symbol,name,ticktime,price,volume,prev_price,kind
sh601126,四方股份,2025-10-15 09:25:01,23.2,1002100,0.0,U
sh601126,四方股份,2025-10-15 09:30:01,23.4,199100,23.2,U
sh601126,四方股份,2025-10-15 09:30:04,23.62,178800,23.4,U
sh601126,四方股份,2025-10-15 09:30:07,23.4,128100,23.62,D
sh601126,四方股份,2025-10-15 09:30:10,23.54,110600,23.4,E
sh601126,四方股份,2025-10-15 09:30:13,23.66,139100,23.54,U
sh601126,四方股份,2025-10-15 09:30:16,23.66,59400,23.66,D
sh601126,四方股份,2025-10-15 09:30:19,23.69,32600,23.66,D
sh601126,四方股份,2025-10-15 09:30:22,23.78,94100,23.69,U
sh601126,四方股份,2025-10-15 09:30:25,23.76,159400,23.78,E
sh601126,四方股份,2025-10-15 09:30:28,23.71,158200,23.76,E
sh601126,四方股份,2025-10-15 09:30:31,23.77,102900,23.71,U
sh601126,四方股份,2025-10-15 09:30:34,23.72,131400,23.77,D
sh601126,四方股份,2025-10-15 09:30:37,23.75,160500,23.72,U
sh601126,四方股份,2025-10-15 09:30:40,23.69,332400,23.75,D
sh601126,四方股份,2025-10-15 09:30:43,23.8,206666,23.69,U
sh601126,四方股份,2025-10-15 09:30:46,23.75,288500,23.8,D
sh601126,四方股份,2025-10-15 09:30:50,23.78,318300,23.75,E
sh601126,四方股份,2025-10-15 09:30:52,23.77,279000,23.78,D
sh601126,四方股份,2025-10-15 09:30:55,23.86,269400,23.77,E
sh601126,四方股份,2025-10-15 09:30:58,23.83,186900,23.86,D
sh601126,四方股份,2025-10-15 09:31:01,23.8,215900,23.83,D
sh601126,四方股份,2025-10-15 09:31:04,23.72,433800,23.8,D
sh601126,四方股份,2025-10-15 09:31:07,23.77,163900,23.72,U
sh601126,四方股份,2025-10-15 09:31:10,23.79,222200,23.77,U
sh601126,四方股份,2025-10-15 09:31:13,23.97,169200,23.79,U
sh601126,四方股份,2025-10-15 09:31:16,23.99,221000,23.97,U
sh601126,四方股份,2025-10-15 09:31:19,24.04,239600,23.99,U
sh601126,四方股份,2025-10-15 09:31:22,24.15,67000,24.04,E
sh601126,四方股份,2025-10-15 09:31:25,24.14,95800,24.15,E
sh601126,四方股份,2025-10-15 09:31:28,24.04,170800,24.14,E
sh601126,四方股份,2025-10-15 09:31:31,24.04,411100,24.04,U
sh601126,四方股份,2025-10-15 09:31:34,24.04,263900,24.04,U
sh601126,四方股份,2025-10-15 09:31:37,24.0,120400,24.04,D
sh601126,四方股份,2025-10-15 09:31:40,24.02,146300,24.0,U
sh601126,四方股份,2025-10-15 09:31:43,23.99,191400,24.02,D
sh601126,四方股份,2025-10-15 09:31:46,23.99,67600,23.99,D
sh601126,四方股份,2025-10-15 09:31:49,23.98,315600,23.99,E
sh601126,四方股份,2025-10-15 09:31:52,23.9,101800,23.98,E
sh601126,四方股份,2025-10-15 09:31:55,23.8,140000,23.9,D
sh601126,四方股份,2025-10-15 09:31:58,23.81,76900,23.8,E
sh601126,四方股份,2025-10-15 09:32:01,23.79,57500,23.81,D
sh601126,四方股份,2025-10-15 09:32:04,23.73,61700,23.79,D
sh601126,四方股份,2025-10-15 09:32:07,23.71,112300,23.73,D
sh601126,四方股份,2025-10-15 09:32:10,23.64,74300,23.71,D
sh601126,四方股份,2025-10-15 09:32:13,23.62,61300,23.64,D
sh601126,四方股份,2025-10-15 09:32:16,23.57,84100,23.62,D
sh601126,四方股份,2025-10-15 09:32:19,23.52,49600,23.57,D
sh601126,四方股份,2025-10-15 09:32:22,23.44,65800,23.52,D
sh601126,四方股份,2025-10-15 09:32:25,23.45,114500,23.44,E
sh601126,四方股份,2025-10-15 09:32:28,23.51,73800,23.45,U
sh601126,四方股份,2025-10-15 09:32:31,23.62,113800,23.51,U
sh601126,四方股份,2025-10-15 09:32:34,23.51,133000,23.62,D
sh601126,四方股份,2025-10-15 09:32:37,23.63,76500,23.51,U
sh601126,四方股份,2025-10-15 09:32:40,23.63,118200,23.63,D
sh601126,四方股份,2025-10-15 09:32:43,23.63,24500,23.63,D
sh601126,四方股份,2025-10-15 09:32:46,23.52,70500,23.63,D
sh601126,四方股份,2025-10-15 09:32:49,23.47,114200,23.52,D
sh601126,四方股份,2025-10-15 09:32:52,23.53,44000,23.47,U
sh601126,四方股份,2025-10-15 09:32:55,23.46,76800,23.53,D
sh601126,四方股份,2025-10-15 09:32:58,23.52,61000,23.46,U
sh601126,四方股份,2025-10-15 09:33:01,23.48,35500,23.52,D
sh601126,四方股份,2025-10-15 09:33:04,23.48,44300,23.48,D
sh601126,四方股份,2025-10-15 09:33:07,23.47,94700,23.48,E
sh601126,四方股份,2025-10-15 09:33:10,23.45,45400,23.47,D
sh601126,四方股份,2025-10-15 09:33:13,23.45,37600,23.45,D
sh601126,四方股份,2025-10-15 09:33:16,23.44,11400,23.45,D
sh601126,四方股份,2025-10-15 09:33:19,23.47,94300,23.44,U
sh601126,四方股份,2025-10-15 09:33:22,23.55,191298,23.47,U
sh601126,四方股份,2025-10-15 09:33:25,23.63,136800,23.55,U
sh601126,四方股份,2025-10-15 09:33:28,23.57,113200,23.63,D
sh601126,四方股份,2025-10-15 09:33:31,23.69,264300,23.57,U
sh601126,四方股份,2025-10-15 09:33:34,23.77,322900,23.69,U
sh601126,四方股份,2025-10-15 09:33:37,23.83,243500,23.77,U
sh601126,四方股份,2025-10-15 09:33:40,23.83,90900,23.83,D
sh601126,四方股份,2025-10-15 09:33:43,23.83,70100,23.83,U
sh601126,四方股份,2025-10-15 09:33:46,23.83,47900,23.83,D
sh601126,四方股份,2025-10-15 09:33:49,23.79,62100,23.83,D
sh601126,四方股份,2025-10-15 09:33:52,23.7,119600,23.79,D
sh601126,四方股份,2025-10-15 09:33:55,23.69,330200,23.7,D
sh601126,四方股份,2025-10-15 09:33:58,23.83,83454,23.69,U
sh601126,四方股份,2025-10-15 09:34:01,23.83,78300,23.83,D
sh601126,四方股份,2025-10-15 09:34:04,23.84,148546,23.83,U
sh601126,四方股份,2025-10-15 09:34:07,23.95,334600,23.84,U
sh601126,四方股份,2025-10-15 09:34:10,23.98,141800,23.95,U
sh601126,四方股份,2025-10-15 09:34:13,23.96,139000,23.98,E
sh601126,四方股份,2025-10-15 09:34:16,23.91,41600,23.96,D
sh601126,四方股份,2025-10-15 09:34:19,23.87,66200,23.91,E
sh601126,四方股份,2025-10-15 09:34:22,23.85,89500,23.87,D
sh601126,四方股份,2025-10-15 09:34:25,23.85,89800,23.85,U
sh601126,四方股份,2025-10-15 09:34:28,23.8,161200,23.85,D
sh601126,四方股份,2025-10-15 09:34:31,23.85,129200,23.8,E
sh601126,四方股份,2025-10-15 09:34:34,23.85,59000,23.85,U
sh601126,四方股份,2025-10-15 09:34:37,23.84,78300,23.85,E
sh601126,四方股份,2025-10-15 09:34:41,23.84,112800,23.84,D
sh601126,四方股份,2025-10-15 09:34:43,23.83,56500,23.84,D
sh601126,四方股份,2025-10-15 09:34:46,23.82,29300,23.83,D
sh601126,四方股份,2025-10-15 09:34:49,23.8,87700,23.82,D
sh601126,四方股份,2025-10-15 09:34:52,23.88,288300,23.8,U
sh601126,四方股份,2025-10-15 09:34:55,23.88,127600,23.88,D
sh601126,四方股份,2025-10-15 09:34:58,23.91,36100,23.88,E
sh601126,四方股份,2025-10-15 09:35:01,23.95,103800,23.91,U
sh601126,四方股份,2025-10-15 09:35:04,23.93,117200,23.95,E
sh601126,四方股份,2025-10-15 09:35:07,24.05,447200,23.93,U
sh601126,四方股份,2025-10-15 09:35:10,24.06,111200,24.05,E
sh601126,四方股份,2025-10-15 09:35:13,24.07,27500,24.06,U
sh601126,四方股份,2025-10-15 09:35:16,24.08,164700,24.07,E
sh601126,四方股份,2025-10-15 09:35:19,24.1,129100,24.08,E
sh601126,四方股份,2025-10-15 09:35:22,24.1,64900,24.1,D
sh601126,四方股份,2025-10-15 09:35:25,24.08,174000,24.1,D
sh601126,四方股份,2025-10-15 09:35:28,24.14,114000,24.08,U
sh601126,四方股份,2025-10-15 09:35:31,24.15,278000,24.14,U
sh601126,四方股份,2025-10-15 09:35:34,24.12,139100,24.15,D
sh601126,四方股份,2025-10-15 09:35:37,24.08,208600,24.12,D
sh601126,四方股份,2025-10-15 09:35:40,24.11,114800,24.08,U
sh601126,四方股份,2025-10-15 09:35:43,24.19,248000,24.11,U
sh601126,四方股份,2025-10-15 09:35:46,24.19,166600,24.19,D
sh601126,四方股份,2025-10-15 09:35:49,24.25,71500,24.19,U
sh601126,四方股份,2025-10-15 09:35:52,24.25,75900,24.25,D
sh601126,四方股份,2025-10-15 09:35:55,24.24,71900,24.25,E
sh601126,四方股份,2025-10-15 09:35:58,24.2,112400,24.24,D
sh601126,四方股份,2025-10-15 09:36:01,24.22,58300,24.2,U
sh601126,四方股份,2025-10-15 09:36:04,24.18,50500,24.22,D
sh601126,四方股份,2025-10-15 09:36:07,24.07,47000,24.18,D
sh601126,四方股份,2025-10-15 09:36:10,24.14,52600,24.07,U
sh601126,四方股份,2025-10-15 09:36:13,24.1,48400,24.14,D
sh601126,四方股份,2025-10-15 09:36:16,24.06,38800,24.1,D
sh601126,四方股份,2025-10-15 09:36:19,24.04,82300,24.06,D
sh601126,四方股份,2025-10-15 09:36:22,24.1,515600,24.04,U
sh601126,四方股份,2025-10-15 09:36:25,24.14,182000,24.1,U
sh601126,四方股份,2025-10-15 09:36:28,24.17,128400,24.14,U
sh601126,四方股份,2025-10-15 09:36:31,24.16,108600,24.17,E
sh601126,四方股份,2025-10-15 09:36:34,24.18,141200,24.16,U
sh601126,四方股份,2025-10-15 09:36:37,24.28,235300,24.18,U
sh601126,四方股份,2025-10-15 09:36:40,24.29,138500,24.28,E
sh601126,四方股份,2025-10-15 09:36:43,24.28,103800,24.29,D
sh601126,四方股份,2025-10-15 09:36:46,24.33,235200,24.28,U
sh601126,四方股份,2025-10-15 09:36:49,24.37,66400,24.33,U
sh601126,四方股份,2025-10-15 09:36:52,24.42,155600,24.37,U
sh601126,四方股份,2025-10-15 09:36:55,24.44,106500,24.42,U
sh601126,四方股份,2025-10-15 09:36:58,24.45,218700,24.44,U
sh601126,四方股份,2025-10-15 09:37:01,24.49,110200,24.45,U
sh601126,四方股份,2025-10-15 09:37:04,24.57,425700,24.49,U
sh601126,四方股份,2025-10-15 09:37:07,24.49,221500,24.57,D
sh601126,四方股份,2025-10-15 09:37:10,24.56,53300,24.49,D
sh601126,四方股份,2025-10-15 09:37:13,24.5,159600,24.56,D
sh601126,四方股份,2025-10-15 09:37:16,24.42,142000,24.5,D
sh601126,四方股份,2025-10-15 09:37:19,24.37,34400,24.42,D
sh601126,四方股份,2025-10-15 09:37:22,24.39,30400,24.37,E
sh601126,四方股份,2025-10-15 09:37:25,24.3,112000,24.39,D
sh601126,四方股份,2025-10-15 09:37:28,24.3,92000,24.3,U
sh601126,四方股份,2025-10-15 09:37:31,24.25,35000,24.3,D
sh601126,四方股份,2025-10-15 09:37:34,24.2,41100,24.25,D
sh601126,四方股份,2025-10-15 09:37:37,24.19,72800,24.2,D
sh601126,四方股份,2025-10-15 09:37:40,24.2,66900,24.19,E
sh601126,四方股份,2025-10-15 09:37:43,24.19,45600,24.2,D
sh601126,四方股份,2025-10-15 09:37:46,24.17,31600,24.19,D
sh601126,四方股份,2025-10-15 09:37:49,24.15,20700,24.17,D
sh601126,四方股份,2025-10-15 09:37:52,24.15,19500,24.15,D
sh601126,四方股份,2025-10-15 09:37:55,24.15,19200,24.15,U
sh601126,四方股份,2025-10-15 09:37:58,24.11,58500,24.15,D
sh601126,四方股份,2025-10-15 09:38:01,24.11,38100,24.11,U
sh601126,四方股份,2025-10-15 09:38:04,24.04,24900,24.11,D
sh601126,四方股份,2025-10-15 09:38:07,24.02,10800,24.04,D
sh601126,四方股份,2025-10-15 09:38:10,23.97,27000,24.02,D
sh601126,四方股份,2025-10-15 09:38:13,23.91,22300,23.97,D
sh601126,四方股份,2025-10-15 09:38:19,23.91,155200,23.9,U
sh601126,四方股份,2025-10-15 09:38:22,23.91,35424,23.91,D
sh601126,四方股份,2025-10-15 09:38:25,23.91,32300,23.91,U
sh601126,四方股份,2025-10-15 09:38:28,23.92,81600,23.91,U
sh601126,四方股份,2025-10-15 09:38:31,23.87,43600,23.92,D
sh601126,四方股份,2025-10-15 09:38:34,23.9,16400,23.87,E
sh601126,四方股份,2025-10-15 09:38:37,23.97,70900,23.9,U
sh601126,四方股份,2025-10-15 09:38:40,23.91,81300,23.97,D
sh601126,四方股份,2025-10-15 09:38:43,23.91,24600,23.91,D
sh601126,四方股份,2025-10-15 09:38:46,23.94,46000,23.91,U
sh601126,四方股份,2025-10-15 09:38:49,23.9,39700,23.94,D
sh601126,四方股份,2025-10-15 09:38:52,23.93,53100,23.9,U
sh601126,四方股份,2025-10-15 09:38:55,23.88,27700,23.93,D
sh601126,四方股份,2025-10-15 09:38:58,23.93,57500,23.88,U
sh601126,四方股份,2025-10-15 09:39:04,23.91,35500,23.93,D
sh601126,四方股份,2025-10-15 09:39:07,23.91,53600,23.91,D
sh601126,四方股份,2025-10-15 09:39:10,23.89,25000,23.91,D
sh601126,四方股份,2025-10-15 09:39:13,23.87,51700,23.89,D
sh601126,四方股份,2025-10-15 09:39:16,23.86,59800,23.87,D
sh601126,四方股份,2025-10-15 09:39:19,23.85,34676,23.86,D
sh601126,四方股份,2025-10-15 09:39:22,23.85,27600,23.85,U
sh601126,四方股份,2025-10-15 09:39:25,23.81,27200,23.85,D
sh601126,四方股份,2025-10-15 09:39:28,23.8,35800,23.81,D
sh601126,四方股份,2025-10-15 09:39:31,23.78,16200,23.8,D
sh601126,四方股份,2025-10-15 09:39:34,23.77,39800,23.78,D
sh601126,四方股份,2025-10-15 09:39:37,23.75,38800,23.77,D
sh601126,四方股份,2025-10-15 09:39:40,23.74,41724,23.75,D
sh601126,四方股份,2025-10-15 09:39:43,23.75,31000,23.74,U
sh601126,四方股份,2025-10-15 09:39:46,23.76,91400,23.75,U
sh601126,四方股份,2025-10-15 09:39:49,23.75,133700,23.76,D
sh601126,四方股份,2025-10-15 09:39:52,23.8,70200,23.75,U
sh601126,四方股份,2025-10-15 09:39:55,23.76,19600,23.8,D
sh601126,四方股份,2025-10-15 09:39:58,23.79,70200,23.76,U
sh601126,四方股份,2025-10-15 09:40:01,23.75,45200,23.79,D
sh601126,四方股份,2025-10-15 09:40:04,23.75,12100,23.75,U
sh601126,四方股份,2025-10-15 09:40:07,23.7,27500,23.75,D
sh601126,四方股份,2025-10-15 09:40:10,23.69,35400,23.7,D
sh601126,四方股份,2025-10-15 09:40:13,23.7,41100,23.69,U
sh601126,四方股份,2025-10-15 09:40:16,23.79,312500,23.7,U
sh601126,四方股份,2025-10-15 09:40:19,23.79,61500,23.79,U
sh601126,四方股份,2025-10-15 09:40:22,23.78,36500,23.79,E
sh601126,四方股份,2025-10-15 09:40:25,23.71,60900,23.78,D
sh601126,四方股份,2025-10-15 09:40:28,23.7,123200,23.71,D
sh601126,四方股份,2025-10-15 09:40:31,23.71,10500,23.7,U
sh601126,四方股份,2025-10-15 09:40:34,23.67,35700,23.71,D
sh601126,四方股份,2025-10-15 09:40:37,23.68,23100,23.67,D
sh601126,四方股份,2025-10-15 09:40:40,23.65,13200,23.68,D
sh601126,四方股份,2025-10-15 09:40:43,23.7,20100,23.65,U
sh601126,四方股份,2025-10-15 09:40:46,23.7,40300,23.7,U
sh601126,四方股份,2025-10-15 09:40:49,23.66,16400,23.7,D
sh601126,四方股份,2025-10-15 09:40:52,23.66,24400,23.66,U
sh601126,四方股份,2025-10-15 09:40:55,23.67,148200,23.66,E
sh601126,四方股份,2025-10-15 09:40:58,23.73,109500,23.67,U
sh601126,四方股份,2025-10-15 09:41:01,23.69,143600,23.73,D
sh601126,四方股份,2025-10-15 09:41:04,23.62,48900,23.69,D
sh601126,四方股份,2025-10-15 09:41:07,23.62,33200,23.62,D
sh601126,四方股份,2025-10-15 09:41:10,23.72,115500,23.62,U
sh601126,四方股份,2025-10-15 09:41:13,23.63,43800,23.72,D
sh601126,四方股份,2025-10-15 09:41:16,23.71,51600,23.63,U
sh601126,四方股份,2025-10-15 09:41:20,23.72,33900,23.71,U
sh601126,四方股份,2025-10-15 09:41:25,23.71,36400,23.68,U
sh601126,四方股份,2025-10-15 09:41:28,23.69,10600,23.71,D
sh601126,四方股份,2025-10-15 09:41:31,23.68,19100,23.69,D
sh601126,四方股份,2025-10-15 09:41:34,23.72,101400,23.68,U
sh601126,四方股份,2025-10-15 09:41:37,23.72,39500,23.72,U
sh601126,四方股份,2025-10-15 09:41:40,23.8,63200,23.72,U
sh601126,四方股份,2025-10-15 09:41:43,23.87,46300,23.8,U
sh601126,四方股份,2025-10-15 09:41:46,23.88,49300,23.87,U
sh601126,四方股份,2025-10-15 09:41:49,23.9,66300,23.88,U
sh601126,四方股份,2025-10-15 09:41:52,24.0,51800,23.9,U
sh601126,四方股份,2025-10-15 09:41:55,24.02,139000,24.0,U
sh601126,四方股份,2025-10-15 09:41:58,24.08,38200,24.02,U
sh601126,四方股份,2025-10-15 09:42:01,24.08,11000,24.08,U
sh601126,四方股份,2025-10-15 09:42:04,24.09,66100,24.08,E
sh601126,四方股份,2025-10-15 09:42:07,24.08,142000,24.09,D
sh601126,四方股份,2025-10-15 09:42:10,24.08,114200,24.08,U
sh601126,四方股份,2025-10-15 09:42:13,24.07,76800,24.08,E
sh601126,四方股份,2025-10-15 09:42:16,24.08,40300,24.07,E
sh601126,四方股份,2025-10-15 09:42:19,24.09,39600,24.08,U
sh601126,四方股份,2025-10-15 09:42:22,24.1,121000,24.09,U
sh601126,四方股份,2025-10-15 09:42:25,24.06,24600,24.1,D
sh601126,四方股份,2025-10-15 09:42:28,24.04,33800,24.06,D
sh601126,四方股份,2025-10-15 09:42:31,24.0,56900,24.04,D
sh601126,四方股份,2025-10-15 09:42:34,23.98,67300,24.0,D
sh601126,四方股份,2025-10-15 09:42:37,24.03,82600,23.98,U
sh601126,四方股份,2025-10-15 09:42:40,24.05,102500,24.03,U
sh601126,四方股份,2025-10-15 09:42:43,23.98,22000,24.05,D
sh601126,四方股份,2025-10-15 09:42:46,23.99,14700,23.98,D
sh601126,四方股份,2025-10-15 09:42:49,23.98,33700,23.99,D
sh601126,四方股份,2025-10-15 09:42:52,24.01,72668,23.98,U
sh601126,四方股份,2025-10-15 09:42:55,23.99,35600,24.01,D
sh601126,四方股份,2025-10-15 09:42:58,23.97,15432,23.99,D
sh601126,四方股份,2025-10-15 09:43:01,23.97,15700,23.97,D
sh601126,四方股份,2025-10-15 09:43:04,23.95,11800,23.97,D
sh601126,四方股份,2025-10-15 09:43:07,23.94,41700,23.95,D
sh601126,四方股份,2025-10-15 09:43:10,23.95,35400,23.94,U
sh601126,四方股份,2025-10-15 09:43:13,23.98,53200,23.95,U
sh601126,四方股份,2025-10-15 09:43:16,23.97,31000,23.98,D
sh601126,四方股份,2025-10-15 09:43:19,23.94,49100,23.97,D
sh601126,四方股份,2025-10-15 09:43:22,23.95,19300,23.94,D
sh601126,四方股份,2025-10-15 09:43:25,23.92,49900,23.95,D
sh601126,四方股份,2025-10-15 09:43:31,23.9,22900,23.91,D
sh601126,四方股份,2025-10-15 09:43:34,23.88,10200,23.9,D
sh601126,四方股份,2025-10-15 09:43:37,23.89,22300,23.88,U
sh601126,四方股份,2025-10-15 09:43:40,23.93,89600,23.89,U
sh601126,四方股份,2025-10-15 09:43:43,23.93,20900,23.93,U
sh601126,四方股份,2025-10-15 09:43:46,23.97,27200,23.93,U
sh601126,四方股份,2025-10-15 09:43:49,24.0,290200,23.97,U
sh601126,四方股份,2025-10-15 09:43:52,23.97,22300,24.0,E
sh601126,四方股份,2025-10-15 09:43:55,23.94,50100,23.97,D
sh601126,四方股份,2025-10-15 09:43:58,23.96,69500,23.94,E
sh601126,四方股份,2025-10-15 09:44:01,23.97,16400,23.96,U
sh601126,四方股份,2025-10-15 09:44:04,23.97,43200,23.97,D
sh601126,四方股份,2025-10-15 09:44:07,23.97,62600,23.97,D
sh601126,四方股份,2025-10-15 09:44:14,24.01,101768,23.97,U
sh601126,四方股份,2025-10-15 09:44:16,24.08,118700,24.01,U
sh601126,四方股份,2025-10-15 09:44:19,24.07,117300,24.08,D
sh601126,四方股份,2025-10-15 09:44:22,24.08,43000,24.07,E
sh601126,四方股份,2025-10-15 09:44:25,24.08,24600,24.08,D
sh601126,四方股份,2025-10-15 09:44:28,24.07,73600,24.08,D
sh601126,四方股份,2025-10-15 09:44:31,24.1,15500,24.07,E
sh601126,四方股份,2025-10-15 09:44:34,24.13,31700,24.1,E
sh601126,四方股份,2025-10-15 09:44:37,24.11,8600,24.13,D
sh601126,四方股份,2025-10-15 09:44:40,24.11,16700,24.11,D
sh601126,四方股份,2025-10-15 09:44:43,24.15,19400,24.11,U
sh601126,四方股份,2025-10-15 09:44:46,24.11,42600,24.15,D
sh601126,四方股份,2025-10-15 09:44:52,24.1,22300,24.14,D
sh601126,四方股份,2025-10-15 09:44:55,24.08,13400,24.1,D
sh601126,四方股份,2025-10-15 09:44:58,24.1,130100,24.08,U
sh601126,四方股份,2025-10-15 09:45:01,24.21,16700,24.1,U
sh601126,四方股份,2025-10-15 09:45:04,24.25,45700,24.21,U
sh601126,四方股份,2025-10-15 09:45:07,24.25,22000,24.25,U
sh601126,四方股份,2025-10-15 09:45:10,24.21,64500,24.25,D
sh601126,四方股份,2025-10-15 09:45:13,24.1,71000,24.21,D
sh601126,四方股份,2025-10-15 09:45:16,24.04,20000,24.1,D
sh601126,四方股份,2025-10-15 09:45:19,24.09,48500,24.04,U
sh601126,四方股份,2025-10-15 09:45:22,24.1,20700,24.09,U
sh601126,四方股份,2025-10-15 09:45:25,24.09,17000,24.1,U
sh601126,四方股份,2025-10-15 09:45:28,24.18,32400,24.09,U
sh601126,四方股份,2025-10-15 09:45:31,24.3,247200,24.18,U
sh601126,四方股份,2025-10-15 09:45:34,24.28,265900,24.3,U
sh601126,四方股份,2025-10-15 09:45:37,24.3,320100,24.28,U
sh601126,四方股份,2025-10-15 09:45:40,24.36,298200,24.3,U
sh601126,四方股份,2025-10-15 09:45:43,24.37,564800,24.36,U
sh601126,四方股份,2025-10-15 09:45:46,24.43,23300,24.37,U
sh601126,四方股份,2025-10-15 09:45:49,24.43,31900,24.43,E
sh601126,四方股份,2025-10-15 09:45:52,24.39,83700,24.43,D
sh601126,四方股份,2025-10-15 09:45:55,24.42,35400,24.39,E
sh601126,四方股份,2025-10-15 09:45:58,24.39,62300,24.42,E
sh601126,四方股份,2025-10-15 09:46:01,24.35,40300,24.39,D
sh601126,四方股份,2025-10-15 09:46:04,24.3,29100,24.35,E
sh601126,四方股份,2025-10-15 09:46:07,24.33,16800,24.3,E
sh601126,四方股份,2025-10-15 09:46:10,24.3,36800,24.33,D
sh601126,四方股份,2025-10-15 09:46:13,24.32,27000,24.3,U
sh601126,四方股份,2025-10-15 09:46:16,24.3,24100,24.32,D
sh601126,四方股份,2025-10-15 09:46:19,24.28,23400,24.3,D
sh601126,四方股份,2025-10-15 09:46:22,24.32,95900,24.28,U
sh601126,四方股份,2025-10-15 09:46:25,24.27,57200,24.32,D
sh601126,四方股份,2025-10-15 09:46:28,24.39,166000,24.27,U
sh601126,四方股份,2025-10-15 09:46:31,24.29,51600,24.39,D
sh601126,四方股份,2025-10-15 09:46:34,24.32,18000,24.29,U
sh601126,四方股份,2025-10-15 09:46:37,24.3,59000,24.32,D
sh601126,四方股份,2025-10-15 09:46:40,24.3,10400,24.3,D
sh601126,四方股份,2025-10-15 09:46:43,24.35,49100,24.3,U
sh601126,四方股份,2025-10-15 09:46:46,24.29,59800,24.35,D
sh601126,四方股份,2025-10-15 09:46:49,24.27,21000,24.29,D
sh601126,四方股份,2025-10-15 09:46:52,24.27,10900,24.27,U
sh601126,四方股份,2025-10-15 09:46:55,24.27,41600,24.27,U
sh601126,四方股份,2025-10-15 09:46:58,24.27,31300,24.27,U
sh601126,四方股份,2025-10-15 09:47:01,24.27,33800,24.27,D
sh601126,四方股份,2025-10-15 09:47:04,24.34,18200,24.27,U
sh601126,四方股份,2025-10-15 09:47:07,24.32,15700,24.34,E
sh601126,四方股份,2025-10-15 09:47:10,24.23,98700,24.32,D
sh601126,四方股份,2025-10-15 09:47:13,24.35,97100,24.23,U
sh601126,四方股份,2025-10-15 09:47:16,24.37,35000,24.35,E
sh601126,四方股份,2025-10-15 09:47:19,24.37,46400,24.37,D
sh601126,四方股份,2025-10-15 09:47:22,24.34,85700,24.37,D
sh601126,四方股份,2025-10-15 09:47:25,24.28,34600,24.34,D
sh601126,四方股份,2025-10-15 09:47:34,24.32,19500,24.3,U
sh601126,四方股份,2025-10-15 09:47:40,24.26,33100,24.26,D
sh601126,四方股份,2025-10-15 09:47:46,24.23,32300,24.26,D
sh601126,四方股份,2025-10-15 09:47:49,24.23,43100,24.23,U
sh601126,四方股份,2025-10-15 09:47:52,24.23,22600,24.23,U
sh601126,四方股份,2025-10-15 09:47:58,24.26,12100,24.28,U
sh601126,四方股份,2025-10-15 09:48:01,24.25,11900,24.26,D
sh601126,四方股份,2025-10-15 09:48:04,24.21,34200,24.25,D
sh601126,四方股份,2025-10-15 09:48:10,24.18,12300,24.21,D
sh601126,四方股份,2025-10-15 09:48:13,24.12,25200,24.18,D
sh601126,四方股份,2025-10-15 09:48:19,24.1,13100,24.12,D
sh601126,四方股份,2025-10-15 09:48:22,24.08,17500,24.1,D
sh601126,四方股份,2025-10-15 09:48:25,24.01,41200,24.08,D
sh601126,四方股份,2025-10-15 09:48:28,24.07,33800,24.01,E
sh601126,四方股份,2025-10-15 09:48:31,24.06,14300,24.07,U
sh601126,四方股份,2025-10-15 09:48:34,24.0,26700,24.06,D
sh601126,四方股份,2025-10-15 09:48:37,24.01,36100,24.0,U
sh601126,四方股份,2025-10-15 09:48:40,24.01,22700,24.01,U
sh601126,四方股份,2025-10-15 09:48:43,24.0,59800,24.01,D
sh601126,四方股份,2025-10-15 09:48:46,24.0,12800,24.0,D
sh601126,四方股份,2025-10-15 09:48:49,24.01,18500,24.0,U
sh601126,四方股份,2025-10-15 09:48:52,24.04,10400,24.01,U
sh601126,四方股份,2025-10-15 09:49:01,23.98,12500,24.0,D
sh601126,四方股份,2025-10-15 09:49:04,23.96,11500,23.98,D
sh601126,四方股份,2025-10-15 09:49:10,23.94,14600,23.95,E
sh601126,四方股份,2025-10-15 09:49:13,23.95,11300,23.94,U
sh601126,四方股份,2025-10-15 09:49:19,23.97,19000,23.95,U
sh601126,四方股份,2025-10-15 09:49:22,23.94,16600,23.97,D
sh601126,四方股份,2025-10-15 09:49:25,23.94,13200,23.94,U
sh601126,四方股份,2025-10-15 09:49:28,23.97,12300,23.94,U
sh601126,四方股份,2025-10-15 09:49:31,23.97,26800,23.97,D
sh601126,四方股份,2025-10-15 09:49:43,23.98,14300,23.99,D
sh601126,四方股份,2025-10-15 09:49:46,24.03,40300,23.98,U
sh601126,四方股份,2025-10-15 09:49:49,24.05,13000,24.03,U
sh601126,四方股份,2025-10-15 09:49:52,24.03,50600,24.05,E
sh601126,四方股份,2025-10-15 09:49:55,24.1,16400,24.03,U
sh601126,四方股份,2025-10-15 09:49:58,24.03,21200,24.1,D
sh601126,四方股份,2025-10-15 09:50:01,24.04,10600,24.03,E
sh601126,四方股份,2025-10-15 09:50:04,24.08,32700,24.04,U
sh601126,四方股份,2025-10-15 09:50:07,24.05,9400,24.08,D
sh601126,四方股份,2025-10-15 09:50:10,24.08,27500,24.05,U
sh601126,四方股份,2025-10-15 09:50:14,24.09,114100,24.08,U
sh601126,四方股份,2025-10-15 09:50:16,24.15,89800,24.09,U
sh601126,四方股份,2025-10-15 09:50:19,24.12,13300,24.15,D
sh601126,四方股份,2025-10-15 09:50:22,24.13,18600,24.12,U
sh601126,四方股份,2025-10-15 09:50:28,24.07,9500,24.13,D
sh601126,四方股份,2025-10-15 09:50:31,24.11,15500,24.07,U
sh601126,四方股份,2025-10-15 09:50:34,24.07,33800,24.11,D
sh601126,四方股份,2025-10-15 09:50:37,24.04,9300,24.07,D
sh601126,四方股份,2025-10-15 09:50:43,24.02,28600,24.04,D
sh601126,四方股份,2025-10-15 09:50:46,24.02,15800,24.02,D
sh601126,四方股份,2025-10-15 09:50:49,24.07,25000,24.02,U
sh601126,四方股份,2025-10-15 09:50:52,24.1,51700,24.07,U
sh601126,四方股份,2025-10-15 09:50:55,24.1,59300,24.1,U
sh601126,四方股份,2025-10-15 09:50:58,24.06,49000,24.1,U
sh601126,四方股份,2025-10-15 09:51:01,24.04,25200,24.06,D
sh601126,四方股份,2025-10-15 09:51:04,24.03,16500,24.04,D
sh601126,四方股份,2025-10-15 09:51:07,24.04,12600,24.03,U
sh601126,四方股份,2025-10-15 09:51:10,24.02,57700,24.04,D
sh601126,四方股份,2025-10-15 09:51:13,24.03,47800,24.02,U
sh601126,四方股份,2025-10-15 09:51:16,24.0,29400,24.03,D
sh601126,四方股份,2025-10-15 09:51:19,24.0,11000,24.0,U
sh601126,四方股份,2025-10-15 09:51:37,24.02,31800,23.97,U
sh601126,四方股份,2025-10-15 09:51:40,23.97,64400,24.02,D
sh601126,四方股份,2025-10-15 09:51:52,23.98,26600,23.98,D
sh601126,四方股份,2025-10-15 09:52:04,23.94,10400,23.94,D
sh601126,四方股份,2025-10-15 09:52:16,23.91,9300,23.9,U
sh601126,四方股份,2025-10-15 09:52:19,23.91,8400,23.91,D
sh601126,四方股份,2025-10-15 09:52:22,23.91,22900,23.91,D
sh601126,四方股份,2025-10-15 09:52:25,23.89,24300,23.91,D
sh601126,四方股份,2025-10-15 09:52:28,23.94,54200,23.89,U
sh601126,四方股份,2025-10-15 09:52:34,23.89,9000,23.93,D
sh601126,四方股份,2025-10-15 09:52:37,23.92,12300,23.89,U
sh601126,四方股份,2025-10-15 09:52:40,23.89,10600,23.92,D
sh601126,四方股份,2025-10-15 09:52:46,23.9,8400,23.88,U
sh601126,四方股份,2025-10-15 09:52:55,23.8,28200,23.85,D
sh601126,四方股份,2025-10-15 09:53:01,23.82,10600,23.85,D
sh601126,四方股份,2025-10-15 09:53:04,23.82,22300,23.82,D
sh601126,四方股份,2025-10-15 09:53:07,23.82,19200,23.82,D
sh601126,四方股份,2025-10-15 09:53:10,23.84,18400,23.82,U
sh601126,四方股份,2025-10-15 09:53:13,23.88,23700,23.84,U
sh601126,四方股份,2025-10-15 09:53:31,23.87,11300,23.86,D
sh601126,四方股份,2025-10-15 09:53:40,23.86,15000,23.88,D
sh601126,四方股份,2025-10-15 09:53:43,23.87,15800,23.86,U
sh601126,四方股份,2025-10-15 09:53:55,23.85,12100,23.86,D
sh601126,四方股份,2025-10-15 09:53:58,23.84,36800,23.85,D
sh601126,四方股份,2025-10-15 09:54:01,23.82,12200,23.84,D
sh601126,四方股份,2025-10-15 09:54:04,23.82,67300,23.82,D
sh601126,四方股份,2025-10-15 09:54:10,23.82,15600,23.79,U
sh601126,四方股份,2025-10-15 09:54:13,23.86,60300,23.82,U
sh601126,四方股份,2025-10-15 09:54:16,23.92,77300,23.86,U
sh601126,四方股份,2025-10-15 09:54:25,23.91,9900,23.9,U
sh601126,四方股份,2025-10-15 09:54:37,23.9,11200,23.86,U
sh601126,四方股份,2025-10-15 09:54:43,23.87,10200,23.9,D
sh601126,四方股份,2025-10-15 09:55:01,23.85,55800,23.9,D
sh601126,四方股份,2025-10-15 09:55:04,23.88,10800,23.85,U
sh601126,四方股份,2025-10-15 09:55:46,23.87,10800,23.84,U
sh601126,四方股份,2025-10-15 09:55:52,23.86,24700,23.86,D
sh601126,四方股份,2025-10-15 09:56:04,23.89,12200,23.88,U
sh601126,四方股份,2025-10-15 09:56:19,23.87,23200,23.88,D
sh601126,四方股份,2025-10-15 09:56:25,23.84,13600,23.86,D
sh601126,四方股份,2025-10-15 09:56:28,23.86,15600,23.84,U
sh601126,四方股份,2025-10-15 09:56:31,23.86,17500,23.86,D
sh601126,四方股份,2025-10-15 09:56:40,23.82,16740,23.84,D
sh601126,四方股份,2025-10-15 09:56:46,23.8,9400,23.8,D
sh601126,四方股份,2025-10-15 09:56:52,23.79,10700,23.79,U
sh601126,四方股份,2025-10-15 09:57:04,23.76,12400,23.77,D
sh601126,四方股份,2025-10-15 09:57:13,23.8,133300,23.76,U
sh601126,四方股份,2025-10-15 09:57:16,23.88,97960,23.8,U
sh601126,四方股份,2025-10-15 09:57:19,23.87,118800,23.88,D
sh601126,四方股份,2025-10-15 09:57:22,23.87,104700,23.87,D
sh601126,四方股份,2025-10-15 09:57:37,23.86,13000,23.85,E
sh601126,四方股份,2025-10-15 09:57:40,23.85,24400,23.86,D
sh601126,四方股份,2025-10-15 09:57:52,23.84,19100,23.84,E
sh601126,四方股份,2025-10-15 09:58:19,23.8,9300,23.81,D
sh601126,四方股份,2025-10-15 09:58:31,23.8,12100,23.82,D
sh601126,四方股份,2025-10-15 09:58:58,23.79,16500,23.79,U
sh601126,四方股份,2025-10-15 09:59:04,23.82,9100,23.8,U
sh601126,四方股份,2025-10-15 09:59:07,23.86,88200,23.82,U
sh601126,四方股份,2025-10-15 09:59:16,23.85,39300,23.87,D
sh601126,四方股份,2025-10-15 09:59:19,23.84,36700,23.85,U
sh601126,四方股份,2025-10-15 09:59:28,23.85,8500,23.86,D
sh601126,四方股份,2025-10-15 09:59:34,23.86,31300,23.85,U
sh601126,四方股份,2025-10-15 09:59:37,23.9,82300,23.86,U
sh601126,四方股份,2025-10-15 09:59:40,23.92,44200,23.9,U
sh601126,四方股份,2025-10-15 09:59:43,23.88,15000,23.92,D
sh601126,四方股份,2025-10-15 09:59:52,23.93,9500,23.9,U
sh601126,四方股份,2025-10-15 09:59:55,23.9,28300,23.93,D
sh601126,四方股份,2025-10-15 10:00:07,23.92,14600,23.91,U
sh601126,四方股份,2025-10-15 10:00:10,23.86,15600,23.92,D
sh601126,四方股份,2025-10-15 10:00:13,23.83,25400,23.86,D
sh601126,四方股份,2025-10-15 10:00:19,23.8,18900,23.83,D
sh601126,四方股份,2025-10-15 10:00:22,23.8,13900,23.8,D
sh601126,四方股份,2025-10-15 10:00:25,23.74,54800,23.8,D
sh601126,四方股份,2025-10-15 10:00:28,23.75,58700,23.74,U
sh601126,四方股份,2025-10-15 10:00:31,23.77,31700,23.75,U
sh601126,四方股份,2025-10-15 10:00:37,23.72,39100,23.78,D
sh601126,四方股份,2025-10-15 10:00:40,23.7,30000,23.72,D
sh601126,四方股份,2025-10-15 10:00:43,23.73,22700,23.7,U
sh601126,四方股份,2025-10-15 10:00:46,23.72,26700,23.73,E
sh601126,四方股份,2025-10-15 10:00:49,23.7,54000,23.72,D
sh601126,四方股份,2025-10-15 10:00:52,23.7,13600,23.7,D
sh601126,四方股份,2025-10-15 10:00:55,23.73,11000,23.7,U
sh601126,四方股份,2025-10-15 10:01:01,23.72,15100,23.71,E
sh601126,四方股份,2025-10-15 10:01:07,23.73,11500,23.73,U
sh601126,四方股份,2025-10-15 10:01:10,23.76,90100,23.73,U
sh601126,四方股份,2025-10-15 10:01:16,23.77,10400,23.75,U
sh601126,四方股份,2025-10-15 10:01:19,23.82,143100,23.77,U
sh601126,四方股份,2025-10-15 10:01:23,23.79,88100,23.82,D
sh601126,四方股份,2025-10-15 10:01:28,23.8,21300,23.77,U
sh601126,四方股份,2025-10-15 10:01:37,23.8,28100,23.8,D
sh601126,四方股份,2025-10-15 10:01:43,23.8,11100,23.8,D
sh601126,四方股份,2025-10-15 10:01:46,23.82,10100,23.8,U
sh601126,四方股份,2025-10-15 10:01:49,23.82,22300,23.82,U
sh601126,四方股份,2025-10-15 10:01:52,23.85,35600,23.82,U
sh601126,四方股份,2025-10-15 10:01:55,23.83,9400,23.85,D
sh601126,四方股份,2025-10-15 10:01:58,23.83,13300,23.83,D
sh601126,四方股份,2025-10-15 10:02:10,23.88,110900,23.84,U
sh601126,四方股份,2025-10-15 10:02:13,23.9,37300,23.88,U
sh601126,四方股份,2025-10-15 10:02:16,23.88,10500,23.9,D
sh601126,四方股份,2025-10-15 10:02:22,23.88,14400,23.89,D
sh601126,四方股份,2025-10-15 10:02:25,23.86,15900,23.88,D
sh601126,四方股份,2025-10-15 10:02:28,23.86,20400,23.86,D
sh601126,四方股份,2025-10-15 10:02:40,23.87,13600,23.88,D
sh601126,四方股份,2025-10-15 10:02:43,23.88,22400,23.87,U
sh601126,四方股份,2025-10-15 10:02:46,23.95,187200,23.88,U
sh601126,四方股份,2025-10-15 10:02:49,23.99,16800,23.95,U
sh601126,四方股份,2025-10-15 10:03:01,23.93,12800,23.95,D
sh601126,四方股份,2025-10-15 10:03:07,24.0,84800,23.95,U
sh601126,四方股份,2025-10-15 10:03:10,24.05,20200,24.0,U
sh601126,四方股份,2025-10-15 10:03:13,24.06,21900,24.05,U
sh601126,四方股份,2025-10-15 10:03:22,24.08,28700,24.08,D
sh601126,四方股份,2025-10-15 10:03:25,24.07,56100,24.08,D
sh601126,四方股份,2025-10-15 10:03:28,24.01,56600,24.07,D
sh601126,四方股份,2025-10-15 10:03:31,24.07,22300,24.01,U
sh601126,四方股份,2025-10-15 10:03:34,24.06,13500,24.07,E
sh601126,四方股份,2025-10-15 10:03:37,24.03,72300,24.06,E
sh601126,四方股份,2025-10-15 10:03:43,24.07,10400,24.06,E
sh601126,四方股份,2025-10-15 10:03:46,24.08,51900,24.07,U
sh601126,四方股份,2025-10-15 10:04:04,24.07,22300,24.07,D
sh601126,四方股份,2025-10-15 10:04:07,24.09,12600,24.07,U
sh601126,四方股份,2025-10-15 10:04:10,24.09,24800,24.09,U
sh601126,四方股份,2025-10-15 10:04:13,24.09,29200,24.09,E
sh601126,四方股份,2025-10-15 10:04:16,24.08,13800,24.09,E
sh601126,四方股份,2025-10-15 10:04:25,24.09,75400,24.07,U
sh601126,四方股份,2025-10-15 10:04:28,24.09,8900,24.09,U
sh601126,四方股份,2025-10-15 10:04:31,24.08,23600,24.09,D
sh601126,四方股份,2025-10-15 10:04:34,24.1,25900,24.08,U
sh601126,四方股份,2025-10-15 10:04:37,24.1,9600,24.1,D
sh601126,四方股份,2025-10-15 10:04:43,24.07,28000,24.13,D
sh601126,四方股份,2025-10-15 10:04:46,24.11,14200,24.07,U
sh601126,四方股份,2025-10-15 10:04:52,24.12,10100,24.1,U
sh601126,四方股份,2025-10-15 10:04:58,24.12,21100,24.12,U
sh601126,四方股份,2025-10-15 10:05:01,24.11,17100,24.12,D
sh601126,四方股份,2025-10-15 10:05:04,24.09,37200,24.11,D
sh601126,四方股份,2025-10-15 10:05:07,24.12,33300,24.09,U
sh601126,四方股份,2025-10-15 10:05:10,24.15,16600,24.12,U
sh601126,四方股份,2025-10-15 10:05:13,24.18,30300,24.15,U
sh601126,四方股份,2025-10-15 10:05:16,24.2,32900,24.18,U
sh601126,四方股份,2025-10-15 10:05:19,24.21,16100,24.2,U
sh601126,四方股份,2025-10-15 10:05:22,24.23,18800,24.21,U
sh601126,四方股份,2025-10-15 10:05:25,24.25,17700,24.23,U
sh601126,四方股份,2025-10-15 10:05:31,24.23,15100,24.25,D
sh601126,四方股份,2025-10-15 10:05:34,24.2,23700,24.23,D
sh601126,四方股份,2025-10-15 10:05:38,24.2,10500,24.2,D
sh601126,四方股份,2025-10-15 10:05:43,24.19,8800,24.19,D
sh601126,四方股份,2025-10-15 10:05:46,24.2,50700,24.19,U
sh601126,四方股份,2025-10-15 10:05:55,24.23,36900,24.18,U
sh601126,四方股份,2025-10-15 10:05:58,24.3,270800,24.23,U
sh601126,四方股份,2025-10-15 10:06:01,24.35,77200,24.3,U
sh601126,四方股份,2025-10-15 10:06:05,24.36,47800,24.35,U
sh601126,四方股份,2025-10-15 10:06:07,24.33,38400,24.36,D
sh601126,四方股份,2025-10-15 10:06:10,24.28,72700,24.33,D
sh601126,四方股份,2025-10-15 10:06:13,24.3,53600,24.28,U
sh601126,四方股份,2025-10-15 10:06:16,24.3,70000,24.3,U
sh601126,四方股份,2025-10-15 10:06:19,24.3,20300,24.3,D
sh601126,四方股份,2025-10-15 10:06:22,24.29,14700,24.3,D
sh601126,四方股份,2025-10-15 10:06:25,24.3,40200,24.29,U
sh601126,四方股份,2025-10-15 10:06:28,24.39,191700,24.3,U
sh601126,四方股份,2025-10-15 10:06:31,24.41,55200,24.39,U
sh601126,四方股份,2025-10-15 10:06:34,24.37,47500,24.41,D
sh601126,四方股份,2025-10-15 10:06:37,24.38,23300,24.37,E
sh601126,四方股份,2025-10-15 10:06:40,24.39,50300,24.38,U
sh601126,四方股份,2025-10-15 10:06:43,24.37,22600,24.39,D
sh601126,四方股份,2025-10-15 10:06:46,24.34,70400,24.37,D
sh601126,四方股份,2025-10-15 10:06:49,24.34,9300,24.34,U
sh601126,四方股份,2025-10-15 10:06:52,24.34,11300,24.34,U
sh601126,四方股份,2025-10-15 10:07:01,24.26,11200,24.29,D
sh601126,四方股份,2025-10-15 10:07:13,24.22,24600,24.25,D
sh601126,四方股份,2025-10-15 10:07:40,24.11,14200,24.11,D
sh601126,四方股份,2025-10-15 10:07:43,24.09,12500,24.11,D
sh601126,四方股份,2025-10-15 10:07:46,24.11,16100,24.09,U
sh601126,四方股份,2025-10-15 10:07:49,24.1,17400,24.11,U
sh601126,四方股份,2025-10-15 10:07:52,24.09,22300,24.1,D
sh601126,四方股份,2025-10-15 10:07:55,24.16,106300,24.09,U
sh601126,四方股份,2025-10-15 10:07:58,24.22,13600,24.16,U
sh601126,四方股份,2025-10-15 10:08:04,24.2,47300,24.21,D
sh601126,四方股份,2025-10-15 10:08:13,24.16,26200,24.16,U
sh601126,四方股份,2025-10-15 10:08:16,24.22,229200,24.16,U
sh601126,四方股份,2025-10-15 10:08:19,24.3,30900,24.22,U
sh601126,四方股份,2025-10-15 10:08:22,24.31,10600,24.3,D
sh601126,四方股份,2025-10-15 10:08:28,24.32,25700,24.31,U
sh601126,四方股份,2025-10-15 10:08:31,24.31,11900,24.32,D
sh601126,四方股份,2025-10-15 10:08:34,24.27,22400,24.31,D
sh601126,四方股份,2025-10-15 10:08:37,24.36,186800,24.27,U
sh601126,四方股份,2025-10-15 10:08:40,24.26,35100,24.36,D
sh601126,四方股份,2025-10-15 10:08:46,24.33,12600,24.3,U
sh601126,四方股份,2025-10-15 10:08:52,24.3,21500,24.36,D
sh601126,四方股份,2025-10-15 10:08:55,24.36,44000,24.3,U
sh601126,四方股份,2025-10-15 10:09:01,24.35,55300,24.36,E
sh601126,四方股份,2025-10-15 10:09:04,24.34,9500,24.35,E
sh601126,四方股份,2025-10-15 10:09:07,24.35,9400,24.34,U
sh601126,四方股份,2025-10-15 10:09:10,24.32,11300,24.35,E
sh601126,四方股份,2025-10-15 10:09:16,24.32,11300,24.31,U
sh601126,四方股份,2025-10-15 10:09:25,24.27,10900,24.27,U
sh601126,四方股份,2025-10-15 10:09:40,24.27,10700,24.3,D
sh601126,四方股份,2025-10-15 10:09:43,24.27,17700,24.27,U
sh601126,四方股份,2025-10-15 10:09:52,24.32,45100,24.27,U
sh601126,四方股份,2025-10-15 10:09:55,24.34,20300,24.32,U
sh601126,四方股份,2025-10-15 10:09:58,24.39,135100,24.34,U
sh601126,四方股份,2025-10-15 10:10:01,24.41,29900,24.39,U
sh601126,四方股份,2025-10-15 10:10:10,24.45,440100,24.39,U
sh601126,四方股份,2025-10-15 10:10:13,24.54,337800,24.45,U
sh601126,四方股份,2025-10-15 10:10:16,24.58,74200,24.54,U
sh601126,四方股份,2025-10-15 10:10:19,24.5,25300,24.58,E
sh601126,四方股份,2025-10-15 10:10:22,24.5,11500,24.5,E
sh601126,四方股份,2025-10-15 10:10:25,24.5,23700,24.5,U
sh601126,四方股份,2025-10-15 10:10:28,24.5,13800,24.5,U
sh601126,四方股份,2025-10-15 10:10:31,24.48,12000,24.5,D
sh601126,四方股份,2025-10-15 10:10:34,24.48,15700,24.48,U
sh601126,四方股份,2025-10-15 10:10:37,24.44,9200,24.48,D
sh601126,四方股份,2025-10-15 10:10:40,24.44,36000,24.44,D
sh601126,四方股份,2025-10-15 10:10:43,24.45,19200,24.44,U
sh601126,四方股份,2025-10-15 10:10:46,24.54,145300,24.45,U
sh601126,四方股份,2025-10-15 10:10:49,24.51,47500,24.54,E
sh601126,四方股份,2025-10-15 10:10:53,24.56,75800,24.51,U
sh601126,四方股份,2025-10-15 10:10:56,24.51,14100,24.56,E
sh601126,四方股份,2025-10-15 10:10:58,24.5,26800,24.51,D
sh601126,四方股份,2025-10-15 10:11:04,24.58,104700,24.51,U
sh601126,四方股份,2025-10-15 10:11:07,24.63,574900,24.58,U
sh601126,四方股份,2025-10-15 10:11:10,24.57,131100,24.63,D
sh601126,四方股份,2025-10-15 10:11:13,24.58,47198,24.57,U
sh601126,四方股份,2025-10-15 10:11:16,24.58,25700,24.58,U
sh601126,四方股份,2025-10-15 10:11:19,24.58,26400,24.58,U
sh601126,四方股份,2025-10-15 10:11:22,24.54,17800,24.58,D
sh601126,四方股份,2025-10-15 10:11:25,24.53,24000,24.54,D
sh601126,四方股份,2025-10-15 10:11:28,24.49,214500,24.53,D
sh601126,四方股份,2025-10-15 10:11:37,24.44,9400,24.44,D
sh601126,四方股份,2025-10-15 10:11:40,24.4,14100,24.44,D
sh601126,四方股份,2025-10-15 10:11:49,24.44,44600,24.44,U
sh601126,四方股份,2025-10-15 10:11:52,24.44,18900,24.44,D
sh601126,四方股份,2025-10-15 10:11:58,24.39,21900,24.42,D
sh601126,四方股份,2025-10-15 10:12:01,24.4,14100,24.39,U
sh601126,四方股份,2025-10-15 10:12:07,24.37,18600,24.39,D
sh601126,四方股份,2025-10-15 10:12:13,24.36,23100,24.36,D
sh601126,四方股份,2025-10-15 10:12:22,24.33,48900,24.33,U
sh601126,四方股份,2025-10-15 10:12:25,24.33,8900,24.33,D
sh601126,四方股份,2025-10-15 10:12:28,24.32,17300,24.33,D
sh601126,四方股份,2025-10-15 10:12:37,24.32,33400,24.3,U
sh601126,四方股份,2025-10-15 10:12:40,24.33,53400,24.32,U
sh601126,四方股份,2025-10-15 10:12:43,24.35,9200,24.33,E
sh601126,四方股份,2025-10-15 10:12:46,24.5,161700,24.35,U
sh601126,四方股份,2025-10-15 10:12:49,24.51,31100,24.5,U
sh601126,四方股份,2025-10-15 10:12:55,24.56,49300,24.51,U
sh601126,四方股份,2025-10-15 10:13:01,24.54,17200,24.57,D
sh601126,四方股份,2025-10-15 10:13:04,24.57,15700,24.54,U
sh601126,四方股份,2025-10-15 10:13:07,24.54,26200,24.57,E
sh601126,四方股份,2025-10-15 10:13:13,24.58,21300,24.57,U
sh601126,四方股份,2025-10-15 10:13:16,24.64,132600,24.58,U
sh601126,四方股份,2025-10-15 10:13:19,24.69,70633,24.64,U
sh601126,四方股份,2025-10-15 10:13:22,24.8,450100,24.69,U
sh601126,四方股份,2025-10-15 10:13:25,24.73,2003700,24.8,D
sh601126,四方股份,2025-10-15 10:13:28,24.8,126100,24.73,U
sh601126,四方股份,2025-10-15 10:13:31,24.75,104600,24.8,E
sh601126,四方股份,2025-10-15 10:13:34,24.66,36200,24.75,D
sh601126,四方股份,2025-10-15 10:13:37,24.72,50300,24.66,U
sh601126,四方股份,2025-10-15 10:13:40,24.66,17800,24.72,E
sh601126,四方股份,2025-10-15 10:13:43,24.6,22400,24.66,D
sh601126,四方股份,2025-10-15 10:13:46,24.65,19300,24.6,U
sh601126,四方股份,2025-10-15 10:13:49,24.6,45400,24.65,D
sh601126,四方股份,2025-10-15 10:13:52,24.7,63900,24.6,U
sh601126,四方股份,2025-10-15 10:13:55,24.67,29400,24.7,U
sh601126,四方股份,2025-10-15 10:13:58,24.66,39900,24.67,E
sh601126,四方股份,2025-10-15 10:14:01,24.67,42100,24.66,E
sh601126,四方股份,2025-10-15 10:14:04,24.64,34300,24.67,D
sh601126,四方股份,2025-10-15 10:14:07,24.64,18600,24.64,E
sh601126,四方股份,2025-10-15 10:14:10,24.56,18500,24.64,D
sh601126,四方股份,2025-10-15 10:14:13,24.53,19000,24.56,D
sh601126,四方股份,2025-10-15 10:14:19,24.52,25000,24.51,U
sh601126,四方股份,2025-10-15 10:14:22,24.54,10100,24.52,E
sh601126,四方股份,2025-10-15 10:14:25,24.5,20300,24.54,D
sh601126,四方股份,2025-10-15 10:14:28,24.5,11500,24.5,E
sh601126,四方股份,2025-10-15 10:14:37,24.5,18700,24.5,U
sh601126,四方股份,2025-10-15 10:14:43,24.5,8800,24.5,D
sh601126,四方股份,2025-10-15 10:14:46,24.5,8400,24.5,U
sh601126,四方股份,2025-10-15 10:14:52,24.45,22700,24.5,D
sh601126,四方股份,2025-10-15 10:15:02,24.46,12300,24.44,U
sh601126,四方股份,2025-10-15 10:15:04,24.46,16000,24.46,U
sh601126,四方股份,2025-10-15 10:15:07,24.46,74600,24.46,D
sh601126,四方股份,2025-10-15 10:15:10,24.45,33200,24.46,D
sh601126,四方股份,2025-10-15 10:15:16,24.46,104700,24.42,U
sh601126,四方股份,2025-10-15 10:15:19,24.46,84200,24.46,E
sh601126,四方股份,2025-10-15 10:15:25,24.46,21200,24.46,D
sh601126,四方股份,2025-10-15 10:15:28,24.48,12000,24.46,E
sh601126,四方股份,2025-10-15 10:15:34,24.41,39800,24.44,D
sh601126,四方股份,2025-10-15 10:15:37,24.4,9100,24.41,E
sh601126,四方股份,2025-10-15 10:15:40,24.4,13500,24.4,U
sh601126,四方股份,2025-10-15 10:15:43,24.39,42400,24.4,E
sh601126,四方股份,2025-10-15 10:15:46,24.35,18700,24.39,D
sh601126,四方股份,2025-10-15 10:15:49,24.31,16100,24.35,D
sh601126,四方股份,2025-10-15 10:15:52,24.31,14400,24.31,U
sh601126,四方股份,2025-10-15 10:15:56,24.3,9500,24.31,D
sh601126,四方股份,2025-10-15 10:15:58,24.3,11000,24.3,U
sh601126,四方股份,2025-10-15 10:16:01,24.32,22000,24.3,U
sh601126,四方股份,2025-10-15 10:16:04,24.34,33200,24.32,U
sh601126,四方股份,2025-10-15 10:16:07,24.35,37400,24.34,U
sh601126,四方股份,2025-10-15 10:16:10,24.42,133100,24.35,U
sh601126,四方股份,2025-10-15 10:16:13,24.45,18800,24.42,U
sh601126,四方股份,2025-10-15 10:16:19,24.43,19400,24.43,D
sh601126,四方股份,2025-10-15 10:16:22,24.41,32200,24.43,D
sh601126,四方股份,2025-10-15 10:16:25,24.45,12500,24.41,U
sh601126,四方股份,2025-10-15 10:16:28,24.46,25800,24.45,U
sh601126,四方股份,2025-10-15 10:16:31,24.45,11000,24.46,D
sh601126,四方股份,2025-10-15 10:16:40,24.45,36100,24.46,D
sh601126,四方股份,2025-10-15 10:16:43,24.46,11500,24.45,U
sh601126,四方股份,2025-10-15 10:16:46,24.5,14900,24.46,U
sh601126,四方股份,2025-10-15 10:16:49,24.54,11900,24.5,U
sh601126,四方股份,2025-10-15 10:16:55,24.54,8500,24.55,E
sh601126,四方股份,2025-10-15 10:17:01,24.47,37500,24.51,D
sh601126,四方股份,2025-10-15 10:17:04,24.5,22800,24.47,E
sh601126,四方股份,2025-10-15 10:17:07,24.54,11600,24.5,U
sh601126,四方股份,2025-10-15 10:17:10,24.52,15000,24.54,D
sh601126,四方股份,2025-10-15 10:17:19,24.51,29000,24.52,D
sh601126,四方股份,2025-10-15 10:17:25,24.54,12400,24.52,E
sh601126,四方股份,2025-10-15 10:17:46,24.56,15500,24.54,U
sh601126,四方股份,2025-10-15 10:17:49,24.58,15500,24.56,U
sh601126,四方股份,2025-10-15 10:18:01,24.57,12700,24.59,D
sh601126,四方股份,2025-10-15 10:18:04,24.5,32800,24.57,D
sh601126,四方股份,2025-10-15 10:18:07,24.54,11600,24.5,E
sh601126,四方股份,2025-10-15 10:18:10,24.54,8300,24.54,U
sh601126,四方股份,2025-10-15 10:18:16,24.49,12600,24.54,D
sh601126,四方股份,2025-10-15 10:18:19,24.51,19200,24.49,U
sh601126,四方股份,2025-10-15 10:18:22,24.5,9300,24.51,E
sh601126,四方股份,2025-10-15 10:18:25,24.5,8500,24.5,D
sh601126,四方股份,2025-10-15 10:18:49,24.48,25900,24.46,U
sh601126,四方股份,2025-10-15 10:18:52,24.51,15800,24.48,U
sh601126,四方股份,2025-10-15 10:18:55,24.48,27000,24.51,D
sh601126,四方股份,2025-10-15 10:19:07,24.44,38500,24.48,D
sh601126,四方股份,2025-10-15 10:19:22,24.41,18600,24.43,D
sh601126,四方股份,2025-10-15 10:19:28,24.41,20300,24.42,D
sh601126,四方股份,2025-10-15 10:19:31,24.42,11700,24.41,U
sh601126,四方股份,2025-10-15 10:19:34,24.42,8700,24.42,D
sh601126,四方股份,2025-10-15 10:19:37,24.43,17000,24.42,U
sh601126,四方股份,2025-10-15 10:19:40,24.45,14400,24.43,U
sh601126,四方股份,2025-10-15 10:19:49,24.44,33800,24.48,D
sh601126,四方股份,2025-10-15 10:20:01,24.43,8800,24.41,U
sh601126,四方股份,2025-10-15 10:20:04,24.39,16300,24.43,D
sh601126,四方股份,2025-10-15 10:20:16,24.39,17800,24.39,U
sh601126,四方股份,2025-10-15 10:20:19,24.4,36700,24.39,U
sh601126,四方股份,2025-10-15 10:20:22,24.39,20700,24.4,D
sh601126,四方股份,2025-10-15 10:20:25,24.38,25800,24.39,D
sh601126,四方股份,2025-10-15 10:20:28,24.4,80400,24.38,U
sh601126,四方股份,2025-10-15 10:20:31,24.44,43700,24.4,U
sh601126,四方股份,2025-10-15 10:20:34,24.45,18000,24.44,U
sh601126,四方股份,2025-10-15 10:20:37,24.42,24500,24.45,D
sh601126,四方股份,2025-10-15 10:20:40,24.39,44200,24.42,D
sh601126,四方股份,2025-10-15 10:20:43,24.38,25900,24.39,D
sh601126,四方股份,2025-10-15 10:20:46,24.38,11300,24.38,U
sh601126,四方股份,2025-10-15 10:20:49,24.38,8500,24.38,U
sh601126,四方股份,2025-10-15 10:20:55,24.41,64600,24.38,U
sh601126,四方股份,2025-10-15 10:20:58,24.41,22200,24.41,D
sh601126,四方股份,2025-10-15 10:21:01,24.4,12200,24.41,E
sh601126,四方股份,2025-10-15 10:21:19,24.37,17000,24.37,D
sh601126,四方股份,2025-10-15 10:21:22,24.38,32700,24.37,U
sh601126,四方股份,2025-10-15 10:21:25,24.4,22600,24.38,U
sh601126,四方股份,2025-10-15 10:21:31,24.38,12000,24.4,D
sh601126,四方股份,2025-10-15 10:21:37,24.37,14800,24.38,D
sh601126,四方股份,2025-10-15 10:21:52,24.35,11000,24.36,D
sh601126,四方股份,2025-10-15 10:21:55,24.35,21500,24.35,D
sh601126,四方股份,2025-10-15 10:22:07,24.35,32700,24.33,U
sh601126,四方股份,2025-10-15 10:22:10,24.36,23300,24.35,U
sh601126,四方股份,2025-10-15 10:22:22,24.36,50000,24.36,U
sh601126,四方股份,2025-10-15 10:22:37,24.38,21100,24.38,U
sh601126,四方股份,2025-10-15 10:22:40,24.39,20500,24.38,U
sh601126,四方股份,2025-10-15 10:22:52,24.39,9400,24.39,D
sh601126,四方股份,2025-10-15 10:23:01,24.38,27400,24.39,D
sh601126,四方股份,2025-10-15 10:23:10,24.35,46400,24.39,D
sh601126,四方股份,2025-10-15 10:23:13,24.3,106900,24.35,D
sh601126,四方股份,2025-10-15 10:23:16,24.29,15600,24.3,D
sh601126,四方股份,2025-10-15 10:23:19,24.35,48400,24.29,U
sh601126,四方股份,2025-10-15 10:23:34,24.32,9700,24.33,U
sh601126,四方股份,2025-10-15 10:23:52,24.32,8300,24.32,U
sh601126,四方股份,2025-10-15 10:23:59,24.28,17400,24.29,D
sh601126,四方股份,2025-10-15 10:24:07,24.34,8700,24.33,U
sh601126,四方股份,2025-10-15 10:24:34,24.28,22400,24.31,D
sh601126,四方股份,2025-10-15 10:24:49,24.32,15100,24.3,U
sh601126,四方股份,2025-10-15 10:24:58,24.3,8800,24.31,D
sh601126,四方股份,2025-10-15 10:25:04,24.33,34300,24.3,U
sh601126,四方股份,2025-10-15 10:25:07,24.32,13600,24.33,D
sh601126,四方股份,2025-10-15 10:25:22,24.33,22100,24.32,U
sh601126,四方股份,2025-10-15 10:25:25,24.35,17700,24.33,U
sh601126,四方股份,2025-10-15 10:25:49,24.38,16500,24.39,D
sh601126,四方股份,2025-10-15 10:25:52,24.37,10100,24.38,D
sh601126,四方股份,2025-10-15 10:25:58,24.39,16200,24.37,U
sh601126,四方股份,2025-10-15 10:26:10,24.35,10000,24.38,D
sh601126,四方股份,2025-10-15 10:26:19,24.39,16900,24.37,U
sh601126,四方股份,2025-10-15 10:26:22,24.4,41200,24.39,U
sh601126,四方股份,2025-10-15 10:26:25,24.39,11800,24.4,D
sh601126,四方股份,2025-10-15 10:26:31,24.41,13000,24.41,U
sh601126,四方股份,2025-10-15 10:26:34,24.38,34800,24.41,D
sh601126,四方股份,2025-10-15 10:26:37,24.38,8900,24.38,D
sh601126,四方股份,2025-10-15 10:27:13,24.31,15300,24.36,D
sh601126,四方股份,2025-10-15 10:27:34,24.31,17200,24.35,D
sh601126,四方股份,2025-10-15 10:27:52,24.35,22600,24.33,U
sh601126,四方股份,2025-10-15 10:28:10,24.35,26300,24.35,D
sh601126,四方股份,2025-10-15 10:28:13,24.3,41800,24.35,D
sh601126,四方股份,2025-10-15 10:28:16,24.34,27100,24.3,U
sh601126,四方股份,2025-10-15 10:28:31,24.26,20400,24.26,U
sh601126,四方股份,2025-10-15 10:28:40,24.26,9500,24.27,D
sh601126,四方股份,2025-10-15 10:28:46,24.27,10800,24.26,D
sh601126,四方股份,2025-10-15 10:29:16,24.31,11900,24.31,E
sh601126,四方股份,2025-10-15 10:30:01,24.3,12700,24.29,U
sh601126,四方股份,2025-10-15 10:30:34,24.26,29600,24.3,D
sh601126,四方股份,2025-10-15 10:30:37,24.24,12600,24.26,D
sh601126,四方股份,2025-10-15 10:30:40,24.25,16900,24.24,U
sh601126,四方股份,2025-10-15 10:30:43,24.23,15600,24.25,D
sh601126,四方股份,2025-10-15 10:30:58,24.2,31000,24.21,D
sh601126,四方股份,2025-10-15 10:31:01,24.2,13800,24.2,U
sh601126,四方股份,2025-10-15 10:31:04,24.19,17500,24.2,D
sh601126,四方股份,2025-10-15 10:31:07,24.18,21800,24.19,D
sh601126,四方股份,2025-10-15 10:31:13,24.15,17200,24.17,D
sh601126,四方股份,2025-10-15 10:31:16,24.14,29200,24.15,E
sh601126,四方股份,2025-10-15 10:31:19,24.14,24300,24.14,D
sh601126,四方股份,2025-10-15 10:31:22,24.1,13000,24.14,D
sh601126,四方股份,2025-10-15 10:31:25,24.1,12600,24.1,D
sh601126,四方股份,2025-10-15 10:31:28,24.1,28600,24.1,U
sh601126,四方股份,2025-10-15 10:31:31,24.09,34300,24.1,D
sh601126,四方股份,2025-10-15 10:31:37,24.08,53200,24.08,U
sh601126,四方股份,2025-10-15 10:31:40,24.02,80100,24.08,D
sh601126,四方股份,2025-10-15 10:31:43,24.07,8400,24.02,E
sh601126,四方股份,2025-10-15 10:31:52,24.08,13900,24.08,U
sh601126,四方股份,2025-10-15 10:31:55,24.08,42900,24.08,U
sh601126,四方股份,2025-10-15 10:31:58,24.07,26900,24.08,D
sh601126,四方股份,2025-10-15 10:32:04,24.06,8600,24.06,D
sh601126,四方股份,2025-10-15 10:32:07,24.06,12300,24.06,U
sh601126,四方股份,2025-10-15 10:32:10,24.09,16100,24.06,U
sh601126,四方股份,2025-10-15 10:32:16,24.09,10200,24.08,U
sh601126,四方股份,2025-10-15 10:32:34,24.07,24600,24.09,D
sh601126,四方股份,2025-10-15 10:32:37,24.07,27600,24.07,U
sh601126,四方股份,2025-10-15 10:32:49,24.1,8700,24.1,U
sh601126,四方股份,2025-10-15 10:32:58,24.11,11900,24.13,D
sh601126,四方股份,2025-10-15 10:33:31,24.1,8800,24.1,D
sh601126,四方股份,2025-10-15 10:33:55,24.12,67500,24.08,U
sh601126,四方股份,2025-10-15 10:34:37,24.11,11000,24.12,D
sh601126,四方股份,2025-10-15 10:35:25,24.12,14400,24.12,D
sh601126,四方股份,2025-10-15 10:35:40,24.1,9300,24.12,D
sh601126,四方股份,2025-10-15 10:35:43,24.1,17500,24.1,U
sh601126,四方股份,2025-10-15 10:35:52,24.09,13800,24.1,D
sh601126,四方股份,2025-10-15 10:36:01,24.09,63100,24.11,D
sh601126,四方股份,2025-10-15 10:36:16,24.06,33300,24.06,D
sh601126,四方股份,2025-10-15 10:36:25,24.04,17200,24.05,D
sh601126,四方股份,2025-10-15 10:36:43,24.03,65700,24.03,U
sh601126,四方股份,2025-10-15 10:36:49,24.0,15100,24.01,D
sh601126,四方股份,2025-10-15 10:36:52,24.01,21000,24.0,E
sh601126,四方股份,2025-10-15 10:36:55,24.01,24700,24.01,D
sh601126,四方股份,2025-10-15 10:36:58,24.02,13800,24.01,D
sh601126,四方股份,2025-10-15 10:37:04,24.02,9100,24.02,U
sh601126,四方股份,2025-10-15 10:37:13,24.0,40600,24.01,D
sh601126,四方股份,2025-10-15 10:37:16,24.01,12300,24.0,U
sh601126,四方股份,2025-10-15 10:37:22,24.04,11800,24.0,U
sh601126,四方股份,2025-10-15 10:37:28,24.03,13600,24.03,D
sh601126,四方股份,2025-10-15 10:37:31,24.01,20700,24.03,D
sh601126,四方股份,2025-10-15 10:37:55,24.02,9400,24.03,E
sh601126,四方股份,2025-10-15 10:38:16,24.01,11300,24.01,U
sh601126,四方股份,2025-10-15 10:38:25,24.01,17000,24.01,U
sh601126,四方股份,2025-10-15 10:38:49,24.0,68000,24.01,D
sh601126,四方股份,2025-10-15 10:38:52,24.02,30400,24.0,U
sh601126,四方股份,2025-10-15 10:39:07,24.01,9400,24.0,U
sh601126,四方股份,2025-10-15 10:39:19,24.0,8900,24.0,U
sh601126,四方股份,2025-10-15 10:39:49,23.98,66900,23.97,U
sh601126,四方股份,2025-10-15 10:39:58,24.0,10400,23.99,U
sh601126,四方股份,2025-10-15 10:40:01,23.99,18300,24.0,D
sh601126,四方股份,2025-10-15 10:40:04,24.01,49400,23.99,U
sh601126,四方股份,2025-10-15 10:40:13,24.04,14200,24.0,U
sh601126,四方股份,2025-10-15 10:40:40,24.06,22000,24.04,U
sh601126,四方股份,2025-10-15 10:41:19,24.11,11600,24.08,U
sh601126,四方股份,2025-10-15 10:41:37,24.09,14400,24.1,D
sh601126,四方股份,2025-10-15 10:41:43,24.08,15400,24.08,D
sh601126,四方股份,2025-10-15 10:42:46,24.07,10300,24.09,D
sh601126,四方股份,2025-10-15 10:42:49,24.07,11600,24.07,D
sh601126,四方股份,2025-10-15 10:42:58,24.07,13100,24.06,U
sh601126,四方股份,2025-10-15 10:43:01,24.03,329600,24.07,D
sh601126,四方股份,2025-10-15 10:43:13,23.99,18400,24.02,D
sh601126,四方股份,2025-10-15 10:43:19,23.99,9900,23.98,U
sh601126,四方股份,2025-10-15 10:43:22,23.98,10800,23.99,D
sh601126,四方股份,2025-10-15 10:43:32,23.96,8500,23.96,D
sh601126,四方股份,2025-10-15 10:43:34,23.95,27300,23.96,D
sh601126,四方股份,2025-10-15 10:43:43,23.96,24500,23.96,D
sh601126,四方股份,2025-10-15 10:43:52,23.93,41400,23.98,D
sh601126,四方股份,2025-10-15 10:44:11,23.95,163200,23.96,D
sh601126,四方股份,2025-10-15 10:44:22,23.98,87600,23.93,U
sh601126,四方股份,2025-10-15 10:44:25,23.99,11400,23.98,U
sh601126,四方股份,2025-10-15 10:44:28,23.97,10000,23.99,D
sh601126,四方股份,2025-10-15 10:44:31,23.98,15300,23.97,E
sh601126,四方股份,2025-10-15 10:44:34,23.97,30400,23.98,D
sh601126,四方股份,2025-10-15 10:44:40,24.0,162200,23.98,U
sh601126,四方股份,2025-10-15 10:44:47,23.97,12000,23.97,U
sh601126,四方股份,2025-10-15 10:44:49,24.0,11300,23.97,U
sh601126,四方股份,2025-10-15 10:44:52,24.02,51300,24.0,U
sh601126,四方股份,2025-10-15 10:45:13,24.04,20800,24.02,U
sh601126,四方股份,2025-10-15 10:45:31,24.06,11600,24.06,D
sh601126,四方股份,2025-10-15 10:45:40,24.03,15500,24.04,D
sh601126,四方股份,2025-10-15 10:45:52,24.01,8600,24.01,D
sh601126,四方股份,2025-10-15 10:45:55,24.02,67200,24.01,U
sh601126,四方股份,2025-10-15 10:46:13,24.1,75200,24.02,U
sh601126,四方股份,2025-10-15 10:46:43,24.14,104000,24.1,U
sh601126,四方股份,2025-10-15 10:46:49,24.16,35100,24.13,U
sh601126,四方股份,2025-10-15 10:46:52,24.2,16100,24.16,U
sh601126,四方股份,2025-10-15 10:47:01,24.2,13300,24.18,U
sh601126,四方股份,2025-10-15 10:47:34,24.17,14000,24.15,U
sh601126,四方股份,2025-10-15 10:47:46,24.16,11100,24.17,D
sh601126,四方股份,2025-10-15 10:47:49,24.14,78000,24.16,D
sh601126,四方股份,2025-10-15 10:47:52,24.14,28100,24.14,D
sh601126,四方股份,2025-10-15 10:47:58,24.17,39600,24.12,U
sh601126,四方股份,2025-10-15 10:48:04,24.2,88800,24.18,U
sh601126,四方股份,2025-10-15 10:48:10,24.18,55700,24.17,U
sh601126,四方股份,2025-10-15 10:48:16,24.14,23700,24.18,D
sh601126,四方股份,2025-10-15 10:48:25,24.14,17700,24.17,D
sh601126,四方股份,2025-10-15 10:49:07,24.09,12000,24.08,U
sh601126,四方股份,2025-10-15 10:49:37,24.03,99500,24.09,D
sh601126,四方股份,2025-10-15 10:49:40,24.06,40200,24.03,E
sh601126,四方股份,2025-10-15 10:49:43,24.07,42800,24.06,U
sh601126,四方股份,2025-10-15 10:49:46,24.05,76800,24.07,D
sh601126,四方股份,2025-10-15 10:49:52,24.0,33700,24.06,D
sh601126,四方股份,2025-10-15 10:49:55,24.11,85200,24.0,U
sh601126,四方股份,2025-10-15 10:49:58,24.1,72300,24.11,U
sh601126,四方股份,2025-10-15 10:50:01,24.1,60700,24.1,U
sh601126,四方股份,2025-10-15 10:50:10,24.15,13100,24.15,D
sh601126,四方股份,2025-10-15 10:50:13,24.18,63200,24.15,U
sh601126,四方股份,2025-10-15 10:50:16,24.25,31700,24.18,E
sh601126,四方股份,2025-10-15 10:50:19,24.24,11500,24.25,D
sh601126,四方股份,2025-10-15 10:50:31,24.2,10200,24.2,U
sh601126,四方股份,2025-10-15 10:50:58,24.25,10800,24.22,U
sh601126,四方股份,2025-10-15 10:51:01,24.22,34700,24.25,D
sh601126,四方股份,2025-10-15 10:51:52,24.24,12100,24.24,U
sh601126,四方股份,2025-10-15 10:52:10,24.21,59500,24.24,D
sh601126,四方股份,2025-10-15 10:52:40,24.12,23300,24.16,D
sh601126,四方股份,2025-10-15 10:53:01,24.13,16200,24.12,U
sh601126,四方股份,2025-10-15 10:53:07,24.19,9800,24.16,U
sh601126,四方股份,2025-10-15 10:53:10,24.16,13500,24.19,D
sh601126,四方股份,2025-10-15 10:54:01,24.16,11400,24.17,D
sh601126,四方股份,2025-10-15 10:54:31,24.15,13200,24.16,D
sh601126,四方股份,2025-10-15 10:54:46,24.12,28400,24.14,D
sh601126,四方股份,2025-10-15 10:55:13,24.1,9800,24.11,D
sh601126,四方股份,2025-10-15 10:55:19,24.09,41300,24.08,U
sh601126,四方股份,2025-10-15 10:56:31,24.08,70600,24.08,U
sh601126,四方股份,2025-10-15 10:56:34,24.09,13400,24.08,U
sh601126,四方股份,2025-10-15 10:57:13,24.08,8900,24.08,U
sh601126,四方股份,2025-10-15 10:58:01,24.04,9800,24.04,D
sh601126,四方股份,2025-10-15 10:58:04,24.07,15000,24.04,U
sh601126,四方股份,2025-10-15 10:58:07,24.03,19200,24.07,D
sh601126,四方股份,2025-10-15 10:58:37,24.01,11700,24.02,D
sh601126,四方股份,2025-10-15 10:58:40,24.03,9600,24.01,U
sh601126,四方股份,2025-10-15 10:58:46,24.0,42100,24.02,D
sh601126,四方股份,2025-10-15 10:58:49,24.02,19500,24.0,U
sh601126,四方股份,2025-10-15 10:58:52,24.0,8400,24.02,D
sh601126,四方股份,2025-10-15 10:58:58,23.99,12500,24.02,D
sh601126,四方股份,2025-10-15 10:59:01,23.99,15800,23.99,U
sh601126,四方股份,2025-10-15 10:59:07,23.99,26600,23.99,U
sh601126,四方股份,2025-10-15 10:59:13,23.95,20100,23.98,D
sh601126,四方股份,2025-10-15 10:59:16,23.95,20600,23.95,U
sh601126,四方股份,2025-10-15 10:59:19,23.93,16900,23.95,D
sh601126,四方股份,2025-10-15 10:59:25,23.94,23600,23.94,U
sh601126,四方股份,2025-10-15 10:59:28,23.93,19600,23.94,D
sh601126,四方股份,2025-10-15 10:59:31,23.94,12100,23.93,E
sh601126,四方股份,2025-10-15 10:59:37,23.93,14900,23.92,U
sh601126,四方股份,2025-10-15 10:59:40,23.91,26400,23.93,E
sh601126,四方股份,2025-10-15 10:59:43,23.91,13400,23.91,D
sh601126,四方股份,2025-10-15 10:59:49,23.93,18500,23.92,U
sh601126,四方股份,2025-10-15 10:59:52,23.92,13300,23.93,D
sh601126,四方股份,2025-10-15 10:59:55,23.91,15300,23.92,D
sh601126,四方股份,2025-10-15 11:00:01,23.97,18500,23.94,U
sh601126,四方股份,2025-10-15 11:00:04,23.99,19000,23.97,U
sh601126,四方股份,2025-10-15 11:00:07,23.94,10700,23.99,D
sh601126,四方股份,2025-10-15 11:00:10,23.95,8900,23.94,D
sh601126,四方股份,2025-10-15 11:00:13,23.94,8900,23.95,D
sh601126,四方股份,2025-10-15 11:00:19,23.99,11300,23.94,U
sh601126,四方股份,2025-10-15 11:00:22,23.98,16100,23.99,E
sh601126,四方股份,2025-10-15 11:00:25,23.98,21200,23.98,E
sh601126,四方股份,2025-10-15 11:00:28,23.95,14800,23.98,D
sh601126,四方股份,2025-10-15 11:00:31,23.94,8800,23.95,D
sh601126,四方股份,2025-10-15 11:00:58,23.94,14600,23.93,U
sh601126,四方股份,2025-10-15 11:01:02,23.93,8500,23.94,D
sh601126,四方股份,2025-10-15 11:01:04,23.94,10300,23.93,U
sh601126,四方股份,2025-10-15 11:01:07,23.93,14600,23.94,D
sh601126,四方股份,2025-10-15 11:01:10,23.94,10500,23.93,U
sh601126,四方股份,2025-10-15 11:01:28,23.94,21400,23.94,U
sh601126,四方股份,2025-10-15 11:01:37,23.92,11300,23.91,U
sh601126,四方股份,2025-10-15 11:01:40,23.91,14600,23.92,D
sh601126,四方股份,2025-10-15 11:01:43,23.93,26100,23.91,U
sh601126,四方股份,2025-10-15 11:01:46,23.93,15900,23.93,U
sh601126,四方股份,2025-10-15 11:01:49,23.94,10600,23.93,U
sh601126,四方股份,2025-10-15 11:01:52,23.94,11200,23.94,U
sh601126,四方股份,2025-10-15 11:01:58,23.94,15600,23.94,U
sh601126,四方股份,2025-10-15 11:02:04,23.94,17200,23.94,U
sh601126,四方股份,2025-10-15 11:02:07,23.92,13600,23.94,D
sh601126,四方股份,2025-10-15 11:02:10,23.91,18300,23.92,D
sh601126,四方股份,2025-10-15 11:02:16,23.9,16300,23.91,D
sh601126,四方股份,2025-10-15 11:02:28,23.9,9900,23.89,U
sh601126,四方股份,2025-10-15 11:02:31,23.89,10900,23.9,E
sh601126,四方股份,2025-10-15 11:02:34,23.9,14600,23.89,U
sh601126,四方股份,2025-10-15 11:02:37,23.89,8600,23.9,D
sh601126,四方股份,2025-10-15 11:02:46,23.9,12400,23.89,U
sh601126,四方股份,2025-10-15 11:02:49,23.95,55600,23.9,U
sh601126,四方股份,2025-10-15 11:02:52,23.92,19100,23.95,D
sh601126,四方股份,2025-10-15 11:02:55,23.91,10300,23.92,D
sh601126,四方股份,2025-10-15 11:02:58,23.93,10400,23.91,U
sh601126,四方股份,2025-10-15 11:03:07,23.94,150400,23.92,U
sh601126,四方股份,2025-10-15 11:03:10,23.92,73800,23.94,D
sh601126,四方股份,2025-10-15 11:03:13,23.72,252800,23.92,D
sh601126,四方股份,2025-10-15 11:03:16,23.91,32400,23.72,U
sh601126,四方股份,2025-10-15 11:03:19,23.91,33500,23.91,U
sh601126,四方股份,2025-10-15 11:03:22,23.94,38000,23.91,U
sh601126,四方股份,2025-10-15 11:03:25,23.92,61200,23.94,E
sh601126,四方股份,2025-10-15 11:03:28,23.92,25000,23.92,D
sh601126,四方股份,2025-10-15 11:03:31,23.91,19000,23.92,D
sh601126,四方股份,2025-10-15 11:03:34,23.89,62200,23.91,D
sh601126,四方股份,2025-10-15 11:03:37,23.91,23800,23.89,D
sh601126,四方股份,2025-10-15 11:03:40,23.86,9600,23.91,D
sh601126,四方股份,2025-10-15 11:03:43,23.9,11400,23.86,U
sh601126,四方股份,2025-10-15 11:03:46,23.86,18100,23.9,D
sh601126,四方股份,2025-10-15 11:03:49,23.86,13300,23.86,D
sh601126,四方股份,2025-10-15 11:04:01,23.91,8700,23.86,U
sh601126,四方股份,2025-10-15 11:04:07,23.92,13200,23.92,U
sh601126,四方股份,2025-10-15 11:04:16,23.91,12200,23.91,U
sh601126,四方股份,2025-10-15 11:04:25,23.88,26400,23.88,D
sh601126,四方股份,2025-10-15 11:04:44,23.87,21200,23.87,D
sh601126,四方股份,2025-10-15 11:04:46,23.86,25000,23.87,D
sh601126,四方股份,2025-10-15 11:04:52,23.9,9200,23.86,U
sh601126,四方股份,2025-10-15 11:05:10,23.88,10700,23.87,U
sh601126,四方股份,2025-10-15 11:05:13,23.87,8800,23.88,E
sh601126,四方股份,2025-10-15 11:05:16,23.88,10600,23.87,U
sh601126,四方股份,2025-10-15 11:05:19,23.87,11400,23.88,D
sh601126,四方股份,2025-10-15 11:05:22,23.88,14100,23.87,E
sh601126,四方股份,2025-10-15 11:06:10,23.87,17700,23.87,U
sh601126,四方股份,2025-10-15 11:06:19,23.91,9100,23.89,U
sh601126,四方股份,2025-10-15 11:06:25,23.9,10500,23.89,E
sh601126,四方股份,2025-10-15 11:06:31,23.86,9800,23.89,D
sh601126,四方股份,2025-10-15 11:06:34,23.88,14300,23.86,U
sh601126,四方股份,2025-10-15 11:06:52,23.88,15600,23.86,U
sh601126,四方股份,2025-10-15 11:07:01,23.86,14100,23.86,D
sh601126,四方股份,2025-10-15 11:07:13,23.84,9600,23.83,U
sh601126,四方股份,2025-10-15 11:07:16,23.85,8800,23.84,U
sh601126,四方股份,2025-10-15 11:07:22,23.87,12700,23.83,U
sh601126,四方股份,2025-10-15 11:07:25,23.88,15100,23.87,U
sh601126,四方股份,2025-10-15 11:07:28,23.87,8500,23.88,E
sh601126,四方股份,2025-10-15 11:07:43,23.85,10800,23.85,U
sh601126,四方股份,2025-10-15 11:07:55,23.84,15100,23.84,U
sh601126,四方股份,2025-10-15 11:08:01,23.82,39700,23.82,D
sh601126,四方股份,2025-10-15 11:08:34,23.83,8700,23.83,D
sh601126,四方股份,2025-10-15 11:08:49,23.89,9400,23.85,U
sh601126,四方股份,2025-10-15 11:08:52,23.86,19800,23.89,D
sh601126,四方股份,2025-10-15 11:08:55,23.89,33600,23.86,U
sh601126,四方股份,2025-10-15 11:09:16,23.88,10000,23.85,U
sh601126,四方股份,2025-10-15 11:09:49,23.89,11900,23.88,U
sh601126,四方股份,2025-10-15 11:10:01,23.88,8500,23.89,E
sh601126,四方股份,2025-10-15 11:10:04,23.94,19200,23.88,U
sh601126,四方股份,2025-10-15 11:10:22,23.94,11300,23.89,U
sh601126,四方股份,2025-10-15 11:10:34,23.89,34900,23.93,D
sh601126,四方股份,2025-10-15 11:10:37,23.93,12100,23.89,U
sh601126,四方股份,2025-10-15 11:10:49,23.89,11500,23.91,D
sh601126,四方股份,2025-10-15 11:10:52,23.9,12900,23.89,U
sh601126,四方股份,2025-10-15 11:11:22,23.91,9000,23.91,U
sh601126,四方股份,2025-10-15 11:11:31,23.9,11200,23.9,D
sh601126,四方股份,2025-10-15 11:11:34,23.91,26900,23.9,U
sh601126,四方股份,2025-10-15 11:11:40,23.92,27100,23.93,D
sh601126,四方股份,2025-10-15 11:11:43,23.93,14500,23.92,D
sh601126,四方股份,2025-10-15 11:12:10,23.94,8800,23.94,U
sh601126,四方股份,2025-10-15 11:12:49,23.95,15000,23.95,D
sh601126,四方股份,2025-10-15 11:12:55,23.98,12800,23.96,U
sh601126,四方股份,2025-10-15 11:13:01,23.95,11700,23.97,D
sh601126,四方股份,2025-10-15 11:13:04,23.93,14000,23.95,D
sh601126,四方股份,2025-10-15 11:13:16,23.93,16500,23.93,U
sh601126,四方股份,2025-10-15 11:13:25,24.03,11800,23.99,U
sh601126,四方股份,2025-10-15 11:13:34,24.05,19500,24.04,U
sh601126,四方股份,2025-10-15 11:13:37,24.04,30400,24.05,D
sh601126,四方股份,2025-10-15 11:13:55,24.0,94200,24.01,D
sh601126,四方股份,2025-10-15 11:13:58,24.04,18400,24.0,U
sh601126,四方股份,2025-10-15 11:14:01,24.0,24900,24.04,D
sh601126,四方股份,2025-10-15 11:14:20,24.0,35800,23.99,U
sh601126,四方股份,2025-10-15 11:14:34,24.07,13500,24.03,U
sh601126,四方股份,2025-10-15 11:14:37,24.06,10500,24.07,E
sh601126,四方股份,2025-10-15 11:14:40,24.04,14500,24.06,E
sh601126,四方股份,2025-10-15 11:14:43,24.05,9800,24.04,E
sh601126,四方股份,2025-10-15 11:15:10,24.01,33100,24.0,U
sh601126,四方股份,2025-10-15 11:15:13,24.01,22100,24.01,U
sh601126,四方股份,2025-10-15 11:15:22,23.99,16900,23.99,U
sh601126,四方股份,2025-10-15 11:15:28,24.0,12600,23.98,U
sh601126,四方股份,2025-10-15 11:15:31,24.0,11500,24.0,U
sh601126,四方股份,2025-10-15 11:15:34,24.0,8400,24.0,D
sh601126,四方股份,2025-10-15 11:15:37,24.04,14300,24.0,U
sh601126,四方股份,2025-10-15 11:15:46,24.0,22100,24.04,D
sh601126,四方股份,2025-10-15 11:16:01,23.9,19600,23.98,D
sh601126,四方股份,2025-10-15 11:16:04,23.99,11400,23.9,U
sh601126,四方股份,2025-10-15 11:16:16,24.03,47500,24.0,U
sh601126,四方股份,2025-10-15 11:16:19,24.02,21800,24.03,E
sh601126,四方股份,2025-10-15 11:16:37,23.99,8800,24.0,U
sh601126,四方股份,2025-10-15 11:17:01,23.96,10500,23.97,D
sh601126,四方股份,2025-10-15 11:17:04,23.94,17400,23.96,D
sh601126,四方股份,2025-10-15 11:17:10,23.95,9800,23.97,D
sh601126,四方股份,2025-10-15 11:17:25,23.99,18500,23.99,U
sh601126,四方股份,2025-10-15 11:17:28,23.99,39000,23.99,U
sh601126,四方股份,2025-10-15 11:17:31,23.99,55000,23.99,U
sh601126,四方股份,2025-10-15 11:17:37,24.04,11400,24.01,U
sh601126,四方股份,2025-10-15 11:17:43,24.0,25200,24.03,D
sh601126,四方股份,2025-10-15 11:17:46,24.0,11700,24.0,U
sh601126,四方股份,2025-10-15 11:17:49,24.0,27600,24.0,U
sh601126,四方股份,2025-10-15 11:17:52,24.03,23000,24.0,U
sh601126,四方股份,2025-10-15 11:17:55,24.04,15400,24.03,U
sh601126,四方股份,2025-10-15 11:18:04,24.0,8900,24.04,D
sh601126,四方股份,2025-10-15 11:18:07,24.0,11900,24.0,U
sh601126,四方股份,2025-10-15 11:18:10,24.0,11400,24.0,U
sh601126,四方股份,2025-10-15 11:18:13,24.0,11000,24.0,U
sh601126,四方股份,2025-10-15 11:18:16,24.0,20200,24.0,U
sh601126,四方股份,2025-10-15 11:18:25,24.0,46200,23.99,U
sh601126,四方股份,2025-10-15 11:18:34,24.0,28300,23.98,U
sh601126,四方股份,2025-10-15 11:18:46,24.02,17100,24.03,D
sh601126,四方股份,2025-10-15 11:19:34,24.0,19300,24.03,D
sh601126,四方股份,2025-10-15 11:19:40,24.0,17100,23.99,U
sh601126,四方股份,2025-10-15 11:19:49,23.99,9500,23.99,D
sh601126,四方股份,2025-10-15 11:19:52,23.98,11500,23.99,D
sh601126,四方股份,2025-10-15 11:20:40,23.95,21600,23.95,U
sh601126,四方股份,2025-10-15 11:21:16,23.95,10000,23.96,D
sh601126,四方股份,2025-10-15 11:21:28,23.94,10800,23.94,U
sh601126,四方股份,2025-10-15 11:21:43,23.98,11000,23.95,U
sh601126,四方股份,2025-10-15 11:22:22,24.0,22600,23.97,U
sh601126,四方股份,2025-10-15 11:22:25,24.03,9400,24.0,U
sh601126,四方股份,2025-10-15 11:22:46,24.01,10800,24.0,U
sh601126,四方股份,2025-10-15 11:23:40,24.0,12200,24.0,U
sh601126,四方股份,2025-10-15 11:24:08,24.01,12100,23.99,U
sh601126,四方股份,2025-10-15 11:24:58,24.02,18900,24.04,D
sh601126,四方股份,2025-10-15 11:25:25,24.06,10400,24.04,U
sh601126,四方股份,2025-10-15 11:25:37,24.09,9900,24.07,U
sh601126,四方股份,2025-10-15 11:25:49,24.07,11100,24.08,D
sh601126,四方股份,2025-10-15 11:26:19,24.12,36800,24.07,U
sh601126,四方股份,2025-10-15 11:26:28,24.13,18800,24.12,U
sh601126,四方股份,2025-10-15 11:26:58,24.13,10800,24.12,U
sh601126,四方股份,2025-10-15 11:27:31,24.14,19000,24.13,U
sh601126,四方股份,2025-10-15 11:27:43,24.18,9500,24.16,U
sh601126,四方股份,2025-10-15 11:27:52,24.29,46685,24.2,U
sh601126,四方股份,2025-10-15 11:27:58,24.21,10700,24.25,D
sh601126,四方股份,2025-10-15 11:28:01,24.21,13600,24.21,D
sh601126,四方股份,2025-10-15 11:28:10,24.27,45100,24.26,U
sh601126,四方股份,2025-10-15 11:28:16,24.29,10100,24.28,U
sh601126,四方股份,2025-10-15 11:28:19,24.29,12800,24.29,D
sh601126,四方股份,2025-10-15 11:28:22,24.33,47800,24.29,U
sh601126,四方股份,2025-10-15 11:28:40,24.31,36600,24.28,U
sh601126,四方股份,2025-10-15 11:28:43,24.31,15300,24.31,U
sh601126,四方股份,2025-10-15 11:28:46,24.32,46700,24.31,U
sh601126,四方股份,2025-10-15 11:28:49,24.29,8300,24.32,D
sh601126,四方股份,2025-10-15 11:29:01,24.3,16200,24.26,U
sh601126,四方股份,2025-10-15 11:29:04,24.38,72615,24.3,U
sh601126,四方股份,2025-10-15 11:29:07,24.33,41585,24.38,D
sh601126,四方股份,2025-10-15 11:29:16,24.33,10700,24.32,U
sh601126,四方股份,2025-10-15 11:29:19,24.34,22000,24.33,U
sh601126,四方股份,2025-10-15 11:29:31,24.37,11900,24.35,U
sh601126,四方股份,2025-10-15 11:29:34,24.38,22700,24.37,U
sh601126,四方股份,2025-10-15 11:29:40,24.4,13600,24.4,D
sh601126,四方股份,2025-10-15 11:29:43,24.4,8500,24.4,D
sh601126,四方股份,2025-10-15 11:29:49,24.39,9100,24.39,U
sh601126,四方股份,2025-10-15 11:29:55,24.39,67900,24.37,U
sh601126,四方股份,2025-10-15 11:29:59,24.4,25700,24.39,U
sh601126,四方股份,2025-10-15 13:00:01,24.49,152000,24.4,U
sh601126,四方股份,2025-10-15 13:00:04,24.58,260900,24.49,U
sh601126,四方股份,2025-10-15 13:00:07,24.6,126500,24.58,E
sh601126,四方股份,2025-10-15 13:00:10,24.63,207000,24.6,U
sh601126,四方股份,2025-10-15 13:00:13,24.7,60600,24.63,U
sh601126,四方股份,2025-10-15 13:00:16,24.75,189700,24.7,U
sh601126,四方股份,2025-10-15 13:00:19,24.88,1544300,24.75,U
sh601126,四方股份,2025-10-15 13:00:22,24.88,488476,24.88,U
sh601126,四方股份,2025-10-15 13:00:25,24.88,157000,24.88,D
sh601126,四方股份,2025-10-15 13:00:28,24.88,79400,24.88,D
sh601126,四方股份,2025-10-15 13:00:31,24.88,41300,24.88,D
sh601126,四方股份,2025-10-15 13:00:34,24.88,37700,24.88,D
sh601126,四方股份,2025-10-15 13:00:37,24.88,35500,24.88,D
sh601126,四方股份,2025-10-15 13:00:40,24.88,13800,24.88,D
sh601126,四方股份,2025-10-15 13:00:43,24.88,17000,24.88,D
sh601126,四方股份,2025-10-15 13:00:49,24.88,12400,24.88,D
sh601126,四方股份,2025-10-15 13:00:52,24.88,20500,24.88,D
sh601126,四方股份,2025-10-15 13:01:01,24.88,15100,24.88,D
sh601126,四方股份,2025-10-15 13:01:22,24.88,12300,24.88,D
sh601126,四方股份,2025-10-15 13:01:28,24.88,21600,24.88,D
sh601126,四方股份,2025-10-15 13:01:46,24.88,11200,24.88,D
sh601126,四方股份,2025-10-15 13:01:49,24.88,9100,24.88,D
sh601126,四方股份,2025-10-15 13:01:52,24.88,15300,24.88,D
sh601126,四方股份,2025-10-15 13:01:58,24.88,12700,24.88,D
sh601126,四方股份,2025-10-15 13:02:13,24.88,10700,24.88,D
sh601126,四方股份,2025-10-15 13:02:31,24.88,31100,24.88,D
sh601126,四方股份,2025-10-15 13:02:40,24.88,16000,24.88,D
sh601126,四方股份,2025-10-15 13:02:43,24.88,22100,24.88,D
sh601126,四方股份,2025-10-15 13:02:46,24.88,8600,24.88,D
sh601126,四方股份,2025-10-15 13:03:07,24.88,26900,24.88,D
sh601126,四方股份,2025-10-15 13:03:19,24.88,46300,24.88,D
sh601126,四方股份,2025-10-15 13:03:28,24.88,13000,24.88,D
sh601126,四方股份,2025-10-15 13:03:31,24.88,25900,24.88,D
sh601126,四方股份,2025-10-15 13:03:37,24.88,11100,24.88,D
sh601126,四方股份,2025-10-15 13:03:46,24.88,16100,24.88,D
sh601126,四方股份,2025-10-15 13:03:52,24.88,8800,24.88,D
sh601126,四方股份,2025-10-15 13:04:04,24.88,13300,24.88,D
sh601126,四方股份,2025-10-15 13:04:10,24.88,8200,24.88,D
sh601126,四方股份,2025-10-15 13:04:19,24.88,13000,24.88,D
sh601126,四方股份,2025-10-15 13:04:25,24.88,22100,24.88,D
sh601126,四方股份,2025-10-15 13:04:28,24.88,8200,24.88,D
sh601126,四方股份,2025-10-15 13:04:49,24.88,8900,24.88,D
sh601126,四方股份,2025-10-15 13:05:07,24.88,8500,24.88,D
sh601126,四方股份,2025-10-15 13:05:28,24.88,10800,24.88,D
sh601126,四方股份,2025-10-15 13:05:55,24.88,13000,24.88,D
sh601126,四方股份,2025-10-15 13:06:01,24.88,12100,24.88,D
sh601126,四方股份,2025-10-15 13:06:04,24.88,13500,24.88,D
sh601126,四方股份,2025-10-15 13:06:25,24.88,52700,24.88,D
sh601126,四方股份,2025-10-15 13:07:13,24.88,12200,24.88,D
sh601126,四方股份,2025-10-15 13:08:25,24.88,8400,24.88,D
sh601126,四方股份,2025-10-15 13:08:28,24.88,9100,24.88,D
sh601126,四方股份,2025-10-15 13:08:40,24.88,8400,24.88,D
sh601126,四方股份,2025-10-15 13:13:19,24.88,60800,24.88,D
sh601126,四方股份,2025-10-15 13:15:52,24.88,11500,24.88,D
sh601126,四方股份,2025-10-15 13:17:19,24.88,16300,24.88,D
sh601126,四方股份,2025-10-15 13:18:22,24.88,8600,24.88,D
sh601126,四方股份,2025-10-15 13:19:28,24.88,40500,24.88,D
sh601126,四方股份,2025-10-15 13:19:31,24.88,30100,24.88,D
sh601126,四方股份,2025-10-15 13:19:34,24.88,16600,24.88,D
sh601126,四方股份,2025-10-15 13:20:19,24.88,67600,24.88,D
sh601126,四方股份,2025-10-15 13:20:40,24.88,52400,24.88,D
sh601126,四方股份,2025-10-15 13:20:55,24.88,20100,24.88,D
sh601126,四方股份,2025-10-15 13:21:07,24.88,379500,24.88,D
sh601126,四方股份,2025-10-15 13:21:10,24.88,12000,24.88,D
sh601126,四方股份,2025-10-15 13:21:13,24.88,8200,24.88,D
sh601126,四方股份,2025-10-15 13:21:16,24.88,13800,24.88,D
sh601126,四方股份,2025-10-15 13:21:19,24.88,353100,24.88,D
sh601126,四方股份,2025-10-15 13:21:22,24.88,386200,24.88,D
sh601126,四方股份,2025-10-15 13:21:25,24.88,47600,24.88,D
sh601126,四方股份,2025-10-15 13:21:28,24.88,30300,24.88,D
sh601126,四方股份,2025-10-15 13:21:31,24.88,28500,24.88,D
sh601126,四方股份,2025-10-15 13:21:34,24.88,22700,24.88,D
sh601126,四方股份,2025-10-15 13:21:40,24.88,10300,24.88,D
sh601126,四方股份,2025-10-15 13:21:43,24.88,59400,24.88,D
sh601126,四方股份,2025-10-15 13:22:07,24.88,10500,24.88,D
sh601126,四方股份,2025-10-15 13:22:19,24.88,394400,24.88,D
sh601126,四方股份,2025-10-15 13:22:22,24.88,30300,24.88,D
sh601126,四方股份,2025-10-15 13:22:34,24.88,9000,24.88,D
sh601126,四方股份,2025-10-15 13:22:41,24.88,32200,24.88,D
sh601126,四方股份,2025-10-15 13:22:43,24.88,23300,24.88,D
sh601126,四方股份,2025-10-15 13:22:46,24.88,14200,24.88,D
sh601126,四方股份,2025-10-15 13:22:52,24.88,9400,24.88,D
sh601126,四方股份,2025-10-15 13:22:58,24.88,45500,24.88,D
sh601126,四方股份,2025-10-15 13:23:04,24.88,76300,24.88,D
sh601126,四方股份,2025-10-15 13:23:07,24.88,42700,24.88,D
sh601126,四方股份,2025-10-15 13:23:10,24.88,17900,24.88,D
sh601126,四方股份,2025-10-15 13:23:19,24.88,18000,24.88,D
sh601126,四方股份,2025-10-15 13:23:37,24.88,18300,24.88,D
sh601126,四方股份,2025-10-15 13:23:58,24.88,12100,24.88,D
sh601126,四方股份,2025-10-15 13:24:07,24.88,8400,24.88,D
sh601126,四方股份,2025-10-15 13:24:22,24.88,20000,24.88,D
sh601126,四方股份,2025-10-15 13:24:37,24.88,10100,24.88,D
sh601126,四方股份,2025-10-15 13:24:40,24.88,28800,24.88,D
sh601126,四方股份,2025-10-15 13:24:55,24.88,25400,24.88,D
sh601126,四方股份,2025-10-15 13:25:19,24.88,13300,24.88,D
sh601126,四方股份,2025-10-15 13:25:40,24.88,14700,24.88,D
sh601126,四方股份,2025-10-15 13:28:01,24.88,9000,24.88,D
sh601126,四方股份,2025-10-15 13:29:13,24.88,20200,24.88,D
sh601126,四方股份,2025-10-15 13:29:25,24.88,202400,24.88,D
sh601126,四方股份,2025-10-15 13:31:34,24.88,10100,24.88,D
sh601126,四方股份,2025-10-15 13:32:58,24.88,70000,24.88,D
sh601126,四方股份,2025-10-15 13:33:49,24.88,21500,24.88,D
sh601126,四方股份,2025-10-15 13:34:52,24.88,10200,24.88,D
sh601126,四方股份,2025-10-15 13:35:55,24.88,15100,24.88,D
sh601126,四方股份,2025-10-15 13:36:40,24.88,100200,24.88,D
sh601126,四方股份,2025-10-15 13:37:28,24.88,17100,24.88,D
sh601126,四方股份,2025-10-15 13:39:19,24.88,19600,24.88,D
sh601126,四方股份,2025-10-15 13:39:40,24.88,14800,24.88,D
sh601126,四方股份,2025-10-15 13:42:43,24.88,12000,24.88,D
sh601126,四方股份,2025-10-15 13:45:19,24.88,9100,24.88,D
sh601126,四方股份,2025-10-15 13:46:58,24.88,10500,24.88,D
sh601126,四方股份,2025-10-15 13:50:25,24.88,42300,24.88,D
sh601126,四方股份,2025-10-15 13:50:31,24.88,12800,24.88,D
sh601126,四方股份,2025-10-15 13:50:40,24.88,14000,24.88,D
sh601126,四方股份,2025-10-15 13:51:19,24.88,12700,24.88,D
sh601126,四方股份,2025-10-15 13:53:46,24.88,130000,24.88,D
sh601126,四方股份,2025-10-15 13:54:25,24.88,52500,24.88,D
sh601126,四方股份,2025-10-15 13:57:28,24.88,9000,24.88,D
sh601126,四方股份,2025-10-15 14:00:37,24.88,59700,24.88,D
sh601126,四方股份,2025-10-15 14:05:07,24.88,17100,24.88,D
sh601126,四方股份,2025-10-15 14:08:10,24.88,8800,24.88,D
sh601126,四方股份,2025-10-15 14:08:25,24.88,9100,24.88,D
sh601126,四方股份,2025-10-15 14:09:28,24.88,16300,24.88,D
sh601126,四方股份,2025-10-15 14:11:58,24.88,185000,24.88,D
sh601126,四方股份,2025-10-15 14:16:07,24.88,30500,24.88,D
sh601126,四方股份,2025-10-15 14:16:10,24.88,10100,24.88,D
sh601126,四方股份,2025-10-15 14:20:13,24.88,10300,24.88,D
sh601126,四方股份,2025-10-15 14:22:16,24.88,10600,24.88,D
sh601126,四方股份,2025-10-15 14:22:25,24.88,9000,24.88,D
sh601126,四方股份,2025-10-15 14:24:40,24.88,10200,24.88,D
sh601126,四方股份,2025-10-15 14:27:28,24.88,52000,24.88,D
sh601126,四方股份,2025-10-15 14:27:31,24.88,15600,24.88,D
sh601126,四方股份,2025-10-15 15:00:03,24.88,20600,24.88,U
