symbol,name,ticktime,price,volume,prev_price,kind
sh601126,四方股份,2025-09-24 09:25:02,18.0,51600,0.0,U
sh601126,四方股份,2025-09-24 09:30:11,17.96,18000,17.99,D
sh601126,四方股份,2025-09-24 09:30:20,17.95,18900,17.96,D
sh601126,四方股份,2025-09-24 09:30:26,17.95,27100,17.93,U
sh601126,四方股份,2025-09-24 09:30:44,17.95,41500,17.93,U
sh601126,四方股份,2025-09-24 09:30:56,17.91,16000,17.92,D
sh601126,四方股份,2025-09-24 09:30:59,17.91,13000,17.91,D
sh601126,四方股份,2025-09-24 09:31:03,17.91,50100,17.91,D
sh601126,四方股份,2025-09-24 09:31:06,17.89,30000,17.91,D
sh601126,四方股份,2025-09-24 09:31:23,17.87,11900,17.89,D
sh601126,四方股份,2025-09-24 09:31:38,17.88,56600,17.86,U
sh601126,四方股份,2025-09-24 09:31:47,17.9,17300,17.88,U
sh601126,四方股份,2025-09-24 09:32:26,17.9,18200,17.88,U
sh601126,四方股份,2025-09-24 09:33:03,17.93,14000,17.92,U
sh601126,四方股份,2025-09-24 09:33:17,17.92,20000,17.91,E
sh601126,四方股份,2025-09-24 09:33:29,17.96,49300,17.92,U
sh601126,四方股份,2025-09-24 09:33:54,17.93,12300,17.94,D
sh601126,四方股份,2025-09-24 09:34:56,17.96,13500,17.97,D
sh601126,四方股份,2025-09-24 09:35:02,17.98,30300,17.97,U
sh601126,四方股份,2025-09-24 09:35:08,17.98,12600,17.98,U
sh601126,四方股份,2025-09-24 09:35:11,17.99,36400,17.98,U
sh601126,四方股份,2025-09-24 09:35:14,17.97,12800,17.99,D
sh601126,四方股份,2025-09-24 09:35:44,17.99,13500,17.98,U
sh601126,四方股份,2025-09-24 09:35:53,17.99,30000,17.99,U
sh601126,四方股份,2025-09-24 09:35:56,17.94,27000,17.99,D
sh601126,四方股份,2025-09-24 09:37:23,17.98,13800,17.97,U
sh601126,四方股份,2025-09-24 09:37:44,18.01,18044,18.0,U
sh601126,四方股份,2025-09-24 09:39:02,17.98,11800,18.0,D
sh601126,四方股份,2025-09-24 09:40:44,18.04,21700,18.04,D
sh601126,四方股份,2025-09-24 09:41:08,18.03,61600,18.03,D
sh601126,四方股份,2025-09-24 09:41:47,18.03,24500,18.01,U
sh601126,四方股份,2025-09-24 09:42:05,18.05,36800,18.03,U
sh601126,四方股份,2025-09-24 09:42:26,18.03,30500,18.03,U
sh601126,四方股份,2025-09-24 09:42:44,18.03,18200,18.03,D
sh601126,四方股份,2025-09-24 09:42:51,18.07,33400,18.03,U
sh601126,四方股份,2025-09-24 09:43:14,18.1,24300,18.09,U
sh601126,四方股份,2025-09-24 09:43:23,18.09,15500,18.1,D
sh601126,四方股份,2025-09-24 09:43:32,18.09,36900,18.08,U
sh601126,四方股份,2025-09-24 09:43:47,18.08,45100,18.09,D
sh601126,四方股份,2025-09-24 09:43:50,18.08,21900,18.08,D
sh601126,四方股份,2025-09-24 09:43:53,18.12,30900,18.08,U
sh601126,四方股份,2025-09-24 09:44:02,18.08,11200,18.1,D
sh601126,四方股份,2025-09-24 09:44:08,18.1,21400,18.09,U
sh601126,四方股份,2025-09-24 09:44:11,18.09,34900,18.1,U
sh601126,四方股份,2025-09-24 09:44:23,18.1,12400,18.09,U
sh601126,四方股份,2025-09-24 09:44:32,18.11,36600,18.1,U
sh601126,四方股份,2025-09-24 09:44:35,18.11,15400,18.11,U
sh601126,四方股份,2025-09-24 09:44:56,18.13,11300,18.13,U
sh601126,四方股份,2025-09-24 09:45:32,18.12,11400,18.13,D
sh601126,四方股份,2025-09-24 09:45:38,18.13,12200,18.13,U
sh601126,四方股份,2025-09-24 09:45:50,18.13,18500,18.12,U
sh601126,四方股份,2025-09-24 09:45:56,18.15,43700,18.12,U
sh601126,四方股份,2025-09-24 09:46:02,18.19,84500,18.16,U
sh601126,四方股份,2025-09-24 09:46:05,18.19,28500,18.19,D
sh601126,四方股份,2025-09-24 09:46:26,18.13,19900,18.15,D
sh601126,四方股份,2025-09-24 09:47:02,18.12,29700,18.11,U
sh601126,四方股份,2025-09-24 09:47:29,18.11,15800,18.11,D
sh601126,四方股份,2025-09-24 09:47:41,18.1,11500,18.1,D
sh601126,四方股份,2025-09-24 09:49:05,18.1,16400,18.1,U
sh601126,四方股份,2025-09-24 09:50:02,18.07,14500,18.07,D
sh601126,四方股份,2025-09-24 09:50:23,18.08,13300,18.07,U
sh601126,四方股份,2025-09-24 09:50:26,18.1,11200,18.08,U
sh601126,四方股份,2025-09-24 09:50:29,18.1,11100,18.1,U
sh601126,四方股份,2025-09-24 09:50:41,18.12,17400,18.1,U
sh601126,四方股份,2025-09-24 09:52:20,18.12,11600,18.11,U
sh601126,四方股份,2025-09-24 09:52:23,18.14,16500,18.12,U
sh601126,四方股份,2025-09-24 09:52:29,18.17,13800,18.15,U
sh601126,四方股份,2025-09-24 09:52:44,18.2,112900,18.16,U
sh601126,四方股份,2025-09-24 09:52:56,18.17,21000,18.19,D
sh601126,四方股份,2025-09-24 09:53:05,18.17,13600,18.19,U
sh601126,四方股份,2025-09-24 09:53:29,18.13,13500,18.12,U
sh601126,四方股份,2025-09-24 09:54:57,18.1,13400,18.1,D
sh601126,四方股份,2025-09-24 09:56:50,18.07,14500,18.07,U
sh601126,四方股份,2025-09-24 09:56:56,18.08,16600,18.07,U
sh601126,四方股份,2025-09-24 09:57:35,18.07,31300,18.06,U
sh601126,四方股份,2025-09-24 10:00:59,18.08,11100,18.08,U
sh601126,四方股份,2025-09-24 10:01:11,18.06,21400,18.06,D
sh601126,四方股份,2025-09-24 10:04:32,18.06,22600,18.05,U
sh601126,四方股份,2025-09-24 10:05:26,18.06,14900,18.05,U
sh601126,四方股份,2025-09-24 10:06:05,18.05,11100,18.05,D
sh601126,四方股份,2025-09-24 10:06:08,18.05,16000,18.05,D
sh601126,四方股份,2025-09-24 10:06:32,18.07,11200,18.06,U
sh601126,四方股份,2025-09-24 10:06:35,18.08,26800,18.07,U
sh601126,四方股份,2025-09-24 10:06:38,18.1,25500,18.08,U
sh601126,四方股份,2025-09-24 10:10:59,18.03,19800,18.02,U
sh601126,四方股份,2025-09-24 10:11:14,18.02,12300,18.02,D
sh601126,四方股份,2025-09-24 10:12:02,18.03,26000,18.02,U
sh601126,四方股份,2025-09-24 10:13:56,17.98,28500,17.99,D
sh601126,四方股份,2025-09-24 10:15:35,17.97,51300,17.97,U
sh601126,四方股份,2025-09-24 10:16:14,17.98,11200,17.95,U
sh601126,四方股份,2025-09-24 10:18:08,17.97,11600,17.98,D
sh601126,四方股份,2025-09-24 10:21:26,18.05,12200,18.04,U
sh601126,四方股份,2025-09-24 10:21:29,18.06,12200,18.05,U
sh601126,四方股份,2025-09-24 10:21:44,18.06,12300,18.06,U
sh601126,四方股份,2025-09-24 10:21:50,18.08,11900,18.07,U
sh601126,四方股份,2025-09-24 10:22:02,18.09,14300,18.08,U
sh601126,四方股份,2025-09-24 10:22:08,18.1,12700,18.1,U
sh601126,四方股份,2025-09-24 10:22:17,18.12,13600,18.11,U
sh601126,四方股份,2025-09-24 10:22:26,18.14,43700,18.12,U
sh601126,四方股份,2025-09-24 10:22:29,18.14,81400,18.14,E
sh601126,四方股份,2025-09-24 10:22:32,18.14,17200,18.14,D
sh601126,四方股份,2025-09-24 10:22:44,18.13,27300,18.13,U
sh601126,四方股份,2025-09-24 10:23:02,18.1,12700,18.12,D
sh601126,四方股份,2025-09-24 10:23:50,18.14,11900,18.12,U
sh601126,四方股份,2025-09-24 10:24:02,18.12,19400,18.12,U
sh601126,四方股份,2025-09-24 10:24:14,18.13,12700,18.13,E
sh601126,四方股份,2025-09-24 10:24:53,18.08,16900,18.1,D
sh601126,四方股份,2025-09-24 10:25:14,18.1,12300,18.1,U
sh601126,四方股份,2025-09-24 10:26:17,18.07,15800,18.05,U
sh601126,四方股份,2025-09-24 10:26:50,18.06,20200,18.03,U
sh601126,四方股份,2025-09-24 10:27:35,18.1,38500,18.07,U
sh601126,四方股份,2025-09-24 10:27:56,18.1,13000,18.12,D
sh601126,四方股份,2025-09-24 10:28:20,18.14,13500,18.12,U
sh601126,四方股份,2025-09-24 10:29:05,18.12,13400,18.1,U
sh601126,四方股份,2025-09-24 10:33:47,18.11,13200,18.1,U
sh601126,四方股份,2025-09-24 10:33:59,18.14,124500,18.12,U
sh601126,四方股份,2025-09-24 10:34:11,18.16,129300,18.15,U
sh601126,四方股份,2025-09-24 10:34:30,18.16,25700,18.16,U
sh601126,四方股份,2025-09-24 10:34:32,18.16,24800,18.16,D
sh601126,四方股份,2025-09-24 10:34:41,18.15,23300,18.14,D
sh601126,四方股份,2025-09-24 10:35:05,18.16,16600,18.16,U
sh601126,四方股份,2025-09-24 10:35:17,18.15,13400,18.16,D
sh601126,四方股份,2025-09-24 10:35:20,18.16,11900,18.15,U
sh601126,四方股份,2025-09-24 10:36:05,18.15,11600,18.15,D
sh601126,四方股份,2025-09-24 10:40:12,18.16,36400,18.15,U
sh601126,四方股份,2025-09-24 10:40:20,18.17,19700,18.15,U
sh601126,四方股份,2025-09-24 10:41:02,18.17,44500,18.17,U
sh601126,四方股份,2025-09-24 10:41:05,18.17,23800,18.17,U
sh601126,四方股份,2025-09-24 10:41:08,18.17,15100,18.17,U
sh601126,四方股份,2025-09-24 10:41:17,18.16,23800,18.17,D
sh601126,四方股份,2025-09-24 10:41:26,18.14,18100,18.16,D
sh601126,四方股份,2025-09-24 10:42:02,18.14,13100,18.15,D
sh601126,四方股份,2025-09-24 10:44:05,18.12,18700,18.12,D
sh601126,四方股份,2025-09-24 10:44:26,18.15,16200,18.13,U
sh601126,四方股份,2025-09-24 10:46:11,18.13,11600,18.13,U
sh601126,四方股份,2025-09-24 10:48:14,18.13,11500,18.14,D
sh601126,四方股份,2025-09-24 10:50:02,18.14,18600,18.15,E
sh601126,四方股份,2025-09-24 10:51:05,18.15,15200,18.14,U
sh601126,四方股份,2025-09-24 10:51:32,18.13,13200,18.14,D
sh601126,四方股份,2025-09-24 10:52:56,18.13,41600,18.14,D
sh601126,四方股份,2025-09-24 10:53:38,18.13,21100,18.15,D
sh601126,四方股份,2025-09-24 10:55:42,18.15,13900,18.14,U
sh601126,四方股份,2025-09-24 10:56:44,18.15,16800,18.15,D
sh601126,四方股份,2025-09-24 10:57:38,18.13,16500,18.14,D
sh601126,四方股份,2025-09-24 11:01:24,18.13,12900,18.14,D
sh601126,四方股份,2025-09-24 11:01:29,18.14,15200,18.13,U
sh601126,四方股份,2025-09-24 11:05:20,18.11,12600,18.12,D
sh601126,四方股份,2025-09-24 11:08:53,18.1,11500,18.1,U
sh601126,四方股份,2025-09-24 11:12:12,18.09,14500,18.09,D
sh601126,四方股份,2025-09-24 11:12:38,18.1,13100,18.1,D
sh601126,四方股份,2025-09-24 11:13:08,18.1,11800,18.11,D
sh601126,四方股份,2025-09-24 11:15:02,18.12,12800,18.12,U
sh601126,四方股份,2025-09-24 11:17:47,18.12,32900,18.14,D
sh601126,四方股份,2025-09-24 11:19:08,18.13,17800,18.12,U
sh601126,四方股份,2025-09-24 11:20:02,18.13,14300,18.13,U
sh601126,四方股份,2025-09-24 11:22:08,18.11,20000,18.13,D
sh601126,四方股份,2025-09-24 11:24:35,18.1,27400,18.11,D
sh601126,四方股份,2025-09-24 11:25:45,18.1,16100,18.11,D
sh601126,四方股份,2025-09-24 11:28:02,18.1,12100,18.1,D
sh601126,四方股份,2025-09-24 11:28:11,18.11,20500,18.12,E
sh601126,四方股份,2025-09-24 11:28:26,18.13,21300,18.1,U
sh601126,四方股份,2025-09-24 11:28:29,18.12,12100,18.13,D
sh601126,四方股份,2025-09-24 13:00:02,18.12,14100,18.11,U
sh601126,四方股份,2025-09-24 13:00:08,18.12,12300,18.12,D
sh601126,四方股份,2025-09-24 13:00:11,18.12,26700,18.12,D
sh601126,四方股份,2025-09-24 13:00:14,18.12,17900,18.12,D
sh601126,四方股份,2025-09-24 13:00:26,18.12,11900,18.13,D
sh601126,四方股份,2025-09-24 13:01:05,18.09,51400,18.12,D
sh601126,四方股份,2025-09-24 13:01:45,18.09,11300,18.1,D
sh601126,四方股份,2025-09-24 13:01:56,18.08,13700,18.1,D
sh601126,四方股份,2025-09-24 13:02:05,18.07,33300,18.08,D
sh601126,四方股份,2025-09-24 13:03:08,18.05,11100,18.07,D
sh601126,四方股份,2025-09-24 13:06:02,18.07,16800,18.06,U
sh601126,四方股份,2025-09-24 13:06:05,18.07,13500,18.07,U
sh601126,四方股份,2025-09-24 13:06:08,18.07,25500,18.07,U
sh601126,四方股份,2025-09-24 13:06:41,18.06,40600,18.08,D
sh601126,四方股份,2025-09-24 13:08:14,18.04,11500,18.03,U
sh601126,四方股份,2025-09-24 13:09:20,18.04,13500,18.05,D
sh601126,四方股份,2025-09-24 13:09:59,18.05,18500,18.05,U
sh601126,四方股份,2025-09-24 13:10:32,18.05,27600,18.07,D
sh601126,四方股份,2025-09-24 13:11:47,18.03,23400,18.03,D
sh601126,四方股份,2025-09-24 13:13:35,18.03,30000,18.01,U
sh601126,四方股份,2025-09-24 13:13:56,18.03,15200,18.02,U
sh601126,四方股份,2025-09-24 13:14:00,18.01,24300,18.03,D
sh601126,四方股份,2025-09-24 13:14:11,18.03,21500,18.03,E
sh601126,四方股份,2025-09-24 13:14:20,18.0,32600,18.03,D
sh601126,四方股份,2025-09-24 13:15:08,18.05,21900,18.02,U
sh601126,四方股份,2025-09-24 13:22:26,18.06,11500,18.06,D
sh601126,四方股份,2025-09-24 13:25:56,18.05,15800,18.06,D
sh601126,四方股份,2025-09-24 13:25:59,18.05,18300,18.05,U
sh601126,四方股份,2025-09-24 13:28:23,18.07,19600,18.07,U
sh601126,四方股份,2025-09-24 13:29:26,18.07,127500,18.06,U
sh601126,四方股份,2025-09-24 13:31:53,18.09,15300,18.09,U
sh601126,四方股份,2025-09-24 13:33:26,18.17,226800,18.12,U
sh601126,四方股份,2025-09-24 13:33:29,18.18,18400,18.17,U
sh601126,四方股份,2025-09-24 13:33:38,18.19,88700,18.17,U
sh601126,四方股份,2025-09-24 13:33:41,18.21,304000,18.19,U
sh601126,四方股份,2025-09-24 13:33:44,18.23,24500,18.21,U
sh601126,四方股份,2025-09-24 13:33:50,18.23,48000,18.23,U
sh601126,四方股份,2025-09-24 13:34:14,18.22,16800,18.21,U
sh601126,四方股份,2025-09-24 13:35:41,18.21,14000,18.21,U
sh601126,四方股份,2025-09-24 13:36:11,18.21,12700,18.21,U
sh601126,四方股份,2025-09-24 13:37:35,18.23,90500,18.21,U
sh601126,四方股份,2025-09-24 13:37:38,18.25,167500,18.23,U
sh601126,四方股份,2025-09-24 13:37:41,18.25,14000,18.25,U
sh601126,四方股份,2025-09-24 13:37:44,18.28,86100,18.25,U
sh601126,四方股份,2025-09-24 13:37:47,18.28,22700,18.28,U
sh601126,四方股份,2025-09-24 13:37:50,18.29,29500,18.28,U
sh601126,四方股份,2025-09-24 13:37:59,18.29,11200,18.29,U
sh601126,四方股份,2025-09-24 13:38:02,18.29,44900,18.29,U
sh601126,四方股份,2025-09-24 13:38:20,18.25,50300,18.27,D
sh601126,四方股份,2025-09-24 13:38:32,18.27,155400,18.26,U
sh601126,四方股份,2025-09-24 13:38:38,18.28,35400,18.26,U
sh601126,四方股份,2025-09-24 13:38:59,18.25,12200,18.24,U
sh601126,四方股份,2025-09-24 13:39:08,18.26,11800,18.25,U
sh601126,四方股份,2025-09-24 13:39:11,18.26,23100,18.26,U
sh601126,四方股份,2025-09-24 13:39:20,18.27,16600,18.26,U
sh601126,四方股份,2025-09-24 13:39:23,18.25,11500,18.27,D
sh601126,四方股份,2025-09-24 13:39:35,18.25,11100,18.25,U
sh601126,四方股份,2025-09-24 13:40:17,18.26,12800,18.25,U
sh601126,四方股份,2025-09-24 13:40:57,18.26,23800,18.26,U
sh601126,四方股份,2025-09-24 13:41:47,18.26,12300,18.26,U
sh601126,四方股份,2025-09-24 13:42:20,18.25,15900,18.25,D
sh601126,四方股份,2025-09-24 13:43:20,18.23,22200,18.24,D
sh601126,四方股份,2025-09-24 13:44:26,18.27,41000,18.26,U
sh601126,四方股份,2025-09-24 13:45:08,18.27,22500,18.27,D
sh601126,四方股份,2025-09-24 13:45:11,18.27,20200,18.27,D
sh601126,四方股份,2025-09-24 13:47:47,18.26,19500,18.26,U
sh601126,四方股份,2025-09-24 13:48:11,18.27,31800,18.26,U
sh601126,四方股份,2025-09-24 13:48:41,18.28,17500,18.28,U
sh601126,四方股份,2025-09-24 13:49:23,18.27,34900,18.27,D
sh601126,四方股份,2025-09-24 13:50:50,18.27,13800,18.27,U
sh601126,四方股份,2025-09-24 13:51:21,18.26,20100,18.26,D
sh601126,四方股份,2025-09-24 13:51:29,18.27,85700,18.26,U
sh601126,四方股份,2025-09-24 13:51:32,18.27,32300,18.27,D
sh601126,四方股份,2025-09-24 13:53:02,18.26,20500,18.27,D
sh601126,四方股份,2025-09-24 13:53:24,18.25,16200,18.25,D
sh601126,四方股份,2025-09-24 13:53:38,18.26,18200,18.26,U
sh601126,四方股份,2025-09-24 13:53:50,18.25,20000,18.26,D
sh601126,四方股份,2025-09-24 13:55:32,18.27,60000,18.24,U
sh601126,四方股份,2025-09-24 13:58:05,18.23,11300,18.23,D
sh601126,四方股份,2025-09-24 13:59:41,18.21,16300,18.21,D
sh601126,四方股份,2025-09-24 14:00:08,18.23,31400,18.22,U
sh601126,四方股份,2025-09-24 14:03:11,18.23,11000,18.24,D
sh601126,四方股份,2025-09-24 14:09:26,18.21,20000,18.2,U
sh601126,四方股份,2025-09-24 14:09:35,18.2,55300,18.2,D
sh601126,四方股份,2025-09-24 14:09:59,18.21,11500,18.21,U
sh601126,四方股份,2025-09-24 14:10:08,18.22,16300,18.2,U
sh601126,四方股份,2025-09-24 14:10:14,18.25,129000,18.2,U
sh601126,四方股份,2025-09-24 14:10:17,18.25,41800,18.25,U
sh601126,四方股份,2025-09-24 14:11:20,18.23,14600,18.24,D
sh601126,四方股份,2025-09-24 14:12:06,18.26,34200,18.24,U
sh601126,四方股份,2025-09-24 14:12:12,18.3,444300,18.27,U
sh601126,四方股份,2025-09-24 14:12:14,18.31,81500,18.3,U
sh601126,四方股份,2025-09-24 14:12:35,18.31,11100,18.31,U
sh601126,四方股份,2025-09-24 14:14:11,18.3,19300,18.3,D
sh601126,四方股份,2025-09-24 14:15:35,18.3,14900,18.29,U
sh601126,四方股份,2025-09-24 14:20:44,18.25,12500,18.26,D
sh601126,四方股份,2025-09-24 14:21:32,18.26,11900,18.26,U
sh601126,四方股份,2025-09-24 14:21:44,18.26,20200,18.26,D
sh601126,四方股份,2025-09-24 14:22:20,18.25,38600,18.24,U
sh601126,四方股份,2025-09-24 14:22:23,18.24,11200,18.25,D
sh601126,四方股份,2025-09-24 14:23:05,18.24,17200,18.25,D
sh601126,四方股份,2025-09-24 14:24:23,18.23,13400,18.21,U
sh601126,四方股份,2025-09-24 14:25:53,18.23,12500,18.24,D
sh601126,四方股份,2025-09-24 14:25:59,18.25,26500,18.23,U
sh601126,四方股份,2025-09-24 14:28:23,18.23,17200,18.23,U
sh601126,四方股份,2025-09-24 14:28:32,18.24,60000,18.23,U
sh601126,四方股份,2025-09-24 14:28:38,18.24,12600,18.24,U
sh601126,四方股份,2025-09-24 14:28:56,18.24,39600,18.24,U
sh601126,四方股份,2025-09-24 14:32:53,18.27,22800,18.25,U
sh601126,四方股份,2025-09-24 14:37:29,18.26,19800,18.25,U
sh601126,四方股份,2025-09-24 14:41:08,18.24,16200,18.25,D
sh601126,四方股份,2025-09-24 14:41:50,18.25,19700,18.25,D
sh601126,四方股份,2025-09-24 14:42:35,18.25,42800,18.24,U
sh601126,四方股份,2025-09-24 14:45:20,18.25,13300,18.25,U
sh601126,四方股份,2025-09-24 14:45:38,18.25,80900,18.25,U
sh601126,四方股份,2025-09-24 14:46:56,18.26,16300,18.26,D
sh601126,四方股份,2025-09-24 14:47:38,18.26,30400,18.27,D
sh601126,四方股份,2025-09-24 14:48:53,18.26,15000,18.26,D
sh601126,四方股份,2025-09-24 14:49:47,18.26,17900,18.26,D
sh601126,四方股份,2025-09-24 14:49:59,18.27,12900,18.26,U
sh601126,四方股份,2025-09-24 14:50:02,18.25,27600,18.27,D
sh601126,四方股份,2025-09-24 14:50:26,18.26,16600,18.24,U
sh601126,四方股份,2025-09-24 14:51:36,18.26,30100,18.24,U
sh601126,四方股份,2025-09-24 14:51:41,18.26,16600,18.25,U
sh601126,四方股份,2025-09-24 14:52:08,18.27,49100,18.25,U
sh601126,四方股份,2025-09-24 14:52:44,18.28,15300,18.27,U
sh601126,四方股份,2025-09-24 14:52:59,18.28,49900,18.27,U
sh601126,四方股份,2025-09-24 14:53:05,18.28,20500,18.28,D
sh601126,四方股份,2025-09-24 14:53:17,18.29,11500,18.28,U
sh601126,四方股份,2025-09-24 14:53:23,18.29,33800,18.27,U
sh601126,四方股份,2025-09-24 14:53:41,18.28,34800,18.28,D
sh601126,四方股份,2025-09-24 14:54:02,18.27,24100,18.29,D
sh601126,四方股份,2025-09-24 14:54:32,18.27,28000,18.28,D
sh601126,四方股份,2025-09-24 14:55:09,18.27,21600,18.27,D
sh601126,四方股份,2025-09-24 14:55:24,18.28,19500,18.28,U
sh601126,四方股份,2025-09-24 14:55:45,18.28,13200,18.28,U
sh601126,四方股份,2025-09-24 14:56:11,18.28,49500,18.28,U
sh601126,四方股份,2025-09-24 14:56:17,18.28,24100,18.29,D
sh601126,四方股份,2025-09-24 14:56:20,18.28,23100,18.28,U
sh601126,四方股份,2025-09-24 15:00:03,18.3,143800,18.29,U
