symbol,name,ticktime,price,volume,prev_price,kind
sh601126,四方股份,2025-10-14 09:25:01,23.92,1213400,0.0,U
sh601126,四方股份,2025-10-14 09:30:02,24.0,180400,23.92,U
sh601126,四方股份,2025-10-14 09:30:05,24.0,198700,24.0,D
sh601126,四方股份,2025-10-14 09:30:08,24.3,346372,24.0,U
sh601126,四方股份,2025-10-14 09:30:11,24.4,131425,24.3,U
sh601126,四方股份,2025-10-14 09:30:14,24.3,126800,24.4,D
sh601126,四方股份,2025-10-14 09:30:17,24.15,107100,24.3,D
sh601126,四方股份,2025-10-14 09:30:20,24.3,141100,24.15,U
sh601126,四方股份,2025-10-14 09:30:23,24.36,202500,24.3,U
sh601126,四方股份,2025-10-14 09:30:26,24.08,86800,24.36,E
sh601126,四方股份,2025-10-14 09:30:29,24.2,128600,24.08,U
sh601126,四方股份,2025-10-14 09:30:32,24.25,212200,24.2,U
sh601126,四方股份,2025-10-14 09:30:35,24.2,144800,24.25,D
sh601126,四方股份,2025-10-14 09:30:38,24.33,241600,24.2,U
sh601126,四方股份,2025-10-14 09:30:41,24.15,205600,24.33,D
sh601126,四方股份,2025-10-14 09:30:44,24.23,197700,24.15,U
sh601126,四方股份,2025-10-14 09:30:47,24.16,184300,24.23,D
sh601126,四方股份,2025-10-14 09:30:50,24.23,237300,24.16,E
sh601126,四方股份,2025-10-14 09:30:53,24.33,186500,24.23,U
sh601126,四方股份,2025-10-14 09:30:56,24.37,155900,24.33,U
sh601126,四方股份,2025-10-14 09:30:59,24.48,215500,24.37,U
sh601126,四方股份,2025-10-14 09:31:02,24.37,132900,24.48,D
sh601126,四方股份,2025-10-14 09:31:05,24.38,156800,24.37,U
sh601126,四方股份,2025-10-14 09:31:08,24.49,172400,24.38,U
sh601126,四方股份,2025-10-14 09:31:11,24.42,144700,24.49,D
sh601126,四方股份,2025-10-14 09:31:14,24.51,274400,24.42,U
sh601126,四方股份,2025-10-14 09:31:17,24.58,161300,24.51,U
sh601126,四方股份,2025-10-14 09:31:20,24.42,252000,24.58,D
sh601126,四方股份,2025-10-14 09:31:23,24.66,126300,24.42,U
sh601126,四方股份,2025-10-14 09:31:26,24.6,197700,24.66,E
sh601126,四方股份,2025-10-14 09:31:29,24.6,205900,24.6,D
sh601126,四方股份,2025-10-14 09:31:32,24.6,116200,24.6,D
sh601126,四方股份,2025-10-14 09:31:35,24.58,88000,24.6,E
sh601126,四方股份,2025-10-14 09:31:38,24.52,103600,24.58,D
sh601126,四方股份,2025-10-14 09:31:41,24.5,90900,24.52,E
sh601126,四方股份,2025-10-14 09:31:44,24.38,59100,24.5,D
sh601126,四方股份,2025-10-14 09:31:47,24.38,109300,24.38,D
sh601126,四方股份,2025-10-14 09:31:50,24.37,96800,24.38,D
sh601126,四方股份,2025-10-14 09:31:53,24.34,62600,24.37,D
sh601126,四方股份,2025-10-14 09:31:56,24.3,261000,24.34,D
sh601126,四方股份,2025-10-14 09:31:59,24.27,90100,24.3,D
sh601126,四方股份,2025-10-14 09:32:02,24.27,107200,24.27,U
sh601126,四方股份,2025-10-14 09:32:05,24.25,135600,24.27,D
sh601126,四方股份,2025-10-14 09:32:08,24.27,70700,24.25,U
sh601126,四方股份,2025-10-14 09:32:11,24.27,85200,24.27,U
sh601126,四方股份,2025-10-14 09:32:14,24.16,85400,24.27,D
sh601126,四方股份,2025-10-14 09:32:17,24.41,205200,24.16,U
sh601126,四方股份,2025-10-14 09:32:20,24.52,84600,24.41,U
sh601126,四方股份,2025-10-14 09:32:23,24.47,136800,24.52,D
sh601126,四方股份,2025-10-14 09:32:26,24.52,43800,24.47,E
sh601126,四方股份,2025-10-14 09:32:29,24.47,97300,24.52,D
sh601126,四方股份,2025-10-14 09:32:32,24.51,155400,24.47,U
sh601126,四方股份,2025-10-14 09:32:35,24.48,42700,24.51,D
sh601126,四方股份,2025-10-14 09:32:38,24.52,157300,24.48,U
sh601126,四方股份,2025-10-14 09:32:41,24.5,105124,24.52,D
sh601126,四方股份,2025-10-14 09:32:44,24.49,115700,24.5,E
sh601126,四方股份,2025-10-14 09:32:47,24.56,133800,24.49,U
sh601126,四方股份,2025-10-14 09:32:50,24.46,85300,24.56,D
sh601126,四方股份,2025-10-14 09:32:53,24.49,345100,24.46,U
sh601126,四方股份,2025-10-14 09:32:56,24.55,31000,24.49,U
sh601126,四方股份,2025-10-14 09:32:59,24.6,84900,24.55,U
sh601126,四方股份,2025-10-14 09:33:02,24.55,82900,24.6,D
sh601126,四方股份,2025-10-14 09:33:05,24.55,36500,24.55,D
sh601126,四方股份,2025-10-14 09:33:08,24.59,118500,24.55,U
sh601126,四方股份,2025-10-14 09:33:11,24.65,113900,24.59,U
sh601126,四方股份,2025-10-14 09:33:14,24.66,67700,24.65,U
sh601126,四方股份,2025-10-14 09:33:17,24.6,78000,24.66,D
sh601126,四方股份,2025-10-14 09:33:20,24.71,32800,24.6,E
sh601126,四方股份,2025-10-14 09:33:23,24.74,49800,24.71,U
sh601126,四方股份,2025-10-14 09:33:26,24.74,52400,24.74,D
sh601126,四方股份,2025-10-14 09:33:29,24.75,151600,24.74,U
sh601126,四方股份,2025-10-14 09:33:32,24.75,130000,24.75,D
sh601126,四方股份,2025-10-14 09:33:35,24.79,197100,24.75,U
sh601126,四方股份,2025-10-14 09:33:38,24.79,191900,24.79,D
sh601126,四方股份,2025-10-14 09:33:41,24.69,111800,24.79,D
sh601126,四方股份,2025-10-14 09:33:44,24.63,34700,24.69,E
sh601126,四方股份,2025-10-14 09:33:47,24.55,73400,24.63,D
sh601126,四方股份,2025-10-14 09:33:50,24.5,56300,24.55,D
sh601126,四方股份,2025-10-14 09:33:53,24.5,54100,24.5,U
sh601126,四方股份,2025-10-14 09:33:56,24.55,284300,24.5,U
sh601126,四方股份,2025-10-14 09:33:59,24.63,73300,24.55,U
sh601126,四方股份,2025-10-14 09:34:02,24.94,57200,24.63,U
sh601126,四方股份,2025-10-14 09:34:05,24.79,87200,24.94,D
sh601126,四方股份,2025-10-14 09:34:08,24.63,296100,24.79,D
sh601126,四方股份,2025-10-14 09:34:11,24.79,49900,24.63,U
sh601126,四方股份,2025-10-14 09:34:14,24.81,113700,24.79,U
sh601126,四方股份,2025-10-14 09:34:17,24.84,172200,24.81,U
sh601126,四方股份,2025-10-14 09:34:20,24.88,80500,24.84,U
sh601126,四方股份,2025-10-14 09:34:23,24.87,69600,24.88,D
sh601126,四方股份,2025-10-14 09:34:26,24.93,97200,24.87,U
sh601126,四方股份,2025-10-14 09:34:29,25.0,70000,24.93,U
sh601126,四方股份,2025-10-14 09:34:32,25.01,97300,25.0,U
sh601126,四方股份,2025-10-14 09:34:35,25.08,83500,25.01,U
sh601126,四方股份,2025-10-14 09:34:38,25.17,53200,25.08,U
sh601126,四方股份,2025-10-14 09:34:41,25.05,145600,25.17,D
sh601126,四方股份,2025-10-14 09:34:44,25.04,166000,25.05,D
sh601126,四方股份,2025-10-14 09:34:47,24.96,65900,25.04,D
sh601126,四方股份,2025-10-14 09:34:50,24.97,48300,24.96,E
sh601126,四方股份,2025-10-14 09:34:53,24.92,111500,24.97,D
sh601126,四方股份,2025-10-14 09:34:56,24.9,59700,24.92,E
sh601126,四方股份,2025-10-14 09:34:59,24.88,51800,24.9,U
sh601126,四方股份,2025-10-14 09:35:02,24.9,174600,24.88,E
sh601126,四方股份,2025-10-14 09:35:05,24.93,164400,24.9,U
sh601126,四方股份,2025-10-14 09:35:08,24.91,45400,24.93,D
sh601126,四方股份,2025-10-14 09:35:11,24.9,94200,24.91,D
sh601126,四方股份,2025-10-14 09:35:14,24.87,416700,24.9,D
sh601126,四方股份,2025-10-14 09:35:17,24.88,51800,24.87,U
sh601126,四方股份,2025-10-14 09:35:20,24.81,92500,24.88,D
sh601126,四方股份,2025-10-14 09:35:23,24.8,34300,24.81,D
sh601126,四方股份,2025-10-14 09:35:26,24.8,63400,24.8,U
sh601126,四方股份,2025-10-14 09:35:29,24.76,28200,24.8,D
sh601126,四方股份,2025-10-14 09:35:32,24.81,98500,24.76,U
sh601126,四方股份,2025-10-14 09:35:35,24.76,22200,24.81,D
sh601126,四方股份,2025-10-14 09:35:38,24.78,30300,24.76,D
sh601126,四方股份,2025-10-14 09:35:41,24.76,34700,24.78,D
sh601126,四方股份,2025-10-14 09:35:44,24.76,72000,24.76,U
sh601126,四方股份,2025-10-14 09:35:47,24.72,88100,24.76,D
sh601126,四方股份,2025-10-14 09:35:50,24.72,16300,24.72,U
sh601126,四方股份,2025-10-14 09:35:53,24.7,63300,24.72,D
sh601126,四方股份,2025-10-14 09:35:56,24.69,284300,24.7,U
sh601126,四方股份,2025-10-14 09:35:59,24.66,34600,24.69,D
sh601126,四方股份,2025-10-14 09:36:02,24.56,88400,24.66,D
sh601126,四方股份,2025-10-14 09:36:05,24.57,54900,24.56,D
sh601126,四方股份,2025-10-14 09:36:08,24.56,20200,24.57,D
sh601126,四方股份,2025-10-14 09:36:11,24.54,91400,24.56,D
sh601126,四方股份,2025-10-14 09:36:14,24.52,96800,24.54,D
sh601126,四方股份,2025-10-14 09:36:17,24.53,94900,24.52,E
sh601126,四方股份,2025-10-14 09:36:20,24.56,125100,24.53,U
sh601126,四方股份,2025-10-14 09:36:23,24.56,104100,24.56,U
sh601126,四方股份,2025-10-14 09:36:26,24.54,52500,24.56,D
sh601126,四方股份,2025-10-14 09:36:29,24.56,16900,24.54,D
sh601126,四方股份,2025-10-14 09:36:32,24.54,40000,24.56,D
sh601126,四方股份,2025-10-14 09:36:35,24.53,25500,24.54,D
sh601126,四方股份,2025-10-14 09:36:38,24.51,54200,24.53,D
sh601126,四方股份,2025-10-14 09:36:41,24.51,38600,24.51,D
sh601126,四方股份,2025-10-14 09:36:44,24.49,14800,24.51,D
sh601126,四方股份,2025-10-14 09:36:47,24.43,19600,24.49,D
sh601126,四方股份,2025-10-14 09:36:50,24.4,41100,24.43,D
sh601126,四方股份,2025-10-14 09:36:53,24.39,11000,24.4,D
sh601126,四方股份,2025-10-14 09:36:56,24.36,121900,24.39,D
sh601126,四方股份,2025-10-14 09:36:59,24.33,30800,24.36,E
sh601126,四方股份,2025-10-14 09:37:02,24.36,92100,24.33,U
sh601126,四方股份,2025-10-14 09:37:05,24.32,55600,24.36,D
sh601126,四方股份,2025-10-14 09:37:08,24.36,40000,24.32,E
sh601126,四方股份,2025-10-14 09:37:11,24.41,62100,24.36,U
sh601126,四方股份,2025-10-14 09:37:14,24.44,29100,24.41,U
sh601126,四方股份,2025-10-14 09:37:17,24.46,38700,24.44,E
sh601126,四方股份,2025-10-14 09:37:20,24.46,26100,24.46,D
sh601126,四方股份,2025-10-14 09:37:23,24.47,59000,24.46,U
sh601126,四方股份,2025-10-14 09:37:26,24.47,91800,24.47,U
sh601126,四方股份,2025-10-14 09:37:29,24.46,64700,24.47,D
sh601126,四方股份,2025-10-14 09:37:32,24.47,30600,24.46,U
sh601126,四方股份,2025-10-14 09:37:35,24.48,19300,24.47,U
sh601126,四方股份,2025-10-14 09:37:38,24.44,41300,24.48,D
sh601126,四方股份,2025-10-14 09:37:41,24.4,35400,24.44,D
sh601126,四方股份,2025-10-14 09:37:44,24.4,20700,24.4,D
sh601126,四方股份,2025-10-14 09:37:47,24.4,24400,24.4,D
sh601126,四方股份,2025-10-14 09:37:50,24.39,37700,24.4,D
sh601126,四方股份,2025-10-14 09:37:53,24.39,197900,24.39,U
sh601126,四方股份,2025-10-14 09:37:56,24.41,53400,24.39,U
sh601126,四方股份,2025-10-14 09:37:59,24.43,27700,24.41,E
sh601126,四方股份,2025-10-14 09:38:02,24.53,209100,24.43,U
sh601126,四方股份,2025-10-14 09:38:05,24.58,61400,24.53,U
sh601126,四方股份,2025-10-14 09:38:08,24.62,31800,24.58,U
sh601126,四方股份,2025-10-14 09:38:11,24.7,82200,24.62,U
sh601126,四方股份,2025-10-14 09:38:14,24.7,16700,24.7,D
sh601126,四方股份,2025-10-14 09:38:17,24.7,34900,24.7,D
sh601126,四方股份,2025-10-14 09:38:20,24.68,16100,24.7,E
sh601126,四方股份,2025-10-14 09:38:23,24.66,30800,24.68,E
sh601126,四方股份,2025-10-14 09:38:26,24.65,62700,24.66,E
sh601126,四方股份,2025-10-14 09:38:29,24.66,79300,24.65,U
sh601126,四方股份,2025-10-14 09:38:32,24.61,21400,24.66,D
sh601126,四方股份,2025-10-14 09:38:35,24.66,24800,24.61,U
sh601126,四方股份,2025-10-14 09:38:38,24.65,31700,24.66,D
sh601126,四方股份,2025-10-14 09:38:41,24.83,348000,24.65,U
sh601126,四方股份,2025-10-14 09:38:44,24.92,75000,24.83,U
sh601126,四方股份,2025-10-14 09:38:47,24.99,123400,24.92,U
sh601126,四方股份,2025-10-14 09:38:50,25.01,129500,24.99,U
sh601126,四方股份,2025-10-14 09:38:53,25.0,69200,25.01,D
sh601126,四方股份,2025-10-14 09:38:56,24.9,110700,25.0,D
sh601126,四方股份,2025-10-14 09:38:59,25.0,265300,24.9,U
sh601126,四方股份,2025-10-14 09:39:02,25.0,119600,25.0,D
sh601126,四方股份,2025-10-14 09:39:05,25.0,90400,25.0,D
sh601126,四方股份,2025-10-14 09:39:08,25.0,40500,25.0,D
sh601126,四方股份,2025-10-14 09:39:11,24.93,46400,25.0,D
sh601126,四方股份,2025-10-14 09:39:14,24.9,19100,24.93,D
sh601126,四方股份,2025-10-14 09:39:17,24.89,22600,24.9,D
sh601126,四方股份,2025-10-14 09:39:20,24.83,13100,24.89,D
sh601126,四方股份,2025-10-14 09:39:23,24.83,13600,24.83,D
sh601126,四方股份,2025-10-14 09:39:26,24.75,67400,24.83,D
sh601126,四方股份,2025-10-14 09:39:29,24.74,70700,24.75,D
sh601126,四方股份,2025-10-14 09:39:32,24.8,57800,24.74,U
sh601126,四方股份,2025-10-14 09:39:35,24.84,33400,24.8,U
sh601126,四方股份,2025-10-14 09:39:38,24.84,9700,24.84,D
sh601126,四方股份,2025-10-14 09:39:41,24.84,40800,24.84,D
sh601126,四方股份,2025-10-14 09:39:44,24.75,19600,24.84,D
sh601126,四方股份,2025-10-14 09:39:50,24.75,21400,24.78,D
sh601126,四方股份,2025-10-14 09:39:53,24.75,29600,24.75,D
sh601126,四方股份,2025-10-14 09:39:56,24.75,26100,24.75,D
sh601126,四方股份,2025-10-14 09:40:02,24.76,24100,24.76,E
sh601126,四方股份,2025-10-14 09:40:05,24.71,55200,24.76,D
sh601126,四方股份,2025-10-14 09:40:08,24.72,20100,24.71,U
sh601126,四方股份,2025-10-14 09:40:11,24.71,24400,24.72,E
sh601126,四方股份,2025-10-14 09:40:14,24.7,15500,24.71,D
sh601126,四方股份,2025-10-14 09:40:17,24.69,29800,24.7,D
sh601126,四方股份,2025-10-14 09:40:26,24.67,84000,24.68,U
sh601126,四方股份,2025-10-14 09:40:29,24.67,38300,24.67,D
sh601126,四方股份,2025-10-14 09:40:32,24.57,46400,24.67,D
sh601126,四方股份,2025-10-14 09:40:35,24.56,11900,24.57,D
sh601126,四方股份,2025-10-14 09:40:38,24.55,18300,24.56,D
sh601126,四方股份,2025-10-14 09:40:41,24.55,13800,24.55,D
sh601126,四方股份,2025-10-14 09:40:44,24.53,27600,24.55,D
sh601126,四方股份,2025-10-14 09:40:47,24.5,43500,24.53,D
sh601126,四方股份,2025-10-14 09:40:50,24.48,31300,24.5,D
sh601126,四方股份,2025-10-14 09:40:53,24.52,10800,24.48,U
sh601126,四方股份,2025-10-14 09:40:56,24.54,25200,24.52,U
sh601126,四方股份,2025-10-14 09:40:59,24.54,22700,24.54,U
sh601126,四方股份,2025-10-14 09:41:02,24.54,45000,24.54,U
sh601126,四方股份,2025-10-14 09:41:05,24.54,33600,24.54,D
sh601126,四方股份,2025-10-14 09:41:08,24.55,23700,24.54,E
sh601126,四方股份,2025-10-14 09:41:11,24.55,65200,24.55,U
sh601126,四方股份,2025-10-14 09:41:14,24.63,253100,24.55,U
sh601126,四方股份,2025-10-14 09:41:17,24.7,36700,24.63,U
sh601126,四方股份,2025-10-14 09:41:20,24.74,16900,24.7,U
sh601126,四方股份,2025-10-14 09:41:23,24.69,30900,24.74,D
sh601126,四方股份,2025-10-14 09:41:29,24.7,21400,24.72,E
sh601126,四方股份,2025-10-14 09:41:35,24.69,10900,24.67,U
sh601126,四方股份,2025-10-14 09:41:38,24.72,12200,24.69,U
sh601126,四方股份,2025-10-14 09:41:41,24.73,73000,24.72,U
sh601126,四方股份,2025-10-14 09:41:44,24.72,58900,24.73,D
sh601126,四方股份,2025-10-14 09:41:47,24.73,24900,24.72,U
sh601126,四方股份,2025-10-14 09:41:50,24.73,29500,24.73,U
sh601126,四方股份,2025-10-14 09:41:53,24.73,11400,24.73,U
sh601126,四方股份,2025-10-14 09:41:56,24.73,9600,24.73,D
sh601126,四方股份,2025-10-14 09:41:59,24.72,103200,24.73,D
sh601126,四方股份,2025-10-14 09:42:02,24.64,26300,24.72,D
sh601126,四方股份,2025-10-14 09:42:05,24.63,12300,24.64,D
sh601126,四方股份,2025-10-14 09:42:11,24.56,11300,24.56,D
sh601126,四方股份,2025-10-14 09:42:14,24.54,52600,24.56,D
sh601126,四方股份,2025-10-14 09:42:17,24.51,19100,24.54,D
sh601126,四方股份,2025-10-14 09:42:20,24.47,47500,24.51,D
sh601126,四方股份,2025-10-14 09:42:23,24.47,13500,24.47,D
sh601126,四方股份,2025-10-14 09:42:26,24.47,52900,24.47,D
sh601126,四方股份,2025-10-14 09:42:29,24.47,30600,24.47,U
sh601126,四方股份,2025-10-14 09:42:32,24.48,33900,24.47,U
sh601126,四方股份,2025-10-14 09:42:35,24.48,17100,24.48,U
sh601126,四方股份,2025-10-14 09:42:38,24.48,37600,24.48,D
sh601126,四方股份,2025-10-14 09:42:41,24.48,13000,24.48,D
sh601126,四方股份,2025-10-14 09:42:44,24.48,22800,24.48,D
sh601126,四方股份,2025-10-14 09:42:47,24.48,19900,24.48,U
sh601126,四方股份,2025-10-14 09:42:53,24.43,11000,24.47,E
sh601126,四方股份,2025-10-14 09:42:56,24.46,19900,24.43,E
sh601126,四方股份,2025-10-14 09:42:59,24.4,81000,24.46,D
sh601126,四方股份,2025-10-14 09:43:02,24.39,32400,24.4,D
sh601126,四方股份,2025-10-14 09:43:05,24.39,21600,24.39,D
sh601126,四方股份,2025-10-14 09:43:08,24.39,18000,24.39,D
sh601126,四方股份,2025-10-14 09:43:11,24.39,26100,24.39,U
sh601126,四方股份,2025-10-14 09:43:14,24.4,36000,24.39,U
sh601126,四方股份,2025-10-14 09:43:17,24.4,34900,24.4,U
sh601126,四方股份,2025-10-14 09:43:20,24.4,43800,24.4,E
sh601126,四方股份,2025-10-14 09:43:23,24.41,40568,24.4,E
sh601126,四方股份,2025-10-14 09:43:26,24.41,21000,24.41,D
sh601126,四方股份,2025-10-14 09:43:32,24.42,72000,24.42,D
sh601126,四方股份,2025-10-14 09:43:35,24.41,18800,24.42,E
sh601126,四方股份,2025-10-14 09:43:38,24.41,21200,24.41,U
sh601126,四方股份,2025-10-14 09:43:41,24.4,13600,24.41,D
sh601126,四方股份,2025-10-14 09:43:44,24.41,26300,24.4,U
sh601126,四方股份,2025-10-14 09:43:50,24.42,12600,24.41,U
sh601126,四方股份,2025-10-14 09:43:56,24.41,70000,24.42,D
sh601126,四方股份,2025-10-14 09:43:59,24.4,57700,24.41,D
sh601126,四方股份,2025-10-14 09:44:02,24.4,12600,24.4,D
sh601126,四方股份,2025-10-14 09:44:05,24.35,13400,24.4,D
sh601126,四方股份,2025-10-14 09:44:11,24.33,111300,24.34,D
sh601126,四方股份,2025-10-14 09:44:14,24.37,9300,24.33,U
sh601126,四方股份,2025-10-14 09:44:17,24.32,76200,24.37,D
sh601126,四方股份,2025-10-14 09:44:20,24.34,15900,24.32,U
sh601126,四方股份,2025-10-14 09:44:23,24.33,19700,24.34,D
sh601126,四方股份,2025-10-14 09:44:26,24.3,58600,24.33,D
sh601126,四方股份,2025-10-14 09:44:29,24.29,43800,24.3,D
sh601126,四方股份,2025-10-14 09:44:32,24.29,51000,24.29,D
sh601126,四方股份,2025-10-14 09:44:35,24.3,61200,24.29,U
sh601126,四方股份,2025-10-14 09:44:38,24.29,33900,24.3,D
sh601126,四方股份,2025-10-14 09:44:41,24.26,34500,24.29,D
sh601126,四方股份,2025-10-14 09:44:44,24.26,123300,24.26,D
sh601126,四方股份,2025-10-14 09:44:47,24.26,48600,24.26,U
sh601126,四方股份,2025-10-14 09:44:50,24.24,68300,24.26,D
sh601126,四方股份,2025-10-14 09:44:53,24.27,33532,24.24,U
sh601126,四方股份,2025-10-14 09:44:56,24.25,50400,24.27,D
sh601126,四方股份,2025-10-14 09:44:59,24.3,39400,24.25,U
sh601126,四方股份,2025-10-14 09:45:02,24.24,268700,24.3,D
sh601126,四方股份,2025-10-14 09:45:05,24.29,35600,24.24,U
sh601126,四方股份,2025-10-14 09:45:08,24.36,29400,24.29,U
sh601126,四方股份,2025-10-14 09:45:11,24.34,25800,24.36,U
sh601126,四方股份,2025-10-14 09:45:14,24.36,20300,24.34,U
sh601126,四方股份,2025-10-14 09:45:17,24.35,18300,24.36,D
sh601126,四方股份,2025-10-14 09:45:20,24.34,85400,24.35,D
sh601126,四方股份,2025-10-14 09:45:23,24.36,45600,24.34,U
sh601126,四方股份,2025-10-14 09:45:26,24.36,16700,24.36,U
sh601126,四方股份,2025-10-14 09:45:29,24.35,18800,24.36,D
sh601126,四方股份,2025-10-14 09:45:32,24.36,17900,24.35,E
sh601126,四方股份,2025-10-14 09:45:35,24.36,10800,24.36,U
sh601126,四方股份,2025-10-14 09:45:38,24.35,25200,24.36,D
sh601126,四方股份,2025-10-14 09:45:41,24.36,9800,24.35,U
sh601126,四方股份,2025-10-14 09:45:44,24.35,9290,24.36,D
sh601126,四方股份,2025-10-14 09:45:47,24.36,36400,24.35,U
sh601126,四方股份,2025-10-14 09:45:50,24.37,38000,24.36,U
sh601126,四方股份,2025-10-14 09:45:53,24.35,8700,24.37,D
sh601126,四方股份,2025-10-14 09:45:56,24.38,14400,24.35,U
sh601126,四方股份,2025-10-14 09:45:59,24.37,30700,24.38,D
sh601126,四方股份,2025-10-14 09:46:02,24.37,19700,24.37,D
sh601126,四方股份,2025-10-14 09:46:05,24.36,21200,24.37,D
sh601126,四方股份,2025-10-14 09:46:08,24.35,19600,24.36,D
sh601126,四方股份,2025-10-14 09:46:14,24.35,9600,24.35,U
sh601126,四方股份,2025-10-14 09:46:17,24.33,8600,24.35,D
sh601126,四方股份,2025-10-14 09:46:20,24.31,12800,24.33,D
sh601126,四方股份,2025-10-14 09:46:23,24.31,47700,24.31,D
sh601126,四方股份,2025-10-14 09:46:26,24.3,43600,24.31,D
sh601126,四方股份,2025-10-14 09:46:29,24.3,72300,24.3,D
sh601126,四方股份,2025-10-14 09:46:32,24.29,9400,24.3,D
sh601126,四方股份,2025-10-14 09:46:35,24.29,20800,24.29,U
sh601126,四方股份,2025-10-14 09:46:38,24.29,37400,24.29,U
sh601126,四方股份,2025-10-14 09:46:41,24.29,17800,24.29,D
sh601126,四方股份,2025-10-14 09:46:44,24.27,29200,24.29,D
sh601126,四方股份,2025-10-14 09:46:50,24.26,15300,24.27,E
sh601126,四方股份,2025-10-14 09:46:53,24.24,15500,24.26,D
sh601126,四方股份,2025-10-14 09:46:59,24.24,86000,24.25,D
sh601126,四方股份,2025-10-14 09:47:02,24.24,31100,24.24,D
sh601126,四方股份,2025-10-14 09:47:05,24.24,52698,24.24,U
sh601126,四方股份,2025-10-14 09:47:08,24.3,106300,24.24,U
sh601126,四方股份,2025-10-14 09:47:11,24.27,27900,24.3,D
sh601126,四方股份,2025-10-14 09:47:14,24.31,28600,24.27,E
sh601126,四方股份,2025-10-14 09:47:17,24.31,29000,24.31,D
sh601126,四方股份,2025-10-14 09:47:29,24.36,26900,24.34,U
sh601126,四方股份,2025-10-14 09:47:35,24.35,11100,24.34,U
sh601126,四方股份,2025-10-14 09:47:38,24.36,19200,24.35,U
sh601126,四方股份,2025-10-14 09:47:41,24.38,9800,24.36,U
sh601126,四方股份,2025-10-14 09:47:44,24.4,15200,24.38,U
sh601126,四方股份,2025-10-14 09:47:56,24.45,20700,24.41,U
sh601126,四方股份,2025-10-14 09:47:59,24.4,31700,24.45,D
sh601126,四方股份,2025-10-14 09:48:02,24.37,48000,24.4,D
sh601126,四方股份,2025-10-14 09:48:05,24.37,10900,24.37,D
sh601126,四方股份,2025-10-14 09:48:08,24.35,22800,24.37,D
sh601126,四方股份,2025-10-14 09:48:11,24.31,39600,24.35,D
sh601126,四方股份,2025-10-14 09:48:14,24.3,9000,24.31,D
sh601126,四方股份,2025-10-14 09:48:17,24.26,20300,24.3,D
sh601126,四方股份,2025-10-14 09:48:20,24.25,11100,24.26,D
sh601126,四方股份,2025-10-14 09:48:23,24.21,41500,24.25,D
sh601126,四方股份,2025-10-14 09:48:29,24.21,18800,24.2,U
sh601126,四方股份,2025-10-14 09:48:32,24.23,21700,24.21,E
sh601126,四方股份,2025-10-14 09:48:38,24.22,28200,24.24,D
sh601126,四方股份,2025-10-14 09:48:41,24.28,22600,24.22,U
sh601126,四方股份,2025-10-14 09:48:44,24.26,13700,24.28,D
sh601126,四方股份,2025-10-14 09:48:50,24.24,9100,24.26,D
sh601126,四方股份,2025-10-14 09:48:53,24.28,30700,24.24,U
sh601126,四方股份,2025-10-14 09:48:59,24.3,22400,24.29,E
sh601126,四方股份,2025-10-14 09:49:05,24.31,39700,24.31,D
sh601126,四方股份,2025-10-14 09:49:08,24.31,19300,24.31,D
sh601126,四方股份,2025-10-14 09:49:11,24.35,10500,24.31,U
sh601126,四方股份,2025-10-14 09:49:17,24.42,10600,24.37,U
sh601126,四方股份,2025-10-14 09:49:20,24.45,27100,24.42,U
sh601126,四方股份,2025-10-14 09:49:23,24.47,17000,24.45,U
sh601126,四方股份,2025-10-14 09:49:26,24.47,21700,24.47,D
sh601126,四方股份,2025-10-14 09:49:29,24.47,10000,24.47,E
sh601126,四方股份,2025-10-14 09:49:32,24.48,10900,24.47,U
sh601126,四方股份,2025-10-14 09:49:35,24.48,14000,24.48,D
sh601126,四方股份,2025-10-14 09:49:38,24.51,38100,24.48,U
sh601126,四方股份,2025-10-14 09:49:41,24.57,17100,24.51,U
sh601126,四方股份,2025-10-14 09:49:44,24.56,12800,24.57,U
sh601126,四方股份,2025-10-14 09:49:47,24.56,15700,24.56,U
sh601126,四方股份,2025-10-14 09:49:50,24.56,77900,24.56,D
sh601126,四方股份,2025-10-14 09:49:53,24.56,37300,24.56,U
sh601126,四方股份,2025-10-14 09:49:56,24.53,16000,24.56,D
sh601126,四方股份,2025-10-14 09:49:59,24.55,17800,24.53,U
sh601126,四方股份,2025-10-14 09:50:02,24.5,16700,24.55,D
sh601126,四方股份,2025-10-14 09:50:05,24.49,13700,24.5,D
sh601126,四方股份,2025-10-14 09:50:08,24.47,9300,24.49,D
sh601126,四方股份,2025-10-14 09:50:14,24.46,26300,24.46,U
sh601126,四方股份,2025-10-14 09:50:17,24.48,10600,24.46,U
sh601126,四方股份,2025-10-14 09:50:20,24.48,23700,24.48,U
sh601126,四方股份,2025-10-14 09:50:26,24.48,24800,24.46,D
sh601126,四方股份,2025-10-14 09:50:29,24.49,11700,24.48,U
sh601126,四方股份,2025-10-14 09:50:32,24.49,10700,24.49,U
sh601126,四方股份,2025-10-14 09:50:35,24.49,9600,24.49,D
sh601126,四方股份,2025-10-14 09:50:38,24.46,14500,24.49,D
sh601126,四方股份,2025-10-14 09:50:41,24.49,9000,24.46,U
sh601126,四方股份,2025-10-14 09:50:53,24.52,24500,24.47,U
sh601126,四方股份,2025-10-14 09:51:02,24.49,20500,24.52,D
sh601126,四方股份,2025-10-14 09:51:05,24.52,16900,24.49,E
sh601126,四方股份,2025-10-14 09:51:08,24.52,33300,24.52,U
sh601126,四方股份,2025-10-14 09:51:11,24.52,12500,24.52,D
sh601126,四方股份,2025-10-14 09:51:14,24.52,9000,24.52,D
sh601126,四方股份,2025-10-14 09:51:17,24.53,24100,24.52,E
sh601126,四方股份,2025-10-14 09:51:20,24.5,95700,24.53,D
sh601126,四方股份,2025-10-14 09:51:26,24.52,14600,24.5,U
sh601126,四方股份,2025-10-14 09:51:35,24.48,141900,24.48,D
sh601126,四方股份,2025-10-14 09:51:38,24.4,78900,24.48,D
sh601126,四方股份,2025-10-14 09:51:41,24.4,72400,24.4,U
sh601126,四方股份,2025-10-14 09:51:44,24.42,9200,24.4,U
sh601126,四方股份,2025-10-14 09:51:50,24.37,18700,24.42,D
sh601126,四方股份,2025-10-14 09:52:02,24.41,49000,24.33,U
sh601126,四方股份,2025-10-14 09:52:05,24.45,25800,24.41,U
sh601126,四方股份,2025-10-14 09:52:17,24.4,14100,24.41,D
sh601126,四方股份,2025-10-14 09:52:20,24.4,30000,24.4,D
sh601126,四方股份,2025-10-14 09:52:29,24.38,19100,24.39,D
sh601126,四方股份,2025-10-14 09:52:32,24.38,11700,24.38,U
sh601126,四方股份,2025-10-14 09:52:41,24.37,12000,24.37,U
sh601126,四方股份,2025-10-14 09:52:47,24.36,14400,24.37,D
sh601126,四方股份,2025-10-14 09:52:50,24.38,11100,24.36,U
sh601126,四方股份,2025-10-14 09:52:53,24.36,20900,24.38,D
sh601126,四方股份,2025-10-14 09:53:05,24.38,14200,24.38,U
sh601126,四方股份,2025-10-14 09:53:11,24.37,10700,24.38,D
sh601126,四方股份,2025-10-14 09:53:14,24.37,10000,24.37,U
sh601126,四方股份,2025-10-14 09:53:17,24.36,17398,24.37,D
sh601126,四方股份,2025-10-14 09:53:20,24.35,12200,24.36,D
sh601126,四方股份,2025-10-14 09:53:23,24.37,38300,24.35,U
sh601126,四方股份,2025-10-14 09:53:26,24.35,8800,24.37,U
sh601126,四方股份,2025-10-14 09:53:56,24.3,36000,24.3,U
sh601126,四方股份,2025-10-14 09:54:14,24.26,12100,24.27,D
sh601126,四方股份,2025-10-14 09:54:20,24.24,10700,24.25,D
sh601126,四方股份,2025-10-14 09:54:23,24.22,54400,24.24,D
sh601126,四方股份,2025-10-14 09:54:26,24.2,19400,24.22,D
sh601126,四方股份,2025-10-14 09:54:29,24.19,34700,24.2,D
sh601126,四方股份,2025-10-14 09:54:32,24.19,17600,24.19,D
sh601126,四方股份,2025-10-14 09:54:35,24.19,14900,24.19,U
sh601126,四方股份,2025-10-14 09:54:41,24.18,20400,24.17,U
sh601126,四方股份,2025-10-14 09:54:44,24.18,25100,24.18,U
sh601126,四方股份,2025-10-14 09:54:47,24.18,41400,24.18,U
sh601126,四方股份,2025-10-14 09:54:50,24.17,17700,24.18,U
sh601126,四方股份,2025-10-14 09:54:53,24.16,20100,24.17,D
sh601126,四方股份,2025-10-14 09:54:59,24.16,23500,24.16,U
sh601126,四方股份,2025-10-14 09:55:02,24.23,72400,24.16,U
sh601126,四方股份,2025-10-14 09:55:05,24.22,34400,24.23,D
sh601126,四方股份,2025-10-14 09:55:11,24.24,18200,24.24,D
sh601126,四方股份,2025-10-14 09:55:14,24.27,15000,24.24,U
sh601126,四方股份,2025-10-14 09:55:20,24.28,8300,24.27,D
sh601126,四方股份,2025-10-14 09:55:23,24.25,36300,24.28,D
sh601126,四方股份,2025-10-14 09:55:32,24.27,22400,24.26,E
sh601126,四方股份,2025-10-14 09:55:47,24.27,9900,24.26,U
sh601126,四方股份,2025-10-14 09:55:53,24.26,50400,24.27,D
sh601126,四方股份,2025-10-14 09:55:56,24.26,8800,24.26,D
sh601126,四方股份,2025-10-14 09:55:59,24.24,17400,24.26,D
sh601126,四方股份,2025-10-14 09:56:05,24.19,30300,24.21,D
sh601126,四方股份,2025-10-14 09:56:11,24.2,57900,24.18,U
sh601126,四方股份,2025-10-14 09:56:14,24.18,15500,24.2,U
sh601126,四方股份,2025-10-14 09:56:17,24.11,17300,24.18,D
sh601126,四方股份,2025-10-14 09:56:20,24.12,18400,24.11,U
sh601126,四方股份,2025-10-14 09:56:23,24.09,51800,24.12,D
sh601126,四方股份,2025-10-14 09:56:32,24.03,15200,24.06,D
sh601126,四方股份,2025-10-14 09:56:35,24.02,18100,24.03,D
sh601126,四方股份,2025-10-14 09:56:38,24.01,23100,24.02,D
sh601126,四方股份,2025-10-14 09:56:41,24.0,67200,24.01,D
sh601126,四方股份,2025-10-14 09:56:44,24.02,53000,24.0,U
sh601126,四方股份,2025-10-14 09:56:47,24.05,74100,24.02,U
sh601126,四方股份,2025-10-14 09:56:50,24.05,48400,24.05,D
sh601126,四方股份,2025-10-14 09:56:53,24.05,60900,24.05,D
sh601126,四方股份,2025-10-14 09:56:56,24.15,57400,24.05,U
sh601126,四方股份,2025-10-14 09:56:59,24.11,13500,24.15,E
sh601126,四方股份,2025-10-14 09:57:08,24.06,118700,24.06,D
sh601126,四方股份,2025-10-14 09:57:11,24.04,15100,24.06,E
sh601126,四方股份,2025-10-14 09:57:14,24.02,9300,24.04,D
sh601126,四方股份,2025-10-14 09:57:17,24.01,25800,24.02,D
sh601126,四方股份,2025-10-14 09:57:20,24.04,132100,24.01,U
sh601126,四方股份,2025-10-14 09:57:23,24.01,45500,24.04,D
sh601126,四方股份,2025-10-14 09:57:26,24.01,148800,24.01,D
sh601126,四方股份,2025-10-14 09:57:29,24.01,23000,24.01,U
sh601126,四方股份,2025-10-14 09:57:32,24.02,31700,24.01,E
sh601126,四方股份,2025-10-14 09:57:35,24.0,44500,24.02,D
sh601126,四方股份,2025-10-14 09:57:38,24.04,35000,24.0,U
sh601126,四方股份,2025-10-14 09:57:41,24.02,14700,24.04,D
sh601126,四方股份,2025-10-14 09:57:44,24.02,38000,24.02,D
sh601126,四方股份,2025-10-14 09:57:47,24.02,43500,24.02,D
sh601126,四方股份,2025-10-14 09:57:50,24.07,23100,24.02,U
sh601126,四方股份,2025-10-14 09:57:53,24.07,43100,24.07,D
sh601126,四方股份,2025-10-14 09:57:56,24.1,19200,24.07,U
sh601126,四方股份,2025-10-14 09:57:59,24.07,294700,24.1,D
sh601126,四方股份,2025-10-14 09:58:02,24.01,39400,24.07,D
sh601126,四方股份,2025-10-14 09:58:05,24.0,34900,24.01,D
sh601126,四方股份,2025-10-14 09:58:11,24.0,17900,24.02,D
sh601126,四方股份,2025-10-14 09:58:14,24.0,15400,24.0,D
sh601126,四方股份,2025-10-14 09:58:17,23.99,11400,24.0,D
sh601126,四方股份,2025-10-14 09:58:20,23.98,9000,23.99,D
sh601126,四方股份,2025-10-14 09:58:23,23.97,28300,23.98,D
sh601126,四方股份,2025-10-14 09:58:29,23.96,214400,23.96,D
sh601126,四方股份,2025-10-14 09:58:32,23.76,120900,23.96,D
sh601126,四方股份,2025-10-14 09:58:35,23.93,62100,23.76,U
sh601126,四方股份,2025-10-14 09:58:38,23.93,13100,23.93,U
sh601126,四方股份,2025-10-14 09:58:41,23.93,50100,23.93,D
sh601126,四方股份,2025-10-14 09:58:44,23.97,43900,23.93,U
sh601126,四方股份,2025-10-14 09:58:47,23.96,24000,23.97,D
sh601126,四方股份,2025-10-14 09:58:50,23.96,12800,23.96,U
sh601126,四方股份,2025-10-14 09:58:53,23.96,28200,23.96,U
sh601126,四方股份,2025-10-14 09:58:59,23.98,58900,23.96,E
sh601126,四方股份,2025-10-14 09:59:02,23.98,10400,23.98,D
sh601126,四方股份,2025-10-14 09:59:05,24.01,39400,23.98,U
sh601126,四方股份,2025-10-14 09:59:08,24.1,41200,24.01,U
sh601126,四方股份,2025-10-14 09:59:11,24.18,18600,24.1,U
sh601126,四方股份,2025-10-14 09:59:14,24.18,12100,24.18,U
sh601126,四方股份,2025-10-14 09:59:20,24.19,28800,24.18,U
sh601126,四方股份,2025-10-14 09:59:23,24.19,21600,24.19,D
sh601126,四方股份,2025-10-14 09:59:29,24.18,12500,24.18,D
sh601126,四方股份,2025-10-14 09:59:32,24.19,50800,24.18,U
sh601126,四方股份,2025-10-14 09:59:41,24.18,21500,24.19,D
sh601126,四方股份,2025-10-14 09:59:47,24.15,37200,24.16,D
sh601126,四方股份,2025-10-14 09:59:50,24.16,36400,24.15,E
sh601126,四方股份,2025-10-14 09:59:53,24.14,12300,24.16,D
sh601126,四方股份,2025-10-14 09:59:56,24.13,11800,24.14,D
sh601126,四方股份,2025-10-14 09:59:59,24.1,28900,24.13,D
sh601126,四方股份,2025-10-14 10:00:02,24.1,11300,24.1,D
sh601126,四方股份,2025-10-14 10:00:05,24.09,26800,24.1,D
sh601126,四方股份,2025-10-14 10:00:08,24.1,15200,24.09,U
sh601126,四方股份,2025-10-14 10:00:11,24.09,19900,24.1,D
sh601126,四方股份,2025-10-14 10:00:17,24.05,14500,24.08,E
sh601126,四方股份,2025-10-14 10:00:20,24.0,9100,24.05,D
sh601126,四方股份,2025-10-14 10:00:23,24.0,10000,24.0,D
sh601126,四方股份,2025-10-14 10:00:26,23.97,14200,24.0,D
sh601126,四方股份,2025-10-14 10:00:32,23.95,44300,23.96,D
sh601126,四方股份,2025-10-14 10:00:38,23.88,15400,23.91,D
sh601126,四方股份,2025-10-14 10:00:41,23.91,13700,23.88,U
sh601126,四方股份,2025-10-14 10:00:44,23.88,12700,23.91,D
sh601126,四方股份,2025-10-14 10:00:47,23.89,45400,23.88,E
sh601126,四方股份,2025-10-14 10:00:50,23.89,36100,23.89,U
sh601126,四方股份,2025-10-14 10:00:53,23.87,31900,23.89,D
sh601126,四方股份,2025-10-14 10:00:56,23.87,13100,23.87,D
sh601126,四方股份,2025-10-14 10:00:59,23.8,87800,23.87,D
sh601126,四方股份,2025-10-14 10:01:02,23.86,58400,23.8,U
sh601126,四方股份,2025-10-14 10:01:05,23.9,20100,23.86,U
sh601126,四方股份,2025-10-14 10:01:08,23.9,27000,23.9,D
sh601126,四方股份,2025-10-14 10:01:11,23.91,16400,23.9,U
sh601126,四方股份,2025-10-14 10:01:17,23.96,17100,23.95,U
sh601126,四方股份,2025-10-14 10:01:26,23.99,14600,23.97,U
sh601126,四方股份,2025-10-14 10:01:29,23.99,10700,23.99,D
sh601126,四方股份,2025-10-14 10:01:32,23.99,11200,23.99,D
sh601126,四方股份,2025-10-14 10:01:41,23.97,32400,23.97,D
sh601126,四方股份,2025-10-14 10:01:44,24.0,15100,23.97,U
sh601126,四方股份,2025-10-14 10:01:53,24.1,63600,24.01,U
sh601126,四方股份,2025-10-14 10:01:56,24.1,22300,24.1,U
sh601126,四方股份,2025-10-14 10:02:02,24.09,49800,24.1,D
sh601126,四方股份,2025-10-14 10:02:05,24.09,39300,24.09,D
sh601126,四方股份,2025-10-14 10:02:08,24.02,44300,24.09,D
sh601126,四方股份,2025-10-14 10:02:14,24.05,11300,24.07,E
sh601126,四方股份,2025-10-14 10:02:20,24.01,12900,24.02,D
sh601126,四方股份,2025-10-14 10:02:23,24.02,15800,24.01,E
sh601126,四方股份,2025-10-14 10:02:26,24.02,12900,24.02,D
sh601126,四方股份,2025-10-14 10:02:29,24.0,23500,24.02,D
sh601126,四方股份,2025-10-14 10:02:35,23.99,11800,24.01,D
sh601126,四方股份,2025-10-14 10:02:44,23.96,24000,23.99,D
sh601126,四方股份,2025-10-14 10:03:02,23.95,9300,23.95,D
sh601126,四方股份,2025-10-14 10:03:05,23.95,9800,23.95,D
sh601126,四方股份,2025-10-14 10:03:08,23.94,14000,23.95,D
sh601126,四方股份,2025-10-14 10:03:11,23.93,8500,23.94,D
sh601126,四方股份,2025-10-14 10:03:14,23.93,9400,23.93,U
sh601126,四方股份,2025-10-14 10:03:17,23.94,16000,23.93,U
sh601126,四方股份,2025-10-14 10:03:20,23.93,14000,23.94,D
sh601126,四方股份,2025-10-14 10:03:23,23.97,51700,23.93,U
sh601126,四方股份,2025-10-14 10:03:29,23.99,26900,23.98,U
sh601126,四方股份,2025-10-14 10:03:32,23.96,32300,23.99,D
sh601126,四方股份,2025-10-14 10:03:41,23.98,10000,23.99,E
sh601126,四方股份,2025-10-14 10:03:53,23.97,9300,23.97,D
sh601126,四方股份,2025-10-14 10:03:59,23.96,8700,23.97,D
sh601126,四方股份,2025-10-14 10:04:05,23.97,12500,23.96,U
sh601126,四方股份,2025-10-14 10:04:08,24.0,71500,23.97,U
sh601126,四方股份,2025-10-14 10:04:11,24.0,25400,24.0,U
sh601126,四方股份,2025-10-14 10:04:26,24.04,12000,24.05,D
sh601126,四方股份,2025-10-14 10:04:38,24.09,19500,24.07,U
sh601126,四方股份,2025-10-14 10:04:41,24.1,26100,24.09,U
sh601126,四方股份,2025-10-14 10:04:44,24.03,57000,24.1,D
sh601126,四方股份,2025-10-14 10:04:47,24.04,22600,24.03,E
sh601126,四方股份,2025-10-14 10:05:02,24.01,16500,24.02,D
sh601126,四方股份,2025-10-14 10:05:11,24.01,9800,23.99,U
sh601126,四方股份,2025-10-14 10:05:17,24.01,9900,24.01,U
sh601126,四方股份,2025-10-14 10:05:20,24.0,17100,24.01,D
sh601126,四方股份,2025-10-14 10:05:26,24.0,14400,24.0,U
sh601126,四方股份,2025-10-14 10:05:44,24.02,17900,24.02,D
sh601126,四方股份,2025-10-14 10:05:47,24.05,37000,24.02,U
sh601126,四方股份,2025-10-14 10:05:50,24.04,8900,24.05,D
sh601126,四方股份,2025-10-14 10:05:56,24.05,9500,24.05,U
sh601126,四方股份,2025-10-14 10:05:59,24.06,14100,24.05,U
sh601126,四方股份,2025-10-14 10:06:02,24.05,17700,24.06,U
sh601126,四方股份,2025-10-14 10:06:11,24.05,18400,24.05,D
sh601126,四方股份,2025-10-14 10:06:17,24.05,8700,24.04,U
sh601126,四方股份,2025-10-14 10:06:23,24.09,45700,24.05,U
sh601126,四方股份,2025-10-14 10:06:26,24.07,101800,24.09,D
sh601126,四方股份,2025-10-14 10:06:32,24.1,15900,24.05,U
sh601126,四方股份,2025-10-14 10:06:47,24.09,24900,24.1,E
sh601126,四方股份,2025-10-14 10:06:56,24.07,10100,24.09,E
sh601126,四方股份,2025-10-14 10:07:29,24.0,11500,24.0,D
sh601126,四方股份,2025-10-14 10:07:32,24.02,15300,24.0,U
sh601126,四方股份,2025-10-14 10:07:44,24.02,20100,24.01,U
sh601126,四方股份,2025-10-14 10:08:05,24.03,32900,24.03,U
sh601126,四方股份,2025-10-14 10:08:14,24.06,13400,24.04,U
sh601126,四方股份,2025-10-14 10:08:20,24.03,14100,24.04,D
sh601126,四方股份,2025-10-14 10:08:41,24.05,11400,24.07,D
sh601126,四方股份,2025-10-14 10:08:59,24.06,11700,24.06,U
sh601126,四方股份,2025-10-14 10:09:02,24.06,11000,24.06,D
sh601126,四方股份,2025-10-14 10:09:11,24.09,19500,24.08,U
sh601126,四方股份,2025-10-14 10:09:14,24.08,75200,24.09,D
sh601126,四方股份,2025-10-14 10:09:20,24.08,12500,24.08,E
sh601126,四方股份,2025-10-14 10:09:23,24.02,130900,24.08,D
sh601126,四方股份,2025-10-14 10:09:35,24.0,12000,24.01,D
sh601126,四方股份,2025-10-14 10:09:41,24.0,14600,24.0,D
sh601126,四方股份,2025-10-14 10:09:59,23.98,14300,24.01,D
sh601126,四方股份,2025-10-14 10:10:02,24.0,11300,23.98,U
sh601126,四方股份,2025-10-14 10:10:20,23.96,12300,23.97,D
sh601126,四方股份,2025-10-14 10:10:23,23.97,9300,23.96,U
sh601126,四方股份,2025-10-14 10:10:35,23.95,29200,23.96,D
sh601126,四方股份,2025-10-14 10:10:47,23.95,13900,23.95,U
sh601126,四方股份,2025-10-14 10:10:50,23.96,8600,23.95,U
sh601126,四方股份,2025-10-14 10:10:56,23.95,9500,23.95,D
sh601126,四方股份,2025-10-14 10:11:02,23.94,13100,23.94,D
sh601126,四方股份,2025-10-14 10:11:05,23.93,18200,23.94,D
sh601126,四方股份,2025-10-14 10:11:14,23.91,22000,23.92,D
sh601126,四方股份,2025-10-14 10:11:20,23.89,20300,23.9,D
sh601126,四方股份,2025-10-14 10:11:26,23.87,12000,23.88,D
sh601126,四方股份,2025-10-14 10:11:32,23.86,26400,23.86,D
sh601126,四方股份,2025-10-14 10:11:35,23.86,13600,23.86,D
sh601126,四方股份,2025-10-14 10:11:38,23.86,12200,23.86,D
sh601126,四方股份,2025-10-14 10:11:44,23.85,38000,23.85,D
sh601126,四方股份,2025-10-14 10:11:50,23.81,47500,23.84,D
sh601126,四方股份,2025-10-14 10:11:56,23.84,18900,23.82,U
sh601126,四方股份,2025-10-14 10:11:59,23.9,144200,23.84,U
sh601126,四方股份,2025-10-14 10:12:05,23.9,8400,23.91,D
sh601126,四方股份,2025-10-14 10:12:08,23.9,18000,23.9,D
sh601126,四方股份,2025-10-14 10:12:11,23.9,11700,23.9,U
sh601126,四方股份,2025-10-14 10:12:17,23.89,16400,23.9,D
sh601126,四方股份,2025-10-14 10:12:20,23.88,25400,23.89,D
sh601126,四方股份,2025-10-14 10:12:23,23.88,11400,23.88,U
sh601126,四方股份,2025-10-14 10:12:26,23.87,13800,23.88,D
sh601126,四方股份,2025-10-14 10:12:29,23.81,36100,23.87,D
sh601126,四方股份,2025-10-14 10:12:35,23.81,21800,23.81,D
sh601126,四方股份,2025-10-14 10:12:38,23.81,21000,23.81,U
sh601126,四方股份,2025-10-14 10:12:41,23.8,78600,23.81,D
sh601126,四方股份,2025-10-14 10:12:47,23.77,12600,23.79,D
sh601126,四方股份,2025-10-14 10:12:56,23.76,16800,23.75,U
sh601126,四方股份,2025-10-14 10:12:59,23.76,17500,23.76,U
sh601126,四方股份,2025-10-14 10:13:02,23.76,11600,23.76,U
sh601126,四方股份,2025-10-14 10:13:11,23.71,9500,23.73,D
sh601126,四方股份,2025-10-14 10:13:14,23.71,12700,23.71,D
sh601126,四方股份,2025-10-14 10:13:17,23.7,19000,23.71,D
sh601126,四方股份,2025-10-14 10:13:20,23.68,23700,23.7,D
sh601126,四方股份,2025-10-14 10:13:23,23.73,75000,23.68,U
sh601126,四方股份,2025-10-14 10:13:26,23.69,40200,23.73,D
sh601126,四方股份,2025-10-14 10:13:29,23.69,14600,23.69,D
sh601126,四方股份,2025-10-14 10:13:32,23.68,16900,23.69,D
sh601126,四方股份,2025-10-14 10:13:35,23.68,13200,23.68,D
sh601126,四方股份,2025-10-14 10:13:38,23.67,94800,23.68,D
sh601126,四方股份,2025-10-14 10:13:41,23.67,75900,23.67,D
sh601126,四方股份,2025-10-14 10:13:44,23.68,32600,23.67,U
sh601126,四方股份,2025-10-14 10:13:47,23.69,232700,23.68,U
sh601126,四方股份,2025-10-14 10:13:50,23.69,51900,23.69,E
sh601126,四方股份,2025-10-14 10:13:53,23.69,13000,23.69,D
sh601126,四方股份,2025-10-14 10:13:56,23.74,20400,23.69,U
sh601126,四方股份,2025-10-14 10:13:59,23.71,10400,23.74,D
sh601126,四方股份,2025-10-14 10:14:02,23.8,47900,23.71,U
sh601126,四方股份,2025-10-14 10:14:11,23.74,11800,23.74,D
sh601126,四方股份,2025-10-14 10:14:14,23.75,17300,23.74,E
sh601126,四方股份,2025-10-14 10:14:20,23.78,22500,23.77,U
sh601126,四方股份,2025-10-14 10:14:23,23.77,11400,23.78,D
sh601126,四方股份,2025-10-14 10:14:29,23.77,18300,23.77,U
sh601126,四方股份,2025-10-14 10:14:35,23.77,17900,23.77,U
sh601126,四方股份,2025-10-14 10:14:38,23.77,11500,23.77,D
sh601126,四方股份,2025-10-14 10:14:41,23.8,11300,23.77,U
sh601126,四方股份,2025-10-14 10:14:44,23.78,23100,23.8,D
sh601126,四方股份,2025-10-14 10:14:47,23.76,22200,23.78,D
sh601126,四方股份,2025-10-14 10:14:50,23.76,11400,23.76,U
sh601126,四方股份,2025-10-14 10:14:56,23.74,14200,23.76,D
sh601126,四方股份,2025-10-14 10:15:05,23.72,10400,23.73,D
sh601126,四方股份,2025-10-14 10:15:08,23.72,46400,23.72,D
sh601126,四方股份,2025-10-14 10:15:14,23.72,20700,23.73,D
sh601126,四方股份,2025-10-14 10:15:17,23.72,18300,23.72,U
sh601126,四方股份,2025-10-14 10:15:20,23.73,33500,23.72,U
sh601126,四方股份,2025-10-14 10:15:26,23.7,16100,23.71,D
sh601126,四方股份,2025-10-14 10:15:32,23.68,66000,23.7,D
sh601126,四方股份,2025-10-14 10:15:35,23.68,10600,23.68,U
sh601126,四方股份,2025-10-14 10:15:38,23.68,19500,23.68,U
sh601126,四方股份,2025-10-14 10:15:41,23.65,55500,23.68,D
sh601126,四方股份,2025-10-14 10:15:44,23.65,11900,23.65,U
sh601126,四方股份,2025-10-14 10:15:50,23.66,23200,23.65,U
sh601126,四方股份,2025-10-14 10:15:53,23.66,36200,23.66,U
sh601126,四方股份,2025-10-14 10:15:56,23.68,38800,23.66,U
sh601126,四方股份,2025-10-14 10:15:59,23.65,8700,23.68,D
sh601126,四方股份,2025-10-14 10:16:02,23.66,8800,23.65,D
sh601126,四方股份,2025-10-14 10:16:05,23.68,21700,23.66,U
sh601126,四方股份,2025-10-14 10:16:08,23.69,27000,23.68,U
sh601126,四方股份,2025-10-14 10:16:11,23.68,65900,23.69,D
sh601126,四方股份,2025-10-14 10:16:14,23.68,21000,23.68,U
sh601126,四方股份,2025-10-14 10:16:23,23.73,118600,23.67,U
sh601126,四方股份,2025-10-14 10:16:26,23.73,19200,23.73,U
sh601126,四方股份,2025-10-14 10:16:32,23.73,57600,23.72,U
sh601126,四方股份,2025-10-14 10:16:35,23.68,38300,23.73,D
sh601126,四方股份,2025-10-14 10:16:47,23.68,9400,23.69,D
sh601126,四方股份,2025-10-14 10:16:50,23.68,14900,23.68,D
sh601126,四方股份,2025-10-14 10:16:56,23.68,64200,23.68,U
sh601126,四方股份,2025-10-14 10:17:02,23.67,16800,23.67,U
sh601126,四方股份,2025-10-14 10:17:05,23.67,15500,23.67,U
sh601126,四方股份,2025-10-14 10:17:08,23.68,21100,23.67,U
sh601126,四方股份,2025-10-14 10:17:14,23.68,15400,23.68,U
sh601126,四方股份,2025-10-14 10:17:20,23.68,59100,23.68,U
sh601126,四方股份,2025-10-14 10:17:26,23.66,33700,23.68,D
sh601126,四方股份,2025-10-14 10:17:38,23.65,9900,23.65,D
sh601126,四方股份,2025-10-14 10:17:47,23.65,10300,23.65,U
sh601126,四方股份,2025-10-14 10:17:50,23.64,12200,23.65,D
sh601126,四方股份,2025-10-14 10:17:53,23.64,11000,23.64,D
sh601126,四方股份,2025-10-14 10:17:56,23.63,19800,23.64,D
sh601126,四方股份,2025-10-14 10:17:59,23.65,15400,23.63,U
sh601126,四方股份,2025-10-14 10:18:02,23.63,72100,23.65,D
sh601126,四方股份,2025-10-14 10:18:08,23.65,15700,23.62,U
sh601126,四方股份,2025-10-14 10:18:14,23.62,20600,23.65,D
sh601126,四方股份,2025-10-14 10:18:20,23.63,14200,23.64,D
sh601126,四方股份,2025-10-14 10:18:26,23.61,21500,23.63,D
sh601126,四方股份,2025-10-14 10:18:32,23.69,176700,23.62,U
sh601126,四方股份,2025-10-14 10:18:35,23.72,25500,23.69,U
sh601126,四方股份,2025-10-14 10:18:44,23.71,20800,23.71,U
sh601126,四方股份,2025-10-14 10:18:47,23.71,9900,23.71,D
sh601126,四方股份,2025-10-14 10:18:59,23.71,12800,23.7,U
sh601126,四方股份,2025-10-14 10:19:08,23.72,61900,23.72,U
sh601126,四方股份,2025-10-14 10:19:17,23.71,9000,23.73,D
sh601126,四方股份,2025-10-14 10:19:29,23.71,72000,23.71,U
sh601126,四方股份,2025-10-14 10:19:32,23.66,19400,23.71,E
sh601126,四方股份,2025-10-14 10:19:50,23.68,52300,23.7,D
sh601126,四方股份,2025-10-14 10:19:59,23.66,31200,23.67,D
sh601126,四方股份,2025-10-14 10:20:08,23.63,28900,23.66,D
sh601126,四方股份,2025-10-14 10:20:26,23.65,10100,23.64,U
sh601126,四方股份,2025-10-14 10:20:29,23.67,156300,23.65,U
sh601126,四方股份,2025-10-14 10:20:32,23.7,26100,23.67,U
sh601126,四方股份,2025-10-14 10:20:35,23.71,48600,23.7,U
sh601126,四方股份,2025-10-14 10:20:41,23.73,81200,23.68,U
sh601126,四方股份,2025-10-14 10:20:56,23.69,22000,23.69,U
sh601126,四方股份,2025-10-14 10:20:59,23.72,22900,23.69,U
sh601126,四方股份,2025-10-14 10:21:11,23.71,13000,23.7,U
sh601126,四方股份,2025-10-14 10:21:20,23.71,14400,23.71,U
sh601126,四方股份,2025-10-14 10:21:29,23.72,13200,23.71,U
sh601126,四方股份,2025-10-14 10:21:32,23.75,44717,23.72,U
sh601126,四方股份,2025-10-14 10:21:35,23.78,13600,23.75,U
sh601126,四方股份,2025-10-14 10:21:44,23.78,9100,23.73,E
sh601126,四方股份,2025-10-14 10:21:53,23.74,49483,23.76,D
sh601126,四方股份,2025-10-14 10:21:56,23.78,13800,23.74,U
sh601126,四方股份,2025-10-14 10:22:02,23.73,47400,23.75,D
sh601126,四方股份,2025-10-14 10:22:05,23.73,134300,23.73,E
sh601126,四方股份,2025-10-14 10:22:08,23.72,27400,23.73,D
sh601126,四方股份,2025-10-14 10:22:14,23.61,49600,23.68,D
sh601126,四方股份,2025-10-14 10:22:17,23.61,10400,23.61,D
sh601126,四方股份,2025-10-14 10:22:20,23.61,23800,23.61,D
sh601126,四方股份,2025-10-14 10:22:23,23.62,8500,23.61,U
sh601126,四方股份,2025-10-14 10:22:26,23.62,13300,23.62,U
sh601126,四方股份,2025-10-14 10:22:29,23.62,12300,23.62,D
sh601126,四方股份,2025-10-14 10:22:32,23.6,77400,23.62,D
sh601126,四方股份,2025-10-14 10:22:35,23.6,104400,23.6,D
sh601126,四方股份,2025-10-14 10:22:38,23.56,8500,23.6,D
sh601126,四方股份,2025-10-14 10:22:44,23.58,26400,23.58,U
sh601126,四方股份,2025-10-14 10:22:47,23.58,13500,23.58,U
sh601126,四方股份,2025-10-14 10:22:50,23.56,36800,23.58,D
sh601126,四方股份,2025-10-14 10:22:56,23.55,13400,23.55,U
sh601126,四方股份,2025-10-14 10:22:59,23.51,18000,23.55,D
sh601126,四方股份,2025-10-14 10:23:02,23.51,31300,23.51,D
sh601126,四方股份,2025-10-14 10:23:05,23.5,39000,23.51,D
sh601126,四方股份,2025-10-14 10:23:07,23.51,20400,23.5,E
sh601126,四方股份,2025-10-14 10:23:11,23.6,57600,23.51,U
sh601126,四方股份,2025-10-14 10:23:14,23.59,33800,23.6,D
sh601126,四方股份,2025-10-14 10:23:17,23.53,19500,23.59,D
sh601126,四方股份,2025-10-14 10:23:23,23.55,13100,23.54,D
sh601126,四方股份,2025-10-14 10:23:32,23.59,13700,23.55,U
sh601126,四方股份,2025-10-14 10:23:35,23.55,24700,23.59,E
sh601126,四方股份,2025-10-14 10:23:50,23.56,27200,23.56,E
sh601126,四方股份,2025-10-14 10:23:59,23.58,12100,23.55,U
sh601126,四方股份,2025-10-14 10:24:11,23.59,17800,23.57,U
sh601126,四方股份,2025-10-14 10:24:17,23.55,14000,23.55,D
sh601126,四方股份,2025-10-14 10:24:26,23.53,12600,23.54,D
sh601126,四方股份,2025-10-14 10:24:41,23.52,28400,23.52,U
sh601126,四方股份,2025-10-14 10:24:47,23.51,10000,23.51,U
sh601126,四方股份,2025-10-14 10:24:50,23.5,16100,23.51,D
sh601126,四方股份,2025-10-14 10:24:53,23.5,12300,23.5,D
sh601126,四方股份,2025-10-14 10:24:56,23.5,98000,23.5,D
sh601126,四方股份,2025-10-14 10:24:59,23.48,74300,23.5,U
sh601126,四方股份,2025-10-14 10:25:02,23.48,13500,23.48,D
sh601126,四方股份,2025-10-14 10:25:08,23.48,21800,23.47,U
sh601126,四方股份,2025-10-14 10:25:11,23.45,17300,23.48,D
sh601126,四方股份,2025-10-14 10:25:14,23.46,11800,23.45,U
sh601126,四方股份,2025-10-14 10:25:17,23.46,25400,23.46,U
sh601126,四方股份,2025-10-14 10:25:20,23.45,15400,23.46,D
sh601126,四方股份,2025-10-14 10:25:23,23.42,13000,23.45,D
sh601126,四方股份,2025-10-14 10:25:26,23.43,43800,23.42,U
sh601126,四方股份,2025-10-14 10:25:32,23.43,22300,23.43,D
sh601126,四方股份,2025-10-14 10:25:35,23.41,16200,23.43,E
sh601126,四方股份,2025-10-14 10:25:38,23.43,61900,23.41,U
sh601126,四方股份,2025-10-14 10:25:41,23.43,29000,23.43,U
sh601126,四方股份,2025-10-14 10:25:44,23.44,22500,23.43,E
sh601126,四方股份,2025-10-14 10:25:47,23.48,11500,23.44,U
sh601126,四方股份,2025-10-14 10:26:02,23.47,16400,23.47,D
sh601126,四方股份,2025-10-14 10:26:17,23.44,34300,23.45,D
sh601126,四方股份,2025-10-14 10:26:20,23.41,10100,23.44,D
sh601126,四方股份,2025-10-14 10:26:23,23.42,13000,23.41,E
sh601126,四方股份,2025-10-14 10:26:26,23.43,22000,23.42,E
sh601126,四方股份,2025-10-14 10:26:29,23.42,11700,23.43,D
sh601126,四方股份,2025-10-14 10:26:32,23.42,60100,23.42,U
sh601126,四方股份,2025-10-14 10:26:35,23.42,17400,23.42,D
sh601126,四方股份,2025-10-14 10:26:38,23.43,10700,23.42,E
sh601126,四方股份,2025-10-14 10:26:41,23.42,10900,23.43,D
sh601126,四方股份,2025-10-14 10:26:44,23.41,58300,23.42,D
sh601126,四方股份,2025-10-14 10:26:47,23.41,18500,23.41,U
sh601126,四方股份,2025-10-14 10:26:50,23.38,11800,23.41,D
sh601126,四方股份,2025-10-14 10:26:53,23.39,51900,23.38,U
sh601126,四方股份,2025-10-14 10:26:56,23.39,25900,23.39,D
sh601126,四方股份,2025-10-14 10:26:59,23.43,122200,23.39,U
sh601126,四方股份,2025-10-14 10:27:02,23.43,14500,23.43,D
sh601126,四方股份,2025-10-14 10:27:08,23.45,20600,23.45,U
sh601126,四方股份,2025-10-14 10:27:10,23.46,13900,23.45,U
sh601126,四方股份,2025-10-14 10:27:17,23.46,8600,23.46,D
sh601126,四方股份,2025-10-14 10:27:26,23.45,12500,23.46,D
sh601126,四方股份,2025-10-14 10:27:29,23.45,11000,23.45,D
sh601126,四方股份,2025-10-14 10:27:32,23.44,12100,23.45,U
sh601126,四方股份,2025-10-14 10:27:35,23.45,13500,23.44,U
sh601126,四方股份,2025-10-14 10:27:41,23.43,12500,23.44,D
sh601126,四方股份,2025-10-14 10:27:50,23.43,11000,23.44,D
sh601126,四方股份,2025-10-14 10:27:53,23.43,27700,23.43,D
sh601126,四方股份,2025-10-14 10:27:59,23.44,56600,23.43,U
sh601126,四方股份,2025-10-14 10:28:02,23.43,28600,23.44,D
sh601126,四方股份,2025-10-14 10:28:05,23.45,9000,23.43,U
sh601126,四方股份,2025-10-14 10:28:08,23.45,9900,23.45,U
sh601126,四方股份,2025-10-14 10:28:11,23.46,22300,23.45,U
sh601126,四方股份,2025-10-14 10:28:14,23.45,12000,23.46,D
sh601126,四方股份,2025-10-14 10:28:17,23.45,11900,23.45,U
sh601126,四方股份,2025-10-14 10:28:23,23.46,11300,23.46,U
sh601126,四方股份,2025-10-14 10:28:26,23.45,29600,23.46,D
sh601126,四方股份,2025-10-14 10:28:32,23.43,9900,23.43,D
sh601126,四方股份,2025-10-14 10:28:44,23.44,18500,23.43,U
sh601126,四方股份,2025-10-14 10:28:59,23.44,11500,23.44,U
sh601126,四方股份,2025-10-14 10:29:05,23.43,12600,23.43,D
sh601126,四方股份,2025-10-14 10:29:11,23.42,9900,23.43,D
sh601126,四方股份,2025-10-14 10:29:17,23.42,15000,23.43,D
sh601126,四方股份,2025-10-14 10:29:29,23.41,10800,23.43,D
sh601126,四方股份,2025-10-14 10:29:32,23.43,12600,23.41,U
sh601126,四方股份,2025-10-14 10:29:38,23.43,15700,23.43,U
sh601126,四方股份,2025-10-14 10:29:41,23.42,8900,23.43,D
sh601126,四方股份,2025-10-14 10:29:44,23.43,9800,23.42,U
sh601126,四方股份,2025-10-14 10:29:50,23.42,16700,23.43,D
sh601126,四方股份,2025-10-14 10:29:59,23.42,10900,23.43,D
sh601126,四方股份,2025-10-14 10:30:02,23.42,35600,23.42,D
sh601126,四方股份,2025-10-14 10:30:05,23.45,16400,23.42,U
sh601126,四方股份,2025-10-14 10:30:11,23.45,11400,23.44,E
sh601126,四方股份,2025-10-14 10:30:14,23.44,23600,23.45,D
sh601126,四方股份,2025-10-14 10:30:23,23.52,37000,23.46,U
sh601126,四方股份,2025-10-14 10:30:29,23.63,44500,23.57,U
sh601126,四方股份,2025-10-14 10:30:32,23.58,10100,23.63,D
sh601126,四方股份,2025-10-14 10:30:35,23.59,9100,23.58,U
sh601126,四方股份,2025-10-14 10:30:41,23.56,10400,23.56,D
sh601126,四方股份,2025-10-14 10:30:53,23.56,15100,23.55,U
sh601126,四方股份,2025-10-14 10:31:02,23.58,38100,23.58,D
sh601126,四方股份,2025-10-14 10:31:05,23.57,12500,23.58,U
sh601126,四方股份,2025-10-14 10:31:08,23.54,13600,23.57,D
sh601126,四方股份,2025-10-14 10:31:11,23.57,10600,23.54,E
sh601126,四方股份,2025-10-14 10:31:26,23.58,9100,23.57,U
sh601126,四方股份,2025-10-14 10:31:29,23.53,12200,23.58,D
sh601126,四方股份,2025-10-14 10:31:32,23.53,15000,23.53,U
sh601126,四方股份,2025-10-14 10:31:41,23.51,12400,23.53,D
sh601126,四方股份,2025-10-14 10:31:47,23.5,70200,23.51,D
sh601126,四方股份,2025-10-14 10:31:53,23.5,18100,23.49,U
sh601126,四方股份,2025-10-14 10:31:59,23.53,8600,23.5,U
sh601126,四方股份,2025-10-14 10:32:02,23.54,13900,23.53,U
sh601126,四方股份,2025-10-14 10:32:08,23.55,14100,23.55,E
sh601126,四方股份,2025-10-14 10:32:11,23.56,11300,23.55,U
sh601126,四方股份,2025-10-14 10:32:20,23.6,18500,23.56,U
sh601126,四方股份,2025-10-14 10:32:26,23.59,12800,23.57,U
sh601126,四方股份,2025-10-14 10:32:32,23.57,11300,23.59,E
sh601126,四方股份,2025-10-14 10:32:50,23.6,14600,23.6,E
sh601126,四方股份,2025-10-14 10:32:56,23.58,11200,23.6,E
sh601126,四方股份,2025-10-14 10:32:59,23.6,15000,23.58,U
sh601126,四方股份,2025-10-14 10:33:05,23.61,15700,23.6,U
sh601126,四方股份,2025-10-14 10:33:11,23.59,21800,23.63,D
sh601126,四方股份,2025-10-14 10:33:17,23.6,13300,23.62,D
sh601126,四方股份,2025-10-14 10:33:32,23.61,9500,23.61,U
sh601126,四方股份,2025-10-14 10:33:35,23.61,60600,23.61,D
sh601126,四方股份,2025-10-14 10:33:56,23.64,21800,23.64,D
sh601126,四方股份,2025-10-14 10:33:59,23.62,15000,23.64,D
sh601126,四方股份,2025-10-14 10:34:02,23.58,19300,23.62,D
sh601126,四方股份,2025-10-14 10:34:11,23.57,15100,23.57,D
sh601126,四方股份,2025-10-14 10:34:14,23.57,10700,23.57,U
sh601126,四方股份,2025-10-14 10:34:17,23.55,9700,23.57,D
sh601126,四方股份,2025-10-14 10:34:35,23.5,9800,23.54,D
sh601126,四方股份,2025-10-14 10:34:41,23.5,9400,23.5,D
sh601126,四方股份,2025-10-14 10:34:44,23.47,13700,23.5,D
sh601126,四方股份,2025-10-14 10:34:47,23.5,111100,23.47,U
sh601126,四方股份,2025-10-14 10:35:05,23.5,17500,23.52,D
sh601126,四方股份,2025-10-14 10:35:08,23.46,60100,23.5,D
sh601126,四方股份,2025-10-14 10:35:17,23.46,35600,23.47,D
sh601126,四方股份,2025-10-14 10:35:32,23.46,245800,23.46,D
sh601126,四方股份,2025-10-14 10:35:35,23.48,45000,23.46,U
sh601126,四方股份,2025-10-14 10:35:38,23.47,253200,23.48,D
sh601126,四方股份,2025-10-14 10:35:41,23.46,244300,23.47,E
sh601126,四方股份,2025-10-14 10:35:47,23.45,12900,23.46,D
sh601126,四方股份,2025-10-14 10:36:02,23.38,81900,23.42,D
sh601126,四方股份,2025-10-14 10:36:05,23.41,38000,23.38,U
sh601126,四方股份,2025-10-14 10:36:08,23.4,53600,23.41,D
sh601126,四方股份,2025-10-14 10:36:26,23.44,14900,23.42,E
sh601126,四方股份,2025-10-14 10:36:35,23.4,56400,23.43,D
sh601126,四方股份,2025-10-14 10:36:44,23.41,33700,23.4,D
sh601126,四方股份,2025-10-14 10:36:47,23.42,10700,23.41,E
sh601126,四方股份,2025-10-14 10:36:53,23.42,10900,23.43,E
sh601126,四方股份,2025-10-14 10:37:02,23.41,32800,23.41,D
sh601126,四方股份,2025-10-14 10:37:05,23.44,52300,23.41,U
sh601126,四方股份,2025-10-14 10:37:08,23.44,18300,23.44,U
sh601126,四方股份,2025-10-14 10:37:29,23.47,18500,23.46,U
sh601126,四方股份,2025-10-14 10:37:41,23.47,10900,23.46,U
sh601126,四方股份,2025-10-14 10:37:50,23.43,11200,23.44,D
sh601126,四方股份,2025-10-14 10:37:59,23.45,24400,23.45,U
sh601126,四方股份,2025-10-14 10:38:02,23.44,9200,23.45,E
sh601126,四方股份,2025-10-14 10:38:20,23.44,19700,23.42,U
sh601126,四方股份,2025-10-14 10:38:35,23.44,36300,23.41,U
sh601126,四方股份,2025-10-14 10:38:47,23.42,12900,23.43,D
sh601126,四方股份,2025-10-14 10:39:08,23.42,13300,23.42,D
sh601126,四方股份,2025-10-14 10:39:14,23.43,66000,23.42,U
sh601126,四方股份,2025-10-14 10:39:29,23.46,10500,23.46,D
sh601126,四方股份,2025-10-14 10:39:53,23.48,30300,23.48,U
sh601126,四方股份,2025-10-14 10:40:08,23.45,20300,23.45,D
sh601126,四方股份,2025-10-14 10:40:20,23.37,199900,23.43,D
sh601126,四方股份,2025-10-14 10:40:23,23.43,211900,23.37,E
sh601126,四方股份,2025-10-14 10:40:26,23.38,17700,23.43,D
sh601126,四方股份,2025-10-14 10:40:35,23.37,12000,23.37,D
sh601126,四方股份,2025-10-14 10:40:38,23.38,35000,23.37,U
sh601126,四方股份,2025-10-14 10:40:41,23.36,10500,23.38,E
sh601126,四方股份,2025-10-14 10:40:44,23.35,77200,23.36,D
sh601126,四方股份,2025-10-14 10:40:47,23.34,38400,23.35,D
sh601126,四方股份,2025-10-14 10:40:53,23.34,21700,23.35,D
sh601126,四方股份,2025-10-14 10:40:56,23.34,38900,23.34,U
sh601126,四方股份,2025-10-14 10:40:59,23.33,38900,23.34,E
sh601126,四方股份,2025-10-14 10:41:02,23.31,55900,23.33,D
sh601126,四方股份,2025-10-14 10:41:05,23.29,17200,23.31,D
sh601126,四方股份,2025-10-14 10:41:08,23.31,21900,23.29,U
sh601126,四方股份,2025-10-14 10:41:14,23.29,18400,23.3,D
sh601126,四方股份,2025-10-14 10:41:17,23.29,54400,23.29,U
sh601126,四方股份,2025-10-14 10:41:23,23.29,15300,23.3,D
sh601126,四方股份,2025-10-14 10:41:26,23.3,46800,23.29,U
sh601126,四方股份,2025-10-14 10:41:29,23.29,10600,23.3,D
sh601126,四方股份,2025-10-14 10:41:32,23.29,39700,23.29,D
sh601126,四方股份,2025-10-14 10:41:35,23.29,38500,23.29,D
sh601126,四方股份,2025-10-14 10:41:38,23.3,22600,23.29,U
sh601126,四方股份,2025-10-14 10:41:41,23.32,80900,23.3,U
sh601126,四方股份,2025-10-14 10:41:44,23.31,13600,23.32,D
sh601126,四方股份,2025-10-14 10:41:56,23.31,15700,23.32,D
sh601126,四方股份,2025-10-14 10:41:59,23.3,10500,23.31,D
sh601126,四方股份,2025-10-14 10:42:02,23.31,17900,23.3,U
sh601126,四方股份,2025-10-14 10:42:07,23.3,9400,23.3,D
sh601126,四方股份,2025-10-14 10:42:17,23.27,9500,23.28,D
sh601126,四方股份,2025-10-14 10:42:20,23.29,29300,23.27,U
sh601126,四方股份,2025-10-14 10:42:23,23.3,78400,23.29,U
sh601126,四方股份,2025-10-14 10:42:26,23.3,17800,23.3,U
sh601126,四方股份,2025-10-14 10:42:29,23.3,12000,23.3,U
sh601126,四方股份,2025-10-14 10:42:32,23.3,21000,23.3,D
sh601126,四方股份,2025-10-14 10:42:35,23.29,8900,23.3,D
sh601126,四方股份,2025-10-14 10:42:38,23.3,28700,23.29,U
sh601126,四方股份,2025-10-14 10:42:41,23.32,62900,23.3,U
sh601126,四方股份,2025-10-14 10:42:50,23.31,38400,23.3,U
sh601126,四方股份,2025-10-14 10:42:53,23.31,53200,23.31,D
sh601126,四方股份,2025-10-14 10:42:56,23.31,41400,23.31,U
sh601126,四方股份,2025-10-14 10:42:59,23.31,8800,23.31,D
sh601126,四方股份,2025-10-14 10:43:02,23.3,29000,23.31,D
sh601126,四方股份,2025-10-14 10:43:05,23.3,75000,23.3,D
sh601126,四方股份,2025-10-14 10:43:08,23.32,22900,23.3,D
sh601126,四方股份,2025-10-14 10:43:14,23.35,10600,23.36,D
sh601126,四方股份,2025-10-14 10:43:26,23.31,19700,23.33,D
sh601126,四方股份,2025-10-14 10:43:29,23.31,11200,23.31,U
sh601126,四方股份,2025-10-14 10:43:32,23.23,138700,23.31,D
sh601126,四方股份,2025-10-14 10:43:35,23.3,75700,23.23,U
sh601126,四方股份,2025-10-14 10:43:38,23.25,10000,23.3,E
sh601126,四方股份,2025-10-14 10:43:41,23.29,22500,23.25,U
sh601126,四方股份,2025-10-14 10:43:44,23.24,28100,23.29,D
sh601126,四方股份,2025-10-14 10:43:53,23.24,16400,23.24,D
sh601126,四方股份,2025-10-14 10:43:56,23.23,40600,23.24,D
sh601126,四方股份,2025-10-14 10:43:59,23.23,35400,23.23,D
sh601126,四方股份,2025-10-14 10:44:02,23.22,61200,23.23,D
sh601126,四方股份,2025-10-14 10:44:05,23.22,11100,23.22,U
sh601126,四方股份,2025-10-14 10:44:08,23.21,35800,23.22,D
sh601126,四方股份,2025-10-14 10:44:11,23.23,89500,23.21,U
sh601126,四方股份,2025-10-14 10:44:14,23.29,144500,23.23,U
sh601126,四方股份,2025-10-14 10:44:17,23.27,72300,23.29,D
sh601126,四方股份,2025-10-14 10:44:20,23.3,10800,23.27,U
sh601126,四方股份,2025-10-14 10:44:23,23.28,19000,23.3,D
sh601126,四方股份,2025-10-14 10:44:44,23.23,103000,23.24,D
sh601126,四方股份,2025-10-14 10:44:47,23.24,75900,23.23,U
sh601126,四方股份,2025-10-14 10:44:50,23.25,31600,23.24,E
sh601126,四方股份,2025-10-14 10:44:59,23.2,202800,23.24,D
sh601126,四方股份,2025-10-14 10:45:02,23.17,37500,23.2,E
sh601126,四方股份,2025-10-14 10:45:05,23.16,21400,23.17,D
sh601126,四方股份,2025-10-14 10:45:11,23.14,14300,23.16,D
sh601126,四方股份,2025-10-14 10:45:14,23.11,10700,23.14,D
sh601126,四方股份,2025-10-14 10:45:17,23.12,25900,23.11,U
sh601126,四方股份,2025-10-14 10:45:20,23.13,123600,23.12,U
sh601126,四方股份,2025-10-14 10:45:23,23.11,22700,23.13,D
sh601126,四方股份,2025-10-14 10:45:26,23.13,74100,23.11,U
sh601126,四方股份,2025-10-14 10:45:29,23.12,89800,23.13,D
sh601126,四方股份,2025-10-14 10:45:32,23.13,25800,23.12,U
sh601126,四方股份,2025-10-14 10:45:38,23.08,20200,23.11,D
sh601126,四方股份,2025-10-14 10:45:44,23.06,84200,23.09,D
sh601126,四方股份,2025-10-14 10:45:47,23.09,31400,23.06,U
sh601126,四方股份,2025-10-14 10:45:50,23.09,36900,23.09,U
sh601126,四方股份,2025-10-14 10:45:53,23.09,12000,23.09,U
sh601126,四方股份,2025-10-14 10:45:56,23.08,20000,23.09,D
sh601126,四方股份,2025-10-14 10:45:59,23.08,44700,23.08,U
sh601126,四方股份,2025-10-14 10:46:02,23.06,72600,23.08,D
sh601126,四方股份,2025-10-14 10:46:05,23.05,71500,23.06,D
sh601126,四方股份,2025-10-14 10:46:08,23.04,41400,23.05,E
sh601126,四方股份,2025-10-14 10:46:11,23.04,23500,23.04,D
sh601126,四方股份,2025-10-14 10:46:14,23.02,13400,23.04,D
sh601126,四方股份,2025-10-14 10:46:17,23.01,38000,23.02,D
sh601126,四方股份,2025-10-14 10:46:20,23.03,22800,23.01,U
sh601126,四方股份,2025-10-14 10:46:23,23.03,30000,23.03,U
sh601126,四方股份,2025-10-14 10:46:26,23.0,81600,23.03,D
sh601126,四方股份,2025-10-14 10:46:29,23.0,96400,23.0,D
sh601126,四方股份,2025-10-14 10:46:32,23.05,271000,23.0,U
sh601126,四方股份,2025-10-14 10:46:35,23.06,244700,23.05,U
sh601126,四方股份,2025-10-14 10:46:38,23.11,21400,23.06,U
sh601126,四方股份,2025-10-14 10:46:41,23.1,15000,23.11,E
sh601126,四方股份,2025-10-14 10:46:44,23.1,169300,23.1,U
sh601126,四方股份,2025-10-14 10:46:47,23.09,153500,23.1,E
sh601126,四方股份,2025-10-14 10:46:50,23.08,12100,23.09,D
sh601126,四方股份,2025-10-14 10:46:59,23.03,12600,23.03,D
sh601126,四方股份,2025-10-14 10:47:05,23.04,9800,23.04,D
sh601126,四方股份,2025-10-14 10:47:08,23.04,11400,23.04,U
sh601126,四方股份,2025-10-14 10:47:14,23.03,148100,23.03,U
sh601126,四方股份,2025-10-14 10:47:17,23.04,17100,23.03,U
sh601126,四方股份,2025-10-14 10:47:20,23.06,9200,23.04,U
sh601126,四方股份,2025-10-14 10:47:23,23.03,25600,23.06,D
sh601126,四方股份,2025-10-14 10:47:26,23.02,44100,23.03,D
sh601126,四方股份,2025-10-14 10:47:29,23.03,11600,23.02,U
sh601126,四方股份,2025-10-14 10:47:32,23.04,102100,23.03,U
sh601126,四方股份,2025-10-14 10:47:35,23.07,137900,23.04,U
sh601126,四方股份,2025-10-14 10:47:38,23.06,16600,23.07,D
sh601126,四方股份,2025-10-14 10:47:41,23.06,22000,23.06,U
sh601126,四方股份,2025-10-14 10:47:44,23.06,24200,23.06,D
sh601126,四方股份,2025-10-14 10:47:47,23.06,27000,23.06,U
sh601126,四方股份,2025-10-14 10:47:50,23.04,35700,23.06,D
sh601126,四方股份,2025-10-14 10:47:53,23.01,25000,23.04,D
sh601126,四方股份,2025-10-14 10:47:56,23.0,39500,23.01,D
sh601126,四方股份,2025-10-14 10:47:59,23.04,10700,23.0,U
sh601126,四方股份,2025-10-14 10:48:02,23.0,11900,23.04,D
sh601126,四方股份,2025-10-14 10:48:05,23.0,44500,23.0,D
sh601126,四方股份,2025-10-14 10:48:11,22.99,15900,22.99,D
sh601126,四方股份,2025-10-14 10:48:17,22.98,30600,22.99,D
sh601126,四方股份,2025-10-14 10:48:20,23.0,81100,22.98,U
sh601126,四方股份,2025-10-14 10:48:23,23.0,79400,23.0,D
sh601126,四方股份,2025-10-14 10:48:26,23.0,62000,23.0,U
sh601126,四方股份,2025-10-14 10:48:29,22.98,32500,23.0,D
sh601126,四方股份,2025-10-14 10:48:35,22.97,47000,22.99,D
sh601126,四方股份,2025-10-14 10:48:38,22.97,17900,22.97,D
sh601126,四方股份,2025-10-14 10:48:41,22.97,35900,22.97,D
sh601126,四方股份,2025-10-14 10:48:44,22.96,40500,22.97,D
sh601126,四方股份,2025-10-14 10:48:47,22.97,40600,22.96,U
sh601126,四方股份,2025-10-14 10:48:50,22.9,840600,22.97,D
sh601126,四方股份,2025-10-14 10:48:53,22.93,85900,22.9,E
sh601126,四方股份,2025-10-14 10:48:56,22.9,104300,22.93,D
sh601126,四方股份,2025-10-14 10:48:59,22.9,24300,22.9,D
sh601126,四方股份,2025-10-14 10:49:02,22.9,160400,22.9,D
sh601126,四方股份,2025-10-14 10:49:05,22.91,61000,22.9,U
sh601126,四方股份,2025-10-14 10:49:08,22.92,14700,22.91,U
sh601126,四方股份,2025-10-14 10:49:14,22.99,62900,22.93,U
sh601126,四方股份,2025-10-14 10:49:17,22.97,13123,22.99,D
sh601126,四方股份,2025-10-14 10:49:20,23.0,77400,22.97,U
sh601126,四方股份,2025-10-14 10:49:23,23.0,14200,23.0,D
sh601126,四方股份,2025-10-14 10:49:26,23.01,25700,23.0,U
sh601126,四方股份,2025-10-14 10:49:32,23.03,10800,23.03,U
sh601126,四方股份,2025-10-14 10:49:35,23.03,41100,23.03,D
sh601126,四方股份,2025-10-14 10:49:38,23.06,71100,23.03,U
sh601126,四方股份,2025-10-14 10:49:44,23.06,23000,23.08,D
sh601126,四方股份,2025-10-14 10:49:47,23.06,10000,23.06,U
sh601126,四方股份,2025-10-14 10:50:05,23.03,53600,23.03,D
sh601126,四方股份,2025-10-14 10:50:08,23.04,43700,23.03,E
sh601126,四方股份,2025-10-14 10:50:11,23.05,52400,23.04,D
sh601126,四方股份,2025-10-14 10:50:14,23.05,10800,23.05,U
sh601126,四方股份,2025-10-14 10:50:20,23.07,49900,23.04,U
sh601126,四方股份,2025-10-14 10:50:26,23.09,83700,23.07,U
sh601126,四方股份,2025-10-14 10:50:35,23.08,21700,23.09,D
sh601126,四方股份,2025-10-14 10:50:38,23.07,21900,23.08,D
sh601126,四方股份,2025-10-14 10:51:02,23.03,11000,23.06,D
sh601126,四方股份,2025-10-14 10:51:26,23.01,24900,23.0,U
sh601126,四方股份,2025-10-14 10:51:35,23.01,77700,22.98,U
sh601126,四方股份,2025-10-14 10:51:38,23.02,9000,23.01,U
sh601126,四方股份,2025-10-14 10:51:41,23.02,32900,23.02,D
sh601126,四方股份,2025-10-14 10:51:47,23.05,23000,23.02,U
sh601126,四方股份,2025-10-14 10:51:50,23.03,9400,23.05,D
sh601126,四方股份,2025-10-14 10:51:59,23.01,11200,23.03,D
sh601126,四方股份,2025-10-14 10:52:20,23.0,12500,23.0,U
sh601126,四方股份,2025-10-14 10:52:23,23.02,60500,23.0,U
sh601126,四方股份,2025-10-14 10:52:26,23.02,10700,23.02,D
sh601126,四方股份,2025-10-14 10:52:32,23.01,17900,23.02,D
sh601126,四方股份,2025-10-14 10:52:44,23.01,12900,23.0,U
sh601126,四方股份,2025-10-14 10:52:56,23.02,70100,23.0,U
sh601126,四方股份,2025-10-14 10:52:58,23.02,16500,23.02,U
sh601126,四方股份,2025-10-14 10:53:08,23.05,20900,23.01,U
sh601126,四方股份,2025-10-14 10:53:26,23.02,9800,23.02,D
sh601126,四方股份,2025-10-14 10:53:47,23.01,9600,23.01,D
sh601126,四方股份,2025-10-14 10:53:56,22.97,68000,23.0,D
sh601126,四方股份,2025-10-14 10:54:02,22.97,13600,23.0,D
sh601126,四方股份,2025-10-14 10:54:11,23.0,78600,22.97,U
sh601126,四方股份,2025-10-14 10:54:14,23.01,39300,23.0,U
sh601126,四方股份,2025-10-14 10:54:23,23.01,69700,23.0,U
sh601126,四方股份,2025-10-14 10:54:26,23.01,141600,23.01,D
sh601126,四方股份,2025-10-14 10:54:29,23.05,51000,23.01,U
sh601126,四方股份,2025-10-14 10:54:32,23.03,25100,23.05,D
sh601126,四方股份,2025-10-14 10:54:44,23.02,73000,23.02,D
sh601126,四方股份,2025-10-14 10:54:50,23.0,17900,23.01,D
sh601126,四方股份,2025-10-14 10:54:53,22.98,23400,23.0,D
sh601126,四方股份,2025-10-14 10:55:02,23.0,113100,22.98,U
sh601126,四方股份,2025-10-14 10:55:05,23.0,11900,23.0,U
sh601126,四方股份,2025-10-14 10:55:08,23.0,15600,23.0,U
sh601126,四方股份,2025-10-14 10:55:11,23.0,11300,23.0,D
sh601126,四方股份,2025-10-14 10:55:17,23.02,32400,23.02,U
sh601126,四方股份,2025-10-14 10:55:26,23.03,22700,23.0,U
sh601126,四方股份,2025-10-14 10:55:32,23.02,12300,23.03,E
sh601126,四方股份,2025-10-14 10:55:41,23.0,9000,23.01,D
sh601126,四方股份,2025-10-14 10:55:43,22.99,12600,23.0,D
sh601126,四方股份,2025-10-14 10:55:47,23.01,9900,22.99,U
sh601126,四方股份,2025-10-14 10:55:50,22.99,14700,23.01,D
sh601126,四方股份,2025-10-14 10:55:56,23.01,29600,23.0,U
sh601126,四方股份,2025-10-14 10:55:59,23.04,18300,23.01,U
sh601126,四方股份,2025-10-14 10:56:29,23.05,15100,23.04,U
sh601126,四方股份,2025-10-14 10:56:50,23.06,52100,23.07,U
sh601126,四方股份,2025-10-14 10:56:56,23.06,57500,23.04,U
sh601126,四方股份,2025-10-14 10:56:59,23.04,12800,23.06,D
sh601126,四方股份,2025-10-14 10:57:08,23.03,38200,23.05,D
sh601126,四方股份,2025-10-14 10:57:38,23.03,12200,23.02,U
sh601126,四方股份,2025-10-14 10:57:50,23.0,52500,23.01,D
sh601126,四方股份,2025-10-14 10:58:05,22.99,20100,22.99,D
sh601126,四方股份,2025-10-14 10:58:08,22.98,9100,22.99,D
sh601126,四方股份,2025-10-14 10:58:11,23.0,12500,22.98,U
sh601126,四方股份,2025-10-14 10:58:14,22.98,10500,23.0,D
sh601126,四方股份,2025-10-14 10:58:20,23.01,19100,22.98,U
sh601126,四方股份,2025-10-14 10:58:23,23.03,22500,23.01,U
sh601126,四方股份,2025-10-14 10:58:26,23.04,10700,23.03,U
sh601126,四方股份,2025-10-14 10:58:47,23.03,15200,23.03,D
sh601126,四方股份,2025-10-14 10:58:59,23.03,14000,23.02,U
sh601126,四方股份,2025-10-14 10:59:23,23.03,16400,23.03,U
sh601126,四方股份,2025-10-14 10:59:32,23.05,8800,23.04,U
sh601126,四方股份,2025-10-14 10:59:50,23.07,45900,23.06,U
sh601126,四方股份,2025-10-14 11:00:05,23.08,65700,23.08,U
sh601126,四方股份,2025-10-14 11:00:23,23.03,11900,23.03,U
sh601126,四方股份,2025-10-14 11:00:50,23.06,11900,23.06,E
sh601126,四方股份,2025-10-14 11:01:14,23.06,62100,23.08,D
sh601126,四方股份,2025-10-14 11:01:32,23.1,13800,23.07,U
sh601126,四方股份,2025-10-14 11:01:38,23.08,15500,23.08,E
sh601126,四方股份,2025-10-14 11:01:41,23.09,9500,23.08,U
sh601126,四方股份,2025-10-14 11:01:53,23.1,25700,23.09,U
sh601126,四方股份,2025-10-14 11:02:02,23.09,18800,23.06,U
sh601126,四方股份,2025-10-14 11:02:11,23.05,73900,23.06,D
sh601126,四方股份,2025-10-14 11:02:20,23.08,21900,23.07,U
sh601126,四方股份,2025-10-14 11:02:50,23.08,47100,23.1,D
sh601126,四方股份,2025-10-14 11:03:02,23.1,43100,23.1,U
sh601126,四方股份,2025-10-14 11:03:05,23.09,54600,23.1,D
sh601126,四方股份,2025-10-14 11:03:08,23.08,10000,23.09,D
sh601126,四方股份,2025-10-14 11:03:11,23.08,9200,23.08,U
sh601126,四方股份,2025-10-14 11:03:14,23.05,16300,23.08,D
sh601126,四方股份,2025-10-14 11:03:17,23.05,12800,23.05,U
sh601126,四方股份,2025-10-14 11:03:26,23.0,52400,23.02,D
sh601126,四方股份,2025-10-14 11:03:29,22.99,59900,23.0,D
sh601126,四方股份,2025-10-14 11:03:38,22.99,8800,22.98,U
sh601126,四方股份,2025-10-14 11:03:41,22.98,16500,22.99,D
sh601126,四方股份,2025-10-14 11:03:44,22.98,10100,22.98,U
sh601126,四方股份,2025-10-14 11:03:47,22.98,78700,22.98,U
sh601126,四方股份,2025-10-14 11:03:50,23.02,48000,22.98,U
sh601126,四方股份,2025-10-14 11:04:08,23.02,9100,23.01,U
sh601126,四方股份,2025-10-14 11:04:56,22.99,14300,23.0,D
sh601126,四方股份,2025-10-14 11:04:59,22.97,26000,22.99,D
sh601126,四方股份,2025-10-14 11:05:02,22.96,19100,22.97,D
sh601126,四方股份,2025-10-14 11:05:29,22.92,13700,22.93,D
sh601126,四方股份,2025-10-14 11:05:32,22.94,12800,22.92,U
sh601126,四方股份,2025-10-14 11:05:41,22.93,19500,22.93,D
sh601126,四方股份,2025-10-14 11:05:53,22.93,83900,22.94,E
sh601126,四方股份,2025-10-14 11:06:11,22.89,10800,22.89,D
sh601126,四方股份,2025-10-14 11:06:14,22.91,78800,22.89,U
sh601126,四方股份,2025-10-14 11:06:23,22.93,44000,22.93,U
sh601126,四方股份,2025-10-14 11:06:35,22.93,10500,22.95,D
sh601126,四方股份,2025-10-14 11:06:41,22.9,28000,22.94,D
sh601126,四方股份,2025-10-14 11:06:44,22.96,9700,22.9,U
sh601126,四方股份,2025-10-14 11:06:50,22.93,28000,22.93,D
sh601126,四方股份,2025-10-14 11:07:02,22.95,27500,22.94,U
sh601126,四方股份,2025-10-14 11:07:05,22.95,20900,22.95,D
sh601126,四方股份,2025-10-14 11:07:11,22.93,10600,22.93,D
sh601126,四方股份,2025-10-14 11:07:26,22.91,14900,22.91,D
sh601126,四方股份,2025-10-14 11:07:29,22.9,12000,22.91,D
sh601126,四方股份,2025-10-14 11:07:50,22.88,17400,22.88,D
sh601126,四方股份,2025-10-14 11:08:02,22.87,14600,22.87,U
sh601126,四方股份,2025-10-14 11:08:05,22.85,43600,22.87,D
sh601126,四方股份,2025-10-14 11:08:11,22.87,17000,22.87,D
sh601126,四方股份,2025-10-14 11:08:14,22.89,105900,22.87,U
sh601126,四方股份,2025-10-14 11:08:17,22.89,46800,22.89,U
sh601126,四方股份,2025-10-14 11:08:20,22.87,26700,22.89,D
sh601126,四方股份,2025-10-14 11:08:23,22.88,10600,22.87,U
sh601126,四方股份,2025-10-14 11:08:29,22.88,11100,22.88,D
sh601126,四方股份,2025-10-14 11:08:38,22.86,28900,22.88,D
sh601126,四方股份,2025-10-14 11:08:44,22.87,23600,22.88,D
sh601126,四方股份,2025-10-14 11:08:47,22.86,11800,22.87,D
sh601126,四方股份,2025-10-14 11:08:50,22.86,23500,22.86,D
sh601126,四方股份,2025-10-14 11:08:53,22.86,12500,22.86,D
sh601126,四方股份,2025-10-14 11:08:56,22.84,262200,22.86,D
sh601126,四方股份,2025-10-14 11:08:59,22.85,75900,22.84,U
sh601126,四方股份,2025-10-14 11:09:08,22.85,11300,22.85,U
sh601126,四方股份,2025-10-14 11:09:11,22.87,39700,22.85,U
sh601126,四方股份,2025-10-14 11:09:14,22.85,17800,22.87,E
sh601126,四方股份,2025-10-14 11:09:17,22.87,90500,22.85,U
sh601126,四方股份,2025-10-14 11:09:20,22.89,18100,22.87,U
sh601126,四方股份,2025-10-14 11:09:29,22.91,9100,22.89,U
sh601126,四方股份,2025-10-14 11:09:32,22.9,33300,22.91,D
sh601126,四方股份,2025-10-14 11:09:38,22.9,9200,22.9,U
sh601126,四方股份,2025-10-14 11:09:44,22.9,11000,22.9,D
sh601126,四方股份,2025-10-14 11:10:02,22.87,11900,22.87,D
sh601126,四方股份,2025-10-14 11:10:05,22.8,57600,22.87,D
sh601126,四方股份,2025-10-14 11:10:08,22.8,19100,22.8,D
sh601126,四方股份,2025-10-14 11:10:11,22.81,12700,22.8,D
sh601126,四方股份,2025-10-14 11:10:29,22.87,16900,22.85,U
sh601126,四方股份,2025-10-14 11:10:35,22.86,15200,22.85,U
sh601126,四方股份,2025-10-14 11:10:38,22.86,10100,22.86,U
sh601126,四方股份,2025-10-14 11:11:02,22.86,14500,22.86,D
sh601126,四方股份,2025-10-14 11:11:08,22.86,13000,22.87,D
sh601126,四方股份,2025-10-14 11:11:17,22.87,11100,22.86,U
sh601126,四方股份,2025-10-14 11:11:20,22.89,15600,22.87,U
sh601126,四方股份,2025-10-14 11:11:29,22.87,11100,22.87,D
sh601126,四方股份,2025-10-14 11:11:32,22.8,387200,22.87,D
sh601126,四方股份,2025-10-14 11:11:50,22.86,52100,22.86,U
sh601126,四方股份,2025-10-14 11:11:56,22.86,37500,22.86,U
sh601126,四方股份,2025-10-14 11:12:23,22.85,10300,22.85,D
sh601126,四方股份,2025-10-14 11:12:26,22.85,9400,22.85,D
sh601126,四方股份,2025-10-14 11:12:50,22.88,36600,22.86,U
sh601126,四方股份,2025-10-14 11:12:53,22.87,24000,22.88,D
sh601126,四方股份,2025-10-14 11:13:05,22.91,20200,22.88,U
sh601126,四方股份,2025-10-14 11:13:29,22.97,12700,22.93,U
sh601126,四方股份,2025-10-14 11:13:43,22.97,12600,22.96,U
sh601126,四方股份,2025-10-14 11:13:50,22.98,30200,22.97,U
sh601126,四方股份,2025-10-14 11:13:56,22.98,9500,22.99,E
sh601126,四方股份,2025-10-14 11:13:59,22.99,10400,22.98,U
sh601126,四方股份,2025-10-14 11:14:38,22.93,15300,22.93,U
sh601126,四方股份,2025-10-14 11:16:02,22.89,9500,22.89,D
sh601126,四方股份,2025-10-14 11:16:05,22.9,8900,22.89,U
sh601126,四方股份,2025-10-14 11:16:20,22.89,10700,22.88,U
sh601126,四方股份,2025-10-14 11:16:32,22.92,41800,22.9,U
sh601126,四方股份,2025-10-14 11:17:26,22.91,8900,22.9,U
sh601126,四方股份,2025-10-14 11:18:14,22.86,9700,22.86,D
sh601126,四方股份,2025-10-14 11:18:20,22.91,11100,22.86,U
sh601126,四方股份,2025-10-14 11:18:50,22.87,17200,22.87,D
sh601126,四方股份,2025-10-14 11:18:53,22.87,33500,22.87,U
sh601126,四方股份,2025-10-14 11:19:05,22.85,10800,22.86,D
sh601126,四方股份,2025-10-14 11:19:08,22.86,13500,22.85,U
sh601126,四方股份,2025-10-14 11:19:11,22.86,9300,22.86,E
sh601126,四方股份,2025-10-14 11:19:29,22.86,14900,22.86,D
sh601126,四方股份,2025-10-14 11:19:32,22.87,15400,22.86,E
sh601126,四方股份,2025-10-14 11:20:14,22.87,12100,22.87,D
sh601126,四方股份,2025-10-14 11:20:35,22.85,10300,22.86,D
sh601126,四方股份,2025-10-14 11:20:38,22.85,12600,22.85,D
sh601126,四方股份,2025-10-14 11:20:41,22.85,11300,22.85,D
sh601126,四方股份,2025-10-14 11:21:08,22.87,43200,22.85,U
sh601126,四方股份,2025-10-14 11:22:02,22.82,23900,22.83,D
sh601126,四方股份,2025-10-14 11:22:08,22.8,13900,22.8,D
sh601126,四方股份,2025-10-14 11:22:14,22.81,28800,22.8,U
sh601126,四方股份,2025-10-14 11:22:17,22.79,15200,22.81,D
sh601126,四方股份,2025-10-14 11:22:20,22.79,12800,22.79,U
sh601126,四方股份,2025-10-14 11:22:26,22.8,9000,22.79,U
sh601126,四方股份,2025-10-14 11:22:29,22.81,14000,22.8,U
sh601126,四方股份,2025-10-14 11:22:32,22.81,13400,22.81,U
sh601126,四方股份,2025-10-14 11:22:35,22.83,59200,22.81,U
sh601126,四方股份,2025-10-14 11:22:38,22.82,16500,22.83,D
sh601126,四方股份,2025-10-14 11:22:59,22.83,21100,22.8,U
sh601126,四方股份,2025-10-14 11:23:05,22.81,11600,22.8,U
sh601126,四方股份,2025-10-14 11:23:08,22.83,11900,22.81,U
sh601126,四方股份,2025-10-14 11:23:11,22.83,16300,22.83,U
sh601126,四方股份,2025-10-14 11:23:17,22.85,20500,22.83,U
sh601126,四方股份,2025-10-14 11:23:20,22.82,31300,22.85,D
sh601126,四方股份,2025-10-14 11:23:35,22.84,9000,22.85,D
sh601126,四方股份,2025-10-14 11:23:52,22.83,20000,22.85,D
sh601126,四方股份,2025-10-14 11:23:56,22.8,22000,22.83,D
sh601126,四方股份,2025-10-14 11:23:59,22.78,21000,22.8,D
sh601126,四方股份,2025-10-14 11:24:02,22.76,41100,22.78,D
sh601126,四方股份,2025-10-14 11:24:05,22.77,20700,22.76,E
sh601126,四方股份,2025-10-14 11:24:08,22.78,20200,22.77,D
sh601126,四方股份,2025-10-14 11:24:11,22.79,27700,22.78,E
sh601126,四方股份,2025-10-14 11:24:17,22.78,26400,22.78,U
sh601126,四方股份,2025-10-14 11:24:20,22.79,35400,22.78,U
sh601126,四方股份,2025-10-14 11:24:23,22.79,10500,22.79,D
sh601126,四方股份,2025-10-14 11:24:38,22.82,29800,22.78,U
sh601126,四方股份,2025-10-14 11:24:53,22.82,9100,22.82,U
sh601126,四方股份,2025-10-14 11:25:14,22.8,9200,22.81,D
sh601126,四方股份,2025-10-14 11:25:29,22.78,11300,22.79,D
sh601126,四方股份,2025-10-14 11:25:32,22.83,18200,22.78,U
sh601126,四方股份,2025-10-14 11:25:41,22.85,9900,22.85,U
sh601126,四方股份,2025-10-14 11:25:59,22.86,15800,22.86,D
sh601126,四方股份,2025-10-14 11:26:02,22.86,10100,22.86,U
sh601126,四方股份,2025-10-14 11:26:05,22.84,13200,22.86,D
sh601126,四方股份,2025-10-14 11:26:17,22.84,14900,22.85,D
sh601126,四方股份,2025-10-14 11:26:29,22.86,12300,22.84,U
sh601126,四方股份,2025-10-14 11:27:17,22.85,15300,22.84,U
sh601126,四方股份,2025-10-14 11:27:20,22.85,11400,22.85,U
sh601126,四方股份,2025-10-14 11:27:23,22.87,29300,22.85,U
sh601126,四方股份,2025-10-14 11:27:53,22.86,12800,22.87,D
sh601126,四方股份,2025-10-14 11:28:05,22.84,11800,22.87,D
sh601126,四方股份,2025-10-14 11:28:38,22.79,52500,22.85,D
sh601126,四方股份,2025-10-14 11:29:05,22.85,19700,22.86,D
sh601126,四方股份,2025-10-14 11:29:08,22.9,14600,22.85,U
sh601126,四方股份,2025-10-14 11:29:17,22.95,22600,22.92,U
sh601126,四方股份,2025-10-14 11:29:29,23.01,14700,22.98,U
sh601126,四方股份,2025-10-14 11:29:35,23.05,17400,22.95,U
sh601126,四方股份,2025-10-14 13:00:02,23.05,10300,23.0,U
sh601126,四方股份,2025-10-14 13:00:05,23.05,26500,23.05,D
sh601126,四方股份,2025-10-14 13:00:07,23.05,67600,23.05,U
sh601126,四方股份,2025-10-14 13:00:11,23.01,37000,23.05,D
sh601126,四方股份,2025-10-14 13:00:14,23.04,41400,23.01,E
sh601126,四方股份,2025-10-14 13:00:17,22.97,77700,23.04,D
sh601126,四方股份,2025-10-14 13:00:20,22.93,30900,22.97,D
sh601126,四方股份,2025-10-14 13:00:26,22.91,25300,22.92,D
sh601126,四方股份,2025-10-14 13:00:29,22.91,27400,22.91,U
sh601126,四方股份,2025-10-14 13:00:32,22.93,31600,22.91,U
sh601126,四方股份,2025-10-14 13:00:35,22.93,34000,22.93,D
sh601126,四方股份,2025-10-14 13:00:41,22.94,15800,22.92,U
sh601126,四方股份,2025-10-14 13:00:44,22.95,9200,22.94,E
sh601126,四方股份,2025-10-14 13:01:05,22.99,9900,23.0,D
sh601126,四方股份,2025-10-14 13:01:08,22.93,17300,22.99,D
sh601126,四方股份,2025-10-14 13:01:32,22.93,10200,22.93,D
sh601126,四方股份,2025-10-14 13:01:38,22.93,15800,22.93,U
sh601126,四方股份,2025-10-14 13:01:50,22.89,14600,22.9,D
sh601126,四方股份,2025-10-14 13:02:08,22.89,37300,22.89,D
sh601126,四方股份,2025-10-14 13:02:11,22.88,12000,22.89,D
sh601126,四方股份,2025-10-14 13:02:41,22.81,19000,22.86,D
sh601126,四方股份,2025-10-14 13:02:44,22.85,8800,22.81,E
sh601126,四方股份,2025-10-14 13:02:50,22.81,9600,22.84,D
sh601126,四方股份,2025-10-14 13:03:11,22.83,19000,22.82,U
sh601126,四方股份,2025-10-14 13:03:17,22.84,12700,22.86,D
sh601126,四方股份,2025-10-14 13:03:23,22.87,46800,22.86,U
sh601126,四方股份,2025-10-14 13:03:26,22.88,9800,22.87,U
sh601126,四方股份,2025-10-14 13:03:32,22.88,11100,22.88,D
sh601126,四方股份,2025-10-14 13:03:41,22.9,12300,22.89,U
sh601126,四方股份,2025-10-14 13:03:47,22.89,9700,22.9,D
sh601126,四方股份,2025-10-14 13:03:53,22.92,15900,22.89,D
sh601126,四方股份,2025-10-14 13:03:56,22.82,29600,22.92,D
sh601126,四方股份,2025-10-14 13:04:05,22.89,20100,22.91,D
sh601126,四方股份,2025-10-14 13:04:11,22.87,13400,22.88,D
sh601126,四方股份,2025-10-14 13:04:44,22.8,38000,22.88,D
sh601126,四方股份,2025-10-14 13:05:02,22.87,20200,22.9,D
sh601126,四方股份,2025-10-14 13:05:05,22.87,9500,22.87,D
sh601126,四方股份,2025-10-14 13:05:11,22.8,16100,22.86,D
sh601126,四方股份,2025-10-14 13:05:14,22.84,15400,22.8,E
sh601126,四方股份,2025-10-14 13:05:17,22.84,21200,22.84,U
sh601126,四方股份,2025-10-14 13:05:20,22.8,13700,22.84,D
sh601126,四方股份,2025-10-14 13:05:23,22.81,25000,22.8,D
sh601126,四方股份,2025-10-14 13:05:26,22.8,22100,22.81,U
sh601126,四方股份,2025-10-14 13:05:29,22.78,51600,22.8,D
sh601126,四方股份,2025-10-14 13:05:32,22.82,20100,22.78,U
sh601126,四方股份,2025-10-14 13:05:35,22.8,10000,22.82,E
sh601126,四方股份,2025-10-14 13:05:38,22.76,11900,22.8,D
sh601126,四方股份,2025-10-14 13:05:44,22.8,12200,22.76,U
sh601126,四方股份,2025-10-14 13:05:47,22.77,18900,22.8,D
sh601126,四方股份,2025-10-14 13:05:53,22.77,46300,22.77,D
sh601126,四方股份,2025-10-14 13:05:56,22.77,9800,22.77,U
sh601126,四方股份,2025-10-14 13:05:59,22.77,9700,22.77,U
sh601126,四方股份,2025-10-14 13:06:02,22.77,24900,22.77,U
sh601126,四方股份,2025-10-14 13:06:05,22.77,49100,22.77,U
sh601126,四方股份,2025-10-14 13:06:08,22.77,26000,22.77,U
sh601126,四方股份,2025-10-14 13:06:14,22.74,23300,22.73,D
sh601126,四方股份,2025-10-14 13:06:20,22.75,11100,22.75,D
sh601126,四方股份,2025-10-14 13:06:23,22.74,10000,22.75,D
sh601126,四方股份,2025-10-14 13:06:26,22.8,23100,22.74,U
sh601126,四方股份,2025-10-14 13:06:29,22.77,10000,22.8,E
sh601126,四方股份,2025-10-14 13:06:35,22.75,9200,22.77,D
sh601126,四方股份,2025-10-14 13:06:38,22.79,19000,22.75,U
sh601126,四方股份,2025-10-14 13:06:41,22.79,11600,22.79,D
sh601126,四方股份,2025-10-14 13:06:47,22.78,12500,22.8,D
sh601126,四方股份,2025-10-14 13:06:50,22.8,17900,22.78,U
sh601126,四方股份,2025-10-14 13:06:56,22.77,14400,22.77,D
sh601126,四方股份,2025-10-14 13:07:05,22.76,19000,22.78,E
sh601126,四方股份,2025-10-14 13:07:08,22.75,12100,22.76,D
sh601126,四方股份,2025-10-14 13:07:11,22.77,9200,22.75,D
sh601126,四方股份,2025-10-14 13:07:17,22.77,16700,22.75,U
sh601126,四方股份,2025-10-14 13:07:20,22.75,16500,22.77,D
sh601126,四方股份,2025-10-14 13:07:26,22.77,9300,22.75,U
sh601126,四方股份,2025-10-14 13:07:29,22.76,14400,22.77,U
sh601126,四方股份,2025-10-14 13:07:32,22.72,18900,22.76,D
sh601126,四方股份,2025-10-14 13:07:38,22.77,17600,22.77,U
sh601126,四方股份,2025-10-14 13:07:41,22.74,9000,22.77,D
sh601126,四方股份,2025-10-14 13:07:44,22.7,16000,22.74,D
sh601126,四方股份,2025-10-14 13:07:50,22.74,33700,22.71,U
sh601126,四方股份,2025-10-14 13:07:53,22.74,12400,22.74,U
sh601126,四方股份,2025-10-14 13:07:56,22.71,19500,22.74,D
sh601126,四方股份,2025-10-14 13:07:59,22.7,9700,22.71,D
sh601126,四方股份,2025-10-14 13:08:05,22.69,14200,22.7,D
sh601126,四方股份,2025-10-14 13:08:08,22.69,11100,22.69,D
sh601126,四方股份,2025-10-14 13:08:11,22.69,16900,22.69,E
sh601126,四方股份,2025-10-14 13:08:17,22.69,13200,22.68,U
sh601126,四方股份,2025-10-14 13:08:20,22.68,35300,22.69,D
sh601126,四方股份,2025-10-14 13:08:23,22.69,9400,22.68,E
sh601126,四方股份,2025-10-14 13:08:26,22.68,10000,22.69,D
sh601126,四方股份,2025-10-14 13:08:32,22.7,12100,22.68,U
sh601126,四方股份,2025-10-14 13:08:35,22.7,67900,22.7,D
sh601126,四方股份,2025-10-14 13:08:44,22.7,18500,22.69,U
sh601126,四方股份,2025-10-14 13:08:47,22.7,10500,22.7,D
sh601126,四方股份,2025-10-14 13:08:50,22.69,13900,22.7,D
sh601126,四方股份,2025-10-14 13:08:53,22.72,10600,22.69,U
sh601126,四方股份,2025-10-14 13:08:56,22.73,10100,22.72,U
sh601126,四方股份,2025-10-14 13:09:02,22.74,59300,22.73,U
sh601126,四方股份,2025-10-14 13:09:05,22.74,11100,22.74,U
sh601126,四方股份,2025-10-14 13:09:11,22.7,45600,22.74,D
sh601126,四方股份,2025-10-14 13:09:17,22.73,11700,22.7,U
sh601126,四方股份,2025-10-14 13:09:23,22.68,11400,22.68,D
sh601126,四方股份,2025-10-14 13:09:38,22.67,29200,22.65,U
sh601126,四方股份,2025-10-14 13:09:41,22.67,42300,22.67,D
sh601126,四方股份,2025-10-14 13:09:44,22.69,34600,22.67,E
sh601126,四方股份,2025-10-14 13:09:47,22.7,67600,22.69,U
sh601126,四方股份,2025-10-14 13:10:02,22.67,11600,22.68,D
sh601126,四方股份,2025-10-14 13:10:11,22.66,15700,22.65,U
sh601126,四方股份,2025-10-14 13:10:14,22.64,22300,22.66,D
sh601126,四方股份,2025-10-14 13:10:17,22.67,11500,22.64,U
sh601126,四方股份,2025-10-14 13:10:20,22.65,42400,22.67,D
sh601126,四方股份,2025-10-14 13:10:35,22.7,51000,22.69,U
sh601126,四方股份,2025-10-14 13:10:44,22.7,15800,22.7,D
sh601126,四方股份,2025-10-14 13:11:05,22.73,40400,22.7,U
sh601126,四方股份,2025-10-14 13:11:59,22.76,12800,22.77,D
sh601126,四方股份,2025-10-14 13:12:20,22.79,16400,22.74,U
sh601126,四方股份,2025-10-14 13:12:53,22.75,16000,22.74,U
sh601126,四方股份,2025-10-14 13:12:59,22.75,10800,22.74,U
sh601126,四方股份,2025-10-14 13:13:11,22.8,117800,22.75,U
sh601126,四方股份,2025-10-14 13:13:17,22.8,14600,22.79,U
sh601126,四方股份,2025-10-14 13:13:29,22.81,9800,22.82,D
sh601126,四方股份,2025-10-14 13:13:38,22.78,32500,22.83,D
sh601126,四方股份,2025-10-14 13:14:08,22.79,22100,22.78,U
sh601126,四方股份,2025-10-14 13:14:32,22.76,51500,22.81,D
sh601126,四方股份,2025-10-14 13:14:35,22.72,24800,22.76,D
sh601126,四方股份,2025-10-14 13:14:47,22.75,12900,22.74,U
sh601126,四方股份,2025-10-14 13:15:08,22.8,268200,22.76,U
sh601126,四方股份,2025-10-14 13:15:11,22.8,35600,22.8,U
sh601126,四方股份,2025-10-14 13:15:14,22.82,12200,22.8,U
sh601126,四方股份,2025-10-14 13:15:23,22.9,39800,22.87,U
sh601126,四方股份,2025-10-14 13:15:35,22.86,17700,22.88,U
sh601126,四方股份,2025-10-14 13:15:44,22.86,9300,22.87,D
sh601126,四方股份,2025-10-14 13:15:56,22.87,9800,22.87,D
sh601126,四方股份,2025-10-14 13:16:02,22.86,10300,22.88,D
sh601126,四方股份,2025-10-14 13:16:05,22.84,33300,22.86,D
sh601126,四方股份,2025-10-14 13:16:11,22.85,10500,22.84,U
sh601126,四方股份,2025-10-14 13:16:32,22.87,14100,22.85,U
sh601126,四方股份,2025-10-14 13:16:38,22.88,35300,22.88,U
sh601126,四方股份,2025-10-14 13:16:50,22.86,46500,22.87,D
sh601126,四方股份,2025-10-14 13:16:53,22.82,23900,22.86,D
sh601126,四方股份,2025-10-14 13:16:56,22.83,13300,22.82,U
sh601126,四方股份,2025-10-14 13:17:02,22.76,31600,22.78,D
sh601126,四方股份,2025-10-14 13:17:10,22.75,11500,22.73,U
sh601126,四方股份,2025-10-14 13:17:14,22.75,18200,22.75,U
sh601126,四方股份,2025-10-14 13:17:20,22.75,12600,22.77,D
sh601126,四方股份,2025-10-14 13:17:38,22.77,10200,22.78,D
sh601126,四方股份,2025-10-14 13:17:53,22.77,21600,22.76,U
sh601126,四方股份,2025-10-14 13:18:14,22.77,19000,22.77,U
sh601126,四方股份,2025-10-14 13:18:17,22.79,25100,22.77,U
sh601126,四方股份,2025-10-14 13:18:59,22.86,145700,22.83,U
sh601126,四方股份,2025-10-14 13:19:05,22.89,22300,22.85,E
sh601126,四方股份,2025-10-14 13:19:11,22.84,22300,22.86,D
sh601126,四方股份,2025-10-14 13:19:14,22.8,11400,22.84,D
sh601126,四方股份,2025-10-14 13:19:26,22.78,13300,22.79,D
sh601126,四方股份,2025-10-14 13:19:29,22.78,9600,22.78,U
sh601126,四方股份,2025-10-14 13:19:35,22.79,14200,22.78,U
sh601126,四方股份,2025-10-14 13:19:41,22.81,10200,22.83,D
sh601126,四方股份,2025-10-14 13:19:59,22.82,13600,22.84,D
sh601126,四方股份,2025-10-14 13:20:14,22.84,32400,22.82,U
sh601126,四方股份,2025-10-14 13:20:20,22.9,24500,22.89,U
sh601126,四方股份,2025-10-14 13:20:23,22.89,15000,22.9,D
sh601126,四方股份,2025-10-14 13:20:59,22.9,15300,22.9,U
sh601126,四方股份,2025-10-14 13:21:02,22.9,13400,22.9,U
sh601126,四方股份,2025-10-14 13:21:05,22.91,175600,22.9,U
sh601126,四方股份,2025-10-14 13:21:11,22.91,35500,22.93,D
sh601126,四方股份,2025-10-14 13:21:20,22.95,15800,22.91,U
sh601126,四方股份,2025-10-14 13:21:32,22.95,17500,22.96,D
sh601126,四方股份,2025-10-14 13:21:38,22.94,14300,22.94,E
sh601126,四方股份,2025-10-14 13:22:02,22.89,100000,22.95,D
sh601126,四方股份,2025-10-14 13:22:05,22.89,12400,22.89,D
sh601126,四方股份,2025-10-14 13:22:07,22.89,18500,22.89,U
sh601126,四方股份,2025-10-14 13:22:14,22.9,11200,22.89,U
sh601126,四方股份,2025-10-14 13:22:20,22.93,11100,22.94,E
sh601126,四方股份,2025-10-14 13:22:23,22.95,9100,22.93,U
sh601126,四方股份,2025-10-14 13:22:32,22.97,27500,22.98,E
sh601126,四方股份,2025-10-14 13:22:38,22.91,11600,22.96,D
sh601126,四方股份,2025-10-14 13:22:44,22.91,11900,22.95,D
sh601126,四方股份,2025-10-14 13:22:47,22.9,22200,22.91,D
sh601126,四方股份,2025-10-14 13:22:53,22.9,23200,22.9,U
sh601126,四方股份,2025-10-14 13:23:05,22.88,9900,22.89,D
sh601126,四方股份,2025-10-14 13:23:14,22.85,9200,22.85,D
sh601126,四方股份,2025-10-14 13:23:17,22.85,24100,22.85,U
sh601126,四方股份,2025-10-14 13:23:20,22.85,26700,22.85,U
sh601126,四方股份,2025-10-14 13:23:23,22.79,17000,22.85,D
sh601126,四方股份,2025-10-14 13:23:26,22.8,19600,22.79,D
sh601126,四方股份,2025-10-14 13:23:29,22.8,14000,22.8,D
sh601126,四方股份,2025-10-14 13:23:32,22.85,16000,22.8,U
sh601126,四方股份,2025-10-14 13:23:41,22.79,10400,22.79,D
sh601126,四方股份,2025-10-14 13:23:50,22.76,15400,22.76,D
sh601126,四方股份,2025-10-14 13:23:53,22.75,12300,22.76,D
sh601126,四方股份,2025-10-14 13:23:56,22.75,16600,22.75,U
sh601126,四方股份,2025-10-14 13:23:59,22.71,9200,22.75,D
sh601126,四方股份,2025-10-14 13:24:02,22.75,13900,22.71,U
sh601126,四方股份,2025-10-14 13:24:17,22.71,62600,22.74,D
sh601126,四方股份,2025-10-14 13:24:20,22.7,12400,22.71,U
sh601126,四方股份,2025-10-14 13:24:23,22.71,53000,22.7,U
sh601126,四方股份,2025-10-14 13:24:26,22.73,13600,22.71,U
sh601126,四方股份,2025-10-14 13:24:29,22.71,21200,22.73,D
sh601126,四方股份,2025-10-14 13:24:32,22.71,10600,22.71,D
sh601126,四方股份,2025-10-14 13:24:38,22.73,10200,22.74,D
sh601126,四方股份,2025-10-14 13:24:41,22.73,16200,22.73,D
sh601126,四方股份,2025-10-14 13:24:44,22.73,10000,22.73,U
sh601126,四方股份,2025-10-14 13:24:59,22.73,26700,22.72,U
sh601126,四方股份,2025-10-14 13:25:02,22.7,63900,22.73,D
sh601126,四方股份,2025-10-14 13:25:05,22.7,9600,22.7,D
sh601126,四方股份,2025-10-14 13:25:08,22.7,13800,22.7,D
sh601126,四方股份,2025-10-14 13:25:11,22.71,9800,22.7,U
sh601126,四方股份,2025-10-14 13:25:20,22.71,12400,22.7,U
sh601126,四方股份,2025-10-14 13:25:23,22.72,13500,22.71,U
sh601126,四方股份,2025-10-14 13:25:32,22.74,8800,22.72,U
sh601126,四方股份,2025-10-14 13:25:38,22.71,50900,22.73,D
sh601126,四方股份,2025-10-14 13:25:47,22.71,13900,22.71,U
sh601126,四方股份,2025-10-14 13:25:53,22.73,20100,22.72,U
sh601126,四方股份,2025-10-14 13:25:56,22.73,11000,22.73,U
sh601126,四方股份,2025-10-14 13:25:59,22.75,10500,22.73,U
sh601126,四方股份,2025-10-14 13:26:02,22.75,19400,22.75,U
sh601126,四方股份,2025-10-14 13:26:05,22.75,18700,22.75,U
sh601126,四方股份,2025-10-14 13:26:08,22.76,19200,22.75,U
sh601126,四方股份,2025-10-14 13:26:11,22.75,15600,22.76,D
sh601126,四方股份,2025-10-14 13:26:20,22.71,16600,22.71,U
sh601126,四方股份,2025-10-14 13:26:23,22.69,10400,22.71,D
sh601126,四方股份,2025-10-14 13:26:47,22.7,13300,22.67,U
sh601126,四方股份,2025-10-14 13:26:56,22.7,13900,22.7,U
sh601126,四方股份,2025-10-14 13:27:05,22.7,31800,22.7,D
sh601126,四方股份,2025-10-14 13:27:11,22.7,16900,22.71,D
sh601126,四方股份,2025-10-14 13:27:20,22.71,12800,22.7,U
sh601126,四方股份,2025-10-14 13:27:23,22.71,16500,22.71,U
sh601126,四方股份,2025-10-14 13:27:38,22.69,13000,22.71,D
sh601126,四方股份,2025-10-14 13:27:50,22.67,27400,22.69,D
sh601126,四方股份,2025-10-14 13:27:59,22.66,11600,22.67,D
sh601126,四方股份,2025-10-14 13:28:08,22.66,17700,22.67,U
sh601126,四方股份,2025-10-14 13:28:16,22.66,14900,22.66,D
sh601126,四方股份,2025-10-14 13:28:23,22.66,9100,22.67,U
sh601126,四方股份,2025-10-14 13:28:26,22.61,52700,22.66,D
sh601126,四方股份,2025-10-14 13:28:38,22.61,10300,22.63,D
sh601126,四方股份,2025-10-14 13:28:41,22.63,44400,22.61,E
sh601126,四方股份,2025-10-14 13:28:44,22.62,15800,22.63,D
sh601126,四方股份,2025-10-14 13:28:50,22.62,105500,22.62,D
sh601126,四方股份,2025-10-14 13:28:53,22.62,14300,22.62,U
sh601126,四方股份,2025-10-14 13:28:56,22.62,16800,22.62,U
sh601126,四方股份,2025-10-14 13:28:59,22.62,15600,22.62,D
sh601126,四方股份,2025-10-14 13:29:02,22.65,9700,22.62,U
sh601126,四方股份,2025-10-14 13:29:05,22.62,13400,22.65,D
sh601126,四方股份,2025-10-14 13:29:17,22.62,28900,22.65,D
sh601126,四方股份,2025-10-14 13:29:20,22.65,24500,22.62,D
sh601126,四方股份,2025-10-14 13:29:26,22.63,17100,22.62,E
sh601126,四方股份,2025-10-14 13:29:29,22.6,26300,22.63,D
sh601126,四方股份,2025-10-14 13:29:32,22.6,21500,22.6,U
sh601126,四方股份,2025-10-14 13:29:35,22.59,46200,22.6,D
sh601126,四方股份,2025-10-14 13:29:38,22.6,54800,22.59,U
sh601126,四方股份,2025-10-14 13:29:41,22.6,10600,22.6,U
sh601126,四方股份,2025-10-14 13:29:44,22.58,12400,22.6,D
sh601126,四方股份,2025-10-14 13:29:47,22.58,13400,22.58,D
sh601126,四方股份,2025-10-14 13:29:52,22.59,14900,22.59,U
sh601126,四方股份,2025-10-14 13:29:59,22.58,63800,22.59,D
sh601126,四方股份,2025-10-14 13:30:02,22.58,9500,22.58,U
sh601126,四方股份,2025-10-14 13:30:05,22.58,17600,22.58,U
sh601126,四方股份,2025-10-14 13:30:08,22.56,23700,22.58,D
sh601126,四方股份,2025-10-14 13:30:11,22.56,30000,22.56,U
sh601126,四方股份,2025-10-14 13:30:14,22.57,21500,22.56,U
sh601126,四方股份,2025-10-14 13:30:17,22.58,25000,22.57,U
sh601126,四方股份,2025-10-14 13:30:20,22.6,26300,22.58,U
sh601126,四方股份,2025-10-14 13:30:23,22.59,92900,22.6,D
sh601126,四方股份,2025-10-14 13:30:29,22.63,31300,22.63,U
sh601126,四方股份,2025-10-14 13:30:32,22.66,11800,22.63,U
sh601126,四方股份,2025-10-14 13:30:35,22.66,33816,22.66,U
sh601126,四方股份,2025-10-14 13:30:41,22.67,11984,22.66,U
sh601126,四方股份,2025-10-14 13:30:56,22.72,135900,22.67,U
sh601126,四方股份,2025-10-14 13:31:02,22.75,35800,22.73,U
sh601126,四方股份,2025-10-14 13:31:14,22.68,108800,22.71,D
sh601126,四方股份,2025-10-14 13:31:17,22.71,34200,22.68,U
sh601126,四方股份,2025-10-14 13:31:20,22.68,21100,22.71,D
sh601126,四方股份,2025-10-14 13:31:26,22.68,27200,22.7,D
sh601126,四方股份,2025-10-14 13:31:35,22.67,14900,22.68,E
sh601126,四方股份,2025-10-14 13:31:38,22.66,9400,22.67,D
sh601126,四方股份,2025-10-14 13:31:41,22.64,20500,22.66,D
sh601126,四方股份,2025-10-14 13:31:56,22.65,19900,22.65,D
sh601126,四方股份,2025-10-14 13:31:59,22.6,76000,22.65,D
sh601126,四方股份,2025-10-14 13:32:02,22.6,27700,22.6,U
sh601126,四方股份,2025-10-14 13:32:08,22.59,12000,22.59,D
sh601126,四方股份,2025-10-14 13:32:11,22.61,269000,22.59,U
sh601126,四方股份,2025-10-14 13:32:14,22.67,46200,22.61,U
sh601126,四方股份,2025-10-14 13:32:17,22.69,22000,22.67,U
sh601126,四方股份,2025-10-14 13:32:20,22.65,49900,22.69,D
sh601126,四方股份,2025-10-14 13:32:29,22.64,9200,22.69,D
sh601126,四方股份,2025-10-14 13:32:35,22.7,20000,22.66,U
sh601126,四方股份,2025-10-14 13:32:38,22.7,35000,22.7,D
sh601126,四方股份,2025-10-14 13:32:47,22.65,16600,22.65,D
sh601126,四方股份,2025-10-14 13:32:59,22.73,27700,22.66,U
sh601126,四方股份,2025-10-14 13:33:05,22.66,29200,22.71,D
sh601126,四方股份,2025-10-14 13:33:08,22.68,55300,22.66,E
sh601126,四方股份,2025-10-14 13:33:23,22.74,37400,22.67,U
sh601126,四方股份,2025-10-14 13:33:26,22.66,16000,22.74,D
sh601126,四方股份,2025-10-14 13:33:32,22.64,58000,22.65,D
sh601126,四方股份,2025-10-14 13:33:38,22.6,63200,22.6,D
sh601126,四方股份,2025-10-14 13:33:41,22.6,178600,22.6,U
sh601126,四方股份,2025-10-14 13:33:56,22.64,25300,22.62,U
sh601126,四方股份,2025-10-14 13:34:02,22.69,20900,22.64,U
sh601126,四方股份,2025-10-14 13:34:08,22.62,17300,22.64,D
sh601126,四方股份,2025-10-14 13:34:11,22.63,16000,22.62,E
sh601126,四方股份,2025-10-14 13:34:17,22.66,21100,22.63,U
sh601126,四方股份,2025-10-14 13:34:29,22.75,17000,22.65,U
sh601126,四方股份,2025-10-14 13:34:38,22.7,169600,22.71,D
sh601126,四方股份,2025-10-14 13:34:41,22.69,107300,22.7,D
sh601126,四方股份,2025-10-14 13:34:44,22.69,9400,22.69,D
sh601126,四方股份,2025-10-14 13:34:47,22.7,27100,22.69,U
sh601126,四方股份,2025-10-14 13:35:10,22.69,18100,22.73,D
sh601126,四方股份,2025-10-14 13:35:17,22.68,86200,22.66,E
sh601126,四方股份,2025-10-14 13:35:20,22.66,13100,22.68,E
sh601126,四方股份,2025-10-14 13:35:38,22.7,9600,22.7,U
sh601126,四方股份,2025-10-14 13:36:08,22.7,9000,22.7,U
sh601126,四方股份,2025-10-14 13:36:11,22.7,14400,22.7,D
sh601126,四方股份,2025-10-14 13:37:08,22.73,25900,22.71,U
sh601126,四方股份,2025-10-14 13:37:32,22.7,34600,22.73,D
sh601126,四方股份,2025-10-14 13:37:35,22.7,13700,22.7,U
sh601126,四方股份,2025-10-14 13:37:47,22.7,10500,22.69,U
sh601126,四方股份,2025-10-14 13:38:08,22.7,12200,22.69,U
sh601126,四方股份,2025-10-14 13:38:20,22.68,13800,22.69,D
sh601126,四方股份,2025-10-14 13:38:23,22.7,14400,22.68,U
sh601126,四方股份,2025-10-14 13:39:02,22.67,9500,22.68,D
sh601126,四方股份,2025-10-14 13:39:35,22.67,9400,22.66,U
sh601126,四方股份,2025-10-14 13:39:41,22.67,23900,22.66,U
sh601126,四方股份,2025-10-14 13:40:11,22.7,45800,22.67,U
sh601126,四方股份,2025-10-14 13:40:14,22.7,23400,22.7,U
sh601126,四方股份,2025-10-14 13:40:17,22.7,9500,22.7,U
sh601126,四方股份,2025-10-14 13:40:29,22.7,26800,22.7,U
sh601126,四方股份,2025-10-14 13:40:35,22.7,10400,22.7,U
sh601126,四方股份,2025-10-14 13:40:38,22.69,21200,22.7,D
sh601126,四方股份,2025-10-14 13:40:41,22.7,87100,22.69,U
sh601126,四方股份,2025-10-14 13:40:44,22.69,37600,22.7,D
sh601126,四方股份,2025-10-14 13:40:53,22.69,9400,22.7,D
sh601126,四方股份,2025-10-14 13:40:59,22.69,20300,22.7,D
sh601126,四方股份,2025-10-14 13:41:08,22.67,11100,22.69,D
sh601126,四方股份,2025-10-14 13:41:32,22.65,11200,22.65,D
sh601126,四方股份,2025-10-14 13:41:47,22.65,13600,22.66,D
sh601126,四方股份,2025-10-14 13:42:05,22.63,11600,22.64,U
sh601126,四方股份,2025-10-14 13:42:11,22.61,13600,22.62,D
sh601126,四方股份,2025-10-14 13:42:17,22.62,26100,22.63,D
sh601126,四方股份,2025-10-14 13:42:26,22.62,120300,22.61,E
sh601126,四方股份,2025-10-14 13:42:32,22.63,24000,22.63,D
sh601126,四方股份,2025-10-14 13:43:41,22.63,44200,22.62,U
sh601126,四方股份,2025-10-14 13:44:11,22.64,22200,22.64,D
sh601126,四方股份,2025-10-14 13:44:14,22.64,10500,22.64,U
sh601126,四方股份,2025-10-14 13:44:29,22.63,14400,22.63,U
sh601126,四方股份,2025-10-14 13:44:47,22.64,16100,22.64,U
sh601126,四方股份,2025-10-14 13:44:50,22.64,17100,22.64,U
sh601126,四方股份,2025-10-14 13:45:05,22.6,82100,22.63,D
sh601126,四方股份,2025-10-14 13:45:08,22.6,36900,22.6,U
sh601126,四方股份,2025-10-14 13:45:11,22.59,24000,22.6,D
sh601126,四方股份,2025-10-14 13:45:23,22.6,34300,22.59,U
sh601126,四方股份,2025-10-14 13:45:29,22.59,24700,22.59,U
sh601126,四方股份,2025-10-14 13:45:35,22.56,17900,22.59,D
sh601126,四方股份,2025-10-14 13:45:44,22.6,10400,22.56,U
sh601126,四方股份,2025-10-14 13:45:53,22.57,14600,22.59,D
sh601126,四方股份,2025-10-14 13:46:32,22.56,103800,22.56,D
sh601126,四方股份,2025-10-14 13:46:35,22.55,21000,22.56,D
sh601126,四方股份,2025-10-14 13:46:38,22.57,59900,22.55,U
sh601126,四方股份,2025-10-14 13:46:41,22.58,48000,22.57,U
sh601126,四方股份,2025-10-14 13:46:50,22.58,42400,22.59,D
sh601126,四方股份,2025-10-14 13:47:02,22.56,89200,22.59,D
sh601126,四方股份,2025-10-14 13:47:29,22.53,9600,22.53,U
sh601126,四方股份,2025-10-14 13:47:32,22.52,15000,22.53,D
sh601126,四方股份,2025-10-14 13:47:41,22.51,28100,22.52,D
sh601126,四方股份,2025-10-14 13:47:50,22.52,19600,22.52,D
sh601126,四方股份,2025-10-14 13:48:14,22.52,45600,22.51,U
sh601126,四方股份,2025-10-14 13:48:17,22.49,98700,22.52,D
sh601126,四方股份,2025-10-14 13:48:23,22.48,10200,22.48,D
sh601126,四方股份,2025-10-14 13:48:26,22.48,19200,22.48,U
sh601126,四方股份,2025-10-14 13:48:32,22.5,161200,22.49,U
sh601126,四方股份,2025-10-14 13:48:35,22.52,88900,22.5,U
sh601126,四方股份,2025-10-14 13:48:38,22.5,9600,22.52,D
sh601126,四方股份,2025-10-14 13:48:44,22.51,13800,22.52,D
sh601126,四方股份,2025-10-14 13:49:05,22.5,18300,22.52,D
sh601126,四方股份,2025-10-14 13:49:20,22.56,12500,22.52,U
sh601126,四方股份,2025-10-14 13:49:29,22.59,11500,22.59,D
sh601126,四方股份,2025-10-14 13:50:08,22.5,32000,22.55,D
sh601126,四方股份,2025-10-14 13:50:11,22.5,104900,22.5,U
sh601126,四方股份,2025-10-14 13:50:53,22.51,10100,22.51,U
sh601126,四方股份,2025-10-14 13:51:02,22.5,12100,22.5,D
sh601126,四方股份,2025-10-14 13:51:05,22.48,19300,22.5,D
sh601126,四方股份,2025-10-14 13:51:14,22.49,10200,22.49,D
sh601126,四方股份,2025-10-14 13:51:17,22.49,10032,22.49,U
sh601126,四方股份,2025-10-14 13:51:20,22.5,14500,22.49,U
sh601126,四方股份,2025-10-14 13:51:29,22.5,10100,22.5,U
sh601126,四方股份,2025-10-14 13:51:32,22.5,15200,22.5,U
sh601126,四方股份,2025-10-14 13:51:35,22.5,46400,22.5,U
sh601126,四方股份,2025-10-14 13:51:38,22.51,124500,22.5,U
sh601126,四方股份,2025-10-14 13:51:41,22.52,20600,22.51,U
sh601126,四方股份,2025-10-14 13:51:50,22.48,64268,22.51,D
sh601126,四方股份,2025-10-14 13:51:53,22.45,18300,22.48,D
sh601126,四方股份,2025-10-14 13:52:05,22.5,259332,22.47,U
sh601126,四方股份,2025-10-14 13:52:08,22.56,13000,22.5,U
sh601126,四方股份,2025-10-14 13:52:11,22.55,15800,22.56,D
sh601126,四方股份,2025-10-14 13:52:41,22.56,22000,22.57,D
sh601126,四方股份,2025-10-14 13:52:44,22.57,9900,22.56,U
sh601126,四方股份,2025-10-14 13:52:47,22.58,17700,22.57,U
sh601126,四方股份,2025-10-14 13:53:05,22.56,22200,22.57,D
sh601126,四方股份,2025-10-14 13:53:23,22.59,23900,22.55,U
sh601126,四方股份,2025-10-14 13:53:26,22.59,14000,22.59,D
sh601126,四方股份,2025-10-14 13:53:44,22.57,52000,22.59,D
sh601126,四方股份,2025-10-14 13:53:50,22.57,15200,22.56,U
sh601126,四方股份,2025-10-14 13:54:23,22.51,14400,22.53,D
sh601126,四方股份,2025-10-14 13:54:32,22.5,10500,22.48,U
sh601126,四方股份,2025-10-14 13:54:35,22.48,33200,22.5,D
sh601126,四方股份,2025-10-14 13:54:56,22.45,107900,22.49,D
sh601126,四方股份,2025-10-14 13:54:59,22.49,135600,22.45,U
sh601126,四方股份,2025-10-14 13:55:02,22.49,15700,22.49,D
sh601126,四方股份,2025-10-14 13:55:08,22.5,9868,22.49,U
sh601126,四方股份,2025-10-14 13:55:26,22.46,38168,22.47,D
sh601126,四方股份,2025-10-14 13:55:32,22.5,32400,22.47,U
sh601126,四方股份,2025-10-14 13:56:11,22.51,17300,22.51,D
sh601126,四方股份,2025-10-14 13:56:26,22.5,11000,22.51,D
sh601126,四方股份,2025-10-14 13:56:40,22.48,65900,22.5,D
sh601126,四方股份,2025-10-14 13:56:44,22.48,161100,22.48,U
sh601126,四方股份,2025-10-14 13:56:47,22.48,9700,22.48,U
sh601126,四方股份,2025-10-14 13:56:56,22.47,14000,22.48,D
sh601126,四方股份,2025-10-14 13:57:02,22.48,19100,22.47,U
sh601126,四方股份,2025-10-14 13:57:14,22.46,21800,22.47,D
sh601126,四方股份,2025-10-14 13:57:32,22.47,14600,22.47,U
sh601126,四方股份,2025-10-14 13:57:38,22.48,44300,22.47,U
sh601126,四方股份,2025-10-14 13:57:44,22.48,17500,22.49,D
sh601126,四方股份,2025-10-14 13:58:11,22.47,10500,22.48,D
sh601126,四方股份,2025-10-14 13:58:16,22.44,134900,22.47,D
sh601126,四方股份,2025-10-14 13:58:29,22.44,40000,22.43,U
sh601126,四方股份,2025-10-14 13:58:32,22.44,147800,22.44,U
sh601126,四方股份,2025-10-14 13:58:35,22.43,32800,22.44,D
sh601126,四方股份,2025-10-14 13:58:44,22.4,85100,22.45,D
sh601126,四方股份,2025-10-14 13:58:47,22.4,159800,22.4,U
sh601126,四方股份,2025-10-14 13:58:50,22.47,135300,22.4,U
sh601126,四方股份,2025-10-14 13:58:53,22.47,29600,22.47,D
sh601126,四方股份,2025-10-14 13:58:56,22.48,59600,22.47,U
sh601126,四方股份,2025-10-14 13:59:08,22.5,12800,22.47,U
sh601126,四方股份,2025-10-14 13:59:32,22.5,13300,22.49,U
sh601126,四方股份,2025-10-14 13:59:38,22.5,19800,22.5,U
sh601126,四方股份,2025-10-14 13:59:44,22.46,9300,22.46,D
sh601126,四方股份,2025-10-14 13:59:47,22.5,26400,22.46,U
sh601126,四方股份,2025-10-14 13:59:50,22.48,31900,22.5,D
sh601126,四方股份,2025-10-14 13:59:53,22.51,47500,22.48,U
sh601126,四方股份,2025-10-14 13:59:56,22.54,56600,22.51,U
sh601126,四方股份,2025-10-14 13:59:59,22.55,64100,22.54,U
sh601126,四方股份,2025-10-14 14:00:02,22.49,39100,22.55,D
sh601126,四方股份,2025-10-14 14:00:05,22.49,13200,22.49,U
sh601126,四方股份,2025-10-14 14:00:08,22.48,67000,22.49,D
sh601126,四方股份,2025-10-14 14:00:11,22.52,53600,22.48,U
sh601126,四方股份,2025-10-14 14:00:14,22.49,23500,22.52,E
sh601126,四方股份,2025-10-14 14:00:17,22.41,60300,22.49,D
sh601126,四方股份,2025-10-14 14:00:20,22.49,67000,22.41,E
sh601126,四方股份,2025-10-14 14:00:23,22.5,59200,22.49,U
sh601126,四方股份,2025-10-14 14:00:26,22.5,32600,22.5,U
sh601126,四方股份,2025-10-14 14:00:29,22.5,46300,22.5,U
sh601126,四方股份,2025-10-14 14:00:32,22.5,32500,22.5,U
sh601126,四方股份,2025-10-14 14:00:35,22.51,47400,22.5,U
sh601126,四方股份,2025-10-14 14:00:38,22.53,41700,22.51,U
sh601126,四方股份,2025-10-14 14:00:41,22.52,27900,22.53,E
sh601126,四方股份,2025-10-14 14:00:44,22.52,27700,22.52,D
sh601126,四方股份,2025-10-14 14:00:47,22.51,19200,22.52,D
sh601126,四方股份,2025-10-14 14:00:50,22.51,10500,22.51,E
sh601126,四方股份,2025-10-14 14:00:56,22.51,18000,22.52,D
sh601126,四方股份,2025-10-14 14:00:59,22.5,23500,22.51,D
sh601126,四方股份,2025-10-14 14:01:02,22.51,18600,22.5,U
sh601126,四方股份,2025-10-14 14:01:05,22.49,31700,22.51,D
sh601126,四方股份,2025-10-14 14:01:08,22.51,28700,22.49,U
sh601126,四方股份,2025-10-14 14:01:11,22.57,87100,22.51,U
sh601126,四方股份,2025-10-14 14:01:14,22.63,250800,22.57,U
sh601126,四方股份,2025-10-14 14:01:17,22.67,74500,22.63,U
sh601126,四方股份,2025-10-14 14:01:20,22.71,53000,22.67,U
sh601126,四方股份,2025-10-14 14:01:23,22.67,24700,22.71,D
sh601126,四方股份,2025-10-14 14:01:26,22.7,28600,22.67,U
sh601126,四方股份,2025-10-14 14:01:29,22.61,29400,22.7,D
sh601126,四方股份,2025-10-14 14:01:32,22.62,27400,22.61,E
sh601126,四方股份,2025-10-14 14:01:35,22.65,21800,22.62,U
sh601126,四方股份,2025-10-14 14:01:38,22.7,17800,22.65,U
sh601126,四方股份,2025-10-14 14:01:41,22.64,14100,22.7,E
sh601126,四方股份,2025-10-14 14:01:44,22.6,23900,22.64,D
sh601126,四方股份,2025-10-14 14:01:47,22.65,48500,22.6,D
sh601126,四方股份,2025-10-14 14:01:50,22.66,28000,22.65,U
sh601126,四方股份,2025-10-14 14:01:53,22.6,13300,22.66,D
sh601126,四方股份,2025-10-14 14:01:59,22.65,10100,22.65,D
sh601126,四方股份,2025-10-14 14:02:02,22.65,14700,22.65,U
sh601126,四方股份,2025-10-14 14:02:05,22.59,22900,22.65,D
sh601126,四方股份,2025-10-14 14:02:08,22.63,19000,22.59,U
sh601126,四方股份,2025-10-14 14:02:11,22.61,16000,22.63,D
sh601126,四方股份,2025-10-14 14:02:17,22.6,17000,22.56,U
sh601126,四方股份,2025-10-14 14:02:20,22.56,19900,22.6,D
sh601126,四方股份,2025-10-14 14:02:23,22.57,18900,22.56,D
sh601126,四方股份,2025-10-14 14:02:29,22.58,13800,22.57,U
sh601126,四方股份,2025-10-14 14:02:32,22.58,35800,22.58,D
sh601126,四方股份,2025-10-14 14:02:38,22.51,11300,22.54,D
sh601126,四方股份,2025-10-14 14:02:41,22.57,9100,22.51,U
sh601126,四方股份,2025-10-14 14:02:44,22.58,16500,22.57,U
sh601126,四方股份,2025-10-14 14:02:47,22.56,13800,22.58,D
sh601126,四方股份,2025-10-14 14:02:50,22.58,22300,22.56,U
sh601126,四方股份,2025-10-14 14:02:53,22.6,61400,22.58,U
sh601126,四方股份,2025-10-14 14:02:56,22.63,26900,22.6,U
sh601126,四方股份,2025-10-14 14:02:59,22.61,26000,22.63,E
sh601126,四方股份,2025-10-14 14:03:02,22.63,31000,22.61,U
sh601126,四方股份,2025-10-14 14:03:08,22.62,20300,22.62,U
sh601126,四方股份,2025-10-14 14:03:11,22.61,24300,22.62,U
sh601126,四方股份,2025-10-14 14:03:14,22.57,21200,22.61,D
sh601126,四方股份,2025-10-14 14:03:17,22.55,9100,22.57,D
sh601126,四方股份,2025-10-14 14:03:23,22.55,19500,22.57,D
sh601126,四方股份,2025-10-14 14:03:26,22.5,15900,22.55,D
sh601126,四方股份,2025-10-14 14:03:32,22.6,35400,22.5,U
sh601126,四方股份,2025-10-14 14:03:35,22.55,13600,22.6,E
sh601126,四方股份,2025-10-14 14:03:38,22.53,22100,22.55,D
sh601126,四方股份,2025-10-14 14:03:41,22.51,17800,22.53,D
sh601126,四方股份,2025-10-14 14:03:44,22.55,15500,22.51,E
sh601126,四方股份,2025-10-14 14:03:47,22.57,11800,22.55,E
sh601126,四方股份,2025-10-14 14:03:50,22.56,25400,22.57,U
sh601126,四方股份,2025-10-14 14:03:53,22.56,11800,22.56,U
sh601126,四方股份,2025-10-14 14:03:56,22.57,17600,22.56,U
sh601126,四方股份,2025-10-14 14:03:59,22.49,21700,22.57,D
sh601126,四方股份,2025-10-14 14:04:02,22.57,21300,22.49,U
sh601126,四方股份,2025-10-14 14:04:05,22.57,11100,22.57,U
sh601126,四方股份,2025-10-14 14:04:08,22.58,25400,22.57,U
sh601126,四方股份,2025-10-14 14:04:11,22.58,12100,22.58,U
sh601126,四方股份,2025-10-14 14:04:14,22.58,12100,22.58,U
sh601126,四方股份,2025-10-14 14:04:17,22.57,18700,22.58,D
sh601126,四方股份,2025-10-14 14:04:20,22.59,22400,22.57,U
sh601126,四方股份,2025-10-14 14:04:23,22.6,24800,22.59,U
sh601126,四方股份,2025-10-14 14:04:26,22.59,10900,22.6,E
sh601126,四方股份,2025-10-14 14:04:29,22.6,11900,22.59,U
sh601126,四方股份,2025-10-14 14:04:38,22.58,9200,22.55,D
sh601126,四方股份,2025-10-14 14:04:41,22.59,19000,22.58,U
sh601126,四方股份,2025-10-14 14:04:47,22.57,31100,22.6,E
sh601126,四方股份,2025-10-14 14:04:50,22.58,17400,22.57,U
sh601126,四方股份,2025-10-14 14:04:53,22.59,14700,22.58,U
sh601126,四方股份,2025-10-14 14:04:55,22.58,15300,22.59,U
sh601126,四方股份,2025-10-14 14:04:59,22.57,14600,22.58,E
sh601126,四方股份,2025-10-14 14:05:02,22.54,22600,22.57,E
sh601126,四方股份,2025-10-14 14:05:05,22.57,19100,22.54,U
sh601126,四方股份,2025-10-14 14:05:08,22.49,51200,22.57,D
sh601126,四方股份,2025-10-14 14:05:11,22.57,27600,22.49,U
sh601126,四方股份,2025-10-14 14:05:17,22.5,11500,22.51,D
sh601126,四方股份,2025-10-14 14:05:20,22.5,17200,22.5,D
sh601126,四方股份,2025-10-14 14:05:23,22.5,26500,22.5,D
sh601126,四方股份,2025-10-14 14:05:26,22.5,33300,22.5,U
sh601126,四方股份,2025-10-14 14:05:29,22.44,70800,22.5,D
sh601126,四方股份,2025-10-14 14:05:35,22.5,24600,22.5,D
sh601126,四方股份,2025-10-14 14:05:38,22.57,31400,22.5,U
sh601126,四方股份,2025-10-14 14:05:41,22.57,11700,22.57,D
sh601126,四方股份,2025-10-14 14:05:44,22.57,22400,22.57,U
sh601126,四方股份,2025-10-14 14:05:47,22.58,25600,22.57,U
sh601126,四方股份,2025-10-14 14:05:53,22.58,26300,22.58,U
sh601126,四方股份,2025-10-14 14:06:08,22.54,23700,22.55,D
sh601126,四方股份,2025-10-14 14:06:11,22.58,30400,22.54,U
sh601126,四方股份,2025-10-14 14:06:14,22.6,23000,22.58,U
sh601126,四方股份,2025-10-14 14:06:23,22.58,12300,22.59,D
sh601126,四方股份,2025-10-14 14:06:29,22.56,14200,22.58,D
sh601126,四方股份,2025-10-14 14:06:43,22.61,19100,22.57,U
sh601126,四方股份,2025-10-14 14:06:47,22.6,31700,22.61,E
sh601126,四方股份,2025-10-14 14:07:41,22.57,33900,22.53,U
sh601126,四方股份,2025-10-14 14:08:05,22.56,10400,22.56,U
sh601126,四方股份,2025-10-14 14:08:26,22.54,11500,22.54,D
sh601126,四方股份,2025-10-14 14:08:38,22.51,14800,22.54,D
sh601126,四方股份,2025-10-14 14:08:41,22.54,12500,22.51,U
sh601126,四方股份,2025-10-14 14:08:59,22.54,35700,22.53,U
sh601126,四方股份,2025-10-14 14:09:11,22.57,53100,22.56,D
sh601126,四方股份,2025-10-14 14:09:17,22.59,42600,22.59,U
sh601126,四方股份,2025-10-14 14:09:43,22.6,19400,22.6,D
sh601126,四方股份,2025-10-14 14:10:02,22.61,9800,22.59,U
sh601126,四方股份,2025-10-14 14:10:32,22.54,11800,22.58,D
sh601126,四方股份,2025-10-14 14:10:41,22.56,37400,22.55,U
sh601126,四方股份,2025-10-14 14:10:47,22.56,25000,22.57,D
sh601126,四方股份,2025-10-14 14:10:53,22.58,16200,22.58,E
sh601126,四方股份,2025-10-14 14:11:11,22.53,37100,22.55,D
sh601126,四方股份,2025-10-14 14:11:53,22.54,26000,22.53,U
