symbol,name,ticktime,price,volume,prev_price,kind
sh601126,四方股份,2025-09-30 09:25:00,19.15,69200,0.0,U
sh601126,四方股份,2025-09-30 09:30:12,19.17,14600,19.17,D
sh601126,四方股份,2025-09-30 09:30:15,19.15,25800,19.17,D
sh601126,四方股份,2025-09-30 09:30:18,19.13,14300,19.15,D
sh601126,四方股份,2025-09-30 09:30:21,19.15,46100,19.13,U
sh601126,四方股份,2025-09-30 09:30:27,19.13,16900,19.14,D
sh601126,四方股份,2025-09-30 09:30:33,19.12,64600,19.13,D
sh601126,四方股份,2025-09-30 09:30:36,19.0,51100,19.12,D
sh601126,四方股份,2025-09-30 09:30:39,19.0,12100,19.0,D
sh601126,四方股份,2025-09-30 09:30:42,19.0,35300,19.0,D
sh601126,四方股份,2025-09-30 09:30:45,19.0,34400,19.0,U
sh601126,四方股份,2025-09-30 09:30:48,19.01,18700,19.0,E
sh601126,四方股份,2025-09-30 09:30:51,19.02,22100,19.01,E
sh601126,四方股份,2025-09-30 09:31:00,19.08,12600,19.07,U
sh601126,四方股份,2025-09-30 09:31:03,19.08,34700,19.08,U
sh601126,四方股份,2025-09-30 09:31:12,19.12,25400,19.11,U
sh601126,四方股份,2025-09-30 09:31:15,19.12,11600,19.12,U
sh601126,四方股份,2025-09-30 09:31:24,19.15,19500,19.15,D
sh601126,四方股份,2025-09-30 09:31:27,19.14,11300,19.15,D
sh601126,四方股份,2025-09-30 09:31:30,19.15,50900,19.14,U
sh601126,四方股份,2025-09-30 09:31:33,19.13,19400,19.15,E
sh601126,四方股份,2025-09-30 09:31:42,19.1,12400,19.1,D
sh601126,四方股份,2025-09-30 09:32:00,19.1,34815,19.1,D
sh601126,四方股份,2025-09-30 09:32:03,19.11,14900,19.1,U
sh601126,四方股份,2025-09-30 09:32:09,19.1,12900,19.1,U
sh601126,四方股份,2025-09-30 09:32:18,19.12,88500,19.12,D
sh601126,四方股份,2025-09-30 09:32:30,19.11,12600,19.11,D
sh601126,四方股份,2025-09-30 09:32:48,19.11,40300,19.13,D
sh601126,四方股份,2025-09-30 09:32:51,19.13,18300,19.11,U
sh601126,四方股份,2025-09-30 09:32:57,19.13,25400,19.13,D
sh601126,四方股份,2025-09-30 09:33:00,19.15,34800,19.13,U
sh601126,四方股份,2025-09-30 09:33:12,19.2,26600,19.17,U
sh601126,四方股份,2025-09-30 09:33:39,19.16,32300,19.16,U
sh601126,四方股份,2025-09-30 09:34:12,19.12,44000,19.16,D
sh601126,四方股份,2025-09-30 09:34:15,19.11,18400,19.12,D
sh601126,四方股份,2025-09-30 09:34:18,19.1,14500,19.11,D
sh601126,四方股份,2025-09-30 09:34:30,19.09,11300,19.1,D
sh601126,四方股份,2025-09-30 09:35:00,19.09,19800,19.09,U
sh601126,四方股份,2025-09-30 09:35:45,19.07,11900,19.06,U
sh601126,四方股份,2025-09-30 09:35:54,19.07,26200,19.05,U
sh601126,四方股份,2025-09-30 09:35:57,19.07,19700,19.07,U
sh601126,四方股份,2025-09-30 09:36:15,19.07,33000,19.05,U
sh601126,四方股份,2025-09-30 09:36:33,19.06,50600,19.09,D
sh601126,四方股份,2025-09-30 09:36:36,19.06,12300,19.06,U
sh601126,四方股份,2025-09-30 09:36:42,19.06,16900,19.06,D
sh601126,四方股份,2025-09-30 09:36:45,19.05,27300,19.06,D
sh601126,四方股份,2025-09-30 09:36:51,19.05,13100,19.05,D
sh601126,四方股份,2025-09-30 09:37:06,19.0,32100,19.04,D
sh601126,四方股份,2025-09-30 09:37:12,18.98,35600,19.01,D
sh601126,四方股份,2025-09-30 09:37:15,18.98,19600,18.98,U
sh601126,四方股份,2025-09-30 09:37:30,18.99,92200,18.97,U
sh601126,四方股份,2025-09-30 09:37:33,18.96,85100,18.99,D
sh601126,四方股份,2025-09-30 09:37:39,18.95,19200,18.96,D
sh601126,四方股份,2025-09-30 09:37:42,18.96,19000,18.95,D
sh601126,四方股份,2025-09-30 09:37:54,18.96,34600,18.97,D
sh601126,四方股份,2025-09-30 09:37:57,18.97,17900,18.96,U
sh601126,四方股份,2025-09-30 09:38:03,18.99,25900,18.99,U
sh601126,四方股份,2025-09-30 09:38:06,19.01,13500,18.99,U
sh601126,四方股份,2025-09-30 09:38:09,18.98,12000,19.01,D
sh601126,四方股份,2025-09-30 09:38:15,18.98,28000,18.97,U
sh601126,四方股份,2025-09-30 09:38:18,18.95,58600,18.98,D
sh601126,四方股份,2025-09-30 09:38:21,18.96,55500,18.95,U
sh601126,四方股份,2025-09-30 09:38:27,18.98,11500,18.96,U
sh601126,四方股份,2025-09-30 09:38:30,18.95,49600,18.98,D
sh601126,四方股份,2025-09-30 09:38:33,18.95,14700,18.95,D
sh601126,四方股份,2025-09-30 09:38:48,18.96,12900,18.95,U
sh601126,四方股份,2025-09-30 09:39:03,18.96,38900,18.96,D
sh601126,四方股份,2025-09-30 09:39:06,18.98,39500,18.96,D
sh601126,四方股份,2025-09-30 09:39:45,19.02,14400,19.03,E
sh601126,四方股份,2025-09-30 09:39:54,19.05,14300,19.03,U
sh601126,四方股份,2025-09-30 09:40:39,19.05,26400,19.05,D
sh601126,四方股份,2025-09-30 09:40:42,19.05,21300,19.05,D
sh601126,四方股份,2025-09-30 09:40:57,19.02,51700,19.04,D
sh601126,四方股份,2025-09-30 09:41:03,19.0,11800,19.01,D
sh601126,四方股份,2025-09-30 09:41:06,19.0,33600,19.0,U
sh601126,四方股份,2025-09-30 09:41:09,19.01,51400,19.0,E
sh601126,四方股份,2025-09-30 09:41:21,19.05,31400,19.03,U
sh601126,四方股份,2025-09-30 09:41:33,19.04,41400,19.03,U
sh601126,四方股份,2025-09-30 09:42:12,19.08,18900,19.06,U
sh601126,四方股份,2025-09-30 09:42:33,19.04,13200,19.06,D
sh601126,四方股份,2025-09-30 09:42:54,19.04,29800,19.05,D
sh601126,四方股份,2025-09-30 09:42:57,19.04,11200,19.04,U
sh601126,四方股份,2025-09-30 09:43:03,19.06,18100,19.06,U
sh601126,四方股份,2025-09-30 09:43:45,19.05,14300,19.05,D
sh601126,四方股份,2025-09-30 09:43:48,19.08,12300,19.05,U
sh601126,四方股份,2025-09-30 09:43:51,19.09,22400,19.08,U
sh601126,四方股份,2025-09-30 09:43:54,19.1,18000,19.09,U
sh601126,四方股份,2025-09-30 09:45:00,19.06,10500,19.08,D
sh601126,四方股份,2025-09-30 09:46:00,19.03,13300,19.05,D
sh601126,四方股份,2025-09-30 09:46:03,19.04,13000,19.03,U
sh601126,四方股份,2025-09-30 09:46:27,19.03,14700,19.03,U
sh601126,四方股份,2025-09-30 09:46:42,19.04,21900,19.06,D
sh601126,四方股份,2025-09-30 09:46:51,19.08,11500,19.08,U
sh601126,四方股份,2025-09-30 09:46:57,19.1,65000,19.07,U
sh601126,四方股份,2025-09-30 09:47:00,19.09,20300,19.1,D
sh601126,四方股份,2025-09-30 09:47:18,19.07,12100,19.1,D
sh601126,四方股份,2025-09-30 09:47:33,19.11,24600,19.06,U
sh601126,四方股份,2025-09-30 09:47:36,19.12,17900,19.11,U
sh601126,四方股份,2025-09-30 09:47:45,19.15,50300,19.11,U
sh601126,四方股份,2025-09-30 09:48:03,19.19,18300,19.19,U
sh601126,四方股份,2025-09-30 09:48:06,19.21,10500,19.19,U
sh601126,四方股份,2025-09-30 09:48:09,19.19,11100,19.21,E
sh601126,四方股份,2025-09-30 09:48:15,19.19,91200,19.2,D
sh601126,四方股份,2025-09-30 09:48:18,19.2,29100,19.19,U
sh601126,四方股份,2025-09-30 09:48:21,19.2,17000,19.2,D
sh601126,四方股份,2025-09-30 09:48:24,19.18,18700,19.2,D
sh601126,四方股份,2025-09-30 09:48:27,19.21,30600,19.18,U
sh601126,四方股份,2025-09-30 09:48:39,19.21,15500,19.21,U
sh601126,四方股份,2025-09-30 09:49:06,19.19,12600,19.18,U
sh601126,四方股份,2025-09-30 09:49:15,19.21,53000,19.18,U
sh601126,四方股份,2025-09-30 09:49:18,19.22,19400,19.21,U
sh601126,四方股份,2025-09-30 09:49:21,19.21,30700,19.22,D
sh601126,四方股份,2025-09-30 09:49:36,19.2,16900,19.21,D
sh601126,四方股份,2025-09-30 09:49:57,19.19,29300,19.19,U
sh601126,四方股份,2025-09-30 09:50:39,19.2,36500,19.2,U
sh601126,四方股份,2025-09-30 09:50:45,19.21,13400,19.2,U
sh601126,四方股份,2025-09-30 09:50:54,19.17,11600,19.2,D
sh601126,四方股份,2025-09-30 09:51:00,19.17,14200,19.18,E
sh601126,四方股份,2025-09-30 09:51:18,19.19,23200,19.19,D
sh601126,四方股份,2025-09-30 09:51:24,19.23,76200,19.2,U
sh601126,四方股份,2025-09-30 09:51:27,19.24,79200,19.23,U
sh601126,四方股份,2025-09-30 09:51:30,19.24,29500,19.24,U
sh601126,四方股份,2025-09-30 09:52:15,19.17,27400,19.18,D
sh601126,四方股份,2025-09-30 09:52:18,19.18,14100,19.17,U
sh601126,四方股份,2025-09-30 09:52:57,19.16,17400,19.18,D
sh601126,四方股份,2025-09-30 09:53:00,19.16,25700,19.16,U
sh601126,四方股份,2025-09-30 09:53:12,19.15,10500,19.16,D
sh601126,四方股份,2025-09-30 09:54:00,19.16,50300,19.14,U
sh601126,四方股份,2025-09-30 09:54:03,19.18,18400,19.16,U
sh601126,四方股份,2025-09-30 09:54:06,19.19,33800,19.18,U
sh601126,四方股份,2025-09-30 09:54:09,19.2,11100,19.19,U
sh601126,四方股份,2025-09-30 09:54:12,19.15,13800,19.2,D
sh601126,四方股份,2025-09-30 09:54:15,19.14,14200,19.15,D
sh601126,四方股份,2025-09-30 09:54:18,19.16,22000,19.14,U
sh601126,四方股份,2025-09-30 09:54:24,19.2,11800,19.18,U
sh601126,四方股份,2025-09-30 09:55:30,19.18,12000,19.17,U
sh601126,四方股份,2025-09-30 09:55:33,19.18,11300,19.18,U
sh601126,四方股份,2025-09-30 09:55:45,19.17,12700,19.18,D
sh601126,四方股份,2025-09-30 09:56:21,19.16,13900,19.18,D
sh601126,四方股份,2025-09-30 09:56:24,19.16,14400,19.16,D
sh601126,四方股份,2025-09-30 09:57:45,19.19,10900,19.2,D
sh601126,四方股份,2025-09-30 09:57:57,19.24,118900,19.18,U
sh601126,四方股份,2025-09-30 09:58:00,19.25,26600,19.24,U
sh601126,四方股份,2025-09-30 09:58:15,19.26,12500,19.25,U
sh601126,四方股份,2025-09-30 09:59:12,19.28,20100,19.27,U
sh601126,四方股份,2025-09-30 09:59:15,19.3,42800,19.28,U
sh601126,四方股份,2025-09-30 09:59:36,19.27,38100,19.29,D
sh601126,四方股份,2025-09-30 09:59:39,19.28,14600,19.27,U
sh601126,四方股份,2025-09-30 09:59:57,19.26,32800,19.28,D
sh601126,四方股份,2025-09-30 10:00:03,19.29,101900,19.29,D
sh601126,四方股份,2025-09-30 10:00:06,19.29,28900,19.29,U
sh601126,四方股份,2025-09-30 10:00:12,19.3,16900,19.29,U
sh601126,四方股份,2025-09-30 10:01:03,19.27,11800,19.26,U
sh601126,四方股份,2025-09-30 10:01:09,19.28,17000,19.27,U
sh601126,四方股份,2025-09-30 10:01:12,19.3,13300,19.28,U
sh601126,四方股份,2025-09-30 10:01:24,19.34,41300,19.31,U
sh601126,四方股份,2025-09-30 10:01:27,19.35,15400,19.34,U
sh601126,四方股份,2025-09-30 10:01:30,19.35,10400,19.35,U
sh601126,四方股份,2025-09-30 10:01:36,19.35,28600,19.35,D
sh601126,四方股份,2025-09-30 10:01:42,19.34,20100,19.36,D
sh601126,四方股份,2025-09-30 10:01:51,19.35,10500,19.35,D
sh601126,四方股份,2025-09-30 10:02:06,19.35,26300,19.33,U
sh601126,四方股份,2025-09-30 10:02:09,19.35,14000,19.35,U
sh601126,四方股份,2025-09-30 10:02:12,19.33,10700,19.35,D
sh601126,四方股份,2025-09-30 10:02:21,19.32,52700,19.33,D
sh601126,四方股份,2025-09-30 10:02:24,19.33,95300,19.32,U
sh601126,四方股份,2025-09-30 10:02:27,19.34,12800,19.33,U
sh601126,四方股份,2025-09-30 10:02:30,19.33,14200,19.34,D
sh601126,四方股份,2025-09-30 10:02:33,19.34,12500,19.33,U
sh601126,四方股份,2025-09-30 10:02:36,19.35,13400,19.34,U
sh601126,四方股份,2025-09-30 10:02:39,19.34,11400,19.35,E
sh601126,四方股份,2025-09-30 10:03:36,19.28,11400,19.27,U
sh601126,四方股份,2025-09-30 10:03:39,19.29,10700,19.28,U
sh601126,四方股份,2025-09-30 10:04:00,19.28,56100,19.29,D
sh601126,四方股份,2025-09-30 10:04:03,19.28,19500,19.28,U
sh601126,四方股份,2025-09-30 10:05:18,19.26,17000,19.24,U
sh601126,四方股份,2025-09-30 10:05:36,19.29,10400,19.27,U
sh601126,四方股份,2025-09-30 10:05:42,19.28,15400,19.3,D
sh601126,四方股份,2025-09-30 10:05:45,19.3,29200,19.28,U
sh601126,四方股份,2025-09-30 10:05:48,19.29,13200,19.3,D
sh601126,四方股份,2025-09-30 10:06:03,19.3,15900,19.3,U
sh601126,四方股份,2025-09-30 10:06:27,19.29,25600,19.31,D
sh601126,四方股份,2025-09-30 10:06:30,19.33,84000,19.29,U
sh601126,四方股份,2025-09-30 10:06:33,19.34,10800,19.33,U
sh601126,四方股份,2025-09-30 10:06:36,19.36,19700,19.34,U
sh601126,四方股份,2025-09-30 10:06:42,19.37,19500,19.36,U
sh601126,四方股份,2025-09-30 10:06:51,19.33,55000,19.37,D
sh601126,四方股份,2025-09-30 10:06:54,19.34,18400,19.33,U
sh601126,四方股份,2025-09-30 10:07:00,19.33,34300,19.33,D
sh601126,四方股份,2025-09-30 10:07:06,19.36,30200,19.36,U
sh601126,四方股份,2025-09-30 10:08:30,19.23,12600,19.23,U
sh601126,四方股份,2025-09-30 10:08:33,19.24,13300,19.23,U
sh601126,四方股份,2025-09-30 10:09:33,19.21,13200,19.21,U
sh601126,四方股份,2025-09-30 10:10:03,19.17,27100,19.18,D
sh601126,四方股份,2025-09-30 10:10:15,19.18,31700,19.17,U
sh601126,四方股份,2025-09-30 10:10:18,19.2,26500,19.18,U
sh601126,四方股份,2025-09-30 10:10:36,19.2,12100,19.22,D
sh601126,四方股份,2025-09-30 10:11:27,19.2,11600,19.19,U
sh601126,四方股份,2025-09-30 10:11:42,19.2,18300,19.2,U
sh601126,四方股份,2025-09-30 10:11:51,19.22,58400,19.21,U
sh601126,四方股份,2025-09-30 10:11:54,19.24,10700,19.22,U
sh601126,四方股份,2025-09-30 10:12:36,19.22,16700,19.23,D
sh601126,四方股份,2025-09-30 10:13:24,19.22,38300,19.21,U
sh601126,四方股份,2025-09-30 10:14:15,19.23,12500,19.22,U
sh601126,四方股份,2025-09-30 10:14:36,19.23,13400,19.23,U
sh601126,四方股份,2025-09-30 10:14:51,19.21,129500,19.23,D
sh601126,四方股份,2025-09-30 10:15:03,19.21,11900,19.22,D
sh601126,四方股份,2025-09-30 10:15:09,19.23,23800,19.21,U
sh601126,四方股份,2025-09-30 10:15:27,19.25,10500,19.25,U
sh601126,四方股份,2025-09-30 10:15:51,19.24,12300,19.23,U
sh601126,四方股份,2025-09-30 10:16:24,19.22,15000,19.21,U
sh601126,四方股份,2025-09-30 10:17:30,19.21,22600,19.21,D
sh601126,四方股份,2025-09-30 10:17:57,19.18,27200,19.22,D
sh601126,四方股份,2025-09-30 10:19:57,19.2,29700,19.21,D
sh601126,四方股份,2025-09-30 10:20:12,19.22,29400,19.2,U
sh601126,四方股份,2025-09-30 10:24:03,19.23,12000,19.24,D
sh601126,四方股份,2025-09-30 10:24:12,19.27,31100,19.25,U
sh601126,四方股份,2025-09-30 10:25:21,19.28,183500,19.24,U
sh601126,四方股份,2025-09-30 10:25:24,19.29,19300,19.28,U
sh601126,四方股份,2025-09-30 10:25:27,19.29,13900,19.29,D
sh601126,四方股份,2025-09-30 10:25:30,19.29,28600,19.29,U
sh601126,四方股份,2025-09-30 10:25:36,19.31,12100,19.3,U
sh601126,四方股份,2025-09-30 10:26:24,19.29,59400,19.3,D
sh601126,四方股份,2025-09-30 10:26:27,19.3,14100,19.29,U
sh601126,四方股份,2025-09-30 10:28:21,19.26,15900,19.26,U
sh601126,四方股份,2025-09-30 10:28:36,19.28,12200,19.28,U
sh601126,四方股份,2025-09-30 10:28:48,19.31,11400,19.3,U
sh601126,四方股份,2025-09-30 10:29:00,19.32,65900,19.31,U
sh601126,四方股份,2025-09-30 10:29:03,19.33,16600,19.32,U
sh601126,四方股份,2025-09-30 10:29:09,19.34,14700,19.31,U
sh601126,四方股份,2025-09-30 10:30:30,19.32,25600,19.32,U
sh601126,四方股份,2025-09-30 10:30:48,19.3,50000,19.33,D
sh601126,四方股份,2025-09-30 10:31:33,19.3,55100,19.32,D
sh601126,四方股份,2025-09-30 10:31:36,19.32,11200,19.3,U
sh601126,四方股份,2025-09-30 10:33:00,19.29,12600,19.26,U
sh601126,四方股份,2025-09-30 10:33:15,19.31,11000,19.28,U
sh601126,四方股份,2025-09-30 10:33:27,19.32,13700,19.3,U
sh601126,四方股份,2025-09-30 10:34:15,19.3,10800,19.31,D
sh601126,四方股份,2025-09-30 10:35:21,19.29,19400,19.3,D
sh601126,四方股份,2025-09-30 10:35:24,19.3,11500,19.29,U
sh601126,四方股份,2025-09-30 10:37:12,19.3,13700,19.31,D
sh601126,四方股份,2025-09-30 10:37:15,19.29,28300,19.3,D
sh601126,四方股份,2025-09-30 10:39:51,19.28,17800,19.27,U
sh601126,四方股份,2025-09-30 10:41:00,19.29,13300,19.29,D
sh601126,四方股份,2025-09-30 10:41:24,19.28,29898,19.29,D
sh601126,四方股份,2025-09-30 10:41:27,19.28,21002,19.28,U
sh601126,四方股份,2025-09-30 10:42:00,19.29,15900,19.31,D
sh601126,四方股份,2025-09-30 10:42:06,19.3,17600,19.31,U
sh601126,四方股份,2025-09-30 10:43:24,19.27,44400,19.26,U
sh601126,四方股份,2025-09-30 10:43:27,19.27,11600,19.27,U
sh601126,四方股份,2025-09-30 10:45:03,19.24,14402,19.25,D
sh601126,四方股份,2025-09-30 10:45:51,19.24,16900,19.25,D
sh601126,四方股份,2025-09-30 10:46:00,19.24,14600,19.24,U
sh601126,四方股份,2025-09-30 10:46:06,19.23,14100,19.24,D
sh601126,四方股份,2025-09-30 10:46:39,19.23,20200,19.24,D
sh601126,四方股份,2025-09-30 10:46:42,19.23,20500,19.23,D
sh601126,四方股份,2025-09-30 10:46:57,19.24,12200,19.24,U
sh601126,四方股份,2025-09-30 10:47:18,19.23,34100,19.24,D
sh601126,四方股份,2025-09-30 10:51:00,19.26,10400,19.24,U
sh601126,四方股份,2025-09-30 10:52:21,19.29,35200,19.27,U
sh601126,四方股份,2025-09-30 10:52:27,19.3,10500,19.3,U
sh601126,四方股份,2025-09-30 10:52:54,19.31,11400,19.3,U
sh601126,四方股份,2025-09-30 10:54:06,19.31,29000,19.32,E
sh601126,四方股份,2025-09-30 10:54:09,19.32,11400,19.31,U
sh601126,四方股份,2025-09-30 10:54:57,19.34,12800,19.34,D
sh601126,四方股份,2025-09-30 10:55:00,19.35,10400,19.34,U
sh601126,四方股份,2025-09-30 10:55:24,19.35,17700,19.34,U
sh601126,四方股份,2025-09-30 10:55:39,19.35,19100,19.36,D
sh601126,四方股份,2025-09-30 10:55:45,19.35,31600,19.35,U
sh601126,四方股份,2025-09-30 10:57:51,19.3,40900,19.31,D
sh601126,四方股份,2025-09-30 11:01:39,19.31,12700,19.3,U
sh601126,四方股份,2025-09-30 11:01:45,19.32,16400,19.32,U
sh601126,四方股份,2025-09-30 11:03:21,19.32,36800,19.31,U
sh601126,四方股份,2025-09-30 11:03:24,19.33,11800,19.32,U
sh601126,四方股份,2025-09-30 11:10:15,19.33,17700,19.31,U
sh601126,四方股份,2025-09-30 11:10:54,19.34,28609,19.34,U
sh601126,四方股份,2025-09-30 11:11:06,19.33,14100,19.34,D
sh601126,四方股份,2025-09-30 11:11:27,19.34,12700,19.34,U
sh601126,四方股份,2025-09-30 11:14:33,19.33,10500,19.33,D
sh601126,四方股份,2025-09-30 11:15:36,19.32,13600,19.33,D
sh601126,四方股份,2025-09-30 11:16:06,19.32,19400,19.32,U
sh601126,四方股份,2025-09-30 11:19:03,19.31,14000,19.31,D
sh601126,四方股份,2025-09-30 11:20:57,19.32,15000,19.32,D
sh601126,四方股份,2025-09-30 11:24:06,19.34,17000,19.32,U
sh601126,四方股份,2025-09-30 11:25:36,19.35,15000,19.35,U
sh601126,四方股份,2025-09-30 11:25:57,19.35,10700,19.36,U
sh601126,四方股份,2025-09-30 11:26:24,19.36,13200,19.36,D
sh601126,四方股份,2025-09-30 11:26:36,19.38,97900,19.36,U
sh601126,四方股份,2025-09-30 11:26:39,19.44,144600,19.38,U
sh601126,四方股份,2025-09-30 11:27:15,19.45,23400,19.45,U
sh601126,四方股份,2025-09-30 11:27:21,19.45,20800,19.44,U
sh601126,四方股份,2025-09-30 11:27:33,19.46,14000,19.45,U
sh601126,四方股份,2025-09-30 11:27:39,19.46,17000,19.46,U
sh601126,四方股份,2025-09-30 11:27:45,19.46,27400,19.47,E
sh601126,四方股份,2025-09-30 11:27:48,19.49,78100,19.46,U
sh601126,四方股份,2025-09-30 11:27:51,19.49,14600,19.49,U
sh601126,四方股份,2025-09-30 11:28:03,19.49,19400,19.49,U
sh601126,四方股份,2025-09-30 11:28:06,19.48,66300,19.49,D
sh601126,四方股份,2025-09-30 11:28:21,19.54,220400,19.47,U
sh601126,四方股份,2025-09-30 11:28:27,19.56,15400,19.55,U
sh601126,四方股份,2025-09-30 11:28:30,19.56,22200,19.56,U
sh601126,四方股份,2025-09-30 11:28:39,19.56,35100,19.56,U
sh601126,四方股份,2025-09-30 11:28:42,19.58,17800,19.56,U
sh601126,四方股份,2025-09-30 11:28:48,19.58,103300,19.56,U
sh601126,四方股份,2025-09-30 11:29:00,19.58,12900,19.58,D
sh601126,四方股份,2025-09-30 11:29:03,19.56,17100,19.58,D
sh601126,四方股份,2025-09-30 11:29:24,19.5,12600,19.51,D
sh601126,四方股份,2025-09-30 11:29:45,19.5,20300,19.49,U
sh601126,四方股份,2025-09-30 13:00:03,19.47,14500,19.48,E
sh601126,四方股份,2025-09-30 13:00:06,19.6,123400,19.47,U
sh601126,四方股份,2025-09-30 13:00:09,19.5,76600,19.6,D
sh601126,四方股份,2025-09-30 13:00:12,19.58,112300,19.5,E
sh601126,四方股份,2025-09-30 13:00:15,19.6,216400,19.58,U
sh601126,四方股份,2025-09-30 13:00:18,19.63,150400,19.6,U
sh601126,四方股份,2025-09-30 13:00:21,19.7,127200,19.63,U
sh601126,四方股份,2025-09-30 13:00:24,19.64,99200,19.7,D
sh601126,四方股份,2025-09-30 13:00:27,19.65,119100,19.64,E
sh601126,四方股份,2025-09-30 13:00:30,19.68,18700,19.65,U
sh601126,四方股份,2025-09-30 13:00:33,19.75,44600,19.68,U
sh601126,四方股份,2025-09-30 13:00:36,19.73,14700,19.75,D
sh601126,四方股份,2025-09-30 13:00:42,19.69,70300,19.73,D
sh601126,四方股份,2025-09-30 13:00:45,19.72,11800,19.69,U
sh601126,四方股份,2025-09-30 13:00:48,19.75,23100,19.72,U
sh601126,四方股份,2025-09-30 13:00:51,19.82,344800,19.75,U
sh601126,四方股份,2025-09-30 13:00:54,19.8,32300,19.82,D
sh601126,四方股份,2025-09-30 13:00:57,19.83,20500,19.8,U
sh601126,四方股份,2025-09-30 13:01:03,19.74,20200,19.81,D
sh601126,四方股份,2025-09-30 13:01:06,19.77,23300,19.74,U
sh601126,四方股份,2025-09-30 13:01:09,19.74,125300,19.77,D
sh601126,四方股份,2025-09-30 13:01:12,19.76,40400,19.74,U
sh601126,四方股份,2025-09-30 13:01:15,19.71,36600,19.76,D
sh601126,四方股份,2025-09-30 13:01:18,19.74,17200,19.71,U
sh601126,四方股份,2025-09-30 13:01:21,19.82,148600,19.74,U
sh601126,四方股份,2025-09-30 13:01:24,19.82,231900,19.82,D
sh601126,四方股份,2025-09-30 13:01:27,19.81,50700,19.82,D
sh601126,四方股份,2025-09-30 13:01:36,19.82,38800,19.8,U
sh601126,四方股份,2025-09-30 13:01:39,19.84,71800,19.82,U
sh601126,四方股份,2025-09-30 13:01:42,19.84,78100,19.84,D
sh601126,四方股份,2025-09-30 13:01:45,19.91,147100,19.84,U
sh601126,四方股份,2025-09-30 13:01:48,19.89,48600,19.91,D
sh601126,四方股份,2025-09-30 13:01:51,19.85,39200,19.89,D
sh601126,四方股份,2025-09-30 13:02:00,19.85,53500,19.88,D
sh601126,四方股份,2025-09-30 13:02:03,19.85,14100,19.85,U
sh601126,四方股份,2025-09-30 13:02:06,19.82,11200,19.85,D
sh601126,四方股份,2025-09-30 13:02:21,19.82,28200,19.82,U
sh601126,四方股份,2025-09-30 13:02:24,19.82,20300,19.82,U
sh601126,四方股份,2025-09-30 13:02:27,19.78,18800,19.82,D
sh601126,四方股份,2025-09-30 13:02:30,19.8,11100,19.78,U
sh601126,四方股份,2025-09-30 13:02:33,19.81,133900,19.8,U
sh601126,四方股份,2025-09-30 13:02:42,19.79,33100,19.8,U
sh601126,四方股份,2025-09-30 13:02:48,19.84,59300,19.79,U
sh601126,四方股份,2025-09-30 13:02:57,19.88,64500,19.88,U
sh601126,四方股份,2025-09-30 13:03:00,19.86,62100,19.88,D
sh601126,四方股份,2025-09-30 13:03:12,19.85,24000,19.82,U
sh601126,四方股份,2025-09-30 13:03:33,19.83,41900,19.83,U
sh601126,四方股份,2025-09-30 13:03:48,19.82,43700,19.8,U
sh601126,四方股份,2025-09-30 13:03:51,19.82,48600,19.82,U
sh601126,四方股份,2025-09-30 13:04:00,19.83,43200,19.82,U
sh601126,四方股份,2025-09-30 13:04:09,19.86,57500,19.84,U
sh601126,四方股份,2025-09-30 13:04:21,19.83,58600,19.85,D
sh601126,四方股份,2025-09-30 13:04:24,19.83,11800,19.83,U
sh601126,四方股份,2025-09-30 13:04:33,19.84,19000,19.83,U
sh601126,四方股份,2025-09-30 13:04:39,19.89,66700,19.84,U
sh601126,四方股份,2025-09-30 13:04:42,19.9,99000,19.89,U
sh601126,四方股份,2025-09-30 13:04:45,19.9,49400,19.9,D
sh601126,四方股份,2025-09-30 13:04:48,19.88,37200,19.9,D
sh601126,四方股份,2025-09-30 13:04:54,19.9,36500,19.9,U
sh601126,四方股份,2025-09-30 13:04:57,19.9,11500,19.9,U
sh601126,四方股份,2025-09-30 13:05:03,19.87,24500,19.89,E
sh601126,四方股份,2025-09-30 13:05:06,19.87,12600,19.87,U
sh601126,四方股份,2025-09-30 13:05:18,19.84,15600,19.85,D
sh601126,四方股份,2025-09-30 13:05:21,19.84,11200,19.84,D
sh601126,四方股份,2025-09-30 13:05:24,19.84,19800,19.84,D
sh601126,四方股份,2025-09-30 13:05:30,19.81,69100,19.84,D
sh601126,四方股份,2025-09-30 13:05:39,19.8,10200,19.8,D
sh601126,四方股份,2025-09-30 13:05:42,19.79,10500,19.8,D
sh601126,四方股份,2025-09-30 13:06:06,19.8,23200,19.78,U
sh601126,四方股份,2025-09-30 13:06:30,19.76,14400,19.76,U
sh601126,四方股份,2025-09-30 13:07:00,19.75,19100,19.74,U
sh601126,四方股份,2025-09-30 13:07:21,19.74,12100,19.73,U
sh601126,四方股份,2025-09-30 13:07:51,19.74,27400,19.75,D
sh601126,四方股份,2025-09-30 13:08:21,19.75,11500,19.74,D
sh601126,四方股份,2025-09-30 13:08:42,19.74,43000,19.74,D
sh601126,四方股份,2025-09-30 13:10:00,19.74,20500,19.72,U
sh601126,四方股份,2025-09-30 13:10:12,19.75,36500,19.75,U
sh601126,四方股份,2025-09-30 13:10:21,19.75,11800,19.75,D
sh601126,四方股份,2025-09-30 13:10:45,19.76,31800,19.75,U
sh601126,四方股份,2025-09-30 13:10:48,19.76,48100,19.76,U
sh601126,四方股份,2025-09-30 13:11:24,19.78,14900,19.79,D
sh601126,四方股份,2025-09-30 13:11:45,19.81,37900,19.76,U
sh601126,四方股份,2025-09-30 13:12:27,19.75,14400,19.78,D
sh601126,四方股份,2025-09-30 13:13:12,19.74,40000,19.73,U
sh601126,四方股份,2025-09-30 13:13:15,19.77,45300,19.74,U
sh601126,四方股份,2025-09-30 13:13:51,19.78,20800,19.78,D
sh601126,四方股份,2025-09-30 13:14:36,19.79,27200,19.79,U
sh601126,四方股份,2025-09-30 13:15:36,19.75,14100,19.76,D
sh601126,四方股份,2025-09-30 13:15:54,19.7,82900,19.71,D
sh601126,四方股份,2025-09-30 13:16:06,19.72,23500,19.7,U
sh601126,四方股份,2025-09-30 13:16:18,19.7,11900,19.71,D
sh601126,四方股份,2025-09-30 13:16:21,19.72,31100,19.7,U
sh601126,四方股份,2025-09-30 13:16:39,19.7,13000,19.72,D
sh601126,四方股份,2025-09-30 13:16:48,19.71,30500,19.7,U
sh601126,四方股份,2025-09-30 13:16:51,19.7,30100,19.71,U
sh601126,四方股份,2025-09-30 13:17:18,19.7,100400,19.71,D
sh601126,四方股份,2025-09-30 13:17:21,19.71,47800,19.7,U
sh601126,四方股份,2025-09-30 13:17:24,19.71,11900,19.71,D
sh601126,四方股份,2025-09-30 13:17:30,19.7,20200,19.7,U
sh601126,四方股份,2025-09-30 13:17:36,19.69,61900,19.69,D
sh601126,四方股份,2025-09-30 13:17:57,19.69,12800,19.69,D
sh601126,四方股份,2025-09-30 13:18:00,19.7,23600,19.69,U
sh601126,四方股份,2025-09-30 13:18:12,19.69,14900,19.69,D
sh601126,四方股份,2025-09-30 13:18:18,19.7,14500,19.7,U
sh601126,四方股份,2025-09-30 13:18:24,19.7,21800,19.69,U
sh601126,四方股份,2025-09-30 13:18:27,19.72,12500,19.7,U
sh601126,四方股份,2025-09-30 13:18:39,19.7,50000,19.71,D
sh601126,四方股份,2025-09-30 13:19:12,19.71,35025,19.73,D
sh601126,四方股份,2025-09-30 13:19:24,19.7,52200,19.71,D
sh601126,四方股份,2025-09-30 13:19:27,19.7,11000,19.7,D
sh601126,四方股份,2025-09-30 13:19:30,19.7,38800,19.7,D
sh601126,四方股份,2025-09-30 13:20:00,19.71,54900,19.68,U
sh601126,四方股份,2025-09-30 13:20:45,19.74,18400,19.74,U
sh601126,四方股份,2025-09-30 13:20:57,19.74,16000,19.74,D
sh601126,四方股份,2025-09-30 13:21:39,19.73,12700,19.72,U
sh601126,四方股份,2025-09-30 13:22:00,19.74,20400,19.73,U
sh601126,四方股份,2025-09-30 13:22:18,19.74,12200,19.74,U
sh601126,四方股份,2025-09-30 13:22:51,19.74,10500,19.74,D
sh601126,四方股份,2025-09-30 13:23:00,19.73,29400,19.73,D
sh601126,四方股份,2025-09-30 13:23:18,19.73,14700,19.72,U
sh601126,四方股份,2025-09-30 13:23:21,19.76,72500,19.73,U
sh601126,四方股份,2025-09-30 13:23:24,19.76,29500,19.76,U
sh601126,四方股份,2025-09-30 13:24:09,19.77,17400,19.76,U
sh601126,四方股份,2025-09-30 13:25:57,19.78,13500,19.77,U
sh601126,四方股份,2025-09-30 13:26:03,19.79,26700,19.78,U
sh601126,四方股份,2025-09-30 13:26:06,19.81,100700,19.79,U
sh601126,四方股份,2025-09-30 13:26:27,19.84,11000,19.82,U
sh601126,四方股份,2025-09-30 13:26:30,19.85,13800,19.84,U
sh601126,四方股份,2025-09-30 13:26:33,19.83,10400,19.85,D
sh601126,四方股份,2025-09-30 13:26:42,19.84,22900,19.84,U
sh601126,四方股份,2025-09-30 13:27:06,19.83,21400,19.82,U
sh601126,四方股份,2025-09-30 13:27:18,19.86,21700,19.85,U
sh601126,四方股份,2025-09-30 13:27:21,19.9,63900,19.86,U
sh601126,四方股份,2025-09-30 13:27:24,19.91,69700,19.9,U
sh601126,四方股份,2025-09-30 13:27:27,19.92,72000,19.91,U
sh601126,四方股份,2025-09-30 13:27:33,19.95,49800,19.95,U
sh601126,四方股份,2025-09-30 13:27:39,19.95,30800,19.96,D
sh601126,四方股份,2025-09-30 13:27:42,19.96,44600,19.95,U
sh601126,四方股份,2025-09-30 13:27:45,19.96,19500,19.96,U
sh601126,四方股份,2025-09-30 13:27:48,19.96,46100,19.96,U
sh601126,四方股份,2025-09-30 13:27:57,19.98,77400,19.97,U
sh601126,四方股份,2025-09-30 13:28:03,19.96,18300,19.98,D
sh601126,四方股份,2025-09-30 13:28:06,19.96,11100,19.96,D
sh601126,四方股份,2025-09-30 13:28:09,19.96,14400,19.96,U
sh601126,四方股份,2025-09-30 13:28:18,19.98,282400,19.98,U
sh601126,四方股份,2025-09-30 13:28:21,20.0,44500,19.98,U
sh601126,四方股份,2025-09-30 13:28:27,19.99,42100,19.98,U
sh601126,四方股份,2025-09-30 13:28:30,20.0,11000,19.99,U
sh601126,四方股份,2025-09-30 13:28:33,20.0,23700,20.0,U
sh601126,四方股份,2025-09-30 13:28:42,19.99,16500,19.98,U
sh601126,四方股份,2025-09-30 13:29:00,19.98,15700,19.99,D
sh601126,四方股份,2025-09-30 13:29:03,19.94,32900,19.98,D
sh601126,四方股份,2025-09-30 13:29:12,19.92,75500,19.94,D
sh601126,四方股份,2025-09-30 13:29:21,19.91,24200,19.9,E
sh601126,四方股份,2025-09-30 13:29:48,19.9,13500,19.88,U
sh601126,四方股份,2025-09-30 13:29:51,19.92,14500,19.9,U
sh601126,四方股份,2025-09-30 13:30:21,19.93,20500,19.92,U
sh601126,四方股份,2025-09-30 13:30:27,19.93,14900,19.94,D
sh601126,四方股份,2025-09-30 13:30:30,19.97,19800,19.93,U
sh601126,四方股份,2025-09-30 13:30:33,19.97,38200,19.97,U
sh601126,四方股份,2025-09-30 13:30:39,19.99,11100,19.99,U
sh601126,四方股份,2025-09-30 13:30:42,19.98,91200,19.99,E
sh601126,四方股份,2025-09-30 13:30:45,19.97,41900,19.98,D
sh601126,四方股份,2025-09-30 13:30:48,19.96,27000,19.97,D
sh601126,四方股份,2025-09-30 13:30:51,19.95,15700,19.96,D
sh601126,四方股份,2025-09-30 13:30:57,19.97,18600,19.95,U
sh601126,四方股份,2025-09-30 13:31:00,19.95,13400,19.97,D
sh601126,四方股份,2025-09-30 13:31:15,19.96,13000,19.95,U
sh601126,四方股份,2025-09-30 13:31:18,19.96,18200,19.96,U
sh601126,四方股份,2025-09-30 13:31:27,19.96,10600,19.96,D
sh601126,四方股份,2025-09-30 13:31:33,19.96,23500,19.96,U
sh601126,四方股份,2025-09-30 13:31:42,19.96,30700,19.94,U
sh601126,四方股份,2025-09-30 13:31:45,19.93,13800,19.96,D
sh601126,四方股份,2025-09-30 13:32:06,19.95,37700,19.95,D
sh601126,四方股份,2025-09-30 13:32:42,19.95,26800,19.94,U
sh601126,四方股份,2025-09-30 13:32:48,19.97,16400,19.95,U
sh601126,四方股份,2025-09-30 13:32:57,19.96,10500,19.96,D
sh601126,四方股份,2025-09-30 13:33:00,19.96,14900,19.96,D
sh601126,四方股份,2025-09-30 13:33:18,19.94,11100,19.95,D
sh601126,四方股份,2025-09-30 13:33:21,19.95,10700,19.94,U
sh601126,四方股份,2025-09-30 13:33:33,19.95,17700,19.94,U
sh601126,四方股份,2025-09-30 13:33:36,19.95,10100,19.95,U
sh601126,四方股份,2025-09-30 13:33:39,19.95,42500,19.95,E
sh601126,四方股份,2025-09-30 13:33:42,19.95,36900,19.95,D
sh601126,四方股份,2025-09-30 13:34:00,19.94,18500,19.93,U
sh601126,四方股份,2025-09-30 13:34:03,19.96,29000,19.94,U
sh601126,四方股份,2025-09-30 13:34:06,19.96,11600,19.96,D
sh601126,四方股份,2025-09-30 13:34:09,19.97,13600,19.96,U
sh601126,四方股份,2025-09-30 13:34:12,19.95,13000,19.97,U
sh601126,四方股份,2025-09-30 13:34:36,19.95,15500,19.95,U
sh601126,四方股份,2025-09-30 13:34:42,19.96,17800,19.96,U
sh601126,四方股份,2025-09-30 13:34:45,19.97,32443,19.96,U
sh601126,四方股份,2025-09-30 13:34:48,19.98,19600,19.97,U
sh601126,四方股份,2025-09-30 13:35:00,19.96,13643,19.97,D
sh601126,四方股份,2025-09-30 13:35:03,19.94,70357,19.96,D
sh601126,四方股份,2025-09-30 13:35:06,19.94,16800,19.94,D
sh601126,四方股份,2025-09-30 13:35:09,19.95,83700,19.94,U
sh601126,四方股份,2025-09-30 13:35:24,19.96,31000,19.98,D
sh601126,四方股份,2025-09-30 13:35:33,19.96,46700,19.96,D
sh601126,四方股份,2025-09-30 13:35:39,19.96,19200,19.96,D
sh601126,四方股份,2025-09-30 13:35:48,20.04,681400,19.98,U
sh601126,四方股份,2025-09-30 13:35:51,20.05,23500,20.04,E
sh601126,四方股份,2025-09-30 13:35:54,20.08,54400,20.05,U
sh601126,四方股份,2025-09-30 13:35:57,20.08,10300,20.08,U
sh601126,四方股份,2025-09-30 13:36:03,20.07,20100,20.08,U
sh601126,四方股份,2025-09-30 13:36:06,20.06,10600,20.07,D
sh601126,四方股份,2025-09-30 13:36:09,20.07,11800,20.06,U
sh601126,四方股份,2025-09-30 13:36:12,20.06,56700,20.07,D
sh601126,四方股份,2025-09-30 13:36:15,20.05,10700,20.06,D
sh601126,四方股份,2025-09-30 13:36:21,20.04,18300,20.05,D
sh601126,四方股份,2025-09-30 13:36:24,20.07,39100,20.04,U
sh601126,四方股份,2025-09-30 13:36:27,20.07,12000,20.07,D
sh601126,四方股份,2025-09-30 13:36:30,20.06,30200,20.07,D
sh601126,四方股份,2025-09-30 13:36:39,20.07,22100,20.06,U
sh601126,四方股份,2025-09-30 13:36:42,20.08,16100,20.07,U
sh601126,四方股份,2025-09-30 13:36:45,20.08,24100,20.08,U
sh601126,四方股份,2025-09-30 13:36:48,20.08,50700,20.08,U
sh601126,四方股份,2025-09-30 13:36:57,20.07,21500,20.08,E
sh601126,四方股份,2025-09-30 13:37:00,20.06,23500,20.07,D
sh601126,四方股份,2025-09-30 13:37:09,20.06,16200,20.07,D
sh601126,四方股份,2025-09-30 13:37:12,20.06,50700,20.06,U
sh601126,四方股份,2025-09-30 13:37:27,20.0,18600,20.02,D
sh601126,四方股份,2025-09-30 13:37:39,20.0,67500,20.0,U
sh601126,四方股份,2025-09-30 13:37:42,20.02,12000,20.0,U
sh601126,四方股份,2025-09-30 13:37:57,20.06,21800,20.06,U
sh601126,四方股份,2025-09-30 13:38:00,20.08,166700,20.06,U
sh601126,四方股份,2025-09-30 13:38:03,20.1,38000,20.08,U
sh601126,四方股份,2025-09-30 13:38:06,20.09,18500,20.1,E
sh601126,四方股份,2025-09-30 13:38:09,20.1,61900,20.09,U
sh601126,四方股份,2025-09-30 13:38:12,20.1,48400,20.1,U
sh601126,四方股份,2025-09-30 13:38:15,20.12,17900,20.1,U
sh601126,四方股份,2025-09-30 13:38:21,20.12,20900,20.12,U
sh601126,四方股份,2025-09-30 13:38:27,20.13,17900,20.13,D
sh601126,四方股份,2025-09-30 13:38:30,20.14,11700,20.13,E
sh601126,四方股份,2025-09-30 13:38:33,20.14,107900,20.14,U
sh601126,四方股份,2025-09-30 13:38:36,20.14,10500,20.14,U
sh601126,四方股份,2025-09-30 13:38:39,20.14,24400,20.14,U
sh601126,四方股份,2025-09-30 13:38:42,20.14,12100,20.14,U
sh601126,四方股份,2025-09-30 13:38:45,20.14,26500,20.14,U
sh601126,四方股份,2025-09-30 13:38:48,20.12,17100,20.14,D
sh601126,四方股份,2025-09-30 13:38:51,20.15,68800,20.12,U
sh601126,四方股份,2025-09-30 13:38:54,20.13,24800,20.15,D
sh601126,四方股份,2025-09-30 13:39:06,20.11,25700,20.13,D
sh601126,四方股份,2025-09-30 13:39:09,20.1,19900,20.11,D
sh601126,四方股份,2025-09-30 13:39:12,20.1,26000,20.1,D
sh601126,四方股份,2025-09-30 13:39:15,20.09,31500,20.1,E
sh601126,四方股份,2025-09-30 13:39:21,20.09,33100,20.11,D
sh601126,四方股份,2025-09-30 13:39:24,20.09,13700,20.09,D
sh601126,四方股份,2025-09-30 13:39:27,20.1,20900,20.09,U
sh601126,四方股份,2025-09-30 13:39:42,20.09,14000,20.08,U
sh601126,四方股份,2025-09-30 13:39:48,20.11,34000,20.08,U
sh601126,四方股份,2025-09-30 13:40:00,20.14,10100,20.13,U
sh601126,四方股份,2025-09-30 13:40:12,20.15,52700,20.13,U
sh601126,四方股份,2025-09-30 13:40:21,20.17,16500,20.17,U
sh601126,四方股份,2025-09-30 13:40:24,20.16,16000,20.17,D
sh601126,四方股份,2025-09-30 13:40:27,20.16,18200,20.16,D
sh601126,四方股份,2025-09-30 13:40:30,20.16,25800,20.16,D
sh601126,四方股份,2025-09-30 13:40:33,20.17,10500,20.16,U
sh601126,四方股份,2025-09-30 13:40:36,20.16,16200,20.17,D
sh601126,四方股份,2025-09-30 13:40:42,20.15,16300,20.15,D
sh601126,四方股份,2025-09-30 13:40:45,20.16,13800,20.15,U
sh601126,四方股份,2025-09-30 13:40:48,20.16,10300,20.16,U
sh601126,四方股份,2025-09-30 13:40:51,20.16,62400,20.16,U
sh601126,四方股份,2025-09-30 13:40:54,20.16,11600,20.16,U
sh601126,四方股份,2025-09-30 13:41:06,20.16,20300,20.16,D
sh601126,四方股份,2025-09-30 13:41:09,20.17,13600,20.16,U
sh601126,四方股份,2025-09-30 13:41:12,20.14,32000,20.17,D
sh601126,四方股份,2025-09-30 13:41:18,20.15,11000,20.15,D
sh601126,四方股份,2025-09-30 13:41:21,20.15,17100,20.15,D
sh601126,四方股份,2025-09-30 13:41:51,20.2,171100,20.18,U
sh601126,四方股份,2025-09-30 13:41:54,20.18,68000,20.2,D
sh601126,四方股份,2025-09-30 13:41:57,20.19,14100,20.18,E
sh601126,四方股份,2025-09-30 13:42:00,20.22,16600,20.19,U
sh601126,四方股份,2025-09-30 13:42:03,20.22,16000,20.22,U
sh601126,四方股份,2025-09-30 13:42:18,20.2,44100,20.21,D
sh601126,四方股份,2025-09-30 13:42:21,20.19,42600,20.2,D
sh601126,四方股份,2025-09-30 13:42:27,20.2,14400,20.19,U
sh601126,四方股份,2025-09-30 13:42:30,20.19,17900,20.2,D
sh601126,四方股份,2025-09-30 13:42:36,20.21,28200,20.19,U
sh601126,四方股份,2025-09-30 13:42:45,20.22,9900,20.21,U
sh601126,四方股份,2025-09-30 13:42:48,20.23,17700,20.22,E
sh601126,四方股份,2025-09-30 13:42:51,20.24,25200,20.23,U
sh601126,四方股份,2025-09-30 13:42:54,20.25,11300,20.24,U
sh601126,四方股份,2025-09-30 13:42:57,20.25,14300,20.25,U
sh601126,四方股份,2025-09-30 13:43:00,20.26,35400,20.25,U
sh601126,四方股份,2025-09-30 13:43:06,20.27,44600,20.26,E
sh601126,四方股份,2025-09-30 13:43:09,20.28,36500,20.27,D
sh601126,四方股份,2025-09-30 13:43:12,20.29,14800,20.28,E
sh601126,四方股份,2025-09-30 13:43:18,20.32,11400,20.3,U
sh601126,四方股份,2025-09-30 13:43:21,20.32,17300,20.32,U
sh601126,四方股份,2025-09-30 13:43:24,20.32,33600,20.32,D
sh601126,四方股份,2025-09-30 13:43:27,20.3,39300,20.32,D
sh601126,四方股份,2025-09-30 13:43:30,20.31,45600,20.3,E
sh601126,四方股份,2025-09-30 13:43:33,20.35,11000,20.31,U
sh601126,四方股份,2025-09-30 13:43:36,20.35,17100,20.35,U
sh601126,四方股份,2025-09-30 13:43:39,20.34,34100,20.35,D
sh601126,四方股份,2025-09-30 13:43:42,20.34,37800,20.34,U
sh601126,四方股份,2025-09-30 13:43:45,20.35,30200,20.34,U
sh601126,四方股份,2025-09-30 13:43:48,20.36,25600,20.35,U
sh601126,四方股份,2025-09-30 13:43:51,20.35,60800,20.36,D
sh601126,四方股份,2025-09-30 13:43:54,20.35,27100,20.35,U
sh601126,四方股份,2025-09-30 13:43:57,20.35,10600,20.35,U
sh601126,四方股份,2025-09-30 13:44:00,20.35,27400,20.35,D
sh601126,四方股份,2025-09-30 13:44:03,20.36,38200,20.35,U
sh601126,四方股份,2025-09-30 13:44:06,20.36,10100,20.36,E
sh601126,四方股份,2025-09-30 13:44:09,20.35,70400,20.36,D
sh601126,四方股份,2025-09-30 13:44:12,20.37,56700,20.35,U
sh601126,四方股份,2025-09-30 13:44:15,20.37,39500,20.37,U
sh601126,四方股份,2025-09-30 13:44:18,20.34,78300,20.37,D
sh601126,四方股份,2025-09-30 13:44:21,20.33,53500,20.34,D
sh601126,四方股份,2025-09-30 13:44:24,20.35,16800,20.33,U
sh601126,四方股份,2025-09-30 13:44:27,20.34,10400,20.35,E
sh601126,四方股份,2025-09-30 13:44:33,20.37,17300,20.35,U
sh601126,四方股份,2025-09-30 13:44:36,20.4,12400,20.37,U
sh601126,四方股份,2025-09-30 13:44:39,20.4,16700,20.4,U
sh601126,四方股份,2025-09-30 13:44:42,20.4,19400,20.4,U
sh601126,四方股份,2025-09-30 13:44:45,20.37,16800,20.4,D
sh601126,四方股份,2025-09-30 13:44:48,20.38,35600,20.37,U
sh601126,四方股份,2025-09-30 13:44:51,20.4,31700,20.38,U
sh601126,四方股份,2025-09-30 13:44:57,20.38,22900,20.37,E
sh601126,四方股份,2025-09-30 13:45:00,20.37,25600,20.38,D
sh601126,四方股份,2025-09-30 13:45:03,20.34,29600,20.37,D
sh601126,四方股份,2025-09-30 13:45:06,20.42,65500,20.34,U
sh601126,四方股份,2025-09-30 13:45:09,20.41,30300,20.42,D
sh601126,四方股份,2025-09-30 13:45:12,20.43,29700,20.41,U
sh601126,四方股份,2025-09-30 13:45:15,20.4,15200,20.43,E
sh601126,四方股份,2025-09-30 13:45:18,20.36,19500,20.4,D
sh601126,四方股份,2025-09-30 13:45:24,20.36,22200,20.37,D
sh601126,四方股份,2025-09-30 13:45:27,20.36,12300,20.36,U
sh601126,四方股份,2025-09-30 13:45:30,20.35,18300,20.36,D
sh601126,四方股份,2025-09-30 13:45:42,20.28,22300,20.31,D
sh601126,四方股份,2025-09-30 13:45:51,20.28,15300,20.28,D
sh601126,四方股份,2025-09-30 13:45:54,20.29,23600,20.28,E
sh601126,四方股份,2025-09-30 13:45:57,20.29,9900,20.29,D
sh601126,四方股份,2025-09-30 13:46:00,20.27,25600,20.29,D
sh601126,四方股份,2025-09-30 13:46:12,20.29,45400,20.26,U
sh601126,四方股份,2025-09-30 13:46:15,20.32,15700,20.29,U
sh601126,四方股份,2025-09-30 13:46:33,20.34,15900,20.34,D
sh601126,四方股份,2025-09-30 13:46:39,20.35,26000,20.34,U
sh601126,四方股份,2025-09-30 13:46:48,20.34,12900,20.34,D
sh601126,四方股份,2025-09-30 13:46:57,20.39,51000,20.33,U
sh601126,四方股份,2025-09-30 13:47:00,20.39,13000,20.39,U
sh601126,四方股份,2025-09-30 13:47:03,20.36,14500,20.39,D
sh601126,四方股份,2025-09-30 13:47:06,20.39,10600,20.36,U
sh601126,四方股份,2025-09-30 13:47:15,20.38,12600,20.41,D
sh601126,四方股份,2025-09-30 13:47:18,20.36,12700,20.38,D
sh601126,四方股份,2025-09-30 13:47:24,20.36,12700,20.37,E
sh601126,四方股份,2025-09-30 13:47:27,20.37,27600,20.36,U
sh601126,四方股份,2025-09-30 13:47:39,20.32,18900,20.34,D
sh601126,四方股份,2025-09-30 13:47:48,20.31,15100,20.34,D
sh601126,四方股份,2025-09-30 13:47:54,20.32,52600,20.32,U
sh601126,四方股份,2025-09-30 13:48:03,20.33,24000,20.33,D
sh601126,四方股份,2025-09-30 13:48:21,20.38,184700,20.26,U
sh601126,四方股份,2025-09-30 13:48:24,20.41,21600,20.38,U
sh601126,四方股份,2025-09-30 13:48:27,20.41,15300,20.41,D
sh601126,四方股份,2025-09-30 13:48:33,20.41,27100,20.41,D
sh601126,四方股份,2025-09-30 13:48:39,20.41,35500,20.41,D
sh601126,四方股份,2025-09-30 13:48:57,20.43,191500,20.33,U
sh601126,四方股份,2025-09-30 13:49:03,20.41,21900,20.39,U
sh601126,四方股份,2025-09-30 13:49:06,20.41,10900,20.41,D
sh601126,四方股份,2025-09-30 13:49:09,20.4,22200,20.41,D
sh601126,四方股份,2025-09-30 13:49:12,20.42,19000,20.4,U
sh601126,四方股份,2025-09-30 13:49:18,20.4,22600,20.43,D
sh601126,四方股份,2025-09-30 13:49:21,20.38,57200,20.4,E
sh601126,四方股份,2025-09-30 13:49:48,20.37,27500,20.37,D
sh601126,四方股份,2025-09-30 13:49:51,20.37,12600,20.37,D
sh601126,四方股份,2025-09-30 13:50:00,20.38,21000,20.37,U
sh601126,四方股份,2025-09-30 13:50:03,20.38,21700,20.38,D
sh601126,四方股份,2025-09-30 13:50:12,20.39,13500,20.38,E
sh601126,四方股份,2025-09-30 13:50:21,20.4,10800,20.39,U
sh601126,四方股份,2025-09-30 13:50:24,20.39,21200,20.4,D
sh601126,四方股份,2025-09-30 13:50:30,20.4,44700,20.38,U
sh601126,四方股份,2025-09-30 13:50:33,20.38,60500,20.4,D
sh601126,四方股份,2025-09-30 13:50:39,20.44,44600,20.4,U
sh601126,四方股份,2025-09-30 13:50:42,20.45,34800,20.44,U
sh601126,四方股份,2025-09-30 13:50:48,20.45,57500,20.45,D
sh601126,四方股份,2025-09-30 13:50:54,20.42,47300,20.43,D
sh601126,四方股份,2025-09-30 13:51:00,20.42,12900,20.42,D
sh601126,四方股份,2025-09-30 13:51:03,20.43,11700,20.42,E
sh601126,四方股份,2025-09-30 13:51:12,20.43,47700,20.44,D
sh601126,四方股份,2025-09-30 13:51:15,20.45,15400,20.43,U
sh601126,四方股份,2025-09-30 13:51:24,20.43,24600,20.43,U
sh601126,四方股份,2025-09-30 13:51:42,20.41,13700,20.44,D
sh601126,四方股份,2025-09-30 13:51:48,20.4,12000,20.43,D
sh601126,四方股份,2025-09-30 13:51:54,20.4,19400,20.41,D
sh601126,四方股份,2025-09-30 13:51:57,20.41,13700,20.4,U
sh601126,四方股份,2025-09-30 13:52:09,20.36,24400,20.39,D
sh601126,四方股份,2025-09-30 13:52:15,20.34,46700,20.36,D
sh601126,四方股份,2025-09-30 13:52:18,20.31,15800,20.34,D
sh601126,四方股份,2025-09-30 13:52:21,20.3,13500,20.31,D
sh601126,四方股份,2025-09-30 13:52:24,20.35,47500,20.3,U
sh601126,四方股份,2025-09-30 13:52:27,20.33,19300,20.35,D
sh601126,四方股份,2025-09-30 13:52:30,20.33,55100,20.33,U
sh601126,四方股份,2025-09-30 13:52:42,20.38,12000,20.36,U
sh601126,四方股份,2025-09-30 13:52:45,20.37,21400,20.38,U
sh601126,四方股份,2025-09-30 13:52:48,20.38,13600,20.37,E
sh601126,四方股份,2025-09-30 13:53:09,20.33,26700,20.33,D
sh601126,四方股份,2025-09-30 13:53:12,20.33,17500,20.33,D
sh601126,四方股份,2025-09-30 13:53:18,20.35,11300,20.35,U
sh601126,四方股份,2025-09-30 13:53:21,20.35,12600,20.35,D
sh601126,四方股份,2025-09-30 13:53:33,20.33,12500,20.36,D
sh601126,四方股份,2025-09-30 13:54:03,20.33,10300,20.33,U
sh601126,四方股份,2025-09-30 13:54:12,20.33,13000,20.33,E
sh601126,四方股份,2025-09-30 13:55:06,20.3,28600,20.3,D
sh601126,四方股份,2025-09-30 13:55:18,20.29,10200,20.3,D
sh601126,四方股份,2025-09-30 13:55:30,20.26,11300,20.27,D
sh601126,四方股份,2025-09-30 13:55:36,20.27,21800,20.26,U
sh601126,四方股份,2025-09-30 13:55:42,20.28,15300,20.3,D
sh601126,四方股份,2025-09-30 13:55:45,20.28,33300,20.28,D
sh601126,四方股份,2025-09-30 13:55:48,20.27,14800,20.28,D
sh601126,四方股份,2025-09-30 13:55:54,20.25,45100,20.28,D
sh601126,四方股份,2025-09-30 13:56:00,20.26,30700,20.25,E
sh601126,四方股份,2025-09-30 13:56:06,20.26,12800,20.26,D
sh601126,四方股份,2025-09-30 13:56:12,20.23,20200,20.26,D
sh601126,四方股份,2025-09-30 13:56:21,20.25,94200,20.24,U
sh601126,四方股份,2025-09-30 13:56:24,20.25,16600,20.25,D
sh601126,四方股份,2025-09-30 13:56:30,20.21,53200,20.25,D
sh601126,四方股份,2025-09-30 13:56:36,20.24,92100,20.25,U
sh601126,四方股份,2025-09-30 13:56:39,20.24,24300,20.24,D
sh601126,四方股份,2025-09-30 13:56:42,20.23,154400,20.24,D
sh601126,四方股份,2025-09-30 13:56:48,20.23,22600,20.21,U
sh601126,四方股份,2025-09-30 13:56:54,20.22,56500,20.23,D
sh601126,四方股份,2025-09-30 13:57:06,20.17,53800,20.22,D
sh601126,四方股份,2025-09-30 13:57:12,20.17,62000,20.2,D
sh601126,四方股份,2025-09-30 13:57:18,20.19,26800,20.17,E
sh601126,四方股份,2025-09-30 13:57:21,20.21,33800,20.19,U
sh601126,四方股份,2025-09-30 13:57:27,20.21,30800,20.21,D
sh601126,四方股份,2025-09-30 13:57:36,20.21,22400,20.21,D
sh601126,四方股份,2025-09-30 13:57:39,20.16,121200,20.21,D
sh601126,四方股份,2025-09-30 13:57:42,20.2,90700,20.16,U
sh601126,四方股份,2025-09-30 13:57:45,20.17,11800,20.2,D
sh601126,四方股份,2025-09-30 13:57:54,20.16,48300,20.2,D
sh601126,四方股份,2025-09-30 13:58:03,20.16,59200,20.16,U
sh601126,四方股份,2025-09-30 13:58:09,20.23,47500,20.19,U
sh601126,四方股份,2025-09-30 13:58:12,20.22,103000,20.23,D
sh601126,四方股份,2025-09-30 13:58:21,20.22,66400,20.23,D
sh601126,四方股份,2025-09-30 13:58:27,20.25,11600,20.23,U
sh601126,四方股份,2025-09-30 13:58:36,20.25,21600,20.25,D
sh601126,四方股份,2025-09-30 13:58:45,20.25,18300,20.26,D
sh601126,四方股份,2025-09-30 13:58:48,20.28,67200,20.25,U
sh601126,四方股份,2025-09-30 13:58:51,20.28,12200,20.28,D
sh601126,四方股份,2025-09-30 13:59:09,20.29,19700,20.31,D
sh601126,四方股份,2025-09-30 13:59:21,20.29,10000,20.29,D
sh601126,四方股份,2025-09-30 13:59:36,20.3,13400,20.29,U
sh601126,四方股份,2025-09-30 13:59:45,20.33,12200,20.32,U
sh601126,四方股份,2025-09-30 13:59:51,20.32,22600,20.32,D
sh601126,四方股份,2025-09-30 13:59:54,20.33,12100,20.32,U
sh601126,四方股份,2025-09-30 14:00:21,20.3,12600,20.28,U
sh601126,四方股份,2025-09-30 14:00:24,20.33,84500,20.3,U
sh601126,四方股份,2025-09-30 14:00:30,20.34,35100,20.34,D
sh601126,四方股份,2025-09-30 14:00:36,20.33,13400,20.33,D
sh601126,四方股份,2025-09-30 14:00:45,20.3,19300,20.3,D
sh601126,四方股份,2025-09-30 14:00:48,20.3,36700,20.3,D
sh601126,四方股份,2025-09-30 14:00:57,20.31,10600,20.32,D
sh601126,四方股份,2025-09-30 14:01:03,20.3,19500,20.3,D
sh601126,四方股份,2025-09-30 14:01:06,20.3,11800,20.3,D
sh601126,四方股份,2025-09-30 14:01:09,20.3,23500,20.3,D
sh601126,四方股份,2025-09-30 14:01:12,20.29,10900,20.3,D
sh601126,四方股份,2025-09-30 14:01:15,20.31,10700,20.29,U
sh601126,四方股份,2025-09-30 14:01:42,20.28,16400,20.29,D
sh601126,四方股份,2025-09-30 14:02:06,20.28,17100,20.28,U
sh601126,四方股份,2025-09-30 14:02:09,20.28,13500,20.28,D
sh601126,四方股份,2025-09-30 14:02:30,20.31,12900,20.31,U
sh601126,四方股份,2025-09-30 14:02:36,20.31,17300,20.31,D
sh601126,四方股份,2025-09-30 14:02:45,20.33,11300,20.33,U
sh601126,四方股份,2025-09-30 14:02:48,20.34,12900,20.33,U
sh601126,四方股份,2025-09-30 14:03:03,20.34,11400,20.34,D
sh601126,四方股份,2025-09-30 14:03:09,20.35,46400,20.35,U
sh601126,四方股份,2025-09-30 14:03:12,20.35,21100,20.35,U
sh601126,四方股份,2025-09-30 14:03:36,20.38,47200,20.36,U
sh601126,四方股份,2025-09-30 14:03:51,20.38,18800,20.39,D
sh601126,四方股份,2025-09-30 14:04:00,20.38,11400,20.38,U
sh601126,四方股份,2025-09-30 14:04:30,20.36,17100,20.35,U
sh601126,四方股份,2025-09-30 14:04:36,20.37,11600,20.36,U
sh601126,四方股份,2025-09-30 14:04:42,20.36,14800,20.36,D
sh601126,四方股份,2025-09-30 14:04:51,20.36,13000,20.34,U
sh601126,四方股份,2025-09-30 14:05:45,20.33,21400,20.31,U
sh601126,四方股份,2025-09-30 14:05:51,20.35,12400,20.34,U
sh601126,四方股份,2025-09-30 14:06:06,20.34,38600,20.34,U
sh601126,四方股份,2025-09-30 14:06:51,20.34,13500,20.34,D
sh601126,四方股份,2025-09-30 14:07:09,20.31,11900,20.31,D
sh601126,四方股份,2025-09-30 14:07:48,20.3,10100,20.32,D
sh601126,四方股份,2025-09-30 14:08:24,20.3,23200,20.29,U
sh601126,四方股份,2025-09-30 14:09:03,20.3,14000,20.28,U
sh601126,四方股份,2025-09-30 14:09:36,20.33,36811,20.31,U
sh601126,四方股份,2025-09-30 14:09:39,20.34,10400,20.33,U
sh601126,四方股份,2025-09-30 14:09:42,20.3,23400,20.34,D
sh601126,四方股份,2025-09-30 14:09:45,20.34,31200,20.3,U
sh601126,四方股份,2025-09-30 14:09:48,20.34,27900,20.34,D
sh601126,四方股份,2025-09-30 14:09:51,20.34,14200,20.34,U
sh601126,四方股份,2025-09-30 14:10:21,20.33,10100,20.32,U
sh601126,四方股份,2025-09-30 14:11:36,20.28,32400,20.28,U
sh601126,四方股份,2025-09-30 14:12:18,20.29,31000,20.27,U
sh601126,四方股份,2025-09-30 14:13:09,20.29,21000,20.3,D
sh601126,四方股份,2025-09-30 14:13:42,20.29,32500,20.3,D
sh601126,四方股份,2025-09-30 14:13:54,20.29,13700,20.3,D
sh601126,四方股份,2025-09-30 14:14:09,20.28,24000,20.28,D
sh601126,四方股份,2025-09-30 14:14:12,20.27,55500,20.28,D
sh601126,四方股份,2025-09-30 14:14:21,20.29,17400,20.27,U
sh601126,四方股份,2025-09-30 14:14:36,20.27,16700,20.27,D
sh601126,四方股份,2025-09-30 14:14:51,20.27,39400,20.27,U
sh601126,四方股份,2025-09-30 14:15:06,20.28,34900,20.28,D
sh601126,四方股份,2025-09-30 14:15:18,20.3,10000,20.31,D
sh601126,四方股份,2025-09-30 14:15:33,20.3,30500,20.3,U
sh601126,四方股份,2025-09-30 14:15:48,20.27,16600,20.28,D
sh601126,四方股份,2025-09-30 14:16:03,20.25,16000,20.27,D
sh601126,四方股份,2025-09-30 14:16:06,20.27,14000,20.25,U
sh601126,四方股份,2025-09-30 14:16:15,20.25,21000,20.27,D
sh601126,四方股份,2025-09-30 14:16:30,20.25,25000,20.26,D
sh601126,四方股份,2025-09-30 14:16:36,20.25,13100,20.25,D
sh601126,四方股份,2025-09-30 14:16:39,20.24,14200,20.25,D
sh601126,四方股份,2025-09-30 14:16:42,20.24,33100,20.24,D
sh601126,四方股份,2025-09-30 14:16:45,20.22,11600,20.24,D
sh601126,四方股份,2025-09-30 14:16:51,20.24,27200,20.22,U
sh601126,四方股份,2025-09-30 14:17:00,20.24,25800,20.21,U
sh601126,四方股份,2025-09-30 14:17:03,20.27,95600,20.24,U
sh601126,四方股份,2025-09-30 14:17:09,20.23,10300,20.25,D
sh601126,四方股份,2025-09-30 14:17:12,20.23,24200,20.23,D
sh601126,四方股份,2025-09-30 14:17:27,20.25,24700,20.26,D
sh601126,四方股份,2025-09-30 14:17:39,20.23,23100,20.26,D
sh601126,四方股份,2025-09-30 14:17:54,20.24,25000,20.24,D
sh601126,四方股份,2025-09-30 14:18:09,20.25,25100,20.24,U
sh601126,四方股份,2025-09-30 14:18:24,20.23,45500,20.23,D
sh601126,四方股份,2025-09-30 14:18:36,20.2,30800,20.22,D
sh601126,四方股份,2025-09-30 14:18:39,20.2,10600,20.2,U
sh601126,四方股份,2025-09-30 14:18:42,20.21,11300,20.2,U
sh601126,四方股份,2025-09-30 14:18:51,20.19,27000,20.2,D
sh601126,四方股份,2025-09-30 14:19:06,20.2,11600,20.21,D
sh601126,四方股份,2025-09-30 14:19:09,20.21,19300,20.2,U
sh601126,四方股份,2025-09-30 14:19:21,20.21,24500,20.22,D
sh601126,四方股份,2025-09-30 14:19:36,20.24,25100,20.23,U
sh601126,四方股份,2025-09-30 14:20:03,20.21,23800,20.23,D
sh601126,四方股份,2025-09-30 14:20:18,20.2,24000,20.23,D
sh601126,四方股份,2025-09-30 14:20:33,20.21,27300,20.22,D
sh601126,四方股份,2025-09-30 14:20:45,20.21,34500,20.21,D
sh601126,四方股份,2025-09-30 14:21:00,20.2,25000,20.2,D
sh601126,四方股份,2025-09-30 14:21:15,20.21,24600,20.22,D
sh601126,四方股份,2025-09-30 14:21:27,20.2,25000,20.21,D
sh601126,四方股份,2025-09-30 14:21:42,20.19,24700,20.21,D
sh601126,四方股份,2025-09-30 14:21:57,20.19,15300,20.2,D
sh601126,四方股份,2025-09-30 14:22:12,20.19,26200,20.19,U
sh601126,四方股份,2025-09-30 14:22:27,20.18,17100,20.19,D
sh601126,四方股份,2025-09-30 14:22:42,20.17,25100,20.17,D
sh601126,四方股份,2025-09-30 14:22:48,20.2,44000,20.17,U
sh601126,四方股份,2025-09-30 14:22:54,20.2,29700,20.2,U
sh601126,四方股份,2025-09-30 14:23:06,20.2,10800,20.2,U
sh601126,四方股份,2025-09-30 14:23:09,20.19,34900,20.2,D
sh601126,四方股份,2025-09-30 14:23:24,20.2,18200,20.21,D
sh601126,四方股份,2025-09-30 14:23:33,20.24,153200,20.2,U
sh601126,四方股份,2025-09-30 14:23:36,20.25,29300,20.24,U
sh601126,四方股份,2025-09-30 14:23:39,20.24,29600,20.25,D
sh601126,四方股份,2025-09-30 14:23:54,20.24,29600,20.25,D
sh601126,四方股份,2025-09-30 14:24:03,20.23,26100,20.24,D
sh601126,四方股份,2025-09-30 14:24:09,20.24,27200,20.21,U
sh601126,四方股份,2025-09-30 14:24:18,20.23,31700,20.22,U
sh601126,四方股份,2025-09-30 14:24:21,20.23,31300,20.23,D
sh601126,四方股份,2025-09-30 14:24:24,20.23,21600,20.23,D
sh601126,四方股份,2025-09-30 14:24:36,20.22,26600,20.23,D
sh601126,四方股份,2025-09-30 14:24:48,20.19,13300,20.2,D
sh601126,四方股份,2025-09-30 14:24:51,20.2,12600,20.19,D
sh601126,四方股份,2025-09-30 14:25:03,20.21,25900,20.22,D
sh601126,四方股份,2025-09-30 14:25:18,20.22,27000,20.22,U
sh601126,四方股份,2025-09-30 14:25:33,20.2,25000,20.22,D
sh601126,四方股份,2025-09-30 14:25:36,20.21,16600,20.2,U
sh601126,四方股份,2025-09-30 14:25:45,20.24,36400,20.22,U
sh601126,四方股份,2025-09-30 14:25:48,20.24,35700,20.24,D
sh601126,四方股份,2025-09-30 14:26:03,20.24,25400,20.24,U
sh601126,四方股份,2025-09-30 14:26:15,20.22,23400,20.24,D
sh601126,四方股份,2025-09-30 14:26:18,20.21,12200,20.22,D
sh601126,四方股份,2025-09-30 14:26:30,20.24,27600,20.24,U
sh601126,四方股份,2025-09-30 14:26:45,20.24,23200,20.24,U
sh601126,四方股份,2025-09-30 14:26:57,20.23,12600,20.24,D
sh601126,四方股份,2025-09-30 14:27:00,20.24,25900,20.23,U
sh601126,四方股份,2025-09-30 14:27:09,20.25,32300,20.24,U
sh601126,四方股份,2025-09-30 14:27:15,20.23,23600,20.25,D
sh601126,四方股份,2025-09-30 14:27:39,20.24,19500,20.24,U
sh601126,四方股份,2025-09-30 14:27:42,20.27,43900,20.24,U
sh601126,四方股份,2025-09-30 14:27:57,20.24,21300,20.24,D
sh601126,四方股份,2025-09-30 14:28:12,20.23,20400,20.25,D
sh601126,四方股份,2025-09-30 14:28:27,20.22,26400,20.23,D
sh601126,四方股份,2025-09-30 14:28:42,20.22,33800,20.23,D
sh601126,四方股份,2025-09-30 14:28:51,20.23,10300,20.22,U
sh601126,四方股份,2025-09-30 14:28:54,20.23,26200,20.23,D
sh601126,四方股份,2025-09-30 14:29:06,20.22,44300,20.23,D
sh601126,四方股份,2025-09-30 14:29:09,20.21,17100,20.22,D
sh601126,四方股份,2025-09-30 14:29:24,20.2,45300,20.2,D
sh601126,四方股份,2025-09-30 14:29:33,20.2,11900,20.21,D
sh601126,四方股份,2025-09-30 14:29:36,20.2,24700,20.2,D
sh601126,四方股份,2025-09-30 14:29:48,20.2,10000,20.23,D
sh601126,四方股份,2025-09-30 14:29:51,20.2,25500,20.2,D
sh601126,四方股份,2025-09-30 14:30:03,20.23,13000,20.21,U
sh601126,四方股份,2025-09-30 14:30:06,20.24,30100,20.23,U
sh601126,四方股份,2025-09-30 14:30:21,20.22,23800,20.23,D
sh601126,四方股份,2025-09-30 14:30:33,20.21,16800,20.22,D
sh601126,四方股份,2025-09-30 14:30:48,20.2,28100,20.22,D
sh601126,四方股份,2025-09-30 14:31:03,20.2,24800,20.22,D
sh601126,四方股份,2025-09-30 14:31:18,20.2,23400,20.22,D
sh601126,四方股份,2025-09-30 14:31:24,20.2,42500,20.21,D
sh601126,四方股份,2025-09-30 14:31:27,20.19,21400,20.2,D
sh601126,四方股份,2025-09-30 14:31:30,20.2,16600,20.19,U
sh601126,四方股份,2025-09-30 14:31:33,20.2,24500,20.2,U
sh601126,四方股份,2025-09-30 14:31:48,20.2,23500,20.2,D
sh601126,四方股份,2025-09-30 14:32:00,20.19,14200,20.18,E
sh601126,四方股份,2025-09-30 14:32:03,20.17,23600,20.19,D
sh601126,四方股份,2025-09-30 14:32:15,20.17,17600,20.18,D
sh601126,四方股份,2025-09-30 14:32:30,20.17,27600,20.18,D
sh601126,四方股份,2025-09-30 14:32:45,20.18,27400,20.19,D
sh601126,四方股份,2025-09-30 14:32:57,20.18,44500,20.19,D
sh601126,四方股份,2025-09-30 14:33:12,20.2,23600,20.19,U
sh601126,四方股份,2025-09-30 14:33:30,20.18,27700,20.18,D
sh601126,四方股份,2025-09-30 14:33:42,20.18,27700,20.17,U
sh601126,四方股份,2025-09-30 14:33:57,20.16,27300,20.17,D
sh601126,四方股份,2025-09-30 14:34:00,20.16,20100,20.16,D
sh601126,四方股份,2025-09-30 14:34:12,20.14,29800,20.16,D
sh601126,四方股份,2025-09-30 14:34:18,20.14,25800,20.15,D
sh601126,四方股份,2025-09-30 14:34:24,20.14,20700,20.16,D
sh601126,四方股份,2025-09-30 14:34:36,20.18,10000,20.14,U
sh601126,四方股份,2025-09-30 14:34:39,20.15,28800,20.18,D
sh601126,四方股份,2025-09-30 14:34:54,20.13,34200,20.17,D
sh601126,四方股份,2025-09-30 14:35:06,20.12,23600,20.13,D
sh601126,四方股份,2025-09-30 14:35:09,20.12,52400,20.12,D
sh601126,四方股份,2025-09-30 14:35:15,20.11,15300,20.12,D
sh601126,四方股份,2025-09-30 14:35:21,20.1,24700,20.12,D
sh601126,四方股份,2025-09-30 14:35:36,20.1,24800,20.12,D
sh601126,四方股份,2025-09-30 14:35:51,20.1,15400,20.11,D
sh601126,四方股份,2025-09-30 14:36:06,20.09,24300,20.11,D
sh601126,四方股份,2025-09-30 14:36:21,20.07,33600,20.1,D
sh601126,四方股份,2025-09-30 14:36:33,20.08,12900,20.07,E
sh601126,四方股份,2025-09-30 14:36:36,20.07,28700,20.08,D
sh601126,四方股份,2025-09-30 14:36:48,20.08,17600,20.08,D
sh601126,四方股份,2025-09-30 14:36:51,20.09,10000,20.08,E
sh601126,四方股份,2025-09-30 14:37:03,20.07,23600,20.08,D
sh601126,四方股份,2025-09-30 14:37:09,20.08,13800,20.07,U
sh601126,四方股份,2025-09-30 14:37:18,20.08,25100,20.1,D
sh601126,四方股份,2025-09-30 14:37:48,20.1,13700,20.1,D
sh601126,四方股份,2025-09-30 14:38:33,20.13,23300,20.13,D
sh601126,四方股份,2025-09-30 14:39:18,20.14,25700,20.14,U
sh601126,四方股份,2025-09-30 14:40:03,20.19,34200,20.19,U
sh601126,四方股份,2025-09-30 14:40:06,20.18,39700,20.19,D
sh601126,四方股份,2025-09-30 14:40:09,20.18,23100,20.18,D
sh601126,四方股份,2025-09-30 14:40:12,20.16,35000,20.18,E
sh601126,四方股份,2025-09-30 14:40:21,20.15,25500,20.15,D
sh601126,四方股份,2025-09-30 14:41:39,20.16,40000,20.18,D
sh601126,四方股份,2025-09-30 14:42:45,20.18,28500,20.17,U
sh601126,四方股份,2025-09-30 14:43:00,20.18,19200,20.17,U
sh601126,四方股份,2025-09-30 14:43:09,20.19,12700,20.18,U
sh601126,四方股份,2025-09-30 14:43:12,20.21,23700,20.19,U
sh601126,四方股份,2025-09-30 14:43:24,20.21,28600,20.2,U
sh601126,四方股份,2025-09-30 14:43:27,20.21,45200,20.21,E
sh601126,四方股份,2025-09-30 14:43:36,20.19,84400,20.2,D
sh601126,四方股份,2025-09-30 14:43:39,20.18,40400,20.19,D
sh601126,四方股份,2025-09-30 14:43:54,20.18,12900,20.19,D
sh601126,四方股份,2025-09-30 14:44:03,20.19,14400,20.2,D
sh601126,四方股份,2025-09-30 14:44:06,20.2,35900,20.19,U
sh601126,四方股份,2025-09-30 14:44:45,20.2,22200,20.19,U
sh601126,四方股份,2025-09-30 14:45:03,20.21,22300,20.23,D
sh601126,四方股份,2025-09-30 14:45:06,20.21,22200,20.21,D
sh601126,四方股份,2025-09-30 14:45:21,20.2,13000,20.21,D
sh601126,四方股份,2025-09-30 14:45:24,20.2,19700,20.2,D
sh601126,四方股份,2025-09-30 14:45:42,20.2,29900,20.21,D
sh601126,四方股份,2025-09-30 14:45:51,20.19,30300,20.2,D
sh601126,四方股份,2025-09-30 14:45:54,20.2,13900,20.19,U
sh601126,四方股份,2025-09-30 14:46:03,20.2,22700,20.2,D
sh601126,四方股份,2025-09-30 14:46:09,20.2,10300,20.2,D
sh601126,四方股份,2025-09-30 14:46:12,20.2,11300,20.2,D
sh601126,四方股份,2025-09-30 14:46:45,20.23,43100,20.2,U
sh601126,四方股份,2025-09-30 14:46:54,20.2,23200,20.22,D
sh601126,四方股份,2025-09-30 14:47:00,20.22,24400,20.22,D
sh601126,四方股份,2025-09-30 14:47:03,20.23,13200,20.22,U
sh601126,四方股份,2025-09-30 14:47:30,20.22,10500,20.22,D
sh601126,四方股份,2025-09-30 14:47:57,20.22,35400,20.22,U
sh601126,四方股份,2025-09-30 14:48:12,20.24,11500,20.23,U
sh601126,四方股份,2025-09-30 14:48:30,20.25,10300,20.25,U
sh601126,四方股份,2025-09-30 14:48:36,20.21,155600,20.25,D
sh601126,四方股份,2025-09-30 14:49:03,20.24,33600,20.23,U
sh601126,四方股份,2025-09-30 14:49:06,20.22,12200,20.24,D
sh601126,四方股份,2025-09-30 14:49:15,20.22,15200,20.22,D
sh601126,四方股份,2025-09-30 14:49:33,20.23,23900,20.22,U
sh601126,四方股份,2025-09-30 14:49:57,20.25,25400,20.22,U
sh601126,四方股份,2025-09-30 14:50:03,20.21,80000,20.21,D
sh601126,四方股份,2025-09-30 14:50:12,20.2,11000,20.2,D
sh601126,四方股份,2025-09-30 14:50:27,20.21,34100,20.21,D
sh601126,四方股份,2025-09-30 14:50:30,20.21,10600,20.21,D
sh601126,四方股份,2025-09-30 14:50:36,20.22,11000,20.21,U
sh601126,四方股份,2025-09-30 14:50:42,20.23,11000,20.23,U
sh601126,四方股份,2025-09-30 14:50:48,20.22,20600,20.23,D
sh601126,四方股份,2025-09-30 14:51:06,20.21,12200,20.21,D
sh601126,四方股份,2025-09-30 14:51:12,20.21,13300,20.22,D
sh601126,四方股份,2025-09-30 14:51:36,20.21,11900,20.21,D
sh601126,四方股份,2025-09-30 14:52:04,20.22,15800,20.22,U
sh601126,四方股份,2025-09-30 14:52:48,20.19,12300,20.2,D
sh601126,四方股份,2025-09-30 14:53:12,20.21,12500,20.21,D
sh601126,四方股份,2025-09-30 14:53:27,20.21,10400,20.21,D
sh601126,四方股份,2025-09-30 14:53:30,20.2,34000,20.21,D
sh601126,四方股份,2025-09-30 14:53:33,20.2,36400,20.2,D
sh601126,四方股份,2025-09-30 14:53:36,20.21,31500,20.2,U
sh601126,四方股份,2025-09-30 14:53:51,20.2,10400,20.21,D
sh601126,四方股份,2025-09-30 14:54:21,20.22,13100,20.22,U
sh601126,四方股份,2025-09-30 14:54:24,20.22,28800,20.22,U
sh601126,四方股份,2025-09-30 14:54:51,20.22,19900,20.22,U
sh601126,四方股份,2025-09-30 14:55:00,20.22,13700,20.22,U
sh601126,四方股份,2025-09-30 14:55:06,20.22,13800,20.22,U
sh601126,四方股份,2025-09-30 14:55:15,20.21,11900,20.22,D
sh601126,四方股份,2025-09-30 14:55:21,20.22,26500,20.21,U
sh601126,四方股份,2025-09-30 14:55:24,20.22,13900,20.22,U
sh601126,四方股份,2025-09-30 14:55:27,20.2,11000,20.22,D
sh601126,四方股份,2025-09-30 14:55:39,20.21,17800,20.21,U
sh601126,四方股份,2025-09-30 14:56:00,20.2,18900,20.21,D
sh601126,四方股份,2025-09-30 14:56:03,20.18,54100,20.2,D
sh601126,四方股份,2025-09-30 14:56:12,20.14,13000,20.18,D
sh601126,四方股份,2025-09-30 14:56:15,20.17,29100,20.14,E
sh601126,四方股份,2025-09-30 14:56:21,20.18,21500,20.19,D
sh601126,四方股份,2025-09-30 14:56:27,20.18,12100,20.18,D
sh601126,四方股份,2025-09-30 14:56:33,20.18,11200,20.18,D
sh601126,四方股份,2025-09-30 14:56:39,20.19,16200,20.16,U
sh601126,四方股份,2025-09-30 14:56:42,20.18,14900,20.19,D
sh601126,四方股份,2025-09-30 15:00:03,20.19,271619,20.19,U
