symbol,name,ticktime,price,volume,prev_price,kind
sh601126,四方股份,2025-10-21 09:25:00,26.5,600100,0.0,U
sh601126,四方股份,2025-10-21 09:30:01,26.54,129700,26.5,U
sh601126,四方股份,2025-10-21 09:30:04,26.62,36400,26.54,E
sh601126,四方股份,2025-10-21 09:30:06,26.56,175800,26.62,D
sh601126,四方股份,2025-10-21 09:30:10,26.68,170100,26.56,D
sh601126,四方股份,2025-10-21 09:30:13,26.7,44500,26.68,U
sh601126,四方股份,2025-10-21 09:30:16,26.62,111700,26.7,D
sh601126,四方股份,2025-10-21 09:30:19,26.7,95000,26.62,D
sh601126,四方股份,2025-10-21 09:30:22,26.67,112800,26.7,D
sh601126,四方股份,2025-10-21 09:30:25,26.78,99300,26.67,U
sh601126,四方股份,2025-10-21 09:30:27,26.77,50900,26.78,E
sh601126,四方股份,2025-10-21 09:30:31,26.72,65629,26.77,D
sh601126,四方股份,2025-10-21 09:30:34,26.7,70500,26.72,D
sh601126,四方股份,2025-10-21 09:30:37,26.7,107300,26.7,U
sh601126,四方股份,2025-10-21 09:30:39,26.7,107500,26.7,U
sh601126,四方股份,2025-10-21 09:30:43,26.61,101200,26.7,D
sh601126,四方股份,2025-10-21 09:30:46,26.59,50200,26.61,D
sh601126,四方股份,2025-10-21 09:30:49,26.55,137200,26.59,D
sh601126,四方股份,2025-10-21 09:30:52,26.5,46300,26.55,D
sh601126,四方股份,2025-10-21 09:30:55,26.49,222700,26.5,D
sh601126,四方股份,2025-10-21 09:30:58,26.28,19700,26.49,D
sh601126,四方股份,2025-10-21 09:31:01,26.26,73600,26.28,E
sh601126,四方股份,2025-10-21 09:31:04,26.28,43400,26.26,U
sh601126,四方股份,2025-10-21 09:31:07,26.22,74600,26.28,E
sh601126,四方股份,2025-10-21 09:31:10,26.29,68700,26.22,E
sh601126,四方股份,2025-10-21 09:31:13,26.31,58500,26.29,E
sh601126,四方股份,2025-10-21 09:31:16,26.43,25200,26.31,U
sh601126,四方股份,2025-10-21 09:31:19,26.45,43600,26.43,U
sh601126,四方股份,2025-10-21 09:31:22,26.54,58700,26.45,U
sh601126,四方股份,2025-10-21 09:31:25,26.57,109100,26.54,U
sh601126,四方股份,2025-10-21 09:31:28,26.72,36200,26.57,U
sh601126,四方股份,2025-10-21 09:31:31,26.69,44800,26.72,E
sh601126,四方股份,2025-10-21 09:31:34,26.7,25700,26.69,E
sh601126,四方股份,2025-10-21 09:31:37,26.76,30400,26.7,U
sh601126,四方股份,2025-10-21 09:31:40,26.85,32100,26.76,U
sh601126,四方股份,2025-10-21 09:31:43,26.85,32300,26.85,U
sh601126,四方股份,2025-10-21 09:31:46,26.89,29400,26.85,U
sh601126,四方股份,2025-10-21 09:31:49,26.9,46400,26.89,U
sh601126,四方股份,2025-10-21 09:31:52,26.97,87800,26.9,U
sh601126,四方股份,2025-10-21 09:31:55,26.93,45200,26.97,E
sh601126,四方股份,2025-10-21 09:31:58,26.9,245100,26.93,D
sh601126,四方股份,2025-10-21 09:32:01,26.9,176500,26.9,U
sh601126,四方股份,2025-10-21 09:32:04,26.79,88400,26.9,D
sh601126,四方股份,2025-10-21 09:32:07,26.78,44800,26.79,D
sh601126,四方股份,2025-10-21 09:32:10,26.77,53800,26.78,D
sh601126,四方股份,2025-10-21 09:32:13,26.91,255500,26.77,U
sh601126,四方股份,2025-10-21 09:32:16,26.91,120000,26.91,D
sh601126,四方股份,2025-10-21 09:32:19,26.95,57800,26.91,E
sh601126,四方股份,2025-10-21 09:32:22,27.06,257500,26.95,U
sh601126,四方股份,2025-10-21 09:32:25,27.12,73900,27.06,U
sh601126,四方股份,2025-10-21 09:32:28,27.11,41100,27.12,D
sh601126,四方股份,2025-10-21 09:32:31,27.06,67800,27.11,D
sh601126,四方股份,2025-10-21 09:32:34,27.03,104900,27.06,E
sh601126,四方股份,2025-10-21 09:32:37,27.03,88900,27.03,U
sh601126,四方股份,2025-10-21 09:32:40,27.03,216500,27.03,D
sh601126,四方股份,2025-10-21 09:32:43,27.15,147600,27.03,U
sh601126,四方股份,2025-10-21 09:32:46,27.11,53300,27.15,D
sh601126,四方股份,2025-10-21 09:32:49,27.08,86300,27.11,D
sh601126,四方股份,2025-10-21 09:32:52,27.08,165300,27.08,U
sh601126,四方股份,2025-10-21 09:32:55,27.12,134600,27.08,U
sh601126,四方股份,2025-10-21 09:32:58,27.06,75800,27.12,D
sh601126,四方股份,2025-10-21 09:33:01,27.04,71700,27.06,E
sh601126,四方股份,2025-10-21 09:33:04,27.03,146100,27.04,E
sh601126,四方股份,2025-10-21 09:33:07,27.02,132400,27.03,D
sh601126,四方股份,2025-10-21 09:33:10,26.98,60700,27.02,D
sh601126,四方股份,2025-10-21 09:33:13,27.02,191100,26.98,U
sh601126,四方股份,2025-10-21 09:33:16,27.05,163400,27.02,E
sh601126,四方股份,2025-10-21 09:33:19,27.0,55700,27.05,D
sh601126,四方股份,2025-10-21 09:33:22,27.0,93900,27.0,U
sh601126,四方股份,2025-10-21 09:33:25,27.05,96800,27.0,U
sh601126,四方股份,2025-10-21 09:33:28,26.99,24400,27.05,D
sh601126,四方股份,2025-10-21 09:33:31,27.0,33200,26.99,D
sh601126,四方股份,2025-10-21 09:33:34,26.95,161500,27.0,D
sh601126,四方股份,2025-10-21 09:33:37,26.95,29600,26.95,U
sh601126,四方股份,2025-10-21 09:33:40,26.92,25000,26.95,D
sh601126,四方股份,2025-10-21 09:33:43,26.91,71000,26.92,D
sh601126,四方股份,2025-10-21 09:33:46,26.93,66200,26.91,U
sh601126,四方股份,2025-10-21 09:33:49,26.9,36800,26.93,D
sh601126,四方股份,2025-10-21 09:33:52,26.88,38600,26.9,E
sh601126,四方股份,2025-10-21 09:33:55,26.87,71900,26.88,D
sh601126,四方股份,2025-10-21 09:33:58,26.93,33200,26.87,U
sh601126,四方股份,2025-10-21 09:34:01,26.93,14000,26.93,D
sh601126,四方股份,2025-10-21 09:34:04,26.79,155300,26.93,D
sh601126,四方股份,2025-10-21 09:34:07,26.82,97500,26.79,E
sh601126,四方股份,2025-10-21 09:34:10,26.86,45800,26.82,U
sh601126,四方股份,2025-10-21 09:34:13,26.82,76700,26.86,D
sh601126,四方股份,2025-10-21 09:34:16,26.87,10900,26.82,U
sh601126,四方股份,2025-10-21 09:34:19,26.85,23000,26.87,D
sh601126,四方股份,2025-10-21 09:34:22,26.83,30800,26.85,D
sh601126,四方股份,2025-10-21 09:34:25,26.78,63200,26.83,D
sh601126,四方股份,2025-10-21 09:34:28,26.76,58600,26.78,D
sh601126,四方股份,2025-10-21 09:34:31,26.71,20300,26.76,D
sh601126,四方股份,2025-10-21 09:34:34,26.7,13700,26.71,D
sh601126,四方股份,2025-10-21 09:34:37,26.7,61400,26.7,D
sh601126,四方股份,2025-10-21 09:34:40,26.71,21700,26.7,D
sh601126,四方股份,2025-10-21 09:34:43,26.71,21900,26.71,U
sh601126,四方股份,2025-10-21 09:34:46,26.73,82900,26.71,U
sh601126,四方股份,2025-10-21 09:34:49,26.73,28500,26.73,D
sh601126,四方股份,2025-10-21 09:34:52,26.71,28500,26.73,D
sh601126,四方股份,2025-10-21 09:34:55,26.76,23500,26.71,E
sh601126,四方股份,2025-10-21 09:34:58,26.78,19400,26.76,U
sh601126,四方股份,2025-10-21 09:35:01,26.89,62400,26.78,U
sh601126,四方股份,2025-10-21 09:35:04,26.93,57000,26.89,U
sh601126,四方股份,2025-10-21 09:35:07,26.88,55700,26.93,D
sh601126,四方股份,2025-10-21 09:35:10,26.81,197600,26.88,D
sh601126,四方股份,2025-10-21 09:35:13,26.78,63500,26.81,E
sh601126,四方股份,2025-10-21 09:35:16,26.77,111800,26.78,E
sh601126,四方股份,2025-10-21 09:35:19,26.74,86400,26.77,D
sh601126,四方股份,2025-10-21 09:35:22,26.83,172400,26.74,U
sh601126,四方股份,2025-10-21 09:35:25,26.79,65400,26.83,E
sh601126,四方股份,2025-10-21 09:35:28,26.77,28600,26.79,D
sh601126,四方股份,2025-10-21 09:35:31,26.77,68500,26.77,E
sh601126,四方股份,2025-10-21 09:35:34,26.81,91900,26.77,U
sh601126,四方股份,2025-10-21 09:35:37,26.87,68100,26.81,U
sh601126,四方股份,2025-10-21 09:35:40,26.9,181700,26.87,U
sh601126,四方股份,2025-10-21 09:35:43,26.95,68200,26.9,U
sh601126,四方股份,2025-10-21 09:35:46,26.95,29200,26.95,U
sh601126,四方股份,2025-10-21 09:35:49,26.95,27800,26.95,D
sh601126,四方股份,2025-10-21 09:35:52,26.9,102300,26.95,D
sh601126,四方股份,2025-10-21 09:35:55,26.89,32300,26.9,E
sh601126,四方股份,2025-10-21 09:35:58,26.91,29100,26.89,U
sh601126,四方股份,2025-10-21 09:36:01,26.88,72300,26.91,D
sh601126,四方股份,2025-10-21 09:36:04,26.89,45700,26.88,U
sh601126,四方股份,2025-10-21 09:36:07,26.94,64400,26.89,U
sh601126,四方股份,2025-10-21 09:36:10,26.87,33700,26.94,E
sh601126,四方股份,2025-10-21 09:36:13,27.07,169700,26.87,U
sh601126,四方股份,2025-10-21 09:36:16,27.06,47900,27.07,E
sh601126,四方股份,2025-10-21 09:36:19,27.05,31300,27.06,E
sh601126,四方股份,2025-10-21 09:36:22,27.04,176500,27.05,D
sh601126,四方股份,2025-10-21 09:36:25,27.05,129000,27.04,U
sh601126,四方股份,2025-10-21 09:36:28,27.08,40600,27.05,U
sh601126,四方股份,2025-10-21 09:36:31,27.15,193800,27.08,U
sh601126,四方股份,2025-10-21 09:36:34,27.13,74200,27.15,D
sh601126,四方股份,2025-10-21 09:36:37,27.15,140400,27.13,U
sh601126,四方股份,2025-10-21 09:36:40,27.16,52200,27.15,U
sh601126,四方股份,2025-10-21 09:36:43,27.2,134700,27.16,U
sh601126,四方股份,2025-10-21 09:36:46,27.21,86800,27.2,U
sh601126,四方股份,2025-10-21 09:36:49,27.3,191400,27.21,U
sh601126,四方股份,2025-10-21 09:36:52,27.31,85500,27.3,U
sh601126,四方股份,2025-10-21 09:36:55,27.39,48700,27.31,U
sh601126,四方股份,2025-10-21 09:36:58,27.38,73500,27.39,E
sh601126,四方股份,2025-10-21 09:37:01,27.4,131200,27.38,U
sh601126,四方股份,2025-10-21 09:37:04,27.37,117600,27.4,D
sh601126,四方股份,2025-10-21 09:37:07,27.35,67100,27.37,D
sh601126,四方股份,2025-10-21 09:37:10,27.31,121500,27.35,D
sh601126,四方股份,2025-10-21 09:37:13,27.25,57800,27.31,D
sh601126,四方股份,2025-10-21 09:37:16,27.22,81200,27.25,D
sh601126,四方股份,2025-10-21 09:37:19,27.28,90600,27.22,U
sh601126,四方股份,2025-10-21 09:37:22,27.24,86900,27.28,D
sh601126,四方股份,2025-10-21 09:37:25,27.25,84800,27.24,U
sh601126,四方股份,2025-10-21 09:37:28,27.25,129800,27.25,D
sh601126,四方股份,2025-10-21 09:37:31,27.19,73400,27.25,D
sh601126,四方股份,2025-10-21 09:37:34,27.18,18800,27.19,D
sh601126,四方股份,2025-10-21 09:37:37,27.17,66200,27.18,E
sh601126,四方股份,2025-10-21 09:37:40,27.17,40600,27.17,U
sh601126,四方股份,2025-10-21 09:37:43,27.18,54400,27.17,E
sh601126,四方股份,2025-10-21 09:37:46,27.23,123800,27.18,U
sh601126,四方股份,2025-10-21 09:37:49,27.18,168700,27.23,D
sh601126,四方股份,2025-10-21 09:37:52,27.17,118800,27.18,D
sh601126,四方股份,2025-10-21 09:37:55,27.15,73500,27.17,D
sh601126,四方股份,2025-10-21 09:37:58,27.11,31800,27.15,D
sh601126,四方股份,2025-10-21 09:38:01,27.09,15200,27.11,E
sh601126,四方股份,2025-10-21 09:38:04,27.09,31900,27.09,E
sh601126,四方股份,2025-10-21 09:38:07,27.14,43300,27.09,U
sh601126,四方股份,2025-10-21 09:38:10,27.12,7700,27.14,E
sh601126,四方股份,2025-10-21 09:38:13,26.98,127600,27.12,D
sh601126,四方股份,2025-10-21 09:38:16,26.95,37600,26.98,D
sh601126,四方股份,2025-10-21 09:38:19,26.95,25100,26.95,D
sh601126,四方股份,2025-10-21 09:38:22,26.96,15200,26.95,D
sh601126,四方股份,2025-10-21 09:38:25,26.96,18300,26.96,U
sh601126,四方股份,2025-10-21 09:38:28,26.91,113600,26.96,D
sh601126,四方股份,2025-10-21 09:38:31,26.83,31200,26.91,E
sh601126,四方股份,2025-10-21 09:38:34,26.81,45800,26.83,D
sh601126,四方股份,2025-10-21 09:38:37,26.89,45100,26.81,U
sh601126,四方股份,2025-10-21 09:38:40,26.83,16300,26.89,D
sh601126,四方股份,2025-10-21 09:38:43,26.85,8300,26.83,U
sh601126,四方股份,2025-10-21 09:38:46,26.89,44900,26.85,U
sh601126,四方股份,2025-10-21 09:38:49,26.89,17700,26.89,U
sh601126,四方股份,2025-10-21 09:38:52,26.85,18000,26.89,D
sh601126,四方股份,2025-10-21 09:38:55,26.84,75600,26.85,D
sh601126,四方股份,2025-10-21 09:38:58,26.9,86700,26.84,U
sh601126,四方股份,2025-10-21 09:39:01,26.89,17300,26.9,D
sh601126,四方股份,2025-10-21 09:39:04,26.9,28800,26.89,U
sh601126,四方股份,2025-10-21 09:39:07,26.91,12300,26.9,U
sh601126,四方股份,2025-10-21 09:39:10,26.91,10700,26.91,D
sh601126,四方股份,2025-10-21 09:39:13,26.91,14100,26.91,D
sh601126,四方股份,2025-10-21 09:39:16,26.88,144700,26.91,D
sh601126,四方股份,2025-10-21 09:39:19,26.77,135200,26.88,D
sh601126,四方股份,2025-10-21 09:39:22,26.71,26400,26.77,D
sh601126,四方股份,2025-10-21 09:39:25,26.67,99800,26.71,D
sh601126,四方股份,2025-10-21 09:39:28,26.69,12200,26.67,U
sh601126,四方股份,2025-10-21 09:39:31,26.69,19900,26.69,D
sh601126,四方股份,2025-10-21 09:39:34,26.71,20000,26.69,U
sh601126,四方股份,2025-10-21 09:39:37,26.7,28100,26.71,U
sh601126,四方股份,2025-10-21 09:39:40,26.68,83600,26.7,D
sh601126,四方股份,2025-10-21 09:39:43,26.71,19700,26.68,E
sh601126,四方股份,2025-10-21 09:39:46,26.71,21000,26.71,D
sh601126,四方股份,2025-10-21 09:39:49,26.7,13400,26.71,D
sh601126,四方股份,2025-10-21 09:39:52,26.7,48300,26.7,D
sh601126,四方股份,2025-10-21 09:39:55,26.7,16700,26.7,D
sh601126,四方股份,2025-10-21 09:39:58,26.69,31200,26.7,D
sh601126,四方股份,2025-10-21 09:40:04,26.73,15100,26.72,U
sh601126,四方股份,2025-10-21 09:40:07,26.74,30900,26.73,U
sh601126,四方股份,2025-10-21 09:40:10,26.73,10400,26.74,D
sh601126,四方股份,2025-10-21 09:40:16,26.74,15700,26.74,D
sh601126,四方股份,2025-10-21 09:40:19,26.75,26800,26.74,U
sh601126,四方股份,2025-10-21 09:40:22,26.75,47200,26.75,D
sh601126,四方股份,2025-10-21 09:40:25,26.8,83100,26.75,U
sh601126,四方股份,2025-10-21 09:40:28,26.78,39100,26.8,E
sh601126,四方股份,2025-10-21 09:40:31,26.89,77900,26.78,U
sh601126,四方股份,2025-10-21 09:40:34,26.89,48700,26.89,U
sh601126,四方股份,2025-10-21 09:40:37,26.98,64200,26.89,U
sh601126,四方股份,2025-10-21 09:40:40,27.02,48900,26.98,E
sh601126,四方股份,2025-10-21 09:40:43,26.98,17800,27.02,D
sh601126,四方股份,2025-10-21 09:40:46,26.97,44300,26.98,E
sh601126,四方股份,2025-10-21 09:40:49,26.97,52200,26.97,U
sh601126,四方股份,2025-10-21 09:40:52,26.96,57700,26.97,E
sh601126,四方股份,2025-10-21 09:40:55,26.92,13600,26.96,U
sh601126,四方股份,2025-10-21 09:40:58,26.89,9500,26.92,D
sh601126,四方股份,2025-10-21 09:41:01,26.91,41000,26.89,E
sh601126,四方股份,2025-10-21 09:41:04,26.89,9600,26.91,D
sh601126,四方股份,2025-10-21 09:41:07,26.87,47700,26.89,D
sh601126,四方股份,2025-10-21 09:41:10,26.84,17300,26.87,D
sh601126,四方股份,2025-10-21 09:41:13,26.84,27200,26.84,D
sh601126,四方股份,2025-10-21 09:41:16,26.81,10600,26.84,D
sh601126,四方股份,2025-10-21 09:41:22,26.84,97500,26.81,U
sh601126,四方股份,2025-10-21 09:41:28,26.93,12800,26.91,U
sh601126,四方股份,2025-10-21 09:41:34,26.95,12900,26.9,U
sh601126,四方股份,2025-10-21 09:41:37,26.92,7800,26.95,E
sh601126,四方股份,2025-10-21 09:41:43,26.85,24800,26.88,D
sh601126,四方股份,2025-10-21 09:41:46,26.85,9400,26.85,U
sh601126,四方股份,2025-10-21 09:41:49,26.84,18900,26.85,D
sh601126,四方股份,2025-10-21 09:41:52,26.85,9500,26.84,E
sh601126,四方股份,2025-10-21 09:41:55,26.86,39700,26.85,D
sh601126,四方股份,2025-10-21 09:41:58,26.84,20700,26.86,D
sh601126,四方股份,2025-10-21 09:42:07,26.82,17400,26.82,D
sh601126,四方股份,2025-10-21 09:42:10,26.82,20100,26.82,D
sh601126,四方股份,2025-10-21 09:42:13,26.82,7800,26.82,D
sh601126,四方股份,2025-10-21 09:42:19,26.81,25000,26.82,D
sh601126,四方股份,2025-10-21 09:42:25,26.81,13700,26.81,D
sh601126,四方股份,2025-10-21 09:42:28,26.8,40400,26.81,D
sh601126,四方股份,2025-10-21 09:42:31,26.85,80500,26.8,U
sh601126,四方股份,2025-10-21 09:42:34,26.85,74383,26.85,D
sh601126,四方股份,2025-10-21 09:42:37,26.87,13000,26.85,U
sh601126,四方股份,2025-10-21 09:42:43,26.84,17500,26.85,D
sh601126,四方股份,2025-10-21 09:42:49,26.84,26500,26.83,U
sh601126,四方股份,2025-10-21 09:42:52,26.84,24500,26.84,D
sh601126,四方股份,2025-10-21 09:42:55,26.82,11000,26.84,D
sh601126,四方股份,2025-10-21 09:42:58,26.81,13400,26.82,D
sh601126,四方股份,2025-10-21 09:43:04,26.82,11200,26.82,D
sh601126,四方股份,2025-10-21 09:43:10,26.82,18400,26.82,D
sh601126,四方股份,2025-10-21 09:43:13,26.82,45100,26.82,U
sh601126,四方股份,2025-10-21 09:43:16,26.83,16000,26.82,U
sh601126,四方股份,2025-10-21 09:43:19,26.83,9800,26.83,D
sh601126,四方股份,2025-10-21 09:43:25,26.82,16700,26.83,D
sh601126,四方股份,2025-10-21 09:43:34,26.81,18900,26.81,D
sh601126,四方股份,2025-10-21 09:43:37,26.8,19000,26.81,D
sh601126,四方股份,2025-10-21 09:43:40,26.81,60700,26.8,U
sh601126,四方股份,2025-10-21 09:43:43,26.81,18200,26.81,U
sh601126,四方股份,2025-10-21 09:43:46,26.81,25000,26.81,D
sh601126,四方股份,2025-10-21 09:43:49,26.83,20100,26.81,U
sh601126,四方股份,2025-10-21 09:43:52,26.86,10700,26.83,U
sh601126,四方股份,2025-10-21 09:44:01,26.89,9700,26.88,U
sh601126,四方股份,2025-10-21 09:44:04,26.92,11100,26.89,U
sh601126,四方股份,2025-10-21 09:44:07,26.92,10300,26.92,U
sh601126,四方股份,2025-10-21 09:44:10,26.95,13500,26.92,U
sh601126,四方股份,2025-10-21 09:44:16,26.97,12200,26.96,U
sh601126,四方股份,2025-10-21 09:44:19,26.94,20300,26.97,D
sh601126,四方股份,2025-10-21 09:44:22,26.95,9200,26.94,U
sh601126,四方股份,2025-10-21 09:44:25,26.98,12600,26.95,U
sh601126,四方股份,2025-10-21 09:44:28,26.98,13100,26.98,U
sh601126,四方股份,2025-10-21 09:44:31,26.96,9100,26.98,D
sh601126,四方股份,2025-10-21 09:44:34,26.95,26200,26.96,D
sh601126,四方股份,2025-10-21 09:44:37,26.95,18900,26.95,D
sh601126,四方股份,2025-10-21 09:44:40,26.94,33300,26.95,D
sh601126,四方股份,2025-10-21 09:44:43,26.96,25000,26.94,U
sh601126,四方股份,2025-10-21 09:44:46,26.96,36200,26.96,D
sh601126,四方股份,2025-10-21 09:44:49,26.96,10700,26.96,D
sh601126,四方股份,2025-10-21 09:44:52,26.96,64700,26.96,U
sh601126,四方股份,2025-10-21 09:44:58,26.98,9700,26.97,U
sh601126,四方股份,2025-10-21 09:45:01,27.0,10700,26.98,U
sh601126,四方股份,2025-10-21 09:45:04,27.01,28800,27.0,U
sh601126,四方股份,2025-10-21 09:45:07,27.01,11590,27.01,D
sh601126,四方股份,2025-10-21 09:45:10,27.02,18300,27.01,U
sh601126,四方股份,2025-10-21 09:45:13,27.08,13100,27.02,U
sh601126,四方股份,2025-10-21 09:45:16,27.09,10900,27.08,U
sh601126,四方股份,2025-10-21 09:45:19,27.1,12900,27.09,U
sh601126,四方股份,2025-10-21 09:45:22,27.11,37600,27.1,U
sh601126,四方股份,2025-10-21 09:45:25,27.13,23500,27.11,U
sh601126,四方股份,2025-10-21 09:45:28,27.12,24400,27.13,D
sh601126,四方股份,2025-10-21 09:45:31,27.1,53900,27.12,D
sh601126,四方股份,2025-10-21 09:45:34,27.09,85400,27.1,D
sh601126,四方股份,2025-10-21 09:45:37,27.08,71100,27.09,D
sh601126,四方股份,2025-10-21 09:45:40,27.06,24500,27.08,D
sh601126,四方股份,2025-10-21 09:45:43,27.05,46500,27.06,D
sh601126,四方股份,2025-10-21 09:45:46,26.99,20900,27.05,D
sh601126,四方股份,2025-10-21 09:45:49,27.01,13800,26.99,U
sh601126,四方股份,2025-10-21 09:45:52,27.0,8600,27.01,D
sh601126,四方股份,2025-10-21 09:45:55,27.0,12200,27.0,D
sh601126,四方股份,2025-10-21 09:45:58,27.03,19500,27.0,U
sh601126,四方股份,2025-10-21 09:46:01,27.01,7900,27.03,U
sh601126,四方股份,2025-10-21 09:46:04,27.0,30400,27.01,U
sh601126,四方股份,2025-10-21 09:46:07,26.99,29400,27.0,D
sh601126,四方股份,2025-10-21 09:46:13,26.99,21800,26.94,U
sh601126,四方股份,2025-10-21 09:46:16,26.92,17600,26.99,D
sh601126,四方股份,2025-10-21 09:46:19,26.94,22300,26.92,D
sh601126,四方股份,2025-10-21 09:46:22,26.98,15900,26.94,E
sh601126,四方股份,2025-10-21 09:46:31,26.95,24800,26.94,U
sh601126,四方股份,2025-10-21 09:46:34,26.97,16600,26.95,D
sh601126,四方股份,2025-10-21 09:46:40,26.98,13200,26.98,U
sh601126,四方股份,2025-10-21 09:46:46,26.98,24800,26.96,U
sh601126,四方股份,2025-10-21 09:46:49,27.06,167600,26.98,U
sh601126,四方股份,2025-10-21 09:46:52,27.07,33000,27.06,U
sh601126,四方股份,2025-10-21 09:46:55,27.05,16100,27.07,D
sh601126,四方股份,2025-10-21 09:46:58,27.08,18000,27.05,U
sh601126,四方股份,2025-10-21 09:47:01,27.09,19100,27.08,U
sh601126,四方股份,2025-10-21 09:47:04,27.09,7500,27.09,U
sh601126,四方股份,2025-10-21 09:47:07,27.09,39600,27.09,U
sh601126,四方股份,2025-10-21 09:47:10,27.09,21400,27.09,U
sh601126,四方股份,2025-10-21 09:47:13,27.13,69100,27.09,U
sh601126,四方股份,2025-10-21 09:47:16,27.2,50200,27.13,U
sh601126,四方股份,2025-10-21 09:47:19,27.18,17100,27.2,D
sh601126,四方股份,2025-10-21 09:47:25,27.15,14700,27.15,D
sh601126,四方股份,2025-10-21 09:47:28,27.11,26200,27.15,D
sh601126,四方股份,2025-10-21 09:47:31,27.11,33500,27.11,D
sh601126,四方股份,2025-10-21 09:47:34,27.11,34300,27.11,U
sh601126,四方股份,2025-10-21 09:47:37,27.1,13300,27.11,D
sh601126,四方股份,2025-10-21 09:47:40,27.1,25200,27.1,D
sh601126,四方股份,2025-10-21 09:47:43,27.11,29500,27.1,U
sh601126,四方股份,2025-10-21 09:47:46,27.1,58700,27.11,D
sh601126,四方股份,2025-10-21 09:47:49,27.1,22000,27.1,D
sh601126,四方股份,2025-10-21 09:47:55,27.08,17500,27.1,D
sh601126,四方股份,2025-10-21 09:47:58,27.06,20500,27.08,D
sh601126,四方股份,2025-10-21 09:48:04,27.08,27600,27.05,U
sh601126,四方股份,2025-10-21 09:48:07,27.08,51800,27.08,U
sh601126,四方股份,2025-10-21 09:48:10,27.08,88000,27.08,D
sh601126,四方股份,2025-10-21 09:48:13,27.09,17800,27.08,U
sh601126,四方股份,2025-10-21 09:48:16,27.07,24800,27.09,D
sh601126,四方股份,2025-10-21 09:48:19,27.07,9000,27.07,U
sh601126,四方股份,2025-10-21 09:48:22,27.07,8400,27.07,D
sh601126,四方股份,2025-10-21 09:48:25,27.07,9100,27.07,D
sh601126,四方股份,2025-10-21 09:48:34,27.08,20600,27.06,U
sh601126,四方股份,2025-10-21 09:48:37,27.09,31200,27.08,U
sh601126,四方股份,2025-10-21 09:48:40,27.09,29800,27.09,U
sh601126,四方股份,2025-10-21 09:48:43,27.09,9900,27.09,U
sh601126,四方股份,2025-10-21 09:48:49,27.09,40400,27.08,U
sh601126,四方股份,2025-10-21 09:48:52,27.08,18400,27.09,D
sh601126,四方股份,2025-10-21 09:48:55,27.08,10900,27.08,U
sh601126,四方股份,2025-10-21 09:48:58,27.08,16000,27.08,U
sh601126,四方股份,2025-10-21 09:49:01,27.08,9100,27.08,D
sh601126,四方股份,2025-10-21 09:49:04,27.07,9900,27.08,D
sh601126,四方股份,2025-10-21 09:49:10,27.05,13500,27.07,D
sh601126,四方股份,2025-10-21 09:49:13,27.02,14800,27.05,D
sh601126,四方股份,2025-10-21 09:49:16,27.0,20000,27.02,D
sh601126,四方股份,2025-10-21 09:49:19,26.96,45600,27.0,D
sh601126,四方股份,2025-10-21 09:49:22,26.97,10000,26.96,E
sh601126,四方股份,2025-10-21 09:49:25,26.96,14200,26.97,D
sh601126,四方股份,2025-10-21 09:49:31,26.92,56800,26.95,D
sh601126,四方股份,2025-10-21 09:49:34,26.94,8600,26.92,E
sh601126,四方股份,2025-10-21 09:49:37,26.94,70900,26.94,D
sh601126,四方股份,2025-10-21 09:49:40,26.93,23300,26.94,E
sh601126,四方股份,2025-10-21 09:49:43,26.94,27800,26.93,U
sh601126,四方股份,2025-10-21 09:49:46,26.94,10200,26.94,U
sh601126,四方股份,2025-10-21 09:49:49,26.95,9000,26.94,U
sh601126,四方股份,2025-10-21 09:49:52,26.94,26900,26.95,D
sh601126,四方股份,2025-10-21 09:49:54,26.92,10000,26.94,D
sh601126,四方股份,2025-10-21 09:49:58,26.91,49100,26.92,D
sh601126,四方股份,2025-10-21 09:50:01,26.92,28800,26.91,U
sh601126,四方股份,2025-10-21 09:50:04,26.93,11400,26.92,U
sh601126,四方股份,2025-10-21 09:50:07,26.94,17700,26.93,U
sh601126,四方股份,2025-10-21 09:50:10,26.94,16400,26.94,D
sh601126,四方股份,2025-10-21 09:50:13,26.97,8900,26.94,U
sh601126,四方股份,2025-10-21 09:50:19,26.98,9900,26.98,U
sh601126,四方股份,2025-10-21 09:50:22,26.97,9800,26.98,D
sh601126,四方股份,2025-10-21 09:50:25,26.96,8600,26.97,D
sh601126,四方股份,2025-10-21 09:50:28,26.96,26900,26.96,D
sh601126,四方股份,2025-10-21 09:50:31,26.96,11900,26.96,D
sh601126,四方股份,2025-10-21 09:50:34,26.99,11300,26.96,E
sh601126,四方股份,2025-10-21 09:50:37,26.99,34500,26.99,D
sh601126,四方股份,2025-10-21 09:50:43,26.99,20800,26.97,U
sh601126,四方股份,2025-10-21 09:50:52,27.0,14000,27.01,D
sh601126,四方股份,2025-10-21 09:50:55,27.0,7500,27.0,D
sh601126,四方股份,2025-10-21 09:50:58,27.0,22000,27.0,D
sh601126,四方股份,2025-10-21 09:51:01,27.0,27300,27.0,U
sh601126,四方股份,2025-10-21 09:51:04,27.03,18800,27.0,U
sh601126,四方股份,2025-10-21 09:51:13,27.05,14200,27.02,U
sh601126,四方股份,2025-10-21 09:51:22,27.07,8400,27.06,U
sh601126,四方股份,2025-10-21 09:51:31,27.04,20100,27.08,D
sh601126,四方股份,2025-10-21 09:51:34,27.04,20500,27.04,U
sh601126,四方股份,2025-10-21 09:51:37,27.04,27300,27.04,U
sh601126,四方股份,2025-10-21 09:51:43,27.04,51000,27.06,D
sh601126,四方股份,2025-10-21 09:51:46,27.03,21500,27.04,D
sh601126,四方股份,2025-10-21 09:51:49,27.0,27900,27.03,D
sh601126,四方股份,2025-10-21 09:51:52,27.0,21900,27.0,U
sh601126,四方股份,2025-10-21 09:51:55,27.0,15200,27.0,D
sh601126,四方股份,2025-10-21 09:51:58,27.0,29300,27.0,U
sh601126,四方股份,2025-10-21 09:52:01,27.0,12800,27.0,D
sh601126,四方股份,2025-10-21 09:52:04,27.0,25600,27.0,D
sh601126,四方股份,2025-10-21 09:52:07,27.0,26800,27.0,U
sh601126,四方股份,2025-10-21 09:52:10,26.96,12700,27.0,D
sh601126,四方股份,2025-10-21 09:52:16,26.93,12000,26.93,D
sh601126,四方股份,2025-10-21 09:52:19,26.91,15800,26.93,D
sh601126,四方股份,2025-10-21 09:52:22,26.9,18500,26.91,D
sh601126,四方股份,2025-10-21 09:52:25,26.9,26700,26.9,D
sh601126,四方股份,2025-10-21 09:52:28,26.88,29900,26.9,D
sh601126,四方股份,2025-10-21 09:52:34,26.87,31700,26.88,E
sh601126,四方股份,2025-10-21 09:52:37,26.88,13500,26.87,U
sh601126,四方股份,2025-10-21 09:52:40,26.88,13700,26.88,U
sh601126,四方股份,2025-10-21 09:52:43,26.87,33600,26.88,D
sh601126,四方股份,2025-10-21 09:52:46,26.85,10500,26.87,D
sh601126,四方股份,2025-10-21 09:52:49,26.87,7900,26.85,U
sh601126,四方股份,2025-10-21 09:52:52,26.85,33100,26.87,D
sh601126,四方股份,2025-10-21 09:53:01,26.83,11100,26.85,D
sh601126,四方股份,2025-10-21 09:53:04,26.82,9000,26.83,D
sh601126,四方股份,2025-10-21 09:53:07,26.81,10800,26.82,D
sh601126,四方股份,2025-10-21 09:53:10,26.81,9800,26.81,D
sh601126,四方股份,2025-10-21 09:53:13,26.8,39100,26.81,D
sh601126,四方股份,2025-10-21 09:53:16,26.81,13800,26.8,U
sh601126,四方股份,2025-10-21 09:53:19,26.81,23000,26.81,U
sh601126,四方股份,2025-10-21 09:53:22,26.79,31400,26.81,D
sh601126,四方股份,2025-10-21 09:53:25,26.79,72000,26.79,U
sh601126,四方股份,2025-10-21 09:53:28,26.76,61100,26.79,D
sh601126,四方股份,2025-10-21 09:53:31,26.76,10900,26.76,D
sh601126,四方股份,2025-10-21 09:53:37,26.76,9700,26.77,D
sh601126,四方股份,2025-10-21 09:53:43,26.74,37700,26.76,D
sh601126,四方股份,2025-10-21 09:53:46,26.75,7500,26.74,U
sh601126,四方股份,2025-10-21 09:53:49,26.74,7700,26.75,D
sh601126,四方股份,2025-10-21 09:53:52,26.75,48600,26.74,U
sh601126,四方股份,2025-10-21 09:53:55,26.8,53100,26.75,U
sh601126,四方股份,2025-10-21 09:54:04,26.8,13000,26.8,U
sh601126,四方股份,2025-10-21 09:54:07,26.8,10500,26.8,U
sh601126,四方股份,2025-10-21 09:54:16,26.81,17600,26.81,D
sh601126,四方股份,2025-10-21 09:54:19,26.8,9700,26.81,D
sh601126,四方股份,2025-10-21 09:54:22,26.78,11600,26.8,D
sh601126,四方股份,2025-10-21 09:54:28,26.78,7700,26.78,D
sh601126,四方股份,2025-10-21 09:54:34,26.78,17700,26.77,U
sh601126,四方股份,2025-10-21 09:54:37,26.77,21300,26.78,D
sh601126,四方股份,2025-10-21 09:54:40,26.78,96200,26.77,U
sh601126,四方股份,2025-10-21 09:54:43,26.78,18200,26.78,D
sh601126,四方股份,2025-10-21 09:54:49,26.76,48600,26.8,D
sh601126,四方股份,2025-10-21 09:55:01,26.78,20000,26.8,D
sh601126,四方股份,2025-10-21 09:55:04,26.78,9100,26.78,D
sh601126,四方股份,2025-10-21 09:55:07,26.78,13300,26.78,D
sh601126,四方股份,2025-10-21 09:55:10,26.76,9500,26.78,D
sh601126,四方股份,2025-10-21 09:55:13,26.76,7600,26.76,D
sh601126,四方股份,2025-10-21 09:55:16,26.75,22500,26.76,D
sh601126,四方股份,2025-10-21 09:55:19,26.74,14600,26.75,D
sh601126,四方股份,2025-10-21 09:55:22,26.71,40800,26.74,D
sh601126,四方股份,2025-10-21 09:55:25,26.71,13600,26.71,D
sh601126,四方股份,2025-10-21 09:55:28,26.71,62600,26.71,E
sh601126,四方股份,2025-10-21 09:55:31,26.71,46000,26.71,U
sh601126,四方股份,2025-10-21 09:55:34,26.71,12700,26.71,D
sh601126,四方股份,2025-10-21 09:55:37,26.71,20200,26.71,D
sh601126,四方股份,2025-10-21 09:55:40,26.71,38200,26.71,D
sh601126,四方股份,2025-10-21 09:55:43,26.7,35300,26.71,D
sh601126,四方股份,2025-10-21 09:55:46,26.7,30500,26.7,U
sh601126,四方股份,2025-10-21 09:55:49,26.7,57300,26.7,U
sh601126,四方股份,2025-10-21 09:55:52,26.66,51500,26.7,D
sh601126,四方股份,2025-10-21 09:55:55,26.68,11800,26.66,D
sh601126,四方股份,2025-10-21 09:56:01,26.7,26800,26.68,U
sh601126,四方股份,2025-10-21 09:56:04,26.69,16200,26.7,D
sh601126,四方股份,2025-10-21 09:56:07,26.71,42900,26.69,U
sh601126,四方股份,2025-10-21 09:56:10,26.73,28300,26.71,U
sh601126,四方股份,2025-10-21 09:56:19,26.76,9500,26.75,E
sh601126,四方股份,2025-10-21 09:56:25,26.71,16900,26.78,D
sh601126,四方股份,2025-10-21 09:56:31,26.68,50500,26.73,D
sh601126,四方股份,2025-10-21 09:56:34,26.7,20100,26.68,E
sh601126,四方股份,2025-10-21 09:56:37,26.69,30400,26.7,E
sh601126,四方股份,2025-10-21 09:56:46,26.66,8700,26.67,D
sh601126,四方股份,2025-10-21 09:56:49,26.64,9900,26.66,D
sh601126,四方股份,2025-10-21 09:56:52,26.62,13000,26.64,D
sh601126,四方股份,2025-10-21 09:56:55,26.62,37900,26.62,D
sh601126,四方股份,2025-10-21 09:56:58,26.62,14700,26.62,U
sh601126,四方股份,2025-10-21 09:57:01,26.6,25800,26.62,E
sh601126,四方股份,2025-10-21 09:57:04,26.61,19100,26.6,E
sh601126,四方股份,2025-10-21 09:57:07,26.62,27300,26.61,U
sh601126,四方股份,2025-10-21 09:57:10,26.59,45200,26.62,D
sh601126,四方股份,2025-10-21 09:57:13,26.59,84500,26.59,U
sh601126,四方股份,2025-10-21 09:57:16,26.5,74100,26.59,D
sh601126,四方股份,2025-10-21 09:57:19,26.5,36000,26.5,D
sh601126,四方股份,2025-10-21 09:57:22,26.5,26400,26.5,D
sh601126,四方股份,2025-10-21 09:57:25,26.49,21900,26.5,D
sh601126,四方股份,2025-10-21 09:57:28,26.49,24100,26.49,U
sh601126,四方股份,2025-10-21 09:57:31,26.53,48600,26.49,U
sh601126,四方股份,2025-10-21 09:57:34,26.5,42900,26.53,D
sh601126,四方股份,2025-10-21 09:57:40,26.54,26100,26.54,D
sh601126,四方股份,2025-10-21 09:57:42,26.53,8300,26.54,E
sh601126,四方股份,2025-10-21 09:57:46,26.53,14200,26.53,D
sh601126,四方股份,2025-10-21 09:57:52,26.54,14500,26.53,U
sh601126,四方股份,2025-10-21 09:57:55,26.54,9000,26.54,D
sh601126,四方股份,2025-10-21 09:57:58,26.53,7800,26.54,D
sh601126,四方股份,2025-10-21 09:58:01,26.56,9700,26.53,U
sh601126,四方股份,2025-10-21 09:58:04,26.55,8200,26.56,E
sh601126,四方股份,2025-10-21 09:58:07,26.56,13250,26.55,U
sh601126,四方股份,2025-10-21 09:58:10,26.56,10300,26.56,D
sh601126,四方股份,2025-10-21 09:58:16,26.59,7600,26.59,U
sh601126,四方股份,2025-10-21 09:58:19,26.68,91900,26.59,U
sh601126,四方股份,2025-10-21 09:58:22,26.64,14200,26.68,D
sh601126,四方股份,2025-10-21 09:58:28,26.7,55900,26.68,U
sh601126,四方股份,2025-10-21 09:58:31,26.66,8600,26.7,D
sh601126,四方股份,2025-10-21 09:58:34,26.68,15500,26.66,U
sh601126,四方股份,2025-10-21 09:58:37,26.68,9700,26.68,U
sh601126,四方股份,2025-10-21 09:58:43,26.65,8400,26.67,D
sh601126,四方股份,2025-10-21 09:58:46,26.65,20300,26.65,U
sh601126,四方股份,2025-10-21 09:58:49,26.59,28200,26.65,D
sh601126,四方股份,2025-10-21 09:58:52,26.65,99800,26.59,U
sh601126,四方股份,2025-10-21 09:59:04,26.64,19800,26.61,U
sh601126,四方股份,2025-10-21 09:59:10,26.63,60000,26.63,U
sh601126,四方股份,2025-10-21 09:59:13,26.6,9200,26.63,D
sh601126,四方股份,2025-10-21 09:59:19,26.6,14600,26.61,D
sh601126,四方股份,2025-10-21 09:59:22,26.6,9800,26.6,U
sh601126,四方股份,2025-10-21 09:59:25,26.59,9300,26.6,D
sh601126,四方股份,2025-10-21 09:59:28,26.59,39200,26.59,D
sh601126,四方股份,2025-10-21 09:59:31,26.58,33000,26.59,D
sh601126,四方股份,2025-10-21 09:59:37,26.57,14300,26.57,D
sh601126,四方股份,2025-10-21 09:59:40,26.56,9200,26.57,D
sh601126,四方股份,2025-10-21 09:59:46,26.54,24500,26.56,D
sh601126,四方股份,2025-10-21 09:59:49,26.55,52400,26.54,U
sh601126,四方股份,2025-10-21 09:59:52,26.55,9100,26.55,D
sh601126,四方股份,2025-10-21 09:59:55,26.55,35900,26.55,D
sh601126,四方股份,2025-10-21 09:59:58,26.55,17500,26.55,D
sh601126,四方股份,2025-10-21 10:00:01,26.56,23900,26.55,D
sh601126,四方股份,2025-10-21 10:00:07,26.55,33000,26.56,D
sh601126,四方股份,2025-10-21 10:00:10,26.55,68800,26.55,D
sh601126,四方股份,2025-10-21 10:00:16,26.57,10600,26.55,U
sh601126,四方股份,2025-10-21 10:00:19,26.58,12000,26.57,E
sh601126,四方股份,2025-10-21 10:00:25,26.56,8100,26.57,D
sh601126,四方股份,2025-10-21 10:00:31,26.58,16800,26.6,D
sh601126,四方股份,2025-10-21 10:00:34,26.58,18200,26.58,D
sh601126,四方股份,2025-10-21 10:00:37,26.57,17100,26.58,D
sh601126,四方股份,2025-10-21 10:00:43,26.58,10600,26.56,U
sh601126,四方股份,2025-10-21 10:01:01,26.58,9200,26.58,U
sh601126,四方股份,2025-10-21 10:01:04,26.57,21900,26.58,D
sh601126,四方股份,2025-10-21 10:01:07,26.58,18700,26.57,D
sh601126,四方股份,2025-10-21 10:01:10,26.57,11800,26.58,D
sh601126,四方股份,2025-10-21 10:01:13,26.52,71100,26.57,D
sh601126,四方股份,2025-10-21 10:01:16,26.51,35400,26.52,D
sh601126,四方股份,2025-10-21 10:01:25,26.53,14400,26.54,D
sh601126,四方股份,2025-10-21 10:01:28,26.5,33400,26.53,D
sh601126,四方股份,2025-10-21 10:01:31,26.5,39400,26.5,D
sh601126,四方股份,2025-10-21 10:01:34,26.51,12000,26.5,U
sh601126,四方股份,2025-10-21 10:01:37,26.53,42300,26.51,U
sh601126,四方股份,2025-10-21 10:01:40,26.53,28800,26.53,U
sh601126,四方股份,2025-10-21 10:01:43,26.53,20200,26.53,D
sh601126,四方股份,2025-10-21 10:01:49,26.55,12500,26.54,U
sh601126,四方股份,2025-10-21 10:01:58,26.55,20000,26.54,U
sh601126,四方股份,2025-10-21 10:02:01,26.52,33500,26.55,D
sh601126,四方股份,2025-10-21 10:02:04,26.56,9300,26.52,U
sh601126,四方股份,2025-10-21 10:02:07,26.55,41900,26.56,E
sh601126,四方股份,2025-10-21 10:02:10,26.57,34500,26.55,U
sh601126,四方股份,2025-10-21 10:02:13,26.6,17300,26.57,U
sh601126,四方股份,2025-10-21 10:02:25,26.6,34300,26.59,U
sh601126,四方股份,2025-10-21 10:02:31,26.6,19100,26.61,D
sh601126,四方股份,2025-10-21 10:02:40,26.58,47800,26.56,U
sh601126,四方股份,2025-10-21 10:02:43,26.58,7700,26.58,U
sh601126,四方股份,2025-10-21 10:02:46,26.59,46500,26.58,E
sh601126,四方股份,2025-10-21 10:02:49,26.62,16500,26.59,U
sh601126,四方股份,2025-10-21 10:02:55,26.61,7600,26.62,D
sh601126,四方股份,2025-10-21 10:03:01,26.62,9600,26.62,D
sh601126,四方股份,2025-10-21 10:03:07,26.59,68700,26.61,D
sh601126,四方股份,2025-10-21 10:03:10,26.57,16100,26.59,D
sh601126,四方股份,2025-10-21 10:03:16,26.55,25900,26.56,D
sh601126,四方股份,2025-10-21 10:03:19,26.55,23100,26.55,D
sh601126,四方股份,2025-10-21 10:03:22,26.54,8200,26.55,D
sh601126,四方股份,2025-10-21 10:03:25,26.59,126200,26.54,U
sh601126,四方股份,2025-10-21 10:03:28,26.6,7600,26.59,U
sh601126,四方股份,2025-10-21 10:03:46,26.64,15800,26.62,U
sh601126,四方股份,2025-10-21 10:04:04,26.72,17800,26.69,U
sh601126,四方股份,2025-10-21 10:04:13,26.75,35400,26.72,U
sh601126,四方股份,2025-10-21 10:04:16,26.77,20000,26.75,U
sh601126,四方股份,2025-10-21 10:04:19,26.77,10400,26.77,D
sh601126,四方股份,2025-10-21 10:04:22,26.8,35700,26.77,U
sh601126,四方股份,2025-10-21 10:04:28,26.77,7800,26.78,D
sh601126,四方股份,2025-10-21 10:04:34,26.75,41500,26.76,E
sh601126,四方股份,2025-10-21 10:04:37,26.81,20600,26.75,U
sh601126,四方股份,2025-10-21 10:04:43,26.81,11500,26.81,U
sh601126,四方股份,2025-10-21 10:04:46,26.82,58600,26.81,U
sh601126,四方股份,2025-10-21 10:04:49,26.88,42300,26.82,U
sh601126,四方股份,2025-10-21 10:04:52,26.88,44100,26.88,E
sh601126,四方股份,2025-10-21 10:04:55,26.86,16400,26.88,D
sh601126,四方股份,2025-10-21 10:04:58,26.86,9500,26.86,D
sh601126,四方股份,2025-10-21 10:05:01,26.95,26400,26.86,U
sh601126,四方股份,2025-10-21 10:05:04,26.88,10600,26.95,D
sh601126,四方股份,2025-10-21 10:05:07,26.87,7700,26.88,E
sh601126,四方股份,2025-10-21 10:05:10,26.86,14500,26.87,E
sh601126,四方股份,2025-10-21 10:05:13,26.87,15800,26.86,U
sh601126,四方股份,2025-10-21 10:05:16,26.88,24100,26.87,U
sh601126,四方股份,2025-10-21 10:05:19,26.92,21000,26.88,E
sh601126,四方股份,2025-10-21 10:05:22,26.89,20400,26.92,D
sh601126,四方股份,2025-10-21 10:05:25,26.88,17300,26.89,D
sh601126,四方股份,2025-10-21 10:05:28,26.87,25000,26.88,D
sh601126,四方股份,2025-10-21 10:05:31,26.86,10600,26.87,E
sh601126,四方股份,2025-10-21 10:05:34,26.85,18700,26.86,E
sh601126,四方股份,2025-10-21 10:05:37,26.84,31300,26.85,D
sh601126,四方股份,2025-10-21 10:05:40,26.84,16500,26.84,U
sh601126,四方股份,2025-10-21 10:05:43,26.88,38000,26.84,U
sh601126,四方股份,2025-10-21 10:05:46,26.87,12500,26.88,U
sh601126,四方股份,2025-10-21 10:05:49,26.86,88100,26.87,E
sh601126,四方股份,2025-10-21 10:05:52,26.86,10300,26.86,U
sh601126,四方股份,2025-10-21 10:05:55,26.84,54500,26.86,D
sh601126,四方股份,2025-10-21 10:05:58,26.84,9400,26.84,U
sh601126,四方股份,2025-10-21 10:06:01,26.83,7600,26.84,D
sh601126,四方股份,2025-10-21 10:06:04,26.78,25400,26.83,D
sh601126,四方股份,2025-10-21 10:06:07,26.81,37600,26.78,U
sh601126,四方股份,2025-10-21 10:06:10,26.77,10400,26.81,D
sh601126,四方股份,2025-10-21 10:06:13,26.73,10400,26.77,E
sh601126,四方股份,2025-10-21 10:06:16,26.74,221100,26.73,E
sh601126,四方股份,2025-10-21 10:06:19,26.76,68300,26.74,U
sh601126,四方股份,2025-10-21 10:06:22,26.79,17300,26.76,E
sh601126,四方股份,2025-10-21 10:06:25,26.77,30300,26.79,D
sh601126,四方股份,2025-10-21 10:06:28,26.79,26200,26.77,U
sh601126,四方股份,2025-10-21 10:06:31,26.76,8800,26.79,D
sh601126,四方股份,2025-10-21 10:06:37,26.76,8500,26.76,U
sh601126,四方股份,2025-10-21 10:06:40,26.76,8800,26.76,D
sh601126,四方股份,2025-10-21 10:06:49,26.78,34800,26.78,U
sh601126,四方股份,2025-10-21 10:06:52,26.8,11700,26.78,U
sh601126,四方股份,2025-10-21 10:06:55,26.81,10700,26.8,U
sh601126,四方股份,2025-10-21 10:07:04,26.82,9500,26.78,U
sh601126,四方股份,2025-10-21 10:07:07,26.83,11200,26.82,U
sh601126,四方股份,2025-10-21 10:07:10,26.85,8900,26.83,U
sh601126,四方股份,2025-10-21 10:07:16,26.86,15100,26.85,U
sh601126,四方股份,2025-10-21 10:07:19,26.84,31400,26.86,D
sh601126,四方股份,2025-10-21 10:07:22,26.85,11500,26.84,D
sh601126,四方股份,2025-10-21 10:07:25,26.83,63900,26.85,D
sh601126,四方股份,2025-10-21 10:07:28,26.85,17200,26.83,U
sh601126,四方股份,2025-10-21 10:07:37,26.9,20000,26.88,E
sh601126,四方股份,2025-10-21 10:07:40,26.89,69500,26.9,E
sh601126,四方股份,2025-10-21 10:07:43,26.93,16000,26.89,U
sh601126,四方股份,2025-10-21 10:07:46,26.91,17500,26.93,D
sh601126,四方股份,2025-10-21 10:07:52,26.97,95300,26.93,U
sh601126,四方股份,2025-10-21 10:07:55,27.0,23600,26.97,U
sh601126,四方股份,2025-10-21 10:07:58,27.0,138000,27.0,U
sh601126,四方股份,2025-10-21 10:08:01,27.05,70600,27.0,E
sh601126,四方股份,2025-10-21 10:08:04,27.1,109300,27.05,U
sh601126,四方股份,2025-10-21 10:08:07,27.1,26300,27.1,E
sh601126,四方股份,2025-10-21 10:08:10,27.1,69100,27.1,U
sh601126,四方股份,2025-10-21 10:08:13,27.12,34040,27.1,U
sh601126,四方股份,2025-10-21 10:08:16,27.19,47700,27.12,U
sh601126,四方股份,2025-10-21 10:08:19,27.08,32700,27.19,E
sh601126,四方股份,2025-10-21 10:08:22,27.08,82200,27.08,D
sh601126,四方股份,2025-10-21 10:08:25,27.09,87460,27.08,U
sh601126,四方股份,2025-10-21 10:08:28,27.09,73000,27.09,D
sh601126,四方股份,2025-10-21 10:08:31,27.09,88000,27.09,D
sh601126,四方股份,2025-10-21 10:08:34,27.03,76700,27.09,D
sh601126,四方股份,2025-10-21 10:08:37,27.04,59500,27.03,U
sh601126,四方股份,2025-10-21 10:08:40,27.15,22300,27.04,E
sh601126,四方股份,2025-10-21 10:08:43,27.09,68400,27.15,D
sh601126,四方股份,2025-10-21 10:08:46,27.14,16500,27.09,E
sh601126,四方股份,2025-10-21 10:08:49,27.1,21000,27.14,D
sh601126,四方股份,2025-10-21 10:08:52,27.14,51400,27.1,U
sh601126,四方股份,2025-10-21 10:08:55,27.14,25900,27.14,U
sh601126,四方股份,2025-10-21 10:08:58,27.14,24900,27.14,U
sh601126,四方股份,2025-10-21 10:09:01,27.1,27400,27.14,D
sh601126,四方股份,2025-10-21 10:09:04,27.09,46400,27.1,D
sh601126,四方股份,2025-10-21 10:09:07,27.08,33600,27.09,E
sh601126,四方股份,2025-10-21 10:09:10,27.08,15500,27.08,U
sh601126,四方股份,2025-10-21 10:09:13,27.05,18200,27.08,E
sh601126,四方股份,2025-10-21 10:09:16,27.09,29400,27.05,U
sh601126,四方股份,2025-10-21 10:09:19,27.05,12700,27.09,E
sh601126,四方股份,2025-10-21 10:09:22,27.04,21400,27.05,U
sh601126,四方股份,2025-10-21 10:09:28,27.0,8800,27.02,D
sh601126,四方股份,2025-10-21 10:09:34,26.97,23000,26.99,D
sh601126,四方股份,2025-10-21 10:09:40,26.97,22700,26.98,D
sh601126,四方股份,2025-10-21 10:09:43,26.94,9000,26.97,E
sh601126,四方股份,2025-10-21 10:09:46,26.96,12100,26.94,U
sh601126,四方股份,2025-10-21 10:09:49,26.97,13900,26.96,E
sh601126,四方股份,2025-10-21 10:09:52,26.98,8400,26.97,E
sh601126,四方股份,2025-10-21 10:09:55,26.99,9200,26.98,U
sh601126,四方股份,2025-10-21 10:09:58,26.99,16000,26.99,U
sh601126,四方股份,2025-10-21 10:10:04,26.99,33100,27.01,D
sh601126,四方股份,2025-10-21 10:10:06,26.9,18800,26.99,D
sh601126,四方股份,2025-10-21 10:10:10,26.9,22600,26.9,D
sh601126,四方股份,2025-10-21 10:10:13,26.89,16900,26.9,D
sh601126,四方股份,2025-10-21 10:10:19,26.86,40200,26.88,D
sh601126,四方股份,2025-10-21 10:10:21,26.88,22100,26.86,U
sh601126,四方股份,2025-10-21 10:10:25,26.83,12000,26.88,D
sh601126,四方股份,2025-10-21 10:10:28,26.85,12500,26.83,U
sh601126,四方股份,2025-10-21 10:10:31,26.86,22700,26.85,U
sh601126,四方股份,2025-10-21 10:10:34,26.86,16500,26.86,D
sh601126,四方股份,2025-10-21 10:10:37,26.85,19700,26.86,D
sh601126,四方股份,2025-10-21 10:10:43,26.83,10800,26.84,D
sh601126,四方股份,2025-10-21 10:10:49,26.85,11000,26.84,U
sh601126,四方股份,2025-10-21 10:10:52,26.85,17800,26.85,U
sh601126,四方股份,2025-10-21 10:10:55,26.84,17800,26.85,D
sh601126,四方股份,2025-10-21 10:10:58,26.84,21200,26.84,D
sh601126,四方股份,2025-10-21 10:11:01,26.81,60000,26.84,D
sh601126,四方股份,2025-10-21 10:11:04,26.8,13400,26.81,D
sh601126,四方股份,2025-10-21 10:11:07,26.82,29500,26.8,U
sh601126,四方股份,2025-10-21 10:11:10,26.81,26800,26.82,D
sh601126,四方股份,2025-10-21 10:11:13,26.81,10100,26.81,U
sh601126,四方股份,2025-10-21 10:11:19,26.82,13100,26.8,U
sh601126,四方股份,2025-10-21 10:11:28,26.79,11200,26.8,D
sh601126,四方股份,2025-10-21 10:11:31,26.79,67100,26.79,D
sh601126,四方股份,2025-10-21 10:11:34,26.81,26000,26.79,E
sh601126,四方股份,2025-10-21 10:11:37,26.81,20200,26.81,U
sh601126,四方股份,2025-10-21 10:11:55,26.8,26200,26.8,U
sh601126,四方股份,2025-10-21 10:12:07,26.81,88100,26.79,U
sh601126,四方股份,2025-10-21 10:12:10,26.77,10100,26.81,D
sh601126,四方股份,2025-10-21 10:12:16,26.76,8900,26.76,D
sh601126,四方股份,2025-10-21 10:12:19,26.73,22300,26.76,D
sh601126,四方股份,2025-10-21 10:12:28,26.71,11700,26.71,E
sh601126,四方股份,2025-10-21 10:12:37,26.7,11200,26.7,U
sh601126,四方股份,2025-10-21 10:12:40,26.72,7600,26.7,U
sh601126,四方股份,2025-10-21 10:12:43,26.76,19200,26.72,U
sh601126,四方股份,2025-10-21 10:12:46,26.72,21900,26.76,D
sh601126,四方股份,2025-10-21 10:12:49,26.72,14200,26.72,U
sh601126,四方股份,2025-10-21 10:12:52,26.73,13200,26.72,U
sh601126,四方股份,2025-10-21 10:13:04,26.74,11200,26.74,U
sh601126,四方股份,2025-10-21 10:13:10,26.76,9900,26.75,U
sh601126,四方股份,2025-10-21 10:13:16,26.73,58200,26.75,D
sh601126,四方股份,2025-10-21 10:13:19,26.71,14200,26.73,D
sh601126,四方股份,2025-10-21 10:13:25,26.7,12700,26.71,D
sh601126,四方股份,2025-10-21 10:13:28,26.69,30200,26.7,D
sh601126,四方股份,2025-10-21 10:13:31,26.7,12500,26.69,U
sh601126,四方股份,2025-10-21 10:13:37,26.69,7700,26.69,U
sh601126,四方股份,2025-10-21 10:13:40,26.71,17700,26.69,U
sh601126,四方股份,2025-10-21 10:13:43,26.69,9900,26.71,D
sh601126,四方股份,2025-10-21 10:13:55,26.72,10200,26.72,U
sh601126,四方股份,2025-10-21 10:13:58,26.72,8500,26.72,D
sh601126,四方股份,2025-10-21 10:14:04,26.72,12100,26.72,D
sh601126,四方股份,2025-10-21 10:14:10,26.67,33500,26.71,D
sh601126,四方股份,2025-10-21 10:14:12,26.67,20000,26.67,E
sh601126,四方股份,2025-10-21 10:14:16,26.67,9300,26.67,U
sh601126,四方股份,2025-10-21 10:14:22,26.67,42000,26.68,D
sh601126,四方股份,2025-10-21 10:14:34,26.66,31100,26.66,U
sh601126,四方股份,2025-10-21 10:14:37,26.66,18800,26.66,U
sh601126,四方股份,2025-10-21 10:14:40,26.66,8400,26.66,D
sh601126,四方股份,2025-10-21 10:14:49,26.68,9200,26.66,U
sh601126,四方股份,2025-10-21 10:14:55,26.65,43300,26.68,D
sh601126,四方股份,2025-10-21 10:15:01,26.64,14800,26.65,D
sh601126,四方股份,2025-10-21 10:15:04,26.67,27300,26.64,U
sh601126,四方股份,2025-10-21 10:15:22,26.66,12500,26.66,U
sh601126,四方股份,2025-10-21 10:15:28,26.66,23400,26.67,D
sh601126,四方股份,2025-10-21 10:15:34,26.65,10800,26.65,D
sh601126,四方股份,2025-10-21 10:15:37,26.64,13500,26.65,D
sh601126,四方股份,2025-10-21 10:15:40,26.64,18900,26.64,D
sh601126,四方股份,2025-10-21 10:15:43,26.64,13900,26.64,D
sh601126,四方股份,2025-10-21 10:15:49,26.64,13700,26.65,D
sh601126,四方股份,2025-10-21 10:16:01,26.66,12300,26.64,U
sh601126,四方股份,2025-10-21 10:16:04,26.65,22800,26.66,D
sh601126,四方股份,2025-10-21 10:16:16,26.66,18300,26.68,D
sh601126,四方股份,2025-10-21 10:16:22,26.64,16600,26.65,D
sh601126,四方股份,2025-10-21 10:16:28,26.63,7900,26.63,D
sh601126,四方股份,2025-10-21 10:16:34,26.63,8900,26.63,U
sh601126,四方股份,2025-10-21 10:16:37,26.63,12000,26.63,U
sh601126,四方股份,2025-10-21 10:16:49,26.64,10600,26.64,U
sh601126,四方股份,2025-10-21 10:16:52,26.64,33400,26.64,U
sh601126,四方股份,2025-10-21 10:17:04,26.67,60000,26.69,D
sh601126,四方股份,2025-10-21 10:17:13,26.68,10400,26.66,U
sh601126,四方股份,2025-10-21 10:17:22,26.72,19000,26.72,U
sh601126,四方股份,2025-10-21 10:17:31,26.74,12500,26.74,U
sh601126,四方股份,2025-10-21 10:17:34,26.74,11100,26.74,U
sh601126,四方股份,2025-10-21 10:17:55,26.75,8200,26.76,D
sh601126,四方股份,2025-10-21 10:17:58,26.76,9600,26.75,U
sh601126,四方股份,2025-10-21 10:18:01,26.75,10600,26.76,D
sh601126,四方股份,2025-10-21 10:18:07,26.75,13100,26.76,D
sh601126,四方股份,2025-10-21 10:18:10,26.73,61300,26.75,D
sh601126,四方股份,2025-10-21 10:18:13,26.7,14900,26.73,D
sh601126,四方股份,2025-10-21 10:18:25,26.69,16200,26.69,D
sh601126,四方股份,2025-10-21 10:18:28,26.69,23700,26.69,U
sh601126,四方股份,2025-10-21 10:18:34,26.74,31600,26.69,U
sh601126,四方股份,2025-10-21 10:18:40,26.74,11500,26.76,D
sh601126,四方股份,2025-10-21 10:18:43,26.72,10900,26.74,D
sh601126,四方股份,2025-10-21 10:18:52,26.75,28600,26.73,U
sh601126,四方股份,2025-10-21 10:19:01,26.74,14100,26.74,D
sh601126,四方股份,2025-10-21 10:19:07,26.76,34400,26.75,U
sh601126,四方股份,2025-10-21 10:19:19,26.8,11000,26.8,D
sh601126,四方股份,2025-10-21 10:19:25,26.85,16600,26.79,U
sh601126,四方股份,2025-10-21 10:19:31,26.84,11700,26.85,D
sh601126,四方股份,2025-10-21 10:19:34,26.84,15700,26.84,U
sh601126,四方股份,2025-10-21 10:19:40,26.9,43700,26.84,U
sh601126,四方股份,2025-10-21 10:19:43,26.83,49000,26.9,D
sh601126,四方股份,2025-10-21 10:19:58,26.84,8500,26.85,U
sh601126,四方股份,2025-10-21 10:20:10,26.86,20800,26.85,U
sh601126,四方股份,2025-10-21 10:20:13,26.84,10300,26.86,D
sh601126,四方股份,2025-10-21 10:20:19,26.88,27300,26.84,U
sh601126,四方股份,2025-10-21 10:20:22,26.88,34300,26.88,D
sh601126,四方股份,2025-10-21 10:20:25,27.0,92200,26.88,U
sh601126,四方股份,2025-10-21 10:20:28,27.04,118600,27.0,U
sh601126,四方股份,2025-10-21 10:20:31,27.08,56100,27.04,U
sh601126,四方股份,2025-10-21 10:20:34,27.08,21500,27.08,U
sh601126,四方股份,2025-10-21 10:20:37,27.04,32700,27.08,D
sh601126,四方股份,2025-10-21 10:20:40,27.04,24000,27.04,D
sh601126,四方股份,2025-10-21 10:20:43,27.03,25700,27.04,E
sh601126,四方股份,2025-10-21 10:20:46,27.04,15200,27.03,U
sh601126,四方股份,2025-10-21 10:20:49,27.02,17800,27.04,E
sh601126,四方股份,2025-10-21 10:20:55,26.98,18000,26.99,D
sh601126,四方股份,2025-10-21 10:20:58,26.96,10700,26.98,D
sh601126,四方股份,2025-10-21 10:21:01,26.98,19000,26.96,U
sh601126,四方股份,2025-10-21 10:21:04,27.02,26200,26.98,U
sh601126,四方股份,2025-10-21 10:21:07,27.0,14200,27.02,E
sh601126,四方股份,2025-10-21 10:21:10,27.0,16000,27.0,U
sh601126,四方股份,2025-10-21 10:21:13,27.0,15800,27.0,D
sh601126,四方股份,2025-10-21 10:21:16,27.02,40800,27.0,U
sh601126,四方股份,2025-10-21 10:21:19,27.0,40400,27.02,D
sh601126,四方股份,2025-10-21 10:21:22,27.02,25300,27.0,U
sh601126,四方股份,2025-10-21 10:21:25,27.03,38100,27.02,U
sh601126,四方股份,2025-10-21 10:21:28,27.04,33700,27.03,U
sh601126,四方股份,2025-10-21 10:21:31,27.06,14800,27.04,U
sh601126,四方股份,2025-10-21 10:21:34,27.05,31100,27.06,D
sh601126,四方股份,2025-10-21 10:21:37,27.08,23600,27.05,U
sh601126,四方股份,2025-10-21 10:21:40,27.05,29700,27.08,D
sh601126,四方股份,2025-10-21 10:21:43,27.08,28000,27.05,U
sh601126,四方股份,2025-10-21 10:21:46,27.06,22600,27.08,D
sh601126,四方股份,2025-10-21 10:21:49,27.08,10300,27.06,U
sh601126,四方股份,2025-10-21 10:21:51,27.07,13900,27.08,U
sh601126,四方股份,2025-10-21 10:21:55,27.06,15800,27.07,D
sh601126,四方股份,2025-10-21 10:21:58,27.07,32100,27.06,U
sh601126,四方股份,2025-10-21 10:22:01,27.08,54300,27.07,U
sh601126,四方股份,2025-10-21 10:22:04,27.07,26100,27.08,E
sh601126,四方股份,2025-10-21 10:22:07,27.07,8200,27.07,U
sh601126,四方股份,2025-10-21 10:22:10,27.1,118300,27.07,U
sh601126,四方股份,2025-10-21 10:22:12,27.14,93700,27.1,U
sh601126,四方股份,2025-10-21 10:22:16,27.18,108400,27.14,U
sh601126,四方股份,2025-10-21 10:22:19,27.22,133000,27.18,U
sh601126,四方股份,2025-10-21 10:22:22,27.23,86300,27.22,U
sh601126,四方股份,2025-10-21 10:22:25,27.23,35900,27.23,D
sh601126,四方股份,2025-10-21 10:22:28,27.21,34100,27.23,D
sh601126,四方股份,2025-10-21 10:22:31,27.21,58800,27.21,D
sh601126,四方股份,2025-10-21 10:22:34,27.18,29600,27.21,D
sh601126,四方股份,2025-10-21 10:22:37,27.18,57200,27.18,D
sh601126,四方股份,2025-10-21 10:22:40,27.18,30400,27.18,U
sh601126,四方股份,2025-10-21 10:22:43,27.16,40100,27.18,D
sh601126,四方股份,2025-10-21 10:22:46,27.15,47900,27.16,D
sh601126,四方股份,2025-10-21 10:22:49,27.18,37100,27.15,U
sh601126,四方股份,2025-10-21 10:22:52,27.16,32200,27.18,D
sh601126,四方股份,2025-10-21 10:22:55,27.16,33800,27.16,U
sh601126,四方股份,2025-10-21 10:22:58,27.15,36600,27.16,E
sh601126,四方股份,2025-10-21 10:23:00,27.16,25500,27.15,U
sh601126,四方股份,2025-10-21 10:23:04,27.18,14200,27.16,E
sh601126,四方股份,2025-10-21 10:23:07,27.17,14200,27.18,D
sh601126,四方股份,2025-10-21 10:23:10,27.17,40600,27.17,U
sh601126,四方股份,2025-10-21 10:23:13,27.24,31600,27.17,U
sh601126,四方股份,2025-10-21 10:23:16,27.24,21600,27.24,D
sh601126,四方股份,2025-10-21 10:23:19,27.25,88500,27.24,U
sh601126,四方股份,2025-10-21 10:23:22,27.26,49500,27.25,E
sh601126,四方股份,2025-10-21 10:23:25,27.28,59000,27.26,U
sh601126,四方股份,2025-10-21 10:23:28,27.29,65800,27.28,U
sh601126,四方股份,2025-10-21 10:23:31,27.28,65300,27.29,D
sh601126,四方股份,2025-10-21 10:23:34,27.27,35600,27.28,D
sh601126,四方股份,2025-10-21 10:23:37,27.25,15800,27.27,D
sh601126,四方股份,2025-10-21 10:23:40,27.24,14400,27.25,D
sh601126,四方股份,2025-10-21 10:23:43,27.23,39300,27.24,D
sh601126,四方股份,2025-10-21 10:23:46,27.18,29300,27.23,D
sh601126,四方股份,2025-10-21 10:23:49,27.22,12000,27.18,U
sh601126,四方股份,2025-10-21 10:23:51,27.2,13900,27.22,E
sh601126,四方股份,2025-10-21 10:23:55,27.13,37500,27.2,D
sh601126,四方股份,2025-10-21 10:23:58,27.13,18300,27.13,U
sh601126,四方股份,2025-10-21 10:24:04,27.13,18800,27.13,D
sh601126,四方股份,2025-10-21 10:24:07,27.13,9100,27.13,U
sh601126,四方股份,2025-10-21 10:24:10,27.12,18400,27.13,E
sh601126,四方股份,2025-10-21 10:24:13,27.1,13700,27.12,U
sh601126,四方股份,2025-10-21 10:24:16,27.1,21600,27.1,D
sh601126,四方股份,2025-10-21 10:24:19,27.09,22800,27.1,D
sh601126,四方股份,2025-10-21 10:24:24,27.08,18400,27.08,U
sh601126,四方股份,2025-10-21 10:24:28,27.08,11200,27.08,D
sh601126,四方股份,2025-10-21 10:24:31,27.07,10000,27.08,U
sh601126,四方股份,2025-10-21 10:24:34,27.07,14900,27.07,U
sh601126,四方股份,2025-10-21 10:24:36,27.08,24600,27.07,U
sh601126,四方股份,2025-10-21 10:24:40,27.09,17600,27.08,U
sh601126,四方股份,2025-10-21 10:24:43,27.09,16300,27.09,U
sh601126,四方股份,2025-10-21 10:24:46,27.07,31500,27.09,D
sh601126,四方股份,2025-10-21 10:24:49,27.11,11400,27.07,U
sh601126,四方股份,2025-10-21 10:24:52,27.12,19400,27.11,U
sh601126,四方股份,2025-10-21 10:24:55,27.18,45300,27.12,U
sh601126,四方股份,2025-10-21 10:24:58,27.13,13800,27.18,D
sh601126,四方股份,2025-10-21 10:25:01,27.17,7400,27.13,E
sh601126,四方股份,2025-10-21 10:25:04,27.18,8600,27.17,U
sh601126,四方股份,2025-10-21 10:25:07,27.19,20300,27.18,U
sh601126,四方股份,2025-10-21 10:25:10,27.2,25800,27.19,U
sh601126,四方股份,2025-10-21 10:25:13,27.22,49200,27.2,U
sh601126,四方股份,2025-10-21 10:25:16,27.22,14400,27.22,D
sh601126,四方股份,2025-10-21 10:25:19,27.24,49600,27.22,U
sh601126,四方股份,2025-10-21 10:25:22,27.25,17000,27.24,U
sh601126,四方股份,2025-10-21 10:25:25,27.25,42300,27.25,D
sh601126,四方股份,2025-10-21 10:25:28,27.27,57500,27.25,U
sh601126,四方股份,2025-10-21 10:25:31,27.27,32600,27.27,U
sh601126,四方股份,2025-10-21 10:25:34,27.28,11900,27.27,E
sh601126,四方股份,2025-10-21 10:25:37,27.27,19000,27.28,D
sh601126,四方股份,2025-10-21 10:25:40,27.27,22200,27.27,U
sh601126,四方股份,2025-10-21 10:25:43,27.26,27600,27.27,D
sh601126,四方股份,2025-10-21 10:25:46,27.26,27200,27.26,U
sh601126,四方股份,2025-10-21 10:25:49,27.25,35100,27.26,D
sh601126,四方股份,2025-10-21 10:25:52,27.25,36500,27.25,U
sh601126,四方股份,2025-10-21 10:25:55,27.24,30200,27.25,D
sh601126,四方股份,2025-10-21 10:25:58,27.25,24400,27.24,U
sh601126,四方股份,2025-10-21 10:26:01,27.23,25600,27.25,E
sh601126,四方股份,2025-10-21 10:26:04,27.25,18900,27.23,E
sh601126,四方股份,2025-10-21 10:26:07,27.24,20200,27.25,E
sh601126,四方股份,2025-10-21 10:26:10,27.25,39900,27.24,U
sh601126,四方股份,2025-10-21 10:26:13,27.28,64100,27.25,U
sh601126,四方股份,2025-10-21 10:26:16,27.29,13700,27.28,U
sh601126,四方股份,2025-10-21 10:26:18,27.25,30600,27.29,D
sh601126,四方股份,2025-10-21 10:26:22,27.25,14200,27.25,D
sh601126,四方股份,2025-10-21 10:26:25,27.27,11000,27.25,E
sh601126,四方股份,2025-10-21 10:26:28,27.26,15100,27.27,D
sh601126,四方股份,2025-10-21 10:26:31,27.25,20000,27.26,D
sh601126,四方股份,2025-10-21 10:26:34,27.26,16000,27.25,U
sh601126,四方股份,2025-10-21 10:26:37,27.26,11800,27.26,U
sh601126,四方股份,2025-10-21 10:26:40,27.26,20000,27.26,U
sh601126,四方股份,2025-10-21 10:26:43,27.23,17000,27.26,D
sh601126,四方股份,2025-10-21 10:26:46,27.25,11300,27.23,U
sh601126,四方股份,2025-10-21 10:26:49,27.24,10800,27.25,E
sh601126,四方股份,2025-10-21 10:26:55,27.22,26400,27.23,D
sh601126,四方股份,2025-10-21 10:27:01,27.27,45100,27.25,U
sh601126,四方股份,2025-10-21 10:27:04,27.29,24300,27.27,U
sh601126,四方股份,2025-10-21 10:27:10,27.3,27200,27.29,U
sh601126,四方股份,2025-10-21 10:27:13,27.3,18900,27.3,U
sh601126,四方股份,2025-10-21 10:27:16,27.3,28900,27.3,U
sh601126,四方股份,2025-10-21 10:27:19,27.28,17100,27.3,D
sh601126,四方股份,2025-10-21 10:27:22,27.29,20100,27.28,E
sh601126,四方股份,2025-10-21 10:27:25,27.27,26700,27.29,D
sh601126,四方股份,2025-10-21 10:27:28,27.25,11000,27.27,D
sh601126,四方股份,2025-10-21 10:27:31,27.26,17200,27.25,U
sh601126,四方股份,2025-10-21 10:27:34,27.24,27700,27.26,D
sh601126,四方股份,2025-10-21 10:27:40,27.23,12100,27.23,D
sh601126,四方股份,2025-10-21 10:27:42,27.18,7800,27.23,D
sh601126,四方股份,2025-10-21 10:27:46,27.18,10800,27.18,D
sh601126,四方股份,2025-10-21 10:27:55,27.14,33400,27.15,E
sh601126,四方股份,2025-10-21 10:28:01,27.13,9200,27.14,E
sh601126,四方股份,2025-10-21 10:28:04,27.12,16100,27.13,D
sh601126,四方股份,2025-10-21 10:28:07,27.13,11900,27.12,U
sh601126,四方股份,2025-10-21 10:28:10,27.14,20200,27.13,U
sh601126,四方股份,2025-10-21 10:28:13,27.15,30400,27.14,U
sh601126,四方股份,2025-10-21 10:28:16,27.18,32600,27.15,U
sh601126,四方股份,2025-10-21 10:28:19,27.19,15200,27.18,U
sh601126,四方股份,2025-10-21 10:28:22,27.19,10300,27.19,U
sh601126,四方股份,2025-10-21 10:28:25,27.22,15800,27.19,U
sh601126,四方股份,2025-10-21 10:28:31,27.22,8700,27.23,D
sh601126,四方股份,2025-10-21 10:28:34,27.2,21300,27.22,D
sh601126,四方股份,2025-10-21 10:28:36,27.2,25200,27.2,D
sh601126,四方股份,2025-10-21 10:28:43,27.2,10400,27.21,D
sh601126,四方股份,2025-10-21 10:28:46,27.2,19500,27.2,D
sh601126,四方股份,2025-10-21 10:28:49,27.2,41400,27.2,D
sh601126,四方股份,2025-10-21 10:28:58,27.2,11700,27.2,D
sh601126,四方股份,2025-10-21 10:29:01,27.22,17500,27.2,U
sh601126,四方股份,2025-10-21 10:29:04,27.25,11100,27.22,E
sh601126,四方股份,2025-10-21 10:29:07,27.25,16900,27.25,D
sh601126,四方股份,2025-10-21 10:29:13,27.26,14900,27.26,U
sh601126,四方股份,2025-10-21 10:29:16,27.28,15900,27.26,U
sh601126,四方股份,2025-10-21 10:29:19,27.28,9300,27.28,U
sh601126,四方股份,2025-10-21 10:29:22,27.3,25300,27.28,U
sh601126,四方股份,2025-10-21 10:29:25,27.31,53400,27.3,U
sh601126,四方股份,2025-10-21 10:29:28,27.28,63900,27.31,D
sh601126,四方股份,2025-10-21 10:29:31,27.25,41200,27.28,D
sh601126,四方股份,2025-10-21 10:29:34,27.26,33400,27.25,U
sh601126,四方股份,2025-10-21 10:29:37,27.26,22400,27.26,U
sh601126,四方股份,2025-10-21 10:29:40,27.26,51400,27.26,U
sh601126,四方股份,2025-10-21 10:29:46,27.3,55100,27.28,U
sh601126,四方股份,2025-10-21 10:29:49,27.33,8500,27.3,U
sh601126,四方股份,2025-10-21 10:29:52,27.34,21200,27.33,U
sh601126,四方股份,2025-10-21 10:29:55,27.34,9100,27.34,U
sh601126,四方股份,2025-10-21 10:29:58,27.35,73900,27.34,U
sh601126,四方股份,2025-10-21 10:30:01,27.34,34600,27.35,E
sh601126,四方股份,2025-10-21 10:30:04,27.32,32900,27.34,D
sh601126,四方股份,2025-10-21 10:30:07,27.32,10800,27.32,U
sh601126,四方股份,2025-10-21 10:30:10,27.28,57000,27.32,D
sh601126,四方股份,2025-10-21 10:30:13,27.2,279700,27.28,D
sh601126,四方股份,2025-10-21 10:30:16,27.2,12100,27.2,U
sh601126,四方股份,2025-10-21 10:30:19,27.2,11300,27.2,U
sh601126,四方股份,2025-10-21 10:30:22,27.19,15200,27.2,E
sh601126,四方股份,2025-10-21 10:30:25,27.21,46700,27.19,U
sh601126,四方股份,2025-10-21 10:30:28,27.21,10812,27.21,U
sh601126,四方股份,2025-10-21 10:30:31,27.2,85688,27.21,D
sh601126,四方股份,2025-10-21 10:30:34,27.18,14800,27.2,D
sh601126,四方股份,2025-10-21 10:30:37,27.17,44300,27.18,D
sh601126,四方股份,2025-10-21 10:30:40,27.15,107600,27.17,D
sh601126,四方股份,2025-10-21 10:30:43,27.12,8800,27.15,D
sh601126,四方股份,2025-10-21 10:30:46,27.15,97588,27.12,U
sh601126,四方股份,2025-10-21 10:30:55,27.1,15800,27.14,D
sh601126,四方股份,2025-10-21 10:31:01,27.09,32600,27.11,D
sh601126,四方股份,2025-10-21 10:31:04,27.08,11612,27.09,D
sh601126,四方股份,2025-10-21 10:31:07,27.08,22000,27.08,D
sh601126,四方股份,2025-10-21 10:31:10,27.1,16000,27.08,U
sh601126,四方股份,2025-10-21 10:31:13,27.0,106100,27.1,D
sh601126,四方股份,2025-10-21 10:31:16,27.04,10800,27.0,U
sh601126,四方股份,2025-10-21 10:31:19,27.02,9200,27.04,D
sh601126,四方股份,2025-10-21 10:31:22,27.02,12900,27.02,D
sh601126,四方股份,2025-10-21 10:31:25,27.0,29300,27.02,D
sh601126,四方股份,2025-10-21 10:31:28,27.0,27100,27.0,U
sh601126,四方股份,2025-10-21 10:31:31,27.0,19300,27.0,U
sh601126,四方股份,2025-10-21 10:31:39,27.01,15400,27.02,U
sh601126,四方股份,2025-10-21 10:31:43,27.0,13300,27.01,D
sh601126,四方股份,2025-10-21 10:31:49,26.98,8400,27.0,D
sh601126,四方股份,2025-10-21 10:31:52,26.99,10300,26.98,E
sh601126,四方股份,2025-10-21 10:31:55,26.99,13900,26.99,U
sh601126,四方股份,2025-10-21 10:31:58,27.01,25600,26.99,U
sh601126,四方股份,2025-10-21 10:32:01,27.0,7900,27.01,D
sh601126,四方股份,2025-10-21 10:32:04,27.0,25200,27.0,D
sh601126,四方股份,2025-10-21 10:32:10,26.98,10100,26.99,D
sh601126,四方股份,2025-10-21 10:32:16,26.97,9400,26.98,D
sh601126,四方股份,2025-10-21 10:32:19,26.99,17900,26.97,U
sh601126,四方股份,2025-10-21 10:32:22,26.99,9700,26.99,U
sh601126,四方股份,2025-10-21 10:32:28,26.98,18900,26.98,D
sh601126,四方股份,2025-10-21 10:32:33,26.98,10500,26.98,U
sh601126,四方股份,2025-10-21 10:32:37,26.99,11800,26.98,U
sh601126,四方股份,2025-10-21 10:32:40,26.98,11700,26.99,D
sh601126,四方股份,2025-10-21 10:32:46,26.98,9400,26.98,U
sh601126,四方股份,2025-10-21 10:32:49,26.97,8000,26.98,E
sh601126,四方股份,2025-10-21 10:32:52,26.95,34600,26.97,D
sh601126,四方股份,2025-10-21 10:32:55,26.96,22600,26.95,U
sh601126,四方股份,2025-10-21 10:32:58,26.96,19900,26.96,U
sh601126,四方股份,2025-10-21 10:33:01,26.89,176400,26.96,D
sh601126,四方股份,2025-10-21 10:33:04,26.9,41400,26.89,U
sh601126,四方股份,2025-10-21 10:33:07,26.89,10600,26.9,D
sh601126,四方股份,2025-10-21 10:33:10,26.95,159500,26.89,U
sh601126,四方股份,2025-10-21 10:33:13,26.9,16300,26.95,D
sh601126,四方股份,2025-10-21 10:33:19,26.94,25000,26.94,U
sh601126,四方股份,2025-10-21 10:33:25,26.94,8000,26.96,D
sh601126,四方股份,2025-10-21 10:33:34,26.95,39900,26.96,E
sh601126,四方股份,2025-10-21 10:33:40,26.9,22500,26.92,D
sh601126,四方股份,2025-10-21 10:33:43,26.91,20200,26.9,U
sh601126,四方股份,2025-10-21 10:33:46,26.9,23900,26.91,D
sh601126,四方股份,2025-10-21 10:33:55,26.9,21300,26.85,U
sh601126,四方股份,2025-10-21 10:33:58,26.89,10700,26.9,D
sh601126,四方股份,2025-10-21 10:34:01,26.89,8300,26.89,U
sh601126,四方股份,2025-10-21 10:34:03,26.89,15100,26.89,U
sh601126,四方股份,2025-10-21 10:34:10,26.9,8800,26.9,U
sh601126,四方股份,2025-10-21 10:34:13,26.9,17200,26.9,U
sh601126,四方股份,2025-10-21 10:34:15,26.9,8300,26.9,U
sh601126,四方股份,2025-10-21 10:34:22,26.89,19000,26.9,D
sh601126,四方股份,2025-10-21 10:34:25,26.89,10500,26.89,D
sh601126,四方股份,2025-10-21 10:34:28,26.86,16400,26.89,D
sh601126,四方股份,2025-10-21 10:34:31,26.86,11000,26.86,U
sh601126,四方股份,2025-10-21 10:34:34,26.85,8300,26.86,D
sh601126,四方股份,2025-10-21 10:34:37,26.85,7600,26.85,D
sh601126,四方股份,2025-10-21 10:34:40,26.86,25800,26.85,D
sh601126,四方股份,2025-10-21 10:34:43,26.85,11200,26.86,D
sh601126,四方股份,2025-10-21 10:34:46,26.86,11200,26.85,U
sh601126,四方股份,2025-10-21 10:34:49,26.86,14000,26.86,U
sh601126,四方股份,2025-10-21 10:34:52,26.85,15000,26.86,D
sh601126,四方股份,2025-10-21 10:34:57,26.86,11300,26.86,U
sh601126,四方股份,2025-10-21 10:35:01,26.86,28500,26.86,U
sh601126,四方股份,2025-10-21 10:35:04,26.87,23200,26.86,U
sh601126,四方股份,2025-10-21 10:35:13,26.86,15000,26.87,D
sh601126,四方股份,2025-10-21 10:35:16,26.86,13200,26.86,U
sh601126,四方股份,2025-10-21 10:35:19,26.85,42200,26.86,U
sh601126,四方股份,2025-10-21 10:35:22,26.87,8400,26.85,U
sh601126,四方股份,2025-10-21 10:35:28,26.79,131200,26.84,D
sh601126,四方股份,2025-10-21 10:35:31,26.84,17800,26.79,U
sh601126,四方股份,2025-10-21 10:35:34,26.83,16400,26.84,D
sh601126,四方股份,2025-10-21 10:35:37,26.82,8600,26.83,D
sh601126,四方股份,2025-10-21 10:35:40,26.83,19300,26.82,U
sh601126,四方股份,2025-10-21 10:35:52,26.84,8200,26.85,D
sh601126,四方股份,2025-10-21 10:36:01,26.85,31300,26.83,U
sh601126,四方股份,2025-10-21 10:36:04,26.85,10500,26.85,U
sh601126,四方股份,2025-10-21 10:36:07,26.86,25200,26.85,U
sh601126,四方股份,2025-10-21 10:36:10,26.86,74900,26.86,U
sh601126,四方股份,2025-10-21 10:36:16,26.85,34800,26.86,D
sh601126,四方股份,2025-10-21 10:36:19,26.86,19700,26.85,U
sh601126,四方股份,2025-10-21 10:36:22,26.82,57800,26.86,D
sh601126,四方股份,2025-10-21 10:36:25,26.88,13000,26.82,U
sh601126,四方股份,2025-10-21 10:36:28,26.89,33100,26.88,U
sh601126,四方股份,2025-10-21 10:36:31,26.89,7900,26.89,U
sh601126,四方股份,2025-10-21 10:36:34,26.89,11400,26.89,U
sh601126,四方股份,2025-10-21 10:36:37,26.89,17900,26.89,U
sh601126,四方股份,2025-10-21 10:36:40,26.88,56300,26.89,D
sh601126,四方股份,2025-10-21 10:36:43,26.88,14700,26.88,U
sh601126,四方股份,2025-10-21 10:36:49,26.88,9400,26.88,U
sh601126,四方股份,2025-10-21 10:36:52,26.89,49600,26.88,U
sh601126,四方股份,2025-10-21 10:37:04,27.0,27400,26.91,U
sh601126,四方股份,2025-10-21 10:37:07,27.0,10200,27.0,D
sh601126,四方股份,2025-10-21 10:37:16,26.99,134200,26.96,U
sh601126,四方股份,2025-10-21 10:37:19,27.01,52900,26.99,U
sh601126,四方股份,2025-10-21 10:37:21,27.04,21100,27.01,U
sh601126,四方股份,2025-10-21 10:37:25,27.04,75600,27.04,E
sh601126,四方股份,2025-10-21 10:37:28,27.03,13700,27.04,E
sh601126,四方股份,2025-10-21 10:37:31,26.99,26000,27.03,D
sh601126,四方股份,2025-10-21 10:37:34,27.0,24700,26.99,U
sh601126,四方股份,2025-10-21 10:37:37,26.99,17500,27.0,U
sh601126,四方股份,2025-10-21 10:37:40,27.04,43900,26.99,U
sh601126,四方股份,2025-10-21 10:37:43,27.04,39500,27.04,U
sh601126,四方股份,2025-10-21 10:37:49,27.02,16200,27.02,U
sh601126,四方股份,2025-10-21 10:37:55,27.0,16200,27.02,D
sh601126,四方股份,2025-10-21 10:37:58,26.99,8200,27.0,D
sh601126,四方股份,2025-10-21 10:38:01,26.93,126700,26.99,D
sh601126,四方股份,2025-10-21 10:38:07,26.92,9300,26.91,U
sh601126,四方股份,2025-10-21 10:38:16,26.91,9600,26.91,U
sh601126,四方股份,2025-10-21 10:38:19,26.89,104600,26.91,D
sh601126,四方股份,2025-10-21 10:38:31,26.82,10000,26.84,D
sh601126,四方股份,2025-10-21 10:38:37,26.83,10000,26.82,U
sh601126,四方股份,2025-10-21 10:38:39,26.83,19300,26.83,U
sh601126,四方股份,2025-10-21 10:38:43,26.82,13200,26.83,E
sh601126,四方股份,2025-10-21 10:38:49,26.81,13400,26.82,D
sh601126,四方股份,2025-10-21 10:38:55,26.8,120600,26.81,D
sh601126,四方股份,2025-10-21 10:38:58,26.78,13700,26.8,E
sh601126,四方股份,2025-10-21 10:39:01,26.72,27100,26.78,D
sh601126,四方股份,2025-10-21 10:39:04,26.72,14000,26.72,D
sh601126,四方股份,2025-10-21 10:39:07,26.73,9700,26.72,E
sh601126,四方股份,2025-10-21 10:39:13,26.8,15100,26.79,U
sh601126,四方股份,2025-10-21 10:39:19,26.81,11900,26.8,U
sh601126,四方股份,2025-10-21 10:39:28,26.83,7600,26.82,U
sh601126,四方股份,2025-10-21 10:39:31,26.8,18600,26.83,D
sh601126,四方股份,2025-10-21 10:39:34,26.8,22900,26.8,D
sh601126,四方股份,2025-10-21 10:39:37,26.79,8800,26.8,D
sh601126,四方股份,2025-10-21 10:39:43,26.76,27300,26.76,U
sh601126,四方股份,2025-10-21 10:40:04,26.8,8300,26.8,E
sh601126,四方股份,2025-10-21 10:40:10,26.8,110700,26.8,U
sh601126,四方股份,2025-10-21 10:40:19,26.88,8000,26.8,U
sh601126,四方股份,2025-10-21 10:40:25,26.85,7600,26.84,U
sh601126,四方股份,2025-10-21 10:40:28,26.85,12000,26.85,U
sh601126,四方股份,2025-10-21 10:40:31,26.83,10000,26.85,D
sh601126,四方股份,2025-10-21 10:40:37,26.85,31500,26.84,U
sh601126,四方股份,2025-10-21 10:40:39,26.89,59900,26.85,U
sh601126,四方股份,2025-10-21 10:40:43,26.88,13300,26.89,U
sh601126,四方股份,2025-10-21 10:41:04,26.87,512400,26.88,D
sh601126,四方股份,2025-10-21 10:41:07,26.85,77700,26.87,E
sh601126,四方股份,2025-10-21 10:41:10,26.83,27300,26.85,D
sh601126,四方股份,2025-10-21 10:41:13,26.85,7800,26.83,U
sh601126,四方股份,2025-10-21 10:41:16,26.88,10100,26.85,U
sh601126,四方股份,2025-10-21 10:41:19,26.86,20400,26.88,D
sh601126,四方股份,2025-10-21 10:41:34,26.85,9500,26.85,D
sh601126,四方股份,2025-10-21 10:41:37,26.85,26000,26.85,D
sh601126,四方股份,2025-10-21 10:41:40,26.88,19300,26.85,U
sh601126,四方股份,2025-10-21 10:42:01,26.92,9400,26.92,D
sh601126,四方股份,2025-10-21 10:42:04,26.94,23600,26.92,U
sh601126,四方股份,2025-10-21 10:42:07,26.92,51900,26.94,D
sh601126,四方股份,2025-10-21 10:42:10,26.92,19700,26.92,U
sh601126,四方股份,2025-10-21 10:42:13,26.9,12400,26.92,E
sh601126,四方股份,2025-10-21 10:42:16,26.88,20700,26.9,E
sh601126,四方股份,2025-10-21 10:42:19,26.87,9500,26.88,U
sh601126,四方股份,2025-10-21 10:42:25,26.85,18400,26.88,D
sh601126,四方股份,2025-10-21 10:42:28,26.85,33300,26.85,U
sh601126,四方股份,2025-10-21 10:42:31,26.84,13200,26.85,D
sh601126,四方股份,2025-10-21 10:42:37,26.84,11000,26.84,D
sh601126,四方股份,2025-10-21 10:42:43,26.81,8400,26.83,D
sh601126,四方股份,2025-10-21 10:42:46,26.8,13900,26.81,D
sh601126,四方股份,2025-10-21 10:42:49,26.8,14000,26.8,D
sh601126,四方股份,2025-10-21 10:42:55,26.8,9000,26.8,D
sh601126,四方股份,2025-10-21 10:42:58,26.8,10400,26.8,D
sh601126,四方股份,2025-10-21 10:43:01,26.8,8200,26.8,D
sh601126,四方股份,2025-10-21 10:43:06,26.84,23500,26.8,U
sh601126,四方股份,2025-10-21 10:43:10,26.85,15200,26.84,U
sh601126,四方股份,2025-10-21 10:43:37,26.83,14300,26.83,U
sh601126,四方股份,2025-10-21 10:43:40,26.83,8900,26.83,U
sh601126,四方股份,2025-10-21 10:43:52,26.83,13300,26.84,D
sh601126,四方股份,2025-10-21 10:43:55,26.88,27200,26.83,U
sh601126,四方股份,2025-10-21 10:43:58,26.89,9700,26.88,D
sh601126,四方股份,2025-10-21 10:44:01,26.89,8600,26.89,D
sh601126,四方股份,2025-10-21 10:44:04,26.89,10600,26.89,U
sh601126,四方股份,2025-10-21 10:44:07,26.89,11300,26.89,U
sh601126,四方股份,2025-10-21 10:44:28,26.89,10200,26.89,D
sh601126,四方股份,2025-10-21 10:45:01,26.85,56900,26.85,D
sh601126,四方股份,2025-10-21 10:45:04,26.89,39900,26.85,U
sh601126,四方股份,2025-10-21 10:45:10,26.89,15500,26.88,U
sh601126,四方股份,2025-10-21 10:45:13,26.87,9500,26.89,D
sh601126,四方股份,2025-10-21 10:45:19,26.86,7500,26.87,D
sh601126,四方股份,2025-10-21 10:45:28,26.88,13200,26.87,E
sh601126,四方股份,2025-10-21 10:45:55,26.9,13400,26.89,U
sh601126,四方股份,2025-10-21 10:45:58,26.9,18300,26.9,D
sh601126,四方股份,2025-10-21 10:46:01,26.93,30400,26.9,U
sh601126,四方股份,2025-10-21 10:46:04,26.95,7800,26.93,U
sh601126,四方股份,2025-10-21 10:46:07,26.95,7500,26.95,D
sh601126,四方股份,2025-10-21 10:46:16,26.95,40900,26.96,D
sh601126,四方股份,2025-10-21 10:46:19,26.97,16500,26.95,U
sh601126,四方股份,2025-10-21 10:46:25,26.96,19400,26.96,E
sh601126,四方股份,2025-10-21 10:46:28,26.98,11300,26.96,U
sh601126,四方股份,2025-10-21 10:46:46,26.95,17400,26.98,D
sh601126,四方股份,2025-10-21 10:46:49,26.97,11900,26.95,U
sh601126,四方股份,2025-10-21 10:47:01,26.98,14800,26.98,U
sh601126,四方股份,2025-10-21 10:47:10,27.0,10300,27.0,U
sh601126,四方股份,2025-10-21 10:47:19,26.99,14500,26.99,D
sh601126,四方股份,2025-10-21 10:47:22,27.0,12500,26.99,U
sh601126,四方股份,2025-10-21 10:47:31,26.98,8800,26.99,D
sh601126,四方股份,2025-10-21 10:47:34,26.99,10100,26.98,U
sh601126,四方股份,2025-10-21 10:47:52,26.99,29800,26.99,D
sh601126,四方股份,2025-10-21 10:47:55,26.96,12800,26.99,D
sh601126,四方股份,2025-10-21 10:48:13,26.91,10800,26.91,D
sh601126,四方股份,2025-10-21 10:48:22,26.92,8700,26.91,U
sh601126,四方股份,2025-10-21 10:48:34,26.95,20300,26.93,U
sh601126,四方股份,2025-10-21 10:48:49,26.98,42500,26.96,U
sh601126,四方股份,2025-10-21 10:48:52,26.97,8300,26.98,E
sh601126,四方股份,2025-10-21 10:49:19,26.93,8900,26.96,D
sh601126,四方股份,2025-10-21 10:49:52,26.94,7900,26.93,U
sh601126,四方股份,2025-10-21 10:50:13,26.92,23900,26.93,D
sh601126,四方股份,2025-10-21 10:50:22,26.93,13500,26.92,U
sh601126,四方股份,2025-10-21 10:50:49,26.91,22400,26.92,D
sh601126,四方股份,2025-10-21 10:50:51,26.91,8000,26.91,D
sh601126,四方股份,2025-10-21 10:50:55,26.91,11600,26.91,D
sh601126,四方股份,2025-10-21 10:51:07,26.9,45100,26.9,D
sh601126,四方股份,2025-10-21 10:51:13,26.88,16800,26.88,D
sh601126,四方股份,2025-10-21 10:51:31,26.89,16400,26.88,U
sh601126,四方股份,2025-10-21 10:51:36,26.88,7500,26.88,D
sh601126,四方股份,2025-10-21 10:52:12,26.86,24300,26.85,D
sh601126,四方股份,2025-10-21 10:52:25,26.9,8100,26.89,U
sh601126,四方股份,2025-10-21 10:52:31,26.88,24400,26.89,D
sh601126,四方股份,2025-10-21 10:52:34,26.9,8100,26.88,U
sh601126,四方股份,2025-10-21 10:52:40,26.88,11300,26.89,D
sh601126,四方股份,2025-10-21 10:52:43,26.86,15400,26.88,D
sh601126,四方股份,2025-10-21 10:53:10,26.86,13200,26.84,E
sh601126,四方股份,2025-10-21 10:53:13,26.87,9300,26.86,U
sh601126,四方股份,2025-10-21 10:53:16,26.87,7500,26.87,U
sh601126,四方股份,2025-10-21 10:53:43,26.86,14000,26.87,D
sh601126,四方股份,2025-10-21 10:53:49,26.86,7700,26.86,D
sh601126,四方股份,2025-10-21 10:53:51,26.87,9800,26.86,U
sh601126,四方股份,2025-10-21 10:54:01,26.88,8300,26.88,U
sh601126,四方股份,2025-10-21 10:54:10,26.85,14900,26.87,D
sh601126,四方股份,2025-10-21 10:54:13,26.84,8000,26.85,D
sh601126,四方股份,2025-10-21 10:54:25,26.84,11100,26.83,D
sh601126,四方股份,2025-10-21 10:54:37,26.86,11800,26.84,U
sh601126,四方股份,2025-10-21 10:54:40,26.86,66400,26.86,D
sh601126,四方股份,2025-10-21 10:54:43,26.86,10500,26.86,U
sh601126,四方股份,2025-10-21 10:54:49,26.88,91000,26.85,U
sh601126,四方股份,2025-10-21 10:54:52,26.9,91300,26.88,U
sh601126,四方股份,2025-10-21 10:54:55,26.92,10300,26.9,U
sh601126,四方股份,2025-10-21 10:54:58,26.92,7800,26.92,U
sh601126,四方股份,2025-10-21 10:55:04,26.93,20300,26.93,U
sh601126,四方股份,2025-10-21 10:55:40,26.93,9800,26.93,U
sh601126,四方股份,2025-10-21 10:56:19,26.93,8100,26.95,D
sh601126,四方股份,2025-10-21 10:56:24,26.93,15900,26.95,D
sh601126,四方股份,2025-10-21 10:56:45,26.97,15800,26.99,D
sh601126,四方股份,2025-10-21 10:57:01,27.0,19900,27.0,D
sh601126,四方股份,2025-10-21 10:57:25,27.01,7700,27.02,D
sh601126,四方股份,2025-10-21 10:57:42,26.99,19500,27.0,D
sh601126,四方股份,2025-10-21 10:57:51,26.99,11000,26.99,U
sh601126,四方股份,2025-10-21 10:57:58,26.95,9200,26.95,D
sh601126,四方股份,2025-10-21 10:58:10,26.94,16900,26.94,D
sh601126,四方股份,2025-10-21 10:58:12,26.94,10700,26.94,D
sh601126,四方股份,2025-10-21 10:58:43,26.92,20700,26.92,D
sh601126,四方股份,2025-10-21 10:59:01,26.92,17400,26.91,U
sh601126,四方股份,2025-10-21 10:59:10,26.91,8100,26.9,U
sh601126,四方股份,2025-10-21 10:59:22,26.94,27600,26.91,U
sh601126,四方股份,2025-10-21 11:00:10,26.94,8900,26.93,E
sh601126,四方股份,2025-10-21 11:00:19,26.92,39400,26.93,D
sh601126,四方股份,2025-10-21 11:00:22,26.9,8800,26.92,D
sh601126,四方股份,2025-10-21 11:00:43,26.88,9200,26.89,D
sh601126,四方股份,2025-10-21 11:01:01,26.87,8700,26.88,D
sh601126,四方股份,2025-10-21 11:01:06,26.86,11300,26.87,D
sh601126,四方股份,2025-10-21 11:01:19,26.88,14200,26.86,U
sh601126,四方股份,2025-10-21 11:01:58,26.91,8800,26.91,D
sh601126,四方股份,2025-10-21 11:02:01,26.92,10700,26.91,U
sh601126,四方股份,2025-10-21 11:02:10,26.91,7500,26.91,D
sh601126,四方股份,2025-10-21 11:02:15,26.92,8400,26.91,U
sh601126,四方股份,2025-10-21 11:02:46,26.9,9400,26.9,D
sh601126,四方股份,2025-10-21 11:03:04,26.91,10100,26.94,D
sh601126,四方股份,2025-10-21 11:03:28,26.93,8700,26.94,D
sh601126,四方股份,2025-10-21 11:03:36,26.9,17600,26.92,D
sh601126,四方股份,2025-10-21 11:03:40,26.9,8500,26.9,E
sh601126,四方股份,2025-10-21 11:03:49,26.9,13100,26.9,D
sh601126,四方股份,2025-10-21 11:04:52,27.0,25700,26.97,U
sh601126,四方股份,2025-10-21 11:05:19,26.98,7700,26.97,U
sh601126,四方股份,2025-10-21 11:06:00,26.97,9400,26.96,U
sh601126,四方股份,2025-10-21 11:06:07,26.99,7900,26.97,U
sh601126,四方股份,2025-10-21 11:06:10,26.99,52000,26.99,D
sh601126,四方股份,2025-10-21 11:06:25,26.99,21400,26.98,U
sh601126,四方股份,2025-10-21 11:06:34,26.94,21900,26.97,D
sh601126,四方股份,2025-10-21 11:06:37,26.92,12200,26.94,D
sh601126,四方股份,2025-10-21 11:06:43,26.91,12400,26.93,D
sh601126,四方股份,2025-10-21 11:07:07,26.9,14300,26.9,E
sh601126,四方股份,2025-10-21 11:07:12,26.87,16200,26.89,D
sh601126,四方股份,2025-10-21 11:07:28,26.87,13800,26.85,U
sh601126,四方股份,2025-10-21 11:07:31,26.85,13200,26.87,D
sh601126,四方股份,2025-10-21 11:07:43,26.85,15300,26.85,U
sh601126,四方股份,2025-10-21 11:07:55,26.83,16600,26.84,D
sh601126,四方股份,2025-10-21 11:08:34,26.81,10600,26.81,U
sh601126,四方股份,2025-10-21 11:08:42,26.82,13100,26.82,U
sh601126,四方股份,2025-10-21 11:08:49,26.81,11500,26.81,D
sh601126,四方股份,2025-10-21 11:09:13,26.81,52000,26.81,E
sh601126,四方股份,2025-10-21 11:09:40,26.8,14100,26.8,D
sh601126,四方股份,2025-10-21 11:09:58,26.79,11800,26.78,U
sh601126,四方股份,2025-10-21 11:10:10,26.8,18000,26.78,U
sh601126,四方股份,2025-10-21 11:10:28,26.78,39700,26.8,D
sh601126,四方股份,2025-10-21 11:10:31,26.78,39600,26.78,U
sh601126,四方股份,2025-10-21 11:10:55,26.78,28800,26.78,D
sh601126,四方股份,2025-10-21 11:11:07,26.78,27000,26.8,D
sh601126,四方股份,2025-10-21 11:11:37,26.79,16000,26.8,D
sh601126,四方股份,2025-10-21 11:11:43,26.78,12000,26.79,D
sh601126,四方股份,2025-10-21 11:12:13,26.81,9300,26.81,D
sh601126,四方股份,2025-10-21 11:12:19,26.81,46000,26.81,D
sh601126,四方股份,2025-10-21 11:12:37,26.81,30200,26.81,U
sh601126,四方股份,2025-10-21 11:13:06,26.84,19200,26.83,U
sh601126,四方股份,2025-10-21 11:13:10,26.84,23200,26.84,D
sh601126,四方股份,2025-10-21 11:13:13,26.81,70300,26.84,D
sh601126,四方股份,2025-10-21 11:13:16,26.8,9800,26.81,D
sh601126,四方股份,2025-10-21 11:13:22,26.8,7900,26.8,D
sh601126,四方股份,2025-10-21 11:13:31,26.81,17500,26.81,D
sh601126,四方股份,2025-10-21 11:13:34,26.82,8100,26.81,U
sh601126,四方股份,2025-10-21 11:14:16,26.86,10100,26.83,U
sh601126,四方股份,2025-10-21 11:14:52,26.85,8600,26.85,U
sh601126,四方股份,2025-10-21 11:14:55,26.82,11900,26.85,D
sh601126,四方股份,2025-10-21 11:15:04,26.87,11300,26.81,U
sh601126,四方股份,2025-10-21 11:15:13,26.85,26900,26.85,D
sh601126,四方股份,2025-10-21 11:15:15,26.85,32600,26.85,D
sh601126,四方股份,2025-10-21 11:15:54,26.84,15500,26.87,D
sh601126,四方股份,2025-10-21 11:16:07,26.84,13500,26.85,D
sh601126,四方股份,2025-10-21 11:16:13,26.86,11300,26.84,U
sh601126,四方股份,2025-10-21 11:16:16,26.82,20000,26.86,D
sh601126,四方股份,2025-10-21 11:16:28,26.79,99900,26.83,D
sh601126,四方股份,2025-10-21 11:16:31,26.82,7600,26.79,D
sh601126,四方股份,2025-10-21 11:16:34,26.84,7600,26.82,U
sh601126,四方股份,2025-10-21 11:16:46,26.83,9100,26.84,E
sh601126,四方股份,2025-10-21 11:16:49,26.83,8100,26.83,U
sh601126,四方股份,2025-10-21 11:16:52,26.83,14900,26.83,D
sh601126,四方股份,2025-10-21 11:17:04,26.78,9200,26.8,D
sh601126,四方股份,2025-10-21 11:17:25,26.8,7700,26.79,U
sh601126,四方股份,2025-10-21 11:17:40,26.77,46400,26.8,D
sh601126,四方股份,2025-10-21 11:17:42,26.77,8300,26.77,U
sh601126,四方股份,2025-10-21 11:17:49,26.76,12600,26.77,D
sh601126,四方股份,2025-10-21 11:17:58,26.75,7800,26.76,D
sh601126,四方股份,2025-10-21 11:18:07,26.72,178500,26.75,D
sh601126,四方股份,2025-10-21 11:18:10,26.74,13600,26.72,U
sh601126,四方股份,2025-10-21 11:18:22,26.65,59200,26.7,D
sh601126,四方股份,2025-10-21 11:18:30,26.65,17000,26.64,U
sh601126,四方股份,2025-10-21 11:18:34,26.66,9300,26.65,E
sh601126,四方股份,2025-10-21 11:18:55,26.69,26400,26.7,D
sh601126,四方股份,2025-10-21 11:19:04,26.7,14100,26.7,D
sh601126,四方股份,2025-10-21 11:19:13,26.7,9600,26.69,U
sh601126,四方股份,2025-10-21 11:19:34,26.67,10600,26.69,D
sh601126,四方股份,2025-10-21 11:20:01,26.7,12100,26.7,U
sh601126,四方股份,2025-10-21 11:20:16,26.69,60200,26.7,D
sh601126,四方股份,2025-10-21 11:20:19,26.71,24500,26.69,U
sh601126,四方股份,2025-10-21 11:20:40,26.8,15900,26.75,U
sh601126,四方股份,2025-10-21 11:20:43,26.81,41400,26.8,U
sh601126,四方股份,2025-10-21 11:20:46,26.83,9200,26.81,E
sh601126,四方股份,2025-10-21 11:20:52,26.81,16900,26.81,D
sh601126,四方股份,2025-10-21 11:20:55,26.81,9900,26.81,U
sh601126,四方股份,2025-10-21 11:21:01,26.81,20600,26.8,U
sh601126,四方股份,2025-10-21 11:21:04,26.81,41200,26.81,U
sh601126,四方股份,2025-10-21 11:21:07,26.79,38300,26.81,D
sh601126,四方股份,2025-10-21 11:21:19,26.82,44800,26.78,U
sh601126,四方股份,2025-10-21 11:21:52,26.87,53600,26.83,U
sh601126,四方股份,2025-10-21 11:21:55,26.88,11100,26.87,U
sh601126,四方股份,2025-10-21 11:22:28,26.85,48500,26.85,U
sh601126,四方股份,2025-10-21 11:22:37,26.91,38800,26.97,D
sh601126,四方股份,2025-10-21 11:22:43,26.96,14500,26.96,U
sh601126,四方股份,2025-10-21 11:22:46,26.99,140100,26.96,U
sh601126,四方股份,2025-10-21 11:22:49,26.99,7600,26.99,D
sh601126,四方股份,2025-10-21 11:23:07,26.96,15100,26.95,E
sh601126,四方股份,2025-10-21 11:23:16,27.01,17400,27.0,U
sh601126,四方股份,2025-10-21 11:23:25,27.02,10300,27.02,D
sh601126,四方股份,2025-10-21 11:23:28,27.01,16800,27.02,D
sh601126,四方股份,2025-10-21 11:23:37,26.99,8900,26.99,D
sh601126,四方股份,2025-10-21 11:23:55,27.0,51600,26.98,U
sh601126,四方股份,2025-10-21 11:24:28,26.97,10100,26.98,D
sh601126,四方股份,2025-10-21 11:24:40,27.0,39500,26.98,U
sh601126,四方股份,2025-10-21 11:24:43,27.01,32100,27.0,U
sh601126,四方股份,2025-10-21 11:24:52,27.08,18200,27.08,U
sh601126,四方股份,2025-10-21 11:24:55,27.08,19600,27.08,U
sh601126,四方股份,2025-10-21 11:25:19,26.99,13400,27.01,D
sh601126,四方股份,2025-10-21 11:26:03,26.9,12300,26.95,D
sh601126,四方股份,2025-10-21 11:26:07,26.99,94100,26.9,U
sh601126,四方股份,2025-10-21 11:26:13,26.99,11600,27.05,D
sh601126,四方股份,2025-10-21 11:26:19,26.99,135800,27.0,D
sh601126,四方股份,2025-10-21 11:26:22,26.99,11800,26.99,D
sh601126,四方股份,2025-10-21 11:26:25,26.99,16700,26.99,U
sh601126,四方股份,2025-10-21 11:26:28,27.05,129500,26.99,U
sh601126,四方股份,2025-10-21 11:26:31,27.08,9600,27.05,U
sh601126,四方股份,2025-10-21 11:26:34,27.09,13000,27.08,U
sh601126,四方股份,2025-10-21 11:26:46,27.1,9300,27.09,U
sh601126,四方股份,2025-10-21 11:27:22,26.98,13200,27.0,D
sh601126,四方股份,2025-10-21 11:27:46,26.93,12700,26.96,D
sh601126,四方股份,2025-10-21 11:28:10,26.92,21900,26.96,D
sh601126,四方股份,2025-10-21 11:28:22,26.92,10500,26.92,U
sh601126,四方股份,2025-10-21 11:28:34,26.91,14500,26.92,D
sh601126,四方股份,2025-10-21 11:28:37,26.88,10200,26.91,D
sh601126,四方股份,2025-10-21 11:29:01,26.9,8400,26.91,D
sh601126,四方股份,2025-10-21 11:29:13,26.84,15500,26.89,D
sh601126,四方股份,2025-10-21 11:29:31,26.82,12000,26.83,D
sh601126,四方股份,2025-10-21 11:29:34,26.82,12200,26.82,D
sh601126,四方股份,2025-10-21 11:29:46,26.8,14500,26.82,D
sh601126,四方股份,2025-10-21 11:29:59,26.79,14000,26.81,D
sh601126,四方股份,2025-10-21 13:00:03,26.86,14900,26.85,U
sh601126,四方股份,2025-10-21 13:00:07,26.86,16100,26.86,U
sh601126,四方股份,2025-10-21 13:00:10,26.79,18500,26.86,D
sh601126,四方股份,2025-10-21 13:00:13,26.79,31900,26.79,D
sh601126,四方股份,2025-10-21 13:00:16,26.78,12200,26.79,D
sh601126,四方股份,2025-10-21 13:00:19,26.77,19600,26.78,D
sh601126,四方股份,2025-10-21 13:00:22,26.77,23000,26.77,D
sh601126,四方股份,2025-10-21 13:00:25,26.77,31200,26.77,U
sh601126,四方股份,2025-10-21 13:00:28,26.73,9300,26.77,D
sh601126,四方股份,2025-10-21 13:00:34,26.7,44100,26.74,D
sh601126,四方股份,2025-10-21 13:00:37,26.69,16800,26.7,D
sh601126,四方股份,2025-10-21 13:00:49,26.74,8500,26.74,D
sh601126,四方股份,2025-10-21 13:00:52,26.72,7900,26.74,D
sh601126,四方股份,2025-10-21 13:00:55,26.74,7900,26.72,U
sh601126,四方股份,2025-10-21 13:01:10,26.75,29400,26.73,U
sh601126,四方股份,2025-10-21 13:01:13,26.76,13200,26.75,E
sh601126,四方股份,2025-10-21 13:01:25,26.77,20600,26.76,U
sh601126,四方股份,2025-10-21 13:01:34,26.77,35200,26.77,D
sh601126,四方股份,2025-10-21 13:01:46,26.76,14400,26.77,D
sh601126,四方股份,2025-10-21 13:02:04,26.71,50500,26.77,D
sh601126,四方股份,2025-10-21 13:02:25,26.7,38500,26.71,D
sh601126,四方股份,2025-10-21 13:02:28,26.7,11000,26.7,D
sh601126,四方股份,2025-10-21 13:02:55,26.75,8300,26.76,D
sh601126,四方股份,2025-10-21 13:03:28,26.76,31400,26.73,U
sh601126,四方股份,2025-10-21 13:03:40,26.71,59400,26.75,D
sh601126,四方股份,2025-10-21 13:04:01,26.72,28400,26.72,D
sh601126,四方股份,2025-10-21 13:04:16,26.72,9500,26.72,D
sh601126,四方股份,2025-10-21 13:04:22,26.73,11900,26.72,U
sh601126,四方股份,2025-10-21 13:04:25,26.73,13300,26.73,D
sh601126,四方股份,2025-10-21 13:04:40,26.7,181000,26.75,D
sh601126,四方股份,2025-10-21 13:04:43,26.7,9200,26.7,U
sh601126,四方股份,2025-10-21 13:04:55,26.69,36000,26.7,D
sh601126,四方股份,2025-10-21 13:05:01,26.69,11000,26.69,U
sh601126,四方股份,2025-10-21 13:05:07,26.66,58800,26.68,D
sh601126,四方股份,2025-10-21 13:05:22,26.7,58800,26.68,U
sh601126,四方股份,2025-10-21 13:05:31,26.69,18700,26.7,D
sh601126,四方股份,2025-10-21 13:05:33,26.68,63600,26.69,D
sh601126,四方股份,2025-10-21 13:05:46,26.65,10400,26.69,D
sh601126,四方股份,2025-10-21 13:05:52,26.69,11300,26.68,U
sh601126,四方股份,2025-10-21 13:06:25,26.7,79300,26.68,U
sh601126,四方股份,2025-10-21 13:06:37,26.7,14600,26.7,D
sh601126,四方股份,2025-10-21 13:06:46,26.7,14100,26.7,U
sh601126,四方股份,2025-10-21 13:06:52,26.7,22000,26.7,U
sh601126,四方股份,2025-10-21 13:06:55,26.71,41200,26.7,U
sh601126,四方股份,2025-10-21 13:06:58,26.73,99200,26.71,U
sh601126,四方股份,2025-10-21 13:07:10,26.7,15900,26.7,D
sh601126,四方股份,2025-10-21 13:07:13,26.7,9500,26.7,U
sh601126,四方股份,2025-10-21 13:07:22,26.69,8000,26.7,D
sh601126,四方股份,2025-10-21 13:07:28,26.69,48500,26.7,D
sh601126,四方股份,2025-10-21 13:07:46,26.72,38800,26.69,U
sh601126,四方股份,2025-10-21 13:08:10,26.72,8500,26.73,D
sh601126,四方股份,2025-10-21 13:08:16,26.68,20500,26.71,D
sh601126,四方股份,2025-10-21 13:08:34,26.67,7900,26.67,D
sh601126,四方股份,2025-10-21 13:08:37,26.68,7700,26.67,U
sh601126,四方股份,2025-10-21 13:08:43,26.67,9700,26.68,D
sh601126,四方股份,2025-10-21 13:08:46,26.68,91700,26.67,U
sh601126,四方股份,2025-10-21 13:08:52,26.72,39500,26.7,U
sh601126,四方股份,2025-10-21 13:09:07,26.72,12100,26.72,U
sh601126,四方股份,2025-10-21 13:09:10,26.72,8600,26.72,U
sh601126,四方股份,2025-10-21 13:09:13,26.72,15900,26.72,U
sh601126,四方股份,2025-10-21 13:09:58,26.75,8300,26.75,D
sh601126,四方股份,2025-10-21 13:10:13,26.78,121700,26.75,U
sh601126,四方股份,2025-10-21 13:10:16,26.79,33700,26.78,U
sh601126,四方股份,2025-10-21 13:10:28,26.82,13000,26.81,U
sh601126,四方股份,2025-10-21 13:10:31,26.79,16600,26.82,D
sh601126,四方股份,2025-10-21 13:10:34,26.82,13200,26.79,U
sh601126,四方股份,2025-10-21 13:10:49,26.82,7800,26.82,D
sh601126,四方股份,2025-10-21 13:11:37,26.8,8200,26.79,U
sh601126,四方股份,2025-10-21 13:11:46,26.83,7500,26.81,U
sh601126,四方股份,2025-10-21 13:11:49,26.83,33300,26.83,D
sh601126,四方股份,2025-10-21 13:11:55,26.83,9800,26.83,U
sh601126,四方股份,2025-10-21 13:12:13,26.83,11300,26.82,U
sh601126,四方股份,2025-10-21 13:12:19,26.82,10800,26.83,D
sh601126,四方股份,2025-10-21 13:12:55,26.84,34600,26.83,U
sh601126,四方股份,2025-10-21 13:13:13,26.87,7900,26.87,D
sh601126,四方股份,2025-10-21 13:13:19,26.88,11100,26.85,U
sh601126,四方股份,2025-10-21 13:13:31,26.89,22100,26.84,U
sh601126,四方股份,2025-10-21 13:13:55,26.89,11800,26.89,D
sh601126,四方股份,2025-10-21 13:13:58,26.88,15200,26.89,D
sh601126,四方股份,2025-10-21 13:14:04,26.89,18000,26.89,U
sh601126,四方股份,2025-10-21 13:14:07,26.9,22300,26.89,U
sh601126,四方股份,2025-10-21 13:14:13,26.88,32900,26.91,D
sh601126,四方股份,2025-10-21 13:14:16,26.89,17100,26.88,U
sh601126,四方股份,2025-10-21 13:14:31,26.88,31900,26.9,D
sh601126,四方股份,2025-10-21 13:14:40,26.89,11000,26.88,U
sh601126,四方股份,2025-10-21 13:14:43,26.91,7800,26.89,U
sh601126,四方股份,2025-10-21 13:14:58,26.9,7500,26.9,U
sh601126,四方股份,2025-10-21 13:15:07,26.91,8600,26.9,U
sh601126,四方股份,2025-10-21 13:15:16,26.92,7500,26.91,E
sh601126,四方股份,2025-10-21 13:15:19,26.92,20300,26.92,D
sh601126,四方股份,2025-10-21 13:15:31,26.96,12000,26.96,D
sh601126,四方股份,2025-10-21 13:15:37,26.96,11300,26.95,E
sh601126,四方股份,2025-10-21 13:15:40,26.96,8900,26.96,D
sh601126,四方股份,2025-10-21 13:16:13,26.97,11600,26.95,U
sh601126,四方股份,2025-10-21 13:16:37,26.96,30200,26.96,U
sh601126,四方股份,2025-10-21 13:16:40,26.96,26100,26.96,U
sh601126,四方股份,2025-10-21 13:16:43,27.0,40100,26.96,U
sh601126,四方股份,2025-10-21 13:16:46,27.0,59500,27.0,U
sh601126,四方股份,2025-10-21 13:16:49,26.99,35600,27.0,D
sh601126,四方股份,2025-10-21 13:16:52,27.0,17100,26.99,U
sh601126,四方股份,2025-10-21 13:16:55,27.0,32300,27.0,U
sh601126,四方股份,2025-10-21 13:16:58,27.02,48400,27.0,U
sh601126,四方股份,2025-10-21 13:17:00,27.02,30700,27.02,U
sh601126,四方股份,2025-10-21 13:17:04,27.02,17100,27.02,D
sh601126,四方股份,2025-10-21 13:17:22,27.0,23000,27.02,D
sh601126,四方股份,2025-10-21 13:17:25,26.99,18800,27.0,D
sh601126,四方股份,2025-10-21 13:17:58,26.91,24900,26.93,D
sh601126,四方股份,2025-10-21 13:18:07,26.89,9100,26.89,U
sh601126,四方股份,2025-10-21 13:18:25,26.92,31400,26.88,U
sh601126,四方股份,2025-10-21 13:18:28,26.88,11200,26.92,D
sh601126,四方股份,2025-10-21 13:18:31,26.88,12000,26.88,U
sh601126,四方股份,2025-10-21 13:19:10,26.85,13000,26.85,D
sh601126,四方股份,2025-10-21 13:19:13,26.83,31000,26.85,D
sh601126,四方股份,2025-10-21 13:19:22,26.85,18600,26.8,U
sh601126,四方股份,2025-10-21 13:19:25,26.8,20300,26.85,D
sh601126,四方股份,2025-10-21 13:19:31,26.83,7800,26.85,U
sh601126,四方股份,2025-10-21 13:19:40,26.79,43000,26.81,D
sh601126,四方股份,2025-10-21 13:19:46,26.75,41200,26.77,D
sh601126,四方股份,2025-10-21 13:19:49,26.78,14200,26.75,U
sh601126,四方股份,2025-10-21 13:20:22,26.85,40800,26.83,U
sh601126,四方股份,2025-10-21 13:20:31,26.83,16500,26.84,E
sh601126,四方股份,2025-10-21 13:20:34,26.86,12000,26.83,U
sh601126,四方股份,2025-10-21 13:20:52,26.84,14600,26.81,U
sh601126,四方股份,2025-10-21 13:20:55,26.78,34000,26.84,D
sh601126,四方股份,2025-10-21 13:20:57,26.84,27300,26.78,U
sh601126,四方股份,2025-10-21 13:21:04,26.83,7600,26.84,E
sh601126,四方股份,2025-10-21 13:21:52,26.81,14400,26.81,D
sh601126,四方股份,2025-10-21 13:22:04,26.79,121000,26.81,D
sh601126,四方股份,2025-10-21 13:22:34,26.81,17300,26.81,U
sh601126,四方股份,2025-10-21 13:23:10,26.8,25800,26.82,D
sh601126,四方股份,2025-10-21 13:23:13,26.75,27000,26.8,D
sh601126,四方股份,2025-10-21 13:23:30,26.7,73500,26.75,D
sh601126,四方股份,2025-10-21 13:23:37,26.73,12300,26.73,U
sh601126,四方股份,2025-10-21 13:24:43,26.78,10700,26.75,U
sh601126,四方股份,2025-10-21 13:24:45,26.74,8000,26.78,D
sh601126,四方股份,2025-10-21 13:25:16,26.77,11200,26.77,D
sh601126,四方股份,2025-10-21 13:25:31,26.76,50600,26.77,D
sh601126,四方股份,2025-10-21 13:26:13,26.71,20200,26.74,D
sh601126,四方股份,2025-10-21 13:26:28,26.72,9100,26.72,D
sh601126,四方股份,2025-10-21 13:26:34,26.69,51400,26.72,D
sh601126,四方股份,2025-10-21 13:26:37,26.7,13300,26.69,U
sh601126,四方股份,2025-10-21 13:26:52,26.7,19200,26.72,D
sh601126,四方股份,2025-10-21 13:28:04,26.79,13500,26.77,U
sh601126,四方股份,2025-10-21 13:28:06,26.76,9600,26.79,D
sh601126,四方股份,2025-10-21 13:28:36,26.79,10500,26.79,U
sh601126,四方股份,2025-10-21 13:29:01,26.76,28700,26.77,D
sh601126,四方股份,2025-10-21 13:29:04,26.76,10700,26.76,U
sh601126,四方股份,2025-10-21 13:30:01,26.75,23400,26.76,D
sh601126,四方股份,2025-10-21 13:30:10,26.72,63600,26.75,D
sh601126,四方股份,2025-10-21 13:30:13,26.72,13900,26.72,E
sh601126,四方股份,2025-10-21 13:30:25,26.72,8200,26.71,U
sh601126,四方股份,2025-10-21 13:30:28,26.72,8300,26.72,U
sh601126,四方股份,2025-10-21 13:30:34,26.7,14100,26.72,D
sh601126,四方股份,2025-10-21 13:30:37,26.7,13400,26.7,U
sh601126,四方股份,2025-10-21 13:31:00,26.69,14800,26.69,U
sh601126,四方股份,2025-10-21 13:31:04,26.68,17500,26.69,D
sh601126,四方股份,2025-10-21 13:31:10,26.69,43000,26.68,U
sh601126,四方股份,2025-10-21 13:31:13,26.74,11100,26.69,U
sh601126,四方股份,2025-10-21 13:31:22,26.73,15300,26.76,D
sh601126,四方股份,2025-10-21 13:31:36,26.72,14300,26.71,U
sh601126,四方股份,2025-10-21 13:31:42,26.77,20100,26.72,U
sh601126,四方股份,2025-10-21 13:32:04,26.71,51300,26.76,D
sh601126,四方股份,2025-10-21 13:32:07,26.75,8800,26.71,D
sh601126,四方股份,2025-10-21 13:32:24,26.75,14300,26.74,U
sh601126,四方股份,2025-10-21 13:32:31,26.75,14700,26.74,D
sh601126,四方股份,2025-10-21 13:33:07,26.79,15000,26.81,D
sh601126,四方股份,2025-10-21 13:33:19,26.78,12500,26.79,D
sh601126,四方股份,2025-10-21 13:33:25,26.78,12100,26.78,U
sh601126,四方股份,2025-10-21 13:33:34,26.75,23400,26.77,D
sh601126,四方股份,2025-10-21 13:33:40,26.75,11700,26.75,U
sh601126,四方股份,2025-10-21 13:34:25,26.75,15000,26.74,U
sh601126,四方股份,2025-10-21 13:34:46,26.76,8600,26.77,D
sh601126,四方股份,2025-10-21 13:35:10,26.71,56600,26.76,D
sh601126,四方股份,2025-10-21 13:35:13,26.72,34100,26.71,U
sh601126,四方股份,2025-10-21 13:35:16,26.71,9000,26.72,D
sh601126,四方股份,2025-10-21 13:35:19,26.72,8200,26.71,U
sh601126,四方股份,2025-10-21 13:36:01,26.75,14200,26.74,U
sh601126,四方股份,2025-10-21 13:36:10,26.75,9800,26.75,U
sh601126,四方股份,2025-10-21 13:36:40,26.68,50300,26.73,D
sh601126,四方股份,2025-10-21 13:36:43,26.69,9000,26.68,U
sh601126,四方股份,2025-10-21 13:36:55,26.68,15400,26.69,D
sh601126,四方股份,2025-10-21 13:37:01,26.7,7600,26.69,D
sh601126,四方股份,2025-10-21 13:37:07,26.69,8400,26.69,D
sh601126,四方股份,2025-10-21 13:37:13,26.68,8600,26.69,D
sh601126,四方股份,2025-10-21 13:37:16,26.6,31800,26.68,D
sh601126,四方股份,2025-10-21 13:37:25,26.67,8300,26.67,U
sh601126,四方股份,2025-10-21 13:37:28,26.66,21800,26.67,D
sh601126,四方股份,2025-10-21 13:37:31,26.65,31700,26.66,D
sh601126,四方股份,2025-10-21 13:37:34,26.66,10700,26.65,U
sh601126,四方股份,2025-10-21 13:37:37,26.6,53600,26.66,D
sh601126,四方股份,2025-10-21 13:37:40,26.66,52300,26.6,U
sh601126,四方股份,2025-10-21 13:37:58,26.64,23200,26.63,U
sh601126,四方股份,2025-10-21 13:38:04,26.6,22877,26.62,D
sh601126,四方股份,2025-10-21 13:38:07,26.6,24677,26.6,U
sh601126,四方股份,2025-10-21 13:38:10,26.6,9023,26.6,U
sh601126,四方股份,2025-10-21 13:38:19,26.58,30800,26.58,D
sh601126,四方股份,2025-10-21 13:38:25,26.58,20800,26.58,U
sh601126,四方股份,2025-10-21 13:38:31,26.59,44500,26.57,U
sh601126,四方股份,2025-10-21 13:38:45,26.58,35700,26.58,E
sh601126,四方股份,2025-10-21 13:38:52,26.57,8100,26.57,D
sh601126,四方股份,2025-10-21 13:38:55,26.54,20300,26.57,D
sh601126,四方股份,2025-10-21 13:38:58,26.53,8200,26.54,D
sh601126,四方股份,2025-10-21 13:39:01,26.54,10800,26.53,E
sh601126,四方股份,2025-10-21 13:39:04,26.51,81300,26.54,D
sh601126,四方股份,2025-10-21 13:39:07,26.49,72200,26.51,D
sh601126,四方股份,2025-10-21 13:39:10,26.49,204600,26.49,U
sh601126,四方股份,2025-10-21 13:39:13,26.49,24400,26.49,D
sh601126,四方股份,2025-10-21 13:39:16,26.53,8100,26.49,U
sh601126,四方股份,2025-10-21 13:39:22,26.53,8900,26.54,D
sh601126,四方股份,2025-10-21 13:39:28,26.54,7800,26.55,D
sh601126,四方股份,2025-10-21 13:39:34,26.52,48900,26.49,U
sh601126,四方股份,2025-10-21 13:39:37,26.52,76700,26.52,U
sh601126,四方股份,2025-10-21 13:39:39,26.52,27000,26.52,D
sh601126,四方股份,2025-10-21 13:39:43,26.52,64000,26.52,D
sh601126,四方股份,2025-10-21 13:39:46,26.52,8900,26.52,U
sh601126,四方股份,2025-10-21 13:39:52,26.52,7600,26.52,D
sh601126,四方股份,2025-10-21 13:39:58,26.5,50100,26.52,D
sh601126,四方股份,2025-10-21 13:40:01,26.52,42700,26.5,U
sh601126,四方股份,2025-10-21 13:40:13,26.51,11000,26.51,D
sh601126,四方股份,2025-10-21 13:40:16,26.51,11800,26.51,U
sh601126,四方股份,2025-10-21 13:40:19,26.52,20500,26.51,U
sh601126,四方股份,2025-10-21 13:40:22,26.53,37000,26.52,U
sh601126,四方股份,2025-10-21 13:40:25,26.54,21000,26.53,U
sh601126,四方股份,2025-10-21 13:40:31,26.53,7800,26.54,D
sh601126,四方股份,2025-10-21 13:40:34,26.54,17500,26.53,U
sh601126,四方股份,2025-10-21 13:40:40,26.51,27300,26.53,D
sh601126,四方股份,2025-10-21 13:40:43,26.51,15900,26.51,U
sh601126,四方股份,2025-10-21 13:40:46,26.54,47000,26.51,U
sh601126,四方股份,2025-10-21 13:40:55,26.52,10900,26.52,U
sh601126,四方股份,2025-10-21 13:40:58,26.52,8400,26.52,U
sh601126,四方股份,2025-10-21 13:41:04,26.52,15000,26.52,U
sh601126,四方股份,2025-10-21 13:41:07,26.52,24300,26.52,U
sh601126,四方股份,2025-10-21 13:41:10,26.51,13700,26.52,D
sh601126,四方股份,2025-10-21 13:41:22,26.52,19900,26.53,D
sh601126,四方股份,2025-10-21 13:41:27,26.53,20800,26.53,U
sh601126,四方股份,2025-10-21 13:41:31,26.54,13000,26.53,E
sh601126,四方股份,2025-10-21 13:41:34,26.55,10200,26.54,U
sh601126,四方股份,2025-10-21 13:41:37,26.55,9300,26.55,D
sh601126,四方股份,2025-10-21 13:41:43,26.54,8000,26.54,D
sh601126,四方股份,2025-10-21 13:41:49,26.54,27000,26.55,D
sh601126,四方股份,2025-10-21 13:41:58,26.52,38300,26.55,D
sh601126,四方股份,2025-10-21 13:42:01,26.53,22000,26.52,U
sh601126,四方股份,2025-10-21 13:42:04,26.51,25100,26.53,D
sh601126,四方股份,2025-10-21 13:42:07,26.5,20800,26.51,D
sh601126,四方股份,2025-10-21 13:42:10,26.5,9300,26.5,D
sh601126,四方股份,2025-10-21 13:42:16,26.5,12000,26.5,D
sh601126,四方股份,2025-10-21 13:42:19,26.5,8500,26.5,D
sh601126,四方股份,2025-10-21 13:42:25,26.5,10100,26.5,D
sh601126,四方股份,2025-10-21 13:42:28,26.5,7900,26.5,D
sh601126,四方股份,2025-10-21 13:42:34,26.52,30100,26.5,U
sh601126,四方股份,2025-10-21 13:42:37,26.5,90900,26.52,D
sh601126,四方股份,2025-10-21 13:42:40,26.5,12600,26.5,U
sh601126,四方股份,2025-10-21 13:42:46,26.49,10600,26.49,D
sh601126,四方股份,2025-10-21 13:42:49,26.49,15700,26.49,D
sh601126,四方股份,2025-10-21 13:42:52,26.46,62600,26.49,D
sh601126,四方股份,2025-10-21 13:42:58,26.46,50400,26.45,U
sh601126,四方股份,2025-10-21 13:43:04,26.46,52900,26.49,E
sh601126,四方股份,2025-10-21 13:43:07,26.46,23100,26.46,U
sh601126,四方股份,2025-10-21 13:43:16,26.46,24700,26.46,D
sh601126,四方股份,2025-10-21 13:43:19,26.46,9000,26.46,U
sh601126,四方股份,2025-10-21 13:43:28,26.45,14300,26.45,D
sh601126,四方股份,2025-10-21 13:43:31,26.45,8200,26.45,U
sh601126,四方股份,2025-10-21 13:43:34,26.44,19200,26.45,D
sh601126,四方股份,2025-10-21 13:43:37,26.44,17800,26.44,D
sh601126,四方股份,2025-10-21 13:43:40,26.43,32300,26.44,D
sh601126,四方股份,2025-10-21 13:43:46,26.43,28900,26.44,D
sh601126,四方股份,2025-10-21 13:43:52,26.43,54800,26.45,D
sh601126,四方股份,2025-10-21 13:43:55,26.43,25900,26.43,U
sh601126,四方股份,2025-10-21 13:43:58,26.4,45600,26.43,D
sh601126,四方股份,2025-10-21 13:44:01,26.41,52500,26.4,E
sh601126,四方股份,2025-10-21 13:44:04,26.4,30200,26.41,D
sh601126,四方股份,2025-10-21 13:44:07,26.43,8700,26.4,D
sh601126,四方股份,2025-10-21 13:44:10,26.43,101700,26.43,D
sh601126,四方股份,2025-10-21 13:44:13,26.44,8800,26.43,U
sh601126,四方股份,2025-10-21 13:44:28,26.46,22600,26.46,D
sh601126,四方股份,2025-10-21 13:44:31,26.46,12500,26.46,U
sh601126,四方股份,2025-10-21 13:44:49,26.46,10500,26.46,U
sh601126,四方股份,2025-10-21 13:44:52,26.46,12000,26.46,D
sh601126,四方股份,2025-10-21 13:45:04,26.48,12900,26.48,U
sh601126,四方股份,2025-10-21 13:45:10,26.42,61000,26.48,D
sh601126,四方股份,2025-10-21 13:45:13,26.37,43300,26.42,D
sh601126,四方股份,2025-10-21 13:45:16,26.37,18500,26.37,E
sh601126,四方股份,2025-10-21 13:45:22,26.37,12000,26.37,D
sh601126,四方股份,2025-10-21 13:45:25,26.38,13500,26.37,D
sh601126,四方股份,2025-10-21 13:45:28,26.42,9100,26.38,U
sh601126,四方股份,2025-10-21 13:45:36,26.38,29400,26.38,D
sh601126,四方股份,2025-10-21 13:45:40,26.38,24900,26.38,E
sh601126,四方股份,2025-10-21 13:45:49,26.42,20600,26.39,U
sh601126,四方股份,2025-10-21 13:45:52,26.39,23000,26.42,D
sh601126,四方股份,2025-10-21 13:45:55,26.39,8200,26.39,D
sh601126,四方股份,2025-10-21 13:45:58,26.39,15200,26.39,D
sh601126,四方股份,2025-10-21 13:46:01,26.41,35000,26.39,U
sh601126,四方股份,2025-10-21 13:46:04,26.41,12000,26.41,U
sh601126,四方股份,2025-10-21 13:46:07,26.45,8800,26.41,U
sh601126,四方股份,2025-10-21 13:46:10,26.46,15900,26.45,U
sh601126,四方股份,2025-10-21 13:46:12,26.44,7900,26.46,D
sh601126,四方股份,2025-10-21 13:46:24,26.43,46800,26.42,U
sh601126,四方股份,2025-10-21 13:46:28,26.43,8200,26.43,D
sh601126,四方股份,2025-10-21 13:47:19,26.51,17500,26.48,U
sh601126,四方股份,2025-10-21 13:47:25,26.51,8600,26.52,D
sh601126,四方股份,2025-10-21 13:47:28,26.51,10500,26.51,D
sh601126,四方股份,2025-10-21 13:47:37,26.51,37000,26.52,D
sh601126,四方股份,2025-10-21 13:47:52,26.5,8100,26.51,D
sh601126,四方股份,2025-10-21 13:47:58,26.5,9200,26.5,U
sh601126,四方股份,2025-10-21 13:48:01,26.49,14600,26.5,D
sh601126,四方股份,2025-10-21 13:48:16,26.47,14600,26.48,D
sh601126,四方股份,2025-10-21 13:48:31,26.46,9100,26.46,D
sh601126,四方股份,2025-10-21 13:48:37,26.45,18900,26.46,D
sh601126,四方股份,2025-10-21 13:48:55,26.42,17300,26.43,D
sh601126,四方股份,2025-10-21 13:49:13,26.43,8900,26.43,U
sh601126,四方股份,2025-10-21 13:49:19,26.43,11300,26.43,D
sh601126,四方股份,2025-10-21 13:49:31,26.43,7700,26.43,U
sh601126,四方股份,2025-10-21 13:49:37,26.4,9700,26.43,D
sh601126,四方股份,2025-10-21 13:49:55,26.4,7900,26.4,U
sh601126,四方股份,2025-10-21 13:50:01,26.41,19700,26.39,U
sh601126,四方股份,2025-10-21 13:50:04,26.39,8800,26.41,D
sh601126,四方股份,2025-10-21 13:50:13,26.38,8000,26.39,D
sh601126,四方股份,2025-10-21 13:50:19,26.41,13200,26.39,U
sh601126,四方股份,2025-10-21 13:50:22,26.41,14400,26.41,U
sh601126,四方股份,2025-10-21 13:50:31,26.39,10500,26.39,D
sh601126,四方股份,2025-10-21 13:50:34,26.38,18600,26.39,D
sh601126,四方股份,2025-10-21 13:50:43,26.39,17300,26.38,U
sh601126,四方股份,2025-10-21 13:50:46,26.4,18200,26.39,U
sh601126,四方股份,2025-10-21 13:50:49,26.39,28200,26.4,D
sh601126,四方股份,2025-10-21 13:51:04,26.41,12000,26.42,E
sh601126,四方股份,2025-10-21 13:51:22,26.41,10200,26.41,D
sh601126,四方股份,2025-10-21 13:51:37,26.4,25400,26.4,D
sh601126,四方股份,2025-10-21 13:51:39,26.38,25900,26.4,D
sh601126,四方股份,2025-10-21 13:51:46,26.38,100600,26.38,D
sh601126,四方股份,2025-10-21 13:51:49,26.37,22000,26.38,U
sh601126,四方股份,2025-10-21 13:51:51,26.37,12000,26.37,U
sh601126,四方股份,2025-10-21 13:51:58,26.32,30700,26.32,D
sh601126,四方股份,2025-10-21 13:52:01,26.32,25600,26.32,D
sh601126,四方股份,2025-10-21 13:52:04,26.36,236800,26.32,E
sh601126,四方股份,2025-10-21 13:52:07,26.32,44900,26.36,D
sh601126,四方股份,2025-10-21 13:52:10,26.38,20200,26.32,U
sh601126,四方股份,2025-10-21 13:52:13,26.39,26100,26.38,E
sh601126,四方股份,2025-10-21 13:52:16,26.4,10000,26.39,D
sh601126,四方股份,2025-10-21 13:52:34,26.39,19900,26.4,D
sh601126,四方股份,2025-10-21 13:52:40,26.42,8900,26.41,U
sh601126,四方股份,2025-10-21 13:52:42,26.41,14400,26.42,D
sh601126,四方股份,2025-10-21 13:52:52,26.39,21600,26.4,D
sh601126,四方股份,2025-10-21 13:53:16,26.36,13800,26.37,D
sh601126,四方股份,2025-10-21 13:53:31,26.39,19800,26.35,U
sh601126,四方股份,2025-10-21 13:53:34,26.36,42100,26.39,D
sh601126,四方股份,2025-10-21 13:54:06,26.37,31900,26.35,U
sh601126,四方股份,2025-10-21 13:54:18,26.3,41900,26.32,D
sh601126,四方股份,2025-10-21 13:54:22,26.34,9000,26.3,D
sh601126,四方股份,2025-10-21 13:54:25,26.34,27500,26.34,U
sh601126,四方股份,2025-10-21 13:54:28,26.33,9600,26.34,D
sh601126,四方股份,2025-10-21 13:54:31,26.33,22800,26.33,U
sh601126,四方股份,2025-10-21 13:54:34,26.3,34300,26.33,D
sh601126,四方股份,2025-10-21 13:54:37,26.31,18206,26.3,U
sh601126,四方股份,2025-10-21 13:54:40,26.3,10700,26.31,D
sh601126,四方股份,2025-10-21 13:54:46,26.3,32300,26.31,D
sh601126,四方股份,2025-10-21 13:54:49,26.29,54994,26.3,D
sh601126,四方股份,2025-10-21 13:54:52,26.31,21800,26.29,U
sh601126,四方股份,2025-10-21 13:54:55,26.31,25600,26.31,D
sh601126,四方股份,2025-10-21 13:54:58,26.3,107606,26.31,D
sh601126,四方股份,2025-10-21 13:55:01,26.29,69800,26.3,D
sh601126,四方股份,2025-10-21 13:55:04,26.29,32000,26.29,D
sh601126,四方股份,2025-10-21 13:55:07,26.31,33700,26.29,U
sh601126,四方股份,2025-10-21 13:55:10,26.3,35000,26.31,D
sh601126,四方股份,2025-10-21 13:55:13,26.36,32100,26.3,U
sh601126,四方股份,2025-10-21 13:55:16,26.36,17400,26.36,U
sh601126,四方股份,2025-10-21 13:55:19,26.38,25400,26.36,U
sh601126,四方股份,2025-10-21 13:55:22,26.36,19000,26.38,D
sh601126,四方股份,2025-10-21 13:55:24,26.35,61100,26.36,D
sh601126,四方股份,2025-10-21 13:55:28,26.35,12500,26.35,D
sh601126,四方股份,2025-10-21 13:55:31,26.35,18400,26.35,D
sh601126,四方股份,2025-10-21 13:55:49,26.34,125100,26.32,U
sh601126,四方股份,2025-10-21 13:55:52,26.35,52200,26.34,U
sh601126,四方股份,2025-10-21 13:55:54,26.34,30600,26.35,E
sh601126,四方股份,2025-10-21 13:55:58,26.33,11400,26.34,D
sh601126,四方股份,2025-10-21 13:56:01,26.33,91100,26.33,U
sh601126,四方股份,2025-10-21 13:56:04,26.36,22700,26.33,U
sh601126,四方股份,2025-10-21 13:56:07,26.3,68300,26.36,D
sh601126,四方股份,2025-10-21 13:56:10,26.3,26200,26.3,U
sh601126,四方股份,2025-10-21 13:56:13,26.3,9200,26.3,U
sh601126,四方股份,2025-10-21 13:56:16,26.31,51700,26.3,U
sh601126,四方股份,2025-10-21 13:56:22,26.3,8000,26.29,D
sh601126,四方股份,2025-10-21 13:56:28,26.3,24200,26.29,E
sh601126,四方股份,2025-10-21 13:56:31,26.31,13300,26.3,U
sh601126,四方股份,2025-10-21 13:56:34,26.29,9400,26.31,D
sh601126,四方股份,2025-10-21 13:56:37,26.31,15600,26.29,U
sh601126,四方股份,2025-10-21 13:56:46,26.29,31100,26.29,D
sh601126,四方股份,2025-10-21 13:56:49,26.29,23000,26.29,U
sh601126,四方股份,2025-10-21 13:56:52,26.29,9900,26.29,U
sh601126,四方股份,2025-10-21 13:56:58,26.29,52200,26.29,U
sh601126,四方股份,2025-10-21 13:57:01,26.3,94100,26.29,U
sh601126,四方股份,2025-10-21 13:57:04,26.33,20600,26.3,U
sh601126,四方股份,2025-10-21 13:57:07,26.32,19300,26.33,D
sh601126,四方股份,2025-10-21 13:57:10,26.34,13500,26.32,U
sh601126,四方股份,2025-10-21 13:57:13,26.31,21900,26.34,D
sh601126,四方股份,2025-10-21 13:57:22,26.33,12500,26.33,D
sh601126,四方股份,2025-10-21 13:57:25,26.35,8900,26.33,U
sh601126,四方股份,2025-10-21 13:57:28,26.37,47300,26.35,U
sh601126,四方股份,2025-10-21 13:57:30,26.36,11000,26.37,D
sh601126,四方股份,2025-10-21 13:57:58,26.4,52500,26.39,U
sh601126,四方股份,2025-10-21 13:58:01,26.39,10900,26.4,E
sh601126,四方股份,2025-10-21 13:58:07,26.35,40900,26.4,D
sh601126,四方股份,2025-10-21 13:58:10,26.35,12900,26.35,U
sh601126,四方股份,2025-10-21 13:58:19,26.34,8800,26.34,D
sh601126,四方股份,2025-10-21 13:58:22,26.34,10400,26.34,D
sh601126,四方股份,2025-10-21 13:58:25,26.31,60000,26.34,D
sh601126,四方股份,2025-10-21 13:58:28,26.33,14300,26.31,E
sh601126,四方股份,2025-10-21 13:58:31,26.32,27400,26.33,E
sh601126,四方股份,2025-10-21 13:58:37,26.4,10100,26.31,U
sh601126,四方股份,2025-10-21 13:58:40,26.31,11700,26.4,D
sh601126,四方股份,2025-10-21 13:58:43,26.39,24500,26.31,U
sh601126,四方股份,2025-10-21 13:58:49,26.33,12400,26.39,D
sh601126,四方股份,2025-10-21 13:58:52,26.34,28300,26.33,E
sh601126,四方股份,2025-10-21 13:59:01,26.34,12300,26.4,D
sh601126,四方股份,2025-10-21 13:59:19,26.34,11800,26.35,D
sh601126,四方股份,2025-10-21 13:59:52,26.36,12800,26.34,U
sh601126,四方股份,2025-10-21 14:00:19,26.35,18000,26.35,U
sh601126,四方股份,2025-10-21 14:00:25,26.37,9300,26.35,U
sh601126,四方股份,2025-10-21 14:00:34,26.41,23700,26.38,U
sh601126,四方股份,2025-10-21 14:00:37,26.43,64900,26.41,U
sh601126,四方股份,2025-10-21 14:00:40,26.42,43700,26.43,D
sh601126,四方股份,2025-10-21 14:00:43,26.42,10000,26.42,D
sh601126,四方股份,2025-10-21 14:00:46,26.45,12600,26.42,U
sh601126,四方股份,2025-10-21 14:00:49,26.45,34700,26.45,D
sh601126,四方股份,2025-10-21 14:00:52,26.46,7800,26.45,D
sh601126,四方股份,2025-10-21 14:00:55,26.46,13700,26.46,U
sh601126,四方股份,2025-10-21 14:01:04,26.48,12100,26.47,U
sh601126,四方股份,2025-10-21 14:01:31,26.5,13500,26.48,U
sh601126,四方股份,2025-10-21 14:01:34,26.52,8300,26.5,U
sh601126,四方股份,2025-10-21 14:01:37,26.5,8700,26.52,D
sh601126,四方股份,2025-10-21 14:01:40,26.51,8400,26.5,U
sh601126,四方股份,2025-10-21 14:01:43,26.5,9300,26.51,E
sh601126,四方股份,2025-10-21 14:01:46,26.49,9300,26.5,D
sh601126,四方股份,2025-10-21 14:01:55,26.49,11300,26.49,U
sh601126,四方股份,2025-10-21 14:01:58,26.48,20200,26.49,D
sh601126,四方股份,2025-10-21 14:02:01,26.48,12800,26.48,U
sh601126,四方股份,2025-10-21 14:02:07,26.5,21200,26.48,U
sh601126,四方股份,2025-10-21 14:02:10,26.54,15800,26.5,U
sh601126,四方股份,2025-10-21 14:02:13,26.54,12000,26.54,D
sh601126,四方股份,2025-10-21 14:02:16,26.54,15800,26.54,D
sh601126,四方股份,2025-10-21 14:02:19,26.52,10100,26.54,D
sh601126,四方股份,2025-10-21 14:02:21,26.52,13100,26.52,D
sh601126,四方股份,2025-10-21 14:02:37,26.49,9200,26.5,D
sh601126,四方股份,2025-10-21 14:02:49,26.48,24000,26.49,D
sh601126,四方股份,2025-10-21 14:03:10,26.45,80400,26.48,D
sh601126,四方股份,2025-10-21 14:03:13,26.44,34900,26.45,D
sh601126,四方股份,2025-10-21 14:03:22,26.47,11500,26.46,U
sh601126,四方股份,2025-10-21 14:03:25,26.48,8900,26.47,U
sh601126,四方股份,2025-10-21 14:03:28,26.46,19600,26.48,D
sh601126,四方股份,2025-10-21 14:03:34,26.44,16300,26.46,D
sh601126,四方股份,2025-10-21 14:03:43,26.46,28500,26.45,U
sh601126,四方股份,2025-10-21 14:03:46,26.46,15900,26.46,U
sh601126,四方股份,2025-10-21 14:04:04,26.42,20900,26.45,D
sh601126,四方股份,2025-10-21 14:04:07,26.41,18100,26.42,D
sh601126,四方股份,2025-10-21 14:04:16,26.43,13200,26.43,U
sh601126,四方股份,2025-10-21 14:04:22,26.44,14100,26.42,U
sh601126,四方股份,2025-10-21 14:04:28,26.46,53600,26.43,U
sh601126,四方股份,2025-10-21 14:04:31,26.48,11100,26.46,U
sh601126,四方股份,2025-10-21 14:04:40,26.49,9100,26.49,D
sh601126,四方股份,2025-10-21 14:04:58,26.47,25200,26.48,D
sh601126,四方股份,2025-10-21 14:05:22,26.51,67900,26.46,U
sh601126,四方股份,2025-10-21 14:05:28,26.51,10000,26.51,U
sh601126,四方股份,2025-10-21 14:05:34,26.5,25100,26.5,D
sh601126,四方股份,2025-10-21 14:06:04,26.5,9300,26.5,U
sh601126,四方股份,2025-10-21 14:06:07,26.49,12100,26.5,D
sh601126,四方股份,2025-10-21 14:06:13,26.49,9200,26.5,D
sh601126,四方股份,2025-10-21 14:06:22,26.49,17400,26.49,U
sh601126,四方股份,2025-10-21 14:06:31,26.49,12400,26.48,U
sh601126,四方股份,2025-10-21 14:06:37,26.48,21100,26.49,D
sh601126,四方股份,2025-10-21 14:06:43,26.48,14600,26.48,U
sh601126,四方股份,2025-10-21 14:06:46,26.5,11600,26.48,U
sh601126,四方股份,2025-10-21 14:07:10,26.46,19100,26.49,D
sh601126,四方股份,2025-10-21 14:07:13,26.44,39600,26.46,D
sh601126,四方股份,2025-10-21 14:07:22,26.46,10600,26.45,U
sh601126,四方股份,2025-10-21 14:07:49,26.49,9400,26.47,U
sh601126,四方股份,2025-10-21 14:07:55,26.46,14300,26.48,D
sh601126,四方股份,2025-10-21 14:08:01,26.49,16400,26.48,U
sh601126,四方股份,2025-10-21 14:08:04,26.49,25100,26.49,D
sh601126,四方股份,2025-10-21 14:08:10,26.5,8300,26.49,U
sh601126,四方股份,2025-10-21 14:08:31,26.49,9300,26.51,D
sh601126,四方股份,2025-10-21 14:08:40,26.46,46700,26.49,D
sh601126,四方股份,2025-10-21 14:08:43,26.46,25400,26.46,U
sh601126,四方股份,2025-10-21 14:08:46,26.46,33900,26.46,U
sh601126,四方股份,2025-10-21 14:08:52,26.45,15600,26.46,D
sh601126,四方股份,2025-10-21 14:08:58,26.45,16900,26.45,U
sh601126,四方股份,2025-10-21 14:09:01,26.45,31000,26.45,U
sh601126,四方股份,2025-10-21 14:09:10,26.45,70000,26.48,D
sh601126,四方股份,2025-10-21 14:09:13,26.45,33000,26.45,U
sh601126,四方股份,2025-10-21 14:09:25,26.46,10800,26.49,D
sh601126,四方股份,2025-10-21 14:09:28,26.48,8200,26.46,U
sh601126,四方股份,2025-10-21 14:09:31,26.43,19000,26.48,D
sh601126,四方股份,2025-10-21 14:09:34,26.45,23500,26.43,E
sh601126,四方股份,2025-10-21 14:09:52,26.45,12700,26.45,D
sh601126,四方股份,2025-10-21 14:09:55,26.45,15000,26.45,U
sh601126,四方股份,2025-10-21 14:09:58,26.44,18300,26.45,D
sh601126,四方股份,2025-10-21 14:10:07,26.44,11200,26.44,D
sh601126,四方股份,2025-10-21 14:10:10,26.45,24700,26.44,U
sh601126,四方股份,2025-10-21 14:10:19,26.44,14000,26.45,D
sh601126,四方股份,2025-10-21 14:10:25,26.46,51200,26.44,U
sh601126,四方股份,2025-10-21 14:10:37,26.45,8300,26.45,D
sh601126,四方股份,2025-10-21 14:10:40,26.46,14100,26.45,U
sh601126,四方股份,2025-10-21 14:11:07,26.49,30600,26.48,U
sh601126,四方股份,2025-10-21 14:11:13,26.49,15200,26.48,U
sh601126,四方股份,2025-10-21 14:11:16,26.5,12200,26.49,U
