symbol,name,ticktime,price,volume,prev_price,kind
sh601126,四方股份,2025-10-10 09:25:01,20.65,325900,0.0,U
sh601126,四方股份,2025-10-10 09:30:04,20.68,39300,20.68,D
sh601126,四方股份,2025-10-10 09:30:07,20.65,32900,20.68,D
sh601126,四方股份,2025-10-10 09:30:10,20.68,174900,20.65,U
sh601126,四方股份,2025-10-10 09:30:13,20.68,39500,20.68,D
sh601126,四方股份,2025-10-10 09:30:16,20.65,17300,20.68,E
sh601126,四方股份,2025-10-10 09:30:19,20.64,10200,20.65,E
sh601126,四方股份,2025-10-10 09:30:22,20.64,20200,20.64,U
sh601126,四方股份,2025-10-10 09:30:25,20.64,10300,20.64,U
sh601126,四方股份,2025-10-10 09:30:28,20.64,21700,20.64,U
sh601126,四方股份,2025-10-10 09:30:31,20.61,23700,20.64,E
sh601126,四方股份,2025-10-10 09:30:35,20.66,84400,20.61,U
sh601126,四方股份,2025-10-10 09:30:37,20.65,25800,20.66,D
sh601126,四方股份,2025-10-10 09:30:40,20.64,25400,20.65,D
sh601126,四方股份,2025-10-10 09:30:43,20.67,64800,20.64,E
sh601126,四方股份,2025-10-10 09:30:46,20.67,64100,20.67,D
sh601126,四方股份,2025-10-10 09:30:49,20.65,41600,20.67,E
sh601126,四方股份,2025-10-10 09:30:52,20.68,45800,20.65,E
sh601126,四方股份,2025-10-10 09:30:55,20.67,63200,20.68,D
sh601126,四方股份,2025-10-10 09:30:58,20.69,47800,20.67,U
sh601126,四方股份,2025-10-10 09:31:01,20.73,49600,20.69,U
sh601126,四方股份,2025-10-10 09:31:04,20.73,14600,20.73,U
sh601126,四方股份,2025-10-10 09:31:07,20.74,82700,20.73,U
sh601126,四方股份,2025-10-10 09:31:11,20.8,21600,20.74,U
sh601126,四方股份,2025-10-10 09:31:13,20.87,36700,20.8,U
sh601126,四方股份,2025-10-10 09:31:16,20.88,10500,20.87,U
sh601126,四方股份,2025-10-10 09:31:19,20.89,27454,20.88,U
sh601126,四方股份,2025-10-10 09:31:22,20.89,25300,20.89,U
sh601126,四方股份,2025-10-10 09:31:25,20.9,40200,20.89,U
sh601126,四方股份,2025-10-10 09:31:28,20.92,23100,20.9,U
sh601126,四方股份,2025-10-10 09:31:31,20.93,65200,20.92,U
sh601126,四方股份,2025-10-10 09:31:34,20.93,102900,20.93,D
sh601126,四方股份,2025-10-10 09:31:37,20.99,46400,20.93,U
sh601126,四方股份,2025-10-10 09:31:41,20.98,48400,20.99,D
sh601126,四方股份,2025-10-10 09:31:44,21.0,101700,20.98,U
sh601126,四方股份,2025-10-10 09:31:46,20.88,121300,21.0,D
sh601126,四方股份,2025-10-10 09:31:49,20.85,45300,20.88,D
sh601126,四方股份,2025-10-10 09:31:52,20.84,26700,20.85,D
sh601126,四方股份,2025-10-10 09:31:55,20.84,28400,20.84,D
sh601126,四方股份,2025-10-10 09:31:58,20.75,37800,20.84,D
sh601126,四方股份,2025-10-10 09:32:01,20.8,19500,20.75,E
sh601126,四方股份,2025-10-10 09:32:04,20.75,61000,20.8,D
sh601126,四方股份,2025-10-10 09:32:07,20.8,10000,20.75,U
sh601126,四方股份,2025-10-10 09:32:10,20.75,19200,20.8,D
sh601126,四方股份,2025-10-10 09:32:22,20.75,22500,20.74,U
sh601126,四方股份,2025-10-10 09:32:25,20.75,15100,20.75,D
sh601126,四方股份,2025-10-10 09:32:31,20.77,12800,20.76,D
sh601126,四方股份,2025-10-10 09:32:34,20.83,22300,20.77,U
sh601126,四方股份,2025-10-10 09:32:37,20.9,62300,20.83,U
sh601126,四方股份,2025-10-10 09:32:40,20.77,22700,20.9,E
sh601126,四方股份,2025-10-10 09:32:46,20.8,21000,20.78,U
sh601126,四方股份,2025-10-10 09:32:49,20.81,11100,20.8,U
sh601126,四方股份,2025-10-10 09:32:52,20.9,19100,20.81,U
sh601126,四方股份,2025-10-10 09:32:55,20.95,28900,20.9,U
sh601126,四方股份,2025-10-10 09:32:58,20.96,18500,20.95,U
sh601126,四方股份,2025-10-10 09:33:04,20.96,22200,20.95,U
sh601126,四方股份,2025-10-10 09:33:07,20.95,26900,20.96,D
sh601126,四方股份,2025-10-10 09:33:10,20.92,19000,20.95,D
sh601126,四方股份,2025-10-10 09:33:13,20.9,17900,20.92,D
sh601126,四方股份,2025-10-10 09:33:16,20.9,13500,20.9,U
sh601126,四方股份,2025-10-10 09:33:20,20.9,57800,20.9,U
sh601126,四方股份,2025-10-10 09:33:22,20.89,12800,20.9,D
sh601126,四方股份,2025-10-10 09:33:25,20.95,18700,20.89,U
sh601126,四方股份,2025-10-10 09:33:28,20.92,20300,20.95,D
sh601126,四方股份,2025-10-10 09:33:31,20.91,12200,20.92,D
sh601126,四方股份,2025-10-10 09:33:34,20.86,51100,20.91,D
sh601126,四方股份,2025-10-10 09:33:37,20.86,12700,20.86,D
sh601126,四方股份,2025-10-10 09:33:40,20.86,10100,20.86,D
sh601126,四方股份,2025-10-10 09:33:49,20.92,87700,20.87,U
sh601126,四方股份,2025-10-10 09:33:52,20.99,218300,20.92,U
sh601126,四方股份,2025-10-10 09:33:55,21.02,143900,20.99,U
sh601126,四方股份,2025-10-10 09:33:58,21.1,34300,21.02,U
sh601126,四方股份,2025-10-10 09:34:01,21.1,18200,21.1,D
sh601126,四方股份,2025-10-10 09:34:04,21.11,85900,21.1,U
sh601126,四方股份,2025-10-10 09:34:07,21.11,39300,21.11,U
sh601126,四方股份,2025-10-10 09:34:10,21.1,66900,21.11,D
sh601126,四方股份,2025-10-10 09:34:13,21.1,37600,21.1,E
sh601126,四方股份,2025-10-10 09:34:16,21.1,32600,21.1,U
sh601126,四方股份,2025-10-10 09:34:19,21.08,9500,21.1,D
sh601126,四方股份,2025-10-10 09:34:22,21.08,18700,21.08,D
sh601126,四方股份,2025-10-10 09:34:25,21.07,21700,21.08,D
sh601126,四方股份,2025-10-10 09:34:28,21.06,38200,21.07,D
sh601126,四方股份,2025-10-10 09:34:31,21.04,18600,21.06,E
sh601126,四方股份,2025-10-10 09:34:37,21.03,17900,21.01,U
sh601126,四方股份,2025-10-10 09:34:40,21.03,25500,21.03,U
sh601126,四方股份,2025-10-10 09:34:49,20.99,12800,21.03,D
sh601126,四方股份,2025-10-10 09:34:52,21.0,30200,20.99,U
sh601126,四方股份,2025-10-10 09:34:55,21.04,17400,21.0,U
sh601126,四方股份,2025-10-10 09:35:07,21.1,166600,21.03,U
sh601126,四方股份,2025-10-10 09:35:10,21.1,17500,21.1,U
sh601126,四方股份,2025-10-10 09:35:16,21.13,13800,21.12,U
sh601126,四方股份,2025-10-10 09:35:22,21.16,15400,21.15,U
sh601126,四方股份,2025-10-10 09:35:25,21.13,37900,21.16,D
sh601126,四方股份,2025-10-10 09:35:28,21.14,39500,21.13,E
sh601126,四方股份,2025-10-10 09:35:31,21.15,59700,21.14,U
sh601126,四方股份,2025-10-10 09:35:34,21.13,14900,21.15,E
sh601126,四方股份,2025-10-10 09:35:40,21.08,10600,21.13,D
sh601126,四方股份,2025-10-10 09:35:43,21.09,12700,21.08,E
sh601126,四方股份,2025-10-10 09:35:46,21.05,79200,21.09,D
sh601126,四方股份,2025-10-10 09:35:52,21.06,10400,21.06,U
sh601126,四方股份,2025-10-10 09:35:58,21.04,14400,21.03,U
sh601126,四方股份,2025-10-10 09:36:01,21.07,11100,21.04,U
sh601126,四方股份,2025-10-10 09:36:04,21.06,25100,21.07,D
sh601126,四方股份,2025-10-10 09:36:07,21.07,58700,21.06,U
sh601126,四方股份,2025-10-10 09:36:19,21.07,18300,21.07,U
sh601126,四方股份,2025-10-10 09:36:22,21.09,11800,21.07,U
sh601126,四方股份,2025-10-10 09:36:28,21.07,47300,21.06,U
sh601126,四方股份,2025-10-10 09:36:31,21.06,31500,21.07,E
sh601126,四方股份,2025-10-10 09:36:34,21.08,37300,21.06,U
sh601126,四方股份,2025-10-10 09:36:52,21.09,23000,21.09,U
sh601126,四方股份,2025-10-10 09:36:55,21.09,17100,21.09,U
sh601126,四方股份,2025-10-10 09:36:58,21.12,30300,21.09,U
sh601126,四方股份,2025-10-10 09:37:04,21.12,12600,21.12,U
sh601126,四方股份,2025-10-10 09:37:07,21.12,17700,21.12,D
sh601126,四方股份,2025-10-10 09:37:10,21.11,9800,21.12,D
sh601126,四方股份,2025-10-10 09:37:13,21.12,20500,21.11,U
sh601126,四方股份,2025-10-10 09:37:16,21.09,55100,21.12,D
sh601126,四方股份,2025-10-10 09:37:25,21.07,20900,21.08,D
sh601126,四方股份,2025-10-10 09:37:31,21.05,12100,21.04,U
sh601126,四方股份,2025-10-10 09:37:34,21.04,9900,21.05,D
sh601126,四方股份,2025-10-10 09:37:37,21.06,29300,21.04,U
sh601126,四方股份,2025-10-10 09:37:40,21.05,24200,21.06,D
sh601126,四方股份,2025-10-10 09:37:43,21.09,37000,21.05,U
sh601126,四方股份,2025-10-10 09:37:46,21.09,15000,21.09,D
sh601126,四方股份,2025-10-10 09:37:49,21.09,14200,21.09,D
sh601126,四方股份,2025-10-10 09:37:52,21.1,14500,21.09,E
sh601126,四方股份,2025-10-10 09:37:55,21.09,39300,21.1,D
sh601126,四方股份,2025-10-10 09:38:04,21.14,61200,21.09,U
sh601126,四方股份,2025-10-10 09:38:13,21.15,34600,21.14,U
sh601126,四方股份,2025-10-10 09:38:19,21.15,14400,21.15,U
sh601126,四方股份,2025-10-10 09:38:22,21.16,20100,21.15,U
sh601126,四方股份,2025-10-10 09:38:28,21.17,38200,21.16,U
sh601126,四方股份,2025-10-10 09:38:31,21.17,20800,21.17,U
sh601126,四方股份,2025-10-10 09:38:37,21.18,11300,21.17,U
sh601126,四方股份,2025-10-10 09:38:40,21.17,19700,21.18,D
sh601126,四方股份,2025-10-10 09:38:46,21.19,106100,21.15,U
sh601126,四方股份,2025-10-10 09:38:49,21.18,21000,21.19,D
sh601126,四方股份,2025-10-10 09:38:52,21.23,117000,21.18,U
sh601126,四方股份,2025-10-10 09:38:55,21.23,14700,21.23,U
sh601126,四方股份,2025-10-10 09:38:58,21.24,80700,21.23,U
sh601126,四方股份,2025-10-10 09:39:01,21.25,11200,21.24,D
sh601126,四方股份,2025-10-10 09:39:04,21.27,11500,21.25,E
sh601126,四方股份,2025-10-10 09:39:07,21.28,16100,21.27,U
sh601126,四方股份,2025-10-10 09:39:10,21.24,72100,21.28,D
sh601126,四方股份,2025-10-10 09:39:13,21.25,15700,21.24,U
sh601126,四方股份,2025-10-10 09:39:16,21.25,28300,21.25,D
sh601126,四方股份,2025-10-10 09:39:19,21.27,10000,21.25,U
sh601126,四方股份,2025-10-10 09:39:22,21.33,103800,21.27,U
sh601126,四方股份,2025-10-10 09:39:25,21.33,17100,21.33,U
sh601126,四方股份,2025-10-10 09:39:28,21.33,27700,21.33,D
sh601126,四方股份,2025-10-10 09:39:31,21.3,96800,21.33,D
sh601126,四方股份,2025-10-10 09:39:34,21.33,16900,21.3,U
sh601126,四方股份,2025-10-10 09:39:37,21.31,16200,21.33,E
sh601126,四方股份,2025-10-10 09:39:40,21.27,38600,21.31,D
sh601126,四方股份,2025-10-10 09:39:43,21.33,127000,21.27,U
sh601126,四方股份,2025-10-10 09:39:46,21.33,47000,21.33,D
sh601126,四方股份,2025-10-10 09:39:49,21.35,26000,21.33,U
sh601126,四方股份,2025-10-10 09:39:52,21.38,45300,21.35,U
sh601126,四方股份,2025-10-10 09:39:55,21.38,18500,21.38,U
sh601126,四方股份,2025-10-10 09:39:58,21.42,50800,21.38,U
sh601126,四方股份,2025-10-10 09:40:01,21.42,28400,21.42,D
sh601126,四方股份,2025-10-10 09:40:04,21.4,15300,21.42,D
sh601126,四方股份,2025-10-10 09:40:07,21.38,21600,21.4,D
sh601126,四方股份,2025-10-10 09:40:10,21.38,11400,21.38,U
sh601126,四方股份,2025-10-10 09:40:13,21.32,48200,21.38,D
sh601126,四方股份,2025-10-10 09:40:16,21.3,32900,21.32,D
sh601126,四方股份,2025-10-10 09:40:19,21.33,90800,21.3,U
sh601126,四方股份,2025-10-10 09:40:22,21.33,31800,21.33,D
sh601126,四方股份,2025-10-10 09:40:25,21.32,26100,21.33,E
sh601126,四方股份,2025-10-10 09:40:28,21.32,33800,21.32,U
sh601126,四方股份,2025-10-10 09:40:31,21.31,25400,21.32,D
sh601126,四方股份,2025-10-10 09:40:34,21.26,17400,21.31,D
sh601126,四方股份,2025-10-10 09:40:37,21.22,21100,21.26,D
sh601126,四方股份,2025-10-10 09:40:40,21.25,19700,21.22,U
sh601126,四方股份,2025-10-10 09:40:46,21.25,28500,21.26,D
sh601126,四方股份,2025-10-10 09:40:49,21.2,16200,21.25,D
sh601126,四方股份,2025-10-10 09:40:55,21.18,14700,21.2,D
sh601126,四方股份,2025-10-10 09:40:58,21.15,9500,21.18,D
sh601126,四方股份,2025-10-10 09:41:01,21.15,22000,21.15,D
sh601126,四方股份,2025-10-10 09:41:04,21.16,9600,21.15,U
sh601126,四方股份,2025-10-10 09:41:10,21.2,31700,21.16,U
sh601126,四方股份,2025-10-10 09:41:13,21.17,11200,21.2,E
sh601126,四方股份,2025-10-10 09:41:22,21.2,25900,21.2,U
sh601126,四方股份,2025-10-10 09:41:25,21.19,27100,21.2,D
sh601126,四方股份,2025-10-10 09:41:28,21.16,62000,21.19,D
sh601126,四方股份,2025-10-10 09:41:31,21.12,13000,21.16,D
sh601126,四方股份,2025-10-10 09:41:37,21.11,84800,21.11,D
sh601126,四方股份,2025-10-10 09:41:52,21.04,10100,21.07,D
sh601126,四方股份,2025-10-10 09:41:55,21.07,15700,21.04,U
sh601126,四方股份,2025-10-10 09:42:04,21.06,14600,21.07,D
sh601126,四方股份,2025-10-10 09:42:07,21.04,13800,21.06,D
sh601126,四方股份,2025-10-10 09:42:10,21.03,10700,21.04,D
sh601126,四方股份,2025-10-10 09:42:13,21.02,22400,21.03,D
sh601126,四方股份,2025-10-10 09:42:16,21.04,20600,21.02,U
sh601126,四方股份,2025-10-10 09:42:25,21.04,28300,21.03,U
sh601126,四方股份,2025-10-10 09:42:34,21.03,21500,21.02,U
sh601126,四方股份,2025-10-10 09:42:40,21.01,31476,21.02,D
sh601126,四方股份,2025-10-10 09:42:43,21.01,33524,21.01,D
sh601126,四方股份,2025-10-10 09:42:49,21.06,77176,21.01,U
sh601126,四方股份,2025-10-10 09:42:52,21.06,67000,21.06,D
sh601126,四方股份,2025-10-10 09:42:55,21.08,23100,21.06,U
sh601126,四方股份,2025-10-10 09:43:07,21.09,14200,21.09,U
sh601126,四方股份,2025-10-10 09:43:10,21.09,23100,21.09,U
sh601126,四方股份,2025-10-10 09:43:19,21.12,13700,21.1,U
sh601126,四方股份,2025-10-10 09:43:22,21.1,10300,21.12,D
sh601126,四方股份,2025-10-10 09:43:31,21.11,13000,21.14,D
sh601126,四方股份,2025-10-10 09:43:34,21.14,23200,21.11,E
sh601126,四方股份,2025-10-10 09:43:37,21.14,28400,21.14,U
sh601126,四方股份,2025-10-10 09:43:40,21.13,14800,21.14,D
sh601126,四方股份,2025-10-10 09:43:43,21.13,143900,21.13,D
sh601126,四方股份,2025-10-10 09:43:46,21.19,48100,21.13,U
sh601126,四方股份,2025-10-10 09:43:49,21.16,55800,21.19,E
sh601126,四方股份,2025-10-10 09:43:52,21.16,64600,21.16,D
sh601126,四方股份,2025-10-10 09:43:58,21.14,10000,21.15,E
sh601126,四方股份,2025-10-10 09:44:01,21.15,13300,21.14,E
sh601126,四方股份,2025-10-10 09:44:10,21.09,29000,21.13,D
sh601126,四方股份,2025-10-10 09:44:13,21.08,48100,21.09,D
sh601126,四方股份,2025-10-10 09:44:16,21.06,59300,21.08,D
sh601126,四方股份,2025-10-10 09:44:19,21.08,12400,21.06,U
sh601126,四方股份,2025-10-10 09:44:25,21.04,12900,21.08,D
sh601126,四方股份,2025-10-10 09:44:31,21.04,15000,21.09,D
sh601126,四方股份,2025-10-10 09:44:46,21.04,17300,21.04,D
sh601126,四方股份,2025-10-10 09:44:55,21.02,11600,21.03,D
sh601126,四方股份,2025-10-10 09:44:58,21.01,9600,21.02,D
sh601126,四方股份,2025-10-10 09:45:01,21.01,74400,21.01,D
sh601126,四方股份,2025-10-10 09:45:04,21.0,26124,21.01,D
sh601126,四方股份,2025-10-10 09:45:07,21.0,57600,21.0,D
sh601126,四方股份,2025-10-10 09:45:10,21.0,17700,21.0,D
sh601126,四方股份,2025-10-10 09:45:13,21.0,19400,21.0,D
sh601126,四方股份,2025-10-10 09:45:16,20.99,10400,21.0,D
sh601126,四方股份,2025-10-10 09:45:28,20.98,71900,20.96,U
sh601126,四方股份,2025-10-10 09:45:31,20.99,31276,20.98,U
sh601126,四方股份,2025-10-10 09:45:34,21.0,31792,20.99,E
sh601126,四方股份,2025-10-10 09:45:37,21.0,26600,21.0,D
sh601126,四方股份,2025-10-10 09:45:40,21.0,20300,21.0,D
sh601126,四方股份,2025-10-10 09:45:43,21.02,40408,21.0,U
sh601126,四方股份,2025-10-10 09:45:46,21.0,16600,21.02,D
sh601126,四方股份,2025-10-10 09:45:55,20.98,11996,20.99,D
sh601126,四方股份,2025-10-10 09:46:10,20.98,10700,20.96,U
sh601126,四方股份,2025-10-10 09:46:19,20.96,12200,20.96,D
sh601126,四方股份,2025-10-10 09:46:25,20.82,203000,20.95,D
sh601126,四方股份,2025-10-10 09:46:28,20.93,41200,20.82,E
sh601126,四方股份,2025-10-10 09:46:31,20.94,23100,20.93,U
sh601126,四方股份,2025-10-10 09:46:34,20.88,29322,20.94,D
sh601126,四方股份,2025-10-10 09:46:40,20.9,12500,20.91,D
sh601126,四方股份,2025-10-10 09:46:43,20.91,16200,20.9,U
sh601126,四方股份,2025-10-10 09:46:46,20.93,26600,20.91,U
sh601126,四方股份,2025-10-10 09:46:49,20.9,22300,20.93,D
sh601126,四方股份,2025-10-10 09:47:01,20.88,27600,20.89,D
sh601126,四方股份,2025-10-10 09:47:16,20.82,14800,20.84,D
sh601126,四方股份,2025-10-10 09:47:25,20.82,17100,20.82,D
sh601126,四方股份,2025-10-10 09:47:28,20.82,41600,20.82,U
sh601126,四方股份,2025-10-10 09:47:31,20.85,37612,20.82,U
sh601126,四方股份,2025-10-10 09:47:34,20.86,18400,20.85,U
sh601126,四方股份,2025-10-10 09:47:40,20.84,21000,20.85,D
sh601126,四方股份,2025-10-10 09:47:46,20.81,106900,20.85,D
sh601126,四方股份,2025-10-10 09:48:01,20.8,22500,20.81,D
sh601126,四方股份,2025-10-10 09:48:04,20.84,67500,20.8,U
sh601126,四方股份,2025-10-10 09:48:07,20.84,14000,20.84,U
sh601126,四方股份,2025-10-10 09:48:13,20.85,35000,20.85,U
sh601126,四方股份,2025-10-10 09:48:16,20.85,12000,20.85,D
sh601126,四方股份,2025-10-10 09:48:19,20.86,78200,20.85,U
sh601126,四方股份,2025-10-10 09:48:22,20.85,20400,20.86,D
sh601126,四方股份,2025-10-10 09:48:25,20.86,28200,20.85,U
sh601126,四方股份,2025-10-10 09:48:28,20.86,20000,20.86,U
sh601126,四方股份,2025-10-10 09:48:31,20.84,33200,20.86,D
sh601126,四方股份,2025-10-10 09:48:34,20.83,12500,20.84,E
sh601126,四方股份,2025-10-10 09:48:46,20.83,10700,20.83,D
sh601126,四方股份,2025-10-10 09:48:58,20.82,21200,20.83,D
sh601126,四方股份,2025-10-10 09:49:22,20.83,10200,20.84,D
sh601126,四方股份,2025-10-10 09:49:37,20.82,16000,20.84,D
sh601126,四方股份,2025-10-10 09:49:40,20.82,23700,20.82,D
sh601126,四方股份,2025-10-10 09:49:52,20.8,131400,20.83,D
sh601126,四方股份,2025-10-10 09:49:58,20.79,28600,20.8,D
sh601126,四方股份,2025-10-10 09:50:04,20.76,31800,20.77,D
sh601126,四方股份,2025-10-10 09:50:13,20.75,23000,20.75,D
sh601126,四方股份,2025-10-10 09:50:16,20.76,33800,20.75,U
sh601126,四方股份,2025-10-10 09:50:19,20.77,47200,20.76,U
sh601126,四方股份,2025-10-10 09:50:22,20.76,30100,20.77,D
sh601126,四方股份,2025-10-10 09:50:34,20.77,43700,20.76,E
sh601126,四方股份,2025-10-10 09:51:01,20.76,15600,20.76,U
sh601126,四方股份,2025-10-10 09:51:13,20.77,14700,20.77,U
sh601126,四方股份,2025-10-10 09:51:34,20.76,11800,20.77,D
sh601126,四方股份,2025-10-10 09:51:40,20.79,14900,20.77,U
sh601126,四方股份,2025-10-10 09:51:58,20.81,11100,20.81,U
sh601126,四方股份,2025-10-10 09:52:10,20.83,19400,20.82,U
sh601126,四方股份,2025-10-10 09:52:25,20.85,13700,20.85,U
sh601126,四方股份,2025-10-10 09:52:34,20.83,65100,20.82,E
sh601126,四方股份,2025-10-10 09:52:46,20.81,17400,20.81,D
sh601126,四方股份,2025-10-10 09:53:01,20.81,10000,20.81,U
sh601126,四方股份,2025-10-10 09:53:31,20.79,15000,20.78,U
sh601126,四方股份,2025-10-10 09:53:49,20.81,128100,20.8,U
sh601126,四方股份,2025-10-10 09:54:01,20.84,20000,20.83,U
sh601126,四方股份,2025-10-10 09:54:04,20.86,56600,20.84,U
sh601126,四方股份,2025-10-10 09:54:16,20.84,12400,20.83,U
sh601126,四方股份,2025-10-10 09:54:46,20.8,12100,20.8,D
sh601126,四方股份,2025-10-10 09:55:25,20.81,20600,20.81,D
sh601126,四方股份,2025-10-10 09:55:28,20.82,11700,20.81,U
sh601126,四方股份,2025-10-10 09:55:43,20.8,18300,20.82,D
sh601126,四方股份,2025-10-10 09:55:58,20.81,27300,20.8,U
sh601126,四方股份,2025-10-10 09:56:04,20.8,33000,20.8,D
sh601126,四方股份,2025-10-10 09:56:07,20.8,14000,20.8,D
sh601126,四方股份,2025-10-10 09:56:10,20.8,13000,20.8,D
sh601126,四方股份,2025-10-10 09:56:19,20.79,14900,20.78,U
sh601126,四方股份,2025-10-10 09:56:22,20.78,16900,20.79,D
sh601126,四方股份,2025-10-10 09:56:40,20.8,11500,20.79,U
sh601126,四方股份,2025-10-10 09:57:13,20.8,12500,20.79,U
sh601126,四方股份,2025-10-10 09:57:16,20.8,11900,20.8,U
sh601126,四方股份,2025-10-10 09:57:22,20.8,20700,20.81,D
sh601126,四方股份,2025-10-10 09:57:43,20.81,10700,20.81,D
sh601126,四方股份,2025-10-10 09:57:46,20.78,45800,20.81,D
sh601126,四方股份,2025-10-10 09:57:49,20.78,35500,20.78,D
sh601126,四方股份,2025-10-10 09:58:25,20.75,19300,20.75,D
sh601126,四方股份,2025-10-10 09:58:31,20.74,15300,20.74,E
sh601126,四方股份,2025-10-10 09:58:49,20.71,14800,20.72,D
sh601126,四方股份,2025-10-10 09:58:52,20.72,16300,20.71,U
sh601126,四方股份,2025-10-10 09:58:58,20.71,20000,20.71,U
sh601126,四方股份,2025-10-10 09:59:01,20.72,32200,20.71,U
sh601126,四方股份,2025-10-10 09:59:16,20.73,16000,20.75,D
sh601126,四方股份,2025-10-10 10:00:01,20.71,21600,20.71,D
sh601126,四方股份,2025-10-10 10:00:10,20.7,22200,20.7,D
sh601126,四方股份,2025-10-10 10:00:16,20.69,30300,20.7,D
sh601126,四方股份,2025-10-10 10:00:22,20.68,10200,20.68,D
sh601126,四方股份,2025-10-10 10:00:37,20.67,9700,20.66,U
sh601126,四方股份,2025-10-10 10:00:40,20.67,26400,20.67,U
sh601126,四方股份,2025-10-10 10:00:43,20.67,38600,20.67,U
sh601126,四方股份,2025-10-10 10:00:46,20.67,27600,20.67,U
sh601126,四方股份,2025-10-10 10:01:04,20.7,13500,20.69,U
sh601126,四方股份,2025-10-10 10:01:07,20.7,34600,20.7,U
sh601126,四方股份,2025-10-10 10:01:10,20.71,13900,20.7,U
sh601126,四方股份,2025-10-10 10:01:19,20.73,25100,20.72,U
sh601126,四方股份,2025-10-10 10:01:58,20.77,17000,20.75,U
sh601126,四方股份,2025-10-10 10:02:04,20.78,12400,20.77,U
sh601126,四方股份,2025-10-10 10:02:13,20.75,11900,20.78,D
sh601126,四方股份,2025-10-10 10:02:16,20.77,10700,20.75,U
sh601126,四方股份,2025-10-10 10:03:28,20.76,10000,20.76,U
sh601126,四方股份,2025-10-10 10:04:22,20.76,9800,20.75,D
sh601126,四方股份,2025-10-10 10:04:28,20.76,11500,20.76,U
sh601126,四方股份,2025-10-10 10:04:31,20.75,12800,20.76,D
sh601126,四方股份,2025-10-10 10:04:34,20.76,16500,20.75,U
sh601126,四方股份,2025-10-10 10:05:04,20.74,16500,20.74,D
sh601126,四方股份,2025-10-10 10:05:25,20.72,19200,20.73,D
sh601126,四方股份,2025-10-10 10:06:10,20.68,10000,20.68,D
sh601126,四方股份,2025-10-10 10:06:13,20.7,53200,20.68,U
sh601126,四方股份,2025-10-10 10:06:25,20.74,12600,20.73,U
sh601126,四方股份,2025-10-10 10:06:31,20.74,11100,20.74,D
sh601126,四方股份,2025-10-10 10:06:55,20.7,41300,20.72,D
sh601126,四方股份,2025-10-10 10:07:01,20.73,15800,20.73,D
sh601126,四方股份,2025-10-10 10:07:43,20.72,15600,20.7,U
sh601126,四方股份,2025-10-10 10:07:55,20.72,49900,20.72,U
sh601126,四方股份,2025-10-10 10:08:16,20.73,11400,20.73,U
sh601126,四方股份,2025-10-10 10:08:19,20.74,12500,20.73,U
sh601126,四方股份,2025-10-10 10:08:25,20.73,10900,20.74,D
sh601126,四方股份,2025-10-10 10:08:55,20.74,16100,20.72,U
sh601126,四方股份,2025-10-10 10:08:58,20.74,13000,20.74,D
sh601126,四方股份,2025-10-10 10:10:13,20.77,20100,20.78,D
sh601126,四方股份,2025-10-10 10:10:19,20.78,12300,20.76,U
sh601126,四方股份,2025-10-10 10:10:46,20.79,28600,20.79,D
sh601126,四方股份,2025-10-10 10:10:49,20.81,50200,20.79,U
sh601126,四方股份,2025-10-10 10:10:55,20.85,13300,20.82,U
sh601126,四方股份,2025-10-10 10:11:01,20.87,13300,20.86,U
sh601126,四方股份,2025-10-10 10:11:10,20.88,13200,20.87,U
sh601126,四方股份,2025-10-10 10:11:13,20.89,20500,20.88,U
sh601126,四方股份,2025-10-10 10:11:25,20.9,35800,20.89,U
sh601126,四方股份,2025-10-10 10:11:28,20.89,34500,20.9,D
sh601126,四方股份,2025-10-10 10:11:37,20.89,44600,20.89,D
sh601126,四方股份,2025-10-10 10:12:13,20.9,25100,20.88,U
sh601126,四方股份,2025-10-10 10:12:19,20.88,17700,20.85,U
sh601126,四方股份,2025-10-10 10:12:25,20.9,11500,20.88,E
sh601126,四方股份,2025-10-10 10:12:28,20.9,18000,20.9,U
sh601126,四方股份,2025-10-10 10:13:13,20.92,10100,20.92,D
sh601126,四方股份,2025-10-10 10:13:25,20.91,20100,20.92,D
sh601126,四方股份,2025-10-10 10:13:52,20.91,19600,20.9,U
sh601126,四方股份,2025-10-10 10:14:10,20.92,14500,20.91,U
sh601126,四方股份,2025-10-10 10:14:13,20.94,64700,20.92,U
sh601126,四方股份,2025-10-10 10:14:16,20.94,11400,20.94,D
sh601126,四方股份,2025-10-10 10:14:40,20.94,11700,20.94,D
sh601126,四方股份,2025-10-10 10:14:49,20.94,22100,20.95,U
sh601126,四方股份,2025-10-10 10:14:58,20.93,11400,20.93,U
sh601126,四方股份,2025-10-10 10:15:13,20.96,36994,20.94,U
sh601126,四方股份,2025-10-10 10:15:16,20.97,12200,20.96,U
sh601126,四方股份,2025-10-10 10:15:25,20.97,10700,20.97,D
sh601126,四方股份,2025-10-10 10:15:28,20.98,28200,20.97,U
sh601126,四方股份,2025-10-10 10:15:31,21.02,115600,20.98,U
sh601126,四方股份,2025-10-10 10:15:34,21.03,10600,21.02,U
sh601126,四方股份,2025-10-10 10:15:49,20.98,13700,21.01,D
sh601126,四方股份,2025-10-10 10:15:52,20.99,23900,20.98,U
sh601126,四方股份,2025-10-10 10:15:55,20.99,18300,20.99,U
sh601126,四方股份,2025-10-10 10:16:10,20.97,23400,20.99,D
sh601126,四方股份,2025-10-10 10:16:22,20.97,10300,20.95,U
sh601126,四方股份,2025-10-10 10:17:07,20.97,25300,20.96,U
sh601126,四方股份,2025-10-10 10:17:13,20.96,14400,20.96,U
sh601126,四方股份,2025-10-10 10:17:16,21.0,41200,20.96,U
sh601126,四方股份,2025-10-10 10:17:22,21.0,11000,21.0,U
sh601126,四方股份,2025-10-10 10:17:40,20.97,10200,20.98,D
sh601126,四方股份,2025-10-10 10:17:43,20.97,13000,20.97,D
sh601126,四方股份,2025-10-10 10:17:46,20.99,14900,20.97,U
sh601126,四方股份,2025-10-10 10:17:52,20.99,20000,20.99,U
sh601126,四方股份,2025-10-10 10:17:58,21.01,27100,21.0,U
sh601126,四方股份,2025-10-10 10:18:04,20.98,23600,21.0,D
sh601126,四方股份,2025-10-10 10:18:07,21.04,10700,20.98,U
sh601126,四方股份,2025-10-10 10:18:16,21.05,12100,21.05,U
sh601126,四方股份,2025-10-10 10:18:25,21.06,40200,21.05,U
sh601126,四方股份,2025-10-10 10:18:28,21.06,12400,21.06,U
sh601126,四方股份,2025-10-10 10:18:31,21.07,25300,21.06,U
sh601126,四方股份,2025-10-10 10:18:34,21.06,11900,21.07,E
sh601126,四方股份,2025-10-10 10:18:46,21.08,25100,21.06,U
sh601126,四方股份,2025-10-10 10:18:52,21.08,12200,21.07,U
sh601126,四方股份,2025-10-10 10:18:55,21.07,14500,21.08,E
sh601126,四方股份,2025-10-10 10:18:58,21.07,11200,21.07,U
sh601126,四方股份,2025-10-10 10:19:22,21.05,11300,21.05,D
sh601126,四方股份,2025-10-10 10:19:55,21.03,10500,21.03,D
sh601126,四方股份,2025-10-10 10:20:01,21.02,10700,21.03,D
sh601126,四方股份,2025-10-10 10:20:13,21.05,21900,21.03,U
sh601126,四方股份,2025-10-10 10:20:16,21.07,29600,21.05,U
sh601126,四方股份,2025-10-10 10:20:19,21.08,18700,21.07,U
sh601126,四方股份,2025-10-10 10:20:22,21.1,72200,21.08,U
sh601126,四方股份,2025-10-10 10:20:25,21.1,48200,21.1,U
sh601126,四方股份,2025-10-10 10:20:28,21.15,44000,21.1,U
sh601126,四方股份,2025-10-10 10:20:31,21.18,17600,21.15,U
sh601126,四方股份,2025-10-10 10:20:34,21.16,13100,21.18,E
sh601126,四方股份,2025-10-10 10:20:37,21.2,21900,21.16,U
sh601126,四方股份,2025-10-10 10:20:40,21.2,28800,21.2,U
sh601126,四方股份,2025-10-10 10:20:43,21.18,58500,21.2,D
sh601126,四方股份,2025-10-10 10:20:46,21.21,14400,21.18,U
sh601126,四方股份,2025-10-10 10:20:52,21.19,11500,21.19,D
sh601126,四方股份,2025-10-10 10:20:58,21.17,10100,21.17,U
sh601126,四方股份,2025-10-10 10:21:16,21.13,19600,21.11,U
sh601126,四方股份,2025-10-10 10:21:34,21.14,23600,21.13,U
sh601126,四方股份,2025-10-10 10:21:37,21.14,10700,21.14,U
sh601126,四方股份,2025-10-10 10:21:43,21.16,11000,21.15,U
sh601126,四方股份,2025-10-10 10:21:46,21.15,10300,21.16,E
sh601126,四方股份,2025-10-10 10:22:04,21.11,11900,21.12,D
sh601126,四方股份,2025-10-10 10:22:19,21.07,14100,21.08,D
sh601126,四方股份,2025-10-10 10:22:25,21.07,27500,21.07,U
sh601126,四方股份,2025-10-10 10:22:46,21.05,15200,21.04,U
sh601126,四方股份,2025-10-10 10:23:01,21.07,13200,21.05,U
sh601126,四方股份,2025-10-10 10:23:04,21.06,19800,21.07,D
sh601126,四方股份,2025-10-10 10:23:19,21.07,48800,21.08,D
sh601126,四方股份,2025-10-10 10:23:25,21.07,11600,21.08,D
sh601126,四方股份,2025-10-10 10:23:40,21.07,16400,21.08,D
sh601126,四方股份,2025-10-10 10:23:43,21.06,13200,21.07,D
sh601126,四方股份,2025-10-10 10:24:01,21.05,21400,21.06,D
sh601126,四方股份,2025-10-10 10:24:13,21.07,10400,21.08,D
sh601126,四方股份,2025-10-10 10:24:16,21.07,9600,21.07,D
sh601126,四方股份,2025-10-10 10:24:22,21.07,11400,21.07,D
sh601126,四方股份,2025-10-10 10:24:49,21.1,9700,21.09,U
sh601126,四方股份,2025-10-10 10:25:10,21.12,23600,21.12,U
sh601126,四方股份,2025-10-10 10:25:16,21.18,14000,21.17,U
sh601126,四方股份,2025-10-10 10:25:19,21.19,10800,21.18,U
sh601126,四方股份,2025-10-10 10:25:28,21.2,15400,21.2,U
sh601126,四方股份,2025-10-10 10:25:34,21.17,39000,21.19,D
sh601126,四方股份,2025-10-10 10:25:52,21.15,11200,21.14,E
sh601126,四方股份,2025-10-10 10:25:55,21.16,12400,21.15,U
sh601126,四方股份,2025-10-10 10:26:13,21.17,12000,21.16,U
sh601126,四方股份,2025-10-10 10:26:16,21.18,17500,21.17,U
sh601126,四方股份,2025-10-10 10:26:19,21.18,12900,21.18,U
sh601126,四方股份,2025-10-10 10:26:22,21.19,18400,21.18,U
sh601126,四方股份,2025-10-10 10:26:25,21.19,12500,21.19,U
sh601126,四方股份,2025-10-10 10:26:28,21.21,84500,21.19,U
sh601126,四方股份,2025-10-10 10:26:31,21.22,16900,21.21,U
sh601126,四方股份,2025-10-10 10:26:34,21.22,12600,21.22,U
sh601126,四方股份,2025-10-10 10:26:40,21.22,11500,21.22,U
sh601126,四方股份,2025-10-10 10:26:49,21.2,25600,21.2,D
sh601126,四方股份,2025-10-10 10:26:52,21.2,13000,21.2,U
sh601126,四方股份,2025-10-10 10:26:55,21.2,20400,21.2,U
sh601126,四方股份,2025-10-10 10:27:28,21.24,25900,21.23,U
sh601126,四方股份,2025-10-10 10:27:34,21.25,10300,21.23,U
sh601126,四方股份,2025-10-10 10:27:37,21.23,10400,21.25,D
sh601126,四方股份,2025-10-10 10:27:40,21.25,20500,21.23,U
sh601126,四方股份,2025-10-10 10:27:43,21.27,16400,21.25,U
sh601126,四方股份,2025-10-10 10:28:01,21.25,10400,21.26,D
sh601126,四方股份,2025-10-10 10:28:04,21.25,13900,21.25,D
sh601126,四方股份,2025-10-10 10:28:07,21.24,11900,21.25,D
sh601126,四方股份,2025-10-10 10:28:10,21.25,14300,21.24,U
sh601126,四方股份,2025-10-10 10:28:19,21.27,23000,21.25,U
sh601126,四方股份,2025-10-10 10:28:28,21.27,12100,21.27,D
sh601126,四方股份,2025-10-10 10:28:37,21.23,20800,21.25,D
sh601126,四方股份,2025-10-10 10:29:04,21.23,27900,21.23,U
sh601126,四方股份,2025-10-10 10:29:07,21.26,12000,21.23,U
sh601126,四方股份,2025-10-10 10:29:13,21.29,39300,21.26,U
sh601126,四方股份,2025-10-10 10:29:19,21.29,28100,21.29,U
sh601126,四方股份,2025-10-10 10:29:22,21.3,13000,21.29,U
sh601126,四方股份,2025-10-10 10:29:25,21.34,126700,21.3,U
sh601126,四方股份,2025-10-10 10:29:31,21.38,76400,21.36,U
sh601126,四方股份,2025-10-10 10:29:34,21.37,23100,21.38,E
sh601126,四方股份,2025-10-10 10:29:40,21.37,20400,21.37,U
sh601126,四方股份,2025-10-10 10:29:46,21.35,10400,21.37,D
sh601126,四方股份,2025-10-10 10:29:52,21.36,26200,21.37,U
sh601126,四方股份,2025-10-10 10:29:55,21.33,10400,21.36,D
sh601126,四方股份,2025-10-10 10:30:01,21.38,26900,21.35,U
sh601126,四方股份,2025-10-10 10:30:19,21.37,58100,21.36,U
sh601126,四方股份,2025-10-10 10:30:22,21.39,68800,21.37,U
sh601126,四方股份,2025-10-10 10:30:25,21.4,31100,21.39,U
sh601126,四方股份,2025-10-10 10:30:28,21.41,69500,21.4,U
sh601126,四方股份,2025-10-10 10:30:31,21.44,42700,21.41,U
sh601126,四方股份,2025-10-10 10:30:34,21.46,61700,21.44,U
sh601126,四方股份,2025-10-10 10:30:37,21.48,41200,21.46,U
sh601126,四方股份,2025-10-10 10:30:40,21.48,16200,21.48,U
sh601126,四方股份,2025-10-10 10:30:43,21.48,36600,21.48,U
sh601126,四方股份,2025-10-10 10:30:46,21.44,13400,21.48,D
sh601126,四方股份,2025-10-10 10:30:49,21.42,41900,21.44,D
sh601126,四方股份,2025-10-10 10:30:52,21.43,17800,21.42,U
sh601126,四方股份,2025-10-10 10:31:04,21.42,54800,21.41,U
sh601126,四方股份,2025-10-10 10:31:13,21.41,48200,21.39,U
sh601126,四方股份,2025-10-10 10:31:19,21.4,40200,21.4,U
sh601126,四方股份,2025-10-10 10:31:22,21.41,11500,21.4,U
sh601126,四方股份,2025-10-10 10:31:34,21.41,9600,21.41,D
sh601126,四方股份,2025-10-10 10:31:37,21.42,18200,21.41,U
sh601126,四方股份,2025-10-10 10:31:43,21.41,24000,21.41,U
sh601126,四方股份,2025-10-10 10:31:52,21.42,43500,21.39,U
sh601126,四方股份,2025-10-10 10:31:55,21.41,24900,21.42,D
sh601126,四方股份,2025-10-10 10:32:04,21.43,10600,21.43,U
sh601126,四方股份,2025-10-10 10:32:07,21.42,15400,21.43,D
sh601126,四方股份,2025-10-10 10:32:13,21.41,24300,21.42,D
sh601126,四方股份,2025-10-10 10:32:16,21.45,114000,21.41,U
sh601126,四方股份,2025-10-10 10:32:19,21.46,14900,21.45,U
sh601126,四方股份,2025-10-10 10:32:25,21.44,12300,21.45,D
sh601126,四方股份,2025-10-10 10:32:28,21.45,23400,21.44,U
sh601126,四方股份,2025-10-10 10:32:34,21.45,12000,21.44,U
sh601126,四方股份,2025-10-10 10:32:40,21.43,12200,21.45,D
sh601126,四方股份,2025-10-10 10:32:49,21.43,21400,21.43,U
sh601126,四方股份,2025-10-10 10:33:04,21.38,36500,21.41,D
sh601126,四方股份,2025-10-10 10:33:07,21.37,57900,21.38,D
sh601126,四方股份,2025-10-10 10:33:10,21.37,45500,21.37,U
sh601126,四方股份,2025-10-10 10:33:13,21.36,17300,21.37,D
sh601126,四方股份,2025-10-10 10:33:16,21.36,18100,21.36,D
sh601126,四方股份,2025-10-10 10:33:19,21.35,11200,21.36,D
sh601126,四方股份,2025-10-10 10:33:22,21.38,16800,21.35,E
sh601126,四方股份,2025-10-10 10:33:46,21.35,15600,21.38,D
sh601126,四方股份,2025-10-10 10:34:13,21.3,16700,21.3,D
sh601126,四方股份,2025-10-10 10:34:19,21.32,16700,21.29,U
sh601126,四方股份,2025-10-10 10:34:25,21.28,15500,21.32,D
sh601126,四方股份,2025-10-10 10:34:58,21.3,45800,21.3,D
sh601126,四方股份,2025-10-10 10:35:31,21.3,46300,21.3,U
sh601126,四方股份,2025-10-10 10:35:58,21.28,15500,21.28,D
sh601126,四方股份,2025-10-10 10:36:31,21.29,20300,21.28,U
sh601126,四方股份,2025-10-10 10:36:46,21.3,13000,21.28,U
sh601126,四方股份,2025-10-10 10:36:52,21.28,9800,21.28,D
sh601126,四方股份,2025-10-10 10:37:04,21.28,12300,21.28,U
sh601126,四方股份,2025-10-10 10:37:43,21.29,10800,21.28,U
sh601126,四方股份,2025-10-10 10:37:49,21.35,53200,21.3,U
sh601126,四方股份,2025-10-10 10:38:01,21.36,10100,21.37,D
sh601126,四方股份,2025-10-10 10:38:04,21.4,54500,21.36,U
sh601126,四方股份,2025-10-10 10:38:07,21.41,10200,21.4,U
sh601126,四方股份,2025-10-10 10:38:10,21.42,11000,21.41,U
sh601126,四方股份,2025-10-10 10:38:19,21.44,18200,21.45,E
sh601126,四方股份,2025-10-10 10:38:22,21.45,24100,21.44,U
sh601126,四方股份,2025-10-10 10:38:25,21.45,16100,21.45,U
sh601126,四方股份,2025-10-10 10:38:37,21.53,480100,21.46,U
sh601126,四方股份,2025-10-10 10:38:43,21.54,24800,21.55,D
sh601126,四方股份,2025-10-10 10:38:46,21.55,9700,21.54,U
sh601126,四方股份,2025-10-10 10:38:49,21.55,22600,21.55,D
sh601126,四方股份,2025-10-10 10:38:52,21.53,35400,21.55,D
sh601126,四方股份,2025-10-10 10:38:55,21.55,43400,21.53,U
sh601126,四方股份,2025-10-10 10:38:58,21.53,11300,21.55,U
sh601126,四方股份,2025-10-10 10:39:01,21.55,41800,21.53,U
sh601126,四方股份,2025-10-10 10:39:04,21.55,35800,21.55,U
sh601126,四方股份,2025-10-10 10:39:07,21.57,47400,21.55,U
sh601126,四方股份,2025-10-10 10:39:10,21.51,44800,21.57,D
sh601126,四方股份,2025-10-10 10:39:13,21.48,44700,21.51,D
sh601126,四方股份,2025-10-10 10:39:16,21.47,74600,21.48,E
sh601126,四方股份,2025-10-10 10:39:19,21.49,28200,21.47,U
sh601126,四方股份,2025-10-10 10:39:25,21.45,39200,21.49,D
sh601126,四方股份,2025-10-10 10:39:28,21.46,13800,21.45,E
sh601126,四方股份,2025-10-10 10:39:37,21.5,115800,21.48,U
sh601126,四方股份,2025-10-10 10:39:40,21.52,15400,21.5,U
sh601126,四方股份,2025-10-10 10:39:43,21.53,10400,21.52,E
sh601126,四方股份,2025-10-10 10:39:46,21.54,11300,21.53,U
sh601126,四方股份,2025-10-10 10:39:58,21.53,109300,21.53,U
sh601126,四方股份,2025-10-10 10:40:10,21.51,12600,21.52,D
sh601126,四方股份,2025-10-10 10:40:13,21.55,12000,21.51,U
sh601126,四方股份,2025-10-10 10:40:19,21.53,45100,21.51,U
sh601126,四方股份,2025-10-10 10:40:34,21.53,43500,21.52,U
sh601126,四方股份,2025-10-10 10:40:43,21.53,13100,21.52,U
sh601126,四方股份,2025-10-10 10:40:49,21.53,13500,21.54,D
sh601126,四方股份,2025-10-10 10:40:55,21.52,9300,21.52,D
sh601126,四方股份,2025-10-10 10:40:58,21.5,23700,21.52,D
sh601126,四方股份,2025-10-10 10:41:01,21.48,37600,21.5,D
sh601126,四方股份,2025-10-10 10:41:13,21.43,25000,21.43,D
sh601126,四方股份,2025-10-10 10:41:43,21.44,10900,21.44,D
sh601126,四方股份,2025-10-10 10:42:01,21.4,12300,21.4,D
sh601126,四方股份,2025-10-10 10:42:10,21.4,27200,21.39,U
sh601126,四方股份,2025-10-10 10:42:13,21.4,30500,21.4,D
sh601126,四方股份,2025-10-10 10:42:16,21.4,16000,21.4,D
sh601126,四方股份,2025-10-10 10:42:34,21.42,9700,21.41,U
sh601126,四方股份,2025-10-10 10:43:01,21.37,10100,21.39,D
sh601126,四方股份,2025-10-10 10:43:25,21.42,42800,21.38,U
sh601126,四方股份,2025-10-10 10:43:28,21.38,9600,21.42,D
sh601126,四方股份,2025-10-10 10:43:34,21.41,53800,21.42,U
sh601126,四方股份,2025-10-10 10:43:37,21.43,107100,21.41,U
sh601126,四方股份,2025-10-10 10:43:46,21.46,17900,21.46,U
sh601126,四方股份,2025-10-10 10:44:13,21.39,9400,21.38,U
sh601126,四方股份,2025-10-10 10:44:22,21.36,18900,21.38,D
sh601126,四方股份,2025-10-10 10:44:43,21.32,10864,21.33,D
sh601126,四方股份,2025-10-10 10:44:55,21.34,10600,21.33,U
sh601126,四方股份,2025-10-10 10:45:28,21.32,47200,21.33,D
sh601126,四方股份,2025-10-10 10:45:43,21.31,10400,21.31,D
sh601126,四方股份,2025-10-10 10:45:46,21.31,23500,21.31,D
sh601126,四方股份,2025-10-10 10:46:10,21.32,39200,21.29,U
sh601126,四方股份,2025-10-10 10:46:16,21.5,120300,21.29,U
sh601126,四方股份,2025-10-10 10:46:19,21.44,12300,21.5,D
sh601126,四方股份,2025-10-10 10:46:25,21.45,13800,21.47,D
sh601126,四方股份,2025-10-10 10:46:37,21.41,23600,21.42,E
sh601126,四方股份,2025-10-10 10:46:55,21.42,20100,21.42,U
sh601126,四方股份,2025-10-10 10:47:28,21.51,150100,21.42,U
sh601126,四方股份,2025-10-10 10:47:31,21.55,45000,21.51,U
sh601126,四方股份,2025-10-10 10:47:40,21.63,247000,21.51,U
sh601126,四方股份,2025-10-10 10:47:43,21.6,23200,21.63,D
sh601126,四方股份,2025-10-10 10:47:49,21.6,18000,21.61,D
sh601126,四方股份,2025-10-10 10:47:58,21.59,10000,21.55,U
sh601126,四方股份,2025-10-10 10:48:01,21.59,10000,21.59,U
sh601126,四方股份,2025-10-10 10:48:13,21.51,17500,21.55,D
sh601126,四方股份,2025-10-10 10:48:16,21.56,9500,21.51,U
sh601126,四方股份,2025-10-10 10:48:25,21.52,16000,21.53,D
sh601126,四方股份,2025-10-10 10:48:28,21.53,15100,21.52,U
sh601126,四方股份,2025-10-10 10:48:37,21.5,9800,21.51,D
sh601126,四方股份,2025-10-10 10:48:46,21.5,13700,21.5,D
sh601126,四方股份,2025-10-10 10:48:49,21.5,17500,21.5,D
sh601126,四方股份,2025-10-10 10:48:55,21.47,24800,21.5,D
sh601126,四方股份,2025-10-10 10:49:07,21.47,9400,21.47,U
sh601126,四方股份,2025-10-10 10:49:19,21.48,10200,21.47,U
sh601126,四方股份,2025-10-10 10:49:43,21.48,11200,21.46,U
sh601126,四方股份,2025-10-10 10:50:07,21.48,22100,21.47,U
sh601126,四方股份,2025-10-10 10:50:10,21.46,15700,21.48,D
sh601126,四方股份,2025-10-10 10:50:13,21.47,10000,21.46,E
sh601126,四方股份,2025-10-10 10:50:16,21.46,29700,21.47,D
sh601126,四方股份,2025-10-10 10:50:49,21.46,40700,21.42,U
sh601126,四方股份,2025-10-10 10:51:28,21.39,18200,21.4,D
sh601126,四方股份,2025-10-10 10:51:58,21.4,20400,21.39,U
sh601126,四方股份,2025-10-10 10:52:07,21.41,10500,21.4,U
sh601126,四方股份,2025-10-10 10:52:43,21.44,29800,21.43,U
sh601126,四方股份,2025-10-10 10:55:13,21.38,9800,21.38,U
sh601126,四方股份,2025-10-10 10:55:22,21.39,14900,21.39,U
sh601126,四方股份,2025-10-10 10:55:31,21.42,31700,21.4,U
sh601126,四方股份,2025-10-10 10:55:34,21.4,11300,21.42,D
sh601126,四方股份,2025-10-10 10:55:52,21.42,19000,21.4,U
sh601126,四方股份,2025-10-10 10:56:07,21.41,12900,21.42,D
sh601126,四方股份,2025-10-10 10:56:22,21.43,18600,21.42,U
sh601126,四方股份,2025-10-10 10:57:19,21.45,28100,21.43,U
sh601126,四方股份,2025-10-10 10:57:22,21.46,12600,21.45,U
sh601126,四方股份,2025-10-10 10:57:25,21.47,22900,21.46,U
sh601126,四方股份,2025-10-10 10:57:28,21.47,9700,21.47,D
sh601126,四方股份,2025-10-10 10:57:37,21.51,10200,21.5,U
sh601126,四方股份,2025-10-10 10:57:40,21.51,21500,21.51,U
sh601126,四方股份,2025-10-10 10:57:43,21.59,80000,21.51,U
sh601126,四方股份,2025-10-10 10:57:46,21.66,42600,21.59,U
sh601126,四方股份,2025-10-10 10:57:55,21.68,96572,21.62,U
sh601126,四方股份,2025-10-10 10:58:01,21.69,11500,21.68,U
sh601126,四方股份,2025-10-10 10:58:04,21.69,10600,21.69,U
sh601126,四方股份,2025-10-10 10:58:07,21.67,40500,21.69,E
sh601126,四方股份,2025-10-10 10:58:10,21.73,94100,21.67,U
sh601126,四方股份,2025-10-10 10:58:13,21.73,31900,21.73,D
sh601126,四方股份,2025-10-10 10:58:16,21.73,15300,21.73,D
sh601126,四方股份,2025-10-10 10:58:19,21.74,28600,21.73,U
sh601126,四方股份,2025-10-10 10:58:25,21.73,37800,21.75,D
sh601126,四方股份,2025-10-10 10:58:28,21.77,245200,21.73,U
sh601126,四方股份,2025-10-10 10:58:31,21.8,16500,21.77,U
sh601126,四方股份,2025-10-10 10:58:40,21.8,34100,21.8,U
sh601126,四方股份,2025-10-10 10:58:43,21.85,98500,21.8,U
sh601126,四方股份,2025-10-10 10:58:46,21.85,47100,21.85,D
sh601126,四方股份,2025-10-10 10:58:49,21.86,88800,21.85,U
sh601126,四方股份,2025-10-10 10:58:52,21.88,33700,21.86,U
sh601126,四方股份,2025-10-10 10:58:55,21.88,29600,21.88,U
sh601126,四方股份,2025-10-10 10:58:58,21.91,117600,21.88,U
sh601126,四方股份,2025-10-10 10:59:01,21.98,162900,21.91,U
sh601126,四方股份,2025-10-10 10:59:04,21.94,42000,21.98,E
sh601126,四方股份,2025-10-10 10:59:07,21.9,85500,21.94,D
sh601126,四方股份,2025-10-10 10:59:11,21.91,102200,21.9,D
sh601126,四方股份,2025-10-10 10:59:13,21.94,9600,21.91,E
sh601126,四方股份,2025-10-10 10:59:16,21.94,11700,21.94,D
sh601126,四方股份,2025-10-10 10:59:19,22.01,303800,21.94,U
sh601126,四方股份,2025-10-10 10:59:22,22.01,43506,22.01,D
sh601126,四方股份,2025-10-10 10:59:25,22.07,30300,22.01,U
sh601126,四方股份,2025-10-10 10:59:28,22.06,50200,22.07,E
sh601126,四方股份,2025-10-10 10:59:31,22.05,44000,22.06,E
sh601126,四方股份,2025-10-10 10:59:34,22.03,22000,22.05,D
sh601126,四方股份,2025-10-10 10:59:37,22.0,10400,22.03,D
sh601126,四方股份,2025-10-10 10:59:40,22.03,70300,22.0,U
sh601126,四方股份,2025-10-10 10:59:43,22.0,54400,22.03,D
sh601126,四方股份,2025-10-10 10:59:46,22.0,11600,22.0,D
sh601126,四方股份,2025-10-10 10:59:49,22.07,182300,22.0,U
sh601126,四方股份,2025-10-10 10:59:52,22.07,12600,22.07,D
sh601126,四方股份,2025-10-10 10:59:55,22.09,63300,22.07,E
sh601126,四方股份,2025-10-10 10:59:58,22.1,80300,22.09,U
sh601126,四方股份,2025-10-10 11:00:01,22.08,49200,22.1,E
sh601126,四方股份,2025-10-10 11:00:04,22.06,24000,22.08,D
sh601126,四方股份,2025-10-10 11:00:07,22.05,58800,22.06,E
sh601126,四方股份,2025-10-10 11:00:16,22.04,20200,22.08,D
sh601126,四方股份,2025-10-10 11:00:19,22.04,23200,22.04,D
sh601126,四方股份,2025-10-10 11:00:28,22.01,22600,22.01,D
sh601126,四方股份,2025-10-10 11:00:31,21.98,16500,22.01,D
sh601126,四方股份,2025-10-10 11:00:34,21.99,9200,21.98,U
sh601126,四方股份,2025-10-10 11:00:37,22.03,54000,21.99,U
sh601126,四方股份,2025-10-10 11:00:40,22.05,16500,22.03,U
sh601126,四方股份,2025-10-10 11:00:43,22.06,14400,22.05,U
sh601126,四方股份,2025-10-10 11:00:46,22.08,75800,22.06,U
sh601126,四方股份,2025-10-10 11:00:49,22.06,14900,22.08,D
sh601126,四方股份,2025-10-10 11:00:52,22.1,78900,22.06,U
sh601126,四方股份,2025-10-10 11:00:55,22.08,56500,22.1,D
sh601126,四方股份,2025-10-10 11:00:58,22.05,22400,22.08,D
sh601126,四方股份,2025-10-10 11:01:04,22.05,25100,22.05,U
sh601126,四方股份,2025-10-10 11:01:07,22.03,41400,22.05,D
sh601126,四方股份,2025-10-10 11:01:19,22.01,20700,22.04,D
sh601126,四方股份,2025-10-10 11:01:37,21.99,45500,21.97,U
sh601126,四方股份,2025-10-10 11:01:40,22.0,35300,21.99,U
sh601126,四方股份,2025-10-10 11:01:55,21.94,21500,21.97,D
sh601126,四方股份,2025-10-10 11:02:04,21.96,12000,21.96,D
sh601126,四方股份,2025-10-10 11:02:07,22.0,23000,21.96,U
sh601126,四方股份,2025-10-10 11:02:10,22.08,81000,22.0,U
sh601126,四方股份,2025-10-10 11:02:13,22.07,10100,22.08,E
sh601126,四方股份,2025-10-10 11:02:22,22.01,15200,22.04,D
sh601126,四方股份,2025-10-10 11:02:28,22.01,25700,22.01,D
sh601126,四方股份,2025-10-10 11:02:34,22.01,9400,22.01,U
sh601126,四方股份,2025-10-10 11:02:37,22.03,9100,22.01,U
sh601126,四方股份,2025-10-10 11:02:40,22.02,25200,22.03,U
sh601126,四方股份,2025-10-10 11:02:43,22.01,69300,22.02,D
sh601126,四方股份,2025-10-10 11:02:46,21.99,9800,22.01,D
sh601126,四方股份,2025-10-10 11:02:52,21.99,9600,22.01,D
sh601126,四方股份,2025-10-10 11:02:55,21.97,21700,21.99,D
sh601126,四方股份,2025-10-10 11:02:58,21.91,26100,21.97,D
sh601126,四方股份,2025-10-10 11:03:04,21.91,13100,21.9,U
sh601126,四方股份,2025-10-10 11:03:10,21.97,20500,21.95,U
sh601126,四方股份,2025-10-10 11:03:16,21.97,11700,21.99,D
sh601126,四方股份,2025-10-10 11:03:22,21.95,18300,21.98,D
sh601126,四方股份,2025-10-10 11:03:28,21.97,29000,21.97,U
sh601126,四方股份,2025-10-10 11:03:40,21.96,64100,21.96,U
sh601126,四方股份,2025-10-10 11:03:43,21.96,26700,21.96,U
sh601126,四方股份,2025-10-10 11:03:46,21.97,13700,21.96,U
sh601126,四方股份,2025-10-10 11:03:49,21.99,14000,21.97,U
sh601126,四方股份,2025-10-10 11:03:58,22.0,20200,22.0,U
sh601126,四方股份,2025-10-10 11:04:04,22.02,13200,22.0,U
sh601126,四方股份,2025-10-10 11:04:13,22.02,12400,22.05,D
sh601126,四方股份,2025-10-10 11:04:16,22.07,57100,22.02,U
sh601126,四方股份,2025-10-10 11:04:22,22.12,40500,22.09,U
sh601126,四方股份,2025-10-10 11:04:25,22.14,14900,22.12,U
sh601126,四方股份,2025-10-10 11:04:28,22.15,11900,22.14,U
sh601126,四方股份,2025-10-10 11:04:31,22.18,51100,22.15,U
sh601126,四方股份,2025-10-10 11:04:34,22.2,19600,22.18,U
sh601126,四方股份,2025-10-10 11:04:37,22.17,90400,22.2,D
sh601126,四方股份,2025-10-10 11:04:40,22.22,83000,22.17,U
sh601126,四方股份,2025-10-10 11:04:43,22.22,16700,22.22,U
sh601126,四方股份,2025-10-10 11:04:46,22.23,26700,22.22,U
sh601126,四方股份,2025-10-10 11:04:49,22.23,60900,22.23,U
sh601126,四方股份,2025-10-10 11:04:52,22.24,37800,22.23,U
sh601126,四方股份,2025-10-10 11:04:55,22.26,51100,22.24,U
sh601126,四方股份,2025-10-10 11:04:58,22.26,43000,22.26,U
sh601126,四方股份,2025-10-10 11:05:01,22.27,31000,22.26,E
sh601126,四方股份,2025-10-10 11:05:04,22.3,57400,22.27,U
sh601126,四方股份,2025-10-10 11:05:07,22.35,65600,22.3,U
sh601126,四方股份,2025-10-10 11:05:10,22.36,50600,22.35,U
sh601126,四方股份,2025-10-10 11:05:13,22.36,27700,22.36,U
sh601126,四方股份,2025-10-10 11:05:16,22.36,96900,22.36,U
sh601126,四方股份,2025-10-10 11:05:19,22.36,145200,22.36,U
sh601126,四方股份,2025-10-10 11:05:22,22.37,52400,22.36,U
sh601126,四方股份,2025-10-10 11:05:25,22.35,54700,22.37,D
sh601126,四方股份,2025-10-10 11:05:28,22.34,111500,22.35,D
sh601126,四方股份,2025-10-10 11:05:31,22.35,49500,22.34,U
sh601126,四方股份,2025-10-10 11:05:34,22.33,12900,22.35,E
sh601126,四方股份,2025-10-10 11:05:37,22.32,36300,22.33,E
sh601126,四方股份,2025-10-10 11:05:40,22.48,384100,22.32,U
sh601126,四方股份,2025-10-10 11:05:43,22.47,181900,22.48,D
sh601126,四方股份,2025-10-10 11:05:46,22.47,86500,22.47,U
sh601126,四方股份,2025-10-10 11:05:49,22.49,117700,22.47,U
sh601126,四方股份,2025-10-10 11:05:52,22.49,151700,22.49,D
sh601126,四方股份,2025-10-10 11:05:55,22.52,1631430,22.49,U
sh601126,四方股份,2025-10-10 11:05:58,22.52,143900,22.52,D
sh601126,四方股份,2025-10-10 11:06:01,22.52,37400,22.52,D
sh601126,四方股份,2025-10-10 11:06:04,22.52,67200,22.52,D
sh601126,四方股份,2025-10-10 11:06:07,22.52,66500,22.52,D
sh601126,四方股份,2025-10-10 11:06:10,22.52,61100,22.52,D
sh601126,四方股份,2025-10-10 11:06:13,22.52,343700,22.52,D
sh601126,四方股份,2025-10-10 11:06:16,22.52,59800,22.52,D
sh601126,四方股份,2025-10-10 11:06:19,22.52,29500,22.52,D
sh601126,四方股份,2025-10-10 11:06:22,22.52,120100,22.52,D
sh601126,四方股份,2025-10-10 11:06:25,22.52,33700,22.52,D
sh601126,四方股份,2025-10-10 11:06:28,22.52,35300,22.52,D
sh601126,四方股份,2025-10-10 11:06:31,22.52,670100,22.52,D
sh601126,四方股份,2025-10-10 11:06:34,22.52,176300,22.52,D
sh601126,四方股份,2025-10-10 11:06:37,22.52,93000,22.52,D
sh601126,四方股份,2025-10-10 11:06:40,22.52,80100,22.52,D
sh601126,四方股份,2025-10-10 11:06:43,22.52,75300,22.52,D
sh601126,四方股份,2025-10-10 11:06:46,22.52,102300,22.52,D
sh601126,四方股份,2025-10-10 11:06:49,22.52,28100,22.52,D
sh601126,四方股份,2025-10-10 11:06:52,22.52,103500,22.52,D
sh601126,四方股份,2025-10-10 11:06:55,22.52,22500,22.52,D
sh601126,四方股份,2025-10-10 11:06:58,22.52,35700,22.52,D
sh601126,四方股份,2025-10-10 11:07:01,22.52,9400,22.52,D
sh601126,四方股份,2025-10-10 11:07:04,22.52,64900,22.52,D
sh601126,四方股份,2025-10-10 11:07:07,22.52,664400,22.52,D
sh601126,四方股份,2025-10-10 11:07:10,22.52,13800,22.52,D
sh601126,四方股份,2025-10-10 11:07:13,22.52,44100,22.52,D
sh601126,四方股份,2025-10-10 11:07:16,22.52,30400,22.52,D
sh601126,四方股份,2025-10-10 11:07:19,22.52,83900,22.52,D
sh601126,四方股份,2025-10-10 11:07:22,22.52,29700,22.52,D
sh601126,四方股份,2025-10-10 11:07:25,22.52,43200,22.52,D
sh601126,四方股份,2025-10-10 11:07:28,22.52,72800,22.52,D
sh601126,四方股份,2025-10-10 11:07:31,22.52,11041,22.52,D
sh601126,四方股份,2025-10-10 11:07:34,22.52,22400,22.52,D
sh601126,四方股份,2025-10-10 11:07:37,22.52,18800,22.52,D
sh601126,四方股份,2025-10-10 11:07:46,22.52,21400,22.52,D
sh601126,四方股份,2025-10-10 11:07:49,22.52,11300,22.52,D
sh601126,四方股份,2025-10-10 11:07:58,22.52,9700,22.52,D
sh601126,四方股份,2025-10-10 11:08:01,22.52,18500,22.52,D
sh601126,四方股份,2025-10-10 11:08:04,22.52,24000,22.52,D
sh601126,四方股份,2025-10-10 11:08:07,22.52,107400,22.52,D
sh601126,四方股份,2025-10-10 11:08:10,22.52,11900,22.52,D
sh601126,四方股份,2025-10-10 11:08:13,22.52,13900,22.52,D
sh601126,四方股份,2025-10-10 11:08:19,22.52,10200,22.52,D
sh601126,四方股份,2025-10-10 11:08:25,22.52,13800,22.52,D
sh601126,四方股份,2025-10-10 11:08:28,22.52,22000,22.52,D
sh601126,四方股份,2025-10-10 11:08:34,22.52,76500,22.52,D
sh601126,四方股份,2025-10-10 11:08:40,22.52,10300,22.52,D
sh601126,四方股份,2025-10-10 11:08:43,22.52,54800,22.52,D
sh601126,四方股份,2025-10-10 11:08:49,22.52,10600,22.52,D
sh601126,四方股份,2025-10-10 11:08:52,22.52,22000,22.52,D
sh601126,四方股份,2025-10-10 11:09:10,22.52,36400,22.52,D
sh601126,四方股份,2025-10-10 11:09:13,22.52,11400,22.52,D
sh601126,四方股份,2025-10-10 11:09:16,22.52,23200,22.52,D
sh601126,四方股份,2025-10-10 11:09:25,22.52,11900,22.52,D
sh601126,四方股份,2025-10-10 11:09:37,22.52,11800,22.52,D
sh601126,四方股份,2025-10-10 11:09:40,22.52,94600,22.52,D
sh601126,四方股份,2025-10-10 11:09:43,22.52,23600,22.52,D
sh601126,四方股份,2025-10-10 11:09:46,22.52,33300,22.52,D
sh601126,四方股份,2025-10-10 11:09:49,22.52,46600,22.52,D
sh601126,四方股份,2025-10-10 11:09:52,22.52,20700,22.52,D
sh601126,四方股份,2025-10-10 11:09:55,22.52,16000,22.52,D
sh601126,四方股份,2025-10-10 11:10:02,22.52,9500,22.52,D
sh601126,四方股份,2025-10-10 11:10:04,22.52,14200,22.52,D
sh601126,四方股份,2025-10-10 11:10:07,22.52,14200,22.52,D
sh601126,四方股份,2025-10-10 11:10:10,22.52,260200,22.52,D
sh601126,四方股份,2025-10-10 11:10:16,22.52,52600,22.52,D
sh601126,四方股份,2025-10-10 11:10:19,22.52,54600,22.52,D
sh601126,四方股份,2025-10-10 11:10:22,22.52,68800,22.52,D
sh601126,四方股份,2025-10-10 11:10:25,22.52,19800,22.52,D
sh601126,四方股份,2025-10-10 11:10:28,22.52,66400,22.52,D
sh601126,四方股份,2025-10-10 11:10:31,22.52,74200,22.52,D
sh601126,四方股份,2025-10-10 11:10:34,22.52,124000,22.52,D
sh601126,四方股份,2025-10-10 11:10:37,22.52,116700,22.52,D
sh601126,四方股份,2025-10-10 11:10:40,22.52,78200,22.52,D
sh601126,四方股份,2025-10-10 11:10:43,22.52,137000,22.52,D
sh601126,四方股份,2025-10-10 11:10:46,22.52,255400,22.52,D
sh601126,四方股份,2025-10-10 11:10:49,22.5,108900,22.52,U
sh601126,四方股份,2025-10-10 11:10:52,22.42,63200,22.5,D
sh601126,四方股份,2025-10-10 11:10:55,22.44,15100,22.42,E
sh601126,四方股份,2025-10-10 11:10:58,22.43,31600,22.44,U
sh601126,四方股份,2025-10-10 11:11:01,22.41,42900,22.43,D
sh601126,四方股份,2025-10-10 11:11:04,22.38,22000,22.41,D
sh601126,四方股份,2025-10-10 11:11:10,22.29,67900,22.35,D
sh601126,四方股份,2025-10-10 11:11:13,22.33,34000,22.29,U
sh601126,四方股份,2025-10-10 11:11:16,22.37,72800,22.33,U
sh601126,四方股份,2025-10-10 11:11:19,22.38,64600,22.37,U
sh601126,四方股份,2025-10-10 11:11:22,22.44,60900,22.38,U
sh601126,四方股份,2025-10-10 11:11:28,22.45,39100,22.45,U
sh601126,四方股份,2025-10-10 11:11:31,22.52,196000,22.45,U
sh601126,四方股份,2025-10-10 11:11:34,22.52,16400,22.52,D
sh601126,四方股份,2025-10-10 11:11:40,22.52,39900,22.52,D
sh601126,四方股份,2025-10-10 11:11:43,22.52,44200,22.52,D
sh601126,四方股份,2025-10-10 11:11:49,22.52,15300,22.52,D
sh601126,四方股份,2025-10-10 11:11:55,22.52,17200,22.52,D
sh601126,四方股份,2025-10-10 11:11:58,22.52,60400,22.52,D
sh601126,四方股份,2025-10-10 11:12:01,22.52,22300,22.52,D
sh601126,四方股份,2025-10-10 11:12:10,22.52,13000,22.52,D
sh601126,四方股份,2025-10-10 11:12:13,22.52,110700,22.52,D
sh601126,四方股份,2025-10-10 11:12:19,22.52,13200,22.52,D
sh601126,四方股份,2025-10-10 11:12:22,22.52,9100,22.52,D
sh601126,四方股份,2025-10-10 11:12:37,22.52,11800,22.52,D
sh601126,四方股份,2025-10-10 11:12:46,22.52,14900,22.52,D
sh601126,四方股份,2025-10-10 11:12:49,22.52,19000,22.52,D
sh601126,四方股份,2025-10-10 11:12:55,22.52,13700,22.52,D
sh601126,四方股份,2025-10-10 11:13:01,22.52,10000,22.52,D
sh601126,四方股份,2025-10-10 11:13:07,22.52,12800,22.52,D
sh601126,四方股份,2025-10-10 11:13:34,22.52,20400,22.52,D
sh601126,四方股份,2025-10-10 11:13:37,22.52,22400,22.52,D
sh601126,四方股份,2025-10-10 11:13:43,22.52,15800,22.52,D
sh601126,四方股份,2025-10-10 11:14:01,22.52,20700,22.52,D
sh601126,四方股份,2025-10-10 11:14:07,22.52,11000,22.52,D
sh601126,四方股份,2025-10-10 11:14:37,22.52,15600,22.52,D
sh601126,四方股份,2025-10-10 11:14:43,22.52,36100,22.52,D
sh601126,四方股份,2025-10-10 11:15:22,22.52,17300,22.52,D
sh601126,四方股份,2025-10-10 11:15:46,22.52,18500,22.52,D
sh601126,四方股份,2025-10-10 11:15:55,22.52,60500,22.52,D
sh601126,四方股份,2025-10-10 11:16:04,22.52,111400,22.52,D
sh601126,四方股份,2025-10-10 11:16:37,22.52,12000,22.52,D
sh601126,四方股份,2025-10-10 11:16:58,22.52,12600,22.52,D
sh601126,四方股份,2025-10-10 11:17:31,22.52,9700,22.52,D
sh601126,四方股份,2025-10-10 11:17:52,22.52,9000,22.52,D
sh601126,四方股份,2025-10-10 11:18:43,22.52,55900,22.52,D
sh601126,四方股份,2025-10-10 11:19:16,22.52,10700,22.52,D
sh601126,四方股份,2025-10-10 11:20:13,22.52,16200,22.52,D
sh601126,四方股份,2025-10-10 11:20:34,22.52,16600,22.52,D
sh601126,四方股份,2025-10-10 11:20:40,22.52,22400,22.52,D
sh601126,四方股份,2025-10-10 11:20:43,22.52,16100,22.52,D
sh601126,四方股份,2025-10-10 11:21:01,22.52,20200,22.52,D
sh601126,四方股份,2025-10-10 11:21:52,22.52,12900,22.52,D
sh601126,四方股份,2025-10-10 11:24:04,22.52,10800,22.52,D
sh601126,四方股份,2025-10-10 11:26:37,22.52,22000,22.52,D
sh601126,四方股份,2025-10-10 11:27:13,22.52,20300,22.52,D
sh601126,四方股份,2025-10-10 11:27:28,22.52,10000,22.52,D
sh601126,四方股份,2025-10-10 11:27:37,22.52,11000,22.52,D
sh601126,四方股份,2025-10-10 11:28:16,22.52,16600,22.52,D
sh601126,四方股份,2025-10-10 11:29:37,22.52,40000,22.52,D
sh601126,四方股份,2025-10-10 13:00:01,22.52,898000,22.52,D
sh601126,四方股份,2025-10-10 13:00:04,22.52,108800,22.52,D
sh601126,四方股份,2025-10-10 13:00:07,22.52,71800,22.52,D
sh601126,四方股份,2025-10-10 13:00:10,22.52,125200,22.52,D
sh601126,四方股份,2025-10-10 13:00:13,22.52,14800,22.52,D
sh601126,四方股份,2025-10-10 13:01:10,22.52,10800,22.52,D
sh601126,四方股份,2025-10-10 13:01:13,22.52,55417,22.52,D
sh601126,四方股份,2025-10-10 13:02:10,22.52,20000,22.52,D
sh601126,四方股份,2025-10-10 13:03:28,22.52,890600,22.52,D
sh601126,四方股份,2025-10-10 13:03:40,22.52,14700,22.52,D
sh601126,四方股份,2025-10-10 13:03:43,22.52,13900,22.52,D
sh601126,四方股份,2025-10-10 13:06:37,22.52,12500,22.52,D
sh601126,四方股份,2025-10-10 13:07:43,22.52,60600,22.52,D
sh601126,四方股份,2025-10-10 13:07:49,22.52,62100,22.52,D
sh601126,四方股份,2025-10-10 13:08:16,22.52,10600,22.52,D
sh601126,四方股份,2025-10-10 13:08:34,22.52,12100,22.52,D
sh601126,四方股份,2025-10-10 13:08:43,22.52,37400,22.52,D
sh601126,四方股份,2025-10-10 13:09:04,22.52,10200,22.52,D
sh601126,四方股份,2025-10-10 13:09:52,22.52,11500,22.52,D
sh601126,四方股份,2025-10-10 13:10:01,22.52,39100,22.52,D
sh601126,四方股份,2025-10-10 13:10:55,22.52,10300,22.52,D
sh601126,四方股份,2025-10-10 13:11:58,22.52,12900,22.52,D
sh601126,四方股份,2025-10-10 13:12:16,22.52,20000,22.52,D
sh601126,四方股份,2025-10-10 13:12:40,22.52,10000,22.52,D
sh601126,四方股份,2025-10-10 13:13:16,22.52,10000,22.52,D
sh601126,四方股份,2025-10-10 13:13:40,22.52,13100,22.52,D
sh601126,四方股份,2025-10-10 13:13:43,22.52,10800,22.52,D
sh601126,四方股份,2025-10-10 13:13:52,22.52,30400,22.52,D
sh601126,四方股份,2025-10-10 13:14:07,22.52,11200,22.52,D
sh601126,四方股份,2025-10-10 13:14:56,22.52,100200,22.52,D
sh601126,四方股份,2025-10-10 13:15:01,22.52,51900,22.52,D
sh601126,四方股份,2025-10-10 13:15:04,22.52,21900,22.52,D
sh601126,四方股份,2025-10-10 13:15:07,22.52,53100,22.52,D
sh601126,四方股份,2025-10-10 13:15:10,22.52,139600,22.52,D
sh601126,四方股份,2025-10-10 13:15:13,22.52,38900,22.52,D
sh601126,四方股份,2025-10-10 13:15:16,22.52,204200,22.52,D
sh601126,四方股份,2025-10-10 13:15:22,22.52,16500,22.52,D
sh601126,四方股份,2025-10-10 13:15:31,22.52,204300,22.52,D
sh601126,四方股份,2025-10-10 13:15:37,22.52,32900,22.52,D
sh601126,四方股份,2025-10-10 13:15:43,22.52,17700,22.52,D
sh601126,四方股份,2025-10-10 13:15:46,22.52,40300,22.52,D
sh601126,四方股份,2025-10-10 13:15:55,22.52,9000,22.52,D
sh601126,四方股份,2025-10-10 13:16:07,22.52,11800,22.52,D
sh601126,四方股份,2025-10-10 13:16:19,22.52,135900,22.52,D
sh601126,四方股份,2025-10-10 13:16:34,22.52,21900,22.52,D
sh601126,四方股份,2025-10-10 13:17:04,22.52,264300,22.52,D
sh601126,四方股份,2025-10-10 13:17:34,22.52,25800,22.52,D
sh601126,四方股份,2025-10-10 13:17:49,22.52,327500,22.52,D
sh601126,四方股份,2025-10-10 13:17:52,22.52,42300,22.52,D
sh601126,四方股份,2025-10-10 13:17:55,22.52,33700,22.52,D
sh601126,四方股份,2025-10-10 13:17:58,22.52,20200,22.52,D
sh601126,四方股份,2025-10-10 13:18:01,22.52,66500,22.52,D
sh601126,四方股份,2025-10-10 13:18:04,22.52,78600,22.52,D
sh601126,四方股份,2025-10-10 13:18:07,22.52,87100,22.52,D
sh601126,四方股份,2025-10-10 13:18:10,22.52,68900,22.52,D
sh601126,四方股份,2025-10-10 13:18:13,22.52,167100,22.52,D
sh601126,四方股份,2025-10-10 13:18:16,22.52,38500,22.52,D
sh601126,四方股份,2025-10-10 13:18:19,22.52,93500,22.52,D
sh601126,四方股份,2025-10-10 13:18:22,22.39,114400,22.52,U
sh601126,四方股份,2025-10-10 13:18:25,22.35,79800,22.39,D
sh601126,四方股份,2025-10-10 13:18:28,22.36,79500,22.35,E
sh601126,四方股份,2025-10-10 13:18:31,22.38,21700,22.36,U
sh601126,四方股份,2025-10-10 13:18:34,22.43,81100,22.38,U
sh601126,四方股份,2025-10-10 13:18:37,22.44,16100,22.43,U
sh601126,四方股份,2025-10-10 13:18:40,22.44,22600,22.44,U
sh601126,四方股份,2025-10-10 13:18:43,22.45,28100,22.44,U
sh601126,四方股份,2025-10-10 13:18:46,22.45,73100,22.45,D
sh601126,四方股份,2025-10-10 13:18:49,22.46,14900,22.45,E
sh601126,四方股份,2025-10-10 13:18:55,22.52,361400,22.48,U
sh601126,四方股份,2025-10-10 13:18:58,22.52,25800,22.52,D
sh601126,四方股份,2025-10-10 13:19:01,22.52,79600,22.52,D
sh601126,四方股份,2025-10-10 13:19:13,22.52,10200,22.52,D
sh601126,四方股份,2025-10-10 13:19:16,22.52,31500,22.52,D
sh601126,四方股份,2025-10-10 13:19:19,22.52,23400,22.52,D
sh601126,四方股份,2025-10-10 13:20:07,22.52,11300,22.52,D
sh601126,四方股份,2025-10-10 13:20:22,22.52,58900,22.52,D
sh601126,四方股份,2025-10-10 13:20:49,22.52,18800,22.52,D
sh601126,四方股份,2025-10-10 13:24:46,22.52,9200,22.52,D
sh601126,四方股份,2025-10-10 13:25:25,22.52,14800,22.52,D
sh601126,四方股份,2025-10-10 13:25:31,22.52,60100,22.52,D
sh601126,四方股份,2025-10-10 13:25:34,22.52,15700,22.52,D
sh601126,四方股份,2025-10-10 13:27:34,22.52,101300,22.52,D
sh601126,四方股份,2025-10-10 13:28:43,22.52,11700,22.52,D
sh601126,四方股份,2025-10-10 13:33:04,22.52,11400,22.52,D
sh601126,四方股份,2025-10-10 13:33:28,22.52,10600,22.52,D
sh601126,四方股份,2025-10-10 13:39:22,22.52,13600,22.52,D
sh601126,四方股份,2025-10-10 13:39:58,22.52,10000,22.52,D
sh601126,四方股份,2025-10-10 13:40:07,22.52,12000,22.52,D
sh601126,四方股份,2025-10-10 13:40:58,22.52,16400,22.52,D
sh601126,四方股份,2025-10-10 13:41:10,22.52,10800,22.52,D
sh601126,四方股份,2025-10-10 13:41:28,22.52,10000,22.52,D
sh601126,四方股份,2025-10-10 13:43:10,22.52,18500,22.52,D
sh601126,四方股份,2025-10-10 13:45:22,22.52,41700,22.52,D
sh601126,四方股份,2025-10-10 13:46:49,22.52,17500,22.52,D
sh601126,四方股份,2025-10-10 13:48:25,22.52,19300,22.52,D
sh601126,四方股份,2025-10-10 13:48:58,22.52,13500,22.52,D
sh601126,四方股份,2025-10-10 13:49:07,22.52,54000,22.52,D
sh601126,四方股份,2025-10-10 13:49:16,22.52,10500,22.52,D
sh601126,四方股份,2025-10-10 13:49:31,22.52,39000,22.52,D
sh601126,四方股份,2025-10-10 13:49:40,22.52,13200,22.52,D
sh601126,四方股份,2025-10-10 13:49:43,22.52,204200,22.52,D
sh601126,四方股份,2025-10-10 13:49:46,22.52,52953,22.52,D
sh601126,四方股份,2025-10-10 13:49:49,22.52,13600,22.52,D
sh601126,四方股份,2025-10-10 13:49:52,22.52,35000,22.52,D
sh601126,四方股份,2025-10-10 13:49:58,22.52,30600,22.52,D
sh601126,四方股份,2025-10-10 13:50:04,22.52,10900,22.52,D
sh601126,四方股份,2025-10-10 13:50:16,22.52,74000,22.52,D
sh601126,四方股份,2025-10-10 13:52:01,22.52,10400,22.52,D
sh601126,四方股份,2025-10-10 13:54:25,22.52,16000,22.52,D
sh601126,四方股份,2025-10-10 13:55:58,22.52,11800,22.52,D
sh601126,四方股份,2025-10-10 13:57:10,22.52,12000,22.52,D
sh601126,四方股份,2025-10-10 13:58:10,22.52,11400,22.52,D
sh601126,四方股份,2025-10-10 13:58:52,22.52,51300,22.52,D
sh601126,四方股份,2025-10-10 13:59:19,22.52,13000,22.52,D
sh601126,四方股份,2025-10-10 14:01:01,22.52,10000,22.52,D
sh601126,四方股份,2025-10-10 14:01:46,22.52,14700,22.52,D
sh601126,四方股份,2025-10-10 14:01:55,22.52,10000,22.52,D
sh601126,四方股份,2025-10-10 14:02:34,22.52,102000,22.52,D
sh601126,四方股份,2025-10-10 14:02:37,22.52,20700,22.52,D
sh601126,四方股份,2025-10-10 14:04:25,22.52,20100,22.52,D
sh601126,四方股份,2025-10-10 14:08:43,22.52,409500,22.52,D
sh601126,四方股份,2025-10-10 14:08:49,22.52,52800,22.52,D
sh601126,四方股份,2025-10-10 14:08:52,22.52,85300,22.52,D
sh601126,四方股份,2025-10-10 14:08:55,22.47,188500,22.52,U
sh601126,四方股份,2025-10-10 14:08:59,22.52,288662,22.47,U
sh601126,四方股份,2025-10-10 14:09:13,22.52,11500,22.52,D
sh601126,四方股份,2025-10-10 14:09:37,22.52,37200,22.52,D
sh601126,四方股份,2025-10-10 14:12:16,22.52,10000,22.52,D
sh601126,四方股份,2025-10-10 14:14:34,22.52,10200,22.52,D
sh601126,四方股份,2025-10-10 14:15:01,22.52,10000,22.52,D
sh601126,四方股份,2025-10-10 14:15:40,22.52,61700,22.52,D
sh601126,四方股份,2025-10-10 14:16:40,22.52,15600,22.52,D
sh601126,四方股份,2025-10-10 14:16:49,22.52,500100,22.52,D
sh601126,四方股份,2025-10-10 14:17:01,22.52,150600,22.52,D
sh601126,四方股份,2025-10-10 14:17:25,22.52,34900,22.52,D
sh601126,四方股份,2025-10-10 14:17:28,22.52,35300,22.52,D
sh601126,四方股份,2025-10-10 14:18:01,22.52,10000,22.52,D
sh601126,四方股份,2025-10-10 14:18:58,22.52,12100,22.52,D
sh601126,四方股份,2025-10-10 14:19:01,22.52,10400,22.52,D
sh601126,四方股份,2025-10-10 14:19:07,22.52,10900,22.52,D
sh601126,四方股份,2025-10-10 14:21:04,22.52,15200,22.52,D
sh601126,四方股份,2025-10-10 14:21:40,22.52,9900,22.52,D
sh601126,四方股份,2025-10-10 14:22:16,22.52,12000,22.52,D
sh601126,四方股份,2025-10-10 14:22:19,22.52,13800,22.52,D
sh601126,四方股份,2025-10-10 14:22:22,22.52,12000,22.52,D
sh601126,四方股份,2025-10-10 14:22:34,22.52,32400,22.52,D
sh601126,四方股份,2025-10-10 14:22:49,22.52,11600,22.52,D
sh601126,四方股份,2025-10-10 14:22:55,22.52,113200,22.52,D
sh601126,四方股份,2025-10-10 14:23:01,22.52,11800,22.52,D
sh601126,四方股份,2025-10-10 14:23:07,22.52,9600,22.52,D
sh601126,四方股份,2025-10-10 14:23:19,22.52,16800,22.52,D
sh601126,四方股份,2025-10-10 14:24:04,22.52,45000,22.52,D
sh601126,四方股份,2025-10-10 14:25:04,22.52,25800,22.52,D
sh601126,四方股份,2025-10-10 14:25:25,22.52,15000,22.52,D
sh601126,四方股份,2025-10-10 14:25:37,22.52,22000,22.52,D
sh601126,四方股份,2025-10-10 14:26:31,22.52,8900,22.52,D
sh601126,四方股份,2025-10-10 14:26:37,22.52,60000,22.52,D
sh601126,四方股份,2025-10-10 14:26:49,22.52,212100,22.52,D
sh601126,四方股份,2025-10-10 14:26:52,22.52,22200,22.52,D
sh601126,四方股份,2025-10-10 14:27:01,22.52,70300,22.52,D
sh601126,四方股份,2025-10-10 14:27:04,22.52,23900,22.52,D
sh601126,四方股份,2025-10-10 14:27:10,22.52,42300,22.52,D
sh601126,四方股份,2025-10-10 14:27:16,22.52,31200,22.52,D
sh601126,四方股份,2025-10-10 14:27:19,22.52,14600,22.52,D
sh601126,四方股份,2025-10-10 14:27:37,22.52,22500,22.52,D
sh601126,四方股份,2025-10-10 14:27:49,22.52,30500,22.52,D
sh601126,四方股份,2025-10-10 14:28:13,22.52,11800,22.52,D
sh601126,四方股份,2025-10-10 14:29:01,22.52,11800,22.52,D
sh601126,四方股份,2025-10-10 14:29:34,22.52,31100,22.52,D
sh601126,四方股份,2025-10-10 14:30:10,22.52,200900,22.52,D
sh601126,四方股份,2025-10-10 14:30:16,22.52,31100,22.52,D
sh601126,四方股份,2025-10-10 14:30:19,22.52,15800,22.52,D
sh601126,四方股份,2025-10-10 14:30:25,22.52,59800,22.52,D
sh601126,四方股份,2025-10-10 14:30:28,22.52,48000,22.52,D
sh601126,四方股份,2025-10-10 14:30:31,22.52,163800,22.52,D
sh601126,四方股份,2025-10-10 14:30:34,22.52,89600,22.52,D
sh601126,四方股份,2025-10-10 14:30:37,22.52,167900,22.52,D
sh601126,四方股份,2025-10-10 14:30:40,22.52,37600,22.52,D
sh601126,四方股份,2025-10-10 14:30:43,22.52,35100,22.52,D
sh601126,四方股份,2025-10-10 14:30:46,22.52,28000,22.52,D
sh601126,四方股份,2025-10-10 14:30:52,22.52,16100,22.52,D
sh601126,四方股份,2025-10-10 14:31:13,22.52,14900,22.52,D
sh601126,四方股份,2025-10-10 14:31:19,22.52,15000,22.52,D
sh601126,四方股份,2025-10-10 14:31:22,22.52,60200,22.52,D
sh601126,四方股份,2025-10-10 14:31:25,22.52,15498,22.52,D
sh601126,四方股份,2025-10-10 14:31:28,22.52,30100,22.52,D
sh601126,四方股份,2025-10-10 14:31:31,22.52,51200,22.52,D
sh601126,四方股份,2025-10-10 14:31:34,22.52,29000,22.52,D
sh601126,四方股份,2025-10-10 14:31:37,22.51,64602,22.52,U
sh601126,四方股份,2025-10-10 14:31:40,22.52,104398,22.51,U
sh601126,四方股份,2025-10-10 14:31:43,22.52,53500,22.52,D
sh601126,四方股份,2025-10-10 14:35:49,22.52,10000,22.52,D
sh601126,四方股份,2025-10-10 14:36:46,22.52,20300,22.52,D
sh601126,四方股份,2025-10-10 14:40:13,22.52,10000,22.52,D
sh601126,四方股份,2025-10-10 14:41:34,22.52,72000,22.52,D
sh601126,四方股份,2025-10-10 14:41:40,22.52,15000,22.52,D
sh601126,四方股份,2025-10-10 14:46:31,22.52,11500,22.52,D
sh601126,四方股份,2025-10-10 14:47:07,22.52,19500,22.52,D
sh601126,四方股份,2025-10-10 14:47:13,22.52,10000,22.52,D
sh601126,四方股份,2025-10-10 14:48:49,22.52,12700,22.52,D
sh601126,四方股份,2025-10-10 14:49:04,22.52,22500,22.52,D
sh601126,四方股份,2025-10-10 14:49:07,22.52,10000,22.52,D
sh601126,四方股份,2025-10-10 14:49:16,22.52,16500,22.52,D
sh601126,四方股份,2025-10-10 14:50:46,22.52,26100,22.52,D
sh601126,四方股份,2025-10-10 14:51:10,22.52,10000,22.52,D
sh601126,四方股份,2025-10-10 14:52:19,22.52,30000,22.52,D
sh601126,四方股份,2025-10-10 14:54:43,22.52,9300,22.52,D
sh601126,四方股份,2025-10-10 14:55:34,22.52,25000,22.52,D
sh601126,四方股份,2025-10-10 15:00:03,22.52,70600,22.52,U
