symbol,name,ticktime,price,volume,prev_price,kind
sh601126,四方股份,2025-10-20 09:25:01,27.01,1460600,0.0,U
sh601126,四方股份,2025-10-20 09:30:00,27.16,96500,27.01,U
sh601126,四方股份,2025-10-20 09:30:03,27.2,93500,27.16,U
sh601126,四方股份,2025-10-20 09:30:06,27.26,56800,27.2,E
sh601126,四方股份,2025-10-20 09:30:09,27.23,106500,27.26,D
sh601126,四方股份,2025-10-20 09:30:12,27.22,46800,27.23,D
sh601126,四方股份,2025-10-20 09:30:15,27.12,190600,27.22,D
sh601126,四方股份,2025-10-20 09:30:18,27.1,315600,27.12,D
sh601126,四方股份,2025-10-20 09:30:21,27.07,90000,27.1,D
sh601126,四方股份,2025-10-20 09:30:24,27.22,102900,27.07,U
sh601126,四方股份,2025-10-20 09:30:27,27.07,186400,27.22,D
sh601126,四方股份,2025-10-20 09:30:30,27.12,254600,27.07,U
sh601126,四方股份,2025-10-20 09:30:33,27.01,278400,27.12,D
sh601126,四方股份,2025-10-20 09:30:36,26.96,341500,27.01,D
sh601126,四方股份,2025-10-20 09:30:39,26.91,69100,26.96,E
sh601126,四方股份,2025-10-20 09:30:42,26.86,69700,26.91,D
sh601126,四方股份,2025-10-20 09:30:45,26.96,197300,26.86,U
sh601126,四方股份,2025-10-20 09:30:48,26.84,367100,26.96,D
sh601126,四方股份,2025-10-20 09:30:51,26.71,125600,26.84,D
sh601126,四方股份,2025-10-20 09:30:54,26.63,60000,26.71,D
sh601126,四方股份,2025-10-20 09:30:57,26.51,170500,26.63,D
sh601126,四方股份,2025-10-20 09:31:00,26.71,181400,26.51,U
sh601126,四方股份,2025-10-20 09:31:03,26.6,123300,26.71,D
sh601126,四方股份,2025-10-20 09:31:06,26.5,83800,26.6,D
sh601126,四方股份,2025-10-20 09:31:09,26.2,102000,26.5,D
sh601126,四方股份,2025-10-20 09:31:12,26.2,267200,26.2,D
sh601126,四方股份,2025-10-20 09:31:15,26.14,285400,26.2,E
sh601126,四方股份,2025-10-20 09:31:18,26.14,122000,26.14,U
sh601126,四方股份,2025-10-20 09:31:21,26.14,117100,26.14,D
sh601126,四方股份,2025-10-20 09:31:24,26.13,152500,26.14,D
sh601126,四方股份,2025-10-20 09:31:27,26.12,194100,26.13,D
sh601126,四方股份,2025-10-20 09:31:30,26.5,166100,26.12,U
sh601126,四方股份,2025-10-20 09:31:33,26.5,165600,26.5,D
sh601126,四方股份,2025-10-20 09:31:36,26.46,25700,26.5,D
sh601126,四方股份,2025-10-20 09:31:39,26.45,59700,26.46,U
sh601126,四方股份,2025-10-20 09:31:42,26.46,96200,26.45,U
sh601126,四方股份,2025-10-20 09:31:45,26.55,113900,26.46,U
sh601126,四方股份,2025-10-20 09:31:48,26.46,147100,26.55,D
sh601126,四方股份,2025-10-20 09:31:51,26.37,103900,26.46,D
sh601126,四方股份,2025-10-20 09:31:54,26.33,71900,26.37,D
sh601126,四方股份,2025-10-20 09:31:57,26.3,58900,26.33,D
sh601126,四方股份,2025-10-20 09:32:00,26.26,64300,26.3,D
sh601126,四方股份,2025-10-20 09:32:03,26.23,67400,26.26,D
sh601126,四方股份,2025-10-20 09:32:06,26.25,103900,26.23,E
sh601126,四方股份,2025-10-20 09:32:09,26.37,80500,26.25,U
sh601126,四方股份,2025-10-20 09:32:12,26.26,97100,26.37,D
sh601126,四方股份,2025-10-20 09:32:15,26.55,70500,26.26,U
sh601126,四方股份,2025-10-20 09:32:18,26.52,25800,26.55,E
sh601126,四方股份,2025-10-20 09:32:21,26.45,42100,26.52,D
sh601126,四方股份,2025-10-20 09:32:24,26.45,40300,26.45,U
sh601126,四方股份,2025-10-20 09:32:27,26.37,65600,26.45,D
sh601126,四方股份,2025-10-20 09:32:30,26.37,83400,26.37,U
sh601126,四方股份,2025-10-20 09:32:33,26.44,67000,26.37,E
sh601126,四方股份,2025-10-20 09:32:36,26.4,78400,26.44,D
sh601126,四方股份,2025-10-20 09:32:39,26.4,108000,26.4,U
sh601126,四方股份,2025-10-20 09:32:42,26.4,37400,26.4,U
sh601126,四方股份,2025-10-20 09:32:45,26.4,21000,26.4,U
sh601126,四方股份,2025-10-20 09:32:48,26.4,36000,26.4,D
sh601126,四方股份,2025-10-20 09:32:51,26.42,25800,26.4,E
sh601126,四方股份,2025-10-20 09:32:54,26.4,60400,26.42,D
sh601126,四方股份,2025-10-20 09:32:57,26.48,20800,26.4,U
sh601126,四方股份,2025-10-20 09:33:00,26.5,33600,26.48,U
sh601126,四方股份,2025-10-20 09:33:03,26.45,58200,26.5,D
sh601126,四方股份,2025-10-20 09:33:06,26.48,158900,26.45,U
sh601126,四方股份,2025-10-20 09:33:09,26.46,43200,26.48,D
sh601126,四方股份,2025-10-20 09:33:12,26.42,102600,26.46,D
sh601126,四方股份,2025-10-20 09:33:15,26.4,115500,26.42,D
sh601126,四方股份,2025-10-20 09:33:18,26.39,169000,26.4,D
sh601126,四方股份,2025-10-20 09:33:21,26.36,56400,26.39,D
sh601126,四方股份,2025-10-20 09:33:24,26.27,26800,26.36,D
sh601126,四方股份,2025-10-20 09:33:27,26.27,53600,26.27,D
sh601126,四方股份,2025-10-20 09:33:30,26.26,101700,26.27,D
sh601126,四方股份,2025-10-20 09:33:33,26.2,87500,26.26,D
sh601126,四方股份,2025-10-20 09:33:36,26.15,79400,26.2,D
sh601126,四方股份,2025-10-20 09:33:39,26.1,116100,26.15,D
sh601126,四方股份,2025-10-20 09:33:42,25.92,214100,26.1,D
sh601126,四方股份,2025-10-20 09:33:45,25.8,61900,25.92,D
sh601126,四方股份,2025-10-20 09:33:48,25.94,171800,25.8,U
sh601126,四方股份,2025-10-20 09:33:51,26.04,177800,25.94,U
sh601126,四方股份,2025-10-20 09:33:54,26.09,133000,26.04,U
sh601126,四方股份,2025-10-20 09:33:57,26.09,175200,26.09,D
sh601126,四方股份,2025-10-20 09:34:00,26.15,192100,26.09,D
sh601126,四方股份,2025-10-20 09:34:03,26.09,119200,26.15,D
sh601126,四方股份,2025-10-20 09:34:06,26.15,103400,26.09,U
sh601126,四方股份,2025-10-20 09:34:09,26.09,249600,26.15,D
sh601126,四方股份,2025-10-20 09:34:12,26.1,157500,26.09,U
sh601126,四方股份,2025-10-20 09:34:15,26.18,97900,26.1,U
sh601126,四方股份,2025-10-20 09:34:18,26.25,64900,26.18,U
sh601126,四方股份,2025-10-20 09:34:21,26.2,40100,26.25,D
sh601126,四方股份,2025-10-20 09:34:24,26.25,22000,26.2,U
sh601126,四方股份,2025-10-20 09:34:27,26.27,51900,26.25,U
sh601126,四方股份,2025-10-20 09:34:30,26.31,21100,26.27,E
sh601126,四方股份,2025-10-20 09:34:33,26.37,27700,26.31,U
sh601126,四方股份,2025-10-20 09:34:36,26.39,36500,26.37,U
sh601126,四方股份,2025-10-20 09:34:39,26.42,15300,26.39,E
sh601126,四方股份,2025-10-20 09:34:42,26.45,221900,26.42,U
sh601126,四方股份,2025-10-20 09:34:45,26.34,85100,26.45,D
sh601126,四方股份,2025-10-20 09:34:48,26.36,35300,26.34,U
sh601126,四方股份,2025-10-20 09:34:51,26.37,15400,26.36,D
sh601126,四方股份,2025-10-20 09:34:54,26.36,22800,26.37,D
sh601126,四方股份,2025-10-20 09:34:57,26.42,21100,26.36,U
sh601126,四方股份,2025-10-20 09:35:00,26.42,38000,26.42,U
sh601126,四方股份,2025-10-20 09:35:03,26.38,44600,26.42,D
sh601126,四方股份,2025-10-20 09:35:06,26.39,63800,26.38,E
sh601126,四方股份,2025-10-20 09:35:09,26.34,129100,26.39,D
sh601126,四方股份,2025-10-20 09:35:12,26.22,94700,26.34,D
sh601126,四方股份,2025-10-20 09:35:15,26.29,24300,26.22,U
sh601126,四方股份,2025-10-20 09:35:18,26.26,14600,26.29,D
sh601126,四方股份,2025-10-20 09:35:21,26.23,13800,26.26,D
sh601126,四方股份,2025-10-20 09:35:24,26.23,20400,26.23,D
sh601126,四方股份,2025-10-20 09:35:27,26.35,94600,26.23,U
sh601126,四方股份,2025-10-20 09:35:30,26.32,66200,26.35,E
sh601126,四方股份,2025-10-20 09:35:33,26.31,58900,26.32,D
sh601126,四方股份,2025-10-20 09:35:36,26.31,65800,26.31,U
sh601126,四方股份,2025-10-20 09:35:39,26.4,93400,26.31,U
sh601126,四方股份,2025-10-20 09:35:42,26.5,263000,26.4,U
sh601126,四方股份,2025-10-20 09:35:45,26.47,95900,26.5,D
sh601126,四方股份,2025-10-20 09:35:48,26.49,45000,26.47,E
sh601126,四方股份,2025-10-20 09:35:51,26.59,147900,26.49,U
sh601126,四方股份,2025-10-20 09:35:54,26.55,97200,26.59,D
sh601126,四方股份,2025-10-20 09:35:57,26.53,115300,26.55,D
sh601126,四方股份,2025-10-20 09:36:00,26.55,83000,26.53,U
sh601126,四方股份,2025-10-20 09:36:03,26.59,99200,26.55,U
sh601126,四方股份,2025-10-20 09:36:06,26.65,265300,26.59,U
sh601126,四方股份,2025-10-20 09:36:09,26.58,69300,26.65,D
sh601126,四方股份,2025-10-20 09:36:12,26.58,40100,26.58,D
sh601126,四方股份,2025-10-20 09:36:15,26.64,29400,26.58,U
sh601126,四方股份,2025-10-20 09:36:18,26.62,22000,26.64,D
sh601126,四方股份,2025-10-20 09:36:21,26.65,11100,26.62,U
sh601126,四方股份,2025-10-20 09:36:24,26.64,31100,26.65,D
sh601126,四方股份,2025-10-20 09:36:27,26.66,8800,26.64,U
sh601126,四方股份,2025-10-20 09:36:30,26.6,80100,26.66,D
sh601126,四方股份,2025-10-20 09:36:33,26.6,35000,26.6,U
sh601126,四方股份,2025-10-20 09:36:36,26.63,88300,26.6,U
sh601126,四方股份,2025-10-20 09:36:39,26.63,43200,26.63,D
sh601126,四方股份,2025-10-20 09:36:42,26.63,20700,26.63,D
sh601126,四方股份,2025-10-20 09:36:45,26.66,21700,26.63,U
sh601126,四方股份,2025-10-20 09:36:48,26.63,26200,26.66,D
sh601126,四方股份,2025-10-20 09:36:51,26.63,45500,26.63,U
sh601126,四方股份,2025-10-20 09:36:54,26.58,16400,26.63,D
sh601126,四方股份,2025-10-20 09:36:57,26.56,13400,26.58,D
sh601126,四方股份,2025-10-20 09:37:00,26.55,41800,26.56,D
sh601126,四方股份,2025-10-20 09:37:03,26.4,73900,26.55,D
sh601126,四方股份,2025-10-20 09:37:06,26.55,50000,26.4,U
sh601126,四方股份,2025-10-20 09:37:09,26.57,10600,26.55,U
sh601126,四方股份,2025-10-20 09:37:12,26.56,50800,26.57,D
sh601126,四方股份,2025-10-20 09:37:15,26.72,100100,26.56,U
sh601126,四方股份,2025-10-20 09:37:18,26.72,42500,26.72,D
sh601126,四方股份,2025-10-20 09:37:21,26.75,9400,26.72,U
sh601126,四方股份,2025-10-20 09:37:24,26.78,28800,26.75,U
sh601126,四方股份,2025-10-20 09:37:27,26.8,15500,26.78,U
sh601126,四方股份,2025-10-20 09:37:30,26.8,35100,26.8,U
sh601126,四方股份,2025-10-20 09:37:33,26.84,53700,26.8,U
sh601126,四方股份,2025-10-20 09:37:36,26.83,82500,26.84,D
sh601126,四方股份,2025-10-20 09:37:39,26.75,121800,26.83,D
sh601126,四方股份,2025-10-20 09:37:42,26.72,20500,26.75,D
sh601126,四方股份,2025-10-20 09:37:45,26.71,11200,26.72,E
sh601126,四方股份,2025-10-20 09:37:48,26.64,30900,26.71,D
sh601126,四方股份,2025-10-20 09:37:51,26.58,37300,26.64,D
sh601126,四方股份,2025-10-20 09:37:54,26.64,52000,26.58,U
sh601126,四方股份,2025-10-20 09:37:57,26.64,35600,26.64,U
sh601126,四方股份,2025-10-20 09:38:00,26.64,31600,26.64,D
sh601126,四方股份,2025-10-20 09:38:03,26.64,59100,26.64,D
sh601126,四方股份,2025-10-20 09:38:06,26.57,24600,26.64,D
sh601126,四方股份,2025-10-20 09:38:09,26.51,17000,26.57,D
sh601126,四方股份,2025-10-20 09:38:12,26.52,27100,26.51,E
sh601126,四方股份,2025-10-20 09:38:15,26.47,33300,26.52,D
sh601126,四方股份,2025-10-20 09:38:18,26.47,99700,26.47,U
sh601126,四方股份,2025-10-20 09:38:21,26.51,32500,26.47,U
sh601126,四方股份,2025-10-20 09:38:24,26.51,294200,26.51,U
sh601126,四方股份,2025-10-20 09:38:27,26.47,16600,26.51,D
sh601126,四方股份,2025-10-20 09:38:30,26.38,84600,26.47,D
sh601126,四方股份,2025-10-20 09:38:33,26.33,54300,26.38,D
sh601126,四方股份,2025-10-20 09:38:36,26.38,10100,26.33,U
sh601126,四方股份,2025-10-20 09:38:39,26.34,22800,26.38,D
sh601126,四方股份,2025-10-20 09:38:42,26.26,56800,26.34,D
sh601126,四方股份,2025-10-20 09:38:45,26.3,27800,26.26,U
sh601126,四方股份,2025-10-20 09:38:48,26.32,16800,26.3,E
sh601126,四方股份,2025-10-20 09:38:51,26.3,12900,26.32,D
sh601126,四方股份,2025-10-20 09:38:54,26.3,70100,26.3,U
sh601126,四方股份,2025-10-20 09:38:57,26.31,23700,26.3,U
sh601126,四方股份,2025-10-20 09:39:00,26.31,39400,26.31,D
sh601126,四方股份,2025-10-20 09:39:03,26.36,51700,26.31,U
sh601126,四方股份,2025-10-20 09:39:06,26.47,139500,26.36,U
sh601126,四方股份,2025-10-20 09:39:09,26.43,18700,26.47,E
sh601126,四方股份,2025-10-20 09:39:12,26.41,10000,26.43,D
sh601126,四方股份,2025-10-20 09:39:15,26.36,12400,26.41,D
sh601126,四方股份,2025-10-20 09:39:18,26.39,65800,26.36,E
sh601126,四方股份,2025-10-20 09:39:21,26.3,75300,26.39,D
sh601126,四方股份,2025-10-20 09:39:24,26.3,38100,26.3,U
sh601126,四方股份,2025-10-20 09:39:27,26.33,90600,26.3,U
sh601126,四方股份,2025-10-20 09:39:30,26.29,40200,26.33,D
sh601126,四方股份,2025-10-20 09:39:33,26.28,13300,26.29,D
sh601126,四方股份,2025-10-20 09:39:36,26.27,15600,26.28,D
sh601126,四方股份,2025-10-20 09:39:39,26.28,73700,26.27,U
sh601126,四方股份,2025-10-20 09:39:42,26.3,38300,26.28,U
sh601126,四方股份,2025-10-20 09:39:45,26.26,46800,26.3,D
sh601126,四方股份,2025-10-20 09:39:48,26.27,41700,26.26,U
sh601126,四方股份,2025-10-20 09:39:51,26.27,20900,26.27,U
sh601126,四方股份,2025-10-20 09:39:54,26.27,16000,26.27,U
sh601126,四方股份,2025-10-20 09:39:57,26.27,13800,26.27,D
sh601126,四方股份,2025-10-20 09:40:00,26.27,14900,26.27,U
sh601126,四方股份,2025-10-20 09:40:03,26.25,20700,26.27,E
sh601126,四方股份,2025-10-20 09:40:06,26.24,25300,26.25,D
sh601126,四方股份,2025-10-20 09:40:09,26.23,78000,26.24,D
sh601126,四方股份,2025-10-20 09:40:12,26.2,30400,26.23,D
sh601126,四方股份,2025-10-20 09:40:21,26.18,30700,26.19,D
sh601126,四方股份,2025-10-20 09:40:24,26.23,54200,26.18,U
sh601126,四方股份,2025-10-20 09:40:27,26.23,57300,26.23,U
sh601126,四方股份,2025-10-20 09:40:30,26.24,44500,26.23,E
sh601126,四方股份,2025-10-20 09:40:33,26.23,116400,26.24,D
sh601126,四方股份,2025-10-20 09:40:36,26.23,42000,26.23,D
sh601126,四方股份,2025-10-20 09:40:39,26.23,54400,26.23,D
sh601126,四方股份,2025-10-20 09:40:42,26.25,21900,26.23,U
sh601126,四方股份,2025-10-20 09:40:45,26.28,9600,26.25,U
sh601126,四方股份,2025-10-20 09:40:48,26.25,60900,26.28,D
sh601126,四方股份,2025-10-20 09:40:51,26.2,112100,26.25,D
sh601126,四方股份,2025-10-20 09:40:54,26.21,8700,26.2,D
sh601126,四方股份,2025-10-20 09:40:57,26.2,46900,26.21,D
sh601126,四方股份,2025-10-20 09:41:00,26.19,31100,26.2,D
sh601126,四方股份,2025-10-20 09:41:03,26.18,13300,26.19,D
sh601126,四方股份,2025-10-20 09:41:06,26.18,29700,26.18,D
sh601126,四方股份,2025-10-20 09:41:09,26.16,40600,26.18,D
sh601126,四方股份,2025-10-20 09:41:12,26.19,28000,26.16,U
sh601126,四方股份,2025-10-20 09:41:15,26.2,16000,26.19,U
sh601126,四方股份,2025-10-20 09:41:18,26.18,13600,26.2,D
sh601126,四方股份,2025-10-20 09:41:21,26.16,29900,26.18,D
sh601126,四方股份,2025-10-20 09:41:27,26.16,12800,26.16,E
sh601126,四方股份,2025-10-20 09:41:30,26.14,18700,26.16,D
sh601126,四方股份,2025-10-20 09:41:36,26.12,44600,26.12,U
sh601126,四方股份,2025-10-20 09:41:39,26.12,10100,26.12,D
sh601126,四方股份,2025-10-20 09:41:42,26.12,17200,26.12,D
sh601126,四方股份,2025-10-20 09:41:45,26.13,9800,26.12,D
sh601126,四方股份,2025-10-20 09:41:48,26.12,35500,26.13,D
sh601126,四方股份,2025-10-20 09:41:51,26.16,58200,26.12,U
sh601126,四方股份,2025-10-20 09:41:54,26.17,26300,26.16,U
sh601126,四方股份,2025-10-20 09:41:57,26.18,20400,26.17,U
sh601126,四方股份,2025-10-20 09:42:00,26.17,28000,26.18,D
sh601126,四方股份,2025-10-20 09:42:03,26.16,39600,26.17,D
sh601126,四方股份,2025-10-20 09:42:06,26.16,7700,26.16,D
sh601126,四方股份,2025-10-20 09:42:15,26.11,18400,26.14,D
sh601126,四方股份,2025-10-20 09:42:18,26.14,40300,26.11,U
sh601126,四方股份,2025-10-20 09:42:21,26.14,25600,26.14,D
sh601126,四方股份,2025-10-20 09:42:24,26.16,75600,26.14,U
sh601126,四方股份,2025-10-20 09:42:27,26.17,27800,26.16,E
sh601126,四方股份,2025-10-20 09:42:30,26.17,26600,26.17,D
sh601126,四方股份,2025-10-20 09:42:33,26.18,33900,26.17,D
sh601126,四方股份,2025-10-20 09:42:36,26.21,21400,26.18,U
sh601126,四方股份,2025-10-20 09:42:39,26.26,47500,26.21,U
sh601126,四方股份,2025-10-20 09:42:42,26.25,15200,26.26,D
sh601126,四方股份,2025-10-20 09:42:45,26.24,8100,26.25,E
sh601126,四方股份,2025-10-20 09:42:48,26.3,24200,26.24,U
sh601126,四方股份,2025-10-20 09:42:51,26.31,15400,26.3,U
sh601126,四方股份,2025-10-20 09:42:54,26.27,13000,26.31,D
sh601126,四方股份,2025-10-20 09:42:57,26.26,25000,26.27,D
sh601126,四方股份,2025-10-20 09:43:00,26.23,25800,26.26,D
sh601126,四方股份,2025-10-20 09:43:03,26.19,36100,26.23,D
sh601126,四方股份,2025-10-20 09:43:06,26.2,33800,26.19,U
sh601126,四方股份,2025-10-20 09:43:12,26.15,92000,26.2,D
sh601126,四方股份,2025-10-20 09:43:15,26.13,37900,26.15,D
sh601126,四方股份,2025-10-20 09:43:18,26.06,75800,26.13,D
sh601126,四方股份,2025-10-20 09:43:21,26.06,26200,26.06,D
sh601126,四方股份,2025-10-20 09:43:24,26.05,69100,26.06,D
sh601126,四方股份,2025-10-20 09:43:27,26.04,103800,26.05,D
sh601126,四方股份,2025-10-20 09:43:30,26.01,14200,26.04,D
sh601126,四方股份,2025-10-20 09:43:33,26.0,30200,26.01,D
sh601126,四方股份,2025-10-20 09:43:36,26.0,110400,26.0,D
sh601126,四方股份,2025-10-20 09:43:39,26.0,65300,26.0,U
sh601126,四方股份,2025-10-20 09:43:42,25.97,32200,26.0,E
sh601126,四方股份,2025-10-20 09:43:45,25.96,35800,25.97,E
sh601126,四方股份,2025-10-20 09:43:48,25.91,44200,25.96,D
sh601126,四方股份,2025-10-20 09:43:51,25.99,81600,25.91,U
sh601126,四方股份,2025-10-20 09:43:54,25.92,33800,25.99,E
sh601126,四方股份,2025-10-20 09:43:57,26.01,109500,25.92,U
sh601126,四方股份,2025-10-20 09:44:00,26.0,35800,26.01,E
sh601126,四方股份,2025-10-20 09:44:03,26.0,183300,26.0,D
sh601126,四方股份,2025-10-20 09:44:06,25.93,36100,26.0,D
sh601126,四方股份,2025-10-20 09:44:09,25.93,10500,25.93,E
sh601126,四方股份,2025-10-20 09:44:12,25.98,86600,25.93,U
sh601126,四方股份,2025-10-20 09:44:15,26.05,89400,25.98,U
sh601126,四方股份,2025-10-20 09:44:18,26.1,57100,26.05,U
sh601126,四方股份,2025-10-20 09:44:21,26.01,10100,26.1,E
sh601126,四方股份,2025-10-20 09:44:24,26.01,19200,26.01,D
sh601126,四方股份,2025-10-20 09:44:27,26.1,9900,26.01,U
sh601126,四方股份,2025-10-20 09:44:30,26.15,37700,26.1,U
sh601126,四方股份,2025-10-20 09:44:33,26.11,11900,26.15,D
sh601126,四方股份,2025-10-20 09:44:36,26.12,36800,26.11,E
sh601126,四方股份,2025-10-20 09:44:39,26.3,70900,26.12,U
sh601126,四方股份,2025-10-20 09:44:42,26.29,110800,26.3,E
sh601126,四方股份,2025-10-20 09:44:48,26.3,13800,26.3,U
sh601126,四方股份,2025-10-20 09:44:51,26.28,46400,26.3,E
sh601126,四方股份,2025-10-20 09:44:54,26.3,67600,26.28,U
sh601126,四方股份,2025-10-20 09:44:57,26.32,9600,26.3,U
sh601126,四方股份,2025-10-20 09:45:00,26.36,13500,26.32,U
sh601126,四方股份,2025-10-20 09:45:03,26.43,59100,26.36,U
sh601126,四方股份,2025-10-20 09:45:06,26.53,20900,26.43,U
sh601126,四方股份,2025-10-20 09:45:09,26.56,22800,26.53,U
sh601126,四方股份,2025-10-20 09:45:12,26.65,49100,26.56,U
sh601126,四方股份,2025-10-20 09:45:15,26.62,17300,26.65,D
sh601126,四方股份,2025-10-20 09:45:18,26.61,55000,26.62,D
sh601126,四方股份,2025-10-20 09:45:21,26.61,84000,26.61,E
sh601126,四方股份,2025-10-20 09:45:24,26.57,27800,26.61,D
sh601126,四方股份,2025-10-20 09:45:27,26.56,12200,26.57,D
sh601126,四方股份,2025-10-20 09:45:30,26.52,14000,26.56,D
sh601126,四方股份,2025-10-20 09:45:33,26.5,10100,26.52,D
sh601126,四方股份,2025-10-20 09:45:36,26.5,38600,26.5,D
sh601126,四方股份,2025-10-20 09:45:39,26.45,17800,26.5,D
sh601126,四方股份,2025-10-20 09:45:45,26.38,13700,26.45,D
sh601126,四方股份,2025-10-20 09:45:51,26.38,15900,26.43,D
sh601126,四方股份,2025-10-20 09:45:54,26.44,35800,26.38,U
sh601126,四方股份,2025-10-20 09:45:57,26.45,12300,26.44,U
sh601126,四方股份,2025-10-20 09:46:00,26.45,7900,26.45,U
sh601126,四方股份,2025-10-20 09:46:03,26.43,10700,26.45,D
sh601126,四方股份,2025-10-20 09:46:06,26.43,16400,26.43,U
sh601126,四方股份,2025-10-20 09:46:09,26.43,11700,26.43,U
sh601126,四方股份,2025-10-20 09:46:12,26.43,13200,26.43,U
sh601126,四方股份,2025-10-20 09:46:15,26.42,23100,26.43,D
sh601126,四方股份,2025-10-20 09:46:18,26.4,13700,26.42,U
sh601126,四方股份,2025-10-20 09:46:21,26.42,25000,26.4,U
sh601126,四方股份,2025-10-20 09:46:24,26.4,23000,26.42,D
sh601126,四方股份,2025-10-20 09:46:27,26.4,22400,26.4,D
sh601126,四方股份,2025-10-20 09:46:30,26.4,13800,26.4,D
sh601126,四方股份,2025-10-20 09:46:33,26.4,15800,26.4,U
sh601126,四方股份,2025-10-20 09:46:36,26.4,36900,26.4,D
sh601126,四方股份,2025-10-20 09:46:39,26.49,45400,26.4,U
sh601126,四方股份,2025-10-20 09:46:42,26.49,13500,26.49,U
sh601126,四方股份,2025-10-20 09:46:45,26.5,8600,26.49,U
sh601126,四方股份,2025-10-20 09:46:48,26.5,16400,26.5,U
sh601126,四方股份,2025-10-20 09:46:51,26.49,12800,26.5,D
sh601126,四方股份,2025-10-20 09:46:54,26.52,27400,26.49,U
sh601126,四方股份,2025-10-20 09:46:57,26.53,16100,26.52,U
sh601126,四方股份,2025-10-20 09:47:03,26.6,41800,26.57,U
sh601126,四方股份,2025-10-20 09:47:06,26.58,67300,26.6,D
sh601126,四方股份,2025-10-20 09:47:09,26.69,44500,26.58,U
sh601126,四方股份,2025-10-20 09:47:12,26.7,14600,26.69,U
sh601126,四方股份,2025-10-20 09:47:15,26.72,56300,26.7,U
sh601126,四方股份,2025-10-20 09:47:21,26.76,35300,26.75,U
sh601126,四方股份,2025-10-20 09:47:24,26.71,95300,26.76,D
sh601126,四方股份,2025-10-20 09:47:27,26.75,25300,26.71,E
sh601126,四方股份,2025-10-20 09:47:30,26.8,53800,26.75,U
sh601126,四方股份,2025-10-20 09:47:33,26.81,17900,26.8,U
sh601126,四方股份,2025-10-20 09:47:36,26.81,64700,26.81,U
sh601126,四方股份,2025-10-20 09:47:39,26.81,52400,26.81,D
sh601126,四方股份,2025-10-20 09:47:42,26.8,36700,26.81,D
sh601126,四方股份,2025-10-20 09:47:45,26.75,24500,26.8,D
sh601126,四方股份,2025-10-20 09:47:48,26.75,45600,26.75,D
sh601126,四方股份,2025-10-20 09:47:51,26.8,11700,26.75,U
sh601126,四方股份,2025-10-20 09:47:54,26.88,44400,26.8,U
sh601126,四方股份,2025-10-20 09:47:57,26.82,8600,26.88,E
sh601126,四方股份,2025-10-20 09:48:00,26.88,25200,26.82,U
sh601126,四方股份,2025-10-20 09:48:03,26.88,23100,26.88,D
sh601126,四方股份,2025-10-20 09:48:06,26.96,44500,26.88,U
sh601126,四方股份,2025-10-20 09:48:09,26.88,29100,26.96,E
sh601126,四方股份,2025-10-20 09:48:12,27.02,111800,26.88,U
sh601126,四方股份,2025-10-20 09:48:15,27.05,107900,27.02,U
sh601126,四方股份,2025-10-20 09:48:18,26.97,85600,27.05,D
sh601126,四方股份,2025-10-20 09:48:21,27.02,56600,26.97,U
sh601126,四方股份,2025-10-20 09:48:24,27.01,57400,27.02,U
sh601126,四方股份,2025-10-20 09:48:27,26.96,51600,27.01,D
sh601126,四方股份,2025-10-20 09:48:30,26.91,109300,26.96,D
sh601126,四方股份,2025-10-20 09:48:33,26.96,56600,26.91,U
sh601126,四方股份,2025-10-20 09:48:36,27.02,37800,26.96,U
sh601126,四方股份,2025-10-20 09:48:42,27.01,11700,27.02,E
sh601126,四方股份,2025-10-20 09:48:45,27.0,64900,27.01,D
sh601126,四方股份,2025-10-20 09:48:48,27.0,82400,27.0,U
sh601126,四方股份,2025-10-20 09:48:51,27.0,31100,27.0,D
sh601126,四方股份,2025-10-20 09:48:54,27.0,20500,27.0,D
sh601126,四方股份,2025-10-20 09:48:57,26.99,28000,27.0,D
sh601126,四方股份,2025-10-20 09:49:00,26.99,15000,26.99,U
sh601126,四方股份,2025-10-20 09:49:03,26.97,59900,26.99,D
sh601126,四方股份,2025-10-20 09:49:06,27.08,129900,26.97,U
sh601126,四方股份,2025-10-20 09:49:09,27.1,123500,27.08,U
sh601126,四方股份,2025-10-20 09:49:12,27.27,87800,27.1,U
sh601126,四方股份,2025-10-20 09:49:15,27.26,62300,27.27,E
sh601126,四方股份,2025-10-20 09:49:18,27.26,74200,27.26,U
sh601126,四方股份,2025-10-20 09:49:21,27.35,84200,27.26,U
sh601126,四方股份,2025-10-20 09:49:24,27.26,131400,27.35,D
sh601126,四方股份,2025-10-20 09:49:27,27.45,134900,27.26,U
sh601126,四方股份,2025-10-20 09:49:30,27.37,52400,27.45,D
sh601126,四方股份,2025-10-20 09:49:33,27.37,92500,27.37,D
sh601126,四方股份,2025-10-20 09:49:36,27.43,198900,27.37,E
sh601126,四方股份,2025-10-20 09:49:39,27.47,114200,27.43,U
sh601126,四方股份,2025-10-20 09:49:42,27.5,73000,27.47,U
sh601126,四方股份,2025-10-20 09:49:45,27.5,111200,27.5,D
sh601126,四方股份,2025-10-20 09:49:48,27.52,65700,27.5,U
sh601126,四方股份,2025-10-20 09:49:51,27.51,90900,27.52,D
sh601126,四方股份,2025-10-20 09:49:54,27.5,116900,27.51,D
sh601126,四方股份,2025-10-20 09:49:57,27.46,94100,27.5,D
sh601126,四方股份,2025-10-20 09:50:00,27.44,145800,27.46,D
sh601126,四方股份,2025-10-20 09:50:03,27.36,87600,27.44,D
sh601126,四方股份,2025-10-20 09:50:06,27.38,24400,27.36,E
sh601126,四方股份,2025-10-20 09:50:09,27.34,52400,27.38,D
sh601126,四方股份,2025-10-20 09:50:12,27.34,83800,27.34,D
sh601126,四方股份,2025-10-20 09:50:15,27.35,36000,27.34,U
sh601126,四方股份,2025-10-20 09:50:18,27.34,77600,27.35,E
sh601126,四方股份,2025-10-20 09:50:21,27.39,84900,27.34,U
sh601126,四方股份,2025-10-20 09:50:24,27.4,81900,27.39,E
sh601126,四方股份,2025-10-20 09:50:27,27.46,61800,27.4,U
sh601126,四方股份,2025-10-20 09:50:30,27.46,45100,27.46,D
sh601126,四方股份,2025-10-20 09:50:33,27.45,51700,27.46,D
sh601126,四方股份,2025-10-20 09:50:36,27.44,95400,27.45,D
sh601126,四方股份,2025-10-20 09:50:39,27.49,107400,27.44,U
sh601126,四方股份,2025-10-20 09:50:42,27.42,118700,27.49,D
sh601126,四方股份,2025-10-20 09:50:45,27.42,34500,27.42,D
sh601126,四方股份,2025-10-20 09:50:48,27.37,43700,27.42,D
sh601126,四方股份,2025-10-20 09:50:51,27.38,94900,27.37,E
sh601126,四方股份,2025-10-20 09:50:54,27.38,52600,27.38,D
sh601126,四方股份,2025-10-20 09:50:57,27.38,94700,27.38,U
sh601126,四方股份,2025-10-20 09:51:00,27.36,33200,27.38,D
sh601126,四方股份,2025-10-20 09:51:03,27.36,88700,27.36,D
sh601126,四方股份,2025-10-20 09:51:06,27.37,49600,27.36,U
sh601126,四方股份,2025-10-20 09:51:09,27.45,95300,27.37,U
sh601126,四方股份,2025-10-20 09:51:12,27.47,76600,27.45,U
sh601126,四方股份,2025-10-20 09:51:15,27.5,29200,27.47,E
sh601126,四方股份,2025-10-20 09:51:18,27.53,100800,27.5,U
sh601126,四方股份,2025-10-20 09:51:21,27.56,153500,27.53,U
sh601126,四方股份,2025-10-20 09:51:24,27.57,62200,27.56,E
sh601126,四方股份,2025-10-20 09:51:27,27.53,125800,27.57,D
sh601126,四方股份,2025-10-20 09:51:30,27.62,139500,27.53,U
sh601126,四方股份,2025-10-20 09:51:33,27.55,43200,27.62,E
sh601126,四方股份,2025-10-20 09:51:36,27.55,94200,27.55,D
sh601126,四方股份,2025-10-20 09:51:39,27.52,104600,27.55,D
sh601126,四方股份,2025-10-20 09:51:42,27.46,52100,27.52,D
sh601126,四方股份,2025-10-20 09:51:45,27.47,91100,27.46,U
sh601126,四方股份,2025-10-20 09:51:48,27.41,21300,27.47,E
sh601126,四方股份,2025-10-20 09:51:51,27.49,79200,27.41,U
sh601126,四方股份,2025-10-20 09:51:54,27.49,66300,27.49,U
sh601126,四方股份,2025-10-20 09:51:57,27.49,37900,27.49,D
sh601126,四方股份,2025-10-20 09:52:00,27.6,24900,27.49,U
sh601126,四方股份,2025-10-20 09:52:03,27.59,43700,27.6,E
sh601126,四方股份,2025-10-20 09:52:06,27.57,26700,27.59,D
sh601126,四方股份,2025-10-20 09:52:09,27.59,56900,27.57,U
sh601126,四方股份,2025-10-20 09:52:12,27.62,45800,27.59,U
sh601126,四方股份,2025-10-20 09:52:15,27.61,103900,27.62,E
sh601126,四方股份,2025-10-20 09:52:18,27.61,106083,27.61,U
sh601126,四方股份,2025-10-20 09:52:21,27.61,100317,27.61,U
sh601126,四方股份,2025-10-20 09:52:24,27.64,57600,27.61,U
sh601126,四方股份,2025-10-20 09:52:27,27.63,24400,27.64,E
sh601126,四方股份,2025-10-20 09:52:30,27.65,94100,27.63,U
sh601126,四方股份,2025-10-20 09:52:33,27.69,73400,27.65,U
sh601126,四方股份,2025-10-20 09:52:36,27.66,97900,27.69,D
sh601126,四方股份,2025-10-20 09:52:39,27.66,82900,27.66,U
sh601126,四方股份,2025-10-20 09:52:42,27.66,146700,27.66,D
sh601126,四方股份,2025-10-20 09:52:45,27.62,85800,27.66,D
sh601126,四方股份,2025-10-20 09:52:48,27.61,130300,27.62,D
sh601126,四方股份,2025-10-20 09:52:51,27.6,65200,27.61,E
sh601126,四方股份,2025-10-20 09:52:54,27.6,76200,27.6,U
sh601126,四方股份,2025-10-20 09:52:57,27.56,50200,27.6,E
sh601126,四方股份,2025-10-20 09:53:00,27.57,28200,27.56,U
sh601126,四方股份,2025-10-20 09:53:03,27.58,22100,27.57,E
sh601126,四方股份,2025-10-20 09:53:06,27.54,41100,27.58,D
sh601126,四方股份,2025-10-20 09:53:09,27.47,22200,27.54,D
sh601126,四方股份,2025-10-20 09:53:12,27.53,54800,27.47,U
sh601126,四方股份,2025-10-20 09:53:15,27.39,235800,27.53,D
sh601126,四方股份,2025-10-20 09:53:18,27.47,74000,27.39,U
sh601126,四方股份,2025-10-20 09:53:21,27.43,36800,27.47,D
sh601126,四方股份,2025-10-20 09:53:24,27.53,29600,27.43,U
sh601126,四方股份,2025-10-20 09:53:27,27.57,39100,27.53,U
sh601126,四方股份,2025-10-20 09:53:30,27.59,24400,27.57,U
sh601126,四方股份,2025-10-20 09:53:33,27.69,59400,27.59,U
sh601126,四方股份,2025-10-20 09:53:36,27.65,93500,27.69,D
sh601126,四方股份,2025-10-20 09:53:39,27.65,191200,27.65,D
sh601126,四方股份,2025-10-20 09:53:42,27.6,39300,27.65,D
sh601126,四方股份,2025-10-20 09:53:45,27.6,36900,27.6,E
sh601126,四方股份,2025-10-20 09:53:48,27.49,103800,27.6,D
sh601126,四方股份,2025-10-20 09:53:51,27.53,28200,27.49,U
sh601126,四方股份,2025-10-20 09:53:54,27.41,25700,27.53,E
sh601126,四方股份,2025-10-20 09:53:57,27.4,14700,27.41,D
sh601126,四方股份,2025-10-20 09:54:00,27.41,27000,27.4,U
sh601126,四方股份,2025-10-20 09:54:03,27.4,72900,27.41,D
sh601126,四方股份,2025-10-20 09:54:06,27.36,19900,27.4,E
sh601126,四方股份,2025-10-20 09:54:09,27.28,107300,27.36,D
sh601126,四方股份,2025-10-20 09:54:12,27.14,65500,27.28,D
sh601126,四方股份,2025-10-20 09:54:15,27.08,9600,27.14,D
sh601126,四方股份,2025-10-20 09:54:21,27.13,33600,27.09,U
sh601126,四方股份,2025-10-20 09:54:24,27.14,53400,27.13,U
sh601126,四方股份,2025-10-20 09:54:27,27.15,42700,27.14,U
sh601126,四方股份,2025-10-20 09:54:30,27.15,36300,27.15,D
sh601126,四方股份,2025-10-20 09:54:33,27.12,46700,27.15,D
sh601126,四方股份,2025-10-20 09:54:36,27.09,22000,27.12,E
sh601126,四方股份,2025-10-20 09:54:42,27.07,13200,27.08,E
sh601126,四方股份,2025-10-20 09:54:45,27.08,29300,27.07,E
sh601126,四方股份,2025-10-20 09:54:48,27.07,20100,27.08,D
sh601126,四方股份,2025-10-20 09:54:51,27.11,8900,27.07,E
sh601126,四方股份,2025-10-20 09:54:57,27.12,11000,27.09,U
sh601126,四方股份,2025-10-20 09:55:00,27.13,34800,27.12,E
sh601126,四方股份,2025-10-20 09:55:03,27.06,76500,27.13,D
sh601126,四方股份,2025-10-20 09:55:06,27.06,34600,27.06,D
sh601126,四方股份,2025-10-20 09:55:12,27.05,34500,27.06,D
sh601126,四方股份,2025-10-20 09:55:15,27.06,27800,27.05,D
sh601126,四方股份,2025-10-20 09:55:18,27.05,28700,27.06,E
sh601126,四方股份,2025-10-20 09:55:21,27.0,60200,27.05,D
sh601126,四方股份,2025-10-20 09:55:33,26.91,11900,26.92,E
sh601126,四方股份,2025-10-20 09:55:36,26.9,7800,26.91,D
sh601126,四方股份,2025-10-20 09:55:39,26.9,10100,26.9,U
sh601126,四方股份,2025-10-20 09:55:42,26.9,41600,26.9,U
sh601126,四方股份,2025-10-20 09:55:45,26.91,20400,26.9,U
sh601126,四方股份,2025-10-20 09:55:48,26.94,29600,26.91,U
sh601126,四方股份,2025-10-20 09:55:51,26.95,13100,26.94,U
sh601126,四方股份,2025-10-20 09:55:54,26.98,8200,26.95,U
sh601126,四方股份,2025-10-20 09:56:00,27.03,16500,27.05,E
sh601126,四方股份,2025-10-20 09:56:03,26.95,37800,27.03,D
sh601126,四方股份,2025-10-20 09:56:06,26.89,74800,26.95,D
sh601126,四方股份,2025-10-20 09:56:09,26.89,54000,26.89,U
sh601126,四方股份,2025-10-20 09:56:12,26.9,19000,26.89,E
sh601126,四方股份,2025-10-20 09:56:15,26.91,18500,26.9,U
sh601126,四方股份,2025-10-20 09:56:18,26.95,14000,26.91,U
sh601126,四方股份,2025-10-20 09:56:21,27.06,60500,26.95,U
sh601126,四方股份,2025-10-20 09:56:24,27.04,22000,27.06,E
sh601126,四方股份,2025-10-20 09:56:27,26.95,11400,27.04,D
sh601126,四方股份,2025-10-20 09:56:30,26.94,14900,26.95,D
sh601126,四方股份,2025-10-20 09:56:33,26.94,30500,26.94,D
sh601126,四方股份,2025-10-20 09:56:36,26.94,37500,26.94,U
sh601126,四方股份,2025-10-20 09:56:39,26.94,29200,26.94,U
sh601126,四方股份,2025-10-20 09:56:42,26.95,17400,26.94,E
sh601126,四方股份,2025-10-20 09:56:45,26.97,8300,26.95,E
sh601126,四方股份,2025-10-20 09:56:48,26.94,17700,26.97,D
sh601126,四方股份,2025-10-20 09:56:51,26.95,27800,26.94,U
sh601126,四方股份,2025-10-20 09:56:54,26.95,7600,26.95,D
sh601126,四方股份,2025-10-20 09:56:57,26.93,21200,26.95,D
sh601126,四方股份,2025-10-20 09:57:00,26.93,14500,26.93,U
sh601126,四方股份,2025-10-20 09:57:03,26.92,32700,26.93,E
sh601126,四方股份,2025-10-20 09:57:06,26.89,25200,26.92,D
sh601126,四方股份,2025-10-20 09:57:09,26.89,21300,26.89,U
sh601126,四方股份,2025-10-20 09:57:12,26.87,9700,26.89,D
sh601126,四方股份,2025-10-20 09:57:15,26.86,17300,26.87,D
sh601126,四方股份,2025-10-20 09:57:18,26.82,9800,26.86,D
sh601126,四方股份,2025-10-20 09:57:21,26.83,9300,26.82,U
sh601126,四方股份,2025-10-20 09:57:24,26.83,49600,26.83,U
sh601126,四方股份,2025-10-20 09:57:27,26.86,27000,26.83,U
sh601126,四方股份,2025-10-20 09:57:30,26.88,11600,26.86,U
sh601126,四方股份,2025-10-20 09:57:36,26.91,20900,26.9,U
sh601126,四方股份,2025-10-20 09:57:39,26.9,11100,26.91,E
sh601126,四方股份,2025-10-20 09:57:42,26.9,41900,26.9,U
sh601126,四方股份,2025-10-20 09:57:48,26.9,9000,26.9,D
sh601126,四方股份,2025-10-20 09:57:51,26.93,7800,26.9,U
sh601126,四方股份,2025-10-20 09:58:00,26.91,10400,26.93,E
sh601126,四方股份,2025-10-20 09:58:03,26.93,23200,26.91,U
sh601126,四方股份,2025-10-20 09:58:09,26.94,13600,26.91,U
sh601126,四方股份,2025-10-20 09:58:12,26.92,11500,26.94,E
sh601126,四方股份,2025-10-20 09:58:18,26.94,39600,26.92,U
sh601126,四方股份,2025-10-20 09:58:21,26.94,11300,26.94,U
sh601126,四方股份,2025-10-20 09:58:24,26.92,99600,26.94,D
sh601126,四方股份,2025-10-20 09:58:27,26.89,37700,26.92,D
sh601126,四方股份,2025-10-20 09:58:30,26.87,34100,26.89,D
sh601126,四方股份,2025-10-20 09:58:33,26.84,11900,26.87,E
sh601126,四方股份,2025-10-20 09:58:36,26.84,17800,26.84,U
sh601126,四方股份,2025-10-20 09:58:42,26.83,16600,26.83,E
sh601126,四方股份,2025-10-20 09:58:45,26.83,10600,26.83,U
sh601126,四方股份,2025-10-20 09:58:51,26.82,14500,26.82,U
sh601126,四方股份,2025-10-20 09:59:00,26.82,37300,26.82,U
sh601126,四方股份,2025-10-20 09:59:03,26.89,17600,26.82,U
sh601126,四方股份,2025-10-20 09:59:06,26.87,50200,26.89,E
sh601126,四方股份,2025-10-20 09:59:12,26.85,10400,26.86,E
sh601126,四方股份,2025-10-20 09:59:21,26.89,29600,26.86,U
sh601126,四方股份,2025-10-20 09:59:24,26.86,9300,26.89,E
sh601126,四方股份,2025-10-20 09:59:27,26.85,16800,26.86,D
sh601126,四方股份,2025-10-20 09:59:30,26.86,17300,26.85,E
sh601126,四方股份,2025-10-20 09:59:33,26.85,11300,26.86,E
sh601126,四方股份,2025-10-20 09:59:36,26.84,8500,26.85,D
sh601126,四方股份,2025-10-20 09:59:42,26.89,9100,26.89,U
sh601126,四方股份,2025-10-20 09:59:45,26.88,12500,26.89,D
sh601126,四方股份,2025-10-20 09:59:48,26.9,32400,26.88,U
sh601126,四方股份,2025-10-20 09:59:51,26.91,7800,26.9,U
sh601126,四方股份,2025-10-20 09:59:54,26.9,56200,26.91,D
sh601126,四方股份,2025-10-20 09:59:57,26.89,17300,26.9,D
sh601126,四方股份,2025-10-20 10:00:00,26.91,27000,26.89,U
sh601126,四方股份,2025-10-20 10:00:03,26.91,9600,26.91,U
sh601126,四方股份,2025-10-20 10:00:09,26.93,8200,26.92,U
sh601126,四方股份,2025-10-20 10:00:12,27.01,17500,26.93,U
sh601126,四方股份,2025-10-20 10:00:18,27.05,16340,27.05,D
sh601126,四方股份,2025-10-20 10:00:21,27.12,36200,27.05,U
sh601126,四方股份,2025-10-20 10:00:24,27.12,12800,27.12,D
sh601126,四方股份,2025-10-20 10:00:27,27.12,45900,27.12,D
sh601126,四方股份,2025-10-20 10:00:30,27.13,27900,27.12,E
sh601126,四方股份,2025-10-20 10:00:33,27.15,12900,27.13,U
sh601126,四方股份,2025-10-20 10:00:36,27.17,21100,27.15,E
sh601126,四方股份,2025-10-20 10:00:39,27.15,28800,27.17,D
sh601126,四方股份,2025-10-20 10:00:42,27.2,22900,27.15,U
sh601126,四方股份,2025-10-20 10:00:45,27.2,28700,27.2,U
sh601126,四方股份,2025-10-20 10:00:48,27.22,10400,27.2,U
sh601126,四方股份,2025-10-20 10:00:54,27.23,14000,27.24,D
sh601126,四方股份,2025-10-20 10:00:57,27.27,20000,27.23,U
sh601126,四方股份,2025-10-20 10:01:00,27.25,7800,27.27,U
sh601126,四方股份,2025-10-20 10:01:03,27.18,158300,27.25,D
sh601126,四方股份,2025-10-20 10:01:06,27.06,76300,27.18,D
sh601126,四方股份,2025-10-20 10:01:09,27.14,48700,27.06,D
sh601126,四方股份,2025-10-20 10:01:12,27.14,12500,27.14,D
sh601126,四方股份,2025-10-20 10:01:15,27.16,9200,27.14,U
sh601126,四方股份,2025-10-20 10:01:21,27.2,24000,27.14,U
sh601126,四方股份,2025-10-20 10:01:33,27.14,22200,27.18,D
sh601126,四方股份,2025-10-20 10:01:36,27.16,8500,27.14,U
sh601126,四方股份,2025-10-20 10:01:39,27.14,20700,27.16,D
sh601126,四方股份,2025-10-20 10:01:42,27.15,47800,27.14,U
sh601126,四方股份,2025-10-20 10:01:45,27.15,12300,27.15,U
sh601126,四方股份,2025-10-20 10:01:48,27.15,9900,27.15,U
sh601126,四方股份,2025-10-20 10:01:51,27.13,11700,27.15,D
sh601126,四方股份,2025-10-20 10:01:54,27.16,14600,27.13,U
sh601126,四方股份,2025-10-20 10:02:00,27.15,24300,27.15,U
sh601126,四方股份,2025-10-20 10:02:03,27.2,28500,27.15,U
sh601126,四方股份,2025-10-20 10:02:06,27.22,42100,27.2,U
sh601126,四方股份,2025-10-20 10:02:09,27.2,41900,27.22,D
sh601126,四方股份,2025-10-20 10:02:12,27.15,49400,27.2,D
sh601126,四方股份,2025-10-20 10:02:15,27.15,22800,27.15,U
sh601126,四方股份,2025-10-20 10:02:18,27.14,9600,27.15,E
sh601126,四方股份,2025-10-20 10:02:21,27.15,8700,27.14,E
sh601126,四方股份,2025-10-20 10:02:24,27.13,8500,27.15,D
sh601126,四方股份,2025-10-20 10:02:27,27.15,10500,27.13,U
sh601126,四方股份,2025-10-20 10:02:30,27.19,40400,27.15,U
sh601126,四方股份,2025-10-20 10:02:33,27.2,26400,27.19,U
sh601126,四方股份,2025-10-20 10:02:39,27.21,9400,27.21,U
sh601126,四方股份,2025-10-20 10:02:45,27.21,25300,27.22,D
sh601126,四方股份,2025-10-20 10:02:48,27.19,29200,27.21,D
sh601126,四方股份,2025-10-20 10:02:51,27.2,17800,27.19,U
sh601126,四方股份,2025-10-20 10:02:57,27.2,20200,27.21,D
sh601126,四方股份,2025-10-20 10:03:00,27.19,27600,27.2,D
sh601126,四方股份,2025-10-20 10:03:03,27.17,10000,27.19,D
sh601126,四方股份,2025-10-20 10:03:06,27.17,17900,27.17,D
sh601126,四方股份,2025-10-20 10:03:09,27.14,39700,27.17,D
sh601126,四方股份,2025-10-20 10:03:15,27.13,29900,27.15,D
sh601126,四方股份,2025-10-20 10:03:18,27.16,14500,27.13,U
sh601126,四方股份,2025-10-20 10:03:21,27.2,42300,27.16,U
sh601126,四方股份,2025-10-20 10:03:24,27.19,14300,27.2,E
sh601126,四方股份,2025-10-20 10:03:27,27.19,13000,27.19,D
sh601126,四方股份,2025-10-20 10:03:30,27.2,10800,27.19,U
sh601126,四方股份,2025-10-20 10:03:33,27.2,27700,27.2,U
sh601126,四方股份,2025-10-20 10:03:36,27.19,7800,27.2,D
sh601126,四方股份,2025-10-20 10:03:39,27.21,17000,27.19,U
sh601126,四方股份,2025-10-20 10:03:42,27.2,16000,27.21,D
sh601126,四方股份,2025-10-20 10:03:48,27.2,14600,27.2,U
sh601126,四方股份,2025-10-20 10:04:00,27.15,12600,27.17,D
sh601126,四方股份,2025-10-20 10:04:03,27.15,9200,27.15,D
sh601126,四方股份,2025-10-20 10:04:09,27.14,21700,27.16,D
sh601126,四方股份,2025-10-20 10:04:15,27.15,17900,27.15,D
sh601126,四方股份,2025-10-20 10:04:18,27.15,18000,27.15,D
sh601126,四方股份,2025-10-20 10:04:21,27.14,21100,27.15,D
sh601126,四方股份,2025-10-20 10:04:24,27.16,29900,27.14,U
sh601126,四方股份,2025-10-20 10:04:27,27.16,28500,27.16,U
sh601126,四方股份,2025-10-20 10:04:30,27.17,22700,27.16,U
sh601126,四方股份,2025-10-20 10:04:33,27.17,7600,27.17,D
sh601126,四方股份,2025-10-20 10:04:39,27.2,21200,27.17,U
sh601126,四方股份,2025-10-20 10:04:42,27.2,11000,27.2,U
sh601126,四方股份,2025-10-20 10:04:45,27.18,7900,27.2,D
sh601126,四方股份,2025-10-20 10:04:48,27.19,8100,27.18,U
sh601126,四方股份,2025-10-20 10:04:57,27.21,89855,27.18,U
sh601126,四方股份,2025-10-20 10:05:00,27.24,24800,27.21,U
sh601126,四方股份,2025-10-20 10:05:03,27.25,35700,27.24,U
sh601126,四方股份,2025-10-20 10:05:09,27.17,40200,27.19,D
sh601126,四方股份,2025-10-20 10:05:12,27.18,19200,27.17,U
sh601126,四方股份,2025-10-20 10:05:15,27.16,12000,27.18,D
sh601126,四方股份,2025-10-20 10:05:18,27.18,80000,27.16,E
sh601126,四方股份,2025-10-20 10:05:21,27.15,10100,27.18,D
sh601126,四方股份,2025-10-20 10:05:24,27.16,28800,27.15,U
sh601126,四方股份,2025-10-20 10:05:27,27.18,26000,27.16,U
sh601126,四方股份,2025-10-20 10:05:30,27.15,18900,27.18,E
sh601126,四方股份,2025-10-20 10:05:33,27.13,40145,27.15,D
sh601126,四方股份,2025-10-20 10:05:36,27.15,31900,27.13,U
sh601126,四方股份,2025-10-20 10:05:39,27.15,20800,27.15,U
sh601126,四方股份,2025-10-20 10:05:42,27.15,10100,27.15,D
sh601126,四方股份,2025-10-20 10:05:45,27.15,14700,27.15,D
sh601126,四方股份,2025-10-20 10:05:51,27.18,13300,27.16,U
sh601126,四方股份,2025-10-20 10:06:06,27.18,18100,27.18,U
sh601126,四方股份,2025-10-20 10:06:09,27.18,13500,27.18,U
sh601126,四方股份,2025-10-20 10:06:12,27.29,70600,27.18,U
sh601126,四方股份,2025-10-20 10:06:15,27.33,38900,27.29,U
sh601126,四方股份,2025-10-20 10:06:18,27.34,11900,27.33,D
sh601126,四方股份,2025-10-20 10:06:21,27.28,14600,27.34,D
sh601126,四方股份,2025-10-20 10:06:24,27.26,10500,27.28,D
sh601126,四方股份,2025-10-20 10:06:30,27.21,14100,27.24,D
sh601126,四方股份,2025-10-20 10:06:33,27.2,25500,27.21,D
sh601126,四方股份,2025-10-20 10:06:36,27.21,24500,27.2,U
sh601126,四方股份,2025-10-20 10:06:42,27.19,14900,27.19,U
sh601126,四方股份,2025-10-20 10:06:48,27.15,33600,27.18,D
sh601126,四方股份,2025-10-20 10:06:51,27.13,18700,27.15,D
sh601126,四方股份,2025-10-20 10:06:54,27.1,26355,27.13,D
sh601126,四方股份,2025-10-20 10:06:57,27.1,24100,27.1,D
sh601126,四方股份,2025-10-20 10:07:03,27.11,49100,27.08,U
sh601126,四方股份,2025-10-20 10:07:06,27.12,75100,27.11,D
sh601126,四方股份,2025-10-20 10:07:09,27.2,21400,27.12,U
sh601126,四方股份,2025-10-20 10:07:12,27.22,42800,27.2,U
sh601126,四方股份,2025-10-20 10:07:15,27.21,8100,27.22,D
sh601126,四方股份,2025-10-20 10:07:18,27.18,33800,27.21,D
sh601126,四方股份,2025-10-20 10:07:33,27.17,39900,27.14,U
sh601126,四方股份,2025-10-20 10:07:36,27.17,17400,27.17,D
sh601126,四方股份,2025-10-20 10:07:48,27.15,32600,27.15,D
sh601126,四方股份,2025-10-20 10:07:54,27.12,23800,27.14,D
sh601126,四方股份,2025-10-20 10:08:00,27.1,14700,27.12,D
sh601126,四方股份,2025-10-20 10:08:03,27.04,53800,27.1,D
sh601126,四方股份,2025-10-20 10:08:06,27.03,9800,27.04,D
sh601126,四方股份,2025-10-20 10:08:09,27.0,35500,27.03,D
sh601126,四方股份,2025-10-20 10:08:15,27.0,10100,27.01,D
sh601126,四方股份,2025-10-20 10:08:18,27.0,31800,27.0,D
sh601126,四方股份,2025-10-20 10:08:21,27.0,10300,27.0,U
sh601126,四方股份,2025-10-20 10:08:24,27.01,31600,27.0,U
sh601126,四方股份,2025-10-20 10:08:27,27.01,24400,27.01,U
sh601126,四方股份,2025-10-20 10:08:33,27.0,19400,27.0,D
sh601126,四方股份,2025-10-20 10:08:39,27.0,20200,27.0,U
sh601126,四方股份,2025-10-20 10:08:42,27.0,16100,27.0,U
sh601126,四方股份,2025-10-20 10:08:45,26.99,10000,27.0,D
sh601126,四方股份,2025-10-20 10:08:51,26.99,9800,27.0,D
sh601126,四方股份,2025-10-20 10:08:54,27.0,11600,26.99,U
sh601126,四方股份,2025-10-20 10:09:00,26.99,7500,26.99,U
sh601126,四方股份,2025-10-20 10:09:03,26.92,36900,26.99,D
sh601126,四方股份,2025-10-20 10:09:06,26.93,9800,26.92,E
sh601126,四方股份,2025-10-20 10:09:09,26.94,26600,26.93,D
sh601126,四方股份,2025-10-20 10:09:18,26.92,10900,26.93,D
sh601126,四方股份,2025-10-20 10:09:21,26.92,17900,26.92,D
sh601126,四方股份,2025-10-20 10:09:27,26.92,27400,26.92,U
sh601126,四方股份,2025-10-20 10:09:30,26.91,13700,26.92,E
sh601126,四方股份,2025-10-20 10:09:33,26.92,18000,26.91,D
sh601126,四方股份,2025-10-20 10:09:36,26.91,15000,26.92,D
sh601126,四方股份,2025-10-20 10:09:42,26.91,8500,26.91,D
sh601126,四方股份,2025-10-20 10:09:48,26.9,11700,26.9,D
sh601126,四方股份,2025-10-20 10:09:51,26.91,11400,26.9,U
sh601126,四方股份,2025-10-20 10:09:54,26.93,50900,26.91,U
sh601126,四方股份,2025-10-20 10:09:57,26.91,46800,26.93,D
sh601126,四方股份,2025-10-20 10:10:00,26.92,16300,26.91,U
sh601126,四方股份,2025-10-20 10:10:03,26.92,20500,26.92,U
sh601126,四方股份,2025-10-20 10:10:06,26.92,8900,26.92,D
sh601126,四方股份,2025-10-20 10:10:09,26.92,30500,26.92,E
sh601126,四方股份,2025-10-20 10:10:18,26.93,24700,26.91,U
sh601126,四方股份,2025-10-20 10:10:21,26.97,91800,26.93,U
sh601126,四方股份,2025-10-20 10:10:24,26.98,64700,26.97,E
sh601126,四方股份,2025-10-20 10:10:30,27.0,25200,26.98,U
sh601126,四方股份,2025-10-20 10:10:33,26.99,13500,27.0,E
sh601126,四方股份,2025-10-20 10:10:39,26.98,26800,26.98,U
sh601126,四方股份,2025-10-20 10:10:42,27.01,21200,26.98,D
sh601126,四方股份,2025-10-20 10:10:54,27.0,7500,27.0,U
sh601126,四方股份,2025-10-20 10:11:03,26.99,27200,26.99,D
sh601126,四方股份,2025-10-20 10:11:06,26.95,16300,26.99,D
sh601126,四方股份,2025-10-20 10:11:09,26.94,11300,26.95,D
sh601126,四方股份,2025-10-20 10:11:12,26.95,26200,26.94,U
sh601126,四方股份,2025-10-20 10:11:15,26.92,23700,26.95,D
sh601126,四方股份,2025-10-20 10:11:18,26.92,11700,26.92,D
sh601126,四方股份,2025-10-20 10:11:21,26.91,101300,26.92,D
sh601126,四方股份,2025-10-20 10:11:24,26.91,14200,26.91,U
sh601126,四方股份,2025-10-20 10:11:27,26.91,28400,26.91,U
sh601126,四方股份,2025-10-20 10:11:30,26.9,9100,26.91,D
sh601126,四方股份,2025-10-20 10:11:36,26.94,69500,26.9,U
sh601126,四方股份,2025-10-20 10:11:42,26.93,84200,26.93,U
sh601126,四方股份,2025-10-20 10:11:45,26.91,28600,26.93,D
sh601126,四方股份,2025-10-20 10:11:51,26.9,41300,26.9,D
sh601126,四方股份,2025-10-20 10:11:57,26.91,9800,26.91,D
sh601126,四方股份,2025-10-20 10:12:03,26.9,37900,26.91,D
sh601126,四方股份,2025-10-20 10:12:06,26.96,11500,26.9,U
sh601126,四方股份,2025-10-20 10:12:18,26.97,19500,26.97,U
sh601126,四方股份,2025-10-20 10:12:21,26.91,160000,26.97,D
sh601126,四方股份,2025-10-20 10:12:24,26.91,9700,26.91,D
sh601126,四方股份,2025-10-20 10:12:27,26.91,15300,26.91,D
sh601126,四方股份,2025-10-20 10:12:30,26.91,12000,26.91,U
sh601126,四方股份,2025-10-20 10:12:36,26.88,11700,26.89,D
sh601126,四方股份,2025-10-20 10:12:39,26.88,8200,26.88,D
sh601126,四方股份,2025-10-20 10:12:45,26.84,15700,26.86,D
sh601126,四方股份,2025-10-20 10:12:54,26.81,11300,26.82,D
sh601126,四方股份,2025-10-20 10:12:57,26.81,35800,26.81,D
sh601126,四方股份,2025-10-20 10:13:00,26.8,32200,26.81,D
sh601126,四方股份,2025-10-20 10:13:03,26.8,191900,26.8,D
sh601126,四方股份,2025-10-20 10:13:06,26.79,42800,26.8,D
sh601126,四方股份,2025-10-20 10:13:09,26.82,39300,26.79,U
sh601126,四方股份,2025-10-20 10:13:12,26.87,150600,26.82,U
sh601126,四方股份,2025-10-20 10:13:15,26.9,87900,26.87,D
sh601126,四方股份,2025-10-20 10:13:18,26.91,25200,26.9,D
sh601126,四方股份,2025-10-20 10:13:24,26.9,7800,26.91,D
sh601126,四方股份,2025-10-20 10:13:27,26.9,25000,26.9,U
sh601126,四方股份,2025-10-20 10:13:30,26.92,46900,26.9,U
sh601126,四方股份,2025-10-20 10:13:33,26.91,11100,26.92,D
sh601126,四方股份,2025-10-20 10:13:42,26.9,11800,26.92,D
sh601126,四方股份,2025-10-20 10:13:48,26.9,10900,26.9,D
sh601126,四方股份,2025-10-20 10:13:51,26.9,18100,26.9,D
sh601126,四方股份,2025-10-20 10:13:57,26.89,30900,26.89,D
sh601126,四方股份,2025-10-20 10:14:06,26.84,12500,26.87,D
sh601126,四方股份,2025-10-20 10:14:18,26.85,33000,26.84,U
sh601126,四方股份,2025-10-20 10:14:24,26.8,36300,26.83,D
sh601126,四方股份,2025-10-20 10:14:30,26.81,10100,26.81,U
sh601126,四方股份,2025-10-20 10:14:33,26.81,15200,26.81,U
sh601126,四方股份,2025-10-20 10:14:36,26.8,7800,26.81,D
sh601126,四方股份,2025-10-20 10:14:39,26.8,25000,26.8,U
sh601126,四方股份,2025-10-20 10:14:45,26.78,20000,26.79,D
sh601126,四方股份,2025-10-20 10:14:51,26.76,10300,26.79,D
sh601126,四方股份,2025-10-20 10:14:54,26.76,7700,26.76,D
sh601126,四方股份,2025-10-20 10:14:57,26.76,9900,26.76,D
sh601126,四方股份,2025-10-20 10:15:03,26.76,38000,26.75,U
sh601126,四方股份,2025-10-20 10:15:09,26.75,9500,26.76,D
sh601126,四方股份,2025-10-20 10:15:12,26.74,16100,26.75,D
sh601126,四方股份,2025-10-20 10:15:15,26.75,29100,26.74,U
sh601126,四方股份,2025-10-20 10:15:18,26.77,32200,26.75,U
sh601126,四方股份,2025-10-20 10:15:24,26.81,34700,26.77,U
sh601126,四方股份,2025-10-20 10:15:27,26.82,15000,26.81,U
sh601126,四方股份,2025-10-20 10:15:30,26.82,9200,26.82,D
sh601126,四方股份,2025-10-20 10:15:33,26.82,17200,26.82,D
sh601126,四方股份,2025-10-20 10:15:39,26.8,8700,26.82,D
sh601126,四方股份,2025-10-20 10:15:42,26.81,11800,26.8,U
sh601126,四方股份,2025-10-20 10:15:48,26.8,133800,26.81,D
sh601126,四方股份,2025-10-20 10:15:51,26.81,28700,26.8,U
sh601126,四方股份,2025-10-20 10:15:54,26.81,19000,26.81,D
sh601126,四方股份,2025-10-20 10:16:03,26.77,9600,26.8,D
sh601126,四方股份,2025-10-20 10:16:06,26.75,32800,26.77,D
sh601126,四方股份,2025-10-20 10:16:12,26.81,31600,26.77,U
sh601126,四方股份,2025-10-20 10:16:15,26.82,13500,26.81,U
sh601126,四方股份,2025-10-20 10:16:30,26.77,8100,26.77,D
sh601126,四方股份,2025-10-20 10:16:33,26.77,14800,26.77,D
sh601126,四方股份,2025-10-20 10:16:36,26.76,16300,26.77,E
sh601126,四方股份,2025-10-20 10:16:39,26.79,18600,26.76,U
sh601126,四方股份,2025-10-20 10:16:48,26.81,45100,26.77,U
sh601126,四方股份,2025-10-20 10:16:51,26.83,9600,26.81,U
sh601126,四方股份,2025-10-20 10:16:54,26.84,11300,26.83,E
sh601126,四方股份,2025-10-20 10:16:57,26.83,11700,26.84,D
sh601126,四方股份,2025-10-20 10:17:00,26.79,8800,26.83,D
sh601126,四方股份,2025-10-20 10:17:03,26.8,38700,26.79,U
sh601126,四方股份,2025-10-20 10:17:09,26.88,17800,26.84,U
sh601126,四方股份,2025-10-20 10:17:15,26.84,9200,26.87,D
sh601126,四方股份,2025-10-20 10:17:24,26.83,10200,26.85,D
sh601126,四方股份,2025-10-20 10:17:30,26.79,56800,26.83,D
sh601126,四方股份,2025-10-20 10:17:45,26.8,14300,26.79,U
sh601126,四方股份,2025-10-20 10:18:12,26.8,34600,26.8,D
sh601126,四方股份,2025-10-20 10:18:18,26.79,7800,26.8,D
sh601126,四方股份,2025-10-20 10:18:24,26.8,28000,26.79,U
sh601126,四方股份,2025-10-20 10:18:27,26.82,8300,26.8,U
sh601126,四方股份,2025-10-20 10:18:36,26.83,14900,26.87,D
sh601126,四方股份,2025-10-20 10:18:39,26.81,11200,26.83,D
sh601126,四方股份,2025-10-20 10:18:42,26.81,24400,26.81,D
sh601126,四方股份,2025-10-20 10:18:45,26.78,8900,26.81,D
sh601126,四方股份,2025-10-20 10:18:51,26.77,9300,26.77,D
sh601126,四方股份,2025-10-20 10:18:54,26.76,17000,26.77,D
sh601126,四方股份,2025-10-20 10:19:03,26.74,11700,26.76,D
sh601126,四方股份,2025-10-20 10:19:09,26.72,21600,26.74,D
sh601126,四方股份,2025-10-20 10:19:15,26.72,12900,26.72,D
sh601126,四方股份,2025-10-20 10:19:18,26.74,11200,26.72,U
sh601126,四方股份,2025-10-20 10:19:21,26.74,10500,26.74,D
sh601126,四方股份,2025-10-20 10:19:27,26.74,19200,26.75,D
sh601126,四方股份,2025-10-20 10:19:30,26.71,21700,26.74,D
sh601126,四方股份,2025-10-20 10:19:36,26.72,13100,26.72,D
sh601126,四方股份,2025-10-20 10:19:39,26.75,51400,26.72,U
sh601126,四方股份,2025-10-20 10:19:45,26.75,11800,26.75,D
sh601126,四方股份,2025-10-20 10:20:00,26.75,15200,26.74,U
sh601126,四方股份,2025-10-20 10:20:03,26.75,15000,26.75,D
sh601126,四方股份,2025-10-20 10:20:15,26.73,40500,26.74,D
sh601126,四方股份,2025-10-20 10:20:18,26.72,16600,26.73,D
sh601126,四方股份,2025-10-20 10:20:27,26.71,12100,26.73,D
sh601126,四方股份,2025-10-20 10:20:30,26.71,15000,26.71,D
sh601126,四方股份,2025-10-20 10:20:36,26.7,20400,26.71,E
sh601126,四方股份,2025-10-20 10:20:39,26.7,8500,26.7,D
sh601126,四方股份,2025-10-20 10:20:42,26.7,11500,26.7,D
sh601126,四方股份,2025-10-20 10:20:45,26.72,79700,26.7,U
sh601126,四方股份,2025-10-20 10:20:48,26.75,22800,26.72,U
sh601126,四方股份,2025-10-20 10:20:51,26.7,14000,26.75,D
sh601126,四方股份,2025-10-20 10:20:54,26.74,9500,26.7,E
sh601126,四方股份,2025-10-20 10:20:57,26.71,9700,26.74,D
sh601126,四方股份,2025-10-20 10:21:00,26.7,39700,26.71,D
sh601126,四方股份,2025-10-20 10:21:03,26.7,22100,26.7,D
sh601126,四方股份,2025-10-20 10:21:06,26.69,14300,26.7,D
sh601126,四方股份,2025-10-20 10:21:12,26.68,14200,26.69,D
sh601126,四方股份,2025-10-20 10:21:15,26.65,13900,26.68,D
sh601126,四方股份,2025-10-20 10:21:21,26.65,10200,26.65,D
sh601126,四方股份,2025-10-20 10:21:30,26.6,13900,26.63,D
sh601126,四方股份,2025-10-20 10:21:33,26.6,13800,26.6,D
sh601126,四方股份,2025-10-20 10:21:36,26.59,11800,26.6,D
sh601126,四方股份,2025-10-20 10:21:39,26.6,35400,26.59,U
sh601126,四方股份,2025-10-20 10:21:42,26.6,11700,26.6,D
sh601126,四方股份,2025-10-20 10:21:45,26.59,21600,26.6,D
sh601126,四方股份,2025-10-20 10:21:54,26.59,8300,26.59,D
sh601126,四方股份,2025-10-20 10:22:00,26.58,19300,26.59,D
sh601126,四方股份,2025-10-20 10:22:03,26.58,110200,26.58,D
sh601126,四方股份,2025-10-20 10:22:06,26.6,23400,26.58,U
sh601126,四方股份,2025-10-20 10:22:09,26.63,18400,26.6,U
sh601126,四方股份,2025-10-20 10:22:12,26.64,34700,26.63,U
sh601126,四方股份,2025-10-20 10:22:15,26.64,7700,26.64,U
sh601126,四方股份,2025-10-20 10:22:21,26.62,46400,26.63,D
sh601126,四方股份,2025-10-20 10:22:24,26.64,15300,26.62,U
sh601126,四方股份,2025-10-20 10:22:27,26.64,9200,26.64,U
sh601126,四方股份,2025-10-20 10:22:30,26.63,44100,26.64,D
sh601126,四方股份,2025-10-20 10:22:33,26.62,13400,26.63,D
sh601126,四方股份,2025-10-20 10:22:39,26.52,144400,26.62,D
sh601126,四方股份,2025-10-20 10:22:45,26.53,8200,26.53,D
sh601126,四方股份,2025-10-20 10:22:48,26.52,12700,26.53,D
sh601126,四方股份,2025-10-20 10:22:51,26.5,27300,26.52,D
sh601126,四方股份,2025-10-20 10:22:54,26.51,17400,26.5,E
sh601126,四方股份,2025-10-20 10:22:57,26.51,32021,26.51,U
sh601126,四方股份,2025-10-20 10:23:00,26.51,24800,26.51,D
sh601126,四方股份,2025-10-20 10:23:03,26.48,33900,26.51,D
sh601126,四方股份,2025-10-20 10:23:06,26.51,14700,26.48,U
sh601126,四方股份,2025-10-20 10:23:09,26.51,13000,26.51,D
sh601126,四方股份,2025-10-20 10:23:12,26.52,33300,26.51,U
sh601126,四方股份,2025-10-20 10:23:15,26.51,12600,26.52,D
sh601126,四方股份,2025-10-20 10:23:18,26.53,24000,26.51,U
sh601126,四方股份,2025-10-20 10:23:21,26.53,8600,26.53,U
sh601126,四方股份,2025-10-20 10:23:24,26.53,8700,26.53,U
sh601126,四方股份,2025-10-20 10:23:30,26.52,30700,26.52,U
sh601126,四方股份,2025-10-20 10:23:33,26.51,25800,26.52,D
sh601126,四方股份,2025-10-20 10:23:36,26.48,22400,26.51,D
sh601126,四方股份,2025-10-20 10:23:42,26.48,15100,26.48,D
sh601126,四方股份,2025-10-20 10:23:45,26.46,26000,26.48,D
sh601126,四方股份,2025-10-20 10:23:51,26.47,19700,26.46,U
sh601126,四方股份,2025-10-20 10:23:54,26.46,8300,26.47,D
sh601126,四方股份,2025-10-20 10:23:57,26.48,19900,26.46,U
sh601126,四方股份,2025-10-20 10:24:00,26.48,8200,26.48,D
sh601126,四方股份,2025-10-20 10:24:03,26.51,106500,26.48,U
sh601126,四方股份,2025-10-20 10:24:06,26.52,17400,26.51,D
sh601126,四方股份,2025-10-20 10:24:12,26.52,19900,26.53,D
sh601126,四方股份,2025-10-20 10:24:15,26.51,12100,26.52,D
sh601126,四方股份,2025-10-20 10:24:27,26.49,18200,26.49,D
sh601126,四方股份,2025-10-20 10:24:33,26.5,7800,26.48,U
sh601126,四方股份,2025-10-20 10:24:39,26.48,20800,26.48,D
sh601126,四方股份,2025-10-20 10:24:45,26.5,7900,26.49,U
sh601126,四方股份,2025-10-20 10:24:54,26.51,8700,26.52,D
sh601126,四方股份,2025-10-20 10:25:00,26.54,18700,26.51,U
sh601126,四方股份,2025-10-20 10:25:03,26.54,18900,26.54,D
sh601126,四方股份,2025-10-20 10:25:09,26.6,8000,26.55,U
sh601126,四方股份,2025-10-20 10:25:15,26.59,17200,26.62,D
sh601126,四方股份,2025-10-20 10:25:18,26.59,17900,26.59,U
sh601126,四方股份,2025-10-20 10:25:21,26.56,8300,26.59,D
sh601126,四方股份,2025-10-20 10:25:24,26.58,9800,26.56,U
sh601126,四方股份,2025-10-20 10:25:30,26.6,18800,26.59,U
sh601126,四方股份,2025-10-20 10:25:33,26.6,10600,26.6,D
sh601126,四方股份,2025-10-20 10:25:39,26.65,8400,26.64,U
sh601126,四方股份,2025-10-20 10:25:48,26.67,8800,26.68,D
sh601126,四方股份,2025-10-20 10:25:51,26.67,14100,26.67,U
sh601126,四方股份,2025-10-20 10:25:54,26.67,10700,26.67,U
sh601126,四方股份,2025-10-20 10:25:57,26.67,18100,26.67,U
sh601126,四方股份,2025-10-20 10:26:00,26.68,7600,26.67,U
sh601126,四方股份,2025-10-20 10:26:03,26.6,11600,26.68,D
sh601126,四方股份,2025-10-20 10:26:09,26.59,45600,26.62,D
sh601126,四方股份,2025-10-20 10:26:12,26.59,47400,26.59,D
sh601126,四方股份,2025-10-20 10:26:15,26.6,11500,26.59,U
sh601126,四方股份,2025-10-20 10:26:21,26.64,24700,26.6,U
sh601126,四方股份,2025-10-20 10:26:24,26.65,13200,26.64,U
sh601126,四方股份,2025-10-20 10:26:36,26.68,16900,26.66,U
sh601126,四方股份,2025-10-20 10:26:42,26.69,22200,26.69,D
sh601126,四方股份,2025-10-20 10:26:45,26.69,24700,26.69,U
sh601126,四方股份,2025-10-20 10:26:48,26.68,8600,26.69,U
sh601126,四方股份,2025-10-20 10:26:54,26.66,13100,26.66,D
sh601126,四方股份,2025-10-20 10:27:00,26.66,9300,26.66,D
sh601126,四方股份,2025-10-20 10:27:06,26.63,9600,26.65,D
sh601126,四方股份,2025-10-20 10:27:18,26.6,13600,26.6,D
sh601126,四方股份,2025-10-20 10:27:21,26.6,15800,26.6,D
sh601126,四方股份,2025-10-20 10:27:30,26.59,12800,26.6,D
sh601126,四方股份,2025-10-20 10:27:39,26.6,11100,26.6,D
sh601126,四方股份,2025-10-20 10:27:42,26.6,25100,26.6,D
sh601126,四方股份,2025-10-20 10:27:45,26.6,10900,26.6,D
sh601126,四方股份,2025-10-20 10:27:57,26.61,9700,26.61,U
sh601126,四方股份,2025-10-20 10:28:03,26.61,9400,26.61,D
sh601126,四方股份,2025-10-20 10:28:06,26.61,8800,26.61,D
sh601126,四方股份,2025-10-20 10:28:09,26.6,8400,26.61,D
sh601126,四方股份,2025-10-20 10:28:21,26.61,14900,26.61,D
sh601126,四方股份,2025-10-20 10:28:30,26.61,15200,26.6,U
sh601126,四方股份,2025-10-20 10:28:36,26.62,11400,26.62,U
sh601126,四方股份,2025-10-20 10:28:42,26.6,12600,26.61,D
sh601126,四方股份,2025-10-20 10:28:48,26.61,10500,26.61,U
sh601126,四方股份,2025-10-20 10:28:54,26.61,10300,26.61,U
sh601126,四方股份,2025-10-20 10:29:00,26.64,15200,26.61,U
sh601126,四方股份,2025-10-20 10:29:03,26.62,8300,26.64,D
sh601126,四方股份,2025-10-20 10:29:06,26.61,12400,26.62,D
sh601126,四方股份,2025-10-20 10:29:09,26.62,11700,26.61,U
sh601126,四方股份,2025-10-20 10:29:27,26.6,151800,26.65,D
sh601126,四方股份,2025-10-20 10:29:30,26.62,17900,26.6,U
sh601126,四方股份,2025-10-20 10:29:39,26.62,46400,26.65,D
sh601126,四方股份,2025-10-20 10:29:54,26.6,9400,26.62,D
sh601126,四方股份,2025-10-20 10:30:03,26.61,8800,26.6,U
sh601126,四方股份,2025-10-20 10:30:09,26.6,19200,26.61,D
sh601126,四方股份,2025-10-20 10:30:12,26.59,22100,26.6,D
sh601126,四方股份,2025-10-20 10:30:18,26.58,11200,26.59,D
sh601126,四方股份,2025-10-20 10:30:21,26.59,10100,26.58,U
sh601126,四方股份,2025-10-20 10:30:27,26.6,8000,26.59,U
sh601126,四方股份,2025-10-20 10:30:30,26.6,9300,26.6,U
sh601126,四方股份,2025-10-20 10:30:42,26.6,20900,26.6,D
sh601126,四方股份,2025-10-20 10:30:48,26.59,7800,26.59,D
sh601126,四方股份,2025-10-20 10:31:06,26.57,8400,26.58,D
sh601126,四方股份,2025-10-20 10:31:15,26.55,9300,26.56,D
sh601126,四方股份,2025-10-20 10:31:18,26.55,18500,26.55,D
sh601126,四方股份,2025-10-20 10:31:21,26.53,12300,26.55,E
sh601126,四方股份,2025-10-20 10:31:33,26.53,42800,26.54,E
sh601126,四方股份,2025-10-20 10:31:36,26.52,12800,26.53,E
sh601126,四方股份,2025-10-20 10:31:39,26.52,16300,26.52,U
sh601126,四方股份,2025-10-20 10:31:42,26.51,11200,26.52,D
sh601126,四方股份,2025-10-20 10:31:54,26.48,10600,26.51,D
sh601126,四方股份,2025-10-20 10:31:57,26.48,13300,26.48,D
sh601126,四方股份,2025-10-20 10:32:03,26.47,20900,26.47,D
sh601126,四方股份,2025-10-20 10:32:27,26.49,13200,26.5,D
sh601126,四方股份,2025-10-20 10:32:30,26.51,13200,26.49,U
sh601126,四方股份,2025-10-20 10:32:33,26.52,9400,26.51,U
sh601126,四方股份,2025-10-20 10:32:36,26.52,8800,26.52,U
sh601126,四方股份,2025-10-20 10:32:39,26.59,32800,26.52,U
sh601126,四方股份,2025-10-20 10:32:48,26.61,12300,26.6,U
sh601126,四方股份,2025-10-20 10:33:03,26.69,15400,26.66,U
sh601126,四方股份,2025-10-20 10:33:15,26.66,15900,26.68,D
sh601126,四方股份,2025-10-20 10:33:18,26.64,8900,26.66,E
sh601126,四方股份,2025-10-20 10:33:24,26.6,35600,26.61,D
sh601126,四方股份,2025-10-20 10:33:27,26.6,13400,26.6,E
sh601126,四方股份,2025-10-20 10:33:30,26.59,42100,26.6,D
sh601126,四方股份,2025-10-20 10:33:33,26.59,32600,26.59,D
sh601126,四方股份,2025-10-20 10:33:36,26.59,22600,26.59,D
sh601126,四方股份,2025-10-20 10:33:54,26.57,15300,26.56,U
sh601126,四方股份,2025-10-20 10:33:57,26.56,10800,26.57,D
sh601126,四方股份,2025-10-20 10:34:03,26.57,10900,26.56,U
sh601126,四方股份,2025-10-20 10:34:06,26.57,11490,26.57,U
sh601126,四方股份,2025-10-20 10:34:24,26.61,35600,26.58,U
sh601126,四方股份,2025-10-20 10:34:51,26.61,10900,26.64,D
sh601126,四方股份,2025-10-20 10:35:39,26.64,10700,26.64,U
sh601126,四方股份,2025-10-20 10:35:51,26.63,10500,26.63,U
sh601126,四方股份,2025-10-20 10:36:06,26.61,9000,26.62,D
sh601126,四方股份,2025-10-20 10:36:18,26.59,16300,26.61,D
sh601126,四方股份,2025-10-20 10:37:00,26.57,14900,26.57,D
sh601126,四方股份,2025-10-20 10:37:06,26.57,8200,26.54,U
sh601126,四方股份,2025-10-20 10:37:18,26.55,8000,26.55,D
sh601126,四方股份,2025-10-20 10:37:27,26.55,15200,26.54,U
sh601126,四方股份,2025-10-20 10:37:30,26.55,48600,26.55,U
sh601126,四方股份,2025-10-20 10:37:39,26.55,12900,26.55,D
sh601126,四方股份,2025-10-20 10:37:45,26.55,8700,26.56,D
sh601126,四方股份,2025-10-20 10:37:48,26.55,13800,26.55,U
sh601126,四方股份,2025-10-20 10:37:54,26.56,36100,26.55,U
sh601126,四方股份,2025-10-20 10:38:00,26.54,11800,26.56,D
sh601126,四方股份,2025-10-20 10:38:45,26.52,55000,26.51,U
sh601126,四方股份,2025-10-20 10:38:48,26.52,15500,26.52,U
sh601126,四方股份,2025-10-20 10:38:51,26.53,17501,26.52,U
sh601126,四方股份,2025-10-20 10:39:09,26.55,10300,26.53,U
sh601126,四方股份,2025-10-20 10:39:30,26.58,14400,26.57,U
sh601126,四方股份,2025-10-20 10:40:09,26.61,13900,26.62,D
sh601126,四方股份,2025-10-20 10:40:15,26.6,11300,26.6,E
sh601126,四方股份,2025-10-20 10:40:24,26.62,21900,26.61,U
sh601126,四方股份,2025-10-20 10:40:27,26.6,11400,26.62,D
sh601126,四方股份,2025-10-20 10:40:30,26.61,20100,26.6,E
sh601126,四方股份,2025-10-20 10:40:42,26.6,24100,26.6,U
sh601126,四方股份,2025-10-20 10:40:45,26.58,7900,26.6,D
sh601126,四方股份,2025-10-20 10:41:06,26.61,18100,26.61,D
sh601126,四方股份,2025-10-20 10:41:09,26.61,29500,26.61,D
sh601126,四方股份,2025-10-20 10:41:12,26.55,28600,26.61,D
sh601126,四方股份,2025-10-20 10:41:15,26.56,20900,26.55,E
sh601126,四方股份,2025-10-20 10:41:21,26.58,13600,26.54,U
sh601126,四方股份,2025-10-20 10:41:39,26.57,16000,26.6,D
sh601126,四方股份,2025-10-20 10:42:00,26.57,31900,26.57,U
sh601126,四方股份,2025-10-20 10:42:03,26.6,12200,26.57,U
sh601126,四方股份,2025-10-20 10:42:24,26.6,11300,26.6,U
sh601126,四方股份,2025-10-20 10:42:30,26.6,9700,26.6,U
sh601126,四方股份,2025-10-20 10:42:42,26.6,11000,26.6,U
sh601126,四方股份,2025-10-20 10:43:27,26.65,9500,26.66,D
sh601126,四方股份,2025-10-20 10:43:39,26.66,8300,26.67,D
sh601126,四方股份,2025-10-20 10:43:48,26.69,21100,26.68,U
sh601126,四方股份,2025-10-20 10:43:54,26.79,7700,26.8,E
sh601126,四方股份,2025-10-20 10:43:57,26.79,7800,26.79,U
sh601126,四方股份,2025-10-20 10:44:00,26.73,40000,26.79,D
sh601126,四方股份,2025-10-20 10:44:12,26.72,8200,26.71,U
sh601126,四方股份,2025-10-20 10:44:18,26.71,9800,26.73,D
sh601126,四方股份,2025-10-20 10:44:24,26.71,13500,26.71,U
sh601126,四方股份,2025-10-20 10:44:27,26.69,8000,26.71,U
sh601126,四方股份,2025-10-20 10:44:33,26.69,11900,26.71,D
sh601126,四方股份,2025-10-20 10:44:39,26.69,11600,26.69,U
sh601126,四方股份,2025-10-20 10:44:45,26.69,10300,26.69,D
sh601126,四方股份,2025-10-20 10:44:48,26.69,9000,26.69,D
sh601126,四方股份,2025-10-20 10:45:21,26.72,10500,26.72,D
sh601126,四方股份,2025-10-20 10:45:42,26.7,8000,26.71,D
sh601126,四方股份,2025-10-20 10:45:48,26.71,8600,26.72,U
sh601126,四方股份,2025-10-20 10:46:15,26.68,9800,26.67,U
sh601126,四方股份,2025-10-20 10:46:21,26.68,9800,26.69,D
sh601126,四方股份,2025-10-20 10:46:27,26.68,14000,26.69,D
sh601126,四方股份,2025-10-20 10:46:36,26.65,15500,26.67,D
sh601126,四方股份,2025-10-20 10:46:39,26.65,31500,26.65,D
sh601126,四方股份,2025-10-20 10:46:45,26.59,42400,26.61,D
sh601126,四方股份,2025-10-20 10:46:48,26.6,8200,26.59,U
sh601126,四方股份,2025-10-20 10:46:51,26.6,14700,26.6,U
sh601126,四方股份,2025-10-20 10:46:54,26.6,26400,26.6,U
sh601126,四方股份,2025-10-20 10:47:00,26.64,31000,26.62,U
sh601126,四方股份,2025-10-20 10:47:03,26.64,21400,26.64,D
sh601126,四方股份,2025-10-20 10:47:33,26.65,10900,26.65,D
sh601126,四方股份,2025-10-20 10:48:18,26.58,28900,26.59,D
sh601126,四方股份,2025-10-20 10:48:21,26.58,8600,26.58,D
sh601126,四方股份,2025-10-20 10:48:24,26.57,13500,26.58,D
sh601126,四方股份,2025-10-20 10:48:36,26.55,22600,26.57,D
sh601126,四方股份,2025-10-20 10:48:51,26.57,9100,26.56,U
sh601126,四方股份,2025-10-20 10:48:54,26.58,7700,26.57,U
sh601126,四方股份,2025-10-20 10:49:00,26.55,9500,26.57,D
sh601126,四方股份,2025-10-20 10:49:15,26.57,11100,26.56,U
sh601126,四方股份,2025-10-20 10:49:30,26.52,54800,26.57,D
sh601126,四方股份,2025-10-20 10:49:33,26.52,52300,26.52,D
sh601126,四方股份,2025-10-20 10:49:36,26.54,9500,26.52,U
sh601126,四方股份,2025-10-20 10:49:45,26.55,9900,26.52,U
sh601126,四方股份,2025-10-20 10:49:48,26.51,18600,26.55,D
sh601126,四方股份,2025-10-20 10:49:51,26.5,27600,26.51,D
sh601126,四方股份,2025-10-20 10:49:54,26.52,9200,26.5,U
sh601126,四方股份,2025-10-20 10:50:00,26.52,13500,26.52,U
sh601126,四方股份,2025-10-20 10:50:09,26.47,11500,26.49,D
sh601126,四方股份,2025-10-20 10:50:15,26.46,16200,26.46,D
sh601126,四方股份,2025-10-20 10:50:18,26.44,23500,26.46,D
sh601126,四方股份,2025-10-20 10:50:21,26.47,38500,26.44,U
sh601126,四方股份,2025-10-20 10:50:24,26.46,8300,26.47,D
sh601126,四方股份,2025-10-20 10:50:27,26.46,19800,26.46,U
sh601126,四方股份,2025-10-20 10:50:30,26.45,28700,26.46,D
sh601126,四方股份,2025-10-20 10:50:39,26.44,15400,26.45,D
sh601126,四方股份,2025-10-20 10:50:45,26.44,9500,26.44,D
sh601126,四方股份,2025-10-20 10:50:51,26.43,9700,26.43,D
sh601126,四方股份,2025-10-20 10:51:00,26.43,13200,26.43,U
sh601126,四方股份,2025-10-20 10:51:06,26.44,23700,26.44,U
sh601126,四方股份,2025-10-20 10:51:09,26.45,10000,26.44,U
sh601126,四方股份,2025-10-20 10:51:12,26.47,15000,26.45,U
sh601126,四方股份,2025-10-20 10:51:15,26.47,41200,26.47,U
sh601126,四方股份,2025-10-20 10:51:24,26.49,9200,26.49,D
sh601126,四方股份,2025-10-20 10:51:30,26.49,14200,26.5,D
sh601126,四方股份,2025-10-20 10:51:36,26.5,8200,26.5,D
sh601126,四方股份,2025-10-20 10:51:48,26.53,10700,26.52,U
sh601126,四方股份,2025-10-20 10:51:51,26.52,8000,26.53,U
sh601126,四方股份,2025-10-20 10:51:54,26.54,41500,26.52,U
sh601126,四方股份,2025-10-20 10:51:57,26.5,19900,26.54,D
sh601126,四方股份,2025-10-20 10:52:00,26.51,23200,26.5,U
sh601126,四方股份,2025-10-20 10:52:15,26.52,9000,26.51,U
sh601126,四方股份,2025-10-20 10:52:18,26.47,44000,26.52,D
sh601126,四方股份,2025-10-20 10:52:27,26.45,43500,26.45,D
sh601126,四方股份,2025-10-20 10:52:30,26.45,18800,26.45,D
sh601126,四方股份,2025-10-20 10:52:57,26.44,12500,26.45,D
sh601126,四方股份,2025-10-20 10:53:00,26.41,33900,26.44,D
sh601126,四方股份,2025-10-20 10:53:03,26.41,8000,26.41,D
sh601126,四方股份,2025-10-20 10:53:09,26.41,21300,26.42,D
sh601126,四方股份,2025-10-20 10:53:12,26.41,14000,26.41,D
sh601126,四方股份,2025-10-20 10:53:15,26.41,10800,26.41,D
sh601126,四方股份,2025-10-20 10:53:24,26.45,14100,26.43,U
sh601126,四方股份,2025-10-20 10:53:48,26.48,11700,26.46,U
sh601126,四方股份,2025-10-20 10:54:24,26.46,13300,26.46,D
sh601126,四方股份,2025-10-20 10:55:03,26.46,8500,26.47,D
sh601126,四方股份,2025-10-20 10:55:12,26.4,56400,26.47,D
sh601126,四方股份,2025-10-20 10:55:15,26.44,13800,26.4,U
sh601126,四方股份,2025-10-20 10:55:18,26.35,32800,26.44,D
sh601126,四方股份,2025-10-20 10:55:21,26.43,45600,26.35,U
sh601126,四方股份,2025-10-20 10:55:30,26.4,13700,26.43,D
sh601126,四方股份,2025-10-20 10:55:54,26.4,11400,26.41,D
sh601126,四方股份,2025-10-20 10:55:57,26.38,32800,26.4,D
sh601126,四方股份,2025-10-20 10:56:00,26.4,12600,26.38,U
sh601126,四方股份,2025-10-20 10:56:03,26.38,12400,26.4,D
sh601126,四方股份,2025-10-20 10:56:06,26.38,21400,26.38,D
sh601126,四方股份,2025-10-20 10:56:12,26.4,10600,26.38,U
sh601126,四方股份,2025-10-20 10:56:27,26.39,18500,26.39,U
sh601126,四方股份,2025-10-20 10:56:36,26.37,22700,26.38,D
sh601126,四方股份,2025-10-20 10:56:39,26.38,8300,26.37,U
sh601126,四方股份,2025-10-20 10:56:51,26.38,9700,26.37,U
sh601126,四方股份,2025-10-20 10:56:54,26.37,8300,26.38,D
sh601126,四方股份,2025-10-20 10:57:00,26.38,8200,26.37,U
sh601126,四方股份,2025-10-20 10:57:03,26.38,10600,26.38,U
sh601126,四方股份,2025-10-20 10:57:06,26.38,23600,26.38,U
sh601126,四方股份,2025-10-20 10:57:30,26.39,23400,26.39,D
sh601126,四方股份,2025-10-20 10:57:39,26.42,13200,26.41,U
sh601126,四方股份,2025-10-20 10:57:48,26.4,12500,26.4,U
sh601126,四方股份,2025-10-20 10:58:12,26.42,9200,26.42,U
sh601126,四方股份,2025-10-20 10:58:45,26.44,13800,26.46,D
sh601126,四方股份,2025-10-20 10:58:57,26.47,9200,26.45,U
sh601126,四方股份,2025-10-20 10:59:06,26.45,19300,26.46,D
sh601126,四方股份,2025-10-20 10:59:12,26.43,10300,26.44,D
sh601126,四方股份,2025-10-20 10:59:42,26.43,10000,26.45,D
sh601126,四方股份,2025-10-20 10:59:57,26.44,8100,26.43,U
sh601126,四方股份,2025-10-20 11:00:27,26.42,21500,26.44,D
sh601126,四方股份,2025-10-20 11:00:33,26.41,9500,26.43,D
sh601126,四方股份,2025-10-20 11:00:36,26.42,8700,26.41,U
sh601126,四方股份,2025-10-20 11:00:48,26.41,19500,26.42,D
sh601126,四方股份,2025-10-20 11:01:00,26.4,8400,26.41,D
sh601126,四方股份,2025-10-20 11:01:03,26.33,102200,26.4,D
sh601126,四方股份,2025-10-20 11:01:06,26.3,15900,26.33,D
sh601126,四方股份,2025-10-20 11:01:12,26.31,31100,26.31,D
sh601126,四方股份,2025-10-20 11:01:18,26.31,8700,26.31,D
sh601126,四方股份,2025-10-20 11:01:21,26.3,39200,26.31,D
sh601126,四方股份,2025-10-20 11:01:24,26.34,12500,26.3,U
sh601126,四方股份,2025-10-20 11:01:27,26.3,15600,26.34,D
sh601126,四方股份,2025-10-20 11:01:36,26.32,12300,26.32,D
sh601126,四方股份,2025-10-20 11:01:42,26.29,38500,26.31,D
sh601126,四方股份,2025-10-20 11:01:45,26.31,11700,26.29,U
sh601126,四方股份,2025-10-20 11:01:48,26.31,14100,26.31,D
sh601126,四方股份,2025-10-20 11:01:51,26.31,8800,26.31,U
sh601126,四方股份,2025-10-20 11:01:54,26.3,15000,26.31,D
sh601126,四方股份,2025-10-20 11:01:57,26.3,59600,26.3,D
sh601126,四方股份,2025-10-20 11:02:12,26.28,17900,26.28,D
sh601126,四方股份,2025-10-20 11:02:24,26.27,14500,26.27,D
sh601126,四方股份,2025-10-20 11:02:27,26.27,13200,26.27,E
sh601126,四方股份,2025-10-20 11:02:36,26.28,9200,26.28,U
sh601126,四方股份,2025-10-20 11:02:39,26.26,15400,26.28,D
sh601126,四方股份,2025-10-20 11:02:42,26.27,10500,26.26,U
sh601126,四方股份,2025-10-20 11:02:45,26.25,14600,26.27,D
sh601126,四方股份,2025-10-20 11:02:48,26.29,39600,26.25,U
sh601126,四方股份,2025-10-20 11:02:51,26.27,14600,26.29,D
sh601126,四方股份,2025-10-20 11:02:54,26.26,8600,26.27,D
sh601126,四方股份,2025-10-20 11:02:57,26.27,18400,26.26,E
sh601126,四方股份,2025-10-20 11:03:00,26.26,14400,26.27,D
sh601126,四方股份,2025-10-20 11:03:03,26.27,16700,26.26,U
sh601126,四方股份,2025-10-20 11:03:06,26.29,8500,26.27,E
sh601126,四方股份,2025-10-20 11:03:09,26.3,11400,26.29,D
sh601126,四方股份,2025-10-20 11:03:12,26.33,12000,26.3,U
sh601126,四方股份,2025-10-20 11:03:15,26.27,24200,26.33,D
sh601126,四方股份,2025-10-20 11:03:21,26.28,17700,26.28,D
sh601126,四方股份,2025-10-20 11:03:24,26.3,24600,26.28,E
sh601126,四方股份,2025-10-20 11:03:33,26.27,26000,26.3,D
sh601126,四方股份,2025-10-20 11:03:36,26.3,24600,26.27,U
sh601126,四方股份,2025-10-20 11:03:45,26.3,38700,26.28,U
sh601126,四方股份,2025-10-20 11:03:48,26.29,20400,26.3,D
sh601126,四方股份,2025-10-20 11:03:54,26.28,13600,26.29,E
sh601126,四方股份,2025-10-20 11:04:00,26.27,17200,26.27,D
sh601126,四方股份,2025-10-20 11:04:03,26.23,8000,26.27,D
sh601126,四方股份,2025-10-20 11:04:09,26.26,16700,26.23,U
sh601126,四方股份,2025-10-20 11:04:24,26.21,11900,26.21,D
sh601126,四方股份,2025-10-20 11:04:30,26.2,40400,26.21,D
sh601126,四方股份,2025-10-20 11:04:33,26.21,13300,26.2,D
sh601126,四方股份,2025-10-20 11:04:36,26.21,28900,26.21,D
sh601126,四方股份,2025-10-20 11:04:39,26.2,29900,26.21,D
sh601126,四方股份,2025-10-20 11:04:42,26.2,16000,26.2,D
sh601126,四方股份,2025-10-20 11:04:45,26.23,73100,26.2,U
sh601126,四方股份,2025-10-20 11:04:48,26.23,35000,26.23,D
sh601126,四方股份,2025-10-20 11:04:54,26.2,9600,26.23,D
sh601126,四方股份,2025-10-20 11:05:00,26.23,18700,26.21,U
sh601126,四方股份,2025-10-20 11:05:03,26.21,10100,26.23,D
sh601126,四方股份,2025-10-20 11:05:12,26.23,13000,26.21,U
sh601126,四方股份,2025-10-20 11:05:18,26.21,11700,26.22,D
sh601126,四方股份,2025-10-20 11:05:21,26.22,16400,26.21,U
sh601126,四方股份,2025-10-20 11:05:24,26.22,35500,26.22,U
sh601126,四方股份,2025-10-20 11:05:27,26.23,26300,26.22,U
sh601126,四方股份,2025-10-20 11:05:30,26.23,17400,26.23,U
sh601126,四方股份,2025-10-20 11:05:36,26.25,19600,26.23,U
sh601126,四方股份,2025-10-20 11:05:45,26.26,9800,26.26,U
sh601126,四方股份,2025-10-20 11:05:48,26.26,18900,26.26,U
sh601126,四方股份,2025-10-20 11:05:57,26.29,8600,26.29,U
sh601126,四方股份,2025-10-20 11:06:00,26.29,9000,26.29,U
sh601126,四方股份,2025-10-20 11:06:09,26.28,20000,26.28,D
sh601126,四方股份,2025-10-20 11:06:12,26.3,11900,26.28,U
sh601126,四方股份,2025-10-20 11:06:21,26.29,23300,26.3,D
sh601126,四方股份,2025-10-20 11:06:24,26.3,20500,26.29,U
sh601126,四方股份,2025-10-20 11:06:36,26.29,20700,26.28,U
sh601126,四方股份,2025-10-20 11:06:48,26.26,12300,26.27,D
sh601126,四方股份,2025-10-20 11:06:57,26.26,11900,26.27,D
sh601126,四方股份,2025-10-20 11:07:03,26.25,11200,26.26,D
sh601126,四方股份,2025-10-20 11:07:12,26.25,13100,26.25,D
sh601126,四方股份,2025-10-20 11:07:18,26.25,12300,26.26,D
sh601126,四方股份,2025-10-20 11:07:21,26.26,55700,26.25,U
sh601126,四方股份,2025-10-20 11:07:24,26.26,21500,26.26,U
sh601126,四方股份,2025-10-20 11:07:30,26.27,9900,26.29,D
sh601126,四方股份,2025-10-20 11:07:39,26.29,16400,26.28,U
sh601126,四方股份,2025-10-20 11:07:48,26.29,7800,26.29,D
sh601126,四方股份,2025-10-20 11:07:51,26.31,28500,26.29,U
sh601126,四方股份,2025-10-20 11:08:00,26.31,13000,26.31,D
sh601126,四方股份,2025-10-20 11:08:03,26.31,29300,26.31,D
sh601126,四方股份,2025-10-20 11:08:06,26.3,18500,26.31,D
sh601126,四方股份,2025-10-20 11:08:09,26.25,46900,26.3,D
sh601126,四方股份,2025-10-20 11:08:12,26.25,16800,26.25,D
sh601126,四方股份,2025-10-20 11:08:33,26.24,17800,26.24,U
sh601126,四方股份,2025-10-20 11:08:36,26.26,7700,26.24,U
sh601126,四方股份,2025-10-20 11:08:39,26.28,15100,26.26,U
sh601126,四方股份,2025-10-20 11:08:51,26.27,9700,26.27,U
sh601126,四方股份,2025-10-20 11:08:54,26.27,16900,26.27,U
sh601126,四方股份,2025-10-20 11:08:57,26.3,12500,26.27,U
sh601126,四方股份,2025-10-20 11:09:09,26.3,22500,26.3,D
sh601126,四方股份,2025-10-20 11:09:33,26.3,10700,26.3,U
sh601126,四方股份,2025-10-20 11:09:36,26.3,10000,26.3,U
sh601126,四方股份,2025-10-20 11:09:42,26.29,10000,26.28,U
sh601126,四方股份,2025-10-20 11:09:57,26.29,11800,26.29,D
sh601126,四方股份,2025-10-20 11:10:03,26.28,9600,26.28,D
sh601126,四方股份,2025-10-20 11:10:09,26.3,14000,26.29,U
sh601126,四方股份,2025-10-20 11:10:12,26.32,11300,26.3,U
sh601126,四方股份,2025-10-20 11:10:21,26.38,16300,26.36,U
sh601126,四方股份,2025-10-20 11:10:30,26.36,8000,26.38,D
sh601126,四方股份,2025-10-20 11:10:33,26.36,17600,26.36,U
sh601126,四方股份,2025-10-20 11:10:39,26.35,12600,26.35,D
sh601126,四方股份,2025-10-20 11:10:45,26.31,21100,26.35,D
sh601126,四方股份,2025-10-20 11:10:48,26.35,29900,26.31,U
sh601126,四方股份,2025-10-20 11:10:51,26.35,9400,26.35,D
sh601126,四方股份,2025-10-20 11:11:00,26.36,13800,26.35,U
sh601126,四方股份,2025-10-20 11:11:27,26.37,17600,26.37,U
sh601126,四方股份,2025-10-20 11:11:36,26.37,13000,26.38,D
sh601126,四方股份,2025-10-20 11:11:48,26.37,16500,26.37,U
sh601126,四方股份,2025-10-20 11:12:12,26.35,11400,26.35,D
sh601126,四方股份,2025-10-20 11:12:21,26.35,8300,26.34,U
sh601126,四方股份,2025-10-20 11:12:24,26.31,27100,26.35,D
sh601126,四方股份,2025-10-20 11:12:27,26.3,26400,26.31,D
sh601126,四方股份,2025-10-20 11:12:36,26.3,35900,26.31,D
sh601126,四方股份,2025-10-20 11:12:45,26.31,12000,26.31,U
sh601126,四方股份,2025-10-20 11:12:57,26.33,41700,26.33,U
sh601126,四方股份,2025-10-20 11:13:15,26.32,15400,26.32,E
sh601126,四方股份,2025-10-20 11:13:21,26.31,58400,26.31,D
sh601126,四方股份,2025-10-20 11:13:24,26.28,29700,26.31,D
sh601126,四方股份,2025-10-20 11:13:33,26.28,15600,26.29,D
sh601126,四方股份,2025-10-20 11:13:36,26.3,13500,26.28,U
sh601126,四方股份,2025-10-20 11:13:42,26.33,72700,26.3,U
sh601126,四方股份,2025-10-20 11:13:45,26.36,22700,26.33,U
sh601126,四方股份,2025-10-20 11:13:51,26.37,10200,26.36,U
sh601126,四方股份,2025-10-20 11:13:57,26.38,8700,26.38,E
sh601126,四方股份,2025-10-20 11:14:00,26.34,10000,26.38,D
sh601126,四方股份,2025-10-20 11:14:03,26.34,9700,26.34,D
sh601126,四方股份,2025-10-20 11:14:12,26.32,7600,26.34,D
sh601126,四方股份,2025-10-20 11:14:21,26.34,19400,26.34,U
sh601126,四方股份,2025-10-20 11:14:39,26.37,9300,26.35,U
sh601126,四方股份,2025-10-20 11:15:00,26.33,24200,26.36,D
sh601126,四方股份,2025-10-20 11:15:21,26.35,55500,26.35,U
sh601126,四方股份,2025-10-20 11:15:24,26.33,12800,26.35,D
sh601126,四方股份,2025-10-20 11:15:42,26.34,11900,26.34,U
sh601126,四方股份,2025-10-20 11:15:45,26.31,9400,26.34,D
sh601126,四方股份,2025-10-20 11:16:00,26.33,10700,26.33,D
sh601126,四方股份,2025-10-20 11:16:18,26.35,7600,26.34,U
sh601126,四方股份,2025-10-20 11:16:57,26.36,51400,26.35,U
sh601126,四方股份,2025-10-20 11:17:00,26.39,14800,26.36,U
sh601126,四方股份,2025-10-20 11:17:36,26.35,9200,26.35,D
sh601126,四方股份,2025-10-20 11:17:54,26.34,7900,26.35,D
sh601126,四方股份,2025-10-20 11:18:00,26.33,12500,26.34,D
sh601126,四方股份,2025-10-20 11:18:15,26.3,20200,26.34,D
sh601126,四方股份,2025-10-20 11:18:18,26.31,16600,26.3,D
sh601126,四方股份,2025-10-20 11:18:30,26.33,12900,26.31,U
sh601126,四方股份,2025-10-20 11:18:33,26.32,8000,26.33,D
sh601126,四方股份,2025-10-20 11:18:42,26.33,7600,26.32,U
sh601126,四方股份,2025-10-20 11:18:48,26.33,31600,26.33,U
sh601126,四方股份,2025-10-20 11:18:54,26.35,20100,26.35,D
sh601126,四方股份,2025-10-20 11:19:00,26.38,31300,26.39,E
sh601126,四方股份,2025-10-20 11:19:42,26.35,12200,26.34,U
sh601126,四方股份,2025-10-20 11:19:45,26.36,9400,26.35,U
sh601126,四方股份,2025-10-20 11:20:15,26.36,22400,26.36,D
sh601126,四方股份,2025-10-20 11:20:21,26.35,39700,26.36,D
sh601126,四方股份,2025-10-20 11:20:27,26.37,34200,26.35,U
sh601126,四方股份,2025-10-20 11:20:30,26.37,12100,26.37,U
sh601126,四方股份,2025-10-20 11:20:33,26.37,10200,26.37,U
sh601126,四方股份,2025-10-20 11:21:06,26.37,13700,26.37,D
sh601126,四方股份,2025-10-20 11:21:27,26.37,28800,26.39,D
sh601126,四方股份,2025-10-20 11:21:30,26.36,9000,26.37,D
sh601126,四方股份,2025-10-20 11:21:33,26.34,52400,26.36,D
sh601126,四方股份,2025-10-20 11:21:39,26.33,17200,26.34,D
sh601126,四方股份,2025-10-20 11:21:45,26.32,50100,26.32,D
sh601126,四方股份,2025-10-20 11:21:48,26.28,38300,26.32,D
sh601126,四方股份,2025-10-20 11:21:51,26.26,9200,26.28,D
sh601126,四方股份,2025-10-20 11:21:54,26.24,13100,26.26,D
sh601126,四方股份,2025-10-20 11:21:57,26.25,15300,26.24,D
sh601126,四方股份,2025-10-20 11:22:00,26.26,10000,26.25,D
sh601126,四方股份,2025-10-20 11:22:03,26.27,8900,26.26,U
sh601126,四方股份,2025-10-20 11:22:15,26.28,15100,26.27,D
sh601126,四方股份,2025-10-20 11:22:18,26.26,12900,26.28,D
sh601126,四方股份,2025-10-20 11:22:21,26.27,12700,26.26,D
sh601126,四方股份,2025-10-20 11:22:33,26.29,11300,26.28,U
sh601126,四方股份,2025-10-20 11:22:45,26.3,24800,26.31,D
sh601126,四方股份,2025-10-20 11:23:03,26.31,13700,26.29,U
sh601126,四方股份,2025-10-20 11:23:06,26.34,27700,26.31,U
sh601126,四方股份,2025-10-20 11:23:09,26.33,16300,26.34,D
sh601126,四方股份,2025-10-20 11:23:30,26.36,37800,26.36,D
sh601126,四方股份,2025-10-20 11:23:33,26.36,10900,26.36,D
sh601126,四方股份,2025-10-20 11:23:36,26.37,60000,26.36,E
sh601126,四方股份,2025-10-20 11:23:45,26.37,14100,26.35,E
sh601126,四方股份,2025-10-20 11:23:54,26.28,224800,26.37,D
sh601126,四方股份,2025-10-20 11:24:00,26.34,9900,26.34,D
sh601126,四方股份,2025-10-20 11:24:09,26.35,8800,26.35,U
sh601126,四方股份,2025-10-20 11:24:21,26.36,13600,26.35,U
sh601126,四方股份,2025-10-20 11:24:30,26.38,10300,26.36,U
sh601126,四方股份,2025-10-20 11:25:21,26.36,13700,26.37,D
sh601126,四方股份,2025-10-20 11:25:39,26.31,9100,26.31,D
sh601126,四方股份,2025-10-20 11:25:42,26.3,20600,26.31,D
sh601126,四方股份,2025-10-20 11:25:54,26.3,29400,26.3,D
sh601126,四方股份,2025-10-20 11:26:09,26.23,32700,26.26,D
sh601126,四方股份,2025-10-20 11:26:18,26.24,12200,26.24,D
sh601126,四方股份,2025-10-20 11:26:21,26.25,8900,26.24,U
sh601126,四方股份,2025-10-20 11:26:24,26.26,17700,26.25,U
sh601126,四方股份,2025-10-20 11:26:27,26.26,10100,26.26,D
sh601126,四方股份,2025-10-20 11:26:42,26.25,9300,26.24,D
sh601126,四方股份,2025-10-20 11:26:48,26.25,10600,26.25,D
sh601126,四方股份,2025-10-20 11:27:21,26.26,116700,26.23,U
sh601126,四方股份,2025-10-20 11:27:30,26.28,10600,26.28,D
sh601126,四方股份,2025-10-20 11:28:06,26.23,7700,26.25,D
sh601126,四方股份,2025-10-20 11:28:30,26.22,9100,26.23,D
sh601126,四方股份,2025-10-20 11:28:42,26.23,13000,26.23,U
sh601126,四方股份,2025-10-20 11:28:45,26.21,26200,26.23,D
sh601126,四方股份,2025-10-20 11:28:48,26.2,18200,26.21,D
sh601126,四方股份,2025-10-20 11:28:51,26.21,9900,26.2,E
sh601126,四方股份,2025-10-20 11:28:54,26.23,14000,26.21,U
sh601126,四方股份,2025-10-20 11:29:06,26.22,20100,26.22,D
sh601126,四方股份,2025-10-20 11:29:09,26.19,11900,26.22,D
sh601126,四方股份,2025-10-20 11:29:12,26.21,10900,26.19,U
sh601126,四方股份,2025-10-20 11:29:24,26.19,12800,26.22,D
sh601126,四方股份,2025-10-20 11:29:33,26.2,19500,26.2,E
sh601126,四方股份,2025-10-20 11:29:36,26.21,18800,26.2,U
sh601126,四方股份,2025-10-20 11:29:45,26.21,8600,26.21,D
sh601126,四方股份,2025-10-20 11:29:48,26.18,17200,26.21,D
sh601126,四方股份,2025-10-20 13:00:03,26.2,23200,26.2,U
sh601126,四方股份,2025-10-20 13:00:06,26.2,75300,26.2,D
sh601126,四方股份,2025-10-20 13:00:09,26.21,45300,26.2,E
sh601126,四方股份,2025-10-20 13:00:12,26.22,9200,26.21,E
sh601126,四方股份,2025-10-20 13:00:36,26.2,80500,26.32,D
sh601126,四方股份,2025-10-20 13:01:03,26.19,9100,26.19,D
sh601126,四方股份,2025-10-20 13:01:06,26.19,9900,26.19,U
sh601126,四方股份,2025-10-20 13:01:12,26.21,8400,26.19,U
sh601126,四方股份,2025-10-20 13:01:33,26.26,9500,26.23,U
sh601126,四方股份,2025-10-20 13:01:39,26.26,8300,26.27,D
sh601126,四方股份,2025-10-20 13:01:45,26.26,7700,26.26,U
sh601126,四方股份,2025-10-20 13:01:51,26.26,11200,26.25,U
sh601126,四方股份,2025-10-20 13:02:09,26.25,11000,26.26,D
sh601126,四方股份,2025-10-20 13:02:12,26.22,15700,26.25,D
sh601126,四方股份,2025-10-20 13:02:15,26.22,16400,26.22,D
sh601126,四方股份,2025-10-20 13:02:18,26.23,7800,26.22,U
sh601126,四方股份,2025-10-20 13:02:24,26.21,8400,26.22,D
sh601126,四方股份,2025-10-20 13:02:39,26.22,27900,26.23,D
sh601126,四方股份,2025-10-20 13:02:42,26.2,27600,26.22,D
sh601126,四方股份,2025-10-20 13:02:45,26.19,25300,26.2,E
sh601126,四方股份,2025-10-20 13:02:48,26.21,13700,26.19,U
sh601126,四方股份,2025-10-20 13:03:00,26.24,7700,26.23,U
sh601126,四方股份,2025-10-20 13:03:09,26.26,12000,26.25,U
sh601126,四方股份,2025-10-20 13:03:18,26.36,14000,26.32,U
sh601126,四方股份,2025-10-20 13:03:24,26.4,9800,26.41,U
sh601126,四方股份,2025-10-20 13:03:42,26.4,9300,26.39,U
sh601126,四方股份,2025-10-20 13:04:00,26.45,10700,26.41,U
sh601126,四方股份,2025-10-20 13:04:03,26.43,9600,26.45,D
sh601126,四方股份,2025-10-20 13:04:06,26.36,30700,26.43,D
sh601126,四方股份,2025-10-20 13:04:09,26.37,20300,26.36,U
sh601126,四方股份,2025-10-20 13:04:15,26.37,11400,26.36,U
sh601126,四方股份,2025-10-20 13:04:18,26.37,8000,26.37,U
sh601126,四方股份,2025-10-20 13:04:24,26.36,53100,26.37,D
sh601126,四方股份,2025-10-20 13:04:27,26.35,30000,26.36,D
sh601126,四方股份,2025-10-20 13:04:30,26.36,48100,26.35,U
sh601126,四方股份,2025-10-20 13:04:36,26.36,8200,26.36,D
sh601126,四方股份,2025-10-20 13:04:45,26.36,8500,26.37,E
sh601126,四方股份,2025-10-20 13:04:48,26.38,9700,26.36,U
sh601126,四方股份,2025-10-20 13:04:51,26.39,58500,26.38,U
sh601126,四方股份,2025-10-20 13:04:54,26.35,52300,26.39,D
sh601126,四方股份,2025-10-20 13:04:57,26.35,19000,26.35,U
sh601126,四方股份,2025-10-20 13:05:15,26.31,7900,26.31,U
sh601126,四方股份,2025-10-20 13:05:21,26.3,10300,26.3,D
sh601126,四方股份,2025-10-20 13:05:36,26.32,44100,26.31,U
sh601126,四方股份,2025-10-20 13:05:45,26.24,60800,26.32,D
sh601126,四方股份,2025-10-20 13:06:15,26.27,10000,26.29,D
sh601126,四方股份,2025-10-20 13:06:24,26.25,14000,26.26,D
sh601126,四方股份,2025-10-20 13:06:27,26.23,30000,26.25,D
sh601126,四方股份,2025-10-20 13:06:36,26.22,9200,26.24,D
sh601126,四方股份,2025-10-20 13:07:00,26.2,8600,26.22,D
sh601126,四方股份,2025-10-20 13:07:03,26.2,8700,26.2,D
sh601126,四方股份,2025-10-20 13:07:06,26.18,36900,26.2,D
sh601126,四方股份,2025-10-20 13:07:12,26.24,16700,26.19,U
sh601126,四方股份,2025-10-20 13:07:15,26.24,27600,26.24,D
sh601126,四方股份,2025-10-20 13:07:24,26.29,22900,26.28,E
sh601126,四方股份,2025-10-20 13:07:27,26.3,16600,26.29,U
sh601126,四方股份,2025-10-20 13:07:30,26.35,37400,26.3,E
sh601126,四方股份,2025-10-20 13:07:33,26.3,11500,26.35,D
sh601126,四方股份,2025-10-20 13:07:42,26.31,38500,26.32,D
sh601126,四方股份,2025-10-20 13:08:03,26.32,24800,26.33,D
sh601126,四方股份,2025-10-20 13:08:18,26.29,14300,26.32,D
sh601126,四方股份,2025-10-20 13:08:54,26.3,8200,26.29,U
sh601126,四方股份,2025-10-20 13:08:57,26.3,8000,26.3,D
sh601126,四方股份,2025-10-20 13:09:36,26.29,9400,26.29,D
sh601126,四方股份,2025-10-20 13:09:39,26.29,9200,26.29,D
sh601126,四方股份,2025-10-20 13:10:03,26.19,57500,26.29,D
sh601126,四方股份,2025-10-20 13:10:06,26.28,144000,26.19,U
sh601126,四方股份,2025-10-20 13:10:09,26.23,19300,26.28,E
sh601126,四方股份,2025-10-20 13:10:21,26.23,14100,26.25,D
sh601126,四方股份,2025-10-20 13:10:24,26.2,87700,26.23,D
sh601126,四方股份,2025-10-20 13:10:27,26.16,85200,26.2,D
sh601126,四方股份,2025-10-20 13:10:33,26.18,91000,26.17,D
sh601126,四方股份,2025-10-20 13:10:36,26.19,12300,26.18,E
sh601126,四方股份,2025-10-20 13:10:39,26.19,8400,26.19,U
sh601126,四方股份,2025-10-20 13:10:42,26.16,84100,26.19,D
sh601126,四方股份,2025-10-20 13:10:45,26.16,16700,26.16,D
sh601126,四方股份,2025-10-20 13:10:48,26.17,13400,26.16,D
sh601126,四方股份,2025-10-20 13:10:54,26.16,7800,26.17,D
sh601126,四方股份,2025-10-20 13:10:57,26.16,19100,26.16,D
sh601126,四方股份,2025-10-20 13:11:00,26.16,9100,26.16,U
sh601126,四方股份,2025-10-20 13:11:30,26.2,20400,26.18,U
sh601126,四方股份,2025-10-20 13:11:48,26.2,65600,26.19,U
sh601126,四方股份,2025-10-20 13:11:51,26.2,24000,26.2,D
sh601126,四方股份,2025-10-20 13:12:00,26.21,10000,26.22,D
sh601126,四方股份,2025-10-20 13:12:03,26.22,13200,26.21,U
sh601126,四方股份,2025-10-20 13:12:06,26.21,15800,26.22,D
sh601126,四方股份,2025-10-20 13:12:09,26.21,12100,26.21,D
sh601126,四方股份,2025-10-20 13:12:12,26.14,159200,26.21,D
sh601126,四方股份,2025-10-20 13:12:15,26.16,29800,26.14,U
sh601126,四方股份,2025-10-20 13:12:27,26.14,90500,26.14,D
sh601126,四方股份,2025-10-20 13:12:30,26.1,24100,26.14,D
sh601126,四方股份,2025-10-20 13:12:33,26.14,9800,26.1,U
sh601126,四方股份,2025-10-20 13:12:42,26.15,17000,26.17,D
sh601126,四方股份,2025-10-20 13:12:45,26.15,47900,26.15,U
sh601126,四方股份,2025-10-20 13:12:54,26.15,39600,26.16,D
sh601126,四方股份,2025-10-20 13:13:06,26.15,21600,26.14,U
sh601126,四方股份,2025-10-20 13:13:09,26.15,26200,26.15,U
sh601126,四方股份,2025-10-20 13:13:18,26.16,349800,26.15,U
sh601126,四方股份,2025-10-20 13:13:21,26.16,14900,26.16,U
sh601126,四方股份,2025-10-20 13:13:30,26.18,15000,26.19,E
sh601126,四方股份,2025-10-20 13:13:36,26.22,9300,26.19,U
sh601126,四方股份,2025-10-20 13:13:48,26.23,9500,26.22,U
sh601126,四方股份,2025-10-20 13:13:57,26.22,213100,26.25,D
sh601126,四方股份,2025-10-20 13:14:00,26.3,59000,26.22,U
sh601126,四方股份,2025-10-20 13:14:36,26.19,8200,26.21,D
sh601126,四方股份,2025-10-20 13:14:51,26.18,14900,26.18,D
sh601126,四方股份,2025-10-20 13:15:09,26.15,8100,26.17,D
sh601126,四方股份,2025-10-20 13:15:12,26.16,10500,26.15,D
sh601126,四方股份,2025-10-20 13:15:15,26.15,20700,26.16,D
sh601126,四方股份,2025-10-20 13:15:18,26.16,48400,26.15,U
sh601126,四方股份,2025-10-20 13:15:21,26.17,10600,26.16,E
sh601126,四方股份,2025-10-20 13:15:24,26.16,9700,26.17,D
sh601126,四方股份,2025-10-20 13:15:27,26.15,20900,26.16,D
sh601126,四方股份,2025-10-20 13:15:30,26.14,17450,26.15,D
sh601126,四方股份,2025-10-20 13:16:21,26.18,39900,26.18,E
sh601126,四方股份,2025-10-20 13:16:42,26.16,17400,26.16,U
sh601126,四方股份,2025-10-20 13:16:45,26.16,15700,26.16,U
sh601126,四方股份,2025-10-20 13:17:06,26.16,8700,26.16,D
sh601126,四方股份,2025-10-20 13:17:24,26.16,8800,26.15,U
sh601126,四方股份,2025-10-20 13:17:36,26.14,47500,26.16,D
sh601126,四方股份,2025-10-20 13:17:39,26.15,93300,26.14,U
sh601126,四方股份,2025-10-20 13:17:48,26.18,8000,26.18,U
sh601126,四方股份,2025-10-20 13:18:03,26.18,20700,26.17,U
sh601126,四方股份,2025-10-20 13:18:24,26.16,9100,26.15,U
sh601126,四方股份,2025-10-20 13:18:27,26.15,10600,26.16,D
sh601126,四方股份,2025-10-20 13:18:30,26.15,10500,26.15,D
sh601126,四方股份,2025-10-20 13:19:00,26.16,12100,26.15,D
sh601126,四方股份,2025-10-20 13:19:03,26.2,21500,26.16,U
sh601126,四方股份,2025-10-20 13:19:18,26.21,9700,26.23,D
sh601126,四方股份,2025-10-20 13:19:21,26.21,10700,26.21,D
sh601126,四方股份,2025-10-20 13:19:24,26.2,15700,26.21,D
sh601126,四方股份,2025-10-20 13:19:30,26.2,17800,26.2,U
sh601126,四方股份,2025-10-20 13:19:33,26.2,12600,26.2,D
sh601126,四方股份,2025-10-20 13:19:54,26.21,12200,26.21,D
sh601126,四方股份,2025-10-20 13:20:00,26.21,8400,26.21,U
sh601126,四方股份,2025-10-20 13:20:03,26.2,10900,26.21,D
sh601126,四方股份,2025-10-20 13:20:18,26.2,11600,26.21,D
sh601126,四方股份,2025-10-20 13:20:21,26.19,13900,26.2,D
sh601126,四方股份,2025-10-20 13:20:27,26.2,16700,26.2,D
sh601126,四方股份,2025-10-20 13:21:03,26.29,20800,26.29,D
sh601126,四方股份,2025-10-20 13:21:09,26.28,15000,26.28,U
sh601126,四方股份,2025-10-20 13:21:39,26.27,13600,26.28,D
sh601126,四方股份,2025-10-20 13:21:45,26.26,9100,26.26,D
sh601126,四方股份,2025-10-20 13:22:09,26.3,9400,26.3,D
sh601126,四方股份,2025-10-20 13:22:12,26.3,51700,26.3,U
sh601126,四方股份,2025-10-20 13:22:30,26.35,7900,26.35,U
sh601126,四方股份,2025-10-20 13:22:39,26.35,8300,26.34,U
sh601126,四方股份,2025-10-20 13:22:45,26.32,7800,26.33,D
sh601126,四方股份,2025-10-20 13:22:57,26.36,8100,26.35,U
sh601126,四方股份,2025-10-20 13:23:06,26.34,18700,26.35,D
sh601126,四方股份,2025-10-20 13:23:09,26.34,8900,26.34,U
sh601126,四方股份,2025-10-20 13:23:15,26.32,14000,26.34,D
sh601126,四方股份,2025-10-20 13:23:18,26.32,9400,26.32,D
sh601126,四方股份,2025-10-20 13:24:54,26.34,59300,26.32,U
sh601126,四方股份,2025-10-20 13:24:57,26.35,13500,26.34,U
sh601126,四方股份,2025-10-20 13:25:06,26.33,11200,26.35,D
sh601126,四方股份,2025-10-20 13:25:15,26.33,11900,26.34,D
sh601126,四方股份,2025-10-20 13:25:18,26.32,10100,26.33,D
sh601126,四方股份,2025-10-20 13:25:21,26.31,17100,26.32,D
sh601126,四方股份,2025-10-20 13:25:48,26.33,19200,26.36,D
sh601126,四方股份,2025-10-20 13:25:51,26.32,11000,26.33,D
sh601126,四方股份,2025-10-20 13:25:54,26.31,10700,26.32,D
sh601126,四方股份,2025-10-20 13:26:03,26.32,8100,26.32,D
sh601126,四方股份,2025-10-20 13:27:18,26.3,14500,26.29,U
sh601126,四方股份,2025-10-20 13:27:21,26.33,8300,26.3,U
sh601126,四方股份,2025-10-20 13:27:36,26.31,15300,26.32,D
sh601126,四方股份,2025-10-20 13:28:30,26.34,10700,26.32,U
sh601126,四方股份,2025-10-20 13:29:03,26.36,31100,26.36,U
sh601126,四方股份,2025-10-20 13:29:06,26.36,9700,26.36,D
sh601126,四方股份,2025-10-20 13:29:09,26.33,26900,26.36,D
sh601126,四方股份,2025-10-20 13:29:12,26.31,53000,26.33,D
sh601126,四方股份,2025-10-20 13:29:18,26.34,14300,26.32,U
sh601126,四方股份,2025-10-20 13:29:21,26.34,11900,26.34,U
sh601126,四方股份,2025-10-20 13:29:24,26.4,38900,26.34,U
sh601126,四方股份,2025-10-20 13:29:27,26.37,45800,26.4,D
sh601126,四方股份,2025-10-20 13:29:30,26.4,10900,26.37,D
sh601126,四方股份,2025-10-20 13:29:33,26.41,14600,26.4,U
sh601126,四方股份,2025-10-20 13:29:36,26.42,13500,26.41,U
sh601126,四方股份,2025-10-20 13:29:42,26.42,13100,26.43,D
sh601126,四方股份,2025-10-20 13:29:45,26.42,20800,26.42,D
sh601126,四方股份,2025-10-20 13:29:48,26.43,8900,26.42,U
sh601126,四方股份,2025-10-20 13:29:57,26.43,17800,26.42,E
sh601126,四方股份,2025-10-20 13:30:00,26.45,15800,26.43,U
sh601126,四方股份,2025-10-20 13:30:15,26.42,10100,26.41,U
sh601126,四方股份,2025-10-20 13:30:36,26.4,25700,26.42,D
sh601126,四方股份,2025-10-20 13:30:39,26.4,10400,26.4,D
sh601126,四方股份,2025-10-20 13:30:42,26.4,28800,26.4,U
sh601126,四方股份,2025-10-20 13:30:45,26.4,20200,26.4,U
sh601126,四方股份,2025-10-20 13:30:51,26.39,8900,26.4,D
sh601126,四方股份,2025-10-20 13:30:57,26.37,14500,26.39,D
sh601126,四方股份,2025-10-20 13:31:03,26.36,19000,26.36,U
sh601126,四方股份,2025-10-20 13:31:09,26.35,9500,26.36,D
sh601126,四方股份,2025-10-20 13:31:15,26.36,12100,26.35,U
sh601126,四方股份,2025-10-20 13:31:24,26.34,8100,26.34,D
sh601126,四方股份,2025-10-20 13:31:27,26.35,9800,26.34,U
sh601126,四方股份,2025-10-20 13:31:39,26.35,26300,26.35,U
sh601126,四方股份,2025-10-20 13:31:48,26.36,8100,26.35,U
sh601126,四方股份,2025-10-20 13:32:06,26.33,10900,26.35,D
sh601126,四方股份,2025-10-20 13:32:09,26.34,10700,26.33,U
sh601126,四方股份,2025-10-20 13:32:12,26.39,24400,26.34,U
sh601126,四方股份,2025-10-20 13:32:15,26.41,7900,26.39,U
sh601126,四方股份,2025-10-20 13:32:18,26.35,7700,26.41,D
sh601126,四方股份,2025-10-20 13:32:24,26.36,10300,26.35,E
sh601126,四方股份,2025-10-20 13:32:27,26.41,30000,26.36,U
sh601126,四方股份,2025-10-20 13:32:30,26.46,56500,26.41,U
sh601126,四方股份,2025-10-20 13:32:36,26.45,34200,26.45,U
sh601126,四方股份,2025-10-20 13:32:39,26.41,16400,26.45,D
sh601126,四方股份,2025-10-20 13:32:42,26.4,11000,26.41,D
sh601126,四方股份,2025-10-20 13:32:45,26.41,9800,26.4,U
sh601126,四方股份,2025-10-20 13:32:51,26.4,32100,26.41,D
sh601126,四方股份,2025-10-20 13:32:54,26.39,10800,26.4,D
sh601126,四方股份,2025-10-20 13:33:06,26.31,24900,26.34,D
sh601126,四方股份,2025-10-20 13:33:09,26.34,22400,26.31,U
sh601126,四方股份,2025-10-20 13:33:15,26.3,29500,26.34,D
sh601126,四方股份,2025-10-20 13:33:33,26.28,10100,26.28,D
sh601126,四方股份,2025-10-20 13:34:00,26.21,9200,26.25,D
sh601126,四方股份,2025-10-20 13:34:06,26.21,17800,26.2,U
sh601126,四方股份,2025-10-20 13:34:12,26.22,21700,26.21,U
sh601126,四方股份,2025-10-20 13:34:18,26.2,9200,26.22,D
sh601126,四方股份,2025-10-20 13:34:21,26.19,8300,26.2,D
sh601126,四方股份,2025-10-20 13:34:30,26.2,14600,26.22,D
sh601126,四方股份,2025-10-20 13:34:33,26.2,9400,26.2,D
sh601126,四方股份,2025-10-20 13:34:36,26.18,7900,26.2,D
sh601126,四方股份,2025-10-20 13:34:45,26.19,9200,26.19,D
sh601126,四方股份,2025-10-20 13:35:00,26.2,8500,26.19,D
sh601126,四方股份,2025-10-20 13:35:03,26.24,12100,26.2,U
sh601126,四方股份,2025-10-20 13:35:06,26.29,7800,26.24,U
sh601126,四方股份,2025-10-20 13:35:21,26.31,8400,26.3,U
sh601126,四方股份,2025-10-20 13:36:06,26.32,13100,26.31,U
sh601126,四方股份,2025-10-20 13:36:09,26.31,12200,26.32,D
sh601126,四方股份,2025-10-20 13:36:12,26.3,12500,26.31,D
sh601126,四方股份,2025-10-20 13:36:15,26.31,8100,26.3,U
sh601126,四方股份,2025-10-20 13:36:24,26.34,28600,26.32,U
sh601126,四方股份,2025-10-20 13:36:27,26.34,8300,26.34,D
sh601126,四方股份,2025-10-20 13:36:30,26.31,10500,26.34,D
sh601126,四方股份,2025-10-20 13:36:48,26.32,61200,26.33,D
sh601126,四方股份,2025-10-20 13:36:51,26.32,30400,26.32,U
sh601126,四方股份,2025-10-20 13:36:54,26.35,15800,26.32,U
sh601126,四方股份,2025-10-20 13:37:18,26.32,15900,26.33,E
sh601126,四方股份,2025-10-20 13:37:51,26.31,14200,26.31,U
sh601126,四方股份,2025-10-20 13:38:15,26.34,7800,26.33,U
sh601126,四方股份,2025-10-20 13:38:18,26.34,8400,26.34,U
sh601126,四方股份,2025-10-20 13:38:33,26.34,14000,26.34,D
sh601126,四方股份,2025-10-20 13:38:36,26.34,8300,26.34,D
sh601126,四方股份,2025-10-20 13:38:45,26.35,8200,26.35,U
sh601126,四方股份,2025-10-20 13:38:51,26.4,59700,26.35,U
sh601126,四方股份,2025-10-20 13:39:03,26.45,54700,26.4,U
sh601126,四方股份,2025-10-20 13:39:09,26.4,8500,26.42,E
sh601126,四方股份,2025-10-20 13:39:39,26.44,20600,26.4,U
sh601126,四方股份,2025-10-20 13:39:48,26.43,17500,26.44,D
sh601126,四方股份,2025-10-20 13:39:51,26.45,159700,26.43,U
sh601126,四方股份,2025-10-20 13:39:54,26.45,17500,26.45,E
sh601126,四方股份,2025-10-20 13:40:00,26.51,15100,26.46,U
sh601126,四方股份,2025-10-20 13:40:03,26.52,29000,26.51,U
sh601126,四方股份,2025-10-20 13:40:06,26.49,30200,26.52,D
sh601126,四方股份,2025-10-20 13:40:12,26.45,16900,26.45,U
sh601126,四方股份,2025-10-20 13:40:18,26.43,13900,26.45,E
sh601126,四方股份,2025-10-20 13:40:27,26.41,21000,26.43,D
sh601126,四方股份,2025-10-20 13:40:39,26.36,40300,26.42,D
sh601126,四方股份,2025-10-20 13:40:42,26.36,19500,26.36,U
sh601126,四方股份,2025-10-20 13:41:03,26.35,44000,26.38,D
sh601126,四方股份,2025-10-20 13:41:09,26.34,9900,26.35,D
sh601126,四方股份,2025-10-20 13:41:12,26.34,8600,26.34,U
sh601126,四方股份,2025-10-20 13:41:15,26.32,10000,26.34,D
sh601126,四方股份,2025-10-20 13:41:57,26.42,12400,26.41,U
sh601126,四方股份,2025-10-20 13:42:15,26.41,45200,26.41,U
sh601126,四方股份,2025-10-20 13:42:18,26.4,8300,26.41,D
sh601126,四方股份,2025-10-20 13:42:21,26.5,51000,26.4,U
sh601126,四方股份,2025-10-20 13:42:24,26.48,32000,26.5,E
sh601126,四方股份,2025-10-20 13:42:45,26.45,8500,26.44,U
sh601126,四方股份,2025-10-20 13:43:03,26.43,9700,26.43,U
sh601126,四方股份,2025-10-20 13:43:27,26.41,24200,26.43,D
sh601126,四方股份,2025-10-20 13:43:45,26.42,10200,26.42,D
sh601126,四方股份,2025-10-20 13:43:51,26.41,7700,26.4,U
sh601126,四方股份,2025-10-20 13:43:54,26.39,8300,26.41,D
sh601126,四方股份,2025-10-20 13:44:18,26.31,97900,26.35,D
sh601126,四方股份,2025-10-20 13:44:21,26.35,18000,26.31,U
sh601126,四方股份,2025-10-20 13:44:45,26.35,10500,26.35,U
sh601126,四方股份,2025-10-20 13:44:57,26.34,9800,26.32,U
sh601126,四方股份,2025-10-20 13:45:12,26.34,8200,26.32,U
sh601126,四方股份,2025-10-20 13:45:15,26.31,11700,26.34,D
sh601126,四方股份,2025-10-20 13:45:18,26.3,12000,26.31,D
sh601126,四方股份,2025-10-20 13:45:21,26.3,11500,26.3,U
sh601126,四方股份,2025-10-20 13:45:36,26.29,25000,26.29,U
sh601126,四方股份,2025-10-20 13:45:39,26.29,14600,26.29,U
sh601126,四方股份,2025-10-20 13:45:48,26.31,9600,26.31,U
sh601126,四方股份,2025-10-20 13:45:57,26.31,8400,26.31,U
sh601126,四方股份,2025-10-20 13:46:24,26.35,8400,26.33,U
sh601126,四方股份,2025-10-20 13:46:36,26.35,11300,26.35,U
sh601126,四方股份,2025-10-20 13:46:45,26.34,8600,26.35,D
sh601126,四方股份,2025-10-20 13:46:48,26.34,10900,26.34,U
sh601126,四方股份,2025-10-20 13:47:06,26.33,8300,26.34,D
sh601126,四方股份,2025-10-20 13:47:12,26.34,15400,26.33,U
sh601126,四方股份,2025-10-20 13:47:15,26.4,20700,26.34,U
sh601126,四方股份,2025-10-20 13:47:18,26.41,15600,26.4,U
sh601126,四方股份,2025-10-20 13:47:45,26.45,10900,26.43,U
sh601126,四方股份,2025-10-20 13:47:54,26.43,15900,26.46,D
sh601126,四方股份,2025-10-20 13:47:57,26.43,30300,26.43,E
sh601126,四方股份,2025-10-20 13:48:18,26.37,9500,26.4,D
sh601126,四方股份,2025-10-20 13:48:21,26.38,11100,26.37,U
sh601126,四方股份,2025-10-20 13:48:27,26.35,21100,26.37,D
sh601126,四方股份,2025-10-20 13:49:09,26.3,17300,26.32,D
sh601126,四方股份,2025-10-20 13:49:33,26.29,19400,26.31,D
sh601126,四方股份,2025-10-20 13:49:36,26.29,16300,26.29,U
sh601126,四方股份,2025-10-20 13:50:03,26.3,9200,26.3,D
sh601126,四方股份,2025-10-20 13:50:42,26.32,43300,26.34,D
sh601126,四方股份,2025-10-20 13:51:03,26.3,8500,26.29,U
sh601126,四方股份,2025-10-20 13:51:06,26.28,10500,26.3,D
sh601126,四方股份,2025-10-20 13:51:30,26.31,8300,26.31,D
sh601126,四方股份,2025-10-20 13:52:09,26.31,34200,26.29,U
sh601126,四方股份,2025-10-20 13:52:36,26.28,8700,26.28,U
sh601126,四方股份,2025-10-20 13:52:48,26.27,8400,26.28,D
sh601126,四方股份,2025-10-20 13:53:30,26.33,13100,26.33,D
sh601126,四方股份,2025-10-20 13:54:12,26.3,15000,26.32,D
sh601126,四方股份,2025-10-20 13:54:57,26.3,14700,26.31,D
sh601126,四方股份,2025-10-20 13:55:03,26.29,11700,26.3,D
sh601126,四方股份,2025-10-20 13:56:00,26.3,8900,26.3,U
sh601126,四方股份,2025-10-20 13:57:24,26.33,11400,26.31,U
sh601126,四方股份,2025-10-20 13:57:33,26.33,8700,26.32,D
sh601126,四方股份,2025-10-20 13:57:42,26.33,9600,26.32,U
sh601126,四方股份,2025-10-20 13:58:00,26.32,11800,26.32,U
sh601126,四方股份,2025-10-20 13:58:18,26.31,7700,26.31,U
sh601126,四方股份,2025-10-20 13:58:42,26.31,17400,26.32,D
sh601126,四方股份,2025-10-20 13:59:15,26.37,8500,26.36,U
sh601126,四方股份,2025-10-20 13:59:21,26.4,11000,26.37,U
sh601126,四方股份,2025-10-20 13:59:24,26.37,8400,26.4,U
sh601126,四方股份,2025-10-20 13:59:30,26.37,11800,26.36,U
sh601126,四方股份,2025-10-20 13:59:39,26.39,17900,26.38,U
sh601126,四方股份,2025-10-20 13:59:57,26.35,9200,26.37,D
sh601126,四方股份,2025-10-20 14:00:03,26.34,35800,26.37,D
sh601126,四方股份,2025-10-20 14:00:06,26.3,22277,26.34,D
sh601126,四方股份,2025-10-20 14:00:09,26.3,15400,26.3,U
sh601126,四方股份,2025-10-20 14:00:12,26.32,8423,26.3,U
sh601126,四方股份,2025-10-20 14:01:15,26.32,78000,26.32,D
sh601126,四方股份,2025-10-20 14:01:36,26.31,22800,26.33,D
sh601126,四方股份,2025-10-20 14:01:39,26.3,12200,26.31,D
sh601126,四方股份,2025-10-20 14:01:42,26.3,16900,26.3,U
sh601126,四方股份,2025-10-20 14:02:06,26.31,13000,26.31,U
sh601126,四方股份,2025-10-20 14:02:09,26.32,11000,26.31,U
sh601126,四方股份,2025-10-20 14:02:12,26.37,10000,26.32,U
sh601126,四方股份,2025-10-20 14:02:18,26.32,29200,26.38,D
sh601126,四方股份,2025-10-20 14:02:27,26.36,8400,26.36,U
sh601126,四方股份,2025-10-20 14:03:18,26.27,31500,26.32,D
sh601126,四方股份,2025-10-20 14:03:33,26.27,12800,26.27,D
sh601126,四方股份,2025-10-20 14:03:36,26.25,90500,26.27,D
sh601126,四方股份,2025-10-20 14:03:39,26.21,12300,26.25,D
sh601126,四方股份,2025-10-20 14:04:09,26.24,15600,26.24,U
sh601126,四方股份,2025-10-20 14:04:12,26.27,16100,26.24,U
sh601126,四方股份,2025-10-20 14:04:15,26.32,9800,26.27,U
sh601126,四方股份,2025-10-20 14:05:06,26.3,10500,26.29,U
sh601126,四方股份,2025-10-20 14:05:39,26.29,11500,26.28,U
sh601126,四方股份,2025-10-20 14:06:18,26.28,19800,26.27,U
sh601126,四方股份,2025-10-20 14:07:03,26.25,21000,26.24,U
sh601126,四方股份,2025-10-20 14:07:21,26.23,13100,26.23,U
sh601126,四方股份,2025-10-20 14:07:24,26.22,10900,26.23,D
sh601126,四方股份,2025-10-20 14:07:27,26.22,15500,26.22,U
sh601126,四方股份,2025-10-20 14:08:03,26.21,10500,26.22,D
sh601126,四方股份,2025-10-20 14:08:09,26.23,20800,26.21,U
sh601126,四方股份,2025-10-20 14:08:12,26.25,35755,26.23,U
sh601126,四方股份,2025-10-20 14:08:21,26.25,13700,26.26,D
sh601126,四方股份,2025-10-20 14:08:27,26.25,20800,26.25,U
sh601126,四方股份,2025-10-20 14:08:48,26.24,8900,26.24,D
sh601126,四方股份,2025-10-20 14:08:57,26.24,8200,26.24,D
sh601126,四方股份,2025-10-20 14:09:00,26.24,11300,26.24,U
sh601126,四方股份,2025-10-20 14:09:12,26.23,10000,26.24,D
sh601126,四方股份,2025-10-20 14:09:30,26.21,15300,26.21,D
sh601126,四方股份,2025-10-20 14:09:36,26.2,24700,26.2,D
sh601126,四方股份,2025-10-20 14:09:39,26.2,7700,26.2,U
sh601126,四方股份,2025-10-20 14:09:45,26.19,10800,26.19,D
sh601126,四方股份,2025-10-20 14:10:03,26.18,16400,26.18,D
sh601126,四方股份,2025-10-20 14:10:06,26.18,8600,26.18,U
sh601126,四方股份,2025-10-20 14:10:09,26.18,17200,26.18,D
sh601126,四方股份,2025-10-20 14:10:15,26.17,24000,26.18,D
sh601126,四方股份,2025-10-20 14:10:18,26.17,35500,26.17,U
sh601126,四方股份,2025-10-20 14:10:21,26.19,9700,26.17,D
sh601126,四方股份,2025-10-20 14:10:30,26.22,36400,26.19,U
sh601126,四方股份,2025-10-20 14:10:48,26.23,7700,26.23,U
sh601126,四方股份,2025-10-20 14:11:03,26.25,18400,26.25,U
sh601126,四方股份,2025-10-20 14:11:42,26.26,9500,26.26,D
sh601126,四方股份,2025-10-20 14:12:00,26.25,12100,26.26,D
sh601126,四方股份,2025-10-20 14:12:06,26.24,11000,26.25,D
sh601126,四方股份,2025-10-20 14:12:09,26.25,12500,26.24,D
sh601126,四方股份,2025-10-20 14:12:21,26.25,9200,26.25,D
sh601126,四方股份,2025-10-20 14:12:33,26.25,14300,26.25,U
sh601126,四方股份,2025-10-20 14:12:39,26.24,7800,26.25,D
sh601126,四方股份,2025-10-20 14:13:21,26.21,12900,26.22,D
sh601126,四方股份,2025-10-20 14:13:30,26.22,9500,26.22,U
sh601126,四方股份,2025-10-20 14:13:33,26.22,15400,26.22,U
sh601126,四方股份,2025-10-20 14:13:45,26.21,7700,26.22,D
sh601126,四方股份,2025-10-20 14:13:57,26.2,13400,26.2,D
sh601126,四方股份,2025-10-20 14:14:06,26.21,18200,26.21,U
sh601126,四方股份,2025-10-20 14:14:21,26.24,8700,26.24,D
sh601126,四方股份,2025-10-20 14:14:30,26.24,10100,26.24,D
sh601126,四方股份,2025-10-20 14:14:51,26.25,18300,26.24,U
sh601126,四方股份,2025-10-20 14:15:00,26.23,11200,26.23,D
sh601126,四方股份,2025-10-20 14:15:21,26.22,13600,26.23,D
sh601126,四方股份,2025-10-20 14:15:24,26.22,22900,26.22,D
sh601126,四方股份,2025-10-20 14:15:27,26.21,36400,26.22,D
sh601126,四方股份,2025-10-20 14:15:39,26.21,8421,26.21,D
sh601126,四方股份,2025-10-20 14:15:48,26.21,14600,26.21,U
sh601126,四方股份,2025-10-20 14:16:12,26.22,14400,26.23,D
sh601126,四方股份,2025-10-20 14:17:03,26.25,20800,26.24,U
sh601126,四方股份,2025-10-20 14:17:24,26.26,11900,26.28,D
sh601126,四方股份,2025-10-20 14:17:27,26.26,11800,26.26,D
sh601126,四方股份,2025-10-20 14:17:45,26.27,39700,26.27,D
sh601126,四方股份,2025-10-20 14:17:48,26.24,32100,26.27,D
sh601126,四方股份,2025-10-20 14:17:57,26.25,13200,26.24,U
sh601126,四方股份,2025-10-20 14:18:15,26.25,18100,26.25,D
sh601126,四方股份,2025-10-20 14:18:18,26.24,12000,26.25,D
sh601126,四方股份,2025-10-20 14:18:21,26.25,9200,26.24,U
sh601126,四方股份,2025-10-20 14:18:39,26.26,24200,26.24,U
sh601126,四方股份,2025-10-20 14:18:45,26.27,7900,26.26,U
sh601126,四方股份,2025-10-20 14:19:06,26.27,38400,26.28,D
sh601126,四方股份,2025-10-20 14:19:15,26.23,56100,26.26,D
sh601126,四方股份,2025-10-20 14:19:18,26.23,16600,26.23,D
sh601126,四方股份,2025-10-20 14:19:24,26.24,16800,26.23,U
sh601126,四方股份,2025-10-20 14:19:54,26.25,23600,26.27,D
sh601126,四方股份,2025-10-20 14:20:21,26.27,14200,26.26,U
sh601126,四方股份,2025-10-20 14:20:51,26.29,10000,26.29,U
sh601126,四方股份,2025-10-20 14:20:57,26.29,15600,26.28,U
sh601126,四方股份,2025-10-20 14:21:06,26.3,9700,26.29,U
sh601126,四方股份,2025-10-20 14:21:09,26.28,7900,26.3,D
sh601126,四方股份,2025-10-20 14:21:18,26.29,17400,26.29,D
sh601126,四方股份,2025-10-20 14:21:24,26.29,9200,26.29,E
sh601126,四方股份,2025-10-20 14:21:30,26.29,11200,26.29,U
sh601126,四方股份,2025-10-20 14:21:33,26.31,88000,26.29,U
sh601126,四方股份,2025-10-20 14:21:42,26.3,9800,26.31,D
sh601126,四方股份,2025-10-20 14:21:45,26.29,13100,26.3,D
sh601126,四方股份,2025-10-20 14:21:51,26.28,11800,26.29,D
sh601126,四方股份,2025-10-20 14:21:54,26.28,11500,26.28,D
sh601126,四方股份,2025-10-20 14:22:09,26.29,26500,26.26,U
sh601126,四方股份,2025-10-20 14:22:12,26.35,18200,26.29,U
sh601126,四方股份,2025-10-20 14:22:21,26.33,24000,26.34,D
sh601126,四方股份,2025-10-20 14:22:36,26.31,12700,26.32,D
sh601126,四方股份,2025-10-20 14:22:39,26.3,8400,26.31,D
sh601126,四方股份,2025-10-20 14:22:48,26.3,8900,26.3,D
sh601126,四方股份,2025-10-20 14:22:51,26.3,10300,26.3,D
sh601126,四方股份,2025-10-20 14:22:54,26.31,13000,26.3,E
sh601126,四方股份,2025-10-20 14:23:03,26.3,11700,26.3,D
sh601126,四方股份,2025-10-20 14:23:06,26.33,9800,26.3,U
sh601126,四方股份,2025-10-20 14:23:12,26.33,12200,26.32,U
sh601126,四方股份,2025-10-20 14:23:15,26.34,12800,26.33,U
sh601126,四方股份,2025-10-20 14:23:18,26.34,12400,26.34,D
sh601126,四方股份,2025-10-20 14:23:27,26.33,9300,26.33,D
sh601126,四方股份,2025-10-20 14:23:30,26.33,9900,26.33,D
sh601126,四方股份,2025-10-20 14:23:33,26.34,10800,26.33,U
sh601126,四方股份,2025-10-20 14:23:36,26.34,16800,26.34,D
sh601126,四方股份,2025-10-20 14:23:39,26.34,11200,26.34,U
sh601126,四方股份,2025-10-20 14:23:42,26.35,27200,26.34,U
sh601126,四方股份,2025-10-20 14:23:45,26.36,8400,26.35,D
sh601126,四方股份,2025-10-20 14:23:48,26.36,17900,26.36,D
sh601126,四方股份,2025-10-20 14:23:54,26.37,10600,26.37,D
sh601126,四方股份,2025-10-20 14:23:57,26.37,27600,26.37,U
sh601126,四方股份,2025-10-20 14:24:03,26.37,12900,26.37,D
sh601126,四方股份,2025-10-20 14:24:06,26.36,41400,26.37,D
sh601126,四方股份,2025-10-20 14:24:09,26.35,10800,26.36,D
sh601126,四方股份,2025-10-20 14:24:12,26.36,28800,26.35,U
sh601126,四方股份,2025-10-20 14:24:15,26.36,8700,26.36,D
sh601126,四方股份,2025-10-20 14:24:18,26.36,19700,26.36,D
sh601126,四方股份,2025-10-20 14:24:24,26.34,15700,26.35,D
sh601126,四方股份,2025-10-20 14:24:33,26.35,10100,26.35,U
sh601126,四方股份,2025-10-20 14:24:45,26.34,7900,26.33,U
sh601126,四方股份,2025-10-20 14:24:54,26.36,10300,26.35,U
sh601126,四方股份,2025-10-20 14:24:57,26.37,12100,26.36,U
sh601126,四方股份,2025-10-20 14:25:00,26.35,61100,26.37,D
sh601126,四方股份,2025-10-20 14:25:03,26.35,13500,26.35,U
sh601126,四方股份,2025-10-20 14:25:18,26.37,9100,26.36,U
sh601126,四方股份,2025-10-20 14:25:24,26.36,12200,26.35,U
sh601126,四方股份,2025-10-20 14:25:30,26.37,8700,26.36,U
sh601126,四方股份,2025-10-20 14:25:33,26.36,23300,26.37,D
sh601126,四方股份,2025-10-20 14:25:36,26.35,9800,26.36,D
sh601126,四方股份,2025-10-20 14:25:39,26.34,13400,26.35,D
sh601126,四方股份,2025-10-20 14:25:42,26.34,26100,26.34,D
sh601126,四方股份,2025-10-20 14:25:54,26.36,8500,26.34,U
sh601126,四方股份,2025-10-20 14:25:57,26.36,16800,26.36,U
sh601126,四方股份,2025-10-20 14:26:09,26.36,7600,26.35,U
sh601126,四方股份,2025-10-20 14:26:21,26.34,9900,26.36,D
sh601126,四方股份,2025-10-20 14:26:30,26.35,8000,26.36,D
sh601126,四方股份,2025-10-20 14:26:36,26.4,122000,26.35,U
sh601126,四方股份,2025-10-20 14:26:39,26.4,12100,26.4,D
sh601126,四方股份,2025-10-20 14:26:45,26.43,9200,26.4,U
sh601126,四方股份,2025-10-20 14:26:51,26.44,13800,26.43,U
sh601126,四方股份,2025-10-20 14:26:54,26.44,45500,26.44,U
sh601126,四方股份,2025-10-20 14:26:57,26.44,9100,26.44,U
sh601126,四方股份,2025-10-20 14:27:00,26.43,26500,26.44,D
sh601126,四方股份,2025-10-20 14:27:03,26.43,9400,26.43,U
sh601126,四方股份,2025-10-20 14:27:09,26.41,12900,26.42,D
sh601126,四方股份,2025-10-20 14:27:12,26.39,32100,26.41,D
sh601126,四方股份,2025-10-20 14:27:18,26.4,10500,26.39,U
sh601126,四方股份,2025-10-20 14:27:21,26.4,57700,26.4,U
sh601126,四方股份,2025-10-20 14:27:24,26.4,10900,26.4,U
sh601126,四方股份,2025-10-20 14:27:27,26.4,11000,26.4,U
sh601126,四方股份,2025-10-20 14:27:45,26.39,9500,26.39,D
sh601126,四方股份,2025-10-20 14:27:48,26.39,52400,26.39,D
sh601126,四方股份,2025-10-20 14:27:51,26.39,8400,26.39,D
sh601126,四方股份,2025-10-20 14:27:54,26.4,60200,26.39,U
sh601126,四方股份,2025-10-20 14:27:57,26.4,33100,26.4,D
sh601126,四方股份,2025-10-20 14:28:00,26.41,69100,26.4,E
sh601126,四方股份,2025-10-20 14:28:03,26.46,12400,26.41,U
sh601126,四方股份,2025-10-20 14:28:06,26.49,121000,26.46,U
sh601126,四方股份,2025-10-20 14:28:09,26.49,23800,26.49,E
