symbol,name,ticktime,price,volume,prev_price,kind
sh601126,四方股份,2025-09-26 09:25:01,18.0,172400,0.0,U
sh601126,四方股份,2025-09-26 09:30:00,18.22,14200,18.0,U
sh601126,四方股份,2025-09-26 09:30:06,18.02,35300,18.1,D
sh601126,四方股份,2025-09-26 09:30:09,18.01,38000,18.02,D
sh601126,四方股份,2025-09-26 09:30:18,18.08,16000,18.05,U
sh601126,四方股份,2025-09-26 09:30:30,18.16,18200,18.1,U
sh601126,四方股份,2025-09-26 09:30:33,18.09,18600,18.16,D
sh601126,四方股份,2025-09-26 09:30:48,18.2,35400,18.19,U
sh601126,四方股份,2025-09-26 09:30:51,18.2,11000,18.2,U
sh601126,四方股份,2025-09-26 09:30:54,18.22,13400,18.2,U
sh601126,四方股份,2025-09-26 09:31:00,18.28,36800,18.25,U
sh601126,四方股份,2025-09-26 09:31:03,18.26,21800,18.28,D
sh601126,四方股份,2025-09-26 09:31:06,18.25,23400,18.26,D
sh601126,四方股份,2025-09-26 09:31:15,18.23,105600,18.23,U
sh601126,四方股份,2025-09-26 09:31:18,18.26,20000,18.23,U
sh601126,四方股份,2025-09-26 09:31:24,18.26,42100,18.26,U
sh601126,四方股份,2025-09-26 09:31:27,18.3,53900,18.26,U
sh601126,四方股份,2025-09-26 09:31:30,18.35,82700,18.3,U
sh601126,四方股份,2025-09-26 09:31:33,18.35,51100,18.35,D
sh601126,四方股份,2025-09-26 09:31:39,18.4,53100,18.37,U
sh601126,四方股份,2025-09-26 09:31:42,18.4,25200,18.4,D
sh601126,四方股份,2025-09-26 09:31:45,18.43,34000,18.4,U
sh601126,四方股份,2025-09-26 09:31:48,18.45,13800,18.43,U
sh601126,四方股份,2025-09-26 09:31:51,18.47,13300,18.45,U
sh601126,四方股份,2025-09-26 09:31:54,18.5,122800,18.47,U
sh601126,四方股份,2025-09-26 09:31:57,18.52,45900,18.5,U
sh601126,四方股份,2025-09-26 09:32:00,18.56,26100,18.52,U
sh601126,四方股份,2025-09-26 09:32:03,18.56,173500,18.56,U
sh601126,四方股份,2025-09-26 09:32:06,18.57,56500,18.56,U
sh601126,四方股份,2025-09-26 09:32:09,18.5,41300,18.57,D
sh601126,四方股份,2025-09-26 09:32:12,18.5,26900,18.5,U
sh601126,四方股份,2025-09-26 09:32:15,18.48,15400,18.5,D
sh601126,四方股份,2025-09-26 09:32:18,18.47,12700,18.48,D
sh601126,四方股份,2025-09-26 09:32:21,18.44,17700,18.47,D
sh601126,四方股份,2025-09-26 09:32:24,18.44,55200,18.44,U
sh601126,四方股份,2025-09-26 09:32:27,18.5,108800,18.44,U
sh601126,四方股份,2025-09-26 09:32:30,18.54,69200,18.5,U
sh601126,四方股份,2025-09-26 09:32:33,18.53,18700,18.54,D
sh601126,四方股份,2025-09-26 09:32:36,18.51,45400,18.53,D
sh601126,四方股份,2025-09-26 09:32:39,18.5,17600,18.51,D
sh601126,四方股份,2025-09-26 09:32:42,18.52,71200,18.5,U
sh601126,四方股份,2025-09-26 09:32:45,18.51,46100,18.52,D
sh601126,四方股份,2025-09-26 09:32:48,18.52,15100,18.51,U
sh601126,四方股份,2025-09-26 09:32:51,18.49,12800,18.52,D
sh601126,四方股份,2025-09-26 09:32:54,18.48,12200,18.49,D
sh601126,四方股份,2025-09-26 09:32:57,18.44,60900,18.48,D
sh601126,四方股份,2025-09-26 09:33:00,18.41,28200,18.44,D
sh601126,四方股份,2025-09-26 09:33:03,18.41,41100,18.41,U
sh601126,四方股份,2025-09-26 09:33:06,18.45,29200,18.41,U
sh601126,四方股份,2025-09-26 09:33:09,18.43,43700,18.45,D
sh601126,四方股份,2025-09-26 09:33:15,18.41,18100,18.41,E
sh601126,四方股份,2025-09-26 09:33:18,18.49,51100,18.41,U
sh601126,四方股份,2025-09-26 09:33:21,18.5,24100,18.49,U
sh601126,四方股份,2025-09-26 09:33:24,18.48,12200,18.5,D
sh601126,四方股份,2025-09-26 09:33:30,18.52,74600,18.48,U
sh601126,四方股份,2025-09-26 09:33:33,18.52,46800,18.52,D
sh601126,四方股份,2025-09-26 09:33:36,18.53,14400,18.52,D
sh601126,四方股份,2025-09-26 09:33:39,18.58,162600,18.53,U
sh601126,四方股份,2025-09-26 09:33:42,18.58,67800,18.58,D
sh601126,四方股份,2025-09-26 09:33:48,18.58,17981,18.61,D
sh601126,四方股份,2025-09-26 09:33:51,18.59,19500,18.58,E
sh601126,四方股份,2025-09-26 09:34:03,18.6,68900,18.6,U
sh601126,四方股份,2025-09-26 09:34:06,18.59,33600,18.6,D
sh601126,四方股份,2025-09-26 09:34:09,18.59,12700,18.59,U
sh601126,四方股份,2025-09-26 09:34:12,18.58,13819,18.59,D
sh601126,四方股份,2025-09-26 09:34:15,18.58,26800,18.58,U
sh601126,四方股份,2025-09-26 09:34:18,18.66,285581,18.58,U
sh601126,四方股份,2025-09-26 09:34:21,18.66,130700,18.66,D
sh601126,四方股份,2025-09-26 09:34:24,18.66,23500,18.66,U
sh601126,四方股份,2025-09-26 09:34:30,18.66,206800,18.65,U
sh601126,四方股份,2025-09-26 09:34:33,18.72,227100,18.66,U
sh601126,四方股份,2025-09-26 09:34:36,18.73,29200,18.72,E
sh601126,四方股份,2025-09-26 09:34:39,18.8,103600,18.73,U
sh601126,四方股份,2025-09-26 09:34:42,18.8,116700,18.8,U
sh601126,四方股份,2025-09-26 09:34:45,18.79,31129,18.8,E
sh601126,四方股份,2025-09-26 09:34:48,18.79,56200,18.79,U
sh601126,四方股份,2025-09-26 09:34:51,18.79,64700,18.79,U
sh601126,四方股份,2025-09-26 09:34:54,18.77,20100,18.79,D
sh601126,四方股份,2025-09-26 09:34:57,18.78,44100,18.77,U
sh601126,四方股份,2025-09-26 09:35:00,18.78,18600,18.78,U
sh601126,四方股份,2025-09-26 09:35:03,18.76,32600,18.78,E
sh601126,四方股份,2025-09-26 09:35:06,18.77,66800,18.76,U
sh601126,四方股份,2025-09-26 09:35:09,18.83,104500,18.77,U
sh601126,四方股份,2025-09-26 09:35:12,18.84,76500,18.83,U
sh601126,四方股份,2025-09-26 09:35:15,18.92,249200,18.84,U
sh601126,四方股份,2025-09-26 09:35:18,18.91,98600,18.92,E
sh601126,四方股份,2025-09-26 09:35:21,18.92,55700,18.91,D
sh601126,四方股份,2025-09-26 09:35:24,19.0,298100,18.92,U
sh601126,四方股份,2025-09-26 09:35:27,19.0,144800,19.0,D
sh601126,四方股份,2025-09-26 09:35:30,19.0,92100,19.0,D
sh601126,四方股份,2025-09-26 09:35:33,18.99,51100,19.0,D
sh601126,四方股份,2025-09-26 09:35:36,19.0,74900,18.99,U
sh601126,四方股份,2025-09-26 09:35:39,19.01,55900,19.0,E
sh601126,四方股份,2025-09-26 09:35:42,19.0,17800,19.01,D
sh601126,四方股份,2025-09-26 09:35:45,19.0,35500,19.0,U
sh601126,四方股份,2025-09-26 09:35:48,18.97,85200,19.0,D
sh601126,四方股份,2025-09-26 09:35:51,18.93,17300,18.97,D
sh601126,四方股份,2025-09-26 09:35:54,18.94,28200,18.93,U
sh601126,四方股份,2025-09-26 09:35:57,18.89,45100,18.94,D
sh601126,四方股份,2025-09-26 09:36:00,18.88,76000,18.89,D
sh601126,四方股份,2025-09-26 09:36:03,18.87,75900,18.88,D
sh601126,四方股份,2025-09-26 09:36:06,18.85,28800,18.87,D
sh601126,四方股份,2025-09-26 09:36:09,18.86,73100,18.85,E
sh601126,四方股份,2025-09-26 09:36:12,18.83,26400,18.86,D
sh601126,四方股份,2025-09-26 09:36:15,18.86,23200,18.83,U
sh601126,四方股份,2025-09-26 09:36:18,18.9,73500,18.86,U
sh601126,四方股份,2025-09-26 09:36:21,18.95,49900,18.9,U
sh601126,四方股份,2025-09-26 09:36:24,18.98,36600,18.95,U
sh601126,四方股份,2025-09-26 09:36:27,18.98,17300,18.98,U
sh601126,四方股份,2025-09-26 09:36:30,18.98,21300,18.98,U
sh601126,四方股份,2025-09-26 09:36:33,19.0,72700,18.98,U
sh601126,四方股份,2025-09-26 09:36:36,18.98,26800,19.0,D
sh601126,四方股份,2025-09-26 09:36:39,18.96,61000,18.98,E
sh601126,四方股份,2025-09-26 09:36:42,18.95,14700,18.96,E
sh601126,四方股份,2025-09-26 09:36:45,18.94,35000,18.95,D
sh601126,四方股份,2025-09-26 09:36:48,19.0,58300,18.94,U
sh601126,四方股份,2025-09-26 09:36:51,18.98,85100,19.0,E
sh601126,四方股份,2025-09-26 09:36:54,19.0,18900,18.98,U
sh601126,四方股份,2025-09-26 09:37:03,18.99,116000,18.98,U
sh601126,四方股份,2025-09-26 09:37:06,19.01,100400,18.99,U
sh601126,四方股份,2025-09-26 09:37:09,19.01,11800,19.01,U
sh601126,四方股份,2025-09-26 09:37:12,18.97,73100,19.01,D
sh601126,四方股份,2025-09-26 09:37:18,18.96,23200,18.97,E
sh601126,四方股份,2025-09-26 09:37:27,18.93,23400,18.95,D
sh601126,四方股份,2025-09-26 09:37:30,18.91,36000,18.93,D
sh601126,四方股份,2025-09-26 09:37:33,18.87,13200,18.91,D
sh601126,四方股份,2025-09-26 09:37:39,18.87,18800,18.88,D
sh601126,四方股份,2025-09-26 09:37:42,18.86,14800,18.87,D
sh601126,四方股份,2025-09-26 09:38:03,18.8,12500,18.8,D
sh601126,四方股份,2025-09-26 09:38:06,18.86,31500,18.8,U
sh601126,四方股份,2025-09-26 09:38:09,18.81,31400,18.86,D
sh601126,四方股份,2025-09-26 09:38:21,18.85,34000,18.85,D
sh601126,四方股份,2025-09-26 09:38:27,18.89,44500,18.88,U
sh601126,四方股份,2025-09-26 09:38:30,18.88,11900,18.89,D
sh601126,四方股份,2025-09-26 09:38:36,18.88,24200,18.91,D
sh601126,四方股份,2025-09-26 09:38:42,18.89,13100,18.89,U
sh601126,四方股份,2025-09-26 09:38:45,18.88,14400,18.89,D
sh601126,四方股份,2025-09-26 09:38:54,18.93,16300,18.9,U
sh601126,四方股份,2025-09-26 09:38:57,18.92,16600,18.93,E
sh601126,四方股份,2025-09-26 09:39:03,18.9,28300,18.91,D
sh601126,四方股份,2025-09-26 09:39:06,18.9,38000,18.9,D
sh601126,四方股份,2025-09-26 09:39:09,18.9,66300,18.9,U
sh601126,四方股份,2025-09-26 09:39:12,18.95,95600,18.9,U
sh601126,四方股份,2025-09-26 09:39:15,18.93,37200,18.95,E
sh601126,四方股份,2025-09-26 09:39:18,19.0,42700,18.93,U
sh601126,四方股份,2025-09-26 09:39:21,19.0,51400,19.0,U
sh601126,四方股份,2025-09-26 09:39:24,19.01,49900,19.0,U
sh601126,四方股份,2025-09-26 09:39:27,19.0,31200,19.01,D
sh601126,四方股份,2025-09-26 09:39:30,18.99,22000,19.0,D
sh601126,四方股份,2025-09-26 09:39:33,18.99,63300,18.99,U
sh601126,四方股份,2025-09-26 09:39:36,19.0,27200,18.99,U
sh601126,四方股份,2025-09-26 09:39:42,19.03,58300,19.0,U
sh601126,四方股份,2025-09-26 09:39:45,19.06,175500,19.03,U
sh601126,四方股份,2025-09-26 09:39:51,19.06,53100,19.06,U
sh601126,四方股份,2025-09-26 09:39:54,19.05,105300,19.06,E
sh601126,四方股份,2025-09-26 09:39:57,19.06,113300,19.05,U
sh601126,四方股份,2025-09-26 09:40:00,19.11,148700,19.06,U
sh601126,四方股份,2025-09-26 09:40:03,19.12,31100,19.11,U
sh601126,四方股份,2025-09-26 09:40:06,19.18,65500,19.12,U
sh601126,四方股份,2025-09-26 09:40:09,19.15,48600,19.18,D
sh601126,四方股份,2025-09-26 09:40:12,19.13,12500,19.15,D
sh601126,四方股份,2025-09-26 09:40:15,19.14,20900,19.13,U
sh601126,四方股份,2025-09-26 09:40:18,19.14,44300,19.14,U
sh601126,四方股份,2025-09-26 09:40:21,19.14,30100,19.14,D
sh601126,四方股份,2025-09-26 09:40:24,19.15,35800,19.14,U
sh601126,四方股份,2025-09-26 09:40:27,19.15,52300,19.15,D
sh601126,四方股份,2025-09-26 09:40:30,19.15,68000,19.15,U
sh601126,四方股份,2025-09-26 09:40:36,19.14,23800,19.14,U
sh601126,四方股份,2025-09-26 09:40:39,19.18,127200,19.14,U
sh601126,四方股份,2025-09-26 09:40:42,19.15,70300,19.18,D
sh601126,四方股份,2025-09-26 09:40:45,19.18,12400,19.15,U
sh601126,四方股份,2025-09-26 09:40:48,19.15,16000,19.18,D
sh601126,四方股份,2025-09-26 09:40:57,19.18,59000,19.17,U
sh601126,四方股份,2025-09-26 09:41:03,19.17,84800,19.17,D
sh601126,四方股份,2025-09-26 09:41:06,19.14,19600,19.17,D
sh601126,四方股份,2025-09-26 09:41:09,19.14,21900,19.14,U
sh601126,四方股份,2025-09-26 09:41:18,19.11,48400,19.09,U
sh601126,四方股份,2025-09-26 09:41:27,19.08,13700,19.09,D
sh601126,四方股份,2025-09-26 09:41:30,19.13,100200,19.08,U
sh601126,四方股份,2025-09-26 09:41:33,19.13,23200,19.13,E
sh601126,四方股份,2025-09-26 09:41:36,19.12,98200,19.13,U
sh601126,四方股份,2025-09-26 09:41:51,19.1,31900,19.1,E
sh601126,四方股份,2025-09-26 09:41:54,19.1,16100,19.1,U
sh601126,四方股份,2025-09-26 09:42:03,19.1,20600,19.1,D
sh601126,四方股份,2025-09-26 09:42:06,19.11,12900,19.1,E
sh601126,四方股份,2025-09-26 09:42:09,19.08,31500,19.11,D
sh601126,四方股份,2025-09-26 09:42:12,19.08,89900,19.08,U
sh601126,四方股份,2025-09-26 09:42:15,19.11,20000,19.08,U
sh601126,四方股份,2025-09-26 09:42:24,19.09,47300,19.11,D
sh601126,四方股份,2025-09-26 09:42:27,19.08,24100,19.09,D
sh601126,四方股份,2025-09-26 09:42:30,19.13,84100,19.08,U
sh601126,四方股份,2025-09-26 09:42:33,19.14,194500,19.13,U
sh601126,四方股份,2025-09-26 09:42:36,19.14,21100,19.14,D
sh601126,四方股份,2025-09-26 09:42:39,19.2,120100,19.14,U
sh601126,四方股份,2025-09-26 09:42:42,19.19,65900,19.2,E
sh601126,四方股份,2025-09-26 09:42:48,19.24,58100,19.2,U
sh601126,四方股份,2025-09-26 09:42:51,19.21,28456,19.24,D
sh601126,四方股份,2025-09-26 09:42:54,19.24,36600,19.21,U
sh601126,四方股份,2025-09-26 09:42:57,19.21,32400,19.24,D
sh601126,四方股份,2025-09-26 09:43:00,19.24,75700,19.21,E
sh601126,四方股份,2025-09-26 09:43:03,19.24,42800,19.24,U
sh601126,四方股份,2025-09-26 09:43:06,19.2,17400,19.24,E
sh601126,四方股份,2025-09-26 09:43:09,19.22,62000,19.2,U
sh601126,四方股份,2025-09-26 09:43:12,19.21,10600,19.22,E
sh601126,四方股份,2025-09-26 09:43:15,19.22,24900,19.21,U
sh601126,四方股份,2025-09-26 09:43:21,19.23,13900,19.23,U
sh601126,四方股份,2025-09-26 09:43:24,19.24,29200,19.23,U
sh601126,四方股份,2025-09-26 09:43:27,19.23,32500,19.24,D
sh601126,四方股份,2025-09-26 09:43:36,19.24,72800,19.25,D
sh601126,四方股份,2025-09-26 09:43:39,19.23,22800,19.24,E
sh601126,四方股份,2025-09-26 09:43:42,19.22,22200,19.23,D
sh601126,四方股份,2025-09-26 09:43:45,19.22,16100,19.22,D
sh601126,四方股份,2025-09-26 09:43:51,19.25,81200,19.22,U
sh601126,四方股份,2025-09-26 09:43:54,19.26,50771,19.25,U
sh601126,四方股份,2025-09-26 09:43:57,19.25,13500,19.26,D
sh601126,四方股份,2025-09-26 09:44:00,19.22,35500,19.25,D
sh601126,四方股份,2025-09-26 09:44:03,19.24,32600,19.22,E
sh601126,四方股份,2025-09-26 09:44:12,19.23,10600,19.23,D
sh601126,四方股份,2025-09-26 09:44:15,19.23,36900,19.23,U
sh601126,四方股份,2025-09-26 09:44:21,19.18,46000,19.23,D
sh601126,四方股份,2025-09-26 09:44:30,19.19,20300,19.16,U
sh601126,四方股份,2025-09-26 09:44:33,19.16,33000,19.19,E
sh601126,四方股份,2025-09-26 09:44:36,19.2,15800,19.16,U
sh601126,四方股份,2025-09-26 09:44:42,19.22,32700,19.21,U
sh601126,四方股份,2025-09-26 09:44:45,19.23,60000,19.22,U
sh601126,四方股份,2025-09-26 09:44:48,19.23,14400,19.23,U
sh601126,四方股份,2025-09-26 09:44:54,19.23,14800,19.22,U
sh601126,四方股份,2025-09-26 09:44:57,19.21,61000,19.23,D
sh601126,四方股份,2025-09-26 09:45:00,19.24,48400,19.21,U
sh601126,四方股份,2025-09-26 09:45:03,19.23,27300,19.24,E
sh601126,四方股份,2025-09-26 09:45:06,19.19,36300,19.23,D
sh601126,四方股份,2025-09-26 09:45:15,19.15,17600,19.18,D
sh601126,四方股份,2025-09-26 09:45:18,19.15,15700,19.15,D
sh601126,四方股份,2025-09-26 09:45:21,19.18,185300,19.15,U
sh601126,四方股份,2025-09-26 09:45:24,19.19,18000,19.18,U
sh601126,四方股份,2025-09-26 09:45:30,19.25,235300,19.21,U
sh601126,四方股份,2025-09-26 09:45:33,19.26,62000,19.25,U
sh601126,四方股份,2025-09-26 09:45:36,19.27,47400,19.26,U
sh601126,四方股份,2025-09-26 09:45:39,19.28,193800,19.27,U
sh601126,四方股份,2025-09-26 09:45:42,19.29,15400,19.28,U
sh601126,四方股份,2025-09-26 09:45:45,19.28,56000,19.29,D
sh601126,四方股份,2025-09-26 09:45:48,19.27,64300,19.28,D
sh601126,四方股份,2025-09-26 09:45:51,19.28,11100,19.27,E
sh601126,四方股份,2025-09-26 09:45:54,19.29,52700,19.28,U
sh601126,四方股份,2025-09-26 09:46:00,19.3,20000,19.3,U
sh601126,四方股份,2025-09-26 09:46:06,19.32,115400,19.3,U
sh601126,四方股份,2025-09-26 09:46:09,19.36,53300,19.32,U
sh601126,四方股份,2025-09-26 09:46:12,19.37,74800,19.36,U
sh601126,四方股份,2025-09-26 09:46:15,19.42,150800,19.37,U
sh601126,四方股份,2025-09-26 09:46:18,19.39,110200,19.42,D
sh601126,四方股份,2025-09-26 09:46:21,19.43,233000,19.39,U
sh601126,四方股份,2025-09-26 09:46:24,19.42,108400,19.43,D
sh601126,四方股份,2025-09-26 09:46:27,19.39,23000,19.42,D
sh601126,四方股份,2025-09-26 09:46:30,19.39,107700,19.39,U
sh601126,四方股份,2025-09-26 09:46:33,19.43,20100,19.39,U
sh601126,四方股份,2025-09-26 09:46:36,19.39,18000,19.43,E
sh601126,四方股份,2025-09-26 09:46:42,19.39,26500,19.39,E
sh601126,四方股份,2025-09-26 09:46:48,19.41,36200,19.38,U
sh601126,四方股份,2025-09-26 09:46:54,19.41,28200,19.41,D
sh601126,四方股份,2025-09-26 09:47:00,19.4,53400,19.4,D
sh601126,四方股份,2025-09-26 09:47:03,19.41,33600,19.4,U
sh601126,四方股份,2025-09-26 09:47:06,19.44,97700,19.41,U
sh601126,四方股份,2025-09-26 09:47:09,19.42,44088,19.44,D
sh601126,四方股份,2025-09-26 09:47:12,19.43,15500,19.42,U
sh601126,四方股份,2025-09-26 09:47:15,19.42,27200,19.43,D
sh601126,四方股份,2025-09-26 09:47:18,19.42,11700,19.42,D
sh601126,四方股份,2025-09-26 09:47:21,19.42,13300,19.42,D
sh601126,四方股份,2025-09-26 09:47:30,19.44,22600,19.42,U
sh601126,四方股份,2025-09-26 09:47:36,19.42,17800,19.42,U
sh601126,四方股份,2025-09-26 09:47:42,19.39,20400,19.41,D
sh601126,四方股份,2025-09-26 09:47:54,19.31,12800,19.31,D
sh601126,四方股份,2025-09-26 09:47:57,19.3,14000,19.31,D
sh601126,四方股份,2025-09-26 09:48:00,19.31,14500,19.3,D
sh601126,四方股份,2025-09-26 09:48:06,19.3,14200,19.3,D
sh601126,四方股份,2025-09-26 09:48:09,19.29,19100,19.3,D
sh601126,四方股份,2025-09-26 09:48:15,19.29,17700,19.26,U
sh601126,四方股份,2025-09-26 09:48:24,19.24,18700,19.23,U
sh601126,四方股份,2025-09-26 09:48:27,19.27,17300,19.24,U
sh601126,四方股份,2025-09-26 09:48:30,19.27,13300,19.27,D
sh601126,四方股份,2025-09-26 09:48:33,19.25,17700,19.27,D
sh601126,四方股份,2025-09-26 09:48:39,19.24,46700,19.26,D
sh601126,四方股份,2025-09-26 09:48:48,19.2,27100,19.22,D
sh601126,四方股份,2025-09-26 09:48:57,19.19,21600,19.2,D
sh601126,四方股份,2025-09-26 09:49:06,19.15,17300,19.17,D
sh601126,四方股份,2025-09-26 09:49:15,19.17,13900,19.17,U
sh601126,四方股份,2025-09-26 09:49:18,19.13,14200,19.17,D
sh601126,四方股份,2025-09-26 09:49:21,19.13,24300,19.13,D
sh601126,四方股份,2025-09-26 09:49:33,19.13,16000,19.15,D
sh601126,四方股份,2025-09-26 09:49:42,19.14,12600,19.16,E
sh601126,四方股份,2025-09-26 09:49:45,19.11,13900,19.14,D
sh601126,四方股份,2025-09-26 09:50:00,19.11,13400,19.11,U
sh601126,四方股份,2025-09-26 09:50:03,19.1,42700,19.11,D
sh601126,四方股份,2025-09-26 09:50:15,19.09,20700,19.09,D
sh601126,四方股份,2025-09-26 09:50:18,19.14,92100,19.09,U
sh601126,四方股份,2025-09-26 09:50:21,19.14,30600,19.14,U
sh601126,四方股份,2025-09-26 09:50:30,19.14,25000,19.14,U
sh601126,四方股份,2025-09-26 09:50:42,19.14,70900,19.14,D
sh601126,四方股份,2025-09-26 09:50:45,19.17,40500,19.14,U
sh601126,四方股份,2025-09-26 09:50:48,19.14,21200,19.17,D
sh601126,四方股份,2025-09-26 09:50:51,19.14,13100,19.14,U
sh601126,四方股份,2025-09-26 09:50:54,19.13,32900,19.14,D
sh601126,四方股份,2025-09-26 09:50:57,19.15,10500,19.13,U
sh601126,四方股份,2025-09-26 09:51:09,19.12,11300,19.13,D
sh601126,四方股份,2025-09-26 09:51:21,19.1,22000,19.1,D
sh601126,四方股份,2025-09-26 09:51:24,19.09,19900,19.1,D
sh601126,四方股份,2025-09-26 09:51:42,19.06,14500,19.07,D
sh601126,四方股份,2025-09-26 09:51:45,19.07,14900,19.06,U
sh601126,四方股份,2025-09-26 09:51:48,19.07,11500,19.07,U
sh601126,四方股份,2025-09-26 09:51:54,19.1,104700,19.07,U
sh601126,四方股份,2025-09-26 09:51:57,19.08,15900,19.1,D
sh601126,四方股份,2025-09-26 09:52:03,19.08,45000,19.1,E
sh601126,四方股份,2025-09-26 09:52:21,19.05,21900,19.07,D
sh601126,四方股份,2025-09-26 09:52:33,19.04,13800,19.04,D
sh601126,四方股份,2025-09-26 09:52:36,19.07,52700,19.04,U
sh601126,四方股份,2025-09-26 09:52:42,19.07,24400,19.09,D
sh601126,四方股份,2025-09-26 09:52:45,19.09,21600,19.07,U
sh601126,四方股份,2025-09-26 09:52:51,19.07,29300,19.1,D
sh601126,四方股份,2025-09-26 09:52:54,19.09,22400,19.07,U
sh601126,四方股份,2025-09-26 09:52:57,19.09,14000,19.09,U
sh601126,四方股份,2025-09-26 09:53:00,19.09,16100,19.09,U
sh601126,四方股份,2025-09-26 09:53:33,19.01,13000,19.02,D
sh601126,四方股份,2025-09-26 09:53:36,19.0,23600,19.01,D
sh601126,四方股份,2025-09-26 09:53:39,19.02,30800,19.0,U
sh601126,四方股份,2025-09-26 09:53:42,19.01,50657,19.02,D
sh601126,四方股份,2025-09-26 09:53:45,19.03,101900,19.01,E
sh601126,四方股份,2025-09-26 09:53:48,19.01,13200,19.03,D
sh601126,四方股份,2025-09-26 09:54:00,19.03,141200,19.01,U
sh601126,四方股份,2025-09-26 09:54:12,19.06,97900,19.03,U
sh601126,四方股份,2025-09-26 09:54:15,19.09,136800,19.06,U
sh601126,四方股份,2025-09-26 09:54:18,19.09,62100,19.09,U
sh601126,四方股份,2025-09-26 09:54:27,19.09,34300,19.1,D
sh601126,四方股份,2025-09-26 09:54:30,19.08,10700,19.09,D
sh601126,四方股份,2025-09-26 09:54:39,19.09,30200,19.08,U
sh601126,四方股份,2025-09-26 09:54:48,19.09,45300,19.09,D
sh601126,四方股份,2025-09-26 09:54:54,19.09,12000,19.08,U
sh601126,四方股份,2025-09-26 09:54:57,19.09,11700,19.09,U
sh601126,四方股份,2025-09-26 09:55:03,19.06,14900,19.08,D
sh601126,四方股份,2025-09-26 09:55:30,19.06,33600,19.05,U
sh601126,四方股份,2025-09-26 09:55:33,19.09,35800,19.06,U
sh601126,四方股份,2025-09-26 09:55:36,19.11,32800,19.09,U
sh601126,四方股份,2025-09-26 09:55:39,19.11,67800,19.11,U
sh601126,四方股份,2025-09-26 09:55:42,19.06,64600,19.11,D
sh601126,四方股份,2025-09-26 09:55:45,19.06,18700,19.06,D
sh601126,四方股份,2025-09-26 09:55:57,19.06,13800,19.06,U
sh601126,四方股份,2025-09-26 09:56:00,19.06,11800,19.06,U
sh601126,四方股份,2025-09-26 09:56:03,19.06,39400,19.06,U
sh601126,四方股份,2025-09-26 09:56:21,19.04,39878,19.03,U
sh601126,四方股份,2025-09-26 09:56:24,19.02,11022,19.04,D
sh601126,四方股份,2025-09-26 09:56:39,19.0,63200,19.02,D
sh601126,四方股份,2025-09-26 09:56:45,19.01,24300,19.02,D
sh601126,四方股份,2025-09-26 09:56:51,19.0,21100,19.0,U
sh601126,四方股份,2025-09-26 09:57:09,19.0,11500,19.0,D
sh601126,四方股份,2025-09-26 09:57:15,18.99,16000,19.0,D
sh601126,四方股份,2025-09-26 09:57:18,19.0,28200,18.99,U
sh601126,四方股份,2025-09-26 09:57:24,19.0,19700,19.0,D
sh601126,四方股份,2025-09-26 09:57:27,18.99,22400,19.0,D
sh601126,四方股份,2025-09-26 09:57:33,18.99,18700,18.99,D
sh601126,四方股份,2025-09-26 09:57:36,18.98,21700,18.99,D
sh601126,四方股份,2025-09-26 09:57:39,19.0,131700,18.98,U
sh601126,四方股份,2025-09-26 09:57:45,19.0,71300,19.03,D
sh601126,四方股份,2025-09-26 09:57:48,19.03,35800,19.0,E
sh601126,四方股份,2025-09-26 09:57:54,19.0,87400,19.0,D
sh601126,四方股份,2025-09-26 09:57:57,19.03,27500,19.0,U
sh601126,四方股份,2025-09-26 09:58:03,19.02,11300,19.03,D
sh601126,四方股份,2025-09-26 09:58:15,19.03,30200,19.01,U
sh601126,四方股份,2025-09-26 09:58:21,19.05,14300,19.05,U
sh601126,四方股份,2025-09-26 09:58:39,19.1,80600,19.08,U
sh601126,四方股份,2025-09-26 09:58:42,19.08,28800,19.1,E
sh601126,四方股份,2025-09-26 09:58:45,19.11,27600,19.08,U
sh601126,四方股份,2025-09-26 09:58:48,19.12,14200,19.11,U
sh601126,四方股份,2025-09-26 09:58:51,19.13,18000,19.12,U
sh601126,四方股份,2025-09-26 09:58:57,19.14,41500,19.14,U
sh601126,四方股份,2025-09-26 09:59:00,19.16,26800,19.14,U
sh601126,四方股份,2025-09-26 09:59:03,19.17,14200,19.16,U
sh601126,四方股份,2025-09-26 09:59:12,19.19,13400,19.17,U
sh601126,四方股份,2025-09-26 09:59:24,19.2,41900,19.18,U
sh601126,四方股份,2025-09-26 09:59:27,19.21,111300,19.2,U
sh601126,四方股份,2025-09-26 09:59:30,19.19,29300,19.21,D
sh601126,四方股份,2025-09-26 09:59:33,19.2,12500,19.19,U
sh601126,四方股份,2025-09-26 09:59:36,19.19,27300,19.2,D
sh601126,四方股份,2025-09-26 09:59:42,19.22,68000,19.21,U
sh601126,四方股份,2025-09-26 09:59:45,19.23,29400,19.22,U
sh601126,四方股份,2025-09-26 09:59:54,19.22,20500,19.23,E
sh601126,四方股份,2025-09-26 09:59:57,19.2,14900,19.22,D
sh601126,四方股份,2025-09-26 10:00:00,19.21,27400,19.2,U
sh601126,四方股份,2025-09-26 10:00:03,19.2,13200,19.21,D
sh601126,四方股份,2025-09-26 10:00:12,19.17,30100,19.2,D
sh601126,四方股份,2025-09-26 10:00:18,19.19,14600,19.19,U
sh601126,四方股份,2025-09-26 10:00:21,19.21,17300,19.19,U
sh601126,四方股份,2025-09-26 10:00:24,19.24,60000,19.21,U
sh601126,四方股份,2025-09-26 10:00:27,19.25,47500,19.24,U
sh601126,四方股份,2025-09-26 10:00:30,19.26,14800,19.25,U
sh601126,四方股份,2025-09-26 10:00:33,19.25,14500,19.26,D
sh601126,四方股份,2025-09-26 10:00:36,19.23,43500,19.25,D
sh601126,四方股份,2025-09-26 10:00:39,19.22,11200,19.23,D
sh601126,四方股份,2025-09-26 10:00:42,19.22,20100,19.22,D
sh601126,四方股份,2025-09-26 10:00:51,19.2,22400,19.22,D
sh601126,四方股份,2025-09-26 10:00:57,19.2,53600,19.2,D
sh601126,四方股份,2025-09-26 10:01:00,19.22,16200,19.2,U
sh601126,四方股份,2025-09-26 10:01:03,19.21,11900,19.22,D
sh601126,四方股份,2025-09-26 10:01:06,19.22,50800,19.21,E
sh601126,四方股份,2025-09-26 10:01:09,19.21,55100,19.22,E
sh601126,四方股份,2025-09-26 10:01:12,19.23,10900,19.21,U
sh601126,四方股份,2025-09-26 10:01:15,19.23,19700,19.23,D
sh601126,四方股份,2025-09-26 10:01:18,19.28,60400,19.23,U
sh601126,四方股份,2025-09-26 10:01:21,19.28,111800,19.28,U
sh601126,四方股份,2025-09-26 10:01:24,19.29,17300,19.28,U
sh601126,四方股份,2025-09-26 10:01:27,19.25,83000,19.29,D
sh601126,四方股份,2025-09-26 10:01:39,19.25,12800,19.26,D
sh601126,四方股份,2025-09-26 10:01:42,19.26,24600,19.25,U
sh601126,四方股份,2025-09-26 10:01:45,19.25,12300,19.26,E
sh601126,四方股份,2025-09-26 10:01:48,19.24,47800,19.25,E
sh601126,四方股份,2025-09-26 10:01:51,19.22,37400,19.24,D
sh601126,四方股份,2025-09-26 10:01:57,19.24,24800,19.27,E
sh601126,四方股份,2025-09-26 10:02:03,19.23,14300,19.23,E
sh601126,四方股份,2025-09-26 10:02:06,19.25,16100,19.23,U
sh601126,四方股份,2025-09-26 10:02:09,19.24,57800,19.25,D
sh601126,四方股份,2025-09-26 10:02:12,19.27,12000,19.24,U
sh601126,四方股份,2025-09-26 10:02:18,19.29,45400,19.27,U
sh601126,四方股份,2025-09-26 10:02:21,19.28,63600,19.29,D
sh601126,四方股份,2025-09-26 10:02:27,19.3,25800,19.28,U
sh601126,四方股份,2025-09-26 10:02:33,19.34,60700,19.32,U
sh601126,四方股份,2025-09-26 10:02:36,19.3,72400,19.34,D
sh601126,四方股份,2025-09-26 10:02:39,19.33,12700,19.3,U
sh601126,四方股份,2025-09-26 10:02:42,19.33,50700,19.33,U
sh601126,四方股份,2025-09-26 10:02:48,19.24,58400,19.3,D
sh601126,四方股份,2025-09-26 10:02:51,19.29,17500,19.24,U
sh601126,四方股份,2025-09-26 10:02:54,19.29,15800,19.29,U
sh601126,四方股份,2025-09-26 10:03:03,19.23,13400,19.26,D
sh601126,四方股份,2025-09-26 10:03:54,19.13,11200,19.15,D
sh601126,四方股份,2025-09-26 10:04:06,19.2,20200,19.19,U
sh601126,四方股份,2025-09-26 10:04:09,19.21,14700,19.2,U
sh601126,四方股份,2025-09-26 10:04:42,19.23,21500,19.2,U
sh601126,四方股份,2025-09-26 10:05:03,19.22,13100,19.25,D
sh601126,四方股份,2025-09-26 10:05:24,19.21,23300,19.24,D
sh601126,四方股份,2025-09-26 10:05:33,19.23,23200,19.24,U
sh601126,四方股份,2025-09-26 10:05:36,19.25,47200,19.23,U
sh601126,四方股份,2025-09-26 10:05:39,19.27,11300,19.25,U
sh601126,四方股份,2025-09-26 10:05:42,19.27,20800,19.27,D
sh601126,四方股份,2025-09-26 10:05:45,19.26,37900,19.27,D
sh601126,四方股份,2025-09-26 10:05:48,19.25,29600,19.26,D
sh601126,四方股份,2025-09-26 10:06:27,19.23,29000,19.22,U
sh601126,四方股份,2025-09-26 10:06:30,19.25,40900,19.23,U
sh601126,四方股份,2025-09-26 10:06:33,19.25,13400,19.25,U
sh601126,四方股份,2025-09-26 10:06:54,19.25,12600,19.25,U
sh601126,四方股份,2025-09-26 10:07:09,19.31,127500,19.27,U
sh601126,四方股份,2025-09-26 10:07:12,19.32,22300,19.31,U
sh601126,四方股份,2025-09-26 10:07:15,19.33,34300,19.32,U
sh601126,四方股份,2025-09-26 10:07:18,19.32,10700,19.33,D
sh601126,四方股份,2025-09-26 10:07:45,19.29,20800,19.33,D
sh601126,四方股份,2025-09-26 10:07:54,19.31,316500,19.31,U
sh601126,四方股份,2025-09-26 10:07:57,19.35,73400,19.31,U
sh601126,四方股份,2025-09-26 10:08:00,19.32,14400,19.35,D
sh601126,四方股份,2025-09-26 10:08:03,19.34,45300,19.32,U
sh601126,四方股份,2025-09-26 10:08:06,19.36,33700,19.34,U
sh601126,四方股份,2025-09-26 10:08:09,19.35,11900,19.36,D
sh601126,四方股份,2025-09-26 10:08:12,19.37,11300,19.35,U
sh601126,四方股份,2025-09-26 10:08:30,19.37,29100,19.35,U
sh601126,四方股份,2025-09-26 10:08:42,19.37,17200,19.37,U
sh601126,四方股份,2025-09-26 10:08:45,19.39,67100,19.37,U
sh601126,四方股份,2025-09-26 10:08:48,19.37,32200,19.39,D
sh601126,四方股份,2025-09-26 10:08:51,19.4,24700,19.37,U
sh601126,四方股份,2025-09-26 10:08:54,19.4,63900,19.4,U
sh601126,四方股份,2025-09-26 10:08:57,19.39,42100,19.4,D
sh601126,四方股份,2025-09-26 10:09:00,19.38,15300,19.39,D
sh601126,四方股份,2025-09-26 10:09:06,19.35,82500,19.39,D
sh601126,四方股份,2025-09-26 10:09:09,19.35,19000,19.35,U
sh601126,四方股份,2025-09-26 10:09:36,19.3,18200,19.32,D
sh601126,四方股份,2025-09-26 10:09:42,19.29,11300,19.3,D
sh601126,四方股份,2025-09-26 10:09:48,19.33,13400,19.33,U
sh601126,四方股份,2025-09-26 10:09:51,19.33,62200,19.33,D
sh601126,四方股份,2025-09-26 10:09:54,19.34,10900,19.33,U
sh601126,四方股份,2025-09-26 10:09:57,19.36,25400,19.34,U
sh601126,四方股份,2025-09-26 10:10:00,19.35,12700,19.36,E
sh601126,四方股份,2025-09-26 10:10:03,19.35,17400,19.35,U
sh601126,四方股份,2025-09-26 10:10:06,19.34,21600,19.35,D
sh601126,四方股份,2025-09-26 10:10:09,19.35,13400,19.34,U
sh601126,四方股份,2025-09-26 10:10:12,19.36,104300,19.35,U
sh601126,四方股份,2025-09-26 10:10:15,19.4,34400,19.36,U
sh601126,四方股份,2025-09-26 10:10:18,19.4,55800,19.4,U
sh601126,四方股份,2025-09-26 10:10:21,19.4,45700,19.4,U
sh601126,四方股份,2025-09-26 10:10:24,19.39,36100,19.4,D
sh601126,四方股份,2025-09-26 10:10:27,19.4,171100,19.39,U
sh601126,四方股份,2025-09-26 10:10:30,19.38,89100,19.4,D
sh601126,四方股份,2025-09-26 10:10:33,19.39,11400,19.38,U
sh601126,四方股份,2025-09-26 10:10:39,19.39,27600,19.39,U
sh601126,四方股份,2025-09-26 10:10:42,19.39,22200,19.39,D
sh601126,四方股份,2025-09-26 10:10:45,19.38,51500,19.39,E
sh601126,四方股份,2025-09-26 10:10:48,19.4,19300,19.38,U
sh601126,四方股份,2025-09-26 10:10:51,19.4,13900,19.4,D
sh601126,四方股份,2025-09-26 10:10:54,19.4,19800,19.4,U
sh601126,四方股份,2025-09-26 10:10:57,19.4,13900,19.4,U
sh601126,四方股份,2025-09-26 10:11:00,19.4,14000,19.4,U
sh601126,四方股份,2025-09-26 10:11:03,19.42,51900,19.4,U
sh601126,四方股份,2025-09-26 10:11:06,19.43,35400,19.42,U
sh601126,四方股份,2025-09-26 10:11:12,19.44,58200,19.42,U
sh601126,四方股份,2025-09-26 10:11:15,19.44,17000,19.44,U
sh601126,四方股份,2025-09-26 10:11:18,19.44,11800,19.44,U
sh601126,四方股份,2025-09-26 10:11:21,19.44,22100,19.44,U
sh601126,四方股份,2025-09-26 10:11:24,19.44,10900,19.44,U
sh601126,四方股份,2025-09-26 10:11:27,19.43,44700,19.44,D
sh601126,四方股份,2025-09-26 10:11:33,19.44,16800,19.44,U
sh601126,四方股份,2025-09-26 10:11:36,19.44,30600,19.44,U
sh601126,四方股份,2025-09-26 10:11:39,19.44,14000,19.44,U
sh601126,四方股份,2025-09-26 10:11:45,19.39,33000,19.42,D
sh601126,四方股份,2025-09-26 10:11:48,19.38,19900,19.39,D
sh601126,四方股份,2025-09-26 10:11:54,19.39,10400,19.39,U
sh601126,四方股份,2025-09-26 10:12:00,19.38,14300,19.38,U
sh601126,四方股份,2025-09-26 10:12:27,19.38,11400,19.38,D
sh601126,四方股份,2025-09-26 10:12:30,19.38,12300,19.38,U
sh601126,四方股份,2025-09-26 10:13:09,19.3,10400,19.32,D
sh601126,四方股份,2025-09-26 10:13:18,19.32,13000,19.32,U
sh601126,四方股份,2025-09-26 10:13:42,19.3,12900,19.3,D
sh601126,四方股份,2025-09-26 10:14:03,19.28,11400,19.27,U
sh601126,四方股份,2025-09-26 10:14:24,19.28,41200,19.27,U
sh601126,四方股份,2025-09-26 10:14:27,19.28,16000,19.28,D
sh601126,四方股份,2025-09-26 10:14:36,19.27,12400,19.28,D
sh601126,四方股份,2025-09-26 10:15:06,19.28,24900,19.26,U
sh601126,四方股份,2025-09-26 10:15:12,19.29,14700,19.28,D
sh601126,四方股份,2025-09-26 10:15:18,19.32,38800,19.3,U
sh601126,四方股份,2025-09-26 10:15:21,19.36,21600,19.32,U
sh601126,四方股份,2025-09-26 10:15:30,19.39,12000,19.38,U
sh601126,四方股份,2025-09-26 10:15:51,19.38,26900,19.38,U
sh601126,四方股份,2025-09-26 10:15:54,19.4,24500,19.38,U
sh601126,四方股份,2025-09-26 10:15:57,19.42,34300,19.4,U
sh601126,四方股份,2025-09-26 10:16:00,19.45,78300,19.42,U
sh601126,四方股份,2025-09-26 10:16:03,19.46,116100,19.45,U
sh601126,四方股份,2025-09-26 10:16:06,19.47,19000,19.46,U
sh601126,四方股份,2025-09-26 10:16:09,19.46,63000,19.47,D
sh601126,四方股份,2025-09-26 10:16:12,19.43,42100,19.46,D
sh601126,四方股份,2025-09-26 10:16:15,19.43,14600,19.43,U
sh601126,四方股份,2025-09-26 10:16:18,19.41,19900,19.43,D
sh601126,四方股份,2025-09-26 10:16:27,19.39,16800,19.39,D
sh601126,四方股份,2025-09-26 10:16:30,19.4,18700,19.39,U
sh601126,四方股份,2025-09-26 10:16:33,19.4,23600,19.4,U
sh601126,四方股份,2025-09-26 10:16:36,19.41,13200,19.4,E
sh601126,四方股份,2025-09-26 10:16:45,19.44,12300,19.42,U
sh601126,四方股份,2025-09-26 10:16:48,19.44,15000,19.44,U
sh601126,四方股份,2025-09-26 10:17:03,19.45,15500,19.43,U
sh601126,四方股份,2025-09-26 10:17:06,19.43,16500,19.45,D
sh601126,四方股份,2025-09-26 10:17:12,19.47,59800,19.44,U
sh601126,四方股份,2025-09-26 10:17:15,19.49,107300,19.47,U
sh601126,四方股份,2025-09-26 10:17:18,19.49,32200,19.49,U
sh601126,四方股份,2025-09-26 10:17:21,19.45,37100,19.49,D
sh601126,四方股份,2025-09-26 10:17:24,19.46,40500,19.45,U
sh601126,四方股份,2025-09-26 10:17:27,19.41,146200,19.46,D
sh601126,四方股份,2025-09-26 10:17:30,19.38,10600,19.41,D
sh601126,四方股份,2025-09-26 10:17:36,19.41,32000,19.41,U
sh601126,四方股份,2025-09-26 10:17:39,19.39,12100,19.41,D
sh601126,四方股份,2025-09-26 10:19:24,19.37,15500,19.36,U
sh601126,四方股份,2025-09-26 10:19:48,19.39,18900,19.38,U
sh601126,四方股份,2025-09-26 10:19:51,19.38,12500,19.39,U
sh601126,四方股份,2025-09-26 10:20:03,19.4,21151,19.39,U
sh601126,四方股份,2025-09-26 10:20:06,19.4,31600,19.4,U
sh601126,四方股份,2025-09-26 10:20:24,19.43,23100,19.43,U
sh601126,四方股份,2025-09-26 10:20:30,19.46,20500,19.45,U
sh601126,四方股份,2025-09-26 10:20:33,19.45,14100,19.46,E
sh601126,四方股份,2025-09-26 10:20:39,19.43,41800,19.46,D
sh601126,四方股份,2025-09-26 10:20:42,19.44,13900,19.43,U
sh601126,四方股份,2025-09-26 10:20:48,19.45,20800,19.45,U
sh601126,四方股份,2025-09-26 10:20:54,19.45,16200,19.45,D
sh601126,四方股份,2025-09-26 10:21:00,19.44,25500,19.45,D
sh601126,四方股份,2025-09-26 10:21:03,19.43,20500,19.44,D
sh601126,四方股份,2025-09-26 10:21:06,19.4,20900,19.43,D
sh601126,四方股份,2025-09-26 10:21:21,19.39,11600,19.39,U
sh601126,四方股份,2025-09-26 10:22:12,19.43,60100,19.37,U
sh601126,四方股份,2025-09-26 10:22:15,19.44,47700,19.43,U
sh601126,四方股份,2025-09-26 10:22:18,19.47,52500,19.44,U
sh601126,四方股份,2025-09-26 10:22:21,19.45,42100,19.47,D
sh601126,四方股份,2025-09-26 10:22:24,19.47,32400,19.45,E
sh601126,四方股份,2025-09-26 10:22:27,19.46,26600,19.47,E
sh601126,四方股份,2025-09-26 10:22:30,19.46,47900,19.46,U
sh601126,四方股份,2025-09-26 10:22:33,19.47,19100,19.46,U
sh601126,四方股份,2025-09-26 10:22:36,19.43,16800,19.47,D
sh601126,四方股份,2025-09-26 10:22:42,19.44,14400,19.43,U
sh601126,四方股份,2025-09-26 10:22:45,19.43,14500,19.44,D
sh601126,四方股份,2025-09-26 10:22:51,19.41,12600,19.43,D
sh601126,四方股份,2025-09-26 10:22:54,19.42,10300,19.41,D
sh601126,四方股份,2025-09-26 10:22:57,19.45,31600,19.42,U
sh601126,四方股份,2025-09-26 10:23:06,19.41,16200,19.43,D
sh601126,四方股份,2025-09-26 10:23:09,19.38,15000,19.41,D
sh601126,四方股份,2025-09-26 10:23:30,19.33,12900,19.33,U
sh601126,四方股份,2025-09-26 10:23:36,19.35,11600,19.34,U
sh601126,四方股份,2025-09-26 10:24:09,19.31,11200,19.31,D
sh601126,四方股份,2025-09-26 10:24:12,19.31,17600,19.31,U
sh601126,四方股份,2025-09-26 10:24:21,19.32,21500,19.3,U
sh601126,四方股份,2025-09-26 10:24:30,19.32,20200,19.32,D
sh601126,四方股份,2025-09-26 10:24:36,19.33,10800,19.33,D
sh601126,四方股份,2025-09-26 10:25:21,19.35,44200,19.34,U
sh601126,四方股份,2025-09-26 10:25:24,19.39,10400,19.35,U
sh601126,四方股份,2025-09-26 10:25:30,19.4,10500,19.4,U
sh601126,四方股份,2025-09-26 10:25:33,19.41,17100,19.4,U
sh601126,四方股份,2025-09-26 10:25:36,19.41,10600,19.41,U
sh601126,四方股份,2025-09-26 10:25:45,19.38,12100,19.4,D
sh601126,四方股份,2025-09-26 10:26:33,19.33,17600,19.33,D
sh601126,四方股份,2025-09-26 10:26:51,19.31,12600,19.31,U
sh601126,四方股份,2025-09-26 10:27:03,19.32,11900,19.33,D
sh601126,四方股份,2025-09-26 10:27:39,19.33,13400,19.32,U
sh601126,四方股份,2025-09-26 10:27:42,19.36,18000,19.33,U
sh601126,四方股份,2025-09-26 10:28:06,19.42,51900,19.38,U
sh601126,四方股份,2025-09-26 10:28:09,19.39,98900,19.42,D
sh601126,四方股份,2025-09-26 10:28:12,19.44,46700,19.39,U
sh601126,四方股份,2025-09-26 10:28:15,19.39,18500,19.44,E
sh601126,四方股份,2025-09-26 10:28:18,19.37,13100,19.39,D
sh601126,四方股份,2025-09-26 10:28:21,19.38,12900,19.37,U
sh601126,四方股份,2025-09-26 10:28:24,19.39,72800,19.38,U
sh601126,四方股份,2025-09-26 10:28:27,19.39,32100,19.39,D
sh601126,四方股份,2025-09-26 10:28:30,19.37,24200,19.39,D
sh601126,四方股份,2025-09-26 10:28:33,19.45,34800,19.37,U
sh601126,四方股份,2025-09-26 10:28:36,19.4,35400,19.45,D
sh601126,四方股份,2025-09-26 10:28:39,19.37,18400,19.4,D
sh601126,四方股份,2025-09-26 10:28:42,19.43,20300,19.37,U
sh601126,四方股份,2025-09-26 10:29:09,19.4,27900,19.39,U
sh601126,四方股份,2025-09-26 10:29:12,19.4,11300,19.4,U
sh601126,四方股份,2025-09-26 10:29:30,19.41,37100,19.41,U
sh601126,四方股份,2025-09-26 10:29:33,19.41,12400,19.41,U
sh601126,四方股份,2025-09-26 10:29:57,19.43,19500,19.4,U
sh601126,四方股份,2025-09-26 10:30:00,19.44,34800,19.43,U
sh601126,四方股份,2025-09-26 10:30:09,19.45,41728,19.44,U
sh601126,四方股份,2025-09-26 10:30:12,19.49,139200,19.45,U
sh601126,四方股份,2025-09-26 10:30:15,19.5,213300,19.49,U
sh601126,四方股份,2025-09-26 10:30:18,19.5,144500,19.5,U
sh601126,四方股份,2025-09-26 10:30:21,19.51,160900,19.5,U
sh601126,四方股份,2025-09-26 10:30:24,19.55,101700,19.51,U
sh601126,四方股份,2025-09-26 10:30:27,19.54,53900,19.55,D
sh601126,四方股份,2025-09-26 10:30:30,19.53,28600,19.54,D
sh601126,四方股份,2025-09-26 10:30:33,19.5,54000,19.53,D
sh601126,四方股份,2025-09-26 10:30:36,19.47,33900,19.5,D
sh601126,四方股份,2025-09-26 10:30:39,19.48,49700,19.47,U
sh601126,四方股份,2025-09-26 10:30:42,19.52,24700,19.48,U
sh601126,四方股份,2025-09-26 10:30:45,19.53,25000,19.52,U
sh601126,四方股份,2025-09-26 10:30:48,19.53,26800,19.53,U
sh601126,四方股份,2025-09-26 10:30:51,19.55,43100,19.53,U
sh601126,四方股份,2025-09-26 10:30:54,19.57,40100,19.55,U
sh601126,四方股份,2025-09-26 10:30:57,19.54,23800,19.57,D
sh601126,四方股份,2025-09-26 10:31:00,19.54,12400,19.54,D
sh601126,四方股份,2025-09-26 10:31:03,19.55,31200,19.54,E
sh601126,四方股份,2025-09-26 10:31:06,19.53,28500,19.55,D
sh601126,四方股份,2025-09-26 10:31:09,19.55,19400,19.53,U
sh601126,四方股份,2025-09-26 10:31:12,19.55,14700,19.55,D
sh601126,四方股份,2025-09-26 10:31:21,19.54,12200,19.53,U
sh601126,四方股份,2025-09-26 10:31:24,19.54,22700,19.54,U
sh601126,四方股份,2025-09-26 10:31:27,19.55,30200,19.54,U
sh601126,四方股份,2025-09-26 10:31:30,19.52,17100,19.55,D
sh601126,四方股份,2025-09-26 10:31:54,19.5,11000,19.49,U
sh601126,四方股份,2025-09-26 10:32:06,19.49,12000,19.49,D
sh601126,四方股份,2025-09-26 10:32:09,19.47,13000,19.49,D
sh601126,四方股份,2025-09-26 10:32:21,19.42,21972,19.45,D
sh601126,四方股份,2025-09-26 10:32:27,19.42,10900,19.44,D
sh601126,四方股份,2025-09-26 10:32:33,19.43,10800,19.43,U
sh601126,四方股份,2025-09-26 10:32:51,19.44,31200,19.42,U
sh601126,四方股份,2025-09-26 10:32:54,19.45,13900,19.44,U
sh601126,四方股份,2025-09-26 10:32:57,19.45,12300,19.45,U
sh601126,四方股份,2025-09-26 10:33:09,19.45,19100,19.47,D
sh601126,四方股份,2025-09-26 10:33:39,19.4,12000,19.42,D
sh601126,四方股份,2025-09-26 10:33:48,19.43,13000,19.41,U
sh601126,四方股份,2025-09-26 10:34:12,19.43,12500,19.43,U
sh601126,四方股份,2025-09-26 10:34:24,19.45,13300,19.44,U
sh601126,四方股份,2025-09-26 10:34:39,19.45,21700,19.45,U
sh601126,四方股份,2025-09-26 10:35:09,19.42,12500,19.43,D
sh601126,四方股份,2025-09-26 10:35:21,19.41,11400,19.42,D
sh601126,四方股份,2025-09-26 10:35:33,19.44,24400,19.44,D
sh601126,四方股份,2025-09-26 10:35:36,19.44,12200,19.44,U
sh601126,四方股份,2025-09-26 10:35:42,19.48,100100,19.45,U
sh601126,四方股份,2025-09-26 10:35:45,19.49,14500,19.48,U
sh601126,四方股份,2025-09-26 10:35:48,19.49,13700,19.49,D
sh601126,四方股份,2025-09-26 10:35:54,19.49,14200,19.49,D
sh601126,四方股份,2025-09-26 10:36:00,19.49,11100,19.48,U
sh601126,四方股份,2025-09-26 10:36:33,19.45,13100,19.45,D
sh601126,四方股份,2025-09-26 10:37:03,19.43,13200,19.44,D
sh601126,四方股份,2025-09-26 10:37:33,19.41,10600,19.41,D
sh601126,四方股份,2025-09-26 10:38:06,19.39,66900,19.4,D
sh601126,四方股份,2025-09-26 10:38:09,19.41,12200,19.39,U
sh601126,四方股份,2025-09-26 10:38:57,19.42,136600,19.39,U
sh601126,四方股份,2025-09-26 10:39:00,19.43,48700,19.42,U
sh601126,四方股份,2025-09-26 10:39:09,19.45,16100,19.46,D
sh601126,四方股份,2025-09-26 10:39:27,19.45,11600,19.45,D
sh601126,四方股份,2025-09-26 10:39:36,19.45,15200,19.44,U
sh601126,四方股份,2025-09-26 10:40:24,19.44,12600,19.4,U
sh601126,四方股份,2025-09-26 10:41:51,19.44,28200,19.43,U
sh601126,四方股份,2025-09-26 10:42:21,19.43,18400,19.45,D
sh601126,四方股份,2025-09-26 10:42:42,19.4,124000,19.44,D
sh601126,四方股份,2025-09-26 10:42:45,19.4,237000,19.4,U
sh601126,四方股份,2025-09-26 10:42:48,19.44,71200,19.4,U
sh601126,四方股份,2025-09-26 10:42:51,19.42,32700,19.44,D
sh601126,四方股份,2025-09-26 10:43:00,19.41,13400,19.44,D
sh601126,四方股份,2025-09-26 10:43:03,19.4,17600,19.41,D
sh601126,四方股份,2025-09-26 10:44:09,19.38,23000,19.39,D
sh601126,四方股份,2025-09-26 10:44:12,19.39,22700,19.38,U
sh601126,四方股份,2025-09-26 10:44:36,19.44,15100,19.43,U
sh601126,四方股份,2025-09-26 10:45:03,19.44,18200,19.44,D
sh601126,四方股份,2025-09-26 10:45:09,19.43,20400,19.45,D
sh601126,四方股份,2025-09-26 10:45:18,19.46,49300,19.44,U
sh601126,四方股份,2025-09-26 10:45:21,19.47,23600,19.46,U
sh601126,四方股份,2025-09-26 10:45:30,19.48,15400,19.48,U
sh601126,四方股份,2025-09-26 10:45:51,19.48,28300,19.49,D
sh601126,四方股份,2025-09-26 10:45:54,19.48,12500,19.48,D
sh601126,四方股份,2025-09-26 10:45:57,19.47,13100,19.48,D
sh601126,四方股份,2025-09-26 10:46:03,19.47,21900,19.46,U
sh601126,四方股份,2025-09-26 10:46:18,19.47,26500,19.47,D
sh601126,四方股份,2025-09-26 10:46:24,19.49,36100,19.48,U
sh601126,四方股份,2025-09-26 10:46:36,19.49,15400,19.5,D
sh601126,四方股份,2025-09-26 10:46:39,19.49,12100,19.49,D
sh601126,四方股份,2025-09-26 10:47:06,19.46,17500,19.48,D
sh601126,四方股份,2025-09-26 10:47:27,19.46,30700,19.47,E
sh601126,四方股份,2025-09-26 10:47:36,19.47,16200,19.46,U
sh601126,四方股份,2025-09-26 10:47:48,19.48,37200,19.48,E
sh601126,四方股份,2025-09-26 10:48:00,19.5,50800,19.49,U
sh601126,四方股份,2025-09-26 10:48:03,19.5,36100,19.5,U
sh601126,四方股份,2025-09-26 10:48:06,19.5,86000,19.5,U
sh601126,四方股份,2025-09-26 10:48:09,19.51,14300,19.5,U
sh601126,四方股份,2025-09-26 10:48:12,19.51,26400,19.51,D
sh601126,四方股份,2025-09-26 10:48:21,19.53,11600,19.53,U
sh601126,四方股份,2025-09-26 10:48:24,19.54,13600,19.53,U
sh601126,四方股份,2025-09-26 10:48:30,19.52,17500,19.54,D
sh601126,四方股份,2025-09-26 10:48:45,19.51,32500,19.51,U
sh601126,四方股份,2025-09-26 10:48:48,19.51,23100,19.51,U
sh601126,四方股份,2025-09-26 10:48:54,19.54,11000,19.52,U
sh601126,四方股份,2025-09-26 10:49:06,19.51,28100,19.54,D
sh601126,四方股份,2025-09-26 10:49:12,19.5,32500,19.5,D
sh601126,四方股份,2025-09-26 10:49:18,19.49,14000,19.49,D
sh601126,四方股份,2025-09-26 10:49:21,19.5,27500,19.49,U
sh601126,四方股份,2025-09-26 10:49:27,19.52,11700,19.51,U
sh601126,四方股份,2025-09-26 10:49:30,19.53,10700,19.52,E
sh601126,四方股份,2025-09-26 10:49:42,19.51,10600,19.54,D
sh601126,四方股份,2025-09-26 10:50:09,19.52,17700,19.52,U
sh601126,四方股份,2025-09-26 10:50:12,19.52,10700,19.52,D
sh601126,四方股份,2025-09-26 10:50:18,19.53,50400,19.52,U
sh601126,四方股份,2025-09-26 10:50:21,19.54,31800,19.53,U
sh601126,四方股份,2025-09-26 10:50:54,19.55,18700,19.54,U
sh601126,四方股份,2025-09-26 10:51:12,19.54,14300,19.54,U
sh601126,四方股份,2025-09-26 10:51:39,19.53,13800,19.53,U
sh601126,四方股份,2025-09-26 10:52:36,19.53,10500,19.54,D
sh601126,四方股份,2025-09-26 10:52:39,19.53,10400,19.53,D
sh601126,四方股份,2025-09-26 10:53:00,19.52,22800,19.53,D
sh601126,四方股份,2025-09-26 10:53:06,19.51,24200,19.51,D
sh601126,四方股份,2025-09-26 10:53:18,19.5,20500,19.5,D
sh601126,四方股份,2025-09-26 10:53:21,19.5,16400,19.5,D
sh601126,四方股份,2025-09-26 10:53:36,19.5,14800,19.5,D
sh601126,四方股份,2025-09-26 10:53:39,19.5,13600,19.5,D
sh601126,四方股份,2025-09-26 10:53:48,19.5,11200,19.5,D
sh601126,四方股份,2025-09-26 10:53:54,19.5,14600,19.5,D
sh601126,四方股份,2025-09-26 10:53:57,19.5,12700,19.5,D
sh601126,四方股份,2025-09-26 10:54:06,19.5,12900,19.51,D
sh601126,四方股份,2025-09-26 10:54:30,19.49,10800,19.5,D
sh601126,四方股份,2025-09-26 10:55:00,19.5,50000,19.51,D
sh601126,四方股份,2025-09-26 10:55:24,19.5,10500,19.5,U
sh601126,四方股份,2025-09-26 10:55:27,19.5,14900,19.5,U
sh601126,四方股份,2025-09-26 10:55:33,19.51,16100,19.5,U
sh601126,四方股份,2025-09-26 10:55:36,19.51,13400,19.51,U
sh601126,四方股份,2025-09-26 10:55:57,19.49,41200,19.5,D
sh601126,四方股份,2025-09-26 10:57:09,19.46,26800,19.45,U
sh601126,四方股份,2025-09-26 10:57:21,19.49,19100,19.46,U
sh601126,四方股份,2025-09-26 10:57:39,19.48,11200,19.48,D
sh601126,四方股份,2025-09-26 10:57:51,19.47,31600,19.48,D
sh601126,四方股份,2025-09-26 10:59:12,19.43,11200,19.45,D
sh601126,四方股份,2025-09-26 10:59:21,19.46,57400,19.46,U
sh601126,四方股份,2025-09-26 10:59:54,19.5,44500,19.5,U
sh601126,四方股份,2025-09-26 11:00:06,19.5,19100,19.5,U
sh601126,四方股份,2025-09-26 11:00:09,19.51,11400,19.5,U
sh601126,四方股份,2025-09-26 11:00:15,19.54,90100,19.51,U
sh601126,四方股份,2025-09-26 11:00:18,19.56,64400,19.54,U
sh601126,四方股份,2025-09-26 11:00:21,19.55,15000,19.56,D
sh601126,四方股份,2025-09-26 11:00:24,19.56,20300,19.55,E
sh601126,四方股份,2025-09-26 11:00:33,19.58,68900,19.57,U
sh601126,四方股份,2025-09-26 11:00:36,19.57,30900,19.58,D
sh601126,四方股份,2025-09-26 11:00:45,19.58,14900,19.58,U
sh601126,四方股份,2025-09-26 11:00:48,19.58,16800,19.58,U
sh601126,四方股份,2025-09-26 11:01:03,19.56,43900,19.59,D
sh601126,四方股份,2025-09-26 11:01:57,19.56,10800,19.56,U
sh601126,四方股份,2025-09-26 11:02:09,19.58,39500,19.56,U
sh601126,四方股份,2025-09-26 11:02:12,19.6,53500,19.58,U
sh601126,四方股份,2025-09-26 11:02:18,19.59,14100,19.6,D
sh601126,四方股份,2025-09-26 11:02:24,19.6,22800,19.6,U
sh601126,四方股份,2025-09-26 11:02:27,19.6,27400,19.6,U
sh601126,四方股份,2025-09-26 11:02:45,19.59,12100,19.59,D
sh601126,四方股份,2025-09-26 11:02:48,19.58,17200,19.59,D
sh601126,四方股份,2025-09-26 11:03:00,19.58,50100,19.58,D
sh601126,四方股份,2025-09-26 11:03:03,19.6,19300,19.58,U
sh601126,四方股份,2025-09-26 11:03:06,19.59,27000,19.6,D
sh601126,四方股份,2025-09-26 11:03:09,19.61,64100,19.59,U
sh601126,四方股份,2025-09-26 11:03:18,19.61,11900,19.61,D
sh601126,四方股份,2025-09-26 11:03:27,19.6,14800,19.6,D
sh601126,四方股份,2025-09-26 11:03:30,19.59,10300,19.6,D
sh601126,四方股份,2025-09-26 11:03:54,19.6,13300,19.61,D
sh601126,四方股份,2025-09-26 11:03:57,19.62,33800,19.6,U
sh601126,四方股份,2025-09-26 11:04:00,19.61,28600,19.62,E
sh601126,四方股份,2025-09-26 11:04:03,19.64,10300,19.61,U
sh601126,四方股份,2025-09-26 11:04:12,19.66,40600,19.65,U
sh601126,四方股份,2025-09-26 11:04:21,19.67,15400,19.68,D
sh601126,四方股份,2025-09-26 11:04:24,19.65,31900,19.67,D
sh601126,四方股份,2025-09-26 11:04:27,19.65,13700,19.65,D
sh601126,四方股份,2025-09-26 11:04:54,19.65,10500,19.66,D
sh601126,四方股份,2025-09-26 11:05:06,19.63,12000,19.64,D
sh601126,四方股份,2025-09-26 11:05:18,19.6,15700,19.63,D
sh601126,四方股份,2025-09-26 11:05:21,19.61,39600,19.6,U
sh601126,四方股份,2025-09-26 11:06:06,19.6,14600,19.6,D
sh601126,四方股份,2025-09-26 11:06:27,19.56,75400,19.57,D
sh601126,四方股份,2025-09-26 11:07:09,19.51,15900,19.54,D
sh601126,四方股份,2025-09-26 11:07:24,19.48,23900,19.5,D
sh601126,四方股份,2025-09-26 11:07:51,19.45,13100,19.45,E
sh601126,四方股份,2025-09-26 11:08:03,19.42,53300,19.43,D
sh601126,四方股份,2025-09-26 11:08:12,19.42,45900,19.42,E
sh601126,四方股份,2025-09-26 11:08:21,19.4,88000,19.44,D
sh601126,四方股份,2025-09-26 11:09:27,19.41,55100,19.42,D
sh601126,四方股份,2025-09-26 11:09:54,19.4,37700,19.42,D
sh601126,四方股份,2025-09-26 11:10:00,19.42,18300,19.44,E
sh601126,四方股份,2025-09-26 11:10:06,19.45,15700,19.45,U
sh601126,四方股份,2025-09-26 11:10:27,19.48,12700,19.48,D
sh601126,四方股份,2025-09-26 11:10:30,19.47,14400,19.48,D
sh601126,四方股份,2025-09-26 11:10:51,19.48,16100,19.49,D
sh601126,四方股份,2025-09-26 11:11:00,19.49,12600,19.48,U
sh601126,四方股份,2025-09-26 11:11:06,19.48,25100,19.49,D
sh601126,四方股份,2025-09-26 11:11:30,19.49,27200,19.49,D
sh601126,四方股份,2025-09-26 11:11:42,19.49,10800,19.48,U
sh601126,四方股份,2025-09-26 11:11:45,19.5,26600,19.49,U
sh601126,四方股份,2025-09-26 11:11:51,19.53,55900,19.5,U
sh601126,四方股份,2025-09-26 11:11:54,19.54,28200,19.53,U
sh601126,四方股份,2025-09-26 11:12:00,19.55,21500,19.53,U
sh601126,四方股份,2025-09-26 11:12:03,19.55,27600,19.55,U
sh601126,四方股份,2025-09-26 11:12:09,19.55,50400,19.55,D
sh601126,四方股份,2025-09-26 11:12:12,19.62,19600,19.55,U
sh601126,四方股份,2025-09-26 11:12:33,19.58,16600,19.6,D
sh601126,四方股份,2025-09-26 11:12:39,19.6,35000,19.58,U
sh601126,四方股份,2025-09-26 11:12:57,19.65,28200,19.62,U
sh601126,四方股份,2025-09-26 11:13:03,19.62,37800,19.62,D
sh601126,四方股份,2025-09-26 11:13:09,19.63,55500,19.62,U
sh601126,四方股份,2025-09-26 11:13:12,19.65,12500,19.63,U
sh601126,四方股份,2025-09-26 11:13:15,19.65,26700,19.65,U
sh601126,四方股份,2025-09-26 11:13:18,19.65,11100,19.65,U
sh601126,四方股份,2025-09-26 11:13:57,19.62,35900,19.64,D
sh601126,四方股份,2025-09-26 11:14:00,19.62,10300,19.62,D
sh601126,四方股份,2025-09-26 11:14:03,19.64,20400,19.62,U
sh601126,四方股份,2025-09-26 11:14:27,19.63,14000,19.65,D
sh601126,四方股份,2025-09-26 11:14:36,19.68,71400,19.64,U
sh601126,四方股份,2025-09-26 11:14:39,19.68,52800,19.68,U
sh601126,四方股份,2025-09-26 11:14:42,19.68,17900,19.68,D
sh601126,四方股份,2025-09-26 11:14:48,19.72,17800,19.7,U
sh601126,四方股份,2025-09-26 11:14:51,19.73,26500,19.72,U
sh601126,四方股份,2025-09-26 11:14:54,19.75,38000,19.73,U
sh601126,四方股份,2025-09-26 11:14:57,19.73,10900,19.75,D
sh601126,四方股份,2025-09-26 11:15:09,19.69,76100,19.7,D
sh601126,四方股份,2025-09-26 11:15:27,19.72,14100,19.73,D
sh601126,四方股份,2025-09-26 11:15:33,19.68,73400,19.72,D
sh601126,四方股份,2025-09-26 11:15:39,19.68,53300,19.69,D
sh601126,四方股份,2025-09-26 11:15:51,19.69,13200,19.69,D
sh601126,四方股份,2025-09-26 11:15:54,19.7,35600,19.69,U
sh601126,四方股份,2025-09-26 11:16:03,19.7,28200,19.69,U
sh601126,四方股份,2025-09-26 11:16:06,19.69,27300,19.7,U
sh601126,四方股份,2025-09-26 11:16:09,19.71,13200,19.69,E
sh601126,四方股份,2025-09-26 11:16:12,19.75,12800,19.71,U
sh601126,四方股份,2025-09-26 11:16:21,19.73,18900,19.72,D
sh601126,四方股份,2025-09-26 11:16:33,19.71,27200,19.73,D
sh601126,四方股份,2025-09-26 11:16:36,19.71,12200,19.71,U
sh601126,四方股份,2025-09-26 11:16:54,19.71,45800,19.7,U
sh601126,四方股份,2025-09-26 11:17:00,19.71,59000,19.71,U
sh601126,四方股份,2025-09-26 11:17:03,19.72,18300,19.71,U
sh601126,四方股份,2025-09-26 11:17:06,19.71,25200,19.72,D
sh601126,四方股份,2025-09-26 11:17:30,19.72,44700,19.75,D
sh601126,四方股份,2025-09-26 11:17:33,19.7,78300,19.72,D
sh601126,四方股份,2025-09-26 11:17:36,19.7,22700,19.7,U
sh601126,四方股份,2025-09-26 11:18:12,19.7,12100,19.7,U
sh601126,四方股份,2025-09-26 11:18:33,19.71,14800,19.7,U
sh601126,四方股份,2025-09-26 11:18:39,19.71,83900,19.71,D
sh601126,四方股份,2025-09-26 11:18:48,19.7,27700,19.71,D
sh601126,四方股份,2025-09-26 11:18:54,19.7,28200,19.71,D
sh601126,四方股份,2025-09-26 11:19:00,19.7,11000,19.71,D
sh601126,四方股份,2025-09-26 11:19:03,19.7,35400,19.7,D
sh601126,四方股份,2025-09-26 11:19:33,19.69,34000,19.69,D
sh601126,四方股份,2025-09-26 11:19:45,19.68,18300,19.68,D
sh601126,四方股份,2025-09-26 11:19:48,19.65,64400,19.68,D
sh601126,四方股份,2025-09-26 11:20:45,19.63,20600,19.64,D
sh601126,四方股份,2025-09-26 11:21:27,19.58,10900,19.6,D
sh601126,四方股份,2025-09-26 11:21:45,19.58,14800,19.57,U
sh601126,四方股份,2025-09-26 11:22:21,19.57,16600,19.58,D
sh601126,四方股份,2025-09-26 11:23:12,19.5,13000,19.5,D
sh601126,四方股份,2025-09-26 11:23:18,19.5,12400,19.5,D
sh601126,四方股份,2025-09-26 11:23:21,19.5,25300,19.5,D
sh601126,四方股份,2025-09-26 11:23:36,19.47,11300,19.48,D
sh601126,四方股份,2025-09-26 11:23:39,19.46,11500,19.47,D
sh601126,四方股份,2025-09-26 11:23:42,19.46,16100,19.46,D
sh601126,四方股份,2025-09-26 11:23:51,19.47,14600,19.49,D
sh601126,四方股份,2025-09-26 11:24:51,19.47,36200,19.44,U
sh601126,四方股份,2025-09-26 11:24:57,19.47,11100,19.49,D
sh601126,四方股份,2025-09-26 11:25:45,19.46,12800,19.46,U
sh601126,四方股份,2025-09-26 11:26:03,19.45,10500,19.45,D
sh601126,四方股份,2025-09-26 11:26:09,19.44,38000,19.45,D
sh601126,四方股份,2025-09-26 11:26:18,19.47,40700,19.41,U
sh601126,四方股份,2025-09-26 11:26:36,19.46,22000,19.48,D
sh601126,四方股份,2025-09-26 11:26:57,19.47,10700,19.46,U
sh601126,四方股份,2025-09-26 11:27:00,19.51,72600,19.47,U
sh601126,四方股份,2025-09-26 11:27:03,19.51,12200,19.51,U
sh601126,四方股份,2025-09-26 11:27:06,19.51,28000,19.51,U
sh601126,四方股份,2025-09-26 11:27:09,19.53,10700,19.51,E
sh601126,四方股份,2025-09-26 11:28:21,19.48,42900,19.48,D
sh601126,四方股份,2025-09-26 13:00:03,19.48,25500,19.47,U
sh601126,四方股份,2025-09-26 13:00:06,19.47,10700,19.48,U
sh601126,四方股份,2025-09-26 13:00:12,19.47,16200,19.47,U
sh601126,四方股份,2025-09-26 13:00:21,19.46,25200,19.46,U
sh601126,四方股份,2025-09-26 13:00:33,19.45,22500,19.46,D
sh601126,四方股份,2025-09-26 13:00:45,19.43,21500,19.44,D
sh601126,四方股份,2025-09-26 13:00:57,19.46,47900,19.46,U
sh601126,四方股份,2025-09-26 13:01:27,19.42,30000,19.44,D
sh601126,四方股份,2025-09-26 13:01:33,19.42,10700,19.42,U
sh601126,四方股份,2025-09-26 13:01:36,19.4,32400,19.42,D
sh601126,四方股份,2025-09-26 13:01:39,19.4,10800,19.4,D
sh601126,四方股份,2025-09-26 13:01:45,19.4,31400,19.41,D
sh601126,四方股份,2025-09-26 13:02:15,19.39,15300,19.39,U
sh601126,四方股份,2025-09-26 13:02:27,19.38,20300,19.38,D
sh601126,四方股份,2025-09-26 13:02:33,19.38,11200,19.37,U
sh601126,四方股份,2025-09-26 13:02:45,19.37,11900,19.38,D
sh601126,四方股份,2025-09-26 13:02:57,19.37,42000,19.36,U
sh601126,四方股份,2025-09-26 13:03:03,19.4,20100,19.38,U
sh601126,四方股份,2025-09-26 13:03:09,19.37,38600,19.4,D
sh601126,四方股份,2025-09-26 13:03:36,19.39,18800,19.39,D
sh601126,四方股份,2025-09-26 13:03:51,19.39,15100,19.39,U
sh601126,四方股份,2025-09-26 13:04:06,19.37,11600,19.37,D
sh601126,四方股份,2025-09-26 13:04:18,19.38,14200,19.37,U
sh601126,四方股份,2025-09-26 13:04:21,19.36,10800,19.38,D
sh601126,四方股份,2025-09-26 13:04:24,19.36,18000,19.36,D
sh601126,四方股份,2025-09-26 13:04:48,19.34,17700,19.34,D
sh601126,四方股份,2025-09-26 13:05:00,19.36,12000,19.33,U
sh601126,四方股份,2025-09-26 13:05:03,19.32,10800,19.36,D
sh601126,四方股份,2025-09-26 13:06:06,19.37,12200,19.37,D
sh601126,四方股份,2025-09-26 13:06:09,19.37,12500,19.37,U
sh601126,四方股份,2025-09-26 13:06:21,19.36,14600,19.36,D
sh601126,四方股份,2025-09-26 13:06:57,19.38,13000,19.37,U
sh601126,四方股份,2025-09-26 13:07:45,19.37,12175,19.37,D
sh601126,四方股份,2025-09-26 13:08:15,19.35,22500,19.35,D
sh601126,四方股份,2025-09-26 13:08:30,19.38,16500,19.36,U
sh601126,四方股份,2025-09-26 13:08:45,19.39,13600,19.39,U
sh601126,四方股份,2025-09-26 13:09:24,19.41,12600,19.41,U
sh601126,四方股份,2025-09-26 13:09:27,19.4,24800,19.41,D
sh601126,四方股份,2025-09-26 13:10:39,19.41,10500,19.4,D
sh601126,四方股份,2025-09-26 13:11:09,19.41,14400,19.41,U
sh601126,四方股份,2025-09-26 13:12:09,19.38,15300,19.39,U
sh601126,四方股份,2025-09-26 13:12:24,19.37,33500,19.38,D
sh601126,四方股份,2025-09-26 13:13:33,19.34,12300,19.35,D
sh601126,四方股份,2025-09-26 13:13:51,19.3,80800,19.34,D
sh601126,四方股份,2025-09-26 13:13:54,19.31,23100,19.3,U
sh601126,四方股份,2025-09-26 13:14:21,19.32,14500,19.33,D
sh601126,四方股份,2025-09-26 13:16:00,19.3,13600,19.3,U
sh601126,四方股份,2025-09-26 13:16:03,19.3,18800,19.3,U
sh601126,四方股份,2025-09-26 13:16:09,19.32,19400,19.32,U
sh601126,四方股份,2025-09-26 13:16:12,19.33,10600,19.32,U
sh601126,四方股份,2025-09-26 13:16:18,19.35,10400,19.33,U
sh601126,四方股份,2025-09-26 13:16:24,19.33,13600,19.34,D
sh601126,四方股份,2025-09-26 13:17:09,19.32,19700,19.33,D
sh601126,四方股份,2025-09-26 13:17:18,19.3,12800,19.32,D
sh601126,四方股份,2025-09-26 13:17:48,19.28,20800,19.31,D
sh601126,四方股份,2025-09-26 13:18:15,19.29,21000,19.28,U
sh601126,四方股份,2025-09-26 13:18:33,19.28,10600,19.29,D
sh601126,四方股份,2025-09-26 13:18:51,19.28,16800,19.29,D
sh601126,四方股份,2025-09-26 13:19:00,19.27,15100,19.27,D
sh601126,四方股份,2025-09-26 13:20:15,19.28,14400,19.28,D
sh601126,四方股份,2025-09-26 13:20:18,19.29,17700,19.28,U
sh601126,四方股份,2025-09-26 13:20:21,19.29,11300,19.29,U
sh601126,四方股份,2025-09-26 13:20:24,19.3,16300,19.29,U
sh601126,四方股份,2025-09-26 13:20:27,19.3,13500,19.3,U
sh601126,四方股份,2025-09-26 13:20:36,19.3,18800,19.31,D
sh601126,四方股份,2025-09-26 13:20:39,19.3,21000,19.3,U
sh601126,四方股份,2025-09-26 13:22:39,19.3,31000,19.28,U
sh601126,四方股份,2025-09-26 13:28:03,19.3,10700,19.3,U
sh601126,四方股份,2025-09-26 13:28:48,19.28,12700,19.29,D
sh601126,四方股份,2025-09-26 13:29:00,19.28,13700,19.28,D
sh601126,四方股份,2025-09-26 13:29:03,19.27,18400,19.28,D
sh601126,四方股份,2025-09-26 13:29:24,19.26,24900,19.27,D
sh601126,四方股份,2025-09-26 13:29:33,19.25,27900,19.26,D
sh601126,四方股份,2025-09-26 13:30:06,19.25,88400,19.25,U
sh601126,四方股份,2025-09-26 13:30:24,19.26,11500,19.28,D
sh601126,四方股份,2025-09-26 13:30:51,19.25,14200,19.26,D
sh601126,四方股份,2025-09-26 13:31:48,19.25,16200,19.25,U
sh601126,四方股份,2025-09-26 13:32:21,19.24,16700,19.23,U
sh601126,四方股份,2025-09-26 13:33:00,19.24,13700,19.23,U
sh601126,四方股份,2025-09-26 13:33:03,19.24,36300,19.24,U
sh601126,四方股份,2025-09-26 13:33:24,19.23,21700,19.24,D
sh601126,四方股份,2025-09-26 13:34:30,19.23,12300,19.25,D
sh601126,四方股份,2025-09-26 13:35:21,19.23,17800,19.24,D
sh601126,四方股份,2025-09-26 13:35:42,19.23,23500,19.22,U
sh601126,四方股份,2025-09-26 13:35:51,19.26,64100,19.24,U
sh601126,四方股份,2025-09-26 13:35:54,19.26,18200,19.26,U
sh601126,四方股份,2025-09-26 13:36:00,19.27,19000,19.27,D
sh601126,四方股份,2025-09-26 13:36:03,19.25,17100,19.27,D
sh601126,四方股份,2025-09-26 13:37:24,19.27,16300,19.27,D
sh601126,四方股份,2025-09-26 13:37:48,19.26,10800,19.27,D
sh601126,四方股份,2025-09-26 13:39:00,19.26,34400,19.27,D
sh601126,四方股份,2025-09-26 13:39:03,19.27,10500,19.26,U
sh601126,四方股份,2025-09-26 13:39:24,19.25,20100,19.25,D
sh601126,四方股份,2025-09-26 13:39:57,19.27,22100,19.26,U
sh601126,四方股份,2025-09-26 13:40:00,19.3,30900,19.27,U
sh601126,四方股份,2025-09-26 13:40:03,19.28,40900,19.3,D
sh601126,四方股份,2025-09-26 13:40:09,19.32,11400,19.31,U
sh601126,四方股份,2025-09-26 13:40:12,19.33,12700,19.32,U
sh601126,四方股份,2025-09-26 13:40:18,19.31,11800,19.33,D
sh601126,四方股份,2025-09-26 13:40:21,19.31,13700,19.31,E
sh601126,四方股份,2025-09-26 13:41:03,19.25,13100,19.28,D
sh601126,四方股份,2025-09-26 13:42:57,19.26,48900,19.26,U
sh601126,四方股份,2025-09-26 13:45:27,19.25,47600,19.23,U
sh601126,四方股份,2025-09-26 13:45:30,19.24,23000,19.25,D
sh601126,四方股份,2025-09-26 13:45:39,19.24,28900,19.24,D
sh601126,四方股份,2025-09-26 13:45:51,19.23,30900,19.23,D
sh601126,四方股份,2025-09-26 13:45:54,19.24,38700,19.23,U
sh601126,四方股份,2025-09-26 13:47:21,19.25,10900,19.24,U
sh601126,四方股份,2025-09-26 13:50:03,19.25,10900,19.25,D
sh601126,四方股份,2025-09-26 13:50:51,19.23,22800,19.24,D
sh601126,四方股份,2025-09-26 13:50:54,19.24,11300,19.23,U
sh601126,四方股份,2025-09-26 13:51:36,19.23,20200,19.23,U
sh601126,四方股份,2025-09-26 13:51:42,19.22,18400,19.23,D
sh601126,四方股份,2025-09-26 13:52:00,19.2,51000,19.21,D
sh601126,四方股份,2025-09-26 13:52:03,19.2,14000,19.2,U
sh601126,四方股份,2025-09-26 13:52:06,19.19,19500,19.2,D
sh601126,四方股份,2025-09-26 13:52:18,19.19,18100,19.19,D
sh601126,四方股份,2025-09-26 13:52:36,19.22,42500,19.2,U
sh601126,四方股份,2025-09-26 13:54:12,19.23,48500,19.19,U
sh601126,四方股份,2025-09-26 13:55:00,19.22,21100,19.19,U
sh601126,四方股份,2025-09-26 13:55:03,19.2,18700,19.22,D
sh601126,四方股份,2025-09-26 13:56:30,19.2,20000,19.2,D
sh601126,四方股份,2025-09-26 13:56:36,19.2,12300,19.2,U
sh601126,四方股份,2025-09-26 13:56:42,19.2,41800,19.2,U
sh601126,四方股份,2025-09-26 13:56:48,19.2,17600,19.21,D
sh601126,四方股份,2025-09-26 13:56:54,19.2,11900,19.2,U
sh601126,四方股份,2025-09-26 13:57:03,19.2,35400,19.2,U
sh601126,四方股份,2025-09-26 13:57:06,19.21,11700,19.2,U
sh601126,四方股份,2025-09-26 13:57:12,19.21,20400,19.21,D
sh601126,四方股份,2025-09-26 13:58:03,19.2,40300,19.21,D
sh601126,四方股份,2025-09-26 13:58:30,19.21,16900,19.2,U
sh601126,四方股份,2025-09-26 13:58:45,19.21,11300,19.22,E
sh601126,四方股份,2025-09-26 13:58:51,19.22,21400,19.21,U
sh601126,四方股份,2025-09-26 13:59:42,19.19,15400,19.19,D
sh601126,四方股份,2025-09-26 13:59:51,19.18,12000,19.2,D
sh601126,四方股份,2025-09-26 14:00:06,19.19,56900,19.19,D
sh601126,四方股份,2025-09-26 14:00:30,19.2,14300,19.19,U
sh601126,四方股份,2025-09-26 14:01:00,19.21,15800,19.2,U
sh601126,四方股份,2025-09-26 14:02:24,19.2,12900,19.2,D
sh601126,四方股份,2025-09-26 14:02:36,19.19,19300,19.2,D
sh601126,四方股份,2025-09-26 14:02:42,19.18,11900,19.18,D
sh601126,四方股份,2025-09-26 14:04:45,19.2,26500,19.19,U
sh601126,四方股份,2025-09-26 14:04:48,19.2,11915,19.2,U
sh601126,四方股份,2025-09-26 14:05:15,19.19,31800,19.2,D
sh601126,四方股份,2025-09-26 14:05:36,19.19,11400,19.19,D
sh601126,四方股份,2025-09-26 14:05:54,19.18,21300,19.18,D
sh601126,四方股份,2025-09-26 14:06:06,19.15,53000,19.18,D
sh601126,四方股份,2025-09-26 14:06:09,19.18,18300,19.15,U
sh601126,四方股份,2025-09-26 14:06:12,19.19,67600,19.18,U
sh601126,四方股份,2025-09-26 14:06:18,19.18,32100,19.18,D
sh601126,四方股份,2025-09-26 14:06:33,19.17,39700,19.16,U
sh601126,四方股份,2025-09-26 14:06:57,19.14,15900,19.14,D
sh601126,四方股份,2025-09-26 14:07:06,19.14,25000,19.14,D
sh601126,四方股份,2025-09-26 14:07:15,19.14,49500,19.15,D
sh601126,四方股份,2025-09-26 14:07:21,19.14,17385,19.15,D
sh601126,四方股份,2025-09-26 14:07:42,19.15,53600,19.14,E
sh601126,四方股份,2025-09-26 14:07:45,19.16,12000,19.15,U
sh601126,四方股份,2025-09-26 14:07:48,19.15,35700,19.16,D
sh601126,四方股份,2025-09-26 14:08:06,19.15,13200,19.16,D
sh601126,四方股份,2025-09-26 14:08:42,19.15,25000,19.16,D
sh601126,四方股份,2025-09-26 14:09:15,19.16,25900,19.16,E
sh601126,四方股份,2025-09-26 14:10:57,19.16,34200,19.17,D
sh601126,四方股份,2025-09-26 14:11:27,19.16,15500,19.16,D
sh601126,四方股份,2025-09-26 14:12:00,19.16,12600,19.15,U
sh601126,四方股份,2025-09-26 14:12:03,19.17,18100,19.16,U
sh601126,四方股份,2025-09-26 14:13:27,19.16,14400,19.15,U
sh601126,四方股份,2025-09-26 14:13:30,19.15,18800,19.16,D
sh601126,四方股份,2025-09-26 14:14:12,19.15,15600,19.16,D
sh601126,四方股份,2025-09-26 14:15:24,19.16,13900,19.15,U
sh601126,四方股份,2025-09-26 14:16:06,19.17,88300,19.16,U
sh601126,四方股份,2025-09-26 14:16:09,19.18,19000,19.17,U
sh601126,四方股份,2025-09-26 14:16:24,19.18,19100,19.18,D
sh601126,四方股份,2025-09-26 14:16:42,19.17,16300,19.17,U
sh601126,四方股份,2025-09-26 14:16:54,19.15,18000,19.16,D
sh601126,四方股份,2025-09-26 14:18:18,19.12,10600,19.12,D
sh601126,四方股份,2025-09-26 14:18:27,19.13,21200,19.13,U
sh601126,四方股份,2025-09-26 14:18:42,19.14,57200,19.14,U
sh601126,四方股份,2025-09-26 14:18:45,19.14,33400,19.14,U
sh601126,四方股份,2025-09-26 14:18:48,19.15,21600,19.14,U
sh601126,四方股份,2025-09-26 14:18:57,19.14,20500,19.15,D
sh601126,四方股份,2025-09-26 14:20:18,19.15,31000,19.13,U
sh601126,四方股份,2025-09-26 14:21:03,19.16,27300,19.15,U
sh601126,四方股份,2025-09-26 14:21:06,19.18,43400,19.16,U
sh601126,四方股份,2025-09-26 14:22:00,19.15,17700,19.16,D
sh601126,四方股份,2025-09-26 14:23:12,19.12,17700,19.12,D
sh601126,四方股份,2025-09-26 14:23:15,19.12,10600,19.12,D
sh601126,四方股份,2025-09-26 14:23:54,19.11,74200,19.11,U
sh601126,四方股份,2025-09-26 14:24:12,19.12,23000,19.11,U
sh601126,四方股份,2025-09-26 14:25:42,19.11,51800,19.12,D
sh601126,四方股份,2025-09-26 14:26:00,19.11,29200,19.11,D
sh601126,四方股份,2025-09-26 14:26:39,19.11,15800,19.1,U
sh601126,四方股份,2025-09-26 14:27:00,19.11,21800,19.1,U
sh601126,四方股份,2025-09-26 14:27:09,19.09,25000,19.11,D
sh601126,四方股份,2025-09-26 14:27:15,19.08,32300,19.09,D
sh601126,四方股份,2025-09-26 14:27:51,19.09,44000,19.07,U
sh601126,四方股份,2025-09-26 14:27:54,19.08,34000,19.09,D
sh601126,四方股份,2025-09-26 14:28:18,19.1,62400,19.08,U
sh601126,四方股份,2025-09-26 14:28:21,19.1,20900,19.1,U
sh601126,四方股份,2025-09-26 14:28:24,19.09,30600,19.1,D
sh601126,四方股份,2025-09-26 14:28:45,19.1,40100,19.1,U
sh601126,四方股份,2025-09-26 14:28:51,19.1,22000,19.1,D
sh601126,四方股份,2025-09-26 14:29:00,19.11,11000,19.1,U
sh601126,四方股份,2025-09-26 14:29:03,19.1,26200,19.11,D
sh601126,四方股份,2025-09-26 14:29:06,19.11,14700,19.1,E
sh601126,四方股份,2025-09-26 14:29:12,19.12,14800,19.11,U
sh601126,四方股份,2025-09-26 14:29:36,19.1,15500,19.09,D
sh601126,四方股份,2025-09-26 14:30:21,19.12,18000,19.11,U
sh601126,四方股份,2025-09-26 14:30:24,19.12,37100,19.12,U
sh601126,四方股份,2025-09-26 14:30:33,19.13,19100,19.12,U
sh601126,四方股份,2025-09-26 14:30:45,19.12,26200,19.13,D
sh601126,四方股份,2025-09-26 14:30:48,19.13,20400,19.12,U
sh601126,四方股份,2025-09-26 14:31:03,19.13,175000,19.14,D
sh601126,四方股份,2025-09-26 14:31:15,19.12,15400,19.13,D
sh601126,四方股份,2025-09-26 14:31:39,19.11,15400,19.11,D
sh601126,四方股份,2025-09-26 14:31:45,19.12,28300,19.11,U
sh601126,四方股份,2025-09-26 14:32:15,19.08,13400,19.09,D
sh601126,四方股份,2025-09-26 14:32:30,19.08,16300,19.08,D
sh601126,四方股份,2025-09-26 14:32:51,19.08,11800,19.07,U
sh601126,四方股份,2025-09-26 14:32:54,19.08,37400,19.08,U
sh601126,四方股份,2025-09-26 14:33:03,19.06,18700,19.07,D
sh601126,四方股份,2025-09-26 14:33:06,19.08,15100,19.06,U
sh601126,四方股份,2025-09-26 14:33:30,19.07,32500,19.07,D
sh601126,四方股份,2025-09-26 14:33:36,19.07,14600,19.08,D
sh601126,四方股份,2025-09-26 14:33:57,19.08,17100,19.09,D
sh601126,四方股份,2025-09-26 14:34:09,19.06,13100,19.07,D
sh601126,四方股份,2025-09-26 14:34:51,19.1,66100,19.07,U
sh601126,四方股份,2025-09-26 14:35:06,19.1,19200,19.09,U
sh601126,四方股份,2025-09-26 14:36:00,19.07,13600,19.08,D
sh601126,四方股份,2025-09-26 14:36:03,19.06,23500,19.07,D
sh601126,四方股份,2025-09-26 14:36:42,19.07,40700,19.08,D
sh601126,四方股份,2025-09-26 14:37:00,19.07,41400,19.08,D
sh601126,四方股份,2025-09-26 14:37:03,19.06,14700,19.07,D
sh601126,四方股份,2025-09-26 14:37:27,19.09,14000,19.08,U
sh601126,四方股份,2025-09-26 14:37:42,19.09,18900,19.08,U
sh601126,四方股份,2025-09-26 14:38:24,19.1,29000,19.1,U
sh601126,四方股份,2025-09-26 14:39:03,19.11,46800,19.11,D
sh601126,四方股份,2025-09-26 14:40:03,19.06,16100,19.08,D
sh601126,四方股份,2025-09-26 14:40:06,19.06,10900,19.06,D
sh601126,四方股份,2025-09-26 14:40:18,19.06,18100,19.07,D
sh601126,四方股份,2025-09-26 14:40:30,19.08,17700,19.08,U
sh601126,四方股份,2025-09-26 14:41:36,19.09,46700,19.08,U
sh601126,四方股份,2025-09-26 14:42:39,19.08,13800,19.08,U
sh601126,四方股份,2025-09-26 14:43:09,19.09,12800,19.09,U
sh601126,四方股份,2025-09-26 14:43:12,19.09,28100,19.09,U
sh601126,四方股份,2025-09-26 14:43:39,19.1,14600,19.1,D
sh601126,四方股份,2025-09-26 14:44:03,19.11,13400,19.12,D
sh601126,四方股份,2025-09-26 14:44:30,19.12,11900,19.12,U
sh601126,四方股份,2025-09-26 14:44:39,19.12,22400,19.12,U
sh601126,四方股份,2025-09-26 14:45:24,19.12,13500,19.12,U
sh601126,四方股份,2025-09-26 14:45:33,19.13,15400,19.13,U
sh601126,四方股份,2025-09-26 14:45:39,19.14,28900,19.14,U
sh601126,四方股份,2025-09-26 14:45:51,19.14,11200,19.14,D
sh601126,四方股份,2025-09-26 14:46:39,19.16,13700,19.16,D
sh601126,四方股份,2025-09-26 14:46:48,19.15,24600,19.15,D
sh601126,四方股份,2025-09-26 14:46:51,19.14,15000,19.15,D
sh601126,四方股份,2025-09-26 14:46:54,19.13,14100,19.14,D
sh601126,四方股份,2025-09-26 14:47:15,19.13,10800,19.13,U
sh601126,四方股份,2025-09-26 14:47:39,19.12,13000,19.13,D
sh601126,四方股份,2025-09-26 14:47:51,19.12,27000,19.13,D
sh601126,四方股份,2025-09-26 14:47:54,19.13,14400,19.12,U
sh601126,四方股份,2025-09-26 14:48:03,19.13,27500,19.13,U
sh601126,四方股份,2025-09-26 14:48:12,19.13,38600,19.15,D
sh601126,四方股份,2025-09-26 14:48:42,19.12,22500,19.13,D
sh601126,四方股份,2025-09-26 14:48:54,19.12,27600,19.12,D
sh601126,四方股份,2025-09-26 14:49:06,19.1,61900,19.11,D
sh601126,四方股份,2025-09-26 14:49:09,19.1,10500,19.1,D
sh601126,四方股份,2025-09-26 14:49:36,19.09,16300,19.09,D
sh601126,四方股份,2025-09-26 14:49:51,19.08,17200,19.1,D
sh601126,四方股份,2025-09-26 14:50:09,19.08,14900,19.08,U
sh601126,四方股份,2025-09-26 14:50:18,19.07,33800,19.08,D
sh601126,四方股份,2025-09-26 14:50:21,19.08,23400,19.07,U
sh601126,四方股份,2025-09-26 14:50:24,19.08,33300,19.08,U
sh601126,四方股份,2025-09-26 14:50:51,19.07,11000,19.07,D
sh601126,四方股份,2025-09-26 14:51:30,19.07,46800,19.05,U
sh601126,四方股份,2025-09-26 14:51:33,19.07,13700,19.07,U
sh601126,四方股份,2025-09-26 14:51:48,19.08,10800,19.07,U
sh601126,四方股份,2025-09-26 14:52:00,19.07,18600,19.07,D
sh601126,四方股份,2025-09-26 14:52:12,19.07,21900,19.07,U
sh601126,四方股份,2025-09-26 14:52:27,19.06,64900,19.07,D
sh601126,四方股份,2025-09-26 14:52:36,19.07,60600,19.06,U
sh601126,四方股份,2025-09-26 14:53:00,19.07,11700,19.07,U
sh601126,四方股份,2025-09-26 14:53:09,19.0,78200,19.06,D
sh601126,四方股份,2025-09-26 14:53:15,19.05,11800,19.04,U
sh601126,四方股份,2025-09-26 14:53:33,19.04,21800,19.04,U
sh601126,四方股份,2025-09-26 14:53:57,19.04,11000,19.05,D
sh601126,四方股份,2025-09-26 14:54:00,19.04,22100,19.04,U
sh601126,四方股份,2025-09-26 14:54:09,19.04,14000,19.03,U
sh601126,四方股份,2025-09-26 14:54:15,19.05,18000,19.05,U
sh601126,四方股份,2025-09-26 14:54:24,19.05,25800,19.04,U
sh601126,四方股份,2025-09-26 14:54:36,19.05,39400,19.03,U
sh601126,四方股份,2025-09-26 14:54:45,19.05,29000,19.04,U
sh601126,四方股份,2025-09-26 14:54:57,19.05,23200,19.05,U
sh601126,四方股份,2025-09-26 14:55:03,19.04,12700,19.05,D
sh601126,四方股份,2025-09-26 14:55:06,19.05,32700,19.04,U
sh601126,四方股份,2025-09-26 14:55:15,19.05,84200,19.05,U
sh601126,四方股份,2025-09-26 14:55:21,19.1,69600,19.06,U
sh601126,四方股份,2025-09-26 14:55:30,19.1,53600,19.09,U
sh601126,四方股份,2025-09-26 14:55:42,19.11,26300,19.09,U
sh601126,四方股份,2025-09-26 14:55:51,19.1,34400,19.1,D
sh601126,四方股份,2025-09-26 14:55:57,19.15,34400,19.14,U
sh601126,四方股份,2025-09-26 14:56:03,19.11,14500,19.11,D
sh601126,四方股份,2025-09-26 14:56:06,19.12,11700,19.11,U
sh601126,四方股份,2025-09-26 14:56:18,19.12,62100,19.11,U
sh601126,四方股份,2025-09-26 14:56:27,19.15,76100,19.11,U
sh601126,四方股份,2025-09-26 14:56:39,19.18,60700,19.15,U
sh601126,四方股份,2025-09-26 14:56:54,19.17,104300,19.17,U
sh601126,四方股份,2025-09-26 15:00:03,19.1,518900,19.1,U
