symbol,name,ticktime,price,volume,prev_price,kind
sh601126,四方股份,2025-10-13 09:25:03,21.4,1085000,0.0,U
sh601126,四方股份,2025-10-13 09:30:01,21.45,155800,21.4,U
sh601126,四方股份,2025-10-13 09:30:04,21.48,119300,21.45,U
sh601126,四方股份,2025-10-13 09:30:07,21.48,152400,21.48,D
sh601126,四方股份,2025-10-13 09:30:10,21.48,199500,21.48,D
sh601126,四方股份,2025-10-13 09:30:13,21.54,202700,21.48,U
sh601126,四方股份,2025-10-13 09:30:16,21.61,66900,21.54,U
sh601126,四方股份,2025-10-13 09:30:19,21.52,70500,21.61,D
sh601126,四方股份,2025-10-13 09:30:22,21.47,253300,21.52,D
sh601126,四方股份,2025-10-13 09:30:25,21.66,128500,21.47,U
sh601126,四方股份,2025-10-13 09:30:28,21.45,1106800,21.66,D
sh601126,四方股份,2025-10-13 09:30:31,21.63,54000,21.45,U
sh601126,四方股份,2025-10-13 09:30:34,21.63,25800,21.63,D
sh601126,四方股份,2025-10-13 09:30:37,21.63,23300,21.63,D
sh601126,四方股份,2025-10-13 09:30:40,21.68,28200,21.63,U
sh601126,四方股份,2025-10-13 09:30:43,21.7,86600,21.68,E
sh601126,四方股份,2025-10-13 09:30:46,21.68,121500,21.7,D
sh601126,四方股份,2025-10-13 09:30:49,21.68,31400,21.68,D
sh601126,四方股份,2025-10-13 09:30:52,21.68,201600,21.68,D
sh601126,四方股份,2025-10-13 09:30:55,21.63,157000,21.68,D
sh601126,四方股份,2025-10-13 09:30:58,21.72,86100,21.63,U
sh601126,四方股份,2025-10-13 09:31:01,21.69,78600,21.72,D
sh601126,四方股份,2025-10-13 09:31:04,21.69,38300,21.69,D
sh601126,四方股份,2025-10-13 09:31:07,21.79,65600,21.69,U
sh601126,四方股份,2025-10-13 09:31:10,21.81,74000,21.79,U
sh601126,四方股份,2025-10-13 09:31:13,21.82,152800,21.81,E
sh601126,四方股份,2025-10-13 09:31:16,21.82,114500,21.82,D
sh601126,四方股份,2025-10-13 09:31:19,21.84,148200,21.82,E
sh601126,四方股份,2025-10-13 09:31:22,21.81,105100,21.84,D
sh601126,四方股份,2025-10-13 09:31:25,21.94,91600,21.81,U
sh601126,四方股份,2025-10-13 09:31:28,21.92,133200,21.94,D
sh601126,四方股份,2025-10-13 09:31:31,21.92,81600,21.92,D
sh601126,四方股份,2025-10-13 09:31:34,21.91,138900,21.92,D
sh601126,四方股份,2025-10-13 09:31:37,21.9,109300,21.91,D
sh601126,四方股份,2025-10-13 09:31:40,22.0,174500,21.9,U
sh601126,四方股份,2025-10-13 09:31:43,21.88,353300,22.0,D
sh601126,四方股份,2025-10-13 09:31:46,22.0,90600,21.88,U
sh601126,四方股份,2025-10-13 09:31:49,22.07,57200,22.0,U
sh601126,四方股份,2025-10-13 09:31:52,22.0,129500,22.07,E
sh601126,四方股份,2025-10-13 09:31:55,22.0,45200,22.0,D
sh601126,四方股份,2025-10-13 09:31:58,21.94,117100,22.0,D
sh601126,四方股份,2025-10-13 09:32:01,21.97,186300,21.94,E
sh601126,四方股份,2025-10-13 09:32:04,21.9,128900,21.97,D
sh601126,四方股份,2025-10-13 09:32:07,21.89,74900,21.9,D
sh601126,四方股份,2025-10-13 09:32:10,22.0,287900,21.89,U
sh601126,四方股份,2025-10-13 09:32:13,21.94,118000,22.0,D
sh601126,四方股份,2025-10-13 09:32:16,21.94,113700,21.94,U
sh601126,四方股份,2025-10-13 09:32:19,22.0,93100,21.94,U
sh601126,四方股份,2025-10-13 09:32:22,22.0,157800,22.0,D
sh601126,四方股份,2025-10-13 09:32:25,22.0,111700,22.0,D
sh601126,四方股份,2025-10-13 09:32:28,22.0,109700,22.0,U
sh601126,四方股份,2025-10-13 09:32:31,22.02,131800,22.0,E
sh601126,四方股份,2025-10-13 09:32:34,22.02,297200,22.02,D
sh601126,四方股份,2025-10-13 09:32:37,22.01,79600,22.02,D
sh601126,四方股份,2025-10-13 09:32:40,21.96,61400,22.01,D
sh601126,四方股份,2025-10-13 09:32:43,21.96,50000,21.96,D
sh601126,四方股份,2025-10-13 09:32:46,21.96,39100,21.96,U
sh601126,四方股份,2025-10-13 09:32:49,21.96,127400,21.96,D
sh601126,四方股份,2025-10-13 09:32:52,21.95,42300,21.96,D
sh601126,四方股份,2025-10-13 09:32:55,21.93,59800,21.95,E
sh601126,四方股份,2025-10-13 09:32:58,21.95,84300,21.93,U
sh601126,四方股份,2025-10-13 09:33:01,21.9,43700,21.95,D
sh601126,四方股份,2025-10-13 09:33:04,21.97,99900,21.9,U
sh601126,四方股份,2025-10-13 09:33:07,21.91,54700,21.97,D
sh601126,四方股份,2025-10-13 09:33:10,21.94,68400,21.91,U
sh601126,四方股份,2025-10-13 09:33:13,21.95,47300,21.94,U
sh601126,四方股份,2025-10-13 09:33:16,22.0,147500,21.95,U
sh601126,四方股份,2025-10-13 09:33:19,22.03,246200,22.0,U
sh601126,四方股份,2025-10-13 09:33:22,22.0,98000,22.03,D
sh601126,四方股份,2025-10-13 09:33:25,22.07,73753,22.0,U
sh601126,四方股份,2025-10-13 09:33:28,22.02,77100,22.07,D
sh601126,四方股份,2025-10-13 09:33:31,22.03,32700,22.02,U
sh601126,四方股份,2025-10-13 09:33:34,22.03,180300,22.03,U
sh601126,四方股份,2025-10-13 09:33:37,22.1,96400,22.03,U
sh601126,四方股份,2025-10-13 09:33:40,22.1,126400,22.1,D
sh601126,四方股份,2025-10-13 09:33:43,22.09,39400,22.1,D
sh601126,四方股份,2025-10-13 09:33:46,22.03,35200,22.09,D
sh601126,四方股份,2025-10-13 09:33:49,22.03,26500,22.03,D
sh601126,四方股份,2025-10-13 09:33:52,22.09,62800,22.03,U
sh601126,四方股份,2025-10-13 09:33:55,22.04,63400,22.09,D
sh601126,四方股份,2025-10-13 09:33:58,22.04,35400,22.04,D
sh601126,四方股份,2025-10-13 09:34:01,22.09,36800,22.04,U
sh601126,四方股份,2025-10-13 09:34:04,22.09,84200,22.09,U
sh601126,四方股份,2025-10-13 09:34:07,22.04,31300,22.09,D
sh601126,四方股份,2025-10-13 09:34:10,22.05,32800,22.04,U
sh601126,四方股份,2025-10-13 09:34:13,22.04,45200,22.05,D
sh601126,四方股份,2025-10-13 09:34:16,22.05,29000,22.04,U
sh601126,四方股份,2025-10-13 09:34:19,22.05,57200,22.05,D
sh601126,四方股份,2025-10-13 09:34:22,22.1,93100,22.05,U
sh601126,四方股份,2025-10-13 09:34:25,22.11,92600,22.1,U
sh601126,四方股份,2025-10-13 09:34:28,22.15,18200,22.11,E
sh601126,四方股份,2025-10-13 09:34:31,22.27,75700,22.15,U
sh601126,四方股份,2025-10-13 09:34:37,22.27,12700,22.27,U
sh601126,四方股份,2025-10-13 09:34:40,22.22,87200,22.27,E
sh601126,四方股份,2025-10-13 09:34:43,22.15,46600,22.22,D
sh601126,四方股份,2025-10-13 09:34:46,22.15,61800,22.15,U
sh601126,四方股份,2025-10-13 09:34:49,22.2,35600,22.15,U
sh601126,四方股份,2025-10-13 09:34:52,22.15,88600,22.2,D
sh601126,四方股份,2025-10-13 09:34:55,22.2,60000,22.15,D
sh601126,四方股份,2025-10-13 09:34:58,22.25,48900,22.2,U
sh601126,四方股份,2025-10-13 09:35:01,22.18,67300,22.25,D
sh601126,四方股份,2025-10-13 09:35:04,22.2,35500,22.18,U
sh601126,四方股份,2025-10-13 09:35:07,22.17,9300,22.2,D
sh601126,四方股份,2025-10-13 09:35:10,22.18,35500,22.17,U
sh601126,四方股份,2025-10-13 09:35:13,22.18,24000,22.18,U
sh601126,四方股份,2025-10-13 09:35:16,22.18,24500,22.18,D
sh601126,四方股份,2025-10-13 09:35:19,22.12,192700,22.18,D
sh601126,四方股份,2025-10-13 09:35:22,22.15,56100,22.12,U
sh601126,四方股份,2025-10-13 09:35:25,22.1,22700,22.15,D
sh601126,四方股份,2025-10-13 09:35:28,22.1,59000,22.1,D
sh601126,四方股份,2025-10-13 09:35:31,22.11,36900,22.1,U
sh601126,四方股份,2025-10-13 09:35:34,22.11,72700,22.11,U
sh601126,四方股份,2025-10-13 09:35:37,22.11,33900,22.11,U
sh601126,四方股份,2025-10-13 09:35:40,22.15,21500,22.11,U
sh601126,四方股份,2025-10-13 09:35:43,22.15,81000,22.15,U
sh601126,四方股份,2025-10-13 09:35:46,22.19,28100,22.15,E
sh601126,四方股份,2025-10-13 09:35:49,22.14,24000,22.19,D
sh601126,四方股份,2025-10-13 09:35:52,22.15,65200,22.14,U
sh601126,四方股份,2025-10-13 09:35:58,22.1,11700,22.09,E
sh601126,四方股份,2025-10-13 09:36:01,22.1,89700,22.1,U
sh601126,四方股份,2025-10-13 09:36:04,22.1,18100,22.1,D
sh601126,四方股份,2025-10-13 09:36:07,22.09,26500,22.1,D
sh601126,四方股份,2025-10-13 09:36:10,22.09,16100,22.09,U
sh601126,四方股份,2025-10-13 09:36:13,22.06,57500,22.09,D
sh601126,四方股份,2025-10-13 09:36:16,22.06,60000,22.06,U
sh601126,四方股份,2025-10-13 09:36:19,22.02,16600,22.06,D
sh601126,四方股份,2025-10-13 09:36:22,22.0,106700,22.02,D
sh601126,四方股份,2025-10-13 09:36:25,21.99,23100,22.0,D
sh601126,四方股份,2025-10-13 09:36:31,21.97,15300,21.98,E
sh601126,四方股份,2025-10-13 09:36:34,21.96,21900,21.97,E
sh601126,四方股份,2025-10-13 09:36:37,21.97,59400,21.96,D
sh601126,四方股份,2025-10-13 09:36:43,21.9,46600,21.93,D
sh601126,四方股份,2025-10-13 09:36:46,21.93,39500,21.9,U
sh601126,四方股份,2025-10-13 09:36:52,21.75,118200,21.89,D
sh601126,四方股份,2025-10-13 09:36:55,21.76,37800,21.75,U
sh601126,四方股份,2025-10-13 09:36:58,21.89,35300,21.76,U
sh601126,四方股份,2025-10-13 09:37:01,21.93,82400,21.89,U
sh601126,四方股份,2025-10-13 09:37:04,21.93,27000,21.93,U
sh601126,四方股份,2025-10-13 09:37:07,21.75,77300,21.93,D
sh601126,四方股份,2025-10-13 09:37:10,21.98,123000,21.75,U
sh601126,四方股份,2025-10-13 09:37:13,21.91,19600,21.98,U
sh601126,四方股份,2025-10-13 09:37:16,21.91,12800,21.91,U
sh601126,四方股份,2025-10-13 09:37:19,21.9,9600,21.91,D
sh601126,四方股份,2025-10-13 09:37:22,21.9,12700,21.9,U
sh601126,四方股份,2025-10-13 09:37:25,21.82,43700,21.9,D
sh601126,四方股份,2025-10-13 09:37:28,21.91,25800,21.82,U
sh601126,四方股份,2025-10-13 09:37:31,21.91,19000,21.91,U
sh601126,四方股份,2025-10-13 09:37:34,21.9,12600,21.91,E
sh601126,四方股份,2025-10-13 09:37:37,21.9,19400,21.9,U
sh601126,四方股份,2025-10-13 09:37:40,21.89,44000,21.9,E
sh601126,四方股份,2025-10-13 09:37:43,21.83,30500,21.89,D
sh601126,四方股份,2025-10-13 09:37:46,21.81,81300,21.83,D
sh601126,四方股份,2025-10-13 09:37:49,21.8,93600,21.81,D
sh601126,四方股份,2025-10-13 09:37:52,21.82,196200,21.8,D
sh601126,四方股份,2025-10-13 09:37:55,21.86,64700,21.82,D
sh601126,四方股份,2025-10-13 09:37:58,21.87,39900,21.86,U
sh601126,四方股份,2025-10-13 09:38:01,21.89,28700,21.87,E
sh601126,四方股份,2025-10-13 09:38:04,21.86,16700,21.89,E
sh601126,四方股份,2025-10-13 09:38:07,21.84,31500,21.86,D
sh601126,四方股份,2025-10-13 09:38:10,21.87,42500,21.84,U
sh601126,四方股份,2025-10-13 09:38:13,21.91,61400,21.87,U
sh601126,四方股份,2025-10-13 09:38:16,21.88,88100,21.91,D
sh601126,四方股份,2025-10-13 09:38:22,21.88,63300,21.88,D
sh601126,四方股份,2025-10-13 09:38:25,21.87,23500,21.88,D
sh601126,四方股份,2025-10-13 09:38:28,21.87,22300,21.87,E
sh601126,四方股份,2025-10-13 09:38:31,21.88,29900,21.87,U
sh601126,四方股份,2025-10-13 09:38:34,21.84,63400,21.88,D
sh601126,四方股份,2025-10-13 09:38:37,21.84,67500,21.84,U
sh601126,四方股份,2025-10-13 09:38:46,21.89,14800,21.89,D
sh601126,四方股份,2025-10-13 09:38:49,21.89,10700,21.89,U
sh601126,四方股份,2025-10-13 09:38:55,21.9,16800,21.9,D
sh601126,四方股份,2025-10-13 09:38:58,21.88,67300,21.9,D
sh601126,四方股份,2025-10-13 09:39:01,21.9,44800,21.88,U
sh601126,四方股份,2025-10-13 09:39:04,21.92,18700,21.9,U
sh601126,四方股份,2025-10-13 09:39:07,21.93,19500,21.92,U
sh601126,四方股份,2025-10-13 09:39:16,21.98,23100,21.98,U
sh601126,四方股份,2025-10-13 09:39:19,21.99,21900,21.98,U
sh601126,四方股份,2025-10-13 09:39:22,22.01,167100,21.99,U
sh601126,四方股份,2025-10-13 09:39:25,22.02,25700,22.01,E
sh601126,四方股份,2025-10-13 09:39:28,21.96,160700,22.02,D
sh601126,四方股份,2025-10-13 09:39:31,21.91,45100,21.96,D
sh601126,四方股份,2025-10-13 09:39:34,21.87,98100,21.91,D
sh601126,四方股份,2025-10-13 09:39:37,21.82,51800,21.87,D
sh601126,四方股份,2025-10-13 09:39:40,21.8,67700,21.82,D
sh601126,四方股份,2025-10-13 09:39:43,21.87,33900,21.8,U
sh601126,四方股份,2025-10-13 09:39:49,21.81,43000,21.85,D
sh601126,四方股份,2025-10-13 09:39:52,21.83,21800,21.81,U
sh601126,四方股份,2025-10-13 09:39:55,21.88,119500,21.83,U
sh601126,四方股份,2025-10-13 09:39:58,21.89,76500,21.88,U
sh601126,四方股份,2025-10-13 09:40:01,21.91,70400,21.89,U
sh601126,四方股份,2025-10-13 09:40:04,21.96,18400,21.91,U
sh601126,四方股份,2025-10-13 09:40:07,21.98,37200,21.96,E
sh601126,四方股份,2025-10-13 09:40:10,22.0,35800,21.98,U
sh601126,四方股份,2025-10-13 09:40:13,22.01,49700,22.0,U
sh601126,四方股份,2025-10-13 09:40:16,22.07,16400,22.01,U
sh601126,四方股份,2025-10-13 09:40:19,22.04,157600,22.07,D
sh601126,四方股份,2025-10-13 09:40:25,22.0,33500,21.98,U
sh601126,四方股份,2025-10-13 09:40:28,22.0,17600,22.0,U
sh601126,四方股份,2025-10-13 09:40:31,22.0,79900,22.0,U
sh601126,四方股份,2025-10-13 09:40:34,22.04,122800,22.0,U
sh601126,四方股份,2025-10-13 09:40:37,22.0,39500,22.04,D
sh601126,四方股份,2025-10-13 09:40:40,22.02,36100,22.0,E
sh601126,四方股份,2025-10-13 09:40:43,22.02,26400,22.02,U
sh601126,四方股份,2025-10-13 09:40:46,22.04,152300,22.02,U
sh601126,四方股份,2025-10-13 09:40:49,22.06,148900,22.04,U
sh601126,四方股份,2025-10-13 09:40:52,22.06,147500,22.06,U
sh601126,四方股份,2025-10-13 09:40:55,22.06,36600,22.06,U
sh601126,四方股份,2025-10-13 09:40:58,22.1,51800,22.06,U
sh601126,四方股份,2025-10-13 09:41:01,22.12,39600,22.1,U
sh601126,四方股份,2025-10-13 09:41:07,22.2,18700,22.14,U
sh601126,四方股份,2025-10-13 09:41:10,22.2,73800,22.2,U
sh601126,四方股份,2025-10-13 09:41:13,22.14,59700,22.2,D
sh601126,四方股份,2025-10-13 09:41:16,22.2,68200,22.14,U
sh601126,四方股份,2025-10-13 09:41:19,22.2,89000,22.2,U
sh601126,四方股份,2025-10-13 09:41:22,22.18,11500,22.2,D
sh601126,四方股份,2025-10-13 09:41:25,22.17,15700,22.18,D
sh601126,四方股份,2025-10-13 09:41:28,22.16,10600,22.17,E
sh601126,四方股份,2025-10-13 09:41:31,22.16,23200,22.16,U
sh601126,四方股份,2025-10-13 09:41:34,22.1,142600,22.16,D
sh601126,四方股份,2025-10-13 09:41:37,22.1,51000,22.1,U
sh601126,四方股份,2025-10-13 09:41:43,22.09,21100,22.1,D
sh601126,四方股份,2025-10-13 09:41:46,22.09,20600,22.09,U
sh601126,四方股份,2025-10-13 09:41:49,22.11,10200,22.09,E
sh601126,四方股份,2025-10-13 09:41:52,22.1,44600,22.11,D
sh601126,四方股份,2025-10-13 09:41:55,22.1,11400,22.1,D
sh601126,四方股份,2025-10-13 09:42:04,22.07,38200,22.12,D
sh601126,四方股份,2025-10-13 09:42:10,22.05,17900,22.05,D
sh601126,四方股份,2025-10-13 09:42:13,22.05,11800,22.05,D
sh601126,四方股份,2025-10-13 09:42:22,22.04,201300,22.04,D
sh601126,四方股份,2025-10-13 09:42:25,22.05,81000,22.04,U
sh601126,四方股份,2025-10-13 09:42:28,22.04,16100,22.05,D
sh601126,四方股份,2025-10-13 09:42:34,22.07,56700,22.05,U
sh601126,四方股份,2025-10-13 09:42:37,22.08,16300,22.07,E
sh601126,四方股份,2025-10-13 09:42:43,22.06,91400,22.07,D
sh601126,四方股份,2025-10-13 09:42:52,22.1,10000,22.08,E
sh601126,四方股份,2025-10-13 09:42:55,22.09,26600,22.1,D
sh601126,四方股份,2025-10-13 09:42:58,22.1,35900,22.09,U
sh601126,四方股份,2025-10-13 09:43:01,22.1,41200,22.1,D
sh601126,四方股份,2025-10-13 09:43:04,22.12,37000,22.1,U
sh601126,四方股份,2025-10-13 09:43:07,22.15,319400,22.12,U
sh601126,四方股份,2025-10-13 09:43:10,22.12,73500,22.15,D
sh601126,四方股份,2025-10-13 09:43:13,22.19,11900,22.12,U
sh601126,四方股份,2025-10-13 09:43:19,22.21,21900,22.21,D
sh601126,四方股份,2025-10-13 09:43:22,22.23,13800,22.21,E
sh601126,四方股份,2025-10-13 09:43:28,22.3,11000,22.24,U
sh601126,四方股份,2025-10-13 09:43:31,22.27,22200,22.3,D
sh601126,四方股份,2025-10-13 09:43:34,22.21,86700,22.27,D
sh601126,四方股份,2025-10-13 09:43:37,22.26,61800,22.21,U
sh601126,四方股份,2025-10-13 09:43:40,22.33,43200,22.26,U
sh601126,四方股份,2025-10-13 09:43:43,22.35,35300,22.33,U
sh601126,四方股份,2025-10-13 09:43:46,22.35,11900,22.35,U
sh601126,四方股份,2025-10-13 09:43:52,22.32,228000,22.35,D
sh601126,四方股份,2025-10-13 09:43:55,22.35,56900,22.32,U
sh601126,四方股份,2025-10-13 09:43:58,22.36,18900,22.35,U
sh601126,四方股份,2025-10-13 09:44:01,22.32,14900,22.36,D
sh601126,四方股份,2025-10-13 09:44:04,22.35,23300,22.32,E
sh601126,四方股份,2025-10-13 09:44:07,22.37,17000,22.35,U
sh601126,四方股份,2025-10-13 09:44:10,22.37,10200,22.37,D
sh601126,四方股份,2025-10-13 09:44:13,22.4,40800,22.37,U
sh601126,四方股份,2025-10-13 09:44:16,22.39,24300,22.4,U
sh601126,四方股份,2025-10-13 09:44:19,22.37,52800,22.39,D
sh601126,四方股份,2025-10-13 09:44:22,22.35,155100,22.37,D
sh601126,四方股份,2025-10-13 09:44:25,22.35,32800,22.35,U
sh601126,四方股份,2025-10-13 09:44:31,22.36,24300,22.35,U
sh601126,四方股份,2025-10-13 09:44:34,22.36,18200,22.36,U
sh601126,四方股份,2025-10-13 09:44:37,22.35,77400,22.36,D
sh601126,四方股份,2025-10-13 09:44:40,22.36,53300,22.35,U
sh601126,四方股份,2025-10-13 09:44:43,22.35,22700,22.36,D
sh601126,四方股份,2025-10-13 09:44:46,22.37,13100,22.35,U
sh601126,四方股份,2025-10-13 09:44:49,22.39,22200,22.37,U
sh601126,四方股份,2025-10-13 09:44:52,22.4,27900,22.39,U
sh601126,四方股份,2025-10-13 09:44:58,22.42,35000,22.43,D
sh601126,四方股份,2025-10-13 09:45:01,22.43,21700,22.42,U
sh601126,四方股份,2025-10-13 09:45:04,22.4,27400,22.43,D
sh601126,四方股份,2025-10-13 09:45:07,22.39,52000,22.4,U
sh601126,四方股份,2025-10-13 09:45:10,22.39,26000,22.39,U
sh601126,四方股份,2025-10-13 09:45:13,22.5,141700,22.39,U
sh601126,四方股份,2025-10-13 09:45:16,22.57,162200,22.5,U
sh601126,四方股份,2025-10-13 09:45:19,22.58,11900,22.57,U
sh601126,四方股份,2025-10-13 09:45:22,22.58,41900,22.58,D
sh601126,四方股份,2025-10-13 09:45:25,22.57,90400,22.58,D
sh601126,四方股份,2025-10-13 09:45:28,22.54,47500,22.57,D
sh601126,四方股份,2025-10-13 09:45:31,22.58,250700,22.54,U
sh601126,四方股份,2025-10-13 09:45:34,22.59,26200,22.58,U
sh601126,四方股份,2025-10-13 09:45:37,22.59,35417,22.59,D
sh601126,四方股份,2025-10-13 09:45:40,22.58,45500,22.59,U
sh601126,四方股份,2025-10-13 09:45:43,22.6,28900,22.58,E
sh601126,四方股份,2025-10-13 09:45:46,22.6,27600,22.6,D
sh601126,四方股份,2025-10-13 09:45:49,22.61,20500,22.6,U
sh601126,四方股份,2025-10-13 09:45:52,22.63,18300,22.61,U
sh601126,四方股份,2025-10-13 09:45:55,22.68,38600,22.63,U
sh601126,四方股份,2025-10-13 09:45:58,22.68,30200,22.68,U
sh601126,四方股份,2025-10-13 09:46:01,22.7,77800,22.68,U
sh601126,四方股份,2025-10-13 09:46:04,22.71,36100,22.7,U
sh601126,四方股份,2025-10-13 09:46:07,22.72,116400,22.71,U
sh601126,四方股份,2025-10-13 09:46:10,22.68,86200,22.72,D
sh601126,四方股份,2025-10-13 09:46:13,22.68,147800,22.68,D
sh601126,四方股份,2025-10-13 09:46:16,22.7,62000,22.68,U
sh601126,四方股份,2025-10-13 09:46:19,22.71,54400,22.7,U
sh601126,四方股份,2025-10-13 09:46:22,22.71,90200,22.71,U
sh601126,四方股份,2025-10-13 09:46:25,22.73,63900,22.71,U
sh601126,四方股份,2025-10-13 09:46:28,22.7,100000,22.73,D
sh601126,四方股份,2025-10-13 09:46:31,22.7,54100,22.7,U
sh601126,四方股份,2025-10-13 09:46:34,22.77,149000,22.7,U
sh601126,四方股份,2025-10-13 09:46:37,22.77,37930,22.77,D
sh601126,四方股份,2025-10-13 09:46:40,22.77,159570,22.77,D
sh601126,四方股份,2025-10-13 09:46:43,22.73,111800,22.77,D
sh601126,四方股份,2025-10-13 09:46:46,22.77,228230,22.73,U
sh601126,四方股份,2025-10-13 09:46:49,22.79,18900,22.77,U
sh601126,四方股份,2025-10-13 09:46:52,22.81,86600,22.79,U
sh601126,四方股份,2025-10-13 09:46:55,22.87,187400,22.81,U
sh601126,四方股份,2025-10-13 09:46:58,22.81,136900,22.87,E
sh601126,四方股份,2025-10-13 09:47:01,22.84,60000,22.81,U
sh601126,四方股份,2025-10-13 09:47:04,22.82,89300,22.84,D
sh601126,四方股份,2025-10-13 09:47:07,22.85,149000,22.82,U
sh601126,四方股份,2025-10-13 09:47:10,22.8,82600,22.85,D
sh601126,四方股份,2025-10-13 09:47:13,22.81,84200,22.8,U
sh601126,四方股份,2025-10-13 09:47:16,22.82,20200,22.81,U
sh601126,四方股份,2025-10-13 09:47:19,22.81,51300,22.82,D
sh601126,四方股份,2025-10-13 09:47:22,22.8,92300,22.81,D
sh601126,四方股份,2025-10-13 09:47:25,22.8,62100,22.8,D
sh601126,四方股份,2025-10-13 09:47:28,22.74,41400,22.8,D
sh601126,四方股份,2025-10-13 09:47:31,22.72,50570,22.74,D
sh601126,四方股份,2025-10-13 09:47:34,22.72,28800,22.72,U
sh601126,四方股份,2025-10-13 09:47:37,22.72,9300,22.72,D
sh601126,四方股份,2025-10-13 09:47:40,22.72,22500,22.72,U
sh601126,四方股份,2025-10-13 09:47:46,22.7,92200,22.75,D
sh601126,四方股份,2025-10-13 09:47:49,22.72,58300,22.7,U
sh601126,四方股份,2025-10-13 09:47:52,22.74,100500,22.72,U
sh601126,四方股份,2025-10-13 09:47:55,22.72,37200,22.74,D
sh601126,四方股份,2025-10-13 09:47:58,22.72,17300,22.72,D
sh601126,四方股份,2025-10-13 09:48:01,22.74,40900,22.72,U
sh601126,四方股份,2025-10-13 09:48:04,22.76,87400,22.74,E
sh601126,四方股份,2025-10-13 09:48:07,22.79,56830,22.76,U
sh601126,四方股份,2025-10-13 09:48:10,22.85,12272,22.79,U
sh601126,四方股份,2025-10-13 09:48:13,22.89,40100,22.85,U
sh601126,四方股份,2025-10-13 09:48:16,22.93,34400,22.89,U
sh601126,四方股份,2025-10-13 09:48:19,22.94,28400,22.93,U
sh601126,四方股份,2025-10-13 09:48:22,23.04,181500,22.94,U
sh601126,四方股份,2025-10-13 09:48:25,23.09,129800,23.04,E
sh601126,四方股份,2025-10-13 09:48:28,23.08,63900,23.09,E
sh601126,四方股份,2025-10-13 09:48:31,23.01,67400,23.08,D
sh601126,四方股份,2025-10-13 09:48:34,23.01,65200,23.01,U
sh601126,四方股份,2025-10-13 09:48:37,23.02,182700,23.01,U
sh601126,四方股份,2025-10-13 09:48:40,23.0,73800,23.02,D
sh601126,四方股份,2025-10-13 09:48:43,23.0,101700,23.0,U
sh601126,四方股份,2025-10-13 09:48:46,23.0,93800,23.0,U
sh601126,四方股份,2025-10-13 09:48:49,23.0,56100,23.0,U
sh601126,四方股份,2025-10-13 09:48:52,23.02,49800,23.0,U
sh601126,四方股份,2025-10-13 09:48:55,23.05,116698,23.02,U
sh601126,四方股份,2025-10-13 09:48:58,23.1,26300,23.05,U
sh601126,四方股份,2025-10-13 09:49:01,23.1,33800,23.1,U
sh601126,四方股份,2025-10-13 09:49:04,23.12,91900,23.1,U
sh601126,四方股份,2025-10-13 09:49:07,23.09,88300,23.12,D
sh601126,四方股份,2025-10-13 09:49:10,23.1,191000,23.09,U
sh601126,四方股份,2025-10-13 09:49:13,23.1,63500,23.1,D
sh601126,四方股份,2025-10-13 09:49:16,23.1,101100,23.1,U
sh601126,四方股份,2025-10-13 09:49:19,23.11,71900,23.1,U
sh601126,四方股份,2025-10-13 09:49:22,23.12,38000,23.11,U
sh601126,四方股份,2025-10-13 09:49:25,23.11,29100,23.12,D
sh601126,四方股份,2025-10-13 09:49:28,23.08,91100,23.11,D
sh601126,四方股份,2025-10-13 09:49:31,23.01,44600,23.08,D
sh601126,四方股份,2025-10-13 09:49:34,23.0,24900,23.01,D
sh601126,四方股份,2025-10-13 09:49:37,23.03,37300,23.0,U
sh601126,四方股份,2025-10-13 09:49:40,23.01,56800,23.03,D
sh601126,四方股份,2025-10-13 09:49:43,22.97,69500,23.01,D
sh601126,四方股份,2025-10-13 09:49:46,22.97,63600,22.97,D
sh601126,四方股份,2025-10-13 09:49:49,22.97,66900,22.97,D
sh601126,四方股份,2025-10-13 09:49:52,22.93,31700,22.97,D
sh601126,四方股份,2025-10-13 09:49:55,22.8,103500,22.93,D
sh601126,四方股份,2025-10-13 09:49:58,22.86,59600,22.8,U
sh601126,四方股份,2025-10-13 09:50:01,22.83,36300,22.86,E
sh601126,四方股份,2025-10-13 09:50:04,22.78,56800,22.83,D
sh601126,四方股份,2025-10-13 09:50:07,22.77,80700,22.78,D
sh601126,四方股份,2025-10-13 09:50:10,22.83,43800,22.77,U
sh601126,四方股份,2025-10-13 09:50:13,22.83,105500,22.83,D
sh601126,四方股份,2025-10-13 09:50:16,22.86,23700,22.83,E
sh601126,四方股份,2025-10-13 09:50:19,22.78,60500,22.86,D
sh601126,四方股份,2025-10-13 09:50:22,22.75,38100,22.78,D
sh601126,四方股份,2025-10-13 09:50:25,22.76,75100,22.75,E
sh601126,四方股份,2025-10-13 09:50:28,22.74,53700,22.76,E
sh601126,四方股份,2025-10-13 09:50:31,22.81,43500,22.74,U
sh601126,四方股份,2025-10-13 09:50:34,22.8,22300,22.81,D
sh601126,四方股份,2025-10-13 09:50:37,22.77,14900,22.8,D
sh601126,四方股份,2025-10-13 09:50:40,22.8,69600,22.77,U
sh601126,四方股份,2025-10-13 09:50:43,22.83,38400,22.8,E
sh601126,四方股份,2025-10-13 09:50:46,22.85,17400,22.83,E
sh601126,四方股份,2025-10-13 09:50:49,22.84,49800,22.85,D
sh601126,四方股份,2025-10-13 09:50:52,22.83,23000,22.84,D
sh601126,四方股份,2025-10-13 09:50:55,22.82,46400,22.83,E
sh601126,四方股份,2025-10-13 09:50:58,22.82,42200,22.82,U
sh601126,四方股份,2025-10-13 09:51:01,22.78,26300,22.82,D
sh601126,四方股份,2025-10-13 09:51:04,22.79,47600,22.78,U
sh601126,四方股份,2025-10-13 09:51:07,22.82,69000,22.79,U
sh601126,四方股份,2025-10-13 09:51:10,22.83,143500,22.82,U
sh601126,四方股份,2025-10-13 09:51:13,22.82,47500,22.83,D
sh601126,四方股份,2025-10-13 09:51:16,22.82,158000,22.82,U
sh601126,四方股份,2025-10-13 09:51:19,22.85,47900,22.82,U
sh601126,四方股份,2025-10-13 09:51:22,22.86,29300,22.85,U
sh601126,四方股份,2025-10-13 09:51:25,22.88,41600,22.86,E
sh601126,四方股份,2025-10-13 09:51:28,22.87,50300,22.88,D
sh601126,四方股份,2025-10-13 09:51:31,22.89,82400,22.87,U
sh601126,四方股份,2025-10-13 09:51:34,22.91,44400,22.89,U
sh601126,四方股份,2025-10-13 09:51:37,22.85,57300,22.91,D
sh601126,四方股份,2025-10-13 09:51:40,22.88,82900,22.85,U
sh601126,四方股份,2025-10-13 09:51:43,22.88,92100,22.88,U
sh601126,四方股份,2025-10-13 09:51:46,22.87,40300,22.88,U
sh601126,四方股份,2025-10-13 09:51:49,22.88,14700,22.87,U
sh601126,四方股份,2025-10-13 09:51:52,22.85,89000,22.88,D
sh601126,四方股份,2025-10-13 09:51:55,22.85,85300,22.85,D
sh601126,四方股份,2025-10-13 09:51:58,22.86,42400,22.85,U
sh601126,四方股份,2025-10-13 09:52:01,22.87,19300,22.86,U
sh601126,四方股份,2025-10-13 09:52:07,22.8,83800,22.88,D
sh601126,四方股份,2025-10-13 09:52:10,22.77,50000,22.8,D
sh601126,四方股份,2025-10-13 09:52:13,22.75,46600,22.77,D
sh601126,四方股份,2025-10-13 09:52:16,22.77,43800,22.75,E
sh601126,四方股份,2025-10-13 09:52:19,22.74,34300,22.77,D
sh601126,四方股份,2025-10-13 09:52:22,22.79,105000,22.74,U
sh601126,四方股份,2025-10-13 09:52:25,22.75,83800,22.79,D
sh601126,四方股份,2025-10-13 09:52:28,22.77,54100,22.75,E
sh601126,四方股份,2025-10-13 09:52:31,22.76,39600,22.77,E
sh601126,四方股份,2025-10-13 09:52:34,22.75,28400,22.76,D
sh601126,四方股份,2025-10-13 09:52:37,22.76,39300,22.75,E
sh601126,四方股份,2025-10-13 09:52:40,22.77,90300,22.76,E
sh601126,四方股份,2025-10-13 09:52:43,22.76,13900,22.77,D
sh601126,四方股份,2025-10-13 09:52:46,22.72,17100,22.76,D
sh601126,四方股份,2025-10-13 09:52:49,22.73,24600,22.72,E
sh601126,四方股份,2025-10-13 09:52:52,22.7,20300,22.73,D
sh601126,四方股份,2025-10-13 09:52:55,22.68,9500,22.7,D
sh601126,四方股份,2025-10-13 09:52:58,22.67,16000,22.68,D
sh601126,四方股份,2025-10-13 09:53:01,22.66,16000,22.67,D
sh601126,四方股份,2025-10-13 09:53:04,22.64,29600,22.66,D
sh601126,四方股份,2025-10-13 09:53:10,22.64,14800,22.63,U
sh601126,四方股份,2025-10-13 09:53:13,22.64,27500,22.64,U
sh601126,四方股份,2025-10-13 09:53:16,22.69,100200,22.64,U
sh601126,四方股份,2025-10-13 09:53:22,22.7,11700,22.7,U
sh601126,四方股份,2025-10-13 09:53:28,22.72,9700,22.7,U
sh601126,四方股份,2025-10-13 09:53:34,22.72,24100,22.71,U
sh601126,四方股份,2025-10-13 09:53:40,22.72,15800,22.72,D
sh601126,四方股份,2025-10-13 09:53:46,22.74,19100,22.75,D
sh601126,四方股份,2025-10-13 09:53:49,22.73,12800,22.74,D
sh601126,四方股份,2025-10-13 09:53:52,22.72,41100,22.73,D
sh601126,四方股份,2025-10-13 09:53:55,22.73,142300,22.72,U
sh601126,四方股份,2025-10-13 09:53:58,22.7,9900,22.73,E
sh601126,四方股份,2025-10-13 09:54:01,22.66,31600,22.7,U
sh601126,四方股份,2025-10-13 09:54:04,22.66,9900,22.66,U
sh601126,四方股份,2025-10-13 09:54:07,22.66,9100,22.66,U
sh601126,四方股份,2025-10-13 09:54:13,22.77,63400,22.67,U
sh601126,四方股份,2025-10-13 09:54:16,22.75,22400,22.77,D
sh601126,四方股份,2025-10-13 09:54:19,22.72,13100,22.75,D
sh601126,四方股份,2025-10-13 09:54:31,22.73,9700,22.72,U
sh601126,四方股份,2025-10-13 09:54:40,22.72,17100,22.73,D
sh601126,四方股份,2025-10-13 09:54:43,22.7,37200,22.72,D
sh601126,四方股份,2025-10-13 09:54:46,22.7,39400,22.7,U
sh601126,四方股份,2025-10-13 09:54:49,22.71,36600,22.7,U
sh601126,四方股份,2025-10-13 09:54:52,22.75,58900,22.71,U
sh601126,四方股份,2025-10-13 09:54:58,22.76,8900,22.78,D
sh601126,四方股份,2025-10-13 09:55:01,22.74,44900,22.76,D
sh601126,四方股份,2025-10-13 09:55:04,22.74,25300,22.74,U
sh601126,四方股份,2025-10-13 09:55:10,22.74,37600,22.73,U
sh601126,四方股份,2025-10-13 09:55:16,22.74,78100,22.72,U
sh601126,四方股份,2025-10-13 09:55:19,22.81,80700,22.74,U
sh601126,四方股份,2025-10-13 09:55:22,22.82,29400,22.81,E
sh601126,四方股份,2025-10-13 09:55:25,22.81,40400,22.82,E
sh601126,四方股份,2025-10-13 09:55:28,22.89,34600,22.81,U
sh601126,四方股份,2025-10-13 09:55:34,22.89,9800,22.88,E
sh601126,四方股份,2025-10-13 09:55:40,22.94,11500,22.93,U
sh601126,四方股份,2025-10-13 09:55:43,22.97,52000,22.94,U
sh601126,四方股份,2025-10-13 09:55:46,22.99,14500,22.97,U
sh601126,四方股份,2025-10-13 09:55:49,22.99,9900,22.99,U
sh601126,四方股份,2025-10-13 09:55:52,23.08,173900,22.99,U
sh601126,四方股份,2025-10-13 09:55:55,23.09,20600,23.08,U
sh601126,四方股份,2025-10-13 09:55:58,23.03,30400,23.09,D
sh601126,四方股份,2025-10-13 09:56:01,23.05,30200,23.03,E
sh601126,四方股份,2025-10-13 09:56:04,23.05,104900,23.05,U
sh601126,四方股份,2025-10-13 09:56:07,23.05,63000,23.05,D
sh601126,四方股份,2025-10-13 09:56:10,23.04,17400,23.05,E
sh601126,四方股份,2025-10-13 09:56:13,23.03,29800,23.04,E
sh601126,四方股份,2025-10-13 09:56:16,23.01,25000,23.03,D
sh601126,四方股份,2025-10-13 09:56:19,23.01,44900,23.01,D
sh601126,四方股份,2025-10-13 09:56:22,23.0,15100,23.01,D
sh601126,四方股份,2025-10-13 09:56:25,23.01,17200,23.0,U
sh601126,四方股份,2025-10-13 09:56:28,23.0,20800,23.01,D
sh601126,四方股份,2025-10-13 09:56:31,23.0,58200,23.0,D
sh601126,四方股份,2025-10-13 09:56:34,22.97,10700,23.0,D
sh601126,四方股份,2025-10-13 09:56:37,22.99,18400,22.97,U
sh601126,四方股份,2025-10-13 09:56:40,22.98,14800,22.99,U
sh601126,四方股份,2025-10-13 09:56:43,22.98,19700,22.98,D
sh601126,四方股份,2025-10-13 09:56:46,22.99,20100,22.98,U
sh601126,四方股份,2025-10-13 09:56:49,22.97,9000,22.99,D
sh601126,四方股份,2025-10-13 09:56:52,22.98,22300,22.97,U
sh601126,四方股份,2025-10-13 09:56:55,22.97,15100,22.98,E
sh601126,四方股份,2025-10-13 09:56:58,22.97,33900,22.97,U
sh601126,四方股份,2025-10-13 09:57:01,23.0,61400,22.97,U
sh601126,四方股份,2025-10-13 09:57:04,23.0,62600,23.0,E
sh601126,四方股份,2025-10-13 09:57:07,22.99,37000,23.0,D
sh601126,四方股份,2025-10-13 09:57:10,23.0,11500,22.99,U
sh601126,四方股份,2025-10-13 09:57:13,22.98,18400,23.0,D
sh601126,四方股份,2025-10-13 09:57:16,22.99,17700,22.98,U
sh601126,四方股份,2025-10-13 09:57:19,23.0,26100,22.99,U
sh601126,四方股份,2025-10-13 09:57:22,23.0,27500,23.0,U
sh601126,四方股份,2025-10-13 09:57:25,23.0,61400,23.0,D
sh601126,四方股份,2025-10-13 09:57:28,23.01,31400,23.0,D
sh601126,四方股份,2025-10-13 09:57:31,23.01,59300,23.01,U
sh601126,四方股份,2025-10-13 09:57:34,23.06,42300,23.01,U
sh601126,四方股份,2025-10-13 09:57:37,23.04,31600,23.06,D
sh601126,四方股份,2025-10-13 09:57:40,23.03,33400,23.04,D
sh601126,四方股份,2025-10-13 09:57:43,23.1,219800,23.03,U
sh601126,四方股份,2025-10-13 09:57:46,23.11,27700,23.1,E
sh601126,四方股份,2025-10-13 09:57:49,23.12,120200,23.11,U
sh601126,四方股份,2025-10-13 09:57:52,23.15,23900,23.12,E
sh601126,四方股份,2025-10-13 09:57:55,23.14,41600,23.15,E
sh601126,四方股份,2025-10-13 09:57:58,23.16,52000,23.14,U
sh601126,四方股份,2025-10-13 09:58:01,23.16,29100,23.16,D
sh601126,四方股份,2025-10-13 09:58:04,23.15,72100,23.16,D
sh601126,四方股份,2025-10-13 09:58:07,23.16,49700,23.15,U
sh601126,四方股份,2025-10-13 09:58:10,23.1,40500,23.16,D
sh601126,四方股份,2025-10-13 09:58:13,23.08,20200,23.1,D
sh601126,四方股份,2025-10-13 09:58:16,23.05,35800,23.08,E
sh601126,四方股份,2025-10-13 09:58:19,23.1,146600,23.05,U
sh601126,四方股份,2025-10-13 09:58:22,23.16,87600,23.1,U
sh601126,四方股份,2025-10-13 09:58:25,23.12,86000,23.16,E
sh601126,四方股份,2025-10-13 09:58:28,23.12,118100,23.12,U
sh601126,四方股份,2025-10-13 09:58:31,23.1,15100,23.12,E
sh601126,四方股份,2025-10-13 09:58:34,23.07,32000,23.1,D
sh601126,四方股份,2025-10-13 09:58:37,23.08,25600,23.07,U
sh601126,四方股份,2025-10-13 09:58:40,23.06,20700,23.08,E
sh601126,四方股份,2025-10-13 09:58:43,23.09,31700,23.06,U
sh601126,四方股份,2025-10-13 09:58:46,23.08,115000,23.09,D
sh601126,四方股份,2025-10-13 09:58:49,23.09,59600,23.08,U
sh601126,四方股份,2025-10-13 09:58:52,23.07,33200,23.09,E
sh601126,四方股份,2025-10-13 09:58:55,23.1,276500,23.07,U
sh601126,四方股份,2025-10-13 09:58:58,23.09,77800,23.1,E
sh601126,四方股份,2025-10-13 09:59:01,23.14,15600,23.09,E
sh601126,四方股份,2025-10-13 09:59:04,23.16,28600,23.14,U
sh601126,四方股份,2025-10-13 09:59:07,23.17,36000,23.16,U
sh601126,四方股份,2025-10-13 09:59:10,23.19,167600,23.17,E
sh601126,四方股份,2025-10-13 09:59:13,23.3,83200,23.19,U
sh601126,四方股份,2025-10-13 09:59:16,23.31,56200,23.3,E
sh601126,四方股份,2025-10-13 09:59:19,23.3,92300,23.31,D
sh601126,四方股份,2025-10-13 09:59:22,23.31,63800,23.3,U
sh601126,四方股份,2025-10-13 09:59:25,23.3,156800,23.31,D
sh601126,四方股份,2025-10-13 09:59:28,23.3,83900,23.3,U
sh601126,四方股份,2025-10-13 09:59:31,23.3,88200,23.3,U
sh601126,四方股份,2025-10-13 09:59:34,23.23,19900,23.3,E
sh601126,四方股份,2025-10-13 09:59:37,23.28,22500,23.23,U
sh601126,四方股份,2025-10-13 09:59:40,23.31,17200,23.28,U
sh601126,四方股份,2025-10-13 09:59:43,23.32,10600,23.31,E
sh601126,四方股份,2025-10-13 09:59:46,23.37,31600,23.32,U
sh601126,四方股份,2025-10-13 09:59:49,23.35,34488,23.37,D
sh601126,四方股份,2025-10-13 09:59:52,23.42,98700,23.35,U
sh601126,四方股份,2025-10-13 09:59:55,23.42,91300,23.42,U
sh601126,四方股份,2025-10-13 09:59:58,23.42,40700,23.42,U
sh601126,四方股份,2025-10-13 10:00:01,23.42,87800,23.42,U
sh601126,四方股份,2025-10-13 10:00:04,23.43,163700,23.42,U
sh601126,四方股份,2025-10-13 10:00:07,23.43,50600,23.43,D
sh601126,四方股份,2025-10-13 10:00:10,23.47,126900,23.43,U
sh601126,四方股份,2025-10-13 10:00:13,23.52,195400,23.47,U
sh601126,四方股份,2025-10-13 10:00:16,23.54,83490,23.52,U
sh601126,四方股份,2025-10-13 10:00:19,23.57,81700,23.54,U
sh601126,四方股份,2025-10-13 10:00:22,23.58,64200,23.57,U
sh601126,四方股份,2025-10-13 10:00:25,23.6,37700,23.58,U
sh601126,四方股份,2025-10-13 10:00:28,23.64,31600,23.6,U
sh601126,四方股份,2025-10-13 10:00:31,23.7,36100,23.64,U
sh601126,四方股份,2025-10-13 10:00:34,23.69,18798,23.7,U
sh601126,四方股份,2025-10-13 10:00:37,23.71,124900,23.69,U
sh601126,四方股份,2025-10-13 10:00:40,23.7,88500,23.71,D
sh601126,四方股份,2025-10-13 10:00:43,23.71,204700,23.7,E
sh601126,四方股份,2025-10-13 10:00:46,23.73,146900,23.71,D
sh601126,四方股份,2025-10-13 10:00:49,23.72,187200,23.73,D
sh601126,四方股份,2025-10-13 10:00:52,23.67,119502,23.72,E
sh601126,四方股份,2025-10-13 10:00:55,23.67,151700,23.67,U
sh601126,四方股份,2025-10-13 10:00:58,23.6,55400,23.67,E
sh601126,四方股份,2025-10-13 10:01:01,23.61,76900,23.6,E
sh601126,四方股份,2025-10-13 10:01:04,23.58,116600,23.61,D
sh601126,四方股份,2025-10-13 10:01:07,23.55,49100,23.58,D
sh601126,四方股份,2025-10-13 10:01:10,23.55,48000,23.55,D
sh601126,四方股份,2025-10-13 10:01:13,23.52,32000,23.55,D
sh601126,四方股份,2025-10-13 10:01:16,23.57,50100,23.52,U
sh601126,四方股份,2025-10-13 10:01:19,23.57,18100,23.57,U
sh601126,四方股份,2025-10-13 10:01:22,23.5,103200,23.57,D
sh601126,四方股份,2025-10-13 10:01:25,23.58,31800,23.5,U
sh601126,四方股份,2025-10-13 10:01:28,23.49,70400,23.58,D
sh601126,四方股份,2025-10-13 10:01:31,23.49,39800,23.49,U
sh601126,四方股份,2025-10-13 10:01:34,23.5,34800,23.49,U
sh601126,四方股份,2025-10-13 10:01:37,23.55,48000,23.5,U
sh601126,四方股份,2025-10-13 10:01:40,23.55,14300,23.55,D
sh601126,四方股份,2025-10-13 10:01:43,23.56,26900,23.55,U
sh601126,四方股份,2025-10-13 10:01:46,23.48,60300,23.56,D
sh601126,四方股份,2025-10-13 10:01:49,23.48,65100,23.48,U
sh601126,四方股份,2025-10-13 10:01:52,23.52,20000,23.48,U
sh601126,四方股份,2025-10-13 10:01:55,23.54,21400,23.52,U
sh601126,四方股份,2025-10-13 10:01:58,23.53,44300,23.54,D
sh601126,四方股份,2025-10-13 10:02:01,23.52,40800,23.53,D
sh601126,四方股份,2025-10-13 10:02:04,23.43,86500,23.52,D
sh601126,四方股份,2025-10-13 10:02:07,23.39,93300,23.43,D
sh601126,四方股份,2025-10-13 10:02:10,23.35,81912,23.39,D
sh601126,四方股份,2025-10-13 10:02:13,23.35,24100,23.35,U
sh601126,四方股份,2025-10-13 10:02:16,23.3,29900,23.35,D
sh601126,四方股份,2025-10-13 10:02:19,23.25,25000,23.3,D
sh601126,四方股份,2025-10-13 10:02:22,23.25,9800,23.25,U
sh601126,四方股份,2025-10-13 10:02:28,23.22,15400,23.25,D
sh601126,四方股份,2025-10-13 10:02:31,23.23,57100,23.22,D
sh601126,四方股份,2025-10-13 10:02:34,23.25,22100,23.23,U
sh601126,四方股份,2025-10-13 10:02:37,23.22,31400,23.25,D
sh601126,四方股份,2025-10-13 10:02:40,23.24,31900,23.22,U
sh601126,四方股份,2025-10-13 10:02:43,23.25,18100,23.24,U
sh601126,四方股份,2025-10-13 10:02:46,23.26,10100,23.25,U
sh601126,四方股份,2025-10-13 10:02:49,23.24,21100,23.26,D
sh601126,四方股份,2025-10-13 10:02:52,23.25,189600,23.24,U
sh601126,四方股份,2025-10-13 10:02:55,23.22,43000,23.25,D
sh601126,四方股份,2025-10-13 10:02:58,23.23,34700,23.22,U
sh601126,四方股份,2025-10-13 10:03:01,23.22,12600,23.23,E
sh601126,四方股份,2025-10-13 10:03:07,23.19,35400,23.21,D
sh601126,四方股份,2025-10-13 10:03:10,23.15,10000,23.19,D
sh601126,四方股份,2025-10-13 10:03:13,23.17,26600,23.15,U
sh601126,四方股份,2025-10-13 10:03:16,23.15,48600,23.17,D
sh601126,四方股份,2025-10-13 10:03:19,23.12,48400,23.15,D
sh601126,四方股份,2025-10-13 10:03:22,23.08,59300,23.12,D
sh601126,四方股份,2025-10-13 10:03:25,23.02,20400,23.08,D
sh601126,四方股份,2025-10-13 10:03:28,23.0,17600,23.02,D
sh601126,四方股份,2025-10-13 10:03:31,23.03,16700,23.0,U
sh601126,四方股份,2025-10-13 10:03:34,23.02,43000,23.03,E
sh601126,四方股份,2025-10-13 10:03:37,23.03,21100,23.02,U
sh601126,四方股份,2025-10-13 10:03:40,23.01,53400,23.03,D
sh601126,四方股份,2025-10-13 10:03:43,23.03,67300,23.01,D
sh601126,四方股份,2025-10-13 10:03:46,23.1,17400,23.03,U
sh601126,四方股份,2025-10-13 10:03:52,23.07,41800,23.08,E
sh601126,四方股份,2025-10-13 10:03:55,23.03,66500,23.07,D
sh601126,四方股份,2025-10-13 10:03:58,23.04,25400,23.03,U
sh601126,四方股份,2025-10-13 10:04:01,22.99,49300,23.04,D
sh601126,四方股份,2025-10-13 10:04:04,22.96,45200,22.99,D
sh601126,四方股份,2025-10-13 10:04:07,22.96,9900,22.96,D
sh601126,四方股份,2025-10-13 10:04:10,22.99,9300,22.96,U
sh601126,四方股份,2025-10-13 10:04:13,23.0,31700,22.99,U
sh601126,四方股份,2025-10-13 10:04:16,23.01,13100,23.0,E
sh601126,四方股份,2025-10-13 10:04:19,23.03,58200,23.01,U
sh601126,四方股份,2025-10-13 10:04:22,22.95,24100,23.03,D
sh601126,四方股份,2025-10-13 10:04:25,22.95,51200,22.95,U
sh601126,四方股份,2025-10-13 10:04:28,22.88,76200,22.95,D
sh601126,四方股份,2025-10-13 10:04:31,22.83,113600,22.88,D
sh601126,四方股份,2025-10-13 10:04:34,22.85,29200,22.83,U
sh601126,四方股份,2025-10-13 10:04:37,22.87,30500,22.85,U
sh601126,四方股份,2025-10-13 10:04:40,22.89,16700,22.87,U
sh601126,四方股份,2025-10-13 10:04:46,22.9,37600,22.9,U
sh601126,四方股份,2025-10-13 10:04:49,22.9,204300,22.9,U
sh601126,四方股份,2025-10-13 10:04:52,22.92,74100,22.9,E
sh601126,四方股份,2025-10-13 10:04:55,23.0,13500,22.92,U
sh601126,四方股份,2025-10-13 10:04:58,22.97,55400,23.0,E
sh601126,四方股份,2025-10-13 10:05:01,22.94,35800,22.97,D
sh601126,四方股份,2025-10-13 10:05:04,22.92,106000,22.94,D
sh601126,四方股份,2025-10-13 10:05:07,22.92,87500,22.92,U
sh601126,四方股份,2025-10-13 10:05:10,22.91,24100,22.92,U
sh601126,四方股份,2025-10-13 10:05:13,22.9,39300,22.91,D
sh601126,四方股份,2025-10-13 10:05:16,22.94,28000,22.9,U
sh601126,四方股份,2025-10-13 10:05:19,22.94,63200,22.94,U
sh601126,四方股份,2025-10-13 10:05:22,22.94,35400,22.94,U
sh601126,四方股份,2025-10-13 10:05:25,22.95,19600,22.94,U
sh601126,四方股份,2025-10-13 10:05:28,22.96,26300,22.95,U
sh601126,四方股份,2025-10-13 10:05:31,22.93,39500,22.96,D
sh601126,四方股份,2025-10-13 10:05:34,22.88,107800,22.93,D
sh601126,四方股份,2025-10-13 10:05:37,22.83,57000,22.88,D
sh601126,四方股份,2025-10-13 10:05:40,22.82,77300,22.83,D
sh601126,四方股份,2025-10-13 10:05:43,22.9,94300,22.82,U
sh601126,四方股份,2025-10-13 10:05:46,22.9,25300,22.9,D
sh601126,四方股份,2025-10-13 10:05:49,22.89,19700,22.9,U
sh601126,四方股份,2025-10-13 10:05:52,22.9,12000,22.89,U
sh601126,四方股份,2025-10-13 10:05:58,22.9,21100,22.9,U
sh601126,四方股份,2025-10-13 10:06:01,22.92,14100,22.9,U
sh601126,四方股份,2025-10-13 10:06:07,22.93,11300,22.92,U
sh601126,四方股份,2025-10-13 10:06:10,22.93,10500,22.93,U
sh601126,四方股份,2025-10-13 10:06:13,22.92,10700,22.93,D
sh601126,四方股份,2025-10-13 10:06:16,22.95,51300,22.92,U
sh601126,四方股份,2025-10-13 10:06:19,22.94,13600,22.95,D
sh601126,四方股份,2025-10-13 10:06:22,23.0,19000,22.94,U
sh601126,四方股份,2025-10-13 10:06:25,22.99,20600,23.0,D
sh601126,四方股份,2025-10-13 10:06:28,23.0,23900,22.99,U
sh601126,四方股份,2025-10-13 10:06:34,23.04,18900,23.02,U
sh601126,四方股份,2025-10-13 10:06:37,23.02,20300,23.04,U
sh601126,四方股份,2025-10-13 10:06:40,22.97,64600,23.02,D
sh601126,四方股份,2025-10-13 10:06:43,22.96,48900,22.97,D
sh601126,四方股份,2025-10-13 10:06:46,23.0,12200,22.96,U
sh601126,四方股份,2025-10-13 10:06:52,22.96,9400,22.94,U
sh601126,四方股份,2025-10-13 10:06:55,22.96,12200,22.96,U
sh601126,四方股份,2025-10-13 10:06:58,23.0,36800,22.96,U
sh601126,四方股份,2025-10-13 10:07:04,23.01,42200,23.0,U
sh601126,四方股份,2025-10-13 10:07:07,23.01,28000,23.01,D
sh601126,四方股份,2025-10-13 10:07:10,23.01,42100,23.01,D
sh601126,四方股份,2025-10-13 10:07:13,22.99,13400,23.01,E
sh601126,四方股份,2025-10-13 10:07:16,23.01,10400,22.99,U
sh601126,四方股份,2025-10-13 10:07:22,22.96,80300,23.0,D
sh601126,四方股份,2025-10-13 10:07:25,22.97,77800,22.96,U
sh601126,四方股份,2025-10-13 10:07:28,22.97,26000,22.97,U
sh601126,四方股份,2025-10-13 10:07:31,22.96,20000,22.97,D
sh601126,四方股份,2025-10-13 10:07:34,22.97,31500,22.96,U
sh601126,四方股份,2025-10-13 10:07:37,22.97,34800,22.97,U
sh601126,四方股份,2025-10-13 10:07:43,22.99,50800,22.98,U
sh601126,四方股份,2025-10-13 10:07:46,22.99,19400,22.99,D
sh601126,四方股份,2025-10-13 10:07:49,22.99,14100,22.99,U
sh601126,四方股份,2025-10-13 10:07:55,22.99,12500,22.98,U
sh601126,四方股份,2025-10-13 10:07:58,22.98,17900,22.99,D
sh601126,四方股份,2025-10-13 10:08:01,22.98,20600,22.98,U
sh601126,四方股份,2025-10-13 10:08:04,22.98,64300,22.98,D
sh601126,四方股份,2025-10-13 10:08:07,22.94,65400,22.98,D
sh601126,四方股份,2025-10-13 10:08:10,22.94,49800,22.94,D
sh601126,四方股份,2025-10-13 10:08:13,22.91,48000,22.94,D
sh601126,四方股份,2025-10-13 10:08:16,22.9,23100,22.91,D
sh601126,四方股份,2025-10-13 10:08:19,22.9,38700,22.9,D
sh601126,四方股份,2025-10-13 10:08:22,22.89,9600,22.9,D
sh601126,四方股份,2025-10-13 10:08:25,22.9,19300,22.89,U
sh601126,四方股份,2025-10-13 10:08:28,22.89,9200,22.9,E
sh601126,四方股份,2025-10-13 10:08:31,22.88,17300,22.89,E
sh601126,四方股份,2025-10-13 10:08:34,22.87,18600,22.88,D
sh601126,四方股份,2025-10-13 10:08:37,22.95,161500,22.87,U
sh601126,四方股份,2025-10-13 10:08:40,23.01,82300,22.95,U
sh601126,四方股份,2025-10-13 10:08:43,22.99,9900,23.01,D
sh601126,四方股份,2025-10-13 10:08:46,23.03,10400,22.99,U
sh601126,四方股份,2025-10-13 10:08:52,23.01,11200,23.0,U
sh601126,四方股份,2025-10-13 10:08:55,23.01,8700,23.01,U
sh601126,四方股份,2025-10-13 10:09:04,22.99,12900,22.97,U
sh601126,四方股份,2025-10-13 10:09:07,22.99,145100,22.99,D
sh601126,四方股份,2025-10-13 10:09:10,23.05,88600,22.99,U
sh601126,四方股份,2025-10-13 10:09:13,23.1,19400,23.05,U
sh601126,四方股份,2025-10-13 10:09:19,23.05,44000,23.06,D
sh601126,四方股份,2025-10-13 10:09:31,23.1,15000,23.08,U
sh601126,四方股份,2025-10-13 10:09:34,23.12,16900,23.1,U
sh601126,四方股份,2025-10-13 10:09:37,23.12,42600,23.12,U
sh601126,四方股份,2025-10-13 10:09:40,23.12,31600,23.12,D
sh601126,四方股份,2025-10-13 10:09:43,23.13,11000,23.12,U
sh601126,四方股份,2025-10-13 10:09:49,23.13,8900,23.13,D
sh601126,四方股份,2025-10-13 10:09:52,23.16,24400,23.13,U
sh601126,四方股份,2025-10-13 10:09:58,23.21,16000,23.19,U
sh601126,四方股份,2025-10-13 10:10:01,23.2,22200,23.21,D
sh601126,四方股份,2025-10-13 10:10:04,23.22,14500,23.2,E
sh601126,四方股份,2025-10-13 10:10:07,23.22,15300,23.22,D
sh601126,四方股份,2025-10-13 10:10:10,23.22,29600,23.22,D
sh601126,四方股份,2025-10-13 10:10:13,23.14,121400,23.22,D
sh601126,四方股份,2025-10-13 10:10:16,23.18,28000,23.14,U
sh601126,四方股份,2025-10-13 10:10:19,23.14,21400,23.18,E
sh601126,四方股份,2025-10-13 10:10:22,23.12,10000,23.14,D
sh601126,四方股份,2025-10-13 10:10:25,23.1,43300,23.12,D
sh601126,四方股份,2025-10-13 10:10:28,23.09,11200,23.1,D
sh601126,四方股份,2025-10-13 10:10:34,23.06,25200,23.09,D
sh601126,四方股份,2025-10-13 10:10:40,23.06,18100,23.06,U
sh601126,四方股份,2025-10-13 10:10:52,22.99,12900,23.0,D
sh601126,四方股份,2025-10-13 10:10:58,22.97,10300,22.96,E
sh601126,四方股份,2025-10-13 10:11:07,22.92,10200,22.92,U
sh601126,四方股份,2025-10-13 10:11:10,22.97,24700,22.92,U
sh601126,四方股份,2025-10-13 10:11:22,22.93,36200,22.96,D
sh601126,四方股份,2025-10-13 10:11:25,22.95,13200,22.93,U
sh601126,四方股份,2025-10-13 10:11:28,23.0,20500,22.95,U
sh601126,四方股份,2025-10-13 10:11:31,23.01,18100,23.0,D
sh601126,四方股份,2025-10-13 10:11:34,23.02,9600,23.01,U
sh601126,四方股份,2025-10-13 10:11:37,23.03,8700,23.02,U
sh601126,四方股份,2025-10-13 10:11:43,23.03,11300,23.03,D
sh601126,四方股份,2025-10-13 10:11:46,23.03,15600,23.03,D
sh601126,四方股份,2025-10-13 10:11:48,23.03,14100,23.03,U
sh601126,四方股份,2025-10-13 10:11:52,23.04,11000,23.03,U
sh601126,四方股份,2025-10-13 10:11:55,23.0,11600,23.04,D
sh601126,四方股份,2025-10-13 10:11:58,23.0,14100,23.0,D
sh601126,四方股份,2025-10-13 10:12:01,23.0,11700,23.0,U
sh601126,四方股份,2025-10-13 10:12:04,22.97,31300,23.0,D
sh601126,四方股份,2025-10-13 10:12:10,22.98,14800,22.97,E
sh601126,四方股份,2025-10-13 10:12:25,22.97,16000,22.96,E
sh601126,四方股份,2025-10-13 10:12:31,22.97,10500,22.98,D
sh601126,四方股份,2025-10-13 10:12:37,22.97,26700,22.97,D
sh601126,四方股份,2025-10-13 10:12:40,22.95,11000,22.97,D
sh601126,四方股份,2025-10-13 10:12:43,22.94,13900,22.95,D
sh601126,四方股份,2025-10-13 10:12:46,22.93,19100,22.94,D
sh601126,四方股份,2025-10-13 10:12:55,22.94,38300,22.93,U
sh601126,四方股份,2025-10-13 10:12:58,22.91,45700,22.94,D
sh601126,四方股份,2025-10-13 10:13:07,22.91,31800,22.93,D
sh601126,四方股份,2025-10-13 10:13:10,22.95,126900,22.91,U
sh601126,四方股份,2025-10-13 10:13:13,22.98,48700,22.95,U
sh601126,四方股份,2025-10-13 10:13:16,22.98,39800,22.98,D
sh601126,四方股份,2025-10-13 10:13:28,23.03,76300,23.01,U
sh601126,四方股份,2025-10-13 10:13:49,22.98,9200,22.98,U
sh601126,四方股份,2025-10-13 10:13:55,23.01,47800,22.99,U
sh601126,四方股份,2025-10-13 10:14:16,22.98,10000,22.98,D
sh601126,四方股份,2025-10-13 10:14:28,22.97,24900,22.96,U
sh601126,四方股份,2025-10-13 10:14:37,22.95,10000,22.96,D
sh601126,四方股份,2025-10-13 10:14:40,22.94,89344,22.95,D
sh601126,四方股份,2025-10-13 10:14:43,22.95,34000,22.94,U
sh601126,四方股份,2025-10-13 10:14:55,22.95,9000,22.96,D
sh601126,四方股份,2025-10-13 10:14:58,22.96,11900,22.95,U
sh601126,四方股份,2025-10-13 10:15:01,22.95,12700,22.96,D
sh601126,四方股份,2025-10-13 10:15:13,22.97,19200,22.97,U
sh601126,四方股份,2025-10-13 10:15:16,22.95,12200,22.97,D
sh601126,四方股份,2025-10-13 10:15:19,22.96,16200,22.95,U
sh601126,四方股份,2025-10-13 10:15:22,22.96,10700,22.96,U
sh601126,四方股份,2025-10-13 10:15:25,22.94,12400,22.96,D
sh601126,四方股份,2025-10-13 10:15:34,22.91,15600,22.92,D
sh601126,四方股份,2025-10-13 10:15:37,22.9,37900,22.91,D
sh601126,四方股份,2025-10-13 10:15:46,22.88,20400,22.88,D
sh601126,四方股份,2025-10-13 10:15:55,22.87,26700,22.87,D
sh601126,四方股份,2025-10-13 10:16:01,22.87,9300,22.87,D
sh601126,四方股份,2025-10-13 10:16:04,22.83,59400,22.87,D
sh601126,四方股份,2025-10-13 10:16:07,22.81,27900,22.83,D
sh601126,四方股份,2025-10-13 10:16:10,22.83,24800,22.81,U
sh601126,四方股份,2025-10-13 10:16:13,22.83,116700,22.83,D
sh601126,四方股份,2025-10-13 10:16:22,22.82,34000,22.8,U
sh601126,四方股份,2025-10-13 10:16:34,22.86,25200,22.81,U
sh601126,四方股份,2025-10-13 10:16:40,22.81,16400,22.81,D
sh601126,四方股份,2025-10-13 10:16:43,22.8,10200,22.81,D
sh601126,四方股份,2025-10-13 10:17:07,22.79,125400,22.79,U
sh601126,四方股份,2025-10-13 10:17:10,22.82,48800,22.79,U
sh601126,四方股份,2025-10-13 10:17:13,22.8,18600,22.82,D
sh601126,四方股份,2025-10-13 10:17:19,22.82,66900,22.82,U
sh601126,四方股份,2025-10-13 10:17:22,22.82,10600,22.82,U
sh601126,四方股份,2025-10-13 10:17:37,22.81,15700,22.81,D
sh601126,四方股份,2025-10-13 10:17:46,22.8,53300,22.8,D
sh601126,四方股份,2025-10-13 10:17:49,22.79,18600,22.8,D
sh601126,四方股份,2025-10-13 10:17:55,22.86,151800,22.8,U
sh601126,四方股份,2025-10-13 10:17:58,22.85,14600,22.86,D
sh601126,四方股份,2025-10-13 10:18:04,22.84,9200,22.8,U
sh601126,四方股份,2025-10-13 10:18:07,22.84,12500,22.84,D
sh601126,四方股份,2025-10-13 10:18:10,22.88,19700,22.84,U
sh601126,四方股份,2025-10-13 10:18:13,22.89,12400,22.88,U
sh601126,四方股份,2025-10-13 10:18:19,22.9,8900,22.89,U
sh601126,四方股份,2025-10-13 10:18:25,22.91,60200,22.91,U
sh601126,四方股份,2025-10-13 10:18:37,22.86,15300,22.88,E
sh601126,四方股份,2025-10-13 10:18:52,22.88,12600,22.87,U
sh601126,四方股份,2025-10-13 10:18:55,22.88,15500,22.88,U
sh601126,四方股份,2025-10-13 10:18:58,22.9,15300,22.88,U
sh601126,四方股份,2025-10-13 10:19:07,22.9,13500,22.9,D
sh601126,四方股份,2025-10-13 10:19:22,22.92,15600,22.91,U
sh601126,四方股份,2025-10-13 10:19:34,22.9,14400,22.94,D
sh601126,四方股份,2025-10-13 10:19:43,22.91,13500,22.91,U
sh601126,四方股份,2025-10-13 10:20:01,22.94,17900,22.92,U
sh601126,四方股份,2025-10-13 10:20:04,22.96,28544,22.94,U
sh601126,四方股份,2025-10-13 10:20:07,23.01,47900,22.96,U
sh601126,四方股份,2025-10-13 10:20:13,23.01,9500,23.02,E
sh601126,四方股份,2025-10-13 10:20:31,23.09,9300,23.06,U
sh601126,四方股份,2025-10-13 10:20:43,23.11,28700,23.13,D
sh601126,四方股份,2025-10-13 10:20:46,23.1,9500,23.11,E
sh601126,四方股份,2025-10-13 10:20:49,23.06,8800,23.1,D
sh601126,四方股份,2025-10-13 10:20:52,23.07,20800,23.06,U
sh601126,四方股份,2025-10-13 10:21:01,23.04,13800,23.05,D
sh601126,四方股份,2025-10-13 10:21:04,23.04,14300,23.04,D
sh601126,四方股份,2025-10-13 10:21:07,23.05,29700,23.04,E
sh601126,四方股份,2025-10-13 10:21:16,23.05,13000,23.06,D
sh601126,四方股份,2025-10-13 10:21:19,23.05,13000,23.05,D
sh601126,四方股份,2025-10-13 10:21:28,23.06,16600,23.06,U
sh601126,四方股份,2025-10-13 10:21:34,23.02,38500,23.06,D
sh601126,四方股份,2025-10-13 10:21:37,23.05,145000,23.02,U
sh601126,四方股份,2025-10-13 10:21:40,23.05,9600,23.05,U
sh601126,四方股份,2025-10-13 10:21:49,23.04,56500,23.02,U
sh601126,四方股份,2025-10-13 10:21:52,22.99,20700,23.04,D
sh601126,四方股份,2025-10-13 10:22:16,22.99,34500,22.97,U
sh601126,四方股份,2025-10-13 10:22:31,23.1,73900,23.0,U
sh601126,四方股份,2025-10-13 10:22:34,23.01,14200,23.1,D
sh601126,四方股份,2025-10-13 10:22:40,23.09,55398,23.06,U
sh601126,四方股份,2025-10-13 10:22:46,23.11,18300,23.11,U
sh601126,四方股份,2025-10-13 10:22:49,23.1,10800,23.11,D
sh601126,四方股份,2025-10-13 10:22:52,23.13,11300,23.1,U
sh601126,四方股份,2025-10-13 10:23:16,23.15,19500,23.15,D
sh601126,四方股份,2025-10-13 10:23:19,23.15,16200,23.15,D
sh601126,四方股份,2025-10-13 10:23:28,23.2,31000,23.16,U
sh601126,四方股份,2025-10-13 10:23:31,23.17,22100,23.2,D
sh601126,四方股份,2025-10-13 10:23:34,23.25,48900,23.17,U
sh601126,四方股份,2025-10-13 10:23:37,23.24,10800,23.25,D
sh601126,四方股份,2025-10-13 10:23:40,23.24,9800,23.24,U
sh601126,四方股份,2025-10-13 10:23:43,23.2,15200,23.24,D
sh601126,四方股份,2025-10-13 10:23:46,23.2,13100,23.2,D
sh601126,四方股份,2025-10-13 10:23:49,23.21,14500,23.2,U
sh601126,四方股份,2025-10-13 10:23:52,23.18,21800,23.21,D
sh601126,四方股份,2025-10-13 10:23:55,23.17,11900,23.18,D
sh601126,四方股份,2025-10-13 10:23:58,23.19,14000,23.17,U
sh601126,四方股份,2025-10-13 10:24:04,23.18,18500,23.16,U
sh601126,四方股份,2025-10-13 10:24:25,23.14,18900,23.16,D
sh601126,四方股份,2025-10-13 10:24:31,23.1,30800,23.14,D
sh601126,四方股份,2025-10-13 10:24:40,23.11,12200,23.1,U
sh601126,四方股份,2025-10-13 10:24:45,23.06,59200,23.09,D
sh601126,四方股份,2025-10-13 10:24:55,23.06,11000,23.06,D
sh601126,四方股份,2025-10-13 10:24:58,23.07,14300,23.06,U
sh601126,四方股份,2025-10-13 10:25:01,23.05,14500,23.07,D
sh601126,四方股份,2025-10-13 10:25:10,23.04,12800,23.03,E
sh601126,四方股份,2025-10-13 10:25:25,23.03,13900,23.03,U
sh601126,四方股份,2025-10-13 10:25:28,23.0,82802,23.03,D
sh601126,四方股份,2025-10-13 10:25:31,23.0,22900,23.0,U
sh601126,四方股份,2025-10-13 10:25:34,23.0,23500,23.0,U
sh601126,四方股份,2025-10-13 10:25:40,23.03,32298,22.99,U
sh601126,四方股份,2025-10-13 10:25:43,23.09,62100,23.03,U
sh601126,四方股份,2025-10-13 10:26:10,23.13,22900,23.09,U
sh601126,四方股份,2025-10-13 10:26:16,23.14,22100,23.12,U
sh601126,四方股份,2025-10-13 10:26:25,23.14,8900,23.14,D
sh601126,四方股份,2025-10-13 10:26:34,23.14,10400,23.14,D
sh601126,四方股份,2025-10-13 10:26:37,23.15,19500,23.14,U
sh601126,四方股份,2025-10-13 10:26:43,23.18,33700,23.17,U
sh601126,四方股份,2025-10-13 10:26:46,23.21,14400,23.18,U
sh601126,四方股份,2025-10-13 10:27:04,23.2,17100,23.24,D
sh601126,四方股份,2025-10-13 10:27:07,23.19,22000,23.2,D
sh601126,四方股份,2025-10-13 10:27:10,23.18,10300,23.19,D
sh601126,四方股份,2025-10-13 10:27:22,23.19,13000,23.16,U
sh601126,四方股份,2025-10-13 10:27:28,23.18,17400,23.18,D
sh601126,四方股份,2025-10-13 10:27:40,23.18,12200,23.18,D
sh601126,四方股份,2025-10-13 10:27:52,23.1,14200,23.14,D
sh601126,四方股份,2025-10-13 10:28:10,23.16,11700,23.13,U
sh601126,四方股份,2025-10-13 10:28:28,23.2,13200,23.2,U
sh601126,四方股份,2025-10-13 10:28:31,23.2,9300,23.2,U
sh601126,四方股份,2025-10-13 10:28:37,23.32,108500,23.2,U
sh601126,四方股份,2025-10-13 10:28:40,23.34,11400,23.32,U
sh601126,四方股份,2025-10-13 10:28:43,23.37,25700,23.34,U
sh601126,四方股份,2025-10-13 10:28:46,23.42,9500,23.37,U
sh601126,四方股份,2025-10-13 10:28:49,23.37,8600,23.42,D
sh601126,四方股份,2025-10-13 10:28:52,23.37,10900,23.37,D
sh601126,四方股份,2025-10-13 10:28:55,23.41,17700,23.37,U
sh601126,四方股份,2025-10-13 10:28:58,23.37,14600,23.41,D
sh601126,四方股份,2025-10-13 10:29:07,23.45,31600,23.39,U
sh601126,四方股份,2025-10-13 10:29:10,23.39,17700,23.45,D
sh601126,四方股份,2025-10-13 10:29:16,23.41,10600,23.43,D
sh601126,四方股份,2025-10-13 10:29:22,23.45,25700,23.42,U
sh601126,四方股份,2025-10-13 10:29:25,23.42,11300,23.45,D
sh601126,四方股份,2025-10-13 10:29:28,23.42,19900,23.42,D
sh601126,四方股份,2025-10-13 10:29:31,23.4,12700,23.42,D
sh601126,四方股份,2025-10-13 10:29:34,23.42,60000,23.4,U
sh601126,四方股份,2025-10-13 10:29:37,23.42,10100,23.42,D
sh601126,四方股份,2025-10-13 10:29:46,23.45,18500,23.4,U
sh601126,四方股份,2025-10-13 10:29:52,23.47,8800,23.45,U
sh601126,四方股份,2025-10-13 10:29:55,23.45,23000,23.47,D
sh601126,四方股份,2025-10-13 10:29:58,23.45,23300,23.45,U
sh601126,四方股份,2025-10-13 10:30:04,23.48,152700,23.43,U
sh601126,四方股份,2025-10-13 10:30:07,23.47,17400,23.48,D
sh601126,四方股份,2025-10-13 10:30:10,23.48,10000,23.47,E
sh601126,四方股份,2025-10-13 10:30:13,23.47,74800,23.48,E
sh601126,四方股份,2025-10-13 10:30:16,23.47,19500,23.47,U
sh601126,四方股份,2025-10-13 10:30:19,23.45,23500,23.47,D
sh601126,四方股份,2025-10-13 10:30:22,23.45,68200,23.45,U
sh601126,四方股份,2025-10-13 10:30:25,23.43,9300,23.45,D
sh601126,四方股份,2025-10-13 10:30:37,23.4,52500,23.41,D
sh601126,四方股份,2025-10-13 10:30:40,23.4,12700,23.4,U
sh601126,四方股份,2025-10-13 10:31:16,23.34,8700,23.32,U
sh601126,四方股份,2025-10-13 10:31:22,23.35,12600,23.34,U
sh601126,四方股份,2025-10-13 10:31:25,23.34,13400,23.35,D
sh601126,四方股份,2025-10-13 10:32:04,23.31,11700,23.3,U
sh601126,四方股份,2025-10-13 10:32:07,23.31,12300,23.31,U
sh601126,四方股份,2025-10-13 10:32:10,23.3,13600,23.31,D
sh601126,四方股份,2025-10-13 10:32:37,23.32,14200,23.32,D
sh601126,四方股份,2025-10-13 10:32:46,23.31,32700,23.33,D
sh601126,四方股份,2025-10-13 10:32:49,23.3,9600,23.31,D
sh601126,四方股份,2025-10-13 10:33:01,23.31,9200,23.31,D
sh601126,四方股份,2025-10-13 10:33:22,23.43,121200,23.34,U
sh601126,四方股份,2025-10-13 10:33:25,23.43,17400,23.43,D
sh601126,四方股份,2025-10-13 10:33:31,23.49,27500,23.45,U
sh601126,四方股份,2025-10-13 10:33:43,23.49,19600,23.48,U
sh601126,四方股份,2025-10-13 10:33:46,23.52,25800,23.49,U
sh601126,四方股份,2025-10-13 10:33:49,23.53,9800,23.52,U
sh601126,四方股份,2025-10-13 10:33:55,23.53,9700,23.52,U
sh601126,四方股份,2025-10-13 10:33:58,23.53,11000,23.53,U
sh601126,四方股份,2025-10-13 10:34:04,23.5,19900,23.53,D
sh601126,四方股份,2025-10-13 10:34:07,23.48,14500,23.5,D
sh601126,四方股份,2025-10-13 10:34:16,23.46,101500,23.46,U
sh601126,四方股份,2025-10-13 10:34:19,23.51,10900,23.46,U
sh601126,四方股份,2025-10-13 10:34:31,23.51,16000,23.48,U
sh601126,四方股份,2025-10-13 10:34:37,23.52,12700,23.5,U
sh601126,四方股份,2025-10-13 10:34:40,23.52,29900,23.52,E
sh601126,四方股份,2025-10-13 10:34:43,23.53,13400,23.52,U
sh601126,四方股份,2025-10-13 10:34:46,23.59,10600,23.53,U
sh601126,四方股份,2025-10-13 10:35:01,23.49,33100,23.57,D
sh601126,四方股份,2025-10-13 10:35:04,23.55,37700,23.49,U
sh601126,四方股份,2025-10-13 10:35:07,23.56,18400,23.55,U
sh601126,四方股份,2025-10-13 10:35:22,23.49,9000,23.49,E
sh601126,四方股份,2025-10-13 10:35:25,23.48,12200,23.49,D
sh601126,四方股份,2025-10-13 10:35:37,23.47,9300,23.47,D
sh601126,四方股份,2025-10-13 10:35:40,23.47,12400,23.47,U
sh601126,四方股份,2025-10-13 10:35:43,23.47,10800,23.47,D
sh601126,四方股份,2025-10-13 10:36:07,23.49,17700,23.48,U
sh601126,四方股份,2025-10-13 10:36:10,23.51,33200,23.49,U
sh601126,四方股份,2025-10-13 10:36:16,23.55,19100,23.54,U
sh601126,四方股份,2025-10-13 10:36:19,23.63,41600,23.55,U
sh601126,四方股份,2025-10-13 10:36:25,23.62,43600,23.61,D
sh601126,四方股份,2025-10-13 10:36:28,23.69,47700,23.62,D
sh601126,四方股份,2025-10-13 10:36:31,23.66,24500,23.69,D
sh601126,四方股份,2025-10-13 10:36:34,23.61,22700,23.66,D
sh601126,四方股份,2025-10-13 10:36:37,23.68,16520,23.61,U
sh601126,四方股份,2025-10-13 10:36:40,23.68,146200,23.68,U
sh601126,四方股份,2025-10-13 10:36:46,23.81,44100,23.76,U
sh601126,四方股份,2025-10-13 10:36:49,23.76,14500,23.81,D
sh601126,四方股份,2025-10-13 10:36:55,23.82,58600,23.85,D
sh601126,四方股份,2025-10-13 10:36:58,23.85,65600,23.82,U
sh601126,四方股份,2025-10-13 10:37:01,23.9,53900,23.85,U
sh601126,四方股份,2025-10-13 10:37:04,23.84,37600,23.9,D
sh601126,四方股份,2025-10-13 10:37:07,23.9,29700,23.84,U
sh601126,四方股份,2025-10-13 10:37:10,23.96,89000,23.9,U
sh601126,四方股份,2025-10-13 10:37:13,23.97,18800,23.96,U
sh601126,四方股份,2025-10-13 10:37:16,23.98,44400,23.97,U
sh601126,四方股份,2025-10-13 10:37:19,23.98,26500,23.98,D
sh601126,四方股份,2025-10-13 10:37:22,23.98,261000,23.98,D
sh601126,四方股份,2025-10-13 10:37:25,23.98,36200,23.98,U
sh601126,四方股份,2025-10-13 10:37:28,23.97,45100,23.98,D
sh601126,四方股份,2025-10-13 10:37:31,23.93,94700,23.97,D
sh601126,四方股份,2025-10-13 10:37:34,23.93,23300,23.93,U
sh601126,四方股份,2025-10-13 10:37:40,23.92,10400,23.93,U
sh601126,四方股份,2025-10-13 10:37:43,23.93,24200,23.92,U
sh601126,四方股份,2025-10-13 10:37:46,23.93,34600,23.93,U
sh601126,四方股份,2025-10-13 10:37:55,23.99,13900,23.94,U
sh601126,四方股份,2025-10-13 10:37:58,24.0,28000,23.99,U
sh601126,四方股份,2025-10-13 10:38:01,24.0,36300,24.0,U
sh601126,四方股份,2025-10-13 10:38:04,23.99,80900,24.0,D
sh601126,四方股份,2025-10-13 10:38:07,24.0,36400,23.99,U
sh601126,四方股份,2025-10-13 10:38:10,24.0,30500,24.0,U
sh601126,四方股份,2025-10-13 10:38:13,23.99,16000,24.0,D
sh601126,四方股份,2025-10-13 10:38:16,23.99,20200,23.99,U
sh601126,四方股份,2025-10-13 10:38:19,23.96,36800,23.99,E
sh601126,四方股份,2025-10-13 10:38:22,23.96,12100,23.96,U
sh601126,四方股份,2025-10-13 10:38:25,23.98,22900,23.96,U
sh601126,四方股份,2025-10-13 10:38:31,23.98,18000,23.99,D
sh601126,四方股份,2025-10-13 10:38:34,23.96,19200,23.98,D
sh601126,四方股份,2025-10-13 10:38:37,24.0,32800,23.96,U
sh601126,四方股份,2025-10-13 10:38:40,24.03,32400,24.0,U
sh601126,四方股份,2025-10-13 10:38:43,24.06,30800,24.03,U
sh601126,四方股份,2025-10-13 10:38:46,24.07,29400,24.06,U
sh601126,四方股份,2025-10-13 10:38:49,24.07,31600,24.07,U
sh601126,四方股份,2025-10-13 10:38:52,24.09,26000,24.07,E
sh601126,四方股份,2025-10-13 10:38:55,24.02,24100,24.09,D
sh601126,四方股份,2025-10-13 10:38:58,24.01,26900,24.02,D
sh601126,四方股份,2025-10-13 10:39:01,23.94,180200,24.01,D
sh601126,四方股份,2025-10-13 10:39:04,23.96,117400,23.94,U
sh601126,四方股份,2025-10-13 10:39:07,23.97,26100,23.96,U
sh601126,四方股份,2025-10-13 10:39:10,24.0,31900,23.97,U
sh601126,四方股份,2025-10-13 10:39:13,23.99,29300,24.0,D
sh601126,四方股份,2025-10-13 10:39:16,23.98,16300,23.99,E
sh601126,四方股份,2025-10-13 10:39:19,23.99,20100,23.98,D
sh601126,四方股份,2025-10-13 10:39:22,23.99,21500,23.99,U
sh601126,四方股份,2025-10-13 10:39:25,24.05,27600,23.99,U
sh601126,四方股份,2025-10-13 10:39:28,24.06,27300,24.05,U
sh601126,四方股份,2025-10-13 10:39:31,24.05,9700,24.06,D
sh601126,四方股份,2025-10-13 10:39:34,24.04,25500,24.05,D
sh601126,四方股份,2025-10-13 10:39:37,24.06,9400,24.04,U
sh601126,四方股份,2025-10-13 10:39:40,24.1,19200,24.06,U
sh601126,四方股份,2025-10-13 10:39:45,24.15,19900,24.11,U
sh601126,四方股份,2025-10-13 10:39:49,24.18,31100,24.15,E
sh601126,四方股份,2025-10-13 10:39:52,24.19,9400,24.18,U
sh601126,四方股份,2025-10-13 10:39:55,24.16,28700,24.19,D
sh601126,四方股份,2025-10-13 10:39:58,24.15,62200,24.16,D
sh601126,四方股份,2025-10-13 10:40:01,24.2,84300,24.15,U
sh601126,四方股份,2025-10-13 10:40:04,24.24,23800,24.2,U
sh601126,四方股份,2025-10-13 10:40:07,24.18,21000,24.24,D
sh601126,四方股份,2025-10-13 10:40:10,24.2,35000,24.18,U
sh601126,四方股份,2025-10-13 10:40:13,24.19,54400,24.2,U
sh601126,四方股份,2025-10-13 10:40:16,24.2,46000,24.19,U
sh601126,四方股份,2025-10-13 10:40:19,24.2,11100,24.2,D
sh601126,四方股份,2025-10-13 10:40:22,24.2,137300,24.2,D
sh601126,四方股份,2025-10-13 10:40:25,24.2,30800,24.2,U
sh601126,四方股份,2025-10-13 10:40:28,24.18,20400,24.2,E
sh601126,四方股份,2025-10-13 10:40:31,24.23,282100,24.18,U
sh601126,四方股份,2025-10-13 10:40:34,24.21,19700,24.23,D
sh601126,四方股份,2025-10-13 10:40:37,24.43,21800,24.21,U
sh601126,四方股份,2025-10-13 10:40:40,24.43,21400,24.43,D
sh601126,四方股份,2025-10-13 10:40:43,24.47,25400,24.43,U
sh601126,四方股份,2025-10-13 10:40:46,24.47,42000,24.47,U
sh601126,四方股份,2025-10-13 10:40:49,24.3,104000,24.47,D
sh601126,四方股份,2025-10-13 10:40:52,24.3,52500,24.3,U
sh601126,四方股份,2025-10-13 10:40:55,24.19,75900,24.3,D
sh601126,四方股份,2025-10-13 10:40:58,24.3,337900,24.19,U
sh601126,四方股份,2025-10-13 10:41:01,24.21,20300,24.3,D
sh601126,四方股份,2025-10-13 10:41:04,24.21,18100,24.21,D
sh601126,四方股份,2025-10-13 10:41:10,24.22,24300,24.23,D
sh601126,四方股份,2025-10-13 10:41:13,24.18,21300,24.22,D
sh601126,四方股份,2025-10-13 10:41:16,24.2,40400,24.18,U
sh601126,四方股份,2025-10-13 10:41:22,24.15,26600,24.13,U
sh601126,四方股份,2025-10-13 10:41:25,24.17,18000,24.15,U
sh601126,四方股份,2025-10-13 10:41:28,24.15,24400,24.17,E
sh601126,四方股份,2025-10-13 10:41:31,24.12,25900,24.15,D
sh601126,四方股份,2025-10-13 10:41:37,24.12,31600,24.08,U
sh601126,四方股份,2025-10-13 10:41:40,24.06,10600,24.12,D
sh601126,四方股份,2025-10-13 10:41:43,24.06,33500,24.06,D
sh601126,四方股份,2025-10-13 10:41:46,24.07,22400,24.06,E
sh601126,四方股份,2025-10-13 10:41:49,24.08,15000,24.07,U
sh601126,四方股份,2025-10-13 10:41:52,24.06,8700,24.08,D
sh601126,四方股份,2025-10-13 10:41:55,24.06,8900,24.06,U
sh601126,四方股份,2025-10-13 10:42:01,24.02,15100,24.05,D
sh601126,四方股份,2025-10-13 10:42:04,24.02,43200,24.02,D
sh601126,四方股份,2025-10-13 10:42:07,24.02,23000,24.02,D
sh601126,四方股份,2025-10-13 10:42:10,24.1,24900,24.02,U
sh601126,四方股份,2025-10-13 10:42:13,24.1,40700,24.1,D
sh601126,四方股份,2025-10-13 10:42:16,24.15,8700,24.1,U
sh601126,四方股份,2025-10-13 10:42:19,24.09,32600,24.15,D
sh601126,四方股份,2025-10-13 10:42:22,24.08,21900,24.09,D
sh601126,四方股份,2025-10-13 10:42:25,24.08,9700,24.08,U
sh601126,四方股份,2025-10-13 10:42:42,24.07,24200,24.07,U
sh601126,四方股份,2025-10-13 10:42:46,24.07,8500,24.07,U
sh601126,四方股份,2025-10-13 10:42:49,24.07,13700,24.07,U
sh601126,四方股份,2025-10-13 10:42:52,24.1,76800,24.07,U
sh601126,四方股份,2025-10-13 10:42:55,24.07,55200,24.1,D
sh601126,四方股份,2025-10-13 10:42:57,24.1,20400,24.07,U
sh601126,四方股份,2025-10-13 10:43:19,24.2,15400,24.19,U
sh601126,四方股份,2025-10-13 10:43:31,24.21,22100,24.21,D
sh601126,四方股份,2025-10-13 10:43:34,24.25,13100,24.21,U
sh601126,四方股份,2025-10-13 10:43:37,24.26,45100,24.25,U
sh601126,四方股份,2025-10-13 10:43:40,24.25,20300,24.26,D
sh601126,四方股份,2025-10-13 10:43:43,24.29,40400,24.25,U
sh601126,四方股份,2025-10-13 10:43:46,24.25,39700,24.29,E
sh601126,四方股份,2025-10-13 10:43:49,24.29,20000,24.25,U
sh601126,四方股份,2025-10-13 10:43:52,24.3,9900,24.29,U
sh601126,四方股份,2025-10-13 10:43:54,24.3,38100,24.3,U
sh601126,四方股份,2025-10-13 10:43:58,24.33,8400,24.3,U
sh601126,四方股份,2025-10-13 10:44:04,24.38,12200,24.33,U
sh601126,四方股份,2025-10-13 10:44:06,24.38,68600,24.38,D
sh601126,四方股份,2025-10-13 10:44:10,24.45,9800,24.38,E
sh601126,四方股份,2025-10-13 10:44:16,24.39,187000,24.4,E
sh601126,四方股份,2025-10-13 10:44:19,24.44,29800,24.39,U
sh601126,四方股份,2025-10-13 10:44:25,24.6,68600,24.45,U
sh601126,四方股份,2025-10-13 10:44:28,24.66,22600,24.6,U
sh601126,四方股份,2025-10-13 10:44:31,24.62,50400,24.66,E
sh601126,四方股份,2025-10-13 10:44:34,24.62,131200,24.62,U
sh601126,四方股份,2025-10-13 10:44:37,24.62,42400,24.62,D
sh601126,四方股份,2025-10-13 10:44:40,24.69,51200,24.62,U
sh601126,四方股份,2025-10-13 10:44:43,24.77,1318403,24.69,U
sh601126,四方股份,2025-10-13 10:44:46,24.77,116500,24.77,D
sh601126,四方股份,2025-10-13 10:44:49,24.77,41600,24.77,D
sh601126,四方股份,2025-10-13 10:44:52,24.77,46800,24.77,D
sh601126,四方股份,2025-10-13 10:44:55,24.77,35300,24.77,D
sh601126,四方股份,2025-10-13 10:44:58,24.77,18200,24.77,D
sh601126,四方股份,2025-10-13 10:45:01,24.77,51200,24.77,D
sh601126,四方股份,2025-10-13 10:45:04,24.77,69300,24.77,D
sh601126,四方股份,2025-10-13 10:45:07,24.77,46800,24.77,D
sh601126,四方股份,2025-10-13 10:45:10,24.77,29000,24.77,D
sh601126,四方股份,2025-10-13 10:45:16,24.77,9700,24.77,D
sh601126,四方股份,2025-10-13 10:45:19,24.77,623200,24.77,D
sh601126,四方股份,2025-10-13 10:45:25,24.77,15400,24.77,D
sh601126,四方股份,2025-10-13 10:45:31,24.77,50600,24.77,D
sh601126,四方股份,2025-10-13 10:45:34,24.77,32500,24.77,D
sh601126,四方股份,2025-10-13 10:45:36,24.77,23400,24.77,D
sh601126,四方股份,2025-10-13 10:45:40,24.77,18200,24.77,D
sh601126,四方股份,2025-10-13 10:45:43,24.77,22900,24.77,D
sh601126,四方股份,2025-10-13 10:45:46,24.77,36500,24.77,D
sh601126,四方股份,2025-10-13 10:45:52,24.77,38278,24.77,D
sh601126,四方股份,2025-10-13 10:46:01,24.77,44700,24.77,D
sh601126,四方股份,2025-10-13 10:46:04,24.77,75300,24.77,D
sh601126,四方股份,2025-10-13 10:46:13,24.77,12800,24.77,D
sh601126,四方股份,2025-10-13 10:46:22,24.77,9108,24.77,D
sh601126,四方股份,2025-10-13 10:46:31,24.77,8300,24.77,D
sh601126,四方股份,2025-10-13 10:46:34,24.77,10800,24.77,D
sh601126,四方股份,2025-10-13 10:46:37,24.77,47400,24.77,D
sh601126,四方股份,2025-10-13 10:46:40,24.77,18800,24.77,D
sh601126,四方股份,2025-10-13 10:46:55,24.77,28300,24.77,D
sh601126,四方股份,2025-10-13 10:47:01,24.77,24500,24.77,D
sh601126,四方股份,2025-10-13 10:47:07,24.77,13500,24.77,D
sh601126,四方股份,2025-10-13 10:47:16,24.77,14800,24.77,D
sh601126,四方股份,2025-10-13 10:47:19,24.77,53800,24.77,D
sh601126,四方股份,2025-10-13 10:47:25,24.77,69000,24.77,D
sh601126,四方股份,2025-10-13 10:47:52,24.77,352300,24.77,D
sh601126,四方股份,2025-10-13 10:47:58,24.77,59500,24.77,D
sh601126,四方股份,2025-10-13 10:48:01,24.77,34700,24.77,D
sh601126,四方股份,2025-10-13 10:48:04,24.77,57700,24.77,D
sh601126,四方股份,2025-10-13 10:48:07,24.77,48300,24.77,D
sh601126,四方股份,2025-10-13 10:48:10,24.77,69800,24.77,D
sh601126,四方股份,2025-10-13 10:48:19,24.77,33700,24.77,D
sh601126,四方股份,2025-10-13 10:48:22,24.77,27600,24.77,D
sh601126,四方股份,2025-10-13 10:48:25,24.77,17500,24.77,D
sh601126,四方股份,2025-10-13 10:48:37,24.77,70200,24.77,D
sh601126,四方股份,2025-10-13 10:48:43,24.77,56100,24.77,D
sh601126,四方股份,2025-10-13 10:48:49,24.77,42200,24.77,D
sh601126,四方股份,2025-10-13 10:48:55,24.77,11100,24.77,D
sh601126,四方股份,2025-10-13 10:49:01,24.77,28100,24.77,D
sh601126,四方股份,2025-10-13 10:49:04,24.77,16200,24.77,D
sh601126,四方股份,2025-10-13 10:49:07,24.77,21500,24.77,D
sh601126,四方股份,2025-10-13 10:49:10,24.77,28800,24.77,D
sh601126,四方股份,2025-10-13 10:49:13,24.77,14400,24.77,D
sh601126,四方股份,2025-10-13 10:49:16,24.77,451600,24.77,D
sh601126,四方股份,2025-10-13 10:49:19,24.77,1051972,24.77,D
sh601126,四方股份,2025-10-13 10:49:22,24.73,362528,24.77,U
sh601126,四方股份,2025-10-13 10:49:25,24.69,69800,24.73,D
sh601126,四方股份,2025-10-13 10:49:28,24.65,14800,24.69,D
sh601126,四方股份,2025-10-13 10:49:31,24.61,13400,24.65,D
sh601126,四方股份,2025-10-13 10:49:34,24.58,34600,24.61,D
sh601126,四方股份,2025-10-13 10:49:37,24.52,21400,24.58,D
sh601126,四方股份,2025-10-13 10:49:40,24.5,37500,24.52,D
sh601126,四方股份,2025-10-13 10:49:43,24.48,16200,24.5,D
sh601126,四方股份,2025-10-13 10:49:46,24.47,20900,24.48,D
sh601126,四方股份,2025-10-13 10:49:49,24.56,29100,24.47,U
sh601126,四方股份,2025-10-13 10:49:52,24.55,28800,24.56,D
sh601126,四方股份,2025-10-13 10:49:55,24.6,16500,24.55,U
sh601126,四方股份,2025-10-13 10:49:58,24.6,11900,24.6,U
sh601126,四方股份,2025-10-13 10:50:01,24.64,31300,24.6,U
sh601126,四方股份,2025-10-13 10:50:04,24.57,81900,24.64,D
sh601126,四方股份,2025-10-13 10:50:07,24.57,26200,24.57,D
sh601126,四方股份,2025-10-13 10:50:13,24.55,15100,24.55,U
sh601126,四方股份,2025-10-13 10:50:19,24.49,9900,24.5,D
sh601126,四方股份,2025-10-13 10:50:25,24.46,10500,24.48,D
sh601126,四方股份,2025-10-13 10:50:28,24.31,51600,24.46,D
sh601126,四方股份,2025-10-13 10:50:31,24.31,52500,24.31,U
sh601126,四方股份,2025-10-13 10:50:34,24.32,38900,24.31,U
sh601126,四方股份,2025-10-13 10:50:37,24.39,27700,24.32,U
sh601126,四方股份,2025-10-13 10:50:40,24.36,20500,24.39,D
sh601126,四方股份,2025-10-13 10:50:43,24.4,30500,24.36,U
sh601126,四方股份,2025-10-13 10:50:46,24.36,12000,24.4,U
sh601126,四方股份,2025-10-13 10:50:49,24.36,17600,24.36,D
sh601126,四方股份,2025-10-13 10:50:55,24.4,8200,24.36,U
sh601126,四方股份,2025-10-13 10:50:58,24.36,28500,24.4,D
sh601126,四方股份,2025-10-13 10:51:01,24.35,65000,24.36,D
sh601126,四方股份,2025-10-13 10:51:04,24.3,55800,24.35,D
sh601126,四方股份,2025-10-13 10:51:07,24.28,10400,24.3,D
sh601126,四方股份,2025-10-13 10:51:10,24.23,14900,24.28,D
sh601126,四方股份,2025-10-13 10:51:13,24.2,9100,24.23,D
sh601126,四方股份,2025-10-13 10:51:19,24.19,39300,24.22,D
sh601126,四方股份,2025-10-13 10:51:22,24.2,67000,24.19,U
sh601126,四方股份,2025-10-13 10:51:25,24.2,23700,24.2,D
sh601126,四方股份,2025-10-13 10:51:28,24.2,9600,24.2,D
sh601126,四方股份,2025-10-13 10:51:31,24.23,54700,24.2,U
sh601126,四方股份,2025-10-13 10:51:37,24.25,35900,24.25,U
sh601126,四方股份,2025-10-13 10:51:40,24.26,14600,24.25,U
sh601126,四方股份,2025-10-13 10:51:43,24.26,8300,24.26,E
sh601126,四方股份,2025-10-13 10:51:46,24.25,13900,24.26,D
sh601126,四方股份,2025-10-13 10:51:49,24.26,15600,24.25,U
sh601126,四方股份,2025-10-13 10:51:52,24.26,35600,24.26,U
sh601126,四方股份,2025-10-13 10:51:55,24.26,20000,24.26,U
sh601126,四方股份,2025-10-13 10:51:58,24.25,43700,24.26,D
sh601126,四方股份,2025-10-13 10:52:01,24.25,12400,24.25,U
sh601126,四方股份,2025-10-13 10:52:04,24.25,13600,24.25,D
sh601126,四方股份,2025-10-13 10:52:07,24.25,11100,24.25,U
sh601126,四方股份,2025-10-13 10:52:10,24.21,35100,24.25,D
sh601126,四方股份,2025-10-13 10:52:13,24.21,14200,24.21,D
sh601126,四方股份,2025-10-13 10:52:19,24.2,24000,24.21,D
sh601126,四方股份,2025-10-13 10:52:22,24.19,27200,24.2,D
sh601126,四方股份,2025-10-13 10:52:25,24.2,31500,24.19,U
sh601126,四方股份,2025-10-13 10:52:28,24.19,47900,24.2,D
sh601126,四方股份,2025-10-13 10:52:31,24.19,27300,24.19,U
sh601126,四方股份,2025-10-13 10:52:40,24.18,10300,24.16,U
sh601126,四方股份,2025-10-13 10:52:43,24.13,11700,24.18,D
sh601126,四方股份,2025-10-13 10:52:49,24.14,23500,24.13,U
sh601126,四方股份,2025-10-13 10:52:52,24.13,10700,24.14,D
sh601126,四方股份,2025-10-13 10:52:54,24.13,15600,24.13,U
sh601126,四方股份,2025-10-13 10:52:58,24.13,10000,24.13,U
sh601126,四方股份,2025-10-13 10:53:01,24.13,68500,24.13,U
sh601126,四方股份,2025-10-13 10:53:04,24.12,26700,24.13,D
sh601126,四方股份,2025-10-13 10:53:07,24.14,12900,24.12,E
sh601126,四方股份,2025-10-13 10:53:13,24.13,55800,24.12,U
sh601126,四方股份,2025-10-13 10:53:16,24.12,15400,24.13,D
sh601126,四方股份,2025-10-13 10:53:19,24.1,30400,24.12,D
sh601126,四方股份,2025-10-13 10:53:22,24.1,24900,24.1,U
sh601126,四方股份,2025-10-13 10:53:25,24.1,29500,24.1,U
sh601126,四方股份,2025-10-13 10:53:28,24.11,26400,24.1,U
sh601126,四方股份,2025-10-13 10:53:31,24.07,66400,24.11,D
sh601126,四方股份,2025-10-13 10:53:34,24.06,22100,24.07,D
sh601126,四方股份,2025-10-13 10:53:37,24.02,9700,24.06,D
sh601126,四方股份,2025-10-13 10:53:40,24.02,9600,24.02,D
sh601126,四方股份,2025-10-13 10:53:43,23.95,49400,24.02,D
sh601126,四方股份,2025-10-13 10:53:46,23.91,25800,23.95,D
sh601126,四方股份,2025-10-13 10:53:49,23.88,15000,23.91,D
sh601126,四方股份,2025-10-13 10:53:52,23.87,10100,23.88,D
sh601126,四方股份,2025-10-13 10:53:58,23.86,9700,23.87,D
sh601126,四方股份,2025-10-13 10:54:01,23.85,18300,23.86,E
sh601126,四方股份,2025-10-13 10:54:04,23.82,8500,23.85,D
sh601126,四方股份,2025-10-13 10:54:07,23.78,113700,23.82,D
sh601126,四方股份,2025-10-13 10:54:10,23.76,10000,23.78,D
sh601126,四方股份,2025-10-13 10:54:13,23.8,28900,23.76,U
sh601126,四方股份,2025-10-13 10:54:16,23.76,33400,23.8,E
sh601126,四方股份,2025-10-13 10:54:19,23.76,59300,23.76,U
sh601126,四方股份,2025-10-13 10:54:22,23.77,21000,23.76,U
sh601126,四方股份,2025-10-13 10:54:25,23.77,37600,23.77,U
sh601126,四方股份,2025-10-13 10:54:28,23.77,49900,23.77,U
sh601126,四方股份,2025-10-13 10:54:31,23.79,64500,23.77,U
sh601126,四方股份,2025-10-13 10:54:34,23.8,16500,23.79,U
sh601126,四方股份,2025-10-13 10:54:37,23.8,34700,23.8,U
sh601126,四方股份,2025-10-13 10:54:40,23.8,119800,23.8,U
sh601126,四方股份,2025-10-13 10:54:43,23.8,62100,23.8,U
sh601126,四方股份,2025-10-13 10:54:46,23.8,44200,23.8,U
sh601126,四方股份,2025-10-13 10:54:49,23.77,45000,23.8,D
sh601126,四方股份,2025-10-13 10:54:52,23.71,31600,23.77,D
sh601126,四方股份,2025-10-13 10:54:55,23.71,56700,23.71,D
sh601126,四方股份,2025-10-13 10:54:58,23.7,15200,23.71,E
sh601126,四方股份,2025-10-13 10:55:01,23.62,31000,23.7,D
sh601126,四方股份,2025-10-13 10:55:04,23.63,19100,23.62,U
sh601126,四方股份,2025-10-13 10:55:10,23.61,29400,23.62,D
sh601126,四方股份,2025-10-13 10:55:13,23.63,15000,23.61,U
sh601126,四方股份,2025-10-13 10:55:16,23.62,12000,23.63,D
sh601126,四方股份,2025-10-13 10:55:19,23.63,25000,23.62,U
sh601126,四方股份,2025-10-13 10:55:22,23.64,67200,23.63,U
sh601126,四方股份,2025-10-13 10:55:28,23.64,78300,23.68,D
sh601126,四方股份,2025-10-13 10:55:31,23.69,11700,23.64,U
sh601126,四方股份,2025-10-13 10:55:34,23.69,25100,23.69,U
sh601126,四方股份,2025-10-13 10:55:37,23.69,24500,23.69,D
sh601126,四方股份,2025-10-13 10:55:40,23.7,26400,23.69,U
sh601126,四方股份,2025-10-13 10:55:43,23.7,32200,23.7,U
sh601126,四方股份,2025-10-13 10:55:46,23.72,17600,23.7,U
sh601126,四方股份,2025-10-13 10:55:49,23.72,15200,23.72,U
sh601126,四方股份,2025-10-13 10:55:58,23.73,21200,23.75,D
sh601126,四方股份,2025-10-13 10:56:01,23.75,60700,23.73,U
sh601126,四方股份,2025-10-13 10:56:04,23.76,44900,23.75,U
sh601126,四方股份,2025-10-13 10:56:07,23.76,21000,23.76,U
sh601126,四方股份,2025-10-13 10:56:10,23.73,38000,23.76,D
sh601126,四方股份,2025-10-13 10:56:13,23.72,21600,23.73,D
sh601126,四方股份,2025-10-13 10:56:16,23.76,29100,23.72,U
sh601126,四方股份,2025-10-13 10:56:19,23.74,163400,23.76,E
sh601126,四方股份,2025-10-13 10:56:22,23.75,13600,23.74,U
sh601126,四方股份,2025-10-13 10:56:25,23.76,44000,23.75,U
sh601126,四方股份,2025-10-13 10:56:34,23.74,120600,23.76,D
sh601126,四方股份,2025-10-13 10:56:37,23.77,11900,23.74,U
sh601126,四方股份,2025-10-13 10:56:40,23.79,55000,23.77,U
sh601126,四方股份,2025-10-13 10:56:43,23.76,11900,23.79,D
sh601126,四方股份,2025-10-13 10:56:46,23.77,20800,23.76,U
sh601126,四方股份,2025-10-13 10:56:49,23.77,42700,23.77,U
sh601126,四方股份,2025-10-13 10:56:58,23.77,41700,23.79,D
sh601126,四方股份,2025-10-13 10:57:01,23.76,17600,23.77,D
sh601126,四方股份,2025-10-13 10:57:04,23.78,22600,23.76,U
sh601126,四方股份,2025-10-13 10:57:07,23.72,121200,23.78,D
sh601126,四方股份,2025-10-13 10:57:10,23.79,37200,23.72,D
sh601126,四方股份,2025-10-13 10:57:13,23.79,17600,23.79,U
sh601126,四方股份,2025-10-13 10:57:16,23.78,66300,23.79,D
sh601126,四方股份,2025-10-13 10:57:25,23.74,34100,23.75,E
sh601126,四方股份,2025-10-13 10:57:28,23.74,30900,23.74,U
sh601126,四方股份,2025-10-13 10:57:31,23.74,11700,23.74,U
sh601126,四方股份,2025-10-13 10:57:34,23.7,83800,23.74,D
sh601126,四方股份,2025-10-13 10:57:37,23.7,31900,23.7,U
sh601126,四方股份,2025-10-13 10:57:46,23.7,57500,23.7,U
sh601126,四方股份,2025-10-13 10:57:49,23.72,38800,23.7,U
sh601126,四方股份,2025-10-13 10:57:52,23.7,18900,23.72,D
sh601126,四方股份,2025-10-13 10:57:54,23.69,11900,23.7,D
sh601126,四方股份,2025-10-13 10:57:58,23.69,20100,23.69,D
sh601126,四方股份,2025-10-13 10:58:10,23.67,8900,23.67,D
sh601126,四方股份,2025-10-13 10:58:16,23.68,19800,23.66,U
sh601126,四方股份,2025-10-13 10:58:22,23.68,42800,23.67,U
sh601126,四方股份,2025-10-13 10:58:24,23.64,88100,23.68,D
sh601126,四方股份,2025-10-13 10:58:28,23.6,122100,23.64,D
sh601126,四方股份,2025-10-13 10:58:37,23.61,8800,23.6,D
sh601126,四方股份,2025-10-13 10:58:40,23.61,20900,23.61,U
sh601126,四方股份,2025-10-13 10:58:46,23.6,19900,23.61,D
sh601126,四方股份,2025-10-13 10:58:49,23.6,67000,23.6,D
sh601126,四方股份,2025-10-13 10:58:52,23.6,26300,23.6,U
sh601126,四方股份,2025-10-13 10:59:01,23.58,8600,23.6,D
sh601126,四方股份,2025-10-13 10:59:04,23.58,65600,23.58,U
sh601126,四方股份,2025-10-13 10:59:07,23.61,22500,23.58,U
sh601126,四方股份,2025-10-13 10:59:10,23.61,61400,23.61,D
sh601126,四方股份,2025-10-13 10:59:16,23.61,11500,23.59,U
sh601126,四方股份,2025-10-13 10:59:19,23.61,119400,23.61,D
sh601126,四方股份,2025-10-13 10:59:22,23.59,12300,23.61,D
sh601126,四方股份,2025-10-13 10:59:31,23.6,19900,23.61,U
sh601126,四方股份,2025-10-13 10:59:34,23.6,23500,23.6,U
sh601126,四方股份,2025-10-13 10:59:40,23.6,18500,23.6,U
sh601126,四方股份,2025-10-13 10:59:52,23.58,19600,23.58,D
sh601126,四方股份,2025-10-13 11:00:10,23.53,16900,23.55,D
sh601126,四方股份,2025-10-13 11:00:16,23.52,9900,23.52,D
sh601126,四方股份,2025-10-13 11:00:19,23.51,14500,23.52,D
sh601126,四方股份,2025-10-13 11:00:22,23.52,9900,23.51,U
sh601126,四方股份,2025-10-13 11:00:25,23.51,17400,23.52,D
sh601126,四方股份,2025-10-13 11:00:28,23.52,13300,23.51,U
sh601126,四方股份,2025-10-13 11:00:31,23.51,46800,23.52,D
sh601126,四方股份,2025-10-13 11:00:34,23.5,52300,23.51,D
sh601126,四方股份,2025-10-13 11:00:37,23.5,13000,23.5,U
sh601126,四方股份,2025-10-13 11:00:40,23.5,12800,23.5,U
sh601126,四方股份,2025-10-13 11:00:43,23.49,15200,23.5,E
sh601126,四方股份,2025-10-13 11:00:46,23.46,9600,23.49,D
sh601126,四方股份,2025-10-13 11:00:49,23.48,14500,23.46,D
sh601126,四方股份,2025-10-13 11:00:52,23.45,25400,23.48,D
sh601126,四方股份,2025-10-13 11:00:58,23.42,17300,23.42,D
sh601126,四方股份,2025-10-13 11:01:04,23.38,34400,23.41,D
sh601126,四方股份,2025-10-13 11:01:13,23.33,10100,23.35,D
sh601126,四方股份,2025-10-13 11:01:19,23.33,12800,23.32,E
sh601126,四方股份,2025-10-13 11:01:22,23.36,82000,23.33,U
sh601126,四方股份,2025-10-13 11:01:25,23.42,119100,23.36,U
sh601126,四方股份,2025-10-13 11:01:28,23.45,44900,23.42,U
sh601126,四方股份,2025-10-13 11:01:31,23.45,13700,23.45,U
sh601126,四方股份,2025-10-13 11:01:34,23.44,52500,23.45,D
sh601126,四方股份,2025-10-13 11:01:37,23.44,10100,23.44,U
sh601126,四方股份,2025-10-13 11:01:40,23.44,38400,23.44,U
sh601126,四方股份,2025-10-13 11:01:46,23.44,17100,23.44,U
sh601126,四方股份,2025-10-13 11:01:49,23.45,44000,23.44,U
sh601126,四方股份,2025-10-13 11:01:52,23.44,9100,23.45,D
sh601126,四方股份,2025-10-13 11:01:55,23.44,14200,23.44,U
sh601126,四方股份,2025-10-13 11:01:58,23.44,12500,23.44,U
sh601126,四方股份,2025-10-13 11:02:01,23.44,25000,23.44,U
sh601126,四方股份,2025-10-13 11:02:04,23.44,12900,23.44,U
sh601126,四方股份,2025-10-13 11:02:07,23.44,19000,23.44,U
sh601126,四方股份,2025-10-13 11:02:16,23.44,12700,23.43,U
sh601126,四方股份,2025-10-13 11:02:22,23.43,20900,23.44,D
sh601126,四方股份,2025-10-13 11:02:28,23.43,19400,23.43,U
sh601126,四方股份,2025-10-13 11:02:31,23.42,12200,23.43,D
sh601126,四方股份,2025-10-13 11:02:37,23.41,11300,23.42,D
sh601126,四方股份,2025-10-13 11:02:40,23.39,19700,23.41,D
sh601126,四方股份,2025-10-13 11:02:43,23.39,8900,23.39,D
sh601126,四方股份,2025-10-13 11:02:52,23.38,14400,23.39,D
sh601126,四方股份,2025-10-13 11:02:55,23.37,12800,23.38,D
sh601126,四方股份,2025-10-13 11:02:58,23.37,12600,23.37,D
sh601126,四方股份,2025-10-13 11:03:01,23.37,15300,23.37,D
sh601126,四方股份,2025-10-13 11:03:07,23.35,29900,23.37,D
sh601126,四方股份,2025-10-13 11:03:10,23.35,29500,23.35,U
sh601126,四方股份,2025-10-13 11:03:15,23.35,36300,23.35,U
sh601126,四方股份,2025-10-13 11:03:19,23.35,25500,23.35,D
sh601126,四方股份,2025-10-13 11:03:22,23.35,13200,23.35,D
sh601126,四方股份,2025-10-13 11:03:34,23.34,47600,23.35,D
sh601126,四方股份,2025-10-13 11:03:52,23.34,43800,23.34,D
sh601126,四方股份,2025-10-13 11:03:58,23.3,116200,23.34,D
sh601126,四方股份,2025-10-13 11:04:01,23.3,41400,23.3,U
sh601126,四方股份,2025-10-13 11:04:04,23.33,13500,23.3,U
sh601126,四方股份,2025-10-13 11:04:07,23.3,33100,23.33,D
sh601126,四方股份,2025-10-13 11:04:10,23.34,62900,23.3,U
sh601126,四方股份,2025-10-13 11:04:13,23.34,36300,23.34,D
sh601126,四方股份,2025-10-13 11:04:16,23.33,146300,23.34,D
sh601126,四方股份,2025-10-13 11:04:19,23.33,12000,23.33,D
sh601126,四方股份,2025-10-13 11:04:21,23.33,16000,23.33,U
sh601126,四方股份,2025-10-13 11:04:25,23.33,10300,23.33,U
sh601126,四方股份,2025-10-13 11:04:34,23.32,16000,23.33,E
sh601126,四方股份,2025-10-13 11:04:37,23.3,108800,23.32,D
sh601126,四方股份,2025-10-13 11:04:43,23.26,22100,23.26,D
sh601126,四方股份,2025-10-13 11:04:52,23.19,54700,23.26,D
sh601126,四方股份,2025-10-13 11:04:55,23.19,38500,23.19,U
sh601126,四方股份,2025-10-13 11:05:07,23.16,9400,23.16,D
sh601126,四方股份,2025-10-13 11:05:13,23.18,81000,23.12,U
sh601126,四方股份,2025-10-13 11:05:16,23.23,63000,23.18,U
sh601126,四方股份,2025-10-13 11:05:19,23.24,52600,23.23,U
sh601126,四方股份,2025-10-13 11:05:22,23.23,17900,23.24,D
sh601126,四方股份,2025-10-13 11:05:25,23.24,143200,23.23,U
sh601126,四方股份,2025-10-13 11:05:28,23.26,35600,23.24,U
sh601126,四方股份,2025-10-13 11:05:31,23.25,56800,23.26,D
sh601126,四方股份,2025-10-13 11:05:34,23.25,13500,23.25,U
sh601126,四方股份,2025-10-13 11:05:37,23.26,16800,23.25,U
sh601126,四方股份,2025-10-13 11:05:40,23.26,16400,23.26,U
sh601126,四方股份,2025-10-13 11:05:43,23.26,56900,23.26,U
sh601126,四方股份,2025-10-13 11:05:46,23.26,106200,23.26,D
sh601126,四方股份,2025-10-13 11:05:49,23.27,16200,23.26,U
sh601126,四方股份,2025-10-13 11:06:01,23.26,34400,23.26,D
sh601126,四方股份,2025-10-13 11:06:04,23.21,147800,23.26,D
sh601126,四方股份,2025-10-13 11:06:07,23.24,9900,23.21,E
sh601126,四方股份,2025-10-13 11:06:13,23.27,107000,23.24,U
sh601126,四方股份,2025-10-13 11:06:22,23.25,27500,23.25,D
sh601126,四方股份,2025-10-13 11:06:28,23.22,17400,23.24,D
sh601126,四方股份,2025-10-13 11:06:31,23.22,15500,23.22,U
sh601126,四方股份,2025-10-13 11:06:40,23.22,16600,23.21,U
sh601126,四方股份,2025-10-13 11:06:43,23.25,72200,23.22,U
sh601126,四方股份,2025-10-13 11:06:46,23.26,11800,23.25,U
sh601126,四方股份,2025-10-13 11:06:49,23.27,35800,23.26,U
sh601126,四方股份,2025-10-13 11:06:52,23.27,17500,23.27,U
sh601126,四方股份,2025-10-13 11:06:55,23.27,18400,23.27,U
sh601126,四方股份,2025-10-13 11:06:58,23.26,16900,23.27,D
sh601126,四方股份,2025-10-13 11:07:01,23.28,65900,23.26,U
sh601126,四方股份,2025-10-13 11:07:04,23.29,96700,23.28,U
sh601126,四方股份,2025-10-13 11:07:10,23.28,149100,23.3,D
sh601126,四方股份,2025-10-13 11:07:13,23.27,16000,23.28,D
sh601126,四方股份,2025-10-13 11:07:22,23.26,44700,23.26,D
sh601126,四方股份,2025-10-13 11:07:28,23.26,9600,23.25,U
sh601126,四方股份,2025-10-13 11:07:43,23.22,48400,23.25,D
sh601126,四方股份,2025-10-13 11:07:52,23.21,9800,23.22,D
sh601126,四方股份,2025-10-13 11:07:55,23.21,26800,23.21,D
sh601126,四方股份,2025-10-13 11:07:58,23.22,40300,23.21,U
sh601126,四方股份,2025-10-13 11:08:01,23.23,18500,23.22,U
sh601126,四方股份,2025-10-13 11:08:04,23.22,15400,23.23,D
sh601126,四方股份,2025-10-13 11:08:13,23.2,109800,23.22,D
sh601126,四方股份,2025-10-13 11:08:16,23.22,9400,23.2,U
sh601126,四方股份,2025-10-13 11:08:19,23.2,10000,23.22,D
sh601126,四方股份,2025-10-13 11:08:25,23.19,14700,23.19,D
sh601126,四方股份,2025-10-13 11:08:28,23.19,14900,23.19,D
sh601126,四方股份,2025-10-13 11:08:34,23.18,8700,23.18,U
sh601126,四方股份,2025-10-13 11:08:40,23.17,14500,23.18,D
sh601126,四方股份,2025-10-13 11:08:55,23.15,36500,23.16,D
sh601126,四方股份,2025-10-13 11:09:07,23.15,29800,23.13,U
sh601126,四方股份,2025-10-13 11:09:10,23.18,170200,23.15,U
sh601126,四方股份,2025-10-13 11:09:13,23.18,31700,23.18,U
sh601126,四方股份,2025-10-13 11:09:19,23.19,43600,23.18,U
sh601126,四方股份,2025-10-13 11:09:22,23.19,44200,23.19,U
sh601126,四方股份,2025-10-13 11:09:25,23.19,14600,23.19,U
sh601126,四方股份,2025-10-13 11:09:28,23.18,46200,23.19,D
sh601126,四方股份,2025-10-13 11:09:31,23.18,10500,23.18,U
sh601126,四方股份,2025-10-13 11:09:34,23.18,13600,23.18,U
sh601126,四方股份,2025-10-13 11:09:40,23.18,21800,23.18,U
sh601126,四方股份,2025-10-13 11:09:43,23.18,11300,23.18,D
sh601126,四方股份,2025-10-13 11:09:55,23.17,9000,23.18,D
sh601126,四方股份,2025-10-13 11:09:58,23.18,15200,23.17,U
sh601126,四方股份,2025-10-13 11:10:01,23.2,49000,23.18,U
sh601126,四方股份,2025-10-13 11:10:04,23.2,9100,23.2,U
sh601126,四方股份,2025-10-13 11:10:10,23.2,9200,23.2,U
sh601126,四方股份,2025-10-13 11:10:13,23.22,11500,23.2,U
sh601126,四方股份,2025-10-13 11:10:16,23.22,34500,23.22,U
sh601126,四方股份,2025-10-13 11:10:19,23.21,13100,23.22,D
sh601126,四方股份,2025-10-13 11:10:22,23.24,8800,23.21,U
sh601126,四方股份,2025-10-13 11:10:25,23.25,11000,23.24,U
sh601126,四方股份,2025-10-13 11:10:31,23.26,16500,23.25,U
sh601126,四方股份,2025-10-13 11:10:40,23.27,52000,23.3,D
sh601126,四方股份,2025-10-13 11:10:43,23.3,24400,23.27,U
sh601126,四方股份,2025-10-13 11:10:46,23.31,10300,23.3,U
sh601126,四方股份,2025-10-13 11:10:52,23.34,13300,23.31,U
sh601126,四方股份,2025-10-13 11:10:58,23.34,12900,23.33,U
sh601126,四方股份,2025-10-13 11:11:01,23.37,11800,23.34,U
sh601126,四方股份,2025-10-13 11:11:04,23.37,18100,23.37,U
sh601126,四方股份,2025-10-13 11:11:07,23.38,13300,23.37,U
sh601126,四方股份,2025-10-13 11:11:13,23.42,15900,23.4,U
sh601126,四方股份,2025-10-13 11:11:16,23.42,12500,23.42,D
sh601126,四方股份,2025-10-13 11:11:19,23.4,64900,23.42,D
sh601126,四方股份,2025-10-13 11:11:22,23.41,16200,23.4,E
sh601126,四方股份,2025-10-13 11:11:25,23.4,30200,23.41,E
sh601126,四方股份,2025-10-13 11:11:28,23.36,13200,23.4,E
sh601126,四方股份,2025-10-13 11:11:30,23.36,15500,23.36,D
sh601126,四方股份,2025-10-13 11:11:34,23.33,58100,23.36,D
sh601126,四方股份,2025-10-13 11:11:40,23.34,13100,23.35,E
sh601126,四方股份,2025-10-13 11:11:49,23.39,31300,23.38,U
sh601126,四方股份,2025-10-13 11:11:52,23.39,13200,23.39,U
sh601126,四方股份,2025-10-13 11:11:55,23.39,10000,23.39,U
sh601126,四方股份,2025-10-13 11:11:58,23.39,10300,23.39,D
sh601126,四方股份,2025-10-13 11:12:04,23.4,9800,23.4,U
sh601126,四方股份,2025-10-13 11:12:10,23.4,43900,23.41,D
sh601126,四方股份,2025-10-13 11:12:13,23.4,26300,23.4,U
sh601126,四方股份,2025-10-13 11:12:16,23.4,19400,23.4,U
sh601126,四方股份,2025-10-13 11:12:19,23.39,25400,23.4,D
sh601126,四方股份,2025-10-13 11:12:22,23.4,27100,23.39,U
sh601126,四方股份,2025-10-13 11:12:31,23.42,21200,23.41,U
sh601126,四方股份,2025-10-13 11:12:34,23.41,12800,23.42,D
sh601126,四方股份,2025-10-13 11:12:37,23.43,13300,23.41,U
sh601126,四方股份,2025-10-13 11:12:46,23.44,153700,23.42,U
sh601126,四方股份,2025-10-13 11:12:49,23.42,72400,23.44,D
sh601126,四方股份,2025-10-13 11:12:58,23.45,12300,23.44,U
sh601126,四方股份,2025-10-13 11:13:13,23.49,10100,23.48,U
sh601126,四方股份,2025-10-13 11:13:15,23.49,12700,23.49,U
sh601126,四方股份,2025-10-13 11:13:19,23.49,15300,23.49,D
sh601126,四方股份,2025-10-13 11:13:25,23.51,12900,23.51,U
sh601126,四方股份,2025-10-13 11:13:31,23.52,10500,23.52,D
sh601126,四方股份,2025-10-13 11:13:37,23.51,12300,23.55,D
sh601126,四方股份,2025-10-13 11:13:40,23.54,11300,23.51,U
sh601126,四方股份,2025-10-13 11:13:43,23.53,19400,23.54,E
sh601126,四方股份,2025-10-13 11:13:46,23.54,19700,23.53,U
sh601126,四方股份,2025-10-13 11:13:58,23.57,19500,23.57,U
sh601126,四方股份,2025-10-13 11:14:01,23.57,22300,23.57,U
sh601126,四方股份,2025-10-13 11:14:07,23.58,14400,23.57,U
sh601126,四方股份,2025-10-13 11:14:10,23.58,33700,23.58,E
sh601126,四方股份,2025-10-13 11:14:16,23.58,19900,23.58,U
sh601126,四方股份,2025-10-13 11:14:22,23.59,11200,23.59,D
sh601126,四方股份,2025-10-13 11:14:28,23.54,10300,23.59,D
sh601126,四方股份,2025-10-13 11:14:34,23.58,9400,23.55,U
sh601126,四方股份,2025-10-13 11:14:43,23.57,19200,23.55,U
sh601126,四方股份,2025-10-13 11:14:46,23.56,11200,23.57,E
sh601126,四方股份,2025-10-13 11:14:58,23.57,17600,23.57,D
sh601126,四方股份,2025-10-13 11:15:01,23.55,15300,23.57,D
sh601126,四方股份,2025-10-13 11:15:16,23.56,17000,23.55,E
sh601126,四方股份,2025-10-13 11:15:19,23.55,23200,23.56,D
sh601126,四方股份,2025-10-13 11:15:22,23.55,34900,23.55,D
sh601126,四方股份,2025-10-13 11:15:25,23.55,19500,23.55,D
sh601126,四方股份,2025-10-13 11:15:43,23.54,37800,23.56,D
sh601126,四方股份,2025-10-13 11:15:46,23.54,9200,23.54,D
sh601126,四方股份,2025-10-13 11:15:49,23.54,18400,23.54,D
sh601126,四方股份,2025-10-13 11:15:55,23.5,13200,23.5,D
sh601126,四方股份,2025-10-13 11:16:01,23.48,15900,23.5,D
sh601126,四方股份,2025-10-13 11:16:28,23.41,8700,23.43,D
sh601126,四方股份,2025-10-13 11:16:58,23.33,14300,23.34,D
sh601126,四方股份,2025-10-13 11:17:04,23.37,15200,23.33,U
sh601126,四方股份,2025-10-13 11:17:07,23.33,13600,23.37,D
sh601126,四方股份,2025-10-13 11:17:37,23.4,17400,23.36,U
sh601126,四方股份,2025-10-13 11:18:07,23.39,22700,23.4,D
sh601126,四方股份,2025-10-13 11:18:10,23.4,12800,23.39,U
sh601126,四方股份,2025-10-13 11:18:31,23.42,17900,23.42,U
sh601126,四方股份,2025-10-13 11:18:49,23.42,26400,23.41,U
sh601126,四方股份,2025-10-13 11:19:01,23.44,23500,23.43,U
sh601126,四方股份,2025-10-13 11:19:42,23.47,9200,23.47,U
sh601126,四方股份,2025-10-13 11:20:16,23.4,10900,23.41,D
sh601126,四方股份,2025-10-13 11:20:25,23.4,17400,23.41,D
sh601126,四方股份,2025-10-13 11:20:28,23.4,10100,23.4,D
sh601126,四方股份,2025-10-13 11:20:37,23.39,33500,23.39,D
sh601126,四方股份,2025-10-13 11:20:49,23.39,8700,23.39,D
sh601126,四方股份,2025-10-13 11:20:55,23.38,17500,23.39,D
sh601126,四方股份,2025-10-13 11:21:16,23.35,10500,23.37,D
sh601126,四方股份,2025-10-13 11:21:40,23.36,11200,23.36,D
sh601126,四方股份,2025-10-13 11:22:04,23.34,13100,23.36,D
sh601126,四方股份,2025-10-13 11:22:58,23.28,9300,23.31,D
sh601126,四方股份,2025-10-13 11:23:04,23.28,16600,23.29,D
sh601126,四方股份,2025-10-13 11:23:28,23.26,11200,23.27,D
sh601126,四方股份,2025-10-13 11:23:31,23.25,37600,23.26,D
sh601126,四方股份,2025-10-13 11:23:40,23.23,21000,23.24,D
sh601126,四方股份,2025-10-13 11:23:52,23.2,26400,23.22,D
sh601126,四方股份,2025-10-13 11:24:07,23.18,17100,23.18,U
sh601126,四方股份,2025-10-13 11:24:13,23.18,9300,23.18,D
sh601126,四方股份,2025-10-13 11:24:16,23.18,35700,23.18,U
sh601126,四方股份,2025-10-13 11:24:19,23.18,11600,23.18,D
sh601126,四方股份,2025-10-13 11:24:22,23.17,13700,23.18,D
sh601126,四方股份,2025-10-13 11:24:34,23.18,72600,23.17,U
sh601126,四方股份,2025-10-13 11:24:43,23.18,19000,23.19,D
sh601126,四方股份,2025-10-13 11:24:46,23.19,12400,23.18,U
sh601126,四方股份,2025-10-13 11:24:49,23.19,13000,23.19,U
sh601126,四方股份,2025-10-13 11:24:55,23.18,14600,23.19,D
sh601126,四方股份,2025-10-13 11:25:04,23.18,10500,23.18,U
sh601126,四方股份,2025-10-13 11:25:07,23.18,11600,23.18,U
sh601126,四方股份,2025-10-13 11:25:13,23.21,85000,23.17,U
sh601126,四方股份,2025-10-13 11:25:19,23.21,9200,23.2,U
sh601126,四方股份,2025-10-13 11:25:34,23.24,19000,23.23,U
sh601126,四方股份,2025-10-13 11:25:43,23.24,19100,23.24,U
sh601126,四方股份,2025-10-13 11:26:28,23.23,124400,23.24,D
sh601126,四方股份,2025-10-13 11:26:37,23.24,11600,23.23,U
sh601126,四方股份,2025-10-13 11:27:04,23.25,12300,23.25,U
sh601126,四方股份,2025-10-13 11:27:37,23.25,29400,23.26,D
sh601126,四方股份,2025-10-13 11:27:40,23.24,28200,23.25,D
sh601126,四方股份,2025-10-13 11:27:46,23.24,9200,23.24,D
sh601126,四方股份,2025-10-13 11:28:16,23.2,65200,23.23,D
sh601126,四方股份,2025-10-13 11:28:19,23.2,10100,23.2,U
sh601126,四方股份,2025-10-13 11:28:34,23.1,88100,23.19,D
sh601126,四方股份,2025-10-13 11:28:49,23.09,15200,23.09,U
sh601126,四方股份,2025-10-13 11:28:52,23.08,9800,23.09,D
sh601126,四方股份,2025-10-13 11:29:04,23.11,9400,23.1,U
sh601126,四方股份,2025-10-13 11:29:07,23.12,107500,23.11,E
sh601126,四方股份,2025-10-13 11:29:22,23.18,76400,23.18,U
sh601126,四方股份,2025-10-13 11:29:25,23.17,15800,23.18,U
sh601126,四方股份,2025-10-13 11:29:28,23.17,11700,23.17,U
sh601126,四方股份,2025-10-13 11:29:31,23.12,20300,23.17,D
sh601126,四方股份,2025-10-13 11:29:59,23.23,9000,23.21,U
sh601126,四方股份,2025-10-13 13:00:01,23.23,46100,23.23,U
sh601126,四方股份,2025-10-13 13:00:04,23.26,62700,23.23,U
sh601126,四方股份,2025-10-13 13:00:06,23.23,30000,23.26,D
sh601126,四方股份,2025-10-13 13:00:09,23.26,19205,23.23,E
sh601126,四方股份,2025-10-13 13:00:13,23.31,47024,23.26,U
sh601126,四方股份,2025-10-13 13:00:16,23.24,37800,23.31,D
sh601126,四方股份,2025-10-13 13:00:19,23.23,19300,23.24,D
sh601126,四方股份,2025-10-13 13:00:22,23.23,39500,23.23,D
sh601126,四方股份,2025-10-13 13:00:25,23.23,35900,23.23,D
sh601126,四方股份,2025-10-13 13:00:28,23.23,55071,23.23,D
sh601126,四方股份,2025-10-13 13:00:31,23.2,29000,23.23,D
sh601126,四方股份,2025-10-13 13:00:34,23.2,40100,23.2,D
sh601126,四方股份,2025-10-13 13:00:37,23.17,15900,23.2,D
sh601126,四方股份,2025-10-13 13:00:40,23.17,13700,23.17,D
sh601126,四方股份,2025-10-13 13:00:43,23.12,16600,23.17,D
sh601126,四方股份,2025-10-13 13:00:46,23.12,9300,23.12,U
sh601126,四方股份,2025-10-13 13:00:49,23.08,21600,23.12,D
sh601126,四方股份,2025-10-13 13:00:52,23.08,12600,23.08,D
sh601126,四方股份,2025-10-13 13:00:55,23.08,23000,23.08,D
sh601126,四方股份,2025-10-13 13:01:01,23.07,14100,23.07,U
sh601126,四方股份,2025-10-13 13:01:04,23.07,31300,23.07,U
sh601126,四方股份,2025-10-13 13:01:07,23.06,13400,23.07,D
sh601126,四方股份,2025-10-13 13:01:34,23.04,12600,23.02,U
sh601126,四方股份,2025-10-13 13:01:37,23.04,40300,23.04,D
sh601126,四方股份,2025-10-13 13:01:43,23.05,38200,23.04,U
sh601126,四方股份,2025-10-13 13:01:46,23.02,183000,23.05,D
sh601126,四方股份,2025-10-13 13:01:49,23.0,31900,23.02,D
sh601126,四方股份,2025-10-13 13:01:52,23.0,29100,23.0,D
sh601126,四方股份,2025-10-13 13:01:55,22.95,22200,23.0,D
sh601126,四方股份,2025-10-13 13:02:01,22.92,31000,22.97,D
sh601126,四方股份,2025-10-13 13:02:04,22.91,44000,22.92,D
sh601126,四方股份,2025-10-13 13:02:07,22.88,16000,22.91,D
sh601126,四方股份,2025-10-13 13:02:10,22.88,15700,22.88,D
sh601126,四方股份,2025-10-13 13:02:19,22.93,21200,22.92,U
sh601126,四方股份,2025-10-13 13:02:25,22.96,40300,22.94,U
sh601126,四方股份,2025-10-13 13:02:31,23.05,21900,23.05,U
sh601126,四方股份,2025-10-13 13:02:34,23.05,21300,23.05,U
sh601126,四方股份,2025-10-13 13:02:46,23.13,13000,23.11,U
sh601126,四方股份,2025-10-13 13:02:49,23.13,12300,23.13,U
sh601126,四方股份,2025-10-13 13:02:55,23.11,22500,23.13,D
sh601126,四方股份,2025-10-13 13:02:58,23.11,13300,23.11,D
sh601126,四方股份,2025-10-13 13:03:01,23.07,23400,23.11,D
sh601126,四方股份,2025-10-13 13:03:04,23.06,17600,23.07,D
sh601126,四方股份,2025-10-13 13:03:07,23.0,39200,23.06,D
sh601126,四方股份,2025-10-13 13:03:31,23.02,12200,23.02,U
sh601126,四方股份,2025-10-13 13:03:40,23.03,12900,23.0,U
sh601126,四方股份,2025-10-13 13:04:28,23.13,12800,23.08,U
sh601126,四方股份,2025-10-13 13:04:37,23.13,69900,23.13,U
sh601126,四方股份,2025-10-13 13:04:58,23.25,45200,23.21,U
sh601126,四方股份,2025-10-13 13:05:16,23.32,30600,23.32,D
sh601126,四方股份,2025-10-13 13:05:22,23.27,16000,23.27,D
sh601126,四方股份,2025-10-13 13:05:28,23.28,34500,23.25,U
sh601126,四方股份,2025-10-13 13:05:31,23.25,9000,23.28,D
sh601126,四方股份,2025-10-13 13:05:43,23.22,23200,23.26,D
sh601126,四方股份,2025-10-13 13:06:25,23.25,18800,23.25,U
sh601126,四方股份,2025-10-13 13:06:27,23.25,9200,23.25,U
sh601126,四方股份,2025-10-13 13:06:34,23.25,11700,23.25,E
sh601126,四方股份,2025-10-13 13:06:40,23.32,48800,23.26,U
sh601126,四方股份,2025-10-13 13:06:43,23.23,24400,23.32,D
sh601126,四方股份,2025-10-13 13:07:40,23.31,11700,23.32,D
sh601126,四方股份,2025-10-13 13:07:43,23.32,17800,23.31,U
sh601126,四方股份,2025-10-13 13:07:46,23.31,8700,23.32,D
sh601126,四方股份,2025-10-13 13:07:52,23.31,10000,23.3,E
sh601126,四方股份,2025-10-13 13:08:01,23.31,18700,23.31,U
sh601126,四方股份,2025-10-13 13:08:13,23.33,9400,23.33,U
sh601126,四方股份,2025-10-13 13:08:28,23.42,9000,23.35,U
sh601126,四方股份,2025-10-13 13:08:34,23.35,9900,23.39,D
sh601126,四方股份,2025-10-13 13:08:37,23.36,11500,23.35,U
sh601126,四方股份,2025-10-13 13:08:40,23.36,9300,23.36,U
sh601126,四方股份,2025-10-13 13:08:49,23.35,14000,23.36,D
sh601126,四方股份,2025-10-13 13:08:52,23.36,16800,23.35,U
sh601126,四方股份,2025-10-13 13:08:55,23.42,12300,23.36,U
sh601126,四方股份,2025-10-13 13:09:04,23.42,17400,23.4,U
sh601126,四方股份,2025-10-13 13:09:19,23.42,37000,23.43,D
sh601126,四方股份,2025-10-13 13:09:22,23.42,68000,23.42,D
sh601126,四方股份,2025-10-13 13:09:31,23.43,10800,23.43,D
sh601126,四方股份,2025-10-13 13:09:40,23.45,28400,23.41,U
sh601126,四方股份,2025-10-13 13:09:43,23.45,9600,23.45,D
sh601126,四方股份,2025-10-13 13:09:49,23.46,18100,23.46,D
sh601126,四方股份,2025-10-13 13:09:55,23.45,23200,23.45,D
sh601126,四方股份,2025-10-13 13:09:58,23.46,91500,23.45,U
sh601126,四方股份,2025-10-13 13:10:01,23.46,19400,23.46,D
sh601126,四方股份,2025-10-13 13:10:16,23.4,21800,23.4,U
sh601126,四方股份,2025-10-13 13:10:19,23.4,24500,23.4,D
sh601126,四方股份,2025-10-13 13:10:55,23.33,13900,23.37,D
sh601126,四方股份,2025-10-13 13:11:13,23.32,27900,23.32,D
sh601126,四方股份,2025-10-13 13:11:19,23.3,9400,23.31,D
sh601126,四方股份,2025-10-13 13:12:22,23.26,13500,23.26,U
sh601126,四方股份,2025-10-13 13:12:52,23.25,31200,23.25,D
sh601126,四方股份,2025-10-13 13:13:13,23.24,11300,23.24,D
sh601126,四方股份,2025-10-13 13:14:19,23.23,10400,23.25,D
sh601126,四方股份,2025-10-13 13:14:40,23.23,18900,23.24,D
sh601126,四方股份,2025-10-13 13:15:31,23.23,15700,23.22,U
sh601126,四方股份,2025-10-13 13:15:34,23.24,10800,23.23,U
sh601126,四方股份,2025-10-13 13:15:49,23.22,11500,23.23,D
sh601126,四方股份,2025-10-13 13:15:52,23.21,15400,23.22,D
sh601126,四方股份,2025-10-13 13:15:55,23.2,33479,23.21,D
sh601126,四方股份,2025-10-13 13:15:58,23.19,24800,23.2,D
sh601126,四方股份,2025-10-13 13:16:13,23.11,9900,23.12,D
sh601126,四方股份,2025-10-13 13:16:19,23.12,11000,23.12,U
sh601126,四方股份,2025-10-13 13:16:28,23.1,11100,23.08,U
sh601126,四方股份,2025-10-13 13:16:31,23.09,12500,23.1,D
sh601126,四方股份,2025-10-13 13:16:46,23.1,10400,23.1,D
sh601126,四方股份,2025-10-13 13:16:52,23.1,12500,23.1,D
sh601126,四方股份,2025-10-13 13:17:04,23.1,12100,23.09,E
sh601126,四方股份,2025-10-13 13:17:25,23.12,18100,23.11,U
sh601126,四方股份,2025-10-13 13:17:31,23.11,10700,23.12,D
sh601126,四方股份,2025-10-13 13:17:34,23.13,13200,23.11,U
sh601126,四方股份,2025-10-13 13:17:49,23.14,12300,23.14,U
sh601126,四方股份,2025-10-13 13:18:13,23.14,21500,23.15,D
sh601126,四方股份,2025-10-13 13:18:34,23.16,10900,23.16,D
sh601126,四方股份,2025-10-13 13:18:40,23.17,12500,23.16,U
sh601126,四方股份,2025-10-13 13:18:58,23.17,13600,23.19,D
sh601126,四方股份,2025-10-13 13:19:16,23.18,16600,23.18,U
sh601126,四方股份,2025-10-13 13:19:37,23.17,10200,23.2,D
sh601126,四方股份,2025-10-13 13:19:55,23.17,10800,23.17,D
sh601126,四方股份,2025-10-13 13:20:01,23.17,12700,23.18,D
sh601126,四方股份,2025-10-13 13:20:49,23.16,11000,23.16,D
sh601126,四方股份,2025-10-13 13:21:43,23.17,10900,23.17,D
sh601126,四方股份,2025-10-13 13:21:55,23.19,9900,23.18,U
sh601126,四方股份,2025-10-13 13:22:04,23.19,12400,23.2,D
sh601126,四方股份,2025-10-13 13:22:43,23.19,14400,23.2,D
sh601126,四方股份,2025-10-13 13:22:46,23.19,19500,23.19,D
sh601126,四方股份,2025-10-13 13:23:28,23.16,76700,23.17,D
sh601126,四方股份,2025-10-13 13:23:52,23.15,9900,23.15,D
sh601126,四方股份,2025-10-13 13:24:46,23.18,13600,23.17,U
sh601126,四方股份,2025-10-13 13:24:52,23.18,14300,23.17,U
sh601126,四方股份,2025-10-13 13:25:04,23.18,12600,23.19,D
sh601126,四方股份,2025-10-13 13:25:46,23.15,17800,23.16,D
sh601126,四方股份,2025-10-13 13:26:04,23.14,12900,23.15,D
sh601126,四方股份,2025-10-13 13:26:07,23.13,11400,23.14,D
sh601126,四方股份,2025-10-13 13:26:13,23.13,13200,23.13,U
sh601126,四方股份,2025-10-13 13:26:58,23.13,11100,23.13,U
sh601126,四方股份,2025-10-13 13:27:01,23.12,8800,23.13,D
sh601126,四方股份,2025-10-13 13:27:07,23.12,16000,23.12,D
sh601126,四方股份,2025-10-13 13:27:12,23.12,11200,23.12,D
sh601126,四方股份,2025-10-13 13:27:22,23.12,9300,23.12,U
sh601126,四方股份,2025-10-13 13:27:43,23.12,18400,23.12,D
sh601126,四方股份,2025-10-13 13:28:16,23.12,16200,23.13,D
sh601126,四方股份,2025-10-13 13:28:31,23.12,50600,23.13,D
sh601126,四方股份,2025-10-13 13:28:34,23.12,17800,23.12,D
sh601126,四方股份,2025-10-13 13:28:37,23.12,31400,23.12,D
sh601126,四方股份,2025-10-13 13:28:49,23.11,14200,23.12,D
sh601126,四方股份,2025-10-13 13:28:52,23.11,10700,23.11,D
sh601126,四方股份,2025-10-13 13:28:55,23.11,13300,23.11,D
sh601126,四方股份,2025-10-13 13:29:07,23.11,24200,23.12,D
sh601126,四方股份,2025-10-13 13:29:34,23.11,24600,23.12,D
sh601126,四方股份,2025-10-13 13:29:40,23.1,43400,23.12,D
sh601126,四方股份,2025-10-13 13:29:43,23.09,54800,23.1,D
sh601126,四方股份,2025-10-13 13:29:46,23.1,12800,23.09,U
sh601126,四方股份,2025-10-13 13:29:49,23.08,50800,23.1,D
sh601126,四方股份,2025-10-13 13:29:52,23.08,14700,23.08,D
sh601126,四方股份,2025-10-13 13:29:55,23.1,12400,23.08,U
sh601126,四方股份,2025-10-13 13:30:25,23.1,87800,23.11,D
sh601126,四方股份,2025-10-13 13:30:49,23.1,11483,23.09,U
sh601126,四方股份,2025-10-13 13:31:13,23.1,10600,23.1,U
sh601126,四方股份,2025-10-13 13:31:25,23.1,10600,23.11,D
sh601126,四方股份,2025-10-13 13:31:43,23.12,28800,23.11,U
sh601126,四方股份,2025-10-13 13:32:01,23.15,8900,23.16,D
sh601126,四方股份,2025-10-13 13:32:19,23.16,11600,23.15,E
sh601126,四方股份,2025-10-13 13:33:04,23.26,8600,23.25,U
sh601126,四方股份,2025-10-13 13:33:10,23.22,54800,23.26,D
sh601126,四方股份,2025-10-13 13:33:16,23.2,11200,23.23,D
sh601126,四方股份,2025-10-13 13:33:37,23.18,15800,23.19,D
sh601126,四方股份,2025-10-13 13:33:49,23.12,8900,23.15,D
sh601126,四方股份,2025-10-13 13:34:22,23.16,9600,23.16,U
sh601126,四方股份,2025-10-13 13:34:49,23.18,14200,23.17,U
sh601126,四方股份,2025-10-13 13:35:10,23.19,30500,23.2,D
sh601126,四方股份,2025-10-13 13:35:40,23.2,9800,23.2,U
sh601126,四方股份,2025-10-13 13:36:13,23.19,9800,23.2,D
sh601126,四方股份,2025-10-13 13:36:25,23.19,34200,23.19,U
sh601126,四方股份,2025-10-13 13:36:28,23.18,31700,23.19,D
sh601126,四方股份,2025-10-13 13:36:31,23.16,13100,23.18,E
sh601126,四方股份,2025-10-13 13:37:31,23.19,9600,23.16,U
sh601126,四方股份,2025-10-13 13:37:34,23.2,16700,23.19,U
sh601126,四方股份,2025-10-13 13:37:43,23.21,10000,23.2,U
sh601126,四方股份,2025-10-13 13:38:34,23.2,10400,23.2,U
sh601126,四方股份,2025-10-13 13:38:37,23.19,24900,23.2,D
sh601126,四方股份,2025-10-13 13:38:46,23.17,59800,23.19,D
sh601126,四方股份,2025-10-13 13:39:10,23.22,12100,23.22,D
sh601126,四方股份,2025-10-13 13:39:25,23.24,12000,23.21,U
sh601126,四方股份,2025-10-13 13:39:34,23.26,13200,23.22,U
sh601126,四方股份,2025-10-13 13:39:49,23.26,10800,23.27,D
sh601126,四方股份,2025-10-13 13:40:16,23.26,11300,23.27,U
sh601126,四方股份,2025-10-13 13:40:22,23.26,18700,23.26,U
sh601126,四方股份,2025-10-13 13:40:46,23.26,22800,23.26,D
sh601126,四方股份,2025-10-13 13:40:49,23.26,36700,23.26,D
sh601126,四方股份,2025-10-13 13:40:52,23.26,15500,23.26,D
sh601126,四方股份,2025-10-13 13:40:55,23.27,45700,23.26,U
sh601126,四方股份,2025-10-13 13:40:58,23.27,11800,23.27,U
sh601126,四方股份,2025-10-13 13:41:19,23.2,36700,23.24,D
sh601126,四方股份,2025-10-13 13:41:28,23.24,39700,23.25,E
sh601126,四方股份,2025-10-13 13:42:01,23.23,8900,23.22,U
sh601126,四方股份,2025-10-13 13:42:10,23.25,9300,23.25,U
sh601126,四方股份,2025-10-13 13:42:34,23.25,12100,23.25,U
sh601126,四方股份,2025-10-13 13:42:37,23.27,28500,23.25,U
sh601126,四方股份,2025-10-13 13:42:55,23.26,9000,23.26,D
sh601126,四方股份,2025-10-13 13:43:01,23.27,18000,23.27,U
sh601126,四方股份,2025-10-13 13:44:52,23.25,9200,23.24,U
sh601126,四方股份,2025-10-13 13:45:04,23.28,13000,23.25,U
sh601126,四方股份,2025-10-13 13:45:16,23.27,23900,23.25,U
sh601126,四方股份,2025-10-13 13:45:19,23.25,8800,23.27,D
sh601126,四方股份,2025-10-13 13:45:49,23.28,11300,23.28,D
sh601126,四方股份,2025-10-13 13:45:55,23.29,10500,23.26,U
sh601126,四方股份,2025-10-13 13:45:58,23.28,46900,23.29,D
sh601126,四方股份,2025-10-13 13:46:10,23.26,16400,23.26,U
sh601126,四方股份,2025-10-13 13:46:52,23.25,10000,23.24,U
sh601126,四方股份,2025-10-13 13:47:01,23.25,17000,23.25,U
sh601126,四方股份,2025-10-13 13:47:04,23.25,14500,23.25,U
sh601126,四方股份,2025-10-13 13:47:58,23.23,20300,23.23,D
sh601126,四方股份,2025-10-13 13:48:16,23.27,20700,23.23,U
sh601126,四方股份,2025-10-13 13:48:25,23.23,9700,23.26,D
sh601126,四方股份,2025-10-13 13:48:49,23.28,20500,23.26,U
sh601126,四方股份,2025-10-13 13:48:55,23.25,12300,23.26,D
sh601126,四方股份,2025-10-13 13:49:16,23.24,11000,23.24,D
sh601126,四方股份,2025-10-13 13:50:09,23.23,12800,23.24,D
sh601126,四方股份,2025-10-13 13:50:16,23.23,16800,23.22,U
sh601126,四方股份,2025-10-13 13:50:55,23.25,26300,23.25,U
sh601126,四方股份,2025-10-13 13:51:25,23.26,35500,23.25,U
sh601126,四方股份,2025-10-13 13:51:28,23.26,9500,23.26,U
sh601126,四方股份,2025-10-13 13:51:37,23.28,22600,23.28,U
sh601126,四方股份,2025-10-13 13:52:28,23.36,25500,23.34,U
sh601126,四方股份,2025-10-13 13:52:43,23.38,41600,23.39,D
sh601126,四方股份,2025-10-13 13:52:46,23.38,17100,23.38,U
sh601126,四方股份,2025-10-13 13:52:49,23.39,9300,23.38,U
sh601126,四方股份,2025-10-13 13:53:01,23.42,12000,23.39,U
sh601126,四方股份,2025-10-13 13:53:10,23.43,16600,23.41,U
sh601126,四方股份,2025-10-13 13:53:13,23.43,15800,23.43,U
sh601126,四方股份,2025-10-13 13:53:22,23.43,10600,23.43,D
sh601126,四方股份,2025-10-13 13:53:25,23.44,50000,23.43,U
sh601126,四方股份,2025-10-13 13:53:43,23.46,13200,23.46,D
sh601126,四方股份,2025-10-13 13:53:46,23.47,20400,23.46,U
sh601126,四方股份,2025-10-13 13:53:52,23.49,19200,23.48,U
sh601126,四方股份,2025-10-13 13:53:58,23.51,13800,23.5,U
sh601126,四方股份,2025-10-13 13:54:25,23.57,9900,23.54,U
sh601126,四方股份,2025-10-13 13:54:31,23.57,36700,23.57,U
sh601126,四方股份,2025-10-13 13:54:37,23.59,26200,23.57,U
sh601126,四方股份,2025-10-13 13:54:40,23.59,8800,23.59,D
sh601126,四方股份,2025-10-13 13:54:43,23.59,16200,23.59,D
sh601126,四方股份,2025-10-13 13:54:49,23.59,33300,23.59,D
sh601126,四方股份,2025-10-13 13:54:52,23.57,24400,23.59,D
sh601126,四方股份,2025-10-13 13:55:01,23.57,14800,23.58,D
sh601126,四方股份,2025-10-13 13:55:34,23.51,22100,23.52,D
sh601126,四方股份,2025-10-13 13:55:49,23.52,12900,23.54,D
sh601126,四方股份,2025-10-13 13:56:04,23.5,10500,23.51,D
sh601126,四方股份,2025-10-13 13:56:16,23.48,8900,23.48,D
sh601126,四方股份,2025-10-13 13:56:46,23.44,8700,23.43,U
sh601126,四方股份,2025-10-13 13:57:43,23.51,9100,23.5,U
sh601126,四方股份,2025-10-13 13:58:01,23.49,11100,23.5,D
sh601126,四方股份,2025-10-13 13:58:07,23.49,23700,23.49,D
sh601126,四方股份,2025-10-13 14:00:31,23.42,10500,23.41,U
sh601126,四方股份,2025-10-13 14:00:46,23.42,15800,23.43,D
sh601126,四方股份,2025-10-13 14:00:52,23.42,9800,23.42,D
sh601126,四方股份,2025-10-13 14:01:19,23.49,10400,23.47,U
sh601126,四方股份,2025-10-13 14:01:28,23.46,11000,23.47,D
sh601126,四方股份,2025-10-13 14:01:43,23.4,8900,23.42,D
sh601126,四方股份,2025-10-13 14:02:13,23.33,12000,23.38,D
sh601126,四方股份,2025-10-13 14:02:28,23.31,10100,23.31,D
sh601126,四方股份,2025-10-13 14:03:04,23.3,14200,23.31,D
sh601126,四方股份,2025-10-13 14:03:49,23.34,11000,23.35,D
sh601126,四方股份,2025-10-13 14:03:58,23.32,9500,23.32,D
sh601126,四方股份,2025-10-13 14:05:34,23.31,12700,23.31,D
sh601126,四方股份,2025-10-13 14:05:37,23.32,9000,23.31,U
sh601126,四方股份,2025-10-13 14:05:49,23.3,8700,23.31,D
sh601126,四方股份,2025-10-13 14:05:58,23.3,32400,23.3,D
sh601126,四方股份,2025-10-13 14:06:01,23.29,13200,23.3,D
sh601126,四方股份,2025-10-13 14:07:07,23.25,11800,23.25,U
sh601126,四方股份,2025-10-13 14:07:40,23.23,8700,23.23,D
sh601126,四方股份,2025-10-13 14:07:46,23.22,11000,23.22,D
sh601126,四方股份,2025-10-13 14:07:58,23.21,11000,23.21,D
