symbol,name,ticktime,price,volume,prev_price,kind
sh601126,四方股份,2025-10-09 09:25:01,20.19,240800,0.0,U
sh601126,四方股份,2025-10-09 09:30:04,20.19,90400,20.19,D
sh601126,四方股份,2025-10-09 09:30:07,20.19,101400,20.19,D
sh601126,四方股份,2025-10-09 09:30:10,20.19,371700,20.19,D
sh601126,四方股份,2025-10-09 09:30:13,20.18,175000,20.19,E
sh601126,四方股份,2025-10-09 09:30:16,20.19,20200,20.18,U
sh601126,四方股份,2025-10-09 09:30:19,20.18,20100,20.19,E
sh601126,四方股份,2025-10-09 09:30:22,20.17,52100,20.18,E
sh601126,四方股份,2025-10-09 09:30:25,20.17,32300,20.17,U
sh601126,四方股份,2025-10-09 09:30:28,20.12,152000,20.17,D
sh601126,四方股份,2025-10-09 09:30:31,20.19,69200,20.12,U
sh601126,四方股份,2025-10-09 09:30:34,20.14,86400,20.19,D
sh601126,四方股份,2025-10-09 09:30:37,20.16,26500,20.14,U
sh601126,四方股份,2025-10-09 09:30:40,20.1,132800,20.16,D
sh601126,四方股份,2025-10-09 09:30:43,20.19,95100,20.1,U
sh601126,四方股份,2025-10-09 09:30:46,20.2,134900,20.19,U
sh601126,四方股份,2025-10-09 09:30:49,20.23,137500,20.2,U
sh601126,四方股份,2025-10-09 09:30:52,20.21,40900,20.23,D
sh601126,四方股份,2025-10-09 09:30:55,20.25,61400,20.21,U
sh601126,四方股份,2025-10-09 09:30:58,20.26,199901,20.25,E
sh601126,四方股份,2025-10-09 09:31:01,20.34,22700,20.26,D
sh601126,四方股份,2025-10-09 09:31:04,20.38,40600,20.34,U
sh601126,四方股份,2025-10-09 09:31:07,20.39,14100,20.38,U
sh601126,四方股份,2025-10-09 09:31:10,20.4,13800,20.39,U
sh601126,四方股份,2025-10-09 09:31:13,20.39,10900,20.4,D
sh601126,四方股份,2025-10-09 09:31:16,20.45,68500,20.39,U
sh601126,四方股份,2025-10-09 09:31:19,20.47,16300,20.45,U
sh601126,四方股份,2025-10-09 09:31:22,20.47,23200,20.47,U
sh601126,四方股份,2025-10-09 09:31:25,20.47,35800,20.47,U
sh601126,四方股份,2025-10-09 09:31:28,20.47,127100,20.47,D
sh601126,四方股份,2025-10-09 09:31:31,20.5,44100,20.47,U
sh601126,四方股份,2025-10-09 09:31:34,20.5,65000,20.5,D
sh601126,四方股份,2025-10-09 09:31:37,20.59,72800,20.5,U
sh601126,四方股份,2025-10-09 09:31:40,20.59,32700,20.59,U
sh601126,四方股份,2025-10-09 09:31:43,20.58,45600,20.59,E
sh601126,四方股份,2025-10-09 09:31:46,20.61,113900,20.58,U
sh601126,四方股份,2025-10-09 09:31:49,20.63,56700,20.61,U
sh601126,四方股份,2025-10-09 09:31:52,20.64,100500,20.63,U
sh601126,四方股份,2025-10-09 09:31:55,20.64,150500,20.64,U
sh601126,四方股份,2025-10-09 09:31:58,20.61,131500,20.64,E
sh601126,四方股份,2025-10-09 09:32:01,20.63,109600,20.61,D
sh601126,四方股份,2025-10-09 09:32:04,20.63,88400,20.63,D
sh601126,四方股份,2025-10-09 09:32:07,20.49,21500,20.63,D
sh601126,四方股份,2025-10-09 09:32:10,20.5,34100,20.49,U
sh601126,四方股份,2025-10-09 09:32:13,20.49,21400,20.5,D
sh601126,四方股份,2025-10-09 09:32:16,20.5,47900,20.49,U
sh601126,四方股份,2025-10-09 09:32:19,20.49,29500,20.5,D
sh601126,四方股份,2025-10-09 09:32:22,20.51,27100,20.49,U
sh601126,四方股份,2025-10-09 09:32:25,20.49,10500,20.51,D
sh601126,四方股份,2025-10-09 09:32:28,20.47,21300,20.49,E
sh601126,四方股份,2025-10-09 09:32:31,20.49,51300,20.47,U
sh601126,四方股份,2025-10-09 09:32:34,20.48,23500,20.49,E
sh601126,四方股份,2025-10-09 09:32:43,20.48,30900,20.4,U
sh601126,四方股份,2025-10-09 09:32:46,20.48,54700,20.48,D
sh601126,四方股份,2025-10-09 09:32:49,20.48,17300,20.48,D
sh601126,四方股份,2025-10-09 09:32:52,20.48,10600,20.48,D
sh601126,四方股份,2025-10-09 09:32:55,20.48,77000,20.48,D
sh601126,四方股份,2025-10-09 09:32:58,20.49,13800,20.48,E
sh601126,四方股份,2025-10-09 09:33:01,20.48,59100,20.49,U
sh601126,四方股份,2025-10-09 09:33:04,20.44,70600,20.48,E
sh601126,四方股份,2025-10-09 09:33:07,20.46,14600,20.44,E
sh601126,四方股份,2025-10-09 09:33:10,20.47,40800,20.46,U
sh601126,四方股份,2025-10-09 09:33:13,20.43,52500,20.47,D
sh601126,四方股份,2025-10-09 09:33:16,20.44,38800,20.43,E
sh601126,四方股份,2025-10-09 09:33:19,20.47,21400,20.44,U
sh601126,四方股份,2025-10-09 09:33:31,20.47,14300,20.47,U
sh601126,四方股份,2025-10-09 09:33:40,20.43,12100,20.44,D
sh601126,四方股份,2025-10-09 09:33:43,20.43,25500,20.43,D
sh601126,四方股份,2025-10-09 09:33:46,20.37,91200,20.43,D
sh601126,四方股份,2025-10-09 09:33:49,20.37,59000,20.37,E
sh601126,四方股份,2025-10-09 09:33:58,20.28,23300,20.32,D
sh601126,四方股份,2025-10-09 09:34:01,20.22,22300,20.28,D
sh601126,四方股份,2025-10-09 09:34:04,20.26,32800,20.22,U
sh601126,四方股份,2025-10-09 09:34:07,20.32,117000,20.26,U
sh601126,四方股份,2025-10-09 09:34:10,20.33,30900,20.32,E
sh601126,四方股份,2025-10-09 09:34:13,20.32,49000,20.33,D
sh601126,四方股份,2025-10-09 09:34:16,20.37,87700,20.32,U
sh601126,四方股份,2025-10-09 09:34:19,20.34,27500,20.37,D
sh601126,四方股份,2025-10-09 09:34:22,20.3,47200,20.34,D
sh601126,四方股份,2025-10-09 09:34:25,20.37,21200,20.3,U
sh601126,四方股份,2025-10-09 09:34:28,20.38,30600,20.37,D
sh601126,四方股份,2025-10-09 09:34:37,20.36,19100,20.39,D
sh601126,四方股份,2025-10-09 09:34:40,20.38,14900,20.36,U
sh601126,四方股份,2025-10-09 09:34:43,20.31,75200,20.38,D
sh601126,四方股份,2025-10-09 09:34:52,20.34,11800,20.33,U
sh601126,四方股份,2025-10-09 09:35:01,20.34,16300,20.34,D
sh601126,四方股份,2025-10-09 09:35:04,20.35,30600,20.34,U
sh601126,四方股份,2025-10-09 09:35:07,20.33,72100,20.35,D
sh601126,四方股份,2025-10-09 09:35:10,20.35,40900,20.33,U
sh601126,四方股份,2025-10-09 09:35:13,20.35,30400,20.35,D
sh601126,四方股份,2025-10-09 09:35:16,20.37,33200,20.35,U
sh601126,四方股份,2025-10-09 09:35:19,20.39,23100,20.37,U
sh601126,四方股份,2025-10-09 09:35:22,20.47,72600,20.39,U
sh601126,四方股份,2025-10-09 09:35:25,20.47,17600,20.47,U
sh601126,四方股份,2025-10-09 09:35:31,20.51,100440,20.44,U
sh601126,四方股份,2025-10-09 09:35:40,20.57,10700,20.56,U
sh601126,四方股份,2025-10-09 09:35:43,20.61,18600,20.57,U
sh601126,四方股份,2025-10-09 09:35:46,20.63,12600,20.61,U
sh601126,四方股份,2025-10-09 09:35:49,20.62,25500,20.63,D
sh601126,四方股份,2025-10-09 09:35:52,20.62,19500,20.62,U
sh601126,四方股份,2025-10-09 09:35:55,20.64,42200,20.62,U
sh601126,四方股份,2025-10-09 09:35:58,20.66,12300,20.64,U
sh601126,四方股份,2025-10-09 09:36:01,20.7,62000,20.66,U
sh601126,四方股份,2025-10-09 09:36:04,20.69,25100,20.7,D
sh601126,四方股份,2025-10-09 09:36:07,20.67,31000,20.69,D
sh601126,四方股份,2025-10-09 09:36:10,20.67,46100,20.67,U
sh601126,四方股份,2025-10-09 09:36:13,20.69,14700,20.67,U
sh601126,四方股份,2025-10-09 09:36:16,20.7,18100,20.69,U
sh601126,四方股份,2025-10-09 09:36:19,20.64,56300,20.7,D
sh601126,四方股份,2025-10-09 09:36:22,20.67,42900,20.64,U
sh601126,四方股份,2025-10-09 09:36:25,20.68,67800,20.67,U
sh601126,四方股份,2025-10-09 09:36:28,20.68,98700,20.68,U
sh601126,四方股份,2025-10-09 09:36:34,20.77,35300,20.71,U
sh601126,四方股份,2025-10-09 09:36:37,20.78,10700,20.77,U
sh601126,四方股份,2025-10-09 09:36:40,20.78,34000,20.78,U
sh601126,四方股份,2025-10-09 09:36:43,20.79,22300,20.78,U
sh601126,四方股份,2025-10-09 09:36:46,20.77,64600,20.79,D
sh601126,四方股份,2025-10-09 09:36:49,20.79,27800,20.77,U
sh601126,四方股份,2025-10-09 09:36:52,20.79,97000,20.79,U
sh601126,四方股份,2025-10-09 09:36:55,20.76,72200,20.79,E
sh601126,四方股份,2025-10-09 09:36:58,20.73,92900,20.76,D
sh601126,四方股份,2025-10-09 09:37:01,20.72,14100,20.73,D
sh601126,四方股份,2025-10-09 09:37:04,20.71,31100,20.72,D
sh601126,四方股份,2025-10-09 09:37:07,20.71,54100,20.71,D
sh601126,四方股份,2025-10-09 09:37:10,20.67,70500,20.71,D
sh601126,四方股份,2025-10-09 09:37:13,20.64,15100,20.67,D
sh601126,四方股份,2025-10-09 09:37:16,20.6,11600,20.64,D
sh601126,四方股份,2025-10-09 09:37:19,20.61,23300,20.6,U
sh601126,四方股份,2025-10-09 09:37:25,20.66,56500,20.63,U
sh601126,四方股份,2025-10-09 09:37:34,20.65,95500,20.67,D
sh601126,四方股份,2025-10-09 09:37:37,20.68,33700,20.65,E
sh601126,四方股份,2025-10-09 09:37:40,20.68,50100,20.68,U
sh601126,四方股份,2025-10-09 09:37:49,20.65,95900,20.7,D
sh601126,四方股份,2025-10-09 09:37:52,20.66,64300,20.65,U
sh601126,四方股份,2025-10-09 09:37:55,20.68,38800,20.66,U
sh601126,四方股份,2025-10-09 09:37:58,20.73,83300,20.68,U
sh601126,四方股份,2025-10-09 09:38:04,20.75,12000,20.73,U
sh601126,四方股份,2025-10-09 09:38:07,20.71,10500,20.75,D
sh601126,四方股份,2025-10-09 09:38:13,20.72,11000,20.72,U
sh601126,四方股份,2025-10-09 09:38:19,20.69,12500,20.71,E
sh601126,四方股份,2025-10-09 09:38:22,20.69,30300,20.69,D
sh601126,四方股份,2025-10-09 09:38:25,20.69,35100,20.69,U
sh601126,四方股份,2025-10-09 09:38:31,20.7,22300,20.66,U
sh601126,四方股份,2025-10-09 09:38:34,20.68,22400,20.7,D
sh601126,四方股份,2025-10-09 09:38:40,20.69,13500,20.68,U
sh601126,四方股份,2025-10-09 09:38:43,20.68,18900,20.69,D
sh601126,四方股份,2025-10-09 09:38:46,20.68,23900,20.68,U
sh601126,四方股份,2025-10-09 09:38:49,20.68,19900,20.68,U
sh601126,四方股份,2025-10-09 09:38:52,20.68,32800,20.68,U
sh601126,四方股份,2025-10-09 09:38:55,20.67,71500,20.68,D
sh601126,四方股份,2025-10-09 09:38:58,20.68,68200,20.67,U
sh601126,四方股份,2025-10-09 09:39:04,20.66,11300,20.66,U
sh601126,四方股份,2025-10-09 09:39:10,20.63,11600,20.64,D
sh601126,四方股份,2025-10-09 09:39:13,20.68,43400,20.63,U
sh601126,四方股份,2025-10-09 09:39:16,20.7,23900,20.68,U
sh601126,四方股份,2025-10-09 09:39:28,20.74,71900,20.75,D
sh601126,四方股份,2025-10-09 09:39:31,20.75,23600,20.74,U
sh601126,四方股份,2025-10-09 09:39:34,20.76,57500,20.75,U
sh601126,四方股份,2025-10-09 09:39:37,20.8,57400,20.76,U
sh601126,四方股份,2025-10-09 09:39:40,20.81,11600,20.8,U
sh601126,四方股份,2025-10-09 09:39:43,20.85,31300,20.81,U
sh601126,四方股份,2025-10-09 09:39:46,20.8,137700,20.85,D
sh601126,四方股份,2025-10-09 09:39:49,20.8,141700,20.8,D
sh601126,四方股份,2025-10-09 09:39:52,20.81,197700,20.8,U
sh601126,四方股份,2025-10-09 09:39:55,20.85,148800,20.81,U
sh601126,四方股份,2025-10-09 09:39:58,20.85,20100,20.85,U
sh601126,四方股份,2025-10-09 09:40:01,20.86,13400,20.85,U
sh601126,四方股份,2025-10-09 09:40:04,20.87,36900,20.86,U
sh601126,四方股份,2025-10-09 09:40:07,20.87,9600,20.87,U
sh601126,四方股份,2025-10-09 09:40:10,20.92,93900,20.87,U
sh601126,四方股份,2025-10-09 09:40:13,20.92,12000,20.92,D
sh601126,四方股份,2025-10-09 09:40:16,20.9,13300,20.92,E
sh601126,四方股份,2025-10-09 09:40:19,20.89,12300,20.9,D
sh601126,四方股份,2025-10-09 09:40:22,20.91,12000,20.89,U
sh601126,四方股份,2025-10-09 09:40:28,20.91,14500,20.9,U
sh601126,四方股份,2025-10-09 09:40:31,20.9,163900,20.91,D
sh601126,四方股份,2025-10-09 09:40:34,20.9,33700,20.9,U
sh601126,四方股份,2025-10-09 09:40:37,20.9,20600,20.9,U
sh601126,四方股份,2025-10-09 09:40:40,20.9,12000,20.9,U
sh601126,四方股份,2025-10-09 09:40:43,20.9,25400,20.9,U
sh601126,四方股份,2025-10-09 09:40:46,20.85,101300,20.9,D
sh601126,四方股份,2025-10-09 09:40:52,20.82,48600,20.82,D
sh601126,四方股份,2025-10-09 09:40:55,20.79,11200,20.82,D
sh601126,四方股份,2025-10-09 09:40:58,20.8,9700,20.79,E
sh601126,四方股份,2025-10-09 09:41:01,20.8,63900,20.8,D
sh601126,四方股份,2025-10-09 09:41:04,20.8,61500,20.8,D
sh601126,四方股份,2025-10-09 09:41:07,20.81,25200,20.8,U
sh601126,四方股份,2025-10-09 09:41:13,20.85,31600,20.82,U
sh601126,四方股份,2025-10-09 09:41:16,20.85,15400,20.85,U
sh601126,四方股份,2025-10-09 09:41:22,20.86,24600,20.86,D
sh601126,四方股份,2025-10-09 09:41:25,20.87,10100,20.86,U
sh601126,四方股份,2025-10-09 09:41:28,20.87,16400,20.87,D
sh601126,四方股份,2025-10-09 09:41:31,20.88,11400,20.87,E
sh601126,四方股份,2025-10-09 09:41:34,20.89,125700,20.88,U
sh601126,四方股份,2025-10-09 09:41:37,20.89,49800,20.89,D
sh601126,四方股份,2025-10-09 09:41:40,20.86,66600,20.89,D
sh601126,四方股份,2025-10-09 09:41:46,20.86,37800,20.88,D
sh601126,四方股份,2025-10-09 09:41:49,20.82,97000,20.86,D
sh601126,四方股份,2025-10-09 09:41:52,20.76,88300,20.82,D
sh601126,四方股份,2025-10-09 09:41:55,20.76,15400,20.76,E
sh601126,四方股份,2025-10-09 09:41:58,20.74,13300,20.76,D
sh601126,四方股份,2025-10-09 09:42:01,20.72,66600,20.74,D
sh601126,四方股份,2025-10-09 09:42:04,20.79,62200,20.72,U
sh601126,四方股份,2025-10-09 09:42:13,20.8,23200,20.78,U
sh601126,四方股份,2025-10-09 09:42:16,20.81,10523,20.8,E
sh601126,四方股份,2025-10-09 09:42:19,20.81,16800,20.81,U
sh601126,四方股份,2025-10-09 09:42:28,20.82,12000,20.81,U
sh601126,四方股份,2025-10-09 09:42:34,20.79,58377,20.82,D
sh601126,四方股份,2025-10-09 09:42:43,20.76,23000,20.76,D
sh601126,四方股份,2025-10-09 09:42:46,20.88,120200,20.76,U
sh601126,四方股份,2025-10-09 09:42:49,20.8,15300,20.88,U
sh601126,四方股份,2025-10-09 09:42:58,20.81,10600,20.81,D
sh601126,四方股份,2025-10-09 09:43:04,20.83,13600,20.8,U
sh601126,四方股份,2025-10-09 09:43:13,20.83,14300,20.82,U
sh601126,四方股份,2025-10-09 09:43:19,20.81,11800,20.83,D
sh601126,四方股份,2025-10-09 09:43:22,20.81,25000,20.81,D
sh601126,四方股份,2025-10-09 09:43:28,20.74,75100,20.8,D
sh601126,四方股份,2025-10-09 09:43:43,20.71,16800,20.69,U
sh601126,四方股份,2025-10-09 09:43:46,20.68,28600,20.71,D
sh601126,四方股份,2025-10-09 09:43:49,20.71,13100,20.68,U
sh601126,四方股份,2025-10-09 09:43:58,20.71,29600,20.71,D
sh601126,四方股份,2025-10-09 09:44:04,20.69,29800,20.71,D
sh601126,四方股份,2025-10-09 09:44:07,20.71,30100,20.69,U
sh601126,四方股份,2025-10-09 09:44:16,20.69,12600,20.72,D
sh601126,四方股份,2025-10-09 09:44:22,20.69,13300,20.69,U
sh601126,四方股份,2025-10-09 09:44:25,20.69,18100,20.69,D
sh601126,四方股份,2025-10-09 09:44:28,20.7,26000,20.69,E
sh601126,四方股份,2025-10-09 09:44:43,20.68,49300,20.68,D
sh601126,四方股份,2025-10-09 09:44:46,20.68,11600,20.68,D
sh601126,四方股份,2025-10-09 09:44:55,20.69,11100,20.68,U
sh601126,四方股份,2025-10-09 09:45:01,20.69,11200,20.68,U
sh601126,四方股份,2025-10-09 09:45:04,20.68,13500,20.69,D
sh601126,四方股份,2025-10-09 09:45:10,20.62,79900,20.66,D
sh601126,四方股份,2025-10-09 09:45:13,20.61,55900,20.62,D
sh601126,四方股份,2025-10-09 09:45:19,20.6,100800,20.58,U
sh601126,四方股份,2025-10-09 09:45:22,20.63,39900,20.6,U
sh601126,四方股份,2025-10-09 09:45:28,20.61,17500,20.62,D
sh601126,四方股份,2025-10-09 09:45:34,20.56,16100,20.57,D
sh601126,四方股份,2025-10-09 09:45:37,20.55,19500,20.56,U
sh601126,四方股份,2025-10-09 09:45:49,20.58,58200,20.55,U
sh601126,四方股份,2025-10-09 09:45:52,20.57,27000,20.58,E
sh601126,四方股份,2025-10-09 09:45:55,20.57,32200,20.57,D
sh601126,四方股份,2025-10-09 09:46:01,20.55,56500,20.56,D
sh601126,四方股份,2025-10-09 09:46:13,20.52,13000,20.52,D
sh601126,四方股份,2025-10-09 09:46:16,20.53,21900,20.52,U
sh601126,四方股份,2025-10-09 09:46:22,20.56,42200,20.55,U
sh601126,四方股份,2025-10-09 09:46:25,20.56,9900,20.56,U
sh601126,四方股份,2025-10-09 09:46:28,20.57,19800,20.56,U
sh601126,四方股份,2025-10-09 09:46:31,20.59,11800,20.57,U
sh601126,四方股份,2025-10-09 09:46:34,20.57,10200,20.59,D
sh601126,四方股份,2025-10-09 09:46:37,20.56,30000,20.57,D
sh601126,四方股份,2025-10-09 09:46:40,20.56,28200,20.56,U
sh601126,四方股份,2025-10-09 09:46:46,20.51,96400,20.53,D
sh601126,四方股份,2025-10-09 09:46:52,20.5,32400,20.49,U
sh601126,四方股份,2025-10-09 09:46:55,20.51,10200,20.5,U
sh601126,四方股份,2025-10-09 09:46:58,20.53,27000,20.51,U
sh601126,四方股份,2025-10-09 09:47:01,20.52,15700,20.53,D
sh601126,四方股份,2025-10-09 09:47:04,20.52,39200,20.52,D
sh601126,四方股份,2025-10-09 09:47:07,20.51,17100,20.52,D
sh601126,四方股份,2025-10-09 09:47:10,20.51,63900,20.51,D
sh601126,四方股份,2025-10-09 09:47:13,20.5,24700,20.51,U
sh601126,四方股份,2025-10-09 09:47:22,20.52,19100,20.5,U
sh601126,四方股份,2025-10-09 09:47:31,20.57,150500,20.54,U
sh601126,四方股份,2025-10-09 09:47:40,20.52,18400,20.55,D
sh601126,四方股份,2025-10-09 09:47:46,20.51,22000,20.54,D
sh601126,四方股份,2025-10-09 09:47:52,20.52,14500,20.52,D
sh601126,四方股份,2025-10-09 09:48:01,20.55,10200,20.54,U
sh601126,四方股份,2025-10-09 09:48:04,20.56,19500,20.55,U
sh601126,四方股份,2025-10-09 09:48:16,20.54,39500,20.55,D
sh601126,四方股份,2025-10-09 09:48:19,20.53,38800,20.54,D
sh601126,四方股份,2025-10-09 09:48:28,20.53,26800,20.52,U
sh601126,四方股份,2025-10-09 09:48:31,20.52,24100,20.53,D
sh601126,四方股份,2025-10-09 09:48:40,20.5,13700,20.52,D
sh601126,四方股份,2025-10-09 09:48:46,20.5,17200,20.51,D
sh601126,四方股份,2025-10-09 09:48:52,20.47,17200,20.48,D
sh601126,四方股份,2025-10-09 09:48:55,20.48,12300,20.47,U
sh601126,四方股份,2025-10-09 09:48:58,20.52,109900,20.48,U
sh601126,四方股份,2025-10-09 09:49:04,20.51,62700,20.53,E
sh601126,四方股份,2025-10-09 09:49:13,20.5,23300,20.5,U
sh601126,四方股份,2025-10-09 09:49:16,20.46,41000,20.5,D
sh601126,四方股份,2025-10-09 09:49:19,20.51,27400,20.46,U
sh601126,四方股份,2025-10-09 09:49:25,20.5,11000,20.5,D
sh601126,四方股份,2025-10-09 09:49:28,20.51,23000,20.5,D
sh601126,四方股份,2025-10-09 09:49:31,20.51,14500,20.51,D
sh601126,四方股份,2025-10-09 09:49:34,20.52,15000,20.51,E
sh601126,四方股份,2025-10-09 09:49:37,20.51,16800,20.52,D
sh601126,四方股份,2025-10-09 09:49:40,20.51,56800,20.51,E
sh601126,四方股份,2025-10-09 09:49:43,20.55,24500,20.51,U
sh601126,四方股份,2025-10-09 09:49:49,20.53,34800,20.51,U
sh601126,四方股份,2025-10-09 09:50:04,20.52,19100,20.56,D
sh601126,四方股份,2025-10-09 09:50:22,20.55,42200,20.57,D
sh601126,四方股份,2025-10-09 09:50:34,20.58,10900,20.57,U
sh601126,四方股份,2025-10-09 09:50:43,20.6,23900,20.61,U
sh601126,四方股份,2025-10-09 09:50:49,20.58,12600,20.59,D
sh601126,四方股份,2025-10-09 09:50:52,20.63,32600,20.58,U
sh601126,四方股份,2025-10-09 09:51:13,20.6,17300,20.61,D
sh601126,四方股份,2025-10-09 09:51:16,20.61,30800,20.6,U
sh601126,四方股份,2025-10-09 09:51:22,20.59,11400,20.6,D
sh601126,四方股份,2025-10-09 09:51:25,20.58,36900,20.59,D
sh601126,四方股份,2025-10-09 09:51:31,20.59,30100,20.59,D
sh601126,四方股份,2025-10-09 09:51:34,20.61,54300,20.59,U
sh601126,四方股份,2025-10-09 09:51:37,20.58,23600,20.61,D
sh601126,四方股份,2025-10-09 09:52:01,20.58,42200,20.61,D
sh601126,四方股份,2025-10-09 09:52:04,20.55,44700,20.58,D
sh601126,四方股份,2025-10-09 09:52:07,20.53,60500,20.55,D
sh601126,四方股份,2025-10-09 09:52:10,20.55,14700,20.53,U
sh601126,四方股份,2025-10-09 09:52:22,20.53,15200,20.52,U
sh601126,四方股份,2025-10-09 09:52:28,20.52,14800,20.53,E
sh601126,四方股份,2025-10-09 09:52:34,20.53,14300,20.51,U
sh601126,四方股份,2025-10-09 09:52:37,20.53,12100,20.53,D
sh601126,四方股份,2025-10-09 09:52:49,20.53,12600,20.52,U
sh601126,四方股份,2025-10-09 09:53:10,20.51,15300,20.52,D
sh601126,四方股份,2025-10-09 09:53:52,20.54,34800,20.57,D
sh601126,四方股份,2025-10-09 09:54:13,20.54,11900,20.56,D
sh601126,四方股份,2025-10-09 09:54:25,20.52,16200,20.53,D
sh601126,四方股份,2025-10-09 09:54:28,20.54,23700,20.52,U
sh601126,四方股份,2025-10-09 09:54:40,20.54,37100,20.5,U
sh601126,四方股份,2025-10-09 09:54:46,20.5,30400,20.51,D
sh601126,四方股份,2025-10-09 09:54:55,20.51,36500,20.5,U
sh601126,四方股份,2025-10-09 09:55:13,20.51,17000,20.49,U
sh601126,四方股份,2025-10-09 09:55:16,20.51,24000,20.51,D
sh601126,四方股份,2025-10-09 09:55:31,20.51,26100,20.51,U
sh601126,四方股份,2025-10-09 09:55:46,20.54,20700,20.51,U
sh601126,四方股份,2025-10-09 09:56:07,20.51,20400,20.51,U
sh601126,四方股份,2025-10-09 09:56:16,20.55,26800,20.51,U
sh601126,四方股份,2025-10-09 09:56:22,20.57,15200,20.56,U
sh601126,四方股份,2025-10-09 09:56:40,20.58,86600,20.57,U
sh601126,四方股份,2025-10-09 09:56:55,20.6,53200,20.6,U
sh601126,四方股份,2025-10-09 09:57:13,20.57,15100,20.58,D
sh601126,四方股份,2025-10-09 09:58:10,20.61,22800,20.62,U
sh601126,四方股份,2025-10-09 09:58:28,20.59,22100,20.62,D
sh601126,四方股份,2025-10-09 09:58:37,20.57,26900,20.6,D
sh601126,四方股份,2025-10-09 09:58:40,20.55,63900,20.57,D
sh601126,四方股份,2025-10-09 09:58:49,20.54,11000,20.54,D
sh601126,四方股份,2025-10-09 09:58:58,20.57,63600,20.55,U
sh601126,四方股份,2025-10-09 09:59:16,20.6,16400,20.6,U
sh601126,四方股份,2025-10-09 09:59:25,20.63,13500,20.61,U
sh601126,四方股份,2025-10-09 09:59:31,20.65,23200,20.65,U
sh601126,四方股份,2025-10-09 09:59:58,20.65,23400,20.64,U
sh601126,四方股份,2025-10-09 10:00:01,20.65,82300,20.65,U
sh601126,四方股份,2025-10-09 10:00:10,20.6,29200,20.61,D
sh601126,四方股份,2025-10-09 10:00:16,20.57,15600,20.6,D
sh601126,四方股份,2025-10-09 10:00:22,20.57,14900,20.56,U
sh601126,四方股份,2025-10-09 10:00:25,20.62,113700,20.57,U
sh601126,四方股份,2025-10-09 10:01:04,20.54,15100,20.55,D
sh601126,四方股份,2025-10-09 10:01:07,20.54,12400,20.54,D
sh601126,四方股份,2025-10-09 10:01:55,20.54,19400,20.56,D
sh601126,四方股份,2025-10-09 10:02:07,20.53,30900,20.53,D
sh601126,四方股份,2025-10-09 10:02:25,20.54,14800,20.53,U
sh601126,四方股份,2025-10-09 10:02:40,20.53,18800,20.54,D
sh601126,四方股份,2025-10-09 10:03:07,20.59,22600,20.56,U
sh601126,四方股份,2025-10-09 10:03:25,20.56,20100,20.57,D
sh601126,四方股份,2025-10-09 10:03:28,20.54,25100,20.56,D
sh601126,四方股份,2025-10-09 10:03:49,20.53,41900,20.53,D
sh601126,四方股份,2025-10-09 10:04:01,20.53,15400,20.52,U
sh601126,四方股份,2025-10-09 10:04:13,20.51,11100,20.51,D
sh601126,四方股份,2025-10-09 10:04:19,20.5,21500,20.52,D
sh601126,四方股份,2025-10-09 10:04:37,20.5,11300,20.5,D
sh601126,四方股份,2025-10-09 10:05:01,20.49,41100,20.5,D
sh601126,四方股份,2025-10-09 10:05:34,20.48,11500,20.49,D
sh601126,四方股份,2025-10-09 10:05:37,20.49,34800,20.48,D
sh601126,四方股份,2025-10-09 10:05:43,20.49,31800,20.49,U
sh601126,四方股份,2025-10-09 10:06:07,20.53,14600,20.5,U
sh601126,四方股份,2025-10-09 10:06:13,20.54,14100,20.54,U
sh601126,四方股份,2025-10-09 10:06:34,20.56,21900,20.56,U
sh601126,四方股份,2025-10-09 10:06:37,20.56,93600,20.56,U
sh601126,四方股份,2025-10-09 10:07:10,20.6,15600,20.59,U
sh601126,四方股份,2025-10-09 10:07:25,20.61,10300,20.61,U
sh601126,四方股份,2025-10-09 10:07:46,20.59,14100,20.57,U
sh601126,四方股份,2025-10-09 10:07:49,20.61,10400,20.59,U
sh601126,四方股份,2025-10-09 10:08:13,20.62,19800,20.61,U
sh601126,四方股份,2025-10-09 10:08:19,20.62,65900,20.61,U
sh601126,四方股份,2025-10-09 10:08:22,20.61,16400,20.62,D
sh601126,四方股份,2025-10-09 10:08:31,20.62,51300,20.62,U
sh601126,四方股份,2025-10-09 10:08:34,20.65,107900,20.62,U
sh601126,四方股份,2025-10-09 10:09:07,20.65,11100,20.64,U
sh601126,四方股份,2025-10-09 10:09:22,20.65,9900,20.65,D
sh601126,四方股份,2025-10-09 10:09:25,20.63,34000,20.65,D
sh601126,四方股份,2025-10-09 10:09:28,20.63,11200,20.63,D
sh601126,四方股份,2025-10-09 10:09:55,20.62,33700,20.64,D
sh601126,四方股份,2025-10-09 10:10:10,20.64,24100,20.62,U
sh601126,四方股份,2025-10-09 10:10:31,20.62,22500,20.64,D
sh601126,四方股份,2025-10-09 10:10:40,20.65,36400,20.63,U
sh601126,四方股份,2025-10-09 10:10:49,20.7,76400,20.65,U
sh601126,四方股份,2025-10-09 10:10:52,20.73,54000,20.7,U
sh601126,四方股份,2025-10-09 10:10:55,20.68,15700,20.73,D
sh601126,四方股份,2025-10-09 10:10:58,20.72,19400,20.68,U
sh601126,四方股份,2025-10-09 10:11:25,20.68,17800,20.7,D
sh601126,四方股份,2025-10-09 10:12:04,20.66,156400,20.68,D
sh601126,四方股份,2025-10-09 10:12:25,20.63,17900,20.62,U
sh601126,四方股份,2025-10-09 10:12:31,20.58,34300,20.6,D
sh601126,四方股份,2025-10-09 10:13:10,20.6,12400,20.57,U
sh601126,四方股份,2025-10-09 10:13:25,20.65,25500,20.62,U
sh601126,四方股份,2025-10-09 10:13:34,20.66,15700,20.64,U
sh601126,四方股份,2025-10-09 10:13:37,20.68,15800,20.66,U
sh601126,四方股份,2025-10-09 10:13:43,20.68,20000,20.66,U
sh601126,四方股份,2025-10-09 10:13:55,20.68,58000,20.68,D
sh601126,四方股份,2025-10-09 10:13:58,20.68,40500,20.68,D
sh601126,四方股份,2025-10-09 10:14:04,20.69,10400,20.67,U
sh601126,四方股份,2025-10-09 10:14:13,20.7,10600,20.67,U
sh601126,四方股份,2025-10-09 10:14:37,20.69,16000,20.69,U
sh601126,四方股份,2025-10-09 10:14:49,20.7,11200,20.69,U
sh601126,四方股份,2025-10-09 10:14:52,20.7,10400,20.7,U
sh601126,四方股份,2025-10-09 10:15:07,20.69,40000,20.71,D
sh601126,四方股份,2025-10-09 10:15:13,20.69,13400,20.69,D
sh601126,四方股份,2025-10-09 10:15:16,20.65,130700,20.69,D
sh601126,四方股份,2025-10-09 10:15:40,20.64,22200,20.65,D
sh601126,四方股份,2025-10-09 10:15:52,20.65,13100,20.65,U
sh601126,四方股份,2025-10-09 10:16:25,20.66,30800,20.64,U
sh601126,四方股份,2025-10-09 10:16:28,20.66,13200,20.66,D
sh601126,四方股份,2025-10-09 10:16:37,20.66,21100,20.66,U
sh601126,四方股份,2025-10-09 10:16:46,20.7,19400,20.66,U
sh601126,四方股份,2025-10-09 10:16:55,20.7,13600,20.7,U
sh601126,四方股份,2025-10-09 10:17:04,20.7,22000,20.7,D
sh601126,四方股份,2025-10-09 10:17:19,20.72,100000,20.67,U
sh601126,四方股份,2025-10-09 10:17:37,20.69,74200,20.69,U
sh601126,四方股份,2025-10-09 10:18:01,20.73,149400,20.7,U
sh601126,四方股份,2025-10-09 10:18:16,20.74,14800,20.71,U
sh601126,四方股份,2025-10-09 10:18:46,20.74,19700,20.72,U
sh601126,四方股份,2025-10-09 10:19:04,20.77,20500,20.74,U
sh601126,四方股份,2025-10-09 10:19:13,20.77,16900,20.75,U
sh601126,四方股份,2025-10-09 10:19:31,20.8,55700,20.78,U
sh601126,四方股份,2025-10-09 10:19:43,20.77,185700,20.81,D
sh601126,四方股份,2025-10-09 10:19:55,20.82,153300,20.77,U
sh601126,四方股份,2025-10-09 10:20:07,20.78,9700,20.8,D
sh601126,四方股份,2025-10-09 10:20:10,20.78,30700,20.78,D
sh601126,四方股份,2025-10-09 10:20:22,20.76,14200,20.81,D
sh601126,四方股份,2025-10-09 10:20:46,20.74,26900,20.71,U
sh601126,四方股份,2025-10-09 10:20:49,20.71,76700,20.74,D
sh601126,四方股份,2025-10-09 10:20:52,20.75,18600,20.71,U
sh601126,四方股份,2025-10-09 10:21:19,20.75,30300,20.74,U
sh601126,四方股份,2025-10-09 10:21:43,20.76,16900,20.77,D
sh601126,四方股份,2025-10-09 10:21:52,20.79,11300,20.78,U
sh601126,四方股份,2025-10-09 10:22:10,20.76,22400,20.76,D
sh601126,四方股份,2025-10-09 10:22:37,20.79,14900,20.79,D
sh601126,四方股份,2025-10-09 10:22:40,20.78,18500,20.79,D
sh601126,四方股份,2025-10-09 10:22:43,20.78,30300,20.78,U
sh601126,四方股份,2025-10-09 10:23:16,20.76,97700,20.75,U
sh601126,四方股份,2025-10-09 10:23:52,20.77,56900,20.77,D
sh601126,四方股份,2025-10-09 10:23:58,20.8,16800,20.77,U
sh601126,四方股份,2025-10-09 10:24:19,20.78,111300,20.75,U
sh601126,四方股份,2025-10-09 10:24:31,20.77,20600,20.77,D
sh601126,四方股份,2025-10-09 10:25:01,20.8,15800,20.78,U
sh601126,四方股份,2025-10-09 10:25:25,20.81,10300,20.81,U
sh601126,四方股份,2025-10-09 10:25:37,20.77,57500,20.79,D
sh601126,四方股份,2025-10-09 10:26:37,20.76,26400,20.73,U
sh601126,四方股份,2025-10-09 10:27:13,20.68,42400,20.7,D
sh601126,四方股份,2025-10-09 10:27:22,20.71,25400,20.68,U
sh601126,四方股份,2025-10-09 10:27:25,20.72,13800,20.71,U
sh601126,四方股份,2025-10-09 10:27:28,20.72,11900,20.72,D
sh601126,四方股份,2025-10-09 10:28:01,20.73,11600,20.72,U
sh601126,四方股份,2025-10-09 10:28:28,20.73,20100,20.74,D
sh601126,四方股份,2025-10-09 10:28:43,20.75,12200,20.74,U
sh601126,四方股份,2025-10-09 10:28:46,20.75,10000,20.75,U
sh601126,四方股份,2025-10-09 10:28:52,20.77,11800,20.75,U
sh601126,四方股份,2025-10-09 10:30:37,20.75,10900,20.75,U
sh601126,四方股份,2025-10-09 10:31:04,20.73,19200,20.75,D
sh601126,四方股份,2025-10-09 10:31:25,20.72,18300,20.73,D
sh601126,四方股份,2025-10-09 10:31:28,20.72,11600,20.72,U
sh601126,四方股份,2025-10-09 10:32:13,20.71,26400,20.71,D
sh601126,四方股份,2025-10-09 10:32:16,20.69,41800,20.71,D
sh601126,四方股份,2025-10-09 10:32:22,20.69,30700,20.69,D
sh601126,四方股份,2025-10-09 10:32:25,20.69,14400,20.69,D
sh601126,四方股份,2025-10-09 10:32:37,20.68,15800,20.68,D
sh601126,四方股份,2025-10-09 10:32:43,20.68,16300,20.69,D
sh601126,四方股份,2025-10-09 10:32:46,20.66,103600,20.68,D
sh601126,四方股份,2025-10-09 10:32:49,20.64,30000,20.66,D
sh601126,四方股份,2025-10-09 10:33:07,20.63,29500,20.63,U
sh601126,四方股份,2025-10-09 10:33:28,20.64,21500,20.63,U
sh601126,四方股份,2025-10-09 10:33:46,20.65,13800,20.65,U
sh601126,四方股份,2025-10-09 10:34:19,20.7,46700,20.68,U
sh601126,四方股份,2025-10-09 10:35:10,20.67,28700,20.67,D
sh601126,四方股份,2025-10-09 10:36:13,20.64,30800,20.64,D
sh601126,四方股份,2025-10-09 10:36:25,20.63,10800,20.62,U
sh601126,四方股份,2025-10-09 10:37:13,20.64,27200,20.63,U
sh601126,四方股份,2025-10-09 10:37:19,20.66,19800,20.64,U
sh601126,四方股份,2025-10-09 10:38:31,20.66,16000,20.66,U
sh601126,四方股份,2025-10-09 10:38:49,20.66,10500,20.65,U
sh601126,四方股份,2025-10-09 10:39:49,20.66,12400,20.65,U
sh601126,四方股份,2025-10-09 10:39:52,20.65,14300,20.66,D
sh601126,四方股份,2025-10-09 10:40:04,20.67,12600,20.67,U
sh601126,四方股份,2025-10-09 10:40:58,20.66,13400,20.66,D
sh601126,四方股份,2025-10-09 10:41:13,20.64,30700,20.66,D
sh601126,四方股份,2025-10-09 10:41:46,20.66,16500,20.65,U
sh601126,四方股份,2025-10-09 10:41:49,20.66,15300,20.66,D
sh601126,四方股份,2025-10-09 10:42:16,20.65,10000,20.65,D
sh601126,四方股份,2025-10-09 10:42:31,20.64,16700,20.64,D
sh601126,四方股份,2025-10-09 10:42:40,20.64,19100,20.63,U
sh601126,四方股份,2025-10-09 10:43:16,20.65,12100,20.64,U
sh601126,四方股份,2025-10-09 10:43:31,20.66,22300,20.66,U
sh601126,四方股份,2025-10-09 10:43:55,20.67,12600,20.68,D
sh601126,四方股份,2025-10-09 10:45:01,20.68,13300,20.68,D
sh601126,四方股份,2025-10-09 10:45:22,20.69,30700,20.67,U
sh601126,四方股份,2025-10-09 10:45:55,20.69,22900,20.68,U
sh601126,四方股份,2025-10-09 10:46:28,20.7,10300,20.69,U
sh601126,四方股份,2025-10-09 10:46:58,20.72,12600,20.72,D
sh601126,四方股份,2025-10-09 10:48:40,20.69,19700,20.68,U
sh601126,四方股份,2025-10-09 10:49:16,20.68,16400,20.69,D
sh601126,四方股份,2025-10-09 10:49:31,20.69,11400,20.69,U
sh601126,四方股份,2025-10-09 10:49:34,20.67,22900,20.69,D
sh601126,四方股份,2025-10-09 10:50:04,20.67,9800,20.66,U
sh601126,四方股份,2025-10-09 10:50:46,20.66,11700,20.67,D
sh601126,四方股份,2025-10-09 10:51:13,20.66,11100,20.67,D
sh601126,四方股份,2025-10-09 10:51:16,20.65,77200,20.66,D
sh601126,四方股份,2025-10-09 10:51:43,20.65,47800,20.65,D
sh601126,四方股份,2025-10-09 10:51:58,20.65,10400,20.65,D
sh601126,四方股份,2025-10-09 10:53:10,20.62,22700,20.63,D
sh601126,四方股份,2025-10-09 10:53:13,20.61,68800,20.62,D
sh601126,四方股份,2025-10-09 10:53:16,20.6,15400,20.61,D
sh601126,四方股份,2025-10-09 10:53:19,20.6,13600,20.6,D
sh601126,四方股份,2025-10-09 10:53:22,20.6,10000,20.6,D
sh601126,四方股份,2025-10-09 10:53:25,20.6,11500,20.6,D
sh601126,四方股份,2025-10-09 10:53:58,20.6,15400,20.62,D
sh601126,四方股份,2025-10-09 10:54:04,20.61,10600,20.62,U
sh601126,四方股份,2025-10-09 10:55:46,20.6,41700,20.61,D
sh601126,四方股份,2025-10-09 10:55:49,20.6,21300,20.6,D
sh601126,四方股份,2025-10-09 10:55:52,20.6,20600,20.6,D
sh601126,四方股份,2025-10-09 10:56:07,20.6,32700,20.61,D
sh601126,四方股份,2025-10-09 10:56:55,20.61,12800,20.6,U
sh601126,四方股份,2025-10-09 10:57:04,20.6,11800,20.6,D
sh601126,四方股份,2025-10-09 10:57:37,20.66,25700,20.64,U
sh601126,四方股份,2025-10-09 10:59:04,20.64,33200,20.66,D
sh601126,四方股份,2025-10-09 11:02:16,20.66,10100,20.67,D
sh601126,四方股份,2025-10-09 11:02:40,20.65,12100,20.65,D
sh601126,四方股份,2025-10-09 11:03:19,20.62,35200,20.63,D
sh601126,四方股份,2025-10-09 11:04:43,20.59,26500,20.6,D
sh601126,四方股份,2025-10-09 11:04:46,20.56,64500,20.59,D
sh601126,四方股份,2025-10-09 11:04:52,20.55,76100,20.56,D
sh601126,四方股份,2025-10-09 11:05:10,20.52,56100,20.55,D
sh601126,四方股份,2025-10-09 11:05:28,20.53,18400,20.53,U
sh601126,四方股份,2025-10-09 11:05:37,20.53,62400,20.53,E
sh601126,四方股份,2025-10-09 11:05:52,20.52,12200,20.52,D
sh601126,四方股份,2025-10-09 11:05:58,20.51,9900,20.51,D
sh601126,四方股份,2025-10-09 11:06:07,20.52,24000,20.51,E
sh601126,四方股份,2025-10-09 11:06:10,20.52,12600,20.52,U
sh601126,四方股份,2025-10-09 11:06:13,20.51,34200,20.52,D
sh601126,四方股份,2025-10-09 11:07:19,20.53,17900,20.53,U
sh601126,四方股份,2025-10-09 11:07:49,20.53,14800,20.54,D
sh601126,四方股份,2025-10-09 11:08:10,20.53,13000,20.53,U
sh601126,四方股份,2025-10-09 11:08:19,20.55,14300,20.54,U
sh601126,四方股份,2025-10-09 11:08:22,20.56,10800,20.55,U
sh601126,四方股份,2025-10-09 11:08:40,20.56,10300,20.56,D
sh601126,四方股份,2025-10-09 11:09:25,20.56,10600,20.56,D
sh601126,四方股份,2025-10-09 11:10:52,20.57,13700,20.57,D
sh601126,四方股份,2025-10-09 11:11:10,20.55,15000,20.58,D
sh601126,四方股份,2025-10-09 11:11:22,20.6,10500,20.6,D
sh601126,四方股份,2025-10-09 11:11:28,20.6,10700,20.6,D
sh601126,四方股份,2025-10-09 11:11:31,20.61,11900,20.6,U
sh601126,四方股份,2025-10-09 11:12:16,20.64,10800,20.61,U
sh601126,四方股份,2025-10-09 11:12:19,20.63,19100,20.64,D
sh601126,四方股份,2025-10-09 11:12:28,20.67,23100,20.66,U
sh601126,四方股份,2025-10-09 11:12:40,20.65,18300,20.67,D
sh601126,四方股份,2025-10-09 11:13:40,20.65,16700,20.64,U
sh601126,四方股份,2025-10-09 11:13:52,20.7,56800,20.68,U
sh601126,四方股份,2025-10-09 11:13:55,20.71,24800,20.7,U
sh601126,四方股份,2025-10-09 11:13:58,20.71,13000,20.71,D
sh601126,四方股份,2025-10-09 11:14:01,20.7,10800,20.71,D
sh601126,四方股份,2025-10-09 11:14:04,20.69,10100,20.7,D
sh601126,四方股份,2025-10-09 11:15:37,20.7,15000,20.69,U
sh601126,四方股份,2025-10-09 11:15:43,20.7,19900,20.7,D
sh601126,四方股份,2025-10-09 11:16:28,20.67,10000,20.68,D
sh601126,四方股份,2025-10-09 11:16:40,20.69,14700,20.69,U
sh601126,四方股份,2025-10-09 11:16:52,20.69,35300,20.68,U
sh601126,四方股份,2025-10-09 11:17:25,20.7,16500,20.7,D
sh601126,四方股份,2025-10-09 11:17:40,20.68,20100,20.7,D
sh601126,四方股份,2025-10-09 11:17:43,20.66,10400,20.68,D
sh601126,四方股份,2025-10-09 11:17:46,20.65,10300,20.66,D
sh601126,四方股份,2025-10-09 11:18:19,20.67,20600,20.66,U
sh601126,四方股份,2025-10-09 11:18:37,20.66,42200,20.67,D
sh601126,四方股份,2025-10-09 11:18:55,20.66,26400,20.66,U
sh601126,四方股份,2025-10-09 11:19:10,20.66,14900,20.66,D
sh601126,四方股份,2025-10-09 11:19:19,20.64,32500,20.65,D
sh601126,四方股份,2025-10-09 11:19:22,20.64,23900,20.64,D
sh601126,四方股份,2025-10-09 11:20:13,20.6,14700,20.62,D
sh601126,四方股份,2025-10-09 11:20:55,20.57,46600,20.58,D
sh601126,四方股份,2025-10-09 11:21:01,20.56,9900,20.56,D
sh601126,四方股份,2025-10-09 11:21:22,20.56,10000,20.56,D
sh601126,四方股份,2025-10-09 11:21:31,20.55,16500,20.55,D
sh601126,四方股份,2025-10-09 11:21:34,20.54,19900,20.55,D
sh601126,四方股份,2025-10-09 11:22:04,20.53,19100,20.54,D
sh601126,四方股份,2025-10-09 11:22:16,20.53,26100,20.52,U
sh601126,四方股份,2025-10-09 11:22:22,20.55,94800,20.52,U
sh601126,四方股份,2025-10-09 11:22:55,20.54,25100,20.59,D
sh601126,四方股份,2025-10-09 11:24:49,20.57,64100,20.56,U
sh601126,四方股份,2025-10-09 11:24:52,20.57,29000,20.57,D
sh601126,四方股份,2025-10-09 11:26:28,20.58,11900,20.56,U
sh601126,四方股份,2025-10-09 11:27:22,20.59,15100,20.6,D
sh601126,四方股份,2025-10-09 11:29:10,20.6,16400,20.6,D
sh601126,四方股份,2025-10-09 11:29:13,20.61,14400,20.6,U
sh601126,四方股份,2025-10-09 13:00:04,20.6,31200,20.6,D
sh601126,四方股份,2025-10-09 13:00:07,20.61,58600,20.6,D
sh601126,四方股份,2025-10-09 13:00:10,20.6,34400,20.61,D
sh601126,四方股份,2025-10-09 13:00:13,20.6,36500,20.6,D
sh601126,四方股份,2025-10-09 13:00:16,20.61,26800,20.6,U
sh601126,四方股份,2025-10-09 13:00:22,20.6,41800,20.6,D
sh601126,四方股份,2025-10-09 13:00:25,20.59,23600,20.6,D
sh601126,四方股份,2025-10-09 13:00:43,20.56,13300,20.56,D
sh601126,四方股份,2025-10-09 13:00:55,20.55,16400,20.56,D
sh601126,四方股份,2025-10-09 13:01:01,20.58,43400,20.56,U
sh601126,四方股份,2025-10-09 13:01:04,20.59,99800,20.58,U
sh601126,四方股份,2025-10-09 13:01:10,20.55,32900,20.58,D
sh601126,四方股份,2025-10-09 13:02:01,20.59,16100,20.61,D
sh601126,四方股份,2025-10-09 13:02:07,20.58,23200,20.59,D
sh601126,四方股份,2025-10-09 13:02:19,20.58,37400,20.59,D
sh601126,四方股份,2025-10-09 13:02:22,20.58,12800,20.58,U
sh601126,四方股份,2025-10-09 13:03:19,20.63,51300,20.65,D
sh601126,四方股份,2025-10-09 13:03:34,20.65,47800,20.63,U
sh601126,四方股份,2025-10-09 13:03:37,20.66,10800,20.65,U
sh601126,四方股份,2025-10-09 13:03:49,20.7,31700,20.67,U
sh601126,四方股份,2025-10-09 13:03:52,20.7,48600,20.7,U
sh601126,四方股份,2025-10-09 13:04:07,20.62,33100,20.63,D
sh601126,四方股份,2025-10-09 13:04:10,20.59,43800,20.62,D
sh601126,四方股份,2025-10-09 13:04:16,20.59,10500,20.6,U
sh601126,四方股份,2025-10-09 13:05:34,20.59,30200,20.58,U
sh601126,四方股份,2025-10-09 13:06:37,20.61,13700,20.58,U
sh601126,四方股份,2025-10-09 13:06:46,20.61,38000,20.61,D
sh601126,四方股份,2025-10-09 13:06:55,20.58,20100,20.58,D
sh601126,四方股份,2025-10-09 13:07:07,20.58,52900,20.57,U
sh601126,四方股份,2025-10-09 13:07:22,20.57,20000,20.59,D
sh601126,四方股份,2025-10-09 13:07:37,20.58,10000,20.59,D
sh601126,四方股份,2025-10-09 13:07:55,20.57,10200,20.59,D
sh601126,四方股份,2025-10-09 13:07:58,20.59,31800,20.57,U
sh601126,四方股份,2025-10-09 13:08:13,20.57,20000,20.59,D
sh601126,四方股份,2025-10-09 13:08:19,20.58,17700,20.58,D
sh601126,四方股份,2025-10-09 13:08:34,20.55,20000,20.59,D
sh601126,四方股份,2025-10-09 13:08:46,20.59,26300,20.59,D
sh601126,四方股份,2025-10-09 13:08:58,20.6,10500,20.58,U
sh601126,四方股份,2025-10-09 13:09:04,20.57,42300,20.6,D
sh601126,四方股份,2025-10-09 13:09:13,20.55,10700,20.57,D
sh601126,四方股份,2025-10-09 13:09:31,20.55,14700,20.57,D
sh601126,四方股份,2025-10-09 13:09:34,20.55,10500,20.55,U
sh601126,四方股份,2025-10-09 13:09:37,20.55,30600,20.55,D
sh601126,四方股份,2025-10-09 13:09:46,20.55,14500,20.55,D
sh601126,四方股份,2025-10-09 13:10:07,20.52,12500,20.53,D
sh601126,四方股份,2025-10-09 13:10:19,20.52,31500,20.54,D
sh601126,四方股份,2025-10-09 13:10:43,20.53,31800,20.53,D
sh601126,四方股份,2025-10-09 13:10:49,20.5,59000,20.52,D
sh601126,四方股份,2025-10-09 13:10:52,20.51,13900,20.5,U
sh601126,四方股份,2025-10-09 13:10:55,20.49,153300,20.51,D
sh601126,四方股份,2025-10-09 13:10:58,20.5,11600,20.49,U
sh601126,四方股份,2025-10-09 13:11:07,20.49,12300,20.5,D
sh601126,四方股份,2025-10-09 13:11:19,20.48,30100,20.49,D
sh601126,四方股份,2025-10-09 13:11:22,20.48,34600,20.48,U
sh601126,四方股份,2025-10-09 13:11:28,20.49,19100,20.49,U
sh601126,四方股份,2025-10-09 13:11:43,20.48,13500,20.48,D
sh601126,四方股份,2025-10-09 13:11:49,20.48,22900,20.48,U
sh601126,四方股份,2025-10-09 13:11:55,20.46,13000,20.48,D
sh601126,四方股份,2025-10-09 13:12:16,20.46,18900,20.46,D
sh601126,四方股份,2025-10-09 13:12:19,20.46,43000,20.46,D
sh601126,四方股份,2025-10-09 13:14:19,20.48,11900,20.47,U
sh601126,四方股份,2025-10-09 13:14:28,20.51,20400,20.48,U
sh601126,四方股份,2025-10-09 13:14:43,20.53,27800,20.52,U
sh601126,四方股份,2025-10-09 13:15:46,20.5,16700,20.51,D
sh601126,四方股份,2025-10-09 13:16:01,20.5,11900,20.51,D
sh601126,四方股份,2025-10-09 13:16:04,20.51,44800,20.5,U
sh601126,四方股份,2025-10-09 13:16:16,20.53,10900,20.54,D
sh601126,四方股份,2025-10-09 13:16:49,20.54,10100,20.55,D
sh601126,四方股份,2025-10-09 13:17:04,20.53,26800,20.54,D
sh601126,四方股份,2025-10-09 13:17:13,20.56,18800,20.53,U
sh601126,四方股份,2025-10-09 13:17:19,20.53,201400,20.55,D
sh601126,四方股份,2025-10-09 13:17:37,20.52,18800,20.54,D
sh601126,四方股份,2025-10-09 13:18:07,20.52,20100,20.54,D
sh601126,四方股份,2025-10-09 13:18:19,20.51,15600,20.52,D
sh601126,四方股份,2025-10-09 13:18:31,20.5,10300,20.5,D
sh601126,四方股份,2025-10-09 13:18:55,20.49,63900,20.49,D
sh601126,四方股份,2025-10-09 13:20:16,20.51,15000,20.5,U
sh601126,四方股份,2025-10-09 13:22:19,20.52,37000,20.49,U
sh601126,四方股份,2025-10-09 13:23:49,20.53,14800,20.51,U
sh601126,四方股份,2025-10-09 13:24:52,20.51,21500,20.5,U
sh601126,四方股份,2025-10-09 13:26:46,20.53,21600,20.53,D
sh601126,四方股份,2025-10-09 13:29:01,20.52,26100,20.53,D
sh601126,四方股份,2025-10-09 13:31:28,20.53,22300,20.52,U
sh601126,四方股份,2025-10-09 13:32:07,20.52,15700,20.52,D
sh601126,四方股份,2025-10-09 13:35:01,20.52,14300,20.53,D
sh601126,四方股份,2025-10-09 13:35:37,20.53,15200,20.53,U
sh601126,四方股份,2025-10-09 13:39:07,20.55,10300,20.55,U
sh601126,四方股份,2025-10-09 13:39:58,20.54,24500,20.55,D
sh601126,四方股份,2025-10-09 13:40:01,20.53,23500,20.54,D
sh601126,四方股份,2025-10-09 13:40:04,20.52,12500,20.53,D
sh601126,四方股份,2025-10-09 13:40:34,20.51,16300,20.51,D
sh601126,四方股份,2025-10-09 13:40:46,20.5,19000,20.5,D
sh601126,四方股份,2025-10-09 13:40:49,20.5,22800,20.5,D
sh601126,四方股份,2025-10-09 13:40:52,20.5,26500,20.5,D
sh601126,四方股份,2025-10-09 13:41:25,20.5,32000,20.5,U
sh601126,四方股份,2025-10-09 13:41:34,20.49,17900,20.49,D
sh601126,四方股份,2025-10-09 13:41:46,20.49,12000,20.49,D
sh601126,四方股份,2025-10-09 13:42:16,20.48,13100,20.49,D
sh601126,四方股份,2025-10-09 13:42:19,20.5,20800,20.48,U
sh601126,四方股份,2025-10-09 13:43:46,20.49,19700,20.49,D
sh601126,四方股份,2025-10-09 13:44:13,20.5,12600,20.49,U
sh601126,四方股份,2025-10-09 13:44:43,20.49,10200,20.5,D
sh601126,四方股份,2025-10-09 13:46:31,20.49,10500,20.49,D
sh601126,四方股份,2025-10-09 13:46:46,20.51,16500,20.5,U
sh601126,四方股份,2025-10-09 13:48:31,20.5,31100,20.49,U
sh601126,四方股份,2025-10-09 13:49:07,20.48,36600,20.5,D
sh601126,四方股份,2025-10-09 13:49:10,20.48,10300,20.48,D
sh601126,四方股份,2025-10-09 13:49:16,20.49,11300,20.48,U
sh601126,四方股份,2025-10-09 13:50:13,20.51,26500,20.5,U
sh601126,四方股份,2025-10-09 13:50:55,20.49,22500,20.5,D
sh601126,四方股份,2025-10-09 13:55:58,20.53,10900,20.54,D
sh601126,四方股份,2025-10-09 13:56:13,20.56,18400,20.55,U
sh601126,四方股份,2025-10-09 13:56:16,20.56,17100,20.56,U
sh601126,四方股份,2025-10-09 13:57:28,20.56,10900,20.57,D
sh601126,四方股份,2025-10-09 13:58:49,20.57,9800,20.57,D
sh601126,四方股份,2025-10-09 13:59:04,20.56,10100,20.56,D
sh601126,四方股份,2025-10-09 13:59:07,20.57,32400,20.56,D
sh601126,四方股份,2025-10-09 14:01:40,20.6,21100,20.58,U
sh601126,四方股份,2025-10-09 14:01:49,20.6,10200,20.6,U
sh601126,四方股份,2025-10-09 14:02:13,20.6,14900,20.61,D
sh601126,四方股份,2025-10-09 14:03:19,20.59,10800,20.6,D
sh601126,四方股份,2025-10-09 14:04:04,20.56,50100,20.59,D
sh601126,四方股份,2025-10-09 14:04:07,20.57,21000,20.56,U
sh601126,四方股份,2025-10-09 14:04:19,20.57,18300,20.58,D
sh601126,四方股份,2025-10-09 14:04:22,20.6,20400,20.57,U
sh601126,四方股份,2025-10-09 14:04:46,20.59,9900,20.59,D
sh601126,四方股份,2025-10-09 14:05:04,20.61,37700,20.6,U
sh601126,四方股份,2025-10-09 14:06:13,20.63,11100,20.62,U
sh601126,四方股份,2025-10-09 14:07:13,20.62,11200,20.63,D
sh601126,四方股份,2025-10-09 14:07:25,20.63,12400,20.62,E
sh601126,四方股份,2025-10-09 14:07:34,20.61,36300,20.62,D
sh601126,四方股份,2025-10-09 14:07:43,20.61,26100,20.62,D
sh601126,四方股份,2025-10-09 14:08:01,20.6,11100,20.6,U
sh601126,四方股份,2025-10-09 14:08:16,20.6,12100,20.6,D
sh601126,四方股份,2025-10-09 14:08:22,20.59,16900,20.6,D
sh601126,四方股份,2025-10-09 14:08:34,20.57,14100,20.57,D
sh601126,四方股份,2025-10-09 14:08:52,20.55,11300,20.56,D
sh601126,四方股份,2025-10-09 14:09:46,20.54,13900,20.55,D
sh601126,四方股份,2025-10-09 14:10:07,20.52,50400,20.53,D
sh601126,四方股份,2025-10-09 14:10:49,20.51,11300,20.51,D
sh601126,四方股份,2025-10-09 14:10:55,20.51,14800,20.51,D
sh601126,四方股份,2025-10-09 14:12:28,20.51,11200,20.51,D
sh601126,四方股份,2025-10-09 14:13:28,20.51,11600,20.51,U
sh601126,四方股份,2025-10-09 14:13:37,20.51,10400,20.51,U
sh601126,四方股份,2025-10-09 14:13:52,20.5,89600,20.5,D
sh601126,四方股份,2025-10-09 14:13:55,20.5,50600,20.5,D
sh601126,四方股份,2025-10-09 14:14:07,20.49,25900,20.49,D
sh601126,四方股份,2025-10-09 14:14:10,20.47,145200,20.49,D
sh601126,四方股份,2025-10-09 14:14:46,20.48,14900,20.47,U
sh601126,四方股份,2025-10-09 14:14:58,20.48,11800,20.49,D
sh601126,四方股份,2025-10-09 14:15:01,20.49,31300,20.48,U
sh601126,四方股份,2025-10-09 14:16:13,20.5,46700,20.5,U
sh601126,四方股份,2025-10-09 14:16:16,20.49,24000,20.5,D
sh601126,四方股份,2025-10-09 14:16:28,20.49,29700,20.49,U
sh601126,四方股份,2025-10-09 14:16:31,20.51,55500,20.49,U
sh601126,四方股份,2025-10-09 14:17:43,20.51,10100,20.49,U
sh601126,四方股份,2025-10-09 14:18:13,20.48,24000,20.5,D
sh601126,四方股份,2025-10-09 14:18:55,20.49,19000,20.5,D
sh601126,四方股份,2025-10-09 14:19:07,20.47,14500,20.49,D
sh601126,四方股份,2025-10-09 14:19:37,20.47,18600,20.48,D
sh601126,四方股份,2025-10-09 14:19:40,20.47,15800,20.47,D
sh601126,四方股份,2025-10-09 14:20:13,20.47,13300,20.47,U
sh601126,四方股份,2025-10-09 14:21:40,20.46,14500,20.46,D
sh601126,四方股份,2025-10-09 14:21:43,20.46,38405,20.46,D
sh601126,四方股份,2025-10-09 14:21:46,20.47,9900,20.46,U
sh601126,四方股份,2025-10-09 14:22:22,20.45,10900,20.45,D
sh601126,四方股份,2025-10-09 14:22:28,20.45,105900,20.45,D
sh601126,四方股份,2025-10-09 14:22:49,20.43,14800,20.44,D
sh601126,四方股份,2025-10-09 14:22:52,20.43,30800,20.43,U
sh601126,四方股份,2025-10-09 14:22:55,20.43,15400,20.43,U
sh601126,四方股份,2025-10-09 14:23:01,20.43,13600,20.44,D
sh601126,四方股份,2025-10-09 14:23:19,20.42,10300,20.42,D
sh601126,四方股份,2025-10-09 14:23:22,20.42,14100,20.42,D
sh601126,四方股份,2025-10-09 14:23:49,20.41,12400,20.41,D
sh601126,四方股份,2025-10-09 14:23:55,20.41,15200,20.41,D
sh601126,四方股份,2025-10-09 14:24:10,20.4,19400,20.42,D
sh601126,四方股份,2025-10-09 14:24:40,20.43,15100,20.41,U
sh601126,四方股份,2025-10-09 14:25:49,20.43,43400,20.44,D
sh601126,四方股份,2025-10-09 14:26:04,20.42,11100,20.43,D
sh601126,四方股份,2025-10-09 14:26:25,20.41,11700,20.42,D
sh601126,四方股份,2025-10-09 14:26:49,20.41,20500,20.41,D
sh601126,四方股份,2025-10-09 14:27:31,20.41,24500,20.41,U
sh601126,四方股份,2025-10-09 14:27:49,20.4,12200,20.41,D
sh601126,四方股份,2025-10-09 14:29:07,20.41,12200,20.41,D
sh601126,四方股份,2025-10-09 14:29:37,20.43,25800,20.41,U
sh601126,四方股份,2025-10-09 14:29:46,20.42,11000,20.43,D
sh601126,四方股份,2025-10-09 14:30:46,20.45,10000,20.44,U
sh601126,四方股份,2025-10-09 14:31:49,20.46,13100,20.48,D
sh601126,四方股份,2025-10-09 14:31:52,20.46,10800,20.46,D
sh601126,四方股份,2025-10-09 14:32:31,20.46,12900,20.46,U
sh601126,四方股份,2025-10-09 14:34:13,20.45,10900,20.46,D
sh601126,四方股份,2025-10-09 14:35:49,20.45,11595,20.46,D
sh601126,四方股份,2025-10-09 14:35:52,20.47,46305,20.45,U
sh601126,四方股份,2025-10-09 14:37:25,20.47,16100,20.47,U
sh601126,四方股份,2025-10-09 14:38:13,20.49,28100,20.48,U
sh601126,四方股份,2025-10-09 14:38:19,20.47,10400,20.49,D
sh601126,四方股份,2025-10-09 14:38:25,20.49,33500,20.47,U
sh601126,四方股份,2025-10-09 14:38:49,20.49,24200,20.48,U
sh601126,四方股份,2025-10-09 14:42:52,20.47,10400,20.47,U
sh601126,四方股份,2025-10-09 14:42:58,20.46,20700,20.47,D
sh601126,四方股份,2025-10-09 14:43:07,20.46,10700,20.46,E
sh601126,四方股份,2025-10-09 14:43:31,20.46,10800,20.45,U
sh601126,四方股份,2025-10-09 14:44:40,20.48,13200,20.46,U
sh601126,四方股份,2025-10-09 14:45:22,20.48,18500,20.48,U
sh601126,四方股份,2025-10-09 14:47:01,20.49,52300,20.49,D
sh601126,四方股份,2025-10-09 14:47:04,20.5,19900,20.49,U
sh601126,四方股份,2025-10-09 14:47:07,20.48,25600,20.5,D
sh601126,四方股份,2025-10-09 14:47:10,20.49,27300,20.48,E
sh601126,四方股份,2025-10-09 14:47:31,20.5,69300,20.49,U
sh601126,四方股份,2025-10-09 14:47:37,20.49,11800,20.5,D
sh601126,四方股份,2025-10-09 14:47:43,20.48,14100,20.49,D
sh601126,四方股份,2025-10-09 14:47:58,20.5,10400,20.49,U
sh601126,四方股份,2025-10-09 14:48:16,20.48,30000,20.49,D
sh601126,四方股份,2025-10-09 14:48:52,20.47,12000,20.48,D
sh601126,四方股份,2025-10-09 14:49:01,20.46,14100,20.47,D
sh601126,四方股份,2025-10-09 14:50:58,20.46,9900,20.46,D
sh601126,四方股份,2025-10-09 14:51:04,20.48,53800,20.46,U
sh601126,四方股份,2025-10-09 14:51:55,20.49,10500,20.49,U
sh601126,四方股份,2025-10-09 14:52:01,20.48,12800,20.49,E
sh601126,四方股份,2025-10-09 14:52:10,20.46,14900,20.49,D
sh601126,四方股份,2025-10-09 14:52:13,20.46,10100,20.46,D
sh601126,四方股份,2025-10-09 14:52:22,20.47,14400,20.47,U
sh601126,四方股份,2025-10-09 14:52:58,20.49,30900,20.47,U
sh601126,四方股份,2025-10-09 14:53:01,20.5,26000,20.49,U
sh601126,四方股份,2025-10-09 14:53:34,20.48,10200,20.49,D
sh601126,四方股份,2025-10-09 14:54:01,20.47,14900,20.49,D
sh601126,四方股份,2025-10-09 14:54:04,20.48,15200,20.47,U
sh601126,四方股份,2025-10-09 14:54:13,20.49,10300,20.48,U
sh601126,四方股份,2025-10-09 14:55:46,20.49,35300,20.5,D
sh601126,四方股份,2025-10-09 14:56:01,20.5,12200,20.5,U
sh601126,四方股份,2025-10-09 14:56:04,20.49,12700,20.5,D
sh601126,四方股份,2025-10-09 14:56:16,20.49,62900,20.49,U
sh601126,四方股份,2025-10-09 14:56:19,20.47,15600,20.49,D
sh601126,四方股份,2025-10-09 14:56:28,20.48,25600,20.48,U
sh601126,四方股份,2025-10-09 14:56:43,20.47,20900,20.46,U
sh601126,四方股份,2025-10-09 15:00:01,20.47,262000,20.46,U
