symbol,name,ticktime,price,volume,prev_price,kind
sz002565,顺灏股份,2025-09-17 09:25:00,7.46,216100,0.0,U
sz002565,顺灏股份,2025-09-17 09:30:00,7.46,29200,7.46,D
sz002565,顺灏股份,2025-09-17 09:30:03,7.45,181600,7.46,D
sz002565,顺灏股份,2025-09-17 09:30:06,7.5,430100,7.45,U
sz002565,顺灏股份,2025-09-17 09:30:09,7.45,71700,7.5,D
sz002565,顺灏股份,2025-09-17 09:30:12,7.43,21200,7.45,D
sz002565,顺灏股份,2025-09-17 09:30:15,7.43,26000,7.43,U
sz002565,顺灏股份,2025-09-17 09:30:21,7.49,22000,7.49,U
sz002565,顺灏股份,2025-09-17 09:30:24,7.5,21500,7.49,U
sz002565,顺灏股份,2025-09-17 09:30:27,7.5,34100,7.5,D
sz002565,顺灏股份,2025-09-17 09:30:30,7.51,50900,7.5,D
sz002565,顺灏股份,2025-09-17 09:30:36,7.53,21100,7.52,U
sz002565,顺灏股份,2025-09-17 09:30:42,7.54,22000,7.53,U
sz002565,顺灏股份,2025-09-17 09:30:48,7.51,94500,7.53,D
sz002565,顺灏股份,2025-09-17 09:31:00,7.5,20500,7.5,U
sz002565,顺灏股份,2025-09-17 09:31:03,7.5,45100,7.5,E
sz002565,顺灏股份,2025-09-17 09:31:06,7.49,58600,7.5,D
sz002565,顺灏股份,2025-09-17 09:31:09,7.49,203300,7.49,U
sz002565,顺灏股份,2025-09-17 09:31:12,7.48,23300,7.49,D
sz002565,顺灏股份,2025-09-17 09:31:24,7.48,26500,7.48,U
sz002565,顺灏股份,2025-09-17 09:31:30,7.49,54600,7.47,U
sz002565,顺灏股份,2025-09-17 09:31:33,7.49,30300,7.49,U
sz002565,顺灏股份,2025-09-17 09:31:42,7.48,62500,7.48,U
sz002565,顺灏股份,2025-09-17 09:31:48,7.48,35200,7.48,D
sz002565,顺灏股份,2025-09-17 09:31:57,7.5,42600,7.49,U
sz002565,顺灏股份,2025-09-17 09:32:03,7.48,52600,7.49,D
sz002565,顺灏股份,2025-09-17 09:32:24,7.46,38600,7.46,U
sz002565,顺灏股份,2025-09-17 09:32:36,7.43,86700,7.45,D
sz002565,顺灏股份,2025-09-17 09:32:42,7.43,21000,7.43,D
sz002565,顺灏股份,2025-09-17 09:32:48,7.43,105000,7.43,U
sz002565,顺灏股份,2025-09-17 09:32:51,7.42,87000,7.43,U
sz002565,顺灏股份,2025-09-17 09:32:54,7.41,27300,7.42,E
sz002565,顺灏股份,2025-09-17 09:33:00,7.41,26100,7.41,D
sz002565,顺灏股份,2025-09-17 09:33:09,7.4,29600,7.4,U
sz002565,顺灏股份,2025-09-17 09:33:12,7.4,46400,7.4,U
sz002565,顺灏股份,2025-09-17 09:33:33,7.4,37900,7.4,U
sz002565,顺灏股份,2025-09-17 09:33:36,7.4,34300,7.4,U
sz002565,顺灏股份,2025-09-17 09:33:42,7.4,100900,7.4,U
sz002565,顺灏股份,2025-09-17 09:33:48,7.4,41600,7.41,D
sz002565,顺灏股份,2025-09-17 09:34:18,7.35,147500,7.4,D
sz002565,顺灏股份,2025-09-17 09:34:21,7.4,20700,7.35,U
sz002565,顺灏股份,2025-09-17 09:34:54,7.38,77000,7.38,U
sz002565,顺灏股份,2025-09-17 09:35:39,7.37,33000,7.38,D
sz002565,顺灏股份,2025-09-17 09:35:48,7.37,161300,7.37,D
sz002565,顺灏股份,2025-09-17 09:36:12,7.36,53700,7.35,U
sz002565,顺灏股份,2025-09-17 09:36:24,7.36,42100,7.35,U
sz002565,顺灏股份,2025-09-17 09:36:27,7.36,44000,7.36,U
sz002565,顺灏股份,2025-09-17 09:36:42,7.36,298500,7.36,D
sz002565,顺灏股份,2025-09-17 09:36:48,7.36,40800,7.36,U
sz002565,顺灏股份,2025-09-17 09:36:54,7.35,35000,7.36,D
sz002565,顺灏股份,2025-09-17 09:37:09,7.36,20500,7.35,U
sz002565,顺灏股份,2025-09-17 09:37:12,7.36,54100,7.36,U
sz002565,顺灏股份,2025-09-17 09:37:21,7.35,28500,7.36,D
sz002565,顺灏股份,2025-09-17 09:37:30,7.34,33900,7.35,D
sz002565,顺灏股份,2025-09-17 09:38:00,7.34,21500,7.34,D
sz002565,顺灏股份,2025-09-17 09:38:03,7.34,119400,7.34,D
sz002565,顺灏股份,2025-09-17 09:38:15,7.36,32600,7.36,U
sz002565,顺灏股份,2025-09-17 09:38:30,7.36,38500,7.36,U
sz002565,顺灏股份,2025-09-17 09:38:39,7.35,20100,7.36,D
sz002565,顺灏股份,2025-09-17 09:38:45,7.35,55100,7.35,D
sz002565,顺灏股份,2025-09-17 09:38:48,7.36,36900,7.35,U
sz002565,顺灏股份,2025-09-17 09:39:12,7.35,50400,7.35,D
sz002565,顺灏股份,2025-09-17 09:39:18,7.35,33100,7.35,U
sz002565,顺灏股份,2025-09-17 09:39:54,7.37,29200,7.35,U
sz002565,顺灏股份,2025-09-17 09:40:00,7.37,38400,7.36,U
sz002565,顺灏股份,2025-09-17 09:40:36,7.4,23500,7.4,U
sz002565,顺灏股份,2025-09-17 09:41:15,7.39,20800,7.4,D
sz002565,顺灏股份,2025-09-17 09:41:21,7.41,22300,7.39,U
sz002565,顺灏股份,2025-09-17 09:41:27,7.41,34800,7.4,U
sz002565,顺灏股份,2025-09-17 09:42:21,7.41,21700,7.4,U
sz002565,顺灏股份,2025-09-17 09:42:24,7.41,83300,7.41,U
sz002565,顺灏股份,2025-09-17 09:42:45,7.42,31300,7.42,U
sz002565,顺灏股份,2025-09-17 09:43:09,7.42,23600,7.42,D
sz002565,顺灏股份,2025-09-17 09:43:12,7.42,49800,7.42,U
sz002565,顺灏股份,2025-09-17 09:44:39,7.41,130600,7.42,D
sz002565,顺灏股份,2025-09-17 09:45:03,7.4,97200,7.4,D
sz002565,顺灏股份,2025-09-17 09:47:48,7.38,88250,7.39,D
sz002565,顺灏股份,2025-09-17 09:48:12,7.38,45900,7.38,D
sz002565,顺灏股份,2025-09-17 09:48:54,7.39,50300,7.37,U
sz002565,顺灏股份,2025-09-17 09:49:03,7.39,22700,7.38,U
sz002565,顺灏股份,2025-09-17 09:50:30,7.4,142700,7.4,U
sz002565,顺灏股份,2025-09-17 09:50:36,7.4,33600,7.4,D
sz002565,顺灏股份,2025-09-17 09:50:57,7.4,22700,7.4,U
sz002565,顺灏股份,2025-09-17 09:51:39,7.41,199800,7.39,U
sz002565,顺灏股份,2025-09-17 09:52:21,7.4,64600,7.41,D
sz002565,顺灏股份,2025-09-17 09:52:27,7.4,65000,7.4,U
sz002565,顺灏股份,2025-09-17 09:52:33,7.4,25100,7.4,U
sz002565,顺灏股份,2025-09-17 09:52:36,7.4,48600,7.4,U
sz002565,顺灏股份,2025-09-17 09:53:06,7.42,102200,7.41,U
sz002565,顺灏股份,2025-09-17 09:54:06,7.41,76900,7.41,U
sz002565,顺灏股份,2025-09-17 09:54:12,7.4,20200,7.41,D
sz002565,顺灏股份,2025-09-17 09:54:15,7.41,35900,7.4,U
sz002565,顺灏股份,2025-09-17 09:54:18,7.4,46900,7.41,D
sz002565,顺灏股份,2025-09-17 09:54:51,7.39,60000,7.39,D
sz002565,顺灏股份,2025-09-17 09:55:15,7.41,128100,7.39,U
sz002565,顺灏股份,2025-09-17 09:55:27,7.43,167600,7.41,U
sz002565,顺灏股份,2025-09-17 09:56:36,7.44,78800,7.44,U
sz002565,顺灏股份,2025-09-17 09:56:48,7.44,20200,7.44,U
sz002565,顺灏股份,2025-09-17 09:57:27,7.43,37600,7.44,D
sz002565,顺灏股份,2025-09-17 09:59:15,7.42,20700,7.42,U
sz002565,顺灏股份,2025-09-17 09:59:33,7.41,52700,7.41,D
sz002565,顺灏股份,2025-09-17 10:00:06,7.41,21200,7.41,D
sz002565,顺灏股份,2025-09-17 10:00:24,7.42,34100,7.42,U
sz002565,顺灏股份,2025-09-17 10:00:33,7.43,117700,7.42,U
sz002565,顺灏股份,2025-09-17 10:01:33,7.43,41900,7.42,U
sz002565,顺灏股份,2025-09-17 10:02:42,7.42,21400,7.42,D
sz002565,顺灏股份,2025-09-17 10:03:12,7.42,23800,7.43,D
sz002565,顺灏股份,2025-09-17 10:03:30,7.41,24700,7.41,D
sz002565,顺灏股份,2025-09-17 10:04:15,7.4,51400,7.41,D
sz002565,顺灏股份,2025-09-17 10:04:36,7.42,20000,7.41,U
sz002565,顺灏股份,2025-09-17 10:05:18,7.4,27600,7.4,D
sz002565,顺灏股份,2025-09-17 10:05:33,7.4,37000,7.4,D
sz002565,顺灏股份,2025-09-17 10:05:54,7.4,48400,7.41,D
sz002565,顺灏股份,2025-09-17 10:06:39,7.4,33800,7.4,D
sz002565,顺灏股份,2025-09-17 10:07:30,7.39,21500,7.39,D
sz002565,顺灏股份,2025-09-17 10:07:33,7.39,32900,7.39,U
sz002565,顺灏股份,2025-09-17 10:07:48,7.39,34700,7.38,U
sz002565,顺灏股份,2025-09-17 10:08:15,7.39,70800,7.39,U
sz002565,顺灏股份,2025-09-17 10:09:39,7.4,21600,7.41,D
sz002565,顺灏股份,2025-09-17 10:09:54,7.4,36500,7.4,U
sz002565,顺灏股份,2025-09-17 10:09:57,7.4,22100,7.4,D
sz002565,顺灏股份,2025-09-17 10:10:12,7.4,20900,7.4,D
sz002565,顺灏股份,2025-09-17 10:11:42,7.4,35400,7.4,D
sz002565,顺灏股份,2025-09-17 10:13:21,7.4,53100,7.41,D
sz002565,顺灏股份,2025-09-17 10:15:00,7.4,138500,7.39,U
sz002565,顺灏股份,2025-09-17 10:15:45,7.4,20000,7.4,D
sz002565,顺灏股份,2025-09-17 10:16:42,7.4,40700,7.41,D
sz002565,顺灏股份,2025-09-17 10:17:09,7.4,35900,7.4,D
sz002565,顺灏股份,2025-09-17 10:19:09,7.39,33800,7.39,D
sz002565,顺灏股份,2025-09-17 10:20:51,7.4,34500,7.39,U
sz002565,顺灏股份,2025-09-17 10:21:03,7.4,75200,7.4,U
sz002565,顺灏股份,2025-09-17 10:22:09,7.39,55800,7.39,D
sz002565,顺灏股份,2025-09-17 10:22:39,7.38,92600,7.38,D
sz002565,顺灏股份,2025-09-17 10:23:00,7.37,29100,7.37,D
sz002565,顺灏股份,2025-09-17 10:23:48,7.37,22300,7.36,U
sz002565,顺灏股份,2025-09-17 10:25:18,7.37,35900,7.37,U
sz002565,顺灏股份,2025-09-17 10:25:24,7.37,39900,7.37,D
sz002565,顺灏股份,2025-09-17 10:25:30,7.37,32300,7.37,D
sz002565,顺灏股份,2025-09-17 10:25:54,7.37,65300,7.37,D
sz002565,顺灏股份,2025-09-17 10:26:06,7.36,43600,7.37,D
sz002565,顺灏股份,2025-09-17 10:26:24,7.35,100000,7.36,D
sz002565,顺灏股份,2025-09-17 10:26:33,7.35,105200,7.36,D
sz002565,顺灏股份,2025-09-17 10:26:42,7.35,100100,7.35,D
sz002565,顺灏股份,2025-09-17 10:27:03,7.33,101200,7.35,D
sz002565,顺灏股份,2025-09-17 10:27:18,7.35,69700,7.35,U
sz002565,顺灏股份,2025-09-17 10:27:39,7.34,42100,7.35,D
sz002565,顺灏股份,2025-09-17 10:28:09,7.36,55700,7.35,U
sz002565,顺灏股份,2025-09-17 10:28:12,7.37,66100,7.36,U
sz002565,顺灏股份,2025-09-17 10:30:15,7.35,20200,7.36,D
sz002565,顺灏股份,2025-09-17 10:31:00,7.36,32400,7.36,U
sz002565,顺灏股份,2025-09-17 10:31:21,7.37,49800,7.37,U
sz002565,顺灏股份,2025-09-17 10:33:12,7.37,23000,7.38,D
sz002565,顺灏股份,2025-09-17 10:33:51,7.37,21500,7.37,D
sz002565,顺灏股份,2025-09-17 10:34:33,7.37,30700,7.37,D
sz002565,顺灏股份,2025-09-17 10:34:51,7.38,24100,7.38,U
sz002565,顺灏股份,2025-09-17 10:36:27,7.37,69100,7.37,D
sz002565,顺灏股份,2025-09-17 10:36:30,7.37,21500,7.37,U
sz002565,顺灏股份,2025-09-17 10:36:42,7.36,68100,7.37,D
sz002565,顺灏股份,2025-09-17 10:37:12,7.35,40000,7.36,D
sz002565,顺灏股份,2025-09-17 10:37:21,7.36,31700,7.35,U
sz002565,顺灏股份,2025-09-17 10:40:24,7.35,23600,7.35,D
sz002565,顺灏股份,2025-09-17 10:40:48,7.35,22400,7.36,D
sz002565,顺灏股份,2025-09-17 10:41:12,7.36,228000,7.35,U
sz002565,顺灏股份,2025-09-17 10:41:15,7.36,36700,7.36,U
sz002565,顺灏股份,2025-09-17 10:41:24,7.36,61600,7.36,U
sz002565,顺灏股份,2025-09-17 10:42:15,7.36,20600,7.36,U
sz002565,顺灏股份,2025-09-17 10:44:00,7.35,20000,7.36,D
sz002565,顺灏股份,2025-09-17 10:44:03,7.35,107000,7.35,D
sz002565,顺灏股份,2025-09-17 10:44:09,7.35,22000,7.35,U
sz002565,顺灏股份,2025-09-17 10:44:39,7.34,52200,7.35,D
sz002565,顺灏股份,2025-09-17 10:45:30,7.35,38700,7.35,U
sz002565,顺灏股份,2025-09-17 10:46:09,7.35,252416,7.35,D
sz002565,顺灏股份,2025-09-17 10:46:54,7.34,24384,7.35,D
sz002565,顺灏股份,2025-09-17 10:47:36,7.34,32400,7.33,U
sz002565,顺灏股份,2025-09-17 10:48:12,7.35,30200,7.35,U
sz002565,顺灏股份,2025-09-17 10:49:33,7.36,20000,7.36,U
sz002565,顺灏股份,2025-09-17 10:50:48,7.36,126800,7.36,U
sz002565,顺灏股份,2025-09-17 10:54:33,7.36,44500,7.36,D
sz002565,顺灏股份,2025-09-17 10:54:48,7.36,24000,7.36,U
sz002565,顺灏股份,2025-09-17 10:55:42,7.36,38200,7.36,D
sz002565,顺灏股份,2025-09-17 10:55:51,7.36,20000,7.35,U
sz002565,顺灏股份,2025-09-17 10:56:06,7.36,34800,7.36,D
sz002565,顺灏股份,2025-09-17 10:56:24,7.36,53500,7.36,U
sz002565,顺灏股份,2025-09-17 10:56:30,7.36,24400,7.37,D
sz002565,顺灏股份,2025-09-17 10:57:45,7.37,24200,7.37,U
sz002565,顺灏股份,2025-09-17 11:02:15,7.36,32900,7.37,D
sz002565,顺灏股份,2025-09-17 11:02:24,7.36,58200,7.36,D
sz002565,顺灏股份,2025-09-17 11:03:06,7.35,20000,7.37,D
sz002565,顺灏股份,2025-09-17 11:03:33,7.37,25500,7.36,U
sz002565,顺灏股份,2025-09-17 11:04:24,7.38,136100,7.36,U
sz002565,顺灏股份,2025-09-17 11:04:27,7.37,31500,7.38,D
sz002565,顺灏股份,2025-09-17 11:04:33,7.42,603300,7.37,U
sz002565,顺灏股份,2025-09-17 11:05:00,7.42,101800,7.42,U
sz002565,顺灏股份,2025-09-17 11:06:33,7.43,100500,7.42,U
sz002565,顺灏股份,2025-09-17 11:07:24,7.44,122300,7.44,U
sz002565,顺灏股份,2025-09-17 11:08:21,7.43,26300,7.44,D
sz002565,顺灏股份,2025-09-17 11:08:36,7.43,35100,7.43,D
sz002565,顺灏股份,2025-09-17 11:10:21,7.43,69900,7.42,U
sz002565,顺灏股份,2025-09-17 11:11:51,7.44,20800,7.43,U
sz002565,顺灏股份,2025-09-17 11:12:03,7.42,27700,7.43,D
sz002565,顺灏股份,2025-09-17 11:12:45,7.42,77300,7.43,D
sz002565,顺灏股份,2025-09-17 11:12:57,7.42,525300,7.43,D
sz002565,顺灏股份,2025-09-17 11:13:06,7.41,30400,7.42,D
sz002565,顺灏股份,2025-09-17 11:14:06,7.41,59700,7.41,D
sz002565,顺灏股份,2025-09-17 11:14:18,7.42,21400,7.41,U
sz002565,顺灏股份,2025-09-17 11:14:27,7.4,100100,7.41,D
sz002565,顺灏股份,2025-09-17 11:14:39,7.4,100000,7.4,D
sz002565,顺灏股份,2025-09-17 11:15:54,7.42,37200,7.42,U
sz002565,顺灏股份,2025-09-17 11:16:51,7.43,63000,7.42,U
sz002565,顺灏股份,2025-09-17 11:19:09,7.43,24900,7.43,U
sz002565,顺灏股份,2025-09-17 11:22:27,7.43,49800,7.43,U
sz002565,顺灏股份,2025-09-17 11:23:06,7.43,44200,7.42,U
sz002565,顺灏股份,2025-09-17 11:23:18,7.43,46300,7.43,U
sz002565,顺灏股份,2025-09-17 11:26:06,7.41,47900,7.41,D
sz002565,顺灏股份,2025-09-17 13:00:00,7.41,23800,7.41,U
sz002565,顺灏股份,2025-09-17 13:00:03,7.41,270500,7.41,D
sz002565,顺灏股份,2025-09-17 13:00:45,7.41,27800,7.42,D
sz002565,顺灏股份,2025-09-17 13:02:15,7.4,87900,7.4,D
sz002565,顺灏股份,2025-09-17 13:03:18,7.4,33700,7.4,D
sz002565,顺灏股份,2025-09-17 13:05:33,7.39,59600,7.39,D
sz002565,顺灏股份,2025-09-17 13:06:18,7.38,80900,7.38,D
sz002565,顺灏股份,2025-09-17 13:08:03,7.38,78000,7.38,U
sz002565,顺灏股份,2025-09-17 13:09:33,7.38,36000,7.38,U
sz002565,顺灏股份,2025-09-17 13:10:39,7.37,54300,7.37,D
sz002565,顺灏股份,2025-09-17 13:10:48,7.37,263100,7.37,D
sz002565,顺灏股份,2025-09-17 13:11:33,7.36,27100,7.37,D
sz002565,顺灏股份,2025-09-17 13:12:30,7.36,72500,7.37,D
sz002565,顺灏股份,2025-09-17 13:12:42,7.36,28900,7.36,D
sz002565,顺灏股份,2025-09-17 13:13:09,7.36,32700,7.36,D
sz002565,顺灏股份,2025-09-17 13:13:33,7.36,53100,7.37,D
sz002565,顺灏股份,2025-09-17 13:13:48,7.36,52600,7.36,U
sz002565,顺灏股份,2025-09-17 13:14:09,7.36,50000,7.35,U
sz002565,顺灏股份,2025-09-17 13:15:15,7.35,83200,7.36,D
sz002565,顺灏股份,2025-09-17 13:16:21,7.34,74300,7.35,D
sz002565,顺灏股份,2025-09-17 13:17:27,7.35,20000,7.35,U
sz002565,顺灏股份,2025-09-17 13:18:51,7.35,40800,7.36,D
sz002565,顺灏股份,2025-09-17 13:19:12,7.35,25000,7.35,U
sz002565,顺灏股份,2025-09-17 13:20:00,7.35,33500,7.35,D
sz002565,顺灏股份,2025-09-17 13:20:21,7.34,81700,7.35,D
sz002565,顺灏股份,2025-09-17 13:20:48,7.34,253200,7.34,D
sz002565,顺灏股份,2025-09-17 13:22:33,7.34,30000,7.35,D
sz002565,顺灏股份,2025-09-17 13:23:33,7.33,50000,7.34,D
sz002565,顺灏股份,2025-09-17 13:25:00,7.33,40700,7.33,U
sz002565,顺灏股份,2025-09-17 13:25:12,7.33,25000,7.33,U
sz002565,顺灏股份,2025-09-17 13:25:18,7.32,32500,7.33,D
sz002565,顺灏股份,2025-09-17 13:25:30,7.33,240400,7.33,U
sz002565,顺灏股份,2025-09-17 13:26:09,7.31,80200,7.31,D
sz002565,顺灏股份,2025-09-17 13:26:33,7.31,45600,7.3,U
sz002565,顺灏股份,2025-09-17 13:26:36,7.31,32600,7.31,U
sz002565,顺灏股份,2025-09-17 13:29:21,7.31,173900,7.32,D
sz002565,顺灏股份,2025-09-17 13:30:18,7.32,30000,7.31,U
sz002565,顺灏股份,2025-09-17 13:32:00,7.32,31300,7.31,U
sz002565,顺灏股份,2025-09-17 13:32:03,7.31,37600,7.32,D
sz002565,顺灏股份,2025-09-17 13:32:18,7.28,938900,7.31,D
sz002565,顺灏股份,2025-09-17 13:32:21,7.28,63900,7.28,U
sz002565,顺灏股份,2025-09-17 13:32:24,7.28,32300,7.28,U
sz002565,顺灏股份,2025-09-17 13:32:27,7.28,66100,7.28,U
sz002565,顺灏股份,2025-09-17 13:32:39,7.27,37100,7.28,D
sz002565,顺灏股份,2025-09-17 13:32:42,7.27,20800,7.27,U
sz002565,顺灏股份,2025-09-17 13:32:48,7.25,1024000,7.27,D
sz002565,顺灏股份,2025-09-17 13:32:54,7.26,117700,7.26,U
sz002565,顺灏股份,2025-09-17 13:33:03,7.24,306500,7.26,D
sz002565,顺灏股份,2025-09-17 13:33:12,7.24,28600,7.25,D
sz002565,顺灏股份,2025-09-17 13:33:45,7.26,35200,7.26,U
sz002565,顺灏股份,2025-09-17 13:35:24,7.27,27500,7.27,D
sz002565,顺灏股份,2025-09-17 13:35:39,7.27,51100,7.27,U
sz002565,顺灏股份,2025-09-17 13:35:42,7.27,65200,7.27,U
sz002565,顺灏股份,2025-09-17 13:35:54,7.27,38100,7.27,D
sz002565,顺灏股份,2025-09-17 13:37:12,7.26,28700,7.27,D
sz002565,顺灏股份,2025-09-17 13:37:33,7.26,66700,7.26,D
sz002565,顺灏股份,2025-09-17 13:37:36,7.26,40200,7.26,D
sz002565,顺灏股份,2025-09-17 13:37:45,7.27,62200,7.26,U
sz002565,顺灏股份,2025-09-17 13:37:57,7.25,49900,7.26,D
sz002565,顺灏股份,2025-09-17 13:39:54,7.27,66800,7.26,U
sz002565,顺灏股份,2025-09-17 13:40:15,7.27,54200,7.26,U
sz002565,顺灏股份,2025-09-17 13:41:06,7.27,52900,7.28,D
sz002565,顺灏股份,2025-09-17 13:42:06,7.27,54500,7.28,D
sz002565,顺灏股份,2025-09-17 13:42:21,7.27,30000,7.27,U
sz002565,顺灏股份,2025-09-17 13:43:21,7.27,42100,7.27,U
sz002565,顺灏股份,2025-09-17 13:43:36,7.26,40000,7.26,D
sz002565,顺灏股份,2025-09-17 13:43:39,7.26,29600,7.26,D
sz002565,顺灏股份,2025-09-17 13:44:09,7.26,53000,7.26,D
sz002565,顺灏股份,2025-09-17 13:45:45,7.27,44500,7.26,U
sz002565,顺灏股份,2025-09-17 13:45:48,7.27,33500,7.27,U
sz002565,顺灏股份,2025-09-17 13:45:51,7.26,37300,7.27,D
sz002565,顺灏股份,2025-09-17 13:46:36,7.27,20000,7.26,U
sz002565,顺灏股份,2025-09-17 13:46:42,7.27,23000,7.27,U
sz002565,顺灏股份,2025-09-17 13:46:54,7.25,171400,7.26,D
sz002565,顺灏股份,2025-09-17 13:47:15,7.24,100000,7.27,D
sz002565,顺灏股份,2025-09-17 13:50:09,7.24,36900,7.24,D
sz002565,顺灏股份,2025-09-17 13:50:15,7.24,106400,7.24,U
sz002565,顺灏股份,2025-09-17 13:50:33,7.23,61200,7.24,D
sz002565,顺灏股份,2025-09-17 13:51:03,7.23,21000,7.23,D
sz002565,顺灏股份,2025-09-17 13:52:00,7.24,23100,7.24,U
sz002565,顺灏股份,2025-09-17 13:52:09,7.25,33300,7.24,U
sz002565,顺灏股份,2025-09-17 13:52:15,7.24,21500,7.25,D
sz002565,顺灏股份,2025-09-17 13:52:21,7.24,33000,7.24,D
sz002565,顺灏股份,2025-09-17 13:52:30,7.24,21700,7.24,D
sz002565,顺灏股份,2025-09-17 13:52:39,7.25,62100,7.25,U
sz002565,顺灏股份,2025-09-17 13:53:00,7.24,108600,7.24,U
sz002565,顺灏股份,2025-09-17 13:53:15,7.24,25300,7.24,U
sz002565,顺灏股份,2025-09-17 13:53:18,7.24,20600,7.24,U
sz002565,顺灏股份,2025-09-17 13:53:24,7.22,50000,7.23,D
sz002565,顺灏股份,2025-09-17 13:53:33,7.23,28200,7.23,D
sz002565,顺灏股份,2025-09-17 13:53:42,7.21,162900,7.23,D
sz002565,顺灏股份,2025-09-17 13:53:51,7.22,23900,7.23,D
sz002565,顺灏股份,2025-09-17 13:54:03,7.22,51000,7.22,U
sz002565,顺灏股份,2025-09-17 13:54:12,7.22,31100,7.22,D
sz002565,顺灏股份,2025-09-17 13:55:06,7.23,20100,7.22,U
sz002565,顺灏股份,2025-09-17 13:55:12,7.24,23300,7.23,U
sz002565,顺灏股份,2025-09-17 13:55:15,7.24,153100,7.24,D
sz002565,顺灏股份,2025-09-17 13:55:30,7.24,23100,7.25,D
sz002565,顺灏股份,2025-09-17 13:55:33,7.24,67000,7.24,D
sz002565,顺灏股份,2025-09-17 13:55:45,7.25,47900,7.24,U
sz002565,顺灏股份,2025-09-17 13:55:48,7.23,30000,7.25,D
sz002565,顺灏股份,2025-09-17 13:56:27,7.23,50500,7.23,D
sz002565,顺灏股份,2025-09-17 13:56:39,7.23,54700,7.23,U
sz002565,顺灏股份,2025-09-17 13:56:57,7.23,22100,7.23,U
sz002565,顺灏股份,2025-09-17 13:57:24,7.22,65900,7.23,D
sz002565,顺灏股份,2025-09-17 13:57:48,7.22,50100,7.22,D
sz002565,顺灏股份,2025-09-17 13:58:24,7.22,50900,7.23,D
sz002565,顺灏股份,2025-09-17 13:58:33,7.22,60200,7.22,D
sz002565,顺灏股份,2025-09-17 13:59:06,7.22,20500,7.22,U
sz002565,顺灏股份,2025-09-17 13:59:33,7.22,63300,7.22,D
sz002565,顺灏股份,2025-09-17 14:00:12,7.23,29600,7.24,D
sz002565,顺灏股份,2025-09-17 14:00:45,7.25,25000,7.25,U
sz002565,顺灏股份,2025-09-17 14:01:00,7.25,22100,7.25,U
sz002565,顺灏股份,2025-09-17 14:01:12,7.24,29500,7.25,D
sz002565,顺灏股份,2025-09-17 14:01:15,7.24,51000,7.24,D
sz002565,顺灏股份,2025-09-17 14:05:21,7.26,28100,7.25,U
sz002565,顺灏股份,2025-09-17 14:05:24,7.26,28700,7.26,U
sz002565,顺灏股份,2025-09-17 14:05:27,7.26,20700,7.26,U
sz002565,顺灏股份,2025-09-17 14:05:51,7.25,38600,7.25,D
sz002565,顺灏股份,2025-09-17 14:06:03,7.25,22400,7.25,D
sz002565,顺灏股份,2025-09-17 14:06:06,7.25,40300,7.25,D
sz002565,顺灏股份,2025-09-17 14:06:18,7.25,23100,7.25,U
sz002565,顺灏股份,2025-09-17 14:07:48,7.24,201800,7.25,D
sz002565,顺灏股份,2025-09-17 14:08:18,7.23,250800,7.24,D
sz002565,顺灏股份,2025-09-17 14:10:33,7.23,22300,7.23,D
sz002565,顺灏股份,2025-09-17 14:10:45,7.23,56800,7.23,D
sz002565,顺灏股份,2025-09-17 14:11:24,7.24,36800,7.24,U
sz002565,顺灏股份,2025-09-17 14:11:39,7.23,61400,7.24,D
sz002565,顺灏股份,2025-09-17 14:11:51,7.23,34600,7.23,U
sz002565,顺灏股份,2025-09-17 14:11:57,7.23,145300,7.23,U
sz002565,顺灏股份,2025-09-17 14:13:27,7.22,24800,7.22,D
sz002565,顺灏股份,2025-09-17 14:13:30,7.22,57900,7.22,U
sz002565,顺灏股份,2025-09-17 14:13:36,7.22,61700,7.22,U
sz002565,顺灏股份,2025-09-17 14:13:45,7.21,60600,7.22,D
sz002565,顺灏股份,2025-09-17 14:14:03,7.21,26300,7.21,D
sz002565,顺灏股份,2025-09-17 14:14:21,7.21,68100,7.22,D
sz002565,顺灏股份,2025-09-17 14:14:54,7.22,34200,7.22,U
sz002565,顺灏股份,2025-09-17 14:15:48,7.23,22700,7.23,U
sz002565,顺灏股份,2025-09-17 14:15:51,7.22,20000,7.23,D
sz002565,顺灏股份,2025-09-17 14:15:57,7.22,96700,7.22,D
sz002565,顺灏股份,2025-09-17 14:18:36,7.22,20000,7.23,D
sz002565,顺灏股份,2025-09-17 14:19:18,7.22,20000,7.23,D
sz002565,顺灏股份,2025-09-17 14:19:33,7.23,25700,7.23,U
sz002565,顺灏股份,2025-09-17 14:20:00,7.22,44100,7.23,D
sz002565,顺灏股份,2025-09-17 14:21:15,7.22,46800,7.22,D
sz002565,顺灏股份,2025-09-17 14:21:27,7.21,100700,7.22,D
sz002565,顺灏股份,2025-09-17 14:21:30,7.22,106200,7.21,U
sz002565,顺灏股份,2025-09-17 14:21:39,7.21,183800,7.22,D
sz002565,顺灏股份,2025-09-17 14:25:45,7.22,65900,7.22,D
sz002565,顺灏股份,2025-09-17 14:26:06,7.22,60000,7.23,D
sz002565,顺灏股份,2025-09-17 14:26:27,7.22,30700,7.22,D
sz002565,顺灏股份,2025-09-17 14:26:36,7.21,63400,7.22,D
sz002565,顺灏股份,2025-09-17 14:26:54,7.21,66200,7.22,D
sz002565,顺灏股份,2025-09-17 14:27:00,7.21,26200,7.21,D
sz002565,顺灏股份,2025-09-17 14:27:48,7.21,114100,7.22,D
sz002565,顺灏股份,2025-09-17 14:27:51,7.22,62700,7.21,U
sz002565,顺灏股份,2025-09-17 14:28:36,7.21,64500,7.21,D
sz002565,顺灏股份,2025-09-17 14:28:42,7.2,109100,7.21,D
sz002565,顺灏股份,2025-09-17 14:29:06,7.21,97800,7.2,U
sz002565,顺灏股份,2025-09-17 14:29:27,7.2,319400,7.21,D
sz002565,顺灏股份,2025-09-17 14:29:36,7.2,25200,7.2,D
sz002565,顺灏股份,2025-09-17 14:30:00,7.2,23400,7.2,D
sz002565,顺灏股份,2025-09-17 14:30:51,7.2,63100,7.21,D
sz002565,顺灏股份,2025-09-17 14:31:27,7.19,20700,7.2,D
sz002565,顺灏股份,2025-09-17 14:32:15,7.2,74700,7.2,D
sz002565,顺灏股份,2025-09-17 14:32:45,7.21,22800,7.2,U
sz002565,顺灏股份,2025-09-17 14:33:06,7.21,68400,7.2,U
sz002565,顺灏股份,2025-09-17 14:33:54,7.21,70300,7.2,U
sz002565,顺灏股份,2025-09-17 14:34:09,7.21,36100,7.21,U
sz002565,顺灏股份,2025-09-17 14:34:15,7.2,72900,7.21,D
sz002565,顺灏股份,2025-09-17 14:35:12,7.2,102200,7.21,D
sz002565,顺灏股份,2025-09-17 14:35:21,7.19,100000,7.21,D
sz002565,顺灏股份,2025-09-17 14:35:30,7.19,105600,7.2,D
sz002565,顺灏股份,2025-09-17 14:35:39,7.19,120100,7.2,D
sz002565,顺灏股份,2025-09-17 14:35:42,7.19,32400,7.19,U
sz002565,顺灏股份,2025-09-17 14:35:45,7.19,77900,7.19,U
sz002565,顺灏股份,2025-09-17 14:35:57,7.18,60900,7.18,D
sz002565,顺灏股份,2025-09-17 14:36:21,7.18,22000,7.18,D
sz002565,顺灏股份,2025-09-17 14:36:45,7.19,20000,7.19,U
sz002565,顺灏股份,2025-09-17 14:36:48,7.18,114900,7.19,D
sz002565,顺灏股份,2025-09-17 14:36:57,7.18,102200,7.18,D
sz002565,顺灏股份,2025-09-17 14:37:03,7.18,34300,7.18,U
sz002565,顺灏股份,2025-09-17 14:37:06,7.18,102100,7.18,D
sz002565,顺灏股份,2025-09-17 14:37:36,7.18,20400,7.19,E
sz002565,顺灏股份,2025-09-17 14:37:45,7.19,20400,7.18,U
sz002565,顺灏股份,2025-09-17 14:39:00,7.2,118300,7.2,U
sz002565,顺灏股份,2025-09-17 14:39:39,7.2,241600,7.21,D
sz002565,顺灏股份,2025-09-17 14:40:24,7.21,116800,7.21,D
sz002565,顺灏股份,2025-09-17 14:40:33,7.2,101900,7.21,D
sz002565,顺灏股份,2025-09-17 14:41:36,7.21,111900,7.21,D
sz002565,顺灏股份,2025-09-17 14:41:51,7.2,153900,7.21,D
sz002565,顺灏股份,2025-09-17 14:42:45,7.21,23900,7.21,D
sz002565,顺灏股份,2025-09-17 14:43:24,7.21,21500,7.21,U
sz002565,顺灏股份,2025-09-17 14:46:12,7.21,64600,7.21,U
sz002565,顺灏股份,2025-09-17 14:46:33,7.21,23900,7.21,D
sz002565,顺灏股份,2025-09-17 14:47:24,7.21,30100,7.21,D
sz002565,顺灏股份,2025-09-17 14:48:15,7.22,30400,7.21,U
sz002565,顺灏股份,2025-09-17 14:48:27,7.22,29200,7.22,U
sz002565,顺灏股份,2025-09-17 14:48:45,7.23,25000,7.22,U
sz002565,顺灏股份,2025-09-17 14:48:57,7.22,40600,7.22,D
sz002565,顺灏股份,2025-09-17 14:49:48,7.23,58250,7.23,U
sz002565,顺灏股份,2025-09-17 14:49:51,7.23,36200,7.23,U
sz002565,顺灏股份,2025-09-17 14:50:00,7.23,54900,7.22,U
sz002565,顺灏股份,2025-09-17 14:50:06,7.23,24000,7.24,D
sz002565,顺灏股份,2025-09-17 14:51:00,7.21,91400,7.23,D
sz002565,顺灏股份,2025-09-17 14:51:06,7.23,50400,7.22,U
sz002565,顺灏股份,2025-09-17 14:51:12,7.23,21600,7.21,E
sz002565,顺灏股份,2025-09-17 14:51:24,7.23,34500,7.23,U
sz002565,顺灏股份,2025-09-17 14:52:48,7.24,24900,7.24,U
sz002565,顺灏股份,2025-09-17 14:53:00,7.23,47800,7.24,D
sz002565,顺灏股份,2025-09-17 14:53:03,7.24,58200,7.23,U
sz002565,顺灏股份,2025-09-17 14:53:54,7.25,65800,7.24,U
sz002565,顺灏股份,2025-09-17 14:53:57,7.25,28500,7.25,U
sz002565,顺灏股份,2025-09-17 14:54:03,7.24,91800,7.24,D
sz002565,顺灏股份,2025-09-17 14:54:09,7.25,36500,7.25,U
sz002565,顺灏股份,2025-09-17 14:54:12,7.23,31700,7.25,D
sz002565,顺灏股份,2025-09-17 14:55:00,7.23,32800,7.24,D
sz002565,顺灏股份,2025-09-17 14:55:06,7.23,29100,7.24,D
sz002565,顺灏股份,2025-09-17 14:55:45,7.24,21500,7.24,U
sz002565,顺灏股份,2025-09-17 14:55:51,7.24,107700,7.24,U
sz002565,顺灏股份,2025-09-17 14:56:06,7.25,20900,7.25,U
sz002565,顺灏股份,2025-09-17 14:56:15,7.26,181350,7.25,U
sz002565,顺灏股份,2025-09-17 14:56:21,7.26,121900,7.26,U
sz002565,顺灏股份,2025-09-17 14:56:24,7.26,29600,7.26,U
sz002565,顺灏股份,2025-09-17 15:00:00,7.25,484250,7.27,D
