symbol,name,ticktime,price,volume,prev_price,kind
sz002565,顺灏股份,2025-10-21 09:30:00,6.92,25700,6.92,U
sz002565,顺灏股份,2025-10-21 09:30:24,6.9,31700,6.9,D
sz002565,顺灏股份,2025-10-21 09:30:57,6.88,23400,6.88,D
sz002565,顺灏股份,2025-10-21 09:31:27,6.9,36700,6.9,D
sz002565,顺灏股份,2025-10-21 09:31:42,6.88,33500,6.88,D
sz002565,顺灏股份,2025-10-21 09:33:03,6.88,82600,6.89,D
sz002565,顺灏股份,2025-10-21 09:33:39,6.85,41300,6.87,D
sz002565,顺灏股份,2025-10-21 09:33:54,6.85,26100,6.86,D
sz002565,顺灏股份,2025-10-21 09:35:09,6.85,50300,6.86,D
sz002565,顺灏股份,2025-10-21 09:35:12,6.84,34200,6.85,D
sz002565,顺灏股份,2025-10-21 09:35:24,6.84,43200,6.85,D
sz002565,顺灏股份,2025-10-21 09:35:42,6.82,33500,6.83,D
sz002565,顺灏股份,2025-10-21 09:36:03,6.83,35700,6.83,D
sz002565,顺灏股份,2025-10-21 09:36:06,6.83,57200,6.83,D
sz002565,顺灏股份,2025-10-21 09:36:09,6.83,87000,6.83,U
sz002565,顺灏股份,2025-10-21 09:37:21,6.84,20000,6.85,D
sz002565,顺灏股份,2025-10-21 09:37:24,6.84,59300,6.84,D
sz002565,顺灏股份,2025-10-21 09:38:21,6.84,64300,6.84,D
sz002565,顺灏股份,2025-10-21 09:39:03,6.84,34200,6.84,U
sz002565,顺灏股份,2025-10-21 09:39:06,6.84,20400,6.84,D
sz002565,顺灏股份,2025-10-21 09:39:36,6.84,52900,6.84,U
sz002565,顺灏股份,2025-10-21 09:39:45,6.83,31000,6.84,D
sz002565,顺灏股份,2025-10-21 09:41:36,6.84,30000,6.84,D
sz002565,顺灏股份,2025-10-21 09:42:09,6.84,31500,6.84,D
sz002565,顺灏股份,2025-10-21 09:42:51,6.85,232950,6.84,U
sz002565,顺灏股份,2025-10-21 09:42:54,6.87,145300,6.85,U
sz002565,顺灏股份,2025-10-21 09:47:09,6.87,68400,6.86,U
sz002565,顺灏股份,2025-10-21 09:48:39,6.87,24100,6.86,U
sz002565,顺灏股份,2025-10-21 09:49:03,6.88,33600,6.87,U
sz002565,顺灏股份,2025-10-21 09:49:27,6.87,20000,6.87,D
sz002565,顺灏股份,2025-10-21 09:49:48,6.88,20500,6.88,U
sz002565,顺灏股份,2025-10-21 09:50:03,6.9,211200,6.88,U
sz002565,顺灏股份,2025-10-21 09:50:30,6.91,49400,6.9,U
sz002565,顺灏股份,2025-10-21 09:52:09,6.88,30000,6.88,D
sz002565,顺灏股份,2025-10-21 09:52:39,6.89,36800,6.88,U
sz002565,顺灏股份,2025-10-21 10:01:36,6.88,102000,6.88,D
sz002565,顺灏股份,2025-10-21 10:03:18,6.87,20600,6.87,D
sz002565,顺灏股份,2025-10-21 10:06:51,6.88,107600,6.88,D
sz002565,顺灏股份,2025-10-21 10:08:45,6.87,51700,6.88,D
sz002565,顺灏股份,2025-10-21 10:09:27,6.88,39900,6.88,U
sz002565,顺灏股份,2025-10-21 10:10:09,6.89,85600,6.88,U
sz002565,顺灏股份,2025-10-21 10:10:39,6.88,21800,6.88,D
sz002565,顺灏股份,2025-10-21 10:13:21,6.89,21700,6.88,U
sz002565,顺灏股份,2025-10-21 10:15:27,6.91,147500,6.9,U
sz002565,顺灏股份,2025-10-21 10:16:48,6.92,20700,6.92,U
sz002565,顺灏股份,2025-10-21 10:16:54,6.92,81700,6.92,U
sz002565,顺灏股份,2025-10-21 10:19:06,6.92,41400,6.9,U
sz002565,顺灏股份,2025-10-21 10:20:54,6.91,25000,6.91,D
sz002565,顺灏股份,2025-10-21 10:26:54,6.92,32300,6.92,U
sz002565,顺灏股份,2025-10-21 10:31:18,6.92,151700,6.91,U
sz002565,顺灏股份,2025-10-21 10:36:18,6.93,24700,6.94,D
sz002565,顺灏股份,2025-10-21 10:40:30,6.92,24900,6.92,D
sz002565,顺灏股份,2025-10-21 10:43:03,6.9,94800,6.91,D
sz002565,顺灏股份,2025-10-21 10:49:24,6.9,57300,6.9,D
sz002565,顺灏股份,2025-10-21 10:51:06,6.89,20300,6.89,D
sz002565,顺灏股份,2025-10-21 10:52:12,6.89,35700,6.89,U
sz002565,顺灏股份,2025-10-21 10:53:24,6.89,28900,6.89,D
sz002565,顺灏股份,2025-10-21 10:55:15,6.9,51300,6.9,U
sz002565,顺灏股份,2025-10-21 10:57:00,6.88,45100,6.88,D
sz002565,顺灏股份,2025-10-21 11:05:12,6.89,24400,6.9,D
sz002565,顺灏股份,2025-10-21 11:05:33,6.89,112400,6.89,U
sz002565,顺灏股份,2025-10-21 11:05:54,6.88,250000,6.88,D
sz002565,顺灏股份,2025-10-21 11:06:00,6.88,36100,6.88,D
sz002565,顺灏股份,2025-10-21 11:08:57,6.89,23300,6.89,U
sz002565,顺灏股份,2025-10-21 11:10:24,6.89,113300,6.89,D
sz002565,顺灏股份,2025-10-21 11:15:24,6.91,21100,6.91,U
sz002565,顺灏股份,2025-10-21 11:22:03,6.92,20500,6.91,U
sz002565,顺灏股份,2025-10-21 11:22:27,6.92,32800,6.91,U
sz002565,顺灏股份,2025-10-21 11:23:33,6.91,85600,6.91,D
sz002565,顺灏股份,2025-10-21 11:24:39,6.91,97800,6.91,U
sz002565,顺灏股份,2025-10-21 11:24:42,6.92,94300,6.91,U
sz002565,顺灏股份,2025-10-21 11:24:45,6.91,23300,6.92,D
sz002565,顺灏股份,2025-10-21 11:25:00,6.93,73100,6.92,U
sz002565,顺灏股份,2025-10-21 11:25:03,6.93,34000,6.93,U
sz002565,顺灏股份,2025-10-21 11:25:06,6.93,20500,6.93,U
sz002565,顺灏股份,2025-10-21 11:26:57,6.94,81000,6.94,U
sz002565,顺灏股份,2025-10-21 11:27:12,6.94,38100,6.92,U
sz002565,顺灏股份,2025-10-21 11:27:15,6.95,60100,6.94,U
sz002565,顺灏股份,2025-10-21 11:27:39,6.96,31700,6.96,U
sz002565,顺灏股份,2025-10-21 11:28:00,6.96,33800,6.95,U
sz002565,顺灏股份,2025-10-21 13:00:03,6.95,40000,6.96,D
sz002565,顺灏股份,2025-10-21 13:00:09,6.93,50900,6.95,D
sz002565,顺灏股份,2025-10-21 13:00:12,6.95,39300,6.93,U
sz002565,顺灏股份,2025-10-21 13:03:36,6.91,25400,6.91,D
sz002565,顺灏股份,2025-10-21 13:07:03,6.91,22700,6.91,D
sz002565,顺灏股份,2025-10-21 13:07:54,6.9,40000,6.91,D
sz002565,顺灏股份,2025-10-21 13:13:51,6.92,30600,6.92,D
sz002565,顺灏股份,2025-10-21 13:15:06,6.91,30100,6.92,D
sz002565,顺灏股份,2025-10-21 13:18:42,6.92,28000,6.91,U
sz002565,顺灏股份,2025-10-21 13:19:57,6.93,21800,6.92,U
sz002565,顺灏股份,2025-10-21 13:21:09,6.94,48500,6.92,U
sz002565,顺灏股份,2025-10-21 13:21:21,6.94,21800,6.93,U
sz002565,顺灏股份,2025-10-21 13:22:00,6.93,20000,6.94,D
sz002565,顺灏股份,2025-10-21 13:22:57,6.94,29800,6.92,U
sz002565,顺灏股份,2025-10-21 13:25:36,6.93,20400,6.93,U
sz002565,顺灏股份,2025-10-21 13:33:45,6.92,27000,6.93,D
sz002565,顺灏股份,2025-10-21 13:36:06,6.93,34600,6.92,U
sz002565,顺灏股份,2025-10-21 13:36:15,6.93,46200,6.93,D
sz002565,顺灏股份,2025-10-21 13:38:48,6.92,61500,6.93,D
sz002565,顺灏股份,2025-10-21 13:38:54,6.91,25100,6.92,D
sz002565,顺灏股份,2025-10-21 13:39:21,6.92,23400,6.92,U
sz002565,顺灏股份,2025-10-21 13:42:45,6.91,48800,6.92,D
sz002565,顺灏股份,2025-10-21 13:43:18,6.92,25000,6.91,U
sz002565,顺灏股份,2025-10-21 13:46:39,6.92,52200,6.92,U
sz002565,顺灏股份,2025-10-21 13:47:15,6.92,22100,6.92,U
sz002565,顺灏股份,2025-10-21 13:47:57,6.93,26200,6.92,U
sz002565,顺灏股份,2025-10-21 13:48:24,6.92,60800,6.92,U
sz002565,顺灏股份,2025-10-21 13:51:57,6.91,131300,6.91,D
sz002565,顺灏股份,2025-10-21 13:52:03,6.91,48800,6.9,U
sz002565,顺灏股份,2025-10-21 13:52:30,6.9,84200,6.91,D
sz002565,顺灏股份,2025-10-21 13:57:48,6.92,43100,6.91,U
sz002565,顺灏股份,2025-10-21 13:58:36,6.93,24000,6.92,U
sz002565,顺灏股份,2025-10-21 13:59:21,6.92,23600,6.92,U
sz002565,顺灏股份,2025-10-21 14:01:00,6.93,94700,6.91,U
sz002565,顺灏股份,2025-10-21 14:02:45,6.92,42400,6.93,D
sz002565,顺灏股份,2025-10-21 14:06:09,6.93,29000,6.93,U
sz002565,顺灏股份,2025-10-21 14:06:21,6.91,108200,6.92,D
sz002565,顺灏股份,2025-10-21 14:06:24,6.91,29250,6.91,D
sz002565,顺灏股份,2025-10-21 14:07:27,6.93,34200,6.93,D
sz002565,顺灏股份,2025-10-21 14:12:48,6.92,29500,6.92,D
sz002565,顺灏股份,2025-10-21 14:15:45,6.92,67100,6.92,D
sz002565,顺灏股份,2025-10-21 14:18:09,6.92,63100,6.92,D
sz002565,顺灏股份,2025-10-21 14:18:18,6.92,20100,6.92,D
sz002565,顺灏股份,2025-10-21 14:20:57,6.92,23900,6.92,D
sz002565,顺灏股份,2025-10-21 14:22:21,6.91,255000,6.92,D
sz002565,顺灏股份,2025-10-21 14:22:27,6.9,25500,6.91,D
sz002565,顺灏股份,2025-10-21 14:22:30,6.91,27800,6.9,U
sz002565,顺灏股份,2025-10-21 14:23:00,6.9,20000,6.9,D
sz002565,顺灏股份,2025-10-21 14:24:09,6.91,50000,6.91,U
sz002565,顺灏股份,2025-10-21 14:25:21,6.91,23800,6.9,U
sz002565,顺灏股份,2025-10-21 14:26:45,6.9,521200,6.91,D
sz002565,顺灏股份,2025-10-21 14:26:48,6.9,23900,6.9,U
sz002565,顺灏股份,2025-10-21 14:26:57,6.9,35100,6.9,D
sz002565,顺灏股份,2025-10-21 14:27:03,6.9,503900,6.9,U
sz002565,顺灏股份,2025-10-21 14:27:06,6.89,90300,6.9,D
sz002565,顺灏股份,2025-10-21 14:27:09,6.87,25300,6.89,D
sz002565,顺灏股份,2025-10-21 14:27:12,6.88,33000,6.87,U
sz002565,顺灏股份,2025-10-21 14:32:36,6.88,236100,6.89,D
sz002565,顺灏股份,2025-10-21 14:32:42,6.88,32300,6.86,U
sz002565,顺灏股份,2025-10-21 14:32:45,6.86,39100,6.88,D
sz002565,顺灏股份,2025-10-21 14:32:48,6.87,240000,6.86,E
sz002565,顺灏股份,2025-10-21 14:32:57,6.88,29600,6.85,U
sz002565,顺灏股份,2025-10-21 14:33:48,6.87,87900,6.87,U
sz002565,顺灏股份,2025-10-21 14:34:03,6.86,84300,6.86,D
sz002565,顺灏股份,2025-10-21 14:34:30,6.86,64900,6.86,D
sz002565,顺灏股份,2025-10-21 14:34:51,6.87,22700,6.86,U
sz002565,顺灏股份,2025-10-21 14:35:15,6.9,52200,6.87,U
sz002565,顺灏股份,2025-10-21 14:38:21,6.88,114200,6.87,U
sz002565,顺灏股份,2025-10-21 14:40:27,6.87,50700,6.87,D
sz002565,顺灏股份,2025-10-21 14:40:36,6.86,20500,6.87,D
sz002565,顺灏股份,2025-10-21 14:41:12,6.87,101700,6.88,D
sz002565,顺灏股份,2025-10-21 14:41:27,6.86,20100,6.87,D
sz002565,顺灏股份,2025-10-21 14:41:39,6.87,30100,6.87,U
sz002565,顺灏股份,2025-10-21 14:42:15,6.86,56400,6.87,D
sz002565,顺灏股份,2025-10-21 14:42:39,6.86,43500,6.86,D
sz002565,顺灏股份,2025-10-21 14:42:48,6.86,21200,6.86,D
sz002565,顺灏股份,2025-10-21 14:43:42,6.86,42700,6.86,D
sz002565,顺灏股份,2025-10-21 14:44:48,6.86,31200,6.86,D
sz002565,顺灏股份,2025-10-21 14:45:27,6.87,23100,6.87,U
sz002565,顺灏股份,2025-10-21 14:47:30,6.88,51700,6.87,U
sz002565,顺灏股份,2025-10-21 14:47:39,6.87,63500,6.87,D
sz002565,顺灏股份,2025-10-21 14:48:33,6.87,20700,6.87,D
sz002565,顺灏股份,2025-10-21 14:48:36,6.87,34300,6.87,D
sz002565,顺灏股份,2025-10-21 14:48:39,6.87,24500,6.87,U
sz002565,顺灏股份,2025-10-21 14:49:51,6.87,41600,6.87,U
sz002565,顺灏股份,2025-10-21 14:50:03,6.86,30000,6.87,D
sz002565,顺灏股份,2025-10-21 14:50:18,6.86,26700,6.86,D
sz002565,顺灏股份,2025-10-21 14:50:39,6.86,65100,6.87,D
sz002565,顺灏股份,2025-10-21 14:51:03,6.86,215400,6.87,D
sz002565,顺灏股份,2025-10-21 14:51:15,6.86,217000,6.87,D
sz002565,顺灏股份,2025-10-21 14:51:27,6.86,23300,6.87,D
sz002565,顺灏股份,2025-10-21 14:51:36,6.86,31700,6.86,D
sz002565,顺灏股份,2025-10-21 14:51:51,6.87,59200,6.86,U
sz002565,顺灏股份,2025-10-21 14:51:54,6.86,32300,6.87,D
sz002565,顺灏股份,2025-10-21 14:52:18,6.86,34300,6.87,D
sz002565,顺灏股份,2025-10-21 14:52:27,6.85,137069,6.87,D
sz002565,顺灏股份,2025-10-21 14:53:03,6.88,43200,6.87,U
sz002565,顺灏股份,2025-10-21 14:55:00,6.87,20500,6.88,D
sz002565,顺灏股份,2025-10-21 14:55:21,6.86,276100,6.88,D
sz002565,顺灏股份,2025-10-21 14:56:39,6.88,21600,6.87,U
sz002565,顺灏股份,2025-10-21 15:00:00,6.88,247500,6.88,U
