symbol,name,ticktime,price,volume,prev_price,kind
sz002565,顺灏股份,2025-09-16 09:25:00,7.52,152000,0.0,D
sz002565,顺灏股份,2025-09-16 09:30:00,7.5,48200,7.52,D
sz002565,顺灏股份,2025-09-16 09:30:03,7.52,70300,7.5,U
sz002565,顺灏股份,2025-09-16 09:30:06,7.5,38900,7.52,D
sz002565,顺灏股份,2025-09-16 09:30:24,7.49,28400,7.48,U
sz002565,顺灏股份,2025-09-16 09:30:39,7.48,25800,7.49,D
sz002565,顺灏股份,2025-09-16 09:30:42,7.49,36700,7.48,U
sz002565,顺灏股份,2025-09-16 09:31:00,7.47,25000,7.48,D
sz002565,顺灏股份,2025-09-16 09:31:12,7.47,21600,7.47,U
sz002565,顺灏股份,2025-09-16 09:31:36,7.46,20400,7.47,D
sz002565,顺灏股份,2025-09-16 09:31:54,7.45,130200,7.45,D
sz002565,顺灏股份,2025-09-16 09:32:21,7.46,32300,7.45,U
sz002565,顺灏股份,2025-09-16 09:32:24,7.47,31000,7.46,U
sz002565,顺灏股份,2025-09-16 09:32:36,7.48,62800,7.46,U
sz002565,顺灏股份,2025-09-16 09:33:03,7.5,77700,7.47,U
sz002565,顺灏股份,2025-09-16 09:33:15,7.47,106500,7.5,D
sz002565,顺灏股份,2025-09-16 09:33:51,7.48,69700,7.48,D
sz002565,顺灏股份,2025-09-16 09:34:48,7.5,37200,7.49,U
sz002565,顺灏股份,2025-09-16 09:34:57,7.49,20100,7.49,U
sz002565,顺灏股份,2025-09-16 09:35:00,7.5,31900,7.49,U
sz002565,顺灏股份,2025-09-16 09:35:06,7.51,68000,7.5,E
sz002565,顺灏股份,2025-09-16 09:37:51,7.47,22100,7.48,D
sz002565,顺灏股份,2025-09-16 09:39:51,7.5,74900,7.49,U
sz002565,顺灏股份,2025-09-16 09:39:54,7.5,43100,7.5,U
sz002565,顺灏股份,2025-09-16 09:41:36,7.51,222500,7.48,U
sz002565,顺灏股份,2025-09-16 09:41:39,7.53,57900,7.51,U
sz002565,顺灏股份,2025-09-16 09:41:51,7.56,322100,7.53,U
sz002565,顺灏股份,2025-09-16 09:42:15,7.53,55400,7.55,D
sz002565,顺灏股份,2025-09-16 09:43:15,7.53,40200,7.54,D
sz002565,顺灏股份,2025-09-16 09:43:24,7.53,58800,7.53,E
sz002565,顺灏股份,2025-09-16 09:44:21,7.52,29900,7.52,U
sz002565,顺灏股份,2025-09-16 09:44:39,7.52,50800,7.51,U
sz002565,顺灏股份,2025-09-16 09:46:30,7.52,31600,7.52,U
sz002565,顺灏股份,2025-09-16 09:46:33,7.52,75600,7.52,U
sz002565,顺灏股份,2025-09-16 09:47:18,7.52,68600,7.52,D
sz002565,顺灏股份,2025-09-16 09:47:54,7.52,20000,7.51,U
sz002565,顺灏股份,2025-09-16 09:48:15,7.51,29500,7.52,D
sz002565,顺灏股份,2025-09-16 09:49:09,7.52,20500,7.51,U
sz002565,顺灏股份,2025-09-16 09:49:18,7.53,25400,7.52,U
sz002565,顺灏股份,2025-09-16 09:49:33,7.54,27200,7.54,U
sz002565,顺灏股份,2025-09-16 09:50:12,7.54,31400,7.54,D
sz002565,顺灏股份,2025-09-16 09:51:48,7.54,63700,7.55,D
sz002565,顺灏股份,2025-09-16 09:52:42,7.54,26100,7.54,U
sz002565,顺灏股份,2025-09-16 09:53:18,7.54,56300,7.54,U
sz002565,顺灏股份,2025-09-16 09:54:12,7.52,46200,7.53,D
sz002565,顺灏股份,2025-09-16 09:55:09,7.52,26300,7.52,D
sz002565,顺灏股份,2025-09-16 09:55:27,7.53,27600,7.52,U
sz002565,顺灏股份,2025-09-16 09:57:24,7.54,31500,7.53,U
sz002565,顺灏股份,2025-09-16 09:58:09,7.53,65400,7.54,D
sz002565,顺灏股份,2025-09-16 09:58:12,7.54,31900,7.53,U
sz002565,顺灏股份,2025-09-16 10:00:09,7.55,123100,7.54,U
sz002565,顺灏股份,2025-09-16 10:01:12,7.55,24900,7.55,U
sz002565,顺灏股份,2025-09-16 10:02:39,7.54,20700,7.54,D
sz002565,顺灏股份,2025-09-16 10:03:21,7.56,82500,7.55,U
sz002565,顺灏股份,2025-09-16 10:04:27,7.55,44600,7.56,D
sz002565,顺灏股份,2025-09-16 10:06:51,7.55,117700,7.54,U
sz002565,顺灏股份,2025-09-16 10:07:15,7.56,51000,7.55,U
sz002565,顺灏股份,2025-09-16 10:07:45,7.56,26500,7.56,U
sz002565,顺灏股份,2025-09-16 10:08:15,7.56,28700,7.57,D
sz002565,顺灏股份,2025-09-16 10:09:42,7.55,70900,7.55,D
sz002565,顺灏股份,2025-09-16 10:11:03,7.56,53500,7.55,U
sz002565,顺灏股份,2025-09-16 10:12:54,7.55,322400,7.57,D
sz002565,顺灏股份,2025-09-16 10:16:30,7.55,25400,7.55,D
sz002565,顺灏股份,2025-09-16 10:17:00,7.57,89200,7.55,U
sz002565,顺灏股份,2025-09-16 10:17:06,7.58,186800,7.57,U
sz002565,顺灏股份,2025-09-16 10:17:18,7.58,24800,7.59,D
sz002565,顺灏股份,2025-09-16 10:17:27,7.57,29100,7.59,D
sz002565,顺灏股份,2025-09-16 10:17:54,7.58,53200,7.57,U
sz002565,顺灏股份,2025-09-16 10:18:27,7.57,27800,7.57,U
sz002565,顺灏股份,2025-09-16 10:18:48,7.56,32100,7.57,D
sz002565,顺灏股份,2025-09-16 10:19:06,7.56,50950,7.56,D
sz002565,顺灏股份,2025-09-16 10:20:15,7.57,149000,7.55,U
sz002565,顺灏股份,2025-09-16 10:20:42,7.58,34200,7.58,U
sz002565,顺灏股份,2025-09-16 10:20:54,7.59,92950,7.58,U
sz002565,顺灏股份,2025-09-16 10:21:06,7.59,44300,7.59,U
sz002565,顺灏股份,2025-09-16 10:21:30,7.58,143550,7.59,D
sz002565,顺灏股份,2025-09-16 10:21:57,7.56,37600,7.57,D
sz002565,顺灏股份,2025-09-16 10:22:00,7.56,30300,7.56,D
sz002565,顺灏股份,2025-09-16 10:23:27,7.58,30000,7.57,U
sz002565,顺灏股份,2025-09-16 10:23:42,7.58,60000,7.58,U
sz002565,顺灏股份,2025-09-16 10:25:00,7.56,52800,7.58,D
sz002565,顺灏股份,2025-09-16 10:25:39,7.56,20500,7.57,D
sz002565,顺灏股份,2025-09-16 10:25:42,7.56,47400,7.56,D
sz002565,顺灏股份,2025-09-16 10:25:51,7.55,21100,7.55,D
sz002565,顺灏股份,2025-09-16 10:26:42,7.55,45800,7.55,D
sz002565,顺灏股份,2025-09-16 10:27:06,7.54,159100,7.55,D
sz002565,顺灏股份,2025-09-16 10:27:09,7.55,25100,7.54,U
sz002565,顺灏股份,2025-09-16 10:28:39,7.55,67300,7.55,D
sz002565,顺灏股份,2025-09-16 10:29:00,7.56,26900,7.55,U
sz002565,顺灏股份,2025-09-16 10:31:42,7.54,69500,7.54,D
sz002565,顺灏股份,2025-09-16 10:31:45,7.54,87400,7.54,D
sz002565,顺灏股份,2025-09-16 10:33:00,7.53,198100,7.52,U
sz002565,顺灏股份,2025-09-16 10:33:12,7.52,59100,7.52,D
sz002565,顺灏股份,2025-09-16 10:33:21,7.51,23000,7.52,D
sz002565,顺灏股份,2025-09-16 10:34:42,7.51,20000,7.51,D
sz002565,顺灏股份,2025-09-16 10:35:03,7.5,119700,7.52,D
sz002565,顺灏股份,2025-09-16 10:35:21,7.51,28400,7.52,E
sz002565,顺灏股份,2025-09-16 10:35:33,7.51,50000,7.5,U
sz002565,顺灏股份,2025-09-16 10:38:27,7.5,144800,7.5,D
sz002565,顺灏股份,2025-09-16 10:38:57,7.49,57800,7.49,D
sz002565,顺灏股份,2025-09-16 10:39:27,7.48,49800,7.48,D
sz002565,顺灏股份,2025-09-16 10:39:30,7.47,132500,7.48,D
sz002565,顺灏股份,2025-09-16 10:39:33,7.47,29700,7.47,D
sz002565,顺灏股份,2025-09-16 10:40:03,7.5,175000,7.47,U
sz002565,顺灏股份,2025-09-16 10:40:06,7.48,48800,7.5,D
sz002565,顺灏股份,2025-09-16 10:40:15,7.51,39600,7.48,U
sz002565,顺灏股份,2025-09-16 10:40:36,7.49,54300,7.49,D
sz002565,顺灏股份,2025-09-16 10:40:51,7.49,22800,7.48,U
sz002565,顺灏股份,2025-09-16 10:40:57,7.48,22900,7.48,D
sz002565,顺灏股份,2025-09-16 10:41:06,7.48,50700,7.49,D
sz002565,顺灏股份,2025-09-16 10:41:09,7.49,90900,7.48,U
sz002565,顺灏股份,2025-09-16 10:41:12,7.47,21500,7.49,D
sz002565,顺灏股份,2025-09-16 10:41:42,7.48,110100,7.49,D
sz002565,顺灏股份,2025-09-16 10:41:45,7.47,25000,7.48,D
sz002565,顺灏股份,2025-09-16 10:42:24,7.49,38100,7.47,U
sz002565,顺灏股份,2025-09-16 10:43:24,7.48,25300,7.49,D
sz002565,顺灏股份,2025-09-16 10:44:09,7.47,129150,7.48,D
sz002565,顺灏股份,2025-09-16 10:44:12,7.46,29200,7.47,D
sz002565,顺灏股份,2025-09-16 10:44:51,7.46,107900,7.46,D
sz002565,顺灏股份,2025-09-16 10:44:54,7.46,27500,7.46,U
sz002565,顺灏股份,2025-09-16 10:47:30,7.47,55200,7.47,D
sz002565,顺灏股份,2025-09-16 10:48:12,7.46,20700,7.46,D
sz002565,顺灏股份,2025-09-16 10:48:15,7.44,1035800,7.46,D
sz002565,顺灏股份,2025-09-16 10:48:18,7.44,208400,7.44,D
sz002565,顺灏股份,2025-09-16 10:48:21,7.44,56600,7.44,U
sz002565,顺灏股份,2025-09-16 10:48:39,7.43,33000,7.42,U
sz002565,顺灏股份,2025-09-16 10:49:06,7.45,53200,7.45,U
sz002565,顺灏股份,2025-09-16 10:49:30,7.45,23000,7.45,U
sz002565,顺灏股份,2025-09-16 10:49:45,7.44,22000,7.44,U
sz002565,顺灏股份,2025-09-16 10:49:48,7.44,24100,7.44,U
sz002565,顺灏股份,2025-09-16 10:49:51,7.44,31500,7.44,D
sz002565,顺灏股份,2025-09-16 10:50:00,7.42,48700,7.45,D
sz002565,顺灏股份,2025-09-16 10:50:03,7.43,29800,7.42,U
sz002565,顺灏股份,2025-09-16 10:50:18,7.43,25500,7.43,U
sz002565,顺灏股份,2025-09-16 10:50:39,7.44,51600,7.43,U
sz002565,顺灏股份,2025-09-16 10:50:57,7.43,79600,7.44,D
sz002565,顺灏股份,2025-09-16 10:51:00,7.43,30200,7.43,D
sz002565,顺灏股份,2025-09-16 10:51:09,7.43,20300,7.43,U
sz002565,顺灏股份,2025-09-16 10:51:12,7.43,24400,7.43,D
sz002565,顺灏股份,2025-09-16 10:51:15,7.43,34050,7.43,U
sz002565,顺灏股份,2025-09-16 10:53:09,7.43,122000,7.43,D
sz002565,顺灏股份,2025-09-16 10:53:12,7.43,26800,7.43,U
sz002565,顺灏股份,2025-09-16 10:53:24,7.42,85400,7.42,D
sz002565,顺灏股份,2025-09-16 10:53:39,7.41,84300,7.42,D
sz002565,顺灏股份,2025-09-16 10:53:42,7.41,25000,7.41,D
sz002565,顺灏股份,2025-09-16 10:53:48,7.4,248300,7.41,D
sz002565,顺灏股份,2025-09-16 10:53:51,7.4,55400,7.4,D
sz002565,顺灏股份,2025-09-16 10:53:54,7.4,25900,7.4,D
sz002565,顺灏股份,2025-09-16 10:54:00,7.41,121200,7.4,U
sz002565,顺灏股份,2025-09-16 10:54:03,7.41,34600,7.41,D
sz002565,顺灏股份,2025-09-16 10:54:15,7.41,75700,7.41,D
sz002565,顺灏股份,2025-09-16 10:54:21,7.41,89000,7.41,D
sz002565,顺灏股份,2025-09-16 10:54:24,7.42,21600,7.41,E
sz002565,顺灏股份,2025-09-16 10:54:39,7.42,145200,7.42,U
sz002565,顺灏股份,2025-09-16 10:54:42,7.42,30700,7.42,U
sz002565,顺灏股份,2025-09-16 10:56:18,7.42,29800,7.42,U
sz002565,顺灏股份,2025-09-16 10:56:39,7.41,50200,7.42,D
sz002565,顺灏股份,2025-09-16 10:59:39,7.41,67800,7.43,D
sz002565,顺灏股份,2025-09-16 11:00:00,7.42,102100,7.41,U
sz002565,顺灏股份,2025-09-16 11:00:03,7.41,26000,7.42,D
sz002565,顺灏股份,2025-09-16 11:00:09,7.42,40000,7.42,U
sz002565,顺灏股份,2025-09-16 11:01:06,7.42,68400,7.42,U
sz002565,顺灏股份,2025-09-16 11:02:00,7.41,52100,7.42,D
sz002565,顺灏股份,2025-09-16 11:02:15,7.41,78900,7.41,D
sz002565,顺灏股份,2025-09-16 11:02:18,7.42,20700,7.41,U
sz002565,顺灏股份,2025-09-16 11:02:45,7.41,33000,7.41,U
sz002565,顺灏股份,2025-09-16 11:03:00,7.41,104300,7.4,U
sz002565,顺灏股份,2025-09-16 11:03:03,7.4,52000,7.41,D
sz002565,顺灏股份,2025-09-16 11:03:09,7.41,50900,7.41,U
sz002565,顺灏股份,2025-09-16 11:03:12,7.41,521200,7.41,U
sz002565,顺灏股份,2025-09-16 11:03:15,7.41,103500,7.41,U
sz002565,顺灏股份,2025-09-16 11:03:18,7.41,28100,7.41,U
sz002565,顺灏股份,2025-09-16 11:03:24,7.41,65900,7.41,U
sz002565,顺灏股份,2025-09-16 11:04:09,7.4,212500,7.41,D
sz002565,顺灏股份,2025-09-16 11:04:12,7.39,43800,7.4,D
sz002565,顺灏股份,2025-09-16 11:04:45,7.39,33100,7.4,D
sz002565,顺灏股份,2025-09-16 11:04:48,7.39,242200,7.39,U
sz002565,顺灏股份,2025-09-16 11:04:51,7.39,61600,7.39,U
sz002565,顺灏股份,2025-09-16 11:04:54,7.39,77243,7.39,U
sz002565,顺灏股份,2025-09-16 11:05:18,7.39,21900,7.4,D
sz002565,顺灏股份,2025-09-16 11:07:12,7.4,46900,7.41,D
sz002565,顺灏股份,2025-09-16 11:07:30,7.39,90400,7.39,D
sz002565,顺灏股份,2025-09-16 11:07:33,7.39,24800,7.39,U
sz002565,顺灏股份,2025-09-16 11:07:54,7.38,42000,7.39,D
sz002565,顺灏股份,2025-09-16 11:08:00,7.39,27100,7.39,D
sz002565,顺灏股份,2025-09-16 11:10:36,7.4,23800,7.39,U
sz002565,顺灏股份,2025-09-16 11:10:39,7.4,50200,7.4,U
sz002565,顺灏股份,2025-09-16 11:13:18,7.4,50000,7.41,D
sz002565,顺灏股份,2025-09-16 11:14:33,7.43,50000,7.42,U
sz002565,顺灏股份,2025-09-16 11:14:54,7.43,37200,7.42,U
sz002565,顺灏股份,2025-09-16 11:15:21,7.43,51000,7.43,D
sz002565,顺灏股份,2025-09-16 11:16:03,7.45,44000,7.45,D
sz002565,顺灏股份,2025-09-16 11:16:12,7.44,85000,7.44,D
sz002565,顺灏股份,2025-09-16 11:17:00,7.45,21400,7.44,U
sz002565,顺灏股份,2025-09-16 11:17:39,7.45,31800,7.44,U
sz002565,顺灏股份,2025-09-16 11:18:54,7.44,23500,7.45,D
sz002565,顺灏股份,2025-09-16 11:22:18,7.46,76700,7.46,U
sz002565,顺灏股份,2025-09-16 11:22:33,7.45,94300,7.46,D
sz002565,顺灏股份,2025-09-16 11:23:15,7.46,30500,7.46,U
sz002565,顺灏股份,2025-09-16 11:23:18,7.46,20300,7.46,U
sz002565,顺灏股份,2025-09-16 11:23:42,7.46,39600,7.45,U
sz002565,顺灏股份,2025-09-16 11:24:21,7.46,26000,7.47,D
sz002565,顺灏股份,2025-09-16 11:26:18,7.46,20000,7.47,D
sz002565,顺灏股份,2025-09-16 11:27:57,7.46,33300,7.46,D
sz002565,顺灏股份,2025-09-16 13:00:03,7.46,90800,7.46,D
sz002565,顺灏股份,2025-09-16 13:00:42,7.46,49800,7.47,D
sz002565,顺灏股份,2025-09-16 13:01:00,7.45,71600,7.46,D
sz002565,顺灏股份,2025-09-16 13:01:03,7.45,20400,7.45,U
sz002565,顺灏股份,2025-09-16 13:01:57,7.43,91900,7.44,D
sz002565,顺灏股份,2025-09-16 13:02:00,7.43,25000,7.43,U
sz002565,顺灏股份,2025-09-16 13:02:51,7.43,63200,7.42,U
sz002565,顺灏股份,2025-09-16 13:04:39,7.41,31700,7.41,D
sz002565,顺灏股份,2025-09-16 13:05:06,7.4,115600,7.4,D
sz002565,顺灏股份,2025-09-16 13:05:09,7.39,24300,7.4,D
sz002565,顺灏股份,2025-09-16 13:05:12,7.4,45200,7.39,U
sz002565,顺灏股份,2025-09-16 13:05:33,7.39,32500,7.4,D
sz002565,顺灏股份,2025-09-16 13:05:36,7.4,33500,7.39,U
sz002565,顺灏股份,2025-09-16 13:05:39,7.39,29100,7.4,D
sz002565,顺灏股份,2025-09-16 13:06:54,7.41,32900,7.4,U
sz002565,顺灏股份,2025-09-16 13:06:57,7.4,27300,7.41,D
sz002565,顺灏股份,2025-09-16 13:07:06,7.41,22100,7.4,U
sz002565,顺灏股份,2025-09-16 13:07:24,7.43,25200,7.42,U
sz002565,顺灏股份,2025-09-16 13:08:15,7.42,21400,7.43,D
sz002565,顺灏股份,2025-09-16 13:10:36,7.44,50700,7.42,U
sz002565,顺灏股份,2025-09-16 13:10:45,7.44,30200,7.44,U
sz002565,顺灏股份,2025-09-16 13:10:54,7.45,41400,7.43,U
sz002565,顺灏股份,2025-09-16 13:14:21,7.45,78800,7.44,U
sz002565,顺灏股份,2025-09-16 13:15:33,7.42,47600,7.43,D
sz002565,顺灏股份,2025-09-16 13:17:06,7.44,21300,7.43,U
sz002565,顺灏股份,2025-09-16 13:19:57,7.42,34500,7.43,D
sz002565,顺灏股份,2025-09-16 13:21:00,7.44,55500,7.42,U
sz002565,顺灏股份,2025-09-16 13:21:33,7.43,40100,7.44,D
sz002565,顺灏股份,2025-09-16 13:22:12,7.42,21500,7.43,D
sz002565,顺灏股份,2025-09-16 13:22:39,7.43,40800,7.43,U
sz002565,顺灏股份,2025-09-16 13:22:57,7.41,52300,7.42,D
sz002565,顺灏股份,2025-09-16 13:23:54,7.42,25000,7.42,D
sz002565,顺灏股份,2025-09-16 13:24:51,7.41,20700,7.42,D
sz002565,顺灏股份,2025-09-16 13:26:36,7.41,45200,7.41,U
sz002565,顺灏股份,2025-09-16 13:27:12,7.41,25100,7.41,D
sz002565,顺灏股份,2025-09-16 13:27:27,7.41,40100,7.42,D
sz002565,顺灏股份,2025-09-16 13:27:30,7.42,36700,7.41,U
sz002565,顺灏股份,2025-09-16 13:29:24,7.42,50100,7.42,U
sz002565,顺灏股份,2025-09-16 13:31:15,7.4,50000,7.41,D
sz002565,顺灏股份,2025-09-16 13:31:45,7.41,25400,7.4,U
sz002565,顺灏股份,2025-09-16 13:32:27,7.41,52000,7.4,U
sz002565,顺灏股份,2025-09-16 13:32:30,7.4,40800,7.41,D
sz002565,顺灏股份,2025-09-16 13:33:57,7.4,26500,7.4,D
sz002565,顺灏股份,2025-09-16 13:34:48,7.4,20500,7.4,D
sz002565,顺灏股份,2025-09-16 13:37:30,7.41,20100,7.41,U
sz002565,顺灏股份,2025-09-16 13:38:54,7.4,66400,7.4,D
sz002565,顺灏股份,2025-09-16 13:40:54,7.4,41100,7.4,D
sz002565,顺灏股份,2025-09-16 13:42:06,7.39,50200,7.39,D
sz002565,顺灏股份,2025-09-16 13:42:12,7.39,20000,7.39,D
sz002565,顺灏股份,2025-09-16 13:42:57,7.39,30900,7.4,D
sz002565,顺灏股份,2025-09-16 13:43:36,7.39,50000,7.39,D
sz002565,顺灏股份,2025-09-16 13:44:09,7.4,131200,7.4,U
sz002565,顺灏股份,2025-09-16 13:47:09,7.41,20000,7.4,U
sz002565,顺灏股份,2025-09-16 13:47:30,7.41,31200,7.4,U
sz002565,顺灏股份,2025-09-16 13:48:30,7.4,58100,7.41,D
sz002565,顺灏股份,2025-09-16 13:50:33,7.4,20300,7.41,D
sz002565,顺灏股份,2025-09-16 13:51:15,7.4,37200,7.4,D
sz002565,顺灏股份,2025-09-16 13:51:24,7.39,100000,7.41,D
sz002565,顺灏股份,2025-09-16 13:52:33,7.42,39600,7.4,U
sz002565,顺灏股份,2025-09-16 13:52:54,7.41,119400,7.42,D
sz002565,顺灏股份,2025-09-16 13:53:09,7.41,20000,7.41,U
sz002565,顺灏股份,2025-09-16 13:53:12,7.4,40000,7.41,D
sz002565,顺灏股份,2025-09-16 13:53:27,7.41,20300,7.41,U
sz002565,顺灏股份,2025-09-16 13:54:54,7.41,21900,7.4,U
sz002565,顺灏股份,2025-09-16 13:55:27,7.4,21200,7.4,D
sz002565,顺灏股份,2025-09-16 13:56:36,7.41,67400,7.4,U
sz002565,顺灏股份,2025-09-16 13:56:51,7.4,25000,7.41,D
sz002565,顺灏股份,2025-09-16 13:57:48,7.4,32200,7.4,D
sz002565,顺灏股份,2025-09-16 13:59:06,7.41,38800,7.41,U
sz002565,顺灏股份,2025-09-16 14:00:06,7.42,78300,7.42,U
sz002565,顺灏股份,2025-09-16 14:00:45,7.41,25300,7.42,D
sz002565,顺灏股份,2025-09-16 14:02:06,7.42,33800,7.42,D
sz002565,顺灏股份,2025-09-16 14:03:42,7.44,24100,7.44,U
sz002565,顺灏股份,2025-09-16 14:07:00,7.42,94700,7.44,D
sz002565,顺灏股份,2025-09-16 14:09:06,7.44,25100,7.43,U
sz002565,顺灏股份,2025-09-16 14:10:06,7.44,32800,7.44,U
sz002565,顺灏股份,2025-09-16 14:11:27,7.44,27500,7.44,U
sz002565,顺灏股份,2025-09-16 14:11:30,7.44,66000,7.44,D
sz002565,顺灏股份,2025-09-16 14:13:00,7.43,39100,7.44,D
sz002565,顺灏股份,2025-09-16 14:13:33,7.44,39400,7.44,U
sz002565,顺灏股份,2025-09-16 14:13:54,7.44,100400,7.45,D
sz002565,顺灏股份,2025-09-16 14:14:27,7.42,100000,7.44,D
sz002565,顺灏股份,2025-09-16 14:14:48,7.42,101000,7.44,D
sz002565,顺灏股份,2025-09-16 14:18:36,7.43,25100,7.43,D
sz002565,顺灏股份,2025-09-16 14:20:57,7.42,100500,7.43,D
sz002565,顺灏股份,2025-09-16 14:21:42,7.42,26600,7.43,D
sz002565,顺灏股份,2025-09-16 14:23:39,7.41,103200,7.42,D
sz002565,顺灏股份,2025-09-16 14:24:06,7.41,101300,7.42,D
sz002565,顺灏股份,2025-09-16 14:25:15,7.42,26400,7.42,U
sz002565,顺灏股份,2025-09-16 14:25:24,7.41,26900,7.41,D
sz002565,顺灏股份,2025-09-16 14:26:21,7.4,258900,7.41,D
sz002565,顺灏股份,2025-09-16 14:29:39,7.41,64100,7.41,U
sz002565,顺灏股份,2025-09-16 14:31:48,7.41,23800,7.4,U
sz002565,顺灏股份,2025-09-16 14:32:03,7.41,20500,7.41,U
sz002565,顺灏股份,2025-09-16 14:32:51,7.41,56200,7.41,D
sz002565,顺灏股份,2025-09-16 14:33:48,7.41,20000,7.41,U
sz002565,顺灏股份,2025-09-16 14:34:48,7.41,26600,7.41,U
sz002565,顺灏股份,2025-09-16 14:35:42,7.41,20000,7.4,U
sz002565,顺灏股份,2025-09-16 14:37:27,7.41,24600,7.41,U
sz002565,顺灏股份,2025-09-16 14:37:33,7.41,119600,7.41,U
sz002565,顺灏股份,2025-09-16 14:37:42,7.41,27000,7.41,D
sz002565,顺灏股份,2025-09-16 14:38:24,7.42,44900,7.42,U
sz002565,顺灏股份,2025-09-16 14:40:39,7.41,20000,7.42,D
sz002565,顺灏股份,2025-09-16 14:40:42,7.42,59900,7.41,U
sz002565,顺灏股份,2025-09-16 14:40:51,7.4,150000,7.41,D
sz002565,顺灏股份,2025-09-16 14:42:03,7.41,69300,7.42,D
sz002565,顺灏股份,2025-09-16 14:42:18,7.41,31600,7.41,D
sz002565,顺灏股份,2025-09-16 14:43:21,7.4,27000,7.41,D
sz002565,顺灏股份,2025-09-16 14:43:27,7.4,171300,7.41,D
sz002565,顺灏股份,2025-09-16 14:44:24,7.4,56700,7.41,D
sz002565,顺灏股份,2025-09-16 14:44:48,7.4,23900,7.4,U
sz002565,顺灏股份,2025-09-16 14:45:18,7.4,40000,7.39,U
sz002565,顺灏股份,2025-09-16 14:45:48,7.4,28200,7.4,U
sz002565,顺灏股份,2025-09-16 14:45:54,7.39,37003,7.39,D
sz002565,顺灏股份,2025-09-16 14:45:57,7.4,40500,7.39,U
sz002565,顺灏股份,2025-09-16 14:46:03,7.4,38600,7.4,U
sz002565,顺灏股份,2025-09-16 14:46:36,7.39,25400,7.4,D
sz002565,顺灏股份,2025-09-16 14:47:51,7.4,100300,7.4,U
sz002565,顺灏股份,2025-09-16 14:49:42,7.39,23300,7.39,D
sz002565,顺灏股份,2025-09-16 14:49:45,7.4,22500,7.39,U
sz002565,顺灏股份,2025-09-16 14:50:03,7.39,115800,7.4,D
sz002565,顺灏股份,2025-09-16 14:50:06,7.39,27600,7.39,D
sz002565,顺灏股份,2025-09-16 14:50:09,7.4,21500,7.39,U
sz002565,顺灏股份,2025-09-16 14:50:24,7.4,56400,7.39,U
sz002565,顺灏股份,2025-09-16 14:51:00,7.4,37400,7.4,U
sz002565,顺灏股份,2025-09-16 14:51:03,7.39,25700,7.4,D
sz002565,顺灏股份,2025-09-16 14:51:09,7.4,30900,7.4,U
sz002565,顺灏股份,2025-09-16 14:51:24,7.4,52400,7.4,U
sz002565,顺灏股份,2025-09-16 14:51:42,7.4,30200,7.4,D
sz002565,顺灏股份,2025-09-16 14:52:00,7.39,176900,7.4,D
sz002565,顺灏股份,2025-09-16 14:52:03,7.39,82600,7.39,D
sz002565,顺灏股份,2025-09-16 14:52:24,7.4,97300,7.4,U
sz002565,顺灏股份,2025-09-16 14:53:03,7.4,29800,7.4,U
sz002565,顺灏股份,2025-09-16 14:54:33,7.4,53800,7.39,U
sz002565,顺灏股份,2025-09-16 14:55:09,7.4,26500,7.4,U
sz002565,顺灏股份,2025-09-16 14:55:30,7.4,61600,7.39,U
sz002565,顺灏股份,2025-09-16 14:55:33,7.4,39200,7.4,U
sz002565,顺灏股份,2025-09-16 14:55:51,7.39,34800,7.4,D
sz002565,顺灏股份,2025-09-16 14:55:54,7.4,23700,7.39,U
sz002565,顺灏股份,2025-09-16 14:55:57,7.39,50200,7.4,D
sz002565,顺灏股份,2025-09-16 14:56:00,7.4,28400,7.39,U
sz002565,顺灏股份,2025-09-16 14:56:15,7.4,52400,7.4,U
sz002565,顺灏股份,2025-09-16 14:56:30,7.4,33300,7.4,U
sz002565,顺灏股份,2025-09-16 14:56:33,7.4,50200,7.4,U
sz002565,顺灏股份,2025-09-16 14:56:39,7.4,30200,7.4,D
sz002565,顺灏股份,2025-09-16 15:00:00,7.39,555600,7.39,E
