symbol,name,ticktime,price,volume,prev_price,kind
sz002565,顺灏股份,2025-09-25 09:25:00,7.21,516700,0.0,U
sz002565,顺灏股份,2025-09-25 09:30:00,7.28,41100,7.21,E
sz002565,顺灏股份,2025-09-25 09:30:03,7.23,80400,7.28,D
sz002565,顺灏股份,2025-09-25 09:30:09,7.22,28700,7.24,D
sz002565,顺灏股份,2025-09-25 09:30:12,7.21,111000,7.22,D
sz002565,顺灏股份,2025-09-25 09:30:15,7.2,43200,7.21,D
sz002565,顺灏股份,2025-09-25 09:30:18,7.2,26300,7.2,U
sz002565,顺灏股份,2025-09-25 09:30:24,7.17,60900,7.18,D
sz002565,顺灏股份,2025-09-25 09:30:33,7.18,31300,7.16,U
sz002565,顺灏股份,2025-09-25 09:30:36,7.18,26000,7.18,U
sz002565,顺灏股份,2025-09-25 09:30:42,7.16,80800,7.18,D
sz002565,顺灏股份,2025-09-25 09:30:45,7.17,21300,7.16,U
sz002565,顺灏股份,2025-09-25 09:31:09,7.2,42900,7.17,U
sz002565,顺灏股份,2025-09-25 09:31:21,7.18,22800,7.2,D
sz002565,顺灏股份,2025-09-25 09:31:27,7.2,204900,7.18,U
sz002565,顺灏股份,2025-09-25 09:31:48,7.18,54800,7.18,D
sz002565,顺灏股份,2025-09-25 09:32:24,7.23,101100,7.22,U
sz002565,顺灏股份,2025-09-25 09:33:57,7.23,20900,7.22,U
sz002565,顺灏股份,2025-09-25 09:34:09,7.21,35700,7.21,D
sz002565,顺灏股份,2025-09-25 09:34:45,7.2,1009800,7.21,D
sz002565,顺灏股份,2025-09-25 09:35:03,7.16,55100,7.18,D
sz002565,顺灏股份,2025-09-25 09:35:18,7.17,152400,7.17,U
sz002565,顺灏股份,2025-09-25 09:35:24,7.19,40900,7.17,U
sz002565,顺灏股份,2025-09-25 09:35:30,7.19,160600,7.19,U
sz002565,顺灏股份,2025-09-25 09:35:33,7.16,60000,7.19,D
sz002565,顺灏股份,2025-09-25 09:35:39,7.16,189300,7.16,U
sz002565,顺灏股份,2025-09-25 09:35:51,7.16,30700,7.17,D
sz002565,顺灏股份,2025-09-25 09:35:54,7.17,43400,7.16,U
sz002565,顺灏股份,2025-09-25 09:36:09,7.17,31300,7.17,D
sz002565,顺灏股份,2025-09-25 09:36:30,7.17,21600,7.17,D
sz002565,顺灏股份,2025-09-25 09:37:00,7.18,20400,7.19,D
sz002565,顺灏股份,2025-09-25 09:37:21,7.17,28700,7.17,D
sz002565,顺灏股份,2025-09-25 09:37:24,7.17,78700,7.17,D
sz002565,顺灏股份,2025-09-25 09:38:00,7.17,71400,7.18,D
sz002565,顺灏股份,2025-09-25 09:38:39,7.17,44300,7.17,D
sz002565,顺灏股份,2025-09-25 09:38:42,7.17,22100,7.17,U
sz002565,顺灏股份,2025-09-25 09:38:45,7.16,29800,7.17,D
sz002565,顺灏股份,2025-09-25 09:38:48,7.17,30200,7.16,U
sz002565,顺灏股份,2025-09-25 09:39:15,7.16,46700,7.17,D
sz002565,顺灏股份,2025-09-25 09:39:48,7.17,23300,7.17,U
sz002565,顺灏股份,2025-09-25 09:40:45,7.17,27100,7.17,D
sz002565,顺灏股份,2025-09-25 09:40:48,7.19,99200,7.17,U
sz002565,顺灏股份,2025-09-25 09:41:00,7.18,24800,7.19,D
sz002565,顺灏股份,2025-09-25 09:41:18,7.18,30900,7.18,D
sz002565,顺灏股份,2025-09-25 09:41:57,7.17,53600,7.19,D
sz002565,顺灏股份,2025-09-25 09:42:21,7.18,23700,7.18,D
sz002565,顺灏股份,2025-09-25 09:42:30,7.17,31000,7.18,D
sz002565,顺灏股份,2025-09-25 09:42:45,7.17,20000,7.18,D
sz002565,顺灏股份,2025-09-25 09:44:03,7.18,175100,7.17,U
sz002565,顺灏股份,2025-09-25 09:44:57,7.18,54600,7.18,D
sz002565,顺灏股份,2025-09-25 09:45:09,7.18,36000,7.18,D
sz002565,顺灏股份,2025-09-25 09:45:39,7.17,41900,7.18,D
sz002565,顺灏股份,2025-09-25 09:45:57,7.17,29600,7.18,D
sz002565,顺灏股份,2025-09-25 09:46:03,7.17,34500,7.17,D
sz002565,顺灏股份,2025-09-25 09:46:06,7.17,34600,7.17,D
sz002565,顺灏股份,2025-09-25 09:46:24,7.17,20500,7.17,U
sz002565,顺灏股份,2025-09-25 09:46:54,7.18,20400,7.17,U
sz002565,顺灏股份,2025-09-25 09:47:24,7.17,47800,7.17,D
sz002565,顺灏股份,2025-09-25 09:47:33,7.17,83200,7.17,U
sz002565,顺灏股份,2025-09-25 09:47:54,7.17,21700,7.17,U
sz002565,顺灏股份,2025-09-25 09:48:33,7.16,24500,7.17,D
sz002565,顺灏股份,2025-09-25 09:49:27,7.16,149200,7.16,D
sz002565,顺灏股份,2025-09-25 09:50:30,7.16,40950,7.16,U
sz002565,顺灏股份,2025-09-25 09:50:54,7.17,21600,7.16,U
sz002565,顺灏股份,2025-09-25 09:52:54,7.16,35900,7.17,D
sz002565,顺灏股份,2025-09-25 09:53:09,7.16,52400,7.16,D
sz002565,顺灏股份,2025-09-25 09:53:45,7.17,50100,7.16,U
sz002565,顺灏股份,2025-09-25 09:54:00,7.17,35800,7.17,U
sz002565,顺灏股份,2025-09-25 09:54:45,7.17,20200,7.16,U
sz002565,顺灏股份,2025-09-25 09:54:51,7.16,36000,7.17,D
sz002565,顺灏股份,2025-09-25 09:55:09,7.16,24300,7.15,U
sz002565,顺灏股份,2025-09-25 09:56:06,7.15,26200,7.16,D
sz002565,顺灏股份,2025-09-25 09:56:27,7.15,52300,7.15,D
sz002565,顺灏股份,2025-09-25 09:56:30,7.15,295600,7.15,D
sz002565,顺灏股份,2025-09-25 09:56:39,7.16,201100,7.15,U
sz002565,顺灏股份,2025-09-25 09:59:24,7.15,110550,7.16,D
sz002565,顺灏股份,2025-09-25 09:59:33,7.15,206150,7.15,U
sz002565,顺灏股份,2025-09-25 10:00:42,7.16,20500,7.15,U
sz002565,顺灏股份,2025-09-25 10:00:45,7.15,78200,7.16,D
sz002565,顺灏股份,2025-09-25 10:02:09,7.15,20000,7.15,D
sz002565,顺灏股份,2025-09-25 10:02:36,7.15,21100,7.16,D
sz002565,顺灏股份,2025-09-25 10:03:03,7.15,39000,7.15,D
sz002565,顺灏股份,2025-09-25 10:03:18,7.15,20600,7.15,U
sz002565,顺灏股份,2025-09-25 10:04:03,7.15,35800,7.15,D
sz002565,顺灏股份,2025-09-25 10:05:36,7.13,183900,7.14,D
sz002565,顺灏股份,2025-09-25 10:06:03,7.13,102300,7.13,D
sz002565,顺灏股份,2025-09-25 10:06:24,7.13,30000,7.14,D
sz002565,顺灏股份,2025-09-25 10:06:39,7.14,60300,7.13,U
sz002565,顺灏股份,2025-09-25 10:07:06,7.14,49400,7.15,D
sz002565,顺灏股份,2025-09-25 10:07:30,7.14,85800,7.15,D
sz002565,顺灏股份,2025-09-25 10:08:21,7.13,27000,7.14,D
sz002565,顺灏股份,2025-09-25 10:08:27,7.13,29300,7.13,D
sz002565,顺灏股份,2025-09-25 10:08:30,7.13,41100,7.13,D
sz002565,顺灏股份,2025-09-25 10:08:33,7.12,49800,7.13,D
sz002565,顺灏股份,2025-09-25 10:09:00,7.12,128600,7.12,D
sz002565,顺灏股份,2025-09-25 10:09:30,7.12,42100,7.12,D
sz002565,顺灏股份,2025-09-25 10:09:33,7.13,256600,7.12,U
sz002565,顺灏股份,2025-09-25 10:10:54,7.14,56400,7.14,D
sz002565,顺灏股份,2025-09-25 10:10:57,7.14,20500,7.14,U
sz002565,顺灏股份,2025-09-25 10:11:45,7.15,22700,7.15,U
sz002565,顺灏股份,2025-09-25 10:15:06,7.14,33800,7.15,D
sz002565,顺灏股份,2025-09-25 10:15:18,7.14,29200,7.14,D
sz002565,顺灏股份,2025-09-25 10:15:54,7.15,55300,7.15,U
sz002565,顺灏股份,2025-09-25 10:16:39,7.15,25200,7.15,D
sz002565,顺灏股份,2025-09-25 10:16:54,7.16,30000,7.16,U
sz002565,顺灏股份,2025-09-25 10:17:18,7.16,40400,7.16,U
sz002565,顺灏股份,2025-09-25 10:17:27,7.15,38400,7.16,D
sz002565,顺灏股份,2025-09-25 10:17:30,7.15,78300,7.15,D
sz002565,顺灏股份,2025-09-25 10:18:36,7.14,139500,7.14,D
sz002565,顺灏股份,2025-09-25 10:19:12,7.13,23200,7.14,D
sz002565,顺灏股份,2025-09-25 10:21:06,7.14,22500,7.14,D
sz002565,顺灏股份,2025-09-25 10:22:00,7.13,85500,7.14,D
sz002565,顺灏股份,2025-09-25 10:22:24,7.14,39800,7.13,U
sz002565,顺灏股份,2025-09-25 10:23:57,7.15,27600,7.15,U
sz002565,顺灏股份,2025-09-25 10:26:06,7.15,76900,7.14,U
sz002565,顺灏股份,2025-09-25 10:26:09,7.15,22300,7.15,D
sz002565,顺灏股份,2025-09-25 10:26:33,7.16,113200,7.16,U
sz002565,顺灏股份,2025-09-25 10:26:39,7.16,37200,7.16,U
sz002565,顺灏股份,2025-09-25 10:27:00,7.16,73800,7.16,U
sz002565,顺灏股份,2025-09-25 10:27:42,7.15,24300,7.16,D
sz002565,顺灏股份,2025-09-25 10:28:27,7.16,31100,7.17,D
sz002565,顺灏股份,2025-09-25 10:28:48,7.16,21100,7.17,D
sz002565,顺灏股份,2025-09-25 10:28:54,7.16,42600,7.17,D
sz002565,顺灏股份,2025-09-25 10:29:18,7.16,35700,7.17,D
sz002565,顺灏股份,2025-09-25 10:29:57,7.17,36600,7.17,U
sz002565,顺灏股份,2025-09-25 10:32:03,7.18,109100,7.17,U
sz002565,顺灏股份,2025-09-25 10:32:15,7.18,34100,7.18,D
sz002565,顺灏股份,2025-09-25 10:35:54,7.17,22200,7.17,U
sz002565,顺灏股份,2025-09-25 10:37:12,7.18,159000,7.18,U
sz002565,顺灏股份,2025-09-25 10:40:27,7.2,50000,7.17,U
sz002565,顺灏股份,2025-09-25 10:40:30,7.18,31300,7.2,D
sz002565,顺灏股份,2025-09-25 10:41:24,7.2,46800,7.2,U
sz002565,顺灏股份,2025-09-25 10:41:48,7.2,168900,7.21,D
sz002565,顺灏股份,2025-09-25 10:42:45,7.19,28600,7.19,U
sz002565,顺灏股份,2025-09-25 10:44:15,7.19,355500,7.19,U
sz002565,顺灏股份,2025-09-25 10:46:45,7.19,43600,7.18,U
sz002565,顺灏股份,2025-09-25 10:47:06,7.19,40600,7.2,D
sz002565,顺灏股份,2025-09-25 10:48:54,7.2,66600,7.19,U
sz002565,顺灏股份,2025-09-25 10:50:18,7.18,27000,7.19,D
sz002565,顺灏股份,2025-09-25 10:53:15,7.2,23300,7.2,U
sz002565,顺灏股份,2025-09-25 10:56:21,7.21,66400,7.19,U
sz002565,顺灏股份,2025-09-25 10:57:03,7.23,49400,7.21,U
sz002565,顺灏股份,2025-09-25 10:57:06,7.23,28500,7.23,E
sz002565,顺灏股份,2025-09-25 10:57:36,7.24,20000,7.23,U
sz002565,顺灏股份,2025-09-25 10:59:12,7.21,82300,7.22,D
sz002565,顺灏股份,2025-09-25 11:00:48,7.21,25100,7.21,D
sz002565,顺灏股份,2025-09-25 11:01:27,7.21,21500,7.21,U
sz002565,顺灏股份,2025-09-25 11:01:36,7.22,42000,7.21,U
sz002565,顺灏股份,2025-09-25 11:02:03,7.25,134100,7.22,U
sz002565,顺灏股份,2025-09-25 11:02:18,7.24,20000,7.24,D
sz002565,顺灏股份,2025-09-25 11:02:39,7.26,58800,7.25,U
sz002565,顺灏股份,2025-09-25 11:04:36,7.27,36300,7.27,U
sz002565,顺灏股份,2025-09-25 11:06:15,7.24,80500,7.25,D
sz002565,顺灏股份,2025-09-25 11:07:09,7.25,88800,7.23,U
sz002565,顺灏股份,2025-09-25 11:07:30,7.26,46900,7.25,U
sz002565,顺灏股份,2025-09-25 11:09:42,7.25,20000,7.25,D
sz002565,顺灏股份,2025-09-25 11:10:45,7.24,42100,7.23,U
sz002565,顺灏股份,2025-09-25 11:19:36,7.22,21000,7.21,U
sz002565,顺灏股份,2025-09-25 11:20:06,7.2,108900,7.22,D
sz002565,顺灏股份,2025-09-25 11:21:30,7.22,40700,7.21,U
sz002565,顺灏股份,2025-09-25 11:22:39,7.23,23650,7.23,U
sz002565,顺灏股份,2025-09-25 11:23:03,7.24,38300,7.23,U
sz002565,顺灏股份,2025-09-25 11:23:27,7.25,47500,7.24,U
sz002565,顺灏股份,2025-09-25 11:23:36,7.26,50100,7.25,U
sz002565,顺灏股份,2025-09-25 11:23:42,7.28,150100,7.25,U
sz002565,顺灏股份,2025-09-25 11:24:21,7.28,45400,7.27,U
sz002565,顺灏股份,2025-09-25 11:25:51,7.26,59300,7.27,D
sz002565,顺灏股份,2025-09-25 11:26:57,7.27,20000,7.26,U
sz002565,顺灏股份,2025-09-25 11:27:48,7.27,24700,7.27,U
sz002565,顺灏股份,2025-09-25 11:28:00,7.29,87700,7.27,U
sz002565,顺灏股份,2025-09-25 11:29:21,7.28,56300,7.28,U
sz002565,顺灏股份,2025-09-25 11:29:57,7.28,25000,7.28,E
sz002565,顺灏股份,2025-09-25 13:00:03,7.29,37800,7.28,U
sz002565,顺灏股份,2025-09-25 13:00:06,7.3,77900,7.29,U
sz002565,顺灏股份,2025-09-25 13:00:09,7.3,132500,7.3,U
sz002565,顺灏股份,2025-09-25 13:00:12,7.33,561200,7.3,U
sz002565,顺灏股份,2025-09-25 13:00:15,7.33,43700,7.33,U
sz002565,顺灏股份,2025-09-25 13:00:39,7.33,22900,7.31,U
sz002565,顺灏股份,2025-09-25 13:01:00,7.33,41700,7.31,U
sz002565,顺灏股份,2025-09-25 13:01:03,7.33,44000,7.33,U
sz002565,顺灏股份,2025-09-25 13:01:18,7.34,80700,7.34,D
sz002565,顺灏股份,2025-09-25 13:01:27,7.35,64500,7.33,U
sz002565,顺灏股份,2025-09-25 13:01:33,7.33,50500,7.34,D
sz002565,顺灏股份,2025-09-25 13:01:45,7.34,30400,7.34,D
sz002565,顺灏股份,2025-09-25 13:01:54,7.33,22800,7.34,D
sz002565,顺灏股份,2025-09-25 13:01:57,7.34,26400,7.33,U
sz002565,顺灏股份,2025-09-25 13:02:12,7.32,27800,7.32,U
sz002565,顺灏股份,2025-09-25 13:02:33,7.32,28900,7.33,D
sz002565,顺灏股份,2025-09-25 13:02:45,7.34,134900,7.32,U
sz002565,顺灏股份,2025-09-25 13:02:54,7.34,20900,7.35,D
sz002565,顺灏股份,2025-09-25 13:02:57,7.35,23100,7.34,U
sz002565,顺灏股份,2025-09-25 13:03:03,7.38,214700,7.35,U
sz002565,顺灏股份,2025-09-25 13:03:06,7.39,157800,7.38,U
sz002565,顺灏股份,2025-09-25 13:03:12,7.4,56900,7.39,U
sz002565,顺灏股份,2025-09-25 13:03:24,7.4,28400,7.4,U
sz002565,顺灏股份,2025-09-25 13:03:30,7.38,22000,7.39,D
sz002565,顺灏股份,2025-09-25 13:03:33,7.39,109300,7.38,U
sz002565,顺灏股份,2025-09-25 13:03:36,7.37,110000,7.39,D
sz002565,顺灏股份,2025-09-25 13:03:42,7.38,20900,7.39,D
sz002565,顺灏股份,2025-09-25 13:04:06,7.37,20800,7.38,D
sz002565,顺灏股份,2025-09-25 13:04:09,7.37,25300,7.37,D
sz002565,顺灏股份,2025-09-25 13:05:27,7.33,44000,7.33,D
sz002565,顺灏股份,2025-09-25 13:05:30,7.34,33000,7.33,U
sz002565,顺灏股份,2025-09-25 13:05:33,7.33,47600,7.34,D
sz002565,顺灏股份,2025-09-25 13:05:42,7.35,266400,7.33,U
sz002565,顺灏股份,2025-09-25 13:05:48,7.35,21900,7.36,D
sz002565,顺灏股份,2025-09-25 13:05:54,7.36,20700,7.35,U
sz002565,顺灏股份,2025-09-25 13:05:57,7.34,42100,7.36,D
sz002565,顺灏股份,2025-09-25 13:06:00,7.34,23100,7.34,U
sz002565,顺灏股份,2025-09-25 13:06:03,7.34,80300,7.34,D
sz002565,顺灏股份,2025-09-25 13:06:21,7.33,35100,7.35,D
sz002565,顺灏股份,2025-09-25 13:06:33,7.34,30900,7.34,D
sz002565,顺灏股份,2025-09-25 13:06:36,7.34,35300,7.34,D
sz002565,顺灏股份,2025-09-25 13:06:42,7.33,39000,7.34,D
sz002565,顺灏股份,2025-09-25 13:06:57,7.34,44500,7.35,E
sz002565,顺灏股份,2025-09-25 13:07:06,7.33,28500,7.33,D
sz002565,顺灏股份,2025-09-25 13:07:12,7.32,209900,7.32,D
sz002565,顺灏股份,2025-09-25 13:07:45,7.33,20200,7.33,D
sz002565,顺灏股份,2025-09-25 13:08:18,7.32,20600,7.33,D
sz002565,顺灏股份,2025-09-25 13:09:06,7.31,29100,7.31,D
sz002565,顺灏股份,2025-09-25 13:09:24,7.31,85600,7.31,D
sz002565,顺灏股份,2025-09-25 13:10:03,7.3,101700,7.3,D
sz002565,顺灏股份,2025-09-25 13:10:51,7.33,79500,7.31,U
sz002565,顺灏股份,2025-09-25 13:11:21,7.34,62600,7.33,U
sz002565,顺灏股份,2025-09-25 13:11:30,7.33,50800,7.34,D
sz002565,顺灏股份,2025-09-25 13:11:57,7.33,21900,7.33,U
sz002565,顺灏股份,2025-09-25 13:12:00,7.33,41300,7.33,U
sz002565,顺灏股份,2025-09-25 13:12:27,7.33,28600,7.34,D
sz002565,顺灏股份,2025-09-25 13:13:09,7.31,59000,7.31,U
sz002565,顺灏股份,2025-09-25 13:13:18,7.33,50000,7.31,U
sz002565,顺灏股份,2025-09-25 13:13:42,7.34,39200,7.33,U
sz002565,顺灏股份,2025-09-25 13:13:45,7.35,104400,7.34,U
sz002565,顺灏股份,2025-09-25 13:13:51,7.36,47800,7.35,U
sz002565,顺灏股份,2025-09-25 13:13:57,7.35,24300,7.36,D
sz002565,顺灏股份,2025-09-25 13:14:21,7.33,53700,7.33,D
sz002565,顺灏股份,2025-09-25 13:14:24,7.33,21200,7.33,D
sz002565,顺灏股份,2025-09-25 13:14:30,7.33,29000,7.33,U
sz002565,顺灏股份,2025-09-25 13:14:45,7.32,21700,7.32,D
sz002565,顺灏股份,2025-09-25 13:16:18,7.33,45700,7.32,U
sz002565,顺灏股份,2025-09-25 13:16:33,7.33,50500,7.33,U
sz002565,顺灏股份,2025-09-25 13:16:36,7.32,28100,7.33,D
sz002565,顺灏股份,2025-09-25 13:17:09,7.33,23600,7.33,U
sz002565,顺灏股份,2025-09-25 13:17:39,7.31,86700,7.31,D
sz002565,顺灏股份,2025-09-25 13:18:48,7.3,52400,7.3,D
sz002565,顺灏股份,2025-09-25 13:19:09,7.29,39500,7.29,D
sz002565,顺灏股份,2025-09-25 13:19:12,7.29,20000,7.29,D
sz002565,顺灏股份,2025-09-25 13:20:45,7.28,41800,7.29,D
sz002565,顺灏股份,2025-09-25 13:21:00,7.31,92000,7.28,U
sz002565,顺灏股份,2025-09-25 13:24:09,7.3,24700,7.3,D
sz002565,顺灏股份,2025-09-25 13:24:12,7.3,33900,7.3,D
sz002565,顺灏股份,2025-09-25 13:28:42,7.3,50200,7.3,D
sz002565,顺灏股份,2025-09-25 13:28:51,7.3,42918,7.3,D
sz002565,顺灏股份,2025-09-25 13:30:45,7.3,44300,7.3,D
sz002565,顺灏股份,2025-09-25 13:32:24,7.29,70300,7.29,D
sz002565,顺灏股份,2025-09-25 13:33:12,7.28,60600,7.28,D
sz002565,顺灏股份,2025-09-25 13:33:36,7.27,29600,7.27,D
sz002565,顺灏股份,2025-09-25 13:38:51,7.27,50000,7.28,D
sz002565,顺灏股份,2025-09-25 13:42:03,7.26,52100,7.26,U
sz002565,顺灏股份,2025-09-25 13:42:36,7.26,25200,7.26,U
sz002565,顺灏股份,2025-09-25 13:42:51,7.26,30200,7.26,D
sz002565,顺灏股份,2025-09-25 13:44:54,7.27,32400,7.26,U
sz002565,顺灏股份,2025-09-25 13:45:48,7.26,20100,7.26,D
sz002565,顺灏股份,2025-09-25 13:48:06,7.26,31500,7.27,D
sz002565,顺灏股份,2025-09-25 13:51:15,7.27,61300,7.27,D
sz002565,顺灏股份,2025-09-25 13:51:30,7.27,60300,7.27,D
sz002565,顺灏股份,2025-09-25 13:53:00,7.3,117300,7.27,U
sz002565,顺灏股份,2025-09-25 13:53:18,7.3,46300,7.3,U
sz002565,顺灏股份,2025-09-25 13:53:42,7.29,50000,7.3,D
sz002565,顺灏股份,2025-09-25 13:57:27,7.28,36800,7.28,D
sz002565,顺灏股份,2025-09-25 13:57:54,7.28,110000,7.28,D
sz002565,顺灏股份,2025-09-25 14:01:00,7.3,154200,7.28,U
sz002565,顺灏股份,2025-09-25 14:01:03,7.3,50600,7.3,U
sz002565,顺灏股份,2025-09-25 14:03:39,7.3,45800,7.3,U
sz002565,顺灏股份,2025-09-25 14:04:00,7.31,25200,7.3,U
sz002565,顺灏股份,2025-09-25 14:04:09,7.31,152200,7.31,U
sz002565,顺灏股份,2025-09-25 14:04:12,7.32,178300,7.31,U
sz002565,顺灏股份,2025-09-25 14:04:15,7.32,29800,7.32,U
sz002565,顺灏股份,2025-09-25 14:05:36,7.3,127500,7.3,D
sz002565,顺灏股份,2025-09-25 14:06:54,7.3,24700,7.3,U
sz002565,顺灏股份,2025-09-25 14:09:30,7.29,55500,7.29,D
sz002565,顺灏股份,2025-09-25 14:16:12,7.28,45500,7.29,D
sz002565,顺灏股份,2025-09-25 14:19:00,7.28,107400,7.28,D
sz002565,顺灏股份,2025-09-25 14:19:45,7.27,25200,7.27,D
sz002565,顺灏股份,2025-09-25 14:25:39,7.24,346600,7.28,D
sz002565,顺灏股份,2025-09-25 14:26:06,7.26,20000,7.26,D
sz002565,顺灏股份,2025-09-25 14:27:09,7.27,20000,7.27,D
sz002565,顺灏股份,2025-09-25 14:30:21,7.28,37300,7.28,U
sz002565,顺灏股份,2025-09-25 14:30:30,7.29,108400,7.28,U
sz002565,顺灏股份,2025-09-25 14:30:57,7.3,27600,7.29,U
sz002565,顺灏股份,2025-09-25 14:31:00,7.31,22200,7.3,U
sz002565,顺灏股份,2025-09-25 14:31:12,7.3,25100,7.3,D
sz002565,顺灏股份,2025-09-25 14:31:21,7.3,69500,7.3,D
sz002565,顺灏股份,2025-09-25 14:32:18,7.28,21500,7.29,D
sz002565,顺灏股份,2025-09-25 14:34:15,7.27,60400,7.28,D
sz002565,顺灏股份,2025-09-25 14:34:39,7.27,24200,7.27,D
sz002565,顺灏股份,2025-09-25 14:36:42,7.26,90400,7.26,D
sz002565,顺灏股份,2025-09-25 14:38:21,7.25,20000,7.25,D
sz002565,顺灏股份,2025-09-25 14:38:30,7.26,75900,7.25,U
sz002565,顺灏股份,2025-09-25 14:39:12,7.24,20000,7.25,D
sz002565,顺灏股份,2025-09-25 14:40:03,7.25,38200,7.25,U
sz002565,顺灏股份,2025-09-25 14:40:06,7.26,81100,7.25,U
sz002565,顺灏股份,2025-09-25 14:40:33,7.25,32400,7.25,D
sz002565,顺灏股份,2025-09-25 14:40:45,7.25,31200,7.25,U
sz002565,顺灏股份,2025-09-25 14:41:06,7.25,23500,7.25,U
sz002565,顺灏股份,2025-09-25 14:41:24,7.24,22900,7.24,D
sz002565,顺灏股份,2025-09-25 14:42:18,7.24,72100,7.23,U
sz002565,顺灏股份,2025-09-25 14:42:33,7.23,57500,7.23,D
sz002565,顺灏股份,2025-09-25 14:42:57,7.23,35100,7.23,U
sz002565,顺灏股份,2025-09-25 14:43:12,7.23,52200,7.23,U
sz002565,顺灏股份,2025-09-25 14:44:30,7.24,26800,7.24,U
sz002565,顺灏股份,2025-09-25 14:46:09,7.25,56900,7.24,U
sz002565,顺灏股份,2025-09-25 14:47:27,7.23,228700,7.24,D
sz002565,顺灏股份,2025-09-25 14:47:30,7.23,21800,7.23,U
sz002565,顺灏股份,2025-09-25 14:47:45,7.22,30700,7.23,D
sz002565,顺灏股份,2025-09-25 14:48:30,7.22,94500,7.22,D
sz002565,顺灏股份,2025-09-25 14:48:33,7.23,50000,7.22,U
sz002565,顺灏股份,2025-09-25 14:48:48,7.23,22500,7.23,U
sz002565,顺灏股份,2025-09-25 14:50:36,7.22,37900,7.23,D
sz002565,顺灏股份,2025-09-25 14:50:54,7.22,53900,7.22,D
sz002565,顺灏股份,2025-09-25 14:51:03,7.23,46900,7.22,U
sz002565,顺灏股份,2025-09-25 14:51:24,7.22,56100,7.22,U
sz002565,顺灏股份,2025-09-25 14:53:03,7.23,66400,7.21,U
sz002565,顺灏股份,2025-09-25 14:53:18,7.22,32000,7.23,D
sz002565,顺灏股份,2025-09-25 14:53:48,7.22,37400,7.22,D
sz002565,顺灏股份,2025-09-25 14:53:51,7.23,36800,7.22,U
sz002565,顺灏股份,2025-09-25 14:54:18,7.22,23200,7.23,D
sz002565,顺灏股份,2025-09-25 14:55:00,7.23,29100,7.22,U
sz002565,顺灏股份,2025-09-25 14:55:15,7.23,40000,7.22,U
sz002565,顺灏股份,2025-09-25 14:55:48,7.23,20200,7.22,U
sz002565,顺灏股份,2025-09-25 14:56:54,7.23,29400,7.23,U
sz002565,顺灏股份,2025-09-25 14:57:00,7.22,20300,7.22,U
sz002565,顺灏股份,2025-09-25 15:00:00,7.22,203500,7.22,E
