symbol,name,ticktime,price,volume,prev_price,kind
sz002565,顺灏股份,2025-09-18 09:25:00,7.2,43900,0.0,D
sz002565,顺灏股份,2025-09-18 09:30:00,7.15,142600,7.2,D
sz002565,顺灏股份,2025-09-18 09:30:03,7.2,494300,7.15,U
sz002565,顺灏股份,2025-09-18 09:30:06,7.21,46400,7.2,E
sz002565,顺灏股份,2025-09-18 09:30:15,7.18,61800,7.22,D
sz002565,顺灏股份,2025-09-18 09:30:51,7.2,21500,7.21,D
sz002565,顺灏股份,2025-09-18 09:31:06,7.19,50800,7.2,D
sz002565,顺灏股份,2025-09-18 09:31:15,7.18,20600,7.19,D
sz002565,顺灏股份,2025-09-18 09:31:18,7.22,218400,7.18,U
sz002565,顺灏股份,2025-09-18 09:31:27,7.21,72500,7.21,D
sz002565,顺灏股份,2025-09-18 09:31:36,7.21,34800,7.21,U
sz002565,顺灏股份,2025-09-18 09:31:54,7.2,53300,7.2,D
sz002565,顺灏股份,2025-09-18 09:32:06,7.2,23400,7.2,D
sz002565,顺灏股份,2025-09-18 09:32:24,7.2,23500,7.2,D
sz002565,顺灏股份,2025-09-18 09:32:27,7.19,80000,7.2,D
sz002565,顺灏股份,2025-09-18 09:32:36,7.19,39500,7.19,D
sz002565,顺灏股份,2025-09-18 09:33:30,7.18,29000,7.18,D
sz002565,顺灏股份,2025-09-18 09:33:39,7.19,29500,7.19,D
sz002565,顺灏股份,2025-09-18 09:33:48,7.19,221300,7.18,U
sz002565,顺灏股份,2025-09-18 09:33:51,7.21,151600,7.19,U
sz002565,顺灏股份,2025-09-18 09:34:00,7.22,28300,7.22,U
sz002565,顺灏股份,2025-09-18 09:34:21,7.24,115600,7.22,U
sz002565,顺灏股份,2025-09-18 09:34:24,7.25,51400,7.24,U
sz002565,顺灏股份,2025-09-18 09:34:45,7.24,21600,7.26,D
sz002565,顺灏股份,2025-09-18 09:34:54,7.24,26800,7.25,D
sz002565,顺灏股份,2025-09-18 09:34:57,7.24,30300,7.24,U
sz002565,顺灏股份,2025-09-18 09:35:03,7.24,63000,7.24,U
sz002565,顺灏股份,2025-09-18 09:35:21,7.21,20800,7.21,U
sz002565,顺灏股份,2025-09-18 09:35:24,7.21,20300,7.21,U
sz002565,顺灏股份,2025-09-18 09:35:27,7.2,43500,7.21,D
sz002565,顺灏股份,2025-09-18 09:35:48,7.21,60300,7.21,D
sz002565,顺灏股份,2025-09-18 09:36:09,7.2,71200,7.2,D
sz002565,顺灏股份,2025-09-18 09:36:12,7.2,36600,7.2,D
sz002565,顺灏股份,2025-09-18 09:36:15,7.19,27000,7.2,D
sz002565,顺灏股份,2025-09-18 09:36:21,7.19,58950,7.2,D
sz002565,顺灏股份,2025-09-18 09:36:27,7.19,20700,7.19,D
sz002565,顺灏股份,2025-09-18 09:36:45,7.18,30000,7.18,D
sz002565,顺灏股份,2025-09-18 09:36:51,7.19,369200,7.18,U
sz002565,顺灏股份,2025-09-18 09:37:15,7.19,49900,7.19,D
sz002565,顺灏股份,2025-09-18 09:37:27,7.17,29200,7.18,D
sz002565,顺灏股份,2025-09-18 09:37:45,7.18,25300,7.18,U
sz002565,顺灏股份,2025-09-18 09:37:54,7.18,22200,7.17,U
sz002565,顺灏股份,2025-09-18 09:38:06,7.18,73000,7.18,U
sz002565,顺灏股份,2025-09-18 09:38:09,7.17,466500,7.18,D
sz002565,顺灏股份,2025-09-18 09:38:12,7.16,20000,7.17,D
sz002565,顺灏股份,2025-09-18 09:39:00,7.18,21100,7.17,U
sz002565,顺灏股份,2025-09-18 09:39:33,7.19,42400,7.18,U
sz002565,顺灏股份,2025-09-18 09:39:54,7.19,32800,7.19,D
sz002565,顺灏股份,2025-09-18 09:40:45,7.2,33400,7.2,U
sz002565,顺灏股份,2025-09-18 09:40:51,7.19,29300,7.2,D
sz002565,顺灏股份,2025-09-18 09:41:00,7.2,58000,7.2,U
sz002565,顺灏股份,2025-09-18 09:41:24,7.2,55100,7.21,D
sz002565,顺灏股份,2025-09-18 09:42:00,7.2,38200,7.2,D
sz002565,顺灏股份,2025-09-18 09:42:51,7.21,484400,7.21,U
sz002565,顺灏股份,2025-09-18 09:43:24,7.2,25900,7.2,D
sz002565,顺灏股份,2025-09-18 09:44:39,7.19,254200,7.2,D
sz002565,顺灏股份,2025-09-18 09:45:06,7.18,32300,7.18,D
sz002565,顺灏股份,2025-09-18 09:45:54,7.17,20000,7.18,D
sz002565,顺灏股份,2025-09-18 09:46:03,7.17,35900,7.17,D
sz002565,顺灏股份,2025-09-18 09:46:06,7.17,96500,7.17,D
sz002565,顺灏股份,2025-09-18 09:46:57,7.18,29900,7.17,U
sz002565,顺灏股份,2025-09-18 09:47:06,7.17,42500,7.17,D
sz002565,顺灏股份,2025-09-18 09:47:12,7.18,45800,7.17,U
sz002565,顺灏股份,2025-09-18 09:47:36,7.17,35600,7.17,D
sz002565,顺灏股份,2025-09-18 09:47:54,7.16,48000,7.16,D
sz002565,顺灏股份,2025-09-18 09:48:24,7.15,30800,7.15,D
sz002565,顺灏股份,2025-09-18 09:48:27,7.15,37000,7.15,D
sz002565,顺灏股份,2025-09-18 09:48:30,7.15,215600,7.15,D
sz002565,顺灏股份,2025-09-18 09:48:33,7.15,31000,7.15,U
sz002565,顺灏股份,2025-09-18 09:49:03,7.17,70800,7.15,U
sz002565,顺灏股份,2025-09-18 09:49:54,7.17,29650,7.16,U
sz002565,顺灏股份,2025-09-18 09:50:42,7.17,124650,7.17,D
sz002565,顺灏股份,2025-09-18 09:50:48,7.17,26700,7.17,U
sz002565,顺灏股份,2025-09-18 09:51:12,7.16,100100,7.16,D
sz002565,顺灏股份,2025-09-18 09:51:21,7.16,102300,7.16,D
sz002565,顺灏股份,2025-09-18 09:51:33,7.14,118400,7.16,D
sz002565,顺灏股份,2025-09-18 09:51:45,7.16,73700,7.17,D
sz002565,顺灏股份,2025-09-18 09:51:51,7.17,83500,7.16,U
sz002565,顺灏股份,2025-09-18 09:52:57,7.16,125500,7.16,D
sz002565,顺灏股份,2025-09-18 09:53:09,7.16,20600,7.16,U
sz002565,顺灏股份,2025-09-18 09:53:12,7.14,50100,7.16,D
sz002565,顺灏股份,2025-09-18 09:53:21,7.15,102200,7.15,D
sz002565,顺灏股份,2025-09-18 09:53:30,7.15,438900,7.15,D
sz002565,顺灏股份,2025-09-18 09:53:33,7.15,20400,7.15,U
sz002565,顺灏股份,2025-09-18 09:53:36,7.15,102900,7.15,D
sz002565,顺灏股份,2025-09-18 09:53:39,7.15,21500,7.15,D
sz002565,顺灏股份,2025-09-18 09:53:51,7.14,109900,7.15,D
sz002565,顺灏股份,2025-09-18 09:53:57,7.14,36800,7.15,D
sz002565,顺灏股份,2025-09-18 09:54:09,7.13,47600,7.14,D
sz002565,顺灏股份,2025-09-18 09:54:24,7.13,105500,7.13,D
sz002565,顺灏股份,2025-09-18 09:54:33,7.13,253900,7.14,D
sz002565,顺灏股份,2025-09-18 09:55:03,7.14,30000,7.13,U
sz002565,顺灏股份,2025-09-18 09:55:06,7.15,53500,7.14,U
sz002565,顺灏股份,2025-09-18 09:55:09,7.14,90500,7.15,D
sz002565,顺灏股份,2025-09-18 09:55:21,7.14,141700,7.14,D
sz002565,顺灏股份,2025-09-18 09:55:36,7.16,112000,7.15,U
sz002565,顺灏股份,2025-09-18 09:56:15,7.15,518500,7.15,D
sz002565,顺灏股份,2025-09-18 09:57:00,7.14,37300,7.14,D
sz002565,顺灏股份,2025-09-18 09:57:12,7.14,20700,7.14,U
sz002565,顺灏股份,2025-09-18 09:57:51,7.13,109100,7.13,D
sz002565,顺灏股份,2025-09-18 09:58:00,7.13,99800,7.13,D
sz002565,顺灏股份,2025-09-18 09:58:15,7.15,175000,7.14,U
sz002565,顺灏股份,2025-09-18 09:58:24,7.16,31400,7.15,U
sz002565,顺灏股份,2025-09-18 10:00:00,7.17,31600,7.16,U
sz002565,顺灏股份,2025-09-18 10:00:03,7.18,57900,7.17,U
sz002565,顺灏股份,2025-09-18 10:00:21,7.18,51500,7.17,U
sz002565,顺灏股份,2025-09-18 10:00:57,7.17,31300,7.17,D
sz002565,顺灏股份,2025-09-18 10:01:27,7.18,80800,7.17,U
sz002565,顺灏股份,2025-09-18 10:01:30,7.18,70300,7.18,U
sz002565,顺灏股份,2025-09-18 10:01:45,7.17,29700,7.18,D
sz002565,顺灏股份,2025-09-18 10:02:48,7.19,21900,7.18,U
sz002565,顺灏股份,2025-09-18 10:02:54,7.19,62300,7.19,U
sz002565,顺灏股份,2025-09-18 10:03:03,7.21,78700,7.2,U
sz002565,顺灏股份,2025-09-18 10:03:09,7.21,41600,7.21,U
sz002565,顺灏股份,2025-09-18 10:03:12,7.22,48200,7.21,U
sz002565,顺灏股份,2025-09-18 10:03:15,7.21,113800,7.22,D
sz002565,顺灏股份,2025-09-18 10:03:33,7.22,99700,7.21,U
sz002565,顺灏股份,2025-09-18 10:03:36,7.22,20500,7.22,D
sz002565,顺灏股份,2025-09-18 10:03:39,7.23,28500,7.22,U
sz002565,顺灏股份,2025-09-18 10:03:42,7.23,50400,7.23,D
sz002565,顺灏股份,2025-09-18 10:04:00,7.21,159200,7.23,D
sz002565,顺灏股份,2025-09-18 10:04:33,7.22,83000,7.22,D
sz002565,顺灏股份,2025-09-18 10:04:48,7.23,38400,7.23,D
sz002565,顺灏股份,2025-09-18 10:05:00,7.24,101300,7.22,U
sz002565,顺灏股份,2025-09-18 10:05:03,7.24,63600,7.24,U
sz002565,顺灏股份,2025-09-18 10:05:15,7.24,153100,7.24,D
sz002565,顺灏股份,2025-09-18 10:05:39,7.24,21300,7.24,D
sz002565,顺灏股份,2025-09-18 10:05:42,7.24,63200,7.24,D
sz002565,顺灏股份,2025-09-18 10:06:00,7.24,388100,7.24,U
sz002565,顺灏股份,2025-09-18 10:06:21,7.27,578300,7.24,U
sz002565,顺灏股份,2025-09-18 10:06:24,7.26,24700,7.27,D
sz002565,顺灏股份,2025-09-18 10:07:15,7.26,21400,7.25,U
sz002565,顺灏股份,2025-09-18 10:07:18,7.26,20600,7.26,U
sz002565,顺灏股份,2025-09-18 10:07:39,7.27,21000,7.26,U
sz002565,顺灏股份,2025-09-18 10:07:48,7.27,40300,7.27,U
sz002565,顺灏股份,2025-09-18 10:08:24,7.26,42800,7.26,D
sz002565,顺灏股份,2025-09-18 10:08:39,7.27,106000,7.26,U
sz002565,顺灏股份,2025-09-18 10:08:42,7.27,26100,7.27,D
sz002565,顺灏股份,2025-09-18 10:08:48,7.27,35500,7.27,D
sz002565,顺灏股份,2025-09-18 10:08:51,7.28,375100,7.27,U
sz002565,顺灏股份,2025-09-18 10:09:00,7.29,27000,7.29,U
sz002565,顺灏股份,2025-09-18 10:09:03,7.28,29100,7.29,D
sz002565,顺灏股份,2025-09-18 10:09:12,7.29,38000,7.29,U
sz002565,顺灏股份,2025-09-18 10:09:21,7.3,22000,7.29,U
sz002565,顺灏股份,2025-09-18 10:09:27,7.3,74000,7.3,U
sz002565,顺灏股份,2025-09-18 10:09:30,7.29,156500,7.3,D
sz002565,顺灏股份,2025-09-18 10:09:48,7.29,129600,7.3,D
sz002565,顺灏股份,2025-09-18 10:09:51,7.29,21300,7.29,U
sz002565,顺灏股份,2025-09-18 10:10:00,7.28,64400,7.28,D
sz002565,顺灏股份,2025-09-18 10:10:09,7.27,146600,7.28,D
sz002565,顺灏股份,2025-09-18 10:10:24,7.26,24203,7.26,D
sz002565,顺灏股份,2025-09-18 10:10:33,7.25,20600,7.25,D
sz002565,顺灏股份,2025-09-18 10:11:42,7.25,23500,7.25,D
sz002565,顺灏股份,2025-09-18 10:12:18,7.25,36100,7.24,U
sz002565,顺灏股份,2025-09-18 10:12:21,7.25,198700,7.25,U
sz002565,顺灏股份,2025-09-18 10:12:42,7.24,65600,7.24,D
sz002565,顺灏股份,2025-09-18 10:12:45,7.25,29300,7.24,U
sz002565,顺灏股份,2025-09-18 10:13:09,7.25,21500,7.24,U
sz002565,顺灏股份,2025-09-18 10:14:00,7.24,93400,7.25,D
sz002565,顺灏股份,2025-09-18 10:14:09,7.25,114900,7.25,U
sz002565,顺灏股份,2025-09-18 10:14:54,7.25,91800,7.26,D
sz002565,顺灏股份,2025-09-18 10:15:06,7.25,45100,7.25,U
sz002565,顺灏股份,2025-09-18 10:15:18,7.24,50000,7.25,D
sz002565,顺灏股份,2025-09-18 10:15:33,7.24,34040,7.24,D
sz002565,顺灏股份,2025-09-18 10:15:39,7.24,138760,7.24,D
sz002565,顺灏股份,2025-09-18 10:16:06,7.23,54000,7.23,D
sz002565,顺灏股份,2025-09-18 10:16:27,7.23,24200,7.23,D
sz002565,顺灏股份,2025-09-18 10:17:06,7.24,30500,7.23,U
sz002565,顺灏股份,2025-09-18 10:17:54,7.23,22000,7.24,D
sz002565,顺灏股份,2025-09-18 10:19:15,7.23,53900,7.23,D
sz002565,顺灏股份,2025-09-18 10:21:03,7.24,29300,7.24,U
sz002565,顺灏股份,2025-09-18 10:22:09,7.25,47000,7.25,U
sz002565,顺灏股份,2025-09-18 10:22:18,7.24,43000,7.25,D
sz002565,顺灏股份,2025-09-18 10:22:39,7.24,70600,7.25,D
sz002565,顺灏股份,2025-09-18 10:22:48,7.24,71100,7.24,U
sz002565,顺灏股份,2025-09-18 10:25:18,7.25,194300,7.24,U
sz002565,顺灏股份,2025-09-18 10:27:00,7.23,55000,7.24,D
sz002565,顺灏股份,2025-09-18 10:27:33,7.23,25200,7.24,D
sz002565,顺灏股份,2025-09-18 10:27:42,7.23,24600,7.23,D
sz002565,顺灏股份,2025-09-18 10:29:21,7.24,21300,7.24,U
sz002565,顺灏股份,2025-09-18 10:29:45,7.24,32200,7.24,U
sz002565,顺灏股份,2025-09-18 10:29:51,7.24,23000,7.24,U
sz002565,顺灏股份,2025-09-18 10:31:51,7.25,22400,7.25,U
sz002565,顺灏股份,2025-09-18 10:32:03,7.24,30900,7.25,D
sz002565,顺灏股份,2025-09-18 10:33:09,7.23,47300,7.24,D
sz002565,顺灏股份,2025-09-18 10:33:39,7.22,49300,7.23,D
sz002565,顺灏股份,2025-09-18 10:34:45,7.22,157000,7.22,D
sz002565,顺灏股份,2025-09-18 10:35:15,7.23,30600,7.23,U
sz002565,顺灏股份,2025-09-18 10:36:00,7.23,70300,7.22,U
sz002565,顺灏股份,2025-09-18 10:36:15,7.22,21400,7.22,U
sz002565,顺灏股份,2025-09-18 10:37:48,7.21,112800,7.22,D
sz002565,顺灏股份,2025-09-18 10:37:51,7.21,100500,7.21,D
sz002565,顺灏股份,2025-09-18 10:38:03,7.21,31000,7.21,D
sz002565,顺灏股份,2025-09-18 10:38:42,7.23,132500,7.22,U
sz002565,顺灏股份,2025-09-18 10:39:06,7.24,109100,7.23,U
sz002565,顺灏股份,2025-09-18 10:39:48,7.22,20600,7.22,D
sz002565,顺灏股份,2025-09-18 10:40:03,7.22,51700,7.23,D
sz002565,顺灏股份,2025-09-18 10:40:18,7.23,28500,7.23,U
sz002565,顺灏股份,2025-09-18 10:43:09,7.23,47300,7.23,D
sz002565,顺灏股份,2025-09-18 10:43:30,7.22,45200,7.22,D
sz002565,顺灏股份,2025-09-18 10:46:39,7.22,41400,7.22,D
sz002565,顺灏股份,2025-09-18 10:47:15,7.23,20000,7.22,U
sz002565,顺灏股份,2025-09-18 10:49:39,7.23,97600,7.23,U
sz002565,顺灏股份,2025-09-18 10:51:06,7.22,33300,7.22,D
sz002565,顺灏股份,2025-09-18 10:53:00,7.24,20500,7.24,U
sz002565,顺灏股份,2025-09-18 10:53:21,7.24,21700,7.24,U
sz002565,顺灏股份,2025-09-18 10:54:39,7.24,20100,7.24,U
sz002565,顺灏股份,2025-09-18 10:55:12,7.23,87300,7.24,D
sz002565,顺灏股份,2025-09-18 10:56:15,7.23,22800,7.23,D
sz002565,顺灏股份,2025-09-18 10:57:48,7.22,51300,7.22,D
sz002565,顺灏股份,2025-09-18 10:58:06,7.22,42400,7.23,D
sz002565,顺灏股份,2025-09-18 10:58:15,7.22,25400,7.22,U
sz002565,顺灏股份,2025-09-18 10:59:09,7.23,23800,7.21,U
sz002565,顺灏股份,2025-09-18 10:59:18,7.23,70350,7.23,D
sz002565,顺灏股份,2025-09-18 11:00:54,7.23,301000,7.24,D
sz002565,顺灏股份,2025-09-18 11:01:09,7.22,20800,7.23,D
sz002565,顺灏股份,2025-09-18 11:02:21,7.22,300500,7.24,D
sz002565,顺灏股份,2025-09-18 11:03:42,7.21,27400,7.21,D
sz002565,顺灏股份,2025-09-18 11:03:51,7.21,81900,7.22,D
sz002565,顺灏股份,2025-09-18 11:05:06,7.21,23200,7.21,U
sz002565,顺灏股份,2025-09-18 11:05:48,7.2,40100,7.21,D
sz002565,顺灏股份,2025-09-18 11:06:15,7.21,20000,7.21,U
sz002565,顺灏股份,2025-09-18 11:07:15,7.21,59800,7.21,U
sz002565,顺灏股份,2025-09-18 11:09:00,7.2,35600,7.2,U
sz002565,顺灏股份,2025-09-18 11:09:18,7.19,50100,7.2,D
sz002565,顺灏股份,2025-09-18 11:13:03,7.21,65500,7.21,U
sz002565,顺灏股份,2025-09-18 11:16:39,7.2,54200,7.2,D
sz002565,顺灏股份,2025-09-18 11:16:51,7.2,22600,7.2,U
sz002565,顺灏股份,2025-09-18 11:17:06,7.2,70300,7.2,U
sz002565,顺灏股份,2025-09-18 11:17:12,7.2,28600,7.2,U
sz002565,顺灏股份,2025-09-18 11:17:42,7.2,31100,7.2,D
sz002565,顺灏股份,2025-09-18 11:17:51,7.19,43000,7.2,D
sz002565,顺灏股份,2025-09-18 11:18:06,7.19,50400,7.19,U
sz002565,顺灏股份,2025-09-18 11:18:57,7.18,43950,7.18,D
sz002565,顺灏股份,2025-09-18 11:19:00,7.18,29200,7.18,U
sz002565,顺灏股份,2025-09-18 11:19:15,7.17,50000,7.18,D
sz002565,顺灏股份,2025-09-18 11:19:39,7.18,410900,7.17,U
sz002565,顺灏股份,2025-09-18 11:20:03,7.17,268800,7.18,D
sz002565,顺灏股份,2025-09-18 11:21:15,7.18,38900,7.18,U
sz002565,顺灏股份,2025-09-18 11:21:18,7.18,38100,7.18,U
sz002565,顺灏股份,2025-09-18 11:21:27,7.18,81700,7.17,U
sz002565,顺灏股份,2025-09-18 11:21:57,7.18,21300,7.18,U
sz002565,顺灏股份,2025-09-18 11:22:27,7.17,48400,7.18,D
sz002565,顺灏股份,2025-09-18 11:23:09,7.16,76800,7.16,D
sz002565,顺灏股份,2025-09-18 11:23:12,7.17,28500,7.16,U
sz002565,顺灏股份,2025-09-18 11:23:21,7.17,58500,7.17,U
sz002565,顺灏股份,2025-09-18 11:23:27,7.17,35900,7.16,U
sz002565,顺灏股份,2025-09-18 11:24:39,7.18,30050,7.18,U
sz002565,顺灏股份,2025-09-18 11:29:06,7.19,23400,7.19,D
sz002565,顺灏股份,2025-09-18 11:29:09,7.21,57900,7.19,U
sz002565,顺灏股份,2025-09-18 11:29:42,7.2,25300,7.2,D
sz002565,顺灏股份,2025-09-18 11:29:54,7.2,38100,7.2,D
sz002565,顺灏股份,2025-09-18 13:00:03,7.18,113950,7.2,D
sz002565,顺灏股份,2025-09-18 13:00:06,7.2,33250,7.18,U
sz002565,顺灏股份,2025-09-18 13:00:15,7.21,28600,7.2,U
sz002565,顺灏股份,2025-09-18 13:00:33,7.22,32900,7.22,D
sz002565,顺灏股份,2025-09-18 13:00:42,7.22,46400,7.23,D
sz002565,顺灏股份,2025-09-18 13:01:39,7.21,54900,7.22,D
sz002565,顺灏股份,2025-09-18 13:02:09,7.2,200400,7.2,D
sz002565,顺灏股份,2025-09-18 13:02:33,7.2,22600,7.21,D
sz002565,顺灏股份,2025-09-18 13:03:12,7.19,108400,7.2,D
sz002565,顺灏股份,2025-09-18 13:04:30,7.18,42200,7.19,D
sz002565,顺灏股份,2025-09-18 13:05:36,7.18,96100,7.18,D
sz002565,顺灏股份,2025-09-18 13:07:27,7.18,28300,7.17,U
sz002565,顺灏股份,2025-09-18 13:07:30,7.18,57800,7.18,U
sz002565,顺灏股份,2025-09-18 13:07:36,7.15,533000,7.18,D
sz002565,顺灏股份,2025-09-18 13:08:06,7.16,166300,7.16,D
sz002565,顺灏股份,2025-09-18 13:09:21,7.16,39800,7.17,D
sz002565,顺灏股份,2025-09-18 13:09:30,7.16,24300,7.16,U
sz002565,顺灏股份,2025-09-18 13:09:33,7.16,26500,7.16,U
sz002565,顺灏股份,2025-09-18 13:10:03,7.16,73800,7.16,U
sz002565,顺灏股份,2025-09-18 13:10:12,7.16,21000,7.16,D
sz002565,顺灏股份,2025-09-18 13:10:54,7.15,20000,7.16,D
sz002565,顺灏股份,2025-09-18 13:11:36,7.16,78900,7.17,D
sz002565,顺灏股份,2025-09-18 13:12:06,7.16,251900,7.16,U
sz002565,顺灏股份,2025-09-18 13:13:12,7.15,20000,7.16,D
sz002565,顺灏股份,2025-09-18 13:13:48,7.15,76500,7.16,D
sz002565,顺灏股份,2025-09-18 13:14:27,7.15,30200,7.16,D
sz002565,顺灏股份,2025-09-18 13:14:48,7.17,171000,7.15,U
sz002565,顺灏股份,2025-09-18 13:16:09,7.17,89900,7.18,D
sz002565,顺灏股份,2025-09-18 13:17:39,7.17,27500,7.17,D
sz002565,顺灏股份,2025-09-18 13:19:24,7.16,140100,7.16,D
sz002565,顺灏股份,2025-09-18 13:19:39,7.16,64200,7.17,D
sz002565,顺灏股份,2025-09-18 13:20:54,7.15,140400,7.15,D
sz002565,顺灏股份,2025-09-18 13:21:00,7.15,20022,7.16,D
sz002565,顺灏股份,2025-09-18 13:21:03,7.15,61528,7.15,D
sz002565,顺灏股份,2025-09-18 13:21:18,7.15,105900,7.14,U
sz002565,顺灏股份,2025-09-18 13:21:21,7.14,22200,7.15,D
sz002565,顺灏股份,2025-09-18 13:21:33,7.14,100000,7.15,D
sz002565,顺灏股份,2025-09-18 13:21:45,7.13,100000,7.15,D
sz002565,顺灏股份,2025-09-18 13:22:21,7.12,250000,7.14,D
sz002565,顺灏股份,2025-09-18 13:22:27,7.14,23800,7.13,U
sz002565,顺灏股份,2025-09-18 13:23:06,7.13,89400,7.13,D
sz002565,顺灏股份,2025-09-18 13:23:15,7.13,58700,7.13,D
sz002565,顺灏股份,2025-09-18 13:23:18,7.13,33100,7.13,U
sz002565,顺灏股份,2025-09-18 13:23:51,7.13,512000,7.13,D
sz002565,顺灏股份,2025-09-18 13:24:51,7.12,22300,7.13,D
sz002565,顺灏股份,2025-09-18 13:26:00,7.11,23950,7.12,D
sz002565,顺灏股份,2025-09-18 13:26:03,7.11,25800,7.11,D
sz002565,顺灏股份,2025-09-18 13:27:57,7.11,21400,7.11,D
sz002565,顺灏股份,2025-09-18 13:29:06,7.11,80100,7.11,D
sz002565,顺灏股份,2025-09-18 13:29:09,7.1,82000,7.11,D
sz002565,顺灏股份,2025-09-18 13:29:15,7.12,141000,7.11,U
sz002565,顺灏股份,2025-09-18 13:31:30,7.13,36000,7.13,U
sz002565,顺灏股份,2025-09-18 13:32:03,7.13,51400,7.13,D
sz002565,顺灏股份,2025-09-18 13:32:12,7.13,119300,7.13,U
sz002565,顺灏股份,2025-09-18 13:32:42,7.12,20000,7.12,D
sz002565,顺灏股份,2025-09-18 13:32:45,7.12,23000,7.12,D
sz002565,顺灏股份,2025-09-18 13:33:06,7.12,102400,7.13,D
sz002565,顺灏股份,2025-09-18 13:34:03,7.11,82000,7.11,D
sz002565,顺灏股份,2025-09-18 13:34:21,7.11,65800,7.11,D
sz002565,顺灏股份,2025-09-18 13:34:33,7.12,23200,7.11,U
sz002565,顺灏股份,2025-09-18 13:34:36,7.12,33300,7.12,U
sz002565,顺灏股份,2025-09-18 13:34:57,7.12,21800,7.12,U
sz002565,顺灏股份,2025-09-18 13:35:12,7.12,265000,7.12,U
sz002565,顺灏股份,2025-09-18 13:35:21,7.13,22600,7.13,D
sz002565,顺灏股份,2025-09-18 13:36:21,7.13,20600,7.14,D
sz002565,顺灏股份,2025-09-18 13:36:39,7.14,34200,7.14,U
sz002565,顺灏股份,2025-09-18 13:36:51,7.14,49200,7.14,U
sz002565,顺灏股份,2025-09-18 13:38:00,7.13,96600,7.13,D
sz002565,顺灏股份,2025-09-18 13:38:33,7.11,184700,7.13,D
sz002565,顺灏股份,2025-09-18 13:39:57,7.12,22400,7.12,U
sz002565,顺灏股份,2025-09-18 13:40:27,7.12,120600,7.12,U
sz002565,顺灏股份,2025-09-18 13:40:45,7.11,61200,7.12,D
sz002565,顺灏股份,2025-09-18 13:41:09,7.12,22400,7.12,U
sz002565,顺灏股份,2025-09-18 13:41:30,7.11,46000,7.11,D
sz002565,顺灏股份,2025-09-18 13:41:48,7.1,153200,7.11,D
sz002565,顺灏股份,2025-09-18 13:43:21,7.11,36400,7.11,D
sz002565,顺灏股份,2025-09-18 13:44:06,7.11,31100,7.11,D
sz002565,顺灏股份,2025-09-18 13:44:42,7.1,192000,7.1,D
sz002565,顺灏股份,2025-09-18 13:45:15,7.09,81900,7.1,D
sz002565,顺灏股份,2025-09-18 13:45:36,7.1,225600,7.09,U
sz002565,顺灏股份,2025-09-18 13:45:45,7.1,20000,7.1,U
sz002565,顺灏股份,2025-09-18 13:46:06,7.09,125100,7.08,U
sz002565,顺灏股份,2025-09-18 13:46:42,7.09,70200,7.09,U
sz002565,顺灏股份,2025-09-18 13:46:45,7.09,30300,7.09,U
sz002565,顺灏股份,2025-09-18 13:46:54,7.08,64700,7.09,D
sz002565,顺灏股份,2025-09-18 13:47:18,7.07,138000,7.08,D
sz002565,顺灏股份,2025-09-18 13:47:39,7.07,195300,7.07,D
sz002565,顺灏股份,2025-09-18 13:47:48,7.07,29100,7.08,D
sz002565,顺灏股份,2025-09-18 13:47:54,7.07,30100,7.07,D
sz002565,顺灏股份,2025-09-18 13:48:00,7.07,22800,7.07,D
sz002565,顺灏股份,2025-09-18 13:48:12,7.07,261800,7.08,D
sz002565,顺灏股份,2025-09-18 13:49:33,7.09,101100,7.09,D
sz002565,顺灏股份,2025-09-18 13:50:42,7.09,28100,7.09,D
sz002565,顺灏股份,2025-09-18 13:53:15,7.09,189700,7.09,D
sz002565,顺灏股份,2025-09-18 13:53:42,7.08,52600,7.09,D
sz002565,顺灏股份,2025-09-18 13:54:03,7.08,70000,7.09,D
sz002565,顺灏股份,2025-09-18 13:54:54,7.06,52400,7.08,D
sz002565,顺灏股份,2025-09-18 13:55:00,7.06,30000,7.08,D
sz002565,顺灏股份,2025-09-18 13:55:03,7.05,50000,7.06,D
sz002565,顺灏股份,2025-09-18 13:55:15,7.05,50000,7.07,D
sz002565,顺灏股份,2025-09-18 13:55:27,7.07,51300,7.06,U
sz002565,顺灏股份,2025-09-18 13:55:42,7.07,53500,7.06,U
sz002565,顺灏股份,2025-09-18 13:55:57,7.06,50700,7.07,D
sz002565,顺灏股份,2025-09-18 13:56:15,7.05,54100,7.06,D
sz002565,顺灏股份,2025-09-18 13:56:24,7.06,21100,7.07,D
sz002565,顺灏股份,2025-09-18 13:56:30,7.06,53400,7.06,D
sz002565,顺灏股份,2025-09-18 13:56:39,7.07,30000,7.06,U
sz002565,顺灏股份,2025-09-18 13:56:42,7.06,52700,7.07,D
sz002565,顺灏股份,2025-09-18 13:57:09,7.04,50000,7.06,D
sz002565,顺灏股份,2025-09-18 13:57:21,7.04,50000,7.05,D
sz002565,顺灏股份,2025-09-18 13:57:39,7.06,21200,7.06,U
sz002565,顺灏股份,2025-09-18 13:58:00,7.05,29800,7.05,D
sz002565,顺灏股份,2025-09-18 13:59:12,7.05,41900,7.06,D
sz002565,顺灏股份,2025-09-18 13:59:45,7.04,50800,7.05,D
sz002565,顺灏股份,2025-09-18 14:01:03,7.04,121000,7.04,D
sz002565,顺灏股份,2025-09-18 14:02:15,7.05,80750,7.04,U
sz002565,顺灏股份,2025-09-18 14:02:30,7.05,23000,7.06,D
sz002565,顺灏股份,2025-09-18 14:02:54,7.03,100200,7.05,D
sz002565,顺灏股份,2025-09-18 14:03:39,7.05,105000,7.05,U
sz002565,顺灏股份,2025-09-18 14:03:48,7.05,116700,7.04,U
sz002565,顺灏股份,2025-09-18 14:03:51,7.05,112200,7.05,U
sz002565,顺灏股份,2025-09-18 14:04:03,7.03,101800,7.04,D
sz002565,顺灏股份,2025-09-18 14:04:06,7.04,23800,7.03,U
sz002565,顺灏股份,2025-09-18 14:04:30,7.02,24000,7.02,D
sz002565,顺灏股份,2025-09-18 14:04:36,7.03,103300,7.02,U
sz002565,顺灏股份,2025-09-18 14:04:48,7.01,143100,7.02,D
sz002565,顺灏股份,2025-09-18 14:04:51,7.01,45000,7.01,E
sz002565,顺灏股份,2025-09-18 14:05:06,7.01,105200,7.01,D
sz002565,顺灏股份,2025-09-18 14:05:15,7.01,20900,7.01,D
sz002565,顺灏股份,2025-09-18 14:05:18,7.0,174300,7.01,D
sz002565,顺灏股份,2025-09-18 14:05:24,7.0,69800,7.0,D
sz002565,顺灏股份,2025-09-18 14:05:30,7.0,104500,7.0,D
sz002565,顺灏股份,2025-09-18 14:05:39,7.0,42000,7.0,U
sz002565,顺灏股份,2025-09-18 14:05:42,7.0,31300,7.0,U
sz002565,顺灏股份,2025-09-18 14:06:39,6.99,42100,6.99,D
sz002565,顺灏股份,2025-09-18 14:06:57,6.98,33500,6.98,D
sz002565,顺灏股份,2025-09-18 14:07:03,6.98,101300,6.99,D
sz002565,顺灏股份,2025-09-18 14:07:27,6.98,42900,6.98,D
sz002565,顺灏股份,2025-09-18 14:07:30,6.99,50000,6.98,U
sz002565,顺灏股份,2025-09-18 14:07:36,6.99,22000,6.99,U
sz002565,顺灏股份,2025-09-18 14:07:51,6.98,22000,6.98,D
sz002565,顺灏股份,2025-09-18 14:08:03,6.98,156200,6.98,D
sz002565,顺灏股份,2025-09-18 14:08:48,6.99,79300,6.99,U
sz002565,顺灏股份,2025-09-18 14:10:39,6.99,159200,6.99,D
sz002565,顺灏股份,2025-09-18 14:11:00,6.98,70200,6.99,D
sz002565,顺灏股份,2025-09-18 14:11:27,6.98,22900,6.99,D
sz002565,顺灏股份,2025-09-18 14:11:33,6.98,44400,6.98,D
sz002565,顺灏股份,2025-09-18 14:11:36,6.98,29700,6.98,D
sz002565,顺灏股份,2025-09-18 14:12:03,6.97,48200,6.97,D
sz002565,顺灏股份,2025-09-18 14:12:12,6.97,347500,6.96,U
sz002565,顺灏股份,2025-09-18 14:12:15,6.96,24600,6.97,D
sz002565,顺灏股份,2025-09-18 14:12:27,6.95,35400,6.95,D
sz002565,顺灏股份,2025-09-18 14:12:36,6.96,22800,6.95,U
sz002565,顺灏股份,2025-09-18 14:12:42,6.96,100100,6.96,U
sz002565,顺灏股份,2025-09-18 14:13:00,6.96,52500,6.96,U
sz002565,顺灏股份,2025-09-18 14:13:12,6.94,24000,6.95,D
sz002565,顺灏股份,2025-09-18 14:13:21,6.94,34200,6.96,D
sz002565,顺灏股份,2025-09-18 14:13:39,6.96,20500,6.95,U
sz002565,顺灏股份,2025-09-18 14:13:45,6.96,61900,6.96,U
sz002565,顺灏股份,2025-09-18 14:13:54,6.97,57500,6.96,U
sz002565,顺灏股份,2025-09-18 14:14:27,6.97,36000,6.98,D
sz002565,顺灏股份,2025-09-18 14:14:30,6.98,52300,6.97,U
sz002565,顺灏股份,2025-09-18 14:14:39,6.99,50400,6.97,U
sz002565,顺灏股份,2025-09-18 14:14:48,6.94,100000,6.98,D
sz002565,顺灏股份,2025-09-18 14:14:51,7.01,103200,6.94,U
sz002565,顺灏股份,2025-09-18 14:15:06,6.99,25100,6.99,D
sz002565,顺灏股份,2025-09-18 14:15:09,7.01,136500,6.99,U
sz002565,顺灏股份,2025-09-18 14:15:30,6.99,67700,6.99,E
sz002565,顺灏股份,2025-09-18 14:15:36,6.98,23300,6.98,U
sz002565,顺灏股份,2025-09-18 14:16:00,6.97,36600,6.98,D
sz002565,顺灏股份,2025-09-18 14:16:12,6.98,36900,6.98,U
sz002565,顺灏股份,2025-09-18 14:16:48,6.99,143900,6.99,U
sz002565,顺灏股份,2025-09-18 14:17:15,6.96,512900,6.99,D
sz002565,顺灏股份,2025-09-18 14:17:54,7.0,300100,7.0,U
sz002565,顺灏股份,2025-09-18 14:18:00,6.99,213300,7.0,D
sz002565,顺灏股份,2025-09-18 14:18:03,6.99,30300,6.99,U
sz002565,顺灏股份,2025-09-18 14:18:12,6.98,297100,6.99,D
sz002565,顺灏股份,2025-09-18 14:18:24,6.98,290600,6.98,D
sz002565,顺灏股份,2025-09-18 14:18:36,6.97,145800,6.99,D
sz002565,顺灏股份,2025-09-18 14:19:00,6.98,76100,6.99,D
sz002565,顺灏股份,2025-09-18 14:19:21,6.99,37000,6.98,U
sz002565,顺灏股份,2025-09-18 14:19:30,6.99,31600,6.99,U
sz002565,顺灏股份,2025-09-18 14:19:39,6.99,21700,6.98,U
sz002565,顺灏股份,2025-09-18 14:20:03,6.98,44650,6.99,D
sz002565,顺灏股份,2025-09-18 14:20:09,6.98,20200,6.99,D
sz002565,顺灏股份,2025-09-18 14:20:18,6.99,72700,6.98,U
sz002565,顺灏股份,2025-09-18 14:20:33,6.99,29800,6.98,U
sz002565,顺灏股份,2025-09-18 14:20:51,6.98,91000,6.98,D
sz002565,顺灏股份,2025-09-18 14:20:54,6.98,33800,6.98,U
sz002565,顺灏股份,2025-09-18 14:21:00,6.97,38300,6.98,D
sz002565,顺灏股份,2025-09-18 14:21:42,6.99,137188,6.98,U
sz002565,顺灏股份,2025-09-18 14:23:03,7.01,20100,7.01,U
sz002565,顺灏股份,2025-09-18 14:23:12,7.02,29100,7.01,U
sz002565,顺灏股份,2025-09-18 14:23:30,7.02,245100,7.02,U
sz002565,顺灏股份,2025-09-18 14:23:45,7.02,35100,7.03,D
sz002565,顺灏股份,2025-09-18 14:24:12,7.01,55000,7.02,D
sz002565,顺灏股份,2025-09-18 14:24:39,7.0,38700,7.0,D
sz002565,顺灏股份,2025-09-18 14:24:51,7.0,35800,7.0,D
sz002565,顺灏股份,2025-09-18 14:24:57,7.0,39600,7.0,D
sz002565,顺灏股份,2025-09-18 14:25:06,7.01,74100,7.0,U
sz002565,顺灏股份,2025-09-18 14:25:12,7.01,21000,7.01,D
sz002565,顺灏股份,2025-09-18 14:25:15,7.02,31300,7.01,U
sz002565,顺灏股份,2025-09-18 14:25:21,7.03,100200,7.01,U
sz002565,顺灏股份,2025-09-18 14:25:27,7.04,26700,7.02,U
sz002565,顺灏股份,2025-09-18 14:25:33,7.05,21900,7.04,U
sz002565,顺灏股份,2025-09-18 14:25:36,7.06,73700,7.05,U
sz002565,顺灏股份,2025-09-18 14:25:42,7.04,34400,7.05,D
sz002565,顺灏股份,2025-09-18 14:26:03,7.05,99600,7.05,D
sz002565,顺灏股份,2025-09-18 14:26:09,7.06,75200,7.04,U
sz002565,顺灏股份,2025-09-18 14:26:18,7.06,34700,7.06,D
sz002565,顺灏股份,2025-09-18 14:26:33,7.07,25000,7.07,E
sz002565,顺灏股份,2025-09-18 14:26:39,7.08,23300,7.08,D
sz002565,顺灏股份,2025-09-18 14:27:03,7.09,30700,7.08,U
sz002565,顺灏股份,2025-09-18 14:27:06,7.09,26800,7.09,U
sz002565,顺灏股份,2025-09-18 14:27:12,7.1,30800,7.09,U
sz002565,顺灏股份,2025-09-18 14:27:18,7.1,24900,7.1,U
sz002565,顺灏股份,2025-09-18 14:27:24,7.1,78500,7.1,D
sz002565,顺灏股份,2025-09-18 14:27:30,7.09,116200,7.1,D
sz002565,顺灏股份,2025-09-18 14:27:48,7.15,248200,7.1,U
sz002565,顺灏股份,2025-09-18 14:27:57,7.15,38700,7.13,U
sz002565,顺灏股份,2025-09-18 14:28:06,7.12,22200,7.12,D
sz002565,顺灏股份,2025-09-18 14:28:18,7.1,32000,7.1,D
sz002565,顺灏股份,2025-09-18 14:28:39,7.11,32300,7.11,D
sz002565,顺灏股份,2025-09-18 14:28:51,7.11,130700,7.09,U
sz002565,顺灏股份,2025-09-18 14:28:54,7.11,138500,7.11,U
sz002565,顺灏股份,2025-09-18 14:29:18,7.12,29800,7.12,U
sz002565,顺灏股份,2025-09-18 14:29:24,7.12,25900,7.12,D
sz002565,顺灏股份,2025-09-18 14:29:48,7.12,24400,7.11,U
sz002565,顺灏股份,2025-09-18 14:29:54,7.13,55200,7.11,U
sz002565,顺灏股份,2025-09-18 14:29:57,7.13,26800,7.13,D
sz002565,顺灏股份,2025-09-18 14:30:00,7.12,110200,7.13,U
sz002565,顺灏股份,2025-09-18 14:30:03,7.15,147572,7.12,U
sz002565,顺灏股份,2025-09-18 14:30:06,7.14,36600,7.15,D
sz002565,顺灏股份,2025-09-18 14:30:15,7.15,52600,7.14,U
sz002565,顺灏股份,2025-09-18 14:30:24,7.15,102100,7.14,U
sz002565,顺灏股份,2025-09-18 14:30:42,7.15,112200,7.14,U
sz002565,顺灏股份,2025-09-18 14:31:36,7.18,263200,7.14,U
sz002565,顺灏股份,2025-09-18 14:31:48,7.19,31900,7.19,U
sz002565,顺灏股份,2025-09-18 14:31:51,7.2,104400,7.19,U
sz002565,顺灏股份,2025-09-18 14:31:54,7.19,28800,7.2,E
sz002565,顺灏股份,2025-09-18 14:32:00,7.19,34600,7.18,U
sz002565,顺灏股份,2025-09-18 14:32:06,7.19,58800,7.19,U
sz002565,顺灏股份,2025-09-18 14:32:15,7.2,82900,7.2,U
sz002565,顺灏股份,2025-09-18 14:32:21,7.19,41000,7.19,U
sz002565,顺灏股份,2025-09-18 14:32:30,7.19,46800,7.19,U
sz002565,顺灏股份,2025-09-18 14:32:33,7.19,37100,7.19,D
sz002565,顺灏股份,2025-09-18 14:32:39,7.2,103200,7.19,U
sz002565,顺灏股份,2025-09-18 14:32:57,7.21,50100,7.2,U
sz002565,顺灏股份,2025-09-18 14:33:03,7.21,75700,7.2,U
sz002565,顺灏股份,2025-09-18 14:33:15,7.22,114700,7.22,U
sz002565,顺灏股份,2025-09-18 14:33:18,7.24,194100,7.22,U
sz002565,顺灏股份,2025-09-18 14:33:27,7.24,55000,7.23,U
sz002565,顺灏股份,2025-09-18 14:33:30,7.25,54500,7.24,U
sz002565,顺灏股份,2025-09-18 14:33:39,7.26,41300,7.24,U
sz002565,顺灏股份,2025-09-18 14:33:42,7.26,22700,7.26,U
sz002565,顺灏股份,2025-09-18 14:33:45,7.26,38200,7.26,U
sz002565,顺灏股份,2025-09-18 14:33:51,7.24,62000,7.26,D
sz002565,顺灏股份,2025-09-18 14:33:54,7.24,270700,7.24,E
sz002565,顺灏股份,2025-09-18 14:34:03,7.23,115700,7.23,U
sz002565,顺灏股份,2025-09-18 14:34:15,7.24,53400,7.23,U
sz002565,顺灏股份,2025-09-18 14:34:30,7.22,106900,7.22,D
sz002565,顺灏股份,2025-09-18 14:34:42,7.2,103000,7.2,D
sz002565,顺灏股份,2025-09-18 14:34:48,7.21,30700,7.21,U
sz002565,顺灏股份,2025-09-18 14:35:12,7.17,21200,7.16,E
sz002565,顺灏股份,2025-09-18 14:35:24,7.17,21800,7.17,U
sz002565,顺灏股份,2025-09-18 14:35:36,7.16,65300,7.16,D
sz002565,顺灏股份,2025-09-18 14:35:39,7.17,37200,7.16,U
sz002565,顺灏股份,2025-09-18 14:35:51,7.16,40100,7.16,D
sz002565,顺灏股份,2025-09-18 14:36:00,7.15,61800,7.16,D
sz002565,顺灏股份,2025-09-18 14:36:03,7.17,62000,7.15,U
sz002565,顺灏股份,2025-09-18 14:36:12,7.15,20000,7.16,D
sz002565,顺灏股份,2025-09-18 14:36:18,7.16,31000,7.16,D
sz002565,顺灏股份,2025-09-18 14:36:24,7.14,108800,7.16,D
sz002565,顺灏股份,2025-09-18 14:36:27,7.15,25100,7.14,U
sz002565,顺灏股份,2025-09-18 14:36:48,7.16,48800,7.15,U
sz002565,顺灏股份,2025-09-18 14:36:54,7.17,116100,7.16,U
sz002565,顺灏股份,2025-09-18 14:37:12,7.17,31600,7.17,D
sz002565,顺灏股份,2025-09-18 14:37:15,7.18,116700,7.17,U
sz002565,顺灏股份,2025-09-18 14:37:54,7.18,102300,7.18,U
sz002565,顺灏股份,2025-09-18 14:38:12,7.19,30800,7.19,U
sz002565,顺灏股份,2025-09-18 14:38:45,7.17,27900,7.18,D
sz002565,顺灏股份,2025-09-18 14:38:48,7.17,51500,7.17,D
sz002565,顺灏股份,2025-09-18 14:39:03,7.15,28100,7.16,D
sz002565,顺灏股份,2025-09-18 14:39:12,7.14,43300,7.15,D
sz002565,顺灏股份,2025-09-18 14:39:21,7.13,24200,7.14,D
sz002565,顺灏股份,2025-09-18 14:40:36,7.1,118100,7.1,U
sz002565,顺灏股份,2025-09-18 14:42:06,7.09,39200,7.1,D
sz002565,顺灏股份,2025-09-18 14:42:18,7.09,23800,7.1,D
sz002565,顺灏股份,2025-09-18 14:43:24,7.07,20200,7.07,U
sz002565,顺灏股份,2025-09-18 14:44:03,7.09,40600,7.1,D
sz002565,顺灏股份,2025-09-18 14:45:18,7.11,24400,7.11,D
sz002565,顺灏股份,2025-09-18 14:45:30,7.12,28600,7.12,U
sz002565,顺灏股份,2025-09-18 14:46:03,7.12,21900,7.11,U
sz002565,顺灏股份,2025-09-18 14:46:33,7.1,88250,7.11,D
sz002565,顺灏股份,2025-09-18 14:46:51,7.12,80000,7.1,U
sz002565,顺灏股份,2025-09-18 14:46:54,7.1,38300,7.12,D
sz002565,顺灏股份,2025-09-18 14:47:30,7.11,33400,7.11,U
sz002565,顺灏股份,2025-09-18 14:48:24,7.13,27000,7.11,U
sz002565,顺灏股份,2025-09-18 14:48:30,7.13,20000,7.13,D
sz002565,顺灏股份,2025-09-18 14:49:27,7.15,107700,7.14,U
sz002565,顺灏股份,2025-09-18 14:50:03,7.17,22800,7.16,U
sz002565,顺灏股份,2025-09-18 14:51:12,7.15,245000,7.14,U
sz002565,顺灏股份,2025-09-18 14:51:18,7.21,174700,7.15,U
sz002565,顺灏股份,2025-09-18 14:51:24,7.21,61300,7.21,D
sz002565,顺灏股份,2025-09-18 14:52:54,7.15,53100,7.16,D
sz002565,顺灏股份,2025-09-18 14:52:57,7.14,21200,7.15,D
sz002565,顺灏股份,2025-09-18 14:53:09,7.21,89500,7.16,U
sz002565,顺灏股份,2025-09-18 14:53:27,7.21,295900,7.2,U
sz002565,顺灏股份,2025-09-18 14:53:30,7.2,78200,7.21,D
sz002565,顺灏股份,2025-09-18 14:53:42,7.25,250000,7.2,U
sz002565,顺灏股份,2025-09-18 14:53:48,7.24,25300,7.24,U
sz002565,顺灏股份,2025-09-18 14:54:00,7.25,39000,7.26,D
sz002565,顺灏股份,2025-09-18 14:54:12,7.26,26700,7.26,U
sz002565,顺灏股份,2025-09-18 14:54:15,7.25,39400,7.26,D
sz002565,顺灏股份,2025-09-18 14:54:21,7.25,62800,7.25,D
sz002565,顺灏股份,2025-09-18 14:54:24,7.26,20100,7.25,U
sz002565,顺灏股份,2025-09-18 14:54:27,7.26,33000,7.26,U
sz002565,顺灏股份,2025-09-18 14:54:33,7.28,350600,7.25,U
sz002565,顺灏股份,2025-09-18 14:54:36,7.26,22500,7.28,E
sz002565,顺灏股份,2025-09-18 14:54:39,7.26,63900,7.26,D
sz002565,顺灏股份,2025-09-18 14:54:48,7.25,111100,7.26,D
sz002565,顺灏股份,2025-09-18 14:54:51,7.29,117800,7.25,U
sz002565,顺灏股份,2025-09-18 14:54:54,7.26,26800,7.29,D
sz002565,顺灏股份,2025-09-18 14:54:57,7.28,322500,7.26,U
sz002565,顺灏股份,2025-09-18 14:55:15,7.34,310600,7.26,U
sz002565,顺灏股份,2025-09-18 14:55:24,7.28,41000,7.28,U
sz002565,顺灏股份,2025-09-18 14:55:27,7.28,24600,7.28,U
sz002565,顺灏股份,2025-09-18 14:55:36,7.27,20200,7.27,D
sz002565,顺灏股份,2025-09-18 14:55:39,7.26,25600,7.27,D
sz002565,顺灏股份,2025-09-18 14:55:54,7.26,20500,7.26,D
sz002565,顺灏股份,2025-09-18 14:56:09,7.27,230800,7.26,U
sz002565,顺灏股份,2025-09-18 14:56:18,7.27,22200,7.27,D
sz002565,顺灏股份,2025-09-18 14:56:24,7.26,26200,7.27,D
sz002565,顺灏股份,2025-09-18 14:56:33,7.27,42900,7.26,U
sz002565,顺灏股份,2025-09-18 14:56:39,7.3,348500,7.27,U
sz002565,顺灏股份,2025-09-18 14:56:42,7.27,90000,7.3,D
sz002565,顺灏股份,2025-09-18 14:56:51,7.33,127600,7.27,U
sz002565,顺灏股份,2025-09-18 15:00:00,7.31,819943,7.31,E
