symbol,name,ticktime,price,volume,prev_price,kind
sz002565,顺灏股份,2025-09-30 09:25:00,7.4,72400,0.0,U
sz002565,顺灏股份,2025-09-30 09:30:00,7.46,160600,7.4,U
sz002565,顺灏股份,2025-09-30 09:30:03,7.47,113100,7.46,U
sz002565,顺灏股份,2025-09-30 09:30:09,7.48,37100,7.47,U
sz002565,顺灏股份,2025-09-30 09:30:15,7.48,119400,7.48,D
sz002565,顺灏股份,2025-09-30 09:30:18,7.52,163100,7.48,U
sz002565,顺灏股份,2025-09-30 09:30:21,7.49,28700,7.52,D
sz002565,顺灏股份,2025-09-30 09:30:30,7.51,45700,7.51,D
sz002565,顺灏股份,2025-09-30 09:30:36,7.51,26900,7.51,U
sz002565,顺灏股份,2025-09-30 09:30:39,7.49,20200,7.51,D
sz002565,顺灏股份,2025-09-30 09:30:42,7.49,79400,7.49,U
sz002565,顺灏股份,2025-09-30 09:30:48,7.47,25800,7.48,D
sz002565,顺灏股份,2025-09-30 09:30:54,7.49,77500,7.46,U
sz002565,顺灏股份,2025-09-30 09:31:00,7.49,24700,7.49,U
sz002565,顺灏股份,2025-09-30 09:31:06,7.5,24800,7.49,U
sz002565,顺灏股份,2025-09-30 09:31:09,7.49,26400,7.5,E
sz002565,顺灏股份,2025-09-30 09:31:21,7.49,25900,7.49,U
sz002565,顺灏股份,2025-09-30 09:31:27,7.48,41100,7.48,D
sz002565,顺灏股份,2025-09-30 09:31:30,7.48,81800,7.48,D
sz002565,顺灏股份,2025-09-30 09:31:36,7.5,20800,7.49,U
sz002565,顺灏股份,2025-09-30 09:31:39,7.48,34700,7.5,D
sz002565,顺灏股份,2025-09-30 09:31:42,7.49,142000,7.48,U
sz002565,顺灏股份,2025-09-30 09:31:45,7.5,29400,7.49,U
sz002565,顺灏股份,2025-09-30 09:31:48,7.5,37200,7.5,D
sz002565,顺灏股份,2025-09-30 09:31:54,7.51,30400,7.5,E
sz002565,顺灏股份,2025-09-30 09:32:03,7.5,27900,7.51,D
sz002565,顺灏股份,2025-09-30 09:32:15,7.5,35600,7.5,D
sz002565,顺灏股份,2025-09-30 09:32:21,7.52,105400,7.5,U
sz002565,顺灏股份,2025-09-30 09:32:24,7.52,68100,7.52,D
sz002565,顺灏股份,2025-09-30 09:32:27,7.53,41400,7.52,U
sz002565,顺灏股份,2025-09-30 09:32:30,7.57,323500,7.53,U
sz002565,顺灏股份,2025-09-30 09:32:33,7.55,30000,7.57,D
sz002565,顺灏股份,2025-09-30 09:32:36,7.56,24500,7.55,E
sz002565,顺灏股份,2025-09-30 09:32:42,7.56,41400,7.56,D
sz002565,顺灏股份,2025-09-30 09:32:51,7.55,31900,7.56,D
sz002565,顺灏股份,2025-09-30 09:32:54,7.56,33200,7.55,U
sz002565,顺灏股份,2025-09-30 09:32:57,7.55,21500,7.56,D
sz002565,顺灏股份,2025-09-30 09:33:03,7.55,31300,7.55,U
sz002565,顺灏股份,2025-09-30 09:33:06,7.57,82800,7.55,U
sz002565,顺灏股份,2025-09-30 09:33:09,7.58,35000,7.57,U
sz002565,顺灏股份,2025-09-30 09:33:12,7.58,137300,7.58,U
sz002565,顺灏股份,2025-09-30 09:33:15,7.57,38500,7.58,D
sz002565,顺灏股份,2025-09-30 09:33:27,7.55,61800,7.57,D
sz002565,顺灏股份,2025-09-30 09:33:33,7.56,25400,7.56,U
sz002565,顺灏股份,2025-09-30 09:33:45,7.53,29900,7.54,D
sz002565,顺灏股份,2025-09-30 09:34:00,7.52,36100,7.52,D
sz002565,顺灏股份,2025-09-30 09:34:03,7.52,31500,7.52,U
sz002565,顺灏股份,2025-09-30 09:34:21,7.52,22300,7.51,U
sz002565,顺灏股份,2025-09-30 09:34:27,7.51,28700,7.51,D
sz002565,顺灏股份,2025-09-30 09:34:45,7.5,20800,7.51,D
sz002565,顺灏股份,2025-09-30 09:35:06,7.51,47600,7.5,U
sz002565,顺灏股份,2025-09-30 09:35:09,7.5,28600,7.51,D
sz002565,顺灏股份,2025-09-30 09:35:21,7.49,38600,7.5,D
sz002565,顺灏股份,2025-09-30 09:35:24,7.49,178600,7.49,U
sz002565,顺灏股份,2025-09-30 09:36:09,7.49,61718,7.48,U
sz002565,顺灏股份,2025-09-30 09:36:12,7.5,40600,7.49,U
sz002565,顺灏股份,2025-09-30 09:36:33,7.5,42500,7.51,D
sz002565,顺灏股份,2025-09-30 09:37:06,7.49,39800,7.5,D
sz002565,顺灏股份,2025-09-30 09:37:27,7.49,26100,7.51,D
sz002565,顺灏股份,2025-09-30 09:37:54,7.53,157700,7.5,U
sz002565,顺灏股份,2025-09-30 09:37:57,7.55,185300,7.53,U
sz002565,顺灏股份,2025-09-30 09:38:03,7.55,54200,7.53,U
sz002565,顺灏股份,2025-09-30 09:38:09,7.55,22700,7.55,U
sz002565,顺灏股份,2025-09-30 09:38:12,7.55,56400,7.55,U
sz002565,顺灏股份,2025-09-30 09:38:36,7.55,45500,7.55,U
sz002565,顺灏股份,2025-09-30 09:38:39,7.55,25100,7.55,U
sz002565,顺灏股份,2025-09-30 09:38:42,7.55,175300,7.55,U
sz002565,顺灏股份,2025-09-30 09:38:45,7.55,82000,7.55,U
sz002565,顺灏股份,2025-09-30 09:38:54,7.56,74500,7.55,U
sz002565,顺灏股份,2025-09-30 09:39:15,7.52,61000,7.53,D
sz002565,顺灏股份,2025-09-30 09:39:18,7.51,32400,7.52,D
sz002565,顺灏股份,2025-09-30 09:39:27,7.52,21800,7.52,U
sz002565,顺灏股份,2025-09-30 09:39:42,7.52,51100,7.52,D
sz002565,顺灏股份,2025-09-30 09:39:48,7.53,51400,7.52,U
sz002565,顺灏股份,2025-09-30 09:40:03,7.53,37700,7.52,U
sz002565,顺灏股份,2025-09-30 09:40:18,7.52,96500,7.52,U
sz002565,顺灏股份,2025-09-30 09:40:30,7.51,20000,7.53,D
sz002565,顺灏股份,2025-09-30 09:40:57,7.53,31600,7.52,U
sz002565,顺灏股份,2025-09-30 09:41:00,7.53,23100,7.53,U
sz002565,顺灏股份,2025-09-30 09:41:24,7.5,105600,7.51,D
sz002565,顺灏股份,2025-09-30 09:41:30,7.5,570900,7.5,D
sz002565,顺灏股份,2025-09-30 09:41:42,7.5,40000,7.51,D
sz002565,顺灏股份,2025-09-30 09:41:45,7.5,64200,7.5,D
sz002565,顺灏股份,2025-09-30 09:41:48,7.5,22600,7.5,D
sz002565,顺灏股份,2025-09-30 09:41:51,7.49,161800,7.5,D
sz002565,顺灏股份,2025-09-30 09:42:06,7.48,113800,7.48,D
sz002565,顺灏股份,2025-09-30 09:42:18,7.48,208200,7.49,D
sz002565,顺灏股份,2025-09-30 09:42:57,7.48,67900,7.47,U
sz002565,顺灏股份,2025-09-30 09:43:21,7.48,24800,7.47,U
sz002565,顺灏股份,2025-09-30 09:43:27,7.48,66500,7.48,U
sz002565,顺灏股份,2025-09-30 09:44:09,7.49,20700,7.48,U
sz002565,顺灏股份,2025-09-30 09:44:18,7.49,26400,7.5,D
sz002565,顺灏股份,2025-09-30 09:46:21,7.5,79100,7.49,U
sz002565,顺灏股份,2025-09-30 09:46:24,7.52,80900,7.5,U
sz002565,顺灏股份,2025-09-30 09:46:30,7.53,118900,7.53,U
sz002565,顺灏股份,2025-09-30 09:46:39,7.55,32600,7.54,U
sz002565,顺灏股份,2025-09-30 09:46:42,7.54,32200,7.55,U
sz002565,顺灏股份,2025-09-30 09:47:21,7.54,98800,7.54,U
sz002565,顺灏股份,2025-09-30 09:47:24,7.54,36700,7.54,D
sz002565,顺灏股份,2025-09-30 09:47:30,7.54,67500,7.54,U
sz002565,顺灏股份,2025-09-30 09:47:33,7.54,58200,7.54,D
sz002565,顺灏股份,2025-09-30 09:47:39,7.54,26600,7.55,D
sz002565,顺灏股份,2025-09-30 09:47:45,7.55,127700,7.54,U
sz002565,顺灏股份,2025-09-30 09:47:48,7.56,240950,7.55,U
sz002565,顺灏股份,2025-09-30 09:47:54,7.57,95600,7.56,U
sz002565,顺灏股份,2025-09-30 09:48:00,7.57,57900,7.57,U
sz002565,顺灏股份,2025-09-30 09:48:03,7.58,21600,7.57,U
sz002565,顺灏股份,2025-09-30 09:48:12,7.58,51400,7.57,U
sz002565,顺灏股份,2025-09-30 09:48:15,7.57,124500,7.58,D
sz002565,顺灏股份,2025-09-30 09:48:24,7.58,21200,7.57,U
sz002565,顺灏股份,2025-09-30 09:48:45,7.56,27900,7.56,U
sz002565,顺灏股份,2025-09-30 09:48:51,7.57,55600,7.56,U
sz002565,顺灏股份,2025-09-30 09:50:21,7.55,22000,7.56,D
sz002565,顺灏股份,2025-09-30 09:50:39,7.54,22900,7.55,D
sz002565,顺灏股份,2025-09-30 09:52:30,7.54,29300,7.54,D
sz002565,顺灏股份,2025-09-30 09:52:33,7.54,38700,7.54,U
sz002565,顺灏股份,2025-09-30 09:53:21,7.52,29300,7.53,D
sz002565,顺灏股份,2025-09-30 09:53:42,7.53,32700,7.51,U
sz002565,顺灏股份,2025-09-30 09:53:57,7.53,21100,7.52,U
sz002565,顺灏股份,2025-09-30 09:54:03,7.51,30000,7.53,D
sz002565,顺灏股份,2025-09-30 09:55:00,7.52,25000,7.53,D
sz002565,顺灏股份,2025-09-30 09:55:57,7.51,60400,7.51,D
sz002565,顺灏股份,2025-09-30 09:56:09,7.51,58700,7.5,U
sz002565,顺灏股份,2025-09-30 09:56:54,7.52,81000,7.52,U
sz002565,顺灏股份,2025-09-30 09:58:36,7.5,102600,7.51,D
sz002565,顺灏股份,2025-09-30 09:58:51,7.5,23500,7.5,D
sz002565,顺灏股份,2025-09-30 09:59:36,7.5,22600,7.49,U
sz002565,顺灏股份,2025-09-30 10:00:21,7.48,86200,7.5,D
sz002565,顺灏股份,2025-09-30 10:00:48,7.48,44500,7.49,D
sz002565,顺灏股份,2025-09-30 10:01:00,7.48,54800,7.48,D
sz002565,顺灏股份,2025-09-30 10:01:03,7.48,28300,7.48,U
sz002565,顺灏股份,2025-09-30 10:01:21,7.49,57500,7.49,U
sz002565,顺灏股份,2025-09-30 10:02:00,7.48,31500,7.5,D
sz002565,顺灏股份,2025-09-30 10:03:21,7.47,304400,7.49,D
sz002565,顺灏股份,2025-09-30 10:03:33,7.47,33600,7.47,D
sz002565,顺灏股份,2025-09-30 10:04:06,7.47,20900,7.47,D
sz002565,顺灏股份,2025-09-30 10:04:27,7.47,59100,7.47,U
sz002565,顺灏股份,2025-09-30 10:05:00,7.47,102900,7.46,U
sz002565,顺灏股份,2025-09-30 10:06:12,7.47,29400,7.47,U
sz002565,顺灏股份,2025-09-30 10:06:30,7.46,47800,7.47,D
sz002565,顺灏股份,2025-09-30 10:08:03,7.47,53100,7.47,D
sz002565,顺灏股份,2025-09-30 10:09:03,7.45,43500,7.45,D
sz002565,顺灏股份,2025-09-30 10:09:09,7.45,100000,7.45,D
sz002565,顺灏股份,2025-09-30 10:09:45,7.46,95400,7.46,U
sz002565,顺灏股份,2025-09-30 10:09:57,7.45,21800,7.45,U
sz002565,顺灏股份,2025-09-30 10:11:36,7.44,86200,7.45,D
sz002565,顺灏股份,2025-09-30 10:12:24,7.44,31100,7.44,U
sz002565,顺灏股份,2025-09-30 10:13:48,7.43,94200,7.43,D
sz002565,顺灏股份,2025-09-30 10:14:06,7.42,334000,7.43,D
sz002565,顺灏股份,2025-09-30 10:15:39,7.41,44500,7.41,D
sz002565,顺灏股份,2025-09-30 10:17:12,7.41,20000,7.41,D
sz002565,顺灏股份,2025-09-30 10:18:39,7.42,44100,7.42,U
sz002565,顺灏股份,2025-09-30 10:18:57,7.41,173300,7.42,D
sz002565,顺灏股份,2025-09-30 10:19:03,7.41,37500,7.41,U
sz002565,顺灏股份,2025-09-30 10:21:03,7.39,189300,7.41,D
sz002565,顺灏股份,2025-09-30 10:22:00,7.39,20500,7.4,D
sz002565,顺灏股份,2025-09-30 10:22:15,7.39,30600,7.4,D
sz002565,顺灏股份,2025-09-30 10:22:21,7.39,36800,7.39,D
sz002565,顺灏股份,2025-09-30 10:22:54,7.39,65800,7.39,D
sz002565,顺灏股份,2025-09-30 10:23:00,7.39,36600,7.39,U
sz002565,顺灏股份,2025-09-30 10:23:18,7.4,20500,7.39,U
sz002565,顺灏股份,2025-09-30 10:23:39,7.39,26700,7.39,D
sz002565,顺灏股份,2025-09-30 10:25:21,7.4,25200,7.4,U
sz002565,顺灏股份,2025-09-30 10:25:33,7.4,20750,7.4,D
sz002565,顺灏股份,2025-09-30 10:26:30,7.38,140500,7.4,D
sz002565,顺灏股份,2025-09-30 10:26:42,7.38,32200,7.39,D
sz002565,顺灏股份,2025-09-30 10:27:03,7.38,21000,7.38,U
sz002565,顺灏股份,2025-09-30 10:27:06,7.38,60000,7.38,D
sz002565,顺灏股份,2025-09-30 10:27:42,7.38,59900,7.38,D
sz002565,顺灏股份,2025-09-30 10:30:03,7.42,92500,7.4,U
sz002565,顺灏股份,2025-09-30 10:32:00,7.4,62300,7.4,D
sz002565,顺灏股份,2025-09-30 10:32:45,7.41,33700,7.41,U
sz002565,顺灏股份,2025-09-30 10:37:12,7.4,51900,7.4,D
sz002565,顺灏股份,2025-09-30 10:37:15,7.4,34700,7.4,D
sz002565,顺灏股份,2025-09-30 10:40:39,7.4,53400,7.4,D
sz002565,顺灏股份,2025-09-30 10:40:42,7.4,48200,7.4,D
sz002565,顺灏股份,2025-09-30 10:40:48,7.4,38000,7.4,D
sz002565,顺灏股份,2025-09-30 10:41:03,7.39,177400,7.4,D
sz002565,顺灏股份,2025-09-30 10:43:18,7.41,43500,7.4,U
sz002565,顺灏股份,2025-09-30 10:43:21,7.41,32300,7.41,D
sz002565,顺灏股份,2025-09-30 10:43:30,7.41,28700,7.41,D
sz002565,顺灏股份,2025-09-30 10:44:39,7.43,21400,7.43,U
sz002565,顺灏股份,2025-09-30 10:44:45,7.44,20000,7.43,U
sz002565,顺灏股份,2025-09-30 10:45:00,7.44,39200,7.43,U
sz002565,顺灏股份,2025-09-30 10:47:39,7.44,25500,7.44,D
sz002565,顺灏股份,2025-09-30 10:47:48,7.43,70200,7.43,D
sz002565,顺灏股份,2025-09-30 10:48:12,7.43,57000,7.43,D
sz002565,顺灏股份,2025-09-30 10:48:42,7.43,98200,7.43,U
sz002565,顺灏股份,2025-09-30 10:51:00,7.48,118400,7.43,U
sz002565,顺灏股份,2025-09-30 10:51:03,7.47,94700,7.48,D
sz002565,顺灏股份,2025-09-30 10:51:27,7.46,26100,7.46,D
sz002565,顺灏股份,2025-09-30 10:52:18,7.45,21500,7.45,D
sz002565,顺灏股份,2025-09-30 10:53:30,7.44,31700,7.45,D
sz002565,顺灏股份,2025-09-30 10:53:36,7.44,24100,7.44,U
sz002565,顺灏股份,2025-09-30 11:03:39,7.42,22900,7.42,D
sz002565,顺灏股份,2025-09-30 11:06:45,7.41,195300,7.42,D
sz002565,顺灏股份,2025-09-30 11:07:33,7.4,30100,7.4,D
sz002565,顺灏股份,2025-09-30 11:07:51,7.4,22800,7.41,D
sz002565,顺灏股份,2025-09-30 11:07:54,7.4,31800,7.4,D
sz002565,顺灏股份,2025-09-30 11:07:57,7.4,22200,7.4,D
sz002565,顺灏股份,2025-09-30 11:09:45,7.41,246700,7.41,U
sz002565,顺灏股份,2025-09-30 11:11:03,7.42,211900,7.41,U
sz002565,顺灏股份,2025-09-30 11:13:30,7.43,50000,7.43,U
sz002565,顺灏股份,2025-09-30 11:19:06,7.42,26300,7.42,D
sz002565,顺灏股份,2025-09-30 11:24:51,7.42,23100,7.41,U
sz002565,顺灏股份,2025-09-30 11:28:57,7.42,24000,7.42,D
sz002565,顺灏股份,2025-09-30 11:29:48,7.43,44600,7.42,U
sz002565,顺灏股份,2025-09-30 11:29:51,7.47,85100,7.43,U
sz002565,顺灏股份,2025-09-30 11:29:54,7.48,104500,7.47,U
sz002565,顺灏股份,2025-09-30 13:00:00,7.48,24200,7.48,U
sz002565,顺灏股份,2025-09-30 13:00:03,7.47,48000,7.48,D
sz002565,顺灏股份,2025-09-30 13:00:06,7.46,20100,7.47,D
sz002565,顺灏股份,2025-09-30 13:02:51,7.46,74600,7.45,U
sz002565,顺灏股份,2025-09-30 13:03:45,7.47,28200,7.47,U
sz002565,顺灏股份,2025-09-30 13:04:42,7.48,47600,7.48,D
sz002565,顺灏股份,2025-09-30 13:05:51,7.47,21700,7.47,D
sz002565,顺灏股份,2025-09-30 13:06:57,7.5,116600,7.47,U
sz002565,顺灏股份,2025-09-30 13:07:00,7.5,271900,7.5,U
sz002565,顺灏股份,2025-09-30 13:07:03,7.5,27500,7.5,E
sz002565,顺灏股份,2025-09-30 13:07:15,7.49,28500,7.5,D
sz002565,顺灏股份,2025-09-30 13:08:45,7.48,62200,7.49,D
sz002565,顺灏股份,2025-09-30 13:09:33,7.46,310500,7.47,D
sz002565,顺灏股份,2025-09-30 13:10:00,7.46,33300,7.46,U
sz002565,顺灏股份,2025-09-30 13:12:18,7.45,31700,7.45,U
sz002565,顺灏股份,2025-09-30 13:12:39,7.45,32300,7.45,D
sz002565,顺灏股份,2025-09-30 13:12:42,7.44,21300,7.45,D
sz002565,顺灏股份,2025-09-30 13:14:39,7.43,24700,7.44,D
sz002565,顺灏股份,2025-09-30 13:17:00,7.43,60700,7.44,D
sz002565,顺灏股份,2025-09-30 13:17:48,7.43,29600,7.44,D
sz002565,顺灏股份,2025-09-30 13:17:54,7.44,72100,7.43,U
sz002565,顺灏股份,2025-09-30 13:18:03,7.44,72200,7.44,U
sz002565,顺灏股份,2025-09-30 13:21:33,7.44,20000,7.45,D
sz002565,顺灏股份,2025-09-30 13:22:57,7.43,31900,7.43,D
sz002565,顺灏股份,2025-09-30 13:23:45,7.43,20000,7.44,D
sz002565,顺灏股份,2025-09-30 13:24:27,7.45,31200,7.45,U
sz002565,顺灏股份,2025-09-30 13:26:09,7.44,30800,7.45,D
sz002565,顺灏股份,2025-09-30 13:29:12,7.43,39400,7.43,D
sz002565,顺灏股份,2025-09-30 13:32:06,7.41,262400,7.42,D
sz002565,顺灏股份,2025-09-30 13:34:36,7.42,57300,7.42,U
sz002565,顺灏股份,2025-09-30 13:35:03,7.4,52400,7.41,D
sz002565,顺灏股份,2025-09-30 13:36:09,7.42,33000,7.41,U
sz002565,顺灏股份,2025-09-30 13:38:06,7.4,50000,7.41,D
sz002565,顺灏股份,2025-09-30 13:39:03,7.4,21300,7.41,D
sz002565,顺灏股份,2025-09-30 13:40:24,7.41,50200,7.41,U
sz002565,顺灏股份,2025-09-30 13:41:18,7.4,34500,7.41,D
sz002565,顺灏股份,2025-09-30 13:42:21,7.41,24700,7.41,U
sz002565,顺灏股份,2025-09-30 13:45:06,7.4,20700,7.4,D
sz002565,顺灏股份,2025-09-30 13:47:27,7.41,20600,7.4,U
sz002565,顺灏股份,2025-09-30 13:50:06,7.41,21300,7.4,U
sz002565,顺灏股份,2025-09-30 13:53:03,7.4,22900,7.4,D
sz002565,顺灏股份,2025-09-30 13:53:06,7.4,61000,7.4,D
sz002565,顺灏股份,2025-09-30 13:53:15,7.4,134400,7.4,D
sz002565,顺灏股份,2025-09-30 13:54:09,7.39,149000,7.39,D
sz002565,顺灏股份,2025-09-30 13:54:30,7.38,160300,7.39,D
sz002565,顺灏股份,2025-09-30 13:54:51,7.4,88000,7.38,U
sz002565,顺灏股份,2025-09-30 13:56:00,7.39,20100,7.39,U
sz002565,顺灏股份,2025-09-30 13:56:24,7.39,20100,7.39,U
sz002565,顺灏股份,2025-09-30 13:56:45,7.39,31900,7.39,U
sz002565,顺灏股份,2025-09-30 13:57:18,7.38,33100,7.39,D
sz002565,顺灏股份,2025-09-30 13:58:36,7.38,156600,7.38,D
sz002565,顺灏股份,2025-09-30 13:59:12,7.4,134300,7.39,U
sz002565,顺灏股份,2025-09-30 14:02:12,7.39,75300,7.4,D
sz002565,顺灏股份,2025-09-30 14:03:39,7.39,116900,7.4,D
sz002565,顺灏股份,2025-09-30 14:06:45,7.39,176900,7.39,D
sz002565,顺灏股份,2025-09-30 14:08:00,7.39,20000,7.39,D
sz002565,顺灏股份,2025-09-30 14:09:00,7.38,83800,7.39,D
sz002565,顺灏股份,2025-09-30 14:09:36,7.38,26000,7.39,D
sz002565,顺灏股份,2025-09-30 14:10:18,7.38,221150,7.38,D
sz002565,顺灏股份,2025-09-30 14:10:48,7.39,30800,7.38,U
sz002565,顺灏股份,2025-09-30 14:10:57,7.39,22100,7.39,U
sz002565,顺灏股份,2025-09-30 14:11:24,7.39,37200,7.39,U
sz002565,顺灏股份,2025-09-30 14:12:33,7.39,20000,7.39,U
sz002565,顺灏股份,2025-09-30 14:13:30,7.38,50000,7.39,D
sz002565,顺灏股份,2025-09-30 14:13:51,7.38,20000,7.39,D
sz002565,顺灏股份,2025-09-30 14:18:12,7.39,79300,7.4,D
sz002565,顺灏股份,2025-09-30 14:20:36,7.39,62300,7.4,D
sz002565,顺灏股份,2025-09-30 14:23:51,7.4,52000,7.4,U
sz002565,顺灏股份,2025-09-30 14:26:27,7.39,22900,7.39,D
sz002565,顺灏股份,2025-09-30 14:26:48,7.4,50000,7.39,U
sz002565,顺灏股份,2025-09-30 14:27:57,7.41,69000,7.4,U
sz002565,顺灏股份,2025-09-30 14:28:00,7.41,20300,7.41,D
sz002565,顺灏股份,2025-09-30 14:28:57,7.41,43000,7.42,U
sz002565,顺灏股份,2025-09-30 14:30:00,7.4,20400,7.41,D
sz002565,顺灏股份,2025-09-30 14:30:21,7.4,43200,7.41,D
sz002565,顺灏股份,2025-09-30 14:36:18,7.39,45900,7.4,D
sz002565,顺灏股份,2025-09-30 14:36:30,7.39,130750,7.39,D
sz002565,顺灏股份,2025-09-30 14:37:36,7.38,25000,7.38,D
sz002565,顺灏股份,2025-09-30 14:38:27,7.39,54900,7.39,U
sz002565,顺灏股份,2025-09-30 14:41:36,7.41,108000,7.4,U
sz002565,顺灏股份,2025-09-30 14:42:27,7.4,39200,7.41,D
sz002565,顺灏股份,2025-09-30 14:42:36,7.39,50000,7.4,D
sz002565,顺灏股份,2025-09-30 14:42:42,7.39,51100,7.4,D
sz002565,顺灏股份,2025-09-30 14:43:00,7.39,50100,7.4,D
sz002565,顺灏股份,2025-09-30 14:43:06,7.39,56700,7.4,D
sz002565,顺灏股份,2025-09-30 14:44:18,7.39,26500,7.4,D
sz002565,顺灏股份,2025-09-30 14:44:21,7.39,27000,7.39,U
sz002565,顺灏股份,2025-09-30 14:45:18,7.4,61350,7.39,U
sz002565,顺灏股份,2025-09-30 14:45:36,7.4,20900,7.4,U
sz002565,顺灏股份,2025-09-30 14:45:51,7.4,20000,7.4,U
sz002565,顺灏股份,2025-09-30 14:46:09,7.4,22400,7.4,U
sz002565,顺灏股份,2025-09-30 14:46:42,7.4,57300,7.39,U
sz002565,顺灏股份,2025-09-30 14:46:51,7.4,20600,7.39,U
sz002565,顺灏股份,2025-09-30 14:47:15,7.4,20100,7.41,D
sz002565,顺灏股份,2025-09-30 14:50:00,7.4,127400,7.4,D
sz002565,顺灏股份,2025-09-30 14:50:03,7.4,32200,7.4,D
sz002565,顺灏股份,2025-09-30 14:50:18,7.39,22700,7.4,D
sz002565,顺灏股份,2025-09-30 14:50:48,7.4,20300,7.4,U
sz002565,顺灏股份,2025-09-30 14:51:18,7.39,26300,7.4,D
sz002565,顺灏股份,2025-09-30 14:51:30,7.39,23200,7.39,D
sz002565,顺灏股份,2025-09-30 14:52:06,7.4,32000,7.39,U
sz002565,顺灏股份,2025-09-30 14:52:09,7.39,70600,7.4,D
sz002565,顺灏股份,2025-09-30 14:52:27,7.39,147700,7.39,D
sz002565,顺灏股份,2025-09-30 14:52:54,7.4,60000,7.39,U
sz002565,顺灏股份,2025-09-30 14:54:15,7.4,44100,7.41,D
sz002565,顺灏股份,2025-09-30 14:54:18,7.4,68800,7.4,D
sz002565,顺灏股份,2025-09-30 14:54:21,7.4,36735,7.4,D
sz002565,顺灏股份,2025-09-30 14:54:33,7.4,40200,7.4,U
sz002565,顺灏股份,2025-09-30 14:54:51,7.4,20000,7.4,U
sz002565,顺灏股份,2025-09-30 14:55:12,7.39,120200,7.39,D
sz002565,顺灏股份,2025-09-30 14:55:15,7.4,91800,7.39,U
sz002565,顺灏股份,2025-09-30 14:55:24,7.39,26800,7.4,D
sz002565,顺灏股份,2025-09-30 14:55:39,7.39,29228,7.39,U
sz002565,顺灏股份,2025-09-30 14:55:57,7.39,25700,7.39,D
sz002565,顺灏股份,2025-09-30 14:56:09,7.39,60100,7.39,D
sz002565,顺灏股份,2025-09-30 14:56:24,7.4,27465,7.39,U
sz002565,顺灏股份,2025-09-30 14:56:27,7.4,35235,7.4,D
sz002565,顺灏股份,2025-09-30 14:56:54,7.39,30600,7.4,D
sz002565,顺灏股份,2025-09-30 14:57:00,7.4,60000,7.39,U
sz002565,顺灏股份,2025-09-30 15:00:00,7.38,229700,7.4,D
