symbol,name,ticktime,price,volume,prev_price,kind
sz002565,顺灏股份,2025-09-24 09:25:00,7.3,32600,0.0,E
sz002565,顺灏股份,2025-09-24 09:30:00,7.26,121200,7.3,D
sz002565,顺灏股份,2025-09-24 09:30:03,7.25,124300,7.26,D
sz002565,顺灏股份,2025-09-24 09:30:06,7.25,51600,7.25,U
sz002565,顺灏股份,2025-09-24 09:30:24,7.22,24000,7.22,D
sz002565,顺灏股份,2025-09-24 09:30:27,7.21,40900,7.22,D
sz002565,顺灏股份,2025-09-24 09:30:33,7.21,33700,7.21,U
sz002565,顺灏股份,2025-09-24 09:30:36,7.21,86400,7.21,D
sz002565,顺灏股份,2025-09-24 09:30:39,7.22,71200,7.21,U
sz002565,顺灏股份,2025-09-24 09:30:42,7.23,25500,7.22,U
sz002565,顺灏股份,2025-09-24 09:30:48,7.22,24800,7.22,D
sz002565,顺灏股份,2025-09-24 09:30:54,7.22,33400,7.23,D
sz002565,顺灏股份,2025-09-24 09:31:00,7.21,23500,7.2,U
sz002565,顺灏股份,2025-09-24 09:31:06,7.22,31700,7.21,U
sz002565,顺灏股份,2025-09-24 09:31:30,7.22,21800,7.22,D
sz002565,顺灏股份,2025-09-24 09:31:33,7.24,94900,7.22,U
sz002565,顺灏股份,2025-09-24 09:31:36,7.24,24800,7.24,U
sz002565,顺灏股份,2025-09-24 09:31:45,7.22,35700,7.25,D
sz002565,顺灏股份,2025-09-24 09:32:33,7.26,69600,7.23,U
sz002565,顺灏股份,2025-09-24 09:32:57,7.29,45700,7.29,U
sz002565,顺灏股份,2025-09-24 09:33:03,7.29,55700,7.29,D
sz002565,顺灏股份,2025-09-24 09:33:33,7.3,23400,7.29,U
sz002565,顺灏股份,2025-09-24 09:33:36,7.3,26000,7.3,U
sz002565,顺灏股份,2025-09-24 09:34:48,7.28,25400,7.28,D
sz002565,顺灏股份,2025-09-24 09:35:36,7.27,33500,7.27,D
sz002565,顺灏股份,2025-09-24 09:36:03,7.25,26900,7.26,D
sz002565,顺灏股份,2025-09-24 09:36:54,7.25,21700,7.25,U
sz002565,顺灏股份,2025-09-24 09:37:03,7.25,28600,7.25,D
sz002565,顺灏股份,2025-09-24 09:37:33,7.26,149100,7.25,U
sz002565,顺灏股份,2025-09-24 09:37:51,7.27,21100,7.27,E
sz002565,顺灏股份,2025-09-24 09:38:12,7.28,22800,7.27,U
sz002565,顺灏股份,2025-09-24 09:38:42,7.28,20100,7.28,D
sz002565,顺灏股份,2025-09-24 09:39:15,7.29,28800,7.28,U
sz002565,顺灏股份,2025-09-24 09:39:21,7.29,20200,7.29,D
sz002565,顺灏股份,2025-09-24 09:39:54,7.28,27500,7.28,D
sz002565,顺灏股份,2025-09-24 09:40:00,7.3,66600,7.28,U
sz002565,顺灏股份,2025-09-24 09:40:15,7.3,20000,7.29,U
sz002565,顺灏股份,2025-09-24 09:40:45,7.3,121000,7.29,U
sz002565,顺灏股份,2025-09-24 09:41:18,7.31,43800,7.31,U
sz002565,顺灏股份,2025-09-24 09:43:00,7.29,26300,7.3,D
sz002565,顺灏股份,2025-09-24 09:44:03,7.28,35700,7.29,D
sz002565,顺灏股份,2025-09-24 09:44:48,7.29,81300,7.27,U
sz002565,顺灏股份,2025-09-24 09:45:12,7.28,24600,7.28,D
sz002565,顺灏股份,2025-09-24 09:46:12,7.27,48000,7.27,D
sz002565,顺灏股份,2025-09-24 09:46:15,7.27,21500,7.27,U
sz002565,顺灏股份,2025-09-24 09:46:54,7.27,33600,7.26,U
sz002565,顺灏股份,2025-09-24 09:47:00,7.27,50200,7.25,U
sz002565,顺灏股份,2025-09-24 09:48:06,7.27,34000,7.27,D
sz002565,顺灏股份,2025-09-24 09:48:27,7.26,46000,7.27,D
sz002565,顺灏股份,2025-09-24 09:49:03,7.26,34500,7.26,U
sz002565,顺灏股份,2025-09-24 09:49:54,7.25,39000,7.25,D
sz002565,顺灏股份,2025-09-24 09:50:00,7.25,91800,7.25,D
sz002565,顺灏股份,2025-09-24 09:50:09,7.24,59900,7.25,D
sz002565,顺灏股份,2025-09-24 09:50:48,7.24,121900,7.24,D
sz002565,顺灏股份,2025-09-24 09:51:03,7.26,77700,7.24,U
sz002565,顺灏股份,2025-09-24 09:51:06,7.25,38200,7.26,D
sz002565,顺灏股份,2025-09-24 09:51:21,7.26,90000,7.26,U
sz002565,顺灏股份,2025-09-24 09:51:33,7.25,22000,7.25,D
sz002565,顺灏股份,2025-09-24 09:53:15,7.25,151400,7.26,D
sz002565,顺灏股份,2025-09-24 09:53:45,7.23,200200,7.25,D
sz002565,顺灏股份,2025-09-24 09:54:21,7.23,200900,7.24,D
sz002565,顺灏股份,2025-09-24 09:56:45,7.23,86000,7.23,D
sz002565,顺灏股份,2025-09-24 09:57:00,7.23,23800,7.23,U
sz002565,顺灏股份,2025-09-24 09:57:12,7.23,66000,7.23,D
sz002565,顺灏股份,2025-09-24 09:57:15,7.24,46900,7.23,U
sz002565,顺灏股份,2025-09-24 09:57:36,7.24,66600,7.24,U
sz002565,顺灏股份,2025-09-24 09:58:30,7.23,30400,7.24,D
sz002565,顺灏股份,2025-09-24 09:59:12,7.23,31500,7.23,D
sz002565,顺灏股份,2025-09-24 09:59:15,7.23,150200,7.23,D
sz002565,顺灏股份,2025-09-24 10:00:09,7.24,32600,7.23,U
sz002565,顺灏股份,2025-09-24 10:00:30,7.26,99300,7.24,U
sz002565,顺灏股份,2025-09-24 10:00:33,7.26,303600,7.26,D
sz002565,顺灏股份,2025-09-24 10:00:48,7.27,24100,7.26,U
sz002565,顺灏股份,2025-09-24 10:01:06,7.26,38500,7.26,D
sz002565,顺灏股份,2025-09-24 10:01:45,7.25,24400,7.27,D
sz002565,顺灏股份,2025-09-24 10:03:09,7.27,66100,7.27,U
sz002565,顺灏股份,2025-09-24 10:03:12,7.27,47300,7.27,U
sz002565,顺灏股份,2025-09-24 10:03:18,7.27,39800,7.27,D
sz002565,顺灏股份,2025-09-24 10:03:57,7.27,50000,7.28,D
sz002565,顺灏股份,2025-09-24 10:06:27,7.27,39100,7.26,U
sz002565,顺灏股份,2025-09-24 10:06:39,7.26,68800,7.27,D
sz002565,顺灏股份,2025-09-24 10:06:45,7.26,69000,7.26,D
sz002565,顺灏股份,2025-09-24 10:08:21,7.25,59500,7.26,D
sz002565,顺灏股份,2025-09-24 10:09:39,7.25,44500,7.25,D
sz002565,顺灏股份,2025-09-24 10:10:15,7.24,22000,7.24,D
sz002565,顺灏股份,2025-09-24 10:10:18,7.25,33100,7.24,U
sz002565,顺灏股份,2025-09-24 10:10:51,7.23,30000,7.24,D
sz002565,顺灏股份,2025-09-24 10:15:42,7.25,46400,7.24,U
sz002565,顺灏股份,2025-09-24 10:18:03,7.23,27800,7.24,D
sz002565,顺灏股份,2025-09-24 10:18:21,7.24,28400,7.23,U
sz002565,顺灏股份,2025-09-24 10:20:03,7.24,24700,7.24,D
sz002565,顺灏股份,2025-09-24 10:20:21,7.23,85900,7.24,D
sz002565,顺灏股份,2025-09-24 10:20:30,7.23,101000,7.24,D
sz002565,顺灏股份,2025-09-24 10:21:18,7.24,26000,7.24,D
sz002565,顺灏股份,2025-09-24 10:21:36,7.24,58600,7.24,U
sz002565,顺灏股份,2025-09-24 10:24:24,7.23,62000,7.24,D
sz002565,顺灏股份,2025-09-24 10:25:21,7.23,21200,7.23,D
sz002565,顺灏股份,2025-09-24 10:25:27,7.24,125900,7.24,U
sz002565,顺灏股份,2025-09-24 10:25:30,7.24,49300,7.24,D
sz002565,顺灏股份,2025-09-24 10:25:57,7.23,21000,7.23,D
sz002565,顺灏股份,2025-09-24 10:26:39,7.23,100000,7.23,D
sz002565,顺灏股份,2025-09-24 10:30:03,7.25,56900,7.23,U
sz002565,顺灏股份,2025-09-24 10:30:12,7.25,29400,7.24,U
sz002565,顺灏股份,2025-09-24 10:30:33,7.23,517600,7.24,D
sz002565,顺灏股份,2025-09-24 10:30:42,7.24,103200,7.23,U
sz002565,顺灏股份,2025-09-24 10:31:18,7.22,40200,7.23,D
sz002565,顺灏股份,2025-09-24 10:32:06,7.22,20000,7.24,D
sz002565,顺灏股份,2025-09-24 10:34:48,7.21,538700,7.22,D
sz002565,顺灏股份,2025-09-24 10:35:51,7.24,50000,7.21,U
sz002565,顺灏股份,2025-09-24 10:36:00,7.21,500800,7.22,D
sz002565,顺灏股份,2025-09-24 10:38:06,7.22,52900,7.23,D
sz002565,顺灏股份,2025-09-24 10:39:42,7.21,45800,7.22,D
sz002565,顺灏股份,2025-09-24 10:39:45,7.2,504500,7.21,D
sz002565,顺灏股份,2025-09-24 10:40:09,7.2,20000,7.19,U
sz002565,顺灏股份,2025-09-24 10:40:39,7.19,29500,7.19,D
sz002565,顺灏股份,2025-09-24 10:41:00,7.19,29900,7.19,D
sz002565,顺灏股份,2025-09-24 10:41:24,7.17,503100,7.19,D
sz002565,顺灏股份,2025-09-24 10:41:48,7.17,42000,7.17,U
sz002565,顺灏股份,2025-09-24 10:42:00,7.17,36900,7.16,U
sz002565,顺灏股份,2025-09-24 10:42:36,7.16,33900,7.16,D
sz002565,顺灏股份,2025-09-24 10:44:09,7.18,21400,7.18,U
sz002565,顺灏股份,2025-09-24 10:44:15,7.11,500000,7.18,D
sz002565,顺灏股份,2025-09-24 10:44:21,7.16,30200,7.17,D
sz002565,顺灏股份,2025-09-24 10:44:24,7.14,424800,7.16,D
sz002565,顺灏股份,2025-09-24 10:44:33,7.17,31500,7.15,U
sz002565,顺灏股份,2025-09-24 10:44:36,7.14,442100,7.17,D
sz002565,顺灏股份,2025-09-24 10:45:03,7.17,58900,7.15,U
sz002565,顺灏股份,2025-09-24 10:45:09,7.16,27900,7.17,E
sz002565,顺灏股份,2025-09-24 10:45:33,7.17,151900,7.17,D
sz002565,顺灏股份,2025-09-24 10:46:18,7.16,73000,7.17,D
sz002565,顺灏股份,2025-09-24 10:47:27,7.26,1060600,7.16,U
sz002565,顺灏股份,2025-09-24 10:47:30,7.24,55400,7.26,D
sz002565,顺灏股份,2025-09-24 10:47:39,7.22,21700,7.23,D
sz002565,顺灏股份,2025-09-24 10:47:42,7.34,1498100,7.22,U
sz002565,顺灏股份,2025-09-24 10:47:45,7.33,91200,7.34,D
sz002565,顺灏股份,2025-09-24 10:47:54,7.3,21700,7.3,D
sz002565,顺灏股份,2025-09-24 10:48:09,7.26,32100,7.29,D
sz002565,顺灏股份,2025-09-24 10:48:30,7.24,21600,7.26,D
sz002565,顺灏股份,2025-09-24 10:49:00,7.3,291700,7.23,U
sz002565,顺灏股份,2025-09-24 10:49:03,7.32,32500,7.3,U
sz002565,顺灏股份,2025-09-24 10:49:09,7.3,31500,7.32,D
sz002565,顺灏股份,2025-09-24 10:49:12,7.3,68200,7.3,U
sz002565,顺灏股份,2025-09-24 10:49:21,7.4,1033400,7.3,U
sz002565,顺灏股份,2025-09-24 10:49:30,7.4,35400,7.4,U
sz002565,顺灏股份,2025-09-24 10:49:33,7.39,29100,7.4,U
sz002565,顺灏股份,2025-09-24 10:49:36,7.39,69800,7.39,U
sz002565,顺灏股份,2025-09-24 10:49:42,7.37,35000,7.39,D
sz002565,顺灏股份,2025-09-24 10:49:45,7.36,21400,7.37,E
sz002565,顺灏股份,2025-09-24 10:50:00,7.32,67700,7.34,D
sz002565,顺灏股份,2025-09-24 10:50:15,7.36,20800,7.35,U
sz002565,顺灏股份,2025-09-24 10:50:21,7.36,87300,7.35,U
sz002565,顺灏股份,2025-09-24 10:50:30,7.37,68700,7.37,U
sz002565,顺灏股份,2025-09-24 10:50:33,7.38,47800,7.37,U
sz002565,顺灏股份,2025-09-24 10:50:36,7.49,588800,7.38,U
sz002565,顺灏股份,2025-09-24 10:50:39,7.48,40800,7.49,E
sz002565,顺灏股份,2025-09-24 10:50:42,7.44,92500,7.48,D
sz002565,顺灏股份,2025-09-24 10:50:45,7.42,102200,7.44,D
sz002565,顺灏股份,2025-09-24 10:50:54,7.41,70800,7.42,U
sz002565,顺灏股份,2025-09-24 10:50:57,7.41,20700,7.41,U
sz002565,顺灏股份,2025-09-24 10:51:00,7.42,120200,7.41,U
sz002565,顺灏股份,2025-09-24 10:51:06,7.45,60400,7.42,U
sz002565,顺灏股份,2025-09-24 10:51:09,7.45,38300,7.45,U
sz002565,顺灏股份,2025-09-24 10:51:12,7.43,97200,7.45,D
sz002565,顺灏股份,2025-09-24 10:51:21,7.43,62500,7.43,U
sz002565,顺灏股份,2025-09-24 10:51:24,7.43,122400,7.43,U
sz002565,顺灏股份,2025-09-24 10:51:27,7.42,66700,7.43,D
sz002565,顺灏股份,2025-09-24 10:51:42,7.45,88700,7.45,D
sz002565,顺灏股份,2025-09-24 10:51:45,7.47,59500,7.45,U
sz002565,顺灏股份,2025-09-24 10:51:48,7.48,67500,7.47,U
sz002565,顺灏股份,2025-09-24 10:51:51,7.46,20700,7.48,D
sz002565,顺灏股份,2025-09-24 10:51:54,7.48,22100,7.46,U
sz002565,顺灏股份,2025-09-24 10:52:00,7.44,144500,7.46,D
sz002565,顺灏股份,2025-09-24 10:52:03,7.48,53200,7.44,U
sz002565,顺灏股份,2025-09-24 10:52:06,7.45,31500,7.48,D
sz002565,顺灏股份,2025-09-24 10:52:09,7.45,29000,7.45,D
sz002565,顺灏股份,2025-09-24 10:52:12,7.45,22700,7.45,U
sz002565,顺灏股份,2025-09-24 10:52:18,7.42,20700,7.44,D
sz002565,顺灏股份,2025-09-24 10:52:21,7.42,20000,7.42,U
sz002565,顺灏股份,2025-09-24 10:52:30,7.4,56600,7.41,D
sz002565,顺灏股份,2025-09-24 10:52:42,7.4,28300,7.41,D
sz002565,顺灏股份,2025-09-24 10:52:45,7.4,33600,7.4,U
sz002565,顺灏股份,2025-09-24 10:52:57,7.4,23900,7.39,U
sz002565,顺灏股份,2025-09-24 10:53:24,7.37,20700,7.37,U
sz002565,顺灏股份,2025-09-24 10:53:27,7.36,21900,7.37,D
sz002565,顺灏股份,2025-09-24 10:53:36,7.37,24100,7.37,D
sz002565,顺灏股份,2025-09-24 10:53:39,7.36,29200,7.37,D
sz002565,顺灏股份,2025-09-24 10:53:42,7.37,24300,7.36,U
sz002565,顺灏股份,2025-09-24 10:53:48,7.37,21000,7.37,U
sz002565,顺灏股份,2025-09-24 10:54:18,7.36,38500,7.36,D
sz002565,顺灏股份,2025-09-24 10:54:51,7.37,71200,7.35,U
sz002565,顺灏股份,2025-09-24 10:55:45,7.38,33200,7.38,U
sz002565,顺灏股份,2025-09-24 10:55:51,7.37,22300,7.37,D
sz002565,顺灏股份,2025-09-24 10:56:00,7.36,36900,7.36,D
sz002565,顺灏股份,2025-09-24 10:56:33,7.34,130500,7.36,D
sz002565,顺灏股份,2025-09-24 10:56:57,7.34,47800,7.34,U
sz002565,顺灏股份,2025-09-24 10:57:03,7.36,38200,7.34,U
sz002565,顺灏股份,2025-09-24 10:57:24,7.36,31800,7.36,U
sz002565,顺灏股份,2025-09-24 10:57:36,7.36,23600,7.36,U
sz002565,顺灏股份,2025-09-24 10:57:51,7.37,54300,7.37,D
sz002565,顺灏股份,2025-09-24 10:58:03,7.38,24000,7.37,U
sz002565,顺灏股份,2025-09-24 10:58:12,7.37,40800,7.38,D
sz002565,顺灏股份,2025-09-24 10:59:48,7.31,100000,7.35,D
sz002565,顺灏股份,2025-09-24 11:00:45,7.34,36800,7.34,D
sz002565,顺灏股份,2025-09-24 11:02:42,7.32,64100,7.31,U
sz002565,顺灏股份,2025-09-24 11:03:06,7.32,20200,7.32,D
sz002565,顺灏股份,2025-09-24 11:03:09,7.32,73300,7.32,U
sz002565,顺灏股份,2025-09-24 11:04:03,7.31,27000,7.32,D
sz002565,顺灏股份,2025-09-24 11:04:06,7.31,39000,7.31,U
sz002565,顺灏股份,2025-09-24 11:04:27,7.32,27100,7.31,U
sz002565,顺灏股份,2025-09-24 11:05:27,7.31,25300,7.31,D
sz002565,顺灏股份,2025-09-24 11:06:21,7.3,58000,7.31,D
sz002565,顺灏股份,2025-09-24 11:07:27,7.29,46000,7.3,D
sz002565,顺灏股份,2025-09-24 11:08:21,7.3,26300,7.3,U
sz002565,顺灏股份,2025-09-24 11:09:06,7.31,48600,7.31,U
sz002565,顺灏股份,2025-09-24 11:09:30,7.31,35100,7.31,D
sz002565,顺灏股份,2025-09-24 11:09:33,7.31,22000,7.31,D
sz002565,顺灏股份,2025-09-24 11:10:03,7.31,44000,7.3,U
sz002565,顺灏股份,2025-09-24 11:10:21,7.31,20900,7.32,D
sz002565,顺灏股份,2025-09-24 11:10:54,7.32,51200,7.31,U
sz002565,顺灏股份,2025-09-24 11:11:03,7.32,39100,7.32,U
sz002565,顺灏股份,2025-09-24 11:11:09,7.33,72400,7.33,U
sz002565,顺灏股份,2025-09-24 11:12:00,7.31,20600,7.32,D
sz002565,顺灏股份,2025-09-24 11:12:09,7.33,124700,7.31,U
sz002565,顺灏股份,2025-09-24 11:12:15,7.33,32500,7.33,D
sz002565,顺灏股份,2025-09-24 11:12:57,7.31,118200,7.31,D
sz002565,顺灏股份,2025-09-24 11:18:54,7.3,52400,7.3,D
sz002565,顺灏股份,2025-09-24 11:19:39,7.32,48000,7.32,U
sz002565,顺灏股份,2025-09-24 11:22:33,7.32,21400,7.32,D
sz002565,顺灏股份,2025-09-24 11:22:42,7.32,20600,7.31,U
sz002565,顺灏股份,2025-09-24 11:24:09,7.32,23400,7.32,U
sz002565,顺灏股份,2025-09-24 11:24:12,7.32,21400,7.32,U
sz002565,顺灏股份,2025-09-24 11:24:45,7.32,20000,7.31,U
sz002565,顺灏股份,2025-09-24 11:24:57,7.32,74000,7.32,U
sz002565,顺灏股份,2025-09-24 13:00:03,7.32,42200,7.32,U
sz002565,顺灏股份,2025-09-24 13:00:36,7.33,21900,7.33,U
sz002565,顺灏股份,2025-09-24 13:03:18,7.31,26300,7.32,D
sz002565,顺灏股份,2025-09-24 13:07:30,7.3,305700,7.32,D
sz002565,顺灏股份,2025-09-24 13:07:33,7.3,24900,7.3,D
sz002565,顺灏股份,2025-09-24 13:07:39,7.3,20900,7.3,D
sz002565,顺灏股份,2025-09-24 13:09:33,7.3,27900,7.29,U
sz002565,顺灏股份,2025-09-24 13:09:39,7.3,26400,7.3,U
sz002565,顺灏股份,2025-09-24 13:15:45,7.32,50000,7.3,U
sz002565,顺灏股份,2025-09-24 13:19:39,7.3,30000,7.31,D
sz002565,顺灏股份,2025-09-24 13:20:54,7.3,20800,7.3,D
sz002565,顺灏股份,2025-09-24 13:20:57,7.3,65700,7.3,D
sz002565,顺灏股份,2025-09-24 13:22:36,7.28,66900,7.29,D
sz002565,顺灏股份,2025-09-24 13:23:30,7.29,20000,7.29,U
sz002565,顺灏股份,2025-09-24 13:23:33,7.28,312700,7.29,D
sz002565,顺灏股份,2025-09-24 13:24:51,7.28,53700,7.28,D
sz002565,顺灏股份,2025-09-24 13:29:42,7.28,40000,7.29,D
sz002565,顺灏股份,2025-09-24 13:32:12,7.29,22000,7.29,U
sz002565,顺灏股份,2025-09-24 13:34:06,7.29,38000,7.29,D
sz002565,顺灏股份,2025-09-24 13:36:12,7.28,67100,7.29,D
sz002565,顺灏股份,2025-09-24 13:36:30,7.27,42700,7.28,D
sz002565,顺灏股份,2025-09-24 13:36:33,7.28,50000,7.27,U
sz002565,顺灏股份,2025-09-24 13:44:30,7.28,38200,7.27,U
sz002565,顺灏股份,2025-09-24 13:45:06,7.27,40000,7.28,D
sz002565,顺灏股份,2025-09-24 13:51:36,7.29,21100,7.29,U
sz002565,顺灏股份,2025-09-24 13:51:39,7.29,36800,7.29,U
sz002565,顺灏股份,2025-09-24 13:55:48,7.28,27600,7.29,D
sz002565,顺灏股份,2025-09-24 13:56:51,7.28,62400,7.28,D
sz002565,顺灏股份,2025-09-24 13:57:00,7.28,27900,7.28,D
sz002565,顺灏股份,2025-09-24 13:57:21,7.27,47500,7.27,D
sz002565,顺灏股份,2025-09-24 13:59:00,7.27,20600,7.27,D
sz002565,顺灏股份,2025-09-24 14:01:21,7.27,49500,7.27,D
sz002565,顺灏股份,2025-09-24 14:01:27,7.28,24500,7.28,U
sz002565,顺灏股份,2025-09-24 14:05:03,7.27,30400,7.28,D
sz002565,顺灏股份,2025-09-24 14:09:39,7.26,60000,7.27,D
sz002565,顺灏股份,2025-09-24 14:10:15,7.26,80400,7.27,D
sz002565,顺灏股份,2025-09-24 14:10:39,7.26,22800,7.26,U
sz002565,顺灏股份,2025-09-24 14:12:27,7.28,47600,7.28,U
sz002565,顺灏股份,2025-09-24 14:14:57,7.29,21300,7.29,U
sz002565,顺灏股份,2025-09-24 14:17:12,7.29,20000,7.3,D
sz002565,顺灏股份,2025-09-24 14:20:09,7.29,28100,7.29,D
sz002565,顺灏股份,2025-09-24 14:20:12,7.29,27600,7.29,D
sz002565,顺灏股份,2025-09-24 14:21:06,7.3,30100,7.29,U
sz002565,顺灏股份,2025-09-24 14:25:42,7.3,119600,7.3,U
sz002565,顺灏股份,2025-09-24 14:27:57,7.3,23600,7.3,U
sz002565,顺灏股份,2025-09-24 14:31:39,7.29,36500,7.3,D
sz002565,顺灏股份,2025-09-24 14:32:24,7.29,29600,7.29,U
sz002565,顺灏股份,2025-09-24 14:32:42,7.29,21700,7.29,U
sz002565,顺灏股份,2025-09-24 14:34:03,7.28,253300,7.29,D
sz002565,顺灏股份,2025-09-24 14:37:24,7.29,28900,7.29,U
sz002565,顺灏股份,2025-09-24 14:38:09,7.3,24000,7.3,U
sz002565,顺灏股份,2025-09-24 14:40:03,7.3,38500,7.29,U
sz002565,顺灏股份,2025-09-24 14:40:15,7.3,50900,7.3,U
sz002565,顺灏股份,2025-09-24 14:41:06,7.3,50800,7.3,U
sz002565,顺灏股份,2025-09-24 14:45:57,7.29,47200,7.29,D
sz002565,顺灏股份,2025-09-24 14:46:12,7.29,48500,7.29,U
sz002565,顺灏股份,2025-09-24 14:46:48,7.29,237200,7.29,D
sz002565,顺灏股份,2025-09-24 14:50:03,7.28,94800,7.29,D
sz002565,顺灏股份,2025-09-24 14:51:03,7.28,24400,7.28,D
sz002565,顺灏股份,2025-09-24 14:51:06,7.29,182100,7.28,U
sz002565,顺灏股份,2025-09-24 14:52:15,7.3,162300,7.3,U
sz002565,顺灏股份,2025-09-24 14:52:27,7.29,24200,7.3,D
sz002565,顺灏股份,2025-09-24 14:53:03,7.3,88900,7.3,U
sz002565,顺灏股份,2025-09-24 14:53:48,7.3,22400,7.3,U
sz002565,顺灏股份,2025-09-24 14:54:12,7.3,26000,7.29,U
sz002565,顺灏股份,2025-09-24 14:55:30,7.3,20000,7.3,D
sz002565,顺灏股份,2025-09-24 14:56:00,7.31,91000,7.3,U
sz002565,顺灏股份,2025-09-24 14:56:39,7.29,51700,7.3,D
sz002565,顺灏股份,2025-09-24 14:56:42,7.3,58100,7.29,U
sz002565,顺灏股份,2025-09-24 15:00:00,7.31,258000,7.3,E
