symbol,name,ticktime,price,volume,prev_price,kind
sz002565,顺灏股份,2025-10-09 09:25:00,7.42,50800,0.0,U
sz002565,顺灏股份,2025-10-09 09:30:00,7.45,26100,7.42,U
sz002565,顺灏股份,2025-10-09 09:30:03,7.45,164600,7.45,D
sz002565,顺灏股份,2025-10-09 09:30:09,7.44,24400,7.45,D
sz002565,顺灏股份,2025-10-09 09:30:12,7.44,28200,7.44,U
sz002565,顺灏股份,2025-10-09 09:30:18,7.43,24200,7.44,D
sz002565,顺灏股份,2025-10-09 09:30:27,7.42,26400,7.42,D
sz002565,顺灏股份,2025-10-09 09:30:30,7.42,45900,7.42,D
sz002565,顺灏股份,2025-10-09 09:30:33,7.42,22800,7.42,D
sz002565,顺灏股份,2025-10-09 09:30:36,7.42,39600,7.42,D
sz002565,顺灏股份,2025-10-09 09:30:45,7.42,29000,7.42,D
sz002565,顺灏股份,2025-10-09 09:30:48,7.41,55500,7.42,D
sz002565,顺灏股份,2025-10-09 09:30:51,7.4,50300,7.41,D
sz002565,顺灏股份,2025-10-09 09:31:06,7.38,48000,7.38,D
sz002565,顺灏股份,2025-10-09 09:31:09,7.38,58900,7.38,U
sz002565,顺灏股份,2025-10-09 09:31:21,7.38,36000,7.38,D
sz002565,顺灏股份,2025-10-09 09:31:36,7.38,20300,7.39,D
sz002565,顺灏股份,2025-10-09 09:31:57,7.35,189700,7.38,D
sz002565,顺灏股份,2025-10-09 09:32:21,7.37,23900,7.38,E
sz002565,顺灏股份,2025-10-09 09:32:30,7.37,28700,7.37,D
sz002565,顺灏股份,2025-10-09 09:32:48,7.37,34100,7.37,U
sz002565,顺灏股份,2025-10-09 09:32:51,7.36,65800,7.37,U
sz002565,顺灏股份,2025-10-09 09:33:12,7.36,32400,7.35,U
sz002565,顺灏股份,2025-10-09 09:33:33,7.35,81200,7.34,U
sz002565,顺灏股份,2025-10-09 09:33:45,7.34,684600,7.34,U
sz002565,顺灏股份,2025-10-09 09:34:36,7.32,31400,7.33,D
sz002565,顺灏股份,2025-10-09 09:35:30,7.32,27200,7.34,D
sz002565,顺灏股份,2025-10-09 09:35:33,7.3,165800,7.32,D
sz002565,顺灏股份,2025-10-09 09:35:45,7.29,21400,7.3,D
sz002565,顺灏股份,2025-10-09 09:36:27,7.3,37000,7.3,D
sz002565,顺灏股份,2025-10-09 09:36:30,7.3,48100,7.3,U
sz002565,顺灏股份,2025-10-09 09:36:42,7.3,56800,7.29,U
sz002565,顺灏股份,2025-10-09 09:36:45,7.3,21900,7.3,U
sz002565,顺灏股份,2025-10-09 09:36:48,7.3,24700,7.3,U
sz002565,顺灏股份,2025-10-09 09:36:54,7.31,43000,7.3,U
sz002565,顺灏股份,2025-10-09 09:37:12,7.34,29600,7.32,U
sz002565,顺灏股份,2025-10-09 09:37:15,7.32,36100,7.34,D
sz002565,顺灏股份,2025-10-09 09:37:27,7.32,66700,7.32,D
sz002565,顺灏股份,2025-10-09 09:37:33,7.32,22200,7.33,U
sz002565,顺灏股份,2025-10-09 09:38:27,7.31,42500,7.32,D
sz002565,顺灏股份,2025-10-09 09:38:45,7.31,63700,7.31,D
sz002565,顺灏股份,2025-10-09 09:38:48,7.3,74500,7.31,D
sz002565,顺灏股份,2025-10-09 09:38:51,7.31,73800,7.3,U
sz002565,顺灏股份,2025-10-09 09:38:54,7.3,232400,7.31,D
sz002565,顺灏股份,2025-10-09 09:38:57,7.3,35000,7.3,U
sz002565,顺灏股份,2025-10-09 09:39:24,7.3,29500,7.3,D
sz002565,顺灏股份,2025-10-09 09:39:27,7.3,24600,7.3,D
sz002565,顺灏股份,2025-10-09 09:39:30,7.3,35100,7.3,D
sz002565,顺灏股份,2025-10-09 09:39:33,7.31,112200,7.3,U
sz002565,顺灏股份,2025-10-09 09:40:54,7.29,400800,7.29,D
sz002565,顺灏股份,2025-10-09 09:40:57,7.31,47500,7.29,U
sz002565,顺灏股份,2025-10-09 09:41:15,7.28,50000,7.31,D
sz002565,顺灏股份,2025-10-09 09:41:18,7.3,20100,7.28,U
sz002565,顺灏股份,2025-10-09 09:41:30,7.3,22200,7.3,U
sz002565,顺灏股份,2025-10-09 09:41:51,7.29,170050,7.29,D
sz002565,顺灏股份,2025-10-09 09:42:06,7.28,21850,7.28,D
sz002565,顺灏股份,2025-10-09 09:42:36,7.27,30100,7.27,D
sz002565,顺灏股份,2025-10-09 09:42:42,7.27,49100,7.27,D
sz002565,顺灏股份,2025-10-09 09:42:45,7.28,135100,7.27,U
sz002565,顺灏股份,2025-10-09 09:42:48,7.28,79500,7.28,U
sz002565,顺灏股份,2025-10-09 09:42:51,7.26,34500,7.28,D
sz002565,顺灏股份,2025-10-09 09:42:57,7.26,20000,7.28,D
sz002565,顺灏股份,2025-10-09 09:43:12,7.27,51800,7.27,E
sz002565,顺灏股份,2025-10-09 09:43:18,7.27,43300,7.27,U
sz002565,顺灏股份,2025-10-09 09:43:54,7.26,87900,7.26,D
sz002565,顺灏股份,2025-10-09 09:43:57,7.25,70700,7.26,D
sz002565,顺灏股份,2025-10-09 09:44:00,7.25,35500,7.25,D
sz002565,顺灏股份,2025-10-09 09:44:06,7.25,31900,7.24,U
sz002565,顺灏股份,2025-10-09 09:44:12,7.24,35200,7.25,D
sz002565,顺灏股份,2025-10-09 09:44:15,7.24,49900,7.24,D
sz002565,顺灏股份,2025-10-09 09:45:36,7.26,29500,7.27,D
sz002565,顺灏股份,2025-10-09 09:45:39,7.27,71100,7.26,U
sz002565,顺灏股份,2025-10-09 09:46:06,7.26,41800,7.26,D
sz002565,顺灏股份,2025-10-09 09:46:09,7.24,136100,7.26,D
sz002565,顺灏股份,2025-10-09 09:46:21,7.24,65800,7.25,D
sz002565,顺灏股份,2025-10-09 09:46:30,7.23,59500,7.24,D
sz002565,顺灏股份,2025-10-09 09:46:48,7.23,27500,7.22,U
sz002565,顺灏股份,2025-10-09 09:46:51,7.22,106800,7.23,D
sz002565,顺灏股份,2025-10-09 09:47:03,7.21,35800,7.22,D
sz002565,顺灏股份,2025-10-09 09:47:21,7.22,23400,7.23,D
sz002565,顺灏股份,2025-10-09 09:47:24,7.22,92700,7.22,D
sz002565,顺灏股份,2025-10-09 09:47:39,7.23,32600,7.23,U
sz002565,顺灏股份,2025-10-09 09:47:45,7.23,28000,7.23,D
sz002565,顺灏股份,2025-10-09 09:48:24,7.23,44500,7.23,D
sz002565,顺灏股份,2025-10-09 09:48:51,7.23,40700,7.23,U
sz002565,顺灏股份,2025-10-09 09:48:57,7.24,50000,7.23,U
sz002565,顺灏股份,2025-10-09 09:49:03,7.23,21800,7.23,U
sz002565,顺灏股份,2025-10-09 09:49:27,7.22,102400,7.22,D
sz002565,顺灏股份,2025-10-09 09:49:39,7.22,131000,7.23,D
sz002565,顺灏股份,2025-10-09 09:49:51,7.21,29100,7.22,D
sz002565,顺灏股份,2025-10-09 09:50:03,7.21,28000,7.22,D
sz002565,顺灏股份,2025-10-09 09:50:15,7.22,176500,7.22,U
sz002565,顺灏股份,2025-10-09 09:50:18,7.21,21400,7.22,D
sz002565,顺灏股份,2025-10-09 09:50:36,7.21,30700,7.21,D
sz002565,顺灏股份,2025-10-09 09:51:09,7.19,353300,7.2,D
sz002565,顺灏股份,2025-10-09 09:51:27,7.2,55700,7.19,U
sz002565,顺灏股份,2025-10-09 09:51:42,7.2,37200,7.2,U
sz002565,顺灏股份,2025-10-09 09:52:12,7.19,20100,7.2,D
sz002565,顺灏股份,2025-10-09 09:52:30,7.2,48500,7.2,D
sz002565,顺灏股份,2025-10-09 09:52:39,7.2,33000,7.2,U
sz002565,顺灏股份,2025-10-09 09:52:54,7.21,50200,7.2,U
sz002565,顺灏股份,2025-10-09 09:53:42,7.21,35000,7.22,D
sz002565,顺灏股份,2025-10-09 09:53:45,7.22,24900,7.21,U
sz002565,顺灏股份,2025-10-09 09:53:48,7.22,37800,7.22,U
sz002565,顺灏股份,2025-10-09 09:54:15,7.22,36000,7.23,D
sz002565,顺灏股份,2025-10-09 09:54:27,7.23,25200,7.23,U
sz002565,顺灏股份,2025-10-09 09:54:30,7.23,32500,7.23,U
sz002565,顺灏股份,2025-10-09 09:54:39,7.22,23100,7.23,D
sz002565,顺灏股份,2025-10-09 09:55:00,7.23,34800,7.23,D
sz002565,顺灏股份,2025-10-09 09:55:03,7.23,61000,7.23,D
sz002565,顺灏股份,2025-10-09 09:55:15,7.23,29900,7.24,E
sz002565,顺灏股份,2025-10-09 09:55:18,7.22,51600,7.23,D
sz002565,顺灏股份,2025-10-09 09:55:48,7.24,23100,7.24,U
sz002565,顺灏股份,2025-10-09 09:57:00,7.24,26800,7.23,U
sz002565,顺灏股份,2025-10-09 09:57:15,7.24,25000,7.24,U
sz002565,顺灏股份,2025-10-09 09:57:36,7.24,27300,7.24,U
sz002565,顺灏股份,2025-10-09 09:57:39,7.24,29300,7.24,U
sz002565,顺灏股份,2025-10-09 09:57:42,7.25,324650,7.24,U
sz002565,顺灏股份,2025-10-09 09:57:45,7.25,24300,7.25,U
sz002565,顺灏股份,2025-10-09 09:58:03,7.25,20700,7.25,U
sz002565,顺灏股份,2025-10-09 09:58:09,7.26,90900,7.25,U
sz002565,顺灏股份,2025-10-09 09:58:51,7.28,20000,7.28,U
sz002565,顺灏股份,2025-10-09 09:58:54,7.28,61900,7.28,U
sz002565,顺灏股份,2025-10-09 09:59:09,7.29,20000,7.28,U
sz002565,顺灏股份,2025-10-09 10:00:21,7.28,66500,7.28,D
sz002565,顺灏股份,2025-10-09 10:00:39,7.27,34500,7.27,D
sz002565,顺灏股份,2025-10-09 10:01:03,7.27,20200,7.27,D
sz002565,顺灏股份,2025-10-09 10:01:18,7.27,37100,7.27,U
sz002565,顺灏股份,2025-10-09 10:01:42,7.27,90400,7.28,D
sz002565,顺灏股份,2025-10-09 10:01:57,7.26,20700,7.27,D
sz002565,顺灏股份,2025-10-09 10:02:12,7.27,74700,7.27,U
sz002565,顺灏股份,2025-10-09 10:02:27,7.27,55600,7.27,D
sz002565,顺灏股份,2025-10-09 10:02:36,7.29,103800,7.27,U
sz002565,顺灏股份,2025-10-09 10:02:45,7.3,25600,7.29,U
sz002565,顺灏股份,2025-10-09 10:05:00,7.29,66000,7.28,U
sz002565,顺灏股份,2025-10-09 10:05:24,7.28,32400,7.28,D
sz002565,顺灏股份,2025-10-09 10:05:45,7.29,69500,7.29,U
sz002565,顺灏股份,2025-10-09 10:06:51,7.3,105700,7.3,U
sz002565,顺灏股份,2025-10-09 10:07:36,7.29,32800,7.29,D
sz002565,顺灏股份,2025-10-09 10:08:33,7.28,57900,7.28,D
sz002565,顺灏股份,2025-10-09 10:08:48,7.28,21400,7.28,D
sz002565,顺灏股份,2025-10-09 10:09:03,7.28,22400,7.28,D
sz002565,顺灏股份,2025-10-09 10:10:03,7.27,20000,7.27,D
sz002565,顺灏股份,2025-10-09 10:10:42,7.28,30600,7.28,U
sz002565,顺灏股份,2025-10-09 10:10:51,7.28,37300,7.28,U
sz002565,顺灏股份,2025-10-09 10:12:03,7.28,49400,7.28,U
sz002565,顺灏股份,2025-10-09 10:13:24,7.3,40300,7.29,U
sz002565,顺灏股份,2025-10-09 10:13:39,7.3,32600,7.3,U
sz002565,顺灏股份,2025-10-09 10:13:57,7.3,58900,7.29,U
sz002565,顺灏股份,2025-10-09 10:14:00,7.31,24800,7.3,U
sz002565,顺灏股份,2025-10-09 10:14:03,7.32,113400,7.31,U
sz002565,顺灏股份,2025-10-09 10:15:48,7.35,124400,7.33,U
sz002565,顺灏股份,2025-10-09 10:16:27,7.34,93600,7.34,D
sz002565,顺灏股份,2025-10-09 10:16:42,7.33,25500,7.33,D
sz002565,顺灏股份,2025-10-09 10:17:06,7.33,71900,7.32,U
sz002565,顺灏股份,2025-10-09 10:17:51,7.33,46000,7.33,U
sz002565,顺灏股份,2025-10-09 10:18:30,7.31,60200,7.32,D
sz002565,顺灏股份,2025-10-09 10:20:27,7.29,152900,7.31,D
sz002565,顺灏股份,2025-10-09 10:23:03,7.3,24300,7.3,U
sz002565,顺灏股份,2025-10-09 10:24:00,7.31,22900,7.3,U
sz002565,顺灏股份,2025-10-09 10:25:39,7.3,25200,7.31,D
sz002565,顺灏股份,2025-10-09 10:28:42,7.3,47900,7.3,U
sz002565,顺灏股份,2025-10-09 10:31:09,7.3,50300,7.29,U
sz002565,顺灏股份,2025-10-09 10:31:12,7.31,168700,7.3,U
sz002565,顺灏股份,2025-10-09 10:35:54,7.3,90200,7.3,D
sz002565,顺灏股份,2025-10-09 10:36:00,7.31,28700,7.3,U
sz002565,顺灏股份,2025-10-09 10:36:27,7.31,20500,7.31,U
sz002565,顺灏股份,2025-10-09 10:37:45,7.32,508200,7.31,U
sz002565,顺灏股份,2025-10-09 10:39:18,7.33,31300,7.32,U
sz002565,顺灏股份,2025-10-09 10:42:00,7.32,32800,7.32,D
sz002565,顺灏股份,2025-10-09 10:42:33,7.31,36800,7.32,D
sz002565,顺灏股份,2025-10-09 10:43:21,7.32,27100,7.31,U
sz002565,顺灏股份,2025-10-09 10:46:30,7.32,35300,7.33,D
sz002565,顺灏股份,2025-10-09 10:47:06,7.31,21700,7.31,D
sz002565,顺灏股份,2025-10-09 10:49:15,7.33,39500,7.32,U
sz002565,顺灏股份,2025-10-09 10:50:12,7.33,20400,7.33,D
sz002565,顺灏股份,2025-10-09 10:50:15,7.32,281750,7.33,D
sz002565,顺灏股份,2025-10-09 10:50:18,7.33,31300,7.32,U
sz002565,顺灏股份,2025-10-09 10:51:33,7.35,94500,7.34,U
sz002565,顺灏股份,2025-10-09 10:53:15,7.35,31100,7.36,D
sz002565,顺灏股份,2025-10-09 10:55:18,7.37,79600,7.36,U
sz002565,顺灏股份,2025-10-09 10:56:03,7.36,28700,7.36,U
sz002565,顺灏股份,2025-10-09 10:56:42,7.35,34900,7.35,D
sz002565,顺灏股份,2025-10-09 10:58:06,7.35,26600,7.35,D
sz002565,顺灏股份,2025-10-09 11:01:03,7.36,21600,7.36,U
sz002565,顺灏股份,2025-10-09 11:01:09,7.38,110400,7.36,U
sz002565,顺灏股份,2025-10-09 11:01:12,7.38,20700,7.38,U
sz002565,顺灏股份,2025-10-09 11:02:18,7.36,22300,7.37,D
sz002565,顺灏股份,2025-10-09 11:03:06,7.36,47900,7.36,D
sz002565,顺灏股份,2025-10-09 11:03:24,7.36,31300,7.36,D
sz002565,顺灏股份,2025-10-09 11:04:30,7.35,20600,7.35,D
sz002565,顺灏股份,2025-10-09 11:06:33,7.36,69500,7.35,U
sz002565,顺灏股份,2025-10-09 11:07:18,7.36,33100,7.35,U
sz002565,顺灏股份,2025-10-09 11:07:24,7.35,26900,7.36,D
sz002565,顺灏股份,2025-10-09 11:07:27,7.36,20900,7.35,U
sz002565,顺灏股份,2025-10-09 11:08:09,7.37,187600,7.35,U
sz002565,顺灏股份,2025-10-09 11:10:21,7.37,50000,7.37,D
sz002565,顺灏股份,2025-10-09 11:13:36,7.37,40300,7.37,D
sz002565,顺灏股份,2025-10-09 11:15:27,7.37,51000,7.36,U
sz002565,顺灏股份,2025-10-09 11:19:45,7.35,31000,7.35,D
sz002565,顺灏股份,2025-10-09 11:20:48,7.38,206400,7.37,U
sz002565,顺灏股份,2025-10-09 11:22:21,7.39,60000,7.37,U
sz002565,顺灏股份,2025-10-09 11:24:45,7.39,25200,7.38,U
sz002565,顺灏股份,2025-10-09 11:25:30,7.39,45100,7.39,D
sz002565,顺灏股份,2025-10-09 11:25:51,7.4,98000,7.39,U
sz002565,顺灏股份,2025-10-09 11:26:00,7.42,52100,7.39,U
sz002565,顺灏股份,2025-10-09 11:26:03,7.42,35200,7.42,U
sz002565,顺灏股份,2025-10-09 11:27:27,7.42,20500,7.41,U
sz002565,顺灏股份,2025-10-09 11:27:36,7.42,24600,7.42,U
sz002565,顺灏股份,2025-10-09 11:27:45,7.41,20000,7.42,D
sz002565,顺灏股份,2025-10-09 11:28:03,7.42,31800,7.41,U
sz002565,顺灏股份,2025-10-09 11:28:30,7.41,43300,7.41,D
sz002565,顺灏股份,2025-10-09 11:28:36,7.45,212400,7.41,U
sz002565,顺灏股份,2025-10-09 11:28:39,7.45,22800,7.45,U
sz002565,顺灏股份,2025-10-09 11:29:03,7.45,190100,7.44,U
sz002565,顺灏股份,2025-10-09 11:29:21,7.43,39100,7.45,D
sz002565,顺灏股份,2025-10-09 11:29:27,7.42,29200,7.44,D
sz002565,顺灏股份,2025-10-09 11:29:36,7.44,180400,7.43,U
sz002565,顺灏股份,2025-10-09 11:29:42,7.44,84100,7.44,U
sz002565,顺灏股份,2025-10-09 11:29:45,7.46,22500,7.44,U
sz002565,顺灏股份,2025-10-09 13:00:00,7.45,64400,7.45,U
sz002565,顺灏股份,2025-10-09 13:00:03,7.44,165700,7.45,D
sz002565,顺灏股份,2025-10-09 13:00:12,7.48,187968,7.44,U
sz002565,顺灏股份,2025-10-09 13:00:15,7.47,35400,7.48,D
sz002565,顺灏股份,2025-10-09 13:00:30,7.44,20000,7.46,D
sz002565,顺灏股份,2025-10-09 13:01:06,7.43,68700,7.44,D
sz002565,顺灏股份,2025-10-09 13:02:15,7.41,26500,7.41,D
sz002565,顺灏股份,2025-10-09 13:02:48,7.4,20800,7.4,D
sz002565,顺灏股份,2025-10-09 13:03:06,7.39,20000,7.39,D
sz002565,顺灏股份,2025-10-09 13:03:33,7.4,22300,7.4,U
sz002565,顺灏股份,2025-10-09 13:03:42,7.4,106800,7.4,U
sz002565,顺灏股份,2025-10-09 13:03:51,7.41,56800,7.4,U
sz002565,顺灏股份,2025-10-09 13:04:00,7.41,49200,7.4,U
sz002565,顺灏股份,2025-10-09 13:04:18,7.45,475300,7.4,U
sz002565,顺灏股份,2025-10-09 13:05:33,7.44,20500,7.44,D
sz002565,顺灏股份,2025-10-09 13:06:27,7.46,177800,7.44,U
sz002565,顺灏股份,2025-10-09 13:07:09,7.46,65100,7.46,U
sz002565,顺灏股份,2025-10-09 13:07:15,7.49,629800,7.46,U
sz002565,顺灏股份,2025-10-09 13:07:30,7.48,106300,7.48,D
sz002565,顺灏股份,2025-10-09 13:08:00,7.48,46000,7.48,U
sz002565,顺灏股份,2025-10-09 13:09:06,7.47,34600,7.47,D
sz002565,顺灏股份,2025-10-09 13:09:51,7.46,49300,7.46,D
sz002565,顺灏股份,2025-10-09 13:09:54,7.46,30500,7.46,U
sz002565,顺灏股份,2025-10-09 13:10:42,7.46,50000,7.45,U
sz002565,顺灏股份,2025-10-09 13:10:48,7.47,165700,7.45,U
sz002565,顺灏股份,2025-10-09 13:11:06,7.47,20100,7.46,U
sz002565,顺灏股份,2025-10-09 13:11:12,7.47,26500,7.46,U
sz002565,顺灏股份,2025-10-09 13:11:30,7.47,55500,7.46,U
sz002565,顺灏股份,2025-10-09 13:11:54,7.47,31900,7.46,U
sz002565,顺灏股份,2025-10-09 13:12:00,7.48,77200,7.46,U
sz002565,顺灏股份,2025-10-09 13:13:09,7.49,190900,7.48,U
sz002565,顺灏股份,2025-10-09 13:13:12,7.49,51300,7.49,U
sz002565,顺灏股份,2025-10-09 13:13:15,7.47,50000,7.49,D
sz002565,顺灏股份,2025-10-09 13:13:57,7.48,31100,7.47,U
sz002565,顺灏股份,2025-10-09 13:14:30,7.48,34300,7.47,U
sz002565,顺灏股份,2025-10-09 13:14:48,7.48,34400,7.47,U
sz002565,顺灏股份,2025-10-09 13:14:54,7.47,50200,7.48,D
sz002565,顺灏股份,2025-10-09 13:15:00,7.47,40100,7.46,U
sz002565,顺灏股份,2025-10-09 13:15:24,7.48,20000,7.48,U
sz002565,顺灏股份,2025-10-09 13:15:42,7.48,50600,7.48,U
sz002565,顺灏股份,2025-10-09 13:16:09,7.48,30000,7.48,U
sz002565,顺灏股份,2025-10-09 13:16:48,7.48,40000,7.47,U
sz002565,顺灏股份,2025-10-09 13:17:09,7.48,30000,7.47,U
sz002565,顺灏股份,2025-10-09 13:17:21,7.5,568900,7.48,U
sz002565,顺灏股份,2025-10-09 13:19:15,7.49,20000,7.49,U
sz002565,顺灏股份,2025-10-09 13:19:54,7.49,50100,7.48,U
sz002565,顺灏股份,2025-10-09 13:20:03,7.48,20000,7.48,D
sz002565,顺灏股份,2025-10-09 13:20:15,7.48,55500,7.48,D
sz002565,顺灏股份,2025-10-09 13:20:57,7.48,50500,7.48,D
sz002565,顺灏股份,2025-10-09 13:21:36,7.48,26300,7.48,D
sz002565,顺灏股份,2025-10-09 13:22:33,7.48,20000,7.48,D
sz002565,顺灏股份,2025-10-09 13:22:36,7.48,27350,7.48,D
sz002565,顺灏股份,2025-10-09 13:22:51,7.49,191300,7.49,U
sz002565,顺灏股份,2025-10-09 13:22:54,7.49,83500,7.49,D
sz002565,顺灏股份,2025-10-09 13:23:03,7.5,72500,7.5,U
sz002565,顺灏股份,2025-10-09 13:23:39,7.49,41700,7.49,D
sz002565,顺灏股份,2025-10-09 13:23:54,7.48,46850,7.48,D
sz002565,顺灏股份,2025-10-09 13:23:57,7.49,50700,7.48,U
sz002565,顺灏股份,2025-10-09 13:24:06,7.5,80150,7.49,U
sz002565,顺灏股份,2025-10-09 13:24:57,7.5,33900,7.5,U
sz002565,顺灏股份,2025-10-09 13:25:51,7.49,30000,7.49,U
sz002565,顺灏股份,2025-10-09 13:26:03,7.49,55300,7.49,D
sz002565,顺灏股份,2025-10-09 13:26:48,7.48,31200,7.48,D
sz002565,顺灏股份,2025-10-09 13:27:03,7.48,30200,7.48,D
sz002565,顺灏股份,2025-10-09 13:27:27,7.49,20900,7.48,U
sz002565,顺灏股份,2025-10-09 13:27:39,7.48,62800,7.49,D
sz002565,顺灏股份,2025-10-09 13:28:21,7.48,31100,7.48,U
sz002565,顺灏股份,2025-10-09 13:29:24,7.47,20000,7.48,D
sz002565,顺灏股份,2025-10-09 13:30:06,7.48,20000,7.47,U
sz002565,顺灏股份,2025-10-09 13:30:12,7.47,60400,7.48,D
sz002565,顺灏股份,2025-10-09 13:30:21,7.48,30000,7.47,U
sz002565,顺灏股份,2025-10-09 13:30:30,7.47,20000,7.48,D
sz002565,顺灏股份,2025-10-09 13:30:36,7.47,30000,7.48,D
sz002565,顺灏股份,2025-10-09 13:31:48,7.47,84000,7.48,D
sz002565,顺灏股份,2025-10-09 13:34:06,7.48,40000,7.47,U
sz002565,顺灏股份,2025-10-09 13:34:36,7.48,21000,7.47,U
sz002565,顺灏股份,2025-10-09 13:34:54,7.47,60400,7.47,D
sz002565,顺灏股份,2025-10-09 13:34:57,7.48,40800,7.47,U
sz002565,顺灏股份,2025-10-09 13:35:45,7.48,38100,7.47,U
sz002565,顺灏股份,2025-10-09 13:37:39,7.48,39700,7.48,D
sz002565,顺灏股份,2025-10-09 13:38:51,7.47,62800,7.47,D
sz002565,顺灏股份,2025-10-09 13:39:00,7.47,63400,7.47,U
sz002565,顺灏股份,2025-10-09 13:39:03,7.48,111400,7.47,U
sz002565,顺灏股份,2025-10-09 13:39:18,7.48,20000,7.48,U
sz002565,顺灏股份,2025-10-09 13:39:21,7.48,27300,7.48,U
sz002565,顺灏股份,2025-10-09 13:40:09,7.49,23100,7.47,U
sz002565,顺灏股份,2025-10-09 13:40:27,7.48,26000,7.47,U
sz002565,顺灏股份,2025-10-09 13:40:33,7.48,36500,7.48,U
sz002565,顺灏股份,2025-10-09 13:40:45,7.49,51300,7.48,U
sz002565,顺灏股份,2025-10-09 13:41:12,7.49,30200,7.49,U
sz002565,顺灏股份,2025-10-09 13:41:21,7.49,29800,7.49,U
sz002565,顺灏股份,2025-10-09 13:41:33,7.5,171400,7.48,U
sz002565,顺灏股份,2025-10-09 13:42:15,7.52,742100,7.5,U
sz002565,顺灏股份,2025-10-09 13:42:24,7.52,31700,7.52,U
sz002565,顺灏股份,2025-10-09 13:42:30,7.51,89200,7.51,D
sz002565,顺灏股份,2025-10-09 13:42:42,7.52,127600,7.51,U
sz002565,顺灏股份,2025-10-09 13:42:48,7.53,37700,7.53,U
sz002565,顺灏股份,2025-10-09 13:42:51,7.54,263800,7.53,U
sz002565,顺灏股份,2025-10-09 13:42:54,7.52,64900,7.54,D
sz002565,顺灏股份,2025-10-09 13:43:03,7.54,27100,7.53,U
sz002565,顺灏股份,2025-10-09 13:43:24,7.53,54000,7.53,U
sz002565,顺灏股份,2025-10-09 13:44:09,7.5,50000,7.52,D
sz002565,顺灏股份,2025-10-09 13:46:12,7.49,30300,7.49,D
sz002565,顺灏股份,2025-10-09 13:47:36,7.49,36500,7.49,D
sz002565,顺灏股份,2025-10-09 13:48:00,7.51,57500,7.49,U
sz002565,顺灏股份,2025-10-09 13:48:30,7.51,67600,7.5,U
sz002565,顺灏股份,2025-10-09 13:48:42,7.52,50100,7.51,U
sz002565,顺灏股份,2025-10-09 13:49:21,7.53,40900,7.53,D
sz002565,顺灏股份,2025-10-09 13:49:51,7.53,20900,7.53,D
sz002565,顺灏股份,2025-10-09 13:50:12,7.54,65300,7.54,U
sz002565,顺灏股份,2025-10-09 13:50:18,7.54,29700,7.53,U
sz002565,顺灏股份,2025-10-09 13:51:06,7.53,20000,7.53,U
sz002565,顺灏股份,2025-10-09 13:52:21,7.51,53400,7.52,D
sz002565,顺灏股份,2025-10-09 13:52:45,7.5,30000,7.51,D
sz002565,顺灏股份,2025-10-09 13:53:03,7.51,21200,7.49,U
sz002565,顺灏股份,2025-10-09 13:54:33,7.5,37900,7.5,D
sz002565,顺灏股份,2025-10-09 13:54:48,7.5,20000,7.49,U
sz002565,顺灏股份,2025-10-09 13:55:24,7.49,52400,7.49,D
sz002565,顺灏股份,2025-10-09 13:55:48,7.48,50200,7.49,D
sz002565,顺灏股份,2025-10-09 13:57:39,7.49,27000,7.48,U
sz002565,顺灏股份,2025-10-09 13:58:09,7.5,68800,7.48,U
sz002565,顺灏股份,2025-10-09 13:58:27,7.51,33700,7.51,U
sz002565,顺灏股份,2025-10-09 13:58:36,7.51,52000,7.51,D
sz002565,顺灏股份,2025-10-09 13:58:48,7.52,70800,7.52,U
sz002565,顺灏股份,2025-10-09 13:59:06,7.53,120400,7.53,U
sz002565,顺灏股份,2025-10-09 13:59:15,7.54,50000,7.53,U
sz002565,顺灏股份,2025-10-09 13:59:18,7.53,30000,7.54,D
sz002565,顺灏股份,2025-10-09 14:00:06,7.54,87600,7.54,U
sz002565,顺灏股份,2025-10-09 14:00:15,7.54,56600,7.53,U
sz002565,顺灏股份,2025-10-09 14:00:21,7.55,178000,7.54,U
sz002565,顺灏股份,2025-10-09 14:00:30,7.57,711000,7.55,U
sz002565,顺灏股份,2025-10-09 14:00:54,7.57,110000,7.57,U
sz002565,顺灏股份,2025-10-09 14:00:57,7.57,221000,7.57,D
sz002565,顺灏股份,2025-10-09 14:01:03,7.59,47500,7.58,U
sz002565,顺灏股份,2025-10-09 14:01:06,7.58,123800,7.59,D
sz002565,顺灏股份,2025-10-09 14:01:18,7.6,337800,7.59,U
sz002565,顺灏股份,2025-10-09 14:01:33,7.61,31500,7.62,D
sz002565,顺灏股份,2025-10-09 14:01:42,7.6,28200,7.61,D
sz002565,顺灏股份,2025-10-09 14:01:45,7.61,29100,7.6,U
sz002565,顺灏股份,2025-10-09 14:01:48,7.61,31400,7.61,U
sz002565,顺灏股份,2025-10-09 14:02:03,7.61,175300,7.61,U
sz002565,顺灏股份,2025-10-09 14:02:36,7.59,65100,7.61,D
sz002565,顺灏股份,2025-10-09 14:02:57,7.57,36700,7.59,D
sz002565,顺灏股份,2025-10-09 14:03:06,7.57,71300,7.58,D
sz002565,顺灏股份,2025-10-09 14:03:21,7.57,30500,7.57,D
sz002565,顺灏股份,2025-10-09 14:03:30,7.57,39000,7.58,D
sz002565,顺灏股份,2025-10-09 14:03:45,7.6,66100,7.59,U
sz002565,顺灏股份,2025-10-09 14:04:06,7.61,20100,7.61,U
sz002565,顺灏股份,2025-10-09 14:04:27,7.6,21500,7.6,D
sz002565,顺灏股份,2025-10-09 14:04:39,7.6,27700,7.6,D
sz002565,顺灏股份,2025-10-09 14:04:45,7.6,57100,7.6,D
sz002565,顺灏股份,2025-10-09 14:05:03,7.6,50600,7.59,U
sz002565,顺灏股份,2025-10-09 14:05:12,7.59,21200,7.6,D
sz002565,顺灏股份,2025-10-09 14:05:33,7.59,23100,7.6,D
sz002565,顺灏股份,2025-10-09 14:05:36,7.59,32400,7.59,D
sz002565,顺灏股份,2025-10-09 14:05:57,7.6,109400,7.59,U
sz002565,顺灏股份,2025-10-09 14:06:06,7.61,21700,7.61,U
sz002565,顺灏股份,2025-10-09 14:06:09,7.6,30500,7.61,D
sz002565,顺灏股份,2025-10-09 14:06:21,7.6,26500,7.6,D
sz002565,顺灏股份,2025-10-09 14:07:00,7.61,21600,7.61,U
sz002565,顺灏股份,2025-10-09 14:07:12,7.63,334200,7.61,U
sz002565,顺灏股份,2025-10-09 14:07:33,7.63,151500,7.63,U
sz002565,顺灏股份,2025-10-09 14:07:36,7.63,39100,7.63,D
sz002565,顺灏股份,2025-10-09 14:07:45,7.64,20900,7.63,U
sz002565,顺灏股份,2025-10-09 14:07:51,7.64,59600,7.63,U
sz002565,顺灏股份,2025-10-09 14:07:57,7.63,23500,7.63,D
sz002565,顺灏股份,2025-10-09 14:08:03,7.64,61700,7.63,U
sz002565,顺灏股份,2025-10-09 14:08:06,7.64,52700,7.64,U
sz002565,顺灏股份,2025-10-09 14:08:27,7.63,39400,7.63,D
sz002565,顺灏股份,2025-10-09 14:08:42,7.62,43400,7.63,D
sz002565,顺灏股份,2025-10-09 14:09:00,7.63,32600,7.61,U
sz002565,顺灏股份,2025-10-09 14:09:57,7.59,40000,7.61,D
sz002565,顺灏股份,2025-10-09 14:10:54,7.6,30200,7.6,D
sz002565,顺灏股份,2025-10-09 14:11:15,7.59,21000,7.6,D
sz002565,顺灏股份,2025-10-09 14:11:57,7.6,35800,7.59,U
sz002565,顺灏股份,2025-10-09 14:12:45,7.59,39900,7.59,D
sz002565,顺灏股份,2025-10-09 14:13:24,7.59,37200,7.59,D
sz002565,顺灏股份,2025-10-09 14:13:57,7.59,29400,7.6,D
sz002565,顺灏股份,2025-10-09 14:14:00,7.59,22900,7.59,D
sz002565,顺灏股份,2025-10-09 14:14:39,7.58,50300,7.59,D
sz002565,顺灏股份,2025-10-09 14:14:45,7.58,123200,7.58,D
sz002565,顺灏股份,2025-10-09 14:15:27,7.59,24000,7.58,U
sz002565,顺灏股份,2025-10-09 14:15:30,7.59,35900,7.59,U
sz002565,顺灏股份,2025-10-09 14:15:36,7.6,95200,7.59,U
sz002565,顺灏股份,2025-10-09 14:15:39,7.6,221600,7.6,U
sz002565,顺灏股份,2025-10-09 14:15:48,7.6,25400,7.6,U
sz002565,顺灏股份,2025-10-09 14:15:57,7.61,24100,7.61,U
sz002565,顺灏股份,2025-10-09 14:16:00,7.62,20400,7.61,U
sz002565,顺灏股份,2025-10-09 14:16:06,7.63,33600,7.62,U
sz002565,顺灏股份,2025-10-09 14:16:09,7.61,88300,7.63,D
sz002565,顺灏股份,2025-10-09 14:16:12,7.62,50000,7.61,U
sz002565,顺灏股份,2025-10-09 14:16:42,7.62,50000,7.62,U
sz002565,顺灏股份,2025-10-09 14:17:15,7.63,153100,7.62,U
sz002565,顺灏股份,2025-10-09 14:17:33,7.64,205900,7.64,U
sz002565,顺灏股份,2025-10-09 14:17:36,7.65,223400,7.64,U
sz002565,顺灏股份,2025-10-09 14:17:48,7.66,75300,7.66,U
sz002565,顺灏股份,2025-10-09 14:18:00,7.64,29600,7.66,D
sz002565,顺灏股份,2025-10-09 14:18:03,7.66,60700,7.64,U
sz002565,顺灏股份,2025-10-09 14:18:15,7.65,30700,7.65,U
sz002565,顺灏股份,2025-10-09 14:18:30,7.65,20500,7.65,U
sz002565,顺灏股份,2025-10-09 14:19:18,7.64,163700,7.65,D
sz002565,顺灏股份,2025-10-09 14:19:21,7.64,39000,7.64,D
sz002565,顺灏股份,2025-10-09 14:19:57,7.63,33100,7.63,D
sz002565,顺灏股份,2025-10-09 14:20:06,7.63,20000,7.64,D
sz002565,顺灏股份,2025-10-09 14:21:39,7.62,22600,7.63,D
sz002565,顺灏股份,2025-10-09 14:22:21,7.63,26500,7.63,U
sz002565,顺灏股份,2025-10-09 14:22:24,7.63,67300,7.63,U
sz002565,顺灏股份,2025-10-09 14:23:21,7.63,56000,7.63,D
sz002565,顺灏股份,2025-10-09 14:23:45,7.63,26600,7.62,U
sz002565,顺灏股份,2025-10-09 14:23:54,7.62,20900,7.62,D
sz002565,顺灏股份,2025-10-09 14:25:12,7.62,40600,7.62,D
sz002565,顺灏股份,2025-10-09 14:25:21,7.62,29500,7.62,D
sz002565,顺灏股份,2025-10-09 14:26:09,7.61,36200,7.62,D
sz002565,顺灏股份,2025-10-09 14:26:45,7.6,84600,7.61,D
sz002565,顺灏股份,2025-10-09 14:27:00,7.6,61300,7.61,D
sz002565,顺灏股份,2025-10-09 14:27:12,7.61,25100,7.6,U
sz002565,顺灏股份,2025-10-09 14:27:33,7.6,24900,7.61,D
sz002565,顺灏股份,2025-10-09 14:28:00,7.59,40800,7.59,D
sz002565,顺灏股份,2025-10-09 14:28:09,7.58,61600,7.59,D
sz002565,顺灏股份,2025-10-09 14:29:03,7.57,20100,7.58,D
sz002565,顺灏股份,2025-10-09 14:29:24,7.58,60000,7.58,D
sz002565,顺灏股份,2025-10-09 14:29:33,7.59,53700,7.58,U
sz002565,顺灏股份,2025-10-09 14:30:39,7.6,21800,7.6,U
sz002565,顺灏股份,2025-10-09 14:30:48,7.6,23300,7.6,U
sz002565,顺灏股份,2025-10-09 14:32:15,7.6,27400,7.61,D
sz002565,顺灏股份,2025-10-09 14:32:54,7.6,24200,7.6,D
sz002565,顺灏股份,2025-10-09 14:33:03,7.6,28000,7.6,D
sz002565,顺灏股份,2025-10-09 14:33:24,7.6,20500,7.59,U
sz002565,顺灏股份,2025-10-09 14:33:42,7.61,65500,7.6,U
sz002565,顺灏股份,2025-10-09 14:34:09,7.61,20900,7.61,D
sz002565,顺灏股份,2025-10-09 14:35:42,7.62,20100,7.61,U
sz002565,顺灏股份,2025-10-09 14:36:48,7.6,31100,7.6,D
sz002565,顺灏股份,2025-10-09 14:36:57,7.61,52200,7.6,U
sz002565,顺灏股份,2025-10-09 14:37:18,7.61,34900,7.61,U
sz002565,顺灏股份,2025-10-09 14:37:30,7.62,51000,7.62,U
sz002565,顺灏股份,2025-10-09 14:38:06,7.62,20300,7.62,U
sz002565,顺灏股份,2025-10-09 14:38:39,7.61,60000,7.61,D
sz002565,顺灏股份,2025-10-09 14:38:48,7.61,20600,7.61,U
sz002565,顺灏股份,2025-10-09 14:39:24,7.62,20200,7.61,U
sz002565,顺灏股份,2025-10-09 14:39:45,7.6,34300,7.6,D
sz002565,顺灏股份,2025-10-09 14:40:12,7.6,162700,7.61,D
sz002565,顺灏股份,2025-10-09 14:40:15,7.61,41600,7.6,U
sz002565,顺灏股份,2025-10-09 14:40:39,7.61,40000,7.61,U
sz002565,顺灏股份,2025-10-09 14:41:09,7.61,50000,7.61,D
sz002565,顺灏股份,2025-10-09 14:41:30,7.62,30000,7.61,U
sz002565,顺灏股份,2025-10-09 14:41:51,7.62,30000,7.62,U
sz002565,顺灏股份,2025-10-09 14:42:12,7.62,40000,7.62,U
sz002565,顺灏股份,2025-10-09 14:42:33,7.63,139400,7.63,U
sz002565,顺灏股份,2025-10-09 14:42:42,7.64,25700,7.64,U
sz002565,顺灏股份,2025-10-09 14:42:48,7.64,51400,7.63,U
sz002565,顺灏股份,2025-10-09 14:43:03,7.63,35000,7.63,D
sz002565,顺灏股份,2025-10-09 14:43:09,7.63,42500,7.63,D
sz002565,顺灏股份,2025-10-09 14:43:33,7.64,40500,7.63,U
sz002565,顺灏股份,2025-10-09 14:44:27,7.64,50000,7.64,U
sz002565,顺灏股份,2025-10-09 14:44:42,7.64,40100,7.63,U
sz002565,顺灏股份,2025-10-09 14:44:48,7.64,30900,7.64,U
sz002565,顺灏股份,2025-10-09 14:44:57,7.63,20200,7.63,D
sz002565,顺灏股份,2025-10-09 14:45:00,7.64,31000,7.63,U
sz002565,顺灏股份,2025-10-09 14:45:03,7.64,31900,7.64,U
sz002565,顺灏股份,2025-10-09 14:45:18,7.64,30700,7.63,U
sz002565,顺灏股份,2025-10-09 14:45:33,7.64,21300,7.64,U
sz002565,顺灏股份,2025-10-09 14:45:36,7.64,25300,7.64,U
sz002565,顺灏股份,2025-10-09 14:45:39,7.64,23100,7.64,D
sz002565,顺灏股份,2025-10-09 14:45:51,7.64,22400,7.64,D
sz002565,顺灏股份,2025-10-09 14:46:12,7.65,20000,7.65,U
sz002565,顺灏股份,2025-10-09 14:46:15,7.65,23400,7.65,U
sz002565,顺灏股份,2025-10-09 14:46:30,7.65,50600,7.64,U
sz002565,顺灏股份,2025-10-09 14:46:33,7.65,38300,7.65,U
sz002565,顺灏股份,2025-10-09 14:46:42,7.65,48200,7.64,U
sz002565,顺灏股份,2025-10-09 14:46:51,7.65,54200,7.64,U
sz002565,顺灏股份,2025-10-09 14:46:57,7.65,23500,7.65,U
sz002565,顺灏股份,2025-10-09 14:47:03,7.65,31200,7.64,U
sz002565,顺灏股份,2025-10-09 14:47:18,7.65,24100,7.64,U
sz002565,顺灏股份,2025-10-09 14:47:27,7.65,40200,7.65,U
sz002565,顺灏股份,2025-10-09 14:47:42,7.64,20000,7.65,D
sz002565,顺灏股份,2025-10-09 14:48:00,7.64,30400,7.64,D
sz002565,顺灏股份,2025-10-09 14:48:09,7.64,30200,7.64,D
sz002565,顺灏股份,2025-10-09 14:48:27,7.65,40000,7.65,U
sz002565,顺灏股份,2025-10-09 14:48:33,7.65,26600,7.65,U
sz002565,顺灏股份,2025-10-09 14:48:45,7.65,31700,7.64,U
sz002565,顺灏股份,2025-10-09 14:48:57,7.65,23100,7.65,U
sz002565,顺灏股份,2025-10-09 14:49:03,7.65,33600,7.65,U
sz002565,顺灏股份,2025-10-09 14:49:21,7.65,33700,7.65,U
sz002565,顺灏股份,2025-10-09 14:49:42,7.66,64400,7.66,U
sz002565,顺灏股份,2025-10-09 14:49:48,7.66,39400,7.66,U
sz002565,顺灏股份,2025-10-09 14:50:03,7.66,107500,7.65,U
sz002565,顺灏股份,2025-10-09 14:50:18,7.65,197200,7.65,U
sz002565,顺灏股份,2025-10-09 14:50:21,7.65,28300,7.65,D
sz002565,顺灏股份,2025-10-09 14:50:24,7.66,28600,7.65,U
sz002565,顺灏股份,2025-10-09 14:50:57,7.66,61600,7.66,U
sz002565,顺灏股份,2025-10-09 14:51:00,7.64,333900,7.66,D
sz002565,顺灏股份,2025-10-09 14:51:03,7.67,117300,7.64,U
sz002565,顺灏股份,2025-10-09 14:51:06,7.65,43400,7.67,D
sz002565,顺灏股份,2025-10-09 14:51:09,7.66,23700,7.65,E
sz002565,顺灏股份,2025-10-09 14:51:39,7.66,20900,7.66,D
sz002565,顺灏股份,2025-10-09 14:52:09,7.67,31700,7.66,U
sz002565,顺灏股份,2025-10-09 14:52:15,7.66,40500,7.67,U
sz002565,顺灏股份,2025-10-09 14:52:27,7.66,20200,7.66,U
sz002565,顺灏股份,2025-10-09 14:52:45,7.66,23200,7.66,U
sz002565,顺灏股份,2025-10-09 14:52:51,7.66,24100,7.66,D
sz002565,顺灏股份,2025-10-09 14:52:54,7.67,20000,7.66,U
sz002565,顺灏股份,2025-10-09 14:53:06,7.66,87200,7.67,D
sz002565,顺灏股份,2025-10-09 14:53:21,7.67,24700,7.66,U
sz002565,顺灏股份,2025-10-09 14:53:27,7.67,28800,7.67,U
sz002565,顺灏股份,2025-10-09 14:53:42,7.67,40400,7.67,U
sz002565,顺灏股份,2025-10-09 14:53:48,7.67,21500,7.67,U
sz002565,顺灏股份,2025-10-09 14:54:00,7.67,60100,7.67,U
sz002565,顺灏股份,2025-10-09 14:54:03,7.67,43200,7.67,U
sz002565,顺灏股份,2025-10-09 14:54:06,7.67,57100,7.67,U
sz002565,顺灏股份,2025-10-09 14:54:21,7.67,23400,7.68,D
sz002565,顺灏股份,2025-10-09 14:54:24,7.68,52100,7.67,U
sz002565,顺灏股份,2025-10-09 14:54:27,7.68,59700,7.68,U
sz002565,顺灏股份,2025-10-09 14:54:33,7.67,125990,7.67,D
sz002565,顺灏股份,2025-10-09 14:54:45,7.68,40200,7.68,U
sz002565,顺灏股份,2025-10-09 14:55:00,7.68,21400,7.67,U
sz002565,顺灏股份,2025-10-09 14:55:03,7.68,37700,7.68,U
sz002565,顺灏股份,2025-10-09 14:55:06,7.68,79100,7.68,U
sz002565,顺灏股份,2025-10-09 14:55:18,7.68,91600,7.67,U
sz002565,顺灏股份,2025-10-09 14:55:30,7.69,90200,7.67,U
sz002565,顺灏股份,2025-10-09 14:55:42,7.68,56200,7.68,D
sz002565,顺灏股份,2025-10-09 14:55:54,7.68,97600,7.68,U
sz002565,顺灏股份,2025-10-09 14:56:03,7.7,59200,7.68,U
sz002565,顺灏股份,2025-10-09 14:56:06,7.69,96900,7.7,D
sz002565,顺灏股份,2025-10-09 14:56:12,7.68,30100,7.68,D
sz002565,顺灏股份,2025-10-09 14:56:18,7.69,143000,7.68,U
sz002565,顺灏股份,2025-10-09 14:56:21,7.68,23000,7.69,D
sz002565,顺灏股份,2025-10-09 14:56:24,7.69,20300,7.68,D
sz002565,顺灏股份,2025-10-09 14:56:33,7.7,80500,7.69,U
sz002565,顺灏股份,2025-10-09 14:56:36,7.7,29700,7.7,U
sz002565,顺灏股份,2025-10-09 14:56:42,7.7,33900,7.69,U
sz002565,顺灏股份,2025-10-09 14:56:48,7.71,251000,7.7,U
sz002565,顺灏股份,2025-10-09 15:00:00,7.71,438300,7.71,U
