symbol,name,ticktime,price,volume,prev_price,kind
sz002516,旷达科技,2025-09-29 09:25:00,6.19,163100,0.0,U
sz002516,旷达科技,2025-09-29 09:30:00,6.19,46000,6.19,D
sz002516,旷达科技,2025-09-29 09:30:03,6.2,29100,6.19,U
sz002516,旷达科技,2025-09-29 09:30:09,6.2,32600,6.2,D
sz002516,旷达科技,2025-09-29 09:30:12,6.2,20200,6.2,D
sz002516,旷达科技,2025-09-29 09:30:21,6.19,40000,6.2,D
sz002516,旷达科技,2025-09-29 09:30:36,6.18,22300,6.19,D
sz002516,旷达科技,2025-09-29 09:30:42,6.19,23400,6.18,U
sz002516,旷达科技,2025-09-29 09:30:45,6.2,20300,6.19,U
sz002516,旷达科技,2025-09-29 09:30:48,6.2,33200,6.2,D
sz002516,旷达科技,2025-09-29 09:31:21,6.19,24100,6.2,D
sz002516,旷达科技,2025-09-29 09:31:42,6.18,44500,6.18,D
sz002516,旷达科技,2025-09-29 09:31:57,6.18,33800,6.18,D
sz002516,旷达科技,2025-09-29 09:32:15,6.17,46800,6.17,U
sz002516,旷达科技,2025-09-29 09:32:30,6.17,29000,6.17,D
sz002516,旷达科技,2025-09-29 09:33:39,6.15,25400,6.15,D
sz002516,旷达科技,2025-09-29 09:33:45,6.15,38000,6.15,D
sz002516,旷达科技,2025-09-29 09:34:21,6.15,40300,6.15,D
sz002516,旷达科技,2025-09-29 09:34:27,6.16,33900,6.15,U
sz002516,旷达科技,2025-09-29 09:35:12,6.15,43700,6.15,D
sz002516,旷达科技,2025-09-29 09:35:21,6.15,41100,6.15,D
sz002516,旷达科技,2025-09-29 09:35:24,6.15,70400,6.15,D
sz002516,旷达科技,2025-09-29 09:35:30,6.14,64000,6.14,D
sz002516,旷达科技,2025-09-29 09:35:33,6.14,61300,6.14,D
sz002516,旷达科技,2025-09-29 09:35:45,6.14,63200,6.14,D
sz002516,旷达科技,2025-09-29 09:35:51,6.14,34500,6.14,D
sz002516,旷达科技,2025-09-29 09:36:03,6.14,67800,6.13,U
sz002516,旷达科技,2025-09-29 09:36:12,6.14,23300,6.14,U
sz002516,旷达科技,2025-09-29 09:36:27,6.13,67300,6.14,D
sz002516,旷达科技,2025-09-29 09:36:39,6.13,28500,6.14,D
sz002516,旷达科技,2025-09-29 09:36:54,6.14,28500,6.13,U
sz002516,旷达科技,2025-09-29 09:37:12,6.14,24400,6.13,U
sz002516,旷达科技,2025-09-29 09:37:24,6.14,41000,6.13,U
sz002516,旷达科技,2025-09-29 09:38:30,6.14,87900,6.14,D
sz002516,旷达科技,2025-09-29 09:38:51,6.14,131600,6.14,D
sz002516,旷达科技,2025-09-29 09:39:03,6.12,189800,6.14,D
sz002516,旷达科技,2025-09-29 09:39:06,6.13,70000,6.12,U
sz002516,旷达科技,2025-09-29 09:39:18,6.11,45400,6.13,D
sz002516,旷达科技,2025-09-29 09:39:30,6.12,24800,6.12,D
sz002516,旷达科技,2025-09-29 09:39:33,6.12,23100,6.12,D
sz002516,旷达科技,2025-09-29 09:39:39,6.12,26700,6.12,D
sz002516,旷达科技,2025-09-29 09:39:42,6.12,25700,6.12,D
sz002516,旷达科技,2025-09-29 09:39:54,6.11,87000,6.12,D
sz002516,旷达科技,2025-09-29 09:40:03,6.11,20600,6.12,D
sz002516,旷达科技,2025-09-29 09:40:09,6.11,29000,6.11,D
sz002516,旷达科技,2025-09-29 09:40:12,6.12,31800,6.11,U
sz002516,旷达科技,2025-09-29 09:40:33,6.12,41600,6.12,U
sz002516,旷达科技,2025-09-29 09:40:36,6.13,33000,6.12,U
sz002516,旷达科技,2025-09-29 09:41:03,6.14,33100,6.13,U
sz002516,旷达科技,2025-09-29 09:41:21,6.13,23000,6.13,U
sz002516,旷达科技,2025-09-29 09:41:54,6.12,25300,6.12,D
sz002516,旷达科技,2025-09-29 09:42:24,6.13,25900,6.12,U
sz002516,旷达科技,2025-09-29 09:42:33,6.13,46900,6.13,U
sz002516,旷达科技,2025-09-29 09:42:36,6.13,59800,6.13,U
sz002516,旷达科技,2025-09-29 09:42:48,6.13,22000,6.14,D
sz002516,旷达科技,2025-09-29 09:43:15,6.13,27400,6.13,D
sz002516,旷达科技,2025-09-29 09:43:30,6.13,28500,6.12,U
sz002516,旷达科技,2025-09-29 09:44:36,6.12,20300,6.12,D
sz002516,旷达科技,2025-09-29 09:44:48,6.12,130600,6.12,D
sz002516,旷达科技,2025-09-29 09:46:03,6.13,50300,6.13,U
sz002516,旷达科技,2025-09-29 09:46:18,6.14,56400,6.13,U
sz002516,旷达科技,2025-09-29 09:46:21,6.13,50000,6.14,D
sz002516,旷达科技,2025-09-29 09:49:03,6.14,20600,6.13,U
sz002516,旷达科技,2025-09-29 09:49:18,6.15,20600,6.15,U
sz002516,旷达科技,2025-09-29 09:49:21,6.17,169000,6.15,U
sz002516,旷达科技,2025-09-29 09:49:27,6.17,29000,6.17,U
sz002516,旷达科技,2025-09-29 09:51:18,6.17,37500,6.17,U
sz002516,旷达科技,2025-09-29 09:52:57,6.16,20000,6.15,U
sz002516,旷达科技,2025-09-29 09:54:39,6.15,23200,6.14,U
sz002516,旷达科技,2025-09-29 09:56:30,6.16,169700,6.16,U
sz002516,旷达科技,2025-09-29 09:58:57,6.18,141400,6.16,U
sz002516,旷达科技,2025-09-29 09:59:30,6.18,32400,6.18,U
sz002516,旷达科技,2025-09-29 09:59:48,6.19,28300,6.19,U
sz002516,旷达科技,2025-09-29 10:00:12,6.19,30100,6.19,D
sz002516,旷达科技,2025-09-29 10:00:30,6.19,22400,6.19,U
sz002516,旷达科技,2025-09-29 10:00:42,6.2,67400,6.2,U
sz002516,旷达科技,2025-09-29 10:01:45,6.19,25200,6.2,D
sz002516,旷达科技,2025-09-29 10:02:21,6.19,22400,6.18,U
sz002516,旷达科技,2025-09-29 10:05:27,6.18,46900,6.18,D
sz002516,旷达科技,2025-09-29 10:06:06,6.18,122300,6.19,D
sz002516,旷达科技,2025-09-29 10:06:33,6.19,40400,6.18,U
sz002516,旷达科技,2025-09-29 10:07:21,6.18,30300,6.18,D
sz002516,旷达科技,2025-09-29 10:07:30,6.18,50000,6.18,D
sz002516,旷达科技,2025-09-29 10:08:03,6.18,21200,6.18,D
sz002516,旷达科技,2025-09-29 10:08:45,6.19,20400,6.18,U
sz002516,旷达科技,2025-09-29 10:10:54,6.19,75700,6.19,D
sz002516,旷达科技,2025-09-29 10:13:06,6.19,33700,6.18,U
sz002516,旷达科技,2025-09-29 10:13:18,6.19,33200,6.2,D
sz002516,旷达科技,2025-09-29 10:18:36,6.2,64500,6.19,U
sz002516,旷达科技,2025-09-29 10:19:15,6.18,54200,6.19,D
sz002516,旷达科技,2025-09-29 10:19:57,6.19,24700,6.19,U
sz002516,旷达科技,2025-09-29 10:21:00,6.2,52600,6.2,U
sz002516,旷达科技,2025-09-29 10:24:06,6.21,84500,6.2,U
sz002516,旷达科技,2025-09-29 10:24:18,6.2,27800,6.21,D
sz002516,旷达科技,2025-09-29 10:25:27,6.22,90600,6.21,U
sz002516,旷达科技,2025-09-29 10:29:12,6.22,160400,6.21,U
sz002516,旷达科技,2025-09-29 10:29:42,6.22,41300,6.22,U
sz002516,旷达科技,2025-09-29 10:30:03,6.22,31600,6.22,U
sz002516,旷达科技,2025-09-29 10:30:48,6.23,80800,6.23,U
sz002516,旷达科技,2025-09-29 10:31:09,6.23,25900,6.23,U
sz002516,旷达科技,2025-09-29 10:32:12,6.23,28800,6.22,U
sz002516,旷达科技,2025-09-29 10:33:06,6.23,124000,6.22,U
sz002516,旷达科技,2025-09-29 10:33:21,6.23,35900,6.23,D
sz002516,旷达科技,2025-09-29 10:35:15,6.22,27400,6.22,D
sz002516,旷达科技,2025-09-29 10:38:45,6.22,65200,6.22,D
sz002516,旷达科技,2025-09-29 10:39:42,6.21,31000,6.21,D
sz002516,旷达科技,2025-09-29 10:41:36,6.21,30100,6.21,D
sz002516,旷达科技,2025-09-29 10:42:03,6.21,80600,6.21,D
sz002516,旷达科技,2025-09-29 10:42:21,6.21,30000,6.21,U
sz002516,旷达科技,2025-09-29 10:44:00,6.21,24000,6.2,U
sz002516,旷达科技,2025-09-29 10:46:48,6.2,20200,6.2,D
sz002516,旷达科技,2025-09-29 10:47:15,6.2,28700,6.2,D
sz002516,旷达科技,2025-09-29 10:51:54,6.21,74900,6.2,U
sz002516,旷达科技,2025-09-29 10:55:18,6.2,201400,6.21,D
sz002516,旷达科技,2025-09-29 10:57:18,6.2,34600,6.2,U
sz002516,旷达科技,2025-09-29 11:03:03,6.21,28400,6.19,U
sz002516,旷达科技,2025-09-29 11:03:12,6.21,24500,6.2,U
sz002516,旷达科技,2025-09-29 11:05:51,6.21,41900,6.21,U
sz002516,旷达科技,2025-09-29 11:07:09,6.21,27400,6.22,D
sz002516,旷达科技,2025-09-29 11:18:12,6.19,27600,6.19,D
sz002516,旷达科技,2025-09-29 11:23:15,6.19,25100,6.2,D
sz002516,旷达科技,2025-09-29 13:00:00,6.2,89500,6.19,U
sz002516,旷达科技,2025-09-29 13:00:03,6.21,38800,6.2,U
sz002516,旷达科技,2025-09-29 13:00:06,6.22,306300,6.21,U
sz002516,旷达科技,2025-09-29 13:00:09,6.25,659900,6.22,U
sz002516,旷达科技,2025-09-29 13:00:12,6.25,28700,6.25,U
sz002516,旷达科技,2025-09-29 13:00:18,6.27,421400,6.25,U
sz002516,旷达科技,2025-09-29 13:00:57,6.25,35700,6.25,U
sz002516,旷达科技,2025-09-29 13:01:00,6.25,23300,6.25,U
sz002516,旷达科技,2025-09-29 13:01:18,6.26,20800,6.25,U
sz002516,旷达科技,2025-09-29 13:01:42,6.26,20700,6.26,U
sz002516,旷达科技,2025-09-29 13:01:54,6.26,21300,6.26,U
sz002516,旷达科技,2025-09-29 13:02:03,6.25,40400,6.25,D
sz002516,旷达科技,2025-09-29 13:04:09,6.24,44200,6.25,D
sz002516,旷达科技,2025-09-29 13:04:51,6.24,25000,6.24,D
sz002516,旷达科技,2025-09-29 13:04:57,6.24,56100,6.24,D
sz002516,旷达科技,2025-09-29 13:07:00,6.24,34500,6.24,U
sz002516,旷达科技,2025-09-29 13:07:15,6.24,38500,6.24,U
sz002516,旷达科技,2025-09-29 13:10:03,6.24,102200,6.25,D
sz002516,旷达科技,2025-09-29 13:11:24,6.24,26500,6.24,U
sz002516,旷达科技,2025-09-29 13:15:12,6.24,29700,6.24,U
sz002516,旷达科技,2025-09-29 13:17:03,6.24,26200,6.23,U
sz002516,旷达科技,2025-09-29 13:17:09,6.24,24400,6.24,U
sz002516,旷达科技,2025-09-29 13:17:39,6.24,20000,6.24,U
sz002516,旷达科技,2025-09-29 13:21:51,6.24,20000,6.23,U
sz002516,旷达科技,2025-09-29 13:24:12,6.22,279000,6.23,D
sz002516,旷达科技,2025-09-29 13:26:12,6.22,27600,6.22,D
sz002516,旷达科技,2025-09-29 13:28:06,6.22,32300,6.23,D
sz002516,旷达科技,2025-09-29 13:30:15,6.23,54600,6.22,U
sz002516,旷达科技,2025-09-29 13:32:51,6.24,51000,6.24,U
sz002516,旷达科技,2025-09-29 13:37:15,6.23,27900,6.23,D
sz002516,旷达科技,2025-09-29 13:37:21,6.23,56200,6.23,D
sz002516,旷达科技,2025-09-29 13:37:39,6.23,29800,6.23,U
sz002516,旷达科技,2025-09-29 13:38:12,6.22,39400,6.22,D
sz002516,旷达科技,2025-09-29 13:38:18,6.22,20100,6.22,D
sz002516,旷达科技,2025-09-29 13:43:12,6.23,40000,6.24,D
sz002516,旷达科技,2025-09-29 13:44:03,6.23,32500,6.23,U
sz002516,旷达科技,2025-09-29 13:44:06,6.22,26700,6.23,D
sz002516,旷达科技,2025-09-29 13:46:15,6.22,25000,6.22,D
sz002516,旷达科技,2025-09-29 13:48:12,6.22,28400,6.23,D
sz002516,旷达科技,2025-09-29 13:49:18,6.23,22600,6.23,U
sz002516,旷达科技,2025-09-29 13:50:27,6.24,20700,6.24,U
sz002516,旷达科技,2025-09-29 13:51:36,6.25,56900,6.24,U
sz002516,旷达科技,2025-09-29 13:51:57,6.25,21100,6.25,U
sz002516,旷达科技,2025-09-29 13:56:57,6.25,76500,6.25,U
sz002516,旷达科技,2025-09-29 13:57:12,6.25,25300,6.25,U
sz002516,旷达科技,2025-09-29 13:59:00,6.24,22000,6.25,D
sz002516,旷达科技,2025-09-29 13:59:15,6.25,28700,6.25,U
sz002516,旷达科技,2025-09-29 14:00:21,6.26,57800,6.25,U
sz002516,旷达科技,2025-09-29 14:01:00,6.25,32600,6.24,U
sz002516,旷达科技,2025-09-29 14:10:12,6.25,28100,6.24,U
sz002516,旷达科技,2025-09-29 14:13:00,6.24,41200,6.24,D
sz002516,旷达科技,2025-09-29 14:13:03,6.24,87900,6.24,D
sz002516,旷达科技,2025-09-29 14:17:06,6.23,31400,6.23,D
sz002516,旷达科技,2025-09-29 14:18:09,6.24,23800,6.22,U
sz002516,旷达科技,2025-09-29 14:20:00,6.23,80000,6.23,D
sz002516,旷达科技,2025-09-29 14:21:12,6.23,34100,6.23,D
sz002516,旷达科技,2025-09-29 14:26:06,6.24,20400,6.24,U
sz002516,旷达科技,2025-09-29 14:32:12,6.23,27600,6.24,D
sz002516,旷达科技,2025-09-29 14:33:24,6.23,37000,6.24,D
sz002516,旷达科技,2025-09-29 14:35:03,6.24,23600,6.23,U
sz002516,旷达科技,2025-09-29 14:36:33,6.23,22100,6.23,D
sz002516,旷达科技,2025-09-29 14:36:45,6.23,29500,6.23,D
sz002516,旷达科技,2025-09-29 14:39:09,6.23,21300,6.24,D
sz002516,旷达科技,2025-09-29 14:41:24,6.23,21300,6.23,D
sz002516,旷达科技,2025-09-29 14:42:06,6.23,159500,6.24,D
sz002516,旷达科技,2025-09-29 14:42:42,6.23,20800,6.24,D
sz002516,旷达科技,2025-09-29 14:44:54,6.23,23100,6.23,D
sz002516,旷达科技,2025-09-29 14:49:09,6.24,162800,6.24,U
sz002516,旷达科技,2025-09-29 14:49:45,6.23,22600,6.24,D
sz002516,旷达科技,2025-09-29 14:50:12,6.24,38100,6.24,U
sz002516,旷达科技,2025-09-29 14:50:18,6.24,47900,6.24,U
sz002516,旷达科技,2025-09-29 14:50:36,6.24,25200,6.24,U
sz002516,旷达科技,2025-09-29 14:51:09,6.24,23500,6.24,D
sz002516,旷达科技,2025-09-29 14:52:18,6.23,21200,6.24,D
sz002516,旷达科技,2025-09-29 14:52:51,6.24,33000,6.24,U
sz002516,旷达科技,2025-09-29 14:53:33,6.24,33400,6.24,E
sz002516,旷达科技,2025-09-29 14:54:24,6.23,64300,6.23,D
sz002516,旷达科技,2025-09-29 14:55:00,6.24,34800,6.24,U
sz002516,旷达科技,2025-09-29 14:55:15,6.24,21300,6.23,U
sz002516,旷达科技,2025-09-29 14:56:12,6.24,40900,6.24,U
sz002516,旷达科技,2025-09-29 14:56:30,6.25,41000,6.25,U
sz002516,旷达科技,2025-09-29 14:56:42,6.24,56500,6.25,D
sz002516,旷达科技,2025-09-29 15:00:00,6.24,260300,6.24,E
