symbol,name,ticktime,price,volume,prev_price,kind
sz002516,旷达科技,2025-10-09 09:25:00,6.35,242900,0.0,U
sz002516,旷达科技,2025-10-09 09:30:00,6.35,137500,6.35,U
sz002516,旷达科技,2025-10-09 09:30:03,6.35,344100,6.35,D
sz002516,旷达科技,2025-10-09 09:30:06,6.36,56200,6.35,U
sz002516,旷达科技,2025-10-09 09:30:09,6.35,89700,6.36,D
sz002516,旷达科技,2025-10-09 09:30:24,6.36,31800,6.36,D
sz002516,旷达科技,2025-10-09 09:30:27,6.36,67500,6.36,D
sz002516,旷达科技,2025-10-09 09:30:30,6.36,60600,6.36,D
sz002516,旷达科技,2025-10-09 09:30:33,6.36,41900,6.36,U
sz002516,旷达科技,2025-10-09 09:30:36,6.37,48400,6.36,U
sz002516,旷达科技,2025-10-09 09:30:39,6.37,124200,6.37,U
sz002516,旷达科技,2025-10-09 09:30:51,6.37,25300,6.35,U
sz002516,旷达科技,2025-10-09 09:30:54,6.36,22800,6.37,D
sz002516,旷达科技,2025-10-09 09:31:00,6.39,450800,6.35,U
sz002516,旷达科技,2025-10-09 09:31:03,6.39,234600,6.39,D
sz002516,旷达科技,2025-10-09 09:31:06,6.37,36100,6.39,D
sz002516,旷达科技,2025-10-09 09:31:15,6.39,38000,6.39,U
sz002516,旷达科技,2025-10-09 09:31:21,6.37,57300,6.39,D
sz002516,旷达科技,2025-10-09 09:31:24,6.36,32500,6.37,D
sz002516,旷达科技,2025-10-09 09:31:27,6.37,93100,6.36,U
sz002516,旷达科技,2025-10-09 09:31:30,6.39,32800,6.37,U
sz002516,旷达科技,2025-10-09 09:31:33,6.39,76500,6.39,U
sz002516,旷达科技,2025-10-09 09:31:36,6.39,42400,6.39,U
sz002516,旷达科技,2025-10-09 09:31:39,6.37,42700,6.39,D
sz002516,旷达科技,2025-10-09 09:31:42,6.37,46800,6.37,E
sz002516,旷达科技,2025-10-09 09:31:48,6.35,34100,6.37,D
sz002516,旷达科技,2025-10-09 09:32:00,6.34,29500,6.35,D
sz002516,旷达科技,2025-10-09 09:32:03,6.34,29800,6.34,D
sz002516,旷达科技,2025-10-09 09:32:06,6.34,28600,6.34,U
sz002516,旷达科技,2025-10-09 09:32:09,6.33,20300,6.34,D
sz002516,旷达科技,2025-10-09 09:32:18,6.34,24300,6.34,E
sz002516,旷达科技,2025-10-09 09:32:21,6.33,43300,6.34,D
sz002516,旷达科技,2025-10-09 09:32:24,6.34,50300,6.33,U
sz002516,旷达科技,2025-10-09 09:32:45,6.33,21100,6.33,D
sz002516,旷达科技,2025-10-09 09:32:54,6.33,54700,6.33,U
sz002516,旷达科技,2025-10-09 09:33:00,6.33,22700,6.33,D
sz002516,旷达科技,2025-10-09 09:33:18,6.34,27200,6.34,U
sz002516,旷达科技,2025-10-09 09:33:21,6.33,25400,6.34,D
sz002516,旷达科技,2025-10-09 09:33:24,6.34,33800,6.33,U
sz002516,旷达科技,2025-10-09 09:33:42,6.34,40000,6.34,U
sz002516,旷达科技,2025-10-09 09:33:57,6.34,21000,6.34,D
sz002516,旷达科技,2025-10-09 09:34:00,6.36,66600,6.34,U
sz002516,旷达科技,2025-10-09 09:34:03,6.35,65800,6.36,D
sz002516,旷达科技,2025-10-09 09:34:27,6.37,24300,6.37,U
sz002516,旷达科技,2025-10-09 09:34:42,6.38,33000,6.37,U
sz002516,旷达科技,2025-10-09 09:34:57,6.38,48300,6.38,U
sz002516,旷达科技,2025-10-09 09:35:06,6.39,41800,6.38,U
sz002516,旷达科技,2025-10-09 09:35:18,6.38,142300,6.39,D
sz002516,旷达科技,2025-10-09 09:35:48,6.36,38900,6.37,D
sz002516,旷达科技,2025-10-09 09:36:03,6.36,51300,6.36,U
sz002516,旷达科技,2025-10-09 09:36:15,6.36,33300,6.35,U
sz002516,旷达科技,2025-10-09 09:36:18,6.35,176100,6.36,D
sz002516,旷达科技,2025-10-09 09:36:36,6.34,40200,6.34,D
sz002516,旷达科技,2025-10-09 09:37:00,6.34,26700,6.34,D
sz002516,旷达科技,2025-10-09 09:37:18,6.34,33000,6.35,D
sz002516,旷达科技,2025-10-09 09:37:24,6.35,40800,6.35,D
sz002516,旷达科技,2025-10-09 09:37:27,6.35,33900,6.35,D
sz002516,旷达科技,2025-10-09 09:38:00,6.35,31600,6.35,U
sz002516,旷达科技,2025-10-09 09:38:24,6.36,38900,6.35,U
sz002516,旷达科技,2025-10-09 09:38:42,6.35,20100,6.35,D
sz002516,旷达科技,2025-10-09 09:38:54,6.34,20700,6.35,D
sz002516,旷达科技,2025-10-09 09:39:45,6.34,34300,6.35,D
sz002516,旷达科技,2025-10-09 09:40:15,6.34,33600,6.34,D
sz002516,旷达科技,2025-10-09 09:40:21,6.35,68300,6.34,U
sz002516,旷达科技,2025-10-09 09:40:24,6.36,27900,6.35,U
sz002516,旷达科技,2025-10-09 09:40:30,6.36,53600,6.36,U
sz002516,旷达科技,2025-10-09 09:40:33,6.38,116000,6.36,U
sz002516,旷达科技,2025-10-09 09:40:36,6.39,84300,6.38,U
sz002516,旷达科技,2025-10-09 09:40:39,6.4,20900,6.39,U
sz002516,旷达科技,2025-10-09 09:40:42,6.4,20400,6.4,U
sz002516,旷达科技,2025-10-09 09:40:45,6.39,46800,6.4,D
sz002516,旷达科技,2025-10-09 09:40:48,6.4,55300,6.39,U
sz002516,旷达科技,2025-10-09 09:40:51,6.39,56700,6.4,D
sz002516,旷达科技,2025-10-09 09:41:03,6.39,26600,6.39,D
sz002516,旷达科技,2025-10-09 09:41:09,6.39,22000,6.39,U
sz002516,旷达科技,2025-10-09 09:41:36,6.38,170800,6.38,U
sz002516,旷达科技,2025-10-09 09:42:06,6.38,20200,6.38,D
sz002516,旷达科技,2025-10-09 09:42:30,6.39,21400,6.39,U
sz002516,旷达科技,2025-10-09 09:42:39,6.38,29100,6.4,D
sz002516,旷达科技,2025-10-09 09:42:51,6.39,33900,6.39,U
sz002516,旷达科技,2025-10-09 09:43:15,6.38,20600,6.39,D
sz002516,旷达科技,2025-10-09 09:43:39,6.37,23300,6.37,D
sz002516,旷达科技,2025-10-09 09:44:09,6.37,26700,6.36,U
sz002516,旷达科技,2025-10-09 09:45:09,6.36,67700,6.37,D
sz002516,旷达科技,2025-10-09 09:45:42,6.35,53000,6.36,D
sz002516,旷达科技,2025-10-09 09:46:18,6.35,107700,6.36,D
sz002516,旷达科技,2025-10-09 09:46:45,6.34,30200,6.35,D
sz002516,旷达科技,2025-10-09 09:46:51,6.33,79700,6.34,D
sz002516,旷达科技,2025-10-09 09:47:48,6.35,24100,6.34,U
sz002516,旷达科技,2025-10-09 09:47:54,6.35,137100,6.34,U
sz002516,旷达科技,2025-10-09 09:48:33,6.36,64800,6.36,U
sz002516,旷达科技,2025-10-09 09:50:36,6.35,25100,6.35,D
sz002516,旷达科技,2025-10-09 09:50:51,6.34,23600,6.34,D
sz002516,旷达科技,2025-10-09 09:51:24,6.33,62100,6.34,D
sz002516,旷达科技,2025-10-09 09:51:54,6.34,36200,6.34,D
sz002516,旷达科技,2025-10-09 09:51:57,6.34,47100,6.34,U
sz002516,旷达科技,2025-10-09 09:52:39,6.33,40300,6.34,D
sz002516,旷达科技,2025-10-09 09:52:42,6.34,71900,6.33,U
sz002516,旷达科技,2025-10-09 09:53:36,6.34,60300,6.33,U
sz002516,旷达科技,2025-10-09 09:53:39,6.32,43900,6.34,D
sz002516,旷达科技,2025-10-09 09:54:15,6.33,106000,6.33,D
sz002516,旷达科技,2025-10-09 09:54:36,6.33,21100,6.32,U
sz002516,旷达科技,2025-10-09 09:55:00,6.34,20200,6.33,U
sz002516,旷达科技,2025-10-09 09:56:51,6.34,22500,6.34,U
sz002516,旷达科技,2025-10-09 09:56:54,6.34,149400,6.34,U
sz002516,旷达科技,2025-10-09 10:00:39,6.34,30500,6.34,D
sz002516,旷达科技,2025-10-09 10:00:51,6.34,26000,6.34,D
sz002516,旷达科技,2025-10-09 10:01:18,6.33,92700,6.33,D
sz002516,旷达科技,2025-10-09 10:02:48,6.33,30900,6.33,D
sz002516,旷达科技,2025-10-09 10:03:03,6.34,44200,6.33,U
sz002516,旷达科技,2025-10-09 10:03:06,6.34,20700,6.34,U
sz002516,旷达科技,2025-10-09 10:08:03,6.33,42000,6.34,D
sz002516,旷达科技,2025-10-09 10:08:12,6.33,59100,6.33,D
sz002516,旷达科技,2025-10-09 10:09:57,6.32,42200,6.33,D
sz002516,旷达科技,2025-10-09 10:10:15,6.32,42200,6.32,D
sz002516,旷达科技,2025-10-09 10:11:00,6.33,80000,6.33,U
sz002516,旷达科技,2025-10-09 10:13:51,6.34,20000,6.34,U
sz002516,旷达科技,2025-10-09 10:17:09,6.33,22800,6.33,D
sz002516,旷达科技,2025-10-09 10:19:39,6.34,20000,6.34,U
sz002516,旷达科技,2025-10-09 10:20:00,6.33,31500,6.34,D
sz002516,旷达科技,2025-10-09 10:25:21,6.34,37200,6.34,U
sz002516,旷达科技,2025-10-09 10:28:39,6.34,21700,6.34,U
sz002516,旷达科技,2025-10-09 10:29:09,6.32,138300,6.33,D
sz002516,旷达科技,2025-10-09 10:30:03,6.33,41000,6.32,U
sz002516,旷达科技,2025-10-09 10:30:09,6.34,50700,6.34,U
sz002516,旷达科技,2025-10-09 10:33:24,6.34,21000,6.33,U
sz002516,旷达科技,2025-10-09 10:34:45,6.34,41000,6.34,U
sz002516,旷达科技,2025-10-09 10:35:15,6.33,20200,6.33,D
sz002516,旷达科技,2025-10-09 10:37:06,6.32,74600,6.33,D
sz002516,旷达科技,2025-10-09 10:39:09,6.32,23700,6.33,D
sz002516,旷达科技,2025-10-09 10:40:24,6.32,30300,6.33,D
sz002516,旷达科技,2025-10-09 10:44:00,6.33,55800,6.33,U
sz002516,旷达科技,2025-10-09 10:48:21,6.34,67500,6.34,U
sz002516,旷达科技,2025-10-09 10:49:09,6.34,27700,6.34,U
sz002516,旷达科技,2025-10-09 10:50:36,6.33,48800,6.34,D
sz002516,旷达科技,2025-10-09 10:51:00,6.34,29900,6.33,U
sz002516,旷达科技,2025-10-09 10:51:45,6.33,20000,6.34,D
sz002516,旷达科技,2025-10-09 10:52:00,6.34,50600,6.33,U
sz002516,旷达科技,2025-10-09 10:52:51,6.33,20000,6.34,D
sz002516,旷达科技,2025-10-09 10:56:27,6.33,25700,6.33,D
sz002516,旷达科技,2025-10-09 11:00:33,6.33,86600,6.33,U
sz002516,旷达科技,2025-10-09 11:05:09,6.33,21900,6.32,U
sz002516,旷达科技,2025-10-09 11:08:30,6.33,40200,6.33,U
sz002516,旷达科技,2025-10-09 11:09:12,6.34,120300,6.33,U
sz002516,旷达科技,2025-10-09 11:13:21,6.35,302200,6.33,U
sz002516,旷达科技,2025-10-09 11:13:24,6.36,67400,6.35,U
sz002516,旷达科技,2025-10-09 11:16:06,6.36,91200,6.36,U
sz002516,旷达科技,2025-10-09 11:16:09,6.36,30600,6.36,U
sz002516,旷达科技,2025-10-09 11:16:45,6.36,21000,6.36,D
sz002516,旷达科技,2025-10-09 11:16:48,6.36,20200,6.36,U
sz002516,旷达科技,2025-10-09 11:17:06,6.36,25600,6.36,E
sz002516,旷达科技,2025-10-09 11:17:42,6.36,42300,6.36,D
sz002516,旷达科技,2025-10-09 11:18:42,6.36,46200,6.37,D
sz002516,旷达科技,2025-10-09 11:20:36,6.37,22800,6.36,U
sz002516,旷达科技,2025-10-09 11:23:24,6.36,36100,6.35,U
sz002516,旷达科技,2025-10-09 11:24:30,6.36,20100,6.36,D
sz002516,旷达科技,2025-10-09 11:24:36,6.36,54200,6.36,D
sz002516,旷达科技,2025-10-09 11:27:12,6.35,33800,6.35,D
sz002516,旷达科技,2025-10-09 11:29:18,6.35,22700,6.35,D
sz002516,旷达科技,2025-10-09 13:00:00,6.36,73500,6.36,U
sz002516,旷达科技,2025-10-09 13:00:03,6.36,96900,6.36,U
sz002516,旷达科技,2025-10-09 13:01:03,6.34,91000,6.36,D
sz002516,旷达科技,2025-10-09 13:06:06,6.34,26600,6.34,D
sz002516,旷达科技,2025-10-09 13:09:30,6.35,95100,6.35,U
sz002516,旷达科技,2025-10-09 13:13:51,6.34,23900,6.35,D
sz002516,旷达科技,2025-10-09 13:16:51,6.34,20000,6.34,D
sz002516,旷达科技,2025-10-09 13:17:03,6.33,112700,6.34,D
sz002516,旷达科技,2025-10-09 13:18:03,6.34,35300,6.33,U
sz002516,旷达科技,2025-10-09 13:22:03,6.34,93700,6.33,U
sz002516,旷达科技,2025-10-09 13:23:42,6.33,30000,6.33,D
sz002516,旷达科技,2025-10-09 13:27:42,6.34,46400,6.34,U
sz002516,旷达科技,2025-10-09 13:27:48,6.33,24000,6.34,D
sz002516,旷达科技,2025-10-09 13:30:45,6.33,20000,6.33,D
sz002516,旷达科技,2025-10-09 13:39:57,6.33,61900,6.34,D
sz002516,旷达科技,2025-10-09 13:40:54,6.33,23600,6.33,D
sz002516,旷达科技,2025-10-09 13:41:15,6.33,24600,6.34,D
sz002516,旷达科技,2025-10-09 13:41:21,6.33,82900,6.33,D
sz002516,旷达科技,2025-10-09 13:45:09,6.33,37400,6.33,D
sz002516,旷达科技,2025-10-09 13:45:42,6.33,24800,6.33,D
sz002516,旷达科技,2025-10-09 13:52:09,6.34,246300,6.32,U
sz002516,旷达科技,2025-10-09 13:59:18,6.34,39700,6.33,U
sz002516,旷达科技,2025-10-09 13:59:42,6.33,23600,6.33,D
sz002516,旷达科技,2025-10-09 14:05:24,6.34,20200,6.33,U
sz002516,旷达科技,2025-10-09 14:05:27,6.35,123700,6.34,U
sz002516,旷达科技,2025-10-09 14:06:15,6.34,27800,6.34,D
sz002516,旷达科技,2025-10-09 14:12:03,6.34,25500,6.34,D
sz002516,旷达科技,2025-10-09 14:12:24,6.34,22500,6.34,D
sz002516,旷达科技,2025-10-09 14:13:12,6.34,22200,6.35,D
sz002516,旷达科技,2025-10-09 14:14:54,6.35,98800,6.35,U
sz002516,旷达科技,2025-10-09 14:15:03,6.34,30000,6.34,D
sz002516,旷达科技,2025-10-09 14:16:36,6.35,102000,6.34,U
sz002516,旷达科技,2025-10-09 14:16:42,6.35,24400,6.35,U
sz002516,旷达科技,2025-10-09 14:17:12,6.35,263200,6.35,U
sz002516,旷达科技,2025-10-09 14:17:57,6.36,40000,6.35,U
sz002516,旷达科技,2025-10-09 14:18:12,6.36,26600,6.36,U
sz002516,旷达科技,2025-10-09 14:18:18,6.36,24400,6.36,U
sz002516,旷达科技,2025-10-09 14:18:24,6.36,30000,6.36,U
sz002516,旷达科技,2025-10-09 14:19:21,6.36,148500,6.35,U
sz002516,旷达科技,2025-10-09 14:19:36,6.39,797900,6.37,U
sz002516,旷达科技,2025-10-09 14:19:39,6.4,63300,6.39,U
sz002516,旷达科技,2025-10-09 14:19:54,6.39,34700,6.39,D
sz002516,旷达科技,2025-10-09 14:20:03,6.4,34100,6.4,U
sz002516,旷达科技,2025-10-09 14:20:06,6.39,66600,6.4,D
sz002516,旷达科技,2025-10-09 14:20:09,6.39,20900,6.39,D
sz002516,旷达科技,2025-10-09 14:20:33,6.38,64400,6.38,D
sz002516,旷达科技,2025-10-09 14:21:12,6.38,41200,6.38,U
sz002516,旷达科技,2025-10-09 14:21:15,6.38,40300,6.38,U
sz002516,旷达科技,2025-10-09 14:22:03,6.38,28400,6.38,U
sz002516,旷达科技,2025-10-09 14:22:06,6.38,21600,6.38,U
sz002516,旷达科技,2025-10-09 14:22:33,6.39,29800,6.38,U
sz002516,旷达科技,2025-10-09 14:23:30,6.38,21000,6.38,D
sz002516,旷达科技,2025-10-09 14:23:54,6.39,21200,6.39,U
sz002516,旷达科技,2025-10-09 14:24:54,6.38,26200,6.38,D
sz002516,旷达科技,2025-10-09 14:28:24,6.38,59000,6.38,U
sz002516,旷达科技,2025-10-09 14:29:39,6.38,43200,6.38,U
sz002516,旷达科技,2025-10-09 14:36:21,6.37,33200,6.38,D
sz002516,旷达科技,2025-10-09 14:36:36,6.38,25100,6.37,U
sz002516,旷达科技,2025-10-09 14:38:24,6.38,59000,6.37,U
sz002516,旷达科技,2025-10-09 14:39:00,6.38,20000,6.37,U
sz002516,旷达科技,2025-10-09 14:40:09,6.37,43200,6.37,D
sz002516,旷达科技,2025-10-09 14:41:18,6.37,20000,6.37,D
sz002516,旷达科技,2025-10-09 14:42:06,6.37,62500,6.37,D
sz002516,旷达科技,2025-10-09 14:43:18,6.38,108100,6.37,U
sz002516,旷达科技,2025-10-09 14:44:00,6.37,22400,6.38,D
sz002516,旷达科技,2025-10-09 14:45:42,6.37,150000,6.38,D
sz002516,旷达科技,2025-10-09 14:45:48,6.38,22100,6.37,U
sz002516,旷达科技,2025-10-09 14:48:09,6.36,169000,6.37,D
sz002516,旷达科技,2025-10-09 14:48:39,6.37,31000,6.38,D
sz002516,旷达科技,2025-10-09 14:49:09,6.38,101900,6.37,U
sz002516,旷达科技,2025-10-09 14:50:09,6.38,24400,6.38,U
sz002516,旷达科技,2025-10-09 14:50:18,6.38,32400,6.38,U
sz002516,旷达科技,2025-10-09 14:50:36,6.37,20400,6.37,D
sz002516,旷达科技,2025-10-09 14:51:00,6.38,43200,6.37,U
sz002516,旷达科技,2025-10-09 14:51:48,6.38,62500,6.38,U
sz002516,旷达科技,2025-10-09 14:52:42,6.38,22500,6.38,U
sz002516,旷达科技,2025-10-09 14:52:57,6.37,23300,6.38,D
sz002516,旷达科技,2025-10-09 14:53:45,6.38,122500,6.38,U
sz002516,旷达科技,2025-10-09 14:53:51,6.38,32400,6.38,U
sz002516,旷达科技,2025-10-09 14:54:09,6.37,26200,6.38,D
sz002516,旷达科技,2025-10-09 14:54:48,6.37,59200,6.37,D
sz002516,旷达科技,2025-10-09 14:55:00,6.38,22800,6.38,U
sz002516,旷达科技,2025-10-09 14:56:06,6.38,50300,6.37,U
sz002516,旷达科技,2025-10-09 15:00:00,6.39,453500,6.37,E
