symbol,name,ticktime,price,volume,prev_price,kind
sz002516,旷达科技,2025-10-22 09:25:00,5.95,70900,0.0,E
sz002516,旷达科技,2025-10-22 09:30:00,5.94,29400,5.95,E
sz002516,旷达科技,2025-10-22 09:30:03,5.91,52400,5.94,D
sz002516,旷达科技,2025-10-22 09:30:27,5.92,20800,5.92,D
sz002516,旷达科技,2025-10-22 09:30:30,5.92,22000,5.92,D
sz002516,旷达科技,2025-10-22 09:30:45,5.89,164100,5.91,D
sz002516,旷达科技,2025-10-22 09:31:33,5.93,39800,5.91,U
sz002516,旷达科技,2025-10-22 09:31:42,5.94,23800,5.93,U
sz002516,旷达科技,2025-10-22 09:31:48,5.94,24700,5.94,U
sz002516,旷达科技,2025-10-22 09:31:51,5.95,93400,5.94,U
sz002516,旷达科技,2025-10-22 09:32:03,5.97,65900,5.95,U
sz002516,旷达科技,2025-10-22 09:32:12,5.96,241300,5.97,D
sz002516,旷达科技,2025-10-22 09:32:15,5.96,38400,5.96,U
sz002516,旷达科技,2025-10-22 09:32:21,5.97,30600,5.96,U
sz002516,旷达科技,2025-10-22 09:32:36,5.98,81300,5.97,U
sz002516,旷达科技,2025-10-22 09:32:48,5.99,36600,5.99,U
sz002516,旷达科技,2025-10-22 09:32:54,5.99,38000,5.98,U
sz002516,旷达科技,2025-10-22 09:33:03,5.98,67500,5.98,U
sz002516,旷达科技,2025-10-22 09:33:21,5.99,30700,5.99,U
sz002516,旷达科技,2025-10-22 09:33:39,5.99,23800,5.98,U
sz002516,旷达科技,2025-10-22 09:33:48,5.99,36900,5.99,U
sz002516,旷达科技,2025-10-22 09:34:03,5.97,52600,5.98,D
sz002516,旷达科技,2025-10-22 09:34:06,5.98,83000,5.97,U
sz002516,旷达科技,2025-10-22 09:36:12,5.97,51800,5.98,D
sz002516,旷达科技,2025-10-22 09:36:24,5.97,27200,5.97,D
sz002516,旷达科技,2025-10-22 09:37:18,5.97,25500,5.97,D
sz002516,旷达科技,2025-10-22 09:37:33,5.96,37400,5.96,D
sz002516,旷达科技,2025-10-22 09:38:06,5.96,56400,5.97,D
sz002516,旷达科技,2025-10-22 09:38:45,5.95,30000,5.95,D
sz002516,旷达科技,2025-10-22 09:38:51,5.95,23000,5.96,D
sz002516,旷达科技,2025-10-22 09:39:33,5.94,77200,5.95,D
sz002516,旷达科技,2025-10-22 09:40:00,5.94,28500,5.94,D
sz002516,旷达科技,2025-10-22 09:40:57,5.94,32000,5.93,U
sz002516,旷达科技,2025-10-22 09:43:15,5.92,20900,5.92,D
sz002516,旷达科技,2025-10-22 09:44:09,5.93,21000,5.93,U
sz002516,旷达科技,2025-10-22 09:44:54,5.92,49300,5.94,D
sz002516,旷达科技,2025-10-22 09:45:24,5.92,23000,5.92,D
sz002516,旷达科技,2025-10-22 09:46:24,5.92,100000,5.93,D
sz002516,旷达科技,2025-10-22 09:46:39,5.92,38900,5.93,D
sz002516,旷达科技,2025-10-22 09:47:30,5.93,51700,5.92,U
sz002516,旷达科技,2025-10-22 09:48:21,5.94,37400,5.93,U
sz002516,旷达科技,2025-10-22 09:50:15,5.95,44200,5.94,U
sz002516,旷达科技,2025-10-22 09:51:27,5.94,32700,5.94,D
sz002516,旷达科技,2025-10-22 09:53:27,5.95,26300,5.94,U
sz002516,旷达科技,2025-10-22 09:53:51,5.95,61100,5.95,U
sz002516,旷达科技,2025-10-22 09:54:36,5.96,25400,5.96,U
sz002516,旷达科技,2025-10-22 09:56:33,5.95,30100,5.96,D
sz002516,旷达科技,2025-10-22 09:56:36,5.95,24700,5.95,D
sz002516,旷达科技,2025-10-22 10:01:45,5.95,55300,5.95,D
sz002516,旷达科技,2025-10-22 10:03:03,5.95,28600,5.95,U
sz002516,旷达科技,2025-10-22 10:06:12,5.97,87500,5.96,U
sz002516,旷达科技,2025-10-22 10:06:30,5.97,89000,5.97,U
sz002516,旷达科技,2025-10-22 10:06:33,5.97,26600,5.97,D
sz002516,旷达科技,2025-10-22 10:07:12,5.97,38200,5.97,U
sz002516,旷达科技,2025-10-22 10:07:30,5.96,47000,5.97,D
sz002516,旷达科技,2025-10-22 10:08:18,5.98,20000,5.98,U
sz002516,旷达科技,2025-10-22 10:10:03,5.96,51200,5.97,D
sz002516,旷达科技,2025-10-22 10:10:45,5.97,20000,5.97,U
sz002516,旷达科技,2025-10-22 10:11:24,5.97,22700,5.97,U
sz002516,旷达科技,2025-10-22 10:12:00,5.98,50000,5.97,U
sz002516,旷达科技,2025-10-22 10:13:57,5.98,20200,5.97,U
sz002516,旷达科技,2025-10-22 10:14:57,5.98,60200,5.98,U
sz002516,旷达科技,2025-10-22 10:15:06,6.0,132300,5.98,U
sz002516,旷达科技,2025-10-22 10:15:33,6.0,337400,5.99,U
sz002516,旷达科技,2025-10-22 10:15:54,6.01,56600,6.01,U
sz002516,旷达科技,2025-10-22 10:15:57,6.0,24700,6.01,D
sz002516,旷达科技,2025-10-22 10:16:06,6.01,28000,6.01,U
sz002516,旷达科技,2025-10-22 10:16:15,6.01,29600,6.01,U
sz002516,旷达科技,2025-10-22 10:16:24,6.01,118100,6.01,U
sz002516,旷达科技,2025-10-22 10:17:09,6.01,55900,6.01,U
sz002516,旷达科技,2025-10-22 10:17:21,6.01,27600,6.01,U
sz002516,旷达科技,2025-10-22 10:17:33,6.02,143200,6.01,U
sz002516,旷达科技,2025-10-22 10:17:45,6.03,52100,6.02,U
sz002516,旷达科技,2025-10-22 10:17:48,6.03,30200,6.03,D
sz002516,旷达科技,2025-10-22 10:18:09,6.04,82200,6.03,U
sz002516,旷达科技,2025-10-22 10:18:15,6.04,25000,6.04,U
sz002516,旷达科技,2025-10-22 10:18:18,6.04,59400,6.04,D
sz002516,旷达科技,2025-10-22 10:18:27,6.05,26900,6.04,U
sz002516,旷达科技,2025-10-22 10:18:33,6.04,56700,6.05,D
sz002516,旷达科技,2025-10-22 10:18:36,6.05,37600,6.04,U
sz002516,旷达科技,2025-10-22 10:19:00,6.05,57700,6.05,U
sz002516,旷达科技,2025-10-22 10:19:06,6.04,110800,6.04,D
sz002516,旷达科技,2025-10-22 10:19:09,6.05,21000,6.04,U
sz002516,旷达科技,2025-10-22 10:19:39,6.04,20000,6.04,U
sz002516,旷达科技,2025-10-22 10:20:00,6.04,63200,6.04,U
sz002516,旷达科技,2025-10-22 10:20:09,6.06,378000,6.04,U
sz002516,旷达科技,2025-10-22 10:20:12,6.04,26700,6.06,D
sz002516,旷达科技,2025-10-22 10:20:42,6.05,37300,6.05,U
sz002516,旷达科技,2025-10-22 10:20:51,6.05,56900,6.05,U
sz002516,旷达科技,2025-10-22 10:20:54,6.05,50900,6.05,U
sz002516,旷达科技,2025-10-22 10:21:00,6.04,35200,6.04,D
sz002516,旷达科技,2025-10-22 10:21:03,6.05,32000,6.04,U
sz002516,旷达科技,2025-10-22 10:21:21,6.05,110300,6.05,D
sz002516,旷达科技,2025-10-22 10:21:42,6.05,65300,6.05,U
sz002516,旷达科技,2025-10-22 10:21:51,6.05,45300,6.06,D
sz002516,旷达科技,2025-10-22 10:22:18,6.05,83300,6.06,D
sz002516,旷达科技,2025-10-22 10:22:21,6.04,34500,6.05,D
sz002516,旷达科技,2025-10-22 10:22:33,6.04,35800,6.05,D
sz002516,旷达科技,2025-10-22 10:22:39,6.05,20800,6.04,U
sz002516,旷达科技,2025-10-22 10:23:03,6.04,139096,6.04,D
sz002516,旷达科技,2025-10-22 10:25:48,6.03,195600,6.04,D
sz002516,旷达科技,2025-10-22 10:25:51,6.03,25100,6.03,D
sz002516,旷达科技,2025-10-22 10:26:12,6.04,66004,6.04,U
sz002516,旷达科技,2025-10-22 10:30:18,6.04,51500,6.03,U
sz002516,旷达科技,2025-10-22 10:30:42,6.04,30000,6.03,U
sz002516,旷达科技,2025-10-22 10:30:48,6.04,28100,6.03,U
sz002516,旷达科技,2025-10-22 10:32:12,6.02,192200,6.04,D
sz002516,旷达科技,2025-10-22 10:33:18,6.03,53400,6.02,U
sz002516,旷达科技,2025-10-22 10:33:24,6.03,30300,6.03,U
sz002516,旷达科技,2025-10-22 10:36:15,6.03,31800,6.03,U
sz002516,旷达科技,2025-10-22 10:36:18,6.03,24700,6.03,U
sz002516,旷达科技,2025-10-22 10:37:57,6.03,41000,6.03,D
sz002516,旷达科技,2025-10-22 10:38:39,6.03,92900,6.02,U
sz002516,旷达科技,2025-10-22 10:40:15,6.02,39000,6.02,D
sz002516,旷达科技,2025-10-22 10:41:18,6.02,114300,6.02,D
sz002516,旷达科技,2025-10-22 10:45:42,6.01,21600,6.01,D
sz002516,旷达科技,2025-10-22 10:45:45,6.01,171400,6.01,D
sz002516,旷达科技,2025-10-22 10:47:00,6.0,20000,6.01,D
sz002516,旷达科技,2025-10-22 10:51:24,6.0,40100,6.0,D
sz002516,旷达科技,2025-10-22 10:51:51,6.0,20100,6.0,D
sz002516,旷达科技,2025-10-22 10:52:15,6.0,20000,6.01,D
sz002516,旷达科技,2025-10-22 10:55:30,6.0,137800,6.0,D
sz002516,旷达科技,2025-10-22 10:58:54,5.98,180100,5.99,D
sz002516,旷达科技,2025-10-22 11:00:24,5.98,20600,5.99,D
sz002516,旷达科技,2025-10-22 11:07:09,5.98,102700,5.98,D
sz002516,旷达科技,2025-10-22 11:08:12,5.98,41000,5.98,U
sz002516,旷达科技,2025-10-22 11:12:54,5.98,30200,5.98,D
sz002516,旷达科技,2025-10-22 11:13:27,5.99,21200,5.99,U
sz002516,旷达科技,2025-10-22 11:13:48,5.99,29700,5.99,U
sz002516,旷达科技,2025-10-22 11:15:12,5.99,33100,5.99,U
sz002516,旷达科技,2025-10-22 11:15:45,6.0,40000,6.0,U
sz002516,旷达科技,2025-10-22 11:16:15,5.99,34200,6.0,D
sz002516,旷达科技,2025-10-22 11:19:48,6.0,30200,6.0,U
sz002516,旷达科技,2025-10-22 11:23:06,5.99,27200,5.99,U
sz002516,旷达科技,2025-10-22 11:24:00,5.98,20100,5.99,D
sz002516,旷达科技,2025-10-22 11:28:51,5.98,27900,5.99,D
sz002516,旷达科技,2025-10-22 11:29:42,5.98,37300,5.98,D
sz002516,旷达科技,2025-10-22 13:00:03,5.99,21400,5.99,U
sz002516,旷达科技,2025-10-22 13:00:06,5.99,59300,5.99,U
sz002516,旷达科技,2025-10-22 13:01:03,5.98,23500,5.97,U
sz002516,旷达科技,2025-10-22 13:01:09,5.99,33800,5.98,U
sz002516,旷达科技,2025-10-22 13:01:21,6.0,20700,6.0,U
sz002516,旷达科技,2025-10-22 13:05:06,5.98,45000,5.98,D
sz002516,旷达科技,2025-10-22 13:06:03,5.99,36600,5.99,U
sz002516,旷达科技,2025-10-22 13:11:06,5.98,24400,5.98,D
sz002516,旷达科技,2025-10-22 13:11:15,5.99,41700,5.98,U
sz002516,旷达科技,2025-10-22 13:15:36,5.99,28500,5.98,U
sz002516,旷达科技,2025-10-22 13:15:39,6.01,24200,5.99,U
sz002516,旷达科技,2025-10-22 13:17:00,6.0,40000,6.0,U
sz002516,旷达科技,2025-10-22 13:18:15,6.0,30000,6.0,U
sz002516,旷达科技,2025-10-22 13:21:39,6.0,34800,6.0,U
sz002516,旷达科技,2025-10-22 13:22:09,6.0,45900,6.01,D
sz002516,旷达科技,2025-10-22 13:30:18,6.0,42900,5.99,U
sz002516,旷达科技,2025-10-22 13:32:00,6.0,35100,6.0,D
sz002516,旷达科技,2025-10-22 13:41:15,6.0,34000,6.01,D
sz002516,旷达科技,2025-10-22 13:41:18,6.01,45600,6.0,U
sz002516,旷达科技,2025-10-22 13:43:06,6.0,147700,6.0,D
sz002516,旷达科技,2025-10-22 13:46:42,5.99,25900,5.99,D
sz002516,旷达科技,2025-10-22 13:47:09,5.99,20200,5.99,D
sz002516,旷达科技,2025-10-22 14:00:03,5.99,63100,6.0,D
sz002516,旷达科技,2025-10-22 14:00:06,5.98,107500,5.99,D
sz002516,旷达科技,2025-10-22 14:01:00,5.99,61400,5.98,U
sz002516,旷达科技,2025-10-22 14:01:21,6.0,26100,6.0,U
sz002516,旷达科技,2025-10-22 14:06:42,5.99,20000,5.99,U
sz002516,旷达科技,2025-10-22 14:12:06,5.99,20200,5.99,D
sz002516,旷达科技,2025-10-22 14:12:36,5.99,21300,6.0,D
sz002516,旷达科技,2025-10-22 14:12:42,6.0,47300,6.0,U
sz002516,旷达科技,2025-10-22 14:12:45,6.0,138100,6.0,U
sz002516,旷达科技,2025-10-22 14:27:45,5.99,23000,6.0,D
sz002516,旷达科技,2025-10-22 14:31:39,5.99,71300,6.0,D
sz002516,旷达科技,2025-10-22 14:32:54,6.0,79700,5.99,U
sz002516,旷达科技,2025-10-22 14:34:54,5.99,20000,5.99,D
sz002516,旷达科技,2025-10-22 14:35:51,5.99,30200,6.0,D
sz002516,旷达科技,2025-10-22 14:37:06,5.99,25900,5.99,U
sz002516,旷达科技,2025-10-22 14:38:00,5.99,20400,5.98,U
sz002516,旷达科技,2025-10-22 14:39:00,5.99,22900,5.99,U
sz002516,旷达科技,2025-10-22 14:39:24,5.99,20700,5.99,U
sz002516,旷达科技,2025-10-22 14:48:12,6.0,30400,6.0,U
sz002516,旷达科技,2025-10-22 14:50:00,6.0,23800,6.0,U
sz002516,旷达科技,2025-10-22 14:50:30,5.99,28000,5.99,D
sz002516,旷达科技,2025-10-22 14:53:36,6.0,50400,6.0,U
sz002516,旷达科技,2025-10-22 14:54:45,6.0,24200,5.99,U
sz002516,旷达科技,2025-10-22 14:55:24,5.99,48300,5.99,D
sz002516,旷达科技,2025-10-22 14:55:42,6.0,37200,6.0,U
sz002516,旷达科技,2025-10-22 14:56:45,5.99,36300,6.0,D
sz002516,旷达科技,2025-10-22 15:00:00,5.99,111900,6.0,E
