symbol,name,ticktime,price,volume,prev_price,kind
sz002516,旷达科技,2025-10-13 09:25:00,5.9,466400,0.0,D
sz002516,旷达科技,2025-10-13 09:30:00,5.87,77300,5.9,D
sz002516,旷达科技,2025-10-13 09:30:03,5.86,243400,5.87,D
sz002516,旷达科技,2025-10-13 09:30:06,5.85,161500,5.86,D
sz002516,旷达科技,2025-10-13 09:30:09,5.84,127300,5.85,E
sz002516,旷达科技,2025-10-13 09:30:12,5.87,201100,5.84,U
sz002516,旷达科技,2025-10-13 09:30:15,5.86,144600,5.87,U
sz002516,旷达科技,2025-10-13 09:30:18,5.86,81400,5.86,U
sz002516,旷达科技,2025-10-13 09:30:21,5.86,37500,5.86,D
sz002516,旷达科技,2025-10-13 09:30:24,5.88,63700,5.86,U
sz002516,旷达科技,2025-10-13 09:30:27,5.87,43400,5.88,D
sz002516,旷达科技,2025-10-13 09:30:30,5.89,21500,5.87,U
sz002516,旷达科技,2025-10-13 09:30:36,5.88,30000,5.89,D
sz002516,旷达科技,2025-10-13 09:30:39,5.89,38700,5.88,U
sz002516,旷达科技,2025-10-13 09:30:42,5.89,75800,5.89,U
sz002516,旷达科技,2025-10-13 09:30:45,5.88,105500,5.89,D
sz002516,旷达科技,2025-10-13 09:30:51,5.89,95600,5.89,U
sz002516,旷达科技,2025-10-13 09:30:54,5.88,133600,5.89,D
sz002516,旷达科技,2025-10-13 09:30:57,5.89,42500,5.88,U
sz002516,旷达科技,2025-10-13 09:31:00,5.9,54100,5.89,U
sz002516,旷达科技,2025-10-13 09:31:03,5.89,44500,5.9,D
sz002516,旷达科技,2025-10-13 09:31:06,5.89,43600,5.89,D
sz002516,旷达科技,2025-10-13 09:31:09,5.9,79200,5.89,U
sz002516,旷达科技,2025-10-13 09:31:12,5.9,23300,5.9,U
sz002516,旷达科技,2025-10-13 09:31:15,5.89,73100,5.9,D
sz002516,旷达科技,2025-10-13 09:31:18,5.9,74500,5.89,U
sz002516,旷达科技,2025-10-13 09:31:21,5.91,67000,5.9,U
sz002516,旷达科技,2025-10-13 09:31:33,5.94,26700,5.94,U
sz002516,旷达科技,2025-10-13 09:31:36,5.94,65000,5.94,U
sz002516,旷达科技,2025-10-13 09:31:39,5.94,26900,5.94,U
sz002516,旷达科技,2025-10-13 09:31:42,5.94,75700,5.94,U
sz002516,旷达科技,2025-10-13 09:31:45,5.93,37600,5.94,E
sz002516,旷达科技,2025-10-13 09:31:48,5.93,38100,5.93,U
sz002516,旷达科技,2025-10-13 09:31:51,5.94,167100,5.93,U
sz002516,旷达科技,2025-10-13 09:31:54,5.93,54600,5.94,D
sz002516,旷达科技,2025-10-13 09:31:57,5.92,134200,5.93,D
sz002516,旷达科技,2025-10-13 09:32:00,5.91,153700,5.92,D
sz002516,旷达科技,2025-10-13 09:32:03,5.92,148800,5.91,U
sz002516,旷达科技,2025-10-13 09:32:06,5.92,75100,5.92,D
sz002516,旷达科技,2025-10-13 09:32:12,5.9,76900,5.92,D
sz002516,旷达科技,2025-10-13 09:32:15,5.9,30100,5.9,U
sz002516,旷达科技,2025-10-13 09:32:18,5.9,40800,5.9,D
sz002516,旷达科技,2025-10-13 09:32:24,5.91,72800,5.89,U
sz002516,旷达科技,2025-10-13 09:32:27,5.91,51200,5.91,U
sz002516,旷达科技,2025-10-13 09:32:30,5.92,39300,5.91,U
sz002516,旷达科技,2025-10-13 09:32:33,5.92,45900,5.92,U
sz002516,旷达科技,2025-10-13 09:32:36,5.92,30600,5.92,U
sz002516,旷达科技,2025-10-13 09:32:39,5.93,28500,5.92,U
sz002516,旷达科技,2025-10-13 09:32:54,5.94,116100,5.94,U
sz002516,旷达科技,2025-10-13 09:32:57,5.97,80800,5.94,U
sz002516,旷达科技,2025-10-13 09:33:00,5.96,22500,5.97,D
sz002516,旷达科技,2025-10-13 09:33:03,5.96,39700,5.96,D
sz002516,旷达科技,2025-10-13 09:33:12,5.96,120900,5.95,U
sz002516,旷达科技,2025-10-13 09:33:30,5.98,24700,5.98,D
sz002516,旷达科技,2025-10-13 09:33:36,5.98,32300,5.98,D
sz002516,旷达科技,2025-10-13 09:33:51,5.98,69100,5.99,D
sz002516,旷达科技,2025-10-13 09:33:57,5.98,23400,5.98,D
sz002516,旷达科技,2025-10-13 09:34:00,5.99,103700,5.98,U
sz002516,旷达科技,2025-10-13 09:34:03,5.99,24200,5.99,U
sz002516,旷达科技,2025-10-13 09:34:27,6.0,22700,6.0,U
sz002516,旷达科技,2025-10-13 09:34:30,6.0,85600,6.0,D
sz002516,旷达科技,2025-10-13 09:34:57,6.0,24500,6.0,U
sz002516,旷达科技,2025-10-13 09:35:00,5.99,33900,6.0,D
sz002516,旷达科技,2025-10-13 09:35:06,5.99,101400,6.0,D
sz002516,旷达科技,2025-10-13 09:35:09,5.99,93300,5.99,U
sz002516,旷达科技,2025-10-13 09:35:18,5.98,57000,5.99,D
sz002516,旷达科技,2025-10-13 09:35:24,5.98,28300,5.98,U
sz002516,旷达科技,2025-10-13 09:35:30,5.98,170100,5.98,U
sz002516,旷达科技,2025-10-13 09:35:33,5.98,86400,5.98,D
sz002516,旷达科技,2025-10-13 09:35:36,5.99,23600,5.98,U
sz002516,旷达科技,2025-10-13 09:36:03,5.98,21500,5.98,D
sz002516,旷达科技,2025-10-13 09:36:09,5.98,37500,5.99,D
sz002516,旷达科技,2025-10-13 09:36:24,6.0,77900,5.97,U
sz002516,旷达科技,2025-10-13 09:36:36,5.99,33800,5.99,D
sz002516,旷达科技,2025-10-13 09:36:39,6.0,28900,5.99,U
sz002516,旷达科技,2025-10-13 09:36:45,6.0,24800,5.99,U
sz002516,旷达科技,2025-10-13 09:37:36,5.99,46400,6.0,D
sz002516,旷达科技,2025-10-13 09:38:30,5.98,20200,5.98,D
sz002516,旷达科技,2025-10-13 09:38:42,5.98,68600,5.98,D
sz002516,旷达科技,2025-10-13 09:39:03,5.99,57900,5.99,U
sz002516,旷达科技,2025-10-13 09:39:06,6.0,80700,5.99,U
sz002516,旷达科技,2025-10-13 09:39:30,5.99,20700,5.99,U
sz002516,旷达科技,2025-10-13 09:39:33,5.99,21000,5.99,U
sz002516,旷达科技,2025-10-13 09:40:06,6.0,111000,5.99,U
sz002516,旷达科技,2025-10-13 09:40:15,6.01,24300,6.01,U
sz002516,旷达科技,2025-10-13 09:40:51,6.01,30500,6.0,U
sz002516,旷达科技,2025-10-13 09:41:03,6.02,25400,6.02,U
sz002516,旷达科技,2025-10-13 09:41:06,6.02,26900,6.02,U
sz002516,旷达科技,2025-10-13 09:41:15,6.03,197000,6.02,U
sz002516,旷达科技,2025-10-13 09:42:24,6.04,83200,6.03,U
sz002516,旷达科技,2025-10-13 09:42:48,6.03,22300,6.04,D
sz002516,旷达科技,2025-10-13 09:43:24,6.05,191100,6.04,U
sz002516,旷达科技,2025-10-13 09:43:33,6.04,41700,6.04,U
sz002516,旷达科技,2025-10-13 09:43:42,6.04,34800,6.03,U
sz002516,旷达科技,2025-10-13 09:43:54,6.04,31500,6.04,U
sz002516,旷达科技,2025-10-13 09:44:06,6.04,70100,6.04,U
sz002516,旷达科技,2025-10-13 09:44:33,6.04,33200,6.04,D
sz002516,旷达科技,2025-10-13 09:45:09,6.05,30900,6.04,U
sz002516,旷达科技,2025-10-13 09:45:15,6.05,20000,6.04,U
sz002516,旷达科技,2025-10-13 09:45:33,6.04,46800,6.03,U
sz002516,旷达科技,2025-10-13 09:45:57,6.04,21400,6.05,D
sz002516,旷达科技,2025-10-13 09:46:09,6.04,78100,6.04,D
sz002516,旷达科技,2025-10-13 09:46:18,6.05,20000,6.04,U
sz002516,旷达科技,2025-10-13 09:46:24,6.05,58800,6.05,U
sz002516,旷达科技,2025-10-13 09:46:51,6.05,25200,6.04,U
sz002516,旷达科技,2025-10-13 09:47:15,6.06,23100,6.05,U
sz002516,旷达科技,2025-10-13 09:48:33,6.05,51200,6.05,U
sz002516,旷达科技,2025-10-13 09:49:00,6.05,30100,6.05,U
sz002516,旷达科技,2025-10-13 09:49:06,6.04,32800,6.05,D
sz002516,旷达科技,2025-10-13 09:50:00,6.04,21000,6.04,D
sz002516,旷达科技,2025-10-13 09:50:06,6.04,70000,6.05,D
sz002516,旷达科技,2025-10-13 09:50:30,6.05,160500,6.04,U
sz002516,旷达科技,2025-10-13 09:50:42,6.05,28500,6.05,D
sz002516,旷达科技,2025-10-13 09:51:18,6.05,23000,6.06,D
sz002516,旷达科技,2025-10-13 09:51:24,6.05,28700,6.06,D
sz002516,旷达科技,2025-10-13 09:54:03,6.06,20700,6.06,D
sz002516,旷达科技,2025-10-13 09:54:15,6.07,32800,6.06,U
sz002516,旷达科技,2025-10-13 09:54:39,6.06,20200,6.06,D
sz002516,旷达科技,2025-10-13 09:55:24,6.05,23300,6.05,D
sz002516,旷达科技,2025-10-13 09:55:36,6.06,43100,6.05,U
sz002516,旷达科技,2025-10-13 09:55:48,6.06,50000,6.07,D
sz002516,旷达科技,2025-10-13 09:55:57,6.05,33000,6.06,D
sz002516,旷达科技,2025-10-13 09:56:18,6.06,22700,6.06,U
sz002516,旷达科技,2025-10-13 09:56:30,6.06,30400,6.06,D
sz002516,旷达科技,2025-10-13 09:56:42,6.06,30100,6.06,D
sz002516,旷达科技,2025-10-13 09:57:00,6.06,35500,6.07,D
sz002516,旷达科技,2025-10-13 09:57:21,6.05,26100,6.06,D
sz002516,旷达科技,2025-10-13 09:57:45,6.05,30100,6.05,D
sz002516,旷达科技,2025-10-13 09:58:36,6.05,25500,6.05,D
sz002516,旷达科技,2025-10-13 09:58:39,6.06,45300,6.05,U
sz002516,旷达科技,2025-10-13 09:58:42,6.07,24100,6.06,U
sz002516,旷达科技,2025-10-13 10:00:06,6.05,24600,6.05,D
sz002516,旷达科技,2025-10-13 10:00:21,6.05,42900,6.05,U
sz002516,旷达科技,2025-10-13 10:02:18,6.05,24900,6.05,U
sz002516,旷达科技,2025-10-13 10:02:21,6.04,35700,6.05,D
sz002516,旷达科技,2025-10-13 10:03:45,6.04,33400,6.04,D
sz002516,旷达科技,2025-10-13 10:04:00,6.06,75600,6.04,U
sz002516,旷达科技,2025-10-13 10:06:33,6.06,23900,6.05,U
sz002516,旷达科技,2025-10-13 10:08:21,6.04,49500,6.04,D
sz002516,旷达科技,2025-10-13 10:08:51,6.04,39400,6.04,D
sz002516,旷达科技,2025-10-13 10:09:51,6.05,41800,6.05,U
sz002516,旷达科技,2025-10-13 10:10:30,6.05,66700,6.05,U
sz002516,旷达科技,2025-10-13 10:11:21,6.04,117900,6.05,D
sz002516,旷达科技,2025-10-13 10:13:57,6.04,24200,6.05,D
sz002516,旷达科技,2025-10-13 10:14:21,6.04,45100,6.05,D
sz002516,旷达科技,2025-10-13 10:15:30,6.05,73200,6.05,D
sz002516,旷达科技,2025-10-13 10:15:33,6.05,24600,6.05,U
sz002516,旷达科技,2025-10-13 10:16:42,6.05,44600,6.06,D
sz002516,旷达科技,2025-10-13 10:17:30,6.05,52400,6.05,U
sz002516,旷达科技,2025-10-13 10:20:15,6.05,33600,6.06,D
sz002516,旷达科技,2025-10-13 10:21:03,6.05,23000,6.05,D
sz002516,旷达科技,2025-10-13 10:22:18,6.06,43300,6.06,U
sz002516,旷达科技,2025-10-13 10:22:51,6.06,81800,6.06,U
sz002516,旷达科技,2025-10-13 10:23:27,6.06,25700,6.06,U
sz002516,旷达科技,2025-10-13 10:26:06,6.06,27300,6.06,D
sz002516,旷达科技,2025-10-13 10:28:54,6.06,34000,6.07,D
sz002516,旷达科技,2025-10-13 10:30:18,6.07,33300,6.07,U
sz002516,旷达科技,2025-10-13 10:30:36,6.08,42000,6.07,U
sz002516,旷达科技,2025-10-13 10:30:39,6.08,45500,6.08,U
sz002516,旷达科技,2025-10-13 10:30:57,6.09,46900,6.09,U
sz002516,旷达科技,2025-10-13 10:32:30,6.08,20300,6.08,D
sz002516,旷达科技,2025-10-13 10:32:39,6.08,38900,6.08,D
sz002516,旷达科技,2025-10-13 10:34:06,6.08,20400,6.08,D
sz002516,旷达科技,2025-10-13 10:34:27,6.08,39500,6.09,D
sz002516,旷达科技,2025-10-13 10:36:24,6.08,55400,6.08,D
sz002516,旷达科技,2025-10-13 10:36:45,6.09,50000,6.08,U
sz002516,旷达科技,2025-10-13 10:38:27,6.08,26100,6.09,D
sz002516,旷达科技,2025-10-13 10:39:12,6.09,35300,6.09,U
sz002516,旷达科技,2025-10-13 10:43:57,6.1,27600,6.09,U
sz002516,旷达科技,2025-10-13 10:44:18,6.1,70600,6.1,U
sz002516,旷达科技,2025-10-13 10:45:00,6.1,50900,6.11,D
sz002516,旷达科技,2025-10-13 10:45:21,6.11,32100,6.11,U
sz002516,旷达科技,2025-10-13 10:45:30,6.11,24500,6.11,U
sz002516,旷达科技,2025-10-13 10:45:57,6.12,50100,6.11,U
sz002516,旷达科技,2025-10-13 10:47:12,6.12,60700,6.11,U
sz002516,旷达科技,2025-10-13 10:47:54,6.14,24200,6.13,U
sz002516,旷达科技,2025-10-13 10:48:06,6.13,57500,6.14,D
sz002516,旷达科技,2025-10-13 10:48:18,6.13,39300,6.13,U
sz002516,旷达科技,2025-10-13 10:48:30,6.12,39400,6.13,D
sz002516,旷达科技,2025-10-13 10:50:00,6.12,20000,6.11,U
sz002516,旷达科技,2025-10-13 10:51:24,6.1,68100,6.11,D
sz002516,旷达科技,2025-10-13 10:52:03,6.1,58200,6.1,D
sz002516,旷达科技,2025-10-13 11:00:36,6.09,25300,6.09,D
sz002516,旷达科技,2025-10-13 11:02:03,6.09,25400,6.09,D
sz002516,旷达科技,2025-10-13 11:03:18,6.09,34900,6.1,D
sz002516,旷达科技,2025-10-13 11:04:00,6.09,34300,6.09,D
sz002516,旷达科技,2025-10-13 11:05:42,6.09,20000,6.09,D
sz002516,旷达科技,2025-10-13 11:06:36,6.09,22600,6.09,D
sz002516,旷达科技,2025-10-13 11:09:18,6.09,24400,6.09,D
sz002516,旷达科技,2025-10-13 11:10:30,6.08,20500,6.08,D
sz002516,旷达科技,2025-10-13 11:12:48,6.09,52400,6.08,U
sz002516,旷达科技,2025-10-13 11:13:48,6.08,23600,6.08,D
sz002516,旷达科技,2025-10-13 11:13:54,6.08,42900,6.08,D
sz002516,旷达科技,2025-10-13 11:16:15,6.09,70200,6.08,U
sz002516,旷达科技,2025-10-13 11:22:24,6.07,80600,6.07,D
sz002516,旷达科技,2025-10-13 11:23:39,6.06,35700,6.06,D
sz002516,旷达科技,2025-10-13 11:25:00,6.07,27200,6.07,U
sz002516,旷达科技,2025-10-13 11:25:06,6.07,37000,6.07,D
sz002516,旷达科技,2025-10-13 11:27:00,6.06,26600,6.06,D
sz002516,旷达科技,2025-10-13 11:27:42,6.05,20000,6.06,D
sz002516,旷达科技,2025-10-13 11:29:33,6.06,20700,6.05,U
sz002516,旷达科技,2025-10-13 13:00:00,6.06,43800,6.05,U
sz002516,旷达科技,2025-10-13 13:00:03,6.05,43400,6.06,D
sz002516,旷达科技,2025-10-13 13:00:45,6.05,20300,6.04,U
sz002516,旷达科技,2025-10-13 13:02:00,6.04,51900,6.04,D
sz002516,旷达科技,2025-10-13 13:02:54,6.03,135800,6.04,D
sz002516,旷达科技,2025-10-13 13:03:24,6.05,21800,6.05,U
sz002516,旷达科技,2025-10-13 13:05:24,6.05,36100,6.05,U
sz002516,旷达科技,2025-10-13 13:06:18,6.05,20000,6.05,D
sz002516,旷达科技,2025-10-13 13:09:27,6.06,38400,6.06,U
sz002516,旷达科技,2025-10-13 13:14:21,6.07,28800,6.07,U
sz002516,旷达科技,2025-10-13 13:15:18,6.08,27200,6.07,U
sz002516,旷达科技,2025-10-13 13:20:12,6.07,26700,6.07,D
sz002516,旷达科技,2025-10-13 13:24:21,6.08,25300,6.08,U
sz002516,旷达科技,2025-10-13 13:28:12,6.08,27300,6.08,D
sz002516,旷达科技,2025-10-13 13:29:03,6.09,47300,6.09,U
sz002516,旷达科技,2025-10-13 13:30:21,6.1,28800,6.1,U
sz002516,旷达科技,2025-10-13 13:31:00,6.11,20000,6.1,U
sz002516,旷达科技,2025-10-13 13:31:36,6.1,51800,6.1,D
sz002516,旷达科技,2025-10-13 13:32:06,6.1,48600,6.11,D
sz002516,旷达科技,2025-10-13 13:34:48,6.1,26300,6.1,D
sz002516,旷达科技,2025-10-13 13:35:00,6.1,30800,6.1,D
sz002516,旷达科技,2025-10-13 13:36:18,6.09,50700,6.1,D
sz002516,旷达科技,2025-10-13 13:37:24,6.09,50000,6.09,D
sz002516,旷达科技,2025-10-13 13:39:09,6.11,122400,6.1,U
sz002516,旷达科技,2025-10-13 13:45:18,6.1,25300,6.09,U
sz002516,旷达科技,2025-10-13 13:45:21,6.11,27100,6.1,U
sz002516,旷达科技,2025-10-13 13:47:39,6.09,22300,6.09,D
sz002516,旷达科技,2025-10-13 13:47:57,6.09,30500,6.09,D
sz002516,旷达科技,2025-10-13 13:53:48,6.1,21200,6.09,U
sz002516,旷达科技,2025-10-13 13:53:51,6.1,204500,6.1,U
sz002516,旷达科技,2025-10-13 13:56:15,6.1,20800,6.1,D
sz002516,旷达科技,2025-10-13 14:00:18,6.11,27700,6.11,U
sz002516,旷达科技,2025-10-13 14:00:42,6.11,46100,6.11,D
sz002516,旷达科技,2025-10-13 14:01:33,6.11,20000,6.12,D
sz002516,旷达科技,2025-10-13 14:02:39,6.11,34000,6.11,D
sz002516,旷达科技,2025-10-13 14:02:54,6.11,21500,6.11,D
sz002516,旷达科技,2025-10-13 14:04:06,6.11,55500,6.11,D
sz002516,旷达科技,2025-10-13 14:06:09,6.1,28700,6.1,D
sz002516,旷达科技,2025-10-13 14:09:06,6.1,29100,6.09,U
sz002516,旷达科技,2025-10-13 14:12:18,6.11,71300,6.11,U
sz002516,旷达科技,2025-10-13 14:13:27,6.12,23000,6.11,U
sz002516,旷达科技,2025-10-13 14:13:54,6.11,22400,6.11,D
sz002516,旷达科技,2025-10-13 14:20:27,6.11,21500,6.11,U
sz002516,旷达科技,2025-10-13 14:20:42,6.12,55900,6.1,U
sz002516,旷达科技,2025-10-13 14:20:57,6.11,35900,6.11,D
sz002516,旷达科技,2025-10-13 14:21:21,6.11,39000,6.11,D
sz002516,旷达科技,2025-10-13 14:22:24,6.11,51300,6.11,U
sz002516,旷达科技,2025-10-13 14:23:09,6.1,49700,6.11,D
sz002516,旷达科技,2025-10-13 14:26:27,6.1,54900,6.11,D
sz002516,旷达科技,2025-10-13 14:30:03,6.1,205100,6.11,D
sz002516,旷达科技,2025-10-13 14:30:06,6.11,34400,6.1,U
sz002516,旷达科技,2025-10-13 14:30:57,6.11,81500,6.11,U
sz002516,旷达科技,2025-10-13 14:31:48,6.12,100000,6.11,U
sz002516,旷达科技,2025-10-13 14:34:21,6.12,28400,6.12,U
sz002516,旷达科技,2025-10-13 14:34:24,6.12,39800,6.12,U
sz002516,旷达科技,2025-10-13 14:34:27,6.12,23400,6.12,U
sz002516,旷达科技,2025-10-13 14:35:09,6.13,21100,6.13,U
sz002516,旷达科技,2025-10-13 14:36:48,6.12,59800,6.12,D
sz002516,旷达科技,2025-10-13 14:37:24,6.12,30600,6.12,D
sz002516,旷达科技,2025-10-13 14:37:48,6.12,22500,6.13,D
sz002516,旷达科技,2025-10-13 14:38:12,6.12,27600,6.12,D
sz002516,旷达科技,2025-10-13 14:39:06,6.11,34300,6.12,D
sz002516,旷达科技,2025-10-13 14:40:12,6.11,41800,6.12,D
sz002516,旷达科技,2025-10-13 14:41:54,6.11,41200,6.12,D
sz002516,旷达科技,2025-10-13 14:42:24,6.11,219800,6.11,D
sz002516,旷达科技,2025-10-13 14:44:15,6.12,20200,6.11,U
sz002516,旷达科技,2025-10-13 14:45:27,6.11,161600,6.12,D
sz002516,旷达科技,2025-10-13 14:46:09,6.11,37700,6.11,D
sz002516,旷达科技,2025-10-13 14:47:03,6.12,22100,6.11,U
sz002516,旷达科技,2025-10-13 14:47:18,6.11,25200,6.11,D
sz002516,旷达科技,2025-10-13 14:50:09,6.11,36900,6.11,D
sz002516,旷达科技,2025-10-13 14:51:15,6.11,25600,6.12,D
sz002516,旷达科技,2025-10-13 14:53:18,6.11,28900,6.11,D
sz002516,旷达科技,2025-10-13 14:53:21,6.11,29200,6.11,D
sz002516,旷达科技,2025-10-13 14:53:57,6.11,25800,6.11,U
sz002516,旷达科技,2025-10-13 14:54:06,6.11,23500,6.11,D
sz002516,旷达科技,2025-10-13 14:54:48,6.11,20500,6.11,U
sz002516,旷达科技,2025-10-13 14:56:24,6.1,26500,6.11,D
sz002516,旷达科技,2025-10-13 14:56:36,6.1,20100,6.11,D
sz002516,旷达科技,2025-10-13 14:56:39,6.11,22300,6.1,U
sz002516,旷达科技,2025-10-13 15:00:00,6.12,446300,6.11,E
