symbol,name,ticktime,price,volume,prev_price,kind
sz300747,锐科激光,2025-10-13 09:25:00,25.33,210100,0.0,U
sz300747,锐科激光,2025-10-13 09:30:00,25.4,77440,25.33,U
sz300747,锐科激光,2025-10-13 09:30:03,25.39,147780,25.4,D
sz300747,锐科激光,2025-10-13 09:30:06,25.5,36000,25.39,E
sz300747,锐科激光,2025-10-13 09:30:09,25.6,9400,25.5,U
sz300747,锐科激光,2025-10-13 09:30:15,25.68,17300,25.62,E
sz300747,锐科激光,2025-10-13 09:30:18,25.79,8000,25.68,U
sz300747,锐科激光,2025-10-13 09:30:24,25.9,11000,25.8,U
sz300747,锐科激光,2025-10-13 09:30:30,25.84,15400,25.73,U
sz300747,锐科激光,2025-10-13 09:30:33,25.87,8800,25.84,U
sz300747,锐科激光,2025-10-13 09:30:36,25.8,8400,25.87,D
sz300747,锐科激光,2025-10-13 09:30:39,25.77,9200,25.8,U
sz300747,锐科激光,2025-10-13 09:30:42,25.76,12600,25.77,D
sz300747,锐科激光,2025-10-13 09:30:45,25.75,10500,25.76,E
sz300747,锐科激光,2025-10-13 09:30:48,25.75,24000,25.75,D
sz300747,锐科激光,2025-10-13 09:30:51,25.7,22300,25.75,D
sz300747,锐科激光,2025-10-13 09:30:54,25.7,12800,25.7,D
sz300747,锐科激光,2025-10-13 09:30:57,25.69,13500,25.7,D
sz300747,锐科激光,2025-10-13 09:31:00,25.68,13900,25.69,D
sz300747,锐科激光,2025-10-13 09:31:03,25.68,9900,25.68,U
sz300747,锐科激光,2025-10-13 09:31:06,25.71,36000,25.68,E
sz300747,锐科激光,2025-10-13 09:31:09,25.66,12500,25.71,D
sz300747,锐科激光,2025-10-13 09:31:15,25.72,47100,25.68,U
sz300747,锐科激光,2025-10-13 09:31:18,25.73,26800,25.72,U
sz300747,锐科激光,2025-10-13 09:31:24,25.74,51500,25.74,D
sz300747,锐科激光,2025-10-13 09:31:27,25.69,60900,25.74,D
sz300747,锐科激光,2025-10-13 09:31:33,25.74,12100,25.73,U
sz300747,锐科激光,2025-10-13 09:31:36,25.69,20300,25.74,D
sz300747,锐科激光,2025-10-13 09:31:39,25.69,9900,25.69,U
sz300747,锐科激光,2025-10-13 09:31:42,25.7,9900,25.69,U
sz300747,锐科激光,2025-10-13 09:31:45,25.68,7800,25.7,E
sz300747,锐科激光,2025-10-13 09:31:48,25.66,17200,25.68,D
sz300747,锐科激光,2025-10-13 09:31:51,25.67,21100,25.66,U
sz300747,锐科激光,2025-10-13 09:31:54,25.63,38500,25.67,D
sz300747,锐科激光,2025-10-13 09:31:57,25.63,56000,25.63,U
sz300747,锐科激光,2025-10-13 09:32:00,25.63,16800,25.63,U
sz300747,锐科激光,2025-10-13 09:32:03,25.6,10700,25.63,E
sz300747,锐科激光,2025-10-13 09:32:06,25.62,30900,25.6,D
sz300747,锐科激光,2025-10-13 09:32:09,25.58,17500,25.62,E
sz300747,锐科激光,2025-10-13 09:32:12,25.58,10000,25.58,U
sz300747,锐科激光,2025-10-13 09:32:15,25.54,20900,25.58,E
sz300747,锐科激光,2025-10-13 09:32:18,25.48,50000,25.54,D
sz300747,锐科激光,2025-10-13 09:32:21,25.46,9800,25.48,E
sz300747,锐科激光,2025-10-13 09:32:24,25.57,62200,25.46,U
sz300747,锐科激光,2025-10-13 09:32:27,25.53,8000,25.57,D
sz300747,锐科激光,2025-10-13 09:32:33,25.62,12800,25.6,U
sz300747,锐科激光,2025-10-13 09:32:39,25.61,41400,25.61,U
sz300747,锐科激光,2025-10-13 09:32:42,25.59,9900,25.61,D
sz300747,锐科激光,2025-10-13 09:32:45,25.6,26300,25.59,D
sz300747,锐科激光,2025-10-13 09:32:54,25.64,21000,25.61,U
sz300747,锐科激光,2025-10-13 09:32:57,25.65,17000,25.64,U
sz300747,锐科激光,2025-10-13 09:33:00,25.71,8400,25.65,U
sz300747,锐科激光,2025-10-13 09:33:03,25.69,14600,25.71,E
sz300747,锐科激光,2025-10-13 09:33:09,25.75,52800,25.73,U
sz300747,锐科激光,2025-10-13 09:33:15,25.74,9500,25.73,E
sz300747,锐科激光,2025-10-13 09:33:21,25.69,8100,25.73,E
sz300747,锐科激光,2025-10-13 09:33:30,25.66,25400,25.7,D
sz300747,锐科激光,2025-10-13 09:33:39,25.68,12000,25.67,U
sz300747,锐科激光,2025-10-13 09:33:42,25.67,58700,25.68,E
sz300747,锐科激光,2025-10-13 09:33:51,25.72,28000,25.67,U
sz300747,锐科激光,2025-10-13 09:34:00,25.76,9700,25.73,U
sz300747,锐科激光,2025-10-13 09:34:24,25.81,12300,25.76,E
sz300747,锐科激光,2025-10-13 09:34:30,25.8,10500,25.82,D
sz300747,锐科激光,2025-10-13 09:34:33,25.87,32900,25.8,U
sz300747,锐科激光,2025-10-13 09:34:42,25.89,15700,25.83,U
sz300747,锐科激光,2025-10-13 09:34:48,25.87,14400,25.86,E
sz300747,锐科激光,2025-10-13 09:34:57,25.89,7800,25.9,D
sz300747,锐科激光,2025-10-13 09:35:00,25.88,13300,25.89,D
sz300747,锐科激光,2025-10-13 09:35:03,25.89,13900,25.88,U
sz300747,锐科激光,2025-10-13 09:35:15,25.9,7800,25.91,E
sz300747,锐科激光,2025-10-13 09:35:24,25.89,20700,25.88,U
sz300747,锐科激光,2025-10-13 09:35:27,25.92,9100,25.89,U
sz300747,锐科激光,2025-10-13 09:35:42,25.96,16500,25.92,U
sz300747,锐科激光,2025-10-13 09:35:45,25.95,8400,25.96,D
sz300747,锐科激光,2025-10-13 09:35:48,25.94,10200,25.95,D
sz300747,锐科激光,2025-10-13 09:35:54,25.9,12900,25.94,D
sz300747,锐科激光,2025-10-13 09:36:00,25.88,28100,25.9,D
sz300747,锐科激光,2025-10-13 09:36:06,25.85,60900,25.82,U
sz300747,锐科激光,2025-10-13 09:36:12,25.86,11400,25.84,U
sz300747,锐科激光,2025-10-13 09:36:27,25.91,64300,25.9,U
sz300747,锐科激光,2025-10-13 09:36:42,25.97,35200,25.94,U
sz300747,锐科激光,2025-10-13 09:36:54,25.92,20200,25.92,D
sz300747,锐科激光,2025-10-13 09:37:03,25.91,8400,25.94,D
sz300747,锐科激光,2025-10-13 09:37:06,25.95,76700,25.91,U
sz300747,锐科激光,2025-10-13 09:37:24,25.92,8000,25.95,D
sz300747,锐科激光,2025-10-13 09:37:30,25.92,14200,25.91,U
sz300747,锐科激光,2025-10-13 09:37:36,25.92,12900,25.92,D
sz300747,锐科激光,2025-10-13 09:37:42,25.92,12500,25.93,D
sz300747,锐科激光,2025-10-13 09:37:45,25.91,35000,25.92,D
sz300747,锐科激光,2025-10-13 09:38:03,25.91,16900,25.89,U
sz300747,锐科激光,2025-10-13 09:38:09,25.91,10900,25.92,E
sz300747,锐科激光,2025-10-13 09:38:15,25.9,7800,25.9,U
sz300747,锐科激光,2025-10-13 09:38:24,25.9,37800,25.9,U
sz300747,锐科激光,2025-10-13 09:38:27,25.9,30000,25.9,U
sz300747,锐科激光,2025-10-13 09:38:30,25.89,27900,25.9,D
sz300747,锐科激光,2025-10-13 09:38:39,25.89,15200,25.9,D
sz300747,锐科激光,2025-10-13 09:38:42,25.88,64400,25.89,D
sz300747,锐科激光,2025-10-13 09:38:48,25.95,29500,25.89,U
sz300747,锐科激光,2025-10-13 09:38:51,25.92,28100,25.95,D
sz300747,锐科激光,2025-10-13 09:39:03,25.95,43500,25.91,U
sz300747,锐科激光,2025-10-13 09:39:18,25.98,36900,25.96,U
sz300747,锐科激光,2025-10-13 09:39:45,25.88,26300,25.9,D
sz300747,锐科激光,2025-10-13 09:39:54,25.9,11800,25.88,E
sz300747,锐科激光,2025-10-13 09:40:27,26.02,10900,26.0,U
sz300747,锐科激光,2025-10-13 09:40:36,26.03,8800,26.03,D
sz300747,锐科激光,2025-10-13 09:40:45,26.08,12300,26.06,U
sz300747,锐科激光,2025-10-13 09:40:48,26.08,35000,26.08,U
sz300747,锐科激光,2025-10-13 09:41:06,26.1,17200,26.08,E
sz300747,锐科激光,2025-10-13 09:41:15,26.05,8800,26.08,D
sz300747,锐科激光,2025-10-13 09:41:21,26.1,35000,26.05,U
sz300747,锐科激光,2025-10-13 09:41:24,26.12,9400,26.1,U
sz300747,锐科激光,2025-10-13 09:41:33,26.11,10200,26.13,D
sz300747,锐科激光,2025-10-13 09:41:36,26.08,11200,26.11,D
sz300747,锐科激光,2025-10-13 09:41:42,26.13,13800,26.11,U
sz300747,锐科激光,2025-10-13 09:41:51,26.17,8200,26.16,U
sz300747,锐科激光,2025-10-13 09:41:57,26.17,10600,26.15,D
sz300747,锐科激光,2025-10-13 09:42:00,26.2,7900,26.17,U
sz300747,锐科激光,2025-10-13 09:42:24,26.2,14600,26.25,D
sz300747,锐科激光,2025-10-13 09:42:30,26.2,12300,26.19,U
sz300747,锐科激光,2025-10-13 09:42:45,26.17,17100,26.2,D
sz300747,锐科激光,2025-10-13 09:42:54,26.18,11800,26.17,U
sz300747,锐科激光,2025-10-13 09:43:00,26.18,32300,26.17,E
sz300747,锐科激光,2025-10-13 09:43:15,26.23,7900,26.22,U
sz300747,锐科激光,2025-10-13 09:43:18,26.22,23900,26.23,D
sz300747,锐科激光,2025-10-13 09:43:21,26.25,13100,26.22,U
sz300747,锐科激光,2025-10-13 09:43:36,26.19,8500,26.19,U
sz300747,锐科激光,2025-10-13 09:44:06,26.25,8000,26.22,U
sz300747,锐科激光,2025-10-13 09:44:24,26.27,12100,26.26,U
sz300747,锐科激光,2025-10-13 09:44:57,26.22,10900,26.23,D
sz300747,锐科激光,2025-10-13 09:45:15,26.18,43900,26.2,D
sz300747,锐科激光,2025-10-13 09:45:33,26.19,11200,26.17,U
sz300747,锐科激光,2025-10-13 09:46:33,26.15,17500,26.15,D
sz300747,锐科激光,2025-10-13 09:47:09,26.19,12300,26.24,D
sz300747,锐科激光,2025-10-13 09:48:00,26.22,19900,26.18,U
sz300747,锐科激光,2025-10-13 09:49:03,26.17,15900,26.22,D
sz300747,锐科激光,2025-10-13 09:49:09,26.17,8300,26.17,U
sz300747,锐科激光,2025-10-13 09:49:21,26.17,15200,26.17,D
sz300747,锐科激光,2025-10-13 09:50:00,26.19,17500,26.17,U
sz300747,锐科激光,2025-10-13 09:50:06,26.15,12300,26.17,D
sz300747,锐科激光,2025-10-13 09:50:18,26.16,7700,26.14,U
sz300747,锐科激光,2025-10-13 09:50:51,26.24,26000,26.22,U
sz300747,锐科激光,2025-10-13 09:51:51,26.28,16500,26.24,U
sz300747,锐科激光,2025-10-13 09:51:54,26.32,15500,26.28,U
sz300747,锐科激光,2025-10-13 09:53:51,26.19,7800,26.21,D
sz300747,锐科激光,2025-10-13 09:53:54,26.21,21200,26.19,U
sz300747,锐科激光,2025-10-13 09:56:15,26.17,14300,26.2,D
sz300747,锐科激光,2025-10-13 09:56:18,26.2,12100,26.17,U
sz300747,锐科激光,2025-10-13 09:56:21,26.2,20400,26.2,U
sz300747,锐科激光,2025-10-13 09:56:24,26.2,7700,26.2,U
sz300747,锐科激光,2025-10-13 09:56:54,26.24,61200,26.2,U
sz300747,锐科激光,2025-10-13 09:56:57,26.22,11400,26.24,D
sz300747,锐科激光,2025-10-13 09:57:30,26.2,9500,26.19,U
sz300747,锐科激光,2025-10-13 09:58:51,26.18,15200,26.15,U
sz300747,锐科激光,2025-10-13 09:58:54,26.17,15600,26.18,D
sz300747,锐科激光,2025-10-13 09:59:48,26.17,22700,26.18,D
sz300747,锐科激光,2025-10-13 10:00:00,26.11,12300,26.17,D
sz300747,锐科激光,2025-10-13 10:00:39,26.14,14400,26.14,D
sz300747,锐科激光,2025-10-13 10:02:03,26.17,10500,26.18,D
sz300747,锐科激光,2025-10-13 10:03:00,26.14,8400,26.14,U
sz300747,锐科激光,2025-10-13 10:03:06,26.11,10300,26.12,D
sz300747,锐科激光,2025-10-13 10:04:06,26.17,11400,26.14,U
sz300747,锐科激光,2025-10-13 10:04:36,26.14,25100,26.13,U
sz300747,锐科激光,2025-10-13 10:05:12,26.14,7900,26.15,D
sz300747,锐科激光,2025-10-13 10:06:12,26.23,21800,26.18,U
sz300747,锐科激光,2025-10-13 10:09:12,26.17,13300,26.19,D
sz300747,锐科激光,2025-10-13 10:10:06,26.17,8800,26.18,D
sz300747,锐科激光,2025-10-13 10:10:30,26.17,9300,26.17,U
sz300747,锐科激光,2025-10-13 10:11:18,26.09,11900,26.11,D
sz300747,锐科激光,2025-10-13 10:11:24,26.08,17100,26.09,D
sz300747,锐科激光,2025-10-13 10:12:36,26.05,20200,26.07,D
sz300747,锐科激光,2025-10-13 10:12:48,26.05,9100,26.04,U
sz300747,锐科激光,2025-10-13 10:13:09,26.05,15000,26.03,U
sz300747,锐科激光,2025-10-13 10:13:15,26.07,8500,26.05,U
sz300747,锐科激光,2025-10-13 10:13:27,26.09,10100,26.07,U
sz300747,锐科激光,2025-10-13 10:13:48,26.12,10000,26.08,U
sz300747,锐科激光,2025-10-13 10:14:30,26.17,8100,26.16,U
sz300747,锐科激光,2025-10-13 10:14:54,26.16,14800,26.19,D
sz300747,锐科激光,2025-10-13 10:15:24,26.16,7800,26.16,U
sz300747,锐科激光,2025-10-13 10:16:21,26.12,13800,26.13,D
sz300747,锐科激光,2025-10-13 10:16:42,26.09,9500,26.1,D
sz300747,锐科激光,2025-10-13 10:16:54,26.1,23000,26.14,D
sz300747,锐科激光,2025-10-13 10:18:39,26.16,16900,26.15,U
sz300747,锐科激光,2025-10-13 10:19:18,26.2,9600,26.2,U
sz300747,锐科激光,2025-10-13 10:20:00,26.18,18000,26.19,D
sz300747,锐科激光,2025-10-13 10:21:30,26.21,8000,26.22,D
sz300747,锐科激光,2025-10-13 10:21:51,26.21,9300,26.23,D
sz300747,锐科激光,2025-10-13 10:23:03,26.16,13900,26.17,D
sz300747,锐科激光,2025-10-13 10:25:00,26.17,8100,26.18,D
sz300747,锐科激光,2025-10-13 10:26:00,26.13,7800,26.16,D
sz300747,锐科激光,2025-10-13 10:26:03,26.11,15200,26.13,D
sz300747,锐科激光,2025-10-13 10:27:21,26.13,10200,26.12,U
sz300747,锐科激光,2025-10-13 10:31:42,26.15,10800,26.16,D
sz300747,锐科激光,2025-10-13 10:32:45,26.15,15100,26.16,D
sz300747,锐科激光,2025-10-13 10:33:24,26.15,8600,26.15,D
sz300747,锐科激光,2025-10-13 10:36:27,26.12,9700,26.12,D
sz300747,锐科激光,2025-10-13 10:36:30,26.12,11100,26.12,D
sz300747,锐科激光,2025-10-13 10:36:33,26.13,12200,26.12,U
sz300747,锐科激光,2025-10-13 10:37:12,26.11,8300,26.13,D
sz300747,锐科激光,2025-10-13 10:37:15,26.1,14100,26.11,D
sz300747,锐科激光,2025-10-13 10:37:18,26.1,14400,26.1,D
sz300747,锐科激光,2025-10-13 10:37:21,26.11,9500,26.1,U
sz300747,锐科激光,2025-10-13 10:41:00,26.11,8000,26.11,D
sz300747,锐科激光,2025-10-13 10:41:15,26.12,8200,26.1,U
sz300747,锐科激光,2025-10-13 10:41:48,26.11,14700,26.12,D
sz300747,锐科激光,2025-10-13 10:51:06,26.16,14800,26.17,D
sz300747,锐科激光,2025-10-13 10:51:24,26.15,13900,26.16,D
sz300747,锐科激光,2025-10-13 10:53:30,26.13,15700,26.12,U
sz300747,锐科激光,2025-10-13 10:55:12,26.14,10900,26.11,U
sz300747,锐科激光,2025-10-13 10:57:39,26.11,9900,26.1,U
sz300747,锐科激光,2025-10-13 10:58:42,26.08,17700,26.1,D
sz300747,锐科激光,2025-10-13 10:59:15,26.1,9200,26.1,U
sz300747,锐科激光,2025-10-13 11:00:00,26.1,18600,26.09,U
sz300747,锐科激光,2025-10-13 11:02:30,26.07,10400,26.07,U
sz300747,锐科激光,2025-10-13 11:03:03,26.05,7900,26.05,D
sz300747,锐科激光,2025-10-13 11:03:42,26.02,7800,26.02,D
sz300747,锐科激光,2025-10-13 11:04:24,26.0,29300,26.03,D
sz300747,锐科激光,2025-10-13 11:06:21,26.03,12100,26.03,D
sz300747,锐科激光,2025-10-13 11:06:42,26.03,10000,26.02,U
sz300747,锐科激光,2025-10-13 11:07:03,25.99,83900,26.01,D
sz300747,锐科激光,2025-10-13 11:07:06,25.99,48700,25.99,U
sz300747,锐科激光,2025-10-13 11:08:30,25.98,7800,25.99,D
sz300747,锐科激光,2025-10-13 11:08:45,25.99,7800,25.98,U
sz300747,锐科激光,2025-10-13 11:10:03,26.0,10900,26.0,U
sz300747,锐科激光,2025-10-13 11:10:06,26.01,11000,26.0,U
sz300747,锐科激光,2025-10-13 11:10:24,26.01,9100,26.03,D
sz300747,锐科激光,2025-10-13 11:11:21,25.99,11400,25.98,U
sz300747,锐科激光,2025-10-13 11:11:51,25.99,10500,25.98,U
sz300747,锐科激光,2025-10-13 11:12:03,25.99,7800,25.98,U
sz300747,锐科激光,2025-10-13 11:13:00,25.96,10000,25.98,D
sz300747,锐科激光,2025-10-13 11:13:42,26.0,8000,25.99,U
sz300747,锐科激光,2025-10-13 11:14:36,25.95,12300,25.96,D
sz300747,锐科激光,2025-10-13 11:15:15,25.98,7800,25.98,D
sz300747,锐科激光,2025-10-13 11:15:39,26.01,10600,25.99,U
sz300747,锐科激光,2025-10-13 11:15:51,26.02,8500,26.01,U
sz300747,锐科激光,2025-10-13 11:16:51,25.98,20960,26.0,D
sz300747,锐科激光,2025-10-13 11:17:00,26.02,11800,25.99,U
sz300747,锐科激光,2025-10-13 11:20:57,25.99,23800,26.01,D
sz300747,锐科激光,2025-10-13 11:21:00,26.01,17800,25.99,U
sz300747,锐科激光,2025-10-13 11:22:18,25.95,14940,25.97,D
sz300747,锐科激光,2025-10-13 11:22:21,25.94,9100,25.95,D
sz300747,锐科激光,2025-10-13 11:22:36,25.93,9900,25.94,D
sz300747,锐科激光,2025-10-13 11:24:09,25.9,19700,25.94,D
sz300747,锐科激光,2025-10-13 11:24:36,25.91,8100,25.9,U
sz300747,锐科激光,2025-10-13 11:24:45,25.9,14700,25.9,D
sz300747,锐科激光,2025-10-13 11:24:48,25.89,13700,25.9,D
sz300747,锐科激光,2025-10-13 11:25:03,25.88,9000,25.89,D
sz300747,锐科激光,2025-10-13 11:25:06,25.92,64800,25.88,U
sz300747,锐科激光,2025-10-13 11:26:03,25.9,60300,25.91,D
sz300747,锐科激光,2025-10-13 11:26:18,25.88,12600,25.9,D
sz300747,锐科激光,2025-10-13 11:26:30,25.89,95600,25.88,U
sz300747,锐科激光,2025-10-13 11:29:18,25.84,16300,25.83,U
sz300747,锐科激光,2025-10-13 11:29:21,25.81,16200,25.84,D
sz300747,锐科激光,2025-10-13 11:29:33,25.81,21700,25.81,D
sz300747,锐科激光,2025-10-13 13:00:00,25.81,14900,25.82,D
sz300747,锐科激光,2025-10-13 13:00:03,25.81,11400,25.81,U
sz300747,锐科激光,2025-10-13 13:00:12,25.78,11600,25.81,D
sz300747,锐科激光,2025-10-13 13:00:18,25.76,8200,25.77,D
sz300747,锐科激光,2025-10-13 13:01:30,25.73,8700,25.74,D
sz300747,锐科激光,2025-10-13 13:02:00,25.71,19700,25.73,D
sz300747,锐科激光,2025-10-13 13:02:06,25.72,14800,25.71,U
sz300747,锐科激光,2025-10-13 13:03:18,25.73,13100,25.73,U
sz300747,锐科激光,2025-10-13 13:03:33,25.74,9000,25.74,U
sz300747,锐科激光,2025-10-13 13:04:03,25.72,30700,25.74,D
sz300747,锐科激光,2025-10-13 13:04:36,25.72,9700,25.71,U
sz300747,锐科激光,2025-10-13 13:04:51,25.73,8000,25.73,U
sz300747,锐科激光,2025-10-13 13:04:54,25.74,10500,25.73,U
sz300747,锐科激光,2025-10-13 13:04:57,25.76,10200,25.74,U
sz300747,锐科激光,2025-10-13 13:05:33,25.74,25900,25.74,U
sz300747,锐科激光,2025-10-13 13:05:57,25.75,8200,25.74,U
sz300747,锐科激光,2025-10-13 13:06:33,25.72,17500,25.74,D
sz300747,锐科激光,2025-10-13 13:06:57,25.71,24600,25.72,D
sz300747,锐科激光,2025-10-13 13:07:00,25.71,8400,25.71,D
sz300747,锐科激光,2025-10-13 13:07:12,25.72,10000,25.72,U
sz300747,锐科激光,2025-10-13 13:08:39,25.71,10900,25.72,D
sz300747,锐科激光,2025-10-13 13:09:03,25.7,14200,25.72,D
sz300747,锐科激光,2025-10-13 13:09:51,25.71,22200,25.73,D
sz300747,锐科激光,2025-10-13 13:10:15,25.73,10000,25.73,U
sz300747,锐科激光,2025-10-13 13:10:21,25.72,26700,25.74,D
sz300747,锐科激光,2025-10-13 13:10:48,25.72,8200,25.72,D
sz300747,锐科激光,2025-10-13 13:10:57,25.72,21900,25.72,U
sz300747,锐科激光,2025-10-13 13:11:03,25.72,12000,25.71,U
sz300747,锐科激光,2025-10-13 13:11:30,25.71,12000,25.71,D
sz300747,锐科激光,2025-10-13 13:11:42,25.71,9100,25.71,U
sz300747,锐科激光,2025-10-13 13:12:12,25.74,11500,25.73,U
sz300747,锐科激光,2025-10-13 13:13:03,25.73,16500,25.74,D
sz300747,锐科激光,2025-10-13 13:13:06,25.71,14300,25.73,D
sz300747,锐科激光,2025-10-13 13:13:51,25.73,8900,25.72,U
sz300747,锐科激光,2025-10-13 13:14:09,25.74,12700,25.74,U
sz300747,锐科激光,2025-10-13 13:14:54,25.77,8700,25.77,U
sz300747,锐科激光,2025-10-13 13:15:00,25.77,14300,25.78,D
sz300747,锐科激光,2025-10-13 13:15:12,25.77,8000,25.77,U
sz300747,锐科激光,2025-10-13 13:16:09,25.8,15600,25.79,U
sz300747,锐科激光,2025-10-13 13:16:18,25.77,24500,25.79,D
sz300747,锐科激光,2025-10-13 13:16:45,25.79,11400,25.79,U
sz300747,锐科激光,2025-10-13 13:17:15,25.75,8500,25.76,D
sz300747,锐科激光,2025-10-13 13:17:39,25.76,12100,25.76,U
sz300747,锐科激光,2025-10-13 13:18:36,25.75,7800,25.76,D
sz300747,锐科激光,2025-10-13 13:20:06,25.76,17700,25.77,D
sz300747,锐科激光,2025-10-13 13:21:03,25.75,16100,25.76,D
sz300747,锐科激光,2025-10-13 13:21:30,25.75,13800,25.74,U
sz300747,锐科激光,2025-10-13 13:23:15,25.74,12100,25.74,U
sz300747,锐科激光,2025-10-13 13:24:03,25.76,16900,25.74,U
sz300747,锐科激光,2025-10-13 13:24:18,25.76,14900,25.76,U
sz300747,锐科激光,2025-10-13 13:26:51,25.77,12100,25.76,U
sz300747,锐科激光,2025-10-13 13:26:57,25.77,10200,25.77,U
sz300747,锐科激光,2025-10-13 13:27:15,25.79,10100,25.78,U
sz300747,锐科激光,2025-10-13 13:28:06,25.8,9500,25.8,U
sz300747,锐科激光,2025-10-13 13:28:15,25.8,14400,25.8,D
sz300747,锐科激光,2025-10-13 13:28:39,25.88,47200,25.85,U
sz300747,锐科激光,2025-10-13 13:29:18,25.88,20900,25.86,U
sz300747,锐科激光,2025-10-13 13:29:57,25.89,13000,25.9,D
sz300747,锐科激光,2025-10-13 13:30:18,25.89,32900,25.91,E
sz300747,锐科激光,2025-10-13 13:30:21,25.89,10700,25.89,D
sz300747,锐科激光,2025-10-13 13:30:42,25.9,7900,25.9,U
sz300747,锐科激光,2025-10-13 13:31:21,25.91,10500,25.91,U
sz300747,锐科激光,2025-10-13 13:31:42,25.88,8600,25.91,D
sz300747,锐科激光,2025-10-13 13:31:48,25.92,10100,25.9,U
sz300747,锐科激光,2025-10-13 13:34:12,25.86,10600,25.87,D
sz300747,锐科激光,2025-10-13 13:37:12,25.83,12900,25.83,U
sz300747,锐科激光,2025-10-13 13:39:39,25.87,9900,25.84,U
sz300747,锐科激光,2025-10-13 13:40:09,25.92,14200,25.91,U
sz300747,锐科激光,2025-10-13 13:40:42,25.92,8000,25.92,E
sz300747,锐科激光,2025-10-13 13:41:03,25.96,10300,25.94,U
sz300747,锐科激光,2025-10-13 13:41:45,25.98,10300,25.96,U
sz300747,锐科激光,2025-10-13 13:41:48,25.99,11900,25.98,U
sz300747,锐科激光,2025-10-13 13:43:06,25.99,16200,25.99,U
sz300747,锐科激光,2025-10-13 13:45:30,25.95,13100,25.95,U
sz300747,锐科激光,2025-10-13 13:45:33,25.94,11600,25.95,D
sz300747,锐科激光,2025-10-13 13:46:18,25.99,29160,25.92,U
sz300747,锐科激光,2025-10-13 13:47:12,25.92,10700,25.93,D
sz300747,锐科激光,2025-10-13 13:47:36,25.92,8100,25.95,D
sz300747,锐科激光,2025-10-13 13:47:42,25.95,15600,25.94,U
sz300747,锐科激光,2025-10-13 13:51:39,25.92,10600,25.93,D
sz300747,锐科激光,2025-10-13 13:51:42,25.93,11300,25.92,U
sz300747,锐科激光,2025-10-13 13:52:03,25.95,20900,25.92,U
sz300747,锐科激光,2025-10-13 13:52:06,25.96,9400,25.95,U
sz300747,锐科激光,2025-10-13 13:52:36,25.93,9600,25.94,D
sz300747,锐科激光,2025-10-13 13:53:00,25.96,10900,25.95,U
sz300747,锐科激光,2025-10-13 13:54:03,25.96,16900,25.96,U
sz300747,锐科激光,2025-10-13 13:54:12,25.97,20000,25.96,U
sz300747,锐科激光,2025-10-13 13:54:21,25.97,9800,25.97,U
sz300747,锐科激光,2025-10-13 13:55:33,25.96,19600,25.95,U
sz300747,锐科激光,2025-10-13 13:58:24,25.96,11600,25.94,U
sz300747,锐科激光,2025-10-13 14:00:39,25.98,9300,26.0,D
sz300747,锐科激光,2025-10-13 14:00:57,26.02,9100,26.02,U
sz300747,锐科激光,2025-10-13 14:02:03,25.98,8600,25.99,D
sz300747,锐科激光,2025-10-13 14:02:45,25.99,9400,25.99,E
sz300747,锐科激光,2025-10-13 14:04:06,25.98,9600,25.98,D
sz300747,锐科激光,2025-10-13 14:04:27,25.97,15500,25.98,D
sz300747,锐科激光,2025-10-13 14:04:54,25.98,35900,25.97,U
sz300747,锐科激光,2025-10-13 14:04:57,25.98,16700,25.98,U
sz300747,锐科激光,2025-10-13 14:05:21,25.99,15200,25.99,U
sz300747,锐科激光,2025-10-13 14:06:51,25.95,20300,25.96,D
sz300747,锐科激光,2025-10-13 14:09:03,25.98,13500,25.93,U
sz300747,锐科激光,2025-10-13 14:09:27,25.97,8100,25.97,D
sz300747,锐科激光,2025-10-13 14:10:15,25.99,9900,25.99,U
sz300747,锐科激光,2025-10-13 14:14:33,25.97,11900,25.98,D
sz300747,锐科激光,2025-10-13 14:14:57,25.99,11800,25.98,U
sz300747,锐科激光,2025-10-13 14:15:09,25.98,16200,26.0,D
sz300747,锐科激光,2025-10-13 14:15:27,25.98,22300,25.97,U
sz300747,锐科激光,2025-10-13 14:15:30,26.03,35800,25.98,U
sz300747,锐科激光,2025-10-13 14:15:33,26.04,12200,26.03,U
sz300747,锐科激光,2025-10-13 14:15:48,26.02,10300,26.02,D
sz300747,锐科激光,2025-10-13 14:15:57,26.06,9100,26.02,U
sz300747,锐科激光,2025-10-13 14:16:00,26.05,15800,26.06,D
sz300747,锐科激光,2025-10-13 14:16:30,26.08,25600,26.06,U
sz300747,锐科激光,2025-10-13 14:17:09,26.12,12100,26.13,D
sz300747,锐科激光,2025-10-13 14:17:45,26.1,17300,26.12,D
sz300747,锐科激光,2025-10-13 14:18:24,26.11,16700,26.1,U
sz300747,锐科激光,2025-10-13 14:18:27,26.13,7900,26.11,U
sz300747,锐科激光,2025-10-13 14:19:24,26.14,22300,26.14,U
sz300747,锐科激光,2025-10-13 14:20:03,26.14,11800,26.14,D
sz300747,锐科激光,2025-10-13 14:20:21,26.15,26900,26.14,U
sz300747,锐科激光,2025-10-13 14:20:48,26.16,13600,26.15,U
sz300747,锐科激光,2025-10-13 14:21:48,26.17,21200,26.17,D
sz300747,锐科激光,2025-10-13 14:22:15,26.17,8500,26.18,D
sz300747,锐科激光,2025-10-13 14:22:18,26.17,9700,26.17,U
sz300747,锐科激光,2025-10-13 14:22:48,26.17,25100,26.17,D
sz300747,锐科激光,2025-10-13 14:23:15,26.19,11800,26.17,U
sz300747,锐科激光,2025-10-13 14:23:45,26.18,15700,26.17,U
sz300747,锐科激光,2025-10-13 14:24:42,26.2,37200,26.19,U
sz300747,锐科激光,2025-10-13 14:25:12,26.19,11900,26.18,U
sz300747,锐科激光,2025-10-13 14:25:39,26.2,10100,26.2,U
sz300747,锐科激光,2025-10-13 14:26:12,26.22,20800,26.21,U
sz300747,锐科激光,2025-10-13 14:26:24,26.2,19900,26.21,D
sz300747,锐科激光,2025-10-13 14:26:27,26.19,12100,26.2,D
sz300747,锐科激光,2025-10-13 14:26:42,26.19,22600,26.18,U
sz300747,锐科激光,2025-10-13 14:26:45,26.18,8900,26.19,D
sz300747,锐科激光,2025-10-13 14:27:15,26.19,14600,26.2,D
sz300747,锐科激光,2025-10-13 14:27:42,26.17,44900,26.16,U
sz300747,锐科激光,2025-10-13 14:28:30,26.16,10100,26.16,D
sz300747,锐科激光,2025-10-13 14:28:42,26.16,25000,26.16,U
sz300747,锐科激光,2025-10-13 14:29:09,26.17,14300,26.16,U
sz300747,锐科激光,2025-10-13 14:29:15,26.17,10600,26.17,D
sz300747,锐科激光,2025-10-13 14:29:39,26.17,15200,26.16,U
sz300747,锐科激光,2025-10-13 14:30:06,26.17,8100,26.17,U
sz300747,锐科激光,2025-10-13 14:30:09,26.19,17700,26.17,U
sz300747,锐科激光,2025-10-13 14:30:39,26.2,21700,26.19,U
sz300747,锐科激光,2025-10-13 14:31:36,26.21,13100,26.21,U
sz300747,锐科激光,2025-10-13 14:32:06,26.22,19200,26.22,U
sz300747,锐科激光,2025-10-13 14:33:06,26.23,23300,26.23,U
sz300747,锐科激光,2025-10-13 14:33:09,26.24,9100,26.23,U
sz300747,锐科激光,2025-10-13 14:33:36,26.25,23500,26.23,U
sz300747,锐科激光,2025-10-13 14:33:54,26.24,8900,26.24,D
sz300747,锐科激光,2025-10-13 14:34:03,26.25,25600,26.24,U
sz300747,锐科激光,2025-10-13 14:34:33,26.25,17400,26.24,U
sz300747,锐科激光,2025-10-13 14:34:57,26.25,12000,26.26,D
sz300747,锐科激光,2025-10-13 14:35:00,26.27,24600,26.25,U
sz300747,锐科激光,2025-10-13 14:35:18,26.27,8900,26.27,U
sz300747,锐科激光,2025-10-13 14:35:27,26.26,14100,26.28,D
sz300747,锐科激光,2025-10-13 14:35:30,26.27,22100,26.26,U
sz300747,锐科激光,2025-10-13 14:36:00,26.27,38400,26.26,U
sz300747,锐科激光,2025-10-13 14:36:09,26.24,9800,26.23,D
sz300747,锐科激光,2025-10-13 14:36:30,26.24,13800,26.24,U
sz300747,锐科激光,2025-10-13 14:36:36,26.25,8700,26.25,U
sz300747,锐科激光,2025-10-13 14:37:12,26.25,10200,26.25,D
sz300747,锐科激光,2025-10-13 14:37:30,26.25,18500,26.25,U
sz300747,锐科激光,2025-10-13 14:38:00,26.26,12700,26.25,U
sz300747,锐科激光,2025-10-13 14:38:12,26.25,9800,26.25,D
sz300747,锐科激光,2025-10-13 14:38:30,26.25,8900,26.25,U
sz300747,锐科激光,2025-10-13 14:38:42,26.25,10600,26.25,D
sz300747,锐科激光,2025-10-13 14:39:21,26.26,10500,26.25,U
sz300747,锐科激光,2025-10-13 14:40:00,26.24,14000,26.22,U
sz300747,锐科激光,2025-10-13 14:40:42,26.24,15100,26.23,E
sz300747,锐科激光,2025-10-13 14:41:21,26.24,12000,26.22,U
sz300747,锐科激光,2025-10-13 14:41:54,26.22,11700,26.22,U
sz300747,锐科激光,2025-10-13 14:41:57,26.24,12700,26.22,U
sz300747,锐科激光,2025-10-13 14:42:00,26.25,10400,26.24,U
sz300747,锐科激光,2025-10-13 14:42:42,26.22,14600,26.22,D
sz300747,锐科激光,2025-10-13 14:43:21,26.24,11000,26.23,U
sz300747,锐科激光,2025-10-13 14:44:00,26.24,10000,26.23,U
sz300747,锐科激光,2025-10-13 14:44:27,26.2,10400,26.21,D
sz300747,锐科激光,2025-10-13 14:45:39,26.2,11800,26.2,D
sz300747,锐科激光,2025-10-13 14:45:48,26.22,12900,26.2,U
sz300747,锐科激光,2025-10-13 14:46:03,26.2,10420,26.23,D
sz300747,锐科激光,2025-10-13 14:46:39,26.21,19800,26.21,D
sz300747,锐科激光,2025-10-13 14:46:42,26.22,10600,26.21,U
sz300747,锐科激光,2025-10-13 14:48:06,26.18,7700,26.22,D
sz300747,锐科激光,2025-10-13 14:48:18,26.18,39300,26.18,D
sz300747,锐科激光,2025-10-13 14:48:21,26.18,29000,26.18,U
sz300747,锐科激光,2025-10-13 14:48:24,26.18,14900,26.18,U
sz300747,锐科激光,2025-10-13 14:48:39,26.17,10600,26.18,D
sz300747,锐科激光,2025-10-13 14:49:03,26.19,17100,26.18,U
sz300747,锐科激光,2025-10-13 14:49:06,26.16,12800,26.19,D
sz300747,锐科激光,2025-10-13 14:49:33,26.19,17200,26.2,E
sz300747,锐科激光,2025-10-13 14:49:39,26.2,8700,26.2,U
sz300747,锐科激光,2025-10-13 14:50:00,26.21,13100,26.21,D
sz300747,锐科激光,2025-10-13 14:51:57,26.21,27100,26.2,U
sz300747,锐科激光,2025-10-13 14:52:09,26.21,8800,26.19,U
sz300747,锐科激光,2025-10-13 14:52:45,26.19,8000,26.2,D
sz300747,锐科激光,2025-10-13 14:52:48,26.19,12700,26.19,D
sz300747,锐科激光,2025-10-13 14:53:15,26.21,37000,26.21,U
sz300747,锐科激光,2025-10-13 14:53:57,26.18,21500,26.19,D
sz300747,锐科激光,2025-10-13 14:54:00,26.17,8000,26.18,D
sz300747,锐科激光,2025-10-13 14:54:06,26.18,11600,26.17,U
sz300747,锐科激光,2025-10-13 14:54:15,26.18,8000,26.17,U
sz300747,锐科激光,2025-10-13 14:54:42,26.2,8900,26.17,U
sz300747,锐科激光,2025-10-13 14:54:45,26.2,10800,26.2,U
sz300747,锐科激光,2025-10-13 14:54:51,26.18,17200,26.2,D
sz300747,锐科激光,2025-10-13 14:55:39,26.19,14580,26.19,U
sz300747,锐科激光,2025-10-13 14:56:33,26.2,14600,26.19,U
sz300747,锐科激光,2025-10-13 15:00:00,26.19,88200,26.2,E
