symbol,name,ticktime,price,volume,prev_price,kind
sz300747,锐科激光,2025-09-23 09:25:00,27.3,24600,0.0,D
sz300747,锐科激光,2025-09-23 09:30:00,27.26,30100,27.3,E
sz300747,锐科激光,2025-09-23 09:30:03,27.3,11600,27.26,U
sz300747,锐科激光,2025-09-23 09:30:06,27.37,21600,27.3,U
sz300747,锐科激光,2025-09-23 09:30:09,27.4,8000,27.37,U
sz300747,锐科激光,2025-09-23 09:30:15,27.44,12100,27.43,E
sz300747,锐科激光,2025-09-23 09:30:18,27.44,7400,27.44,D
sz300747,锐科激光,2025-09-23 09:30:27,27.37,9600,27.39,D
sz300747,锐科激光,2025-09-23 09:30:36,27.32,13700,27.33,D
sz300747,锐科激光,2025-09-23 09:30:42,27.39,18500,27.37,U
sz300747,锐科激光,2025-09-23 09:30:48,27.37,11300,27.37,D
sz300747,锐科激光,2025-09-23 09:31:00,27.34,15000,27.32,U
sz300747,锐科激光,2025-09-23 09:31:03,27.29,16300,27.34,D
sz300747,锐科激光,2025-09-23 09:31:30,27.28,23500,27.3,D
sz300747,锐科激光,2025-09-23 09:31:42,27.31,87300,27.26,U
sz300747,锐科激光,2025-09-23 09:31:45,27.32,10200,27.31,E
sz300747,锐科激光,2025-09-23 09:31:54,27.32,11100,27.31,U
sz300747,锐科激光,2025-09-23 09:32:03,27.34,12100,27.34,U
sz300747,锐科激光,2025-09-23 09:32:09,27.32,7600,27.34,D
sz300747,锐科激光,2025-09-23 09:32:21,27.29,8100,27.31,D
sz300747,锐科激光,2025-09-23 09:32:30,27.27,15200,27.29,D
sz300747,锐科激光,2025-09-23 09:32:39,27.28,14100,27.28,U
sz300747,锐科激光,2025-09-23 09:32:51,27.34,20700,27.31,U
sz300747,锐科激光,2025-09-23 09:33:03,27.31,15200,27.31,D
sz300747,锐科激光,2025-09-23 09:33:24,27.33,18400,27.31,U
sz300747,锐科激光,2025-09-23 09:33:27,27.32,21600,27.33,D
sz300747,锐科激光,2025-09-23 09:33:51,27.31,8200,27.31,U
sz300747,锐科激光,2025-09-23 09:33:57,27.3,24400,27.31,D
sz300747,锐科激光,2025-09-23 09:34:03,27.3,11600,27.29,U
sz300747,锐科激光,2025-09-23 09:34:06,27.3,7900,27.3,D
sz300747,锐科激光,2025-09-23 09:34:33,27.25,21700,27.28,D
sz300747,锐科激光,2025-09-23 09:34:54,27.22,9900,27.23,D
sz300747,锐科激光,2025-09-23 09:35:12,27.22,20460,27.2,U
sz300747,锐科激光,2025-09-23 09:35:15,27.23,20900,27.22,E
sz300747,锐科激光,2025-09-23 09:35:21,27.22,10600,27.22,D
sz300747,锐科激光,2025-09-23 09:35:24,27.26,19000,27.22,U
sz300747,锐科激光,2025-09-23 09:36:03,27.21,8000,27.23,D
sz300747,锐科激光,2025-09-23 09:36:24,27.2,8100,27.2,D
sz300747,锐科激光,2025-09-23 09:36:27,27.18,42600,27.2,D
sz300747,锐科激光,2025-09-23 09:36:45,27.19,16100,27.17,U
sz300747,锐科激光,2025-09-23 09:36:57,27.12,23250,27.15,D
sz300747,锐科激光,2025-09-23 09:37:00,27.14,14050,27.12,E
sz300747,锐科激光,2025-09-23 09:37:15,27.08,21000,27.08,U
sz300747,锐科激光,2025-09-23 09:37:36,27.04,7400,27.04,U
sz300747,锐科激光,2025-09-23 09:37:39,27.05,20500,27.04,U
sz300747,锐科激光,2025-09-23 09:37:54,27.06,14600,27.1,D
sz300747,锐科激光,2025-09-23 09:37:57,27.03,16125,27.06,D
sz300747,锐科激光,2025-09-23 09:38:03,27.04,16400,27.04,E
sz300747,锐科激光,2025-09-23 09:38:09,27.06,10400,27.05,U
sz300747,锐科激光,2025-09-23 09:38:15,27.08,12300,27.06,U
sz300747,锐科激光,2025-09-23 09:38:27,27.1,18900,27.06,U
sz300747,锐科激光,2025-09-23 09:38:48,27.03,89600,27.07,D
sz300747,锐科激光,2025-09-23 09:38:51,27.05,15500,27.03,U
sz300747,锐科激光,2025-09-23 09:38:54,27.03,23400,27.05,D
sz300747,锐科激光,2025-09-23 09:39:03,27.03,24300,27.03,D
sz300747,锐科激光,2025-09-23 09:39:09,27.0,74400,27.03,D
sz300747,锐科激光,2025-09-23 09:39:12,27.01,26300,27.0,U
sz300747,锐科激光,2025-09-23 09:39:15,27.0,18400,27.01,D
sz300747,锐科激光,2025-09-23 09:39:18,26.94,78100,27.0,D
sz300747,锐科激光,2025-09-23 09:39:24,27.01,18100,26.96,U
sz300747,锐科激光,2025-09-23 09:39:33,26.99,13600,26.99,U
sz300747,锐科激光,2025-09-23 09:39:36,27.01,17000,26.99,U
sz300747,锐科激光,2025-09-23 09:39:39,27.0,27200,27.01,D
sz300747,锐科激光,2025-09-23 09:39:45,27.03,16300,27.03,U
sz300747,锐科激光,2025-09-23 09:39:57,27.02,11600,27.06,D
sz300747,锐科激光,2025-09-23 09:40:03,26.99,8800,27.0,D
sz300747,锐科激光,2025-09-23 09:40:15,26.99,9600,26.98,U
sz300747,锐科激光,2025-09-23 09:40:57,27.0,38800,27.03,D
sz300747,锐科激光,2025-09-23 09:41:03,27.0,16000,27.0,U
sz300747,锐科激光,2025-09-23 09:41:06,27.0,10200,27.0,U
sz300747,锐科激光,2025-09-23 09:41:09,26.98,16700,27.0,D
sz300747,锐科激光,2025-09-23 09:41:24,26.97,7900,26.98,D
sz300747,锐科激光,2025-09-23 09:41:27,26.97,9400,26.97,D
sz300747,锐科激光,2025-09-23 09:41:33,26.97,10500,26.97,D
sz300747,锐科激光,2025-09-23 09:41:39,26.97,9300,26.97,D
sz300747,锐科激光,2025-09-23 09:41:42,26.97,9900,26.97,D
sz300747,锐科激光,2025-09-23 09:41:48,26.95,28500,26.97,D
sz300747,锐科激光,2025-09-23 09:41:54,26.95,8700,26.95,D
sz300747,锐科激光,2025-09-23 09:42:06,26.96,24500,26.96,D
sz300747,锐科激光,2025-09-23 09:42:15,26.96,18400,26.95,U
sz300747,锐科激光,2025-09-23 09:42:18,26.98,41900,26.96,U
sz300747,锐科激光,2025-09-23 09:42:21,26.98,8400,26.98,U
sz300747,锐科激光,2025-09-23 09:42:27,26.94,19500,26.96,D
sz300747,锐科激光,2025-09-23 09:42:30,26.93,23200,26.94,D
sz300747,锐科激光,2025-09-23 09:42:42,26.93,9200,26.93,U
sz300747,锐科激光,2025-09-23 09:42:54,26.94,31600,26.92,U
sz300747,锐科激光,2025-09-23 09:43:00,26.96,19400,26.96,D
sz300747,锐科激光,2025-09-23 09:43:30,26.95,14200,26.96,D
sz300747,锐科激光,2025-09-23 09:43:45,26.95,16400,26.98,D
sz300747,锐科激光,2025-09-23 09:43:48,26.95,8200,26.95,D
sz300747,锐科激光,2025-09-23 09:44:15,26.93,10300,26.95,D
sz300747,锐科激光,2025-09-23 09:44:21,26.92,9100,26.93,D
sz300747,锐科激光,2025-09-23 09:44:33,26.91,30800,26.94,D
sz300747,锐科激光,2025-09-23 09:44:39,26.9,22200,26.91,D
sz300747,锐科激光,2025-09-23 09:44:45,26.9,77200,26.9,D
sz300747,锐科激光,2025-09-23 09:44:57,26.88,12800,26.9,D
sz300747,锐科激光,2025-09-23 09:45:03,26.89,8500,26.89,D
sz300747,锐科激光,2025-09-23 09:45:06,26.88,10900,26.89,D
sz300747,锐科激光,2025-09-23 09:45:42,26.97,42200,26.95,U
sz300747,锐科激光,2025-09-23 09:46:09,26.96,9000,26.96,D
sz300747,锐科激光,2025-09-23 09:46:12,26.95,9300,26.96,D
sz300747,锐科激光,2025-09-23 09:46:21,26.93,13100,26.93,D
sz300747,锐科激光,2025-09-23 09:46:24,26.94,29100,26.93,U
sz300747,锐科激光,2025-09-23 09:46:36,26.89,32000,26.93,D
sz300747,锐科激光,2025-09-23 09:46:54,26.91,8200,26.91,D
sz300747,锐科激光,2025-09-23 09:47:03,26.9,20200,26.93,D
sz300747,锐科激光,2025-09-23 09:47:06,26.95,9600,26.9,U
sz300747,锐科激光,2025-09-23 09:47:09,26.96,18300,26.95,U
sz300747,锐科激光,2025-09-23 09:47:15,26.99,9400,26.97,U
sz300747,锐科激光,2025-09-23 09:47:21,26.99,10100,27.0,E
sz300747,锐科激光,2025-09-23 09:47:27,26.96,10500,26.96,U
sz300747,锐科激光,2025-09-23 09:47:45,26.9,14800,26.92,D
sz300747,锐科激光,2025-09-23 09:47:48,26.87,98800,26.9,D
sz300747,锐科激光,2025-09-23 09:47:51,26.92,10400,26.87,U
sz300747,锐科激光,2025-09-23 09:48:00,26.9,14100,26.9,U
sz300747,锐科激光,2025-09-23 09:48:03,26.84,54300,26.9,D
sz300747,锐科激光,2025-09-23 09:48:06,26.85,7900,26.84,U
sz300747,锐科激光,2025-09-23 09:48:12,26.81,26000,26.82,D
sz300747,锐科激光,2025-09-23 09:48:15,26.79,38600,26.81,D
sz300747,锐科激光,2025-09-23 09:48:18,26.8,13500,26.79,U
sz300747,锐科激光,2025-09-23 09:48:21,26.81,8600,26.8,U
sz300747,锐科激光,2025-09-23 09:48:33,26.8,21800,26.81,D
sz300747,锐科激光,2025-09-23 09:48:36,26.81,11100,26.8,U
sz300747,锐科激光,2025-09-23 09:48:42,26.82,19000,26.81,U
sz300747,锐科激光,2025-09-23 09:48:54,26.83,7600,26.83,D
sz300747,锐科激光,2025-09-23 09:48:57,26.82,7800,26.83,D
sz300747,锐科激光,2025-09-23 09:49:00,26.82,9700,26.82,D
sz300747,锐科激光,2025-09-23 09:49:33,26.87,9700,26.86,U
sz300747,锐科激光,2025-09-23 09:49:39,26.86,38100,26.87,E
sz300747,锐科激光,2025-09-23 09:50:12,26.86,12100,26.84,U
sz300747,锐科激光,2025-09-23 09:50:48,26.83,35200,26.85,D
sz300747,锐科激光,2025-09-23 09:51:03,26.82,23600,26.83,D
sz300747,锐科激光,2025-09-23 09:51:06,26.81,14700,26.82,D
sz300747,锐科激光,2025-09-23 09:51:09,26.79,63400,26.81,D
sz300747,锐科激光,2025-09-23 09:51:21,26.79,14000,26.78,U
sz300747,锐科激光,2025-09-23 09:51:24,26.78,35500,26.79,U
sz300747,锐科激光,2025-09-23 09:51:27,26.72,12400,26.78,D
sz300747,锐科激光,2025-09-23 09:51:30,26.74,19200,26.72,D
sz300747,锐科激光,2025-09-23 09:51:36,26.73,8400,26.78,D
sz300747,锐科激光,2025-09-23 09:51:39,26.74,25300,26.73,U
sz300747,锐科激光,2025-09-23 09:52:03,26.71,20900,26.76,D
sz300747,锐科激光,2025-09-23 09:52:15,26.75,10300,26.72,U
sz300747,锐科激光,2025-09-23 09:52:18,26.72,7600,26.75,D
sz300747,锐科激光,2025-09-23 09:52:24,26.75,7700,26.75,U
sz300747,锐科激光,2025-09-23 09:52:36,26.76,36800,26.75,U
sz300747,锐科激光,2025-09-23 09:53:18,26.82,11700,26.8,U
sz300747,锐科激光,2025-09-23 09:53:39,26.79,8300,26.79,D
sz300747,锐科激光,2025-09-23 09:53:45,26.75,11200,26.78,D
sz300747,锐科激光,2025-09-23 09:54:00,26.76,8200,26.76,D
sz300747,锐科激光,2025-09-23 09:54:12,26.76,7900,26.77,D
sz300747,锐科激光,2025-09-23 09:54:15,26.76,10900,26.76,D
sz300747,锐科激光,2025-09-23 09:54:39,26.75,10000,26.76,D
sz300747,锐科激光,2025-09-23 09:54:54,26.74,9200,26.74,D
sz300747,锐科激光,2025-09-23 09:55:00,26.72,15800,26.74,D
sz300747,锐科激光,2025-09-23 09:55:03,26.72,8200,26.72,D
sz300747,锐科激光,2025-09-23 09:55:15,26.71,13900,26.72,D
sz300747,锐科激光,2025-09-23 09:55:21,26.71,18500,26.72,D
sz300747,锐科激光,2025-09-23 09:55:27,26.7,14300,26.71,D
sz300747,锐科激光,2025-09-23 09:55:33,26.74,36900,26.7,U
sz300747,锐科激光,2025-09-23 09:56:54,26.73,18000,26.73,D
sz300747,锐科激光,2025-09-23 09:57:06,26.72,9200,26.73,D
sz300747,锐科激光,2025-09-23 09:57:21,26.75,11400,26.72,U
sz300747,锐科激光,2025-09-23 09:57:30,26.74,31700,26.75,D
sz300747,锐科激光,2025-09-23 09:57:33,26.73,9400,26.74,D
sz300747,锐科激光,2025-09-23 09:57:36,26.74,9100,26.73,U
sz300747,锐科激光,2025-09-23 09:58:24,26.73,12700,26.72,U
sz300747,锐科激光,2025-09-23 09:59:03,26.74,19400,26.74,U
sz300747,锐科激光,2025-09-23 09:59:15,26.71,24700,26.74,D
sz300747,锐科激光,2025-09-23 09:59:21,26.7,34700,26.71,D
sz300747,锐科激光,2025-09-23 09:59:24,26.69,65300,26.7,D
sz300747,锐科激光,2025-09-23 09:59:36,26.68,20000,26.68,D
sz300747,锐科激光,2025-09-23 09:59:42,26.7,24500,26.67,U
sz300747,锐科激光,2025-09-23 09:59:45,26.67,12400,26.7,D
sz300747,锐科激光,2025-09-23 09:59:54,26.67,16000,26.66,U
sz300747,锐科激光,2025-09-23 10:00:00,26.67,41900,26.66,U
sz300747,锐科激光,2025-09-23 10:00:03,26.66,24300,26.67,D
sz300747,锐科激光,2025-09-23 10:00:09,26.68,21700,26.67,D
sz300747,锐科激光,2025-09-23 10:00:21,26.66,11500,26.67,D
sz300747,锐科激光,2025-09-23 10:00:36,26.61,29300,26.63,D
sz300747,锐科激光,2025-09-23 10:00:45,26.59,13400,26.61,D
sz300747,锐科激光,2025-09-23 10:00:51,26.58,20000,26.6,D
sz300747,锐科激光,2025-09-23 10:01:03,26.6,64000,26.59,U
sz300747,锐科激光,2025-09-23 10:01:06,26.6,18900,26.6,D
sz300747,锐科激光,2025-09-23 10:01:09,26.6,19300,26.6,D
sz300747,锐科激光,2025-09-23 10:01:15,26.58,12300,26.6,D
sz300747,锐科激光,2025-09-23 10:01:21,26.57,21800,26.59,D
sz300747,锐科激光,2025-09-23 10:01:24,26.56,18000,26.57,E
sz300747,锐科激光,2025-09-23 10:01:36,26.55,11600,26.54,U
sz300747,锐科激光,2025-09-23 10:01:42,26.53,9000,26.54,D
sz300747,锐科激光,2025-09-23 10:01:48,26.53,24300,26.53,U
sz300747,锐科激光,2025-09-23 10:01:51,26.53,18300,26.53,U
sz300747,锐科激光,2025-09-23 10:01:54,26.55,30500,26.53,U
sz300747,锐科激光,2025-09-23 10:02:09,26.53,27200,26.55,D
sz300747,锐科激光,2025-09-23 10:02:27,26.51,26100,26.52,D
sz300747,锐科激光,2025-09-23 10:02:36,26.51,28900,26.52,D
sz300747,锐科激光,2025-09-23 10:02:42,26.54,17900,26.52,U
sz300747,锐科激光,2025-09-23 10:03:00,26.56,8000,26.55,E
sz300747,锐科激光,2025-09-23 10:03:06,26.59,30300,26.58,U
sz300747,锐科激光,2025-09-23 10:03:09,26.6,41500,26.59,U
sz300747,锐科激光,2025-09-23 10:03:27,26.62,38200,26.62,U
sz300747,锐科激光,2025-09-23 10:03:33,26.57,27000,26.62,D
sz300747,锐科激光,2025-09-23 10:03:42,26.55,7800,26.56,D
sz300747,锐科激光,2025-09-23 10:03:51,26.57,7700,26.55,U
sz300747,锐科激光,2025-09-23 10:04:03,26.58,9000,26.58,U
sz300747,锐科激光,2025-09-23 10:04:15,26.58,15300,26.58,D
sz300747,锐科激光,2025-09-23 10:04:24,26.58,41900,26.59,D
sz300747,锐科激光,2025-09-23 10:04:30,26.58,7900,26.58,U
sz300747,锐科激光,2025-09-23 10:04:36,26.55,7800,26.55,D
sz300747,锐科激光,2025-09-23 10:05:03,26.53,50400,26.54,D
sz300747,锐科激光,2025-09-23 10:05:18,26.51,19600,26.51,D
sz300747,锐科激光,2025-09-23 10:05:27,26.48,58070,26.51,D
sz300747,锐科激光,2025-09-23 10:05:30,26.5,9200,26.48,U
sz300747,锐科激光,2025-09-23 10:05:33,26.49,13900,26.5,D
sz300747,锐科激光,2025-09-23 10:05:36,26.49,13500,26.49,U
sz300747,锐科激光,2025-09-23 10:05:39,26.48,12200,26.49,D
sz300747,锐科激光,2025-09-23 10:05:45,26.45,14000,26.46,D
sz300747,锐科激光,2025-09-23 10:05:48,26.47,20600,26.45,D
sz300747,锐科激光,2025-09-23 10:05:51,26.48,9600,26.47,E
sz300747,锐科激光,2025-09-23 10:05:54,26.47,11600,26.48,E
sz300747,锐科激光,2025-09-23 10:06:00,26.49,24900,26.48,U
sz300747,锐科激光,2025-09-23 10:06:03,26.49,26200,26.49,U
sz300747,锐科激光,2025-09-23 10:06:12,26.47,17400,26.48,D
sz300747,锐科激光,2025-09-23 10:06:39,26.46,8600,26.46,U
sz300747,锐科激光,2025-09-23 10:06:42,26.46,24100,26.46,U
sz300747,锐科激光,2025-09-23 10:06:45,26.45,14000,26.46,D
sz300747,锐科激光,2025-09-23 10:06:51,26.44,15800,26.46,D
sz300747,锐科激光,2025-09-23 10:07:06,26.45,14400,26.47,D
sz300747,锐科激光,2025-09-23 10:07:15,26.45,8300,26.46,D
sz300747,锐科激光,2025-09-23 10:07:21,26.45,24400,26.45,D
sz300747,锐科激光,2025-09-23 10:07:24,26.43,18500,26.45,D
sz300747,锐科激光,2025-09-23 10:07:45,26.43,7900,26.44,D
sz300747,锐科激光,2025-09-23 10:07:51,26.43,13700,26.44,D
sz300747,锐科激光,2025-09-23 10:08:03,26.44,10600,26.42,U
sz300747,锐科激光,2025-09-23 10:08:06,26.42,32700,26.44,D
sz300747,锐科激光,2025-09-23 10:08:09,26.42,22100,26.42,D
sz300747,锐科激光,2025-09-23 10:08:27,26.41,21900,26.41,D
sz300747,锐科激光,2025-09-23 10:08:30,26.43,33000,26.41,U
sz300747,锐科激光,2025-09-23 10:08:33,26.42,33500,26.43,D
sz300747,锐科激光,2025-09-23 10:08:48,26.43,10700,26.42,U
sz300747,锐科激光,2025-09-23 10:09:39,26.44,11500,26.45,D
sz300747,锐科激光,2025-09-23 10:10:09,26.44,7800,26.44,D
sz300747,锐科激光,2025-09-23 10:10:21,26.43,8600,26.44,D
sz300747,锐科激光,2025-09-23 10:10:24,26.43,13400,26.43,U
sz300747,锐科激光,2025-09-23 10:10:27,26.43,9400,26.43,D
sz300747,锐科激光,2025-09-23 10:10:30,26.43,12700,26.43,D
sz300747,锐科激光,2025-09-23 10:10:42,26.39,57800,26.44,D
sz300747,锐科激光,2025-09-23 10:10:45,26.42,8400,26.39,U
sz300747,锐科激光,2025-09-23 10:11:06,26.43,15300,26.42,E
sz300747,锐科激光,2025-09-23 10:11:36,26.4,11000,26.41,D
sz300747,锐科激光,2025-09-23 10:11:42,26.41,7600,26.41,D
sz300747,锐科激光,2025-09-23 10:11:45,26.39,7900,26.41,D
sz300747,锐科激光,2025-09-23 10:11:48,26.4,10100,26.39,E
sz300747,锐科激光,2025-09-23 10:11:51,26.4,31100,26.4,D
sz300747,锐科激光,2025-09-23 10:11:54,26.39,13900,26.4,D
sz300747,锐科激光,2025-09-23 10:12:15,26.38,10000,26.39,D
sz300747,锐科激光,2025-09-23 10:12:18,26.37,9900,26.38,D
sz300747,锐科激光,2025-09-23 10:12:24,26.36,16800,26.36,D
sz300747,锐科激光,2025-09-23 10:12:45,26.34,19300,26.35,D
sz300747,锐科激光,2025-09-23 10:12:48,26.33,14500,26.34,E
sz300747,锐科激光,2025-09-23 10:12:54,26.3,51600,26.32,D
sz300747,锐科激光,2025-09-23 10:13:03,26.29,11000,26.29,U
sz300747,锐科激光,2025-09-23 10:13:09,26.28,11400,26.28,U
sz300747,锐科激光,2025-09-23 10:13:15,26.25,27300,26.26,D
sz300747,锐科激光,2025-09-23 10:13:18,26.25,10400,26.25,U
sz300747,锐科激光,2025-09-23 10:13:21,26.28,43000,26.25,U
sz300747,锐科激光,2025-09-23 10:13:24,26.23,16700,26.28,D
sz300747,锐科激光,2025-09-23 10:13:36,26.22,39500,26.25,D
sz300747,锐科激光,2025-09-23 10:13:42,26.26,33800,26.25,U
sz300747,锐科激光,2025-09-23 10:13:48,26.26,11100,26.24,U
sz300747,锐科激光,2025-09-23 10:13:54,26.31,22000,26.24,U
sz300747,锐科激光,2025-09-23 10:13:57,26.24,24600,26.31,D
sz300747,锐科激光,2025-09-23 10:14:03,26.32,35800,26.3,U
sz300747,锐科激光,2025-09-23 10:14:15,26.32,14200,26.32,D
sz300747,锐科激光,2025-09-23 10:14:18,26.35,33600,26.32,U
sz300747,锐科激光,2025-09-23 10:14:45,26.37,7800,26.36,U
sz300747,锐科激光,2025-09-23 10:14:48,26.37,8700,26.37,D
sz300747,锐科激光,2025-09-23 10:15:03,26.39,14600,26.4,E
sz300747,锐科激光,2025-09-23 10:15:09,26.38,8300,26.4,D
sz300747,锐科激光,2025-09-23 10:15:15,26.4,8200,26.38,U
sz300747,锐科激光,2025-09-23 10:15:45,26.4,8300,26.4,U
sz300747,锐科激光,2025-09-23 10:15:48,26.36,91500,26.4,D
sz300747,锐科激光,2025-09-23 10:15:51,26.38,17600,26.36,U
sz300747,锐科激光,2025-09-23 10:16:03,26.33,14100,26.36,D
sz300747,锐科激光,2025-09-23 10:16:15,26.32,33500,26.32,D
sz300747,锐科激光,2025-09-23 10:16:48,26.31,19900,26.32,D
sz300747,锐科激光,2025-09-23 10:17:06,26.27,17400,26.28,D
sz300747,锐科激光,2025-09-23 10:17:24,26.28,15600,26.26,U
sz300747,锐科激光,2025-09-23 10:18:03,26.26,35600,26.28,D
sz300747,锐科激光,2025-09-23 10:18:12,26.25,11200,26.25,D
sz300747,锐科激光,2025-09-23 10:18:18,26.24,13800,26.25,D
sz300747,锐科激光,2025-09-23 10:18:30,26.25,32000,26.24,U
sz300747,锐科激光,2025-09-23 10:18:45,26.24,22600,26.25,D
sz300747,锐科激光,2025-09-23 10:18:51,26.25,13300,26.25,U
sz300747,锐科激光,2025-09-23 10:19:54,26.23,13100,26.24,D
sz300747,锐科激光,2025-09-23 10:20:03,26.27,43300,26.23,U
sz300747,锐科激光,2025-09-23 10:20:15,26.26,7800,26.28,D
sz300747,锐科激光,2025-09-23 10:20:27,26.27,9400,26.29,D
sz300747,锐科激光,2025-09-23 10:20:45,26.27,15200,26.28,D
sz300747,锐科激光,2025-09-23 10:21:03,26.28,12700,26.28,U
sz300747,锐科激光,2025-09-23 10:21:24,26.27,10100,26.27,U
sz300747,锐科激光,2025-09-23 10:21:27,26.26,16100,26.27,D
sz300747,锐科激光,2025-09-23 10:21:42,26.28,31300,26.27,U
sz300747,锐科激光,2025-09-23 10:21:48,26.28,13000,26.28,D
sz300747,锐科激光,2025-09-23 10:21:54,26.28,12500,26.29,D
sz300747,锐科激光,2025-09-23 10:22:24,26.28,28900,26.31,D
sz300747,锐科激光,2025-09-23 10:22:30,26.27,9500,26.28,D
sz300747,锐科激光,2025-09-23 10:23:45,26.26,57500,26.26,D
sz300747,锐科激光,2025-09-23 10:23:48,26.24,42000,26.26,D
sz300747,锐科激光,2025-09-23 10:24:27,26.23,10700,26.24,D
sz300747,锐科激光,2025-09-23 10:24:54,26.21,22000,26.22,D
sz300747,锐科激光,2025-09-23 10:24:57,26.19,47600,26.21,D
sz300747,锐科激光,2025-09-23 10:25:00,26.2,24600,26.19,U
sz300747,锐科激光,2025-09-23 10:25:30,26.15,12700,26.17,D
sz300747,锐科激光,2025-09-23 10:25:39,26.15,11900,26.16,D
sz300747,锐科激光,2025-09-23 10:25:51,26.12,15700,26.13,D
sz300747,锐科激光,2025-09-23 10:25:54,26.12,11900,26.12,D
sz300747,锐科激光,2025-09-23 10:25:57,26.13,35700,26.12,U
sz300747,锐科激光,2025-09-23 10:26:00,26.16,67700,26.13,U
sz300747,锐科激光,2025-09-23 10:26:03,26.17,25200,26.16,U
sz300747,锐科激光,2025-09-23 10:26:06,26.13,12800,26.17,D
sz300747,锐科激光,2025-09-23 10:26:24,26.12,27800,26.12,D
sz300747,锐科激光,2025-09-23 10:26:33,26.13,9800,26.12,D
sz300747,锐科激光,2025-09-23 10:26:36,26.13,18887,26.13,U
sz300747,锐科激光,2025-09-23 10:26:51,26.18,27000,26.15,U
sz300747,锐科激光,2025-09-23 10:26:54,26.15,26200,26.18,D
sz300747,锐科激光,2025-09-23 10:27:03,26.18,15800,26.17,U
sz300747,锐科激光,2025-09-23 10:27:15,26.12,11700,26.14,D
sz300747,锐科激光,2025-09-23 10:27:30,26.16,11000,26.14,E
sz300747,锐科激光,2025-09-23 10:27:48,26.14,14900,26.16,D
sz300747,锐科激光,2025-09-23 10:27:51,26.15,8200,26.14,U
sz300747,锐科激光,2025-09-23 10:28:00,26.13,20400,26.14,U
sz300747,锐科激光,2025-09-23 10:28:03,26.17,13500,26.13,U
sz300747,锐科激光,2025-09-23 10:28:12,26.19,8000,26.16,U
sz300747,锐科激光,2025-09-23 10:28:39,26.15,10100,26.13,U
sz300747,锐科激光,2025-09-23 10:29:06,26.15,12900,26.14,U
sz300747,锐科激光,2025-09-23 10:29:24,26.17,17200,26.17,U
sz300747,锐科激光,2025-09-23 10:29:33,26.15,40900,26.17,D
sz300747,锐科激光,2025-09-23 10:30:03,26.1,49300,26.15,D
sz300747,锐科激光,2025-09-23 10:30:24,26.14,11500,26.13,U
sz300747,锐科激光,2025-09-23 10:30:57,26.13,20800,26.13,U
sz300747,锐科激光,2025-09-23 10:31:00,26.15,13400,26.13,U
sz300747,锐科激光,2025-09-23 10:31:12,26.12,14300,26.14,D
sz300747,锐科激光,2025-09-23 10:31:36,26.07,75000,26.13,D
sz300747,锐科激光,2025-09-23 10:31:39,26.1,30000,26.07,U
sz300747,锐科激光,2025-09-23 10:31:57,26.08,22400,26.08,D
sz300747,锐科激光,2025-09-23 10:32:18,26.07,13800,26.08,D
sz300747,锐科激光,2025-09-23 10:32:30,26.06,7700,26.06,D
sz300747,锐科激光,2025-09-23 10:32:36,26.06,22300,26.06,U
sz300747,锐科激光,2025-09-23 10:32:39,26.06,44900,26.06,D
sz300747,锐科激光,2025-09-23 10:32:51,26.06,10900,26.05,U
sz300747,锐科激光,2025-09-23 10:32:57,26.03,168100,26.04,D
sz300747,锐科激光,2025-09-23 10:33:00,26.04,11200,26.03,U
sz300747,锐科激光,2025-09-23 10:33:03,26.04,13100,26.04,U
sz300747,锐科激光,2025-09-23 10:33:06,26.06,38400,26.04,U
sz300747,锐科激光,2025-09-23 10:33:45,26.06,19100,26.05,U
sz300747,锐科激光,2025-09-23 10:33:51,26.07,21300,26.05,U
sz300747,锐科激光,2025-09-23 10:33:54,26.07,23400,26.07,E
sz300747,锐科激光,2025-09-23 10:34:00,26.12,46800,26.07,U
sz300747,锐科激光,2025-09-23 10:34:39,26.16,10000,26.15,U
sz300747,锐科激光,2025-09-23 10:34:48,26.15,32600,26.17,D
sz300747,锐科激光,2025-09-23 10:34:51,26.16,11900,26.15,U
sz300747,锐科激光,2025-09-23 10:35:00,26.17,11400,26.17,U
sz300747,锐科激光,2025-09-23 10:35:18,26.17,9200,26.17,D
sz300747,锐科激光,2025-09-23 10:35:24,26.18,26700,26.17,U
sz300747,锐科激光,2025-09-23 10:35:30,26.2,13100,26.18,U
sz300747,锐科激光,2025-09-23 10:35:42,26.17,29800,26.2,D
sz300747,锐科激光,2025-09-23 10:35:51,26.17,17900,26.18,D
sz300747,锐科激光,2025-09-23 10:36:09,26.19,12900,26.18,U
sz300747,锐科激光,2025-09-23 10:36:30,26.19,28600,26.2,D
sz300747,锐科激光,2025-09-23 10:36:39,26.23,12400,26.22,U
sz300747,锐科激光,2025-09-23 10:37:33,26.27,17100,26.28,D
sz300747,锐科激光,2025-09-23 10:37:39,26.26,11800,26.27,D
sz300747,锐科激光,2025-09-23 10:38:06,26.25,8100,26.25,D
sz300747,锐科激光,2025-09-23 10:38:18,26.22,10900,26.2,U
sz300747,锐科激光,2025-09-23 10:38:21,26.2,12300,26.22,D
sz300747,锐科激光,2025-09-23 10:38:36,26.19,29700,26.2,D
sz300747,锐科激光,2025-09-23 10:39:27,26.21,10100,26.22,D
sz300747,锐科激光,2025-09-23 10:39:30,26.18,17000,26.21,D
sz300747,锐科激光,2025-09-23 10:39:33,26.17,12300,26.18,D
sz300747,锐科激光,2025-09-23 10:40:09,26.15,9300,26.15,D
sz300747,锐科激光,2025-09-23 10:40:30,26.15,9000,26.17,D
sz300747,锐科激光,2025-09-23 10:40:57,26.1,14600,26.14,D
sz300747,锐科激光,2025-09-23 10:41:27,26.05,12200,26.05,D
sz300747,锐科激光,2025-09-23 10:41:30,26.05,15600,26.05,D
sz300747,锐科激光,2025-09-23 10:43:00,26.2,9400,26.17,U
sz300747,锐科激光,2025-09-23 10:44:00,26.25,10400,26.25,U
sz300747,锐科激光,2025-09-23 10:44:57,26.28,8300,26.3,D
sz300747,锐科激光,2025-09-23 10:45:00,26.27,12000,26.28,D
sz300747,锐科激光,2025-09-23 10:45:03,26.29,18200,26.27,U
sz300747,锐科激光,2025-09-23 10:45:18,26.29,16000,26.28,U
sz300747,锐科激光,2025-09-23 10:45:36,26.28,7900,26.3,D
sz300747,锐科激光,2025-09-23 10:45:42,26.32,12100,26.31,U
sz300747,锐科激光,2025-09-23 10:45:48,26.31,8300,26.32,D
sz300747,锐科激光,2025-09-23 10:45:51,26.32,11200,26.31,D
sz300747,锐科激光,2025-09-23 10:45:57,26.32,15200,26.33,D
sz300747,锐科激光,2025-09-23 10:46:15,26.29,10300,26.31,D
sz300747,锐科激光,2025-09-23 10:46:18,26.28,8300,26.29,D
sz300747,锐科激光,2025-09-23 10:47:30,26.3,21300,26.29,U
sz300747,锐科激光,2025-09-23 10:49:48,26.27,22600,26.28,D
sz300747,锐科激光,2025-09-23 10:49:57,26.3,20700,26.27,U
sz300747,锐科激光,2025-09-23 10:50:57,26.32,23900,26.28,U
sz300747,锐科激光,2025-09-23 10:52:18,26.25,24800,26.26,D
sz300747,锐科激光,2025-09-23 10:52:21,26.26,8700,26.25,U
sz300747,锐科激光,2025-09-23 10:52:51,26.23,38800,26.25,D
sz300747,锐科激光,2025-09-23 10:53:48,26.27,100400,26.25,U
sz300747,锐科激光,2025-09-23 10:54:00,26.26,14800,26.23,U
sz300747,锐科激光,2025-09-23 10:54:21,26.3,14900,26.29,U
sz300747,锐科激光,2025-09-23 10:54:24,26.28,10300,26.3,D
sz300747,锐科激光,2025-09-23 10:57:51,26.26,14200,26.28,D
sz300747,锐科激光,2025-09-23 10:59:21,26.28,8700,26.32,D
sz300747,锐科激光,2025-09-23 11:00:24,26.25,8500,26.26,D
sz300747,锐科激光,2025-09-23 11:00:42,26.24,13200,26.25,D
sz300747,锐科激光,2025-09-23 11:02:42,26.25,15100,26.25,U
sz300747,锐科激光,2025-09-23 11:04:18,26.21,25500,26.25,D
sz300747,锐科激光,2025-09-23 11:05:30,26.28,8100,26.27,U
sz300747,锐科激光,2025-09-23 11:06:12,26.27,12800,26.28,D
sz300747,锐科激光,2025-09-23 11:06:15,26.29,15200,26.27,U
sz300747,锐科激光,2025-09-23 11:07:00,26.28,9400,26.27,U
sz300747,锐科激光,2025-09-23 11:07:03,26.29,8800,26.28,U
sz300747,锐科激光,2025-09-23 11:09:27,26.2,12000,26.21,D
sz300747,锐科激光,2025-09-23 11:10:06,26.24,28900,26.23,U
sz300747,锐科激光,2025-09-23 11:10:54,26.25,47100,26.26,D
sz300747,锐科激光,2025-09-23 11:12:03,26.2,22200,26.22,D
sz300747,锐科激光,2025-09-23 11:12:27,26.17,8100,26.18,D
sz300747,锐科激光,2025-09-23 11:12:30,26.17,9100,26.17,U
sz300747,锐科激光,2025-09-23 11:13:18,26.19,19500,26.2,D
sz300747,锐科激光,2025-09-23 11:14:21,26.13,9400,26.14,D
sz300747,锐科激光,2025-09-23 11:14:45,26.09,8200,26.1,D
sz300747,锐科激光,2025-09-23 11:15:00,26.1,7800,26.1,U
sz300747,锐科激光,2025-09-23 11:15:12,26.11,28700,26.1,U
sz300747,锐科激光,2025-09-23 11:16:18,26.12,8400,26.12,D
sz300747,锐科激光,2025-09-23 11:16:45,26.12,17200,26.11,U
sz300747,锐科激光,2025-09-23 11:16:48,26.14,34300,26.12,U
sz300747,锐科激光,2025-09-23 11:16:51,26.11,12600,26.14,D
sz300747,锐科激光,2025-09-23 11:16:57,26.16,11200,26.14,U
sz300747,锐科激光,2025-09-23 11:17:57,26.17,13800,26.16,U
sz300747,锐科激光,2025-09-23 11:18:00,26.2,18700,26.17,U
sz300747,锐科激光,2025-09-23 11:18:36,26.2,12500,26.19,U
sz300747,锐科激光,2025-09-23 11:18:39,26.22,94100,26.2,U
sz300747,锐科激光,2025-09-23 11:19:18,26.18,8100,26.2,D
sz300747,锐科激光,2025-09-23 11:19:48,26.24,56400,26.24,U
sz300747,锐科激光,2025-09-23 11:20:03,26.22,57400,26.24,D
sz300747,锐科激光,2025-09-23 11:20:21,26.24,18300,26.25,D
sz300747,锐科激光,2025-09-23 11:22:06,26.08,18500,26.11,D
sz300747,锐科激光,2025-09-23 11:23:06,26.08,13000,26.1,D
sz300747,锐科激光,2025-09-23 11:23:21,26.08,8700,26.09,D
sz300747,锐科激光,2025-09-23 11:23:24,26.07,11200,26.08,D
sz300747,锐科激光,2025-09-23 11:23:30,26.06,18900,26.08,D
sz300747,锐科激光,2025-09-23 11:23:54,26.06,46100,26.06,D
sz300747,锐科激光,2025-09-23 11:24:00,26.04,21700,26.07,D
sz300747,锐科激光,2025-09-23 11:24:18,26.05,8300,26.05,U
sz300747,锐科激光,2025-09-23 11:24:45,26.04,8300,26.06,D
sz300747,锐科激光,2025-09-23 11:25:12,26.03,12900,26.04,D
sz300747,锐科激光,2025-09-23 11:25:27,26.04,10000,26.04,U
sz300747,锐科激光,2025-09-23 11:26:03,26.03,9300,26.04,D
sz300747,锐科激光,2025-09-23 11:26:09,26.04,10500,26.04,E
sz300747,锐科激光,2025-09-23 11:26:18,26.03,56400,26.03,D
sz300747,锐科激光,2025-09-23 11:26:42,26.01,25800,26.01,D
sz300747,锐科激光,2025-09-23 11:26:51,26.01,52800,26.01,U
sz300747,锐科激光,2025-09-23 11:27:00,26.01,18900,26.0,U
sz300747,锐科激光,2025-09-23 11:27:18,26.01,52400,26.01,U
sz300747,锐科激光,2025-09-23 11:27:21,26.0,12500,26.01,D
sz300747,锐科激光,2025-09-23 11:27:33,26.0,19500,26.01,D
sz300747,锐科激光,2025-09-23 11:27:36,26.0,11800,26.0,U
sz300747,锐科激光,2025-09-23 11:27:54,26.0,12600,26.0,D
sz300747,锐科激光,2025-09-23 11:28:15,26.0,9000,26.0,U
sz300747,锐科激光,2025-09-23 11:28:27,26.0,10300,26.0,D
sz300747,锐科激光,2025-09-23 11:28:33,26.01,15100,26.01,U
sz300747,锐科激光,2025-09-23 11:28:39,26.0,15100,26.01,D
sz300747,锐科激光,2025-09-23 11:28:42,26.01,21200,26.0,U
sz300747,锐科激光,2025-09-23 11:29:03,26.0,7700,26.04,D
sz300747,锐科激光,2025-09-23 13:00:00,26.06,48200,26.02,U
sz300747,锐科激光,2025-09-23 13:00:03,26.03,22200,26.06,D
sz300747,锐科激光,2025-09-23 13:00:12,25.99,40500,26.01,D
sz300747,锐科激光,2025-09-23 13:00:15,26.02,15200,25.99,U
sz300747,锐科激光,2025-09-23 13:01:18,26.07,13800,26.06,U
sz300747,锐科激光,2025-09-23 13:01:21,26.06,8300,26.07,E
sz300747,锐科激光,2025-09-23 13:01:54,26.06,31900,26.04,E
sz300747,锐科激光,2025-09-23 13:02:06,26.04,7700,26.04,D
sz300747,锐科激光,2025-09-23 13:02:12,26.01,20600,26.04,D
sz300747,锐科激光,2025-09-23 13:03:09,26.01,29200,26.01,D
sz300747,锐科激光,2025-09-23 13:03:12,26.0,24400,26.01,D
sz300747,锐科激光,2025-09-23 13:03:42,26.01,29500,25.99,U
sz300747,锐科激光,2025-09-23 13:04:00,25.99,9400,25.99,U
sz300747,锐科激光,2025-09-23 13:04:12,25.97,55000,25.99,D
sz300747,锐科激光,2025-09-23 13:04:15,25.98,23160,25.97,U
sz300747,锐科激光,2025-09-23 13:04:33,25.98,11300,25.99,D
sz300747,锐科激光,2025-09-23 13:04:45,25.98,8900,25.98,U
sz300747,锐科激光,2025-09-23 13:04:51,25.99,35300,25.98,U
sz300747,锐科激光,2025-09-23 13:05:12,25.98,8600,25.99,D
sz300747,锐科激光,2025-09-23 13:05:15,25.98,11800,25.98,D
sz300747,锐科激光,2025-09-23 13:05:21,26.0,14300,25.98,U
sz300747,锐科激光,2025-09-23 13:05:48,25.96,14200,25.97,D
sz300747,锐科激光,2025-09-23 13:05:51,25.95,13500,25.96,D
sz300747,锐科激光,2025-09-23 13:05:54,25.92,28100,25.95,D
sz300747,锐科激光,2025-09-23 13:06:03,25.92,8300,25.94,D
sz300747,锐科激光,2025-09-23 13:06:06,25.91,11500,25.92,D
sz300747,锐科激光,2025-09-23 13:06:12,25.91,12900,25.91,U
sz300747,锐科激光,2025-09-23 13:06:21,25.9,8700,25.89,U
sz300747,锐科激光,2025-09-23 13:06:24,25.89,11900,25.9,E
sz300747,锐科激光,2025-09-23 13:06:27,25.89,24800,25.89,U
sz300747,锐科激光,2025-09-23 13:06:30,25.86,77300,25.89,D
sz300747,锐科激光,2025-09-23 13:06:33,25.86,31500,25.86,U
sz300747,锐科激光,2025-09-23 13:06:39,25.84,29600,25.84,D
sz300747,锐科激光,2025-09-23 13:06:45,25.87,15700,25.84,E
sz300747,锐科激光,2025-09-23 13:06:48,25.9,9600,25.87,U
sz300747,锐科激光,2025-09-23 13:06:57,25.89,15700,25.86,U
sz300747,锐科激光,2025-09-23 13:07:12,25.87,18500,25.86,E
sz300747,锐科激光,2025-09-23 13:07:15,25.89,13100,25.87,U
sz300747,锐科激光,2025-09-23 13:07:18,25.88,14200,25.89,E
sz300747,锐科激光,2025-09-23 13:07:30,25.93,20200,25.95,D
sz300747,锐科激光,2025-09-23 13:07:42,25.93,35500,25.9,U
sz300747,锐科激光,2025-09-23 13:08:03,25.87,11900,25.9,D
sz300747,锐科激光,2025-09-23 13:08:09,25.87,31900,25.87,U
sz300747,锐科激光,2025-09-23 13:08:27,25.89,12200,25.86,U
sz300747,锐科激光,2025-09-23 13:08:33,25.92,15000,25.92,U
sz300747,锐科激光,2025-09-23 13:09:06,25.88,9600,25.89,D
sz300747,锐科激光,2025-09-23 13:09:33,25.87,9600,25.87,D
sz300747,锐科激光,2025-09-23 13:09:42,25.88,12700,25.87,U
sz300747,锐科激光,2025-09-23 13:09:45,25.86,26500,25.88,D
sz300747,锐科激光,2025-09-23 13:09:48,25.86,24200,25.86,D
sz300747,锐科激光,2025-09-23 13:09:51,25.87,8800,25.86,E
sz300747,锐科激光,2025-09-23 13:10:15,25.87,10700,25.87,U
sz300747,锐科激光,2025-09-23 13:10:18,25.92,61800,25.87,U
sz300747,锐科激光,2025-09-23 13:10:51,25.8,35100,25.85,D
sz300747,锐科激光,2025-09-23 13:11:00,25.85,10800,25.85,U
sz300747,锐科激光,2025-09-23 13:11:21,25.86,10100,25.88,D
sz300747,锐科激光,2025-09-23 13:11:33,25.89,12900,25.9,E
sz300747,锐科激光,2025-09-23 13:11:39,25.87,13100,25.89,D
sz300747,锐科激光,2025-09-23 13:11:45,25.94,22500,25.9,U
sz300747,锐科激光,2025-09-23 13:11:54,25.91,18500,25.94,D
sz300747,锐科激光,2025-09-23 13:12:09,25.96,10200,25.94,U
sz300747,锐科激光,2025-09-23 13:12:27,25.96,8300,25.98,D
sz300747,锐科激光,2025-09-23 13:12:30,25.97,8700,25.96,D
sz300747,锐科激光,2025-09-23 13:13:42,25.92,15800,25.9,U
sz300747,锐科激光,2025-09-23 13:14:09,25.96,10700,25.92,U
sz300747,锐科激光,2025-09-23 13:14:18,25.92,30300,25.93,D
sz300747,锐科激光,2025-09-23 13:14:33,25.9,54300,25.93,D
sz300747,锐科激光,2025-09-23 13:15:15,25.96,24200,25.92,U
sz300747,锐科激光,2025-09-23 13:15:18,25.93,17000,25.96,D
sz300747,锐科激光,2025-09-23 13:15:21,25.95,35900,25.93,D
sz300747,锐科激光,2025-09-23 13:16:06,25.96,8100,25.98,D
sz300747,锐科激光,2025-09-23 13:16:18,26.0,10500,25.99,U
sz300747,锐科激光,2025-09-23 13:16:21,25.97,22200,26.0,D
sz300747,锐科激光,2025-09-23 13:16:36,25.94,8500,25.95,D
sz300747,锐科激光,2025-09-23 13:17:21,25.95,10300,25.95,D
sz300747,锐科激光,2025-09-23 13:17:27,25.94,12200,25.95,D
sz300747,锐科激光,2025-09-23 13:18:21,25.95,12800,25.95,E
sz300747,锐科激光,2025-09-23 13:18:27,25.92,7900,25.95,D
sz300747,锐科激光,2025-09-23 13:19:15,25.93,7800,25.92,E
sz300747,锐科激光,2025-09-23 13:19:42,25.9,20000,25.92,D
sz300747,锐科激光,2025-09-23 13:20:18,25.91,20400,25.92,D
sz300747,锐科激光,2025-09-23 13:20:33,25.89,11400,25.91,D
sz300747,锐科激光,2025-09-23 13:20:51,25.91,20000,25.91,U
sz300747,锐科激光,2025-09-23 13:21:03,25.93,20800,25.9,U
sz300747,锐科激光,2025-09-23 13:21:12,25.92,16900,25.95,D
sz300747,锐科激光,2025-09-23 13:21:21,25.95,9000,25.95,U
sz300747,锐科激光,2025-09-23 13:21:27,25.94,13000,25.95,D
sz300747,锐科激光,2025-09-23 13:21:33,25.9,13200,25.9,U
sz300747,锐科激光,2025-09-23 13:22:00,25.88,22700,25.88,D
sz300747,锐科激光,2025-09-23 13:22:12,25.84,26000,25.88,D
sz300747,锐科激光,2025-09-23 13:22:33,25.85,50100,25.85,U
sz300747,锐科激光,2025-09-23 13:22:36,25.86,20100,25.85,D
sz300747,锐科激光,2025-09-23 13:23:03,25.83,20000,25.88,D
sz300747,锐科激光,2025-09-23 13:23:42,25.86,21200,25.86,D
sz300747,锐科激光,2025-09-23 13:24:00,25.87,20200,25.87,E
sz300747,锐科激光,2025-09-23 13:24:36,25.92,14600,25.96,D
sz300747,锐科激光,2025-09-23 13:24:54,25.95,18500,25.95,U
sz300747,锐科激光,2025-09-23 13:25:09,25.96,8800,25.96,U
sz300747,锐科激光,2025-09-23 13:25:21,25.97,11900,25.96,U
sz300747,锐科激光,2025-09-23 13:25:51,25.97,11100,26.0,D
sz300747,锐科激光,2025-09-23 13:26:03,25.97,15200,25.98,D
sz300747,锐科激光,2025-09-23 13:26:42,26.0,11700,26.01,D
sz300747,锐科激光,2025-09-23 13:27:33,26.0,13700,26.02,D
sz300747,锐科激光,2025-09-23 13:27:39,26.0,10500,26.02,D
sz300747,锐科激光,2025-09-23 13:28:06,26.01,8800,26.01,U
sz300747,锐科激光,2025-09-23 13:29:42,26.05,10100,26.03,U
sz300747,锐科激光,2025-09-23 13:30:39,26.05,8000,26.05,U
sz300747,锐科激光,2025-09-23 13:30:57,26.0,50100,26.06,D
sz300747,锐科激光,2025-09-23 13:31:09,26.0,63800,26.02,D
sz300747,锐科激光,2025-09-23 13:31:36,26.07,26500,26.05,U
sz300747,锐科激光,2025-09-23 13:32:12,26.06,63200,26.08,D
sz300747,锐科激光,2025-09-23 13:33:03,26.0,17000,26.0,D
sz300747,锐科激光,2025-09-23 13:33:06,25.99,43900,26.0,D
sz300747,锐科激光,2025-09-23 13:33:48,26.01,12300,26.0,U
sz300747,锐科激光,2025-09-23 13:35:21,25.94,7800,25.94,U
sz300747,锐科激光,2025-09-23 13:35:39,25.97,10900,25.92,U
sz300747,锐科激光,2025-09-23 13:36:06,25.97,10700,25.97,U
sz300747,锐科激光,2025-09-23 13:36:09,25.95,7800,25.97,D
sz300747,锐科激光,2025-09-23 13:36:54,25.92,15000,25.94,D
sz300747,锐科激光,2025-09-23 13:38:12,25.95,31500,25.97,D
sz300747,锐科激光,2025-09-23 13:39:12,25.92,9000,25.93,D
sz300747,锐科激光,2025-09-23 13:40:03,25.92,12400,25.93,D
sz300747,锐科激光,2025-09-23 13:40:15,25.9,8200,25.9,D
sz300747,锐科激光,2025-09-23 13:41:36,25.9,13000,25.89,U
sz300747,锐科激光,2025-09-23 13:41:45,25.9,19600,25.9,D
sz300747,锐科激光,2025-09-23 13:45:18,25.85,12200,25.85,U
sz300747,锐科激光,2025-09-23 13:45:48,25.85,13410,25.86,D
sz300747,锐科激光,2025-09-23 13:46:06,25.83,8800,25.84,D
sz300747,锐科激光,2025-09-23 13:46:09,25.82,10600,25.83,D
sz300747,锐科激光,2025-09-23 13:46:21,25.82,29900,25.84,D
sz300747,锐科激光,2025-09-23 13:46:33,25.81,24200,25.81,D
sz300747,锐科激光,2025-09-23 13:46:36,25.81,10700,25.81,U
sz300747,锐科激光,2025-09-23 13:46:54,25.81,8600,25.82,D
sz300747,锐科激光,2025-09-23 13:47:09,25.8,16100,25.81,D
sz300747,锐科激光,2025-09-23 13:47:33,25.83,11300,25.84,D
sz300747,锐科激光,2025-09-23 13:47:36,25.84,24200,25.83,U
sz300747,锐科激光,2025-09-23 13:47:54,25.83,8600,25.85,D
sz300747,锐科激光,2025-09-23 13:48:06,25.83,11400,25.83,D
sz300747,锐科激光,2025-09-23 13:48:24,25.82,13100,25.84,D
sz300747,锐科激光,2025-09-23 13:48:45,25.82,8100,25.82,D
sz300747,锐科激光,2025-09-23 13:49:03,25.82,24300,25.83,D
sz300747,锐科激光,2025-09-23 13:49:33,25.81,7800,25.82,D
sz300747,锐科激光,2025-09-23 13:49:45,25.8,51300,25.82,D
sz300747,锐科激光,2025-09-23 13:50:00,25.81,56500,25.81,U
sz300747,锐科激光,2025-09-23 13:50:03,25.8,15100,25.81,D
sz300747,锐科激光,2025-09-23 13:50:51,25.8,22400,25.83,D
sz300747,锐科激光,2025-09-23 13:50:54,25.79,22200,25.8,D
sz300747,锐科激光,2025-09-23 13:51:24,25.8,12300,25.8,D
sz300747,锐科激光,2025-09-23 13:51:48,25.81,34600,25.8,U
sz300747,锐科激光,2025-09-23 13:51:51,25.8,13000,25.81,D
sz300747,锐科激光,2025-09-23 13:51:57,25.8,11000,25.8,D
sz300747,锐科激光,2025-09-23 13:52:15,25.8,9100,25.81,D
sz300747,锐科激光,2025-09-23 13:52:39,25.81,13600,25.8,U
sz300747,锐科激光,2025-09-23 13:53:06,25.82,8500,25.8,U
sz300747,锐科激光,2025-09-23 13:54:24,25.86,11000,25.85,U
sz300747,锐科激光,2025-09-23 13:55:03,25.85,17800,25.87,D
sz300747,锐科激光,2025-09-23 13:57:09,25.83,19100,25.84,D
sz300747,锐科激光,2025-09-23 13:57:45,25.85,10100,25.83,U
sz300747,锐科激光,2025-09-23 13:59:42,25.9,26400,25.88,U
sz300747,锐科激光,2025-09-23 13:59:45,25.84,13900,25.9,D
sz300747,锐科激光,2025-09-23 14:01:03,25.87,10700,25.89,D
sz300747,锐科激光,2025-09-23 14:01:30,25.85,16600,25.85,U
sz300747,锐科激光,2025-09-23 14:01:57,25.85,15600,25.85,U
sz300747,锐科激光,2025-09-23 14:02:06,25.82,8500,25.83,D
sz300747,锐科激光,2025-09-23 14:02:21,25.8,35400,25.82,D
sz300747,锐科激光,2025-09-23 14:02:24,25.8,10200,25.8,U
sz300747,锐科激光,2025-09-23 14:03:03,25.78,8300,25.79,D
sz300747,锐科激光,2025-09-23 14:03:06,25.77,15600,25.78,D
sz300747,锐科激光,2025-09-23 14:03:21,25.76,10100,25.77,D
sz300747,锐科激光,2025-09-23 14:03:24,25.76,9400,25.76,D
sz300747,锐科激光,2025-09-23 14:04:03,25.75,14200,25.76,D
sz300747,锐科激光,2025-09-23 14:04:06,25.74,11200,25.75,D
sz300747,锐科激光,2025-09-23 14:04:36,25.73,34500,25.72,U
sz300747,锐科激光,2025-09-23 14:04:39,25.73,8900,25.73,U
sz300747,锐科激光,2025-09-23 14:04:42,25.7,38100,25.73,D
sz300747,锐科激光,2025-09-23 14:04:48,25.69,11500,25.73,D
sz300747,锐科激光,2025-09-23 14:05:45,25.7,12000,25.71,D
sz300747,锐科激光,2025-09-23 14:06:27,25.71,12100,25.71,U
sz300747,锐科激光,2025-09-23 14:06:42,25.68,19700,25.69,D
sz300747,锐科激光,2025-09-23 14:07:24,25.67,17100,25.67,U
sz300747,锐科激光,2025-09-23 14:07:27,25.66,19700,25.67,D
sz300747,锐科激光,2025-09-23 14:07:30,25.66,22000,25.66,D
sz300747,锐科激光,2025-09-23 14:07:48,25.65,17800,25.67,D
sz300747,锐科激光,2025-09-23 14:07:54,25.67,20800,25.68,E
sz300747,锐科激光,2025-09-23 14:07:57,25.66,14300,25.67,D
sz300747,锐科激光,2025-09-23 14:08:18,25.64,20600,25.65,D
sz300747,锐科激光,2025-09-23 14:08:24,25.64,24100,25.64,U
sz300747,锐科激光,2025-09-23 14:08:27,25.63,11200,25.64,D
sz300747,锐科激光,2025-09-23 14:08:39,25.63,25600,25.61,U
sz300747,锐科激光,2025-09-23 14:08:54,25.61,13000,25.61,D
sz300747,锐科激光,2025-09-23 14:08:57,25.61,13100,25.61,U
sz300747,锐科激光,2025-09-23 14:09:09,25.6,16000,25.6,D
sz300747,锐科激光,2025-09-23 14:09:15,25.61,18694,25.6,U
sz300747,锐科激光,2025-09-23 14:09:18,25.59,15600,25.61,D
sz300747,锐科激光,2025-09-23 14:09:21,25.59,11000,25.59,U
sz300747,锐科激光,2025-09-23 14:09:39,25.59,33600,25.6,D
sz300747,锐科激光,2025-09-23 14:09:51,25.58,20400,25.6,D
sz300747,锐科激光,2025-09-23 14:09:57,25.6,12000,25.6,U
sz300747,锐科激光,2025-09-23 14:10:03,25.59,30400,25.6,D
sz300747,锐科激光,2025-09-23 14:10:06,25.6,45300,25.59,D
sz300747,锐科激光,2025-09-23 14:10:12,25.63,17900,25.63,U
sz300747,锐科激光,2025-09-23 14:10:18,25.63,10500,25.63,U
sz300747,锐科激光,2025-09-23 14:10:21,25.62,21900,25.63,D
sz300747,锐科激光,2025-09-23 14:10:27,25.6,12200,25.62,D
sz300747,锐科激光,2025-09-23 14:10:33,25.6,10300,25.61,D
sz300747,锐科激光,2025-09-23 14:10:36,25.6,28900,25.6,U
sz300747,锐科激光,2025-09-23 14:10:54,25.6,17700,25.6,U
sz300747,锐科激光,2025-09-23 14:11:03,25.6,12400,25.6,U
sz300747,锐科激光,2025-09-23 14:11:12,25.58,8900,25.6,D
sz300747,锐科激光,2025-09-23 14:11:27,25.59,12800,25.58,D
sz300747,锐科激光,2025-09-23 14:11:33,25.57,14300,25.58,D
sz300747,锐科激光,2025-09-23 14:11:45,25.56,48900,25.57,D
sz300747,锐科激光,2025-09-23 14:11:48,25.56,13200,25.56,U
sz300747,锐科激光,2025-09-23 14:11:51,25.54,13000,25.56,D
sz300747,锐科激光,2025-09-23 14:11:57,25.55,10500,25.54,U
sz300747,锐科激光,2025-09-23 14:12:00,25.55,21100,25.55,U
sz300747,锐科激光,2025-09-23 14:12:03,25.54,11000,25.55,D
sz300747,锐科激光,2025-09-23 14:12:18,25.56,13100,25.55,U
sz300747,锐科激光,2025-09-23 14:12:24,25.56,11000,25.56,D
sz300747,锐科激光,2025-09-23 14:12:27,25.6,26800,25.56,U
sz300747,锐科激光,2025-09-23 14:12:33,25.61,17300,25.61,U
sz300747,锐科激光,2025-09-23 14:12:51,25.63,19900,25.63,U
sz300747,锐科激光,2025-09-23 14:12:54,25.64,28100,25.63,U
sz300747,锐科激光,2025-09-23 14:13:00,25.62,52800,25.64,D
sz300747,锐科激光,2025-09-23 14:13:06,25.61,10700,25.64,D
sz300747,锐科激光,2025-09-23 14:13:33,25.63,11800,25.63,U
sz300747,锐科激光,2025-09-23 14:13:39,25.59,11100,25.61,D
sz300747,锐科激光,2025-09-23 14:14:12,25.6,12400,25.61,D
sz300747,锐科激光,2025-09-23 14:14:21,25.58,8400,25.58,D
sz300747,锐科激光,2025-09-23 14:14:36,25.57,26800,25.6,D
sz300747,锐科激光,2025-09-23 14:15:03,25.63,39300,25.58,U
sz300747,锐科激光,2025-09-23 14:15:06,25.6,24000,25.63,D
sz300747,锐科激光,2025-09-23 14:15:09,25.64,15800,25.6,U
sz300747,锐科激光,2025-09-23 14:15:12,25.65,29000,25.64,U
sz300747,锐科激光,2025-09-23 14:15:21,25.67,9300,25.67,U
sz300747,锐科激光,2025-09-23 14:15:45,25.66,8200,25.67,D
sz300747,锐科激光,2025-09-23 14:16:09,25.63,12000,25.65,D
sz300747,锐科激光,2025-09-23 14:16:24,25.65,19500,25.64,U
sz300747,锐科激光,2025-09-23 14:17:18,25.7,15800,25.69,U
sz300747,锐科激光,2025-09-23 14:18:12,25.77,19000,25.77,D
sz300747,锐科激光,2025-09-23 14:18:27,25.81,13600,25.8,U
sz300747,锐科激光,2025-09-23 14:18:33,25.8,8200,25.81,E
sz300747,锐科激光,2025-09-23 14:18:36,25.77,8200,25.8,D
sz300747,锐科激光,2025-09-23 14:18:51,25.78,9700,25.79,E
sz300747,锐科激光,2025-09-23 14:19:27,25.78,9900,25.77,U
sz300747,锐科激光,2025-09-23 14:19:45,25.8,9400,25.8,U
sz300747,锐科激光,2025-09-23 14:19:57,25.78,16300,25.8,D
sz300747,锐科激光,2025-09-23 14:20:00,25.77,12400,25.78,D
sz300747,锐科激光,2025-09-23 14:20:12,25.78,10300,25.77,U
sz300747,锐科激光,2025-09-23 14:20:30,25.77,8700,25.77,U
sz300747,锐科激光,2025-09-23 14:20:36,25.78,9100,25.77,U
sz300747,锐科激光,2025-09-23 14:20:48,25.81,8000,25.81,U
sz300747,锐科激光,2025-09-23 14:21:00,25.8,13600,25.81,D
sz300747,锐科激光,2025-09-23 14:21:09,25.78,8700,25.79,D
sz300747,锐科激光,2025-09-23 14:21:15,25.75,8500,25.77,D
sz300747,锐科激光,2025-09-23 14:21:18,25.75,11900,25.75,U
sz300747,锐科激光,2025-09-23 14:21:27,25.76,10800,25.76,D
sz300747,锐科激光,2025-09-23 14:21:48,25.8,7900,25.79,U
sz300747,锐科激光,2025-09-23 14:22:03,25.81,8800,25.82,D
sz300747,锐科激光,2025-09-23 14:22:18,25.79,10200,25.8,D
sz300747,锐科激光,2025-09-23 14:24:12,25.8,12900,25.81,D
sz300747,锐科激光,2025-09-23 14:24:27,25.79,13300,25.8,D
sz300747,锐科激光,2025-09-23 14:24:45,25.8,9600,25.8,U
sz300747,锐科激光,2025-09-23 14:25:18,25.86,30700,25.82,U
sz300747,锐科激光,2025-09-23 14:25:21,25.82,14700,25.86,D
sz300747,锐科激光,2025-09-23 14:25:42,25.82,23900,25.83,D
sz300747,锐科激光,2025-09-23 14:27:06,25.87,8100,25.87,D
sz300747,锐科激光,2025-09-23 14:28:06,25.94,8600,25.92,U
sz300747,锐科激光,2025-09-23 14:28:12,25.95,16100,25.94,U
sz300747,锐科激光,2025-09-23 14:28:30,25.99,37000,25.97,U
sz300747,锐科激光,2025-09-23 14:28:48,26.0,10500,26.02,D
sz300747,锐科激光,2025-09-23 14:28:51,26.02,10300,26.0,U
sz300747,锐科激光,2025-09-23 14:29:03,25.99,25300,26.0,D
sz300747,锐科激光,2025-09-23 14:29:18,25.99,15000,26.03,D
sz300747,锐科激光,2025-09-23 14:29:24,26.01,10500,26.01,U
sz300747,锐科激光,2025-09-23 14:29:39,26.03,10400,26.02,U
sz300747,锐科激光,2025-09-23 14:29:45,26.01,12900,26.01,D
sz300747,锐科激光,2025-09-23 14:30:51,26.07,52100,26.06,U
sz300747,锐科激光,2025-09-23 14:30:57,26.07,15800,26.06,U
sz300747,锐科激光,2025-09-23 14:31:00,26.06,51400,26.07,D
sz300747,锐科激光,2025-09-23 14:31:03,26.0,52500,26.06,D
sz300747,锐科激光,2025-09-23 14:31:36,26.07,60500,26.1,D
sz300747,锐科激光,2025-09-23 14:32:06,26.0,10000,26.02,D
sz300747,锐科激光,2025-09-23 14:32:33,25.93,9700,25.97,D
sz300747,锐科激光,2025-09-23 14:32:42,25.97,51200,25.93,E
sz300747,锐科激光,2025-09-23 14:33:00,26.02,10800,26.01,U
sz300747,锐科激光,2025-09-23 14:33:03,25.94,13000,26.02,D
sz300747,锐科激光,2025-09-23 14:33:18,25.94,7900,26.02,D
sz300747,锐科激光,2025-09-23 14:33:39,25.99,8000,25.97,U
sz300747,锐科激光,2025-09-23 14:33:48,25.97,10500,25.95,U
sz300747,锐科激光,2025-09-23 14:34:45,26.07,10600,26.06,U
sz300747,锐科激光,2025-09-23 14:34:54,26.02,11800,26.07,D
sz300747,锐科激光,2025-09-23 14:35:15,26.1,13300,26.08,U
sz300747,锐科激光,2025-09-23 14:36:27,26.08,10100,26.09,D
sz300747,锐科激光,2025-09-23 14:36:48,26.06,14400,26.07,D
sz300747,锐科激光,2025-09-23 14:36:54,26.01,20600,26.05,D
sz300747,锐科激光,2025-09-23 14:37:09,26.02,12100,26.03,E
sz300747,锐科激光,2025-09-23 14:38:00,26.03,8400,26.03,U
sz300747,锐科激光,2025-09-23 14:38:21,26.02,10800,26.02,U
sz300747,锐科激光,2025-09-23 14:39:00,25.98,15200,25.96,U
sz300747,锐科激光,2025-09-23 14:39:42,25.99,13400,25.99,U
sz300747,锐科激光,2025-09-23 14:39:45,25.97,8400,25.99,D
sz300747,锐科激光,2025-09-23 14:39:48,25.98,8300,25.97,D
sz300747,锐科激光,2025-09-23 14:39:54,26.0,9600,25.98,U
sz300747,锐科激光,2025-09-23 14:40:09,26.05,16000,26.01,U
sz300747,锐科激光,2025-09-23 14:40:27,26.03,12900,26.04,D
sz300747,锐科激光,2025-09-23 14:41:00,26.05,21500,26.04,U
sz300747,锐科激光,2025-09-23 14:41:18,26.09,22000,26.08,U
sz300747,锐科激光,2025-09-23 14:41:24,26.08,17900,26.09,D
sz300747,锐科激光,2025-09-23 14:41:36,26.06,7900,26.09,D
sz300747,锐科激光,2025-09-23 14:41:42,26.06,7700,26.06,U
sz300747,锐科激光,2025-09-23 14:42:00,26.07,8300,26.08,E
sz300747,锐科激光,2025-09-23 14:42:21,26.09,9500,26.08,U
sz300747,锐科激光,2025-09-23 14:42:24,26.1,28900,26.09,U
sz300747,锐科激光,2025-09-23 14:42:30,26.07,13600,26.09,D
sz300747,锐科激光,2025-09-23 14:42:36,26.07,9000,26.07,D
sz300747,锐科激光,2025-09-23 14:42:39,26.07,11600,26.07,D
sz300747,锐科激光,2025-09-23 14:42:57,26.08,53300,26.08,U
sz300747,锐科激光,2025-09-23 14:43:09,26.06,59500,26.05,U
sz300747,锐科激光,2025-09-23 14:43:51,26.07,12700,26.05,U
sz300747,锐科激光,2025-09-23 14:44:06,26.08,9900,26.07,U
sz300747,锐科激光,2025-09-23 14:44:12,26.08,15300,26.09,D
sz300747,锐科激光,2025-09-23 14:44:21,26.1,9400,26.1,U
sz300747,锐科激光,2025-09-23 14:44:48,26.13,17900,26.12,U
sz300747,锐科激光,2025-09-23 14:45:00,26.14,10000,26.13,U
sz300747,锐科激光,2025-09-23 14:45:03,26.15,17800,26.14,U
sz300747,锐科激光,2025-09-23 14:45:06,26.14,10800,26.15,D
sz300747,锐科激光,2025-09-23 14:45:42,26.18,11600,26.16,U
sz300747,锐科激光,2025-09-23 14:45:48,26.16,14600,26.18,D
sz300747,锐科激光,2025-09-23 14:45:51,26.2,22800,26.16,U
sz300747,锐科激光,2025-09-23 14:46:12,26.23,60500,26.24,E
sz300747,锐科激光,2025-09-23 14:46:21,26.15,80100,26.23,D
sz300747,锐科激光,2025-09-23 14:46:39,26.19,12200,26.2,D
sz300747,锐科激光,2025-09-23 14:46:45,26.16,63200,26.2,D
sz300747,锐科激光,2025-09-23 14:47:03,26.16,62600,26.22,D
sz300747,锐科激光,2025-09-23 14:47:30,26.17,19400,26.22,D
sz300747,锐科激光,2025-09-23 14:47:33,26.21,24600,26.17,U
sz300747,锐科激光,2025-09-23 14:48:03,26.2,14200,26.2,U
sz300747,锐科激光,2025-09-23 14:48:06,26.2,42800,26.2,U
sz300747,锐科激光,2025-09-23 14:48:18,26.2,57100,26.2,U
sz300747,锐科激光,2025-09-23 14:48:42,26.24,9500,26.24,U
sz300747,锐科激光,2025-09-23 14:48:54,26.25,8400,26.25,U
sz300747,锐科激光,2025-09-23 14:49:00,26.24,30780,26.25,D
sz300747,锐科激光,2025-09-23 14:49:27,26.26,71920,26.24,U
sz300747,锐科激光,2025-09-23 14:49:30,26.28,26600,26.26,U
sz300747,锐科激光,2025-09-23 14:49:54,26.29,8300,26.3,D
sz300747,锐科激光,2025-09-23 14:49:57,26.3,16300,26.29,U
sz300747,锐科激光,2025-09-23 14:50:00,26.29,13300,26.3,D
sz300747,锐科激光,2025-09-23 14:50:06,26.3,14200,26.28,U
sz300747,锐科激光,2025-09-23 14:50:21,26.33,37100,26.3,U
sz300747,锐科激光,2025-09-23 14:50:33,26.33,21700,26.34,D
sz300747,锐科激光,2025-09-23 14:51:03,26.34,29000,26.36,D
sz300747,锐科激光,2025-09-23 14:51:45,26.33,10400,26.33,U
sz300747,锐科激光,2025-09-23 14:51:51,26.35,7600,26.34,U
sz300747,锐科激光,2025-09-23 14:52:15,26.33,18700,26.35,D
sz300747,锐科激光,2025-09-23 14:52:21,26.34,23400,26.33,U
sz300747,锐科激光,2025-09-23 14:53:06,26.35,32500,26.34,U
sz300747,锐科激光,2025-09-23 14:53:18,26.33,10500,26.35,D
sz300747,锐科激光,2025-09-23 14:53:24,26.33,20300,26.33,D
sz300747,锐科激光,2025-09-23 14:54:21,26.35,11600,26.35,U
sz300747,锐科激光,2025-09-23 14:55:06,26.35,8200,26.35,U
sz300747,锐科激光,2025-09-23 14:55:18,26.34,11700,26.35,D
sz300747,锐科激光,2025-09-23 14:55:36,26.33,16400,26.34,D
sz300747,锐科激光,2025-09-23 14:56:03,26.33,10700,26.33,U
sz300747,锐科激光,2025-09-23 14:56:33,26.33,20200,26.33,U
sz300747,锐科激光,2025-09-23 14:56:36,26.35,13200,26.33,U
sz300747,锐科激光,2025-09-23 14:56:45,26.34,15100,26.35,D
sz300747,锐科激光,2025-09-23 15:00:00,26.34,99100,26.34,U
