symbol,name,ticktime,price,volume,prev_price,kind
sz300747,锐科激光,2025-10-09 09:25:00,26.77,67275,0.0,D
sz300747,锐科激光,2025-10-09 09:30:00,26.8,41300,26.77,U
sz300747,锐科激光,2025-10-09 09:30:03,26.85,37700,26.8,U
sz300747,锐科激光,2025-10-09 09:30:06,26.78,14300,26.85,D
sz300747,锐科激光,2025-10-09 09:30:09,26.78,33500,26.78,D
sz300747,锐科激光,2025-10-09 09:30:12,26.74,57225,26.78,D
sz300747,锐科激光,2025-10-09 09:30:15,26.72,11700,26.74,D
sz300747,锐科激光,2025-10-09 09:30:27,26.66,8300,26.66,U
sz300747,锐科激光,2025-10-09 09:30:30,26.63,8500,26.66,E
sz300747,锐科激光,2025-10-09 09:30:33,26.65,14400,26.63,U
sz300747,锐科激光,2025-10-09 09:30:36,26.68,10600,26.65,U
sz300747,锐科激光,2025-10-09 09:30:39,26.73,15700,26.68,U
sz300747,锐科激光,2025-10-09 09:30:42,26.72,7700,26.73,D
sz300747,锐科激光,2025-10-09 09:31:06,26.63,12200,26.64,D
sz300747,锐科激光,2025-10-09 09:31:15,26.67,61300,26.64,U
sz300747,锐科激光,2025-10-09 09:31:21,26.65,8600,26.67,D
sz300747,锐科激光,2025-10-09 09:31:39,26.7,8600,26.71,D
sz300747,锐科激光,2025-10-09 09:31:42,26.69,8000,26.7,D
sz300747,锐科激光,2025-10-09 09:31:48,26.68,8200,26.68,D
sz300747,锐科激光,2025-10-09 09:32:18,26.65,10700,26.66,D
sz300747,锐科激光,2025-10-09 09:32:27,26.65,8900,26.65,D
sz300747,锐科激光,2025-10-09 09:32:51,26.67,20300,26.65,U
sz300747,锐科激光,2025-10-09 09:32:54,26.67,9700,26.67,U
sz300747,锐科激光,2025-10-09 09:33:12,26.67,18100,26.65,U
sz300747,锐科激光,2025-10-09 09:33:15,26.71,10600,26.67,U
sz300747,锐科激光,2025-10-09 09:33:18,26.75,15400,26.71,U
sz300747,锐科激光,2025-10-09 09:33:45,26.68,21200,26.69,D
sz300747,锐科激光,2025-10-09 09:33:54,26.75,37000,26.72,U
sz300747,锐科激光,2025-10-09 09:33:57,26.77,15900,26.75,U
sz300747,锐科激光,2025-10-09 09:34:00,26.8,29700,26.77,U
sz300747,锐科激光,2025-10-09 09:34:33,26.79,27400,26.78,U
sz300747,锐科激光,2025-10-09 09:34:39,26.82,46929,26.77,U
sz300747,锐科激光,2025-10-09 09:34:48,26.84,7900,26.85,D
sz300747,锐科激光,2025-10-09 09:35:00,26.89,18500,26.87,U
sz300747,锐科激光,2025-10-09 09:35:06,26.92,8100,26.92,U
sz300747,锐科激光,2025-10-09 09:35:12,26.92,11000,26.92,U
sz300747,锐科激光,2025-10-09 09:35:18,26.91,19500,26.88,E
sz300747,锐科激光,2025-10-09 09:35:24,26.91,16400,26.91,U
sz300747,锐科激光,2025-10-09 09:35:30,26.85,17700,26.88,D
sz300747,锐科激光,2025-10-09 09:35:45,26.86,9700,26.86,U
sz300747,锐科激光,2025-10-09 09:35:48,26.85,12400,26.86,E
sz300747,锐科激光,2025-10-09 09:36:06,26.83,28000,26.79,U
sz300747,锐科激光,2025-10-09 09:36:09,26.84,63400,26.83,E
sz300747,锐科激光,2025-10-09 09:36:15,26.85,19000,26.84,D
sz300747,锐科激光,2025-10-09 09:37:06,26.91,13100,26.89,U
sz300747,锐科激光,2025-10-09 09:37:12,26.9,8000,26.9,D
sz300747,锐科激光,2025-10-09 09:37:21,26.9,9400,26.9,U
sz300747,锐科激光,2025-10-09 09:37:33,26.9,19900,26.91,D
sz300747,锐科激光,2025-10-09 09:37:54,26.9,12500,26.9,D
sz300747,锐科激光,2025-10-09 09:37:57,26.92,9100,26.9,U
sz300747,锐科激光,2025-10-09 09:38:00,26.89,20200,26.92,D
sz300747,锐科激光,2025-10-09 09:38:03,26.89,10100,26.89,D
sz300747,锐科激光,2025-10-09 09:38:09,26.83,11200,26.9,D
sz300747,锐科激光,2025-10-09 09:38:30,26.88,19600,26.84,U
sz300747,锐科激光,2025-10-09 09:38:57,26.8,38000,26.85,D
sz300747,锐科激光,2025-10-09 09:39:00,26.81,18500,26.8,U
sz300747,锐科激光,2025-10-09 09:39:03,26.81,18300,26.81,U
sz300747,锐科激光,2025-10-09 09:39:18,26.81,9600,26.82,D
sz300747,锐科激光,2025-10-09 09:39:24,26.82,7900,26.82,E
sz300747,锐科激光,2025-10-09 09:39:27,26.79,10700,26.82,D
sz300747,锐科激光,2025-10-09 09:39:30,26.78,16600,26.79,D
sz300747,锐科激光,2025-10-09 09:39:45,26.78,8200,26.76,U
sz300747,锐科激光,2025-10-09 09:39:48,26.75,8200,26.78,D
sz300747,锐科激光,2025-10-09 09:39:54,26.75,12400,26.75,D
sz300747,锐科激光,2025-10-09 09:39:57,26.73,10300,26.75,D
sz300747,锐科激光,2025-10-09 09:40:00,26.75,33100,26.73,U
sz300747,锐科激光,2025-10-09 09:40:30,26.75,11100,26.76,D
sz300747,锐科激光,2025-10-09 09:40:45,26.78,8800,26.8,D
sz300747,锐科激光,2025-10-09 09:40:51,26.77,12700,26.78,D
sz300747,锐科激光,2025-10-09 09:41:39,26.82,8500,26.8,U
sz300747,锐科激光,2025-10-09 09:41:42,26.81,21600,26.82,U
sz300747,锐科激光,2025-10-09 09:41:45,26.8,15900,26.81,E
sz300747,锐科激光,2025-10-09 09:41:51,26.83,9400,26.82,U
sz300747,锐科激光,2025-10-09 09:42:09,26.85,10700,26.85,D
sz300747,锐科激光,2025-10-09 09:42:18,26.83,16100,26.84,D
sz300747,锐科激光,2025-10-09 09:43:18,26.74,27300,26.71,U
sz300747,锐科激光,2025-10-09 09:43:54,26.72,7500,26.72,D
sz300747,锐科激光,2025-10-09 09:44:00,26.72,10900,26.72,D
sz300747,锐科激光,2025-10-09 09:44:06,26.72,8900,26.74,D
sz300747,锐科激光,2025-10-09 09:44:21,26.74,10400,26.72,U
sz300747,锐科激光,2025-10-09 09:44:42,26.68,32900,26.72,D
sz300747,锐科激光,2025-10-09 09:44:45,26.68,10300,26.68,D
sz300747,锐科激光,2025-10-09 09:44:51,26.71,47200,26.69,U
sz300747,锐科激光,2025-10-09 09:45:03,26.71,24900,26.72,D
sz300747,锐科激光,2025-10-09 09:45:09,26.73,35600,26.71,U
sz300747,锐科激光,2025-10-09 09:45:18,26.74,10200,26.74,U
sz300747,锐科激光,2025-10-09 09:45:36,26.69,79100,26.71,D
sz300747,锐科激光,2025-10-09 09:46:03,26.62,22300,26.65,D
sz300747,锐科激光,2025-10-09 09:46:06,26.64,35000,26.62,U
sz300747,锐科激光,2025-10-09 09:46:12,26.64,16300,26.61,U
sz300747,锐科激光,2025-10-09 09:46:15,26.61,8400,26.64,D
sz300747,锐科激光,2025-10-09 09:46:30,26.64,13700,26.62,U
sz300747,锐科激光,2025-10-09 09:46:33,26.61,20700,26.64,D
sz300747,锐科激光,2025-10-09 09:47:00,26.67,11900,26.63,U
sz300747,锐科激光,2025-10-09 09:47:36,26.66,7700,26.65,U
sz300747,锐科激光,2025-10-09 09:47:54,26.68,9100,26.67,U
sz300747,锐科激光,2025-10-09 09:48:21,26.65,23100,26.67,D
sz300747,锐科激光,2025-10-09 09:48:36,26.62,27000,26.63,D
sz300747,锐科激光,2025-10-09 09:48:39,26.64,26300,26.62,U
sz300747,锐科激光,2025-10-09 09:48:42,26.62,10900,26.64,D
sz300747,锐科激光,2025-10-09 09:48:45,26.65,9400,26.62,U
sz300747,锐科激光,2025-10-09 09:49:21,26.65,15600,26.64,U
sz300747,锐科激光,2025-10-09 09:50:21,26.67,9300,26.64,U
sz300747,锐科激光,2025-10-09 09:50:30,26.64,40200,26.65,D
sz300747,锐科激光,2025-10-09 09:51:09,26.61,15300,26.62,D
sz300747,锐科激光,2025-10-09 09:51:12,26.6,65400,26.61,D
sz300747,锐科激光,2025-10-09 09:51:18,26.58,31700,26.6,D
sz300747,锐科激光,2025-10-09 09:51:51,26.59,7700,26.57,U
sz300747,锐科激光,2025-10-09 09:51:57,26.58,8800,26.57,E
sz300747,锐科激光,2025-10-09 09:52:33,26.55,16000,26.55,D
sz300747,锐科激光,2025-10-09 09:52:36,26.56,30900,26.55,U
sz300747,锐科激光,2025-10-09 09:53:48,26.57,15900,26.57,D
sz300747,锐科激光,2025-10-09 09:54:03,26.6,10100,26.6,D
sz300747,锐科激光,2025-10-09 09:54:21,26.57,29200,26.57,D
sz300747,锐科激光,2025-10-09 09:55:03,26.56,14200,26.56,D
sz300747,锐科激光,2025-10-09 09:55:45,26.56,10200,26.58,D
sz300747,锐科激光,2025-10-09 09:57:18,26.6,9100,26.57,U
sz300747,锐科激光,2025-10-09 09:57:57,26.64,15700,26.62,U
sz300747,锐科激光,2025-10-09 09:58:00,26.64,11300,26.64,U
sz300747,锐科激光,2025-10-09 09:58:48,26.68,9600,26.64,U
sz300747,锐科激光,2025-10-09 09:59:09,26.7,11600,26.69,U
sz300747,锐科激光,2025-10-09 10:00:00,26.72,7700,26.72,D
sz300747,锐科激光,2025-10-09 10:00:27,26.73,13600,26.72,U
sz300747,锐科激光,2025-10-09 10:00:39,26.73,27800,26.73,D
sz300747,锐科激光,2025-10-09 10:00:54,26.68,28500,26.7,D
sz300747,锐科激光,2025-10-09 10:01:09,26.68,12300,26.7,D
sz300747,锐科激光,2025-10-09 10:01:54,26.72,9500,26.72,D
sz300747,锐科激光,2025-10-09 10:02:45,26.75,13200,26.75,D
sz300747,锐科激光,2025-10-09 10:03:00,26.76,7800,26.77,D
sz300747,锐科激光,2025-10-09 10:03:06,26.8,22800,26.77,U
sz300747,锐科激光,2025-10-09 10:03:30,26.77,15100,26.76,U
sz300747,锐科激光,2025-10-09 10:03:45,26.73,9100,26.75,D
sz300747,锐科激光,2025-10-09 10:03:51,26.74,7600,26.73,U
sz300747,锐科激光,2025-10-09 10:04:48,26.72,10000,26.74,D
sz300747,锐科激光,2025-10-09 10:06:12,26.76,8600,26.76,D
sz300747,锐科激光,2025-10-09 10:09:57,26.76,7500,26.76,D
sz300747,锐科激光,2025-10-09 10:10:24,26.8,10800,26.78,U
sz300747,锐科激光,2025-10-09 10:10:36,26.8,14200,26.79,U
sz300747,锐科激光,2025-10-09 10:10:45,26.81,23600,26.8,U
sz300747,锐科激光,2025-10-09 10:11:12,26.83,11000,26.82,U
sz300747,锐科激光,2025-10-09 10:12:09,26.84,7800,26.84,U
sz300747,锐科激光,2025-10-09 10:12:12,26.85,9100,26.84,U
sz300747,锐科激光,2025-10-09 10:12:45,26.87,25300,26.84,U
sz300747,锐科激光,2025-10-09 10:13:12,26.87,10700,26.87,D
sz300747,锐科激光,2025-10-09 10:13:15,26.88,13800,26.87,U
sz300747,锐科激光,2025-10-09 10:13:39,26.89,11700,26.9,D
sz300747,锐科激光,2025-10-09 10:13:48,26.88,8000,26.89,D
sz300747,锐科激光,2025-10-09 10:14:15,26.88,9600,26.88,D
sz300747,锐科激光,2025-10-09 10:15:27,26.87,8600,26.86,U
sz300747,锐科激光,2025-10-09 10:18:15,26.84,10600,26.86,D
sz300747,锐科激光,2025-10-09 10:19:06,26.83,10700,26.82,U
sz300747,锐科激光,2025-10-09 10:19:42,26.84,16300,26.85,D
sz300747,锐科激光,2025-10-09 10:21:15,26.84,41300,26.81,U
sz300747,锐科激光,2025-10-09 10:21:27,26.8,10000,26.83,D
sz300747,锐科激光,2025-10-09 10:23:03,26.86,53200,26.81,U
sz300747,锐科激光,2025-10-09 10:23:09,26.86,12700,26.86,U
sz300747,锐科激光,2025-10-09 10:24:09,26.92,74500,26.86,U
sz300747,锐科激光,2025-10-09 10:24:12,26.92,14600,26.92,U
sz300747,锐科激光,2025-10-09 10:24:15,26.92,9000,26.92,U
sz300747,锐科激光,2025-10-09 10:25:00,26.92,10100,26.92,U
sz300747,锐科激光,2025-10-09 10:25:03,26.94,12500,26.92,U
sz300747,锐科激光,2025-10-09 10:25:06,26.94,11600,26.94,U
sz300747,锐科激光,2025-10-09 10:25:09,26.95,29400,26.94,U
sz300747,锐科激光,2025-10-09 10:25:21,26.98,20600,26.96,U
sz300747,锐科激光,2025-10-09 10:25:33,26.95,28600,26.97,D
sz300747,锐科激光,2025-10-09 10:25:39,26.96,9200,26.95,U
sz300747,锐科激光,2025-10-09 10:25:57,26.93,11500,26.95,D
sz300747,锐科激光,2025-10-09 10:26:09,26.94,11700,26.96,D
sz300747,锐科激光,2025-10-09 10:27:45,26.92,10000,26.93,D
sz300747,锐科激光,2025-10-09 10:28:00,26.92,23000,26.93,D
sz300747,锐科激光,2025-10-09 10:29:00,26.93,11900,26.93,U
sz300747,锐科激光,2025-10-09 10:29:06,26.92,7800,26.93,D
sz300747,锐科激光,2025-10-09 10:30:00,26.94,30600,26.93,U
sz300747,锐科激光,2025-10-09 10:30:33,26.96,8000,26.96,U
sz300747,锐科激光,2025-10-09 10:30:57,26.97,7900,26.96,U
sz300747,锐科激光,2025-10-09 10:31:48,26.95,8100,26.93,U
sz300747,锐科激光,2025-10-09 10:33:45,26.92,10600,26.92,U
sz300747,锐科激光,2025-10-09 10:34:03,26.94,24800,26.92,U
sz300747,锐科激光,2025-10-09 10:34:21,26.96,19700,26.95,U
sz300747,锐科激光,2025-10-09 10:34:36,26.97,9600,26.97,U
sz300747,锐科激光,2025-10-09 10:34:42,26.98,10800,26.98,U
sz300747,锐科激光,2025-10-09 10:35:03,26.98,9600,26.98,U
sz300747,锐科激光,2025-10-09 10:35:06,26.97,13500,26.98,D
sz300747,锐科激光,2025-10-09 10:36:33,26.98,9700,26.98,U
sz300747,锐科激光,2025-10-09 10:37:00,26.98,10400,26.99,D
sz300747,锐科激光,2025-10-09 10:37:33,26.99,10500,26.98,U
sz300747,锐科激光,2025-10-09 10:37:42,26.97,7500,26.98,D
sz300747,锐科激光,2025-10-09 10:38:30,26.99,11200,26.99,U
sz300747,锐科激光,2025-10-09 10:38:54,26.98,10300,26.98,D
sz300747,锐科激光,2025-10-09 10:39:00,26.98,20000,26.97,U
sz300747,锐科激光,2025-10-09 10:39:03,26.98,16800,26.98,U
sz300747,锐科激光,2025-10-09 10:39:06,26.99,11000,26.98,U
sz300747,锐科激光,2025-10-09 10:39:09,27.0,10700,26.99,U
sz300747,锐科激光,2025-10-09 10:39:24,26.99,9000,27.0,D
sz300747,锐科激光,2025-10-09 10:41:24,26.97,11800,26.96,U
sz300747,锐科激光,2025-10-09 10:41:48,26.97,28100,26.96,U
sz300747,锐科激光,2025-10-09 10:43:33,26.98,12100,26.97,U
sz300747,锐科激光,2025-10-09 10:43:36,26.99,15400,26.98,U
sz300747,锐科激光,2025-10-09 10:44:06,26.98,17400,26.99,D
sz300747,锐科激光,2025-10-09 10:45:12,26.98,113400,26.94,U
sz300747,锐科激光,2025-10-09 10:47:00,26.97,9100,26.96,U
sz300747,锐科激光,2025-10-09 10:47:39,26.97,8300,26.97,U
sz300747,锐科激光,2025-10-09 10:48:06,26.98,33600,26.97,U
sz300747,锐科激光,2025-10-09 10:48:42,26.97,10700,26.98,D
sz300747,锐科激光,2025-10-09 10:49:18,26.99,36100,26.99,U
sz300747,锐科激光,2025-10-09 10:49:51,27.0,14100,26.99,U
sz300747,锐科激光,2025-10-09 10:49:54,27.0,11500,27.0,U
sz300747,锐科激光,2025-10-09 10:50:36,27.0,12555,27.0,U
sz300747,锐科激光,2025-10-09 10:51:00,27.0,16028,27.0,U
sz300747,锐科激光,2025-10-09 10:51:06,26.99,38645,27.0,D
sz300747,锐科激光,2025-10-09 10:51:12,26.98,13500,26.98,D
sz300747,锐科激光,2025-10-09 10:51:45,26.96,37100,26.99,D
sz300747,锐科激光,2025-10-09 10:52:09,26.96,17800,26.96,U
sz300747,锐科激光,2025-10-09 10:53:15,26.96,10500,26.96,D
sz300747,锐科激光,2025-10-09 10:54:15,26.93,14200,26.95,D
sz300747,锐科激光,2025-10-09 10:55:06,26.89,59300,26.9,D
sz300747,锐科激光,2025-10-09 10:55:27,26.9,7500,26.88,U
sz300747,锐科激光,2025-10-09 10:55:42,26.9,8200,26.89,U
sz300747,锐科激光,2025-10-09 10:56:06,26.89,14000,26.9,D
sz300747,锐科激光,2025-10-09 10:56:12,26.89,28900,26.9,D
sz300747,锐科激光,2025-10-09 10:56:24,26.91,10000,26.91,U
sz300747,锐科激光,2025-10-09 10:56:36,26.89,16200,26.91,D
sz300747,锐科激光,2025-10-09 10:56:54,26.88,23100,26.89,D
sz300747,锐科激光,2025-10-09 10:57:00,26.89,8000,26.87,U
sz300747,锐科激光,2025-10-09 10:58:27,26.9,12000,26.9,D
sz300747,锐科激光,2025-10-09 10:59:21,26.89,16100,26.89,D
sz300747,锐科激光,2025-10-09 10:59:51,26.89,14000,26.89,D
sz300747,锐科激光,2025-10-09 11:00:09,26.93,17600,26.91,U
sz300747,锐科激光,2025-10-09 11:01:06,26.94,11100,26.94,U
sz300747,锐科激光,2025-10-09 11:01:09,26.97,107600,26.94,U
sz300747,锐科激光,2025-10-09 11:01:54,26.99,9000,26.97,U
sz300747,锐科激光,2025-10-09 11:02:00,27.04,51200,26.98,U
sz300747,锐科激光,2025-10-09 11:02:48,27.04,10000,27.04,U
sz300747,锐科激光,2025-10-09 11:02:54,27.04,13000,27.04,U
sz300747,锐科激光,2025-10-09 11:03:06,27.03,8300,27.03,U
sz300747,锐科激光,2025-10-09 11:03:42,27.04,13800,27.02,U
sz300747,锐科激光,2025-10-09 11:03:45,27.04,7600,27.04,U
sz300747,锐科激光,2025-10-09 11:04:03,27.05,8100,27.05,U
sz300747,锐科激光,2025-10-09 11:04:42,27.03,25400,27.05,D
sz300747,锐科激光,2025-10-09 11:04:51,27.03,10700,27.03,D
sz300747,锐科激光,2025-10-09 11:06:06,27.05,8100,27.05,U
sz300747,锐科激光,2025-10-09 11:06:42,27.05,9100,27.04,U
sz300747,锐科激光,2025-10-09 11:06:48,27.04,19500,27.04,D
sz300747,锐科激光,2025-10-09 11:06:51,27.02,18100,27.04,D
sz300747,锐科激光,2025-10-09 11:07:03,27.0,28200,27.02,D
sz300747,锐科激光,2025-10-09 11:07:06,27.0,19700,27.0,D
sz300747,锐科激光,2025-10-09 11:09:03,27.01,10700,27.02,D
sz300747,锐科激光,2025-10-09 11:09:12,27.03,12800,27.02,U
sz300747,锐科激光,2025-10-09 11:09:27,27.03,7500,27.04,D
sz300747,锐科激光,2025-10-09 11:09:51,27.04,8200,27.03,U
sz300747,锐科激光,2025-10-09 11:10:03,27.04,10300,27.04,D
sz300747,锐科激光,2025-10-09 11:11:15,27.03,24400,27.03,D
sz300747,锐科激光,2025-10-09 11:13:54,27.06,9700,27.06,U
sz300747,锐科激光,2025-10-09 11:14:15,27.05,21500,27.05,D
sz300747,锐科激光,2025-10-09 11:15:15,27.07,34900,27.05,U
sz300747,锐科激光,2025-10-09 11:15:18,27.08,10790,27.07,U
sz300747,锐科激光,2025-10-09 11:15:21,27.08,26600,27.08,U
sz300747,锐科激光,2025-10-09 11:17:18,27.07,9600,27.07,D
sz300747,锐科激光,2025-10-09 11:17:21,27.07,8500,27.07,D
sz300747,锐科激光,2025-10-09 11:18:06,27.08,14900,27.08,U
sz300747,锐科激光,2025-10-09 11:18:09,27.08,15600,27.08,U
sz300747,锐科激光,2025-10-09 11:18:39,27.08,9300,27.09,D
sz300747,锐科激光,2025-10-09 11:19:30,27.09,23500,27.09,U
sz300747,锐科激光,2025-10-09 11:20:09,27.09,11200,27.1,D
sz300747,锐科激光,2025-10-09 11:20:15,27.06,59020,27.09,D
sz300747,锐科激光,2025-10-09 11:20:33,27.07,29800,27.06,U
sz300747,锐科激光,2025-10-09 11:21:03,27.07,8900,27.07,U
sz300747,锐科激光,2025-10-09 11:21:45,27.04,44800,27.06,D
sz300747,锐科激光,2025-10-09 11:21:48,27.06,30600,27.04,U
sz300747,锐科激光,2025-10-09 11:23:21,27.03,36800,27.04,D
sz300747,锐科激光,2025-10-09 11:23:24,27.02,40800,27.03,D
sz300747,锐科激光,2025-10-09 11:24:12,27.0,11700,27.0,U
sz300747,锐科激光,2025-10-09 11:25:18,27.0,13800,26.99,U
sz300747,锐科激光,2025-10-09 11:26:21,26.97,23300,26.98,D
sz300747,锐科激光,2025-10-09 11:29:42,27.01,10000,27.0,U
sz300747,锐科激光,2025-10-09 13:00:00,27.02,17600,27.01,U
sz300747,锐科激光,2025-10-09 13:00:03,27.0,21900,27.02,D
sz300747,锐科激光,2025-10-09 13:00:09,26.98,34700,27.01,D
sz300747,锐科激光,2025-10-09 13:00:12,26.95,47700,26.98,D
sz300747,锐科激光,2025-10-09 13:00:45,26.95,7700,26.96,D
sz300747,锐科激光,2025-10-09 13:01:00,26.94,13100,26.94,D
sz300747,锐科激光,2025-10-09 13:01:09,26.96,10100,26.92,U
sz300747,锐科激光,2025-10-09 13:01:36,26.95,15300,26.95,D
sz300747,锐科激光,2025-10-09 13:03:15,26.92,7900,26.93,D
sz300747,锐科激光,2025-10-09 13:04:15,26.9,13400,26.92,D
sz300747,锐科激光,2025-10-09 13:04:39,26.9,10100,26.91,D
sz300747,锐科激光,2025-10-09 13:05:48,26.91,12200,26.93,D
sz300747,锐科激光,2025-10-09 13:05:57,26.94,12800,26.91,U
sz300747,锐科激光,2025-10-09 13:06:03,26.94,18600,26.94,D
sz300747,锐科激光,2025-10-09 13:06:36,26.92,28100,26.93,D
sz300747,锐科激光,2025-10-09 13:08:12,26.94,11800,26.92,U
sz300747,锐科激光,2025-10-09 13:08:21,26.96,10500,26.94,U
sz300747,锐科激光,2025-10-09 13:09:12,26.95,14600,26.97,D
sz300747,锐科激光,2025-10-09 13:09:27,26.96,20500,26.95,U
sz300747,锐科激光,2025-10-09 13:10:30,26.94,7500,26.93,U
sz300747,锐科激光,2025-10-09 13:10:33,26.93,7900,26.94,D
sz300747,锐科激光,2025-10-09 13:10:48,26.91,28300,26.91,D
sz300747,锐科激光,2025-10-09 13:11:03,26.91,10500,26.91,U
sz300747,锐科激光,2025-10-09 13:11:24,26.9,8700,26.9,D
sz300747,锐科激光,2025-10-09 13:12:57,26.89,13600,26.88,U
sz300747,锐科激光,2025-10-09 13:13:09,26.89,11100,26.88,U
sz300747,锐科激光,2025-10-09 13:13:12,26.91,32800,26.89,U
sz300747,锐科激光,2025-10-09 13:15:15,26.92,9100,26.92,D
sz300747,锐科激光,2025-10-09 13:16:21,26.9,33400,26.9,D
sz300747,锐科激光,2025-10-09 13:16:27,26.89,9100,26.9,D
sz300747,锐科激光,2025-10-09 13:16:30,26.89,12100,26.89,D
sz300747,锐科激光,2025-10-09 13:17:15,26.86,16300,26.87,D
sz300747,锐科激光,2025-10-09 13:17:33,26.85,8600,26.85,D
sz300747,锐科激光,2025-10-09 13:18:18,26.87,10900,26.86,U
sz300747,锐科激光,2025-10-09 13:18:24,26.87,15400,26.87,U
sz300747,锐科激光,2025-10-09 13:19:03,26.85,30700,26.86,D
sz300747,锐科激光,2025-10-09 13:20:15,26.86,25850,26.85,U
sz300747,锐科激光,2025-10-09 13:22:12,26.89,28500,26.87,U
sz300747,锐科激光,2025-10-09 13:23:27,26.88,15400,26.89,D
sz300747,锐科激光,2025-10-09 13:23:45,26.87,11700,26.87,D
sz300747,锐科激光,2025-10-09 13:23:48,26.88,8200,26.87,U
sz300747,锐科激光,2025-10-09 13:24:48,26.85,35100,26.86,D
sz300747,锐科激光,2025-10-09 13:26:00,26.88,9700,26.87,U
sz300747,锐科激光,2025-10-09 13:29:57,26.91,8700,26.92,D
sz300747,锐科激光,2025-10-09 13:31:18,26.92,13400,26.92,D
sz300747,锐科激光,2025-10-09 13:31:48,26.9,57050,26.91,D
sz300747,锐科激光,2025-10-09 13:33:15,26.9,10400,26.9,D
sz300747,锐科激光,2025-10-09 13:33:39,26.93,7500,26.92,U
sz300747,锐科激光,2025-10-09 13:34:15,26.95,11200,26.93,U
sz300747,锐科激光,2025-10-09 13:35:03,26.93,8500,26.94,D
sz300747,锐科激光,2025-10-09 13:35:24,26.98,26000,26.95,U
sz300747,锐科激光,2025-10-09 13:35:36,27.04,91100,26.99,U
sz300747,锐科激光,2025-10-09 13:44:30,26.9,7800,26.89,U
sz300747,锐科激光,2025-10-09 13:45:00,26.9,12600,26.9,U
sz300747,锐科激光,2025-10-09 13:45:09,26.87,10500,26.88,D
sz300747,锐科激光,2025-10-09 13:46:54,26.86,20900,26.86,D
sz300747,锐科激光,2025-10-09 13:47:39,26.85,30400,26.85,D
sz300747,锐科激光,2025-10-09 13:48:00,26.85,12200,26.84,U
sz300747,锐科激光,2025-10-09 13:48:03,26.85,10300,26.85,D
sz300747,锐科激光,2025-10-09 13:48:18,26.83,47827,26.85,D
sz300747,锐科激光,2025-10-09 13:48:36,26.83,9300,26.84,D
sz300747,锐科激光,2025-10-09 13:49:06,26.81,8200,26.82,D
sz300747,锐科激光,2025-10-09 13:49:24,26.81,53900,26.82,D
sz300747,锐科激光,2025-10-09 13:49:33,26.8,8400,26.81,D
sz300747,锐科激光,2025-10-09 13:49:45,26.81,7800,26.8,U
sz300747,锐科激光,2025-10-09 13:49:51,26.81,12100,26.81,D
sz300747,锐科激光,2025-10-09 13:54:00,26.85,8600,26.85,D
sz300747,锐科激光,2025-10-09 13:56:12,26.87,8100,26.86,U
sz300747,锐科激光,2025-10-09 13:56:18,26.86,100200,26.87,D
sz300747,锐科激光,2025-10-09 13:57:54,26.8,100000,26.86,D
sz300747,锐科激光,2025-10-09 14:01:00,26.83,8550,26.84,D
sz300747,锐科激光,2025-10-09 14:01:33,26.85,16000,26.84,U
sz300747,锐科激光,2025-10-09 14:04:00,26.86,10500,26.88,D
sz300747,锐科激光,2025-10-09 14:07:30,26.88,8200,26.88,D
sz300747,锐科激光,2025-10-09 14:08:24,26.87,8200,26.88,D
sz300747,锐科激光,2025-10-09 14:08:39,26.86,10700,26.87,D
sz300747,锐科激光,2025-10-09 14:08:42,26.86,9500,26.86,D
sz300747,锐科激光,2025-10-09 14:08:45,26.86,10100,26.86,D
sz300747,锐科激光,2025-10-09 14:08:57,26.88,22400,26.85,U
sz300747,锐科激光,2025-10-09 14:09:54,26.84,9200,26.84,D
sz300747,锐科激光,2025-10-09 14:09:57,26.84,7600,26.84,U
sz300747,锐科激光,2025-10-09 14:10:30,26.85,7500,26.85,D
sz300747,锐科激光,2025-10-09 14:14:18,26.84,9800,26.86,D
sz300747,锐科激光,2025-10-09 14:15:12,26.86,10000,26.86,D
sz300747,锐科激光,2025-10-09 14:18:33,26.87,10600,26.86,U
sz300747,锐科激光,2025-10-09 14:20:00,26.85,8100,26.86,D
sz300747,锐科激光,2025-10-09 14:21:00,26.83,33000,26.85,D
sz300747,锐科激光,2025-10-09 14:21:06,26.83,17800,26.83,D
sz300747,锐科激光,2025-10-09 14:21:36,26.82,23700,26.83,D
sz300747,锐科激光,2025-10-09 14:21:48,26.82,10200,26.83,D
sz300747,锐科激光,2025-10-09 14:23:33,26.81,33300,26.81,D
sz300747,锐科激光,2025-10-09 14:24:39,26.8,30500,26.81,D
sz300747,锐科激光,2025-10-09 14:24:51,26.83,15800,26.81,U
sz300747,锐科激光,2025-10-09 14:26:06,26.81,11000,26.82,D
sz300747,锐科激光,2025-10-09 14:26:24,26.8,35100,26.81,D
sz300747,锐科激光,2025-10-09 14:26:27,26.81,10400,26.8,U
sz300747,锐科激光,2025-10-09 14:26:30,26.8,9900,26.81,D
sz300747,锐科激光,2025-10-09 14:26:33,26.81,7800,26.8,U
sz300747,锐科激光,2025-10-09 14:26:39,26.79,57800,26.8,D
sz300747,锐科激光,2025-10-09 14:26:42,26.78,24700,26.79,D
sz300747,锐科激光,2025-10-09 14:27:06,26.77,9300,26.77,D
sz300747,锐科激光,2025-10-09 14:28:12,26.77,8700,26.77,U
sz300747,锐科激光,2025-10-09 14:29:21,26.76,58900,26.78,D
sz300747,锐科激光,2025-10-09 14:31:48,26.8,12300,26.8,U
sz300747,锐科激光,2025-10-09 14:32:03,26.81,26200,26.8,U
sz300747,锐科激光,2025-10-09 14:33:00,26.81,8000,26.8,U
sz300747,锐科激光,2025-10-09 14:33:42,26.82,15200,26.8,U
sz300747,锐科激光,2025-10-09 14:34:57,26.8,10300,26.79,U
sz300747,锐科激光,2025-10-09 14:38:09,26.82,10400,26.83,D
sz300747,锐科激光,2025-10-09 14:38:54,26.8,15900,26.8,D
sz300747,锐科激光,2025-10-09 14:40:00,26.78,22500,26.79,D
sz300747,锐科激光,2025-10-09 14:41:18,26.78,10400,26.78,D
sz300747,锐科激光,2025-10-09 14:41:27,26.78,9900,26.77,U
sz300747,锐科激光,2025-10-09 14:43:45,26.79,18300,26.78,U
sz300747,锐科激光,2025-10-09 14:44:00,26.77,16100,26.77,U
sz300747,锐科激光,2025-10-09 14:44:42,26.78,10000,26.77,U
sz300747,锐科激光,2025-10-09 14:45:03,26.77,9100,26.77,D
sz300747,锐科激光,2025-10-09 14:47:45,26.77,8200,26.77,D
sz300747,锐科激光,2025-10-09 14:48:00,26.77,7600,26.77,D
sz300747,锐科激光,2025-10-09 14:48:15,26.78,9400,26.77,U
sz300747,锐科激光,2025-10-09 14:48:51,26.76,13600,26.77,D
sz300747,锐科激光,2025-10-09 14:49:00,26.76,8200,26.76,D
sz300747,锐科激光,2025-10-09 14:49:06,26.76,8500,26.76,D
sz300747,锐科激光,2025-10-09 14:50:03,26.74,27000,26.76,D
sz300747,锐科激光,2025-10-09 14:50:09,26.74,10900,26.74,D
sz300747,锐科激光,2025-10-09 14:51:21,26.74,7700,26.73,U
sz300747,锐科激光,2025-10-09 14:52:24,26.74,19600,26.73,U
sz300747,锐科激光,2025-10-09 14:52:54,26.74,28100,26.74,D
sz300747,锐科激光,2025-10-09 14:52:57,26.73,9500,26.74,D
sz300747,锐科激光,2025-10-09 14:54:30,26.76,13400,26.76,U
sz300747,锐科激光,2025-10-09 14:55:03,26.75,24600,26.76,D
sz300747,锐科激光,2025-10-09 14:55:06,26.75,10200,26.75,D
sz300747,锐科激光,2025-10-09 14:55:27,26.75,15300,26.76,D
sz300747,锐科激光,2025-10-09 14:55:36,26.76,21600,26.75,U
sz300747,锐科激光,2025-10-09 14:55:39,26.77,11900,26.76,U
sz300747,锐科激光,2025-10-09 14:56:09,26.76,11400,26.76,D
sz300747,锐科激光,2025-10-09 14:56:12,26.77,25400,26.76,U
sz300747,锐科激光,2025-10-09 14:56:45,26.77,8000,26.77,U
sz300747,锐科激光,2025-10-09 15:00:00,26.76,130300,26.76,U
