symbol,name,ticktime,price,volume,prev_price,kind
sz300747,锐科激光,2025-10-24 09:25:00,25.3,63000,0.0,U
sz300747,锐科激光,2025-10-24 09:30:00,25.37,37700,25.3,U
sz300747,锐科激光,2025-10-24 09:30:03,25.41,52400,25.37,U
sz300747,锐科激光,2025-10-24 09:30:06,25.37,8700,25.41,D
sz300747,锐科激光,2025-10-24 09:30:09,25.36,15000,25.37,D
sz300747,锐科激光,2025-10-24 09:30:12,25.36,20700,25.36,U
sz300747,锐科激光,2025-10-24 09:30:24,25.36,37600,25.47,D
sz300747,锐科激光,2025-10-24 09:30:27,25.38,119100,25.36,U
sz300747,锐科激光,2025-10-24 09:30:30,25.47,21500,25.38,U
sz300747,锐科激光,2025-10-24 09:30:36,25.47,22600,25.47,U
sz300747,锐科激光,2025-10-24 09:30:39,25.48,11800,25.47,D
sz300747,锐科激光,2025-10-24 09:30:45,25.46,9200,25.47,D
sz300747,锐科激光,2025-10-24 09:30:48,25.46,13600,25.46,U
sz300747,锐科激光,2025-10-24 09:31:00,25.46,15100,25.46,D
sz300747,锐科激光,2025-10-24 09:31:09,25.45,8600,25.46,D
sz300747,锐科激光,2025-10-24 09:31:30,25.47,39000,25.46,U
sz300747,锐科激光,2025-10-24 09:31:33,25.47,10900,25.47,U
sz300747,锐科激光,2025-10-24 09:31:42,25.47,24200,25.48,D
sz300747,锐科激光,2025-10-24 09:31:45,25.5,21400,25.47,U
sz300747,锐科激光,2025-10-24 09:32:03,25.52,33200,25.48,U
sz300747,锐科激光,2025-10-24 09:32:15,25.48,20400,25.54,D
sz300747,锐科激光,2025-10-24 09:32:24,25.5,9900,25.5,U
sz300747,锐科激光,2025-10-24 09:32:33,25.51,23500,25.49,U
sz300747,锐科激光,2025-10-24 09:32:48,25.52,17000,25.53,D
sz300747,锐科激光,2025-10-24 09:32:54,25.53,14300,25.52,U
sz300747,锐科激光,2025-10-24 09:32:57,25.52,8400,25.53,D
sz300747,锐科激光,2025-10-24 09:33:00,25.52,8800,25.52,D
sz300747,锐科激光,2025-10-24 09:33:03,25.52,14500,25.52,D
sz300747,锐科激光,2025-10-24 09:33:06,25.55,38000,25.52,U
sz300747,锐科激光,2025-10-24 09:33:09,25.57,65400,25.55,U
sz300747,锐科激光,2025-10-24 09:33:12,25.59,10400,25.57,U
sz300747,锐科激光,2025-10-24 09:33:18,25.6,9000,25.59,U
sz300747,锐科激光,2025-10-24 09:33:30,25.63,23800,25.61,U
sz300747,锐科激光,2025-10-24 09:33:39,25.65,8400,25.64,U
sz300747,锐科激光,2025-10-24 09:33:45,25.64,9400,25.65,E
sz300747,锐科激光,2025-10-24 09:33:54,25.61,11000,25.62,D
sz300747,锐科激光,2025-10-24 09:33:57,25.62,8400,25.61,U
sz300747,锐科激光,2025-10-24 09:34:00,25.62,8600,25.62,U
sz300747,锐科激光,2025-10-24 09:34:06,25.62,10000,25.62,D
sz300747,锐科激光,2025-10-24 09:34:12,25.64,8500,25.62,U
sz300747,锐科激光,2025-10-24 09:34:15,25.62,10200,25.64,D
sz300747,锐科激光,2025-10-24 09:34:33,25.64,18200,25.61,U
sz300747,锐科激光,2025-10-24 09:34:36,25.66,41300,25.64,U
sz300747,锐科激光,2025-10-24 09:34:45,25.65,16400,25.66,D
sz300747,锐科激光,2025-10-24 09:34:57,25.67,12400,25.65,U
sz300747,锐科激光,2025-10-24 09:35:06,25.66,11300,25.66,D
sz300747,锐科激光,2025-10-24 09:35:09,25.66,10600,25.66,D
sz300747,锐科激光,2025-10-24 09:35:15,25.66,25800,25.65,U
sz300747,锐科激光,2025-10-24 09:35:24,25.71,59800,25.67,U
sz300747,锐科激光,2025-10-24 09:35:27,25.67,28300,25.71,D
sz300747,锐科激光,2025-10-24 09:35:42,25.77,9900,25.72,U
sz300747,锐科激光,2025-10-24 09:35:45,25.72,15700,25.77,D
sz300747,锐科激光,2025-10-24 09:35:51,25.75,9100,25.72,E
sz300747,锐科激光,2025-10-24 09:36:03,25.73,20800,25.74,D
sz300747,锐科激光,2025-10-24 09:36:06,25.72,15000,25.73,D
sz300747,锐科激光,2025-10-24 09:36:12,25.72,8000,25.69,U
sz300747,锐科激光,2025-10-24 09:36:15,25.7,9300,25.72,D
sz300747,锐科激光,2025-10-24 09:36:18,25.7,8500,25.7,U
sz300747,锐科激光,2025-10-24 09:36:21,25.73,8300,25.7,U
sz300747,锐科激光,2025-10-24 09:36:24,25.74,9900,25.73,U
sz300747,锐科激光,2025-10-24 09:36:36,25.71,15600,25.72,D
sz300747,锐科激光,2025-10-24 09:36:39,25.72,10700,25.71,U
sz300747,锐科激光,2025-10-24 09:36:42,25.7,26900,25.72,D
sz300747,锐科激光,2025-10-24 09:37:03,25.73,23600,25.7,U
sz300747,锐科激光,2025-10-24 09:37:06,25.74,26900,25.73,U
sz300747,锐科激光,2025-10-24 09:37:09,25.74,10380,25.74,D
sz300747,锐科激光,2025-10-24 09:37:15,25.74,8800,25.74,U
sz300747,锐科激光,2025-10-24 09:37:18,25.76,51000,25.74,U
sz300747,锐科激光,2025-10-24 09:37:21,25.78,14700,25.76,U
sz300747,锐科激光,2025-10-24 09:37:24,25.78,13100,25.78,D
sz300747,锐科激光,2025-10-24 09:37:27,25.8,34800,25.78,U
sz300747,锐科激光,2025-10-24 09:37:36,25.78,23700,25.8,D
sz300747,锐科激光,2025-10-24 09:37:45,25.73,16600,25.75,D
sz300747,锐科激光,2025-10-24 09:37:57,25.73,8000,25.74,D
sz300747,锐科激光,2025-10-24 09:38:03,25.7,8400,25.7,D
sz300747,锐科激光,2025-10-24 09:38:21,25.7,11300,25.71,D
sz300747,锐科激光,2025-10-24 09:38:39,25.7,23500,25.72,D
sz300747,锐科激光,2025-10-24 09:38:45,25.69,17200,25.7,D
sz300747,锐科激光,2025-10-24 09:38:48,25.68,62200,25.69,D
sz300747,锐科激光,2025-10-24 09:38:51,25.68,15000,25.68,D
sz300747,锐科激光,2025-10-24 09:38:54,25.68,12500,25.68,D
sz300747,锐科激光,2025-10-24 09:38:57,25.69,27800,25.68,U
sz300747,锐科激光,2025-10-24 09:39:00,25.7,62400,25.69,U
sz300747,锐科激光,2025-10-24 09:39:06,25.73,11900,25.72,U
sz300747,锐科激光,2025-10-24 09:39:12,25.76,12400,25.74,U
sz300747,锐科激光,2025-10-24 09:39:15,25.78,22300,25.76,U
sz300747,锐科激光,2025-10-24 09:39:18,25.76,20600,25.78,D
sz300747,锐科激光,2025-10-24 09:39:21,25.76,21600,25.76,U
sz300747,锐科激光,2025-10-24 09:39:27,25.78,14400,25.78,U
sz300747,锐科激光,2025-10-24 09:39:36,25.78,26400,25.78,D
sz300747,锐科激光,2025-10-24 09:39:48,25.75,11900,25.75,E
sz300747,锐科激光,2025-10-24 09:39:54,25.73,15400,25.73,U
sz300747,锐科激光,2025-10-24 09:40:03,25.68,25400,25.71,D
sz300747,锐科激光,2025-10-24 09:40:06,25.71,21300,25.68,U
sz300747,锐科激光,2025-10-24 09:40:12,25.73,8000,25.68,U
sz300747,锐科激光,2025-10-24 09:40:24,25.69,11500,25.71,D
sz300747,锐科激光,2025-10-24 09:40:27,25.68,30400,25.69,D
sz300747,锐科激光,2025-10-24 09:40:51,25.68,29800,25.71,D
sz300747,锐科激光,2025-10-24 09:40:54,25.67,21800,25.68,D
sz300747,锐科激光,2025-10-24 09:41:03,25.67,12100,25.67,D
sz300747,锐科激光,2025-10-24 09:42:12,25.64,8600,25.64,U
sz300747,锐科激光,2025-10-24 09:42:15,25.62,9800,25.64,D
sz300747,锐科激光,2025-10-24 09:42:36,25.65,10400,25.63,U
sz300747,锐科激光,2025-10-24 09:42:42,25.66,11500,25.66,U
sz300747,锐科激光,2025-10-24 09:43:33,25.75,21300,25.75,U
sz300747,锐科激光,2025-10-24 09:43:45,25.75,11000,25.74,U
sz300747,锐科激光,2025-10-24 09:45:24,25.69,12800,25.7,D
sz300747,锐科激光,2025-10-24 09:45:42,25.68,8300,25.69,D
sz300747,锐科激光,2025-10-24 09:46:09,25.69,11800,25.69,D
sz300747,锐科激光,2025-10-24 09:46:12,25.67,9200,25.69,D
sz300747,锐科激光,2025-10-24 09:46:18,25.63,9200,25.66,D
sz300747,锐科激光,2025-10-24 09:46:21,25.66,10600,25.63,U
sz300747,锐科激光,2025-10-24 09:47:18,25.7,23263,25.68,U
sz300747,锐科激光,2025-10-24 09:47:42,25.69,11100,25.72,D
sz300747,锐科激光,2025-10-24 09:47:51,25.69,9400,25.69,U
sz300747,锐科激光,2025-10-24 09:49:51,25.74,20400,25.73,U
sz300747,锐科激光,2025-10-24 09:50:30,25.74,41000,25.73,U
sz300747,锐科激光,2025-10-24 09:50:33,25.79,34830,25.74,U
sz300747,锐科激光,2025-10-24 09:50:57,25.8,32400,25.78,U
sz300747,锐科激光,2025-10-24 09:51:00,25.85,113300,25.8,U
sz300747,锐科激光,2025-10-24 09:51:03,25.84,9900,25.85,D
sz300747,锐科激光,2025-10-24 09:51:09,25.87,17600,25.84,U
sz300747,锐科激光,2025-10-24 09:51:18,25.89,61300,25.86,U
sz300747,锐科激光,2025-10-24 09:51:24,25.92,11000,25.89,U
sz300747,锐科激光,2025-10-24 09:51:33,25.92,18100,25.91,D
sz300747,锐科激光,2025-10-24 09:51:36,25.94,21900,25.92,U
sz300747,锐科激光,2025-10-24 09:51:51,25.94,8600,25.94,D
sz300747,锐科激光,2025-10-24 09:51:54,25.94,8000,25.94,U
sz300747,锐科激光,2025-10-24 09:51:57,25.95,16000,25.94,U
sz300747,锐科激光,2025-10-24 09:52:00,25.95,20400,25.95,D
sz300747,锐科激光,2025-10-24 09:52:09,25.92,64900,25.96,D
sz300747,锐科激光,2025-10-24 09:52:12,25.91,30100,25.92,D
sz300747,锐科激光,2025-10-24 09:52:33,25.94,8300,25.94,D
sz300747,锐科激光,2025-10-24 09:52:48,25.95,21400,25.94,U
sz300747,锐科激光,2025-10-24 09:52:54,25.93,8500,25.94,D
sz300747,锐科激光,2025-10-24 09:53:24,25.97,60400,25.93,U
sz300747,锐科激光,2025-10-24 09:53:51,25.98,10100,25.97,U
sz300747,锐科激光,2025-10-24 09:54:00,25.98,29300,25.98,U
sz300747,锐科激光,2025-10-24 09:54:33,25.9,14300,25.94,D
sz300747,锐科激光,2025-10-24 09:54:36,25.95,20400,25.9,U
sz300747,锐科激光,2025-10-24 09:55:54,25.89,11700,25.88,U
sz300747,锐科激光,2025-10-24 09:56:39,25.86,20500,25.89,D
sz300747,锐科激光,2025-10-24 09:58:12,25.82,14700,25.8,U
sz300747,锐科激光,2025-10-24 09:59:51,25.78,9300,25.78,D
sz300747,锐科激光,2025-10-24 10:00:39,25.8,16600,25.8,U
sz300747,锐科激光,2025-10-24 10:01:12,25.74,15300,25.78,D
sz300747,锐科激光,2025-10-24 10:02:18,25.74,18700,25.73,U
sz300747,锐科激光,2025-10-24 10:02:21,25.72,12700,25.74,D
sz300747,锐科激光,2025-10-24 10:02:45,25.71,9900,25.74,D
sz300747,锐科激光,2025-10-24 10:03:00,25.69,14200,25.7,D
sz300747,锐科激光,2025-10-24 10:03:21,25.69,10000,25.7,D
sz300747,锐科激光,2025-10-24 10:03:30,25.68,33700,25.69,D
sz300747,锐科激光,2025-10-24 10:03:51,25.66,8300,25.66,U
sz300747,锐科激光,2025-10-24 10:04:18,25.65,20000,25.66,D
sz300747,锐科激光,2025-10-24 10:07:06,25.72,9500,25.74,D
sz300747,锐科激光,2025-10-24 10:09:54,25.82,39300,25.77,U
sz300747,锐科激光,2025-10-24 10:10:48,25.84,9800,25.86,D
sz300747,锐科激光,2025-10-24 10:11:09,25.85,13100,25.86,D
sz300747,锐科激光,2025-10-24 10:11:12,25.85,14300,25.85,D
sz300747,锐科激光,2025-10-24 10:11:15,25.85,9900,25.85,D
sz300747,锐科激光,2025-10-24 10:11:18,25.86,13100,25.85,U
sz300747,锐科激光,2025-10-24 10:11:24,25.88,8900,25.86,U
sz300747,锐科激光,2025-10-24 10:11:27,25.87,11600,25.88,E
sz300747,锐科激光,2025-10-24 10:12:09,25.86,9400,25.89,D
sz300747,锐科激光,2025-10-24 10:12:51,25.84,8400,25.85,D
sz300747,锐科激光,2025-10-24 10:13:27,25.81,10300,25.81,D
sz300747,锐科激光,2025-10-24 10:13:57,25.83,15500,25.81,U
sz300747,锐科激光,2025-10-24 10:14:42,25.91,59000,25.82,U
sz300747,锐科激光,2025-10-24 10:16:03,25.8,16400,25.78,U
sz300747,锐科激光,2025-10-24 10:17:39,25.72,10200,25.75,D
sz300747,锐科激光,2025-10-24 10:21:03,25.74,8700,25.73,U
sz300747,锐科激光,2025-10-24 10:22:00,25.74,16900,25.75,D
sz300747,锐科激光,2025-10-24 10:22:42,25.74,8600,25.73,U
sz300747,锐科激光,2025-10-24 10:23:06,25.77,8400,25.75,U
sz300747,锐科激光,2025-10-24 10:26:30,25.75,11300,25.75,D
sz300747,锐科激光,2025-10-24 10:26:42,25.73,8000,25.74,D
sz300747,锐科激光,2025-10-24 10:26:57,25.72,8300,25.73,D
sz300747,锐科激光,2025-10-24 10:30:57,25.7,8700,25.71,D
sz300747,锐科激光,2025-10-24 10:31:12,25.7,10700,25.7,D
sz300747,锐科激光,2025-10-24 10:31:48,25.7,10600,25.7,D
sz300747,锐科激光,2025-10-24 10:34:00,25.7,14100,25.71,D
sz300747,锐科激光,2025-10-24 10:34:03,25.69,38400,25.7,D
sz300747,锐科激光,2025-10-24 10:34:27,25.66,110035,25.7,D
sz300747,锐科激光,2025-10-24 10:34:30,25.65,8400,25.66,D
sz300747,锐科激光,2025-10-24 10:34:36,25.64,9000,25.66,D
sz300747,锐科激光,2025-10-24 10:35:39,25.68,11400,25.69,D
sz300747,锐科激光,2025-10-24 10:36:48,25.63,34600,25.68,D
sz300747,锐科激光,2025-10-24 10:39:42,25.73,12600,25.72,U
sz300747,锐科激光,2025-10-24 10:42:57,25.64,11000,25.65,D
sz300747,锐科激光,2025-10-24 10:46:03,25.61,25600,25.65,D
sz300747,锐科激光,2025-10-24 10:53:18,25.74,15200,25.72,U
sz300747,锐科激光,2025-10-24 10:53:21,25.75,13800,25.74,U
sz300747,锐科激光,2025-10-24 10:53:42,25.78,10000,25.75,U
sz300747,锐科激光,2025-10-24 10:59:57,25.82,18800,25.8,U
sz300747,锐科激光,2025-10-24 11:01:48,25.79,8900,25.8,D
sz300747,锐科激光,2025-10-24 11:04:03,25.78,10900,25.79,D
sz300747,锐科激光,2025-10-24 11:08:06,25.81,14500,25.8,U
sz300747,锐科激光,2025-10-24 11:08:27,25.78,8400,25.78,D
sz300747,锐科激光,2025-10-24 11:09:21,25.8,10100,25.79,U
sz300747,锐科激光,2025-10-24 11:10:36,25.75,20600,25.75,D
sz300747,锐科激光,2025-10-24 11:10:39,25.76,14100,25.75,U
sz300747,锐科激光,2025-10-24 11:12:36,25.8,14600,25.8,U
sz300747,锐科激光,2025-10-24 11:12:39,25.82,20800,25.8,U
sz300747,锐科激光,2025-10-24 11:12:57,25.81,9200,25.83,D
sz300747,锐科激光,2025-10-24 11:13:15,25.82,8600,25.81,U
sz300747,锐科激光,2025-10-24 11:19:51,25.81,11200,25.81,U
sz300747,锐科激光,2025-10-24 11:20:48,25.75,10400,25.77,D
sz300747,锐科激光,2025-10-24 11:26:03,25.79,14600,25.8,D
sz300747,锐科激光,2025-10-24 13:00:03,25.77,15400,25.77,U
sz300747,锐科激光,2025-10-24 13:00:06,25.76,8900,25.77,D
sz300747,锐科激光,2025-10-24 13:03:00,25.76,9600,25.77,D
sz300747,锐科激光,2025-10-24 13:04:12,25.75,10000,25.76,D
sz300747,锐科激光,2025-10-24 13:05:03,25.75,8600,25.75,D
sz300747,锐科激光,2025-10-24 13:05:36,25.77,7800,25.76,U
sz300747,锐科激光,2025-10-24 13:07:30,25.81,9700,25.81,D
sz300747,锐科激光,2025-10-24 13:07:33,25.8,8400,25.81,D
sz300747,锐科激光,2025-10-24 13:08:54,25.82,16900,25.82,U
sz300747,锐科激光,2025-10-24 13:09:30,25.84,9500,25.83,U
sz300747,锐科激光,2025-10-24 13:09:57,25.81,13700,25.82,D
sz300747,锐科激光,2025-10-24 13:10:39,25.82,11400,25.82,U
sz300747,锐科激光,2025-10-24 13:11:21,25.83,11400,25.83,U
sz300747,锐科激光,2025-10-24 13:12:24,25.84,14000,25.83,U
sz300747,锐科激光,2025-10-24 13:13:12,25.82,10800,25.83,D
sz300747,锐科激光,2025-10-24 13:13:30,25.82,8200,25.82,D
sz300747,锐科激光,2025-10-24 13:15:12,25.78,18300,25.79,D
sz300747,锐科激光,2025-10-24 13:15:33,25.8,8300,25.78,U
sz300747,锐科激光,2025-10-24 13:18:15,25.82,11300,25.83,D
sz300747,锐科激光,2025-10-24 13:20:03,25.85,17500,25.84,U
sz300747,锐科激光,2025-10-24 13:23:12,25.81,14800,25.83,D
sz300747,锐科激光,2025-10-24 13:26:48,25.81,18900,25.8,U
sz300747,锐科激光,2025-10-24 13:33:21,25.74,7900,25.73,U
sz300747,锐科激光,2025-10-24 13:35:18,25.71,8000,25.73,D
sz300747,锐科激光,2025-10-24 13:35:24,25.71,12000,25.72,D
sz300747,锐科激光,2025-10-24 13:40:09,25.68,17800,25.68,D
sz300747,锐科激光,2025-10-24 13:43:21,25.68,8600,25.67,U
sz300747,锐科激光,2025-10-24 13:43:24,25.66,11000,25.68,D
sz300747,锐科激光,2025-10-24 13:45:03,25.67,40300,25.68,D
sz300747,锐科激光,2025-10-24 13:45:36,25.7,10400,25.69,U
sz300747,锐科激光,2025-10-24 13:46:18,25.71,11800,25.7,U
sz300747,锐科激光,2025-10-24 13:46:21,25.73,29000,25.71,U
sz300747,锐科激光,2025-10-24 13:46:57,25.71,13700,25.74,D
sz300747,锐科激光,2025-10-24 13:48:39,25.75,10000,25.73,U
sz300747,锐科激光,2025-10-24 13:56:48,25.74,12100,25.72,U
sz300747,锐科激光,2025-10-24 13:58:39,25.75,10500,25.75,U
sz300747,锐科激光,2025-10-24 13:58:51,25.76,9600,25.75,U
sz300747,锐科激光,2025-10-24 14:04:21,25.77,7900,25.76,U
sz300747,锐科激光,2025-10-24 14:04:24,25.78,21000,25.77,U
sz300747,锐科激光,2025-10-24 14:06:57,25.77,7800,25.78,D
sz300747,锐科激光,2025-10-24 14:09:36,25.76,10800,25.77,D
sz300747,锐科激光,2025-10-24 14:09:51,25.79,30800,25.77,U
sz300747,锐科激光,2025-10-24 14:11:21,25.83,36200,25.79,U
sz300747,锐科激光,2025-10-24 14:11:33,25.79,38600,25.8,D
sz300747,锐科激光,2025-10-24 14:15:24,25.77,8900,25.78,D
sz300747,锐科激光,2025-10-24 14:15:42,25.79,16700,25.77,U
sz300747,锐科激光,2025-10-24 14:19:18,25.79,10000,25.8,D
sz300747,锐科激光,2025-10-24 14:19:45,25.8,24100,25.79,U
sz300747,锐科激光,2025-10-24 14:21:06,25.77,8400,25.78,D
sz300747,锐科激光,2025-10-24 14:24:06,25.77,8300,25.76,U
sz300747,锐科激光,2025-10-24 14:24:33,25.76,8000,25.76,D
sz300747,锐科激光,2025-10-24 14:25:09,25.81,29900,25.79,U
sz300747,锐科激光,2025-10-24 14:26:18,25.8,11500,25.8,D
sz300747,锐科激光,2025-10-24 14:27:36,25.8,8600,25.79,U
sz300747,锐科激光,2025-10-24 14:30:21,25.82,14600,25.8,U
sz300747,锐科激光,2025-10-24 14:31:21,25.82,10500,25.82,U
sz300747,锐科激光,2025-10-24 14:34:12,25.79,8600,25.79,D
sz300747,锐科激光,2025-10-24 14:36:18,25.82,17200,25.81,U
sz300747,锐科激光,2025-10-24 14:36:27,25.82,32500,25.82,D
sz300747,锐科激光,2025-10-24 14:36:42,25.82,9600,25.82,U
sz300747,锐科激光,2025-10-24 14:37:33,25.83,29100,25.82,U
sz300747,锐科激光,2025-10-24 14:38:12,25.83,14800,25.83,U
sz300747,锐科激光,2025-10-24 14:39:18,25.82,9800,25.82,D
sz300747,锐科激光,2025-10-24 14:40:39,25.81,12000,25.81,D
sz300747,锐科激光,2025-10-24 14:41:57,25.82,17800,25.81,U
sz300747,锐科激光,2025-10-24 14:44:45,25.82,16500,25.82,U
sz300747,锐科激光,2025-10-24 14:46:18,25.82,10200,25.82,D
sz300747,锐科激光,2025-10-24 14:48:06,25.84,30400,25.82,U
sz300747,锐科激光,2025-10-24 14:48:09,25.83,12300,25.84,D
sz300747,锐科激光,2025-10-24 14:49:21,25.84,13700,25.83,U
sz300747,锐科激光,2025-10-24 14:49:51,25.84,13400,25.84,D
sz300747,锐科激光,2025-10-24 14:50:12,25.83,8400,25.83,D
sz300747,锐科激光,2025-10-24 14:50:24,25.83,15300,25.83,D
sz300747,锐科激光,2025-10-24 14:51:00,25.85,30900,25.84,U
sz300747,锐科激光,2025-10-24 14:51:03,25.84,19800,25.85,D
sz300747,锐科激光,2025-10-24 14:51:45,25.85,20000,25.84,U
sz300747,锐科激光,2025-10-24 14:52:09,25.84,12400,25.85,D
sz300747,锐科激光,2025-10-24 14:53:51,25.87,16600,25.86,U
sz300747,锐科激光,2025-10-24 14:54:00,25.85,18800,25.86,D
sz300747,锐科激光,2025-10-24 14:54:33,25.87,8700,25.86,U
sz300747,锐科激光,2025-10-24 14:54:39,25.87,18000,25.87,U
sz300747,锐科激光,2025-10-24 14:54:45,25.87,8600,25.88,D
sz300747,锐科激光,2025-10-24 14:55:00,25.87,8600,25.87,D
sz300747,锐科激光,2025-10-24 14:55:18,25.88,10500,25.87,U
sz300747,锐科激光,2025-10-24 14:55:48,25.85,12900,25.85,D
sz300747,锐科激光,2025-10-24 14:56:00,25.87,7900,25.87,D
sz300747,锐科激光,2025-10-24 14:56:48,25.87,21900,25.87,U
sz300747,锐科激光,2025-10-24 15:00:00,25.86,150300,25.86,E
