symbol,name,ticktime,price,volume,prev_price,kind
sz300747,锐科激光,2025-09-16 09:25:00,27.11,56400,0.0,U
sz300747,锐科激光,2025-09-16 09:30:00,27.15,27800,27.11,U
sz300747,锐科激光,2025-09-16 09:30:03,27.27,22600,27.15,E
sz300747,锐科激光,2025-09-16 09:30:06,27.26,9900,27.27,E
sz300747,锐科激光,2025-09-16 09:30:09,27.15,9300,27.26,D
sz300747,锐科激光,2025-09-16 09:30:12,27.13,13300,27.15,D
sz300747,锐科激光,2025-09-16 09:30:15,27.07,33000,27.13,D
sz300747,锐科激光,2025-09-16 09:30:18,27.11,23700,27.07,U
sz300747,锐科激光,2025-09-16 09:30:21,27.04,21000,27.11,D
sz300747,锐科激光,2025-09-16 09:30:24,27.03,18700,27.04,U
sz300747,锐科激光,2025-09-16 09:30:30,27.05,10100,27.04,U
sz300747,锐科激光,2025-09-16 09:30:51,27.03,16500,27.06,D
sz300747,锐科激光,2025-09-16 09:30:54,27.01,19400,27.03,D
sz300747,锐科激光,2025-09-16 09:30:57,27.0,21500,27.01,D
sz300747,锐科激光,2025-09-16 09:31:00,26.98,12600,27.0,D
sz300747,锐科激光,2025-09-16 09:31:06,26.98,17500,26.98,U
sz300747,锐科激光,2025-09-16 09:31:09,26.99,8500,26.98,U
sz300747,锐科激光,2025-09-16 09:31:12,27.02,13500,26.99,U
sz300747,锐科激光,2025-09-16 09:31:33,26.98,7900,26.99,D
sz300747,锐科激光,2025-09-16 09:31:42,26.97,9200,26.99,D
sz300747,锐科激光,2025-09-16 09:32:03,26.98,16500,26.99,D
sz300747,锐科激光,2025-09-16 09:32:15,27.0,8900,27.01,E
sz300747,锐科激光,2025-09-16 09:32:36,26.96,23300,27.0,D
sz300747,锐科激光,2025-09-16 09:32:48,27.03,28600,26.98,U
sz300747,锐科激光,2025-09-16 09:33:12,27.08,8500,27.08,D
sz300747,锐科激光,2025-09-16 09:33:42,27.04,8200,27.05,D
sz300747,锐科激光,2025-09-16 09:35:15,27.13,10200,27.15,D
sz300747,锐科激光,2025-09-16 09:35:24,27.14,7600,27.15,E
sz300747,锐科激光,2025-09-16 09:35:36,27.13,33500,27.13,U
sz300747,锐科激光,2025-09-16 09:35:39,27.14,27200,27.13,U
sz300747,锐科激光,2025-09-16 09:35:57,27.19,11200,27.14,U
sz300747,锐科激光,2025-09-16 09:37:15,27.15,8700,27.15,D
sz300747,锐科激光,2025-09-16 09:37:18,27.15,8500,27.15,D
sz300747,锐科激光,2025-09-16 09:37:30,27.17,65300,27.16,U
sz300747,锐科激光,2025-09-16 09:38:12,27.2,35200,27.17,U
sz300747,锐科激光,2025-09-16 09:38:18,27.21,13600,27.19,U
sz300747,锐科激光,2025-09-16 09:38:42,27.22,7800,27.21,U
sz300747,锐科激光,2025-09-16 09:38:48,27.19,17400,27.22,D
sz300747,锐科激光,2025-09-16 09:39:03,27.14,11000,27.18,D
sz300747,锐科激光,2025-09-16 09:39:18,27.11,10200,27.15,D
sz300747,锐科激光,2025-09-16 09:39:33,27.15,8700,27.13,U
sz300747,锐科激光,2025-09-16 09:40:27,27.14,13600,27.16,D
sz300747,锐科激光,2025-09-16 09:42:06,27.1,7700,27.1,D
sz300747,锐科激光,2025-09-16 09:42:12,27.06,53400,27.1,D
sz300747,锐科激光,2025-09-16 09:42:27,26.99,16200,27.01,D
sz300747,锐科激光,2025-09-16 09:42:54,27.05,28300,27.02,U
sz300747,锐科激光,2025-09-16 09:44:00,27.04,12100,27.04,D
sz300747,锐科激光,2025-09-16 09:44:51,27.04,16900,27.04,U
sz300747,锐科激光,2025-09-16 09:46:54,27.11,45400,27.11,U
sz300747,锐科激光,2025-09-16 09:46:57,27.09,11600,27.11,D
sz300747,锐科激光,2025-09-16 09:47:48,27.13,17800,27.13,U
sz300747,锐科激光,2025-09-16 09:48:00,27.12,10100,27.13,U
sz300747,锐科激光,2025-09-16 09:48:48,27.15,8500,27.15,U
sz300747,锐科激光,2025-09-16 09:49:12,27.14,13100,27.15,D
sz300747,锐科激光,2025-09-16 09:49:33,27.2,10000,27.17,U
sz300747,锐科激光,2025-09-16 09:50:21,27.18,9600,27.16,U
sz300747,锐科激光,2025-09-16 09:50:24,27.16,8300,27.18,D
sz300747,锐科激光,2025-09-16 09:51:03,27.15,18300,27.17,D
sz300747,锐科激光,2025-09-16 09:52:12,27.11,8000,27.11,U
sz300747,锐科激光,2025-09-16 09:52:27,27.1,13600,27.12,D
sz300747,锐科激光,2025-09-16 09:52:42,27.09,31300,27.09,D
sz300747,锐科激光,2025-09-16 09:53:15,27.07,32600,27.09,D
sz300747,锐科激光,2025-09-16 09:56:48,27.18,13200,27.15,U
sz300747,锐科激光,2025-09-16 09:56:54,27.18,19100,27.16,E
sz300747,锐科激光,2025-09-16 09:57:30,27.15,39600,27.15,U
sz300747,锐科激光,2025-09-16 09:58:15,27.12,20100,27.13,D
sz300747,锐科激光,2025-09-16 09:58:39,27.1,15200,27.1,E
sz300747,锐科激光,2025-09-16 09:59:51,27.11,10800,27.11,U
sz300747,锐科激光,2025-09-16 09:59:57,27.14,20800,27.13,U
sz300747,锐科激光,2025-09-16 10:01:27,27.08,26500,27.1,D
sz300747,锐科激光,2025-09-16 10:01:42,27.05,20600,27.08,D
sz300747,锐科激光,2025-09-16 10:02:12,27.13,36000,27.1,U
sz300747,锐科激光,2025-09-16 10:02:15,27.14,10600,27.13,E
sz300747,锐科激光,2025-09-16 10:02:45,27.15,19000,27.14,U
sz300747,锐科激光,2025-09-16 10:02:48,27.17,18500,27.15,U
sz300747,锐科激光,2025-09-16 10:06:42,27.12,7600,27.1,U
sz300747,锐科激光,2025-09-16 10:07:09,27.11,7600,27.11,D
sz300747,锐科激光,2025-09-16 10:07:42,27.14,16800,27.12,U
sz300747,锐科激光,2025-09-16 10:07:48,27.17,11000,27.15,U
sz300747,锐科激光,2025-09-16 10:07:51,27.14,18900,27.17,D
sz300747,锐科激光,2025-09-16 10:08:03,27.16,7400,27.17,D
sz300747,锐科激光,2025-09-16 10:08:30,27.17,16200,27.16,U
sz300747,锐科激光,2025-09-16 10:08:51,27.18,15200,27.17,U
sz300747,锐科激光,2025-09-16 10:10:36,27.18,9100,27.17,U
sz300747,锐科激光,2025-09-16 10:10:42,27.19,22600,27.18,U
sz300747,锐科激光,2025-09-16 10:12:09,27.11,18100,27.15,D
sz300747,锐科激光,2025-09-16 10:12:21,27.08,15700,27.12,D
sz300747,锐科激光,2025-09-16 10:13:03,27.06,10100,27.07,D
sz300747,锐科激光,2025-09-16 10:14:09,27.04,129800,27.08,D
sz300747,锐科激光,2025-09-16 10:17:18,27.01,40400,27.02,D
sz300747,锐科激光,2025-09-16 10:17:30,27.01,49200,27.03,D
sz300747,锐科激光,2025-09-16 10:18:06,27.03,78300,27.03,U
sz300747,锐科激光,2025-09-16 10:18:15,27.04,8900,27.04,U
sz300747,锐科激光,2025-09-16 10:19:54,27.01,10700,27.01,D
sz300747,锐科激光,2025-09-16 10:19:57,27.01,10300,27.01,D
sz300747,锐科激光,2025-09-16 10:20:06,27.0,35100,27.02,D
sz300747,锐科激光,2025-09-16 10:20:18,26.97,63800,27.0,D
sz300747,锐科激光,2025-09-16 10:21:09,26.97,19600,26.97,D
sz300747,锐科激光,2025-09-16 10:21:15,26.95,40600,26.97,D
sz300747,锐科激光,2025-09-16 10:22:51,26.94,8900,26.94,U
sz300747,锐科激光,2025-09-16 10:23:00,26.93,11100,26.94,D
sz300747,锐科激光,2025-09-16 10:23:42,26.94,10200,26.96,D
sz300747,锐科激光,2025-09-16 10:25:18,26.94,11300,26.95,D
sz300747,锐科激光,2025-09-16 10:25:30,26.92,30000,26.97,D
sz300747,锐科激光,2025-09-16 10:25:48,26.92,31300,26.92,D
sz300747,锐科激光,2025-09-16 10:25:54,26.92,8900,26.92,U
sz300747,锐科激光,2025-09-16 10:26:48,26.91,40600,26.92,D
sz300747,锐科激光,2025-09-16 10:26:51,26.91,20100,26.91,U
sz300747,锐科激光,2025-09-16 10:26:57,26.9,8500,26.91,D
sz300747,锐科激光,2025-09-16 10:27:15,26.89,16900,26.9,D
sz300747,锐科激光,2025-09-16 10:27:45,26.9,30100,26.9,U
sz300747,锐科激光,2025-09-16 10:27:57,26.88,46500,26.9,D
sz300747,锐科激光,2025-09-16 10:28:09,26.87,8200,26.88,D
sz300747,锐科激光,2025-09-16 10:28:15,26.86,8300,26.88,D
sz300747,锐科激光,2025-09-16 10:28:21,26.89,23100,26.87,U
sz300747,锐科激光,2025-09-16 10:28:24,26.95,166615,26.89,U
sz300747,锐科激光,2025-09-16 10:32:15,26.84,15800,26.86,D
sz300747,锐科激光,2025-09-16 10:33:21,26.81,22100,26.82,D
sz300747,锐科激光,2025-09-16 10:33:30,26.79,61600,26.82,D
sz300747,锐科激光,2025-09-16 10:33:36,26.82,16907,26.82,U
sz300747,锐科激光,2025-09-16 10:33:48,26.84,29900,26.82,U
sz300747,锐科激光,2025-09-16 10:34:39,26.84,8800,26.85,D
sz300747,锐科激光,2025-09-16 10:34:48,26.84,15200,26.84,U
sz300747,锐科激光,2025-09-16 10:35:51,26.82,9300,26.82,D
sz300747,锐科激光,2025-09-16 10:36:33,26.8,18500,26.8,D
sz300747,锐科激光,2025-09-16 10:36:36,26.81,12500,26.8,U
sz300747,锐科激光,2025-09-16 10:36:39,26.8,7793,26.81,D
sz300747,锐科激光,2025-09-16 10:36:42,26.81,109807,26.8,U
sz300747,锐科激光,2025-09-16 10:36:48,26.8,10900,26.81,D
sz300747,锐科激光,2025-09-16 10:37:03,26.82,12700,26.79,U
sz300747,锐科激光,2025-09-16 10:37:18,26.84,105100,26.82,U
sz300747,锐科激光,2025-09-16 10:37:21,26.83,9000,26.84,D
sz300747,锐科激光,2025-09-16 10:38:06,26.8,8100,26.82,D
sz300747,锐科激光,2025-09-16 10:38:24,26.78,15600,26.79,D
sz300747,锐科激光,2025-09-16 10:38:33,26.76,37000,26.78,D
sz300747,锐科激光,2025-09-16 10:38:51,26.76,8000,26.75,U
sz300747,锐科激光,2025-09-16 10:39:12,26.76,10800,26.76,U
sz300747,锐科激光,2025-09-16 10:39:18,26.74,8800,26.75,D
sz300747,锐科激光,2025-09-16 10:39:54,26.76,11000,26.76,U
sz300747,锐科激光,2025-09-16 10:40:27,26.83,12600,26.8,U
sz300747,锐科激光,2025-09-16 10:42:24,26.81,10100,26.83,D
sz300747,锐科激光,2025-09-16 10:43:24,26.78,40900,26.81,D
sz300747,锐科激光,2025-09-16 10:45:57,26.76,15900,26.77,D
sz300747,锐科激光,2025-09-16 10:46:12,26.76,9000,26.75,U
sz300747,锐科激光,2025-09-16 10:46:15,26.75,13600,26.76,D
sz300747,锐科激光,2025-09-16 10:47:33,26.82,23700,26.83,D
sz300747,锐科激光,2025-09-16 10:47:57,26.81,8700,26.82,D
sz300747,锐科激光,2025-09-16 10:49:30,26.85,8400,26.84,U
sz300747,锐科激光,2025-09-16 10:50:00,26.82,46800,26.85,D
sz300747,锐科激光,2025-09-16 10:50:57,26.8,9900,26.81,D
sz300747,锐科激光,2025-09-16 10:52:03,26.79,12900,26.81,D
sz300747,锐科激光,2025-09-16 10:52:12,26.8,16100,26.78,U
sz300747,锐科激光,2025-09-16 10:53:03,26.76,15100,26.77,D
sz300747,锐科激光,2025-09-16 10:53:18,26.74,18500,26.76,D
sz300747,锐科激光,2025-09-16 10:54:09,26.75,10600,26.75,U
sz300747,锐科激光,2025-09-16 10:54:21,26.74,11650,26.75,D
sz300747,锐科激光,2025-09-16 10:54:27,26.75,9900,26.74,D
sz300747,锐科激光,2025-09-16 10:55:18,26.75,22300,26.75,D
sz300747,锐科激光,2025-09-16 10:55:21,26.73,20600,26.75,D
sz300747,锐科激光,2025-09-16 10:55:48,26.69,69600,26.72,D
sz300747,锐科激光,2025-09-16 10:55:54,26.7,11600,26.7,U
sz300747,锐科激光,2025-09-16 10:56:15,26.66,32100,26.68,D
sz300747,锐科激光,2025-09-16 10:56:24,26.68,11400,26.68,D
sz300747,锐科激光,2025-09-16 10:56:45,26.66,12900,26.67,D
sz300747,锐科激光,2025-09-16 10:57:21,26.65,9800,26.66,D
sz300747,锐科激光,2025-09-16 10:57:45,26.63,18700,26.64,D
sz300747,锐科激光,2025-09-16 10:58:03,26.69,19300,26.63,U
sz300747,锐科激光,2025-09-16 10:59:27,26.67,22900,26.68,D
sz300747,锐科激光,2025-09-16 11:01:03,26.7,28700,26.7,U
sz300747,锐科激光,2025-09-16 11:01:27,26.72,7800,26.72,D
sz300747,锐科激光,2025-09-16 11:02:48,26.73,11200,26.73,D
sz300747,锐科激光,2025-09-16 11:03:00,26.74,9200,26.73,U
sz300747,锐科激光,2025-09-16 11:03:12,26.76,16400,26.76,D
sz300747,锐科激光,2025-09-16 11:03:21,26.78,9300,26.76,U
sz300747,锐科激光,2025-09-16 11:07:48,26.75,11000,26.76,D
sz300747,锐科激光,2025-09-16 11:07:51,26.76,17400,26.75,U
sz300747,锐科激光,2025-09-16 11:09:42,26.77,9500,26.77,U
sz300747,锐科激光,2025-09-16 11:09:45,26.78,16200,26.77,U
sz300747,锐科激光,2025-09-16 11:09:57,26.77,8900,26.78,D
sz300747,锐科激光,2025-09-16 11:10:15,26.8,30100,26.79,U
sz300747,锐科激光,2025-09-16 11:10:27,26.83,7600,26.81,U
sz300747,锐科激光,2025-09-16 11:13:00,26.87,7800,26.85,U
sz300747,锐科激光,2025-09-16 11:13:27,26.87,14000,26.87,U
sz300747,锐科激光,2025-09-16 11:17:00,26.9,12100,26.88,U
sz300747,锐科激光,2025-09-16 11:22:03,26.92,11500,26.94,D
sz300747,锐科激光,2025-09-16 11:22:18,26.95,97400,26.93,U
sz300747,锐科激光,2025-09-16 11:22:21,26.96,8200,26.95,E
sz300747,锐科激光,2025-09-16 11:24:03,26.99,8100,27.0,D
sz300747,锐科激光,2025-09-16 11:26:03,26.99,8200,27.0,D
sz300747,锐科激光,2025-09-16 11:27:21,26.95,8300,26.96,D
sz300747,锐科激光,2025-09-16 13:00:00,26.96,28400,26.95,U
sz300747,锐科激光,2025-09-16 13:00:03,26.96,9700,26.96,U
sz300747,锐科激光,2025-09-16 13:00:09,26.96,7500,26.96,D
sz300747,锐科激光,2025-09-16 13:00:12,26.96,13800,26.96,D
sz300747,锐科激光,2025-09-16 13:00:21,27.02,61500,26.96,U
sz300747,锐科激光,2025-09-16 13:00:24,27.02,39200,27.02,D
sz300747,锐科激光,2025-09-16 13:01:30,27.04,8000,27.06,D
sz300747,锐科激光,2025-09-16 13:01:57,27.01,20300,27.02,D
sz300747,锐科激光,2025-09-16 13:02:03,27.0,10300,27.01,D
sz300747,锐科激光,2025-09-16 13:05:18,26.95,9100,26.95,U
sz300747,锐科激光,2025-09-16 13:06:45,26.9,36800,26.93,D
sz300747,锐科激光,2025-09-16 13:08:21,26.94,11900,26.94,U
sz300747,锐科激光,2025-09-16 13:10:03,26.96,13800,26.97,D
sz300747,锐科激光,2025-09-16 13:10:51,26.94,17500,26.95,D
sz300747,锐科激光,2025-09-16 13:10:57,26.95,7850,26.94,U
sz300747,锐科激光,2025-09-16 13:11:30,27.0,16500,26.98,U
sz300747,锐科激光,2025-09-16 13:12:57,27.0,9300,27.02,E
sz300747,锐科激光,2025-09-16 13:13:12,26.97,14000,27.0,D
sz300747,锐科激光,2025-09-16 13:16:03,27.0,7500,27.02,D
sz300747,锐科激光,2025-09-16 13:17:42,26.98,13700,27.01,D
sz300747,锐科激光,2025-09-16 13:18:00,27.0,11300,26.99,U
sz300747,锐科激光,2025-09-16 13:18:24,26.99,8100,27.01,D
sz300747,锐科激光,2025-09-16 13:19:18,26.97,10800,26.97,D
sz300747,锐科激光,2025-09-16 13:20:27,26.99,42384,26.97,U
sz300747,锐科激光,2025-09-16 13:22:06,26.95,27600,26.96,D
sz300747,锐科激光,2025-09-16 13:22:54,26.92,30200,26.95,D
sz300747,锐科激光,2025-09-16 13:24:54,26.95,8245,26.94,U
sz300747,锐科激光,2025-09-16 13:25:12,26.95,9655,26.96,D
sz300747,锐科激光,2025-09-16 13:27:12,26.93,11500,26.93,U
sz300747,锐科激光,2025-09-16 13:28:33,26.9,17900,26.93,D
sz300747,锐科激光,2025-09-16 13:30:15,26.9,11400,26.91,D
sz300747,锐科激光,2025-09-16 13:32:30,26.86,11200,26.85,U
sz300747,锐科激光,2025-09-16 13:32:36,26.86,8700,26.86,U
sz300747,锐科激光,2025-09-16 13:37:36,26.93,17300,26.92,U
sz300747,锐科激光,2025-09-16 13:38:18,26.94,9200,26.93,U
sz300747,锐科激光,2025-09-16 13:39:42,26.93,19500,26.95,D
sz300747,锐科激光,2025-09-16 13:43:54,26.95,47400,26.94,U
sz300747,锐科激光,2025-09-16 13:44:00,26.96,85245,26.95,U
sz300747,锐科激光,2025-09-16 13:44:03,27.0,11200,26.96,U
sz300747,锐科激光,2025-09-16 13:44:09,26.99,18700,27.0,D
sz300747,锐科激光,2025-09-16 13:45:06,27.04,8000,27.03,U
sz300747,锐科激光,2025-09-16 13:45:57,27.02,17000,27.04,D
sz300747,锐科激光,2025-09-16 13:46:48,27.02,34400,27.01,U
sz300747,锐科激光,2025-09-16 13:51:30,27.05,29600,27.03,U
sz300747,锐科激光,2025-09-16 13:51:54,27.06,18700,27.04,U
sz300747,锐科激光,2025-09-16 13:52:18,27.05,9100,27.05,U
sz300747,锐科激光,2025-09-16 13:55:27,27.03,18100,27.06,D
sz300747,锐科激光,2025-09-16 13:56:12,27.03,7900,27.04,D
sz300747,锐科激光,2025-09-16 13:57:45,27.06,12400,27.05,U
sz300747,锐科激光,2025-09-16 13:58:24,27.07,15600,27.06,U
sz300747,锐科激光,2025-09-16 14:00:30,27.13,10500,27.13,D
sz300747,锐科激光,2025-09-16 14:01:12,27.12,11800,27.14,D
sz300747,锐科激光,2025-09-16 14:01:54,27.11,8000,27.1,U
sz300747,锐科激光,2025-09-16 14:03:06,27.13,17000,27.15,D
sz300747,锐科激光,2025-09-16 14:04:51,27.16,11100,27.16,U
sz300747,锐科激光,2025-09-16 14:05:24,27.16,14800,27.16,U
sz300747,锐科激光,2025-09-16 14:07:51,27.12,8500,27.14,D
sz300747,锐科激光,2025-09-16 14:08:21,27.09,16400,27.1,D
sz300747,锐科激光,2025-09-16 14:08:24,27.08,8500,27.09,D
sz300747,锐科激光,2025-09-16 14:09:30,27.14,15100,27.11,U
sz300747,锐科激光,2025-09-16 14:10:45,27.11,7800,27.12,D
sz300747,锐科激光,2025-09-16 14:12:03,27.06,15600,27.09,D
sz300747,锐科激光,2025-09-16 14:15:33,27.1,12700,27.13,D
sz300747,锐科激光,2025-09-16 14:16:45,27.15,9900,27.14,U
sz300747,锐科激光,2025-09-16 14:16:57,27.15,12900,27.16,D
sz300747,锐科激光,2025-09-16 14:17:24,27.16,9200,27.15,U
sz300747,锐科激光,2025-09-16 14:18:57,27.12,15100,27.14,D
sz300747,锐科激光,2025-09-16 14:19:18,27.1,8200,27.13,D
sz300747,锐科激光,2025-09-16 14:21:24,27.09,10900,27.11,D
sz300747,锐科激光,2025-09-16 14:21:54,27.11,14900,27.11,U
sz300747,锐科激光,2025-09-16 14:24:36,27.06,9900,27.07,D
sz300747,锐科激光,2025-09-16 14:25:18,27.06,20900,27.06,U
sz300747,锐科激光,2025-09-16 14:26:15,27.01,46200,27.04,D
sz300747,锐科激光,2025-09-16 14:26:57,27.02,7500,27.04,D
sz300747,锐科激光,2025-09-16 14:28:00,27.03,9000,27.04,D
sz300747,锐科激光,2025-09-16 14:28:06,27.04,9790,27.04,U
sz300747,锐科激光,2025-09-16 14:29:03,27.02,7500,27.05,D
sz300747,锐科激光,2025-09-16 14:29:06,27.01,24600,27.02,D
sz300747,锐科激光,2025-09-16 14:29:15,26.99,31000,27.01,D
sz300747,锐科激光,2025-09-16 14:29:27,26.98,8400,27.0,D
sz300747,锐科激光,2025-09-16 14:29:54,26.99,8500,26.99,U
sz300747,锐科激光,2025-09-16 14:30:12,27.0,20100,26.98,U
sz300747,锐科激光,2025-09-16 14:34:33,27.0,12900,27.01,D
sz300747,锐科激光,2025-09-16 14:34:54,27.0,19600,27.0,D
sz300747,锐科激光,2025-09-16 14:35:51,27.02,9700,27.01,U
sz300747,锐科激光,2025-09-16 14:35:57,27.02,25900,27.02,D
sz300747,锐科激光,2025-09-16 14:36:03,27.03,8000,27.02,U
sz300747,锐科激光,2025-09-16 14:38:12,27.04,8400,27.06,D
sz300747,锐科激光,2025-09-16 14:38:39,27.06,16900,27.06,E
sz300747,锐科激光,2025-09-16 14:39:27,27.07,9500,27.06,U
sz300747,锐科激光,2025-09-16 14:43:57,27.06,10300,27.06,D
sz300747,锐科激光,2025-09-16 14:44:06,27.05,24300,27.06,D
sz300747,锐科激光,2025-09-16 14:44:51,27.07,8900,27.05,U
sz300747,锐科激光,2025-09-16 14:47:03,27.08,9800,27.07,U
sz300747,锐科激光,2025-09-16 14:47:18,27.08,22900,27.08,U
sz300747,锐科激光,2025-09-16 14:47:21,27.1,44400,27.08,U
sz300747,锐科激光,2025-09-16 14:47:45,27.12,8400,27.12,U
sz300747,锐科激光,2025-09-16 14:48:09,27.1,18100,27.1,U
sz300747,锐科激光,2025-09-16 14:48:39,27.07,11100,27.06,D
sz300747,锐科激光,2025-09-16 14:49:57,27.1,20600,27.11,D
sz300747,锐科激光,2025-09-16 14:50:00,27.09,23500,27.1,D
sz300747,锐科激光,2025-09-16 14:50:03,27.09,16000,27.09,D
sz300747,锐科激光,2025-09-16 14:50:36,27.1,8600,27.09,U
sz300747,锐科激光,2025-09-16 14:50:48,27.1,9900,27.11,D
sz300747,锐科激光,2025-09-16 14:51:03,27.11,11100,27.11,U
sz300747,锐科激光,2025-09-16 14:51:12,27.1,12100,27.11,D
sz300747,锐科激光,2025-09-16 14:52:21,27.1,12200,27.11,D
sz300747,锐科激光,2025-09-16 14:53:03,27.11,8500,27.11,D
sz300747,锐科激光,2025-09-16 14:53:12,27.11,8400,27.11,D
sz300747,锐科激光,2025-09-16 14:53:18,27.12,18800,27.11,U
sz300747,锐科激光,2025-09-16 14:54:00,27.12,7800,27.14,D
sz300747,锐科激光,2025-09-16 14:54:12,27.14,10900,27.13,U
sz300747,锐科激光,2025-09-16 14:54:48,27.14,10200,27.14,U
sz300747,锐科激光,2025-09-16 14:55:00,27.13,11300,27.15,D
sz300747,锐科激光,2025-09-16 14:55:24,27.13,121500,27.15,D
sz300747,锐科激光,2025-09-16 14:55:27,27.12,18700,27.13,D
sz300747,锐科激光,2025-09-16 14:56:00,27.13,11800,27.14,D
sz300747,锐科激光,2025-09-16 14:56:03,27.14,7700,27.13,U
sz300747,锐科激光,2025-09-16 14:56:27,27.15,11000,27.15,U
sz300747,锐科激光,2025-09-16 14:56:57,27.16,15000,27.16,U
sz300747,锐科激光,2025-09-16 15:00:00,27.16,103100,27.16,U
