symbol,name,ticktime,price,volume,prev_price,kind
sz300747,锐科激光,2025-09-17 09:25:00,27.1,22400,0.0,U
sz300747,锐科激光,2025-09-17 09:30:00,27.1,25900,27.1,U
sz300747,锐科激光,2025-09-17 09:30:03,27.09,20800,27.1,D
sz300747,锐科激光,2025-09-17 09:30:06,27.1,18000,27.09,U
sz300747,锐科激光,2025-09-17 09:30:27,27.14,9400,27.13,U
sz300747,锐科激光,2025-09-17 09:30:33,27.1,12900,27.11,D
sz300747,锐科激光,2025-09-17 09:31:51,27.0,17100,27.05,D
sz300747,锐科激光,2025-09-17 09:32:21,27.0,36700,26.96,U
sz300747,锐科激光,2025-09-17 09:32:57,26.99,7800,26.97,U
sz300747,锐科激光,2025-09-17 09:33:24,27.02,18600,27.0,U
sz300747,锐科激光,2025-09-17 09:33:30,27.02,10600,27.02,U
sz300747,锐科激光,2025-09-17 09:33:54,27.08,8400,27.03,U
sz300747,锐科激光,2025-09-17 09:34:36,27.01,8700,27.01,U
sz300747,锐科激光,2025-09-17 09:34:39,27.02,9300,27.01,U
sz300747,锐科激光,2025-09-17 09:35:00,26.98,13000,27.01,D
sz300747,锐科激光,2025-09-17 09:35:27,27.02,7900,27.01,U
sz300747,锐科激光,2025-09-17 09:35:30,27.02,30500,27.02,U
sz300747,锐科激光,2025-09-17 09:35:48,27.04,22100,27.01,U
sz300747,锐科激光,2025-09-17 09:36:18,27.1,9100,27.05,U
sz300747,锐科激光,2025-09-17 09:36:24,27.05,10600,27.11,D
sz300747,锐科激光,2025-09-17 09:37:06,27.14,35600,27.1,U
sz300747,锐科激光,2025-09-17 09:37:42,27.11,26100,27.13,D
sz300747,锐科激光,2025-09-17 09:37:45,27.13,21000,27.11,U
sz300747,锐科激光,2025-09-17 09:38:18,27.06,9300,27.09,D
sz300747,锐科激光,2025-09-17 09:38:27,27.08,11000,27.06,U
sz300747,锐科激光,2025-09-17 09:38:39,27.08,7700,27.04,U
sz300747,锐科激光,2025-09-17 09:39:00,27.12,7900,27.1,U
sz300747,锐科激光,2025-09-17 09:39:03,27.13,15600,27.12,U
sz300747,锐科激光,2025-09-17 09:39:15,27.14,12100,27.12,U
sz300747,锐科激光,2025-09-17 09:39:18,27.13,11100,27.14,D
sz300747,锐科激光,2025-09-17 09:39:24,27.12,36000,27.12,D
sz300747,锐科激光,2025-09-17 09:40:36,27.13,25400,27.14,D
sz300747,锐科激光,2025-09-17 09:41:12,27.2,7700,27.22,D
sz300747,锐科激光,2025-09-17 09:41:18,27.2,9500,27.22,E
sz300747,锐科激光,2025-09-17 09:41:30,27.2,8100,27.2,D
sz300747,锐科激光,2025-09-17 09:41:36,27.2,8800,27.2,U
sz300747,锐科激光,2025-09-17 09:41:45,27.23,28800,27.18,U
sz300747,锐科激光,2025-09-17 09:42:12,27.19,14000,27.2,D
sz300747,锐科激光,2025-09-17 09:42:48,27.18,56500,27.22,D
sz300747,锐科激光,2025-09-17 09:42:51,27.22,20200,27.18,U
sz300747,锐科激光,2025-09-17 09:43:15,27.2,9800,27.22,D
sz300747,锐科激光,2025-09-17 09:43:18,27.2,10800,27.2,D
sz300747,锐科激光,2025-09-17 09:43:33,27.2,19800,27.19,U
sz300747,锐科激光,2025-09-17 09:43:51,27.22,10700,27.23,D
sz300747,锐科激光,2025-09-17 09:43:54,27.23,9300,27.22,E
sz300747,锐科激光,2025-09-17 09:44:00,27.24,18700,27.22,U
sz300747,锐科激光,2025-09-17 09:44:15,27.26,14600,27.22,U
sz300747,锐科激光,2025-09-17 09:44:21,27.28,10000,27.25,U
sz300747,锐科激光,2025-09-17 09:44:42,27.33,7500,27.32,U
sz300747,锐科激光,2025-09-17 09:44:51,27.3,20500,27.32,D
sz300747,锐科激光,2025-09-17 09:44:54,27.34,23100,27.3,U
sz300747,锐科激光,2025-09-17 09:45:00,27.38,46890,27.34,U
sz300747,锐科激光,2025-09-17 09:45:03,27.38,9400,27.38,U
sz300747,锐科激光,2025-09-17 09:45:06,27.38,24200,27.38,U
sz300747,锐科激光,2025-09-17 09:45:09,27.38,12265,27.38,U
sz300747,锐科激光,2025-09-17 09:45:12,27.39,12600,27.38,U
sz300747,锐科激光,2025-09-17 09:45:30,27.39,13300,27.38,U
sz300747,锐科激光,2025-09-17 09:45:39,27.39,14300,27.38,U
sz300747,锐科激光,2025-09-17 09:45:51,27.39,26600,27.38,U
sz300747,锐科激光,2025-09-17 09:45:54,27.39,29700,27.39,U
sz300747,锐科激光,2025-09-17 09:46:00,27.39,9500,27.4,D
sz300747,锐科激光,2025-09-17 09:46:03,27.41,11900,27.39,D
sz300747,锐科激光,2025-09-17 09:46:06,27.37,21400,27.41,D
sz300747,锐科激光,2025-09-17 09:46:21,27.38,7800,27.36,D
sz300747,锐科激光,2025-09-17 09:46:27,27.38,25500,27.38,D
sz300747,锐科激光,2025-09-17 09:46:33,27.37,18800,27.38,U
sz300747,锐科激光,2025-09-17 09:46:45,27.38,7500,27.38,D
sz300747,锐科激光,2025-09-17 09:46:54,27.37,7600,27.38,D
sz300747,锐科激光,2025-09-17 09:46:57,27.37,25600,27.37,D
sz300747,锐科激光,2025-09-17 09:47:12,27.44,33965,27.41,U
sz300747,锐科激光,2025-09-17 09:47:15,27.47,15700,27.44,U
sz300747,锐科激光,2025-09-17 09:47:18,27.47,13600,27.47,U
sz300747,锐科激光,2025-09-17 09:47:27,27.48,8200,27.47,E
sz300747,锐科激光,2025-09-17 09:47:30,27.51,32260,27.48,U
sz300747,锐科激光,2025-09-17 09:47:36,27.5,16700,27.51,D
sz300747,锐科激光,2025-09-17 09:47:39,27.51,29200,27.5,U
sz300747,锐科激光,2025-09-17 09:47:48,27.51,22140,27.51,D
sz300747,锐科激光,2025-09-17 09:47:51,27.5,8400,27.51,E
sz300747,锐科激光,2025-09-17 09:47:54,27.47,51700,27.5,D
sz300747,锐科激光,2025-09-17 09:47:57,27.47,12600,27.47,D
sz300747,锐科激光,2025-09-17 09:48:18,27.5,10000,27.51,D
sz300747,锐科激光,2025-09-17 09:48:21,27.49,43840,27.5,D
sz300747,锐科激光,2025-09-17 09:48:24,27.5,11200,27.49,U
sz300747,锐科激光,2025-09-17 09:48:30,27.51,103200,27.46,U
sz300747,锐科激光,2025-09-17 09:48:36,27.52,11900,27.49,U
sz300747,锐科激光,2025-09-17 09:48:39,27.5,7700,27.52,E
sz300747,锐科激光,2025-09-17 09:48:54,27.5,9300,27.49,U
sz300747,锐科激光,2025-09-17 09:49:00,27.49,10200,27.48,U
sz300747,锐科激光,2025-09-17 09:49:12,27.49,15500,27.49,D
sz300747,锐科激光,2025-09-17 09:49:18,27.47,12900,27.49,D
sz300747,锐科激光,2025-09-17 09:49:36,27.48,8300,27.49,D
sz300747,锐科激光,2025-09-17 09:49:48,27.5,29100,27.48,U
sz300747,锐科激光,2025-09-17 09:49:51,27.51,13100,27.5,E
sz300747,锐科激光,2025-09-17 09:50:03,27.54,15700,27.54,U
sz300747,锐科激光,2025-09-17 09:50:21,27.58,14200,27.56,U
sz300747,锐科激光,2025-09-17 09:50:33,27.55,25600,27.57,D
sz300747,锐科激光,2025-09-17 09:50:36,27.56,36300,27.55,U
sz300747,锐科激光,2025-09-17 09:50:39,27.56,14600,27.56,U
sz300747,锐科激光,2025-09-17 09:50:51,27.55,9000,27.56,D
sz300747,锐科激光,2025-09-17 09:51:00,27.52,11300,27.53,D
sz300747,锐科激光,2025-09-17 09:51:03,27.51,10800,27.52,D
sz300747,锐科激光,2025-09-17 09:51:06,27.49,21300,27.51,D
sz300747,锐科激光,2025-09-17 09:51:15,27.49,9800,27.5,D
sz300747,锐科激光,2025-09-17 09:51:24,27.49,17500,27.5,D
sz300747,锐科激光,2025-09-17 09:51:30,27.48,10000,27.49,D
sz300747,锐科激光,2025-09-17 09:52:00,27.5,10000,27.5,U
sz300747,锐科激光,2025-09-17 09:52:06,27.53,13600,27.5,U
sz300747,锐科激光,2025-09-17 09:52:39,27.52,17400,27.51,U
sz300747,锐科激光,2025-09-17 09:52:57,27.53,29100,27.53,D
sz300747,锐科激光,2025-09-17 09:53:09,27.56,26000,27.53,U
sz300747,锐科激光,2025-09-17 09:53:15,27.57,7900,27.56,U
sz300747,锐科激光,2025-09-17 09:53:18,27.57,27700,27.57,U
sz300747,锐科激光,2025-09-17 09:53:27,27.59,8000,27.58,U
sz300747,锐科激光,2025-09-17 09:53:33,27.59,7800,27.57,U
sz300747,锐科激光,2025-09-17 09:53:45,27.62,20400,27.59,U
sz300747,锐科激光,2025-09-17 09:53:51,27.62,8300,27.62,U
sz300747,锐科激光,2025-09-17 09:53:57,27.62,8900,27.61,U
sz300747,锐科激光,2025-09-17 09:54:09,27.62,38700,27.63,D
sz300747,锐科激光,2025-09-17 09:54:12,27.63,10900,27.62,U
sz300747,锐科激光,2025-09-17 09:54:15,27.63,13000,27.63,U
sz300747,锐科激光,2025-09-17 09:54:18,27.63,7300,27.63,D
sz300747,锐科激光,2025-09-17 09:54:24,27.66,11700,27.64,U
sz300747,锐科激光,2025-09-17 09:54:33,27.69,42100,27.67,U
sz300747,锐科激光,2025-09-17 09:54:36,27.69,26400,27.69,U
sz300747,锐科激光,2025-09-17 09:54:42,27.69,15100,27.69,D
sz300747,锐科激光,2025-09-17 09:54:48,27.71,9700,27.7,E
sz300747,锐科激光,2025-09-17 09:54:51,27.75,11900,27.71,U
sz300747,锐科激光,2025-09-17 09:54:54,27.75,8400,27.75,U
sz300747,锐科激光,2025-09-17 09:55:03,27.77,28900,27.74,U
sz300747,锐科激光,2025-09-17 09:55:09,27.8,26500,27.77,U
sz300747,锐科激光,2025-09-17 09:55:12,27.8,9300,27.8,D
sz300747,锐科激光,2025-09-17 09:55:15,27.8,36100,27.8,D
sz300747,锐科激光,2025-09-17 09:55:18,27.8,9200,27.8,U
sz300747,锐科激光,2025-09-17 09:55:21,27.8,18700,27.8,U
sz300747,锐科激光,2025-09-17 09:55:27,27.74,82600,27.78,D
sz300747,锐科激光,2025-09-17 09:55:30,27.73,28300,27.74,D
sz300747,锐科激光,2025-09-17 09:55:39,27.77,15500,27.75,U
sz300747,锐科激光,2025-09-17 09:55:45,27.78,19100,27.76,U
sz300747,锐科激光,2025-09-17 09:55:54,27.74,58200,27.77,D
sz300747,锐科激光,2025-09-17 09:56:06,27.72,18200,27.72,U
sz300747,锐科激光,2025-09-17 09:56:12,27.68,17000,27.72,D
sz300747,锐科激光,2025-09-17 09:56:21,27.65,13000,27.71,D
sz300747,锐科激光,2025-09-17 09:56:48,27.6,11800,27.63,D
sz300747,锐科激光,2025-09-17 09:57:09,27.61,13300,27.61,U
sz300747,锐科激光,2025-09-17 09:57:18,27.6,91300,27.61,D
sz300747,锐科激光,2025-09-17 09:57:27,27.59,8600,27.59,U
sz300747,锐科激光,2025-09-17 09:57:45,27.6,8800,27.59,U
sz300747,锐科激光,2025-09-17 09:58:03,27.62,8500,27.61,U
sz300747,锐科激光,2025-09-17 09:58:12,27.63,14200,27.62,U
sz300747,锐科激光,2025-09-17 09:58:24,27.62,10600,27.63,D
sz300747,锐科激光,2025-09-17 09:58:27,27.61,7400,27.62,D
sz300747,锐科激光,2025-09-17 09:58:30,27.61,9700,27.61,D
sz300747,锐科激光,2025-09-17 09:58:33,27.61,9400,27.61,D
sz300747,锐科激光,2025-09-17 09:58:36,27.61,11100,27.61,D
sz300747,锐科激光,2025-09-17 09:58:45,27.62,19000,27.6,U
sz300747,锐科激光,2025-09-17 09:59:00,27.61,11100,27.62,D
sz300747,锐科激光,2025-09-17 09:59:09,27.63,7300,27.62,U
sz300747,锐科激光,2025-09-17 09:59:15,27.61,8000,27.63,D
sz300747,锐科激光,2025-09-17 09:59:18,27.61,15700,27.61,D
sz300747,锐科激光,2025-09-17 09:59:24,27.62,11500,27.61,U
sz300747,锐科激光,2025-09-17 09:59:33,27.62,13800,27.61,U
sz300747,锐科激光,2025-09-17 09:59:36,27.59,43400,27.62,D
sz300747,锐科激光,2025-09-17 09:59:51,27.58,16700,27.6,D
sz300747,锐科激光,2025-09-17 10:00:00,27.54,17000,27.58,D
sz300747,锐科激光,2025-09-17 10:00:03,27.52,8600,27.54,D
sz300747,锐科激光,2025-09-17 10:00:09,27.55,9300,27.51,U
sz300747,锐科激光,2025-09-17 10:00:12,27.53,12100,27.55,D
sz300747,锐科激光,2025-09-17 10:00:15,27.55,10900,27.53,E
sz300747,锐科激光,2025-09-17 10:00:24,27.54,9900,27.58,D
sz300747,锐科激光,2025-09-17 10:00:36,27.59,10600,27.58,U
sz300747,锐科激光,2025-09-17 10:00:48,27.57,10700,27.57,D
sz300747,锐科激光,2025-09-17 10:00:54,27.58,17200,27.58,D
sz300747,锐科激光,2025-09-17 10:01:00,27.59,9800,27.56,U
sz300747,锐科激光,2025-09-17 10:01:03,27.6,7700,27.59,U
sz300747,锐科激光,2025-09-17 10:01:21,27.61,11800,27.61,D
sz300747,锐科激光,2025-09-17 10:01:33,27.61,7500,27.61,D
sz300747,锐科激光,2025-09-17 10:01:36,27.62,16200,27.61,U
sz300747,锐科激光,2025-09-17 10:01:57,27.63,20900,27.63,U
sz300747,锐科激光,2025-09-17 10:02:00,27.63,8500,27.63,U
sz300747,锐科激光,2025-09-17 10:02:03,27.62,30600,27.63,D
sz300747,锐科激光,2025-09-17 10:02:24,27.57,12100,27.58,D
sz300747,锐科激光,2025-09-17 10:02:30,27.57,10100,27.56,U
sz300747,锐科激光,2025-09-17 10:02:48,27.56,12400,27.56,U
sz300747,锐科激光,2025-09-17 10:02:54,27.55,20300,27.57,D
sz300747,锐科激光,2025-09-17 10:03:09,27.59,33200,27.57,U
sz300747,锐科激光,2025-09-17 10:03:33,27.63,8800,27.59,U
sz300747,锐科激光,2025-09-17 10:03:39,27.6,16900,27.6,U
sz300747,锐科激光,2025-09-17 10:04:09,27.55,8400,27.59,D
sz300747,锐科激光,2025-09-17 10:04:12,27.57,11900,27.55,U
sz300747,锐科激光,2025-09-17 10:04:39,27.55,12300,27.54,U
sz300747,锐科激光,2025-09-17 10:05:21,27.57,9300,27.58,D
sz300747,锐科激光,2025-09-17 10:06:15,27.55,8400,27.54,U
sz300747,锐科激光,2025-09-17 10:06:51,27.5,11500,27.52,D
sz300747,锐科激光,2025-09-17 10:07:00,27.49,37400,27.51,D
sz300747,锐科激光,2025-09-17 10:07:03,27.48,8700,27.49,D
sz300747,锐科激光,2025-09-17 10:07:45,27.48,12400,27.47,U
sz300747,锐科激光,2025-09-17 10:09:06,27.48,8000,27.49,D
sz300747,锐科激光,2025-09-17 10:09:48,27.45,9800,27.45,U
sz300747,锐科激光,2025-09-17 10:10:51,27.37,32700,27.4,D
sz300747,锐科激光,2025-09-17 10:10:54,27.39,35900,27.37,U
sz300747,锐科激光,2025-09-17 10:11:03,27.38,7800,27.39,D
sz300747,锐科激光,2025-09-17 10:11:33,27.4,11800,27.4,U
sz300747,锐科激光,2025-09-17 10:12:00,27.41,20100,27.42,D
sz300747,锐科激光,2025-09-17 10:12:03,27.42,34700,27.41,U
sz300747,锐科激光,2025-09-17 10:12:30,27.42,9700,27.42,D
sz300747,锐科激光,2025-09-17 10:12:36,27.42,33900,27.42,U
sz300747,锐科激光,2025-09-17 10:12:39,27.41,7600,27.42,D
sz300747,锐科激光,2025-09-17 10:13:42,27.46,68200,27.43,U
sz300747,锐科激光,2025-09-17 10:13:51,27.45,9100,27.45,U
sz300747,锐科激光,2025-09-17 10:15:15,27.44,8300,27.46,D
sz300747,锐科激光,2025-09-17 10:15:18,27.43,12700,27.44,D
sz300747,锐科激光,2025-09-17 10:15:21,27.43,12400,27.43,D
sz300747,锐科激光,2025-09-17 10:15:36,27.42,11800,27.42,D
sz300747,锐科激光,2025-09-17 10:15:45,27.42,10000,27.42,U
sz300747,锐科激光,2025-09-17 10:16:57,27.41,9100,27.41,D
sz300747,锐科激光,2025-09-17 10:17:33,27.42,10100,27.42,U
sz300747,锐科激光,2025-09-17 10:17:42,27.4,13900,27.41,D
sz300747,锐科激光,2025-09-17 10:17:54,27.41,12400,27.41,U
sz300747,锐科激光,2025-09-17 10:18:21,27.38,20900,27.4,D
sz300747,锐科激光,2025-09-17 10:18:51,27.4,8400,27.39,U
sz300747,锐科激光,2025-09-17 10:19:06,27.41,11700,27.39,U
sz300747,锐科激光,2025-09-17 10:20:06,27.39,41500,27.41,D
sz300747,锐科激光,2025-09-17 10:20:09,27.39,15100,27.39,D
sz300747,锐科激光,2025-09-17 10:20:21,27.39,8000,27.39,D
sz300747,锐科激光,2025-09-17 10:20:39,27.38,12300,27.38,D
sz300747,锐科激光,2025-09-17 10:20:42,27.39,22300,27.38,U
sz300747,锐科激光,2025-09-17 10:21:09,27.35,37200,27.38,D
sz300747,锐科激光,2025-09-17 10:21:12,27.35,12000,27.35,U
sz300747,锐科激光,2025-09-17 10:22:09,27.33,10200,27.34,D
sz300747,锐科激光,2025-09-17 10:22:21,27.32,14300,27.32,D
sz300747,锐科激光,2025-09-17 10:22:39,27.27,100700,27.32,D
sz300747,锐科激光,2025-09-17 10:22:42,27.29,21300,27.27,U
sz300747,锐科激光,2025-09-17 10:23:00,27.28,15700,27.29,D
sz300747,锐科激光,2025-09-17 10:23:51,27.28,15300,27.29,D
sz300747,锐科激光,2025-09-17 10:24:33,27.31,27600,27.31,D
sz300747,锐科激光,2025-09-17 10:25:03,27.3,34500,27.31,D
sz300747,锐科激光,2025-09-17 10:25:06,27.28,11900,27.3,D
sz300747,锐科激光,2025-09-17 10:25:12,27.27,8800,27.27,D
sz300747,锐科激光,2025-09-17 10:25:15,27.27,14300,27.27,D
sz300747,锐科激光,2025-09-17 10:25:42,27.21,8500,27.22,D
sz300747,锐科激光,2025-09-17 10:25:51,27.23,15100,27.22,U
sz300747,锐科激光,2025-09-17 10:25:57,27.21,10500,27.23,D
sz300747,锐科激光,2025-09-17 10:26:03,27.2,14000,27.21,D
sz300747,锐科激光,2025-09-17 10:26:06,27.2,13500,27.2,D
sz300747,锐科激光,2025-09-17 10:26:09,27.21,10100,27.2,U
sz300747,锐科激光,2025-09-17 10:26:15,27.2,14700,27.2,D
sz300747,锐科激光,2025-09-17 10:26:18,27.2,8200,27.2,D
sz300747,锐科激光,2025-09-17 10:26:21,27.21,7700,27.2,U
sz300747,锐科激光,2025-09-17 10:26:24,27.21,9600,27.21,U
sz300747,锐科激光,2025-09-17 10:26:27,27.2,10500,27.21,D
sz300747,锐科激光,2025-09-17 10:27:03,27.19,8500,27.2,D
sz300747,锐科激光,2025-09-17 10:27:54,27.18,31700,27.18,U
sz300747,锐科激光,2025-09-17 10:28:03,27.2,20410,27.18,U
sz300747,锐科激光,2025-09-17 10:28:45,27.22,13000,27.23,D
sz300747,锐科激光,2025-09-17 10:29:06,27.2,7800,27.22,D
sz300747,锐科激光,2025-09-17 10:29:09,27.22,8700,27.2,U
sz300747,锐科激光,2025-09-17 10:29:24,27.19,8300,27.18,U
sz300747,锐科激光,2025-09-17 10:30:30,27.16,17700,27.15,U
sz300747,锐科激光,2025-09-17 10:30:54,27.15,14200,27.16,D
sz300747,锐科激光,2025-09-17 10:31:09,27.18,16600,27.16,U
sz300747,锐科激光,2025-09-17 10:31:30,27.16,15600,27.18,D
sz300747,锐科激光,2025-09-17 10:31:33,27.17,18800,27.16,U
sz300747,锐科激光,2025-09-17 10:34:24,27.17,9300,27.19,D
sz300747,锐科激光,2025-09-17 10:34:27,27.17,8900,27.17,D
sz300747,锐科激光,2025-09-17 10:35:03,27.17,9800,27.19,D
sz300747,锐科激光,2025-09-17 10:35:06,27.17,14900,27.17,D
sz300747,锐科激光,2025-09-17 10:36:48,27.22,8200,27.21,D
sz300747,锐科激光,2025-09-17 10:37:18,27.19,16700,27.21,D
sz300747,锐科激光,2025-09-17 10:37:27,27.19,8100,27.2,D
sz300747,锐科激光,2025-09-17 10:37:30,27.19,11500,27.19,U
sz300747,锐科激光,2025-09-17 10:37:33,27.19,14500,27.19,U
sz300747,锐科激光,2025-09-17 10:37:36,27.17,34500,27.19,D
sz300747,锐科激光,2025-09-17 10:37:39,27.17,8500,27.17,D
sz300747,锐科激光,2025-09-17 10:37:42,27.19,7400,27.17,U
sz300747,锐科激光,2025-09-17 10:40:45,27.25,10100,27.24,U
sz300747,锐科激光,2025-09-17 10:41:00,27.25,16100,27.26,D
sz300747,锐科激光,2025-09-17 10:41:03,27.25,8700,27.25,U
sz300747,锐科激光,2025-09-17 10:41:09,27.27,8900,27.24,U
sz300747,锐科激光,2025-09-17 10:41:12,27.27,19900,27.27,U
sz300747,锐科激光,2025-09-17 10:41:45,27.28,28100,27.28,U
sz300747,锐科激光,2025-09-17 10:42:09,27.3,10000,27.28,U
sz300747,锐科激光,2025-09-17 10:42:18,27.3,10600,27.27,U
sz300747,锐科激光,2025-09-17 10:42:45,27.27,17600,27.28,D
sz300747,锐科激光,2025-09-17 10:43:00,27.3,17300,27.28,U
sz300747,锐科激光,2025-09-17 10:43:06,27.25,12800,27.26,D
sz300747,锐科激光,2025-09-17 10:43:33,27.23,13000,27.23,D
sz300747,锐科激光,2025-09-17 10:44:21,27.22,13400,27.22,D
sz300747,锐科激光,2025-09-17 10:45:45,27.22,8500,27.23,D
sz300747,锐科激光,2025-09-17 10:46:54,27.25,11300,27.24,U
sz300747,锐科激光,2025-09-17 10:47:03,27.24,8400,27.25,D
sz300747,锐科激光,2025-09-17 10:49:18,27.29,10000,27.29,D
sz300747,锐科激光,2025-09-17 10:50:15,27.26,7900,27.26,D
sz300747,锐科激光,2025-09-17 10:50:18,27.25,8100,27.26,D
sz300747,锐科激光,2025-09-17 10:50:42,27.26,11800,27.23,U
sz300747,锐科激光,2025-09-17 10:51:12,27.27,8400,27.27,U
sz300747,锐科激光,2025-09-17 10:51:27,27.28,10000,27.28,U
sz300747,锐科激光,2025-09-17 10:53:18,27.28,42100,27.29,D
sz300747,锐科激光,2025-09-17 10:53:33,27.29,8700,27.26,U
sz300747,锐科激光,2025-09-17 10:55:51,27.33,7900,27.32,U
sz300747,锐科激光,2025-09-17 10:57:27,27.33,9000,27.33,D
sz300747,锐科激光,2025-09-17 10:57:51,27.36,8100,27.35,U
sz300747,锐科激光,2025-09-17 10:58:18,27.38,15900,27.39,D
sz300747,锐科激光,2025-09-17 10:58:39,27.37,7900,27.37,U
sz300747,锐科激光,2025-09-17 10:59:18,27.39,12200,27.39,U
sz300747,锐科激光,2025-09-17 10:59:24,27.38,12600,27.39,D
sz300747,锐科激光,2025-09-17 11:03:36,27.39,7700,27.4,D
sz300747,锐科激光,2025-09-17 11:04:27,27.38,10000,27.38,D
sz300747,锐科激光,2025-09-17 11:05:18,27.49,8000,27.48,E
sz300747,锐科激光,2025-09-17 11:06:21,27.44,7300,27.46,D
sz300747,锐科激光,2025-09-17 11:07:06,27.43,8200,27.45,D
sz300747,锐科激光,2025-09-17 11:07:15,27.45,16900,27.44,U
sz300747,锐科激光,2025-09-17 11:07:54,27.47,15600,27.47,D
sz300747,锐科激光,2025-09-17 11:08:30,27.41,12400,27.43,D
sz300747,锐科激光,2025-09-17 11:08:42,27.41,13800,27.4,U
sz300747,锐科激光,2025-09-17 11:11:09,27.43,12900,27.44,D
sz300747,锐科激光,2025-09-17 11:11:12,27.44,8100,27.43,U
sz300747,锐科激光,2025-09-17 11:12:03,27.39,7400,27.42,D
sz300747,锐科激光,2025-09-17 11:13:48,27.45,7600,27.44,U
sz300747,锐科激光,2025-09-17 11:15:00,27.46,8200,27.47,D
sz300747,锐科激光,2025-09-17 11:19:24,27.5,9100,27.49,U
sz300747,锐科激光,2025-09-17 11:19:33,27.5,8900,27.51,D
sz300747,锐科激光,2025-09-17 11:19:45,27.5,15700,27.5,D
sz300747,锐科激光,2025-09-17 11:20:45,27.49,11500,27.48,E
sz300747,锐科激光,2025-09-17 11:20:48,27.54,41200,27.49,U
sz300747,锐科激光,2025-09-17 11:21:54,27.55,17900,27.55,D
sz300747,锐科激光,2025-09-17 11:22:12,27.58,14500,27.56,U
sz300747,锐科激光,2025-09-17 11:22:24,27.59,8500,27.58,U
sz300747,锐科激光,2025-09-17 11:22:27,27.61,10900,27.59,U
sz300747,锐科激光,2025-09-17 11:23:00,27.62,13100,27.62,D
sz300747,锐科激光,2025-09-17 11:23:15,27.6,11800,27.59,U
sz300747,锐科激光,2025-09-17 11:23:21,27.59,13400,27.61,E
sz300747,锐科激光,2025-09-17 11:23:48,27.62,21100,27.58,U
sz300747,锐科激光,2025-09-17 11:24:18,27.6,7400,27.58,U
sz300747,锐科激光,2025-09-17 11:25:33,27.57,12300,27.58,D
sz300747,锐科激光,2025-09-17 11:25:57,27.56,20000,27.56,U
sz300747,锐科激光,2025-09-17 11:26:03,27.55,11600,27.56,D
sz300747,锐科激光,2025-09-17 11:27:09,27.55,10700,27.55,U
sz300747,锐科激光,2025-09-17 11:27:45,27.58,7600,27.57,U
sz300747,锐科激光,2025-09-17 11:27:57,27.58,10700,27.58,D
sz300747,锐科激光,2025-09-17 13:00:00,27.57,41100,27.56,U
sz300747,锐科激光,2025-09-17 13:00:03,27.57,15300,27.57,D
sz300747,锐科激光,2025-09-17 13:00:09,27.56,32700,27.57,D
sz300747,锐科激光,2025-09-17 13:00:12,27.53,21300,27.56,D
sz300747,锐科激光,2025-09-17 13:00:15,27.56,16200,27.53,U
sz300747,锐科激光,2025-09-17 13:00:30,27.61,12500,27.58,U
sz300747,锐科激光,2025-09-17 13:01:24,27.53,8300,27.56,D
sz300747,锐科激光,2025-09-17 13:05:18,27.5,22700,27.47,U
sz300747,锐科激光,2025-09-17 13:05:21,27.47,9600,27.5,D
sz300747,锐科激光,2025-09-17 13:05:42,27.5,7500,27.48,U
sz300747,锐科激光,2025-09-17 13:05:48,27.5,7800,27.5,U
sz300747,锐科激光,2025-09-17 13:06:18,27.49,8800,27.5,D
sz300747,锐科激光,2025-09-17 13:06:39,27.5,9300,27.48,U
sz300747,锐科激光,2025-09-17 13:07:27,27.44,10600,27.46,D
sz300747,锐科激光,2025-09-17 13:07:36,27.45,18900,27.44,U
sz300747,锐科激光,2025-09-17 13:07:39,27.46,13400,27.45,U
sz300747,锐科激光,2025-09-17 13:07:57,27.46,14300,27.46,D
sz300747,锐科激光,2025-09-17 13:12:21,27.42,9100,27.43,D
sz300747,锐科激光,2025-09-17 13:12:24,27.42,26600,27.42,D
sz300747,锐科激光,2025-09-17 13:13:54,27.4,24800,27.4,D
sz300747,锐科激光,2025-09-17 13:14:15,27.4,15200,27.4,U
sz300747,锐科激光,2025-09-17 13:15:33,27.37,21000,27.4,D
sz300747,锐科激光,2025-09-17 13:16:45,27.39,13700,27.37,U
sz300747,锐科激光,2025-09-17 13:17:03,27.37,15600,27.37,D
sz300747,锐科激光,2025-09-17 13:17:45,27.38,12600,27.36,U
sz300747,锐科激光,2025-09-17 13:21:27,27.4,7500,27.4,U
sz300747,锐科激光,2025-09-17 13:21:30,27.42,12900,27.4,U
sz300747,锐科激光,2025-09-17 13:22:18,27.47,60800,27.43,U
sz300747,锐科激光,2025-09-17 13:22:21,27.5,7700,27.47,U
sz300747,锐科激光,2025-09-17 13:24:18,27.39,13600,27.4,D
sz300747,锐科激光,2025-09-17 13:25:33,27.38,41100,27.39,D
sz300747,锐科激光,2025-09-17 13:27:24,27.32,13600,27.34,D
sz300747,锐科激光,2025-09-17 13:28:06,27.31,12700,27.32,D
sz300747,锐科激光,2025-09-17 13:28:30,27.33,8700,27.33,D
sz300747,锐科激光,2025-09-17 13:29:15,27.31,9300,27.3,U
sz300747,锐科激光,2025-09-17 13:29:30,27.3,20600,27.3,D
sz300747,锐科激光,2025-09-17 13:29:36,27.29,7900,27.29,D
sz300747,锐科激光,2025-09-17 13:32:09,27.28,8500,27.28,D
sz300747,锐科激光,2025-09-17 13:32:33,27.28,27300,27.27,U
sz300747,锐科激光,2025-09-17 13:32:45,27.29,9300,27.28,U
sz300747,锐科激光,2025-09-17 13:34:00,27.29,33200,27.28,U
sz300747,锐科激光,2025-09-17 13:35:54,27.32,10500,27.32,D
sz300747,锐科激光,2025-09-17 13:37:03,27.3,9300,27.32,D
sz300747,锐科激光,2025-09-17 13:37:12,27.3,12200,27.3,D
sz300747,锐科激光,2025-09-17 13:37:21,27.28,14000,27.29,D
sz300747,锐科激光,2025-09-17 13:40:18,27.3,14400,27.3,U
sz300747,锐科激光,2025-09-17 13:41:36,27.3,10600,27.3,D
sz300747,锐科激光,2025-09-17 13:42:03,27.27,11400,27.29,D
sz300747,锐科激光,2025-09-17 13:43:03,27.27,7500,27.29,D
sz300747,锐科激光,2025-09-17 13:44:06,27.27,11400,27.26,U
sz300747,锐科激光,2025-09-17 13:46:51,27.3,14000,27.31,D
sz300747,锐科激光,2025-09-17 13:49:06,27.3,16800,27.3,D
sz300747,锐科激光,2025-09-17 13:50:00,27.28,7700,27.29,D
sz300747,锐科激光,2025-09-17 13:51:45,27.27,10400,27.28,D
sz300747,锐科激光,2025-09-17 13:54:00,27.31,7500,27.32,D
sz300747,锐科激光,2025-09-17 13:54:51,27.33,7700,27.33,U
sz300747,锐科激光,2025-09-17 13:55:21,27.33,14900,27.33,U
sz300747,锐科激光,2025-09-17 13:55:27,27.33,32800,27.33,U
sz300747,锐科激光,2025-09-17 13:56:03,27.36,111320,27.33,U
sz300747,锐科激光,2025-09-17 13:56:06,27.37,9000,27.36,U
sz300747,锐科激光,2025-09-17 13:57:30,27.35,17600,27.36,D
sz300747,锐科激光,2025-09-17 14:01:00,27.35,9100,27.36,D
sz300747,锐科激光,2025-09-17 14:01:03,27.33,28000,27.35,D
sz300747,锐科激光,2025-09-17 14:01:06,27.33,12100,27.33,D
sz300747,锐科激光,2025-09-17 14:01:36,27.33,7600,27.32,U
sz300747,锐科激光,2025-09-17 14:07:33,27.3,35900,27.3,U
sz300747,锐科激光,2025-09-17 14:08:03,27.28,10500,27.28,U
sz300747,锐科激光,2025-09-17 14:09:51,27.27,10900,27.27,D
sz300747,锐科激光,2025-09-17 14:11:24,27.31,9000,27.31,U
sz300747,锐科激光,2025-09-17 14:15:21,27.3,9700,27.29,U
sz300747,锐科激光,2025-09-17 14:22:48,27.3,10900,27.29,U
sz300747,锐科激光,2025-09-17 14:24:00,27.31,15400,27.31,U
sz300747,锐科激光,2025-09-17 14:24:06,27.32,10400,27.31,U
sz300747,锐科激光,2025-09-17 14:25:00,27.37,11900,27.35,U
sz300747,锐科激光,2025-09-17 14:28:39,27.28,16900,27.3,D
sz300747,锐科激光,2025-09-17 14:28:42,27.27,18700,27.28,D
sz300747,锐科激光,2025-09-17 14:28:48,27.27,12600,27.27,D
sz300747,锐科激光,2025-09-17 14:30:54,27.29,7800,27.28,U
sz300747,锐科激光,2025-09-17 14:33:00,27.28,20900,27.29,D
sz300747,锐科激光,2025-09-17 14:34:33,27.27,15300,27.28,D
sz300747,锐科激光,2025-09-17 14:35:42,27.26,22300,27.27,D
sz300747,锐科激光,2025-09-17 14:36:33,27.25,9600,27.26,D
sz300747,锐科激光,2025-09-17 14:36:48,27.24,13300,27.25,D
sz300747,锐科激光,2025-09-17 14:37:09,27.22,22000,27.23,D
sz300747,锐科激光,2025-09-17 14:37:24,27.23,10200,27.23,U
sz300747,锐科激光,2025-09-17 14:38:27,27.25,13100,27.26,E
sz300747,锐科激光,2025-09-17 14:38:54,27.22,100000,27.26,D
sz300747,锐科激光,2025-09-17 14:39:00,27.22,18800,27.25,D
sz300747,锐科激光,2025-09-17 14:39:18,27.23,8500,27.24,D
sz300747,锐科激光,2025-09-17 14:39:48,27.21,55700,27.23,D
sz300747,锐科激光,2025-09-17 14:41:45,27.21,20500,27.22,D
sz300747,锐科激光,2025-09-17 14:42:12,27.24,10500,27.23,U
sz300747,锐科激光,2025-09-17 14:42:24,27.24,10300,27.24,U
sz300747,锐科激光,2025-09-17 14:43:21,27.25,9700,27.23,U
sz300747,锐科激光,2025-09-17 14:43:24,27.24,16000,27.25,D
sz300747,锐科激光,2025-09-17 14:44:51,27.25,8100,27.24,U
sz300747,锐科激光,2025-09-17 14:45:00,27.24,21700,27.25,D
sz300747,锐科激光,2025-09-17 14:45:33,27.24,21700,27.23,U
sz300747,锐科激光,2025-09-17 14:46:06,27.25,8700,27.25,U
sz300747,锐科激光,2025-09-17 14:46:12,27.26,54100,27.26,U
sz300747,锐科激光,2025-09-17 14:46:21,27.23,25000,27.24,D
sz300747,锐科激光,2025-09-17 14:46:42,27.24,11400,27.25,D
sz300747,锐科激光,2025-09-17 14:47:30,27.26,7400,27.27,D
sz300747,锐科激光,2025-09-17 14:47:39,27.27,9000,27.27,U
sz300747,锐科激光,2025-09-17 14:49:06,27.24,20700,27.26,D
sz300747,锐科激光,2025-09-17 14:50:24,27.28,12900,27.27,U
sz300747,锐科激光,2025-09-17 14:50:30,27.26,28424,27.27,D
sz300747,锐科激光,2025-09-17 14:51:00,27.25,20400,27.27,D
sz300747,锐科激光,2025-09-17 14:52:09,27.26,15900,27.25,U
sz300747,锐科激光,2025-09-17 14:52:48,27.26,7400,27.25,U
sz300747,锐科激光,2025-09-17 14:53:03,27.25,20200,27.26,D
sz300747,锐科激光,2025-09-17 14:55:00,27.27,8900,27.28,D
sz300747,锐科激光,2025-09-17 14:55:27,27.28,13500,27.27,U
sz300747,锐科激光,2025-09-17 14:56:15,27.29,10700,27.28,U
sz300747,锐科激光,2025-09-17 14:56:18,27.29,7900,27.29,D
sz300747,锐科激光,2025-09-17 15:00:00,27.33,113600,27.32,E
