symbol,name,ticktime,price,volume,prev_price,kind
sz300747,锐科激光,2025-09-22 09:25:00,27.2,70600,0.0,U
sz300747,锐科激光,2025-09-22 09:30:00,27.3,91600,27.2,U
sz300747,锐科激光,2025-09-22 09:30:03,27.27,49500,27.3,D
sz300747,锐科激光,2025-09-22 09:30:06,27.31,10300,27.27,U
sz300747,锐科激光,2025-09-22 09:30:12,27.36,8600,27.3,E
sz300747,锐科激光,2025-09-22 09:30:15,27.28,13000,27.36,D
sz300747,锐科激光,2025-09-22 09:30:18,27.24,29000,27.28,D
sz300747,锐科激光,2025-09-22 09:30:21,27.22,24900,27.24,D
sz300747,锐科激光,2025-09-22 09:30:27,27.15,18000,27.2,D
sz300747,锐科激光,2025-09-22 09:30:30,27.13,12500,27.15,D
sz300747,锐科激光,2025-09-22 09:30:33,27.09,10300,27.13,D
sz300747,锐科激光,2025-09-22 09:30:36,27.04,14100,27.09,D
sz300747,锐科激光,2025-09-22 09:30:39,27.06,47800,27.04,U
sz300747,锐科激光,2025-09-22 09:30:42,27.16,56200,27.06,U
sz300747,锐科激光,2025-09-22 09:30:45,27.09,24400,27.16,D
sz300747,锐科激光,2025-09-22 09:30:48,27.1,36600,27.09,D
sz300747,锐科激光,2025-09-22 09:30:57,27.06,14700,27.07,D
sz300747,锐科激光,2025-09-22 09:31:00,27.07,31200,27.06,U
sz300747,锐科激光,2025-09-22 09:31:24,27.13,12300,27.12,U
sz300747,锐科激光,2025-09-22 09:31:30,27.11,9500,27.1,E
sz300747,锐科激光,2025-09-22 09:31:54,27.15,49300,27.15,D
sz300747,锐科激光,2025-09-22 09:31:57,27.12,7700,27.15,D
sz300747,锐科激光,2025-09-22 09:32:00,27.15,10400,27.12,U
sz300747,锐科激光,2025-09-22 09:32:21,27.15,11100,27.17,D
sz300747,锐科激光,2025-09-22 09:32:24,27.14,8500,27.15,D
sz300747,锐科激光,2025-09-22 09:32:27,27.12,10900,27.14,D
sz300747,锐科激光,2025-09-22 09:32:39,27.11,18300,27.11,D
sz300747,锐科激光,2025-09-22 09:32:45,27.09,21836,27.1,D
sz300747,锐科激光,2025-09-22 09:32:51,27.11,14164,27.08,U
sz300747,锐科激光,2025-09-22 09:32:54,27.12,9500,27.11,U
sz300747,锐科激光,2025-09-22 09:33:09,27.1,10100,27.12,D
sz300747,锐科激光,2025-09-22 09:33:27,27.08,14100,27.1,D
sz300747,锐科激光,2025-09-22 09:33:33,27.1,8700,27.08,U
sz300747,锐科激光,2025-09-22 09:33:48,27.06,16100,27.08,D
sz300747,锐科激光,2025-09-22 09:33:51,27.08,14100,27.06,U
sz300747,锐科激光,2025-09-22 09:34:03,27.04,19300,27.06,D
sz300747,锐科激光,2025-09-22 09:34:06,27.04,24000,27.04,D
sz300747,锐科激光,2025-09-22 09:34:09,27.03,10300,27.04,D
sz300747,锐科激光,2025-09-22 09:34:15,27.02,9200,27.03,D
sz300747,锐科激光,2025-09-22 09:34:18,27.03,21000,27.02,U
sz300747,锐科激光,2025-09-22 09:34:48,27.06,53839,27.04,U
sz300747,锐科激光,2025-09-22 09:35:06,27.15,48800,27.04,U
sz300747,锐科激光,2025-09-22 09:35:24,27.16,11100,27.12,U
sz300747,锐科激光,2025-09-22 09:35:36,27.17,7900,27.15,U
sz300747,锐科激光,2025-09-22 09:35:57,27.2,42000,27.18,U
sz300747,锐科激光,2025-09-22 09:36:00,27.2,10200,27.2,U
sz300747,锐科激光,2025-09-22 09:36:09,27.17,14400,27.2,D
sz300747,锐科激光,2025-09-22 09:36:45,27.14,23000,27.18,D
sz300747,锐科激光,2025-09-22 09:37:24,27.22,9600,27.21,E
sz300747,锐科激光,2025-09-22 09:37:42,27.19,20500,27.22,D
sz300747,锐科激光,2025-09-22 09:37:45,27.22,9000,27.19,U
sz300747,锐科激光,2025-09-22 09:38:15,27.25,11000,27.24,U
sz300747,锐科激光,2025-09-22 09:39:09,27.27,20700,27.26,U
sz300747,锐科激光,2025-09-22 09:39:54,27.28,16200,27.3,D
sz300747,锐科激光,2025-09-22 09:39:57,27.28,68500,27.28,U
sz300747,锐科激光,2025-09-22 09:40:06,27.31,9400,27.29,U
sz300747,锐科激光,2025-09-22 09:40:09,27.25,7400,27.31,D
sz300747,锐科激光,2025-09-22 09:40:18,27.25,12000,27.24,E
sz300747,锐科激光,2025-09-22 09:40:51,27.3,12800,27.27,U
sz300747,锐科激光,2025-09-22 09:41:45,27.33,22500,27.3,U
sz300747,锐科激光,2025-09-22 09:41:51,27.33,9900,27.33,U
sz300747,锐科激光,2025-09-22 09:41:57,27.32,20800,27.34,D
sz300747,锐科激光,2025-09-22 09:42:24,27.38,10200,27.34,U
sz300747,锐科激光,2025-09-22 09:42:27,27.4,35500,27.38,U
sz300747,锐科激光,2025-09-22 09:42:57,27.43,43800,27.47,D
sz300747,锐科激光,2025-09-22 09:43:03,27.43,10200,27.45,E
sz300747,锐科激光,2025-09-22 09:43:06,27.43,8900,27.43,U
sz300747,锐科激光,2025-09-22 09:43:18,27.4,15100,27.43,D
sz300747,锐科激光,2025-09-22 09:43:42,27.39,36200,27.35,U
sz300747,锐科激光,2025-09-22 09:43:45,27.33,16700,27.39,D
sz300747,锐科激光,2025-09-22 09:43:54,27.35,23300,27.35,D
sz300747,锐科激光,2025-09-22 09:44:06,27.35,9100,27.36,D
sz300747,锐科激光,2025-09-22 09:44:21,27.34,11700,27.34,U
sz300747,锐科激光,2025-09-22 09:44:27,27.34,7400,27.34,D
sz300747,锐科激光,2025-09-22 09:44:33,27.34,8800,27.34,E
sz300747,锐科激光,2025-09-22 09:45:00,27.34,7900,27.35,D
sz300747,锐科激光,2025-09-22 09:45:12,27.32,11100,27.33,D
sz300747,锐科激光,2025-09-22 09:45:27,27.29,14500,27.3,D
sz300747,锐科激光,2025-09-22 09:45:36,27.3,25000,27.3,U
sz300747,锐科激光,2025-09-22 09:45:42,27.32,11700,27.33,D
sz300747,锐科激光,2025-09-22 09:45:54,27.36,14100,27.35,U
sz300747,锐科激光,2025-09-22 09:46:21,27.34,12300,27.34,E
sz300747,锐科激光,2025-09-22 09:46:30,27.34,8700,27.34,D
sz300747,锐科激光,2025-09-22 09:46:54,27.35,15100,27.33,U
sz300747,锐科激光,2025-09-22 09:47:39,27.29,23700,27.3,D
sz300747,锐科激光,2025-09-22 09:47:51,27.3,7700,27.3,D
sz300747,锐科激光,2025-09-22 09:48:03,27.27,32900,27.29,D
sz300747,锐科激光,2025-09-22 09:48:18,27.23,13000,27.24,D
sz300747,锐科激光,2025-09-22 09:48:30,27.2,16000,27.22,D
sz300747,锐科激光,2025-09-22 09:49:03,27.22,16700,27.22,D
sz300747,锐科激光,2025-09-22 09:50:00,27.22,23200,27.22,D
sz300747,锐科激光,2025-09-22 09:50:51,27.25,13800,27.28,D
sz300747,锐科激光,2025-09-22 09:50:54,27.24,13200,27.25,D
sz300747,锐科激光,2025-09-22 09:51:30,27.23,21100,27.25,D
sz300747,锐科激光,2025-09-22 09:51:33,27.25,23100,27.23,U
sz300747,锐科激光,2025-09-22 09:52:39,27.23,10400,27.23,D
sz300747,锐科激光,2025-09-22 09:52:54,27.24,27200,27.24,U
sz300747,锐科激光,2025-09-22 09:52:57,27.27,21200,27.24,U
sz300747,锐科激光,2025-09-22 09:53:12,27.27,13100,27.27,D
sz300747,锐科激光,2025-09-22 09:53:39,27.26,28300,27.28,D
sz300747,锐科激光,2025-09-22 09:54:21,27.24,12800,27.25,D
sz300747,锐科激光,2025-09-22 09:55:03,27.22,10000,27.21,U
sz300747,锐科激光,2025-09-22 09:55:45,27.2,9700,27.2,D
sz300747,锐科激光,2025-09-22 09:56:00,27.18,7400,27.18,D
sz300747,锐科激光,2025-09-22 09:56:12,27.15,20100,27.17,D
sz300747,锐科激光,2025-09-22 09:56:21,27.15,9000,27.15,U
sz300747,锐科激光,2025-09-22 09:56:45,27.14,7800,27.14,D
sz300747,锐科激光,2025-09-22 09:57:30,27.09,43000,27.11,D
sz300747,锐科激光,2025-09-22 09:58:45,27.13,19000,27.13,D
sz300747,锐科激光,2025-09-22 09:58:57,27.11,41000,27.11,D
sz300747,锐科激光,2025-09-22 09:59:03,27.1,12800,27.11,D
sz300747,锐科激光,2025-09-22 09:59:39,27.09,14100,27.1,D
sz300747,锐科激光,2025-09-22 09:59:54,27.07,25600,27.08,D
sz300747,锐科激光,2025-09-22 09:59:57,27.03,57400,27.07,D
sz300747,锐科激光,2025-09-22 10:00:12,27.02,10800,27.04,D
sz300747,锐科激光,2025-09-22 10:00:57,27.06,8800,27.07,D
sz300747,锐科激光,2025-09-22 10:01:00,27.03,47700,27.06,D
sz300747,锐科激光,2025-09-22 10:01:03,27.02,17300,27.03,D
sz300747,锐科激光,2025-09-22 10:01:09,26.99,93700,27.02,D
sz300747,锐科激光,2025-09-22 10:01:15,26.99,8600,27.0,D
sz300747,锐科激光,2025-09-22 10:01:18,26.98,13400,26.99,D
sz300747,锐科激光,2025-09-22 10:01:45,27.02,34700,27.01,U
sz300747,锐科激光,2025-09-22 10:02:03,26.99,26600,26.99,U
sz300747,锐科激光,2025-09-22 10:02:18,27.04,17200,27.01,U
sz300747,锐科激光,2025-09-22 10:02:21,27.05,28900,27.04,U
sz300747,锐科激光,2025-09-22 10:02:24,27.06,9500,27.05,U
sz300747,锐科激光,2025-09-22 10:02:33,27.03,11900,27.07,D
sz300747,锐科激光,2025-09-22 10:02:39,27.07,10900,27.07,U
sz300747,锐科激光,2025-09-22 10:02:54,27.08,8600,27.06,U
sz300747,锐科激光,2025-09-22 10:03:06,27.08,7400,27.09,U
sz300747,锐科激光,2025-09-22 10:04:24,27.07,11000,27.08,D
sz300747,锐科激光,2025-09-22 10:04:48,27.06,16400,27.07,D
sz300747,锐科激光,2025-09-22 10:04:51,27.08,9600,27.06,U
sz300747,锐科激光,2025-09-22 10:05:27,27.13,8400,27.14,D
sz300747,锐科激光,2025-09-22 10:06:00,27.17,8700,27.18,D
sz300747,锐科激光,2025-09-22 10:06:33,27.2,12900,27.19,U
sz300747,锐科激光,2025-09-22 10:07:57,27.21,7900,27.22,D
sz300747,锐科激光,2025-09-22 10:08:00,27.21,11400,27.21,D
sz300747,锐科激光,2025-09-22 10:08:03,27.22,8700,27.21,U
sz300747,锐科激光,2025-09-22 10:09:24,27.23,12700,27.19,U
sz300747,锐科激光,2025-09-22 10:10:03,27.2,31300,27.24,D
sz300747,锐科激光,2025-09-22 10:10:12,27.2,9200,27.19,U
sz300747,锐科激光,2025-09-22 10:10:15,27.19,16300,27.2,D
sz300747,锐科激光,2025-09-22 10:10:21,27.19,11500,27.19,U
sz300747,锐科激光,2025-09-22 10:10:57,27.26,7800,27.25,U
sz300747,锐科激光,2025-09-22 10:11:03,27.25,12900,27.26,D
sz300747,锐科激光,2025-09-22 10:11:48,27.24,16600,27.23,U
sz300747,锐科激光,2025-09-22 10:12:27,27.26,23400,27.23,U
sz300747,锐科激光,2025-09-22 10:12:48,27.27,12200,27.25,U
sz300747,锐科激光,2025-09-22 10:12:54,27.27,11100,27.28,D
sz300747,锐科激光,2025-09-22 10:12:57,27.3,46500,27.27,U
sz300747,锐科激光,2025-09-22 10:13:42,27.33,21100,27.3,U
sz300747,锐科激光,2025-09-22 10:14:00,27.36,15400,27.33,U
sz300747,锐科激光,2025-09-22 10:14:06,27.42,25900,27.35,U
sz300747,锐科激光,2025-09-22 10:14:39,27.44,9200,27.43,U
sz300747,锐科激光,2025-09-22 10:14:42,27.45,14300,27.44,U
sz300747,锐科激光,2025-09-22 10:14:45,27.46,9000,27.45,E
sz300747,锐科激光,2025-09-22 10:14:54,27.45,16600,27.45,D
sz300747,锐科激光,2025-09-22 10:15:03,27.45,26800,27.46,D
sz300747,锐科激光,2025-09-22 10:15:06,27.45,19500,27.45,U
sz300747,锐科激光,2025-09-22 10:15:09,27.45,7300,27.45,U
sz300747,锐科激光,2025-09-22 10:15:12,27.45,15600,27.45,U
sz300747,锐科激光,2025-09-22 10:15:18,27.4,9400,27.43,D
sz300747,锐科激光,2025-09-22 10:15:51,27.41,10700,27.42,D
sz300747,锐科激光,2025-09-22 10:15:57,27.42,10600,27.41,U
sz300747,锐科激光,2025-09-22 10:16:21,27.4,24100,27.41,D
sz300747,锐科激光,2025-09-22 10:16:36,27.33,11100,27.39,D
sz300747,锐科激光,2025-09-22 10:16:39,27.39,12600,27.33,U
sz300747,锐科激光,2025-09-22 10:16:42,27.34,7900,27.39,D
sz300747,锐科激光,2025-09-22 10:16:48,27.39,8100,27.34,U
sz300747,锐科激光,2025-09-22 10:17:00,27.39,7900,27.4,E
sz300747,锐科激光,2025-09-22 10:17:06,27.39,21800,27.4,E
sz300747,锐科激光,2025-09-22 10:18:03,27.35,16400,27.34,U
sz300747,锐科激光,2025-09-22 10:18:09,27.35,8200,27.35,D
sz300747,锐科激光,2025-09-22 10:19:12,27.31,8600,27.31,D
sz300747,锐科激光,2025-09-22 10:19:18,27.28,18680,27.31,D
sz300747,锐科激光,2025-09-22 10:19:33,27.28,8500,27.28,E
sz300747,锐科激光,2025-09-22 10:19:54,27.31,9020,27.29,U
sz300747,锐科激光,2025-09-22 10:20:30,27.35,8100,27.32,U
sz300747,锐科激光,2025-09-22 10:21:09,27.37,17500,27.33,U
sz300747,锐科激光,2025-09-22 10:22:03,27.35,31500,27.36,D
sz300747,锐科激光,2025-09-22 10:22:42,27.41,7500,27.38,U
sz300747,锐科激光,2025-09-22 10:23:45,27.44,26200,27.4,U
sz300747,锐科激光,2025-09-22 10:23:54,27.5,80800,27.45,U
sz300747,锐科激光,2025-09-22 10:24:06,27.5,19300,27.5,U
sz300747,锐科激光,2025-09-22 10:24:12,27.51,8600,27.51,U
sz300747,锐科激光,2025-09-22 10:24:48,27.52,22900,27.53,D
sz300747,锐科激光,2025-09-22 10:24:51,27.53,15300,27.52,U
sz300747,锐科激光,2025-09-22 10:25:03,27.52,8100,27.53,E
sz300747,锐科激光,2025-09-22 10:25:21,27.52,8400,27.5,U
sz300747,锐科激光,2025-09-22 10:25:39,27.49,12400,27.5,D
sz300747,锐科激光,2025-09-22 10:27:06,27.49,7800,27.44,U
sz300747,锐科激光,2025-09-22 10:27:21,27.52,28200,27.48,U
sz300747,锐科激光,2025-09-22 10:27:24,27.52,7300,27.52,U
sz300747,锐科激光,2025-09-22 10:27:42,27.53,54300,27.52,U
sz300747,锐科激光,2025-09-22 10:28:06,27.55,8800,27.55,U
sz300747,锐科激光,2025-09-22 10:28:09,27.54,10200,27.55,D
sz300747,锐科激光,2025-09-22 10:28:18,27.57,11700,27.56,U
sz300747,锐科激光,2025-09-22 10:28:51,27.56,12000,27.57,D
sz300747,锐科激光,2025-09-22 10:29:03,27.53,25600,27.56,D
sz300747,锐科激光,2025-09-22 10:29:12,27.51,10600,27.52,D
sz300747,锐科激光,2025-09-22 10:29:21,27.53,12000,27.51,U
sz300747,锐科激光,2025-09-22 10:29:33,27.5,36500,27.51,D
sz300747,锐科激光,2025-09-22 10:30:15,27.5,20300,27.48,U
sz300747,锐科激光,2025-09-22 10:31:06,27.56,14200,27.54,U
sz300747,锐科激光,2025-09-22 10:32:21,27.51,10400,27.52,D
sz300747,锐科激光,2025-09-22 10:33:12,27.52,10650,27.51,U
sz300747,锐科激光,2025-09-22 10:33:24,27.53,12350,27.5,U
sz300747,锐科激光,2025-09-22 10:33:51,27.54,8400,27.54,U
sz300747,锐科激光,2025-09-22 10:33:57,27.55,18900,27.54,U
sz300747,锐科激光,2025-09-22 10:34:15,27.57,19900,27.52,U
sz300747,锐科激光,2025-09-22 10:35:00,27.51,39400,27.53,D
sz300747,锐科激光,2025-09-22 10:35:03,27.5,7400,27.51,D
sz300747,锐科激光,2025-09-22 10:35:09,27.57,25600,27.52,U
sz300747,锐科激光,2025-09-22 10:36:06,27.61,71700,27.57,U
sz300747,锐科激光,2025-09-22 10:36:15,27.62,18700,27.61,U
sz300747,锐科激光,2025-09-22 10:37:06,27.55,8600,27.57,D
sz300747,锐科激光,2025-09-22 10:37:09,27.58,14500,27.55,U
sz300747,锐科激光,2025-09-22 10:37:36,27.6,17700,27.59,U
sz300747,锐科激光,2025-09-22 10:37:57,27.6,9200,27.59,U
sz300747,锐科激光,2025-09-22 10:38:09,27.62,13500,27.59,U
sz300747,锐科激光,2025-09-22 10:38:12,27.69,47800,27.62,U
sz300747,锐科激光,2025-09-22 10:38:54,27.7,19500,27.68,U
sz300747,锐科激光,2025-09-22 10:39:03,27.68,30800,27.7,D
sz300747,锐科激光,2025-09-22 10:39:09,27.65,16400,27.65,D
sz300747,锐科激光,2025-09-22 10:39:18,27.68,25900,27.67,D
sz300747,锐科激光,2025-09-22 10:39:45,27.68,8500,27.68,D
sz300747,锐科激光,2025-09-22 10:40:09,27.68,11400,27.68,D
sz300747,锐科激光,2025-09-22 10:40:12,27.68,17600,27.68,D
sz300747,锐科激光,2025-09-22 10:40:18,27.68,7900,27.68,U
sz300747,锐科激光,2025-09-22 10:40:39,27.7,13000,27.68,U
sz300747,锐科激光,2025-09-22 10:40:54,27.71,22000,27.7,U
sz300747,锐科激光,2025-09-22 10:41:09,27.74,11600,27.72,U
sz300747,锐科激光,2025-09-22 10:41:12,27.72,18900,27.74,E
sz300747,锐科激光,2025-09-22 10:41:15,27.73,10500,27.72,U
sz300747,锐科激光,2025-09-22 10:41:27,27.68,36700,27.7,D
sz300747,锐科激光,2025-09-22 10:41:51,27.66,13500,27.66,D
sz300747,锐科激光,2025-09-22 10:41:54,27.66,7300,27.66,D
sz300747,锐科激光,2025-09-22 10:42:33,27.6,14400,27.61,D
sz300747,锐科激光,2025-09-22 10:42:54,27.57,19600,27.6,D
sz300747,锐科激光,2025-09-22 10:43:24,27.55,7500,27.54,U
sz300747,锐科激光,2025-09-22 10:43:54,27.59,10300,27.57,U
sz300747,锐科激光,2025-09-22 10:43:57,27.6,12900,27.59,U
sz300747,锐科激光,2025-09-22 10:44:06,27.62,12500,27.6,U
sz300747,锐科激光,2025-09-22 10:44:36,27.62,7300,27.62,D
sz300747,锐科激光,2025-09-22 10:45:00,27.61,12400,27.63,D
sz300747,锐科激光,2025-09-22 10:45:03,27.61,8600,27.61,U
sz300747,锐科激光,2025-09-22 10:45:30,27.63,11400,27.64,D
sz300747,锐科激光,2025-09-22 10:45:33,27.64,11800,27.63,U
sz300747,锐科激光,2025-09-22 10:45:54,27.6,17700,27.62,D
sz300747,锐科激光,2025-09-22 10:45:57,27.59,9600,27.6,D
sz300747,锐科激光,2025-09-22 10:46:54,27.64,14400,27.66,D
sz300747,锐科激光,2025-09-22 10:47:06,27.59,19900,27.61,D
sz300747,锐科激光,2025-09-22 10:47:36,27.58,10300,27.57,U
sz300747,锐科激光,2025-09-22 10:48:36,27.55,10800,27.55,U
sz300747,锐科激光,2025-09-22 10:49:48,27.6,23500,27.55,U
sz300747,锐科激光,2025-09-22 10:50:36,27.54,11600,27.57,D
sz300747,锐科激光,2025-09-22 10:50:39,27.56,8600,27.54,U
sz300747,锐科激光,2025-09-22 10:53:06,27.6,15200,27.58,U
sz300747,锐科激光,2025-09-22 10:53:42,27.58,9100,27.58,U
sz300747,锐科激光,2025-09-22 10:54:45,27.6,15800,27.59,U
sz300747,锐科激光,2025-09-22 10:55:45,27.62,7900,27.62,U
sz300747,锐科激光,2025-09-22 10:55:57,27.6,8700,27.61,D
sz300747,锐科激光,2025-09-22 10:57:00,27.58,26800,27.59,D
sz300747,锐科激光,2025-09-22 10:57:18,27.58,21900,27.58,D
sz300747,锐科激光,2025-09-22 10:57:30,27.57,15300,27.57,D
sz300747,锐科激光,2025-09-22 10:57:33,27.54,32800,27.57,D
sz300747,锐科激光,2025-09-22 10:58:12,27.52,8700,27.5,U
sz300747,锐科激光,2025-09-22 10:59:12,27.52,10000,27.53,D
sz300747,锐科激光,2025-09-22 10:59:33,27.55,8100,27.54,U
sz300747,锐科激光,2025-09-22 11:00:54,27.53,14764,27.52,U
sz300747,锐科激光,2025-09-22 11:01:42,27.52,11000,27.53,D
sz300747,锐科激光,2025-09-22 11:02:00,27.51,11331,27.51,D
sz300747,锐科激光,2025-09-22 11:02:03,27.47,30200,27.51,D
sz300747,锐科激光,2025-09-22 11:02:39,27.47,14100,27.48,D
sz300747,锐科激光,2025-09-22 11:03:09,27.47,25400,27.45,U
sz300747,锐科激光,2025-09-22 11:04:36,27.47,13500,27.49,D
sz300747,锐科激光,2025-09-22 11:04:39,27.47,19000,27.47,D
sz300747,锐科激光,2025-09-22 11:06:27,27.45,43100,27.47,D
sz300747,锐科激光,2025-09-22 11:06:30,27.45,17800,27.45,D
sz300747,锐科激光,2025-09-22 11:06:33,27.44,9731,27.45,D
sz300747,锐科激光,2025-09-22 11:06:42,27.43,10700,27.44,D
sz300747,锐科激光,2025-09-22 11:07:51,27.4,10500,27.42,D
sz300747,锐科激光,2025-09-22 11:08:06,27.39,15600,27.4,D
sz300747,锐科激光,2025-09-22 11:10:12,27.37,7400,27.37,U
sz300747,锐科激光,2025-09-22 11:10:18,27.38,7500,27.37,U
sz300747,锐科激光,2025-09-22 11:11:06,27.38,10700,27.38,D
sz300747,锐科激光,2025-09-22 11:11:09,27.37,13100,27.38,D
sz300747,锐科激光,2025-09-22 11:13:45,27.4,9500,27.4,U
sz300747,锐科激光,2025-09-22 11:15:18,27.36,12300,27.37,D
sz300747,锐科激光,2025-09-22 11:15:27,27.36,9700,27.36,U
sz300747,锐科激光,2025-09-22 11:16:51,27.4,12300,27.39,U
sz300747,锐科激光,2025-09-22 11:19:12,27.41,8700,27.43,D
sz300747,锐科激光,2025-09-22 11:19:24,27.4,7400,27.41,D
sz300747,锐科激光,2025-09-22 11:19:51,27.36,19410,27.41,D
sz300747,锐科激光,2025-09-22 11:19:54,27.35,12400,27.36,D
sz300747,锐科激光,2025-09-22 11:20:03,27.34,12800,27.35,D
sz300747,锐科激光,2025-09-22 11:20:06,27.37,16700,27.34,U
sz300747,锐科激光,2025-09-22 11:23:36,27.42,7500,27.41,U
sz300747,锐科激光,2025-09-22 11:26:06,27.38,21400,27.4,D
sz300747,锐科激光,2025-09-22 11:26:09,27.37,8500,27.38,D
sz300747,锐科激光,2025-09-22 11:26:12,27.38,11000,27.37,U
sz300747,锐科激光,2025-09-22 11:28:45,27.41,17600,27.39,U
sz300747,锐科激光,2025-09-22 13:00:00,27.4,48700,27.41,D
sz300747,锐科激光,2025-09-22 13:00:03,27.37,25300,27.4,D
sz300747,锐科激光,2025-09-22 13:00:06,27.31,59900,27.37,D
sz300747,锐科激光,2025-09-22 13:00:09,27.24,56000,27.31,D
sz300747,锐科激光,2025-09-22 13:00:48,27.29,8000,27.29,U
sz300747,锐科激光,2025-09-22 13:01:21,27.25,11100,27.26,D
sz300747,锐科激光,2025-09-22 13:01:24,27.25,8200,27.25,U
sz300747,锐科激光,2025-09-22 13:01:30,27.25,9800,27.25,D
sz300747,锐科激光,2025-09-22 13:01:33,27.25,27300,27.25,D
sz300747,锐科激光,2025-09-22 13:01:36,27.25,7900,27.25,D
sz300747,锐科激光,2025-09-22 13:01:51,27.25,20600,27.25,D
sz300747,锐科激光,2025-09-22 13:02:00,27.25,9100,27.25,D
sz300747,锐科激光,2025-09-22 13:02:18,27.25,15300,27.25,U
sz300747,锐科激光,2025-09-22 13:02:27,27.29,8900,27.27,U
sz300747,锐科激光,2025-09-22 13:03:06,27.25,15300,27.26,D
sz300747,锐科激光,2025-09-22 13:03:18,27.25,10200,27.26,D
sz300747,锐科激光,2025-09-22 13:03:51,27.23,13300,27.24,D
sz300747,锐科激光,2025-09-22 13:05:03,27.2,8000,27.21,D
sz300747,锐科激光,2025-09-22 13:05:30,27.23,42200,27.22,U
sz300747,锐科激光,2025-09-22 13:05:48,27.24,31000,27.21,U
sz300747,锐科激光,2025-09-22 13:06:00,27.24,7900,27.26,D
sz300747,锐科激光,2025-09-22 13:07:00,27.23,9900,27.22,U
sz300747,锐科激光,2025-09-22 13:07:42,27.26,10900,27.26,U
sz300747,锐科激光,2025-09-22 13:08:33,27.26,13800,27.27,D
sz300747,锐科激光,2025-09-22 13:08:42,27.26,21800,27.27,D
sz300747,锐科激光,2025-09-22 13:09:33,27.3,14050,27.3,D
sz300747,锐科激光,2025-09-22 13:09:51,27.3,7400,27.3,U
sz300747,锐科激光,2025-09-22 13:09:54,27.29,30800,27.3,E
sz300747,锐科激光,2025-09-22 13:09:57,27.27,17700,27.29,D
sz300747,锐科激光,2025-09-22 13:10:00,27.26,37370,27.27,D
sz300747,锐科激光,2025-09-22 13:10:39,27.24,10700,27.25,D
sz300747,锐科激光,2025-09-22 13:10:51,27.25,20000,27.23,U
sz300747,锐科激光,2025-09-22 13:11:18,27.28,34000,27.24,U
sz300747,锐科激光,2025-09-22 13:12:03,27.24,9600,27.26,D
sz300747,锐科激光,2025-09-22 13:12:24,27.23,19000,27.25,D
sz300747,锐科激光,2025-09-22 13:12:36,27.24,7410,27.23,U
sz300747,锐科激光,2025-09-22 13:13:33,27.22,19590,27.23,D
sz300747,锐科激光,2025-09-22 13:14:03,27.22,9200,27.23,D
sz300747,锐科激光,2025-09-22 13:14:06,27.25,20500,27.22,U
sz300747,锐科激光,2025-09-22 13:14:09,27.26,9200,27.25,U
sz300747,锐科激光,2025-09-22 13:15:54,27.25,8000,27.25,D
sz300747,锐科激光,2025-09-22 13:16:00,27.25,10700,27.25,U
sz300747,锐科激光,2025-09-22 13:16:03,27.23,14500,27.25,D
sz300747,锐科激光,2025-09-22 13:16:39,27.22,10300,27.23,D
sz300747,锐科激光,2025-09-22 13:16:48,27.22,9300,27.22,D
sz300747,锐科激光,2025-09-22 13:18:03,27.22,8000,27.22,U
sz300747,锐科激光,2025-09-22 13:18:24,27.22,12700,27.23,D
sz300747,锐科激光,2025-09-22 13:18:36,27.25,12900,27.22,U
sz300747,锐科激光,2025-09-22 13:18:57,27.27,30700,27.26,U
sz300747,锐科激光,2025-09-22 13:19:18,27.27,8500,27.26,U
sz300747,锐科激光,2025-09-22 13:19:42,27.22,8900,27.23,D
sz300747,锐科激光,2025-09-22 13:20:00,27.22,16500,27.23,D
sz300747,锐科激光,2025-09-22 13:20:03,27.21,9500,27.22,D
sz300747,锐科激光,2025-09-22 13:21:03,27.23,7900,27.21,U
sz300747,锐科激光,2025-09-22 13:22:06,27.21,13000,27.22,D
sz300747,锐科激光,2025-09-22 13:22:30,27.22,9700,27.22,U
sz300747,锐科激光,2025-09-22 13:23:03,27.24,11700,27.23,U
sz300747,锐科激光,2025-09-22 13:23:48,27.29,22600,27.28,U
sz300747,锐科激光,2025-09-22 13:24:00,27.32,16700,27.29,U
sz300747,锐科激光,2025-09-22 13:24:15,27.33,11400,27.33,U
sz300747,锐科激光,2025-09-22 13:25:00,27.3,12200,27.32,D
sz300747,锐科激光,2025-09-22 13:25:15,27.27,8000,27.27,D
sz300747,锐科激光,2025-09-22 13:25:57,27.27,8800,27.28,D
sz300747,锐科激光,2025-09-22 13:26:12,27.27,8100,27.26,U
sz300747,锐科激光,2025-09-22 13:28:03,27.25,26400,27.26,D
sz300747,锐科激光,2025-09-22 13:30:27,27.23,11700,27.25,D
sz300747,锐科激光,2025-09-22 13:31:06,27.22,7500,27.24,D
sz300747,锐科激光,2025-09-22 13:33:30,27.23,9200,27.23,D
sz300747,锐科激光,2025-09-22 13:34:18,27.2,31200,27.22,D
sz300747,锐科激光,2025-09-22 13:34:21,27.2,8100,27.2,D
sz300747,锐科激光,2025-09-22 13:35:03,27.2,13800,27.2,D
sz300747,锐科激光,2025-09-22 13:37:09,27.22,7900,27.22,D
sz300747,锐科激光,2025-09-22 13:37:12,27.21,9600,27.22,D
sz300747,锐科激光,2025-09-22 13:37:51,27.2,14600,27.2,U
sz300747,锐科激光,2025-09-22 13:38:30,27.21,7500,27.21,D
sz300747,锐科激光,2025-09-22 13:39:51,27.23,8700,27.23,U
sz300747,锐科激光,2025-09-22 13:41:06,27.23,10000,27.23,D
sz300747,锐科激光,2025-09-22 13:41:15,27.24,7900,27.24,U
sz300747,锐科激光,2025-09-22 13:41:24,27.22,10000,27.24,D
sz300747,锐科激光,2025-09-22 13:42:03,27.2,13900,27.23,D
sz300747,锐科激光,2025-09-22 13:42:18,27.2,11600,27.2,D
sz300747,锐科激光,2025-09-22 13:42:33,27.19,8400,27.19,D
sz300747,锐科激光,2025-09-22 13:42:39,27.2,13800,27.2,D
sz300747,锐科激光,2025-09-22 13:42:51,27.18,14200,27.19,D
sz300747,锐科激光,2025-09-22 13:43:00,27.18,14700,27.19,D
sz300747,锐科激光,2025-09-22 13:43:06,27.16,8200,27.18,D
sz300747,锐科激光,2025-09-22 13:45:36,27.15,10300,27.15,U
sz300747,锐科激光,2025-09-22 13:46:09,27.17,9100,27.17,D
sz300747,锐科激光,2025-09-22 13:46:30,27.2,12800,27.19,U
sz300747,锐科激光,2025-09-22 13:48:45,27.16,13800,27.16,D
sz300747,锐科激光,2025-09-22 13:48:54,27.18,15300,27.16,U
sz300747,锐科激光,2025-09-22 13:49:48,27.19,10500,27.18,U
sz300747,锐科激光,2025-09-22 13:49:57,27.19,31900,27.18,U
sz300747,锐科激光,2025-09-22 13:53:09,27.15,30400,27.15,D
sz300747,锐科激光,2025-09-22 13:53:12,27.13,11700,27.15,D
sz300747,锐科激光,2025-09-22 13:53:15,27.12,13600,27.13,D
sz300747,锐科激光,2025-09-22 13:53:24,27.11,7500,27.11,D
sz300747,锐科激光,2025-09-22 13:53:33,27.1,28600,27.11,D
sz300747,锐科激光,2025-09-22 13:53:36,27.1,22000,27.1,U
sz300747,锐科激光,2025-09-22 13:54:00,27.1,25300,27.1,U
sz300747,锐科激光,2025-09-22 13:55:51,27.11,9100,27.12,D
sz300747,锐科激光,2025-09-22 13:56:18,27.11,20100,27.12,D
sz300747,锐科激光,2025-09-22 13:56:27,27.1,7600,27.11,D
sz300747,锐科激光,2025-09-22 13:57:03,27.11,38100,27.1,U
sz300747,锐科激光,2025-09-22 13:57:15,27.11,8200,27.11,U
sz300747,锐科激光,2025-09-22 13:58:03,27.09,21300,27.1,D
sz300747,锐科激光,2025-09-22 13:58:27,27.09,53100,27.1,D
sz300747,锐科激光,2025-09-22 13:59:03,27.1,13100,27.08,U
sz300747,锐科激光,2025-09-22 14:00:21,27.1,18200,27.11,D
sz300747,锐科激光,2025-09-22 14:01:00,27.1,10600,27.1,D
sz300747,锐科激光,2025-09-22 14:01:03,27.08,10100,27.1,D
sz300747,锐科激光,2025-09-22 14:01:33,27.06,8100,27.05,U
sz300747,锐科激光,2025-09-22 14:01:57,27.09,112200,27.07,U
sz300747,锐科激光,2025-09-22 14:03:30,27.12,9693,27.12,U
sz300747,锐科激光,2025-09-22 14:05:03,27.09,11141,27.09,D
sz300747,锐科激光,2025-09-22 14:05:06,27.09,11900,27.09,U
sz300747,锐科激光,2025-09-22 14:05:12,27.07,13165,27.09,D
sz300747,锐科激光,2025-09-22 14:05:57,27.06,9500,27.06,U
sz300747,锐科激光,2025-09-22 14:06:57,27.05,28900,27.06,D
sz300747,锐科激光,2025-09-22 14:08:03,27.07,11200,27.05,U
sz300747,锐科激光,2025-09-22 14:08:06,27.09,12000,27.07,U
sz300747,锐科激光,2025-09-22 14:08:15,27.1,9600,27.1,U
sz300747,锐科激光,2025-09-22 14:08:57,27.1,66700,27.09,U
sz300747,锐科激光,2025-09-22 14:09:00,27.11,10300,27.1,U
sz300747,锐科激光,2025-09-22 14:11:00,27.12,11200,27.13,D
sz300747,锐科激光,2025-09-22 14:11:06,27.11,22200,27.12,D
sz300747,锐科激光,2025-09-22 14:13:12,27.08,8500,27.07,U
sz300747,锐科激光,2025-09-22 14:14:06,27.1,23800,27.08,U
sz300747,锐科激光,2025-09-22 14:15:06,27.1,10200,27.11,D
sz300747,锐科激光,2025-09-22 14:16:06,27.11,20500,27.09,U
sz300747,锐科激光,2025-09-22 14:18:12,27.1,8000,27.11,D
sz300747,锐科激光,2025-09-22 14:19:06,27.11,7900,27.11,U
sz300747,锐科激光,2025-09-22 14:19:39,27.11,7600,27.11,E
sz300747,锐科激光,2025-09-22 14:20:00,27.12,39200,27.11,U
sz300747,锐科激光,2025-09-22 14:20:54,27.2,45900,27.23,D
sz300747,锐科激光,2025-09-22 14:20:57,27.22,13800,27.2,U
sz300747,锐科激光,2025-09-22 14:21:03,27.23,11600,27.21,U
sz300747,锐科激光,2025-09-22 14:22:06,27.18,31500,27.23,D
sz300747,锐科激光,2025-09-22 14:22:45,27.17,10700,27.17,U
sz300747,锐科激光,2025-09-22 14:24:03,27.17,11300,27.18,D
sz300747,锐科激光,2025-09-22 14:24:27,27.14,14100,27.14,U
sz300747,锐科激光,2025-09-22 14:25:00,27.14,71200,27.15,D
sz300747,锐科激光,2025-09-22 14:26:09,27.15,16400,27.14,U
sz300747,锐科激光,2025-09-22 14:28:18,27.16,9600,27.13,U
sz300747,锐科激光,2025-09-22 14:28:54,27.18,13400,27.18,D
sz300747,锐科激光,2025-09-22 14:29:45,27.16,10900,27.19,D
sz300747,锐科激光,2025-09-22 14:30:06,27.18,14000,27.19,D
sz300747,锐科激光,2025-09-22 14:30:48,27.21,7700,27.2,U
sz300747,锐科激光,2025-09-22 14:32:06,27.24,8300,27.23,U
sz300747,锐科激光,2025-09-22 14:33:39,27.23,12100,27.23,U
sz300747,锐科激光,2025-09-22 14:33:51,27.21,9300,27.22,D
sz300747,锐科激光,2025-09-22 14:36:48,27.22,11000,27.24,D
sz300747,锐科激光,2025-09-22 14:37:33,27.22,7800,27.21,U
sz300747,锐科激光,2025-09-22 14:37:45,27.24,10700,27.22,U
sz300747,锐科激光,2025-09-22 14:39:09,27.23,17300,27.23,D
sz300747,锐科激光,2025-09-22 14:39:12,27.22,17500,27.23,D
sz300747,锐科激光,2025-09-22 14:39:15,27.21,34500,27.22,D
sz300747,锐科激光,2025-09-22 14:39:30,27.2,9900,27.21,D
sz300747,锐科激光,2025-09-22 14:41:12,27.22,8100,27.2,U
sz300747,锐科激光,2025-09-22 14:44:12,27.21,9200,27.21,U
sz300747,锐科激光,2025-09-22 14:44:15,27.2,7800,27.21,D
sz300747,锐科激光,2025-09-22 14:44:21,27.23,14100,27.21,U
sz300747,锐科激光,2025-09-22 14:44:27,27.21,9900,27.23,D
sz300747,锐科激光,2025-09-22 14:45:00,27.22,27100,27.21,U
sz300747,锐科激光,2025-09-22 14:45:03,27.21,9000,27.22,D
sz300747,锐科激光,2025-09-22 14:45:06,27.2,12800,27.21,D
sz300747,锐科激光,2025-09-22 14:45:15,27.19,7600,27.19,D
sz300747,锐科激光,2025-09-22 14:45:54,27.19,9500,27.18,U
sz300747,锐科激光,2025-09-22 14:45:57,27.19,7400,27.19,U
sz300747,锐科激光,2025-09-22 14:46:21,27.2,10900,27.2,U
sz300747,锐科激光,2025-09-22 14:46:51,27.23,9800,27.22,U
sz300747,锐科激光,2025-09-22 14:48:00,27.23,11300,27.21,U
sz300747,锐科激光,2025-09-22 14:49:21,27.23,11200,27.22,U
sz300747,锐科激光,2025-09-22 14:49:24,27.21,12400,27.23,D
sz300747,锐科激光,2025-09-22 14:50:09,27.21,7900,27.23,D
sz300747,锐科激光,2025-09-22 14:50:12,27.21,8400,27.21,D
sz300747,锐科激光,2025-09-22 14:51:39,27.2,47300,27.22,D
sz300747,锐科激光,2025-09-22 14:52:27,27.22,28200,27.22,U
sz300747,锐科激光,2025-09-22 14:52:30,27.22,33000,27.22,D
sz300747,锐科激光,2025-09-22 14:52:39,27.23,9000,27.23,U
sz300747,锐科激光,2025-09-22 14:53:09,27.22,11100,27.22,U
sz300747,锐科激光,2025-09-22 14:53:12,27.23,11700,27.22,U
sz300747,锐科激光,2025-09-22 14:53:24,27.23,19700,27.23,U
sz300747,锐科激光,2025-09-22 14:53:54,27.21,11200,27.22,D
sz300747,锐科激光,2025-09-22 14:54:03,27.21,21600,27.22,D
sz300747,锐科激光,2025-09-22 14:54:12,27.24,22900,27.23,U
sz300747,锐科激光,2025-09-22 14:54:15,27.24,12300,27.24,U
sz300747,锐科激光,2025-09-22 14:54:30,27.26,42300,27.24,U
sz300747,锐科激光,2025-09-22 14:54:36,27.26,24400,27.26,U
sz300747,锐科激光,2025-09-22 14:54:39,27.27,23300,27.26,U
sz300747,锐科激光,2025-09-22 14:54:45,27.28,7900,27.27,U
sz300747,锐科激光,2025-09-22 14:55:00,27.28,19100,27.27,U
sz300747,锐科激光,2025-09-22 14:55:09,27.29,10300,27.28,U
sz300747,锐科激光,2025-09-22 14:55:15,27.27,15900,27.27,D
sz300747,锐科激光,2025-09-22 14:55:27,27.29,10600,27.29,D
sz300747,锐科激光,2025-09-22 14:55:30,27.3,14800,27.29,U
sz300747,锐科激光,2025-09-22 14:55:36,27.29,9200,27.3,E
sz300747,锐科激光,2025-09-22 14:55:42,27.27,14500,27.29,D
sz300747,锐科激光,2025-09-22 14:55:48,27.27,9500,27.27,U
sz300747,锐科激光,2025-09-22 14:55:51,27.28,9800,27.27,E
sz300747,锐科激光,2025-09-22 14:55:57,27.29,14000,27.27,U
sz300747,锐科激光,2025-09-22 14:56:09,27.29,10100,27.27,U
sz300747,锐科激光,2025-09-22 14:56:27,27.28,20100,27.28,U
sz300747,锐科激光,2025-09-22 14:56:54,27.3,8900,27.29,U
sz300747,锐科激光,2025-09-22 15:00:00,27.32,148200,27.3,E
