symbol,name,ticktime,price,volume,prev_price,kind
sz300747,锐科激光,2025-09-19 09:25:00,26.9,39500,0.0,D
sz300747,锐科激光,2025-09-19 09:30:00,26.89,47700,26.9,D
sz300747,锐科激光,2025-09-19 09:30:03,26.9,107800,26.89,U
sz300747,锐科激光,2025-09-19 09:30:06,26.91,26400,26.9,U
sz300747,锐科激光,2025-09-19 09:30:09,26.97,12864,26.91,U
sz300747,锐科激光,2025-09-19 09:30:12,27.04,23000,26.97,U
sz300747,锐科激光,2025-09-19 09:30:15,27.12,25400,27.04,U
sz300747,锐科激光,2025-09-19 09:30:24,27.21,10600,27.19,U
sz300747,锐科激光,2025-09-19 09:30:30,27.22,16500,27.22,D
sz300747,锐科激光,2025-09-19 09:30:33,27.24,35300,27.22,U
sz300747,锐科激光,2025-09-19 09:30:39,27.28,22700,27.25,U
sz300747,锐科激光,2025-09-19 09:30:42,27.26,20900,27.28,D
sz300747,锐科激光,2025-09-19 09:30:45,27.24,27500,27.26,D
sz300747,锐科激光,2025-09-19 09:30:48,27.17,21600,27.24,D
sz300747,锐科激光,2025-09-19 09:30:51,27.22,13100,27.17,U
sz300747,锐科激光,2025-09-19 09:30:54,27.19,15500,27.22,E
sz300747,锐科激光,2025-09-19 09:30:57,27.22,14000,27.19,U
sz300747,锐科激光,2025-09-19 09:31:00,27.22,17300,27.22,D
sz300747,锐科激光,2025-09-19 09:31:03,27.24,9600,27.22,U
sz300747,锐科激光,2025-09-19 09:31:06,27.24,26600,27.24,U
sz300747,锐科激光,2025-09-19 09:31:09,27.27,18300,27.24,U
sz300747,锐科激光,2025-09-19 09:31:12,27.32,65590,27.27,U
sz300747,锐科激光,2025-09-19 09:31:15,27.31,26100,27.32,D
sz300747,锐科激光,2025-09-19 09:31:18,27.28,17500,27.31,D
sz300747,锐科激光,2025-09-19 09:31:21,27.23,12810,27.28,D
sz300747,锐科激光,2025-09-19 09:31:24,27.28,13900,27.23,U
sz300747,锐科激光,2025-09-19 09:31:27,27.27,10700,27.28,D
sz300747,锐科激光,2025-09-19 09:31:30,27.28,20600,27.27,E
sz300747,锐科激光,2025-09-19 09:31:33,27.3,34100,27.28,U
sz300747,锐科激光,2025-09-19 09:31:39,27.32,42400,27.3,U
sz300747,锐科激光,2025-09-19 09:31:42,27.33,12600,27.32,U
sz300747,锐科激光,2025-09-19 09:31:45,27.36,64300,27.33,U
sz300747,锐科激光,2025-09-19 09:31:48,27.34,10800,27.36,D
sz300747,锐科激光,2025-09-19 09:31:51,27.32,7500,27.34,D
sz300747,锐科激光,2025-09-19 09:31:57,27.32,25200,27.32,D
sz300747,锐科激光,2025-09-19 09:32:00,27.32,25900,27.32,D
sz300747,锐科激光,2025-09-19 09:32:03,27.27,24400,27.32,D
sz300747,锐科激光,2025-09-19 09:32:06,27.27,33900,27.27,D
sz300747,锐科激光,2025-09-19 09:32:09,27.36,16000,27.27,U
sz300747,锐科激光,2025-09-19 09:32:12,27.36,68100,27.36,U
sz300747,锐科激光,2025-09-19 09:32:15,27.37,12300,27.36,E
sz300747,锐科激光,2025-09-19 09:32:18,27.44,29200,27.37,U
sz300747,锐科激光,2025-09-19 09:32:21,27.4,19000,27.44,D
sz300747,锐科激光,2025-09-19 09:32:24,27.4,24000,27.4,E
sz300747,锐科激光,2025-09-19 09:32:27,27.44,38800,27.4,U
sz300747,锐科激光,2025-09-19 09:32:30,27.43,37100,27.44,D
sz300747,锐科激光,2025-09-19 09:32:33,27.44,11800,27.43,U
sz300747,锐科激光,2025-09-19 09:32:36,27.43,15300,27.44,D
sz300747,锐科激光,2025-09-19 09:32:39,27.43,7300,27.43,E
sz300747,锐科激光,2025-09-19 09:32:42,27.44,17400,27.43,U
sz300747,锐科激光,2025-09-19 09:32:54,27.43,132100,27.43,D
sz300747,锐科激光,2025-09-19 09:32:57,27.38,48800,27.43,D
sz300747,锐科激光,2025-09-19 09:33:00,27.43,7600,27.38,U
sz300747,锐科激光,2025-09-19 09:33:03,27.43,46700,27.43,U
sz300747,锐科激光,2025-09-19 09:33:06,27.46,25200,27.43,U
sz300747,锐科激光,2025-09-19 09:33:09,27.43,20100,27.46,E
sz300747,锐科激光,2025-09-19 09:33:18,27.42,14300,27.39,U
sz300747,锐科激光,2025-09-19 09:33:21,27.41,8700,27.42,E
sz300747,锐科激光,2025-09-19 09:33:24,27.45,59600,27.41,U
sz300747,锐科激光,2025-09-19 09:33:27,27.49,82600,27.45,U
sz300747,锐科激光,2025-09-19 09:33:30,27.48,12000,27.49,D
sz300747,锐科激光,2025-09-19 09:33:36,27.46,12900,27.48,D
sz300747,锐科激光,2025-09-19 09:33:39,27.47,8300,27.46,U
sz300747,锐科激光,2025-09-19 09:33:42,27.48,7500,27.47,U
sz300747,锐科激光,2025-09-19 09:33:45,27.53,27400,27.48,U
sz300747,锐科激光,2025-09-19 09:33:48,27.58,53300,27.53,U
sz300747,锐科激光,2025-09-19 09:33:51,27.58,28100,27.58,U
sz300747,锐科激光,2025-09-19 09:33:54,27.54,14600,27.58,D
sz300747,锐科激光,2025-09-19 09:33:57,27.54,7400,27.54,D
sz300747,锐科激光,2025-09-19 09:34:00,27.57,23400,27.54,E
sz300747,锐科激光,2025-09-19 09:34:09,27.55,45900,27.55,D
sz300747,锐科激光,2025-09-19 09:34:12,27.55,13700,27.55,D
sz300747,锐科激光,2025-09-19 09:34:15,27.55,9200,27.55,D
sz300747,锐科激光,2025-09-19 09:34:18,27.54,9800,27.55,D
sz300747,锐科激光,2025-09-19 09:34:21,27.57,16700,27.54,U
sz300747,锐科激光,2025-09-19 09:34:24,27.55,58100,27.57,D
sz300747,锐科激光,2025-09-19 09:34:36,27.54,11800,27.52,U
sz300747,锐科激光,2025-09-19 09:34:45,27.54,57300,27.5,U
sz300747,锐科激光,2025-09-19 09:34:48,27.54,8800,27.54,U
sz300747,锐科激光,2025-09-19 09:34:51,27.55,17500,27.54,U
sz300747,锐科激光,2025-09-19 09:34:54,27.52,13800,27.55,D
sz300747,锐科激光,2025-09-19 09:34:57,27.57,32600,27.52,U
sz300747,锐科激光,2025-09-19 09:35:00,27.61,108100,27.57,U
sz300747,锐科激光,2025-09-19 09:35:03,27.63,16600,27.61,U
sz300747,锐科激光,2025-09-19 09:35:06,27.61,14100,27.63,E
sz300747,锐科激光,2025-09-19 09:35:09,27.58,20000,27.61,D
sz300747,锐科激光,2025-09-19 09:35:15,27.64,32500,27.62,U
sz300747,锐科激光,2025-09-19 09:35:24,27.6,12200,27.6,U
sz300747,锐科激光,2025-09-19 09:35:30,27.6,54400,27.58,U
sz300747,锐科激光,2025-09-19 09:35:33,27.7,79500,27.6,U
sz300747,锐科激光,2025-09-19 09:35:36,27.7,59300,27.7,U
sz300747,锐科激光,2025-09-19 09:35:39,27.8,53800,27.7,U
sz300747,锐科激光,2025-09-19 09:35:42,27.82,29200,27.8,U
sz300747,锐科激光,2025-09-19 09:35:45,27.74,86900,27.82,D
sz300747,锐科激光,2025-09-19 09:35:48,27.79,15900,27.74,U
sz300747,锐科激光,2025-09-19 09:35:51,27.79,12700,27.79,U
sz300747,锐科激光,2025-09-19 09:35:54,27.79,7400,27.79,D
sz300747,锐科激光,2025-09-19 09:35:57,27.83,46300,27.79,U
sz300747,锐科激光,2025-09-19 09:36:00,27.82,36900,27.83,D
sz300747,锐科激光,2025-09-19 09:36:03,27.86,38000,27.82,U
sz300747,锐科激光,2025-09-19 09:36:09,27.84,18200,27.83,E
sz300747,锐科激光,2025-09-19 09:36:12,27.87,61800,27.84,U
sz300747,锐科激光,2025-09-19 09:36:15,27.89,15700,27.87,U
sz300747,锐科激光,2025-09-19 09:36:18,27.87,18400,27.89,E
sz300747,锐科激光,2025-09-19 09:36:21,27.88,8400,27.87,E
sz300747,锐科激光,2025-09-19 09:36:24,27.89,22600,27.88,U
sz300747,锐科激光,2025-09-19 09:36:27,27.88,8400,27.89,D
sz300747,锐科激光,2025-09-19 09:36:30,27.87,21600,27.88,U
sz300747,锐科激光,2025-09-19 09:36:33,27.84,71500,27.87,D
sz300747,锐科激光,2025-09-19 09:36:36,27.95,80900,27.84,U
sz300747,锐科激光,2025-09-19 09:36:39,27.89,37500,27.95,D
sz300747,锐科激光,2025-09-19 09:36:42,27.95,29100,27.89,U
sz300747,锐科激光,2025-09-19 09:36:45,27.91,30100,27.95,E
sz300747,锐科激光,2025-09-19 09:36:48,27.96,14500,27.91,U
sz300747,锐科激光,2025-09-19 09:36:51,27.91,19300,27.96,D
sz300747,锐科激光,2025-09-19 09:36:54,27.95,7200,27.91,U
sz300747,锐科激光,2025-09-19 09:36:57,27.95,68000,27.95,U
sz300747,锐科激光,2025-09-19 09:37:00,27.95,27700,27.95,U
sz300747,锐科激光,2025-09-19 09:37:03,27.95,22500,27.95,D
sz300747,锐科激光,2025-09-19 09:37:06,27.95,17500,27.95,U
sz300747,锐科激光,2025-09-19 09:37:09,27.93,12100,27.95,D
sz300747,锐科激光,2025-09-19 09:37:12,28.05,243000,27.93,U
sz300747,锐科激光,2025-09-19 09:37:15,28.03,26800,28.05,D
sz300747,锐科激光,2025-09-19 09:37:18,28.01,26900,28.03,D
sz300747,锐科激光,2025-09-19 09:37:21,27.93,57600,28.01,D
sz300747,锐科激光,2025-09-19 09:37:24,27.99,18100,27.93,U
sz300747,锐科激光,2025-09-19 09:37:30,27.99,19600,27.99,U
sz300747,锐科激光,2025-09-19 09:37:33,27.95,30600,27.99,D
sz300747,锐科激光,2025-09-19 09:37:36,27.95,14500,27.95,D
sz300747,锐科激光,2025-09-19 09:37:39,28.0,72600,27.95,U
sz300747,锐科激光,2025-09-19 09:37:42,28.0,12200,28.0,D
sz300747,锐科激光,2025-09-19 09:37:45,28.0,8700,28.0,D
sz300747,锐科激光,2025-09-19 09:37:48,27.94,75300,28.0,D
sz300747,锐科激光,2025-09-19 09:37:51,27.95,14700,27.94,U
sz300747,锐科激光,2025-09-19 09:37:57,27.97,57500,27.98,E
sz300747,锐科激光,2025-09-19 09:38:03,27.96,28300,27.98,D
sz300747,锐科激光,2025-09-19 09:38:06,27.96,19500,27.96,D
sz300747,锐科激光,2025-09-19 09:38:12,27.95,15500,27.97,D
sz300747,锐科激光,2025-09-19 09:38:18,27.97,45100,27.95,U
sz300747,锐科激光,2025-09-19 09:38:21,27.95,13800,27.97,E
sz300747,锐科激光,2025-09-19 09:38:24,27.93,17600,27.95,D
sz300747,锐科激光,2025-09-19 09:38:30,27.92,12100,27.91,U
sz300747,锐科激光,2025-09-19 09:38:36,27.89,14100,27.9,D
sz300747,锐科激光,2025-09-19 09:38:39,27.87,13300,27.89,D
sz300747,锐科激光,2025-09-19 09:38:42,27.87,7300,27.87,D
sz300747,锐科激光,2025-09-19 09:38:48,27.91,78800,27.87,U
sz300747,锐科激光,2025-09-19 09:38:51,27.92,36700,27.91,U
sz300747,锐科激光,2025-09-19 09:38:54,27.87,22400,27.92,D
sz300747,锐科激光,2025-09-19 09:39:00,27.87,16600,27.86,E
sz300747,锐科激光,2025-09-19 09:39:03,27.86,30500,27.87,U
sz300747,锐科激光,2025-09-19 09:39:06,27.9,33000,27.86,U
sz300747,锐科激光,2025-09-19 09:39:09,27.9,7600,27.9,U
sz300747,锐科激光,2025-09-19 09:39:15,27.94,44300,27.88,U
sz300747,锐科激光,2025-09-19 09:39:18,27.89,33200,27.94,D
sz300747,锐科激光,2025-09-19 09:39:24,27.9,11700,27.91,D
sz300747,锐科激光,2025-09-19 09:39:27,27.87,20100,27.9,D
sz300747,锐科激光,2025-09-19 09:39:39,27.83,12100,27.84,D
sz300747,锐科激光,2025-09-19 09:39:42,27.83,7600,27.83,D
sz300747,锐科激光,2025-09-19 09:39:45,27.83,7200,27.83,D
sz300747,锐科激光,2025-09-19 09:39:48,27.83,28300,27.83,D
sz300747,锐科激光,2025-09-19 09:39:57,27.82,20400,27.82,D
sz300747,锐科激光,2025-09-19 09:40:00,27.82,15000,27.82,D
sz300747,锐科激光,2025-09-19 09:40:03,27.81,10100,27.82,D
sz300747,锐科激光,2025-09-19 09:40:09,27.82,29700,27.81,U
sz300747,锐科激光,2025-09-19 09:40:15,27.82,22900,27.82,E
sz300747,锐科激光,2025-09-19 09:40:18,27.85,7400,27.82,U
sz300747,锐科激光,2025-09-19 09:40:21,27.83,13500,27.85,D
sz300747,锐科激光,2025-09-19 09:40:24,27.85,10500,27.83,U
sz300747,锐科激光,2025-09-19 09:40:30,27.84,8200,27.84,U
sz300747,锐科激光,2025-09-19 09:40:33,27.8,22300,27.84,D
sz300747,锐科激光,2025-09-19 09:40:36,27.8,19500,27.8,D
sz300747,锐科激光,2025-09-19 09:40:45,27.79,12300,27.78,U
sz300747,锐科激光,2025-09-19 09:40:48,27.79,9100,27.79,D
sz300747,锐科激光,2025-09-19 09:40:51,27.78,18300,27.79,E
sz300747,锐科激光,2025-09-19 09:40:54,27.82,16400,27.78,U
sz300747,锐科激光,2025-09-19 09:41:00,27.86,13800,27.81,U
sz300747,锐科激光,2025-09-19 09:41:03,27.87,19200,27.86,U
sz300747,锐科激光,2025-09-19 09:41:09,27.86,8000,27.86,D
sz300747,锐科激光,2025-09-19 09:41:15,27.84,12200,27.86,D
sz300747,锐科激光,2025-09-19 09:41:21,27.84,12400,27.84,U
sz300747,锐科激光,2025-09-19 09:41:24,27.81,14400,27.84,D
sz300747,锐科激光,2025-09-19 09:41:27,27.8,11600,27.81,D
sz300747,锐科激光,2025-09-19 09:41:39,27.81,8000,27.78,U
sz300747,锐科激光,2025-09-19 09:41:45,27.81,9600,27.79,U
sz300747,锐科激光,2025-09-19 09:41:57,27.79,13000,27.8,D
sz300747,锐科激光,2025-09-19 09:42:00,27.73,20500,27.79,D
sz300747,锐科激光,2025-09-19 09:42:12,27.7,15500,27.7,D
sz300747,锐科激光,2025-09-19 09:42:15,27.7,19000,27.7,D
sz300747,锐科激光,2025-09-19 09:42:21,27.69,15800,27.7,U
sz300747,锐科激光,2025-09-19 09:42:30,27.65,32800,27.65,D
sz300747,锐科激光,2025-09-19 09:42:51,27.65,10400,27.66,D
sz300747,锐科激光,2025-09-19 09:43:03,27.63,8000,27.64,D
sz300747,锐科激光,2025-09-19 09:43:06,27.65,17100,27.63,U
sz300747,锐科激光,2025-09-19 09:43:09,27.65,11400,27.65,U
sz300747,锐科激光,2025-09-19 09:43:12,27.63,12400,27.65,D
sz300747,锐科激光,2025-09-19 09:43:21,27.62,14300,27.63,D
sz300747,锐科激光,2025-09-19 09:43:24,27.6,8900,27.62,D
sz300747,锐科激光,2025-09-19 09:43:30,27.59,25900,27.61,D
sz300747,锐科激光,2025-09-19 09:43:39,27.59,8300,27.59,D
sz300747,锐科激光,2025-09-19 09:43:45,27.58,19200,27.59,D
sz300747,锐科激光,2025-09-19 09:43:48,27.59,11400,27.58,U
sz300747,锐科激光,2025-09-19 09:43:51,27.59,70300,27.59,U
sz300747,锐科激光,2025-09-19 09:43:54,27.58,16300,27.59,D
sz300747,锐科激光,2025-09-19 09:44:06,27.56,10700,27.58,D
sz300747,锐科激光,2025-09-19 09:44:18,27.57,26800,27.56,U
sz300747,锐科激光,2025-09-19 09:44:27,27.57,16800,27.56,U
sz300747,锐科激光,2025-09-19 09:44:30,27.57,24900,27.57,D
sz300747,锐科激光,2025-09-19 09:44:33,27.6,31800,27.57,U
sz300747,锐科激光,2025-09-19 09:44:36,27.6,8500,27.6,U
sz300747,锐科激光,2025-09-19 09:44:39,27.6,7700,27.6,D
sz300747,锐科激光,2025-09-19 09:44:45,27.6,10900,27.59,U
sz300747,锐科激光,2025-09-19 09:44:48,27.62,71500,27.6,U
sz300747,锐科激光,2025-09-19 09:44:51,27.64,32400,27.62,U
sz300747,锐科激光,2025-09-19 09:44:57,27.61,8700,27.63,D
sz300747,锐科激光,2025-09-19 09:45:03,27.66,26400,27.64,U
sz300747,锐科激光,2025-09-19 09:45:15,27.71,8600,27.7,U
sz300747,锐科激光,2025-09-19 09:45:18,27.75,11200,27.71,U
sz300747,锐科激光,2025-09-19 09:45:24,27.79,8000,27.75,U
sz300747,锐科激光,2025-09-19 09:45:27,27.75,10800,27.79,D
sz300747,锐科激光,2025-09-19 09:45:30,27.78,19300,27.75,U
sz300747,锐科激光,2025-09-19 09:45:36,27.77,12300,27.76,U
sz300747,锐科激光,2025-09-19 09:45:39,27.74,19900,27.77,E
sz300747,锐科激光,2025-09-19 09:45:42,27.73,30600,27.74,U
sz300747,锐科激光,2025-09-19 09:45:48,27.72,16700,27.7,U
sz300747,锐科激光,2025-09-19 09:46:00,27.78,40800,27.73,U
sz300747,锐科激光,2025-09-19 09:46:03,27.79,12500,27.78,U
sz300747,锐科激光,2025-09-19 09:46:09,27.8,25300,27.8,U
sz300747,锐科激光,2025-09-19 09:46:18,27.85,11700,27.85,E
sz300747,锐科激光,2025-09-19 09:46:21,27.84,11000,27.85,D
sz300747,锐科激光,2025-09-19 09:46:36,27.8,9300,27.82,D
sz300747,锐科激光,2025-09-19 09:46:39,27.78,17300,27.8,D
sz300747,锐科激光,2025-09-19 09:46:51,27.78,10300,27.8,D
sz300747,锐科激光,2025-09-19 09:46:54,27.8,12500,27.78,U
sz300747,锐科激光,2025-09-19 09:46:57,27.8,9800,27.8,U
sz300747,锐科激光,2025-09-19 09:47:03,27.8,10300,27.78,U
sz300747,锐科激光,2025-09-19 09:47:06,27.78,8200,27.8,D
sz300747,锐科激光,2025-09-19 09:47:09,27.81,14900,27.78,U
sz300747,锐科激光,2025-09-19 09:47:12,27.81,17600,27.81,D
sz300747,锐科激光,2025-09-19 09:47:15,27.75,112700,27.81,D
sz300747,锐科激光,2025-09-19 09:47:33,27.78,8300,27.78,U
sz300747,锐科激光,2025-09-19 09:47:42,27.76,8300,27.76,D
sz300747,锐科激光,2025-09-19 09:48:03,27.73,9200,27.74,D
sz300747,锐科激光,2025-09-19 09:48:18,27.71,14700,27.71,D
sz300747,锐科激光,2025-09-19 09:48:21,27.7,11700,27.71,D
sz300747,锐科激光,2025-09-19 09:48:42,27.69,13200,27.68,U
sz300747,锐科激光,2025-09-19 09:49:06,27.65,10500,27.66,D
sz300747,锐科激光,2025-09-19 09:49:12,27.66,8400,27.66,D
sz300747,锐科激光,2025-09-19 09:49:39,27.68,19500,27.66,U
sz300747,锐科激光,2025-09-19 09:49:51,27.66,8600,27.66,D
sz300747,锐科激光,2025-09-19 09:50:15,27.66,23700,27.67,D
sz300747,锐科激光,2025-09-19 09:50:21,27.66,16500,27.67,D
sz300747,锐科激光,2025-09-19 09:50:24,27.67,12300,27.66,U
sz300747,锐科激光,2025-09-19 09:50:48,27.67,9700,27.67,U
sz300747,锐科激光,2025-09-19 09:50:54,27.67,8500,27.67,U
sz300747,锐科激光,2025-09-19 09:50:57,27.67,7900,27.67,E
sz300747,锐科激光,2025-09-19 09:51:03,27.68,55700,27.67,U
sz300747,锐科激光,2025-09-19 09:51:09,27.68,7600,27.68,U
sz300747,锐科激光,2025-09-19 09:51:18,27.69,16800,27.68,U
sz300747,锐科激光,2025-09-19 09:51:24,27.7,8400,27.69,U
sz300747,锐科激光,2025-09-19 09:51:27,27.7,9800,27.7,U
sz300747,锐科激光,2025-09-19 09:51:30,27.68,19800,27.7,D
sz300747,锐科激光,2025-09-19 09:51:42,27.67,13100,27.69,D
sz300747,锐科激光,2025-09-19 09:51:54,27.63,16200,27.64,D
sz300747,锐科激光,2025-09-19 09:52:06,27.63,41800,27.62,U
sz300747,锐科激光,2025-09-19 09:52:15,27.62,10700,27.66,D
sz300747,锐科激光,2025-09-19 09:52:45,27.65,11000,27.64,E
sz300747,锐科激光,2025-09-19 09:52:48,27.7,19600,27.65,U
sz300747,锐科激光,2025-09-19 09:52:57,27.67,11000,27.66,U
sz300747,锐科激光,2025-09-19 09:53:09,27.63,15500,27.64,D
sz300747,锐科激光,2025-09-19 09:53:24,27.61,12200,27.61,U
sz300747,锐科激光,2025-09-19 09:54:00,27.62,7900,27.62,U
sz300747,锐科激光,2025-09-19 09:54:33,27.64,8100,27.65,D
sz300747,锐科激光,2025-09-19 09:55:00,27.67,11900,27.66,U
sz300747,锐科激光,2025-09-19 09:55:03,27.65,20900,27.67,D
sz300747,锐科激光,2025-09-19 09:55:21,27.64,21300,27.64,D
sz300747,锐科激光,2025-09-19 09:55:48,27.68,12600,27.67,U
sz300747,锐科激光,2025-09-19 09:56:12,27.64,29700,27.67,D
sz300747,锐科激光,2025-09-19 09:56:15,27.61,19400,27.64,D
sz300747,锐科激光,2025-09-19 09:56:24,27.63,18000,27.62,U
sz300747,锐科激光,2025-09-19 09:56:39,27.63,10300,27.63,D
sz300747,锐科激光,2025-09-19 09:56:45,27.63,10200,27.63,D
sz300747,锐科激光,2025-09-19 09:57:06,27.61,12700,27.62,D
sz300747,锐科激光,2025-09-19 09:57:12,27.59,7300,27.6,D
sz300747,锐科激光,2025-09-19 09:57:18,27.6,8300,27.58,U
sz300747,锐科激光,2025-09-19 09:57:48,27.57,9300,27.57,D
sz300747,锐科激光,2025-09-19 09:57:54,27.6,42300,27.57,U
sz300747,锐科激光,2025-09-19 09:57:57,27.61,10100,27.6,U
sz300747,锐科激光,2025-09-19 09:58:03,27.63,14600,27.59,U
sz300747,锐科激光,2025-09-19 09:58:12,27.67,41800,27.64,U
sz300747,锐科激光,2025-09-19 09:58:21,27.68,42900,27.69,D
sz300747,锐科激光,2025-09-19 09:58:27,27.73,20000,27.72,U
sz300747,锐科激光,2025-09-19 09:58:36,27.75,24700,27.72,U
sz300747,锐科激光,2025-09-19 09:58:45,27.75,8500,27.72,U
sz300747,锐科激光,2025-09-19 09:58:48,27.75,13200,27.75,U
sz300747,锐科激光,2025-09-19 09:59:00,27.72,8900,27.72,U
sz300747,锐科激光,2025-09-19 09:59:03,27.65,11300,27.72,D
sz300747,锐科激光,2025-09-19 09:59:06,27.69,16800,27.65,U
sz300747,锐科激光,2025-09-19 09:59:21,27.65,23700,27.65,D
sz300747,锐科激光,2025-09-19 09:59:57,27.6,16100,27.62,D
sz300747,锐科激光,2025-09-19 10:00:06,27.61,14300,27.61,D
sz300747,锐科激光,2025-09-19 10:00:18,27.6,23600,27.62,D
sz300747,锐科激光,2025-09-19 10:00:21,27.58,12300,27.6,D
sz300747,锐科激光,2025-09-19 10:00:45,27.56,21200,27.58,D
sz300747,锐科激光,2025-09-19 10:00:48,27.58,9500,27.56,U
sz300747,锐科激光,2025-09-19 10:00:51,27.55,9800,27.58,D
sz300747,锐科激光,2025-09-19 10:01:03,27.55,11000,27.56,D
sz300747,锐科激光,2025-09-19 10:01:06,27.54,16100,27.55,D
sz300747,锐科激光,2025-09-19 10:01:24,27.55,21800,27.55,U
sz300747,锐科激光,2025-09-19 10:01:33,27.52,12500,27.55,D
sz300747,锐科激光,2025-09-19 10:01:36,27.51,12400,27.52,D
sz300747,锐科激光,2025-09-19 10:01:42,27.51,43300,27.54,D
sz300747,锐科激光,2025-09-19 10:02:03,27.56,15300,27.55,U
sz300747,锐科激光,2025-09-19 10:02:09,27.58,9300,27.52,U
sz300747,锐科激光,2025-09-19 10:02:15,27.55,32300,27.57,D
sz300747,锐科激光,2025-09-19 10:02:18,27.55,8000,27.55,D
sz300747,锐科激光,2025-09-19 10:02:57,27.65,9900,27.65,D
sz300747,锐科激光,2025-09-19 10:03:09,27.64,13700,27.68,D
sz300747,锐科激光,2025-09-19 10:03:15,27.65,15100,27.64,U
sz300747,锐科激光,2025-09-19 10:03:27,27.65,13900,27.64,U
sz300747,锐科激光,2025-09-19 10:03:30,27.63,7700,27.65,D
sz300747,锐科激光,2025-09-19 10:03:39,27.63,11400,27.65,D
sz300747,锐科激光,2025-09-19 10:04:00,27.64,17300,27.63,U
sz300747,锐科激光,2025-09-19 10:04:06,27.68,35800,27.67,U
sz300747,锐科激光,2025-09-19 10:04:24,27.64,18100,27.68,D
sz300747,锐科激光,2025-09-19 10:04:51,27.63,8400,27.64,D
sz300747,锐科激光,2025-09-19 10:04:54,27.62,12900,27.63,D
sz300747,锐科激光,2025-09-19 10:05:03,27.62,17500,27.64,D
sz300747,锐科激光,2025-09-19 10:05:39,27.6,8700,27.61,D
sz300747,锐科激光,2025-09-19 10:05:57,27.56,11000,27.57,D
sz300747,锐科激光,2025-09-19 10:06:00,27.58,33700,27.56,U
sz300747,锐科激光,2025-09-19 10:06:21,27.59,9000,27.59,U
sz300747,锐科激光,2025-09-19 10:06:27,27.61,8000,27.6,U
sz300747,锐科激光,2025-09-19 10:06:36,27.62,15900,27.61,U
sz300747,锐科激光,2025-09-19 10:06:48,27.6,30300,27.6,U
sz300747,锐科激光,2025-09-19 10:06:54,27.57,10100,27.58,D
sz300747,锐科激光,2025-09-19 10:07:15,27.58,29300,27.57,U
sz300747,锐科激光,2025-09-19 10:08:30,27.57,23800,27.57,U
sz300747,锐科激光,2025-09-19 10:08:48,27.57,14100,27.56,U
sz300747,锐科激光,2025-09-19 10:09:15,27.61,38400,27.57,U
sz300747,锐科激光,2025-09-19 10:09:18,27.61,8400,27.61,D
sz300747,锐科激光,2025-09-19 10:09:57,27.61,8900,27.63,D
sz300747,锐科激光,2025-09-19 10:10:03,27.63,8500,27.65,D
sz300747,锐科激光,2025-09-19 10:10:15,27.6,13700,27.61,D
sz300747,锐科激光,2025-09-19 10:10:24,27.56,7800,27.58,D
sz300747,锐科激光,2025-09-19 10:10:33,27.54,34400,27.55,D
sz300747,锐科激光,2025-09-19 10:10:39,27.53,12100,27.53,D
sz300747,锐科激光,2025-09-19 10:10:57,27.53,10200,27.55,D
sz300747,锐科激光,2025-09-19 10:11:06,27.56,80900,27.54,U
sz300747,锐科激光,2025-09-19 10:11:09,27.54,14400,27.56,D
sz300747,锐科激光,2025-09-19 10:11:12,27.56,15900,27.54,U
sz300747,锐科激光,2025-09-19 10:11:33,27.59,8400,27.57,U
sz300747,锐科激光,2025-09-19 10:12:06,27.63,11800,27.61,U
sz300747,锐科激光,2025-09-19 10:12:09,27.63,15500,27.63,U
sz300747,锐科激光,2025-09-19 10:12:24,27.65,34700,27.63,U
sz300747,锐科激光,2025-09-19 10:12:30,27.67,11000,27.66,U
sz300747,锐科激光,2025-09-19 10:12:36,27.69,9900,27.67,U
sz300747,锐科激光,2025-09-19 10:12:39,27.68,9600,27.69,D
sz300747,锐科激光,2025-09-19 10:13:00,27.71,21400,27.7,U
sz300747,锐科激光,2025-09-19 10:13:09,27.72,12200,27.7,U
sz300747,锐科激光,2025-09-19 10:13:15,27.73,69900,27.72,U
sz300747,锐科激光,2025-09-19 10:13:36,27.74,10600,27.74,D
sz300747,锐科激光,2025-09-19 10:13:42,27.73,16200,27.72,U
sz300747,锐科激光,2025-09-19 10:13:48,27.74,70900,27.7,U
sz300747,锐科激光,2025-09-19 10:13:57,27.69,8700,27.71,D
sz300747,锐科激光,2025-09-19 10:14:24,27.66,39800,27.68,D
sz300747,锐科激光,2025-09-19 10:15:54,27.71,12200,27.71,D
sz300747,锐科激光,2025-09-19 10:16:03,27.71,11400,27.72,D
sz300747,锐科激光,2025-09-19 10:16:18,27.71,20700,27.72,D
sz300747,锐科激光,2025-09-19 10:16:36,27.68,41900,27.72,D
sz300747,锐科激光,2025-09-19 10:18:12,27.67,38800,27.7,D
sz300747,锐科激光,2025-09-19 10:19:24,27.68,7400,27.67,U
sz300747,锐科激光,2025-09-19 10:19:30,27.66,8400,27.66,D
sz300747,锐科激光,2025-09-19 10:19:33,27.65,21100,27.66,D
sz300747,锐科激光,2025-09-19 10:20:15,27.63,78100,27.67,D
sz300747,锐科激光,2025-09-19 10:20:30,27.64,10700,27.63,U
sz300747,锐科激光,2025-09-19 10:21:06,27.68,10400,27.68,U
sz300747,锐科激光,2025-09-19 10:22:15,27.7,25000,27.67,U
sz300747,锐科激光,2025-09-19 10:22:18,27.72,47600,27.7,U
sz300747,锐科激光,2025-09-19 10:22:39,27.72,17100,27.71,U
sz300747,锐科激光,2025-09-19 10:22:42,27.71,21200,27.72,D
sz300747,锐科激光,2025-09-19 10:23:00,27.71,8000,27.69,U
sz300747,锐科激光,2025-09-19 10:23:18,27.72,10500,27.7,U
sz300747,锐科激光,2025-09-19 10:24:09,27.67,17400,27.7,D
sz300747,锐科激光,2025-09-19 10:25:09,27.65,8000,27.65,D
sz300747,锐科激光,2025-09-19 10:25:12,27.64,18400,27.65,D
sz300747,锐科激光,2025-09-19 10:25:54,27.69,22800,27.66,U
sz300747,锐科激光,2025-09-19 10:26:09,27.7,7600,27.69,U
sz300747,锐科激光,2025-09-19 10:26:21,27.7,11300,27.7,U
sz300747,锐科激光,2025-09-19 10:26:27,27.7,9300,27.7,U
sz300747,锐科激光,2025-09-19 10:27:24,27.73,10400,27.71,U
sz300747,锐科激光,2025-09-19 10:27:33,27.74,23100,27.73,U
sz300747,锐科激光,2025-09-19 10:27:36,27.74,11900,27.74,U
sz300747,锐科激光,2025-09-19 10:27:42,27.75,20400,27.75,U
sz300747,锐科激光,2025-09-19 10:27:45,27.77,21000,27.75,U
sz300747,锐科激光,2025-09-19 10:27:51,27.79,12100,27.77,U
sz300747,锐科激光,2025-09-19 10:27:57,27.79,7400,27.78,D
sz300747,锐科激光,2025-09-19 10:28:06,27.83,33300,27.8,U
sz300747,锐科激光,2025-09-19 10:28:30,27.86,46700,27.85,U
sz300747,锐科激光,2025-09-19 10:28:36,27.85,9800,27.86,D
sz300747,锐科激光,2025-09-19 10:28:57,27.85,17900,27.87,D
sz300747,锐科激光,2025-09-19 10:29:00,27.93,88400,27.85,U
sz300747,锐科激光,2025-09-19 10:29:03,27.96,57600,27.93,U
sz300747,锐科激光,2025-09-19 10:29:09,27.97,13700,27.96,U
sz300747,锐科激光,2025-09-19 10:29:12,27.95,11800,27.97,D
sz300747,锐科激光,2025-09-19 10:29:27,27.92,21000,27.9,U
sz300747,锐科激光,2025-09-19 10:29:33,27.92,8500,27.89,U
sz300747,锐科激光,2025-09-19 10:29:42,27.86,8900,27.87,D
sz300747,锐科激光,2025-09-19 10:29:48,27.89,28100,27.89,U
sz300747,锐科激光,2025-09-19 10:30:00,27.85,8400,27.88,D
sz300747,锐科激光,2025-09-19 10:30:03,27.83,8300,27.85,D
sz300747,锐科激光,2025-09-19 10:30:12,27.85,7600,27.81,U
sz300747,锐科激光,2025-09-19 10:30:54,27.88,7400,27.87,U
sz300747,锐科激光,2025-09-19 10:31:27,27.83,13200,27.85,D
sz300747,锐科激光,2025-09-19 10:31:39,27.8,12300,27.83,D
sz300747,锐科激光,2025-09-19 10:31:42,27.85,18800,27.8,U
sz300747,锐科激光,2025-09-19 10:32:03,27.83,16300,27.85,D
sz300747,锐科激光,2025-09-19 10:32:30,27.77,19900,27.75,E
sz300747,锐科激光,2025-09-19 10:32:48,27.79,9500,27.78,U
sz300747,锐科激光,2025-09-19 10:32:54,27.8,10900,27.78,U
sz300747,锐科激光,2025-09-19 10:34:06,27.79,7400,27.8,D
sz300747,锐科激光,2025-09-19 10:34:45,27.8,7300,27.8,D
sz300747,锐科激光,2025-09-19 10:34:51,27.77,20400,27.81,D
sz300747,锐科激光,2025-09-19 10:37:03,27.72,50900,27.74,E
sz300747,锐科激光,2025-09-19 10:38:24,27.7,30900,27.69,U
sz300747,锐科激光,2025-09-19 10:38:54,27.71,30600,27.71,D
sz300747,锐科激光,2025-09-19 10:39:27,27.75,17000,27.73,U
sz300747,锐科激光,2025-09-19 10:40:09,27.72,16100,27.74,D
sz300747,锐科激光,2025-09-19 10:40:12,27.73,11100,27.72,U
sz300747,锐科激光,2025-09-19 10:41:06,27.71,20500,27.72,D
sz300747,锐科激光,2025-09-19 10:41:57,27.72,8100,27.74,D
sz300747,锐科激光,2025-09-19 10:42:09,27.74,24400,27.74,D
sz300747,锐科激光,2025-09-19 10:42:51,27.75,48900,27.77,D
sz300747,锐科激光,2025-09-19 10:43:12,27.71,21700,27.74,D
sz300747,锐科激光,2025-09-19 10:43:39,27.74,16600,27.73,U
sz300747,锐科激光,2025-09-19 10:45:51,27.78,15500,27.77,U
sz300747,锐科激光,2025-09-19 10:46:09,27.74,12800,27.76,D
sz300747,锐科激光,2025-09-19 10:46:33,27.75,11800,27.76,D
sz300747,锐科激光,2025-09-19 10:46:42,27.73,29800,27.74,D
sz300747,锐科激光,2025-09-19 10:47:33,27.76,10700,27.76,U
sz300747,锐科激光,2025-09-19 10:47:51,27.73,8800,27.72,U
sz300747,锐科激光,2025-09-19 10:48:03,27.72,50900,27.72,U
sz300747,锐科激光,2025-09-19 10:48:06,27.72,7500,27.72,D
sz300747,锐科激光,2025-09-19 10:48:42,27.71,36500,27.7,U
sz300747,锐科激光,2025-09-19 10:49:00,27.67,8300,27.69,D
sz300747,锐科激光,2025-09-19 10:49:06,27.67,9600,27.66,U
sz300747,锐科激光,2025-09-19 10:49:36,27.66,36000,27.65,U
sz300747,锐科激光,2025-09-19 10:50:57,27.63,10000,27.61,U
sz300747,锐科激光,2025-09-19 10:51:03,27.6,20100,27.63,D
sz300747,锐科激光,2025-09-19 10:51:06,27.61,10000,27.6,E
sz300747,锐科激光,2025-09-19 10:51:15,27.61,10400,27.63,D
sz300747,锐科激光,2025-09-19 10:52:12,27.6,10100,27.61,D
sz300747,锐科激光,2025-09-19 10:52:30,27.6,23100,27.6,D
sz300747,锐科激光,2025-09-19 10:53:06,27.58,17700,27.59,D
sz300747,锐科激光,2025-09-19 10:53:45,27.55,22500,27.54,U
sz300747,锐科激光,2025-09-19 10:56:03,27.51,22200,27.52,D
sz300747,锐科激光,2025-09-19 10:58:18,27.47,9300,27.47,D
sz300747,锐科激光,2025-09-19 10:58:33,27.46,9800,27.46,D
sz300747,锐科激光,2025-09-19 10:58:36,27.48,8200,27.46,U
sz300747,锐科激光,2025-09-19 10:58:45,27.46,81840,27.47,D
sz300747,锐科激光,2025-09-19 10:59:06,27.45,18700,27.46,D
sz300747,锐科激光,2025-09-19 10:59:12,27.49,19100,27.47,U
sz300747,锐科激光,2025-09-19 10:59:21,27.49,8400,27.5,D
sz300747,锐科激光,2025-09-19 11:00:03,27.53,10900,27.53,U
sz300747,锐科激光,2025-09-19 11:00:06,27.53,9600,27.53,D
sz300747,锐科激光,2025-09-19 11:00:57,27.52,25300,27.53,D
sz300747,锐科激光,2025-09-19 11:01:03,27.5,22500,27.51,D
sz300747,锐科激光,2025-09-19 11:02:45,27.41,8300,27.41,D
sz300747,锐科激光,2025-09-19 11:03:06,27.42,14200,27.4,U
sz300747,锐科激光,2025-09-19 11:03:15,27.46,30200,27.43,U
sz300747,锐科激光,2025-09-19 11:03:33,27.46,7400,27.47,D
sz300747,锐科激光,2025-09-19 11:03:51,27.42,19100,27.44,D
sz300747,锐科激光,2025-09-19 11:03:54,27.42,12600,27.42,U
sz300747,锐科激光,2025-09-19 11:06:24,27.46,9800,27.49,D
sz300747,锐科激光,2025-09-19 11:08:03,27.51,25000,27.49,U
sz300747,锐科激光,2025-09-19 11:09:03,27.52,7900,27.55,D
sz300747,锐科激光,2025-09-19 11:09:45,27.51,12700,27.5,U
sz300747,锐科激光,2025-09-19 11:12:54,27.53,11900,27.51,U
sz300747,锐科激光,2025-09-19 11:12:57,27.51,10600,27.53,D
sz300747,锐科激光,2025-09-19 11:14:27,27.61,30200,27.56,U
sz300747,锐科激光,2025-09-19 11:15:03,27.51,18200,27.53,D
sz300747,锐科激光,2025-09-19 11:15:42,27.49,8100,27.48,U
sz300747,锐科激光,2025-09-19 11:17:30,27.44,9300,27.43,U
sz300747,锐科激光,2025-09-19 11:19:51,27.5,10700,27.49,U
sz300747,锐科激光,2025-09-19 11:23:24,27.56,7400,27.55,U
sz300747,锐科激光,2025-09-19 11:23:48,27.61,10300,27.56,U
sz300747,锐科激光,2025-09-19 11:24:24,27.62,7700,27.6,U
sz300747,锐科激光,2025-09-19 11:24:54,27.56,7300,27.58,D
sz300747,锐科激光,2025-09-19 11:26:06,27.49,8500,27.51,D
sz300747,锐科激光,2025-09-19 11:29:03,27.53,31000,27.53,U
sz300747,锐科激光,2025-09-19 11:29:36,27.55,9100,27.54,U
sz300747,锐科激光,2025-09-19 13:00:00,27.59,12600,27.55,U
sz300747,锐科激光,2025-09-19 13:00:03,27.57,30000,27.59,D
sz300747,锐科激光,2025-09-19 13:00:06,27.55,28300,27.57,D
sz300747,锐科激光,2025-09-19 13:00:09,27.49,27000,27.55,D
sz300747,锐科激光,2025-09-19 13:00:12,27.47,12300,27.49,D
sz300747,锐科激光,2025-09-19 13:01:06,27.51,11400,27.52,D
sz300747,锐科激光,2025-09-19 13:01:18,27.53,10000,27.51,U
sz300747,锐科激光,2025-09-19 13:01:57,27.56,9000,27.55,U
sz300747,锐科激光,2025-09-19 13:02:27,27.6,11300,27.61,D
sz300747,锐科激光,2025-09-19 13:02:36,27.56,12700,27.6,D
sz300747,锐科激光,2025-09-19 13:04:15,27.59,31700,27.62,D
sz300747,锐科激光,2025-09-19 13:05:21,27.58,14000,27.6,D
sz300747,锐科激光,2025-09-19 13:06:51,27.6,8300,27.58,U
sz300747,锐科激光,2025-09-19 13:08:24,27.65,11700,27.65,U
sz300747,锐科激光,2025-09-19 13:08:33,27.67,57000,27.67,U
sz300747,锐科激光,2025-09-19 13:08:45,27.68,28000,27.67,U
sz300747,锐科激光,2025-09-19 13:09:06,27.65,8100,27.65,U
sz300747,锐科激光,2025-09-19 13:09:45,27.6,9400,27.6,D
sz300747,锐科激光,2025-09-19 13:11:00,27.56,70200,27.59,D
sz300747,锐科激光,2025-09-19 13:11:03,27.54,7800,27.56,D
sz300747,锐科激光,2025-09-19 13:11:42,27.51,8000,27.53,D
sz300747,锐科激光,2025-09-19 13:13:06,27.54,31400,27.57,D
sz300747,锐科激光,2025-09-19 13:13:39,27.51,7400,27.51,D
sz300747,锐科激光,2025-09-19 13:14:33,27.52,13600,27.5,U
sz300747,锐科激光,2025-09-19 13:15:42,27.51,9000,27.52,D
sz300747,锐科激光,2025-09-19 13:16:00,27.48,16900,27.5,D
sz300747,锐科激光,2025-09-19 13:16:30,27.48,11900,27.47,U
sz300747,锐科激光,2025-09-19 13:19:12,27.47,22250,27.47,D
sz300747,锐科激光,2025-09-19 13:20:36,27.41,11400,27.41,D
sz300747,锐科激光,2025-09-19 13:20:42,27.39,29700,27.42,D
sz300747,锐科激光,2025-09-19 13:20:45,27.4,10200,27.39,U
sz300747,锐科激光,2025-09-19 13:20:48,27.4,13600,27.4,U
sz300747,锐科激光,2025-09-19 13:21:51,27.4,7700,27.4,D
sz300747,锐科激光,2025-09-19 13:22:06,27.4,7500,27.41,D
sz300747,锐科激光,2025-09-19 13:23:36,27.35,15200,27.36,D
sz300747,锐科激光,2025-09-19 13:24:00,27.32,42000,27.33,D
sz300747,锐科激光,2025-09-19 13:24:45,27.33,8000,27.33,D
sz300747,锐科激光,2025-09-19 13:24:57,27.32,8000,27.33,D
sz300747,锐科激光,2025-09-19 13:25:12,27.31,10700,27.31,D
sz300747,锐科激光,2025-09-19 13:25:36,27.29,37500,27.3,D
sz300747,锐科激光,2025-09-19 13:25:39,27.27,18500,27.29,D
sz300747,锐科激光,2025-09-19 13:25:54,27.27,15400,27.26,U
sz300747,锐科激光,2025-09-19 13:26:15,27.27,10500,27.26,E
sz300747,锐科激光,2025-09-19 13:26:18,27.31,85800,27.27,U
sz300747,锐科激光,2025-09-19 13:26:27,27.25,14500,27.27,D
sz300747,锐科激光,2025-09-19 13:26:36,27.25,30200,27.27,D
sz300747,锐科激光,2025-09-19 13:27:06,27.28,8500,27.29,D
sz300747,锐科激光,2025-09-19 13:27:21,27.27,10200,27.28,D
sz300747,锐科激光,2025-09-19 13:29:00,27.27,38000,27.27,D
sz300747,锐科激光,2025-09-19 13:30:09,27.27,12700,27.28,D
sz300747,锐科激光,2025-09-19 13:30:51,27.27,12800,27.27,D
sz300747,锐科激光,2025-09-19 13:30:54,27.27,14200,27.27,D
sz300747,锐科激光,2025-09-19 13:31:03,27.27,11000,27.26,U
sz300747,锐科激光,2025-09-19 13:32:03,27.29,9800,27.29,E
sz300747,锐科激光,2025-09-19 13:32:12,27.25,30400,27.28,D
sz300747,锐科激光,2025-09-19 13:32:15,27.24,49000,27.25,D
sz300747,锐科激光,2025-09-19 13:32:18,27.25,12800,27.24,U
sz300747,锐科激光,2025-09-19 13:32:21,27.22,13200,27.25,D
sz300747,锐科激光,2025-09-19 13:32:39,27.21,32200,27.21,D
sz300747,锐科激光,2025-09-19 13:33:06,27.18,12200,27.17,E
sz300747,锐科激光,2025-09-19 13:33:21,27.18,27800,27.17,U
sz300747,锐科激光,2025-09-19 13:33:27,27.22,25500,27.17,U
sz300747,锐科激光,2025-09-19 13:33:51,27.21,8200,27.22,D
sz300747,锐科激光,2025-09-19 13:35:03,27.19,8000,27.18,U
sz300747,锐科激光,2025-09-19 13:35:06,27.17,40400,27.19,D
sz300747,锐科激光,2025-09-19 13:35:33,27.16,22200,27.16,U
sz300747,锐科激光,2025-09-19 13:35:36,27.16,14500,27.16,U
sz300747,锐科激光,2025-09-19 13:35:51,27.15,16600,27.16,D
sz300747,锐科激光,2025-09-19 13:36:18,27.14,10000,27.15,D
sz300747,锐科激光,2025-09-19 13:36:45,27.17,14400,27.16,U
sz300747,锐科激光,2025-09-19 13:37:00,27.16,12400,27.17,D
sz300747,锐科激光,2025-09-19 13:38:48,27.16,7900,27.15,U
sz300747,锐科激光,2025-09-19 13:39:27,27.22,11800,27.22,D
sz300747,锐科激光,2025-09-19 13:40:39,27.18,8100,27.18,D
sz300747,锐科激光,2025-09-19 13:40:51,27.18,8700,27.16,U
sz300747,锐科激光,2025-09-19 13:42:00,27.16,7750,27.16,D
sz300747,锐科激光,2025-09-19 13:45:12,27.24,38400,27.22,U
sz300747,锐科激光,2025-09-19 13:45:36,27.28,7700,27.25,U
sz300747,锐科激光,2025-09-19 13:49:09,27.25,12800,27.29,D
sz300747,锐科激光,2025-09-19 13:50:00,27.3,40000,27.31,D
sz300747,锐科激光,2025-09-19 13:50:30,27.27,25600,27.27,U
sz300747,锐科激光,2025-09-19 13:51:03,27.27,15400,27.23,U
sz300747,锐科激光,2025-09-19 13:51:42,27.3,16400,27.29,U
sz300747,锐科激光,2025-09-19 13:52:09,27.32,28400,27.32,U
sz300747,锐科激光,2025-09-19 13:52:21,27.32,10000,27.31,U
sz300747,锐科激光,2025-09-19 13:52:33,27.29,27000,27.3,D
sz300747,锐科激光,2025-09-19 13:54:03,27.27,7400,27.28,D
sz300747,锐科激光,2025-09-19 13:54:24,27.25,7900,27.26,D
sz300747,锐科激光,2025-09-19 13:55:18,27.26,8600,27.22,U
sz300747,锐科激光,2025-09-19 13:56:33,27.28,10000,27.26,U
sz300747,锐科激光,2025-09-19 13:57:15,27.29,12600,27.28,U
sz300747,锐科激光,2025-09-19 13:58:06,27.31,10000,27.33,D
sz300747,锐科激光,2025-09-19 13:58:15,27.33,41800,27.3,U
sz300747,锐科激光,2025-09-19 13:59:12,27.3,10300,27.31,D
sz300747,锐科激光,2025-09-19 13:59:27,27.29,22100,27.29,D
sz300747,锐科激光,2025-09-19 14:00:33,27.23,9700,27.24,D
sz300747,锐科激光,2025-09-19 14:00:57,27.24,12900,27.24,U
sz300747,锐科激光,2025-09-19 14:01:12,27.24,12600,27.24,U
sz300747,锐科激光,2025-09-19 14:01:45,27.26,19300,27.27,D
sz300747,锐科激光,2025-09-19 14:02:06,27.3,35500,27.26,U
sz300747,锐科激光,2025-09-19 14:02:45,27.3,11500,27.31,D
sz300747,锐科激光,2025-09-19 14:02:51,27.28,12400,27.29,D
sz300747,锐科激光,2025-09-19 14:03:00,27.29,8200,27.28,U
sz300747,锐科激光,2025-09-19 14:03:57,27.31,18800,27.33,D
sz300747,锐科激光,2025-09-19 14:04:27,27.35,7600,27.34,U
sz300747,锐科激光,2025-09-19 14:04:51,27.37,51200,27.35,U
sz300747,锐科激光,2025-09-19 14:05:21,27.38,11100,27.38,U
sz300747,锐科激光,2025-09-19 14:05:54,27.38,7800,27.39,D
sz300747,锐科激光,2025-09-19 14:07:06,27.39,9400,27.38,U
sz300747,锐科激光,2025-09-19 14:07:15,27.38,8000,27.39,E
sz300747,锐科激光,2025-09-19 14:07:21,27.37,8200,27.39,D
sz300747,锐科激光,2025-09-19 14:07:30,27.37,14400,27.37,D
sz300747,锐科激光,2025-09-19 14:07:51,27.33,13000,27.35,D
sz300747,锐科激光,2025-09-19 14:11:24,27.33,10600,27.31,U
sz300747,锐科激光,2025-09-19 14:13:48,27.4,11500,27.4,U
sz300747,锐科激光,2025-09-19 14:15:12,27.46,7600,27.42,U
sz300747,锐科激光,2025-09-19 14:16:18,27.52,17600,27.49,U
sz300747,锐科激光,2025-09-19 14:16:48,27.52,30000,27.53,D
sz300747,锐科激光,2025-09-19 14:16:54,27.52,25500,27.52,U
sz300747,锐科激光,2025-09-19 14:17:42,27.52,7700,27.5,U
sz300747,锐科激光,2025-09-19 14:18:03,27.5,23200,27.5,D
sz300747,锐科激光,2025-09-19 14:18:06,27.5,9800,27.5,U
sz300747,锐科激光,2025-09-19 14:18:12,27.49,13400,27.48,U
sz300747,锐科激光,2025-09-19 14:18:39,27.48,7700,27.48,D
sz300747,锐科激光,2025-09-19 14:19:39,27.46,7300,27.44,U
sz300747,锐科激光,2025-09-19 14:19:42,27.48,11200,27.46,U
sz300747,锐科激光,2025-09-19 14:20:06,27.5,10800,27.49,U
sz300747,锐科激光,2025-09-19 14:20:09,27.49,7600,27.5,D
sz300747,锐科激光,2025-09-19 14:20:33,27.49,11600,27.49,U
sz300747,锐科激光,2025-09-19 14:20:51,27.47,11100,27.48,D
sz300747,锐科激光,2025-09-19 14:20:54,27.46,43500,27.47,D
sz300747,锐科激光,2025-09-19 14:21:06,27.45,7600,27.46,D
sz300747,锐科激光,2025-09-19 14:21:18,27.42,7700,27.42,D
sz300747,锐科激光,2025-09-19 14:21:54,27.41,7600,27.4,U
sz300747,锐科激光,2025-09-19 14:22:30,27.4,20300,27.42,D
sz300747,锐科激光,2025-09-19 14:26:09,27.49,7400,27.49,D
sz300747,锐科激光,2025-09-19 14:26:12,27.54,43400,27.49,U
sz300747,锐科激光,2025-09-19 14:26:39,27.53,11700,27.53,D
sz300747,锐科激光,2025-09-19 14:27:45,27.52,8400,27.52,U
sz300747,锐科激光,2025-09-19 14:29:27,27.51,14700,27.51,D
sz300747,锐科激光,2025-09-19 14:29:54,27.5,10100,27.5,D
sz300747,锐科激光,2025-09-19 14:30:00,27.48,8500,27.5,D
sz300747,锐科激光,2025-09-19 14:30:36,27.5,11200,27.49,U
sz300747,锐科激光,2025-09-19 14:30:48,27.49,9500,27.52,D
sz300747,锐科激光,2025-09-19 14:31:27,27.46,12580,27.48,D
sz300747,锐科激光,2025-09-19 14:32:21,27.5,23700,27.49,U
sz300747,锐科激光,2025-09-19 14:33:06,27.45,10500,27.47,D
sz300747,锐科激光,2025-09-19 14:33:09,27.42,16600,27.45,D
sz300747,锐科激光,2025-09-19 14:33:15,27.42,8400,27.43,D
sz300747,锐科激光,2025-09-19 14:34:30,27.41,15100,27.4,U
sz300747,锐科激光,2025-09-19 14:36:09,27.36,8700,27.37,D
sz300747,锐科激光,2025-09-19 14:38:54,27.36,8000,27.36,D
sz300747,锐科激光,2025-09-19 14:38:57,27.37,49900,27.36,U
sz300747,锐科激光,2025-09-19 14:39:48,27.38,8500,27.41,D
sz300747,锐科激光,2025-09-19 14:41:42,27.39,9000,27.41,D
sz300747,锐科激光,2025-09-19 14:42:48,27.4,16200,27.41,D
sz300747,锐科激光,2025-09-19 14:42:51,27.39,11200,27.4,D
sz300747,锐科激光,2025-09-19 14:42:54,27.39,16800,27.39,D
sz300747,锐科激光,2025-09-19 14:42:57,27.38,22700,27.39,D
sz300747,锐科激光,2025-09-19 14:44:00,27.41,14500,27.42,D
sz300747,锐科激光,2025-09-19 14:44:30,27.41,8100,27.41,D
sz300747,锐科激光,2025-09-19 14:44:54,27.42,10800,27.41,U
sz300747,锐科激光,2025-09-19 14:45:48,27.41,13100,27.41,U
sz300747,锐科激光,2025-09-19 14:45:57,27.4,11300,27.41,D
sz300747,锐科激光,2025-09-19 14:46:00,27.38,21400,27.4,D
sz300747,锐科激光,2025-09-19 14:46:09,27.38,14800,27.39,D
sz300747,锐科激光,2025-09-19 14:46:57,27.38,21600,27.39,D
sz300747,锐科激光,2025-09-19 14:47:12,27.38,9900,27.39,D
sz300747,锐科激光,2025-09-19 14:47:21,27.39,15700,27.38,U
sz300747,锐科激光,2025-09-19 14:47:39,27.38,14000,27.38,D
sz300747,锐科激光,2025-09-19 14:47:42,27.38,23200,27.38,D
sz300747,锐科激光,2025-09-19 14:48:42,27.35,12700,27.36,D
sz300747,锐科激光,2025-09-19 14:49:00,27.34,17600,27.35,D
sz300747,锐科激光,2025-09-19 14:49:03,27.34,31200,27.34,D
sz300747,锐科激光,2025-09-19 14:49:15,27.36,13500,27.35,U
sz300747,锐科激光,2025-09-19 14:49:18,27.37,8800,27.36,U
sz300747,锐科激光,2025-09-19 14:50:03,27.33,20500,27.35,D
sz300747,锐科激光,2025-09-19 14:51:12,27.34,15000,27.32,U
sz300747,锐科激光,2025-09-19 14:51:36,27.32,25900,27.32,D
sz300747,锐科激光,2025-09-19 14:51:39,27.32,8300,27.32,D
sz300747,锐科激光,2025-09-19 14:52:00,27.31,7400,27.31,U
sz300747,锐科激光,2025-09-19 14:52:12,27.32,14700,27.31,U
sz300747,锐科激光,2025-09-19 14:53:42,27.34,17200,27.32,U
sz300747,锐科激光,2025-09-19 14:54:12,27.32,10600,27.32,D
sz300747,锐科激光,2025-09-19 14:54:24,27.32,36500,27.33,D
sz300747,锐科激光,2025-09-19 14:54:42,27.31,8100,27.31,D
sz300747,锐科激光,2025-09-19 14:55:00,27.32,17700,27.31,U
sz300747,锐科激光,2025-09-19 14:55:24,27.32,9600,27.33,D
sz300747,锐科激光,2025-09-19 14:55:30,27.32,10400,27.32,D
sz300747,锐科激光,2025-09-19 14:56:06,27.32,11500,27.32,D
sz300747,锐科激光,2025-09-19 14:56:12,27.32,17100,27.33,D
sz300747,锐科激光,2025-09-19 14:56:21,27.33,10500,27.33,U
sz300747,锐科激光,2025-09-19 14:56:30,27.33,23300,27.32,U
sz300747,锐科激光,2025-09-19 14:56:39,27.34,10100,27.33,U
sz300747,锐科激光,2025-09-19 14:56:48,27.34,9300,27.33,U
sz300747,锐科激光,2025-09-19 15:00:00,27.3,234700,27.34,D
