symbol,name,ticktime,price,volume,prev_price,kind
sz300747,锐科激光,2025-09-18 09:25:00,27.35,33200,0.0,U
sz300747,锐科激光,2025-09-18 09:30:00,27.35,35400,27.35,U
sz300747,锐科激光,2025-09-18 09:30:03,27.37,72700,27.35,U
sz300747,锐科激光,2025-09-18 09:30:06,27.35,29200,27.37,D
sz300747,锐科激光,2025-09-18 09:30:09,27.3,11900,27.35,D
sz300747,锐科激光,2025-09-18 09:30:12,27.29,7800,27.3,E
sz300747,锐科激光,2025-09-18 09:30:21,27.22,10500,27.24,D
sz300747,锐科激光,2025-09-18 09:30:27,27.25,8600,27.19,U
sz300747,锐科激光,2025-09-18 09:30:30,27.29,40700,27.25,U
sz300747,锐科激光,2025-09-18 09:30:33,27.33,9400,27.29,U
sz300747,锐科激光,2025-09-18 09:30:42,27.29,7600,27.3,D
sz300747,锐科激光,2025-09-18 09:30:45,27.27,13300,27.29,D
sz300747,锐科激光,2025-09-18 09:30:54,27.29,52600,27.26,U
sz300747,锐科激光,2025-09-18 09:31:00,27.3,14900,27.26,U
sz300747,锐科激光,2025-09-18 09:31:18,27.33,14500,27.28,U
sz300747,锐科激光,2025-09-18 09:31:27,27.34,8100,27.31,U
sz300747,锐科激光,2025-09-18 09:31:36,27.31,7400,27.31,D
sz300747,锐科激光,2025-09-18 09:31:57,27.3,10200,27.31,D
sz300747,锐科激光,2025-09-18 09:32:09,27.3,13500,27.28,U
sz300747,锐科激光,2025-09-18 09:32:15,27.34,14200,27.3,U
sz300747,锐科激光,2025-09-18 09:32:18,27.37,17300,27.34,U
sz300747,锐科激光,2025-09-18 09:32:21,27.37,13700,27.37,D
sz300747,锐科激光,2025-09-18 09:32:27,27.31,8100,27.36,D
sz300747,锐科激光,2025-09-18 09:32:45,27.34,14400,27.33,E
sz300747,锐科激光,2025-09-18 09:33:12,27.4,8000,27.39,U
sz300747,锐科激光,2025-09-18 09:33:15,27.41,13300,27.4,U
sz300747,锐科激光,2025-09-18 09:33:36,27.38,15700,27.4,D
sz300747,锐科激光,2025-09-18 09:33:39,27.42,8500,27.38,U
sz300747,锐科激光,2025-09-18 09:33:48,27.39,11000,27.42,D
sz300747,锐科激光,2025-09-18 09:34:09,27.4,8300,27.42,D
sz300747,锐科激光,2025-09-18 09:34:15,27.4,11700,27.41,D
sz300747,锐科激光,2025-09-18 09:34:21,27.43,15100,27.4,U
sz300747,锐科激光,2025-09-18 09:34:42,27.39,10700,27.39,U
sz300747,锐科激光,2025-09-18 09:35:00,27.35,10600,27.39,D
sz300747,锐科激光,2025-09-18 09:35:03,27.36,21000,27.35,U
sz300747,锐科激光,2025-09-18 09:35:18,27.39,15164,27.38,U
sz300747,锐科激光,2025-09-18 09:35:21,27.38,9900,27.39,D
sz300747,锐科激光,2025-09-18 09:35:33,27.38,12700,27.38,U
sz300747,锐科激光,2025-09-18 09:35:51,27.36,9400,27.35,U
sz300747,锐科激光,2025-09-18 09:35:54,27.36,11300,27.36,U
sz300747,锐科激光,2025-09-18 09:35:57,27.35,12200,27.36,E
sz300747,锐科激光,2025-09-18 09:36:00,27.38,36400,27.35,U
sz300747,锐科激光,2025-09-18 09:36:09,27.4,7900,27.39,U
sz300747,锐科激光,2025-09-18 09:36:12,27.38,11500,27.4,D
sz300747,锐科激光,2025-09-18 09:36:15,27.4,28500,27.38,U
sz300747,锐科激光,2025-09-18 09:36:18,27.4,9500,27.4,U
sz300747,锐科激光,2025-09-18 09:36:27,27.4,9200,27.39,U
sz300747,锐科激光,2025-09-18 09:36:36,27.36,36000,27.4,D
sz300747,锐科激光,2025-09-18 09:36:39,27.35,24500,27.36,E
sz300747,锐科激光,2025-09-18 09:37:15,27.32,13200,27.33,D
sz300747,锐科激光,2025-09-18 09:37:18,27.32,23400,27.32,U
sz300747,锐科激光,2025-09-18 09:37:27,27.3,15700,27.3,D
sz300747,锐科激光,2025-09-18 09:37:30,27.29,23200,27.3,D
sz300747,锐科激光,2025-09-18 09:37:33,27.28,8100,27.29,D
sz300747,锐科激光,2025-09-18 09:38:03,27.29,16400,27.28,U
sz300747,锐科激光,2025-09-18 09:38:18,27.25,11800,27.28,D
sz300747,锐科激光,2025-09-18 09:38:45,27.22,9000,27.22,U
sz300747,锐科激光,2025-09-18 09:38:51,27.21,20000,27.21,D
sz300747,锐科激光,2025-09-18 09:38:57,27.2,23000,27.22,D
sz300747,锐科激光,2025-09-18 09:39:06,27.2,12400,27.21,D
sz300747,锐科激光,2025-09-18 09:39:12,27.21,7500,27.2,U
sz300747,锐科激光,2025-09-18 09:39:24,27.19,16200,27.2,D
sz300747,锐科激光,2025-09-18 09:39:27,27.19,9700,27.19,D
sz300747,锐科激光,2025-09-18 09:39:51,27.2,65284,27.2,U
sz300747,锐科激光,2025-09-18 09:40:21,27.22,13500,27.22,D
sz300747,锐科激光,2025-09-18 09:40:24,27.2,13400,27.22,D
sz300747,锐科激光,2025-09-18 09:40:39,27.19,13300,27.2,D
sz300747,锐科激光,2025-09-18 09:41:12,27.23,10900,27.24,D
sz300747,锐科激光,2025-09-18 09:41:27,27.24,9200,27.21,U
sz300747,锐科激光,2025-09-18 09:41:45,27.2,12060,27.21,D
sz300747,锐科激光,2025-09-18 09:41:48,27.18,38000,27.2,D
sz300747,锐科激光,2025-09-18 09:41:51,27.19,21600,27.18,U
sz300747,锐科激光,2025-09-18 09:41:54,27.18,7600,27.19,D
sz300747,锐科激光,2025-09-18 09:41:57,27.18,7800,27.18,D
sz300747,锐科激光,2025-09-18 09:42:36,27.2,13900,27.19,U
sz300747,锐科激光,2025-09-18 09:42:45,27.24,20900,27.21,U
sz300747,锐科激光,2025-09-18 09:42:48,27.2,10000,27.24,D
sz300747,锐科激光,2025-09-18 09:43:06,27.18,60300,27.22,D
sz300747,锐科激光,2025-09-18 09:43:12,27.19,39000,27.18,U
sz300747,锐科激光,2025-09-18 09:44:03,27.19,8300,27.2,D
sz300747,锐科激光,2025-09-18 09:44:18,27.2,11900,27.21,D
sz300747,锐科激光,2025-09-18 09:44:21,27.2,11700,27.2,U
sz300747,锐科激光,2025-09-18 09:44:30,27.18,17300,27.2,D
sz300747,锐科激光,2025-09-18 09:44:36,27.18,10500,27.19,D
sz300747,锐科激光,2025-09-18 09:44:42,27.2,9400,27.19,U
sz300747,锐科激光,2025-09-18 09:45:00,27.17,40070,27.18,D
sz300747,锐科激光,2025-09-18 09:45:03,27.15,66140,27.17,D
sz300747,锐科激光,2025-09-18 09:45:06,27.16,10800,27.15,U
sz300747,锐科激光,2025-09-18 09:45:15,27.12,12300,27.12,D
sz300747,锐科激光,2025-09-18 09:45:18,27.12,7500,27.12,D
sz300747,锐科激光,2025-09-18 09:45:21,27.11,8700,27.12,D
sz300747,锐科激光,2025-09-18 09:45:30,27.12,8100,27.12,D
sz300747,锐科激光,2025-09-18 09:45:45,27.12,80300,27.14,D
sz300747,锐科激光,2025-09-18 09:46:03,27.17,17400,27.15,U
sz300747,锐科激光,2025-09-18 09:47:15,27.16,16200,27.17,D
sz300747,锐科激光,2025-09-18 09:47:18,27.15,13500,27.16,D
sz300747,锐科激光,2025-09-18 09:47:30,27.13,11000,27.13,D
sz300747,锐科激光,2025-09-18 09:47:36,27.12,13000,27.13,D
sz300747,锐科激光,2025-09-18 09:47:42,27.12,10900,27.12,D
sz300747,锐科激光,2025-09-18 09:47:51,27.12,14880,27.12,D
sz300747,锐科激光,2025-09-18 09:48:03,27.11,22400,27.12,D
sz300747,锐科激光,2025-09-18 09:48:15,27.1,11200,27.11,D
sz300747,锐科激光,2025-09-18 09:48:24,27.09,31500,27.11,D
sz300747,锐科激光,2025-09-18 09:48:30,27.1,11700,27.1,D
sz300747,锐科激光,2025-09-18 09:48:42,27.1,10400,27.09,U
sz300747,锐科激光,2025-09-18 09:48:57,27.14,17100,27.1,U
sz300747,锐科激光,2025-09-18 09:49:03,27.16,14800,27.14,U
sz300747,锐科激光,2025-09-18 09:49:21,27.13,7600,27.13,D
sz300747,锐科激光,2025-09-18 09:49:48,27.1,7600,27.1,D
sz300747,锐科激光,2025-09-18 09:50:00,27.09,17000,27.1,D
sz300747,锐科激光,2025-09-18 09:50:18,27.08,21200,27.09,D
sz300747,锐科激光,2025-09-18 09:50:42,27.08,14700,27.06,U
sz300747,锐科激光,2025-09-18 09:50:48,27.05,7900,27.06,D
sz300747,锐科激光,2025-09-18 09:51:00,27.08,29800,27.05,U
sz300747,锐科激光,2025-09-18 09:51:21,27.11,7500,27.08,U
sz300747,锐科激光,2025-09-18 09:51:33,27.12,10800,27.12,U
sz300747,锐科激光,2025-09-18 09:51:45,27.11,21100,27.11,D
sz300747,锐科激光,2025-09-18 09:51:48,27.11,8700,27.11,U
sz300747,锐科激光,2025-09-18 09:51:57,27.09,10000,27.11,D
sz300747,锐科激光,2025-09-18 09:52:18,27.12,28300,27.14,D
sz300747,锐科激光,2025-09-18 09:52:39,27.15,12900,27.15,D
sz300747,锐科激光,2025-09-18 09:53:42,27.11,8700,27.11,D
sz300747,锐科激光,2025-09-18 09:54:06,27.11,12900,27.11,D
sz300747,锐科激光,2025-09-18 09:54:48,27.11,8100,27.13,D
sz300747,锐科激光,2025-09-18 09:55:12,27.12,7600,27.11,U
sz300747,锐科激光,2025-09-18 09:55:45,27.12,17200,27.12,U
sz300747,锐科激光,2025-09-18 09:55:48,27.11,20400,27.12,D
sz300747,锐科激光,2025-09-18 09:56:27,27.14,7800,27.14,D
sz300747,锐科激光,2025-09-18 09:57:03,27.13,13300,27.13,D
sz300747,锐科激光,2025-09-18 09:57:21,27.15,8400,27.14,U
sz300747,锐科激光,2025-09-18 09:57:27,27.18,10200,27.16,U
sz300747,锐科激光,2025-09-18 09:57:30,27.16,11900,27.18,D
sz300747,锐科激光,2025-09-18 09:57:39,27.16,9300,27.16,D
sz300747,锐科激光,2025-09-18 09:57:42,27.18,8100,27.16,U
sz300747,锐科激光,2025-09-18 09:58:42,27.2,10700,27.22,D
sz300747,锐科激光,2025-09-18 09:59:09,27.24,34200,27.21,U
sz300747,锐科激光,2025-09-18 09:59:21,27.32,144300,27.21,U
sz300747,锐科激光,2025-09-18 09:59:36,27.32,11200,27.32,U
sz300747,锐科激光,2025-09-18 10:00:15,27.28,37200,27.31,D
sz300747,锐科激光,2025-09-18 10:00:21,27.32,33700,27.3,U
sz300747,锐科激光,2025-09-18 10:02:06,27.37,11100,27.36,U
sz300747,锐科激光,2025-09-18 10:02:15,27.38,7900,27.37,U
sz300747,锐科激光,2025-09-18 10:02:18,27.36,7600,27.38,D
sz300747,锐科激光,2025-09-18 10:02:27,27.36,12600,27.35,U
sz300747,锐科激光,2025-09-18 10:02:51,27.35,13800,27.36,D
sz300747,锐科激光,2025-09-18 10:02:57,27.35,14500,27.35,D
sz300747,锐科激光,2025-09-18 10:03:06,27.4,34100,27.36,U
sz300747,锐科激光,2025-09-18 10:03:09,27.4,23100,27.4,U
sz300747,锐科激光,2025-09-18 10:03:30,27.4,7900,27.39,U
sz300747,锐科激光,2025-09-18 10:03:51,27.41,32300,27.42,D
sz300747,锐科激光,2025-09-18 10:04:21,27.42,18300,27.42,D
sz300747,锐科激光,2025-09-18 10:04:36,27.41,17300,27.41,D
sz300747,锐科激光,2025-09-18 10:04:45,27.4,10600,27.41,D
sz300747,锐科激光,2025-09-18 10:04:54,27.4,7900,27.4,D
sz300747,锐科激光,2025-09-18 10:05:00,27.41,9600,27.4,U
sz300747,锐科激光,2025-09-18 10:05:09,27.42,10500,27.42,U
sz300747,锐科激光,2025-09-18 10:05:54,27.42,14000,27.42,U
sz300747,锐科激光,2025-09-18 10:06:00,27.47,47800,27.43,U
sz300747,锐科激光,2025-09-18 10:06:03,27.42,37600,27.47,D
sz300747,锐科激光,2025-09-18 10:06:12,27.49,14500,27.43,U
sz300747,锐科激光,2025-09-18 10:06:48,27.43,11800,27.44,D
sz300747,锐科激光,2025-09-18 10:07:09,27.43,9700,27.43,D
sz300747,锐科激光,2025-09-18 10:07:48,27.44,8800,27.45,D
sz300747,锐科激光,2025-09-18 10:08:12,27.45,11500,27.44,U
sz300747,锐科激光,2025-09-18 10:08:24,27.44,10100,27.45,D
sz300747,锐科激光,2025-09-18 10:08:39,27.43,21100,27.44,D
sz300747,锐科激光,2025-09-18 10:08:48,27.43,24900,27.43,D
sz300747,锐科激光,2025-09-18 10:09:30,27.42,19100,27.41,U
sz300747,锐科激光,2025-09-18 10:10:39,27.43,30900,27.4,U
sz300747,锐科激光,2025-09-18 10:11:12,27.43,8700,27.43,U
sz300747,锐科激光,2025-09-18 10:11:18,27.45,19100,27.44,U
sz300747,锐科激光,2025-09-18 10:11:27,27.46,19800,27.44,U
sz300747,锐科激光,2025-09-18 10:11:42,27.46,25100,27.47,U
sz300747,锐科激光,2025-09-18 10:11:48,27.45,10600,27.45,D
sz300747,锐科激光,2025-09-18 10:11:57,27.47,7300,27.46,U
sz300747,锐科激光,2025-09-18 10:12:06,27.49,13400,27.47,U
sz300747,锐科激光,2025-09-18 10:12:21,27.5,21800,27.48,U
sz300747,锐科激光,2025-09-18 10:12:27,27.5,12500,27.49,U
sz300747,锐科激光,2025-09-18 10:12:36,27.5,12800,27.5,U
sz300747,锐科激光,2025-09-18 10:12:42,27.5,14400,27.5,U
sz300747,锐科激光,2025-09-18 10:12:51,27.49,14700,27.49,D
sz300747,锐科激光,2025-09-18 10:13:06,27.5,10500,27.5,D
sz300747,锐科激光,2025-09-18 10:13:12,27.5,9600,27.5,D
sz300747,锐科激光,2025-09-18 10:13:45,27.5,9000,27.49,U
sz300747,锐科激光,2025-09-18 10:13:48,27.5,11200,27.5,D
sz300747,锐科激光,2025-09-18 10:14:09,27.51,23100,27.5,U
sz300747,锐科激光,2025-09-18 10:14:30,27.52,7400,27.52,U
sz300747,锐科激光,2025-09-18 10:14:51,27.51,8100,27.5,U
sz300747,锐科激光,2025-09-18 10:15:45,27.51,7300,27.51,U
sz300747,锐科激光,2025-09-18 10:15:51,27.51,18500,27.51,U
sz300747,锐科激光,2025-09-18 10:16:09,27.52,16300,27.52,U
sz300747,锐科激光,2025-09-18 10:16:21,27.51,25500,27.51,U
sz300747,锐科激光,2025-09-18 10:16:24,27.53,22200,27.51,U
sz300747,锐科激光,2025-09-18 10:16:51,27.5,10000,27.52,D
sz300747,锐科激光,2025-09-18 10:17:33,27.51,12700,27.5,U
sz300747,锐科激光,2025-09-18 10:17:36,27.54,44600,27.51,U
sz300747,锐科激光,2025-09-18 10:17:39,27.54,13300,27.54,U
sz300747,锐科激光,2025-09-18 10:17:42,27.6,82700,27.54,U
sz300747,锐科激光,2025-09-18 10:17:45,27.6,35100,27.6,U
sz300747,锐科激光,2025-09-18 10:17:51,27.68,50200,27.62,U
sz300747,锐科激光,2025-09-18 10:17:54,27.7,9200,27.68,U
sz300747,锐科激光,2025-09-18 10:17:57,27.7,7900,27.7,U
sz300747,锐科激光,2025-09-18 10:18:03,27.69,18700,27.69,D
sz300747,锐科激光,2025-09-18 10:18:06,27.69,10400,27.69,D
sz300747,锐科激光,2025-09-18 10:18:33,27.7,9600,27.72,D
sz300747,锐科激光,2025-09-18 10:18:54,27.64,7700,27.64,D
sz300747,锐科激光,2025-09-18 10:19:18,27.63,13900,27.6,U
sz300747,锐科激光,2025-09-18 10:19:24,27.59,12100,27.6,D
sz300747,锐科激光,2025-09-18 10:19:39,27.57,14800,27.59,D
sz300747,锐科激光,2025-09-18 10:19:48,27.57,8800,27.59,D
sz300747,锐科激光,2025-09-18 10:20:00,27.56,8800,27.56,U
sz300747,锐科激光,2025-09-18 10:20:42,27.61,13700,27.61,U
sz300747,锐科激光,2025-09-18 10:20:45,27.5,27800,27.61,D
sz300747,锐科激光,2025-09-18 10:21:00,27.58,7300,27.59,D
sz300747,锐科激光,2025-09-18 10:21:12,27.6,7400,27.6,U
sz300747,锐科激光,2025-09-18 10:21:15,27.6,13700,27.6,U
sz300747,锐科激光,2025-09-18 10:21:21,27.62,12400,27.6,U
sz300747,锐科激光,2025-09-18 10:22:09,27.58,24800,27.6,D
sz300747,锐科激光,2025-09-18 10:24:36,27.61,12300,27.62,D
sz300747,锐科激光,2025-09-18 10:24:54,27.64,17736,27.62,U
sz300747,锐科激光,2025-09-18 10:25:09,27.64,18030,27.63,U
sz300747,锐科激光,2025-09-18 10:25:15,27.64,9134,27.63,U
sz300747,锐科激光,2025-09-18 10:25:24,27.63,23766,27.64,D
sz300747,锐科激光,2025-09-18 10:25:30,27.65,8200,27.65,U
sz300747,锐科激光,2025-09-18 10:26:03,27.67,8600,27.67,U
sz300747,锐科激光,2025-09-18 10:26:09,27.66,15800,27.67,D
sz300747,锐科激光,2025-09-18 10:26:18,27.65,10600,27.66,D
sz300747,锐科激光,2025-09-18 10:26:21,27.65,12300,27.65,U
sz300747,锐科激光,2025-09-18 10:26:33,27.66,7500,27.65,U
sz300747,锐科激光,2025-09-18 10:27:21,27.62,12500,27.64,D
sz300747,锐科激光,2025-09-18 10:27:45,27.61,33000,27.6,U
sz300747,锐科激光,2025-09-18 10:28:03,27.62,11100,27.6,U
sz300747,锐科激光,2025-09-18 10:28:39,27.62,34600,27.59,U
sz300747,锐科激光,2025-09-18 10:29:03,27.6,9100,27.6,E
sz300747,锐科激光,2025-09-18 10:29:27,27.65,35200,27.62,U
sz300747,锐科激光,2025-09-18 10:29:45,27.68,9000,27.68,U
sz300747,锐科激光,2025-09-18 10:30:12,27.69,38700,27.69,D
sz300747,锐科激光,2025-09-18 10:30:42,27.65,10200,27.65,D
sz300747,锐科激光,2025-09-18 10:31:12,27.64,8200,27.67,D
sz300747,锐科激光,2025-09-18 10:32:45,27.61,7700,27.63,D
sz300747,锐科激光,2025-09-18 10:33:06,27.63,17200,27.62,U
sz300747,锐科激光,2025-09-18 10:33:24,27.62,7600,27.62,U
sz300747,锐科激光,2025-09-18 10:34:03,27.63,29000,27.6,U
sz300747,锐科激光,2025-09-18 10:34:33,27.61,9600,27.61,D
sz300747,锐科激光,2025-09-18 10:34:45,27.6,7600,27.6,D
sz300747,锐科激光,2025-09-18 10:35:12,27.59,7800,27.59,U
sz300747,锐科激光,2025-09-18 10:36:09,27.63,11200,27.61,U
sz300747,锐科激光,2025-09-18 10:36:33,27.61,12100,27.63,D
sz300747,锐科激光,2025-09-18 10:37:00,27.59,19200,27.61,D
sz300747,锐科激光,2025-09-18 10:37:06,27.58,16200,27.58,D
sz300747,锐科激光,2025-09-18 10:38:00,27.53,19500,27.55,D
sz300747,锐科激光,2025-09-18 10:38:15,27.53,9300,27.55,D
sz300747,锐科激光,2025-09-18 10:38:18,27.55,19454,27.53,U
sz300747,锐科激光,2025-09-18 10:38:36,27.56,8800,27.56,D
sz300747,锐科激光,2025-09-18 10:39:39,27.56,8300,27.55,U
sz300747,锐科激光,2025-09-18 10:39:48,27.58,7700,27.58,U
sz300747,锐科激光,2025-09-18 10:40:12,27.62,17300,27.59,U
sz300747,锐科激光,2025-09-18 10:40:15,27.63,14200,27.62,U
sz300747,锐科激光,2025-09-18 10:40:21,27.64,11200,27.64,U
sz300747,锐科激光,2025-09-18 10:40:45,27.68,45800,27.64,U
sz300747,锐科激光,2025-09-18 10:41:33,27.67,17600,27.66,U
sz300747,锐科激光,2025-09-18 10:42:00,27.68,11400,27.67,U
sz300747,锐科激光,2025-09-18 10:42:18,27.68,9900,27.68,U
sz300747,锐科激光,2025-09-18 10:43:09,27.69,33400,27.69,U
sz300747,锐科激光,2025-09-18 10:44:30,27.69,10300,27.68,U
sz300747,锐科激光,2025-09-18 10:45:03,27.68,11000,27.69,D
sz300747,锐科激光,2025-09-18 10:45:06,27.69,20300,27.68,U
sz300747,锐科激光,2025-09-18 10:46:00,27.67,14300,27.67,U
sz300747,锐科激光,2025-09-18 10:46:06,27.67,9000,27.68,D
sz300747,锐科激光,2025-09-18 10:47:24,27.66,10900,27.67,D
sz300747,锐科激光,2025-09-18 10:47:45,27.66,11700,27.67,D
sz300747,锐科激光,2025-09-18 10:48:03,27.63,11600,27.65,D
sz300747,锐科激光,2025-09-18 10:48:39,27.62,14100,27.63,D
sz300747,锐科激光,2025-09-18 10:49:09,27.64,8000,27.64,D
sz300747,锐科激光,2025-09-18 10:50:12,27.61,10000,27.61,U
sz300747,锐科激光,2025-09-18 10:50:21,27.62,8200,27.62,U
sz300747,锐科激光,2025-09-18 10:51:03,27.64,11400,27.65,D
sz300747,锐科激光,2025-09-18 10:52:03,27.66,27200,27.66,U
sz300747,锐科激光,2025-09-18 10:52:33,27.68,7300,27.67,U
sz300747,锐科激光,2025-09-18 10:52:45,27.69,9500,27.69,U
sz300747,锐科激光,2025-09-18 10:53:03,27.68,10200,27.69,D
sz300747,锐科激光,2025-09-18 10:54:30,27.68,12900,27.69,D
sz300747,锐科激光,2025-09-18 10:55:21,27.68,16000,27.68,D
sz300747,锐科激光,2025-09-18 10:55:27,27.68,9700,27.68,U
sz300747,锐科激光,2025-09-18 10:56:03,27.68,9400,27.69,D
sz300747,锐科激光,2025-09-18 10:56:42,27.67,11400,27.69,D
sz300747,锐科激光,2025-09-18 10:57:39,27.65,22100,27.67,D
sz300747,锐科激光,2025-09-18 10:58:27,27.64,11900,27.64,D
sz300747,锐科激光,2025-09-18 10:59:42,27.66,12800,27.67,D
sz300747,锐科激光,2025-09-18 11:01:51,27.65,12100,27.66,D
sz300747,锐科激光,2025-09-18 11:03:03,27.62,7500,27.62,D
sz300747,锐科激光,2025-09-18 11:03:51,27.62,12300,27.63,D
sz300747,锐科激光,2025-09-18 11:04:00,27.63,9600,27.62,U
sz300747,锐科激光,2025-09-18 11:04:30,27.6,11500,27.62,D
sz300747,锐科激光,2025-09-18 11:06:39,27.62,20000,27.65,D
sz300747,锐科激光,2025-09-18 11:07:00,27.61,16900,27.63,D
sz300747,锐科激光,2025-09-18 11:08:00,27.58,8000,27.59,D
sz300747,锐科激光,2025-09-18 11:08:03,27.55,56200,27.58,D
sz300747,锐科激光,2025-09-18 11:10:12,27.52,7700,27.53,D
sz300747,锐科激光,2025-09-18 11:11:12,27.51,16200,27.51,D
sz300747,锐科激光,2025-09-18 11:11:42,27.51,9700,27.51,U
sz300747,锐科激光,2025-09-18 11:12:00,27.51,12500,27.51,U
sz300747,锐科激光,2025-09-18 11:12:57,27.54,10400,27.53,U
sz300747,锐科激光,2025-09-18 11:14:09,27.55,14300,27.54,U
sz300747,锐科激光,2025-09-18 11:14:21,27.54,7300,27.55,D
sz300747,锐科激光,2025-09-18 11:14:30,27.56,7500,27.56,U
sz300747,锐科激光,2025-09-18 11:15:21,27.55,13900,27.56,D
sz300747,锐科激光,2025-09-18 11:16:51,27.53,7900,27.53,D
sz300747,锐科激光,2025-09-18 11:18:21,27.57,25700,27.56,U
sz300747,锐科激光,2025-09-18 11:20:42,27.62,8200,27.61,U
sz300747,锐科激光,2025-09-18 11:21:33,27.6,8300,27.6,D
sz300747,锐科激光,2025-09-18 11:21:39,27.62,31200,27.6,U
sz300747,锐科激光,2025-09-18 11:22:51,27.6,20000,27.59,U
sz300747,锐科激光,2025-09-18 11:23:09,27.6,8200,27.61,D
sz300747,锐科激光,2025-09-18 11:25:06,27.62,21500,27.61,U
sz300747,锐科激光,2025-09-18 11:25:30,27.62,8700,27.65,D
sz300747,锐科激光,2025-09-18 11:26:06,27.67,9000,27.66,U
sz300747,锐科激光,2025-09-18 11:26:15,27.68,12600,27.67,U
sz300747,锐科激光,2025-09-18 11:26:39,27.69,11900,27.69,U
sz300747,锐科激光,2025-09-18 11:26:42,27.72,122400,27.69,U
sz300747,锐科激光,2025-09-18 11:26:45,27.71,9500,27.72,D
sz300747,锐科激光,2025-09-18 11:26:51,27.74,25900,27.71,U
sz300747,锐科激光,2025-09-18 11:27:09,27.72,19100,27.73,D
sz300747,锐科激光,2025-09-18 11:27:12,27.74,28800,27.72,U
sz300747,锐科激光,2025-09-18 11:27:33,27.72,7400,27.72,D
sz300747,锐科激光,2025-09-18 11:27:39,27.75,16000,27.73,U
sz300747,锐科激光,2025-09-18 11:27:57,27.73,16000,27.74,D
sz300747,锐科激光,2025-09-18 11:29:12,27.74,20000,27.73,U
sz300747,锐科激光,2025-09-18 13:00:00,27.74,96300,27.74,U
sz300747,锐科激光,2025-09-18 13:00:03,27.75,31200,27.74,E
sz300747,锐科激光,2025-09-18 13:00:06,27.76,12300,27.75,D
sz300747,锐科激光,2025-09-18 13:00:09,27.78,11400,27.76,U
sz300747,锐科激光,2025-09-18 13:00:12,27.79,8000,27.78,U
sz300747,锐科激光,2025-09-18 13:00:15,27.79,13500,27.79,D
sz300747,锐科激光,2025-09-18 13:00:30,27.77,15700,27.78,D
sz300747,锐科激光,2025-09-18 13:01:06,27.77,7500,27.77,D
sz300747,锐科激光,2025-09-18 13:02:00,27.78,14600,27.78,D
sz300747,锐科激光,2025-09-18 13:02:03,27.77,10600,27.78,D
sz300747,锐科激光,2025-09-18 13:02:21,27.79,29900,27.76,U
sz300747,锐科激光,2025-09-18 13:03:00,27.78,17600,27.79,D
sz300747,锐科激光,2025-09-18 13:03:03,27.75,10800,27.78,D
sz300747,锐科激光,2025-09-18 13:03:39,27.78,48500,27.77,U
sz300747,锐科激光,2025-09-18 13:03:45,27.86,47800,27.79,U
sz300747,锐科激光,2025-09-18 13:03:57,27.89,48900,27.85,U
sz300747,锐科激光,2025-09-18 13:04:00,27.88,16200,27.89,D
sz300747,锐科激光,2025-09-18 13:04:03,27.91,38300,27.88,U
sz300747,锐科激光,2025-09-18 13:04:09,27.93,7900,27.9,U
sz300747,锐科激光,2025-09-18 13:04:15,27.95,28900,27.94,U
sz300747,锐科激光,2025-09-18 13:04:24,27.95,20600,27.97,D
sz300747,锐科激光,2025-09-18 13:04:27,27.96,16900,27.95,U
sz300747,锐科激光,2025-09-18 13:04:30,27.96,9500,27.96,U
sz300747,锐科激光,2025-09-18 13:04:33,27.94,8600,27.96,E
sz300747,锐科激光,2025-09-18 13:04:54,27.93,24000,27.94,D
sz300747,锐科激光,2025-09-18 13:05:00,27.95,16500,27.94,U
sz300747,锐科激光,2025-09-18 13:05:06,27.95,11800,27.95,U
sz300747,锐科激光,2025-09-18 13:05:09,27.91,25000,27.95,D
sz300747,锐科激光,2025-09-18 13:05:27,27.9,12900,27.91,D
sz300747,锐科激光,2025-09-18 13:05:33,27.89,7500,27.9,D
sz300747,锐科激光,2025-09-18 13:05:54,27.87,7600,27.87,D
sz300747,锐科激光,2025-09-18 13:06:03,27.87,7200,27.87,D
sz300747,锐科激光,2025-09-18 13:06:06,27.87,7900,27.87,U
sz300747,锐科激光,2025-09-18 13:06:54,27.87,10900,27.88,D
sz300747,锐科激光,2025-09-18 13:06:57,27.84,11500,27.87,D
sz300747,锐科激光,2025-09-18 13:07:18,27.85,9400,27.85,E
sz300747,锐科激光,2025-09-18 13:07:21,27.85,9900,27.85,U
sz300747,锐科激光,2025-09-18 13:07:24,27.83,13500,27.85,D
sz300747,锐科激光,2025-09-18 13:07:27,27.86,26400,27.83,U
sz300747,锐科激光,2025-09-18 13:07:36,27.85,9700,27.88,D
sz300747,锐科激光,2025-09-18 13:08:03,27.84,15900,27.85,D
sz300747,锐科激光,2025-09-18 13:08:09,27.84,9400,27.83,U
sz300747,锐科激光,2025-09-18 13:08:12,27.83,13500,27.84,D
sz300747,锐科激光,2025-09-18 13:08:27,27.83,17200,27.83,U
sz300747,锐科激光,2025-09-18 13:09:09,27.88,16400,27.88,D
sz300747,锐科激光,2025-09-18 13:09:15,27.87,12500,27.88,D
sz300747,锐科激光,2025-09-18 13:09:18,27.86,17100,27.87,D
sz300747,锐科激光,2025-09-18 13:09:48,27.85,57900,27.87,D
sz300747,锐科激光,2025-09-18 13:10:51,27.8,8000,27.78,U
sz300747,锐科激光,2025-09-18 13:11:24,27.78,14500,27.79,D
sz300747,锐科激光,2025-09-18 13:11:30,27.79,7400,27.79,U
sz300747,锐科激光,2025-09-18 13:11:39,27.77,37000,27.79,D
sz300747,锐科激光,2025-09-18 13:12:09,27.75,11800,27.76,D
sz300747,锐科激光,2025-09-18 13:12:39,27.74,8900,27.75,D
sz300747,锐科激光,2025-09-18 13:13:00,27.72,46600,27.74,D
sz300747,锐科激光,2025-09-18 13:13:03,27.7,10800,27.72,D
sz300747,锐科激光,2025-09-18 13:13:09,27.7,28900,27.71,D
sz300747,锐科激光,2025-09-18 13:14:36,27.71,20100,27.71,D
sz300747,锐科激光,2025-09-18 13:15:30,27.7,11800,27.71,D
sz300747,锐科激光,2025-09-18 13:16:00,27.7,11900,27.7,D
sz300747,锐科激光,2025-09-18 13:16:18,27.7,8700,27.7,D
sz300747,锐科激光,2025-09-18 13:16:39,27.68,68700,27.71,D
sz300747,锐科激光,2025-09-18 13:17:06,27.71,10000,27.7,U
sz300747,锐科激光,2025-09-18 13:17:33,27.69,10100,27.7,D
sz300747,锐科激光,2025-09-18 13:17:48,27.69,9000,27.69,U
sz300747,锐科激光,2025-09-18 13:17:57,27.68,23200,27.69,D
sz300747,锐科激光,2025-09-18 13:18:00,27.66,9700,27.68,D
sz300747,锐科激光,2025-09-18 13:18:45,27.64,18700,27.66,D
sz300747,锐科激光,2025-09-18 13:19:21,27.61,9800,27.61,D
sz300747,锐科激光,2025-09-18 13:19:27,27.6,8500,27.61,D
sz300747,锐科激光,2025-09-18 13:19:36,27.6,8700,27.61,D
sz300747,锐科激光,2025-09-18 13:19:39,27.6,11400,27.6,U
sz300747,锐科激光,2025-09-18 13:19:42,27.6,7300,27.6,U
sz300747,锐科激光,2025-09-18 13:20:24,27.59,14600,27.59,D
sz300747,锐科激光,2025-09-18 13:21:00,27.56,8300,27.57,D
sz300747,锐科激光,2025-09-18 13:21:03,27.56,21800,27.56,D
sz300747,锐科激光,2025-09-18 13:21:06,27.56,17700,27.56,U
sz300747,锐科激光,2025-09-18 13:21:42,27.52,14800,27.52,D
sz300747,锐科激光,2025-09-18 13:21:48,27.5,16300,27.52,D
sz300747,锐科激光,2025-09-18 13:21:51,27.49,24900,27.5,D
sz300747,锐科激光,2025-09-18 13:22:00,27.5,12100,27.5,U
sz300747,锐科激光,2025-09-18 13:22:03,27.5,16400,27.5,U
sz300747,锐科激光,2025-09-18 13:22:06,27.51,37400,27.5,U
sz300747,锐科激光,2025-09-18 13:22:36,27.54,11100,27.55,D
sz300747,锐科激光,2025-09-18 13:22:57,27.54,12200,27.55,D
sz300747,锐科激光,2025-09-18 13:23:33,27.55,52500,27.55,U
sz300747,锐科激光,2025-09-18 13:24:03,27.5,34900,27.52,D
sz300747,锐科激光,2025-09-18 13:24:12,27.48,13200,27.49,D
sz300747,锐科激光,2025-09-18 13:24:57,27.48,9300,27.49,D
sz300747,锐科激光,2025-09-18 13:25:00,27.47,9900,27.48,D
sz300747,锐科激光,2025-09-18 13:25:12,27.44,61300,27.46,D
sz300747,锐科激光,2025-09-18 13:25:24,27.43,9700,27.43,D
sz300747,锐科激光,2025-09-18 13:25:33,27.42,7800,27.43,D
sz300747,锐科激光,2025-09-18 13:25:45,27.42,14269,27.41,U
sz300747,锐科激光,2025-09-18 13:25:54,27.42,10500,27.42,D
sz300747,锐科激光,2025-09-18 13:26:03,27.41,9600,27.41,D
sz300747,锐科激光,2025-09-18 13:26:18,27.4,16700,27.4,D
sz300747,锐科激光,2025-09-18 13:26:45,27.38,10700,27.38,D
sz300747,锐科激光,2025-09-18 13:27:03,27.35,35200,27.38,D
sz300747,锐科激光,2025-09-18 13:27:24,27.39,10200,27.38,U
sz300747,锐科激光,2025-09-18 13:27:42,27.38,8400,27.38,U
sz300747,锐科激光,2025-09-18 13:27:51,27.38,7500,27.37,U
sz300747,锐科激光,2025-09-18 13:28:03,27.35,21900,27.38,D
sz300747,锐科激光,2025-09-18 13:28:12,27.36,14700,27.36,D
sz300747,锐科激光,2025-09-18 13:28:27,27.35,7400,27.35,D
sz300747,锐科激光,2025-09-18 13:28:42,27.35,17100,27.35,D
sz300747,锐科激光,2025-09-18 13:28:48,27.36,11300,27.35,U
sz300747,锐科激光,2025-09-18 13:29:12,27.36,10600,27.36,U
sz300747,锐科激光,2025-09-18 13:29:36,27.39,17600,27.38,U
sz300747,锐科激光,2025-09-18 13:29:39,27.39,7700,27.39,D
sz300747,锐科激光,2025-09-18 13:30:18,27.41,9400,27.41,D
sz300747,锐科激光,2025-09-18 13:30:24,27.42,13400,27.41,U
sz300747,锐科激光,2025-09-18 13:30:27,27.42,14600,27.42,D
sz300747,锐科激光,2025-09-18 13:30:42,27.4,10800,27.41,D
sz300747,锐科激光,2025-09-18 13:31:03,27.43,7700,27.43,D
sz300747,锐科激光,2025-09-18 13:31:21,27.45,15300,27.45,D
sz300747,锐科激光,2025-09-18 13:31:33,27.44,10100,27.45,D
sz300747,锐科激光,2025-09-18 13:32:00,27.41,22400,27.43,D
sz300747,锐科激光,2025-09-18 13:32:03,27.4,13300,27.41,D
sz300747,锐科激光,2025-09-18 13:32:12,27.39,27300,27.4,D
sz300747,锐科激光,2025-09-18 13:32:36,27.37,9600,27.36,U
sz300747,锐科激光,2025-09-18 13:33:33,27.36,10000,27.38,D
sz300747,锐科激光,2025-09-18 13:33:48,27.35,9700,27.36,D
sz300747,锐科激光,2025-09-18 13:33:54,27.35,8700,27.35,D
sz300747,锐科激光,2025-09-18 13:36:36,27.42,12900,27.41,U
sz300747,锐科激光,2025-09-18 13:37:15,27.45,10800,27.45,U
sz300747,锐科激光,2025-09-18 13:37:18,27.45,17400,27.45,U
sz300747,锐科激光,2025-09-18 13:37:33,27.44,8700,27.45,D
sz300747,锐科激光,2025-09-18 13:38:06,27.42,38900,27.44,D
sz300747,锐科激光,2025-09-18 13:38:09,27.42,10200,27.42,D
sz300747,锐科激光,2025-09-18 13:38:30,27.4,19300,27.42,D
sz300747,锐科激光,2025-09-18 13:38:54,27.37,10900,27.38,D
sz300747,锐科激光,2025-09-18 13:39:48,27.42,7700,27.42,D
sz300747,锐科激光,2025-09-18 13:41:15,27.43,9000,27.43,D
sz300747,锐科激光,2025-09-18 13:42:51,27.45,8700,27.45,U
sz300747,锐科激光,2025-09-18 13:42:54,27.45,14200,27.45,U
sz300747,锐科激光,2025-09-18 13:43:21,27.43,7900,27.44,D
sz300747,锐科激光,2025-09-18 13:44:03,27.42,13600,27.43,D
sz300747,锐科激光,2025-09-18 13:44:24,27.38,43600,27.4,D
sz300747,锐科激光,2025-09-18 13:44:33,27.38,10000,27.38,D
sz300747,锐科激光,2025-09-18 13:44:36,27.37,17600,27.38,D
sz300747,锐科激光,2025-09-18 13:44:54,27.37,8500,27.37,D
sz300747,锐科激光,2025-09-18 13:45:03,27.36,8500,27.37,D
sz300747,锐科激光,2025-09-18 13:45:06,27.34,42300,27.36,D
sz300747,锐科激光,2025-09-18 13:45:12,27.33,12400,27.34,D
sz300747,锐科激光,2025-09-18 13:45:24,27.32,16170,27.33,D
sz300747,锐科激光,2025-09-18 13:45:54,27.31,17300,27.31,D
sz300747,锐科激光,2025-09-18 13:46:06,27.3,9100,27.3,D
sz300747,锐科激光,2025-09-18 13:46:12,27.3,7400,27.3,D
sz300747,锐科激光,2025-09-18 13:46:57,27.29,82600,27.31,D
sz300747,锐科激光,2025-09-18 13:47:12,27.28,11900,27.28,D
sz300747,锐科激光,2025-09-18 13:47:39,27.28,12800,27.28,U
sz300747,锐科激光,2025-09-18 13:48:09,27.32,50600,27.29,U
sz300747,锐科激光,2025-09-18 13:50:09,27.36,7500,27.36,U
sz300747,锐科激光,2025-09-18 13:50:21,27.4,11500,27.42,U
sz300747,锐科激光,2025-09-18 13:51:12,27.38,45300,27.37,U
sz300747,锐科激光,2025-09-18 13:51:27,27.42,7800,27.42,D
sz300747,锐科激光,2025-09-18 13:54:00,27.36,11200,27.38,D
sz300747,锐科激光,2025-09-18 13:54:09,27.34,8739,27.35,D
sz300747,锐科激光,2025-09-18 13:54:51,27.33,16800,27.34,D
sz300747,锐科激光,2025-09-18 13:55:06,27.31,16500,27.3,U
sz300747,锐科激光,2025-09-18 13:57:39,27.3,9700,27.3,D
sz300747,锐科激光,2025-09-18 13:57:54,27.27,26000,27.29,D
sz300747,锐科激光,2025-09-18 13:58:57,27.25,54100,27.27,D
sz300747,锐科激光,2025-09-18 13:59:09,27.26,40500,27.26,D
sz300747,锐科激光,2025-09-18 14:00:00,27.23,16000,27.25,D
sz300747,锐科激光,2025-09-18 14:00:03,27.22,9735,27.23,D
sz300747,锐科激光,2025-09-18 14:00:24,27.21,12600,27.22,D
sz300747,锐科激光,2025-09-18 14:01:00,27.19,33100,27.21,D
sz300747,锐科激光,2025-09-18 14:01:06,27.18,11300,27.18,D
sz300747,锐科激光,2025-09-18 14:01:15,27.18,11500,27.17,U
sz300747,锐科激光,2025-09-18 14:02:06,27.2,31000,27.2,U
sz300747,锐科激光,2025-09-18 14:02:54,27.2,22100,27.2,D
sz300747,锐科激光,2025-09-18 14:03:54,27.22,14100,27.21,U
sz300747,锐科激光,2025-09-18 14:03:57,27.18,27200,27.22,D
sz300747,锐科激光,2025-09-18 14:04:00,27.18,8500,27.18,D
sz300747,锐科激光,2025-09-18 14:04:03,27.17,23100,27.18,D
sz300747,锐科激光,2025-09-18 14:04:06,27.16,8384,27.17,D
sz300747,锐科激光,2025-09-18 14:04:12,27.14,19900,27.15,D
sz300747,锐科激光,2025-09-18 14:04:18,27.11,20600,27.14,D
sz300747,锐科激光,2025-09-18 14:04:33,27.11,33600,27.11,U
sz300747,锐科激光,2025-09-18 14:04:36,27.09,21500,27.11,D
sz300747,锐科激光,2025-09-18 14:04:39,27.1,9300,27.09,U
sz300747,锐科激光,2025-09-18 14:04:48,27.07,19500,27.09,D
sz300747,锐科激光,2025-09-18 14:05:03,27.09,13300,27.09,U
sz300747,锐科激光,2025-09-18 14:05:09,27.07,13500,27.08,E
sz300747,锐科激光,2025-09-18 14:05:21,27.07,10300,27.06,U
sz300747,锐科激光,2025-09-18 14:06:18,27.08,7900,27.09,D
sz300747,锐科激光,2025-09-18 14:06:21,27.07,14000,27.08,D
sz300747,锐科激光,2025-09-18 14:06:36,27.06,18100,27.07,D
sz300747,锐科激光,2025-09-18 14:06:42,27.06,7700,27.06,U
sz300747,锐科激光,2025-09-18 14:06:45,27.04,39300,27.06,D
sz300747,锐科激光,2025-09-18 14:06:57,27.05,14100,27.04,U
sz300747,锐科激光,2025-09-18 14:07:00,27.02,22600,27.05,D
sz300747,锐科激光,2025-09-18 14:07:06,27.02,9500,27.02,D
sz300747,锐科激光,2025-09-18 14:07:12,27.01,34200,27.02,D
sz300747,锐科激光,2025-09-18 14:07:15,27.0,58400,27.01,D
sz300747,锐科激光,2025-09-18 14:07:18,27.01,8700,27.0,U
sz300747,锐科激光,2025-09-18 14:07:27,27.0,8500,27.01,D
sz300747,锐科激光,2025-09-18 14:07:33,27.01,28000,27.0,U
sz300747,锐科激光,2025-09-18 14:07:45,26.99,50900,27.01,D
sz300747,锐科激光,2025-09-18 14:07:48,26.98,9300,26.99,D
sz300747,锐科激光,2025-09-18 14:07:51,26.97,33900,26.98,D
sz300747,锐科激光,2025-09-18 14:07:57,26.96,54500,26.97,D
sz300747,锐科激光,2025-09-18 14:08:00,26.92,14900,26.96,D
sz300747,锐科激光,2025-09-18 14:08:06,26.96,7500,26.92,U
sz300747,锐科激光,2025-09-18 14:08:09,26.95,17000,26.96,E
sz300747,锐科激光,2025-09-18 14:08:12,26.99,8700,26.95,U
sz300747,锐科激光,2025-09-18 14:08:45,27.04,7900,27.01,U
sz300747,锐科激光,2025-09-18 14:08:48,27.04,14100,27.04,U
sz300747,锐科激光,2025-09-18 14:09:24,27.04,7400,27.03,U
sz300747,锐科激光,2025-09-18 14:09:57,27.01,31300,27.04,D
sz300747,锐科激光,2025-09-18 14:10:00,27.0,8400,27.01,D
sz300747,锐科激光,2025-09-18 14:10:03,27.0,12700,27.0,D
sz300747,锐科激光,2025-09-18 14:10:15,26.98,7900,26.98,D
sz300747,锐科激光,2025-09-18 14:10:24,26.95,70700,26.97,D
sz300747,锐科激光,2025-09-18 14:10:27,26.95,31100,26.95,U
sz300747,锐科激光,2025-09-18 14:10:51,26.95,8200,26.96,D
sz300747,锐科激光,2025-09-18 14:10:54,26.95,15500,26.95,D
sz300747,锐科激光,2025-09-18 14:11:18,26.95,8400,26.94,U
sz300747,锐科激光,2025-09-18 14:11:24,26.92,53100,26.94,D
sz300747,锐科激光,2025-09-18 14:11:33,26.9,12600,26.93,D
sz300747,锐科激光,2025-09-18 14:11:45,26.88,72600,26.91,D
sz300747,锐科激光,2025-09-18 14:11:48,26.9,10200,26.88,U
sz300747,锐科激光,2025-09-18 14:11:51,26.88,16400,26.9,D
sz300747,锐科激光,2025-09-18 14:11:54,26.88,10800,26.88,D
sz300747,锐科激光,2025-09-18 14:12:18,26.87,24400,26.84,U
sz300747,锐科激光,2025-09-18 14:12:27,26.87,18400,26.87,U
sz300747,锐科激光,2025-09-18 14:12:36,26.9,7500,26.87,U
sz300747,锐科激光,2025-09-18 14:12:42,26.91,9700,26.9,U
sz300747,锐科激光,2025-09-18 14:12:45,26.91,12900,26.91,U
sz300747,锐科激光,2025-09-18 14:13:15,26.87,7800,26.89,D
sz300747,锐科激光,2025-09-18 14:13:27,26.88,7600,26.88,D
sz300747,锐科激光,2025-09-18 14:13:30,26.87,8000,26.88,D
sz300747,锐科激光,2025-09-18 14:13:39,26.9,9500,26.88,U
sz300747,锐科激光,2025-09-18 14:13:42,26.92,9400,26.9,U
sz300747,锐科激光,2025-09-18 14:15:09,26.93,19000,26.94,D
sz300747,锐科激光,2025-09-18 14:15:27,26.86,9100,26.87,D
sz300747,锐科激光,2025-09-18 14:16:00,26.87,11300,26.87,U
sz300747,锐科激光,2025-09-18 14:16:09,26.89,8300,26.87,U
sz300747,锐科激光,2025-09-18 14:16:30,26.93,16100,26.92,U
sz300747,锐科激光,2025-09-18 14:16:39,26.92,13600,26.91,E
sz300747,锐科激光,2025-09-18 14:16:57,26.93,7500,26.94,D
sz300747,锐科激光,2025-09-18 14:17:06,26.93,7900,26.93,U
sz300747,锐科激光,2025-09-18 14:17:39,26.97,13800,26.96,U
sz300747,锐科激光,2025-09-18 14:17:42,26.95,16800,26.97,D
sz300747,锐科激光,2025-09-18 14:17:48,26.95,12400,26.95,D
sz300747,锐科激光,2025-09-18 14:18:03,26.97,10200,26.96,U
sz300747,锐科激光,2025-09-18 14:18:48,27.01,22200,26.99,U
sz300747,锐科激光,2025-09-18 14:18:54,27.01,46700,27.0,E
sz300747,锐科激光,2025-09-18 14:19:03,27.0,31400,27.03,D
sz300747,锐科激光,2025-09-18 14:19:09,27.07,34600,27.03,U
sz300747,锐科激光,2025-09-18 14:19:18,27.01,30500,27.01,U
sz300747,锐科激光,2025-09-18 14:19:30,27.02,30800,27.02,D
sz300747,锐科激光,2025-09-18 14:19:57,27.01,27600,27.02,U
sz300747,锐科激光,2025-09-18 14:20:03,26.99,40900,26.99,D
sz300747,锐科激光,2025-09-18 14:20:27,26.93,11100,26.94,D
sz300747,锐科激光,2025-09-18 14:20:33,26.93,11500,26.94,E
sz300747,锐科激光,2025-09-18 14:20:36,26.93,9400,26.93,E
sz300747,锐科激光,2025-09-18 14:21:03,26.92,16100,26.94,D
sz300747,锐科激光,2025-09-18 14:22:00,26.93,13700,26.94,D
sz300747,锐科激光,2025-09-18 14:22:18,26.93,8100,26.92,U
sz300747,锐科激光,2025-09-18 14:23:00,26.99,12900,26.99,U
sz300747,锐科激光,2025-09-18 14:23:12,26.97,9500,26.97,D
sz300747,锐科激光,2025-09-18 14:23:48,26.94,8300,26.95,D
sz300747,锐科激光,2025-09-18 14:23:51,26.93,9400,26.94,D
sz300747,锐科激光,2025-09-18 14:23:54,26.92,14500,26.93,D
sz300747,锐科激光,2025-09-18 14:24:09,26.91,21200,26.92,D
sz300747,锐科激光,2025-09-18 14:24:15,26.88,28700,26.91,D
sz300747,锐科激光,2025-09-18 14:24:18,26.89,14700,26.88,U
sz300747,锐科激光,2025-09-18 14:24:39,26.87,13000,26.87,D
sz300747,锐科激光,2025-09-18 14:25:09,26.85,29800,26.85,D
sz300747,锐科激光,2025-09-18 14:25:27,26.85,23100,26.86,D
sz300747,锐科激光,2025-09-18 14:25:36,26.85,9200,26.86,D
sz300747,锐科激光,2025-09-18 14:25:48,26.85,9900,26.84,U
sz300747,锐科激光,2025-09-18 14:26:24,26.86,13800,26.86,U
sz300747,锐科激光,2025-09-18 14:26:33,26.85,9100,26.85,U
sz300747,锐科激光,2025-09-18 14:27:03,26.83,25800,26.85,D
sz300747,锐科激光,2025-09-18 14:27:15,26.83,25500,26.83,D
sz300747,锐科激光,2025-09-18 14:27:27,26.82,22400,26.82,D
sz300747,锐科激光,2025-09-18 14:27:30,26.83,11300,26.82,U
sz300747,锐科激光,2025-09-18 14:28:00,26.81,11200,26.81,D
sz300747,锐科激光,2025-09-18 14:28:03,26.81,10200,26.81,D
sz300747,锐科激光,2025-09-18 14:28:24,26.8,8100,26.81,D
sz300747,锐科激光,2025-09-18 14:28:42,26.79,89000,26.81,D
sz300747,锐科激光,2025-09-18 14:28:45,26.8,11600,26.79,U
sz300747,锐科激光,2025-09-18 14:28:57,26.79,7900,26.79,D
sz300747,锐科激光,2025-09-18 14:29:09,26.8,14200,26.78,U
sz300747,锐科激光,2025-09-18 14:30:03,26.77,28500,26.79,D
sz300747,锐科激光,2025-09-18 14:30:06,26.74,47700,26.77,D
sz300747,锐科激光,2025-09-18 14:30:42,26.76,16000,26.76,U
sz300747,锐科激光,2025-09-18 14:31:09,26.73,16500,26.74,D
sz300747,锐科激光,2025-09-18 14:31:24,26.79,8500,26.78,U
sz300747,锐科激光,2025-09-18 14:31:48,26.82,20284,26.8,U
sz300747,锐科激光,2025-09-18 14:32:24,26.87,11300,26.86,U
sz300747,锐科激光,2025-09-18 14:32:45,26.87,10200,26.87,U
sz300747,锐科激光,2025-09-18 14:32:51,26.87,22500,26.86,U
sz300747,锐科激光,2025-09-18 14:32:54,26.86,18600,26.87,D
sz300747,锐科激光,2025-09-18 14:32:57,26.88,10300,26.86,U
sz300747,锐科激光,2025-09-18 14:33:15,26.82,37600,26.84,D
sz300747,锐科激光,2025-09-18 14:33:27,26.8,11200,26.8,D
sz300747,锐科激光,2025-09-18 14:33:36,26.77,24300,26.8,D
sz300747,锐科激光,2025-09-18 14:35:06,26.77,7800,26.77,D
sz300747,锐科激光,2025-09-18 14:35:09,26.78,20200,26.77,U
sz300747,锐科激光,2025-09-18 14:35:42,26.75,16100,26.76,D
sz300747,锐科激光,2025-09-18 14:35:45,26.75,15480,26.75,D
sz300747,锐科激光,2025-09-18 14:35:48,26.73,12200,26.75,D
sz300747,锐科激光,2025-09-18 14:36:06,26.73,12700,26.73,D
sz300747,锐科激光,2025-09-18 14:36:21,26.73,11300,26.72,U
sz300747,锐科激光,2025-09-18 14:36:24,26.71,34600,26.73,D
sz300747,锐科激光,2025-09-18 14:36:48,26.69,47400,26.71,D
sz300747,锐科激光,2025-09-18 14:37:03,26.68,11900,26.68,D
sz300747,锐科激光,2025-09-18 14:37:24,26.65,8300,26.66,D
sz300747,锐科激光,2025-09-18 14:37:27,26.62,16700,26.65,D
sz300747,锐科激光,2025-09-18 14:37:45,26.64,12200,26.64,D
sz300747,锐科激光,2025-09-18 14:37:48,26.66,7600,26.64,U
sz300747,锐科激光,2025-09-18 14:37:51,26.64,83200,26.66,D
sz300747,锐科激光,2025-09-18 14:38:21,26.66,25700,26.62,U
sz300747,锐科激光,2025-09-18 14:38:30,26.66,7900,26.66,U
sz300747,锐科激光,2025-09-18 14:39:00,26.65,9700,26.64,U
sz300747,锐科激光,2025-09-18 14:39:06,26.63,14400,26.65,D
sz300747,锐科激光,2025-09-18 14:39:12,26.63,30700,26.63,D
sz300747,锐科激光,2025-09-18 14:39:18,26.64,30800,26.62,U
sz300747,锐科激光,2025-09-18 14:39:39,26.63,8900,26.62,U
sz300747,锐科激光,2025-09-18 14:39:54,26.62,14100,26.62,D
sz300747,锐科激光,2025-09-18 14:40:00,26.6,23200,26.62,D
sz300747,锐科激光,2025-09-18 14:40:15,26.6,11500,26.6,D
sz300747,锐科激光,2025-09-18 14:40:18,26.59,28300,26.6,D
sz300747,锐科激光,2025-09-18 14:40:33,26.57,20300,26.56,U
sz300747,锐科激光,2025-09-18 14:40:42,26.58,14500,26.57,U
sz300747,锐科激光,2025-09-18 14:40:45,26.56,9100,26.58,D
sz300747,锐科激光,2025-09-18 14:41:03,26.58,12000,26.57,U
sz300747,锐科激光,2025-09-18 14:41:24,26.58,9600,26.58,D
sz300747,锐科激光,2025-09-18 14:41:33,26.57,19900,26.57,U
sz300747,锐科激光,2025-09-18 14:41:36,26.56,19000,26.57,D
sz300747,锐科激光,2025-09-18 14:41:39,26.56,14800,26.56,D
sz300747,锐科激光,2025-09-18 14:41:42,26.54,21200,26.56,D
sz300747,锐科激光,2025-09-18 14:41:51,26.53,9000,26.53,U
sz300747,锐科激光,2025-09-18 14:41:54,26.54,7900,26.53,U
sz300747,锐科激光,2025-09-18 14:42:21,26.53,11300,26.52,U
sz300747,锐科激光,2025-09-18 14:42:24,26.54,15600,26.53,U
sz300747,锐科激光,2025-09-18 14:42:57,26.51,28100,26.51,D
sz300747,锐科激光,2025-09-18 14:43:00,26.5,10300,26.51,D
sz300747,锐科激光,2025-09-18 14:43:15,26.5,42800,26.51,D
sz300747,锐科激光,2025-09-18 14:43:18,26.54,40500,26.5,U
sz300747,锐科激光,2025-09-18 14:43:33,26.58,19900,26.56,U
sz300747,锐科激光,2025-09-18 14:43:36,26.59,13300,26.58,U
sz300747,锐科激光,2025-09-18 14:43:57,26.62,60100,26.61,U
sz300747,锐科激光,2025-09-18 14:44:00,26.62,7600,26.62,D
sz300747,锐科激光,2025-09-18 14:44:06,26.65,19400,26.63,U
sz300747,锐科激光,2025-09-18 14:44:09,26.66,7600,26.65,U
sz300747,锐科激光,2025-09-18 14:44:15,26.65,12900,26.65,U
sz300747,锐科激光,2025-09-18 14:44:24,26.66,9400,26.65,U
sz300747,锐科激光,2025-09-18 14:44:39,26.63,12600,26.66,D
sz300747,锐科激光,2025-09-18 14:44:42,26.63,16600,26.63,D
sz300747,锐科激光,2025-09-18 14:44:48,26.65,15400,26.66,D
sz300747,锐科激光,2025-09-18 14:45:00,26.68,15200,26.66,U
sz300747,锐科激光,2025-09-18 14:45:03,26.67,9100,26.68,D
sz300747,锐科激光,2025-09-18 14:45:06,26.7,11800,26.67,U
sz300747,锐科激光,2025-09-18 14:45:09,26.69,8300,26.7,D
sz300747,锐科激光,2025-09-18 14:45:21,26.7,8600,26.7,D
sz300747,锐科激光,2025-09-18 14:45:24,26.7,9600,26.7,D
sz300747,锐科激光,2025-09-18 14:45:30,26.71,13600,26.7,U
sz300747,锐科激光,2025-09-18 14:45:36,26.72,17925,26.71,U
sz300747,锐科激光,2025-09-18 14:45:48,26.75,7500,26.74,E
sz300747,锐科激光,2025-09-18 14:46:09,26.76,14100,26.73,U
sz300747,锐科激光,2025-09-18 14:46:15,26.74,9100,26.74,D
sz300747,锐科激光,2025-09-18 14:46:27,26.72,20700,26.72,D
sz300747,锐科激光,2025-09-18 14:46:36,26.71,11000,26.72,D
sz300747,锐科激光,2025-09-18 14:46:39,26.73,27300,26.71,U
sz300747,锐科激光,2025-09-18 14:46:42,26.71,35175,26.73,D
sz300747,锐科激光,2025-09-18 14:46:51,26.71,7800,26.71,D
sz300747,锐科激光,2025-09-18 14:47:00,26.72,17600,26.72,E
sz300747,锐科激光,2025-09-18 14:47:06,26.72,9200,26.7,E
sz300747,锐科激光,2025-09-18 14:47:21,26.71,9000,26.72,E
sz300747,锐科激光,2025-09-18 14:47:30,26.72,8700,26.71,U
sz300747,锐科激光,2025-09-18 14:47:33,26.7,8700,26.72,D
sz300747,锐科激光,2025-09-18 14:47:48,26.73,28900,26.7,E
sz300747,锐科激光,2025-09-18 14:47:57,26.74,12100,26.73,U
sz300747,锐科激光,2025-09-18 14:48:00,26.75,22200,26.74,U
sz300747,锐科激光,2025-09-18 14:48:06,26.76,25000,26.74,U
sz300747,锐科激光,2025-09-18 14:48:09,26.76,7900,26.76,U
sz300747,锐科激光,2025-09-18 14:48:36,26.77,10300,26.76,U
sz300747,锐科激光,2025-09-18 14:49:21,26.79,9900,26.78,U
sz300747,锐科激光,2025-09-18 14:49:45,26.81,9900,26.81,D
sz300747,锐科激光,2025-09-18 14:50:33,26.83,19000,26.83,D
sz300747,锐科激光,2025-09-18 14:51:33,26.83,110400,26.84,D
sz300747,锐科激光,2025-09-18 14:51:36,26.83,8900,26.83,U
sz300747,锐科激光,2025-09-18 14:51:42,26.83,9500,26.82,U
sz300747,锐科激光,2025-09-18 14:51:51,26.83,8400,26.83,U
sz300747,锐科激光,2025-09-18 14:52:33,26.83,9600,26.82,U
sz300747,锐科激光,2025-09-18 14:52:39,26.83,9500,26.83,U
sz300747,锐科激光,2025-09-18 14:52:48,26.84,14700,26.84,U
sz300747,锐科激光,2025-09-18 14:53:06,26.86,34200,26.85,U
sz300747,锐科激光,2025-09-18 14:53:24,26.85,8700,26.86,D
sz300747,锐科激光,2025-09-18 14:53:27,26.85,14500,26.85,D
sz300747,锐科激光,2025-09-18 14:53:36,26.83,13545,26.85,D
sz300747,锐科激光,2025-09-18 14:53:54,26.83,26300,26.85,D
sz300747,锐科激光,2025-09-18 14:54:15,26.82,7700,26.83,D
sz300747,锐科激光,2025-09-18 14:54:21,26.82,17000,26.83,D
sz300747,锐科激光,2025-09-18 14:54:30,26.83,11500,26.83,U
sz300747,锐科激光,2025-09-18 14:54:33,26.82,26100,26.83,D
sz300747,锐科激光,2025-09-18 14:54:36,26.82,10400,26.82,D
sz300747,锐科激光,2025-09-18 14:54:42,26.82,9500,26.82,D
sz300747,锐科激光,2025-09-18 14:54:45,26.81,12800,26.82,D
sz300747,锐科激光,2025-09-18 14:54:51,26.82,9200,26.82,U
sz300747,锐科激光,2025-09-18 14:55:24,26.84,11500,26.84,U
sz300747,锐科激光,2025-09-18 14:55:33,26.83,17300,26.84,D
sz300747,锐科激光,2025-09-18 14:55:36,26.82,13200,26.83,D
sz300747,锐科激光,2025-09-18 14:55:39,26.84,21600,26.82,U
sz300747,锐科激光,2025-09-18 14:55:48,26.82,13300,26.81,U
sz300747,锐科激光,2025-09-18 14:55:54,26.82,8100,26.82,U
sz300747,锐科激光,2025-09-18 14:56:15,26.82,8200,26.81,E
sz300747,锐科激光,2025-09-18 14:56:24,26.89,24400,26.81,U
sz300747,锐科激光,2025-09-18 15:00:00,26.87,95100,26.87,U
