symbol,name,ticktime,price,volume,prev_price,kind
sz300747,锐科激光,2025-10-23 09:25:00,25.4,8700,0.0,U
sz300747,锐科激光,2025-10-23 09:30:15,25.39,16300,25.4,D
sz300747,锐科激光,2025-10-23 09:30:21,25.34,9500,25.35,D
sz300747,锐科激光,2025-10-23 09:30:24,25.32,35900,25.34,D
sz300747,锐科激光,2025-10-23 09:30:27,25.28,8200,25.32,D
sz300747,锐科激光,2025-10-23 09:30:30,25.26,9800,25.28,D
sz300747,锐科激光,2025-10-23 09:30:42,25.23,16300,25.26,D
sz300747,锐科激光,2025-10-23 09:30:48,25.22,8600,25.23,D
sz300747,锐科激光,2025-10-23 09:31:03,25.18,22400,25.2,D
sz300747,锐科激光,2025-10-23 09:31:06,25.22,20400,25.18,U
sz300747,锐科激光,2025-10-23 09:32:00,25.38,22400,25.32,U
sz300747,锐科激光,2025-10-23 09:32:03,25.35,10900,25.38,D
sz300747,锐科激光,2025-10-23 09:32:09,25.29,28800,25.32,D
sz300747,锐科激光,2025-10-23 09:32:12,25.3,13100,25.29,U
sz300747,锐科激光,2025-10-23 09:32:21,25.25,10100,25.31,D
sz300747,锐科激光,2025-10-23 09:32:33,25.29,11800,25.3,D
sz300747,锐科激光,2025-10-23 09:34:33,25.22,18200,25.26,D
sz300747,锐科激光,2025-10-23 09:35:00,25.21,17900,25.22,D
sz300747,锐科激光,2025-10-23 09:35:12,25.22,12300,25.21,U
sz300747,锐科激光,2025-10-23 09:35:54,25.21,12500,25.22,D
sz300747,锐科激光,2025-10-23 09:36:51,25.2,15100,25.21,D
sz300747,锐科激光,2025-10-23 09:36:54,25.21,12800,25.2,U
sz300747,锐科激光,2025-10-23 09:37:03,25.18,29300,25.21,D
sz300747,锐科激光,2025-10-23 09:37:18,25.17,8700,25.18,D
sz300747,锐科激光,2025-10-23 09:38:00,25.13,11700,25.13,D
sz300747,锐科激光,2025-10-23 09:38:12,25.11,22200,25.12,D
sz300747,锐科激光,2025-10-23 09:38:15,25.09,16000,25.11,D
sz300747,锐科激光,2025-10-23 09:38:36,25.09,39100,25.08,U
sz300747,锐科激光,2025-10-23 09:39:18,25.09,17000,25.09,U
sz300747,锐科激光,2025-10-23 09:39:45,25.08,12800,25.09,D
sz300747,锐科激光,2025-10-23 09:39:54,25.07,11100,25.07,D
sz300747,锐科激光,2025-10-23 09:39:57,25.06,14200,25.07,D
sz300747,锐科激光,2025-10-23 09:40:00,25.04,13800,25.06,D
sz300747,锐科激光,2025-10-23 09:40:06,24.99,162000,25.03,D
sz300747,锐科激光,2025-10-23 09:40:09,25.0,45900,24.99,U
sz300747,锐科激光,2025-10-23 09:40:12,24.99,9500,25.0,U
sz300747,锐科激光,2025-10-23 09:40:24,25.01,26700,24.99,U
sz300747,锐科激光,2025-10-23 09:40:48,24.98,51100,24.99,D
sz300747,锐科激光,2025-10-23 09:40:51,24.95,9500,24.98,D
sz300747,锐科激光,2025-10-23 09:41:03,24.98,18900,24.97,E
sz300747,锐科激光,2025-10-23 09:41:12,24.99,19400,24.97,U
sz300747,锐科激光,2025-10-23 09:42:15,25.03,10800,25.0,U
sz300747,锐科激光,2025-10-23 09:42:39,25.02,25200,25.02,U
sz300747,锐科激光,2025-10-23 09:42:45,25.0,22600,25.0,D
sz300747,锐科激光,2025-10-23 09:43:00,24.97,57100,24.99,D
sz300747,锐科激光,2025-10-23 09:43:39,24.98,9100,24.98,U
sz300747,锐科激光,2025-10-23 09:44:21,25.0,37100,24.99,U
sz300747,锐科激光,2025-10-23 09:44:51,24.97,8500,24.98,D
sz300747,锐科激光,2025-10-23 09:44:57,24.97,10300,24.97,D
sz300747,锐科激光,2025-10-23 09:45:15,24.96,50800,24.96,D
sz300747,锐科激光,2025-10-23 09:45:21,24.92,9200,24.96,D
sz300747,锐科激光,2025-10-23 09:45:42,24.93,19200,24.93,D
sz300747,锐科激光,2025-10-23 09:45:48,24.93,12100,24.93,D
sz300747,锐科激光,2025-10-23 09:46:15,24.98,23600,24.95,U
sz300747,锐科激光,2025-10-23 09:46:33,24.99,22100,24.97,U
sz300747,锐科激光,2025-10-23 09:46:36,24.95,8100,24.99,D
sz300747,锐科激光,2025-10-23 09:46:39,24.96,31500,24.95,U
sz300747,锐科激光,2025-10-23 09:46:48,24.95,12500,24.96,D
sz300747,锐科激光,2025-10-23 09:46:57,24.96,9600,24.95,U
sz300747,锐科激光,2025-10-23 09:47:15,24.92,26400,24.97,D
sz300747,锐科激光,2025-10-23 09:47:18,24.9,41810,24.92,D
sz300747,锐科激光,2025-10-23 09:47:30,24.9,16500,24.9,D
sz300747,锐科激光,2025-10-23 09:47:42,24.9,11090,24.9,D
sz300747,锐科激光,2025-10-23 09:48:15,24.89,11800,24.89,D
sz300747,锐科激光,2025-10-23 09:48:27,24.88,37700,24.88,D
sz300747,锐科激光,2025-10-23 09:48:39,24.88,12000,24.89,D
sz300747,锐科激光,2025-10-23 09:48:45,24.9,28500,24.89,U
sz300747,锐科激光,2025-10-23 09:49:09,24.92,10200,24.9,U
sz300747,锐科激光,2025-10-23 09:49:15,24.9,11600,24.91,D
sz300747,锐科激光,2025-10-23 09:49:21,24.89,9100,24.89,D
sz300747,锐科激光,2025-10-23 09:49:27,24.89,8900,24.89,D
sz300747,锐科激光,2025-10-23 09:49:36,24.88,21400,24.89,D
sz300747,锐科激光,2025-10-23 09:49:54,24.88,24100,24.88,U
sz300747,锐科激光,2025-10-23 09:50:09,24.88,12600,24.88,D
sz300747,锐科激光,2025-10-23 09:50:36,24.86,14800,24.87,D
sz300747,锐科激光,2025-10-23 09:50:45,24.86,14700,24.85,U
sz300747,锐科激光,2025-10-23 09:50:48,24.85,15400,24.86,E
sz300747,锐科激光,2025-10-23 09:51:03,24.86,11700,24.84,U
sz300747,锐科激光,2025-10-23 09:51:06,24.82,182500,24.86,D
sz300747,锐科激光,2025-10-23 09:51:24,24.84,8200,24.83,D
sz300747,锐科激光,2025-10-23 09:51:36,24.83,23200,24.83,D
sz300747,锐科激光,2025-10-23 09:51:57,24.78,67800,24.82,D
sz300747,锐科激光,2025-10-23 09:52:12,24.75,14300,24.76,D
sz300747,锐科激光,2025-10-23 09:52:15,24.75,9400,24.75,U
sz300747,锐科激光,2025-10-23 09:52:18,24.75,25700,24.75,E
sz300747,锐科激光,2025-10-23 09:52:24,24.75,42900,24.76,D
sz300747,锐科激光,2025-10-23 09:52:39,24.76,32700,24.77,D
sz300747,锐科激光,2025-10-23 09:52:51,24.77,20400,24.76,U
sz300747,锐科激光,2025-10-23 09:53:00,24.75,22800,24.75,D
sz300747,锐科激光,2025-10-23 09:53:18,24.7,74100,24.72,D
sz300747,锐科激光,2025-10-23 09:53:24,24.72,28800,24.72,U
sz300747,锐科激光,2025-10-23 09:53:36,24.71,23100,24.71,D
sz300747,锐科激光,2025-10-23 09:53:42,24.76,24800,24.72,U
sz300747,锐科激光,2025-10-23 09:54:12,24.78,24400,24.78,U
sz300747,锐科激光,2025-10-23 09:54:39,24.78,16500,24.78,U
sz300747,锐科激光,2025-10-23 09:54:45,24.78,8800,24.78,D
sz300747,锐科激光,2025-10-23 09:54:48,24.78,10500,24.78,D
sz300747,锐科激光,2025-10-23 09:54:57,24.74,17100,24.77,D
sz300747,锐科激光,2025-10-23 09:55:24,24.71,8800,24.72,D
sz300747,锐科激光,2025-10-23 09:55:33,24.72,23500,24.72,E
sz300747,锐科激光,2025-10-23 09:56:09,24.74,21200,24.72,U
sz300747,锐科激光,2025-10-23 09:56:21,24.77,9300,24.75,U
sz300747,锐科激光,2025-10-23 09:56:30,24.77,22800,24.77,E
sz300747,锐科激光,2025-10-23 09:56:48,24.79,13600,24.8,D
sz300747,锐科激光,2025-10-23 09:57:24,24.72,15800,24.75,D
sz300747,锐科激光,2025-10-23 09:57:33,24.72,24700,24.72,U
sz300747,锐科激光,2025-10-23 09:58:00,24.7,25200,24.71,D
sz300747,锐科激光,2025-10-23 09:58:12,24.69,8900,24.7,D
sz300747,锐科激光,2025-10-23 09:58:27,24.68,21800,24.68,D
sz300747,锐科激光,2025-10-23 09:58:45,24.66,10800,24.66,D
sz300747,锐科激光,2025-10-23 09:58:48,24.67,103200,24.66,U
sz300747,锐科激光,2025-10-23 09:58:57,24.67,13400,24.67,D
sz300747,锐科激光,2025-10-23 09:59:15,24.66,10500,24.67,D
sz300747,锐科激光,2025-10-23 09:59:27,24.65,21300,24.65,D
sz300747,锐科激光,2025-10-23 09:59:36,24.65,14850,24.64,U
sz300747,锐科激光,2025-10-23 09:59:51,24.65,19200,24.64,U
sz300747,锐科激光,2025-10-23 09:59:57,24.64,16000,24.65,D
sz300747,锐科激光,2025-10-23 10:00:00,24.65,18800,24.64,U
sz300747,锐科激光,2025-10-23 10:00:12,24.65,27600,24.65,E
sz300747,锐科激光,2025-10-23 10:00:27,24.64,68400,24.65,D
sz300747,锐科激光,2025-10-23 10:00:54,24.64,51300,24.64,D
sz300747,锐科激光,2025-10-23 10:00:57,24.64,9600,24.64,U
sz300747,锐科激光,2025-10-23 10:01:03,24.64,51800,24.64,U
sz300747,锐科激光,2025-10-23 10:01:30,24.66,11100,24.66,U
sz300747,锐科激光,2025-10-23 10:01:33,24.67,17200,24.66,U
sz300747,锐科激光,2025-10-23 10:02:03,24.72,27800,24.68,U
sz300747,锐科激光,2025-10-23 10:03:24,24.68,42800,24.68,D
sz300747,锐科激光,2025-10-23 10:03:33,24.68,8200,24.67,U
sz300747,锐科激光,2025-10-23 10:03:36,24.69,11800,24.68,U
sz300747,锐科激光,2025-10-23 10:03:57,24.68,9300,24.68,D
sz300747,锐科激光,2025-10-23 10:04:09,24.68,13500,24.67,U
sz300747,锐科激光,2025-10-23 10:04:24,24.66,10700,24.68,D
sz300747,锐科激光,2025-10-23 10:04:36,24.68,24300,24.66,U
sz300747,锐科激光,2025-10-23 10:04:39,24.69,9400,24.68,U
sz300747,锐科激光,2025-10-23 10:04:57,24.7,26300,24.68,U
sz300747,锐科激光,2025-10-23 10:05:54,24.66,27900,24.68,D
sz300747,锐科激光,2025-10-23 10:06:06,24.67,8400,24.66,U
sz300747,锐科激光,2025-10-23 10:06:18,24.7,23100,24.67,U
sz300747,锐科激光,2025-10-23 10:06:21,24.69,29500,24.7,D
sz300747,锐科激光,2025-10-23 10:06:48,24.66,44600,24.7,D
sz300747,锐科激光,2025-10-23 10:07:12,24.7,12900,24.69,U
sz300747,锐科激光,2025-10-23 10:07:30,24.67,10600,24.66,U
sz300747,锐科激光,2025-10-23 10:08:15,24.65,16400,24.66,D
sz300747,锐科激光,2025-10-23 10:08:45,24.64,29600,24.65,D
sz300747,锐科激光,2025-10-23 10:08:54,24.63,25000,24.63,D
sz300747,锐科激光,2025-10-23 10:09:12,24.62,26000,24.63,D
sz300747,锐科激光,2025-10-23 10:09:15,24.62,12300,24.62,D
sz300747,锐科激光,2025-10-23 10:09:36,24.62,29700,24.62,U
sz300747,锐科激光,2025-10-23 10:09:51,24.61,41800,24.61,U
sz300747,锐科激光,2025-10-23 10:10:09,24.6,17900,24.6,D
sz300747,锐科激光,2025-10-23 10:10:21,24.63,12600,24.6,U
sz300747,锐科激光,2025-10-23 10:11:12,24.67,8800,24.66,U
sz300747,锐科激光,2025-10-23 10:11:42,24.68,18600,24.64,U
sz300747,锐科激光,2025-10-23 10:12:36,24.71,64240,24.69,U
sz300747,锐科激光,2025-10-23 10:15:09,24.79,9300,24.76,U
sz300747,锐科激光,2025-10-23 10:16:30,24.85,29600,24.85,U
sz300747,锐科激光,2025-10-23 10:16:51,24.86,10900,24.84,U
sz300747,锐科激光,2025-10-23 10:16:57,24.83,32100,24.85,D
sz300747,锐科激光,2025-10-23 10:19:21,24.82,11800,24.81,U
sz300747,锐科激光,2025-10-23 10:20:03,24.84,13000,24.85,D
sz300747,锐科激光,2025-10-23 10:20:06,24.83,34100,24.84,D
sz300747,锐科激光,2025-10-23 10:20:18,24.79,10100,24.81,D
sz300747,锐科激光,2025-10-23 10:30:33,24.75,25600,24.77,D
sz300747,锐科激光,2025-10-23 10:32:48,24.85,11800,24.84,U
sz300747,锐科激光,2025-10-23 10:33:51,24.86,12700,24.85,E
sz300747,锐科激光,2025-10-23 10:38:42,24.87,22000,24.86,U
sz300747,锐科激光,2025-10-23 10:48:39,24.85,13500,24.84,U
sz300747,锐科激光,2025-10-23 10:49:06,24.87,12800,24.87,D
sz300747,锐科激光,2025-10-23 10:51:54,24.8,10500,24.81,D
sz300747,锐科激光,2025-10-23 10:51:57,24.8,9800,24.8,U
sz300747,锐科激光,2025-10-23 10:52:33,24.78,32100,24.78,U
sz300747,锐科激光,2025-10-23 10:53:24,24.77,9400,24.77,D
sz300747,锐科激光,2025-10-23 10:58:51,24.71,9800,24.72,D
sz300747,锐科激光,2025-10-23 10:58:57,24.72,9300,24.72,D
sz300747,锐科激光,2025-10-23 10:59:39,24.72,19200,24.7,U
sz300747,锐科激光,2025-10-23 11:03:09,24.68,8900,24.7,D
sz300747,锐科激光,2025-10-23 11:10:57,24.75,12900,24.74,U
sz300747,锐科激光,2025-10-23 11:18:24,24.81,8100,24.86,D
sz300747,锐科激光,2025-10-23 11:23:51,24.88,25100,24.88,U
sz300747,锐科激光,2025-10-23 11:24:12,24.93,11400,24.91,U
sz300747,锐科激光,2025-10-23 11:28:45,24.89,13800,24.83,U
sz300747,锐科激光,2025-10-23 11:28:51,24.86,9400,24.89,E
sz300747,锐科激光,2025-10-23 11:29:03,24.88,10900,24.9,E
sz300747,锐科激光,2025-10-23 13:00:42,24.84,20500,24.85,D
sz300747,锐科激光,2025-10-23 13:03:00,24.82,18200,24.8,U
sz300747,锐科激光,2025-10-23 13:08:30,24.85,8900,24.83,U
sz300747,锐科激光,2025-10-23 13:09:54,24.84,11700,24.86,D
sz300747,锐科激光,2025-10-23 13:09:57,24.84,9700,24.84,U
sz300747,锐科激光,2025-10-23 13:10:09,24.84,24200,24.83,U
sz300747,锐科激光,2025-10-23 13:17:15,24.88,23400,24.88,U
sz300747,锐科激光,2025-10-23 13:18:06,24.88,10000,24.88,U
sz300747,锐科激光,2025-10-23 13:20:30,24.9,12500,24.89,U
sz300747,锐科激光,2025-10-23 13:29:24,24.88,11600,24.89,D
sz300747,锐科激光,2025-10-23 13:30:27,24.88,8900,24.89,D
sz300747,锐科激光,2025-10-23 13:38:51,24.8,10300,24.8,U
sz300747,锐科激光,2025-10-23 13:39:03,24.78,16200,24.79,D
sz300747,锐科激光,2025-10-23 13:42:45,24.78,15600,24.79,D
sz300747,锐科激光,2025-10-23 13:48:00,24.74,12300,24.76,D
sz300747,锐科激光,2025-10-23 13:54:03,24.8,8500,24.79,U
sz300747,锐科激光,2025-10-23 14:05:42,24.85,10500,24.83,U
sz300747,锐科激光,2025-10-23 14:07:06,24.9,14400,24.87,U
sz300747,锐科激光,2025-10-23 14:07:48,24.91,8100,24.91,U
sz300747,锐科激光,2025-10-23 14:08:12,24.94,9200,24.91,U
sz300747,锐科激光,2025-10-23 14:08:48,24.95,11600,24.95,U
sz300747,锐科激光,2025-10-23 14:10:00,24.98,47400,24.95,U
sz300747,锐科激光,2025-10-23 14:10:48,25.0,13000,24.98,U
sz300747,锐科激光,2025-10-23 14:14:33,25.0,17000,24.98,U
sz300747,锐科激光,2025-10-23 14:14:36,25.0,18700,25.0,U
sz300747,锐科激光,2025-10-23 14:16:39,24.93,11400,24.92,U
sz300747,锐科激光,2025-10-23 14:17:24,24.93,17400,24.92,U
sz300747,锐科激光,2025-10-23 14:20:12,24.99,19700,24.97,U
sz300747,锐科激光,2025-10-23 14:23:00,24.97,10800,24.99,D
sz300747,锐科激光,2025-10-23 14:26:57,25.04,21400,25.05,D
sz300747,锐科激光,2025-10-23 14:27:15,25.04,28900,25.05,D
sz300747,锐科激光,2025-10-23 14:35:36,25.08,8500,25.07,U
sz300747,锐科激光,2025-10-23 14:35:42,25.09,8900,25.09,U
sz300747,锐科激光,2025-10-23 14:35:48,25.1,12400,25.09,U
sz300747,锐科激光,2025-10-23 14:36:12,25.1,20300,25.11,D
sz300747,锐科激光,2025-10-23 14:38:39,25.13,10000,25.15,D
sz300747,锐科激光,2025-10-23 14:38:57,25.11,10800,25.14,D
sz300747,锐科激光,2025-10-23 14:41:33,25.14,9200,25.14,U
sz300747,锐科激光,2025-10-23 14:42:24,25.13,16700,25.13,D
sz300747,锐科激光,2025-10-23 14:44:51,25.15,24200,25.15,U
sz300747,锐科激光,2025-10-23 14:45:30,25.2,21100,25.18,U
sz300747,锐科激光,2025-10-23 14:45:33,25.2,21800,25.2,D
sz300747,锐科激光,2025-10-23 14:46:45,25.23,25500,25.23,D
sz300747,锐科激光,2025-10-23 14:48:09,25.22,8400,25.23,D
sz300747,锐科激光,2025-10-23 14:48:18,25.26,33000,25.24,U
sz300747,锐科激光,2025-10-23 14:48:57,25.3,24500,25.29,U
sz300747,锐科激光,2025-10-23 14:49:00,25.3,10700,25.3,D
sz300747,锐科激光,2025-10-23 14:49:06,25.28,14300,25.28,D
sz300747,锐科激光,2025-10-23 14:50:03,25.25,15000,25.25,D
sz300747,锐科激光,2025-10-23 14:50:39,25.26,18700,25.25,U
sz300747,锐科激光,2025-10-23 14:51:21,25.26,15400,25.27,D
sz300747,锐科激光,2025-10-23 14:51:27,25.26,8200,25.26,U
sz300747,锐科激光,2025-10-23 14:51:30,25.26,10500,25.26,U
sz300747,锐科激光,2025-10-23 14:51:36,25.28,33900,25.26,U
sz300747,锐科激光,2025-10-23 14:52:00,25.28,9100,25.29,D
sz300747,锐科激光,2025-10-23 14:52:12,25.27,11000,25.27,E
sz300747,锐科激光,2025-10-23 14:53:00,25.25,13300,25.24,U
sz300747,锐科激光,2025-10-23 14:53:03,25.25,22200,25.25,D
sz300747,锐科激光,2025-10-23 14:53:57,25.25,9600,25.26,D
sz300747,锐科激光,2025-10-23 14:56:06,25.26,10700,25.26,U
sz300747,锐科激光,2025-10-23 14:56:33,25.24,8300,25.22,U
sz300747,锐科激光,2025-10-23 14:56:42,25.24,14600,25.23,U
sz300747,锐科激光,2025-10-23 14:56:45,25.23,16000,25.24,D
sz300747,锐科激光,2025-10-23 15:00:00,25.25,55500,25.22,U
