symbol,name,ticktime,price,volume,prev_price,kind
sz300747,锐科激光,2025-09-15 09:25:00,27.41,78900,0.0,D
sz300747,锐科激光,2025-09-15 09:30:00,27.49,34000,27.41,U
sz300747,锐科激光,2025-09-15 09:30:03,27.5,36000,27.49,U
sz300747,锐科激光,2025-09-15 09:30:06,27.53,35200,27.5,U
sz300747,锐科激光,2025-09-15 09:30:09,27.59,14500,27.53,U
sz300747,锐科激光,2025-09-15 09:30:12,27.6,24100,27.59,U
sz300747,锐科激光,2025-09-15 09:30:18,27.62,8500,27.73,E
sz300747,锐科激光,2025-09-15 09:30:21,27.61,8200,27.62,D
sz300747,锐科激光,2025-09-15 09:30:24,27.57,8900,27.61,D
sz300747,锐科激光,2025-09-15 09:30:30,27.53,18900,27.54,D
sz300747,锐科激光,2025-09-15 09:30:33,27.49,7600,27.53,D
sz300747,锐科激光,2025-09-15 09:30:39,27.48,7800,27.48,U
sz300747,锐科激光,2025-09-15 09:30:42,27.42,7500,27.48,D
sz300747,锐科激光,2025-09-15 09:30:57,27.43,13500,27.44,D
sz300747,锐科激光,2025-09-15 09:31:00,27.43,20500,27.43,D
sz300747,锐科激光,2025-09-15 09:31:03,27.41,42400,27.43,D
sz300747,锐科激光,2025-09-15 09:31:06,27.38,33300,27.41,D
sz300747,锐科激光,2025-09-15 09:31:09,27.4,26500,27.38,U
sz300747,锐科激光,2025-09-15 09:31:12,27.39,7900,27.4,U
sz300747,锐科激光,2025-09-15 09:31:15,27.42,85444,27.39,U
sz300747,锐科激光,2025-09-15 09:31:18,27.47,8900,27.42,U
sz300747,锐科激光,2025-09-15 09:31:30,27.46,8000,27.45,U
sz300747,锐科激光,2025-09-15 09:31:42,27.43,7500,27.43,D
sz300747,锐科激光,2025-09-15 09:31:45,27.39,11700,27.43,D
sz300747,锐科激光,2025-09-15 09:31:57,27.39,117800,27.41,D
sz300747,锐科激光,2025-09-15 09:32:12,27.41,45400,27.42,E
sz300747,锐科激光,2025-09-15 09:32:15,27.41,11100,27.41,U
sz300747,锐科激光,2025-09-15 09:32:18,27.43,13800,27.41,U
sz300747,锐科激光,2025-09-15 09:32:21,27.42,10600,27.43,D
sz300747,锐科激光,2025-09-15 09:32:24,27.43,19900,27.42,U
sz300747,锐科激光,2025-09-15 09:32:30,27.43,8900,27.44,D
sz300747,锐科激光,2025-09-15 09:32:33,27.42,9600,27.43,D
sz300747,锐科激光,2025-09-15 09:32:36,27.41,7900,27.42,E
sz300747,锐科激光,2025-09-15 09:32:39,27.38,25700,27.41,D
sz300747,锐科激光,2025-09-15 09:32:51,27.33,8100,27.34,D
sz300747,锐科激光,2025-09-15 09:32:54,27.33,22400,27.33,E
sz300747,锐科激光,2025-09-15 09:33:03,27.37,13500,27.33,U
sz300747,锐科激光,2025-09-15 09:33:15,27.35,22000,27.36,E
sz300747,锐科激光,2025-09-15 09:33:24,27.37,19200,27.35,U
sz300747,锐科激光,2025-09-15 09:33:27,27.36,13000,27.37,D
sz300747,锐科激光,2025-09-15 09:33:33,27.41,10700,27.37,U
sz300747,锐科激光,2025-09-15 09:33:57,27.34,14800,27.35,D
sz300747,锐科激光,2025-09-15 09:34:06,27.33,10500,27.33,U
sz300747,锐科激光,2025-09-15 09:34:12,27.31,10200,27.31,D
sz300747,锐科激光,2025-09-15 09:34:15,27.32,22500,27.31,E
sz300747,锐科激光,2025-09-15 09:34:42,27.35,8500,27.35,D
sz300747,锐科激光,2025-09-15 09:35:00,27.35,20600,27.35,D
sz300747,锐科激光,2025-09-15 09:35:03,27.36,11400,27.35,U
sz300747,锐科激光,2025-09-15 09:35:36,27.36,15200,27.39,D
sz300747,锐科激光,2025-09-15 09:35:45,27.36,18300,27.36,U
sz300747,锐科激光,2025-09-15 09:35:48,27.34,12600,27.36,D
sz300747,锐科激光,2025-09-15 09:35:54,27.32,20000,27.35,D
sz300747,锐科激光,2025-09-15 09:36:09,27.33,31100,27.33,U
sz300747,锐科激光,2025-09-15 09:36:21,27.35,7500,27.35,D
sz300747,锐科激光,2025-09-15 09:36:27,27.36,14900,27.36,U
sz300747,锐科激光,2025-09-15 09:36:33,27.35,8100,27.35,D
sz300747,锐科激光,2025-09-15 09:36:42,27.32,22200,27.34,D
sz300747,锐科激光,2025-09-15 09:36:57,27.31,25400,27.32,D
sz300747,锐科激光,2025-09-15 09:37:00,27.32,16100,27.31,U
sz300747,锐科激光,2025-09-15 09:37:03,27.31,7600,27.32,D
sz300747,锐科激光,2025-09-15 09:37:06,27.35,25100,27.31,U
sz300747,锐科激光,2025-09-15 09:37:09,27.32,18000,27.35,D
sz300747,锐科激光,2025-09-15 09:37:30,27.34,13300,27.36,D
sz300747,锐科激光,2025-09-15 09:37:36,27.34,10800,27.34,U
sz300747,锐科激光,2025-09-15 09:37:39,27.32,18300,27.34,D
sz300747,锐科激光,2025-09-15 09:37:42,27.35,7600,27.32,U
sz300747,锐科激光,2025-09-15 09:37:45,27.33,11300,27.35,D
sz300747,锐科激光,2025-09-15 09:37:54,27.38,89900,27.35,U
sz300747,锐科激光,2025-09-15 09:38:00,27.38,7500,27.35,U
sz300747,锐科激光,2025-09-15 09:38:06,27.35,9600,27.38,D
sz300747,锐科激光,2025-09-15 09:38:24,27.38,8700,27.36,U
sz300747,锐科激光,2025-09-15 09:38:30,27.36,9500,27.38,D
sz300747,锐科激光,2025-09-15 09:38:33,27.35,33000,27.36,D
sz300747,锐科激光,2025-09-15 09:38:42,27.35,12900,27.34,U
sz300747,锐科激光,2025-09-15 09:39:06,27.33,8900,27.33,U
sz300747,锐科激光,2025-09-15 09:39:18,27.36,18300,27.35,U
sz300747,锐科激光,2025-09-15 09:39:39,27.36,15800,27.36,E
sz300747,锐科激光,2025-09-15 09:39:45,27.36,15800,27.36,D
sz300747,锐科激光,2025-09-15 09:39:48,27.35,14600,27.36,U
sz300747,锐科激光,2025-09-15 09:39:57,27.31,32100,27.35,D
sz300747,锐科激光,2025-09-15 09:40:12,27.32,10800,27.32,D
sz300747,锐科激光,2025-09-15 09:40:33,27.31,20220,27.32,D
sz300747,锐科激光,2025-09-15 09:40:36,27.29,42100,27.31,D
sz300747,锐科激光,2025-09-15 09:40:51,27.28,9700,27.27,U
sz300747,锐科激光,2025-09-15 09:41:18,27.3,67300,27.28,U
sz300747,锐科激光,2025-09-15 09:41:33,27.22,7700,27.21,E
sz300747,锐科激光,2025-09-15 09:41:45,27.2,19700,27.2,D
sz300747,锐科激光,2025-09-15 09:41:48,27.17,13500,27.2,D
sz300747,锐科激光,2025-09-15 09:41:54,27.18,16000,27.18,U
sz300747,锐科激光,2025-09-15 09:41:57,27.16,11500,27.18,D
sz300747,锐科激光,2025-09-15 09:42:03,27.17,25800,27.17,U
sz300747,锐科激光,2025-09-15 09:42:09,27.17,7400,27.17,D
sz300747,锐科激光,2025-09-15 09:42:15,27.18,8400,27.18,U
sz300747,锐科激光,2025-09-15 09:42:21,27.2,17900,27.19,U
sz300747,锐科激光,2025-09-15 09:42:24,27.19,9000,27.2,D
sz300747,锐科激光,2025-09-15 09:42:27,27.19,14600,27.19,U
sz300747,锐科激光,2025-09-15 09:42:39,27.2,32200,27.18,U
sz300747,锐科激光,2025-09-15 09:43:03,27.19,8300,27.19,D
sz300747,锐科激光,2025-09-15 09:43:18,27.18,9900,27.18,D
sz300747,锐科激光,2025-09-15 09:43:21,27.18,11600,27.18,D
sz300747,锐科激光,2025-09-15 09:43:27,27.16,9500,27.18,D
sz300747,锐科激光,2025-09-15 09:43:30,27.19,9100,27.16,U
sz300747,锐科激光,2025-09-15 09:43:36,27.18,9500,27.17,U
sz300747,锐科激光,2025-09-15 09:43:57,27.18,18800,27.18,D
sz300747,锐科激光,2025-09-15 09:44:12,27.22,14000,27.18,U
sz300747,锐科激光,2025-09-15 09:44:21,27.27,10800,27.23,U
sz300747,锐科激光,2025-09-15 09:44:39,27.27,7900,27.26,U
sz300747,锐科激光,2025-09-15 09:44:57,27.21,12000,27.22,D
sz300747,锐科激光,2025-09-15 09:45:00,27.21,9500,27.21,D
sz300747,锐科激光,2025-09-15 09:45:15,27.19,20300,27.19,D
sz300747,锐科激光,2025-09-15 09:45:21,27.2,12800,27.2,U
sz300747,锐科激光,2025-09-15 09:45:33,27.17,7600,27.18,D
sz300747,锐科激光,2025-09-15 09:45:36,27.16,18400,27.17,D
sz300747,锐科激光,2025-09-15 09:45:45,27.18,34900,27.16,U
sz300747,锐科激光,2025-09-15 09:45:51,27.16,14200,27.17,D
sz300747,锐科激光,2025-09-15 09:45:54,27.18,11700,27.16,U
sz300747,锐科激光,2025-09-15 09:45:57,27.18,10800,27.18,U
sz300747,锐科激光,2025-09-15 09:46:03,27.2,13100,27.18,U
sz300747,锐科激光,2025-09-15 09:46:12,27.19,14200,27.18,E
sz300747,锐科激光,2025-09-15 09:46:21,27.2,10900,27.21,D
sz300747,锐科激光,2025-09-15 09:46:27,27.24,11000,27.22,U
sz300747,锐科激光,2025-09-15 09:46:33,27.22,10500,27.24,D
sz300747,锐科激光,2025-09-15 09:46:39,27.22,13700,27.24,D
sz300747,锐科激光,2025-09-15 09:46:48,27.24,10600,27.23,U
sz300747,锐科激光,2025-09-15 09:46:54,27.23,10100,27.26,D
sz300747,锐科激光,2025-09-15 09:47:03,27.28,26000,27.24,U
sz300747,锐科激光,2025-09-15 09:47:15,27.28,24300,27.26,U
sz300747,锐科激光,2025-09-15 09:47:21,27.28,12700,27.29,E
sz300747,锐科激光,2025-09-15 09:47:27,27.29,14800,27.28,U
sz300747,锐科激光,2025-09-15 09:47:33,27.29,8800,27.28,U
sz300747,锐科激光,2025-09-15 09:47:54,27.29,13900,27.28,U
sz300747,锐科激光,2025-09-15 09:47:57,27.29,13700,27.29,U
sz300747,锐科激光,2025-09-15 09:48:12,27.29,9000,27.3,D
sz300747,锐科激光,2025-09-15 09:48:21,27.28,11400,27.29,D
sz300747,锐科激光,2025-09-15 09:48:24,27.31,20200,27.28,U
sz300747,锐科激光,2025-09-15 09:49:18,27.3,13120,27.3,D
sz300747,锐科激光,2025-09-15 09:49:24,27.28,11700,27.28,D
sz300747,锐科激光,2025-09-15 09:49:33,27.28,8400,27.29,D
sz300747,锐科激光,2025-09-15 09:50:27,27.41,119700,27.41,U
sz300747,锐科激光,2025-09-15 09:50:33,27.48,13300,27.49,E
sz300747,锐科激光,2025-09-15 09:50:45,27.41,10000,27.44,D
sz300747,锐科激光,2025-09-15 09:51:03,27.38,27400,27.36,U
sz300747,锐科激光,2025-09-15 09:52:03,27.39,16000,27.4,D
sz300747,锐科激光,2025-09-15 09:52:09,27.4,10700,27.4,U
sz300747,锐科激光,2025-09-15 09:53:30,27.33,13500,27.36,D
sz300747,锐科激光,2025-09-15 09:54:03,27.39,11100,27.37,U
sz300747,锐科激光,2025-09-15 09:54:12,27.36,27700,27.39,D
sz300747,锐科激光,2025-09-15 09:54:54,27.35,30900,27.36,D
sz300747,锐科激光,2025-09-15 09:54:57,27.28,19100,27.35,D
sz300747,锐科激光,2025-09-15 09:55:39,27.35,72400,27.33,U
sz300747,锐科激光,2025-09-15 09:56:03,27.32,10900,27.33,D
sz300747,锐科激光,2025-09-15 09:56:12,27.35,10900,27.31,U
sz300747,锐科激光,2025-09-15 09:58:15,27.32,28300,27.28,U
sz300747,锐科激光,2025-09-15 09:58:48,27.28,7600,27.3,D
sz300747,锐科激光,2025-09-15 10:00:15,27.25,8900,27.23,U
sz300747,锐科激光,2025-09-15 10:00:36,27.26,24200,27.26,U
sz300747,锐科激光,2025-09-15 10:01:06,27.23,14692,27.23,D
sz300747,锐科激光,2025-09-15 10:01:09,27.23,10400,27.23,U
sz300747,锐科激光,2025-09-15 10:01:24,27.2,11600,27.21,D
sz300747,锐科激光,2025-09-15 10:01:33,27.2,8300,27.21,D
sz300747,锐科激光,2025-09-15 10:03:12,27.22,7800,27.22,D
sz300747,锐科激光,2025-09-15 10:05:00,27.23,10600,27.24,D
sz300747,锐科激光,2025-09-15 10:05:03,27.19,67300,27.23,D
sz300747,锐科激光,2025-09-15 10:05:06,27.18,21900,27.19,D
sz300747,锐科激光,2025-09-15 10:05:36,27.22,52800,27.2,U
sz300747,锐科激光,2025-09-15 10:05:39,27.19,10100,27.22,D
sz300747,锐科激光,2025-09-15 10:05:42,27.23,26200,27.19,U
sz300747,锐科激光,2025-09-15 10:05:48,27.2,11000,27.19,D
sz300747,锐科激光,2025-09-15 10:05:51,27.21,14300,27.2,E
sz300747,锐科激光,2025-09-15 10:06:57,27.25,7900,27.25,D
sz300747,锐科激光,2025-09-15 10:07:03,27.22,32200,27.25,D
sz300747,锐科激光,2025-09-15 10:07:30,27.22,11200,27.21,U
sz300747,锐科激光,2025-09-15 10:07:36,27.2,9300,27.2,U
sz300747,锐科激光,2025-09-15 10:07:42,27.2,8800,27.2,D
sz300747,锐科激光,2025-09-15 10:08:18,27.17,70500,27.2,D
sz300747,锐科激光,2025-09-15 10:08:21,27.18,12700,27.17,U
sz300747,锐科激光,2025-09-15 10:09:24,27.18,10500,27.17,U
sz300747,锐科激光,2025-09-15 10:09:27,27.21,31100,27.18,U
sz300747,锐科激光,2025-09-15 10:09:30,27.19,9800,27.21,D
sz300747,锐科激光,2025-09-15 10:09:45,27.24,23400,27.22,U
sz300747,锐科激光,2025-09-15 10:10:03,27.22,10300,27.21,U
sz300747,锐科激光,2025-09-15 10:10:21,27.15,81500,27.2,D
sz300747,锐科激光,2025-09-15 10:10:48,27.18,30000,27.18,E
sz300747,锐科激光,2025-09-15 10:12:00,27.18,15100,27.18,D
sz300747,锐科激光,2025-09-15 10:12:21,27.16,10100,27.16,D
sz300747,锐科激光,2025-09-15 10:12:33,27.15,10900,27.15,D
sz300747,锐科激光,2025-09-15 10:13:00,27.14,14600,27.14,D
sz300747,锐科激光,2025-09-15 10:13:06,27.15,10300,27.15,U
sz300747,锐科激光,2025-09-15 10:13:12,27.14,16300,27.14,D
sz300747,锐科激光,2025-09-15 10:13:48,27.15,11600,27.15,D
sz300747,锐科激光,2025-09-15 10:13:51,27.16,22200,27.15,U
sz300747,锐科激光,2025-09-15 10:14:45,27.15,8500,27.15,U
sz300747,锐科激光,2025-09-15 10:15:12,27.12,35500,27.15,D
sz300747,锐科激光,2025-09-15 10:15:18,27.12,10700,27.14,D
sz300747,锐科激光,2025-09-15 10:15:30,27.1,41900,27.12,D
sz300747,锐科激光,2025-09-15 10:15:39,27.11,13400,27.1,U
sz300747,锐科激光,2025-09-15 10:15:42,27.11,12500,27.11,U
sz300747,锐科激光,2025-09-15 10:15:48,27.11,15200,27.1,U
sz300747,锐科激光,2025-09-15 10:15:57,27.1,12300,27.1,U
sz300747,锐科激光,2025-09-15 10:16:12,27.08,25500,27.1,D
sz300747,锐科激光,2025-09-15 10:16:15,27.1,10800,27.08,U
sz300747,锐科激光,2025-09-15 10:16:21,27.09,36300,27.09,D
sz300747,锐科激光,2025-09-15 10:16:24,27.1,19900,27.09,U
sz300747,锐科激光,2025-09-15 10:16:30,27.09,8200,27.1,D
sz300747,锐科激光,2025-09-15 10:16:42,27.08,11700,27.09,D
sz300747,锐科激光,2025-09-15 10:16:48,27.08,10800,27.09,D
sz300747,锐科激光,2025-09-15 10:16:54,27.09,15600,27.1,E
sz300747,锐科激光,2025-09-15 10:16:57,27.09,28500,27.09,U
sz300747,锐科激光,2025-09-15 10:17:09,27.1,125100,27.09,U
sz300747,锐科激光,2025-09-15 10:17:42,27.11,14100,27.11,D
sz300747,锐科激光,2025-09-15 10:18:54,27.14,12200,27.16,D
sz300747,锐科激光,2025-09-15 10:19:03,27.12,9900,27.12,D
sz300747,锐科激光,2025-09-15 10:19:21,27.11,12500,27.12,D
sz300747,锐科激光,2025-09-15 10:20:00,27.1,38100,27.1,D
sz300747,锐科激光,2025-09-15 10:20:57,27.09,9100,27.09,D
sz300747,锐科激光,2025-09-15 10:21:21,27.08,8600,27.1,D
sz300747,锐科激光,2025-09-15 10:21:24,27.1,9400,27.08,U
sz300747,锐科激光,2025-09-15 10:22:27,27.12,12600,27.13,D
sz300747,锐科激光,2025-09-15 10:22:39,27.11,21500,27.11,D
sz300747,锐科激光,2025-09-15 10:23:06,27.1,62900,27.1,D
sz300747,锐科激光,2025-09-15 10:23:12,27.07,53400,27.09,D
sz300747,锐科激光,2025-09-15 10:23:24,27.05,9200,27.07,D
sz300747,锐科激光,2025-09-15 10:23:36,27.06,8800,27.06,U
sz300747,锐科激光,2025-09-15 10:24:00,27.05,8700,27.05,D
sz300747,锐科激光,2025-09-15 10:24:24,27.05,12200,27.06,D
sz300747,锐科激光,2025-09-15 10:25:03,27.04,27800,27.06,D
sz300747,锐科激光,2025-09-15 10:25:18,27.06,8100,27.06,U
sz300747,锐科激光,2025-09-15 10:26:06,27.09,24000,27.1,D
sz300747,锐科激光,2025-09-15 10:26:45,27.04,91400,27.11,D
sz300747,锐科激光,2025-09-15 10:27:00,27.07,12600,27.06,U
sz300747,锐科激光,2025-09-15 10:27:57,27.06,8800,27.08,D
sz300747,锐科激光,2025-09-15 10:28:36,27.08,10400,27.08,U
sz300747,锐科激光,2025-09-15 10:29:00,27.1,19100,27.1,U
sz300747,锐科激光,2025-09-15 10:29:09,27.09,9300,27.11,D
sz300747,锐科激光,2025-09-15 10:29:30,27.09,9100,27.09,D
sz300747,锐科激光,2025-09-15 10:30:21,27.11,11500,27.11,U
sz300747,锐科激光,2025-09-15 10:30:42,27.1,8300,27.1,D
sz300747,锐科激光,2025-09-15 10:31:03,27.16,47500,27.11,U
sz300747,锐科激光,2025-09-15 10:32:03,27.15,31200,27.14,U
sz300747,锐科激光,2025-09-15 10:32:21,27.17,17400,27.19,D
sz300747,锐科激光,2025-09-15 10:32:30,27.17,7400,27.17,U
sz300747,锐科激光,2025-09-15 10:32:54,27.17,8900,27.19,D
sz300747,锐科激光,2025-09-15 10:33:12,27.22,30839,27.2,U
sz300747,锐科激光,2025-09-15 10:33:36,27.25,20700,27.24,U
sz300747,锐科激光,2025-09-15 10:36:00,27.24,7900,27.24,U
sz300747,锐科激光,2025-09-15 10:37:12,27.24,8300,27.26,D
sz300747,锐科激光,2025-09-15 10:37:33,27.24,8300,27.23,U
sz300747,锐科激光,2025-09-15 10:39:30,27.24,14700,27.24,D
sz300747,锐科激光,2025-09-15 10:39:36,27.23,8000,27.23,U
sz300747,锐科激光,2025-09-15 10:40:03,27.25,9200,27.24,U
sz300747,锐科激光,2025-09-15 10:41:57,27.2,14100,27.2,D
sz300747,锐科激光,2025-09-15 10:42:54,27.2,7900,27.19,U
sz300747,锐科激光,2025-09-15 10:42:57,27.19,10000,27.2,D
sz300747,锐科激光,2025-09-15 10:44:00,27.2,8600,27.2,D
sz300747,锐科激光,2025-09-15 10:44:30,27.17,302300,27.19,D
sz300747,锐科激光,2025-09-15 10:44:36,27.16,7700,27.17,E
sz300747,锐科激光,2025-09-15 10:45:36,27.18,33300,27.17,E
sz300747,锐科激光,2025-09-15 10:46:18,27.2,10200,27.19,U
sz300747,锐科激光,2025-09-15 10:46:33,27.22,44500,27.2,U
sz300747,锐科激光,2025-09-15 10:47:42,27.2,10100,27.21,D
sz300747,锐科激光,2025-09-15 10:49:45,27.22,9400,27.21,U
sz300747,锐科激光,2025-09-15 10:50:30,27.24,8500,27.24,U
sz300747,锐科激光,2025-09-15 10:50:42,27.21,9300,27.23,D
sz300747,锐科激光,2025-09-15 10:51:06,27.25,14400,27.24,U
sz300747,锐科激光,2025-09-15 10:51:21,27.26,7400,27.25,U
sz300747,锐科激光,2025-09-15 10:51:51,27.25,8100,27.26,D
sz300747,锐科激光,2025-09-15 10:56:33,27.19,13508,27.18,U
sz300747,锐科激光,2025-09-15 10:57:21,27.18,8700,27.18,D
sz300747,锐科激光,2025-09-15 11:01:00,27.14,8200,27.14,D
sz300747,锐科激光,2025-09-15 11:05:18,27.19,7700,27.16,U
sz300747,锐科激光,2025-09-15 11:06:39,27.16,8100,27.18,D
sz300747,锐科激光,2025-09-15 11:09:30,27.13,36600,27.13,U
sz300747,锐科激光,2025-09-15 11:12:12,27.12,13800,27.13,D
sz300747,锐科激光,2025-09-15 11:13:36,27.14,10300,27.14,D
sz300747,锐科激光,2025-09-15 11:13:45,27.13,10100,27.13,D
sz300747,锐科激光,2025-09-15 11:16:21,27.1,22100,27.11,D
sz300747,锐科激光,2025-09-15 11:16:24,27.1,29500,27.1,D
sz300747,锐科激光,2025-09-15 11:19:30,27.12,10900,27.12,U
sz300747,锐科激光,2025-09-15 11:20:27,27.13,8500,27.15,D
sz300747,锐科激光,2025-09-15 11:21:00,27.17,31900,27.13,U
sz300747,锐科激光,2025-09-15 11:27:42,27.22,7400,27.21,U
sz300747,锐科激光,2025-09-15 13:00:00,27.21,28290,27.2,U
sz300747,锐科激光,2025-09-15 13:00:03,27.19,26600,27.21,D
sz300747,锐科激光,2025-09-15 13:00:09,27.18,9000,27.2,D
sz300747,锐科激光,2025-09-15 13:00:12,27.2,11200,27.18,U
sz300747,锐科激光,2025-09-15 13:00:24,27.19,7800,27.19,U
sz300747,锐科激光,2025-09-15 13:01:18,27.25,14800,27.22,U
sz300747,锐科激光,2025-09-15 13:02:21,27.22,34400,27.23,D
sz300747,锐科激光,2025-09-15 13:03:18,27.27,23200,27.23,U
sz300747,锐科激光,2025-09-15 13:05:18,27.27,10200,27.24,U
sz300747,锐科激光,2025-09-15 13:07:27,27.29,24600,27.25,U
sz300747,锐科激光,2025-09-15 13:10:03,27.31,7500,27.31,U
sz300747,锐科激光,2025-09-15 13:10:27,27.32,11500,27.32,D
sz300747,锐科激光,2025-09-15 13:12:36,27.26,12800,27.28,D
sz300747,锐科激光,2025-09-15 13:12:39,27.29,8000,27.26,U
sz300747,锐科激光,2025-09-15 13:13:00,27.28,9200,27.28,D
sz300747,锐科激光,2025-09-15 13:13:21,27.28,15900,27.28,D
sz300747,锐科激光,2025-09-15 13:14:09,27.25,8100,27.26,D
sz300747,锐科激光,2025-09-15 13:20:12,27.2,10600,27.22,D
sz300747,锐科激光,2025-09-15 13:28:00,27.26,8700,27.27,D
sz300747,锐科激光,2025-09-15 13:30:36,27.27,9000,27.28,D
sz300747,锐科激光,2025-09-15 13:31:06,27.25,7400,27.26,D
sz300747,锐科激光,2025-09-15 13:31:09,27.26,16800,27.25,U
sz300747,锐科激光,2025-09-15 13:31:12,27.25,14500,27.26,D
sz300747,锐科激光,2025-09-15 13:34:36,27.28,9400,27.28,U
sz300747,锐科激光,2025-09-15 13:36:24,27.28,12000,27.27,U
sz300747,锐科激光,2025-09-15 13:37:33,27.28,11000,27.28,D
sz300747,锐科激光,2025-09-15 13:38:00,27.25,8700,27.26,D
sz300747,锐科激光,2025-09-15 13:38:09,27.24,7500,27.26,D
sz300747,锐科激光,2025-09-15 13:39:21,27.22,14800,27.23,D
sz300747,锐科激光,2025-09-15 13:40:27,27.24,9400,27.24,U
sz300747,锐科激光,2025-09-15 13:43:09,27.22,7700,27.22,U
sz300747,锐科激光,2025-09-15 13:44:30,27.2,11300,27.19,U
sz300747,锐科激光,2025-09-15 13:46:36,27.2,9100,27.2,U
sz300747,锐科激光,2025-09-15 13:51:03,27.23,11100,27.21,U
sz300747,锐科激光,2025-09-15 13:53:57,27.23,18500,27.22,U
sz300747,锐科激光,2025-09-15 13:54:36,27.21,10100,27.21,D
sz300747,锐科激光,2025-09-15 13:56:00,27.2,13000,27.21,D
sz300747,锐科激光,2025-09-15 13:56:06,27.25,17300,27.21,U
sz300747,锐科激光,2025-09-15 13:58:36,27.24,7600,27.23,U
sz300747,锐科激光,2025-09-15 14:02:00,27.25,11300,27.27,D
sz300747,锐科激光,2025-09-15 14:03:33,27.2,25400,27.22,D
sz300747,锐科激光,2025-09-15 14:03:57,27.18,7600,27.18,D
sz300747,锐科激光,2025-09-15 14:04:03,27.16,20000,27.18,D
sz300747,锐科激光,2025-09-15 14:04:06,27.16,9100,27.16,U
sz300747,锐科激光,2025-09-15 14:04:21,27.15,7400,27.15,D
sz300747,锐科激光,2025-09-15 14:07:24,27.16,9000,27.17,D
sz300747,锐科激光,2025-09-15 14:09:33,27.2,11900,27.19,U
sz300747,锐科激光,2025-09-15 14:09:54,27.19,12100,27.19,D
sz300747,锐科激光,2025-09-15 14:10:48,27.17,10300,27.18,D
sz300747,锐科激光,2025-09-15 14:10:54,27.16,29200,27.17,D
sz300747,锐科激光,2025-09-15 14:10:57,27.17,7800,27.16,U
sz300747,锐科激光,2025-09-15 14:11:06,27.16,8800,27.16,D
sz300747,锐科激光,2025-09-15 14:12:30,27.15,10000,27.16,D
sz300747,锐科激光,2025-09-15 14:13:15,27.17,11800,27.16,U
sz300747,锐科激光,2025-09-15 14:14:48,27.2,20900,27.17,U
sz300747,锐科激光,2025-09-15 14:20:42,27.22,11100,27.22,D
sz300747,锐科激光,2025-09-15 14:21:00,27.24,21300,27.22,U
sz300747,锐科激光,2025-09-15 14:22:03,27.17,14700,27.2,D
sz300747,锐科激光,2025-09-15 14:23:21,27.16,12600,27.17,D
sz300747,锐科激光,2025-09-15 14:24:42,27.17,7900,27.17,D
sz300747,锐科激光,2025-09-15 14:25:42,27.19,31000,27.17,U
sz300747,锐科激光,2025-09-15 14:26:24,27.2,15300,27.18,U
sz300747,锐科激光,2025-09-15 14:27:15,27.15,23700,27.17,D
sz300747,锐科激光,2025-09-15 14:28:42,27.14,11900,27.15,D
sz300747,锐科激光,2025-09-15 14:31:12,27.18,7700,27.17,U
sz300747,锐科激光,2025-09-15 14:33:21,27.16,12800,27.16,D
sz300747,锐科激光,2025-09-15 14:34:54,27.17,10300,27.19,D
sz300747,锐科激光,2025-09-15 14:35:15,27.16,7500,27.15,U
sz300747,锐科激光,2025-09-15 14:35:39,27.15,23500,27.15,U
sz300747,锐科激光,2025-09-15 14:36:24,27.12,17000,27.13,D
sz300747,锐科激光,2025-09-15 14:36:30,27.11,16100,27.11,D
sz300747,锐科激光,2025-09-15 14:37:36,27.13,7400,27.13,E
sz300747,锐科激光,2025-09-15 14:38:54,27.12,12300,27.12,D
sz300747,锐科激光,2025-09-15 14:38:57,27.11,17300,27.12,D
sz300747,锐科激光,2025-09-15 14:39:00,27.11,8700,27.11,D
sz300747,锐科激光,2025-09-15 14:39:03,27.11,12700,27.11,D
sz300747,锐科激光,2025-09-15 14:39:18,27.1,56400,27.1,D
sz300747,锐科激光,2025-09-15 14:39:42,27.09,11600,27.09,D
sz300747,锐科激光,2025-09-15 14:41:09,27.12,18100,27.12,U
sz300747,锐科激光,2025-09-15 14:41:27,27.12,16800,27.12,U
sz300747,锐科激光,2025-09-15 14:41:30,27.12,9100,27.12,D
sz300747,锐科激光,2025-09-15 14:41:45,27.11,8300,27.11,U
sz300747,锐科激光,2025-09-15 14:42:00,27.1,10300,27.11,D
sz300747,锐科激光,2025-09-15 14:42:45,27.1,23400,27.11,D
sz300747,锐科激光,2025-09-15 14:43:51,27.1,12000,27.1,D
sz300747,锐科激光,2025-09-15 14:45:00,27.1,9400,27.1,U
sz300747,锐科激光,2025-09-15 14:45:30,27.09,8400,27.09,D
sz300747,锐科激光,2025-09-15 14:45:57,27.09,10500,27.08,U
sz300747,锐科激光,2025-09-15 14:46:00,27.09,8300,27.09,D
sz300747,锐科激光,2025-09-15 14:46:12,27.09,9800,27.09,D
sz300747,锐科激光,2025-09-15 14:46:57,27.09,11000,27.08,E
sz300747,锐科激光,2025-09-15 14:49:00,27.09,14000,27.1,D
sz300747,锐科激光,2025-09-15 14:49:09,27.1,9400,27.1,U
sz300747,锐科激光,2025-09-15 14:49:42,27.09,9000,27.1,D
sz300747,锐科激光,2025-09-15 14:49:45,27.09,9800,27.09,D
sz300747,锐科激光,2025-09-15 14:50:00,27.09,16300,27.09,U
sz300747,锐科激光,2025-09-15 14:50:15,27.08,8200,27.09,D
sz300747,锐科激光,2025-09-15 14:50:18,27.08,13100,27.08,D
sz300747,锐科激光,2025-09-15 14:50:57,27.09,11100,27.09,D
sz300747,锐科激光,2025-09-15 14:51:00,27.09,26800,27.09,D
sz300747,锐科激光,2025-09-15 14:51:03,27.09,7400,27.09,U
sz300747,锐科激光,2025-09-15 14:51:12,27.1,12000,27.09,U
sz300747,锐科激光,2025-09-15 14:51:15,27.09,11900,27.1,D
sz300747,锐科激光,2025-09-15 14:52:00,27.08,16600,27.1,D
sz300747,锐科激光,2025-09-15 14:53:00,27.12,21700,27.12,U
sz300747,锐科激光,2025-09-15 14:53:03,27.12,10400,27.12,E
sz300747,锐科激光,2025-09-15 14:53:06,27.12,12000,27.12,D
sz300747,锐科激光,2025-09-15 14:53:27,27.1,9900,27.11,D
sz300747,锐科激光,2025-09-15 14:54:00,27.09,41000,27.09,D
sz300747,锐科激光,2025-09-15 14:54:30,27.09,12645,27.1,D
sz300747,锐科激光,2025-09-15 14:55:24,27.08,22500,27.08,D
sz300747,锐科激光,2025-09-15 14:55:51,27.08,9200,27.08,D
sz300747,锐科激光,2025-09-15 14:55:54,27.08,20100,27.08,D
sz300747,锐科激光,2025-09-15 14:55:57,27.08,26600,27.08,D
sz300747,锐科激光,2025-09-15 14:56:27,27.09,16400,27.08,U
sz300747,锐科激光,2025-09-15 14:56:30,27.08,7800,27.09,E
sz300747,锐科激光,2025-09-15 14:56:51,27.08,8600,27.08,D
sz300747,锐科激光,2025-09-15 15:00:00,27.09,87100,27.09,U
