symbol,name,ticktime,price,volume,prev_price,kind
sz000592,平潭发展,2025-09-30 09:25:00,3.53,743100,0.0,U
sz000592,平潭发展,2025-09-30 09:30:00,3.53,395600,3.53,D
sz000592,平潭发展,2025-09-30 09:30:03,3.54,427700,3.53,U
sz000592,平潭发展,2025-09-30 09:30:06,3.54,135700,3.54,U
sz000592,平潭发展,2025-09-30 09:30:09,3.53,260400,3.54,D
sz000592,平潭发展,2025-09-30 09:30:12,3.53,54600,3.53,U
sz000592,平潭发展,2025-09-30 09:30:15,3.52,140500,3.53,D
sz000592,平潭发展,2025-09-30 09:30:21,3.51,172900,3.52,D
sz000592,平潭发展,2025-09-30 09:30:24,3.51,21500,3.51,D
sz000592,平潭发展,2025-09-30 09:30:27,3.51,25200,3.51,U
sz000592,平潭发展,2025-09-30 09:30:30,3.51,179700,3.51,U
sz000592,平潭发展,2025-09-30 09:30:33,3.5,61200,3.51,D
sz000592,平潭发展,2025-09-30 09:30:36,3.5,20800,3.5,D
sz000592,平潭发展,2025-09-30 09:30:39,3.5,49300,3.5,D
sz000592,平潭发展,2025-09-30 09:30:42,3.5,191500,3.5,D
sz000592,平潭发展,2025-09-30 09:30:45,3.5,123800,3.5,D
sz000592,平潭发展,2025-09-30 09:30:48,3.5,74000,3.5,D
sz000592,平潭发展,2025-09-30 09:30:51,3.5,28900,3.5,U
sz000592,平潭发展,2025-09-30 09:30:54,3.49,55300,3.5,D
sz000592,平潭发展,2025-09-30 09:30:57,3.5,21700,3.49,U
sz000592,平潭发展,2025-09-30 09:31:03,3.51,98600,3.5,U
sz000592,平潭发展,2025-09-30 09:31:06,3.5,46400,3.51,D
sz000592,平潭发展,2025-09-30 09:31:09,3.5,39100,3.5,U
sz000592,平潭发展,2025-09-30 09:31:15,3.5,72100,3.5,U
sz000592,平潭发展,2025-09-30 09:31:18,3.5,23700,3.5,U
sz000592,平潭发展,2025-09-30 09:31:27,3.49,37400,3.5,D
sz000592,平潭发展,2025-09-30 09:31:30,3.5,348600,3.49,U
sz000592,平潭发展,2025-09-30 09:31:36,3.49,26700,3.51,D
sz000592,平潭发展,2025-09-30 09:31:39,3.5,114900,3.49,U
sz000592,平潭发展,2025-09-30 09:31:45,3.5,95600,3.5,D
sz000592,平潭发展,2025-09-30 09:31:48,3.5,34800,3.5,D
sz000592,平潭发展,2025-09-30 09:32:00,3.51,76900,3.5,U
sz000592,平潭发展,2025-09-30 09:32:06,3.5,51100,3.5,D
sz000592,平潭发展,2025-09-30 09:32:09,3.5,24900,3.5,D
sz000592,平潭发展,2025-09-30 09:32:12,3.5,39000,3.5,D
sz000592,平潭发展,2025-09-30 09:32:21,3.5,65900,3.5,D
sz000592,平潭发展,2025-09-30 09:32:24,3.5,130200,3.5,D
sz000592,平潭发展,2025-09-30 09:32:27,3.5,85400,3.5,D
sz000592,平潭发展,2025-09-30 09:32:30,3.51,251600,3.5,U
sz000592,平潭发展,2025-09-30 09:32:36,3.52,48800,3.51,U
sz000592,平潭发展,2025-09-30 09:32:48,3.52,27700,3.51,U
sz000592,平潭发展,2025-09-30 09:32:51,3.52,185400,3.52,U
sz000592,平潭发展,2025-09-30 09:33:09,3.53,20100,3.52,U
sz000592,平潭发展,2025-09-30 09:33:12,3.53,43500,3.53,U
sz000592,平潭发展,2025-09-30 09:33:18,3.53,115600,3.53,U
sz000592,平潭发展,2025-09-30 09:33:21,3.54,42900,3.53,U
sz000592,平潭发展,2025-09-30 09:33:24,3.53,53900,3.54,D
sz000592,平潭发展,2025-09-30 09:33:27,3.54,22400,3.53,U
sz000592,平潭发展,2025-09-30 09:33:30,3.54,22400,3.54,U
sz000592,平潭发展,2025-09-30 09:33:33,3.54,124200,3.54,U
sz000592,平潭发展,2025-09-30 09:33:36,3.54,54700,3.54,U
sz000592,平潭发展,2025-09-30 09:33:39,3.54,33900,3.54,U
sz000592,平潭发展,2025-09-30 09:33:45,3.54,265000,3.53,U
sz000592,平潭发展,2025-09-30 09:33:48,3.53,42200,3.54,D
sz000592,平潭发展,2025-09-30 09:33:51,3.54,32800,3.53,U
sz000592,平潭发展,2025-09-30 09:33:54,3.53,554200,3.54,D
sz000592,平潭发展,2025-09-30 09:33:57,3.54,199700,3.53,U
sz000592,平潭发展,2025-09-30 09:34:03,3.54,20600,3.54,U
sz000592,平潭发展,2025-09-30 09:34:12,3.54,201500,3.53,U
sz000592,平潭发展,2025-09-30 09:34:15,3.54,298100,3.54,U
sz000592,平潭发展,2025-09-30 09:34:18,3.54,27000,3.54,E
sz000592,平潭发展,2025-09-30 09:34:21,3.54,113700,3.54,D
sz000592,平潭发展,2025-09-30 09:34:33,3.55,34800,3.55,U
sz000592,平潭发展,2025-09-30 09:34:36,3.55,37900,3.55,U
sz000592,平潭发展,2025-09-30 09:34:39,3.54,65300,3.55,D
sz000592,平潭发展,2025-09-30 09:34:45,3.55,93300,3.55,U
sz000592,平潭发展,2025-09-30 09:34:48,3.54,50200,3.55,E
sz000592,平潭发展,2025-09-30 09:34:51,3.54,25500,3.54,D
sz000592,平潭发展,2025-09-30 09:34:54,3.54,640900,3.54,D
sz000592,平潭发展,2025-09-30 09:34:57,3.55,133000,3.54,U
sz000592,平潭发展,2025-09-30 09:35:00,3.55,127900,3.55,U
sz000592,平潭发展,2025-09-30 09:35:03,3.55,21000,3.55,U
sz000592,平潭发展,2025-09-30 09:35:06,3.54,90100,3.55,D
sz000592,平潭发展,2025-09-30 09:35:09,3.55,67100,3.54,U
sz000592,平潭发展,2025-09-30 09:35:12,3.54,32300,3.55,D
sz000592,平潭发展,2025-09-30 09:35:21,3.55,68100,3.55,U
sz000592,平潭发展,2025-09-30 09:35:24,3.55,54000,3.55,U
sz000592,平潭发展,2025-09-30 09:35:30,3.54,136900,3.55,D
sz000592,平潭发展,2025-09-30 09:35:33,3.54,29600,3.54,U
sz000592,平潭发展,2025-09-30 09:35:36,3.54,82200,3.54,U
sz000592,平潭发展,2025-09-30 09:35:48,3.54,64500,3.54,U
sz000592,平潭发展,2025-09-30 09:35:51,3.54,33600,3.54,U
sz000592,平潭发展,2025-09-30 09:35:54,3.53,52100,3.54,D
sz000592,平潭发展,2025-09-30 09:36:03,3.54,55900,3.53,U
sz000592,平潭发展,2025-09-30 09:36:06,3.54,108300,3.54,U
sz000592,平潭发展,2025-09-30 09:36:12,3.54,34600,3.53,U
sz000592,平潭发展,2025-09-30 09:36:18,3.53,22800,3.53,D
sz000592,平潭发展,2025-09-30 09:36:21,3.53,469000,3.53,D
sz000592,平潭发展,2025-09-30 09:36:24,3.54,279700,3.53,U
sz000592,平潭发展,2025-09-30 09:36:33,3.54,86448,3.53,U
sz000592,平潭发展,2025-09-30 09:36:45,3.54,20300,3.54,D
sz000592,平潭发展,2025-09-30 09:36:51,3.54,24500,3.55,D
sz000592,平潭发展,2025-09-30 09:37:03,3.55,26500,3.54,U
sz000592,平潭发展,2025-09-30 09:37:06,3.54,156700,3.55,D
sz000592,平潭发展,2025-09-30 09:37:09,3.55,22800,3.54,U
sz000592,平潭发展,2025-09-30 09:37:12,3.54,76600,3.55,D
sz000592,平潭发展,2025-09-30 09:37:15,3.55,55400,3.54,U
sz000592,平潭发展,2025-09-30 09:37:18,3.56,686100,3.55,U
sz000592,平潭发展,2025-09-30 09:37:24,3.55,53800,3.55,D
sz000592,平潭发展,2025-09-30 09:37:33,3.56,563000,3.56,U
sz000592,平潭发展,2025-09-30 09:37:36,3.56,26100,3.56,D
sz000592,平潭发展,2025-09-30 09:37:42,3.57,112000,3.57,U
sz000592,平潭发展,2025-09-30 09:37:45,3.57,48500,3.57,U
sz000592,平潭发展,2025-09-30 09:37:48,3.57,52500,3.57,U
sz000592,平潭发展,2025-09-30 09:37:51,3.56,347000,3.57,D
sz000592,平潭发展,2025-09-30 09:37:54,3.56,225300,3.56,U
sz000592,平潭发展,2025-09-30 09:37:57,3.57,32600,3.56,U
sz000592,平潭发展,2025-09-30 09:38:00,3.56,27100,3.57,D
sz000592,平潭发展,2025-09-30 09:38:03,3.57,29500,3.56,U
sz000592,平潭发展,2025-09-30 09:38:06,3.57,78400,3.57,U
sz000592,平潭发展,2025-09-30 09:38:09,3.57,124200,3.57,U
sz000592,平潭发展,2025-09-30 09:38:12,3.56,253000,3.57,D
sz000592,平潭发展,2025-09-30 09:38:18,3.56,34700,3.57,D
sz000592,平潭发展,2025-09-30 09:38:21,3.56,329100,3.56,D
sz000592,平潭发展,2025-09-30 09:38:36,3.57,31600,3.57,U
sz000592,平潭发展,2025-09-30 09:38:42,3.57,54600,3.57,U
sz000592,平潭发展,2025-09-30 09:38:45,3.57,28900,3.57,U
sz000592,平潭发展,2025-09-30 09:38:54,3.57,35600,3.56,U
sz000592,平潭发展,2025-09-30 09:38:57,3.57,30400,3.57,U
sz000592,平潭发展,2025-09-30 09:39:00,3.57,309200,3.57,U
sz000592,平潭发展,2025-09-30 09:39:03,3.57,68300,3.57,U
sz000592,平潭发展,2025-09-30 09:39:06,3.57,29800,3.57,U
sz000592,平潭发展,2025-09-30 09:39:09,3.57,171400,3.57,U
sz000592,平潭发展,2025-09-30 09:39:12,3.57,37500,3.57,U
sz000592,平潭发展,2025-09-30 09:39:15,3.57,72900,3.57,U
sz000592,平潭发展,2025-09-30 09:39:18,3.57,54700,3.57,U
sz000592,平潭发展,2025-09-30 09:39:21,3.6,2226060,3.57,U
sz000592,平潭发展,2025-09-30 09:39:24,3.58,635400,3.6,D
sz000592,平潭发展,2025-09-30 09:39:27,3.6,92700,3.58,U
sz000592,平潭发展,2025-09-30 09:39:30,3.6,20300,3.6,U
sz000592,平潭发展,2025-09-30 09:39:33,3.6,166000,3.6,U
sz000592,平潭发展,2025-09-30 09:39:36,3.59,44800,3.6,D
sz000592,平潭发展,2025-09-30 09:39:39,3.6,383000,3.59,U
sz000592,平潭发展,2025-09-30 09:39:42,3.6,130500,3.6,U
sz000592,平潭发展,2025-09-30 09:39:45,3.6,230100,3.6,U
sz000592,平潭发展,2025-09-30 09:39:48,3.6,124100,3.6,U
sz000592,平潭发展,2025-09-30 09:39:51,3.6,146500,3.6,U
sz000592,平潭发展,2025-09-30 09:39:54,3.6,284600,3.6,U
sz000592,平潭发展,2025-09-30 09:39:57,3.6,68000,3.6,U
sz000592,平潭发展,2025-09-30 09:40:00,3.59,232500,3.6,D
sz000592,平潭发展,2025-09-30 09:40:03,3.59,131100,3.59,U
sz000592,平潭发展,2025-09-30 09:40:06,3.59,433900,3.59,U
sz000592,平潭发展,2025-09-30 09:40:09,3.59,59600,3.59,U
sz000592,平潭发展,2025-09-30 09:40:12,3.59,266800,3.59,U
sz000592,平潭发展,2025-09-30 09:40:15,3.58,70400,3.59,D
sz000592,平潭发展,2025-09-30 09:40:18,3.59,68100,3.58,U
sz000592,平潭发展,2025-09-30 09:40:21,3.59,44200,3.59,U
sz000592,平潭发展,2025-09-30 09:40:24,3.58,25300,3.59,D
sz000592,平潭发展,2025-09-30 09:40:27,3.58,66200,3.58,D
sz000592,平潭发展,2025-09-30 09:40:33,3.58,106000,3.58,D
sz000592,平潭发展,2025-09-30 09:40:36,3.59,147400,3.58,U
sz000592,平潭发展,2025-09-30 09:40:39,3.59,41900,3.59,U
sz000592,平潭发展,2025-09-30 09:40:42,3.58,48800,3.59,D
sz000592,平潭发展,2025-09-30 09:40:48,3.58,31400,3.58,D
sz000592,平潭发展,2025-09-30 09:40:51,3.59,30400,3.58,U
sz000592,平潭发展,2025-09-30 09:40:54,3.59,100300,3.59,U
sz000592,平潭发展,2025-09-30 09:40:57,3.59,23700,3.59,U
sz000592,平潭发展,2025-09-30 09:41:06,3.59,212600,3.59,U
sz000592,平潭发展,2025-09-30 09:41:09,3.58,58000,3.59,D
sz000592,平潭发展,2025-09-30 09:41:12,3.59,26700,3.58,U
sz000592,平潭发展,2025-09-30 09:41:18,3.58,109300,3.58,D
sz000592,平潭发展,2025-09-30 09:41:21,3.58,27100,3.58,D
sz000592,平潭发展,2025-09-30 09:41:24,3.58,385700,3.58,D
sz000592,平潭发展,2025-09-30 09:41:27,3.58,134100,3.58,U
sz000592,平潭发展,2025-09-30 09:41:30,3.58,52300,3.58,U
sz000592,平潭发展,2025-09-30 09:41:33,3.58,114700,3.58,U
sz000592,平潭发展,2025-09-30 09:41:36,3.57,22000,3.58,D
sz000592,平潭发展,2025-09-30 09:41:39,3.58,83000,3.57,U
sz000592,平潭发展,2025-09-30 09:41:42,3.58,33000,3.58,U
sz000592,平潭发展,2025-09-30 09:41:48,3.57,57200,3.58,D
sz000592,平潭发展,2025-09-30 09:41:51,3.58,28900,3.57,U
sz000592,平潭发展,2025-09-30 09:41:54,3.58,24300,3.58,U
sz000592,平潭发展,2025-09-30 09:41:57,3.58,368200,3.58,U
sz000592,平潭发展,2025-09-30 09:42:03,3.57,86100,3.58,D
sz000592,平潭发展,2025-09-30 09:42:06,3.58,93400,3.57,U
sz000592,平潭发展,2025-09-30 09:42:09,3.59,278000,3.58,U
sz000592,平潭发展,2025-09-30 09:42:12,3.6,1147900,3.59,U
sz000592,平潭发展,2025-09-30 09:42:15,3.59,75300,3.6,D
sz000592,平潭发展,2025-09-30 09:42:21,3.59,134200,3.59,D
sz000592,平潭发展,2025-09-30 09:42:27,3.6,20800,3.59,U
sz000592,平潭发展,2025-09-30 09:42:30,3.6,209400,3.6,U
sz000592,平潭发展,2025-09-30 09:42:33,3.59,177300,3.6,D
sz000592,平潭发展,2025-09-30 09:42:39,3.59,40700,3.59,D
sz000592,平潭发展,2025-09-30 09:42:42,3.59,26400,3.59,U
sz000592,平潭发展,2025-09-30 09:42:45,3.59,39500,3.59,U
sz000592,平潭发展,2025-09-30 09:42:48,3.59,284700,3.59,U
sz000592,平潭发展,2025-09-30 09:42:51,3.59,123000,3.59,U
sz000592,平潭发展,2025-09-30 09:42:54,3.59,21900,3.59,U
sz000592,平潭发展,2025-09-30 09:42:57,3.59,125800,3.59,U
sz000592,平潭发展,2025-09-30 09:43:00,3.59,66200,3.59,U
sz000592,平潭发展,2025-09-30 09:43:03,3.58,204300,3.59,D
sz000592,平潭发展,2025-09-30 09:43:06,3.58,64700,3.58,D
sz000592,平潭发展,2025-09-30 09:43:09,3.58,45300,3.58,U
sz000592,平潭发展,2025-09-30 09:43:12,3.58,52200,3.58,E
sz000592,平潭发展,2025-09-30 09:43:18,3.57,27200,3.57,D
sz000592,平潭发展,2025-09-30 09:43:30,3.58,87500,3.58,U
sz000592,平潭发展,2025-09-30 09:43:36,3.58,99400,3.58,U
sz000592,平潭发展,2025-09-30 09:43:39,3.58,33700,3.58,D
sz000592,平潭发展,2025-09-30 09:43:42,3.58,40900,3.58,D
sz000592,平潭发展,2025-09-30 09:43:45,3.58,32200,3.58,U
sz000592,平潭发展,2025-09-30 09:43:51,3.58,157800,3.58,U
sz000592,平潭发展,2025-09-30 09:43:57,3.58,23100,3.58,U
sz000592,平潭发展,2025-09-30 09:44:00,3.57,21000,3.58,D
sz000592,平潭发展,2025-09-30 09:44:03,3.58,119700,3.57,U
sz000592,平潭发展,2025-09-30 09:44:06,3.57,79300,3.58,D
sz000592,平潭发展,2025-09-30 09:44:09,3.58,62000,3.57,E
sz000592,平潭发展,2025-09-30 09:44:12,3.58,21400,3.58,D
sz000592,平潭发展,2025-09-30 09:44:15,3.58,24900,3.58,U
sz000592,平潭发展,2025-09-30 09:44:18,3.58,28100,3.58,U
sz000592,平潭发展,2025-09-30 09:44:27,3.57,48800,3.57,D
sz000592,平潭发展,2025-09-30 09:44:48,3.58,24400,3.58,U
sz000592,平潭发展,2025-09-30 09:44:57,3.58,23200,3.57,U
sz000592,平潭发展,2025-09-30 09:45:06,3.58,29300,3.57,U
sz000592,平潭发展,2025-09-30 09:45:09,3.57,106500,3.58,D
sz000592,平潭发展,2025-09-30 09:45:12,3.58,22500,3.57,U
sz000592,平潭发展,2025-09-30 09:45:18,3.57,24600,3.57,D
sz000592,平潭发展,2025-09-30 09:45:27,3.57,22500,3.57,D
sz000592,平潭发展,2025-09-30 09:45:30,3.57,291740,3.57,D
sz000592,平潭发展,2025-09-30 09:45:33,3.57,48700,3.57,U
sz000592,平潭发展,2025-09-30 09:45:42,3.56,53900,3.57,D
sz000592,平潭发展,2025-09-30 09:45:54,3.56,45500,3.56,D
sz000592,平潭发展,2025-09-30 09:46:03,3.57,82000,3.57,U
sz000592,平潭发展,2025-09-30 09:46:06,3.57,22400,3.57,U
sz000592,平潭发展,2025-09-30 09:46:12,3.57,53400,3.57,U
sz000592,平潭发展,2025-09-30 09:46:21,3.57,52200,3.57,U
sz000592,平潭发展,2025-09-30 09:46:24,3.57,63700,3.57,U
sz000592,平潭发展,2025-09-30 09:46:36,3.56,36100,3.57,D
sz000592,平潭发展,2025-09-30 09:46:39,3.57,184300,3.56,U
sz000592,平潭发展,2025-09-30 09:46:42,3.57,89900,3.57,D
sz000592,平潭发展,2025-09-30 09:46:45,3.58,89700,3.57,U
sz000592,平潭发展,2025-09-30 09:46:48,3.58,42600,3.58,U
sz000592,平潭发展,2025-09-30 09:46:51,3.58,67300,3.58,U
sz000592,平潭发展,2025-09-30 09:47:00,3.57,26700,3.57,D
sz000592,平潭发展,2025-09-30 09:47:06,3.57,159500,3.58,D
sz000592,平潭发展,2025-09-30 09:47:12,3.58,36300,3.58,U
sz000592,平潭发展,2025-09-30 09:47:15,3.57,43600,3.58,D
sz000592,平潭发展,2025-09-30 09:47:27,3.58,46000,3.57,U
sz000592,平潭发展,2025-09-30 09:47:39,3.58,65200,3.58,U
sz000592,平潭发展,2025-09-30 09:47:45,3.58,407600,3.57,U
sz000592,平潭发展,2025-09-30 09:47:48,3.58,76600,3.58,D
sz000592,平潭发展,2025-09-30 09:47:57,3.59,26300,3.59,U
sz000592,平潭发展,2025-09-30 09:48:03,3.59,22700,3.59,U
sz000592,平潭发展,2025-09-30 09:48:06,3.58,27200,3.59,D
sz000592,平潭发展,2025-09-30 09:48:15,3.58,50500,3.59,D
sz000592,平潭发展,2025-09-30 09:48:18,3.58,250600,3.58,D
sz000592,平潭发展,2025-09-30 09:48:21,3.58,32600,3.58,U
sz000592,平潭发展,2025-09-30 09:48:24,3.58,32900,3.58,U
sz000592,平潭发展,2025-09-30 09:48:42,3.57,30000,3.57,D
sz000592,平潭发展,2025-09-30 09:49:03,3.57,37600,3.57,D
sz000592,平潭发展,2025-09-30 09:49:33,3.58,20700,3.58,U
sz000592,平潭发展,2025-09-30 09:49:36,3.57,34800,3.58,D
sz000592,平潭发展,2025-09-30 09:49:57,3.58,412900,3.58,U
sz000592,平潭发展,2025-09-30 09:50:00,3.58,39800,3.58,D
sz000592,平潭发展,2025-09-30 09:50:03,3.58,107000,3.58,D
sz000592,平潭发展,2025-09-30 09:50:09,3.58,55100,3.59,D
sz000592,平潭发展,2025-09-30 09:50:15,3.58,20300,3.58,D
sz000592,平潭发展,2025-09-30 09:50:36,3.58,502200,3.58,D
sz000592,平潭发展,2025-09-30 09:50:39,3.58,122300,3.58,U
sz000592,平潭发展,2025-09-30 09:50:42,3.58,31300,3.58,U
sz000592,平潭发展,2025-09-30 09:51:03,3.57,21800,3.57,D
sz000592,平潭发展,2025-09-30 09:51:30,3.57,27000,3.57,D
sz000592,平潭发展,2025-09-30 09:51:33,3.58,25500,3.57,U
sz000592,平潭发展,2025-09-30 09:51:42,3.57,42500,3.58,D
sz000592,平潭发展,2025-09-30 09:51:51,3.58,76700,3.58,U
sz000592,平潭发展,2025-09-30 09:52:03,3.57,24300,3.58,D
sz000592,平潭发展,2025-09-30 09:52:09,3.58,20100,3.57,U
sz000592,平潭发展,2025-09-30 09:52:18,3.58,550800,3.58,U
sz000592,平潭发展,2025-09-30 09:52:39,3.57,83400,3.58,D
sz000592,平潭发展,2025-09-30 09:52:45,3.57,100700,3.58,D
sz000592,平潭发展,2025-09-30 09:52:57,3.57,25400,3.57,U
sz000592,平潭发展,2025-09-30 09:53:03,3.56,28700,3.57,D
sz000592,平潭发展,2025-09-30 09:53:30,3.56,20000,3.56,D
sz000592,平潭发展,2025-09-30 09:53:45,3.56,90400,3.57,D
sz000592,平潭发展,2025-09-30 09:53:48,3.57,60000,3.56,U
sz000592,平潭发展,2025-09-30 09:54:00,3.56,23800,3.56,D
sz000592,平潭发展,2025-09-30 09:54:03,3.56,298300,3.56,D
sz000592,平潭发展,2025-09-30 09:54:06,3.56,62300,3.56,D
sz000592,平潭发展,2025-09-30 09:54:09,3.56,688400,3.56,D
sz000592,平潭发展,2025-09-30 09:54:12,3.56,55100,3.56,U
sz000592,平潭发展,2025-09-30 09:54:24,3.56,47700,3.56,U
sz000592,平潭发展,2025-09-30 09:54:33,3.55,52200,3.55,D
sz000592,平潭发展,2025-09-30 09:54:36,3.55,44200,3.55,D
sz000592,平潭发展,2025-09-30 09:54:39,3.55,240400,3.55,D
sz000592,平潭发展,2025-09-30 09:54:42,3.55,71600,3.55,D
sz000592,平潭发展,2025-09-30 09:54:45,3.55,64000,3.55,D
sz000592,平潭发展,2025-09-30 09:54:48,3.56,223000,3.55,U
sz000592,平潭发展,2025-09-30 09:55:00,3.55,71400,3.55,D
sz000592,平潭发展,2025-09-30 09:55:03,3.57,225200,3.55,U
sz000592,平潭发展,2025-09-30 09:55:06,3.56,21800,3.57,D
sz000592,平潭发展,2025-09-30 09:55:24,3.57,567900,3.57,U
sz000592,平潭发展,2025-09-30 09:55:39,3.57,87500,3.57,D
sz000592,平潭发展,2025-09-30 09:55:45,3.57,41000,3.57,D
sz000592,平潭发展,2025-09-30 09:55:48,3.58,28200,3.57,U
sz000592,平潭发展,2025-09-30 09:56:00,3.58,27300,3.58,U
sz000592,平潭发展,2025-09-30 09:56:03,3.58,22000,3.58,U
sz000592,平潭发展,2025-09-30 09:56:15,3.58,170600,3.57,U
sz000592,平潭发展,2025-09-30 09:56:36,3.57,24500,3.58,D
sz000592,平潭发展,2025-09-30 09:56:51,3.58,22000,3.58,U
sz000592,平潭发展,2025-09-30 09:57:06,3.58,39500,3.57,U
sz000592,平潭发展,2025-09-30 09:57:18,3.58,44700,3.58,U
sz000592,平潭发展,2025-09-30 09:57:24,3.58,44200,3.58,U
sz000592,平潭发展,2025-09-30 09:57:27,3.57,50800,3.58,D
sz000592,平潭发展,2025-09-30 09:57:30,3.57,37300,3.57,D
sz000592,平潭发展,2025-09-30 09:57:33,3.58,21000,3.57,U
sz000592,平潭发展,2025-09-30 09:57:39,3.57,25600,3.57,D
sz000592,平潭发展,2025-09-30 09:57:42,3.58,28900,3.57,U
sz000592,平潭发展,2025-09-30 09:57:45,3.57,198300,3.58,D
sz000592,平潭发展,2025-09-30 09:57:48,3.58,35300,3.57,U
sz000592,平潭发展,2025-09-30 09:57:51,3.58,29900,3.58,U
sz000592,平潭发展,2025-09-30 09:58:18,3.58,27400,3.58,U
sz000592,平潭发展,2025-09-30 09:58:42,3.58,27800,3.58,U
sz000592,平潭发展,2025-09-30 09:58:54,3.57,35300,3.58,D
sz000592,平潭发展,2025-09-30 09:58:57,3.57,78100,3.57,D
sz000592,平潭发展,2025-09-30 09:59:06,3.57,22600,3.56,U
sz000592,平潭发展,2025-09-30 09:59:27,3.57,22300,3.56,U
sz000592,平潭发展,2025-09-30 10:00:18,3.57,36000,3.56,U
sz000592,平潭发展,2025-09-30 10:00:33,3.56,49200,3.57,D
sz000592,平潭发展,2025-09-30 10:00:45,3.56,20800,3.56,D
sz000592,平潭发展,2025-09-30 10:01:03,3.56,110000,3.57,D
sz000592,平潭发展,2025-09-30 10:01:06,3.56,349800,3.56,D
sz000592,平潭发展,2025-09-30 10:01:18,3.56,30000,3.56,U
sz000592,平潭发展,2025-09-30 10:01:21,3.55,28800,3.56,D
sz000592,平潭发展,2025-09-30 10:01:33,3.56,38400,3.55,U
sz000592,平潭发展,2025-09-30 10:01:36,3.56,64400,3.56,U
sz000592,平潭发展,2025-09-30 10:01:39,3.56,36000,3.56,U
sz000592,平潭发展,2025-09-30 10:01:42,3.56,29400,3.56,U
sz000592,平潭发展,2025-09-30 10:01:45,3.56,94100,3.56,U
sz000592,平潭发展,2025-09-30 10:01:54,3.56,21400,3.56,D
sz000592,平潭发展,2025-09-30 10:02:03,3.56,22000,3.56,D
sz000592,平潭发展,2025-09-30 10:02:18,3.55,30000,3.56,D
sz000592,平潭发展,2025-09-30 10:02:21,3.55,53700,3.55,D
sz000592,平潭发展,2025-09-30 10:02:24,3.56,37400,3.55,U
sz000592,平潭发展,2025-09-30 10:02:30,3.55,23300,3.56,D
sz000592,平潭发展,2025-09-30 10:02:48,3.56,361000,3.55,U
sz000592,平潭发展,2025-09-30 10:03:03,3.55,160000,3.56,D
sz000592,平潭发展,2025-09-30 10:03:24,3.56,326400,3.56,U
sz000592,平潭发展,2025-09-30 10:03:36,3.55,100300,3.55,D
sz000592,平潭发展,2025-09-30 10:03:39,3.55,36900,3.55,D
sz000592,平潭发展,2025-09-30 10:03:51,3.55,61600,3.56,D
sz000592,平潭发展,2025-09-30 10:04:51,3.55,87800,3.56,D
sz000592,平潭发展,2025-09-30 10:04:57,3.56,23600,3.56,U
sz000592,平潭发展,2025-09-30 10:05:33,3.55,32000,3.55,D
sz000592,平潭发展,2025-09-30 10:05:36,3.55,41300,3.55,D
sz000592,平潭发展,2025-09-30 10:05:45,3.55,20500,3.56,D
sz000592,平潭发展,2025-09-30 10:06:00,3.55,32800,3.55,D
sz000592,平潭发展,2025-09-30 10:06:06,3.55,28100,3.55,D
sz000592,平潭发展,2025-09-30 10:06:09,3.55,342300,3.55,D
sz000592,平潭发展,2025-09-30 10:06:12,3.55,70800,3.55,U
sz000592,平潭发展,2025-09-30 10:06:36,3.54,24900,3.54,D
sz000592,平潭发展,2025-09-30 10:06:54,3.54,37300,3.54,D
sz000592,平潭发展,2025-09-30 10:07:06,3.55,154400,3.54,U
sz000592,平潭发展,2025-09-30 10:07:15,3.54,26700,3.55,D
sz000592,平潭发展,2025-09-30 10:07:36,3.55,40700,3.55,U
sz000592,平潭发展,2025-09-30 10:07:42,3.54,65700,3.55,D
sz000592,平潭发展,2025-09-30 10:07:45,3.55,36700,3.54,U
sz000592,平潭发展,2025-09-30 10:07:54,3.55,513600,3.55,U
sz000592,平潭发展,2025-09-30 10:09:03,3.55,82300,3.56,D
sz000592,平潭发展,2025-09-30 10:10:09,3.56,78600,3.56,U
sz000592,平潭发展,2025-09-30 10:10:21,3.56,33900,3.56,U
sz000592,平潭发展,2025-09-30 10:10:24,3.56,27200,3.56,U
sz000592,平潭发展,2025-09-30 10:10:51,3.56,56700,3.56,U
sz000592,平潭发展,2025-09-30 10:11:21,3.55,46900,3.55,D
sz000592,平潭发展,2025-09-30 10:11:24,3.55,34000,3.55,D
sz000592,平潭发展,2025-09-30 10:11:27,3.55,118800,3.55,D
sz000592,平潭发展,2025-09-30 10:11:30,3.56,39000,3.55,U
sz000592,平潭发展,2025-09-30 10:11:33,3.55,26000,3.56,D
sz000592,平潭发展,2025-09-30 10:11:36,3.55,30300,3.55,D
sz000592,平潭发展,2025-09-30 10:11:42,3.56,27700,3.56,U
sz000592,平潭发展,2025-09-30 10:11:54,3.55,28500,3.56,D
sz000592,平潭发展,2025-09-30 10:12:00,3.55,117700,3.55,D
sz000592,平潭发展,2025-09-30 10:12:03,3.54,336800,3.55,D
sz000592,平潭发展,2025-09-30 10:12:15,3.54,67500,3.55,D
sz000592,平潭发展,2025-09-30 10:12:33,3.54,25200,3.55,D
sz000592,平潭发展,2025-09-30 10:13:00,3.54,50500,3.55,D
sz000592,平潭发展,2025-09-30 10:13:03,3.55,29500,3.54,U
sz000592,平潭发展,2025-09-30 10:13:12,3.54,55900,3.54,D
sz000592,平潭发展,2025-09-30 10:13:27,3.54,34000,3.54,D
sz000592,平潭发展,2025-09-30 10:13:39,3.54,100600,3.54,D
sz000592,平潭发展,2025-09-30 10:13:42,3.54,62400,3.54,D
sz000592,平潭发展,2025-09-30 10:13:51,3.54,74300,3.54,D
sz000592,平潭发展,2025-09-30 10:13:54,3.54,368600,3.54,D
sz000592,平潭发展,2025-09-30 10:13:57,3.55,34500,3.54,U
sz000592,平潭发展,2025-09-30 10:14:03,3.54,54900,3.54,D
sz000592,平潭发展,2025-09-30 10:14:36,3.54,194200,3.54,D
sz000592,平潭发展,2025-09-30 10:15:18,3.54,78700,3.55,D
sz000592,平潭发展,2025-09-30 10:15:21,3.55,33600,3.54,U
sz000592,平潭发展,2025-09-30 10:15:51,3.54,25200,3.54,D
sz000592,平潭发展,2025-09-30 10:16:03,3.54,83100,3.54,D
sz000592,平潭发展,2025-09-30 10:16:24,3.54,37000,3.54,D
sz000592,平潭发展,2025-09-30 10:16:39,3.54,39200,3.54,D
sz000592,平潭发展,2025-09-30 10:17:21,3.54,231200,3.55,D
sz000592,平潭发展,2025-09-30 10:17:54,3.54,296900,3.54,D
sz000592,平潭发展,2025-09-30 10:18:45,3.55,37700,3.54,U
sz000592,平潭发展,2025-09-30 10:18:48,3.55,715800,3.55,U
sz000592,平潭发展,2025-09-30 10:19:27,3.55,87200,3.55,D
sz000592,平潭发展,2025-09-30 10:19:42,3.55,76100,3.56,D
sz000592,平潭发展,2025-09-30 10:21:09,3.55,20000,3.55,D
sz000592,平潭发展,2025-09-30 10:21:57,3.55,20100,3.56,D
sz000592,平潭发展,2025-09-30 10:22:06,3.54,616800,3.55,D
sz000592,平潭发展,2025-09-30 10:22:27,3.54,50700,3.54,D
sz000592,平潭发展,2025-09-30 10:22:30,3.54,237800,3.54,D
sz000592,平潭发展,2025-09-30 10:22:36,3.54,32000,3.55,D
sz000592,平潭发展,2025-09-30 10:23:03,3.54,111100,3.55,D
sz000592,平潭发展,2025-09-30 10:24:18,3.54,31000,3.54,D
sz000592,平潭发展,2025-09-30 10:24:30,3.54,23600,3.54,D
sz000592,平潭发展,2025-09-30 10:24:33,3.54,32600,3.54,D
sz000592,平潭发展,2025-09-30 10:25:00,3.54,27000,3.55,D
sz000592,平潭发展,2025-09-30 10:26:36,3.54,20100,3.54,D
sz000592,平潭发展,2025-09-30 10:26:57,3.53,381000,3.54,D
sz000592,平潭发展,2025-09-30 10:27:03,3.53,71700,3.53,D
sz000592,平潭发展,2025-09-30 10:27:09,3.53,169900,3.54,D
sz000592,平潭发展,2025-09-30 10:27:18,3.53,25200,3.53,D
sz000592,平潭发展,2025-09-30 10:27:54,3.53,33500,3.53,D
sz000592,平潭发展,2025-09-30 10:28:03,3.54,28400,3.54,U
sz000592,平潭发展,2025-09-30 10:28:21,3.53,28600,3.54,D
sz000592,平潭发展,2025-09-30 10:28:27,3.53,509400,3.54,D
sz000592,平潭发展,2025-09-30 10:28:36,3.54,112300,3.54,U
sz000592,平潭发展,2025-09-30 10:28:39,3.53,60600,3.54,D
sz000592,平潭发展,2025-09-30 10:28:42,3.53,25600,3.53,D
sz000592,平潭发展,2025-09-30 10:28:45,3.54,99100,3.53,U
sz000592,平潭发展,2025-09-30 10:28:48,3.54,53900,3.54,U
sz000592,平潭发展,2025-09-30 10:28:54,3.53,20400,3.53,D
sz000592,平潭发展,2025-09-30 10:29:09,3.53,32500,3.53,D
sz000592,平潭发展,2025-09-30 10:29:15,3.53,131000,3.53,D
sz000592,平潭发展,2025-09-30 10:29:18,3.53,41300,3.53,D
sz000592,平潭发展,2025-09-30 10:29:21,3.53,87900,3.53,D
sz000592,平潭发展,2025-09-30 10:29:24,3.53,31900,3.53,D
sz000592,平潭发展,2025-09-30 10:29:30,3.53,35900,3.53,D
sz000592,平潭发展,2025-09-30 10:29:39,3.53,33100,3.53,D
sz000592,平潭发展,2025-09-30 10:29:45,3.53,52600,3.53,D
sz000592,平潭发展,2025-09-30 10:29:48,3.53,92800,3.53,U
sz000592,平潭发展,2025-09-30 10:29:54,3.53,71600,3.53,D
sz000592,平潭发展,2025-09-30 10:29:57,3.53,101700,3.53,U
sz000592,平潭发展,2025-09-30 10:30:00,3.53,147500,3.53,U
sz000592,平潭发展,2025-09-30 10:30:27,3.53,30000,3.53,D
sz000592,平潭发展,2025-09-30 10:31:03,3.53,37900,3.53,D
sz000592,平潭发展,2025-09-30 10:32:12,3.54,24400,3.53,U
sz000592,平潭发展,2025-09-30 10:33:09,3.53,253600,3.54,D
sz000592,平潭发展,2025-09-30 10:33:36,3.53,30400,3.53,D
sz000592,平潭发展,2025-09-30 10:33:48,3.53,37000,3.54,D
sz000592,平潭发展,2025-09-30 10:34:21,3.54,20900,3.54,U
sz000592,平潭发展,2025-09-30 10:34:30,3.54,52100,3.54,U
sz000592,平潭发展,2025-09-30 10:34:51,3.53,36700,3.54,D
sz000592,平潭发展,2025-09-30 10:35:48,3.53,77400,3.54,D
sz000592,平潭发展,2025-09-30 10:35:54,3.54,92600,3.53,U
sz000592,平潭发展,2025-09-30 10:35:57,3.53,28000,3.54,D
sz000592,平潭发展,2025-09-30 10:36:03,3.53,34600,3.53,D
sz000592,平潭发展,2025-09-30 10:36:06,3.53,28000,3.53,D
sz000592,平潭发展,2025-09-30 10:36:09,3.53,553800,3.53,D
sz000592,平潭发展,2025-09-30 10:36:15,3.53,201800,3.53,U
sz000592,平潭发展,2025-09-30 10:36:18,3.52,29400,3.53,D
sz000592,平潭发展,2025-09-30 10:36:24,3.53,21900,3.52,U
sz000592,平潭发展,2025-09-30 10:36:27,3.53,33300,3.53,D
sz000592,平潭发展,2025-09-30 10:36:42,3.52,21200,3.53,D
sz000592,平潭发展,2025-09-30 10:36:54,3.52,50600,3.53,D
sz000592,平潭发展,2025-09-30 10:37:03,3.52,43700,3.53,D
sz000592,平潭发展,2025-09-30 10:37:12,3.53,32100,3.52,U
sz000592,平潭发展,2025-09-30 10:37:15,3.52,59400,3.53,D
sz000592,平潭发展,2025-09-30 10:38:00,3.53,79000,3.53,U
sz000592,平潭发展,2025-09-30 10:38:12,3.52,25200,3.53,D
sz000592,平潭发展,2025-09-30 10:38:39,3.52,41800,3.53,D
sz000592,平潭发展,2025-09-30 10:39:27,3.52,36000,3.52,D
sz000592,平潭发展,2025-09-30 10:39:45,3.52,22600,3.52,D
sz000592,平潭发展,2025-09-30 10:40:51,3.52,41900,3.52,D
sz000592,平潭发展,2025-09-30 10:41:00,3.52,134800,3.52,D
sz000592,平潭发展,2025-09-30 10:41:06,3.52,478100,3.53,D
sz000592,平潭发展,2025-09-30 10:41:09,3.52,135600,3.52,D
sz000592,平潭发展,2025-09-30 10:41:12,3.52,56200,3.52,U
sz000592,平潭发展,2025-09-30 10:41:21,3.52,34100,3.53,D
sz000592,平潭发展,2025-09-30 10:41:36,3.52,27700,3.53,D
sz000592,平潭发展,2025-09-30 10:41:51,3.53,66900,3.52,U
sz000592,平潭发展,2025-09-30 10:41:57,3.52,42700,3.52,D
sz000592,平潭发展,2025-09-30 10:42:24,3.52,25900,3.53,D
sz000592,平潭发展,2025-09-30 10:42:36,3.53,32400,3.52,U
sz000592,平潭发展,2025-09-30 10:43:06,3.52,24900,3.52,D
sz000592,平潭发展,2025-09-30 10:44:21,3.53,33300,3.53,U
sz000592,平潭发展,2025-09-30 10:44:24,3.53,21300,3.53,U
sz000592,平潭发展,2025-09-30 10:44:33,3.52,20600,3.52,D
sz000592,平潭发展,2025-09-30 10:45:36,3.52,22600,3.53,D
sz000592,平潭发展,2025-09-30 10:46:12,3.52,26500,3.53,D
sz000592,平潭发展,2025-09-30 10:46:33,3.52,39200,3.53,D
sz000592,平潭发展,2025-09-30 10:47:03,3.52,32000,3.53,D
sz000592,平潭发展,2025-09-30 10:47:33,3.52,20200,3.52,D
sz000592,平潭发展,2025-09-30 10:48:54,3.52,610400,3.52,D
sz000592,平潭发展,2025-09-30 10:49:06,3.52,47400,3.52,D
sz000592,平潭发展,2025-09-30 10:49:09,3.52,134500,3.52,U
sz000592,平潭发展,2025-09-30 10:49:51,3.51,31800,3.51,D
sz000592,平潭发展,2025-09-30 10:49:54,3.51,20000,3.51,D
sz000592,平潭发展,2025-09-30 10:50:03,3.51,35200,3.51,D
sz000592,平潭发展,2025-09-30 10:50:09,3.51,34900,3.51,D
sz000592,平潭发展,2025-09-30 10:50:24,3.51,20600,3.52,D
sz000592,平潭发展,2025-09-30 10:50:27,3.51,35000,3.51,D
sz000592,平潭发展,2025-09-30 10:50:33,3.51,522900,3.51,D
sz000592,平潭发展,2025-09-30 10:50:42,3.51,46800,3.51,D
sz000592,平潭发展,2025-09-30 10:50:48,3.51,30700,3.51,D
sz000592,平潭发展,2025-09-30 10:50:51,3.51,23400,3.51,D
sz000592,平潭发展,2025-09-30 10:50:54,3.51,33600,3.51,D
sz000592,平潭发展,2025-09-30 10:51:00,3.52,31900,3.51,U
sz000592,平潭发展,2025-09-30 10:51:03,3.51,54000,3.52,D
sz000592,平潭发展,2025-09-30 10:51:06,3.51,34500,3.51,D
sz000592,平潭发展,2025-09-30 10:51:39,3.52,782203,3.52,U
sz000592,平潭发展,2025-09-30 10:51:42,3.52,134100,3.52,U
sz000592,平潭发展,2025-09-30 10:52:03,3.52,34600,3.52,D
sz000592,平潭发展,2025-09-30 10:53:18,3.52,22400,3.52,D
sz000592,平潭发展,2025-09-30 10:53:21,3.52,111900,3.52,D
sz000592,平潭发展,2025-09-30 10:53:54,3.53,135900,3.52,U
sz000592,平潭发展,2025-09-30 10:55:12,3.52,50400,3.52,U
sz000592,平潭发展,2025-09-30 10:55:15,3.51,21500,3.52,D
sz000592,平潭发展,2025-09-30 10:55:21,3.52,40200,3.52,U
sz000592,平潭发展,2025-09-30 10:55:24,3.52,21900,3.52,U
sz000592,平潭发展,2025-09-30 10:55:39,3.52,54400,3.52,U
sz000592,平潭发展,2025-09-30 10:55:57,3.52,28300,3.52,U
sz000592,平潭发展,2025-09-30 10:56:03,3.51,25000,3.51,D
sz000592,平潭发展,2025-09-30 10:56:30,3.51,34900,3.52,D
sz000592,平潭发展,2025-09-30 10:58:06,3.52,20000,3.53,D
sz000592,平潭发展,2025-09-30 10:59:00,3.52,107000,3.53,D
sz000592,平潭发展,2025-09-30 10:59:09,3.52,53200,3.52,D
sz000592,平潭发展,2025-09-30 11:00:18,3.51,32700,3.52,D
sz000592,平潭发展,2025-09-30 11:01:18,3.52,32300,3.52,U
sz000592,平潭发展,2025-09-30 11:02:12,3.51,21500,3.51,D
sz000592,平潭发展,2025-09-30 11:02:48,3.51,55100,3.51,D
sz000592,平潭发展,2025-09-30 11:03:54,3.52,75800,3.52,U
sz000592,平潭发展,2025-09-30 11:04:21,3.51,80900,3.51,D
sz000592,平潭发展,2025-09-30 11:04:27,3.51,52300,3.51,D
sz000592,平潭发展,2025-09-30 11:04:45,3.51,26000,3.52,D
sz000592,平潭发展,2025-09-30 11:06:27,3.51,31600,3.52,D
sz000592,平潭发展,2025-09-30 11:06:33,3.51,24000,3.52,D
sz000592,平潭发展,2025-09-30 11:06:51,3.51,24200,3.51,D
sz000592,平潭发展,2025-09-30 11:06:54,3.52,22600,3.51,U
sz000592,平潭发展,2025-09-30 11:06:57,3.52,29500,3.52,U
sz000592,平潭发展,2025-09-30 11:07:12,3.51,68600,3.51,D
sz000592,平潭发展,2025-09-30 11:09:27,3.51,24700,3.51,D
sz000592,平潭发展,2025-09-30 11:09:57,3.51,21900,3.51,D
sz000592,平潭发展,2025-09-30 11:11:27,3.51,56800,3.52,D
sz000592,平潭发展,2025-09-30 11:11:51,3.51,38000,3.51,D
sz000592,平潭发展,2025-09-30 11:12:57,3.51,35900,3.51,D
sz000592,平潭发展,2025-09-30 11:13:09,3.51,26600,3.51,D
sz000592,平潭发展,2025-09-30 11:14:24,3.52,73000,3.51,U
sz000592,平潭发展,2025-09-30 11:14:33,3.52,85000,3.51,U
sz000592,平潭发展,2025-09-30 11:14:39,3.52,42600,3.52,U
sz000592,平潭发展,2025-09-30 11:15:00,3.51,36900,3.52,D
sz000592,平潭发展,2025-09-30 11:15:18,3.51,1443600,3.52,D
sz000592,平潭发展,2025-09-30 11:15:27,3.51,95700,3.51,U
sz000592,平潭发展,2025-09-30 11:16:03,3.51,102100,3.5,U
sz000592,平潭发展,2025-09-30 11:16:06,3.5,68800,3.51,D
sz000592,平潭发展,2025-09-30 11:16:24,3.5,22900,3.51,D
sz000592,平潭发展,2025-09-30 11:17:39,3.5,21700,3.5,D
sz000592,平潭发展,2025-09-30 11:17:42,3.51,43400,3.5,U
sz000592,平潭发展,2025-09-30 11:18:12,3.5,26500,3.5,D
sz000592,平潭发展,2025-09-30 11:18:57,3.51,21600,3.5,U
sz000592,平潭发展,2025-09-30 11:20:42,3.51,570400,3.5,U
sz000592,平潭发展,2025-09-30 11:20:45,3.51,55100,3.51,D
sz000592,平潭发展,2025-09-30 11:20:48,3.51,66400,3.51,D
sz000592,平潭发展,2025-09-30 11:21:15,3.52,29800,3.52,U
sz000592,平潭发展,2025-09-30 11:21:42,3.52,28400,3.52,U
sz000592,平潭发展,2025-09-30 11:22:09,3.52,28400,3.51,U
sz000592,平潭发展,2025-09-30 11:22:36,3.52,28400,3.51,U
sz000592,平潭发展,2025-09-30 11:23:03,3.51,34300,3.52,D
sz000592,平潭发展,2025-09-30 11:23:09,3.51,35000,3.51,D
sz000592,平潭发展,2025-09-30 11:23:30,3.52,40100,3.52,U
sz000592,平潭发展,2025-09-30 11:23:57,3.52,29200,3.51,U
sz000592,平潭发展,2025-09-30 11:24:24,3.52,29000,3.52,U
sz000592,平潭发展,2025-09-30 11:24:30,3.52,72000,3.52,U
sz000592,平潭发展,2025-09-30 11:24:33,3.51,27100,3.52,D
sz000592,平潭发展,2025-09-30 11:24:39,3.52,61200,3.52,U
sz000592,平潭发展,2025-09-30 11:24:42,3.51,25600,3.52,D
sz000592,平潭发展,2025-09-30 11:24:48,3.52,50800,3.52,U
sz000592,平潭发展,2025-09-30 11:24:51,3.52,131000,3.52,U
sz000592,平潭发展,2025-09-30 11:25:06,3.53,27400,3.52,U
sz000592,平潭发展,2025-09-30 11:26:39,3.52,140000,3.52,D
sz000592,平潭发展,2025-09-30 11:30:00,3.53,50500,3.53,U
sz000592,平潭发展,2025-09-30 13:00:00,3.53,356500,3.53,U
sz000592,平潭发展,2025-09-30 13:00:03,3.54,286700,3.53,U
sz000592,平潭发展,2025-09-30 13:00:27,3.53,107000,3.53,D
sz000592,平潭发展,2025-09-30 13:00:33,3.53,25600,3.53,D
sz000592,平潭发展,2025-09-30 13:00:39,3.53,38000,3.54,D
sz000592,平潭发展,2025-09-30 13:00:42,3.53,52000,3.53,D
sz000592,平潭发展,2025-09-30 13:00:54,3.53,63100,3.53,D
sz000592,平潭发展,2025-09-30 13:01:00,3.53,51900,3.54,D
sz000592,平潭发展,2025-09-30 13:01:03,3.54,23600,3.53,U
sz000592,平潭发展,2025-09-30 13:01:12,3.54,33500,3.53,U
sz000592,平潭发展,2025-09-30 13:01:30,3.53,39200,3.53,D
sz000592,平潭发展,2025-09-30 13:01:33,3.54,101300,3.53,U
sz000592,平潭发展,2025-09-30 13:01:42,3.53,24800,3.53,D
sz000592,平潭发展,2025-09-30 13:01:48,3.53,39400,3.53,D
sz000592,平潭发展,2025-09-30 13:02:18,3.54,80600,3.54,U
sz000592,平潭发展,2025-09-30 13:03:39,3.54,23000,3.54,U
sz000592,平潭发展,2025-09-30 13:04:21,3.54,588800,3.54,U
sz000592,平潭发展,2025-09-30 13:04:33,3.54,24500,3.54,D
sz000592,平潭发展,2025-09-30 13:04:39,3.55,50200,3.55,U
sz000592,平潭发展,2025-09-30 13:04:45,3.54,20000,3.55,D
sz000592,平潭发展,2025-09-30 13:04:48,3.54,40300,3.54,U
sz000592,平潭发展,2025-09-30 13:05:06,3.54,91000,3.54,U
sz000592,平潭发展,2025-09-30 13:05:18,3.54,61600,3.54,U
sz000592,平潭发展,2025-09-30 13:06:39,3.53,22400,3.54,D
sz000592,平潭发展,2025-09-30 13:07:15,3.53,32000,3.53,D
sz000592,平潭发展,2025-09-30 13:09:24,3.54,87800,3.54,U
sz000592,平潭发展,2025-09-30 13:09:27,3.54,59900,3.54,U
sz000592,平潭发展,2025-09-30 13:09:30,3.54,40600,3.54,U
sz000592,平潭发展,2025-09-30 13:09:33,3.54,31300,3.54,U
sz000592,平潭发展,2025-09-30 13:09:36,3.54,441400,3.54,U
sz000592,平潭发展,2025-09-30 13:09:51,3.54,24600,3.55,D
sz000592,平潭发展,2025-09-30 13:10:15,3.54,231900,3.54,D
sz000592,平潭发展,2025-09-30 13:10:18,3.54,186500,3.54,U
sz000592,平潭发展,2025-09-30 13:10:30,3.54,20700,3.54,U
sz000592,平潭发展,2025-09-30 13:10:33,3.54,31000,3.54,U
sz000592,平潭发展,2025-09-30 13:10:42,3.54,90000,3.53,U
sz000592,平潭发展,2025-09-30 13:11:06,3.54,70200,3.54,U
sz000592,平潭发展,2025-09-30 13:11:21,3.54,21700,3.54,U
sz000592,平潭发展,2025-09-30 13:12:06,3.54,41600,3.53,U
sz000592,平潭发展,2025-09-30 13:13:42,3.54,62700,3.54,U
sz000592,平潭发展,2025-09-30 13:14:48,3.54,48800,3.53,U
sz000592,平潭发展,2025-09-30 13:15:03,3.54,21700,3.54,U
sz000592,平潭发展,2025-09-30 13:16:54,3.54,94600,3.54,U
sz000592,平潭发展,2025-09-30 13:18:57,3.54,23600,3.53,U
sz000592,平潭发展,2025-09-30 13:19:03,3.54,20600,3.54,U
sz000592,平潭发展,2025-09-30 13:20:30,3.54,60900,3.54,U
sz000592,平潭发展,2025-09-30 13:20:33,3.54,25600,3.54,U
sz000592,平潭发展,2025-09-30 13:20:57,3.53,20800,3.53,D
sz000592,平潭发展,2025-09-30 13:21:03,3.53,77200,3.53,D
sz000592,平潭发展,2025-09-30 13:21:27,3.54,25900,3.53,U
sz000592,平潭发展,2025-09-30 13:21:30,3.54,60000,3.54,U
sz000592,平潭发展,2025-09-30 13:21:51,3.54,37900,3.54,U
sz000592,平潭发展,2025-09-30 13:22:03,3.56,2408600,3.53,U
sz000592,平潭发展,2025-09-30 13:22:06,3.56,30400,3.56,U
sz000592,平潭发展,2025-09-30 13:22:30,3.56,411100,3.56,U
sz000592,平潭发展,2025-09-30 13:22:45,3.55,162200,3.56,D
sz000592,平潭发展,2025-09-30 13:22:48,3.55,22600,3.55,E
sz000592,平潭发展,2025-09-30 13:22:51,3.56,83200,3.55,U
sz000592,平潭发展,2025-09-30 13:22:57,3.55,70400,3.55,D
sz000592,平潭发展,2025-09-30 13:23:00,3.56,27900,3.55,U
sz000592,平潭发展,2025-09-30 13:23:09,3.56,36900,3.55,U
sz000592,平潭发展,2025-09-30 13:23:21,3.56,21700,3.55,U
sz000592,平潭发展,2025-09-30 13:23:48,3.55,429300,3.56,D
sz000592,平潭发展,2025-09-30 13:24:06,3.55,307900,3.55,U
sz000592,平潭发展,2025-09-30 13:24:15,3.54,483600,3.55,D
sz000592,平潭发展,2025-09-30 13:24:27,3.55,23600,3.55,U
sz000592,平潭发展,2025-09-30 13:24:39,3.55,87200,3.55,U
sz000592,平潭发展,2025-09-30 13:25:03,3.55,155000,3.55,U
sz000592,平潭发展,2025-09-30 13:25:15,3.55,70700,3.54,U
sz000592,平潭发展,2025-09-30 13:25:33,3.55,37400,3.55,U
sz000592,平潭发展,2025-09-30 13:26:33,3.55,69100,3.55,U
sz000592,平潭发展,2025-09-30 13:27:21,3.55,36800,3.54,U
sz000592,平潭发展,2025-09-30 13:28:30,3.55,113000,3.55,U
sz000592,平潭发展,2025-09-30 13:28:42,3.55,25600,3.55,U
sz000592,平潭发展,2025-09-30 13:29:06,3.55,48300,3.55,U
sz000592,平潭发展,2025-09-30 13:29:36,3.54,84300,3.55,D
sz000592,平潭发展,2025-09-30 13:30:09,3.54,58600,3.55,D
sz000592,平潭发展,2025-09-30 13:30:27,3.54,66400,3.55,D
sz000592,平潭发展,2025-09-30 13:30:33,3.53,316900,3.54,D
sz000592,平潭发展,2025-09-30 13:32:03,3.53,30000,3.54,D
sz000592,平潭发展,2025-09-30 13:33:09,3.54,57700,3.54,U
sz000592,平潭发展,2025-09-30 13:33:12,3.53,25100,3.54,D
sz000592,平潭发展,2025-09-30 13:33:18,3.53,38100,3.53,D
sz000592,平潭发展,2025-09-30 13:34:21,3.54,20000,3.53,U
sz000592,平潭发展,2025-09-30 13:34:33,3.53,55800,3.53,D
sz000592,平潭发展,2025-09-30 13:35:06,3.54,25200,3.53,U
sz000592,平潭发展,2025-09-30 13:35:24,3.54,91100,3.53,U
sz000592,平潭发展,2025-09-30 13:35:33,3.54,59200,3.53,U
sz000592,平潭发展,2025-09-30 13:36:00,3.54,43000,3.54,U
sz000592,平潭发展,2025-09-30 13:36:03,3.54,306700,3.54,U
sz000592,平潭发展,2025-09-30 13:38:36,3.55,65100,3.55,U
sz000592,平潭发展,2025-09-30 13:38:42,3.55,35000,3.55,U
sz000592,平潭发展,2025-09-30 13:38:48,3.54,653900,3.55,D
sz000592,平潭发展,2025-09-30 13:38:57,3.53,103700,3.54,D
sz000592,平潭发展,2025-09-30 13:39:03,3.53,39800,3.53,D
sz000592,平潭发展,2025-09-30 13:39:06,3.54,33900,3.53,U
sz000592,平潭发展,2025-09-30 13:39:12,3.54,31800,3.54,D
sz000592,平潭发展,2025-09-30 13:40:48,3.54,92800,3.54,U
sz000592,平潭发展,2025-09-30 13:42:06,3.54,25300,3.53,U
sz000592,平潭发展,2025-09-30 13:42:57,3.54,55500,3.53,U
sz000592,平潭发展,2025-09-30 13:43:06,3.54,21300,3.54,D
sz000592,平潭发展,2025-09-30 13:45:00,3.55,20600,3.54,U
sz000592,平潭发展,2025-09-30 13:45:12,3.56,1396900,3.54,U
sz000592,平潭发展,2025-09-30 13:45:15,3.56,26300,3.56,U
sz000592,平潭发展,2025-09-30 13:45:21,3.55,24500,3.55,D
sz000592,平潭发展,2025-09-30 13:45:57,3.56,74900,3.56,U
sz000592,平潭发展,2025-09-30 13:46:15,3.55,20000,3.55,D
sz000592,平潭发展,2025-09-30 13:46:24,3.56,263700,3.56,U
sz000592,平潭发展,2025-09-30 13:46:27,3.56,27500,3.56,U
sz000592,平潭发展,2025-09-30 13:46:33,3.56,126500,3.56,U
sz000592,平潭发展,2025-09-30 13:47:27,3.56,52000,3.56,U
sz000592,平潭发展,2025-09-30 13:47:45,3.56,51600,3.56,U
sz000592,平潭发展,2025-09-30 13:48:00,3.55,186000,3.56,D
sz000592,平潭发展,2025-09-30 13:48:42,3.56,33700,3.56,U
sz000592,平潭发展,2025-09-30 13:49:30,3.56,20100,3.56,U
sz000592,平潭发展,2025-09-30 13:49:45,3.55,148100,3.56,D
sz000592,平潭发展,2025-09-30 13:49:54,3.55,40000,3.56,D
sz000592,平潭发展,2025-09-30 13:49:57,3.56,62400,3.55,U
sz000592,平潭发展,2025-09-30 13:50:06,3.56,67300,3.56,U
sz000592,平潭发展,2025-09-30 13:50:36,3.55,21700,3.55,D
sz000592,平潭发展,2025-09-30 13:50:48,3.56,57400,3.55,U
sz000592,平潭发展,2025-09-30 13:51:33,3.56,34800,3.56,U
sz000592,平潭发展,2025-09-30 13:51:54,3.55,518900,3.55,D
sz000592,平潭发展,2025-09-30 13:52:06,3.55,566000,3.55,D
sz000592,平潭发展,2025-09-30 13:52:18,3.55,68600,3.55,U
sz000592,平潭发展,2025-09-30 13:52:21,3.55,268700,3.55,U
sz000592,平潭发展,2025-09-30 13:52:42,3.55,46000,3.55,D
sz000592,平潭发展,2025-09-30 13:52:51,3.55,50300,3.55,D
sz000592,平潭发展,2025-09-30 13:52:54,3.56,226700,3.55,U
sz000592,平潭发展,2025-09-30 13:53:36,3.55,29500,3.55,D
sz000592,平潭发展,2025-09-30 13:54:09,3.55,59300,3.56,D
sz000592,平潭发展,2025-09-30 13:54:30,3.55,49200,3.55,U
sz000592,平潭发展,2025-09-30 13:54:45,3.56,20000,3.56,U
sz000592,平潭发展,2025-09-30 13:55:00,3.55,30600,3.55,D
sz000592,平潭发展,2025-09-30 13:55:42,3.55,27700,3.55,U
sz000592,平潭发展,2025-09-30 13:55:54,3.56,61400,3.55,U
sz000592,平潭发展,2025-09-30 13:56:00,3.55,31700,3.55,D
sz000592,平潭发展,2025-09-30 13:56:15,3.55,62800,3.56,D
sz000592,平潭发展,2025-09-30 13:57:18,3.55,39900,3.55,D
sz000592,平潭发展,2025-09-30 13:57:21,3.55,221000,3.55,D
sz000592,平潭发展,2025-09-30 13:57:33,3.55,104600,3.55,D
sz000592,平潭发展,2025-09-30 13:57:48,3.56,24900,3.56,U
sz000592,平潭发展,2025-09-30 13:57:54,3.56,37300,3.56,U
sz000592,平潭发展,2025-09-30 13:58:45,3.55,110100,3.56,D
sz000592,平潭发展,2025-09-30 13:58:51,3.56,43600,3.55,U
sz000592,平潭发展,2025-09-30 13:59:00,3.55,28000,3.55,D
sz000592,平潭发展,2025-09-30 14:00:30,3.55,47200,3.55,D
sz000592,平潭发展,2025-09-30 14:01:24,3.55,22300,3.55,U
sz000592,平潭发展,2025-09-30 14:03:03,3.55,20600,3.55,U
sz000592,平潭发展,2025-09-30 14:03:21,3.54,55100,3.55,D
sz000592,平潭发展,2025-09-30 14:04:03,3.55,24900,3.54,U
sz000592,平潭发展,2025-09-30 14:05:30,3.55,41100,3.54,U
sz000592,平潭发展,2025-09-30 14:06:33,3.54,25500,3.54,D
sz000592,平潭发展,2025-09-30 14:08:03,3.55,24100,3.55,U
sz000592,平潭发展,2025-09-30 14:09:54,3.55,26000,3.55,U
sz000592,平潭发展,2025-09-30 14:10:42,3.55,31200,3.55,U
sz000592,平潭发展,2025-09-30 14:10:57,3.55,20700,3.55,U
sz000592,平潭发展,2025-09-30 14:11:30,3.54,451600,3.54,D
sz000592,平潭发展,2025-09-30 14:11:36,3.55,33400,3.54,U
sz000592,平潭发展,2025-09-30 14:12:03,3.54,108000,3.55,D
sz000592,平潭发展,2025-09-30 14:13:03,3.55,85800,3.54,U
sz000592,平潭发展,2025-09-30 14:13:51,3.54,34600,3.54,D
sz000592,平潭发展,2025-09-30 14:13:54,3.54,20300,3.54,D
sz000592,平潭发展,2025-09-30 14:14:03,3.55,97400,3.54,U
sz000592,平潭发展,2025-09-30 14:14:09,3.55,93000,3.55,U
sz000592,平潭发展,2025-09-30 14:14:12,3.55,639900,3.55,U
sz000592,平潭发展,2025-09-30 14:14:15,3.55,128419,3.55,U
sz000592,平潭发展,2025-09-30 14:14:18,3.55,32000,3.55,D
sz000592,平潭发展,2025-09-30 14:14:21,3.55,21900,3.55,D
sz000592,平潭发展,2025-09-30 14:15:06,3.55,56700,3.55,U
sz000592,平潭发展,2025-09-30 14:17:00,3.54,85500,3.55,D
sz000592,平潭发展,2025-09-30 14:17:57,3.55,30000,3.54,U
sz000592,平潭发展,2025-09-30 14:18:06,3.54,38300,3.54,D
sz000592,平潭发展,2025-09-30 14:18:42,3.54,81000,3.55,D
sz000592,平潭发展,2025-09-30 14:19:54,3.54,298700,3.55,D
sz000592,平潭发展,2025-09-30 14:20:03,3.54,37600,3.55,D
sz000592,平潭发展,2025-09-30 14:20:24,3.54,20000,3.54,D
sz000592,平潭发展,2025-09-30 14:21:09,3.55,46400,3.54,U
sz000592,平潭发展,2025-09-30 14:21:24,3.55,69700,3.54,U
sz000592,平潭发展,2025-09-30 14:22:03,3.55,54300,3.55,U
sz000592,平潭发展,2025-09-30 14:22:18,3.54,107600,3.55,D
sz000592,平潭发展,2025-09-30 14:22:39,3.54,330400,3.55,D
sz000592,平潭发展,2025-09-30 14:22:54,3.55,130300,3.54,U
sz000592,平潭发展,2025-09-30 14:24:03,3.55,56100,3.54,U
sz000592,平潭发展,2025-09-30 14:24:18,3.54,110000,3.55,D
sz000592,平潭发展,2025-09-30 14:25:03,3.55,31200,3.54,U
sz000592,平潭发展,2025-09-30 14:25:09,3.54,25700,3.54,D
sz000592,平潭发展,2025-09-30 14:26:03,3.55,36200,3.54,U
sz000592,平潭发展,2025-09-30 14:26:09,3.54,74900,3.55,D
sz000592,平潭发展,2025-09-30 14:26:45,3.54,63100,3.55,D
sz000592,平潭发展,2025-09-30 14:26:51,3.55,30200,3.55,U
sz000592,平潭发展,2025-09-30 14:27:03,3.55,167400,3.54,U
sz000592,平潭发展,2025-09-30 14:27:36,3.54,23800,3.55,D
sz000592,平潭发展,2025-09-30 14:27:57,3.55,40800,3.54,U
sz000592,平潭发展,2025-09-30 14:28:27,3.55,207600,3.54,U
sz000592,平潭发展,2025-09-30 14:29:21,3.54,540100,3.54,D
sz000592,平潭发展,2025-09-30 14:29:24,3.54,23700,3.54,D
sz000592,平潭发展,2025-09-30 14:30:03,3.54,41600,3.55,D
sz000592,平潭发展,2025-09-30 14:30:18,3.55,101800,3.55,U
sz000592,平潭发展,2025-09-30 14:30:27,3.54,200800,3.54,D
sz000592,平潭发展,2025-09-30 14:30:30,3.54,31082,3.54,D
sz000592,平潭发展,2025-09-30 14:30:33,3.54,105200,3.54,U
sz000592,平潭发展,2025-09-30 14:31:00,3.54,23200,3.54,U
sz000592,平潭发展,2025-09-30 14:31:03,3.54,117300,3.54,U
sz000592,平潭发展,2025-09-30 14:31:09,3.54,38900,3.54,U
sz000592,平潭发展,2025-09-30 14:31:42,3.54,32000,3.53,U
sz000592,平潭发展,2025-09-30 14:31:45,3.54,63700,3.54,U
sz000592,平潭发展,2025-09-30 14:32:39,3.54,50000,3.53,U
sz000592,平潭发展,2025-09-30 14:32:48,3.54,29800,3.53,U
sz000592,平潭发展,2025-09-30 14:34:09,3.53,20000,3.54,D
sz000592,平潭发展,2025-09-30 14:34:24,3.53,82400,3.53,D
sz000592,平潭发展,2025-09-30 14:35:03,3.54,156700,3.53,U
sz000592,平潭发展,2025-09-30 14:35:48,3.53,29700,3.54,D
sz000592,平潭发展,2025-09-30 14:37:30,3.54,84200,3.53,U
sz000592,平潭发展,2025-09-30 14:38:15,3.54,422700,3.54,U
sz000592,平潭发展,2025-09-30 14:38:18,3.54,464818,3.54,U
sz000592,平潭发展,2025-09-30 14:38:51,3.54,118500,3.55,D
sz000592,平潭发展,2025-09-30 14:39:03,3.55,33700,3.54,U
sz000592,平潭发展,2025-09-30 14:40:45,3.54,22200,3.54,D
sz000592,平潭发展,2025-09-30 14:40:51,3.54,43300,3.54,D
sz000592,平潭发展,2025-09-30 14:41:36,3.54,82900,3.55,D
sz000592,平潭发展,2025-09-30 14:41:51,3.54,165200,3.54,D
sz000592,平潭发展,2025-09-30 14:42:12,3.55,145200,3.54,U
sz000592,平潭发展,2025-09-30 14:42:24,3.54,36200,3.55,D
sz000592,平潭发展,2025-09-30 14:43:06,3.54,38500,3.54,D
sz000592,平潭发展,2025-09-30 14:43:24,3.54,27600,3.54,D
sz000592,平潭发展,2025-09-30 14:43:54,3.54,42900,3.54,D
sz000592,平潭发展,2025-09-30 14:44:33,3.54,44000,3.55,D
sz000592,平潭发展,2025-09-30 14:44:39,3.55,46200,3.54,U
sz000592,平潭发展,2025-09-30 14:44:48,3.55,140800,3.54,U
sz000592,平潭发展,2025-09-30 14:45:06,3.54,229400,3.54,D
sz000592,平潭发展,2025-09-30 14:45:12,3.55,53500,3.55,U
sz000592,平潭发展,2025-09-30 14:45:15,3.55,35200,3.55,U
sz000592,平潭发展,2025-09-30 14:45:18,3.55,45000,3.55,U
sz000592,平潭发展,2025-09-30 14:45:39,3.54,333000,3.54,D
sz000592,平潭发展,2025-09-30 14:46:06,3.55,63900,3.55,U
sz000592,平潭发展,2025-09-30 14:46:18,3.55,38700,3.54,U
sz000592,平潭发展,2025-09-30 14:46:30,3.54,51800,3.54,D
sz000592,平潭发展,2025-09-30 14:46:36,3.55,90300,3.55,U
sz000592,平潭发展,2025-09-30 14:46:45,3.54,117200,3.55,D
sz000592,平潭发展,2025-09-30 14:47:03,3.55,43000,3.55,U
sz000592,平潭发展,2025-09-30 14:47:09,3.54,26500,3.54,D
sz000592,平潭发展,2025-09-30 14:47:12,3.55,30800,3.54,U
sz000592,平潭发展,2025-09-30 14:47:15,3.55,148100,3.55,U
sz000592,平潭发展,2025-09-30 14:47:18,3.55,233500,3.55,U
sz000592,平潭发展,2025-09-30 14:47:39,3.54,20500,3.55,D
sz000592,平潭发展,2025-09-30 14:47:42,3.54,26000,3.54,D
sz000592,平潭发展,2025-09-30 14:48:00,3.55,120700,3.55,U
sz000592,平潭发展,2025-09-30 14:48:03,3.55,21100,3.55,U
sz000592,平潭发展,2025-09-30 14:48:09,3.54,23100,3.54,D
sz000592,平潭发展,2025-09-30 14:48:36,3.55,31000,3.55,U
sz000592,平潭发展,2025-09-30 14:49:54,3.54,42400,3.54,D
sz000592,平潭发展,2025-09-30 14:49:57,3.55,30600,3.54,U
sz000592,平潭发展,2025-09-30 14:50:12,3.55,43800,3.55,U
sz000592,平潭发展,2025-09-30 14:50:18,3.55,124500,3.54,U
sz000592,平潭发展,2025-09-30 14:50:21,3.55,25800,3.55,U
sz000592,平潭发展,2025-09-30 14:50:24,3.55,46500,3.55,U
sz000592,平潭发展,2025-09-30 14:50:27,3.55,20300,3.55,U
sz000592,平潭发展,2025-09-30 14:50:30,3.55,70200,3.55,U
sz000592,平潭发展,2025-09-30 14:50:33,3.55,25800,3.55,U
sz000592,平潭发展,2025-09-30 14:50:39,3.55,45700,3.55,U
sz000592,平潭发展,2025-09-30 14:50:42,3.55,21100,3.55,U
sz000592,平潭发展,2025-09-30 14:50:48,3.54,59900,3.54,D
sz000592,平潭发展,2025-09-30 14:51:00,3.54,42300,3.55,D
sz000592,平潭发展,2025-09-30 14:51:03,3.54,80900,3.54,D
sz000592,平潭发展,2025-09-30 14:51:06,3.55,114400,3.54,U
sz000592,平潭发展,2025-09-30 14:51:09,3.54,35700,3.55,D
sz000592,平潭发展,2025-09-30 14:51:33,3.55,256500,3.55,U
sz000592,平潭发展,2025-09-30 14:51:36,3.55,29800,3.55,U
sz000592,平潭发展,2025-09-30 14:51:42,3.55,43100,3.55,U
sz000592,平潭发展,2025-09-30 14:51:51,3.55,42000,3.55,U
sz000592,平潭发展,2025-09-30 14:52:00,3.54,32900,3.54,D
sz000592,平潭发展,2025-09-30 14:52:06,3.54,33900,3.54,D
sz000592,平潭发展,2025-09-30 14:52:12,3.55,70800,3.55,U
sz000592,平潭发展,2025-09-30 14:52:18,3.54,33300,3.55,D
sz000592,平潭发展,2025-09-30 14:52:24,3.55,44400,3.55,U
sz000592,平潭发展,2025-09-30 14:52:39,3.54,57600,3.55,D
sz000592,平潭发展,2025-09-30 14:52:42,3.55,28400,3.54,U
sz000592,平潭发展,2025-09-30 14:52:45,3.55,30300,3.55,U
sz000592,平潭发展,2025-09-30 14:52:51,3.55,59800,3.55,U
sz000592,平潭发展,2025-09-30 14:53:12,3.55,48800,3.54,U
sz000592,平潭发展,2025-09-30 14:53:24,3.54,53900,3.54,D
sz000592,平潭发展,2025-09-30 14:53:27,3.55,108200,3.54,U
sz000592,平潭发展,2025-09-30 14:53:30,3.55,47300,3.55,U
sz000592,平潭发展,2025-09-30 14:53:39,3.54,26900,3.54,D
sz000592,平潭发展,2025-09-30 14:53:42,3.55,138800,3.54,U
sz000592,平潭发展,2025-09-30 14:54:03,3.54,28300,3.55,D
sz000592,平潭发展,2025-09-30 14:54:06,3.54,42200,3.54,D
sz000592,平潭发展,2025-09-30 14:54:12,3.55,28400,3.54,U
sz000592,平潭发展,2025-09-30 14:54:15,3.55,50700,3.55,U
sz000592,平潭发展,2025-09-30 14:54:24,3.55,30800,3.55,U
sz000592,平潭发展,2025-09-30 14:54:27,3.54,95800,3.55,D
sz000592,平潭发展,2025-09-30 14:54:33,3.55,27800,3.55,U
sz000592,平潭发展,2025-09-30 14:54:36,3.55,170100,3.55,U
sz000592,平潭发展,2025-09-30 14:54:54,3.55,23600,3.55,U
sz000592,平潭发展,2025-09-30 14:54:57,3.55,42900,3.55,U
sz000592,平潭发展,2025-09-30 14:55:00,3.55,102100,3.55,U
sz000592,平潭发展,2025-09-30 14:55:03,3.54,107600,3.55,D
sz000592,平潭发展,2025-09-30 14:55:06,3.55,27700,3.54,U
sz000592,平潭发展,2025-09-30 14:55:09,3.55,21700,3.55,U
sz000592,平潭发展,2025-09-30 14:55:12,3.54,70300,3.55,D
sz000592,平潭发展,2025-09-30 14:55:21,3.54,23200,3.54,D
sz000592,平潭发展,2025-09-30 14:55:33,3.54,1537378,3.54,D
sz000592,平潭发展,2025-09-30 14:55:39,3.53,34200,3.54,D
sz000592,平潭发展,2025-09-30 14:55:42,3.54,45200,3.53,U
sz000592,平潭发展,2025-09-30 14:55:54,3.54,146300,3.54,U
sz000592,平潭发展,2025-09-30 14:55:57,3.53,140600,3.54,D
sz000592,平潭发展,2025-09-30 14:56:00,3.54,324100,3.53,U
sz000592,平潭发展,2025-09-30 14:56:03,3.53,109500,3.54,D
sz000592,平潭发展,2025-09-30 14:56:06,3.54,156400,3.53,U
sz000592,平潭发展,2025-09-30 14:56:12,3.53,24500,3.54,D
sz000592,平潭发展,2025-09-30 14:56:21,3.53,68800,3.54,D
sz000592,平潭发展,2025-09-30 14:56:33,3.54,41300,3.53,U
sz000592,平潭发展,2025-09-30 14:56:36,3.53,22800,3.54,D
sz000592,平潭发展,2025-09-30 14:56:39,3.54,66300,3.53,U
sz000592,平潭发展,2025-09-30 14:56:42,3.53,152600,3.54,D
sz000592,平潭发展,2025-09-30 14:57:00,3.54,29900,3.54,U
sz000592,平潭发展,2025-09-30 15:00:00,3.55,1854700,3.54,E
