symbol,name,ticktime,price,volume,prev_price,kind
sz000592,平潭发展,2025-10-20 09:25:00,3.83,16354800,0.0,D
sz000592,平潭发展,2025-10-20 09:30:00,3.89,8131700,3.83,U
sz000592,平潭发展,2025-10-20 09:30:03,3.93,21357670,3.89,U
sz000592,平潭发展,2025-10-20 09:30:06,3.95,2956900,3.93,U
sz000592,平潭发展,2025-10-20 09:30:09,3.95,1892200,3.95,U
sz000592,平潭发展,2025-10-20 09:30:12,3.89,2115300,3.95,D
sz000592,平潭发展,2025-10-20 09:30:15,3.9,3993000,3.89,U
sz000592,平潭发展,2025-10-20 09:30:18,3.92,2440900,3.9,U
sz000592,平潭发展,2025-10-20 09:30:21,3.92,1733800,3.92,U
sz000592,平潭发展,2025-10-20 09:30:24,3.92,1795400,3.92,U
sz000592,平潭发展,2025-10-20 09:30:27,3.91,1699900,3.92,E
sz000592,平潭发展,2025-10-20 09:30:30,3.9,1538100,3.91,D
sz000592,平潭发展,2025-10-20 09:30:33,3.88,1884800,3.9,D
sz000592,平潭发展,2025-10-20 09:30:36,3.86,3122930,3.88,D
sz000592,平潭发展,2025-10-20 09:30:39,3.88,1514470,3.86,U
sz000592,平潭发展,2025-10-20 09:30:42,3.88,1449500,3.88,U
sz000592,平潭发展,2025-10-20 09:30:45,3.9,1903600,3.88,U
sz000592,平潭发展,2025-10-20 09:30:48,3.9,1710800,3.9,U
sz000592,平潭发展,2025-10-20 09:30:51,3.92,1205400,3.9,U
sz000592,平潭发展,2025-10-20 09:30:54,3.92,1132600,3.92,U
sz000592,平潭发展,2025-10-20 09:30:57,3.91,3078200,3.92,D
sz000592,平潭发展,2025-10-20 09:31:00,3.9,2293700,3.91,D
sz000592,平潭发展,2025-10-20 09:31:03,3.9,1163500,3.9,U
sz000592,平潭发展,2025-10-20 09:31:06,3.92,3216400,3.9,U
sz000592,平潭发展,2025-10-20 09:31:09,3.93,2673500,3.92,U
sz000592,平潭发展,2025-10-20 09:31:12,3.95,1184100,3.93,U
sz000592,平潭发展,2025-10-20 09:31:15,3.96,739100,3.95,U
sz000592,平潭发展,2025-10-20 09:31:18,3.98,1921800,3.96,U
sz000592,平潭发展,2025-10-20 09:31:21,3.98,2191100,3.98,U
sz000592,平潭发展,2025-10-20 09:31:24,3.99,1808300,3.98,U
sz000592,平潭发展,2025-10-20 09:31:27,4.01,5087900,3.99,U
sz000592,平潭发展,2025-10-20 09:31:30,4.01,2873200,4.01,D
sz000592,平潭发展,2025-10-20 09:31:33,4.02,3326800,4.01,U
sz000592,平潭发展,2025-10-20 09:31:36,4.0,3751200,4.02,D
sz000592,平潭发展,2025-10-20 09:31:39,3.99,2639800,4.0,D
sz000592,平潭发展,2025-10-20 09:31:42,4.01,5948100,3.99,U
sz000592,平潭发展,2025-10-20 09:31:45,4.01,2057400,4.01,U
sz000592,平潭发展,2025-10-20 09:31:48,4.03,1804200,4.01,U
sz000592,平潭发展,2025-10-20 09:31:51,4.04,2278618,4.03,U
sz000592,平潭发展,2025-10-20 09:31:54,4.06,1828800,4.04,U
sz000592,平潭发展,2025-10-20 09:31:57,4.06,2733500,4.06,U
sz000592,平潭发展,2025-10-20 09:32:00,4.07,3955900,4.06,U
sz000592,平潭发展,2025-10-20 09:32:03,4.08,10575361,4.07,U
sz000592,平潭发展,2025-10-20 09:32:06,4.08,637000,4.08,D
sz000592,平潭发展,2025-10-20 09:32:09,4.08,1186700,4.08,D
sz000592,平潭发展,2025-10-20 09:32:12,4.08,912800,4.08,D
sz000592,平潭发展,2025-10-20 09:32:15,4.08,864335,4.08,D
sz000592,平潭发展,2025-10-20 09:32:18,4.08,401900,4.08,D
sz000592,平潭发展,2025-10-20 09:32:21,4.08,416400,4.08,D
sz000592,平潭发展,2025-10-20 09:32:24,4.08,129800,4.08,D
sz000592,平潭发展,2025-10-20 09:32:27,4.08,449600,4.08,D
sz000592,平潭发展,2025-10-20 09:32:30,4.08,249500,4.08,D
sz000592,平潭发展,2025-10-20 09:32:33,4.08,76900,4.08,D
sz000592,平潭发展,2025-10-20 09:32:36,4.08,450800,4.08,D
sz000592,平潭发展,2025-10-20 09:32:39,4.08,171700,4.08,D
sz000592,平潭发展,2025-10-20 09:32:42,4.08,260700,4.08,D
sz000592,平潭发展,2025-10-20 09:32:45,4.08,506000,4.08,D
sz000592,平潭发展,2025-10-20 09:32:48,4.08,38300,4.08,D
sz000592,平潭发展,2025-10-20 09:32:51,4.08,280700,4.08,D
sz000592,平潭发展,2025-10-20 09:32:54,4.08,182900,4.08,D
sz000592,平潭发展,2025-10-20 09:32:57,4.08,1305900,4.08,D
sz000592,平潭发展,2025-10-20 09:33:00,4.08,97100,4.08,D
sz000592,平潭发展,2025-10-20 09:33:03,4.08,69100,4.08,D
sz000592,平潭发展,2025-10-20 09:33:06,4.08,188500,4.08,D
sz000592,平潭发展,2025-10-20 09:33:09,4.08,122200,4.08,D
sz000592,平潭发展,2025-10-20 09:33:12,4.08,75300,4.08,D
sz000592,平潭发展,2025-10-20 09:33:15,4.08,131700,4.08,D
sz000592,平潭发展,2025-10-20 09:33:18,4.08,59800,4.08,D
sz000592,平潭发展,2025-10-20 09:33:21,4.08,107400,4.08,D
sz000592,平潭发展,2025-10-20 09:33:24,4.08,86600,4.08,D
sz000592,平潭发展,2025-10-20 09:33:27,4.03,47603912,4.08,U
sz000592,平潭发展,2025-10-20 09:33:30,4.0,1712100,4.03,D
sz000592,平潭发展,2025-10-20 09:33:33,4.02,535700,4.0,U
sz000592,平潭发展,2025-10-20 09:33:36,4.0,827600,4.02,U
sz000592,平潭发展,2025-10-20 09:33:39,4.0,855700,4.0,D
sz000592,平潭发展,2025-10-20 09:33:42,3.99,554200,4.0,D
sz000592,平潭发展,2025-10-20 09:33:45,3.99,605100,3.99,U
sz000592,平潭发展,2025-10-20 09:33:48,3.99,703100,3.99,U
sz000592,平潭发展,2025-10-20 09:33:51,4.0,909900,3.99,U
sz000592,平潭发展,2025-10-20 09:33:54,4.01,738900,4.0,U
sz000592,平潭发展,2025-10-20 09:33:57,4.02,687700,4.01,U
sz000592,平潭发展,2025-10-20 09:34:00,4.02,854900,4.02,U
sz000592,平潭发展,2025-10-20 09:34:03,4.0,1873700,4.02,D
sz000592,平潭发展,2025-10-20 09:34:06,3.99,1813300,4.0,D
sz000592,平潭发展,2025-10-20 09:34:09,4.0,665900,3.99,D
sz000592,平潭发展,2025-10-20 09:34:12,4.02,1968500,4.0,U
sz000592,平潭发展,2025-10-20 09:34:15,4.03,1869500,4.02,U
sz000592,平潭发展,2025-10-20 09:34:18,4.04,572800,4.03,U
sz000592,平潭发展,2025-10-20 09:34:21,4.06,1092700,4.04,U
sz000592,平潭发展,2025-10-20 09:34:24,4.08,5554191,4.06,U
sz000592,平潭发展,2025-10-20 09:34:27,4.08,341400,4.08,D
sz000592,平潭发展,2025-10-20 09:34:30,4.08,356800,4.08,D
sz000592,平潭发展,2025-10-20 09:34:33,4.08,377400,4.08,D
sz000592,平潭发展,2025-10-20 09:34:36,4.08,386800,4.08,D
sz000592,平潭发展,2025-10-20 09:34:39,4.08,292244,4.08,D
sz000592,平潭发展,2025-10-20 09:34:42,4.08,271800,4.08,D
sz000592,平潭发展,2025-10-20 09:34:45,4.08,266700,4.08,D
sz000592,平潭发展,2025-10-20 09:34:48,4.08,387300,4.08,D
sz000592,平潭发展,2025-10-20 09:34:51,4.08,205300,4.08,D
sz000592,平潭发展,2025-10-20 09:34:54,4.08,60700,4.08,D
sz000592,平潭发展,2025-10-20 09:34:57,4.08,208800,4.08,D
sz000592,平潭发展,2025-10-20 09:35:00,4.08,142000,4.08,D
sz000592,平潭发展,2025-10-20 09:35:03,4.08,204400,4.08,D
sz000592,平潭发展,2025-10-20 09:35:06,4.08,1546021,4.08,D
sz000592,平潭发展,2025-10-20 09:35:09,4.08,8839600,4.08,D
sz000592,平潭发展,2025-10-20 09:35:12,4.08,4207000,4.08,D
sz000592,平潭发展,2025-10-20 09:35:15,4.06,1683000,4.08,U
sz000592,平潭发展,2025-10-20 09:35:18,4.05,1943700,4.06,D
sz000592,平潭发展,2025-10-20 09:35:21,4.08,4128100,4.05,U
sz000592,平潭发展,2025-10-20 09:35:24,4.08,832900,4.08,D
sz000592,平潭发展,2025-10-20 09:35:27,4.08,1303900,4.08,D
sz000592,平潭发展,2025-10-20 09:35:30,4.06,2304100,4.08,U
sz000592,平潭发展,2025-10-20 09:35:33,4.06,849900,4.06,D
sz000592,平潭发展,2025-10-20 09:35:36,4.06,903000,4.06,U
sz000592,平潭发展,2025-10-20 09:35:39,4.06,748600,4.06,D
sz000592,平潭发展,2025-10-20 09:35:42,4.08,4702009,4.06,U
sz000592,平潭发展,2025-10-20 09:35:45,4.08,451500,4.08,D
sz000592,平潭发展,2025-10-20 09:35:48,4.08,588200,4.08,D
sz000592,平潭发展,2025-10-20 09:35:51,4.08,801400,4.08,D
sz000592,平潭发展,2025-10-20 09:35:54,4.08,263900,4.08,D
sz000592,平潭发展,2025-10-20 09:35:57,4.08,301000,4.08,D
sz000592,平潭发展,2025-10-20 09:36:00,4.08,444800,4.08,D
sz000592,平潭发展,2025-10-20 09:36:03,4.08,202412,4.08,D
sz000592,平潭发展,2025-10-20 09:36:06,4.08,1146000,4.08,D
sz000592,平潭发展,2025-10-20 09:36:09,4.08,39600,4.08,D
sz000592,平潭发展,2025-10-20 09:36:12,4.08,3981800,4.08,D
sz000592,平潭发展,2025-10-20 09:36:15,4.08,2197700,4.08,D
sz000592,平潭发展,2025-10-20 09:36:18,4.08,1430400,4.08,D
sz000592,平潭发展,2025-10-20 09:36:21,4.07,729800,4.08,U
sz000592,平潭发展,2025-10-20 09:36:24,4.06,897000,4.07,D
sz000592,平潭发展,2025-10-20 09:36:27,4.06,246000,4.06,U
sz000592,平潭发展,2025-10-20 09:36:30,4.07,704100,4.06,U
sz000592,平潭发展,2025-10-20 09:36:33,4.08,824591,4.07,U
sz000592,平潭发展,2025-10-20 09:36:36,4.08,1663200,4.08,U
sz000592,平潭发展,2025-10-20 09:36:39,4.08,3563526,4.08,U
sz000592,平潭发展,2025-10-20 09:36:42,4.08,285900,4.08,D
sz000592,平潭发展,2025-10-20 09:36:45,4.08,319000,4.08,D
sz000592,平潭发展,2025-10-20 09:36:48,4.08,773400,4.08,D
sz000592,平潭发展,2025-10-20 09:36:51,4.08,577956,4.08,D
sz000592,平潭发展,2025-10-20 09:36:54,4.08,1241700,4.08,D
sz000592,平潭发展,2025-10-20 09:36:57,4.08,618900,4.08,D
sz000592,平潭发展,2025-10-20 09:37:00,4.08,1880900,4.08,D
sz000592,平潭发展,2025-10-20 09:37:03,4.08,1116900,4.08,D
sz000592,平潭发展,2025-10-20 09:37:06,4.08,726935,4.08,D
sz000592,平潭发展,2025-10-20 09:37:09,4.07,577765,4.08,U
sz000592,平潭发展,2025-10-20 09:37:12,4.08,1802700,4.07,U
sz000592,平潭发展,2025-10-20 09:37:15,4.08,821535,4.08,U
sz000592,平潭发展,2025-10-20 09:37:18,4.08,424400,4.08,D
sz000592,平潭发展,2025-10-20 09:37:21,4.08,272937,4.08,D
sz000592,平潭发展,2025-10-20 09:37:24,4.08,254800,4.08,D
sz000592,平潭发展,2025-10-20 09:37:27,4.08,146600,4.08,D
sz000592,平潭发展,2025-10-20 09:37:30,4.08,99600,4.08,D
sz000592,平潭发展,2025-10-20 09:37:33,4.08,139100,4.08,D
sz000592,平潭发展,2025-10-20 09:37:36,4.08,193400,4.08,D
sz000592,平潭发展,2025-10-20 09:37:39,4.08,82300,4.08,D
sz000592,平潭发展,2025-10-20 09:37:42,4.08,224900,4.08,D
sz000592,平潭发展,2025-10-20 09:37:45,4.08,391300,4.08,D
sz000592,平潭发展,2025-10-20 09:37:54,4.08,110000,4.08,D
sz000592,平潭发展,2025-10-20 09:37:57,4.08,57900,4.08,D
sz000592,平潭发展,2025-10-20 09:38:00,4.08,62800,4.08,D
sz000592,平潭发展,2025-10-20 09:38:12,4.08,35100,4.08,D
sz000592,平潭发展,2025-10-20 09:38:15,4.08,71900,4.08,D
sz000592,平潭发展,2025-10-20 09:38:18,4.08,41300,4.08,D
sz000592,平潭发展,2025-10-20 09:38:21,4.08,33600,4.08,D
sz000592,平潭发展,2025-10-20 09:38:24,4.08,41500,4.08,D
sz000592,平潭发展,2025-10-20 09:38:27,4.08,85000,4.08,D
sz000592,平潭发展,2025-10-20 09:38:33,4.08,205800,4.08,D
sz000592,平潭发展,2025-10-20 09:38:39,4.08,37300,4.08,D
sz000592,平潭发展,2025-10-20 09:38:42,4.08,62500,4.08,D
sz000592,平潭发展,2025-10-20 09:38:45,4.08,31800,4.08,D
sz000592,平潭发展,2025-10-20 09:38:51,4.08,36800,4.08,D
sz000592,平潭发展,2025-10-20 09:38:57,4.08,138300,4.08,D
sz000592,平潭发展,2025-10-20 09:39:03,4.08,32600,4.08,D
sz000592,平潭发展,2025-10-20 09:39:09,4.08,131200,4.08,D
sz000592,平潭发展,2025-10-20 09:39:12,4.08,43400,4.08,D
sz000592,平潭发展,2025-10-20 09:39:15,4.08,35300,4.08,D
sz000592,平潭发展,2025-10-20 09:39:18,4.08,27900,4.08,D
sz000592,平潭发展,2025-10-20 09:39:24,4.08,49600,4.08,D
sz000592,平潭发展,2025-10-20 09:39:30,4.08,26400,4.08,D
sz000592,平潭发展,2025-10-20 09:39:33,4.08,21300,4.08,D
sz000592,平潭发展,2025-10-20 09:39:36,4.08,706300,4.08,D
sz000592,平潭发展,2025-10-20 09:39:39,4.08,31600,4.08,D
sz000592,平潭发展,2025-10-20 09:39:42,4.08,50400,4.08,D
sz000592,平潭发展,2025-10-20 09:39:45,4.08,78700,4.08,D
sz000592,平潭发展,2025-10-20 09:39:48,4.08,24100,4.08,D
sz000592,平潭发展,2025-10-20 09:39:57,4.08,34700,4.08,D
sz000592,平潭发展,2025-10-20 09:40:12,4.08,26400,4.08,D
sz000592,平潭发展,2025-10-20 09:40:15,4.08,21800,4.08,D
sz000592,平潭发展,2025-10-20 09:40:18,4.08,23300,4.08,D
sz000592,平潭发展,2025-10-20 09:40:21,4.08,951500,4.08,D
sz000592,平潭发展,2025-10-20 09:40:24,4.08,45400,4.08,D
sz000592,平潭发展,2025-10-20 09:40:30,4.08,123700,4.08,D
sz000592,平潭发展,2025-10-20 09:40:36,4.08,35100,4.08,D
sz000592,平潭发展,2025-10-20 09:40:51,4.08,25300,4.08,D
sz000592,平潭发展,2025-10-20 09:41:09,4.08,52500,4.08,D
sz000592,平潭发展,2025-10-20 09:41:12,4.08,42800,4.08,D
sz000592,平潭发展,2025-10-20 09:41:15,4.08,27400,4.08,D
sz000592,平潭发展,2025-10-20 09:41:18,4.08,24500,4.08,D
sz000592,平潭发展,2025-10-20 09:42:12,4.08,23800,4.08,D
sz000592,平潭发展,2025-10-20 09:42:15,4.08,113900,4.08,D
sz000592,平潭发展,2025-10-20 09:42:18,4.08,54800,4.08,D
sz000592,平潭发展,2025-10-20 09:42:21,4.08,164400,4.08,D
sz000592,平潭发展,2025-10-20 09:42:33,4.08,56200,4.08,D
sz000592,平潭发展,2025-10-20 09:42:39,4.08,79900,4.08,D
sz000592,平潭发展,2025-10-20 09:42:51,4.08,57400,4.08,D
sz000592,平潭发展,2025-10-20 09:43:00,4.08,235700,4.08,D
sz000592,平潭发展,2025-10-20 09:43:09,4.08,81100,4.08,D
sz000592,平潭发展,2025-10-20 09:43:15,4.08,40200,4.08,D
sz000592,平潭发展,2025-10-20 09:43:24,4.08,20400,4.08,D
sz000592,平潭发展,2025-10-20 09:43:39,4.08,31400,4.08,D
sz000592,平潭发展,2025-10-20 09:43:54,4.08,38200,4.08,D
sz000592,平潭发展,2025-10-20 09:43:57,4.08,99500,4.08,D
sz000592,平潭发展,2025-10-20 09:44:09,4.08,70100,4.08,D
sz000592,平潭发展,2025-10-20 09:44:12,4.08,21000,4.08,D
sz000592,平潭发展,2025-10-20 09:44:27,4.08,150200,4.08,D
sz000592,平潭发展,2025-10-20 09:44:33,4.08,78900,4.08,D
sz000592,平潭发展,2025-10-20 09:44:36,4.08,72000,4.08,D
sz000592,平潭发展,2025-10-20 09:44:42,4.08,79700,4.08,D
sz000592,平潭发展,2025-10-20 09:44:54,4.08,25300,4.08,D
sz000592,平潭发展,2025-10-20 09:45:03,4.08,32300,4.08,D
sz000592,平潭发展,2025-10-20 09:45:12,4.08,50000,4.08,D
sz000592,平潭发展,2025-10-20 09:45:24,4.08,53000,4.08,D
sz000592,平潭发展,2025-10-20 09:45:30,4.08,22300,4.08,D
sz000592,平潭发展,2025-10-20 09:45:33,4.08,51000,4.08,D
sz000592,平潭发展,2025-10-20 09:45:36,4.08,23800,4.08,D
sz000592,平潭发展,2025-10-20 09:46:00,4.08,31100,4.08,D
sz000592,平潭发展,2025-10-20 09:46:15,4.08,32500,4.08,D
sz000592,平潭发展,2025-10-20 09:47:09,4.08,32800,4.08,D
sz000592,平潭发展,2025-10-20 09:47:12,4.08,32400,4.08,D
sz000592,平潭发展,2025-10-20 09:47:24,4.08,107800,4.08,D
sz000592,平潭发展,2025-10-20 09:47:39,4.08,36700,4.08,D
sz000592,平潭发展,2025-10-20 09:47:48,4.08,139400,4.08,D
sz000592,平潭发展,2025-10-20 09:47:51,4.08,72300,4.08,D
sz000592,平潭发展,2025-10-20 09:48:15,4.08,63600,4.08,D
sz000592,平潭发展,2025-10-20 09:48:18,4.08,52100,4.08,D
sz000592,平潭发展,2025-10-20 09:48:24,4.08,46800,4.08,D
sz000592,平潭发展,2025-10-20 09:49:09,4.08,25800,4.08,D
sz000592,平潭发展,2025-10-20 09:49:21,4.08,22700,4.08,D
sz000592,平潭发展,2025-10-20 09:49:42,4.08,39200,4.08,D
sz000592,平潭发展,2025-10-20 09:50:03,4.08,23800,4.08,D
sz000592,平潭发展,2025-10-20 09:50:36,4.08,51300,4.08,D
sz000592,平潭发展,2025-10-20 09:50:39,4.08,105100,4.08,D
sz000592,平潭发展,2025-10-20 09:50:42,4.08,20600,4.08,D
sz000592,平潭发展,2025-10-20 09:50:54,4.08,113200,4.08,D
sz000592,平潭发展,2025-10-20 09:50:57,4.08,25000,4.08,D
sz000592,平潭发展,2025-10-20 09:51:51,4.08,52600,4.08,D
sz000592,平潭发展,2025-10-20 09:52:45,4.08,28900,4.08,D
sz000592,平潭发展,2025-10-20 09:52:48,4.08,30300,4.08,D
sz000592,平潭发展,2025-10-20 09:52:57,4.08,22100,4.08,D
sz000592,平潭发展,2025-10-20 09:53:12,4.08,55300,4.08,D
sz000592,平潭发展,2025-10-20 09:53:27,4.08,112600,4.08,D
sz000592,平潭发展,2025-10-20 09:54:12,4.08,50900,4.08,D
sz000592,平潭发展,2025-10-20 09:54:24,4.08,43400,4.08,D
sz000592,平潭发展,2025-10-20 09:54:30,4.08,27100,4.08,D
sz000592,平潭发展,2025-10-20 09:54:57,4.08,30100,4.08,D
sz000592,平潭发展,2025-10-20 09:55:06,4.08,25500,4.08,D
sz000592,平潭发展,2025-10-20 09:55:15,4.08,22700,4.08,D
sz000592,平潭发展,2025-10-20 09:55:30,4.08,69300,4.08,D
sz000592,平潭发展,2025-10-20 09:56:12,4.08,42800,4.08,D
sz000592,平潭发展,2025-10-20 09:57:33,4.08,46200,4.08,D
sz000592,平潭发展,2025-10-20 09:57:36,4.08,21900,4.08,D
sz000592,平潭发展,2025-10-20 09:57:39,4.08,20400,4.08,D
sz000592,平潭发展,2025-10-20 09:58:03,4.08,21200,4.08,D
sz000592,平潭发展,2025-10-20 09:58:33,4.08,84600,4.08,D
sz000592,平潭发展,2025-10-20 09:58:36,4.08,40800,4.08,D
sz000592,平潭发展,2025-10-20 09:58:57,4.08,30000,4.08,D
sz000592,平潭发展,2025-10-20 09:59:27,4.08,46800,4.08,D
sz000592,平潭发展,2025-10-20 10:00:12,4.08,20000,4.08,D
sz000592,平潭发展,2025-10-20 10:00:33,4.08,62900,4.08,D
sz000592,平潭发展,2025-10-20 10:03:00,4.08,20400,4.08,D
sz000592,平潭发展,2025-10-20 10:03:51,4.08,438500,4.08,D
sz000592,平潭发展,2025-10-20 10:04:06,4.08,33600,4.08,D
sz000592,平潭发展,2025-10-20 10:05:57,4.08,39000,4.08,D
sz000592,平潭发展,2025-10-20 10:07:51,4.08,26000,4.08,D
sz000592,平潭发展,2025-10-20 10:08:36,4.08,25000,4.08,D
sz000592,平潭发展,2025-10-20 10:09:09,4.08,60500,4.08,D
sz000592,平潭发展,2025-10-20 10:09:24,4.08,20400,4.08,D
sz000592,平潭发展,2025-10-20 10:09:36,4.08,50300,4.08,D
sz000592,平潭发展,2025-10-20 10:09:48,4.08,28300,4.08,D
sz000592,平潭发展,2025-10-20 10:09:54,4.08,55300,4.08,D
sz000592,平潭发展,2025-10-20 10:10:00,4.08,25300,4.08,D
sz000592,平潭发展,2025-10-20 10:10:03,4.08,29600,4.08,D
sz000592,平潭发展,2025-10-20 10:11:12,4.08,21000,4.08,D
sz000592,平潭发展,2025-10-20 10:11:21,4.08,30000,4.08,D
sz000592,平潭发展,2025-10-20 10:11:45,4.08,20000,4.08,D
sz000592,平潭发展,2025-10-20 10:12:30,4.08,62700,4.08,D
sz000592,平潭发展,2025-10-20 10:13:33,4.08,115800,4.08,D
sz000592,平潭发展,2025-10-20 10:13:48,4.08,34800,4.08,D
sz000592,平潭发展,2025-10-20 10:14:03,4.08,32900,4.08,D
sz000592,平潭发展,2025-10-20 10:16:24,4.08,100600,4.08,D
sz000592,平潭发展,2025-10-20 10:17:27,4.08,102100,4.08,D
sz000592,平潭发展,2025-10-20 10:17:45,4.08,20800,4.08,D
sz000592,平潭发展,2025-10-20 10:21:30,4.08,32600,4.08,D
sz000592,平潭发展,2025-10-20 10:21:39,4.08,31000,4.08,D
sz000592,平潭发展,2025-10-20 10:23:30,4.08,24700,4.08,D
sz000592,平潭发展,2025-10-20 10:25:00,4.08,22600,4.08,D
sz000592,平潭发展,2025-10-20 10:25:03,4.08,37800,4.08,D
sz000592,平潭发展,2025-10-20 10:26:45,4.08,35800,4.08,D
sz000592,平潭发展,2025-10-20 10:31:33,4.08,42700,4.08,D
sz000592,平潭发展,2025-10-20 10:32:06,4.08,20800,4.08,D
sz000592,平潭发展,2025-10-20 10:33:06,4.08,70000,4.08,D
sz000592,平潭发展,2025-10-20 10:33:51,4.08,20500,4.08,D
sz000592,平潭发展,2025-10-20 10:34:42,4.08,75500,4.08,D
sz000592,平潭发展,2025-10-20 10:40:00,4.08,25500,4.08,D
sz000592,平潭发展,2025-10-20 10:40:03,4.08,25900,4.08,D
sz000592,平潭发展,2025-10-20 10:41:42,4.08,30000,4.08,D
sz000592,平潭发展,2025-10-20 10:44:36,4.08,56100,4.08,D
sz000592,平潭发展,2025-10-20 10:45:27,4.08,52600,4.08,D
sz000592,平潭发展,2025-10-20 10:46:15,4.08,22000,4.08,D
sz000592,平潭发展,2025-10-20 10:50:03,4.08,21600,4.08,D
sz000592,平潭发展,2025-10-20 10:51:36,4.08,20100,4.08,D
sz000592,平潭发展,2025-10-20 10:52:48,4.08,24100,4.08,D
sz000592,平潭发展,2025-10-20 10:54:03,4.08,20200,4.08,D
sz000592,平潭发展,2025-10-20 10:55:42,4.08,25800,4.08,D
sz000592,平潭发展,2025-10-20 10:58:03,4.08,90000,4.08,D
sz000592,平潭发展,2025-10-20 11:00:30,4.08,85200,4.08,D
sz000592,平潭发展,2025-10-20 11:00:33,4.08,230400,4.08,D
sz000592,平潭发展,2025-10-20 11:00:36,4.08,69100,4.08,D
sz000592,平潭发展,2025-10-20 11:00:39,4.08,26900,4.08,D
sz000592,平潭发展,2025-10-20 11:00:57,4.08,30000,4.08,D
sz000592,平潭发展,2025-10-20 11:01:48,4.08,20100,4.08,D
sz000592,平潭发展,2025-10-20 11:01:51,4.08,20000,4.08,D
sz000592,平潭发展,2025-10-20 11:03:18,4.08,20100,4.08,D
sz000592,平潭发展,2025-10-20 11:03:57,4.08,59700,4.08,D
sz000592,平潭发展,2025-10-20 11:06:30,4.08,208300,4.08,D
sz000592,平潭发展,2025-10-20 11:08:18,4.08,22400,4.08,D
sz000592,平潭发展,2025-10-20 11:08:33,4.08,149243,4.08,D
sz000592,平潭发展,2025-10-20 11:08:51,4.08,65400,4.08,D
sz000592,平潭发展,2025-10-20 11:09:06,4.08,35200,4.08,D
sz000592,平潭发展,2025-10-20 11:09:30,4.08,20000,4.08,D
sz000592,平潭发展,2025-10-20 11:10:09,4.08,44800,4.08,D
sz000592,平潭发展,2025-10-20 11:10:33,4.08,100000,4.08,D
sz000592,平潭发展,2025-10-20 11:10:42,4.08,61900,4.08,D
sz000592,平潭发展,2025-10-20 11:11:54,4.08,100000,4.08,D
sz000592,平潭发展,2025-10-20 11:12:00,4.08,30000,4.08,D
sz000592,平潭发展,2025-10-20 11:14:24,4.08,37000,4.08,D
sz000592,平潭发展,2025-10-20 11:27:09,4.08,22100,4.08,D
sz000592,平潭发展,2025-10-20 13:00:00,4.08,284900,4.08,D
sz000592,平潭发展,2025-10-20 13:00:03,4.08,301200,4.08,D
sz000592,平潭发展,2025-10-20 13:00:09,4.08,34800,4.08,D
sz000592,平潭发展,2025-10-20 13:00:42,4.08,27700,4.08,D
sz000592,平潭发展,2025-10-20 13:00:57,4.08,32100,4.08,D
sz000592,平潭发展,2025-10-20 13:03:21,4.08,24700,4.08,D
sz000592,平潭发展,2025-10-20 13:09:12,4.08,106500,4.08,D
sz000592,平潭发展,2025-10-20 13:09:15,4.08,25200,4.08,D
sz000592,平潭发展,2025-10-20 13:13:24,4.08,21300,4.08,D
sz000592,平潭发展,2025-10-20 13:16:15,4.08,32100,4.08,D
sz000592,平潭发展,2025-10-20 13:16:57,4.08,30000,4.08,D
sz000592,平潭发展,2025-10-20 13:18:00,4.08,36200,4.08,D
sz000592,平潭发展,2025-10-20 13:18:24,4.08,107100,4.08,D
sz000592,平潭发展,2025-10-20 13:20:27,4.08,42300,4.08,D
sz000592,平潭发展,2025-10-20 13:21:30,4.08,50000,4.08,D
sz000592,平潭发展,2025-10-20 13:22:00,4.08,38200,4.08,D
sz000592,平潭发展,2025-10-20 13:22:24,4.08,20000,4.08,D
sz000592,平潭发展,2025-10-20 13:22:48,4.08,38100,4.08,D
sz000592,平潭发展,2025-10-20 13:25:15,4.08,20000,4.08,D
sz000592,平潭发展,2025-10-20 13:27:00,4.08,29800,4.08,D
sz000592,平潭发展,2025-10-20 13:27:51,4.08,34800,4.08,D
sz000592,平潭发展,2025-10-20 13:29:09,4.08,43100,4.08,D
sz000592,平潭发展,2025-10-20 13:32:27,4.08,30000,4.08,D
sz000592,平潭发展,2025-10-20 13:33:03,4.08,28900,4.08,D
sz000592,平潭发展,2025-10-20 13:33:51,4.08,20000,4.08,D
sz000592,平潭发展,2025-10-20 13:36:00,4.08,30100,4.08,D
sz000592,平潭发展,2025-10-20 13:36:30,4.08,21400,4.08,D
sz000592,平潭发展,2025-10-20 13:45:57,4.08,368700,4.08,D
sz000592,平潭发展,2025-10-20 13:46:27,4.08,20000,4.08,D
sz000592,平潭发展,2025-10-20 13:54:33,4.08,105200,4.08,D
sz000592,平潭发展,2025-10-20 14:00:18,4.08,47600,4.08,D
sz000592,平潭发展,2025-10-20 14:09:12,4.08,105100,4.08,D
sz000592,平潭发展,2025-10-20 14:18:18,4.08,20000,4.08,D
sz000592,平潭发展,2025-10-20 14:19:27,4.08,202300,4.08,D
sz000592,平潭发展,2025-10-20 14:20:06,4.08,22900,4.08,D
sz000592,平潭发展,2025-10-20 14:20:57,4.08,20800,4.08,D
sz000592,平潭发展,2025-10-20 14:22:15,4.08,28600,4.08,D
sz000592,平潭发展,2025-10-20 14:22:30,4.08,30000,4.08,D
sz000592,平潭发展,2025-10-20 14:23:21,4.08,20000,4.08,D
sz000592,平潭发展,2025-10-20 14:24:18,4.08,60800,4.08,D
sz000592,平潭发展,2025-10-20 14:24:48,4.08,62700,4.08,D
sz000592,平潭发展,2025-10-20 14:26:06,4.08,29600,4.08,D
sz000592,平潭发展,2025-10-20 14:29:54,4.08,20000,4.08,D
sz000592,平潭发展,2025-10-20 14:30:36,4.08,38100,4.08,D
sz000592,平潭发展,2025-10-20 14:37:57,4.08,26500,4.08,D
sz000592,平潭发展,2025-10-20 14:38:51,4.08,41900,4.08,D
sz000592,平潭发展,2025-10-20 14:41:12,4.08,42100,4.08,D
sz000592,平潭发展,2025-10-20 14:42:18,4.08,25500,4.08,D
sz000592,平潭发展,2025-10-20 14:42:24,4.08,20000,4.08,D
sz000592,平潭发展,2025-10-20 14:42:57,4.08,22100,4.08,D
sz000592,平潭发展,2025-10-20 14:49:48,4.08,23200,4.08,D
sz000592,平潭发展,2025-10-20 14:50:12,4.08,24100,4.08,D
sz000592,平潭发展,2025-10-20 14:50:42,4.08,25100,4.08,D
sz000592,平潭发展,2025-10-20 14:52:48,4.08,24600,4.08,D
sz000592,平潭发展,2025-10-20 14:53:15,4.08,56800,4.08,D
sz000592,平潭发展,2025-10-20 14:56:00,4.08,41300,4.08,D
sz000592,平潭发展,2025-10-20 14:56:03,4.08,26100,4.08,D
sz000592,平潭发展,2025-10-20 15:00:00,4.08,433000,4.08,E
