symbol,name,ticktime,price,volume,prev_price,kind
sz000592,平潭发展,2025-09-26 09:25:00,3.3,710400,0.0,E
sz000592,平潭发展,2025-09-26 09:30:00,3.31,143800,3.3,U
sz000592,平潭发展,2025-09-26 09:30:03,3.3,245000,3.31,D
sz000592,平潭发展,2025-09-26 09:30:06,3.3,33400,3.3,D
sz000592,平潭发展,2025-09-26 09:30:30,3.3,50000,3.31,D
sz000592,平潭发展,2025-09-26 09:30:33,3.31,24000,3.3,U
sz000592,平潭发展,2025-09-26 09:30:42,3.3,20100,3.31,D
sz000592,平潭发展,2025-09-26 09:30:45,3.3,163200,3.3,D
sz000592,平潭发展,2025-09-26 09:30:48,3.3,289500,3.3,D
sz000592,平潭发展,2025-09-26 09:30:51,3.3,54200,3.3,U
sz000592,平潭发展,2025-09-26 09:31:03,3.3,28600,3.3,D
sz000592,平潭发展,2025-09-26 09:31:12,3.3,23900,3.3,D
sz000592,平潭发展,2025-09-26 09:31:24,3.3,24700,3.3,D
sz000592,平潭发展,2025-09-26 09:31:27,3.31,40400,3.3,U
sz000592,平潭发展,2025-09-26 09:31:30,3.31,46700,3.31,U
sz000592,平潭发展,2025-09-26 09:31:42,3.3,133200,3.31,D
sz000592,平潭发展,2025-09-26 09:31:45,3.31,272400,3.3,U
sz000592,平潭发展,2025-09-26 09:31:48,3.3,40600,3.31,D
sz000592,平潭发展,2025-09-26 09:31:54,3.31,92600,3.3,U
sz000592,平潭发展,2025-09-26 09:31:57,3.32,909500,3.31,U
sz000592,平潭发展,2025-09-26 09:32:00,3.33,82400,3.32,U
sz000592,平潭发展,2025-09-26 09:32:03,3.33,31200,3.33,U
sz000592,平潭发展,2025-09-26 09:32:09,3.32,34900,3.33,D
sz000592,平潭发展,2025-09-26 09:32:12,3.33,50000,3.32,U
sz000592,平潭发展,2025-09-26 09:32:15,3.33,45900,3.33,U
sz000592,平潭发展,2025-09-26 09:32:21,3.33,55400,3.33,U
sz000592,平潭发展,2025-09-26 09:32:24,3.33,197500,3.33,U
sz000592,平潭发展,2025-09-26 09:32:27,3.33,113800,3.33,U
sz000592,平潭发展,2025-09-26 09:32:30,3.34,22600,3.33,U
sz000592,平潭发展,2025-09-26 09:32:33,3.34,51900,3.34,U
sz000592,平潭发展,2025-09-26 09:32:36,3.34,535000,3.34,U
sz000592,平潭发展,2025-09-26 09:32:39,3.34,119000,3.34,D
sz000592,平潭发展,2025-09-26 09:32:42,3.33,26300,3.34,D
sz000592,平潭发展,2025-09-26 09:32:45,3.34,243700,3.33,U
sz000592,平潭发展,2025-09-26 09:32:51,3.35,357700,3.34,U
sz000592,平潭发展,2025-09-26 09:32:54,3.35,50500,3.35,D
sz000592,平潭发展,2025-09-26 09:32:57,3.35,62300,3.35,D
sz000592,平潭发展,2025-09-26 09:33:00,3.36,199000,3.35,U
sz000592,平潭发展,2025-09-26 09:33:03,3.36,269100,3.36,U
sz000592,平潭发展,2025-09-26 09:33:06,3.36,135800,3.36,U
sz000592,平潭发展,2025-09-26 09:33:09,3.36,45600,3.36,U
sz000592,平潭发展,2025-09-26 09:33:12,3.35,223800,3.36,D
sz000592,平潭发展,2025-09-26 09:33:15,3.35,100000,3.35,U
sz000592,平潭发展,2025-09-26 09:33:18,3.35,20000,3.35,U
sz000592,平潭发展,2025-09-26 09:33:24,3.34,211600,3.35,D
sz000592,平潭发展,2025-09-26 09:33:27,3.33,43600,3.34,D
sz000592,平潭发展,2025-09-26 09:33:39,3.34,58300,3.34,U
sz000592,平潭发展,2025-09-26 09:33:42,3.34,48900,3.34,U
sz000592,平潭发展,2025-09-26 09:33:45,3.34,40900,3.34,U
sz000592,平潭发展,2025-09-26 09:33:48,3.34,37400,3.34,U
sz000592,平潭发展,2025-09-26 09:33:51,3.34,41000,3.34,U
sz000592,平潭发展,2025-09-26 09:33:54,3.34,130200,3.34,U
sz000592,平潭发展,2025-09-26 09:33:57,3.34,32900,3.34,D
sz000592,平潭发展,2025-09-26 09:34:00,3.35,647500,3.34,U
sz000592,平潭发展,2025-09-26 09:34:03,3.34,159800,3.35,D
sz000592,平潭发展,2025-09-26 09:34:06,3.35,138600,3.34,U
sz000592,平潭发展,2025-09-26 09:34:09,3.34,52500,3.35,D
sz000592,平潭发展,2025-09-26 09:34:12,3.35,131300,3.34,U
sz000592,平潭发展,2025-09-26 09:34:15,3.35,27800,3.35,D
sz000592,平潭发展,2025-09-26 09:34:18,3.35,97100,3.35,D
sz000592,平潭发展,2025-09-26 09:34:27,3.35,67400,3.35,U
sz000592,平潭发展,2025-09-26 09:34:30,3.35,42900,3.35,U
sz000592,平潭发展,2025-09-26 09:34:36,3.35,159300,3.35,U
sz000592,平潭发展,2025-09-26 09:34:39,3.35,66600,3.35,U
sz000592,平潭发展,2025-09-26 09:34:42,3.35,178700,3.35,D
sz000592,平潭发展,2025-09-26 09:34:45,3.35,25600,3.35,D
sz000592,平潭发展,2025-09-26 09:34:48,3.35,26000,3.35,D
sz000592,平潭发展,2025-09-26 09:34:54,3.34,61000,3.35,D
sz000592,平潭发展,2025-09-26 09:35:09,3.35,40400,3.35,U
sz000592,平潭发展,2025-09-26 09:35:12,3.35,22100,3.35,U
sz000592,平潭发展,2025-09-26 09:35:15,3.34,41400,3.35,D
sz000592,平潭发展,2025-09-26 09:35:18,3.34,112700,3.34,D
sz000592,平潭发展,2025-09-26 09:35:21,3.34,281498,3.34,D
sz000592,平潭发展,2025-09-26 09:35:36,3.33,68200,3.34,D
sz000592,平潭发展,2025-09-26 09:35:45,3.33,60500,3.33,D
sz000592,平潭发展,2025-09-26 09:35:57,3.34,159600,3.33,U
sz000592,平潭发展,2025-09-26 09:36:03,3.34,128600,3.35,D
sz000592,平潭发展,2025-09-26 09:36:06,3.35,410100,3.34,U
sz000592,平潭发展,2025-09-26 09:36:15,3.35,88300,3.34,U
sz000592,平潭发展,2025-09-26 09:36:54,3.35,35400,3.34,U
sz000592,平潭发展,2025-09-26 09:36:57,3.35,48500,3.35,U
sz000592,平潭发展,2025-09-26 09:37:00,3.35,23800,3.35,U
sz000592,平潭发展,2025-09-26 09:37:03,3.35,21100,3.35,U
sz000592,平潭发展,2025-09-26 09:37:06,3.35,53800,3.35,U
sz000592,平潭发展,2025-09-26 09:37:09,3.34,33700,3.35,D
sz000592,平潭发展,2025-09-26 09:37:15,3.34,76200,3.35,D
sz000592,平潭发展,2025-09-26 09:37:30,3.35,25300,3.34,U
sz000592,平潭发展,2025-09-26 09:37:39,3.35,45500,3.35,U
sz000592,平潭发展,2025-09-26 09:37:51,3.34,26600,3.34,D
sz000592,平潭发展,2025-09-26 09:38:06,3.34,42700,3.35,D
sz000592,平潭发展,2025-09-26 09:38:18,3.34,22600,3.34,D
sz000592,平潭发展,2025-09-26 09:38:24,3.34,294200,3.34,D
sz000592,平潭发展,2025-09-26 09:38:30,3.34,34100,3.34,U
sz000592,平潭发展,2025-09-26 09:38:57,3.34,209000,3.34,U
sz000592,平潭发展,2025-09-26 09:39:00,3.34,260900,3.34,U
sz000592,平潭发展,2025-09-26 09:39:03,3.34,327900,3.34,D
sz000592,平潭发展,2025-09-26 09:39:06,3.34,124600,3.34,D
sz000592,平潭发展,2025-09-26 09:39:09,3.34,44100,3.34,D
sz000592,平潭发展,2025-09-26 09:39:12,3.34,43500,3.34,D
sz000592,平潭发展,2025-09-26 09:39:33,3.34,22000,3.35,D
sz000592,平潭发展,2025-09-26 09:39:36,3.34,53500,3.34,D
sz000592,平潭发展,2025-09-26 09:39:48,3.34,29200,3.34,D
sz000592,平潭发展,2025-09-26 09:39:57,3.34,47500,3.34,D
sz000592,平潭发展,2025-09-26 09:40:00,3.35,91800,3.34,U
sz000592,平潭发展,2025-09-26 09:40:15,3.34,47200,3.35,D
sz000592,平潭发展,2025-09-26 09:40:18,3.34,80700,3.34,D
sz000592,平潭发展,2025-09-26 09:40:36,3.34,26100,3.34,U
sz000592,平潭发展,2025-09-26 09:40:54,3.33,72300,3.34,D
sz000592,平潭发展,2025-09-26 09:40:57,3.33,25700,3.33,D
sz000592,平潭发展,2025-09-26 09:41:03,3.33,470300,3.34,D
sz000592,平潭发展,2025-09-26 09:41:18,3.33,39600,3.32,U
sz000592,平潭发展,2025-09-26 09:41:57,3.32,44700,3.32,D
sz000592,平潭发展,2025-09-26 09:42:00,3.33,28600,3.32,U
sz000592,平潭发展,2025-09-26 09:42:48,3.33,24000,3.32,U
sz000592,平潭发展,2025-09-26 09:42:51,3.33,20000,3.33,U
sz000592,平潭发展,2025-09-26 09:43:03,3.33,30300,3.33,U
sz000592,平潭发展,2025-09-26 09:43:24,3.32,38800,3.32,D
sz000592,平潭发展,2025-09-26 09:43:36,3.33,102300,3.33,U
sz000592,平潭发展,2025-09-26 09:43:48,3.32,23700,3.33,D
sz000592,平潭发展,2025-09-26 09:44:15,3.32,35800,3.32,D
sz000592,平潭发展,2025-09-26 09:44:48,3.33,29400,3.32,U
sz000592,平潭发展,2025-09-26 09:45:03,3.33,22300,3.32,U
sz000592,平潭发展,2025-09-26 09:45:12,3.32,51700,3.32,D
sz000592,平潭发展,2025-09-26 09:45:15,3.32,213100,3.32,D
sz000592,平潭发展,2025-09-26 09:45:30,3.32,33600,3.32,D
sz000592,平潭发展,2025-09-26 09:45:36,3.32,22200,3.32,D
sz000592,平潭发展,2025-09-26 09:45:42,3.32,47200,3.32,D
sz000592,平潭发展,2025-09-26 09:45:45,3.32,52800,3.32,D
sz000592,平潭发展,2025-09-26 09:45:54,3.32,92000,3.32,U
sz000592,平潭发展,2025-09-26 09:46:15,3.32,20000,3.32,D
sz000592,平潭发展,2025-09-26 09:46:39,3.33,42400,3.33,U
sz000592,平潭发展,2025-09-26 09:46:48,3.32,21900,3.32,D
sz000592,平潭发展,2025-09-26 09:47:03,3.32,30700,3.33,D
sz000592,平潭发展,2025-09-26 09:47:15,3.32,108200,3.33,D
sz000592,平潭发展,2025-09-26 09:47:42,3.32,24900,3.32,D
sz000592,平潭发展,2025-09-26 09:47:45,3.32,99900,3.32,D
sz000592,平潭发展,2025-09-26 09:47:51,3.32,560500,3.32,D
sz000592,平潭发展,2025-09-26 09:47:54,3.33,46300,3.32,U
sz000592,平潭发展,2025-09-26 09:48:15,3.32,302900,3.32,D
sz000592,平潭发展,2025-09-26 09:48:21,3.32,48900,3.32,U
sz000592,平潭发展,2025-09-26 09:48:24,3.32,129200,3.32,U
sz000592,平潭发展,2025-09-26 09:48:33,3.31,54000,3.33,D
sz000592,平潭发展,2025-09-26 09:48:54,3.31,22000,3.32,D
sz000592,平潭发展,2025-09-26 09:49:09,3.32,20100,3.31,U
sz000592,平潭发展,2025-09-26 09:50:09,3.31,33800,3.32,D
sz000592,平潭发展,2025-09-26 09:50:21,3.31,39400,3.31,D
sz000592,平潭发展,2025-09-26 09:50:27,3.31,125200,3.31,D
sz000592,平潭发展,2025-09-26 09:50:30,3.31,230000,3.31,D
sz000592,平潭发展,2025-09-26 09:50:45,3.32,291400,3.31,U
sz000592,平潭发展,2025-09-26 09:50:57,3.31,57900,3.31,D
sz000592,平潭发展,2025-09-26 09:51:00,3.31,36000,3.31,D
sz000592,平潭发展,2025-09-26 09:51:06,3.31,38600,3.31,U
sz000592,平潭发展,2025-09-26 09:51:27,3.31,20300,3.3,U
sz000592,平潭发展,2025-09-26 09:51:33,3.31,248500,3.31,U
sz000592,平潭发展,2025-09-26 09:52:00,3.31,26400,3.31,U
sz000592,平潭发展,2025-09-26 09:52:12,3.31,37700,3.31,D
sz000592,平潭发展,2025-09-26 09:52:21,3.31,25000,3.31,D
sz000592,平潭发展,2025-09-26 09:52:39,3.31,106300,3.31,D
sz000592,平潭发展,2025-09-26 09:53:45,3.31,35000,3.31,D
sz000592,平潭发展,2025-09-26 09:54:33,3.3,34400,3.31,D
sz000592,平潭发展,2025-09-26 09:54:39,3.3,20500,3.3,D
sz000592,平潭发展,2025-09-26 09:54:54,3.3,30400,3.3,D
sz000592,平潭发展,2025-09-26 09:55:00,3.3,27100,3.3,D
sz000592,平潭发展,2025-09-26 09:55:45,3.29,981800,3.3,D
sz000592,平潭发展,2025-09-26 09:55:48,3.3,24900,3.29,U
sz000592,平潭发展,2025-09-26 09:56:00,3.3,28300,3.3,U
sz000592,平潭发展,2025-09-26 09:56:06,3.29,21400,3.29,D
sz000592,平潭发展,2025-09-26 09:56:15,3.29,29600,3.29,D
sz000592,平潭发展,2025-09-26 09:56:24,3.3,25300,3.29,U
sz000592,平潭发展,2025-09-26 09:56:48,3.3,23500,3.29,U
sz000592,平潭发展,2025-09-26 09:57:09,3.29,262600,3.3,D
sz000592,平潭发展,2025-09-26 09:57:15,3.29,61800,3.29,D
sz000592,平潭发展,2025-09-26 09:57:39,3.29,52700,3.29,D
sz000592,平潭发展,2025-09-26 09:57:48,3.29,97100,3.29,D
sz000592,平潭发展,2025-09-26 09:58:00,3.3,28200,3.29,U
sz000592,平潭发展,2025-09-26 09:58:09,3.29,55000,3.29,D
sz000592,平潭发展,2025-09-26 09:58:42,3.31,447100,3.3,U
sz000592,平潭发展,2025-09-26 09:59:48,3.32,460700,3.31,U
sz000592,平潭发展,2025-09-26 09:59:54,3.31,43600,3.31,D
sz000592,平潭发展,2025-09-26 09:59:57,3.31,28100,3.31,D
sz000592,平潭发展,2025-09-26 10:00:03,3.31,76700,3.31,D
sz000592,平潭发展,2025-09-26 10:01:42,3.31,22500,3.31,U
sz000592,平潭发展,2025-09-26 10:02:24,3.31,24500,3.3,U
sz000592,平潭发展,2025-09-26 10:02:27,3.3,31400,3.31,D
sz000592,平潭发展,2025-09-26 10:02:42,3.3,23900,3.31,D
sz000592,平潭发展,2025-09-26 10:02:48,3.31,266700,3.3,U
sz000592,平潭发展,2025-09-26 10:02:51,3.31,32400,3.31,U
sz000592,平潭发展,2025-09-26 10:02:54,3.31,21900,3.31,D
sz000592,平潭发展,2025-09-26 10:03:00,3.31,21900,3.31,U
sz000592,平潭发展,2025-09-26 10:03:18,3.31,131400,3.31,D
sz000592,平潭发展,2025-09-26 10:03:42,3.31,24100,3.31,D
sz000592,平潭发展,2025-09-26 10:03:54,3.31,30000,3.31,D
sz000592,平潭发展,2025-09-26 10:04:00,3.31,63900,3.31,U
sz000592,平潭发展,2025-09-26 10:04:06,3.32,39400,3.32,U
sz000592,平潭发展,2025-09-26 10:04:15,3.31,44000,3.32,D
sz000592,平潭发展,2025-09-26 10:06:15,3.31,227600,3.31,D
sz000592,平潭发展,2025-09-26 10:06:21,3.31,40300,3.31,D
sz000592,平潭发展,2025-09-26 10:06:24,3.31,212600,3.31,D
sz000592,平潭发展,2025-09-26 10:06:33,3.31,21400,3.31,D
sz000592,平潭发展,2025-09-26 10:06:36,3.31,246500,3.31,D
sz000592,平潭发展,2025-09-26 10:07:00,3.31,139700,3.31,D
sz000592,平潭发展,2025-09-26 10:07:03,3.32,46100,3.31,U
sz000592,平潭发展,2025-09-26 10:07:09,3.32,197800,3.32,U
sz000592,平潭发展,2025-09-26 10:07:12,3.32,30800,3.32,U
sz000592,平潭发展,2025-09-26 10:07:24,3.32,33600,3.31,U
sz000592,平潭发展,2025-09-26 10:07:42,3.32,31900,3.31,U
sz000592,平潭发展,2025-09-26 10:07:45,3.32,1115300,3.32,U
sz000592,平潭发展,2025-09-26 10:07:54,3.33,602200,3.32,U
sz000592,平潭发展,2025-09-26 10:08:00,3.33,93200,3.33,U
sz000592,平潭发展,2025-09-26 10:08:03,3.33,101000,3.33,U
sz000592,平潭发展,2025-09-26 10:08:09,3.33,91200,3.32,U
sz000592,平潭发展,2025-09-26 10:08:15,3.33,98000,3.33,U
sz000592,平潭发展,2025-09-26 10:08:39,3.33,24700,3.33,U
sz000592,平潭发展,2025-09-26 10:08:45,3.33,101000,3.33,U
sz000592,平潭发展,2025-09-26 10:09:45,3.33,220100,3.32,U
sz000592,平潭发展,2025-09-26 10:09:54,3.33,30000,3.33,U
sz000592,平潭发展,2025-09-26 10:10:00,3.33,317000,3.32,U
sz000592,平潭发展,2025-09-26 10:10:03,3.33,21500,3.33,D
sz000592,平潭发展,2025-09-26 10:10:39,3.35,2758700,3.34,U
sz000592,平潭发展,2025-09-26 10:10:42,3.35,248400,3.35,U
sz000592,平潭发展,2025-09-26 10:10:48,3.35,24900,3.35,U
sz000592,平潭发展,2025-09-26 10:10:54,3.35,31400,3.35,U
sz000592,平潭发展,2025-09-26 10:11:00,3.35,67600,3.35,U
sz000592,平潭发展,2025-09-26 10:11:03,3.35,125300,3.35,U
sz000592,平潭发展,2025-09-26 10:11:06,3.35,46600,3.35,D
sz000592,平潭发展,2025-09-26 10:11:09,3.35,64700,3.35,D
sz000592,平潭发展,2025-09-26 10:11:12,3.35,36800,3.35,D
sz000592,平潭发展,2025-09-26 10:11:15,3.36,26000,3.35,U
sz000592,平潭发展,2025-09-26 10:11:18,3.36,75600,3.36,U
sz000592,平潭发展,2025-09-26 10:11:33,3.36,96500,3.35,U
sz000592,平潭发展,2025-09-26 10:11:36,3.36,46300,3.36,U
sz000592,平潭发展,2025-09-26 10:11:39,3.36,46100,3.36,U
sz000592,平潭发展,2025-09-26 10:11:42,3.36,48200,3.36,U
sz000592,平潭发展,2025-09-26 10:11:48,3.36,44200,3.36,U
sz000592,平潭发展,2025-09-26 10:11:51,3.35,20300,3.36,D
sz000592,平潭发展,2025-09-26 10:11:54,3.36,1373600,3.35,U
sz000592,平潭发展,2025-09-26 10:12:00,3.37,55000,3.36,U
sz000592,平潭发展,2025-09-26 10:12:03,3.36,333700,3.37,D
sz000592,平潭发展,2025-09-26 10:12:06,3.36,74400,3.36,D
sz000592,平潭发展,2025-09-26 10:12:09,3.36,54300,3.36,D
sz000592,平潭发展,2025-09-26 10:12:12,3.37,26100,3.36,U
sz000592,平潭发展,2025-09-26 10:12:18,3.36,22000,3.37,D
sz000592,平潭发展,2025-09-26 10:12:27,3.36,20500,3.36,D
sz000592,平潭发展,2025-09-26 10:12:39,3.37,35900,3.36,U
sz000592,平潭发展,2025-09-26 10:12:45,3.37,50900,3.36,U
sz000592,平潭发展,2025-09-26 10:12:48,3.36,50200,3.37,D
sz000592,平潭发展,2025-09-26 10:12:54,3.37,205500,3.36,U
sz000592,平潭发展,2025-09-26 10:13:00,3.36,169800,3.36,D
sz000592,平潭发展,2025-09-26 10:13:03,3.36,67200,3.36,D
sz000592,平潭发展,2025-09-26 10:13:09,3.36,25500,3.36,D
sz000592,平潭发展,2025-09-26 10:13:12,3.36,46700,3.36,D
sz000592,平潭发展,2025-09-26 10:13:15,3.37,22100,3.36,U
sz000592,平潭发展,2025-09-26 10:13:18,3.36,184800,3.37,D
sz000592,平潭发展,2025-09-26 10:13:21,3.36,75500,3.36,D
sz000592,平潭发展,2025-09-26 10:13:24,3.36,284900,3.36,D
sz000592,平潭发展,2025-09-26 10:13:27,3.36,93100,3.36,D
sz000592,平潭发展,2025-09-26 10:13:33,3.36,128000,3.36,D
sz000592,平潭发展,2025-09-26 10:13:36,3.36,20500,3.36,D
sz000592,平潭发展,2025-09-26 10:13:39,3.36,56400,3.36,D
sz000592,平潭发展,2025-09-26 10:13:42,3.36,23000,3.36,D
sz000592,平潭发展,2025-09-26 10:13:51,3.38,2477600,3.36,U
sz000592,平潭发展,2025-09-26 10:13:54,3.37,39600,3.38,D
sz000592,平潭发展,2025-09-26 10:14:03,3.38,557400,3.37,U
sz000592,平潭发展,2025-09-26 10:14:06,3.38,56400,3.38,U
sz000592,平潭发展,2025-09-26 10:14:09,3.38,45700,3.38,U
sz000592,平潭发展,2025-09-26 10:14:15,3.39,43900,3.38,U
sz000592,平潭发展,2025-09-26 10:14:18,3.39,77400,3.39,U
sz000592,平潭发展,2025-09-26 10:14:21,3.39,39000,3.39,U
sz000592,平潭发展,2025-09-26 10:14:24,3.39,248000,3.39,U
sz000592,平潭发展,2025-09-26 10:14:27,3.39,199800,3.39,U
sz000592,平潭发展,2025-09-26 10:14:30,3.39,259200,3.39,U
sz000592,平潭发展,2025-09-26 10:14:33,3.39,218600,3.39,U
sz000592,平潭发展,2025-09-26 10:14:36,3.39,656500,3.39,U
sz000592,平潭发展,2025-09-26 10:14:39,3.39,98100,3.39,U
sz000592,平潭发展,2025-09-26 10:14:42,3.4,69800,3.39,U
sz000592,平潭发展,2025-09-26 10:14:45,3.4,70400,3.4,U
sz000592,平潭发展,2025-09-26 10:14:48,3.4,318700,3.4,U
sz000592,平潭发展,2025-09-26 10:14:51,3.4,72600,3.4,U
sz000592,平潭发展,2025-09-26 10:14:54,3.4,481000,3.4,U
sz000592,平潭发展,2025-09-26 10:14:57,3.4,163200,3.4,U
sz000592,平潭发展,2025-09-26 10:15:00,3.39,1515800,3.4,D
sz000592,平潭发展,2025-09-26 10:15:03,3.4,371000,3.39,U
sz000592,平潭发展,2025-09-26 10:15:06,3.4,69700,3.4,U
sz000592,平潭发展,2025-09-26 10:15:09,3.4,130600,3.4,U
sz000592,平潭发展,2025-09-26 10:15:12,3.39,52500,3.4,D
sz000592,平潭发展,2025-09-26 10:15:15,3.39,125700,3.39,U
sz000592,平潭发展,2025-09-26 10:15:18,3.39,37600,3.39,U
sz000592,平潭发展,2025-09-26 10:15:21,3.39,460900,3.39,U
sz000592,平潭发展,2025-09-26 10:15:24,3.4,68100,3.39,U
sz000592,平潭发展,2025-09-26 10:15:27,3.39,187500,3.4,D
sz000592,平潭发展,2025-09-26 10:15:30,3.39,44700,3.39,D
sz000592,平潭发展,2025-09-26 10:15:33,3.39,189400,3.39,D
sz000592,平潭发展,2025-09-26 10:15:36,3.39,173400,3.39,D
sz000592,平潭发展,2025-09-26 10:15:39,3.39,82700,3.39,D
sz000592,平潭发展,2025-09-26 10:15:42,3.39,203100,3.39,D
sz000592,平潭发展,2025-09-26 10:15:45,3.42,2109280,3.39,U
sz000592,平潭发展,2025-09-26 10:15:48,3.41,240400,3.42,D
sz000592,平潭发展,2025-09-26 10:15:51,3.41,211758,3.41,D
sz000592,平潭发展,2025-09-26 10:15:54,3.42,131942,3.41,U
sz000592,平潭发展,2025-09-26 10:15:57,3.42,68400,3.42,U
sz000592,平潭发展,2025-09-26 10:16:00,3.42,61100,3.42,U
sz000592,平潭发展,2025-09-26 10:16:03,3.42,442100,3.42,U
sz000592,平潭发展,2025-09-26 10:16:06,3.42,113700,3.42,U
sz000592,平潭发展,2025-09-26 10:16:09,3.42,254700,3.42,D
sz000592,平潭发展,2025-09-26 10:16:12,3.42,555900,3.42,D
sz000592,平潭发展,2025-09-26 10:16:15,3.42,114800,3.42,U
sz000592,平潭发展,2025-09-26 10:16:18,3.42,83300,3.42,U
sz000592,平潭发展,2025-09-26 10:16:21,3.41,144500,3.42,D
sz000592,平潭发展,2025-09-26 10:16:24,3.41,246300,3.41,D
sz000592,平潭发展,2025-09-26 10:16:27,3.42,56800,3.41,U
sz000592,平潭发展,2025-09-26 10:16:30,3.42,123200,3.42,U
sz000592,平潭发展,2025-09-26 10:16:33,3.42,43800,3.42,U
sz000592,平潭发展,2025-09-26 10:16:36,3.42,47592,3.42,U
sz000592,平潭发展,2025-09-26 10:16:39,3.41,112200,3.42,D
sz000592,平潭发展,2025-09-26 10:16:42,3.42,396308,3.41,U
sz000592,平潭发展,2025-09-26 10:16:45,3.41,38700,3.42,E
sz000592,平潭发展,2025-09-26 10:16:48,3.41,112300,3.41,D
sz000592,平潭发展,2025-09-26 10:16:51,3.42,121700,3.41,U
sz000592,平潭发展,2025-09-26 10:16:54,3.41,72100,3.42,D
sz000592,平潭发展,2025-09-26 10:16:57,3.41,104800,3.41,D
sz000592,平潭发展,2025-09-26 10:17:00,3.42,202600,3.41,U
sz000592,平潭发展,2025-09-26 10:17:03,3.43,1167292,3.42,U
sz000592,平潭发展,2025-09-26 10:17:06,3.46,1262358,3.43,U
sz000592,平潭发展,2025-09-26 10:17:09,3.47,536300,3.46,U
sz000592,平潭发展,2025-09-26 10:17:12,3.48,1403100,3.47,U
sz000592,平潭发展,2025-09-26 10:17:15,3.49,561100,3.48,U
sz000592,平潭发展,2025-09-26 10:17:18,3.49,575400,3.49,U
sz000592,平潭发展,2025-09-26 10:17:21,3.49,392500,3.49,D
sz000592,平潭发展,2025-09-26 10:17:24,3.49,522200,3.49,U
sz000592,平潭发展,2025-09-26 10:17:27,3.48,580500,3.49,E
sz000592,平潭发展,2025-09-26 10:17:30,3.49,241300,3.48,U
sz000592,平潭发展,2025-09-26 10:17:33,3.49,390700,3.49,U
sz000592,平潭发展,2025-09-26 10:17:36,3.48,127800,3.49,U
sz000592,平潭发展,2025-09-26 10:17:39,3.49,587300,3.48,U
sz000592,平潭发展,2025-09-26 10:17:42,3.48,262700,3.49,D
sz000592,平潭发展,2025-09-26 10:17:45,3.48,328008,3.48,U
sz000592,平潭发展,2025-09-26 10:17:48,3.49,133400,3.48,U
sz000592,平潭发展,2025-09-26 10:17:51,3.48,364492,3.49,D
sz000592,平潭发展,2025-09-26 10:17:54,3.48,241000,3.48,U
sz000592,平潭发展,2025-09-26 10:17:57,3.48,153708,3.48,U
sz000592,平潭发展,2025-09-26 10:18:00,3.48,111100,3.48,D
sz000592,平潭发展,2025-09-26 10:18:03,3.49,281400,3.48,U
sz000592,平潭发展,2025-09-26 10:18:06,3.47,477892,3.49,D
sz000592,平潭发展,2025-09-26 10:18:09,3.48,201900,3.47,U
sz000592,平潭发展,2025-09-26 10:18:12,3.48,54300,3.48,U
sz000592,平潭发展,2025-09-26 10:18:15,3.47,135200,3.48,D
sz000592,平潭发展,2025-09-26 10:18:18,3.46,66900,3.47,D
sz000592,平潭发展,2025-09-26 10:18:21,3.46,59600,3.46,D
sz000592,平潭发展,2025-09-26 10:18:24,3.46,139100,3.46,D
sz000592,平潭发展,2025-09-26 10:18:27,3.45,59600,3.46,D
sz000592,平潭发展,2025-09-26 10:18:30,3.45,53300,3.45,D
sz000592,平潭发展,2025-09-26 10:18:33,3.45,116000,3.45,D
sz000592,平潭发展,2025-09-26 10:18:36,3.45,96100,3.45,D
sz000592,平潭发展,2025-09-26 10:18:39,3.45,58900,3.45,U
sz000592,平潭发展,2025-09-26 10:18:42,3.44,240000,3.45,D
sz000592,平潭发展,2025-09-26 10:18:45,3.45,141600,3.44,U
sz000592,平潭发展,2025-09-26 10:18:48,3.45,111900,3.45,D
sz000592,平潭发展,2025-09-26 10:18:51,3.45,85900,3.45,D
sz000592,平潭发展,2025-09-26 10:18:54,3.45,229400,3.45,D
sz000592,平潭发展,2025-09-26 10:18:57,3.45,35800,3.45,U
sz000592,平潭发展,2025-09-26 10:19:00,3.45,52900,3.45,U
sz000592,平潭发展,2025-09-26 10:19:03,3.45,94500,3.45,U
sz000592,平潭发展,2025-09-26 10:19:06,3.44,148100,3.45,D
sz000592,平潭发展,2025-09-26 10:19:09,3.46,298700,3.44,U
sz000592,平潭发展,2025-09-26 10:19:12,3.45,52400,3.46,D
sz000592,平潭发展,2025-09-26 10:19:15,3.45,60700,3.45,U
sz000592,平潭发展,2025-09-26 10:19:18,3.45,301900,3.45,U
sz000592,平潭发展,2025-09-26 10:19:21,3.44,141200,3.45,D
sz000592,平潭发展,2025-09-26 10:19:24,3.44,172600,3.44,D
sz000592,平潭发展,2025-09-26 10:19:27,3.45,368000,3.44,U
sz000592,平潭发展,2025-09-26 10:19:30,3.45,60500,3.45,D
sz000592,平潭发展,2025-09-26 10:19:33,3.44,42300,3.45,D
sz000592,平潭发展,2025-09-26 10:19:36,3.45,193400,3.44,U
sz000592,平潭发展,2025-09-26 10:19:39,3.44,106200,3.45,D
sz000592,平潭发展,2025-09-26 10:19:42,3.44,106000,3.44,U
sz000592,平潭发展,2025-09-26 10:19:45,3.44,140400,3.44,U
sz000592,平潭发展,2025-09-26 10:19:48,3.44,103500,3.44,U
sz000592,平潭发展,2025-09-26 10:19:54,3.44,131000,3.44,U
sz000592,平潭发展,2025-09-26 10:19:57,3.44,72400,3.44,D
sz000592,平潭发展,2025-09-26 10:20:00,3.43,42100,3.44,D
sz000592,平潭发展,2025-09-26 10:20:03,3.44,29400,3.43,U
sz000592,平潭发展,2025-09-26 10:20:06,3.45,589500,3.44,U
sz000592,平潭发展,2025-09-26 10:20:09,3.46,53000,3.45,U
sz000592,平潭发展,2025-09-26 10:20:12,3.45,75100,3.46,D
sz000592,平潭发展,2025-09-26 10:20:15,3.46,37300,3.45,U
sz000592,平潭发展,2025-09-26 10:20:18,3.45,122600,3.46,D
sz000592,平潭发展,2025-09-26 10:20:21,3.45,404300,3.45,D
sz000592,平潭发展,2025-09-26 10:20:24,3.45,245300,3.45,U
sz000592,平潭发展,2025-09-26 10:20:27,3.46,66300,3.45,U
sz000592,平潭发展,2025-09-26 10:20:30,3.45,56300,3.46,D
sz000592,平潭发展,2025-09-26 10:20:33,3.45,222000,3.45,D
sz000592,平潭发展,2025-09-26 10:20:36,3.45,128900,3.45,D
sz000592,平潭发展,2025-09-26 10:20:39,3.46,104700,3.45,U
sz000592,平潭发展,2025-09-26 10:20:42,3.46,271500,3.46,U
sz000592,平潭发展,2025-09-26 10:20:45,3.45,64700,3.46,D
sz000592,平潭发展,2025-09-26 10:20:48,3.46,29400,3.45,U
sz000592,平潭发展,2025-09-26 10:20:51,3.46,301000,3.46,U
sz000592,平潭发展,2025-09-26 10:20:54,3.46,162700,3.46,U
sz000592,平潭发展,2025-09-26 10:20:57,3.46,85400,3.46,D
sz000592,平潭发展,2025-09-26 10:21:00,3.46,165900,3.46,D
sz000592,平潭发展,2025-09-26 10:21:03,3.46,40500,3.46,D
sz000592,平潭发展,2025-09-26 10:21:06,3.46,207600,3.46,D
sz000592,平潭发展,2025-09-26 10:21:09,3.46,143700,3.46,U
sz000592,平潭发展,2025-09-26 10:21:12,3.45,91500,3.46,D
sz000592,平潭发展,2025-09-26 10:21:15,3.46,59900,3.45,U
sz000592,平潭发展,2025-09-26 10:21:18,3.46,262100,3.46,U
sz000592,平潭发展,2025-09-26 10:21:21,3.45,452000,3.46,D
sz000592,平潭发展,2025-09-26 10:21:24,3.45,48600,3.45,D
sz000592,平潭发展,2025-09-26 10:21:27,3.45,65100,3.45,D
sz000592,平潭发展,2025-09-26 10:21:30,3.45,37800,3.45,D
sz000592,平潭发展,2025-09-26 10:21:33,3.45,175600,3.45,D
sz000592,平潭发展,2025-09-26 10:21:36,3.45,176400,3.45,D
sz000592,平潭发展,2025-09-26 10:21:39,3.46,848700,3.45,U
sz000592,平潭发展,2025-09-26 10:21:42,3.46,66200,3.46,D
sz000592,平潭发展,2025-09-26 10:21:45,3.47,252300,3.46,U
sz000592,平潭发展,2025-09-26 10:21:48,3.46,234600,3.47,D
sz000592,平潭发展,2025-09-26 10:21:51,3.48,273500,3.46,U
sz000592,平潭发展,2025-09-26 10:21:54,3.48,158700,3.48,U
sz000592,平潭发展,2025-09-26 10:21:57,3.48,1069608,3.48,U
sz000592,平潭发展,2025-09-26 10:22:00,3.5,3470100,3.48,U
sz000592,平潭发展,2025-09-26 10:22:03,3.54,2691700,3.5,U
sz000592,平潭发展,2025-09-26 10:22:06,3.55,797800,3.54,U
sz000592,平潭发展,2025-09-26 10:22:09,3.54,522600,3.55,D
sz000592,平潭发展,2025-09-26 10:22:12,3.54,848100,3.54,D
sz000592,平潭发展,2025-09-26 10:22:15,3.52,418600,3.54,D
sz000592,平潭发展,2025-09-26 10:22:18,3.52,385900,3.52,D
sz000592,平潭发展,2025-09-26 10:22:21,3.51,175800,3.52,D
sz000592,平潭发展,2025-09-26 10:22:24,3.52,199600,3.51,U
sz000592,平潭发展,2025-09-26 10:22:27,3.51,196600,3.52,E
sz000592,平潭发展,2025-09-26 10:22:30,3.52,241500,3.51,U
sz000592,平潭发展,2025-09-26 10:22:33,3.52,241100,3.52,U
sz000592,平潭发展,2025-09-26 10:22:36,3.52,270200,3.52,U
sz000592,平潭发展,2025-09-26 10:22:39,3.51,137900,3.52,D
sz000592,平潭发展,2025-09-26 10:22:42,3.51,291100,3.51,U
sz000592,平潭发展,2025-09-26 10:22:45,3.51,564000,3.51,U
sz000592,平潭发展,2025-09-26 10:22:48,3.51,117300,3.51,U
sz000592,平潭发展,2025-09-26 10:22:51,3.52,170000,3.51,U
sz000592,平潭发展,2025-09-26 10:22:54,3.51,223300,3.52,D
sz000592,平潭发展,2025-09-26 10:22:57,3.51,272900,3.51,U
sz000592,平潭发展,2025-09-26 10:23:00,3.51,66000,3.51,D
sz000592,平潭发展,2025-09-26 10:23:03,3.51,346400,3.51,D
sz000592,平潭发展,2025-09-26 10:23:06,3.52,77900,3.51,U
sz000592,平潭发展,2025-09-26 10:23:09,3.5,278800,3.52,D
sz000592,平潭发展,2025-09-26 10:23:12,3.5,55300,3.5,D
sz000592,平潭发展,2025-09-26 10:23:15,3.5,323300,3.5,D
sz000592,平潭发展,2025-09-26 10:23:18,3.5,281200,3.5,D
sz000592,平潭发展,2025-09-26 10:23:21,3.5,85900,3.5,D
sz000592,平潭发展,2025-09-26 10:23:24,3.51,32800,3.5,U
sz000592,平潭发展,2025-09-26 10:23:27,3.5,56700,3.51,D
sz000592,平潭发展,2025-09-26 10:23:30,3.51,316200,3.5,U
sz000592,平潭发展,2025-09-26 10:23:33,3.5,22500,3.51,D
sz000592,平潭发展,2025-09-26 10:23:36,3.51,73900,3.5,U
sz000592,平潭发展,2025-09-26 10:23:39,3.51,34600,3.51,U
sz000592,平潭发展,2025-09-26 10:23:42,3.51,36000,3.51,D
sz000592,平潭发展,2025-09-26 10:23:45,3.51,80100,3.51,U
sz000592,平潭发展,2025-09-26 10:23:48,3.51,23300,3.51,D
sz000592,平潭发展,2025-09-26 10:23:51,3.51,208800,3.51,D
sz000592,平潭发展,2025-09-26 10:23:54,3.5,526000,3.51,D
sz000592,平潭发展,2025-09-26 10:23:57,3.5,65500,3.5,D
sz000592,平潭发展,2025-09-26 10:24:00,3.5,89300,3.5,D
sz000592,平潭发展,2025-09-26 10:24:03,3.5,86500,3.5,U
sz000592,平潭发展,2025-09-26 10:24:06,3.5,49500,3.5,D
sz000592,平潭发展,2025-09-26 10:24:09,3.49,110500,3.5,D
sz000592,平潭发展,2025-09-26 10:24:12,3.49,191100,3.49,D
sz000592,平潭发展,2025-09-26 10:24:15,3.49,20900,3.49,U
sz000592,平潭发展,2025-09-26 10:24:21,3.48,109000,3.49,D
sz000592,平潭发展,2025-09-26 10:24:24,3.48,145900,3.48,D
sz000592,平潭发展,2025-09-26 10:24:27,3.48,210000,3.48,D
sz000592,平潭发展,2025-09-26 10:24:30,3.48,75900,3.48,U
sz000592,平潭发展,2025-09-26 10:24:33,3.49,329065,3.48,U
sz000592,平潭发展,2025-09-26 10:24:36,3.49,136000,3.49,D
sz000592,平潭发展,2025-09-26 10:24:39,3.49,293500,3.49,D
sz000592,平潭发展,2025-09-26 10:24:42,3.48,92635,3.49,D
sz000592,平潭发展,2025-09-26 10:24:45,3.49,120765,3.48,U
sz000592,平潭发展,2025-09-26 10:24:54,3.48,32200,3.48,D
sz000592,平潭发展,2025-09-26 10:24:57,3.49,57700,3.48,U
sz000592,平潭发展,2025-09-26 10:25:00,3.49,21800,3.49,U
sz000592,平潭发展,2025-09-26 10:25:09,3.49,46000,3.49,U
sz000592,平潭发展,2025-09-26 10:25:21,3.49,115500,3.49,U
sz000592,平潭发展,2025-09-26 10:25:36,3.48,24000,3.49,D
sz000592,平潭发展,2025-09-26 10:25:39,3.49,71100,3.48,U
sz000592,平潭发展,2025-09-26 10:25:42,3.48,25100,3.49,D
sz000592,平潭发展,2025-09-26 10:25:51,3.48,437800,3.49,D
sz000592,平潭发展,2025-09-26 10:25:54,3.48,29100,3.48,U
sz000592,平潭发展,2025-09-26 10:25:57,3.47,22400,3.48,D
sz000592,平潭发展,2025-09-26 10:26:09,3.47,134500,3.47,D
sz000592,平潭发展,2025-09-26 10:26:12,3.47,240300,3.47,U
sz000592,平潭发展,2025-09-26 10:26:18,3.48,61300,3.47,U
sz000592,平潭发展,2025-09-26 10:26:33,3.48,88600,3.47,U
sz000592,平潭发展,2025-09-26 10:26:36,3.47,45300,3.48,D
sz000592,平潭发展,2025-09-26 10:26:39,3.47,33500,3.47,D
sz000592,平潭发展,2025-09-26 10:26:42,3.48,36200,3.47,U
sz000592,平潭发展,2025-09-26 10:26:45,3.47,24500,3.48,D
sz000592,平潭发展,2025-09-26 10:26:51,3.47,35300,3.47,D
sz000592,平潭发展,2025-09-26 10:26:54,3.48,33600,3.47,U
sz000592,平潭发展,2025-09-26 10:27:03,3.47,557300,3.48,D
sz000592,平潭发展,2025-09-26 10:27:06,3.48,107100,3.47,E
sz000592,平潭发展,2025-09-26 10:27:09,3.49,218700,3.48,U
sz000592,平潭发展,2025-09-26 10:27:12,3.49,335600,3.49,U
sz000592,平潭发展,2025-09-26 10:27:15,3.49,23500,3.49,D
sz000592,平潭发展,2025-09-26 10:27:18,3.49,214000,3.49,D
sz000592,平潭发展,2025-09-26 10:27:30,3.49,52600,3.49,U
sz000592,平潭发展,2025-09-26 10:27:33,3.49,225600,3.49,U
sz000592,平潭发展,2025-09-26 10:27:42,3.49,78400,3.48,U
sz000592,平潭发展,2025-09-26 10:27:45,3.49,77000,3.49,U
sz000592,平潭发展,2025-09-26 10:27:48,3.48,139000,3.49,D
sz000592,平潭发展,2025-09-26 10:27:54,3.49,34700,3.48,U
sz000592,平潭发展,2025-09-26 10:27:57,3.48,72100,3.49,D
sz000592,平潭发展,2025-09-26 10:28:09,3.48,153200,3.49,D
sz000592,平潭发展,2025-09-26 10:28:15,3.49,26500,3.49,U
sz000592,平潭发展,2025-09-26 10:28:21,3.49,58800,3.49,U
sz000592,平潭发展,2025-09-26 10:28:27,3.48,140600,3.49,D
sz000592,平潭发展,2025-09-26 10:28:30,3.49,67500,3.48,U
sz000592,平潭发展,2025-09-26 10:28:33,3.49,87600,3.49,U
sz000592,平潭发展,2025-09-26 10:28:36,3.49,21200,3.49,U
sz000592,平潭发展,2025-09-26 10:28:51,3.48,31500,3.48,D
sz000592,平潭发展,2025-09-26 10:28:54,3.48,21800,3.48,D
sz000592,平潭发展,2025-09-26 10:29:00,3.48,131500,3.49,D
sz000592,平潭发展,2025-09-26 10:29:03,3.48,82300,3.48,U
sz000592,平潭发展,2025-09-26 10:29:15,3.47,113900,3.47,D
sz000592,平潭发展,2025-09-26 10:29:18,3.48,73600,3.47,U
sz000592,平潭发展,2025-09-26 10:29:30,3.47,527900,3.47,D
sz000592,平潭发展,2025-09-26 10:29:33,3.47,50000,3.47,U
sz000592,平潭发展,2025-09-26 10:29:36,3.47,96300,3.47,U
sz000592,平潭发展,2025-09-26 10:29:39,3.47,85800,3.47,U
sz000592,平潭发展,2025-09-26 10:29:42,3.46,31000,3.47,D
sz000592,平潭发展,2025-09-26 10:29:48,3.48,62600,3.47,U
sz000592,平潭发展,2025-09-26 10:29:51,3.48,354700,3.48,U
sz000592,平潭发展,2025-09-26 10:29:54,3.48,46600,3.48,U
sz000592,平潭发展,2025-09-26 10:29:57,3.48,125000,3.48,U
sz000592,平潭发展,2025-09-26 10:30:00,3.48,213200,3.48,U
sz000592,平潭发展,2025-09-26 10:30:03,3.48,101200,3.48,U
sz000592,平潭发展,2025-09-26 10:30:09,3.48,133000,3.48,D
sz000592,平潭发展,2025-09-26 10:30:30,3.48,266300,3.47,U
sz000592,平潭发展,2025-09-26 10:30:33,3.48,118500,3.48,D
sz000592,平潭发展,2025-09-26 10:30:42,3.48,128300,3.48,D
sz000592,平潭发展,2025-09-26 10:30:45,3.48,84800,3.48,U
sz000592,平潭发展,2025-09-26 10:30:51,3.48,97000,3.48,U
sz000592,平潭发展,2025-09-26 10:31:09,3.47,169600,3.48,D
sz000592,平潭发展,2025-09-26 10:31:12,3.47,55300,3.47,D
sz000592,平潭发展,2025-09-26 10:31:15,3.48,40900,3.47,U
sz000592,平潭发展,2025-09-26 10:31:18,3.47,37200,3.48,D
sz000592,平潭发展,2025-09-26 10:31:24,3.47,258300,3.47,U
sz000592,平潭发展,2025-09-26 10:31:27,3.47,24700,3.47,D
sz000592,平潭发展,2025-09-26 10:31:30,3.47,53100,3.47,D
sz000592,平潭发展,2025-09-26 10:31:33,3.47,39700,3.47,D
sz000592,平潭发展,2025-09-26 10:31:51,3.47,40000,3.47,U
sz000592,平潭发展,2025-09-26 10:31:54,3.46,107400,3.47,D
sz000592,平潭发展,2025-09-26 10:31:57,3.47,44400,3.46,U
sz000592,平潭发展,2025-09-26 10:32:03,3.46,45100,3.47,D
sz000592,平潭发展,2025-09-26 10:32:12,3.46,105900,3.46,D
sz000592,平潭发展,2025-09-26 10:32:15,3.46,55800,3.46,D
sz000592,平潭发展,2025-09-26 10:32:18,3.46,310400,3.46,D
sz000592,平潭发展,2025-09-26 10:32:21,3.46,675700,3.46,D
sz000592,平潭发展,2025-09-26 10:32:24,3.45,24200,3.46,D
sz000592,平潭发展,2025-09-26 10:32:27,3.46,29900,3.45,U
sz000592,平潭发展,2025-09-26 10:32:30,3.46,224100,3.46,U
sz000592,平潭发展,2025-09-26 10:32:36,3.45,350300,3.46,D
sz000592,平潭发展,2025-09-26 10:32:39,3.45,227700,3.45,D
sz000592,平潭发展,2025-09-26 10:32:42,3.45,64400,3.45,D
sz000592,平潭发展,2025-09-26 10:32:45,3.45,64800,3.45,D
sz000592,平潭发展,2025-09-26 10:32:48,3.45,94400,3.45,D
sz000592,平潭发展,2025-09-26 10:32:51,3.45,93900,3.45,D
sz000592,平潭发展,2025-09-26 10:32:54,3.45,84000,3.45,D
sz000592,平潭发展,2025-09-26 10:32:57,3.45,123300,3.45,D
sz000592,平潭发展,2025-09-26 10:33:03,3.45,118000,3.45,U
sz000592,平潭发展,2025-09-26 10:33:09,3.46,58600,3.45,U
sz000592,平潭发展,2025-09-26 10:33:18,3.45,62500,3.45,D
sz000592,平潭发展,2025-09-26 10:33:21,3.45,115500,3.45,D
sz000592,平潭发展,2025-09-26 10:33:24,3.45,49000,3.45,D
sz000592,平潭发展,2025-09-26 10:33:27,3.45,22500,3.45,D
sz000592,平潭发展,2025-09-26 10:33:30,3.45,32500,3.45,D
sz000592,平潭发展,2025-09-26 10:33:39,3.45,51400,3.45,D
sz000592,平潭发展,2025-09-26 10:33:42,3.45,20900,3.45,D
sz000592,平潭发展,2025-09-26 10:33:45,3.45,21900,3.45,D
sz000592,平潭发展,2025-09-26 10:33:54,3.46,58300,3.45,U
sz000592,平潭发展,2025-09-26 10:34:06,3.46,612000,3.46,U
sz000592,平潭发展,2025-09-26 10:34:12,3.47,26200,3.47,U
sz000592,平潭发展,2025-09-26 10:34:27,3.48,932700,3.47,U
sz000592,平潭发展,2025-09-26 10:34:36,3.48,249600,3.48,U
sz000592,平潭发展,2025-09-26 10:34:39,3.48,178100,3.48,U
sz000592,平潭发展,2025-09-26 10:34:42,3.47,34200,3.48,D
sz000592,平潭发展,2025-09-26 10:34:51,3.47,55700,3.48,D
sz000592,平潭发展,2025-09-26 10:34:57,3.47,37000,3.47,D
sz000592,平潭发展,2025-09-26 10:35:00,3.47,20100,3.47,D
sz000592,平潭发展,2025-09-26 10:35:03,3.47,59700,3.47,D
sz000592,平潭发展,2025-09-26 10:35:09,3.47,131500,3.47,U
sz000592,平潭发展,2025-09-26 10:35:12,3.48,55900,3.47,U
sz000592,平潭发展,2025-09-26 10:35:15,3.48,235900,3.48,U
sz000592,平潭发展,2025-09-26 10:35:21,3.46,20000,3.47,D
sz000592,平潭发展,2025-09-26 10:35:33,3.46,35600,3.47,D
sz000592,平潭发展,2025-09-26 10:35:39,3.46,22200,3.46,D
sz000592,平潭发展,2025-09-26 10:35:42,3.46,203100,3.46,D
sz000592,平潭发展,2025-09-26 10:35:45,3.46,53300,3.46,D
sz000592,平潭发展,2025-09-26 10:35:51,3.46,39000,3.46,D
sz000592,平潭发展,2025-09-26 10:35:57,3.46,37600,3.46,D
sz000592,平潭发展,2025-09-26 10:36:03,3.46,22200,3.46,D
sz000592,平潭发展,2025-09-26 10:36:06,3.47,32800,3.46,U
sz000592,平潭发展,2025-09-26 10:36:09,3.47,105700,3.47,U
sz000592,平潭发展,2025-09-26 10:36:12,3.46,35900,3.47,D
sz000592,平潭发展,2025-09-26 10:36:15,3.46,191300,3.46,D
sz000592,平潭发展,2025-09-26 10:36:18,3.47,103700,3.46,U
sz000592,平潭发展,2025-09-26 10:36:27,3.46,21200,3.47,D
sz000592,平潭发展,2025-09-26 10:36:33,3.46,48100,3.46,D
sz000592,平潭发展,2025-09-26 10:37:06,3.46,168700,3.46,D
sz000592,平潭发展,2025-09-26 10:37:09,3.46,28100,3.46,D
sz000592,平潭发展,2025-09-26 10:37:39,3.47,61000,3.46,U
sz000592,平潭发展,2025-09-26 10:37:48,3.47,1257500,3.47,U
sz000592,平潭发展,2025-09-26 10:37:51,3.48,34200,3.47,D
sz000592,平潭发展,2025-09-26 10:38:00,3.47,244700,3.48,D
sz000592,平潭发展,2025-09-26 10:38:03,3.47,109300,3.47,U
sz000592,平潭发展,2025-09-26 10:38:15,3.48,42500,3.47,U
sz000592,平潭发展,2025-09-26 10:38:24,3.48,46600,3.48,U
sz000592,平潭发展,2025-09-26 10:38:42,3.48,21000,3.47,U
sz000592,平潭发展,2025-09-26 10:39:06,3.48,32800,3.48,U
sz000592,平潭发展,2025-09-26 10:39:15,3.47,22400,3.47,D
sz000592,平潭发展,2025-09-26 10:39:21,3.47,235200,3.48,D
sz000592,平潭发展,2025-09-26 10:40:09,3.47,40100,3.47,U
sz000592,平潭发展,2025-09-26 10:40:12,3.47,20500,3.47,U
sz000592,平潭发展,2025-09-26 10:40:45,3.46,89900,3.46,D
sz000592,平潭发展,2025-09-26 10:40:48,3.46,187700,3.46,D
sz000592,平潭发展,2025-09-26 10:40:51,3.46,37300,3.46,D
sz000592,平潭发展,2025-09-26 10:40:57,3.46,20000,3.46,U
sz000592,平潭发展,2025-09-26 10:41:06,3.46,41100,3.46,U
sz000592,平潭发展,2025-09-26 10:41:09,3.46,20300,3.46,U
sz000592,平潭发展,2025-09-26 10:41:42,3.45,180500,3.45,D
sz000592,平潭发展,2025-09-26 10:41:45,3.47,196800,3.45,U
sz000592,平潭发展,2025-09-26 10:41:48,3.46,53200,3.47,D
sz000592,平潭发展,2025-09-26 10:41:57,3.46,24600,3.46,D
sz000592,平潭发展,2025-09-26 10:42:12,3.47,25500,3.47,U
sz000592,平潭发展,2025-09-26 10:42:18,3.47,74500,3.46,U
sz000592,平潭发展,2025-09-26 10:42:21,3.47,31400,3.47,U
sz000592,平潭发展,2025-09-26 10:42:30,3.47,40000,3.46,U
sz000592,平潭发展,2025-09-26 10:42:39,3.46,214500,3.47,D
sz000592,平潭发展,2025-09-26 10:42:45,3.46,59300,3.46,D
sz000592,平潭发展,2025-09-26 10:43:18,3.47,72000,3.47,U
sz000592,平潭发展,2025-09-26 10:43:30,3.47,45000,3.46,U
sz000592,平潭发展,2025-09-26 10:43:33,3.47,22600,3.47,U
sz000592,平潭发展,2025-09-26 10:43:42,3.47,84500,3.47,U
sz000592,平潭发展,2025-09-26 10:44:06,3.46,84000,3.46,D
sz000592,平潭发展,2025-09-26 10:44:12,3.46,25400,3.46,D
sz000592,平潭发展,2025-09-26 10:44:18,3.46,134600,3.46,D
sz000592,平潭发展,2025-09-26 10:44:39,3.46,88800,3.45,U
sz000592,平潭发展,2025-09-26 10:44:42,3.46,54500,3.46,D
sz000592,平潭发展,2025-09-26 10:44:54,3.46,29200,3.46,D
sz000592,平潭发展,2025-09-26 10:44:57,3.46,25200,3.46,D
sz000592,平潭发展,2025-09-26 10:45:03,3.46,22700,3.46,D
sz000592,平潭发展,2025-09-26 10:45:06,3.46,24300,3.46,D
sz000592,平潭发展,2025-09-26 10:45:15,3.47,105300,3.46,U
sz000592,平潭发展,2025-09-26 10:45:21,3.46,129600,3.46,D
sz000592,平潭发展,2025-09-26 10:45:36,3.46,50600,3.46,D
sz000592,平潭发展,2025-09-26 10:45:39,3.47,363000,3.46,U
sz000592,平潭发展,2025-09-26 10:45:42,3.47,71500,3.47,D
sz000592,平潭发展,2025-09-26 10:45:45,3.47,75300,3.47,U
sz000592,平潭发展,2025-09-26 10:45:57,3.48,36100,3.47,U
sz000592,平潭发展,2025-09-26 10:46:03,3.48,21300,3.47,U
sz000592,平潭发展,2025-09-26 10:46:27,3.48,31100,3.48,U
sz000592,平潭发展,2025-09-26 10:47:03,3.47,22300,3.47,D
sz000592,平潭发展,2025-09-26 10:47:09,3.47,48700,3.48,D
sz000592,平潭发展,2025-09-26 10:47:12,3.47,30700,3.47,D
sz000592,平潭发展,2025-09-26 10:47:15,3.47,32100,3.47,D
sz000592,平潭发展,2025-09-26 10:47:18,3.47,29600,3.47,D
sz000592,平潭发展,2025-09-26 10:48:24,3.47,30700,3.48,D
sz000592,平潭发展,2025-09-26 10:49:18,3.47,33000,3.48,D
sz000592,平潭发展,2025-09-26 10:49:42,3.47,26600,3.47,D
sz000592,平潭发展,2025-09-26 10:49:54,3.47,381700,3.47,D
sz000592,平潭发展,2025-09-26 10:50:21,3.47,86600,3.46,U
sz000592,平潭发展,2025-09-26 10:50:36,3.46,61900,3.46,D
sz000592,平潭发展,2025-09-26 10:50:42,3.46,22600,3.47,D
sz000592,平潭发展,2025-09-26 10:51:39,3.47,328300,3.47,U
sz000592,平潭发展,2025-09-26 10:51:51,3.48,20900,3.47,U
sz000592,平潭发展,2025-09-26 10:51:57,3.48,1170300,3.48,U
sz000592,平潭发展,2025-09-26 10:52:00,3.48,204400,3.48,D
sz000592,平潭发展,2025-09-26 10:52:03,3.48,279500,3.48,D
sz000592,平潭发展,2025-09-26 10:52:06,3.5,462600,3.48,U
sz000592,平潭发展,2025-09-26 10:52:12,3.49,28600,3.49,D
sz000592,平潭发展,2025-09-26 10:52:15,3.5,61700,3.49,U
sz000592,平潭发展,2025-09-26 10:52:18,3.5,33300,3.5,U
sz000592,平潭发展,2025-09-26 10:52:21,3.5,28600,3.5,U
sz000592,平潭发展,2025-09-26 10:52:24,3.5,66000,3.5,U
sz000592,平潭发展,2025-09-26 10:52:27,3.5,57000,3.5,U
sz000592,平潭发展,2025-09-26 10:52:30,3.49,97600,3.5,D
sz000592,平潭发展,2025-09-26 10:52:36,3.5,46900,3.5,U
sz000592,平潭发展,2025-09-26 10:52:39,3.5,26700,3.5,U
sz000592,平潭发展,2025-09-26 10:52:45,3.5,56400,3.5,U
sz000592,平潭发展,2025-09-26 10:52:51,3.5,145000,3.5,U
sz000592,平潭发展,2025-09-26 10:52:54,3.51,640300,3.5,U
sz000592,平潭发展,2025-09-26 10:52:57,3.51,40400,3.51,U
sz000592,平潭发展,2025-09-26 10:53:00,3.51,145400,3.51,U
sz000592,平潭发展,2025-09-26 10:53:03,3.51,327900,3.51,U
sz000592,平潭发展,2025-09-26 10:53:06,3.55,3801100,3.51,U
sz000592,平潭发展,2025-09-26 10:53:09,3.54,286200,3.55,E
sz000592,平潭发展,2025-09-26 10:53:12,3.54,90400,3.54,D
sz000592,平潭发展,2025-09-26 10:53:15,3.54,99800,3.54,U
sz000592,平潭发展,2025-09-26 10:53:18,3.54,107500,3.54,D
sz000592,平潭发展,2025-09-26 10:53:21,3.55,90600,3.54,U
sz000592,平潭发展,2025-09-26 10:53:24,3.54,431200,3.55,D
sz000592,平潭发展,2025-09-26 10:53:27,3.53,95800,3.54,D
sz000592,平潭发展,2025-09-26 10:53:30,3.54,135200,3.53,U
sz000592,平潭发展,2025-09-26 10:53:33,3.54,203800,3.54,D
sz000592,平潭发展,2025-09-26 10:53:36,3.54,55600,3.54,D
sz000592,平潭发展,2025-09-26 10:53:39,3.55,363800,3.54,U
sz000592,平潭发展,2025-09-26 10:53:42,3.55,311500,3.55,U
sz000592,平潭发展,2025-09-26 10:53:45,3.55,82200,3.55,U
sz000592,平潭发展,2025-09-26 10:53:48,3.54,86400,3.55,D
sz000592,平潭发展,2025-09-26 10:53:51,3.54,203200,3.54,D
sz000592,平潭发展,2025-09-26 10:53:54,3.54,89100,3.54,U
sz000592,平潭发展,2025-09-26 10:53:57,3.54,20800,3.54,U
sz000592,平潭发展,2025-09-26 10:54:00,3.54,48100,3.54,U
sz000592,平潭发展,2025-09-26 10:54:03,3.53,42600,3.54,D
sz000592,平潭发展,2025-09-26 10:54:06,3.53,240700,3.53,D
sz000592,平潭发展,2025-09-26 10:54:09,3.53,114600,3.53,D
sz000592,平潭发展,2025-09-26 10:54:12,3.53,191100,3.53,D
sz000592,平潭发展,2025-09-26 10:54:15,3.54,111600,3.53,U
sz000592,平潭发展,2025-09-26 10:54:18,3.53,56700,3.54,D
sz000592,平潭发展,2025-09-26 10:54:21,3.54,33500,3.53,U
sz000592,平潭发展,2025-09-26 10:54:24,3.54,32600,3.54,U
sz000592,平潭发展,2025-09-26 10:54:27,3.53,45800,3.54,D
sz000592,平潭发展,2025-09-26 10:54:30,3.54,121700,3.53,U
sz000592,平潭发展,2025-09-26 10:54:33,3.53,34800,3.54,D
sz000592,平潭发展,2025-09-26 10:54:36,3.54,46600,3.53,U
sz000592,平潭发展,2025-09-26 10:54:42,3.53,88700,3.54,D
sz000592,平潭发展,2025-09-26 10:54:45,3.53,26000,3.53,D
sz000592,平潭发展,2025-09-26 10:54:48,3.54,414100,3.53,U
sz000592,平潭发展,2025-09-26 10:54:51,3.55,29400,3.54,U
sz000592,平潭发展,2025-09-26 10:54:54,3.55,302300,3.55,U
sz000592,平潭发展,2025-09-26 10:54:57,3.55,73900,3.55,U
sz000592,平潭发展,2025-09-26 10:55:00,3.55,94500,3.55,U
sz000592,平潭发展,2025-09-26 10:55:03,3.55,23700,3.55,U
sz000592,平潭发展,2025-09-26 10:55:06,3.57,1544400,3.55,U
sz000592,平潭发展,2025-09-26 10:55:09,3.57,187400,3.57,U
sz000592,平潭发展,2025-09-26 10:55:12,3.57,626200,3.57,U
sz000592,平潭发展,2025-09-26 10:55:15,3.57,237000,3.57,D
sz000592,平潭发展,2025-09-26 10:55:18,3.58,4455400,3.57,U
sz000592,平潭发展,2025-09-26 10:55:21,3.59,283000,3.58,U
sz000592,平潭发展,2025-09-26 10:55:24,3.58,343900,3.59,D
sz000592,平潭发展,2025-09-26 10:55:27,3.59,311400,3.58,U
sz000592,平潭发展,2025-09-26 10:55:30,3.59,158900,3.59,U
sz000592,平潭发展,2025-09-26 10:55:33,3.57,233800,3.59,D
sz000592,平潭发展,2025-09-26 10:55:36,3.58,81400,3.57,U
sz000592,平潭发展,2025-09-26 10:55:39,3.57,51800,3.58,D
sz000592,平潭发展,2025-09-26 10:55:42,3.57,298300,3.57,U
sz000592,平潭发展,2025-09-26 10:55:45,3.56,418100,3.57,D
sz000592,平潭发展,2025-09-26 10:55:48,3.56,58200,3.56,U
sz000592,平潭发展,2025-09-26 10:55:51,3.57,134200,3.56,U
sz000592,平潭发展,2025-09-26 10:55:54,3.57,22700,3.57,U
sz000592,平潭发展,2025-09-26 10:55:57,3.57,333300,3.57,U
sz000592,平潭发展,2025-09-26 10:56:00,3.57,159741,3.57,U
sz000592,平潭发展,2025-09-26 10:56:03,3.57,154300,3.57,U
sz000592,平潭发展,2025-09-26 10:56:06,3.57,80200,3.57,U
sz000592,平潭发展,2025-09-26 10:56:09,3.57,286900,3.57,U
sz000592,平潭发展,2025-09-26 10:56:12,3.57,51500,3.57,U
sz000592,平潭发展,2025-09-26 10:56:15,3.56,98500,3.57,D
sz000592,平潭发展,2025-09-26 10:56:21,3.57,153100,3.56,U
sz000592,平潭发展,2025-09-26 10:56:27,3.56,24400,3.57,D
sz000592,平潭发展,2025-09-26 10:56:30,3.57,141100,3.56,U
sz000592,平潭发展,2025-09-26 10:56:33,3.56,21700,3.57,D
sz000592,平潭发展,2025-09-26 10:56:36,3.56,38200,3.56,D
sz000592,平潭发展,2025-09-26 10:56:39,3.56,128000,3.56,D
sz000592,平潭发展,2025-09-26 10:56:42,3.56,25900,3.56,D
sz000592,平潭发展,2025-09-26 10:56:45,3.56,81700,3.56,U
sz000592,平潭发展,2025-09-26 10:56:48,3.56,47700,3.56,U
sz000592,平潭发展,2025-09-26 10:56:51,3.56,69600,3.56,U
sz000592,平潭发展,2025-09-26 10:56:54,3.55,78300,3.56,D
sz000592,平潭发展,2025-09-26 10:57:00,3.56,127400,3.56,U
sz000592,平潭发展,2025-09-26 10:57:06,3.56,82100,3.56,U
sz000592,平潭发展,2025-09-26 10:57:09,3.56,163000,3.56,U
sz000592,平潭发展,2025-09-26 10:57:12,3.56,49700,3.56,U
sz000592,平潭发展,2025-09-26 10:57:15,3.56,101600,3.56,U
sz000592,平潭发展,2025-09-26 10:57:18,3.55,63700,3.56,D
sz000592,平潭发展,2025-09-26 10:57:21,3.55,45400,3.55,D
sz000592,平潭发展,2025-09-26 10:57:27,3.55,33300,3.56,D
sz000592,平潭发展,2025-09-26 10:57:30,3.56,35200,3.55,U
sz000592,平潭发展,2025-09-26 10:57:36,3.55,23600,3.56,D
sz000592,平潭发展,2025-09-26 10:57:39,3.55,104400,3.55,D
sz000592,平潭发展,2025-09-26 10:57:42,3.55,168800,3.55,D
sz000592,平潭发展,2025-09-26 10:57:45,3.55,26800,3.55,D
sz000592,平潭发展,2025-09-26 10:57:48,3.54,56500,3.55,D
sz000592,平潭发展,2025-09-26 10:57:54,3.54,26700,3.55,D
sz000592,平潭发展,2025-09-26 10:57:57,3.54,38400,3.54,D
sz000592,平潭发展,2025-09-26 10:58:00,3.54,54300,3.54,D
sz000592,平潭发展,2025-09-26 10:58:03,3.54,54300,3.54,U
sz000592,平潭发展,2025-09-26 10:58:06,3.54,56200,3.54,U
sz000592,平潭发展,2025-09-26 10:58:12,3.54,31400,3.54,D
sz000592,平潭发展,2025-09-26 10:58:15,3.54,37700,3.54,D
sz000592,平潭发展,2025-09-26 10:58:18,3.55,141500,3.54,U
sz000592,平潭发展,2025-09-26 10:58:21,3.55,56000,3.55,D
sz000592,平潭发展,2025-09-26 10:58:30,3.55,101100,3.55,D
sz000592,平潭发展,2025-09-26 10:58:33,3.56,460500,3.55,U
sz000592,平潭发展,2025-09-26 10:58:36,3.57,719700,3.56,U
sz000592,平潭发展,2025-09-26 10:58:39,3.58,392400,3.57,U
sz000592,平潭发展,2025-09-26 10:58:42,3.59,82300,3.58,U
sz000592,平潭发展,2025-09-26 10:58:45,3.59,83800,3.59,U
sz000592,平潭发展,2025-09-26 10:58:48,3.59,83000,3.59,U
sz000592,平潭发展,2025-09-26 10:58:51,3.59,211260,3.59,U
sz000592,平潭发展,2025-09-26 10:58:54,3.59,233500,3.59,U
sz000592,平潭发展,2025-09-26 10:58:57,3.59,111000,3.59,U
sz000592,平潭发展,2025-09-26 10:59:00,3.58,151800,3.59,D
sz000592,平潭发展,2025-09-26 10:59:03,3.58,401100,3.58,D
sz000592,平潭发展,2025-09-26 10:59:06,3.58,514800,3.58,U
sz000592,平潭发展,2025-09-26 10:59:09,3.58,65000,3.58,U
sz000592,平潭发展,2025-09-26 10:59:12,3.58,39800,3.58,U
sz000592,平潭发展,2025-09-26 10:59:15,3.58,100100,3.58,U
sz000592,平潭发展,2025-09-26 10:59:18,3.58,41100,3.58,U
sz000592,平潭发展,2025-09-26 10:59:21,3.57,175500,3.58,D
sz000592,平潭发展,2025-09-26 10:59:24,3.57,64400,3.57,D
sz000592,平潭发展,2025-09-26 10:59:27,3.57,230000,3.57,D
sz000592,平潭发展,2025-09-26 10:59:30,3.57,25340,3.57,D
sz000592,平潭发展,2025-09-26 10:59:36,3.56,27300,3.57,D
sz000592,平潭发展,2025-09-26 10:59:39,3.56,84700,3.56,U
sz000592,平潭发展,2025-09-26 10:59:42,3.56,22700,3.56,U
sz000592,平潭发展,2025-09-26 10:59:45,3.56,20400,3.56,U
sz000592,平潭发展,2025-09-26 10:59:48,3.55,53800,3.56,D
sz000592,平潭发展,2025-09-26 10:59:51,3.55,165000,3.55,D
sz000592,平潭发展,2025-09-26 11:00:00,3.56,22200,3.56,U
sz000592,平潭发展,2025-09-26 11:00:03,3.55,51100,3.56,D
sz000592,平潭发展,2025-09-26 11:00:06,3.56,27200,3.55,U
sz000592,平潭发展,2025-09-26 11:00:12,3.56,91900,3.56,D
sz000592,平潭发展,2025-09-26 11:00:15,3.56,73500,3.56,D
sz000592,平潭发展,2025-09-26 11:00:21,3.56,79300,3.56,D
sz000592,平潭发展,2025-09-26 11:00:27,3.56,25000,3.57,D
sz000592,平潭发展,2025-09-26 11:00:30,3.56,212300,3.56,D
sz000592,平潭发展,2025-09-26 11:00:36,3.56,70700,3.56,D
sz000592,平潭发展,2025-09-26 11:00:45,3.56,244500,3.57,D
sz000592,平潭发展,2025-09-26 11:00:51,3.56,22900,3.57,D
sz000592,平潭发展,2025-09-26 11:00:54,3.56,40000,3.56,D
sz000592,平潭发展,2025-09-26 11:00:57,3.57,211200,3.56,U
sz000592,平潭发展,2025-09-26 11:01:00,3.57,110000,3.57,D
sz000592,平潭发展,2025-09-26 11:01:03,3.56,36500,3.57,D
sz000592,平潭发展,2025-09-26 11:01:15,3.56,35500,3.56,D
sz000592,平潭发展,2025-09-26 11:01:21,3.56,36300,3.57,D
sz000592,平潭发展,2025-09-26 11:01:24,3.56,154000,3.56,D
sz000592,平潭发展,2025-09-26 11:01:30,3.55,43800,3.56,D
sz000592,平潭发展,2025-09-26 11:01:33,3.55,34200,3.55,D
sz000592,平潭发展,2025-09-26 11:01:36,3.55,222900,3.55,D
sz000592,平潭发展,2025-09-26 11:01:42,3.56,307900,3.56,U
sz000592,平潭发展,2025-09-26 11:01:45,3.56,45700,3.56,U
sz000592,平潭发展,2025-09-26 11:01:57,3.56,27300,3.55,U
sz000592,平潭发展,2025-09-26 11:02:00,3.55,183800,3.56,D
sz000592,平潭发展,2025-09-26 11:02:12,3.55,26700,3.55,D
sz000592,平潭发展,2025-09-26 11:02:15,3.55,28900,3.55,D
sz000592,平潭发展,2025-09-26 11:02:21,3.55,63700,3.55,D
sz000592,平潭发展,2025-09-26 11:02:24,3.55,77900,3.55,D
sz000592,平潭发展,2025-09-26 11:02:27,3.55,37000,3.55,D
sz000592,平潭发展,2025-09-26 11:02:30,3.55,35700,3.55,D
sz000592,平潭发展,2025-09-26 11:02:33,3.55,98800,3.55,D
sz000592,平潭发展,2025-09-26 11:02:39,3.55,25800,3.56,D
sz000592,平潭发展,2025-09-26 11:02:48,3.56,32000,3.55,U
sz000592,平潭发展,2025-09-26 11:02:57,3.55,36700,3.56,D
sz000592,平潭发展,2025-09-26 11:03:00,3.55,48700,3.55,D
sz000592,平潭发展,2025-09-26 11:03:24,3.54,56300,3.54,D
sz000592,平潭发展,2025-09-26 11:03:30,3.54,21900,3.54,D
sz000592,平潭发展,2025-09-26 11:03:33,3.54,38100,3.54,D
sz000592,平潭发展,2025-09-26 11:03:36,3.54,45000,3.54,D
sz000592,平潭发展,2025-09-26 11:03:42,3.54,31500,3.54,D
sz000592,平潭发展,2025-09-26 11:04:18,3.54,141200,3.54,D
sz000592,平潭发展,2025-09-26 11:04:27,3.54,29200,3.55,D
sz000592,平潭发展,2025-09-26 11:04:36,3.54,361100,3.55,D
sz000592,平潭发展,2025-09-26 11:04:39,3.54,58000,3.54,U
sz000592,平潭发展,2025-09-26 11:04:54,3.54,38200,3.54,U
sz000592,平潭发展,2025-09-26 11:05:00,3.53,72700,3.54,D
sz000592,平潭发展,2025-09-26 11:05:06,3.55,1134500,3.53,U
sz000592,平潭发展,2025-09-26 11:05:09,3.54,108900,3.55,D
sz000592,平潭发展,2025-09-26 11:05:12,3.55,40500,3.54,E
sz000592,平潭发展,2025-09-26 11:05:15,3.54,47100,3.55,D
sz000592,平潭发展,2025-09-26 11:05:21,3.55,50400,3.54,U
sz000592,平潭发展,2025-09-26 11:05:24,3.54,87900,3.55,D
sz000592,平潭发展,2025-09-26 11:05:30,3.55,25900,3.55,U
sz000592,平潭发展,2025-09-26 11:05:33,3.56,475900,3.55,U
sz000592,平潭发展,2025-09-26 11:05:36,3.56,60500,3.56,D
sz000592,平潭发展,2025-09-26 11:05:39,3.57,30400,3.56,U
sz000592,平潭发展,2025-09-26 11:05:42,3.57,442700,3.57,U
sz000592,平潭发展,2025-09-26 11:05:45,3.58,46900,3.57,U
sz000592,平潭发展,2025-09-26 11:05:48,3.57,25400,3.58,D
sz000592,平潭发展,2025-09-26 11:05:51,3.57,101400,3.57,D
sz000592,平潭发展,2025-09-26 11:05:54,3.57,46200,3.57,D
sz000592,平潭发展,2025-09-26 11:06:00,3.57,140300,3.57,U
sz000592,平潭发展,2025-09-26 11:06:03,3.57,51000,3.57,U
sz000592,平潭发展,2025-09-26 11:06:09,3.56,45500,3.56,D
sz000592,平潭发展,2025-09-26 11:06:27,3.57,29300,3.56,U
sz000592,平潭发展,2025-09-26 11:06:36,3.58,651400,3.56,U
sz000592,平潭发展,2025-09-26 11:06:39,3.57,94300,3.58,D
sz000592,平潭发展,2025-09-26 11:06:42,3.57,32700,3.57,D
sz000592,平潭发展,2025-09-26 11:06:54,3.57,20800,3.58,D
sz000592,平潭发展,2025-09-26 11:06:57,3.58,90400,3.57,U
sz000592,平潭发展,2025-09-26 11:07:00,3.57,21000,3.58,D
sz000592,平潭发展,2025-09-26 11:07:03,3.57,29800,3.57,D
sz000592,平潭发展,2025-09-26 11:07:15,3.56,23500,3.57,D
sz000592,平潭发展,2025-09-26 11:07:18,3.59,1615200,3.56,U
sz000592,平潭发展,2025-09-26 11:07:21,3.58,207000,3.59,D
sz000592,平潭发展,2025-09-26 11:07:24,3.58,30800,3.58,D
sz000592,平潭发展,2025-09-26 11:07:27,3.58,39900,3.58,U
sz000592,平潭发展,2025-09-26 11:07:33,3.58,45700,3.59,D
sz000592,平潭发展,2025-09-26 11:07:36,3.58,24800,3.58,U
sz000592,平潭发展,2025-09-26 11:07:39,3.58,30600,3.58,U
sz000592,平潭发展,2025-09-26 11:07:48,3.57,56600,3.57,D
sz000592,平潭发展,2025-09-26 11:07:51,3.58,69500,3.57,U
sz000592,平潭发展,2025-09-26 11:07:57,3.58,59600,3.58,U
sz000592,平潭发展,2025-09-26 11:08:00,3.58,46600,3.58,U
sz000592,平潭发展,2025-09-26 11:08:06,3.57,31700,3.57,D
sz000592,平潭发展,2025-09-26 11:08:18,3.58,22000,3.58,U
sz000592,平潭发展,2025-09-26 11:08:30,3.58,33500,3.57,U
sz000592,平潭发展,2025-09-26 11:08:33,3.58,37600,3.58,U
sz000592,平潭发展,2025-09-26 11:08:42,3.57,59200,3.57,D
sz000592,平潭发展,2025-09-26 11:08:48,3.57,39100,3.57,D
sz000592,平潭发展,2025-09-26 11:08:51,3.58,36000,3.57,U
sz000592,平潭发展,2025-09-26 11:08:57,3.58,91100,3.58,U
sz000592,平潭发展,2025-09-26 11:09:06,3.58,22000,3.58,U
sz000592,平潭发展,2025-09-26 11:09:12,3.58,100700,3.58,U
sz000592,平潭发展,2025-09-26 11:09:15,3.57,21100,3.58,D
sz000592,平潭发展,2025-09-26 11:09:24,3.6,3536500,3.57,U
sz000592,平潭发展,2025-09-26 11:09:27,3.6,185400,3.6,U
sz000592,平潭发展,2025-09-26 11:09:30,3.59,49100,3.6,D
sz000592,平潭发展,2025-09-26 11:09:33,3.59,22300,3.59,D
sz000592,平潭发展,2025-09-26 11:09:36,3.6,35800,3.59,U
sz000592,平潭发展,2025-09-26 11:09:39,3.6,154500,3.6,U
sz000592,平潭发展,2025-09-26 11:09:42,3.59,126200,3.6,D
sz000592,平潭发展,2025-09-26 11:09:45,3.6,80100,3.59,U
sz000592,平潭发展,2025-09-26 11:09:48,3.6,185800,3.6,U
sz000592,平潭发展,2025-09-26 11:09:51,3.6,39100,3.6,U
sz000592,平潭发展,2025-09-26 11:09:54,3.6,839400,3.6,U
sz000592,平潭发展,2025-09-26 11:09:57,3.6,297100,3.6,U
sz000592,平潭发展,2025-09-26 11:10:00,3.6,117500,3.6,U
sz000592,平潭发展,2025-09-26 11:10:03,3.59,58100,3.6,D
sz000592,平潭发展,2025-09-26 11:10:06,3.59,65500,3.59,D
sz000592,平潭发展,2025-09-26 11:10:09,3.6,162200,3.59,U
sz000592,平潭发展,2025-09-26 11:10:12,3.59,143600,3.6,D
sz000592,平潭发展,2025-09-26 11:10:15,3.59,163200,3.59,D
sz000592,平潭发展,2025-09-26 11:10:18,3.59,54200,3.59,D
sz000592,平潭发展,2025-09-26 11:10:21,3.59,55000,3.59,D
sz000592,平潭发展,2025-09-26 11:10:24,3.59,138000,3.59,D
sz000592,平潭发展,2025-09-26 11:10:27,3.59,90400,3.59,D
sz000592,平潭发展,2025-09-26 11:10:36,3.59,30900,3.6,D
sz000592,平潭发展,2025-09-26 11:10:39,3.59,42200,3.59,D
sz000592,平潭发展,2025-09-26 11:10:42,3.59,25200,3.59,D
sz000592,平潭发展,2025-09-26 11:10:45,3.59,37200,3.59,D
sz000592,平潭发展,2025-09-26 11:10:48,3.6,474300,3.59,U
sz000592,平潭发展,2025-09-26 11:10:54,3.59,44900,3.59,D
sz000592,平潭发展,2025-09-26 11:10:57,3.59,93400,3.59,D
sz000592,平潭发展,2025-09-26 11:11:03,3.6,45600,3.6,U
sz000592,平潭发展,2025-09-26 11:11:06,3.6,26000,3.6,U
sz000592,平潭发展,2025-09-26 11:11:12,3.59,38300,3.6,D
sz000592,平潭发展,2025-09-26 11:11:15,3.59,74040,3.59,D
sz000592,平潭发展,2025-09-26 11:11:18,3.59,67200,3.59,D
sz000592,平潭发展,2025-09-26 11:11:27,3.59,48300,3.59,U
sz000592,平潭发展,2025-09-26 11:11:30,3.58,31400,3.59,D
sz000592,平潭发展,2025-09-26 11:11:36,3.59,25400,3.59,U
sz000592,平潭发展,2025-09-26 11:11:48,3.58,101900,3.59,D
sz000592,平潭发展,2025-09-26 11:11:51,3.59,157300,3.58,U
sz000592,平潭发展,2025-09-26 11:11:54,3.58,50900,3.59,D
sz000592,平潭发展,2025-09-26 11:12:00,3.58,36100,3.59,D
sz000592,平潭发展,2025-09-26 11:12:06,3.58,67800,3.58,D
sz000592,平潭发展,2025-09-26 11:12:09,3.58,31200,3.58,D
sz000592,平潭发展,2025-09-26 11:12:12,3.58,62300,3.58,D
sz000592,平潭发展,2025-09-26 11:12:15,3.58,27500,3.58,D
sz000592,平潭发展,2025-09-26 11:12:24,3.58,22100,3.58,U
sz000592,平潭发展,2025-09-26 11:12:30,3.58,34500,3.57,U
sz000592,平潭发展,2025-09-26 11:12:33,3.57,25300,3.58,D
sz000592,平潭发展,2025-09-26 11:12:39,3.57,71700,3.57,D
sz000592,平潭发展,2025-09-26 11:12:45,3.57,33300,3.58,D
sz000592,平潭发展,2025-09-26 11:12:51,3.57,133400,3.57,D
sz000592,平潭发展,2025-09-26 11:13:03,3.57,44800,3.57,U
sz000592,平潭发展,2025-09-26 11:13:09,3.56,119800,3.56,D
sz000592,平潭发展,2025-09-26 11:13:12,3.56,52300,3.56,D
sz000592,平潭发展,2025-09-26 11:13:15,3.56,132000,3.56,D
sz000592,平潭发展,2025-09-26 11:13:33,3.56,337200,3.55,U
sz000592,平潭发展,2025-09-26 11:13:39,3.56,21400,3.56,D
sz000592,平潭发展,2025-09-26 11:13:42,3.56,419900,3.56,D
sz000592,平潭发展,2025-09-26 11:13:45,3.56,31200,3.56,D
sz000592,平潭发展,2025-09-26 11:13:51,3.57,215800,3.57,U
sz000592,平潭发展,2025-09-26 11:13:57,3.58,132800,3.57,U
sz000592,平潭发展,2025-09-26 11:14:00,3.58,78500,3.58,U
sz000592,平潭发展,2025-09-26 11:14:09,3.57,42600,3.58,D
sz000592,平潭发展,2025-09-26 11:14:12,3.58,101200,3.57,U
sz000592,平潭发展,2025-09-26 11:14:18,3.57,39500,3.58,D
sz000592,平潭发展,2025-09-26 11:14:21,3.57,55900,3.57,D
sz000592,平潭发展,2025-09-26 11:14:24,3.57,285300,3.57,D
sz000592,平潭发展,2025-09-26 11:14:27,3.57,56200,3.57,D
sz000592,平潭发展,2025-09-26 11:14:36,3.56,27900,3.56,D
sz000592,平潭发展,2025-09-26 11:14:45,3.57,164100,3.57,U
sz000592,平潭发展,2025-09-26 11:15:09,3.57,73000,3.57,U
sz000592,平潭发展,2025-09-26 11:15:18,3.56,187600,3.57,D
sz000592,平潭发展,2025-09-26 11:15:27,3.57,328100,3.56,U
sz000592,平潭发展,2025-09-26 11:15:30,3.57,25100,3.57,D
sz000592,平潭发展,2025-09-26 11:15:36,3.57,137500,3.57,D
sz000592,平潭发展,2025-09-26 11:15:42,3.57,21700,3.57,D
sz000592,平潭发展,2025-09-26 11:15:45,3.57,58100,3.57,D
sz000592,平潭发展,2025-09-26 11:15:48,3.57,41200,3.57,D
sz000592,平潭发展,2025-09-26 11:15:51,3.57,20000,3.57,D
sz000592,平潭发展,2025-09-26 11:15:54,3.57,133700,3.57,D
sz000592,平潭发展,2025-09-26 11:16:21,3.57,160900,3.56,U
sz000592,平潭发展,2025-09-26 11:16:24,3.56,22100,3.57,D
sz000592,平潭发展,2025-09-26 11:16:27,3.57,31200,3.56,U
sz000592,平潭发展,2025-09-26 11:16:33,3.56,110600,3.56,D
sz000592,平潭发展,2025-09-26 11:16:36,3.57,38200,3.56,U
sz000592,平潭发展,2025-09-26 11:17:00,3.57,30800,3.56,U
sz000592,平潭发展,2025-09-26 11:17:03,3.56,164700,3.57,D
sz000592,平潭发展,2025-09-26 11:17:06,3.56,27500,3.56,U
sz000592,平潭发展,2025-09-26 11:17:09,3.56,46600,3.56,U
sz000592,平潭发展,2025-09-26 11:17:18,3.56,45300,3.57,E
sz000592,平潭发展,2025-09-26 11:17:39,3.56,23800,3.57,D
sz000592,平潭发展,2025-09-26 11:17:42,3.56,78300,3.56,U
sz000592,平潭发展,2025-09-26 11:17:54,3.56,26400,3.57,D
sz000592,平潭发展,2025-09-26 11:18:12,3.56,30100,3.56,D
sz000592,平潭发展,2025-09-26 11:18:18,3.56,37000,3.56,U
sz000592,平潭发展,2025-09-26 11:18:21,3.56,21600,3.56,D
sz000592,平潭发展,2025-09-26 11:18:24,3.56,70700,3.56,D
sz000592,平潭发展,2025-09-26 11:18:30,3.58,641100,3.56,U
sz000592,平潭发展,2025-09-26 11:18:33,3.57,29300,3.58,D
sz000592,平潭发展,2025-09-26 11:18:39,3.57,20500,3.57,D
sz000592,平潭发展,2025-09-26 11:18:42,3.58,31300,3.57,U
sz000592,平潭发展,2025-09-26 11:18:51,3.57,63700,3.57,D
sz000592,平潭发展,2025-09-26 11:18:57,3.57,581400,3.57,U
sz000592,平潭发展,2025-09-26 11:19:03,3.57,96100,3.57,D
sz000592,平潭发展,2025-09-26 11:19:06,3.58,20400,3.57,U
sz000592,平潭发展,2025-09-26 11:19:09,3.57,31500,3.58,D
sz000592,平潭发展,2025-09-26 11:19:21,3.57,43000,3.57,D
sz000592,平潭发展,2025-09-26 11:19:39,3.57,123500,3.58,D
sz000592,平潭发展,2025-09-26 11:20:18,3.57,70000,3.57,D
sz000592,平潭发展,2025-09-26 11:20:30,3.57,41100,3.58,D
sz000592,平潭发展,2025-09-26 11:20:33,3.57,29600,3.57,D
sz000592,平潭发展,2025-09-26 11:20:39,3.57,51500,3.57,D
sz000592,平潭发展,2025-09-26 11:20:42,3.57,31900,3.57,D
sz000592,平潭发展,2025-09-26 11:20:48,3.57,90800,3.58,D
sz000592,平潭发展,2025-09-26 11:20:57,3.57,44500,3.58,D
sz000592,平潭发展,2025-09-26 11:21:03,3.58,28000,3.57,U
sz000592,平潭发展,2025-09-26 11:21:06,3.57,116600,3.58,D
sz000592,平潭发展,2025-09-26 11:21:12,3.57,27900,3.57,U
sz000592,平潭发展,2025-09-26 11:21:15,3.57,27100,3.57,U
sz000592,平潭发展,2025-09-26 11:21:21,3.56,87700,3.57,D
sz000592,平潭发展,2025-09-26 11:21:42,3.56,20600,3.56,D
sz000592,平潭发展,2025-09-26 11:21:45,3.57,21400,3.56,U
sz000592,平潭发展,2025-09-26 11:21:48,3.56,32200,3.57,D
sz000592,平潭发展,2025-09-26 11:22:03,3.57,28300,3.56,U
sz000592,平潭发展,2025-09-26 11:22:06,3.56,63300,3.57,D
sz000592,平潭发展,2025-09-26 11:22:30,3.56,25300,3.57,D
sz000592,平潭发展,2025-09-26 11:22:33,3.56,22800,3.56,D
sz000592,平潭发展,2025-09-26 11:22:36,3.56,28900,3.56,D
sz000592,平潭发展,2025-09-26 11:22:39,3.57,40600,3.56,U
sz000592,平潭发展,2025-09-26 11:22:42,3.56,35700,3.57,D
sz000592,平潭发展,2025-09-26 11:22:51,3.56,75300,3.56,D
sz000592,平潭发展,2025-09-26 11:22:54,3.56,54100,3.56,D
sz000592,平潭发展,2025-09-26 11:22:57,3.55,49400,3.56,D
sz000592,平潭发展,2025-09-26 11:23:06,3.56,24400,3.56,U
sz000592,平潭发展,2025-09-26 11:23:15,3.55,28000,3.55,D
sz000592,平潭发展,2025-09-26 11:23:24,3.55,20100,3.55,D
sz000592,平潭发展,2025-09-26 11:23:27,3.55,33200,3.55,D
sz000592,平潭发展,2025-09-26 11:23:33,3.55,81800,3.56,D
sz000592,平潭发展,2025-09-26 11:23:39,3.55,30300,3.55,D
sz000592,平潭发展,2025-09-26 11:23:45,3.56,29300,3.56,U
sz000592,平潭发展,2025-09-26 11:23:54,3.56,20100,3.55,U
sz000592,平潭发展,2025-09-26 11:23:57,3.55,68900,3.56,D
sz000592,平潭发展,2025-09-26 11:24:06,3.55,27800,3.56,D
sz000592,平潭发展,2025-09-26 11:24:15,3.55,26900,3.55,D
sz000592,平潭发展,2025-09-26 11:24:18,3.55,103000,3.55,D
sz000592,平潭发展,2025-09-26 11:24:24,3.56,26600,3.56,U
sz000592,平潭发展,2025-09-26 11:24:27,3.55,22900,3.56,D
sz000592,平潭发展,2025-09-26 11:24:33,3.55,43800,3.55,D
sz000592,平潭发展,2025-09-26 11:24:42,3.55,27600,3.55,D
sz000592,平潭发展,2025-09-26 11:24:54,3.55,37600,3.55,D
sz000592,平潭发展,2025-09-26 11:25:09,3.56,30500,3.55,U
sz000592,平潭发展,2025-09-26 11:25:18,3.54,27000,3.55,D
sz000592,平潭发展,2025-09-26 11:25:39,3.54,37800,3.55,D
sz000592,平潭发展,2025-09-26 11:25:45,3.54,24000,3.55,D
sz000592,平潭发展,2025-09-26 11:26:00,3.55,26300,3.55,U
sz000592,平潭发展,2025-09-26 11:26:03,3.54,23800,3.55,D
sz000592,平潭发展,2025-09-26 11:26:09,3.54,20900,3.55,D
sz000592,平潭发展,2025-09-26 11:26:21,3.54,20700,3.55,D
sz000592,平潭发展,2025-09-26 11:26:33,3.54,178800,3.54,D
sz000592,平潭发展,2025-09-26 11:26:45,3.54,71100,3.53,U
sz000592,平潭发展,2025-09-26 11:26:48,3.53,63200,3.54,D
sz000592,平潭发展,2025-09-26 11:26:51,3.54,29300,3.53,U
sz000592,平潭发展,2025-09-26 11:26:54,3.54,26100,3.54,U
sz000592,平潭发展,2025-09-26 11:26:57,3.53,81700,3.54,D
sz000592,平潭发展,2025-09-26 11:27:00,3.53,25600,3.53,D
sz000592,平潭发展,2025-09-26 11:27:03,3.53,65500,3.53,D
sz000592,平潭发展,2025-09-26 11:27:06,3.53,314000,3.53,D
sz000592,平潭发展,2025-09-26 11:27:15,3.54,40300,3.53,U
sz000592,平潭发展,2025-09-26 11:27:18,3.53,33600,3.54,D
sz000592,平潭发展,2025-09-26 11:27:21,3.53,114500,3.53,D
sz000592,平潭发展,2025-09-26 11:27:24,3.53,27600,3.53,D
sz000592,平潭发展,2025-09-26 11:27:30,3.53,21600,3.53,D
sz000592,平潭发展,2025-09-26 11:27:36,3.53,27200,3.53,D
sz000592,平潭发展,2025-09-26 11:27:48,3.53,90300,3.53,D
sz000592,平潭发展,2025-09-26 11:27:51,3.53,254600,3.53,U
sz000592,平潭发展,2025-09-26 11:28:06,3.53,30800,3.53,U
sz000592,平潭发展,2025-09-26 11:28:15,3.52,76800,3.53,D
sz000592,平潭发展,2025-09-26 11:28:21,3.52,29600,3.53,D
sz000592,平潭发展,2025-09-26 11:28:24,3.53,26700,3.52,U
sz000592,平潭发展,2025-09-26 11:28:36,3.53,132700,3.52,U
sz000592,平潭发展,2025-09-26 11:28:45,3.52,26000,3.52,D
sz000592,平潭发展,2025-09-26 11:28:48,3.52,34400,3.52,D
sz000592,平潭发展,2025-09-26 11:28:51,3.52,30400,3.52,U
sz000592,平潭发展,2025-09-26 11:29:03,3.52,35700,3.52,D
sz000592,平潭发展,2025-09-26 11:29:06,3.52,270700,3.52,U
sz000592,平潭发展,2025-09-26 11:29:15,3.52,31400,3.52,D
sz000592,平潭发展,2025-09-26 11:29:18,3.53,103200,3.52,U
sz000592,平潭发展,2025-09-26 11:29:21,3.53,71700,3.53,U
sz000592,平潭发展,2025-09-26 11:29:24,3.52,464800,3.53,D
sz000592,平潭发展,2025-09-26 11:29:30,3.52,53100,3.52,D
sz000592,平潭发展,2025-09-26 11:29:33,3.53,20100,3.52,U
sz000592,平潭发展,2025-09-26 11:29:45,3.53,21600,3.53,U
sz000592,平潭发展,2025-09-26 11:29:51,3.53,21300,3.53,U
sz000592,平潭发展,2025-09-26 13:00:00,3.53,355100,3.53,U
sz000592,平潭发展,2025-09-26 13:00:03,3.52,414500,3.53,D
sz000592,平潭发展,2025-09-26 13:00:09,3.51,891900,3.52,D
sz000592,平潭发展,2025-09-26 13:00:12,3.51,31800,3.51,U
sz000592,平潭发展,2025-09-26 13:00:21,3.51,30300,3.5,U
sz000592,平潭发展,2025-09-26 13:00:24,3.51,22100,3.51,U
sz000592,平潭发展,2025-09-26 13:00:33,3.5,218700,3.5,D
sz000592,平潭发展,2025-09-26 13:00:45,3.5,69800,3.5,D
sz000592,平潭发展,2025-09-26 13:01:00,3.5,97100,3.5,D
sz000592,平潭发展,2025-09-26 13:01:21,3.5,60500,3.49,U
sz000592,平潭发展,2025-09-26 13:01:24,3.5,274900,3.5,U
sz000592,平潭发展,2025-09-26 13:01:27,3.5,51100,3.5,D
sz000592,平潭发展,2025-09-26 13:01:30,3.5,34600,3.5,D
sz000592,平潭发展,2025-09-26 13:01:39,3.5,48000,3.5,D
sz000592,平潭发展,2025-09-26 13:02:00,3.5,51100,3.5,D
sz000592,平潭发展,2025-09-26 13:02:03,3.51,269600,3.5,U
sz000592,平潭发展,2025-09-26 13:02:06,3.51,134500,3.51,D
sz000592,平潭发展,2025-09-26 13:02:12,3.51,133000,3.51,U
sz000592,平潭发展,2025-09-26 13:02:15,3.52,57100,3.51,U
sz000592,平潭发展,2025-09-26 13:02:24,3.53,98100,3.52,U
sz000592,平潭发展,2025-09-26 13:02:27,3.51,137100,3.53,D
sz000592,平潭发展,2025-09-26 13:02:33,3.52,44400,3.52,U
sz000592,平潭发展,2025-09-26 13:02:36,3.52,24200,3.52,U
sz000592,平潭发展,2025-09-26 13:02:39,3.52,23000,3.52,U
sz000592,平潭发展,2025-09-26 13:02:42,3.52,72300,3.52,U
sz000592,平潭发展,2025-09-26 13:02:45,3.52,101200,3.52,U
sz000592,平潭发展,2025-09-26 13:02:48,3.52,55700,3.52,U
sz000592,平潭发展,2025-09-26 13:02:54,3.52,27000,3.52,U
sz000592,平潭发展,2025-09-26 13:03:03,3.51,31500,3.51,D
sz000592,平潭发展,2025-09-26 13:03:06,3.52,24400,3.51,U
sz000592,平潭发展,2025-09-26 13:03:45,3.52,24900,3.51,U
sz000592,平潭发展,2025-09-26 13:03:51,3.51,27500,3.52,D
sz000592,平潭发展,2025-09-26 13:04:00,3.51,76400,3.51,D
sz000592,平潭发展,2025-09-26 13:04:03,3.51,37000,3.51,D
sz000592,平潭发展,2025-09-26 13:04:09,3.51,46400,3.51,D
sz000592,平潭发展,2025-09-26 13:04:12,3.49,1478400,3.51,D
sz000592,平潭发展,2025-09-26 13:04:18,3.5,182200,3.5,U
sz000592,平潭发展,2025-09-26 13:04:27,3.51,20000,3.5,U
sz000592,平潭发展,2025-09-26 13:04:33,3.5,335200,3.5,D
sz000592,平潭发展,2025-09-26 13:04:57,3.5,30000,3.51,D
sz000592,平潭发展,2025-09-26 13:05:30,3.5,56700,3.51,D
sz000592,平潭发展,2025-09-26 13:05:48,3.5,20200,3.51,D
sz000592,平潭发展,2025-09-26 13:05:51,3.5,46400,3.5,D
sz000592,平潭发展,2025-09-26 13:06:15,3.51,344900,3.5,U
sz000592,平潭发展,2025-09-26 13:06:24,3.53,425100,3.52,U
sz000592,平潭发展,2025-09-26 13:06:33,3.53,43400,3.53,U
sz000592,平潭发展,2025-09-26 13:06:36,3.53,31200,3.53,U
sz000592,平潭发展,2025-09-26 13:06:39,3.53,121800,3.53,U
sz000592,平潭发展,2025-09-26 13:06:45,3.54,56300,3.54,U
sz000592,平潭发展,2025-09-26 13:06:51,3.53,22400,3.54,D
sz000592,平潭发展,2025-09-26 13:06:57,3.53,32200,3.54,D
sz000592,平潭发展,2025-09-26 13:07:00,3.54,349700,3.53,U
sz000592,平潭发展,2025-09-26 13:07:03,3.54,39100,3.54,D
sz000592,平潭发展,2025-09-26 13:07:06,3.54,23000,3.54,D
sz000592,平潭发展,2025-09-26 13:07:09,3.54,36300,3.54,D
sz000592,平潭发展,2025-09-26 13:07:12,3.55,513900,3.54,U
sz000592,平潭发展,2025-09-26 13:07:15,3.55,67200,3.55,D
sz000592,平潭发展,2025-09-26 13:07:18,3.55,22600,3.55,D
sz000592,平潭发展,2025-09-26 13:07:21,3.55,72800,3.55,D
sz000592,平潭发展,2025-09-26 13:07:24,3.54,419800,3.55,D
sz000592,平潭发展,2025-09-26 13:07:39,3.54,22200,3.54,D
sz000592,平潭发展,2025-09-26 13:07:42,3.53,173500,3.54,D
sz000592,平潭发展,2025-09-26 13:07:45,3.54,23400,3.53,U
sz000592,平潭发展,2025-09-26 13:07:51,3.55,269400,3.53,U
sz000592,平潭发展,2025-09-26 13:08:12,3.54,137400,3.54,D
sz000592,平潭发展,2025-09-26 13:08:15,3.54,44800,3.54,D
sz000592,平潭发展,2025-09-26 13:08:18,3.54,44800,3.54,D
sz000592,平潭发展,2025-09-26 13:08:27,3.54,107300,3.54,D
sz000592,平潭发展,2025-09-26 13:08:30,3.54,256800,3.54,D
sz000592,平潭发展,2025-09-26 13:08:42,3.55,583300,3.53,U
sz000592,平潭发展,2025-09-26 13:08:48,3.54,20400,3.55,D
sz000592,平潭发展,2025-09-26 13:09:18,3.54,22700,3.54,U
sz000592,平潭发展,2025-09-26 13:09:54,3.54,29500,3.55,D
sz000592,平潭发展,2025-09-26 13:10:06,3.54,28500,3.55,D
sz000592,平潭发展,2025-09-26 13:10:09,3.55,65300,3.54,U
sz000592,平潭发展,2025-09-26 13:10:33,3.53,40200,3.53,D
sz000592,平潭发展,2025-09-26 13:10:51,3.53,20400,3.53,D
sz000592,平潭发展,2025-09-26 13:10:54,3.53,35000,3.53,U
sz000592,平潭发展,2025-09-26 13:11:27,3.52,170500,3.53,D
sz000592,平潭发展,2025-09-26 13:11:36,3.52,88000,3.53,D
sz000592,平潭发展,2025-09-26 13:11:42,3.52,20800,3.52,D
sz000592,平潭发展,2025-09-26 13:11:45,3.52,60200,3.52,U
sz000592,平潭发展,2025-09-26 13:12:12,3.51,26900,3.52,D
sz000592,平潭发展,2025-09-26 13:12:36,3.51,51600,3.51,D
sz000592,平潭发展,2025-09-26 13:12:45,3.52,148900,3.51,U
sz000592,平潭发展,2025-09-26 13:13:12,3.52,726000,3.51,U
sz000592,平潭发展,2025-09-26 13:13:21,3.51,33800,3.51,D
sz000592,平潭发展,2025-09-26 13:13:24,3.51,22000,3.51,D
sz000592,平潭发展,2025-09-26 13:14:30,3.51,23500,3.52,D
sz000592,平潭发展,2025-09-26 13:14:36,3.51,107000,3.52,D
sz000592,平潭发展,2025-09-26 13:14:45,3.51,25600,3.51,U
sz000592,平潭发展,2025-09-26 13:14:54,3.5,150500,3.51,D
sz000592,平潭发展,2025-09-26 13:15:00,3.5,61900,3.51,D
sz000592,平潭发展,2025-09-26 13:15:27,3.5,23700,3.5,D
sz000592,平潭发展,2025-09-26 13:15:54,3.5,87100,3.5,D
sz000592,平潭发展,2025-09-26 13:16:33,3.5,56300,3.5,U
sz000592,平潭发展,2025-09-26 13:16:39,3.5,20500,3.5,U
sz000592,平潭发展,2025-09-26 13:17:48,3.5,77000,3.49,U
sz000592,平潭发展,2025-09-26 13:17:51,3.49,434500,3.5,D
sz000592,平潭发展,2025-09-26 13:17:57,3.49,159800,3.49,U
sz000592,平潭发展,2025-09-26 13:18:06,3.49,76500,3.49,U
sz000592,平潭发展,2025-09-26 13:18:12,3.48,22100,3.49,D
sz000592,平潭发展,2025-09-26 13:18:21,3.48,21600,3.49,D
sz000592,平潭发展,2025-09-26 13:18:27,3.48,22700,3.48,D
sz000592,平潭发展,2025-09-26 13:18:54,3.49,20100,3.48,U
sz000592,平潭发展,2025-09-26 13:18:57,3.49,24000,3.49,U
sz000592,平潭发展,2025-09-26 13:19:03,3.49,22000,3.48,U
sz000592,平潭发展,2025-09-26 13:19:12,3.49,74800,3.49,U
sz000592,平潭发展,2025-09-26 13:19:18,3.49,23900,3.49,D
sz000592,平潭发展,2025-09-26 13:19:24,3.49,27600,3.49,D
sz000592,平潭发展,2025-09-26 13:19:42,3.49,38200,3.5,D
sz000592,平潭发展,2025-09-26 13:20:06,3.5,77600,3.5,U
sz000592,平潭发展,2025-09-26 13:20:57,3.49,56500,3.5,D
sz000592,平潭发展,2025-09-26 13:21:21,3.5,21100,3.5,U
sz000592,平潭发展,2025-09-26 13:21:24,3.5,35500,3.5,U
sz000592,平潭发展,2025-09-26 13:21:42,3.49,28800,3.5,D
sz000592,平潭发展,2025-09-26 13:21:48,3.48,338400,3.49,D
sz000592,平潭发展,2025-09-26 13:21:54,3.49,114400,3.49,U
sz000592,平潭发展,2025-09-26 13:22:06,3.49,24600,3.49,U
sz000592,平潭发展,2025-09-26 13:22:24,3.48,53500,3.49,D
sz000592,平潭发展,2025-09-26 13:22:54,3.49,55400,3.48,U
sz000592,平潭发展,2025-09-26 13:23:06,3.48,29600,3.48,D
sz000592,平潭发展,2025-09-26 13:23:09,3.49,23200,3.48,U
sz000592,平潭发展,2025-09-26 13:23:21,3.49,20700,3.48,U
sz000592,平潭发展,2025-09-26 13:24:03,3.48,38800,3.48,D
sz000592,平潭发展,2025-09-26 13:24:12,3.49,24600,3.48,U
sz000592,平潭发展,2025-09-26 13:24:21,3.49,102800,3.49,U
sz000592,平潭发展,2025-09-26 13:24:33,3.48,25700,3.49,D
sz000592,平潭发展,2025-09-26 13:24:36,3.48,23900,3.48,D
sz000592,平潭发展,2025-09-26 13:24:51,3.49,25200,3.49,U
sz000592,平潭发展,2025-09-26 13:25:12,3.49,113300,3.49,U
sz000592,平潭发展,2025-09-26 13:26:06,3.49,104600,3.49,U
sz000592,平潭发展,2025-09-26 13:26:09,3.49,30000,3.49,U
sz000592,平潭发展,2025-09-26 13:26:15,3.48,20000,3.48,D
sz000592,平潭发展,2025-09-26 13:26:21,3.49,100100,3.48,U
sz000592,平潭发展,2025-09-26 13:26:30,3.49,155200,3.49,U
sz000592,平潭发展,2025-09-26 13:26:33,3.49,24300,3.49,U
sz000592,平潭发展,2025-09-26 13:26:42,3.48,70200,3.49,D
sz000592,平潭发展,2025-09-26 13:26:51,3.49,32600,3.49,U
sz000592,平潭发展,2025-09-26 13:26:57,3.49,20000,3.49,U
sz000592,平潭发展,2025-09-26 13:27:03,3.49,125800,3.49,U
sz000592,平潭发展,2025-09-26 13:27:06,3.49,20800,3.49,U
sz000592,平潭发展,2025-09-26 13:27:09,3.49,21900,3.49,U
sz000592,平潭发展,2025-09-26 13:27:12,3.49,29500,3.49,U
sz000592,平潭发展,2025-09-26 13:27:18,3.49,70200,3.49,D
sz000592,平潭发展,2025-09-26 13:27:30,3.5,131100,3.49,U
sz000592,平潭发展,2025-09-26 13:28:39,3.49,25100,3.5,D
sz000592,平潭发展,2025-09-26 13:28:51,3.5,179900,3.49,U
sz000592,平潭发展,2025-09-26 13:28:54,3.49,40500,3.5,D
sz000592,平潭发展,2025-09-26 13:28:57,3.49,26200,3.49,D
sz000592,平潭发展,2025-09-26 13:29:03,3.49,20200,3.49,D
sz000592,平潭发展,2025-09-26 13:29:09,3.49,54200,3.5,D
sz000592,平潭发展,2025-09-26 13:29:12,3.49,31600,3.49,D
sz000592,平潭发展,2025-09-26 13:29:15,3.49,26600,3.49,U
sz000592,平潭发展,2025-09-26 13:29:27,3.49,49600,3.49,U
sz000592,平潭发展,2025-09-26 13:29:39,3.49,20900,3.49,U
sz000592,平潭发展,2025-09-26 13:29:42,3.48,61100,3.49,D
sz000592,平潭发展,2025-09-26 13:30:03,3.49,57500,3.49,D
sz000592,平潭发展,2025-09-26 13:30:30,3.49,26900,3.49,D
sz000592,平潭发展,2025-09-26 13:30:39,3.49,37700,3.49,D
sz000592,平潭发展,2025-09-26 13:30:42,3.5,31100,3.49,U
sz000592,平潭发展,2025-09-26 13:30:48,3.49,69700,3.49,D
sz000592,平潭发展,2025-09-26 13:30:57,3.49,34000,3.49,U
sz000592,平潭发展,2025-09-26 13:31:42,3.48,51300,3.48,D
sz000592,平潭发展,2025-09-26 13:31:45,3.48,47600,3.48,D
sz000592,平潭发展,2025-09-26 13:32:06,3.48,20900,3.48,D
sz000592,平潭发展,2025-09-26 13:32:12,3.48,22000,3.48,D
sz000592,平潭发展,2025-09-26 13:32:54,3.49,144200,3.49,U
sz000592,平潭发展,2025-09-26 13:33:06,3.48,370200,3.49,D
sz000592,平潭发展,2025-09-26 13:33:09,3.48,124000,3.48,U
sz000592,平潭发展,2025-09-26 13:33:12,3.47,43700,3.48,D
sz000592,平潭发展,2025-09-26 13:33:51,3.48,34000,3.48,U
sz000592,平潭发展,2025-09-26 13:34:21,3.48,144300,3.47,U
sz000592,平潭发展,2025-09-26 13:34:36,3.48,25700,3.48,U
sz000592,平潭发展,2025-09-26 13:34:45,3.47,52500,3.47,D
sz000592,平潭发展,2025-09-26 13:35:18,3.47,88900,3.48,D
sz000592,平潭发展,2025-09-26 13:35:24,3.48,31400,3.48,U
sz000592,平潭发展,2025-09-26 13:36:27,3.47,21000,3.48,D
sz000592,平潭发展,2025-09-26 13:36:42,3.48,38500,3.48,U
sz000592,平潭发展,2025-09-26 13:36:54,3.48,50300,3.48,U
sz000592,平潭发展,2025-09-26 13:37:00,3.48,800700,3.47,U
sz000592,平潭发展,2025-09-26 13:37:03,3.49,60700,3.48,U
sz000592,平潭发展,2025-09-26 13:37:33,3.49,31600,3.49,U
sz000592,平潭发展,2025-09-26 13:37:42,3.49,20300,3.49,U
sz000592,平潭发展,2025-09-26 13:38:06,3.49,126300,3.49,U
sz000592,平潭发展,2025-09-26 13:38:15,3.49,31200,3.49,U
sz000592,平潭发展,2025-09-26 13:38:21,3.49,154100,3.49,U
sz000592,平潭发展,2025-09-26 13:38:42,3.49,29200,3.5,D
sz000592,平潭发展,2025-09-26 13:38:45,3.49,99400,3.49,D
sz000592,平潭发展,2025-09-26 13:38:48,3.49,35000,3.49,U
sz000592,平潭发展,2025-09-26 13:39:33,3.49,36000,3.49,U
sz000592,平潭发展,2025-09-26 13:40:12,3.49,501000,3.49,U
sz000592,平潭发展,2025-09-26 13:40:15,3.49,77800,3.49,U
sz000592,平潭发展,2025-09-26 13:40:48,3.49,28600,3.49,U
sz000592,平潭发展,2025-09-26 13:41:06,3.49,28200,3.48,U
sz000592,平潭发展,2025-09-26 13:41:18,3.49,28200,3.49,U
sz000592,平潭发展,2025-09-26 13:42:24,3.48,30600,3.48,D
sz000592,平潭发展,2025-09-26 13:42:30,3.48,73500,3.48,D
sz000592,平潭发展,2025-09-26 13:42:33,3.48,38700,3.48,D
sz000592,平潭发展,2025-09-26 13:43:15,3.48,186800,3.48,D
sz000592,平潭发展,2025-09-26 13:43:21,3.48,33800,3.49,D
sz000592,平潭发展,2025-09-26 13:44:00,3.49,32200,3.49,U
sz000592,平潭发展,2025-09-26 13:44:45,3.48,138800,3.49,D
sz000592,平潭发展,2025-09-26 13:44:51,3.49,53300,3.48,U
sz000592,平潭发展,2025-09-26 13:45:03,3.48,37100,3.48,D
sz000592,平潭发展,2025-09-26 13:45:18,3.49,20100,3.49,U
sz000592,平潭发展,2025-09-26 13:45:30,3.49,36000,3.49,U
sz000592,平潭发展,2025-09-26 13:45:33,3.49,20800,3.49,U
sz000592,平潭发展,2025-09-26 13:45:54,3.49,28200,3.48,U
sz000592,平潭发展,2025-09-26 13:46:06,3.49,210400,3.48,U
sz000592,平潭发展,2025-09-26 13:46:39,3.48,21600,3.49,D
sz000592,平潭发展,2025-09-26 13:47:09,3.48,23600,3.48,D
sz000592,平潭发展,2025-09-26 13:47:21,3.5,833511,3.49,U
sz000592,平潭发展,2025-09-26 13:47:24,3.51,254400,3.5,U
sz000592,平潭发展,2025-09-26 13:47:30,3.52,445800,3.51,U
sz000592,平潭发展,2025-09-26 13:47:33,3.53,131500,3.52,U
sz000592,平潭发展,2025-09-26 13:47:36,3.53,53000,3.53,D
sz000592,平潭发展,2025-09-26 13:47:39,3.52,65400,3.53,D
sz000592,平潭发展,2025-09-26 13:47:42,3.53,37700,3.52,U
sz000592,平潭发展,2025-09-26 13:47:51,3.52,46800,3.52,D
sz000592,平潭发展,2025-09-26 13:48:06,3.52,36800,3.52,D
sz000592,平潭发展,2025-09-26 13:48:39,3.52,21900,3.53,D
sz000592,平潭发展,2025-09-26 13:48:42,3.53,73800,3.52,U
sz000592,平潭发展,2025-09-26 13:48:54,3.53,22700,3.53,U
sz000592,平潭发展,2025-09-26 13:49:00,3.53,61200,3.53,U
sz000592,平潭发展,2025-09-26 13:49:33,3.53,31600,3.52,U
sz000592,平潭发展,2025-09-26 13:49:54,3.52,63200,3.52,D
sz000592,平潭发展,2025-09-26 13:50:03,3.52,42100,3.52,D
sz000592,平潭发展,2025-09-26 13:50:51,3.51,34600,3.51,D
sz000592,平潭发展,2025-09-26 13:52:33,3.5,132600,3.51,D
sz000592,平潭发展,2025-09-26 13:52:36,3.5,36700,3.5,D
sz000592,平潭发展,2025-09-26 13:53:21,3.5,247600,3.5,D
sz000592,平潭发展,2025-09-26 13:55:03,3.5,23600,3.5,U
sz000592,平潭发展,2025-09-26 13:56:39,3.5,20100,3.5,U
sz000592,平潭发展,2025-09-26 13:57:18,3.49,60800,3.5,D
sz000592,平潭发展,2025-09-26 13:57:24,3.49,44200,3.49,D
sz000592,平潭发展,2025-09-26 13:58:30,3.49,38000,3.49,D
sz000592,平潭发展,2025-09-26 13:58:36,3.49,20700,3.5,D
sz000592,平潭发展,2025-09-26 13:59:21,3.5,21100,3.5,U
sz000592,平潭发展,2025-09-26 13:59:24,3.5,77500,3.5,U
sz000592,平潭发展,2025-09-26 13:59:36,3.49,24100,3.5,D
sz000592,平潭发展,2025-09-26 13:59:48,3.49,57100,3.49,D
sz000592,平潭发展,2025-09-26 14:00:27,3.49,43500,3.49,U
sz000592,平潭发展,2025-09-26 14:00:33,3.49,26700,3.49,D
sz000592,平潭发展,2025-09-26 14:01:09,3.48,79700,3.49,D
sz000592,平潭发展,2025-09-26 14:01:12,3.48,39400,3.48,D
sz000592,平潭发展,2025-09-26 14:02:27,3.49,36300,3.48,U
sz000592,平潭发展,2025-09-26 14:02:33,3.48,24100,3.49,D
sz000592,平潭发展,2025-09-26 14:02:45,3.48,28000,3.48,D
sz000592,平潭发展,2025-09-26 14:04:42,3.49,20700,3.48,U
sz000592,平潭发展,2025-09-26 14:05:06,3.49,74600,3.49,U
sz000592,平潭发展,2025-09-26 14:05:09,3.49,38200,3.49,U
sz000592,平潭发展,2025-09-26 14:05:12,3.49,69300,3.49,U
sz000592,平潭发展,2025-09-26 14:05:18,3.49,22300,3.48,U
sz000592,平潭发展,2025-09-26 14:05:21,3.49,52900,3.49,U
sz000592,平潭发展,2025-09-26 14:05:27,3.49,254800,3.49,U
sz000592,平潭发展,2025-09-26 14:05:30,3.49,20900,3.49,D
sz000592,平潭发展,2025-09-26 14:06:12,3.49,36700,3.49,D
sz000592,平潭发展,2025-09-26 14:06:24,3.49,28000,3.5,U
sz000592,平潭发展,2025-09-26 14:06:30,3.49,21300,3.49,U
sz000592,平潭发展,2025-09-26 14:06:57,3.49,43400,3.49,U
sz000592,平潭发展,2025-09-26 14:07:03,3.49,23300,3.49,U
sz000592,平潭发展,2025-09-26 14:07:06,3.49,71100,3.49,U
sz000592,平潭发展,2025-09-26 14:07:24,3.5,30000,3.49,U
sz000592,平潭发展,2025-09-26 14:07:30,3.49,20000,3.5,D
sz000592,平潭发展,2025-09-26 14:07:48,3.49,46700,3.49,D
sz000592,平潭发展,2025-09-26 14:08:51,3.5,64800,3.5,U
sz000592,平潭发展,2025-09-26 14:08:54,3.5,170400,3.5,U
sz000592,平潭发展,2025-09-26 14:08:57,3.51,286200,3.5,U
sz000592,平潭发展,2025-09-26 14:09:06,3.51,71400,3.51,U
sz000592,平潭发展,2025-09-26 14:09:39,3.5,48500,3.51,D
sz000592,平潭发展,2025-09-26 14:09:48,3.51,20500,3.5,U
sz000592,平潭发展,2025-09-26 14:10:18,3.5,347400,3.51,D
sz000592,平潭发展,2025-09-26 14:10:54,3.49,87100,3.5,D
sz000592,平潭发展,2025-09-26 14:11:51,3.49,259900,3.49,D
sz000592,平潭发展,2025-09-26 14:11:54,3.49,71600,3.49,D
sz000592,平潭发展,2025-09-26 14:12:00,3.49,30600,3.49,U
sz000592,平潭发展,2025-09-26 14:12:03,3.49,180800,3.49,U
sz000592,平潭发展,2025-09-26 14:12:09,3.49,46300,3.49,U
sz000592,平潭发展,2025-09-26 14:15:12,3.49,22700,3.49,D
sz000592,平潭发展,2025-09-26 14:15:18,3.49,244600,3.49,D
sz000592,平潭发展,2025-09-26 14:15:39,3.49,72700,3.49,D
sz000592,平潭发展,2025-09-26 14:15:42,3.49,28600,3.49,D
sz000592,平潭发展,2025-09-26 14:15:57,3.49,64200,3.49,D
sz000592,平潭发展,2025-09-26 14:16:03,3.49,28000,3.49,D
sz000592,平潭发展,2025-09-26 14:16:06,3.49,38000,3.49,D
sz000592,平潭发展,2025-09-26 14:16:12,3.49,21600,3.49,U
sz000592,平潭发展,2025-09-26 14:18:03,3.49,33400,3.5,D
sz000592,平潭发展,2025-09-26 14:18:15,3.5,42100,3.5,U
sz000592,平潭发展,2025-09-26 14:18:21,3.5,20300,3.5,U
sz000592,平潭发展,2025-09-26 14:18:30,3.5,92800,3.5,U
sz000592,平潭发展,2025-09-26 14:18:36,3.5,20000,3.5,U
sz000592,平潭发展,2025-09-26 14:18:48,3.5,20900,3.49,U
sz000592,平潭发展,2025-09-26 14:19:21,3.5,22300,3.49,U
sz000592,平潭发展,2025-09-26 14:19:24,3.49,143200,3.5,D
sz000592,平潭发展,2025-09-26 14:19:30,3.49,48400,3.49,D
sz000592,平潭发展,2025-09-26 14:19:42,3.49,20200,3.49,D
sz000592,平潭发展,2025-09-26 14:20:09,3.49,54100,3.49,D
sz000592,平潭发展,2025-09-26 14:20:21,3.49,229100,3.49,D
sz000592,平潭发展,2025-09-26 14:21:33,3.5,20100,3.49,U
sz000592,平潭发展,2025-09-26 14:22:12,3.5,23300,3.5,U
sz000592,平潭发展,2025-09-26 14:22:21,3.5,23600,3.5,U
sz000592,平潭发展,2025-09-26 14:22:48,3.49,60000,3.5,D
sz000592,平潭发展,2025-09-26 14:23:03,3.5,30100,3.5,U
sz000592,平潭发展,2025-09-26 14:24:36,3.5,41900,3.49,U
sz000592,平潭发展,2025-09-26 14:24:51,3.5,545600,3.5,U
sz000592,平潭发展,2025-09-26 14:24:54,3.5,29600,3.5,U
sz000592,平潭发展,2025-09-26 14:25:36,3.49,21000,3.49,D
sz000592,平潭发展,2025-09-26 14:26:06,3.5,31200,3.5,U
sz000592,平潭发展,2025-09-26 14:26:15,3.5,34400,3.49,U
sz000592,平潭发展,2025-09-26 14:27:18,3.49,61300,3.49,D
sz000592,平潭发展,2025-09-26 14:27:39,3.49,30300,3.49,D
sz000592,平潭发展,2025-09-26 14:27:42,3.49,74200,3.49,D
sz000592,平潭发展,2025-09-26 14:27:48,3.49,29800,3.5,D
sz000592,平潭发展,2025-09-26 14:27:57,3.5,21600,3.5,U
sz000592,平潭发展,2025-09-26 14:28:12,3.49,24300,3.49,D
sz000592,平潭发展,2025-09-26 14:28:30,3.49,30700,3.49,D
sz000592,平潭发展,2025-09-26 14:28:39,3.5,56400,3.49,U
sz000592,平潭发展,2025-09-26 14:28:45,3.5,41800,3.5,U
sz000592,平潭发展,2025-09-26 14:28:48,3.49,55600,3.5,D
sz000592,平潭发展,2025-09-26 14:29:09,3.49,56100,3.49,D
sz000592,平潭发展,2025-09-26 14:29:15,3.5,26100,3.5,U
sz000592,平潭发展,2025-09-26 14:29:24,3.5,33400,3.5,U
sz000592,平潭发展,2025-09-26 14:29:30,3.5,56000,3.5,U
sz000592,平潭发展,2025-09-26 14:30:15,3.5,37200,3.5,U
sz000592,平潭发展,2025-09-26 14:30:27,3.49,26400,3.49,D
sz000592,平潭发展,2025-09-26 14:30:36,3.5,101900,3.49,U
sz000592,平潭发展,2025-09-26 14:30:57,3.49,30200,3.49,D
sz000592,平潭发展,2025-09-26 14:31:09,3.5,20000,3.49,U
sz000592,平潭发展,2025-09-26 14:31:15,3.5,29600,3.49,U
sz000592,平潭发展,2025-09-26 14:31:24,3.49,42900,3.5,D
sz000592,平潭发展,2025-09-26 14:31:48,3.5,71300,3.49,U
sz000592,平潭发展,2025-09-26 14:32:21,3.49,375600,3.49,D
sz000592,平潭发展,2025-09-26 14:32:24,3.5,500700,3.49,U
sz000592,平潭发展,2025-09-26 14:32:48,3.49,163300,3.49,D
sz000592,平潭发展,2025-09-26 14:32:51,3.49,36200,3.49,U
sz000592,平潭发展,2025-09-26 14:32:54,3.49,26100,3.49,U
sz000592,平潭发展,2025-09-26 14:33:00,3.49,33400,3.49,U
sz000592,平潭发展,2025-09-26 14:33:03,3.49,21100,3.49,D
sz000592,平潭发展,2025-09-26 14:33:15,3.49,33700,3.49,D
sz000592,平潭发展,2025-09-26 14:33:21,3.49,21400,3.49,D
sz000592,平潭发展,2025-09-26 14:33:39,3.49,74100,3.49,D
sz000592,平潭发展,2025-09-26 14:33:54,3.49,53900,3.49,D
sz000592,平潭发展,2025-09-26 14:34:03,3.49,79000,3.49,D
sz000592,平潭发展,2025-09-26 14:34:06,3.5,64100,3.49,U
sz000592,平潭发展,2025-09-26 14:34:12,3.49,20800,3.49,D
sz000592,平潭发展,2025-09-26 14:34:15,3.49,191300,3.49,D
sz000592,平潭发展,2025-09-26 14:34:30,3.49,62600,3.5,D
sz000592,平潭发展,2025-09-26 14:34:36,3.49,69000,3.49,U
sz000592,平潭发展,2025-09-26 14:34:57,3.49,42700,3.49,U
sz000592,平潭发展,2025-09-26 14:35:00,3.49,107100,3.49,U
sz000592,平潭发展,2025-09-26 14:35:12,3.49,63700,3.49,D
sz000592,平潭发展,2025-09-26 14:35:21,3.49,34100,3.49,D
sz000592,平潭发展,2025-09-26 14:35:39,3.49,30600,3.49,D
sz000592,平潭发展,2025-09-26 14:35:42,3.49,20200,3.49,D
sz000592,平潭发展,2025-09-26 14:35:48,3.49,26600,3.49,D
sz000592,平潭发展,2025-09-26 14:35:51,3.49,48700,3.49,D
sz000592,平潭发展,2025-09-26 14:36:12,3.48,25100,3.48,D
sz000592,平潭发展,2025-09-26 14:36:21,3.48,23600,3.49,D
sz000592,平潭发展,2025-09-26 14:36:51,3.49,35000,3.48,U
sz000592,平潭发展,2025-09-26 14:37:00,3.48,220100,3.49,D
sz000592,平潭发展,2025-09-26 14:37:24,3.48,38000,3.49,D
sz000592,平潭发展,2025-09-26 14:37:45,3.49,181000,3.49,U
sz000592,平潭发展,2025-09-26 14:38:15,3.48,20700,3.48,D
sz000592,平潭发展,2025-09-26 14:38:33,3.48,246400,3.48,D
sz000592,平潭发展,2025-09-26 14:38:39,3.48,35200,3.49,D
sz000592,平潭发展,2025-09-26 14:38:54,3.48,678900,3.48,D
sz000592,平潭发展,2025-09-26 14:39:06,3.48,22100,3.48,U
sz000592,平潭发展,2025-09-26 14:39:45,3.48,665600,3.48,U
sz000592,平潭发展,2025-09-26 14:39:51,3.48,49600,3.48,D
sz000592,平潭发展,2025-09-26 14:39:54,3.48,254000,3.48,D
sz000592,平潭发展,2025-09-26 14:40:12,3.48,31400,3.49,D
sz000592,平潭发展,2025-09-26 14:40:30,3.48,59000,3.49,D
sz000592,平潭发展,2025-09-26 14:40:42,3.48,40100,3.48,D
sz000592,平潭发展,2025-09-26 14:41:00,3.49,44700,3.48,U
sz000592,平潭发展,2025-09-26 14:41:03,3.49,57000,3.49,U
sz000592,平潭发展,2025-09-26 14:41:33,3.49,28300,3.49,U
sz000592,平潭发展,2025-09-26 14:42:12,3.49,29400,3.48,U
sz000592,平潭发展,2025-09-26 14:42:24,3.48,402100,3.49,D
sz000592,平潭发展,2025-09-26 14:43:06,3.48,20100,3.48,D
sz000592,平潭发展,2025-09-26 14:43:15,3.49,28000,3.49,U
sz000592,平潭发展,2025-09-26 14:43:21,3.49,30000,3.48,U
sz000592,平潭发展,2025-09-26 14:43:30,3.49,765300,3.48,U
sz000592,平潭发展,2025-09-26 14:43:36,3.48,154300,3.48,D
sz000592,平潭发展,2025-09-26 14:43:39,3.48,47700,3.48,U
sz000592,平潭发展,2025-09-26 14:43:48,3.49,34400,3.49,U
sz000592,平潭发展,2025-09-26 14:43:54,3.48,208800,3.49,D
sz000592,平潭发展,2025-09-26 14:44:03,3.48,85800,3.48,U
sz000592,平潭发展,2025-09-26 14:44:06,3.48,449100,3.48,U
sz000592,平潭发展,2025-09-26 14:44:09,3.48,33800,3.48,U
sz000592,平潭发展,2025-09-26 14:44:18,3.48,143600,3.48,D
sz000592,平潭发展,2025-09-26 14:44:21,3.47,20400,3.48,D
sz000592,平潭发展,2025-09-26 14:44:33,3.48,220400,3.48,D
sz000592,平潭发展,2025-09-26 14:44:36,3.48,93400,3.48,U
sz000592,平潭发展,2025-09-26 14:44:39,3.48,33200,3.48,D
sz000592,平潭发展,2025-09-26 14:44:48,3.47,159300,3.47,D
sz000592,平潭发展,2025-09-26 14:44:57,3.48,45700,3.49,D
sz000592,平潭发展,2025-09-26 14:45:06,3.48,37600,3.48,U
sz000592,平潭发展,2025-09-26 14:45:18,3.48,26700,3.48,D
sz000592,平潭发展,2025-09-26 14:45:24,3.48,47100,3.49,D
sz000592,平潭发展,2025-09-26 14:45:42,3.49,43800,3.48,U
sz000592,平潭发展,2025-09-26 14:45:45,3.48,62800,3.49,D
sz000592,平潭发展,2025-09-26 14:46:06,3.49,34800,3.49,U
sz000592,平潭发展,2025-09-26 14:46:12,3.49,33600,3.49,U
sz000592,平潭发展,2025-09-26 14:46:27,3.49,35100,3.49,U
sz000592,平潭发展,2025-09-26 14:46:33,3.48,48800,3.48,D
sz000592,平潭发展,2025-09-26 14:46:54,3.48,33300,3.48,D
sz000592,平潭发展,2025-09-26 14:46:57,3.49,36400,3.48,U
sz000592,平潭发展,2025-09-26 14:47:06,3.48,42600,3.49,D
sz000592,平潭发展,2025-09-26 14:47:09,3.49,34800,3.48,U
sz000592,平潭发展,2025-09-26 14:47:12,3.49,214000,3.49,U
sz000592,平潭发展,2025-09-26 14:47:15,3.49,157500,3.49,U
sz000592,平潭发展,2025-09-26 14:47:18,3.49,334600,3.49,U
sz000592,平潭发展,2025-09-26 14:47:21,3.49,80500,3.49,U
sz000592,平潭发展,2025-09-26 14:47:24,3.49,149500,3.49,U
sz000592,平潭发展,2025-09-26 14:47:27,3.49,35300,3.49,U
sz000592,平潭发展,2025-09-26 14:47:33,3.49,35900,3.49,U
sz000592,平潭发展,2025-09-26 14:47:36,3.49,37700,3.49,U
sz000592,平潭发展,2025-09-26 14:47:42,3.49,67500,3.49,U
sz000592,平潭发展,2025-09-26 14:47:45,3.48,26500,3.49,D
sz000592,平潭发展,2025-09-26 14:47:51,3.49,75500,3.49,U
sz000592,平潭发展,2025-09-26 14:47:54,3.49,68100,3.49,U
sz000592,平潭发展,2025-09-26 14:47:57,3.49,54700,3.49,U
sz000592,平潭发展,2025-09-26 14:48:00,3.49,28100,3.49,U
sz000592,平潭发展,2025-09-26 14:48:15,3.48,65100,3.49,D
sz000592,平潭发展,2025-09-26 14:49:21,3.48,31800,3.48,D
sz000592,平潭发展,2025-09-26 14:49:27,3.48,27200,3.48,D
sz000592,平潭发展,2025-09-26 14:49:30,3.49,63000,3.48,U
sz000592,平潭发展,2025-09-26 14:49:39,3.49,383500,3.49,U
sz000592,平潭发展,2025-09-26 14:49:48,3.49,117600,3.49,U
sz000592,平潭发展,2025-09-26 14:49:51,3.49,98100,3.49,U
sz000592,平潭发展,2025-09-26 14:49:54,3.49,26800,3.49,U
sz000592,平潭发展,2025-09-26 14:49:57,3.48,26100,3.49,D
sz000592,平潭发展,2025-09-26 14:50:06,3.49,66800,3.49,U
sz000592,平潭发展,2025-09-26 14:50:09,3.49,40800,3.49,U
sz000592,平潭发展,2025-09-26 14:50:12,3.49,22800,3.49,U
sz000592,平潭发展,2025-09-26 14:50:15,3.49,73300,3.49,U
sz000592,平潭发展,2025-09-26 14:50:18,3.49,185200,3.49,U
sz000592,平潭发展,2025-09-26 14:50:21,3.49,36200,3.49,U
sz000592,平潭发展,2025-09-26 14:50:45,3.49,44200,3.49,U
sz000592,平潭发展,2025-09-26 14:50:51,3.49,55100,3.49,U
sz000592,平潭发展,2025-09-26 14:50:57,3.49,26100,3.48,U
sz000592,平潭发展,2025-09-26 14:51:12,3.48,107300,3.48,D
sz000592,平潭发展,2025-09-26 14:51:18,3.48,41800,3.49,D
sz000592,平潭发展,2025-09-26 14:51:24,3.49,44400,3.49,U
sz000592,平潭发展,2025-09-26 14:51:27,3.48,167500,3.49,D
sz000592,平潭发展,2025-09-26 14:51:33,3.48,48700,3.48,D
sz000592,平潭发展,2025-09-26 14:51:36,3.49,73500,3.48,U
sz000592,平潭发展,2025-09-26 14:51:42,3.49,48200,3.49,U
sz000592,平潭发展,2025-09-26 14:51:48,3.49,25200,3.49,U
sz000592,平潭发展,2025-09-26 14:51:57,3.48,25100,3.49,D
sz000592,平潭发展,2025-09-26 14:52:00,3.48,38900,3.48,D
sz000592,平潭发展,2025-09-26 14:52:06,3.48,48400,3.48,D
sz000592,平潭发展,2025-09-26 14:52:15,3.49,25900,3.48,U
sz000592,平潭发展,2025-09-26 14:52:18,3.49,27200,3.49,U
sz000592,平潭发展,2025-09-26 14:52:21,3.48,86400,3.49,D
sz000592,平潭发展,2025-09-26 14:52:33,3.49,187400,3.49,U
sz000592,平潭发展,2025-09-26 14:52:36,3.49,70400,3.49,U
sz000592,平潭发展,2025-09-26 14:52:42,3.49,78600,3.49,U
sz000592,平潭发展,2025-09-26 14:52:45,3.49,75200,3.49,U
sz000592,平潭发展,2025-09-26 14:52:48,3.48,119600,3.49,D
sz000592,平潭发展,2025-09-26 14:52:51,3.49,33000,3.48,U
sz000592,平潭发展,2025-09-26 14:52:57,3.49,82600,3.49,U
sz000592,平潭发展,2025-09-26 14:53:03,3.48,30300,3.49,D
sz000592,平潭发展,2025-09-26 14:53:06,3.49,62900,3.48,U
sz000592,平潭发展,2025-09-26 14:53:12,3.49,30500,3.49,U
sz000592,平潭发展,2025-09-26 14:53:15,3.49,627700,3.49,U
sz000592,平潭发展,2025-09-26 14:53:18,3.48,53000,3.49,D
sz000592,平潭发展,2025-09-26 14:53:21,3.49,86400,3.48,U
sz000592,平潭发展,2025-09-26 14:53:24,3.48,29500,3.49,D
sz000592,平潭发展,2025-09-26 14:53:36,3.49,65100,3.49,U
sz000592,平潭发展,2025-09-26 14:53:39,3.49,26700,3.49,U
sz000592,平潭发展,2025-09-26 14:53:42,3.49,74200,3.49,U
sz000592,平潭发展,2025-09-26 14:53:45,3.49,36600,3.49,U
sz000592,平潭发展,2025-09-26 14:54:03,3.49,27600,3.48,U
sz000592,平潭发展,2025-09-26 14:54:06,3.48,28600,3.49,D
sz000592,平潭发展,2025-09-26 14:54:15,3.49,24200,3.49,U
sz000592,平潭发展,2025-09-26 14:54:30,3.48,33700,3.49,D
sz000592,平潭发展,2025-09-26 14:54:42,3.48,42600,3.49,D
sz000592,平潭发展,2025-09-26 14:54:45,3.49,44600,3.48,U
sz000592,平潭发展,2025-09-26 14:54:51,3.49,35600,3.49,U
sz000592,平潭发展,2025-09-26 14:54:54,3.48,120300,3.49,D
sz000592,平潭发展,2025-09-26 14:54:57,3.49,57200,3.48,U
sz000592,平潭发展,2025-09-26 14:55:03,3.48,22000,3.48,D
sz000592,平潭发展,2025-09-26 14:55:06,3.49,44600,3.48,U
sz000592,平潭发展,2025-09-26 14:55:09,3.49,76400,3.49,U
sz000592,平潭发展,2025-09-26 14:55:18,3.49,20000,3.49,U
sz000592,平潭发展,2025-09-26 14:55:21,3.49,42100,3.49,U
sz000592,平潭发展,2025-09-26 14:55:24,3.49,39000,3.49,U
sz000592,平潭发展,2025-09-26 14:55:36,3.48,98700,3.48,D
sz000592,平潭发展,2025-09-26 14:55:39,3.48,41000,3.48,D
sz000592,平潭发展,2025-09-26 14:55:42,3.49,89600,3.48,U
sz000592,平潭发展,2025-09-26 14:55:45,3.48,33200,3.49,D
sz000592,平潭发展,2025-09-26 14:55:51,3.49,47300,3.48,U
sz000592,平潭发展,2025-09-26 14:55:54,3.49,48600,3.49,U
sz000592,平潭发展,2025-09-26 14:55:57,3.49,23100,3.49,U
sz000592,平潭发展,2025-09-26 14:56:00,3.48,23000,3.49,D
sz000592,平潭发展,2025-09-26 14:56:03,3.48,83700,3.48,D
sz000592,平潭发展,2025-09-26 14:56:06,3.48,28000,3.48,D
sz000592,平潭发展,2025-09-26 14:56:09,3.49,57900,3.48,U
sz000592,平潭发展,2025-09-26 14:56:12,3.48,170800,3.49,D
sz000592,平潭发展,2025-09-26 14:56:15,3.48,76200,3.48,D
sz000592,平潭发展,2025-09-26 14:56:21,3.48,70000,3.48,D
sz000592,平潭发展,2025-09-26 14:56:24,3.49,81100,3.48,U
sz000592,平潭发展,2025-09-26 14:56:30,3.49,40500,3.48,U
sz000592,平潭发展,2025-09-26 14:56:33,3.49,57000,3.49,U
sz000592,平潭发展,2025-09-26 14:56:36,3.49,115500,3.49,U
sz000592,平潭发展,2025-09-26 14:56:39,3.49,204600,3.49,U
sz000592,平潭发展,2025-09-26 14:56:42,3.49,32500,3.49,U
sz000592,平潭发展,2025-09-26 14:56:45,3.49,50200,3.49,U
sz000592,平潭发展,2025-09-26 14:56:54,3.49,32500,3.49,U
sz000592,平潭发展,2025-09-26 14:56:57,3.49,36500,3.49,U
sz000592,平潭发展,2025-09-26 14:57:00,3.49,32700,3.49,U
sz000592,平潭发展,2025-09-26 15:00:00,3.49,2978100,3.49,E
