symbol,name,ticktime,price,volume,prev_price,kind
sz000592,平潭发展,2025-09-29 09:25:00,3.46,1802255,0.0,U
sz000592,平潭发展,2025-09-29 09:30:00,3.45,745045,3.46,D
sz000592,平潭发展,2025-09-29 09:30:03,3.45,1683600,3.45,U
sz000592,平潭发展,2025-09-29 09:30:06,3.46,544900,3.45,U
sz000592,平潭发展,2025-09-29 09:30:09,3.44,168600,3.46,D
sz000592,平潭发展,2025-09-29 09:30:12,3.45,545300,3.44,U
sz000592,平潭发展,2025-09-29 09:30:15,3.45,112800,3.45,D
sz000592,平潭发展,2025-09-29 09:30:18,3.45,458900,3.45,D
sz000592,平潭发展,2025-09-29 09:30:21,3.45,172200,3.45,D
sz000592,平潭发展,2025-09-29 09:30:24,3.45,57500,3.45,U
sz000592,平潭发展,2025-09-29 09:30:27,3.44,481600,3.45,D
sz000592,平潭发展,2025-09-29 09:30:30,3.43,329500,3.44,D
sz000592,平潭发展,2025-09-29 09:30:33,3.43,323300,3.43,D
sz000592,平潭发展,2025-09-29 09:30:36,3.42,115900,3.43,D
sz000592,平潭发展,2025-09-29 09:30:39,3.42,264000,3.42,D
sz000592,平潭发展,2025-09-29 09:30:42,3.42,420700,3.42,D
sz000592,平潭发展,2025-09-29 09:30:45,3.42,142500,3.42,D
sz000592,平潭发展,2025-09-29 09:30:48,3.41,888400,3.42,D
sz000592,平潭发展,2025-09-29 09:30:51,3.41,201100,3.41,D
sz000592,平潭发展,2025-09-29 09:30:54,3.42,697300,3.41,U
sz000592,平潭发展,2025-09-29 09:30:57,3.41,180800,3.42,D
sz000592,平潭发展,2025-09-29 09:31:00,3.42,220700,3.41,U
sz000592,平潭发展,2025-09-29 09:31:03,3.42,379900,3.42,U
sz000592,平潭发展,2025-09-29 09:31:06,3.42,152300,3.42,D
sz000592,平潭发展,2025-09-29 09:31:09,3.42,218400,3.42,D
sz000592,平潭发展,2025-09-29 09:31:12,3.42,101600,3.42,D
sz000592,平潭发展,2025-09-29 09:31:15,3.42,205100,3.42,U
sz000592,平潭发展,2025-09-29 09:31:18,3.42,259800,3.42,D
sz000592,平潭发展,2025-09-29 09:31:21,3.42,88000,3.42,U
sz000592,平潭发展,2025-09-29 09:31:24,3.42,172200,3.42,U
sz000592,平潭发展,2025-09-29 09:31:27,3.42,34600,3.42,U
sz000592,平潭发展,2025-09-29 09:31:30,3.42,66800,3.42,U
sz000592,平潭发展,2025-09-29 09:31:33,3.42,61300,3.42,U
sz000592,平潭发展,2025-09-29 09:31:36,3.41,87200,3.42,D
sz000592,平潭发展,2025-09-29 09:31:39,3.42,147500,3.41,U
sz000592,平潭发展,2025-09-29 09:31:42,3.42,94800,3.42,D
sz000592,平潭发展,2025-09-29 09:31:45,3.41,54300,3.42,D
sz000592,平潭发展,2025-09-29 09:31:48,3.41,53700,3.41,D
sz000592,平潭发展,2025-09-29 09:31:51,3.42,285300,3.41,U
sz000592,平潭发展,2025-09-29 09:31:54,3.42,157100,3.42,U
sz000592,平潭发展,2025-09-29 09:31:57,3.42,66700,3.42,U
sz000592,平潭发展,2025-09-29 09:32:00,3.41,76500,3.42,D
sz000592,平潭发展,2025-09-29 09:32:03,3.41,325400,3.41,D
sz000592,平潭发展,2025-09-29 09:32:06,3.42,138500,3.41,U
sz000592,平潭发展,2025-09-29 09:32:09,3.41,148000,3.42,D
sz000592,平潭发展,2025-09-29 09:32:12,3.42,87100,3.41,U
sz000592,平潭发展,2025-09-29 09:32:15,3.41,67800,3.42,D
sz000592,平潭发展,2025-09-29 09:32:18,3.42,158400,3.41,U
sz000592,平潭发展,2025-09-29 09:32:21,3.41,72800,3.42,D
sz000592,平潭发展,2025-09-29 09:32:24,3.42,62800,3.41,U
sz000592,平潭发展,2025-09-29 09:32:27,3.41,366300,3.42,D
sz000592,平潭发展,2025-09-29 09:32:30,3.41,206700,3.41,D
sz000592,平潭发展,2025-09-29 09:32:33,3.41,129500,3.41,D
sz000592,平潭发展,2025-09-29 09:32:36,3.41,277900,3.41,D
sz000592,平潭发展,2025-09-29 09:32:39,3.41,63700,3.41,U
sz000592,平潭发展,2025-09-29 09:32:42,3.4,102800,3.41,D
sz000592,平潭发展,2025-09-29 09:32:45,3.41,693000,3.4,U
sz000592,平潭发展,2025-09-29 09:32:48,3.41,251500,3.41,D
sz000592,平潭发展,2025-09-29 09:32:51,3.41,47500,3.41,D
sz000592,平潭发展,2025-09-29 09:32:54,3.41,83500,3.41,D
sz000592,平潭发展,2025-09-29 09:32:57,3.41,111100,3.41,D
sz000592,平潭发展,2025-09-29 09:33:00,3.41,150500,3.41,D
sz000592,平潭发展,2025-09-29 09:33:03,3.4,22600,3.41,D
sz000592,平潭发展,2025-09-29 09:33:06,3.4,60100,3.4,D
sz000592,平潭发展,2025-09-29 09:33:09,3.4,68700,3.4,D
sz000592,平潭发展,2025-09-29 09:33:12,3.4,140700,3.4,D
sz000592,平潭发展,2025-09-29 09:33:15,3.4,392800,3.4,D
sz000592,平潭发展,2025-09-29 09:33:18,3.4,68000,3.4,D
sz000592,平潭发展,2025-09-29 09:33:21,3.41,527400,3.4,U
sz000592,平潭发展,2025-09-29 09:33:24,3.41,95300,3.41,D
sz000592,平潭发展,2025-09-29 09:33:27,3.41,141700,3.41,D
sz000592,平潭发展,2025-09-29 09:33:30,3.42,301200,3.41,U
sz000592,平潭发展,2025-09-29 09:33:33,3.42,66200,3.42,D
sz000592,平潭发展,2025-09-29 09:33:36,3.43,109700,3.42,U
sz000592,平潭发展,2025-09-29 09:33:39,3.43,36000,3.43,U
sz000592,平潭发展,2025-09-29 09:33:42,3.43,3648900,3.43,D
sz000592,平潭发展,2025-09-29 09:33:45,3.42,53200,3.43,D
sz000592,平潭发展,2025-09-29 09:33:51,3.42,37300,3.42,D
sz000592,平潭发展,2025-09-29 09:33:57,3.43,23800,3.43,U
sz000592,平潭发展,2025-09-29 09:34:03,3.42,27900,3.42,D
sz000592,平潭发展,2025-09-29 09:34:06,3.42,28200,3.42,D
sz000592,平潭发展,2025-09-29 09:34:09,3.42,28600,3.42,D
sz000592,平潭发展,2025-09-29 09:34:12,3.42,303100,3.42,D
sz000592,平潭发展,2025-09-29 09:34:15,3.42,54500,3.42,D
sz000592,平潭发展,2025-09-29 09:34:21,3.42,33100,3.42,D
sz000592,平潭发展,2025-09-29 09:34:24,3.42,447300,3.42,D
sz000592,平潭发展,2025-09-29 09:34:27,3.42,24900,3.42,U
sz000592,平潭发展,2025-09-29 09:34:30,3.42,77300,3.42,U
sz000592,平潭发展,2025-09-29 09:34:33,3.42,24100,3.42,U
sz000592,平潭发展,2025-09-29 09:34:36,3.41,594400,3.42,D
sz000592,平潭发展,2025-09-29 09:34:39,3.41,79700,3.41,U
sz000592,平潭发展,2025-09-29 09:34:42,3.41,154900,3.41,U
sz000592,平潭发展,2025-09-29 09:34:45,3.41,37600,3.41,U
sz000592,平潭发展,2025-09-29 09:34:48,3.41,101400,3.41,D
sz000592,平潭发展,2025-09-29 09:34:51,3.4,68000,3.41,D
sz000592,平潭发展,2025-09-29 09:34:54,3.41,22600,3.4,U
sz000592,平潭发展,2025-09-29 09:34:57,3.4,355500,3.41,D
sz000592,平潭发展,2025-09-29 09:35:03,3.4,138400,3.4,D
sz000592,平潭发展,2025-09-29 09:35:06,3.4,244400,3.4,D
sz000592,平潭发展,2025-09-29 09:35:09,3.4,924300,3.4,D
sz000592,平潭发展,2025-09-29 09:35:12,3.4,60400,3.4,U
sz000592,平潭发展,2025-09-29 09:35:15,3.4,40200,3.4,U
sz000592,平潭发展,2025-09-29 09:35:18,3.4,83500,3.4,U
sz000592,平潭发展,2025-09-29 09:35:21,3.4,62600,3.4,U
sz000592,平潭发展,2025-09-29 09:35:24,3.4,56600,3.4,U
sz000592,平潭发展,2025-09-29 09:35:27,3.39,50800,3.4,D
sz000592,平潭发展,2025-09-29 09:35:30,3.39,63100,3.39,D
sz000592,平潭发展,2025-09-29 09:35:33,3.39,125900,3.39,D
sz000592,平潭发展,2025-09-29 09:35:36,3.39,105200,3.39,D
sz000592,平潭发展,2025-09-29 09:35:39,3.39,169000,3.39,D
sz000592,平潭发展,2025-09-29 09:35:42,3.39,60700,3.39,D
sz000592,平潭发展,2025-09-29 09:35:45,3.39,217600,3.39,D
sz000592,平潭发展,2025-09-29 09:35:48,3.39,93300,3.39,D
sz000592,平潭发展,2025-09-29 09:35:51,3.4,164800,3.39,U
sz000592,平潭发展,2025-09-29 09:35:54,3.38,448800,3.4,D
sz000592,平潭发展,2025-09-29 09:35:57,3.39,96100,3.38,U
sz000592,平潭发展,2025-09-29 09:36:00,3.39,88700,3.39,U
sz000592,平潭发展,2025-09-29 09:36:03,3.39,69900,3.39,D
sz000592,平潭发展,2025-09-29 09:36:06,3.39,89000,3.39,D
sz000592,平潭发展,2025-09-29 09:36:09,3.39,111200,3.39,D
sz000592,平潭发展,2025-09-29 09:36:12,3.39,135200,3.39,D
sz000592,平潭发展,2025-09-29 09:36:15,3.39,51800,3.39,D
sz000592,平潭发展,2025-09-29 09:36:18,3.39,83700,3.39,D
sz000592,平潭发展,2025-09-29 09:36:21,3.39,228600,3.39,D
sz000592,平潭发展,2025-09-29 09:36:24,3.39,69400,3.39,U
sz000592,平潭发展,2025-09-29 09:36:27,3.39,76700,3.39,U
sz000592,平潭发展,2025-09-29 09:36:30,3.38,34900,3.39,D
sz000592,平潭发展,2025-09-29 09:36:33,3.39,24500,3.38,U
sz000592,平潭发展,2025-09-29 09:36:36,3.39,58300,3.39,U
sz000592,平潭发展,2025-09-29 09:36:39,3.38,54900,3.39,D
sz000592,平潭发展,2025-09-29 09:36:42,3.38,222800,3.38,D
sz000592,平潭发展,2025-09-29 09:36:45,3.38,57800,3.38,D
sz000592,平潭发展,2025-09-29 09:36:48,3.38,51100,3.38,D
sz000592,平潭发展,2025-09-29 09:36:51,3.39,66800,3.38,U
sz000592,平潭发展,2025-09-29 09:36:54,3.38,103800,3.39,D
sz000592,平潭发展,2025-09-29 09:36:57,3.38,1049800,3.38,D
sz000592,平潭发展,2025-09-29 09:37:00,3.38,91900,3.38,U
sz000592,平潭发展,2025-09-29 09:37:03,3.37,50800,3.38,D
sz000592,平潭发展,2025-09-29 09:37:06,3.38,158300,3.37,U
sz000592,平潭发展,2025-09-29 09:37:09,3.37,80500,3.38,D
sz000592,平潭发展,2025-09-29 09:37:12,3.37,563300,3.37,D
sz000592,平潭发展,2025-09-29 09:37:15,3.37,54500,3.37,D
sz000592,平潭发展,2025-09-29 09:37:18,3.37,192900,3.37,D
sz000592,平潭发展,2025-09-29 09:37:21,3.38,227300,3.37,U
sz000592,平潭发展,2025-09-29 09:37:24,3.38,67200,3.38,D
sz000592,平潭发展,2025-09-29 09:37:27,3.38,32200,3.38,D
sz000592,平潭发展,2025-09-29 09:37:30,3.38,51300,3.38,D
sz000592,平潭发展,2025-09-29 09:37:33,3.38,93900,3.38,D
sz000592,平潭发展,2025-09-29 09:37:36,3.38,291200,3.38,U
sz000592,平潭发展,2025-09-29 09:37:39,3.38,37600,3.38,D
sz000592,平潭发展,2025-09-29 09:37:42,3.38,37400,3.38,D
sz000592,平潭发展,2025-09-29 09:37:45,3.38,68100,3.38,D
sz000592,平潭发展,2025-09-29 09:37:51,3.38,69800,3.38,D
sz000592,平潭发展,2025-09-29 09:38:00,3.38,126900,3.38,D
sz000592,平潭发展,2025-09-29 09:38:03,3.38,114900,3.38,D
sz000592,平潭发展,2025-09-29 09:38:15,3.39,68600,3.39,U
sz000592,平潭发展,2025-09-29 09:38:21,3.38,71800,3.39,D
sz000592,平潭发展,2025-09-29 09:38:24,3.39,38200,3.38,U
sz000592,平潭发展,2025-09-29 09:38:27,3.39,28900,3.39,U
sz000592,平潭发展,2025-09-29 09:38:30,3.38,55000,3.39,D
sz000592,平潭发展,2025-09-29 09:38:33,3.38,35400,3.38,D
sz000592,平潭发展,2025-09-29 09:38:36,3.39,51400,3.38,U
sz000592,平潭发展,2025-09-29 09:38:39,3.39,27000,3.39,U
sz000592,平潭发展,2025-09-29 09:38:42,3.39,21400,3.39,U
sz000592,平潭发展,2025-09-29 09:38:45,3.39,36700,3.39,U
sz000592,平潭发展,2025-09-29 09:38:48,3.38,636000,3.39,D
sz000592,平潭发展,2025-09-29 09:38:51,3.38,382900,3.38,D
sz000592,平潭发展,2025-09-29 09:38:54,3.38,120500,3.38,U
sz000592,平潭发展,2025-09-29 09:39:03,3.38,36000,3.37,U
sz000592,平潭发展,2025-09-29 09:39:06,3.38,142000,3.38,U
sz000592,平潭发展,2025-09-29 09:39:09,3.38,47800,3.38,U
sz000592,平潭发展,2025-09-29 09:39:12,3.38,84900,3.38,U
sz000592,平潭发展,2025-09-29 09:39:15,3.37,223200,3.38,D
sz000592,平潭发展,2025-09-29 09:39:21,3.37,31000,3.38,D
sz000592,平潭发展,2025-09-29 09:39:27,3.38,208200,3.38,U
sz000592,平潭发展,2025-09-29 09:39:30,3.37,121600,3.38,D
sz000592,平潭发展,2025-09-29 09:39:33,3.37,41700,3.37,D
sz000592,平潭发展,2025-09-29 09:39:36,3.38,51600,3.37,U
sz000592,平潭发展,2025-09-29 09:39:42,3.37,123900,3.37,D
sz000592,平潭发展,2025-09-29 09:39:45,3.37,215700,3.37,D
sz000592,平潭发展,2025-09-29 09:39:48,3.38,64700,3.37,U
sz000592,平潭发展,2025-09-29 09:39:57,3.38,168700,3.38,U
sz000592,平潭发展,2025-09-29 09:40:00,3.37,49400,3.38,D
sz000592,平潭发展,2025-09-29 09:40:03,3.37,572600,3.37,D
sz000592,平潭发展,2025-09-29 09:40:06,3.37,34300,3.37,U
sz000592,平潭发展,2025-09-29 09:40:09,3.37,61500,3.37,U
sz000592,平潭发展,2025-09-29 09:40:12,3.37,35900,3.37,U
sz000592,平潭发展,2025-09-29 09:40:15,3.37,30700,3.37,U
sz000592,平潭发展,2025-09-29 09:40:18,3.37,98500,3.37,U
sz000592,平潭发展,2025-09-29 09:40:21,3.37,38400,3.37,U
sz000592,平潭发展,2025-09-29 09:40:24,3.37,35200,3.37,U
sz000592,平潭发展,2025-09-29 09:40:27,3.37,20600,3.37,U
sz000592,平潭发展,2025-09-29 09:40:30,3.36,63800,3.37,D
sz000592,平潭发展,2025-09-29 09:40:33,3.37,370100,3.36,U
sz000592,平潭发展,2025-09-29 09:40:36,3.37,40100,3.37,D
sz000592,平潭发展,2025-09-29 09:40:39,3.37,737000,3.37,D
sz000592,平潭发展,2025-09-29 09:40:45,3.37,47100,3.37,D
sz000592,平潭发展,2025-09-29 09:40:51,3.37,362300,3.37,D
sz000592,平潭发展,2025-09-29 09:40:57,3.37,66600,3.37,D
sz000592,平潭发展,2025-09-29 09:41:03,3.37,151100,3.37,D
sz000592,平潭发展,2025-09-29 09:41:06,3.37,36300,3.37,D
sz000592,平潭发展,2025-09-29 09:41:09,3.38,130300,3.37,U
sz000592,平潭发展,2025-09-29 09:41:12,3.38,65400,3.38,U
sz000592,平潭发展,2025-09-29 09:41:15,3.38,499300,3.38,U
sz000592,平潭发展,2025-09-29 09:41:30,3.38,297600,3.39,D
sz000592,平潭发展,2025-09-29 09:41:39,3.38,446500,3.38,D
sz000592,平潭发展,2025-09-29 09:41:45,3.37,47100,3.38,D
sz000592,平潭发展,2025-09-29 09:42:06,3.38,66700,3.37,U
sz000592,平潭发展,2025-09-29 09:42:18,3.37,32900,3.37,D
sz000592,平潭发展,2025-09-29 09:42:21,3.38,22400,3.37,U
sz000592,平潭发展,2025-09-29 09:42:30,3.37,62500,3.37,D
sz000592,平潭发展,2025-09-29 09:42:36,3.38,90600,3.37,U
sz000592,平潭发展,2025-09-29 09:42:39,3.37,38800,3.38,D
sz000592,平潭发展,2025-09-29 09:42:45,3.37,26100,3.38,D
sz000592,平潭发展,2025-09-29 09:42:51,3.38,148100,3.38,U
sz000592,平潭发展,2025-09-29 09:42:54,3.38,317900,3.38,D
sz000592,平潭发展,2025-09-29 09:42:57,3.38,42900,3.38,D
sz000592,平潭发展,2025-09-29 09:43:00,3.38,25300,3.38,D
sz000592,平潭发展,2025-09-29 09:43:03,3.38,43700,3.38,U
sz000592,平潭发展,2025-09-29 09:43:06,3.38,35200,3.38,U
sz000592,平潭发展,2025-09-29 09:43:12,3.38,51100,3.39,D
sz000592,平潭发展,2025-09-29 09:43:15,3.37,32000,3.38,D
sz000592,平潭发展,2025-09-29 09:43:18,3.38,36100,3.37,U
sz000592,平潭发展,2025-09-29 09:43:21,3.39,40100,3.38,U
sz000592,平潭发展,2025-09-29 09:43:24,3.38,49200,3.39,D
sz000592,平潭发展,2025-09-29 09:43:33,3.38,63400,3.38,D
sz000592,平潭发展,2025-09-29 09:43:54,3.38,28000,3.38,D
sz000592,平潭发展,2025-09-29 09:43:57,3.39,25100,3.38,U
sz000592,平潭发展,2025-09-29 09:44:00,3.38,35100,3.39,D
sz000592,平潭发展,2025-09-29 09:44:15,3.38,22900,3.38,D
sz000592,平潭发展,2025-09-29 09:44:18,3.39,22900,3.38,U
sz000592,平潭发展,2025-09-29 09:44:27,3.38,56900,3.38,D
sz000592,平潭发展,2025-09-29 09:44:30,3.38,32600,3.38,D
sz000592,平潭发展,2025-09-29 09:44:45,3.39,22500,3.38,U
sz000592,平潭发展,2025-09-29 09:44:54,3.38,21400,3.38,D
sz000592,平潭发展,2025-09-29 09:44:57,3.38,63800,3.38,D
sz000592,平潭发展,2025-09-29 09:45:00,3.38,124400,3.38,D
sz000592,平潭发展,2025-09-29 09:45:03,3.37,1410300,3.38,D
sz000592,平潭发展,2025-09-29 09:45:06,3.38,29200,3.37,U
sz000592,平潭发展,2025-09-29 09:45:21,3.38,22900,3.38,U
sz000592,平潭发展,2025-09-29 09:45:24,3.38,28200,3.38,U
sz000592,平潭发展,2025-09-29 09:45:27,3.38,192800,3.38,U
sz000592,平潭发展,2025-09-29 09:45:30,3.38,25900,3.38,U
sz000592,平潭发展,2025-09-29 09:45:33,3.38,82600,3.38,D
sz000592,平潭发展,2025-09-29 09:45:42,3.37,49400,3.38,D
sz000592,平潭发展,2025-09-29 09:45:51,3.38,21300,3.37,U
sz000592,平潭发展,2025-09-29 09:45:57,3.38,99000,3.38,U
sz000592,平潭发展,2025-09-29 09:46:12,3.38,63800,3.38,D
sz000592,平潭发展,2025-09-29 09:46:15,3.39,30700,3.38,U
sz000592,平潭发展,2025-09-29 09:46:18,3.39,553800,3.39,U
sz000592,平潭发展,2025-09-29 09:46:36,3.4,39500,3.4,U
sz000592,平潭发展,2025-09-29 09:46:39,3.39,436100,3.4,D
sz000592,平潭发展,2025-09-29 09:46:45,3.39,53300,3.39,U
sz000592,平潭发展,2025-09-29 09:46:48,3.39,26000,3.39,D
sz000592,平潭发展,2025-09-29 09:47:00,3.39,22300,3.4,D
sz000592,平潭发展,2025-09-29 09:47:06,3.39,20400,3.39,D
sz000592,平潭发展,2025-09-29 09:47:15,3.39,25000,3.39,D
sz000592,平潭发展,2025-09-29 09:47:24,3.39,791400,3.4,D
sz000592,平潭发展,2025-09-29 09:47:27,3.39,22700,3.39,U
sz000592,平潭发展,2025-09-29 09:47:30,3.38,20500,3.39,D
sz000592,平潭发展,2025-09-29 09:47:48,3.39,36500,3.38,U
sz000592,平潭发展,2025-09-29 09:47:51,3.39,21200,3.39,U
sz000592,平潭发展,2025-09-29 09:48:12,3.39,26600,3.39,U
sz000592,平潭发展,2025-09-29 09:48:15,3.38,20900,3.39,D
sz000592,平潭发展,2025-09-29 09:48:33,3.39,506800,3.39,U
sz000592,平潭发展,2025-09-29 09:48:42,3.4,103500,3.39,U
sz000592,平潭发展,2025-09-29 09:48:45,3.39,21500,3.4,D
sz000592,平潭发展,2025-09-29 09:48:54,3.4,25700,3.39,U
sz000592,平潭发展,2025-09-29 09:49:00,3.39,46200,3.4,D
sz000592,平潭发展,2025-09-29 09:49:03,3.4,84800,3.39,U
sz000592,平潭发展,2025-09-29 09:49:15,3.4,88200,3.39,U
sz000592,平潭发展,2025-09-29 09:49:21,3.41,443300,3.39,U
sz000592,平潭发展,2025-09-29 09:49:27,3.41,86200,3.41,D
sz000592,平潭发展,2025-09-29 09:49:30,3.41,53100,3.41,D
sz000592,平潭发展,2025-09-29 09:49:42,3.42,42400,3.42,U
sz000592,平潭发展,2025-09-29 09:49:45,3.42,130800,3.42,U
sz000592,平潭发展,2025-09-29 09:49:57,3.42,52100,3.43,D
sz000592,平潭发展,2025-09-29 09:50:00,3.42,132600,3.42,D
sz000592,平潭发展,2025-09-29 09:50:03,3.43,38000,3.42,U
sz000592,平潭发展,2025-09-29 09:50:09,3.43,118100,3.43,U
sz000592,平潭发展,2025-09-29 09:50:12,3.43,32800,3.43,U
sz000592,平潭发展,2025-09-29 09:50:18,3.43,216600,3.42,U
sz000592,平潭发展,2025-09-29 09:50:21,3.45,378500,3.43,U
sz000592,平潭发展,2025-09-29 09:50:24,3.46,172600,3.45,U
sz000592,平潭发展,2025-09-29 09:50:27,3.46,28200,3.46,U
sz000592,平潭发展,2025-09-29 09:50:30,3.45,22000,3.46,D
sz000592,平潭发展,2025-09-29 09:50:33,3.45,500200,3.45,D
sz000592,平潭发展,2025-09-29 09:50:36,3.45,145600,3.45,U
sz000592,平潭发展,2025-09-29 09:50:39,3.45,38100,3.45,U
sz000592,平潭发展,2025-09-29 09:50:45,3.45,21700,3.44,U
sz000592,平潭发展,2025-09-29 09:50:48,3.44,455000,3.45,D
sz000592,平潭发展,2025-09-29 09:50:51,3.44,148300,3.44,U
sz000592,平潭发展,2025-09-29 09:50:54,3.44,36800,3.44,D
sz000592,平潭发展,2025-09-29 09:50:57,3.45,23100,3.44,U
sz000592,平潭发展,2025-09-29 09:51:00,3.44,70200,3.45,D
sz000592,平潭发展,2025-09-29 09:51:06,3.45,21600,3.44,U
sz000592,平潭发展,2025-09-29 09:51:18,3.44,20800,3.44,D
sz000592,平潭发展,2025-09-29 09:51:21,3.45,119300,3.44,U
sz000592,平潭发展,2025-09-29 09:51:24,3.45,283800,3.45,U
sz000592,平潭发展,2025-09-29 09:51:27,3.44,323800,3.45,D
sz000592,平潭发展,2025-09-29 09:51:30,3.45,112900,3.44,U
sz000592,平潭发展,2025-09-29 09:51:36,3.45,25200,3.45,U
sz000592,平潭发展,2025-09-29 09:51:42,3.45,63500,3.44,U
sz000592,平潭发展,2025-09-29 09:51:45,3.45,23600,3.45,U
sz000592,平潭发展,2025-09-29 09:51:51,3.45,63200,3.44,U
sz000592,平潭发展,2025-09-29 09:51:54,3.44,1680500,3.45,D
sz000592,平潭发展,2025-09-29 09:52:00,3.43,33200,3.44,D
sz000592,平潭发展,2025-09-29 09:52:03,3.44,58600,3.43,U
sz000592,平潭发展,2025-09-29 09:52:06,3.44,22000,3.44,U
sz000592,平潭发展,2025-09-29 09:52:15,3.43,151800,3.43,D
sz000592,平潭发展,2025-09-29 09:52:18,3.43,20400,3.43,D
sz000592,平潭发展,2025-09-29 09:52:21,3.43,57600,3.43,D
sz000592,平潭发展,2025-09-29 09:52:24,3.44,22600,3.43,U
sz000592,平潭发展,2025-09-29 09:52:27,3.44,164900,3.44,U
sz000592,平潭发展,2025-09-29 09:52:30,3.44,89700,3.44,U
sz000592,平潭发展,2025-09-29 09:52:48,3.44,101200,3.44,D
sz000592,平潭发展,2025-09-29 09:52:57,3.44,105000,3.44,U
sz000592,平潭发展,2025-09-29 09:53:00,3.43,20900,3.44,D
sz000592,平潭发展,2025-09-29 09:53:06,3.44,34600,3.44,U
sz000592,平潭发展,2025-09-29 09:53:09,3.43,80900,3.44,D
sz000592,平潭发展,2025-09-29 09:53:15,3.43,29600,3.43,D
sz000592,平潭发展,2025-09-29 09:53:33,3.43,395200,3.43,D
sz000592,平潭发展,2025-09-29 09:53:39,3.43,24000,3.42,U
sz000592,平潭发展,2025-09-29 09:53:51,3.42,34400,3.42,D
sz000592,平潭发展,2025-09-29 09:53:54,3.42,60000,3.42,D
sz000592,平潭发展,2025-09-29 09:54:00,3.43,32400,3.42,U
sz000592,平潭发展,2025-09-29 09:54:03,3.42,40700,3.43,D
sz000592,平潭发展,2025-09-29 09:54:06,3.43,69300,3.42,U
sz000592,平潭发展,2025-09-29 09:54:09,3.43,57200,3.43,U
sz000592,平潭发展,2025-09-29 09:54:33,3.42,231900,3.42,D
sz000592,平潭发展,2025-09-29 09:54:51,3.44,408200,3.42,U
sz000592,平潭发展,2025-09-29 09:54:54,3.44,222500,3.44,U
sz000592,平潭发展,2025-09-29 09:54:57,3.45,49800,3.44,U
sz000592,平潭发展,2025-09-29 09:55:00,3.45,211000,3.45,U
sz000592,平潭发展,2025-09-29 09:55:03,3.45,39400,3.45,U
sz000592,平潭发展,2025-09-29 09:55:06,3.45,497800,3.45,U
sz000592,平潭发展,2025-09-29 09:55:09,3.45,173100,3.45,D
sz000592,平潭发展,2025-09-29 09:55:12,3.44,24000,3.45,D
sz000592,平潭发展,2025-09-29 09:55:21,3.43,506300,3.45,D
sz000592,平潭发展,2025-09-29 09:55:24,3.43,227400,3.43,U
sz000592,平潭发展,2025-09-29 09:55:27,3.44,23400,3.43,U
sz000592,平潭发展,2025-09-29 09:55:54,3.43,29700,3.43,D
sz000592,平潭发展,2025-09-29 09:56:09,3.44,423900,3.43,U
sz000592,平潭发展,2025-09-29 09:56:12,3.44,24269,3.44,D
sz000592,平潭发展,2025-09-29 09:56:18,3.45,184800,3.44,U
sz000592,平潭发展,2025-09-29 09:56:21,3.45,77600,3.45,U
sz000592,平潭发展,2025-09-29 09:56:24,3.45,128400,3.45,D
sz000592,平潭发展,2025-09-29 09:56:27,3.45,23000,3.45,D
sz000592,平潭发展,2025-09-29 09:56:30,3.45,20400,3.45,D
sz000592,平潭发展,2025-09-29 09:56:33,3.45,74800,3.45,D
sz000592,平潭发展,2025-09-29 09:56:39,3.46,28000,3.45,U
sz000592,平潭发展,2025-09-29 09:56:42,3.46,39700,3.46,U
sz000592,平潭发展,2025-09-29 09:56:45,3.45,328200,3.46,D
sz000592,平潭发展,2025-09-29 09:56:48,3.45,63100,3.45,U
sz000592,平潭发展,2025-09-29 09:56:51,3.45,28900,3.45,D
sz000592,平潭发展,2025-09-29 09:56:54,3.45,38300,3.45,D
sz000592,平潭发展,2025-09-29 09:57:00,3.46,37600,3.46,U
sz000592,平潭发展,2025-09-29 09:57:03,3.46,24600,3.46,U
sz000592,平潭发展,2025-09-29 09:57:06,3.46,58700,3.46,U
sz000592,平潭发展,2025-09-29 09:57:09,3.46,41400,3.46,D
sz000592,平潭发展,2025-09-29 09:57:12,3.46,113200,3.46,D
sz000592,平潭发展,2025-09-29 09:57:15,3.46,85200,3.46,U
sz000592,平潭发展,2025-09-29 09:57:18,3.46,164000,3.46,U
sz000592,平潭发展,2025-09-29 09:57:24,3.47,40300,3.46,U
sz000592,平潭发展,2025-09-29 09:57:27,3.46,96700,3.47,D
sz000592,平潭发展,2025-09-29 09:57:30,3.47,24500,3.46,U
sz000592,平潭发展,2025-09-29 09:57:33,3.46,320400,3.47,D
sz000592,平潭发展,2025-09-29 09:57:39,3.46,32300,3.47,D
sz000592,平潭发展,2025-09-29 09:57:45,3.47,67335,3.47,U
sz000592,平潭发展,2025-09-29 09:57:48,3.47,126900,3.47,D
sz000592,平潭发展,2025-09-29 09:57:51,3.47,43000,3.47,D
sz000592,平潭发展,2025-09-29 09:57:54,3.47,69365,3.47,D
sz000592,平潭发展,2025-09-29 09:58:06,3.47,35000,3.47,U
sz000592,平潭发展,2025-09-29 09:58:09,3.48,131735,3.47,U
sz000592,平潭发展,2025-09-29 09:58:12,3.47,48200,3.48,D
sz000592,平潭发展,2025-09-29 09:58:18,3.48,40100,3.47,U
sz000592,平潭发展,2025-09-29 09:58:21,3.48,23800,3.48,U
sz000592,平潭发展,2025-09-29 09:58:24,3.48,399300,3.48,U
sz000592,平潭发展,2025-09-29 09:58:33,3.48,43700,3.48,D
sz000592,平潭发展,2025-09-29 09:58:36,3.49,20000,3.48,U
sz000592,平潭发展,2025-09-29 09:58:39,3.48,54500,3.49,D
sz000592,平潭发展,2025-09-29 09:58:45,3.49,59900,3.48,U
sz000592,平潭发展,2025-09-29 09:58:48,3.49,46600,3.49,U
sz000592,平潭发展,2025-09-29 09:58:51,3.49,73500,3.49,U
sz000592,平潭发展,2025-09-29 09:58:54,3.49,50400,3.49,U
sz000592,平潭发展,2025-09-29 09:59:00,3.49,20500,3.49,U
sz000592,平潭发展,2025-09-29 09:59:03,3.48,22800,3.49,D
sz000592,平潭发展,2025-09-29 09:59:09,3.49,116400,3.49,U
sz000592,平潭发展,2025-09-29 09:59:12,3.49,149200,3.49,U
sz000592,平潭发展,2025-09-29 09:59:15,3.48,699000,3.49,D
sz000592,平潭发展,2025-09-29 09:59:18,3.49,76500,3.48,D
sz000592,平潭发展,2025-09-29 09:59:21,3.49,24800,3.49,U
sz000592,平潭发展,2025-09-29 09:59:24,3.48,68100,3.49,D
sz000592,平潭发展,2025-09-29 09:59:27,3.49,49200,3.48,U
sz000592,平潭发展,2025-09-29 09:59:30,3.49,86800,3.49,U
sz000592,平潭发展,2025-09-29 09:59:33,3.48,22800,3.49,D
sz000592,平潭发展,2025-09-29 09:59:36,3.48,21500,3.48,D
sz000592,平潭发展,2025-09-29 09:59:48,3.48,54900,3.49,D
sz000592,平潭发展,2025-09-29 09:59:54,3.48,106000,3.48,D
sz000592,平潭发展,2025-09-29 09:59:57,3.48,35600,3.48,D
sz000592,平潭发展,2025-09-29 10:00:03,3.49,683600,3.48,U
sz000592,平潭发展,2025-09-29 10:00:06,3.5,36200,3.49,U
sz000592,平潭发展,2025-09-29 10:00:09,3.5,146000,3.5,U
sz000592,平潭发展,2025-09-29 10:00:12,3.49,41600,3.5,D
sz000592,平潭发展,2025-09-29 10:00:15,3.5,49500,3.49,U
sz000592,平潭发展,2025-09-29 10:00:18,3.5,100100,3.5,U
sz000592,平潭发展,2025-09-29 10:00:21,3.5,160400,3.5,U
sz000592,平潭发展,2025-09-29 10:00:24,3.51,33500,3.5,U
sz000592,平潭发展,2025-09-29 10:00:27,3.51,24600,3.51,U
sz000592,平潭发展,2025-09-29 10:00:30,3.52,324000,3.51,U
sz000592,平潭发展,2025-09-29 10:00:33,3.51,80100,3.52,D
sz000592,平潭发展,2025-09-29 10:00:36,3.51,77300,3.51,D
sz000592,平潭发展,2025-09-29 10:00:39,3.51,243800,3.51,D
sz000592,平潭发展,2025-09-29 10:00:42,3.51,1103100,3.51,D
sz000592,平潭发展,2025-09-29 10:00:45,3.51,26000,3.51,U
sz000592,平潭发展,2025-09-29 10:00:48,3.5,66600,3.51,D
sz000592,平潭发展,2025-09-29 10:00:51,3.5,329700,3.5,D
sz000592,平潭发展,2025-09-29 10:00:57,3.5,93600,3.5,U
sz000592,平潭发展,2025-09-29 10:01:00,3.5,20800,3.5,U
sz000592,平潭发展,2025-09-29 10:01:06,3.5,20400,3.5,U
sz000592,平潭发展,2025-09-29 10:01:15,3.5,61100,3.5,U
sz000592,平潭发展,2025-09-29 10:01:18,3.49,239000,3.5,D
sz000592,平潭发展,2025-09-29 10:01:21,3.49,36100,3.49,U
sz000592,平潭发展,2025-09-29 10:01:24,3.48,20200,3.49,D
sz000592,平潭发展,2025-09-29 10:01:45,3.48,36900,3.48,D
sz000592,平潭发展,2025-09-29 10:01:48,3.48,148900,3.48,D
sz000592,平潭发展,2025-09-29 10:01:51,3.48,36600,3.48,D
sz000592,平潭发展,2025-09-29 10:01:57,3.48,100400,3.48,D
sz000592,平潭发展,2025-09-29 10:02:00,3.48,48700,3.48,U
sz000592,平潭发展,2025-09-29 10:02:15,3.47,50700,3.47,D
sz000592,平潭发展,2025-09-29 10:02:24,3.48,129800,3.47,U
sz000592,平潭发展,2025-09-29 10:02:27,3.47,31665,3.48,D
sz000592,平潭发展,2025-09-29 10:02:33,3.47,34400,3.47,D
sz000592,平潭发展,2025-09-29 10:02:45,3.46,32100,3.47,D
sz000592,平潭发展,2025-09-29 10:02:57,3.46,34700,3.46,D
sz000592,平潭发展,2025-09-29 10:03:06,3.46,50000,3.47,D
sz000592,平潭发展,2025-09-29 10:03:30,3.46,24600,3.47,D
sz000592,平潭发展,2025-09-29 10:03:54,3.47,298200,3.47,U
sz000592,平潭发展,2025-09-29 10:04:03,3.47,28300,3.47,U
sz000592,平潭发展,2025-09-29 10:04:09,3.47,57000,3.47,U
sz000592,平潭发展,2025-09-29 10:04:12,3.47,59400,3.47,U
sz000592,平潭发展,2025-09-29 10:04:15,3.46,41800,3.47,D
sz000592,平潭发展,2025-09-29 10:04:24,3.47,39400,3.47,U
sz000592,平潭发展,2025-09-29 10:04:27,3.47,77800,3.47,U
sz000592,平潭发展,2025-09-29 10:04:39,3.47,102100,3.47,D
sz000592,平潭发展,2025-09-29 10:05:06,3.47,71400,3.47,D
sz000592,平潭发展,2025-09-29 10:05:15,3.47,30400,3.47,D
sz000592,平潭发展,2025-09-29 10:05:24,3.48,28400,3.48,U
sz000592,平潭发展,2025-09-29 10:05:39,3.47,212800,3.47,D
sz000592,平潭发展,2025-09-29 10:05:42,3.47,189500,3.47,D
sz000592,平潭发展,2025-09-29 10:06:09,3.47,30100,3.47,D
sz000592,平潭发展,2025-09-29 10:06:36,3.47,28100,3.47,D
sz000592,平潭发展,2025-09-29 10:06:45,3.48,23900,3.47,U
sz000592,平潭发展,2025-09-29 10:06:57,3.47,314200,3.48,D
sz000592,平潭发展,2025-09-29 10:07:06,3.47,28100,3.47,U
sz000592,平潭发展,2025-09-29 10:07:09,3.47,137600,3.47,U
sz000592,平潭发展,2025-09-29 10:07:27,3.47,20100,3.47,D
sz000592,平潭发展,2025-09-29 10:07:36,3.47,59900,3.48,D
sz000592,平潭发展,2025-09-29 10:07:39,3.47,63900,3.47,D
sz000592,平潭发展,2025-09-29 10:08:57,3.47,174000,3.47,D
sz000592,平潭发展,2025-09-29 10:09:06,3.48,27000,3.47,U
sz000592,平潭发展,2025-09-29 10:09:21,3.47,25400,3.48,D
sz000592,平潭发展,2025-09-29 10:09:36,3.47,20000,3.47,D
sz000592,平潭发展,2025-09-29 10:10:18,3.47,303300,3.47,D
sz000592,平潭发展,2025-09-29 10:10:57,3.48,20200,3.48,U
sz000592,平潭发展,2025-09-29 10:11:00,3.48,25600,3.48,U
sz000592,平潭发展,2025-09-29 10:11:33,3.48,363400,3.48,U
sz000592,平潭发展,2025-09-29 10:11:57,3.48,21500,3.47,U
sz000592,平潭发展,2025-09-29 10:12:00,3.47,21700,3.48,D
sz000592,平潭发展,2025-09-29 10:12:06,3.47,20000,3.48,D
sz000592,平潭发展,2025-09-29 10:12:15,3.47,23400,3.48,D
sz000592,平潭发展,2025-09-29 10:12:18,3.47,20200,3.47,D
sz000592,平潭发展,2025-09-29 10:12:30,3.47,20600,3.47,D
sz000592,平潭发展,2025-09-29 10:12:33,3.47,24400,3.47,D
sz000592,平潭发展,2025-09-29 10:12:42,3.47,32600,3.48,D
sz000592,平潭发展,2025-09-29 10:12:45,3.47,41200,3.47,D
sz000592,平潭发展,2025-09-29 10:12:54,3.47,58200,3.48,D
sz000592,平潭发展,2025-09-29 10:13:27,3.47,42200,3.48,D
sz000592,平潭发展,2025-09-29 10:13:45,3.48,220400,3.47,U
sz000592,平潭发展,2025-09-29 10:14:03,3.46,63200,3.47,D
sz000592,平潭发展,2025-09-29 10:14:21,3.47,55100,3.47,D
sz000592,平潭发展,2025-09-29 10:15:03,3.48,76000,3.47,U
sz000592,平潭发展,2025-09-29 10:15:06,3.48,23100,3.48,U
sz000592,平潭发展,2025-09-29 10:15:12,3.48,20500,3.48,U
sz000592,平潭发展,2025-09-29 10:15:15,3.48,45100,3.48,U
sz000592,平潭发展,2025-09-29 10:15:18,3.48,56000,3.48,U
sz000592,平潭发展,2025-09-29 10:15:21,3.48,112000,3.48,U
sz000592,平潭发展,2025-09-29 10:15:24,3.48,130400,3.48,U
sz000592,平潭发展,2025-09-29 10:15:27,3.48,57700,3.48,U
sz000592,平潭发展,2025-09-29 10:16:00,3.48,25000,3.48,U
sz000592,平潭发展,2025-09-29 10:16:51,3.48,22500,3.47,U
sz000592,平潭发展,2025-09-29 10:17:09,3.47,26200,3.47,D
sz000592,平潭发展,2025-09-29 10:17:30,3.47,350800,3.47,D
sz000592,平潭发展,2025-09-29 10:17:54,3.46,65800,3.46,D
sz000592,平潭发展,2025-09-29 10:18:03,3.47,67100,3.46,U
sz000592,平潭发展,2025-09-29 10:18:27,3.47,57000,3.47,U
sz000592,平潭发展,2025-09-29 10:18:39,3.47,79800,3.46,U
sz000592,平潭发展,2025-09-29 10:18:54,3.46,109300,3.47,D
sz000592,平潭发展,2025-09-29 10:19:15,3.47,87400,3.46,U
sz000592,平潭发展,2025-09-29 10:19:21,3.47,23900,3.46,U
sz000592,平潭发展,2025-09-29 10:19:24,3.47,26600,3.47,U
sz000592,平潭发展,2025-09-29 10:19:33,3.47,33000,3.47,U
sz000592,平潭发展,2025-09-29 10:19:36,3.47,267000,3.47,U
sz000592,平潭发展,2025-09-29 10:20:27,3.48,87700,3.47,U
sz000592,平潭发展,2025-09-29 10:20:36,3.48,47900,3.47,U
sz000592,平潭发展,2025-09-29 10:21:18,3.48,24100,3.48,U
sz000592,平潭发展,2025-09-29 10:22:03,3.47,796400,3.47,D
sz000592,平潭发展,2025-09-29 10:22:24,3.47,399502,3.46,U
sz000592,平潭发展,2025-09-29 10:22:27,3.47,101900,3.47,U
sz000592,平潭发展,2025-09-29 10:22:45,3.47,24900,3.47,U
sz000592,平潭发展,2025-09-29 10:22:51,3.46,22400,3.46,D
sz000592,平潭发展,2025-09-29 10:22:54,3.47,23800,3.46,U
sz000592,平潭发展,2025-09-29 10:23:03,3.47,70800,3.47,U
sz000592,平潭发展,2025-09-29 10:23:06,3.46,109200,3.47,D
sz000592,平潭发展,2025-09-29 10:23:45,3.47,367920,3.46,U
sz000592,平潭发展,2025-09-29 10:24:00,3.47,492900,3.48,D
sz000592,平潭发展,2025-09-29 10:24:06,3.47,303700,3.48,D
sz000592,平潭发展,2025-09-29 10:24:09,3.47,32100,3.47,U
sz000592,平潭发展,2025-09-29 10:24:18,3.47,29000,3.47,D
sz000592,平潭发展,2025-09-29 10:24:45,3.47,101200,3.47,D
sz000592,平潭发展,2025-09-29 10:25:21,3.48,29100,3.48,U
sz000592,平潭发展,2025-09-29 10:25:27,3.47,22700,3.48,D
sz000592,平潭发展,2025-09-29 10:25:36,3.47,29200,3.48,D
sz000592,平潭发展,2025-09-29 10:25:48,3.47,102600,3.47,D
sz000592,平潭发展,2025-09-29 10:25:51,3.47,25800,3.47,D
sz000592,平潭发展,2025-09-29 10:27:51,3.47,300500,3.48,D
sz000592,平潭发展,2025-09-29 10:28:03,3.47,36800,3.48,D
sz000592,平潭发展,2025-09-29 10:28:39,3.49,733500,3.47,U
sz000592,平潭发展,2025-09-29 10:29:06,3.48,118900,3.49,D
sz000592,平潭发展,2025-09-29 10:29:18,3.48,95500,3.48,U
sz000592,平潭发展,2025-09-29 10:29:42,3.47,50600,3.47,D
sz000592,平潭发展,2025-09-29 10:30:15,3.47,53500,3.48,D
sz000592,平潭发展,2025-09-29 10:30:27,3.48,128000,3.47,U
sz000592,平潭发展,2025-09-29 10:30:30,3.48,129900,3.48,U
sz000592,平潭发展,2025-09-29 10:30:33,3.49,97700,3.48,U
sz000592,平潭发展,2025-09-29 10:30:36,3.48,124400,3.49,D
sz000592,平潭发展,2025-09-29 10:30:42,3.48,435100,3.48,U
sz000592,平潭发展,2025-09-29 10:31:03,3.48,142700,3.48,U
sz000592,平潭发展,2025-09-29 10:31:06,3.48,32800,3.48,U
sz000592,平潭发展,2025-09-29 10:31:51,3.48,252300,3.48,U
sz000592,平潭发展,2025-09-29 10:32:15,3.47,400400,3.47,D
sz000592,平潭发展,2025-09-29 10:32:21,3.47,368900,3.47,D
sz000592,平潭发展,2025-09-29 10:32:24,3.47,31400,3.47,U
sz000592,平潭发展,2025-09-29 10:32:30,3.47,70100,3.47,U
sz000592,平潭发展,2025-09-29 10:32:39,3.47,32300,3.47,U
sz000592,平潭发展,2025-09-29 10:32:42,3.47,28500,3.47,U
sz000592,平潭发展,2025-09-29 10:32:45,3.47,44700,3.47,U
sz000592,平潭发展,2025-09-29 10:32:48,3.47,22500,3.47,U
sz000592,平潭发展,2025-09-29 10:32:51,3.47,20800,3.47,D
sz000592,平潭发展,2025-09-29 10:33:03,3.47,28600,3.47,D
sz000592,平潭发展,2025-09-29 10:33:06,3.47,106300,3.47,D
sz000592,平潭发展,2025-09-29 10:33:09,3.48,589300,3.47,U
sz000592,平潭发展,2025-09-29 10:33:12,3.47,39800,3.48,D
sz000592,平潭发展,2025-09-29 10:33:15,3.47,21600,3.47,D
sz000592,平潭发展,2025-09-29 10:34:27,3.47,105000,3.47,D
sz000592,平潭发展,2025-09-29 10:34:39,3.47,26700,3.47,D
sz000592,平潭发展,2025-09-29 10:35:00,3.47,200700,3.47,D
sz000592,平潭发展,2025-09-29 10:35:03,3.47,32400,3.47,D
sz000592,平潭发展,2025-09-29 10:36:12,3.47,37600,3.46,U
sz000592,平潭发展,2025-09-29 10:36:27,3.46,104700,3.46,D
sz000592,平潭发展,2025-09-29 10:36:30,3.46,20600,3.46,D
sz000592,平潭发展,2025-09-29 10:36:45,3.46,23800,3.46,D
sz000592,平潭发展,2025-09-29 10:38:03,3.46,490300,3.46,D
sz000592,平潭发展,2025-09-29 10:38:15,3.45,26200,3.46,D
sz000592,平潭发展,2025-09-29 10:38:54,3.45,30100,3.45,D
sz000592,平潭发展,2025-09-29 10:39:03,3.45,35900,3.45,D
sz000592,平潭发展,2025-09-29 10:39:15,3.45,42800,3.46,D
sz000592,平潭发展,2025-09-29 10:39:21,3.45,103400,3.45,D
sz000592,平潭发展,2025-09-29 10:39:27,3.46,21200,3.45,U
sz000592,平潭发展,2025-09-29 10:39:36,3.46,23000,3.45,U
sz000592,平潭发展,2025-09-29 10:40:06,3.45,23000,3.45,D
sz000592,平潭发展,2025-09-29 10:40:09,3.46,316300,3.45,U
sz000592,平潭发展,2025-09-29 10:41:09,3.46,120900,3.46,D
sz000592,平潭发展,2025-09-29 10:41:18,3.46,24400,3.47,D
sz000592,平潭发展,2025-09-29 10:41:30,3.46,20000,3.47,D
sz000592,平潭发展,2025-09-29 10:41:36,3.46,20000,3.46,D
sz000592,平潭发展,2025-09-29 10:41:45,3.46,22100,3.46,D
sz000592,平潭发展,2025-09-29 10:41:54,3.46,43400,3.47,D
sz000592,平潭发展,2025-09-29 10:41:57,3.46,28200,3.46,D
sz000592,平潭发展,2025-09-29 10:42:00,3.45,172500,3.46,D
sz000592,平潭发展,2025-09-29 10:42:03,3.46,27600,3.45,U
sz000592,平潭发展,2025-09-29 10:42:09,3.45,25300,3.46,D
sz000592,平潭发展,2025-09-29 10:42:39,3.45,1010200,3.45,D
sz000592,平潭发展,2025-09-29 10:42:57,3.45,58200,3.45,D
sz000592,平潭发展,2025-09-29 10:43:03,3.45,31100,3.45,D
sz000592,平潭发展,2025-09-29 10:43:06,3.46,364600,3.45,U
sz000592,平潭发展,2025-09-29 10:43:24,3.46,1072400,3.46,U
sz000592,平潭发展,2025-09-29 10:43:27,3.46,20600,3.46,U
sz000592,平潭发展,2025-09-29 10:43:30,3.45,847400,3.46,D
sz000592,平潭发展,2025-09-29 10:43:33,3.45,29400,3.45,D
sz000592,平潭发展,2025-09-29 10:43:39,3.46,27200,3.46,U
sz000592,平潭发展,2025-09-29 10:44:06,3.46,177400,3.45,U
sz000592,平潭发展,2025-09-29 10:44:30,3.47,85100,3.47,U
sz000592,平潭发展,2025-09-29 10:44:36,3.47,21400,3.47,U
sz000592,平潭发展,2025-09-29 10:45:12,3.46,22700,3.47,D
sz000592,平潭发展,2025-09-29 10:45:21,3.47,41700,3.46,U
sz000592,平潭发展,2025-09-29 10:45:51,3.46,30100,3.46,D
sz000592,平潭发展,2025-09-29 10:46:09,3.47,89800,3.47,U
sz000592,平潭发展,2025-09-29 10:46:15,3.47,100100,3.46,U
sz000592,平潭发展,2025-09-29 10:46:27,3.47,275400,3.47,U
sz000592,平潭发展,2025-09-29 10:47:54,3.48,298700,3.48,U
sz000592,平潭发展,2025-09-29 10:47:57,3.49,235800,3.48,U
sz000592,平潭发展,2025-09-29 10:48:00,3.5,748600,3.49,U
sz000592,平潭发展,2025-09-29 10:48:03,3.5,109000,3.5,U
sz000592,平潭发展,2025-09-29 10:48:06,3.5,116700,3.5,U
sz000592,平潭发展,2025-09-29 10:48:09,3.5,37200,3.5,U
sz000592,平潭发展,2025-09-29 10:48:15,3.49,923100,3.5,D
sz000592,平潭发展,2025-09-29 10:48:18,3.48,25700,3.49,D
sz000592,平潭发展,2025-09-29 10:48:33,3.49,21000,3.48,U
sz000592,平潭发展,2025-09-29 10:48:45,3.48,44200,3.49,D
sz000592,平潭发展,2025-09-29 10:48:48,3.49,22200,3.48,U
sz000592,平潭发展,2025-09-29 10:48:51,3.49,30800,3.49,U
sz000592,平潭发展,2025-09-29 10:48:57,3.48,29200,3.49,D
sz000592,平潭发展,2025-09-29 10:49:00,3.49,962900,3.48,U
sz000592,平潭发展,2025-09-29 10:49:03,3.49,165100,3.49,U
sz000592,平潭发展,2025-09-29 10:50:03,3.48,91200,3.49,D
sz000592,平潭发展,2025-09-29 10:50:06,3.49,44600,3.48,U
sz000592,平潭发展,2025-09-29 10:50:09,3.49,67000,3.49,U
sz000592,平潭发展,2025-09-29 10:50:12,3.49,271300,3.49,U
sz000592,平潭发展,2025-09-29 10:50:15,3.5,890300,3.49,U
sz000592,平潭发展,2025-09-29 10:50:21,3.51,152600,3.5,U
sz000592,平潭发展,2025-09-29 10:50:24,3.51,211200,3.51,U
sz000592,平潭发展,2025-09-29 10:50:27,3.51,135300,3.51,U
sz000592,平潭发展,2025-09-29 10:50:30,3.51,117100,3.51,U
sz000592,平潭发展,2025-09-29 10:50:33,3.51,94900,3.51,D
sz000592,平潭发展,2025-09-29 10:50:39,3.52,22500,3.51,U
sz000592,平潭发展,2025-09-29 10:50:45,3.51,777700,3.52,D
sz000592,平潭发展,2025-09-29 10:50:51,3.51,34100,3.51,U
sz000592,平潭发展,2025-09-29 10:51:06,3.51,21600,3.51,U
sz000592,平潭发展,2025-09-29 10:51:09,3.51,35000,3.51,U
sz000592,平潭发展,2025-09-29 10:51:12,3.51,42900,3.51,U
sz000592,平潭发展,2025-09-29 10:51:15,3.51,75900,3.51,U
sz000592,平潭发展,2025-09-29 10:51:21,3.51,44900,3.51,U
sz000592,平潭发展,2025-09-29 10:51:24,3.5,20100,3.51,D
sz000592,平潭发展,2025-09-29 10:51:33,3.5,56600,3.51,D
sz000592,平潭发展,2025-09-29 10:51:36,3.5,133200,3.5,D
sz000592,平潭发展,2025-09-29 10:51:39,3.5,59400,3.5,D
sz000592,平潭发展,2025-09-29 10:51:45,3.5,66000,3.5,D
sz000592,平潭发展,2025-09-29 10:51:54,3.5,78300,3.5,U
sz000592,平潭发展,2025-09-29 10:51:57,3.5,55800,3.5,U
sz000592,平潭发展,2025-09-29 10:52:24,3.49,53000,3.49,D
sz000592,平潭发展,2025-09-29 10:52:27,3.5,169600,3.49,U
sz000592,平潭发展,2025-09-29 10:52:30,3.5,113800,3.5,U
sz000592,平潭发展,2025-09-29 10:52:33,3.5,44000,3.5,U
sz000592,平潭发展,2025-09-29 10:52:45,3.5,66100,3.51,D
sz000592,平潭发展,2025-09-29 10:52:48,3.51,21900,3.5,U
sz000592,平潭发展,2025-09-29 10:53:03,3.51,35700,3.51,U
sz000592,平潭发展,2025-09-29 10:53:06,3.51,63500,3.51,U
sz000592,平潭发展,2025-09-29 10:53:12,3.51,50700,3.51,U
sz000592,平潭发展,2025-09-29 10:53:18,3.51,41600,3.51,U
sz000592,平潭发展,2025-09-29 10:53:21,3.51,40300,3.51,U
sz000592,平潭发展,2025-09-29 10:53:24,3.5,106100,3.51,D
sz000592,平潭发展,2025-09-29 10:53:30,3.51,461300,3.5,U
sz000592,平潭发展,2025-09-29 10:53:45,3.52,83600,3.52,U
sz000592,平潭发展,2025-09-29 10:53:48,3.52,44600,3.52,U
sz000592,平潭发展,2025-09-29 10:53:57,3.52,170400,3.52,U
sz000592,平潭发展,2025-09-29 10:54:00,3.52,100700,3.52,U
sz000592,平潭发展,2025-09-29 10:54:06,3.53,450900,3.52,U
sz000592,平潭发展,2025-09-29 10:54:12,3.53,38400,3.53,U
sz000592,平潭发展,2025-09-29 10:54:21,3.53,343500,3.53,U
sz000592,平潭发展,2025-09-29 10:54:24,3.53,76900,3.53,D
sz000592,平潭发展,2025-09-29 10:54:27,3.54,163100,3.53,U
sz000592,平潭发展,2025-09-29 10:54:30,3.54,29900,3.54,U
sz000592,平潭发展,2025-09-29 10:54:33,3.54,58100,3.54,U
sz000592,平潭发展,2025-09-29 10:54:36,3.54,43200,3.54,U
sz000592,平潭发展,2025-09-29 10:54:39,3.54,61600,3.54,U
sz000592,平潭发展,2025-09-29 10:54:42,3.54,607600,3.54,U
sz000592,平潭发展,2025-09-29 10:54:45,3.54,161200,3.54,U
sz000592,平潭发展,2025-09-29 10:54:48,3.54,32300,3.54,U
sz000592,平潭发展,2025-09-29 10:54:51,3.54,318100,3.54,U
sz000592,平潭发展,2025-09-29 10:54:54,3.53,46900,3.54,D
sz000592,平潭发展,2025-09-29 10:54:57,3.54,23000,3.53,U
sz000592,平潭发展,2025-09-29 10:55:00,3.54,162600,3.54,U
sz000592,平潭发展,2025-09-29 10:55:03,3.54,95300,3.54,U
sz000592,平潭发展,2025-09-29 10:55:06,3.53,26800,3.54,D
sz000592,平潭发展,2025-09-29 10:55:09,3.54,46700,3.53,U
sz000592,平潭发展,2025-09-29 10:55:15,3.54,58500,3.54,U
sz000592,平潭发展,2025-09-29 10:55:18,3.53,382500,3.54,D
sz000592,平潭发展,2025-09-29 10:55:39,3.52,40300,3.52,D
sz000592,平潭发展,2025-09-29 10:55:45,3.52,36000,3.52,D
sz000592,平潭发展,2025-09-29 10:55:51,3.52,34900,3.53,D
sz000592,平潭发展,2025-09-29 10:55:54,3.52,128600,3.52,D
sz000592,平潭发展,2025-09-29 10:56:03,3.53,43100,3.52,U
sz000592,平潭发展,2025-09-29 10:56:09,3.53,43300,3.52,U
sz000592,平潭发展,2025-09-29 10:56:12,3.53,63700,3.53,U
sz000592,平潭发展,2025-09-29 10:56:51,3.53,52900,3.52,U
sz000592,平潭发展,2025-09-29 10:57:00,3.53,41500,3.52,U
sz000592,平潭发展,2025-09-29 10:57:03,3.52,41800,3.53,D
sz000592,平潭发展,2025-09-29 10:57:27,3.52,21400,3.52,D
sz000592,平潭发展,2025-09-29 10:57:48,3.52,26400,3.52,D
sz000592,平潭发展,2025-09-29 10:58:09,3.52,48300,3.52,D
sz000592,平潭发展,2025-09-29 10:58:15,3.54,950100,3.52,U
sz000592,平潭发展,2025-09-29 10:58:18,3.53,122300,3.54,D
sz000592,平潭发展,2025-09-29 10:58:21,3.54,20100,3.53,U
sz000592,平潭发展,2025-09-29 10:58:33,3.54,165000,3.54,U
sz000592,平潭发展,2025-09-29 10:58:36,3.54,37100,3.54,U
sz000592,平潭发展,2025-09-29 10:58:45,3.53,23200,3.54,D
sz000592,平潭发展,2025-09-29 10:58:48,3.54,65100,3.53,U
sz000592,平潭发展,2025-09-29 10:58:54,3.54,70800,3.54,U
sz000592,平潭发展,2025-09-29 10:58:57,3.54,28000,3.54,U
sz000592,平潭发展,2025-09-29 10:59:00,3.54,128900,3.54,U
sz000592,平潭发展,2025-09-29 10:59:06,3.54,54500,3.54,U
sz000592,平潭发展,2025-09-29 10:59:09,3.54,39900,3.54,U
sz000592,平潭发展,2025-09-29 10:59:45,3.53,21500,3.53,D
sz000592,平潭发展,2025-09-29 10:59:48,3.53,45300,3.53,D
sz000592,平潭发展,2025-09-29 11:00:09,3.53,48700,3.53,D
sz000592,平潭发展,2025-09-29 11:01:03,3.54,22400,3.54,U
sz000592,平潭发展,2025-09-29 11:01:30,3.52,866100,3.53,D
sz000592,平潭发展,2025-09-29 11:01:36,3.53,125300,3.53,U
sz000592,平潭发展,2025-09-29 11:01:48,3.53,110500,3.53,U
sz000592,平潭发展,2025-09-29 11:01:51,3.52,20200,3.53,D
sz000592,平潭发展,2025-09-29 11:01:54,3.53,53400,3.52,U
sz000592,平潭发展,2025-09-29 11:02:03,3.53,49400,3.52,U
sz000592,平潭发展,2025-09-29 11:02:21,3.52,166100,3.52,D
sz000592,平潭发展,2025-09-29 11:02:24,3.53,136600,3.52,U
sz000592,平潭发展,2025-09-29 11:02:30,3.53,214600,3.52,U
sz000592,平潭发展,2025-09-29 11:02:54,3.53,33300,3.52,U
sz000592,平潭发展,2025-09-29 11:02:57,3.52,23400,3.53,D
sz000592,平潭发展,2025-09-29 11:03:00,3.53,735600,3.52,U
sz000592,平潭发展,2025-09-29 11:03:03,3.53,146400,3.53,D
sz000592,平潭发展,2025-09-29 11:03:06,3.53,40400,3.53,D
sz000592,平潭发展,2025-09-29 11:03:09,3.54,109300,3.53,U
sz000592,平潭发展,2025-09-29 11:03:12,3.54,166500,3.54,U
sz000592,平潭发展,2025-09-29 11:03:15,3.54,71200,3.54,U
sz000592,平潭发展,2025-09-29 11:03:18,3.54,393900,3.54,U
sz000592,平潭发展,2025-09-29 11:03:21,3.55,79900,3.54,U
sz000592,平潭发展,2025-09-29 11:03:42,3.55,35400,3.55,U
sz000592,平潭发展,2025-09-29 11:03:45,3.55,64100,3.55,U
sz000592,平潭发展,2025-09-29 11:03:51,3.55,59200,3.54,U
sz000592,平潭发展,2025-09-29 11:03:57,3.55,85900,3.54,U
sz000592,平潭发展,2025-09-29 11:04:00,3.55,36000,3.55,U
sz000592,平潭发展,2025-09-29 11:04:12,3.55,86200,3.55,U
sz000592,平潭发展,2025-09-29 11:04:21,3.54,20600,3.54,D
sz000592,平潭发展,2025-09-29 11:04:27,3.54,36800,3.54,D
sz000592,平潭发展,2025-09-29 11:04:30,3.54,373700,3.54,D
sz000592,平潭发展,2025-09-29 11:04:33,3.54,169400,3.54,D
sz000592,平潭发展,2025-09-29 11:04:42,3.54,35500,3.54,D
sz000592,平潭发展,2025-09-29 11:04:45,3.54,20400,3.54,D
sz000592,平潭发展,2025-09-29 11:04:57,3.54,45500,3.54,D
sz000592,平潭发展,2025-09-29 11:05:00,3.55,28900,3.54,U
sz000592,平潭发展,2025-09-29 11:05:09,3.55,33100,3.54,U
sz000592,平潭发展,2025-09-29 11:05:18,3.54,25900,3.54,D
sz000592,平潭发展,2025-09-29 11:05:39,3.55,59600,3.54,U
sz000592,平潭发展,2025-09-29 11:05:45,3.54,26900,3.54,D
sz000592,平潭发展,2025-09-29 11:05:51,3.54,98300,3.54,D
sz000592,平潭发展,2025-09-29 11:05:54,3.55,387500,3.54,U
sz000592,平潭发展,2025-09-29 11:05:57,3.55,77000,3.55,U
sz000592,平潭发展,2025-09-29 11:06:00,3.54,73000,3.55,D
sz000592,平潭发展,2025-09-29 11:06:18,3.54,29900,3.54,D
sz000592,平潭发展,2025-09-29 11:06:21,3.54,34100,3.54,D
sz000592,平潭发展,2025-09-29 11:06:36,3.53,34100,3.54,D
sz000592,平潭发展,2025-09-29 11:08:24,3.53,41900,3.53,D
sz000592,平潭发展,2025-09-29 11:08:48,3.52,404200,3.53,D
sz000592,平潭发展,2025-09-29 11:08:51,3.53,33600,3.52,U
sz000592,平潭发展,2025-09-29 11:09:45,3.53,156900,3.52,U
sz000592,平潭发展,2025-09-29 11:09:54,3.53,21500,3.52,U
sz000592,平潭发展,2025-09-29 11:10:00,3.52,88400,3.52,D
sz000592,平潭发展,2025-09-29 11:10:21,3.53,61400,3.53,U
sz000592,平潭发展,2025-09-29 11:10:30,3.52,31700,3.52,D
sz000592,平潭发展,2025-09-29 11:11:09,3.52,26900,3.52,D
sz000592,平潭发展,2025-09-29 11:11:27,3.52,26800,3.52,D
sz000592,平潭发展,2025-09-29 11:11:36,3.52,57400,3.52,D
sz000592,平潭发展,2025-09-29 11:11:42,3.52,23700,3.52,D
sz000592,平潭发展,2025-09-29 11:11:48,3.53,30800,3.52,U
sz000592,平潭发展,2025-09-29 11:11:51,3.52,67500,3.53,D
sz000592,平潭发展,2025-09-29 11:11:57,3.52,21300,3.52,U
sz000592,平潭发展,2025-09-29 11:12:57,3.51,20000,3.52,D
sz000592,平潭发展,2025-09-29 11:13:27,3.52,22800,3.52,U
sz000592,平潭发展,2025-09-29 11:13:30,3.52,264100,3.52,U
sz000592,平潭发展,2025-09-29 11:13:33,3.52,28000,3.52,U
sz000592,平潭发展,2025-09-29 11:13:36,3.51,29000,3.52,D
sz000592,平潭发展,2025-09-29 11:14:03,3.52,51000,3.51,U
sz000592,平潭发展,2025-09-29 11:14:27,3.51,24000,3.52,D
sz000592,平潭发展,2025-09-29 11:14:48,3.51,32000,3.51,D
sz000592,平潭发展,2025-09-29 11:14:57,3.52,31610,3.52,U
sz000592,平潭发展,2025-09-29 11:15:15,3.51,50000,3.51,D
sz000592,平潭发展,2025-09-29 11:15:33,3.51,31000,3.51,D
sz000592,平潭发展,2025-09-29 11:16:30,3.5,704100,3.52,D
sz000592,平潭发展,2025-09-29 11:16:33,3.51,100700,3.5,U
sz000592,平潭发展,2025-09-29 11:19:42,3.51,123100,3.51,D
sz000592,平潭发展,2025-09-29 11:20:24,3.51,28400,3.51,D
sz000592,平潭发展,2025-09-29 11:20:33,3.5,22300,3.51,D
sz000592,平潭发展,2025-09-29 11:20:57,3.5,396800,3.5,D
sz000592,平潭发展,2025-09-29 11:21:00,3.5,223200,3.5,D
sz000592,平潭发展,2025-09-29 11:21:03,3.5,81900,3.5,D
sz000592,平潭发展,2025-09-29 11:22:18,3.5,51600,3.51,D
sz000592,平潭发展,2025-09-29 11:22:27,3.5,37500,3.5,D
sz000592,平潭发展,2025-09-29 11:24:24,3.5,21300,3.51,D
sz000592,平潭发展,2025-09-29 11:24:39,3.5,29200,3.5,D
sz000592,平潭发展,2025-09-29 11:26:21,3.51,39200,3.51,U
sz000592,平潭发展,2025-09-29 11:26:39,3.51,31800,3.51,U
sz000592,平潭发展,2025-09-29 11:27:42,3.5,89600,3.5,D
sz000592,平潭发展,2025-09-29 11:28:03,3.51,24700,3.5,U
sz000592,平潭发展,2025-09-29 11:28:42,3.5,24700,3.5,D
sz000592,平潭发展,2025-09-29 11:29:15,3.5,20900,3.51,D
sz000592,平潭发展,2025-09-29 11:29:27,3.5,101200,3.51,D
sz000592,平潭发展,2025-09-29 13:00:00,3.5,35700,3.5,D
sz000592,平潭发展,2025-09-29 13:00:03,3.5,163400,3.5,D
sz000592,平潭发展,2025-09-29 13:00:06,3.5,61400,3.5,D
sz000592,平潭发展,2025-09-29 13:00:12,3.5,159600,3.5,D
sz000592,平潭发展,2025-09-29 13:00:15,3.5,23900,3.5,U
sz000592,平潭发展,2025-09-29 13:00:27,3.5,27800,3.5,D
sz000592,平潭发展,2025-09-29 13:00:30,3.5,41300,3.5,U
sz000592,平潭发展,2025-09-29 13:00:33,3.5,95100,3.5,U
sz000592,平潭发展,2025-09-29 13:00:36,3.5,30300,3.5,D
sz000592,平潭发展,2025-09-29 13:03:00,3.49,30200,3.49,D
sz000592,平潭发展,2025-09-29 13:03:09,3.49,23400,3.49,D
sz000592,平潭发展,2025-09-29 13:03:33,3.49,20100,3.49,D
sz000592,平潭发展,2025-09-29 13:03:54,3.49,24300,3.49,D
sz000592,平潭发展,2025-09-29 13:04:15,3.5,155200,3.5,U
sz000592,平潭发展,2025-09-29 13:04:24,3.5,50500,3.49,U
sz000592,平潭发展,2025-09-29 13:04:36,3.5,21400,3.5,U
sz000592,平潭发展,2025-09-29 13:06:42,3.48,954000,3.49,D
sz000592,平潭发展,2025-09-29 13:06:45,3.49,23200,3.48,U
sz000592,平潭发展,2025-09-29 13:07:06,3.49,358800,3.49,U
sz000592,平潭发展,2025-09-29 13:07:24,3.5,23500,3.49,U
sz000592,平潭发展,2025-09-29 13:08:09,3.49,137600,3.49,D
sz000592,平潭发展,2025-09-29 13:08:24,3.48,25300,3.49,D
sz000592,平潭发展,2025-09-29 13:08:48,3.48,54100,3.48,D
sz000592,平潭发展,2025-09-29 13:09:57,3.48,46500,3.48,D
sz000592,平潭发展,2025-09-29 13:10:09,3.48,25400,3.48,D
sz000592,平潭发展,2025-09-29 13:10:15,3.49,204100,3.48,U
sz000592,平潭发展,2025-09-29 13:10:18,3.49,434700,3.49,U
sz000592,平潭发展,2025-09-29 13:10:57,3.49,52100,3.48,U
sz000592,平潭发展,2025-09-29 13:11:03,3.49,35300,3.49,U
sz000592,平潭发展,2025-09-29 13:11:42,3.5,34600,3.49,U
sz000592,平潭发展,2025-09-29 13:11:51,3.49,40800,3.49,D
sz000592,平潭发展,2025-09-29 13:12:03,3.49,45900,3.5,D
sz000592,平潭发展,2025-09-29 13:12:21,3.49,50000,3.49,D
sz000592,平潭发展,2025-09-29 13:13:57,3.5,21900,3.5,U
sz000592,平潭发展,2025-09-29 13:14:42,3.5,37600,3.5,U
sz000592,平潭发展,2025-09-29 13:15:00,3.49,26200,3.49,D
sz000592,平潭发展,2025-09-29 13:16:39,3.49,45900,3.49,D
sz000592,平潭发展,2025-09-29 13:17:54,3.5,127200,3.5,U
sz000592,平潭发展,2025-09-29 13:18:00,3.5,24300,3.5,U
sz000592,平潭发展,2025-09-29 13:19:21,3.5,37500,3.5,U
sz000592,平潭发展,2025-09-29 13:19:24,3.5,45600,3.5,U
sz000592,平潭发展,2025-09-29 13:20:33,3.5,34100,3.49,U
sz000592,平潭发展,2025-09-29 13:21:18,3.49,20100,3.5,D
sz000592,平潭发展,2025-09-29 13:22:27,3.49,76200,3.49,D
sz000592,平潭发展,2025-09-29 13:23:06,3.49,131200,3.5,D
sz000592,平潭发展,2025-09-29 13:23:27,3.5,20900,3.5,U
sz000592,平潭发展,2025-09-29 13:23:54,3.5,30400,3.49,U
sz000592,平潭发展,2025-09-29 13:24:18,3.49,29200,3.49,D
sz000592,平潭发展,2025-09-29 13:24:45,3.49,72400,3.5,D
sz000592,平潭发展,2025-09-29 13:24:57,3.5,20300,3.5,U
sz000592,平潭发展,2025-09-29 13:25:30,3.5,31600,3.5,U
sz000592,平潭发展,2025-09-29 13:25:42,3.5,111800,3.5,U
sz000592,平潭发展,2025-09-29 13:25:48,3.5,25200,3.49,U
sz000592,平潭发展,2025-09-29 13:25:51,3.49,521900,3.5,D
sz000592,平潭发展,2025-09-29 13:26:39,3.5,122300,3.49,U
sz000592,平潭发展,2025-09-29 13:26:57,3.49,39200,3.49,D
sz000592,平潭发展,2025-09-29 13:27:03,3.49,20600,3.49,D
sz000592,平潭发展,2025-09-29 13:27:18,3.49,67500,3.5,D
sz000592,平潭发展,2025-09-29 13:27:54,3.49,22400,3.49,D
sz000592,平潭发展,2025-09-29 13:28:03,3.5,36600,3.49,U
sz000592,平潭发展,2025-09-29 13:28:48,3.49,21300,3.49,D
sz000592,平潭发展,2025-09-29 13:29:06,3.5,49300,3.49,U
sz000592,平潭发展,2025-09-29 13:29:42,3.5,72400,3.49,U
sz000592,平潭发展,2025-09-29 13:30:15,3.49,32200,3.49,D
sz000592,平潭发展,2025-09-29 13:30:18,3.49,60900,3.49,D
sz000592,平潭发展,2025-09-29 13:30:21,3.5,27000,3.49,U
sz000592,平潭发展,2025-09-29 13:30:30,3.5,20700,3.5,U
sz000592,平潭发展,2025-09-29 13:30:57,3.5,31100,3.5,U
sz000592,平潭发展,2025-09-29 13:32:00,3.49,123300,3.49,D
sz000592,平潭发展,2025-09-29 13:32:24,3.49,52100,3.49,D
sz000592,平潭发展,2025-09-29 13:34:27,3.5,82500,3.5,U
sz000592,平潭发展,2025-09-29 13:34:30,3.5,28600,3.5,U
sz000592,平潭发展,2025-09-29 13:34:51,3.5,30000,3.49,U
sz000592,平潭发展,2025-09-29 13:34:57,3.49,20700,3.5,D
sz000592,平潭发展,2025-09-29 13:35:33,3.5,31000,3.5,U
sz000592,平潭发展,2025-09-29 13:35:36,3.5,35000,3.5,U
sz000592,平潭发展,2025-09-29 13:36:03,3.5,26900,3.49,U
sz000592,平潭发展,2025-09-29 13:36:21,3.5,28700,3.5,U
sz000592,平潭发展,2025-09-29 13:36:48,3.5,60700,3.49,U
sz000592,平潭发展,2025-09-29 13:37:03,3.5,163300,3.49,U
sz000592,平潭发展,2025-09-29 13:37:21,3.5,61900,3.49,U
sz000592,平潭发展,2025-09-29 13:37:33,3.5,29000,3.49,U
sz000592,平潭发展,2025-09-29 13:37:36,3.5,60000,3.5,U
sz000592,平潭发展,2025-09-29 13:37:39,3.5,111200,3.5,U
sz000592,平潭发展,2025-09-29 13:38:00,3.49,29500,3.5,D
sz000592,平潭发展,2025-09-29 13:38:12,3.49,412951,3.49,D
sz000592,平潭发展,2025-09-29 13:38:15,3.49,299649,3.49,U
sz000592,平潭发展,2025-09-29 13:38:48,3.49,59700,3.49,D
sz000592,平潭发展,2025-09-29 13:39:00,3.5,781700,3.49,U
sz000592,平潭发展,2025-09-29 13:39:03,3.5,79100,3.5,D
sz000592,平潭发展,2025-09-29 13:39:54,3.51,20100,3.5,U
sz000592,平潭发展,2025-09-29 13:40:27,3.51,47800,3.51,U
sz000592,平潭发展,2025-09-29 13:40:39,3.51,242800,3.51,U
sz000592,平潭发展,2025-09-29 13:40:42,3.52,59700,3.51,U
sz000592,平潭发展,2025-09-29 13:40:54,3.51,83700,3.52,D
sz000592,平潭发展,2025-09-29 13:41:12,3.52,29200,3.52,U
sz000592,平潭发展,2025-09-29 13:41:42,3.52,398300,3.52,U
sz000592,平潭发展,2025-09-29 13:41:54,3.52,20100,3.52,D
sz000592,平潭发展,2025-09-29 13:41:57,3.53,123200,3.52,U
sz000592,平潭发展,2025-09-29 13:42:00,3.53,21900,3.53,U
sz000592,平潭发展,2025-09-29 13:42:12,3.53,331400,3.53,U
sz000592,平潭发展,2025-09-29 13:42:18,3.53,45400,3.53,U
sz000592,平潭发展,2025-09-29 13:42:21,3.53,26900,3.53,U
sz000592,平潭发展,2025-09-29 13:42:48,3.53,52700,3.53,U
sz000592,平潭发展,2025-09-29 13:43:06,3.52,125300,3.53,D
sz000592,平潭发展,2025-09-29 13:43:30,3.52,254400,3.53,D
sz000592,平潭发展,2025-09-29 13:44:54,3.51,167500,3.51,D
sz000592,平潭发展,2025-09-29 13:45:48,3.51,62700,3.52,D
sz000592,平潭发展,2025-09-29 13:46:00,3.51,195400,3.51,D
sz000592,平潭发展,2025-09-29 13:46:09,3.51,29100,3.51,U
sz000592,平潭发展,2025-09-29 13:46:12,3.51,51700,3.51,U
sz000592,平潭发展,2025-09-29 13:47:00,3.5,104700,3.51,D
sz000592,平潭发展,2025-09-29 13:47:12,3.51,44900,3.5,U
sz000592,平潭发展,2025-09-29 13:48:15,3.5,494800,3.51,D
sz000592,平潭发展,2025-09-29 13:48:18,3.5,64600,3.5,D
sz000592,平潭发展,2025-09-29 13:48:21,3.5,53500,3.5,D
sz000592,平潭发展,2025-09-29 13:48:30,3.5,43000,3.5,D
sz000592,平潭发展,2025-09-29 13:48:33,3.51,60800,3.5,U
sz000592,平潭发展,2025-09-29 13:48:36,3.5,48400,3.51,D
sz000592,平潭发展,2025-09-29 13:49:06,3.5,27300,3.5,D
sz000592,平潭发展,2025-09-29 13:49:12,3.51,27300,3.5,U
sz000592,平潭发展,2025-09-29 13:49:57,3.5,270600,3.51,D
sz000592,平潭发展,2025-09-29 13:50:27,3.51,21000,3.51,U
sz000592,平潭发展,2025-09-29 13:51:06,3.51,122800,3.51,U
sz000592,平潭发展,2025-09-29 13:51:15,3.51,344400,3.51,U
sz000592,平潭发展,2025-09-29 13:52:39,3.51,32700,3.51,D
sz000592,平潭发展,2025-09-29 13:52:54,3.52,149100,3.52,U
sz000592,平潭发展,2025-09-29 13:53:03,3.52,104400,3.51,U
sz000592,平潭发展,2025-09-29 13:53:06,3.52,74300,3.52,U
sz000592,平潭发展,2025-09-29 13:53:12,3.52,83600,3.52,U
sz000592,平潭发展,2025-09-29 13:53:24,3.53,30700,3.52,U
sz000592,平潭发展,2025-09-29 13:53:42,3.52,133000,3.53,D
sz000592,平潭发展,2025-09-29 13:53:45,3.53,52600,3.52,U
sz000592,平潭发展,2025-09-29 13:54:24,3.52,133100,3.53,D
sz000592,平潭发展,2025-09-29 13:54:27,3.52,21400,3.52,U
sz000592,平潭发展,2025-09-29 13:54:42,3.52,708900,3.52,U
sz000592,平潭发展,2025-09-29 13:55:12,3.52,56900,3.51,U
sz000592,平潭发展,2025-09-29 13:55:24,3.51,211900,3.52,D
sz000592,平潭发展,2025-09-29 13:55:33,3.51,64900,3.52,D
sz000592,平潭发展,2025-09-29 13:55:39,3.51,27600,3.51,D
sz000592,平潭发展,2025-09-29 13:59:00,3.52,23800,3.52,U
sz000592,平潭发展,2025-09-29 13:59:45,3.52,237600,3.52,U
sz000592,平潭发展,2025-09-29 13:59:48,3.52,72000,3.52,U
sz000592,平潭发展,2025-09-29 13:59:51,3.52,21600,3.52,U
sz000592,平潭发展,2025-09-29 14:00:06,3.51,27100,3.51,D
sz000592,平潭发展,2025-09-29 14:00:21,3.52,25600,3.52,U
sz000592,平潭发展,2025-09-29 14:00:42,3.52,148500,3.51,U
sz000592,平潭发展,2025-09-29 14:01:15,3.51,68000,3.51,D
sz000592,平潭发展,2025-09-29 14:01:45,3.51,440100,3.51,D
sz000592,平潭发展,2025-09-29 14:01:57,3.51,32000,3.51,U
sz000592,平潭发展,2025-09-29 14:02:27,3.51,39900,3.51,U
sz000592,平潭发展,2025-09-29 14:03:15,3.51,271800,3.5,U
sz000592,平潭发展,2025-09-29 14:03:33,3.51,44500,3.51,D
sz000592,平潭发展,2025-09-29 14:03:51,3.51,26400,3.52,D
sz000592,平潭发展,2025-09-29 14:04:00,3.51,165600,3.51,D
sz000592,平潭发展,2025-09-29 14:04:39,3.51,91500,3.51,D
sz000592,平潭发展,2025-09-29 14:04:42,3.51,31100,3.51,U
sz000592,平潭发展,2025-09-29 14:04:45,3.51,42000,3.51,U
sz000592,平潭发展,2025-09-29 14:05:03,3.51,20000,3.51,D
sz000592,平潭发展,2025-09-29 14:05:09,3.51,20600,3.51,D
sz000592,平潭发展,2025-09-29 14:05:18,3.51,36900,3.51,D
sz000592,平潭发展,2025-09-29 14:05:36,3.51,28700,3.51,D
sz000592,平潭发展,2025-09-29 14:05:42,3.51,20700,3.51,D
sz000592,平潭发展,2025-09-29 14:08:09,3.51,109900,3.51,D
sz000592,平潭发展,2025-09-29 14:08:15,3.51,48100,3.51,D
sz000592,平潭发展,2025-09-29 14:09:00,3.51,58700,3.51,D
sz000592,平潭发展,2025-09-29 14:09:51,3.51,22900,3.52,D
sz000592,平潭发展,2025-09-29 14:10:24,3.52,164000,3.52,U
sz000592,平潭发展,2025-09-29 14:10:30,3.52,31500,3.52,U
sz000592,平潭发展,2025-09-29 14:10:36,3.51,24900,3.52,D
sz000592,平潭发展,2025-09-29 14:11:06,3.52,50100,3.51,U
sz000592,平潭发展,2025-09-29 14:11:15,3.52,63100,3.51,U
sz000592,平潭发展,2025-09-29 14:11:45,3.51,23400,3.51,D
sz000592,平潭发展,2025-09-29 14:11:48,3.51,46400,3.51,D
sz000592,平潭发展,2025-09-29 14:12:03,3.51,26300,3.52,D
sz000592,平潭发展,2025-09-29 14:12:33,3.51,81800,3.51,D
sz000592,平潭发展,2025-09-29 14:12:57,3.51,40100,3.51,D
sz000592,平潭发展,2025-09-29 14:13:03,3.52,55900,3.51,U
sz000592,平潭发展,2025-09-29 14:13:09,3.51,55000,3.51,D
sz000592,平潭发展,2025-09-29 14:13:12,3.51,36900,3.51,D
sz000592,平潭发展,2025-09-29 14:13:18,3.51,256600,3.52,D
sz000592,平潭发展,2025-09-29 14:13:51,3.5,22200,3.5,D
sz000592,平潭发展,2025-09-29 14:13:54,3.51,76700,3.5,U
sz000592,平潭发展,2025-09-29 14:14:03,3.51,23100,3.5,U
sz000592,平潭发展,2025-09-29 14:14:12,3.5,24700,3.5,D
sz000592,平潭发展,2025-09-29 14:14:15,3.5,36600,3.5,D
sz000592,平潭发展,2025-09-29 14:14:18,3.51,30200,3.5,U
sz000592,平潭发展,2025-09-29 14:14:36,3.5,33200,3.51,D
sz000592,平潭发展,2025-09-29 14:15:18,3.52,831900,3.5,U
sz000592,平潭发展,2025-09-29 14:15:21,3.52,28600,3.52,U
sz000592,平潭发展,2025-09-29 14:15:42,3.52,23600,3.51,U
sz000592,平潭发展,2025-09-29 14:15:48,3.52,27500,3.52,U
sz000592,平潭发展,2025-09-29 14:15:54,3.52,22800,3.52,U
sz000592,平潭发展,2025-09-29 14:15:57,3.51,38000,3.52,D
sz000592,平潭发展,2025-09-29 14:16:24,3.51,22200,3.51,D
sz000592,平潭发展,2025-09-29 14:17:00,3.51,27900,3.52,D
sz000592,平潭发展,2025-09-29 14:17:57,3.52,142300,3.51,U
sz000592,平潭发展,2025-09-29 14:18:00,3.52,34800,3.52,U
sz000592,平潭发展,2025-09-29 14:18:09,3.52,171400,3.52,U
sz000592,平潭发展,2025-09-29 14:18:12,3.52,87900,3.52,U
sz000592,平潭发展,2025-09-29 14:18:15,3.52,157900,3.52,U
sz000592,平潭发展,2025-09-29 14:18:18,3.52,42100,3.52,U
sz000592,平潭发展,2025-09-29 14:18:33,3.52,70400,3.52,U
sz000592,平潭发展,2025-09-29 14:18:36,3.52,51200,3.52,U
sz000592,平潭发展,2025-09-29 14:19:21,3.51,22400,3.52,D
sz000592,平潭发展,2025-09-29 14:20:18,3.51,20300,3.51,D
sz000592,平潭发展,2025-09-29 14:20:24,3.51,20000,3.51,D
sz000592,平潭发展,2025-09-29 14:21:12,3.51,231500,3.51,D
sz000592,平潭发展,2025-09-29 14:21:18,3.51,25000,3.51,D
sz000592,平潭发展,2025-09-29 14:21:27,3.52,20200,3.51,U
sz000592,平潭发展,2025-09-29 14:21:39,3.51,63800,3.51,D
sz000592,平潭发展,2025-09-29 14:21:57,3.52,20700,3.52,U
sz000592,平潭发展,2025-09-29 14:22:06,3.51,30200,3.51,D
sz000592,平潭发展,2025-09-29 14:24:09,3.52,50300,3.52,U
sz000592,平潭发展,2025-09-29 14:24:12,3.52,30000,3.52,U
sz000592,平潭发展,2025-09-29 14:24:15,3.52,20400,3.52,U
sz000592,平潭发展,2025-09-29 14:25:18,3.52,24100,3.51,U
sz000592,平潭发展,2025-09-29 14:25:24,3.51,122100,3.52,D
sz000592,平潭发展,2025-09-29 14:25:36,3.51,24300,3.51,D
sz000592,平潭发展,2025-09-29 14:26:54,3.51,48200,3.51,D
sz000592,平潭发展,2025-09-29 14:27:00,3.51,190600,3.51,D
sz000592,平潭发展,2025-09-29 14:27:24,3.5,25500,3.51,D
sz000592,平潭发展,2025-09-29 14:28:09,3.51,28700,3.5,U
sz000592,平潭发展,2025-09-29 14:28:15,3.51,21000,3.51,U
sz000592,平潭发展,2025-09-29 14:28:39,3.51,119600,3.5,U
sz000592,平潭发展,2025-09-29 14:29:03,3.52,659800,3.5,U
sz000592,平潭发展,2025-09-29 14:29:33,3.51,29300,3.51,D
sz000592,平潭发展,2025-09-29 14:30:03,3.51,178400,3.52,D
sz000592,平潭发展,2025-09-29 14:31:03,3.52,98400,3.51,U
sz000592,平潭发展,2025-09-29 14:32:03,3.52,56800,3.51,U
sz000592,平潭发展,2025-09-29 14:32:06,3.51,190200,3.52,D
sz000592,平潭发展,2025-09-29 14:32:18,3.51,21500,3.51,D
sz000592,平潭发展,2025-09-29 14:32:30,3.52,21500,3.52,U
sz000592,平潭发展,2025-09-29 14:32:51,3.51,22800,3.51,D
sz000592,平潭发展,2025-09-29 14:32:54,3.51,92900,3.51,D
sz000592,平潭发展,2025-09-29 14:32:57,3.51,23500,3.51,D
sz000592,平潭发展,2025-09-29 14:33:00,3.51,32700,3.51,D
sz000592,平潭发展,2025-09-29 14:33:06,3.51,74100,3.51,D
sz000592,平潭发展,2025-09-29 14:33:21,3.51,333100,3.51,D
sz000592,平潭发展,2025-09-29 14:33:27,3.51,75200,3.51,U
sz000592,平潭发展,2025-09-29 14:33:30,3.51,93800,3.51,U
sz000592,平潭发展,2025-09-29 14:33:42,3.51,40700,3.51,U
sz000592,平潭发展,2025-09-29 14:34:15,3.51,20300,3.5,U
sz000592,平潭发展,2025-09-29 14:34:18,3.5,32100,3.51,D
sz000592,平潭发展,2025-09-29 14:35:30,3.51,36800,3.51,U
sz000592,平潭发展,2025-09-29 14:35:36,3.51,41700,3.51,U
sz000592,平潭发展,2025-09-29 14:35:39,3.51,24300,3.51,U
sz000592,平潭发展,2025-09-29 14:35:42,3.51,133400,3.51,U
sz000592,平潭发展,2025-09-29 14:35:45,3.51,71200,3.51,U
sz000592,平潭发展,2025-09-29 14:35:51,3.51,49000,3.51,U
sz000592,平潭发展,2025-09-29 14:36:12,3.51,23300,3.51,U
sz000592,平潭发展,2025-09-29 14:36:54,3.51,51400,3.5,U
sz000592,平潭发展,2025-09-29 14:37:03,3.5,59100,3.5,D
sz000592,平潭发展,2025-09-29 14:37:45,3.51,24700,3.51,U
sz000592,平潭发展,2025-09-29 14:37:57,3.51,54700,3.51,U
sz000592,平潭发展,2025-09-29 14:38:18,3.5,65100,3.51,D
sz000592,平潭发展,2025-09-29 14:38:45,3.5,20600,3.5,D
sz000592,平潭发展,2025-09-29 14:38:48,3.5,99200,3.5,D
sz000592,平潭发展,2025-09-29 14:39:00,3.51,27700,3.51,U
sz000592,平潭发展,2025-09-29 14:39:03,3.51,30300,3.51,U
sz000592,平潭发展,2025-09-29 14:39:27,3.51,37600,3.51,U
sz000592,平潭发展,2025-09-29 14:39:33,3.5,40000,3.51,D
sz000592,平潭发展,2025-09-29 14:40:03,3.5,135800,3.51,D
sz000592,平潭发展,2025-09-29 14:40:06,3.51,86900,3.5,U
sz000592,平潭发展,2025-09-29 14:40:12,3.51,67000,3.51,U
sz000592,平潭发展,2025-09-29 14:40:15,3.5,108700,3.51,D
sz000592,平潭发展,2025-09-29 14:40:24,3.5,62900,3.51,D
sz000592,平潭发展,2025-09-29 14:40:30,3.51,24400,3.51,U
sz000592,平潭发展,2025-09-29 14:40:33,3.51,20600,3.51,U
sz000592,平潭发展,2025-09-29 14:40:36,3.51,23900,3.51,U
sz000592,平潭发展,2025-09-29 14:40:39,3.51,24900,3.51,U
sz000592,平潭发展,2025-09-29 14:40:45,3.51,1071500,3.51,U
sz000592,平潭发展,2025-09-29 14:40:48,3.51,92700,3.51,D
sz000592,平潭发展,2025-09-29 14:40:57,3.51,36600,3.51,D
sz000592,平潭发展,2025-09-29 14:41:00,3.51,36700,3.51,D
sz000592,平潭发展,2025-09-29 14:41:24,3.52,25400,3.51,U
sz000592,平潭发展,2025-09-29 14:42:36,3.51,148900,3.52,D
sz000592,平潭发展,2025-09-29 14:43:06,3.51,42800,3.52,D
sz000592,平潭发展,2025-09-29 14:43:21,3.52,59400,3.51,U
sz000592,平潭发展,2025-09-29 14:44:03,3.52,47200,3.52,U
sz000592,平潭发展,2025-09-29 14:44:06,3.51,44200,3.52,D
sz000592,平潭发展,2025-09-29 14:44:18,3.52,27500,3.51,U
sz000592,平潭发展,2025-09-29 14:45:00,3.51,38100,3.51,D
sz000592,平潭发展,2025-09-29 14:45:03,3.51,62900,3.51,D
sz000592,平潭发展,2025-09-29 14:45:06,3.51,678400,3.51,D
sz000592,平潭发展,2025-09-29 14:45:09,3.51,23000,3.51,D
sz000592,平潭发展,2025-09-29 14:45:45,3.51,28600,3.51,U
sz000592,平潭发展,2025-09-29 14:45:54,3.51,31500,3.51,U
sz000592,平潭发展,2025-09-29 14:46:03,3.5,198300,3.5,D
sz000592,平潭发展,2025-09-29 14:46:06,3.51,196500,3.5,U
sz000592,平潭发展,2025-09-29 14:46:12,3.51,53100,3.51,U
sz000592,平潭发展,2025-09-29 14:46:54,3.51,67000,3.5,U
sz000592,平潭发展,2025-09-29 14:47:03,3.51,112400,3.5,U
sz000592,平潭发展,2025-09-29 14:47:06,3.51,32900,3.51,U
sz000592,平潭发展,2025-09-29 14:47:09,3.51,21300,3.51,U
sz000592,平潭发展,2025-09-29 14:47:18,3.51,21700,3.5,U
sz000592,平潭发展,2025-09-29 14:47:27,3.5,87200,3.5,D
sz000592,平潭发展,2025-09-29 14:47:36,3.5,24700,3.5,D
sz000592,平潭发展,2025-09-29 14:47:39,3.51,41400,3.5,U
sz000592,平潭发展,2025-09-29 14:47:51,3.5,34300,3.51,D
sz000592,平潭发展,2025-09-29 14:48:06,3.5,21700,3.5,D
sz000592,平潭发展,2025-09-29 14:48:09,3.5,93400,3.5,D
sz000592,平潭发展,2025-09-29 14:48:30,3.5,23200,3.5,D
sz000592,平潭发展,2025-09-29 14:49:00,3.5,35100,3.51,D
sz000592,平潭发展,2025-09-29 14:49:06,3.51,45400,3.51,U
sz000592,平潭发展,2025-09-29 14:49:09,3.51,29700,3.51,U
sz000592,平潭发展,2025-09-29 14:49:21,3.5,40400,3.5,D
sz000592,平潭发展,2025-09-29 14:49:24,3.5,28700,3.5,D
sz000592,平潭发展,2025-09-29 14:49:27,3.5,36700,3.5,D
sz000592,平潭发展,2025-09-29 14:49:33,3.51,24700,3.5,U
sz000592,平潭发展,2025-09-29 14:49:45,3.5,47900,3.5,D
sz000592,平潭发展,2025-09-29 14:49:51,3.51,24200,3.5,U
sz000592,平潭发展,2025-09-29 14:50:03,3.51,53800,3.5,U
sz000592,平潭发展,2025-09-29 14:50:09,3.51,50500,3.5,U
sz000592,平潭发展,2025-09-29 14:50:12,3.51,35600,3.51,U
sz000592,平潭发展,2025-09-29 14:50:27,3.51,42100,3.51,U
sz000592,平潭发展,2025-09-29 14:50:30,3.5,31800,3.51,D
sz000592,平潭发展,2025-09-29 14:50:33,3.51,22600,3.5,U
sz000592,平潭发展,2025-09-29 14:50:45,3.51,26000,3.5,U
sz000592,平潭发展,2025-09-29 14:50:48,3.51,24500,3.51,U
sz000592,平潭发展,2025-09-29 14:51:00,3.51,22900,3.51,U
sz000592,平潭发展,2025-09-29 14:51:06,3.5,21700,3.51,D
sz000592,平潭发展,2025-09-29 14:51:09,3.5,44000,3.5,D
sz000592,平潭发展,2025-09-29 14:51:12,3.51,44500,3.5,U
sz000592,平潭发展,2025-09-29 14:51:15,3.5,20500,3.51,D
sz000592,平潭发展,2025-09-29 14:51:21,3.51,30800,3.51,U
sz000592,平潭发展,2025-09-29 14:51:33,3.5,20700,3.51,D
sz000592,平潭发展,2025-09-29 14:51:36,3.5,22500,3.5,D
sz000592,平潭发展,2025-09-29 14:51:42,3.51,28200,3.5,U
sz000592,平潭发展,2025-09-29 14:51:45,3.51,29400,3.51,U
sz000592,平潭发展,2025-09-29 14:51:48,3.51,91500,3.51,U
sz000592,平潭发展,2025-09-29 14:51:54,3.5,20500,3.51,D
sz000592,平潭发展,2025-09-29 14:52:03,3.51,37300,3.5,U
sz000592,平潭发展,2025-09-29 14:52:06,3.51,29300,3.51,U
sz000592,平潭发展,2025-09-29 14:52:09,3.51,26000,3.51,U
sz000592,平潭发展,2025-09-29 14:52:15,3.5,21200,3.5,D
sz000592,平潭发展,2025-09-29 14:52:24,3.51,27400,3.5,U
sz000592,平潭发展,2025-09-29 14:52:30,3.51,22900,3.51,U
sz000592,平潭发展,2025-09-29 14:52:33,3.5,49700,3.51,D
sz000592,平潭发展,2025-09-29 14:52:42,3.51,20600,3.5,U
sz000592,平潭发展,2025-09-29 14:52:48,3.51,25500,3.51,U
sz000592,平潭发展,2025-09-29 14:52:51,3.51,22700,3.51,U
sz000592,平潭发展,2025-09-29 14:52:57,3.51,32100,3.5,U
sz000592,平潭发展,2025-09-29 14:53:03,3.51,148300,3.51,U
sz000592,平潭发展,2025-09-29 14:53:06,3.51,139500,3.51,U
sz000592,平潭发展,2025-09-29 14:53:09,3.51,33800,3.51,D
sz000592,平潭发展,2025-09-29 14:53:12,3.51,38400,3.51,U
sz000592,平潭发展,2025-09-29 14:53:18,3.51,31200,3.51,U
sz000592,平潭发展,2025-09-29 14:53:21,3.51,23800,3.51,U
sz000592,平潭发展,2025-09-29 14:53:33,3.51,77334,3.51,U
sz000592,平潭发展,2025-09-29 14:53:51,3.51,32200,3.51,D
sz000592,平潭发展,2025-09-29 14:53:54,3.51,43400,3.51,D
sz000592,平潭发展,2025-09-29 14:53:57,3.51,50100,3.51,D
sz000592,平潭发展,2025-09-29 14:54:03,3.51,24900,3.51,D
sz000592,平潭发展,2025-09-29 14:54:06,3.52,102600,3.51,U
sz000592,平潭发展,2025-09-29 14:54:09,3.5,542966,3.52,D
sz000592,平潭发展,2025-09-29 14:54:12,3.51,24800,3.5,U
sz000592,平潭发展,2025-09-29 14:54:18,3.51,27700,3.51,U
sz000592,平潭发展,2025-09-29 14:54:21,3.51,74000,3.51,U
sz000592,平潭发展,2025-09-29 14:54:36,3.51,107100,3.51,U
sz000592,平潭发展,2025-09-29 14:54:48,3.51,35200,3.5,U
sz000592,平潭发展,2025-09-29 14:54:51,3.51,100600,3.51,U
sz000592,平潭发展,2025-09-29 14:54:54,3.51,31000,3.51,U
sz000592,平潭发展,2025-09-29 14:54:57,3.51,27700,3.51,U
sz000592,平潭发展,2025-09-29 14:55:03,3.51,123600,3.51,U
sz000592,平潭发展,2025-09-29 14:55:06,3.51,51500,3.51,U
sz000592,平潭发展,2025-09-29 14:55:18,3.51,38800,3.51,U
sz000592,平潭发展,2025-09-29 14:55:21,3.51,91800,3.51,U
sz000592,平潭发展,2025-09-29 14:55:24,3.51,76500,3.51,U
sz000592,平潭发展,2025-09-29 14:55:30,3.51,71300,3.51,U
sz000592,平潭发展,2025-09-29 14:55:33,3.51,56200,3.51,D
sz000592,平潭发展,2025-09-29 14:55:39,3.52,57200,3.52,U
sz000592,平潭发展,2025-09-29 14:55:42,3.51,34700,3.52,D
sz000592,平潭发展,2025-09-29 14:55:45,3.52,28300,3.51,U
sz000592,平潭发展,2025-09-29 14:55:51,3.51,40500,3.52,D
sz000592,平潭发展,2025-09-29 14:56:00,3.51,136700,3.51,D
sz000592,平潭发展,2025-09-29 14:56:09,3.51,34700,3.51,D
sz000592,平潭发展,2025-09-29 14:56:15,3.51,30100,3.52,D
sz000592,平潭发展,2025-09-29 14:56:18,3.52,31200,3.51,U
sz000592,平潭发展,2025-09-29 14:56:24,3.52,20900,3.51,U
sz000592,平潭发展,2025-09-29 14:56:27,3.51,32700,3.52,D
sz000592,平潭发展,2025-09-29 14:56:30,3.51,514800,3.51,D
sz000592,平潭发展,2025-09-29 14:56:33,3.5,26100,3.51,D
sz000592,平潭发展,2025-09-29 14:56:39,3.5,54100,3.5,D
sz000592,平潭发展,2025-09-29 14:56:42,3.51,55200,3.5,U
sz000592,平潭发展,2025-09-29 14:56:45,3.51,26300,3.51,U
sz000592,平潭发展,2025-09-29 15:00:00,3.52,1743700,3.52,E
