symbol,name,ticktime,price,volume,prev_price,kind
sz000592,平潭发展,2025-10-14 09:25:00,3.62,633600,0.0,D
sz000592,平潭发展,2025-10-14 09:30:00,3.62,514400,3.62,D
sz000592,平潭发展,2025-10-14 09:30:03,3.62,439400,3.62,D
sz000592,平潭发展,2025-10-14 09:30:06,3.62,129400,3.62,D
sz000592,平潭发展,2025-10-14 09:30:09,3.62,68200,3.62,D
sz000592,平潭发展,2025-10-14 09:30:12,3.62,119900,3.62,D
sz000592,平潭发展,2025-10-14 09:30:18,3.63,70600,3.63,U
sz000592,平潭发展,2025-10-14 09:30:24,3.62,66400,3.62,D
sz000592,平潭发展,2025-10-14 09:30:27,3.63,64500,3.62,U
sz000592,平潭发展,2025-10-14 09:30:30,3.62,45900,3.63,D
sz000592,平潭发展,2025-10-14 09:30:33,3.62,70100,3.62,D
sz000592,平潭发展,2025-10-14 09:30:36,3.63,68800,3.62,U
sz000592,平潭发展,2025-10-14 09:30:39,3.62,29300,3.63,D
sz000592,平潭发展,2025-10-14 09:30:42,3.63,49000,3.62,U
sz000592,平潭发展,2025-10-14 09:30:45,3.63,110400,3.63,U
sz000592,平潭发展,2025-10-14 09:30:48,3.63,166700,3.63,U
sz000592,平潭发展,2025-10-14 09:30:51,3.63,82700,3.63,U
sz000592,平潭发展,2025-10-14 09:30:54,3.63,62553,3.63,U
sz000592,平潭发展,2025-10-14 09:30:57,3.63,124000,3.63,D
sz000592,平潭发展,2025-10-14 09:31:03,3.63,29500,3.64,D
sz000592,平潭发展,2025-10-14 09:31:06,3.64,26100,3.63,U
sz000592,平潭发展,2025-10-14 09:31:09,3.64,49000,3.64,U
sz000592,平潭发展,2025-10-14 09:31:15,3.63,1174300,3.63,D
sz000592,平潭发展,2025-10-14 09:31:18,3.63,119500,3.63,D
sz000592,平潭发展,2025-10-14 09:31:21,3.63,88600,3.63,D
sz000592,平潭发展,2025-10-14 09:31:24,3.63,238300,3.63,D
sz000592,平潭发展,2025-10-14 09:31:27,3.63,23100,3.63,D
sz000592,平潭发展,2025-10-14 09:31:30,3.63,131100,3.63,U
sz000592,平潭发展,2025-10-14 09:31:33,3.63,196400,3.63,D
sz000592,平潭发展,2025-10-14 09:31:39,3.62,92100,3.63,D
sz000592,平潭发展,2025-10-14 09:31:48,3.62,370700,3.62,D
sz000592,平潭发展,2025-10-14 09:31:51,3.63,44900,3.62,U
sz000592,平潭发展,2025-10-14 09:31:54,3.62,64200,3.63,D
sz000592,平潭发展,2025-10-14 09:31:57,3.63,306700,3.62,U
sz000592,平潭发展,2025-10-14 09:32:00,3.62,144700,3.63,D
sz000592,平潭发展,2025-10-14 09:32:03,3.62,53900,3.62,D
sz000592,平潭发展,2025-10-14 09:32:06,3.62,66400,3.62,D
sz000592,平潭发展,2025-10-14 09:32:09,3.62,71800,3.62,D
sz000592,平潭发展,2025-10-14 09:32:12,3.63,33900,3.62,U
sz000592,平潭发展,2025-10-14 09:32:15,3.63,187700,3.63,U
sz000592,平潭发展,2025-10-14 09:32:24,3.62,146400,3.63,D
sz000592,平潭发展,2025-10-14 09:32:33,3.62,83200,3.62,D
sz000592,平潭发展,2025-10-14 09:32:36,3.62,169000,3.62,D
sz000592,平潭发展,2025-10-14 09:32:39,3.62,43300,3.62,D
sz000592,平潭发展,2025-10-14 09:32:42,3.62,35300,3.62,D
sz000592,平潭发展,2025-10-14 09:32:48,3.63,36000,3.62,U
sz000592,平潭发展,2025-10-14 09:32:51,3.63,126300,3.63,U
sz000592,平潭发展,2025-10-14 09:32:54,3.62,342000,3.63,D
sz000592,平潭发展,2025-10-14 09:33:00,3.63,39400,3.62,U
sz000592,平潭发展,2025-10-14 09:33:03,3.63,26400,3.63,U
sz000592,平潭发展,2025-10-14 09:33:18,3.63,432600,3.63,U
sz000592,平潭发展,2025-10-14 09:33:21,3.64,56100,3.63,U
sz000592,平潭发展,2025-10-14 09:33:27,3.63,29400,3.64,D
sz000592,平潭发展,2025-10-14 09:33:30,3.64,148400,3.63,U
sz000592,平潭发展,2025-10-14 09:33:33,3.64,36500,3.64,U
sz000592,平潭发展,2025-10-14 09:33:36,3.64,34300,3.64,U
sz000592,平潭发展,2025-10-14 09:33:45,3.63,83800,3.64,D
sz000592,平潭发展,2025-10-14 09:33:51,3.63,62400,3.63,D
sz000592,平潭发展,2025-10-14 09:34:00,3.63,60300,3.64,D
sz000592,平潭发展,2025-10-14 09:34:06,3.64,84300,3.64,U
sz000592,平潭发展,2025-10-14 09:34:12,3.65,990700,3.63,U
sz000592,平潭发展,2025-10-14 09:34:15,3.64,23200,3.65,D
sz000592,平潭发展,2025-10-14 09:34:18,3.65,32500,3.64,U
sz000592,平潭发展,2025-10-14 09:34:21,3.65,109400,3.65,U
sz000592,平潭发展,2025-10-14 09:34:24,3.65,31200,3.65,U
sz000592,平潭发展,2025-10-14 09:34:27,3.65,29900,3.65,U
sz000592,平潭发展,2025-10-14 09:34:30,3.66,116900,3.65,U
sz000592,平潭发展,2025-10-14 09:34:33,3.66,27600,3.66,U
sz000592,平潭发展,2025-10-14 09:34:36,3.66,103800,3.66,U
sz000592,平潭发展,2025-10-14 09:34:39,3.66,139500,3.66,U
sz000592,平潭发展,2025-10-14 09:34:42,3.67,175600,3.66,U
sz000592,平潭发展,2025-10-14 09:34:45,3.67,40500,3.67,U
sz000592,平潭发展,2025-10-14 09:34:48,3.67,92400,3.67,U
sz000592,平潭发展,2025-10-14 09:34:54,3.66,58600,3.66,D
sz000592,平潭发展,2025-10-14 09:34:57,3.67,43300,3.66,U
sz000592,平潭发展,2025-10-14 09:35:00,3.67,30600,3.67,U
sz000592,平潭发展,2025-10-14 09:35:03,3.67,147700,3.67,U
sz000592,平潭发展,2025-10-14 09:35:06,3.66,104500,3.67,D
sz000592,平潭发展,2025-10-14 09:35:09,3.66,41100,3.66,D
sz000592,平潭发展,2025-10-14 09:35:12,3.67,54100,3.66,U
sz000592,平潭发展,2025-10-14 09:35:15,3.66,48500,3.67,D
sz000592,平潭发展,2025-10-14 09:35:18,3.66,46000,3.66,D
sz000592,平潭发展,2025-10-14 09:35:21,3.66,467200,3.66,D
sz000592,平潭发展,2025-10-14 09:35:24,3.66,101500,3.66,D
sz000592,平潭发展,2025-10-14 09:35:27,3.66,253600,3.66,U
sz000592,平潭发展,2025-10-14 09:35:33,3.66,142200,3.66,D
sz000592,平潭发展,2025-10-14 09:35:36,3.66,100400,3.66,D
sz000592,平潭发展,2025-10-14 09:35:39,3.66,127000,3.66,D
sz000592,平潭发展,2025-10-14 09:35:42,3.66,81300,3.66,U
sz000592,平潭发展,2025-10-14 09:35:48,3.65,45700,3.65,D
sz000592,平潭发展,2025-10-14 09:35:57,3.65,120300,3.65,D
sz000592,平潭发展,2025-10-14 09:36:00,3.65,210500,3.65,D
sz000592,平潭发展,2025-10-14 09:36:06,3.66,516700,3.65,U
sz000592,平潭发展,2025-10-14 09:36:09,3.66,27200,3.66,D
sz000592,平潭发展,2025-10-14 09:36:12,3.66,27800,3.66,D
sz000592,平潭发展,2025-10-14 09:36:15,3.66,185800,3.66,D
sz000592,平潭发展,2025-10-14 09:36:18,3.66,52100,3.66,U
sz000592,平潭发展,2025-10-14 09:36:21,3.65,124000,3.66,D
sz000592,平潭发展,2025-10-14 09:36:27,3.66,111400,3.65,U
sz000592,平潭发展,2025-10-14 09:36:30,3.66,83200,3.66,U
sz000592,平潭发展,2025-10-14 09:36:39,3.66,690200,3.65,U
sz000592,平潭发展,2025-10-14 09:36:42,3.65,41600,3.66,D
sz000592,平潭发展,2025-10-14 09:36:48,3.65,28400,3.65,D
sz000592,平潭发展,2025-10-14 09:37:00,3.66,27600,3.66,U
sz000592,平潭发展,2025-10-14 09:37:03,3.66,37500,3.66,U
sz000592,平潭发展,2025-10-14 09:37:06,3.66,28000,3.66,U
sz000592,平潭发展,2025-10-14 09:37:15,3.65,26900,3.65,D
sz000592,平潭发展,2025-10-14 09:37:21,3.65,54500,3.65,D
sz000592,平潭发展,2025-10-14 09:37:24,3.65,25100,3.65,D
sz000592,平潭发展,2025-10-14 09:37:42,3.64,301600,3.65,D
sz000592,平潭发展,2025-10-14 09:37:45,3.65,30100,3.64,U
sz000592,平潭发展,2025-10-14 09:37:48,3.65,25900,3.65,U
sz000592,平潭发展,2025-10-14 09:37:51,3.65,138200,3.65,U
sz000592,平潭发展,2025-10-14 09:38:03,3.64,111200,3.65,D
sz000592,平潭发展,2025-10-14 09:38:06,3.65,21300,3.64,U
sz000592,平潭发展,2025-10-14 09:38:15,3.65,132800,3.65,U
sz000592,平潭发展,2025-10-14 09:38:21,3.64,255600,3.64,D
sz000592,平潭发展,2025-10-14 09:38:24,3.65,39400,3.64,U
sz000592,平潭发展,2025-10-14 09:38:27,3.64,25900,3.65,D
sz000592,平潭发展,2025-10-14 09:38:30,3.64,25100,3.64,D
sz000592,平潭发展,2025-10-14 09:38:36,3.64,20900,3.64,D
sz000592,平潭发展,2025-10-14 09:38:48,3.64,431600,3.64,D
sz000592,平潭发展,2025-10-14 09:38:51,3.64,30700,3.64,U
sz000592,平潭发展,2025-10-14 09:38:54,3.64,29200,3.64,D
sz000592,平潭发展,2025-10-14 09:39:03,3.64,114500,3.65,D
sz000592,平潭发展,2025-10-14 09:39:09,3.64,35300,3.64,D
sz000592,平潭发展,2025-10-14 09:39:12,3.64,127700,3.64,D
sz000592,平潭发展,2025-10-14 09:39:15,3.64,20400,3.64,U
sz000592,平潭发展,2025-10-14 09:39:21,3.64,32800,3.64,U
sz000592,平潭发展,2025-10-14 09:39:24,3.64,31100,3.64,U
sz000592,平潭发展,2025-10-14 09:39:33,3.63,20800,3.64,D
sz000592,平潭发展,2025-10-14 09:39:36,3.63,123000,3.63,D
sz000592,平潭发展,2025-10-14 09:39:39,3.63,40300,3.63,D
sz000592,平潭发展,2025-10-14 09:39:42,3.64,398100,3.63,U
sz000592,平潭发展,2025-10-14 09:39:48,3.63,110800,3.64,D
sz000592,平潭发展,2025-10-14 09:39:51,3.63,75400,3.63,D
sz000592,平潭发展,2025-10-14 09:39:57,3.63,36900,3.63,D
sz000592,平潭发展,2025-10-14 09:40:00,3.63,37000,3.63,D
sz000592,平潭发展,2025-10-14 09:40:06,3.64,46600,3.64,U
sz000592,平潭发展,2025-10-14 09:40:18,3.63,53500,3.63,D
sz000592,平潭发展,2025-10-14 09:40:21,3.64,77500,3.63,U
sz000592,平潭发展,2025-10-14 09:40:24,3.62,244900,3.64,D
sz000592,平潭发展,2025-10-14 09:40:27,3.63,51400,3.62,D
sz000592,平潭发展,2025-10-14 09:40:33,3.63,112800,3.63,D
sz000592,平潭发展,2025-10-14 09:40:36,3.63,41100,3.63,D
sz000592,平潭发展,2025-10-14 09:40:39,3.63,60600,3.63,D
sz000592,平潭发展,2025-10-14 09:40:42,3.63,36900,3.63,D
sz000592,平潭发展,2025-10-14 09:40:45,3.63,109200,3.63,D
sz000592,平潭发展,2025-10-14 09:40:48,3.63,21300,3.63,D
sz000592,平潭发展,2025-10-14 09:40:51,3.63,74200,3.63,D
sz000592,平潭发展,2025-10-14 09:40:54,3.63,48800,3.63,U
sz000592,平潭发展,2025-10-14 09:41:00,3.63,44500,3.63,U
sz000592,平潭发展,2025-10-14 09:41:03,3.63,41900,3.63,U
sz000592,平潭发展,2025-10-14 09:41:09,3.63,384400,3.63,U
sz000592,平潭发展,2025-10-14 09:41:12,3.63,22500,3.63,U
sz000592,平潭发展,2025-10-14 09:41:15,3.62,118600,3.63,D
sz000592,平潭发展,2025-10-14 09:41:18,3.63,24200,3.62,U
sz000592,平潭发展,2025-10-14 09:41:21,3.62,34700,3.63,D
sz000592,平潭发展,2025-10-14 09:41:24,3.63,91400,3.62,U
sz000592,平潭发展,2025-10-14 09:41:33,3.63,33700,3.62,U
sz000592,平潭发展,2025-10-14 09:41:36,3.62,21500,3.63,D
sz000592,平潭发展,2025-10-14 09:41:39,3.62,29800,3.62,D
sz000592,平潭发展,2025-10-14 09:41:45,3.63,33700,3.62,U
sz000592,平潭发展,2025-10-14 09:41:51,3.63,27000,3.62,U
sz000592,平潭发展,2025-10-14 09:41:54,3.62,69900,3.63,D
sz000592,平潭发展,2025-10-14 09:41:57,3.63,22700,3.62,U
sz000592,平潭发展,2025-10-14 09:42:03,3.63,314200,3.63,U
sz000592,平潭发展,2025-10-14 09:42:06,3.63,34700,3.63,U
sz000592,平潭发展,2025-10-14 09:42:12,3.63,321800,3.63,U
sz000592,平潭发展,2025-10-14 09:42:15,3.63,110400,3.63,U
sz000592,平潭发展,2025-10-14 09:42:21,3.63,180300,3.64,D
sz000592,平潭发展,2025-10-14 09:42:27,3.63,29100,3.63,D
sz000592,平潭发展,2025-10-14 09:42:30,3.63,182200,3.63,D
sz000592,平潭发展,2025-10-14 09:42:33,3.63,33200,3.63,D
sz000592,平潭发展,2025-10-14 09:42:36,3.63,21300,3.63,D
sz000592,平潭发展,2025-10-14 09:42:42,3.63,39600,3.63,D
sz000592,平潭发展,2025-10-14 09:42:45,3.63,28700,3.63,D
sz000592,平潭发展,2025-10-14 09:42:51,3.63,21200,3.63,D
sz000592,平潭发展,2025-10-14 09:43:00,3.63,62200,3.63,U
sz000592,平潭发展,2025-10-14 09:43:06,3.63,113800,3.63,U
sz000592,平潭发展,2025-10-14 09:43:15,3.63,65000,3.63,U
sz000592,平潭发展,2025-10-14 09:43:39,3.64,26700,3.64,U
sz000592,平潭发展,2025-10-14 09:43:54,3.64,31800,3.63,U
sz000592,平潭发展,2025-10-14 09:43:57,3.63,27500,3.64,D
sz000592,平潭发展,2025-10-14 09:44:00,3.63,125500,3.63,D
sz000592,平潭发展,2025-10-14 09:44:03,3.63,70500,3.63,D
sz000592,平潭发展,2025-10-14 09:44:06,3.63,28300,3.63,U
sz000592,平潭发展,2025-10-14 09:44:09,3.63,47100,3.63,U
sz000592,平潭发展,2025-10-14 09:44:12,3.63,31700,3.63,U
sz000592,平潭发展,2025-10-14 09:44:18,3.63,40100,3.63,D
sz000592,平潭发展,2025-10-14 09:44:24,3.63,55900,3.64,D
sz000592,平潭发展,2025-10-14 09:44:27,3.63,21100,3.63,U
sz000592,平潭发展,2025-10-14 09:44:30,3.63,38600,3.63,U
sz000592,平潭发展,2025-10-14 09:44:33,3.62,33700,3.63,D
sz000592,平潭发展,2025-10-14 09:44:36,3.62,34100,3.62,D
sz000592,平潭发展,2025-10-14 09:44:39,3.63,31200,3.62,U
sz000592,平潭发展,2025-10-14 09:44:42,3.63,26200,3.63,U
sz000592,平潭发展,2025-10-14 09:45:18,3.63,172200,3.62,U
sz000592,平潭发展,2025-10-14 09:45:21,3.63,179700,3.63,U
sz000592,平潭发展,2025-10-14 09:45:30,3.63,52400,3.63,D
sz000592,平潭发展,2025-10-14 09:45:45,3.63,25500,3.64,D
sz000592,平潭发展,2025-10-14 09:45:54,3.63,120600,3.63,D
sz000592,平潭发展,2025-10-14 09:46:03,3.64,600200,3.63,U
sz000592,平潭发展,2025-10-14 09:46:06,3.65,91000,3.64,U
sz000592,平潭发展,2025-10-14 09:46:09,3.65,47400,3.65,U
sz000592,平潭发展,2025-10-14 09:46:21,3.65,93800,3.65,U
sz000592,平潭发展,2025-10-14 09:46:27,3.64,52400,3.65,D
sz000592,平潭发展,2025-10-14 09:46:33,3.66,1177600,3.64,U
sz000592,平潭发展,2025-10-14 09:46:36,3.67,83800,3.66,U
sz000592,平潭发展,2025-10-14 09:46:39,3.67,20100,3.67,U
sz000592,平潭发展,2025-10-14 09:46:42,3.66,27200,3.67,D
sz000592,平潭发展,2025-10-14 09:46:48,3.66,122900,3.67,D
sz000592,平潭发展,2025-10-14 09:46:51,3.66,56100,3.66,U
sz000592,平潭发展,2025-10-14 09:46:54,3.66,46900,3.66,U
sz000592,平潭发展,2025-10-14 09:46:57,3.66,42400,3.66,U
sz000592,平潭发展,2025-10-14 09:47:00,3.66,59600,3.66,U
sz000592,平潭发展,2025-10-14 09:47:03,3.65,38900,3.66,D
sz000592,平潭发展,2025-10-14 09:47:09,3.65,756900,3.66,D
sz000592,平潭发展,2025-10-14 09:47:12,3.66,126000,3.65,U
sz000592,平潭发展,2025-10-14 09:47:30,3.66,66900,3.65,U
sz000592,平潭发展,2025-10-14 09:47:42,3.65,98700,3.65,D
sz000592,平潭发展,2025-10-14 09:47:45,3.65,27300,3.65,U
sz000592,平潭发展,2025-10-14 09:47:48,3.65,23200,3.65,U
sz000592,平潭发展,2025-10-14 09:47:51,3.65,23900,3.65,U
sz000592,平潭发展,2025-10-14 09:47:57,3.65,47100,3.65,U
sz000592,平潭发展,2025-10-14 09:48:03,3.65,46900,3.65,U
sz000592,平潭发展,2025-10-14 09:48:12,3.65,40700,3.65,U
sz000592,平潭发展,2025-10-14 09:48:15,3.65,39800,3.65,U
sz000592,平潭发展,2025-10-14 09:48:18,3.65,395700,3.65,U
sz000592,平潭发展,2025-10-14 09:48:21,3.65,26200,3.65,U
sz000592,平潭发展,2025-10-14 09:48:30,3.65,52400,3.65,D
sz000592,平潭发展,2025-10-14 09:48:39,3.65,47900,3.65,D
sz000592,平潭发展,2025-10-14 09:48:42,3.65,144000,3.65,D
sz000592,平潭发展,2025-10-14 09:48:48,3.65,26100,3.65,D
sz000592,平潭发展,2025-10-14 09:48:57,3.65,65000,3.65,D
sz000592,平潭发展,2025-10-14 09:49:00,3.65,21000,3.65,D
sz000592,平潭发展,2025-10-14 09:49:12,3.65,37300,3.65,D
sz000592,平潭发展,2025-10-14 09:49:21,3.65,126400,3.65,D
sz000592,平潭发展,2025-10-14 09:49:24,3.65,24800,3.65,U
sz000592,平潭发展,2025-10-14 09:49:27,3.64,41100,3.65,D
sz000592,平潭发展,2025-10-14 09:49:39,3.65,38200,3.64,U
sz000592,平潭发展,2025-10-14 09:49:42,3.65,79400,3.65,U
sz000592,平潭发展,2025-10-14 09:49:54,3.65,178900,3.65,D
sz000592,平潭发展,2025-10-14 09:50:03,3.66,43300,3.65,U
sz000592,平潭发展,2025-10-14 09:50:06,3.66,673400,3.66,U
sz000592,平潭发展,2025-10-14 09:50:09,3.66,199500,3.66,D
sz000592,平潭发展,2025-10-14 09:50:18,3.66,26000,3.66,D
sz000592,平潭发展,2025-10-14 09:50:24,3.66,30900,3.66,D
sz000592,平潭发展,2025-10-14 09:50:27,3.66,31200,3.66,U
sz000592,平潭发展,2025-10-14 09:50:30,3.66,32000,3.66,U
sz000592,平潭发展,2025-10-14 09:50:42,3.66,417800,3.65,U
sz000592,平潭发展,2025-10-14 09:50:45,3.66,21200,3.66,D
sz000592,平潭发展,2025-10-14 09:50:48,3.66,22600,3.66,D
sz000592,平潭发展,2025-10-14 09:50:54,3.66,24200,3.66,D
sz000592,平潭发展,2025-10-14 09:50:57,3.66,20800,3.66,D
sz000592,平潭发展,2025-10-14 09:51:33,3.66,58100,3.66,D
sz000592,平潭发展,2025-10-14 09:51:39,3.66,21800,3.66,D
sz000592,平潭发展,2025-10-14 09:51:42,3.66,35100,3.66,D
sz000592,平潭发展,2025-10-14 09:51:45,3.66,44400,3.66,D
sz000592,平潭发展,2025-10-14 09:51:57,3.67,70700,3.66,U
sz000592,平潭发展,2025-10-14 09:52:03,3.66,43200,3.67,D
sz000592,平潭发展,2025-10-14 09:52:12,3.67,128900,3.67,U
sz000592,平潭发展,2025-10-14 09:52:18,3.67,57900,3.66,U
sz000592,平潭发展,2025-10-14 09:52:21,3.67,1167100,3.67,U
sz000592,平潭发展,2025-10-14 09:52:24,3.67,32900,3.67,D
sz000592,平潭发展,2025-10-14 09:52:30,3.68,32100,3.67,U
sz000592,平潭发展,2025-10-14 09:52:36,3.68,120500,3.67,U
sz000592,平潭发展,2025-10-14 09:52:45,3.68,47400,3.68,U
sz000592,平潭发展,2025-10-14 09:52:48,3.68,70200,3.68,U
sz000592,平潭发展,2025-10-14 09:52:51,3.68,34700,3.68,U
sz000592,平潭发展,2025-10-14 09:52:54,3.68,21600,3.68,U
sz000592,平潭发展,2025-10-14 09:52:57,3.69,1033500,3.68,U
sz000592,平潭发展,2025-10-14 09:53:00,3.69,113100,3.69,U
sz000592,平潭发展,2025-10-14 09:53:03,3.69,613500,3.69,U
sz000592,平潭发展,2025-10-14 09:53:06,3.69,44100,3.69,D
sz000592,平潭发展,2025-10-14 09:53:09,3.7,35500,3.69,U
sz000592,平潭发展,2025-10-14 09:53:12,3.69,48900,3.7,D
sz000592,平潭发展,2025-10-14 09:53:15,3.69,543700,3.69,D
sz000592,平潭发展,2025-10-14 09:53:18,3.69,139900,3.69,U
sz000592,平潭发展,2025-10-14 09:53:21,3.69,43000,3.69,U
sz000592,平潭发展,2025-10-14 09:53:24,3.68,184800,3.69,D
sz000592,平潭发展,2025-10-14 09:53:27,3.69,174100,3.68,U
sz000592,平潭发展,2025-10-14 09:53:30,3.69,854200,3.69,U
sz000592,平潭发展,2025-10-14 09:53:33,3.68,66800,3.69,D
sz000592,平潭发展,2025-10-14 09:53:36,3.69,44400,3.68,U
sz000592,平潭发展,2025-10-14 09:53:39,3.69,121200,3.69,U
sz000592,平潭发展,2025-10-14 09:53:42,3.69,53800,3.69,U
sz000592,平潭发展,2025-10-14 09:53:45,3.69,333700,3.69,U
sz000592,平潭发展,2025-10-14 09:53:48,3.69,42300,3.69,U
sz000592,平潭发展,2025-10-14 09:53:51,3.69,162800,3.69,U
sz000592,平潭发展,2025-10-14 09:53:54,3.69,94100,3.69,U
sz000592,平潭发展,2025-10-14 09:54:00,3.69,21000,3.69,U
sz000592,平潭发展,2025-10-14 09:54:03,3.69,46100,3.69,U
sz000592,平潭发展,2025-10-14 09:54:06,3.68,245900,3.69,D
sz000592,平潭发展,2025-10-14 09:54:09,3.68,83400,3.68,U
sz000592,平潭发展,2025-10-14 09:54:18,3.68,23100,3.68,U
sz000592,平潭发展,2025-10-14 09:54:21,3.68,28100,3.68,U
sz000592,平潭发展,2025-10-14 09:54:24,3.68,55700,3.68,D
sz000592,平潭发展,2025-10-14 09:54:27,3.68,21500,3.68,D
sz000592,平潭发展,2025-10-14 09:54:33,3.69,24100,3.68,U
sz000592,平潭发展,2025-10-14 09:54:36,3.69,22600,3.69,U
sz000592,平潭发展,2025-10-14 09:54:42,3.68,32900,3.68,D
sz000592,平潭发展,2025-10-14 09:54:45,3.68,57000,3.68,D
sz000592,平潭发展,2025-10-14 09:54:48,3.69,274600,3.68,U
sz000592,平潭发展,2025-10-14 09:55:06,3.68,23000,3.67,U
sz000592,平潭发展,2025-10-14 09:55:09,3.67,25000,3.68,D
sz000592,平潭发展,2025-10-14 09:55:15,3.68,35700,3.68,U
sz000592,平潭发展,2025-10-14 09:55:18,3.68,36600,3.68,U
sz000592,平潭发展,2025-10-14 09:55:21,3.68,31800,3.68,U
sz000592,平潭发展,2025-10-14 09:55:24,3.68,73100,3.68,U
sz000592,平潭发展,2025-10-14 09:55:27,3.68,162900,3.68,D
sz000592,平潭发展,2025-10-14 09:55:33,3.68,20900,3.68,U
sz000592,平潭发展,2025-10-14 09:55:36,3.68,58200,3.68,U
sz000592,平潭发展,2025-10-14 09:55:42,3.68,23300,3.68,U
sz000592,平潭发展,2025-10-14 09:55:45,3.68,92600,3.68,U
sz000592,平潭发展,2025-10-14 09:55:51,3.67,33900,3.68,D
sz000592,平潭发展,2025-10-14 09:56:06,3.68,30100,3.68,U
sz000592,平潭发展,2025-10-14 09:56:09,3.67,25700,3.68,D
sz000592,平潭发展,2025-10-14 09:56:12,3.68,40500,3.67,U
sz000592,平潭发展,2025-10-14 09:56:15,3.68,356400,3.68,U
sz000592,平潭发展,2025-10-14 09:56:18,3.68,20300,3.68,U
sz000592,平潭发展,2025-10-14 09:56:48,3.67,25600,3.68,D
sz000592,平潭发展,2025-10-14 09:56:57,3.68,24000,3.67,U
sz000592,平潭发展,2025-10-14 09:57:03,3.67,32400,3.68,D
sz000592,平潭发展,2025-10-14 09:57:06,3.68,32700,3.67,U
sz000592,平潭发展,2025-10-14 09:57:18,3.67,60900,3.68,D
sz000592,平潭发展,2025-10-14 09:57:21,3.67,98900,3.67,D
sz000592,平潭发展,2025-10-14 09:57:27,3.67,22900,3.68,D
sz000592,平潭发展,2025-10-14 09:57:30,3.67,41000,3.67,D
sz000592,平潭发展,2025-10-14 09:57:36,3.67,722900,3.67,D
sz000592,平潭发展,2025-10-14 09:57:39,3.66,123000,3.67,D
sz000592,平潭发展,2025-10-14 09:57:42,3.66,31500,3.66,D
sz000592,平潭发展,2025-10-14 09:57:48,3.66,21100,3.66,D
sz000592,平潭发展,2025-10-14 09:58:12,3.67,345957,3.67,U
sz000592,平潭发展,2025-10-14 09:58:24,3.67,33600,3.67,U
sz000592,平潭发展,2025-10-14 09:58:39,3.67,42900,3.66,U
sz000592,平潭发展,2025-10-14 09:58:42,3.67,72100,3.67,U
sz000592,平潭发展,2025-10-14 09:58:48,3.66,49000,3.66,D
sz000592,平潭发展,2025-10-14 09:58:54,3.66,169743,3.66,D
sz000592,平潭发展,2025-10-14 09:59:21,3.67,23200,3.67,U
sz000592,平潭发展,2025-10-14 09:59:36,3.66,260200,3.66,D
sz000592,平潭发展,2025-10-14 09:59:48,3.67,154300,3.67,U
sz000592,平潭发展,2025-10-14 10:00:00,3.65,1127800,3.67,D
sz000592,平潭发展,2025-10-14 10:00:03,3.66,22500,3.65,U
sz000592,平潭发展,2025-10-14 10:00:15,3.66,40600,3.66,D
sz000592,平潭发展,2025-10-14 10:00:27,3.66,21000,3.67,D
sz000592,平潭发展,2025-10-14 10:00:30,3.66,833100,3.66,D
sz000592,平潭发展,2025-10-14 10:00:33,3.66,35900,3.66,U
sz000592,平潭发展,2025-10-14 10:00:36,3.66,103500,3.66,U
sz000592,平潭发展,2025-10-14 10:00:39,3.65,35600,3.66,D
sz000592,平潭发展,2025-10-14 10:00:42,3.66,101500,3.65,U
sz000592,平潭发展,2025-10-14 10:00:45,3.67,20300,3.66,U
sz000592,平潭发展,2025-10-14 10:00:51,3.67,23900,3.67,U
sz000592,平潭发展,2025-10-14 10:00:54,3.66,80000,3.67,D
sz000592,平潭发展,2025-10-14 10:01:03,3.66,38900,3.66,D
sz000592,平潭发展,2025-10-14 10:01:09,3.66,84700,3.67,D
sz000592,平潭发展,2025-10-14 10:01:18,3.65,22700,3.65,D
sz000592,平潭发展,2025-10-14 10:01:33,3.65,234100,3.65,D
sz000592,平潭发展,2025-10-14 10:01:39,3.66,188900,3.65,U
sz000592,平潭发展,2025-10-14 10:01:42,3.65,24500,3.66,U
sz000592,平潭发展,2025-10-14 10:01:54,3.64,88900,3.65,D
sz000592,平潭发展,2025-10-14 10:01:57,3.65,129200,3.64,U
sz000592,平潭发展,2025-10-14 10:02:00,3.65,82800,3.65,U
sz000592,平潭发展,2025-10-14 10:02:06,3.64,81300,3.65,D
sz000592,平潭发展,2025-10-14 10:02:12,3.65,31300,3.65,U
sz000592,平潭发展,2025-10-14 10:02:27,3.65,84900,3.65,U
sz000592,平潭发展,2025-10-14 10:02:33,3.64,32600,3.64,D
sz000592,平潭发展,2025-10-14 10:02:48,3.64,42200,3.64,D
sz000592,平潭发展,2025-10-14 10:02:51,3.65,87700,3.64,U
sz000592,平潭发展,2025-10-14 10:02:54,3.65,189800,3.65,D
sz000592,平潭发展,2025-10-14 10:03:00,3.65,101800,3.65,D
sz000592,平潭发展,2025-10-14 10:03:03,3.65,36100,3.65,U
sz000592,平潭发展,2025-10-14 10:03:15,3.65,139300,3.65,U
sz000592,平潭发展,2025-10-14 10:03:18,3.65,25300,3.65,D
sz000592,平潭发展,2025-10-14 10:03:24,3.65,38800,3.65,D
sz000592,平潭发展,2025-10-14 10:03:33,3.65,30400,3.65,D
sz000592,平潭发展,2025-10-14 10:03:42,3.65,20800,3.65,D
sz000592,平潭发展,2025-10-14 10:04:15,3.66,57800,3.66,U
sz000592,平潭发展,2025-10-14 10:04:27,3.65,38800,3.65,D
sz000592,平潭发展,2025-10-14 10:04:36,3.66,489800,3.66,U
sz000592,平潭发展,2025-10-14 10:04:42,3.67,104900,3.66,U
sz000592,平潭发展,2025-10-14 10:04:51,3.67,64400,3.67,U
sz000592,平潭发展,2025-10-14 10:05:03,3.67,142400,3.66,U
sz000592,平潭发展,2025-10-14 10:05:09,3.67,29500,3.67,U
sz000592,平潭发展,2025-10-14 10:05:33,3.66,20200,3.67,D
sz000592,平潭发展,2025-10-14 10:05:36,3.67,375300,3.66,U
sz000592,平潭发展,2025-10-14 10:05:48,3.67,22900,3.67,D
sz000592,平潭发展,2025-10-14 10:06:00,3.67,48700,3.68,D
sz000592,平潭发展,2025-10-14 10:06:21,3.68,82400,3.67,U
sz000592,平潭发展,2025-10-14 10:06:30,3.67,105600,3.67,D
sz000592,平潭发展,2025-10-14 10:06:42,3.68,73700,3.67,U
sz000592,平潭发展,2025-10-14 10:06:54,3.67,35000,3.68,D
sz000592,平潭发展,2025-10-14 10:07:03,3.67,338300,3.67,D
sz000592,平潭发展,2025-10-14 10:07:18,3.67,24200,3.66,U
sz000592,平潭发展,2025-10-14 10:07:36,3.67,25100,3.67,U
sz000592,平潭发展,2025-10-14 10:08:03,3.67,292500,3.67,U
sz000592,平潭发展,2025-10-14 10:08:15,3.67,94700,3.67,D
sz000592,平潭发展,2025-10-14 10:08:24,3.66,25900,3.66,D
sz000592,平潭发展,2025-10-14 10:09:12,3.67,29100,3.67,U
sz000592,平潭发展,2025-10-14 10:09:24,3.66,20900,3.66,D
sz000592,平潭发展,2025-10-14 10:09:30,3.66,48400,3.66,D
sz000592,平潭发展,2025-10-14 10:09:33,3.66,41800,3.66,D
sz000592,平潭发展,2025-10-14 10:09:39,3.66,26300,3.66,D
sz000592,平潭发展,2025-10-14 10:09:54,3.66,33500,3.67,D
sz000592,平潭发展,2025-10-14 10:09:57,3.67,21100,3.66,U
sz000592,平潭发展,2025-10-14 10:10:18,3.66,43000,3.66,D
sz000592,平潭发展,2025-10-14 10:10:21,3.66,21600,3.66,D
sz000592,平潭发展,2025-10-14 10:10:24,3.67,56300,3.66,U
sz000592,平潭发展,2025-10-14 10:10:27,3.67,74100,3.67,U
sz000592,平潭发展,2025-10-14 10:11:06,3.66,24700,3.67,D
sz000592,平潭发展,2025-10-14 10:11:33,3.66,44500,3.67,D
sz000592,平潭发展,2025-10-14 10:11:51,3.66,31200,3.66,D
sz000592,平潭发展,2025-10-14 10:12:00,3.67,51100,3.66,U
sz000592,平潭发展,2025-10-14 10:12:24,3.67,21000,3.66,U
sz000592,平潭发展,2025-10-14 10:12:42,3.66,20600,3.66,D
sz000592,平潭发展,2025-10-14 10:12:48,3.66,647400,3.66,D
sz000592,平潭发展,2025-10-14 10:12:54,3.66,64300,3.66,U
sz000592,平潭发展,2025-10-14 10:13:33,3.65,26700,3.65,D
sz000592,平潭发展,2025-10-14 10:13:36,3.65,74500,3.65,D
sz000592,平潭发展,2025-10-14 10:13:45,3.65,52700,3.65,D
sz000592,平潭发展,2025-10-14 10:13:57,3.65,28100,3.65,D
sz000592,平潭发展,2025-10-14 10:14:00,3.65,21800,3.65,D
sz000592,平潭发展,2025-10-14 10:14:03,3.65,22000,3.65,D
sz000592,平潭发展,2025-10-14 10:14:15,3.65,34600,3.65,D
sz000592,平潭发展,2025-10-14 10:14:30,3.65,50300,3.65,D
sz000592,平潭发展,2025-10-14 10:14:48,3.65,35600,3.65,D
sz000592,平潭发展,2025-10-14 10:15:27,3.65,54900,3.65,D
sz000592,平潭发展,2025-10-14 10:15:36,3.65,88300,3.65,D
sz000592,平潭发展,2025-10-14 10:15:48,3.65,44300,3.65,D
sz000592,平潭发展,2025-10-14 10:15:54,3.65,25800,3.66,D
sz000592,平潭发展,2025-10-14 10:16:06,3.65,32700,3.65,D
sz000592,平潭发展,2025-10-14 10:16:12,3.65,43700,3.65,D
sz000592,平潭发展,2025-10-14 10:16:15,3.65,741000,3.65,D
sz000592,平潭发展,2025-10-14 10:16:18,3.65,121700,3.65,D
sz000592,平潭发展,2025-10-14 10:16:30,3.65,45600,3.65,D
sz000592,平潭发展,2025-10-14 10:16:39,3.65,138300,3.65,D
sz000592,平潭发展,2025-10-14 10:16:54,3.65,20800,3.66,D
sz000592,平潭发展,2025-10-14 10:17:03,3.66,62900,3.65,U
sz000592,平潭发展,2025-10-14 10:17:06,3.65,32400,3.66,D
sz000592,平潭发展,2025-10-14 10:17:27,3.65,24500,3.65,D
sz000592,平潭发展,2025-10-14 10:17:54,3.65,20000,3.65,D
sz000592,平潭发展,2025-10-14 10:18:03,3.66,21400,3.66,U
sz000592,平潭发展,2025-10-14 10:18:06,3.66,91700,3.66,U
sz000592,平潭发展,2025-10-14 10:18:09,3.66,209400,3.66,U
sz000592,平潭发展,2025-10-14 10:18:15,3.66,30000,3.65,U
sz000592,平潭发展,2025-10-14 10:18:21,3.66,51100,3.66,U
sz000592,平潭发展,2025-10-14 10:18:24,3.65,27000,3.66,D
sz000592,平潭发展,2025-10-14 10:18:33,3.66,238700,3.65,U
sz000592,平潭发展,2025-10-14 10:18:36,3.66,26300,3.66,D
sz000592,平潭发展,2025-10-14 10:18:48,3.66,32900,3.66,D
sz000592,平潭发展,2025-10-14 10:18:57,3.66,25700,3.66,D
sz000592,平潭发展,2025-10-14 10:19:09,3.67,41100,3.66,U
sz000592,平潭发展,2025-10-14 10:19:42,3.66,26400,3.67,D
sz000592,平潭发展,2025-10-14 10:19:51,3.67,41400,3.66,U
sz000592,平潭发展,2025-10-14 10:20:00,3.66,28600,3.66,D
sz000592,平潭发展,2025-10-14 10:20:03,3.66,487400,3.66,D
sz000592,平潭发展,2025-10-14 10:20:33,3.66,30200,3.65,U
sz000592,平潭发展,2025-10-14 10:21:00,3.66,36200,3.65,U
sz000592,平潭发展,2025-10-14 10:21:03,3.65,74000,3.66,D
sz000592,平潭发展,2025-10-14 10:21:18,3.65,22200,3.65,D
sz000592,平潭发展,2025-10-14 10:21:33,3.65,32200,3.65,D
sz000592,平潭发展,2025-10-14 10:21:36,3.66,25400,3.65,U
sz000592,平潭发展,2025-10-14 10:21:45,3.65,167402,3.65,D
sz000592,平潭发展,2025-10-14 10:22:09,3.65,875898,3.65,D
sz000592,平潭发展,2025-10-14 10:22:18,3.65,20800,3.65,U
sz000592,平潭发展,2025-10-14 10:22:27,3.65,88000,3.65,U
sz000592,平潭发展,2025-10-14 10:22:54,3.64,25600,3.64,D
sz000592,平潭发展,2025-10-14 10:23:03,3.65,24300,3.64,U
sz000592,平潭发展,2025-10-14 10:23:21,3.64,40600,3.64,D
sz000592,平潭发展,2025-10-14 10:23:27,3.64,48000,3.64,D
sz000592,平潭发展,2025-10-14 10:23:39,3.65,46800,3.64,U
sz000592,平潭发展,2025-10-14 10:23:42,3.64,22000,3.65,D
sz000592,平潭发展,2025-10-14 10:23:54,3.65,22600,3.64,U
sz000592,平潭发展,2025-10-14 10:24:03,3.65,30900,3.64,U
sz000592,平潭发展,2025-10-14 10:24:21,3.64,39900,3.65,D
sz000592,平潭发展,2025-10-14 10:25:24,3.64,84500,3.64,D
sz000592,平潭发展,2025-10-14 10:25:39,3.64,58000,3.65,D
sz000592,平潭发展,2025-10-14 10:26:03,3.64,37900,3.65,D
sz000592,平潭发展,2025-10-14 10:26:15,3.65,49000,3.64,U
sz000592,平潭发展,2025-10-14 10:27:12,3.64,27500,3.64,D
sz000592,平潭发展,2025-10-14 10:27:42,3.64,42300,3.65,D
sz000592,平潭发展,2025-10-14 10:27:48,3.64,24500,3.64,D
sz000592,平潭发展,2025-10-14 10:28:18,3.64,36500,3.64,D
sz000592,平潭发展,2025-10-14 10:28:39,3.64,33800,3.64,D
sz000592,平潭发展,2025-10-14 10:28:45,3.64,54000,3.64,D
sz000592,平潭发展,2025-10-14 10:29:24,3.64,1205400,3.65,D
sz000592,平潭发展,2025-10-14 10:29:27,3.64,22000,3.64,U
sz000592,平潭发展,2025-10-14 10:29:39,3.63,30000,3.64,D
sz000592,平潭发展,2025-10-14 10:29:45,3.64,24400,3.63,U
sz000592,平潭发展,2025-10-14 10:30:06,3.64,311200,3.63,U
sz000592,平潭发展,2025-10-14 10:30:12,3.64,93900,3.64,D
sz000592,平潭发展,2025-10-14 10:30:33,3.65,1059400,3.64,U
sz000592,平潭发展,2025-10-14 10:30:36,3.65,67800,3.65,U
sz000592,平潭发展,2025-10-14 10:30:42,3.65,60000,3.65,D
sz000592,平潭发展,2025-10-14 10:30:48,3.65,202400,3.66,D
sz000592,平潭发展,2025-10-14 10:31:03,3.65,21400,3.65,U
sz000592,平潭发展,2025-10-14 10:31:30,3.65,94400,3.64,U
sz000592,平潭发展,2025-10-14 10:31:45,3.64,247000,3.64,D
sz000592,平潭发展,2025-10-14 10:32:33,3.63,95000,3.64,D
sz000592,平潭发展,2025-10-14 10:32:39,3.64,22900,3.64,U
sz000592,平潭发展,2025-10-14 10:32:42,3.64,50100,3.64,U
sz000592,平潭发展,2025-10-14 10:32:45,3.64,51900,3.64,U
sz000592,平潭发展,2025-10-14 10:32:48,3.64,114500,3.64,D
sz000592,平潭发展,2025-10-14 10:32:57,3.64,63000,3.64,U
sz000592,平潭发展,2025-10-14 10:33:21,3.64,173400,3.64,U
sz000592,平潭发展,2025-10-14 10:33:27,3.65,458100,3.64,U
sz000592,平潭发展,2025-10-14 10:33:30,3.64,25000,3.65,D
sz000592,平潭发展,2025-10-14 10:34:24,3.64,114600,3.64,D
sz000592,平潭发展,2025-10-14 10:34:27,3.64,645500,3.64,D
sz000592,平潭发展,2025-10-14 10:35:21,3.64,48100,3.64,U
sz000592,平潭发展,2025-10-14 10:35:36,3.64,40000,3.63,U
sz000592,平潭发展,2025-10-14 10:35:51,3.64,23600,3.63,U
sz000592,平潭发展,2025-10-14 10:36:45,3.64,28400,3.63,U
sz000592,平潭发展,2025-10-14 10:36:57,3.64,84700,3.63,U
sz000592,平潭发展,2025-10-14 10:37:18,3.64,20000,3.64,U
sz000592,平潭发展,2025-10-14 10:37:21,3.64,92100,3.64,U
sz000592,平潭发展,2025-10-14 10:37:27,3.64,32900,3.64,U
sz000592,平潭发展,2025-10-14 10:37:36,3.63,23000,3.63,D
sz000592,平潭发展,2025-10-14 10:38:03,3.64,44400,3.64,U
sz000592,平潭发展,2025-10-14 10:38:21,3.64,146800,3.64,U
sz000592,平潭发展,2025-10-14 10:38:24,3.63,45700,3.64,D
sz000592,平潭发展,2025-10-14 10:38:27,3.63,23400,3.63,D
sz000592,平潭发展,2025-10-14 10:38:42,3.63,295900,3.64,D
sz000592,平潭发展,2025-10-14 10:39:03,3.63,49000,3.63,D
sz000592,平潭发展,2025-10-14 10:39:51,3.63,46800,3.64,D
sz000592,平潭发展,2025-10-14 10:39:57,3.64,22000,3.63,U
sz000592,平潭发展,2025-10-14 10:40:06,3.63,88600,3.63,D
sz000592,平潭发展,2025-10-14 10:40:09,3.63,915200,3.63,D
sz000592,平潭发展,2025-10-14 10:40:33,3.62,53000,3.62,D
sz000592,平潭发展,2025-10-14 10:40:54,3.62,231700,3.63,D
sz000592,平潭发展,2025-10-14 10:41:21,3.62,79900,3.62,D
sz000592,平潭发展,2025-10-14 10:41:24,3.63,26900,3.62,U
sz000592,平潭发展,2025-10-14 10:41:27,3.62,37100,3.63,D
sz000592,平潭发展,2025-10-14 10:41:36,3.62,37000,3.62,D
sz000592,平潭发展,2025-10-14 10:41:42,3.63,20100,3.62,U
sz000592,平潭发展,2025-10-14 10:41:45,3.62,33800,3.63,D
sz000592,平潭发展,2025-10-14 10:41:51,3.62,47500,3.62,D
sz000592,平潭发展,2025-10-14 10:41:54,3.62,42000,3.62,D
sz000592,平潭发展,2025-10-14 10:41:57,3.62,21300,3.62,D
sz000592,平潭发展,2025-10-14 10:42:03,3.63,242400,3.62,U
sz000592,平潭发展,2025-10-14 10:42:12,3.62,141500,3.63,D
sz000592,平潭发展,2025-10-14 10:42:18,3.63,63100,3.62,U
sz000592,平潭发展,2025-10-14 10:42:24,3.62,35400,3.62,D
sz000592,平潭发展,2025-10-14 10:42:36,3.63,46600,3.62,U
sz000592,平潭发展,2025-10-14 10:42:42,3.62,216200,3.62,D
sz000592,平潭发展,2025-10-14 10:42:48,3.63,56900,3.62,U
sz000592,平潭发展,2025-10-14 10:43:09,3.63,63300,3.63,U
sz000592,平潭发展,2025-10-14 10:43:21,3.62,34800,3.63,D
sz000592,平潭发展,2025-10-14 10:43:24,3.62,36600,3.62,D
sz000592,平潭发展,2025-10-14 10:43:27,3.63,79500,3.62,U
sz000592,平潭发展,2025-10-14 10:43:57,3.62,39800,3.63,D
sz000592,平潭发展,2025-10-14 10:44:03,3.62,26900,3.62,D
sz000592,平潭发展,2025-10-14 10:44:27,3.62,20400,3.62,D
sz000592,平潭发展,2025-10-14 10:44:42,3.62,35500,3.63,D
sz000592,平潭发展,2025-10-14 10:44:45,3.62,221000,3.62,D
sz000592,平潭发展,2025-10-14 10:44:51,3.62,21500,3.63,D
sz000592,平潭发展,2025-10-14 10:45:09,3.62,1233300,3.62,D
sz000592,平潭发展,2025-10-14 10:45:12,3.62,23400,3.62,U
sz000592,平潭发展,2025-10-14 10:45:15,3.62,50600,3.62,U
sz000592,平潭发展,2025-10-14 10:45:27,3.62,45500,3.62,U
sz000592,平潭发展,2025-10-14 10:45:33,3.62,46600,3.62,U
sz000592,平潭发展,2025-10-14 10:45:36,3.62,22700,3.62,U
sz000592,平潭发展,2025-10-14 10:45:42,3.61,33600,3.61,D
sz000592,平潭发展,2025-10-14 10:45:54,3.61,100000,3.61,D
sz000592,平潭发展,2025-10-14 10:45:57,3.61,134700,3.61,D
sz000592,平潭发展,2025-10-14 10:46:00,3.61,35200,3.61,D
sz000592,平潭发展,2025-10-14 10:46:06,3.61,46100,3.61,D
sz000592,平潭发展,2025-10-14 10:46:18,3.6,1220600,3.61,D
sz000592,平潭发展,2025-10-14 10:46:33,3.61,22200,3.6,U
sz000592,平潭发展,2025-10-14 10:46:45,3.6,61500,3.6,D
sz000592,平潭发展,2025-10-14 10:46:48,3.6,120200,3.6,D
sz000592,平潭发展,2025-10-14 10:46:51,3.61,38400,3.6,U
sz000592,平潭发展,2025-10-14 10:46:57,3.6,38800,3.6,D
sz000592,平潭发展,2025-10-14 10:47:00,3.6,30800,3.6,D
sz000592,平潭发展,2025-10-14 10:47:03,3.6,76300,3.6,D
sz000592,平潭发展,2025-10-14 10:47:09,3.6,61100,3.6,D
sz000592,平潭发展,2025-10-14 10:47:12,3.6,24200,3.6,D
sz000592,平潭发展,2025-10-14 10:47:15,3.6,70700,3.6,D
sz000592,平潭发展,2025-10-14 10:47:21,3.6,89900,3.6,D
sz000592,平潭发展,2025-10-14 10:47:27,3.6,26500,3.61,D
sz000592,平潭发展,2025-10-14 10:47:30,3.6,31500,3.6,D
sz000592,平潭发展,2025-10-14 10:47:33,3.6,35100,3.6,D
sz000592,平潭发展,2025-10-14 10:47:36,3.6,38200,3.6,D
sz000592,平潭发展,2025-10-14 10:47:48,3.6,37100,3.6,D
sz000592,平潭发展,2025-10-14 10:48:03,3.61,36800,3.61,U
sz000592,平潭发展,2025-10-14 10:48:21,3.6,25100,3.61,D
sz000592,平潭发展,2025-10-14 10:48:30,3.6,110000,3.6,D
sz000592,平潭发展,2025-10-14 10:48:33,3.6,249600,3.6,D
sz000592,平潭发展,2025-10-14 10:48:36,3.6,26900,3.6,D
sz000592,平潭发展,2025-10-14 10:48:42,3.61,23500,3.6,U
sz000592,平潭发展,2025-10-14 10:48:45,3.6,169600,3.61,D
sz000592,平潭发展,2025-10-14 10:48:48,3.6,289200,3.6,D
sz000592,平潭发展,2025-10-14 10:48:51,3.6,45400,3.6,D
sz000592,平潭发展,2025-10-14 10:48:54,3.6,224200,3.6,D
sz000592,平潭发展,2025-10-14 10:48:57,3.6,85000,3.6,D
sz000592,平潭发展,2025-10-14 10:49:00,3.6,123500,3.6,D
sz000592,平潭发展,2025-10-14 10:49:03,3.6,37400,3.6,D
sz000592,平潭发展,2025-10-14 10:49:06,3.6,87000,3.6,D
sz000592,平潭发展,2025-10-14 10:49:09,3.6,104700,3.6,D
sz000592,平潭发展,2025-10-14 10:49:12,3.6,58300,3.6,D
sz000592,平潭发展,2025-10-14 10:49:15,3.61,26300,3.6,U
sz000592,平潭发展,2025-10-14 10:49:18,3.6,26300,3.61,D
sz000592,平潭发展,2025-10-14 10:49:24,3.61,25600,3.6,U
sz000592,平潭发展,2025-10-14 10:49:27,3.6,31600,3.61,D
sz000592,平潭发展,2025-10-14 10:49:39,3.6,20100,3.6,D
sz000592,平潭发展,2025-10-14 10:50:21,3.6,33400,3.6,D
sz000592,平潭发展,2025-10-14 10:50:24,3.61,28100,3.6,U
sz000592,平潭发展,2025-10-14 10:50:36,3.61,27800,3.61,U
sz000592,平潭发展,2025-10-14 10:50:48,3.61,27000,3.6,U
sz000592,平潭发展,2025-10-14 10:50:54,3.62,1480300,3.6,U
sz000592,平潭发展,2025-10-14 10:52:09,3.62,39600,3.62,U
sz000592,平潭发展,2025-10-14 10:52:15,3.62,28000,3.62,U
sz000592,平潭发展,2025-10-14 10:52:45,3.61,748000,3.61,D
sz000592,平潭发展,2025-10-14 10:52:48,3.61,22900,3.61,U
sz000592,平潭发展,2025-10-14 10:53:06,3.61,27600,3.6,U
sz000592,平潭发展,2025-10-14 10:53:09,3.6,34400,3.61,D
sz000592,平潭发展,2025-10-14 10:53:27,3.6,100100,3.6,D
sz000592,平潭发展,2025-10-14 10:53:33,3.61,28800,3.6,U
sz000592,平潭发展,2025-10-14 10:53:42,3.6,37000,3.6,D
sz000592,平潭发展,2025-10-14 10:53:48,3.61,24200,3.6,U
sz000592,平潭发展,2025-10-14 10:53:54,3.61,111200,3.61,U
sz000592,平潭发展,2025-10-14 10:53:57,3.6,20800,3.61,D
sz000592,平潭发展,2025-10-14 10:54:18,3.6,30000,3.6,D
sz000592,平潭发展,2025-10-14 10:55:54,3.6,26000,3.6,D
sz000592,平潭发展,2025-10-14 10:55:57,3.6,61600,3.6,D
sz000592,平潭发展,2025-10-14 10:56:21,3.6,207200,3.61,D
sz000592,平潭发展,2025-10-14 10:56:27,3.6,78900,3.6,D
sz000592,平潭发展,2025-10-14 10:56:30,3.6,25700,3.6,D
sz000592,平潭发展,2025-10-14 10:56:39,3.61,22200,3.6,U
sz000592,平潭发展,2025-10-14 10:56:45,3.6,21200,3.6,D
sz000592,平潭发展,2025-10-14 10:57:09,3.6,30500,3.61,D
sz000592,平潭发展,2025-10-14 10:58:18,3.6,97900,3.6,D
sz000592,平潭发展,2025-10-14 10:58:24,3.6,32700,3.6,D
sz000592,平潭发展,2025-10-14 10:58:42,3.6,987100,3.6,D
sz000592,平潭发展,2025-10-14 10:58:45,3.6,301000,3.6,D
sz000592,平潭发展,2025-10-14 10:58:51,3.59,36000,3.6,D
sz000592,平潭发展,2025-10-14 10:58:54,3.59,62200,3.59,D
sz000592,平潭发展,2025-10-14 10:59:03,3.6,24200,3.59,U
sz000592,平潭发展,2025-10-14 10:59:06,3.59,46800,3.6,D
sz000592,平潭发展,2025-10-14 10:59:24,3.59,60100,3.6,D
sz000592,平潭发展,2025-10-14 10:59:33,3.59,104300,3.59,D
sz000592,平潭发展,2025-10-14 10:59:42,3.59,46100,3.59,D
sz000592,平潭发展,2025-10-14 10:59:48,3.59,41400,3.59,D
sz000592,平潭发展,2025-10-14 10:59:57,3.59,40100,3.59,D
sz000592,平潭发展,2025-10-14 11:00:00,3.59,149900,3.59,D
sz000592,平潭发展,2025-10-14 11:00:03,3.59,84300,3.59,D
sz000592,平潭发展,2025-10-14 11:00:06,3.59,44700,3.59,D
sz000592,平潭发展,2025-10-14 11:00:12,3.59,91100,3.59,D
sz000592,平潭发展,2025-10-14 11:00:15,3.59,68200,3.59,D
sz000592,平潭发展,2025-10-14 11:00:24,3.59,84700,3.59,D
sz000592,平潭发展,2025-10-14 11:00:27,3.59,197800,3.59,D
sz000592,平潭发展,2025-10-14 11:00:42,3.59,69400,3.59,D
sz000592,平潭发展,2025-10-14 11:00:51,3.59,21600,3.59,D
sz000592,平潭发展,2025-10-14 11:00:57,3.59,32300,3.59,D
sz000592,平潭发展,2025-10-14 11:01:00,3.6,21500,3.59,U
sz000592,平潭发展,2025-10-14 11:01:06,3.6,456500,3.6,U
sz000592,平潭发展,2025-10-14 11:01:21,3.6,139400,3.6,D
sz000592,平潭发展,2025-10-14 11:02:03,3.59,76300,3.6,D
sz000592,平潭发展,2025-10-14 11:02:06,3.6,24300,3.59,U
sz000592,平潭发展,2025-10-14 11:02:09,3.6,40400,3.6,U
sz000592,平潭发展,2025-10-14 11:02:12,3.59,117200,3.6,D
sz000592,平潭发展,2025-10-14 11:02:21,3.6,32500,3.6,U
sz000592,平潭发展,2025-10-14 11:02:30,3.6,82800,3.6,U
sz000592,平潭发展,2025-10-14 11:02:33,3.6,23500,3.6,U
sz000592,平潭发展,2025-10-14 11:02:36,3.6,24500,3.6,U
sz000592,平潭发展,2025-10-14 11:03:00,3.6,128200,3.6,U
sz000592,平潭发展,2025-10-14 11:03:06,3.59,47800,3.6,D
sz000592,平潭发展,2025-10-14 11:03:09,3.6,61600,3.59,U
sz000592,平潭发展,2025-10-14 11:03:12,3.6,34400,3.6,D
sz000592,平潭发展,2025-10-14 11:03:18,3.59,26300,3.6,D
sz000592,平潭发展,2025-10-14 11:03:33,3.6,85700,3.59,U
sz000592,平潭发展,2025-10-14 11:03:36,3.6,23500,3.6,D
sz000592,平潭发展,2025-10-14 11:03:48,3.6,43500,3.6,D
sz000592,平潭发展,2025-10-14 11:04:00,3.61,75800,3.6,U
sz000592,平潭发展,2025-10-14 11:05:03,3.6,160200,3.6,D
sz000592,平潭发展,2025-10-14 11:05:06,3.6,32400,3.6,U
sz000592,平潭发展,2025-10-14 11:05:12,3.6,120800,3.6,U
sz000592,平潭发展,2025-10-14 11:05:48,3.6,202600,3.6,U
sz000592,平潭发展,2025-10-14 11:05:51,3.59,28300,3.6,D
sz000592,平潭发展,2025-10-14 11:06:30,3.6,23300,3.59,U
sz000592,平潭发展,2025-10-14 11:07:12,3.6,88300,3.6,U
sz000592,平潭发展,2025-10-14 11:07:15,3.6,22200,3.6,U
sz000592,平潭发展,2025-10-14 11:07:45,3.6,25400,3.6,U
sz000592,平潭发展,2025-10-14 11:07:48,3.6,55100,3.6,U
sz000592,平潭发展,2025-10-14 11:08:48,3.59,149800,3.59,D
sz000592,平潭发展,2025-10-14 11:08:51,3.59,76500,3.59,D
sz000592,平潭发展,2025-10-14 11:09:06,3.59,35100,3.59,D
sz000592,平潭发展,2025-10-14 11:09:33,3.6,214000,3.6,U
sz000592,平潭发展,2025-10-14 11:09:36,3.6,24200,3.6,U
sz000592,平潭发展,2025-10-14 11:09:51,3.59,755400,3.59,D
sz000592,平潭发展,2025-10-14 11:09:54,3.59,44700,3.59,U
sz000592,平潭发展,2025-10-14 11:10:00,3.58,26400,3.58,D
sz000592,平潭发展,2025-10-14 11:10:18,3.59,101200,3.58,U
sz000592,平潭发展,2025-10-14 11:10:36,3.58,22400,3.58,D
sz000592,平潭发展,2025-10-14 11:11:24,3.58,70500,3.59,D
sz000592,平潭发展,2025-10-14 11:11:42,3.59,32000,3.59,U
sz000592,平潭发展,2025-10-14 11:12:45,3.59,44300,3.58,U
sz000592,平潭发展,2025-10-14 11:13:03,3.59,456900,3.59,U
sz000592,平潭发展,2025-10-14 11:13:06,3.59,33100,3.59,D
sz000592,平潭发展,2025-10-14 11:13:12,3.59,32200,3.59,D
sz000592,平潭发展,2025-10-14 11:13:30,3.6,20000,3.6,U
sz000592,平潭发展,2025-10-14 11:15:21,3.6,20000,3.59,U
sz000592,平潭发展,2025-10-14 11:17:18,3.59,609400,3.59,D
sz000592,平潭发展,2025-10-14 11:17:21,3.59,56900,3.59,U
sz000592,平潭发展,2025-10-14 11:17:30,3.59,55300,3.58,U
sz000592,平潭发展,2025-10-14 11:17:33,3.59,26500,3.59,U
sz000592,平潭发展,2025-10-14 11:17:39,3.59,28800,3.59,U
sz000592,平潭发展,2025-10-14 11:17:42,3.59,64400,3.59,D
sz000592,平潭发展,2025-10-14 11:18:03,3.59,175100,3.59,U
sz000592,平潭发展,2025-10-14 11:18:09,3.59,24500,3.59,D
sz000592,平潭发展,2025-10-14 11:18:27,3.59,26800,3.59,D
sz000592,平潭发展,2025-10-14 11:18:30,3.59,46600,3.59,U
sz000592,平潭发展,2025-10-14 11:18:54,3.58,26400,3.6,D
sz000592,平潭发展,2025-10-14 11:19:00,3.59,66700,3.59,U
sz000592,平潭发展,2025-10-14 11:19:03,3.58,34500,3.59,D
sz000592,平潭发展,2025-10-14 11:19:15,3.58,54000,3.59,D
sz000592,平潭发展,2025-10-14 11:20:39,3.59,51300,3.59,U
sz000592,平潭发展,2025-10-14 11:21:21,3.58,32400,3.59,D
sz000592,平潭发展,2025-10-14 11:22:03,3.58,100200,3.59,D
sz000592,平潭发展,2025-10-14 11:22:51,3.58,20400,3.58,D
sz000592,平潭发展,2025-10-14 11:23:51,3.58,22000,3.59,D
sz000592,平潭发展,2025-10-14 11:24:21,3.59,546700,3.58,U
sz000592,平潭发展,2025-10-14 11:24:24,3.6,81200,3.59,U
sz000592,平潭发展,2025-10-14 11:26:06,3.59,178200,3.59,D
sz000592,平潭发展,2025-10-14 11:26:51,3.59,271600,3.59,D
sz000592,平潭发展,2025-10-14 11:26:54,3.59,96900,3.59,D
sz000592,平潭发展,2025-10-14 11:27:00,3.59,125700,3.59,D
sz000592,平潭发展,2025-10-14 11:27:42,3.58,26700,3.58,D
sz000592,平潭发展,2025-10-14 11:28:12,3.58,21000,3.59,D
sz000592,平潭发展,2025-10-14 11:28:15,3.58,41800,3.58,D
sz000592,平潭发展,2025-10-14 11:28:21,3.59,37500,3.59,U
sz000592,平潭发展,2025-10-14 11:28:42,3.59,30800,3.58,U
sz000592,平潭发展,2025-10-14 11:29:09,3.58,115400,3.58,D
sz000592,平潭发展,2025-10-14 11:29:27,3.58,328600,3.59,D
sz000592,平潭发展,2025-10-14 11:29:36,3.58,36300,3.59,D
sz000592,平潭发展,2025-10-14 13:00:00,3.58,234300,3.58,D
sz000592,平潭发展,2025-10-14 13:00:03,3.59,233000,3.58,U
sz000592,平潭发展,2025-10-14 13:00:06,3.59,51000,3.59,U
sz000592,平潭发展,2025-10-14 13:00:27,3.59,44100,3.59,U
sz000592,平潭发展,2025-10-14 13:00:30,3.59,35200,3.59,U
sz000592,平潭发展,2025-10-14 13:00:45,3.59,22400,3.59,U
sz000592,平潭发展,2025-10-14 13:00:54,3.59,23300,3.59,U
sz000592,平潭发展,2025-10-14 13:01:00,3.59,24800,3.59,U
sz000592,平潭发展,2025-10-14 13:01:03,3.58,47200,3.59,D
sz000592,平潭发展,2025-10-14 13:01:06,3.59,28300,3.58,U
sz000592,平潭发展,2025-10-14 13:01:21,3.58,54000,3.59,D
sz000592,平潭发展,2025-10-14 13:01:24,3.59,25000,3.58,U
sz000592,平潭发展,2025-10-14 13:01:30,3.59,61400,3.59,U
sz000592,平潭发展,2025-10-14 13:03:03,3.59,39000,3.58,U
sz000592,平潭发展,2025-10-14 13:03:18,3.58,118000,3.58,D
sz000592,平潭发展,2025-10-14 13:03:21,3.58,2159200,3.58,D
sz000592,平潭发展,2025-10-14 13:03:24,3.58,171600,3.58,U
sz000592,平潭发展,2025-10-14 13:03:30,3.57,39500,3.58,D
sz000592,平潭发展,2025-10-14 13:03:39,3.57,58300,3.57,D
sz000592,平潭发展,2025-10-14 13:04:00,3.57,69500,3.57,D
sz000592,平潭发展,2025-10-14 13:04:48,3.57,113200,3.57,D
sz000592,平潭发展,2025-10-14 13:05:00,3.57,29400,3.58,D
sz000592,平潭发展,2025-10-14 13:05:06,3.58,32000,3.57,U
sz000592,平潭发展,2025-10-14 13:05:09,3.58,51600,3.58,U
sz000592,平潭发展,2025-10-14 13:05:12,3.57,36800,3.58,D
sz000592,平潭发展,2025-10-14 13:05:18,3.57,219700,3.57,D
sz000592,平潭发展,2025-10-14 13:05:21,3.57,49100,3.57,D
sz000592,平潭发展,2025-10-14 13:05:24,3.57,40600,3.57,D
sz000592,平潭发展,2025-10-14 13:05:27,3.57,39400,3.57,D
sz000592,平潭发展,2025-10-14 13:05:30,3.58,89100,3.57,U
sz000592,平潭发展,2025-10-14 13:05:33,3.57,20000,3.58,D
sz000592,平潭发展,2025-10-14 13:05:39,3.57,96500,3.58,D
sz000592,平潭发展,2025-10-14 13:05:48,3.57,80000,3.58,D
sz000592,平潭发展,2025-10-14 13:06:36,3.58,25300,3.58,U
sz000592,平潭发展,2025-10-14 13:06:51,3.58,42000,3.58,U
sz000592,平潭发展,2025-10-14 13:07:03,3.58,37400,3.58,U
sz000592,平潭发展,2025-10-14 13:07:06,3.58,25100,3.58,U
sz000592,平潭发展,2025-10-14 13:07:12,3.59,831500,3.58,U
sz000592,平潭发展,2025-10-14 13:07:15,3.59,45400,3.59,U
sz000592,平潭发展,2025-10-14 13:07:18,3.59,38000,3.59,U
sz000592,平潭发展,2025-10-14 13:07:30,3.58,51300,3.59,D
sz000592,平潭发展,2025-10-14 13:07:39,3.59,25600,3.58,U
sz000592,平潭发展,2025-10-14 13:07:48,3.58,432800,3.58,D
sz000592,平潭发展,2025-10-14 13:07:51,3.58,81400,3.58,U
sz000592,平潭发展,2025-10-14 13:08:00,3.58,199800,3.58,U
sz000592,平潭发展,2025-10-14 13:08:03,3.58,57900,3.58,D
sz000592,平潭发展,2025-10-14 13:08:06,3.58,53400,3.58,D
sz000592,平潭发展,2025-10-14 13:08:12,3.58,21100,3.58,D
sz000592,平潭发展,2025-10-14 13:08:15,3.58,23800,3.58,D
sz000592,平潭发展,2025-10-14 13:08:42,3.59,34200,3.59,U
sz000592,平潭发展,2025-10-14 13:09:06,3.59,28900,3.59,U
sz000592,平潭发展,2025-10-14 13:09:09,3.59,21700,3.59,U
sz000592,平潭发展,2025-10-14 13:09:42,3.58,34200,3.58,D
sz000592,平潭发展,2025-10-14 13:10:00,3.58,445944,3.58,D
sz000592,平潭发展,2025-10-14 13:10:03,3.58,26000,3.58,U
sz000592,平潭发展,2025-10-14 13:10:27,3.58,25800,3.57,U
sz000592,平潭发展,2025-10-14 13:10:30,3.57,23500,3.58,D
sz000592,平潭发展,2025-10-14 13:10:51,3.58,39300,3.58,U
sz000592,平潭发展,2025-10-14 13:11:03,3.58,79800,3.57,U
sz000592,平潭发展,2025-10-14 13:11:12,3.58,26800,3.58,D
sz000592,平潭发展,2025-10-14 13:11:18,3.58,115600,3.58,D
sz000592,平潭发展,2025-10-14 13:11:24,3.59,29000,3.58,U
sz000592,平潭发展,2025-10-14 13:11:30,3.58,113000,3.58,D
sz000592,平潭发展,2025-10-14 13:11:39,3.59,41900,3.58,U
sz000592,平潭发展,2025-10-14 13:11:42,3.58,82000,3.59,D
sz000592,平潭发展,2025-10-14 13:12:15,3.59,30100,3.59,U
sz000592,平潭发展,2025-10-14 13:13:06,3.58,36100,3.58,D
sz000592,平潭发展,2025-10-14 13:13:12,3.59,39700,3.58,U
sz000592,平潭发展,2025-10-14 13:13:33,3.58,53000,3.59,D
sz000592,平潭发展,2025-10-14 13:15:03,3.58,126700,3.58,D
sz000592,平潭发展,2025-10-14 13:15:12,3.58,31200,3.58,D
sz000592,平潭发展,2025-10-14 13:15:18,3.58,256000,3.59,D
sz000592,平潭发展,2025-10-14 13:15:36,3.58,69000,3.58,D
sz000592,平潭发展,2025-10-14 13:15:42,3.59,20000,3.58,U
sz000592,平潭发展,2025-10-14 13:15:45,3.59,35900,3.59,U
sz000592,平潭发展,2025-10-14 13:15:54,3.59,852300,3.59,U
sz000592,平潭发展,2025-10-14 13:15:57,3.6,64800,3.59,U
sz000592,平潭发展,2025-10-14 13:16:12,3.6,59100,3.6,U
sz000592,平潭发展,2025-10-14 13:16:15,3.6,32600,3.6,U
sz000592,平潭发展,2025-10-14 13:16:21,3.6,110100,3.6,U
sz000592,平潭发展,2025-10-14 13:16:24,3.61,40400,3.6,U
sz000592,平潭发展,2025-10-14 13:16:36,3.6,124600,3.6,D
sz000592,平潭发展,2025-10-14 13:16:54,3.6,57000,3.61,D
sz000592,平潭发展,2025-10-14 13:17:03,3.6,25600,3.6,U
sz000592,平潭发展,2025-10-14 13:18:33,3.6,38100,3.59,U
sz000592,平潭发展,2025-10-14 13:18:36,3.6,50000,3.6,U
sz000592,平潭发展,2025-10-14 13:18:39,3.6,20500,3.6,U
sz000592,平潭发展,2025-10-14 13:18:42,3.6,32500,3.6,U
sz000592,平潭发展,2025-10-14 13:19:33,3.6,313100,3.59,U
sz000592,平潭发展,2025-10-14 13:20:18,3.6,30400,3.61,D
sz000592,平潭发展,2025-10-14 13:20:51,3.61,39700,3.6,U
sz000592,平潭发展,2025-10-14 13:21:03,3.6,41300,3.61,D
sz000592,平潭发展,2025-10-14 13:21:06,3.61,43200,3.6,U
sz000592,平潭发展,2025-10-14 13:21:21,3.61,95500,3.61,U
sz000592,平潭发展,2025-10-14 13:21:27,3.6,21500,3.61,D
sz000592,平潭发展,2025-10-14 13:21:33,3.62,309800,3.61,U
sz000592,平潭发展,2025-10-14 13:21:51,3.62,20000,3.62,U
sz000592,平潭发展,2025-10-14 13:22:06,3.62,35900,3.62,U
sz000592,平潭发展,2025-10-14 13:22:42,3.61,429200,3.62,D
sz000592,平潭发展,2025-10-14 13:22:54,3.6,21500,3.61,D
sz000592,平潭发展,2025-10-14 13:23:15,3.61,23100,3.61,U
sz000592,平潭发展,2025-10-14 13:24:21,3.61,25700,3.6,U
sz000592,平潭发展,2025-10-14 13:25:00,3.6,38600,3.61,D
sz000592,平潭发展,2025-10-14 13:25:51,3.6,20200,3.6,D
sz000592,平潭发展,2025-10-14 13:27:45,3.61,20300,3.6,U
sz000592,平潭发展,2025-10-14 13:28:09,3.61,28600,3.6,U
sz000592,平潭发展,2025-10-14 13:28:30,3.6,37300,3.61,D
sz000592,平潭发展,2025-10-14 13:29:18,3.6,20500,3.61,D
sz000592,平潭发展,2025-10-14 13:30:09,3.61,27600,3.61,U
sz000592,平潭发展,2025-10-14 13:30:18,3.6,33500,3.61,D
sz000592,平潭发展,2025-10-14 13:31:00,3.61,141000,3.6,U
sz000592,平潭发展,2025-10-14 13:31:03,3.61,246701,3.61,U
sz000592,平潭发展,2025-10-14 13:31:21,3.61,156000,3.61,D
sz000592,平潭发展,2025-10-14 13:31:42,3.61,211199,3.61,D
sz000592,平潭发展,2025-10-14 13:32:03,3.61,141500,3.61,U
sz000592,平潭发展,2025-10-14 13:33:15,3.6,23000,3.61,D
sz000592,平潭发展,2025-10-14 13:33:36,3.6,52800,3.6,D
sz000592,平潭发展,2025-10-14 13:33:42,3.6,39100,3.6,D
sz000592,平潭发展,2025-10-14 13:34:12,3.6,47300,3.61,D
sz000592,平潭发展,2025-10-14 13:34:15,3.6,179300,3.6,D
sz000592,平潭发展,2025-10-14 13:34:18,3.6,314300,3.6,D
sz000592,平潭发展,2025-10-14 13:35:27,3.59,151400,3.59,D
sz000592,平潭发展,2025-10-14 13:36:24,3.59,20000,3.59,D
sz000592,平潭发展,2025-10-14 13:36:57,3.59,214500,3.6,D
sz000592,平潭发展,2025-10-14 13:37:06,3.59,304500,3.59,D
sz000592,平潭发展,2025-10-14 13:37:09,3.59,30400,3.59,U
sz000592,平潭发展,2025-10-14 13:37:18,3.59,50100,3.59,U
sz000592,平潭发展,2025-10-14 13:38:18,3.59,29200,3.58,U
sz000592,平潭发展,2025-10-14 13:38:27,3.59,91600,3.59,U
sz000592,平潭发展,2025-10-14 13:38:42,3.59,25900,3.59,U
sz000592,平潭发展,2025-10-14 13:39:36,3.58,700400,3.58,D
sz000592,平潭发展,2025-10-14 13:39:42,3.59,21800,3.58,U
sz000592,平潭发展,2025-10-14 13:41:15,3.59,47600,3.59,U
sz000592,平潭发展,2025-10-14 13:41:24,3.58,33700,3.58,D
sz000592,平潭发展,2025-10-14 13:42:00,3.58,41800,3.58,D
sz000592,平潭发展,2025-10-14 13:42:12,3.58,22200,3.58,D
sz000592,平潭发展,2025-10-14 13:42:15,3.58,22100,3.58,D
sz000592,平潭发展,2025-10-14 13:42:45,3.59,30500,3.58,U
sz000592,平潭发展,2025-10-14 13:43:03,3.58,24000,3.59,D
sz000592,平潭发展,2025-10-14 13:45:33,3.58,33600,3.58,D
sz000592,平潭发展,2025-10-14 13:46:27,3.58,1134300,3.59,D
sz000592,平潭发展,2025-10-14 13:46:36,3.57,1191300,3.58,D
sz000592,平潭发展,2025-10-14 13:46:39,3.58,87700,3.57,U
sz000592,平潭发展,2025-10-14 13:46:54,3.58,32400,3.58,U
sz000592,平潭发展,2025-10-14 13:47:00,3.57,1134400,3.57,D
sz000592,平潭发展,2025-10-14 13:47:03,3.58,27000,3.57,U
sz000592,平潭发展,2025-10-14 13:47:18,3.58,155700,3.58,U
sz000592,平潭发展,2025-10-14 13:47:21,3.58,445600,3.58,U
sz000592,平潭发展,2025-10-14 13:47:24,3.58,40000,3.58,U
sz000592,平潭发展,2025-10-14 13:47:57,3.58,21400,3.58,U
sz000592,平潭发展,2025-10-14 13:48:51,3.57,57100,3.58,D
sz000592,平潭发展,2025-10-14 13:49:12,3.58,33100,3.57,U
sz000592,平潭发展,2025-10-14 13:49:18,3.58,158900,3.57,U
sz000592,平潭发展,2025-10-14 13:49:39,3.59,106900,3.59,U
sz000592,平潭发展,2025-10-14 13:49:51,3.58,43900,3.59,D
sz000592,平潭发展,2025-10-14 13:50:18,3.58,737500,3.58,D
sz000592,平潭发展,2025-10-14 13:50:57,3.58,27900,3.57,U
sz000592,平潭发展,2025-10-14 13:51:18,3.58,52000,3.58,U
sz000592,平潭发展,2025-10-14 13:51:21,3.58,60000,3.58,U
sz000592,平潭发展,2025-10-14 13:51:42,3.57,32800,3.58,D
sz000592,平潭发展,2025-10-14 13:52:06,3.58,65800,3.58,U
sz000592,平潭发展,2025-10-14 13:52:09,3.58,27000,3.58,U
sz000592,平潭发展,2025-10-14 13:52:12,3.58,25900,3.58,D
sz000592,平潭发展,2025-10-14 13:53:09,3.59,24600,3.58,U
sz000592,平潭发展,2025-10-14 13:53:21,3.59,39000,3.58,U
sz000592,平潭发展,2025-10-14 13:57:03,3.58,289300,3.58,D
sz000592,平潭发展,2025-10-14 13:57:06,3.58,464200,3.58,D
sz000592,平潭发展,2025-10-14 13:57:15,3.58,23500,3.58,U
sz000592,平潭发展,2025-10-14 13:57:24,3.58,96900,3.57,U
sz000592,平潭发展,2025-10-14 13:57:36,3.58,934900,3.58,U
sz000592,平潭发展,2025-10-14 13:58:21,3.58,50000,3.57,U
sz000592,平潭发展,2025-10-14 13:58:24,3.57,826200,3.58,D
sz000592,平潭发展,2025-10-14 13:58:48,3.56,180800,3.57,D
sz000592,平潭发展,2025-10-14 13:58:51,3.57,46500,3.56,U
sz000592,平潭发展,2025-10-14 13:59:06,3.57,59600,3.56,U
sz000592,平潭发展,2025-10-14 13:59:09,3.57,58600,3.57,U
sz000592,平潭发展,2025-10-14 13:59:54,3.56,20200,3.57,D
sz000592,平潭发展,2025-10-14 14:00:39,3.57,31700,3.57,U
sz000592,平潭发展,2025-10-14 14:00:51,3.57,43000,3.57,U
sz000592,平潭发展,2025-10-14 14:00:54,3.57,273000,3.57,U
sz000592,平潭发展,2025-10-14 14:01:00,3.57,26300,3.57,U
sz000592,平潭发展,2025-10-14 14:01:03,3.57,121000,3.57,U
sz000592,平潭发展,2025-10-14 14:01:09,3.57,80900,3.57,U
sz000592,平潭发展,2025-10-14 14:01:15,3.56,24100,3.56,D
sz000592,平潭发展,2025-10-14 14:02:06,3.56,32100,3.56,D
sz000592,平潭发展,2025-10-14 14:02:24,3.56,1012600,3.57,D
sz000592,平潭发展,2025-10-14 14:02:39,3.56,24600,3.56,D
sz000592,平潭发展,2025-10-14 14:02:42,3.57,24000,3.56,U
sz000592,平潭发展,2025-10-14 14:03:24,3.56,27200,3.56,D
sz000592,平潭发展,2025-10-14 14:03:42,3.56,31400,3.56,D
sz000592,平潭发展,2025-10-14 14:03:48,3.57,57400,3.57,U
sz000592,平潭发展,2025-10-14 14:03:57,3.56,50600,3.56,D
sz000592,平潭发展,2025-10-14 14:04:00,3.56,22700,3.56,D
sz000592,平潭发展,2025-10-14 14:04:18,3.57,23200,3.57,U
sz000592,平潭发展,2025-10-14 14:04:51,3.57,30700,3.57,U
sz000592,平潭发展,2025-10-14 14:04:57,3.56,107400,3.56,D
sz000592,平潭发展,2025-10-14 14:05:39,3.57,24000,3.57,U
sz000592,平潭发展,2025-10-14 14:06:30,3.56,29100,3.56,D
sz000592,平潭发展,2025-10-14 14:06:48,3.57,51600,3.56,U
sz000592,平潭发展,2025-10-14 14:07:45,3.56,36800,3.56,D
sz000592,平潭发展,2025-10-14 14:07:51,3.56,23700,3.56,D
sz000592,平潭发展,2025-10-14 14:08:00,3.56,146300,3.56,D
sz000592,平潭发展,2025-10-14 14:08:21,3.57,54700,3.57,U
sz000592,平潭发展,2025-10-14 14:08:27,3.56,55100,3.57,D
sz000592,平潭发展,2025-10-14 14:08:30,3.57,44100,3.56,U
sz000592,平潭发展,2025-10-14 14:09:06,3.56,501500,3.56,D
sz000592,平潭发展,2025-10-14 14:09:09,3.56,87800,3.56,D
sz000592,平潭发展,2025-10-14 14:09:12,3.55,871700,3.56,D
sz000592,平潭发展,2025-10-14 14:09:15,3.56,79200,3.55,U
sz000592,平潭发展,2025-10-14 14:09:24,3.56,25300,3.55,U
sz000592,平潭发展,2025-10-14 14:09:39,3.55,87800,3.55,D
sz000592,平潭发展,2025-10-14 14:09:57,3.55,49400,3.55,D
sz000592,平潭发展,2025-10-14 14:10:00,3.55,43200,3.55,D
sz000592,平潭发展,2025-10-14 14:10:03,3.55,122700,3.55,D
sz000592,平潭发展,2025-10-14 14:10:09,3.55,25300,3.55,D
sz000592,平潭发展,2025-10-14 14:10:12,3.55,61200,3.55,D
sz000592,平潭发展,2025-10-14 14:10:15,3.55,30500,3.55,D
sz000592,平潭发展,2025-10-14 14:10:24,3.56,75700,3.55,U
sz000592,平潭发展,2025-10-14 14:10:33,3.55,369500,3.55,D
sz000592,平潭发展,2025-10-14 14:10:36,3.56,25900,3.55,U
sz000592,平潭发展,2025-10-14 14:10:42,3.55,38800,3.55,D
sz000592,平潭发展,2025-10-14 14:10:48,3.55,529000,3.55,D
sz000592,平潭发展,2025-10-14 14:11:00,3.55,28900,3.55,D
sz000592,平潭发展,2025-10-14 14:11:21,3.55,33900,3.56,D
sz000592,平潭发展,2025-10-14 14:11:36,3.55,39900,3.56,D
sz000592,平潭发展,2025-10-14 14:11:42,3.55,49500,3.55,D
sz000592,平潭发展,2025-10-14 14:11:51,3.56,23800,3.55,U
sz000592,平潭发展,2025-10-14 14:11:54,3.56,135300,3.56,U
sz000592,平潭发展,2025-10-14 14:12:15,3.55,85600,3.56,D
sz000592,平潭发展,2025-10-14 14:12:45,3.56,198700,3.56,U
sz000592,平潭发展,2025-10-14 14:12:48,3.56,40200,3.56,U
sz000592,平潭发展,2025-10-14 14:12:51,3.55,38700,3.56,D
sz000592,平潭发展,2025-10-14 14:12:54,3.55,22100,3.55,D
sz000592,平潭发展,2025-10-14 14:12:57,3.56,412100,3.55,U
sz000592,平潭发展,2025-10-14 14:13:12,3.56,271300,3.56,D
sz000592,平潭发展,2025-10-14 14:13:33,3.56,20100,3.56,D
sz000592,平潭发展,2025-10-14 14:13:42,3.56,40500,3.56,D
sz000592,平潭发展,2025-10-14 14:13:45,3.55,305100,3.56,D
sz000592,平潭发展,2025-10-14 14:13:57,3.56,38500,3.56,U
sz000592,平潭发展,2025-10-14 14:14:00,3.56,33900,3.56,U
sz000592,平潭发展,2025-10-14 14:14:48,3.55,90100,3.55,D
sz000592,平潭发展,2025-10-14 14:15:12,3.56,35600,3.55,U
sz000592,平潭发展,2025-10-14 14:15:27,3.56,56100,3.56,U
sz000592,平潭发展,2025-10-14 14:15:39,3.55,41600,3.56,D
sz000592,平潭发展,2025-10-14 14:15:54,3.55,23200,3.55,D
sz000592,平潭发展,2025-10-14 14:17:12,3.56,35500,3.56,U
sz000592,平潭发展,2025-10-14 14:17:51,3.56,25500,3.55,U
sz000592,平潭发展,2025-10-14 14:18:00,3.55,84100,3.55,D
sz000592,平潭发展,2025-10-14 14:18:09,3.55,41700,3.55,D
sz000592,平潭发展,2025-10-14 14:18:18,3.56,20000,3.55,U
sz000592,平潭发展,2025-10-14 14:18:45,3.55,80600,3.55,D
sz000592,平潭发展,2025-10-14 14:18:54,3.55,41200,3.56,D
sz000592,平潭发展,2025-10-14 14:18:57,3.55,827200,3.55,D
sz000592,平潭发展,2025-10-14 14:19:00,3.55,239100,3.55,D
sz000592,平潭发展,2025-10-14 14:19:06,3.55,28100,3.55,U
sz000592,平潭发展,2025-10-14 14:19:09,3.55,127400,3.55,U
sz000592,平潭发展,2025-10-14 14:19:12,3.55,71600,3.55,D
sz000592,平潭发展,2025-10-14 14:19:15,3.55,237200,3.55,D
sz000592,平潭发展,2025-10-14 14:19:27,3.55,142900,3.55,D
sz000592,平潭发展,2025-10-14 14:19:33,3.55,22700,3.55,D
sz000592,平潭发展,2025-10-14 14:19:39,3.55,69800,3.55,D
sz000592,平潭发展,2025-10-14 14:19:45,3.55,63100,3.56,D
sz000592,平潭发展,2025-10-14 14:19:48,3.55,133900,3.55,D
sz000592,平潭发展,2025-10-14 14:19:57,3.55,112000,3.55,U
sz000592,平潭发展,2025-10-14 14:20:03,3.54,22147,3.55,D
sz000592,平潭发展,2025-10-14 14:20:06,3.54,25600,3.54,D
sz000592,平潭发展,2025-10-14 14:20:33,3.55,30900,3.55,U
sz000592,平潭发展,2025-10-14 14:20:51,3.55,119300,3.55,U
sz000592,平潭发展,2025-10-14 14:21:00,3.55,41000,3.55,U
sz000592,平潭发展,2025-10-14 14:21:09,3.55,51200,3.56,D
sz000592,平潭发展,2025-10-14 14:21:27,3.55,37200,3.55,D
sz000592,平潭发展,2025-10-14 14:21:42,3.55,21800,3.55,D
sz000592,平潭发展,2025-10-14 14:23:18,3.56,20000,3.55,U
sz000592,平潭发展,2025-10-14 14:23:54,3.56,31500,3.56,U
sz000592,平潭发展,2025-10-14 14:24:00,3.55,31700,3.55,D
sz000592,平潭发展,2025-10-14 14:24:03,3.56,25000,3.55,U
sz000592,平潭发展,2025-10-14 14:24:12,3.56,20900,3.56,U
sz000592,平潭发展,2025-10-14 14:24:45,3.56,33100,3.55,U
sz000592,平潭发展,2025-10-14 14:24:57,3.55,42300,3.56,D
sz000592,平潭发展,2025-10-14 14:25:06,3.55,21200,3.55,D
sz000592,平潭发展,2025-10-14 14:25:09,3.55,86500,3.55,D
sz000592,平潭发展,2025-10-14 14:25:36,3.55,38800,3.55,D
sz000592,平潭发展,2025-10-14 14:27:18,3.55,108500,3.55,D
sz000592,平潭发展,2025-10-14 14:27:30,3.55,24000,3.56,D
sz000592,平潭发展,2025-10-14 14:27:33,3.55,46100,3.55,D
sz000592,平潭发展,2025-10-14 14:28:03,3.55,84500,3.55,D
sz000592,平潭发展,2025-10-14 14:28:06,3.55,119200,3.55,D
sz000592,平潭发展,2025-10-14 14:28:12,3.55,276200,3.55,D
sz000592,平潭发展,2025-10-14 14:29:06,3.55,483700,3.55,U
sz000592,平潭发展,2025-10-14 14:29:24,3.55,27000,3.55,D
sz000592,平潭发展,2025-10-14 14:29:27,3.56,155300,3.55,U
sz000592,平潭发展,2025-10-14 14:29:30,3.55,273600,3.56,D
sz000592,平潭发展,2025-10-14 14:29:39,3.56,31600,3.56,U
sz000592,平潭发展,2025-10-14 14:29:42,3.56,55500,3.56,U
sz000592,平潭发展,2025-10-14 14:29:45,3.56,46300,3.56,U
sz000592,平潭发展,2025-10-14 14:29:48,3.56,43900,3.56,U
sz000592,平潭发展,2025-10-14 14:30:00,3.56,203300,3.56,U
sz000592,平潭发展,2025-10-14 14:30:03,3.56,184902,3.56,U
sz000592,平潭发展,2025-10-14 14:30:06,3.56,35500,3.56,D
sz000592,平潭发展,2025-10-14 14:30:09,3.56,209100,3.56,D
sz000592,平潭发展,2025-10-14 14:30:15,3.57,86700,3.57,U
sz000592,平潭发展,2025-10-14 14:30:45,3.56,151000,3.57,D
sz000592,平潭发展,2025-10-14 14:30:57,3.57,66000,3.56,U
sz000592,平潭发展,2025-10-14 14:31:00,3.57,48200,3.57,U
sz000592,平潭发展,2025-10-14 14:31:06,3.57,480600,3.56,U
sz000592,平潭发展,2025-10-14 14:31:12,3.57,42200,3.57,U
sz000592,平潭发展,2025-10-14 14:31:15,3.57,26000,3.57,U
sz000592,平潭发展,2025-10-14 14:31:18,3.57,60300,3.57,U
sz000592,平潭发展,2025-10-14 14:31:27,3.57,514100,3.57,U
sz000592,平潭发展,2025-10-14 14:31:30,3.57,39000,3.57,U
sz000592,平潭发展,2025-10-14 14:31:33,3.57,31202,3.57,U
sz000592,平潭发展,2025-10-14 14:31:57,3.58,218798,3.58,U
sz000592,平潭发展,2025-10-14 14:32:03,3.57,40700,3.57,U
sz000592,平潭发展,2025-10-14 14:32:09,3.57,68400,3.57,U
sz000592,平潭发展,2025-10-14 14:32:24,3.58,865700,3.58,U
sz000592,平潭发展,2025-10-14 14:32:48,3.58,63700,3.58,U
sz000592,平潭发展,2025-10-14 14:32:57,3.58,32300,3.58,U
sz000592,平潭发展,2025-10-14 14:33:06,3.57,110300,3.58,D
sz000592,平潭发展,2025-10-14 14:33:18,3.57,28600,3.57,D
sz000592,平潭发展,2025-10-14 14:33:24,3.57,169900,3.57,D
sz000592,平潭发展,2025-10-14 14:33:27,3.56,675000,3.57,D
sz000592,平潭发展,2025-10-14 14:33:54,3.57,25800,3.57,U
sz000592,平潭发展,2025-10-14 14:35:09,3.56,95100,3.57,D
sz000592,平潭发展,2025-10-14 14:35:12,3.57,45500,3.56,U
sz000592,平潭发展,2025-10-14 14:35:21,3.56,65500,3.56,D
sz000592,平潭发展,2025-10-14 14:35:42,3.56,136800,3.56,D
sz000592,平潭发展,2025-10-14 14:35:45,3.56,26800,3.56,D
sz000592,平潭发展,2025-10-14 14:35:51,3.56,30900,3.56,D
sz000592,平潭发展,2025-10-14 14:35:54,3.56,20800,3.56,D
sz000592,平潭发展,2025-10-14 14:36:06,3.56,30700,3.56,D
sz000592,平潭发展,2025-10-14 14:36:09,3.56,22600,3.56,D
sz000592,平潭发展,2025-10-14 14:36:15,3.56,49300,3.56,D
sz000592,平潭发展,2025-10-14 14:36:18,3.57,30000,3.56,U
sz000592,平潭发展,2025-10-14 14:36:36,3.56,23600,3.56,D
sz000592,平潭发展,2025-10-14 14:36:39,3.56,30900,3.56,D
sz000592,平潭发展,2025-10-14 14:38:06,3.55,20000,3.55,D
sz000592,平潭发展,2025-10-14 14:38:27,3.56,95100,3.56,U
sz000592,平潭发展,2025-10-14 14:38:36,3.55,97500,3.55,D
sz000592,平潭发展,2025-10-14 14:38:45,3.55,235200,3.55,D
sz000592,平潭发展,2025-10-14 14:38:48,3.55,90500,3.55,D
sz000592,平潭发展,2025-10-14 14:38:51,3.55,34800,3.55,D
sz000592,平潭发展,2025-10-14 14:38:57,3.55,40600,3.56,D
sz000592,平潭发展,2025-10-14 14:39:21,3.56,50000,3.56,U
sz000592,平潭发展,2025-10-14 14:39:24,3.55,45100,3.56,D
sz000592,平潭发展,2025-10-14 14:39:39,3.56,68500,3.55,U
sz000592,平潭发展,2025-10-14 14:40:00,3.55,101000,3.55,D
sz000592,平潭发展,2025-10-14 14:40:03,3.55,88100,3.55,D
sz000592,平潭发展,2025-10-14 14:40:06,3.55,78100,3.55,D
sz000592,平潭发展,2025-10-14 14:40:12,3.55,24600,3.56,D
sz000592,平潭发展,2025-10-14 14:40:18,3.55,155500,3.55,D
sz000592,平潭发展,2025-10-14 14:40:30,3.55,76500,3.55,U
sz000592,平潭发展,2025-10-14 14:40:33,3.55,50100,3.55,U
sz000592,平潭发展,2025-10-14 14:40:48,3.54,59100,3.55,D
sz000592,平潭发展,2025-10-14 14:40:57,3.54,48200,3.54,D
sz000592,平潭发展,2025-10-14 14:41:00,3.54,93600,3.54,D
sz000592,平潭发展,2025-10-14 14:41:03,3.54,30900,3.54,D
sz000592,平潭发展,2025-10-14 14:41:09,3.54,46800,3.54,D
sz000592,平潭发展,2025-10-14 14:41:12,3.54,34700,3.54,D
sz000592,平潭发展,2025-10-14 14:41:15,3.54,42300,3.54,D
sz000592,平潭发展,2025-10-14 14:41:18,3.54,20000,3.54,D
sz000592,平潭发展,2025-10-14 14:41:24,3.55,96600,3.55,U
sz000592,平潭发展,2025-10-14 14:41:27,3.54,36900,3.55,D
sz000592,平潭发展,2025-10-14 14:41:36,3.54,33600,3.55,D
sz000592,平潭发展,2025-10-14 14:41:51,3.54,25300,3.55,D
sz000592,平潭发展,2025-10-14 14:41:57,3.54,39600,3.54,D
sz000592,平潭发展,2025-10-14 14:42:00,3.55,37400,3.54,U
sz000592,平潭发展,2025-10-14 14:42:06,3.54,127200,3.54,D
sz000592,平潭发展,2025-10-14 14:42:09,3.55,29600,3.54,U
sz000592,平潭发展,2025-10-14 14:42:12,3.54,170000,3.55,D
sz000592,平潭发展,2025-10-14 14:42:15,3.54,28500,3.54,D
sz000592,平潭发展,2025-10-14 14:42:21,3.54,301853,3.54,D
sz000592,平潭发展,2025-10-14 14:42:24,3.54,42000,3.54,U
sz000592,平潭发展,2025-10-14 14:42:51,3.54,44400,3.54,U
sz000592,平潭发展,2025-10-14 14:43:06,3.53,43000,3.54,D
sz000592,平潭发展,2025-10-14 14:43:09,3.54,102900,3.53,U
sz000592,平潭发展,2025-10-14 14:43:12,3.54,140300,3.54,U
sz000592,平潭发展,2025-10-14 14:43:15,3.53,32200,3.54,D
sz000592,平潭发展,2025-10-14 14:43:30,3.54,36200,3.54,D
sz000592,平潭发展,2025-10-14 14:43:39,3.55,88300,3.54,U
sz000592,平潭发展,2025-10-14 14:43:45,3.55,20900,3.54,U
sz000592,平潭发展,2025-10-14 14:43:48,3.54,25000,3.55,D
sz000592,平潭发展,2025-10-14 14:44:00,3.54,93100,3.54,D
sz000592,平潭发展,2025-10-14 14:44:06,3.54,196800,3.54,D
sz000592,平潭发展,2025-10-14 14:44:09,3.54,50700,3.54,D
sz000592,平潭发展,2025-10-14 14:44:12,3.55,26100,3.54,U
sz000592,平潭发展,2025-10-14 14:44:33,3.54,39700,3.54,D
sz000592,平潭发展,2025-10-14 14:44:36,3.54,35000,3.54,D
sz000592,平潭发展,2025-10-14 14:44:39,3.54,21900,3.54,D
sz000592,平潭发展,2025-10-14 14:44:51,3.54,286000,3.54,D
sz000592,平潭发展,2025-10-14 14:45:03,3.54,45600,3.55,D
sz000592,平潭发展,2025-10-14 14:45:15,3.54,25000,3.54,E
sz000592,平潭发展,2025-10-14 14:45:21,3.54,39300,3.53,U
sz000592,平潭发展,2025-10-14 14:45:33,3.54,45700,3.54,U
sz000592,平潭发展,2025-10-14 14:45:36,3.54,291300,3.54,U
sz000592,平潭发展,2025-10-14 14:45:39,3.54,38300,3.54,D
sz000592,平潭发展,2025-10-14 14:45:48,3.54,20000,3.55,D
sz000592,平潭发展,2025-10-14 14:46:09,3.54,30000,3.54,D
sz000592,平潭发展,2025-10-14 14:46:12,3.54,150100,3.54,D
sz000592,平潭发展,2025-10-14 14:46:15,3.54,25900,3.54,D
sz000592,平潭发展,2025-10-14 14:46:18,3.54,24800,3.54,D
sz000592,平潭发展,2025-10-14 14:46:24,3.55,24600,3.54,U
sz000592,平潭发展,2025-10-14 14:46:36,3.55,23400,3.54,U
sz000592,平潭发展,2025-10-14 14:47:00,3.54,91400,3.55,D
sz000592,平潭发展,2025-10-14 14:47:06,3.55,118900,3.54,U
sz000592,平潭发展,2025-10-14 14:47:09,3.54,44000,3.55,D
sz000592,平潭发展,2025-10-14 14:47:12,3.54,49100,3.54,U
sz000592,平潭发展,2025-10-14 14:47:30,3.54,61900,3.54,D
sz000592,平潭发展,2025-10-14 14:47:33,3.54,74300,3.54,D
sz000592,平潭发展,2025-10-14 14:47:36,3.54,21200,3.54,D
sz000592,平潭发展,2025-10-14 14:47:39,3.54,50200,3.54,D
sz000592,平潭发展,2025-10-14 14:47:42,3.54,70300,3.54,D
sz000592,平潭发展,2025-10-14 14:47:45,3.54,28500,3.54,D
sz000592,平潭发展,2025-10-14 14:48:03,3.54,73100,3.55,D
sz000592,平潭发展,2025-10-14 14:48:06,3.54,46800,3.54,D
sz000592,平潭发展,2025-10-14 14:48:30,3.54,139300,3.54,D
sz000592,平潭发展,2025-10-14 14:48:33,3.54,35200,3.54,D
sz000592,平潭发展,2025-10-14 14:48:36,3.55,83400,3.54,U
sz000592,平潭发展,2025-10-14 14:49:00,3.54,61600,3.54,D
sz000592,平潭发展,2025-10-14 14:49:12,3.55,38500,3.54,U
sz000592,平潭发展,2025-10-14 14:49:15,3.55,34400,3.55,U
sz000592,平潭发展,2025-10-14 14:49:36,3.55,100800,3.55,U
sz000592,平潭发展,2025-10-14 14:49:39,3.55,24800,3.55,U
sz000592,平潭发展,2025-10-14 14:49:42,3.54,37900,3.55,D
sz000592,平潭发展,2025-10-14 14:49:45,3.55,47700,3.54,U
sz000592,平潭发展,2025-10-14 14:49:48,3.55,386200,3.55,U
sz000592,平潭发展,2025-10-14 14:49:51,3.55,29200,3.55,U
sz000592,平潭发展,2025-10-14 14:49:54,3.55,64000,3.55,U
sz000592,平潭发展,2025-10-14 14:50:03,3.55,26900,3.54,U
sz000592,平潭发展,2025-10-14 14:50:06,3.55,55100,3.55,U
sz000592,平潭发展,2025-10-14 14:50:09,3.55,54800,3.55,U
sz000592,平潭发展,2025-10-14 14:50:12,3.55,700681,3.55,U
sz000592,平潭发展,2025-10-14 14:50:15,3.56,53400,3.55,U
sz000592,平潭发展,2025-10-14 14:50:18,3.55,22600,3.56,D
sz000592,平潭发展,2025-10-14 14:50:36,3.55,54700,3.56,D
sz000592,平潭发展,2025-10-14 14:50:39,3.55,64500,3.55,D
sz000592,平潭发展,2025-10-14 14:50:42,3.55,27100,3.55,D
sz000592,平潭发展,2025-10-14 14:50:45,3.55,45500,3.55,D
sz000592,平潭发展,2025-10-14 14:50:57,3.55,33400,3.56,D
sz000592,平潭发展,2025-10-14 14:51:09,3.56,185500,3.56,U
sz000592,平潭发展,2025-10-14 14:51:12,3.56,22100,3.56,U
sz000592,平潭发展,2025-10-14 14:51:21,3.55,293900,3.56,D
sz000592,平潭发展,2025-10-14 14:51:24,3.55,451000,3.55,D
sz000592,平潭发展,2025-10-14 14:51:27,3.56,63600,3.55,U
sz000592,平潭发展,2025-10-14 14:51:42,3.56,22100,3.56,U
sz000592,平潭发展,2025-10-14 14:51:51,3.55,101300,3.56,D
sz000592,平潭发展,2025-10-14 14:51:57,3.56,52300,3.56,U
sz000592,平潭发展,2025-10-14 14:52:06,3.56,48400,3.55,U
sz000592,平潭发展,2025-10-14 14:52:15,3.55,49600,3.56,D
sz000592,平潭发展,2025-10-14 14:52:21,3.55,79100,3.55,D
sz000592,平潭发展,2025-10-14 14:52:36,3.56,28900,3.56,U
sz000592,平潭发展,2025-10-14 14:52:39,3.56,21500,3.56,U
sz000592,平潭发展,2025-10-14 14:52:45,3.55,43900,3.56,D
sz000592,平潭发展,2025-10-14 14:53:18,3.56,50300,3.56,U
sz000592,平潭发展,2025-10-14 14:53:24,3.56,21600,3.55,U
sz000592,平潭发展,2025-10-14 14:53:27,3.56,20100,3.56,U
sz000592,平潭发展,2025-10-14 14:53:36,3.56,28000,3.56,U
sz000592,平潭发展,2025-10-14 14:53:54,3.56,26300,3.56,U
sz000592,平潭发展,2025-10-14 14:54:03,3.56,110400,3.56,U
sz000592,平潭发展,2025-10-14 14:54:06,3.56,58100,3.56,U
sz000592,平潭发展,2025-10-14 14:54:12,3.56,33400,3.56,U
sz000592,平潭发展,2025-10-14 14:54:18,3.56,80900,3.56,U
sz000592,平潭发展,2025-10-14 14:54:27,3.56,22700,3.55,U
sz000592,平潭发展,2025-10-14 14:54:36,3.55,21600,3.56,D
sz000592,平潭发展,2025-10-14 14:54:39,3.55,30700,3.55,D
sz000592,平潭发展,2025-10-14 14:54:42,3.55,61500,3.55,D
sz000592,平潭发展,2025-10-14 14:55:15,3.56,27600,3.56,U
sz000592,平潭发展,2025-10-14 14:55:18,3.56,36400,3.56,U
sz000592,平潭发展,2025-10-14 14:55:21,3.56,59000,3.56,U
sz000592,平潭发展,2025-10-14 14:55:24,3.56,22000,3.56,U
sz000592,平潭发展,2025-10-14 14:55:39,3.56,217900,3.56,U
sz000592,平潭发展,2025-10-14 14:55:42,3.55,69200,3.56,D
sz000592,平潭发展,2025-10-14 14:55:45,3.55,21500,3.55,D
sz000592,平潭发展,2025-10-14 14:55:48,3.56,53100,3.55,U
sz000592,平潭发展,2025-10-14 14:55:51,3.56,61700,3.56,U
sz000592,平潭发展,2025-10-14 14:55:54,3.55,32400,3.56,D
sz000592,平潭发展,2025-10-14 14:55:57,3.55,28500,3.55,D
sz000592,平潭发展,2025-10-14 14:56:00,3.56,58900,3.55,U
sz000592,平潭发展,2025-10-14 14:56:06,3.55,61600,3.55,D
sz000592,平潭发展,2025-10-14 14:56:09,3.56,290532,3.55,U
sz000592,平潭发展,2025-10-14 14:56:12,3.56,48100,3.56,D
sz000592,平潭发展,2025-10-14 14:56:15,3.56,107700,3.56,D
sz000592,平潭发展,2025-10-14 14:56:18,3.56,23100,3.56,D
sz000592,平潭发展,2025-10-14 14:56:24,3.56,103100,3.57,D
sz000592,平潭发展,2025-10-14 14:56:30,3.56,149000,3.57,D
sz000592,平潭发展,2025-10-14 14:56:33,3.57,65900,3.56,U
sz000592,平潭发展,2025-10-14 14:56:36,3.56,75700,3.57,D
sz000592,平潭发展,2025-10-14 14:56:39,3.56,89300,3.56,D
sz000592,平潭发展,2025-10-14 14:56:42,3.56,68644,3.56,D
sz000592,平潭发展,2025-10-14 14:56:45,3.57,32900,3.56,U
sz000592,平潭发展,2025-10-14 14:56:48,3.57,50800,3.57,U
sz000592,平潭发展,2025-10-14 14:56:51,3.57,25800,3.57,U
sz000592,平潭发展,2025-10-14 14:56:57,3.57,25600,3.57,U
sz000592,平潭发展,2025-10-14 15:00:00,3.56,1900100,3.57,E
