symbol,name,ticktime,price,volume,prev_price,kind
sz000592,平潭发展,2025-10-09 09:25:00,3.52,1546700,0.0,D
sz000592,平潭发展,2025-10-09 09:30:00,3.54,387000,3.52,U
sz000592,平潭发展,2025-10-09 09:30:03,3.53,1046900,3.54,D
sz000592,平潭发展,2025-10-09 09:30:06,3.53,209200,3.53,U
sz000592,平潭发展,2025-10-09 09:30:09,3.52,102900,3.53,D
sz000592,平潭发展,2025-10-09 09:30:12,3.53,160100,3.52,U
sz000592,平潭发展,2025-10-09 09:30:15,3.54,169800,3.53,U
sz000592,平潭发展,2025-10-09 09:30:18,3.53,50400,3.54,D
sz000592,平潭发展,2025-10-09 09:30:21,3.52,28100,3.53,D
sz000592,平潭发展,2025-10-09 09:30:24,3.52,361500,3.52,D
sz000592,平潭发展,2025-10-09 09:30:27,3.52,113000,3.52,D
sz000592,平潭发展,2025-10-09 09:30:30,3.51,225300,3.52,D
sz000592,平潭发展,2025-10-09 09:30:33,3.51,124400,3.51,D
sz000592,平潭发展,2025-10-09 09:30:36,3.51,566200,3.51,D
sz000592,平潭发展,2025-10-09 09:30:39,3.51,71100,3.51,U
sz000592,平潭发展,2025-10-09 09:30:42,3.5,99200,3.51,D
sz000592,平潭发展,2025-10-09 09:30:45,3.5,230400,3.5,D
sz000592,平潭发展,2025-10-09 09:30:48,3.5,145200,3.5,D
sz000592,平潭发展,2025-10-09 09:30:51,3.5,104100,3.5,U
sz000592,平潭发展,2025-10-09 09:30:54,3.5,136000,3.5,D
sz000592,平潭发展,2025-10-09 09:30:57,3.5,65700,3.5,U
sz000592,平潭发展,2025-10-09 09:31:00,3.49,56400,3.5,D
sz000592,平潭发展,2025-10-09 09:31:03,3.49,288100,3.49,D
sz000592,平潭发展,2025-10-09 09:31:09,3.48,156500,3.49,D
sz000592,平潭发展,2025-10-09 09:31:12,3.48,95100,3.48,D
sz000592,平潭发展,2025-10-09 09:31:15,3.49,44500,3.48,U
sz000592,平潭发展,2025-10-09 09:31:18,3.49,96800,3.49,D
sz000592,平潭发展,2025-10-09 09:31:21,3.49,135500,3.49,D
sz000592,平潭发展,2025-10-09 09:31:24,3.48,42100,3.49,D
sz000592,平潭发展,2025-10-09 09:31:27,3.5,229400,3.48,U
sz000592,平潭发展,2025-10-09 09:31:30,3.49,125000,3.5,D
sz000592,平潭发展,2025-10-09 09:31:33,3.49,99300,3.49,U
sz000592,平潭发展,2025-10-09 09:31:36,3.49,30700,3.49,D
sz000592,平潭发展,2025-10-09 09:31:39,3.49,49100,3.49,D
sz000592,平潭发展,2025-10-09 09:31:42,3.49,38200,3.49,U
sz000592,平潭发展,2025-10-09 09:31:45,3.48,436900,3.49,D
sz000592,平潭发展,2025-10-09 09:31:48,3.49,34800,3.48,U
sz000592,平潭发展,2025-10-09 09:31:51,3.48,104800,3.49,D
sz000592,平潭发展,2025-10-09 09:31:54,3.48,638900,3.48,D
sz000592,平潭发展,2025-10-09 09:31:57,3.48,111100,3.48,U
sz000592,平潭发展,2025-10-09 09:32:00,3.47,60600,3.48,D
sz000592,平潭发展,2025-10-09 09:32:03,3.48,60800,3.47,U
sz000592,平潭发展,2025-10-09 09:32:06,3.47,21900,3.48,D
sz000592,平潭发展,2025-10-09 09:32:12,3.47,523000,3.47,D
sz000592,平潭发展,2025-10-09 09:32:15,3.48,52600,3.47,U
sz000592,平潭发展,2025-10-09 09:32:18,3.48,280200,3.48,U
sz000592,平潭发展,2025-10-09 09:32:21,3.47,84500,3.48,D
sz000592,平潭发展,2025-10-09 09:32:24,3.47,368300,3.47,U
sz000592,平潭发展,2025-10-09 09:32:30,3.47,108700,3.47,D
sz000592,平潭发展,2025-10-09 09:32:33,3.47,41300,3.47,D
sz000592,平潭发展,2025-10-09 09:32:36,3.48,92800,3.47,U
sz000592,平潭发展,2025-10-09 09:32:39,3.47,40500,3.48,D
sz000592,平潭发展,2025-10-09 09:32:42,3.47,53600,3.47,D
sz000592,平潭发展,2025-10-09 09:32:45,3.47,55600,3.47,D
sz000592,平潭发展,2025-10-09 09:32:48,3.47,84900,3.47,D
sz000592,平潭发展,2025-10-09 09:32:54,3.47,20500,3.47,D
sz000592,平潭发展,2025-10-09 09:32:57,3.47,32100,3.47,D
sz000592,平潭发展,2025-10-09 09:33:00,3.47,60600,3.47,D
sz000592,平潭发展,2025-10-09 09:33:03,3.48,86400,3.47,U
sz000592,平潭发展,2025-10-09 09:33:09,3.48,59100,3.47,U
sz000592,平潭发展,2025-10-09 09:33:12,3.48,32100,3.48,U
sz000592,平潭发展,2025-10-09 09:33:15,3.48,31900,3.48,U
sz000592,平潭发展,2025-10-09 09:33:18,3.47,45300,3.48,D
sz000592,平潭发展,2025-10-09 09:33:21,3.48,112600,3.47,U
sz000592,平潭发展,2025-10-09 09:33:24,3.48,43500,3.48,U
sz000592,平潭发展,2025-10-09 09:33:27,3.48,89800,3.48,U
sz000592,平潭发展,2025-10-09 09:33:33,3.47,868100,3.47,D
sz000592,平潭发展,2025-10-09 09:33:39,3.48,227100,3.48,U
sz000592,平潭发展,2025-10-09 09:33:42,3.48,39100,3.48,U
sz000592,平潭发展,2025-10-09 09:33:45,3.48,20000,3.48,U
sz000592,平潭发展,2025-10-09 09:33:48,3.47,513300,3.48,D
sz000592,平潭发展,2025-10-09 09:33:51,3.48,26000,3.47,U
sz000592,平潭发展,2025-10-09 09:33:57,3.48,34600,3.47,U
sz000592,平潭发展,2025-10-09 09:34:00,3.48,244700,3.48,U
sz000592,平潭发展,2025-10-09 09:34:06,3.48,39300,3.48,U
sz000592,平潭发展,2025-10-09 09:34:09,3.49,383400,3.48,U
sz000592,平潭发展,2025-10-09 09:34:12,3.49,24800,3.49,D
sz000592,平潭发展,2025-10-09 09:34:15,3.49,28300,3.49,D
sz000592,平潭发展,2025-10-09 09:34:24,3.5,32500,3.49,U
sz000592,平潭发展,2025-10-09 09:34:27,3.48,32800,3.5,D
sz000592,平潭发展,2025-10-09 09:34:33,3.49,20200,3.48,U
sz000592,平潭发展,2025-10-09 09:34:39,3.49,487700,3.49,D
sz000592,平潭发展,2025-10-09 09:34:42,3.48,203800,3.49,D
sz000592,平潭发展,2025-10-09 09:34:45,3.49,90900,3.48,U
sz000592,平潭发展,2025-10-09 09:34:48,3.49,39000,3.49,U
sz000592,平潭发展,2025-10-09 09:34:51,3.48,25600,3.49,D
sz000592,平潭发展,2025-10-09 09:34:57,3.48,90200,3.48,D
sz000592,平潭发展,2025-10-09 09:35:06,3.49,47500,3.48,U
sz000592,平潭发展,2025-10-09 09:35:09,3.49,105300,3.49,U
sz000592,平潭发展,2025-10-09 09:35:12,3.49,70700,3.49,U
sz000592,平潭发展,2025-10-09 09:35:18,3.49,46000,3.49,U
sz000592,平潭发展,2025-10-09 09:35:21,3.48,226300,3.49,D
sz000592,平潭发展,2025-10-09 09:35:33,3.47,371100,3.49,D
sz000592,平潭发展,2025-10-09 09:35:39,3.48,42400,3.48,U
sz000592,平潭发展,2025-10-09 09:35:42,3.47,28900,3.48,D
sz000592,平潭发展,2025-10-09 09:35:45,3.48,35500,3.47,U
sz000592,平潭发展,2025-10-09 09:35:51,3.47,23100,3.47,D
sz000592,平潭发展,2025-10-09 09:35:54,3.48,237500,3.47,U
sz000592,平潭发展,2025-10-09 09:35:57,3.47,115300,3.48,D
sz000592,平潭发展,2025-10-09 09:36:00,3.48,50900,3.47,U
sz000592,平潭发展,2025-10-09 09:36:03,3.48,121700,3.48,U
sz000592,平潭发展,2025-10-09 09:36:09,3.48,52800,3.48,D
sz000592,平潭发展,2025-10-09 09:36:12,3.48,68200,3.48,U
sz000592,平潭发展,2025-10-09 09:36:18,3.49,41600,3.48,U
sz000592,平潭发展,2025-10-09 09:36:21,3.48,189800,3.49,E
sz000592,平潭发展,2025-10-09 09:36:24,3.47,108400,3.48,D
sz000592,平潭发展,2025-10-09 09:36:27,3.49,35400,3.47,U
sz000592,平潭发展,2025-10-09 09:36:39,3.47,418700,3.47,D
sz000592,平潭发展,2025-10-09 09:36:45,3.48,20000,3.48,U
sz000592,平潭发展,2025-10-09 09:36:51,3.47,45000,3.48,D
sz000592,平潭发展,2025-10-09 09:37:00,3.47,26400,3.47,D
sz000592,平潭发展,2025-10-09 09:37:03,3.47,39900,3.47,D
sz000592,平潭发展,2025-10-09 09:37:09,3.47,33500,3.47,D
sz000592,平潭发展,2025-10-09 09:37:15,3.48,37500,3.48,U
sz000592,平潭发展,2025-10-09 09:37:18,3.47,288700,3.48,D
sz000592,平潭发展,2025-10-09 09:37:21,3.47,108300,3.47,D
sz000592,平潭发展,2025-10-09 09:37:30,3.48,27600,3.47,U
sz000592,平潭发展,2025-10-09 09:37:45,3.48,39300,3.47,U
sz000592,平潭发展,2025-10-09 09:37:48,3.48,21400,3.48,U
sz000592,平潭发展,2025-10-09 09:37:51,3.48,58000,3.48,U
sz000592,平潭发展,2025-10-09 09:37:54,3.48,30800,3.48,U
sz000592,平潭发展,2025-10-09 09:38:00,3.48,29100,3.48,U
sz000592,平潭发展,2025-10-09 09:38:03,3.47,69200,3.48,D
sz000592,平潭发展,2025-10-09 09:38:06,3.48,103900,3.47,U
sz000592,平潭发展,2025-10-09 09:38:09,3.47,20700,3.48,D
sz000592,平潭发展,2025-10-09 09:38:12,3.48,53100,3.47,U
sz000592,平潭发展,2025-10-09 09:38:27,3.47,20000,3.47,D
sz000592,平潭发展,2025-10-09 09:38:39,3.47,36500,3.47,D
sz000592,平潭发展,2025-10-09 09:38:42,3.47,261800,3.47,D
sz000592,平潭发展,2025-10-09 09:38:45,3.47,96900,3.47,D
sz000592,平潭发展,2025-10-09 09:38:48,3.47,65100,3.47,D
sz000592,平潭发展,2025-10-09 09:38:51,3.47,76300,3.47,D
sz000592,平潭发展,2025-10-09 09:38:54,3.47,26300,3.47,D
sz000592,平潭发展,2025-10-09 09:38:57,3.47,73600,3.47,D
sz000592,平潭发展,2025-10-09 09:39:09,3.47,45100,3.47,D
sz000592,平潭发展,2025-10-09 09:39:18,3.47,20000,3.48,D
sz000592,平潭发展,2025-10-09 09:39:21,3.48,528200,3.47,U
sz000592,平潭发展,2025-10-09 09:39:27,3.47,31000,3.48,D
sz000592,平潭发展,2025-10-09 09:39:30,3.48,24700,3.47,U
sz000592,平潭发展,2025-10-09 09:39:36,3.48,22700,3.47,U
sz000592,平潭发展,2025-10-09 09:39:42,3.48,21100,3.47,U
sz000592,平潭发展,2025-10-09 09:39:45,3.48,47600,3.48,U
sz000592,平潭发展,2025-10-09 09:39:51,3.47,106800,3.48,D
sz000592,平潭发展,2025-10-09 09:39:57,3.48,20200,3.47,U
sz000592,平潭发展,2025-10-09 09:40:00,3.48,39700,3.48,U
sz000592,平潭发展,2025-10-09 09:40:03,3.47,86400,3.48,D
sz000592,平潭发展,2025-10-09 09:40:06,3.48,85000,3.47,U
sz000592,平潭发展,2025-10-09 09:40:09,3.47,36400,3.48,D
sz000592,平潭发展,2025-10-09 09:40:18,3.48,89900,3.47,U
sz000592,平潭发展,2025-10-09 09:40:21,3.48,30000,3.48,U
sz000592,平潭发展,2025-10-09 09:40:24,3.49,24500,3.48,U
sz000592,平潭发展,2025-10-09 09:40:27,3.48,152000,3.49,D
sz000592,平潭发展,2025-10-09 09:40:33,3.48,38400,3.48,D
sz000592,平潭发展,2025-10-09 09:40:36,3.48,70700,3.48,D
sz000592,平潭发展,2025-10-09 09:40:39,3.48,107100,3.48,D
sz000592,平潭发展,2025-10-09 09:40:42,3.48,31500,3.48,U
sz000592,平潭发展,2025-10-09 09:40:45,3.48,52200,3.48,U
sz000592,平潭发展,2025-10-09 09:40:54,3.48,39900,3.47,U
sz000592,平潭发展,2025-10-09 09:40:57,3.47,30800,3.48,D
sz000592,平潭发展,2025-10-09 09:41:00,3.47,34000,3.47,D
sz000592,平潭发展,2025-10-09 09:41:09,3.48,28700,3.47,U
sz000592,平潭发展,2025-10-09 09:41:12,3.48,30200,3.48,U
sz000592,平潭发展,2025-10-09 09:41:15,3.48,44600,3.48,U
sz000592,平潭发展,2025-10-09 09:41:24,3.48,31300,3.48,U
sz000592,平潭发展,2025-10-09 09:41:27,3.47,22500,3.48,D
sz000592,平潭发展,2025-10-09 09:41:30,3.47,26700,3.47,D
sz000592,平潭发展,2025-10-09 09:41:33,3.48,30800,3.47,U
sz000592,平潭发展,2025-10-09 09:41:48,3.48,24600,3.47,U
sz000592,平潭发展,2025-10-09 09:41:51,3.48,39500,3.48,U
sz000592,平潭发展,2025-10-09 09:41:57,3.48,63200,3.48,U
sz000592,平潭发展,2025-10-09 09:42:21,3.47,111300,3.47,D
sz000592,平潭发展,2025-10-09 09:42:24,3.47,32700,3.47,D
sz000592,平潭发展,2025-10-09 09:42:33,3.47,46500,3.47,D
sz000592,平潭发展,2025-10-09 09:42:48,3.47,22900,3.48,D
sz000592,平潭发展,2025-10-09 09:42:54,3.47,61100,3.47,D
sz000592,平潭发展,2025-10-09 09:43:00,3.47,69700,3.47,D
sz000592,平潭发展,2025-10-09 09:43:03,3.47,21000,3.47,D
sz000592,平潭发展,2025-10-09 09:43:06,3.48,97900,3.47,U
sz000592,平潭发展,2025-10-09 09:43:12,3.48,511400,3.47,U
sz000592,平潭发展,2025-10-09 09:43:15,3.47,316600,3.48,D
sz000592,平潭发展,2025-10-09 09:43:21,3.47,203600,3.47,D
sz000592,平潭发展,2025-10-09 09:43:24,3.48,55700,3.47,U
sz000592,平潭发展,2025-10-09 09:43:27,3.48,20900,3.48,U
sz000592,平潭发展,2025-10-09 09:43:36,3.47,148100,3.48,D
sz000592,平潭发展,2025-10-09 09:43:48,3.47,256800,3.48,D
sz000592,平潭发展,2025-10-09 09:43:51,3.48,105000,3.47,U
sz000592,平潭发展,2025-10-09 09:44:00,3.47,40600,3.47,D
sz000592,平潭发展,2025-10-09 09:44:03,3.48,66100,3.47,U
sz000592,平潭发展,2025-10-09 09:44:09,3.48,37200,3.48,U
sz000592,平潭发展,2025-10-09 09:44:24,3.47,71500,3.47,D
sz000592,平潭发展,2025-10-09 09:44:30,3.47,53100,3.47,D
sz000592,平潭发展,2025-10-09 09:44:36,3.48,258000,3.47,U
sz000592,平潭发展,2025-10-09 09:44:39,3.47,26400,3.48,D
sz000592,平潭发展,2025-10-09 09:44:45,3.48,111000,3.47,U
sz000592,平潭发展,2025-10-09 09:44:48,3.48,35300,3.48,U
sz000592,平潭发展,2025-10-09 09:44:54,3.48,206500,3.48,U
sz000592,平潭发展,2025-10-09 09:44:57,3.48,74500,3.48,U
sz000592,平潭发展,2025-10-09 09:45:00,3.47,49900,3.48,D
sz000592,平潭发展,2025-10-09 09:45:03,3.48,49700,3.47,U
sz000592,平潭发展,2025-10-09 09:45:09,3.48,41400,3.48,U
sz000592,平潭发展,2025-10-09 09:45:12,3.48,36400,3.48,U
sz000592,平潭发展,2025-10-09 09:45:18,3.47,95000,3.47,D
sz000592,平潭发展,2025-10-09 09:45:21,3.47,23900,3.47,D
sz000592,平潭发展,2025-10-09 09:45:27,3.47,41300,3.47,D
sz000592,平潭发展,2025-10-09 09:45:30,3.47,23500,3.47,D
sz000592,平潭发展,2025-10-09 09:45:33,3.47,24822,3.47,D
sz000592,平潭发展,2025-10-09 09:45:36,3.47,100400,3.47,D
sz000592,平潭发展,2025-10-09 09:45:39,3.47,91400,3.47,D
sz000592,平潭发展,2025-10-09 09:45:42,3.47,137178,3.47,D
sz000592,平潭发展,2025-10-09 09:45:45,3.46,51900,3.47,D
sz000592,平潭发展,2025-10-09 09:45:48,3.47,22800,3.46,U
sz000592,平潭发展,2025-10-09 09:45:51,3.47,58100,3.47,U
sz000592,平潭发展,2025-10-09 09:45:54,3.47,27700,3.47,U
sz000592,平潭发展,2025-10-09 09:46:03,3.47,27000,3.47,U
sz000592,平潭发展,2025-10-09 09:46:06,3.46,26600,3.47,D
sz000592,平潭发展,2025-10-09 09:46:09,3.47,21000,3.46,U
sz000592,平潭发展,2025-10-09 09:46:21,3.47,77800,3.46,U
sz000592,平潭发展,2025-10-09 09:46:24,3.47,35400,3.47,U
sz000592,平潭发展,2025-10-09 09:46:27,3.47,104700,3.47,U
sz000592,平潭发展,2025-10-09 09:46:33,3.47,28000,3.46,U
sz000592,平潭发展,2025-10-09 09:46:36,3.46,182000,3.47,D
sz000592,平潭发展,2025-10-09 09:46:39,3.46,1663600,3.46,D
sz000592,平潭发展,2025-10-09 09:46:42,3.46,43700,3.46,U
sz000592,平潭发展,2025-10-09 09:46:48,3.46,106900,3.45,U
sz000592,平潭发展,2025-10-09 09:47:00,3.46,120700,3.45,U
sz000592,平潭发展,2025-10-09 09:47:03,3.46,71700,3.46,D
sz000592,平潭发展,2025-10-09 09:47:06,3.46,141600,3.46,U
sz000592,平潭发展,2025-10-09 09:47:09,3.46,20600,3.46,D
sz000592,平潭发展,2025-10-09 09:47:15,3.46,63800,3.46,D
sz000592,平潭发展,2025-10-09 09:47:18,3.46,61600,3.46,D
sz000592,平潭发展,2025-10-09 09:47:21,3.46,95500,3.46,D
sz000592,平潭发展,2025-10-09 09:47:27,3.46,22700,3.46,D
sz000592,平潭发展,2025-10-09 09:47:36,3.46,35700,3.46,D
sz000592,平潭发展,2025-10-09 09:47:48,3.47,51400,3.46,U
sz000592,平潭发展,2025-10-09 09:47:51,3.46,22000,3.47,D
sz000592,平潭发展,2025-10-09 09:48:03,3.46,21300,3.46,D
sz000592,平潭发展,2025-10-09 09:48:15,3.46,55500,3.46,D
sz000592,平潭发展,2025-10-09 09:48:21,3.46,72700,3.46,D
sz000592,平潭发展,2025-10-09 09:48:39,3.46,20000,3.46,D
sz000592,平潭发展,2025-10-09 09:48:45,3.47,43200,3.46,U
sz000592,平潭发展,2025-10-09 09:48:48,3.46,30300,3.47,D
sz000592,平潭发展,2025-10-09 09:48:51,3.46,32100,3.46,D
sz000592,平潭发展,2025-10-09 09:49:03,3.46,138700,3.46,D
sz000592,平潭发展,2025-10-09 09:49:09,3.46,91900,3.46,D
sz000592,平潭发展,2025-10-09 09:49:12,3.45,468900,3.46,D
sz000592,平潭发展,2025-10-09 09:49:24,3.45,38600,3.46,D
sz000592,平潭发展,2025-10-09 09:49:27,3.46,74400,3.45,U
sz000592,平潭发展,2025-10-09 09:49:30,3.45,53100,3.46,D
sz000592,平潭发展,2025-10-09 09:49:42,3.45,43200,3.45,D
sz000592,平潭发展,2025-10-09 09:49:48,3.45,43000,3.45,D
sz000592,平潭发展,2025-10-09 09:49:57,3.45,241300,3.46,D
sz000592,平潭发展,2025-10-09 09:50:00,3.45,26545,3.45,D
sz000592,平潭发展,2025-10-09 09:50:03,3.46,46500,3.45,U
sz000592,平潭发展,2025-10-09 09:50:06,3.46,41900,3.46,U
sz000592,平潭发展,2025-10-09 09:50:09,3.46,213800,3.46,U
sz000592,平潭发展,2025-10-09 09:50:15,3.46,124200,3.45,U
sz000592,平潭发展,2025-10-09 09:50:24,3.46,199700,3.46,U
sz000592,平潭发展,2025-10-09 09:50:27,3.46,47700,3.46,D
sz000592,平潭发展,2025-10-09 09:50:33,3.46,24600,3.46,D
sz000592,平潭发展,2025-10-09 09:50:36,3.46,30000,3.46,U
sz000592,平潭发展,2025-10-09 09:50:42,3.46,26400,3.46,D
sz000592,平潭发展,2025-10-09 09:50:48,3.45,144800,3.46,D
sz000592,平潭发展,2025-10-09 09:50:54,3.45,37800,3.46,D
sz000592,平潭发展,2025-10-09 09:50:57,3.45,26900,3.45,D
sz000592,平潭发展,2025-10-09 09:51:06,3.45,25900,3.45,D
sz000592,平潭发展,2025-10-09 09:51:12,3.46,31900,3.46,U
sz000592,平潭发展,2025-10-09 09:51:24,3.45,23500,3.45,D
sz000592,平潭发展,2025-10-09 09:51:39,3.46,52900,3.46,U
sz000592,平潭发展,2025-10-09 09:51:42,3.45,90700,3.46,D
sz000592,平潭发展,2025-10-09 09:51:48,3.45,39400,3.45,D
sz000592,平潭发展,2025-10-09 09:51:51,3.46,44300,3.45,U
sz000592,平潭发展,2025-10-09 09:51:54,3.46,22600,3.46,U
sz000592,平潭发展,2025-10-09 09:52:00,3.45,85500,3.45,D
sz000592,平潭发展,2025-10-09 09:52:03,3.45,57800,3.45,D
sz000592,平潭发展,2025-10-09 09:52:06,3.45,126600,3.45,D
sz000592,平潭发展,2025-10-09 09:52:12,3.45,1924655,3.45,D
sz000592,平潭发展,2025-10-09 09:52:18,3.45,26700,3.44,U
sz000592,平潭发展,2025-10-09 09:52:24,3.44,26300,3.44,D
sz000592,平潭发展,2025-10-09 09:52:45,3.44,34100,3.44,D
sz000592,平潭发展,2025-10-09 09:52:51,3.45,22900,3.44,U
sz000592,平潭发展,2025-10-09 09:53:03,3.45,252500,3.45,U
sz000592,平潭发展,2025-10-09 09:53:06,3.45,28700,3.45,D
sz000592,平潭发展,2025-10-09 09:53:21,3.46,59300,3.45,U
sz000592,平潭发展,2025-10-09 09:53:51,3.45,38400,3.45,D
sz000592,平潭发展,2025-10-09 09:53:54,3.45,68200,3.45,D
sz000592,平潭发展,2025-10-09 09:54:03,3.45,54500,3.45,D
sz000592,平潭发展,2025-10-09 09:54:06,3.45,187300,3.45,D
sz000592,平潭发展,2025-10-09 09:54:09,3.45,54400,3.45,D
sz000592,平潭发展,2025-10-09 09:54:18,3.46,25700,3.45,U
sz000592,平潭发展,2025-10-09 09:54:24,3.45,35000,3.45,D
sz000592,平潭发展,2025-10-09 09:54:27,3.45,28900,3.45,D
sz000592,平潭发展,2025-10-09 09:54:33,3.45,22500,3.45,D
sz000592,平潭发展,2025-10-09 09:55:00,3.46,41400,3.45,U
sz000592,平潭发展,2025-10-09 09:55:03,3.45,93200,3.46,D
sz000592,平潭发展,2025-10-09 09:55:06,3.45,25200,3.45,D
sz000592,平潭发展,2025-10-09 09:55:27,3.45,27900,3.46,D
sz000592,平潭发展,2025-10-09 09:55:36,3.46,38600,3.46,U
sz000592,平潭发展,2025-10-09 09:55:48,3.45,23800,3.46,D
sz000592,平潭发展,2025-10-09 09:56:03,3.46,26900,3.45,U
sz000592,平潭发展,2025-10-09 09:56:09,3.46,46800,3.46,U
sz000592,平潭发展,2025-10-09 09:56:15,3.46,43200,3.45,U
sz000592,平潭发展,2025-10-09 09:56:21,3.46,20900,3.46,U
sz000592,平潭发展,2025-10-09 09:56:24,3.46,28800,3.46,U
sz000592,平潭发展,2025-10-09 09:56:27,3.46,142500,3.46,U
sz000592,平潭发展,2025-10-09 09:56:30,3.46,41000,3.46,D
sz000592,平潭发展,2025-10-09 09:56:33,3.45,21300,3.46,D
sz000592,平潭发展,2025-10-09 09:56:42,3.45,336800,3.46,D
sz000592,平潭发展,2025-10-09 09:56:48,3.46,47900,3.45,U
sz000592,平潭发展,2025-10-09 09:56:54,3.45,175600,3.46,D
sz000592,平潭发展,2025-10-09 09:56:57,3.46,31100,3.45,U
sz000592,平潭发展,2025-10-09 09:57:06,3.46,30600,3.46,U
sz000592,平潭发展,2025-10-09 09:57:18,3.46,89200,3.45,U
sz000592,平潭发展,2025-10-09 09:57:21,3.46,29800,3.46,U
sz000592,平潭发展,2025-10-09 09:57:42,3.46,24300,3.45,U
sz000592,平潭发展,2025-10-09 09:57:45,3.46,43200,3.46,U
sz000592,平潭发展,2025-10-09 09:57:48,3.46,48300,3.46,U
sz000592,平潭发展,2025-10-09 09:58:00,3.46,24000,3.46,U
sz000592,平潭发展,2025-10-09 09:58:12,3.46,20800,3.46,U
sz000592,平潭发展,2025-10-09 09:58:51,3.46,206700,3.46,D
sz000592,平潭发展,2025-10-09 09:59:30,3.47,53700,3.47,U
sz000592,平潭发展,2025-10-09 09:59:39,3.47,381000,3.46,U
sz000592,平潭发展,2025-10-09 09:59:45,3.47,20300,3.47,D
sz000592,平潭发展,2025-10-09 09:59:57,3.47,40000,3.47,U
sz000592,平潭发展,2025-10-09 10:00:03,3.47,29100,3.47,U
sz000592,平潭发展,2025-10-09 10:00:18,3.47,40300,3.47,U
sz000592,平潭发展,2025-10-09 10:00:21,3.47,30300,3.47,D
sz000592,平潭发展,2025-10-09 10:00:33,3.46,69900,3.47,D
sz000592,平潭发展,2025-10-09 10:00:39,3.47,22100,3.47,U
sz000592,平潭发展,2025-10-09 10:00:45,3.47,32100,3.46,U
sz000592,平潭发展,2025-10-09 10:01:27,3.47,30900,3.47,U
sz000592,平潭发展,2025-10-09 10:01:45,3.47,21000,3.46,U
sz000592,平潭发展,2025-10-09 10:01:48,3.47,194000,3.47,U
sz000592,平潭发展,2025-10-09 10:02:39,3.47,29900,3.48,D
sz000592,平潭发展,2025-10-09 10:03:12,3.49,470200,3.48,U
sz000592,平潭发展,2025-10-09 10:03:39,3.49,45000,3.49,U
sz000592,平潭发展,2025-10-09 10:03:54,3.49,27300,3.49,U
sz000592,平潭发展,2025-10-09 10:04:09,3.48,31600,3.49,D
sz000592,平潭发展,2025-10-09 10:04:18,3.49,25900,3.49,U
sz000592,平潭发展,2025-10-09 10:04:36,3.49,335000,3.49,U
sz000592,平潭发展,2025-10-09 10:04:39,3.49,384700,3.49,D
sz000592,平潭发展,2025-10-09 10:04:42,3.49,38100,3.49,U
sz000592,平潭发展,2025-10-09 10:04:45,3.49,91600,3.49,U
sz000592,平潭发展,2025-10-09 10:04:48,3.49,123600,3.49,U
sz000592,平潭发展,2025-10-09 10:05:00,3.49,26300,3.5,D
sz000592,平潭发展,2025-10-09 10:05:03,3.5,49600,3.49,U
sz000592,平潭发展,2025-10-09 10:05:06,3.5,191400,3.5,U
sz000592,平潭发展,2025-10-09 10:05:12,3.51,223602,3.5,U
sz000592,平潭发展,2025-10-09 10:05:15,3.52,214200,3.51,U
sz000592,平潭发展,2025-10-09 10:05:18,3.51,104500,3.52,D
sz000592,平潭发展,2025-10-09 10:05:27,3.52,54100,3.52,U
sz000592,平潭发展,2025-10-09 10:05:30,3.52,50800,3.52,U
sz000592,平潭发展,2025-10-09 10:05:33,3.52,44000,3.52,U
sz000592,平潭发展,2025-10-09 10:05:36,3.51,44800,3.52,D
sz000592,平潭发展,2025-10-09 10:05:39,3.52,57300,3.51,U
sz000592,平潭发展,2025-10-09 10:05:42,3.51,71900,3.52,D
sz000592,平潭发展,2025-10-09 10:05:48,3.51,28300,3.51,U
sz000592,平潭发展,2025-10-09 10:06:18,3.51,64800,3.5,U
sz000592,平潭发展,2025-10-09 10:06:24,3.5,71100,3.51,D
sz000592,平潭发展,2025-10-09 10:06:42,3.5,24500,3.51,D
sz000592,平潭发展,2025-10-09 10:06:51,3.5,20600,3.5,D
sz000592,平潭发展,2025-10-09 10:06:54,3.5,120700,3.5,D
sz000592,平潭发展,2025-10-09 10:06:57,3.5,25700,3.5,D
sz000592,平潭发展,2025-10-09 10:07:06,3.51,56202,3.5,U
sz000592,平潭发展,2025-10-09 10:07:27,3.51,27000,3.5,U
sz000592,平潭发展,2025-10-09 10:07:30,3.5,21100,3.51,D
sz000592,平潭发展,2025-10-09 10:07:39,3.51,29200,3.51,U
sz000592,平潭发展,2025-10-09 10:07:48,3.51,25700,3.51,U
sz000592,平潭发展,2025-10-09 10:07:51,3.5,195400,3.51,D
sz000592,平潭发展,2025-10-09 10:08:09,3.51,36200,3.51,U
sz000592,平潭发展,2025-10-09 10:08:12,3.51,51400,3.51,U
sz000592,平潭发展,2025-10-09 10:08:18,3.51,37000,3.5,U
sz000592,平潭发展,2025-10-09 10:08:30,3.51,50200,3.5,U
sz000592,平潭发展,2025-10-09 10:08:54,3.51,33300,3.51,U
sz000592,平潭发展,2025-10-09 10:08:57,3.51,66600,3.51,U
sz000592,平潭发展,2025-10-09 10:09:03,3.51,35800,3.51,U
sz000592,平潭发展,2025-10-09 10:09:06,3.51,30700,3.51,U
sz000592,平潭发展,2025-10-09 10:09:15,3.51,72800,3.51,U
sz000592,平潭发展,2025-10-09 10:09:54,3.5,36800,3.51,D
sz000592,平潭发展,2025-10-09 10:10:03,3.5,108600,3.51,D
sz000592,平潭发展,2025-10-09 10:10:06,3.51,56300,3.5,U
sz000592,平潭发展,2025-10-09 10:10:09,3.51,153500,3.51,U
sz000592,平潭发展,2025-10-09 10:10:45,3.51,82100,3.5,U
sz000592,平潭发展,2025-10-09 10:10:57,3.51,117400,3.51,U
sz000592,平潭发展,2025-10-09 10:11:06,3.5,159500,3.51,D
sz000592,平潭发展,2025-10-09 10:11:09,3.51,37000,3.5,U
sz000592,平潭发展,2025-10-09 10:11:15,3.52,45600,3.52,U
sz000592,平潭发展,2025-10-09 10:11:27,3.52,35900,3.52,U
sz000592,平潭发展,2025-10-09 10:11:36,3.52,221100,3.52,U
sz000592,平潭发展,2025-10-09 10:12:00,3.52,62400,3.52,U
sz000592,平潭发展,2025-10-09 10:12:27,3.52,110300,3.52,U
sz000592,平潭发展,2025-10-09 10:12:39,3.51,63700,3.52,D
sz000592,平潭发展,2025-10-09 10:12:48,3.52,54800,3.52,U
sz000592,平潭发展,2025-10-09 10:13:03,3.51,26700,3.52,D
sz000592,平潭发展,2025-10-09 10:13:09,3.52,92300,3.52,U
sz000592,平潭发展,2025-10-09 10:13:21,3.52,449500,3.52,U
sz000592,平潭发展,2025-10-09 10:13:33,3.53,102700,3.53,U
sz000592,平潭发展,2025-10-09 10:13:36,3.54,204600,3.53,U
sz000592,平潭发展,2025-10-09 10:13:39,3.53,23900,3.54,D
sz000592,平潭发展,2025-10-09 10:13:42,3.54,34900,3.53,U
sz000592,平潭发展,2025-10-09 10:13:45,3.54,79100,3.54,U
sz000592,平潭发展,2025-10-09 10:13:54,3.53,41900,3.53,U
sz000592,平潭发展,2025-10-09 10:13:57,3.52,196200,3.53,D
sz000592,平潭发展,2025-10-09 10:14:00,3.53,114900,3.52,U
sz000592,平潭发展,2025-10-09 10:14:03,3.52,38400,3.53,D
sz000592,平潭发展,2025-10-09 10:14:06,3.53,56700,3.52,U
sz000592,平潭发展,2025-10-09 10:14:09,3.54,64500,3.53,U
sz000592,平潭发展,2025-10-09 10:14:15,3.53,20800,3.53,D
sz000592,平潭发展,2025-10-09 10:14:21,3.53,21500,3.53,D
sz000592,平潭发展,2025-10-09 10:14:24,3.54,32300,3.53,U
sz000592,平潭发展,2025-10-09 10:14:27,3.53,27900,3.54,D
sz000592,平潭发展,2025-10-09 10:14:30,3.54,138100,3.53,U
sz000592,平潭发展,2025-10-09 10:15:21,3.53,27900,3.53,U
sz000592,平潭发展,2025-10-09 10:16:03,3.53,41400,3.53,U
sz000592,平潭发展,2025-10-09 10:16:06,3.53,30600,3.53,U
sz000592,平潭发展,2025-10-09 10:17:18,3.52,117200,3.53,D
sz000592,平潭发展,2025-10-09 10:17:24,3.52,35900,3.53,D
sz000592,平潭发展,2025-10-09 10:17:33,3.52,20000,3.53,D
sz000592,平潭发展,2025-10-09 10:17:48,3.52,155900,3.53,D
sz000592,平潭发展,2025-10-09 10:17:57,3.52,30700,3.53,D
sz000592,平潭发展,2025-10-09 10:18:03,3.52,26300,3.52,D
sz000592,平潭发展,2025-10-09 10:18:12,3.52,63400,3.53,D
sz000592,平潭发展,2025-10-09 10:18:21,3.52,66400,3.53,D
sz000592,平潭发展,2025-10-09 10:18:27,3.52,26800,3.52,D
sz000592,平潭发展,2025-10-09 10:18:36,3.51,76200,3.52,D
sz000592,平潭发展,2025-10-09 10:18:48,3.52,302500,3.52,U
sz000592,平潭发展,2025-10-09 10:19:03,3.52,24600,3.51,U
sz000592,平潭发展,2025-10-09 10:19:21,3.52,1211000,3.52,U
sz000592,平潭发展,2025-10-09 10:19:24,3.51,53100,3.52,D
sz000592,平潭发展,2025-10-09 10:19:36,3.52,29300,3.51,U
sz000592,平潭发展,2025-10-09 10:19:42,3.52,29400,3.52,D
sz000592,平潭发展,2025-10-09 10:20:15,3.53,43400,3.53,U
sz000592,平潭发展,2025-10-09 10:20:18,3.53,22100,3.53,U
sz000592,平潭发展,2025-10-09 10:20:30,3.53,46900,3.53,U
sz000592,平潭发展,2025-10-09 10:21:03,3.52,20300,3.53,D
sz000592,平潭发展,2025-10-09 10:21:18,3.52,260700,3.53,D
sz000592,平潭发展,2025-10-09 10:21:24,3.53,39700,3.52,U
sz000592,平潭发展,2025-10-09 10:21:30,3.52,20500,3.52,U
sz000592,平潭发展,2025-10-09 10:22:03,3.51,23500,3.51,D
sz000592,平潭发展,2025-10-09 10:23:06,3.52,38200,3.52,U
sz000592,平潭发展,2025-10-09 10:23:24,3.51,38100,3.52,D
sz000592,平潭发展,2025-10-09 10:23:54,3.51,108800,3.52,D
sz000592,平潭发展,2025-10-09 10:24:06,3.51,38900,3.51,D
sz000592,平潭发展,2025-10-09 10:24:09,3.51,105700,3.51,D
sz000592,平潭发展,2025-10-09 10:24:18,3.51,45100,3.51,U
sz000592,平潭发展,2025-10-09 10:24:24,3.51,24300,3.51,U
sz000592,平潭发展,2025-10-09 10:25:00,3.51,44500,3.51,U
sz000592,平潭发展,2025-10-09 10:25:03,3.5,68300,3.51,D
sz000592,平潭发展,2025-10-09 10:25:18,3.5,72300,3.51,D
sz000592,平潭发展,2025-10-09 10:25:54,3.5,21500,3.51,D
sz000592,平潭发展,2025-10-09 10:26:39,3.51,38000,3.51,U
sz000592,平潭发展,2025-10-09 10:27:36,3.51,27500,3.51,U
sz000592,平潭发展,2025-10-09 10:27:42,3.5,570500,3.51,D
sz000592,平潭发展,2025-10-09 10:27:48,3.49,21400,3.5,D
sz000592,平潭发展,2025-10-09 10:27:54,3.49,20600,3.5,D
sz000592,平潭发展,2025-10-09 10:28:09,3.49,86500,3.49,D
sz000592,平潭发展,2025-10-09 10:28:39,3.49,39000,3.49,D
sz000592,平潭发展,2025-10-09 10:28:45,3.5,178200,3.49,U
sz000592,平潭发展,2025-10-09 10:29:00,3.49,42900,3.5,D
sz000592,平潭发展,2025-10-09 10:29:39,3.49,26500,3.5,D
sz000592,平潭发展,2025-10-09 10:30:36,3.49,31900,3.5,D
sz000592,平潭发展,2025-10-09 10:30:54,3.49,35200,3.49,D
sz000592,平潭发展,2025-10-09 10:30:57,3.49,400300,3.49,D
sz000592,平潭发展,2025-10-09 10:31:00,3.49,31500,3.49,U
sz000592,平潭发展,2025-10-09 10:31:06,3.49,87600,3.5,D
sz000592,平潭发展,2025-10-09 10:31:12,3.49,24400,3.48,U
sz000592,平潭发展,2025-10-09 10:31:24,3.48,34300,3.49,D
sz000592,平潭发展,2025-10-09 10:31:36,3.49,25500,3.48,U
sz000592,平潭发展,2025-10-09 10:31:42,3.49,29900,3.49,U
sz000592,平潭发展,2025-10-09 10:31:48,3.49,61300,3.48,U
sz000592,平潭发展,2025-10-09 10:31:54,3.48,63600,3.48,D
sz000592,平潭发展,2025-10-09 10:31:57,3.49,24400,3.48,U
sz000592,平潭发展,2025-10-09 10:32:18,3.48,22700,3.49,D
sz000592,平潭发展,2025-10-09 10:32:36,3.48,42700,3.49,D
sz000592,平潭发展,2025-10-09 10:32:48,3.49,20600,3.49,U
sz000592,平潭发展,2025-10-09 10:33:24,3.49,21400,3.49,U
sz000592,平潭发展,2025-10-09 10:34:33,3.48,104200,3.49,D
sz000592,平潭发展,2025-10-09 10:35:03,3.48,63200,3.49,D
sz000592,平潭发展,2025-10-09 10:35:06,3.48,20100,3.48,D
sz000592,平潭发展,2025-10-09 10:35:09,3.48,26400,3.48,D
sz000592,平潭发展,2025-10-09 10:35:12,3.48,950900,3.48,D
sz000592,平潭发展,2025-10-09 10:35:24,3.48,52800,3.47,U
sz000592,平潭发展,2025-10-09 10:35:27,3.47,38000,3.48,D
sz000592,平潭发展,2025-10-09 10:35:30,3.47,36600,3.47,D
sz000592,平潭发展,2025-10-09 10:35:51,3.48,152400,3.47,U
sz000592,平潭发展,2025-10-09 10:36:18,3.48,405800,3.48,U
sz000592,平潭发展,2025-10-09 10:36:27,3.48,55300,3.48,D
sz000592,平潭发展,2025-10-09 10:36:30,3.48,46800,3.48,U
sz000592,平潭发展,2025-10-09 10:36:39,3.48,25800,3.48,U
sz000592,平潭发展,2025-10-09 10:36:42,3.48,29300,3.48,U
sz000592,平潭发展,2025-10-09 10:36:45,3.48,35200,3.48,U
sz000592,平潭发展,2025-10-09 10:37:09,3.48,30000,3.48,U
sz000592,平潭发展,2025-10-09 10:37:36,3.48,30000,3.47,U
sz000592,平潭发展,2025-10-09 10:37:54,3.48,100300,3.48,U
sz000592,平潭发展,2025-10-09 10:38:03,3.49,23900,3.48,U
sz000592,平潭发展,2025-10-09 10:38:06,3.48,22500,3.49,D
sz000592,平潭发展,2025-10-09 10:38:24,3.48,21500,3.48,D
sz000592,平潭发展,2025-10-09 10:39:03,3.48,127600,3.48,D
sz000592,平潭发展,2025-10-09 10:39:06,3.48,77200,3.48,D
sz000592,平潭发展,2025-10-09 10:39:09,3.48,78500,3.48,D
sz000592,平潭发展,2025-10-09 10:39:15,3.48,130600,3.48,D
sz000592,平潭发展,2025-10-09 10:39:21,3.48,20100,3.48,U
sz000592,平潭发展,2025-10-09 10:40:21,3.48,24700,3.48,U
sz000592,平潭发展,2025-10-09 10:40:24,3.48,95800,3.48,U
sz000592,平潭发展,2025-10-09 10:40:36,3.48,44900,3.48,D
sz000592,平潭发展,2025-10-09 10:41:03,3.48,26000,3.48,D
sz000592,平潭发展,2025-10-09 10:42:03,3.48,61200,3.49,D
sz000592,平潭发展,2025-10-09 10:42:06,3.48,53500,3.48,D
sz000592,平潭发展,2025-10-09 10:42:45,3.49,20000,3.48,U
sz000592,平潭发展,2025-10-09 10:42:57,3.48,20000,3.48,D
sz000592,平潭发展,2025-10-09 10:43:18,3.49,477100,3.49,U
sz000592,平潭发展,2025-10-09 10:43:51,3.48,73500,3.48,D
sz000592,平潭发展,2025-10-09 10:44:00,3.48,24800,3.48,D
sz000592,平潭发展,2025-10-09 10:44:15,3.48,20300,3.48,D
sz000592,平潭发展,2025-10-09 10:45:03,3.48,20400,3.49,D
sz000592,平潭发展,2025-10-09 10:45:06,3.48,175300,3.48,D
sz000592,平潭发展,2025-10-09 10:45:30,3.48,27100,3.48,D
sz000592,平潭发展,2025-10-09 10:46:36,3.48,21700,3.48,D
sz000592,平潭发展,2025-10-09 10:48:00,3.49,460300,3.49,U
sz000592,平潭发展,2025-10-09 10:48:24,3.49,51200,3.5,D
sz000592,平潭发展,2025-10-09 10:49:42,3.5,64100,3.5,U
sz000592,平潭发展,2025-10-09 10:50:42,3.5,85700,3.49,U
sz000592,平潭发展,2025-10-09 10:51:09,3.49,28400,3.49,D
sz000592,平潭发展,2025-10-09 10:51:27,3.49,64600,3.49,D
sz000592,平潭发展,2025-10-09 10:51:30,3.49,21300,3.49,D
sz000592,平潭发展,2025-10-09 10:51:39,3.49,32200,3.49,D
sz000592,平潭发展,2025-10-09 10:51:57,3.5,21200,3.5,U
sz000592,平潭发展,2025-10-09 10:52:30,3.5,452044,3.49,U
sz000592,平潭发展,2025-10-09 10:53:24,3.51,307000,3.51,U
sz000592,平潭发展,2025-10-09 10:53:27,3.51,40500,3.51,D
sz000592,平潭发展,2025-10-09 10:53:33,3.52,316200,3.51,U
sz000592,平潭发展,2025-10-09 10:54:00,3.52,60000,3.52,U
sz000592,平潭发展,2025-10-09 10:54:54,3.52,135500,3.52,U
sz000592,平潭发展,2025-10-09 10:54:57,3.52,397600,3.52,U
sz000592,平潭发展,2025-10-09 10:55:27,3.52,78100,3.52,D
sz000592,平潭发展,2025-10-09 10:56:06,3.53,59700,3.52,U
sz000592,平潭发展,2025-10-09 10:56:12,3.52,72100,3.52,D
sz000592,平潭发展,2025-10-09 10:56:36,3.51,61800,3.51,D
sz000592,平潭发展,2025-10-09 10:57:33,3.52,21700,3.51,U
sz000592,平潭发展,2025-10-09 10:57:39,3.52,21900,3.52,U
sz000592,平潭发展,2025-10-09 10:58:36,3.51,106600,3.52,D
sz000592,平潭发展,2025-10-09 10:58:45,3.52,32800,3.51,U
sz000592,平潭发展,2025-10-09 11:00:27,3.52,122700,3.51,U
sz000592,平潭发展,2025-10-09 11:00:45,3.51,25900,3.51,U
sz000592,平潭发展,2025-10-09 11:02:00,3.5,25900,3.51,D
sz000592,平潭发展,2025-10-09 11:02:03,3.5,50400,3.5,D
sz000592,平潭发展,2025-10-09 11:02:06,3.5,190000,3.5,D
sz000592,平潭发展,2025-10-09 11:02:33,3.51,33700,3.51,U
sz000592,平潭发展,2025-10-09 11:03:03,3.5,25600,3.51,D
sz000592,平潭发展,2025-10-09 11:04:18,3.51,33000,3.51,U
sz000592,平潭发展,2025-10-09 11:04:24,3.5,23200,3.51,D
sz000592,平潭发展,2025-10-09 11:05:51,3.5,39600,3.5,D
sz000592,平潭发展,2025-10-09 11:06:15,3.5,24100,3.5,D
sz000592,平潭发展,2025-10-09 11:09:45,3.51,23900,3.51,U
sz000592,平潭发展,2025-10-09 11:10:27,3.5,20300,3.51,D
sz000592,平潭发展,2025-10-09 11:11:45,3.5,85900,3.51,D
sz000592,平潭发展,2025-10-09 11:11:54,3.51,178500,3.5,U
sz000592,平潭发展,2025-10-09 11:11:57,3.51,254600,3.51,U
sz000592,平潭发展,2025-10-09 11:13:45,3.52,921200,3.52,U
sz000592,平潭发展,2025-10-09 11:13:48,3.53,72300,3.52,U
sz000592,平潭发展,2025-10-09 11:14:33,3.52,58200,3.52,D
sz000592,平潭发展,2025-10-09 11:14:48,3.53,29400,3.53,U
sz000592,平潭发展,2025-10-09 11:16:33,3.52,142000,3.52,D
sz000592,平潭发展,2025-10-09 11:17:30,3.53,42100,3.53,U
sz000592,平潭发展,2025-10-09 11:18:18,3.52,46200,3.52,D
sz000592,平潭发展,2025-10-09 11:18:24,3.52,55300,3.52,D
sz000592,平潭发展,2025-10-09 11:18:30,3.53,94900,3.52,U
sz000592,平潭发展,2025-10-09 11:19:18,3.52,249400,3.53,D
sz000592,平潭发展,2025-10-09 11:20:21,3.52,125500,3.52,U
sz000592,平潭发展,2025-10-09 11:20:24,3.52,52200,3.52,D
sz000592,平潭发展,2025-10-09 11:20:51,3.52,21200,3.52,D
sz000592,平潭发展,2025-10-09 11:21:00,3.52,151600,3.52,D
sz000592,平潭发展,2025-10-09 11:21:03,3.52,20400,3.52,D
sz000592,平潭发展,2025-10-09 11:22:21,3.52,245700,3.51,U
sz000592,平潭发展,2025-10-09 11:22:51,3.51,550000,3.51,D
sz000592,平潭发展,2025-10-09 11:23:09,3.52,197600,3.51,U
sz000592,平潭发展,2025-10-09 11:23:12,3.52,66000,3.52,U
sz000592,平潭发展,2025-10-09 11:23:21,3.52,20000,3.52,U
sz000592,平潭发展,2025-10-09 11:23:39,3.51,106500,3.51,D
sz000592,平潭发展,2025-10-09 11:24:03,3.51,106700,3.52,D
sz000592,平潭发展,2025-10-09 11:24:57,3.51,48000,3.51,U
sz000592,平潭发展,2025-10-09 11:26:36,3.51,48600,3.51,U
sz000592,平潭发展,2025-10-09 11:26:42,3.51,98600,3.51,U
sz000592,平潭发展,2025-10-09 11:27:09,3.51,87200,3.51,D
sz000592,平潭发展,2025-10-09 11:27:48,3.51,33400,3.51,D
sz000592,平潭发展,2025-10-09 11:28:51,3.51,21700,3.52,D
sz000592,平潭发展,2025-10-09 13:00:03,3.51,391700,3.51,D
sz000592,平潭发展,2025-10-09 13:00:06,3.51,20600,3.51,D
sz000592,平潭发展,2025-10-09 13:00:09,3.52,39200,3.51,U
sz000592,平潭发展,2025-10-09 13:00:18,3.51,82900,3.51,D
sz000592,平潭发展,2025-10-09 13:00:24,3.52,40000,3.51,U
sz000592,平潭发展,2025-10-09 13:00:30,3.51,106000,3.52,D
sz000592,平潭发展,2025-10-09 13:02:00,3.51,44100,3.51,D
sz000592,平潭发展,2025-10-09 13:02:33,3.51,32300,3.51,D
sz000592,平潭发展,2025-10-09 13:02:36,3.51,38400,3.51,D
sz000592,平潭发展,2025-10-09 13:02:45,3.51,113800,3.51,D
sz000592,平潭发展,2025-10-09 13:03:48,3.52,51900,3.51,U
sz000592,平潭发展,2025-10-09 13:04:15,3.51,86700,3.52,D
sz000592,平潭发展,2025-10-09 13:05:54,3.51,20100,3.51,D
sz000592,平潭发展,2025-10-09 13:06:03,3.51,31000,3.51,D
sz000592,平潭发展,2025-10-09 13:06:06,3.51,34000,3.51,D
sz000592,平潭发展,2025-10-09 13:07:00,3.51,26400,3.51,D
sz000592,平潭发展,2025-10-09 13:07:12,3.51,269900,3.51,D
sz000592,平潭发展,2025-10-09 13:07:21,3.51,33100,3.51,D
sz000592,平潭发展,2025-10-09 13:08:03,3.5,21500,3.51,D
sz000592,平潭发展,2025-10-09 13:08:48,3.5,162600,3.5,D
sz000592,平潭发展,2025-10-09 13:09:12,3.51,54500,3.5,U
sz000592,平潭发展,2025-10-09 13:09:45,3.5,37600,3.5,D
sz000592,平潭发展,2025-10-09 13:10:03,3.5,23900,3.51,D
sz000592,平潭发展,2025-10-09 13:10:21,3.5,20200,3.5,D
sz000592,平潭发展,2025-10-09 13:11:30,3.51,28400,3.5,U
sz000592,平潭发展,2025-10-09 13:12:27,3.51,50400,3.51,U
sz000592,平潭发展,2025-10-09 13:12:48,3.5,40100,3.5,D
sz000592,平潭发展,2025-10-09 13:13:30,3.5,28300,3.5,D
sz000592,平潭发展,2025-10-09 13:15:06,3.51,32200,3.5,U
sz000592,平潭发展,2025-10-09 13:15:09,3.5,40000,3.51,D
sz000592,平潭发展,2025-10-09 13:15:15,3.5,22900,3.5,D
sz000592,平潭发展,2025-10-09 13:16:39,3.5,184100,3.51,D
sz000592,平潭发展,2025-10-09 13:16:54,3.5,31200,3.5,D
sz000592,平潭发展,2025-10-09 13:17:00,3.5,71700,3.5,D
sz000592,平潭发展,2025-10-09 13:17:03,3.5,126900,3.5,D
sz000592,平潭发展,2025-10-09 13:17:06,3.5,37700,3.5,D
sz000592,平潭发展,2025-10-09 13:17:15,3.5,318400,3.5,D
sz000592,平潭发展,2025-10-09 13:17:30,3.5,45500,3.5,D
sz000592,平潭发展,2025-10-09 13:18:27,3.5,205500,3.51,D
sz000592,平潭发展,2025-10-09 13:19:09,3.51,20000,3.51,U
sz000592,平潭发展,2025-10-09 13:20:03,3.5,31500,3.5,D
sz000592,平潭发展,2025-10-09 13:20:09,3.5,26800,3.5,D
sz000592,平潭发展,2025-10-09 13:21:03,3.5,76200,3.51,D
sz000592,平潭发展,2025-10-09 13:22:45,3.5,201100,3.51,D
sz000592,平潭发展,2025-10-09 13:22:51,3.5,20000,3.5,D
sz000592,平潭发展,2025-10-09 13:23:45,3.5,60000,3.5,D
sz000592,平潭发展,2025-10-09 13:24:27,3.51,28600,3.5,U
sz000592,平潭发展,2025-10-09 13:25:27,3.51,41800,3.5,U
sz000592,平潭发展,2025-10-09 13:26:15,3.5,21900,3.51,D
sz000592,平潭发展,2025-10-09 13:26:54,3.5,48200,3.5,D
sz000592,平潭发展,2025-10-09 13:27:12,3.5,268400,3.5,D
sz000592,平潭发展,2025-10-09 13:27:42,3.5,20100,3.5,D
sz000592,平潭发展,2025-10-09 13:29:30,3.5,295100,3.51,D
sz000592,平潭发展,2025-10-09 13:29:45,3.5,230500,3.5,D
sz000592,平潭发展,2025-10-09 13:29:51,3.5,31500,3.51,D
sz000592,平潭发展,2025-10-09 13:30:24,3.5,42400,3.5,D
sz000592,平潭发展,2025-10-09 13:30:27,3.49,29200,3.5,D
sz000592,平潭发展,2025-10-09 13:32:12,3.49,967100,3.5,D
sz000592,平潭发展,2025-10-09 13:32:15,3.49,74100,3.49,U
sz000592,平潭发展,2025-10-09 13:35:06,3.49,31200,3.49,D
sz000592,平潭发展,2025-10-09 13:35:24,3.49,25600,3.49,D
sz000592,平潭发展,2025-10-09 13:35:27,3.49,231200,3.49,D
sz000592,平潭发展,2025-10-09 13:35:30,3.49,117600,3.49,D
sz000592,平潭发展,2025-10-09 13:35:39,3.49,27900,3.49,D
sz000592,平潭发展,2025-10-09 13:36:42,3.49,37600,3.49,D
sz000592,平潭发展,2025-10-09 13:37:06,3.5,64600,3.49,U
sz000592,平潭发展,2025-10-09 13:37:27,3.49,25000,3.5,D
sz000592,平潭发展,2025-10-09 13:39:00,3.5,21700,3.49,U
sz000592,平潭发展,2025-10-09 13:39:27,3.49,29900,3.49,D
sz000592,平潭发展,2025-10-09 13:39:57,3.49,52500,3.49,D
sz000592,平潭发展,2025-10-09 13:41:18,3.49,50900,3.5,D
sz000592,平潭发展,2025-10-09 13:42:24,3.49,101800,3.49,D
sz000592,平潭发展,2025-10-09 13:43:45,3.49,20200,3.5,D
sz000592,平潭发展,2025-10-09 13:44:21,3.49,21900,3.49,D
sz000592,平潭发展,2025-10-09 13:44:30,3.49,31100,3.49,D
sz000592,平潭发展,2025-10-09 13:45:06,3.49,31900,3.49,D
sz000592,平潭发展,2025-10-09 13:45:09,3.49,27900,3.49,D
sz000592,平潭发展,2025-10-09 13:45:12,3.49,426500,3.49,D
sz000592,平潭发展,2025-10-09 13:45:27,3.49,40200,3.49,D
sz000592,平潭发展,2025-10-09 13:45:30,3.49,42100,3.49,D
sz000592,平潭发展,2025-10-09 13:45:33,3.49,46600,3.49,D
sz000592,平潭发展,2025-10-09 13:45:36,3.49,26800,3.49,U
sz000592,平潭发展,2025-10-09 13:45:39,3.49,24600,3.49,U
sz000592,平潭发展,2025-10-09 13:45:54,3.48,32900,3.49,D
sz000592,平潭发展,2025-10-09 13:46:03,3.48,55100,3.48,D
sz000592,平潭发展,2025-10-09 13:46:09,3.49,131500,3.48,U
sz000592,平潭发展,2025-10-09 13:46:12,3.49,26900,3.49,U
sz000592,平潭发展,2025-10-09 13:46:33,3.49,33000,3.49,D
sz000592,平潭发展,2025-10-09 13:46:48,3.49,50000,3.5,D
sz000592,平潭发展,2025-10-09 13:46:57,3.49,46700,3.49,D
sz000592,平潭发展,2025-10-09 13:47:06,3.49,23600,3.49,D
sz000592,平潭发展,2025-10-09 13:47:09,3.49,27500,3.49,U
sz000592,平潭发展,2025-10-09 13:47:39,3.49,33300,3.49,U
sz000592,平潭发展,2025-10-09 13:48:54,3.48,32300,3.49,D
sz000592,平潭发展,2025-10-09 13:49:00,3.48,740000,3.48,D
sz000592,平潭发展,2025-10-09 13:49:03,3.48,24700,3.48,D
sz000592,平潭发展,2025-10-09 13:49:06,3.48,26400,3.48,D
sz000592,平潭发展,2025-10-09 13:50:06,3.49,34400,3.49,U
sz000592,平潭发展,2025-10-09 13:52:45,3.48,90400,3.49,D
sz000592,平潭发展,2025-10-09 13:53:39,3.48,22200,3.48,D
sz000592,平潭发展,2025-10-09 13:54:12,3.49,81200,3.48,U
sz000592,平潭发展,2025-10-09 13:54:15,3.49,63000,3.49,U
sz000592,平潭发展,2025-10-09 13:54:18,3.49,254800,3.49,U
sz000592,平潭发展,2025-10-09 13:55:15,3.49,29400,3.5,D
sz000592,平潭发展,2025-10-09 13:57:12,3.5,20000,3.49,U
sz000592,平潭发展,2025-10-09 13:59:09,3.5,87100,3.49,U
sz000592,平潭发展,2025-10-09 13:59:15,3.49,170300,3.5,D
sz000592,平潭发展,2025-10-09 13:59:39,3.49,20100,3.49,D
sz000592,平潭发展,2025-10-09 14:00:18,3.5,23200,3.49,U
sz000592,平潭发展,2025-10-09 14:00:30,3.5,259200,3.5,U
sz000592,平潭发展,2025-10-09 14:00:36,3.49,91700,3.49,D
sz000592,平潭发展,2025-10-09 14:00:39,3.49,72400,3.49,U
sz000592,平潭发展,2025-10-09 14:00:45,3.49,40600,3.49,U
sz000592,平潭发展,2025-10-09 14:00:57,3.49,50800,3.49,D
sz000592,平潭发展,2025-10-09 14:01:03,3.5,51300,3.49,U
sz000592,平潭发展,2025-10-09 14:01:30,3.49,29900,3.5,D
sz000592,平潭发展,2025-10-09 14:02:51,3.49,35600,3.49,D
sz000592,平潭发展,2025-10-09 14:02:54,3.49,121300,3.49,D
sz000592,平潭发展,2025-10-09 14:02:57,3.49,22200,3.49,D
sz000592,平潭发展,2025-10-09 14:03:06,3.49,26300,3.49,D
sz000592,平潭发展,2025-10-09 14:03:30,3.5,42100,3.49,U
sz000592,平潭发展,2025-10-09 14:04:24,3.49,60700,3.5,D
sz000592,平潭发展,2025-10-09 14:04:36,3.49,30000,3.5,D
sz000592,平潭发展,2025-10-09 14:04:51,3.5,209900,3.49,U
sz000592,平潭发展,2025-10-09 14:06:06,3.49,157300,3.49,D
sz000592,平潭发展,2025-10-09 14:06:21,3.49,64200,3.49,D
sz000592,平潭发展,2025-10-09 14:06:42,3.49,29900,3.49,D
sz000592,平潭发展,2025-10-09 14:06:45,3.49,167000,3.49,U
sz000592,平潭发展,2025-10-09 14:06:48,3.49,59900,3.49,U
sz000592,平潭发展,2025-10-09 14:06:51,3.49,197500,3.49,U
sz000592,平潭发展,2025-10-09 14:07:24,3.5,27600,3.49,U
sz000592,平潭发展,2025-10-09 14:07:42,3.49,20100,3.49,D
sz000592,平潭发展,2025-10-09 14:08:00,3.49,30400,3.49,D
sz000592,平潭发展,2025-10-09 14:09:03,3.49,96600,3.49,D
sz000592,平潭发展,2025-10-09 14:09:57,3.49,343600,3.49,D
sz000592,平潭发展,2025-10-09 14:10:39,3.49,91800,3.49,D
sz000592,平潭发展,2025-10-09 14:10:54,3.49,29900,3.49,D
sz000592,平潭发展,2025-10-09 14:11:00,3.49,24600,3.49,D
sz000592,平潭发展,2025-10-09 14:12:33,3.49,23400,3.49,D
sz000592,平潭发展,2025-10-09 14:13:06,3.49,30800,3.49,D
sz000592,平潭发展,2025-10-09 14:13:27,3.5,31800,3.49,U
sz000592,平潭发展,2025-10-09 14:14:57,3.49,20100,3.49,D
sz000592,平潭发展,2025-10-09 14:15:03,3.49,44800,3.49,D
sz000592,平潭发展,2025-10-09 14:15:06,3.49,28000,3.49,D
sz000592,平潭发展,2025-10-09 14:16:51,3.49,30600,3.5,D
sz000592,平潭发展,2025-10-09 14:18:21,3.49,45000,3.49,D
sz000592,平潭发展,2025-10-09 14:18:33,3.5,129600,3.49,U
sz000592,平潭发展,2025-10-09 14:18:39,3.49,64100,3.5,D
sz000592,平潭发展,2025-10-09 14:19:09,3.49,31900,3.49,D
sz000592,平潭发展,2025-10-09 14:19:36,3.49,31800,3.49,D
sz000592,平潭发展,2025-10-09 14:22:27,3.5,55800,3.49,U
sz000592,平潭发展,2025-10-09 14:22:30,3.5,28500,3.5,U
sz000592,平潭发展,2025-10-09 14:22:42,3.5,20000,3.49,U
sz000592,平潭发展,2025-10-09 14:23:24,3.49,27300,3.49,D
sz000592,平潭发展,2025-10-09 14:27:00,3.49,45800,3.49,D
sz000592,平潭发展,2025-10-09 14:27:27,3.49,24300,3.49,D
sz000592,平潭发展,2025-10-09 14:27:45,3.49,187700,3.5,D
sz000592,平潭发展,2025-10-09 14:27:48,3.49,91900,3.49,D
sz000592,平潭发展,2025-10-09 14:27:51,3.49,132900,3.49,D
sz000592,平潭发展,2025-10-09 14:28:30,3.48,31900,3.48,D
sz000592,平潭发展,2025-10-09 14:28:33,3.48,56200,3.48,D
sz000592,平潭发展,2025-10-09 14:29:03,3.49,72100,3.49,U
sz000592,平潭发展,2025-10-09 14:30:21,3.49,400752,3.49,U
sz000592,平潭发展,2025-10-09 14:30:36,3.5,198300,3.49,U
sz000592,平潭发展,2025-10-09 14:31:06,3.5,25400,3.5,U
sz000592,平潭发展,2025-10-09 14:31:24,3.5,23100,3.5,U
sz000592,平潭发展,2025-10-09 14:32:00,3.49,39000,3.5,D
sz000592,平潭发展,2025-10-09 14:33:12,3.49,21200,3.49,D
sz000592,平潭发展,2025-10-09 14:33:21,3.49,30500,3.49,D
sz000592,平潭发展,2025-10-09 14:33:36,3.5,156200,3.49,U
sz000592,平潭发展,2025-10-09 14:34:36,3.49,24800,3.5,D
sz000592,平潭发展,2025-10-09 14:35:39,3.49,39700,3.49,D
sz000592,平潭发展,2025-10-09 14:35:57,3.5,151300,3.5,U
sz000592,平潭发展,2025-10-09 14:36:57,3.49,20000,3.49,D
sz000592,平潭发展,2025-10-09 14:38:15,3.49,79500,3.49,D
sz000592,平潭发展,2025-10-09 14:38:24,3.49,61500,3.5,D
sz000592,平潭发展,2025-10-09 14:38:48,3.5,28600,3.49,U
sz000592,平潭发展,2025-10-09 14:39:12,3.49,29400,3.49,D
sz000592,平潭发展,2025-10-09 14:39:18,3.49,28200,3.49,D
sz000592,平潭发展,2025-10-09 14:39:33,3.49,204800,3.49,D
sz000592,平潭发展,2025-10-09 14:39:45,3.5,149748,3.49,U
sz000592,平潭发展,2025-10-09 14:39:57,3.49,68600,3.49,D
sz000592,平潭发展,2025-10-09 14:40:00,3.49,116800,3.49,U
sz000592,平潭发展,2025-10-09 14:40:18,3.49,23200,3.49,U
sz000592,平潭发展,2025-10-09 14:40:21,3.49,31200,3.49,U
sz000592,平潭发展,2025-10-09 14:40:30,3.5,48000,3.49,U
sz000592,平潭发展,2025-10-09 14:41:03,3.49,67100,3.49,D
sz000592,平潭发展,2025-10-09 14:41:12,3.49,207700,3.49,D
sz000592,平潭发展,2025-10-09 14:41:21,3.49,43200,3.49,D
sz000592,平潭发展,2025-10-09 14:43:06,3.49,155900,3.48,U
sz000592,平潭发展,2025-10-09 14:43:15,3.49,40500,3.49,U
sz000592,平潭发展,2025-10-09 14:43:51,3.49,25300,3.49,U
sz000592,平潭发展,2025-10-09 14:44:30,3.49,60700,3.49,U
sz000592,平潭发展,2025-10-09 14:44:39,3.49,35300,3.49,D
sz000592,平潭发展,2025-10-09 14:45:18,3.49,46700,3.49,U
sz000592,平潭发展,2025-10-09 14:45:30,3.49,36500,3.49,D
sz000592,平潭发展,2025-10-09 14:46:54,3.49,272200,3.5,D
sz000592,平潭发展,2025-10-09 14:46:57,3.49,21600,3.49,D
sz000592,平潭发展,2025-10-09 14:47:12,3.48,78200,3.49,D
sz000592,平潭发展,2025-10-09 14:47:39,3.49,25100,3.49,U
sz000592,平潭发展,2025-10-09 14:47:48,3.49,27200,3.49,U
sz000592,平潭发展,2025-10-09 14:48:12,3.49,35700,3.49,U
sz000592,平潭发展,2025-10-09 14:48:27,3.49,50300,3.49,U
sz000592,平潭发展,2025-10-09 14:48:48,3.49,53000,3.48,U
sz000592,平潭发展,2025-10-09 14:49:03,3.48,132500,3.48,D
sz000592,平潭发展,2025-10-09 14:49:06,3.49,52900,3.48,U
sz000592,平潭发展,2025-10-09 14:49:15,3.49,48200,3.49,U
sz000592,平潭发展,2025-10-09 14:49:24,3.49,23400,3.49,U
sz000592,平潭发展,2025-10-09 14:49:51,3.48,32400,3.49,D
sz000592,平潭发展,2025-10-09 14:50:03,3.48,125400,3.49,D
sz000592,平潭发展,2025-10-09 14:50:06,3.49,31000,3.48,U
sz000592,平潭发展,2025-10-09 14:50:12,3.48,46800,3.49,D
sz000592,平潭发展,2025-10-09 14:50:48,3.49,48200,3.49,U
sz000592,平潭发展,2025-10-09 14:51:24,3.49,32500,3.48,U
sz000592,平潭发展,2025-10-09 14:51:33,3.49,50000,3.48,U
sz000592,平潭发展,2025-10-09 14:51:54,3.49,32300,3.48,U
sz000592,平潭发展,2025-10-09 14:51:57,3.49,132100,3.49,U
sz000592,平潭发展,2025-10-09 14:52:03,3.48,43800,3.49,D
sz000592,平潭发展,2025-10-09 14:52:15,3.49,49500,3.49,U
sz000592,平潭发展,2025-10-09 14:52:21,3.48,60000,3.48,D
sz000592,平潭发展,2025-10-09 14:52:54,3.48,20700,3.49,D
sz000592,平潭发展,2025-10-09 14:53:03,3.49,72400,3.48,U
sz000592,平潭发展,2025-10-09 14:53:15,3.49,41900,3.49,U
sz000592,平潭发展,2025-10-09 14:53:27,3.48,263700,3.49,D
sz000592,平潭发展,2025-10-09 14:53:54,3.48,213700,3.49,D
sz000592,平潭发展,2025-10-09 14:54:03,3.48,43200,3.49,D
sz000592,平潭发展,2025-10-09 14:54:15,3.48,29500,3.49,D
sz000592,平潭发展,2025-10-09 14:54:18,3.5,665776,3.48,U
sz000592,平潭发展,2025-10-09 14:54:30,3.5,60600,3.5,U
sz000592,平潭发展,2025-10-09 14:54:39,3.5,160500,3.49,U
sz000592,平潭发展,2025-10-09 14:54:54,3.49,32500,3.5,D
sz000592,平潭发展,2025-10-09 14:55:12,3.49,158600,3.5,D
sz000592,平潭发展,2025-10-09 14:55:15,3.49,82900,3.49,D
sz000592,平潭发展,2025-10-09 14:55:18,3.49,27000,3.49,D
sz000592,平潭发展,2025-10-09 14:55:54,3.49,49100,3.5,D
sz000592,平潭发展,2025-10-09 14:56:00,3.5,31800,3.5,U
sz000592,平潭发展,2025-10-09 14:56:06,3.5,22300,3.49,U
sz000592,平潭发展,2025-10-09 14:56:12,3.5,24800,3.5,U
sz000592,平潭发展,2025-10-09 14:56:18,3.5,47700,3.5,U
sz000592,平潭发展,2025-10-09 14:56:21,3.49,87100,3.5,D
sz000592,平潭发展,2025-10-09 14:56:24,3.5,77800,3.49,U
sz000592,平潭发展,2025-10-09 14:56:27,3.5,43900,3.5,U
sz000592,平潭发展,2025-10-09 14:56:30,3.49,22900,3.5,D
sz000592,平潭发展,2025-10-09 14:56:33,3.5,49000,3.49,U
sz000592,平潭发展,2025-10-09 14:56:36,3.5,103200,3.5,U
sz000592,平潭发展,2025-10-09 14:56:39,3.5,38100,3.5,U
sz000592,平潭发展,2025-10-09 14:56:42,3.5,36400,3.5,U
sz000592,平潭发展,2025-10-09 14:56:48,3.5,53800,3.5,U
sz000592,平潭发展,2025-10-09 14:56:51,3.5,48100,3.5,U
sz000592,平潭发展,2025-10-09 14:56:54,3.5,461052,3.5,U
sz000592,平潭发展,2025-10-09 15:00:00,3.49,1260500,3.5,E
