symbol,name,ticktime,price,volume,prev_price,kind
sz000592,平潭发展,2025-09-25 09:25:00,3.4,522700,0.0,U
sz000592,平潭发展,2025-09-25 09:30:00,3.4,59800,3.4,D
sz000592,平潭发展,2025-09-25 09:30:03,3.4,773700,3.4,D
sz000592,平潭发展,2025-09-25 09:30:06,3.38,123800,3.4,D
sz000592,平潭发展,2025-09-25 09:30:09,3.37,146100,3.38,D
sz000592,平潭发展,2025-09-25 09:30:15,3.37,23600,3.37,D
sz000592,平潭发展,2025-09-25 09:30:18,3.37,87400,3.37,D
sz000592,平潭发展,2025-09-25 09:30:21,3.38,48400,3.37,U
sz000592,平潭发展,2025-09-25 09:30:24,3.38,78900,3.38,U
sz000592,平潭发展,2025-09-25 09:30:27,3.37,24900,3.38,D
sz000592,平潭发展,2025-09-25 09:30:30,3.37,23800,3.37,D
sz000592,平潭发展,2025-09-25 09:30:33,3.37,104300,3.37,D
sz000592,平潭发展,2025-09-25 09:30:36,3.37,32100,3.37,D
sz000592,平潭发展,2025-09-25 09:30:45,3.37,402100,3.37,D
sz000592,平潭发展,2025-09-25 09:30:48,3.36,500700,3.37,D
sz000592,平潭发展,2025-09-25 09:30:51,3.36,25100,3.36,U
sz000592,平潭发展,2025-09-25 09:30:54,3.36,158100,3.36,U
sz000592,平潭发展,2025-09-25 09:30:57,3.35,88000,3.36,D
sz000592,平潭发展,2025-09-25 09:31:00,3.36,59300,3.35,U
sz000592,平潭发展,2025-09-25 09:31:03,3.35,113900,3.36,D
sz000592,平潭发展,2025-09-25 09:31:06,3.35,27000,3.35,D
sz000592,平潭发展,2025-09-25 09:31:09,3.35,60400,3.35,D
sz000592,平潭发展,2025-09-25 09:31:12,3.35,89000,3.35,D
sz000592,平潭发展,2025-09-25 09:31:15,3.35,132700,3.35,D
sz000592,平潭发展,2025-09-25 09:31:21,3.36,32300,3.35,U
sz000592,平潭发展,2025-09-25 09:31:24,3.35,52300,3.36,D
sz000592,平潭发展,2025-09-25 09:31:27,3.36,59900,3.35,U
sz000592,平潭发展,2025-09-25 09:31:33,3.36,63500,3.35,U
sz000592,平潭发展,2025-09-25 09:31:36,3.36,41100,3.36,U
sz000592,平潭发展,2025-09-25 09:31:39,3.38,176600,3.36,U
sz000592,平潭发展,2025-09-25 09:31:54,3.36,128700,3.37,D
sz000592,平潭发展,2025-09-25 09:32:00,3.37,37900,3.36,U
sz000592,平潭发展,2025-09-25 09:32:06,3.37,38400,3.37,U
sz000592,平潭发展,2025-09-25 09:32:12,3.36,31800,3.36,D
sz000592,平潭发展,2025-09-25 09:32:21,3.37,37500,3.36,U
sz000592,平潭发展,2025-09-25 09:32:42,3.36,31000,3.37,D
sz000592,平潭发展,2025-09-25 09:33:03,3.36,22400,3.36,D
sz000592,平潭发展,2025-09-25 09:33:06,3.36,87600,3.36,D
sz000592,平潭发展,2025-09-25 09:33:18,3.36,31100,3.36,D
sz000592,平潭发展,2025-09-25 09:33:21,3.36,47300,3.36,D
sz000592,平潭发展,2025-09-25 09:33:30,3.36,22300,3.36,D
sz000592,平潭发展,2025-09-25 09:33:51,3.36,22100,3.36,D
sz000592,平潭发展,2025-09-25 09:33:57,3.37,69400,3.36,U
sz000592,平潭发展,2025-09-25 09:34:03,3.37,40300,3.36,U
sz000592,平潭发展,2025-09-25 09:34:06,3.37,39400,3.37,U
sz000592,平潭发展,2025-09-25 09:34:12,3.37,56900,3.37,U
sz000592,平潭发展,2025-09-25 09:34:21,3.37,57300,3.37,U
sz000592,平潭发展,2025-09-25 09:34:33,3.36,24100,3.36,D
sz000592,平潭发展,2025-09-25 09:34:39,3.37,65300,3.37,U
sz000592,平潭发展,2025-09-25 09:34:42,3.36,86900,3.37,D
sz000592,平潭发展,2025-09-25 09:34:54,3.36,25600,3.36,D
sz000592,平潭发展,2025-09-25 09:35:03,3.36,688800,3.36,D
sz000592,平潭发展,2025-09-25 09:35:06,3.36,32000,3.36,U
sz000592,平潭发展,2025-09-25 09:35:30,3.36,56800,3.36,U
sz000592,平潭发展,2025-09-25 09:35:33,3.36,113300,3.36,U
sz000592,平潭发展,2025-09-25 09:35:36,3.36,33200,3.36,D
sz000592,平潭发展,2025-09-25 09:35:48,3.35,56100,3.36,D
sz000592,平潭发展,2025-09-25 09:35:51,3.35,313500,3.35,D
sz000592,平潭发展,2025-09-25 09:36:00,3.35,65600,3.36,D
sz000592,平潭发展,2025-09-25 09:36:06,3.36,309100,3.35,U
sz000592,平潭发展,2025-09-25 09:36:33,3.36,28200,3.36,D
sz000592,平潭发展,2025-09-25 09:37:00,3.36,46700,3.37,D
sz000592,平潭发展,2025-09-25 09:37:03,3.37,31900,3.36,U
sz000592,平潭发展,2025-09-25 09:37:12,3.37,142000,3.37,U
sz000592,平潭发展,2025-09-25 09:37:45,3.36,44100,3.36,D
sz000592,平潭发展,2025-09-25 09:37:57,3.37,72000,3.37,U
sz000592,平潭发展,2025-09-25 09:38:36,3.36,74500,3.37,D
sz000592,平潭发展,2025-09-25 09:38:51,3.36,20700,3.36,D
sz000592,平潭发展,2025-09-25 09:39:15,3.36,32000,3.36,D
sz000592,平潭发展,2025-09-25 09:39:33,3.37,30900,3.36,U
sz000592,平潭发展,2025-09-25 09:39:39,3.36,30200,3.36,D
sz000592,平潭发展,2025-09-25 09:39:48,3.36,197600,3.36,D
sz000592,平潭发展,2025-09-25 09:39:51,3.36,151600,3.36,D
sz000592,平潭发展,2025-09-25 09:39:54,3.36,30200,3.36,D
sz000592,平潭发展,2025-09-25 09:40:03,3.37,272058,3.37,U
sz000592,平潭发展,2025-09-25 09:40:24,3.38,29500,3.38,U
sz000592,平潭发展,2025-09-25 09:40:27,3.38,25600,3.38,U
sz000592,平潭发展,2025-09-25 09:40:39,3.37,30000,3.38,D
sz000592,平潭发展,2025-09-25 09:40:42,3.38,106400,3.37,U
sz000592,平潭发展,2025-09-25 09:41:00,3.37,27000,3.37,D
sz000592,平潭发展,2025-09-25 09:41:09,3.38,26000,3.38,U
sz000592,平潭发展,2025-09-25 09:41:21,3.37,194600,3.38,D
sz000592,平潭发展,2025-09-25 09:43:54,3.37,22500,3.38,D
sz000592,平潭发展,2025-09-25 09:44:09,3.37,41600,3.37,D
sz000592,平潭发展,2025-09-25 09:44:12,3.37,57000,3.37,D
sz000592,平潭发展,2025-09-25 09:44:15,3.37,364400,3.37,D
sz000592,平潭发展,2025-09-25 09:44:21,3.37,25800,3.37,U
sz000592,平潭发展,2025-09-25 09:44:27,3.37,46300,3.37,U
sz000592,平潭发展,2025-09-25 09:44:57,3.36,20300,3.36,D
sz000592,平潭发展,2025-09-25 09:45:24,3.37,44100,3.37,U
sz000592,平潭发展,2025-09-25 09:45:30,3.36,35300,3.36,D
sz000592,平潭发展,2025-09-25 09:45:48,3.36,62500,3.36,D
sz000592,平潭发展,2025-09-25 09:45:57,3.36,21800,3.37,D
sz000592,平潭发展,2025-09-25 09:46:12,3.36,25900,3.37,D
sz000592,平潭发展,2025-09-25 09:46:15,3.36,119800,3.36,D
sz000592,平潭发展,2025-09-25 09:46:27,3.37,26100,3.37,U
sz000592,平潭发展,2025-09-25 09:46:30,3.37,331000,3.37,U
sz000592,平潭发展,2025-09-25 09:46:33,3.37,161300,3.37,D
sz000592,平潭发展,2025-09-25 09:46:36,3.36,31200,3.37,D
sz000592,平潭发展,2025-09-25 09:46:42,3.37,59100,3.37,U
sz000592,平潭发展,2025-09-25 09:46:51,3.36,21400,3.37,D
sz000592,平潭发展,2025-09-25 09:48:00,3.36,42500,3.36,D
sz000592,平潭发展,2025-09-25 09:48:18,3.36,61000,3.36,D
sz000592,平潭发展,2025-09-25 09:48:24,3.37,44900,3.36,U
sz000592,平潭发展,2025-09-25 09:48:36,3.36,26500,3.36,D
sz000592,平潭发展,2025-09-25 09:49:09,3.36,123600,3.36,D
sz000592,平潭发展,2025-09-25 09:49:15,3.36,55800,3.36,D
sz000592,平潭发展,2025-09-25 09:49:21,3.37,30800,3.36,U
sz000592,平潭发展,2025-09-25 09:50:00,3.36,27200,3.36,D
sz000592,平潭发展,2025-09-25 09:50:18,3.36,832366,3.36,D
sz000592,平潭发展,2025-09-25 09:50:21,3.36,73600,3.36,U
sz000592,平潭发展,2025-09-25 09:51:15,3.36,25500,3.36,U
sz000592,平潭发展,2025-09-25 09:51:21,3.35,40000,3.35,D
sz000592,平潭发展,2025-09-25 09:51:24,3.36,30000,3.35,U
sz000592,平潭发展,2025-09-25 09:51:27,3.36,31600,3.36,U
sz000592,平潭发展,2025-09-25 09:51:42,3.36,22900,3.36,U
sz000592,平潭发展,2025-09-25 09:52:06,3.35,32000,3.36,D
sz000592,平潭发展,2025-09-25 09:52:27,3.35,29600,3.35,D
sz000592,平潭发展,2025-09-25 09:52:30,3.35,93500,3.35,D
sz000592,平潭发展,2025-09-25 09:52:33,3.35,53300,3.35,D
sz000592,平潭发展,2025-09-25 09:53:03,3.35,44100,3.36,D
sz000592,平潭发展,2025-09-25 09:53:06,3.35,23100,3.35,D
sz000592,平潭发展,2025-09-25 09:53:18,3.36,71800,3.35,U
sz000592,平潭发展,2025-09-25 09:53:51,3.34,1646775,3.35,D
sz000592,平潭发展,2025-09-25 09:54:03,3.35,55500,3.34,U
sz000592,平潭发展,2025-09-25 09:54:18,3.35,103200,3.34,U
sz000592,平潭发展,2025-09-25 09:54:21,3.35,23800,3.35,U
sz000592,平潭发展,2025-09-25 09:54:24,3.35,216000,3.35,U
sz000592,平潭发展,2025-09-25 09:54:27,3.35,101400,3.35,U
sz000592,平潭发展,2025-09-25 09:54:30,3.34,536700,3.35,D
sz000592,平潭发展,2025-09-25 09:54:42,3.35,791100,3.34,U
sz000592,平潭发展,2025-09-25 09:54:48,3.34,33100,3.34,D
sz000592,平潭发展,2025-09-25 09:55:06,3.35,33900,3.35,U
sz000592,平潭发展,2025-09-25 09:55:12,3.35,20300,3.35,U
sz000592,平潭发展,2025-09-25 09:55:36,3.35,75600,3.34,U
sz000592,平潭发展,2025-09-25 09:55:39,3.34,23900,3.35,D
sz000592,平潭发展,2025-09-25 09:55:45,3.34,47400,3.34,D
sz000592,平潭发展,2025-09-25 09:55:48,3.34,33300,3.34,D
sz000592,平潭发展,2025-09-25 09:56:06,3.34,28800,3.34,D
sz000592,平潭发展,2025-09-25 09:56:09,3.34,45800,3.34,D
sz000592,平潭发展,2025-09-25 09:56:12,3.34,60000,3.34,D
sz000592,平潭发展,2025-09-25 09:56:18,3.34,84900,3.34,D
sz000592,平潭发展,2025-09-25 09:56:24,3.34,45700,3.34,D
sz000592,平潭发展,2025-09-25 09:56:33,3.34,46000,3.34,D
sz000592,平潭发展,2025-09-25 09:56:36,3.34,450300,3.34,D
sz000592,平潭发展,2025-09-25 09:56:39,3.34,34300,3.34,U
sz000592,平潭发展,2025-09-25 09:56:45,3.34,30800,3.34,U
sz000592,平潭发展,2025-09-25 09:56:48,3.34,29200,3.34,U
sz000592,平潭发展,2025-09-25 09:56:51,3.34,37500,3.34,U
sz000592,平潭发展,2025-09-25 09:57:00,3.34,74500,3.34,U
sz000592,平潭发展,2025-09-25 09:57:03,3.34,25000,3.34,U
sz000592,平潭发展,2025-09-25 09:57:12,3.34,33100,3.34,U
sz000592,平潭发展,2025-09-25 09:57:42,3.33,37600,3.34,D
sz000592,平潭发展,2025-09-25 09:58:18,3.34,25400,3.34,U
sz000592,平潭发展,2025-09-25 09:58:36,3.34,22700,3.34,U
sz000592,平潭发展,2025-09-25 09:58:39,3.34,229300,3.34,U
sz000592,平潭发展,2025-09-25 09:58:42,3.34,36100,3.34,D
sz000592,平潭发展,2025-09-25 09:58:45,3.34,32700,3.34,D
sz000592,平潭发展,2025-09-25 09:58:57,3.34,27100,3.34,D
sz000592,平潭发展,2025-09-25 09:59:00,3.34,81000,3.34,D
sz000592,平潭发展,2025-09-25 09:59:06,3.34,56000,3.33,U
sz000592,平潭发展,2025-09-25 09:59:15,3.34,46400,3.34,U
sz000592,平潭发展,2025-09-25 09:59:21,3.33,21300,3.33,D
sz000592,平潭发展,2025-09-25 09:59:30,3.34,26100,3.33,U
sz000592,平潭发展,2025-09-25 09:59:33,3.34,30700,3.34,U
sz000592,平潭发展,2025-09-25 10:00:00,3.33,33800,3.33,D
sz000592,平潭发展,2025-09-25 10:00:03,3.34,22900,3.33,U
sz000592,平潭发展,2025-09-25 10:00:27,3.34,60200,3.34,U
sz000592,平潭发展,2025-09-25 10:01:00,3.34,659800,3.34,U
sz000592,平潭发展,2025-09-25 10:01:03,3.34,66000,3.34,U
sz000592,平潭发展,2025-09-25 10:01:24,3.34,20600,3.34,U
sz000592,平潭发展,2025-09-25 10:01:45,3.34,20000,3.34,U
sz000592,平潭发展,2025-09-25 10:01:48,3.34,32700,3.34,U
sz000592,平潭发展,2025-09-25 10:01:51,3.34,89500,3.34,U
sz000592,平潭发展,2025-09-25 10:02:00,3.33,24100,3.34,D
sz000592,平潭发展,2025-09-25 10:02:03,3.33,32900,3.33,D
sz000592,平潭发展,2025-09-25 10:02:12,3.33,23100,3.33,D
sz000592,平潭发展,2025-09-25 10:02:27,3.33,20500,3.33,D
sz000592,平潭发展,2025-09-25 10:02:30,3.33,633400,3.33,D
sz000592,平潭发展,2025-09-25 10:02:33,3.33,57500,3.33,D
sz000592,平潭发展,2025-09-25 10:02:36,3.33,29800,3.33,D
sz000592,平潭发展,2025-09-25 10:02:57,3.33,52700,3.34,D
sz000592,平潭发展,2025-09-25 10:03:00,3.33,41100,3.33,D
sz000592,平潭发展,2025-09-25 10:03:03,3.34,74800,3.33,U
sz000592,平潭发展,2025-09-25 10:03:15,3.33,26000,3.33,D
sz000592,平潭发展,2025-09-25 10:03:24,3.33,21100,3.33,D
sz000592,平潭发展,2025-09-25 10:03:36,3.34,64200,3.33,U
sz000592,平潭发展,2025-09-25 10:03:51,3.33,25000,3.34,D
sz000592,平潭发展,2025-09-25 10:04:03,3.33,58000,3.34,D
sz000592,平潭发展,2025-09-25 10:04:15,3.34,64300,3.34,U
sz000592,平潭发展,2025-09-25 10:04:42,3.33,23500,3.34,D
sz000592,平潭发展,2025-09-25 10:04:51,3.33,35300,3.33,D
sz000592,平潭发展,2025-09-25 10:04:54,3.33,79700,3.33,D
sz000592,平潭发展,2025-09-25 10:05:03,3.33,224700,3.33,D
sz000592,平潭发展,2025-09-25 10:05:06,3.33,32700,3.33,D
sz000592,平潭发展,2025-09-25 10:05:48,3.33,298000,3.34,D
sz000592,平潭发展,2025-09-25 10:05:51,3.34,57700,3.33,U
sz000592,平潭发展,2025-09-25 10:06:30,3.34,55200,3.34,U
sz000592,平潭发展,2025-09-25 10:06:33,3.33,35700,3.34,D
sz000592,平潭发展,2025-09-25 10:06:36,3.34,105200,3.33,U
sz000592,平潭发展,2025-09-25 10:06:45,3.34,21500,3.33,U
sz000592,平潭发展,2025-09-25 10:06:48,3.34,20100,3.34,U
sz000592,平潭发展,2025-09-25 10:06:57,3.34,50000,3.34,U
sz000592,平潭发展,2025-09-25 10:07:03,3.33,31000,3.33,D
sz000592,平潭发展,2025-09-25 10:07:30,3.34,297400,3.34,U
sz000592,平潭发展,2025-09-25 10:07:39,3.34,47500,3.34,U
sz000592,平潭发展,2025-09-25 10:07:51,3.34,319300,3.34,U
sz000592,平潭发展,2025-09-25 10:07:54,3.34,43400,3.34,U
sz000592,平潭发展,2025-09-25 10:08:06,3.34,30000,3.34,U
sz000592,平潭发展,2025-09-25 10:08:15,3.34,95300,3.34,U
sz000592,平潭发展,2025-09-25 10:08:24,3.34,114100,3.34,U
sz000592,平潭发展,2025-09-25 10:08:27,3.33,53400,3.34,D
sz000592,平潭发展,2025-09-25 10:08:33,3.34,32700,3.34,U
sz000592,平潭发展,2025-09-25 10:09:00,3.34,100100,3.34,U
sz000592,平潭发展,2025-09-25 10:09:15,3.34,32700,3.34,U
sz000592,平潭发展,2025-09-25 10:09:21,3.34,69300,3.34,U
sz000592,平潭发展,2025-09-25 10:09:54,3.34,21200,3.34,U
sz000592,平潭发展,2025-09-25 10:09:57,3.34,28400,3.34,U
sz000592,平潭发展,2025-09-25 10:11:12,3.33,90400,3.34,D
sz000592,平潭发展,2025-09-25 10:11:42,3.33,29700,3.34,D
sz000592,平潭发展,2025-09-25 10:11:45,3.34,51900,3.33,U
sz000592,平潭发展,2025-09-25 10:12:48,3.34,32200,3.34,U
sz000592,平潭发展,2025-09-25 10:12:54,3.34,34700,3.33,U
sz000592,平潭发展,2025-09-25 10:13:00,3.33,34800,3.33,D
sz000592,平潭发展,2025-09-25 10:13:03,3.33,34000,3.33,D
sz000592,平潭发展,2025-09-25 10:13:06,3.34,35400,3.33,U
sz000592,平潭发展,2025-09-25 10:13:30,3.34,28100,3.34,U
sz000592,平潭发展,2025-09-25 10:13:33,3.34,50900,3.34,U
sz000592,平潭发展,2025-09-25 10:13:36,3.33,39900,3.34,D
sz000592,平潭发展,2025-09-25 10:14:00,3.34,62800,3.34,U
sz000592,平潭发展,2025-09-25 10:14:03,3.33,39200,3.34,D
sz000592,平潭发展,2025-09-25 10:14:12,3.33,31300,3.34,D
sz000592,平潭发展,2025-09-25 10:14:21,3.34,67400,3.33,U
sz000592,平潭发展,2025-09-25 10:14:36,3.33,58300,3.34,D
sz000592,平潭发展,2025-09-25 10:14:39,3.34,25000,3.33,U
sz000592,平潭发展,2025-09-25 10:14:42,3.34,77100,3.34,U
sz000592,平潭发展,2025-09-25 10:14:51,3.34,44500,3.33,U
sz000592,平潭发展,2025-09-25 10:15:21,3.33,23500,3.34,D
sz000592,平潭发展,2025-09-25 10:16:06,3.33,32200,3.33,D
sz000592,平潭发展,2025-09-25 10:17:06,3.34,61200,3.34,U
sz000592,平潭发展,2025-09-25 10:17:27,3.33,57000,3.34,D
sz000592,平潭发展,2025-09-25 10:17:30,3.34,111100,3.33,U
sz000592,平潭发展,2025-09-25 10:17:45,3.34,85000,3.34,U
sz000592,平潭发展,2025-09-25 10:17:48,3.34,46100,3.34,U
sz000592,平潭发展,2025-09-25 10:17:51,3.33,60400,3.34,D
sz000592,平潭发展,2025-09-25 10:18:36,3.34,30000,3.34,U
sz000592,平潭发展,2025-09-25 10:18:48,3.33,36200,3.33,D
sz000592,平潭发展,2025-09-25 10:19:06,3.33,22200,3.33,D
sz000592,平潭发展,2025-09-25 10:20:12,3.33,66500,3.34,D
sz000592,平潭发展,2025-09-25 10:20:18,3.33,29800,3.33,D
sz000592,平潭发展,2025-09-25 10:20:57,3.33,64700,3.33,D
sz000592,平潭发展,2025-09-25 10:21:03,3.33,80000,3.33,D
sz000592,平潭发展,2025-09-25 10:22:00,3.34,24400,3.34,U
sz000592,平潭发展,2025-09-25 10:22:21,3.33,39000,3.34,D
sz000592,平潭发展,2025-09-25 10:22:54,3.33,54500,3.34,D
sz000592,平潭发展,2025-09-25 10:22:57,3.33,22100,3.33,D
sz000592,平潭发展,2025-09-25 10:23:33,3.34,71100,3.33,U
sz000592,平潭发展,2025-09-25 10:24:18,3.33,32700,3.34,D
sz000592,平潭发展,2025-09-25 10:24:42,3.33,46100,3.34,D
sz000592,平潭发展,2025-09-25 10:25:18,3.33,87700,3.33,D
sz000592,平潭发展,2025-09-25 10:25:24,3.33,27000,3.34,D
sz000592,平潭发展,2025-09-25 10:27:15,3.34,26500,3.33,U
sz000592,平潭发展,2025-09-25 10:27:30,3.34,102200,3.33,U
sz000592,平潭发展,2025-09-25 10:27:36,3.34,77000,3.34,U
sz000592,平潭发展,2025-09-25 10:27:39,3.34,67500,3.34,U
sz000592,平潭发展,2025-09-25 10:27:42,3.33,20900,3.34,D
sz000592,平潭发展,2025-09-25 10:27:45,3.34,60000,3.33,U
sz000592,平潭发展,2025-09-25 10:28:33,3.34,46100,3.34,U
sz000592,平潭发展,2025-09-25 10:28:45,3.34,31300,3.33,U
sz000592,平潭发展,2025-09-25 10:29:03,3.34,24500,3.34,U
sz000592,平潭发展,2025-09-25 10:29:15,3.34,236400,3.34,U
sz000592,平潭发展,2025-09-25 10:29:30,3.34,56300,3.34,U
sz000592,平潭发展,2025-09-25 10:29:33,3.34,24800,3.34,U
sz000592,平潭发展,2025-09-25 10:29:36,3.33,32100,3.34,D
sz000592,平潭发展,2025-09-25 10:29:39,3.34,45400,3.33,U
sz000592,平潭发展,2025-09-25 10:31:00,3.34,30600,3.34,U
sz000592,平潭发展,2025-09-25 10:31:06,3.34,20000,3.33,U
sz000592,平潭发展,2025-09-25 10:31:18,3.34,56500,3.34,U
sz000592,平潭发展,2025-09-25 10:31:27,3.34,34100,3.34,U
sz000592,平潭发展,2025-09-25 10:31:36,3.34,63600,3.34,U
sz000592,平潭发展,2025-09-25 10:31:42,3.34,245000,3.34,U
sz000592,平潭发展,2025-09-25 10:31:45,3.34,60900,3.34,U
sz000592,平潭发展,2025-09-25 10:31:48,3.34,55000,3.34,U
sz000592,平潭发展,2025-09-25 10:31:51,3.34,33000,3.34,U
sz000592,平潭发展,2025-09-25 10:32:12,3.35,23500,3.34,U
sz000592,平潭发展,2025-09-25 10:32:15,3.35,25800,3.35,U
sz000592,平潭发展,2025-09-25 10:32:30,3.34,90400,3.35,D
sz000592,平潭发展,2025-09-25 10:32:51,3.34,367500,3.34,D
sz000592,平潭发展,2025-09-25 10:33:21,3.34,47600,3.34,U
sz000592,平潭发展,2025-09-25 10:33:27,3.34,23600,3.34,D
sz000592,平潭发展,2025-09-25 10:34:03,3.34,39700,3.34,D
sz000592,平潭发展,2025-09-25 10:34:21,3.34,109400,3.33,U
sz000592,平潭发展,2025-09-25 10:34:45,3.33,31200,3.33,D
sz000592,平潭发展,2025-09-25 10:35:39,3.34,136300,3.34,U
sz000592,平潭发展,2025-09-25 10:35:45,3.34,36500,3.34,D
sz000592,平潭发展,2025-09-25 10:37:24,3.34,20100,3.34,D
sz000592,平潭发展,2025-09-25 10:37:45,3.34,22500,3.34,D
sz000592,平潭发展,2025-09-25 10:41:51,3.35,22000,3.34,U
sz000592,平潭发展,2025-09-25 10:42:03,3.33,873400,3.34,D
sz000592,平潭发展,2025-09-25 10:42:15,3.34,23000,3.34,U
sz000592,平潭发展,2025-09-25 10:42:24,3.33,23600,3.34,D
sz000592,平潭发展,2025-09-25 10:42:36,3.34,21700,3.34,U
sz000592,平潭发展,2025-09-25 10:42:39,3.34,234100,3.34,U
sz000592,平潭发展,2025-09-25 10:42:54,3.34,61900,3.34,D
sz000592,平潭发展,2025-09-25 10:44:09,3.34,40700,3.34,D
sz000592,平潭发展,2025-09-25 10:44:15,3.34,33200,3.34,D
sz000592,平潭发展,2025-09-25 10:47:06,3.34,47200,3.34,D
sz000592,平潭发展,2025-09-25 10:48:48,3.34,143800,3.34,D
sz000592,平潭发展,2025-09-25 10:52:12,3.34,1514500,3.34,D
sz000592,平潭发展,2025-09-25 10:53:03,3.33,89400,3.34,D
sz000592,平潭发展,2025-09-25 10:53:45,3.34,32100,3.34,U
sz000592,平潭发展,2025-09-25 10:53:48,3.33,102400,3.34,D
sz000592,平潭发展,2025-09-25 10:55:30,3.33,38000,3.33,D
sz000592,平潭发展,2025-09-25 10:56:42,3.33,29900,3.34,D
sz000592,平潭发展,2025-09-25 10:58:06,3.33,25100,3.33,D
sz000592,平潭发展,2025-09-25 10:59:03,3.33,31600,3.34,D
sz000592,平潭发展,2025-09-25 11:01:12,3.34,99500,3.34,U
sz000592,平潭发展,2025-09-25 11:02:21,3.34,29500,3.33,U
sz000592,平潭发展,2025-09-25 11:02:42,3.33,24200,3.34,D
sz000592,平潭发展,2025-09-25 11:04:48,3.33,26400,3.33,D
sz000592,平潭发展,2025-09-25 11:04:54,3.33,33000,3.33,D
sz000592,平潭发展,2025-09-25 11:05:00,3.34,50000,3.33,U
sz000592,平潭发展,2025-09-25 11:05:24,3.34,55800,3.34,U
sz000592,平潭发展,2025-09-25 11:06:30,3.33,22200,3.33,D
sz000592,平潭发展,2025-09-25 11:08:00,3.33,154400,3.33,D
sz000592,平潭发展,2025-09-25 11:08:06,3.33,55800,3.33,D
sz000592,平潭发展,2025-09-25 11:09:51,3.33,70000,3.34,D
sz000592,平潭发展,2025-09-25 11:10:06,3.34,22900,3.33,U
sz000592,平潭发展,2025-09-25 11:10:09,3.34,39000,3.34,U
sz000592,平潭发展,2025-09-25 11:10:12,3.34,50700,3.34,U
sz000592,平潭发展,2025-09-25 11:11:06,3.33,23400,3.33,D
sz000592,平潭发展,2025-09-25 11:11:09,3.33,24100,3.33,D
sz000592,平潭发展,2025-09-25 11:11:12,3.33,79000,3.33,D
sz000592,平潭发展,2025-09-25 11:11:15,3.33,219400,3.33,D
sz000592,平潭发展,2025-09-25 11:11:18,3.33,1865200,3.33,D
sz000592,平潭发展,2025-09-25 11:11:21,3.33,41600,3.33,U
sz000592,平潭发展,2025-09-25 11:12:36,3.32,101400,3.32,D
sz000592,平潭发展,2025-09-25 11:12:57,3.32,731200,3.33,D
sz000592,平潭发展,2025-09-25 11:13:15,3.32,244500,3.32,D
sz000592,平潭发展,2025-09-25 11:14:27,3.32,83000,3.32,D
sz000592,平潭发展,2025-09-25 11:15:09,3.32,97700,3.32,D
sz000592,平潭发展,2025-09-25 11:15:12,3.32,149900,3.32,D
sz000592,平潭发展,2025-09-25 11:15:15,3.32,23600,3.32,D
sz000592,平潭发展,2025-09-25 11:15:18,3.32,45900,3.32,D
sz000592,平潭发展,2025-09-25 11:15:30,3.32,20100,3.32,D
sz000592,平潭发展,2025-09-25 11:15:36,3.32,40600,3.32,D
sz000592,平潭发展,2025-09-25 11:15:39,3.32,73400,3.32,D
sz000592,平潭发展,2025-09-25 11:15:45,3.32,32100,3.32,D
sz000592,平潭发展,2025-09-25 11:16:12,3.32,46800,3.32,D
sz000592,平潭发展,2025-09-25 11:16:15,3.32,40800,3.32,D
sz000592,平潭发展,2025-09-25 11:17:03,3.32,55600,3.33,D
sz000592,平潭发展,2025-09-25 11:18:12,3.33,28600,3.32,U
sz000592,平潭发展,2025-09-25 11:18:54,3.32,63600,3.32,D
sz000592,平潭发展,2025-09-25 11:19:54,3.33,33100,3.32,U
sz000592,平潭发展,2025-09-25 11:20:00,3.32,129000,3.33,D
sz000592,平潭发展,2025-09-25 11:20:24,3.32,25000,3.33,D
sz000592,平潭发展,2025-09-25 11:20:48,3.32,33700,3.32,D
sz000592,平潭发展,2025-09-25 11:24:33,3.32,20700,3.32,D
sz000592,平潭发展,2025-09-25 11:25:15,3.32,58700,3.32,D
sz000592,平潭发展,2025-09-25 11:27:03,3.32,129600,3.32,D
sz000592,平潭发展,2025-09-25 11:28:09,3.32,21300,3.32,D
sz000592,平潭发展,2025-09-25 11:28:36,3.32,24000,3.32,D
sz000592,平潭发展,2025-09-25 11:29:15,3.33,59100,3.32,U
sz000592,平潭发展,2025-09-25 13:00:00,3.32,29000,3.32,D
sz000592,平潭发展,2025-09-25 13:00:03,3.32,611900,3.32,D
sz000592,平潭发展,2025-09-25 13:00:06,3.32,191800,3.32,D
sz000592,平潭发展,2025-09-25 13:00:09,3.32,62500,3.32,D
sz000592,平潭发展,2025-09-25 13:00:12,3.33,56100,3.32,U
sz000592,平潭发展,2025-09-25 13:00:45,3.31,29700,3.31,D
sz000592,平潭发展,2025-09-25 13:01:27,3.31,59300,3.32,D
sz000592,平潭发展,2025-09-25 13:01:45,3.31,466800,3.31,D
sz000592,平潭发展,2025-09-25 13:01:57,3.31,55500,3.31,D
sz000592,平潭发展,2025-09-25 13:02:06,3.31,28600,3.31,D
sz000592,平潭发展,2025-09-25 13:02:30,3.31,37200,3.31,D
sz000592,平潭发展,2025-09-25 13:02:39,3.31,26500,3.31,D
sz000592,平潭发展,2025-09-25 13:02:48,3.32,190700,3.32,U
sz000592,平潭发展,2025-09-25 13:04:06,3.32,72000,3.31,U
sz000592,平潭发展,2025-09-25 13:04:12,3.31,56200,3.31,D
sz000592,平潭发展,2025-09-25 13:04:48,3.31,543100,3.31,D
sz000592,平潭发展,2025-09-25 13:04:57,3.31,61800,3.31,D
sz000592,平潭发展,2025-09-25 13:05:03,3.31,76600,3.32,D
sz000592,平潭发展,2025-09-25 13:05:42,3.31,23300,3.31,D
sz000592,平潭发展,2025-09-25 13:06:21,3.31,90100,3.32,D
sz000592,平潭发展,2025-09-25 13:07:24,3.31,29900,3.31,D
sz000592,平潭发展,2025-09-25 13:08:09,3.31,60800,3.31,D
sz000592,平潭发展,2025-09-25 13:08:12,3.31,294600,3.31,D
sz000592,平潭发展,2025-09-25 13:08:21,3.3,28700,3.31,D
sz000592,平潭发展,2025-09-25 13:08:27,3.31,136400,3.31,U
sz000592,平潭发展,2025-09-25 13:08:30,3.31,184400,3.31,D
sz000592,平潭发展,2025-09-25 13:08:48,3.31,56100,3.31,D
sz000592,平潭发展,2025-09-25 13:09:00,3.31,25900,3.31,D
sz000592,平潭发展,2025-09-25 13:09:03,3.31,63500,3.31,U
sz000592,平潭发展,2025-09-25 13:09:06,3.31,26800,3.31,D
sz000592,平潭发展,2025-09-25 13:09:12,3.3,43300,3.31,D
sz000592,平潭发展,2025-09-25 13:09:33,3.31,21300,3.31,D
sz000592,平潭发展,2025-09-25 13:09:42,3.31,26200,3.31,D
sz000592,平潭发展,2025-09-25 13:10:00,3.3,28400,3.3,D
sz000592,平潭发展,2025-09-25 13:10:24,3.3,20000,3.3,D
sz000592,平潭发展,2025-09-25 13:10:36,3.3,265300,3.3,D
sz000592,平潭发展,2025-09-25 13:11:00,3.31,27000,3.3,U
sz000592,平潭发展,2025-09-25 13:11:48,3.31,32600,3.3,U
sz000592,平潭发展,2025-09-25 13:11:54,3.31,39000,3.31,U
sz000592,平潭发展,2025-09-25 13:12:18,3.31,32200,3.31,U
sz000592,平潭发展,2025-09-25 13:12:21,3.3,50400,3.31,D
sz000592,平潭发展,2025-09-25 13:12:27,3.31,814800,3.3,U
sz000592,平潭发展,2025-09-25 13:12:30,3.31,25400,3.31,U
sz000592,平潭发展,2025-09-25 13:13:15,3.31,31200,3.31,U
sz000592,平潭发展,2025-09-25 13:13:27,3.3,24900,3.3,D
sz000592,平潭发展,2025-09-25 13:14:30,3.31,29000,3.31,U
sz000592,平潭发展,2025-09-25 13:15:06,3.31,77900,3.31,U
sz000592,平潭发展,2025-09-25 13:16:09,3.31,29500,3.3,U
sz000592,平潭发展,2025-09-25 13:16:12,3.31,121900,3.31,U
sz000592,平潭发展,2025-09-25 13:16:21,3.31,23700,3.31,U
sz000592,平潭发展,2025-09-25 13:16:48,3.31,75400,3.31,U
sz000592,平潭发展,2025-09-25 13:16:54,3.31,29900,3.31,D
sz000592,平潭发展,2025-09-25 13:16:57,3.31,152500,3.31,U
sz000592,平潭发展,2025-09-25 13:17:00,3.3,500100,3.31,D
sz000592,平潭发展,2025-09-25 13:17:03,3.3,22000,3.3,D
sz000592,平潭发展,2025-09-25 13:17:09,3.3,994800,3.3,D
sz000592,平潭发展,2025-09-25 13:17:12,3.3,165100,3.3,D
sz000592,平潭发展,2025-09-25 13:17:15,3.3,806000,3.3,D
sz000592,平潭发展,2025-09-25 13:17:51,3.29,36200,3.3,D
sz000592,平潭发展,2025-09-25 13:18:06,3.29,100600,3.29,D
sz000592,平潭发展,2025-09-25 13:19:18,3.29,65000,3.3,D
sz000592,平潭发展,2025-09-25 13:20:24,3.3,24500,3.3,U
sz000592,平潭发展,2025-09-25 13:20:30,3.3,20100,3.3,U
sz000592,平潭发展,2025-09-25 13:20:39,3.31,732500,3.3,U
sz000592,平潭发展,2025-09-25 13:20:45,3.3,100500,3.31,D
sz000592,平潭发展,2025-09-25 13:21:09,3.3,21500,3.3,D
sz000592,平潭发展,2025-09-25 13:21:15,3.3,280700,3.3,D
sz000592,平潭发展,2025-09-25 13:22:00,3.3,393200,3.3,U
sz000592,平潭发展,2025-09-25 13:22:12,3.29,22400,3.3,D
sz000592,平潭发展,2025-09-25 13:22:15,3.3,29700,3.29,U
sz000592,平潭发展,2025-09-25 13:22:48,3.3,22000,3.3,D
sz000592,平潭发展,2025-09-25 13:23:30,3.3,26300,3.31,D
sz000592,平潭发展,2025-09-25 13:23:57,3.31,35300,3.31,U
sz000592,平潭发展,2025-09-25 13:25:51,3.3,65500,3.3,D
sz000592,平潭发展,2025-09-25 13:27:18,3.3,27400,3.3,D
sz000592,平潭发展,2025-09-25 13:28:24,3.3,48400,3.31,D
sz000592,平潭发展,2025-09-25 13:28:48,3.3,25100,3.3,D
sz000592,平潭发展,2025-09-25 13:28:51,3.29,930100,3.3,D
sz000592,平潭发展,2025-09-25 13:28:54,3.3,31900,3.29,U
sz000592,平潭发展,2025-09-25 13:28:57,3.3,21200,3.3,U
sz000592,平潭发展,2025-09-25 13:29:36,3.29,295000,3.29,D
sz000592,平潭发展,2025-09-25 13:30:12,3.29,26600,3.29,D
sz000592,平潭发展,2025-09-25 13:30:18,3.29,23000,3.29,D
sz000592,平潭发展,2025-09-25 13:30:21,3.29,68700,3.29,D
sz000592,平潭发展,2025-09-25 13:30:24,3.29,25600,3.29,D
sz000592,平潭发展,2025-09-25 13:30:27,3.29,170700,3.29,D
sz000592,平潭发展,2025-09-25 13:30:36,3.29,32700,3.29,D
sz000592,平潭发展,2025-09-25 13:30:39,3.29,107200,3.29,D
sz000592,平潭发展,2025-09-25 13:33:21,3.29,48500,3.3,D
sz000592,平潭发展,2025-09-25 13:33:27,3.3,26600,3.29,U
sz000592,平潭发展,2025-09-25 13:33:51,3.3,27900,3.3,U
sz000592,平潭发展,2025-09-25 13:35:15,3.3,41500,3.3,U
sz000592,平潭发展,2025-09-25 13:35:18,3.3,86600,3.3,U
sz000592,平潭发展,2025-09-25 13:35:30,3.3,21200,3.29,U
sz000592,平潭发展,2025-09-25 13:35:42,3.3,20700,3.3,U
sz000592,平潭发展,2025-09-25 13:36:12,3.29,40000,3.3,D
sz000592,平潭发展,2025-09-25 13:36:42,3.29,162500,3.29,D
sz000592,平潭发展,2025-09-25 13:36:54,3.29,86200,3.29,D
sz000592,平潭发展,2025-09-25 13:37:18,3.29,30600,3.3,D
sz000592,平潭发展,2025-09-25 13:37:42,3.29,48600,3.3,D
sz000592,平潭发展,2025-09-25 13:38:00,3.29,73900,3.29,D
sz000592,平潭发展,2025-09-25 13:38:09,3.3,20000,3.29,U
sz000592,平潭发展,2025-09-25 13:38:39,3.3,30000,3.3,U
sz000592,平潭发展,2025-09-25 13:39:39,3.3,92200,3.3,U
sz000592,平潭发展,2025-09-25 13:39:42,3.3,319200,3.3,U
sz000592,平潭发展,2025-09-25 13:39:45,3.3,33900,3.3,U
sz000592,平潭发展,2025-09-25 13:39:48,3.29,36500,3.3,D
sz000592,平潭发展,2025-09-25 13:39:54,3.3,60900,3.3,U
sz000592,平潭发展,2025-09-25 13:39:57,3.3,117500,3.3,U
sz000592,平潭发展,2025-09-25 13:40:00,3.3,26400,3.3,U
sz000592,平潭发展,2025-09-25 13:40:12,3.3,30900,3.3,U
sz000592,平潭发展,2025-09-25 13:40:15,3.3,35700,3.3,U
sz000592,平潭发展,2025-09-25 13:40:18,3.3,28100,3.3,D
sz000592,平潭发展,2025-09-25 13:40:30,3.3,30700,3.3,U
sz000592,平潭发展,2025-09-25 13:40:39,3.3,65400,3.3,U
sz000592,平潭发展,2025-09-25 13:40:45,3.3,20600,3.3,U
sz000592,平潭发展,2025-09-25 13:41:09,3.3,31300,3.31,D
sz000592,平潭发展,2025-09-25 13:42:42,3.31,113800,3.31,U
sz000592,平潭发展,2025-09-25 13:43:36,3.3,21800,3.3,D
sz000592,平潭发展,2025-09-25 13:45:30,3.3,22000,3.31,D
sz000592,平潭发展,2025-09-25 13:45:45,3.29,871500,3.3,D
sz000592,平潭发展,2025-09-25 13:46:06,3.3,27100,3.29,U
sz000592,平潭发展,2025-09-25 13:47:03,3.3,50300,3.3,U
sz000592,平潭发展,2025-09-25 13:47:09,3.3,52400,3.3,U
sz000592,平潭发展,2025-09-25 13:47:12,3.3,86800,3.3,U
sz000592,平潭发展,2025-09-25 13:47:21,3.3,29100,3.3,U
sz000592,平潭发展,2025-09-25 13:47:48,3.29,144500,3.3,D
sz000592,平潭发展,2025-09-25 13:48:00,3.3,28000,3.29,U
sz000592,平潭发展,2025-09-25 13:48:48,3.3,68700,3.3,U
sz000592,平潭发展,2025-09-25 13:49:45,3.3,22200,3.3,U
sz000592,平潭发展,2025-09-25 13:50:15,3.3,23000,3.3,U
sz000592,平潭发展,2025-09-25 13:50:54,3.3,20700,3.3,U
sz000592,平潭发展,2025-09-25 13:51:48,3.3,47800,3.3,U
sz000592,平潭发展,2025-09-25 13:52:24,3.3,25500,3.3,U
sz000592,平潭发展,2025-09-25 13:52:30,3.29,53700,3.3,D
sz000592,平潭发展,2025-09-25 13:52:45,3.3,90000,3.3,U
sz000592,平潭发展,2025-09-25 13:53:09,3.3,49700,3.3,U
sz000592,平潭发展,2025-09-25 13:53:21,3.3,22600,3.3,U
sz000592,平潭发展,2025-09-25 13:53:24,3.29,21300,3.3,D
sz000592,平潭发展,2025-09-25 13:55:48,3.3,24200,3.3,U
sz000592,平潭发展,2025-09-25 13:55:57,3.3,43300,3.29,U
sz000592,平潭发展,2025-09-25 13:56:30,3.29,42900,3.3,D
sz000592,平潭发展,2025-09-25 13:57:45,3.29,27700,3.29,D
sz000592,平潭发展,2025-09-25 13:58:45,3.29,27700,3.29,D
sz000592,平潭发展,2025-09-25 13:59:39,3.3,21000,3.3,U
sz000592,平潭发展,2025-09-25 14:00:06,3.3,148400,3.3,U
sz000592,平潭发展,2025-09-25 14:00:57,3.3,174600,3.3,U
sz000592,平潭发展,2025-09-25 14:01:06,3.3,34500,3.3,D
sz000592,平潭发展,2025-09-25 14:01:21,3.3,20500,3.3,D
sz000592,平潭发展,2025-09-25 14:01:24,3.3,21100,3.3,D
sz000592,平潭发展,2025-09-25 14:02:51,3.29,59600,3.3,D
sz000592,平潭发展,2025-09-25 14:03:54,3.3,104500,3.3,U
sz000592,平潭发展,2025-09-25 14:04:00,3.3,20000,3.3,D
sz000592,平潭发展,2025-09-25 14:05:00,3.3,35800,3.3,U
sz000592,平潭发展,2025-09-25 14:05:06,3.3,38000,3.29,U
sz000592,平潭发展,2025-09-25 14:05:51,3.29,39800,3.29,D
sz000592,平潭发展,2025-09-25 14:06:03,3.3,24300,3.3,U
sz000592,平潭发展,2025-09-25 14:06:33,3.29,26000,3.3,D
sz000592,平潭发展,2025-09-25 14:06:48,3.29,27200,3.3,D
sz000592,平潭发展,2025-09-25 14:07:51,3.3,23000,3.3,U
sz000592,平潭发展,2025-09-25 14:10:33,3.3,68800,3.3,U
sz000592,平潭发展,2025-09-25 14:11:03,3.29,26400,3.3,D
sz000592,平潭发展,2025-09-25 14:11:42,3.29,27800,3.3,D
sz000592,平潭发展,2025-09-25 14:12:24,3.3,88600,3.3,U
sz000592,平潭发展,2025-09-25 14:13:30,3.3,32700,3.3,U
sz000592,平潭发展,2025-09-25 14:13:45,3.3,148700,3.3,U
sz000592,平潭发展,2025-09-25 14:13:48,3.29,31400,3.3,D
sz000592,平潭发展,2025-09-25 14:14:12,3.3,30800,3.31,D
sz000592,平潭发展,2025-09-25 14:14:42,3.3,30100,3.31,D
sz000592,平潭发展,2025-09-25 14:15:24,3.3,20700,3.3,D
sz000592,平潭发展,2025-09-25 14:15:42,3.3,21100,3.3,D
sz000592,平潭发展,2025-09-25 14:15:51,3.3,117500,3.3,D
sz000592,平潭发展,2025-09-25 14:15:54,3.3,24500,3.3,D
sz000592,平潭发展,2025-09-25 14:15:57,3.29,26600,3.3,D
sz000592,平潭发展,2025-09-25 14:16:24,3.3,21100,3.29,U
sz000592,平潭发展,2025-09-25 14:16:36,3.3,32600,3.3,U
sz000592,平潭发展,2025-09-25 14:17:39,3.3,60300,3.3,U
sz000592,平潭发展,2025-09-25 14:18:45,3.29,20600,3.3,D
sz000592,平潭发展,2025-09-25 14:19:15,3.29,28000,3.29,D
sz000592,平潭发展,2025-09-25 14:19:33,3.3,25800,3.3,U
sz000592,平潭发展,2025-09-25 14:19:57,3.29,20000,3.29,D
sz000592,平潭发展,2025-09-25 14:20:15,3.3,104800,3.3,U
sz000592,平潭发展,2025-09-25 14:20:27,3.3,43300,3.3,D
sz000592,平潭发展,2025-09-25 14:20:30,3.3,37500,3.3,D
sz000592,平潭发展,2025-09-25 14:22:06,3.31,30400,3.3,U
sz000592,平潭发展,2025-09-25 14:22:39,3.31,24000,3.31,U
sz000592,平潭发展,2025-09-25 14:24:33,3.3,51500,3.31,D
sz000592,平潭发展,2025-09-25 14:24:48,3.3,71800,3.3,D
sz000592,平潭发展,2025-09-25 14:26:18,3.31,20800,3.31,U
sz000592,平潭发展,2025-09-25 14:26:24,3.31,44400,3.31,U
sz000592,平潭发展,2025-09-25 14:26:33,3.31,377500,3.31,U
sz000592,平潭发展,2025-09-25 14:26:54,3.31,100300,3.31,D
sz000592,平潭发展,2025-09-25 14:27:12,3.31,87000,3.31,D
sz000592,平潭发展,2025-09-25 14:27:15,3.31,21300,3.31,D
sz000592,平潭发展,2025-09-25 14:27:18,3.31,74700,3.31,U
sz000592,平潭发展,2025-09-25 14:27:54,3.3,32300,3.3,D
sz000592,平潭发展,2025-09-25 14:27:57,3.3,27900,3.3,D
sz000592,平潭发展,2025-09-25 14:28:42,3.31,70700,3.3,U
sz000592,平潭发展,2025-09-25 14:28:57,3.31,44000,3.31,D
sz000592,平潭发展,2025-09-25 14:30:03,3.31,109900,3.32,D
sz000592,平潭发展,2025-09-25 14:30:12,3.31,23600,3.32,D
sz000592,平潭发展,2025-09-25 14:30:21,3.31,59400,3.31,D
sz000592,平潭发展,2025-09-25 14:30:24,3.31,66900,3.31,U
sz000592,平潭发展,2025-09-25 14:30:45,3.31,102200,3.31,U
sz000592,平潭发展,2025-09-25 14:31:06,3.31,121200,3.31,D
sz000592,平潭发展,2025-09-25 14:31:15,3.3,102100,3.31,D
sz000592,平潭发展,2025-09-25 14:31:27,3.31,22800,3.3,U
sz000592,平潭发展,2025-09-25 14:31:33,3.3,48700,3.31,D
sz000592,平潭发展,2025-09-25 14:31:42,3.3,32100,3.31,D
sz000592,平潭发展,2025-09-25 14:32:03,3.31,34000,3.3,U
sz000592,平潭发展,2025-09-25 14:32:15,3.3,36200,3.31,D
sz000592,平潭发展,2025-09-25 14:32:33,3.31,250100,3.31,U
sz000592,平潭发展,2025-09-25 14:32:54,3.3,333400,3.31,D
sz000592,平潭发展,2025-09-25 14:33:15,3.31,58300,3.31,U
sz000592,平潭发展,2025-09-25 14:33:51,3.31,367100,3.31,D
sz000592,平潭发展,2025-09-25 14:33:54,3.31,29900,3.31,D
sz000592,平潭发展,2025-09-25 14:34:30,3.31,42700,3.31,U
sz000592,平潭发展,2025-09-25 14:36:09,3.31,60900,3.31,D
sz000592,平潭发展,2025-09-25 14:36:57,3.32,34900,3.31,U
sz000592,平潭发展,2025-09-25 14:37:06,3.31,70300,3.31,D
sz000592,平潭发展,2025-09-25 14:37:21,3.31,20000,3.31,U
sz000592,平潭发展,2025-09-25 14:39:54,3.31,26800,3.31,U
sz000592,平潭发展,2025-09-25 14:40:36,3.31,42100,3.3,U
sz000592,平潭发展,2025-09-25 14:40:51,3.3,22700,3.31,D
sz000592,平潭发展,2025-09-25 14:41:54,3.31,20000,3.31,U
sz000592,平潭发展,2025-09-25 14:42:06,3.3,74100,3.3,D
sz000592,平潭发展,2025-09-25 14:42:30,3.31,38800,3.31,U
sz000592,平潭发展,2025-09-25 14:43:00,3.3,39300,3.3,D
sz000592,平潭发展,2025-09-25 14:43:12,3.31,384600,3.3,U
sz000592,平潭发展,2025-09-25 14:43:27,3.3,29800,3.3,D
sz000592,平潭发展,2025-09-25 14:43:30,3.3,22000,3.3,D
sz000592,平潭发展,2025-09-25 14:44:03,3.3,37600,3.3,D
sz000592,平潭发展,2025-09-25 14:44:30,3.3,29400,3.3,D
sz000592,平潭发展,2025-09-25 14:45:12,3.3,34800,3.31,D
sz000592,平潭发展,2025-09-25 14:47:06,3.3,23400,3.3,D
sz000592,平潭发展,2025-09-25 14:47:09,3.3,76700,3.3,D
sz000592,平潭发展,2025-09-25 14:47:18,3.31,59300,3.3,U
sz000592,平潭发展,2025-09-25 14:47:21,3.31,97300,3.31,U
sz000592,平潭发展,2025-09-25 14:47:36,3.3,20400,3.3,D
sz000592,平潭发展,2025-09-25 14:47:57,3.3,34300,3.31,D
sz000592,平潭发展,2025-09-25 14:48:00,3.31,38700,3.3,U
sz000592,平潭发展,2025-09-25 14:48:03,3.3,22100,3.31,D
sz000592,平潭发展,2025-09-25 14:48:06,3.31,59400,3.3,U
sz000592,平潭发展,2025-09-25 14:48:33,3.3,30900,3.3,D
sz000592,平潭发展,2025-09-25 14:48:42,3.3,524800,3.3,D
sz000592,平潭发展,2025-09-25 14:48:45,3.3,288600,3.3,D
sz000592,平潭发展,2025-09-25 14:48:57,3.3,28500,3.3,D
sz000592,平潭发展,2025-09-25 14:49:00,3.3,27900,3.3,D
sz000592,平潭发展,2025-09-25 14:49:03,3.3,86400,3.3,D
sz000592,平潭发展,2025-09-25 14:49:15,3.3,26300,3.3,D
sz000592,平潭发展,2025-09-25 14:49:21,3.3,34400,3.3,D
sz000592,平潭发展,2025-09-25 14:49:33,3.31,80100,3.3,U
sz000592,平潭发展,2025-09-25 14:49:51,3.31,34600,3.3,U
sz000592,平潭发展,2025-09-25 14:50:03,3.3,37900,3.31,D
sz000592,平潭发展,2025-09-25 14:50:21,3.3,20000,3.3,D
sz000592,平潭发展,2025-09-25 14:50:24,3.3,888900,3.3,D
sz000592,平潭发展,2025-09-25 14:50:30,3.3,36300,3.29,U
sz000592,平潭发展,2025-09-25 14:50:36,3.3,105700,3.3,U
sz000592,平潭发展,2025-09-25 14:50:39,3.3,25700,3.3,U
sz000592,平潭发展,2025-09-25 14:50:54,3.3,21100,3.3,U
sz000592,平潭发展,2025-09-25 14:50:57,3.3,35400,3.3,U
sz000592,平潭发展,2025-09-25 14:51:12,3.29,21300,3.3,D
sz000592,平潭发展,2025-09-25 14:51:24,3.3,60500,3.3,U
sz000592,平潭发展,2025-09-25 14:51:39,3.3,42400,3.3,U
sz000592,平潭发展,2025-09-25 14:51:42,3.3,112500,3.3,U
sz000592,平潭发展,2025-09-25 14:51:48,3.3,37200,3.3,U
sz000592,平潭发展,2025-09-25 14:51:51,3.29,110400,3.3,D
sz000592,平潭发展,2025-09-25 14:51:57,3.3,48100,3.3,U
sz000592,平潭发展,2025-09-25 14:52:00,3.3,26800,3.3,U
sz000592,平潭发展,2025-09-25 14:52:03,3.29,43900,3.3,D
sz000592,平潭发展,2025-09-25 14:52:12,3.3,27600,3.3,D
sz000592,平潭发展,2025-09-25 14:52:27,3.3,23700,3.3,D
sz000592,平潭发展,2025-09-25 14:52:30,3.3,23600,3.3,D
sz000592,平潭发展,2025-09-25 14:52:33,3.3,35100,3.3,D
sz000592,平潭发展,2025-09-25 14:52:48,3.3,23100,3.3,D
sz000592,平潭发展,2025-09-25 14:52:57,3.3,23400,3.3,D
sz000592,平潭发展,2025-09-25 14:53:09,3.31,177700,3.3,U
sz000592,平潭发展,2025-09-25 14:53:12,3.31,132600,3.31,U
sz000592,平潭发展,2025-09-25 14:53:18,3.3,26000,3.31,D
sz000592,平潭发展,2025-09-25 14:53:24,3.3,63000,3.3,D
sz000592,平潭发展,2025-09-25 14:53:36,3.3,27300,3.3,U
sz000592,平潭发展,2025-09-25 14:53:54,3.3,58400,3.3,U
sz000592,平潭发展,2025-09-25 14:54:00,3.29,75300,3.3,D
sz000592,平潭发展,2025-09-25 14:54:06,3.3,21200,3.29,U
sz000592,平潭发展,2025-09-25 14:54:12,3.3,148600,3.3,U
sz000592,平潭发展,2025-09-25 14:54:15,3.31,79400,3.3,U
sz000592,平潭发展,2025-09-25 14:54:33,3.3,26100,3.3,D
sz000592,平潭发展,2025-09-25 14:54:39,3.3,48400,3.3,D
sz000592,平潭发展,2025-09-25 14:54:51,3.3,26200,3.3,D
sz000592,平潭发展,2025-09-25 14:54:54,3.3,91500,3.3,D
sz000592,平潭发展,2025-09-25 14:55:00,3.3,58600,3.3,D
sz000592,平潭发展,2025-09-25 14:55:27,3.3,36000,3.3,D
sz000592,平潭发展,2025-09-25 14:55:39,3.3,85000,3.3,D
sz000592,平潭发展,2025-09-25 14:55:54,3.3,21300,3.3,D
sz000592,平潭发展,2025-09-25 14:56:00,3.3,20100,3.3,D
sz000592,平潭发展,2025-09-25 14:56:03,3.3,81600,3.3,D
sz000592,平潭发展,2025-09-25 14:56:12,3.3,70200,3.3,D
sz000592,平潭发展,2025-09-25 14:56:15,3.3,21100,3.3,D
sz000592,平潭发展,2025-09-25 14:56:18,3.3,47600,3.3,D
sz000592,平潭发展,2025-09-25 14:56:21,3.31,41500,3.3,U
sz000592,平潭发展,2025-09-25 14:56:24,3.31,25000,3.31,U
sz000592,平潭发展,2025-09-25 14:56:39,3.3,50600,3.31,D
sz000592,平潭发展,2025-09-25 14:56:48,3.3,44600,3.3,D
sz000592,平潭发展,2025-09-25 14:56:54,3.3,40000,3.3,D
sz000592,平潭发展,2025-09-25 14:56:57,3.3,28600,3.3,D
sz000592,平潭发展,2025-09-25 15:00:00,3.29,894800,3.3,E
