symbol,name,ticktime,price,volume,prev_price,kind
sz000592,平潭发展,2025-09-22 09:25:00,3.41,303400,0.0,D
sz000592,平潭发展,2025-09-22 09:30:00,3.42,130500,3.41,U
sz000592,平潭发展,2025-09-22 09:30:03,3.41,634300,3.42,D
sz000592,平潭发展,2025-09-22 09:30:06,3.41,474800,3.41,D
sz000592,平潭发展,2025-09-22 09:30:09,3.38,659200,3.41,D
sz000592,平潭发展,2025-09-22 09:30:12,3.38,139900,3.38,D
sz000592,平潭发展,2025-09-22 09:30:15,3.38,386300,3.38,D
sz000592,平潭发展,2025-09-22 09:30:18,3.37,380000,3.38,D
sz000592,平潭发展,2025-09-22 09:30:21,3.36,499500,3.37,D
sz000592,平潭发展,2025-09-22 09:30:24,3.35,288800,3.36,D
sz000592,平潭发展,2025-09-22 09:30:27,3.35,586700,3.35,D
sz000592,平潭发展,2025-09-22 09:30:30,3.35,71100,3.35,D
sz000592,平潭发展,2025-09-22 09:30:33,3.35,27000,3.35,U
sz000592,平潭发展,2025-09-22 09:30:36,3.34,152800,3.35,D
sz000592,平潭发展,2025-09-22 09:30:39,3.35,191600,3.34,U
sz000592,平潭发展,2025-09-22 09:30:42,3.35,90600,3.35,D
sz000592,平潭发展,2025-09-22 09:30:45,3.35,34200,3.35,D
sz000592,平潭发展,2025-09-22 09:30:48,3.35,114700,3.35,D
sz000592,平潭发展,2025-09-22 09:30:51,3.36,45200,3.35,U
sz000592,平潭发展,2025-09-22 09:30:54,3.35,149100,3.36,D
sz000592,平潭发展,2025-09-22 09:30:57,3.35,232000,3.35,D
sz000592,平潭发展,2025-09-22 09:31:00,3.35,194000,3.35,D
sz000592,平潭发展,2025-09-22 09:31:03,3.35,146300,3.35,U
sz000592,平潭发展,2025-09-22 09:31:06,3.35,379300,3.35,U
sz000592,平潭发展,2025-09-22 09:31:09,3.35,36000,3.35,U
sz000592,平潭发展,2025-09-22 09:31:12,3.34,144500,3.35,D
sz000592,平潭发展,2025-09-22 09:31:15,3.35,214600,3.34,U
sz000592,平潭发展,2025-09-22 09:31:18,3.35,43900,3.35,U
sz000592,平潭发展,2025-09-22 09:31:21,3.35,29900,3.35,U
sz000592,平潭发展,2025-09-22 09:31:24,3.35,58500,3.35,U
sz000592,平潭发展,2025-09-22 09:31:27,3.35,174000,3.35,U
sz000592,平潭发展,2025-09-22 09:31:30,3.36,40900,3.35,U
sz000592,平潭发展,2025-09-22 09:31:36,3.35,608100,3.35,D
sz000592,平潭发展,2025-09-22 09:31:39,3.35,235800,3.35,U
sz000592,平潭发展,2025-09-22 09:31:42,3.35,172100,3.35,U
sz000592,平潭发展,2025-09-22 09:31:48,3.36,41500,3.36,U
sz000592,平潭发展,2025-09-22 09:31:54,3.35,271800,3.36,D
sz000592,平潭发展,2025-09-22 09:31:57,3.36,259500,3.35,U
sz000592,平潭发展,2025-09-22 09:32:00,3.36,281200,3.36,U
sz000592,平潭发展,2025-09-22 09:32:03,3.35,288500,3.36,D
sz000592,平潭发展,2025-09-22 09:32:06,3.35,63600,3.35,D
sz000592,平潭发展,2025-09-22 09:32:09,3.35,164100,3.35,U
sz000592,平潭发展,2025-09-22 09:32:12,3.35,74900,3.35,U
sz000592,平潭发展,2025-09-22 09:32:15,3.35,115700,3.35,U
sz000592,平潭发展,2025-09-22 09:32:18,3.34,94000,3.35,D
sz000592,平潭发展,2025-09-22 09:32:21,3.35,75100,3.34,U
sz000592,平潭发展,2025-09-22 09:32:24,3.35,74800,3.35,D
sz000592,平潭发展,2025-09-22 09:32:27,3.34,87200,3.35,D
sz000592,平潭发展,2025-09-22 09:32:30,3.34,143900,3.34,D
sz000592,平潭发展,2025-09-22 09:32:33,3.35,148300,3.34,U
sz000592,平潭发展,2025-09-22 09:32:36,3.35,166700,3.35,D
sz000592,平潭发展,2025-09-22 09:32:39,3.35,100000,3.35,D
sz000592,平潭发展,2025-09-22 09:32:42,3.35,64200,3.35,D
sz000592,平潭发展,2025-09-22 09:32:45,3.36,84200,3.35,U
sz000592,平潭发展,2025-09-22 09:32:48,3.36,30400,3.36,U
sz000592,平潭发展,2025-09-22 09:32:51,3.36,21400,3.36,U
sz000592,平潭发展,2025-09-22 09:32:54,3.36,58900,3.36,U
sz000592,平潭发展,2025-09-22 09:33:00,3.35,267900,3.35,D
sz000592,平潭发展,2025-09-22 09:33:03,3.35,164200,3.35,D
sz000592,平潭发展,2025-09-22 09:33:06,3.35,90200,3.35,D
sz000592,平潭发展,2025-09-22 09:33:09,3.35,252800,3.35,D
sz000592,平潭发展,2025-09-22 09:33:12,3.35,69800,3.35,U
sz000592,平潭发展,2025-09-22 09:33:15,3.34,852000,3.35,D
sz000592,平潭发展,2025-09-22 09:33:18,3.33,297100,3.34,D
sz000592,平潭发展,2025-09-22 09:33:21,3.34,733800,3.33,U
sz000592,平潭发展,2025-09-22 09:33:24,3.34,277700,3.34,E
sz000592,平潭发展,2025-09-22 09:33:27,3.35,115000,3.34,U
sz000592,平潭发展,2025-09-22 09:33:30,3.35,172400,3.35,U
sz000592,平潭发展,2025-09-22 09:33:33,3.35,109000,3.35,D
sz000592,平潭发展,2025-09-22 09:33:36,3.35,81200,3.35,D
sz000592,平潭发展,2025-09-22 09:33:39,3.35,21800,3.35,D
sz000592,平潭发展,2025-09-22 09:33:45,3.35,73600,3.35,U
sz000592,平潭发展,2025-09-22 09:33:48,3.35,39000,3.35,U
sz000592,平潭发展,2025-09-22 09:33:51,3.35,67700,3.35,U
sz000592,平潭发展,2025-09-22 09:33:54,3.35,22100,3.35,U
sz000592,平潭发展,2025-09-22 09:34:00,3.35,98600,3.35,U
sz000592,平潭发展,2025-09-22 09:34:03,3.34,26300,3.35,D
sz000592,平潭发展,2025-09-22 09:34:06,3.34,39500,3.34,D
sz000592,平潭发展,2025-09-22 09:34:09,3.34,30000,3.34,D
sz000592,平潭发展,2025-09-22 09:34:12,3.34,56000,3.34,D
sz000592,平潭发展,2025-09-22 09:34:15,3.34,23000,3.34,D
sz000592,平潭发展,2025-09-22 09:34:18,3.34,72400,3.34,D
sz000592,平潭发展,2025-09-22 09:34:21,3.34,59100,3.34,D
sz000592,平潭发展,2025-09-22 09:34:24,3.34,79800,3.34,D
sz000592,平潭发展,2025-09-22 09:34:27,3.35,91000,3.34,U
sz000592,平潭发展,2025-09-22 09:34:33,3.34,29400,3.35,D
sz000592,平潭发展,2025-09-22 09:34:39,3.34,250400,3.34,D
sz000592,平潭发展,2025-09-22 09:34:45,3.34,72100,3.34,U
sz000592,平潭发展,2025-09-22 09:34:51,3.34,34800,3.33,U
sz000592,平潭发展,2025-09-22 09:34:54,3.34,44000,3.34,U
sz000592,平潭发展,2025-09-22 09:35:00,3.33,173400,3.34,D
sz000592,平潭发展,2025-09-22 09:35:06,3.34,50400,3.33,U
sz000592,平潭发展,2025-09-22 09:35:09,3.34,261000,3.34,U
sz000592,平潭发展,2025-09-22 09:35:12,3.33,43500,3.34,D
sz000592,平潭发展,2025-09-22 09:35:15,3.34,84300,3.33,U
sz000592,平潭发展,2025-09-22 09:35:18,3.33,266200,3.34,D
sz000592,平潭发展,2025-09-22 09:35:21,3.34,83000,3.33,U
sz000592,平潭发展,2025-09-22 09:35:24,3.33,120600,3.34,D
sz000592,平潭发展,2025-09-22 09:35:27,3.33,49200,3.33,D
sz000592,平潭发展,2025-09-22 09:35:30,3.33,41000,3.33,D
sz000592,平潭发展,2025-09-22 09:35:36,3.34,23300,3.33,U
sz000592,平潭发展,2025-09-22 09:35:42,3.33,71800,3.33,D
sz000592,平潭发展,2025-09-22 09:35:45,3.34,228900,3.33,U
sz000592,平潭发展,2025-09-22 09:35:48,3.34,23100,3.34,D
sz000592,平潭发展,2025-09-22 09:35:57,3.34,55300,3.34,D
sz000592,平潭发展,2025-09-22 09:36:00,3.35,386100,3.34,U
sz000592,平潭发展,2025-09-22 09:36:06,3.35,27600,3.35,D
sz000592,平潭发展,2025-09-22 09:36:12,3.36,80700,3.36,U
sz000592,平潭发展,2025-09-22 09:36:15,3.36,87500,3.36,U
sz000592,平潭发展,2025-09-22 09:36:18,3.35,318300,3.36,D
sz000592,平潭发展,2025-09-22 09:36:21,3.35,225400,3.35,D
sz000592,平潭发展,2025-09-22 09:36:24,3.35,771000,3.35,D
sz000592,平潭发展,2025-09-22 09:36:27,3.35,37900,3.35,U
sz000592,平潭发展,2025-09-22 09:36:33,3.34,34300,3.35,D
sz000592,平潭发展,2025-09-22 09:36:36,3.35,36400,3.34,U
sz000592,平潭发展,2025-09-22 09:36:42,3.35,60700,3.35,U
sz000592,平潭发展,2025-09-22 09:36:48,3.35,35800,3.35,U
sz000592,平潭发展,2025-09-22 09:36:57,3.35,105100,3.34,U
sz000592,平潭发展,2025-09-22 09:37:00,3.35,36300,3.35,U
sz000592,平潭发展,2025-09-22 09:37:03,3.34,59700,3.35,D
sz000592,平潭发展,2025-09-22 09:37:06,3.34,24800,3.34,D
sz000592,平潭发展,2025-09-22 09:37:12,3.34,56600,3.35,D
sz000592,平潭发展,2025-09-22 09:37:15,3.35,79000,3.34,U
sz000592,平潭发展,2025-09-22 09:37:27,3.35,72900,3.34,U
sz000592,平潭发展,2025-09-22 09:37:30,3.35,207600,3.35,U
sz000592,平潭发展,2025-09-22 09:37:33,3.34,40100,3.35,D
sz000592,平潭发展,2025-09-22 09:37:39,3.35,26700,3.34,U
sz000592,平潭发展,2025-09-22 09:37:42,3.34,23500,3.35,D
sz000592,平潭发展,2025-09-22 09:37:45,3.34,375500,3.34,D
sz000592,平潭发展,2025-09-22 09:37:48,3.34,49500,3.34,U
sz000592,平潭发展,2025-09-22 09:37:51,3.34,48000,3.34,U
sz000592,平潭发展,2025-09-22 09:37:54,3.34,141400,3.34,U
sz000592,平潭发展,2025-09-22 09:37:57,3.34,25000,3.34,U
sz000592,平潭发展,2025-09-22 09:38:03,3.34,55200,3.34,U
sz000592,平潭发展,2025-09-22 09:38:06,3.34,165300,3.34,U
sz000592,平潭发展,2025-09-22 09:38:09,3.34,91500,3.34,D
sz000592,平潭发展,2025-09-22 09:38:15,3.35,27800,3.34,U
sz000592,平潭发展,2025-09-22 09:38:18,3.34,87900,3.35,D
sz000592,平潭发展,2025-09-22 09:38:24,3.35,35800,3.34,U
sz000592,平潭发展,2025-09-22 09:38:27,3.35,85600,3.35,U
sz000592,平潭发展,2025-09-22 09:38:39,3.34,154500,3.35,D
sz000592,平潭发展,2025-09-22 09:38:42,3.34,203700,3.34,U
sz000592,平潭发展,2025-09-22 09:38:48,3.34,80300,3.34,D
sz000592,平潭发展,2025-09-22 09:38:51,3.34,107700,3.34,D
sz000592,平潭发展,2025-09-22 09:38:54,3.34,204500,3.34,D
sz000592,平潭发展,2025-09-22 09:38:57,3.34,30500,3.34,D
sz000592,平潭发展,2025-09-22 09:39:00,3.34,36400,3.34,D
sz000592,平潭发展,2025-09-22 09:39:03,3.33,390900,3.34,D
sz000592,平潭发展,2025-09-22 09:39:06,3.33,26300,3.33,D
sz000592,平潭发展,2025-09-22 09:39:15,3.33,396300,3.34,D
sz000592,平潭发展,2025-09-22 09:39:18,3.33,402300,3.33,D
sz000592,平潭发展,2025-09-22 09:39:21,3.33,33500,3.33,U
sz000592,平潭发展,2025-09-22 09:39:24,3.32,55700,3.33,D
sz000592,平潭发展,2025-09-22 09:39:27,3.32,73900,3.32,D
sz000592,平潭发展,2025-09-22 09:39:30,3.32,23300,3.32,D
sz000592,平潭发展,2025-09-22 09:39:36,3.32,149400,3.33,D
sz000592,平潭发展,2025-09-22 09:39:39,3.32,41200,3.32,D
sz000592,平潭发展,2025-09-22 09:39:42,3.33,259200,3.32,U
sz000592,平潭发展,2025-09-22 09:39:45,3.32,22700,3.33,D
sz000592,平潭发展,2025-09-22 09:39:48,3.32,556500,3.32,D
sz000592,平潭发展,2025-09-22 09:39:51,3.32,60000,3.32,D
sz000592,平潭发展,2025-09-22 09:39:57,3.32,25500,3.33,D
sz000592,平潭发展,2025-09-22 09:40:00,3.32,52900,3.32,D
sz000592,平潭发展,2025-09-22 09:40:03,3.32,106100,3.32,D
sz000592,平潭发展,2025-09-22 09:40:06,3.33,72900,3.32,U
sz000592,平潭发展,2025-09-22 09:40:09,3.32,86700,3.33,D
sz000592,平潭发展,2025-09-22 09:40:12,3.32,46500,3.32,D
sz000592,平潭发展,2025-09-22 09:40:15,3.32,31600,3.32,D
sz000592,平潭发展,2025-09-22 09:40:21,3.32,25700,3.33,D
sz000592,平潭发展,2025-09-22 09:40:24,3.32,214500,3.32,D
sz000592,平潭发展,2025-09-22 09:40:27,3.32,80100,3.32,D
sz000592,平潭发展,2025-09-22 09:40:30,3.33,127100,3.32,U
sz000592,平潭发展,2025-09-22 09:40:33,3.32,27300,3.33,D
sz000592,平潭发展,2025-09-22 09:40:36,3.33,77300,3.32,U
sz000592,平潭发展,2025-09-22 09:40:39,3.32,96000,3.33,D
sz000592,平潭发展,2025-09-22 09:40:42,3.32,106200,3.32,D
sz000592,平潭发展,2025-09-22 09:40:48,3.33,59100,3.33,U
sz000592,平潭发展,2025-09-22 09:40:51,3.32,68100,3.33,D
sz000592,平潭发展,2025-09-22 09:40:54,3.33,84500,3.32,U
sz000592,平潭发展,2025-09-22 09:40:57,3.32,165900,3.33,D
sz000592,平潭发展,2025-09-22 09:41:00,3.33,134300,3.32,U
sz000592,平潭发展,2025-09-22 09:41:06,3.33,122400,3.33,D
sz000592,平潭发展,2025-09-22 09:41:09,3.32,40700,3.33,D
sz000592,平潭发展,2025-09-22 09:41:27,3.32,24100,3.33,D
sz000592,平潭发展,2025-09-22 09:41:30,3.32,237100,3.32,D
sz000592,平潭发展,2025-09-22 09:41:33,3.33,199800,3.32,U
sz000592,平潭发展,2025-09-22 09:41:36,3.33,44200,3.33,U
sz000592,平潭发展,2025-09-22 09:41:39,3.33,60700,3.33,U
sz000592,平潭发展,2025-09-22 09:41:42,3.33,36800,3.33,U
sz000592,平潭发展,2025-09-22 09:41:48,3.33,139000,3.32,U
sz000592,平潭发展,2025-09-22 09:41:51,3.32,385100,3.33,D
sz000592,平潭发展,2025-09-22 09:42:00,3.32,38000,3.33,D
sz000592,平潭发展,2025-09-22 09:42:03,3.32,45600,3.32,D
sz000592,平潭发展,2025-09-22 09:42:12,3.32,91200,3.32,D
sz000592,平潭发展,2025-09-22 09:42:15,3.32,139700,3.32,D
sz000592,平潭发展,2025-09-22 09:42:21,3.32,307800,3.33,D
sz000592,平潭发展,2025-09-22 09:42:30,3.31,29300,3.32,D
sz000592,平潭发展,2025-09-22 09:42:33,3.32,28100,3.31,U
sz000592,平潭发展,2025-09-22 09:42:45,3.31,111900,3.31,D
sz000592,平潭发展,2025-09-22 09:42:48,3.32,52800,3.31,U
sz000592,平潭发展,2025-09-22 09:42:51,3.32,76900,3.32,U
sz000592,平潭发展,2025-09-22 09:42:54,3.32,43600,3.32,U
sz000592,平潭发展,2025-09-22 09:42:57,3.32,86400,3.32,D
sz000592,平潭发展,2025-09-22 09:43:00,3.31,93000,3.32,D
sz000592,平潭发展,2025-09-22 09:43:03,3.32,47800,3.31,U
sz000592,平潭发展,2025-09-22 09:43:06,3.31,74000,3.32,D
sz000592,平潭发展,2025-09-22 09:43:09,3.31,32900,3.31,D
sz000592,平潭发展,2025-09-22 09:43:12,3.32,232800,3.31,U
sz000592,平潭发展,2025-09-22 09:43:15,3.31,124600,3.32,D
sz000592,平潭发展,2025-09-22 09:43:18,3.31,97900,3.31,D
sz000592,平潭发展,2025-09-22 09:43:24,3.31,47400,3.31,D
sz000592,平潭发展,2025-09-22 09:43:27,3.31,49800,3.31,D
sz000592,平潭发展,2025-09-22 09:43:30,3.31,84500,3.31,D
sz000592,平潭发展,2025-09-22 09:43:33,3.31,88900,3.31,D
sz000592,平潭发展,2025-09-22 09:43:36,3.31,34600,3.31,D
sz000592,平潭发展,2025-09-22 09:43:42,3.3,734800,3.31,D
sz000592,平潭发展,2025-09-22 09:43:45,3.31,122800,3.3,U
sz000592,平潭发展,2025-09-22 09:43:51,3.31,37500,3.31,D
sz000592,平潭发展,2025-09-22 09:43:54,3.32,62700,3.31,U
sz000592,平潭发展,2025-09-22 09:43:57,3.31,48200,3.32,D
sz000592,平潭发展,2025-09-22 09:44:06,3.31,57300,3.31,D
sz000592,平潭发展,2025-09-22 09:44:09,3.32,100400,3.31,U
sz000592,平潭发展,2025-09-22 09:44:15,3.32,24500,3.32,U
sz000592,平潭发展,2025-09-22 09:44:21,3.32,32800,3.32,U
sz000592,平潭发展,2025-09-22 09:44:24,3.32,31100,3.32,U
sz000592,平潭发展,2025-09-22 09:44:33,3.31,282100,3.31,D
sz000592,平潭发展,2025-09-22 09:44:39,3.32,82000,3.31,U
sz000592,平潭发展,2025-09-22 09:44:48,3.31,20400,3.32,D
sz000592,平潭发展,2025-09-22 09:45:03,3.32,32300,3.31,U
sz000592,平潭发展,2025-09-22 09:45:06,3.31,43100,3.32,D
sz000592,平潭发展,2025-09-22 09:45:09,3.32,24500,3.31,U
sz000592,平潭发展,2025-09-22 09:45:12,3.31,21700,3.32,D
sz000592,平潭发展,2025-09-22 09:45:15,3.32,55100,3.31,U
sz000592,平潭发展,2025-09-22 09:45:21,3.31,846700,3.31,D
sz000592,平潭发展,2025-09-22 09:45:24,3.31,58100,3.31,U
sz000592,平潭发展,2025-09-22 09:45:30,3.31,69100,3.3,U
sz000592,平潭发展,2025-09-22 09:45:33,3.3,51600,3.31,D
sz000592,平潭发展,2025-09-22 09:45:36,3.31,45400,3.3,U
sz000592,平潭发展,2025-09-22 09:45:39,3.3,27400,3.31,D
sz000592,平潭发展,2025-09-22 09:45:42,3.31,24600,3.3,U
sz000592,平潭发展,2025-09-22 09:45:45,3.31,24600,3.31,U
sz000592,平潭发展,2025-09-22 09:45:48,3.3,65100,3.31,D
sz000592,平潭发展,2025-09-22 09:45:51,3.3,57700,3.3,D
sz000592,平潭发展,2025-09-22 09:45:54,3.31,73500,3.3,U
sz000592,平潭发展,2025-09-22 09:45:57,3.31,209900,3.31,U
sz000592,平潭发展,2025-09-22 09:46:00,3.31,283900,3.31,D
sz000592,平潭发展,2025-09-22 09:46:03,3.31,99800,3.31,D
sz000592,平潭发展,2025-09-22 09:46:06,3.31,94600,3.31,D
sz000592,平潭发展,2025-09-22 09:46:12,3.31,25100,3.31,U
sz000592,平潭发展,2025-09-22 09:46:15,3.31,321400,3.31,U
sz000592,平潭发展,2025-09-22 09:46:18,3.31,28700,3.31,D
sz000592,平潭发展,2025-09-22 09:46:21,3.32,49900,3.31,U
sz000592,平潭发展,2025-09-22 09:46:30,3.32,222000,3.31,U
sz000592,平潭发展,2025-09-22 09:46:33,3.31,47000,3.32,D
sz000592,平潭发展,2025-09-22 09:46:48,3.31,272800,3.31,D
sz000592,平潭发展,2025-09-22 09:46:51,3.31,36400,3.31,D
sz000592,平潭发展,2025-09-22 09:47:03,3.31,230600,3.31,D
sz000592,平潭发展,2025-09-22 09:47:06,3.31,166600,3.31,D
sz000592,平潭发展,2025-09-22 09:47:09,3.31,35100,3.31,D
sz000592,平潭发展,2025-09-22 09:47:12,3.3,66100,3.31,D
sz000592,平潭发展,2025-09-22 09:47:15,3.31,42900,3.3,U
sz000592,平潭发展,2025-09-22 09:47:21,3.31,31100,3.31,U
sz000592,平潭发展,2025-09-22 09:47:24,3.31,28000,3.31,U
sz000592,平潭发展,2025-09-22 09:47:27,3.31,83000,3.31,U
sz000592,平潭发展,2025-09-22 09:47:30,3.31,124000,3.31,U
sz000592,平潭发展,2025-09-22 09:47:33,3.31,58400,3.31,D
sz000592,平潭发展,2025-09-22 09:47:51,3.32,134500,3.32,U
sz000592,平潭发展,2025-09-22 09:47:54,3.32,31400,3.32,U
sz000592,平潭发展,2025-09-22 09:48:15,3.31,71100,3.32,D
sz000592,平潭发展,2025-09-22 09:48:24,3.31,121500,3.31,D
sz000592,平潭发展,2025-09-22 09:48:30,3.33,619700,3.32,U
sz000592,平潭发展,2025-09-22 09:48:33,3.33,28600,3.33,U
sz000592,平潭发展,2025-09-22 09:48:36,3.33,89500,3.33,U
sz000592,平潭发展,2025-09-22 09:48:39,3.33,300200,3.33,U
sz000592,平潭发展,2025-09-22 09:48:42,3.33,73400,3.33,U
sz000592,平潭发展,2025-09-22 09:48:45,3.32,44300,3.33,D
sz000592,平潭发展,2025-09-22 09:48:48,3.33,570000,3.32,U
sz000592,平潭发展,2025-09-22 09:48:51,3.33,34800,3.33,D
sz000592,平潭发展,2025-09-22 09:48:54,3.34,36900,3.33,E
sz000592,平潭发展,2025-09-22 09:49:00,3.34,26000,3.34,U
sz000592,平潭发展,2025-09-22 09:49:18,3.34,102500,3.33,U
sz000592,平潭发展,2025-09-22 09:49:27,3.34,54900,3.34,U
sz000592,平潭发展,2025-09-22 09:49:30,3.34,231300,3.34,U
sz000592,平潭发展,2025-09-22 09:49:39,3.34,62700,3.34,D
sz000592,平潭发展,2025-09-22 09:49:54,3.34,36900,3.35,D
sz000592,平潭发展,2025-09-22 09:50:00,3.35,147700,3.34,U
sz000592,平潭发展,2025-09-22 09:50:09,3.34,22000,3.35,D
sz000592,平潭发展,2025-09-22 09:50:12,3.34,78200,3.34,D
sz000592,平潭发展,2025-09-22 09:50:24,3.35,48800,3.34,U
sz000592,平潭发展,2025-09-22 09:50:33,3.35,141800,3.35,U
sz000592,平潭发展,2025-09-22 09:50:45,3.36,77800,3.35,U
sz000592,平潭发展,2025-09-22 09:51:03,3.35,95400,3.36,D
sz000592,平潭发展,2025-09-22 09:51:06,3.35,53900,3.35,D
sz000592,平潭发展,2025-09-22 09:51:15,3.36,56800,3.36,U
sz000592,平潭发展,2025-09-22 09:51:18,3.36,32200,3.36,U
sz000592,平潭发展,2025-09-22 09:51:21,3.35,44800,3.36,D
sz000592,平潭发展,2025-09-22 09:51:27,3.36,25600,3.35,U
sz000592,平潭发展,2025-09-22 09:51:30,3.35,41000,3.36,D
sz000592,平潭发展,2025-09-22 09:51:33,3.35,280800,3.35,D
sz000592,平潭发展,2025-09-22 09:51:39,3.35,30200,3.35,D
sz000592,平潭发展,2025-09-22 09:52:00,3.35,30100,3.35,D
sz000592,平潭发展,2025-09-22 09:52:03,3.36,23700,3.35,U
sz000592,平潭发展,2025-09-22 09:52:18,3.34,272000,3.35,D
sz000592,平潭发展,2025-09-22 09:52:24,3.35,22600,3.35,U
sz000592,平潭发展,2025-09-22 09:52:27,3.35,42700,3.35,U
sz000592,平潭发展,2025-09-22 09:52:33,3.35,21900,3.35,U
sz000592,平潭发展,2025-09-22 09:52:54,3.35,83800,3.35,U
sz000592,平潭发展,2025-09-22 09:52:57,3.35,182500,3.35,U
sz000592,平潭发展,2025-09-22 09:54:00,3.35,66700,3.35,D
sz000592,平潭发展,2025-09-22 09:54:03,3.35,20300,3.35,D
sz000592,平潭发展,2025-09-22 09:54:21,3.35,109000,3.35,D
sz000592,平潭发展,2025-09-22 09:54:27,3.35,63100,3.36,D
sz000592,平潭发展,2025-09-22 09:54:39,3.35,169400,3.36,D
sz000592,平潭发展,2025-09-22 09:54:48,3.36,107300,3.36,U
sz000592,平潭发展,2025-09-22 09:55:00,3.36,44600,3.36,U
sz000592,平潭发展,2025-09-22 09:55:09,3.35,120600,3.36,D
sz000592,平潭发展,2025-09-22 09:55:12,3.37,120400,3.35,U
sz000592,平潭发展,2025-09-22 09:55:15,3.37,42500,3.37,U
sz000592,平潭发展,2025-09-22 09:55:21,3.37,21600,3.36,U
sz000592,平潭发展,2025-09-22 09:55:27,3.37,28400,3.37,U
sz000592,平潭发展,2025-09-22 09:55:36,3.36,604600,3.37,D
sz000592,平潭发展,2025-09-22 09:55:39,3.37,124700,3.36,U
sz000592,平潭发展,2025-09-22 09:55:42,3.37,93800,3.37,U
sz000592,平潭发展,2025-09-22 09:55:45,3.37,34300,3.37,U
sz000592,平潭发展,2025-09-22 09:55:51,3.37,20200,3.37,U
sz000592,平潭发展,2025-09-22 09:56:03,3.36,537800,3.36,D
sz000592,平潭发展,2025-09-22 09:56:45,3.35,31300,3.35,D
sz000592,平潭发展,2025-09-22 09:56:51,3.35,31000,3.35,D
sz000592,平潭发展,2025-09-22 09:57:03,3.35,108500,3.35,D
sz000592,平潭发展,2025-09-22 09:57:15,3.35,394100,3.35,D
sz000592,平潭发展,2025-09-22 09:57:18,3.35,110500,3.35,D
sz000592,平潭发展,2025-09-22 09:57:24,3.35,32600,3.35,U
sz000592,平潭发展,2025-09-22 09:57:30,3.35,53000,3.35,U
sz000592,平潭发展,2025-09-22 09:57:36,3.34,61500,3.35,D
sz000592,平潭发展,2025-09-22 09:58:06,3.34,31000,3.34,D
sz000592,平潭发展,2025-09-22 09:58:24,3.34,222900,3.35,D
sz000592,平潭发展,2025-09-22 09:58:42,3.34,20300,3.34,D
sz000592,平潭发展,2025-09-22 09:58:45,3.34,90600,3.34,D
sz000592,平潭发展,2025-09-22 09:58:51,3.34,299000,3.34,D
sz000592,平潭发展,2025-09-22 09:59:06,3.34,42300,3.34,U
sz000592,平潭发展,2025-09-22 09:59:39,3.33,20700,3.34,D
sz000592,平潭发展,2025-09-22 10:00:03,3.33,60500,3.33,D
sz000592,平潭发展,2025-09-22 10:00:12,3.33,145500,3.34,D
sz000592,平潭发展,2025-09-22 10:00:18,3.33,149100,3.33,D
sz000592,平潭发展,2025-09-22 10:00:21,3.33,125300,3.33,D
sz000592,平潭发展,2025-09-22 10:00:33,3.33,37000,3.34,D
sz000592,平潭发展,2025-09-22 10:00:42,3.34,103000,3.33,U
sz000592,平潭发展,2025-09-22 10:01:12,3.33,39300,3.33,D
sz000592,平潭发展,2025-09-22 10:01:21,3.33,20000,3.34,D
sz000592,平潭发展,2025-09-22 10:01:30,3.33,34100,3.34,D
sz000592,平潭发展,2025-09-22 10:01:36,3.34,40200,3.34,U
sz000592,平潭发展,2025-09-22 10:01:39,3.34,230100,3.34,U
sz000592,平潭发展,2025-09-22 10:02:30,3.34,58900,3.34,D
sz000592,平潭发展,2025-09-22 10:02:39,3.35,23000,3.34,U
sz000592,平潭发展,2025-09-22 10:02:54,3.34,39800,3.34,D
sz000592,平潭发展,2025-09-22 10:03:03,3.35,30000,3.34,U
sz000592,平潭发展,2025-09-22 10:03:21,3.35,20300,3.34,U
sz000592,平潭发展,2025-09-22 10:04:15,3.35,1265300,3.35,U
sz000592,平潭发展,2025-09-22 10:04:18,3.35,156800,3.35,D
sz000592,平潭发展,2025-09-22 10:04:30,3.35,49000,3.35,D
sz000592,平潭发展,2025-09-22 10:04:33,3.36,215900,3.35,U
sz000592,平潭发展,2025-09-22 10:04:36,3.36,22300,3.36,U
sz000592,平潭发展,2025-09-22 10:04:39,3.36,29800,3.36,U
sz000592,平潭发展,2025-09-22 10:04:42,3.36,84000,3.36,U
sz000592,平潭发展,2025-09-22 10:04:45,3.35,53100,3.36,D
sz000592,平潭发展,2025-09-22 10:05:12,3.36,22700,3.35,U
sz000592,平潭发展,2025-09-22 10:05:15,3.36,92700,3.36,U
sz000592,平潭发展,2025-09-22 10:05:18,3.36,53700,3.36,U
sz000592,平潭发展,2025-09-22 10:05:27,3.35,52500,3.35,D
sz000592,平潭发展,2025-09-22 10:05:33,3.35,68600,3.35,D
sz000592,平潭发展,2025-09-22 10:05:36,3.35,587600,3.35,D
sz000592,平潭发展,2025-09-22 10:05:45,3.36,45700,3.36,U
sz000592,平潭发展,2025-09-22 10:05:51,3.35,71500,3.36,D
sz000592,平潭发展,2025-09-22 10:05:57,3.36,49800,3.36,U
sz000592,平潭发展,2025-09-22 10:06:06,3.36,22300,3.35,U
sz000592,平潭发展,2025-09-22 10:06:12,3.36,171300,3.36,U
sz000592,平潭发展,2025-09-22 10:06:15,3.36,38500,3.36,D
sz000592,平潭发展,2025-09-22 10:06:24,3.37,25200,3.37,U
sz000592,平潭发展,2025-09-22 10:06:51,3.36,58700,3.36,D
sz000592,平潭发展,2025-09-22 10:07:00,3.36,269741,3.37,D
sz000592,平潭发展,2025-09-22 10:07:09,3.36,22900,3.36,D
sz000592,平潭发展,2025-09-22 10:07:30,3.36,39900,3.36,D
sz000592,平潭发展,2025-09-22 10:07:39,3.37,30100,3.37,U
sz000592,平潭发展,2025-09-22 10:08:06,3.36,53700,3.37,D
sz000592,平潭发展,2025-09-22 10:08:09,3.36,83900,3.36,D
sz000592,平潭发展,2025-09-22 10:08:12,3.36,202159,3.36,D
sz000592,平潭发展,2025-09-22 10:08:24,3.36,20900,3.35,U
sz000592,平潭发展,2025-09-22 10:08:30,3.35,20100,3.36,D
sz000592,平潭发展,2025-09-22 10:08:42,3.36,30000,3.35,U
sz000592,平潭发展,2025-09-22 10:08:48,3.35,20300,3.36,D
sz000592,平潭发展,2025-09-22 10:08:57,3.35,33100,3.35,D
sz000592,平潭发展,2025-09-22 10:10:09,3.35,56900,3.36,D
sz000592,平潭发展,2025-09-22 10:11:03,3.35,73300,3.35,D
sz000592,平潭发展,2025-09-22 10:11:06,3.35,181800,3.35,D
sz000592,平潭发展,2025-09-22 10:11:12,3.36,20100,3.35,U
sz000592,平潭发展,2025-09-22 10:11:27,3.35,44900,3.35,D
sz000592,平潭发展,2025-09-22 10:11:51,3.35,20400,3.35,D
sz000592,平潭发展,2025-09-22 10:11:57,3.35,28300,3.35,D
sz000592,平潭发展,2025-09-22 10:12:30,3.36,94800,3.36,U
sz000592,平潭发展,2025-09-22 10:12:39,3.36,22100,3.36,U
sz000592,平潭发展,2025-09-22 10:13:09,3.35,326000,3.35,D
sz000592,平潭发展,2025-09-22 10:13:33,3.34,23000,3.35,D
sz000592,平潭发展,2025-09-22 10:14:03,3.34,33700,3.34,D
sz000592,平潭发展,2025-09-22 10:14:39,3.34,30600,3.34,D
sz000592,平潭发展,2025-09-22 10:15:00,3.35,25600,3.34,U
sz000592,平潭发展,2025-09-22 10:15:18,3.35,24000,3.34,U
sz000592,平潭发展,2025-09-22 10:15:54,3.35,28200,3.34,U
sz000592,平潭发展,2025-09-22 10:15:57,3.35,35800,3.35,U
sz000592,平潭发展,2025-09-22 10:16:03,3.34,74000,3.35,D
sz000592,平潭发展,2025-09-22 10:16:06,3.34,20200,3.34,D
sz000592,平潭发展,2025-09-22 10:17:21,3.34,33500,3.34,D
sz000592,平潭发展,2025-09-22 10:18:12,3.34,67400,3.34,D
sz000592,平潭发展,2025-09-22 10:18:21,3.35,21300,3.34,U
sz000592,平潭发展,2025-09-22 10:18:24,3.35,452100,3.35,U
sz000592,平潭发展,2025-09-22 10:18:27,3.35,34000,3.35,D
sz000592,平潭发展,2025-09-22 10:18:33,3.35,45600,3.35,D
sz000592,平潭发展,2025-09-22 10:18:39,3.35,56500,3.35,D
sz000592,平潭发展,2025-09-22 10:18:48,3.35,28500,3.35,D
sz000592,平潭发展,2025-09-22 10:19:09,3.35,24000,3.35,D
sz000592,平潭发展,2025-09-22 10:19:15,3.35,21100,3.35,D
sz000592,平潭发展,2025-09-22 10:19:45,3.34,40300,3.34,D
sz000592,平潭发展,2025-09-22 10:19:51,3.34,335700,3.34,D
sz000592,平潭发展,2025-09-22 10:19:57,3.35,97500,3.35,U
sz000592,平潭发展,2025-09-22 10:21:57,3.33,295200,3.34,D
sz000592,平潭发展,2025-09-22 10:22:03,3.33,32000,3.34,D
sz000592,平潭发展,2025-09-22 10:22:39,3.34,30800,3.33,U
sz000592,平潭发展,2025-09-22 10:22:45,3.33,222700,3.34,D
sz000592,平潭发展,2025-09-22 10:23:42,3.34,117100,3.33,U
sz000592,平潭发展,2025-09-22 10:24:12,3.33,100300,3.34,D
sz000592,平潭发展,2025-09-22 10:24:21,3.34,25900,3.33,U
sz000592,平潭发展,2025-09-22 10:24:30,3.33,214100,3.34,D
sz000592,平潭发展,2025-09-22 10:24:39,3.34,290400,3.33,U
sz000592,平潭发展,2025-09-22 10:25:18,3.34,91400,3.34,U
sz000592,平潭发展,2025-09-22 10:25:21,3.34,23200,3.34,U
sz000592,平潭发展,2025-09-22 10:25:24,3.34,230500,3.34,U
sz000592,平潭发展,2025-09-22 10:25:48,3.35,28700,3.34,U
sz000592,平潭发展,2025-09-22 10:26:06,3.35,77300,3.34,U
sz000592,平潭发展,2025-09-22 10:26:12,3.35,390200,3.35,U
sz000592,平潭发展,2025-09-22 10:26:18,3.35,27100,3.35,D
sz000592,平潭发展,2025-09-22 10:28:45,3.36,21800,3.35,U
sz000592,平潭发展,2025-09-22 10:30:03,3.36,26100,3.36,U
sz000592,平潭发展,2025-09-22 10:30:24,3.36,345141,3.36,U
sz000592,平潭发展,2025-09-22 10:30:33,3.37,523600,3.36,U
sz000592,平潭发展,2025-09-22 10:30:36,3.37,41400,3.37,U
sz000592,平潭发展,2025-09-22 10:30:48,3.37,24300,3.37,U
sz000592,平潭发展,2025-09-22 10:32:33,3.36,351500,3.36,D
sz000592,平潭发展,2025-09-22 10:33:06,3.37,170900,3.36,U
sz000592,平潭发展,2025-09-22 10:33:33,3.37,110600,3.36,U
sz000592,平潭发展,2025-09-22 10:34:06,3.37,42400,3.36,U
sz000592,平潭发展,2025-09-22 10:34:33,3.38,640200,3.37,U
sz000592,平潭发展,2025-09-22 10:34:48,3.38,37400,3.38,U
sz000592,平潭发展,2025-09-22 10:35:33,3.37,49900,3.38,D
sz000592,平潭发展,2025-09-22 10:36:00,3.38,28200,3.38,U
sz000592,平潭发展,2025-09-22 10:36:03,3.39,829200,3.38,U
sz000592,平潭发展,2025-09-22 10:36:06,3.39,123400,3.39,U
sz000592,平潭发展,2025-09-22 10:36:09,3.39,104100,3.39,U
sz000592,平潭发展,2025-09-22 10:36:12,3.39,40700,3.39,D
sz000592,平潭发展,2025-09-22 10:36:15,3.39,34200,3.39,D
sz000592,平潭发展,2025-09-22 10:36:21,3.4,76000,3.4,U
sz000592,平潭发展,2025-09-22 10:36:24,3.4,22800,3.4,U
sz000592,平潭发展,2025-09-22 10:36:30,3.4,46200,3.4,U
sz000592,平潭发展,2025-09-22 10:36:33,3.4,157500,3.4,U
sz000592,平潭发展,2025-09-22 10:36:36,3.39,39600,3.4,D
sz000592,平潭发展,2025-09-22 10:36:42,3.4,54200,3.4,U
sz000592,平潭发展,2025-09-22 10:36:48,3.4,108000,3.4,U
sz000592,平潭发展,2025-09-22 10:36:51,3.39,590200,3.4,D
sz000592,平潭发展,2025-09-22 10:37:00,3.41,40900,3.41,U
sz000592,平潭发展,2025-09-22 10:37:03,3.4,118700,3.41,D
sz000592,平潭发展,2025-09-22 10:37:06,3.41,68900,3.4,U
sz000592,平潭发展,2025-09-22 10:37:09,3.4,53600,3.41,D
sz000592,平潭发展,2025-09-22 10:37:12,3.4,42800,3.4,D
sz000592,平潭发展,2025-09-22 10:37:15,3.4,23400,3.4,D
sz000592,平潭发展,2025-09-22 10:37:18,3.4,75500,3.4,D
sz000592,平潭发展,2025-09-22 10:37:33,3.39,51800,3.4,D
sz000592,平潭发展,2025-09-22 10:37:36,3.39,45300,3.39,D
sz000592,平潭发展,2025-09-22 10:37:57,3.39,156500,3.39,D
sz000592,平潭发展,2025-09-22 10:38:06,3.39,53500,3.39,U
sz000592,平潭发展,2025-09-22 10:38:09,3.39,28300,3.39,U
sz000592,平潭发展,2025-09-22 10:39:21,3.38,51400,3.38,D
sz000592,平潭发展,2025-09-22 10:39:57,3.38,30100,3.38,D
sz000592,平潭发展,2025-09-22 10:40:09,3.39,21500,3.38,U
sz000592,平潭发展,2025-09-22 10:41:48,3.39,31200,3.38,U
sz000592,平潭发展,2025-09-22 10:41:54,3.38,43700,3.38,D
sz000592,平潭发展,2025-09-22 10:41:57,3.38,22900,3.38,D
sz000592,平潭发展,2025-09-22 10:42:15,3.39,26200,3.38,U
sz000592,平潭发展,2025-09-22 10:42:48,3.38,31400,3.38,D
sz000592,平潭发展,2025-09-22 10:43:00,3.39,23000,3.39,U
sz000592,平潭发展,2025-09-22 10:43:24,3.38,39300,3.38,D
sz000592,平潭发展,2025-09-22 10:43:27,3.38,29800,3.38,D
sz000592,平潭发展,2025-09-22 10:43:54,3.38,25200,3.38,D
sz000592,平潭发展,2025-09-22 10:44:00,3.38,32600,3.38,D
sz000592,平潭发展,2025-09-22 10:44:09,3.38,59300,3.38,D
sz000592,平潭发展,2025-09-22 10:44:12,3.38,22400,3.38,D
sz000592,平潭发展,2025-09-22 10:44:15,3.38,93700,3.38,D
sz000592,平潭发展,2025-09-22 10:44:18,3.37,25300,3.38,D
sz000592,平潭发展,2025-09-22 10:44:27,3.37,24100,3.38,D
sz000592,平潭发展,2025-09-22 10:45:24,3.38,27200,3.38,U
sz000592,平潭发展,2025-09-22 10:45:27,3.38,218800,3.38,U
sz000592,平潭发展,2025-09-22 10:45:30,3.38,109800,3.38,D
sz000592,平潭发展,2025-09-22 10:46:12,3.38,181500,3.38,D
sz000592,平潭发展,2025-09-22 10:46:15,3.38,100200,3.38,U
sz000592,平潭发展,2025-09-22 10:46:21,3.37,29400,3.38,D
sz000592,平潭发展,2025-09-22 10:47:15,3.38,89800,3.37,U
sz000592,平潭发展,2025-09-22 10:47:18,3.37,38600,3.38,D
sz000592,平潭发展,2025-09-22 10:48:00,3.38,128000,3.38,U
sz000592,平潭发展,2025-09-22 10:48:03,3.38,255800,3.38,U
sz000592,平潭发展,2025-09-22 10:48:09,3.38,88800,3.38,D
sz000592,平潭发展,2025-09-22 10:48:21,3.38,101400,3.39,E
sz000592,平潭发展,2025-09-22 10:48:24,3.39,51300,3.38,U
sz000592,平潭发展,2025-09-22 10:49:03,3.39,30000,3.38,U
sz000592,平潭发展,2025-09-22 10:49:12,3.4,710200,3.39,U
sz000592,平潭发展,2025-09-22 10:49:15,3.4,515200,3.4,U
sz000592,平潭发展,2025-09-22 10:49:18,3.4,66600,3.4,U
sz000592,平潭发展,2025-09-22 10:49:21,3.39,59600,3.4,D
sz000592,平潭发展,2025-09-22 10:49:24,3.4,37900,3.39,U
sz000592,平潭发展,2025-09-22 10:49:27,3.4,96000,3.4,U
sz000592,平潭发展,2025-09-22 10:49:30,3.41,36800,3.4,U
sz000592,平潭发展,2025-09-22 10:49:36,3.41,80000,3.4,U
sz000592,平潭发展,2025-09-22 10:49:39,3.41,22000,3.41,U
sz000592,平潭发展,2025-09-22 10:49:45,3.41,28600,3.41,U
sz000592,平潭发展,2025-09-22 10:49:51,3.41,25000,3.4,U
sz000592,平潭发展,2025-09-22 10:50:18,3.4,26000,3.41,D
sz000592,平潭发展,2025-09-22 10:50:30,3.4,395200,3.41,D
sz000592,平潭发展,2025-09-22 10:50:33,3.4,95200,3.4,U
sz000592,平潭发展,2025-09-22 10:50:54,3.4,23400,3.4,U
sz000592,平潭发展,2025-09-22 10:50:57,3.4,40100,3.4,U
sz000592,平潭发展,2025-09-22 10:51:03,3.4,35000,3.39,U
sz000592,平潭发展,2025-09-22 10:51:09,3.4,30400,3.4,U
sz000592,平潭发展,2025-09-22 10:51:51,3.4,33200,3.4,U
sz000592,平潭发展,2025-09-22 10:52:15,3.4,87500,3.4,U
sz000592,平潭发展,2025-09-22 10:52:48,3.4,132000,3.39,U
sz000592,平潭发展,2025-09-22 10:53:21,3.4,107200,3.4,U
sz000592,平潭发展,2025-09-22 10:53:30,3.39,186100,3.39,D
sz000592,平潭发展,2025-09-22 10:53:36,3.39,49800,3.39,D
sz000592,平潭发展,2025-09-22 10:53:51,3.4,113800,3.39,U
sz000592,平潭发展,2025-09-22 10:54:06,3.39,128700,3.39,U
sz000592,平潭发展,2025-09-22 10:55:12,3.4,179900,3.4,U
sz000592,平潭发展,2025-09-22 10:55:15,3.4,26600,3.4,U
sz000592,平潭发展,2025-09-22 10:55:18,3.39,152200,3.4,D
sz000592,平潭发展,2025-09-22 10:55:24,3.4,62900,3.4,D
sz000592,平潭发展,2025-09-22 10:55:27,3.4,72100,3.4,D
sz000592,平潭发展,2025-09-22 10:55:57,3.4,232100,3.4,D
sz000592,平潭发展,2025-09-22 10:56:09,3.4,134400,3.4,D
sz000592,平潭发展,2025-09-22 10:56:12,3.4,162700,3.4,D
sz000592,平潭发展,2025-09-22 10:56:24,3.4,62300,3.4,D
sz000592,平潭发展,2025-09-22 10:56:30,3.4,46900,3.4,D
sz000592,平潭发展,2025-09-22 10:56:39,3.4,172500,3.4,D
sz000592,平潭发展,2025-09-22 10:56:48,3.4,25000,3.41,D
sz000592,平潭发展,2025-09-22 10:57:00,3.4,25500,3.4,D
sz000592,平潭发展,2025-09-22 10:58:15,3.4,21200,3.4,U
sz000592,平潭发展,2025-09-22 10:58:27,3.39,37300,3.39,D
sz000592,平潭发展,2025-09-22 10:58:48,3.39,24600,3.39,D
sz000592,平潭发展,2025-09-22 10:59:03,3.39,120300,3.39,D
sz000592,平潭发展,2025-09-22 10:59:21,3.39,49000,3.39,D
sz000592,平潭发展,2025-09-22 10:59:24,3.39,27800,3.39,D
sz000592,平潭发展,2025-09-22 10:59:27,3.39,62200,3.39,U
sz000592,平潭发展,2025-09-22 10:59:39,3.39,26500,3.39,D
sz000592,平潭发展,2025-09-22 11:00:42,3.4,49300,3.4,U
sz000592,平潭发展,2025-09-22 11:00:54,3.4,95000,3.4,U
sz000592,平潭发展,2025-09-22 11:01:00,3.4,24400,3.4,U
sz000592,平潭发展,2025-09-22 11:01:03,3.4,227700,3.4,U
sz000592,平潭发展,2025-09-22 11:01:51,3.4,120000,3.41,D
sz000592,平潭发展,2025-09-22 11:02:03,3.41,50900,3.41,U
sz000592,平潭发展,2025-09-22 11:02:48,3.41,40000,3.41,U
sz000592,平潭发展,2025-09-22 11:03:00,3.4,136100,3.4,D
sz000592,平潭发展,2025-09-22 11:04:27,3.4,364400,3.4,D
sz000592,平潭发展,2025-09-22 11:04:57,3.4,29900,3.4,U
sz000592,平潭发展,2025-09-22 11:06:33,3.39,122500,3.39,D
sz000592,平潭发展,2025-09-22 11:06:48,3.39,80400,3.39,D
sz000592,平潭发展,2025-09-22 11:07:09,3.39,37500,3.39,D
sz000592,平潭发展,2025-09-22 11:07:21,3.39,20700,3.39,D
sz000592,平潭发展,2025-09-22 11:07:24,3.39,212800,3.39,D
sz000592,平潭发展,2025-09-22 11:07:27,3.39,101300,3.39,U
sz000592,平潭发展,2025-09-22 11:07:57,3.38,27700,3.39,D
sz000592,平潭发展,2025-09-22 11:08:24,3.38,30500,3.38,D
sz000592,平潭发展,2025-09-22 11:08:42,3.39,29400,3.38,U
sz000592,平潭发展,2025-09-22 11:09:48,3.39,208400,3.39,U
sz000592,平潭发展,2025-09-22 11:09:51,3.38,33400,3.39,D
sz000592,平潭发展,2025-09-22 11:10:18,3.39,178000,3.39,U
sz000592,平潭发展,2025-09-22 11:12:06,3.39,20000,3.39,D
sz000592,平潭发展,2025-09-22 11:12:39,3.39,172700,3.39,D
sz000592,平潭发展,2025-09-22 11:12:42,3.39,38000,3.39,D
sz000592,平潭发展,2025-09-22 11:12:54,3.39,94200,3.4,D
sz000592,平潭发展,2025-09-22 11:13:00,3.39,32200,3.39,D
sz000592,平潭发展,2025-09-22 11:13:21,3.39,23600,3.4,D
sz000592,平潭发展,2025-09-22 11:13:30,3.39,80600,3.39,D
sz000592,平潭发展,2025-09-22 11:13:33,3.38,28400,3.39,D
sz000592,平潭发展,2025-09-22 11:13:51,3.39,21300,3.38,U
sz000592,平潭发展,2025-09-22 11:13:54,3.39,26800,3.39,U
sz000592,平潭发展,2025-09-22 11:15:03,3.38,31100,3.38,D
sz000592,平潭发展,2025-09-22 11:16:30,3.38,31000,3.39,D
sz000592,平潭发展,2025-09-22 11:16:33,3.39,25800,3.38,U
sz000592,平潭发展,2025-09-22 11:17:24,3.38,31200,3.38,D
sz000592,平潭发展,2025-09-22 11:19:00,3.39,97100,3.38,U
sz000592,平潭发展,2025-09-22 11:19:15,3.38,24700,3.39,D
sz000592,平潭发展,2025-09-22 11:20:54,3.38,23000,3.39,D
sz000592,平潭发展,2025-09-22 11:21:21,3.39,293700,3.38,U
sz000592,平潭发展,2025-09-22 11:23:30,3.39,52700,3.4,D
sz000592,平潭发展,2025-09-22 11:24:12,3.39,34900,3.39,D
sz000592,平潭发展,2025-09-22 11:24:51,3.4,54800,3.39,U
sz000592,平潭发展,2025-09-22 11:24:54,3.39,44900,3.4,D
sz000592,平潭发展,2025-09-22 11:25:03,3.39,258200,3.39,D
sz000592,平潭发展,2025-09-22 11:25:30,3.39,165300,3.39,U
sz000592,平潭发展,2025-09-22 11:28:03,3.39,22800,3.38,U
sz000592,平潭发展,2025-09-22 11:28:39,3.39,50000,3.38,U
sz000592,平潭发展,2025-09-22 11:28:48,3.39,32300,3.39,U
sz000592,平潭发展,2025-09-22 11:29:00,3.39,212500,3.39,U
sz000592,平潭发展,2025-09-22 11:29:36,3.4,39300,3.39,U
sz000592,平潭发展,2025-09-22 13:00:00,3.4,162500,3.39,U
sz000592,平潭发展,2025-09-22 13:00:03,3.4,336440,3.4,U
sz000592,平潭发展,2025-09-22 13:00:24,3.4,168500,3.4,U
sz000592,平潭发展,2025-09-22 13:01:03,3.41,30200,3.4,U
sz000592,平潭发展,2025-09-22 13:02:15,3.4,440400,3.4,D
sz000592,平潭发展,2025-09-22 13:02:18,3.4,131700,3.4,U
sz000592,平潭发展,2025-09-22 13:02:24,3.4,178200,3.4,U
sz000592,平潭发展,2025-09-22 13:02:36,3.4,110100,3.4,D
sz000592,平潭发展,2025-09-22 13:02:39,3.4,40100,3.4,U
sz000592,平潭发展,2025-09-22 13:02:45,3.4,26600,3.4,D
sz000592,平潭发展,2025-09-22 13:02:54,3.4,21400,3.4,D
sz000592,平潭发展,2025-09-22 13:03:03,3.4,95800,3.4,U
sz000592,平潭发展,2025-09-22 13:03:30,3.4,34000,3.41,D
sz000592,平潭发展,2025-09-22 13:03:39,3.4,29400,3.41,D
sz000592,平潭发展,2025-09-22 13:04:18,3.41,21000,3.4,U
sz000592,平潭发展,2025-09-22 13:04:45,3.41,44700,3.41,U
sz000592,平潭发展,2025-09-22 13:05:42,3.4,182800,3.4,D
sz000592,平潭发展,2025-09-22 13:05:45,3.4,50500,3.4,D
sz000592,平潭发展,2025-09-22 13:05:48,3.4,108800,3.4,D
sz000592,平潭发展,2025-09-22 13:05:51,3.4,81700,3.4,U
sz000592,平潭发展,2025-09-22 13:06:12,3.4,42200,3.4,D
sz000592,平潭发展,2025-09-22 13:06:18,3.4,103300,3.4,D
sz000592,平潭发展,2025-09-22 13:06:39,3.4,79000,3.4,D
sz000592,平潭发展,2025-09-22 13:07:18,3.41,750000,3.41,U
sz000592,平潭发展,2025-09-22 13:07:39,3.41,127300,3.41,D
sz000592,平潭发展,2025-09-22 13:07:48,3.42,26400,3.41,U
sz000592,平潭发展,2025-09-22 13:07:51,3.41,112300,3.42,D
sz000592,平潭发展,2025-09-22 13:08:42,3.41,27400,3.42,D
sz000592,平潭发展,2025-09-22 13:09:15,3.42,22000,3.42,U
sz000592,平潭发展,2025-09-22 13:09:39,3.42,43400,3.42,U
sz000592,平潭发展,2025-09-22 13:09:42,3.43,488300,3.42,U
sz000592,平潭发展,2025-09-22 13:10:03,3.42,26800,3.42,D
sz000592,平潭发展,2025-09-22 13:10:06,3.43,25300,3.42,U
sz000592,平潭发展,2025-09-22 13:10:09,3.43,58300,3.43,U
sz000592,平潭发展,2025-09-22 13:10:15,3.44,300500,3.43,U
sz000592,平潭发展,2025-09-22 13:10:24,3.43,37100,3.43,D
sz000592,平潭发展,2025-09-22 13:10:42,3.43,275100,3.43,D
sz000592,平潭发展,2025-09-22 13:10:45,3.43,76500,3.43,D
sz000592,平潭发展,2025-09-22 13:10:51,3.43,43200,3.44,D
sz000592,平潭发展,2025-09-22 13:10:54,3.43,327100,3.43,D
sz000592,平潭发展,2025-09-22 13:11:00,3.43,20000,3.43,D
sz000592,平潭发展,2025-09-22 13:11:06,3.43,58000,3.43,D
sz000592,平潭发展,2025-09-22 13:11:15,3.43,36300,3.43,U
sz000592,平潭发展,2025-09-22 13:11:18,3.43,75100,3.43,U
sz000592,平潭发展,2025-09-22 13:13:00,3.42,41700,3.42,D
sz000592,平潭发展,2025-09-22 13:13:15,3.42,297000,3.43,D
sz000592,平潭发展,2025-09-22 13:13:18,3.42,26900,3.42,D
sz000592,平潭发展,2025-09-22 13:13:42,3.42,109600,3.42,D
sz000592,平潭发展,2025-09-22 13:13:45,3.42,59500,3.42,D
sz000592,平潭发展,2025-09-22 13:13:57,3.42,24300,3.42,D
sz000592,平潭发展,2025-09-22 13:14:00,3.43,220300,3.42,U
sz000592,平潭发展,2025-09-22 13:14:30,3.42,46900,3.42,D
sz000592,平潭发展,2025-09-22 13:15:18,3.43,940400,3.42,U
sz000592,平潭发展,2025-09-22 13:15:21,3.43,37000,3.43,D
sz000592,平潭发展,2025-09-22 13:15:33,3.43,21500,3.43,D
sz000592,平潭发展,2025-09-22 13:15:45,3.44,206700,3.43,U
sz000592,平潭发展,2025-09-22 13:15:51,3.43,22200,3.44,D
sz000592,平潭发展,2025-09-22 13:15:54,3.44,508200,3.43,U
sz000592,平潭发展,2025-09-22 13:15:57,3.45,47100,3.44,U
sz000592,平潭发展,2025-09-22 13:16:06,3.44,24200,3.45,D
sz000592,平潭发展,2025-09-22 13:16:18,3.45,62100,3.45,U
sz000592,平潭发展,2025-09-22 13:16:24,3.45,24200,3.45,U
sz000592,平潭发展,2025-09-22 13:16:39,3.44,212500,3.44,D
sz000592,平潭发展,2025-09-22 13:17:00,3.43,40000,3.44,D
sz000592,平潭发展,2025-09-22 13:17:06,3.43,50500,3.43,D
sz000592,平潭发展,2025-09-22 13:17:51,3.43,50200,3.43,U
sz000592,平潭发展,2025-09-22 13:18:12,3.42,37300,3.43,D
sz000592,平潭发展,2025-09-22 13:18:48,3.43,27000,3.43,U
sz000592,平潭发展,2025-09-22 13:19:03,3.42,40200,3.42,D
sz000592,平潭发展,2025-09-22 13:20:03,3.41,396700,3.42,D
sz000592,平潭发展,2025-09-22 13:20:33,3.42,41200,3.42,U
sz000592,平潭发展,2025-09-22 13:22:24,3.41,21800,3.42,D
sz000592,平潭发展,2025-09-22 13:23:45,3.41,35600,3.41,D
sz000592,平潭发展,2025-09-22 13:24:09,3.41,102800,3.42,D
sz000592,平潭发展,2025-09-22 13:25:06,3.42,28600,3.42,U
sz000592,平潭发展,2025-09-22 13:25:57,3.41,25400,3.42,D
sz000592,平潭发展,2025-09-22 13:26:03,3.41,174400,3.41,D
sz000592,平潭发展,2025-09-22 13:26:30,3.41,119000,3.41,D
sz000592,平潭发展,2025-09-22 13:30:24,3.41,52000,3.41,D
sz000592,平潭发展,2025-09-22 13:31:27,3.41,97900,3.42,D
sz000592,平潭发展,2025-09-22 13:35:00,3.42,187700,3.42,U
sz000592,平潭发展,2025-09-22 13:35:03,3.42,155700,3.42,U
sz000592,平潭发展,2025-09-22 13:35:06,3.42,87800,3.42,U
sz000592,平潭发展,2025-09-22 13:35:09,3.42,57800,3.42,U
sz000592,平潭发展,2025-09-22 13:35:12,3.42,63900,3.42,U
sz000592,平潭发展,2025-09-22 13:35:15,3.42,42600,3.42,D
sz000592,平潭发展,2025-09-22 13:35:33,3.42,97000,3.43,D
sz000592,平潭发展,2025-09-22 13:35:51,3.43,71200,3.42,U
sz000592,平潭发展,2025-09-22 13:35:57,3.42,101400,3.42,D
sz000592,平潭发展,2025-09-22 13:36:09,3.43,27100,3.43,U
sz000592,平潭发展,2025-09-22 13:36:15,3.43,202800,3.42,U
sz000592,平潭发展,2025-09-22 13:36:21,3.43,29000,3.43,U
sz000592,平潭发展,2025-09-22 13:36:39,3.42,102400,3.43,D
sz000592,平潭发展,2025-09-22 13:36:45,3.42,20000,3.43,D
sz000592,平潭发展,2025-09-22 13:38:54,3.42,23300,3.42,D
sz000592,平潭发展,2025-09-22 13:38:57,3.42,20300,3.42,D
sz000592,平潭发展,2025-09-22 13:39:06,3.42,21000,3.42,D
sz000592,平潭发展,2025-09-22 13:39:30,3.42,95300,3.42,D
sz000592,平潭发展,2025-09-22 13:39:57,3.42,111100,3.43,D
sz000592,平潭发展,2025-09-22 13:40:09,3.42,131000,3.42,D
sz000592,平潭发展,2025-09-22 13:40:21,3.42,140600,3.43,D
sz000592,平潭发展,2025-09-22 13:42:03,3.42,165800,3.42,D
sz000592,平潭发展,2025-09-22 13:44:21,3.42,103400,3.41,U
sz000592,平潭发展,2025-09-22 13:47:18,3.41,36800,3.41,D
sz000592,平潭发展,2025-09-22 13:49:09,3.41,51200,3.41,D
sz000592,平潭发展,2025-09-22 13:49:12,3.41,77800,3.41,D
sz000592,平潭发展,2025-09-22 13:49:48,3.42,37600,3.41,U
sz000592,平潭发展,2025-09-22 13:51:33,3.41,51100,3.42,D
sz000592,平潭发展,2025-09-22 13:52:03,3.42,34500,3.42,U
sz000592,平潭发展,2025-09-22 13:52:18,3.41,44200,3.41,D
sz000592,平潭发展,2025-09-22 13:52:57,3.41,22100,3.41,D
sz000592,平潭发展,2025-09-22 13:53:33,3.41,60600,3.41,D
sz000592,平潭发展,2025-09-22 13:53:36,3.41,101700,3.41,D
sz000592,平潭发展,2025-09-22 13:53:39,3.41,119200,3.41,D
sz000592,平潭发展,2025-09-22 13:53:42,3.41,59800,3.41,D
sz000592,平潭发展,2025-09-22 13:53:45,3.41,20400,3.41,U
sz000592,平潭发展,2025-09-22 13:53:48,3.4,142600,3.41,D
sz000592,平潭发展,2025-09-22 13:54:27,3.4,22900,3.4,D
sz000592,平潭发展,2025-09-22 13:54:36,3.41,106000,3.4,U
sz000592,平潭发展,2025-09-22 13:54:39,3.41,152200,3.41,U
sz000592,平潭发展,2025-09-22 13:54:45,3.42,35800,3.41,U
sz000592,平潭发展,2025-09-22 13:55:00,3.42,95300,3.42,U
sz000592,平潭发展,2025-09-22 13:55:24,3.41,40000,3.41,D
sz000592,平潭发展,2025-09-22 13:55:42,3.41,26300,3.41,D
sz000592,平潭发展,2025-09-22 13:56:33,3.41,20300,3.41,D
sz000592,平潭发展,2025-09-22 13:56:54,3.41,31600,3.41,D
sz000592,平潭发展,2025-09-22 13:56:57,3.41,90300,3.41,D
sz000592,平潭发展,2025-09-22 13:57:00,3.41,72400,3.41,D
sz000592,平潭发展,2025-09-22 13:57:03,3.42,27400,3.41,U
sz000592,平潭发展,2025-09-22 13:58:27,3.42,20100,3.41,U
sz000592,平潭发展,2025-09-22 13:59:48,3.41,21000,3.41,D
sz000592,平潭发展,2025-09-22 14:00:45,3.42,21300,3.41,U
sz000592,平潭发展,2025-09-22 14:01:03,3.41,102800,3.41,D
sz000592,平潭发展,2025-09-22 14:01:06,3.41,35200,3.41,D
sz000592,平潭发展,2025-09-22 14:01:12,3.41,44500,3.41,U
sz000592,平潭发展,2025-09-22 14:01:18,3.41,24000,3.41,U
sz000592,平潭发展,2025-09-22 14:02:24,3.42,126700,3.41,U
sz000592,平潭发展,2025-09-22 14:02:54,3.41,49100,3.41,D
sz000592,平潭发展,2025-09-22 14:05:09,3.41,174600,3.41,D
sz000592,平潭发展,2025-09-22 14:05:12,3.41,23000,3.41,D
sz000592,平潭发展,2025-09-22 14:05:30,3.41,24400,3.41,U
sz000592,平潭发展,2025-09-22 14:05:39,3.4,20100,3.4,D
sz000592,平潭发展,2025-09-22 14:05:54,3.4,198900,3.4,D
sz000592,平潭发展,2025-09-22 14:06:09,3.4,38100,3.4,D
sz000592,平潭发展,2025-09-22 14:07:24,3.4,28700,3.4,D
sz000592,平潭发展,2025-09-22 14:07:51,3.4,44700,3.4,D
sz000592,平潭发展,2025-09-22 14:08:21,3.41,33300,3.4,U
sz000592,平潭发展,2025-09-22 14:08:33,3.4,38507,3.4,D
sz000592,平潭发展,2025-09-22 14:08:45,3.4,103300,3.4,D
sz000592,平潭发展,2025-09-22 14:08:48,3.4,30300,3.4,D
sz000592,平潭发展,2025-09-22 14:09:39,3.41,77500,3.41,U
sz000592,平潭发展,2025-09-22 14:10:15,3.42,754400,3.41,U
sz000592,平潭发展,2025-09-22 14:10:18,3.42,102400,3.42,U
sz000592,平潭发展,2025-09-22 14:10:24,3.41,55600,3.42,D
sz000592,平潭发展,2025-09-22 14:10:54,3.41,101600,3.41,D
sz000592,平潭发展,2025-09-22 14:11:24,3.41,115500,3.41,D
sz000592,平潭发展,2025-09-22 14:11:30,3.41,24200,3.41,D
sz000592,平潭发展,2025-09-22 14:11:45,3.42,170100,3.41,U
sz000592,平潭发展,2025-09-22 14:11:48,3.41,50000,3.42,D
sz000592,平潭发展,2025-09-22 14:15:39,3.41,69100,3.42,D
sz000592,平潭发展,2025-09-22 14:16:24,3.41,92800,3.42,D
sz000592,平潭发展,2025-09-22 14:16:51,3.41,32500,3.41,D
sz000592,平潭发展,2025-09-22 14:18:12,3.41,30200,3.42,D
sz000592,平潭发展,2025-09-22 14:18:39,3.41,35400,3.41,D
sz000592,平潭发展,2025-09-22 14:22:06,3.41,35700,3.42,D
sz000592,平潭发展,2025-09-22 14:22:15,3.41,120000,3.41,D
sz000592,平潭发展,2025-09-22 14:22:57,3.42,173700,3.41,U
sz000592,平潭发展,2025-09-22 14:23:00,3.42,691200,3.42,U
sz000592,平潭发展,2025-09-22 14:23:12,3.42,26500,3.42,U
sz000592,平潭发展,2025-09-22 14:25:00,3.41,28900,3.41,D
sz000592,平潭发展,2025-09-22 14:27:09,3.41,307100,3.41,D
sz000592,平潭发展,2025-09-22 14:27:18,3.41,55200,3.41,D
sz000592,平潭发展,2025-09-22 14:28:24,3.41,522000,3.42,D
sz000592,平潭发展,2025-09-22 14:30:15,3.41,47800,3.41,U
sz000592,平潭发展,2025-09-22 14:30:18,3.41,95300,3.41,U
sz000592,平潭发展,2025-09-22 14:30:36,3.41,33300,3.41,U
sz000592,平潭发展,2025-09-22 14:30:54,3.41,68400,3.41,U
sz000592,平潭发展,2025-09-22 14:30:57,3.41,26600,3.41,U
sz000592,平潭发展,2025-09-22 14:31:12,3.41,63700,3.41,U
sz000592,平潭发展,2025-09-22 14:31:15,3.41,33100,3.41,U
sz000592,平潭发展,2025-09-22 14:31:39,3.41,30100,3.41,U
sz000592,平潭发展,2025-09-22 14:31:45,3.41,77800,3.41,U
sz000592,平潭发展,2025-09-22 14:31:48,3.41,126900,3.41,U
sz000592,平潭发展,2025-09-22 14:32:00,3.41,26600,3.42,D
sz000592,平潭发展,2025-09-22 14:32:54,3.42,68500,3.42,U
sz000592,平潭发展,2025-09-22 14:33:48,3.41,128100,3.41,D
sz000592,平潭发展,2025-09-22 14:33:54,3.42,22800,3.41,U
sz000592,平潭发展,2025-09-22 14:34:06,3.41,77500,3.41,D
sz000592,平潭发展,2025-09-22 14:34:09,3.41,111600,3.41,D
sz000592,平潭发展,2025-09-22 14:34:15,3.41,20200,3.41,U
sz000592,平潭发展,2025-09-22 14:35:12,3.41,22700,3.4,U
sz000592,平潭发展,2025-09-22 14:36:42,3.41,21100,3.41,U
sz000592,平潭发展,2025-09-22 14:36:54,3.41,52200,3.41,U
sz000592,平潭发展,2025-09-22 14:37:33,3.4,66400,3.41,D
sz000592,平潭发展,2025-09-22 14:38:06,3.4,30000,3.41,D
sz000592,平潭发展,2025-09-22 14:38:42,3.4,36400,3.4,D
sz000592,平潭发展,2025-09-22 14:38:51,3.4,30500,3.41,D
sz000592,平潭发展,2025-09-22 14:39:06,3.4,161900,3.41,D
sz000592,平潭发展,2025-09-22 14:39:18,3.4,118100,3.4,D
sz000592,平潭发展,2025-09-22 14:39:36,3.41,170400,3.4,U
sz000592,平潭发展,2025-09-22 14:39:42,3.41,36900,3.4,U
sz000592,平潭发展,2025-09-22 14:39:45,3.4,23600,3.41,D
sz000592,平潭发展,2025-09-22 14:41:06,3.4,52300,3.4,D
sz000592,平潭发展,2025-09-22 14:41:15,3.4,20600,3.4,D
sz000592,平潭发展,2025-09-22 14:41:48,3.4,34300,3.4,D
sz000592,平潭发展,2025-09-22 14:42:15,3.4,59400,3.41,D
sz000592,平潭发展,2025-09-22 14:42:24,3.41,28900,3.4,U
sz000592,平潭发展,2025-09-22 14:43:12,3.4,32500,3.41,D
sz000592,平潭发展,2025-09-22 14:43:42,3.41,191300,3.41,U
sz000592,平潭发展,2025-09-22 14:43:45,3.4,60100,3.41,D
sz000592,平潭发展,2025-09-22 14:43:51,3.4,70000,3.4,D
sz000592,平潭发展,2025-09-22 14:44:09,3.4,199800,3.4,D
sz000592,平潭发展,2025-09-22 14:44:12,3.41,111100,3.4,U
sz000592,平潭发展,2025-09-22 14:44:18,3.41,96900,3.4,U
sz000592,平潭发展,2025-09-22 14:44:21,3.4,51700,3.41,D
sz000592,平潭发展,2025-09-22 14:44:33,3.4,22800,3.4,D
sz000592,平潭发展,2025-09-22 14:44:36,3.4,78600,3.4,D
sz000592,平潭发展,2025-09-22 14:44:39,3.4,46961,3.4,D
sz000592,平潭发展,2025-09-22 14:44:45,3.4,20300,3.4,U
sz000592,平潭发展,2025-09-22 14:44:48,3.4,39500,3.4,U
sz000592,平潭发展,2025-09-22 14:44:51,3.4,37700,3.4,U
sz000592,平潭发展,2025-09-22 14:45:03,3.4,29500,3.41,D
sz000592,平潭发展,2025-09-22 14:45:15,3.4,20900,3.4,U
sz000592,平潭发展,2025-09-22 14:45:30,3.4,22800,3.39,U
sz000592,平潭发展,2025-09-22 14:45:45,3.39,23100,3.39,D
sz000592,平潭发展,2025-09-22 14:46:06,3.4,22600,3.4,U
sz000592,平潭发展,2025-09-22 14:46:42,3.4,23800,3.39,U
sz000592,平潭发展,2025-09-22 14:46:48,3.4,63500,3.4,U
sz000592,平潭发展,2025-09-22 14:47:06,3.39,20300,3.39,D
sz000592,平潭发展,2025-09-22 14:47:12,3.39,32800,3.4,D
sz000592,平潭发展,2025-09-22 14:47:39,3.39,24158,3.39,D
sz000592,平潭发展,2025-09-22 14:47:42,3.39,45700,3.39,D
sz000592,平潭发展,2025-09-22 14:48:09,3.4,24000,3.39,U
sz000592,平潭发展,2025-09-22 14:48:39,3.4,22200,3.4,U
sz000592,平潭发展,2025-09-22 14:49:09,3.4,20300,3.4,U
sz000592,平潭发展,2025-09-22 14:49:12,3.39,26300,3.4,D
sz000592,平潭发展,2025-09-22 14:49:45,3.39,48400,3.39,D
sz000592,平潭发展,2025-09-22 14:50:15,3.39,46500,3.4,D
sz000592,平潭发展,2025-09-22 14:50:27,3.4,21900,3.4,U
sz000592,平潭发展,2025-09-22 14:50:30,3.4,27300,3.4,U
sz000592,平潭发展,2025-09-22 14:50:39,3.39,20500,3.4,D
sz000592,平潭发展,2025-09-22 14:51:00,3.4,35800,3.4,U
sz000592,平潭发展,2025-09-22 14:51:06,3.4,39300,3.4,U
sz000592,平潭发展,2025-09-22 14:51:12,3.4,628900,3.4,U
sz000592,平潭发展,2025-09-22 14:51:15,3.4,78100,3.4,U
sz000592,平潭发展,2025-09-22 14:51:18,3.39,33500,3.4,D
sz000592,平潭发展,2025-09-22 14:51:21,3.4,106100,3.39,U
sz000592,平潭发展,2025-09-22 14:51:36,3.4,27100,3.4,U
sz000592,平潭发展,2025-09-22 14:51:42,3.39,29200,3.4,D
sz000592,平潭发展,2025-09-22 14:51:45,3.4,66500,3.39,U
sz000592,平潭发展,2025-09-22 14:51:54,3.4,20000,3.39,U
sz000592,平潭发展,2025-09-22 14:52:03,3.4,24200,3.4,U
sz000592,平潭发展,2025-09-22 14:52:06,3.4,32300,3.4,U
sz000592,平潭发展,2025-09-22 14:52:18,3.39,59000,3.39,D
sz000592,平潭发展,2025-09-22 14:52:21,3.39,23700,3.39,D
sz000592,平潭发展,2025-09-22 14:52:39,3.39,20400,3.39,D
sz000592,平潭发展,2025-09-22 14:52:45,3.4,62400,3.39,U
sz000592,平潭发展,2025-09-22 14:53:00,3.4,21400,3.4,U
sz000592,平潭发展,2025-09-22 14:53:03,3.41,384000,3.4,U
sz000592,平潭发展,2025-09-22 14:53:06,3.4,39500,3.41,U
sz000592,平潭发展,2025-09-22 14:53:12,3.4,25500,3.4,E
sz000592,平潭发展,2025-09-22 14:53:18,3.39,65600,3.4,D
sz000592,平潭发展,2025-09-22 14:53:21,3.4,20500,3.39,U
sz000592,平潭发展,2025-09-22 14:53:24,3.4,53200,3.4,U
sz000592,平潭发展,2025-09-22 14:53:27,3.4,20400,3.4,U
sz000592,平潭发展,2025-09-22 14:53:33,3.41,66400,3.4,U
sz000592,平潭发展,2025-09-22 14:53:45,3.4,36100,3.41,D
sz000592,平潭发展,2025-09-22 14:53:48,3.4,48724,3.4,D
sz000592,平潭发展,2025-09-22 14:54:06,3.4,32700,3.41,D
sz000592,平潭发展,2025-09-22 14:54:12,3.4,44000,3.41,D
sz000592,平潭发展,2025-09-22 14:54:30,3.4,25600,3.4,D
sz000592,平潭发展,2025-09-22 14:54:33,3.41,40000,3.4,U
sz000592,平潭发展,2025-09-22 14:54:36,3.4,149300,3.41,D
sz000592,平潭发展,2025-09-22 14:54:39,3.4,20100,3.4,D
sz000592,平潭发展,2025-09-22 14:54:42,3.4,61200,3.4,D
sz000592,平潭发展,2025-09-22 14:54:51,3.4,34100,3.4,D
sz000592,平潭发展,2025-09-22 14:55:03,3.4,64300,3.41,D
sz000592,平潭发展,2025-09-22 14:55:06,3.4,24100,3.4,D
sz000592,平潭发展,2025-09-22 14:55:09,3.4,34200,3.4,D
sz000592,平潭发展,2025-09-22 14:55:33,3.4,71100,3.41,D
sz000592,平潭发展,2025-09-22 14:55:36,3.41,67900,3.4,U
sz000592,平潭发展,2025-09-22 14:55:48,3.4,20800,3.4,D
sz000592,平潭发展,2025-09-22 14:56:00,3.4,68700,3.41,D
sz000592,平潭发展,2025-09-22 14:56:03,3.41,86800,3.4,U
sz000592,平潭发展,2025-09-22 14:56:09,3.4,23400,3.4,D
sz000592,平潭发展,2025-09-22 14:56:21,3.4,34900,3.4,D
sz000592,平潭发展,2025-09-22 14:56:27,3.4,120500,3.41,D
sz000592,平潭发展,2025-09-22 14:56:30,3.4,43700,3.4,D
sz000592,平潭发展,2025-09-22 14:56:36,3.4,160500,3.4,D
sz000592,平潭发展,2025-09-22 14:56:39,3.4,49800,3.4,D
sz000592,平潭发展,2025-09-22 14:56:42,3.4,77300,3.4,D
sz000592,平潭发展,2025-09-22 14:56:45,3.4,36600,3.4,D
sz000592,平潭发展,2025-09-22 14:56:54,3.41,76600,3.41,U
sz000592,平潭发展,2025-09-22 14:56:57,3.41,178300,3.41,U
sz000592,平潭发展,2025-09-22 15:00:00,3.41,1646000,3.4,E
