symbol,name,ticktime,price,volume,prev_price,kind
sz000592,平潭发展,2025-10-16 09:25:00,3.5,1553009,0.0,U
sz000592,平潭发展,2025-10-16 09:30:00,3.52,688291,3.5,U
sz000592,平潭发展,2025-10-16 09:30:03,3.51,943600,3.52,D
sz000592,平潭发展,2025-10-16 09:30:06,3.5,247300,3.51,D
sz000592,平潭发展,2025-10-16 09:30:09,3.5,44700,3.5,U
sz000592,平潭发展,2025-10-16 09:30:12,3.5,42200,3.5,U
sz000592,平潭发展,2025-10-16 09:30:18,3.5,182300,3.5,U
sz000592,平潭发展,2025-10-16 09:30:21,3.49,43200,3.5,D
sz000592,平潭发展,2025-10-16 09:30:24,3.5,108700,3.49,U
sz000592,平潭发展,2025-10-16 09:30:30,3.5,108300,3.5,D
sz000592,平潭发展,2025-10-16 09:30:33,3.5,42200,3.5,D
sz000592,平潭发展,2025-10-16 09:30:36,3.5,164000,3.5,D
sz000592,平潭发展,2025-10-16 09:30:39,3.49,518100,3.5,D
sz000592,平潭发展,2025-10-16 09:30:42,3.48,977200,3.49,D
sz000592,平潭发展,2025-10-16 09:30:45,3.47,74100,3.48,D
sz000592,平潭发展,2025-10-16 09:30:48,3.48,29600,3.47,U
sz000592,平潭发展,2025-10-16 09:30:51,3.47,30000,3.48,D
sz000592,平潭发展,2025-10-16 09:30:54,3.48,98500,3.47,U
sz000592,平潭发展,2025-10-16 09:30:57,3.48,98600,3.48,U
sz000592,平潭发展,2025-10-16 09:31:00,3.48,49500,3.48,U
sz000592,平潭发展,2025-10-16 09:31:03,3.48,44400,3.48,D
sz000592,平潭发展,2025-10-16 09:31:06,3.48,24000,3.48,D
sz000592,平潭发展,2025-10-16 09:31:12,3.48,154000,3.48,D
sz000592,平潭发展,2025-10-16 09:31:15,3.48,22100,3.48,U
sz000592,平潭发展,2025-10-16 09:31:21,3.47,91600,3.47,D
sz000592,平潭发展,2025-10-16 09:31:27,3.47,38700,3.47,D
sz000592,平潭发展,2025-10-16 09:31:30,3.47,56200,3.47,D
sz000592,平潭发展,2025-10-16 09:31:33,3.47,660200,3.47,D
sz000592,平潭发展,2025-10-16 09:31:36,3.45,551000,3.47,D
sz000592,平潭发展,2025-10-16 09:31:39,3.46,159900,3.45,U
sz000592,平潭发展,2025-10-16 09:31:42,3.47,75800,3.46,U
sz000592,平潭发展,2025-10-16 09:31:45,3.46,335900,3.47,D
sz000592,平潭发展,2025-10-16 09:31:48,3.46,110300,3.46,D
sz000592,平潭发展,2025-10-16 09:31:51,3.46,159100,3.46,D
sz000592,平潭发展,2025-10-16 09:31:54,3.46,288900,3.46,D
sz000592,平潭发展,2025-10-16 09:31:57,3.46,91506,3.46,D
sz000592,平潭发展,2025-10-16 09:32:00,3.46,57400,3.46,D
sz000592,平潭发展,2025-10-16 09:32:03,3.47,57600,3.46,U
sz000592,平潭发展,2025-10-16 09:32:06,3.47,51100,3.47,U
sz000592,平潭发展,2025-10-16 09:32:09,3.47,61300,3.47,U
sz000592,平潭发展,2025-10-16 09:32:12,3.47,78000,3.47,U
sz000592,平潭发展,2025-10-16 09:32:15,3.46,72200,3.47,D
sz000592,平潭发展,2025-10-16 09:32:18,3.47,56200,3.46,U
sz000592,平潭发展,2025-10-16 09:32:21,3.47,97000,3.47,U
sz000592,平潭发展,2025-10-16 09:32:24,3.47,61500,3.47,U
sz000592,平潭发展,2025-10-16 09:32:27,3.47,107400,3.47,U
sz000592,平潭发展,2025-10-16 09:32:30,3.47,38500,3.47,U
sz000592,平潭发展,2025-10-16 09:32:33,3.47,121000,3.47,U
sz000592,平潭发展,2025-10-16 09:32:42,3.47,79200,3.47,D
sz000592,平潭发展,2025-10-16 09:32:45,3.47,123000,3.47,D
sz000592,平潭发展,2025-10-16 09:32:48,3.47,58700,3.47,U
sz000592,平潭发展,2025-10-16 09:32:54,3.47,42600,3.46,U
sz000592,平潭发展,2025-10-16 09:32:57,3.47,40600,3.47,U
sz000592,平潭发展,2025-10-16 09:33:00,3.46,44900,3.47,D
sz000592,平潭发展,2025-10-16 09:33:03,3.47,57200,3.46,U
sz000592,平潭发展,2025-10-16 09:33:06,3.46,30900,3.47,D
sz000592,平潭发展,2025-10-16 09:33:15,3.46,72100,3.46,D
sz000592,平潭发展,2025-10-16 09:33:18,3.46,27500,3.46,D
sz000592,平潭发展,2025-10-16 09:33:21,3.46,164000,3.46,D
sz000592,平潭发展,2025-10-16 09:33:27,3.47,51800,3.47,U
sz000592,平潭发展,2025-10-16 09:33:30,3.46,56800,3.47,D
sz000592,平潭发展,2025-10-16 09:33:33,3.46,76600,3.46,D
sz000592,平潭发展,2025-10-16 09:33:36,3.47,52000,3.46,U
sz000592,平潭发展,2025-10-16 09:33:39,3.46,60800,3.47,D
sz000592,平潭发展,2025-10-16 09:33:42,3.46,36200,3.46,D
sz000592,平潭发展,2025-10-16 09:33:45,3.47,128700,3.46,U
sz000592,平潭发展,2025-10-16 09:33:48,3.47,436400,3.47,D
sz000592,平潭发展,2025-10-16 09:33:51,3.47,47600,3.47,U
sz000592,平潭发展,2025-10-16 09:33:54,3.46,143000,3.47,D
sz000592,平潭发展,2025-10-16 09:33:57,3.46,46600,3.46,D
sz000592,平潭发展,2025-10-16 09:34:00,3.47,113900,3.46,U
sz000592,平潭发展,2025-10-16 09:34:03,3.46,1137800,3.47,D
sz000592,平潭发展,2025-10-16 09:34:06,3.46,381794,3.46,D
sz000592,平潭发展,2025-10-16 09:34:09,3.46,59900,3.46,U
sz000592,平潭发展,2025-10-16 09:34:12,3.45,68500,3.46,D
sz000592,平潭发展,2025-10-16 09:34:15,3.46,182900,3.45,U
sz000592,平潭发展,2025-10-16 09:34:18,3.46,205000,3.46,U
sz000592,平潭发展,2025-10-16 09:34:21,3.45,375400,3.46,D
sz000592,平潭发展,2025-10-16 09:34:24,3.46,202400,3.45,U
sz000592,平潭发展,2025-10-16 09:34:27,3.45,33600,3.46,D
sz000592,平潭发展,2025-10-16 09:34:30,3.45,273600,3.45,D
sz000592,平潭发展,2025-10-16 09:34:33,3.46,74100,3.45,U
sz000592,平潭发展,2025-10-16 09:34:36,3.45,117700,3.46,D
sz000592,平潭发展,2025-10-16 09:34:39,3.46,141300,3.45,U
sz000592,平潭发展,2025-10-16 09:34:42,3.45,210000,3.46,D
sz000592,平潭发展,2025-10-16 09:34:45,3.45,103700,3.45,U
sz000592,平潭发展,2025-10-16 09:34:48,3.46,215200,3.45,U
sz000592,平潭发展,2025-10-16 09:34:51,3.45,126700,3.46,D
sz000592,平潭发展,2025-10-16 09:34:54,3.45,97700,3.45,D
sz000592,平潭发展,2025-10-16 09:34:57,3.46,138300,3.45,U
sz000592,平潭发展,2025-10-16 09:35:00,3.45,37500,3.46,D
sz000592,平潭发展,2025-10-16 09:35:09,3.45,21000,3.45,D
sz000592,平潭发展,2025-10-16 09:35:12,3.45,151900,3.45,D
sz000592,平潭发展,2025-10-16 09:35:15,3.45,90900,3.45,D
sz000592,平潭发展,2025-10-16 09:35:18,3.45,22000,3.45,D
sz000592,平潭发展,2025-10-16 09:35:21,3.46,66000,3.45,U
sz000592,平潭发展,2025-10-16 09:35:27,3.45,43400,3.45,D
sz000592,平潭发展,2025-10-16 09:35:33,3.45,408700,3.45,D
sz000592,平潭发展,2025-10-16 09:35:36,3.46,24800,3.45,U
sz000592,平潭发展,2025-10-16 09:35:39,3.45,50800,3.46,D
sz000592,平潭发展,2025-10-16 09:35:42,3.45,30300,3.45,D
sz000592,平潭发展,2025-10-16 09:35:45,3.46,228000,3.45,U
sz000592,平潭发展,2025-10-16 09:35:48,3.46,35000,3.46,U
sz000592,平潭发展,2025-10-16 09:35:51,3.46,22900,3.46,U
sz000592,平潭发展,2025-10-16 09:35:54,3.46,39600,3.46,U
sz000592,平潭发展,2025-10-16 09:36:00,3.46,117800,3.45,U
sz000592,平潭发展,2025-10-16 09:36:03,3.45,60300,3.46,D
sz000592,平潭发展,2025-10-16 09:36:18,3.46,104200,3.45,U
sz000592,平潭发展,2025-10-16 09:36:21,3.46,45000,3.46,U
sz000592,平潭发展,2025-10-16 09:36:24,3.46,80800,3.46,U
sz000592,平潭发展,2025-10-16 09:36:27,3.46,42300,3.46,D
sz000592,平潭发展,2025-10-16 09:36:36,3.46,94600,3.46,U
sz000592,平潭发展,2025-10-16 09:36:39,3.46,36200,3.46,U
sz000592,平潭发展,2025-10-16 09:36:42,3.46,103800,3.46,U
sz000592,平潭发展,2025-10-16 09:36:45,3.46,44000,3.46,U
sz000592,平潭发展,2025-10-16 09:36:51,3.46,70000,3.46,U
sz000592,平潭发展,2025-10-16 09:37:03,3.47,134700,3.47,U
sz000592,平潭发展,2025-10-16 09:37:06,3.46,186300,3.47,D
sz000592,平潭发展,2025-10-16 09:37:21,3.46,81800,3.46,D
sz000592,平潭发展,2025-10-16 09:37:24,3.46,30000,3.46,D
sz000592,平潭发展,2025-10-16 09:37:27,3.46,26000,3.46,D
sz000592,平潭发展,2025-10-16 09:37:30,3.46,29400,3.46,D
sz000592,平潭发展,2025-10-16 09:37:33,3.47,50100,3.46,U
sz000592,平潭发展,2025-10-16 09:37:36,3.46,53900,3.47,D
sz000592,平潭发展,2025-10-16 09:37:39,3.46,115800,3.46,D
sz000592,平潭发展,2025-10-16 09:37:45,3.46,29200,3.46,D
sz000592,平潭发展,2025-10-16 09:37:51,3.46,32600,3.46,D
sz000592,平潭发展,2025-10-16 09:37:54,3.46,34900,3.46,D
sz000592,平潭发展,2025-10-16 09:38:00,3.46,20200,3.46,D
sz000592,平潭发展,2025-10-16 09:38:03,3.46,34600,3.46,D
sz000592,平潭发展,2025-10-16 09:38:06,3.46,25200,3.46,D
sz000592,平潭发展,2025-10-16 09:38:09,3.46,20900,3.46,D
sz000592,平潭发展,2025-10-16 09:38:12,3.46,44700,3.46,D
sz000592,平潭发展,2025-10-16 09:38:15,3.47,26700,3.46,U
sz000592,平潭发展,2025-10-16 09:38:18,3.46,20300,3.47,D
sz000592,平潭发展,2025-10-16 09:38:27,3.46,21300,3.46,D
sz000592,平潭发展,2025-10-16 09:38:42,3.47,59600,3.47,U
sz000592,平潭发展,2025-10-16 09:38:45,3.47,131200,3.47,U
sz000592,平潭发展,2025-10-16 09:38:48,3.46,179800,3.47,D
sz000592,平潭发展,2025-10-16 09:38:51,3.47,53800,3.46,U
sz000592,平潭发展,2025-10-16 09:38:54,3.47,41600,3.47,U
sz000592,平潭发展,2025-10-16 09:38:57,3.47,57000,3.47,U
sz000592,平潭发展,2025-10-16 09:39:00,3.46,49800,3.47,D
sz000592,平潭发展,2025-10-16 09:39:06,3.47,26900,3.46,U
sz000592,平潭发展,2025-10-16 09:39:09,3.46,21400,3.47,D
sz000592,平潭发展,2025-10-16 09:39:18,3.47,24000,3.47,U
sz000592,平潭发展,2025-10-16 09:39:24,3.47,28100,3.47,U
sz000592,平潭发展,2025-10-16 09:39:30,3.47,142700,3.47,U
sz000592,平潭发展,2025-10-16 09:39:33,3.47,36900,3.47,U
sz000592,平潭发展,2025-10-16 09:39:39,3.47,44100,3.47,U
sz000592,平潭发展,2025-10-16 09:40:03,3.47,25800,3.47,U
sz000592,平潭发展,2025-10-16 09:40:06,3.47,23700,3.47,U
sz000592,平潭发展,2025-10-16 09:40:30,3.46,56100,3.46,D
sz000592,平潭发展,2025-10-16 09:40:33,3.47,158200,3.46,U
sz000592,平潭发展,2025-10-16 09:40:39,3.46,27600,3.46,D
sz000592,平潭发展,2025-10-16 09:40:54,3.46,28400,3.47,D
sz000592,平潭发展,2025-10-16 09:40:57,3.46,60100,3.46,D
sz000592,平潭发展,2025-10-16 09:41:30,3.47,51900,3.47,U
sz000592,平潭发展,2025-10-16 09:41:36,3.47,185300,3.47,U
sz000592,平潭发展,2025-10-16 09:41:39,3.46,1033100,3.47,D
sz000592,平潭发展,2025-10-16 09:41:42,3.47,31900,3.46,U
sz000592,平潭发展,2025-10-16 09:41:51,3.46,34500,3.47,D
sz000592,平潭发展,2025-10-16 09:41:57,3.46,43300,3.46,D
sz000592,平潭发展,2025-10-16 09:42:03,3.46,65900,3.46,D
sz000592,平潭发展,2025-10-16 09:42:06,3.46,163100,3.46,D
sz000592,平潭发展,2025-10-16 09:42:15,3.46,56900,3.46,D
sz000592,平潭发展,2025-10-16 09:42:21,3.46,118400,3.46,D
sz000592,平潭发展,2025-10-16 09:42:24,3.46,103200,3.46,D
sz000592,平潭发展,2025-10-16 09:42:27,3.46,29000,3.46,D
sz000592,平潭发展,2025-10-16 09:42:33,3.46,265700,3.46,U
sz000592,平潭发展,2025-10-16 09:42:36,3.46,28500,3.46,D
sz000592,平潭发展,2025-10-16 09:42:39,3.46,30500,3.46,D
sz000592,平潭发展,2025-10-16 09:42:45,3.46,70000,3.46,D
sz000592,平潭发展,2025-10-16 09:42:48,3.46,169600,3.46,D
sz000592,平潭发展,2025-10-16 09:42:51,3.46,96700,3.46,U
sz000592,平潭发展,2025-10-16 09:42:54,3.46,21000,3.46,U
sz000592,平潭发展,2025-10-16 09:42:57,3.46,76300,3.46,U
sz000592,平潭发展,2025-10-16 09:43:00,3.45,60300,3.46,D
sz000592,平潭发展,2025-10-16 09:43:06,3.46,35000,3.45,U
sz000592,平潭发展,2025-10-16 09:43:09,3.45,33000,3.46,D
sz000592,平潭发展,2025-10-16 09:43:15,3.45,37800,3.45,D
sz000592,平潭发展,2025-10-16 09:43:18,3.45,36700,3.45,D
sz000592,平潭发展,2025-10-16 09:43:24,3.45,95900,3.45,D
sz000592,平潭发展,2025-10-16 09:43:30,3.46,40600,3.46,U
sz000592,平潭发展,2025-10-16 09:43:33,3.45,686000,3.46,D
sz000592,平潭发展,2025-10-16 09:43:36,3.45,37200,3.45,D
sz000592,平潭发展,2025-10-16 09:43:42,3.45,83600,3.45,D
sz000592,平潭发展,2025-10-16 09:43:45,3.45,614650,3.45,D
sz000592,平潭发展,2025-10-16 09:43:48,3.44,1322900,3.45,D
sz000592,平潭发展,2025-10-16 09:43:54,3.45,32300,3.45,U
sz000592,平潭发展,2025-10-16 09:43:57,3.45,52100,3.45,U
sz000592,平潭发展,2025-10-16 09:44:00,3.44,24800,3.45,D
sz000592,平潭发展,2025-10-16 09:44:03,3.44,53600,3.44,D
sz000592,平潭发展,2025-10-16 09:44:06,3.44,33100,3.44,D
sz000592,平潭发展,2025-10-16 09:44:09,3.44,43200,3.44,D
sz000592,平潭发展,2025-10-16 09:44:12,3.44,57700,3.44,D
sz000592,平潭发展,2025-10-16 09:44:15,3.44,51000,3.44,D
sz000592,平潭发展,2025-10-16 09:44:18,3.44,35800,3.44,D
sz000592,平潭发展,2025-10-16 09:44:21,3.44,124500,3.44,D
sz000592,平潭发展,2025-10-16 09:44:24,3.44,48800,3.44,U
sz000592,平潭发展,2025-10-16 09:44:27,3.43,119900,3.44,D
sz000592,平潭发展,2025-10-16 09:44:30,3.43,271300,3.43,D
sz000592,平潭发展,2025-10-16 09:44:33,3.44,162900,3.43,U
sz000592,平潭发展,2025-10-16 09:44:36,3.43,465500,3.44,D
sz000592,平潭发展,2025-10-16 09:44:39,3.43,136700,3.43,U
sz000592,平潭发展,2025-10-16 09:44:42,3.42,24800,3.43,D
sz000592,平潭发展,2025-10-16 09:44:45,3.43,112400,3.42,U
sz000592,平潭发展,2025-10-16 09:44:48,3.43,75300,3.43,U
sz000592,平潭发展,2025-10-16 09:44:51,3.43,30900,3.43,D
sz000592,平潭发展,2025-10-16 09:44:54,3.43,145600,3.43,U
sz000592,平潭发展,2025-10-16 09:44:57,3.43,77000,3.43,D
sz000592,平潭发展,2025-10-16 09:45:03,3.43,98700,3.43,U
sz000592,平潭发展,2025-10-16 09:45:06,3.42,43700,3.43,D
sz000592,平潭发展,2025-10-16 09:45:09,3.43,21000,3.42,U
sz000592,平潭发展,2025-10-16 09:45:12,3.42,348300,3.43,D
sz000592,平潭发展,2025-10-16 09:45:15,3.42,94800,3.42,D
sz000592,平潭发展,2025-10-16 09:45:21,3.42,67200,3.42,D
sz000592,平潭发展,2025-10-16 09:45:24,3.42,109000,3.42,D
sz000592,平潭发展,2025-10-16 09:45:27,3.42,110700,3.42,D
sz000592,平潭发展,2025-10-16 09:45:30,3.42,119400,3.42,D
sz000592,平潭发展,2025-10-16 09:45:33,3.42,100500,3.42,D
sz000592,平潭发展,2025-10-16 09:45:36,3.43,117000,3.42,U
sz000592,平潭发展,2025-10-16 09:45:39,3.42,50600,3.43,D
sz000592,平潭发展,2025-10-16 09:45:42,3.42,20900,3.42,D
sz000592,平潭发展,2025-10-16 09:45:45,3.42,146500,3.42,D
sz000592,平潭发展,2025-10-16 09:45:48,3.42,191900,3.42,D
sz000592,平潭发展,2025-10-16 09:45:51,3.43,30300,3.42,U
sz000592,平潭发展,2025-10-16 09:45:54,3.43,529900,3.43,U
sz000592,平潭发展,2025-10-16 09:45:57,3.42,113300,3.43,D
sz000592,平潭发展,2025-10-16 09:46:00,3.43,68300,3.42,U
sz000592,平潭发展,2025-10-16 09:46:03,3.43,35800,3.43,U
sz000592,平潭发展,2025-10-16 09:46:06,3.42,42800,3.43,D
sz000592,平潭发展,2025-10-16 09:46:15,3.43,370000,3.43,U
sz000592,平潭发展,2025-10-16 09:46:21,3.43,37500,3.43,U
sz000592,平潭发展,2025-10-16 09:46:24,3.43,433400,3.43,U
sz000592,平潭发展,2025-10-16 09:46:27,3.43,34100,3.43,D
sz000592,平潭发展,2025-10-16 09:46:30,3.44,35500,3.43,U
sz000592,平潭发展,2025-10-16 09:46:39,3.44,50800,3.43,U
sz000592,平潭发展,2025-10-16 09:46:42,3.43,21700,3.44,D
sz000592,平潭发展,2025-10-16 09:46:48,3.44,35600,3.43,U
sz000592,平潭发展,2025-10-16 09:47:06,3.44,70100,3.43,U
sz000592,平潭发展,2025-10-16 09:47:15,3.44,24000,3.43,U
sz000592,平潭发展,2025-10-16 09:47:18,3.44,29300,3.44,U
sz000592,平潭发展,2025-10-16 09:47:21,3.44,37500,3.44,U
sz000592,平潭发展,2025-10-16 09:47:24,3.43,27200,3.44,D
sz000592,平潭发展,2025-10-16 09:47:30,3.43,603600,3.43,D
sz000592,平潭发展,2025-10-16 09:47:33,3.43,20300,3.43,U
sz000592,平潭发展,2025-10-16 09:47:39,3.43,89300,3.42,U
sz000592,平潭发展,2025-10-16 09:47:45,3.42,594000,3.43,D
sz000592,平潭发展,2025-10-16 09:47:48,3.43,21800,3.42,U
sz000592,平潭发展,2025-10-16 09:48:00,3.42,856300,3.43,D
sz000592,平潭发展,2025-10-16 09:48:03,3.42,78000,3.42,U
sz000592,平潭发展,2025-10-16 09:48:06,3.42,30000,3.42,U
sz000592,平潭发展,2025-10-16 09:48:09,3.42,53400,3.42,U
sz000592,平潭发展,2025-10-16 09:48:12,3.42,171500,3.42,U
sz000592,平潭发展,2025-10-16 09:48:15,3.42,41300,3.42,D
sz000592,平潭发展,2025-10-16 09:48:21,3.42,535000,3.42,D
sz000592,平潭发展,2025-10-16 09:48:24,3.42,91000,3.42,D
sz000592,平潭发展,2025-10-16 09:48:30,3.42,86200,3.42,D
sz000592,平潭发展,2025-10-16 09:48:33,3.42,35300,3.42,D
sz000592,平潭发展,2025-10-16 09:48:36,3.42,35000,3.42,D
sz000592,平潭发展,2025-10-16 09:48:39,3.42,164300,3.42,D
sz000592,平潭发展,2025-10-16 09:48:42,3.43,40000,3.42,U
sz000592,平潭发展,2025-10-16 09:48:51,3.43,51300,3.43,U
sz000592,平潭发展,2025-10-16 09:48:57,3.42,49500,3.42,D
sz000592,平潭发展,2025-10-16 09:49:06,3.42,59600,3.42,D
sz000592,平潭发展,2025-10-16 09:49:09,3.43,25300,3.42,U
sz000592,平潭发展,2025-10-16 09:49:12,3.42,61700,3.43,D
sz000592,平潭发展,2025-10-16 09:49:15,3.43,20200,3.42,U
sz000592,平潭发展,2025-10-16 09:49:24,3.43,56000,3.43,U
sz000592,平潭发展,2025-10-16 09:49:33,3.43,22800,3.42,U
sz000592,平潭发展,2025-10-16 09:49:45,3.42,20700,3.42,D
sz000592,平潭发展,2025-10-16 09:49:48,3.42,22300,3.42,D
sz000592,平潭发展,2025-10-16 09:49:51,3.42,33800,3.42,D
sz000592,平潭发展,2025-10-16 09:49:57,3.42,36400,3.42,D
sz000592,平潭发展,2025-10-16 09:50:03,3.42,689400,3.42,D
sz000592,平潭发展,2025-10-16 09:50:06,3.41,90800,3.42,D
sz000592,平潭发展,2025-10-16 09:50:15,3.42,30500,3.42,D
sz000592,平潭发展,2025-10-16 09:50:27,3.42,31200,3.42,D
sz000592,平潭发展,2025-10-16 09:50:30,3.42,72900,3.42,D
sz000592,平潭发展,2025-10-16 09:50:33,3.42,40900,3.42,D
sz000592,平潭发展,2025-10-16 09:50:36,3.42,61600,3.42,D
sz000592,平潭发展,2025-10-16 09:50:39,3.42,40000,3.42,D
sz000592,平潭发展,2025-10-16 09:50:42,3.43,106000,3.42,U
sz000592,平潭发展,2025-10-16 09:50:45,3.42,25900,3.43,D
sz000592,平潭发展,2025-10-16 09:50:48,3.42,74500,3.42,D
sz000592,平潭发展,2025-10-16 09:50:51,3.42,54400,3.42,D
sz000592,平潭发展,2025-10-16 09:50:54,3.42,105400,3.42,D
sz000592,平潭发展,2025-10-16 09:51:06,3.42,275900,3.42,D
sz000592,平潭发展,2025-10-16 09:51:12,3.42,32600,3.42,D
sz000592,平潭发展,2025-10-16 09:51:15,3.42,128300,3.42,D
sz000592,平潭发展,2025-10-16 09:51:21,3.42,50300,3.43,D
sz000592,平潭发展,2025-10-16 09:51:36,3.42,33300,3.42,D
sz000592,平潭发展,2025-10-16 09:51:51,3.43,105000,3.42,U
sz000592,平潭发展,2025-10-16 09:51:57,3.42,25700,3.42,D
sz000592,平潭发展,2025-10-16 09:52:18,3.42,20600,3.43,D
sz000592,平潭发展,2025-10-16 09:52:27,3.42,241800,3.42,D
sz000592,平潭发展,2025-10-16 09:52:42,3.42,52200,3.42,D
sz000592,平潭发展,2025-10-16 09:52:48,3.42,36000,3.43,D
sz000592,平潭发展,2025-10-16 09:52:57,3.43,173900,3.42,U
sz000592,平潭发展,2025-10-16 09:53:00,3.42,46900,3.43,D
sz000592,平潭发展,2025-10-16 09:53:03,3.43,26900,3.42,U
sz000592,平潭发展,2025-10-16 09:53:21,3.42,33300,3.43,D
sz000592,平潭发展,2025-10-16 09:53:39,3.42,23700,3.43,D
sz000592,平潭发展,2025-10-16 09:53:42,3.43,21000,3.42,U
sz000592,平潭发展,2025-10-16 09:53:54,3.42,463900,3.42,D
sz000592,平潭发展,2025-10-16 09:53:57,3.42,87700,3.42,D
sz000592,平潭发展,2025-10-16 09:54:09,3.42,26700,3.42,D
sz000592,平潭发展,2025-10-16 09:54:12,3.42,24800,3.42,D
sz000592,平潭发展,2025-10-16 09:54:15,3.43,157800,3.42,U
sz000592,平潭发展,2025-10-16 09:54:27,3.42,120100,3.42,D
sz000592,平潭发展,2025-10-16 09:54:33,3.42,25100,3.43,D
sz000592,平潭发展,2025-10-16 09:54:36,3.43,29300,3.42,U
sz000592,平潭发展,2025-10-16 09:54:48,3.42,35700,3.42,D
sz000592,平潭发展,2025-10-16 09:55:03,3.42,74600,3.43,D
sz000592,平潭发展,2025-10-16 09:55:09,3.42,20600,3.42,D
sz000592,平潭发展,2025-10-16 09:55:18,3.42,245100,3.42,D
sz000592,平潭发展,2025-10-16 09:55:27,3.42,124500,3.42,D
sz000592,平潭发展,2025-10-16 09:55:33,3.42,114200,3.42,D
sz000592,平潭发展,2025-10-16 09:55:51,3.43,304200,3.42,U
sz000592,平潭发展,2025-10-16 09:55:54,3.43,68600,3.43,U
sz000592,平潭发展,2025-10-16 09:56:03,3.42,41400,3.43,D
sz000592,平潭发展,2025-10-16 09:56:06,3.42,81900,3.42,D
sz000592,平潭发展,2025-10-16 09:56:09,3.42,73500,3.42,U
sz000592,平潭发展,2025-10-16 09:56:12,3.43,31200,3.42,U
sz000592,平潭发展,2025-10-16 09:56:18,3.42,26300,3.42,D
sz000592,平潭发展,2025-10-16 09:56:21,3.43,27000,3.42,U
sz000592,平潭发展,2025-10-16 09:56:30,3.42,150000,3.43,D
sz000592,平潭发展,2025-10-16 09:56:33,3.43,21500,3.42,U
sz000592,平潭发展,2025-10-16 09:56:36,3.42,34800,3.43,D
sz000592,平潭发展,2025-10-16 09:56:42,3.43,22500,3.42,U
sz000592,平潭发展,2025-10-16 09:56:51,3.42,27300,3.42,D
sz000592,平潭发展,2025-10-16 09:57:00,3.42,31200,3.43,D
sz000592,平潭发展,2025-10-16 09:57:06,3.43,78500,3.42,U
sz000592,平潭发展,2025-10-16 09:57:21,3.42,46800,3.42,D
sz000592,平潭发展,2025-10-16 09:57:30,3.42,187200,3.43,D
sz000592,平潭发展,2025-10-16 09:57:36,3.43,83200,3.42,U
sz000592,平潭发展,2025-10-16 09:57:48,3.42,27800,3.43,D
sz000592,平潭发展,2025-10-16 09:57:54,3.42,20300,3.42,U
sz000592,平潭发展,2025-10-16 09:58:03,3.41,33200,3.42,D
sz000592,平潭发展,2025-10-16 09:58:27,3.42,67000,3.42,D
sz000592,平潭发展,2025-10-16 09:58:33,3.42,47300,3.42,D
sz000592,平潭发展,2025-10-16 09:58:36,3.42,26000,3.42,U
sz000592,平潭发展,2025-10-16 09:58:39,3.42,32000,3.42,D
sz000592,平潭发展,2025-10-16 09:58:45,3.42,21100,3.42,U
sz000592,平潭发展,2025-10-16 09:58:48,3.41,36200,3.42,D
sz000592,平潭发展,2025-10-16 09:58:57,3.42,32000,3.42,D
sz000592,平潭发展,2025-10-16 09:59:00,3.43,23900,3.42,U
sz000592,平潭发展,2025-10-16 09:59:03,3.42,145300,3.43,E
sz000592,平潭发展,2025-10-16 09:59:15,3.42,23800,3.42,D
sz000592,平潭发展,2025-10-16 09:59:18,3.43,43300,3.42,U
sz000592,平潭发展,2025-10-16 09:59:21,3.42,29600,3.43,D
sz000592,平潭发展,2025-10-16 09:59:27,3.42,23500,3.42,D
sz000592,平潭发展,2025-10-16 09:59:33,3.42,30600,3.42,D
sz000592,平潭发展,2025-10-16 09:59:39,3.42,27100,3.42,U
sz000592,平潭发展,2025-10-16 09:59:42,3.42,24300,3.42,U
sz000592,平潭发展,2025-10-16 09:59:51,3.42,32600,3.42,U
sz000592,平潭发展,2025-10-16 09:59:54,3.42,37400,3.42,U
sz000592,平潭发展,2025-10-16 09:59:57,3.42,27500,3.42,U
sz000592,平潭发展,2025-10-16 10:00:00,3.42,38900,3.42,U
sz000592,平潭发展,2025-10-16 10:00:03,3.42,435800,3.42,U
sz000592,平潭发展,2025-10-16 10:00:06,3.42,86200,3.42,U
sz000592,平潭发展,2025-10-16 10:00:12,3.42,105500,3.42,D
sz000592,平潭发展,2025-10-16 10:00:15,3.43,292300,3.42,U
sz000592,平潭发展,2025-10-16 10:00:24,3.41,24600,3.42,D
sz000592,平潭发展,2025-10-16 10:00:27,3.42,23000,3.41,U
sz000592,平潭发展,2025-10-16 10:00:33,3.42,181900,3.42,U
sz000592,平潭发展,2025-10-16 10:00:36,3.42,84100,3.42,U
sz000592,平潭发展,2025-10-16 10:00:45,3.42,92900,3.42,D
sz000592,平潭发展,2025-10-16 10:00:48,3.42,21100,3.42,D
sz000592,平潭发展,2025-10-16 10:00:54,3.42,27500,3.42,D
sz000592,平潭发展,2025-10-16 10:00:57,3.42,31400,3.42,D
sz000592,平潭发展,2025-10-16 10:01:06,3.42,78400,3.42,D
sz000592,平潭发展,2025-10-16 10:01:12,3.42,20900,3.42,U
sz000592,平潭发展,2025-10-16 10:01:15,3.42,132200,3.42,U
sz000592,平潭发展,2025-10-16 10:01:18,3.42,209900,3.42,D
sz000592,平潭发展,2025-10-16 10:01:24,3.42,48500,3.42,D
sz000592,平潭发展,2025-10-16 10:01:30,3.43,116000,3.42,U
sz000592,平潭发展,2025-10-16 10:01:54,3.43,47500,3.42,U
sz000592,平潭发展,2025-10-16 10:02:00,3.42,102700,3.42,D
sz000592,平潭发展,2025-10-16 10:02:03,3.42,36500,3.42,D
sz000592,平潭发展,2025-10-16 10:02:12,3.42,23700,3.42,D
sz000592,平潭发展,2025-10-16 10:02:33,3.42,1003300,3.42,U
sz000592,平潭发展,2025-10-16 10:02:39,3.42,43900,3.42,U
sz000592,平潭发展,2025-10-16 10:02:42,3.42,24200,3.42,U
sz000592,平潭发展,2025-10-16 10:02:48,3.42,21400,3.42,U
sz000592,平潭发展,2025-10-16 10:02:51,3.42,101700,3.42,U
sz000592,平潭发展,2025-10-16 10:03:00,3.41,28400,3.41,D
sz000592,平潭发展,2025-10-16 10:03:12,3.42,48200,3.42,U
sz000592,平潭发展,2025-10-16 10:03:21,3.41,27000,3.42,D
sz000592,平潭发展,2025-10-16 10:03:27,3.42,93100,3.42,U
sz000592,平潭发展,2025-10-16 10:03:33,3.42,30600,3.42,U
sz000592,平潭发展,2025-10-16 10:03:36,3.42,35700,3.42,U
sz000592,平潭发展,2025-10-16 10:03:42,3.41,50000,3.42,D
sz000592,平潭发展,2025-10-16 10:03:51,3.42,36000,3.42,U
sz000592,平潭发展,2025-10-16 10:03:54,3.42,28000,3.42,U
sz000592,平潭发展,2025-10-16 10:04:15,3.42,27600,3.42,U
sz000592,平潭发展,2025-10-16 10:04:18,3.41,26200,3.42,D
sz000592,平潭发展,2025-10-16 10:04:21,3.41,24600,3.41,D
sz000592,平潭发展,2025-10-16 10:04:30,3.41,31000,3.41,D
sz000592,平潭发展,2025-10-16 10:04:33,3.42,34700,3.41,U
sz000592,平潭发展,2025-10-16 10:04:36,3.42,85700,3.42,U
sz000592,平潭发展,2025-10-16 10:04:57,3.42,28100,3.42,U
sz000592,平潭发展,2025-10-16 10:05:00,3.42,48100,3.42,U
sz000592,平潭发展,2025-10-16 10:05:06,3.41,48400,3.42,D
sz000592,平潭发展,2025-10-16 10:05:09,3.42,24300,3.41,U
sz000592,平潭发展,2025-10-16 10:05:12,3.42,23400,3.42,U
sz000592,平潭发展,2025-10-16 10:05:15,3.42,26900,3.42,U
sz000592,平潭发展,2025-10-16 10:05:18,3.42,65000,3.42,U
sz000592,平潭发展,2025-10-16 10:05:21,3.42,56800,3.42,D
sz000592,平潭发展,2025-10-16 10:05:24,3.42,51700,3.42,D
sz000592,平潭发展,2025-10-16 10:05:27,3.43,33800,3.42,U
sz000592,平潭发展,2025-10-16 10:05:33,3.42,21300,3.43,D
sz000592,平潭发展,2025-10-16 10:05:42,3.42,23900,3.42,D
sz000592,平潭发展,2025-10-16 10:06:09,3.42,38300,3.42,D
sz000592,平潭发展,2025-10-16 10:06:15,3.42,143100,3.42,D
sz000592,平潭发展,2025-10-16 10:06:24,3.42,20200,3.42,D
sz000592,平潭发展,2025-10-16 10:06:33,3.42,20800,3.42,U
sz000592,平潭发展,2025-10-16 10:06:57,3.43,106800,3.42,U
sz000592,平潭发展,2025-10-16 10:07:09,3.42,30200,3.42,D
sz000592,平潭发展,2025-10-16 10:07:12,3.42,33800,3.42,U
sz000592,平潭发展,2025-10-16 10:07:30,3.42,22400,3.41,U
sz000592,平潭发展,2025-10-16 10:07:39,3.42,33000,3.42,U
sz000592,平潭发展,2025-10-16 10:07:48,3.41,55600,3.42,D
sz000592,平潭发展,2025-10-16 10:08:06,3.41,20700,3.41,D
sz000592,平潭发展,2025-10-16 10:08:21,3.42,26000,3.41,U
sz000592,平潭发展,2025-10-16 10:08:33,3.42,49100,3.42,U
sz000592,平潭发展,2025-10-16 10:08:39,3.42,187000,3.41,U
sz000592,平潭发展,2025-10-16 10:09:03,3.42,69900,3.42,U
sz000592,平潭发展,2025-10-16 10:09:18,3.41,30000,3.42,D
sz000592,平潭发展,2025-10-16 10:09:27,3.42,34800,3.42,U
sz000592,平潭发展,2025-10-16 10:09:42,3.41,47200,3.42,D
sz000592,平潭发展,2025-10-16 10:09:45,3.42,31500,3.41,U
sz000592,平潭发展,2025-10-16 10:09:48,3.41,101800,3.42,D
sz000592,平潭发展,2025-10-16 10:09:54,3.41,45000,3.41,D
sz000592,平潭发展,2025-10-16 10:10:12,3.41,28300,3.42,D
sz000592,平潭发展,2025-10-16 10:10:21,3.42,20000,3.41,U
sz000592,平潭发展,2025-10-16 10:10:24,3.41,32500,3.42,D
sz000592,平潭发展,2025-10-16 10:10:30,3.41,50600,3.42,D
sz000592,平潭发展,2025-10-16 10:10:36,3.42,33400,3.41,U
sz000592,平潭发展,2025-10-16 10:10:48,3.41,47900,3.42,D
sz000592,平潭发展,2025-10-16 10:10:54,3.4,2067617,3.42,D
sz000592,平潭发展,2025-10-16 10:10:57,3.41,41900,3.4,U
sz000592,平潭发展,2025-10-16 10:11:06,3.41,21200,3.41,U
sz000592,平潭发展,2025-10-16 10:11:12,3.41,49700,3.41,U
sz000592,平潭发展,2025-10-16 10:11:18,3.4,75600,3.41,D
sz000592,平潭发展,2025-10-16 10:11:21,3.41,66100,3.4,U
sz000592,平潭发展,2025-10-16 10:11:24,3.4,33300,3.41,D
sz000592,平潭发展,2025-10-16 10:11:30,3.4,368100,3.4,D
sz000592,平潭发展,2025-10-16 10:11:36,3.4,139800,3.4,D
sz000592,平潭发展,2025-10-16 10:11:39,3.4,171900,3.4,D
sz000592,平潭发展,2025-10-16 10:11:42,3.41,551600,3.4,U
sz000592,平潭发展,2025-10-16 10:11:45,3.4,39800,3.41,D
sz000592,平潭发展,2025-10-16 10:11:48,3.41,832100,3.4,U
sz000592,平潭发展,2025-10-16 10:11:51,3.4,130600,3.41,D
sz000592,平潭发展,2025-10-16 10:11:54,3.4,136300,3.4,D
sz000592,平潭发展,2025-10-16 10:11:57,3.4,484100,3.4,D
sz000592,平潭发展,2025-10-16 10:12:00,3.39,120400,3.4,D
sz000592,平潭发展,2025-10-16 10:12:03,3.4,45800,3.39,U
sz000592,平潭发展,2025-10-16 10:12:06,3.39,24600,3.4,D
sz000592,平潭发展,2025-10-16 10:12:09,3.39,236200,3.39,D
sz000592,平潭发展,2025-10-16 10:12:15,3.39,23300,3.39,D
sz000592,平潭发展,2025-10-16 10:12:21,3.39,65500,3.39,D
sz000592,平潭发展,2025-10-16 10:12:24,3.4,80600,3.39,U
sz000592,平潭发展,2025-10-16 10:12:27,3.39,24700,3.4,D
sz000592,平潭发展,2025-10-16 10:12:30,3.39,30600,3.39,D
sz000592,平潭发展,2025-10-16 10:12:33,3.4,202000,3.39,U
sz000592,平潭发展,2025-10-16 10:12:36,3.39,156200,3.4,D
sz000592,平潭发展,2025-10-16 10:12:39,3.4,36300,3.39,U
sz000592,平潭发展,2025-10-16 10:12:45,3.39,116200,3.4,D
sz000592,平潭发展,2025-10-16 10:12:48,3.39,26300,3.39,D
sz000592,平潭发展,2025-10-16 10:12:51,3.4,213100,3.39,U
sz000592,平潭发展,2025-10-16 10:12:54,3.39,129900,3.4,D
sz000592,平潭发展,2025-10-16 10:12:57,3.39,66800,3.39,D
sz000592,平潭发展,2025-10-16 10:13:00,3.39,204000,3.39,D
sz000592,平潭发展,2025-10-16 10:13:03,3.39,208300,3.39,D
sz000592,平潭发展,2025-10-16 10:13:06,3.39,21000,3.39,D
sz000592,平潭发展,2025-10-16 10:13:09,3.39,88100,3.39,D
sz000592,平潭发展,2025-10-16 10:13:12,3.4,71600,3.39,U
sz000592,平潭发展,2025-10-16 10:13:15,3.4,20300,3.4,U
sz000592,平潭发展,2025-10-16 10:13:18,3.4,819100,3.4,U
sz000592,平潭发展,2025-10-16 10:13:21,3.4,33600,3.4,D
sz000592,平潭发展,2025-10-16 10:13:27,3.4,312300,3.4,D
sz000592,平潭发展,2025-10-16 10:13:45,3.4,30200,3.4,D
sz000592,平潭发展,2025-10-16 10:14:21,3.41,66100,3.4,U
sz000592,平潭发展,2025-10-16 10:15:09,3.4,25000,3.4,D
sz000592,平潭发展,2025-10-16 10:15:12,3.4,64500,3.4,D
sz000592,平潭发展,2025-10-16 10:15:48,3.41,21300,3.4,U
sz000592,平潭发展,2025-10-16 10:16:21,3.4,82700,3.41,D
sz000592,平潭发展,2025-10-16 10:16:30,3.41,20100,3.4,U
sz000592,平潭发展,2025-10-16 10:16:33,3.4,24700,3.41,D
sz000592,平潭发展,2025-10-16 10:16:51,3.41,24600,3.41,U
sz000592,平潭发展,2025-10-16 10:17:06,3.41,49500,3.41,U
sz000592,平潭发展,2025-10-16 10:17:36,3.41,22400,3.4,U
sz000592,平潭发展,2025-10-16 10:17:48,3.4,32100,3.4,D
sz000592,平潭发展,2025-10-16 10:18:00,3.4,64100,3.41,D
sz000592,平潭发展,2025-10-16 10:18:48,3.41,25000,3.4,U
sz000592,平潭发展,2025-10-16 10:19:33,3.4,25000,3.4,D
sz000592,平潭发展,2025-10-16 10:19:39,3.4,30600,3.41,D
sz000592,平潭发展,2025-10-16 10:20:12,3.4,217700,3.4,D
sz000592,平潭发展,2025-10-16 10:20:24,3.4,22400,3.4,D
sz000592,平潭发展,2025-10-16 10:20:27,3.41,30400,3.4,U
sz000592,平潭发展,2025-10-16 10:20:30,3.41,114300,3.41,U
sz000592,平潭发展,2025-10-16 10:21:00,3.41,50000,3.41,U
sz000592,平潭发展,2025-10-16 10:21:03,3.4,33800,3.41,D
sz000592,平潭发展,2025-10-16 10:21:18,3.41,79600,3.41,U
sz000592,平潭发展,2025-10-16 10:21:24,3.4,78900,3.4,D
sz000592,平潭发展,2025-10-16 10:21:30,3.4,973100,3.4,D
sz000592,平潭发展,2025-10-16 10:21:48,3.4,34400,3.4,U
sz000592,平潭发展,2025-10-16 10:21:51,3.4,514300,3.4,U
sz000592,平潭发展,2025-10-16 10:21:54,3.4,24000,3.4,U
sz000592,平潭发展,2025-10-16 10:21:57,3.39,252700,3.4,D
sz000592,平潭发展,2025-10-16 10:22:00,3.4,131200,3.39,U
sz000592,平潭发展,2025-10-16 10:22:06,3.4,30000,3.4,U
sz000592,平潭发展,2025-10-16 10:22:21,3.4,57700,3.4,U
sz000592,平潭发展,2025-10-16 10:22:42,3.41,88200,3.41,U
sz000592,平潭发展,2025-10-16 10:22:48,3.41,20700,3.41,U
sz000592,平潭发展,2025-10-16 10:22:54,3.4,25900,3.4,D
sz000592,平潭发展,2025-10-16 10:24:36,3.4,559900,3.4,D
sz000592,平潭发展,2025-10-16 10:24:48,3.4,25700,3.4,D
sz000592,平潭发展,2025-10-16 10:24:51,3.41,22900,3.4,U
sz000592,平潭发展,2025-10-16 10:25:03,3.41,129200,3.4,U
sz000592,平潭发展,2025-10-16 10:25:09,3.4,95000,3.4,D
sz000592,平潭发展,2025-10-16 10:25:18,3.4,56200,3.4,D
sz000592,平潭发展,2025-10-16 10:25:27,3.4,75200,3.4,D
sz000592,平潭发展,2025-10-16 10:25:39,3.4,26400,3.4,U
sz000592,平潭发展,2025-10-16 10:25:45,3.4,71500,3.4,U
sz000592,平潭发展,2025-10-16 10:26:00,3.4,159700,3.4,U
sz000592,平潭发展,2025-10-16 10:26:33,3.39,30200,3.4,D
sz000592,平潭发展,2025-10-16 10:27:15,3.39,74800,3.4,D
sz000592,平潭发展,2025-10-16 10:27:24,3.39,101600,3.39,D
sz000592,平潭发展,2025-10-16 10:27:36,3.39,110900,3.4,D
sz000592,平潭发展,2025-10-16 10:27:39,3.39,44600,3.39,D
sz000592,平潭发展,2025-10-16 10:27:54,3.39,880100,3.4,D
sz000592,平潭发展,2025-10-16 10:28:00,3.39,34200,3.39,D
sz000592,平潭发展,2025-10-16 10:28:03,3.4,47400,3.39,U
sz000592,平潭发展,2025-10-16 10:28:06,3.39,25900,3.4,D
sz000592,平潭发展,2025-10-16 10:28:09,3.39,20300,3.39,D
sz000592,平潭发展,2025-10-16 10:28:15,3.39,251300,3.39,D
sz000592,平潭发展,2025-10-16 10:28:18,3.39,53600,3.39,D
sz000592,平潭发展,2025-10-16 10:28:24,3.39,54300,3.39,D
sz000592,平潭发展,2025-10-16 10:28:33,3.39,56000,3.39,D
sz000592,平潭发展,2025-10-16 10:28:36,3.39,133700,3.39,D
sz000592,平潭发展,2025-10-16 10:28:39,3.39,63600,3.39,D
sz000592,平潭发展,2025-10-16 10:28:42,3.39,23800,3.39,U
sz000592,平潭发展,2025-10-16 10:29:00,3.39,63900,3.39,U
sz000592,平潭发展,2025-10-16 10:29:09,3.39,28500,3.39,U
sz000592,平潭发展,2025-10-16 10:29:18,3.39,45000,3.39,U
sz000592,平潭发展,2025-10-16 10:29:42,3.38,123100,3.38,D
sz000592,平潭发展,2025-10-16 10:29:45,3.38,33900,3.38,D
sz000592,平潭发展,2025-10-16 10:29:48,3.38,142400,3.38,D
sz000592,平潭发展,2025-10-16 10:29:57,3.38,58600,3.38,D
sz000592,平潭发展,2025-10-16 10:30:00,3.38,26400,3.38,D
sz000592,平潭发展,2025-10-16 10:30:03,3.38,39900,3.38,D
sz000592,平潭发展,2025-10-16 10:30:06,3.38,39000,3.38,D
sz000592,平潭发展,2025-10-16 10:30:09,3.38,64600,3.38,D
sz000592,平潭发展,2025-10-16 10:30:18,3.38,22600,3.38,D
sz000592,平潭发展,2025-10-16 10:30:30,3.39,74400,3.38,U
sz000592,平潭发展,2025-10-16 10:30:42,3.38,51100,3.39,D
sz000592,平潭发展,2025-10-16 10:30:51,3.38,38700,3.39,D
sz000592,平潭发展,2025-10-16 10:31:09,3.38,253500,3.38,D
sz000592,平潭发展,2025-10-16 10:31:12,3.38,754500,3.38,D
sz000592,平潭发展,2025-10-16 10:31:15,3.38,183500,3.38,D
sz000592,平潭发展,2025-10-16 10:31:18,3.38,21700,3.38,D
sz000592,平潭发展,2025-10-16 10:31:21,3.38,60500,3.38,D
sz000592,平潭发展,2025-10-16 10:31:24,3.38,127000,3.38,D
sz000592,平潭发展,2025-10-16 10:31:27,3.38,21700,3.38,D
sz000592,平潭发展,2025-10-16 10:31:33,3.38,21700,3.38,U
sz000592,平潭发展,2025-10-16 10:31:48,3.38,21400,3.37,U
sz000592,平潭发展,2025-10-16 10:32:00,3.37,33700,3.37,D
sz000592,平潭发展,2025-10-16 10:32:03,3.38,26300,3.37,U
sz000592,平潭发展,2025-10-16 10:32:09,3.37,125000,3.38,D
sz000592,平潭发展,2025-10-16 10:32:15,3.38,45600,3.38,U
sz000592,平潭发展,2025-10-16 10:32:18,3.37,114100,3.38,D
sz000592,平潭发展,2025-10-16 10:32:24,3.37,36700,3.38,D
sz000592,平潭发展,2025-10-16 10:32:51,3.38,31800,3.38,U
sz000592,平潭发展,2025-10-16 10:32:54,3.38,63500,3.38,U
sz000592,平潭发展,2025-10-16 10:32:57,3.38,30000,3.38,U
sz000592,平潭发展,2025-10-16 10:33:03,3.38,41000,3.37,U
sz000592,平潭发展,2025-10-16 10:33:06,3.39,1249600,3.38,U
sz000592,平潭发展,2025-10-16 10:33:09,3.39,30400,3.39,U
sz000592,平潭发展,2025-10-16 10:33:12,3.39,26800,3.39,U
sz000592,平潭发展,2025-10-16 10:33:18,3.39,39800,3.39,U
sz000592,平潭发展,2025-10-16 10:33:42,3.39,45400,3.39,U
sz000592,平潭发展,2025-10-16 10:34:06,3.38,92200,3.39,D
sz000592,平潭发展,2025-10-16 10:34:12,3.39,20900,3.38,U
sz000592,平潭发展,2025-10-16 10:35:06,3.38,32900,3.39,D
sz000592,平潭发展,2025-10-16 10:35:12,3.39,28600,3.38,U
sz000592,平潭发展,2025-10-16 10:35:18,3.38,68100,3.39,D
sz000592,平潭发展,2025-10-16 10:35:27,3.39,83900,3.38,U
sz000592,平潭发展,2025-10-16 10:35:39,3.39,23700,3.39,U
sz000592,平潭发展,2025-10-16 10:35:42,3.39,130700,3.39,U
sz000592,平潭发展,2025-10-16 10:36:21,3.39,20300,3.39,U
sz000592,平潭发展,2025-10-16 10:36:24,3.39,323700,3.39,U
sz000592,平潭发展,2025-10-16 10:36:27,3.39,199500,3.39,U
sz000592,平潭发展,2025-10-16 10:36:30,3.39,218800,3.39,U
sz000592,平潭发展,2025-10-16 10:36:33,3.39,28900,3.39,U
sz000592,平潭发展,2025-10-16 10:36:36,3.39,23200,3.39,U
sz000592,平潭发展,2025-10-16 10:36:45,3.39,257200,3.39,U
sz000592,平潭发展,2025-10-16 10:36:54,3.39,28800,3.39,U
sz000592,平潭发展,2025-10-16 10:36:57,3.38,221800,3.39,D
sz000592,平潭发展,2025-10-16 10:37:03,3.39,63800,3.39,D
sz000592,平潭发展,2025-10-16 10:37:12,3.39,108300,3.39,U
sz000592,平潭发展,2025-10-16 10:37:21,3.39,51000,3.39,U
sz000592,平潭发展,2025-10-16 10:37:33,3.39,25500,3.39,U
sz000592,平潭发展,2025-10-16 10:38:51,3.39,29900,3.38,U
sz000592,平潭发展,2025-10-16 10:39:06,3.38,60500,3.38,D
sz000592,平潭发展,2025-10-16 10:39:09,3.38,21100,3.38,D
sz000592,平潭发展,2025-10-16 10:39:36,3.39,64700,3.39,U
sz000592,平潭发展,2025-10-16 10:40:03,3.39,194700,3.39,U
sz000592,平潭发展,2025-10-16 10:40:09,3.38,30000,3.39,D
sz000592,平潭发展,2025-10-16 10:40:18,3.38,191300,3.38,D
sz000592,平潭发展,2025-10-16 10:40:21,3.38,308900,3.38,D
sz000592,平潭发展,2025-10-16 10:40:24,3.38,73500,3.38,D
sz000592,平潭发展,2025-10-16 10:40:27,3.38,50200,3.38,D
sz000592,平潭发展,2025-10-16 10:40:45,3.38,83000,3.38,D
sz000592,平潭发展,2025-10-16 10:40:54,3.38,71000,3.39,D
sz000592,平潭发展,2025-10-16 10:40:57,3.38,37600,3.38,D
sz000592,平潭发展,2025-10-16 10:41:03,3.38,20500,3.38,D
sz000592,平潭发展,2025-10-16 10:41:09,3.38,99300,3.38,D
sz000592,平潭发展,2025-10-16 10:41:12,3.38,31500,3.38,D
sz000592,平潭发展,2025-10-16 10:41:24,3.38,293800,3.38,D
sz000592,平潭发展,2025-10-16 10:41:27,3.38,104900,3.38,U
sz000592,平潭发展,2025-10-16 10:41:30,3.37,84000,3.38,D
sz000592,平潭发展,2025-10-16 10:42:21,3.37,114700,3.38,D
sz000592,平潭发展,2025-10-16 10:42:45,3.38,33700,3.38,U
sz000592,平潭发展,2025-10-16 10:43:03,3.38,29300,3.38,U
sz000592,平潭发展,2025-10-16 10:43:09,3.38,20000,3.38,U
sz000592,平潭发展,2025-10-16 10:43:48,3.38,109500,3.38,U
sz000592,平潭发展,2025-10-16 10:43:51,3.38,38400,3.38,U
sz000592,平潭发展,2025-10-16 10:43:54,3.37,20700,3.38,D
sz000592,平潭发展,2025-10-16 10:43:57,3.38,21400,3.37,U
sz000592,平潭发展,2025-10-16 10:44:12,3.37,65700,3.37,D
sz000592,平潭发展,2025-10-16 10:44:21,3.38,20100,3.38,U
sz000592,平潭发展,2025-10-16 10:44:36,3.37,23700,3.38,D
sz000592,平潭发展,2025-10-16 10:44:57,3.38,20000,3.38,U
sz000592,平潭发展,2025-10-16 10:45:06,3.38,100500,3.37,U
sz000592,平潭发展,2025-10-16 10:45:18,3.38,20000,3.38,U
sz000592,平潭发展,2025-10-16 10:45:27,3.38,21500,3.38,U
sz000592,平潭发展,2025-10-16 10:45:36,3.37,98300,3.37,D
sz000592,平潭发展,2025-10-16 10:45:54,3.38,26200,3.37,U
sz000592,平潭发展,2025-10-16 10:46:03,3.37,20600,3.37,D
sz000592,平潭发展,2025-10-16 10:46:06,3.37,37800,3.37,D
sz000592,平潭发展,2025-10-16 10:46:12,3.37,20300,3.37,D
sz000592,平潭发展,2025-10-16 10:46:30,3.37,66200,3.37,D
sz000592,平潭发展,2025-10-16 10:46:33,3.37,1305300,3.37,D
sz000592,平潭发展,2025-10-16 10:46:48,3.37,37900,3.37,U
sz000592,平潭发展,2025-10-16 10:46:51,3.37,61600,3.37,U
sz000592,平潭发展,2025-10-16 10:46:54,3.37,21000,3.37,U
sz000592,平潭发展,2025-10-16 10:47:00,3.37,32900,3.37,U
sz000592,平潭发展,2025-10-16 10:47:06,3.37,23600,3.37,U
sz000592,平潭发展,2025-10-16 10:47:12,3.36,28200,3.37,D
sz000592,平潭发展,2025-10-16 10:47:36,3.36,22000,3.36,D
sz000592,平潭发展,2025-10-16 10:47:39,3.36,34800,3.36,D
sz000592,平潭发展,2025-10-16 10:47:45,3.37,99500,3.36,U
sz000592,平潭发展,2025-10-16 10:47:48,3.36,59600,3.37,D
sz000592,平潭发展,2025-10-16 10:47:51,3.36,25700,3.36,D
sz000592,平潭发展,2025-10-16 10:47:57,3.36,40000,3.36,D
sz000592,平潭发展,2025-10-16 10:48:00,3.36,27100,3.36,D
sz000592,平潭发展,2025-10-16 10:48:03,3.36,26700,3.36,D
sz000592,平潭发展,2025-10-16 10:48:09,3.36,48500,3.36,D
sz000592,平潭发展,2025-10-16 10:48:12,3.36,47600,3.36,D
sz000592,平潭发展,2025-10-16 10:48:18,3.36,47600,3.36,D
sz000592,平潭发展,2025-10-16 10:48:21,3.36,101000,3.36,D
sz000592,平潭发展,2025-10-16 10:48:27,3.36,56100,3.36,D
sz000592,平潭发展,2025-10-16 10:48:30,3.36,46000,3.36,D
sz000592,平潭发展,2025-10-16 10:48:36,3.36,45900,3.36,D
sz000592,平潭发展,2025-10-16 10:48:39,3.36,22600,3.36,D
sz000592,平潭发展,2025-10-16 10:48:45,3.36,82900,3.37,D
sz000592,平潭发展,2025-10-16 10:48:54,3.37,30800,3.36,U
sz000592,平潭发展,2025-10-16 10:49:00,3.37,247600,3.37,U
sz000592,平潭发展,2025-10-16 10:49:03,3.36,34500,3.37,D
sz000592,平潭发展,2025-10-16 10:49:06,3.36,66100,3.36,D
sz000592,平潭发展,2025-10-16 10:49:12,3.37,39800,3.36,U
sz000592,平潭发展,2025-10-16 10:49:45,3.36,45700,3.37,D
sz000592,平潭发展,2025-10-16 10:49:51,3.36,27400,3.36,D
sz000592,平潭发展,2025-10-16 10:49:54,3.36,22100,3.36,D
sz000592,平潭发展,2025-10-16 10:50:09,3.36,87800,3.37,D
sz000592,平潭发展,2025-10-16 10:50:30,3.36,28700,3.36,D
sz000592,平潭发展,2025-10-16 10:50:36,3.36,1365300,3.36,D
sz000592,平潭发展,2025-10-16 10:50:39,3.36,123400,3.36,U
sz000592,平潭发展,2025-10-16 10:50:48,3.36,26400,3.36,U
sz000592,平潭发展,2025-10-16 10:50:51,3.36,27500,3.36,U
sz000592,平潭发展,2025-10-16 10:50:57,3.35,43100,3.35,D
sz000592,平潭发展,2025-10-16 10:51:00,3.36,25500,3.35,U
sz000592,平潭发展,2025-10-16 10:51:03,3.36,26100,3.36,U
sz000592,平潭发展,2025-10-16 10:51:09,3.35,20900,3.35,D
sz000592,平潭发展,2025-10-16 10:51:12,3.35,20800,3.35,D
sz000592,平潭发展,2025-10-16 10:51:15,3.35,86500,3.35,D
sz000592,平潭发展,2025-10-16 10:51:18,3.35,26200,3.35,D
sz000592,平潭发展,2025-10-16 10:51:21,3.35,22600,3.35,D
sz000592,平潭发展,2025-10-16 10:51:27,3.36,22900,3.36,U
sz000592,平潭发展,2025-10-16 10:51:36,3.36,47900,3.35,U
sz000592,平潭发展,2025-10-16 10:51:39,3.36,890200,3.36,U
sz000592,平潭发展,2025-10-16 10:51:42,3.36,30900,3.36,D
sz000592,平潭发展,2025-10-16 10:52:12,3.37,254700,3.36,U
sz000592,平潭发展,2025-10-16 10:52:27,3.36,24000,3.37,D
sz000592,平潭发展,2025-10-16 10:52:30,3.36,119800,3.36,D
sz000592,平潭发展,2025-10-16 10:52:36,3.37,21200,3.36,U
sz000592,平潭发展,2025-10-16 10:52:42,3.37,653600,3.36,U
sz000592,平潭发展,2025-10-16 10:52:45,3.36,21000,3.37,D
sz000592,平潭发展,2025-10-16 10:52:48,3.37,35800,3.36,U
sz000592,平潭发展,2025-10-16 10:52:54,3.37,49600,3.37,U
sz000592,平潭发展,2025-10-16 10:53:09,3.36,100300,3.37,D
sz000592,平潭发展,2025-10-16 10:53:12,3.36,164200,3.36,D
sz000592,平潭发展,2025-10-16 10:53:15,3.36,235700,3.36,D
sz000592,平潭发展,2025-10-16 10:53:18,3.36,33800,3.36,U
sz000592,平潭发展,2025-10-16 10:53:24,3.36,43300,3.36,U
sz000592,平潭发展,2025-10-16 10:53:27,3.36,22400,3.36,U
sz000592,平潭发展,2025-10-16 10:53:30,3.36,33200,3.36,U
sz000592,平潭发展,2025-10-16 10:53:33,3.36,24800,3.36,U
sz000592,平潭发展,2025-10-16 10:53:36,3.35,51100,3.36,D
sz000592,平潭发展,2025-10-16 10:53:42,3.36,24300,3.36,U
sz000592,平潭发展,2025-10-16 10:53:57,3.36,77200,3.36,U
sz000592,平潭发展,2025-10-16 10:54:18,3.35,54200,3.36,D
sz000592,平潭发展,2025-10-16 10:54:24,3.36,41400,3.36,D
sz000592,平潭发展,2025-10-16 10:54:36,3.36,101800,3.36,U
sz000592,平潭发展,2025-10-16 10:54:45,3.36,50100,3.36,D
sz000592,平潭发展,2025-10-16 10:55:00,3.37,37600,3.37,U
sz000592,平潭发展,2025-10-16 10:55:09,3.36,34400,3.36,D
sz000592,平潭发展,2025-10-16 10:56:00,3.37,54100,3.37,U
sz000592,平潭发展,2025-10-16 10:56:33,3.37,25800,3.37,U
sz000592,平潭发展,2025-10-16 10:57:21,3.36,56400,3.37,D
sz000592,平潭发展,2025-10-16 10:58:15,3.36,23600,3.37,D
sz000592,平潭发展,2025-10-16 10:58:57,3.37,149100,3.37,U
sz000592,平潭发展,2025-10-16 10:59:03,3.37,42900,3.37,U
sz000592,平潭发展,2025-10-16 10:59:06,3.37,176400,3.37,U
sz000592,平潭发展,2025-10-16 10:59:09,3.37,31200,3.37,U
sz000592,平潭发展,2025-10-16 10:59:15,3.37,25300,3.37,U
sz000592,平潭发展,2025-10-16 10:59:18,3.37,29000,3.37,D
sz000592,平潭发展,2025-10-16 10:59:21,3.37,39700,3.37,D
sz000592,平潭发展,2025-10-16 10:59:24,3.37,25800,3.37,D
sz000592,平潭发展,2025-10-16 10:59:27,3.37,36300,3.37,U
sz000592,平潭发展,2025-10-16 11:00:09,3.37,268900,3.37,D
sz000592,平潭发展,2025-10-16 11:00:15,3.37,39200,3.37,U
sz000592,平潭发展,2025-10-16 11:00:21,3.37,50300,3.37,U
sz000592,平潭发展,2025-10-16 11:00:24,3.37,38300,3.37,U
sz000592,平潭发展,2025-10-16 11:00:27,3.37,20200,3.37,U
sz000592,平潭发展,2025-10-16 11:01:39,3.37,66600,3.37,D
sz000592,平潭发展,2025-10-16 11:02:36,3.38,149700,3.38,U
sz000592,平潭发展,2025-10-16 11:02:54,3.38,21900,3.38,U
sz000592,平潭发展,2025-10-16 11:02:57,3.38,364000,3.38,U
sz000592,平潭发展,2025-10-16 11:03:06,3.38,317500,3.38,U
sz000592,平潭发展,2025-10-16 11:03:09,3.38,27600,3.38,U
sz000592,平潭发展,2025-10-16 11:03:27,3.38,66700,3.38,D
sz000592,平潭发展,2025-10-16 11:04:00,3.38,48600,3.38,U
sz000592,平潭发展,2025-10-16 11:04:06,3.38,48300,3.38,U
sz000592,平潭发展,2025-10-16 11:05:00,3.38,20000,3.38,U
sz000592,平潭发展,2025-10-16 11:05:12,3.38,21300,3.38,U
sz000592,平潭发展,2025-10-16 11:05:27,3.38,36100,3.38,U
sz000592,平潭发展,2025-10-16 11:05:39,3.37,48500,3.38,D
sz000592,平潭发展,2025-10-16 11:05:51,3.38,38400,3.38,U
sz000592,平潭发展,2025-10-16 11:05:54,3.37,30900,3.38,D
sz000592,平潭发展,2025-10-16 11:06:06,3.38,35600,3.38,U
sz000592,平潭发展,2025-10-16 11:06:36,3.38,22800,3.38,U
sz000592,平潭发展,2025-10-16 11:06:42,3.38,41700,3.38,U
sz000592,平潭发展,2025-10-16 11:06:54,3.37,48200,3.37,D
sz000592,平潭发展,2025-10-16 11:07:21,3.37,32100,3.38,D
sz000592,平潭发展,2025-10-16 11:07:30,3.37,37400,3.38,D
sz000592,平潭发展,2025-10-16 11:07:51,3.38,26800,3.38,U
sz000592,平潭发展,2025-10-16 11:09:27,3.37,20000,3.37,D
sz000592,平潭发展,2025-10-16 11:09:39,3.38,21500,3.37,U
sz000592,平潭发展,2025-10-16 11:09:48,3.37,25800,3.37,D
sz000592,平潭发展,2025-10-16 11:10:12,3.38,20000,3.38,U
sz000592,平潭发展,2025-10-16 11:10:21,3.37,58900,3.37,D
sz000592,平潭发展,2025-10-16 11:10:42,3.38,22300,3.38,U
sz000592,平潭发展,2025-10-16 11:11:18,3.38,28100,3.38,U
sz000592,平潭发展,2025-10-16 11:11:57,3.38,23000,3.37,U
sz000592,平潭发展,2025-10-16 11:12:39,3.38,20900,3.38,U
sz000592,平潭发展,2025-10-16 11:12:48,3.38,20000,3.38,U
sz000592,平潭发展,2025-10-16 11:13:18,3.38,257200,3.38,U
sz000592,平潭发展,2025-10-16 11:13:21,3.38,47600,3.38,U
sz000592,平潭发展,2025-10-16 11:13:24,3.38,20439,3.38,U
sz000592,平潭发展,2025-10-16 11:13:39,3.39,41700,3.39,U
sz000592,平潭发展,2025-10-16 11:14:12,3.39,41300,3.38,U
sz000592,平潭发展,2025-10-16 11:14:15,3.39,40200,3.39,U
sz000592,平潭发展,2025-10-16 11:14:21,3.39,22900,3.39,U
sz000592,平潭发展,2025-10-16 11:16:33,3.39,46900,3.39,U
sz000592,平潭发展,2025-10-16 11:16:51,3.39,26800,3.39,U
sz000592,平潭发展,2025-10-16 11:17:06,3.39,42200,3.39,U
sz000592,平潭发展,2025-10-16 11:17:51,3.38,65800,3.38,D
sz000592,平潭发展,2025-10-16 11:17:57,3.38,89200,3.38,D
sz000592,平潭发展,2025-10-16 11:18:00,3.38,55700,3.38,D
sz000592,平潭发展,2025-10-16 11:18:45,3.38,32600,3.38,D
sz000592,平潭发展,2025-10-16 11:18:54,3.39,20900,3.39,U
sz000592,平潭发展,2025-10-16 11:19:12,3.39,39100,3.39,U
sz000592,平潭发展,2025-10-16 11:19:57,3.38,57000,3.38,D
sz000592,平潭发展,2025-10-16 11:20:30,3.38,34900,3.39,D
sz000592,平潭发展,2025-10-16 11:20:36,3.38,295200,3.38,D
sz000592,平潭发展,2025-10-16 11:20:42,3.38,95000,3.38,D
sz000592,平潭发展,2025-10-16 11:20:45,3.38,79300,3.38,D
sz000592,平潭发展,2025-10-16 11:20:48,3.38,33900,3.38,D
sz000592,平潭发展,2025-10-16 11:20:51,3.38,52200,3.38,D
sz000592,平潭发展,2025-10-16 11:20:54,3.38,24100,3.38,D
sz000592,平潭发展,2025-10-16 11:21:03,3.38,25000,3.38,D
sz000592,平潭发展,2025-10-16 11:23:33,3.39,75600,3.39,U
sz000592,平潭发展,2025-10-16 11:25:06,3.39,364500,3.39,U
sz000592,平潭发展,2025-10-16 11:26:21,3.39,42800,3.39,U
sz000592,平潭发展,2025-10-16 11:28:06,3.38,20000,3.39,D
sz000592,平潭发展,2025-10-16 11:28:30,3.38,34500,3.39,D
sz000592,平潭发展,2025-10-16 11:28:54,3.38,27500,3.39,D
sz000592,平潭发展,2025-10-16 11:29:27,3.38,47700,3.38,D
sz000592,平潭发展,2025-10-16 11:29:33,3.38,39100,3.38,D
sz000592,平潭发展,2025-10-16 11:29:57,3.38,24300,3.38,D
sz000592,平潭发展,2025-10-16 13:00:00,3.39,149200,3.38,U
sz000592,平潭发展,2025-10-16 13:00:03,3.39,752700,3.39,U
sz000592,平潭发展,2025-10-16 13:00:06,3.38,37000,3.39,D
sz000592,平潭发展,2025-10-16 13:00:09,3.37,23900,3.38,D
sz000592,平潭发展,2025-10-16 13:00:18,3.38,38000,3.38,U
sz000592,平潭发展,2025-10-16 13:00:36,3.37,300100,3.37,D
sz000592,平潭发展,2025-10-16 13:00:51,3.37,27500,3.37,D
sz000592,平潭发展,2025-10-16 13:01:33,3.37,40000,3.37,D
sz000592,平潭发展,2025-10-16 13:01:51,3.37,57900,3.37,D
sz000592,平潭发展,2025-10-16 13:02:06,3.37,20800,3.37,D
sz000592,平潭发展,2025-10-16 13:03:09,3.37,31800,3.38,D
sz000592,平潭发展,2025-10-16 13:03:24,3.38,37600,3.37,U
sz000592,平潭发展,2025-10-16 13:03:39,3.37,51300,3.37,D
sz000592,平潭发展,2025-10-16 13:04:18,3.37,42500,3.37,D
sz000592,平潭发展,2025-10-16 13:04:39,3.37,35700,3.37,D
sz000592,平潭发展,2025-10-16 13:04:51,3.37,177800,3.37,D
sz000592,平潭发展,2025-10-16 13:05:03,3.38,63600,3.37,U
sz000592,平潭发展,2025-10-16 13:05:33,3.37,498061,3.37,D
sz000592,平潭发展,2025-10-16 13:06:27,3.37,22900,3.37,U
sz000592,平潭发展,2025-10-16 13:06:51,3.36,467000,3.37,D
sz000592,平潭发展,2025-10-16 13:07:27,3.37,52400,3.36,U
sz000592,平潭发展,2025-10-16 13:07:57,3.37,30000,3.36,U
sz000592,平潭发展,2025-10-16 13:08:24,3.36,66900,3.37,D
sz000592,平潭发展,2025-10-16 13:08:39,3.36,58000,3.36,D
sz000592,平潭发展,2025-10-16 13:08:45,3.36,150700,3.37,D
sz000592,平潭发展,2025-10-16 13:09:00,3.36,61200,3.37,D
sz000592,平潭发展,2025-10-16 13:09:51,3.36,38100,3.36,D
sz000592,平潭发展,2025-10-16 13:10:03,3.37,55000,3.36,U
sz000592,平潭发展,2025-10-16 13:10:06,3.37,21600,3.37,U
sz000592,平潭发展,2025-10-16 13:10:12,3.37,55800,3.37,U
sz000592,平潭发展,2025-10-16 13:10:24,3.37,184739,3.37,U
sz000592,平潭发展,2025-10-16 13:10:27,3.37,177200,3.37,D
sz000592,平潭发展,2025-10-16 13:10:30,3.37,45400,3.37,D
sz000592,平潭发展,2025-10-16 13:10:39,3.37,26500,3.37,U
sz000592,平潭发展,2025-10-16 13:11:03,3.36,78600,3.36,D
sz000592,平潭发展,2025-10-16 13:11:15,3.36,30000,3.37,D
sz000592,平潭发展,2025-10-16 13:11:27,3.37,85800,3.37,U
sz000592,平潭发展,2025-10-16 13:11:42,3.37,277600,3.37,U
sz000592,平潭发展,2025-10-16 13:11:45,3.37,20600,3.37,U
sz000592,平潭发展,2025-10-16 13:11:51,3.36,21500,3.37,D
sz000592,平潭发展,2025-10-16 13:13:15,3.37,431600,3.37,U
sz000592,平潭发展,2025-10-16 13:13:21,3.37,35000,3.37,U
sz000592,平潭发展,2025-10-16 13:13:33,3.37,114700,3.37,U
sz000592,平潭发展,2025-10-16 13:13:57,3.36,41900,3.37,D
sz000592,平潭发展,2025-10-16 13:14:24,3.36,243900,3.36,D
sz000592,平潭发展,2025-10-16 13:14:33,3.36,38500,3.36,D
sz000592,平潭发展,2025-10-16 13:16:51,3.36,157600,3.36,D
sz000592,平潭发展,2025-10-16 13:17:15,3.36,352000,3.36,D
sz000592,平潭发展,2025-10-16 13:17:18,3.36,31600,3.36,D
sz000592,平潭发展,2025-10-16 13:17:24,3.36,47900,3.36,D
sz000592,平潭发展,2025-10-16 13:17:33,3.36,339361,3.36,D
sz000592,平潭发展,2025-10-16 13:17:54,3.36,27300,3.36,U
sz000592,平潭发展,2025-10-16 13:18:00,3.36,52700,3.36,U
sz000592,平潭发展,2025-10-16 13:18:03,3.36,84439,3.36,U
sz000592,平潭发展,2025-10-16 13:18:06,3.36,37800,3.36,D
sz000592,平潭发展,2025-10-16 13:18:21,3.36,20700,3.36,D
sz000592,平潭发展,2025-10-16 13:18:30,3.36,22000,3.36,D
sz000592,平潭发展,2025-10-16 13:19:36,3.36,48300,3.36,D
sz000592,平潭发展,2025-10-16 13:20:00,3.36,128500,3.36,D
sz000592,平潭发展,2025-10-16 13:20:45,3.36,22900,3.36,D
sz000592,平潭发展,2025-10-16 13:20:51,3.36,70200,3.36,D
sz000592,平潭发展,2025-10-16 13:21:48,3.37,20000,3.37,U
sz000592,平潭发展,2025-10-16 13:22:06,3.36,44900,3.36,D
sz000592,平潭发展,2025-10-16 13:23:48,3.37,34100,3.37,U
sz000592,平潭发展,2025-10-16 13:24:54,3.36,37300,3.36,D
sz000592,平潭发展,2025-10-16 13:25:24,3.36,947100,3.37,D
sz000592,平潭发展,2025-10-16 13:26:03,3.37,133800,3.37,U
sz000592,平潭发展,2025-10-16 13:26:06,3.36,20500,3.37,D
sz000592,平潭发展,2025-10-16 13:28:57,3.37,75800,3.36,U
sz000592,平潭发展,2025-10-16 13:29:30,3.36,25900,3.37,D
sz000592,平潭发展,2025-10-16 13:30:06,3.36,25800,3.36,D
sz000592,平潭发展,2025-10-16 13:30:09,3.36,34600,3.36,D
sz000592,平潭发展,2025-10-16 13:31:27,3.37,737600,3.37,U
sz000592,平潭发展,2025-10-16 13:31:30,3.37,150000,3.37,U
sz000592,平潭发展,2025-10-16 13:31:51,3.37,26700,3.37,U
sz000592,平潭发展,2025-10-16 13:31:54,3.37,104800,3.37,U
sz000592,平潭发展,2025-10-16 13:32:03,3.37,47500,3.37,U
sz000592,平潭发展,2025-10-16 13:32:15,3.38,146200,3.37,U
sz000592,平潭发展,2025-10-16 13:32:21,3.37,23400,3.37,D
sz000592,平潭发展,2025-10-16 13:32:42,3.37,26300,3.38,D
sz000592,平潭发展,2025-10-16 13:32:54,3.37,24000,3.37,D
sz000592,平潭发展,2025-10-16 13:33:48,3.37,109600,3.37,U
sz000592,平潭发展,2025-10-16 13:34:06,3.37,27400,3.37,U
sz000592,平潭发展,2025-10-16 13:34:30,3.37,20500,3.37,D
sz000592,平潭发展,2025-10-16 13:35:12,3.38,235563,3.37,U
sz000592,平潭发展,2025-10-16 13:36:03,3.38,30200,3.38,U
sz000592,平潭发展,2025-10-16 13:36:06,3.37,233237,3.38,D
sz000592,平潭发展,2025-10-16 13:36:51,3.37,429800,3.37,D
sz000592,平潭发展,2025-10-16 13:37:09,3.37,49400,3.37,U
sz000592,平潭发展,2025-10-16 13:37:15,3.37,73300,3.37,U
sz000592,平潭发展,2025-10-16 13:37:21,3.37,48100,3.37,U
sz000592,平潭发展,2025-10-16 13:37:33,3.37,51300,3.37,U
sz000592,平潭发展,2025-10-16 13:37:57,3.37,24500,3.37,D
sz000592,平潭发展,2025-10-16 13:38:03,3.37,100000,3.37,U
sz000592,平潭发展,2025-10-16 13:39:09,3.37,101100,3.36,U
sz000592,平潭发展,2025-10-16 13:39:48,3.37,257300,3.36,U
sz000592,平潭发展,2025-10-16 13:41:15,3.37,29900,3.37,D
sz000592,平潭发展,2025-10-16 13:42:03,3.37,20800,3.37,D
sz000592,平潭发展,2025-10-16 13:42:18,3.37,20000,3.38,D
sz000592,平潭发展,2025-10-16 13:42:54,3.37,24200,3.37,D
sz000592,平潭发展,2025-10-16 13:44:03,3.38,47100,3.37,U
sz000592,平潭发展,2025-10-16 13:44:45,3.37,30000,3.37,D
sz000592,平潭发展,2025-10-16 13:45:54,3.37,59300,3.37,D
sz000592,平潭发展,2025-10-16 13:46:51,3.37,32800,3.37,D
sz000592,平潭发展,2025-10-16 13:46:54,3.37,22200,3.37,D
sz000592,平潭发展,2025-10-16 13:47:36,3.37,34800,3.38,D
sz000592,平潭发展,2025-10-16 13:49:57,3.37,35600,3.37,D
sz000592,平潭发展,2025-10-16 13:50:09,3.37,23500,3.38,D
sz000592,平潭发展,2025-10-16 13:50:21,3.37,30600,3.38,D
sz000592,平潭发展,2025-10-16 13:51:42,3.37,44700,3.38,D
sz000592,平潭发展,2025-10-16 13:51:51,3.38,589300,3.38,U
sz000592,平潭发展,2025-10-16 13:51:57,3.38,22800,3.39,D
sz000592,平潭发展,2025-10-16 13:52:00,3.39,23700,3.38,U
sz000592,平潭发展,2025-10-16 13:52:15,3.38,520400,3.39,D
sz000592,平潭发展,2025-10-16 13:52:30,3.38,36700,3.38,U
sz000592,平潭发展,2025-10-16 13:52:33,3.38,31300,3.38,U
sz000592,平潭发展,2025-10-16 13:53:06,3.38,125100,3.38,U
sz000592,平潭发展,2025-10-16 13:53:09,3.38,44000,3.38,D
sz000592,平潭发展,2025-10-16 13:53:39,3.39,26000,3.38,U
sz000592,平潭发展,2025-10-16 13:55:03,3.38,26000,3.39,D
sz000592,平潭发展,2025-10-16 13:55:24,3.39,33200,3.38,U
sz000592,平潭发展,2025-10-16 13:56:54,3.39,22800,3.38,U
sz000592,平潭发展,2025-10-16 13:58:48,3.39,20700,3.39,U
sz000592,平潭发展,2025-10-16 13:59:03,3.38,1147700,3.38,D
sz000592,平潭发展,2025-10-16 13:59:15,3.37,28400,3.37,D
sz000592,平潭发展,2025-10-16 14:01:18,3.37,25000,3.38,D
sz000592,平潭发展,2025-10-16 14:01:54,3.38,26600,3.38,U
sz000592,平潭发展,2025-10-16 14:03:03,3.37,67500,3.37,D
sz000592,平潭发展,2025-10-16 14:03:12,3.36,863300,3.37,D
sz000592,平潭发展,2025-10-16 14:04:51,3.37,392000,3.37,U
sz000592,平潭发展,2025-10-16 14:05:48,3.38,31400,3.37,U
sz000592,平潭发展,2025-10-16 14:05:54,3.38,52000,3.37,U
sz000592,平潭发展,2025-10-16 14:06:03,3.38,58100,3.38,U
sz000592,平潭发展,2025-10-16 14:06:30,3.38,263100,3.38,U
sz000592,平潭发展,2025-10-16 14:06:33,3.38,23900,3.38,U
sz000592,平潭发展,2025-10-16 14:06:36,3.38,31600,3.38,U
sz000592,平潭发展,2025-10-16 14:07:09,3.38,20600,3.38,U
sz000592,平潭发展,2025-10-16 14:07:12,3.38,28200,3.38,U
sz000592,平潭发展,2025-10-16 14:07:24,3.38,30300,3.38,U
sz000592,平潭发展,2025-10-16 14:08:12,3.38,41700,3.37,U
sz000592,平潭发展,2025-10-16 14:08:48,3.37,207500,3.37,D
sz000592,平潭发展,2025-10-16 14:09:24,3.37,87100,3.38,D
sz000592,平潭发展,2025-10-16 14:11:00,3.38,76900,3.38,U
sz000592,平潭发展,2025-10-16 14:11:24,3.38,20100,3.38,U
sz000592,平潭发展,2025-10-16 14:14:03,3.37,24400,3.38,D
sz000592,平潭发展,2025-10-16 14:14:06,3.38,20400,3.37,U
sz000592,平潭发展,2025-10-16 14:14:18,3.38,24600,3.38,U
sz000592,平潭发展,2025-10-16 14:15:36,3.38,27200,3.38,U
sz000592,平潭发展,2025-10-16 14:18:51,3.38,561500,3.38,U
sz000592,平潭发展,2025-10-16 14:18:54,3.38,86700,3.38,U
sz000592,平潭发展,2025-10-16 14:18:57,3.38,33900,3.38,U
sz000592,平潭发展,2025-10-16 14:19:09,3.38,52000,3.38,U
sz000592,平潭发展,2025-10-16 14:19:18,3.38,71600,3.38,U
sz000592,平潭发展,2025-10-16 14:19:24,3.37,183900,3.38,D
sz000592,平潭发展,2025-10-16 14:19:39,3.38,74200,3.38,U
sz000592,平潭发展,2025-10-16 14:19:45,3.38,55300,3.38,U
sz000592,平潭发展,2025-10-16 14:19:57,3.37,252600,3.37,D
sz000592,平潭发展,2025-10-16 14:20:51,3.38,200100,3.37,U
sz000592,平潭发展,2025-10-16 14:21:00,3.38,26400,3.38,U
sz000592,平潭发展,2025-10-16 14:21:06,3.37,48200,3.38,D
sz000592,平潭发展,2025-10-16 14:21:57,3.38,105000,3.37,U
sz000592,平潭发展,2025-10-16 14:22:00,3.38,71900,3.38,U
sz000592,平潭发展,2025-10-16 14:22:30,3.37,155600,3.37,D
sz000592,平潭发展,2025-10-16 14:23:03,3.37,102500,3.37,D
sz000592,平潭发展,2025-10-16 14:23:09,3.37,20000,3.37,D
sz000592,平潭发展,2025-10-16 14:23:12,3.37,99600,3.37,D
sz000592,平潭发展,2025-10-16 14:23:15,3.37,41700,3.37,D
sz000592,平潭发展,2025-10-16 14:24:03,3.38,201000,3.37,U
sz000592,平潭发展,2025-10-16 14:24:27,3.37,31500,3.37,D
sz000592,平潭发展,2025-10-16 14:24:33,3.37,24100,3.37,D
sz000592,平潭发展,2025-10-16 14:24:57,3.37,106100,3.37,D
sz000592,平潭发展,2025-10-16 14:25:00,3.37,76700,3.37,D
sz000592,平潭发展,2025-10-16 14:25:06,3.37,305500,3.37,D
sz000592,平潭发展,2025-10-16 14:25:09,3.37,110400,3.37,D
sz000592,平潭发展,2025-10-16 14:26:06,3.37,36000,3.37,U
sz000592,平潭发展,2025-10-16 14:26:42,3.37,69900,3.37,U
sz000592,平潭发展,2025-10-16 14:26:45,3.37,46200,3.37,U
sz000592,平潭发展,2025-10-16 14:27:03,3.37,183700,3.37,D
sz000592,平潭发展,2025-10-16 14:27:36,3.38,27200,3.38,U
sz000592,平潭发展,2025-10-16 14:28:24,3.37,28900,3.38,D
sz000592,平潭发展,2025-10-16 14:28:45,3.38,24200,3.37,U
sz000592,平潭发展,2025-10-16 14:30:03,3.37,116000,3.38,D
sz000592,平潭发展,2025-10-16 14:30:21,3.38,38900,3.38,U
sz000592,平潭发展,2025-10-16 14:30:42,3.38,94100,3.37,U
sz000592,平潭发展,2025-10-16 14:31:09,3.37,37500,3.37,D
sz000592,平潭发展,2025-10-16 14:31:36,3.37,170800,3.37,D
sz000592,平潭发展,2025-10-16 14:31:42,3.38,36100,3.37,U
sz000592,平潭发展,2025-10-16 14:32:09,3.37,29000,3.37,D
sz000592,平潭发展,2025-10-16 14:32:36,3.37,219000,3.37,D
sz000592,平潭发展,2025-10-16 14:32:39,3.37,116400,3.37,D
sz000592,平潭发展,2025-10-16 14:32:42,3.37,20500,3.37,D
sz000592,平潭发展,2025-10-16 14:32:45,3.37,23300,3.37,D
sz000592,平潭发展,2025-10-16 14:32:48,3.37,68200,3.37,D
sz000592,平潭发展,2025-10-16 14:33:03,3.37,21600,3.38,D
sz000592,平潭发展,2025-10-16 14:34:51,3.37,22800,3.37,D
sz000592,平潭发展,2025-10-16 14:35:12,3.37,147600,3.37,D
sz000592,平潭发展,2025-10-16 14:35:15,3.37,32600,3.37,D
sz000592,平潭发展,2025-10-16 14:35:21,3.37,23500,3.37,D
sz000592,平潭发展,2025-10-16 14:35:51,3.37,55000,3.38,D
sz000592,平潭发展,2025-10-16 14:35:54,3.37,122700,3.37,D
sz000592,平潭发展,2025-10-16 14:36:03,3.37,21500,3.37,D
sz000592,平潭发展,2025-10-16 14:36:06,3.37,23600,3.37,D
sz000592,平潭发展,2025-10-16 14:36:21,3.37,144200,3.37,D
sz000592,平潭发展,2025-10-16 14:36:27,3.37,321000,3.37,D
sz000592,平潭发展,2025-10-16 14:37:03,3.37,296700,3.37,U
sz000592,平潭发展,2025-10-16 14:37:21,3.37,54200,3.37,D
sz000592,平潭发展,2025-10-16 14:38:30,3.37,20000,3.37,D
sz000592,平潭发展,2025-10-16 14:39:21,3.37,32400,3.37,U
sz000592,平潭发展,2025-10-16 14:39:30,3.37,49200,3.37,U
sz000592,平潭发展,2025-10-16 14:39:36,3.37,35500,3.37,U
sz000592,平潭发展,2025-10-16 14:40:00,3.37,39900,3.38,D
sz000592,平潭发展,2025-10-16 14:40:03,3.37,69600,3.37,D
sz000592,平潭发展,2025-10-16 14:40:15,3.37,124500,3.37,D
sz000592,平潭发展,2025-10-16 14:41:00,3.37,20500,3.37,U
sz000592,平潭发展,2025-10-16 14:41:15,3.36,20500,3.37,D
sz000592,平潭发展,2025-10-16 14:41:18,3.37,53400,3.36,U
sz000592,平潭发展,2025-10-16 14:42:15,3.37,21600,3.36,U
sz000592,平潭发展,2025-10-16 14:42:39,3.37,36900,3.37,U
sz000592,平潭发展,2025-10-16 14:42:42,3.36,56400,3.37,D
sz000592,平潭发展,2025-10-16 14:42:51,3.36,118500,3.37,D
sz000592,平潭发展,2025-10-16 14:43:45,3.37,54500,3.37,U
sz000592,平潭发展,2025-10-16 14:44:09,3.37,28400,3.36,U
sz000592,平潭发展,2025-10-16 14:44:48,3.37,21000,3.37,U
sz000592,平潭发展,2025-10-16 14:45:12,3.36,34100,3.37,D
sz000592,平潭发展,2025-10-16 14:45:24,3.36,21300,3.36,D
sz000592,平潭发展,2025-10-16 14:45:48,3.36,27700,3.36,D
sz000592,平潭发展,2025-10-16 14:45:57,3.37,449000,3.37,U
sz000592,平潭发展,2025-10-16 14:46:00,3.37,191900,3.37,U
sz000592,平潭发展,2025-10-16 14:46:03,3.38,188300,3.37,U
sz000592,平潭发展,2025-10-16 14:46:09,3.37,22800,3.38,D
sz000592,平潭发展,2025-10-16 14:46:24,3.37,35400,3.37,D
sz000592,平潭发展,2025-10-16 14:46:30,3.37,20200,3.38,D
sz000592,平潭发展,2025-10-16 14:46:48,3.37,30000,3.37,D
sz000592,平潭发展,2025-10-16 14:46:54,3.37,70100,3.37,D
sz000592,平潭发展,2025-10-16 14:47:09,3.37,26800,3.37,D
sz000592,平潭发展,2025-10-16 14:47:12,3.37,31100,3.37,D
sz000592,平潭发展,2025-10-16 14:47:15,3.38,60600,3.37,U
sz000592,平潭发展,2025-10-16 14:47:30,3.37,35300,3.38,D
sz000592,平潭发展,2025-10-16 14:47:51,3.38,36700,3.37,U
sz000592,平潭发展,2025-10-16 14:47:54,3.38,70200,3.38,U
sz000592,平潭发展,2025-10-16 14:48:15,3.37,21900,3.38,D
sz000592,平潭发展,2025-10-16 14:48:24,3.37,98000,3.37,D
sz000592,平潭发展,2025-10-16 14:48:45,3.37,62300,3.37,D
sz000592,平潭发展,2025-10-16 14:49:15,3.37,34900,3.38,D
sz000592,平潭发展,2025-10-16 14:49:39,3.37,66400,3.37,D
sz000592,平潭发展,2025-10-16 14:49:51,3.38,42100,3.37,U
sz000592,平潭发展,2025-10-16 14:50:06,3.37,107400,3.37,D
sz000592,平潭发展,2025-10-16 14:50:21,3.37,28900,3.37,D
sz000592,平潭发展,2025-10-16 14:50:24,3.37,51300,3.37,D
sz000592,平潭发展,2025-10-16 14:50:36,3.37,37500,3.37,D
sz000592,平潭发展,2025-10-16 14:50:45,3.38,55100,3.37,U
sz000592,平潭发展,2025-10-16 14:51:03,3.37,26500,3.38,D
sz000592,平潭发展,2025-10-16 14:51:06,3.37,54000,3.37,D
sz000592,平潭发展,2025-10-16 14:51:09,3.38,26600,3.37,U
sz000592,平潭发展,2025-10-16 14:51:27,3.38,22300,3.37,U
sz000592,平潭发展,2025-10-16 14:51:33,3.37,23500,3.37,D
sz000592,平潭发展,2025-10-16 14:51:42,3.37,74200,3.37,D
sz000592,平潭发展,2025-10-16 14:52:00,3.38,66100,3.38,U
sz000592,平潭发展,2025-10-16 14:52:27,3.38,56200,3.37,U
sz000592,平潭发展,2025-10-16 14:52:36,3.37,88100,3.38,D
sz000592,平潭发展,2025-10-16 14:53:03,3.38,25300,3.38,U
sz000592,平潭发展,2025-10-16 14:53:12,3.37,30700,3.37,D
sz000592,平潭发展,2025-10-16 14:53:18,3.37,116100,3.37,D
sz000592,平潭发展,2025-10-16 14:53:21,3.37,34400,3.37,D
sz000592,平潭发展,2025-10-16 14:53:30,3.37,22400,3.37,D
sz000592,平潭发展,2025-10-16 14:53:45,3.37,59200,3.38,D
sz000592,平潭发展,2025-10-16 14:53:48,3.37,20300,3.37,D
sz000592,平潭发展,2025-10-16 14:53:51,3.37,337900,3.37,D
sz000592,平潭发展,2025-10-16 14:54:03,3.38,25800,3.38,U
sz000592,平潭发展,2025-10-16 14:54:06,3.37,30400,3.38,D
sz000592,平潭发展,2025-10-16 14:54:12,3.37,34800,3.37,D
sz000592,平潭发展,2025-10-16 14:54:18,3.38,23500,3.37,U
sz000592,平潭发展,2025-10-16 14:54:21,3.38,100000,3.38,U
sz000592,平潭发展,2025-10-16 14:54:33,3.38,25100,3.38,U
sz000592,平潭发展,2025-10-16 14:54:42,3.37,38800,3.38,D
sz000592,平潭发展,2025-10-16 14:54:48,3.38,321300,3.38,U
sz000592,平潭发展,2025-10-16 14:54:51,3.38,151400,3.38,U
sz000592,平潭发展,2025-10-16 14:54:54,3.38,196400,3.38,U
sz000592,平潭发展,2025-10-16 14:55:03,3.38,23300,3.38,U
sz000592,平潭发展,2025-10-16 14:55:06,3.38,144700,3.38,U
sz000592,平潭发展,2025-10-16 14:55:09,3.38,30100,3.38,U
sz000592,平潭发展,2025-10-16 14:55:12,3.39,22800,3.38,U
sz000592,平潭发展,2025-10-16 14:55:27,3.38,26500,3.39,D
sz000592,平潭发展,2025-10-16 14:55:39,3.39,31100,3.38,U
sz000592,平潭发展,2025-10-16 14:55:51,3.39,27200,3.39,U
sz000592,平潭发展,2025-10-16 14:56:03,3.39,70000,3.39,U
sz000592,平潭发展,2025-10-16 14:56:06,3.38,161700,3.39,D
sz000592,平潭发展,2025-10-16 14:56:09,3.38,193600,3.38,D
sz000592,平潭发展,2025-10-16 14:56:12,3.37,151500,3.38,D
sz000592,平潭发展,2025-10-16 14:56:21,3.38,60100,3.38,D
sz000592,平潭发展,2025-10-16 14:56:24,3.38,49500,3.38,D
sz000592,平潭发展,2025-10-16 14:56:27,3.38,82300,3.38,D
sz000592,平潭发展,2025-10-16 14:56:33,3.38,80700,3.38,D
sz000592,平潭发展,2025-10-16 14:56:51,3.38,121000,3.38,U
sz000592,平潭发展,2025-10-16 14:56:57,3.38,33000,3.39,D
sz000592,平潭发展,2025-10-16 15:00:00,3.37,1896700,3.38,E
