symbol,name,ticktime,price,volume,prev_price,kind
sz000592,平潭发展,2025-09-23 09:25:00,3.42,422300,0.0,U
sz000592,平潭发展,2025-09-23 09:30:00,3.42,27200,3.42,U
sz000592,平潭发展,2025-09-23 09:30:03,3.41,441100,3.42,D
sz000592,平潭发展,2025-09-23 09:30:06,3.41,88100,3.41,U
sz000592,平潭发展,2025-09-23 09:30:09,3.4,28700,3.41,D
sz000592,平潭发展,2025-09-23 09:30:12,3.4,69900,3.4,U
sz000592,平潭发展,2025-09-23 09:30:15,3.39,26300,3.4,D
sz000592,平潭发展,2025-09-23 09:30:18,3.4,35200,3.39,U
sz000592,平潭发展,2025-09-23 09:30:21,3.39,323700,3.4,D
sz000592,平潭发展,2025-09-23 09:30:24,3.39,22400,3.39,D
sz000592,平潭发展,2025-09-23 09:30:27,3.39,39500,3.39,D
sz000592,平潭发展,2025-09-23 09:30:30,3.4,125000,3.39,U
sz000592,平潭发展,2025-09-23 09:30:33,3.39,27500,3.4,D
sz000592,平潭发展,2025-09-23 09:30:36,3.38,30600,3.39,D
sz000592,平潭发展,2025-09-23 09:30:39,3.39,192800,3.38,U
sz000592,平潭发展,2025-09-23 09:30:42,3.38,59200,3.39,D
sz000592,平潭发展,2025-09-23 09:30:45,3.38,69200,3.38,D
sz000592,平潭发展,2025-09-23 09:30:54,3.37,23700,3.38,D
sz000592,平潭发展,2025-09-23 09:30:57,3.37,173900,3.37,D
sz000592,平潭发展,2025-09-23 09:31:06,3.37,83600,3.38,D
sz000592,平潭发展,2025-09-23 09:31:09,3.37,80300,3.37,D
sz000592,平潭发展,2025-09-23 09:31:21,3.38,56000,3.38,U
sz000592,平潭发展,2025-09-23 09:31:24,3.37,95700,3.38,D
sz000592,平潭发展,2025-09-23 09:31:30,3.36,522600,3.37,D
sz000592,平潭发展,2025-09-23 09:31:33,3.37,26600,3.36,U
sz000592,平潭发展,2025-09-23 09:31:39,3.36,21100,3.36,D
sz000592,平潭发展,2025-09-23 09:31:45,3.37,50400,3.37,U
sz000592,平潭发展,2025-09-23 09:31:51,3.36,235300,3.36,D
sz000592,平潭发展,2025-09-23 09:31:57,3.36,297100,3.36,D
sz000592,平潭发展,2025-09-23 09:32:00,3.37,34300,3.36,U
sz000592,平潭发展,2025-09-23 09:32:03,3.36,211700,3.37,D
sz000592,平潭发展,2025-09-23 09:32:06,3.36,150600,3.36,U
sz000592,平潭发展,2025-09-23 09:32:15,3.36,113900,3.35,U
sz000592,平潭发展,2025-09-23 09:32:18,3.35,74300,3.36,D
sz000592,平潭发展,2025-09-23 09:32:21,3.36,128300,3.35,U
sz000592,平潭发展,2025-09-23 09:32:24,3.36,45700,3.36,U
sz000592,平潭发展,2025-09-23 09:32:27,3.36,38800,3.36,D
sz000592,平潭发展,2025-09-23 09:32:30,3.37,65200,3.36,U
sz000592,平潭发展,2025-09-23 09:32:36,3.37,56500,3.36,U
sz000592,平潭发展,2025-09-23 09:32:42,3.37,24100,3.37,U
sz000592,平潭发展,2025-09-23 09:32:45,3.37,74200,3.37,U
sz000592,平潭发展,2025-09-23 09:32:48,3.37,34700,3.37,U
sz000592,平潭发展,2025-09-23 09:32:51,3.37,38300,3.37,U
sz000592,平潭发展,2025-09-23 09:32:54,3.37,162400,3.37,U
sz000592,平潭发展,2025-09-23 09:32:57,3.36,37800,3.37,D
sz000592,平潭发展,2025-09-23 09:33:06,3.37,33600,3.36,U
sz000592,平潭发展,2025-09-23 09:33:09,3.37,24500,3.37,U
sz000592,平潭发展,2025-09-23 09:33:18,3.36,44600,3.37,D
sz000592,平潭发展,2025-09-23 09:33:21,3.37,59600,3.36,U
sz000592,平潭发展,2025-09-23 09:33:36,3.36,35200,3.36,D
sz000592,平潭发展,2025-09-23 09:33:39,3.36,807500,3.36,D
sz000592,平潭发展,2025-09-23 09:33:42,3.36,82000,3.36,U
sz000592,平潭发展,2025-09-23 09:33:48,3.36,22500,3.36,D
sz000592,平潭发展,2025-09-23 09:33:57,3.36,74200,3.36,U
sz000592,平潭发展,2025-09-23 09:34:03,3.36,141400,3.37,D
sz000592,平潭发展,2025-09-23 09:34:09,3.36,619900,3.36,U
sz000592,平潭发展,2025-09-23 09:34:12,3.36,70000,3.36,U
sz000592,平潭发展,2025-09-23 09:34:21,3.36,40000,3.36,U
sz000592,平潭发展,2025-09-23 09:34:27,3.35,107800,3.36,D
sz000592,平潭发展,2025-09-23 09:34:33,3.35,191900,3.36,D
sz000592,平潭发展,2025-09-23 09:34:42,3.35,24900,3.35,D
sz000592,平潭发展,2025-09-23 09:34:45,3.35,60300,3.35,D
sz000592,平潭发展,2025-09-23 09:34:48,3.35,26100,3.35,D
sz000592,平潭发展,2025-09-23 09:34:51,3.35,893600,3.35,D
sz000592,平潭发展,2025-09-23 09:34:54,3.34,36900,3.35,D
sz000592,平潭发展,2025-09-23 09:34:57,3.34,187200,3.34,D
sz000592,平潭发展,2025-09-23 09:35:00,3.34,39700,3.34,D
sz000592,平潭发展,2025-09-23 09:35:03,3.34,32400,3.34,D
sz000592,平潭发展,2025-09-23 09:35:06,3.34,31700,3.34,D
sz000592,平潭发展,2025-09-23 09:35:09,3.35,54500,3.34,U
sz000592,平潭发展,2025-09-23 09:35:12,3.34,31800,3.35,D
sz000592,平潭发展,2025-09-23 09:35:18,3.34,204000,3.34,D
sz000592,平潭发展,2025-09-23 09:35:24,3.34,145400,3.34,D
sz000592,平潭发展,2025-09-23 09:35:27,3.35,33300,3.34,U
sz000592,平潭发展,2025-09-23 09:35:30,3.35,48800,3.35,U
sz000592,平潭发展,2025-09-23 09:35:33,3.35,41900,3.35,U
sz000592,平潭发展,2025-09-23 09:35:36,3.35,43000,3.35,U
sz000592,平潭发展,2025-09-23 09:35:39,3.35,254400,3.35,U
sz000592,平潭发展,2025-09-23 09:35:54,3.36,51100,3.36,U
sz000592,平潭发展,2025-09-23 09:36:24,3.35,27300,3.35,D
sz000592,平潭发展,2025-09-23 09:36:27,3.35,514400,3.35,D
sz000592,平潭发展,2025-09-23 09:36:30,3.35,503700,3.35,D
sz000592,平潭发展,2025-09-23 09:36:33,3.35,110200,3.35,U
sz000592,平潭发展,2025-09-23 09:36:42,3.35,20300,3.35,U
sz000592,平潭发展,2025-09-23 09:36:45,3.35,39600,3.35,U
sz000592,平潭发展,2025-09-23 09:36:48,3.35,32200,3.35,U
sz000592,平潭发展,2025-09-23 09:36:51,3.35,22200,3.35,U
sz000592,平潭发展,2025-09-23 09:36:57,3.35,29500,3.35,U
sz000592,平潭发展,2025-09-23 09:37:03,3.34,810000,3.35,D
sz000592,平潭发展,2025-09-23 09:37:06,3.33,126600,3.34,D
sz000592,平潭发展,2025-09-23 09:37:15,3.34,20400,3.34,U
sz000592,平潭发展,2025-09-23 09:37:18,3.33,187000,3.34,D
sz000592,平潭发展,2025-09-23 09:37:21,3.34,243700,3.33,U
sz000592,平潭发展,2025-09-23 09:37:24,3.33,172200,3.34,D
sz000592,平潭发展,2025-09-23 09:37:27,3.33,48400,3.33,D
sz000592,平潭发展,2025-09-23 09:37:30,3.33,315700,3.33,D
sz000592,平潭发展,2025-09-23 09:37:33,3.33,44500,3.33,U
sz000592,平潭发展,2025-09-23 09:37:36,3.33,295000,3.33,U
sz000592,平潭发展,2025-09-23 09:37:39,3.33,190100,3.33,U
sz000592,平潭发展,2025-09-23 09:37:42,3.33,167000,3.33,D
sz000592,平潭发展,2025-09-23 09:37:45,3.33,99700,3.33,U
sz000592,平潭发展,2025-09-23 09:37:51,3.34,57000,3.33,U
sz000592,平潭发展,2025-09-23 09:37:54,3.33,37300,3.34,D
sz000592,平潭发展,2025-09-23 09:37:57,3.33,393100,3.33,D
sz000592,平潭发展,2025-09-23 09:38:00,3.32,126900,3.33,D
sz000592,平潭发展,2025-09-23 09:38:03,3.33,302100,3.32,U
sz000592,平潭发展,2025-09-23 09:38:06,3.33,235800,3.33,D
sz000592,平潭发展,2025-09-23 09:38:09,3.33,25400,3.33,D
sz000592,平潭发展,2025-09-23 09:38:18,3.33,30500,3.33,D
sz000592,平潭发展,2025-09-23 09:38:48,3.33,27100,3.33,D
sz000592,平潭发展,2025-09-23 09:38:54,3.32,355400,3.34,D
sz000592,平潭发展,2025-09-23 09:38:57,3.33,103200,3.32,U
sz000592,平潭发展,2025-09-23 09:39:00,3.32,70700,3.33,D
sz000592,平潭发展,2025-09-23 09:39:03,3.33,35300,3.32,U
sz000592,平潭发展,2025-09-23 09:39:06,3.33,65100,3.33,U
sz000592,平潭发展,2025-09-23 09:39:12,3.32,30100,3.32,D
sz000592,平潭发展,2025-09-23 09:39:15,3.32,48600,3.32,D
sz000592,平潭发展,2025-09-23 09:39:18,3.32,23400,3.32,D
sz000592,平潭发展,2025-09-23 09:39:27,3.32,123000,3.32,D
sz000592,平潭发展,2025-09-23 09:39:33,3.33,127200,3.33,U
sz000592,平潭发展,2025-09-23 09:39:36,3.32,51100,3.33,D
sz000592,平潭发展,2025-09-23 09:39:39,3.32,1081800,3.32,D
sz000592,平潭发展,2025-09-23 09:39:42,3.32,31300,3.32,D
sz000592,平潭发展,2025-09-23 09:39:45,3.33,202400,3.32,U
sz000592,平潭发展,2025-09-23 09:39:48,3.32,178600,3.33,D
sz000592,平潭发展,2025-09-23 09:39:51,3.32,38400,3.32,D
sz000592,平潭发展,2025-09-23 09:39:54,3.32,34000,3.32,D
sz000592,平潭发展,2025-09-23 09:40:00,3.32,22500,3.32,D
sz000592,平潭发展,2025-09-23 09:40:03,3.32,79700,3.32,D
sz000592,平潭发展,2025-09-23 09:40:06,3.32,77100,3.32,D
sz000592,平潭发展,2025-09-23 09:40:09,3.31,137200,3.32,D
sz000592,平潭发展,2025-09-23 09:40:12,3.32,96600,3.31,U
sz000592,平潭发展,2025-09-23 09:40:18,3.32,41600,3.32,U
sz000592,平潭发展,2025-09-23 09:40:21,3.32,53700,3.32,U
sz000592,平潭发展,2025-09-23 09:40:24,3.32,35600,3.32,U
sz000592,平潭发展,2025-09-23 09:40:27,3.32,211900,3.32,U
sz000592,平潭发展,2025-09-23 09:40:42,3.32,21400,3.32,U
sz000592,平潭发展,2025-09-23 09:40:45,3.31,22900,3.32,D
sz000592,平潭发展,2025-09-23 09:40:48,3.31,50600,3.31,D
sz000592,平潭发展,2025-09-23 09:41:00,3.31,20300,3.32,D
sz000592,平潭发展,2025-09-23 09:41:06,3.31,56400,3.31,D
sz000592,平潭发展,2025-09-23 09:41:09,3.32,37000,3.31,U
sz000592,平潭发展,2025-09-23 09:41:12,3.31,118800,3.32,D
sz000592,平潭发展,2025-09-23 09:41:15,3.32,41100,3.31,U
sz000592,平潭发展,2025-09-23 09:41:24,3.32,31300,3.32,U
sz000592,平潭发展,2025-09-23 09:41:27,3.32,21400,3.32,U
sz000592,平潭发展,2025-09-23 09:41:36,3.31,27900,3.31,D
sz000592,平潭发展,2025-09-23 09:41:39,3.31,23800,3.31,D
sz000592,平潭发展,2025-09-23 09:41:42,3.31,20200,3.31,D
sz000592,平潭发展,2025-09-23 09:41:48,3.31,63200,3.31,D
sz000592,平潭发展,2025-09-23 09:41:57,3.32,41200,3.31,U
sz000592,平潭发展,2025-09-23 09:42:03,3.32,47000,3.32,U
sz000592,平潭发展,2025-09-23 09:42:06,3.32,28700,3.32,U
sz000592,平潭发展,2025-09-23 09:42:15,3.32,36500,3.31,U
sz000592,平潭发展,2025-09-23 09:42:21,3.31,93200,3.31,D
sz000592,平潭发展,2025-09-23 09:42:27,3.31,58100,3.31,D
sz000592,平潭发展,2025-09-23 09:42:30,3.3,1882200,3.31,D
sz000592,平潭发展,2025-09-23 09:42:33,3.3,1243600,3.3,D
sz000592,平潭发展,2025-09-23 09:42:36,3.3,369800,3.3,D
sz000592,平潭发展,2025-09-23 09:42:39,3.3,24900,3.3,D
sz000592,平潭发展,2025-09-23 09:42:42,3.31,79200,3.3,U
sz000592,平潭发展,2025-09-23 09:42:45,3.3,176700,3.31,D
sz000592,平潭发展,2025-09-23 09:42:54,3.3,24300,3.31,D
sz000592,平潭发展,2025-09-23 09:42:57,3.31,22400,3.3,U
sz000592,平潭发展,2025-09-23 09:43:00,3.31,412500,3.31,U
sz000592,平潭发展,2025-09-23 09:43:06,3.31,33400,3.31,D
sz000592,平潭发展,2025-09-23 09:43:09,3.32,184500,3.31,U
sz000592,平潭发展,2025-09-23 09:43:21,3.31,22600,3.32,D
sz000592,平潭发展,2025-09-23 09:43:24,3.32,210500,3.31,U
sz000592,平潭发展,2025-09-23 09:43:42,3.32,21500,3.32,U
sz000592,平潭发展,2025-09-23 09:43:45,3.32,60800,3.32,U
sz000592,平潭发展,2025-09-23 09:43:48,3.31,76900,3.32,D
sz000592,平潭发展,2025-09-23 09:43:51,3.31,98700,3.31,D
sz000592,平潭发展,2025-09-23 09:43:54,3.31,43800,3.31,D
sz000592,平潭发展,2025-09-23 09:43:57,3.32,204000,3.31,U
sz000592,平潭发展,2025-09-23 09:44:00,3.32,38900,3.32,U
sz000592,平潭发展,2025-09-23 09:44:03,3.32,43600,3.32,U
sz000592,平潭发展,2025-09-23 09:44:06,3.32,47300,3.32,U
sz000592,平潭发展,2025-09-23 09:44:09,3.31,397100,3.32,D
sz000592,平潭发展,2025-09-23 09:44:12,3.32,52100,3.31,U
sz000592,平潭发展,2025-09-23 09:44:30,3.32,98100,3.31,U
sz000592,平潭发展,2025-09-23 09:44:33,3.32,21700,3.32,U
sz000592,平潭发展,2025-09-23 09:44:36,3.31,67300,3.32,D
sz000592,平潭发展,2025-09-23 09:44:39,3.32,56200,3.31,U
sz000592,平潭发展,2025-09-23 09:44:42,3.32,108100,3.32,U
sz000592,平潭发展,2025-09-23 09:44:54,3.32,58000,3.32,D
sz000592,平潭发展,2025-09-23 09:45:00,3.32,100800,3.32,D
sz000592,平潭发展,2025-09-23 09:45:03,3.32,320600,3.32,D
sz000592,平潭发展,2025-09-23 09:45:09,3.32,33100,3.32,U
sz000592,平潭发展,2025-09-23 09:45:12,3.32,33100,3.32,U
sz000592,平潭发展,2025-09-23 09:45:15,3.32,24800,3.32,U
sz000592,平潭发展,2025-09-23 09:45:18,3.32,36500,3.32,U
sz000592,平潭发展,2025-09-23 09:45:21,3.32,21800,3.32,U
sz000592,平潭发展,2025-09-23 09:45:42,3.32,43800,3.32,U
sz000592,平潭发展,2025-09-23 09:45:45,3.32,34200,3.32,U
sz000592,平潭发展,2025-09-23 09:45:51,3.32,32600,3.32,U
sz000592,平潭发展,2025-09-23 09:45:57,3.32,27100,3.32,U
sz000592,平潭发展,2025-09-23 09:46:00,3.31,66900,3.32,D
sz000592,平潭发展,2025-09-23 09:46:09,3.32,32300,3.32,U
sz000592,平潭发展,2025-09-23 09:46:18,3.32,47800,3.32,U
sz000592,平潭发展,2025-09-23 09:46:21,3.32,24200,3.32,U
sz000592,平潭发展,2025-09-23 09:46:24,3.31,21400,3.32,D
sz000592,平潭发展,2025-09-23 09:46:27,3.32,31900,3.31,U
sz000592,平潭发展,2025-09-23 09:46:39,3.31,39600,3.32,D
sz000592,平潭发展,2025-09-23 09:46:45,3.32,29400,3.32,U
sz000592,平潭发展,2025-09-23 09:47:00,3.32,173700,3.32,U
sz000592,平潭发展,2025-09-23 09:47:06,3.32,45700,3.32,U
sz000592,平潭发展,2025-09-23 09:47:09,3.32,83500,3.32,U
sz000592,平潭发展,2025-09-23 09:47:24,3.32,238100,3.32,D
sz000592,平潭发展,2025-09-23 09:47:42,3.32,46200,3.32,U
sz000592,平潭发展,2025-09-23 09:47:51,3.32,70900,3.32,U
sz000592,平潭发展,2025-09-23 09:47:54,3.31,135700,3.32,D
sz000592,平潭发展,2025-09-23 09:47:57,3.31,106300,3.31,D
sz000592,平潭发展,2025-09-23 09:48:00,3.31,916600,3.31,D
sz000592,平潭发展,2025-09-23 09:48:03,3.3,935400,3.31,D
sz000592,平潭发展,2025-09-23 09:48:06,3.3,95100,3.3,D
sz000592,平潭发展,2025-09-23 09:48:15,3.31,21600,3.31,U
sz000592,平潭发展,2025-09-23 09:48:18,3.3,40300,3.31,D
sz000592,平潭发展,2025-09-23 09:48:27,3.31,20100,3.3,U
sz000592,平潭发展,2025-09-23 09:48:30,3.31,202800,3.31,U
sz000592,平潭发展,2025-09-23 09:48:36,3.31,25700,3.31,U
sz000592,平潭发展,2025-09-23 09:48:57,3.3,35300,3.31,D
sz000592,平潭发展,2025-09-23 09:49:03,3.3,26500,3.31,D
sz000592,平潭发展,2025-09-23 09:49:18,3.31,30900,3.31,U
sz000592,平潭发展,2025-09-23 09:49:27,3.31,24500,3.31,U
sz000592,平潭发展,2025-09-23 09:49:30,3.31,236800,3.31,U
sz000592,平潭发展,2025-09-23 09:49:33,3.3,24800,3.31,D
sz000592,平潭发展,2025-09-23 09:49:36,3.31,28700,3.3,U
sz000592,平潭发展,2025-09-23 09:49:39,3.31,74100,3.31,U
sz000592,平潭发展,2025-09-23 09:49:42,3.31,42500,3.31,U
sz000592,平潭发展,2025-09-23 09:49:45,3.31,23900,3.31,U
sz000592,平潭发展,2025-09-23 09:49:48,3.31,32400,3.31,U
sz000592,平潭发展,2025-09-23 09:49:51,3.31,33100,3.31,U
sz000592,平潭发展,2025-09-23 09:49:57,3.31,58700,3.31,U
sz000592,平潭发展,2025-09-23 09:50:00,3.31,65000,3.31,U
sz000592,平潭发展,2025-09-23 09:50:03,3.31,28500,3.31,U
sz000592,平潭发展,2025-09-23 09:50:06,3.31,26700,3.31,U
sz000592,平潭发展,2025-09-23 09:50:09,3.31,35900,3.31,U
sz000592,平潭发展,2025-09-23 09:50:12,3.3,92300,3.31,D
sz000592,平潭发展,2025-09-23 09:50:18,3.3,44300,3.31,D
sz000592,平潭发展,2025-09-23 09:50:27,3.31,26000,3.31,U
sz000592,平潭发展,2025-09-23 09:50:33,3.3,88000,3.31,D
sz000592,平潭发展,2025-09-23 09:50:36,3.31,73700,3.3,U
sz000592,平潭发展,2025-09-23 09:50:39,3.3,268900,3.31,D
sz000592,平潭发展,2025-09-23 09:50:42,3.3,1146100,3.3,D
sz000592,平潭发展,2025-09-23 09:50:45,3.3,37300,3.3,U
sz000592,平潭发展,2025-09-23 09:50:48,3.3,154000,3.3,U
sz000592,平潭发展,2025-09-23 09:50:51,3.29,61100,3.3,D
sz000592,平潭发展,2025-09-23 09:50:54,3.3,46400,3.29,U
sz000592,平潭发展,2025-09-23 09:51:00,3.29,63400,3.29,D
sz000592,平潭发展,2025-09-23 09:51:06,3.3,30900,3.29,U
sz000592,平潭发展,2025-09-23 09:51:18,3.29,39300,3.29,D
sz000592,平潭发展,2025-09-23 09:51:27,3.29,20400,3.29,D
sz000592,平潭发展,2025-09-23 09:51:45,3.3,36200,3.3,U
sz000592,平潭发展,2025-09-23 09:51:51,3.3,27100,3.3,U
sz000592,平潭发展,2025-09-23 09:51:57,3.3,21000,3.3,U
sz000592,平潭发展,2025-09-23 09:52:00,3.29,24400,3.3,D
sz000592,平潭发展,2025-09-23 09:52:06,3.3,35900,3.3,U
sz000592,平潭发展,2025-09-23 09:52:09,3.29,22600,3.3,D
sz000592,平潭发展,2025-09-23 09:52:12,3.29,136100,3.29,D
sz000592,平潭发展,2025-09-23 09:52:15,3.3,544000,3.29,U
sz000592,平潭发展,2025-09-23 09:52:21,3.3,40300,3.3,D
sz000592,平潭发展,2025-09-23 09:52:24,3.3,51900,3.3,D
sz000592,平潭发展,2025-09-23 09:52:30,3.31,45500,3.3,U
sz000592,平潭发展,2025-09-23 09:52:36,3.31,20200,3.31,U
sz000592,平潭发展,2025-09-23 09:52:48,3.3,23800,3.3,D
sz000592,平潭发展,2025-09-23 09:52:54,3.31,23800,3.3,U
sz000592,平潭发展,2025-09-23 09:53:00,3.31,22200,3.31,U
sz000592,平潭发展,2025-09-23 09:53:18,3.31,41200,3.31,U
sz000592,平潭发展,2025-09-23 09:53:21,3.31,64500,3.31,U
sz000592,平潭发展,2025-09-23 09:53:30,3.31,27800,3.31,U
sz000592,平潭发展,2025-09-23 09:53:36,3.3,42400,3.31,D
sz000592,平潭发展,2025-09-23 09:53:39,3.31,64700,3.3,U
sz000592,平潭发展,2025-09-23 09:53:42,3.3,118100,3.31,D
sz000592,平潭发展,2025-09-23 09:53:51,3.3,197200,3.31,D
sz000592,平潭发展,2025-09-23 09:54:06,3.3,37100,3.31,D
sz000592,平潭发展,2025-09-23 09:54:27,3.3,46200,3.31,D
sz000592,平潭发展,2025-09-23 09:54:30,3.3,546400,3.3,D
sz000592,平潭发展,2025-09-23 09:54:33,3.3,201100,3.3,D
sz000592,平潭发展,2025-09-23 09:54:36,3.3,36500,3.3,U
sz000592,平潭发展,2025-09-23 09:54:51,3.3,27900,3.3,U
sz000592,平潭发展,2025-09-23 09:54:54,3.3,62800,3.3,U
sz000592,平潭发展,2025-09-23 09:55:09,3.3,29700,3.3,D
sz000592,平潭发展,2025-09-23 09:55:21,3.3,45200,3.3,U
sz000592,平潭发展,2025-09-23 09:55:30,3.29,29800,3.3,D
sz000592,平潭发展,2025-09-23 09:55:39,3.3,43200,3.3,U
sz000592,平潭发展,2025-09-23 09:55:51,3.29,133800,3.3,D
sz000592,平潭发展,2025-09-23 09:56:21,3.31,24300,3.3,U
sz000592,平潭发展,2025-09-23 09:56:24,3.31,20100,3.31,U
sz000592,平潭发展,2025-09-23 09:56:27,3.3,42700,3.31,D
sz000592,平潭发展,2025-09-23 09:56:33,3.3,21000,3.31,D
sz000592,平潭发展,2025-09-23 09:57:18,3.31,49400,3.3,U
sz000592,平潭发展,2025-09-23 09:57:39,3.31,59700,3.31,U
sz000592,平潭发展,2025-09-23 09:57:54,3.3,22000,3.3,D
sz000592,平潭发展,2025-09-23 09:58:09,3.31,21500,3.31,U
sz000592,平潭发展,2025-09-23 09:58:36,3.31,48900,3.3,U
sz000592,平潭发展,2025-09-23 09:58:54,3.31,360500,3.3,U
sz000592,平潭发展,2025-09-23 09:58:57,3.31,169900,3.31,D
sz000592,平潭发展,2025-09-23 09:59:12,3.31,21900,3.31,U
sz000592,平潭发展,2025-09-23 09:59:15,3.31,25900,3.31,U
sz000592,平潭发展,2025-09-23 09:59:33,3.31,97900,3.3,U
sz000592,平潭发展,2025-09-23 09:59:48,3.3,62200,3.31,D
sz000592,平潭发展,2025-09-23 10:00:00,3.3,75600,3.3,D
sz000592,平潭发展,2025-09-23 10:00:06,3.31,31200,3.3,U
sz000592,平潭发展,2025-09-23 10:00:30,3.3,21200,3.3,D
sz000592,平潭发展,2025-09-23 10:00:33,3.29,918500,3.3,D
sz000592,平潭发展,2025-09-23 10:00:39,3.3,27300,3.29,U
sz000592,平潭发展,2025-09-23 10:00:42,3.3,51900,3.3,U
sz000592,平潭发展,2025-09-23 10:00:45,3.3,47800,3.3,U
sz000592,平潭发展,2025-09-23 10:00:48,3.29,25900,3.3,D
sz000592,平潭发展,2025-09-23 10:01:00,3.3,21000,3.3,U
sz000592,平潭发展,2025-09-23 10:01:03,3.29,40100,3.3,D
sz000592,平潭发展,2025-09-23 10:01:06,3.3,52600,3.29,U
sz000592,平潭发展,2025-09-23 10:01:24,3.3,42000,3.29,U
sz000592,平潭发展,2025-09-23 10:02:09,3.3,26600,3.29,U
sz000592,平潭发展,2025-09-23 10:02:15,3.29,1035100,3.29,D
sz000592,平潭发展,2025-09-23 10:02:18,3.29,55800,3.29,E
sz000592,平潭发展,2025-09-23 10:02:21,3.29,55100,3.29,U
sz000592,平潭发展,2025-09-23 10:02:27,3.29,35500,3.29,D
sz000592,平潭发展,2025-09-23 10:02:45,3.3,41400,3.3,U
sz000592,平潭发展,2025-09-23 10:03:00,3.29,136000,3.3,D
sz000592,平潭发展,2025-09-23 10:03:12,3.31,497100,3.29,U
sz000592,平潭发展,2025-09-23 10:03:30,3.3,97300,3.3,D
sz000592,平潭发展,2025-09-23 10:04:06,3.31,29400,3.31,U
sz000592,平潭发展,2025-09-23 10:04:09,3.31,33700,3.31,U
sz000592,平潭发展,2025-09-23 10:04:30,3.3,42400,3.3,D
sz000592,平潭发展,2025-09-23 10:04:48,3.31,48300,3.3,U
sz000592,平潭发展,2025-09-23 10:04:57,3.31,25800,3.31,U
sz000592,平潭发展,2025-09-23 10:06:06,3.31,20100,3.3,U
sz000592,平潭发展,2025-09-23 10:06:09,3.3,35400,3.31,D
sz000592,平潭发展,2025-09-23 10:06:27,3.31,236800,3.31,U
sz000592,平潭发展,2025-09-23 10:06:57,3.31,62900,3.31,U
sz000592,平潭发展,2025-09-23 10:07:21,3.3,23300,3.3,D
sz000592,平潭发展,2025-09-23 10:07:39,3.3,30000,3.3,D
sz000592,平潭发展,2025-09-23 10:07:42,3.3,25600,3.3,D
sz000592,平潭发展,2025-09-23 10:07:45,3.3,37800,3.3,D
sz000592,平潭发展,2025-09-23 10:08:12,3.31,25900,3.3,U
sz000592,平潭发展,2025-09-23 10:08:18,3.3,48000,3.3,D
sz000592,平潭发展,2025-09-23 10:08:21,3.3,515500,3.3,D
sz000592,平潭发展,2025-09-23 10:08:27,3.29,23400,3.3,D
sz000592,平潭发展,2025-09-23 10:08:39,3.3,33600,3.29,U
sz000592,平潭发展,2025-09-23 10:08:51,3.3,26700,3.3,U
sz000592,平潭发展,2025-09-23 10:09:33,3.29,38700,3.29,D
sz000592,平潭发展,2025-09-23 10:10:09,3.29,50900,3.3,D
sz000592,平潭发展,2025-09-23 10:10:42,3.3,30100,3.29,U
sz000592,平潭发展,2025-09-23 10:10:54,3.3,47700,3.29,U
sz000592,平潭发展,2025-09-23 10:11:06,3.29,24500,3.3,D
sz000592,平潭发展,2025-09-23 10:11:09,3.3,26300,3.29,U
sz000592,平潭发展,2025-09-23 10:11:12,3.29,23600,3.3,D
sz000592,平潭发展,2025-09-23 10:11:15,3.29,133200,3.29,D
sz000592,平潭发展,2025-09-23 10:11:36,3.29,37100,3.29,D
sz000592,平潭发展,2025-09-23 10:11:45,3.29,20000,3.29,D
sz000592,平潭发展,2025-09-23 10:11:57,3.29,33900,3.29,D
sz000592,平潭发展,2025-09-23 10:12:06,3.29,1262300,3.29,D
sz000592,平潭发展,2025-09-23 10:12:15,3.29,57100,3.29,U
sz000592,平潭发展,2025-09-23 10:12:18,3.29,24800,3.29,D
sz000592,平潭发展,2025-09-23 10:12:21,3.29,83000,3.29,D
sz000592,平潭发展,2025-09-23 10:12:24,3.29,27600,3.29,U
sz000592,平潭发展,2025-09-23 10:12:27,3.29,29600,3.29,U
sz000592,平潭发展,2025-09-23 10:12:36,3.29,46500,3.29,D
sz000592,平潭发展,2025-09-23 10:12:54,3.28,42200,3.28,D
sz000592,平潭发展,2025-09-23 10:12:57,3.28,89300,3.28,D
sz000592,平潭发展,2025-09-23 10:13:00,3.28,1033400,3.28,D
sz000592,平潭发展,2025-09-23 10:13:03,3.28,33200,3.28,D
sz000592,平潭发展,2025-09-23 10:13:06,3.28,309300,3.28,D
sz000592,平潭发展,2025-09-23 10:13:09,3.27,44300,3.28,D
sz000592,平潭发展,2025-09-23 10:13:12,3.27,172700,3.27,D
sz000592,平潭发展,2025-09-23 10:13:15,3.28,724100,3.27,U
sz000592,平潭发展,2025-09-23 10:13:18,3.28,43700,3.28,U
sz000592,平潭发展,2025-09-23 10:13:24,3.27,54700,3.27,D
sz000592,平潭发展,2025-09-23 10:13:27,3.28,195900,3.27,U
sz000592,平潭发展,2025-09-23 10:13:30,3.28,32500,3.28,D
sz000592,平潭发展,2025-09-23 10:13:33,3.28,497100,3.28,D
sz000592,平潭发展,2025-09-23 10:13:39,3.27,24000,3.28,D
sz000592,平潭发展,2025-09-23 10:13:42,3.27,27200,3.27,D
sz000592,平潭发展,2025-09-23 10:13:48,3.27,20000,3.28,D
sz000592,平潭发展,2025-09-23 10:13:51,3.29,122000,3.27,U
sz000592,平潭发展,2025-09-23 10:13:57,3.29,301900,3.28,U
sz000592,平潭发展,2025-09-23 10:14:03,3.29,44500,3.28,U
sz000592,平潭发展,2025-09-23 10:14:06,3.28,90200,3.29,D
sz000592,平潭发展,2025-09-23 10:14:15,3.29,217500,3.29,U
sz000592,平潭发展,2025-09-23 10:14:18,3.29,83800,3.29,D
sz000592,平潭发展,2025-09-23 10:14:51,3.29,35500,3.3,D
sz000592,平潭发展,2025-09-23 10:15:09,3.3,257200,3.3,U
sz000592,平潭发展,2025-09-23 10:15:24,3.27,334800,3.29,D
sz000592,平潭发展,2025-09-23 10:15:27,3.29,30600,3.27,U
sz000592,平潭发展,2025-09-23 10:15:48,3.28,63900,3.28,D
sz000592,平潭发展,2025-09-23 10:16:03,3.29,25100,3.29,U
sz000592,平潭发展,2025-09-23 10:16:06,3.29,351300,3.29,U
sz000592,平潭发展,2025-09-23 10:16:24,3.29,264500,3.29,U
sz000592,平潭发展,2025-09-23 10:16:30,3.29,72700,3.29,U
sz000592,平潭发展,2025-09-23 10:17:21,3.29,38300,3.28,U
sz000592,平潭发展,2025-09-23 10:17:24,3.28,47500,3.29,D
sz000592,平潭发展,2025-09-23 10:17:33,3.28,300400,3.29,D
sz000592,平潭发展,2025-09-23 10:17:48,3.27,841600,3.27,D
sz000592,平潭发展,2025-09-23 10:17:54,3.26,74100,3.27,D
sz000592,平潭发展,2025-09-23 10:18:03,3.27,1015300,3.27,D
sz000592,平潭发展,2025-09-23 10:18:18,3.27,51900,3.27,U
sz000592,平潭发展,2025-09-23 10:18:24,3.27,20600,3.26,U
sz000592,平潭发展,2025-09-23 10:18:33,3.26,90700,3.26,D
sz000592,平潭发展,2025-09-23 10:18:36,3.26,74800,3.26,D
sz000592,平潭发展,2025-09-23 10:18:39,3.26,31000,3.26,D
sz000592,平潭发展,2025-09-23 10:18:42,3.27,73900,3.26,U
sz000592,平潭发展,2025-09-23 10:18:51,3.26,233200,3.26,D
sz000592,平潭发展,2025-09-23 10:18:54,3.26,646000,3.26,D
sz000592,平潭发展,2025-09-23 10:18:57,3.27,215900,3.26,U
sz000592,平潭发展,2025-09-23 10:19:03,3.26,23000,3.26,D
sz000592,平潭发展,2025-09-23 10:19:09,3.26,36100,3.26,U
sz000592,平潭发展,2025-09-23 10:19:12,3.25,45100,3.26,D
sz000592,平潭发展,2025-09-23 10:19:15,3.26,95400,3.25,U
sz000592,平潭发展,2025-09-23 10:19:21,3.26,42100,3.26,U
sz000592,平潭发展,2025-09-23 10:19:24,3.26,71400,3.26,U
sz000592,平潭发展,2025-09-23 10:19:27,3.26,172500,3.26,U
sz000592,平潭发展,2025-09-23 10:19:30,3.25,96800,3.26,D
sz000592,平潭发展,2025-09-23 10:19:36,3.25,20200,3.26,D
sz000592,平潭发展,2025-09-23 10:19:39,3.25,28400,3.25,D
sz000592,平潭发展,2025-09-23 10:19:42,3.25,160500,3.25,D
sz000592,平潭发展,2025-09-23 10:19:45,3.25,22700,3.25,D
sz000592,平潭发展,2025-09-23 10:19:48,3.26,33800,3.25,U
sz000592,平潭发展,2025-09-23 10:20:00,3.25,24100,3.26,D
sz000592,平潭发展,2025-09-23 10:20:03,3.27,1216900,3.25,U
sz000592,平潭发展,2025-09-23 10:20:09,3.26,26600,3.27,D
sz000592,平潭发展,2025-09-23 10:20:12,3.26,86300,3.26,D
sz000592,平潭发展,2025-09-23 10:20:45,3.27,1077500,3.27,U
sz000592,平潭发展,2025-09-23 10:20:48,3.27,50900,3.27,U
sz000592,平潭发展,2025-09-23 10:20:51,3.27,43200,3.27,U
sz000592,平潭发展,2025-09-23 10:20:54,3.27,45600,3.27,U
sz000592,平潭发展,2025-09-23 10:21:00,3.27,108000,3.27,U
sz000592,平潭发展,2025-09-23 10:21:03,3.27,96200,3.27,U
sz000592,平潭发展,2025-09-23 10:21:06,3.27,257200,3.27,D
sz000592,平潭发展,2025-09-23 10:21:12,3.27,53000,3.27,U
sz000592,平潭发展,2025-09-23 10:21:15,3.27,29000,3.27,U
sz000592,平潭发展,2025-09-23 10:21:18,3.27,22100,3.27,U
sz000592,平潭发展,2025-09-23 10:21:21,3.27,36700,3.27,U
sz000592,平潭发展,2025-09-23 10:21:24,3.27,65100,3.27,U
sz000592,平潭发展,2025-09-23 10:21:27,3.27,31800,3.27,U
sz000592,平潭发展,2025-09-23 10:21:30,3.28,501300,3.27,U
sz000592,平潭发展,2025-09-23 10:22:00,3.28,27600,3.28,U
sz000592,平潭发展,2025-09-23 10:22:03,3.28,348100,3.28,U
sz000592,平潭发展,2025-09-23 10:22:06,3.28,33900,3.28,U
sz000592,平潭发展,2025-09-23 10:22:21,3.29,30100,3.29,U
sz000592,平潭发展,2025-09-23 10:22:36,3.28,636000,3.29,D
sz000592,平潭发展,2025-09-23 10:22:39,3.28,89100,3.28,U
sz000592,平潭发展,2025-09-23 10:22:45,3.29,30600,3.28,U
sz000592,平潭发展,2025-09-23 10:22:48,3.28,95000,3.29,D
sz000592,平潭发展,2025-09-23 10:22:54,3.28,26500,3.28,U
sz000592,平潭发展,2025-09-23 10:23:09,3.28,28700,3.28,U
sz000592,平潭发展,2025-09-23 10:23:24,3.28,30800,3.28,U
sz000592,平潭发展,2025-09-23 10:23:51,3.27,228900,3.28,D
sz000592,平潭发展,2025-09-23 10:23:54,3.28,47700,3.27,U
sz000592,平潭发展,2025-09-23 10:24:00,3.28,22700,3.28,D
sz000592,平潭发展,2025-09-23 10:24:21,3.28,235400,3.28,D
sz000592,平潭发展,2025-09-23 10:24:39,3.27,300600,3.27,D
sz000592,平潭发展,2025-09-23 10:24:57,3.28,251100,3.27,U
sz000592,平潭发展,2025-09-23 10:25:00,3.28,239600,3.28,U
sz000592,平潭发展,2025-09-23 10:25:09,3.28,177600,3.28,U
sz000592,平潭发展,2025-09-23 10:25:21,3.28,168100,3.28,U
sz000592,平潭发展,2025-09-23 10:25:24,3.27,25400,3.28,D
sz000592,平潭发展,2025-09-23 10:25:30,3.27,30000,3.27,D
sz000592,平潭发展,2025-09-23 10:25:51,3.27,40200,3.27,D
sz000592,平潭发展,2025-09-23 10:26:00,3.27,25600,3.27,D
sz000592,平潭发展,2025-09-23 10:26:03,3.28,27800,3.27,U
sz000592,平潭发展,2025-09-23 10:26:09,3.27,54900,3.27,D
sz000592,平潭发展,2025-09-23 10:26:30,3.27,56600,3.26,U
sz000592,平潭发展,2025-09-23 10:26:33,3.26,150200,3.27,D
sz000592,平潭发展,2025-09-23 10:26:42,3.28,57000,3.27,U
sz000592,平潭发展,2025-09-23 10:26:51,3.27,48000,3.28,D
sz000592,平潭发展,2025-09-23 10:26:57,3.28,51600,3.28,U
sz000592,平潭发展,2025-09-23 10:27:00,3.27,84800,3.28,D
sz000592,平潭发展,2025-09-23 10:27:15,3.27,44600,3.28,D
sz000592,平潭发展,2025-09-23 10:27:48,3.27,61100,3.27,U
sz000592,平潭发展,2025-09-23 10:27:51,3.27,239500,3.27,D
sz000592,平潭发展,2025-09-23 10:28:03,3.28,103200,3.27,U
sz000592,平潭发展,2025-09-23 10:28:06,3.27,20100,3.28,D
sz000592,平潭发展,2025-09-23 10:28:12,3.26,23300,3.27,D
sz000592,平潭发展,2025-09-23 10:28:18,3.26,43900,3.28,D
sz000592,平潭发展,2025-09-23 10:28:54,3.26,22800,3.27,D
sz000592,平潭发展,2025-09-23 10:29:00,3.26,37700,3.26,D
sz000592,平潭发展,2025-09-23 10:29:09,3.27,282900,3.26,U
sz000592,平潭发展,2025-09-23 10:29:12,3.26,93400,3.27,D
sz000592,平潭发展,2025-09-23 10:29:21,3.27,55000,3.27,D
sz000592,平潭发展,2025-09-23 10:29:24,3.27,105400,3.27,U
sz000592,平潭发展,2025-09-23 10:29:33,3.26,33900,3.26,D
sz000592,平潭发展,2025-09-23 10:29:42,3.27,32200,3.26,U
sz000592,平潭发展,2025-09-23 10:29:48,3.26,304000,3.27,D
sz000592,平潭发展,2025-09-23 10:30:42,3.27,225700,3.27,U
sz000592,平潭发展,2025-09-23 10:30:45,3.27,50700,3.27,U
sz000592,平潭发展,2025-09-23 10:30:51,3.27,91300,3.27,U
sz000592,平潭发展,2025-09-23 10:31:09,3.27,52800,3.27,U
sz000592,平潭发展,2025-09-23 10:31:12,3.27,35800,3.27,U
sz000592,平潭发展,2025-09-23 10:31:15,3.27,74000,3.27,D
sz000592,平潭发展,2025-09-23 10:31:21,3.27,78000,3.27,D
sz000592,平潭发展,2025-09-23 10:31:27,3.27,41300,3.27,D
sz000592,平潭发展,2025-09-23 10:31:39,3.26,40100,3.27,D
sz000592,平潭发展,2025-09-23 10:32:15,3.27,175700,3.27,U
sz000592,平潭发展,2025-09-23 10:32:24,3.27,42800,3.27,D
sz000592,平潭发展,2025-09-23 10:32:27,3.27,69000,3.27,D
sz000592,平潭发展,2025-09-23 10:32:30,3.27,92000,3.27,D
sz000592,平潭发展,2025-09-23 10:32:45,3.27,202800,3.26,U
sz000592,平潭发展,2025-09-23 10:32:48,3.26,107400,3.27,D
sz000592,平潭发展,2025-09-23 10:33:12,3.27,53200,3.26,U
sz000592,平潭发展,2025-09-23 10:33:18,3.27,27300,3.27,D
sz000592,平潭发展,2025-09-23 10:33:21,3.26,255800,3.27,D
sz000592,平潭发展,2025-09-23 10:33:27,3.26,167100,3.27,D
sz000592,平潭发展,2025-09-23 10:33:33,3.27,31600,3.27,U
sz000592,平潭发展,2025-09-23 10:33:51,3.26,337100,3.26,D
sz000592,平潭发展,2025-09-23 10:33:54,3.26,207900,3.26,U
sz000592,平潭发展,2025-09-23 10:34:03,3.26,602900,3.26,U
sz000592,平潭发展,2025-09-23 10:34:15,3.27,77300,3.27,U
sz000592,平潭发展,2025-09-23 10:34:33,3.27,178900,3.27,U
sz000592,平潭发展,2025-09-23 10:34:57,3.27,28300,3.27,D
sz000592,平潭发展,2025-09-23 10:35:06,3.27,38300,3.27,D
sz000592,平潭发展,2025-09-23 10:35:39,3.27,42500,3.27,D
sz000592,平潭发展,2025-09-23 10:36:15,3.28,39700,3.27,U
sz000592,平潭发展,2025-09-23 10:36:21,3.28,303600,3.28,U
sz000592,平潭发展,2025-09-23 10:36:30,3.28,209500,3.28,D
sz000592,平潭发展,2025-09-23 10:36:42,3.28,125700,3.28,D
sz000592,平潭发展,2025-09-23 10:37:18,3.29,26000,3.29,U
sz000592,平潭发展,2025-09-23 10:37:21,3.29,350900,3.29,U
sz000592,平潭发展,2025-09-23 10:37:48,3.28,25300,3.29,D
sz000592,平潭发展,2025-09-23 10:37:54,3.29,28200,3.29,U
sz000592,平潭发展,2025-09-23 10:38:12,3.27,412400,3.28,D
sz000592,平潭发展,2025-09-23 10:38:30,3.28,85400,3.28,U
sz000592,平潭发展,2025-09-23 10:39:00,3.28,521500,3.27,U
sz000592,平潭发展,2025-09-23 10:39:03,3.28,26200,3.28,U
sz000592,平潭发展,2025-09-23 10:39:06,3.28,33100,3.28,U
sz000592,平潭发展,2025-09-23 10:39:27,3.28,24000,3.28,U
sz000592,平潭发展,2025-09-23 10:39:33,3.28,38000,3.28,U
sz000592,平潭发展,2025-09-23 10:39:42,3.28,54000,3.28,U
sz000592,平潭发展,2025-09-23 10:40:15,3.28,42900,3.28,U
sz000592,平潭发展,2025-09-23 10:40:27,3.28,22600,3.28,U
sz000592,平潭发展,2025-09-23 10:41:18,3.27,457400,3.28,D
sz000592,平潭发展,2025-09-23 10:41:21,3.27,106000,3.27,U
sz000592,平潭发展,2025-09-23 10:42:00,3.27,292900,3.27,D
sz000592,平潭发展,2025-09-23 10:42:15,3.26,40300,3.27,D
sz000592,平潭发展,2025-09-23 10:42:27,3.26,20600,3.27,D
sz000592,平潭发展,2025-09-23 10:42:33,3.27,62900,3.26,U
sz000592,平潭发展,2025-09-23 10:42:39,3.27,759200,3.27,U
sz000592,平潭发展,2025-09-23 10:43:00,3.28,50400,3.27,U
sz000592,平潭发展,2025-09-23 10:43:03,3.28,67500,3.28,U
sz000592,平潭发展,2025-09-23 10:43:18,3.27,100600,3.27,D
sz000592,平潭发展,2025-09-23 10:43:33,3.28,24600,3.28,U
sz000592,平潭发展,2025-09-23 10:44:00,3.28,24500,3.28,U
sz000592,平潭发展,2025-09-23 10:44:36,3.28,58100,3.28,U
sz000592,平潭发展,2025-09-23 10:44:39,3.28,26900,3.28,U
sz000592,平潭发展,2025-09-23 10:44:54,3.28,37000,3.28,D
sz000592,平潭发展,2025-09-23 10:45:06,3.29,20000,3.28,U
sz000592,平潭发展,2025-09-23 10:45:39,3.29,153300,3.28,U
sz000592,平潭发展,2025-09-23 10:46:03,3.29,36300,3.29,U
sz000592,平潭发展,2025-09-23 10:46:06,3.29,51300,3.29,U
sz000592,平潭发展,2025-09-23 10:46:27,3.29,28300,3.28,U
sz000592,平潭发展,2025-09-23 10:46:30,3.28,25100,3.29,D
sz000592,平潭发展,2025-09-23 10:47:24,3.28,114200,3.29,D
sz000592,平潭发展,2025-09-23 10:48:09,3.29,187600,3.28,U
sz000592,平潭发展,2025-09-23 10:48:45,3.3,20000,3.3,U
sz000592,平潭发展,2025-09-23 10:49:45,3.3,91800,3.29,U
sz000592,平潭发展,2025-09-23 10:50:12,3.29,41600,3.3,D
sz000592,平潭发展,2025-09-23 10:51:27,3.29,39600,3.3,D
sz000592,平潭发展,2025-09-23 10:52:42,3.29,103200,3.29,D
sz000592,平潭发展,2025-09-23 10:52:45,3.29,136500,3.29,D
sz000592,平潭发展,2025-09-23 10:52:51,3.29,44900,3.29,D
sz000592,平潭发展,2025-09-23 10:52:54,3.29,304000,3.29,D
sz000592,平潭发展,2025-09-23 10:53:06,3.29,730700,3.29,U
sz000592,平潭发展,2025-09-23 10:53:36,3.3,154500,3.29,U
sz000592,平潭发展,2025-09-23 10:54:54,3.3,29400,3.29,U
sz000592,平潭发展,2025-09-23 10:55:39,3.29,85400,3.29,D
sz000592,平潭发展,2025-09-23 10:55:48,3.29,21800,3.29,U
sz000592,平潭发展,2025-09-23 10:56:39,3.29,20000,3.29,U
sz000592,平潭发展,2025-09-23 10:57:00,3.29,31000,3.3,D
sz000592,平潭发展,2025-09-23 10:57:42,3.3,40600,3.29,U
sz000592,平潭发展,2025-09-23 10:58:06,3.29,22700,3.3,D
sz000592,平潭发展,2025-09-23 10:59:12,3.3,38500,3.3,U
sz000592,平潭发展,2025-09-23 10:59:15,3.3,339800,3.3,U
sz000592,平潭发展,2025-09-23 10:59:24,3.3,24100,3.31,D
sz000592,平潭发展,2025-09-23 11:00:03,3.31,34200,3.31,U
sz000592,平潭发展,2025-09-23 11:00:09,3.31,20300,3.31,U
sz000592,平潭发展,2025-09-23 11:00:12,3.31,36300,3.31,U
sz000592,平潭发展,2025-09-23 11:01:06,3.3,646800,3.31,D
sz000592,平潭发展,2025-09-23 11:01:09,3.3,28100,3.3,U
sz000592,平潭发展,2025-09-23 11:01:15,3.3,55700,3.3,U
sz000592,平潭发展,2025-09-23 11:02:09,3.29,55500,3.3,D
sz000592,平潭发展,2025-09-23 11:04:21,3.29,58800,3.29,D
sz000592,平潭发展,2025-09-23 11:04:24,3.29,206800,3.29,D
sz000592,平潭发展,2025-09-23 11:04:27,3.29,136300,3.29,D
sz000592,平潭发展,2025-09-23 11:05:03,3.28,29000,3.28,D
sz000592,平潭发展,2025-09-23 11:05:09,3.29,35900,3.29,U
sz000592,平潭发展,2025-09-23 11:05:39,3.29,46800,3.29,D
sz000592,平潭发展,2025-09-23 11:06:18,3.3,30500,3.29,U
sz000592,平潭发展,2025-09-23 11:08:39,3.3,59900,3.29,U
sz000592,平潭发展,2025-09-23 11:08:45,3.29,190200,3.29,D
sz000592,平潭发展,2025-09-23 11:08:48,3.29,176300,3.29,D
sz000592,平潭发展,2025-09-23 11:10:09,3.3,111500,3.29,U
sz000592,平潭发展,2025-09-23 11:10:48,3.31,213900,3.29,U
sz000592,平潭发展,2025-09-23 11:11:12,3.3,20000,3.3,D
sz000592,平潭发展,2025-09-23 11:11:45,3.31,33500,3.31,U
sz000592,平潭发展,2025-09-23 11:11:48,3.31,32100,3.31,U
sz000592,平潭发展,2025-09-23 11:13:12,3.3,280900,3.3,D
sz000592,平潭发展,2025-09-23 11:13:18,3.3,22100,3.3,D
sz000592,平潭发展,2025-09-23 11:13:21,3.3,73300,3.3,D
sz000592,平潭发展,2025-09-23 11:14:03,3.3,111000,3.3,D
sz000592,平潭发展,2025-09-23 11:16:42,3.29,34900,3.29,D
sz000592,平潭发展,2025-09-23 11:17:48,3.3,43100,3.29,U
sz000592,平潭发展,2025-09-23 11:18:21,3.3,98800,3.29,U
sz000592,平潭发展,2025-09-23 11:18:24,3.29,294900,3.3,D
sz000592,平潭发展,2025-09-23 11:20:27,3.3,40000,3.3,D
sz000592,平潭发展,2025-09-23 11:20:30,3.31,30700,3.3,U
sz000592,平潭发展,2025-09-23 11:21:39,3.3,100400,3.3,D
sz000592,平潭发展,2025-09-23 11:21:57,3.29,20100,3.29,D
sz000592,平潭发展,2025-09-23 11:22:33,3.29,667300,3.29,D
sz000592,平潭发展,2025-09-23 11:23:54,3.29,115200,3.29,D
sz000592,平潭发展,2025-09-23 11:24:18,3.3,60900,3.29,U
sz000592,平潭发展,2025-09-23 11:25:42,3.29,50000,3.3,D
sz000592,平潭发展,2025-09-23 11:26:42,3.29,242900,3.29,D
sz000592,平潭发展,2025-09-23 11:27:30,3.28,397000,3.29,D
sz000592,平潭发展,2025-09-23 11:29:12,3.29,31800,3.29,U
sz000592,平潭发展,2025-09-23 11:29:21,3.28,50200,3.28,D
sz000592,平潭发展,2025-09-23 11:29:24,3.29,121700,3.28,U
sz000592,平潭发展,2025-09-23 13:00:00,3.29,35100,3.29,U
sz000592,平潭发展,2025-09-23 13:00:03,3.29,242500,3.29,D
sz000592,平潭发展,2025-09-23 13:00:06,3.29,24200,3.29,U
sz000592,平潭发展,2025-09-23 13:01:12,3.29,136600,3.29,U
sz000592,平潭发展,2025-09-23 13:01:15,3.28,69100,3.29,D
sz000592,平潭发展,2025-09-23 13:01:30,3.28,23000,3.29,D
sz000592,平潭发展,2025-09-23 13:02:30,3.28,20300,3.28,D
sz000592,平潭发展,2025-09-23 13:02:33,3.27,471800,3.28,D
sz000592,平潭发展,2025-09-23 13:03:15,3.28,25200,3.27,U
sz000592,平潭发展,2025-09-23 13:03:27,3.28,35000,3.27,U
sz000592,平潭发展,2025-09-23 13:03:36,3.27,20400,3.28,D
sz000592,平潭发展,2025-09-23 13:06:06,3.27,20000,3.27,D
sz000592,平潭发展,2025-09-23 13:06:09,3.27,73200,3.27,D
sz000592,平潭发展,2025-09-23 13:06:12,3.27,31100,3.27,D
sz000592,平潭发展,2025-09-23 13:06:15,3.27,235400,3.27,D
sz000592,平潭发展,2025-09-23 13:06:18,3.27,141500,3.27,D
sz000592,平潭发展,2025-09-23 13:06:48,3.27,35700,3.27,U
sz000592,平潭发展,2025-09-23 13:06:51,3.27,283000,3.27,U
sz000592,平潭发展,2025-09-23 13:07:21,3.27,29000,3.28,D
sz000592,平潭发展,2025-09-23 13:07:27,3.27,34000,3.27,D
sz000592,平潭发展,2025-09-23 13:08:30,3.28,168700,3.27,U
sz000592,平潭发展,2025-09-23 13:08:51,3.29,83000,3.29,U
sz000592,平潭发展,2025-09-23 13:09:24,3.28,31700,3.29,D
sz000592,平潭发展,2025-09-23 13:09:27,3.28,55800,3.28,D
sz000592,平潭发展,2025-09-23 13:09:30,3.28,77000,3.28,U
sz000592,平潭发展,2025-09-23 13:10:00,3.28,20000,3.28,D
sz000592,平潭发展,2025-09-23 13:12:03,3.3,137900,3.29,U
sz000592,平潭发展,2025-09-23 13:12:15,3.3,30000,3.29,U
sz000592,平潭发展,2025-09-23 13:12:45,3.3,23500,3.3,U
sz000592,平潭发展,2025-09-23 13:14:45,3.3,20000,3.29,U
sz000592,平潭发展,2025-09-23 13:16:00,3.29,216300,3.29,D
sz000592,平潭发展,2025-09-23 13:16:57,3.29,51900,3.3,D
sz000592,平潭发展,2025-09-23 13:17:00,3.3,178100,3.29,U
sz000592,平潭发展,2025-09-23 13:17:03,3.3,45000,3.3,U
sz000592,平潭发展,2025-09-23 13:17:27,3.3,27100,3.29,U
sz000592,平潭发展,2025-09-23 13:17:33,3.3,100100,3.3,U
sz000592,平潭发展,2025-09-23 13:17:54,3.31,121300,3.3,U
sz000592,平潭发展,2025-09-23 13:17:57,3.3,117600,3.31,D
sz000592,平潭发展,2025-09-23 13:18:03,3.3,41100,3.3,D
sz000592,平潭发展,2025-09-23 13:18:57,3.3,20300,3.3,U
sz000592,平潭发展,2025-09-23 13:19:27,3.29,21700,3.3,D
sz000592,平潭发展,2025-09-23 13:20:24,3.29,169500,3.29,D
sz000592,平潭发展,2025-09-23 13:20:27,3.29,33500,3.29,D
sz000592,平潭发展,2025-09-23 13:21:36,3.29,54300,3.29,D
sz000592,平潭发展,2025-09-23 13:22:03,3.29,94000,3.29,D
sz000592,平潭发展,2025-09-23 13:23:03,3.28,38400,3.28,D
sz000592,平潭发展,2025-09-23 13:23:06,3.28,250000,3.28,D
sz000592,平潭发展,2025-09-23 13:23:24,3.28,32900,3.28,D
sz000592,平潭发展,2025-09-23 13:23:57,3.28,28000,3.28,D
sz000592,平潭发展,2025-09-23 13:24:12,3.28,260300,3.28,D
sz000592,平潭发展,2025-09-23 13:24:21,3.29,48900,3.28,U
sz000592,平潭发展,2025-09-23 13:24:42,3.28,50000,3.28,D
sz000592,平潭发展,2025-09-23 13:25:12,3.29,50200,3.28,U
sz000592,平潭发展,2025-09-23 13:25:42,3.29,68000,3.29,U
sz000592,平潭发展,2025-09-23 13:25:45,3.29,27700,3.29,U
sz000592,平潭发展,2025-09-23 13:26:18,3.3,212500,3.3,U
sz000592,平潭发展,2025-09-23 13:26:45,3.29,49300,3.3,D
sz000592,平潭发展,2025-09-23 13:27:30,3.3,21800,3.29,U
sz000592,平潭发展,2025-09-23 13:29:18,3.29,20300,3.29,D
sz000592,平潭发展,2025-09-23 13:29:36,3.3,47500,3.29,U
sz000592,平潭发展,2025-09-23 13:29:51,3.3,41300,3.3,U
sz000592,平潭发展,2025-09-23 13:29:54,3.3,44100,3.3,U
sz000592,平潭发展,2025-09-23 13:30:27,3.3,45000,3.3,U
sz000592,平潭发展,2025-09-23 13:30:33,3.3,49200,3.3,U
sz000592,平潭发展,2025-09-23 13:31:15,3.3,24400,3.29,U
sz000592,平潭发展,2025-09-23 13:31:33,3.3,131800,3.3,U
sz000592,平潭发展,2025-09-23 13:32:12,3.31,38400,3.3,U
sz000592,平潭发展,2025-09-23 13:32:18,3.3,78200,3.31,D
sz000592,平潭发展,2025-09-23 13:32:21,3.3,64600,3.3,D
sz000592,平潭发展,2025-09-23 13:32:24,3.3,73100,3.3,D
sz000592,平潭发展,2025-09-23 13:32:27,3.3,52900,3.3,D
sz000592,平潭发展,2025-09-23 13:32:51,3.29,160500,3.31,D
sz000592,平潭发展,2025-09-23 13:35:03,3.29,303100,3.3,D
sz000592,平潭发展,2025-09-23 13:35:12,3.28,29100,3.29,D
sz000592,平潭发展,2025-09-23 13:36:09,3.28,22300,3.29,D
sz000592,平潭发展,2025-09-23 13:37:21,3.28,69000,3.29,D
sz000592,平潭发展,2025-09-23 13:37:39,3.28,250300,3.28,D
sz000592,平潭发展,2025-09-23 13:38:21,3.28,22100,3.28,D
sz000592,平潭发展,2025-09-23 13:38:24,3.28,56900,3.28,D
sz000592,平潭发展,2025-09-23 13:38:27,3.29,24600,3.28,U
sz000592,平潭发展,2025-09-23 13:38:51,3.28,26100,3.28,D
sz000592,平潭发展,2025-09-23 13:40:06,3.28,27900,3.29,D
sz000592,平潭发展,2025-09-23 13:40:09,3.27,24800,3.28,D
sz000592,平潭发展,2025-09-23 13:42:33,3.27,28800,3.27,D
sz000592,平潭发展,2025-09-23 13:43:09,3.27,25900,3.27,D
sz000592,平潭发展,2025-09-23 13:43:51,3.27,62400,3.28,D
sz000592,平潭发展,2025-09-23 13:44:09,3.28,21600,3.27,U
sz000592,平潭发展,2025-09-23 13:44:24,3.27,54200,3.27,D
sz000592,平潭发展,2025-09-23 13:44:36,3.27,200500,3.27,D
sz000592,平潭发展,2025-09-23 13:45:03,3.27,21300,3.28,D
sz000592,平潭发展,2025-09-23 13:45:06,3.27,20000,3.27,D
sz000592,平潭发展,2025-09-23 13:45:54,3.27,75100,3.27,D
sz000592,平潭发展,2025-09-23 13:45:57,3.27,60300,3.27,D
sz000592,平潭发展,2025-09-23 13:46:00,3.27,33800,3.27,D
sz000592,平潭发展,2025-09-23 13:46:09,3.27,24600,3.27,D
sz000592,平潭发展,2025-09-23 13:46:12,3.27,109600,3.27,D
sz000592,平潭发展,2025-09-23 13:46:18,3.27,36300,3.26,U
sz000592,平潭发展,2025-09-23 13:46:45,3.28,29800,3.28,U
sz000592,平潭发展,2025-09-23 13:47:21,3.28,188400,3.28,U
sz000592,平潭发展,2025-09-23 13:47:51,3.28,304600,3.28,U
sz000592,平潭发展,2025-09-23 13:48:12,3.28,113200,3.28,D
sz000592,平潭发展,2025-09-23 13:48:33,3.27,20800,3.28,D
sz000592,平潭发展,2025-09-23 13:48:54,3.28,99100,3.28,U
sz000592,平潭发展,2025-09-23 13:49:03,3.28,79700,3.28,D
sz000592,平潭发展,2025-09-23 13:49:21,3.28,24300,3.28,U
sz000592,平潭发展,2025-09-23 13:49:51,3.28,40000,3.28,U
sz000592,平潭发展,2025-09-23 13:50:27,3.27,202900,3.27,D
sz000592,平潭发展,2025-09-23 13:52:42,3.27,86100,3.27,D
sz000592,平潭发展,2025-09-23 13:53:06,3.29,293900,3.28,U
sz000592,平潭发展,2025-09-23 13:54:51,3.28,21200,3.28,D
sz000592,平潭发展,2025-09-23 13:54:57,3.28,42000,3.28,D
sz000592,平潭发展,2025-09-23 13:55:21,3.29,200000,3.29,U
sz000592,平潭发展,2025-09-23 13:55:39,3.28,28700,3.29,D
sz000592,平潭发展,2025-09-23 13:55:57,3.29,20000,3.28,U
sz000592,平潭发展,2025-09-23 13:58:36,3.28,31900,3.28,D
sz000592,平潭发展,2025-09-23 13:59:39,3.29,53800,3.29,U
sz000592,平潭发展,2025-09-23 13:59:42,3.29,209400,3.29,U
sz000592,平潭发展,2025-09-23 14:00:15,3.29,24100,3.29,U
sz000592,平潭发展,2025-09-23 14:00:48,3.29,50400,3.29,U
sz000592,平潭发展,2025-09-23 14:00:57,3.29,28500,3.28,U
sz000592,平潭发展,2025-09-23 14:02:06,3.29,20000,3.29,U
sz000592,平潭发展,2025-09-23 14:02:45,3.29,50000,3.28,U
sz000592,平潭发展,2025-09-23 14:03:54,3.28,60200,3.28,D
sz000592,平潭发展,2025-09-23 14:06:03,3.28,40600,3.28,D
sz000592,平潭发展,2025-09-23 14:06:15,3.28,413900,3.28,D
sz000592,平潭发展,2025-09-23 14:06:36,3.28,20900,3.27,U
sz000592,平潭发展,2025-09-23 14:07:15,3.27,73400,3.27,D
sz000592,平潭发展,2025-09-23 14:07:24,3.27,100000,3.27,D
sz000592,平潭发展,2025-09-23 14:07:39,3.27,49700,3.28,D
sz000592,平潭发展,2025-09-23 14:08:03,3.27,194900,3.27,D
sz000592,平潭发展,2025-09-23 14:08:45,3.27,275500,3.28,D
sz000592,平潭发展,2025-09-23 14:09:03,3.27,20600,3.27,D
sz000592,平潭发展,2025-09-23 14:09:15,3.27,25500,3.26,U
sz000592,平潭发展,2025-09-23 14:09:18,3.27,24900,3.27,D
sz000592,平潭发展,2025-09-23 14:09:24,3.27,53600,3.27,U
sz000592,平潭发展,2025-09-23 14:10:54,3.27,31300,3.27,U
sz000592,平潭发展,2025-09-23 14:12:36,3.27,225900,3.27,U
sz000592,平潭发展,2025-09-23 14:12:45,3.28,24800,3.27,U
sz000592,平潭发展,2025-09-23 14:13:57,3.28,87800,3.27,U
sz000592,平潭发展,2025-09-23 14:15:33,3.28,34900,3.28,U
sz000592,平潭发展,2025-09-23 14:15:48,3.28,27800,3.27,U
sz000592,平潭发展,2025-09-23 14:15:57,3.27,192800,3.27,D
sz000592,平潭发展,2025-09-23 14:16:00,3.27,20000,3.27,D
sz000592,平潭发展,2025-09-23 14:16:21,3.28,84400,3.27,U
sz000592,平潭发展,2025-09-23 14:16:36,3.27,21500,3.28,D
sz000592,平潭发展,2025-09-23 14:17:24,3.29,195300,3.27,U
sz000592,平潭发展,2025-09-23 14:17:27,3.28,27800,3.29,D
sz000592,平潭发展,2025-09-23 14:17:30,3.28,21500,3.28,U
sz000592,平潭发展,2025-09-23 14:17:33,3.27,37400,3.28,D
sz000592,平潭发展,2025-09-23 14:18:09,3.28,44900,3.28,U
sz000592,平潭发展,2025-09-23 14:18:15,3.28,46800,3.28,D
sz000592,平潭发展,2025-09-23 14:18:18,3.29,42200,3.28,U
sz000592,平潭发展,2025-09-23 14:18:36,3.28,32800,3.27,E
sz000592,平潭发展,2025-09-23 14:19:33,3.28,20800,3.27,U
sz000592,平潭发展,2025-09-23 14:20:24,3.28,29400,3.28,D
sz000592,平潭发展,2025-09-23 14:23:39,3.29,61100,3.28,U
sz000592,平潭发展,2025-09-23 14:25:12,3.28,112800,3.28,D
sz000592,平潭发展,2025-09-23 14:25:45,3.29,21200,3.29,U
sz000592,平潭发展,2025-09-23 14:25:57,3.29,81500,3.28,U
sz000592,平潭发展,2025-09-23 14:26:27,3.28,138300,3.29,D
sz000592,平潭发展,2025-09-23 14:26:30,3.28,31100,3.28,D
sz000592,平潭发展,2025-09-23 14:26:39,3.28,34900,3.28,D
sz000592,平潭发展,2025-09-23 14:27:03,3.3,341200,3.28,U
sz000592,平潭发展,2025-09-23 14:27:48,3.3,514500,3.29,U
sz000592,平潭发展,2025-09-23 14:27:54,3.29,43600,3.3,D
sz000592,平潭发展,2025-09-23 14:28:03,3.3,45800,3.29,U
sz000592,平潭发展,2025-09-23 14:28:06,3.3,89300,3.3,U
sz000592,平潭发展,2025-09-23 14:28:09,3.31,109600,3.3,U
sz000592,平潭发展,2025-09-23 14:28:36,3.3,24500,3.3,D
sz000592,平潭发展,2025-09-23 14:28:51,3.3,50000,3.3,D
sz000592,平潭发展,2025-09-23 14:28:54,3.31,27700,3.3,U
sz000592,平潭发展,2025-09-23 14:28:57,3.3,27400,3.31,D
sz000592,平潭发展,2025-09-23 14:30:30,3.31,482600,3.31,U
sz000592,平潭发展,2025-09-23 14:30:39,3.31,22400,3.31,U
sz000592,平潭发展,2025-09-23 14:30:51,3.3,170700,3.3,D
sz000592,平潭发展,2025-09-23 14:31:09,3.31,63300,3.31,U
sz000592,平潭发展,2025-09-23 14:31:42,3.3,20000,3.3,D
sz000592,平潭发展,2025-09-23 14:32:06,3.3,26900,3.3,D
sz000592,平潭发展,2025-09-23 14:32:21,3.3,229000,3.3,D
sz000592,平潭发展,2025-09-23 14:32:24,3.3,69100,3.3,D
sz000592,平潭发展,2025-09-23 14:32:36,3.3,20000,3.3,U
sz000592,平潭发展,2025-09-23 14:32:57,3.31,81900,3.29,U
sz000592,平潭发展,2025-09-23 14:33:21,3.3,69400,3.3,D
sz000592,平潭发展,2025-09-23 14:34:06,3.29,28700,3.29,D
sz000592,平潭发展,2025-09-23 14:34:36,3.3,416400,3.3,U
sz000592,平潭发展,2025-09-23 14:35:03,3.3,102200,3.31,D
sz000592,平潭发展,2025-09-23 14:35:18,3.31,45000,3.3,U
sz000592,平潭发展,2025-09-23 14:35:39,3.31,20900,3.31,U
sz000592,平潭发展,2025-09-23 14:35:42,3.3,57800,3.31,D
sz000592,平潭发展,2025-09-23 14:36:09,3.31,24100,3.31,U
sz000592,平潭发展,2025-09-23 14:36:12,3.31,22200,3.31,U
sz000592,平潭发展,2025-09-23 14:36:33,3.31,26000,3.31,U
sz000592,平潭发展,2025-09-23 14:36:45,3.31,23200,3.3,U
sz000592,平潭发展,2025-09-23 14:37:54,3.3,36400,3.3,D
sz000592,平潭发展,2025-09-23 14:38:27,3.3,51100,3.3,D
sz000592,平潭发展,2025-09-23 14:39:00,3.31,37200,3.3,U
sz000592,平潭发展,2025-09-23 14:39:03,3.31,87900,3.31,U
sz000592,平潭发展,2025-09-23 14:39:09,3.31,80000,3.31,U
sz000592,平潭发展,2025-09-23 14:39:15,3.3,50900,3.3,D
sz000592,平潭发展,2025-09-23 14:40:36,3.3,147500,3.3,D
sz000592,平潭发展,2025-09-23 14:41:24,3.3,32000,3.3,D
sz000592,平潭发展,2025-09-23 14:41:27,3.3,38100,3.3,D
sz000592,平潭发展,2025-09-23 14:41:33,3.3,31400,3.3,D
sz000592,平潭发展,2025-09-23 14:43:09,3.3,663200,3.3,D
sz000592,平潭发展,2025-09-23 14:43:12,3.3,57200,3.3,D
sz000592,平潭发展,2025-09-23 14:43:21,3.3,36500,3.3,D
sz000592,平潭发展,2025-09-23 14:43:33,3.31,23000,3.3,U
sz000592,平潭发展,2025-09-23 14:43:45,3.3,42100,3.3,D
sz000592,平潭发展,2025-09-23 14:43:51,3.3,25900,3.3,D
sz000592,平潭发展,2025-09-23 14:44:09,3.31,29100,3.3,U
sz000592,平潭发展,2025-09-23 14:44:51,3.31,121400,3.31,U
sz000592,平潭发展,2025-09-23 14:44:54,3.31,22200,3.31,U
sz000592,平潭发展,2025-09-23 14:45:00,3.31,27400,3.3,U
sz000592,平潭发展,2025-09-23 14:45:03,3.31,75900,3.31,U
sz000592,平潭发展,2025-09-23 14:46:09,3.3,20600,3.31,D
sz000592,平潭发展,2025-09-23 14:46:12,3.31,28100,3.3,U
sz000592,平潭发展,2025-09-23 14:46:15,3.31,152800,3.31,U
sz000592,平潭发展,2025-09-23 14:46:42,3.31,56800,3.31,U
sz000592,平潭发展,2025-09-23 14:47:03,3.32,529300,3.3,U
sz000592,平潭发展,2025-09-23 14:47:06,3.31,152500,3.32,D
sz000592,平潭发展,2025-09-23 14:47:27,3.31,31400,3.31,D
sz000592,平潭发展,2025-09-23 14:47:36,3.31,37700,3.31,D
sz000592,平潭发展,2025-09-23 14:47:54,3.31,51900,3.32,D
sz000592,平潭发展,2025-09-23 14:49:15,3.31,274300,3.32,D
sz000592,平潭发展,2025-09-23 14:49:33,3.32,122700,3.32,U
sz000592,平潭发展,2025-09-23 14:50:09,3.32,22400,3.31,U
sz000592,平潭发展,2025-09-23 14:50:15,3.32,202600,3.32,U
sz000592,平潭发展,2025-09-23 14:50:18,3.32,33100,3.32,U
sz000592,平潭发展,2025-09-23 14:50:30,3.32,21000,3.32,U
sz000592,平潭发展,2025-09-23 14:50:36,3.31,53400,3.32,D
sz000592,平潭发展,2025-09-23 14:50:39,3.32,22100,3.31,U
sz000592,平潭发展,2025-09-23 14:50:42,3.31,50000,3.32,D
sz000592,平潭发展,2025-09-23 14:51:03,3.32,45100,3.32,U
sz000592,平潭发展,2025-09-23 14:52:00,3.31,147000,3.31,D
sz000592,平潭发展,2025-09-23 14:52:03,3.32,199500,3.31,U
sz000592,平潭发展,2025-09-23 14:52:06,3.32,33000,3.32,U
sz000592,平潭发展,2025-09-23 14:52:24,3.32,22700,3.32,U
sz000592,平潭发展,2025-09-23 14:52:27,3.32,29800,3.32,U
sz000592,平潭发展,2025-09-23 14:52:30,3.32,157700,3.32,U
sz000592,平潭发展,2025-09-23 14:52:36,3.32,79500,3.32,U
sz000592,平潭发展,2025-09-23 14:52:45,3.32,27600,3.31,U
sz000592,平潭发展,2025-09-23 14:52:48,3.32,20300,3.32,U
sz000592,平潭发展,2025-09-23 14:53:03,3.32,62800,3.32,U
sz000592,平潭发展,2025-09-23 14:53:09,3.32,296500,3.32,U
sz000592,平潭发展,2025-09-23 14:53:12,3.32,45400,3.32,U
sz000592,平潭发展,2025-09-23 14:53:24,3.32,37100,3.32,U
sz000592,平潭发展,2025-09-23 14:53:36,3.32,32000,3.32,U
sz000592,平潭发展,2025-09-23 14:53:39,3.31,37500,3.32,D
sz000592,平潭发展,2025-09-23 14:53:45,3.32,597600,3.32,U
sz000592,平潭发展,2025-09-23 14:54:33,3.32,32600,3.32,U
sz000592,平潭发展,2025-09-23 14:54:45,3.31,21800,3.32,D
sz000592,平潭发展,2025-09-23 14:54:57,3.31,43800,3.31,D
sz000592,平潭发展,2025-09-23 14:55:06,3.31,41000,3.32,D
sz000592,平潭发展,2025-09-23 14:55:12,3.31,350600,3.32,D
sz000592,平潭发展,2025-09-23 14:55:15,3.32,26500,3.31,U
sz000592,平潭发展,2025-09-23 14:55:21,3.32,54400,3.32,U
sz000592,平潭发展,2025-09-23 14:55:24,3.32,48300,3.32,U
sz000592,平潭发展,2025-09-23 14:55:27,3.32,48200,3.32,D
sz000592,平潭发展,2025-09-23 14:55:30,3.32,46800,3.32,D
sz000592,平潭发展,2025-09-23 14:55:33,3.32,104500,3.32,U
sz000592,平潭发展,2025-09-23 14:55:36,3.33,32000,3.32,U
sz000592,平潭发展,2025-09-23 14:56:03,3.32,24100,3.32,U
sz000592,平潭发展,2025-09-23 14:56:09,3.32,51300,3.32,U
sz000592,平潭发展,2025-09-23 14:56:18,3.31,23100,3.32,D
sz000592,平潭发展,2025-09-23 14:56:33,3.32,34900,3.32,U
sz000592,平潭发展,2025-09-23 14:56:36,3.32,23400,3.32,U
sz000592,平潭发展,2025-09-23 14:56:39,3.31,46500,3.32,D
sz000592,平潭发展,2025-09-23 14:56:42,3.32,36000,3.31,U
sz000592,平潭发展,2025-09-23 14:56:45,3.32,46100,3.32,U
sz000592,平潭发展,2025-09-23 14:56:51,3.31,563600,3.32,D
sz000592,平潭发展,2025-09-23 15:00:00,3.32,931300,3.32,E
