symbol,name,ticktime,price,volume,prev_price,kind
sz000592,平潭发展,2025-10-15 09:25:00,3.54,886200,0.0,D
sz000592,平潭发展,2025-10-15 09:30:00,3.54,336900,3.54,D
sz000592,平潭发展,2025-10-15 09:30:03,3.54,1077400,3.54,U
sz000592,平潭发展,2025-10-15 09:30:06,3.55,312600,3.54,U
sz000592,平潭发展,2025-10-15 09:30:12,3.56,44700,3.57,D
sz000592,平潭发展,2025-10-15 09:30:18,3.57,243000,3.56,U
sz000592,平潭发展,2025-10-15 09:30:21,3.56,162400,3.57,D
sz000592,平潭发展,2025-10-15 09:30:24,3.54,117800,3.56,D
sz000592,平潭发展,2025-10-15 09:30:27,3.54,550000,3.54,D
sz000592,平潭发展,2025-10-15 09:30:30,3.54,68500,3.54,U
sz000592,平潭发展,2025-10-15 09:30:33,3.53,74200,3.54,D
sz000592,平潭发展,2025-10-15 09:30:36,3.54,100500,3.53,U
sz000592,平潭发展,2025-10-15 09:30:39,3.54,278400,3.54,U
sz000592,平潭发展,2025-10-15 09:30:42,3.55,114600,3.54,U
sz000592,平潭发展,2025-10-15 09:30:45,3.55,98400,3.55,U
sz000592,平潭发展,2025-10-15 09:30:48,3.55,29200,3.55,D
sz000592,平潭发展,2025-10-15 09:30:54,3.55,41400,3.55,D
sz000592,平潭发展,2025-10-15 09:30:57,3.56,29000,3.55,U
sz000592,平潭发展,2025-10-15 09:31:03,3.57,179000,3.56,U
sz000592,平潭发展,2025-10-15 09:31:06,3.57,151200,3.57,U
sz000592,平潭发展,2025-10-15 09:31:12,3.57,65200,3.56,U
sz000592,平潭发展,2025-10-15 09:31:15,3.56,64700,3.57,D
sz000592,平潭发展,2025-10-15 09:31:18,3.56,33100,3.56,D
sz000592,平潭发展,2025-10-15 09:31:21,3.55,33200,3.56,D
sz000592,平潭发展,2025-10-15 09:31:24,3.56,23400,3.55,U
sz000592,平潭发展,2025-10-15 09:31:33,3.56,63700,3.56,U
sz000592,平潭发展,2025-10-15 09:31:36,3.55,26300,3.56,D
sz000592,平潭发展,2025-10-15 09:31:42,3.55,93400,3.56,D
sz000592,平潭发展,2025-10-15 09:31:48,3.56,31800,3.55,U
sz000592,平潭发展,2025-10-15 09:31:51,3.57,266800,3.56,U
sz000592,平潭发展,2025-10-15 09:31:54,3.56,22200,3.57,D
sz000592,平潭发展,2025-10-15 09:32:09,3.56,57600,3.57,D
sz000592,平潭发展,2025-10-15 09:32:12,3.56,21000,3.56,D
sz000592,平潭发展,2025-10-15 09:32:15,3.56,27900,3.56,D
sz000592,平潭发展,2025-10-15 09:32:24,3.57,29700,3.56,U
sz000592,平潭发展,2025-10-15 09:32:30,3.57,37100,3.57,U
sz000592,平潭发展,2025-10-15 09:33:00,3.57,63500,3.56,U
sz000592,平潭发展,2025-10-15 09:33:03,3.56,62000,3.57,D
sz000592,平潭发展,2025-10-15 09:33:09,3.56,194400,3.57,D
sz000592,平潭发展,2025-10-15 09:33:12,3.57,186700,3.56,U
sz000592,平潭发展,2025-10-15 09:33:15,3.56,28000,3.57,D
sz000592,平潭发展,2025-10-15 09:33:21,3.56,20500,3.57,D
sz000592,平潭发展,2025-10-15 09:33:27,3.56,31900,3.56,D
sz000592,平潭发展,2025-10-15 09:33:39,3.56,29700,3.56,D
sz000592,平潭发展,2025-10-15 09:33:42,3.57,41700,3.56,U
sz000592,平潭发展,2025-10-15 09:33:45,3.56,24500,3.57,D
sz000592,平潭发展,2025-10-15 09:33:48,3.56,60600,3.56,D
sz000592,平潭发展,2025-10-15 09:33:51,3.56,37400,3.56,D
sz000592,平潭发展,2025-10-15 09:34:00,3.56,33200,3.56,D
sz000592,平潭发展,2025-10-15 09:34:09,3.56,36700,3.56,U
sz000592,平潭发展,2025-10-15 09:34:15,3.56,28200,3.56,U
sz000592,平潭发展,2025-10-15 09:34:33,3.55,50500,3.56,D
sz000592,平潭发展,2025-10-15 09:34:54,3.54,184200,3.55,D
sz000592,平潭发展,2025-10-15 09:35:00,3.54,49000,3.54,D
sz000592,平潭发展,2025-10-15 09:35:06,3.54,44400,3.54,D
sz000592,平潭发展,2025-10-15 09:35:12,3.54,221700,3.54,D
sz000592,平潭发展,2025-10-15 09:35:21,3.54,238824,3.54,D
sz000592,平潭发展,2025-10-15 09:35:24,3.54,68100,3.54,D
sz000592,平潭发展,2025-10-15 09:35:30,3.54,34100,3.55,D
sz000592,平潭发展,2025-10-15 09:35:33,3.55,66100,3.54,U
sz000592,平潭发展,2025-10-15 09:35:36,3.54,89800,3.55,D
sz000592,平潭发展,2025-10-15 09:35:39,3.54,47300,3.54,D
sz000592,平潭发展,2025-10-15 09:35:42,3.54,80800,3.54,D
sz000592,平潭发展,2025-10-15 09:35:45,3.54,45300,3.54,U
sz000592,平潭发展,2025-10-15 09:35:54,3.53,50700,3.54,D
sz000592,平潭发展,2025-10-15 09:36:09,3.53,35800,3.53,D
sz000592,平潭发展,2025-10-15 09:36:18,3.53,41700,3.53,D
sz000592,平潭发展,2025-10-15 09:36:24,3.53,33900,3.53,D
sz000592,平潭发展,2025-10-15 09:36:33,3.53,29800,3.53,D
sz000592,平潭发展,2025-10-15 09:36:36,3.54,30000,3.53,U
sz000592,平潭发展,2025-10-15 09:36:51,3.53,24400,3.53,D
sz000592,平潭发展,2025-10-15 09:36:54,3.53,98200,3.53,D
sz000592,平潭发展,2025-10-15 09:36:57,3.53,22200,3.53,D
sz000592,平潭发展,2025-10-15 09:37:00,3.53,25500,3.53,D
sz000592,平潭发展,2025-10-15 09:37:03,3.53,39800,3.53,D
sz000592,平潭发展,2025-10-15 09:37:06,3.53,291353,3.53,D
sz000592,平潭发展,2025-10-15 09:37:09,3.53,309347,3.53,D
sz000592,平潭发展,2025-10-15 09:37:12,3.53,31500,3.53,U
sz000592,平潭发展,2025-10-15 09:37:15,3.53,354553,3.53,U
sz000592,平潭发展,2025-10-15 09:37:18,3.53,26300,3.53,D
sz000592,平潭发展,2025-10-15 09:37:21,3.53,78600,3.53,D
sz000592,平潭发展,2025-10-15 09:37:24,3.53,46200,3.53,D
sz000592,平潭发展,2025-10-15 09:37:27,3.53,22400,3.53,D
sz000592,平潭发展,2025-10-15 09:37:30,3.53,185500,3.53,D
sz000592,平潭发展,2025-10-15 09:37:33,3.53,132700,3.53,D
sz000592,平潭发展,2025-10-15 09:37:36,3.53,56000,3.53,D
sz000592,平潭发展,2025-10-15 09:37:39,3.53,30100,3.53,D
sz000592,平潭发展,2025-10-15 09:37:42,3.53,48400,3.53,D
sz000592,平潭发展,2025-10-15 09:37:51,3.54,47500,3.53,U
sz000592,平潭发展,2025-10-15 09:37:54,3.53,27000,3.54,D
sz000592,平潭发展,2025-10-15 09:38:03,3.53,42500,3.53,D
sz000592,平潭发展,2025-10-15 09:38:06,3.53,94900,3.53,D
sz000592,平潭发展,2025-10-15 09:38:09,3.52,21900,3.53,D
sz000592,平潭发展,2025-10-15 09:38:12,3.52,43500,3.52,D
sz000592,平潭发展,2025-10-15 09:38:15,3.52,33300,3.52,D
sz000592,平潭发展,2025-10-15 09:38:18,3.53,24800,3.52,U
sz000592,平潭发展,2025-10-15 09:38:21,3.52,329100,3.53,D
sz000592,平潭发展,2025-10-15 09:38:24,3.52,62600,3.52,D
sz000592,平潭发展,2025-10-15 09:38:30,3.52,113200,3.52,D
sz000592,平潭发展,2025-10-15 09:38:36,3.52,31400,3.52,D
sz000592,平潭发展,2025-10-15 09:38:39,3.52,28800,3.52,D
sz000592,平潭发展,2025-10-15 09:38:42,3.52,87000,3.52,D
sz000592,平潭发展,2025-10-15 09:38:48,3.52,56400,3.52,D
sz000592,平潭发展,2025-10-15 09:38:54,3.52,62000,3.52,D
sz000592,平潭发展,2025-10-15 09:38:57,3.52,65600,3.52,D
sz000592,平潭发展,2025-10-15 09:39:03,3.54,422800,3.53,U
sz000592,平潭发展,2025-10-15 09:39:06,3.54,243000,3.54,U
sz000592,平潭发展,2025-10-15 09:39:09,3.54,59900,3.54,U
sz000592,平潭发展,2025-10-15 09:39:12,3.54,93500,3.54,U
sz000592,平潭发展,2025-10-15 09:39:15,3.54,26200,3.54,U
sz000592,平潭发展,2025-10-15 09:39:24,3.53,176700,3.53,D
sz000592,平潭发展,2025-10-15 09:39:27,3.54,62100,3.53,U
sz000592,平潭发展,2025-10-15 09:40:03,3.54,128000,3.53,U
sz000592,平潭发展,2025-10-15 09:40:30,3.53,118100,3.54,D
sz000592,平潭发展,2025-10-15 09:40:33,3.53,37400,3.53,D
sz000592,平潭发展,2025-10-15 09:40:45,3.53,54300,3.53,D
sz000592,平潭发展,2025-10-15 09:40:57,3.53,65500,3.54,D
sz000592,平潭发展,2025-10-15 09:41:03,3.53,34100,3.53,D
sz000592,平潭发展,2025-10-15 09:41:21,3.53,46000,3.53,D
sz000592,平潭发展,2025-10-15 09:41:45,3.53,43700,3.54,D
sz000592,平潭发展,2025-10-15 09:41:48,3.53,20900,3.53,D
sz000592,平潭发展,2025-10-15 09:42:03,3.53,23600,3.53,D
sz000592,平潭发展,2025-10-15 09:42:15,3.54,35700,3.53,U
sz000592,平潭发展,2025-10-15 09:42:33,3.53,67900,3.53,D
sz000592,平潭发展,2025-10-15 09:42:36,3.53,30600,3.53,D
sz000592,平潭发展,2025-10-15 09:42:39,3.53,40100,3.53,D
sz000592,平潭发展,2025-10-15 09:42:51,3.53,21100,3.54,D
sz000592,平潭发展,2025-10-15 09:42:57,3.54,33300,3.54,U
sz000592,平潭发展,2025-10-15 09:43:00,3.54,155700,3.54,U
sz000592,平潭发展,2025-10-15 09:43:03,3.54,210300,3.54,U
sz000592,平潭发展,2025-10-15 09:43:06,3.54,26500,3.54,D
sz000592,平潭发展,2025-10-15 09:43:09,3.54,66400,3.54,D
sz000592,平潭发展,2025-10-15 09:43:15,3.54,73300,3.54,D
sz000592,平潭发展,2025-10-15 09:43:24,3.55,42700,3.55,U
sz000592,平潭发展,2025-10-15 09:43:30,3.54,46200,3.54,D
sz000592,平潭发展,2025-10-15 09:43:33,3.55,24800,3.54,U
sz000592,平潭发展,2025-10-15 09:43:39,3.55,82000,3.55,U
sz000592,平潭发展,2025-10-15 09:43:45,3.54,166600,3.54,D
sz000592,平潭发展,2025-10-15 09:43:57,3.54,46300,3.54,D
sz000592,平潭发展,2025-10-15 09:44:00,3.55,28800,3.54,U
sz000592,平潭发展,2025-10-15 09:44:18,3.56,41400,3.56,U
sz000592,平潭发展,2025-10-15 09:44:33,3.55,168900,3.55,D
sz000592,平潭发展,2025-10-15 09:45:15,3.56,27700,3.56,U
sz000592,平潭发展,2025-10-15 09:45:36,3.55,23000,3.55,D
sz000592,平潭发展,2025-10-15 09:45:48,3.55,92700,3.55,D
sz000592,平潭发展,2025-10-15 09:45:51,3.55,23200,3.55,D
sz000592,平潭发展,2025-10-15 09:45:57,3.55,208500,3.55,D
sz000592,平潭发展,2025-10-15 09:46:00,3.55,60700,3.55,D
sz000592,平潭发展,2025-10-15 09:46:03,3.55,40400,3.55,U
sz000592,平潭发展,2025-10-15 09:46:12,3.54,292100,3.55,D
sz000592,平潭发展,2025-10-15 09:46:18,3.54,30000,3.55,D
sz000592,平潭发展,2025-10-15 09:46:45,3.54,54400,3.54,D
sz000592,平潭发展,2025-10-15 09:46:48,3.54,33500,3.54,D
sz000592,平潭发展,2025-10-15 09:47:03,3.54,39800,3.55,D
sz000592,平潭发展,2025-10-15 09:47:42,3.54,55400,3.54,D
sz000592,平潭发展,2025-10-15 09:47:57,3.54,51100,3.55,D
sz000592,平潭发展,2025-10-15 09:48:00,3.55,310100,3.54,U
sz000592,平潭发展,2025-10-15 09:48:03,3.54,31400,3.55,D
sz000592,平潭发展,2025-10-15 09:48:09,3.54,59600,3.54,D
sz000592,平潭发展,2025-10-15 09:48:36,3.54,54700,3.54,D
sz000592,平潭发展,2025-10-15 09:48:54,3.54,59700,3.54,D
sz000592,平潭发展,2025-10-15 09:48:57,3.54,81000,3.54,D
sz000592,平潭发展,2025-10-15 09:49:00,3.54,20400,3.54,D
sz000592,平潭发展,2025-10-15 09:49:15,3.54,55000,3.55,D
sz000592,平潭发展,2025-10-15 09:49:18,3.54,40600,3.54,E
sz000592,平潭发展,2025-10-15 09:49:21,3.54,22300,3.54,U
sz000592,平潭发展,2025-10-15 09:49:24,3.54,60900,3.54,U
sz000592,平潭发展,2025-10-15 09:49:27,3.54,24200,3.54,U
sz000592,平潭发展,2025-10-15 09:49:30,3.54,47500,3.54,U
sz000592,平潭发展,2025-10-15 09:49:48,3.54,75000,3.54,D
sz000592,平潭发展,2025-10-15 09:50:03,3.53,52000,3.54,D
sz000592,平潭发展,2025-10-15 09:50:21,3.52,1158400,3.54,D
sz000592,平潭发展,2025-10-15 09:50:33,3.52,65700,3.52,D
sz000592,平潭发展,2025-10-15 09:50:42,3.52,265800,3.52,D
sz000592,平潭发展,2025-10-15 09:50:45,3.52,75500,3.52,D
sz000592,平潭发展,2025-10-15 09:50:51,3.52,28600,3.53,D
sz000592,平潭发展,2025-10-15 09:50:54,3.52,62100,3.52,D
sz000592,平潭发展,2025-10-15 09:50:57,3.52,823800,3.52,D
sz000592,平潭发展,2025-10-15 09:51:03,3.52,37800,3.52,U
sz000592,平潭发展,2025-10-15 09:51:18,3.52,101800,3.52,U
sz000592,平潭发展,2025-10-15 09:51:21,3.52,28600,3.52,U
sz000592,平潭发展,2025-10-15 09:51:27,3.52,61900,3.52,U
sz000592,平潭发展,2025-10-15 09:51:30,3.52,30500,3.52,U
sz000592,平潭发展,2025-10-15 09:51:33,3.52,70900,3.52,U
sz000592,平潭发展,2025-10-15 09:51:36,3.52,43600,3.52,U
sz000592,平潭发展,2025-10-15 09:51:39,3.52,64800,3.52,U
sz000592,平潭发展,2025-10-15 09:51:42,3.51,125600,3.52,D
sz000592,平潭发展,2025-10-15 09:51:45,3.52,74200,3.51,U
sz000592,平潭发展,2025-10-15 09:51:48,3.52,57500,3.52,U
sz000592,平潭发展,2025-10-15 09:51:51,3.52,60200,3.52,U
sz000592,平潭发展,2025-10-15 09:51:54,3.52,72600,3.52,U
sz000592,平潭发展,2025-10-15 09:51:57,3.52,31700,3.52,U
sz000592,平潭发展,2025-10-15 09:52:03,3.52,26800,3.52,U
sz000592,平潭发展,2025-10-15 09:52:06,3.52,25800,3.52,U
sz000592,平潭发展,2025-10-15 09:52:18,3.51,56500,3.51,D
sz000592,平潭发展,2025-10-15 09:52:21,3.51,143900,3.51,D
sz000592,平潭发展,2025-10-15 09:52:24,3.52,224100,3.51,U
sz000592,平潭发展,2025-10-15 09:52:27,3.52,74100,3.52,D
sz000592,平潭发展,2025-10-15 09:52:30,3.52,211000,3.52,D
sz000592,平潭发展,2025-10-15 09:52:39,3.52,34800,3.53,D
sz000592,平潭发展,2025-10-15 09:52:42,3.53,25500,3.52,U
sz000592,平潭发展,2025-10-15 09:52:48,3.52,26300,3.52,D
sz000592,平潭发展,2025-10-15 09:52:54,3.52,33900,3.52,D
sz000592,平潭发展,2025-10-15 09:52:57,3.52,212800,3.52,D
sz000592,平潭发展,2025-10-15 09:53:00,3.52,22500,3.52,D
sz000592,平潭发展,2025-10-15 09:53:03,3.52,45000,3.52,D
sz000592,平潭发展,2025-10-15 09:53:18,3.52,33100,3.52,U
sz000592,平潭发展,2025-10-15 09:53:27,3.52,72800,3.52,U
sz000592,平潭发展,2025-10-15 09:53:30,3.51,106900,3.52,D
sz000592,平潭发展,2025-10-15 09:53:54,3.52,31700,3.52,U
sz000592,平潭发展,2025-10-15 09:54:03,3.52,314000,3.52,U
sz000592,平潭发展,2025-10-15 09:54:21,3.52,287900,3.52,U
sz000592,平潭发展,2025-10-15 09:54:48,3.51,102900,3.51,D
sz000592,平潭发展,2025-10-15 09:54:51,3.51,20400,3.51,D
sz000592,平潭发展,2025-10-15 09:54:54,3.52,43900,3.51,U
sz000592,平潭发展,2025-10-15 09:54:57,3.51,50400,3.52,D
sz000592,平潭发展,2025-10-15 09:55:06,3.51,57100,3.51,D
sz000592,平潭发展,2025-10-15 09:55:09,3.51,384200,3.51,D
sz000592,平潭发展,2025-10-15 09:55:15,3.51,22800,3.52,D
sz000592,平潭发展,2025-10-15 09:55:18,3.52,58300,3.51,U
sz000592,平潭发展,2025-10-15 09:55:21,3.51,200400,3.52,D
sz000592,平潭发展,2025-10-15 09:55:39,3.52,93000,3.52,U
sz000592,平潭发展,2025-10-15 09:55:54,3.51,25200,3.51,D
sz000592,平潭发展,2025-10-15 09:56:09,3.52,20600,3.52,U
sz000592,平潭发展,2025-10-15 09:56:15,3.52,498200,3.52,U
sz000592,平潭发展,2025-10-15 09:57:00,3.52,51700,3.52,D
sz000592,平潭发展,2025-10-15 09:57:09,3.52,94300,3.52,D
sz000592,平潭发展,2025-10-15 09:57:33,3.52,25100,3.53,D
sz000592,平潭发展,2025-10-15 09:57:48,3.52,84600,3.52,D
sz000592,平潭发展,2025-10-15 09:57:51,3.53,21500,3.52,U
sz000592,平潭发展,2025-10-15 09:58:03,3.52,536300,3.53,D
sz000592,平潭发展,2025-10-15 09:58:18,3.51,50100,3.52,D
sz000592,平潭发展,2025-10-15 09:58:27,3.52,32600,3.51,U
sz000592,平潭发展,2025-10-15 09:58:45,3.51,558200,3.51,D
sz000592,平潭发展,2025-10-15 09:58:57,3.51,109200,3.51,D
sz000592,平潭发展,2025-10-15 09:59:03,3.52,81400,3.51,U
sz000592,平潭发展,2025-10-15 09:59:06,3.51,40500,3.52,D
sz000592,平潭发展,2025-10-15 09:59:09,3.51,141800,3.51,D
sz000592,平潭发展,2025-10-15 09:59:12,3.52,36700,3.51,U
sz000592,平潭发展,2025-10-15 09:59:18,3.51,27200,3.51,D
sz000592,平潭发展,2025-10-15 09:59:21,3.51,227500,3.51,D
sz000592,平潭发展,2025-10-15 09:59:30,3.51,21300,3.51,D
sz000592,平潭发展,2025-10-15 09:59:33,3.51,89200,3.51,D
sz000592,平潭发展,2025-10-15 09:59:42,3.51,42000,3.52,D
sz000592,平潭发展,2025-10-15 09:59:51,3.52,521985,3.52,U
sz000592,平潭发展,2025-10-15 09:59:57,3.52,150800,3.52,D
sz000592,平潭发展,2025-10-15 10:00:03,3.52,35700,3.53,D
sz000592,平潭发展,2025-10-15 10:00:09,3.52,61400,3.53,D
sz000592,平潭发展,2025-10-15 10:00:18,3.52,91600,3.52,U
sz000592,平潭发展,2025-10-15 10:00:27,3.52,52600,3.52,D
sz000592,平潭发展,2025-10-15 10:00:30,3.52,100300,3.52,D
sz000592,平潭发展,2025-10-15 10:00:42,3.52,43000,3.53,D
sz000592,平潭发展,2025-10-15 10:00:51,3.52,224300,3.52,D
sz000592,平潭发展,2025-10-15 10:00:54,3.52,34600,3.52,U
sz000592,平潭发展,2025-10-15 10:00:57,3.52,25500,3.52,U
sz000592,平潭发展,2025-10-15 10:01:27,3.51,38500,3.51,D
sz000592,平潭发展,2025-10-15 10:01:30,3.51,105800,3.51,D
sz000592,平潭发展,2025-10-15 10:01:39,3.52,44800,3.51,U
sz000592,平潭发展,2025-10-15 10:01:42,3.52,22700,3.52,D
sz000592,平潭发展,2025-10-15 10:01:45,3.52,39600,3.52,D
sz000592,平潭发展,2025-10-15 10:01:51,3.51,41700,3.52,D
sz000592,平潭发展,2025-10-15 10:01:57,3.52,110700,3.52,U
sz000592,平潭发展,2025-10-15 10:02:00,3.52,39200,3.52,U
sz000592,平潭发展,2025-10-15 10:02:03,3.52,21300,3.52,U
sz000592,平潭发展,2025-10-15 10:02:42,3.51,23200,3.51,D
sz000592,平潭发展,2025-10-15 10:03:03,3.51,30400,3.52,D
sz000592,平潭发展,2025-10-15 10:03:09,3.51,42100,3.52,D
sz000592,平潭发展,2025-10-15 10:03:30,3.51,34000,3.51,D
sz000592,平潭发展,2025-10-15 10:03:36,3.51,40600,3.51,D
sz000592,平潭发展,2025-10-15 10:03:45,3.52,58800,3.51,U
sz000592,平潭发展,2025-10-15 10:03:48,3.52,44000,3.52,U
sz000592,平潭发展,2025-10-15 10:03:51,3.51,226100,3.52,D
sz000592,平潭发展,2025-10-15 10:04:03,3.52,68300,3.52,D
sz000592,平潭发展,2025-10-15 10:04:06,3.52,34700,3.52,U
sz000592,平潭发展,2025-10-15 10:04:15,3.52,70900,3.52,U
sz000592,平潭发展,2025-10-15 10:04:42,3.5,1024600,3.51,D
sz000592,平潭发展,2025-10-15 10:04:51,3.51,42900,3.52,D
sz000592,平潭发展,2025-10-15 10:04:54,3.51,881300,3.51,D
sz000592,平潭发展,2025-10-15 10:05:03,3.51,20200,3.51,D
sz000592,平潭发展,2025-10-15 10:05:09,3.5,26700,3.51,D
sz000592,平潭发展,2025-10-15 10:05:30,3.52,82500,3.52,U
sz000592,平潭发展,2025-10-15 10:05:48,3.51,267400,3.52,D
sz000592,平潭发展,2025-10-15 10:06:03,3.51,110900,3.51,D
sz000592,平潭发展,2025-10-15 10:06:06,3.51,27200,3.51,D
sz000592,平潭发展,2025-10-15 10:06:21,3.52,717900,3.51,U
sz000592,平潭发展,2025-10-15 10:06:24,3.52,60100,3.52,D
sz000592,平潭发展,2025-10-15 10:06:54,3.52,31100,3.52,D
sz000592,平潭发展,2025-10-15 10:07:03,3.52,24700,3.52,D
sz000592,平潭发展,2025-10-15 10:07:15,3.52,108500,3.52,D
sz000592,平潭发展,2025-10-15 10:07:45,3.52,73800,3.52,D
sz000592,平潭发展,2025-10-15 10:07:48,3.52,59900,3.52,U
sz000592,平潭发展,2025-10-15 10:07:51,3.52,83100,3.52,D
sz000592,平潭发展,2025-10-15 10:07:54,3.52,61400,3.52,D
sz000592,平潭发展,2025-10-15 10:07:57,3.53,34000,3.52,U
sz000592,平潭发展,2025-10-15 10:08:21,3.53,304000,3.53,U
sz000592,平潭发展,2025-10-15 10:08:54,3.52,27800,3.53,D
sz000592,平潭发展,2025-10-15 10:10:15,3.54,420100,3.52,U
sz000592,平潭发展,2025-10-15 10:10:18,3.53,45800,3.54,D
sz000592,平潭发展,2025-10-15 10:10:45,3.54,54800,3.54,U
sz000592,平潭发展,2025-10-15 10:10:54,3.54,29800,3.54,U
sz000592,平潭发展,2025-10-15 10:11:45,3.53,134500,3.53,D
sz000592,平潭发展,2025-10-15 10:12:15,3.52,277500,3.53,D
sz000592,平潭发展,2025-10-15 10:12:33,3.52,64900,3.53,D
sz000592,平潭发展,2025-10-15 10:12:39,3.52,24600,3.53,D
sz000592,平潭发展,2025-10-15 10:12:45,3.53,32900,3.53,U
sz000592,平潭发展,2025-10-15 10:13:15,3.53,22900,3.53,U
sz000592,平潭发展,2025-10-15 10:13:21,3.53,21400,3.53,U
sz000592,平潭发展,2025-10-15 10:13:24,3.53,25900,3.53,U
sz000592,平潭发展,2025-10-15 10:13:33,3.53,62200,3.53,U
sz000592,平潭发展,2025-10-15 10:13:36,3.53,21000,3.53,U
sz000592,平潭发展,2025-10-15 10:13:45,3.52,23700,3.53,D
sz000592,平潭发展,2025-10-15 10:13:48,3.53,300800,3.52,U
sz000592,平潭发展,2025-10-15 10:14:33,3.53,104300,3.53,D
sz000592,平潭发展,2025-10-15 10:14:45,3.54,63600,3.53,U
sz000592,平潭发展,2025-10-15 10:15:00,3.53,28700,3.53,D
sz000592,平潭发展,2025-10-15 10:15:18,3.53,20000,3.53,D
sz000592,平潭发展,2025-10-15 10:15:27,3.53,28100,3.53,D
sz000592,平潭发展,2025-10-15 10:15:54,3.53,26900,3.54,D
sz000592,平潭发展,2025-10-15 10:16:06,3.53,116800,3.53,D
sz000592,平潭发展,2025-10-15 10:16:09,3.53,36600,3.53,U
sz000592,平潭发展,2025-10-15 10:16:12,3.53,200627,3.53,U
sz000592,平潭发展,2025-10-15 10:16:30,3.54,30100,3.53,U
sz000592,平潭发展,2025-10-15 10:17:09,3.53,159600,3.53,D
sz000592,平潭发展,2025-10-15 10:17:21,3.53,25600,3.53,D
sz000592,平潭发展,2025-10-15 10:18:21,3.53,21300,3.53,D
sz000592,平潭发展,2025-10-15 10:18:27,3.54,41100,3.53,U
sz000592,平潭发展,2025-10-15 10:19:45,3.53,26900,3.53,D
sz000592,平潭发展,2025-10-15 10:19:57,3.53,22400,3.54,D
sz000592,平潭发展,2025-10-15 10:21:15,3.53,25900,3.54,D
sz000592,平潭发展,2025-10-15 10:21:54,3.54,107700,3.53,U
sz000592,平潭发展,2025-10-15 10:22:21,3.55,924500,3.54,U
sz000592,平潭发展,2025-10-15 10:22:45,3.55,23700,3.55,U
sz000592,平潭发展,2025-10-15 10:22:48,3.55,20200,3.55,U
sz000592,平潭发展,2025-10-15 10:22:54,3.55,21600,3.55,U
sz000592,平潭发展,2025-10-15 10:22:57,3.55,29100,3.55,U
sz000592,平潭发展,2025-10-15 10:23:03,3.54,92700,3.55,D
sz000592,平潭发展,2025-10-15 10:23:09,3.55,26500,3.55,U
sz000592,平潭发展,2025-10-15 10:23:18,3.55,23300,3.54,U
sz000592,平潭发展,2025-10-15 10:23:30,3.55,404200,3.54,U
sz000592,平潭发展,2025-10-15 10:24:00,3.54,83700,3.54,D
sz000592,平潭发展,2025-10-15 10:24:12,3.54,23000,3.54,D
sz000592,平潭发展,2025-10-15 10:24:15,3.55,26300,3.54,U
sz000592,平潭发展,2025-10-15 10:24:27,3.54,26300,3.55,D
sz000592,平潭发展,2025-10-15 10:24:36,3.55,58200,3.55,U
sz000592,平潭发展,2025-10-15 10:24:39,3.54,84300,3.55,D
sz000592,平潭发展,2025-10-15 10:25:33,3.54,22000,3.55,D
sz000592,平潭发展,2025-10-15 10:26:39,3.54,45500,3.54,D
sz000592,平潭发展,2025-10-15 10:26:45,3.55,52600,3.55,U
sz000592,平潭发展,2025-10-15 10:27:00,3.53,406200,3.54,D
sz000592,平潭发展,2025-10-15 10:27:12,3.54,48300,3.54,U
sz000592,平潭发展,2025-10-15 10:27:27,3.53,23000,3.54,D
sz000592,平潭发展,2025-10-15 10:28:00,3.53,30000,3.54,D
sz000592,平潭发展,2025-10-15 10:29:45,3.53,152900,3.53,D
sz000592,平潭发展,2025-10-15 10:31:30,3.53,21800,3.54,D
sz000592,平潭发展,2025-10-15 10:32:18,3.53,26800,3.53,D
sz000592,平潭发展,2025-10-15 10:32:21,3.53,81700,3.53,D
sz000592,平潭发展,2025-10-15 10:32:36,3.53,20100,3.53,D
sz000592,平潭发展,2025-10-15 10:32:45,3.53,79000,3.53,D
sz000592,平潭发展,2025-10-15 10:33:57,3.53,38400,3.53,D
sz000592,平潭发展,2025-10-15 10:34:54,3.54,57100,3.53,U
sz000592,平潭发展,2025-10-15 10:35:18,3.53,21100,3.53,D
sz000592,平潭发展,2025-10-15 10:35:42,3.53,47600,3.53,D
sz000592,平潭发展,2025-10-15 10:36:06,3.53,22500,3.53,D
sz000592,平潭发展,2025-10-15 10:36:21,3.53,33700,3.53,D
sz000592,平潭发展,2025-10-15 10:36:24,3.53,50000,3.53,D
sz000592,平潭发展,2025-10-15 10:36:45,3.53,76400,3.54,D
sz000592,平潭发展,2025-10-15 10:37:06,3.53,139800,3.53,D
sz000592,平潭发展,2025-10-15 10:37:09,3.53,35900,3.53,U
sz000592,平潭发展,2025-10-15 10:37:12,3.53,24500,3.53,U
sz000592,平潭发展,2025-10-15 10:37:45,3.52,30800,3.52,D
sz000592,平潭发展,2025-10-15 10:38:12,3.53,24200,3.53,U
sz000592,平潭发展,2025-10-15 10:38:18,3.52,40600,3.53,D
sz000592,平潭发展,2025-10-15 10:38:33,3.52,99500,3.52,D
sz000592,平潭发展,2025-10-15 10:38:48,3.53,303500,3.53,U
sz000592,平潭发展,2025-10-15 10:41:06,3.52,23200,3.52,D
sz000592,平潭发展,2025-10-15 10:42:33,3.52,259000,3.53,D
sz000592,平潭发展,2025-10-15 10:43:00,3.52,20400,3.52,D
sz000592,平潭发展,2025-10-15 10:43:03,3.52,834700,3.52,D
sz000592,平潭发展,2025-10-15 10:43:06,3.52,34600,3.52,U
sz000592,平潭发展,2025-10-15 10:44:24,3.52,34600,3.51,U
sz000592,平潭发展,2025-10-15 10:44:30,3.51,24500,3.52,D
sz000592,平潭发展,2025-10-15 10:44:39,3.51,132500,3.52,D
sz000592,平潭发展,2025-10-15 10:45:33,3.51,24300,3.51,D
sz000592,平潭发展,2025-10-15 10:45:42,3.51,73500,3.51,D
sz000592,平潭发展,2025-10-15 10:45:48,3.52,36100,3.51,U
sz000592,平潭发展,2025-10-15 10:46:24,3.52,502800,3.52,U
sz000592,平潭发展,2025-10-15 10:46:27,3.52,33200,3.52,U
sz000592,平潭发展,2025-10-15 10:46:48,3.52,52800,3.51,U
sz000592,平潭发展,2025-10-15 10:47:12,3.51,500000,3.52,D
sz000592,平潭发展,2025-10-15 10:47:15,3.51,176000,3.51,D
sz000592,平潭发展,2025-10-15 10:47:18,3.51,33000,3.51,D
sz000592,平潭发展,2025-10-15 10:47:30,3.51,502500,3.51,D
sz000592,平潭发展,2025-10-15 10:47:33,3.51,252600,3.51,D
sz000592,平潭发展,2025-10-15 10:47:48,3.51,509200,3.51,D
sz000592,平潭发展,2025-10-15 10:47:57,3.51,526000,3.52,D
sz000592,平潭发展,2025-10-15 10:48:00,3.51,53700,3.51,D
sz000592,平潭发展,2025-10-15 10:48:06,3.51,29400,3.51,U
sz000592,平潭发展,2025-10-15 10:48:09,3.51,38900,3.51,D
sz000592,平潭发展,2025-10-15 10:48:12,3.51,27100,3.51,U
sz000592,平潭发展,2025-10-15 10:48:21,3.51,102200,3.51,U
sz000592,平潭发展,2025-10-15 10:48:45,3.52,31500,3.51,U
sz000592,平潭发展,2025-10-15 10:50:45,3.51,20600,3.51,D
sz000592,平潭发展,2025-10-15 10:51:18,3.51,45000,3.51,D
sz000592,平潭发展,2025-10-15 10:51:30,3.51,455200,3.51,D
sz000592,平潭发展,2025-10-15 10:51:45,3.51,35900,3.51,D
sz000592,平潭发展,2025-10-15 10:51:57,3.51,116000,3.51,D
sz000592,平潭发展,2025-10-15 10:52:21,3.52,25300,3.51,U
sz000592,平潭发展,2025-10-15 10:52:36,3.51,21200,3.51,D
sz000592,平潭发展,2025-10-15 10:53:21,3.51,21100,3.51,D
sz000592,平潭发展,2025-10-15 10:53:48,3.51,41200,3.51,D
sz000592,平潭发展,2025-10-15 10:54:21,3.52,27300,3.51,U
sz000592,平潭发展,2025-10-15 10:54:27,3.52,27800,3.52,U
sz000592,平潭发展,2025-10-15 10:54:57,3.52,20800,3.51,U
sz000592,平潭发展,2025-10-15 10:55:12,3.52,37400,3.51,U
sz000592,平潭发展,2025-10-15 10:55:57,3.51,36000,3.51,D
sz000592,平潭发展,2025-10-15 10:56:03,3.51,50000,3.51,D
sz000592,平潭发展,2025-10-15 10:56:39,3.51,170300,3.51,D
sz000592,平潭发展,2025-10-15 10:56:45,3.51,120000,3.52,D
sz000592,平潭发展,2025-10-15 10:57:00,3.51,81800,3.52,D
sz000592,平潭发展,2025-10-15 10:57:06,3.51,60100,3.51,D
sz000592,平潭发展,2025-10-15 10:57:12,3.51,24400,3.52,D
sz000592,平潭发展,2025-10-15 10:58:12,3.51,49200,3.51,D
sz000592,平潭发展,2025-10-15 10:59:09,3.51,47800,3.51,D
sz000592,平潭发展,2025-10-15 10:59:12,3.51,228400,3.51,D
sz000592,平潭发展,2025-10-15 10:59:15,3.51,67900,3.51,U
sz000592,平潭发展,2025-10-15 10:59:18,3.51,20400,3.51,U
sz000592,平潭发展,2025-10-15 10:59:21,3.51,23300,3.51,U
sz000592,平潭发展,2025-10-15 10:59:24,3.51,22100,3.51,U
sz000592,平潭发展,2025-10-15 10:59:51,3.5,20700,3.5,D
sz000592,平潭发展,2025-10-15 11:00:03,3.5,70100,3.5,D
sz000592,平潭发展,2025-10-15 11:00:12,3.51,29100,3.51,U
sz000592,平潭发展,2025-10-15 11:00:27,3.51,45600,3.51,D
sz000592,平潭发展,2025-10-15 11:02:30,3.51,30000,3.51,D
sz000592,平潭发展,2025-10-15 11:02:57,3.51,66100,3.51,D
sz000592,平潭发展,2025-10-15 11:03:12,3.51,28700,3.52,D
sz000592,平潭发展,2025-10-15 11:03:18,3.51,38700,3.51,D
sz000592,平潭发展,2025-10-15 11:03:57,3.51,28000,3.52,D
sz000592,平潭发展,2025-10-15 11:04:15,3.52,71100,3.51,U
sz000592,平潭发展,2025-10-15 11:05:24,3.51,117100,3.51,D
sz000592,平潭发展,2025-10-15 11:06:57,3.51,90400,3.51,D
sz000592,平潭发展,2025-10-15 11:07:00,3.52,47621,3.51,U
sz000592,平潭发展,2025-10-15 11:08:33,3.51,20200,3.51,D
sz000592,平潭发展,2025-10-15 11:09:39,3.51,30100,3.51,D
sz000592,平潭发展,2025-10-15 11:10:21,3.51,42000,3.51,D
sz000592,平潭发展,2025-10-15 11:10:45,3.51,20000,3.51,D
sz000592,平潭发展,2025-10-15 11:11:54,3.51,33400,3.51,D
sz000592,平潭发展,2025-10-15 11:13:03,3.51,555379,3.52,D
sz000592,平潭发展,2025-10-15 11:13:06,3.51,57600,3.51,U
sz000592,平潭发展,2025-10-15 11:13:09,3.51,47421,3.51,U
sz000592,平潭发展,2025-10-15 11:13:42,3.5,50700,3.51,D
sz000592,平潭发展,2025-10-15 11:14:33,3.51,25600,3.5,U
sz000592,平潭发展,2025-10-15 11:14:39,3.51,54800,3.51,U
sz000592,平潭发展,2025-10-15 11:15:36,3.51,20200,3.5,U
sz000592,平潭发展,2025-10-15 11:16:36,3.5,30000,3.5,D
sz000592,平潭发展,2025-10-15 11:16:54,3.5,30000,3.5,D
sz000592,平潭发展,2025-10-15 11:17:00,3.5,141000,3.5,D
sz000592,平潭发展,2025-10-15 11:17:21,3.5,20600,3.51,D
sz000592,平潭发展,2025-10-15 11:17:33,3.5,33100,3.5,D
sz000592,平潭发展,2025-10-15 11:17:45,3.51,62600,3.5,U
sz000592,平潭发展,2025-10-15 11:17:48,3.5,104100,3.51,D
sz000592,平潭发展,2025-10-15 11:18:15,3.51,30500,3.51,U
sz000592,平潭发展,2025-10-15 11:19:00,3.5,24800,3.51,D
sz000592,平潭发展,2025-10-15 11:19:21,3.5,1168200,3.5,D
sz000592,平潭发展,2025-10-15 11:19:24,3.5,45400,3.5,D
sz000592,平潭发展,2025-10-15 11:19:33,3.5,93300,3.5,D
sz000592,平潭发展,2025-10-15 11:19:36,3.5,177500,3.5,D
sz000592,平潭发展,2025-10-15 11:19:42,3.5,42100,3.5,D
sz000592,平潭发展,2025-10-15 11:19:45,3.5,37200,3.5,D
sz000592,平潭发展,2025-10-15 11:19:48,3.51,55100,3.5,U
sz000592,平潭发展,2025-10-15 11:19:57,3.51,31700,3.5,U
sz000592,平潭发展,2025-10-15 11:20:00,3.5,61900,3.51,D
sz000592,平潭发展,2025-10-15 11:20:06,3.5,34500,3.5,D
sz000592,平潭发展,2025-10-15 11:20:09,3.51,20500,3.5,U
sz000592,平潭发展,2025-10-15 11:20:12,3.51,20000,3.51,U
sz000592,平潭发展,2025-10-15 11:20:18,3.5,46800,3.5,D
sz000592,平潭发展,2025-10-15 11:20:33,3.5,33600,3.51,D
sz000592,平潭发展,2025-10-15 11:20:39,3.5,20700,3.51,D
sz000592,平潭发展,2025-10-15 11:20:54,3.5,41100,3.51,D
sz000592,平潭发展,2025-10-15 11:21:03,3.5,20000,3.5,D
sz000592,平潭发展,2025-10-15 11:21:06,3.51,41800,3.5,U
sz000592,平潭发展,2025-10-15 11:21:24,3.5,53000,3.5,D
sz000592,平潭发展,2025-10-15 11:21:27,3.5,167979,3.5,D
sz000592,平潭发展,2025-10-15 11:21:30,3.5,23600,3.5,U
sz000592,平潭发展,2025-10-15 11:21:33,3.5,36400,3.5,U
sz000592,平潭发展,2025-10-15 11:21:36,3.5,56900,3.5,U
sz000592,平潭发展,2025-10-15 11:21:39,3.5,26500,3.5,U
sz000592,平潭发展,2025-10-15 11:21:42,3.5,25500,3.5,U
sz000592,平潭发展,2025-10-15 11:22:00,3.49,92000,3.5,D
sz000592,平潭发展,2025-10-15 11:22:30,3.5,23000,3.5,U
sz000592,平潭发展,2025-10-15 11:22:33,3.5,20000,3.5,U
sz000592,平潭发展,2025-10-15 11:23:30,3.5,54100,3.5,U
sz000592,平潭发展,2025-10-15 11:23:39,3.5,324500,3.5,U
sz000592,平潭发展,2025-10-15 11:24:48,3.5,98100,3.5,D
sz000592,平潭发展,2025-10-15 11:24:57,3.5,32300,3.5,D
sz000592,平潭发展,2025-10-15 11:25:18,3.51,30900,3.5,U
sz000592,平潭发展,2025-10-15 11:25:36,3.5,75100,3.5,D
sz000592,平潭发展,2025-10-15 11:25:39,3.5,48779,3.5,D
sz000592,平潭发展,2025-10-15 11:25:45,3.51,35800,3.5,U
sz000592,平潭发展,2025-10-15 11:25:48,3.5,50000,3.51,D
sz000592,平潭发展,2025-10-15 11:25:51,3.5,30900,3.5,D
sz000592,平潭发展,2025-10-15 11:26:30,3.5,92000,3.5,D
sz000592,平潭发展,2025-10-15 11:26:36,3.51,24700,3.51,U
sz000592,平潭发展,2025-10-15 11:26:48,3.51,43777,3.51,U
sz000592,平潭发展,2025-10-15 11:26:51,3.51,100700,3.51,U
sz000592,平潭发展,2025-10-15 11:26:54,3.51,27900,3.51,U
sz000592,平潭发展,2025-10-15 11:27:00,3.52,367321,3.51,U
sz000592,平潭发展,2025-10-15 11:27:03,3.56,2575300,3.52,U
sz000592,平潭发展,2025-10-15 11:27:06,3.55,667800,3.56,D
sz000592,平潭发展,2025-10-15 11:27:09,3.56,884700,3.55,U
sz000592,平潭发展,2025-10-15 11:27:12,3.57,195500,3.56,U
sz000592,平潭发展,2025-10-15 11:27:15,3.56,214100,3.57,E
sz000592,平潭发展,2025-10-15 11:27:18,3.56,319600,3.56,U
sz000592,平潭发展,2025-10-15 11:27:21,3.56,132400,3.56,U
sz000592,平潭发展,2025-10-15 11:27:27,3.55,25300,3.55,U
sz000592,平潭发展,2025-10-15 11:27:33,3.55,71800,3.55,U
sz000592,平潭发展,2025-10-15 11:27:45,3.54,108700,3.55,D
sz000592,平潭发展,2025-10-15 11:27:48,3.54,27500,3.54,U
sz000592,平潭发展,2025-10-15 11:27:51,3.54,38100,3.54,U
sz000592,平潭发展,2025-10-15 11:27:54,3.54,34000,3.54,U
sz000592,平潭发展,2025-10-15 11:28:00,3.54,48100,3.54,U
sz000592,平潭发展,2025-10-15 11:28:03,3.53,557200,3.54,D
sz000592,平潭发展,2025-10-15 11:28:15,3.52,23700,3.53,D
sz000592,平潭发展,2025-10-15 11:28:27,3.52,102300,3.52,D
sz000592,平潭发展,2025-10-15 11:28:42,3.53,23400,3.53,U
sz000592,平潭发展,2025-10-15 11:28:57,3.53,35300,3.53,U
sz000592,平潭发展,2025-10-15 11:29:03,3.52,184300,3.53,D
sz000592,平潭发展,2025-10-15 11:29:06,3.53,24500,3.52,U
sz000592,平潭发展,2025-10-15 11:29:12,3.53,50000,3.53,U
sz000592,平潭发展,2025-10-15 11:29:27,3.53,47900,3.53,U
sz000592,平潭发展,2025-10-15 11:29:39,3.53,26300,3.53,U
sz000592,平潭发展,2025-10-15 11:29:48,3.52,164700,3.53,D
sz000592,平潭发展,2025-10-15 11:29:51,3.53,52100,3.52,U
sz000592,平潭发展,2025-10-15 11:29:57,3.52,93300,3.52,U
sz000592,平潭发展,2025-10-15 11:30:00,3.53,53100,3.52,U
sz000592,平潭发展,2025-10-15 13:00:00,3.53,22800,3.53,U
sz000592,平潭发展,2025-10-15 13:00:03,3.53,269500,3.53,U
sz000592,平潭发展,2025-10-15 13:00:06,3.53,134700,3.53,U
sz000592,平潭发展,2025-10-15 13:00:09,3.52,381500,3.53,D
sz000592,平潭发展,2025-10-15 13:00:15,3.51,43300,3.52,D
sz000592,平潭发展,2025-10-15 13:00:33,3.51,56800,3.51,D
sz000592,平潭发展,2025-10-15 13:00:36,3.51,164900,3.51,D
sz000592,平潭发展,2025-10-15 13:00:39,3.51,271400,3.51,D
sz000592,平潭发展,2025-10-15 13:00:45,3.51,118800,3.51,U
sz000592,平潭发展,2025-10-15 13:00:51,3.51,22600,3.51,U
sz000592,平潭发展,2025-10-15 13:00:57,3.51,46000,3.51,U
sz000592,平潭发展,2025-10-15 13:01:15,3.51,48300,3.51,U
sz000592,平潭发展,2025-10-15 13:01:33,3.51,30100,3.5,U
sz000592,平潭发展,2025-10-15 13:01:48,3.51,27800,3.5,U
sz000592,平潭发展,2025-10-15 13:02:12,3.5,35800,3.51,D
sz000592,平潭发展,2025-10-15 13:02:15,3.5,1045600,3.5,D
sz000592,平潭发展,2025-10-15 13:02:21,3.5,37800,3.5,D
sz000592,平潭发展,2025-10-15 13:02:57,3.5,33000,3.5,D
sz000592,平潭发展,2025-10-15 13:03:03,3.5,109400,3.5,D
sz000592,平潭发展,2025-10-15 13:03:09,3.5,34600,3.5,D
sz000592,平潭发展,2025-10-15 13:03:21,3.5,42100,3.5,D
sz000592,平潭发展,2025-10-15 13:03:39,3.5,50300,3.5,D
sz000592,平潭发展,2025-10-15 13:04:24,3.51,90600,3.51,U
sz000592,平潭发展,2025-10-15 13:04:36,3.5,67200,3.51,D
sz000592,平潭发展,2025-10-15 13:04:39,3.51,47300,3.5,U
sz000592,平潭发展,2025-10-15 13:05:00,3.5,199300,3.51,D
sz000592,平潭发展,2025-10-15 13:05:12,3.51,21100,3.5,U
sz000592,平潭发展,2025-10-15 13:05:24,3.5,58100,3.51,D
sz000592,平潭发展,2025-10-15 13:05:33,3.5,23100,3.5,D
sz000592,平潭发展,2025-10-15 13:06:18,3.51,20200,3.5,U
sz000592,平潭发展,2025-10-15 13:07:00,3.5,20700,3.5,D
sz000592,平潭发展,2025-10-15 13:08:18,3.51,21300,3.5,U
sz000592,平潭发展,2025-10-15 13:08:30,3.51,51700,3.51,U
sz000592,平潭发展,2025-10-15 13:10:03,3.5,93500,3.51,D
sz000592,平潭发展,2025-10-15 13:10:18,3.5,568400,3.51,D
sz000592,平潭发展,2025-10-15 13:10:21,3.5,113000,3.5,D
sz000592,平潭发展,2025-10-15 13:10:24,3.5,34500,3.5,D
sz000592,平潭发展,2025-10-15 13:10:33,3.51,155300,3.5,U
sz000592,平潭发展,2025-10-15 13:10:54,3.5,266500,3.5,D
sz000592,平潭发展,2025-10-15 13:11:06,3.5,46500,3.49,U
sz000592,平潭发展,2025-10-15 13:11:15,3.5,28500,3.5,D
sz000592,平潭发展,2025-10-15 13:11:27,3.5,39100,3.5,D
sz000592,平潭发展,2025-10-15 13:11:54,3.5,60800,3.5,D
sz000592,平潭发展,2025-10-15 13:11:57,3.5,100000,3.5,D
sz000592,平潭发展,2025-10-15 13:12:21,3.5,30200,3.5,D
sz000592,平潭发展,2025-10-15 13:12:30,3.5,32100,3.5,D
sz000592,平潭发展,2025-10-15 13:12:48,3.51,25300,3.5,U
sz000592,平潭发展,2025-10-15 13:13:03,3.5,32500,3.51,D
sz000592,平潭发展,2025-10-15 13:14:03,3.5,48900,3.5,D
sz000592,平潭发展,2025-10-15 13:14:21,3.5,109100,3.5,D
sz000592,平潭发展,2025-10-15 13:14:48,3.51,20000,3.51,U
sz000592,平潭发展,2025-10-15 13:14:54,3.51,33100,3.51,U
sz000592,平潭发展,2025-10-15 13:16:54,3.5,32700,3.5,D
sz000592,平潭发展,2025-10-15 13:17:51,3.51,51600,3.51,U
sz000592,平潭发展,2025-10-15 13:19:00,3.5,26800,3.5,D
sz000592,平潭发展,2025-10-15 13:19:12,3.51,31200,3.51,U
sz000592,平潭发展,2025-10-15 13:19:21,3.5,30300,3.51,D
sz000592,平潭发展,2025-10-15 13:20:03,3.5,424000,3.51,D
sz000592,平潭发展,2025-10-15 13:20:36,3.5,69100,3.5,D
sz000592,平潭发展,2025-10-15 13:20:54,3.5,1081800,3.5,D
sz000592,平潭发展,2025-10-15 13:21:03,3.49,100900,3.5,D
sz000592,平潭发展,2025-10-15 13:21:09,3.5,131100,3.5,U
sz000592,平潭发展,2025-10-15 13:21:57,3.5,22300,3.5,U
sz000592,平潭发展,2025-10-15 13:22:36,3.5,22400,3.5,U
sz000592,平潭发展,2025-10-15 13:22:48,3.49,20300,3.5,D
sz000592,平潭发展,2025-10-15 13:23:03,3.5,26000,3.49,U
sz000592,平潭发展,2025-10-15 13:23:06,3.5,513700,3.5,U
sz000592,平潭发展,2025-10-15 13:23:48,3.51,577400,3.5,U
sz000592,平潭发展,2025-10-15 13:29:39,3.51,23900,3.5,U
sz000592,平潭发展,2025-10-15 13:31:21,3.5,159800,3.5,D
sz000592,平潭发展,2025-10-15 13:31:45,3.51,46200,3.5,U
sz000592,平潭发展,2025-10-15 13:34:27,3.51,20900,3.51,U
sz000592,平潭发展,2025-10-15 13:34:36,3.51,24900,3.5,U
sz000592,平潭发展,2025-10-15 13:37:00,3.5,26000,3.51,D
sz000592,平潭发展,2025-10-15 13:38:18,3.5,46200,3.51,D
sz000592,平潭发展,2025-10-15 13:38:42,3.51,32200,3.5,U
sz000592,平潭发展,2025-10-15 13:39:09,3.5,32200,3.5,D
sz000592,平潭发展,2025-10-15 13:39:21,3.51,201500,3.51,U
sz000592,平潭发展,2025-10-15 13:39:24,3.51,31200,3.51,U
sz000592,平潭发展,2025-10-15 13:39:33,3.51,40000,3.5,U
sz000592,平潭发展,2025-10-15 13:39:36,3.5,202900,3.51,D
sz000592,平潭发展,2025-10-15 13:40:00,3.5,153400,3.5,D
sz000592,平潭发展,2025-10-15 13:40:03,3.5,51400,3.5,D
sz000592,平潭发展,2025-10-15 13:40:06,3.5,74800,3.5,D
sz000592,平潭发展,2025-10-15 13:40:09,3.51,55800,3.5,U
sz000592,平潭发展,2025-10-15 13:41:21,3.5,67600,3.5,D
sz000592,平潭发展,2025-10-15 13:41:45,3.51,26600,3.5,U
sz000592,平潭发展,2025-10-15 13:44:06,3.51,20000,3.5,U
sz000592,平潭发展,2025-10-15 13:45:15,3.51,28500,3.5,U
sz000592,平潭发展,2025-10-15 13:45:30,3.51,108300,3.51,U
sz000592,平潭发展,2025-10-15 13:45:45,3.51,70900,3.5,U
sz000592,平潭发展,2025-10-15 13:46:03,3.5,123900,3.51,D
sz000592,平潭发展,2025-10-15 13:47:21,3.5,29600,3.51,D
sz000592,平潭发展,2025-10-15 13:47:30,3.5,21000,3.5,D
sz000592,平潭发展,2025-10-15 13:48:33,3.5,57400,3.5,D
sz000592,平潭发展,2025-10-15 13:48:45,3.5,44600,3.5,D
sz000592,平潭发展,2025-10-15 13:50:03,3.5,238200,3.51,D
sz000592,平潭发展,2025-10-15 13:50:27,3.5,125100,3.5,D
sz000592,平潭发展,2025-10-15 13:50:33,3.5,21200,3.51,D
sz000592,平潭发展,2025-10-15 13:51:03,3.5,23700,3.5,D
sz000592,平潭发展,2025-10-15 13:53:45,3.5,97200,3.51,D
sz000592,平潭发展,2025-10-15 13:53:48,3.5,305700,3.5,D
sz000592,平潭发展,2025-10-15 13:53:51,3.5,32800,3.5,D
sz000592,平潭发展,2025-10-15 13:54:03,3.5,26500,3.51,D
sz000592,平潭发展,2025-10-15 13:55:21,3.5,24100,3.5,D
sz000592,平潭发展,2025-10-15 13:55:24,3.5,116900,3.5,D
sz000592,平潭发展,2025-10-15 13:55:27,3.5,42700,3.5,D
sz000592,平潭发展,2025-10-15 13:57:09,3.5,71500,3.5,D
sz000592,平潭发展,2025-10-15 13:57:12,3.51,100600,3.5,U
sz000592,平潭发展,2025-10-15 13:57:36,3.5,39800,3.5,D
sz000592,平潭发展,2025-10-15 13:57:48,3.51,776900,3.51,U
sz000592,平潭发展,2025-10-15 13:58:03,3.51,89900,3.52,D
sz000592,平潭发展,2025-10-15 13:59:09,3.52,106400,3.51,U
sz000592,平潭发展,2025-10-15 13:59:15,3.52,95700,3.52,U
sz000592,平潭发展,2025-10-15 13:59:30,3.51,207900,3.51,D
sz000592,平潭发展,2025-10-15 13:59:48,3.52,20100,3.52,U
sz000592,平潭发展,2025-10-15 14:00:00,3.52,100000,3.52,U
sz000592,平潭发展,2025-10-15 14:00:15,3.52,30000,3.51,U
sz000592,平潭发展,2025-10-15 14:01:54,3.51,40000,3.52,D
sz000592,平潭发展,2025-10-15 14:02:42,3.51,208100,3.52,D
sz000592,平潭发展,2025-10-15 14:04:00,3.52,108100,3.51,U
sz000592,平潭发展,2025-10-15 14:05:36,3.51,33100,3.51,D
sz000592,平潭发展,2025-10-15 14:07:54,3.51,28300,3.51,D
sz000592,平潭发展,2025-10-15 14:08:09,3.51,22200,3.52,D
sz000592,平潭发展,2025-10-15 14:08:45,3.52,38100,3.51,U
sz000592,平潭发展,2025-10-15 14:10:27,3.51,21300,3.52,D
sz000592,平潭发展,2025-10-15 14:10:36,3.52,86200,3.52,U
sz000592,平潭发展,2025-10-15 14:10:57,3.52,127100,3.51,U
sz000592,平潭发展,2025-10-15 14:11:03,3.52,20200,3.52,U
sz000592,平潭发展,2025-10-15 14:11:12,3.52,421000,3.52,U
sz000592,平潭发展,2025-10-15 14:11:15,3.52,183500,3.52,U
sz000592,平潭发展,2025-10-15 14:11:18,3.52,53800,3.52,D
sz000592,平潭发展,2025-10-15 14:11:36,3.52,25500,3.53,D
sz000592,平潭发展,2025-10-15 14:12:03,3.52,24700,3.53,D
sz000592,平潭发展,2025-10-15 14:13:45,3.53,32100,3.53,U
sz000592,平潭发展,2025-10-15 14:15:12,3.52,21300,3.52,D
sz000592,平潭发展,2025-10-15 14:15:24,3.52,110400,3.53,D
sz000592,平潭发展,2025-10-15 14:15:51,3.52,52000,3.52,D
sz000592,平潭发展,2025-10-15 14:17:03,3.52,43100,3.52,D
sz000592,平潭发展,2025-10-15 14:19:51,3.52,155600,3.53,D
sz000592,平潭发展,2025-10-15 14:19:54,3.52,727101,3.52,D
sz000592,平潭发展,2025-10-15 14:20:12,3.52,146399,3.52,U
sz000592,平潭发展,2025-10-15 14:20:15,3.52,78300,3.52,D
sz000592,平潭发展,2025-10-15 14:20:51,3.53,50000,3.52,U
sz000592,平潭发展,2025-10-15 14:22:42,3.53,22200,3.53,U
sz000592,平潭发展,2025-10-15 14:23:18,3.53,50100,3.53,U
sz000592,平潭发展,2025-10-15 14:23:21,3.53,24800,3.53,U
sz000592,平潭发展,2025-10-15 14:23:24,3.53,65700,3.53,U
sz000592,平潭发展,2025-10-15 14:23:27,3.53,34200,3.53,U
sz000592,平潭发展,2025-10-15 14:23:51,3.53,105500,3.52,U
sz000592,平潭发展,2025-10-15 14:24:15,3.53,42500,3.53,U
sz000592,平潭发展,2025-10-15 14:24:39,3.53,28500,3.52,U
sz000592,平潭发展,2025-10-15 14:26:15,3.52,38400,3.52,D
sz000592,平潭发展,2025-10-15 14:27:21,3.54,1006300,3.52,U
sz000592,平潭发展,2025-10-15 14:28:06,3.54,34300,3.54,U
sz000592,平潭发展,2025-10-15 14:28:24,3.53,35600,3.54,D
sz000592,平潭发展,2025-10-15 14:29:36,3.53,125600,3.53,D
sz000592,平潭发展,2025-10-15 14:29:42,3.53,24400,3.53,D
sz000592,平潭发展,2025-10-15 14:29:45,3.53,46400,3.53,D
sz000592,平潭发展,2025-10-15 14:29:57,3.53,20200,3.53,D
sz000592,平潭发展,2025-10-15 14:30:15,3.53,76300,3.53,D
sz000592,平潭发展,2025-10-15 14:30:18,3.53,116600,3.53,D
sz000592,平潭发展,2025-10-15 14:30:21,3.53,34200,3.53,D
sz000592,平潭发展,2025-10-15 14:30:24,3.53,73800,3.53,D
sz000592,平潭发展,2025-10-15 14:30:36,3.53,29500,3.54,D
sz000592,平潭发展,2025-10-15 14:30:45,3.53,41000,3.53,D
sz000592,平潭发展,2025-10-15 14:32:00,3.53,194000,3.54,D
sz000592,平潭发展,2025-10-15 14:32:24,3.53,111000,3.53,D
sz000592,平潭发展,2025-10-15 14:32:27,3.53,48200,3.53,D
sz000592,平潭发展,2025-10-15 14:32:39,3.53,200300,3.53,U
sz000592,平潭发展,2025-10-15 14:32:51,3.52,29500,3.52,D
sz000592,平潭发展,2025-10-15 14:34:18,3.52,45900,3.52,D
sz000592,平潭发展,2025-10-15 14:34:42,3.52,69300,3.52,D
sz000592,平潭发展,2025-10-15 14:34:48,3.52,110000,3.52,D
sz000592,平潭发展,2025-10-15 14:34:51,3.53,31800,3.52,U
sz000592,平潭发展,2025-10-15 14:35:00,3.53,26900,3.53,U
sz000592,平潭发展,2025-10-15 14:35:27,3.53,81300,3.53,U
sz000592,平潭发展,2025-10-15 14:35:33,3.52,30300,3.52,D
sz000592,平潭发展,2025-10-15 14:35:57,3.52,21700,3.52,D
sz000592,平潭发展,2025-10-15 14:36:15,3.52,502100,3.52,D
sz000592,平潭发展,2025-10-15 14:36:18,3.52,30200,3.52,D
sz000592,平潭发展,2025-10-15 14:36:24,3.52,879523,3.52,D
sz000592,平潭发展,2025-10-15 14:36:27,3.52,132700,3.52,D
sz000592,平潭发展,2025-10-15 14:36:30,3.52,124900,3.52,D
sz000592,平潭发展,2025-10-15 14:36:33,3.52,476000,3.52,D
sz000592,平潭发展,2025-10-15 14:36:39,3.52,482800,3.52,D
sz000592,平潭发展,2025-10-15 14:36:48,3.53,1000500,3.53,U
sz000592,平潭发展,2025-10-15 14:37:12,3.52,26000,3.52,D
sz000592,平潭发展,2025-10-15 14:37:15,3.52,23000,3.52,D
sz000592,平潭发展,2025-10-15 14:37:33,3.52,105600,3.52,D
sz000592,平潭发展,2025-10-15 14:37:51,3.52,21100,3.52,D
sz000592,平潭发展,2025-10-15 14:38:21,3.52,115000,3.52,D
sz000592,平潭发展,2025-10-15 14:38:24,3.52,45200,3.52,D
sz000592,平潭发展,2025-10-15 14:38:54,3.52,659000,3.52,D
sz000592,平潭发展,2025-10-15 14:39:54,3.52,50000,3.53,D
sz000592,平潭发展,2025-10-15 14:39:57,3.52,48300,3.52,D
sz000592,平潭发展,2025-10-15 14:40:06,3.53,27700,3.53,U
sz000592,平潭发展,2025-10-15 14:40:15,3.53,393200,3.53,U
sz000592,平潭发展,2025-10-15 14:40:57,3.54,50300,3.53,U
sz000592,平潭发展,2025-10-15 14:41:03,3.53,21200,3.54,D
sz000592,平潭发展,2025-10-15 14:41:09,3.54,20200,3.53,U
sz000592,平潭发展,2025-10-15 14:41:30,3.54,67100,3.54,U
sz000592,平潭发展,2025-10-15 14:42:03,3.54,40100,3.53,U
sz000592,平潭发展,2025-10-15 14:42:39,3.53,47600,3.53,D
sz000592,平潭发展,2025-10-15 14:43:15,3.54,31100,3.54,U
sz000592,平潭发展,2025-10-15 14:43:51,3.54,52400,3.53,U
sz000592,平潭发展,2025-10-15 14:44:24,3.53,62000,3.53,D
sz000592,平潭发展,2025-10-15 14:44:45,3.54,50200,3.54,U
sz000592,平潭发展,2025-10-15 14:45:18,3.54,20600,3.53,U
sz000592,平潭发展,2025-10-15 14:45:36,3.53,54500,3.53,D
sz000592,平潭发展,2025-10-15 14:45:45,3.54,117400,3.54,U
sz000592,平潭发展,2025-10-15 14:45:48,3.54,20300,3.54,U
sz000592,平潭发展,2025-10-15 14:45:51,3.54,52900,3.54,U
sz000592,平潭发展,2025-10-15 14:45:54,3.54,59900,3.54,U
sz000592,平潭发展,2025-10-15 14:46:03,3.54,387700,3.54,U
sz000592,平潭发展,2025-10-15 14:46:06,3.54,96400,3.54,U
sz000592,平潭发展,2025-10-15 14:46:18,3.54,94200,3.54,U
sz000592,平潭发展,2025-10-15 14:46:42,3.54,317300,3.54,U
sz000592,平潭发展,2025-10-15 14:46:45,3.54,71700,3.54,U
sz000592,平潭发展,2025-10-15 14:47:03,3.54,112200,3.53,U
sz000592,平潭发展,2025-10-15 14:47:18,3.54,232700,3.53,U
sz000592,平潭发展,2025-10-15 14:47:21,3.54,72000,3.54,U
sz000592,平潭发展,2025-10-15 14:47:24,3.54,49700,3.54,U
sz000592,平潭发展,2025-10-15 14:47:33,3.54,96600,3.54,U
sz000592,平潭发展,2025-10-15 14:47:36,3.54,483300,3.54,U
sz000592,平潭发展,2025-10-15 14:47:39,3.54,62700,3.54,U
sz000592,平潭发展,2025-10-15 14:47:45,3.54,113800,3.53,U
sz000592,平潭发展,2025-10-15 14:47:48,3.54,24400,3.54,U
sz000592,平潭发展,2025-10-15 14:47:54,3.53,45000,3.53,D
sz000592,平潭发展,2025-10-15 14:48:00,3.54,21200,3.54,U
sz000592,平潭发展,2025-10-15 14:48:03,3.53,89100,3.54,D
sz000592,平潭发展,2025-10-15 14:48:06,3.54,71383,3.53,U
sz000592,平潭发展,2025-10-15 14:48:09,3.54,23417,3.54,D
sz000592,平潭发展,2025-10-15 14:48:12,3.54,73183,3.54,U
sz000592,平潭发展,2025-10-15 14:48:24,3.54,37400,3.54,D
sz000592,平潭发展,2025-10-15 14:49:06,3.55,20400,3.55,U
sz000592,平潭发展,2025-10-15 14:49:21,3.54,24200,3.55,D
sz000592,平潭发展,2025-10-15 14:50:15,3.55,22500,3.54,U
sz000592,平潭发展,2025-10-15 14:50:21,3.54,43700,3.55,D
sz000592,平潭发展,2025-10-15 14:50:24,3.54,77500,3.54,D
sz000592,平潭发展,2025-10-15 14:50:27,3.54,60200,3.54,D
sz000592,平潭发展,2025-10-15 14:50:30,3.54,88600,3.54,D
sz000592,平潭发展,2025-10-15 14:50:33,3.54,412500,3.54,D
sz000592,平潭发展,2025-10-15 14:50:36,3.54,321600,3.54,D
sz000592,平潭发展,2025-10-15 14:51:06,3.53,51000,3.54,D
sz000592,平潭发展,2025-10-15 14:51:45,3.54,299200,3.53,U
sz000592,平潭发展,2025-10-15 14:52:09,3.54,98000,3.54,U
sz000592,平潭发展,2025-10-15 14:52:18,3.53,49400,3.53,D
sz000592,平潭发展,2025-10-15 14:52:21,3.53,101800,3.53,D
sz000592,平潭发展,2025-10-15 14:52:36,3.53,30200,3.54,D
sz000592,平潭发展,2025-10-15 14:52:54,3.53,29600,3.53,D
sz000592,平潭发展,2025-10-15 14:53:03,3.54,30300,3.54,U
sz000592,平潭发展,2025-10-15 14:53:06,3.54,160800,3.54,U
sz000592,平潭发展,2025-10-15 14:53:12,3.54,105700,3.54,U
sz000592,平潭发展,2025-10-15 14:53:15,3.53,69600,3.54,D
sz000592,平潭发展,2025-10-15 14:53:33,3.54,200300,3.54,U
sz000592,平潭发展,2025-10-15 14:53:48,3.53,178400,3.54,D
sz000592,平潭发展,2025-10-15 14:54:03,3.54,29200,3.54,U
sz000592,平潭发展,2025-10-15 14:54:06,3.54,43100,3.54,U
sz000592,平潭发展,2025-10-15 14:54:09,3.54,132000,3.54,U
sz000592,平潭发展,2025-10-15 14:54:12,3.54,287100,3.54,U
sz000592,平潭发展,2025-10-15 14:54:48,3.53,54900,3.54,D
sz000592,平潭发展,2025-10-15 14:54:51,3.54,29800,3.53,U
sz000592,平潭发展,2025-10-15 14:55:15,3.54,52100,3.54,U
sz000592,平潭发展,2025-10-15 14:55:39,3.53,36100,3.54,D
sz000592,平潭发展,2025-10-15 14:56:03,3.54,40000,3.53,U
sz000592,平潭发展,2025-10-15 14:56:06,3.54,348600,3.54,U
sz000592,平潭发展,2025-10-15 14:56:09,3.54,49600,3.54,U
sz000592,平潭发展,2025-10-15 14:56:12,3.53,33200,3.54,D
sz000592,平潭发展,2025-10-15 14:56:15,3.54,76400,3.53,U
sz000592,平潭发展,2025-10-15 14:56:27,3.53,70000,3.54,D
sz000592,平潭发展,2025-10-15 14:56:30,3.54,23800,3.53,U
sz000592,平潭发展,2025-10-15 14:56:33,3.53,109100,3.54,D
sz000592,平潭发展,2025-10-15 14:56:36,3.53,37400,3.53,D
sz000592,平潭发展,2025-10-15 14:56:39,3.53,35800,3.53,D
sz000592,平潭发展,2025-10-15 14:56:42,3.53,37500,3.53,D
sz000592,平潭发展,2025-10-15 14:56:48,3.53,49300,3.54,D
sz000592,平潭发展,2025-10-15 14:56:57,3.54,79600,3.54,U
sz000592,平潭发展,2025-10-15 15:00:00,3.53,1755100,3.54,E
