symbol,name,ticktime,price,volume,prev_price,kind
sh600985,淮北矿业,2025-09-29 09:25:00,12.31,163200,0.0,U
sh600985,淮北矿业,2025-09-29 09:30:04,12.31,78800,12.31,D
sh600985,淮北矿业,2025-09-29 09:30:07,12.31,50800,12.31,U
sh600985,淮北矿业,2025-09-29 09:30:13,12.32,33200,12.31,U
sh600985,淮北矿业,2025-09-29 09:30:16,12.3,85300,12.32,D
sh600985,淮北矿业,2025-09-29 09:30:19,12.3,30600,12.3,U
sh600985,淮北矿业,2025-09-29 09:30:22,12.3,66100,12.3,U
sh600985,淮北矿业,2025-09-29 09:30:25,12.28,78100,12.3,E
sh600985,淮北矿业,2025-09-29 09:30:31,12.25,45700,12.26,D
sh600985,淮北矿业,2025-09-29 09:30:34,12.24,83100,12.25,D
sh600985,淮北矿业,2025-09-29 09:30:37,12.23,56100,12.24,D
sh600985,淮北矿业,2025-09-29 09:30:40,12.22,23000,12.23,D
sh600985,淮北矿业,2025-09-29 09:30:43,12.21,35900,12.22,D
sh600985,淮北矿业,2025-09-29 09:30:46,12.2,48100,12.21,D
sh600985,淮北矿业,2025-09-29 09:30:49,12.18,46500,12.2,D
sh600985,淮北矿业,2025-09-29 09:30:52,12.18,44100,12.18,D
sh600985,淮北矿业,2025-09-29 09:30:58,12.17,51900,12.18,E
sh600985,淮北矿业,2025-09-29 09:31:01,12.14,38500,12.17,D
sh600985,淮北矿业,2025-09-29 09:31:04,12.17,35500,12.14,U
sh600985,淮北矿业,2025-09-29 09:31:07,12.16,39400,12.17,D
sh600985,淮北矿业,2025-09-29 09:31:13,12.15,27900,12.17,D
sh600985,淮北矿业,2025-09-29 09:31:16,12.17,37200,12.15,U
sh600985,淮北矿业,2025-09-29 09:31:19,12.17,85500,12.17,D
sh600985,淮北矿业,2025-09-29 09:31:25,12.18,22700,12.2,E
sh600985,淮北矿业,2025-09-29 09:31:49,12.16,45100,12.17,D
sh600985,淮北矿业,2025-09-29 09:31:52,12.17,65000,12.16,E
sh600985,淮北矿业,2025-09-29 09:31:55,12.16,68700,12.17,D
sh600985,淮北矿业,2025-09-29 09:31:58,12.16,200600,12.16,D
sh600985,淮北矿业,2025-09-29 09:32:01,12.14,139500,12.16,D
sh600985,淮北矿业,2025-09-29 09:32:04,12.11,111500,12.14,D
sh600985,淮北矿业,2025-09-29 09:32:07,12.14,72500,12.11,U
sh600985,淮北矿业,2025-09-29 09:32:10,12.14,56200,12.14,U
sh600985,淮北矿业,2025-09-29 09:32:13,12.12,23000,12.14,D
sh600985,淮北矿业,2025-09-29 09:32:28,12.15,17300,12.15,U
sh600985,淮北矿业,2025-09-29 09:32:34,12.15,37700,12.15,D
sh600985,淮北矿业,2025-09-29 09:32:40,12.15,43200,12.15,U
sh600985,淮北矿业,2025-09-29 09:32:52,12.16,71800,12.15,E
sh600985,淮北矿业,2025-09-29 09:33:04,12.15,18500,12.15,D
sh600985,淮北矿业,2025-09-29 09:33:10,12.16,18900,12.16,D
sh600985,淮北矿业,2025-09-29 09:33:22,12.15,45000,12.16,D
sh600985,淮北矿业,2025-09-29 09:33:25,12.16,49600,12.15,D
sh600985,淮北矿业,2025-09-29 09:33:40,12.16,42200,12.16,U
sh600985,淮北矿业,2025-09-29 09:33:55,12.16,19200,12.17,D
sh600985,淮北矿业,2025-09-29 09:34:01,12.15,20500,12.16,D
sh600985,淮北矿业,2025-09-29 09:34:37,12.18,56400,12.19,D
sh600985,淮北矿业,2025-09-29 09:34:49,12.18,23900,12.18,U
sh600985,淮北矿业,2025-09-29 09:35:13,12.17,22500,12.17,E
sh600985,淮北矿业,2025-09-29 09:35:19,12.16,30900,12.16,D
sh600985,淮北矿业,2025-09-29 09:35:28,12.14,51300,12.16,D
sh600985,淮北矿业,2025-09-29 09:35:34,12.14,22700,12.15,D
sh600985,淮北矿业,2025-09-29 09:35:37,12.14,25600,12.14,D
sh600985,淮北矿业,2025-09-29 09:35:52,12.14,18100,12.14,U
sh600985,淮北矿业,2025-09-29 09:35:58,12.14,21200,12.14,U
sh600985,淮北矿业,2025-09-29 09:36:04,12.14,50400,12.13,U
sh600985,淮北矿业,2025-09-29 09:36:22,12.13,119300,12.14,D
sh600985,淮北矿业,2025-09-29 09:36:25,12.14,38900,12.13,U
sh600985,淮北矿业,2025-09-29 09:36:52,12.14,17800,12.13,U
sh600985,淮北矿业,2025-09-29 09:37:04,12.12,60600,12.13,D
sh600985,淮北矿业,2025-09-29 09:37:07,12.12,167500,12.12,D
sh600985,淮北矿业,2025-09-29 09:37:10,12.12,29200,12.12,U
sh600985,淮北矿业,2025-09-29 09:37:28,12.13,27800,12.12,U
sh600985,淮北矿业,2025-09-29 09:38:22,12.15,43300,12.15,U
sh600985,淮北矿业,2025-09-29 09:39:01,12.14,57900,12.15,D
sh600985,淮北矿业,2025-09-29 09:40:01,12.14,19200,12.14,D
sh600985,淮北矿业,2025-09-29 09:41:28,12.18,16900,12.17,U
sh600985,淮北矿业,2025-09-29 09:42:13,12.17,22000,12.18,D
sh600985,淮北矿业,2025-09-29 09:42:25,12.18,36600,12.18,D
sh600985,淮北矿业,2025-09-29 09:43:10,12.18,33700,12.18,U
sh600985,淮北矿业,2025-09-29 09:44:10,12.2,26300,12.21,E
sh600985,淮北矿业,2025-09-29 09:45:04,12.2,18900,12.2,U
sh600985,淮北矿业,2025-09-29 09:45:37,12.19,34000,12.2,D
sh600985,淮北矿业,2025-09-29 09:45:52,12.21,28000,12.19,U
sh600985,淮北矿业,2025-09-29 09:46:40,12.2,20800,12.2,D
sh600985,淮北矿业,2025-09-29 09:47:28,12.21,19900,12.21,U
sh600985,淮北矿业,2025-09-29 09:48:07,12.19,51700,12.21,D
sh600985,淮北矿业,2025-09-29 09:50:01,12.22,18400,12.22,U
sh600985,淮北矿业,2025-09-29 09:51:04,12.22,26900,12.23,D
sh600985,淮北矿业,2025-09-29 09:52:19,12.18,17700,12.19,D
sh600985,淮北矿业,2025-09-29 09:52:22,12.18,17600,12.18,D
sh600985,淮北矿业,2025-09-29 09:53:13,12.17,89700,12.18,D
sh600985,淮北矿业,2025-09-29 09:53:16,12.16,17800,12.17,D
sh600985,淮北矿业,2025-09-29 09:53:19,12.16,37000,12.16,D
sh600985,淮北矿业,2025-09-29 09:53:34,12.15,56300,12.16,D
sh600985,淮北矿业,2025-09-29 09:54:16,12.14,22400,12.14,D
sh600985,淮北矿业,2025-09-29 09:55:04,12.16,65100,12.16,U
sh600985,淮北矿业,2025-09-29 09:55:34,12.14,77100,12.16,D
sh600985,淮北矿业,2025-09-29 09:55:46,12.15,29700,12.14,U
sh600985,淮北矿业,2025-09-29 09:56:04,12.14,71400,12.15,D
sh600985,淮北矿业,2025-09-29 09:57:13,12.14,145200,12.14,D
sh600985,淮北矿业,2025-09-29 09:57:34,12.13,77500,12.14,D
sh600985,淮北矿业,2025-09-29 09:58:07,12.13,31800,12.13,D
sh600985,淮北矿业,2025-09-29 09:58:19,12.13,22200,12.13,U
sh600985,淮北矿业,2025-09-29 09:58:31,12.14,44600,12.13,U
sh600985,淮北矿业,2025-09-29 09:59:31,12.14,38100,12.14,D
sh600985,淮北矿业,2025-09-29 09:59:52,12.14,18100,12.14,U
sh600985,淮北矿业,2025-09-29 10:00:25,12.14,26400,12.14,D
sh600985,淮北矿业,2025-09-29 10:00:28,12.14,18000,12.14,U
sh600985,淮北矿业,2025-09-29 10:00:43,12.13,28800,12.13,D
sh600985,淮北矿业,2025-09-29 10:00:49,12.13,62500,12.13,D
sh600985,淮北矿业,2025-09-29 10:00:52,12.12,21100,12.13,D
sh600985,淮北矿业,2025-09-29 10:01:01,12.12,31200,12.13,D
sh600985,淮北矿业,2025-09-29 10:01:04,12.12,30400,12.12,D
sh600985,淮北矿业,2025-09-29 10:01:10,12.12,17500,12.12,D
sh600985,淮北矿业,2025-09-29 10:01:19,12.13,31800,12.13,U
sh600985,淮北矿业,2025-09-29 10:02:31,12.13,20000,12.12,U
sh600985,淮北矿业,2025-09-29 10:02:34,12.12,45700,12.13,D
sh600985,淮北矿业,2025-09-29 10:03:22,12.12,21100,12.12,D
sh600985,淮北矿业,2025-09-29 10:04:01,12.13,53500,12.13,U
sh600985,淮北矿业,2025-09-29 10:05:04,12.13,23600,12.13,U
sh600985,淮北矿业,2025-09-29 10:05:52,12.13,125500,12.14,D
sh600985,淮北矿业,2025-09-29 10:07:16,12.14,51800,12.14,U
sh600985,淮北矿业,2025-09-29 10:08:25,12.14,18700,12.14,D
sh600985,淮北矿业,2025-09-29 10:11:01,12.14,27300,12.15,D
sh600985,淮北矿业,2025-09-29 10:12:01,12.14,49000,12.15,D
sh600985,淮北矿业,2025-09-29 10:12:04,12.14,93000,12.14,D
sh600985,淮北矿业,2025-09-29 10:12:22,12.14,25300,12.13,U
sh600985,淮北矿业,2025-09-29 10:13:25,12.14,18700,12.15,D
sh600985,淮北矿业,2025-09-29 10:13:55,12.15,21900,12.15,U
sh600985,淮北矿业,2025-09-29 10:15:01,12.15,30000,12.15,D
sh600985,淮北矿业,2025-09-29 10:15:04,12.15,41200,12.15,D
sh600985,淮北矿业,2025-09-29 10:15:13,12.16,47100,12.15,U
sh600985,淮北矿业,2025-09-29 10:19:16,12.17,21100,12.17,U
sh600985,淮北矿业,2025-09-29 10:22:46,12.19,19600,12.19,U
sh600985,淮北矿业,2025-09-29 10:23:01,12.18,18100,12.19,D
sh600985,淮北矿业,2025-09-29 10:23:07,12.17,26000,12.18,D
sh600985,淮北矿业,2025-09-29 10:23:52,12.18,25400,12.18,U
sh600985,淮北矿业,2025-09-29 10:24:55,12.18,18600,12.18,U
sh600985,淮北矿业,2025-09-29 10:24:58,12.17,21400,12.18,D
sh600985,淮北矿业,2025-09-29 10:25:34,12.17,34200,12.17,D
sh600985,淮北矿业,2025-09-29 10:26:04,12.16,38600,12.17,D
sh600985,淮北矿业,2025-09-29 10:29:58,12.17,41200,12.18,D
sh600985,淮北矿业,2025-09-29 10:31:43,12.17,21000,12.18,D
sh600985,淮北矿业,2025-09-29 10:33:01,12.16,24600,12.17,D
sh600985,淮北矿业,2025-09-29 10:38:07,12.16,65600,12.17,D
sh600985,淮北矿业,2025-09-29 10:39:19,12.18,81300,12.16,U
sh600985,淮北矿业,2025-09-29 10:41:01,12.18,20000,12.17,U
sh600985,淮北矿业,2025-09-29 10:42:01,12.18,113500,12.19,D
sh600985,淮北矿业,2025-09-29 10:43:07,12.18,23800,12.17,U
sh600985,淮北矿业,2025-09-29 10:45:13,12.17,16600,12.17,D
sh600985,淮北矿业,2025-09-29 10:46:04,12.16,41600,12.17,D
sh600985,淮北矿业,2025-09-29 10:46:46,12.16,23400,12.16,U
sh600985,淮北矿业,2025-09-29 10:50:19,12.16,72600,12.16,D
sh600985,淮北矿业,2025-09-29 10:50:55,12.15,16900,12.16,D
sh600985,淮北矿业,2025-09-29 10:51:16,12.15,19900,12.15,D
sh600985,淮北矿业,2025-09-29 10:52:46,12.15,139300,12.16,D
sh600985,淮北矿业,2025-09-29 10:53:16,12.13,93900,12.14,D
sh600985,淮北矿业,2025-09-29 10:53:25,12.13,19100,12.14,D
sh600985,淮北矿业,2025-09-29 10:53:37,12.13,18400,12.13,D
sh600985,淮北矿业,2025-09-29 10:53:55,12.13,16900,12.13,D
sh600985,淮北矿业,2025-09-29 10:54:31,12.14,34700,12.13,U
sh600985,淮北矿业,2025-09-29 10:54:34,12.14,23200,12.14,D
sh600985,淮北矿业,2025-09-29 10:55:10,12.14,21100,12.14,D
sh600985,淮北矿业,2025-09-29 10:55:25,12.13,43100,12.14,D
sh600985,淮北矿业,2025-09-29 10:55:49,12.14,25200,12.13,U
sh600985,淮北矿业,2025-09-29 10:56:13,12.13,20000,12.13,D
sh600985,淮北矿业,2025-09-29 10:58:49,12.14,39900,12.13,U
sh600985,淮北矿业,2025-09-29 10:59:19,12.13,74900,12.15,D
sh600985,淮北矿业,2025-09-29 10:59:37,12.13,100800,12.14,D
sh600985,淮北矿业,2025-09-29 10:59:40,12.13,16900,12.13,U
sh600985,淮北矿业,2025-09-29 10:59:52,12.12,20400,12.13,D
sh600985,淮北矿业,2025-09-29 11:00:25,12.13,36600,12.12,U
sh600985,淮北矿业,2025-09-29 11:00:40,12.13,37000,12.13,D
sh600985,淮北矿业,2025-09-29 11:00:49,12.13,44600,12.13,D
sh600985,淮北矿业,2025-09-29 11:01:13,12.14,38600,12.12,U
sh600985,淮北矿业,2025-09-29 11:02:28,12.14,31500,12.14,U
sh600985,淮北矿业,2025-09-29 11:02:55,12.14,86700,12.14,D
sh600985,淮北矿业,2025-09-29 11:03:28,12.13,26800,12.13,D
sh600985,淮北矿业,2025-09-29 11:03:31,12.13,46600,12.13,U
sh600985,淮北矿业,2025-09-29 11:04:52,12.14,31700,12.13,U
sh600985,淮北矿业,2025-09-29 11:05:13,12.15,23900,12.15,U
sh600985,淮北矿业,2025-09-29 11:07:04,12.15,22400,12.16,D
sh600985,淮北矿业,2025-09-29 11:13:31,12.14,22700,12.14,D
sh600985,淮北矿业,2025-09-29 11:13:34,12.14,29200,12.14,U
sh600985,淮北矿业,2025-09-29 11:14:40,12.14,24600,12.14,U
sh600985,淮北矿业,2025-09-29 11:17:10,12.15,26600,12.15,U
sh600985,淮北矿业,2025-09-29 11:24:22,12.14,18600,12.14,U
sh600985,淮北矿业,2025-09-29 11:24:43,12.13,40700,12.13,D
sh600985,淮北矿业,2025-09-29 11:25:16,12.12,22600,12.13,D
sh600985,淮北矿业,2025-09-29 11:26:46,12.12,17600,12.13,D
sh600985,淮北矿业,2025-09-29 11:28:58,12.14,22500,12.13,U
sh600985,淮北矿业,2025-09-29 11:29:40,12.13,22300,12.13,D
sh600985,淮北矿业,2025-09-29 13:01:04,12.13,26700,12.14,D
sh600985,淮北矿业,2025-09-29 13:07:52,12.13,69500,12.13,D
sh600985,淮北矿业,2025-09-29 13:08:49,12.13,31900,12.13,U
sh600985,淮北矿业,2025-09-29 13:08:58,12.12,26300,12.12,D
sh600985,淮北矿业,2025-09-29 13:09:49,12.12,17700,12.12,D
sh600985,淮北矿业,2025-09-29 13:10:01,12.12,61600,12.13,D
sh600985,淮北矿业,2025-09-29 13:10:49,12.12,26700,12.12,D
sh600985,淮北矿业,2025-09-29 13:11:01,12.12,45400,12.13,D
sh600985,淮北矿业,2025-09-29 13:11:04,12.12,16600,12.12,D
sh600985,淮北矿业,2025-09-29 13:11:10,12.12,24100,12.12,D
sh600985,淮北矿业,2025-09-29 13:11:46,12.12,35500,12.12,D
sh600985,淮北矿业,2025-09-29 13:12:49,12.12,17000,12.12,U
sh600985,淮北矿业,2025-09-29 13:13:01,12.11,55900,12.12,D
sh600985,淮北矿业,2025-09-29 13:13:55,12.12,20000,12.13,D
sh600985,淮北矿业,2025-09-29 13:15:46,12.13,29100,12.12,U
sh600985,淮北矿业,2025-09-29 13:18:01,12.14,17900,12.13,U
sh600985,淮北矿业,2025-09-29 13:21:16,12.14,18000,12.14,U
sh600985,淮北矿业,2025-09-29 13:27:46,12.12,19400,12.12,D
sh600985,淮北矿业,2025-09-29 13:27:55,12.12,26700,12.12,D
sh600985,淮北矿业,2025-09-29 13:29:58,12.12,108400,12.12,D
sh600985,淮北矿业,2025-09-29 13:30:04,12.11,52100,12.12,D
sh600985,淮北矿业,2025-09-29 13:30:10,12.12,109600,12.12,U
sh600985,淮北矿业,2025-09-29 13:30:13,12.11,43300,12.12,D
sh600985,淮北矿业,2025-09-29 13:30:16,12.11,37600,12.11,D
sh600985,淮北矿业,2025-09-29 13:31:01,12.12,87600,12.13,D
sh600985,淮北矿业,2025-09-29 13:32:55,12.11,53700,12.12,D
sh600985,淮北矿业,2025-09-29 13:33:10,12.1,37200,12.12,D
sh600985,淮北矿业,2025-09-29 13:33:13,12.11,54900,12.1,D
sh600985,淮北矿业,2025-09-29 13:33:19,12.1,16700,12.1,D
sh600985,淮北矿业,2025-09-29 13:36:04,12.11,16800,12.12,D
sh600985,淮北矿业,2025-09-29 13:37:16,12.11,198600,12.12,D
sh600985,淮北矿业,2025-09-29 13:37:22,12.11,56800,12.11,U
sh600985,淮北矿业,2025-09-29 13:37:25,12.1,173200,12.11,D
sh600985,淮北矿业,2025-09-29 13:37:28,12.11,59100,12.1,E
sh600985,淮北矿业,2025-09-29 13:38:58,12.1,128900,12.1,U
sh600985,淮北矿业,2025-09-29 13:39:01,12.1,94700,12.1,U
sh600985,淮北矿业,2025-09-29 13:39:49,12.1,25300,12.1,U
sh600985,淮北矿业,2025-09-29 13:39:58,12.09,171500,12.1,D
sh600985,淮北矿业,2025-09-29 13:41:28,12.11,26000,12.11,D
sh600985,淮北矿业,2025-09-29 13:42:10,12.12,17600,12.11,U
sh600985,淮北矿业,2025-09-29 13:43:01,12.12,30100,12.13,D
sh600985,淮北矿业,2025-09-29 13:43:10,12.11,59300,12.12,D
sh600985,淮北矿业,2025-09-29 13:46:13,12.11,110700,12.13,D
sh600985,淮北矿业,2025-09-29 13:49:16,12.12,45700,12.13,D
sh600985,淮北矿业,2025-09-29 13:50:04,12.15,32900,12.14,U
sh600985,淮北矿业,2025-09-29 13:51:49,12.17,36700,12.16,U
sh600985,淮北矿业,2025-09-29 13:51:52,12.15,37900,12.17,D
sh600985,淮北矿业,2025-09-29 13:52:13,12.17,37400,12.17,U
sh600985,淮北矿业,2025-09-29 13:52:19,12.16,68200,12.17,D
sh600985,淮北矿业,2025-09-29 13:52:25,12.17,28500,12.16,U
sh600985,淮北矿业,2025-09-29 13:54:04,12.2,42300,12.19,U
sh600985,淮北矿业,2025-09-29 13:54:40,12.19,47200,12.19,U
sh600985,淮北矿业,2025-09-29 13:55:28,12.17,32000,12.18,D
sh600985,淮北矿业,2025-09-29 13:55:34,12.19,36300,12.19,U
sh600985,淮北矿业,2025-09-29 13:57:25,12.19,26000,12.19,U
sh600985,淮北矿业,2025-09-29 13:57:46,12.19,20700,12.19,U
sh600985,淮北矿业,2025-09-29 13:57:58,12.18,62600,12.19,D
sh600985,淮北矿业,2025-09-29 13:58:31,12.19,63300,12.19,U
sh600985,淮北矿业,2025-09-29 13:59:22,12.18,23800,12.18,U
sh600985,淮北矿业,2025-09-29 13:59:49,12.19,57500,12.19,U
sh600985,淮北矿业,2025-09-29 14:00:04,12.19,27000,12.19,U
sh600985,淮北矿业,2025-09-29 14:00:49,12.18,25600,12.19,D
sh600985,淮北矿业,2025-09-29 14:01:04,12.18,32900,12.18,D
sh600985,淮北矿业,2025-09-29 14:01:10,12.18,35800,12.18,U
sh600985,淮北矿业,2025-09-29 14:01:43,12.15,32600,12.17,D
sh600985,淮北矿业,2025-09-29 14:04:16,12.17,22900,12.19,D
sh600985,淮北矿业,2025-09-29 14:04:43,12.18,41500,12.19,D
sh600985,淮北矿业,2025-09-29 14:06:10,12.18,33200,12.19,D
sh600985,淮北矿业,2025-09-29 14:07:46,12.16,54700,12.17,D
sh600985,淮北矿业,2025-09-29 14:10:34,12.16,19700,12.15,U
sh600985,淮北矿业,2025-09-29 14:10:43,12.15,47200,12.16,D
sh600985,淮北矿业,2025-09-29 14:13:52,12.14,18200,12.14,D
sh600985,淮北矿业,2025-09-29 14:16:01,12.13,26700,12.14,D
sh600985,淮北矿业,2025-09-29 14:16:22,12.14,23100,12.14,U
sh600985,淮北矿业,2025-09-29 14:17:19,12.14,28200,12.13,U
sh600985,淮北矿业,2025-09-29 14:20:01,12.14,29400,12.14,D
sh600985,淮北矿业,2025-09-29 14:21:16,12.14,30500,12.13,U
sh600985,淮北矿业,2025-09-29 14:22:19,12.14,30000,12.15,D
sh600985,淮北矿业,2025-09-29 14:25:04,12.15,18500,12.14,U
sh600985,淮北矿业,2025-09-29 14:26:31,12.16,24600,12.16,U
sh600985,淮北矿业,2025-09-29 14:28:01,12.16,60700,12.17,D
sh600985,淮北矿业,2025-09-29 14:30:16,12.17,59200,12.17,U
sh600985,淮北矿业,2025-09-29 14:31:16,12.16,65400,12.17,D
sh600985,淮北矿业,2025-09-29 14:34:01,12.17,21500,12.17,U
sh600985,淮北矿业,2025-09-29 14:39:01,12.17,16800,12.18,D
sh600985,淮北矿业,2025-09-29 14:41:19,12.16,38300,12.17,D
sh600985,淮北矿业,2025-09-29 14:43:13,12.16,28700,12.16,D
sh600985,淮北矿业,2025-09-29 14:46:40,12.17,18100,12.16,U
sh600985,淮北矿业,2025-09-29 14:48:01,12.16,19500,12.17,D
sh600985,淮北矿业,2025-09-29 14:49:01,12.17,20200,12.18,D
sh600985,淮北矿业,2025-09-29 14:49:19,12.17,19500,12.18,D
sh600985,淮北矿业,2025-09-29 14:50:04,12.16,20600,12.17,D
sh600985,淮北矿业,2025-09-29 14:50:43,12.16,30700,12.17,D
sh600985,淮北矿业,2025-09-29 14:51:01,12.16,38600,12.17,D
sh600985,淮北矿业,2025-09-29 14:52:01,12.17,20200,12.17,D
sh600985,淮北矿业,2025-09-29 14:52:04,12.17,29000,12.17,D
sh600985,淮北矿业,2025-09-29 14:52:16,12.17,22800,12.16,U
sh600985,淮北矿业,2025-09-29 14:52:31,12.16,21600,12.17,D
sh600985,淮北矿业,2025-09-29 14:53:01,12.18,29100,12.18,U
sh600985,淮北矿业,2025-09-29 14:54:01,12.16,26200,12.17,D
sh600985,淮北矿业,2025-09-29 14:55:07,12.18,18800,12.17,U
sh600985,淮北矿业,2025-09-29 14:55:58,12.18,22900,12.18,U
sh600985,淮北矿业,2025-09-29 14:56:22,12.17,47000,12.18,D
sh600985,淮北矿业,2025-09-29 15:00:00,12.2,310800,12.19,U
