symbol,name,ticktime,price,volume,prev_price,kind
sh600985,淮北矿业,2025-09-23 09:25:02,12.5,46500,0.0,U
sh600985,淮北矿业,2025-09-23 09:30:30,12.49,32100,12.5,D
sh600985,淮北矿业,2025-09-23 09:30:33,12.49,16600,12.49,D
sh600985,淮北矿业,2025-09-23 09:30:36,12.5,41100,12.49,U
sh600985,淮北矿业,2025-09-23 09:30:39,12.5,52900,12.5,U
sh600985,淮北矿业,2025-09-23 09:30:48,12.5,17300,12.53,D
sh600985,淮北矿业,2025-09-23 09:30:51,12.5,27200,12.5,D
sh600985,淮北矿业,2025-09-23 09:31:00,12.51,32300,12.51,U
sh600985,淮北矿业,2025-09-23 09:31:15,12.49,33900,12.51,D
sh600985,淮北矿业,2025-09-23 09:31:27,12.49,34300,12.48,U
sh600985,淮北矿业,2025-09-23 09:31:57,12.46,84100,12.49,D
sh600985,淮北矿业,2025-09-23 09:32:00,12.45,46500,12.46,D
sh600985,淮北矿业,2025-09-23 09:32:06,12.46,19500,12.46,D
sh600985,淮北矿业,2025-09-23 09:32:24,12.46,25900,12.45,U
sh600985,淮北矿业,2025-09-23 09:33:03,12.46,17600,12.46,U
sh600985,淮北矿业,2025-09-23 09:33:18,12.47,41000,12.48,D
sh600985,淮北矿业,2025-09-23 09:33:30,12.44,40600,12.47,D
sh600985,淮北矿业,2025-09-23 09:33:36,12.46,45800,12.45,U
sh600985,淮北矿业,2025-09-23 09:34:27,12.46,16500,12.47,D
sh600985,淮北矿业,2025-09-23 09:34:30,12.46,17800,12.46,U
sh600985,淮北矿业,2025-09-23 09:35:00,12.45,21300,12.46,D
sh600985,淮北矿业,2025-09-23 09:35:12,12.45,20800,12.45,E
sh600985,淮北矿业,2025-09-23 09:35:18,12.46,60800,12.47,D
sh600985,淮北矿业,2025-09-23 09:35:24,12.46,16700,12.46,U
sh600985,淮北矿业,2025-09-23 09:35:45,12.47,26100,12.47,U
sh600985,淮北矿业,2025-09-23 09:36:15,12.51,74600,12.49,U
sh600985,淮北矿业,2025-09-23 09:36:42,12.49,22300,12.5,D
sh600985,淮北矿业,2025-09-23 09:37:00,12.49,62400,12.51,D
sh600985,淮北矿业,2025-09-23 09:37:03,12.5,33700,12.49,U
sh600985,淮北矿业,2025-09-23 09:37:12,12.48,23200,12.49,D
sh600985,淮北矿业,2025-09-23 09:38:18,12.45,53800,12.46,D
sh600985,淮北矿业,2025-09-23 09:38:42,12.44,19800,12.45,D
sh600985,淮北矿业,2025-09-23 09:38:54,12.43,27100,12.43,D
sh600985,淮北矿业,2025-09-23 09:39:18,12.46,22900,12.43,U
sh600985,淮北矿业,2025-09-23 09:39:51,12.49,72700,12.48,U
sh600985,淮北矿业,2025-09-23 09:40:24,12.48,23000,12.48,D
sh600985,淮北矿业,2025-09-23 09:41:27,12.5,18200,12.49,U
sh600985,淮北矿业,2025-09-23 09:42:36,12.5,46700,12.5,U
sh600985,淮北矿业,2025-09-23 09:42:39,12.52,37300,12.5,U
sh600985,淮北矿业,2025-09-23 09:43:00,12.53,19400,12.52,U
sh600985,淮北矿业,2025-09-23 09:43:09,12.53,71700,12.53,U
sh600985,淮北矿业,2025-09-23 09:43:24,12.53,16000,12.53,D
sh600985,淮北矿业,2025-09-23 09:43:30,12.52,18700,12.53,D
sh600985,淮北矿业,2025-09-23 09:43:51,12.55,54200,12.53,U
sh600985,淮北矿业,2025-09-23 09:43:57,12.56,69200,12.54,U
sh600985,淮北矿业,2025-09-23 09:44:21,12.57,39300,12.57,U
sh600985,淮北矿业,2025-09-23 09:45:03,12.55,20400,12.55,D
sh600985,淮北矿业,2025-09-23 09:45:21,12.55,22800,12.56,U
sh600985,淮北矿业,2025-09-23 09:46:24,12.58,50300,12.56,U
sh600985,淮北矿业,2025-09-23 09:46:36,12.58,17100,12.59,U
sh600985,淮北矿业,2025-09-23 09:46:48,12.58,47700,12.58,U
sh600985,淮北矿业,2025-09-23 09:46:51,12.58,36100,12.58,U
sh600985,淮北矿业,2025-09-23 09:46:57,12.59,18400,12.58,U
sh600985,淮北矿业,2025-09-23 09:47:18,12.6,35900,12.59,U
sh600985,淮北矿业,2025-09-23 09:47:21,12.61,187100,12.6,U
sh600985,淮北矿业,2025-09-23 09:47:24,12.61,15900,12.61,U
sh600985,淮北矿业,2025-09-23 09:47:27,12.62,46600,12.61,U
sh600985,淮北矿业,2025-09-23 09:48:00,12.59,104800,12.61,D
sh600985,淮北矿业,2025-09-23 09:48:12,12.58,22800,12.59,D
sh600985,淮北矿业,2025-09-23 09:48:33,12.59,20700,12.57,U
sh600985,淮北矿业,2025-09-23 09:48:54,12.58,16300,12.58,D
sh600985,淮北矿业,2025-09-23 09:49:27,12.57,66900,12.59,D
sh600985,淮北矿业,2025-09-23 09:49:30,12.58,28900,12.57,U
sh600985,淮北矿业,2025-09-23 09:50:27,12.59,29900,12.58,U
sh600985,淮北矿业,2025-09-23 09:51:12,12.57,19900,12.57,D
sh600985,淮北矿业,2025-09-23 09:52:12,12.58,38600,12.59,D
sh600985,淮北矿业,2025-09-23 09:52:15,12.58,30200,12.58,U
sh600985,淮北矿业,2025-09-23 09:52:42,12.57,18500,12.57,U
sh600985,淮北矿业,2025-09-23 09:54:00,12.59,17000,12.58,U
sh600985,淮北矿业,2025-09-23 09:54:03,12.58,44900,12.59,D
sh600985,淮北矿业,2025-09-23 09:54:48,12.6,20000,12.6,U
sh600985,淮北矿业,2025-09-23 09:54:51,12.6,51200,12.6,U
sh600985,淮北矿业,2025-09-23 09:55:03,12.6,16900,12.6,U
sh600985,淮北矿业,2025-09-23 09:55:18,12.6,16600,12.6,D
sh600985,淮北矿业,2025-09-23 09:55:27,12.59,16900,12.59,D
sh600985,淮北矿业,2025-09-23 09:55:30,12.6,35500,12.59,U
sh600985,淮北矿业,2025-09-23 09:56:03,12.61,18700,12.61,U
sh600985,淮北矿业,2025-09-23 09:56:39,12.61,21300,12.61,U
sh600985,淮北矿业,2025-09-23 09:56:48,12.6,26800,12.6,D
sh600985,淮北矿业,2025-09-23 09:57:27,12.6,19300,12.6,D
sh600985,淮北矿业,2025-09-23 09:58:21,12.6,19800,12.59,U
sh600985,淮北矿业,2025-09-23 09:58:54,12.6,42700,12.6,U
sh600985,淮北矿业,2025-09-23 09:59:45,12.59,26100,12.6,D
sh600985,淮北矿业,2025-09-23 09:59:57,12.57,44200,12.58,D
sh600985,淮北矿业,2025-09-23 10:00:03,12.58,16000,12.57,U
sh600985,淮北矿业,2025-09-23 10:00:21,12.57,55100,12.58,D
sh600985,淮北矿业,2025-09-23 10:00:51,12.59,43400,12.57,U
sh600985,淮北矿业,2025-09-23 10:01:27,12.56,21400,12.57,D
sh600985,淮北矿业,2025-09-23 10:01:48,12.57,31700,12.56,U
sh600985,淮北矿业,2025-09-23 10:03:09,12.58,25300,12.56,U
sh600985,淮北矿业,2025-09-23 10:03:24,12.58,26700,12.58,U
sh600985,淮北矿业,2025-09-23 10:03:36,12.59,26200,12.59,U
sh600985,淮北矿业,2025-09-23 10:03:48,12.6,18100,12.6,U
sh600985,淮北矿业,2025-09-23 10:03:57,12.6,19700,12.6,U
sh600985,淮北矿业,2025-09-23 10:04:03,12.61,26700,12.61,U
sh600985,淮北矿业,2025-09-23 10:04:06,12.61,70700,12.61,U
sh600985,淮北矿业,2025-09-23 10:04:15,12.61,62500,12.61,D
sh600985,淮北矿业,2025-09-23 10:04:24,12.62,38700,12.61,U
sh600985,淮北矿业,2025-09-23 10:04:30,12.63,113500,12.62,U
sh600985,淮北矿业,2025-09-23 10:04:33,12.63,18400,12.63,U
sh600985,淮北矿业,2025-09-23 10:04:51,12.64,25100,12.63,U
sh600985,淮北矿业,2025-09-23 10:04:54,12.63,21000,12.64,D
sh600985,淮北矿业,2025-09-23 10:05:00,12.63,175000,12.64,D
sh600985,淮北矿业,2025-09-23 10:05:12,12.61,21300,12.63,D
sh600985,淮北矿业,2025-09-23 10:05:15,12.62,83200,12.61,E
sh600985,淮北矿业,2025-09-23 10:05:27,12.63,32500,12.63,D
sh600985,淮北矿业,2025-09-23 10:05:33,12.63,24600,12.63,U
sh600985,淮北矿业,2025-09-23 10:06:03,12.64,23500,12.63,U
sh600985,淮北矿业,2025-09-23 10:06:39,12.65,25200,12.64,U
sh600985,淮北矿业,2025-09-23 10:06:45,12.65,30800,12.64,U
sh600985,淮北矿业,2025-09-23 10:06:54,12.64,78900,12.65,D
sh600985,淮北矿业,2025-09-23 10:07:00,12.64,44500,12.64,D
sh600985,淮北矿业,2025-09-23 10:07:06,12.62,77000,12.63,D
sh600985,淮北矿业,2025-09-23 10:07:09,12.64,19700,12.62,U
sh600985,淮北矿业,2025-09-23 10:08:18,12.62,21200,12.63,D
sh600985,淮北矿业,2025-09-23 10:08:21,12.61,27400,12.62,D
sh600985,淮北矿业,2025-09-23 10:08:30,12.61,22100,12.61,D
sh600985,淮北矿业,2025-09-23 10:09:30,12.59,57800,12.59,D
sh600985,淮北矿业,2025-09-23 10:10:03,12.59,53300,12.6,E
sh600985,淮北矿业,2025-09-23 10:10:06,12.59,16000,12.59,U
sh600985,淮北矿业,2025-09-23 10:11:00,12.58,24600,12.59,D
sh600985,淮北矿业,2025-09-23 10:12:03,12.57,83200,12.58,D
sh600985,淮北矿业,2025-09-23 10:12:06,12.57,30100,12.57,D
sh600985,淮北矿业,2025-09-23 10:12:21,12.56,88000,12.57,D
sh600985,淮北矿业,2025-09-23 10:12:24,12.55,17800,12.56,D
sh600985,淮北矿业,2025-09-23 10:12:36,12.55,20600,12.55,D
sh600985,淮北矿业,2025-09-23 10:12:51,12.54,17400,12.54,D
sh600985,淮北矿业,2025-09-23 10:13:54,12.53,32600,12.52,U
sh600985,淮北矿业,2025-09-23 10:13:57,12.53,58200,12.53,D
sh600985,淮北矿业,2025-09-23 10:14:36,12.55,46400,12.55,U
sh600985,淮北矿业,2025-09-23 10:16:09,12.56,18800,12.56,U
sh600985,淮北矿业,2025-09-23 10:16:51,12.55,23500,12.56,D
sh600985,淮北矿业,2025-09-23 10:17:12,12.53,50700,12.54,D
sh600985,淮北矿业,2025-09-23 10:17:30,12.52,24300,12.53,D
sh600985,淮北矿业,2025-09-23 10:17:42,12.53,67100,12.53,U
sh600985,淮北矿业,2025-09-23 10:18:03,12.52,20400,12.51,U
sh600985,淮北矿业,2025-09-23 10:18:06,12.51,30000,12.52,D
sh600985,淮北矿业,2025-09-23 10:19:48,12.5,88200,12.5,D
sh600985,淮北矿业,2025-09-23 10:20:33,12.5,28100,12.5,D
sh600985,淮北矿业,2025-09-23 10:22:36,12.5,20000,12.51,D
sh600985,淮北矿业,2025-09-23 10:23:30,12.52,29200,12.51,U
sh600985,淮北矿业,2025-09-23 10:23:54,12.53,52300,12.52,U
sh600985,淮北矿业,2025-09-23 10:23:57,12.53,38800,12.53,U
sh600985,淮北矿业,2025-09-23 10:24:00,12.55,50000,12.53,U
sh600985,淮北矿业,2025-09-23 10:24:27,12.52,21100,12.52,U
sh600985,淮北矿业,2025-09-23 10:24:45,12.52,52900,12.52,U
sh600985,淮北矿业,2025-09-23 10:25:30,12.52,30000,12.5,U
sh600985,淮北矿业,2025-09-23 10:26:18,12.51,30000,12.49,U
sh600985,淮北矿业,2025-09-23 10:26:36,12.5,79000,12.49,E
sh600985,淮北矿业,2025-09-23 10:26:42,12.51,19500,12.5,U
sh600985,淮北矿业,2025-09-23 10:27:00,12.53,32600,12.49,U
sh600985,淮北矿业,2025-09-23 10:27:21,12.5,31800,12.5,D
sh600985,淮北矿业,2025-09-23 10:28:03,12.49,42096,12.48,U
sh600985,淮北矿业,2025-09-23 10:28:24,12.48,29100,12.48,E
sh600985,淮北矿业,2025-09-23 10:29:06,12.47,68796,12.46,U
sh600985,淮北矿业,2025-09-23 10:29:39,12.46,90200,12.46,D
sh600985,淮北矿业,2025-09-23 10:29:42,12.46,30000,12.46,D
sh600985,淮北矿业,2025-09-23 10:30:15,12.45,19600,12.46,D
sh600985,淮北矿业,2025-09-23 10:30:18,12.46,31900,12.45,U
sh600985,淮北矿业,2025-09-23 10:30:30,12.46,21300,12.47,D
sh600985,淮北矿业,2025-09-23 10:30:54,12.47,47100,12.47,U
sh600985,淮北矿业,2025-09-23 10:31:15,12.45,29200,12.45,D
sh600985,淮北矿业,2025-09-23 10:31:21,12.46,30000,12.44,U
sh600985,淮北矿业,2025-09-23 10:31:36,12.45,19900,12.46,D
sh600985,淮北矿业,2025-09-23 10:31:54,12.45,38900,12.45,D
sh600985,淮北矿业,2025-09-23 10:32:15,12.45,28600,12.44,U
sh600985,淮北矿业,2025-09-23 10:33:18,12.45,19300,12.44,U
sh600985,淮北矿业,2025-09-23 10:33:24,12.43,38600,12.44,D
sh600985,淮北矿业,2025-09-23 10:34:09,12.45,16100,12.43,U
sh600985,淮北矿业,2025-09-23 10:34:12,12.45,49800,12.45,U
sh600985,淮北矿业,2025-09-23 10:34:33,12.47,16200,12.47,U
sh600985,淮北矿业,2025-09-23 10:36:42,12.47,17800,12.48,D
sh600985,淮北矿业,2025-09-23 10:37:03,12.48,21700,12.47,U
sh600985,淮北矿业,2025-09-23 10:38:09,12.43,116600,12.45,D
sh600985,淮北矿业,2025-09-23 10:38:12,12.43,16300,12.43,D
sh600985,淮北矿业,2025-09-23 10:38:21,12.43,65900,12.43,D
sh600985,淮北矿业,2025-09-23 10:38:42,12.43,28100,12.43,D
sh600985,淮北矿业,2025-09-23 10:39:06,12.44,20900,12.43,U
sh600985,淮北矿业,2025-09-23 10:40:06,12.43,38800,12.44,D
sh600985,淮北矿业,2025-09-23 10:40:18,12.43,21900,12.43,U
sh600985,淮北矿业,2025-09-23 10:40:27,12.43,62400,12.43,U
sh600985,淮北矿业,2025-09-23 10:40:42,12.43,24100,12.43,D
sh600985,淮北矿业,2025-09-23 10:40:51,12.42,93400,12.43,D
sh600985,淮北矿业,2025-09-23 10:41:12,12.42,48900,12.41,U
sh600985,淮北矿业,2025-09-23 10:41:15,12.41,19200,12.42,D
sh600985,淮北矿业,2025-09-23 10:41:21,12.41,26300,12.41,D
sh600985,淮北矿业,2025-09-23 10:41:51,12.42,16500,12.42,D
sh600985,淮北矿业,2025-09-23 10:42:00,12.42,387000,12.42,D
sh600985,淮北矿业,2025-09-23 10:43:03,12.44,123600,12.43,U
sh600985,淮北矿业,2025-09-23 10:44:45,12.43,60000,12.45,D
sh600985,淮北矿业,2025-09-23 10:44:48,12.42,21500,12.43,D
sh600985,淮北矿业,2025-09-23 10:45:00,12.44,24800,12.43,U
sh600985,淮北矿业,2025-09-23 10:45:03,12.44,27100,12.44,U
sh600985,淮北矿业,2025-09-23 10:45:06,12.44,23000,12.44,U
sh600985,淮北矿业,2025-09-23 10:45:09,12.45,26900,12.44,U
sh600985,淮北矿业,2025-09-23 10:45:36,12.45,22200,12.46,D
sh600985,淮北矿业,2025-09-23 10:45:39,12.46,50300,12.45,U
sh600985,淮北矿业,2025-09-23 10:45:42,12.48,24100,12.46,U
sh600985,淮北矿业,2025-09-23 10:46:06,12.45,34700,12.46,D
sh600985,淮北矿业,2025-09-23 10:46:33,12.48,34100,12.49,D
sh600985,淮北矿业,2025-09-23 10:46:42,12.46,39600,12.48,D
sh600985,淮北矿业,2025-09-23 10:46:48,12.46,20000,12.46,D
sh600985,淮北矿业,2025-09-23 10:48:54,12.46,20500,12.46,D
sh600985,淮北矿业,2025-09-23 10:49:21,12.45,22700,12.46,D
sh600985,淮北矿业,2025-09-23 10:50:18,12.44,19800,12.44,D
sh600985,淮北矿业,2025-09-23 10:50:57,12.44,20600,12.45,D
sh600985,淮北矿业,2025-09-23 10:52:15,12.44,20100,12.46,D
sh600985,淮北矿业,2025-09-23 10:52:54,12.43,27300,12.43,D
sh600985,淮北矿业,2025-09-23 10:53:06,12.41,63600,12.43,D
sh600985,淮北矿业,2025-09-23 10:53:18,12.41,72600,12.41,D
sh600985,淮北矿业,2025-09-23 10:53:24,12.4,51200,12.4,D
sh600985,淮北矿业,2025-09-23 10:53:36,12.39,46500,12.4,D
sh600985,淮北矿业,2025-09-23 10:53:39,12.39,19300,12.39,U
sh600985,淮北矿业,2025-09-23 10:54:36,12.38,19500,12.38,D
sh600985,淮北矿业,2025-09-23 10:55:39,12.38,28800,12.38,D
sh600985,淮北矿业,2025-09-23 10:55:48,12.38,22200,12.38,U
sh600985,淮北矿业,2025-09-23 10:57:00,12.38,89800,12.38,D
sh600985,淮北矿业,2025-09-23 10:57:27,12.37,21000,12.37,D
sh600985,淮北矿业,2025-09-23 10:57:45,12.36,60400,12.36,D
sh600985,淮北矿业,2025-09-23 10:58:12,12.35,69600,12.37,D
sh600985,淮北矿业,2025-09-23 10:59:00,12.39,39000,12.37,U
sh600985,淮北矿业,2025-09-23 10:59:09,12.39,23800,12.39,U
sh600985,淮北矿业,2025-09-23 11:01:42,12.4,20200,12.41,D
sh600985,淮北矿业,2025-09-23 11:02:36,12.38,55400,12.4,D
sh600985,淮北矿业,2025-09-23 11:03:57,12.38,38300,12.39,D
sh600985,淮北矿业,2025-09-23 11:05:09,12.38,78400,12.38,D
sh600985,淮北矿业,2025-09-23 11:07:54,12.41,38900,12.39,U
sh600985,淮北矿业,2025-09-23 11:08:54,12.39,51000,12.39,D
sh600985,淮北矿业,2025-09-23 11:12:06,12.37,30800,12.37,D
sh600985,淮北矿业,2025-09-23 11:12:30,12.36,19200,12.36,D
sh600985,淮北矿业,2025-09-23 11:14:06,12.34,129000,12.35,D
sh600985,淮北矿业,2025-09-23 11:14:21,12.32,33200,12.33,D
sh600985,淮北矿业,2025-09-23 11:14:30,12.32,30500,12.32,D
sh600985,淮北矿业,2025-09-23 11:14:42,12.31,20200,12.32,D
sh600985,淮北矿业,2025-09-23 11:15:21,12.32,155700,12.32,U
sh600985,淮北矿业,2025-09-23 11:15:27,12.32,19300,12.34,D
sh600985,淮北矿业,2025-09-23 11:16:03,12.33,18900,12.33,U
sh600985,淮北矿业,2025-09-23 11:19:09,12.35,22700,12.36,D
sh600985,淮北矿业,2025-09-23 11:19:12,12.35,19000,12.35,U
sh600985,淮北矿业,2025-09-23 11:23:24,12.34,33100,12.34,D
sh600985,淮北矿业,2025-09-23 13:00:03,12.36,66100,12.39,D
sh600985,淮北矿业,2025-09-23 13:00:06,12.38,21800,12.36,U
sh600985,淮北矿业,2025-09-23 13:03:00,12.34,17600,12.33,U
sh600985,淮北矿业,2025-09-23 13:03:36,12.33,22700,12.34,D
sh600985,淮北矿业,2025-09-23 13:04:09,12.32,20000,12.34,D
sh600985,淮北矿业,2025-09-23 13:04:21,12.34,74300,12.33,U
sh600985,淮北矿业,2025-09-23 13:07:24,12.37,19900,12.37,U
sh600985,淮北矿业,2025-09-23 13:12:06,12.42,20000,12.44,D
sh600985,淮北矿业,2025-09-23 13:14:42,12.42,38600,12.43,D
sh600985,淮北矿业,2025-09-23 13:18:00,12.44,33800,12.44,U
sh600985,淮北矿业,2025-09-23 13:18:09,12.43,24700,12.45,D
sh600985,淮北矿业,2025-09-23 13:19:33,12.43,20600,12.44,D
sh600985,淮北矿业,2025-09-23 13:19:48,12.45,300000,12.43,U
sh600985,淮北矿业,2025-09-23 13:28:54,12.46,19700,12.46,D
sh600985,淮北矿业,2025-09-23 13:30:57,12.47,18600,12.47,U
sh600985,淮北矿业,2025-09-23 13:31:03,12.48,17900,12.48,U
sh600985,淮北矿业,2025-09-23 13:31:06,12.48,33200,12.48,U
sh600985,淮北矿业,2025-09-23 13:32:48,12.5,16800,12.49,U
sh600985,淮北矿业,2025-09-23 13:33:09,12.48,35900,12.5,D
sh600985,淮北矿业,2025-09-23 13:34:30,12.46,62500,12.47,D
sh600985,淮北矿业,2025-09-23 13:34:39,12.45,45300,12.45,D
sh600985,淮北矿业,2025-09-23 13:37:27,12.44,25400,12.46,D
sh600985,淮北矿业,2025-09-23 13:37:48,12.45,18700,12.45,U
sh600985,淮北矿业,2025-09-23 13:39:33,12.47,16800,12.47,U
sh600985,淮北矿业,2025-09-23 13:40:15,12.48,19700,12.48,U
sh600985,淮北矿业,2025-09-23 13:40:51,12.49,17800,12.49,U
sh600985,淮北矿业,2025-09-23 13:40:54,12.48,21400,12.49,D
sh600985,淮北矿业,2025-09-23 13:41:33,12.49,16700,12.48,U
sh600985,淮北矿业,2025-09-23 13:42:15,12.49,24400,12.49,U
sh600985,淮北矿业,2025-09-23 13:42:54,12.5,16700,12.5,U
sh600985,淮北矿业,2025-09-23 13:43:33,12.5,26600,12.5,U
sh600985,淮北矿业,2025-09-23 13:44:15,12.5,16800,12.48,U
sh600985,淮北矿业,2025-09-23 13:44:54,12.5,16700,12.5,U
sh600985,淮北矿业,2025-09-23 13:45:33,12.52,20900,12.5,U
sh600985,淮北矿业,2025-09-23 13:46:15,12.51,16600,12.49,U
sh600985,淮北矿业,2025-09-23 13:46:54,12.51,16700,12.49,U
sh600985,淮北矿业,2025-09-23 13:47:36,12.51,28700,12.51,U
sh600985,淮北矿业,2025-09-23 13:48:15,12.52,16900,12.52,U
sh600985,淮北矿业,2025-09-23 13:48:39,12.55,96000,12.53,U
sh600985,淮北矿业,2025-09-23 13:48:42,12.53,41600,12.55,D
sh600985,淮北矿业,2025-09-23 13:48:54,12.55,28900,12.55,U
sh600985,淮北矿业,2025-09-23 13:49:00,12.57,41800,12.55,U
sh600985,淮北矿业,2025-09-23 13:49:09,12.54,226200,12.57,D
sh600985,淮北矿业,2025-09-23 13:49:36,12.54,24700,12.54,U
sh600985,淮北矿业,2025-09-23 13:50:15,12.54,16800,12.54,U
sh600985,淮北矿业,2025-09-23 13:50:42,12.55,23400,12.54,U
sh600985,淮北矿业,2025-09-23 13:50:54,12.55,16600,12.54,U
sh600985,淮北矿业,2025-09-23 13:50:57,12.54,22400,12.55,D
sh600985,淮北矿业,2025-09-23 13:51:36,12.52,18500,12.53,D
sh600985,淮北矿业,2025-09-23 13:52:15,12.55,18900,12.54,U
sh600985,淮北矿业,2025-09-23 13:52:39,12.54,28200,12.54,U
sh600985,淮北矿业,2025-09-23 13:55:06,12.53,16400,12.54,D
sh600985,淮北矿业,2025-09-23 13:58:12,12.51,33400,12.53,D
sh600985,淮北矿业,2025-09-23 13:59:15,12.52,18300,12.52,D
sh600985,淮北矿业,2025-09-23 13:59:24,12.53,22000,12.53,U
sh600985,淮北矿业,2025-09-23 13:59:27,12.53,32100,12.53,U
sh600985,淮北矿业,2025-09-23 13:59:39,12.55,58000,12.54,U
sh600985,淮北矿业,2025-09-23 14:00:12,12.55,74100,12.55,U
sh600985,淮北矿业,2025-09-23 14:00:15,12.55,19600,12.55,U
sh600985,淮北矿业,2025-09-23 14:01:00,12.57,20800,12.56,U
sh600985,淮北矿业,2025-09-23 14:01:06,12.58,82800,12.57,U
sh600985,淮北矿业,2025-09-23 14:02:15,12.54,21800,12.55,D
sh600985,淮北矿业,2025-09-23 14:03:00,12.54,38800,12.54,U
sh600985,淮北矿业,2025-09-23 14:03:18,12.52,37800,12.53,D
sh600985,淮北矿业,2025-09-23 14:03:45,12.53,22400,12.52,U
sh600985,淮北矿业,2025-09-23 14:04:30,12.53,16491,12.52,U
sh600985,淮北矿业,2025-09-23 14:04:54,12.54,16800,12.54,U
sh600985,淮北矿业,2025-09-23 14:05:00,12.54,25500,12.54,U
sh600985,淮北矿业,2025-09-23 14:05:36,12.53,39109,12.54,D
sh600985,淮北矿业,2025-09-23 14:07:36,12.53,47400,12.53,D
sh600985,淮北矿业,2025-09-23 14:10:24,12.5,23900,12.52,D
sh600985,淮北矿业,2025-09-23 14:17:33,12.53,36600,12.53,U
sh600985,淮北矿业,2025-09-23 14:21:33,12.55,32800,12.56,D
sh600985,淮北矿业,2025-09-23 14:22:39,12.56,27000,12.56,U
sh600985,淮北矿业,2025-09-23 14:27:57,12.57,33900,12.57,U
sh600985,淮北矿业,2025-09-23 14:28:39,12.58,31500,12.56,U
sh600985,淮北矿业,2025-09-23 14:28:48,12.58,41700,12.57,U
sh600985,淮北矿业,2025-09-23 14:29:03,12.58,53300,12.58,U
sh600985,淮北矿业,2025-09-23 14:29:24,12.59,39900,12.59,U
sh600985,淮北矿业,2025-09-23 14:29:27,12.59,49800,12.59,U
sh600985,淮北矿业,2025-09-23 14:29:36,12.59,21100,12.58,U
sh600985,淮北矿业,2025-09-23 14:29:42,12.59,26391,12.59,D
sh600985,淮北矿业,2025-09-23 14:29:57,12.6,41200,12.6,U
sh600985,淮北矿业,2025-09-23 14:30:03,12.6,56300,12.6,U
sh600985,淮北矿业,2025-09-23 14:30:24,12.61,26900,12.61,U
sh600985,淮北矿业,2025-09-23 14:30:27,12.61,29400,12.61,U
sh600985,淮北矿业,2025-09-23 14:30:33,12.62,40800,12.62,U
sh600985,淮北矿业,2025-09-23 14:30:36,12.61,17900,12.62,D
sh600985,淮北矿业,2025-09-23 14:30:39,12.62,28100,12.61,U
sh600985,淮北矿业,2025-09-23 14:30:51,12.6,26800,12.61,D
sh600985,淮北矿业,2025-09-23 14:31:24,12.61,16100,12.61,U
sh600985,淮北矿业,2025-09-23 14:31:54,12.59,93200,12.6,D
sh600985,淮北矿业,2025-09-23 14:32:00,12.58,102502,12.6,D
sh600985,淮北矿业,2025-09-23 14:33:48,12.58,58300,12.58,D
sh600985,淮北矿业,2025-09-23 14:35:24,12.6,35000,12.6,U
sh600985,淮北矿业,2025-09-23 14:36:00,12.61,32100,12.59,U
sh600985,淮北矿业,2025-09-23 14:36:39,12.61,26500,12.59,U
sh600985,淮北矿业,2025-09-23 14:37:18,12.61,32400,12.6,U
sh600985,淮北矿业,2025-09-23 14:37:57,12.62,21600,12.6,U
sh600985,淮北矿业,2025-09-23 14:38:27,12.6,27200,12.6,D
sh600985,淮北矿业,2025-09-23 14:38:54,12.61,24300,12.61,U
sh600985,淮北矿业,2025-09-23 14:39:54,12.6,28700,12.6,U
sh600985,淮北矿业,2025-09-23 14:40:24,12.6,37600,12.6,D
sh600985,淮北矿业,2025-09-23 14:40:51,12.61,36600,12.61,U
sh600985,淮北矿业,2025-09-23 14:41:21,12.6,42800,12.6,D
sh600985,淮北矿业,2025-09-23 14:41:27,12.6,31100,12.61,D
sh600985,淮北矿业,2025-09-23 14:42:09,12.6,75800,12.6,D
sh600985,淮北矿业,2025-09-23 14:42:54,12.6,20700,12.6,U
sh600985,淮北矿业,2025-09-23 14:43:09,12.59,74400,12.59,D
sh600985,淮北矿业,2025-09-23 14:44:15,12.61,29400,12.6,U
sh600985,淮北矿业,2025-09-23 14:44:18,12.59,20900,12.61,D
sh600985,淮北矿业,2025-09-23 14:44:45,12.61,16300,12.61,U
sh600985,淮北矿业,2025-09-23 14:45:09,12.6,20800,12.6,D
sh600985,淮北矿业,2025-09-23 14:45:24,12.59,80600,12.6,D
sh600985,淮北矿业,2025-09-23 14:46:06,12.59,17700,12.59,D
sh600985,淮北矿业,2025-09-23 14:46:09,12.6,31300,12.59,U
sh600985,淮北矿业,2025-09-23 14:46:57,12.59,54400,12.59,D
sh600985,淮北矿业,2025-09-23 14:47:06,12.58,19400,12.59,D
sh600985,淮北矿业,2025-09-23 14:48:06,12.6,27500,12.59,U
sh600985,淮北矿业,2025-09-23 14:48:36,12.6,43200,12.6,U
sh600985,淮北矿业,2025-09-23 14:48:42,12.59,17800,12.6,D
sh600985,淮北矿业,2025-09-23 14:49:03,12.6,30000,12.59,U
sh600985,淮北矿业,2025-09-23 14:49:06,12.61,57000,12.6,U
sh600985,淮北矿业,2025-09-23 14:49:15,12.6,38400,12.6,E
sh600985,淮北矿业,2025-09-23 14:50:27,12.61,25500,12.6,U
sh600985,淮北矿业,2025-09-23 14:50:54,12.62,27700,12.61,U
sh600985,淮北矿业,2025-09-23 14:51:15,12.61,23000,12.61,D
sh600985,淮北矿业,2025-09-23 14:53:12,12.61,42200,12.61,D
sh600985,淮北矿业,2025-09-23 14:53:30,12.62,48400,12.62,U
sh600985,淮北矿业,2025-09-23 14:53:33,12.62,17800,12.62,U
sh600985,淮北矿业,2025-09-23 14:53:36,12.62,17900,12.62,U
sh600985,淮北矿业,2025-09-23 14:54:42,12.63,31100,12.62,U
sh600985,淮北矿业,2025-09-23 14:55:12,12.63,110200,12.62,U
sh600985,淮北矿业,2025-09-23 14:55:27,12.63,34500,12.63,U
sh600985,淮北矿业,2025-09-23 14:56:51,12.63,199600,12.63,D
sh600985,淮北矿业,2025-09-23 15:00:03,12.64,193700,12.64,U
