symbol,name,ticktime,price,volume,prev_price,kind
sh600985,淮北矿业,2025-10-13 09:25:02,12.56,258700,0.0,U
sh600985,淮北矿业,2025-10-13 09:30:05,12.58,45600,12.56,U
sh600985,淮北矿业,2025-10-13 09:30:11,12.58,108300,12.58,D
sh600985,淮北矿业,2025-10-13 09:30:17,12.58,47500,12.7,D
sh600985,淮北矿业,2025-10-13 09:30:23,12.58,17300,12.61,D
sh600985,淮北矿业,2025-10-13 09:30:26,12.54,370000,12.58,D
sh600985,淮北矿业,2025-10-13 09:30:29,12.63,36200,12.54,U
sh600985,淮北矿业,2025-10-13 09:30:35,12.66,55600,12.65,D
sh600985,淮北矿业,2025-10-13 09:30:38,12.56,24900,12.66,D
sh600985,淮北矿业,2025-10-13 09:30:41,12.56,19600,12.56,D
sh600985,淮北矿业,2025-10-13 09:30:44,12.61,35500,12.56,U
sh600985,淮北矿业,2025-10-13 09:30:47,12.62,16000,12.61,E
sh600985,淮北矿业,2025-10-13 09:31:08,12.66,37900,12.68,D
sh600985,淮北矿业,2025-10-13 09:31:11,12.72,25000,12.66,U
sh600985,淮北矿业,2025-10-13 09:31:17,12.7,17700,12.75,D
sh600985,淮北矿业,2025-10-13 09:31:23,12.75,28200,12.75,D
sh600985,淮北矿业,2025-10-13 09:31:29,12.7,60600,12.7,D
sh600985,淮北矿业,2025-10-13 09:31:32,12.74,24300,12.7,E
sh600985,淮北矿业,2025-10-13 09:31:38,12.75,19900,12.74,U
sh600985,淮北矿业,2025-10-13 09:31:44,12.76,15700,12.75,U
sh600985,淮北矿业,2025-10-13 09:31:47,12.78,51300,12.76,U
sh600985,淮北矿业,2025-10-13 09:31:50,12.74,22400,12.78,D
sh600985,淮北矿业,2025-10-13 09:32:02,12.77,19200,12.78,D
sh600985,淮北矿业,2025-10-13 09:32:17,12.77,49100,12.74,U
sh600985,淮北矿业,2025-10-13 09:32:23,12.75,20000,12.76,E
sh600985,淮北矿业,2025-10-13 09:32:26,12.76,15800,12.75,U
sh600985,淮北矿业,2025-10-13 09:32:35,12.77,32100,12.77,U
sh600985,淮北矿业,2025-10-13 09:32:38,12.77,19800,12.77,D
sh600985,淮北矿业,2025-10-13 09:32:50,12.77,25200,12.78,D
sh600985,淮北矿业,2025-10-13 09:32:59,12.77,25300,12.78,D
sh600985,淮北矿业,2025-10-13 09:33:08,12.77,18700,12.78,D
sh600985,淮北矿业,2025-10-13 09:33:14,12.79,15800,12.77,U
sh600985,淮北矿业,2025-10-13 09:33:17,12.79,16200,12.79,U
sh600985,淮北矿业,2025-10-13 09:33:41,12.8,19900,12.8,U
sh600985,淮北矿业,2025-10-13 09:33:50,12.81,33900,12.8,U
sh600985,淮北矿业,2025-10-13 09:34:20,12.75,69900,12.79,D
sh600985,淮北矿业,2025-10-13 09:34:23,12.75,36500,12.75,U
sh600985,淮北矿业,2025-10-13 09:34:53,12.77,20200,12.76,U
sh600985,淮北矿业,2025-10-13 09:35:23,12.76,35300,12.77,D
sh600985,淮北矿业,2025-10-13 09:36:05,12.73,25300,12.73,D
sh600985,淮北矿业,2025-10-13 09:36:14,12.72,18600,12.72,U
sh600985,淮北矿业,2025-10-13 09:36:20,12.7,50800,12.72,D
sh600985,淮北矿业,2025-10-13 09:36:23,12.7,22700,12.7,U
sh600985,淮北矿业,2025-10-13 09:36:26,12.69,16400,12.7,D
sh600985,淮北矿业,2025-10-13 09:36:32,12.69,17000,12.69,U
sh600985,淮北矿业,2025-10-13 09:36:38,12.69,22500,12.68,U
sh600985,淮北矿业,2025-10-13 09:36:44,12.72,41800,12.68,U
sh600985,淮北矿业,2025-10-13 09:37:02,12.69,28800,12.69,U
sh600985,淮北矿业,2025-10-13 09:37:05,12.68,17100,12.69,D
sh600985,淮北矿业,2025-10-13 09:37:14,12.71,24700,12.69,U
sh600985,淮北矿业,2025-10-13 09:37:17,12.72,23700,12.71,U
sh600985,淮北矿业,2025-10-13 09:37:23,12.72,16900,12.71,U
sh600985,淮北矿业,2025-10-13 09:37:38,12.71,15800,12.71,U
sh600985,淮北矿业,2025-10-13 09:37:41,12.7,26300,12.71,D
sh600985,淮北矿业,2025-10-13 09:38:17,12.7,32900,12.7,U
sh600985,淮北矿业,2025-10-13 09:38:20,12.69,20700,12.7,D
sh600985,淮北矿业,2025-10-13 09:38:53,12.7,18800,12.69,U
sh600985,淮北矿业,2025-10-13 09:38:56,12.69,17200,12.7,D
sh600985,淮北矿业,2025-10-13 09:39:08,12.72,22600,12.71,U
sh600985,淮北矿业,2025-10-13 09:39:14,12.73,19700,12.71,U
sh600985,淮北矿业,2025-10-13 09:39:17,12.74,20900,12.73,U
sh600985,淮北矿业,2025-10-13 09:39:38,12.77,19200,12.76,U
sh600985,淮北矿业,2025-10-13 09:39:41,12.76,39500,12.77,D
sh600985,淮北矿业,2025-10-13 09:39:44,12.74,35700,12.76,U
sh600985,淮北矿业,2025-10-13 09:39:50,12.76,27300,12.75,U
sh600985,淮北矿业,2025-10-13 09:39:53,12.77,25900,12.76,U
sh600985,淮北矿业,2025-10-13 09:39:59,12.77,31400,12.76,U
sh600985,淮北矿业,2025-10-13 09:40:23,12.75,24800,12.76,D
sh600985,淮北矿业,2025-10-13 09:40:26,12.76,20800,12.75,U
sh600985,淮北矿业,2025-10-13 09:40:29,12.76,19800,12.76,U
sh600985,淮北矿业,2025-10-13 09:40:35,12.79,20500,12.77,U
sh600985,淮北矿业,2025-10-13 09:40:38,12.8,19300,12.79,U
sh600985,淮北矿业,2025-10-13 09:40:41,12.8,21600,12.8,U
sh600985,淮北矿业,2025-10-13 09:40:44,12.79,25400,12.8,D
sh600985,淮北矿业,2025-10-13 09:40:56,12.8,20500,12.8,U
sh600985,淮北矿业,2025-10-13 09:41:08,12.79,24200,12.79,U
sh600985,淮北矿业,2025-10-13 09:41:14,12.77,23500,12.79,D
sh600985,淮北矿业,2025-10-13 09:41:50,12.74,22500,12.75,D
sh600985,淮北矿业,2025-10-13 09:41:56,12.74,17200,12.73,U
sh600985,淮北矿业,2025-10-13 09:42:02,12.71,17100,12.73,D
sh600985,淮北矿业,2025-10-13 09:42:05,12.71,20700,12.71,D
sh600985,淮北矿业,2025-10-13 09:42:56,12.74,25500,12.73,U
sh600985,淮北矿业,2025-10-13 09:43:35,12.76,59800,12.74,U
sh600985,淮北矿业,2025-10-13 09:43:50,12.78,18100,12.76,U
sh600985,淮北矿业,2025-10-13 09:44:14,12.77,24000,12.78,D
sh600985,淮北矿业,2025-10-13 09:45:11,12.79,79900,12.77,U
sh600985,淮北矿业,2025-10-13 09:45:17,12.81,132100,12.79,U
sh600985,淮北矿业,2025-10-13 09:45:38,12.8,24800,12.8,U
sh600985,淮北矿业,2025-10-13 09:45:59,12.82,16900,12.79,U
sh600985,淮北矿业,2025-10-13 09:46:02,12.8,17800,12.82,D
sh600985,淮北矿业,2025-10-13 09:46:23,12.81,17700,12.79,U
sh600985,淮北矿业,2025-10-13 09:46:35,12.84,38300,12.83,U
sh600985,淮北矿业,2025-10-13 09:46:38,12.82,31600,12.84,D
sh600985,淮北矿业,2025-10-13 09:46:56,12.82,17900,12.83,D
sh600985,淮北矿业,2025-10-13 09:48:02,12.79,44000,12.81,D
sh600985,淮北矿业,2025-10-13 09:48:08,12.79,25600,12.8,D
sh600985,淮北矿业,2025-10-13 09:49:08,12.78,16000,12.78,D
sh600985,淮北矿业,2025-10-13 09:49:17,12.79,26400,12.78,U
sh600985,淮北矿业,2025-10-13 09:49:29,12.8,19400,12.79,U
sh600985,淮北矿业,2025-10-13 09:49:32,12.79,29100,12.8,D
sh600985,淮北矿业,2025-10-13 09:49:35,12.78,34800,12.79,D
sh600985,淮北矿业,2025-10-13 09:49:41,12.78,28500,12.77,U
sh600985,淮北矿业,2025-10-13 09:49:59,12.81,23600,12.79,U
sh600985,淮北矿业,2025-10-13 09:51:05,12.79,23100,12.79,D
sh600985,淮北矿业,2025-10-13 09:51:17,12.8,97100,12.78,U
sh600985,淮北矿业,2025-10-13 09:52:14,12.8,52000,12.8,U
sh600985,淮北矿业,2025-10-13 09:52:20,12.81,24200,12.81,U
sh600985,淮北矿业,2025-10-13 09:53:08,12.81,28900,12.81,D
sh600985,淮北矿业,2025-10-13 09:53:23,12.83,88800,12.82,U
sh600985,淮北矿业,2025-10-13 09:53:50,12.84,18700,12.84,U
sh600985,淮北矿业,2025-10-13 09:54:11,12.84,21600,12.85,D
sh600985,淮北矿业,2025-10-13 09:54:17,12.85,16500,12.85,U
sh600985,淮北矿业,2025-10-13 09:54:26,12.84,34100,12.85,D
sh600985,淮北矿业,2025-10-13 09:54:29,12.83,29500,12.84,D
sh600985,淮北矿业,2025-10-13 09:54:56,12.83,20200,12.83,U
sh600985,淮北矿业,2025-10-13 09:55:17,12.85,16800,12.83,U
sh600985,淮北矿业,2025-10-13 09:55:44,12.82,32000,12.84,D
sh600985,淮北矿业,2025-10-13 09:56:17,12.8,17000,12.8,D
sh600985,淮北矿业,2025-10-13 09:56:23,12.8,27000,12.81,D
sh600985,淮北矿业,2025-10-13 09:56:29,12.79,17700,12.81,D
sh600985,淮北矿业,2025-10-13 09:57:08,12.77,34900,12.79,D
sh600985,淮北矿业,2025-10-13 09:57:20,12.75,24500,12.77,D
sh600985,淮北矿业,2025-10-13 09:57:26,12.74,29100,12.76,D
sh600985,淮北矿业,2025-10-13 09:58:02,12.73,22400,12.73,D
sh600985,淮北矿业,2025-10-13 09:58:38,12.73,15900,12.72,U
sh600985,淮北矿业,2025-10-13 09:58:41,12.75,19800,12.73,U
sh600985,淮北矿业,2025-10-13 09:58:56,12.77,19400,12.75,U
sh600985,淮北矿业,2025-10-13 09:59:20,12.77,21400,12.77,D
sh600985,淮北矿业,2025-10-13 10:00:08,12.73,20100,12.75,D
sh600985,淮北矿业,2025-10-13 10:00:29,12.72,26400,12.72,D
sh600985,淮北矿业,2025-10-13 10:01:26,12.72,21400,12.73,D
sh600985,淮北矿业,2025-10-13 10:01:47,12.72,16000,12.72,D
sh600985,淮北矿业,2025-10-13 10:02:44,12.72,26200,12.72,U
sh600985,淮北矿业,2025-10-13 10:04:23,12.7,91600,12.71,D
sh600985,淮北矿业,2025-10-13 10:04:47,12.7,38300,12.7,D
sh600985,淮北矿业,2025-10-13 10:04:53,12.69,16800,12.7,D
sh600985,淮北矿业,2025-10-13 10:05:08,12.66,24400,12.68,D
sh600985,淮北矿业,2025-10-13 10:05:14,12.68,19400,12.66,U
sh600985,淮北矿业,2025-10-13 10:05:20,12.68,22000,12.67,U
sh600985,淮北矿业,2025-10-13 10:05:29,12.67,16600,12.68,D
sh600985,淮北矿业,2025-10-13 10:05:38,12.68,23000,12.68,D
sh600985,淮北矿业,2025-10-13 10:05:53,12.68,20200,12.69,D
sh600985,淮北矿业,2025-10-13 10:06:23,12.7,612100,12.69,U
sh600985,淮北矿业,2025-10-13 10:06:26,12.7,38500,12.7,U
sh600985,淮北矿业,2025-10-13 10:06:41,12.72,24500,12.7,U
sh600985,淮北矿业,2025-10-13 10:07:56,12.71,40400,12.71,D
sh600985,淮北矿业,2025-10-13 10:08:05,12.7,54200,12.7,D
sh600985,淮北矿业,2025-10-13 10:08:26,12.68,31000,12.68,D
sh600985,淮北矿业,2025-10-13 10:08:41,12.67,27000,12.67,D
sh600985,淮北矿业,2025-10-13 10:08:47,12.67,20700,12.67,U
sh600985,淮北矿业,2025-10-13 10:08:59,12.67,25500,12.67,D
sh600985,淮北矿业,2025-10-13 10:09:02,12.67,21900,12.67,U
sh600985,淮北矿业,2025-10-13 10:09:32,12.66,22300,12.66,U
sh600985,淮北矿业,2025-10-13 10:10:05,12.67,19100,12.67,D
sh600985,淮北矿业,2025-10-13 10:10:35,12.67,18000,12.68,D
sh600985,淮北矿业,2025-10-13 10:10:38,12.68,24000,12.67,U
sh600985,淮北矿业,2025-10-13 10:10:50,12.68,18800,12.68,D
sh600985,淮北矿业,2025-10-13 10:11:02,12.7,66800,12.71,D
sh600985,淮北矿业,2025-10-13 10:11:08,12.71,20900,12.71,U
sh600985,淮北矿业,2025-10-13 10:11:11,12.71,21900,12.71,D
sh600985,淮北矿业,2025-10-13 10:11:59,12.69,16600,12.69,U
sh600985,淮北矿业,2025-10-13 10:12:35,12.7,31000,12.7,E
sh600985,淮北矿业,2025-10-13 10:13:20,12.71,38700,12.71,U
sh600985,淮北矿业,2025-10-13 10:13:50,12.72,17000,12.72,U
sh600985,淮北矿业,2025-10-13 10:14:02,12.73,25200,12.72,U
sh600985,淮北矿业,2025-10-13 10:14:35,12.74,37200,12.73,U
sh600985,淮北矿业,2025-10-13 10:16:20,12.76,22500,12.76,D
sh600985,淮北矿业,2025-10-13 10:17:05,12.76,26400,12.76,D
sh600985,淮北矿业,2025-10-13 10:17:23,12.75,20100,12.76,D
sh600985,淮北矿业,2025-10-13 10:19:23,12.77,20300,12.77,U
sh600985,淮北矿业,2025-10-13 10:20:02,12.78,37200,12.78,U
sh600985,淮北矿业,2025-10-13 10:20:11,12.8,41100,12.79,U
sh600985,淮北矿业,2025-10-13 10:20:53,12.78,54200,12.81,D
sh600985,淮北矿业,2025-10-13 10:22:05,12.81,17800,12.81,U
sh600985,淮北矿业,2025-10-13 10:22:32,12.82,16800,12.82,U
sh600985,淮北矿业,2025-10-13 10:22:53,12.81,29000,12.82,D
sh600985,淮北矿业,2025-10-13 10:23:50,12.81,41600,12.81,D
sh600985,淮北矿业,2025-10-13 10:25:26,12.82,41500,12.81,U
sh600985,淮北矿业,2025-10-13 10:26:02,12.82,63200,12.82,U
sh600985,淮北矿业,2025-10-13 10:26:08,12.82,16400,12.83,D
sh600985,淮北矿业,2025-10-13 10:26:38,12.84,22600,12.84,U
sh600985,淮北矿业,2025-10-13 10:26:41,12.85,51200,12.84,U
sh600985,淮北矿业,2025-10-13 10:27:38,12.86,21000,12.85,U
sh600985,淮北矿业,2025-10-13 10:28:02,12.85,30300,12.86,D
sh600985,淮北矿业,2025-10-13 10:28:08,12.85,46700,12.85,D
sh600985,淮北矿业,2025-10-13 10:28:23,12.84,26700,12.84,D
sh600985,淮北矿业,2025-10-13 10:28:32,12.83,20400,12.83,D
sh600985,淮北矿业,2025-10-13 10:29:23,12.81,17000,12.81,U
sh600985,淮北矿业,2025-10-13 10:29:56,12.81,20600,12.81,D
sh600985,淮北矿业,2025-10-13 10:30:11,12.81,34700,12.82,D
sh600985,淮北矿业,2025-10-13 10:30:59,12.79,19500,12.8,D
sh600985,淮北矿业,2025-10-13 10:31:11,12.81,19700,12.8,U
sh600985,淮北矿业,2025-10-13 10:31:23,12.83,61900,12.82,U
sh600985,淮北矿业,2025-10-13 10:31:26,12.82,18500,12.83,D
sh600985,淮北矿业,2025-10-13 10:32:59,12.82,31100,12.82,D
sh600985,淮北矿业,2025-10-13 10:33:26,12.82,31300,12.82,U
sh600985,淮北矿业,2025-10-13 10:34:20,12.84,22300,12.83,U
sh600985,淮北矿业,2025-10-13 10:35:02,12.85,23900,12.83,U
sh600985,淮北矿业,2025-10-13 10:35:08,12.85,67900,12.84,U
sh600985,淮北矿业,2025-10-13 10:35:35,12.87,50400,12.86,U
sh600985,淮北矿业,2025-10-13 10:35:41,12.88,17200,12.87,U
sh600985,淮北矿业,2025-10-13 10:36:29,12.88,36600,12.88,D
sh600985,淮北矿业,2025-10-13 10:37:14,12.86,47800,12.87,D
sh600985,淮北矿业,2025-10-13 10:39:11,12.87,51600,12.87,U
sh600985,淮北矿业,2025-10-13 10:39:14,12.87,24400,12.87,U
sh600985,淮北矿业,2025-10-13 10:39:20,12.87,19100,12.87,U
sh600985,淮北矿业,2025-10-13 10:41:20,12.87,18300,12.87,D
sh600985,淮北矿业,2025-10-13 10:41:50,12.85,24800,12.86,D
sh600985,淮北矿业,2025-10-13 10:42:44,12.86,98100,12.86,U
sh600985,淮北矿业,2025-10-13 10:42:53,12.88,25400,12.88,U
sh600985,淮北矿业,2025-10-13 10:43:11,12.87,30400,12.86,U
sh600985,淮北矿业,2025-10-13 10:45:23,12.86,28800,12.86,U
sh600985,淮北矿业,2025-10-13 10:47:59,12.84,72700,12.85,D
sh600985,淮北矿业,2025-10-13 10:50:05,12.83,15700,12.84,D
sh600985,淮北矿业,2025-10-13 10:50:35,12.83,24000,12.84,D
sh600985,淮北矿业,2025-10-13 10:52:47,12.82,17800,12.82,U
sh600985,淮北矿业,2025-10-13 10:56:02,12.81,38900,12.82,D
sh600985,淮北矿业,2025-10-13 10:56:29,12.8,18900,12.8,D
sh600985,淮北矿业,2025-10-13 10:59:20,12.8,20500,12.8,D
sh600985,淮北矿业,2025-10-13 10:59:56,12.78,17500,12.78,D
sh600985,淮北矿业,2025-10-13 11:00:53,12.77,20800,12.77,D
sh600985,淮北矿业,2025-10-13 11:03:38,12.77,20700,12.77,D
sh600985,淮北矿业,2025-10-13 11:04:47,12.78,18200,12.78,U
sh600985,淮北矿业,2025-10-13 11:04:56,12.79,16400,12.78,U
sh600985,淮北矿业,2025-10-13 11:05:44,12.78,21000,12.78,D
sh600985,淮北矿业,2025-10-13 11:09:41,12.8,24500,12.8,U
sh600985,淮北矿业,2025-10-13 11:10:14,12.8,36800,12.81,D
sh600985,淮北矿业,2025-10-13 11:10:26,12.78,33500,12.79,D
sh600985,淮北矿业,2025-10-13 11:14:29,12.78,30000,12.79,D
sh600985,淮北矿业,2025-10-13 11:14:32,12.8,16800,12.78,U
sh600985,淮北矿业,2025-10-13 11:19:20,12.81,24100,12.82,D
sh600985,淮北矿业,2025-10-13 11:22:08,12.8,63800,12.82,D
sh600985,淮北矿业,2025-10-13 11:22:29,12.78,25200,12.79,D
sh600985,淮北矿业,2025-10-13 11:25:32,12.78,28600,12.78,D
sh600985,淮北矿业,2025-10-13 11:27:05,12.76,39700,12.77,D
sh600985,淮北矿业,2025-10-13 13:00:02,12.76,78700,12.77,D
sh600985,淮北矿业,2025-10-13 13:00:05,12.76,23800,12.76,D
sh600985,淮北矿业,2025-10-13 13:00:08,12.76,23600,12.76,U
sh600985,淮北矿业,2025-10-13 13:01:29,12.74,17300,12.75,D
sh600985,淮北矿业,2025-10-13 13:03:32,12.74,22900,12.74,U
sh600985,淮北矿业,2025-10-13 13:04:02,12.74,30700,12.75,D
sh600985,淮北矿业,2025-10-13 13:05:08,12.73,23100,12.73,D
sh600985,淮北矿业,2025-10-13 13:09:50,12.74,38500,12.74,D
sh600985,淮北矿业,2025-10-13 13:11:05,12.75,17700,12.74,U
sh600985,淮北矿业,2025-10-13 13:13:47,12.75,31600,12.75,U
sh600985,淮北矿业,2025-10-13 13:14:44,12.75,16200,12.76,D
sh600985,淮北矿业,2025-10-13 13:19:08,12.77,32800,12.77,U
sh600985,淮北矿业,2025-10-13 13:20:32,12.79,61600,12.78,U
sh600985,淮北矿业,2025-10-13 13:22:44,12.8,16000,12.8,D
sh600985,淮北矿业,2025-10-13 13:23:05,12.79,39000,12.79,D
sh600985,淮北矿业,2025-10-13 13:25:23,12.8,30000,12.79,U
sh600985,淮北矿业,2025-10-13 13:25:44,12.8,17100,12.8,U
sh600985,淮北矿业,2025-10-13 13:26:23,12.81,47800,12.81,U
sh600985,淮北矿业,2025-10-13 13:28:08,12.82,40300,12.82,U
sh600985,淮北矿业,2025-10-13 13:28:50,12.83,40100,12.83,U
sh600985,淮北矿业,2025-10-13 13:29:17,12.83,28200,12.83,U
sh600985,淮北矿业,2025-10-13 13:30:29,12.83,23100,12.84,D
sh600985,淮北矿业,2025-10-13 13:30:50,12.83,23700,12.84,D
sh600985,淮北矿业,2025-10-13 13:31:14,12.83,20100,12.84,D
sh600985,淮北矿业,2025-10-13 13:31:17,12.83,50500,12.83,U
sh600985,淮北矿业,2025-10-13 13:33:44,12.83,16000,12.83,D
sh600985,淮北矿业,2025-10-13 13:34:17,12.84,26800,12.84,U
sh600985,淮北矿业,2025-10-13 13:34:44,12.84,39000,12.84,U
sh600985,淮北矿业,2025-10-13 13:36:41,12.85,59600,12.84,U
sh600985,淮北矿业,2025-10-13 13:37:02,12.86,53200,12.85,U
sh600985,淮北矿业,2025-10-13 13:38:17,12.87,18300,12.87,U
sh600985,淮北矿业,2025-10-13 13:38:26,12.87,63600,12.87,U
sh600985,淮北矿业,2025-10-13 13:39:02,12.87,27200,12.88,D
sh600985,淮北矿业,2025-10-13 13:39:23,12.86,24700,12.86,D
sh600985,淮北矿业,2025-10-13 13:39:53,12.85,43400,12.85,D
sh600985,淮北矿业,2025-10-13 13:43:32,12.82,25400,12.83,D
sh600985,淮北矿业,2025-10-13 13:43:47,12.83,15900,12.83,U
sh600985,淮北矿业,2025-10-13 13:45:50,12.83,26200,12.83,D
sh600985,淮北矿业,2025-10-13 13:48:53,12.8,39400,12.81,D
sh600985,淮北矿业,2025-10-13 13:49:11,12.8,23500,12.81,D
sh600985,淮北矿业,2025-10-13 13:49:29,12.79,16900,12.8,D
sh600985,淮北矿业,2025-10-13 13:51:08,12.81,31400,12.8,U
sh600985,淮北矿业,2025-10-13 13:51:20,12.81,25100,12.81,U
sh600985,淮北矿业,2025-10-13 13:55:50,12.81,58000,12.82,D
sh600985,淮北矿业,2025-10-13 13:55:53,12.82,32600,12.81,U
sh600985,淮北矿业,2025-10-13 13:58:11,12.81,16800,12.82,D
sh600985,淮北矿业,2025-10-13 13:58:17,12.82,27700,12.82,U
sh600985,淮北矿业,2025-10-13 14:02:05,12.82,22100,12.84,D
sh600985,淮北矿业,2025-10-13 14:02:20,12.81,36900,12.83,D
sh600985,淮北矿业,2025-10-13 14:02:23,12.82,23500,12.81,U
sh600985,淮北矿业,2025-10-13 14:03:44,12.82,39900,12.82,U
sh600985,淮北矿业,2025-10-13 14:07:17,12.81,125500,12.81,D
sh600985,淮北矿业,2025-10-13 14:07:53,12.82,27200,12.81,U
sh600985,淮北矿业,2025-10-13 14:10:23,12.81,16200,12.81,U
sh600985,淮北矿业,2025-10-13 14:11:41,12.82,18400,12.82,U
sh600985,淮北矿业,2025-10-13 14:13:05,12.82,40629,12.82,U
sh600985,淮北矿业,2025-10-13 14:13:17,12.82,18000,12.83,D
sh600985,淮北矿业,2025-10-13 14:14:11,12.82,18900,12.82,D
sh600985,淮北矿业,2025-10-13 14:15:44,12.82,19400,12.82,D
sh600985,淮北矿业,2025-10-13 14:16:59,12.81,76900,12.81,D
sh600985,淮北矿业,2025-10-13 14:21:38,12.85,20900,12.85,U
sh600985,淮北矿业,2025-10-13 14:22:44,12.85,32100,12.85,U
sh600985,淮北矿业,2025-10-13 14:26:02,12.86,22900,12.86,U
sh600985,淮北矿业,2025-10-13 14:26:44,12.85,29100,12.85,D
sh600985,淮北矿业,2025-10-13 14:29:44,12.86,21700,12.86,U
sh600985,淮北矿业,2025-10-13 14:30:35,12.86,33900,12.86,U
sh600985,淮北矿业,2025-10-13 14:31:11,12.87,43500,12.87,U
sh600985,淮北矿业,2025-10-13 14:31:56,12.88,29500,12.88,U
sh600985,淮北矿业,2025-10-13 14:32:29,12.89,28200,12.88,U
sh600985,淮北矿业,2025-10-13 14:34:50,12.89,40800,12.88,U
sh600985,淮北矿业,2025-10-13 14:35:56,12.89,28000,12.89,U
sh600985,淮北矿业,2025-10-13 14:36:02,12.89,16700,12.89,U
sh600985,淮北矿业,2025-10-13 14:36:20,12.9,50500,12.89,U
sh600985,淮北矿业,2025-10-13 14:36:26,12.88,16800,12.89,D
sh600985,淮北矿业,2025-10-13 14:36:32,12.9,22000,12.9,U
sh600985,淮北矿业,2025-10-13 14:36:47,12.89,24600,12.9,D
sh600985,淮北矿业,2025-10-13 14:37:11,12.88,20000,12.89,D
sh600985,淮北矿业,2025-10-13 14:38:05,12.87,57800,12.89,D
sh600985,淮北矿业,2025-10-13 14:39:59,12.87,19900,12.88,D
sh600985,淮北矿业,2025-10-13 14:40:11,12.88,18300,12.87,U
sh600985,淮北矿业,2025-10-13 14:42:02,12.88,22900,12.89,D
sh600985,淮北矿业,2025-10-13 14:44:08,12.89,60000,12.89,U
sh600985,淮北矿业,2025-10-13 14:44:59,12.9,20700,12.9,U
sh600985,淮北矿业,2025-10-13 14:47:14,12.89,67400,12.89,D
sh600985,淮北矿业,2025-10-13 14:47:17,12.89,19100,12.89,U
sh600985,淮北矿业,2025-10-13 14:48:08,12.89,50100,12.89,D
sh600985,淮北矿业,2025-10-13 14:48:56,12.89,16400,12.89,U
sh600985,淮北矿业,2025-10-13 14:50:05,12.87,21200,12.88,D
sh600985,淮北矿业,2025-10-13 14:50:20,12.88,20800,12.87,U
sh600985,淮北矿业,2025-10-13 14:51:35,12.88,22700,12.88,D
sh600985,淮北矿业,2025-10-13 14:52:23,12.88,35800,12.88,D
sh600985,淮北矿业,2025-10-13 14:54:11,12.87,16100,12.87,U
sh600985,淮北矿业,2025-10-13 14:54:14,12.87,71200,12.87,U
sh600985,淮北矿业,2025-10-13 14:55:02,12.89,36400,12.88,U
sh600985,淮北矿业,2025-10-13 14:55:41,12.89,19800,12.88,U
sh600985,淮北矿业,2025-10-13 14:55:53,12.89,62300,12.89,D
sh600985,淮北矿业,2025-10-13 14:56:05,12.89,17100,12.89,D
sh600985,淮北矿业,2025-10-13 14:56:17,12.9,32400,12.89,U
sh600985,淮北矿业,2025-10-13 14:56:29,12.89,20200,12.89,D
sh600985,淮北矿业,2025-10-13 15:00:01,12.86,135100,12.89,U
