symbol,name,ticktime,price,volume,prev_price,kind
sh688777,中控技术,2025-09-25 09:25:02,53.7,219288,0.0,D
sh688777,中控技术,2025-09-25 09:30:05,53.69,24257,53.72,D
sh688777,中控技术,2025-09-25 09:30:08,53.68,39569,53.69,D
sh688777,中控技术,2025-09-25 09:30:11,53.71,49609,53.68,U
sh688777,中控技术,2025-09-25 09:30:14,53.7,44390,53.71,D
sh688777,中控技术,2025-09-25 09:30:17,53.75,52058,53.7,U
sh688777,中控技术,2025-09-25 09:30:20,53.73,24053,53.75,E
sh688777,中控技术,2025-09-25 09:30:23,53.79,45449,53.73,U
sh688777,中控技术,2025-09-25 09:30:26,53.7,12182,53.79,D
sh688777,中控技术,2025-09-25 09:30:29,53.67,28908,53.7,D
sh688777,中控技术,2025-09-25 09:30:32,53.66,19344,53.67,E
sh688777,中控技术,2025-09-25 09:30:35,53.61,24793,53.66,U
sh688777,中控技术,2025-09-25 09:30:38,53.59,24612,53.61,D
sh688777,中控技术,2025-09-25 09:30:41,53.59,22997,53.59,U
sh688777,中控技术,2025-09-25 09:30:44,53.54,79293,53.59,D
sh688777,中控技术,2025-09-25 09:30:47,53.54,19792,53.54,U
sh688777,中控技术,2025-09-25 09:30:50,53.61,17140,53.54,U
sh688777,中控技术,2025-09-25 09:30:53,53.68,20110,53.61,U
sh688777,中控技术,2025-09-25 09:30:56,53.68,20859,53.68,U
sh688777,中控技术,2025-09-25 09:30:59,53.71,40674,53.68,U
sh688777,中控技术,2025-09-25 09:31:02,53.7,12488,53.71,D
sh688777,中控技术,2025-09-25 09:31:05,53.78,40419,53.7,U
sh688777,中控技术,2025-09-25 09:31:08,53.78,7931,53.78,U
sh688777,中控技术,2025-09-25 09:31:11,53.79,13936,53.78,U
sh688777,中控技术,2025-09-25 09:31:14,53.8,28134,53.79,U
sh688777,中控技术,2025-09-25 09:31:17,53.81,26932,53.8,U
sh688777,中控技术,2025-09-25 09:31:20,53.8,54745,53.81,D
sh688777,中控技术,2025-09-25 09:31:23,53.81,26448,53.8,U
sh688777,中控技术,2025-09-25 09:31:26,53.78,32166,53.81,D
sh688777,中控技术,2025-09-25 09:31:29,53.78,30515,53.78,D
sh688777,中控技术,2025-09-25 09:31:32,53.75,41300,53.78,D
sh688777,中控技术,2025-09-25 09:31:35,53.75,19243,53.75,U
sh688777,中控技术,2025-09-25 09:31:38,53.78,26814,53.75,U
sh688777,中控技术,2025-09-25 09:31:41,53.61,29602,53.78,D
sh688777,中控技术,2025-09-25 09:31:44,53.6,45877,53.61,D
sh688777,中控技术,2025-09-25 09:31:47,53.56,16312,53.6,D
sh688777,中控技术,2025-09-25 09:31:50,53.47,27147,53.56,D
sh688777,中控技术,2025-09-25 09:31:56,53.53,21334,53.49,U
sh688777,中控技术,2025-09-25 09:31:59,53.57,59063,53.53,U
sh688777,中控技术,2025-09-25 09:32:02,53.56,29509,53.57,E
sh688777,中控技术,2025-09-25 09:32:05,53.6,8563,53.56,U
sh688777,中控技术,2025-09-25 09:32:08,53.71,12097,53.6,U
sh688777,中控技术,2025-09-25 09:32:11,53.71,30686,53.71,U
sh688777,中控技术,2025-09-25 09:32:14,53.75,4169,53.71,U
sh688777,中控技术,2025-09-25 09:32:17,53.78,14186,53.75,U
sh688777,中控技术,2025-09-25 09:32:20,53.83,5171,53.78,U
sh688777,中控技术,2025-09-25 09:32:23,53.85,26472,53.83,U
sh688777,中控技术,2025-09-25 09:32:26,53.85,27416,53.85,U
sh688777,中控技术,2025-09-25 09:32:29,53.87,6859,53.85,U
sh688777,中控技术,2025-09-25 09:32:32,53.87,11892,53.87,U
sh688777,中控技术,2025-09-25 09:32:35,53.88,7564,53.87,U
sh688777,中控技术,2025-09-25 09:32:38,53.87,24177,53.88,D
sh688777,中控技术,2025-09-25 09:32:41,53.88,25871,53.87,U
sh688777,中控技术,2025-09-25 09:32:44,53.88,20079,53.88,D
sh688777,中控技术,2025-09-25 09:32:47,53.87,84206,53.88,D
sh688777,中控技术,2025-09-25 09:32:50,53.81,50336,53.87,D
sh688777,中控技术,2025-09-25 09:32:53,53.84,6919,53.81,U
sh688777,中控技术,2025-09-25 09:32:56,53.83,11216,53.84,D
sh688777,中控技术,2025-09-25 09:32:59,53.81,8024,53.83,U
sh688777,中控技术,2025-09-25 09:33:02,53.74,23231,53.81,D
sh688777,中控技术,2025-09-25 09:33:05,53.81,17486,53.74,U
sh688777,中控技术,2025-09-25 09:33:08,53.82,7527,53.81,U
sh688777,中控技术,2025-09-25 09:33:11,53.81,7373,53.82,E
sh688777,中控技术,2025-09-25 09:33:14,53.72,54513,53.81,D
sh688777,中控技术,2025-09-25 09:33:17,53.87,64669,53.72,U
sh688777,中控技术,2025-09-25 09:33:20,53.86,17095,53.87,D
sh688777,中控技术,2025-09-25 09:33:23,53.82,3752,53.86,D
sh688777,中控技术,2025-09-25 09:33:26,53.84,8408,53.82,U
sh688777,中控技术,2025-09-25 09:33:29,53.83,7938,53.84,U
sh688777,中控技术,2025-09-25 09:33:32,53.78,16557,53.83,D
sh688777,中控技术,2025-09-25 09:33:35,53.8,10716,53.78,U
sh688777,中控技术,2025-09-25 09:33:38,53.75,9687,53.8,D
sh688777,中控技术,2025-09-25 09:33:41,53.79,23395,53.75,U
sh688777,中控技术,2025-09-25 09:33:44,53.75,16246,53.79,E
sh688777,中控技术,2025-09-25 09:33:47,53.78,10104,53.75,U
sh688777,中控技术,2025-09-25 09:33:53,53.7,32641,53.78,D
sh688777,中控技术,2025-09-25 09:33:56,53.72,9559,53.7,U
sh688777,中控技术,2025-09-25 09:34:02,53.72,10896,53.72,U
sh688777,中控技术,2025-09-25 09:34:05,53.68,12421,53.72,E
sh688777,中控技术,2025-09-25 09:34:08,53.63,7239,53.68,D
sh688777,中控技术,2025-09-25 09:34:11,53.61,6522,53.63,D
sh688777,中控技术,2025-09-25 09:34:14,53.6,14784,53.61,D
sh688777,中控技术,2025-09-25 09:34:17,53.51,9392,53.6,D
sh688777,中控技术,2025-09-25 09:34:20,53.55,16853,53.51,U
sh688777,中控技术,2025-09-25 09:34:23,53.51,8284,53.55,D
sh688777,中控技术,2025-09-25 09:34:26,53.56,21218,53.51,U
sh688777,中控技术,2025-09-25 09:34:29,53.58,32956,53.56,E
sh688777,中控技术,2025-09-25 09:34:32,53.62,40204,53.58,U
sh688777,中控技术,2025-09-25 09:34:35,53.62,10431,53.62,D
sh688777,中控技术,2025-09-25 09:34:38,53.64,6244,53.62,D
sh688777,中控技术,2025-09-25 09:34:41,53.71,13414,53.64,U
sh688777,中控技术,2025-09-25 09:34:47,53.65,18446,53.64,D
sh688777,中控技术,2025-09-25 09:34:50,53.62,3800,53.65,D
sh688777,中控技术,2025-09-25 09:34:53,53.66,10964,53.62,D
sh688777,中控技术,2025-09-25 09:34:56,53.7,7648,53.66,U
sh688777,中控技术,2025-09-25 09:34:59,53.65,4684,53.7,E
sh688777,中控技术,2025-09-25 09:35:02,53.69,4393,53.65,U
sh688777,中控技术,2025-09-25 09:35:05,53.7,5223,53.69,U
sh688777,中控技术,2025-09-25 09:35:08,53.69,5400,53.7,D
sh688777,中控技术,2025-09-25 09:35:14,53.7,4738,53.7,U
sh688777,中控技术,2025-09-25 09:35:17,53.74,14220,53.7,U
sh688777,中控技术,2025-09-25 09:35:20,53.72,4128,53.74,D
sh688777,中控技术,2025-09-25 09:35:26,53.72,15738,53.7,U
sh688777,中控技术,2025-09-25 09:35:29,53.66,49112,53.72,D
sh688777,中控技术,2025-09-25 09:35:32,53.69,6500,53.66,U
sh688777,中控技术,2025-09-25 09:35:35,53.72,5500,53.69,U
sh688777,中控技术,2025-09-25 09:35:38,53.6,16833,53.72,D
sh688777,中控技术,2025-09-25 09:35:47,53.65,10418,53.65,U
sh688777,中控技术,2025-09-25 09:35:53,53.71,15910,53.67,U
sh688777,中控技术,2025-09-25 09:35:56,53.68,15527,53.71,D
sh688777,中控技术,2025-09-25 09:35:59,53.71,11391,53.68,U
sh688777,中控技术,2025-09-25 09:36:02,53.72,7283,53.71,U
sh688777,中控技术,2025-09-25 09:36:05,53.75,8389,53.72,U
sh688777,中控技术,2025-09-25 09:36:08,53.76,9659,53.75,U
sh688777,中控技术,2025-09-25 09:36:11,53.75,16516,53.76,U
sh688777,中控技术,2025-09-25 09:36:14,53.71,12375,53.75,D
sh688777,中控技术,2025-09-25 09:36:17,53.68,17165,53.71,D
sh688777,中控技术,2025-09-25 09:36:29,53.64,23771,53.67,D
sh688777,中控技术,2025-09-25 09:36:35,53.62,17966,53.64,D
sh688777,中控技术,2025-09-25 09:36:38,53.63,8800,53.62,U
sh688777,中控技术,2025-09-25 09:36:41,53.61,13557,53.63,D
sh688777,中控技术,2025-09-25 09:36:44,53.61,15045,53.61,D
sh688777,中控技术,2025-09-25 09:36:47,53.61,10141,53.61,D
sh688777,中控技术,2025-09-25 09:36:50,53.6,32613,53.61,E
sh688777,中控技术,2025-09-25 09:36:53,53.61,12528,53.6,U
sh688777,中控技术,2025-09-25 09:36:56,53.59,15423,53.61,D
sh688777,中控技术,2025-09-25 09:37:02,53.63,12766,53.63,U
sh688777,中控技术,2025-09-25 09:37:05,53.58,29673,53.63,D
sh688777,中控技术,2025-09-25 09:37:08,53.53,76098,53.58,D
sh688777,中控技术,2025-09-25 09:37:11,53.51,12046,53.53,D
sh688777,中控技术,2025-09-25 09:37:17,53.52,8548,53.54,D
sh688777,中控技术,2025-09-25 09:37:20,53.48,29115,53.52,D
sh688777,中控技术,2025-09-25 09:37:23,53.41,3810,53.48,D
sh688777,中控技术,2025-09-25 09:37:26,53.41,15300,53.41,D
sh688777,中控技术,2025-09-25 09:37:29,53.39,31037,53.41,D
sh688777,中控技术,2025-09-25 09:37:32,53.41,27271,53.39,E
sh688777,中控技术,2025-09-25 09:37:35,53.4,50249,53.41,E
sh688777,中控技术,2025-09-25 09:37:38,53.45,28061,53.4,D
sh688777,中控技术,2025-09-25 09:37:41,53.4,10684,53.45,E
sh688777,中控技术,2025-09-25 09:37:44,53.39,10659,53.4,D
sh688777,中控技术,2025-09-25 09:37:47,53.4,17252,53.39,U
sh688777,中控技术,2025-09-25 09:37:50,53.45,6707,53.4,U
sh688777,中控技术,2025-09-25 09:37:53,53.45,8780,53.45,D
sh688777,中控技术,2025-09-25 09:37:56,53.45,7051,53.45,D
sh688777,中控技术,2025-09-25 09:37:59,53.42,9849,53.45,D
sh688777,中控技术,2025-09-25 09:38:02,53.48,36146,53.42,U
sh688777,中控技术,2025-09-25 09:38:05,53.51,4800,53.48,U
sh688777,中控技术,2025-09-25 09:38:08,53.57,5600,53.51,U
sh688777,中控技术,2025-09-25 09:38:11,53.58,14566,53.57,U
sh688777,中控技术,2025-09-25 09:38:14,53.57,6622,53.58,D
sh688777,中控技术,2025-09-25 09:38:17,53.53,5913,53.57,D
sh688777,中控技术,2025-09-25 09:38:23,53.52,6392,53.53,D
sh688777,中控技术,2025-09-25 09:38:26,53.52,6749,53.52,E
sh688777,中控技术,2025-09-25 09:38:32,53.56,9960,53.51,U
sh688777,中控技术,2025-09-25 09:38:35,53.56,7665,53.56,D
sh688777,中控技术,2025-09-25 09:38:38,53.54,9475,53.56,D
sh688777,中控技术,2025-09-25 09:38:44,53.52,5065,53.51,U
sh688777,中控技术,2025-09-25 09:38:47,53.53,15582,53.52,U
sh688777,中控技术,2025-09-25 09:38:50,53.55,6323,53.53,U
sh688777,中控技术,2025-09-25 09:38:53,53.54,4084,53.55,D
sh688777,中控技术,2025-09-25 09:38:56,53.56,5136,53.54,U
sh688777,中控技术,2025-09-25 09:38:59,53.57,10112,53.56,U
sh688777,中控技术,2025-09-25 09:39:02,53.51,30762,53.57,D
sh688777,中控技术,2025-09-25 09:39:05,53.48,34174,53.51,D
sh688777,中控技术,2025-09-25 09:39:08,53.51,10520,53.48,U
sh688777,中控技术,2025-09-25 09:39:11,53.47,7191,53.51,D
sh688777,中控技术,2025-09-25 09:39:14,53.36,63932,53.47,D
sh688777,中控技术,2025-09-25 09:39:17,53.38,20476,53.36,U
sh688777,中控技术,2025-09-25 09:39:23,53.4,10750,53.39,U
sh688777,中控技术,2025-09-25 09:39:26,53.4,10278,53.4,D
sh688777,中控技术,2025-09-25 09:39:29,53.38,23717,53.4,D
sh688777,中控技术,2025-09-25 09:39:32,53.34,4753,53.38,D
sh688777,中控技术,2025-09-25 09:39:35,53.32,7935,53.34,D
sh688777,中控技术,2025-09-25 09:39:38,53.33,11818,53.32,E
sh688777,中控技术,2025-09-25 09:39:41,53.34,29797,53.33,E
sh688777,中控技术,2025-09-25 09:39:44,53.39,21830,53.34,D
sh688777,中控技术,2025-09-25 09:39:47,53.37,4857,53.39,D
sh688777,中控技术,2025-09-25 09:39:50,53.34,11684,53.37,D
sh688777,中控技术,2025-09-25 09:39:56,53.37,31489,53.37,U
sh688777,中控技术,2025-09-25 09:39:59,53.33,7733,53.37,D
sh688777,中控技术,2025-09-25 09:40:02,53.36,4900,53.33,E
sh688777,中控技术,2025-09-25 09:40:05,53.37,11284,53.36,E
sh688777,中控技术,2025-09-25 09:40:08,53.36,4718,53.37,D
sh688777,中控技术,2025-09-25 09:40:17,53.34,13530,53.36,D
sh688777,中控技术,2025-09-25 09:40:20,53.4,104280,53.34,U
sh688777,中控技术,2025-09-25 09:40:32,53.41,48855,53.42,U
sh688777,中控技术,2025-09-25 09:40:35,53.46,13229,53.41,U
sh688777,中控技术,2025-09-25 09:40:38,53.46,8909,53.46,D
sh688777,中控技术,2025-09-25 09:40:41,53.46,4896,53.46,D
sh688777,中控技术,2025-09-25 09:40:44,53.46,6153,53.46,D
sh688777,中控技术,2025-09-25 09:40:47,53.51,35017,53.46,U
sh688777,中控技术,2025-09-25 09:40:53,53.56,5247,53.54,U
sh688777,中控技术,2025-09-25 09:40:59,53.5,9473,53.54,D
sh688777,中控技术,2025-09-25 09:41:02,53.49,5266,53.5,D
sh688777,中控技术,2025-09-25 09:41:05,53.49,18671,53.49,D
sh688777,中控技术,2025-09-25 09:41:08,53.48,3834,53.49,D
sh688777,中控技术,2025-09-25 09:41:11,53.49,8362,53.48,U
sh688777,中控技术,2025-09-25 09:41:20,53.46,11140,53.43,U
sh688777,中控技术,2025-09-25 09:41:23,53.49,6300,53.46,U
sh688777,中控技术,2025-09-25 09:41:26,53.52,38314,53.49,U
sh688777,中控技术,2025-09-25 09:41:29,53.5,21075,53.52,D
sh688777,中控技术,2025-09-25 09:41:35,53.51,6272,53.52,D
sh688777,中控技术,2025-09-25 09:41:38,53.59,49714,53.51,U
sh688777,中控技术,2025-09-25 09:41:41,53.54,30019,53.59,D
sh688777,中控技术,2025-09-25 09:41:44,53.54,4128,53.54,U
sh688777,中控技术,2025-09-25 09:41:50,53.54,4491,53.53,U
sh688777,中控技术,2025-09-25 09:41:53,53.54,6584,53.54,U
sh688777,中控技术,2025-09-25 09:41:59,53.57,11359,53.53,U
sh688777,中控技术,2025-09-25 09:42:02,53.56,7529,53.57,D
sh688777,中控技术,2025-09-25 09:42:05,53.55,24801,53.56,E
sh688777,中控技术,2025-09-25 09:42:08,53.54,16573,53.55,D
sh688777,中控技术,2025-09-25 09:42:17,53.57,4445,53.58,D
sh688777,中控技术,2025-09-25 09:42:20,53.51,17389,53.57,D
sh688777,中控技术,2025-09-25 09:42:23,53.5,23066,53.51,D
sh688777,中控技术,2025-09-25 09:42:32,53.5,37085,53.5,U
sh688777,中控技术,2025-09-25 09:42:35,53.49,10223,53.5,D
sh688777,中控技术,2025-09-25 09:42:38,53.46,12129,53.49,D
sh688777,中控技术,2025-09-25 09:42:41,53.46,4931,53.46,U
sh688777,中控技术,2025-09-25 09:42:44,53.43,15238,53.46,D
sh688777,中控技术,2025-09-25 09:42:47,53.46,5425,53.43,U
sh688777,中控技术,2025-09-25 09:42:50,53.43,11095,53.46,U
sh688777,中控技术,2025-09-25 09:42:56,53.41,3834,53.39,U
sh688777,中控技术,2025-09-25 09:42:59,53.38,22412,53.41,D
sh688777,中控技术,2025-09-25 09:43:02,53.38,20207,53.38,U
sh688777,中控技术,2025-09-25 09:43:05,53.3,25717,53.38,D
sh688777,中控技术,2025-09-25 09:43:08,53.29,4975,53.3,D
sh688777,中控技术,2025-09-25 09:43:11,53.28,6437,53.29,D
sh688777,中控技术,2025-09-25 09:43:17,53.23,5578,53.24,D
sh688777,中控技术,2025-09-25 09:43:20,53.25,25421,53.23,U
sh688777,中控技术,2025-09-25 09:43:23,53.3,6526,53.25,U
sh688777,中控技术,2025-09-25 09:43:26,53.31,16330,53.3,U
sh688777,中控技术,2025-09-25 09:43:32,53.3,15947,53.31,U
sh688777,中控技术,2025-09-25 09:43:35,53.32,8909,53.3,U
sh688777,中控技术,2025-09-25 09:43:38,53.34,72357,53.32,E
sh688777,中控技术,2025-09-25 09:43:41,53.32,6536,53.34,D
sh688777,中控技术,2025-09-25 09:43:44,53.32,13617,53.32,U
sh688777,中控技术,2025-09-25 09:43:47,53.3,72149,53.32,D
sh688777,中控技术,2025-09-25 09:43:50,53.3,10185,53.3,U
sh688777,中控技术,2025-09-25 09:43:56,53.38,33095,53.3,U
sh688777,中控技术,2025-09-25 09:44:02,53.41,8885,53.39,U
sh688777,中控技术,2025-09-25 09:44:20,53.5,7113,53.55,D
sh688777,中控技术,2025-09-25 09:44:23,53.52,11800,53.5,E
sh688777,中控技术,2025-09-25 09:44:26,53.54,3825,53.52,U
sh688777,中控技术,2025-09-25 09:44:29,53.53,13938,53.54,E
sh688777,中控技术,2025-09-25 09:44:35,53.53,7206,53.5,U
sh688777,中控技术,2025-09-25 09:44:44,53.47,102834,53.5,D
sh688777,中控技术,2025-09-25 09:44:47,53.48,5404,53.47,U
sh688777,中控技术,2025-09-25 09:44:56,53.45,10834,53.48,D
sh688777,中控技术,2025-09-25 09:45:05,53.43,7685,53.46,D
sh688777,中控技术,2025-09-25 09:45:11,53.45,33034,53.43,U
sh688777,中控技术,2025-09-25 09:45:14,53.45,19967,53.45,U
sh688777,中控技术,2025-09-25 09:45:17,53.48,12900,53.45,U
sh688777,中控技术,2025-09-25 09:45:20,53.39,3998,53.48,D
sh688777,中控技术,2025-09-25 09:45:35,53.36,7499,53.38,D
sh688777,中控技术,2025-09-25 09:45:38,53.38,10655,53.36,U
sh688777,中控技术,2025-09-25 09:45:53,53.4,7231,53.38,U
sh688777,中控技术,2025-09-25 09:45:56,53.35,37443,53.4,D
sh688777,中控技术,2025-09-25 09:46:02,53.33,4200,53.34,D
sh688777,中控技术,2025-09-25 09:46:05,53.35,7700,53.33,U
sh688777,中控技术,2025-09-25 09:46:14,53.3,74619,53.38,D
sh688777,中控技术,2025-09-25 09:46:17,53.29,6728,53.3,E
sh688777,中控技术,2025-09-25 09:46:20,53.3,12010,53.29,U
sh688777,中控技术,2025-09-25 09:46:23,53.27,4500,53.3,D
sh688777,中控技术,2025-09-25 09:46:26,53.3,17711,53.27,U
sh688777,中控技术,2025-09-25 09:46:29,53.29,13105,53.3,D
sh688777,中控技术,2025-09-25 09:46:38,53.3,21673,53.3,D
sh688777,中控技术,2025-09-25 09:46:44,53.31,12442,53.3,U
sh688777,中控技术,2025-09-25 09:46:47,53.3,17899,53.31,D
sh688777,中控技术,2025-09-25 09:46:50,53.37,6600,53.3,E
sh688777,中控技术,2025-09-25 09:46:53,53.3,4140,53.37,D
sh688777,中控技术,2025-09-25 09:46:59,53.31,14400,53.31,D
sh688777,中控技术,2025-09-25 09:47:02,53.29,10420,53.31,D
sh688777,中控技术,2025-09-25 09:47:08,53.33,10860,53.3,D
sh688777,中控技术,2025-09-25 09:47:14,53.27,15871,53.32,D
sh688777,中控技术,2025-09-25 09:47:23,53.23,3995,53.23,D
sh688777,中控技术,2025-09-25 09:47:26,53.18,12861,53.23,D
sh688777,中控技术,2025-09-25 09:47:29,53.15,13525,53.18,D
sh688777,中控技术,2025-09-25 09:47:32,53.1,13149,53.15,D
sh688777,中控技术,2025-09-25 09:47:35,53.15,4800,53.1,U
sh688777,中控技术,2025-09-25 09:47:38,53.17,9894,53.15,U
sh688777,中控技术,2025-09-25 09:47:41,53.14,5634,53.17,D
sh688777,中控技术,2025-09-25 09:47:44,53.15,17065,53.14,U
sh688777,中控技术,2025-09-25 09:47:47,53.14,4315,53.15,U
sh688777,中控技术,2025-09-25 09:47:50,53.2,9001,53.14,U
sh688777,中控技术,2025-09-25 09:47:53,53.2,12805,53.2,U
sh688777,中控技术,2025-09-25 09:47:56,53.17,5727,53.2,D
sh688777,中控技术,2025-09-25 09:47:59,53.17,9576,53.17,U
sh688777,中控技术,2025-09-25 09:48:02,53.16,11070,53.17,D
sh688777,中控技术,2025-09-25 09:48:05,53.2,6134,53.16,U
sh688777,中控技术,2025-09-25 09:48:08,53.16,23762,53.2,D
sh688777,中控技术,2025-09-25 09:48:11,53.15,10292,53.16,D
sh688777,中控技术,2025-09-25 09:48:14,53.15,5587,53.15,D
sh688777,中控技术,2025-09-25 09:48:20,53.2,7908,53.16,U
sh688777,中控技术,2025-09-25 09:48:26,53.23,5214,53.22,U
sh688777,中控技术,2025-09-25 09:48:29,53.16,10830,53.23,D
sh688777,中控技术,2025-09-25 09:48:41,53.17,4351,53.18,D
sh688777,中控技术,2025-09-25 09:48:56,53.15,11400,53.21,D
sh688777,中控技术,2025-09-25 09:49:05,53.15,5246,53.18,D
sh688777,中控技术,2025-09-25 09:49:08,53.19,5608,53.15,U
sh688777,中控技术,2025-09-25 09:49:11,53.16,7543,53.19,D
sh688777,中控技术,2025-09-25 09:49:14,53.17,4687,53.16,D
sh688777,中控技术,2025-09-25 09:49:23,53.17,6346,53.16,U
sh688777,中控技术,2025-09-25 09:49:26,53.15,19578,53.17,D
sh688777,中控技术,2025-09-25 09:49:38,53.12,3797,53.14,D
sh688777,中控技术,2025-09-25 09:49:41,53.09,22285,53.12,D
sh688777,中控技术,2025-09-25 09:49:44,53.09,7143,53.09,D
sh688777,中控技术,2025-09-25 09:49:47,53.09,13139,53.09,D
sh688777,中控技术,2025-09-25 09:49:50,53.12,43381,53.09,U
sh688777,中控技术,2025-09-25 09:49:53,53.12,10066,53.12,E
sh688777,中控技术,2025-09-25 09:49:56,53.1,23455,53.12,D
sh688777,中控技术,2025-09-25 09:49:59,53.1,4900,53.1,D
sh688777,中控技术,2025-09-25 09:50:02,53.09,5663,53.1,D
sh688777,中控技术,2025-09-25 09:50:05,53.09,10298,53.09,U
sh688777,中控技术,2025-09-25 09:50:08,53.12,9200,53.09,U
sh688777,中控技术,2025-09-25 09:50:11,53.15,19844,53.12,U
sh688777,中控技术,2025-09-25 09:50:14,53.12,4012,53.15,E
sh688777,中控技术,2025-09-25 09:50:38,53.13,6639,53.13,D
sh688777,中控技术,2025-09-25 09:50:44,53.1,19421,53.12,D
sh688777,中控技术,2025-09-25 09:50:50,53.08,10048,53.1,D
sh688777,中控技术,2025-09-25 09:50:56,53.06,14493,53.08,D
sh688777,中控技术,2025-09-25 09:50:59,53.08,7059,53.06,U
sh688777,中控技术,2025-09-25 09:51:02,53.06,8930,53.08,D
sh688777,中控技术,2025-09-25 09:51:05,53.03,12114,53.06,D
sh688777,中控技术,2025-09-25 09:51:08,53.03,4888,53.03,D
sh688777,中控技术,2025-09-25 09:51:11,53.08,57026,53.03,U
sh688777,中控技术,2025-09-25 09:51:14,53.1,17265,53.08,U
sh688777,中控技术,2025-09-25 09:51:17,53.07,4870,53.1,E
sh688777,中控技术,2025-09-25 09:51:23,53.05,6068,53.06,D
sh688777,中控技术,2025-09-25 09:51:26,53.01,14936,53.05,D
sh688777,中控技术,2025-09-25 09:51:35,53.02,4153,53.0,E
sh688777,中控技术,2025-09-25 09:51:38,53.0,10155,53.02,D
sh688777,中控技术,2025-09-25 09:51:41,53.03,10631,53.0,U
sh688777,中控技术,2025-09-25 09:51:44,53.03,19533,53.03,U
sh688777,中控技术,2025-09-25 09:51:47,53.05,6018,53.03,U
sh688777,中控技术,2025-09-25 09:51:56,53.05,20152,53.05,U
sh688777,中控技术,2025-09-25 09:51:59,53.06,6400,53.05,E
sh688777,中控技术,2025-09-25 09:52:02,53.12,19895,53.06,U
sh688777,中控技术,2025-09-25 09:52:05,53.16,34977,53.12,U
sh688777,中控技术,2025-09-25 09:52:14,53.12,6248,53.15,D
sh688777,中控技术,2025-09-25 09:52:23,53.18,19047,53.15,U
sh688777,中控技术,2025-09-25 09:52:26,53.15,9185,53.18,D
sh688777,中控技术,2025-09-25 09:52:29,53.15,6753,53.15,D
sh688777,中控技术,2025-09-25 09:52:32,53.14,5877,53.15,D
sh688777,中控技术,2025-09-25 09:52:41,53.1,53425,53.13,D
sh688777,中控技术,2025-09-25 09:52:44,53.07,44204,53.1,D
sh688777,中控技术,2025-09-25 09:52:47,53.1,51441,53.07,E
sh688777,中控技术,2025-09-25 09:52:50,53.12,10402,53.1,U
sh688777,中控技术,2025-09-25 09:53:02,53.11,5397,53.1,U
sh688777,中控技术,2025-09-25 09:53:14,53.12,4463,53.14,D
sh688777,中控技术,2025-09-25 09:53:17,53.14,32241,53.12,U
sh688777,中控技术,2025-09-25 09:53:20,53.13,5600,53.14,D
sh688777,中控技术,2025-09-25 09:53:23,53.15,4770,53.13,E
sh688777,中控技术,2025-09-25 09:53:50,53.2,14019,53.2,D
sh688777,中控技术,2025-09-25 09:53:53,53.18,5946,53.2,D
sh688777,中控技术,2025-09-25 09:53:56,53.18,10209,53.18,U
sh688777,中控技术,2025-09-25 09:53:59,53.17,8516,53.18,D
sh688777,中控技术,2025-09-25 09:54:02,53.18,16564,53.17,U
sh688777,中控技术,2025-09-25 09:54:05,53.2,51765,53.18,U
sh688777,中控技术,2025-09-25 09:54:08,53.24,10336,53.2,U
sh688777,中控技术,2025-09-25 09:54:14,53.18,30200,53.24,D
sh688777,中控技术,2025-09-25 09:54:29,53.18,5000,53.24,D
sh688777,中控技术,2025-09-25 09:54:32,53.18,5863,53.18,E
sh688777,中控技术,2025-09-25 09:54:38,53.14,10011,53.18,D
sh688777,中控技术,2025-09-25 09:54:44,53.13,5180,53.13,U
sh688777,中控技术,2025-09-25 09:54:47,53.08,36708,53.13,D
sh688777,中控技术,2025-09-25 09:54:50,53.05,7699,53.08,D
sh688777,中控技术,2025-09-25 09:54:59,53.08,4226,53.04,U
sh688777,中控技术,2025-09-25 09:55:11,53.05,9541,53.05,U
sh688777,中控技术,2025-09-25 09:55:20,53.06,4715,53.03,U
sh688777,中控技术,2025-09-25 09:55:23,53.09,8186,53.06,U
sh688777,中控技术,2025-09-25 09:55:29,53.1,21847,53.15,D
sh688777,中控技术,2025-09-25 09:55:47,53.13,4862,53.11,U
sh688777,中控技术,2025-09-25 09:55:56,53.15,6213,53.14,U
sh688777,中控技术,2025-09-25 09:56:02,53.13,9516,53.15,D
sh688777,中控技术,2025-09-25 09:56:11,53.17,6128,53.14,U
sh688777,中控技术,2025-09-25 09:56:14,53.21,29678,53.17,U
sh688777,中控技术,2025-09-25 09:56:32,53.15,5598,53.18,D
sh688777,中控技术,2025-09-25 09:56:44,53.16,4700,53.12,U
sh688777,中控技术,2025-09-25 09:56:47,53.1,24237,53.16,D
sh688777,中控技术,2025-09-25 09:56:50,53.09,7893,53.1,D
sh688777,中控技术,2025-09-25 09:56:53,53.16,13358,53.09,U
sh688777,中控技术,2025-09-25 09:57:02,53.2,8933,53.17,U
sh688777,中控技术,2025-09-25 09:57:17,53.18,8216,53.2,D
sh688777,中控技术,2025-09-25 09:57:20,53.23,5533,53.18,U
sh688777,中控技术,2025-09-25 09:57:26,53.18,4574,53.21,D
sh688777,中控技术,2025-09-25 09:57:38,53.2,10937,53.2,U
sh688777,中控技术,2025-09-25 09:57:44,53.17,9453,53.2,D
sh688777,中控技术,2025-09-25 09:57:50,53.19,4726,53.18,U
sh688777,中控技术,2025-09-25 09:57:53,53.16,7863,53.19,D
sh688777,中控技术,2025-09-25 09:57:56,53.19,4408,53.16,U
sh688777,中控技术,2025-09-25 09:58:08,53.18,4000,53.18,U
sh688777,中控技术,2025-09-25 09:58:11,53.2,5783,53.18,U
sh688777,中控技术,2025-09-25 09:58:14,53.24,6482,53.2,U
sh688777,中控技术,2025-09-25 09:58:35,53.27,12291,53.27,D
sh688777,中控技术,2025-09-25 09:58:44,53.28,11700,53.25,U
sh688777,中控技术,2025-09-25 09:58:56,53.28,6084,53.28,E
sh688777,中控技术,2025-09-25 09:59:02,53.3,12165,53.3,U
sh688777,中控技术,2025-09-25 09:59:08,53.26,5400,53.26,D
sh688777,中控技术,2025-09-25 09:59:17,53.3,5493,53.26,U
sh688777,中控技术,2025-09-25 09:59:35,53.22,5346,53.25,D
sh688777,中控技术,2025-09-25 09:59:41,53.26,7924,53.25,U
sh688777,中控技术,2025-09-25 10:00:02,53.23,4771,53.21,U
sh688777,中控技术,2025-09-25 10:00:11,53.23,7334,53.21,U
sh688777,中控技术,2025-09-25 10:00:14,53.22,5628,53.23,D
sh688777,中控技术,2025-09-25 10:00:20,53.2,17475,53.21,D
sh688777,中控技术,2025-09-25 10:00:35,53.21,4638,53.19,U
sh688777,中控技术,2025-09-25 10:00:38,53.21,6350,53.21,U
sh688777,中控技术,2025-09-25 10:00:44,53.21,5982,53.21,D
sh688777,中控技术,2025-09-25 10:01:05,53.25,7597,53.23,U
sh688777,中控技术,2025-09-25 10:01:17,53.26,6591,53.26,D
sh688777,中控技术,2025-09-25 10:01:29,53.24,9496,53.29,D
sh688777,中控技术,2025-09-25 10:01:56,53.27,4957,53.24,U
sh688777,中控技术,2025-09-25 10:01:59,53.24,7848,53.27,D
sh688777,中控技术,2025-09-25 10:02:05,53.22,5258,53.2,E
sh688777,中控技术,2025-09-25 10:02:11,53.24,9966,53.18,U
sh688777,中控技术,2025-09-25 10:02:56,53.28,4166,53.27,E
sh688777,中控技术,2025-09-25 10:02:59,53.27,8513,53.28,E
sh688777,中控技术,2025-09-25 10:03:05,53.34,8474,53.3,U
sh688777,中控技术,2025-09-25 10:03:08,53.38,47300,53.34,U
sh688777,中控技术,2025-09-25 10:03:14,53.42,12915,53.38,U
sh688777,中控技术,2025-09-25 10:03:20,53.36,42531,53.43,D
sh688777,中控技术,2025-09-25 10:03:38,53.41,5053,53.41,U
sh688777,中控技术,2025-09-25 10:03:41,53.41,6460,53.41,U
sh688777,中控技术,2025-09-25 10:03:44,53.41,6834,53.41,E
sh688777,中控技术,2025-09-25 10:03:50,53.41,8024,53.4,U
sh688777,中控技术,2025-09-25 10:03:53,53.4,6000,53.41,D
sh688777,中控技术,2025-09-25 10:03:56,53.34,20075,53.4,D
sh688777,中控技术,2025-09-25 10:03:59,53.41,39948,53.34,U
sh688777,中控技术,2025-09-25 10:04:44,53.36,46483,53.36,D
sh688777,中控技术,2025-09-25 10:04:50,53.38,9849,53.36,U
sh688777,中控技术,2025-09-25 10:04:59,53.33,25299,53.39,D
sh688777,中控技术,2025-09-25 10:05:05,53.39,7222,53.38,U
sh688777,中控技术,2025-09-25 10:05:11,53.39,9289,53.37,U
sh688777,中控技术,2025-09-25 10:05:17,53.36,10009,53.37,E
sh688777,中控技术,2025-09-25 10:05:23,53.36,3891,53.36,U
sh688777,中控技术,2025-09-25 10:05:35,53.32,7400,53.39,D
sh688777,中控技术,2025-09-25 10:05:50,53.36,6556,53.35,U
sh688777,中控技术,2025-09-25 10:06:20,53.38,3936,53.36,U
sh688777,中控技术,2025-09-25 10:06:26,53.38,4100,53.37,U
sh688777,中控技术,2025-09-25 10:06:29,53.37,10743,53.38,D
sh688777,中控技术,2025-09-25 10:06:35,53.35,8151,53.38,D
sh688777,中控技术,2025-09-25 10:06:47,53.33,7705,53.33,D
sh688777,中控技术,2025-09-25 10:06:56,53.25,33565,53.34,D
sh688777,中控技术,2025-09-25 10:07:08,53.31,4698,53.29,U
sh688777,中控技术,2025-09-25 10:07:17,53.32,6312,53.32,U
sh688777,中控技术,2025-09-25 10:07:29,53.4,10400,53.39,U
sh688777,中控技术,2025-09-25 10:07:44,53.33,10511,53.35,D
sh688777,中控技术,2025-09-25 10:07:59,53.33,5510,53.33,D
sh688777,中控技术,2025-09-25 10:08:05,53.32,4178,53.33,D
sh688777,中控技术,2025-09-25 10:08:08,53.3,7954,53.32,D
sh688777,中控技术,2025-09-25 10:08:14,53.29,20449,53.3,D
sh688777,中控技术,2025-09-25 10:08:17,53.27,10400,53.29,D
sh688777,中控技术,2025-09-25 10:08:50,53.38,5452,53.3,U
sh688777,中控技术,2025-09-25 10:08:53,53.37,3882,53.38,E
sh688777,中控技术,2025-09-25 10:08:56,53.39,11102,53.37,U
sh688777,中控技术,2025-09-25 10:09:05,53.41,12763,53.33,U
sh688777,中控技术,2025-09-25 10:09:08,53.42,4873,53.41,U
sh688777,中控技术,2025-09-25 10:09:11,53.39,7136,53.42,D
sh688777,中控技术,2025-09-25 10:09:17,53.42,6730,53.39,U
sh688777,中控技术,2025-09-25 10:09:23,53.48,8479,53.45,U
sh688777,中控技术,2025-09-25 10:09:26,53.42,7400,53.48,D
sh688777,中控技术,2025-09-25 10:09:32,53.44,5239,53.48,D
sh688777,中控技术,2025-09-25 10:09:35,53.45,11290,53.44,U
sh688777,中控技术,2025-09-25 10:09:38,53.48,19542,53.45,U
sh688777,中控技术,2025-09-25 10:09:41,53.5,22967,53.48,U
sh688777,中控技术,2025-09-25 10:09:56,53.51,8001,53.51,U
sh688777,中控技术,2025-09-25 10:10:02,53.48,41256,53.5,D
sh688777,中控技术,2025-09-25 10:10:08,53.51,4250,53.53,U
sh688777,中控技术,2025-09-25 10:10:20,53.5,8861,53.5,U
sh688777,中控技术,2025-09-25 10:10:29,53.47,4858,53.49,D
sh688777,中控技术,2025-09-25 10:10:41,53.43,5484,53.49,D
sh688777,中控技术,2025-09-25 10:10:53,53.43,4956,53.43,D
sh688777,中控技术,2025-09-25 10:10:59,53.45,11444,53.46,E
sh688777,中控技术,2025-09-25 10:11:05,53.43,5500,53.47,D
sh688777,中控技术,2025-09-25 10:11:11,53.49,4820,53.43,U
sh688777,中控技术,2025-09-25 10:11:14,53.45,23132,53.49,D
sh688777,中控技术,2025-09-25 10:11:26,53.47,4917,53.45,U
sh688777,中控技术,2025-09-25 10:11:59,53.42,15928,53.48,D
sh688777,中控技术,2025-09-25 10:12:14,53.43,4736,53.44,D
sh688777,中控技术,2025-09-25 10:12:20,53.45,11259,53.43,U
sh688777,中控技术,2025-09-25 10:12:23,53.42,9796,53.45,D
sh688777,中控技术,2025-09-25 10:12:29,53.43,7919,53.47,D
sh688777,中控技术,2025-09-25 10:12:32,53.42,29242,53.43,D
sh688777,中控技术,2025-09-25 10:12:44,53.41,14933,53.42,D
sh688777,中控技术,2025-09-25 10:12:47,53.44,6022,53.41,U
sh688777,中控技术,2025-09-25 10:12:59,53.42,7352,53.41,U
sh688777,中控技术,2025-09-25 10:13:17,53.44,7490,53.43,U
sh688777,中控技术,2025-09-25 10:13:20,53.42,4660,53.44,D
sh688777,中控技术,2025-09-25 10:13:29,53.43,3985,53.45,D
sh688777,中控技术,2025-09-25 10:13:35,53.48,11245,53.46,U
sh688777,中控技术,2025-09-25 10:13:38,53.46,4243,53.48,D
sh688777,中控技术,2025-09-25 10:13:44,53.47,5780,53.46,U
sh688777,中控技术,2025-09-25 10:13:50,53.44,4593,53.44,D
sh688777,中控技术,2025-09-25 10:13:56,53.49,12039,53.44,U
sh688777,中控技术,2025-09-25 10:14:11,53.48,4047,53.44,U
sh688777,中控技术,2025-09-25 10:14:20,53.44,34276,53.47,D
sh688777,中控技术,2025-09-25 10:14:29,53.48,7230,53.44,U
sh688777,中控技术,2025-09-25 10:14:35,53.49,7780,53.5,U
sh688777,中控技术,2025-09-25 10:14:44,53.43,12664,53.48,D
sh688777,中控技术,2025-09-25 10:14:50,53.43,10000,53.43,U
sh688777,中控技术,2025-09-25 10:14:56,53.41,8627,53.42,D
sh688777,中控技术,2025-09-25 10:14:59,53.4,21532,53.41,D
sh688777,中控技术,2025-09-25 10:15:02,53.4,6091,53.4,D
sh688777,中控技术,2025-09-25 10:15:05,53.39,10813,53.4,D
sh688777,中控技术,2025-09-25 10:15:14,53.38,18648,53.4,D
sh688777,中控技术,2025-09-25 10:15:20,53.38,6891,53.39,D
sh688777,中控技术,2025-09-25 10:15:32,53.33,47897,53.38,D
sh688777,中控技术,2025-09-25 10:15:44,53.34,4874,53.34,D
sh688777,中控技术,2025-09-25 10:15:50,53.34,8566,53.34,U
sh688777,中控技术,2025-09-25 10:16:05,53.33,6871,53.34,D
sh688777,中控技术,2025-09-25 10:16:11,53.33,8200,53.33,U
sh688777,中控技术,2025-09-25 10:16:17,53.35,31100,53.32,U
sh688777,中控技术,2025-09-25 10:16:20,53.38,17158,53.35,U
sh688777,中控技术,2025-09-25 10:16:23,53.41,50667,53.38,U
sh688777,中控技术,2025-09-25 10:16:26,53.4,4480,53.41,D
sh688777,中控技术,2025-09-25 10:16:35,53.44,6122,53.42,U
sh688777,中控技术,2025-09-25 10:16:53,53.45,12764,53.44,U
sh688777,中控技术,2025-09-25 10:16:59,53.46,8324,53.45,U
sh688777,中控技术,2025-09-25 10:17:02,53.45,9321,53.46,D
sh688777,中控技术,2025-09-25 10:17:05,53.45,25864,53.45,D
sh688777,中控技术,2025-09-25 10:17:23,53.43,7067,53.44,D
sh688777,中控技术,2025-09-25 10:17:26,53.43,6703,53.43,U
sh688777,中控技术,2025-09-25 10:17:38,53.38,43612,53.4,D
sh688777,中控技术,2025-09-25 10:17:47,53.38,8898,53.39,D
sh688777,中控技术,2025-09-25 10:17:50,53.38,4633,53.38,D
sh688777,中控技术,2025-09-25 10:17:59,53.39,11351,53.39,U
sh688777,中控技术,2025-09-25 10:18:05,53.45,21000,53.39,U
sh688777,中控技术,2025-09-25 10:18:14,53.42,5351,53.44,D
sh688777,中控技术,2025-09-25 10:18:26,53.46,7457,53.43,U
sh688777,中控技术,2025-09-25 10:18:32,53.49,18298,53.44,U
sh688777,中控技术,2025-09-25 10:18:35,53.55,31957,53.49,U
sh688777,中控技术,2025-09-25 10:18:38,53.53,15094,53.55,D
sh688777,中控技术,2025-09-25 10:18:44,53.54,13965,53.55,E
sh688777,中控技术,2025-09-25 10:18:47,53.56,12394,53.54,U
sh688777,中控技术,2025-09-25 10:18:53,53.54,6200,53.54,D
sh688777,中控技术,2025-09-25 10:19:14,53.44,12331,53.49,D
sh688777,中控技术,2025-09-25 10:19:26,53.49,14789,53.48,U
sh688777,中控技术,2025-09-25 10:19:35,53.46,3800,53.49,D
sh688777,中控技术,2025-09-25 10:19:38,53.45,30400,53.46,D
sh688777,中控技术,2025-09-25 10:19:56,53.5,8366,53.45,U
sh688777,中控技术,2025-09-25 10:20:05,53.52,9200,53.5,U
sh688777,中控技术,2025-09-25 10:20:20,53.49,3773,53.49,D
sh688777,中控技术,2025-09-25 10:20:23,53.5,22258,53.49,U
sh688777,中控技术,2025-09-25 10:20:47,53.45,5000,53.45,D
sh688777,中控技术,2025-09-25 10:21:08,53.39,7162,53.41,D
sh688777,中控技术,2025-09-25 10:21:11,53.38,6209,53.39,D
sh688777,中控技术,2025-09-25 10:21:17,53.38,5612,53.38,D
sh688777,中控技术,2025-09-25 10:21:50,53.45,19778,53.39,U
sh688777,中控技术,2025-09-25 10:22:53,53.4,5087,53.39,U
sh688777,中控技术,2025-09-25 10:22:59,53.39,6563,53.4,D
sh688777,中控技术,2025-09-25 10:23:08,53.43,3809,53.42,U
sh688777,中控技术,2025-09-25 10:23:29,53.38,5898,53.42,D
sh688777,中控技术,2025-09-25 10:23:41,53.38,11141,53.4,D
sh688777,中控技术,2025-09-25 10:23:44,53.38,4453,53.38,D
sh688777,中控技术,2025-09-25 10:23:56,53.37,6836,53.37,D
sh688777,中控技术,2025-09-25 10:23:59,53.36,5748,53.37,D
sh688777,中控技术,2025-09-25 10:24:02,53.33,4988,53.36,D
sh688777,中控技术,2025-09-25 10:24:20,53.32,10000,53.32,D
sh688777,中控技术,2025-09-25 10:24:26,53.4,43377,53.35,U
sh688777,中控技术,2025-09-25 10:24:29,53.44,27987,53.4,U
sh688777,中控技术,2025-09-25 10:24:32,53.44,10620,53.44,U
sh688777,中控技术,2025-09-25 10:24:35,53.45,4192,53.44,U
sh688777,中控技术,2025-09-25 10:24:38,53.43,6251,53.45,D
sh688777,中控技术,2025-09-25 10:25:05,53.42,7900,53.42,D
sh688777,中控技术,2025-09-25 10:25:14,53.41,21783,53.42,U
sh688777,中控技术,2025-09-25 10:25:17,53.4,5259,53.41,D
sh688777,中控技术,2025-09-25 10:25:53,53.4,6205,53.4,D
sh688777,中控技术,2025-09-25 10:26:05,53.48,32953,53.42,U
sh688777,中控技术,2025-09-25 10:26:08,53.49,12186,53.48,U
sh688777,中控技术,2025-09-25 10:26:14,53.49,6005,53.49,D
sh688777,中控技术,2025-09-25 10:26:23,53.5,5699,53.49,U
sh688777,中控技术,2025-09-25 10:26:29,53.57,20000,53.5,U
sh688777,中控技术,2025-09-25 10:26:32,53.57,16500,53.57,U
sh688777,中控技术,2025-09-25 10:26:41,53.53,7868,53.56,D
sh688777,中控技术,2025-09-25 10:26:50,53.55,7374,53.52,U
sh688777,中控技术,2025-09-25 10:26:56,53.55,4224,53.55,U
sh688777,中控技术,2025-09-25 10:26:59,53.59,10400,53.55,U
sh688777,中控技术,2025-09-25 10:27:02,53.55,4000,53.59,D
sh688777,中控技术,2025-09-25 10:27:05,53.54,11739,53.55,D
sh688777,中控技术,2025-09-25 10:27:08,53.55,20300,53.54,U
sh688777,中控技术,2025-09-25 10:27:11,53.55,5797,53.55,U
sh688777,中控技术,2025-09-25 10:27:14,53.6,7416,53.55,U
sh688777,中控技术,2025-09-25 10:27:20,53.59,5988,53.6,D
sh688777,中控技术,2025-09-25 10:27:26,53.61,17847,53.57,U
sh688777,中控技术,2025-09-25 10:27:32,53.61,9648,53.6,U
sh688777,中控技术,2025-09-25 10:27:41,53.6,4100,53.6,D
sh688777,中控技术,2025-09-25 10:27:50,53.58,4000,53.59,E
sh688777,中控技术,2025-09-25 10:27:53,53.59,22095,53.58,U
sh688777,中控技术,2025-09-25 10:27:59,53.55,6092,53.59,D
sh688777,中控技术,2025-09-25 10:28:02,53.55,4645,53.55,D
sh688777,中控技术,2025-09-25 10:28:11,53.55,16139,53.59,D
sh688777,中控技术,2025-09-25 10:28:17,53.59,4031,53.55,E
sh688777,中控技术,2025-09-25 10:28:23,53.56,25000,53.59,D
sh688777,中控技术,2025-09-25 10:28:38,53.62,10489,53.61,U
sh688777,中控技术,2025-09-25 10:28:53,53.6,29563,53.62,D
sh688777,中控技术,2025-09-25 10:29:14,53.58,3748,53.59,D
sh688777,中控技术,2025-09-25 10:29:50,53.62,3921,53.6,U
sh688777,中控技术,2025-09-25 10:29:53,53.59,5887,53.62,D
sh688777,中控技术,2025-09-25 10:30:05,53.57,5429,53.57,D
sh688777,中控技术,2025-09-25 10:30:14,53.58,4460,53.58,U
sh688777,中控技术,2025-09-25 10:30:17,53.58,12988,53.58,U
sh688777,中控技术,2025-09-25 10:30:20,53.57,9698,53.58,D
sh688777,中控技术,2025-09-25 10:30:26,53.56,5729,53.57,D
sh688777,中控技术,2025-09-25 10:30:38,53.55,12224,53.56,D
sh688777,中控技术,2025-09-25 10:30:41,53.54,7198,53.55,D
sh688777,中控技术,2025-09-25 10:30:53,53.55,8137,53.54,U
sh688777,中控技术,2025-09-25 10:30:56,53.54,14296,53.55,D
sh688777,中控技术,2025-09-25 10:31:02,53.54,4478,53.54,D
sh688777,中控技术,2025-09-25 10:31:05,53.53,37730,53.54,D
sh688777,中控技术,2025-09-25 10:31:20,53.53,8592,53.52,D
sh688777,中控技术,2025-09-25 10:31:35,53.53,13200,53.52,U
sh688777,中控技术,2025-09-25 10:31:38,53.53,15370,53.53,D
sh688777,中控技术,2025-09-25 10:31:44,53.53,13796,53.54,D
sh688777,中控技术,2025-09-25 10:31:50,53.54,7200,53.54,U
sh688777,中控技术,2025-09-25 10:32:14,53.52,5179,53.52,D
sh688777,中控技术,2025-09-25 10:32:17,53.5,24881,53.52,D
sh688777,中控技术,2025-09-25 10:32:20,53.5,6527,53.5,D
sh688777,中控技术,2025-09-25 10:32:32,53.5,10867,53.5,D
sh688777,中控技术,2025-09-25 10:32:50,53.52,14588,53.53,D
sh688777,中控技术,2025-09-25 10:32:53,53.49,3775,53.52,D
sh688777,中控技术,2025-09-25 10:32:59,53.48,4092,53.48,D
sh688777,中控技术,2025-09-25 10:33:11,53.46,47321,53.48,D
sh688777,中控技术,2025-09-25 10:33:14,53.52,7046,53.46,U
sh688777,中控技术,2025-09-25 10:33:17,53.52,6136,53.52,U
sh688777,中控技术,2025-09-25 10:33:20,53.52,24702,53.52,U
sh688777,中控技术,2025-09-25 10:33:23,53.46,55532,53.52,D
sh688777,中控技术,2025-09-25 10:33:26,53.52,7060,53.46,U
sh688777,中控技术,2025-09-25 10:33:35,53.52,14636,53.52,D
sh688777,中控技术,2025-09-25 10:33:47,53.51,6381,53.52,U
sh688777,中控技术,2025-09-25 10:33:59,53.49,4690,53.5,E
sh688777,中控技术,2025-09-25 10:34:05,53.48,9759,53.49,D
sh688777,中控技术,2025-09-25 10:34:08,53.46,4582,53.48,D
sh688777,中控技术,2025-09-25 10:34:17,53.47,3990,53.48,E
sh688777,中控技术,2025-09-25 10:34:35,53.44,4635,53.45,D
sh688777,中控技术,2025-09-25 10:34:41,53.45,4375,53.44,U
sh688777,中控技术,2025-09-25 10:34:50,53.46,9300,53.45,U
sh688777,中控技术,2025-09-25 10:34:59,53.46,18123,53.45,U
sh688777,中控技术,2025-09-25 10:35:02,53.46,8130,53.46,U
sh688777,中控技术,2025-09-25 10:35:17,53.47,4400,53.47,U
sh688777,中控技术,2025-09-25 10:35:20,53.48,50730,53.47,U
sh688777,中控技术,2025-09-25 10:35:23,53.51,21230,53.48,U
sh688777,中控技术,2025-09-25 10:35:53,53.53,4796,53.52,U
sh688777,中控技术,2025-09-25 10:35:56,53.52,10433,53.53,D
sh688777,中控技术,2025-09-25 10:35:59,53.49,28496,53.52,D
sh688777,中控技术,2025-09-25 10:36:05,53.53,4233,53.49,U
sh688777,中控技术,2025-09-25 10:36:08,53.54,5457,53.53,U
sh688777,中控技术,2025-09-25 10:36:14,53.55,4095,53.54,U
sh688777,中控技术,2025-09-25 10:36:20,53.53,7461,53.55,D
sh688777,中控技术,2025-09-25 10:36:44,53.55,8964,53.54,U
sh688777,中控技术,2025-09-25 10:36:47,53.55,5217,53.55,U
sh688777,中控技术,2025-09-25 10:37:05,53.54,7283,53.55,D
sh688777,中控技术,2025-09-25 10:37:08,53.53,15086,53.54,D
sh688777,中控技术,2025-09-25 10:37:11,53.54,4236,53.53,U
sh688777,中控技术,2025-09-25 10:37:26,53.49,6583,53.49,D
sh688777,中控技术,2025-09-25 10:37:38,53.48,29668,53.5,D
sh688777,中控技术,2025-09-25 10:37:50,53.48,21403,53.52,D
sh688777,中控技术,2025-09-25 10:38:26,53.49,13332,53.5,D
sh688777,中控技术,2025-09-25 10:38:32,53.49,5318,53.51,D
sh688777,中控技术,2025-09-25 10:38:35,53.49,7082,53.49,U
sh688777,中控技术,2025-09-25 10:38:38,53.48,16611,53.49,D
sh688777,中控技术,2025-09-25 10:38:53,53.48,11599,53.48,U
sh688777,中控技术,2025-09-25 10:38:56,53.48,11154,53.48,U
sh688777,中控技术,2025-09-25 10:38:59,53.5,6123,53.48,U
sh688777,中控技术,2025-09-25 10:39:05,53.5,11009,53.5,U
sh688777,中控技术,2025-09-25 10:39:08,53.51,8473,53.5,U
sh688777,中控技术,2025-09-25 10:39:29,53.49,3953,53.5,D
sh688777,中控技术,2025-09-25 10:39:38,53.47,8809,53.49,D
sh688777,中控技术,2025-09-25 10:39:50,53.46,20000,53.46,D
sh688777,中控技术,2025-09-25 10:39:56,53.49,5144,53.47,U
sh688777,中控技术,2025-09-25 10:40:08,53.46,22633,53.47,D
sh688777,中控技术,2025-09-25 10:40:11,53.49,4915,53.46,U
sh688777,中控技术,2025-09-25 10:40:29,53.43,52850,53.47,D
sh688777,中控技术,2025-09-25 10:40:41,53.43,63700,53.43,U
sh688777,中控技术,2025-09-25 10:40:44,53.45,7065,53.43,U
sh688777,中控技术,2025-09-25 10:40:50,53.47,62809,53.43,U
sh688777,中控技术,2025-09-25 10:40:56,53.38,56042,53.43,D
sh688777,中控技术,2025-09-25 10:40:59,53.41,11379,53.38,U
sh688777,中控技术,2025-09-25 10:41:17,53.43,54125,53.44,D
sh688777,中控技术,2025-09-25 10:41:23,53.34,52100,53.44,D
sh688777,中控技术,2025-09-25 10:41:32,53.37,56700,53.42,D
sh688777,中控技术,2025-09-25 10:41:38,53.37,53774,53.38,D
sh688777,中控技术,2025-09-25 10:41:41,53.39,15734,53.37,U
sh688777,中控技术,2025-09-25 10:41:47,53.39,6574,53.44,D
sh688777,中控技术,2025-09-25 10:41:50,53.4,68100,53.39,E
sh688777,中控技术,2025-09-25 10:41:56,53.35,12325,53.4,D
sh688777,中控技术,2025-09-25 10:42:17,53.39,5982,53.34,U
sh688777,中控技术,2025-09-25 10:42:29,53.43,9076,53.38,U
sh688777,中控技术,2025-09-25 10:42:32,53.46,9990,53.43,U
sh688777,中控技术,2025-09-25 10:43:02,53.46,5220,53.45,U
sh688777,中控技术,2025-09-25 10:43:11,53.43,5000,53.47,D
sh688777,中控技术,2025-09-25 10:43:17,53.44,4600,53.45,D
sh688777,中控技术,2025-09-25 10:43:23,53.46,15923,53.45,U
sh688777,中控技术,2025-09-25 10:43:26,53.45,8200,53.46,D
sh688777,中控技术,2025-09-25 10:43:35,53.45,5138,53.44,U
sh688777,中控技术,2025-09-25 10:43:38,53.45,6465,53.45,D
sh688777,中控技术,2025-09-25 10:43:56,53.44,5300,53.44,D
sh688777,中控技术,2025-09-25 10:44:17,53.4,28091,53.45,D
sh688777,中控技术,2025-09-25 10:44:26,53.44,6000,53.4,D
sh688777,中控技术,2025-09-25 10:44:35,53.41,3821,53.44,D
sh688777,中控技术,2025-09-25 10:44:38,53.41,4708,53.41,U
sh688777,中控技术,2025-09-25 10:44:59,53.47,5000,53.45,U
sh688777,中控技术,2025-09-25 10:45:20,53.49,36457,53.45,U
sh688777,中控技术,2025-09-25 10:45:23,53.51,34161,53.49,U
sh688777,中控技术,2025-09-25 10:45:41,53.53,5020,53.53,U
sh688777,中控技术,2025-09-25 10:45:47,53.55,17004,53.53,U
sh688777,中控技术,2025-09-25 10:45:50,53.59,13654,53.55,U
sh688777,中控技术,2025-09-25 10:45:53,53.59,22081,53.59,U
sh688777,中控技术,2025-09-25 10:45:59,53.59,4459,53.59,U
sh688777,中控技术,2025-09-25 10:46:05,53.58,38082,53.59,D
sh688777,中控技术,2025-09-25 10:46:08,53.62,9668,53.58,U
sh688777,中控技术,2025-09-25 10:46:11,53.64,37300,53.62,U
sh688777,中控技术,2025-09-25 10:46:17,53.6,3828,53.62,D
sh688777,中控技术,2025-09-25 10:46:20,53.59,12267,53.6,D
sh688777,中控技术,2025-09-25 10:46:26,53.64,5600,53.62,U
sh688777,中控技术,2025-09-25 10:46:47,53.58,10050,53.59,D
sh688777,中控技术,2025-09-25 10:46:50,53.58,7861,53.58,D
sh688777,中控技术,2025-09-25 10:47:02,53.53,8073,53.56,D
sh688777,中控技术,2025-09-25 10:47:11,53.44,4514,53.52,D
sh688777,中控技术,2025-09-25 10:47:41,53.52,5811,53.51,U
sh688777,中控技术,2025-09-25 10:47:47,53.52,10726,53.51,U
sh688777,中控技术,2025-09-25 10:47:53,53.47,15104,53.51,D
sh688777,中控技术,2025-09-25 10:47:56,53.45,3971,53.47,D
sh688777,中控技术,2025-09-25 10:48:32,53.51,6400,53.5,E
sh688777,中控技术,2025-09-25 10:48:44,53.5,32810,53.51,D
sh688777,中控技术,2025-09-25 10:48:47,53.54,88343,53.5,U
sh688777,中控技术,2025-09-25 10:48:50,53.54,7032,53.54,U
sh688777,中控技术,2025-09-25 10:48:53,53.51,5500,53.54,D
sh688777,中控技术,2025-09-25 10:49:05,53.51,10133,53.54,D
sh688777,中控技术,2025-09-25 10:49:08,53.56,126605,53.51,U
sh688777,中控技术,2025-09-25 10:49:11,53.57,8829,53.56,U
sh688777,中控技术,2025-09-25 10:49:14,53.57,5800,53.57,U
sh688777,中控技术,2025-09-25 10:49:17,53.56,4000,53.57,D
sh688777,中控技术,2025-09-25 10:49:32,53.55,3900,53.54,U
sh688777,中控技术,2025-09-25 10:49:38,53.54,6628,53.55,E
sh688777,中控技术,2025-09-25 10:49:50,53.54,3757,53.55,D
sh688777,中控技术,2025-09-25 10:49:53,53.56,6000,53.54,U
sh688777,中控技术,2025-09-25 10:50:08,53.56,20294,53.56,U
sh688777,中控技术,2025-09-25 10:50:11,53.57,21319,53.56,U
sh688777,中控技术,2025-09-25 10:50:14,53.55,28104,53.57,D
sh688777,中控技术,2025-09-25 10:50:23,53.56,3872,53.56,D
sh688777,中控技术,2025-09-25 10:50:38,53.55,11216,53.56,D
sh688777,中控技术,2025-09-25 10:50:53,53.54,12771,53.55,D
sh688777,中控技术,2025-09-25 10:51:29,53.53,7154,53.54,D
sh688777,中控技术,2025-09-25 10:51:35,53.53,11287,53.53,U
sh688777,中控技术,2025-09-25 10:51:38,53.53,18688,53.53,D
sh688777,中控技术,2025-09-25 10:51:44,53.52,3800,53.52,U
sh688777,中控技术,2025-09-25 10:52:08,53.53,22100,53.52,U
sh688777,中控技术,2025-09-25 10:52:11,53.51,4861,53.53,D
sh688777,中控技术,2025-09-25 10:52:20,53.51,5484,53.51,D
sh688777,中控技术,2025-09-25 10:52:38,53.51,5428,53.51,D
sh688777,中控技术,2025-09-25 10:52:41,53.51,5620,53.51,D
sh688777,中控技术,2025-09-25 10:52:50,53.5,6426,53.5,D
sh688777,中控技术,2025-09-25 10:52:53,53.51,6725,53.5,U
sh688777,中控技术,2025-09-25 10:53:11,53.51,7928,53.51,U
sh688777,中控技术,2025-09-25 10:53:20,53.5,12100,53.52,D
sh688777,中控技术,2025-09-25 10:53:38,53.5,8500,53.51,D
sh688777,中控技术,2025-09-25 10:53:41,53.5,7299,53.5,D
sh688777,中控技术,2025-09-25 10:53:47,53.5,6236,53.5,U
sh688777,中控技术,2025-09-25 10:54:05,53.47,13973,53.48,D
sh688777,中控技术,2025-09-25 10:54:17,53.45,4397,53.46,D
sh688777,中控技术,2025-09-25 10:54:23,53.45,4500,53.44,U
sh688777,中控技术,2025-09-25 10:54:32,53.45,18676,53.45,U
sh688777,中控技术,2025-09-25 10:54:59,53.45,5600,53.45,D
sh688777,中控技术,2025-09-25 10:55:14,53.45,5804,53.48,D
sh688777,中控技术,2025-09-25 10:55:29,53.45,15117,53.45,D
sh688777,中控技术,2025-09-25 10:55:32,53.47,8599,53.45,U
sh688777,中控技术,2025-09-25 10:55:35,53.48,18270,53.47,U
sh688777,中控技术,2025-09-25 10:55:38,53.47,13869,53.48,D
sh688777,中控技术,2025-09-25 10:55:47,53.49,4105,53.49,U
sh688777,中控技术,2025-09-25 10:56:05,53.52,25805,53.5,U
sh688777,中控技术,2025-09-25 10:56:08,53.53,5267,53.52,U
sh688777,中控技术,2025-09-25 10:56:32,53.57,53385,53.54,U
sh688777,中控技术,2025-09-25 10:56:35,53.61,126873,53.57,U
sh688777,中控技术,2025-09-25 10:56:56,53.59,7990,53.61,D
sh688777,中控技术,2025-09-25 10:56:59,53.59,4358,53.59,U
sh688777,中控技术,2025-09-25 10:57:05,53.6,3874,53.59,U
sh688777,中控技术,2025-09-25 10:57:08,53.6,5119,53.6,U
sh688777,中控技术,2025-09-25 10:57:11,53.56,6970,53.6,D
sh688777,中控技术,2025-09-25 10:57:14,53.56,3924,53.56,U
sh688777,中控技术,2025-09-25 10:57:20,53.55,4484,53.55,D
sh688777,中控技术,2025-09-25 10:57:26,53.52,7599,53.55,D
sh688777,中控技术,2025-09-25 10:57:35,53.51,4040,53.52,D
sh688777,中控技术,2025-09-25 10:57:50,53.5,4305,53.5,D
sh688777,中控技术,2025-09-25 10:57:56,53.5,12148,53.5,D
sh688777,中控技术,2025-09-25 10:57:59,53.51,4023,53.5,U
sh688777,中控技术,2025-09-25 10:58:02,53.46,8554,53.51,D
sh688777,中控技术,2025-09-25 10:58:05,53.42,10125,53.46,D
sh688777,中控技术,2025-09-25 10:58:14,53.43,14010,53.45,D
sh688777,中控技术,2025-09-25 10:58:23,53.44,5000,53.45,D
sh688777,中控技术,2025-09-25 10:58:26,53.41,8375,53.44,D
sh688777,中控技术,2025-09-25 10:58:29,53.41,5401,53.41,U
sh688777,中控技术,2025-09-25 10:58:32,53.4,9744,53.41,D
sh688777,中控技术,2025-09-25 10:58:38,53.39,4773,53.41,D
sh688777,中控技术,2025-09-25 10:58:44,53.4,3920,53.4,U
sh688777,中控技术,2025-09-25 10:58:53,53.4,4743,53.4,U
sh688777,中控技术,2025-09-25 10:58:56,53.39,5528,53.4,D
sh688777,中控技术,2025-09-25 10:59:26,53.44,4723,53.41,U
sh688777,中控技术,2025-09-25 10:59:56,53.44,5738,53.43,D
sh688777,中控技术,2025-09-25 11:00:02,53.44,14900,53.44,D
sh688777,中控技术,2025-09-25 11:00:05,53.44,10000,53.44,D
sh688777,中控技术,2025-09-25 11:00:11,53.44,6557,53.44,D
sh688777,中控技术,2025-09-25 11:00:23,53.44,4420,53.44,U
sh688777,中控技术,2025-09-25 11:00:26,53.44,7782,53.44,U
sh688777,中控技术,2025-09-25 11:00:29,53.43,6995,53.44,D
sh688777,中控技术,2025-09-25 11:00:32,53.4,13193,53.43,D
sh688777,中控技术,2025-09-25 11:00:41,53.39,5286,53.39,D
sh688777,中控技术,2025-09-25 11:00:53,53.37,15403,53.39,D
sh688777,中控技术,2025-09-25 11:00:56,53.34,11715,53.37,D
sh688777,中控技术,2025-09-25 11:01:17,53.33,16200,53.32,U
sh688777,中控技术,2025-09-25 11:01:23,53.33,4549,53.37,D
sh688777,中控技术,2025-09-25 11:01:38,53.37,5400,53.39,D
sh688777,中控技术,2025-09-25 11:01:44,53.4,4607,53.38,U
sh688777,中控技术,2025-09-25 11:01:47,53.38,6367,53.4,D
sh688777,中控技术,2025-09-25 11:01:50,53.38,5995,53.38,U
sh688777,中控技术,2025-09-25 11:02:08,53.36,21635,53.39,D
sh688777,中控技术,2025-09-25 11:02:32,53.34,8228,53.34,D
sh688777,中控技术,2025-09-25 11:02:53,53.34,4076,53.33,U
sh688777,中控技术,2025-09-25 11:02:59,53.34,6276,53.33,U
sh688777,中控技术,2025-09-25 11:03:11,53.4,160045,53.36,U
sh688777,中控技术,2025-09-25 11:03:14,53.44,7725,53.4,U
sh688777,中控技术,2025-09-25 11:03:17,53.44,22840,53.44,U
sh688777,中控技术,2025-09-25 11:03:20,53.44,11551,53.44,U
sh688777,中控技术,2025-09-25 11:03:38,53.44,5756,53.44,U
sh688777,中控技术,2025-09-25 11:03:47,53.44,42095,53.43,U
sh688777,中控技术,2025-09-25 11:04:14,53.45,4910,53.46,E
sh688777,中控技术,2025-09-25 11:04:41,53.41,5846,53.42,D
sh688777,中控技术,2025-09-25 11:05:11,53.44,15903,53.43,U
sh688777,中控技术,2025-09-25 11:05:14,53.44,7650,53.44,U
sh688777,中控技术,2025-09-25 11:05:41,53.42,13062,53.42,U
sh688777,中控技术,2025-09-25 11:05:44,53.42,6419,53.42,U
sh688777,中控技术,2025-09-25 11:05:47,53.42,4784,53.42,U
sh688777,中控技术,2025-09-25 11:06:02,53.43,12686,53.44,D
sh688777,中控技术,2025-09-25 11:06:05,53.44,5658,53.43,U
sh688777,中控技术,2025-09-25 11:06:11,53.38,35383,53.44,D
sh688777,中控技术,2025-09-25 11:06:50,53.39,14989,53.4,D
sh688777,中控技术,2025-09-25 11:07:11,53.41,35947,53.39,U
sh688777,中控技术,2025-09-25 11:07:14,53.44,5305,53.41,U
sh688777,中控技术,2025-09-25 11:07:32,53.43,19180,53.43,U
sh688777,中控技术,2025-09-25 11:08:11,53.4,3830,53.41,D
sh688777,中控技术,2025-09-25 11:08:38,53.39,9477,53.4,D
sh688777,中控技术,2025-09-25 11:09:05,53.38,16453,53.38,D
sh688777,中控技术,2025-09-25 11:09:29,53.39,5462,53.38,U
sh688777,中控技术,2025-09-25 11:09:41,53.39,5000,53.4,D
sh688777,中控技术,2025-09-25 11:09:44,53.39,4400,53.39,D
sh688777,中控技术,2025-09-25 11:09:53,53.39,5869,53.4,D
sh688777,中控技术,2025-09-25 11:10:02,53.39,5282,53.39,D
sh688777,中控技术,2025-09-25 11:10:05,53.37,7666,53.39,D
sh688777,中控技术,2025-09-25 11:10:08,53.37,4158,53.37,D
sh688777,中控技术,2025-09-25 11:10:38,53.37,7058,53.39,D
sh688777,中控技术,2025-09-25 11:10:50,53.36,4843,53.36,D
sh688777,中控技术,2025-09-25 11:11:08,53.33,8243,53.36,D
sh688777,中控技术,2025-09-25 11:11:17,53.36,19785,53.35,U
sh688777,中控技术,2025-09-25 11:11:35,53.37,5544,53.35,U
sh688777,中控技术,2025-09-25 11:12:08,53.37,9773,53.37,D
sh688777,中控技术,2025-09-25 11:12:11,53.33,34289,53.37,D
sh688777,中控技术,2025-09-25 11:12:59,53.39,4429,53.39,D
sh688777,中控技术,2025-09-25 11:13:23,53.4,31747,53.4,U
sh688777,中控技术,2025-09-25 11:13:32,53.3,30000,53.4,D
sh688777,中控技术,2025-09-25 11:13:53,53.36,10000,53.33,U
sh688777,中控技术,2025-09-25 11:14:11,53.34,4861,53.34,U
sh688777,中控技术,2025-09-25 11:14:14,53.33,9505,53.34,D
sh688777,中控技术,2025-09-25 11:14:20,53.32,4413,53.33,D
sh688777,中控技术,2025-09-25 11:14:23,53.32,6648,53.32,D
sh688777,中控技术,2025-09-25 11:14:35,53.3,13660,53.31,D
sh688777,中控技术,2025-09-25 11:14:59,53.31,7861,53.3,U
sh688777,中控技术,2025-09-25 11:15:05,53.32,12223,53.31,U
sh688777,中控技术,2025-09-25 11:15:08,53.33,17633,53.32,U
sh688777,中控技术,2025-09-25 11:15:11,53.33,10330,53.33,U
sh688777,中控技术,2025-09-25 11:15:14,53.34,6134,53.33,U
sh688777,中控技术,2025-09-25 11:15:17,53.35,6315,53.34,U
sh688777,中控技术,2025-09-25 11:15:23,53.36,6557,53.35,U
sh688777,中控技术,2025-09-25 11:15:47,53.37,6937,53.37,U
sh688777,中控技术,2025-09-25 11:15:53,53.37,9582,53.37,U
sh688777,中控技术,2025-09-25 11:15:56,53.36,6476,53.37,D
sh688777,中控技术,2025-09-25 11:16:05,53.37,6867,53.37,U
sh688777,中控技术,2025-09-25 11:16:11,53.4,8901,53.4,U
sh688777,中控技术,2025-09-25 11:16:20,53.42,4287,53.41,U
sh688777,中控技术,2025-09-25 11:16:32,53.42,5658,53.41,U
sh688777,中控技术,2025-09-25 11:16:47,53.42,10000,53.4,U
sh688777,中控技术,2025-09-25 11:16:59,53.43,9084,53.4,U
sh688777,中控技术,2025-09-25 11:17:56,53.41,10000,53.42,D
sh688777,中控技术,2025-09-25 11:18:02,53.41,15991,53.41,U
sh688777,中控技术,2025-09-25 11:18:05,53.43,7738,53.41,U
sh688777,中控技术,2025-09-25 11:18:08,53.4,13873,53.43,D
sh688777,中控技术,2025-09-25 11:18:17,53.39,7395,53.4,D
sh688777,中控技术,2025-09-25 11:18:23,53.38,4131,53.39,D
sh688777,中控技术,2025-09-25 11:18:26,53.38,4309,53.38,U
sh688777,中控技术,2025-09-25 11:18:41,53.35,8052,53.36,D
sh688777,中控技术,2025-09-25 11:18:53,53.34,6537,53.35,D
sh688777,中控技术,2025-09-25 11:19:08,53.32,15186,53.32,D
sh688777,中控技术,2025-09-25 11:19:11,53.33,8833,53.32,U
sh688777,中控技术,2025-09-25 11:19:14,53.37,4454,53.33,U
sh688777,中控技术,2025-09-25 11:19:32,53.36,5136,53.43,D
sh688777,中控技术,2025-09-25 11:19:56,53.41,10091,53.42,D
sh688777,中控技术,2025-09-25 11:20:05,53.4,4788,53.41,D
sh688777,中控技术,2025-09-25 11:20:08,53.39,9281,53.4,D
sh688777,中控技术,2025-09-25 11:20:23,53.39,3747,53.38,U
sh688777,中控技术,2025-09-25 11:20:41,53.37,12181,53.37,D
sh688777,中控技术,2025-09-25 11:20:59,53.38,10000,53.36,U
sh688777,中控技术,2025-09-25 11:21:05,53.36,5550,53.38,D
sh688777,中控技术,2025-09-25 11:21:20,53.37,6043,53.37,D
sh688777,中控技术,2025-09-25 11:21:32,53.35,6100,53.36,D
sh688777,中控技术,2025-09-25 11:22:02,53.38,3817,53.37,U
sh688777,中控技术,2025-09-25 11:22:05,53.38,8402,53.38,U
sh688777,中控技术,2025-09-25 11:22:08,53.37,4275,53.38,D
sh688777,中控技术,2025-09-25 11:22:11,53.39,30347,53.37,U
sh688777,中控技术,2025-09-25 11:22:17,53.38,6964,53.4,D
sh688777,中控技术,2025-09-25 11:22:32,53.4,4900,53.4,U
sh688777,中控技术,2025-09-25 11:22:44,53.4,6200,53.39,U
sh688777,中控技术,2025-09-25 11:22:47,53.4,11090,53.4,U
sh688777,中控技术,2025-09-25 11:22:50,53.4,5856,53.4,D
sh688777,中控技术,2025-09-25 11:23:02,53.37,8137,53.4,D
sh688777,中控技术,2025-09-25 11:23:32,53.39,3936,53.38,U
sh688777,中控技术,2025-09-25 11:23:38,53.39,5400,53.38,U
sh688777,中控技术,2025-09-25 11:23:59,53.38,7737,53.38,U
sh688777,中控技术,2025-09-25 11:24:26,53.41,5270,53.4,U
sh688777,中控技术,2025-09-25 11:24:32,53.4,3863,53.4,U
sh688777,中控技术,2025-09-25 11:24:41,53.4,16500,53.4,D
sh688777,中控技术,2025-09-25 11:24:50,53.4,14110,53.41,D
sh688777,中控技术,2025-09-25 11:24:56,53.4,4300,53.4,U
sh688777,中控技术,2025-09-25 11:25:02,53.39,9897,53.39,U
sh688777,中控技术,2025-09-25 11:25:08,53.39,5389,53.39,U
sh688777,中控技术,2025-09-25 11:25:11,53.42,65731,53.39,U
sh688777,中控技术,2025-09-25 11:25:17,53.45,12664,53.43,U
sh688777,中控技术,2025-09-25 11:25:20,53.45,5023,53.45,U
sh688777,中控技术,2025-09-25 11:25:32,53.44,6841,53.45,D
sh688777,中控技术,2025-09-25 11:25:41,53.43,5068,53.44,D
sh688777,中控技术,2025-09-25 11:26:05,53.44,4073,53.44,U
sh688777,中控技术,2025-09-25 11:26:08,53.43,13042,53.44,D
sh688777,中控技术,2025-09-25 11:26:20,53.46,27054,53.44,U
sh688777,中控技术,2025-09-25 11:26:23,53.49,7927,53.46,U
sh688777,中控技术,2025-09-25 11:26:32,53.49,4240,53.49,U
sh688777,中控技术,2025-09-25 11:26:38,53.49,10000,53.49,U
sh688777,中控技术,2025-09-25 11:26:56,53.49,4241,53.49,U
sh688777,中控技术,2025-09-25 11:27:02,53.48,29793,53.49,D
sh688777,中控技术,2025-09-25 11:27:17,53.47,9289,53.48,D
sh688777,中控技术,2025-09-25 11:27:20,53.46,4330,53.47,D
sh688777,中控技术,2025-09-25 11:27:26,53.48,11714,53.47,U
sh688777,中控技术,2025-09-25 11:27:29,53.52,128842,53.48,U
sh688777,中控技术,2025-09-25 11:27:32,53.55,9134,53.52,U
sh688777,中控技术,2025-09-25 11:27:53,53.54,4193,53.51,U
sh688777,中控技术,2025-09-25 11:27:59,53.54,5026,53.54,D
sh688777,中控技术,2025-09-25 11:28:14,53.53,7793,53.54,D
sh688777,中控技术,2025-09-25 11:28:23,53.51,7200,53.53,D
sh688777,中控技术,2025-09-25 11:28:26,53.47,16107,53.51,D
sh688777,中控技术,2025-09-25 11:28:47,53.5,4600,53.5,U
sh688777,中控技术,2025-09-25 11:28:50,53.5,7062,53.5,U
sh688777,中控技术,2025-09-25 11:28:56,53.49,8000,53.49,D
sh688777,中控技术,2025-09-25 11:28:59,53.49,6323,53.49,D
sh688777,中控技术,2025-09-25 11:29:05,53.48,5160,53.49,D
sh688777,中控技术,2025-09-25 11:29:14,53.47,4613,53.47,D
sh688777,中控技术,2025-09-25 11:29:50,53.5,5200,53.49,U
sh688777,中控技术,2025-09-25 11:29:56,53.5,5404,53.5,U
sh688777,中控技术,2025-09-25 13:00:02,53.5,12900,53.49,U
sh688777,中控技术,2025-09-25 13:00:05,53.49,20650,53.5,D
sh688777,中控技术,2025-09-25 13:00:08,53.49,37134,53.49,U
sh688777,中控技术,2025-09-25 13:00:11,53.5,59512,53.49,U
sh688777,中控技术,2025-09-25 13:00:14,53.5,27369,53.5,U
sh688777,中控技术,2025-09-25 13:00:17,53.5,6314,53.5,D
sh688777,中控技术,2025-09-25 13:00:23,53.53,7147,53.52,U
sh688777,中控技术,2025-09-25 13:00:29,53.56,12030,53.54,U
sh688777,中控技术,2025-09-25 13:00:32,53.56,16149,53.56,U
sh688777,中控技术,2025-09-25 13:00:44,53.55,3789,53.57,D
sh688777,中控技术,2025-09-25 13:00:47,53.56,20639,53.55,U
sh688777,中控技术,2025-09-25 13:00:50,53.56,4512,53.56,U
sh688777,中控技术,2025-09-25 13:00:53,53.55,17400,53.56,E
sh688777,中控技术,2025-09-25 13:00:56,53.54,9400,53.55,D
sh688777,中控技术,2025-09-25 13:01:02,53.5,15033,53.54,D
sh688777,中控技术,2025-09-25 13:01:20,53.46,29587,53.53,D
sh688777,中控技术,2025-09-25 13:01:23,53.43,10955,53.46,D
sh688777,中控技术,2025-09-25 13:01:32,53.45,5300,53.44,U
sh688777,中控技术,2025-09-25 13:01:41,53.44,5746,53.45,D
sh688777,中控技术,2025-09-25 13:02:05,53.43,5243,53.43,D
sh688777,中控技术,2025-09-25 13:02:23,53.42,7965,53.42,D
sh688777,中控技术,2025-09-25 13:02:29,53.4,6612,53.42,D
sh688777,中控技术,2025-09-25 13:02:50,53.39,9524,53.39,D
sh688777,中控技术,2025-09-25 13:02:59,53.39,14766,53.39,D
sh688777,中控技术,2025-09-25 13:03:02,53.36,22644,53.39,D
sh688777,中控技术,2025-09-25 13:03:05,53.35,8184,53.36,D
sh688777,中控技术,2025-09-25 13:03:11,53.35,6362,53.34,U
sh688777,中控技术,2025-09-25 13:03:26,53.39,22253,53.34,U
sh688777,中控技术,2025-09-25 13:03:29,53.41,13033,53.39,U
sh688777,中控技术,2025-09-25 13:03:32,53.42,18550,53.41,U
sh688777,中控技术,2025-09-25 13:03:35,53.47,13712,53.42,U
sh688777,中控技术,2025-09-25 13:03:41,53.48,7960,53.45,U
sh688777,中控技术,2025-09-25 13:03:44,53.45,4572,53.48,D
sh688777,中控技术,2025-09-25 13:03:47,53.41,6032,53.45,D
sh688777,中控技术,2025-09-25 13:04:14,53.45,10926,53.39,U
sh688777,中控技术,2025-09-25 13:04:23,53.43,10985,53.45,E
sh688777,中控技术,2025-09-25 13:04:56,53.41,5000,53.43,D
sh688777,中控技术,2025-09-25 13:05:14,53.45,7625,53.42,U
sh688777,中控技术,2025-09-25 13:05:20,53.48,5000,53.43,U
sh688777,中控技术,2025-09-25 13:05:23,53.45,4367,53.48,E
sh688777,中控技术,2025-09-25 13:05:32,53.45,15086,53.45,D
sh688777,中控技术,2025-09-25 13:06:02,53.5,9285,53.51,D
sh688777,中控技术,2025-09-25 13:06:11,53.5,7174,53.49,U
sh688777,中控技术,2025-09-25 13:06:23,53.49,4295,53.49,D
sh688777,中控技术,2025-09-25 13:06:29,53.51,6440,53.49,U
sh688777,中控技术,2025-09-25 13:06:32,53.51,5652,53.51,D
sh688777,中控技术,2025-09-25 13:07:02,53.5,4781,53.51,D
sh688777,中控技术,2025-09-25 13:07:32,53.5,6950,53.49,U
sh688777,中控技术,2025-09-25 13:07:38,53.49,7325,53.5,D
sh688777,中控技术,2025-09-25 13:08:29,53.45,4137,53.46,D
sh688777,中控技术,2025-09-25 13:08:32,53.45,7694,53.45,U
sh688777,中控技术,2025-09-25 13:08:53,53.47,10790,53.45,U
sh688777,中控技术,2025-09-25 13:08:59,53.45,11814,53.45,U
sh688777,中控技术,2025-09-25 13:09:02,53.47,3825,53.45,U
sh688777,中控技术,2025-09-25 13:09:05,53.47,4884,53.47,U
sh688777,中控技术,2025-09-25 13:09:08,53.45,12300,53.47,D
sh688777,中控技术,2025-09-25 13:09:23,53.45,13222,53.45,D
sh688777,中控技术,2025-09-25 13:09:32,53.45,8588,53.45,D
sh688777,中控技术,2025-09-25 13:09:50,53.44,6119,53.44,D
sh688777,中控技术,2025-09-25 13:09:53,53.41,4533,53.44,D
sh688777,中控技术,2025-09-25 13:09:56,53.39,7522,53.41,D
sh688777,中控技术,2025-09-25 13:10:02,53.37,6228,53.39,D
sh688777,中控技术,2025-09-25 13:10:14,53.33,3821,53.33,D
sh688777,中控技术,2025-09-25 13:10:20,53.33,7220,53.34,D
sh688777,中控技术,2025-09-25 13:10:32,53.32,5028,53.32,D
sh688777,中控技术,2025-09-25 13:10:44,53.31,7652,53.32,D
sh688777,中控技术,2025-09-25 13:10:47,53.35,18964,53.31,U
sh688777,中控技术,2025-09-25 13:10:50,53.31,8631,53.35,D
sh688777,中控技术,2025-09-25 13:11:05,53.3,15000,53.32,D
sh688777,中控技术,2025-09-25 13:11:26,53.31,3929,53.32,D
sh688777,中控技术,2025-09-25 13:11:32,53.31,5284,53.31,D
sh688777,中控技术,2025-09-25 13:11:41,53.29,16405,53.31,D
sh688777,中控技术,2025-09-25 13:11:47,53.27,5543,53.27,D
sh688777,中控技术,2025-09-25 13:12:05,53.27,11217,53.26,E
sh688777,中控技术,2025-09-25 13:12:11,53.26,9248,53.26,D
sh688777,中控技术,2025-09-25 13:12:20,53.24,6062,53.24,D
sh688777,中控技术,2025-09-25 13:12:38,53.24,8909,53.25,D
sh688777,中控技术,2025-09-25 13:12:41,53.21,33397,53.24,D
sh688777,中控技术,2025-09-25 13:12:44,53.2,4105,53.21,D
sh688777,中控技术,2025-09-25 13:12:56,53.2,6800,53.2,D
sh688777,中控技术,2025-09-25 13:12:59,53.18,4668,53.2,D
sh688777,中控技术,2025-09-25 13:13:14,53.2,19392,53.19,U
sh688777,中控技术,2025-09-25 13:13:23,53.18,5767,53.18,U
sh688777,中控技术,2025-09-25 13:13:26,53.18,4545,53.18,U
sh688777,中控技术,2025-09-25 13:13:32,53.18,7287,53.17,U
sh688777,中控技术,2025-09-25 13:13:35,53.17,5077,53.18,E
sh688777,中控技术,2025-09-25 13:13:38,53.14,10682,53.17,D
sh688777,中控技术,2025-09-25 13:13:47,53.14,9436,53.14,U
sh688777,中控技术,2025-09-25 13:13:50,53.13,8250,53.14,D
sh688777,中控技术,2025-09-25 13:13:56,53.14,39615,53.14,U
sh688777,中控技术,2025-09-25 13:13:59,53.22,5526,53.14,U
sh688777,中控技术,2025-09-25 13:14:26,53.19,7312,53.18,E
sh688777,中控技术,2025-09-25 13:14:29,53.15,15985,53.19,D
sh688777,中控技术,2025-09-25 13:14:35,53.15,8651,53.18,D
sh688777,中控技术,2025-09-25 13:14:38,53.15,5694,53.15,D
sh688777,中控技术,2025-09-25 13:14:50,53.15,13200,53.15,D
sh688777,中控技术,2025-09-25 13:14:59,53.14,9278,53.14,D
sh688777,中控技术,2025-09-25 13:15:02,53.1,19000,53.14,D
sh688777,中控技术,2025-09-25 13:15:17,53.12,5200,53.11,U
sh688777,中控技术,2025-09-25 13:15:23,53.14,8046,53.13,U
sh688777,中控技术,2025-09-25 13:15:26,53.13,9424,53.14,D
sh688777,中控技术,2025-09-25 13:15:35,53.13,4256,53.13,U
sh688777,中控技术,2025-09-25 13:15:53,53.13,4300,53.11,U
sh688777,中控技术,2025-09-25 13:15:59,53.13,4160,53.13,U
sh688777,中控技术,2025-09-25 13:16:08,53.13,38352,53.12,U
sh688777,中控技术,2025-09-25 13:16:11,53.14,10700,53.13,D
sh688777,中控技术,2025-09-25 13:16:32,53.16,10532,53.16,D
sh688777,中控技术,2025-09-25 13:16:47,53.18,5891,53.18,U
sh688777,中控技术,2025-09-25 13:17:11,53.22,28874,53.2,U
sh688777,中控技术,2025-09-25 13:17:14,53.22,6825,53.22,D
sh688777,中控技术,2025-09-25 13:17:17,53.2,22223,53.22,D
sh688777,中控技术,2025-09-25 13:17:35,53.22,4887,53.2,U
sh688777,中控技术,2025-09-25 13:17:44,53.19,8308,53.2,D
sh688777,中控技术,2025-09-25 13:17:47,53.19,12662,53.19,D
sh688777,中控技术,2025-09-25 13:17:53,53.17,4200,53.19,D
sh688777,中控技术,2025-09-25 13:17:59,53.17,7400,53.18,D
sh688777,中控技术,2025-09-25 13:18:14,53.17,5900,53.18,D
sh688777,中控技术,2025-09-25 13:18:26,53.16,9098,53.17,D
sh688777,中控技术,2025-09-25 13:18:41,53.17,5181,53.18,D
sh688777,中控技术,2025-09-25 13:18:59,53.16,5495,53.17,D
sh688777,中控技术,2025-09-25 13:19:41,53.16,10937,53.16,D
sh688777,中控技术,2025-09-25 13:19:47,53.16,4900,53.17,D
sh688777,中控技术,2025-09-25 13:20:08,53.16,6400,53.16,D
sh688777,中控技术,2025-09-25 13:20:17,53.16,6000,53.17,D
sh688777,中控技术,2025-09-25 13:20:23,53.16,11239,53.17,D
sh688777,中控技术,2025-09-25 13:20:35,53.17,16195,53.17,U
sh688777,中控技术,2025-09-25 13:20:38,53.2,21030,53.17,U
sh688777,中控技术,2025-09-25 13:20:41,53.2,5162,53.2,U
sh688777,中控技术,2025-09-25 13:20:53,53.22,4677,53.21,U
sh688777,中控技术,2025-09-25 13:21:05,53.25,13492,53.22,U
sh688777,中控技术,2025-09-25 13:21:14,53.27,5000,53.27,U
sh688777,中控技术,2025-09-25 13:21:23,53.27,5800,53.27,U
sh688777,中控技术,2025-09-25 13:21:35,53.25,9785,53.27,D
sh688777,中控技术,2025-09-25 13:21:41,53.2,9611,53.24,D
sh688777,中控技术,2025-09-25 13:22:32,53.23,5088,53.24,U
sh688777,中控技术,2025-09-25 13:23:26,53.2,5035,53.23,D
sh688777,中控技术,2025-09-25 13:23:59,53.18,17755,53.21,D
sh688777,中控技术,2025-09-25 13:24:02,53.18,3874,53.18,U
sh688777,中控技术,2025-09-25 13:24:32,53.21,4329,53.18,U
sh688777,中控技术,2025-09-25 13:24:38,53.22,7463,53.22,U
sh688777,中控技术,2025-09-25 13:24:44,53.22,4200,53.23,D
sh688777,中控技术,2025-09-25 13:24:59,53.22,4864,53.23,D
sh688777,中控技术,2025-09-25 13:25:02,53.21,19366,53.22,D
sh688777,中控技术,2025-09-25 13:25:11,53.22,7602,53.22,U
sh688777,中控技术,2025-09-25 13:25:17,53.23,24851,53.23,U
sh688777,中控技术,2025-09-25 13:25:20,53.23,3887,53.23,U
sh688777,中控技术,2025-09-25 13:25:47,53.17,22760,53.18,D
sh688777,中控技术,2025-09-25 13:25:50,53.18,4195,53.17,E
sh688777,中控技术,2025-09-25 13:26:17,53.16,4057,53.16,D
sh688777,中控技术,2025-09-25 13:26:23,53.16,4737,53.17,D
sh688777,中控技术,2025-09-25 13:26:32,53.14,14771,53.16,D
sh688777,中控技术,2025-09-25 13:26:47,53.13,8851,53.13,D
sh688777,中控技术,2025-09-25 13:26:59,53.12,13081,53.12,D
sh688777,中控技术,2025-09-25 13:27:05,53.11,9442,53.12,D
sh688777,中控技术,2025-09-25 13:27:14,53.11,5457,53.11,D
sh688777,中控技术,2025-09-25 13:27:20,53.13,12206,53.11,U
sh688777,中控技术,2025-09-25 13:27:23,53.13,6295,53.13,U
sh688777,中控技术,2025-09-25 13:27:26,53.13,18816,53.13,D
sh688777,中控技术,2025-09-25 13:27:35,53.12,5159,53.12,U
sh688777,中控技术,2025-09-25 13:27:38,53.15,18618,53.12,U
sh688777,中控技术,2025-09-25 13:27:53,53.16,5429,53.16,U
sh688777,中控技术,2025-09-25 13:28:11,53.18,19140,53.16,U
sh688777,中控技术,2025-09-25 13:28:14,53.16,5200,53.18,D
sh688777,中控技术,2025-09-25 13:28:17,53.15,9900,53.16,D
sh688777,中控技术,2025-09-25 13:28:38,53.19,6942,53.15,U
sh688777,中控技术,2025-09-25 13:28:41,53.14,14643,53.19,D
sh688777,中控技术,2025-09-25 13:28:59,53.14,4570,53.15,D
sh688777,中控技术,2025-09-25 13:29:05,53.12,6299,53.14,D
sh688777,中控技术,2025-09-25 13:29:08,53.15,9161,53.12,U
sh688777,中控技术,2025-09-25 13:29:17,53.17,5066,53.12,U
sh688777,中控技术,2025-09-25 13:29:47,53.13,8972,53.13,D
sh688777,中控技术,2025-09-25 13:29:56,53.1,10703,53.13,D
sh688777,中控技术,2025-09-25 13:29:59,53.09,11916,53.1,D
sh688777,中控技术,2025-09-25 13:30:08,53.1,5172,53.08,U
sh688777,中控技术,2025-09-25 13:30:53,53.1,9628,53.1,D
sh688777,中控技术,2025-09-25 13:30:56,53.1,5018,53.1,U
sh688777,中控技术,2025-09-25 13:31:02,53.1,5229,53.08,U
sh688777,中控技术,2025-09-25 13:31:05,53.13,7014,53.1,U
sh688777,中控技术,2025-09-25 13:31:41,53.16,10790,53.14,U
sh688777,中控技术,2025-09-25 13:31:59,53.16,4207,53.18,D
sh688777,中控技术,2025-09-25 13:32:02,53.17,8742,53.16,E
sh688777,中控技术,2025-09-25 13:32:11,53.18,10994,53.19,U
sh688777,中控技术,2025-09-25 13:32:14,53.12,9748,53.18,D
sh688777,中控技术,2025-09-25 13:32:17,53.1,5034,53.12,D
sh688777,中控技术,2025-09-25 13:32:26,53.1,21718,53.13,D
sh688777,中控技术,2025-09-25 13:32:50,53.13,5060,53.12,U
sh688777,中控技术,2025-09-25 13:32:59,53.1,29238,53.13,D
sh688777,中控技术,2025-09-25 13:33:02,53.08,9027,53.1,D
sh688777,中控技术,2025-09-25 13:33:20,53.07,4000,53.08,D
sh688777,中控技术,2025-09-25 13:33:29,53.08,4630,53.07,U
sh688777,中控技术,2025-09-25 13:33:35,53.07,6093,53.07,D
sh688777,中控技术,2025-09-25 13:33:47,53.08,7552,53.08,U
sh688777,中控技术,2025-09-25 13:33:53,53.07,10100,53.1,E
sh688777,中控技术,2025-09-25 13:33:59,53.07,5770,53.07,U
sh688777,中控技术,2025-09-25 13:34:05,53.08,10030,53.06,U
sh688777,中控技术,2025-09-25 13:34:08,53.15,19908,53.08,U
sh688777,中控技术,2025-09-25 13:34:11,53.14,8753,53.15,D
sh688777,中控技术,2025-09-25 13:34:14,53.14,5300,53.14,D
sh688777,中控技术,2025-09-25 13:34:26,53.12,7576,53.11,D
sh688777,中控技术,2025-09-25 13:34:38,53.16,3800,53.13,U
sh688777,中控技术,2025-09-25 13:34:41,53.13,10283,53.16,D
sh688777,中控技术,2025-09-25 13:34:50,53.17,7718,53.15,U
sh688777,中控技术,2025-09-25 13:34:53,53.18,10720,53.17,U
sh688777,中控技术,2025-09-25 13:35:02,53.18,13408,53.17,U
sh688777,中控技术,2025-09-25 13:36:02,53.17,6000,53.18,D
sh688777,中控技术,2025-09-25 13:36:08,53.17,5008,53.16,U
sh688777,中控技术,2025-09-25 13:36:23,53.12,9157,53.15,D
sh688777,中控技术,2025-09-25 13:36:59,53.17,5881,53.17,D
sh688777,中控技术,2025-09-25 13:37:02,53.14,3886,53.17,D
sh688777,中控技术,2025-09-25 13:37:41,53.14,6071,53.14,D
sh688777,中控技术,2025-09-25 13:38:17,53.11,8192,53.14,D
sh688777,中控技术,2025-09-25 13:38:44,53.13,5651,53.12,U
sh688777,中控技术,2025-09-25 13:38:53,53.14,5064,53.12,U
sh688777,中控技术,2025-09-25 13:39:14,53.13,7857,53.13,U
sh688777,中控技术,2025-09-25 13:39:44,53.13,5731,53.15,D
sh688777,中控技术,2025-09-25 13:39:50,53.14,4536,53.14,D
sh688777,中控技术,2025-09-25 13:39:59,53.15,22036,53.13,U
sh688777,中控技术,2025-09-25 13:40:11,53.15,17370,53.14,U
sh688777,中控技术,2025-09-25 13:40:53,53.17,12561,53.18,D
sh688777,中控技术,2025-09-25 13:41:05,53.2,8695,53.19,U
sh688777,中控技术,2025-09-25 13:41:17,53.19,5899,53.19,D
sh688777,中控技术,2025-09-25 13:41:35,53.19,5032,53.2,D
sh688777,中控技术,2025-09-25 13:41:56,53.18,5933,53.21,D
sh688777,中控技术,2025-09-25 13:42:02,53.18,6400,53.2,D
sh688777,中控技术,2025-09-25 13:42:11,53.19,5266,53.18,D
sh688777,中控技术,2025-09-25 13:42:23,53.18,5746,53.18,U
sh688777,中控技术,2025-09-25 13:42:35,53.17,11919,53.17,U
sh688777,中控技术,2025-09-25 13:42:47,53.13,4440,53.16,D
sh688777,中控技术,2025-09-25 13:43:08,53.17,5554,53.17,U
sh688777,中控技术,2025-09-25 13:43:53,53.19,11795,53.17,U
sh688777,中控技术,2025-09-25 13:44:35,53.22,5498,53.22,U
sh688777,中控技术,2025-09-25 13:44:59,53.25,31400,53.25,D
sh688777,中控技术,2025-09-25 13:45:02,53.25,6172,53.25,D
sh688777,中控技术,2025-09-25 13:45:05,53.25,11287,53.25,D
sh688777,中控技术,2025-09-25 13:45:11,53.22,6030,53.25,D
sh688777,中控技术,2025-09-25 13:45:23,53.22,5295,53.22,D
sh688777,中控技术,2025-09-25 13:45:29,53.21,8283,53.22,D
sh688777,中控技术,2025-09-25 13:45:35,53.22,4882,53.22,D
sh688777,中控技术,2025-09-25 13:45:38,53.23,5382,53.22,U
sh688777,中控技术,2025-09-25 13:45:41,53.23,21079,53.23,D
sh688777,中控技术,2025-09-25 13:46:02,53.14,27157,53.21,D
sh688777,中控技术,2025-09-25 13:46:05,53.2,4293,53.14,U
sh688777,中控技术,2025-09-25 13:47:50,53.19,5373,53.19,D
sh688777,中控技术,2025-09-25 13:47:56,53.18,7168,53.18,D
sh688777,中控技术,2025-09-25 13:48:02,53.17,4058,53.18,D
sh688777,中控技术,2025-09-25 13:48:05,53.16,13093,53.17,D
sh688777,中控技术,2025-09-25 13:48:08,53.17,5529,53.16,U
sh688777,中控技术,2025-09-25 13:48:14,53.15,7500,53.16,D
sh688777,中控技术,2025-09-25 13:48:17,53.15,7294,53.15,D
sh688777,中控技术,2025-09-25 13:48:20,53.15,5062,53.15,U
sh688777,中控技术,2025-09-25 13:48:26,53.14,26401,53.15,D
sh688777,中控技术,2025-09-25 13:48:32,53.15,4202,53.16,D
sh688777,中控技术,2025-09-25 13:48:38,53.14,16549,53.15,D
sh688777,中控技术,2025-09-25 13:48:44,53.14,15072,53.15,D
sh688777,中控技术,2025-09-25 13:48:50,53.14,13846,53.15,D
sh688777,中控技术,2025-09-25 13:48:53,53.14,6217,53.14,U
sh688777,中控技术,2025-09-25 13:48:59,53.14,22297,53.14,U
sh688777,中控技术,2025-09-25 13:49:05,53.13,11095,53.14,D
sh688777,中控技术,2025-09-25 13:49:11,53.11,4889,53.13,D
sh688777,中控技术,2025-09-25 13:49:17,53.1,12728,53.11,D
sh688777,中控技术,2025-09-25 13:49:26,53.09,15543,53.1,D
sh688777,中控技术,2025-09-25 13:49:35,53.1,5094,53.09,U
sh688777,中控技术,2025-09-25 13:49:38,53.1,10000,53.1,U
sh688777,中控技术,2025-09-25 13:49:47,53.09,3840,53.1,D
sh688777,中控技术,2025-09-25 13:49:56,53.08,9200,53.09,D
sh688777,中控技术,2025-09-25 13:49:59,53.09,5160,53.08,U
sh688777,中控技术,2025-09-25 13:50:05,53.09,12557,53.09,U
sh688777,中控技术,2025-09-25 13:50:20,53.08,8708,53.1,D
sh688777,中控技术,2025-09-25 13:50:38,53.08,7600,53.08,D
sh688777,中控技术,2025-09-25 13:50:41,53.08,14585,53.08,D
sh688777,中控技术,2025-09-25 13:50:47,53.07,10728,53.08,D
sh688777,中控技术,2025-09-25 13:50:50,53.07,4250,53.07,U
sh688777,中控技术,2025-09-25 13:50:53,53.06,5367,53.07,D
sh688777,中控技术,2025-09-25 13:50:56,53.06,5528,53.06,U
sh688777,中控技术,2025-09-25 13:50:59,53.06,3901,53.06,U
sh688777,中控技术,2025-09-25 13:51:02,53.05,15374,53.06,D
sh688777,中控技术,2025-09-25 13:51:14,53.03,5474,53.03,D
sh688777,中控技术,2025-09-25 13:51:23,53.02,17043,53.03,D
sh688777,中控技术,2025-09-25 13:51:29,53.02,10730,53.01,U
sh688777,中控技术,2025-09-25 13:51:32,53.02,14713,53.02,U
sh688777,中控技术,2025-09-25 13:51:35,53.01,12920,53.02,D
sh688777,中控技术,2025-09-25 13:51:38,53.0,26010,53.01,D
sh688777,中控技术,2025-09-25 13:51:44,53.0,61087,53.0,D
sh688777,中控技术,2025-09-25 13:51:47,52.99,9565,53.0,D
sh688777,中控技术,2025-09-25 13:51:50,52.99,4337,52.99,U
sh688777,中控技术,2025-09-25 13:51:53,52.97,7500,52.99,D
sh688777,中控技术,2025-09-25 13:51:59,52.97,5000,52.97,D
sh688777,中控技术,2025-09-25 13:52:05,52.97,19147,52.99,D
sh688777,中控技术,2025-09-25 13:52:08,52.99,12298,52.97,U
sh688777,中控技术,2025-09-25 13:52:11,53.01,36203,52.99,U
sh688777,中控技术,2025-09-25 13:52:14,52.99,34454,53.01,D
sh688777,中控技术,2025-09-25 13:52:17,52.99,5602,52.99,D
sh688777,中控技术,2025-09-25 13:52:29,53.02,5000,53.02,D
sh688777,中控技术,2025-09-25 13:52:47,53.02,6500,53.02,D
sh688777,中控技术,2025-09-25 13:52:50,53.02,10322,53.02,D
sh688777,中控技术,2025-09-25 13:53:08,53.06,33154,53.04,U
sh688777,中控技术,2025-09-25 13:53:11,53.04,17788,53.06,D
sh688777,中控技术,2025-09-25 13:53:26,53.05,11119,53.06,D
sh688777,中控技术,2025-09-25 13:53:47,53.07,4671,53.07,U
sh688777,中控技术,2025-09-25 13:53:59,53.08,5200,53.08,U
sh688777,中控技术,2025-09-25 13:54:20,53.08,4238,53.09,D
sh688777,中控技术,2025-09-25 13:54:23,53.08,7706,53.08,U
sh688777,中控技术,2025-09-25 13:54:29,53.06,10713,53.09,D
sh688777,中控技术,2025-09-25 13:54:38,53.06,6233,53.06,D
sh688777,中控技术,2025-09-25 13:54:53,53.07,8399,53.06,U
sh688777,中控技术,2025-09-25 13:54:56,53.08,11961,53.07,U
sh688777,中控技术,2025-09-25 13:54:59,53.07,4160,53.08,D
sh688777,中控技术,2025-09-25 13:55:20,53.08,10193,53.07,U
sh688777,中控技术,2025-09-25 13:55:35,53.08,6967,53.08,U
sh688777,中控技术,2025-09-25 13:55:47,53.07,7881,53.07,D
sh688777,中控技术,2025-09-25 13:55:56,53.06,4343,53.06,D
sh688777,中控技术,2025-09-25 13:56:14,53.1,27167,53.07,U
sh688777,中控技术,2025-09-25 13:57:11,53.16,5070,53.16,U
sh688777,中控技术,2025-09-25 13:58:02,53.15,7938,53.18,D
sh688777,中控技术,2025-09-25 13:58:05,53.18,5200,53.15,U
sh688777,中控技术,2025-09-25 13:59:02,53.16,3912,53.18,D
sh688777,中控技术,2025-09-25 13:59:05,53.19,5281,53.16,U
sh688777,中控技术,2025-09-25 13:59:26,53.19,5470,53.19,U
sh688777,中控技术,2025-09-25 13:59:44,53.18,5000,53.18,D
sh688777,中控技术,2025-09-25 14:00:17,53.12,8877,53.19,D
sh688777,中控技术,2025-09-25 14:00:26,53.2,10432,53.2,U
sh688777,中控技术,2025-09-25 14:00:44,53.21,5855,53.21,D
sh688777,中控技术,2025-09-25 14:00:50,53.21,10842,53.21,U
sh688777,中控技术,2025-09-25 14:00:56,53.21,3800,53.2,U
sh688777,中控技术,2025-09-25 14:01:17,53.19,5143,53.2,D
sh688777,中控技术,2025-09-25 14:01:20,53.18,3835,53.19,D
sh688777,中控技术,2025-09-25 14:01:59,53.15,8296,53.16,D
sh688777,中控技术,2025-09-25 14:02:08,53.14,3900,53.15,D
sh688777,中控技术,2025-09-25 14:02:17,53.15,15091,53.15,U
sh688777,中控技术,2025-09-25 14:02:35,53.17,4224,53.15,D
sh688777,中控技术,2025-09-25 14:02:50,53.15,6576,53.18,D
sh688777,中控技术,2025-09-25 14:02:53,53.15,10122,53.15,D
sh688777,中控技术,2025-09-25 14:02:56,53.14,5348,53.15,D
sh688777,中控技术,2025-09-25 14:03:29,53.18,62506,53.16,U
sh688777,中控技术,2025-09-25 14:03:32,53.16,5256,53.18,D
sh688777,中控技术,2025-09-25 14:03:38,53.16,8540,53.16,U
sh688777,中控技术,2025-09-25 14:03:56,53.25,28622,53.19,U
sh688777,中控技术,2025-09-25 14:04:02,53.25,5525,53.3,D
sh688777,中控技术,2025-09-25 14:04:05,53.26,4509,53.25,E
sh688777,中控技术,2025-09-25 14:04:08,53.22,13796,53.26,D
sh688777,中控技术,2025-09-25 14:04:14,53.29,25592,53.27,U
sh688777,中控技术,2025-09-25 14:04:32,53.25,11080,53.26,D
sh688777,中控技术,2025-09-25 14:04:35,53.26,8162,53.25,U
sh688777,中控技术,2025-09-25 14:04:44,53.26,5912,53.3,D
sh688777,中控技术,2025-09-25 14:04:50,53.26,5105,53.25,U
sh688777,中控技术,2025-09-25 14:04:53,53.26,5815,53.26,D
sh688777,中控技术,2025-09-25 14:04:56,53.27,4573,53.26,U
sh688777,中控技术,2025-09-25 14:05:08,53.27,4717,53.26,U
sh688777,中控技术,2025-09-25 14:05:29,53.26,5948,53.26,D
sh688777,中控技术,2025-09-25 14:05:44,53.35,6045,53.29,U
sh688777,中控技术,2025-09-25 14:05:47,53.38,9885,53.35,U
sh688777,中控技术,2025-09-25 14:05:50,53.37,5350,53.38,D
sh688777,中控技术,2025-09-25 14:06:02,53.3,21740,53.36,D
sh688777,中控技术,2025-09-25 14:06:32,53.35,7989,53.34,U
sh688777,中控技术,2025-09-25 14:06:35,53.34,16736,53.35,D
sh688777,中控技术,2025-09-25 14:06:38,53.35,3760,53.34,U
sh688777,中控技术,2025-09-25 14:06:44,53.37,4683,53.31,U
sh688777,中控技术,2025-09-25 14:07:02,53.34,5919,53.35,D
sh688777,中控技术,2025-09-25 14:07:05,53.31,3787,53.34,D
sh688777,中控技术,2025-09-25 14:07:20,53.3,4357,53.31,D
sh688777,中控技术,2025-09-25 14:07:29,53.28,5004,53.29,D
sh688777,中控技术,2025-09-25 14:07:44,53.3,7042,53.3,U
sh688777,中控技术,2025-09-25 14:07:50,53.32,14800,53.31,U
sh688777,中控技术,2025-09-25 14:07:53,53.3,10227,53.32,D
sh688777,中控技术,2025-09-25 14:08:02,53.33,7565,53.33,D
sh688777,中控技术,2025-09-25 14:08:26,53.37,6280,53.36,U
sh688777,中控技术,2025-09-25 14:08:29,53.38,14702,53.37,U
sh688777,中控技术,2025-09-25 14:08:32,53.39,11853,53.38,U
sh688777,中控技术,2025-09-25 14:08:41,53.38,7618,53.38,D
sh688777,中控技术,2025-09-25 14:08:44,53.38,6178,53.38,U
sh688777,中控技术,2025-09-25 14:09:02,53.39,4009,53.38,U
sh688777,中控技术,2025-09-25 14:09:05,53.37,8852,53.39,D
sh688777,中控技术,2025-09-25 14:09:08,53.31,5868,53.37,D
sh688777,中控技术,2025-09-25 14:09:23,53.33,4046,53.33,U
sh688777,中控技术,2025-09-25 14:09:32,53.38,4797,53.38,U
sh688777,中控技术,2025-09-25 14:10:14,53.34,4490,53.34,U
sh688777,中控技术,2025-09-25 14:10:20,53.37,4633,53.34,U
sh688777,中控技术,2025-09-25 14:10:56,53.35,12074,53.37,D
sh688777,中控技术,2025-09-25 14:11:02,53.34,5070,53.36,D
sh688777,中控技术,2025-09-25 14:11:05,53.32,48464,53.34,D
sh688777,中控技术,2025-09-25 14:11:11,53.33,4407,53.31,U
sh688777,中控技术,2025-09-25 14:11:14,53.32,9619,53.33,D
sh688777,中控技术,2025-09-25 14:11:23,53.3,6195,53.32,D
sh688777,中控技术,2025-09-25 14:11:29,53.27,6200,53.3,D
sh688777,中控技术,2025-09-25 14:11:44,53.32,3786,53.32,U
sh688777,中控技术,2025-09-25 14:11:47,53.29,9303,53.32,D
sh688777,中控技术,2025-09-25 14:11:50,53.29,8129,53.29,U
sh688777,中控技术,2025-09-25 14:11:53,53.28,12845,53.29,D
sh688777,中控技术,2025-09-25 14:11:59,53.28,20076,53.33,D
sh688777,中控技术,2025-09-25 14:12:02,53.35,8452,53.28,U
sh688777,中控技术,2025-09-25 14:12:05,53.28,7259,53.35,E
sh688777,中控技术,2025-09-25 14:12:08,53.29,6670,53.28,U
sh688777,中控技术,2025-09-25 14:12:11,53.25,14104,53.29,D
sh688777,中控技术,2025-09-25 14:12:14,53.3,9458,53.25,U
sh688777,中控技术,2025-09-25 14:12:20,53.28,14551,53.32,D
sh688777,中控技术,2025-09-25 14:12:35,53.25,5101,53.26,D
sh688777,中控技术,2025-09-25 14:12:38,53.25,5931,53.25,D
sh688777,中控技术,2025-09-25 14:12:44,53.23,16958,53.25,D
sh688777,中控技术,2025-09-25 14:13:11,53.26,10500,53.25,U
sh688777,中控技术,2025-09-25 14:13:56,53.33,13000,53.33,U
sh688777,中控技术,2025-09-25 14:14:05,53.31,8923,53.3,E
sh688777,中控技术,2025-09-25 14:14:11,53.36,6396,53.31,U
sh688777,中控技术,2025-09-25 14:14:14,53.37,4900,53.36,U
sh688777,中控技术,2025-09-25 14:14:23,53.37,7159,53.37,U
sh688777,中控技术,2025-09-25 14:14:26,53.33,7973,53.37,D
sh688777,中控技术,2025-09-25 14:14:41,53.32,10311,53.33,D
sh688777,中控技术,2025-09-25 14:14:59,53.31,3834,53.32,D
sh688777,中控技术,2025-09-25 14:15:02,53.31,4644,53.31,U
sh688777,中控技术,2025-09-25 14:15:05,53.3,5020,53.31,D
sh688777,中控技术,2025-09-25 14:15:11,53.29,4720,53.3,D
sh688777,中控技术,2025-09-25 14:15:17,53.25,12718,53.29,D
sh688777,中控技术,2025-09-25 14:15:50,53.22,14938,53.27,D
sh688777,中控技术,2025-09-25 14:16:20,53.27,4629,53.31,D
sh688777,中控技术,2025-09-25 14:16:44,53.27,5010,53.27,D
sh688777,中控技术,2025-09-25 14:16:47,53.29,5630,53.27,U
sh688777,中控技术,2025-09-25 14:17:02,53.31,4636,53.32,U
sh688777,中控技术,2025-09-25 14:17:05,53.35,5599,53.31,U
sh688777,中控技术,2025-09-25 14:17:08,53.32,16688,53.35,E
sh688777,中控技术,2025-09-25 14:17:14,53.23,6764,53.28,D
sh688777,中控技术,2025-09-25 14:17:32,53.28,4066,53.28,U
sh688777,中控技术,2025-09-25 14:17:56,53.22,20000,53.25,D
sh688777,中控技术,2025-09-25 14:17:59,53.21,6904,53.22,D
sh688777,中控技术,2025-09-25 14:18:05,53.24,7558,53.21,E
sh688777,中控技术,2025-09-25 14:18:14,53.29,11217,53.25,U
sh688777,中控技术,2025-09-25 14:18:38,53.38,63000,53.32,U
sh688777,中控技术,2025-09-25 14:18:41,53.38,16084,53.38,U
sh688777,中控技术,2025-09-25 14:18:56,53.35,4801,53.35,U
sh688777,中控技术,2025-09-25 14:19:02,53.31,6483,53.36,D
sh688777,中控技术,2025-09-25 14:19:05,53.32,8578,53.31,E
sh688777,中控技术,2025-09-25 14:19:20,53.25,10000,53.32,D
sh688777,中控技术,2025-09-25 14:19:35,53.33,11374,53.33,U
sh688777,中控技术,2025-09-25 14:19:41,53.33,4133,53.34,D
sh688777,中控技术,2025-09-25 14:19:53,53.32,11490,53.35,D
sh688777,中控技术,2025-09-25 14:19:56,53.32,5841,53.32,U
sh688777,中控技术,2025-09-25 14:20:08,53.32,5241,53.35,D
sh688777,中控技术,2025-09-25 14:20:14,53.32,5121,53.36,D
sh688777,中控技术,2025-09-25 14:20:56,53.34,5042,53.34,U
sh688777,中控技术,2025-09-25 14:20:59,53.34,3982,53.34,U
sh688777,中控技术,2025-09-25 14:22:05,53.36,6000,53.32,U
sh688777,中控技术,2025-09-25 14:22:29,53.36,3762,53.36,U
sh688777,中控技术,2025-09-25 14:22:41,53.36,5950,53.36,U
sh688777,中控技术,2025-09-25 14:22:44,53.38,5710,53.36,U
sh688777,中控技术,2025-09-25 14:22:47,53.36,16409,53.38,D
sh688777,中控技术,2025-09-25 14:22:50,53.38,4427,53.36,U
sh688777,中控技术,2025-09-25 14:23:02,53.38,4703,53.38,U
sh688777,中控技术,2025-09-25 14:23:05,53.39,43017,53.38,U
sh688777,中控技术,2025-09-25 14:23:08,53.4,15942,53.39,U
sh688777,中控技术,2025-09-25 14:23:14,53.43,4924,53.4,U
sh688777,中控技术,2025-09-25 14:23:23,53.43,6079,53.44,D
sh688777,中控技术,2025-09-25 14:23:26,53.44,5576,53.43,U
sh688777,中控技术,2025-09-25 14:23:29,53.44,18029,53.44,U
sh688777,中控技术,2025-09-25 14:23:32,53.45,7548,53.44,U
sh688777,中控技术,2025-09-25 14:23:41,53.44,18442,53.44,D
sh688777,中控技术,2025-09-25 14:23:47,53.42,5751,53.43,D
sh688777,中控技术,2025-09-25 14:23:50,53.42,11099,53.42,U
sh688777,中控技术,2025-09-25 14:23:56,53.42,20122,53.43,D
sh688777,中控技术,2025-09-25 14:23:59,53.41,64224,53.42,E
sh688777,中控技术,2025-09-25 14:24:02,53.42,19856,53.41,U
sh688777,中控技术,2025-09-25 14:24:26,53.36,10280,53.38,D
sh688777,中控技术,2025-09-25 14:25:05,53.38,5076,53.37,U
sh688777,中控技术,2025-09-25 14:25:08,53.4,6244,53.38,U
sh688777,中控技术,2025-09-25 14:25:26,53.44,4565,53.42,U
sh688777,中控技术,2025-09-25 14:25:38,53.4,9967,53.42,D
sh688777,中控技术,2025-09-25 14:25:44,53.4,21186,53.41,D
sh688777,中控技术,2025-09-25 14:25:47,53.41,13124,53.4,U
sh688777,中控技术,2025-09-25 14:25:53,53.4,15326,53.41,D
sh688777,中控技术,2025-09-25 14:26:08,53.4,11502,53.39,U
sh688777,中控技术,2025-09-25 14:26:11,53.39,9519,53.4,D
sh688777,中控技术,2025-09-25 14:26:14,53.39,5591,53.39,U
sh688777,中控技术,2025-09-25 14:26:17,53.39,9697,53.39,U
sh688777,中控技术,2025-09-25 14:26:23,53.41,19557,53.4,U
sh688777,中控技术,2025-09-25 14:26:26,53.41,36803,53.41,U
sh688777,中控技术,2025-09-25 14:26:35,53.4,12018,53.4,U
sh688777,中控技术,2025-09-25 14:26:38,53.4,5898,53.4,U
sh688777,中控技术,2025-09-25 14:26:41,53.43,66853,53.4,U
sh688777,中控技术,2025-09-25 14:26:56,53.43,17904,53.44,D
sh688777,中控技术,2025-09-25 14:27:02,53.41,8550,53.43,D
sh688777,中控技术,2025-09-25 14:27:14,53.43,26369,53.42,U
sh688777,中控技术,2025-09-25 14:27:23,53.42,14053,53.43,U
sh688777,中控技术,2025-09-25 14:27:29,53.39,18138,53.42,D
sh688777,中控技术,2025-09-25 14:27:32,53.39,10051,53.39,D
sh688777,中控技术,2025-09-25 14:27:35,53.39,4739,53.39,D
sh688777,中控技术,2025-09-25 14:27:38,53.4,8126,53.39,U
sh688777,中控技术,2025-09-25 14:27:41,53.41,5927,53.4,U
sh688777,中控技术,2025-09-25 14:27:53,53.41,9813,53.42,D
sh688777,中控技术,2025-09-25 14:27:59,53.4,11270,53.4,D
sh688777,中控技术,2025-09-25 14:28:17,53.39,13721,53.4,D
sh688777,中控技术,2025-09-25 14:28:29,53.38,4870,53.38,D
sh688777,中控技术,2025-09-25 14:28:41,53.38,17821,53.38,D
sh688777,中控技术,2025-09-25 14:28:47,53.39,4436,53.38,U
sh688777,中控技术,2025-09-25 14:28:53,53.39,6500,53.39,U
sh688777,中控技术,2025-09-25 14:29:47,53.39,5372,53.4,D
sh688777,中控技术,2025-09-25 14:29:50,53.43,8790,53.39,U
sh688777,中控技术,2025-09-25 14:29:53,53.43,4071,53.43,U
sh688777,中控技术,2025-09-25 14:30:02,53.41,12807,53.43,D
sh688777,中控技术,2025-09-25 14:30:05,53.44,6601,53.41,U
sh688777,中控技术,2025-09-25 14:30:08,53.44,3970,53.44,U
sh688777,中控技术,2025-09-25 14:30:11,53.45,4591,53.44,U
sh688777,中控技术,2025-09-25 14:30:14,53.45,4625,53.45,U
sh688777,中控技术,2025-09-25 14:30:17,53.45,6906,53.45,U
sh688777,中控技术,2025-09-25 14:30:23,53.44,5468,53.45,D
sh688777,中控技术,2025-09-25 14:30:26,53.43,8469,53.44,D
sh688777,中控技术,2025-09-25 14:30:32,53.42,10903,53.43,D
sh688777,中控技术,2025-09-25 14:30:35,53.43,6086,53.42,U
sh688777,中控技术,2025-09-25 14:30:38,53.43,7935,53.43,U
sh688777,中控技术,2025-09-25 14:30:41,53.44,33719,53.43,U
sh688777,中控技术,2025-09-25 14:30:44,53.44,10162,53.44,U
sh688777,中控技术,2025-09-25 14:30:47,53.44,6839,53.44,U
sh688777,中控技术,2025-09-25 14:30:50,53.47,40563,53.44,U
sh688777,中控技术,2025-09-25 14:30:53,53.47,5317,53.47,U
sh688777,中控技术,2025-09-25 14:30:56,53.44,5200,53.47,D
sh688777,中控技术,2025-09-25 14:31:02,53.47,10394,53.47,D
sh688777,中控技术,2025-09-25 14:31:05,53.48,6930,53.47,U
sh688777,中控技术,2025-09-25 14:31:17,53.47,4503,53.47,U
sh688777,中控技术,2025-09-25 14:31:26,53.44,8274,53.46,D
sh688777,中控技术,2025-09-25 14:31:35,53.41,5921,53.42,D
sh688777,中控技术,2025-09-25 14:31:38,53.41,7920,53.41,D
sh688777,中控技术,2025-09-25 14:31:53,53.4,5895,53.4,D
sh688777,中控技术,2025-09-25 14:32:02,53.38,17015,53.4,D
sh688777,中控技术,2025-09-25 14:32:05,53.4,9026,53.38,U
sh688777,中控技术,2025-09-25 14:32:08,53.39,10508,53.4,D
sh688777,中控技术,2025-09-25 14:32:11,53.39,9349,53.39,D
sh688777,中控技术,2025-09-25 14:32:14,53.38,4659,53.39,D
sh688777,中控技术,2025-09-25 14:32:17,53.4,9500,53.38,U
sh688777,中控技术,2025-09-25 14:32:20,53.37,4639,53.4,E
sh688777,中控技术,2025-09-25 14:32:26,53.36,4057,53.36,D
sh688777,中控技术,2025-09-25 14:32:59,53.4,11651,53.39,U
sh688777,中控技术,2025-09-25 14:33:02,53.4,7949,53.4,D
sh688777,中控技术,2025-09-25 14:33:08,53.4,5899,53.4,D
sh688777,中控技术,2025-09-25 14:33:14,53.4,12518,53.4,D
sh688777,中控技术,2025-09-25 14:33:32,53.39,6530,53.39,D
sh688777,中控技术,2025-09-25 14:33:38,53.37,21764,53.39,D
sh688777,中控技术,2025-09-25 14:33:41,53.37,16035,53.37,D
sh688777,中控技术,2025-09-25 14:33:47,53.35,13666,53.35,D
sh688777,中控技术,2025-09-25 14:34:29,53.37,23483,53.33,U
sh688777,中控技术,2025-09-25 14:34:32,53.37,6807,53.37,D
sh688777,中控技术,2025-09-25 14:34:35,53.4,3836,53.37,U
sh688777,中控技术,2025-09-25 14:35:02,53.37,12643,53.37,U
sh688777,中控技术,2025-09-25 14:35:29,53.39,23688,53.39,U
sh688777,中控技术,2025-09-25 14:35:38,53.4,4349,53.39,U
sh688777,中控技术,2025-09-25 14:35:44,53.38,8322,53.39,D
sh688777,中控技术,2025-09-25 14:36:08,53.36,24749,53.39,D
sh688777,中控技术,2025-09-25 14:36:32,53.35,9020,53.37,D
sh688777,中控技术,2025-09-25 14:36:35,53.35,5604,53.35,U
sh688777,中控技术,2025-09-25 14:36:47,53.35,6300,53.34,U
sh688777,中控技术,2025-09-25 14:36:53,53.35,3990,53.34,U
sh688777,中控技术,2025-09-25 14:37:02,53.34,5713,53.35,D
sh688777,中控技术,2025-09-25 14:37:05,53.3,18239,53.34,D
sh688777,中控技术,2025-09-25 14:37:08,53.3,7009,53.3,D
sh688777,中控技术,2025-09-25 14:37:17,53.31,9167,53.31,D
sh688777,中控技术,2025-09-25 14:37:44,53.34,7304,53.34,U
sh688777,中控技术,2025-09-25 14:38:20,53.32,5000,53.32,U
sh688777,中控技术,2025-09-25 14:38:26,53.31,13240,53.32,D
sh688777,中控技术,2025-09-25 14:38:50,53.32,4813,53.31,U
sh688777,中控技术,2025-09-25 14:38:53,53.31,6258,53.32,D
sh688777,中控技术,2025-09-25 14:39:02,53.27,11987,53.3,D
sh688777,中控技术,2025-09-25 14:39:32,53.29,8317,53.28,U
sh688777,中控技术,2025-09-25 14:39:35,53.29,5713,53.29,U
sh688777,中控技术,2025-09-25 14:40:05,53.28,3891,53.28,U
sh688777,中控技术,2025-09-25 14:40:23,53.27,13133,53.28,D
sh688777,中控技术,2025-09-25 14:40:26,53.27,4537,53.27,U
sh688777,中控技术,2025-09-25 14:40:47,53.25,7398,53.26,D
sh688777,中控技术,2025-09-25 14:40:50,53.24,4396,53.25,D
sh688777,中控技术,2025-09-25 14:40:59,53.24,5342,53.24,U
sh688777,中控技术,2025-09-25 14:41:08,53.22,6559,53.23,D
sh688777,中控技术,2025-09-25 14:41:14,53.21,5506,53.22,D
sh688777,中控技术,2025-09-25 14:41:17,53.21,7324,53.21,U
sh688777,中控技术,2025-09-25 14:41:20,53.2,5716,53.21,D
sh688777,中控技术,2025-09-25 14:41:32,53.18,13043,53.19,D
sh688777,中控技术,2025-09-25 14:41:41,53.15,13807,53.18,D
sh688777,中控技术,2025-09-25 14:41:50,53.17,15169,53.16,U
sh688777,中控技术,2025-09-25 14:41:53,53.22,101751,53.17,U
sh688777,中控技术,2025-09-25 14:41:56,53.24,22482,53.22,U
sh688777,中控技术,2025-09-25 14:42:20,53.22,7799,53.22,D
sh688777,中控技术,2025-09-25 14:42:32,53.21,5644,53.21,U
sh688777,中控技术,2025-09-25 14:42:44,53.2,40618,53.19,U
sh688777,中控技术,2025-09-25 14:42:50,53.2,6823,53.19,U
sh688777,中控技术,2025-09-25 14:42:53,53.19,11102,53.2,D
sh688777,中控技术,2025-09-25 14:42:56,53.19,5500,53.19,U
sh688777,中控技术,2025-09-25 14:42:59,53.19,5264,53.19,U
sh688777,中控技术,2025-09-25 14:43:08,53.2,24622,53.2,U
sh688777,中控技术,2025-09-25 14:43:20,53.18,8982,53.18,U
sh688777,中控技术,2025-09-25 14:43:23,53.18,9900,53.18,U
sh688777,中控技术,2025-09-25 14:43:26,53.17,13468,53.18,D
sh688777,中控技术,2025-09-25 14:43:35,53.16,15709,53.17,D
sh688777,中控技术,2025-09-25 14:43:38,53.16,8000,53.16,U
sh688777,中控技术,2025-09-25 14:43:41,53.15,21968,53.16,D
sh688777,中控技术,2025-09-25 14:43:44,53.16,6689,53.15,U
sh688777,中控技术,2025-09-25 14:43:47,53.15,12556,53.16,D
sh688777,中控技术,2025-09-25 14:43:50,53.15,7231,53.15,U
sh688777,中控技术,2025-09-25 14:43:56,53.14,11301,53.15,D
sh688777,中控技术,2025-09-25 14:43:59,53.14,28000,53.14,U
sh688777,中控技术,2025-09-25 14:44:05,53.14,13360,53.14,U
sh688777,中控技术,2025-09-25 14:44:08,53.15,9142,53.14,U
sh688777,中控技术,2025-09-25 14:44:11,53.15,22350,53.15,U
sh688777,中控技术,2025-09-25 14:44:14,53.16,24436,53.15,U
sh688777,中控技术,2025-09-25 14:44:17,53.16,8800,53.16,U
sh688777,中控技术,2025-09-25 14:44:20,53.16,20559,53.16,U
sh688777,中控技术,2025-09-25 14:44:23,53.17,49353,53.16,U
sh688777,中控技术,2025-09-25 14:44:29,53.19,33865,53.18,U
sh688777,中控技术,2025-09-25 14:44:32,53.2,16157,53.19,U
sh688777,中控技术,2025-09-25 14:44:35,53.21,5922,53.2,U
sh688777,中控技术,2025-09-25 14:44:38,53.23,16047,53.21,U
sh688777,中控技术,2025-09-25 14:44:41,53.21,5749,53.23,D
sh688777,中控技术,2025-09-25 14:44:44,53.27,5224,53.21,U
sh688777,中控技术,2025-09-25 14:44:47,53.27,4928,53.27,U
sh688777,中控技术,2025-09-25 14:44:53,53.26,4161,53.25,U
sh688777,中控技术,2025-09-25 14:44:56,53.26,4736,53.26,U
sh688777,中控技术,2025-09-25 14:44:59,53.27,18774,53.26,U
sh688777,中控技术,2025-09-25 14:45:02,53.26,6064,53.27,E
sh688777,中控技术,2025-09-25 14:45:05,53.23,11359,53.26,D
sh688777,中控技术,2025-09-25 14:45:20,53.24,3948,53.26,D
sh688777,中控技术,2025-09-25 14:45:23,53.23,53898,53.24,D
sh688777,中控技术,2025-09-25 14:45:26,53.25,3844,53.23,E
sh688777,中控技术,2025-09-25 14:45:29,53.28,17343,53.25,U
sh688777,中控技术,2025-09-25 14:45:32,53.28,24553,53.28,D
sh688777,中控技术,2025-09-25 14:45:41,53.28,33948,53.29,D
sh688777,中控技术,2025-09-25 14:45:50,53.27,4447,53.27,U
sh688777,中控技术,2025-09-25 14:45:53,53.28,6831,53.27,U
sh688777,中控技术,2025-09-25 14:46:05,53.29,6787,53.29,U
sh688777,中控技术,2025-09-25 14:46:20,53.27,15938,53.28,D
sh688777,中控技术,2025-09-25 14:46:23,53.26,15157,53.27,D
sh688777,中控技术,2025-09-25 14:46:26,53.25,35684,53.26,D
sh688777,中控技术,2025-09-25 14:46:35,53.22,14224,53.24,D
sh688777,中控技术,2025-09-25 14:46:38,53.22,7238,53.22,U
sh688777,中控技术,2025-09-25 14:46:41,53.22,3910,53.22,U
sh688777,中控技术,2025-09-25 14:46:50,53.2,4987,53.21,D
sh688777,中控技术,2025-09-25 14:46:59,53.19,12578,53.22,D
sh688777,中控技术,2025-09-25 14:47:05,53.2,5816,53.2,U
sh688777,中控技术,2025-09-25 14:47:11,53.19,9589,53.2,D
sh688777,中控技术,2025-09-25 14:47:17,53.17,4163,53.19,D
sh688777,中控技术,2025-09-25 14:47:23,53.19,50464,53.17,U
sh688777,中控技术,2025-09-25 14:47:26,53.16,24516,53.19,D
sh688777,中控技术,2025-09-25 14:47:29,53.2,10675,53.16,U
sh688777,中控技术,2025-09-25 14:47:32,53.2,21490,53.2,D
sh688777,中控技术,2025-09-25 14:47:35,53.17,8979,53.2,D
sh688777,中控技术,2025-09-25 14:48:02,53.17,8986,53.17,U
sh688777,中控技术,2025-09-25 14:48:05,53.17,20315,53.17,U
sh688777,中控技术,2025-09-25 14:48:14,53.17,11584,53.18,D
sh688777,中控技术,2025-09-25 14:48:20,53.17,12015,53.17,U
sh688777,中控技术,2025-09-25 14:48:44,53.18,4098,53.19,D
sh688777,中控技术,2025-09-25 14:48:53,53.16,3921,53.18,D
sh688777,中控技术,2025-09-25 14:48:56,53.18,4547,53.16,U
sh688777,中控技术,2025-09-25 14:48:59,53.18,3896,53.18,U
sh688777,中控技术,2025-09-25 14:49:02,53.19,4899,53.18,U
sh688777,中控技术,2025-09-25 14:49:05,53.18,21764,53.19,D
sh688777,中控技术,2025-09-25 14:49:08,53.19,15734,53.18,U
sh688777,中控技术,2025-09-25 14:49:11,53.25,100831,53.19,U
sh688777,中控技术,2025-09-25 14:49:14,53.29,5624,53.25,U
sh688777,中控技术,2025-09-25 14:49:38,53.25,14443,53.25,D
sh688777,中控技术,2025-09-25 14:50:02,53.23,7141,53.24,D
sh688777,中控技术,2025-09-25 14:50:08,53.23,4049,53.23,U
sh688777,中控技术,2025-09-25 14:50:17,53.22,6611,53.23,D
sh688777,中控技术,2025-09-25 14:50:20,53.22,7923,53.22,D
sh688777,中控技术,2025-09-25 14:50:23,53.23,16378,53.22,U
sh688777,中控技术,2025-09-25 14:50:41,53.2,5641,53.2,D
sh688777,中控技术,2025-09-25 14:50:50,53.21,5974,53.2,U
sh688777,中控技术,2025-09-25 14:50:53,53.2,8293,53.21,D
sh688777,中控技术,2025-09-25 14:50:59,53.2,14017,53.2,D
sh688777,中控技术,2025-09-25 14:51:02,53.2,9723,53.2,D
sh688777,中控技术,2025-09-25 14:51:05,53.19,14270,53.2,D
sh688777,中控技术,2025-09-25 14:51:11,53.2,20700,53.19,U
sh688777,中控技术,2025-09-25 14:51:14,53.24,19816,53.2,U
sh688777,中控技术,2025-09-25 14:51:17,53.25,62073,53.24,U
sh688777,中控技术,2025-09-25 14:51:23,53.22,10447,53.24,E
sh688777,中控技术,2025-09-25 14:51:29,53.22,27301,53.23,D
sh688777,中控技术,2025-09-25 14:51:32,53.22,14359,53.22,U
sh688777,中控技术,2025-09-25 14:51:38,53.21,10400,53.21,U
sh688777,中控技术,2025-09-25 14:51:41,53.2,14300,53.21,D
sh688777,中控技术,2025-09-25 14:51:50,53.19,14363,53.19,D
sh688777,中控技术,2025-09-25 14:51:56,53.19,13261,53.19,D
sh688777,中控技术,2025-09-25 14:51:59,53.19,16538,53.19,D
sh688777,中控技术,2025-09-25 14:52:02,53.18,10260,53.19,D
sh688777,中控技术,2025-09-25 14:52:05,53.18,15413,53.18,D
sh688777,中控技术,2025-09-25 14:52:14,53.18,12252,53.17,U
sh688777,中控技术,2025-09-25 14:52:17,53.17,6728,53.18,D
sh688777,中控技术,2025-09-25 14:52:26,53.16,12937,53.16,D
sh688777,中控技术,2025-09-25 14:52:32,53.16,20652,53.16,D
sh688777,中控技术,2025-09-25 14:52:41,53.15,3794,53.15,D
sh688777,中控技术,2025-09-25 14:52:44,53.15,6400,53.15,U
sh688777,中控技术,2025-09-25 14:52:50,53.14,16945,53.15,D
sh688777,中控技术,2025-09-25 14:52:53,53.13,7737,53.14,D
sh688777,中控技术,2025-09-25 14:52:59,53.14,3809,53.13,U
sh688777,中控技术,2025-09-25 14:53:02,53.15,8840,53.14,U
sh688777,中控技术,2025-09-25 14:53:05,53.15,4548,53.15,U
sh688777,中控技术,2025-09-25 14:53:08,53.14,14889,53.15,D
sh688777,中控技术,2025-09-25 14:53:11,53.14,5142,53.14,U
sh688777,中控技术,2025-09-25 14:53:14,53.13,13604,53.14,D
sh688777,中控技术,2025-09-25 14:53:17,53.13,7224,53.13,D
sh688777,中控技术,2025-09-25 14:53:26,53.11,6005,53.12,D
sh688777,中控技术,2025-09-25 14:53:32,53.11,7552,53.11,D
sh688777,中控技术,2025-09-25 14:53:38,53.11,4691,53.11,D
sh688777,中控技术,2025-09-25 14:53:44,53.11,3926,53.11,U
sh688777,中控技术,2025-09-25 14:53:47,53.11,22872,53.11,U
sh688777,中控技术,2025-09-25 14:53:50,53.1,4100,53.11,D
sh688777,中控技术,2025-09-25 14:53:53,53.1,17650,53.1,D
sh688777,中控技术,2025-09-25 14:53:59,53.13,28915,53.11,U
sh688777,中控技术,2025-09-25 14:54:02,53.09,6073,53.13,D
sh688777,中控技术,2025-09-25 14:54:08,53.15,8598,53.13,U
sh688777,中控技术,2025-09-25 14:54:11,53.17,4500,53.15,U
sh688777,中控技术,2025-09-25 14:54:14,53.15,4132,53.17,D
sh688777,中控技术,2025-09-25 14:54:20,53.16,5252,53.16,E
sh688777,中控技术,2025-09-25 14:54:23,53.18,5340,53.16,U
sh688777,中控技术,2025-09-25 14:54:26,53.15,3845,53.18,D
sh688777,中控技术,2025-09-25 14:54:32,53.2,4690,53.18,U
sh688777,中控技术,2025-09-25 14:54:38,53.2,8424,53.2,U
sh688777,中控技术,2025-09-25 14:54:59,53.19,4200,53.2,D
sh688777,中控技术,2025-09-25 14:55:02,53.2,3890,53.19,D
sh688777,中控技术,2025-09-25 14:55:11,53.22,4546,53.2,U
sh688777,中控技术,2025-09-25 14:55:14,53.2,4277,53.22,D
sh688777,中控技术,2025-09-25 14:55:20,53.2,6253,53.2,U
sh688777,中控技术,2025-09-25 14:55:23,53.19,5574,53.2,D
sh688777,中控技术,2025-09-25 14:55:29,53.18,18434,53.18,D
sh688777,中控技术,2025-09-25 14:55:32,53.18,6609,53.18,D
sh688777,中控技术,2025-09-25 14:55:38,53.17,10059,53.16,U
sh688777,中控技术,2025-09-25 14:55:41,53.16,5339,53.17,D
sh688777,中控技术,2025-09-25 14:55:50,53.18,4832,53.18,U
sh688777,中控技术,2025-09-25 14:55:59,53.18,7070,53.16,U
sh688777,中控技术,2025-09-25 14:56:02,53.19,9297,53.18,U
sh688777,中控技术,2025-09-25 14:56:08,53.19,9166,53.19,U
sh688777,中控技术,2025-09-25 14:56:11,53.2,8990,53.19,U
sh688777,中控技术,2025-09-25 14:56:17,53.16,4827,53.17,D
sh688777,中控技术,2025-09-25 14:56:20,53.19,5168,53.16,U
sh688777,中控技术,2025-09-25 14:56:23,53.19,6519,53.19,U
sh688777,中控技术,2025-09-25 14:56:26,53.2,6140,53.19,U
sh688777,中控技术,2025-09-25 14:56:29,53.2,12716,53.2,U
sh688777,中控技术,2025-09-25 14:56:32,53.2,4195,53.2,U
sh688777,中控技术,2025-09-25 14:56:41,53.19,4713,53.2,D
sh688777,中控技术,2025-09-25 14:56:44,53.17,7326,53.19,D
sh688777,中控技术,2025-09-25 15:00:01,53.2,235367,53.18,U
