symbol,name,ticktime,price,volume,prev_price,kind
sh688777,中控技术,2025-09-19 09:25:02,50.8,39641,0.0,U
sh688777,中控技术,2025-09-19 09:30:07,50.72,19000,50.9,D
sh688777,中控技术,2025-09-19 09:30:10,50.9,36412,50.72,U
sh688777,中控技术,2025-09-19 09:30:13,50.8,6016,50.9,E
sh688777,中控技术,2025-09-19 09:30:16,50.81,9727,50.8,U
sh688777,中控技术,2025-09-19 09:30:19,50.8,8926,50.81,D
sh688777,中控技术,2025-09-19 09:30:22,50.8,11423,50.8,D
sh688777,中控技术,2025-09-19 09:30:25,50.8,14963,50.8,U
sh688777,中控技术,2025-09-19 09:30:28,50.81,27059,50.8,U
sh688777,中控技术,2025-09-19 09:30:31,50.8,25275,50.81,D
sh688777,中控技术,2025-09-19 09:30:34,50.8,17850,50.8,U
sh688777,中控技术,2025-09-19 09:30:37,50.81,14067,50.8,U
sh688777,中控技术,2025-09-19 09:30:40,50.8,14876,50.81,D
sh688777,中控技术,2025-09-19 09:30:43,50.87,14907,50.8,U
sh688777,中控技术,2025-09-19 09:30:46,50.94,47359,50.87,U
sh688777,中控技术,2025-09-19 09:30:49,50.95,28750,50.94,U
sh688777,中控技术,2025-09-19 09:30:52,51.02,17314,50.95,U
sh688777,中控技术,2025-09-19 09:30:55,51.13,7971,51.02,U
sh688777,中控技术,2025-09-19 09:30:58,51.0,15165,51.13,D
sh688777,中控技术,2025-09-19 09:31:01,50.92,8001,51.0,D
sh688777,中控技术,2025-09-19 09:31:04,50.93,4276,50.92,E
sh688777,中控技术,2025-09-19 09:31:07,50.92,13858,50.93,D
sh688777,中控技术,2025-09-19 09:31:10,50.9,11446,50.92,U
sh688777,中控技术,2025-09-19 09:31:13,50.87,6245,50.9,D
sh688777,中控技术,2025-09-19 09:31:16,50.85,4493,50.87,D
sh688777,中控技术,2025-09-19 09:31:19,50.81,10546,50.85,D
sh688777,中控技术,2025-09-19 09:31:22,50.82,10386,50.81,U
sh688777,中控技术,2025-09-19 09:31:25,50.81,10302,50.82,D
sh688777,中控技术,2025-09-19 09:31:31,50.83,12986,50.9,D
sh688777,中控技术,2025-09-19 09:31:34,50.82,5321,50.83,U
sh688777,中控技术,2025-09-19 09:31:37,50.82,4302,50.82,D
sh688777,中控技术,2025-09-19 09:31:43,50.9,13604,50.95,D
sh688777,中控技术,2025-09-19 09:31:46,50.85,3963,50.9,D
sh688777,中控技术,2025-09-19 09:31:52,50.83,5499,50.85,D
sh688777,中控技术,2025-09-19 09:31:58,50.83,4173,50.85,D
sh688777,中控技术,2025-09-19 09:32:01,50.89,4091,50.83,U
sh688777,中控技术,2025-09-19 09:32:10,50.88,39305,50.88,U
sh688777,中控技术,2025-09-19 09:32:13,50.89,9248,50.88,U
sh688777,中控技术,2025-09-19 09:32:16,50.85,38918,50.89,D
sh688777,中控技术,2025-09-19 09:32:19,50.85,6300,50.85,U
sh688777,中控技术,2025-09-19 09:32:22,50.85,20888,50.85,U
sh688777,中控技术,2025-09-19 09:32:25,50.83,9053,50.85,U
sh688777,中控技术,2025-09-19 09:32:28,50.8,17021,50.83,D
sh688777,中控技术,2025-09-19 09:32:34,50.82,13525,50.78,U
sh688777,中控技术,2025-09-19 09:32:40,50.78,4940,50.81,E
sh688777,中控技术,2025-09-19 09:32:43,50.78,5238,50.78,D
sh688777,中控技术,2025-09-19 09:32:46,50.72,15777,50.78,D
sh688777,中控技术,2025-09-19 09:32:49,50.78,21258,50.72,U
sh688777,中控技术,2025-09-19 09:32:52,50.76,10766,50.78,D
sh688777,中控技术,2025-09-19 09:32:58,50.81,5798,50.82,D
sh688777,中控技术,2025-09-19 09:33:07,50.85,5388,50.85,U
sh688777,中控技术,2025-09-19 09:33:10,50.83,5695,50.85,E
sh688777,中控技术,2025-09-19 09:33:13,50.82,8863,50.83,D
sh688777,中控技术,2025-09-19 09:33:16,50.85,12187,50.82,U
sh688777,中控技术,2025-09-19 09:33:19,50.82,7191,50.85,U
sh688777,中控技术,2025-09-19 09:33:25,50.82,18992,50.82,U
sh688777,中控技术,2025-09-19 09:33:28,50.9,17554,50.82,U
sh688777,中控技术,2025-09-19 09:33:31,50.9,18643,50.9,U
sh688777,中控技术,2025-09-19 09:33:34,50.85,12260,50.9,D
sh688777,中控技术,2025-09-19 09:33:37,50.88,13594,50.85,U
sh688777,中控技术,2025-09-19 09:33:40,50.88,15352,50.88,U
sh688777,中控技术,2025-09-19 09:33:46,50.85,22682,50.88,D
sh688777,中控技术,2025-09-19 09:33:49,50.9,9917,50.85,U
sh688777,中控技术,2025-09-19 09:33:55,50.92,8818,50.91,E
sh688777,中控技术,2025-09-19 09:34:07,50.94,7326,50.98,D
sh688777,中控技术,2025-09-19 09:34:10,50.99,6650,50.94,U
sh688777,中控技术,2025-09-19 09:34:13,50.98,16344,50.99,D
sh688777,中控技术,2025-09-19 09:34:25,51.0,5584,51.0,E
sh688777,中控技术,2025-09-19 09:34:37,51.0,29602,51.01,D
sh688777,中控技术,2025-09-19 09:34:40,50.99,9156,51.0,U
sh688777,中控技术,2025-09-19 09:34:49,50.98,4266,50.99,E
sh688777,中控技术,2025-09-19 09:34:52,51.01,11420,50.98,U
sh688777,中控技术,2025-09-19 09:34:55,51.04,41075,51.01,U
sh688777,中控技术,2025-09-19 09:34:58,51.07,5217,51.04,U
sh688777,中控技术,2025-09-19 09:35:13,50.9,4170,50.98,D
sh688777,中控技术,2025-09-19 09:35:19,50.95,4469,50.94,U
sh688777,中控技术,2025-09-19 09:35:25,50.9,6500,50.9,U
sh688777,中控技术,2025-09-19 09:35:28,50.89,13331,50.9,D
sh688777,中控技术,2025-09-19 09:35:34,50.92,12123,50.9,E
sh688777,中控技术,2025-09-19 09:35:37,51.01,51723,50.92,U
sh688777,中控技术,2025-09-19 09:35:58,51.01,8218,51.01,D
sh688777,中控技术,2025-09-19 09:36:01,51.01,21780,51.01,D
sh688777,中控技术,2025-09-19 09:36:04,51.07,10920,51.01,U
sh688777,中控技术,2025-09-19 09:36:07,51.09,5700,51.07,U
sh688777,中控技术,2025-09-19 09:36:10,51.07,8480,51.09,E
sh688777,中控技术,2025-09-19 09:36:13,51.1,14195,51.07,U
sh688777,中控技术,2025-09-19 09:36:16,51.11,5390,51.1,U
sh688777,中控技术,2025-09-19 09:36:25,51.02,4039,51.07,E
sh688777,中控技术,2025-09-19 09:36:28,51.01,4134,51.02,D
sh688777,中控技术,2025-09-19 09:36:34,51.01,7758,51.07,D
sh688777,中控技术,2025-09-19 09:36:37,51.02,6949,51.01,U
sh688777,中控技术,2025-09-19 09:36:46,51.09,6552,51.01,U
sh688777,中控技术,2025-09-19 09:36:49,51.12,32233,51.09,U
sh688777,中控技术,2025-09-19 09:36:55,51.12,11445,51.13,D
sh688777,中控技术,2025-09-19 09:37:01,51.11,5099,51.11,D
sh688777,中控技术,2025-09-19 09:37:04,51.12,18589,51.11,U
sh688777,中控技术,2025-09-19 09:37:10,51.11,5400,51.05,U
sh688777,中控技术,2025-09-19 09:37:19,51.06,7600,51.09,E
sh688777,中控技术,2025-09-19 09:37:22,51.11,6353,51.06,U
sh688777,中控技术,2025-09-19 09:37:37,51.08,9630,51.09,D
sh688777,中控技术,2025-09-19 09:37:40,51.1,14940,51.08,U
sh688777,中控技术,2025-09-19 09:37:43,51.1,13205,51.1,U
sh688777,中控技术,2025-09-19 09:37:46,51.09,23160,51.1,D
sh688777,中控技术,2025-09-19 09:37:49,51.03,31282,51.09,D
sh688777,中控技术,2025-09-19 09:37:52,51.05,4100,51.03,U
sh688777,中控技术,2025-09-19 09:38:01,51.01,5778,51.01,D
sh688777,中控技术,2025-09-19 09:38:04,50.99,28215,51.01,D
sh688777,中控技术,2025-09-19 09:38:07,50.98,7968,50.99,D
sh688777,中控技术,2025-09-19 09:38:13,51.01,7211,51.01,U
sh688777,中控技术,2025-09-19 09:38:16,50.99,11624,51.01,E
sh688777,中控技术,2025-09-19 09:38:19,51.05,16725,50.99,U
sh688777,中控技术,2025-09-19 09:38:28,51.04,18741,51.07,D
sh688777,中控技术,2025-09-19 09:38:31,51.01,13986,51.04,D
sh688777,中控技术,2025-09-19 09:38:34,51.03,4865,51.01,U
sh688777,中控技术,2025-09-19 09:38:40,51.04,6754,51.03,U
sh688777,中控技术,2025-09-19 09:38:43,51.1,37714,51.04,U
sh688777,中控技术,2025-09-19 09:38:46,51.16,30189,51.1,U
sh688777,中控技术,2025-09-19 09:38:49,51.24,26421,51.16,U
sh688777,中控技术,2025-09-19 09:38:52,51.25,29000,51.24,U
sh688777,中控技术,2025-09-19 09:38:58,51.21,6129,51.25,D
sh688777,中控技术,2025-09-19 09:39:04,51.23,28267,51.25,D
sh688777,中控技术,2025-09-19 09:39:07,51.21,14665,51.23,D
sh688777,中控技术,2025-09-19 09:39:10,51.2,33401,51.21,D
sh688777,中控技术,2025-09-19 09:39:16,51.27,17847,51.24,U
sh688777,中控技术,2025-09-19 09:39:19,51.29,18759,51.27,U
sh688777,中控技术,2025-09-19 09:39:22,51.3,26346,51.29,U
sh688777,中控技术,2025-09-19 09:39:25,51.34,6100,51.3,U
sh688777,中控技术,2025-09-19 09:39:28,51.34,4528,51.34,D
sh688777,中控技术,2025-09-19 09:39:31,51.39,7096,51.34,U
sh688777,中控技术,2025-09-19 09:39:34,51.35,14396,51.39,D
sh688777,中控技术,2025-09-19 09:39:37,51.39,6200,51.35,E
sh688777,中控技术,2025-09-19 09:39:40,51.34,14787,51.39,D
sh688777,中控技术,2025-09-19 09:39:43,51.29,17213,51.34,D
sh688777,中控技术,2025-09-19 09:39:52,51.32,7910,51.32,U
sh688777,中控技术,2025-09-19 09:39:55,51.31,5630,51.32,U
sh688777,中控技术,2025-09-19 09:40:01,51.25,9556,51.26,D
sh688777,中控技术,2025-09-19 09:40:04,51.27,5066,51.25,E
sh688777,中控技术,2025-09-19 09:40:07,51.3,7723,51.27,U
sh688777,中控技术,2025-09-19 09:40:10,51.31,12446,51.3,U
sh688777,中控技术,2025-09-19 09:40:13,51.25,10200,51.31,D
sh688777,中控技术,2025-09-19 09:40:28,51.27,4449,51.27,U
sh688777,中控技术,2025-09-19 09:40:31,51.22,11418,51.27,D
sh688777,中控技术,2025-09-19 09:40:52,51.24,4212,51.2,U
sh688777,中控技术,2025-09-19 09:40:55,51.24,3920,51.24,U
sh688777,中控技术,2025-09-19 09:40:58,51.25,7952,51.24,U
sh688777,中控技术,2025-09-19 09:41:01,51.24,10156,51.25,D
sh688777,中控技术,2025-09-19 09:41:04,51.25,5179,51.24,U
sh688777,中控技术,2025-09-19 09:41:07,51.24,9633,51.25,D
sh688777,中控技术,2025-09-19 09:41:13,51.19,7500,51.24,D
sh688777,中控技术,2025-09-19 09:41:19,51.24,8800,51.22,U
sh688777,中控技术,2025-09-19 09:41:22,51.24,6836,51.24,U
sh688777,中控技术,2025-09-19 09:41:28,51.24,17382,51.21,U
sh688777,中控技术,2025-09-19 09:41:31,51.2,13515,51.24,D
sh688777,中控技术,2025-09-19 09:41:40,51.14,12048,51.19,D
sh688777,中控技术,2025-09-19 09:41:43,51.14,12119,51.14,D
sh688777,中控技术,2025-09-19 09:41:46,51.14,4055,51.14,U
sh688777,中控技术,2025-09-19 09:41:49,51.08,13150,51.14,D
sh688777,中控技术,2025-09-19 09:41:55,51.02,32526,51.08,D
sh688777,中控技术,2025-09-19 09:42:01,51.01,7086,51.02,D
sh688777,中控技术,2025-09-19 09:42:04,51.01,15724,51.01,D
sh688777,中控技术,2025-09-19 09:42:16,50.92,14100,51.02,D
sh688777,中控技术,2025-09-19 09:42:31,51.11,3917,50.92,U
sh688777,中控技术,2025-09-19 09:42:34,50.98,8703,51.11,E
sh688777,中控技术,2025-09-19 09:42:49,50.95,4900,50.95,D
sh688777,中控技术,2025-09-19 09:42:52,50.93,29611,50.95,D
sh688777,中控技术,2025-09-19 09:42:58,50.89,8916,50.9,D
sh688777,中控技术,2025-09-19 09:43:01,50.85,7079,50.89,D
sh688777,中控技术,2025-09-19 09:43:04,50.87,10846,50.85,E
sh688777,中控技术,2025-09-19 09:43:07,50.93,18445,50.87,U
sh688777,中控技术,2025-09-19 09:43:10,50.92,4661,50.93,E
sh688777,中控技术,2025-09-19 09:43:28,50.94,12911,51.0,D
sh688777,中控技术,2025-09-19 09:43:49,50.91,18737,50.95,D
sh688777,中控技术,2025-09-19 09:43:58,50.85,8020,50.91,D
sh688777,中控技术,2025-09-19 09:44:07,50.8,39884,50.85,D
sh688777,中控技术,2025-09-19 09:44:10,50.89,44860,50.8,U
sh688777,中控技术,2025-09-19 09:44:13,50.8,4372,50.89,D
sh688777,中控技术,2025-09-19 09:44:16,50.81,16280,50.8,E
sh688777,中控技术,2025-09-19 09:44:28,50.8,59697,50.8,D
sh688777,中控技术,2025-09-19 09:44:31,50.81,5100,50.8,E
sh688777,中控技术,2025-09-19 09:44:37,50.89,10390,50.83,U
sh688777,中控技术,2025-09-19 09:44:40,50.78,8186,50.89,D
sh688777,中控技术,2025-09-19 09:44:49,50.89,4859,50.88,U
sh688777,中控技术,2025-09-19 09:44:52,50.9,4415,50.89,U
sh688777,中控技术,2025-09-19 09:44:55,50.88,7255,50.9,E
sh688777,中控技术,2025-09-19 09:45:04,50.88,58893,50.88,U
sh688777,中控技术,2025-09-19 09:45:16,50.95,18176,50.95,U
sh688777,中控技术,2025-09-19 09:45:25,50.95,19982,50.96,D
sh688777,中控技术,2025-09-19 09:45:28,50.95,8315,50.95,U
sh688777,中控技术,2025-09-19 09:45:37,50.91,10750,50.91,D
sh688777,中控技术,2025-09-19 09:45:43,50.9,5739,50.91,U
sh688777,中控技术,2025-09-19 09:46:01,50.95,3978,50.9,U
sh688777,中控技术,2025-09-19 09:46:10,51.01,31295,50.95,U
sh688777,中控技术,2025-09-19 09:46:25,51.16,12693,51.1,U
sh688777,中控技术,2025-09-19 09:46:31,51.09,12671,51.1,D
sh688777,中控技术,2025-09-19 09:46:34,51.1,27389,51.09,U
sh688777,中控技术,2025-09-19 09:46:49,51.03,13700,50.95,U
sh688777,中控技术,2025-09-19 09:47:01,51.03,5200,51.06,D
sh688777,中控技术,2025-09-19 09:47:07,51.05,31500,51.05,U
sh688777,中控技术,2025-09-19 09:47:13,51.08,7900,51.05,U
sh688777,中控技术,2025-09-19 09:47:19,51.03,5399,51.07,D
sh688777,中控技术,2025-09-19 09:47:22,51.1,61417,51.03,U
sh688777,中控技术,2025-09-19 09:47:25,51.13,10000,51.1,U
sh688777,中控技术,2025-09-19 09:47:37,51.09,9325,51.1,E
sh688777,中控技术,2025-09-19 09:47:46,51.08,6840,51.08,U
sh688777,中控技术,2025-09-19 09:47:55,51.05,6264,51.06,D
sh688777,中控技术,2025-09-19 09:47:58,51.05,5924,51.05,U
sh688777,中控技术,2025-09-19 09:48:01,51.0,12953,51.05,D
sh688777,中控技术,2025-09-19 09:48:07,50.98,4161,50.95,E
sh688777,中控技术,2025-09-19 09:48:16,50.95,21331,51.0,D
sh688777,中控技术,2025-09-19 09:48:28,50.93,10334,50.92,E
sh688777,中控技术,2025-09-19 09:48:43,50.93,4491,51.0,D
sh688777,中控技术,2025-09-19 09:48:58,50.92,4234,50.92,D
sh688777,中控技术,2025-09-19 09:49:10,50.99,6835,50.97,U
sh688777,中控技术,2025-09-19 09:49:13,51.06,50391,50.99,U
sh688777,中控技术,2025-09-19 09:49:16,51.1,4706,51.06,U
sh688777,中控技术,2025-09-19 09:49:19,51.14,23393,51.1,U
sh688777,中控技术,2025-09-19 09:49:28,51.17,4251,51.15,U
sh688777,中控技术,2025-09-19 09:49:37,51.17,11110,51.16,U
sh688777,中控技术,2025-09-19 09:49:46,51.16,10467,51.16,U
sh688777,中控技术,2025-09-19 09:49:55,51.15,6516,51.1,U
sh688777,中控技术,2025-09-19 09:49:58,51.1,7000,51.15,D
sh688777,中控技术,2025-09-19 09:50:07,51.1,5359,51.15,D
sh688777,中控技术,2025-09-19 09:50:19,51.13,19000,51.09,U
sh688777,中控技术,2025-09-19 09:50:37,51.07,6708,51.07,D
sh688777,中控技术,2025-09-19 09:50:46,51.06,17955,51.06,D
sh688777,中控技术,2025-09-19 09:50:49,51.06,6407,51.06,U
sh688777,中控技术,2025-09-19 09:50:52,51.07,8809,51.06,U
sh688777,中控技术,2025-09-19 09:50:58,51.06,8003,51.07,D
sh688777,中控技术,2025-09-19 09:51:01,51.04,6648,51.06,D
sh688777,中控技术,2025-09-19 09:51:13,51.08,21987,51.1,D
sh688777,中控技术,2025-09-19 09:51:16,51.11,26251,51.08,U
sh688777,中控技术,2025-09-19 09:51:19,51.1,13360,51.11,D
sh688777,中控技术,2025-09-19 09:51:22,51.15,30841,51.1,U
sh688777,中控技术,2025-09-19 09:51:31,51.12,19274,51.16,D
sh688777,中控技术,2025-09-19 09:51:34,51.14,9563,51.12,U
sh688777,中控技术,2025-09-19 09:51:49,51.06,21444,51.07,D
sh688777,中控技术,2025-09-19 09:52:01,51.04,18558,51.04,U
sh688777,中控技术,2025-09-19 09:52:16,51.1,8700,51.1,U
sh688777,中控技术,2025-09-19 09:52:19,51.12,8325,51.1,U
sh688777,中控技术,2025-09-19 09:52:28,51.11,4740,51.11,D
sh688777,中控技术,2025-09-19 09:52:37,51.1,5400,51.1,D
sh688777,中控技术,2025-09-19 09:52:46,51.12,23600,51.11,U
sh688777,中控技术,2025-09-19 09:52:52,51.1,14502,51.12,D
sh688777,中控技术,2025-09-19 09:52:58,51.13,15648,51.1,U
sh688777,中控技术,2025-09-19 09:53:07,51.09,6711,51.13,D
sh688777,中控技术,2025-09-19 09:53:25,51.16,44490,51.1,U
sh688777,中控技术,2025-09-19 09:53:28,51.2,20613,51.16,U
sh688777,中控技术,2025-09-19 09:53:37,51.25,9386,51.22,U
sh688777,中控技术,2025-09-19 09:53:43,51.23,8188,51.22,E
sh688777,中控技术,2025-09-19 09:53:46,51.31,29949,51.23,U
sh688777,中控技术,2025-09-19 09:53:49,51.36,12815,51.31,U
sh688777,中控技术,2025-09-19 09:53:52,51.36,3924,51.36,D
sh688777,中控技术,2025-09-19 09:53:58,51.34,9300,51.35,E
sh688777,中控技术,2025-09-19 09:54:10,51.31,16833,51.33,D
sh688777,中控技术,2025-09-19 09:54:13,51.35,4667,51.31,U
sh688777,中控技术,2025-09-19 09:54:16,51.35,7621,51.35,D
sh688777,中控技术,2025-09-19 09:54:19,51.31,10500,51.35,D
sh688777,中控技术,2025-09-19 09:54:22,51.32,11208,51.31,D
sh688777,中控技术,2025-09-19 09:54:31,51.32,21159,51.32,D
sh688777,中控技术,2025-09-19 09:55:04,51.28,4407,51.3,D
sh688777,中控技术,2025-09-19 09:55:07,51.32,4000,51.28,U
sh688777,中控技术,2025-09-19 09:55:10,51.32,11850,51.32,U
sh688777,中控技术,2025-09-19 09:55:13,51.28,6384,51.32,D
sh688777,中控技术,2025-09-19 09:55:19,51.33,4631,51.3,U
sh688777,中控技术,2025-09-19 09:55:34,51.34,7545,51.32,U
sh688777,中控技术,2025-09-19 09:55:46,51.35,12990,51.34,U
sh688777,中控技术,2025-09-19 09:55:52,51.35,9080,51.35,D
sh688777,中控技术,2025-09-19 09:55:58,51.37,11184,51.37,U
sh688777,中控技术,2025-09-19 09:56:01,51.38,27475,51.37,U
sh688777,中控技术,2025-09-19 09:56:04,51.38,9538,51.38,D
sh688777,中控技术,2025-09-19 09:56:07,51.39,3900,51.38,E
sh688777,中控技术,2025-09-19 09:56:13,51.35,18877,51.39,D
sh688777,中控技术,2025-09-19 09:56:19,51.33,9823,51.31,U
sh688777,中控技术,2025-09-19 09:56:28,51.3,6900,51.31,D
sh688777,中控技术,2025-09-19 09:56:37,51.3,10768,51.31,D
sh688777,中控技术,2025-09-19 09:56:49,51.25,6180,51.27,D
sh688777,中控技术,2025-09-19 09:56:58,51.22,8360,51.22,D
sh688777,中控技术,2025-09-19 09:57:10,51.13,13434,51.22,D
sh688777,中控技术,2025-09-19 09:57:13,51.17,4547,51.13,U
sh688777,中控技术,2025-09-19 09:57:19,51.14,3999,51.11,D
sh688777,中控技术,2025-09-19 09:57:28,51.14,6179,51.14,D
sh688777,中控技术,2025-09-19 09:57:31,51.08,18693,51.14,D
sh688777,中控技术,2025-09-19 09:57:37,51.08,4832,51.08,U
sh688777,中控技术,2025-09-19 09:57:40,51.13,20000,51.08,U
sh688777,中控技术,2025-09-19 09:57:43,51.08,5543,51.13,D
sh688777,中控技术,2025-09-19 09:57:46,51.18,4825,51.08,U
sh688777,中控技术,2025-09-19 09:57:55,51.27,7413,51.21,U
sh688777,中控技术,2025-09-19 09:57:58,51.21,5320,51.27,D
sh688777,中控技术,2025-09-19 09:58:04,51.29,5042,51.33,E
sh688777,中控技术,2025-09-19 09:58:07,51.31,4054,51.29,U
sh688777,中控技术,2025-09-19 09:58:13,51.3,4639,51.31,U
sh688777,中控技术,2025-09-19 09:58:16,51.33,6395,51.3,U
sh688777,中控技术,2025-09-19 09:58:34,51.3,9176,51.24,U
sh688777,中控技术,2025-09-19 09:58:37,51.26,6325,51.3,E
sh688777,中控技术,2025-09-19 09:58:40,51.31,9414,51.26,U
sh688777,中控技术,2025-09-19 09:58:43,51.3,12898,51.31,D
sh688777,中控技术,2025-09-19 09:58:52,51.34,4396,51.35,E
sh688777,中控技术,2025-09-19 09:58:55,51.24,14801,51.34,D
sh688777,中控技术,2025-09-19 09:58:58,51.21,7145,51.24,D
sh688777,中控技术,2025-09-19 09:59:04,51.27,6652,51.24,E
sh688777,中控技术,2025-09-19 09:59:16,51.19,11200,51.19,D
sh688777,中控技术,2025-09-19 09:59:22,51.2,5336,51.2,D
sh688777,中控技术,2025-09-19 09:59:46,51.15,4704,51.15,U
sh688777,中控技术,2025-09-19 10:00:04,51.07,10326,51.1,D
sh688777,中控技术,2025-09-19 10:00:07,51.09,4312,51.07,E
sh688777,中控技术,2025-09-19 10:00:13,51.13,9001,51.1,U
sh688777,中控技术,2025-09-19 10:00:28,51.13,10846,51.1,U
sh688777,中控技术,2025-09-19 10:00:31,51.1,27204,51.13,D
sh688777,中控技术,2025-09-19 10:00:34,51.09,15397,51.1,D
sh688777,中控技术,2025-09-19 10:00:46,51.16,7450,51.22,D
sh688777,中控技术,2025-09-19 10:00:49,51.14,9367,51.16,D
sh688777,中控技术,2025-09-19 10:01:13,51.1,7212,51.1,D
sh688777,中控技术,2025-09-19 10:01:22,51.08,20635,51.1,D
sh688777,中控技术,2025-09-19 10:01:25,51.06,4714,51.08,D
sh688777,中控技术,2025-09-19 10:01:31,51.08,5600,51.08,D
sh688777,中控技术,2025-09-19 10:02:07,51.11,8139,51.11,D
sh688777,中控技术,2025-09-19 10:02:10,51.21,32168,51.11,U
sh688777,中控技术,2025-09-19 10:02:13,51.14,24236,51.21,E
sh688777,中控技术,2025-09-19 10:02:40,51.2,11378,51.23,D
sh688777,中控技术,2025-09-19 10:02:43,51.26,21448,51.2,U
sh688777,中控技术,2025-09-19 10:02:46,51.23,9647,51.26,D
sh688777,中控技术,2025-09-19 10:02:58,51.3,5829,51.26,U
sh688777,中控技术,2025-09-19 10:03:01,51.3,4828,51.3,U
sh688777,中控技术,2025-09-19 10:03:31,51.22,20151,51.27,D
sh688777,中控技术,2025-09-19 10:03:40,51.19,4457,51.23,D
sh688777,中控技术,2025-09-19 10:03:43,51.19,9100,51.19,D
sh688777,中控技术,2025-09-19 10:03:55,51.19,4063,51.19,U
sh688777,中控技术,2025-09-19 10:03:58,51.2,16851,51.19,U
sh688777,中控技术,2025-09-19 10:04:10,51.22,6504,51.2,E
sh688777,中控技术,2025-09-19 10:04:55,51.2,6419,51.21,D
sh688777,中控技术,2025-09-19 10:05:04,51.15,24125,51.19,D
sh688777,中控技术,2025-09-19 10:05:07,51.1,8669,51.15,D
sh688777,中控技术,2025-09-19 10:05:19,51.27,8118,51.15,U
sh688777,中控技术,2025-09-19 10:05:31,51.23,7000,51.26,E
sh688777,中控技术,2025-09-19 10:05:46,51.11,5209,51.11,U
sh688777,中控技术,2025-09-19 10:06:19,51.2,3940,51.13,U
sh688777,中控技术,2025-09-19 10:06:37,51.24,7800,51.27,E
sh688777,中控技术,2025-09-19 10:06:40,51.2,40707,51.24,D
sh688777,中控技术,2025-09-19 10:06:55,51.17,4200,51.2,D
sh688777,中控技术,2025-09-19 10:07:01,51.09,8532,51.14,D
sh688777,中控技术,2025-09-19 10:07:07,51.12,12794,51.07,U
sh688777,中控技术,2025-09-19 10:07:16,51.09,5400,51.09,U
sh688777,中控技术,2025-09-19 10:07:22,51.1,5000,51.09,U
sh688777,中控技术,2025-09-19 10:07:28,51.09,10000,51.17,D
sh688777,中控技术,2025-09-19 10:07:31,51.09,7100,51.09,D
sh688777,中控技术,2025-09-19 10:07:37,51.06,20677,51.08,D
sh688777,中控技术,2025-09-19 10:07:46,51.06,6739,51.06,D
sh688777,中控技术,2025-09-19 10:07:55,51.07,9766,51.08,D
sh688777,中控技术,2025-09-19 10:08:04,51.07,38324,51.08,D
sh688777,中控技术,2025-09-19 10:08:07,51.05,6577,51.07,D
sh688777,中控技术,2025-09-19 10:08:16,51.04,4125,51.04,U
sh688777,中控技术,2025-09-19 10:08:34,51.11,4532,51.12,D
sh688777,中控技术,2025-09-19 10:09:01,51.08,6200,51.04,U
sh688777,中控技术,2025-09-19 10:09:16,51.09,4091,51.08,U
sh688777,中控技术,2025-09-19 10:09:19,51.09,6530,51.09,U
sh688777,中控技术,2025-09-19 10:09:22,51.09,8691,51.09,U
sh688777,中控技术,2025-09-19 10:09:31,51.11,26259,51.1,U
sh688777,中控技术,2025-09-19 10:09:49,51.18,6699,51.11,U
sh688777,中控技术,2025-09-19 10:09:58,51.18,5178,51.17,U
sh688777,中控技术,2025-09-19 10:10:04,51.13,5456,51.18,D
sh688777,中控技术,2025-09-19 10:10:10,51.14,8079,51.13,D
sh688777,中控技术,2025-09-19 10:10:16,51.12,4762,51.18,D
sh688777,中控技术,2025-09-19 10:10:19,51.08,26049,51.12,D
sh688777,中控技术,2025-09-19 10:10:22,51.08,4000,51.08,D
sh688777,中控技术,2025-09-19 10:10:28,51.03,8850,51.08,D
sh688777,中控技术,2025-09-19 10:10:43,51.0,15962,51.0,D
sh688777,中控技术,2025-09-19 10:10:52,51.0,7200,50.99,U
sh688777,中控技术,2025-09-19 10:11:07,51.0,10410,51.0,D
sh688777,中控技术,2025-09-19 10:11:10,50.99,3973,51.0,D
sh688777,中控技术,2025-09-19 10:11:13,51.0,5797,50.99,U
sh688777,中控技术,2025-09-19 10:11:40,51.05,8683,51.05,U
sh688777,中控技术,2025-09-19 10:11:58,51.03,12600,51.04,D
sh688777,中控技术,2025-09-19 10:12:01,51.05,14100,51.03,U
sh688777,中控技术,2025-09-19 10:12:28,51.12,43231,51.07,U
sh688777,中控技术,2025-09-19 10:12:34,51.15,17200,51.15,U
sh688777,中控技术,2025-09-19 10:12:37,51.2,15913,51.15,U
sh688777,中控技术,2025-09-19 10:12:40,51.23,12800,51.2,U
sh688777,中控技术,2025-09-19 10:12:43,51.21,62000,51.23,E
sh688777,中控技术,2025-09-19 10:12:46,51.22,28048,51.21,E
sh688777,中控技术,2025-09-19 10:13:01,51.23,18462,51.28,D
sh688777,中控技术,2025-09-19 10:13:07,51.28,5000,51.23,U
sh688777,中控技术,2025-09-19 10:13:19,51.31,36922,51.27,U
sh688777,中控技术,2025-09-19 10:13:22,51.35,16849,51.31,U
sh688777,中控技术,2025-09-19 10:13:25,51.32,18138,51.35,D
sh688777,中控技术,2025-09-19 10:13:31,51.34,10800,51.35,D
sh688777,中控技术,2025-09-19 10:13:40,51.32,7074,51.36,D
sh688777,中控技术,2025-09-19 10:13:49,51.32,17175,51.35,D
sh688777,中控技术,2025-09-19 10:13:55,51.34,5763,51.34,U
sh688777,中控技术,2025-09-19 10:14:13,51.26,19500,51.27,D
sh688777,中控技术,2025-09-19 10:14:16,51.3,10792,51.26,U
sh688777,中控技术,2025-09-19 10:14:31,51.26,6948,51.3,D
sh688777,中控技术,2025-09-19 10:14:40,51.27,5443,51.22,U
sh688777,中控技术,2025-09-19 10:14:58,51.28,6240,51.28,D
sh688777,中控技术,2025-09-19 10:15:10,51.28,25271,51.28,U
sh688777,中控技术,2025-09-19 10:15:16,51.27,4987,51.29,D
sh688777,中控技术,2025-09-19 10:15:19,51.31,63045,51.27,U
sh688777,中控技术,2025-09-19 10:15:22,51.32,14508,51.31,E
sh688777,中控技术,2025-09-19 10:15:25,51.32,4477,51.32,D
sh688777,中控技术,2025-09-19 10:15:31,51.38,73843,51.32,U
sh688777,中控技术,2025-09-19 10:15:34,51.39,9060,51.38,U
sh688777,中控技术,2025-09-19 10:15:46,51.39,5042,51.39,U
sh688777,中控技术,2025-09-19 10:15:49,51.39,7675,51.39,U
sh688777,中控技术,2025-09-19 10:15:55,51.39,4204,51.39,U
sh688777,中控技术,2025-09-19 10:15:58,51.39,6813,51.39,U
sh688777,中控技术,2025-09-19 10:16:04,51.39,6082,51.39,U
sh688777,中控技术,2025-09-19 10:16:13,51.4,32928,51.39,U
sh688777,中控技术,2025-09-19 10:16:16,51.43,13312,51.4,U
sh688777,中控技术,2025-09-19 10:16:22,51.45,29289,51.43,U
sh688777,中控技术,2025-09-19 10:16:25,51.46,8340,51.45,U
sh688777,中控技术,2025-09-19 10:16:28,51.45,12300,51.46,E
sh688777,中控技术,2025-09-19 10:16:46,51.4,7300,51.4,U
sh688777,中控技术,2025-09-19 10:16:49,51.44,18307,51.4,U
sh688777,中控技术,2025-09-19 10:16:52,51.45,11600,51.44,U
sh688777,中控技术,2025-09-19 10:16:58,51.45,5700,51.45,U
sh688777,中控技术,2025-09-19 10:17:07,51.48,20000,51.43,U
sh688777,中控技术,2025-09-19 10:17:13,51.49,23140,51.44,U
sh688777,中控技术,2025-09-19 10:17:16,51.48,7900,51.49,E
sh688777,中控技术,2025-09-19 10:17:22,51.48,9200,51.47,U
sh688777,中控技术,2025-09-19 10:17:25,51.48,15144,51.48,D
sh688777,中控技术,2025-09-19 10:17:28,51.5,32680,51.48,U
sh688777,中控技术,2025-09-19 10:17:31,51.51,7000,51.5,U
sh688777,中控技术,2025-09-19 10:17:34,51.5,16664,51.51,D
sh688777,中控技术,2025-09-19 10:17:37,51.5,22622,51.5,U
sh688777,中控技术,2025-09-19 10:17:40,51.51,5909,51.5,U
sh688777,中控技术,2025-09-19 10:17:43,51.49,5739,51.51,U
sh688777,中控技术,2025-09-19 10:17:49,51.5,5000,51.48,U
sh688777,中控技术,2025-09-19 10:17:55,51.52,11754,51.51,U
sh688777,中控技术,2025-09-19 10:18:01,51.53,8354,51.52,U
sh688777,中控技术,2025-09-19 10:18:10,51.53,9178,51.52,U
sh688777,中控技术,2025-09-19 10:18:13,51.45,26761,51.53,D
sh688777,中控技术,2025-09-19 10:18:16,51.44,8034,51.45,D
sh688777,中控技术,2025-09-19 10:18:19,51.54,17217,51.44,U
sh688777,中控技术,2025-09-19 10:18:40,51.47,12464,51.48,D
sh688777,中控技术,2025-09-19 10:18:43,51.47,4200,51.47,D
sh688777,中控技术,2025-09-19 10:18:46,51.44,19742,51.47,D
sh688777,中控技术,2025-09-19 10:18:49,51.48,10000,51.44,U
sh688777,中控技术,2025-09-19 10:18:55,51.44,8262,51.46,D
sh688777,中控技术,2025-09-19 10:19:01,51.44,5649,51.45,D
sh688777,中控技术,2025-09-19 10:19:07,51.47,13900,51.44,U
sh688777,中控技术,2025-09-19 10:19:22,51.4,10822,51.43,D
sh688777,中控技术,2025-09-19 10:19:31,51.38,5399,51.4,D
sh688777,中控技术,2025-09-19 10:19:34,51.4,5000,51.38,U
sh688777,中控技术,2025-09-19 10:19:37,51.4,14268,51.4,U
sh688777,中控技术,2025-09-19 10:19:43,51.43,4403,51.4,U
sh688777,中控技术,2025-09-19 10:19:52,51.42,19600,51.4,E
sh688777,中控技术,2025-09-19 10:19:55,51.42,8694,51.42,D
sh688777,中控技术,2025-09-19 10:19:58,51.42,6418,51.42,D
sh688777,中控技术,2025-09-19 10:20:01,51.45,11774,51.42,U
sh688777,中控技术,2025-09-19 10:20:10,51.35,10640,51.42,D
sh688777,中控技术,2025-09-19 10:20:31,51.37,12476,51.37,D
sh688777,中控技术,2025-09-19 10:20:40,51.39,10032,51.39,U
sh688777,中控技术,2025-09-19 10:20:49,51.39,27453,51.37,U
sh688777,中控技术,2025-09-19 10:20:55,51.38,4319,51.36,U
sh688777,中控技术,2025-09-19 10:21:04,51.42,5019,51.39,U
sh688777,中控技术,2025-09-19 10:22:01,51.36,7044,51.39,D
sh688777,中控技术,2025-09-19 10:22:16,51.41,13573,51.39,U
sh688777,中控技术,2025-09-19 10:22:19,51.41,3926,51.41,U
sh688777,中控技术,2025-09-19 10:22:22,51.41,15709,51.41,U
sh688777,中控技术,2025-09-19 10:22:25,51.42,6081,51.41,U
sh688777,中控技术,2025-09-19 10:22:40,51.45,47266,51.42,U
sh688777,中控技术,2025-09-19 10:22:49,51.44,9681,51.45,D
sh688777,中控技术,2025-09-19 10:22:55,51.46,35000,51.45,U
sh688777,中控技术,2025-09-19 10:23:01,51.45,5000,51.45,D
sh688777,中控技术,2025-09-19 10:23:07,51.45,5600,51.46,D
sh688777,中控技术,2025-09-19 10:23:13,51.48,6228,51.46,U
sh688777,中控技术,2025-09-19 10:23:16,51.47,5147,51.48,D
sh688777,中控技术,2025-09-19 10:23:22,51.52,52977,51.47,U
sh688777,中控技术,2025-09-19 10:23:25,51.54,34976,51.52,U
sh688777,中控技术,2025-09-19 10:23:28,51.55,36813,51.54,U
sh688777,中控技术,2025-09-19 10:23:31,51.56,6900,51.55,U
sh688777,中控技术,2025-09-19 10:23:34,51.57,10224,51.56,U
sh688777,中控技术,2025-09-19 10:23:37,51.64,88207,51.57,U
sh688777,中控技术,2025-09-19 10:23:46,51.62,9359,51.63,D
sh688777,中控技术,2025-09-19 10:23:49,51.62,4440,51.62,D
sh688777,中控技术,2025-09-19 10:23:52,51.62,36096,51.62,U
sh688777,中控技术,2025-09-19 10:24:07,51.6,9863,51.61,D
sh688777,中控技术,2025-09-19 10:24:10,51.59,4941,51.6,D
sh688777,中控技术,2025-09-19 10:24:13,51.57,37992,51.59,D
sh688777,中控技术,2025-09-19 10:24:28,51.53,5570,51.53,U
sh688777,中控技术,2025-09-19 10:24:34,51.52,10940,51.57,D
sh688777,中控技术,2025-09-19 10:24:40,51.57,3939,51.55,U
sh688777,中控技术,2025-09-19 10:25:01,51.55,12436,51.55,D
sh688777,中控技术,2025-09-19 10:25:04,51.52,8761,51.55,D
sh688777,中控技术,2025-09-19 10:25:07,51.5,22929,51.52,D
sh688777,中控技术,2025-09-19 10:25:10,51.53,4713,51.5,U
sh688777,中控技术,2025-09-19 10:25:25,51.49,13724,51.48,U
sh688777,中控技术,2025-09-19 10:25:40,51.55,4489,51.55,D
sh688777,中控技术,2025-09-19 10:25:49,51.57,4493,51.55,U
sh688777,中控技术,2025-09-19 10:25:52,51.58,12355,51.57,U
sh688777,中控技术,2025-09-19 10:25:55,51.63,50491,51.58,U
sh688777,中控技术,2025-09-19 10:25:58,51.66,8888,51.63,U
sh688777,中控技术,2025-09-19 10:26:01,51.65,7518,51.66,E
sh688777,中控技术,2025-09-19 10:26:07,51.65,10498,51.65,D
sh688777,中控技术,2025-09-19 10:26:22,51.64,5000,51.65,E
sh688777,中控技术,2025-09-19 10:26:31,51.62,5500,51.63,D
sh688777,中控技术,2025-09-19 10:26:34,51.62,13000,51.62,D
sh688777,中控技术,2025-09-19 10:26:37,51.62,10066,51.62,U
sh688777,中控技术,2025-09-19 10:26:40,51.62,4568,51.62,U
sh688777,中控技术,2025-09-19 10:26:43,51.62,5883,51.62,D
sh688777,中控技术,2025-09-19 10:26:46,51.58,10319,51.62,D
sh688777,中控技术,2025-09-19 10:26:58,51.54,7780,51.59,D
sh688777,中控技术,2025-09-19 10:27:04,51.53,9248,51.54,D
sh688777,中控技术,2025-09-19 10:27:07,51.6,31708,51.53,U
sh688777,中控技术,2025-09-19 10:27:16,51.58,5467,51.59,E
sh688777,中控技术,2025-09-19 10:27:28,51.57,13221,51.57,U
sh688777,中控技术,2025-09-19 10:27:31,51.56,14915,51.57,D
sh688777,中控技术,2025-09-19 10:27:37,51.58,50385,51.56,U
sh688777,中控技术,2025-09-19 10:27:58,51.56,4223,51.56,U
sh688777,中控技术,2025-09-19 10:28:16,51.52,13336,51.53,D
sh688777,中控技术,2025-09-19 10:28:19,51.44,33762,51.52,D
sh688777,中控技术,2025-09-19 10:28:49,51.43,10200,51.5,D
sh688777,中控技术,2025-09-19 10:29:04,51.42,4265,51.42,U
sh688777,中控技术,2025-09-19 10:29:25,51.44,11510,51.47,D
sh688777,中控技术,2025-09-19 10:29:58,51.4,7386,51.43,D
sh688777,中控技术,2025-09-19 10:30:04,51.4,4116,51.41,D
sh688777,中控技术,2025-09-19 10:30:10,51.39,11469,51.4,D
sh688777,中控技术,2025-09-19 10:30:28,51.39,13382,51.39,D
sh688777,中控技术,2025-09-19 10:30:31,51.35,14701,51.39,D
sh688777,中控技术,2025-09-19 10:30:34,51.47,5900,51.35,U
sh688777,中控技术,2025-09-19 10:30:40,51.41,7165,51.47,D
sh688777,中控技术,2025-09-19 10:30:43,51.41,8350,51.41,U
sh688777,中控技术,2025-09-19 10:30:55,51.4,4900,51.4,U
sh688777,中控技术,2025-09-19 10:31:10,51.35,4177,51.36,D
sh688777,中控技术,2025-09-19 10:31:13,51.37,4499,51.35,U
sh688777,中控技术,2025-09-19 10:32:01,51.41,9489,51.38,U
sh688777,中控技术,2025-09-19 10:32:04,51.4,22628,51.41,D
sh688777,中控技术,2025-09-19 10:32:13,51.34,13248,51.36,D
sh688777,中控技术,2025-09-19 10:32:43,51.34,22189,51.34,U
sh688777,中控技术,2025-09-19 10:33:04,51.32,5633,51.34,D
sh688777,中控技术,2025-09-19 10:33:07,51.34,8054,51.32,U
sh688777,中控技术,2025-09-19 10:33:34,51.41,20400,51.38,U
sh688777,中控技术,2025-09-19 10:33:40,51.36,6927,51.41,U
sh688777,中控技术,2025-09-19 10:33:58,51.32,20000,51.48,D
sh688777,中控技术,2025-09-19 10:34:43,51.33,7643,51.33,U
sh688777,中控技术,2025-09-19 10:34:55,51.29,32192,51.31,D
sh688777,中控技术,2025-09-19 10:35:01,51.28,12689,51.3,D
sh688777,中控技术,2025-09-19 10:35:04,51.27,4195,51.28,D
sh688777,中控技术,2025-09-19 10:35:52,51.23,10649,51.27,D
sh688777,中控技术,2025-09-19 10:36:04,51.21,4432,51.22,D
sh688777,中控技术,2025-09-19 10:36:07,51.18,6046,51.21,D
sh688777,中控技术,2025-09-19 10:36:37,51.23,12033,51.23,D
sh688777,中控技术,2025-09-19 10:36:43,51.25,27000,51.22,U
sh688777,中控技术,2025-09-19 10:37:10,51.22,5703,51.23,D
sh688777,中控技术,2025-09-19 10:37:19,51.18,8800,51.21,D
sh688777,中控技术,2025-09-19 10:37:31,51.15,6816,51.18,D
sh688777,中控技术,2025-09-19 10:37:58,51.17,8515,51.14,U
sh688777,中控技术,2025-09-19 10:38:22,51.22,16155,51.19,U
sh688777,中控技术,2025-09-19 10:38:25,51.21,5345,51.22,D
sh688777,中控技术,2025-09-19 10:38:40,51.21,5560,51.21,D
sh688777,中控技术,2025-09-19 10:38:52,51.25,16600,51.23,U
sh688777,中控技术,2025-09-19 10:38:58,51.26,11423,51.22,U
sh688777,中控技术,2025-09-19 10:39:10,51.22,20000,51.3,D
sh688777,中控技术,2025-09-19 10:39:55,51.32,15439,51.27,U
sh688777,中控技术,2025-09-19 10:40:58,51.25,4257,51.29,D
sh688777,中控技术,2025-09-19 10:41:01,51.25,5195,51.25,U
sh688777,中控技术,2025-09-19 10:41:10,51.25,13746,51.25,D
sh688777,中控技术,2025-09-19 10:41:31,51.27,8023,51.27,U
sh688777,中控技术,2025-09-19 10:41:34,51.23,41000,51.27,D
sh688777,中控技术,2025-09-19 10:41:40,51.31,109349,51.27,U
sh688777,中控技术,2025-09-19 10:41:43,51.31,22476,51.31,U
sh688777,中控技术,2025-09-19 10:41:49,51.3,15511,51.31,D
sh688777,中控技术,2025-09-19 10:41:52,51.3,7518,51.3,U
sh688777,中控技术,2025-09-19 10:41:55,51.27,38407,51.3,D
sh688777,中控技术,2025-09-19 10:41:58,51.29,18426,51.27,U
sh688777,中控技术,2025-09-19 10:42:01,51.29,21200,51.29,U
sh688777,中控技术,2025-09-19 10:42:04,51.29,4038,51.29,U
sh688777,中控技术,2025-09-19 10:42:10,51.3,84931,51.26,U
sh688777,中控技术,2025-09-19 10:42:13,51.33,6011,51.3,U
sh688777,中控技术,2025-09-19 10:42:16,51.29,7141,51.33,D
sh688777,中控技术,2025-09-19 10:43:01,51.3,96558,51.29,U
sh688777,中控技术,2025-09-19 10:44:10,51.3,25266,51.3,D
sh688777,中控技术,2025-09-19 10:44:46,51.33,5128,51.32,U
sh688777,中控技术,2025-09-19 10:44:52,51.3,7261,51.33,D
sh688777,中控技术,2025-09-19 10:45:37,51.26,6038,51.26,D
sh688777,中控技术,2025-09-19 10:45:58,51.26,5200,51.24,U
sh688777,中控技术,2025-09-19 10:46:22,51.21,4032,51.21,U
sh688777,中控技术,2025-09-19 10:46:43,51.23,8100,51.24,D
sh688777,中控技术,2025-09-19 10:47:16,51.33,10662,51.3,U
sh688777,中控技术,2025-09-19 10:47:22,51.36,9196,51.33,U
sh688777,中控技术,2025-09-19 10:47:25,51.38,6541,51.36,U
sh688777,中控技术,2025-09-19 10:47:34,51.41,17804,51.38,U
sh688777,中控技术,2025-09-19 10:47:40,51.41,4724,51.41,D
sh688777,中控技术,2025-09-19 10:47:43,51.41,7500,51.41,U
sh688777,中控技术,2025-09-19 10:47:55,51.39,10000,51.38,U
sh688777,中控技术,2025-09-19 10:47:58,51.39,4158,51.39,U
sh688777,中控技术,2025-09-19 10:48:13,51.2,15200,51.31,D
sh688777,中控技术,2025-09-19 10:48:46,51.24,16532,51.25,D
sh688777,中控技术,2025-09-19 10:49:01,51.21,9471,51.23,D
sh688777,中控技术,2025-09-19 10:49:28,51.2,13385,51.21,D
sh688777,中控技术,2025-09-19 10:50:01,51.22,4145,51.22,U
sh688777,中控技术,2025-09-19 10:50:43,51.22,6131,51.23,D
sh688777,中控技术,2025-09-19 10:51:07,51.23,4500,51.26,D
sh688777,中控技术,2025-09-19 10:51:40,51.21,7215,51.24,D
sh688777,中控技术,2025-09-19 10:51:52,51.17,30913,51.21,D
sh688777,中控技术,2025-09-19 10:51:58,51.18,20064,51.18,D
sh688777,中控技术,2025-09-19 10:52:16,51.27,9961,51.22,U
sh688777,中控技术,2025-09-19 10:52:43,51.26,4088,51.26,U
sh688777,中控技术,2025-09-19 10:53:07,51.25,4956,51.22,E
sh688777,中控技术,2025-09-19 10:53:13,51.22,7300,51.18,E
sh688777,中控技术,2025-09-19 10:53:37,51.16,13382,51.17,D
sh688777,中控技术,2025-09-19 10:53:58,51.14,9377,51.15,D
sh688777,中控技术,2025-09-19 10:54:01,51.12,9992,51.14,D
sh688777,中控技术,2025-09-19 10:54:07,51.11,5000,51.12,D
sh688777,中控技术,2025-09-19 10:54:10,51.1,8967,51.11,D
sh688777,中控技术,2025-09-19 10:54:19,51.06,9466,51.1,D
sh688777,中控技术,2025-09-19 10:54:40,51.08,21467,51.07,U
sh688777,中控技术,2025-09-19 10:54:43,51.08,5339,51.08,U
sh688777,中控技术,2025-09-19 10:54:49,51.09,4769,51.08,E
sh688777,中控技术,2025-09-19 10:54:55,51.1,4715,51.09,U
sh688777,中控技术,2025-09-19 10:55:16,51.09,21978,51.08,U
sh688777,中控技术,2025-09-19 10:55:19,51.09,4239,51.09,U
sh688777,中控技术,2025-09-19 10:55:22,51.09,7846,51.09,U
sh688777,中控技术,2025-09-19 10:55:25,51.05,43546,51.09,D
sh688777,中控技术,2025-09-19 10:55:34,51.05,11951,51.05,D
sh688777,中控技术,2025-09-19 10:56:10,51.05,5200,51.03,U
sh688777,中控技术,2025-09-19 10:56:13,51.01,18998,51.05,D
sh688777,中控技术,2025-09-19 10:56:34,51.01,40198,51.02,D
sh688777,中控技术,2025-09-19 10:56:46,51.03,4205,51.03,U
sh688777,中控技术,2025-09-19 10:57:04,51.01,9395,51.02,D
sh688777,中控技术,2025-09-19 10:57:07,51.01,4772,51.01,D
sh688777,中控技术,2025-09-19 10:57:10,51.05,6239,51.01,U
sh688777,中控技术,2025-09-19 10:57:31,51.01,9096,51.06,D
sh688777,中控技术,2025-09-19 10:57:40,51.01,7832,51.03,D
sh688777,中控技术,2025-09-19 10:57:52,51.03,4699,51.02,U
sh688777,中控技术,2025-09-19 10:57:58,51.03,7197,51.03,U
sh688777,中控技术,2025-09-19 10:58:13,51.0,33437,51.01,D
sh688777,中控技术,2025-09-19 10:58:16,50.99,25895,51.0,D
sh688777,中控技术,2025-09-19 10:58:19,50.97,5578,50.99,D
sh688777,中控技术,2025-09-19 10:58:34,51.0,11585,50.97,U
sh688777,中控技术,2025-09-19 10:58:37,51.0,16716,51.0,U
sh688777,中控技术,2025-09-19 10:58:40,51.01,4648,51.0,U
sh688777,中控技术,2025-09-19 10:59:10,51.05,4651,51.06,E
sh688777,中控技术,2025-09-19 10:59:13,51.08,5993,51.05,U
sh688777,中控技术,2025-09-19 10:59:16,51.13,21680,51.08,U
sh688777,中控技术,2025-09-19 11:00:07,51.09,7590,51.12,D
sh688777,中控技术,2025-09-19 11:01:01,51.09,12058,51.12,D
sh688777,中控技术,2025-09-19 11:01:07,51.09,5641,51.09,D
sh688777,中控技术,2025-09-19 11:02:04,51.08,5234,51.05,U
sh688777,中控技术,2025-09-19 11:02:07,51.08,5758,51.08,U
sh688777,中控技术,2025-09-19 11:02:13,51.08,12957,51.08,U
sh688777,中控技术,2025-09-19 11:02:16,51.05,3938,51.08,D
sh688777,中控技术,2025-09-19 11:03:16,51.06,18622,51.06,U
sh688777,中控技术,2025-09-19 11:03:19,51.13,3917,51.06,U
sh688777,中控技术,2025-09-19 11:03:37,51.06,8376,51.09,D
sh688777,中控技术,2025-09-19 11:03:40,51.15,15817,51.06,U
sh688777,中控技术,2025-09-19 11:03:49,51.06,6439,51.06,U
sh688777,中控技术,2025-09-19 11:03:52,51.03,5539,51.06,D
sh688777,中控技术,2025-09-19 11:03:55,51.06,13225,51.03,U
sh688777,中控技术,2025-09-19 11:04:01,51.01,7660,51.06,D
sh688777,中控技术,2025-09-19 11:04:04,51.0,5250,51.01,D
sh688777,中控技术,2025-09-19 11:04:07,50.98,10428,51.0,D
sh688777,中控技术,2025-09-19 11:04:10,51.03,22800,50.98,U
sh688777,中控技术,2025-09-19 11:04:25,51.01,5648,50.97,U
sh688777,中控技术,2025-09-19 11:04:34,50.97,4995,50.96,U
sh688777,中控技术,2025-09-19 11:04:37,50.96,14118,50.97,D
sh688777,中控技术,2025-09-19 11:04:43,51.08,4978,51.01,U
sh688777,中控技术,2025-09-19 11:05:16,51.1,5000,51.1,U
sh688777,中控技术,2025-09-19 11:05:22,51.1,5878,51.1,U
sh688777,中控技术,2025-09-19 11:05:25,51.1,6000,51.1,U
sh688777,中控技术,2025-09-19 11:05:28,51.15,13200,51.1,U
sh688777,中控技术,2025-09-19 11:05:58,51.15,14365,51.11,U
sh688777,中控技术,2025-09-19 11:06:07,51.16,12100,51.17,U
sh688777,中控技术,2025-09-19 11:06:19,51.14,7558,51.14,D
sh688777,中控技术,2025-09-19 11:06:22,51.1,16579,51.14,D
sh688777,中控技术,2025-09-19 11:06:28,51.13,5000,51.1,U
sh688777,中控技术,2025-09-19 11:07:01,51.09,7124,51.08,U
sh688777,中控技术,2025-09-19 11:07:19,51.12,12800,51.07,U
sh688777,中控技术,2025-09-19 11:07:49,51.08,12307,51.08,U
sh688777,中控技术,2025-09-19 11:07:52,51.07,8746,51.08,D
sh688777,中控技术,2025-09-19 11:08:07,51.08,11000,51.11,D
sh688777,中控技术,2025-09-19 11:08:43,51.1,8717,51.12,D
sh688777,中控技术,2025-09-19 11:09:01,51.13,5291,51.11,U
sh688777,中控技术,2025-09-19 11:09:04,51.1,6656,51.13,D
sh688777,中控技术,2025-09-19 11:09:28,51.07,13787,51.09,D
sh688777,中控技术,2025-09-19 11:10:25,51.13,6003,51.09,U
sh688777,中控技术,2025-09-19 11:11:07,51.1,4876,51.1,D
sh688777,中控技术,2025-09-19 11:11:49,51.06,5346,51.06,U
sh688777,中控技术,2025-09-19 11:11:58,51.05,6200,51.06,D
sh688777,中控技术,2025-09-19 11:14:10,51.15,5900,51.14,U
sh688777,中控技术,2025-09-19 11:14:16,51.15,9441,51.15,U
sh688777,中控技术,2025-09-19 11:14:31,51.15,7419,51.17,D
sh688777,中控技术,2025-09-19 11:15:25,51.06,5117,51.08,D
sh688777,中控技术,2025-09-19 11:16:19,51.06,8200,51.08,D
sh688777,中控技术,2025-09-19 11:16:52,51.01,5800,51.03,D
sh688777,中控技术,2025-09-19 11:17:13,51.0,18785,51.01,D
sh688777,中控技术,2025-09-19 11:18:07,50.96,6399,50.99,D
sh688777,中控技术,2025-09-19 11:19:31,51.1,6000,51.07,U
sh688777,中控技术,2025-09-19 11:19:58,51.03,4611,51.1,D
sh688777,中控技术,2025-09-19 11:20:46,51.0,27935,51.02,D
sh688777,中控技术,2025-09-19 11:21:46,50.99,4059,50.97,U
sh688777,中控技术,2025-09-19 11:21:58,50.98,5241,50.97,U
sh688777,中控技术,2025-09-19 11:22:19,51.0,5126,50.97,U
sh688777,中控技术,2025-09-19 11:23:31,51.11,4617,51.09,U
sh688777,中控技术,2025-09-19 11:23:40,51.17,19078,51.16,U
sh688777,中控技术,2025-09-19 11:23:46,51.17,11895,51.17,U
sh688777,中控技术,2025-09-19 11:23:55,51.24,10546,51.17,U
sh688777,中控技术,2025-09-19 11:24:01,51.21,7126,51.24,E
sh688777,中控技术,2025-09-19 11:24:40,51.18,6300,51.17,U
sh688777,中控技术,2025-09-19 11:24:55,51.15,4761,51.17,D
sh688777,中控技术,2025-09-19 11:25:01,51.17,5631,51.15,U
sh688777,中控技术,2025-09-19 11:26:13,51.04,5290,51.06,D
sh688777,中控技术,2025-09-19 11:27:37,51.04,19128,51.02,U
sh688777,中控技术,2025-09-19 11:28:19,51.06,4000,51.06,U
sh688777,中控技术,2025-09-19 11:28:37,51.07,14418,51.07,U
sh688777,中控技术,2025-09-19 11:29:37,51.14,4243,51.14,U
sh688777,中控技术,2025-09-19 13:00:04,51.14,8228,51.16,D
sh688777,中控技术,2025-09-19 13:00:07,51.14,9095,51.14,U
sh688777,中控技术,2025-09-19 13:00:10,51.15,15310,51.14,U
sh688777,中控技术,2025-09-19 13:00:13,51.12,22840,51.15,D
sh688777,中控技术,2025-09-19 13:01:34,51.13,5538,51.1,U
sh688777,中控技术,2025-09-19 13:01:52,51.15,24903,51.11,U
sh688777,中控技术,2025-09-19 13:02:25,51.23,4380,51.24,D
sh688777,中控技术,2025-09-19 13:02:34,51.22,4507,51.24,D
sh688777,中控技术,2025-09-19 13:02:43,51.22,7819,51.22,D
sh688777,中控技术,2025-09-19 13:02:55,51.22,11786,51.22,U
sh688777,中控技术,2025-09-19 13:03:46,51.25,10970,51.24,U
sh688777,中控技术,2025-09-19 13:03:52,51.25,10600,51.26,D
sh688777,中控技术,2025-09-19 13:04:04,51.36,91935,51.28,U
sh688777,中控技术,2025-09-19 13:04:13,51.3,4321,51.31,D
sh688777,中控技术,2025-09-19 13:04:16,51.28,6018,51.3,D
sh688777,中控技术,2025-09-19 13:04:19,51.26,3941,51.28,D
sh688777,中控技术,2025-09-19 13:04:31,51.28,6615,51.28,U
sh688777,中控技术,2025-09-19 13:05:22,51.25,8344,51.25,U
sh688777,中控技术,2025-09-19 13:05:25,51.25,4622,51.25,U
sh688777,中控技术,2025-09-19 13:05:28,51.27,10793,51.25,U
sh688777,中控技术,2025-09-19 13:05:49,51.27,4209,51.27,D
sh688777,中控技术,2025-09-19 13:07:04,51.25,4870,51.25,D
sh688777,中控技术,2025-09-19 13:07:07,51.25,4178,51.25,U
sh688777,中控技术,2025-09-19 13:07:13,51.16,15926,51.23,D
sh688777,中控技术,2025-09-19 13:07:25,51.15,23400,51.15,D
sh688777,中控技术,2025-09-19 13:07:40,51.16,4500,51.18,D
sh688777,中控技术,2025-09-19 13:09:01,51.08,4542,51.1,D
sh688777,中控技术,2025-09-19 13:09:07,51.08,9048,51.08,U
sh688777,中控技术,2025-09-19 13:09:10,51.08,8000,51.08,D
sh688777,中控技术,2025-09-19 13:09:28,51.06,8991,51.08,D
sh688777,中控技术,2025-09-19 13:09:37,51.06,8092,51.06,U
sh688777,中控技术,2025-09-19 13:10:04,51.02,9157,51.07,D
sh688777,中控技术,2025-09-19 13:10:07,51.01,4540,51.02,D
sh688777,中控技术,2025-09-19 13:10:34,51.06,31473,51.06,U
sh688777,中控技术,2025-09-19 13:10:40,51.02,4380,51.05,D
sh688777,中控技术,2025-09-19 13:10:46,51.0,14748,51.02,D
sh688777,中控技术,2025-09-19 13:11:22,50.94,14542,50.99,D
sh688777,中控技术,2025-09-19 13:11:43,50.99,33480,50.96,U
sh688777,中控技术,2025-09-19 13:11:46,50.97,11754,50.99,E
sh688777,中控技术,2025-09-19 13:13:10,50.96,7866,50.97,D
sh688777,中控技术,2025-09-19 13:13:13,50.95,4055,50.96,D
sh688777,中控技术,2025-09-19 13:13:16,50.96,16698,50.95,U
sh688777,中控技术,2025-09-19 13:13:25,50.95,7879,50.93,U
sh688777,中控技术,2025-09-19 13:14:07,50.92,4144,50.92,D
sh688777,中控技术,2025-09-19 13:15:01,50.96,14930,50.95,U
sh688777,中控技术,2025-09-19 13:15:04,50.96,6449,50.96,U
sh688777,中控技术,2025-09-19 13:15:19,50.99,5768,50.98,U
sh688777,中控技术,2025-09-19 13:15:25,51.0,10663,51.0,U
sh688777,中控技术,2025-09-19 13:15:31,51.0,4779,51.0,U
sh688777,中控技术,2025-09-19 13:16:01,50.96,9725,50.98,D
sh688777,中控技术,2025-09-19 13:16:04,50.93,20635,50.96,D
sh688777,中控技术,2025-09-19 13:16:10,50.94,4920,50.93,U
sh688777,中控技术,2025-09-19 13:17:22,50.95,5600,50.95,U
sh688777,中控技术,2025-09-19 13:18:16,50.94,5339,50.95,D
sh688777,中控技术,2025-09-19 13:18:37,50.91,5200,50.92,D
sh688777,中控技术,2025-09-19 13:19:04,50.88,17094,50.91,D
sh688777,中控技术,2025-09-19 13:19:07,50.87,5472,50.88,D
sh688777,中控技术,2025-09-19 13:19:10,50.8,83772,50.87,D
sh688777,中控技术,2025-09-19 13:19:13,50.87,5400,50.8,U
sh688777,中控技术,2025-09-19 13:19:22,50.82,9407,50.81,U
sh688777,中控技术,2025-09-19 13:19:25,50.81,7435,50.82,D
sh688777,中控技术,2025-09-19 13:19:37,50.8,11774,50.8,D
sh688777,中控技术,2025-09-19 13:19:52,50.8,11145,50.8,U
sh688777,中控技术,2025-09-19 13:19:55,50.8,11897,50.8,U
sh688777,中控技术,2025-09-19 13:19:58,50.78,10000,50.8,D
sh688777,中控技术,2025-09-19 13:20:04,50.76,14174,50.82,D
sh688777,中控技术,2025-09-19 13:20:16,50.76,4274,50.77,D
sh688777,中控技术,2025-09-19 13:20:37,50.75,5000,50.77,D
sh688777,中控技术,2025-09-19 13:20:40,50.77,4102,50.75,U
sh688777,中控技术,2025-09-19 13:20:46,50.77,4429,50.77,D
sh688777,中控技术,2025-09-19 13:20:55,50.77,6063,50.77,U
sh688777,中控技术,2025-09-19 13:20:58,50.77,4539,50.77,U
sh688777,中控技术,2025-09-19 13:21:04,50.77,5994,50.77,U
sh688777,中控技术,2025-09-19 13:21:07,50.77,17973,50.77,U
sh688777,中控技术,2025-09-19 13:21:22,50.76,4000,50.76,U
sh688777,中控技术,2025-09-19 13:21:31,50.74,6207,50.74,D
sh688777,中控技术,2025-09-19 13:21:43,50.75,7597,50.74,U
sh688777,中控技术,2025-09-19 13:21:52,50.69,42549,50.73,D
sh688777,中控技术,2025-09-19 13:21:58,50.69,22517,50.7,D
sh688777,中控技术,2025-09-19 13:22:01,50.7,9534,50.69,U
sh688777,中控技术,2025-09-19 13:22:04,50.69,4363,50.7,D
sh688777,中控技术,2025-09-19 13:22:07,50.68,6000,50.69,D
sh688777,中控技术,2025-09-19 13:22:16,50.69,12600,50.69,U
sh688777,中控技术,2025-09-19 13:22:19,50.68,7953,50.69,D
sh688777,中控技术,2025-09-19 13:22:22,50.66,11775,50.68,D
sh688777,中控技术,2025-09-19 13:22:34,50.64,15182,50.68,D
sh688777,中控技术,2025-09-19 13:23:13,50.66,5602,50.65,U
sh688777,中控技术,2025-09-19 13:23:16,50.68,16001,50.66,U
sh688777,中控技术,2025-09-19 13:23:19,50.68,17367,50.68,D
sh688777,中控技术,2025-09-19 13:23:34,50.67,4162,50.67,U
sh688777,中控技术,2025-09-19 13:23:40,50.66,18003,50.67,E
sh688777,中控技术,2025-09-19 13:23:46,50.65,7700,50.67,D
sh688777,中控技术,2025-09-19 13:23:55,50.64,7460,50.64,D
sh688777,中控技术,2025-09-19 13:24:04,50.65,3952,50.63,U
sh688777,中控技术,2025-09-19 13:24:19,50.65,11985,50.64,U
sh688777,中控技术,2025-09-19 13:24:37,50.62,4355,50.62,D
sh688777,中控技术,2025-09-19 13:24:52,50.61,19082,50.62,D
sh688777,中控技术,2025-09-19 13:24:55,50.59,17985,50.61,D
sh688777,中控技术,2025-09-19 13:25:01,50.57,32448,50.59,D
sh688777,中控技术,2025-09-19 13:25:04,50.52,5047,50.57,D
sh688777,中控技术,2025-09-19 13:25:07,50.5,22141,50.52,D
sh688777,中控技术,2025-09-19 13:25:10,50.56,11939,50.5,U
sh688777,中控技术,2025-09-19 13:25:16,50.51,11817,50.51,D
sh688777,中控技术,2025-09-19 13:25:19,50.52,11500,50.51,U
sh688777,中控技术,2025-09-19 13:25:25,50.5,23000,50.51,D
sh688777,中控技术,2025-09-19 13:25:34,50.48,9793,50.47,E
sh688777,中控技术,2025-09-19 13:25:40,50.46,3994,50.46,U
sh688777,中控技术,2025-09-19 13:25:43,50.52,20000,50.46,U
sh688777,中控技术,2025-09-19 13:26:07,50.48,9986,50.5,D
sh688777,中控技术,2025-09-19 13:26:10,50.56,50000,50.48,U
sh688777,中控技术,2025-09-19 13:26:40,50.49,10200,50.5,D
sh688777,中控技术,2025-09-19 13:26:46,50.49,4371,50.49,D
sh688777,中控技术,2025-09-19 13:26:52,50.49,17808,50.49,U
sh688777,中控技术,2025-09-19 13:26:55,50.49,4529,50.49,U
sh688777,中控技术,2025-09-19 13:27:13,50.43,31927,50.49,D
sh688777,中控技术,2025-09-19 13:27:16,50.44,5435,50.43,E
sh688777,中控技术,2025-09-19 13:27:19,50.43,8027,50.44,D
sh688777,中控技术,2025-09-19 13:27:22,50.41,4546,50.43,D
sh688777,中控技术,2025-09-19 13:27:28,50.38,26200,50.44,D
sh688777,中控技术,2025-09-19 13:27:55,50.41,4345,50.43,U
sh688777,中控技术,2025-09-19 13:27:58,50.4,12255,50.41,D
sh688777,中控技术,2025-09-19 13:28:01,50.4,11360,50.4,U
sh688777,中控技术,2025-09-19 13:28:04,50.36,38425,50.4,D
sh688777,中控技术,2025-09-19 13:28:07,50.33,35162,50.36,D
sh688777,中控技术,2025-09-19 13:28:13,50.33,4290,50.33,U
sh688777,中控技术,2025-09-19 13:28:16,50.33,41102,50.33,U
sh688777,中控技术,2025-09-19 13:28:19,50.33,11233,50.33,D
sh688777,中控技术,2025-09-19 13:28:22,50.34,67193,50.33,E
sh688777,中控技术,2025-09-19 13:28:34,50.36,4716,50.36,U
sh688777,中控技术,2025-09-19 13:28:37,50.35,8404,50.36,D
sh688777,中控技术,2025-09-19 13:28:40,50.35,24300,50.35,U
sh688777,中控技术,2025-09-19 13:28:43,50.34,8397,50.35,D
sh688777,中控技术,2025-09-19 13:28:55,50.3,7600,50.3,D
sh688777,中控技术,2025-09-19 13:28:58,50.3,6328,50.3,D
sh688777,中控技术,2025-09-19 13:29:01,50.34,6350,50.3,U
sh688777,中控技术,2025-09-19 13:29:07,50.36,19088,50.32,U
sh688777,中控技术,2025-09-19 13:29:10,50.37,9935,50.36,U
sh688777,中控技术,2025-09-19 13:29:13,50.38,5839,50.37,U
sh688777,中控技术,2025-09-19 13:29:16,50.51,52939,50.38,U
sh688777,中控技术,2025-09-19 13:29:19,50.48,10717,50.51,E
sh688777,中控技术,2025-09-19 13:29:25,50.48,7945,50.48,U
sh688777,中控技术,2025-09-19 13:29:34,50.47,6281,50.48,E
sh688777,中控技术,2025-09-19 13:29:43,50.55,73581,50.47,U
sh688777,中控技术,2025-09-19 13:29:55,50.45,6612,50.5,D
sh688777,中控技术,2025-09-19 13:30:16,50.43,4500,50.48,D
sh688777,中控技术,2025-09-19 13:30:28,50.52,30200,50.47,U
sh688777,中控技术,2025-09-19 13:30:31,50.46,4289,50.52,D
sh688777,中控技术,2025-09-19 13:30:49,50.5,9429,50.51,D
sh688777,中控技术,2025-09-19 13:30:55,50.5,5580,50.54,D
sh688777,中控技术,2025-09-19 13:31:16,50.49,7546,50.5,D
sh688777,中控技术,2025-09-19 13:31:31,50.48,22880,50.49,D
sh688777,中控技术,2025-09-19 13:32:13,50.45,30085,50.48,D
sh688777,中控技术,2025-09-19 13:32:22,50.38,22406,50.44,D
sh688777,中控技术,2025-09-19 13:32:31,50.36,8808,50.4,D
sh688777,中控技术,2025-09-19 13:32:49,50.33,4500,50.35,D
sh688777,中控技术,2025-09-19 13:32:58,50.31,5000,50.33,D
sh688777,中控技术,2025-09-19 13:33:07,50.35,11867,50.34,U
sh688777,中控技术,2025-09-19 13:33:22,50.32,16350,50.32,U
sh688777,中控技术,2025-09-19 13:33:25,50.33,5834,50.32,U
sh688777,中控技术,2025-09-19 13:33:28,50.36,34423,50.33,U
sh688777,中控技术,2025-09-19 13:33:31,50.33,4000,50.36,E
sh688777,中控技术,2025-09-19 13:33:37,50.35,14700,50.33,U
sh688777,中控技术,2025-09-19 13:33:40,50.3,20900,50.35,D
sh688777,中控技术,2025-09-19 13:33:58,50.36,27216,50.33,U
sh688777,中控技术,2025-09-19 13:34:07,50.35,19854,50.33,E
sh688777,中控技术,2025-09-19 13:34:16,50.34,6612,50.36,D
sh688777,中控技术,2025-09-19 13:34:19,50.33,12964,50.34,D
sh688777,中控技术,2025-09-19 13:34:46,50.31,4558,50.32,D
sh688777,中控技术,2025-09-19 13:35:01,50.3,9347,50.31,D
sh688777,中控技术,2025-09-19 13:35:13,50.31,7600,50.3,U
sh688777,中控技术,2025-09-19 13:35:16,50.3,4661,50.31,D
sh688777,中控技术,2025-09-19 13:35:22,50.3,5002,50.3,D
sh688777,中控技术,2025-09-19 13:35:28,50.29,10436,50.29,D
sh688777,中控技术,2025-09-19 13:35:37,50.3,15032,50.28,U
sh688777,中控技术,2025-09-19 13:35:40,50.28,6438,50.3,D
sh688777,中控技术,2025-09-19 13:35:46,50.29,8433,50.29,U
sh688777,中控技术,2025-09-19 13:35:52,50.29,15738,50.29,U
sh688777,中控技术,2025-09-19 13:36:31,50.3,6031,50.27,U
sh688777,中控技术,2025-09-19 13:36:37,50.27,5073,50.27,U
sh688777,中控技术,2025-09-19 13:36:40,50.28,19070,50.27,U
sh688777,中控技术,2025-09-19 13:36:43,50.28,4600,50.28,D
sh688777,中控技术,2025-09-19 13:36:46,50.28,40667,50.28,D
sh688777,中控技术,2025-09-19 13:37:10,50.28,6059,50.28,D
sh688777,中控技术,2025-09-19 13:37:13,50.28,5420,50.28,U
sh688777,中控技术,2025-09-19 13:37:28,50.26,4237,50.28,D
sh688777,中控技术,2025-09-19 13:37:34,50.28,8200,50.25,U
sh688777,中控技术,2025-09-19 13:37:46,50.28,10172,50.27,U
sh688777,中控技术,2025-09-19 13:37:55,50.32,19729,50.32,U
sh688777,中控技术,2025-09-19 13:38:01,50.31,4000,50.35,E
sh688777,中控技术,2025-09-19 13:38:04,50.3,5507,50.31,D
sh688777,中控技术,2025-09-19 13:38:07,50.28,7300,50.3,D
sh688777,中控技术,2025-09-19 13:38:10,50.28,9647,50.28,D
sh688777,中控技术,2025-09-19 13:38:16,50.3,43809,50.28,U
sh688777,中控技术,2025-09-19 13:38:19,50.23,8873,50.3,D
sh688777,中控技术,2025-09-19 13:38:34,50.28,8500,50.29,D
sh688777,中控技术,2025-09-19 13:38:49,50.31,4515,50.3,U
sh688777,中控技术,2025-09-19 13:39:37,50.35,5453,50.36,D
sh688777,中控技术,2025-09-19 13:39:52,50.38,7545,50.37,U
sh688777,中控技术,2025-09-19 13:40:07,50.34,9730,50.36,D
sh688777,中控技术,2025-09-19 13:40:10,50.36,10289,50.34,U
sh688777,中控技术,2025-09-19 13:40:58,50.3,14834,50.32,D
sh688777,中控技术,2025-09-19 13:41:31,50.28,12435,50.28,D
sh688777,中控技术,2025-09-19 13:41:40,50.25,7478,50.28,D
sh688777,中控技术,2025-09-19 13:41:46,50.28,6744,50.27,U
sh688777,中控技术,2025-09-19 13:41:52,50.25,5500,50.26,D
sh688777,中控技术,2025-09-19 13:42:01,50.23,12074,50.23,D
sh688777,中控技术,2025-09-19 13:42:07,50.2,4578,50.23,D
sh688777,中控技术,2025-09-19 13:42:16,50.19,13866,50.2,D
sh688777,中控技术,2025-09-19 13:42:19,50.18,4648,50.19,D
sh688777,中控技术,2025-09-19 13:42:22,50.2,27700,50.18,U
sh688777,中控技术,2025-09-19 13:42:31,50.23,20000,50.18,U
sh688777,中控技术,2025-09-19 13:43:22,50.21,23055,50.21,U
sh688777,中控技术,2025-09-19 13:43:37,50.2,8479,50.2,D
sh688777,中控技术,2025-09-19 13:43:52,50.22,47783,50.2,U
sh688777,中控技术,2025-09-19 13:44:10,50.27,14025,50.24,U
sh688777,中控技术,2025-09-19 13:44:13,50.27,5500,50.27,U
sh688777,中控技术,2025-09-19 13:44:16,50.27,12152,50.27,U
sh688777,中控技术,2025-09-19 13:44:22,50.28,4051,50.26,U
sh688777,中控技术,2025-09-19 13:44:46,50.3,4788,50.32,D
sh688777,中控技术,2025-09-19 13:45:01,50.3,5896,50.27,U
sh688777,中控技术,2025-09-19 13:45:07,50.28,4321,50.3,D
sh688777,中控技术,2025-09-19 13:45:10,50.27,13863,50.28,D
sh688777,中控技术,2025-09-19 13:45:16,50.26,12159,50.27,D
sh688777,中控技术,2025-09-19 13:45:25,50.26,10019,50.26,U
sh688777,中控技术,2025-09-19 13:45:28,50.27,4998,50.26,U
sh688777,中控技术,2025-09-19 13:45:43,50.3,9902,50.28,U
sh688777,中控技术,2025-09-19 13:46:01,50.3,17695,50.33,D
sh688777,中控技术,2025-09-19 13:46:04,50.3,10642,50.3,U
sh688777,中控技术,2025-09-19 13:46:28,50.35,10419,50.35,U
sh688777,中控技术,2025-09-19 13:46:49,50.33,10200,50.33,U
sh688777,中控技术,2025-09-19 13:46:55,50.35,5000,50.33,U
sh688777,中控技术,2025-09-19 13:47:28,50.39,5439,50.37,U
sh688777,中控技术,2025-09-19 13:47:34,50.44,9467,50.43,U
sh688777,中控技术,2025-09-19 13:47:49,50.33,26439,50.39,D
sh688777,中控技术,2025-09-19 13:47:52,50.34,4369,50.33,U
sh688777,中控技术,2025-09-19 13:48:04,50.35,4813,50.34,U
sh688777,中控技术,2025-09-19 13:48:10,50.35,10000,50.39,D
sh688777,中控技术,2025-09-19 13:49:04,50.4,31361,50.4,U
sh688777,中控技术,2025-09-19 13:49:13,50.4,5097,50.42,D
sh688777,中控技术,2025-09-19 13:49:34,50.4,11000,50.4,U
sh688777,中控技术,2025-09-19 13:49:37,50.4,4850,50.4,U
sh688777,中控技术,2025-09-19 13:50:04,50.41,5359,50.42,D
sh688777,中控技术,2025-09-19 13:50:10,50.38,8603,50.39,D
sh688777,中控技术,2025-09-19 13:50:25,50.33,9690,50.37,D
sh688777,中控技术,2025-09-19 13:50:34,50.3,8051,50.33,D
sh688777,中控技术,2025-09-19 13:50:43,50.3,14127,50.31,D
sh688777,中控技术,2025-09-19 13:50:58,50.3,11308,50.31,D
sh688777,中控技术,2025-09-19 13:51:04,50.3,12179,50.3,U
sh688777,中控技术,2025-09-19 13:51:10,50.3,8000,50.3,D
sh688777,中控技术,2025-09-19 13:51:13,50.38,12136,50.3,U
sh688777,中控技术,2025-09-19 13:51:37,50.33,5074,50.33,D
sh688777,中控技术,2025-09-19 13:51:55,50.36,8333,50.34,E
sh688777,中控技术,2025-09-19 13:52:40,50.34,6480,50.34,U
sh688777,中控技术,2025-09-19 13:52:43,50.33,4600,50.34,D
sh688777,中控技术,2025-09-19 13:52:58,50.33,4891,50.34,D
sh688777,中控技术,2025-09-19 13:53:13,50.33,5052,50.33,D
sh688777,中控技术,2025-09-19 13:53:46,50.35,4309,50.33,U
sh688777,中控技术,2025-09-19 13:53:55,50.32,29905,50.35,D
sh688777,中控技术,2025-09-19 13:53:58,50.28,17604,50.32,D
sh688777,中控技术,2025-09-19 13:54:46,50.21,5400,50.21,U
sh688777,中控技术,2025-09-19 13:54:52,50.2,5974,50.2,D
sh688777,中控技术,2025-09-19 13:55:04,50.2,19200,50.22,D
sh688777,中控技术,2025-09-19 13:55:10,50.2,6000,50.21,D
sh688777,中控技术,2025-09-19 13:55:13,50.2,4953,50.2,U
sh688777,中控技术,2025-09-19 13:55:16,50.2,13181,50.2,U
sh688777,中控技术,2025-09-19 13:55:19,50.22,54129,50.2,U
sh688777,中控技术,2025-09-19 13:55:22,50.2,11712,50.22,D
sh688777,中控技术,2025-09-19 13:55:28,50.24,8100,50.2,U
sh688777,中控技术,2025-09-19 13:56:43,50.27,5298,50.29,D
sh688777,中控技术,2025-09-19 13:56:52,50.32,6635,50.27,U
sh688777,中控技术,2025-09-19 13:57:16,50.31,13515,50.29,U
sh688777,中控技术,2025-09-19 13:57:22,50.32,12797,50.31,U
sh688777,中控技术,2025-09-19 13:57:28,50.32,11820,50.33,D
sh688777,中控技术,2025-09-19 13:57:31,50.33,11800,50.32,U
sh688777,中控技术,2025-09-19 13:58:01,50.35,8539,50.35,U
sh688777,中控技术,2025-09-19 13:58:04,50.39,12100,50.35,U
sh688777,中控技术,2025-09-19 13:58:37,50.4,19511,50.39,U
sh688777,中控技术,2025-09-19 13:59:13,50.36,11051,50.38,D
sh688777,中控技术,2025-09-19 13:59:52,50.34,31657,50.4,D
sh688777,中控技术,2025-09-19 14:00:07,50.31,5700,50.32,D
sh688777,中控技术,2025-09-19 14:00:22,50.29,14500,50.31,D
sh688777,中控技术,2025-09-19 14:00:43,50.27,4359,50.31,D
sh688777,中控技术,2025-09-19 14:00:52,50.28,5000,50.27,D
sh688777,中控技术,2025-09-19 14:01:10,50.28,4400,50.32,D
sh688777,中控技术,2025-09-19 14:02:07,50.37,4962,50.31,U
sh688777,中控技术,2025-09-19 14:02:28,50.4,5955,50.38,U
sh688777,中控技术,2025-09-19 14:02:46,50.41,4285,50.4,U
sh688777,中控技术,2025-09-19 14:03:37,50.48,28058,50.43,U
sh688777,中控技术,2025-09-19 14:03:52,50.5,7818,50.55,D
sh688777,中控技术,2025-09-19 14:04:37,50.53,9013,50.53,U
sh688777,中控技术,2025-09-19 14:04:52,50.54,5700,50.54,U
sh688777,中控技术,2025-09-19 14:05:07,50.58,9264,50.55,U
sh688777,中控技术,2025-09-19 14:05:28,50.58,7839,50.59,D
sh688777,中控技术,2025-09-19 14:05:49,50.6,5400,50.65,D
sh688777,中控技术,2025-09-19 14:05:55,50.59,8410,50.6,D
sh688777,中控技术,2025-09-19 14:06:07,50.59,4206,50.53,U
sh688777,中控技术,2025-09-19 14:06:13,50.56,10322,50.59,E
sh688777,中控技术,2025-09-19 14:06:19,50.67,4848,50.63,U
sh688777,中控技术,2025-09-19 14:06:49,50.69,25947,50.63,U
sh688777,中控技术,2025-09-19 14:06:55,50.72,11776,50.69,U
sh688777,中控技术,2025-09-19 14:07:16,50.64,4667,50.65,D
sh688777,中控技术,2025-09-19 14:07:34,50.6,6000,50.56,E
sh688777,中控技术,2025-09-19 14:07:43,50.62,10000,50.56,U
sh688777,中控技术,2025-09-19 14:08:13,50.57,4444,50.59,D
sh688777,中控技术,2025-09-19 14:08:25,50.57,20345,50.59,D
sh688777,中控技术,2025-09-19 14:08:34,50.61,10989,50.57,U
sh688777,中控技术,2025-09-19 14:09:13,50.64,6254,50.57,U
sh688777,中控技术,2025-09-19 14:09:16,50.66,4339,50.64,U
sh688777,中控技术,2025-09-19 14:09:19,50.67,4793,50.66,U
sh688777,中控技术,2025-09-19 14:09:22,50.68,5868,50.67,U
sh688777,中控技术,2025-09-19 14:09:31,50.66,5867,50.68,D
sh688777,中控技术,2025-09-19 14:09:37,50.66,9713,50.66,U
sh688777,中控技术,2025-09-19 14:10:13,50.56,4400,50.56,D
sh688777,中控技术,2025-09-19 14:10:55,50.57,5368,50.57,D
sh688777,中控技术,2025-09-19 14:10:58,50.56,13600,50.57,D
sh688777,中控技术,2025-09-19 14:11:07,50.53,4000,50.56,D
sh688777,中控技术,2025-09-19 14:11:49,50.6,4706,50.61,D
sh688777,中控技术,2025-09-19 14:13:01,50.62,17568,50.6,U
sh688777,中控技术,2025-09-19 14:13:13,50.65,4939,50.64,U
sh688777,中控技术,2025-09-19 14:13:46,50.67,7577,50.63,U
sh688777,中控技术,2025-09-19 14:14:28,50.62,15258,50.6,U
sh688777,中控技术,2025-09-19 14:14:43,50.62,12777,50.56,U
sh688777,中控技术,2025-09-19 14:15:22,50.65,4560,50.66,D
sh688777,中控技术,2025-09-19 14:15:46,50.68,29572,50.67,U
sh688777,中控技术,2025-09-19 14:15:49,50.69,11000,50.68,U
sh688777,中控技术,2025-09-19 14:16:07,50.78,11437,50.7,U
sh688777,中控技术,2025-09-19 14:16:34,50.8,11800,50.77,U
sh688777,中控技术,2025-09-19 14:16:37,50.85,5199,50.8,U
sh688777,中控技术,2025-09-19 14:17:04,50.69,4500,50.7,D
sh688777,中控技术,2025-09-19 14:17:07,50.76,31398,50.69,U
sh688777,中控技术,2025-09-19 14:17:28,50.76,4500,50.76,U
sh688777,中控技术,2025-09-19 14:17:49,50.7,13014,50.77,D
sh688777,中控技术,2025-09-19 14:18:01,50.68,5000,50.68,D
sh688777,中控技术,2025-09-19 14:19:13,50.61,9392,50.64,D
sh688777,中控技术,2025-09-19 14:19:40,50.61,15055,50.58,U
sh688777,中控技术,2025-09-19 14:20:04,50.58,13062,50.67,D
sh688777,中控技术,2025-09-19 14:20:16,50.66,14634,50.73,D
sh688777,中控技术,2025-09-19 14:21:13,50.57,8877,50.61,D
sh688777,中控技术,2025-09-19 14:21:46,50.53,6900,50.54,D
sh688777,中控技术,2025-09-19 14:22:58,50.56,4263,50.56,U
sh688777,中控技术,2025-09-19 14:23:01,50.6,15840,50.56,U
sh688777,中控技术,2025-09-19 14:23:13,50.65,22566,50.63,U
sh688777,中控技术,2025-09-19 14:23:16,50.64,4907,50.65,D
sh688777,中控技术,2025-09-19 14:24:16,50.61,6185,50.61,U
sh688777,中控技术,2025-09-19 14:24:19,50.63,4067,50.61,U
sh688777,中控技术,2025-09-19 14:25:13,50.63,6770,50.66,D
sh688777,中控技术,2025-09-19 14:26:04,50.68,6460,50.67,U
sh688777,中控技术,2025-09-19 14:26:07,50.68,7717,50.68,U
sh688777,中控技术,2025-09-19 14:27:10,50.72,5000,50.72,U
sh688777,中控技术,2025-09-19 14:30:04,50.7,4144,50.71,D
sh688777,中控技术,2025-09-19 14:30:40,50.66,6433,50.68,D
sh688777,中控技术,2025-09-19 14:31:19,50.61,9074,50.63,D
sh688777,中控技术,2025-09-19 14:31:22,50.61,7261,50.61,D
sh688777,中控技术,2025-09-19 14:31:25,50.6,25483,50.61,D
sh688777,中控技术,2025-09-19 14:32:22,50.7,12835,50.61,U
sh688777,中控技术,2025-09-19 14:32:43,50.67,4757,50.67,U
sh688777,中控技术,2025-09-19 14:33:10,50.53,6900,50.6,D
sh688777,中控技术,2025-09-19 14:34:22,50.58,6800,50.6,D
sh688777,中控技术,2025-09-19 14:34:37,50.57,25450,50.56,U
sh688777,中控技术,2025-09-19 14:35:01,50.52,9303,50.57,D
sh688777,中控技术,2025-09-19 14:35:04,50.54,29648,50.52,U
sh688777,中控技术,2025-09-19 14:35:07,50.47,36616,50.54,D
sh688777,中控技术,2025-09-19 14:35:58,50.51,4956,50.51,U
sh688777,中控技术,2025-09-19 14:36:10,50.51,6300,50.51,U
sh688777,中控技术,2025-09-19 14:36:37,50.51,4200,50.49,U
sh688777,中控技术,2025-09-19 14:36:40,50.51,8824,50.51,U
sh688777,中控技术,2025-09-19 14:36:43,50.48,24632,50.51,D
sh688777,中控技术,2025-09-19 14:36:46,50.54,84689,50.48,U
sh688777,中控技术,2025-09-19 14:37:01,50.5,10800,50.51,D
sh688777,中控技术,2025-09-19 14:37:10,50.5,4789,50.5,U
sh688777,中控技术,2025-09-19 14:38:16,50.53,6454,50.5,U
sh688777,中控技术,2025-09-19 14:38:22,50.5,5557,50.53,D
sh688777,中控技术,2025-09-19 14:38:28,50.48,9854,50.5,D
sh688777,中控技术,2025-09-19 14:38:52,50.47,4200,50.47,U
sh688777,中控技术,2025-09-19 14:39:16,50.5,5065,50.46,U
sh688777,中控技术,2025-09-19 14:39:55,50.48,5000,50.52,D
sh688777,中控技术,2025-09-19 14:40:43,50.5,11884,50.51,D
sh688777,中控技术,2025-09-19 14:42:01,50.48,4622,50.46,U
sh688777,中控技术,2025-09-19 14:42:40,50.48,23148,50.5,D
sh688777,中控技术,2025-09-19 14:42:52,50.45,4386,50.46,D
sh688777,中控技术,2025-09-19 14:43:13,50.43,15451,50.44,D
sh688777,中控技术,2025-09-19 14:43:19,50.43,33982,50.45,D
sh688777,中控技术,2025-09-19 14:43:28,50.48,7020,50.47,U
sh688777,中控技术,2025-09-19 14:43:37,50.42,10600,50.47,D
sh688777,中控技术,2025-09-19 14:43:43,50.45,4692,50.45,U
sh688777,中控技术,2025-09-19 14:43:49,50.41,6220,50.45,D
sh688777,中控技术,2025-09-19 14:44:16,50.43,6400,50.43,U
sh688777,中控技术,2025-09-19 14:44:19,50.43,5064,50.43,U
sh688777,中控技术,2025-09-19 14:44:49,50.41,7045,50.41,D
sh688777,中控技术,2025-09-19 14:45:04,50.42,4788,50.41,U
sh688777,中控技术,2025-09-19 14:45:07,50.43,4332,50.42,U
sh688777,中控技术,2025-09-19 14:45:10,50.4,4021,50.43,D
sh688777,中控技术,2025-09-19 14:45:13,50.41,4572,50.4,U
sh688777,中控技术,2025-09-19 14:45:28,50.4,5815,50.4,U
sh688777,中控技术,2025-09-19 14:46:07,50.35,27663,50.36,D
sh688777,中控技术,2025-09-19 14:46:10,50.3,4837,50.35,D
sh688777,中控技术,2025-09-19 14:46:25,50.32,4949,50.32,U
sh688777,中控技术,2025-09-19 14:46:58,50.3,15000,50.31,D
sh688777,中控技术,2025-09-19 14:47:07,50.32,4800,50.31,U
sh688777,中控技术,2025-09-19 14:47:10,50.32,6729,50.32,U
sh688777,中控技术,2025-09-19 14:47:43,50.29,5000,50.29,D
sh688777,中控技术,2025-09-19 14:47:46,50.3,4100,50.29,U
sh688777,中控技术,2025-09-19 14:47:55,50.29,11132,50.29,D
sh688777,中控技术,2025-09-19 14:48:01,50.29,5555,50.28,U
sh688777,中控技术,2025-09-19 14:48:04,50.29,18313,50.29,U
sh688777,中控技术,2025-09-19 14:48:10,50.31,5468,50.32,E
sh688777,中控技术,2025-09-19 14:48:25,50.3,4917,50.3,U
sh688777,中控技术,2025-09-19 14:48:28,50.29,24838,50.3,D
sh688777,中控技术,2025-09-19 14:48:49,50.28,4400,50.28,D
sh688777,中控技术,2025-09-19 14:49:01,50.28,5254,50.28,U
sh688777,中控技术,2025-09-19 14:49:07,50.27,5897,50.27,D
sh688777,中控技术,2025-09-19 14:49:10,50.28,10216,50.27,U
sh688777,中控技术,2025-09-19 14:49:13,50.27,4396,50.28,D
sh688777,中控技术,2025-09-19 14:49:19,50.32,6933,50.29,U
sh688777,中控技术,2025-09-19 14:49:40,50.3,4663,50.3,U
sh688777,中控技术,2025-09-19 14:50:10,50.29,6364,50.29,U
sh688777,中控技术,2025-09-19 14:50:16,50.28,25893,50.29,D
sh688777,中控技术,2025-09-19 14:50:25,50.25,6627,50.26,D
sh688777,中控技术,2025-09-19 14:50:28,50.22,13934,50.25,D
sh688777,中控技术,2025-09-19 14:50:34,50.21,9713,50.22,D
sh688777,中控技术,2025-09-19 14:50:37,50.22,4869,50.21,U
sh688777,中控技术,2025-09-19 14:50:40,50.18,40180,50.22,D
sh688777,中控技术,2025-09-19 14:50:52,50.19,7771,50.2,D
sh688777,中控技术,2025-09-19 14:50:55,50.19,8518,50.19,U
sh688777,中控技术,2025-09-19 14:50:58,50.15,30000,50.19,D
sh688777,中控技术,2025-09-19 14:51:01,50.19,13451,50.15,U
sh688777,中控技术,2025-09-19 14:51:04,50.19,13536,50.19,U
sh688777,中控技术,2025-09-19 14:51:10,50.19,9701,50.18,U
sh688777,中控技术,2025-09-19 14:51:13,50.18,10229,50.19,D
sh688777,中控技术,2025-09-19 14:51:16,50.18,19440,50.18,D
sh688777,中控技术,2025-09-19 14:51:19,50.18,16115,50.18,U
sh688777,中控技术,2025-09-19 14:51:28,50.16,11393,50.16,D
sh688777,中控技术,2025-09-19 14:51:34,50.17,9269,50.17,U
sh688777,中控技术,2025-09-19 14:51:40,50.17,16648,50.16,U
sh688777,中控技术,2025-09-19 14:51:49,50.18,8016,50.17,U
sh688777,中控技术,2025-09-19 14:51:52,50.17,21500,50.18,D
sh688777,中控技术,2025-09-19 14:51:55,50.17,5718,50.17,U
sh688777,中控技术,2025-09-19 14:51:58,50.17,19109,50.17,U
sh688777,中控技术,2025-09-19 14:52:07,50.16,5598,50.16,D
sh688777,中控技术,2025-09-19 14:52:16,50.16,8459,50.16,U
sh688777,中控技术,2025-09-19 14:52:22,50.17,4133,50.17,U
sh688777,中控技术,2025-09-19 14:52:25,50.16,11642,50.17,D
sh688777,中控技术,2025-09-19 14:52:34,50.17,18491,50.16,E
sh688777,中控技术,2025-09-19 14:52:37,50.16,6856,50.17,D
sh688777,中控技术,2025-09-19 14:52:40,50.16,7478,50.16,D
sh688777,中控技术,2025-09-19 14:52:52,50.16,21066,50.18,D
sh688777,中控技术,2025-09-19 14:52:55,50.18,4665,50.16,U
sh688777,中控技术,2025-09-19 14:53:04,50.19,36000,50.18,U
sh688777,中控技术,2025-09-19 14:53:13,50.18,4039,50.18,U
sh688777,中控技术,2025-09-19 14:53:16,50.16,11653,50.18,D
sh688777,中控技术,2025-09-19 14:53:19,50.16,5000,50.16,D
sh688777,中控技术,2025-09-19 14:53:25,50.17,7200,50.16,U
sh688777,中控技术,2025-09-19 14:53:28,50.15,4974,50.17,D
sh688777,中控技术,2025-09-19 14:53:43,50.16,11000,50.16,D
sh688777,中控技术,2025-09-19 14:53:49,50.16,20821,50.16,D
sh688777,中控技术,2025-09-19 14:53:58,50.2,17540,50.18,U
sh688777,中控技术,2025-09-19 14:54:01,50.18,17347,50.2,D
sh688777,中控技术,2025-09-19 14:54:04,50.2,4278,50.18,E
sh688777,中控技术,2025-09-19 14:54:07,50.2,9015,50.2,U
sh688777,中控技术,2025-09-19 14:54:10,50.19,6990,50.2,D
sh688777,中控技术,2025-09-19 14:54:16,50.25,27467,50.28,D
sh688777,中控技术,2025-09-19 14:54:52,50.19,17450,50.19,D
sh688777,中控技术,2025-09-19 14:55:07,50.2,10634,50.19,U
sh688777,中控技术,2025-09-19 14:55:25,50.18,7488,50.18,D
sh688777,中控技术,2025-09-19 14:55:28,50.18,5260,50.18,U
sh688777,中控技术,2025-09-19 14:55:34,50.18,13676,50.18,D
sh688777,中控技术,2025-09-19 14:55:37,50.18,5587,50.18,D
sh688777,中控技术,2025-09-19 14:55:40,50.17,7400,50.18,D
sh688777,中控技术,2025-09-19 14:55:43,50.19,6000,50.17,U
sh688777,中控技术,2025-09-19 14:55:58,50.17,4044,50.19,D
sh688777,中控技术,2025-09-19 14:56:04,50.17,6641,50.16,E
sh688777,中控技术,2025-09-19 14:56:07,50.17,10658,50.17,U
sh688777,中控技术,2025-09-19 14:56:10,50.21,7357,50.17,U
sh688777,中控技术,2025-09-19 14:56:13,50.27,10345,50.21,U
sh688777,中控技术,2025-09-19 14:56:16,50.24,11414,50.27,U
sh688777,中控技术,2025-09-19 14:56:19,50.22,12470,50.24,E
sh688777,中控技术,2025-09-19 14:56:22,50.25,4600,50.22,U
sh688777,中控技术,2025-09-19 14:56:25,50.24,12821,50.25,U
sh688777,中控技术,2025-09-19 14:56:28,50.19,36646,50.24,D
sh688777,中控技术,2025-09-19 14:56:31,50.24,18032,50.19,U
sh688777,中控技术,2025-09-19 14:56:37,50.25,5155,50.25,U
sh688777,中控技术,2025-09-19 14:56:46,50.28,16887,50.25,U
sh688777,中控技术,2025-09-19 14:57:00,50.32,10489,50.28,U
sh688777,中控技术,2025-09-19 15:00:03,50.38,198871,50.38,U
