symbol,name,ticktime,price,volume,prev_price,kind
sh688777,中控技术,2025-10-09 09:25:01,55.38,184753,0.0,U
sh688777,中控技术,2025-10-09 09:30:04,55.5,11487,55.44,U
sh688777,中控技术,2025-10-09 09:30:07,55.5,12658,55.5,D
sh688777,中控技术,2025-10-09 09:30:10,55.48,29139,55.5,D
sh688777,中控技术,2025-10-09 09:30:16,55.44,95386,55.51,D
sh688777,中控技术,2025-10-09 09:30:19,55.53,16922,55.44,U
sh688777,中控技术,2025-10-09 09:30:22,55.44,8211,55.53,D
sh688777,中控技术,2025-10-09 09:30:25,55.5,30949,55.44,U
sh688777,中控技术,2025-10-09 09:30:28,55.44,48512,55.5,D
sh688777,中控技术,2025-10-09 09:30:31,55.44,23677,55.44,D
sh688777,中控技术,2025-10-09 09:30:34,55.42,23078,55.44,D
sh688777,中控技术,2025-10-09 09:30:37,55.41,77616,55.42,D
sh688777,中控技术,2025-10-09 09:30:40,55.39,75400,55.41,D
sh688777,中控技术,2025-10-09 09:30:43,55.38,24002,55.39,D
sh688777,中控技术,2025-10-09 09:30:46,55.36,64300,55.38,D
sh688777,中控技术,2025-10-09 09:30:49,55.25,86490,55.36,D
sh688777,中控技术,2025-10-09 09:30:52,55.25,19654,55.25,D
sh688777,中控技术,2025-10-09 09:30:55,55.21,14781,55.25,E
sh688777,中控技术,2025-10-09 09:30:58,55.15,15566,55.21,E
sh688777,中控技术,2025-10-09 09:31:01,55.09,36221,55.15,D
sh688777,中控技术,2025-10-09 09:31:04,55.08,31504,55.09,D
sh688777,中控技术,2025-10-09 09:31:07,55.07,13078,55.08,D
sh688777,中控技术,2025-10-09 09:31:10,55.0,5093,55.07,D
sh688777,中控技术,2025-10-09 09:31:13,54.99,26100,55.0,D
sh688777,中控技术,2025-10-09 09:31:16,54.91,18989,54.99,D
sh688777,中控技术,2025-10-09 09:31:19,54.9,6605,54.91,E
sh688777,中控技术,2025-10-09 09:31:22,54.83,6300,54.9,D
sh688777,中控技术,2025-10-09 09:31:25,54.8,8888,54.83,D
sh688777,中控技术,2025-10-09 09:31:28,54.8,8553,54.8,U
sh688777,中控技术,2025-10-09 09:31:31,54.65,4256,54.8,D
sh688777,中控技术,2025-10-09 09:31:34,54.69,5073,54.65,U
sh688777,中控技术,2025-10-09 09:31:37,54.61,10946,54.69,D
sh688777,中控技术,2025-10-09 09:31:40,54.8,24532,54.61,U
sh688777,中控技术,2025-10-09 09:31:43,54.69,22010,54.8,D
sh688777,中控技术,2025-10-09 09:31:46,54.69,21674,54.69,D
sh688777,中控技术,2025-10-09 09:31:49,54.79,17433,54.69,U
sh688777,中控技术,2025-10-09 09:31:52,54.79,14071,54.79,U
sh688777,中控技术,2025-10-09 09:31:55,54.8,4935,54.79,U
sh688777,中控技术,2025-10-09 09:31:58,54.8,8356,54.8,U
sh688777,中控技术,2025-10-09 09:32:01,54.8,31038,54.8,U
sh688777,中控技术,2025-10-09 09:32:04,54.78,12193,54.8,D
sh688777,中控技术,2025-10-09 09:32:07,54.8,13467,54.78,U
sh688777,中控技术,2025-10-09 09:32:10,54.8,9016,54.8,U
sh688777,中控技术,2025-10-09 09:32:13,54.8,3700,54.8,U
sh688777,中控技术,2025-10-09 09:32:16,54.78,8522,54.8,E
sh688777,中控技术,2025-10-09 09:32:19,54.8,10366,54.78,U
sh688777,中控技术,2025-10-09 09:32:22,54.73,7282,54.8,E
sh688777,中控技术,2025-10-09 09:32:25,54.72,10127,54.73,D
sh688777,中控技术,2025-10-09 09:32:28,54.71,9349,54.72,D
sh688777,中控技术,2025-10-09 09:32:31,54.7,8800,54.71,D
sh688777,中控技术,2025-10-09 09:32:34,54.72,5595,54.7,U
sh688777,中控技术,2025-10-09 09:32:37,54.69,14866,54.72,D
sh688777,中控技术,2025-10-09 09:32:40,54.69,9563,54.69,D
sh688777,中控技术,2025-10-09 09:32:43,54.69,12483,54.69,D
sh688777,中控技术,2025-10-09 09:32:46,54.68,15437,54.69,D
sh688777,中控技术,2025-10-09 09:32:49,54.67,15948,54.68,E
sh688777,中控技术,2025-10-09 09:32:52,54.68,12230,54.67,E
sh688777,中控技术,2025-10-09 09:32:55,54.69,5000,54.68,U
sh688777,中控技术,2025-10-09 09:32:58,54.65,32849,54.69,D
sh688777,中控技术,2025-10-09 09:33:04,54.62,14915,54.65,D
sh688777,中控技术,2025-10-09 09:33:07,54.57,54704,54.62,D
sh688777,中控技术,2025-10-09 09:33:10,54.61,17457,54.57,U
sh688777,中控技术,2025-10-09 09:33:13,54.65,19790,54.61,U
sh688777,中控技术,2025-10-09 09:33:16,54.65,55060,54.65,D
sh688777,中控技术,2025-10-09 09:33:19,54.68,5044,54.65,U
sh688777,中控技术,2025-10-09 09:33:22,54.71,28085,54.68,U
sh688777,中控技术,2025-10-09 09:33:25,54.73,4957,54.71,U
sh688777,中控技术,2025-10-09 09:33:28,54.78,21441,54.73,U
sh688777,中控技术,2025-10-09 09:33:31,54.78,7593,54.78,D
sh688777,中控技术,2025-10-09 09:33:34,54.79,6071,54.78,U
sh688777,中控技术,2025-10-09 09:33:37,54.8,16660,54.79,U
sh688777,中控技术,2025-10-09 09:33:40,54.8,12258,54.8,U
sh688777,中控技术,2025-10-09 09:33:43,54.82,13994,54.8,U
sh688777,中控技术,2025-10-09 09:33:46,54.78,39175,54.82,D
sh688777,中控技术,2025-10-09 09:33:49,54.73,29171,54.78,D
sh688777,中控技术,2025-10-09 09:33:52,54.67,14770,54.73,D
sh688777,中控技术,2025-10-09 09:33:55,54.6,22710,54.67,D
sh688777,中控技术,2025-10-09 09:33:58,54.59,24152,54.6,D
sh688777,中控技术,2025-10-09 09:34:01,54.69,42280,54.59,U
sh688777,中控技术,2025-10-09 09:34:04,54.72,7892,54.69,U
sh688777,中控技术,2025-10-09 09:34:07,54.79,22639,54.72,U
sh688777,中控技术,2025-10-09 09:34:10,54.8,19116,54.79,U
sh688777,中控技术,2025-10-09 09:34:13,54.8,11273,54.8,D
sh688777,中控技术,2025-10-09 09:34:16,54.82,7455,54.8,U
sh688777,中控技术,2025-10-09 09:34:19,54.8,10638,54.82,E
sh688777,中控技术,2025-10-09 09:34:22,54.8,20168,54.8,U
sh688777,中控技术,2025-10-09 09:34:25,54.78,3862,54.8,E
sh688777,中控技术,2025-10-09 09:34:28,54.85,44480,54.78,U
sh688777,中控技术,2025-10-09 09:34:34,54.83,4501,54.86,D
sh688777,中控技术,2025-10-09 09:34:37,54.85,5045,54.83,U
sh688777,中控技术,2025-10-09 09:34:40,54.9,11996,54.85,U
sh688777,中控技术,2025-10-09 09:34:43,54.87,5537,54.9,D
sh688777,中控技术,2025-10-09 09:34:46,54.89,14053,54.87,U
sh688777,中控技术,2025-10-09 09:34:49,54.86,4833,54.89,D
sh688777,中控技术,2025-10-09 09:34:52,54.88,12873,54.86,U
sh688777,中控技术,2025-10-09 09:34:55,54.91,7950,54.88,U
sh688777,中控技术,2025-10-09 09:34:58,54.94,5393,54.91,U
sh688777,中控技术,2025-10-09 09:35:04,54.93,36940,54.92,U
sh688777,中控技术,2025-10-09 09:35:07,55.02,34705,54.93,U
sh688777,中控技术,2025-10-09 09:35:10,55.03,36255,55.02,E
sh688777,中控技术,2025-10-09 09:35:13,55.07,5151,55.03,E
sh688777,中控技术,2025-10-09 09:35:16,55.01,33276,55.07,D
sh688777,中控技术,2025-10-09 09:35:19,54.97,30098,55.01,D
sh688777,中控技术,2025-10-09 09:35:22,54.93,44293,54.97,D
sh688777,中控技术,2025-10-09 09:35:25,55.01,9043,54.93,U
sh688777,中控技术,2025-10-09 09:35:28,54.97,4576,55.01,D
sh688777,中控技术,2025-10-09 09:35:31,54.95,44603,54.97,E
sh688777,中控技术,2025-10-09 09:35:34,54.97,4301,54.95,E
sh688777,中控技术,2025-10-09 09:35:37,54.93,20228,54.97,D
sh688777,中控技术,2025-10-09 09:35:43,54.92,11172,54.97,D
sh688777,中控技术,2025-10-09 09:35:46,54.92,17423,54.92,D
sh688777,中控技术,2025-10-09 09:35:49,54.92,31096,54.92,U
sh688777,中控技术,2025-10-09 09:35:55,54.86,14376,54.86,D
sh688777,中控技术,2025-10-09 09:35:58,54.78,37623,54.86,D
sh688777,中控技术,2025-10-09 09:36:01,54.76,12832,54.78,D
sh688777,中控技术,2025-10-09 09:36:04,54.82,6121,54.76,U
sh688777,中控技术,2025-10-09 09:36:07,54.87,6810,54.82,U
sh688777,中控技术,2025-10-09 09:36:10,54.9,17362,54.87,U
sh688777,中控技术,2025-10-09 09:36:13,54.87,22932,54.9,D
sh688777,中控技术,2025-10-09 09:36:16,54.9,26541,54.87,U
sh688777,中控技术,2025-10-09 09:36:19,54.94,13369,54.9,U
sh688777,中控技术,2025-10-09 09:36:22,54.92,10503,54.94,D
sh688777,中控技术,2025-10-09 09:36:28,54.96,11424,54.92,U
sh688777,中控技术,2025-10-09 09:36:34,54.96,11607,54.96,U
sh688777,中控技术,2025-10-09 09:36:37,54.96,5395,54.96,D
sh688777,中控技术,2025-10-09 09:36:40,54.9,23278,54.96,D
sh688777,中控技术,2025-10-09 09:36:43,54.96,36894,54.9,U
sh688777,中控技术,2025-10-09 09:36:46,54.91,8481,54.96,D
sh688777,中控技术,2025-10-09 09:36:49,54.94,26890,54.91,U
sh688777,中控技术,2025-10-09 09:36:52,54.91,6876,54.94,D
sh688777,中控技术,2025-10-09 09:36:55,54.91,4073,54.91,D
sh688777,中控技术,2025-10-09 09:37:01,54.93,5600,54.94,U
sh688777,中控技术,2025-10-09 09:37:04,54.93,17430,54.93,U
sh688777,中控技术,2025-10-09 09:37:07,55.0,63376,54.93,U
sh688777,中控技术,2025-10-09 09:37:10,54.93,45970,55.0,D
sh688777,中控技术,2025-10-09 09:37:19,54.93,18992,54.93,U
sh688777,中控技术,2025-10-09 09:37:31,54.99,11709,54.98,U
sh688777,中控技术,2025-10-09 09:37:34,54.98,5573,54.99,D
sh688777,中控技术,2025-10-09 09:37:37,54.97,15112,54.98,D
sh688777,中控技术,2025-10-09 09:37:40,54.99,6276,54.97,E
sh688777,中控技术,2025-10-09 09:37:43,54.98,4447,54.99,E
sh688777,中控技术,2025-10-09 09:37:46,54.99,6685,54.98,U
sh688777,中控技术,2025-10-09 09:37:49,54.98,15164,54.99,E
sh688777,中控技术,2025-10-09 09:37:52,54.96,21026,54.98,D
sh688777,中控技术,2025-10-09 09:37:55,54.91,27053,54.96,D
sh688777,中控技术,2025-10-09 09:37:58,54.89,18012,54.91,D
sh688777,中控技术,2025-10-09 09:38:01,54.89,10572,54.89,E
sh688777,中控技术,2025-10-09 09:38:04,54.89,8772,54.89,U
sh688777,中控技术,2025-10-09 09:38:10,54.79,5181,54.86,D
sh688777,中控技术,2025-10-09 09:38:13,54.78,8480,54.79,D
sh688777,中控技术,2025-10-09 09:38:16,54.75,16353,54.78,D
sh688777,中控技术,2025-10-09 09:38:19,54.69,37593,54.75,D
sh688777,中控技术,2025-10-09 09:38:22,54.73,55003,54.69,U
sh688777,中控技术,2025-10-09 09:38:25,54.79,13481,54.73,U
sh688777,中控技术,2025-10-09 09:38:28,54.82,8376,54.79,U
sh688777,中控技术,2025-10-09 09:38:31,54.85,4328,54.82,U
sh688777,中控技术,2025-10-09 09:38:34,54.8,47991,54.85,D
sh688777,中控技术,2025-10-09 09:38:37,54.88,44127,54.8,U
sh688777,中控技术,2025-10-09 09:38:40,54.91,20784,54.88,U
sh688777,中控技术,2025-10-09 09:38:46,54.86,4013,54.86,D
sh688777,中控技术,2025-10-09 09:38:49,54.85,20817,54.86,D
sh688777,中控技术,2025-10-09 09:38:52,54.85,10760,54.85,U
sh688777,中控技术,2025-10-09 09:38:58,54.78,9052,54.8,D
sh688777,中控技术,2025-10-09 09:39:01,54.75,8590,54.78,D
sh688777,中控技术,2025-10-09 09:39:04,54.77,5728,54.75,U
sh688777,中控技术,2025-10-09 09:39:10,54.73,13889,54.75,D
sh688777,中控技术,2025-10-09 09:39:13,54.76,5262,54.73,U
sh688777,中控技术,2025-10-09 09:39:16,54.72,7623,54.76,D
sh688777,中控技术,2025-10-09 09:39:19,54.76,8655,54.72,E
sh688777,中控技术,2025-10-09 09:39:22,54.84,8603,54.76,U
sh688777,中控技术,2025-10-09 09:39:25,54.77,9170,54.84,D
sh688777,中控技术,2025-10-09 09:39:28,54.8,15427,54.77,U
sh688777,中控技术,2025-10-09 09:39:31,54.8,13796,54.8,D
sh688777,中控技术,2025-10-09 09:39:34,54.8,6768,54.8,U
sh688777,中控技术,2025-10-09 09:39:43,54.8,19723,54.8,U
sh688777,中控技术,2025-10-09 09:39:46,54.76,10130,54.8,D
sh688777,中控技术,2025-10-09 09:39:49,54.84,17349,54.76,U
sh688777,中控技术,2025-10-09 09:39:58,54.85,15584,54.81,U
sh688777,中控技术,2025-10-09 09:40:01,54.81,5500,54.85,D
sh688777,中控技术,2025-10-09 09:40:04,54.81,9642,54.81,D
sh688777,中控技术,2025-10-09 09:40:13,54.81,11360,54.81,D
sh688777,中控技术,2025-10-09 09:40:16,54.8,9041,54.81,D
sh688777,中控技术,2025-10-09 09:40:19,54.9,17036,54.8,U
sh688777,中控技术,2025-10-09 09:40:28,54.94,6309,54.9,U
sh688777,中控技术,2025-10-09 09:40:31,55.06,41816,54.94,U
sh688777,中控技术,2025-10-09 09:40:34,55.09,14073,55.06,U
sh688777,中控技术,2025-10-09 09:40:37,55.09,10779,55.09,U
sh688777,中控技术,2025-10-09 09:40:43,55.14,8297,55.13,U
sh688777,中控技术,2025-10-09 09:40:46,55.18,7633,55.14,U
sh688777,中控技术,2025-10-09 09:40:49,55.13,34615,55.18,D
sh688777,中控技术,2025-10-09 09:40:52,55.13,9067,55.13,U
sh688777,中控技术,2025-10-09 09:41:01,55.14,25261,55.14,D
sh688777,中控技术,2025-10-09 09:41:04,55.17,37518,55.14,U
sh688777,中控技术,2025-10-09 09:41:07,55.17,6263,55.17,D
sh688777,中控技术,2025-10-09 09:41:16,55.25,8058,55.22,U
sh688777,中控技术,2025-10-09 09:41:19,55.3,19400,55.25,U
sh688777,中控技术,2025-10-09 09:41:22,55.25,5295,55.3,D
sh688777,中控技术,2025-10-09 09:41:25,55.25,6956,55.25,D
sh688777,中控技术,2025-10-09 09:41:28,55.22,14400,55.25,D
sh688777,中控技术,2025-10-09 09:41:31,55.25,14456,55.22,E
sh688777,中控技术,2025-10-09 09:41:34,55.25,23711,55.25,U
sh688777,中控技术,2025-10-09 09:41:37,55.26,8107,55.25,D
sh688777,中控技术,2025-10-09 09:41:40,55.3,52714,55.26,U
sh688777,中控技术,2025-10-09 09:41:43,55.3,35943,55.3,U
sh688777,中控技术,2025-10-09 09:41:46,55.3,7482,55.3,D
sh688777,中控技术,2025-10-09 09:41:49,55.4,15200,55.3,U
sh688777,中控技术,2025-10-09 09:41:52,55.33,5400,55.4,D
sh688777,中控技术,2025-10-09 09:41:55,55.4,5297,55.33,U
sh688777,中控技术,2025-10-09 09:41:58,55.4,13667,55.4,U
sh688777,中控技术,2025-10-09 09:42:01,55.4,22058,55.4,U
sh688777,中控技术,2025-10-09 09:42:04,55.39,20311,55.4,D
sh688777,中控技术,2025-10-09 09:42:07,55.41,15459,55.39,U
sh688777,中控技术,2025-10-09 09:42:10,55.43,34841,55.41,U
sh688777,中控技术,2025-10-09 09:42:13,55.43,29249,55.43,D
sh688777,中控技术,2025-10-09 09:42:16,55.45,29251,55.43,U
sh688777,中控技术,2025-10-09 09:42:19,55.37,32573,55.45,E
sh688777,中控技术,2025-10-09 09:42:22,55.45,19897,55.37,U
sh688777,中控技术,2025-10-09 09:42:28,55.45,3849,55.4,U
sh688777,中控技术,2025-10-09 09:42:37,55.4,13256,55.39,U
sh688777,中控技术,2025-10-09 09:42:40,55.42,38072,55.4,E
sh688777,中控技术,2025-10-09 09:42:43,55.43,11107,55.42,E
sh688777,中控技术,2025-10-09 09:42:46,55.48,8071,55.43,U
sh688777,中控技术,2025-10-09 09:42:49,55.41,8913,55.48,D
sh688777,中控技术,2025-10-09 09:42:52,55.4,14461,55.41,D
sh688777,中控技术,2025-10-09 09:42:55,55.43,23565,55.4,U
sh688777,中控技术,2025-10-09 09:43:01,55.4,7740,55.41,E
sh688777,中控技术,2025-10-09 09:43:07,55.42,41130,55.4,U
sh688777,中控技术,2025-10-09 09:43:10,55.37,17798,55.42,U
sh688777,中控技术,2025-10-09 09:43:13,55.34,9579,55.37,E
sh688777,中控技术,2025-10-09 09:43:19,55.3,18595,55.37,D
sh688777,中控技术,2025-10-09 09:43:22,55.26,10535,55.3,D
sh688777,中控技术,2025-10-09 09:43:25,55.3,5940,55.26,U
sh688777,中控技术,2025-10-09 09:43:28,55.22,19198,55.3,D
sh688777,中控技术,2025-10-09 09:43:31,55.27,6665,55.22,E
sh688777,中控技术,2025-10-09 09:43:37,55.29,21445,55.28,U
sh688777,中控技术,2025-10-09 09:43:43,55.31,20700,55.29,U
sh688777,中控技术,2025-10-09 09:43:46,55.32,21688,55.31,U
sh688777,中控技术,2025-10-09 09:43:49,55.36,4767,55.32,U
sh688777,中控技术,2025-10-09 09:43:52,55.31,5242,55.36,D
sh688777,中控技术,2025-10-09 09:43:55,55.32,14400,55.31,E
sh688777,中控技术,2025-10-09 09:43:58,55.3,31322,55.32,D
sh688777,中控技术,2025-10-09 09:44:01,55.28,4068,55.3,E
sh688777,中控技术,2025-10-09 09:44:04,55.26,19625,55.28,U
sh688777,中控技术,2025-10-09 09:44:07,55.4,96095,55.26,U
sh688777,中控技术,2025-10-09 09:44:10,55.35,16472,55.4,D
sh688777,中控技术,2025-10-09 09:44:19,55.35,7412,55.41,D
sh688777,中控技术,2025-10-09 09:44:25,55.43,18639,55.35,U
sh688777,中控技术,2025-10-09 09:44:28,55.35,23559,55.43,D
sh688777,中控技术,2025-10-09 09:44:31,55.41,7455,55.35,U
sh688777,中控技术,2025-10-09 09:44:34,55.41,6538,55.41,U
sh688777,中控技术,2025-10-09 09:44:40,55.43,7000,55.43,U
sh688777,中控技术,2025-10-09 09:44:43,55.41,11501,55.43,D
sh688777,中控技术,2025-10-09 09:44:46,55.41,9925,55.41,U
sh688777,中控技术,2025-10-09 09:44:49,55.42,6754,55.41,U
sh688777,中控技术,2025-10-09 09:44:52,55.37,11512,55.42,D
sh688777,中控技术,2025-10-09 09:44:55,55.34,47416,55.37,D
sh688777,中控技术,2025-10-09 09:44:58,55.37,10854,55.34,U
sh688777,中控技术,2025-10-09 09:45:01,55.4,5483,55.37,U
sh688777,中控技术,2025-10-09 09:45:13,55.36,4654,55.39,E
sh688777,中控技术,2025-10-09 09:45:16,55.27,32152,55.36,D
sh688777,中控技术,2025-10-09 09:45:19,55.2,42261,55.27,D
sh688777,中控技术,2025-10-09 09:45:22,55.15,10026,55.2,D
sh688777,中控技术,2025-10-09 09:45:25,55.11,7935,55.15,D
sh688777,中控技术,2025-10-09 09:45:28,55.06,17880,55.11,D
sh688777,中控技术,2025-10-09 09:45:31,55.02,4578,55.06,D
sh688777,中控技术,2025-10-09 09:45:34,54.96,12331,55.02,D
sh688777,中控技术,2025-10-09 09:45:37,54.91,32853,54.96,D
sh688777,中控技术,2025-10-09 09:45:46,54.89,10719,54.85,U
sh688777,中控技术,2025-10-09 09:45:49,54.88,26424,54.89,D
sh688777,中控技术,2025-10-09 09:45:52,54.88,9042,54.88,D
sh688777,中控技术,2025-10-09 09:45:55,54.85,9617,54.88,D
sh688777,中控技术,2025-10-09 09:46:01,54.8,8440,54.85,D
sh688777,中控技术,2025-10-09 09:46:04,54.76,20426,54.8,D
sh688777,中控技术,2025-10-09 09:46:07,54.8,6200,54.76,U
sh688777,中控技术,2025-10-09 09:46:13,54.71,3920,54.73,D
sh688777,中控技术,2025-10-09 09:46:16,54.72,6412,54.71,U
sh688777,中控技术,2025-10-09 09:46:22,54.7,54463,54.7,D
sh688777,中控技术,2025-10-09 09:46:25,54.7,16763,54.7,U
sh688777,中控技术,2025-10-09 09:46:28,54.71,23337,54.7,U
sh688777,中控技术,2025-10-09 09:46:31,54.71,3781,54.71,D
sh688777,中控技术,2025-10-09 09:46:34,54.7,19280,54.71,D
sh688777,中控技术,2025-10-09 09:46:37,54.7,4238,54.7,D
sh688777,中控技术,2025-10-09 09:46:40,54.67,5533,54.7,D
sh688777,中控技术,2025-10-09 09:46:43,54.67,68740,54.67,D
sh688777,中控技术,2025-10-09 09:46:46,54.7,58094,54.67,U
sh688777,中控技术,2025-10-09 09:46:49,54.74,3674,54.7,U
sh688777,中控技术,2025-10-09 09:46:52,54.72,28143,54.74,E
sh688777,中控技术,2025-10-09 09:47:01,54.78,7216,54.78,D
sh688777,中控技术,2025-10-09 09:47:04,54.78,14212,54.78,U
sh688777,中控技术,2025-10-09 09:47:07,54.93,6289,54.78,E
sh688777,中控技术,2025-10-09 09:47:13,54.93,4099,54.99,D
sh688777,中控技术,2025-10-09 09:47:19,55.0,4716,54.99,U
sh688777,中控技术,2025-10-09 09:47:22,54.93,8787,55.0,D
sh688777,中控技术,2025-10-09 09:47:28,54.89,5728,54.93,D
sh688777,中控技术,2025-10-09 09:47:31,54.89,10210,54.89,D
sh688777,中控技术,2025-10-09 09:47:37,54.83,5666,54.89,E
sh688777,中控技术,2025-10-09 09:47:46,54.92,47814,54.88,U
sh688777,中控技术,2025-10-09 09:48:01,54.96,19500,54.89,U
sh688777,中控技术,2025-10-09 09:48:13,54.92,14068,54.96,D
sh688777,中控技术,2025-10-09 09:48:25,54.93,5097,54.93,D
sh688777,中控技术,2025-10-09 09:48:28,54.93,6900,54.93,D
sh688777,中控技术,2025-10-09 09:48:31,54.94,11566,54.93,U
sh688777,中控技术,2025-10-09 09:48:34,54.89,29208,54.94,D
sh688777,中控技术,2025-10-09 09:48:37,54.9,12378,54.89,U
sh688777,中控技术,2025-10-09 09:48:40,54.84,8138,54.9,D
sh688777,中控技术,2025-10-09 09:48:43,54.84,7615,54.84,D
sh688777,中控技术,2025-10-09 09:48:52,54.88,7214,54.98,D
sh688777,中控技术,2025-10-09 09:48:55,54.88,5607,54.88,D
sh688777,中控技术,2025-10-09 09:49:01,54.88,4500,54.88,D
sh688777,中控技术,2025-10-09 09:49:04,54.96,29494,54.88,U
sh688777,中控技术,2025-10-09 09:49:13,54.95,10452,54.95,D
sh688777,中控技术,2025-10-09 09:49:25,54.95,11000,54.88,U
sh688777,中控技术,2025-10-09 09:49:28,54.95,3700,54.95,D
sh688777,中控技术,2025-10-09 09:49:37,54.95,17645,54.97,D
sh688777,中控技术,2025-10-09 09:49:49,54.94,11790,54.97,D
sh688777,中控技术,2025-10-09 09:50:01,54.95,12337,54.91,U
sh688777,中控技术,2025-10-09 09:50:16,54.91,5091,54.91,D
sh688777,中控技术,2025-10-09 09:50:19,54.91,16401,54.91,U
sh688777,中控技术,2025-10-09 09:50:31,55.01,8197,55.0,U
sh688777,中控技术,2025-10-09 09:50:40,55.01,11800,54.96,U
sh688777,中控技术,2025-10-09 09:50:52,55.04,9458,55.0,U
sh688777,中控技术,2025-10-09 09:51:10,54.98,5327,55.0,D
sh688777,中控技术,2025-10-09 09:51:13,54.96,27509,54.98,D
sh688777,中控技术,2025-10-09 09:51:31,54.9,50824,54.93,D
sh688777,中控技术,2025-10-09 09:51:37,54.92,3757,54.9,U
sh688777,中控技术,2025-10-09 09:51:40,54.9,41755,54.92,U
sh688777,中控技术,2025-10-09 09:51:43,54.91,12925,54.9,E
sh688777,中控技术,2025-10-09 09:51:46,54.91,4401,54.91,D
sh688777,中控技术,2025-10-09 09:51:49,54.91,16668,54.91,D
sh688777,中控技术,2025-10-09 09:51:52,54.92,4485,54.91,U
sh688777,中控技术,2025-10-09 09:51:58,54.92,14766,54.91,E
sh688777,中控技术,2025-10-09 09:52:04,54.9,5500,54.93,D
sh688777,中控技术,2025-10-09 09:52:13,54.91,7655,54.93,D
sh688777,中控技术,2025-10-09 09:52:22,54.94,3671,54.9,U
sh688777,中控技术,2025-10-09 09:52:31,54.9,6425,54.9,D
sh688777,中控技术,2025-10-09 09:52:43,54.88,13123,54.89,E
sh688777,中控技术,2025-10-09 09:52:55,54.86,13341,54.9,D
sh688777,中控技术,2025-10-09 09:53:01,54.91,5605,54.89,U
sh688777,中控技术,2025-10-09 09:53:07,54.97,3700,54.9,U
sh688777,中控技术,2025-10-09 09:53:10,55.06,7935,54.97,U
sh688777,中控技术,2025-10-09 09:53:13,55.09,8018,55.06,U
sh688777,中控技术,2025-10-09 09:53:16,55.1,4132,55.09,U
sh688777,中控技术,2025-10-09 09:53:19,55.14,8965,55.1,U
sh688777,中控技术,2025-10-09 09:53:37,55.15,7657,55.15,U
sh688777,中控技术,2025-10-09 09:53:40,55.22,6297,55.15,U
sh688777,中控技术,2025-10-09 09:53:43,55.25,8490,55.22,U
sh688777,中控技术,2025-10-09 09:53:46,55.27,7492,55.25,U
sh688777,中控技术,2025-10-09 09:53:52,55.28,6119,55.27,U
sh688777,中控技术,2025-10-09 09:53:55,55.28,15000,55.28,E
sh688777,中控技术,2025-10-09 09:53:58,55.3,8472,55.28,U
sh688777,中控技术,2025-10-09 09:54:04,55.32,63057,55.25,U
sh688777,中控技术,2025-10-09 09:54:07,55.4,31265,55.32,U
sh688777,中控技术,2025-10-09 09:54:10,55.4,11385,55.4,U
sh688777,中控技术,2025-10-09 09:54:13,55.4,11355,55.4,D
sh688777,中控技术,2025-10-09 09:54:16,55.4,6846,55.4,U
sh688777,中控技术,2025-10-09 09:54:19,55.5,33627,55.4,U
sh688777,中控技术,2025-10-09 09:54:22,55.52,26709,55.5,U
sh688777,中控技术,2025-10-09 09:54:25,55.48,75707,55.52,D
sh688777,中控技术,2025-10-09 09:54:28,55.44,14902,55.48,D
sh688777,中控技术,2025-10-09 09:54:31,55.32,73607,55.44,D
sh688777,中控技术,2025-10-09 09:54:37,55.41,11476,55.32,U
sh688777,中控技术,2025-10-09 09:54:49,55.37,7488,55.38,D
sh688777,中控技术,2025-10-09 09:54:52,55.34,24070,55.37,D
sh688777,中控技术,2025-10-09 09:54:55,55.34,14055,55.34,E
sh688777,中控技术,2025-10-09 09:54:58,55.34,24938,55.34,U
sh688777,中控技术,2025-10-09 09:55:07,55.33,8165,55.34,U
sh688777,中控技术,2025-10-09 09:55:10,55.35,6248,55.33,U
sh688777,中控技术,2025-10-09 09:55:16,55.41,18252,55.25,U
sh688777,中控技术,2025-10-09 09:55:25,55.33,5081,55.33,D
sh688777,中控技术,2025-10-09 09:55:31,55.35,10127,55.35,U
sh688777,中控技术,2025-10-09 09:55:40,55.35,10000,55.3,U
sh688777,中控技术,2025-10-09 09:55:43,55.34,4700,55.35,E
sh688777,中控技术,2025-10-09 09:55:46,55.32,6029,55.34,E
sh688777,中控技术,2025-10-09 09:55:49,55.25,11300,55.32,D
sh688777,中控技术,2025-10-09 09:55:52,55.22,9953,55.25,D
sh688777,中控技术,2025-10-09 09:55:58,55.2,4581,55.2,U
sh688777,中控技术,2025-10-09 09:56:01,55.14,8293,55.2,D
sh688777,中控技术,2025-10-09 09:56:10,55.13,3697,55.11,U
sh688777,中控技术,2025-10-09 09:56:19,55.13,5525,55.11,U
sh688777,中控技术,2025-10-09 09:56:31,55.1,4663,55.1,D
sh688777,中控技术,2025-10-09 09:56:46,55.08,5025,55.1,D
sh688777,中控技术,2025-10-09 09:57:01,55.08,8375,55.1,D
sh688777,中控技术,2025-10-09 09:57:07,55.09,11774,55.08,U
sh688777,中控技术,2025-10-09 09:57:22,55.06,13571,55.04,U
sh688777,中控技术,2025-10-09 09:57:31,55.0,9540,55.06,D
sh688777,中控技术,2025-10-09 09:57:34,55.06,7299,55.0,U
sh688777,中控技术,2025-10-09 09:57:37,55.06,4532,55.06,D
sh688777,中控技术,2025-10-09 09:57:40,55.0,18238,55.06,D
sh688777,中控技术,2025-10-09 09:57:49,55.06,10223,55.06,U
sh688777,中控技术,2025-10-09 09:57:58,55.1,26138,55.06,U
sh688777,中控技术,2025-10-09 09:58:04,55.09,35385,55.09,D
sh688777,中控技术,2025-10-09 09:58:13,55.07,4389,55.06,U
sh688777,中控技术,2025-10-09 09:58:16,55.07,8030,55.07,D
sh688777,中控技术,2025-10-09 09:58:25,55.09,15480,55.06,U
sh688777,中控技术,2025-10-09 09:58:37,55.03,10608,55.08,D
sh688777,中控技术,2025-10-09 09:58:49,55.08,5132,55.06,U
sh688777,中控技术,2025-10-09 09:58:52,55.08,34787,55.08,D
sh688777,中控技术,2025-10-09 09:58:55,55.1,12856,55.08,U
sh688777,中控技术,2025-10-09 09:58:58,55.09,5787,55.1,D
sh688777,中控技术,2025-10-09 09:59:01,55.1,9123,55.09,U
sh688777,中控技术,2025-10-09 09:59:25,55.18,7260,55.13,U
sh688777,中控技术,2025-10-09 09:59:40,55.19,11426,55.19,U
sh688777,中控技术,2025-10-09 09:59:46,55.18,5168,55.19,D
sh688777,中控技术,2025-10-09 09:59:49,55.25,4091,55.18,U
sh688777,中控技术,2025-10-09 09:59:52,55.28,10889,55.25,U
sh688777,中控技术,2025-10-09 09:59:58,55.21,3890,55.21,D
sh688777,中控技术,2025-10-09 10:00:04,55.21,10902,55.2,U
sh688777,中控技术,2025-10-09 10:00:07,55.21,7390,55.21,D
sh688777,中控技术,2025-10-09 10:00:16,55.2,10269,55.22,D
sh688777,中控技术,2025-10-09 10:00:19,55.16,14800,55.2,D
sh688777,中控技术,2025-10-09 10:00:25,55.19,8500,55.16,U
sh688777,中控技术,2025-10-09 10:00:34,55.16,5553,55.19,D
sh688777,中控技术,2025-10-09 10:00:37,55.15,6200,55.16,D
sh688777,中控技术,2025-10-09 10:00:40,55.15,6174,55.15,D
sh688777,中控技术,2025-10-09 10:00:46,55.13,12683,55.13,D
sh688777,中控技术,2025-10-09 10:00:52,55.09,13031,55.11,D
sh688777,中控技术,2025-10-09 10:00:55,55.06,154730,55.09,D
sh688777,中控技术,2025-10-09 10:01:01,55.02,14514,55.05,D
sh688777,中控技术,2025-10-09 10:01:07,55.0,9853,55.04,D
sh688777,中控技术,2025-10-09 10:01:10,55.0,24305,55.0,D
sh688777,中控技术,2025-10-09 10:01:13,54.96,4340,55.0,D
sh688777,中控技术,2025-10-09 10:01:19,54.95,9253,54.94,U
sh688777,中控技术,2025-10-09 10:01:22,54.9,7700,54.95,D
sh688777,中控技术,2025-10-09 10:01:25,54.96,14717,54.9,U
sh688777,中控技术,2025-10-09 10:01:34,54.95,30270,54.99,D
sh688777,中控技术,2025-10-09 10:01:49,54.99,4579,54.97,E
sh688777,中控技术,2025-10-09 10:02:16,54.99,5300,55.03,D
sh688777,中控技术,2025-10-09 10:02:37,55.03,4461,55.03,U
sh688777,中控技术,2025-10-09 10:02:43,55.03,4810,55.02,D
sh688777,中控技术,2025-10-09 10:02:46,55.04,6400,55.03,E
sh688777,中控技术,2025-10-09 10:03:04,55.04,10344,55.06,D
sh688777,中控技术,2025-10-09 10:03:07,55.06,5503,55.04,U
sh688777,中控技术,2025-10-09 10:03:22,55.03,37675,55.06,D
sh688777,中控技术,2025-10-09 10:03:25,55.02,4135,55.03,D
sh688777,中控技术,2025-10-09 10:03:28,55.01,7396,55.02,D
sh688777,中控技术,2025-10-09 10:03:31,55.01,3911,55.01,D
sh688777,中控技术,2025-10-09 10:03:49,54.96,22962,54.96,U
sh688777,中控技术,2025-10-09 10:03:52,55.0,7103,54.96,E
sh688777,中控技术,2025-10-09 10:03:58,54.95,10000,54.98,D
sh688777,中控技术,2025-10-09 10:04:04,54.91,6646,54.99,D
sh688777,中控技术,2025-10-09 10:04:10,54.89,29780,54.92,D
sh688777,中控技术,2025-10-09 10:04:13,54.91,6894,54.89,D
sh688777,中控技术,2025-10-09 10:04:16,54.96,12400,54.91,U
sh688777,中控技术,2025-10-09 10:04:22,54.96,4580,54.96,D
sh688777,中控技术,2025-10-09 10:04:25,55.0,4050,54.96,E
sh688777,中控技术,2025-10-09 10:04:31,55.03,17025,55.04,E
sh688777,中控技术,2025-10-09 10:05:04,54.97,10200,55.06,D
sh688777,中控技术,2025-10-09 10:05:19,55.03,4862,55.0,U
sh688777,中控技术,2025-10-09 10:05:43,55.13,15000,55.04,U
sh688777,中控技术,2025-10-09 10:05:49,55.13,10000,55.06,U
sh688777,中控技术,2025-10-09 10:05:58,55.13,7015,55.13,U
sh688777,中控技术,2025-10-09 10:06:01,55.13,4745,55.13,U
sh688777,中控技术,2025-10-09 10:06:13,55.13,5141,55.1,U
sh688777,中控技术,2025-10-09 10:06:25,55.19,10300,55.13,U
sh688777,中控技术,2025-10-09 10:06:40,55.18,8299,55.18,D
sh688777,中控技术,2025-10-09 10:06:55,55.22,18543,55.18,U
sh688777,中控技术,2025-10-09 10:06:58,55.3,9943,55.22,U
sh688777,中控技术,2025-10-09 10:07:10,55.24,8381,55.29,D
sh688777,中控技术,2025-10-09 10:07:19,55.23,5046,55.27,D
sh688777,中控技术,2025-10-09 10:07:22,55.22,3873,55.23,D
sh688777,中控技术,2025-10-09 10:07:31,55.24,7109,55.21,U
sh688777,中控技术,2025-10-09 10:07:34,55.26,22646,55.24,U
sh688777,中控技术,2025-10-09 10:07:37,55.31,4964,55.26,E
sh688777,中控技术,2025-10-09 10:07:46,55.31,7485,55.25,U
sh688777,中控技术,2025-10-09 10:07:49,55.33,11848,55.31,U
sh688777,中控技术,2025-10-09 10:07:52,55.35,30244,55.33,U
sh688777,中控技术,2025-10-09 10:07:55,55.37,6224,55.35,E
sh688777,中控技术,2025-10-09 10:07:58,55.37,4462,55.37,D
sh688777,中控技术,2025-10-09 10:08:04,55.37,5790,55.4,U
sh688777,中控技术,2025-10-09 10:08:13,55.37,11019,55.39,D
sh688777,中控技术,2025-10-09 10:08:16,55.37,5146,55.37,U
sh688777,中控技术,2025-10-09 10:08:25,55.35,14797,55.38,D
sh688777,中控技术,2025-10-09 10:08:34,55.32,5602,55.33,U
sh688777,中控技术,2025-10-09 10:08:37,55.34,6370,55.32,E
sh688777,中控技术,2025-10-09 10:08:49,55.32,4701,55.34,E
sh688777,中控技术,2025-10-09 10:08:55,55.3,11118,55.3,U
sh688777,中控技术,2025-10-09 10:09:07,55.24,4392,55.24,U
sh688777,中控技术,2025-10-09 10:09:10,55.22,4613,55.24,D
sh688777,中控技术,2025-10-09 10:09:13,55.22,7962,55.22,U
sh688777,中控技术,2025-10-09 10:09:19,55.22,17890,55.22,D
sh688777,中控技术,2025-10-09 10:09:22,55.24,4315,55.22,U
sh688777,中控技术,2025-10-09 10:09:25,55.24,18814,55.24,D
sh688777,中控技术,2025-10-09 10:09:40,55.23,8200,55.2,U
sh688777,中控技术,2025-10-09 10:09:46,55.23,8833,55.2,U
sh688777,中控技术,2025-10-09 10:09:49,55.2,5000,55.23,D
sh688777,中控技术,2025-10-09 10:09:52,55.2,5668,55.2,D
sh688777,中控技术,2025-10-09 10:09:55,55.23,5200,55.2,U
sh688777,中控技术,2025-10-09 10:09:58,55.23,4600,55.23,D
sh688777,中控技术,2025-10-09 10:10:07,55.26,6230,55.24,U
sh688777,中控技术,2025-10-09 10:10:10,55.26,4062,55.26,D
sh688777,中控技术,2025-10-09 10:10:25,55.31,5524,55.3,U
sh688777,中控技术,2025-10-09 10:10:28,55.31,5200,55.31,U
sh688777,中控技术,2025-10-09 10:10:43,55.28,34891,55.31,D
sh688777,中控技术,2025-10-09 10:11:01,55.3,15907,55.26,U
sh688777,中控技术,2025-10-09 10:11:04,55.32,3845,55.3,U
sh688777,中控技术,2025-10-09 10:11:07,55.32,7790,55.32,U
sh688777,中控技术,2025-10-09 10:11:10,55.34,16362,55.32,U
sh688777,中控技术,2025-10-09 10:11:13,55.35,5119,55.34,U
sh688777,中控技术,2025-10-09 10:11:19,55.37,10319,55.34,U
sh688777,中控技术,2025-10-09 10:11:25,55.54,186380,55.38,U
sh688777,中控技术,2025-10-09 10:11:28,55.54,20470,55.54,U
sh688777,中控技术,2025-10-09 10:11:31,55.54,4208,55.54,U
sh688777,中控技术,2025-10-09 10:11:34,55.61,75564,55.54,U
sh688777,中控技术,2025-10-09 10:11:37,55.65,18022,55.61,U
sh688777,中控技术,2025-10-09 10:11:40,55.63,22617,55.65,D
sh688777,中控技术,2025-10-09 10:11:43,55.64,16298,55.63,U
sh688777,中控技术,2025-10-09 10:11:46,55.63,16417,55.64,E
sh688777,中控技术,2025-10-09 10:11:49,55.65,4293,55.63,U
sh688777,中控技术,2025-10-09 10:11:52,55.65,11915,55.65,U
sh688777,中控技术,2025-10-09 10:11:55,55.71,13091,55.65,U
sh688777,中控技术,2025-10-09 10:11:58,55.72,4615,55.71,E
sh688777,中控技术,2025-10-09 10:12:01,55.74,6864,55.72,U
sh688777,中控技术,2025-10-09 10:12:04,55.74,19625,55.74,U
sh688777,中控技术,2025-10-09 10:12:07,55.73,17240,55.74,D
sh688777,中控技术,2025-10-09 10:12:10,55.75,32130,55.73,U
sh688777,中控技术,2025-10-09 10:12:13,55.74,4605,55.75,D
sh688777,中控技术,2025-10-09 10:12:16,55.78,28726,55.74,U
sh688777,中控技术,2025-10-09 10:12:19,55.77,8563,55.78,E
sh688777,中控技术,2025-10-09 10:12:22,55.73,18979,55.77,D
sh688777,中控技术,2025-10-09 10:12:25,55.7,9613,55.73,D
sh688777,中控技术,2025-10-09 10:12:28,55.73,9261,55.7,U
sh688777,中控技术,2025-10-09 10:12:34,55.7,12710,55.7,U
sh688777,中控技术,2025-10-09 10:12:37,55.69,17530,55.7,D
sh688777,中控技术,2025-10-09 10:12:40,55.68,4116,55.69,D
sh688777,中控技术,2025-10-09 10:12:43,55.63,16132,55.68,D
sh688777,中控技术,2025-10-09 10:12:46,55.61,4217,55.63,D
sh688777,中控技术,2025-10-09 10:12:55,55.62,9395,55.61,U
sh688777,中控技术,2025-10-09 10:12:58,55.61,5943,55.62,D
sh688777,中控技术,2025-10-09 10:13:01,55.57,69153,55.61,D
sh688777,中控技术,2025-10-09 10:13:04,55.61,19798,55.57,U
sh688777,中控技术,2025-10-09 10:13:07,55.6,16083,55.61,E
sh688777,中控技术,2025-10-09 10:13:10,55.67,34699,55.6,U
sh688777,中控技术,2025-10-09 10:13:19,55.63,3638,55.63,U
sh688777,中控技术,2025-10-09 10:13:25,55.67,6586,55.67,U
sh688777,中控技术,2025-10-09 10:13:28,55.7,13258,55.67,U
sh688777,中控技术,2025-10-09 10:13:31,55.71,31687,55.7,U
sh688777,中控技术,2025-10-09 10:13:34,55.75,4968,55.71,E
sh688777,中控技术,2025-10-09 10:13:43,55.71,43216,55.75,D
sh688777,中控技术,2025-10-09 10:13:46,55.7,4242,55.71,D
sh688777,中控技术,2025-10-09 10:13:49,55.69,15494,55.7,E
sh688777,中控技术,2025-10-09 10:13:55,55.71,8203,55.7,E
sh688777,中控技术,2025-10-09 10:13:58,55.73,11215,55.71,E
sh688777,中控技术,2025-10-09 10:14:01,55.74,3704,55.73,E
sh688777,中控技术,2025-10-09 10:14:04,55.75,35785,55.74,U
sh688777,中控技术,2025-10-09 10:14:07,55.79,5125,55.75,U
sh688777,中控技术,2025-10-09 10:14:10,55.79,5216,55.79,U
sh688777,中控技术,2025-10-09 10:14:13,55.79,4383,55.79,U
sh688777,中控技术,2025-10-09 10:14:16,55.79,13874,55.79,D
sh688777,中控技术,2025-10-09 10:14:19,55.8,9020,55.79,U
sh688777,中控技术,2025-10-09 10:14:22,55.79,7080,55.8,D
sh688777,中控技术,2025-10-09 10:14:25,55.8,31243,55.79,U
sh688777,中控技术,2025-10-09 10:14:28,55.82,12337,55.8,U
sh688777,中控技术,2025-10-09 10:14:31,55.81,7321,55.82,D
sh688777,中控技术,2025-10-09 10:14:37,55.83,5418,55.83,D
sh688777,中控技术,2025-10-09 10:14:43,55.84,4882,55.82,U
sh688777,中控技术,2025-10-09 10:14:46,55.84,4404,55.84,D
sh688777,中控技术,2025-10-09 10:14:49,55.84,15832,55.84,D
sh688777,中控技术,2025-10-09 10:14:52,55.84,17129,55.84,U
sh688777,中控技术,2025-10-09 10:14:55,55.85,10981,55.84,U
sh688777,中控技术,2025-10-09 10:14:58,55.85,29754,55.85,U
sh688777,中控技术,2025-10-09 10:15:01,55.83,18501,55.85,D
sh688777,中控技术,2025-10-09 10:15:04,55.83,7389,55.83,U
sh688777,中控技术,2025-10-09 10:15:07,55.82,37862,55.83,D
sh688777,中控技术,2025-10-09 10:15:10,55.76,8889,55.82,D
sh688777,中控技术,2025-10-09 10:15:13,55.79,7123,55.76,U
sh688777,中控技术,2025-10-09 10:15:16,55.66,34412,55.79,D
sh688777,中控技术,2025-10-09 10:15:19,55.67,3900,55.66,U
sh688777,中控技术,2025-10-09 10:15:22,55.65,3759,55.67,E
sh688777,中控技术,2025-10-09 10:15:25,55.64,4696,55.65,D
sh688777,中控技术,2025-10-09 10:15:34,55.66,5001,55.64,U
sh688777,中控技术,2025-10-09 10:15:37,55.61,11751,55.66,D
sh688777,中控技术,2025-10-09 10:15:40,55.6,9936,55.61,D
sh688777,中控技术,2025-10-09 10:15:49,55.6,3700,55.59,U
sh688777,中控技术,2025-10-09 10:15:55,55.62,5331,55.6,U
sh688777,中控技术,2025-10-09 10:15:58,55.58,7000,55.62,D
sh688777,中控技术,2025-10-09 10:16:19,55.65,6202,55.66,U
sh688777,中控技术,2025-10-09 10:16:22,55.65,4900,55.65,D
sh688777,中控技术,2025-10-09 10:16:28,55.65,5000,55.66,D
sh688777,中控技术,2025-10-09 10:16:31,55.64,12277,55.65,D
sh688777,中控技术,2025-10-09 10:16:34,55.61,6684,55.64,D
sh688777,中控技术,2025-10-09 10:16:43,55.6,26725,55.62,D
sh688777,中控技术,2025-10-09 10:16:46,55.58,3879,55.6,D
sh688777,中控技术,2025-10-09 10:16:49,55.6,5469,55.58,U
sh688777,中控技术,2025-10-09 10:16:55,55.6,38709,55.6,D
sh688777,中控技术,2025-10-09 10:17:01,55.62,5216,55.63,D
sh688777,中控技术,2025-10-09 10:17:04,55.69,10300,55.62,E
sh688777,中控技术,2025-10-09 10:17:10,55.7,10671,55.7,U
sh688777,中控技术,2025-10-09 10:17:13,55.7,6897,55.7,U
sh688777,中控技术,2025-10-09 10:17:16,55.7,9851,55.7,D
sh688777,中控技术,2025-10-09 10:17:22,55.68,26376,55.7,E
sh688777,中控技术,2025-10-09 10:17:28,55.74,23039,55.67,U
sh688777,中控技术,2025-10-09 10:17:31,55.74,3966,55.74,D
sh688777,中控技术,2025-10-09 10:17:40,55.74,5664,55.76,D
sh688777,中控技术,2025-10-09 10:17:43,55.74,5905,55.74,U
sh688777,中控技术,2025-10-09 10:17:49,55.73,4200,55.77,D
sh688777,中控技术,2025-10-09 10:17:55,55.77,5100,55.7,U
sh688777,中控技术,2025-10-09 10:18:01,55.76,8198,55.72,U
sh688777,中控技术,2025-10-09 10:18:07,55.76,3905,55.74,U
sh688777,中控技术,2025-10-09 10:18:10,55.67,8260,55.76,D
sh688777,中控技术,2025-10-09 10:18:16,55.63,19184,55.64,D
sh688777,中控技术,2025-10-09 10:18:22,55.54,23027,55.63,D
sh688777,中控技术,2025-10-09 10:18:31,55.5,15456,55.5,D
sh688777,中控技术,2025-10-09 10:18:40,55.52,9123,55.5,U
sh688777,中控技术,2025-10-09 10:18:43,55.5,7186,55.52,D
sh688777,中控技术,2025-10-09 10:18:55,55.58,3984,55.53,U
sh688777,中控技术,2025-10-09 10:19:13,55.55,5278,55.58,D
sh688777,中控技术,2025-10-09 10:19:25,55.56,5503,55.55,U
sh688777,中控技术,2025-10-09 10:19:28,55.55,9000,55.56,D
sh688777,中控技术,2025-10-09 10:19:31,55.55,9735,55.55,D
sh688777,中控技术,2025-10-09 10:19:37,55.55,6448,55.54,U
sh688777,中控技术,2025-10-09 10:19:43,55.54,13091,55.53,U
sh688777,中控技术,2025-10-09 10:19:46,55.55,11486,55.54,U
sh688777,中控技术,2025-10-09 10:19:55,55.54,11600,55.56,D
sh688777,中控技术,2025-10-09 10:20:01,55.54,4810,55.54,U
sh688777,中控技术,2025-10-09 10:20:04,55.51,6483,55.54,D
sh688777,中控技术,2025-10-09 10:20:10,55.54,4045,55.56,D
sh688777,中控技术,2025-10-09 10:20:31,55.56,6753,55.56,U
sh688777,中控技术,2025-10-09 10:20:37,55.56,5565,55.54,U
sh688777,中控技术,2025-10-09 10:20:49,55.56,6118,55.56,U
sh688777,中控技术,2025-10-09 10:21:22,55.51,4923,55.53,D
sh688777,中控技术,2025-10-09 10:21:25,55.5,11141,55.51,D
sh688777,中控技术,2025-10-09 10:21:28,55.5,4100,55.5,U
sh688777,中控技术,2025-10-09 10:21:34,55.49,7600,55.5,D
sh688777,中控技术,2025-10-09 10:21:40,55.49,4834,55.49,U
sh688777,中控技术,2025-10-09 10:21:43,55.49,6922,55.49,U
sh688777,中控技术,2025-10-09 10:21:46,55.46,15403,55.49,D
sh688777,中控技术,2025-10-09 10:21:58,55.4,10145,55.42,D
sh688777,中控技术,2025-10-09 10:22:01,55.45,4903,55.4,U
sh688777,中控技术,2025-10-09 10:22:04,55.4,9084,55.45,D
sh688777,中控技术,2025-10-09 10:22:10,55.45,17701,55.42,U
sh688777,中控技术,2025-10-09 10:22:22,55.58,22707,55.49,U
sh688777,中控技术,2025-10-09 10:22:25,55.63,11642,55.58,U
sh688777,中控技术,2025-10-09 10:22:31,55.73,57271,55.63,U
sh688777,中控技术,2025-10-09 10:22:46,55.72,5441,55.69,U
sh688777,中控技术,2025-10-09 10:23:01,55.68,4377,55.65,U
sh688777,中控技术,2025-10-09 10:23:25,55.68,7309,55.64,U
sh688777,中控技术,2025-10-09 10:23:34,55.66,4675,55.67,E
sh688777,中控技术,2025-10-09 10:23:40,55.67,5487,55.68,E
sh688777,中控技术,2025-10-09 10:23:43,55.69,16718,55.67,U
sh688777,中控技术,2025-10-09 10:23:46,55.69,5400,55.69,D
sh688777,中控技术,2025-10-09 10:24:16,55.73,5044,55.73,U
sh688777,中控技术,2025-10-09 10:24:19,55.73,9923,55.73,D
sh688777,中控技术,2025-10-09 10:24:22,55.73,5964,55.73,U
sh688777,中控技术,2025-10-09 10:24:28,55.7,5167,55.69,U
sh688777,中控技术,2025-10-09 10:24:31,55.7,4206,55.7,U
sh688777,中控技术,2025-10-09 10:24:49,55.73,3816,55.71,U
sh688777,中控技术,2025-10-09 10:25:13,55.75,5691,55.75,U
sh688777,中控技术,2025-10-09 10:25:16,55.77,6900,55.75,U
sh688777,中控技术,2025-10-09 10:25:22,55.75,3863,55.75,D
sh688777,中控技术,2025-10-09 10:25:25,55.75,5600,55.75,D
sh688777,中控技术,2025-10-09 10:25:31,55.78,5653,55.78,U
sh688777,中控技术,2025-10-09 10:25:37,55.79,11762,55.79,U
sh688777,中控技术,2025-10-09 10:25:43,55.78,6842,55.79,D
sh688777,中控技术,2025-10-09 10:25:46,55.79,16254,55.78,U
sh688777,中控技术,2025-10-09 10:25:49,55.79,12351,55.79,U
sh688777,中控技术,2025-10-09 10:25:52,55.8,4352,55.79,U
sh688777,中控技术,2025-10-09 10:25:55,55.85,60805,55.8,U
sh688777,中控技术,2025-10-09 10:26:04,55.87,5200,55.86,U
sh688777,中控技术,2025-10-09 10:26:07,55.86,9912,55.87,E
sh688777,中控技术,2025-10-09 10:26:10,55.87,101088,55.86,U
sh688777,中控技术,2025-10-09 10:26:13,55.83,4438,55.87,D
sh688777,中控技术,2025-10-09 10:26:19,55.85,21899,55.85,U
sh688777,中控技术,2025-10-09 10:26:31,55.87,9948,55.87,D
sh688777,中控技术,2025-10-09 10:26:34,55.88,7923,55.87,U
sh688777,中控技术,2025-10-09 10:26:37,55.88,7200,55.88,U
sh688777,中控技术,2025-10-09 10:26:43,55.88,11472,55.87,U
sh688777,中控技术,2025-10-09 10:26:46,55.87,6090,55.88,E
sh688777,中控技术,2025-10-09 10:26:52,55.85,9850,55.88,D
sh688777,中控技术,2025-10-09 10:26:55,55.8,4138,55.85,D
sh688777,中控技术,2025-10-09 10:26:58,55.88,7000,55.8,U
sh688777,中控技术,2025-10-09 10:27:13,55.8,3739,55.8,U
sh688777,中控技术,2025-10-09 10:27:22,55.8,5274,55.83,D
sh688777,中控技术,2025-10-09 10:27:25,55.85,4279,55.8,U
sh688777,中控技术,2025-10-09 10:27:31,55.84,22022,55.85,E
sh688777,中控技术,2025-10-09 10:27:34,55.85,27578,55.84,D
sh688777,中控技术,2025-10-09 10:27:37,55.88,9550,55.85,U
sh688777,中控技术,2025-10-09 10:28:01,55.89,3747,55.89,D
sh688777,中控技术,2025-10-09 10:28:04,55.9,6105,55.89,U
sh688777,中控技术,2025-10-09 10:28:16,55.9,5164,55.91,D
sh688777,中控技术,2025-10-09 10:28:25,55.92,9928,55.91,U
sh688777,中控技术,2025-10-09 10:28:31,55.92,17846,55.91,U
sh688777,中控技术,2025-10-09 10:28:34,55.92,13754,55.92,U
sh688777,中控技术,2025-10-09 10:28:40,55.98,51100,55.92,U
sh688777,中控技术,2025-10-09 10:28:49,55.98,4130,55.97,U
sh688777,中控技术,2025-10-09 10:28:55,55.97,7049,55.97,D
sh688777,中控技术,2025-10-09 10:29:07,55.88,46093,55.95,D
sh688777,中控技术,2025-10-09 10:29:10,55.88,21448,55.88,D
sh688777,中控技术,2025-10-09 10:29:13,55.8,18934,55.88,D
sh688777,中控技术,2025-10-09 10:29:16,55.88,9412,55.8,U
sh688777,中控技术,2025-10-09 10:29:19,55.89,4273,55.88,U
sh688777,中控技术,2025-10-09 10:29:25,55.89,7097,55.91,D
sh688777,中控技术,2025-10-09 10:29:28,55.97,12647,55.89,U
sh688777,中控技术,2025-10-09 10:29:31,55.97,5553,55.97,U
sh688777,中控技术,2025-10-09 10:29:34,55.98,13660,55.97,U
sh688777,中控技术,2025-10-09 10:29:43,55.97,3604,55.98,D
sh688777,中控技术,2025-10-09 10:29:46,55.98,4692,55.97,U
sh688777,中控技术,2025-10-09 10:29:49,55.95,4016,55.98,E
sh688777,中控技术,2025-10-09 10:29:52,55.95,5716,55.95,U
sh688777,中控技术,2025-10-09 10:29:55,55.95,4578,55.95,U
sh688777,中控技术,2025-10-09 10:29:58,56.03,205133,55.95,U
sh688777,中控技术,2025-10-09 10:30:01,56.08,20449,56.03,U
sh688777,中控技术,2025-10-09 10:30:07,56.12,4827,56.08,U
sh688777,中控技术,2025-10-09 10:30:10,56.14,7211,56.12,U
sh688777,中控技术,2025-10-09 10:30:13,56.14,8881,56.14,U
sh688777,中控技术,2025-10-09 10:30:16,56.16,6496,56.14,U
sh688777,中控技术,2025-10-09 10:30:19,56.12,7411,56.16,E
sh688777,中控技术,2025-10-09 10:30:22,56.15,9626,56.12,U
sh688777,中控技术,2025-10-09 10:30:25,56.15,5336,56.15,U
sh688777,中控技术,2025-10-09 10:30:28,56.15,26814,56.15,U
sh688777,中控技术,2025-10-09 10:30:31,56.15,13798,56.15,U
sh688777,中控技术,2025-10-09 10:30:34,56.12,15188,56.15,D
sh688777,中控技术,2025-10-09 10:30:37,56.15,8287,56.12,E
sh688777,中控技术,2025-10-09 10:30:40,56.09,6208,56.15,D
sh688777,中控技术,2025-10-09 10:30:43,56.2,72403,56.09,U
sh688777,中控技术,2025-10-09 10:30:46,56.2,5276,56.2,D
sh688777,中控技术,2025-10-09 10:30:49,56.22,5396,56.2,U
sh688777,中控技术,2025-10-09 10:30:52,56.25,4000,56.22,U
sh688777,中控技术,2025-10-09 10:30:55,56.26,7002,56.25,U
sh688777,中控技术,2025-10-09 10:30:58,56.28,11784,56.26,U
sh688777,中控技术,2025-10-09 10:31:01,56.3,27296,56.28,U
sh688777,中控技术,2025-10-09 10:31:04,56.31,42961,56.3,U
sh688777,中控技术,2025-10-09 10:31:07,56.36,11750,56.31,U
sh688777,中控技术,2025-10-09 10:31:10,56.3,19491,56.36,D
sh688777,中控技术,2025-10-09 10:31:13,56.28,15840,56.3,D
sh688777,中控技术,2025-10-09 10:31:16,56.29,11181,56.28,E
sh688777,中控技术,2025-10-09 10:31:19,56.26,15749,56.29,D
sh688777,中控技术,2025-10-09 10:31:25,56.24,9181,56.25,D
sh688777,中控技术,2025-10-09 10:31:31,56.22,21911,56.24,D
sh688777,中控技术,2025-10-09 10:31:34,56.23,11247,56.22,U
sh688777,中控技术,2025-10-09 10:31:37,56.23,7805,56.23,U
sh688777,中控技术,2025-10-09 10:31:40,56.34,134109,56.23,U
sh688777,中控技术,2025-10-09 10:31:43,56.23,11796,56.34,D
sh688777,中控技术,2025-10-09 10:31:46,56.39,33462,56.23,U
sh688777,中控技术,2025-10-09 10:31:49,56.28,3800,56.39,D
sh688777,中控技术,2025-10-09 10:31:52,56.35,24486,56.28,E
sh688777,中控技术,2025-10-09 10:31:58,56.35,13795,56.26,U
sh688777,中控技术,2025-10-09 10:32:01,56.38,125619,56.35,U
sh688777,中控技术,2025-10-09 10:32:04,56.37,15643,56.38,D
sh688777,中控技术,2025-10-09 10:32:13,56.42,5798,56.38,U
sh688777,中控技术,2025-10-09 10:32:16,56.42,19157,56.42,U
sh688777,中控技术,2025-10-09 10:32:19,56.36,11602,56.42,D
sh688777,中控技术,2025-10-09 10:32:22,56.35,7900,56.36,E
sh688777,中控技术,2025-10-09 10:32:34,56.33,3671,56.33,D
sh688777,中控技术,2025-10-09 10:32:37,56.34,13070,56.33,U
sh688777,中控技术,2025-10-09 10:32:40,56.33,23054,56.34,D
sh688777,中控技术,2025-10-09 10:32:43,56.3,18562,56.33,D
sh688777,中控技术,2025-10-09 10:32:49,56.33,11151,56.28,U
sh688777,中控技术,2025-10-09 10:32:55,56.28,5024,56.34,D
sh688777,中控技术,2025-10-09 10:32:58,56.28,11164,56.28,D
sh688777,中控技术,2025-10-09 10:33:01,56.23,6000,56.28,D
sh688777,中控技术,2025-10-09 10:33:04,56.28,6345,56.23,U
sh688777,中控技术,2025-10-09 10:33:07,56.13,112152,56.28,D
sh688777,中控技术,2025-10-09 10:33:13,56.1,5697,56.1,D
sh688777,中控技术,2025-10-09 10:33:16,56.13,7739,56.1,U
sh688777,中控技术,2025-10-09 10:33:19,56.13,3610,56.13,U
sh688777,中控技术,2025-10-09 10:33:22,56.1,11150,56.13,D
sh688777,中控技术,2025-10-09 10:33:37,56.11,4813,56.13,D
sh688777,中控技术,2025-10-09 10:33:43,56.11,7365,56.11,D
sh688777,中控技术,2025-10-09 10:33:46,56.11,4625,56.11,D
sh688777,中控技术,2025-10-09 10:33:49,56.13,15689,56.11,U
sh688777,中控技术,2025-10-09 10:33:52,56.12,5477,56.13,U
sh688777,中控技术,2025-10-09 10:33:55,56.12,11386,56.12,D
sh688777,中控技术,2025-10-09 10:33:58,56.14,10406,56.12,U
sh688777,中控技术,2025-10-09 10:34:10,56.14,4622,56.2,D
sh688777,中控技术,2025-10-09 10:34:13,56.14,5530,56.14,U
sh688777,中控技术,2025-10-09 10:34:16,56.14,8221,56.14,U
sh688777,中控技术,2025-10-09 10:34:19,56.14,8072,56.14,U
sh688777,中控技术,2025-10-09 10:34:25,56.2,7007,56.16,U
sh688777,中控技术,2025-10-09 10:34:28,56.16,11727,56.2,D
sh688777,中控技术,2025-10-09 10:34:31,56.16,5878,56.16,D
sh688777,中控技术,2025-10-09 10:34:34,56.24,20763,56.16,U
sh688777,中控技术,2025-10-09 10:34:40,56.23,30993,56.24,D
sh688777,中控技术,2025-10-09 10:34:46,56.23,4314,56.23,U
sh688777,中控技术,2025-10-09 10:34:58,56.16,9788,56.2,D
sh688777,中控技术,2025-10-09 10:35:01,56.06,54322,56.16,D
sh688777,中控技术,2025-10-09 10:35:04,56.08,9411,56.06,U
sh688777,中控技术,2025-10-09 10:35:07,56.11,17762,56.08,U
sh688777,中控技术,2025-10-09 10:35:13,56.02,4731,56.1,D
sh688777,中控技术,2025-10-09 10:35:16,56.09,12333,56.02,U
sh688777,中控技术,2025-10-09 10:35:19,56.08,4253,56.09,U
sh688777,中控技术,2025-10-09 10:35:22,56.05,4963,56.08,D
sh688777,中控技术,2025-10-09 10:35:28,56.11,5273,56.05,U
sh688777,中控技术,2025-10-09 10:35:31,56.08,5300,56.11,E
sh688777,中控技术,2025-10-09 10:35:34,56.09,12602,56.08,D
sh688777,中控技术,2025-10-09 10:35:46,56.15,5900,56.14,U
sh688777,中控技术,2025-10-09 10:35:49,56.15,7318,56.15,U
sh688777,中控技术,2025-10-09 10:35:55,56.14,18646,56.17,D
sh688777,中控技术,2025-10-09 10:36:01,56.15,7362,56.14,U
sh688777,中控技术,2025-10-09 10:36:07,56.2,7975,56.16,U
sh688777,中控技术,2025-10-09 10:36:10,56.23,6413,56.2,U
sh688777,中控技术,2025-10-09 10:36:16,56.28,8048,56.26,U
sh688777,中控技术,2025-10-09 10:36:22,56.33,11816,56.33,U
sh688777,中控技术,2025-10-09 10:36:28,56.32,6898,56.36,D
sh688777,中控技术,2025-10-09 10:36:31,56.33,13656,56.32,U
sh688777,中控技术,2025-10-09 10:36:34,56.33,4209,56.33,U
sh688777,中控技术,2025-10-09 10:36:40,56.45,50200,56.33,U
sh688777,中控技术,2025-10-09 10:36:46,56.39,4042,56.4,U
sh688777,中控技术,2025-10-09 10:36:49,56.39,10049,56.39,U
sh688777,中控技术,2025-10-09 10:36:55,56.39,4664,56.38,E
sh688777,中控技术,2025-10-09 10:36:58,56.47,8209,56.39,U
sh688777,中控技术,2025-10-09 10:37:01,56.38,9446,56.47,D
sh688777,中控技术,2025-10-09 10:37:04,56.39,5045,56.38,D
sh688777,中控技术,2025-10-09 10:37:10,56.34,12309,56.39,D
sh688777,中控技术,2025-10-09 10:37:13,56.33,4857,56.34,D
sh688777,中控技术,2025-10-09 10:37:19,56.31,4003,56.33,D
sh688777,中控技术,2025-10-09 10:37:22,56.31,10276,56.31,D
sh688777,中控技术,2025-10-09 10:37:31,56.3,6058,56.31,E
sh688777,中控技术,2025-10-09 10:37:37,56.3,5988,56.31,D
sh688777,中控技术,2025-10-09 10:37:40,56.26,15067,56.3,D
sh688777,中控技术,2025-10-09 10:37:43,56.25,5484,56.26,D
sh688777,中控技术,2025-10-09 10:37:49,56.24,5570,56.24,U
sh688777,中控技术,2025-10-09 10:37:55,56.25,4854,56.24,U
sh688777,中控技术,2025-10-09 10:37:58,56.24,8446,56.25,D
sh688777,中控技术,2025-10-09 10:38:16,56.25,20306,56.26,D
sh688777,中控技术,2025-10-09 10:38:22,56.26,16976,56.24,U
sh688777,中控技术,2025-10-09 10:38:34,56.29,6497,56.26,U
sh688777,中控技术,2025-10-09 10:38:37,56.25,10000,56.29,D
sh688777,中控技术,2025-10-09 10:38:43,56.24,8030,56.24,U
sh688777,中控技术,2025-10-09 10:38:55,56.29,6516,56.26,U
sh688777,中控技术,2025-10-09 10:39:04,56.29,9764,56.29,D
sh688777,中控技术,2025-10-09 10:39:07,56.31,5131,56.29,U
sh688777,中控技术,2025-10-09 10:39:10,56.31,6225,56.31,U
sh688777,中控技术,2025-10-09 10:39:13,56.33,12243,56.31,U
sh688777,中控技术,2025-10-09 10:39:19,56.4,7056,56.38,U
sh688777,中控技术,2025-10-09 10:39:25,56.44,8486,56.4,U
sh688777,中控技术,2025-10-09 10:39:28,56.43,10014,56.44,U
sh688777,中控技术,2025-10-09 10:39:31,56.39,5800,56.43,D
sh688777,中控技术,2025-10-09 10:39:34,56.39,5345,56.39,D
sh688777,中控技术,2025-10-09 10:39:37,56.42,5050,56.39,U
sh688777,中控技术,2025-10-09 10:39:40,56.39,4564,56.42,D
sh688777,中控技术,2025-10-09 10:39:43,56.4,8714,56.39,U
sh688777,中控技术,2025-10-09 10:39:46,56.42,11887,56.4,U
sh688777,中控技术,2025-10-09 10:39:52,56.42,5016,56.4,E
sh688777,中控技术,2025-10-09 10:39:55,56.42,3654,56.42,U
sh688777,中控技术,2025-10-09 10:39:58,56.44,4530,56.42,U
sh688777,中控技术,2025-10-09 10:40:01,56.45,9085,56.44,U
sh688777,中控技术,2025-10-09 10:40:04,56.48,20000,56.45,U
sh688777,中控技术,2025-10-09 10:40:07,56.5,18053,56.48,U
sh688777,中控技术,2025-10-09 10:40:13,56.5,30957,56.48,U
sh688777,中控技术,2025-10-09 10:40:16,56.5,10739,56.5,U
sh688777,中控技术,2025-10-09 10:40:19,56.48,8648,56.5,D
sh688777,中控技术,2025-10-09 10:40:22,56.5,8077,56.48,U
sh688777,中控技术,2025-10-09 10:40:25,56.5,4367,56.5,D
sh688777,中控技术,2025-10-09 10:40:28,56.51,5200,56.5,U
sh688777,中控技术,2025-10-09 10:40:34,56.53,10603,56.5,U
sh688777,中控技术,2025-10-09 10:40:40,56.53,11360,56.53,D
sh688777,中控技术,2025-10-09 10:40:43,56.52,4319,56.53,E
sh688777,中控技术,2025-10-09 10:40:46,56.52,13547,56.52,D
sh688777,中控技术,2025-10-09 10:40:49,56.52,18874,56.52,U
sh688777,中控技术,2025-10-09 10:40:52,56.52,11204,56.52,U
sh688777,中控技术,2025-10-09 10:40:55,56.52,40460,56.52,U
sh688777,中控技术,2025-10-09 10:40:58,56.48,9422,56.52,D
sh688777,中控技术,2025-10-09 10:41:01,56.53,12693,56.48,U
sh688777,中控技术,2025-10-09 10:41:10,56.5,11181,56.51,D
sh688777,中控技术,2025-10-09 10:41:13,56.49,4054,56.5,D
sh688777,中控技术,2025-10-09 10:41:16,56.5,5203,56.49,U
sh688777,中控技术,2025-10-09 10:41:22,56.5,4410,56.5,U
sh688777,中控技术,2025-10-09 10:41:25,56.53,10816,56.5,U
sh688777,中控技术,2025-10-09 10:41:34,56.54,6641,56.52,E
sh688777,中控技术,2025-10-09 10:41:37,56.54,4328,56.54,D
sh688777,中控技术,2025-10-09 10:41:40,56.55,3654,56.54,U
sh688777,中控技术,2025-10-09 10:41:43,56.56,12193,56.55,U
sh688777,中控技术,2025-10-09 10:41:46,56.56,7548,56.56,U
sh688777,中控技术,2025-10-09 10:41:49,56.56,12500,56.56,U
sh688777,中控技术,2025-10-09 10:41:52,56.56,5887,56.56,U
sh688777,中控技术,2025-10-09 10:41:55,56.57,3800,56.56,U
sh688777,中控技术,2025-10-09 10:41:58,56.58,17200,56.57,U
sh688777,中控技术,2025-10-09 10:42:01,56.58,53180,56.58,U
sh688777,中控技术,2025-10-09 10:42:07,56.63,12515,56.62,U
sh688777,中控技术,2025-10-09 10:42:10,56.62,17679,56.63,D
sh688777,中控技术,2025-10-09 10:42:13,56.62,3550,56.62,D
sh688777,中控技术,2025-10-09 10:42:16,56.62,32760,56.62,D
sh688777,中控技术,2025-10-09 10:42:19,56.63,19955,56.62,D
sh688777,中控技术,2025-10-09 10:42:22,56.63,11923,56.63,D
sh688777,中控技术,2025-10-09 10:42:25,56.65,25860,56.63,U
sh688777,中控技术,2025-10-09 10:42:28,56.64,4031,56.65,D
sh688777,中控技术,2025-10-09 10:42:31,56.64,41298,56.64,D
sh688777,中控技术,2025-10-09 10:42:34,56.69,11599,56.64,U
sh688777,中控技术,2025-10-09 10:42:37,56.7,5747,56.69,U
sh688777,中控技术,2025-10-09 10:42:40,56.7,12073,56.7,D
sh688777,中控技术,2025-10-09 10:42:43,56.67,7853,56.7,D
sh688777,中控技术,2025-10-09 10:42:46,56.69,6779,56.67,U
sh688777,中控技术,2025-10-09 10:42:52,56.66,13756,56.67,D
sh688777,中控技术,2025-10-09 10:42:55,56.6,4402,56.66,D
sh688777,中控技术,2025-10-09 10:43:01,56.66,16400,56.66,U
sh688777,中控技术,2025-10-09 10:43:04,56.6,4362,56.66,D
sh688777,中控技术,2025-10-09 10:43:07,56.6,4980,56.6,U
sh688777,中控技术,2025-10-09 10:43:10,56.6,14357,56.6,U
sh688777,中控技术,2025-10-09 10:43:13,56.6,8072,56.6,U
sh688777,中控技术,2025-10-09 10:43:16,56.62,8681,56.6,U
sh688777,中控技术,2025-10-09 10:43:22,56.62,8590,56.62,U
sh688777,中控技术,2025-10-09 10:43:25,56.62,8739,56.62,D
sh688777,中控技术,2025-10-09 10:43:34,56.65,3797,56.64,U
sh688777,中控技术,2025-10-09 10:43:40,56.65,9915,56.65,D
sh688777,中控技术,2025-10-09 10:43:43,56.65,10102,56.65,U
sh688777,中控技术,2025-10-09 10:43:46,56.65,8546,56.65,U
sh688777,中控技术,2025-10-09 10:43:52,56.66,20531,56.65,U
sh688777,中控技术,2025-10-09 10:43:58,56.66,4389,56.65,U
sh688777,中控技术,2025-10-09 10:44:01,56.67,4771,56.66,U
sh688777,中控技术,2025-10-09 10:44:04,56.63,42496,56.67,D
sh688777,中控技术,2025-10-09 10:44:07,56.58,17834,56.63,D
sh688777,中控技术,2025-10-09 10:44:10,56.61,8895,56.58,U
sh688777,中控技术,2025-10-09 10:44:13,56.58,13213,56.61,D
sh688777,中控技术,2025-10-09 10:44:16,56.58,3980,56.58,U
sh688777,中控技术,2025-10-09 10:44:19,56.54,8170,56.58,D
sh688777,中控技术,2025-10-09 10:44:25,56.5,15147,56.5,D
sh688777,中控技术,2025-10-09 10:44:28,56.51,6600,56.5,E
sh688777,中控技术,2025-10-09 10:44:34,56.51,3603,56.56,D
sh688777,中控技术,2025-10-09 10:44:43,56.49,62418,56.56,D
sh688777,中控技术,2025-10-09 10:44:46,56.5,14184,56.49,U
sh688777,中控技术,2025-10-09 10:45:07,56.45,18186,56.49,D
sh688777,中控技术,2025-10-09 10:45:22,56.49,6100,56.48,U
sh688777,中控技术,2025-10-09 10:45:37,56.43,5227,56.44,D
sh688777,中控技术,2025-10-09 10:45:46,56.38,16866,56.43,D
sh688777,中控技术,2025-10-09 10:45:55,56.4,4793,56.37,U
sh688777,中控技术,2025-10-09 10:46:10,56.37,4097,56.37,D
sh688777,中控技术,2025-10-09 10:46:16,56.37,5680,56.38,U
sh688777,中控技术,2025-10-09 10:46:25,56.37,6687,56.33,U
sh688777,中控技术,2025-10-09 10:46:28,56.31,10071,56.37,D
sh688777,中控技术,2025-10-09 10:46:31,56.34,36846,56.31,U
sh688777,中控技术,2025-10-09 10:46:34,56.34,10021,56.34,D
sh688777,中控技术,2025-10-09 10:46:37,56.34,21221,56.34,D
sh688777,中控技术,2025-10-09 10:46:41,56.37,4166,56.34,U
sh688777,中控技术,2025-10-09 10:46:49,56.36,10323,56.37,D
sh688777,中控技术,2025-10-09 10:46:55,56.35,5881,56.36,D
sh688777,中控技术,2025-10-09 10:47:04,56.37,5741,56.35,U
sh688777,中控技术,2025-10-09 10:47:07,56.37,6873,56.37,U
sh688777,中控技术,2025-10-09 10:47:10,56.37,20411,56.37,U
sh688777,中控技术,2025-10-09 10:47:13,56.37,5746,56.37,U
sh688777,中控技术,2025-10-09 10:47:25,56.35,8159,56.37,D
sh688777,中控技术,2025-10-09 10:47:34,56.37,4422,56.37,U
sh688777,中控技术,2025-10-09 10:47:49,56.37,4500,56.37,D
sh688777,中控技术,2025-10-09 10:48:07,56.39,5636,56.38,U
sh688777,中控技术,2025-10-09 10:48:13,56.37,21050,56.39,D
sh688777,中控技术,2025-10-09 10:48:16,56.36,4678,56.37,E
sh688777,中控技术,2025-10-09 10:48:19,56.32,7997,56.36,E
sh688777,中控技术,2025-10-09 10:48:25,56.28,4736,56.33,D
sh688777,中控技术,2025-10-09 10:48:34,56.34,3820,56.36,D
sh688777,中控技术,2025-10-09 10:48:37,56.35,5795,56.34,E
sh688777,中控技术,2025-10-09 10:48:49,56.37,4890,56.37,U
sh688777,中控技术,2025-10-09 10:49:01,56.35,7846,56.35,U
sh688777,中控技术,2025-10-09 10:49:16,56.38,9203,56.43,D
sh688777,中控技术,2025-10-09 10:49:19,56.4,6372,56.38,D
sh688777,中控技术,2025-10-09 10:49:25,56.4,4843,56.4,U
sh688777,中控技术,2025-10-09 10:49:37,56.37,9744,56.39,D
sh688777,中控技术,2025-10-09 10:49:43,56.34,8365,56.37,D
sh688777,中控技术,2025-10-09 10:49:46,56.35,6043,56.34,U
sh688777,中控技术,2025-10-09 10:49:49,56.34,6259,56.35,U
sh688777,中控技术,2025-10-09 10:49:52,56.33,11852,56.34,D
sh688777,中控技术,2025-10-09 10:49:55,56.33,8854,56.33,D
sh688777,中控技术,2025-10-09 10:50:04,56.36,17656,56.36,U
sh688777,中控技术,2025-10-09 10:50:07,56.36,4469,56.36,D
sh688777,中控技术,2025-10-09 10:50:19,56.36,7400,56.36,U
sh688777,中控技术,2025-10-09 10:50:28,56.34,9589,56.35,D
sh688777,中控技术,2025-10-09 10:50:37,56.34,4245,56.36,D
sh688777,中控技术,2025-10-09 10:50:46,56.34,4865,56.36,D
sh688777,中控技术,2025-10-09 10:50:49,56.31,8310,56.34,D
sh688777,中控技术,2025-10-09 10:50:52,56.3,24443,56.31,D
sh688777,中控技术,2025-10-09 10:50:55,56.34,8579,56.3,U
sh688777,中控技术,2025-10-09 10:51:01,56.3,8567,56.3,E
sh688777,中控技术,2025-10-09 10:51:07,56.25,3840,56.3,D
sh688777,中控技术,2025-10-09 10:51:16,56.28,8066,56.29,U
sh688777,中控技术,2025-10-09 10:51:31,56.21,4980,56.22,D
sh688777,中控技术,2025-10-09 10:51:34,56.2,11437,56.21,D
sh688777,中控技术,2025-10-09 10:51:37,56.2,6300,56.2,D
sh688777,中控技术,2025-10-09 10:51:52,56.22,4738,56.23,D
sh688777,中控技术,2025-10-09 10:51:55,56.21,6700,56.22,D
sh688777,中控技术,2025-10-09 10:51:58,56.21,4225,56.21,D
sh688777,中控技术,2025-10-09 10:52:04,56.17,8282,56.21,D
sh688777,中控技术,2025-10-09 10:52:07,56.2,4941,56.17,U
sh688777,中控技术,2025-10-09 10:52:10,56.2,4657,56.2,U
sh688777,中控技术,2025-10-09 10:52:13,56.1,13553,56.2,D
sh688777,中控技术,2025-10-09 10:52:16,56.1,9700,56.1,D
sh688777,中控技术,2025-10-09 10:52:22,56.06,3599,56.13,D
sh688777,中控技术,2025-10-09 10:52:31,56.06,16215,56.06,D
sh688777,中控技术,2025-10-09 10:52:37,56.06,12435,56.06,U
sh688777,中控技术,2025-10-09 10:52:40,56.01,24447,56.06,D
sh688777,中控技术,2025-10-09 10:52:46,56.0,23140,56.01,D
sh688777,中控技术,2025-10-09 10:52:52,56.01,11989,56.01,U
sh688777,中控技术,2025-10-09 10:52:55,56.0,8818,56.01,D
sh688777,中控技术,2025-10-09 10:52:58,56.0,16000,56.0,D
sh688777,中控技术,2025-10-09 10:53:01,56.0,11633,56.0,D
sh688777,中控技术,2025-10-09 10:53:04,56.0,10773,56.0,D
sh688777,中控技术,2025-10-09 10:53:07,56.01,3950,56.0,U
sh688777,中控技术,2025-10-09 10:53:10,56.01,14047,56.01,U
sh688777,中控技术,2025-10-09 10:53:19,56.03,4100,56.01,U
sh688777,中控技术,2025-10-09 10:53:25,56.05,6376,56.03,U
sh688777,中控技术,2025-10-09 10:53:31,56.03,25857,56.05,D
sh688777,中控技术,2025-10-09 10:53:40,56.06,6185,56.07,D
sh688777,中控技术,2025-10-09 10:53:43,56.06,4128,56.06,U
sh688777,中控技术,2025-10-09 10:53:46,56.05,4585,56.06,D
sh688777,中控技术,2025-10-09 10:54:07,56.08,20500,56.04,U
sh688777,中控技术,2025-10-09 10:54:16,56.08,25800,56.08,U
sh688777,中控技术,2025-10-09 10:54:22,56.06,4684,56.06,D
sh688777,中控技术,2025-10-09 10:54:25,56.03,16042,56.06,D
sh688777,中控技术,2025-10-09 10:54:28,56.0,10603,56.03,D
sh688777,中控技术,2025-10-09 10:54:31,55.99,65899,56.0,D
sh688777,中控技术,2025-10-09 10:54:37,56.04,14244,56.0,U
sh688777,中控技术,2025-10-09 10:54:43,56.04,34067,56.04,D
sh688777,中控技术,2025-10-09 10:54:46,56.04,14489,56.04,U
sh688777,中控技术,2025-10-09 10:54:52,56.0,5652,56.01,D
sh688777,中控技术,2025-10-09 10:55:01,56.01,6683,56.01,D
sh688777,中控技术,2025-10-09 10:55:04,56.0,7359,56.01,D
sh688777,中控技术,2025-10-09 10:55:07,56.0,6272,56.0,D
sh688777,中控技术,2025-10-09 10:55:10,56.01,9490,56.0,U
sh688777,中控技术,2025-10-09 10:55:16,56.0,5432,56.0,U
sh688777,中控技术,2025-10-09 10:55:19,55.99,17096,56.0,D
sh688777,中控技术,2025-10-09 10:55:22,56.0,7881,55.99,U
sh688777,中控技术,2025-10-09 10:55:25,55.99,7074,56.0,D
sh688777,中控技术,2025-10-09 10:55:34,55.97,11131,55.99,D
sh688777,中控技术,2025-10-09 10:55:46,55.96,7042,55.96,D
sh688777,中控技术,2025-10-09 10:55:52,55.98,7603,55.96,U
sh688777,中控技术,2025-10-09 10:56:13,56.08,3889,56.05,U
sh688777,中控技术,2025-10-09 10:56:31,56.06,14193,56.08,D
sh688777,中控技术,2025-10-09 10:56:34,56.1,17849,56.06,U
sh688777,中控技术,2025-10-09 10:56:43,56.06,9673,56.1,D
sh688777,中控技术,2025-10-09 10:56:49,56.05,4962,56.06,D
sh688777,中控技术,2025-10-09 10:57:01,56.07,7384,56.08,D
sh688777,中控技术,2025-10-09 10:57:10,56.07,21094,56.05,E
sh688777,中控技术,2025-10-09 10:57:13,56.02,33843,56.07,D
sh688777,中控技术,2025-10-09 10:57:25,56.01,11931,56.0,U
sh688777,中控技术,2025-10-09 10:57:31,56.05,4624,56.02,U
sh688777,中控技术,2025-10-09 10:57:40,56.04,7256,56.04,D
sh688777,中控技术,2025-10-09 10:57:55,56.09,5646,56.08,U
sh688777,中控技术,2025-10-09 10:57:58,56.1,9878,56.09,U
sh688777,中控技术,2025-10-09 10:58:04,56.08,6685,56.1,D
sh688777,中控技术,2025-10-09 10:58:07,56.1,5514,56.08,U
sh688777,中控技术,2025-10-09 10:58:13,56.05,7522,56.09,D
sh688777,中控技术,2025-10-09 10:58:28,56.06,4000,56.08,D
sh688777,中控技术,2025-10-09 10:58:43,56.1,7265,56.09,U
sh688777,中控技术,2025-10-09 10:58:46,56.08,5000,56.1,D
sh688777,中控技术,2025-10-09 10:59:04,56.09,6163,56.09,D
sh688777,中控技术,2025-10-09 10:59:10,56.1,5000,56.1,U
sh688777,中控技术,2025-10-09 10:59:19,56.11,11806,56.11,D
sh688777,中控技术,2025-10-09 10:59:25,56.15,4356,56.11,D
sh688777,中控技术,2025-10-09 10:59:31,56.34,17700,56.15,U
sh688777,中控技术,2025-10-09 10:59:34,56.18,23588,56.34,D
sh688777,中控技术,2025-10-09 10:59:37,56.27,7035,56.18,U
sh688777,中控技术,2025-10-09 10:59:43,56.38,17700,56.27,U
sh688777,中控技术,2025-10-09 10:59:46,56.38,10800,56.38,U
sh688777,中控技术,2025-10-09 10:59:55,56.4,13100,56.37,U
sh688777,中控技术,2025-10-09 10:59:58,56.4,8985,56.4,U
sh688777,中控技术,2025-10-09 11:00:04,56.45,17294,56.41,U
sh688777,中控技术,2025-10-09 11:00:07,56.45,10557,56.45,U
sh688777,中控技术,2025-10-09 11:00:10,56.46,22632,56.45,U
sh688777,中控技术,2025-10-09 11:00:13,56.43,31356,56.46,E
sh688777,中控技术,2025-10-09 11:00:19,56.45,15683,56.42,U
sh688777,中控技术,2025-10-09 11:00:25,56.33,10792,56.42,D
sh688777,中控技术,2025-10-09 11:00:34,56.41,7300,56.42,D
sh688777,中控技术,2025-10-09 11:00:43,56.42,5000,56.4,U
sh688777,中控技术,2025-10-09 11:00:49,56.4,10307,56.42,U
sh688777,中控技术,2025-10-09 11:00:52,56.4,6092,56.4,D
sh688777,中控技术,2025-10-09 11:01:04,56.34,10090,56.37,D
sh688777,中控技术,2025-10-09 11:01:10,56.36,13990,56.34,U
sh688777,中控技术,2025-10-09 11:01:19,56.4,9017,56.38,E
sh688777,中控技术,2025-10-09 11:01:22,56.42,6321,56.4,U
sh688777,中控技术,2025-10-09 11:01:25,56.44,5637,56.42,U
sh688777,中控技术,2025-10-09 11:01:28,56.44,15727,56.44,U
sh688777,中控技术,2025-10-09 11:01:31,56.51,66093,56.44,U
sh688777,中控技术,2025-10-09 11:01:34,56.5,19747,56.51,D
sh688777,中控技术,2025-10-09 11:01:37,56.42,50525,56.5,D
sh688777,中控技术,2025-10-09 11:01:40,56.49,3755,56.42,D
sh688777,中控技术,2025-10-09 11:01:46,56.43,6634,56.5,D
sh688777,中控技术,2025-10-09 11:01:58,56.48,8572,56.46,U
sh688777,中控技术,2025-10-09 11:02:04,56.49,11249,56.49,U
sh688777,中控技术,2025-10-09 11:02:07,56.49,7106,56.49,U
sh688777,中控技术,2025-10-09 11:02:10,56.49,48442,56.49,D
sh688777,中控技术,2025-10-09 11:02:13,56.59,69160,56.49,U
sh688777,中控技术,2025-10-09 11:02:16,56.64,25012,56.59,U
sh688777,中控技术,2025-10-09 11:02:19,56.66,10082,56.64,U
sh688777,中控技术,2025-10-09 11:02:22,56.61,9575,56.66,D
sh688777,中控技术,2025-10-09 11:02:25,56.65,24965,56.61,U
sh688777,中控技术,2025-10-09 11:02:28,56.72,103207,56.65,U
sh688777,中控技术,2025-10-09 11:02:31,56.86,145649,56.72,U
sh688777,中控技术,2025-10-09 11:02:34,56.88,25780,56.86,U
sh688777,中控技术,2025-10-09 11:02:37,56.97,102964,56.88,U
sh688777,中控技术,2025-10-09 11:02:40,56.99,96232,56.97,U
sh688777,中控技术,2025-10-09 11:02:43,57.0,41801,56.99,U
sh688777,中控技术,2025-10-09 11:02:46,56.99,30188,57.0,D
sh688777,中控技术,2025-10-09 11:02:49,56.99,133716,56.99,D
sh688777,中控技术,2025-10-09 11:02:52,57.0,82064,56.99,U
sh688777,中控技术,2025-10-09 11:02:55,56.97,10519,57.0,E
sh688777,中控技术,2025-10-09 11:02:58,56.97,7132,56.97,U
sh688777,中控技术,2025-10-09 11:03:01,56.97,36190,56.97,U
sh688777,中控技术,2025-10-09 11:03:04,57.01,25529,56.97,U
sh688777,中控技术,2025-10-09 11:03:07,57.08,21743,57.01,U
sh688777,中控技术,2025-10-09 11:03:10,57.1,15942,57.08,U
sh688777,中控技术,2025-10-09 11:03:13,57.04,7608,57.1,E
sh688777,中控技术,2025-10-09 11:03:16,57.04,9392,57.04,U
sh688777,中控技术,2025-10-09 11:03:19,57.04,5540,57.04,U
sh688777,中控技术,2025-10-09 11:03:22,57.03,40662,57.04,D
sh688777,中控技术,2025-10-09 11:03:25,57.03,14025,57.03,U
sh688777,中控技术,2025-10-09 11:03:28,57.0,7850,57.03,U
sh688777,中控技术,2025-10-09 11:03:31,56.97,6450,57.0,D
sh688777,中控技术,2025-10-09 11:03:34,57.0,6915,56.97,U
sh688777,中控技术,2025-10-09 11:03:37,56.97,6224,57.0,E
sh688777,中控技术,2025-10-09 11:03:40,56.98,7976,56.97,U
sh688777,中控技术,2025-10-09 11:03:43,57.0,8755,56.98,U
sh688777,中控技术,2025-10-09 11:03:46,57.1,117151,57.0,U
sh688777,中控技术,2025-10-09 11:03:49,57.29,68684,57.1,U
sh688777,中控技术,2025-10-09 11:03:52,57.18,30815,57.29,D
sh688777,中控技术,2025-10-09 11:03:55,57.28,10800,57.18,U
sh688777,中控技术,2025-10-09 11:03:58,57.25,4100,57.28,E
sh688777,中控技术,2025-10-09 11:04:01,57.28,20997,57.25,U
sh688777,中控技术,2025-10-09 11:04:04,57.38,7407,57.28,U
sh688777,中控技术,2025-10-09 11:04:07,57.36,16134,57.38,D
sh688777,中控技术,2025-10-09 11:04:10,57.38,30075,57.36,U
sh688777,中控技术,2025-10-09 11:04:13,57.38,17696,57.38,D
sh688777,中控技术,2025-10-09 11:04:16,57.35,18094,57.38,D
sh688777,中控技术,2025-10-09 11:04:19,57.36,26099,57.35,E
sh688777,中控技术,2025-10-09 11:04:22,57.36,13822,57.36,U
sh688777,中控技术,2025-10-09 11:04:25,57.36,10295,57.36,U
sh688777,中控技术,2025-10-09 11:04:28,57.35,20758,57.36,D
sh688777,中控技术,2025-10-09 11:04:31,57.3,27097,57.35,D
sh688777,中控技术,2025-10-09 11:04:34,57.29,21389,57.3,E
sh688777,中控技术,2025-10-09 11:04:37,57.35,19947,57.29,U
sh688777,中控技术,2025-10-09 11:04:43,57.3,4684,57.29,U
sh688777,中控技术,2025-10-09 11:04:46,57.24,9665,57.3,D
sh688777,中控技术,2025-10-09 11:04:49,57.28,4711,57.24,D
sh688777,中控技术,2025-10-09 11:04:52,57.29,8916,57.28,U
sh688777,中控技术,2025-10-09 11:04:55,57.43,92527,57.29,U
sh688777,中控技术,2025-10-09 11:04:58,57.46,9796,57.43,U
sh688777,中控技术,2025-10-09 11:05:01,57.49,43704,57.46,U
sh688777,中控技术,2025-10-09 11:05:04,57.48,13641,57.49,E
sh688777,中控技术,2025-10-09 11:05:07,57.43,8745,57.48,D
sh688777,中控技术,2025-10-09 11:05:10,57.4,8533,57.43,D
sh688777,中控技术,2025-10-09 11:05:13,57.33,10912,57.4,D
sh688777,中控技术,2025-10-09 11:05:16,57.4,86282,57.33,U
sh688777,中控技术,2025-10-09 11:05:19,57.33,9878,57.4,D
sh688777,中控技术,2025-10-09 11:05:22,57.33,5136,57.33,D
sh688777,中控技术,2025-10-09 11:05:28,57.34,6752,57.38,D
sh688777,中控技术,2025-10-09 11:05:31,57.39,92794,57.34,U
sh688777,中控技术,2025-10-09 11:05:34,57.38,6778,57.39,D
sh688777,中控技术,2025-10-09 11:05:37,57.39,9643,57.38,U
sh688777,中控技术,2025-10-09 11:05:40,57.36,9213,57.39,D
sh688777,中控技术,2025-10-09 11:05:43,57.36,8691,57.36,D
sh688777,中控技术,2025-10-09 11:05:49,57.36,3664,57.36,U
sh688777,中控技术,2025-10-09 11:05:52,57.33,35537,57.36,D
sh688777,中控技术,2025-10-09 11:05:55,57.26,44848,57.33,D
sh688777,中控技术,2025-10-09 11:05:58,57.27,4006,57.26,E
sh688777,中控技术,2025-10-09 11:06:01,57.23,10280,57.27,D
sh688777,中控技术,2025-10-09 11:06:07,57.18,10086,57.2,D
sh688777,中控技术,2025-10-09 11:06:10,57.18,6517,57.18,U
sh688777,中控技术,2025-10-09 11:06:13,57.2,8687,57.18,U
sh688777,中控技术,2025-10-09 11:06:16,57.13,3586,57.2,D
sh688777,中控技术,2025-10-09 11:06:25,57.0,12123,57.08,D
sh688777,中控技术,2025-10-09 11:06:28,56.98,4779,57.0,D
sh688777,中控技术,2025-10-09 11:06:31,56.98,7992,56.98,D
sh688777,中控技术,2025-10-09 11:06:40,56.98,6759,56.9,U
sh688777,中控技术,2025-10-09 11:06:46,57.0,14828,57.0,U
sh688777,中控技术,2025-10-09 11:06:49,57.0,10200,57.0,U
sh688777,中控技术,2025-10-09 11:06:52,57.0,35850,57.0,U
sh688777,中控技术,2025-10-09 11:07:01,57.01,5278,57.01,D
sh688777,中控技术,2025-10-09 11:07:04,56.92,44024,57.01,D
sh688777,中控技术,2025-10-09 11:07:07,57.01,11762,56.92,U
sh688777,中控技术,2025-10-09 11:07:10,56.98,5161,57.01,U
sh688777,中控技术,2025-10-09 11:07:16,57.13,11014,56.92,U
sh688777,中控技术,2025-10-09 11:07:28,56.98,4723,56.97,U
sh688777,中控技术,2025-10-09 11:07:31,57.01,9764,56.98,U
sh688777,中控技术,2025-10-09 11:07:40,57.01,8279,57.0,D
sh688777,中控技术,2025-10-09 11:07:43,56.98,17477,57.01,D
sh688777,中控技术,2025-10-09 11:07:49,56.95,6559,56.96,E
sh688777,中控技术,2025-10-09 11:07:55,56.97,14290,56.96,U
sh688777,中控技术,2025-10-09 11:07:58,56.93,39170,56.97,D
sh688777,中控技术,2025-10-09 11:08:01,56.92,6246,56.93,D
sh688777,中控技术,2025-10-09 11:08:04,56.92,10924,56.92,D
sh688777,中控技术,2025-10-09 11:08:10,56.92,10286,56.92,D
sh688777,中控技术,2025-10-09 11:08:16,56.92,8182,56.92,U
sh688777,中控技术,2025-10-09 11:08:37,56.99,5584,56.99,U
sh688777,中控技术,2025-10-09 11:08:40,57.01,17100,56.99,U
sh688777,中控技术,2025-10-09 11:08:46,57.0,13376,57.01,D
sh688777,中控技术,2025-10-09 11:08:52,57.01,8027,56.99,U
sh688777,中控技术,2025-10-09 11:08:58,56.95,17622,57.01,D
sh688777,中控技术,2025-10-09 11:09:01,56.92,16511,56.95,D
sh688777,中控技术,2025-10-09 11:09:04,56.98,6719,56.92,U
sh688777,中控技术,2025-10-09 11:09:07,57.0,3620,56.98,U
sh688777,中控技术,2025-10-09 11:09:16,56.96,14485,57.01,D
sh688777,中控技术,2025-10-09 11:09:19,56.96,7910,56.96,D
sh688777,中控技术,2025-10-09 11:09:22,56.98,4325,56.96,U
sh688777,中控技术,2025-10-09 11:09:25,56.98,7765,56.98,D
sh688777,中控技术,2025-10-09 11:09:37,56.93,6625,56.95,D
sh688777,中控技术,2025-10-09 11:09:43,56.98,6637,56.98,U
sh688777,中控技术,2025-10-09 11:09:52,56.97,28581,57.0,D
sh688777,中控技术,2025-10-09 11:09:55,56.95,5726,56.97,E
sh688777,中控技术,2025-10-09 11:09:58,56.95,4353,56.95,U
sh688777,中控技术,2025-10-09 11:10:01,56.96,24597,56.95,U
sh688777,中控技术,2025-10-09 11:10:04,56.97,5492,56.96,U
sh688777,中控技术,2025-10-09 11:10:07,56.96,4016,56.97,U
sh688777,中控技术,2025-10-09 11:10:10,56.93,4700,56.96,D
sh688777,中控技术,2025-10-09 11:10:22,56.99,5027,56.93,U
sh688777,中控技术,2025-10-09 11:10:25,57.0,5443,56.99,U
sh688777,中控技术,2025-10-09 11:10:34,57.0,6902,57.0,D
sh688777,中控技术,2025-10-09 11:10:37,57.01,9640,57.0,U
sh688777,中控技术,2025-10-09 11:10:43,57.04,8278,57.04,E
sh688777,中控技术,2025-10-09 11:10:52,57.12,4652,57.1,U
sh688777,中控技术,2025-10-09 11:10:55,57.12,4703,57.12,U
sh688777,中控技术,2025-10-09 11:10:58,57.09,9750,57.12,E
sh688777,中控技术,2025-10-09 11:11:01,57.03,12552,57.09,D
sh688777,中控技术,2025-10-09 11:11:04,57.03,8330,57.03,U
sh688777,中控技术,2025-10-09 11:11:10,56.99,44589,57.05,D
sh688777,中控技术,2025-10-09 11:11:19,56.95,4398,56.95,D
sh688777,中控技术,2025-10-09 11:11:25,56.95,4047,56.98,D
sh688777,中控技术,2025-10-09 11:11:28,56.95,11011,56.95,U
sh688777,中控技术,2025-10-09 11:11:31,56.99,5604,56.95,U
sh688777,中控技术,2025-10-09 11:11:34,57.01,12531,56.99,U
sh688777,中控技术,2025-10-09 11:11:40,57.0,14377,57.02,D
sh688777,中控技术,2025-10-09 11:11:49,57.0,5587,57.0,U
sh688777,中控技术,2025-10-09 11:11:55,57.02,11375,57.0,U
sh688777,中控技术,2025-10-09 11:12:04,57.04,10402,57.03,U
sh688777,中控技术,2025-10-09 11:12:22,57.0,4803,57.0,U
sh688777,中控技术,2025-10-09 11:12:25,56.92,41855,57.0,D
sh688777,中控技术,2025-10-09 11:12:31,56.9,75417,56.92,D
sh688777,中控技术,2025-10-09 11:12:34,56.8,29909,56.9,D
sh688777,中控技术,2025-10-09 11:12:37,56.87,10500,56.8,U
sh688777,中控技术,2025-10-09 11:12:46,56.89,7540,56.78,U
sh688777,中控技术,2025-10-09 11:13:22,56.92,4327,56.9,U
sh688777,中控技术,2025-10-09 11:13:25,56.92,3747,56.92,U
sh688777,中控技术,2025-10-09 11:13:28,56.92,7041,56.92,U
sh688777,中控技术,2025-10-09 11:13:31,56.91,4622,56.92,D
sh688777,中控技术,2025-10-09 11:13:37,56.92,26257,56.91,U
sh688777,中控技术,2025-10-09 11:13:40,56.91,4823,56.92,E
sh688777,中控技术,2025-10-09 11:13:43,56.89,4352,56.91,D
sh688777,中控技术,2025-10-09 11:13:52,56.85,14079,56.87,D
sh688777,中控技术,2025-10-09 11:13:55,56.85,25251,56.85,D
sh688777,中控技术,2025-10-09 11:14:07,56.84,4142,56.86,D
sh688777,中控技术,2025-10-09 11:14:22,56.79,10743,56.82,D
sh688777,中控技术,2025-10-09 11:14:55,56.8,11187,56.84,D
sh688777,中控技术,2025-10-09 11:14:58,56.8,6806,56.8,U
sh688777,中控技术,2025-10-09 11:15:31,56.88,3883,56.88,D
sh688777,中控技术,2025-10-09 11:15:34,56.87,3817,56.88,E
sh688777,中控技术,2025-10-09 11:15:46,56.85,20552,56.86,D
sh688777,中控技术,2025-10-09 11:15:49,56.86,17679,56.85,U
sh688777,中控技术,2025-10-09 11:16:04,56.81,6318,56.82,D
sh688777,中控技术,2025-10-09 11:16:28,56.81,3793,56.82,D
sh688777,中控技术,2025-10-09 11:16:31,56.8,9913,56.81,D
sh688777,中控技术,2025-10-09 11:16:43,56.78,7791,56.79,D
sh688777,中控技术,2025-10-09 11:16:55,56.76,4900,56.77,D
sh688777,中控技术,2025-10-09 11:17:04,56.77,9228,56.8,D
sh688777,中控技术,2025-10-09 11:17:07,56.75,11529,56.77,D
sh688777,中控技术,2025-10-09 11:17:19,56.75,11254,56.77,D
sh688777,中控技术,2025-10-09 11:17:34,56.85,5279,56.77,U
sh688777,中控技术,2025-10-09 11:17:37,56.81,4400,56.85,E
sh688777,中控技术,2025-10-09 11:17:52,56.79,14088,56.79,U
sh688777,中控技术,2025-10-09 11:18:22,56.8,3553,56.82,D
sh688777,中控技术,2025-10-09 11:18:37,56.8,8000,56.79,U
sh688777,中控技术,2025-10-09 11:18:55,56.78,8774,56.78,U
sh688777,中控技术,2025-10-09 11:19:01,56.8,6161,56.78,U
sh688777,中控技术,2025-10-09 11:19:04,56.8,4730,56.8,U
sh688777,中控技术,2025-10-09 11:19:13,56.86,6100,56.85,U
sh688777,中控技术,2025-10-09 11:19:19,56.86,7700,56.84,U
sh688777,中控技术,2025-10-09 11:19:22,56.93,20437,56.86,U
sh688777,中控技术,2025-10-09 11:19:25,56.93,8645,56.93,D
sh688777,中控技术,2025-10-09 11:19:28,56.93,4615,56.93,D
sh688777,中控技术,2025-10-09 11:19:31,56.93,7987,56.93,D
sh688777,中控技术,2025-10-09 11:19:34,56.94,19640,56.93,E
sh688777,中控技术,2025-10-09 11:19:40,56.93,4167,56.93,U
sh688777,中控技术,2025-10-09 11:19:46,57.0,61533,56.93,U
sh688777,中控技术,2025-10-09 11:20:01,56.97,8675,56.97,D
sh688777,中控技术,2025-10-09 11:20:04,57.0,17743,56.97,U
sh688777,中控技术,2025-10-09 11:20:10,57.0,6158,56.97,U
sh688777,中控技术,2025-10-09 11:20:13,57.0,4117,57.0,D
sh688777,中控技术,2025-10-09 11:20:19,56.97,6272,56.98,E
sh688777,中控技术,2025-10-09 11:20:22,56.9,4043,56.97,D
sh688777,中控技术,2025-10-09 11:20:37,56.83,8891,56.9,D
sh688777,中控技术,2025-10-09 11:20:40,56.83,3661,56.83,U
sh688777,中控技术,2025-10-09 11:20:43,56.87,6658,56.83,E
sh688777,中控技术,2025-10-09 11:20:49,56.83,6468,56.86,D
sh688777,中控技术,2025-10-09 11:20:52,56.85,5314,56.83,U
sh688777,中控技术,2025-10-09 11:21:01,56.83,55834,56.87,D
sh688777,中控技术,2025-10-09 11:21:04,56.89,3748,56.83,D
sh688777,中控技术,2025-10-09 11:21:07,56.96,4678,56.89,U
sh688777,中控技术,2025-10-09 11:21:10,56.89,6198,56.96,D
sh688777,中控技术,2025-10-09 11:21:16,57.0,11200,56.89,U
sh688777,中控技术,2025-10-09 11:21:19,57.02,31825,57.0,U
sh688777,中控技术,2025-10-09 11:21:22,57.1,13721,57.02,U
sh688777,中控技术,2025-10-09 11:21:25,57.11,21460,57.1,U
sh688777,中控技术,2025-10-09 11:21:28,57.1,10900,57.11,D
sh688777,中控技术,2025-10-09 11:21:31,57.18,36584,57.1,U
sh688777,中控技术,2025-10-09 11:21:34,57.2,10588,57.18,U
sh688777,中控技术,2025-10-09 11:21:37,57.28,29978,57.2,U
sh688777,中控技术,2025-10-09 11:21:40,57.33,5097,57.28,U
sh688777,中控技术,2025-10-09 11:21:49,57.29,15868,57.34,D
sh688777,中控技术,2025-10-09 11:21:52,57.25,28970,57.29,D
sh688777,中控技术,2025-10-09 11:21:55,57.29,34507,57.25,U
sh688777,中控技术,2025-10-09 11:22:01,57.24,9051,57.29,D
sh688777,中控技术,2025-10-09 11:22:07,57.2,13194,57.23,D
sh688777,中控技术,2025-10-09 11:22:10,57.2,4108,57.2,D
sh688777,中控技术,2025-10-09 11:22:13,57.2,22880,57.2,D
sh688777,中控技术,2025-10-09 11:22:16,57.2,7580,57.2,U
sh688777,中控技术,2025-10-09 11:22:22,57.2,5475,57.2,U
sh688777,中控技术,2025-10-09 11:22:28,57.18,11750,57.19,E
sh688777,中控技术,2025-10-09 11:22:31,57.13,6496,57.18,D
sh688777,中控技术,2025-10-09 11:22:34,57.13,19353,57.13,U
sh688777,中控技术,2025-10-09 11:22:37,57.13,8148,57.13,U
sh688777,中控技术,2025-10-09 11:22:40,57.19,10111,57.13,U
sh688777,中控技术,2025-10-09 11:22:55,57.04,4100,57.08,D
sh688777,中控技术,2025-10-09 11:23:16,57.01,7345,57.05,D
sh688777,中控技术,2025-10-09 11:23:19,57.03,11362,57.01,U
sh688777,中控技术,2025-10-09 11:23:22,56.96,35395,57.03,D
sh688777,中控技术,2025-10-09 11:23:25,56.96,40594,56.96,D
sh688777,中控技术,2025-10-09 11:23:28,56.96,10451,56.96,D
sh688777,中控技术,2025-10-09 11:23:31,56.96,43182,56.96,D
sh688777,中控技术,2025-10-09 11:23:34,56.97,4757,56.96,U
sh688777,中控技术,2025-10-09 11:23:37,56.98,4604,56.97,U
sh688777,中控技术,2025-10-09 11:23:49,56.88,8737,56.98,D
sh688777,中控技术,2025-10-09 11:23:52,56.88,6436,56.88,D
sh688777,中控技术,2025-10-09 11:24:10,56.76,8620,56.8,D
sh688777,中控技术,2025-10-09 11:24:22,56.76,4590,56.78,E
sh688777,中控技术,2025-10-09 11:24:34,56.75,4736,56.76,D
sh688777,中控技术,2025-10-09 11:24:37,56.76,4269,56.75,E
sh688777,中控技术,2025-10-09 11:24:52,56.77,4763,56.78,D
sh688777,中控技术,2025-10-09 11:24:55,56.8,11096,56.77,U
sh688777,中控技术,2025-10-09 11:25:22,56.76,5520,56.78,D
sh688777,中控技术,2025-10-09 11:25:31,56.77,3886,56.77,U
sh688777,中控技术,2025-10-09 11:25:37,56.74,12673,56.76,D
sh688777,中控技术,2025-10-09 11:25:49,56.73,3691,56.75,D
sh688777,中控技术,2025-10-09 11:25:52,56.73,4221,56.73,U
sh688777,中控技术,2025-10-09 11:26:10,56.75,11924,56.75,D
sh688777,中控技术,2025-10-09 11:26:13,56.68,81292,56.75,D
sh688777,中控技术,2025-10-09 11:26:19,56.66,8808,56.66,D
sh688777,中控技术,2025-10-09 11:26:40,56.68,4575,56.62,U
sh688777,中控技术,2025-10-09 11:26:46,56.61,5220,56.65,D
sh688777,中控技术,2025-10-09 11:26:49,56.6,17300,56.61,D
sh688777,中控技术,2025-10-09 11:27:07,56.67,5750,56.66,D
sh688777,中控技术,2025-10-09 11:27:22,56.67,10467,56.68,D
sh688777,中控技术,2025-10-09 11:27:34,56.8,16247,56.74,U
sh688777,中控技术,2025-10-09 11:27:37,57.03,23935,56.8,U
sh688777,中控技术,2025-10-09 11:27:43,57.0,4000,57.06,U
sh688777,中控技术,2025-10-09 11:27:52,56.88,7466,56.95,D
sh688777,中控技术,2025-10-09 11:27:55,56.97,9709,56.88,U
sh688777,中控技术,2025-10-09 11:28:10,57.06,17635,56.96,U
sh688777,中控技术,2025-10-09 11:28:13,57.09,16284,57.06,U
sh688777,中控技术,2025-10-09 11:28:16,57.09,5345,57.09,U
sh688777,中控技术,2025-10-09 11:28:22,57.09,17911,57.09,D
sh688777,中控技术,2025-10-09 11:28:25,57.09,7324,57.09,D
sh688777,中控技术,2025-10-09 11:28:28,57.2,37447,57.09,U
sh688777,中控技术,2025-10-09 11:28:34,57.16,5939,57.17,U
sh688777,中控技术,2025-10-09 11:28:40,57.14,3626,57.13,U
sh688777,中控技术,2025-10-09 11:28:46,57.18,31037,57.13,U
sh688777,中控技术,2025-10-09 11:28:49,57.18,9018,57.18,U
sh688777,中控技术,2025-10-09 11:29:04,57.14,10521,57.14,D
sh688777,中控技术,2025-10-09 11:29:07,57.13,10835,57.14,D
sh688777,中控技术,2025-10-09 11:29:19,57.14,6616,57.12,U
sh688777,中控技术,2025-10-09 11:29:22,57.15,4971,57.14,U
sh688777,中控技术,2025-10-09 11:29:28,57.15,7239,57.15,D
sh688777,中控技术,2025-10-09 11:29:31,57.19,40429,57.15,U
sh688777,中控技术,2025-10-09 11:29:34,57.16,11892,57.19,D
sh688777,中控技术,2025-10-09 11:29:37,57.24,10994,57.16,U
sh688777,中控技术,2025-10-09 11:29:43,57.2,8328,57.24,D
sh688777,中控技术,2025-10-09 11:29:46,57.24,9811,57.2,U
sh688777,中控技术,2025-10-09 11:29:49,57.27,21452,57.24,U
sh688777,中控技术,2025-10-09 11:29:52,57.29,24861,57.27,U
sh688777,中控技术,2025-10-09 11:29:55,57.33,10890,57.29,U
sh688777,中控技术,2025-10-09 11:29:58,57.35,5300,57.33,U
sh688777,中控技术,2025-10-09 11:29:59,57.33,4636,57.35,D
sh688777,中控技术,2025-10-09 13:00:01,57.4,264261,57.33,U
sh688777,中控技术,2025-10-09 13:00:04,57.58,145606,57.4,U
sh688777,中控技术,2025-10-09 13:00:07,57.78,267753,57.58,U
sh688777,中控技术,2025-10-09 13:00:10,57.88,148564,57.78,U
sh688777,中控技术,2025-10-09 13:00:13,57.89,83402,57.88,U
sh688777,中控技术,2025-10-09 13:00:16,57.95,58893,57.89,U
sh688777,中控技术,2025-10-09 13:00:19,57.96,28349,57.95,U
sh688777,中控技术,2025-10-09 13:00:22,57.99,64891,57.96,U
sh688777,中控技术,2025-10-09 13:00:25,58.13,190501,57.99,U
sh688777,中控技术,2025-10-09 13:00:28,58.42,70442,58.13,U
sh688777,中控技术,2025-10-09 13:00:31,58.44,69176,58.42,U
sh688777,中控技术,2025-10-09 13:00:34,58.5,54137,58.44,U
sh688777,中控技术,2025-10-09 13:00:37,58.5,120422,58.5,U
sh688777,中控技术,2025-10-09 13:00:40,58.58,94748,58.5,U
sh688777,中控技术,2025-10-09 13:00:43,58.43,31156,58.58,D
sh688777,中控技术,2025-10-09 13:00:46,58.42,35747,58.43,D
sh688777,中控技术,2025-10-09 13:00:49,58.4,46147,58.42,D
sh688777,中控技术,2025-10-09 13:00:52,58.33,20533,58.4,D
sh688777,中控技术,2025-10-09 13:00:55,58.34,51928,58.33,U
sh688777,中控技术,2025-10-09 13:00:58,58.47,94442,58.34,U
sh688777,中控技术,2025-10-09 13:01:01,58.4,14162,58.47,U
sh688777,中控技术,2025-10-09 13:01:04,58.34,49531,58.4,D
sh688777,中控技术,2025-10-09 13:01:07,58.37,38217,58.34,U
sh688777,中控技术,2025-10-09 13:01:10,58.37,22478,58.37,U
sh688777,中控技术,2025-10-09 13:01:13,58.33,16918,58.37,E
sh688777,中控技术,2025-10-09 13:01:16,58.35,51621,58.33,U
sh688777,中控技术,2025-10-09 13:01:19,58.38,66161,58.35,U
sh688777,中控技术,2025-10-09 13:01:22,58.46,47822,58.38,U
sh688777,中控技术,2025-10-09 13:01:25,58.49,44906,58.46,U
sh688777,中控技术,2025-10-09 13:01:28,58.5,5400,58.49,U
sh688777,中控技术,2025-10-09 13:01:31,58.54,21500,58.5,U
sh688777,中控技术,2025-10-09 13:01:34,58.6,20627,58.54,U
sh688777,中控技术,2025-10-09 13:01:37,58.63,27580,58.6,U
sh688777,中控技术,2025-10-09 13:01:40,58.73,47807,58.63,U
sh688777,中控技术,2025-10-09 13:01:43,58.73,12018,58.73,D
sh688777,中控技术,2025-10-09 13:01:46,58.76,60810,58.73,U
sh688777,中控技术,2025-10-09 13:01:49,58.89,41112,58.76,U
sh688777,中控技术,2025-10-09 13:01:52,58.89,51177,58.89,D
sh688777,中控技术,2025-10-09 13:01:55,58.95,17404,58.89,U
sh688777,中控技术,2025-10-09 13:01:58,58.97,32904,58.95,U
sh688777,中控技术,2025-10-09 13:02:01,58.91,95490,58.97,D
sh688777,中控技术,2025-10-09 13:02:04,59.08,48223,58.91,U
sh688777,中控技术,2025-10-09 13:02:07,59.14,57671,59.08,U
sh688777,中控技术,2025-10-09 13:02:10,59.1,51187,59.14,D
sh688777,中控技术,2025-10-09 13:02:13,59.01,23997,59.1,E
sh688777,中控技术,2025-10-09 13:02:16,59.14,70778,59.01,U
sh688777,中控技术,2025-10-09 13:02:19,59.09,37114,59.14,U
sh688777,中控技术,2025-10-09 13:02:22,58.98,44405,59.09,D
sh688777,中控技术,2025-10-09 13:02:25,58.91,64200,58.98,D
sh688777,中控技术,2025-10-09 13:02:28,59.0,14063,58.91,U
sh688777,中控技术,2025-10-09 13:02:31,58.98,25729,59.0,U
sh688777,中控技术,2025-10-09 13:02:34,59.0,88418,58.98,U
sh688777,中控技术,2025-10-09 13:02:37,59.09,64799,59.0,U
sh688777,中控技术,2025-10-09 13:02:40,59.06,14862,59.09,E
sh688777,中控技术,2025-10-09 13:02:43,59.1,11726,59.06,U
sh688777,中控技术,2025-10-09 13:02:46,59.12,19162,59.1,U
sh688777,中控技术,2025-10-09 13:02:49,59.14,56786,59.12,U
sh688777,中控技术,2025-10-09 13:02:52,59.14,61205,59.14,D
sh688777,中控技术,2025-10-09 13:02:55,59.15,57117,59.14,U
sh688777,中控技术,2025-10-09 13:02:58,59.12,8574,59.15,E
sh688777,中控技术,2025-10-09 13:03:01,59.0,25454,59.12,D
sh688777,中控技术,2025-10-09 13:03:04,58.98,20446,59.0,D
sh688777,中控技术,2025-10-09 13:03:07,59.11,75287,58.98,U
sh688777,中控技术,2025-10-09 13:03:10,59.07,8473,59.11,E
sh688777,中控技术,2025-10-09 13:03:13,59.0,25502,59.07,D
sh688777,中控技术,2025-10-09 13:03:16,59.0,13532,59.0,D
sh688777,中控技术,2025-10-09 13:03:19,59.05,52927,59.0,U
sh688777,中控技术,2025-10-09 13:03:22,58.95,9142,59.05,D
sh688777,中控技术,2025-10-09 13:03:25,58.96,19954,58.95,U
sh688777,中控技术,2025-10-09 13:03:28,58.95,15556,58.96,D
sh688777,中控技术,2025-10-09 13:03:31,59.1,98918,58.95,U
sh688777,中控技术,2025-10-09 13:03:34,59.17,145171,59.1,U
sh688777,中控技术,2025-10-09 13:03:37,59.27,23935,59.17,U
sh688777,中控技术,2025-10-09 13:03:40,59.21,38713,59.27,D
sh688777,中控技术,2025-10-09 13:03:43,59.23,36876,59.21,U
sh688777,中控技术,2025-10-09 13:03:46,59.08,29960,59.23,D
sh688777,中控技术,2025-10-09 13:03:49,59.18,32650,59.08,U
sh688777,中控技术,2025-10-09 13:03:52,59.08,21391,59.18,E
sh688777,中控技术,2025-10-09 13:03:55,59.02,59065,59.08,D
sh688777,中控技术,2025-10-09 13:03:58,59.05,44761,59.02,U
sh688777,中控技术,2025-10-09 13:04:01,58.95,13832,59.05,D
sh688777,中控技术,2025-10-09 13:04:04,58.9,80005,58.95,D
sh688777,中控技术,2025-10-09 13:04:07,59.02,32544,58.9,D
sh688777,中控技术,2025-10-09 13:04:10,59.01,8116,59.02,D
sh688777,中控技术,2025-10-09 13:04:13,58.9,33990,59.01,D
sh688777,中控技术,2025-10-09 13:04:16,58.9,23142,58.9,U
sh688777,中控技术,2025-10-09 13:04:19,58.89,4274,58.9,U
sh688777,中控技术,2025-10-09 13:04:25,58.8,12137,58.8,D
sh688777,中控技术,2025-10-09 13:04:28,58.8,5881,58.8,D
sh688777,中控技术,2025-10-09 13:04:31,58.8,9464,58.8,D
sh688777,中控技术,2025-10-09 13:04:34,58.8,13454,58.8,U
sh688777,中控技术,2025-10-09 13:04:37,58.75,40170,58.8,D
sh688777,中控技术,2025-10-09 13:04:40,58.88,53389,58.75,U
sh688777,中控技术,2025-10-09 13:04:43,58.87,27478,58.88,U
sh688777,中控技术,2025-10-09 13:04:46,58.84,11503,58.87,E
sh688777,中控技术,2025-10-09 13:04:49,58.85,12210,58.84,U
sh688777,中控技术,2025-10-09 13:04:52,59.0,48254,58.85,U
sh688777,中控技术,2025-10-09 13:04:55,59.07,69514,59.0,U
sh688777,中控技术,2025-10-09 13:04:58,59.03,29574,59.07,D
sh688777,中控技术,2025-10-09 13:05:01,59.09,49309,59.03,U
sh688777,中控技术,2025-10-09 13:05:04,59.05,44043,59.09,D
sh688777,中控技术,2025-10-09 13:05:07,59.08,43129,59.05,E
sh688777,中控技术,2025-10-09 13:05:10,59.18,23620,59.08,U
sh688777,中控技术,2025-10-09 13:05:13,59.22,81749,59.18,U
sh688777,中控技术,2025-10-09 13:05:16,59.35,114598,59.22,U
sh688777,中控技术,2025-10-09 13:05:19,59.44,30832,59.35,U
sh688777,中控技术,2025-10-09 13:05:22,59.29,140307,59.44,D
sh688777,中控技术,2025-10-09 13:05:25,59.26,62883,59.29,E
sh688777,中控技术,2025-10-09 13:05:28,59.31,67927,59.26,U
sh688777,中控技术,2025-10-09 13:05:31,59.31,55084,59.31,U
sh688777,中控技术,2025-10-09 13:05:34,59.32,34653,59.31,E
sh688777,中控技术,2025-10-09 13:05:37,59.4,7602,59.32,U
sh688777,中控技术,2025-10-09 13:05:40,59.44,14763,59.4,U
sh688777,中控技术,2025-10-09 13:05:43,59.4,45207,59.44,D
sh688777,中控技术,2025-10-09 13:05:46,59.46,24393,59.4,U
sh688777,中控技术,2025-10-09 13:05:49,59.41,41265,59.46,D
sh688777,中控技术,2025-10-09 13:05:52,59.4,91705,59.41,D
sh688777,中控技术,2025-10-09 13:05:55,59.39,19547,59.4,D
sh688777,中控技术,2025-10-09 13:05:58,59.4,14703,59.39,U
sh688777,中控技术,2025-10-09 13:06:01,59.33,43079,59.4,D
sh688777,中控技术,2025-10-09 13:06:04,59.31,23433,59.33,D
sh688777,中控技术,2025-10-09 13:06:07,59.34,12226,59.31,D
sh688777,中控技术,2025-10-09 13:06:10,59.33,9583,59.34,D
sh688777,中控技术,2025-10-09 13:06:13,59.29,17577,59.33,D
sh688777,中控技术,2025-10-09 13:06:16,59.3,71069,59.29,D
sh688777,中控技术,2025-10-09 13:06:19,59.24,21586,59.3,D
sh688777,中控技术,2025-10-09 13:06:22,59.24,9215,59.24,U
sh688777,中控技术,2025-10-09 13:06:25,59.24,9216,59.24,U
sh688777,中控技术,2025-10-09 13:06:28,59.15,4340,59.24,U
sh688777,中控技术,2025-10-09 13:06:31,59.15,61654,59.15,U
sh688777,中控技术,2025-10-09 13:06:34,59.17,28130,59.15,U
sh688777,中控技术,2025-10-09 13:06:37,59.15,16900,59.17,D
sh688777,中控技术,2025-10-09 13:06:40,59.14,8348,59.15,U
sh688777,中控技术,2025-10-09 13:06:43,59.12,13580,59.14,D
sh688777,中控技术,2025-10-09 13:06:46,59.12,10478,59.12,U
sh688777,中控技术,2025-10-09 13:06:49,59.25,59130,59.12,U
sh688777,中控技术,2025-10-09 13:06:52,59.25,28408,59.25,D
sh688777,中控技术,2025-10-09 13:06:55,59.26,50263,59.25,E
sh688777,中控技术,2025-10-09 13:06:58,59.3,16279,59.26,E
sh688777,中控技术,2025-10-09 13:07:01,59.29,8751,59.3,D
sh688777,中控技术,2025-10-09 13:07:04,59.26,26685,59.29,D
sh688777,中控技术,2025-10-09 13:07:07,59.19,25182,59.26,U
sh688777,中控技术,2025-10-09 13:07:10,59.12,6002,59.19,D
sh688777,中控技术,2025-10-09 13:07:13,59.07,27173,59.12,D
sh688777,中控技术,2025-10-09 13:07:16,59.03,8918,59.07,D
sh688777,中控技术,2025-10-09 13:07:19,59.0,10148,59.03,D
sh688777,中控技术,2025-10-09 13:07:22,58.94,5515,59.0,D
sh688777,中控技术,2025-10-09 13:07:25,58.93,7100,58.94,D
sh688777,中控技术,2025-10-09 13:07:28,58.93,4740,58.93,U
sh688777,中控技术,2025-10-09 13:07:31,58.9,15310,58.93,D
sh688777,中控技术,2025-10-09 13:07:34,58.96,8678,58.9,E
sh688777,中控技术,2025-10-09 13:07:37,58.9,10551,58.96,D
sh688777,中控技术,2025-10-09 13:07:43,58.96,9781,58.97,D
sh688777,中控技术,2025-10-09 13:07:46,58.91,20462,58.96,E
sh688777,中控技术,2025-10-09 13:07:49,58.94,8335,58.91,E
sh688777,中控技术,2025-10-09 13:07:52,59.0,13057,58.94,U
sh688777,中控技术,2025-10-09 13:07:55,59.0,3506,59.0,U
sh688777,中控技术,2025-10-09 13:07:58,58.96,3839,59.0,D
sh688777,中控技术,2025-10-09 13:08:01,59.01,10674,58.96,E
sh688777,中控技术,2025-10-09 13:08:04,59.03,9827,59.01,U
sh688777,中控技术,2025-10-09 13:08:07,59.0,18726,59.03,D
sh688777,中控技术,2025-10-09 13:08:10,59.0,5426,59.0,U
sh688777,中控技术,2025-10-09 13:08:13,59.0,20768,59.0,U
sh688777,中控技术,2025-10-09 13:08:16,58.95,18457,59.0,D
sh688777,中控技术,2025-10-09 13:08:19,59.0,15333,58.95,U
sh688777,中控技术,2025-10-09 13:08:25,58.8,72687,58.99,D
sh688777,中控技术,2025-10-09 13:08:28,58.88,12913,58.8,E
sh688777,中控技术,2025-10-09 13:08:31,58.94,19082,58.88,U
sh688777,中控技术,2025-10-09 13:08:34,58.93,6694,58.94,E
sh688777,中控技术,2025-10-09 13:08:37,58.86,6026,58.93,E
sh688777,中控技术,2025-10-09 13:08:40,58.81,9497,58.86,D
sh688777,中控技术,2025-10-09 13:08:43,58.89,5538,58.81,E
sh688777,中控技术,2025-10-09 13:08:46,58.8,10741,58.89,D
sh688777,中控技术,2025-10-09 13:08:49,58.82,14553,58.8,E
sh688777,中控技术,2025-10-09 13:08:52,58.8,3565,58.82,E
sh688777,中控技术,2025-10-09 13:08:55,58.76,55569,58.8,D
sh688777,中控技术,2025-10-09 13:09:01,58.76,5923,58.76,D
sh688777,中控技术,2025-10-09 13:09:04,58.7,8800,58.76,D
sh688777,中控技术,2025-10-09 13:09:07,58.72,4302,58.7,D
sh688777,中控技术,2025-10-09 13:09:10,58.7,18221,58.72,D
sh688777,中控技术,2025-10-09 13:09:13,58.72,5467,58.7,U
sh688777,中控技术,2025-10-09 13:09:16,58.69,7248,58.72,D
sh688777,中控技术,2025-10-09 13:09:19,58.62,10536,58.69,D
sh688777,中控技术,2025-10-09 13:09:22,58.72,33823,58.62,U
sh688777,中控技术,2025-10-09 13:09:28,58.69,4324,58.69,D
sh688777,中控技术,2025-10-09 13:09:31,58.69,7374,58.69,U
sh688777,中控技术,2025-10-09 13:09:34,58.66,19260,58.69,D
sh688777,中控技术,2025-10-09 13:09:37,58.72,8456,58.66,U
sh688777,中控技术,2025-10-09 13:09:40,58.7,19211,58.72,D
sh688777,中控技术,2025-10-09 13:09:46,58.67,6623,58.72,D
sh688777,中控技术,2025-10-09 13:09:49,58.68,9504,58.67,D
sh688777,中控技术,2025-10-09 13:09:52,58.66,14938,58.68,D
sh688777,中控技术,2025-10-09 13:09:55,58.66,8105,58.66,D
sh688777,中控技术,2025-10-09 13:09:58,58.64,9020,58.66,D
sh688777,中控技术,2025-10-09 13:10:01,58.61,9781,58.64,D
sh688777,中控技术,2025-10-09 13:10:04,58.58,7965,58.61,D
sh688777,中控技术,2025-10-09 13:10:07,58.55,10292,58.58,D
sh688777,中控技术,2025-10-09 13:10:10,58.6,8882,58.55,E
sh688777,中控技术,2025-10-09 13:10:13,58.57,5098,58.6,D
sh688777,中控技术,2025-10-09 13:10:16,58.57,31588,58.57,E
sh688777,中控技术,2025-10-09 13:10:19,58.65,13620,58.57,U
sh688777,中控技术,2025-10-09 13:10:22,58.7,27608,58.65,U
sh688777,中控技术,2025-10-09 13:10:25,58.75,6200,58.7,U
sh688777,中控技术,2025-10-09 13:10:28,58.76,8731,58.75,U
sh688777,中控技术,2025-10-09 13:10:31,58.75,8749,58.76,D
sh688777,中控技术,2025-10-09 13:10:34,58.76,23637,58.75,U
sh688777,中控技术,2025-10-09 13:10:37,58.72,16389,58.76,D
sh688777,中控技术,2025-10-09 13:10:40,58.76,13295,58.72,U
sh688777,中控技术,2025-10-09 13:10:43,58.79,4667,58.76,U
sh688777,中控技术,2025-10-09 13:10:49,58.85,6388,58.82,U
sh688777,中控技术,2025-10-09 13:10:52,58.84,24482,58.85,D
sh688777,中控技术,2025-10-09 13:10:55,58.82,3893,58.84,E
sh688777,中控技术,2025-10-09 13:10:58,58.88,14690,58.82,U
sh688777,中控技术,2025-10-09 13:11:01,58.8,136953,58.88,D
sh688777,中控技术,2025-10-09 13:11:04,58.89,12998,58.8,E
sh688777,中控技术,2025-10-09 13:11:13,58.82,35812,58.85,D
sh688777,中控技术,2025-10-09 13:11:16,58.83,54270,58.82,U
sh688777,中控技术,2025-10-09 13:11:19,58.8,10600,58.83,E
sh688777,中控技术,2025-10-09 13:11:28,58.81,17392,58.8,U
sh688777,中控技术,2025-10-09 13:11:46,58.85,4000,58.81,U
sh688777,中控技术,2025-10-09 13:11:52,58.81,14164,58.85,D
sh688777,中控技术,2025-10-09 13:11:55,58.79,70733,58.81,D
sh688777,中控技术,2025-10-09 13:11:58,58.78,7094,58.79,D
sh688777,中控技术,2025-10-09 13:12:01,58.77,20177,58.78,D
sh688777,中控技术,2025-10-09 13:12:04,58.76,4173,58.77,D
sh688777,中控技术,2025-10-09 13:12:07,58.81,3892,58.76,U
sh688777,中控技术,2025-10-09 13:12:13,58.77,6228,58.78,U
sh688777,中控技术,2025-10-09 13:12:16,58.74,8263,58.77,D
sh688777,中控技术,2025-10-09 13:12:22,58.7,15440,58.72,D
sh688777,中控技术,2025-10-09 13:12:25,58.71,7321,58.7,E
sh688777,中控技术,2025-10-09 13:12:28,58.7,23223,58.71,D
sh688777,中控技术,2025-10-09 13:12:31,58.68,6188,58.7,D
sh688777,中控技术,2025-10-09 13:12:34,58.68,23517,58.68,D
sh688777,中控技术,2025-10-09 13:12:37,58.66,5173,58.68,D
sh688777,中控技术,2025-10-09 13:12:46,58.64,28756,58.61,U
sh688777,中控技术,2025-10-09 13:12:49,58.64,6792,58.64,D
sh688777,中控技术,2025-10-09 13:12:52,58.61,6660,58.64,D
sh688777,中控技术,2025-10-09 13:12:55,58.61,5892,58.61,U
sh688777,中控技术,2025-10-09 13:13:04,58.58,4562,58.57,U
sh688777,中控技术,2025-10-09 13:13:07,58.57,3568,58.58,D
sh688777,中控技术,2025-10-09 13:13:10,58.58,14301,58.57,E
sh688777,中控技术,2025-10-09 13:13:13,58.61,23766,58.58,U
sh688777,中控技术,2025-10-09 13:13:16,58.58,33759,58.61,D
sh688777,中控技术,2025-10-09 13:13:19,58.58,4609,58.58,U
sh688777,中控技术,2025-10-09 13:13:22,58.57,4042,58.58,D
sh688777,中控技术,2025-10-09 13:13:25,58.57,5976,58.57,D
sh688777,中控技术,2025-10-09 13:13:31,58.68,6772,58.59,U
sh688777,中控技术,2025-10-09 13:13:43,58.68,4131,58.66,U
sh688777,中控技术,2025-10-09 13:13:49,58.62,5800,58.68,E
sh688777,中控技术,2025-10-09 13:13:52,58.68,9473,58.62,U
sh688777,中控技术,2025-10-09 13:13:55,58.68,19171,58.68,U
sh688777,中控技术,2025-10-09 13:14:01,58.59,25350,58.68,D
sh688777,中控技术,2025-10-09 13:14:04,58.56,13894,58.59,D
sh688777,中控技术,2025-10-09 13:14:07,58.56,17921,58.56,D
sh688777,中控技术,2025-10-09 13:14:13,58.59,3600,58.56,U
sh688777,中控技术,2025-10-09 13:14:31,58.6,5753,58.61,D
sh688777,中控技术,2025-10-09 13:14:37,58.56,7320,58.6,D
sh688777,中控技术,2025-10-09 13:14:40,58.55,42349,58.56,D
sh688777,中控技术,2025-10-09 13:14:46,58.56,5563,58.55,U
sh688777,中控技术,2025-10-09 13:14:49,58.53,7374,58.56,D
sh688777,中控技术,2025-10-09 13:14:55,58.51,4880,58.52,D
sh688777,中控技术,2025-10-09 13:14:58,58.5,21286,58.51,D
sh688777,中控技术,2025-10-09 13:15:13,58.41,6806,58.41,D
sh688777,中控技术,2025-10-09 13:15:16,58.39,14480,58.41,D
sh688777,中控技术,2025-10-09 13:15:22,58.39,5177,58.39,U
sh688777,中控技术,2025-10-09 13:15:25,58.39,10911,58.39,U
sh688777,中控技术,2025-10-09 13:15:28,58.38,16573,58.39,D
sh688777,中控技术,2025-10-09 13:15:31,58.39,3484,58.38,U
sh688777,中控技术,2025-10-09 13:15:34,58.31,11820,58.39,D
sh688777,中控技术,2025-10-09 13:15:37,58.38,5400,58.31,U
sh688777,中控技术,2025-10-09 13:15:49,58.41,8509,58.38,U
sh688777,中控技术,2025-10-09 13:15:52,58.43,4644,58.41,E
sh688777,中控技术,2025-10-09 13:15:58,58.4,6736,58.41,D
sh688777,中控技术,2025-10-09 13:16:01,58.35,3810,58.4,D
sh688777,中控技术,2025-10-09 13:16:04,58.33,4969,58.35,D
sh688777,中控技术,2025-10-09 13:16:07,58.33,12528,58.33,D
sh688777,中控技术,2025-10-09 13:16:10,58.37,5000,58.33,E
sh688777,中控技术,2025-10-09 13:16:19,58.35,4875,58.36,D
sh688777,中控技术,2025-10-09 13:16:22,58.35,3982,58.35,U
sh688777,中控技术,2025-10-09 13:16:25,58.32,26948,58.35,D
sh688777,中控技术,2025-10-09 13:16:28,58.3,8954,58.32,D
sh688777,中控技术,2025-10-09 13:16:31,58.3,9600,58.3,D
sh688777,中控技术,2025-10-09 13:16:34,58.26,19401,58.3,D
sh688777,中控技术,2025-10-09 13:16:37,58.26,5100,58.26,U
sh688777,中控技术,2025-10-09 13:16:40,58.24,7031,58.26,U
sh688777,中控技术,2025-10-09 13:16:43,58.28,9338,58.24,U
sh688777,中控技术,2025-10-09 13:16:46,58.28,4350,58.28,D
sh688777,中控技术,2025-10-09 13:16:49,58.29,7565,58.28,D
sh688777,中控技术,2025-10-09 13:16:55,58.35,3484,58.28,U
sh688777,中控技术,2025-10-09 13:17:04,58.26,5605,58.29,D
sh688777,中控技术,2025-10-09 13:17:07,58.25,7188,58.26,D
sh688777,中控技术,2025-10-09 13:17:16,58.25,4002,58.26,U
sh688777,中控技术,2025-10-09 13:17:19,58.25,17750,58.25,U
sh688777,中控技术,2025-10-09 13:17:22,58.28,11052,58.25,U
sh688777,中控技术,2025-10-09 13:17:25,58.2,5818,58.28,D
sh688777,中控技术,2025-10-09 13:17:28,58.21,15496,58.2,U
sh688777,中控技术,2025-10-09 13:17:31,58.2,4601,58.21,D
sh688777,中控技术,2025-10-09 13:17:34,58.2,5233,58.2,D
sh688777,中控技术,2025-10-09 13:17:43,58.21,4171,58.22,D
sh688777,中控技术,2025-10-09 13:17:46,58.2,3776,58.21,D
sh688777,中控技术,2025-10-09 13:17:52,58.27,18476,58.18,U
sh688777,中控技术,2025-10-09 13:17:55,58.22,6786,58.27,E
sh688777,中控技术,2025-10-09 13:17:58,58.26,7400,58.22,E
sh688777,中控技术,2025-10-09 13:18:01,58.19,5433,58.26,E
sh688777,中控技术,2025-10-09 13:18:04,58.18,4568,58.19,D
sh688777,中控技术,2025-10-09 13:18:07,58.21,3468,58.18,U
sh688777,中控技术,2025-10-09 13:18:13,58.27,11206,58.23,U
sh688777,中控技术,2025-10-09 13:18:16,58.21,5205,58.27,D
sh688777,中控技术,2025-10-09 13:18:22,58.19,7991,58.27,D
sh688777,中控技术,2025-10-09 13:18:25,58.17,11473,58.19,D
sh688777,中控技术,2025-10-09 13:18:28,58.26,25118,58.17,U
sh688777,中控技术,2025-10-09 13:18:31,58.2,26340,58.26,E
sh688777,中控技术,2025-10-09 13:18:34,58.16,8659,58.2,D
sh688777,中控技术,2025-10-09 13:18:43,58.25,6000,58.17,U
sh688777,中控技术,2025-10-09 13:18:49,58.17,17715,58.18,D
sh688777,中控技术,2025-10-09 13:18:55,58.16,5230,58.17,U
sh688777,中控技术,2025-10-09 13:19:01,58.13,17880,58.15,D
sh688777,中控技术,2025-10-09 13:19:04,58.12,4130,58.13,D
sh688777,中控技术,2025-10-09 13:19:07,58.13,4881,58.12,U
sh688777,中控技术,2025-10-09 13:19:10,58.13,12459,58.13,U
sh688777,中控技术,2025-10-09 13:19:13,58.1,17598,58.13,D
sh688777,中控技术,2025-10-09 13:19:19,58.1,5495,58.1,U
sh688777,中控技术,2025-10-09 13:19:22,58.1,8439,58.1,D
sh688777,中控技术,2025-10-09 13:19:25,58.1,4360,58.1,U
sh688777,中控技术,2025-10-09 13:19:28,58.1,32157,58.1,U
sh688777,中控技术,2025-10-09 13:19:34,58.06,31298,58.1,D
sh688777,中控技术,2025-10-09 13:19:40,58.05,3719,58.06,D
sh688777,中控技术,2025-10-09 13:19:46,58.05,7546,58.06,D
sh688777,中控技术,2025-10-09 13:20:07,58.07,4234,58.08,D
sh688777,中控技术,2025-10-09 13:20:13,58.07,8728,58.07,D
sh688777,中控技术,2025-10-09 13:20:16,58.12,9578,58.07,U
sh688777,中控技术,2025-10-09 13:20:19,58.08,4714,58.12,D
sh688777,中控技术,2025-10-09 13:20:22,58.1,13759,58.08,U
sh688777,中控技术,2025-10-09 13:20:25,58.08,8148,58.1,D
sh688777,中控技术,2025-10-09 13:20:34,58.1,7574,58.1,U
sh688777,中控技术,2025-10-09 13:20:37,58.1,7110,58.1,D
sh688777,中控技术,2025-10-09 13:20:43,58.13,5648,58.12,U
sh688777,中控技术,2025-10-09 13:20:49,58.13,8917,58.13,U
sh688777,中控技术,2025-10-09 13:20:58,58.13,5345,58.13,U
sh688777,中控技术,2025-10-09 13:21:01,58.14,9093,58.13,U
sh688777,中控技术,2025-10-09 13:21:04,58.09,35714,58.14,D
sh688777,中控技术,2025-10-09 13:21:07,58.06,28473,58.09,D
sh688777,中控技术,2025-10-09 13:21:10,58.05,11300,58.06,D
sh688777,中控技术,2025-10-09 13:21:13,58.04,7087,58.05,E
sh688777,中控技术,2025-10-09 13:21:16,58.05,13794,58.04,U
sh688777,中控技术,2025-10-09 13:21:19,57.99,56565,58.05,D
sh688777,中控技术,2025-10-09 13:21:22,57.98,18420,57.99,D
sh688777,中控技术,2025-10-09 13:21:34,58.02,5055,58.01,U
sh688777,中控技术,2025-10-09 13:21:37,58.0,20288,58.02,D
sh688777,中控技术,2025-10-09 13:21:40,58.0,4082,58.0,U
sh688777,中控技术,2025-10-09 13:21:43,58.02,4765,58.0,U
sh688777,中控技术,2025-10-09 13:21:52,58.0,6844,58.0,U
sh688777,中控技术,2025-10-09 13:21:58,58.04,5463,58.02,U
sh688777,中控技术,2025-10-09 13:22:04,58.02,4690,58.0,D
sh688777,中控技术,2025-10-09 13:22:31,58.06,20947,58.1,D
sh688777,中控技术,2025-10-09 13:22:34,58.09,17842,58.06,U
sh688777,中控技术,2025-10-09 13:22:49,58.13,4883,58.12,U
sh688777,中控技术,2025-10-09 13:22:58,58.22,9253,58.22,D
sh688777,中控技术,2025-10-09 13:23:01,58.15,12813,58.22,D
sh688777,中控技术,2025-10-09 13:23:04,58.19,9228,58.15,E
sh688777,中控技术,2025-10-09 13:23:07,58.14,8032,58.19,D
sh688777,中控技术,2025-10-09 13:23:10,58.15,12802,58.14,U
sh688777,中控技术,2025-10-09 13:23:16,58.3,21107,58.15,U
sh688777,中控技术,2025-10-09 13:23:22,58.17,4963,58.25,E
sh688777,中控技术,2025-10-09 13:23:25,58.16,5586,58.17,D
sh688777,中控技术,2025-10-09 13:23:31,58.16,22271,58.17,D
sh688777,中控技术,2025-10-09 13:23:34,58.15,13916,58.16,D
sh688777,中控技术,2025-10-09 13:23:37,58.1,11670,58.15,D
sh688777,中控技术,2025-10-09 13:23:40,58.13,16818,58.1,E
sh688777,中控技术,2025-10-09 13:23:43,58.12,13364,58.13,U
sh688777,中控技术,2025-10-09 13:23:46,58.03,4308,58.12,D
sh688777,中控技术,2025-10-09 13:23:49,58.1,4546,58.03,U
sh688777,中控技术,2025-10-09 13:23:58,58.06,9870,58.06,U
sh688777,中控技术,2025-10-09 13:24:07,58.04,6930,58.05,D
sh688777,中控技术,2025-10-09 13:24:10,58.06,34689,58.04,U
sh688777,中控技术,2025-10-09 13:24:13,58.1,9008,58.06,U
sh688777,中控技术,2025-10-09 13:24:16,58.1,3870,58.1,D
sh688777,中控技术,2025-10-09 13:24:22,58.04,17729,58.07,D
sh688777,中控技术,2025-10-09 13:24:25,58.02,7841,58.04,D
sh688777,中控技术,2025-10-09 13:24:31,58.01,5271,58.04,D
sh688777,中控技术,2025-10-09 13:24:34,58.01,36260,58.01,D
sh688777,中控技术,2025-10-09 13:24:40,58.01,4841,58.01,D
sh688777,中控技术,2025-10-09 13:24:43,58.01,6457,58.01,D
sh688777,中控技术,2025-10-09 13:24:46,58.02,4434,58.01,U
sh688777,中控技术,2025-10-09 13:24:58,58.01,4284,58.0,U
sh688777,中控技术,2025-10-09 13:25:07,58.05,12469,58.01,U
sh688777,中控技术,2025-10-09 13:25:10,58.06,12454,58.05,U
sh688777,中控技术,2025-10-09 13:25:25,58.08,19622,58.06,U
sh688777,中控技术,2025-10-09 13:25:31,58.04,4385,58.03,U
sh688777,中控技术,2025-10-09 13:25:49,58.04,4800,58.05,D
sh688777,中控技术,2025-10-09 13:25:58,58.06,5144,58.02,U
sh688777,中控技术,2025-10-09 13:26:22,58.08,3659,58.06,E
sh688777,中控技术,2025-10-09 13:26:31,58.13,14255,58.08,U
sh688777,中控技术,2025-10-09 13:26:40,58.15,3556,58.15,U
sh688777,中控技术,2025-10-09 13:26:43,58.15,4284,58.15,U
sh688777,中控技术,2025-10-09 13:26:49,58.15,18105,58.15,D
sh688777,中控技术,2025-10-09 13:26:55,58.24,4199,58.21,U
sh688777,中控技术,2025-10-09 13:26:58,58.28,7667,58.24,U
sh688777,中控技术,2025-10-09 13:27:01,58.28,3468,58.28,U
sh688777,中控技术,2025-10-09 13:27:04,58.25,9244,58.28,E
sh688777,中控技术,2025-10-09 13:27:10,58.29,8341,58.26,U
sh688777,中控技术,2025-10-09 13:27:13,58.29,26000,58.29,U
sh688777,中控技术,2025-10-09 13:27:28,58.28,9101,58.31,D
sh688777,中控技术,2025-10-09 13:27:31,58.27,11172,58.28,D
sh688777,中控技术,2025-10-09 13:27:37,58.27,3914,58.27,U
sh688777,中控技术,2025-10-09 13:27:40,58.25,7231,58.27,D
sh688777,中控技术,2025-10-09 13:27:43,58.29,31191,58.25,U
sh688777,中控技术,2025-10-09 13:27:55,58.29,7438,58.27,U
sh688777,中控技术,2025-10-09 13:28:07,58.29,4339,58.29,U
sh688777,中控技术,2025-10-09 13:28:25,58.3,4813,58.3,U
sh688777,中控技术,2025-10-09 13:28:34,58.31,4500,58.3,E
sh688777,中控技术,2025-10-09 13:28:37,58.27,13794,58.31,D
sh688777,中控技术,2025-10-09 13:28:40,58.27,24157,58.27,D
sh688777,中控技术,2025-10-09 13:28:49,58.3,5376,58.3,U
sh688777,中控技术,2025-10-09 13:28:55,58.29,5056,58.3,D
sh688777,中控技术,2025-10-09 13:28:58,58.3,6497,58.29,U
sh688777,中控技术,2025-10-09 13:29:04,58.3,3968,58.32,D
sh688777,中控技术,2025-10-09 13:29:07,58.27,44236,58.3,D
sh688777,中控技术,2025-10-09 13:29:10,58.24,31045,58.27,D
sh688777,中控技术,2025-10-09 13:29:19,58.24,4168,58.24,U
sh688777,中控技术,2025-10-09 13:29:22,58.24,10183,58.24,E
sh688777,中控技术,2025-10-09 13:29:31,58.21,108406,58.24,D
sh688777,中控技术,2025-10-09 13:30:07,58.16,12429,58.2,D
sh688777,中控技术,2025-10-09 13:30:10,58.15,5894,58.16,D
sh688777,中控技术,2025-10-09 13:30:13,58.2,6271,58.15,U
sh688777,中控技术,2025-10-09 13:30:19,58.2,4578,58.2,D
sh688777,中控技术,2025-10-09 13:30:22,58.2,10275,58.2,D
sh688777,中控技术,2025-10-09 13:30:25,58.17,6354,58.2,D
sh688777,中控技术,2025-10-09 13:30:34,58.17,10955,58.17,D
sh688777,中控技术,2025-10-09 13:30:52,58.19,5639,58.17,U
sh688777,中控技术,2025-10-09 13:30:55,58.16,11112,58.19,D
sh688777,中控技术,2025-10-09 13:30:58,58.2,5000,58.16,U
sh688777,中控技术,2025-10-09 13:31:04,58.17,4481,58.19,D
sh688777,中控技术,2025-10-09 13:31:10,58.16,5611,58.16,D
sh688777,中控技术,2025-10-09 13:31:16,58.17,12043,58.16,D
sh688777,中控技术,2025-10-09 13:31:19,58.15,21455,58.17,D
sh688777,中控技术,2025-10-09 13:31:25,58.15,3940,58.15,U
sh688777,中控技术,2025-10-09 13:31:58,58.1,5255,58.05,U
sh688777,中控技术,2025-10-09 13:32:01,58.05,3579,58.1,D
sh688777,中控技术,2025-10-09 13:32:10,58.1,5592,58.09,E
sh688777,中控技术,2025-10-09 13:32:13,58.09,3757,58.1,D
sh688777,中控技术,2025-10-09 13:32:16,58.1,13500,58.09,U
sh688777,中控技术,2025-10-09 13:32:22,58.1,6460,58.1,U
sh688777,中控技术,2025-10-09 13:32:25,58.1,4197,58.1,U
sh688777,中控技术,2025-10-09 13:32:28,58.12,12114,58.1,U
sh688777,中控技术,2025-10-09 13:32:31,58.12,5018,58.12,U
sh688777,中控技术,2025-10-09 13:32:37,58.1,12908,58.12,D
sh688777,中控技术,2025-10-09 13:32:43,58.1,3500,58.1,U
sh688777,中控技术,2025-10-09 13:32:46,58.09,21093,58.1,D
sh688777,中控技术,2025-10-09 13:32:52,58.08,3665,58.09,D
sh688777,中控技术,2025-10-09 13:32:58,58.08,20780,58.07,U
sh688777,中控技术,2025-10-09 13:33:01,58.08,11203,58.08,D
sh688777,中控技术,2025-10-09 13:33:04,58.08,15235,58.08,D
sh688777,中控技术,2025-10-09 13:33:07,58.06,35981,58.08,D
sh688777,中控技术,2025-10-09 13:33:13,58.1,58874,58.08,U
sh688777,中控技术,2025-10-09 13:33:16,58.13,5847,58.1,U
sh688777,中控技术,2025-10-09 13:33:19,58.2,6971,58.13,U
sh688777,中控技术,2025-10-09 13:33:31,58.28,9125,58.25,U
sh688777,中控技术,2025-10-09 13:33:34,58.31,23071,58.28,U
sh688777,中控技术,2025-10-09 13:33:37,58.33,5866,58.31,U
sh688777,中控技术,2025-10-09 13:33:40,58.35,9350,58.33,U
sh688777,中控技术,2025-10-09 13:33:43,58.36,8769,58.35,U
sh688777,中控技术,2025-10-09 13:33:46,58.36,7047,58.36,U
sh688777,中控技术,2025-10-09 13:33:49,58.39,6724,58.36,U
sh688777,中控技术,2025-10-09 13:33:55,58.4,5968,58.4,U
sh688777,中控技术,2025-10-09 13:33:58,58.42,9229,58.4,U
sh688777,中控技术,2025-10-09 13:34:04,58.42,6175,58.42,U
sh688777,中控技术,2025-10-09 13:34:07,58.38,13121,58.42,D
sh688777,中控技术,2025-10-09 13:34:10,58.36,5596,58.38,D
sh688777,中控技术,2025-10-09 13:34:16,58.3,11900,58.34,D
sh688777,中控技术,2025-10-09 13:34:19,58.3,4038,58.3,D
sh688777,中控技术,2025-10-09 13:34:22,58.31,9391,58.3,U
sh688777,中控技术,2025-10-09 13:34:25,58.29,5487,58.31,E
sh688777,中控技术,2025-10-09 13:34:34,58.31,6150,58.38,D
sh688777,中控技术,2025-10-09 13:34:43,58.39,14231,58.36,U
sh688777,中控技术,2025-10-09 13:34:46,58.41,4465,58.39,U
sh688777,中控技术,2025-10-09 13:34:52,58.33,37476,58.41,D
sh688777,中控技术,2025-10-09 13:34:55,58.33,13125,58.33,U
sh688777,中控技术,2025-10-09 13:35:01,58.34,53032,58.33,E
sh688777,中控技术,2025-10-09 13:35:04,58.33,16069,58.34,U
sh688777,中控技术,2025-10-09 13:35:07,58.31,9001,58.33,D
sh688777,中控技术,2025-10-09 13:35:13,58.4,112538,58.3,U
sh688777,中控技术,2025-10-09 13:35:16,58.4,5451,58.4,U
sh688777,中控技术,2025-10-09 13:35:19,58.23,45854,58.4,D
sh688777,中控技术,2025-10-09 13:35:28,58.39,6075,58.38,U
sh688777,中控技术,2025-10-09 13:35:31,58.37,5008,58.39,D
sh688777,中控技术,2025-10-09 13:35:43,58.33,11495,58.34,D
sh688777,中控技术,2025-10-09 13:35:52,58.34,3675,58.33,U
sh688777,中控技术,2025-10-09 13:35:55,58.3,7602,58.34,D
sh688777,中控技术,2025-10-09 13:35:58,58.34,10289,58.3,U
sh688777,中控技术,2025-10-09 13:36:01,58.34,6773,58.34,D
sh688777,中控技术,2025-10-09 13:36:04,58.27,8447,58.34,D
sh688777,中控技术,2025-10-09 13:36:13,58.35,8907,58.33,U
sh688777,中控技术,2025-10-09 13:36:16,58.32,3592,58.35,D
sh688777,中控技术,2025-10-09 13:36:28,58.3,3631,58.35,D
sh688777,中控技术,2025-10-09 13:36:52,58.35,6000,58.32,U
sh688777,中控技术,2025-10-09 13:36:55,58.39,13218,58.35,U
sh688777,中控技术,2025-10-09 13:36:58,58.31,13520,58.39,D
sh688777,中控技术,2025-10-09 13:37:01,58.43,38760,58.31,U
sh688777,中控技术,2025-10-09 13:37:04,58.48,24525,58.43,U
sh688777,中控技术,2025-10-09 13:37:10,58.4,6186,58.48,D
sh688777,中控技术,2025-10-09 13:37:13,58.51,39451,58.4,U
sh688777,中控技术,2025-10-09 13:37:16,58.51,3501,58.51,U
sh688777,中控技术,2025-10-09 13:37:19,58.55,5136,58.51,U
sh688777,中控技术,2025-10-09 13:37:22,58.56,5098,58.55,U
sh688777,中控技术,2025-10-09 13:37:28,58.57,5937,58.57,D
sh688777,中控技术,2025-10-09 13:37:31,58.6,8701,58.57,U
sh688777,中控技术,2025-10-09 13:37:34,58.6,8025,58.6,D
sh688777,中控技术,2025-10-09 13:37:43,58.71,11858,58.64,U
sh688777,中控技术,2025-10-09 13:37:49,58.77,20394,58.71,U
sh688777,中控技术,2025-10-09 13:37:52,58.77,6160,58.77,D
sh688777,中控技术,2025-10-09 13:37:55,58.8,26403,58.77,U
sh688777,中控技术,2025-10-09 13:37:58,58.85,4786,58.8,U
sh688777,中控技术,2025-10-09 13:38:01,58.85,31041,58.85,U
sh688777,中控技术,2025-10-09 13:38:04,58.85,7898,58.85,U
sh688777,中控技术,2025-10-09 13:38:07,58.86,20098,58.85,U
sh688777,中控技术,2025-10-09 13:38:10,58.85,26712,58.86,D
sh688777,中控技术,2025-10-09 13:38:13,58.88,43791,58.85,U
sh688777,中控技术,2025-10-09 13:38:16,58.88,5992,58.88,D
sh688777,中控技术,2025-10-09 13:38:19,58.96,12724,58.88,U
sh688777,中控技术,2025-10-09 13:38:22,58.89,12926,58.96,U
sh688777,中控技术,2025-10-09 13:38:25,58.89,39502,58.89,D
sh688777,中控技术,2025-10-09 13:38:28,58.91,6840,58.89,E
sh688777,中控技术,2025-10-09 13:38:31,58.92,12235,58.91,U
sh688777,中控技术,2025-10-09 13:38:34,58.86,5319,58.92,D
