symbol,name,ticktime,price,volume,prev_price,kind
sh688777,中控技术,2025-09-30 09:25:00,54.0,137808,0.0,U
sh688777,中控技术,2025-09-30 09:30:01,54.0,12300,54.0,U
sh688777,中控技术,2025-09-30 09:30:04,53.97,31909,54.0,D
sh688777,中控技术,2025-09-30 09:30:07,53.99,10122,53.97,U
sh688777,中控技术,2025-09-30 09:30:10,53.96,53721,53.99,D
sh688777,中控技术,2025-09-30 09:30:13,53.96,19241,53.96,U
sh688777,中控技术,2025-09-30 09:30:16,53.97,18353,53.96,U
sh688777,中控技术,2025-09-30 09:30:19,53.9,38365,53.97,D
sh688777,中控技术,2025-09-30 09:30:22,54.0,25321,53.9,U
sh688777,中控技术,2025-09-30 09:30:25,53.9,21898,54.0,D
sh688777,中控技术,2025-09-30 09:30:28,53.89,11091,53.9,U
sh688777,中控技术,2025-09-30 09:30:31,53.96,12141,53.89,U
sh688777,中控技术,2025-09-30 09:30:34,53.83,12137,53.96,D
sh688777,中控技术,2025-09-30 09:30:37,53.85,15806,53.83,U
sh688777,中控技术,2025-09-30 09:30:40,53.93,34031,53.85,U
sh688777,中控技术,2025-09-30 09:30:43,53.86,25954,53.93,D
sh688777,中控技术,2025-09-30 09:30:46,53.83,29561,53.86,D
sh688777,中控技术,2025-09-30 09:30:49,53.73,38640,53.83,D
sh688777,中控技术,2025-09-30 09:30:52,53.79,11808,53.73,E
sh688777,中控技术,2025-09-30 09:30:55,53.76,15594,53.79,U
sh688777,中控技术,2025-09-30 09:30:58,53.71,5894,53.76,D
sh688777,中控技术,2025-09-30 09:31:01,53.67,10121,53.71,D
sh688777,中控技术,2025-09-30 09:31:04,53.67,13505,53.67,D
sh688777,中控技术,2025-09-30 09:31:07,53.66,45268,53.67,D
sh688777,中控技术,2025-09-30 09:31:10,53.66,11240,53.66,U
sh688777,中控技术,2025-09-30 09:31:13,53.66,27460,53.66,U
sh688777,中控技术,2025-09-30 09:31:16,53.65,20242,53.66,E
sh688777,中控技术,2025-09-30 09:31:19,53.65,20249,53.65,U
sh688777,中控技术,2025-09-30 09:31:22,53.67,7187,53.65,U
sh688777,中控技术,2025-09-30 09:31:25,53.65,12394,53.67,D
sh688777,中控技术,2025-09-30 09:31:28,53.67,4300,53.65,U
sh688777,中控技术,2025-09-30 09:31:31,53.65,7959,53.67,D
sh688777,中控技术,2025-09-30 09:31:34,53.66,6113,53.65,U
sh688777,中控技术,2025-09-30 09:31:43,53.64,5600,53.65,D
sh688777,中控技术,2025-09-30 09:31:46,53.62,4130,53.64,D
sh688777,中控技术,2025-09-30 09:31:49,53.62,18458,53.62,D
sh688777,中控技术,2025-09-30 09:31:52,53.62,12614,53.62,U
sh688777,中控技术,2025-09-30 09:31:55,53.7,14770,53.62,U
sh688777,中控技术,2025-09-30 09:31:58,53.71,37041,53.7,U
sh688777,中控技术,2025-09-30 09:32:04,53.61,16925,53.63,D
sh688777,中控技术,2025-09-30 09:32:07,53.61,10740,53.61,D
sh688777,中控技术,2025-09-30 09:32:10,53.61,20084,53.61,D
sh688777,中控技术,2025-09-30 09:32:13,53.68,9459,53.61,U
sh688777,中控技术,2025-09-30 09:32:16,53.69,5200,53.68,U
sh688777,中控技术,2025-09-30 09:32:19,53.64,15555,53.69,D
sh688777,中控技术,2025-09-30 09:32:31,53.69,7916,53.68,U
sh688777,中控技术,2025-09-30 09:32:34,53.69,4475,53.69,D
sh688777,中控技术,2025-09-30 09:32:37,53.69,6263,53.69,U
sh688777,中控技术,2025-09-30 09:32:40,53.7,7928,53.69,U
sh688777,中控技术,2025-09-30 09:32:43,53.71,19584,53.7,U
sh688777,中控技术,2025-09-30 09:32:49,53.68,36599,53.71,D
sh688777,中控技术,2025-09-30 09:32:52,53.68,14333,53.68,D
sh688777,中控技术,2025-09-30 09:32:55,53.7,5289,53.68,U
sh688777,中控技术,2025-09-30 09:32:58,53.71,10569,53.7,U
sh688777,中控技术,2025-09-30 09:33:01,53.68,11068,53.71,D
sh688777,中控技术,2025-09-30 09:33:04,53.67,27213,53.68,D
sh688777,中控技术,2025-09-30 09:33:07,53.63,32291,53.67,D
sh688777,中控技术,2025-09-30 09:33:10,53.62,29528,53.63,D
sh688777,中控技术,2025-09-30 09:33:13,53.63,20910,53.62,U
sh688777,中控技术,2025-09-30 09:33:16,53.61,16538,53.63,D
sh688777,中控技术,2025-09-30 09:33:19,53.65,10598,53.61,U
sh688777,中控技术,2025-09-30 09:33:22,53.7,21556,53.65,U
sh688777,中控技术,2025-09-30 09:33:25,53.75,43021,53.7,U
sh688777,中控技术,2025-09-30 09:33:34,53.68,7093,53.7,D
sh688777,中控技术,2025-09-30 09:33:37,53.69,4697,53.68,U
sh688777,中控技术,2025-09-30 09:33:43,53.66,10223,53.65,D
sh688777,中控技术,2025-09-30 09:33:55,53.63,7812,53.62,U
sh688777,中控技术,2025-09-30 09:33:58,53.6,47015,53.63,D
sh688777,中控技术,2025-09-30 09:34:01,53.58,10541,53.6,D
sh688777,中控技术,2025-09-30 09:34:04,53.56,6211,53.58,D
sh688777,中控技术,2025-09-30 09:34:07,53.5,17335,53.56,D
sh688777,中控技术,2025-09-30 09:34:13,53.47,20066,53.5,D
sh688777,中控技术,2025-09-30 09:34:16,53.47,9238,53.47,D
sh688777,中控技术,2025-09-30 09:34:22,53.48,3813,53.45,U
sh688777,中控技术,2025-09-30 09:34:25,53.48,7992,53.48,E
sh688777,中控技术,2025-09-30 09:34:28,53.46,25907,53.48,D
sh688777,中控技术,2025-09-30 09:34:31,53.46,25226,53.46,D
sh688777,中控技术,2025-09-30 09:34:34,53.43,10421,53.46,D
sh688777,中控技术,2025-09-30 09:34:40,53.54,4672,53.52,U
sh688777,中控技术,2025-09-30 09:34:46,53.63,16359,53.55,U
sh688777,中控技术,2025-09-30 09:34:49,53.65,10508,53.63,U
sh688777,中控技术,2025-09-30 09:34:55,53.71,5901,53.65,U
sh688777,中控技术,2025-09-30 09:34:58,53.79,10219,53.71,U
sh688777,中控技术,2025-09-30 09:35:01,53.69,10400,53.79,D
sh688777,中控技术,2025-09-30 09:35:07,53.69,10771,53.69,U
sh688777,中控技术,2025-09-30 09:35:10,53.69,4085,53.69,U
sh688777,中控技术,2025-09-30 09:35:13,53.69,6133,53.69,U
sh688777,中控技术,2025-09-30 09:35:16,53.7,45649,53.69,U
sh688777,中控技术,2025-09-30 09:35:25,53.78,5319,53.78,E
sh688777,中控技术,2025-09-30 09:35:28,53.78,16982,53.78,D
sh688777,中控技术,2025-09-30 09:35:31,53.8,6315,53.78,U
sh688777,中控技术,2025-09-30 09:35:34,53.8,6390,53.8,U
sh688777,中控技术,2025-09-30 09:35:37,53.81,3891,53.8,U
sh688777,中控技术,2025-09-30 09:35:43,53.82,10045,53.81,U
sh688777,中控技术,2025-09-30 09:35:55,53.84,4851,53.84,U
sh688777,中控技术,2025-09-30 09:35:58,53.82,74038,53.84,D
sh688777,中控技术,2025-09-30 09:36:01,53.83,12786,53.82,U
sh688777,中控技术,2025-09-30 09:36:04,53.8,4962,53.83,D
sh688777,中控技术,2025-09-30 09:36:07,53.8,11498,53.8,U
sh688777,中控技术,2025-09-30 09:36:10,53.88,27389,53.8,U
sh688777,中控技术,2025-09-30 09:36:13,53.83,7178,53.88,D
sh688777,中控技术,2025-09-30 09:36:19,53.89,8924,53.89,U
sh688777,中控技术,2025-09-30 09:36:28,53.8,14301,53.96,D
sh688777,中控技术,2025-09-30 09:36:34,53.96,7114,53.89,U
sh688777,中控技术,2025-09-30 09:36:40,53.96,15850,53.96,U
sh688777,中控技术,2025-09-30 09:36:49,53.98,10975,53.94,U
sh688777,中控技术,2025-09-30 09:36:52,53.98,17824,53.98,D
sh688777,中控技术,2025-09-30 09:36:58,53.98,21102,53.99,U
sh688777,中控技术,2025-09-30 09:37:01,53.91,21072,53.98,D
sh688777,中控技术,2025-09-30 09:37:04,53.92,14048,53.91,U
sh688777,中控技术,2025-09-30 09:37:07,53.93,6400,53.92,U
sh688777,中控技术,2025-09-30 09:37:13,53.95,11212,53.93,U
sh688777,中控技术,2025-09-30 09:37:16,53.99,21531,53.95,U
sh688777,中控技术,2025-09-30 09:37:19,53.99,9394,53.99,D
sh688777,中控技术,2025-09-30 09:37:22,53.95,4158,53.99,D
sh688777,中控技术,2025-09-30 09:37:25,54.0,14049,53.95,U
sh688777,中控技术,2025-09-30 09:37:28,53.97,10275,54.0,E
sh688777,中控技术,2025-09-30 09:37:31,53.93,11917,53.97,D
sh688777,中控技术,2025-09-30 09:37:34,53.91,21713,53.93,D
sh688777,中控技术,2025-09-30 09:37:43,53.92,33275,53.93,D
sh688777,中控技术,2025-09-30 09:37:46,53.98,5494,53.92,U
sh688777,中控技术,2025-09-30 09:37:49,53.93,9364,53.98,E
sh688777,中控技术,2025-09-30 09:37:52,53.93,5197,53.93,D
sh688777,中控技术,2025-09-30 09:38:01,54.05,33110,53.97,U
sh688777,中控技术,2025-09-30 09:38:04,54.07,46707,54.05,U
sh688777,中控技术,2025-09-30 09:38:07,54.1,9281,54.07,U
sh688777,中控技术,2025-09-30 09:38:10,54.1,22688,54.1,U
sh688777,中控技术,2025-09-30 09:38:16,54.1,7601,54.1,U
sh688777,中控技术,2025-09-30 09:38:19,54.09,9548,54.1,U
sh688777,中控技术,2025-09-30 09:38:22,54.1,7471,54.09,U
sh688777,中控技术,2025-09-30 09:38:25,54.09,5833,54.1,D
sh688777,中控技术,2025-09-30 09:38:28,54.1,6057,54.09,U
sh688777,中控技术,2025-09-30 09:38:31,54.11,21529,54.1,U
sh688777,中控技术,2025-09-30 09:38:34,54.1,3900,54.11,D
sh688777,中控技术,2025-09-30 09:38:40,54.13,18211,54.11,U
sh688777,中控技术,2025-09-30 09:38:43,54.1,6876,54.13,D
sh688777,中控技术,2025-09-30 09:38:46,54.11,9262,54.1,E
sh688777,中控技术,2025-09-30 09:38:49,54.13,27113,54.11,U
sh688777,中控技术,2025-09-30 09:38:52,54.13,9733,54.13,U
sh688777,中控技术,2025-09-30 09:38:55,54.13,10769,54.13,D
sh688777,中控技术,2025-09-30 09:38:58,54.15,7300,54.13,U
sh688777,中控技术,2025-09-30 09:39:01,54.15,4456,54.15,D
sh688777,中控技术,2025-09-30 09:39:04,54.15,18799,54.15,D
sh688777,中控技术,2025-09-30 09:39:07,54.2,52721,54.15,U
sh688777,中控技术,2025-09-30 09:39:10,54.22,6767,54.2,U
sh688777,中控技术,2025-09-30 09:39:13,54.19,9457,54.22,E
sh688777,中控技术,2025-09-30 09:39:16,54.21,22891,54.19,U
sh688777,中控技术,2025-09-30 09:39:19,54.22,7222,54.21,U
sh688777,中控技术,2025-09-30 09:39:25,54.25,35037,54.19,U
sh688777,中控技术,2025-09-30 09:39:31,54.23,12401,54.23,E
sh688777,中控技术,2025-09-30 09:39:34,54.27,11604,54.23,U
sh688777,中控技术,2025-09-30 09:39:37,54.3,31654,54.27,U
sh688777,中控技术,2025-09-30 09:39:40,54.27,7996,54.3,D
sh688777,中控技术,2025-09-30 09:39:43,54.3,5001,54.27,U
sh688777,中控技术,2025-09-30 09:39:46,54.3,15703,54.3,U
sh688777,中控技术,2025-09-30 09:39:49,54.27,3834,54.3,D
sh688777,中控技术,2025-09-30 09:39:52,54.28,3856,54.27,U
sh688777,中控技术,2025-09-30 09:39:58,54.28,3710,54.26,U
sh688777,中控技术,2025-09-30 09:40:01,54.27,15555,54.28,E
sh688777,中控技术,2025-09-30 09:40:04,54.22,26246,54.27,D
sh688777,中控技术,2025-09-30 09:40:07,54.18,6473,54.22,D
sh688777,中控技术,2025-09-30 09:40:10,54.18,20204,54.18,D
sh688777,中控技术,2025-09-30 09:40:13,54.18,6054,54.18,U
sh688777,中控技术,2025-09-30 09:40:19,54.16,6341,54.16,U
sh688777,中控技术,2025-09-30 09:40:22,54.13,21129,54.16,D
sh688777,中控技术,2025-09-30 09:40:28,54.18,6949,54.15,U
sh688777,中控技术,2025-09-30 09:40:37,54.2,17759,54.2,U
sh688777,中控技术,2025-09-30 09:40:40,54.22,10197,54.2,U
sh688777,中控技术,2025-09-30 09:40:43,54.21,7800,54.22,E
sh688777,中控技术,2025-09-30 09:40:49,54.2,4490,54.2,D
sh688777,中控技术,2025-09-30 09:40:55,54.24,15048,54.22,U
sh688777,中控技术,2025-09-30 09:40:58,54.29,5549,54.24,U
sh688777,中控技术,2025-09-30 09:41:01,54.37,84981,54.29,U
sh688777,中控技术,2025-09-30 09:41:04,54.33,6346,54.37,D
sh688777,中控技术,2025-09-30 09:41:07,54.38,5140,54.33,U
sh688777,中控技术,2025-09-30 09:41:13,54.38,8630,54.39,E
sh688777,中控技术,2025-09-30 09:41:16,54.39,4951,54.38,U
sh688777,中控技术,2025-09-30 09:41:19,54.38,30486,54.39,D
sh688777,中控技术,2025-09-30 09:41:22,54.4,9646,54.38,E
sh688777,中控技术,2025-09-30 09:41:25,54.33,10842,54.4,D
sh688777,中控技术,2025-09-30 09:41:28,54.38,7444,54.33,U
sh688777,中控技术,2025-09-30 09:41:31,54.33,4610,54.38,D
sh688777,中控技术,2025-09-30 09:41:34,54.4,5989,54.33,U
sh688777,中控技术,2025-09-30 09:41:37,54.34,6000,54.4,D
sh688777,中控技术,2025-09-30 09:41:40,54.34,4973,54.34,E
sh688777,中控技术,2025-09-30 09:41:43,54.35,12193,54.34,U
sh688777,中控技术,2025-09-30 09:41:49,54.3,9104,54.34,D
sh688777,中控技术,2025-09-30 09:41:52,54.3,11071,54.3,D
sh688777,中控技术,2025-09-30 09:41:58,54.34,7616,54.31,U
sh688777,中控技术,2025-09-30 09:42:01,54.34,6083,54.34,U
sh688777,中控技术,2025-09-30 09:42:04,54.34,26454,54.34,U
sh688777,中控技术,2025-09-30 09:42:10,54.37,12800,54.34,U
sh688777,中控技术,2025-09-30 09:42:13,54.39,29303,54.37,U
sh688777,中控技术,2025-09-30 09:42:25,54.35,21802,54.37,E
sh688777,中控技术,2025-09-30 09:42:28,54.38,19872,54.35,U
sh688777,中控技术,2025-09-30 09:42:31,54.37,4859,54.38,D
sh688777,中控技术,2025-09-30 09:42:34,54.38,15344,54.37,U
sh688777,中控技术,2025-09-30 09:42:37,54.38,12407,54.38,U
sh688777,中控技术,2025-09-30 09:42:43,54.38,8040,54.39,D
sh688777,中控技术,2025-09-30 09:42:46,54.36,4958,54.38,D
sh688777,中控技术,2025-09-30 09:42:49,54.38,22217,54.36,U
sh688777,中控技术,2025-09-30 09:42:52,54.38,5639,54.38,D
sh688777,中控技术,2025-09-30 09:43:01,54.41,27952,54.39,U
sh688777,中控技术,2025-09-30 09:43:04,54.44,3880,54.41,U
sh688777,中控技术,2025-09-30 09:43:10,54.46,11827,54.45,U
sh688777,中控技术,2025-09-30 09:43:13,54.47,13205,54.46,U
sh688777,中控技术,2025-09-30 09:43:19,54.49,6114,54.49,U
sh688777,中控技术,2025-09-30 09:43:22,54.47,15326,54.49,D
sh688777,中控技术,2025-09-30 09:43:25,54.49,22452,54.47,U
sh688777,中控技术,2025-09-30 09:43:28,54.5,86186,54.49,U
sh688777,中控技术,2025-09-30 09:43:31,54.5,27956,54.5,U
sh688777,中控技术,2025-09-30 09:43:40,54.49,40800,54.46,U
sh688777,中控技术,2025-09-30 09:43:46,54.49,53288,54.52,D
sh688777,中控技术,2025-09-30 09:43:49,54.49,12559,54.49,E
sh688777,中控技术,2025-09-30 09:43:52,54.49,18035,54.49,D
sh688777,中控技术,2025-09-30 09:43:55,54.5,7566,54.49,U
sh688777,中控技术,2025-09-30 09:43:58,54.5,19877,54.5,U
sh688777,中控技术,2025-09-30 09:44:01,54.5,11032,54.5,U
sh688777,中控技术,2025-09-30 09:44:04,54.5,9100,54.5,D
sh688777,中控技术,2025-09-30 09:44:10,54.52,17200,54.52,D
sh688777,中控技术,2025-09-30 09:44:16,54.55,12999,54.53,U
sh688777,中控技术,2025-09-30 09:44:19,54.51,28228,54.55,D
sh688777,中控技术,2025-09-30 09:44:22,54.52,9570,54.51,U
sh688777,中控技术,2025-09-30 09:44:25,54.46,15366,54.52,D
sh688777,中控技术,2025-09-30 09:44:28,54.46,3901,54.46,U
sh688777,中控技术,2025-09-30 09:44:31,54.46,6726,54.46,U
sh688777,中控技术,2025-09-30 09:44:34,54.43,6285,54.46,D
sh688777,中控技术,2025-09-30 09:44:37,54.42,7355,54.43,D
sh688777,中控技术,2025-09-30 09:44:40,54.39,14597,54.42,D
sh688777,中控技术,2025-09-30 09:44:55,54.45,4537,54.45,U
sh688777,中控技术,2025-09-30 09:44:58,54.41,4534,54.45,E
sh688777,中控技术,2025-09-30 09:45:01,54.45,19142,54.41,U
sh688777,中控技术,2025-09-30 09:45:07,54.5,17940,54.45,U
sh688777,中控技术,2025-09-30 09:45:10,54.45,7474,54.5,D
sh688777,中控技术,2025-09-30 09:45:19,54.51,7791,54.48,U
sh688777,中控技术,2025-09-30 09:45:25,54.51,15434,54.48,U
sh688777,中控技术,2025-09-30 09:45:34,54.55,28864,54.55,U
sh688777,中控技术,2025-09-30 09:45:37,54.51,17145,54.55,D
sh688777,中控技术,2025-09-30 09:45:40,54.5,20083,54.51,D
sh688777,中控技术,2025-09-30 09:45:43,54.51,14775,54.5,U
sh688777,中控技术,2025-09-30 09:45:46,54.53,7378,54.51,U
sh688777,中控技术,2025-09-30 09:45:49,54.49,9654,54.53,D
sh688777,中控技术,2025-09-30 09:45:52,54.48,7517,54.49,D
sh688777,中控技术,2025-09-30 09:45:55,54.5,15999,54.48,U
sh688777,中控技术,2025-09-30 09:46:01,54.4,14303,54.45,D
sh688777,中控技术,2025-09-30 09:46:04,54.38,20511,54.4,D
sh688777,中控技术,2025-09-30 09:46:07,54.37,6227,54.38,D
sh688777,中控技术,2025-09-30 09:46:13,54.36,6475,54.36,D
sh688777,中控技术,2025-09-30 09:46:16,54.3,4405,54.36,D
sh688777,中控技术,2025-09-30 09:46:19,54.29,10637,54.3,D
sh688777,中控技术,2025-09-30 09:46:22,54.28,8567,54.29,D
sh688777,中控技术,2025-09-30 09:46:25,54.28,5823,54.28,D
sh688777,中控技术,2025-09-30 09:46:28,54.3,9918,54.28,U
sh688777,中控技术,2025-09-30 09:46:34,54.27,4040,54.29,D
sh688777,中控技术,2025-09-30 09:46:37,54.26,10290,54.27,D
sh688777,中控技术,2025-09-30 09:46:46,54.25,13882,54.24,U
sh688777,中控技术,2025-09-30 09:46:49,54.26,29022,54.25,U
sh688777,中控技术,2025-09-30 09:46:52,54.26,6449,54.26,D
sh688777,中控技术,2025-09-30 09:46:55,54.25,11721,54.26,D
sh688777,中控技术,2025-09-30 09:47:07,54.23,4439,54.25,D
sh688777,中控技术,2025-09-30 09:47:13,54.21,6539,54.21,D
sh688777,中控技术,2025-09-30 09:47:16,54.2,4923,54.21,D
sh688777,中控技术,2025-09-30 09:47:19,54.21,13359,54.2,U
sh688777,中控技术,2025-09-30 09:47:22,54.21,4500,54.21,D
sh688777,中控技术,2025-09-30 09:47:25,54.21,12590,54.21,D
sh688777,中控技术,2025-09-30 09:47:28,54.21,6833,54.21,U
sh688777,中控技术,2025-09-30 09:47:34,54.21,7000,54.2,U
sh688777,中控技术,2025-09-30 09:47:37,54.21,4157,54.21,U
sh688777,中控技术,2025-09-30 09:47:40,54.22,8026,54.21,U
sh688777,中控技术,2025-09-30 09:47:43,54.25,16054,54.22,U
sh688777,中控技术,2025-09-30 09:47:46,54.26,8818,54.25,U
sh688777,中控技术,2025-09-30 09:47:49,54.28,4095,54.26,U
sh688777,中控技术,2025-09-30 09:47:55,54.27,8899,54.27,U
sh688777,中控技术,2025-09-30 09:48:01,54.27,4923,54.27,D
sh688777,中控技术,2025-09-30 09:48:10,54.28,14732,54.3,D
sh688777,中控技术,2025-09-30 09:48:13,54.24,5631,54.28,D
sh688777,中控技术,2025-09-30 09:48:16,54.23,4264,54.24,D
sh688777,中控技术,2025-09-30 09:48:19,54.22,5900,54.23,D
sh688777,中控技术,2025-09-30 09:48:22,54.2,14641,54.22,D
sh688777,中控技术,2025-09-30 09:48:25,54.21,15003,54.2,U
sh688777,中控技术,2025-09-30 09:48:28,54.22,4970,54.21,U
sh688777,中控技术,2025-09-30 09:48:31,54.23,8143,54.22,U
sh688777,中控技术,2025-09-30 09:48:34,54.21,4749,54.23,E
sh688777,中控技术,2025-09-30 09:48:40,54.21,4900,54.21,D
sh688777,中控技术,2025-09-30 09:48:43,54.21,14351,54.21,D
sh688777,中控技术,2025-09-30 09:48:52,54.2,11006,54.21,D
sh688777,中控技术,2025-09-30 09:48:55,54.2,11260,54.2,D
sh688777,中控技术,2025-09-30 09:48:58,54.21,9986,54.2,U
sh688777,中控技术,2025-09-30 09:49:16,54.2,21682,54.21,D
sh688777,中控技术,2025-09-30 09:49:19,54.14,58936,54.2,D
sh688777,中控技术,2025-09-30 09:49:34,54.17,11362,54.18,D
sh688777,中控技术,2025-09-30 09:49:37,54.16,5866,54.17,D
sh688777,中控技术,2025-09-30 09:49:46,54.16,5924,54.15,U
sh688777,中控技术,2025-09-30 09:49:49,54.15,4000,54.16,D
sh688777,中控技术,2025-09-30 09:49:52,54.15,11923,54.15,D
sh688777,中控技术,2025-09-30 09:49:55,54.13,4967,54.15,D
sh688777,中控技术,2025-09-30 09:50:01,54.14,10721,54.14,U
sh688777,中控技术,2025-09-30 09:50:19,54.13,6700,54.12,U
sh688777,中控技术,2025-09-30 09:50:28,54.16,11084,54.14,U
sh688777,中控技术,2025-09-30 09:50:31,54.16,7778,54.16,D
sh688777,中控技术,2025-09-30 09:50:40,54.2,4857,54.17,U
sh688777,中控技术,2025-09-30 09:50:52,54.23,8758,54.19,U
sh688777,中控技术,2025-09-30 09:51:10,54.29,3944,54.29,U
sh688777,中控技术,2025-09-30 09:51:13,54.25,9760,54.29,D
sh688777,中控技术,2025-09-30 09:51:16,54.25,5067,54.25,D
sh688777,中控技术,2025-09-30 09:51:19,54.23,15107,54.25,D
sh688777,中控技术,2025-09-30 09:51:22,54.18,17745,54.23,D
sh688777,中控技术,2025-09-30 09:51:25,54.19,7293,54.18,U
sh688777,中控技术,2025-09-30 09:51:37,54.15,16761,54.18,D
sh688777,中控技术,2025-09-30 09:51:40,54.18,10919,54.15,U
sh688777,中控技术,2025-09-30 09:51:49,54.19,9427,54.2,D
sh688777,中控技术,2025-09-30 09:51:52,54.24,4173,54.19,U
sh688777,中控技术,2025-09-30 09:51:55,54.23,4413,54.24,E
sh688777,中控技术,2025-09-30 09:52:16,54.29,9594,54.28,U
sh688777,中控技术,2025-09-30 09:52:19,54.32,4237,54.29,U
sh688777,中控技术,2025-09-30 09:52:43,54.36,5311,54.35,U
sh688777,中控技术,2025-09-30 09:52:46,54.34,7049,54.36,D
sh688777,中控技术,2025-09-30 09:52:49,54.27,5182,54.34,D
sh688777,中控技术,2025-09-30 09:52:52,54.35,7353,54.27,U
sh688777,中控技术,2025-09-30 09:52:55,54.33,3924,54.35,E
sh688777,中控技术,2025-09-30 09:53:10,54.3,4353,54.31,D
sh688777,中控技术,2025-09-30 09:53:22,54.28,7805,54.3,D
sh688777,中控技术,2025-09-30 09:53:25,54.29,6177,54.28,U
sh688777,中控技术,2025-09-30 09:53:34,54.24,7000,54.28,D
sh688777,中控技术,2025-09-30 09:53:40,54.23,11989,54.24,D
sh688777,中控技术,2025-09-30 09:53:55,54.19,8414,54.21,D
sh688777,中控技术,2025-09-30 09:54:04,54.19,4808,54.16,U
sh688777,中控技术,2025-09-30 09:54:25,54.24,7495,54.2,U
sh688777,中控技术,2025-09-30 09:54:28,54.2,8305,54.24,D
sh688777,中控技术,2025-09-30 09:54:34,54.25,5400,54.22,U
sh688777,中控技术,2025-09-30 09:54:37,54.25,5292,54.25,U
sh688777,中控技术,2025-09-30 09:54:52,54.28,6491,54.29,E
sh688777,中控技术,2025-09-30 09:55:01,54.29,7118,54.25,U
sh688777,中控技术,2025-09-30 09:55:04,54.3,7929,54.29,U
sh688777,中控技术,2025-09-30 09:55:13,54.3,8000,54.3,U
sh688777,中控技术,2025-09-30 09:55:28,54.34,5500,54.34,U
sh688777,中控技术,2025-09-30 09:55:37,54.34,14970,54.35,D
sh688777,中控技术,2025-09-30 09:55:40,54.3,12159,54.34,D
sh688777,中控技术,2025-09-30 09:55:43,54.33,4278,54.3,E
sh688777,中控技术,2025-09-30 09:55:46,54.33,4750,54.33,D
sh688777,中控技术,2025-09-30 09:56:01,54.3,23742,54.33,D
sh688777,中控技术,2025-09-30 09:56:19,54.31,3809,54.31,D
sh688777,中控技术,2025-09-30 09:56:25,54.33,8339,54.28,U
sh688777,中控技术,2025-09-30 09:57:07,54.26,14886,54.26,D
sh688777,中控技术,2025-09-30 09:57:16,54.25,4400,54.26,D
sh688777,中控技术,2025-09-30 09:57:25,54.24,4113,54.25,D
sh688777,中控技术,2025-09-30 09:57:40,54.21,5357,54.23,D
sh688777,中控技术,2025-09-30 09:57:43,54.21,4000,54.21,D
sh688777,中控技术,2025-09-30 09:57:46,54.2,13622,54.21,D
sh688777,中控技术,2025-09-30 09:57:49,54.18,4977,54.2,D
sh688777,中控技术,2025-09-30 09:57:55,54.21,8842,54.18,U
sh688777,中控技术,2025-09-30 09:58:04,54.26,13841,54.22,U
sh688777,中控技术,2025-09-30 09:58:13,54.26,6401,54.26,U
sh688777,中控技术,2025-09-30 09:58:22,54.27,3890,54.27,U
sh688777,中控技术,2025-09-30 09:58:31,54.22,3904,54.22,D
sh688777,中控技术,2025-09-30 09:58:37,54.23,31207,54.23,D
sh688777,中控技术,2025-09-30 09:58:40,54.23,4200,54.23,D
sh688777,中控技术,2025-09-30 09:59:01,54.21,4171,54.23,D
sh688777,中控技术,2025-09-30 09:59:04,54.22,7239,54.21,E
sh688777,中控技术,2025-09-30 09:59:43,54.26,22302,54.25,U
sh688777,中控技术,2025-09-30 10:00:01,54.28,4186,54.27,U
sh688777,中控技术,2025-09-30 10:00:07,54.24,11115,54.26,E
sh688777,中控技术,2025-09-30 10:00:16,54.2,13486,54.21,D
sh688777,中控技术,2025-09-30 10:00:19,54.12,62609,54.2,D
sh688777,中控技术,2025-09-30 10:00:22,54.1,6600,54.12,D
sh688777,中控技术,2025-09-30 10:00:25,54.1,7359,54.1,D
sh688777,中控技术,2025-09-30 10:00:31,54.11,5300,54.1,U
sh688777,中控技术,2025-09-30 10:00:34,54.09,4416,54.11,D
sh688777,中控技术,2025-09-30 10:00:43,54.08,5119,54.1,D
sh688777,中控技术,2025-09-30 10:00:46,54.08,12100,54.08,D
sh688777,中控技术,2025-09-30 10:00:52,54.1,21328,54.09,U
sh688777,中控技术,2025-09-30 10:01:01,54.08,8387,54.08,D
sh688777,中控技术,2025-09-30 10:01:04,54.08,3900,54.08,U
sh688777,中控技术,2025-09-30 10:01:07,54.07,6080,54.08,D
sh688777,中控技术,2025-09-30 10:01:13,54.1,9511,54.08,U
sh688777,中控技术,2025-09-30 10:01:16,54.09,4026,54.1,D
sh688777,中控技术,2025-09-30 10:01:31,54.09,3700,54.09,U
sh688777,中控技术,2025-09-30 10:01:34,54.09,22587,54.09,U
sh688777,中控技术,2025-09-30 10:01:37,54.08,8208,54.09,D
sh688777,中控技术,2025-09-30 10:01:40,54.05,12165,54.08,D
sh688777,中控技术,2025-09-30 10:01:43,54.05,11540,54.05,D
sh688777,中控技术,2025-09-30 10:01:46,54.02,14760,54.05,D
sh688777,中控技术,2025-09-30 10:01:58,54.02,4640,54.02,U
sh688777,中控技术,2025-09-30 10:02:01,54.02,12164,54.02,D
sh688777,中控技术,2025-09-30 10:02:04,54.03,5248,54.02,E
sh688777,中控技术,2025-09-30 10:02:16,54.03,5755,54.05,D
sh688777,中控技术,2025-09-30 10:02:34,54.06,4139,54.07,D
sh688777,中控技术,2025-09-30 10:02:43,54.07,5899,54.08,D
sh688777,中控技术,2025-09-30 10:03:04,54.11,15529,54.07,U
sh688777,中控技术,2025-09-30 10:03:07,54.07,23079,54.11,D
sh688777,中控技术,2025-09-30 10:03:10,54.05,19182,54.07,D
sh688777,中控技术,2025-09-30 10:03:13,54.04,11077,54.05,D
sh688777,中控技术,2025-09-30 10:03:16,54.01,16972,54.04,D
sh688777,中控技术,2025-09-30 10:03:19,54.0,21875,54.01,D
sh688777,中控技术,2025-09-30 10:03:25,54.0,8127,54.0,D
sh688777,中控技术,2025-09-30 10:03:28,54.04,3744,54.0,U
sh688777,中控技术,2025-09-30 10:03:31,54.07,6728,54.04,U
sh688777,中控技术,2025-09-30 10:03:49,54.06,5022,54.1,D
sh688777,中控技术,2025-09-30 10:03:55,54.07,20800,54.06,D
sh688777,中控技术,2025-09-30 10:04:31,54.09,5386,54.07,U
sh688777,中控技术,2025-09-30 10:04:37,54.09,8134,54.09,D
sh688777,中控技术,2025-09-30 10:04:43,54.03,35180,54.09,D
sh688777,中控技术,2025-09-30 10:04:52,54.01,3750,54.04,D
sh688777,中控技术,2025-09-30 10:05:01,54.07,11388,54.07,U
sh688777,中控技术,2025-09-30 10:05:04,54.01,13627,54.07,D
sh688777,中控技术,2025-09-30 10:05:22,54.09,20465,54.06,U
sh688777,中控技术,2025-09-30 10:05:25,54.15,8650,54.09,U
sh688777,中控技术,2025-09-30 10:05:28,54.17,12168,54.15,U
sh688777,中控技术,2025-09-30 10:06:01,54.22,3700,54.15,U
sh688777,中控技术,2025-09-30 10:06:04,54.23,6315,54.22,U
sh688777,中控技术,2025-09-30 10:06:07,54.24,6492,54.23,E
sh688777,中控技术,2025-09-30 10:06:16,54.29,6800,54.29,U
sh688777,中控技术,2025-09-30 10:06:19,54.33,14397,54.29,U
sh688777,中控技术,2025-09-30 10:06:31,54.32,4700,54.34,D
sh688777,中控技术,2025-09-30 10:06:46,54.31,6820,54.31,U
sh688777,中控技术,2025-09-30 10:06:49,54.28,22020,54.31,D
sh688777,中控技术,2025-09-30 10:06:52,54.28,12265,54.28,U
sh688777,中控技术,2025-09-30 10:06:55,54.3,4200,54.28,U
sh688777,中控技术,2025-09-30 10:07:07,54.3,5116,54.28,E
sh688777,中控技术,2025-09-30 10:07:16,54.31,10768,54.29,U
sh688777,中控技术,2025-09-30 10:07:37,54.28,4312,54.29,D
sh688777,中控技术,2025-09-30 10:07:40,54.28,5752,54.28,D
sh688777,中控技术,2025-09-30 10:07:58,54.27,7795,54.27,D
sh688777,中控技术,2025-09-30 10:08:01,54.24,6445,54.27,D
sh688777,中控技术,2025-09-30 10:08:04,54.22,9861,54.24,D
sh688777,中控技术,2025-09-30 10:08:46,54.2,19243,54.16,U
sh688777,中控技术,2025-09-30 10:08:49,54.18,3700,54.2,D
sh688777,中控技术,2025-09-30 10:09:31,54.23,9715,54.24,D
sh688777,中控技术,2025-09-30 10:09:49,54.19,5549,54.19,U
sh688777,中控技术,2025-09-30 10:10:25,54.24,13527,54.2,U
sh688777,中控技术,2025-09-30 10:10:49,54.24,7474,54.24,U
sh688777,中控技术,2025-09-30 10:11:04,54.25,11938,54.22,U
sh688777,中控技术,2025-09-30 10:11:16,54.32,21885,54.27,U
sh688777,中控技术,2025-09-30 10:11:25,54.3,5980,54.32,D
sh688777,中控技术,2025-09-30 10:11:28,54.3,3725,54.3,U
sh688777,中控技术,2025-09-30 10:11:31,54.27,15349,54.3,D
sh688777,中控技术,2025-09-30 10:11:34,54.32,10000,54.27,U
sh688777,中控技术,2025-09-30 10:11:37,54.32,4404,54.32,U
sh688777,中控技术,2025-09-30 10:11:43,54.32,3753,54.3,U
sh688777,中控技术,2025-09-30 10:11:46,54.35,4400,54.32,U
sh688777,中控技术,2025-09-30 10:11:52,54.35,5058,54.35,U
sh688777,中控技术,2025-09-30 10:11:58,54.34,8800,54.35,D
sh688777,中控技术,2025-09-30 10:12:01,54.35,12440,54.34,U
sh688777,中控技术,2025-09-30 10:12:07,54.35,4757,54.35,D
sh688777,中控技术,2025-09-30 10:12:10,54.36,7537,54.35,U
sh688777,中控技术,2025-09-30 10:12:13,54.35,5023,54.36,D
sh688777,中控技术,2025-09-30 10:12:22,54.34,17973,54.34,D
sh688777,中控技术,2025-09-30 10:12:34,54.36,8333,54.35,U
sh688777,中控技术,2025-09-30 10:12:52,54.36,5200,54.37,D
sh688777,中控技术,2025-09-30 10:12:55,54.37,4145,54.36,E
sh688777,中控技术,2025-09-30 10:13:01,54.37,8303,54.37,D
sh688777,中控技术,2025-09-30 10:13:04,54.37,12500,54.37,U
sh688777,中控技术,2025-09-30 10:13:10,54.4,12780,54.37,U
sh688777,中控技术,2025-09-30 10:13:19,54.41,32000,54.4,U
sh688777,中控技术,2025-09-30 10:13:28,54.42,8382,54.41,U
sh688777,中控技术,2025-09-30 10:13:34,54.41,5300,54.4,E
sh688777,中控技术,2025-09-30 10:13:43,54.45,6680,54.43,U
sh688777,中控技术,2025-09-30 10:13:46,54.42,7936,54.45,D
sh688777,中控技术,2025-09-30 10:13:52,54.43,5511,54.42,U
sh688777,中控技术,2025-09-30 10:14:10,54.41,6142,54.41,D
sh688777,中控技术,2025-09-30 10:14:13,54.4,8226,54.41,D
sh688777,中控技术,2025-09-30 10:14:16,54.41,4540,54.4,U
sh688777,中控技术,2025-09-30 10:14:22,54.4,16368,54.42,D
sh688777,中控技术,2025-09-30 10:14:37,54.35,18690,54.36,D
sh688777,中控技术,2025-09-30 10:14:43,54.35,4656,54.34,U
sh688777,中控技术,2025-09-30 10:14:55,54.31,3700,54.34,D
sh688777,中控技术,2025-09-30 10:15:01,54.36,20380,54.31,U
sh688777,中控技术,2025-09-30 10:15:04,54.43,11705,54.36,U
sh688777,中控技术,2025-09-30 10:15:43,54.39,17817,54.41,D
sh688777,中控技术,2025-09-30 10:15:58,54.3,16000,54.35,D
sh688777,中控技术,2025-09-30 10:16:01,54.31,9000,54.3,U
sh688777,中控技术,2025-09-30 10:16:04,54.32,5348,54.31,U
sh688777,中控技术,2025-09-30 10:16:28,54.35,4189,54.35,U
sh688777,中控技术,2025-09-30 10:16:40,54.33,14885,54.35,D
sh688777,中控技术,2025-09-30 10:17:22,54.31,17217,54.26,U
sh688777,中控技术,2025-09-30 10:18:01,54.3,18958,54.31,D
sh688777,中控技术,2025-09-30 10:18:37,54.29,11517,54.2,U
sh688777,中控技术,2025-09-30 10:18:58,54.3,6474,54.31,D
sh688777,中控技术,2025-09-30 10:19:01,54.31,5279,54.3,U
sh688777,中控技术,2025-09-30 10:19:10,54.28,9986,54.29,D
sh688777,中控技术,2025-09-30 10:19:34,54.32,9121,54.29,U
sh688777,中控技术,2025-09-30 10:19:49,54.37,6574,54.34,U
sh688777,中控技术,2025-09-30 10:19:52,54.37,6900,54.37,D
sh688777,中控技术,2025-09-30 10:19:58,54.4,17233,54.39,U
sh688777,中控技术,2025-09-30 10:20:07,54.38,10386,54.38,U
sh688777,中控技术,2025-09-30 10:20:40,54.34,6900,54.35,D
sh688777,中控技术,2025-09-30 10:20:49,54.35,4138,54.35,U
sh688777,中控技术,2025-09-30 10:21:04,54.36,5716,54.36,U
sh688777,中控技术,2025-09-30 10:21:28,54.36,8008,54.37,D
sh688777,中控技术,2025-09-30 10:21:37,54.32,11548,54.35,D
sh688777,中控技术,2025-09-30 10:21:43,54.32,7297,54.32,D
sh688777,中控技术,2025-09-30 10:22:04,54.28,13642,54.33,D
sh688777,中控技术,2025-09-30 10:22:25,54.28,5207,54.23,U
sh688777,中控技术,2025-09-30 10:22:58,54.25,9366,54.21,U
sh688777,中控技术,2025-09-30 10:23:01,54.25,11435,54.25,U
sh688777,中控技术,2025-09-30 10:23:16,54.21,4200,54.21,D
sh688777,中控技术,2025-09-30 10:23:25,54.21,7076,54.24,D
sh688777,中控技术,2025-09-30 10:23:31,54.2,6650,54.24,D
sh688777,中控技术,2025-09-30 10:23:34,54.2,6960,54.2,D
sh688777,中控技术,2025-09-30 10:23:49,54.2,5076,54.2,U
sh688777,中控技术,2025-09-30 10:23:52,54.18,4835,54.2,D
sh688777,中控技术,2025-09-30 10:24:01,54.16,7614,54.17,U
sh688777,中控技术,2025-09-30 10:24:10,54.16,4400,54.16,D
sh688777,中控技术,2025-09-30 10:24:19,54.15,4800,54.16,D
sh688777,中控技术,2025-09-30 10:24:25,54.15,8002,54.15,D
sh688777,中控技术,2025-09-30 10:24:34,54.15,3792,54.14,U
sh688777,中控技术,2025-09-30 10:24:49,54.15,7762,54.16,D
sh688777,中控技术,2025-09-30 10:25:01,54.18,6000,54.18,U
sh688777,中控技术,2025-09-30 10:25:07,54.14,11498,54.16,D
sh688777,中控技术,2025-09-30 10:25:10,54.13,7160,54.14,D
sh688777,中控技术,2025-09-30 10:25:13,54.1,20600,54.13,D
sh688777,中控技术,2025-09-30 10:25:40,54.07,5061,54.08,D
sh688777,中控技术,2025-09-30 10:25:52,54.08,5972,54.08,U
sh688777,中控技术,2025-09-30 10:26:04,54.06,8750,54.09,D
sh688777,中控技术,2025-09-30 10:26:07,54.08,11400,54.06,U
sh688777,中控技术,2025-09-30 10:26:22,54.03,10109,54.05,D
sh688777,中控技术,2025-09-30 10:26:25,54.01,9855,54.03,D
sh688777,中控技术,2025-09-30 10:26:28,54.0,4600,54.01,D
sh688777,中控技术,2025-09-30 10:26:31,53.98,43114,54.0,D
sh688777,中控技术,2025-09-30 10:26:46,53.86,22380,53.94,D
sh688777,中控技术,2025-09-30 10:26:58,53.86,5010,53.92,D
sh688777,中控技术,2025-09-30 10:27:07,53.86,7108,53.88,D
sh688777,中控技术,2025-09-30 10:27:16,53.81,4796,53.84,D
sh688777,中控技术,2025-09-30 10:27:19,53.84,17300,53.81,U
sh688777,中控技术,2025-09-30 10:27:31,53.86,4200,53.86,D
sh688777,中控技术,2025-09-30 10:27:37,53.86,4848,53.86,U
sh688777,中控技术,2025-09-30 10:27:58,53.91,6307,53.9,U
sh688777,中控技术,2025-09-30 10:28:16,53.92,14143,53.89,D
sh688777,中控技术,2025-09-30 10:28:43,53.95,5000,53.91,U
sh688777,中控技术,2025-09-30 10:28:58,53.91,9368,53.92,D
sh688777,中控技术,2025-09-30 10:29:04,53.97,3779,53.94,U
sh688777,中控技术,2025-09-30 10:29:07,54.0,5938,53.97,U
sh688777,中控技术,2025-09-30 10:29:31,54.03,4206,54.05,D
sh688777,中控技术,2025-09-30 10:29:40,53.97,3844,54.03,D
sh688777,中控技术,2025-09-30 10:29:55,54.02,7258,54.02,U
sh688777,中控技术,2025-09-30 10:29:58,54.01,8239,54.02,D
sh688777,中控技术,2025-09-30 10:30:01,54.0,12997,54.01,D
sh688777,中控技术,2025-09-30 10:30:16,54.0,5549,54.0,U
sh688777,中控技术,2025-09-30 10:30:22,53.95,7076,53.99,D
sh688777,中控技术,2025-09-30 10:30:55,53.94,4440,53.94,D
sh688777,中控技术,2025-09-30 10:31:04,53.95,47339,53.92,U
sh688777,中控技术,2025-09-30 10:31:07,53.98,28581,53.95,U
sh688777,中控技术,2025-09-30 10:31:19,53.96,3757,53.99,D
sh688777,中控技术,2025-09-30 10:32:07,53.97,8213,53.99,D
sh688777,中控技术,2025-09-30 10:32:13,54.02,10147,53.96,U
sh688777,中控技术,2025-09-30 10:32:16,54.07,13792,54.02,U
sh688777,中控技术,2025-09-30 10:32:25,54.01,20200,54.07,D
sh688777,中控技术,2025-09-30 10:32:55,54.08,12710,54.08,U
sh688777,中控技术,2025-09-30 10:33:07,54.1,5795,54.08,U
sh688777,中控技术,2025-09-30 10:33:13,54.1,11131,54.08,U
sh688777,中控技术,2025-09-30 10:33:16,54.08,5500,54.1,D
sh688777,中控技术,2025-09-30 10:33:25,54.09,10800,54.08,D
sh688777,中控技术,2025-09-30 10:33:28,54.1,5000,54.09,E
sh688777,中控技术,2025-09-30 10:33:58,54.09,4519,54.09,U
sh688777,中控技术,2025-09-30 10:34:01,54.02,18601,54.09,D
sh688777,中控技术,2025-09-30 10:34:04,54.1,32598,54.02,U
sh688777,中控技术,2025-09-30 10:34:55,54.15,4290,54.14,D
sh688777,中控技术,2025-09-30 10:35:34,54.19,5023,54.18,E
sh688777,中控技术,2025-09-30 10:35:43,54.19,8805,54.19,D
sh688777,中控技术,2025-09-30 10:35:46,54.26,22925,54.19,U
sh688777,中控技术,2025-09-30 10:35:55,54.3,5500,54.26,U
sh688777,中控技术,2025-09-30 10:36:04,54.27,11269,54.31,D
sh688777,中控技术,2025-09-30 10:36:16,54.3,13785,54.27,U
sh688777,中控技术,2025-09-30 10:36:19,54.35,55586,54.3,U
sh688777,中控技术,2025-09-30 10:36:31,54.37,10858,54.35,U
sh688777,中控技术,2025-09-30 10:36:43,54.31,8665,54.35,D
sh688777,中控技术,2025-09-30 10:37:28,54.28,11227,54.29,D
sh688777,中控技术,2025-09-30 10:37:31,54.28,6218,54.28,D
sh688777,中控技术,2025-09-30 10:37:34,54.28,18758,54.28,U
sh688777,中控技术,2025-09-30 10:37:52,54.27,4000,54.27,D
sh688777,中控技术,2025-09-30 10:37:58,54.27,4137,54.27,D
sh688777,中控技术,2025-09-30 10:38:16,54.3,64430,54.26,U
sh688777,中控技术,2025-09-30 10:38:55,54.23,22548,54.24,D
sh688777,中控技术,2025-09-30 10:39:07,54.24,6142,54.2,U
sh688777,中控技术,2025-09-30 10:39:13,54.25,3836,54.24,U
sh688777,中控技术,2025-09-30 10:39:16,54.3,10354,54.25,U
sh688777,中控技术,2025-09-30 10:39:19,54.29,4166,54.3,D
sh688777,中控技术,2025-09-30 10:39:31,54.3,11752,54.29,U
sh688777,中控技术,2025-09-30 10:39:40,54.3,8827,54.29,U
sh688777,中控技术,2025-09-30 10:39:43,54.29,10752,54.3,D
sh688777,中控技术,2025-09-30 10:40:01,54.26,8859,54.22,E
sh688777,中控技术,2025-09-30 10:40:04,54.27,8492,54.26,E
sh688777,中控技术,2025-09-30 10:40:31,54.23,8720,54.26,D
sh688777,中控技术,2025-09-30 10:40:34,54.25,6765,54.23,U
sh688777,中控技术,2025-09-30 10:41:04,54.11,13142,54.17,D
sh688777,中控技术,2025-09-30 10:41:10,54.11,15743,54.11,U
sh688777,中控技术,2025-09-30 10:41:13,54.12,4306,54.11,E
sh688777,中控技术,2025-09-30 10:41:25,54.16,5672,54.12,U
sh688777,中控技术,2025-09-30 10:42:22,54.25,16410,54.16,U
sh688777,中控技术,2025-09-30 10:42:31,54.24,7624,54.25,D
sh688777,中控技术,2025-09-30 10:42:58,54.27,8089,54.25,U
sh688777,中控技术,2025-09-30 10:43:19,54.27,6700,54.26,U
sh688777,中控技术,2025-09-30 10:43:22,54.28,5450,54.27,U
sh688777,中控技术,2025-09-30 10:43:28,54.21,9876,54.28,D
sh688777,中控技术,2025-09-30 10:43:43,54.26,4100,54.26,D
sh688777,中控技术,2025-09-30 10:43:52,54.26,5555,54.26,U
sh688777,中控技术,2025-09-30 10:44:07,54.24,31952,54.22,E
sh688777,中控技术,2025-09-30 10:44:31,54.3,9774,54.23,U
sh688777,中控技术,2025-09-30 10:44:34,54.34,19058,54.3,U
sh688777,中控技术,2025-09-30 10:44:37,54.35,9637,54.34,U
sh688777,中控技术,2025-09-30 10:44:46,54.36,5000,54.35,U
sh688777,中控技术,2025-09-30 10:44:49,54.35,4505,54.36,E
sh688777,中控技术,2025-09-30 10:44:52,54.33,5400,54.35,D
sh688777,中控技术,2025-09-30 10:44:58,54.39,8800,54.36,U
sh688777,中控技术,2025-09-30 10:45:01,54.43,41127,54.39,U
sh688777,中控技术,2025-09-30 10:45:04,54.4,12652,54.43,D
sh688777,中控技术,2025-09-30 10:45:25,54.37,3800,54.39,D
sh688777,中控技术,2025-09-30 10:45:34,54.39,13429,54.39,U
sh688777,中控技术,2025-09-30 10:45:49,54.36,14602,54.36,U
sh688777,中控技术,2025-09-30 10:46:01,54.35,20948,54.39,D
sh688777,中控技术,2025-09-30 10:46:04,54.33,19819,54.35,D
sh688777,中控技术,2025-09-30 10:46:22,54.3,8204,54.33,D
sh688777,中控技术,2025-09-30 10:46:52,54.38,8988,54.36,U
sh688777,中控技术,2025-09-30 10:47:04,54.39,6000,54.37,U
sh688777,中控技术,2025-09-30 10:47:43,54.39,21220,54.33,U
sh688777,中控技术,2025-09-30 10:48:04,54.35,5240,54.32,U
sh688777,中控技术,2025-09-30 10:48:07,54.37,7311,54.35,U
sh688777,中控技术,2025-09-30 10:48:34,54.38,20500,54.34,U
sh688777,中控技术,2025-09-30 10:48:46,54.35,6643,54.36,D
sh688777,中控技术,2025-09-30 10:49:01,54.31,6325,54.34,D
sh688777,中控技术,2025-09-30 10:49:10,54.3,6898,54.3,D
sh688777,中控技术,2025-09-30 10:49:25,54.23,5400,54.27,D
sh688777,中控技术,2025-09-30 10:49:31,54.24,6200,54.28,D
sh688777,中控技术,2025-09-30 10:50:07,54.22,4982,54.25,D
sh688777,中控技术,2025-09-30 10:50:13,54.22,3918,54.22,D
sh688777,中控技术,2025-09-30 10:50:22,54.26,4860,54.24,U
sh688777,中控技术,2025-09-30 10:51:16,54.21,4400,54.24,D
sh688777,中控技术,2025-09-30 10:51:49,54.22,4684,54.23,D
sh688777,中控技术,2025-09-30 10:52:01,54.22,9703,54.23,D
sh688777,中控技术,2025-09-30 10:52:07,54.2,4744,54.18,U
sh688777,中控技术,2025-09-30 10:52:16,54.24,8276,54.23,U
sh688777,中控技术,2025-09-30 10:52:28,54.18,9847,54.21,D
sh688777,中控技术,2025-09-30 10:53:13,54.13,8161,54.12,U
sh688777,中控技术,2025-09-30 10:53:22,54.18,12515,54.15,U
sh688777,中控技术,2025-09-30 10:53:25,54.26,24602,54.18,U
sh688777,中控技术,2025-09-30 10:54:04,54.27,20866,54.24,U
sh688777,中控技术,2025-09-30 10:55:22,54.28,18000,54.25,U
sh688777,中控技术,2025-09-30 10:56:01,54.34,19271,54.25,U
sh688777,中控技术,2025-09-30 10:56:25,54.34,11467,54.27,U
sh688777,中控技术,2025-09-30 10:56:46,54.32,4300,54.31,U
sh688777,中控技术,2025-09-30 10:56:58,54.35,8057,54.32,U
sh688777,中控技术,2025-09-30 10:57:19,54.38,10328,54.38,U
sh688777,中控技术,2025-09-30 10:57:22,54.39,40768,54.38,U
sh688777,中控技术,2025-09-30 10:57:34,54.4,7839,54.39,U
sh688777,中控技术,2025-09-30 10:57:46,54.39,7762,54.38,U
sh688777,中控技术,2025-09-30 10:57:52,54.39,5708,54.4,D
sh688777,中控技术,2025-09-30 10:58:01,54.4,6900,54.4,U
sh688777,中控技术,2025-09-30 10:58:07,54.4,3700,54.4,U
sh688777,中控技术,2025-09-30 10:58:25,54.37,4285,54.38,D
sh688777,中控技术,2025-09-30 10:58:37,54.36,14663,54.36,D
sh688777,中控技术,2025-09-30 10:59:01,54.29,8732,54.34,D
sh688777,中控技术,2025-09-30 11:00:01,54.32,7800,54.33,D
sh688777,中控技术,2025-09-30 11:00:13,54.31,6950,54.31,D
sh688777,中控技术,2025-09-30 11:00:28,54.3,9386,54.31,D
sh688777,中控技术,2025-09-30 11:00:31,54.29,21999,54.3,D
sh688777,中控技术,2025-09-30 11:00:43,54.31,6924,54.27,U
sh688777,中控技术,2025-09-30 11:01:34,54.29,8690,54.3,D
sh688777,中控技术,2025-09-30 11:02:04,54.35,4000,54.34,U
sh688777,中控技术,2025-09-30 11:02:07,54.34,3800,54.35,D
sh688777,中控技术,2025-09-30 11:02:10,54.32,21158,54.34,D
sh688777,中控技术,2025-09-30 11:02:16,54.35,35300,54.32,U
sh688777,中控技术,2025-09-30 11:02:43,54.34,5875,54.31,U
sh688777,中控技术,2025-09-30 11:02:52,54.3,5000,54.34,D
sh688777,中控技术,2025-09-30 11:03:28,54.36,13342,54.35,U
sh688777,中控技术,2025-09-30 11:03:58,54.36,3755,54.37,D
sh688777,中控技术,2025-09-30 11:04:16,54.37,7543,54.36,U
sh688777,中控技术,2025-09-30 11:04:40,54.36,6035,54.38,D
sh688777,中控技术,2025-09-30 11:04:43,54.36,5106,54.36,U
sh688777,中控技术,2025-09-30 11:04:58,54.34,4625,54.35,D
sh688777,中控技术,2025-09-30 11:05:01,54.35,4105,54.34,U
sh688777,中控技术,2025-09-30 11:05:07,54.34,5485,54.35,D
sh688777,中控技术,2025-09-30 11:05:10,54.36,5526,54.34,U
sh688777,中控技术,2025-09-30 11:05:13,54.39,6939,54.36,U
sh688777,中控技术,2025-09-30 11:05:16,54.4,10524,54.39,U
sh688777,中控技术,2025-09-30 11:05:22,54.4,8075,54.4,U
sh688777,中控技术,2025-09-30 11:05:25,54.42,15839,54.4,U
sh688777,中控技术,2025-09-30 11:05:55,54.42,6943,54.42,U
sh688777,中控技术,2025-09-30 11:05:58,54.41,4749,54.42,D
sh688777,中控技术,2025-09-30 11:06:01,54.43,8580,54.41,U
sh688777,中控技术,2025-09-30 11:06:04,54.42,5570,54.43,U
sh688777,中控技术,2025-09-30 11:06:13,54.42,3752,54.42,D
sh688777,中控技术,2025-09-30 11:06:16,54.43,9079,54.42,U
sh688777,中控技术,2025-09-30 11:07:16,54.4,4508,54.41,D
sh688777,中控技术,2025-09-30 11:07:28,54.4,4038,54.4,U
sh688777,中控技术,2025-09-30 11:08:22,54.38,5838,54.39,D
sh688777,中控技术,2025-09-30 11:08:52,54.37,4005,54.36,U
sh688777,中控技术,2025-09-30 11:09:04,54.35,6778,54.37,D
sh688777,中控技术,2025-09-30 11:09:07,54.36,4294,54.35,U
sh688777,中控技术,2025-09-30 11:09:28,54.38,5500,54.38,U
sh688777,中控技术,2025-09-30 11:09:37,54.35,4520,54.36,D
sh688777,中控技术,2025-09-30 11:10:04,54.43,50000,54.39,U
sh688777,中控技术,2025-09-30 11:10:07,54.42,4071,54.43,U
sh688777,中控技术,2025-09-30 11:10:16,54.42,42982,54.35,U
sh688777,中控技术,2025-09-30 11:10:19,54.49,72798,54.42,U
sh688777,中控技术,2025-09-30 11:10:22,54.56,220901,54.49,U
sh688777,中控技术,2025-09-30 11:10:25,54.56,64793,54.56,U
sh688777,中控技术,2025-09-30 11:10:37,54.56,5700,54.57,D
sh688777,中控技术,2025-09-30 11:10:40,54.58,3858,54.56,U
sh688777,中控技术,2025-09-30 11:10:46,54.59,8828,54.58,U
sh688777,中控技术,2025-09-30 11:10:49,54.6,48600,54.59,U
sh688777,中控技术,2025-09-30 11:10:52,54.6,24790,54.6,U
sh688777,中控技术,2025-09-30 11:10:55,54.63,5200,54.6,U
sh688777,中控技术,2025-09-30 11:10:58,54.63,4904,54.63,U
sh688777,中控技术,2025-09-30 11:11:01,54.66,34508,54.63,U
sh688777,中控技术,2025-09-30 11:11:04,54.69,62784,54.66,U
sh688777,中控技术,2025-09-30 11:11:07,54.67,7600,54.69,D
sh688777,中控技术,2025-09-30 11:11:10,54.7,10200,54.67,U
sh688777,中控技术,2025-09-30 11:11:13,54.69,17519,54.7,E
sh688777,中控技术,2025-09-30 11:11:19,54.65,19431,54.7,D
sh688777,中控技术,2025-09-30 11:11:22,54.69,11412,54.65,U
sh688777,中控技术,2025-09-30 11:11:25,54.66,10500,54.69,E
sh688777,中控技术,2025-09-30 11:11:28,54.68,11200,54.66,U
sh688777,中控技术,2025-09-30 11:11:40,54.68,11872,54.68,U
sh688777,中控技术,2025-09-30 11:11:43,54.66,7454,54.68,D
sh688777,中控技术,2025-09-30 11:11:52,54.63,4113,54.66,D
sh688777,中控技术,2025-09-30 11:11:58,54.65,11866,54.65,U
sh688777,中控技术,2025-09-30 11:12:04,54.67,7833,54.65,U
sh688777,中控技术,2025-09-30 11:12:07,54.67,31512,54.67,U
sh688777,中控技术,2025-09-30 11:12:16,54.67,29538,54.66,U
sh688777,中控技术,2025-09-30 11:12:19,54.68,8926,54.67,U
sh688777,中控技术,2025-09-30 11:12:22,54.7,18163,54.68,U
sh688777,中控技术,2025-09-30 11:12:28,54.69,5634,54.68,E
sh688777,中控技术,2025-09-30 11:12:31,54.7,13529,54.69,U
sh688777,中控技术,2025-09-30 11:12:34,54.71,7046,54.7,U
sh688777,中控技术,2025-09-30 11:12:37,54.71,5254,54.71,U
sh688777,中控技术,2025-09-30 11:12:40,54.71,11000,54.71,D
sh688777,中控技术,2025-09-30 11:12:43,54.76,11800,54.71,U
sh688777,中控技术,2025-09-30 11:12:49,54.75,6715,54.75,U
sh688777,中控技术,2025-09-30 11:12:52,54.77,28043,54.75,U
sh688777,中控技术,2025-09-30 11:12:55,54.78,14200,54.77,U
sh688777,中控技术,2025-09-30 11:12:58,54.8,28206,54.78,U
sh688777,中控技术,2025-09-30 11:13:01,54.8,44751,54.8,U
sh688777,中控技术,2025-09-30 11:13:04,54.82,8036,54.8,U
sh688777,中控技术,2025-09-30 11:13:10,54.85,11008,54.85,U
sh688777,中控技术,2025-09-30 11:13:13,54.86,6940,54.85,U
sh688777,中控技术,2025-09-30 11:13:16,54.86,29573,54.86,U
sh688777,中控技术,2025-09-30 11:13:19,54.86,12763,54.86,U
sh688777,中控技术,2025-09-30 11:13:22,54.86,13147,54.86,U
sh688777,中控技术,2025-09-30 11:13:28,54.88,26075,54.86,U
sh688777,中控技术,2025-09-30 11:13:31,54.88,12709,54.88,U
sh688777,中控技术,2025-09-30 11:13:34,54.88,5682,54.88,U
sh688777,中控技术,2025-09-30 11:13:40,54.89,5418,54.87,U
sh688777,中控技术,2025-09-30 11:13:43,54.88,14898,54.89,U
sh688777,中控技术,2025-09-30 11:13:46,54.87,43207,54.88,E
sh688777,中控技术,2025-09-30 11:13:49,54.81,29049,54.87,D
sh688777,中控技术,2025-09-30 11:13:52,54.81,8834,54.81,D
sh688777,中控技术,2025-09-30 11:14:04,54.77,5329,54.79,D
sh688777,中控技术,2025-09-30 11:14:07,54.81,15042,54.77,U
sh688777,中控技术,2025-09-30 11:14:10,54.8,15458,54.81,U
sh688777,中控技术,2025-09-30 11:14:31,54.84,5845,54.81,U
sh688777,中控技术,2025-09-30 11:14:49,54.85,7720,54.83,U
sh688777,中控技术,2025-09-30 11:14:52,54.87,4419,54.85,U
sh688777,中控技术,2025-09-30 11:14:58,54.86,5603,54.86,U
sh688777,中控技术,2025-09-30 11:15:01,54.85,67470,54.86,D
sh688777,中控技术,2025-09-30 11:15:04,54.86,9482,54.85,U
sh688777,中控技术,2025-09-30 11:15:07,54.92,17334,54.86,U
sh688777,中控技术,2025-09-30 11:15:10,54.86,7226,54.92,D
sh688777,中控技术,2025-09-30 11:15:13,54.87,13520,54.86,E
sh688777,中控技术,2025-09-30 11:15:16,54.84,8397,54.87,D
sh688777,中控技术,2025-09-30 11:15:19,54.83,7387,54.84,D
sh688777,中控技术,2025-09-30 11:15:22,54.86,9815,54.83,E
sh688777,中控技术,2025-09-30 11:15:25,54.9,9428,54.86,U
sh688777,中控技术,2025-09-30 11:15:28,54.91,9284,54.9,U
sh688777,中控技术,2025-09-30 11:15:37,54.91,7415,54.9,U
sh688777,中控技术,2025-09-30 11:15:40,54.9,7275,54.91,E
sh688777,中控技术,2025-09-30 11:15:43,54.9,14014,54.9,U
sh688777,中控技术,2025-09-30 11:15:46,54.9,10110,54.9,U
sh688777,中控技术,2025-09-30 11:15:49,54.96,70787,54.9,U
sh688777,中控技术,2025-09-30 11:15:52,54.88,8600,54.96,D
sh688777,中控技术,2025-09-30 11:15:55,54.95,14908,54.88,E
sh688777,中控技术,2025-09-30 11:16:01,54.98,15496,54.95,U
sh688777,中控技术,2025-09-30 11:16:04,54.95,13188,54.98,E
sh688777,中控技术,2025-09-30 11:16:07,54.97,14274,54.95,U
sh688777,中控技术,2025-09-30 11:16:10,54.97,4249,54.97,D
sh688777,中控技术,2025-09-30 11:16:13,54.98,79960,54.97,U
sh688777,中控技术,2025-09-30 11:16:16,54.96,84516,54.98,D
sh688777,中控技术,2025-09-30 11:16:19,54.94,62857,54.96,D
sh688777,中控技术,2025-09-30 11:16:22,54.96,38624,54.94,D
sh688777,中控技术,2025-09-30 11:16:25,54.93,9242,54.96,D
sh688777,中控技术,2025-09-30 11:16:37,54.96,14906,54.96,D
sh688777,中控技术,2025-09-30 11:16:40,54.98,9013,54.96,U
sh688777,中控技术,2025-09-30 11:16:43,54.98,18465,54.98,D
sh688777,中控技术,2025-09-30 11:16:46,54.97,10495,54.98,U
sh688777,中控技术,2025-09-30 11:16:49,54.94,18300,54.97,D
sh688777,中控技术,2025-09-30 11:16:52,54.96,13160,54.94,U
sh688777,中控技术,2025-09-30 11:16:58,54.97,13240,54.97,D
sh688777,中控技术,2025-09-30 11:17:22,54.96,5580,54.96,D
sh688777,中控技术,2025-09-30 11:17:40,54.92,7042,54.95,D
sh688777,中控技术,2025-09-30 11:17:43,54.94,5313,54.92,U
sh688777,中控技术,2025-09-30 11:17:49,54.95,6602,54.95,D
sh688777,中控技术,2025-09-30 11:17:55,54.96,4698,54.95,U
sh688777,中控技术,2025-09-30 11:18:04,54.92,4035,54.92,D
sh688777,中控技术,2025-09-30 11:18:22,54.9,5571,54.91,D
sh688777,中控技术,2025-09-30 11:18:28,54.92,38197,54.89,U
sh688777,中控技术,2025-09-30 11:18:34,54.9,4328,54.88,U
sh688777,中控技术,2025-09-30 11:18:55,54.91,4281,54.9,E
sh688777,中控技术,2025-09-30 11:18:58,54.91,4195,54.91,U
sh688777,中控技术,2025-09-30 11:19:01,54.86,3856,54.91,D
sh688777,中控技术,2025-09-30 11:19:04,54.91,6570,54.86,U
sh688777,中控技术,2025-09-30 11:19:07,54.92,19040,54.91,U
sh688777,中控技术,2025-09-30 11:19:10,54.9,9389,54.92,D
sh688777,中控技术,2025-09-30 11:19:13,54.91,4774,54.9,D
sh688777,中控技术,2025-09-30 11:19:28,54.97,21716,54.96,U
sh688777,中控技术,2025-09-30 11:19:31,54.97,7438,54.97,U
sh688777,中控技术,2025-09-30 11:19:34,54.98,10870,54.97,U
sh688777,中控技术,2025-09-30 11:19:37,54.95,4827,54.98,D
sh688777,中控技术,2025-09-30 11:19:40,54.98,5517,54.95,U
sh688777,中控技术,2025-09-30 11:19:43,54.98,153282,54.98,U
sh688777,中控技术,2025-09-30 11:19:46,55.01,30530,54.98,U
sh688777,中控技术,2025-09-30 11:19:49,55.02,14886,55.01,U
sh688777,中控技术,2025-09-30 11:19:52,55.06,8573,55.02,U
sh688777,中控技术,2025-09-30 11:19:55,55.06,11535,55.06,D
sh688777,中控技术,2025-09-30 11:19:58,55.05,13361,55.06,E
sh688777,中控技术,2025-09-30 11:20:01,55.06,71782,55.05,U
sh688777,中控技术,2025-09-30 11:20:04,55.1,28735,55.06,U
sh688777,中控技术,2025-09-30 11:20:07,55.11,3776,55.1,U
sh688777,中控技术,2025-09-30 11:20:10,55.12,17291,55.11,U
sh688777,中控技术,2025-09-30 11:20:13,55.13,30685,55.12,U
sh688777,中控技术,2025-09-30 11:20:16,55.12,8064,55.13,E
sh688777,中控技术,2025-09-30 11:20:19,55.1,91431,55.12,D
sh688777,中控技术,2025-09-30 11:20:22,55.09,5900,55.1,E
sh688777,中控技术,2025-09-30 11:20:25,55.08,4119,55.09,E
sh688777,中控技术,2025-09-30 11:20:28,55.09,7467,55.08,U
sh688777,中控技术,2025-09-30 11:20:34,55.08,22666,55.09,E
sh688777,中控技术,2025-09-30 11:20:37,55.09,6983,55.08,U
sh688777,中控技术,2025-09-30 11:20:46,55.02,5800,55.05,D
sh688777,中控技术,2025-09-30 11:20:49,55.07,15436,55.02,U
sh688777,中控技术,2025-09-30 11:20:52,54.98,5402,55.07,D
sh688777,中控技术,2025-09-30 11:20:58,54.98,7128,54.96,U
sh688777,中控技术,2025-09-30 11:21:04,55.0,9943,54.98,U
sh688777,中控技术,2025-09-30 11:21:07,54.97,4263,55.0,D
sh688777,中控技术,2025-09-30 11:21:10,55.03,8123,54.97,U
sh688777,中控技术,2025-09-30 11:21:16,55.0,4201,55.0,D
sh688777,中控技术,2025-09-30 11:21:19,55.01,15003,55.0,U
sh688777,中控技术,2025-09-30 11:21:22,55.04,21208,55.01,U
sh688777,中控技术,2025-09-30 11:21:25,55.01,29824,55.04,D
sh688777,中控技术,2025-09-30 11:21:40,55.03,17322,55.07,D
sh688777,中控技术,2025-09-30 11:21:46,55.03,9044,55.03,U
sh688777,中控技术,2025-09-30 11:21:49,55.02,33594,55.03,E
sh688777,中控技术,2025-09-30 11:22:01,55.0,3816,55.0,U
sh688777,中控技术,2025-09-30 11:22:43,54.98,4823,54.98,D
sh688777,中控技术,2025-09-30 11:23:04,54.99,7815,54.99,U
sh688777,中控技术,2025-09-30 11:23:31,54.92,4865,54.92,U
sh688777,中控技术,2025-09-30 11:23:37,54.87,3957,54.91,D
sh688777,中控技术,2025-09-30 11:23:52,54.9,8750,54.9,D
sh688777,中控技术,2025-09-30 11:24:13,54.9,11216,54.89,U
sh688777,中控技术,2025-09-30 11:24:16,54.92,21396,54.9,U
sh688777,中控技术,2025-09-30 11:24:28,54.88,5450,54.88,U
sh688777,中控技术,2025-09-30 11:24:34,54.85,9352,54.85,D
sh688777,中控技术,2025-09-30 11:24:37,54.9,9490,54.85,U
sh688777,中控技术,2025-09-30 11:24:40,54.9,4915,54.9,D
sh688777,中控技术,2025-09-30 11:24:43,54.9,5944,54.9,D
sh688777,中控技术,2025-09-30 11:24:49,54.88,6033,54.9,D
sh688777,中控技术,2025-09-30 11:25:01,54.9,5964,54.89,U
sh688777,中控技术,2025-09-30 11:25:37,54.89,9079,54.9,D
sh688777,中控技术,2025-09-30 11:25:40,54.89,4006,54.89,U
sh688777,中控技术,2025-09-30 11:25:46,54.8,7501,54.88,D
sh688777,中控技术,2025-09-30 11:25:55,54.8,5000,54.88,D
sh688777,中控技术,2025-09-30 11:26:01,54.81,9737,54.85,D
sh688777,中控技术,2025-09-30 11:26:07,54.75,5000,54.87,D
sh688777,中控技术,2025-09-30 11:26:43,54.8,4946,54.8,D
sh688777,中控技术,2025-09-30 11:27:37,54.76,5396,54.77,D
sh688777,中控技术,2025-09-30 11:27:49,54.79,22565,54.77,U
sh688777,中控技术,2025-09-30 11:27:52,54.87,16372,54.79,U
sh688777,中控技术,2025-09-30 11:27:55,54.81,13779,54.87,D
sh688777,中控技术,2025-09-30 11:28:16,54.88,5829,54.81,U
sh688777,中控技术,2025-09-30 11:28:40,54.82,5400,54.83,D
sh688777,中控技术,2025-09-30 11:28:46,54.87,18621,54.88,E
sh688777,中控技术,2025-09-30 11:28:49,54.83,7122,54.87,D
sh688777,中控技术,2025-09-30 11:28:58,54.88,7254,54.87,U
sh688777,中控技术,2025-09-30 11:29:07,54.94,13629,54.9,U
sh688777,中控技术,2025-09-30 11:29:10,54.94,3879,54.94,U
sh688777,中控技术,2025-09-30 11:29:13,54.88,33144,54.94,D
sh688777,中控技术,2025-09-30 11:29:16,54.91,14675,54.88,U
sh688777,中控技术,2025-09-30 11:29:19,54.83,7187,54.91,D
sh688777,中控技术,2025-09-30 11:29:22,54.9,6139,54.83,E
sh688777,中控技术,2025-09-30 11:29:25,54.88,5258,54.9,E
sh688777,中控技术,2025-09-30 11:29:55,54.83,21652,54.84,D
sh688777,中控技术,2025-09-30 11:29:58,54.82,5025,54.83,D
sh688777,中控技术,2025-09-30 13:00:01,54.82,11633,54.82,D
sh688777,中控技术,2025-09-30 13:00:04,54.82,25661,54.82,D
sh688777,中控技术,2025-09-30 13:00:07,54.8,21124,54.82,D
sh688777,中控技术,2025-09-30 13:00:10,54.81,102761,54.8,E
sh688777,中控技术,2025-09-30 13:00:13,54.7,25515,54.81,D
sh688777,中控技术,2025-09-30 13:00:16,54.7,7386,54.7,D
sh688777,中控技术,2025-09-30 13:00:19,54.64,18442,54.7,D
sh688777,中控技术,2025-09-30 13:00:22,54.59,24096,54.64,D
sh688777,中控技术,2025-09-30 13:00:25,54.62,15097,54.59,U
sh688777,中控技术,2025-09-30 13:00:28,54.68,4305,54.62,U
sh688777,中控技术,2025-09-30 13:00:31,54.64,13269,54.68,D
sh688777,中控技术,2025-09-30 13:00:34,54.65,5368,54.64,D
sh688777,中控技术,2025-09-30 13:00:43,54.64,5314,54.65,D
sh688777,中控技术,2025-09-30 13:00:49,54.62,4500,54.64,E
sh688777,中控技术,2025-09-30 13:00:55,54.6,5396,54.58,E
sh688777,中控技术,2025-09-30 13:00:58,54.61,6973,54.6,U
sh688777,中控技术,2025-09-30 13:01:10,54.66,3784,54.66,U
sh688777,中控技术,2025-09-30 13:01:13,54.64,6159,54.66,E
sh688777,中控技术,2025-09-30 13:01:16,54.65,7435,54.64,E
sh688777,中控技术,2025-09-30 13:01:19,54.7,4103,54.65,U
sh688777,中控技术,2025-09-30 13:01:37,54.7,5887,54.62,U
sh688777,中控技术,2025-09-30 13:01:40,54.65,8822,54.7,D
sh688777,中控技术,2025-09-30 13:01:43,54.74,5100,54.65,U
sh688777,中控技术,2025-09-30 13:01:52,54.65,20555,54.69,D
sh688777,中控技术,2025-09-30 13:02:01,54.74,8500,54.73,U
sh688777,中控技术,2025-09-30 13:02:04,54.64,11458,54.74,D
sh688777,中控技术,2025-09-30 13:02:13,54.71,6189,54.7,U
sh688777,中控技术,2025-09-30 13:02:19,54.69,4600,54.72,E
sh688777,中控技术,2025-09-30 13:02:22,54.72,4636,54.69,U
sh688777,中控技术,2025-09-30 13:02:31,54.66,11177,54.65,D
sh688777,中控技术,2025-09-30 13:02:34,54.64,15148,54.66,D
sh688777,中控技术,2025-09-30 13:02:43,54.61,4135,54.64,D
sh688777,中控技术,2025-09-30 13:02:46,54.65,8711,54.61,E
sh688777,中控技术,2025-09-30 13:03:07,54.66,16004,54.68,E
sh688777,中控技术,2025-09-30 13:03:10,54.72,5218,54.66,U
sh688777,中控技术,2025-09-30 13:03:13,54.66,5565,54.72,D
sh688777,中控技术,2025-09-30 13:03:37,54.65,5450,54.72,D
sh688777,中控技术,2025-09-30 13:03:43,54.72,4256,54.7,U
sh688777,中控技术,2025-09-30 13:03:55,54.7,4494,54.72,E
sh688777,中控技术,2025-09-30 13:04:01,54.75,6005,54.7,U
sh688777,中控技术,2025-09-30 13:04:10,54.79,8098,54.75,U
sh688777,中控技术,2025-09-30 13:04:31,54.85,7661,54.82,U
sh688777,中控技术,2025-09-30 13:04:40,54.71,8374,54.76,D
sh688777,中控技术,2025-09-30 13:04:52,54.77,4793,54.76,U
sh688777,中控技术,2025-09-30 13:04:58,54.77,4309,54.76,U
sh688777,中控技术,2025-09-30 13:05:04,54.81,5106,54.79,U
sh688777,中控技术,2025-09-30 13:05:13,54.83,4165,54.76,U
sh688777,中控技术,2025-09-30 13:05:43,54.79,6774,54.8,D
sh688777,中控技术,2025-09-30 13:05:46,54.78,5097,54.79,D
sh688777,中控技术,2025-09-30 13:06:01,54.8,4000,54.8,D
sh688777,中控技术,2025-09-30 13:06:04,54.73,17934,54.8,D
sh688777,中控技术,2025-09-30 13:06:07,54.77,4881,54.73,U
sh688777,中控技术,2025-09-30 13:06:13,54.8,4800,54.77,U
sh688777,中控技术,2025-09-30 13:06:19,54.8,8703,54.74,U
sh688777,中控技术,2025-09-30 13:07:04,54.75,14483,54.76,D
sh688777,中控技术,2025-09-30 13:07:07,54.7,8015,54.75,D
sh688777,中控技术,2025-09-30 13:07:10,54.71,3712,54.7,U
sh688777,中控技术,2025-09-30 13:07:13,54.74,10264,54.71,U
sh688777,中控技术,2025-09-30 13:07:16,54.74,7100,54.74,D
sh688777,中控技术,2025-09-30 13:07:22,54.74,4311,54.76,D
sh688777,中控技术,2025-09-30 13:07:55,54.7,9564,54.7,U
sh688777,中控技术,2025-09-30 13:08:13,54.7,4334,54.76,D
sh688777,中控技术,2025-09-30 13:09:19,54.63,3812,54.66,D
sh688777,中控技术,2025-09-30 13:09:25,54.62,11235,54.63,D
sh688777,中控技术,2025-09-30 13:09:28,54.67,6529,54.62,U
sh688777,中控技术,2025-09-30 13:09:34,54.65,5858,54.67,D
sh688777,中控技术,2025-09-30 13:09:49,54.69,6556,54.71,D
sh688777,中控技术,2025-09-30 13:10:37,54.71,15828,54.72,D
sh688777,中控技术,2025-09-30 13:10:46,54.68,14042,54.71,D
sh688777,中控技术,2025-09-30 13:11:01,54.66,5068,54.7,D
sh688777,中控技术,2025-09-30 13:11:10,54.69,3705,54.69,U
sh688777,中控技术,2025-09-30 13:11:31,54.66,5654,54.7,D
sh688777,中控技术,2025-09-30 13:11:52,54.7,6162,54.71,D
sh688777,中控技术,2025-09-30 13:11:55,54.74,8788,54.7,U
sh688777,中控技术,2025-09-30 13:12:04,54.74,6409,54.79,E
sh688777,中控技术,2025-09-30 13:12:10,54.75,22206,54.79,E
sh688777,中控技术,2025-09-30 13:12:31,54.78,5800,54.85,D
sh688777,中控技术,2025-09-30 13:12:40,54.78,6600,54.78,D
sh688777,中控技术,2025-09-30 13:12:43,54.78,7053,54.78,D
sh688777,中控技术,2025-09-30 13:12:46,54.82,34970,54.78,U
sh688777,中控技术,2025-09-30 13:12:52,54.87,6777,54.85,U
sh688777,中控技术,2025-09-30 13:12:58,54.87,7846,54.84,U
sh688777,中控技术,2025-09-30 13:13:04,54.87,4066,54.85,U
sh688777,中控技术,2025-09-30 13:13:19,54.88,5481,54.88,D
sh688777,中控技术,2025-09-30 13:13:22,54.88,7274,54.88,D
sh688777,中控技术,2025-09-30 13:13:31,54.87,9407,54.9,D
sh688777,中控技术,2025-09-30 13:13:34,54.89,11193,54.87,U
sh688777,中控技术,2025-09-30 13:13:43,54.89,7465,54.89,U
sh688777,中控技术,2025-09-30 13:13:46,54.9,14345,54.89,U
sh688777,中控技术,2025-09-30 13:13:55,54.9,4916,54.9,U
sh688777,中控技术,2025-09-30 13:14:01,54.91,8055,54.89,U
sh688777,中控技术,2025-09-30 13:14:04,54.88,8221,54.91,D
sh688777,中控技术,2025-09-30 13:14:25,54.83,4603,54.83,D
sh688777,中控技术,2025-09-30 13:14:31,54.87,4166,54.85,U
sh688777,中控技术,2025-09-30 13:15:01,54.82,12870,54.83,D
sh688777,中控技术,2025-09-30 13:15:04,54.83,4413,54.82,U
sh688777,中控技术,2025-09-30 13:15:28,54.9,10453,54.88,U
sh688777,中控技术,2025-09-30 13:15:34,54.9,5706,54.9,D
sh688777,中控技术,2025-09-30 13:15:43,54.9,5200,54.9,D
sh688777,中控技术,2025-09-30 13:15:46,54.89,30070,54.9,D
sh688777,中控技术,2025-09-30 13:15:49,54.85,7419,54.89,D
sh688777,中控技术,2025-09-30 13:15:52,54.88,7027,54.85,E
sh688777,中控技术,2025-09-30 13:16:01,54.88,7202,54.85,U
sh688777,中控技术,2025-09-30 13:16:16,54.88,5580,54.85,U
sh688777,中控技术,2025-09-30 13:16:19,54.85,22014,54.88,D
sh688777,中控技术,2025-09-30 13:16:22,54.91,6753,54.85,U
sh688777,中控技术,2025-09-30 13:16:28,54.9,5707,54.9,D
sh688777,中控技术,2025-09-30 13:16:52,54.94,6420,54.93,U
sh688777,中控技术,2025-09-30 13:16:55,54.94,5638,54.94,D
sh688777,中控技术,2025-09-30 13:17:01,54.91,4913,54.97,D
sh688777,中控技术,2025-09-30 13:17:04,54.9,7821,54.91,D
sh688777,中控技术,2025-09-30 13:17:10,54.96,5550,54.96,D
sh688777,中控技术,2025-09-30 13:17:16,54.97,3809,54.97,U
sh688777,中控技术,2025-09-30 13:17:19,54.92,6199,54.97,D
sh688777,中控技术,2025-09-30 13:17:25,54.98,17789,54.98,U
sh688777,中控技术,2025-09-30 13:17:37,54.98,5361,54.97,U
sh688777,中控技术,2025-09-30 13:17:40,54.98,7975,54.98,E
sh688777,中控技术,2025-09-30 13:17:43,54.99,3960,54.98,U
sh688777,中控技术,2025-09-30 13:17:49,54.99,11267,54.99,U
sh688777,中控技术,2025-09-30 13:17:55,54.98,6035,54.98,U
sh688777,中控技术,2025-09-30 13:18:07,55.0,3765,54.99,U
sh688777,中控技术,2025-09-30 13:18:10,55.0,6000,55.0,U
sh688777,中控技术,2025-09-30 13:18:13,55.0,8778,55.0,U
sh688777,中控技术,2025-09-30 13:18:16,55.0,55661,55.0,U
sh688777,中控技术,2025-09-30 13:18:19,54.99,7468,55.0,D
sh688777,中控技术,2025-09-30 13:18:25,55.0,22428,54.99,U
sh688777,中控技术,2025-09-30 13:18:28,55.0,9029,55.0,U
sh688777,中控技术,2025-09-30 13:18:31,55.0,24695,55.0,U
sh688777,中控技术,2025-09-30 13:18:37,54.99,14641,55.0,D
sh688777,中控技术,2025-09-30 13:18:43,55.0,5985,54.99,U
sh688777,中控技术,2025-09-30 13:18:55,55.0,6748,54.98,U
sh688777,中控技术,2025-09-30 13:18:58,55.06,135161,55.0,U
sh688777,中控技术,2025-09-30 13:19:01,55.06,33780,55.06,U
sh688777,中控技术,2025-09-30 13:19:10,55.08,4193,55.07,U
sh688777,中控技术,2025-09-30 13:19:13,55.08,4519,55.08,U
sh688777,中控技术,2025-09-30 13:19:19,55.08,6357,55.08,U
sh688777,中控技术,2025-09-30 13:19:22,55.08,3810,55.08,U
sh688777,中控技术,2025-09-30 13:19:31,55.01,10019,55.03,D
sh688777,中控技术,2025-09-30 13:19:34,55.05,4701,55.01,E
sh688777,中控技术,2025-09-30 13:19:37,55.0,5725,55.05,D
sh688777,中控技术,2025-09-30 13:19:40,55.04,8054,55.0,U
sh688777,中控技术,2025-09-30 13:19:43,55.02,3977,55.04,D
sh688777,中控技术,2025-09-30 13:19:52,55.0,4375,55.0,D
sh688777,中控技术,2025-09-30 13:20:01,55.0,13591,55.0,U
sh688777,中控技术,2025-09-30 13:20:04,55.0,7566,55.0,U
sh688777,中控技术,2025-09-30 13:20:28,55.01,7713,55.0,U
sh688777,中控技术,2025-09-30 13:20:34,55.02,11189,55.01,U
sh688777,中控技术,2025-09-30 13:20:43,55.0,3806,55.01,D
sh688777,中控技术,2025-09-30 13:20:46,55.03,4379,55.0,U
sh688777,中控技术,2025-09-30 13:20:58,55.0,27838,55.0,D
sh688777,中控技术,2025-09-30 13:21:01,55.02,6519,55.0,U
sh688777,中控技术,2025-09-30 13:21:04,55.02,19067,55.02,U
sh688777,中控技术,2025-09-30 13:21:07,55.01,9026,55.02,D
sh688777,中控技术,2025-09-30 13:21:13,55.0,5712,55.0,D
sh688777,中控技术,2025-09-30 13:21:16,55.0,4760,55.0,D
sh688777,中控技术,2025-09-30 13:21:28,54.98,3941,55.0,D
sh688777,中控技术,2025-09-30 13:21:34,54.98,3722,54.98,D
sh688777,中控技术,2025-09-30 13:21:58,54.97,5159,54.97,D
sh688777,中控技术,2025-09-30 13:22:01,54.95,11516,54.97,D
sh688777,中控技术,2025-09-30 13:22:04,54.97,4374,54.95,U
sh688777,中控技术,2025-09-30 13:22:07,54.95,11772,54.97,D
sh688777,中控技术,2025-09-30 13:22:10,54.97,5869,54.95,U
sh688777,中控技术,2025-09-30 13:22:28,54.92,3912,54.92,D
sh688777,中控技术,2025-09-30 13:22:31,54.95,22136,54.92,U
sh688777,中控技术,2025-09-30 13:22:34,54.95,7128,54.95,U
sh688777,中控技术,2025-09-30 13:22:49,54.96,6848,54.96,D
sh688777,中控技术,2025-09-30 13:22:52,54.98,3812,54.96,U
sh688777,中控技术,2025-09-30 13:22:55,54.95,10000,54.98,D
sh688777,中控技术,2025-09-30 13:22:58,54.99,4416,54.95,U
sh688777,中控技术,2025-09-30 13:23:04,55.0,14367,54.99,U
sh688777,中控技术,2025-09-30 13:23:10,55.01,27180,55.0,U
sh688777,中控技术,2025-09-30 13:23:13,55.02,7581,55.01,U
sh688777,中控技术,2025-09-30 13:23:19,55.08,70221,55.02,U
sh688777,中控技术,2025-09-30 13:23:22,55.02,15017,55.08,D
sh688777,中控技术,2025-09-30 13:23:25,55.07,7101,55.02,E
sh688777,中控技术,2025-09-30 13:23:34,55.08,3878,55.08,U
sh688777,中控技术,2025-09-30 13:23:37,55.08,5619,55.08,U
sh688777,中控技术,2025-09-30 13:23:43,55.09,5317,55.08,U
sh688777,中控技术,2025-09-30 13:23:46,55.1,4357,55.09,U
sh688777,中控技术,2025-09-30 13:23:49,55.08,9640,55.1,D
sh688777,中控技术,2025-09-30 13:23:55,55.08,36021,55.1,D
sh688777,中控技术,2025-09-30 13:23:58,55.1,10464,55.08,U
sh688777,中控技术,2025-09-30 13:24:04,55.1,37598,55.1,U
sh688777,中控技术,2025-09-30 13:24:07,55.11,16332,55.1,U
sh688777,中控技术,2025-09-30 13:24:10,55.11,8474,55.11,D
sh688777,中控技术,2025-09-30 13:24:16,55.12,10208,55.12,D
sh688777,中控技术,2025-09-30 13:24:22,55.12,12502,55.12,U
sh688777,中控技术,2025-09-30 13:24:25,55.12,6435,55.12,D
sh688777,中控技术,2025-09-30 13:24:28,55.13,10658,55.12,U
sh688777,中控技术,2025-09-30 13:24:31,55.13,5059,55.13,U
sh688777,中控技术,2025-09-30 13:24:40,55.14,8471,55.13,U
sh688777,中控技术,2025-09-30 13:24:43,55.13,5428,55.14,D
sh688777,中控技术,2025-09-30 13:24:46,55.14,13851,55.13,U
sh688777,中控技术,2025-09-30 13:24:49,55.13,30139,55.14,D
sh688777,中控技术,2025-09-30 13:24:52,55.13,6777,55.13,U
sh688777,中控技术,2025-09-30 13:24:55,55.13,4129,55.13,U
sh688777,中控技术,2025-09-30 13:25:01,55.15,42661,55.14,U
sh688777,中控技术,2025-09-30 13:25:04,55.15,4904,55.15,D
sh688777,中控技术,2025-09-30 13:25:10,55.25,145917,55.15,U
sh688777,中控技术,2025-09-30 13:25:13,55.25,6691,55.25,U
sh688777,中控技术,2025-09-30 13:25:19,55.25,7633,55.24,U
sh688777,中控技术,2025-09-30 13:25:22,55.24,5260,55.25,D
sh688777,中控技术,2025-09-30 13:25:25,55.24,11826,55.24,U
sh688777,中控技术,2025-09-30 13:25:28,55.25,15361,55.24,U
sh688777,中控技术,2025-09-30 13:25:31,55.25,15033,55.25,U
sh688777,中控技术,2025-09-30 13:25:37,55.25,10610,55.24,U
sh688777,中控技术,2025-09-30 13:25:40,55.25,4083,55.25,U
sh688777,中控技术,2025-09-30 13:25:43,55.25,8584,55.25,U
sh688777,中控技术,2025-09-30 13:25:52,55.26,7134,55.25,U
sh688777,中控技术,2025-09-30 13:25:55,55.26,13510,55.26,U
sh688777,中控技术,2025-09-30 13:25:58,55.25,5951,55.26,D
sh688777,中控技术,2025-09-30 13:26:01,55.29,21787,55.25,U
sh688777,中控技术,2025-09-30 13:26:04,55.35,69507,55.29,U
sh688777,中控技术,2025-09-30 13:26:07,55.34,11852,55.35,D
sh688777,中控技术,2025-09-30 13:26:10,55.32,7843,55.34,E
sh688777,中控技术,2025-09-30 13:26:13,55.32,13835,55.32,U
sh688777,中控技术,2025-09-30 13:26:16,55.33,17907,55.32,U
sh688777,中控技术,2025-09-30 13:26:19,55.32,7024,55.33,D
sh688777,中控技术,2025-09-30 13:26:22,55.33,15278,55.32,E
sh688777,中控技术,2025-09-30 13:26:28,55.34,6500,55.34,D
sh688777,中控技术,2025-09-30 13:26:31,55.35,7561,55.34,U
sh688777,中控技术,2025-09-30 13:26:34,55.35,38798,55.35,D
sh688777,中控技术,2025-09-30 13:26:37,55.4,10281,55.35,U
sh688777,中控技术,2025-09-30 13:26:40,55.39,8728,55.4,E
sh688777,中控技术,2025-09-30 13:26:43,55.4,26337,55.39,U
sh688777,中控技术,2025-09-30 13:26:46,55.4,28786,55.4,U
sh688777,中控技术,2025-09-30 13:26:49,55.43,5449,55.4,E
sh688777,中控技术,2025-09-30 13:26:52,55.4,7700,55.43,D
sh688777,中控技术,2025-09-30 13:26:55,55.43,8624,55.4,U
sh688777,中控技术,2025-09-30 13:27:01,55.43,17050,55.43,D
sh688777,中控技术,2025-09-30 13:27:04,55.43,8354,55.43,U
sh688777,中控技术,2025-09-30 13:27:07,55.41,30005,55.43,D
sh688777,中控技术,2025-09-30 13:27:10,55.35,13497,55.41,D
sh688777,中控技术,2025-09-30 13:27:13,55.36,25809,55.35,E
sh688777,中控技术,2025-09-30 13:27:16,55.39,23710,55.36,E
sh688777,中控技术,2025-09-30 13:27:19,55.39,11979,55.39,D
sh688777,中控技术,2025-09-30 13:27:28,55.4,6450,55.4,D
sh688777,中控技术,2025-09-30 13:27:31,55.4,5213,55.4,D
sh688777,中控技术,2025-09-30 13:27:34,55.39,7285,55.4,D
sh688777,中控技术,2025-09-30 13:27:37,55.39,9615,55.39,D
sh688777,中控技术,2025-09-30 13:27:43,55.38,7726,55.38,D
sh688777,中控技术,2025-09-30 13:27:46,55.4,10280,55.38,U
sh688777,中控技术,2025-09-30 13:27:52,55.38,6160,55.38,U
sh688777,中控技术,2025-09-30 13:27:55,55.4,7523,55.38,U
sh688777,中控技术,2025-09-30 13:27:58,55.38,3904,55.4,U
sh688777,中控技术,2025-09-30 13:28:04,55.33,3906,55.37,D
sh688777,中控技术,2025-09-30 13:28:07,55.38,14892,55.33,U
sh688777,中控技术,2025-09-30 13:28:19,55.32,24352,55.34,D
sh688777,中控技术,2025-09-30 13:28:22,55.32,14675,55.32,D
sh688777,中控技术,2025-09-30 13:28:25,55.35,5276,55.32,U
sh688777,中控技术,2025-09-30 13:28:31,55.37,6450,55.33,U
sh688777,中控技术,2025-09-30 13:28:34,55.34,23750,55.37,D
sh688777,中控技术,2025-09-30 13:28:37,55.32,38467,55.34,D
sh688777,中控技术,2025-09-30 13:28:43,55.31,4216,55.31,U
sh688777,中控技术,2025-09-30 13:28:46,55.33,12338,55.31,U
sh688777,中控技术,2025-09-30 13:28:52,55.33,3811,55.31,U
sh688777,中控技术,2025-09-30 13:28:58,55.38,5655,55.37,U
sh688777,中控技术,2025-09-30 13:29:01,55.42,64814,55.38,U
sh688777,中控技术,2025-09-30 13:29:04,55.41,21790,55.42,D
sh688777,中控技术,2025-09-30 13:29:07,55.4,25172,55.41,D
sh688777,中控技术,2025-09-30 13:29:10,55.4,22107,55.4,D
sh688777,中控技术,2025-09-30 13:29:13,55.38,14060,55.4,E
sh688777,中控技术,2025-09-30 13:29:16,55.33,33995,55.38,D
sh688777,中控技术,2025-09-30 13:29:19,55.29,6326,55.33,D
sh688777,中控技术,2025-09-30 13:29:34,55.28,5878,55.3,D
sh688777,中控技术,2025-09-30 13:29:40,55.25,65273,55.28,D
sh688777,中控技术,2025-09-30 13:29:49,55.25,8448,55.2,U
sh688777,中控技术,2025-09-30 13:30:01,55.24,8056,55.24,D
sh688777,中控技术,2025-09-30 13:30:10,55.23,8852,55.22,E
sh688777,中控技术,2025-09-30 13:30:13,55.18,9126,55.23,D
sh688777,中控技术,2025-09-30 13:30:19,55.16,14107,55.18,D
sh688777,中控技术,2025-09-30 13:30:22,55.13,13850,55.16,D
sh688777,中控技术,2025-09-30 13:30:40,55.1,8300,55.09,U
sh688777,中控技术,2025-09-30 13:30:46,55.09,4562,55.09,U
sh688777,中控技术,2025-09-30 13:30:52,55.06,29329,55.08,D
sh688777,中控技术,2025-09-30 13:31:01,55.0,7167,55.02,D
sh688777,中控技术,2025-09-30 13:31:04,55.05,20533,55.0,U
sh688777,中控技术,2025-09-30 13:31:10,55.03,8989,55.05,U
sh688777,中控技术,2025-09-30 13:31:13,55.01,4552,55.03,D
sh688777,中控技术,2025-09-30 13:31:16,55.06,7790,55.01,U
sh688777,中控技术,2025-09-30 13:31:19,55.02,6464,55.06,D
sh688777,中控技术,2025-09-30 13:31:31,55.0,40147,55.02,D
sh688777,中控技术,2025-09-30 13:31:34,54.99,14541,55.0,D
sh688777,中控技术,2025-09-30 13:31:37,55.0,6774,54.99,U
sh688777,中控技术,2025-09-30 13:31:43,54.95,17030,55.0,D
sh688777,中控技术,2025-09-30 13:31:46,54.99,4029,54.95,U
sh688777,中控技术,2025-09-30 13:31:49,54.95,16203,54.99,D
sh688777,中控技术,2025-09-30 13:31:52,54.93,5033,54.95,D
sh688777,中控技术,2025-09-30 13:32:01,54.98,9549,54.98,U
sh688777,中控技术,2025-09-30 13:32:16,54.94,3827,54.97,D
sh688777,中控技术,2025-09-30 13:32:37,54.95,4613,54.96,D
sh688777,中控技术,2025-09-30 13:32:40,54.95,18216,54.95,D
sh688777,中控技术,2025-09-30 13:32:43,54.96,10328,54.95,U
sh688777,中控技术,2025-09-30 13:33:01,54.98,4972,54.95,U
sh688777,中控技术,2025-09-30 13:33:04,54.91,14343,54.98,D
sh688777,中控技术,2025-09-30 13:33:07,54.96,5177,54.91,U
sh688777,中控技术,2025-09-30 13:33:10,54.95,5721,54.96,E
sh688777,中控技术,2025-09-30 13:33:16,54.9,4933,54.93,D
sh688777,中控技术,2025-09-30 13:33:25,54.91,13593,54.93,E
sh688777,中控技术,2025-09-30 13:33:43,54.97,11578,54.95,U
sh688777,中控技术,2025-09-30 13:33:46,54.94,8256,54.97,D
sh688777,中控技术,2025-09-30 13:34:04,54.95,10537,54.93,E
sh688777,中控技术,2025-09-30 13:34:07,54.92,15662,54.95,D
sh688777,中控技术,2025-09-30 13:34:13,54.93,9698,54.92,U
sh688777,中控技术,2025-09-30 13:34:16,54.9,7632,54.93,D
sh688777,中控技术,2025-09-30 13:34:19,54.9,3751,54.9,U
sh688777,中控技术,2025-09-30 13:34:22,54.9,6261,54.9,U
sh688777,中控技术,2025-09-30 13:34:25,54.89,5391,54.9,D
sh688777,中控技术,2025-09-30 13:34:28,54.88,6076,54.89,D
sh688777,中控技术,2025-09-30 13:34:31,54.88,12909,54.88,D
sh688777,中控技术,2025-09-30 13:34:34,54.85,25540,54.88,D
sh688777,中控技术,2025-09-30 13:34:37,54.85,11562,54.85,D
sh688777,中控技术,2025-09-30 13:34:40,54.9,3823,54.85,U
sh688777,中控技术,2025-09-30 13:34:43,54.83,4900,54.9,D
sh688777,中控技术,2025-09-30 13:34:52,54.87,13171,54.83,D
sh688777,中控技术,2025-09-30 13:35:01,54.83,4441,54.83,D
sh688777,中控技术,2025-09-30 13:35:04,54.82,41625,54.83,D
sh688777,中控技术,2025-09-30 13:35:07,54.81,30228,54.82,D
sh688777,中控技术,2025-09-30 13:35:10,54.81,12494,54.81,D
sh688777,中控技术,2025-09-30 13:35:13,54.81,18708,54.81,D
sh688777,中控技术,2025-09-30 13:35:16,54.88,8665,54.81,U
sh688777,中控技术,2025-09-30 13:35:22,54.88,9155,54.86,U
sh688777,中控技术,2025-09-30 13:35:40,54.86,6770,54.85,E
sh688777,中控技术,2025-09-30 13:35:52,54.92,10515,54.89,U
sh688777,中控技术,2025-09-30 13:35:55,54.95,28093,54.92,U
sh688777,中控技术,2025-09-30 13:35:58,54.89,3965,54.95,D
sh688777,中控技术,2025-09-30 13:36:01,54.94,6261,54.89,U
sh688777,中控技术,2025-09-30 13:36:10,54.93,6708,54.95,D
sh688777,中控技术,2025-09-30 13:36:16,54.97,7258,54.96,U
sh688777,中控技术,2025-09-30 13:36:22,54.98,11583,54.98,U
sh688777,中控技术,2025-09-30 13:36:25,54.98,6387,54.98,U
sh688777,中控技术,2025-09-30 13:36:28,54.99,4852,54.98,U
sh688777,中控技术,2025-09-30 13:36:34,55.0,26161,55.0,U
sh688777,中控技术,2025-09-30 13:36:37,55.0,6588,55.0,U
sh688777,中控技术,2025-09-30 13:36:40,55.01,6351,55.0,U
sh688777,中控技术,2025-09-30 13:36:43,55.01,3770,55.01,D
sh688777,中控技术,2025-09-30 13:36:46,55.02,11532,55.01,U
sh688777,中控技术,2025-09-30 13:36:49,55.04,3714,55.02,U
sh688777,中控技术,2025-09-30 13:36:52,55.07,25549,55.04,U
sh688777,中控技术,2025-09-30 13:36:55,55.07,4800,55.07,D
sh688777,中控技术,2025-09-30 13:36:58,55.08,47402,55.07,U
sh688777,中控技术,2025-09-30 13:37:01,55.02,20975,55.08,D
sh688777,中控技术,2025-09-30 13:37:04,55.0,19005,55.02,D
sh688777,中控技术,2025-09-30 13:37:07,55.0,5664,55.0,D
sh688777,中控技术,2025-09-30 13:37:10,55.02,4371,55.0,U
sh688777,中控技术,2025-09-30 13:37:13,55.0,34388,55.02,D
sh688777,中控技术,2025-09-30 13:37:16,55.0,4318,55.0,D
sh688777,中控技术,2025-09-30 13:37:19,55.0,5144,55.0,U
sh688777,中控技术,2025-09-30 13:37:22,55.0,4806,55.0,D
sh688777,中控技术,2025-09-30 13:37:25,55.0,25170,55.0,D
sh688777,中控技术,2025-09-30 13:37:28,54.98,10412,55.0,D
sh688777,中控技术,2025-09-30 13:37:31,55.0,5347,54.98,U
sh688777,中控技术,2025-09-30 13:37:34,55.05,20504,55.0,U
sh688777,中控技术,2025-09-30 13:37:40,55.0,5388,55.0,D
sh688777,中控技术,2025-09-30 13:37:43,55.0,4700,55.0,D
sh688777,中控技术,2025-09-30 13:38:01,55.05,26825,55.03,U
sh688777,中控技术,2025-09-30 13:38:04,55.07,6410,55.05,U
sh688777,中控技术,2025-09-30 13:38:07,55.03,5400,55.07,D
sh688777,中控技术,2025-09-30 13:38:10,55.03,3730,55.03,D
sh688777,中控技术,2025-09-30 13:38:16,55.03,18418,55.03,D
sh688777,中控技术,2025-09-30 13:38:19,55.08,5234,55.03,U
sh688777,中控技术,2025-09-30 13:38:22,55.08,13591,55.08,U
sh688777,中控技术,2025-09-30 13:38:46,54.98,4702,55.0,D
sh688777,中控技术,2025-09-30 13:39:01,54.97,4128,54.93,U
sh688777,中控技术,2025-09-30 13:39:07,54.98,6542,54.94,U
sh688777,中控技术,2025-09-30 13:39:13,55.0,4075,54.94,U
sh688777,中控技术,2025-09-30 13:39:31,55.0,4464,54.97,U
sh688777,中控技术,2025-09-30 13:39:55,55.01,3673,54.99,D
sh688777,中控技术,2025-09-30 13:40:04,55.1,11451,55.04,U
sh688777,中控技术,2025-09-30 13:40:07,55.09,20342,55.1,D
sh688777,中控技术,2025-09-30 13:40:13,55.04,19279,55.08,D
sh688777,中控技术,2025-09-30 13:40:31,55.09,4239,55.08,U
sh688777,中控技术,2025-09-30 13:40:40,55.12,4800,55.09,U
sh688777,中控技术,2025-09-30 13:40:46,55.12,11910,55.09,U
sh688777,中控技术,2025-09-30 13:40:52,55.12,8900,55.09,U
sh688777,中控技术,2025-09-30 13:40:55,55.13,5685,55.12,U
sh688777,中控技术,2025-09-30 13:41:01,55.15,11321,55.15,U
sh688777,中控技术,2025-09-30 13:41:13,55.09,5248,55.13,D
sh688777,中控技术,2025-09-30 13:41:16,55.09,15038,55.09,D
sh688777,中控技术,2025-09-30 13:41:25,55.09,7647,55.08,U
sh688777,中控技术,2025-09-30 13:41:28,55.11,5130,55.09,U
sh688777,中控技术,2025-09-30 13:41:52,55.11,14694,55.1,U
sh688777,中控技术,2025-09-30 13:42:04,55.16,12114,55.11,U
sh688777,中控技术,2025-09-30 13:42:43,55.08,5297,55.08,U
sh688777,中控技术,2025-09-30 13:43:28,55.09,6115,55.09,U
sh688777,中控技术,2025-09-30 13:43:37,55.11,6993,55.09,U
sh688777,中控技术,2025-09-30 13:43:46,55.08,4972,55.08,D
sh688777,中控技术,2025-09-30 13:43:52,55.1,4847,55.08,U
sh688777,中控技术,2025-09-30 13:43:58,55.12,4321,55.1,U
sh688777,中控技术,2025-09-30 13:44:01,55.1,5017,55.12,D
sh688777,中控技术,2025-09-30 13:44:04,55.12,13638,55.1,U
sh688777,中控技术,2025-09-30 13:44:13,55.12,4135,55.12,U
sh688777,中控技术,2025-09-30 13:44:16,55.12,7553,55.12,E
sh688777,中控技术,2025-09-30 13:44:22,55.13,4487,55.12,U
sh688777,中控技术,2025-09-30 13:44:34,55.13,5200,55.12,U
sh688777,中控技术,2025-09-30 13:44:46,55.13,4782,55.12,U
sh688777,中控技术,2025-09-30 13:44:52,55.13,4634,55.13,U
sh688777,中控技术,2025-09-30 13:44:58,55.13,8012,55.13,U
sh688777,中控技术,2025-09-30 13:45:01,55.12,46054,55.13,D
sh688777,中控技术,2025-09-30 13:45:04,55.12,22572,55.12,D
sh688777,中控技术,2025-09-30 13:45:13,55.1,7304,55.1,D
sh688777,中控技术,2025-09-30 13:45:16,55.1,6504,55.1,D
sh688777,中控技术,2025-09-30 13:45:25,55.08,6105,55.08,D
sh688777,中控技术,2025-09-30 13:45:28,55.08,6886,55.08,D
sh688777,中控技术,2025-09-30 13:45:31,55.07,5330,55.08,D
sh688777,中控技术,2025-09-30 13:45:40,55.08,5000,55.05,U
sh688777,中控技术,2025-09-30 13:45:52,55.04,3900,55.03,E
sh688777,中控技术,2025-09-30 13:46:01,55.02,5013,55.04,D
sh688777,中控技术,2025-09-30 13:46:04,55.04,10662,55.02,U
sh688777,中控技术,2025-09-30 13:46:10,55.01,4317,55.01,U
sh688777,中控技术,2025-09-30 13:46:19,55.0,8589,55.02,D
sh688777,中控技术,2025-09-30 13:46:28,55.0,10673,55.02,D
sh688777,中控技术,2025-09-30 13:46:34,55.0,7723,55.0,D
sh688777,中控技术,2025-09-30 13:46:40,55.0,9726,55.0,D
sh688777,中控技术,2025-09-30 13:46:49,55.0,9164,55.0,U
sh688777,中控技术,2025-09-30 13:47:28,55.0,4500,55.0,D
sh688777,中控技术,2025-09-30 13:47:43,54.99,8458,55.0,D
sh688777,中控技术,2025-09-30 13:47:46,55.0,23525,54.99,U
sh688777,中控技术,2025-09-30 13:47:49,55.0,6523,55.0,U
sh688777,中控技术,2025-09-30 13:47:52,54.98,4991,55.0,D
sh688777,中控技术,2025-09-30 13:48:04,54.96,5034,54.97,D
sh688777,中控技术,2025-09-30 13:48:10,54.94,4635,54.98,D
sh688777,中控技术,2025-09-30 13:48:16,54.93,4441,54.96,D
sh688777,中控技术,2025-09-30 13:48:49,54.99,4140,54.98,U
sh688777,中控技术,2025-09-30 13:49:49,54.99,16238,54.95,U
sh688777,中控技术,2025-09-30 13:49:55,54.95,6347,54.95,D
sh688777,中控技术,2025-09-30 13:50:28,54.98,5416,54.98,U
sh688777,中控技术,2025-09-30 13:50:40,54.96,16420,54.98,D
sh688777,中控技术,2025-09-30 13:51:55,54.97,3711,54.98,D
sh688777,中控技术,2025-09-30 13:52:13,54.98,6134,54.97,U
sh688777,中控技术,2025-09-30 13:52:16,54.98,5377,54.98,U
sh688777,中控技术,2025-09-30 13:52:25,55.0,13740,54.97,U
sh688777,中控技术,2025-09-30 13:52:31,54.96,11871,54.97,D
sh688777,中控技术,2025-09-30 13:52:34,55.0,4759,54.96,U
sh688777,中控技术,2025-09-30 13:53:01,54.96,5189,54.95,E
sh688777,中控技术,2025-09-30 13:53:19,54.94,8536,54.93,U
sh688777,中控技术,2025-09-30 13:54:07,54.98,4079,54.97,U
sh688777,中控技术,2025-09-30 13:54:13,54.98,6394,54.98,D
sh688777,中控技术,2025-09-30 13:54:25,55.0,4056,54.98,U
sh688777,中控技术,2025-09-30 13:54:31,55.0,4753,54.97,U
sh688777,中控技术,2025-09-30 13:54:37,55.01,19208,55.0,U
sh688777,中控技术,2025-09-30 13:55:01,55.0,6623,55.0,D
sh688777,中控技术,2025-09-30 13:55:04,55.0,5793,55.0,D
sh688777,中控技术,2025-09-30 13:55:07,55.01,14232,55.0,U
sh688777,中控技术,2025-09-30 13:55:13,55.0,4529,55.01,U
sh688777,中控技术,2025-09-30 13:55:16,55.01,8403,55.0,U
sh688777,中控技术,2025-09-30 13:55:49,54.98,4072,54.99,D
sh688777,中控技术,2025-09-30 13:55:52,54.95,18558,54.98,D
sh688777,中控技术,2025-09-30 13:55:55,54.93,9689,54.95,D
sh688777,中控技术,2025-09-30 13:56:07,54.93,5741,54.93,D
sh688777,中控技术,2025-09-30 13:56:13,54.92,4899,54.94,D
sh688777,中控技术,2025-09-30 13:56:31,54.93,8414,54.94,D
sh688777,中控技术,2025-09-30 13:56:55,54.92,16421,54.92,D
sh688777,中控技术,2025-09-30 13:56:58,54.91,8690,54.92,D
sh688777,中控技术,2025-09-30 13:57:01,54.91,5811,54.91,D
sh688777,中控技术,2025-09-30 13:57:13,54.99,13800,54.97,U
sh688777,中控技术,2025-09-30 13:57:16,55.0,7854,54.99,U
sh688777,中控技术,2025-09-30 13:57:31,54.99,9719,55.04,D
sh688777,中控技术,2025-09-30 13:57:37,54.95,8483,55.0,D
sh688777,中控技术,2025-09-30 13:57:40,55.01,7041,54.95,U
sh688777,中控技术,2025-09-30 13:57:46,55.0,11626,55.0,U
sh688777,中控技术,2025-09-30 13:57:58,55.01,8381,55.0,U
sh688777,中控技术,2025-09-30 13:58:07,55.0,4988,55.0,U
sh688777,中控技术,2025-09-30 13:58:10,55.01,5814,55.0,U
sh688777,中控技术,2025-09-30 13:58:22,54.98,10947,54.99,D
sh688777,中控技术,2025-09-30 13:58:25,54.98,4156,54.98,D
sh688777,中控技术,2025-09-30 13:58:40,54.92,3801,54.95,D
sh688777,中控技术,2025-09-30 13:58:43,54.93,27799,54.92,U
sh688777,中控技术,2025-09-30 13:58:49,54.99,5487,54.97,U
sh688777,中控技术,2025-09-30 13:59:04,55.04,5674,55.02,U
sh688777,中控技术,2025-09-30 13:59:10,55.02,3930,55.04,U
sh688777,中控技术,2025-09-30 13:59:16,55.01,4060,55.04,D
sh688777,中控技术,2025-09-30 13:59:25,54.99,14051,55.01,D
sh688777,中控技术,2025-09-30 13:59:28,55.01,11947,54.99,U
sh688777,中控技术,2025-09-30 13:59:34,55.0,15146,55.05,D
sh688777,中控技术,2025-09-30 13:59:37,55.02,13865,55.0,U
sh688777,中控技术,2025-09-30 14:00:01,54.98,9391,54.99,D
sh688777,中控技术,2025-09-30 14:00:10,54.97,4393,55.0,D
sh688777,中控技术,2025-09-30 14:00:13,55.0,7238,54.97,U
sh688777,中控技术,2025-09-30 14:00:25,55.0,5125,54.99,U
sh688777,中控技术,2025-09-30 14:00:31,55.0,5575,55.0,U
sh688777,中控技术,2025-09-30 14:00:40,55.02,5555,55.0,U
sh688777,中控技术,2025-09-30 14:00:52,55.0,6048,55.01,D
sh688777,中控技术,2025-09-30 14:01:37,55.03,4152,55.02,U
sh688777,中控技术,2025-09-30 14:01:46,55.03,3923,55.03,U
sh688777,中控技术,2025-09-30 14:01:55,55.04,16173,55.05,E
sh688777,中控技术,2025-09-30 14:01:58,55.04,40200,55.04,U
sh688777,中控技术,2025-09-30 14:02:07,55.04,5364,55.04,U
sh688777,中控技术,2025-09-30 14:02:10,55.04,50486,55.04,U
sh688777,中控技术,2025-09-30 14:02:13,55.05,9018,55.04,U
sh688777,中控技术,2025-09-30 14:02:25,55.04,8483,55.04,D
sh688777,中控技术,2025-09-30 14:02:28,55.04,16761,55.04,U
sh688777,中控技术,2025-09-30 14:02:31,55.03,4271,55.04,D
sh688777,中控技术,2025-09-30 14:02:37,55.04,5030,55.03,U
sh688777,中控技术,2025-09-30 14:02:49,55.02,6400,55.01,U
sh688777,中控技术,2025-09-30 14:02:55,55.02,9755,55.01,U
sh688777,中控技术,2025-09-30 14:02:58,55.0,51196,55.02,D
sh688777,中控技术,2025-09-30 14:03:01,55.0,28086,55.0,D
sh688777,中控技术,2025-09-30 14:03:04,55.0,21519,55.0,D
sh688777,中控技术,2025-09-30 14:03:07,55.0,13159,55.0,D
sh688777,中控技术,2025-09-30 14:03:10,54.99,9487,55.0,D
sh688777,中控技术,2025-09-30 14:03:25,55.0,3864,55.0,D
sh688777,中控技术,2025-09-30 14:04:01,55.0,6900,54.98,U
sh688777,中控技术,2025-09-30 14:04:07,55.0,8188,55.0,U
sh688777,中控技术,2025-09-30 14:04:25,54.97,12764,55.0,D
sh688777,中控技术,2025-09-30 14:04:28,54.97,6151,54.97,U
sh688777,中控技术,2025-09-30 14:04:31,54.99,4101,54.97,U
sh688777,中控技术,2025-09-30 14:04:34,55.0,3997,54.99,U
sh688777,中控技术,2025-09-30 14:04:49,55.01,7000,55.0,U
sh688777,中控技术,2025-09-30 14:05:28,54.98,8618,54.99,D
sh688777,中控技术,2025-09-30 14:05:34,55.0,5317,55.0,U
sh688777,中控技术,2025-09-30 14:05:40,55.0,4788,55.0,U
sh688777,中控技术,2025-09-30 14:06:01,54.99,4218,54.99,U
sh688777,中控技术,2025-09-30 14:06:04,55.01,37224,54.99,U
sh688777,中控技术,2025-09-30 14:06:07,55.03,5800,55.01,U
sh688777,中控技术,2025-09-30 14:06:10,55.03,8087,55.03,U
sh688777,中控技术,2025-09-30 14:06:19,55.05,58348,55.03,U
sh688777,中控技术,2025-09-30 14:06:22,55.03,9738,55.05,E
sh688777,中控技术,2025-09-30 14:06:25,55.05,4758,55.03,U
sh688777,中控技术,2025-09-30 14:06:28,55.05,9400,55.05,U
sh688777,中控技术,2025-09-30 14:06:34,55.08,14211,55.05,U
sh688777,中控技术,2025-09-30 14:06:40,55.08,6203,55.08,U
sh688777,中控技术,2025-09-30 14:06:49,55.13,80926,55.08,U
sh688777,中控技术,2025-09-30 14:06:55,55.13,9812,55.1,U
sh688777,中控技术,2025-09-30 14:06:58,55.13,6900,55.13,U
sh688777,中控技术,2025-09-30 14:07:01,55.15,3826,55.13,U
sh688777,中控技术,2025-09-30 14:07:07,55.18,6334,55.15,U
sh688777,中控技术,2025-09-30 14:07:10,55.18,5629,55.18,U
sh688777,中控技术,2025-09-30 14:07:19,55.18,9125,55.17,U
sh688777,中控技术,2025-09-30 14:07:28,55.16,10579,55.15,U
sh688777,中控技术,2025-09-30 14:07:34,55.19,6020,55.16,U
sh688777,中控技术,2025-09-30 14:07:43,55.19,5100,55.18,U
sh688777,中控技术,2025-09-30 14:07:49,55.17,4713,55.18,D
sh688777,中控技术,2025-09-30 14:07:52,55.16,25667,55.17,D
sh688777,中控技术,2025-09-30 14:07:55,55.2,13384,55.16,U
sh688777,中控技术,2025-09-30 14:08:07,55.21,4934,55.2,U
sh688777,中控技术,2025-09-30 14:08:13,55.23,7996,55.21,U
sh688777,中控技术,2025-09-30 14:08:22,55.22,12260,55.24,D
sh688777,中控技术,2025-09-30 14:08:25,55.27,18440,55.22,U
sh688777,中控技术,2025-09-30 14:08:31,55.27,14851,55.27,U
sh688777,中控技术,2025-09-30 14:08:40,55.27,12500,55.28,D
sh688777,中控技术,2025-09-30 14:08:43,55.25,6443,55.27,D
sh688777,中控技术,2025-09-30 14:08:49,55.25,4468,55.25,D
sh688777,中控技术,2025-09-30 14:08:52,55.25,3648,55.25,D
sh688777,中控技术,2025-09-30 14:08:55,55.22,8887,55.25,D
sh688777,中控技术,2025-09-30 14:08:58,55.22,14414,55.22,D
sh688777,中控技术,2025-09-30 14:09:01,55.16,20406,55.22,D
sh688777,中控技术,2025-09-30 14:09:04,55.17,4215,55.16,U
sh688777,中控技术,2025-09-30 14:09:16,55.21,12400,55.16,U
sh688777,中控技术,2025-09-30 14:09:19,55.23,4141,55.21,U
sh688777,中控技术,2025-09-30 14:09:22,55.26,7263,55.23,U
sh688777,中控技术,2025-09-30 14:09:25,55.27,5084,55.26,U
sh688777,中控技术,2025-09-30 14:09:28,55.3,47524,55.27,U
sh688777,中控技术,2025-09-30 14:09:40,55.3,23302,55.3,U
sh688777,中控技术,2025-09-30 14:09:43,55.3,5469,55.3,D
sh688777,中控技术,2025-09-30 14:09:52,55.3,49058,55.32,D
sh688777,中控技术,2025-09-30 14:09:55,55.3,31198,55.3,D
sh688777,中控技术,2025-09-30 14:09:58,55.3,7467,55.3,U
sh688777,中控技术,2025-09-30 14:10:37,55.22,7279,55.23,D
sh688777,中控技术,2025-09-30 14:10:52,55.13,4158,55.21,D
sh688777,中控技术,2025-09-30 14:11:31,55.12,4057,55.13,D
sh688777,中控技术,2025-09-30 14:11:34,55.1,9300,55.12,D
sh688777,中控技术,2025-09-30 14:11:40,55.1,5585,55.1,U
sh688777,中控技术,2025-09-30 14:11:46,55.13,9154,55.09,U
sh688777,中控技术,2025-09-30 14:12:19,55.12,5400,55.13,D
sh688777,中控技术,2025-09-30 14:12:28,55.12,3892,55.11,U
sh688777,中控技术,2025-09-30 14:13:46,55.15,4128,55.15,U
sh688777,中控技术,2025-09-30 14:14:01,55.15,4810,55.15,D
sh688777,中控技术,2025-09-30 14:14:04,55.13,12841,55.15,D
sh688777,中控技术,2025-09-30 14:14:07,55.12,8944,55.13,D
sh688777,中控技术,2025-09-30 14:14:13,55.08,8693,55.11,D
sh688777,中控技术,2025-09-30 14:14:49,55.07,4316,55.05,U
sh688777,中控技术,2025-09-30 14:15:13,55.07,4127,55.08,D
sh688777,中控技术,2025-09-30 14:15:49,55.05,6700,55.05,D
sh688777,中控技术,2025-09-30 14:16:01,55.07,3800,55.06,U
sh688777,中控技术,2025-09-30 14:16:07,55.05,6895,55.07,D
sh688777,中控技术,2025-09-30 14:16:13,55.08,12004,55.08,U
sh688777,中控技术,2025-09-30 14:16:19,55.09,5800,55.08,E
sh688777,中控技术,2025-09-30 14:16:43,55.07,3842,55.07,D
sh688777,中控技术,2025-09-30 14:16:52,55.06,4291,55.07,D
sh688777,中控技术,2025-09-30 14:17:16,55.08,4676,55.08,U
sh688777,中控技术,2025-09-30 14:17:25,55.06,7900,55.06,D
sh688777,中控技术,2025-09-30 14:17:49,55.09,3724,55.09,U
sh688777,中控技术,2025-09-30 14:17:55,55.09,4673,55.09,D
sh688777,中控技术,2025-09-30 14:18:10,55.09,4026,55.09,U
sh688777,中控技术,2025-09-30 14:18:37,55.14,17058,55.12,U
sh688777,中控技术,2025-09-30 14:18:43,55.14,20987,55.14,D
sh688777,中控技术,2025-09-30 14:18:46,55.15,9789,55.14,U
sh688777,中控技术,2025-09-30 14:18:49,55.11,10660,55.15,D
sh688777,中控技术,2025-09-30 14:18:55,55.14,5874,55.11,U
sh688777,中控技术,2025-09-30 14:19:13,55.15,11134,55.14,U
sh688777,中控技术,2025-09-30 14:19:19,55.13,6260,55.15,D
sh688777,中控技术,2025-09-30 14:19:25,55.12,4999,55.13,D
sh688777,中控技术,2025-09-30 14:19:37,55.11,8793,55.12,D
sh688777,中控技术,2025-09-30 14:19:43,55.1,6207,55.1,D
sh688777,中控技术,2025-09-30 14:19:46,55.09,4478,55.1,D
sh688777,中控技术,2025-09-30 14:19:49,55.09,4767,55.09,D
sh688777,中控技术,2025-09-30 14:19:52,55.08,8502,55.09,D
sh688777,中控技术,2025-09-30 14:19:55,55.08,5271,55.08,D
sh688777,中控技术,2025-09-30 14:19:58,55.07,6234,55.08,D
sh688777,中控技术,2025-09-30 14:20:01,55.07,11038,55.07,D
sh688777,中控技术,2025-09-30 14:20:10,55.06,7200,55.06,D
sh688777,中控技术,2025-09-30 14:20:16,55.05,4847,55.06,D
sh688777,中控技术,2025-09-30 14:20:31,55.06,4488,55.07,D
sh688777,中控技术,2025-09-30 14:20:55,55.12,35867,55.07,U
sh688777,中控技术,2025-09-30 14:21:01,55.12,4285,55.12,U
sh688777,中控技术,2025-09-30 14:21:43,55.1,10534,55.09,E
sh688777,中控技术,2025-09-30 14:23:01,55.11,5012,55.1,U
sh688777,中控技术,2025-09-30 14:23:19,55.1,28655,55.1,D
sh688777,中控技术,2025-09-30 14:23:22,55.1,7948,55.1,D
sh688777,中控技术,2025-09-30 14:23:49,55.12,7999,55.1,U
sh688777,中控技术,2025-09-30 14:24:07,55.13,9453,55.12,U
sh688777,中控技术,2025-09-30 14:24:40,55.12,5553,55.11,U
sh688777,中控技术,2025-09-30 14:24:55,55.1,4123,55.11,D
sh688777,中控技术,2025-09-30 14:25:10,55.1,15022,55.11,D
sh688777,中控技术,2025-09-30 14:25:13,55.1,8650,55.1,D
sh688777,中控技术,2025-09-30 14:25:19,55.11,17350,55.1,U
sh688777,中控技术,2025-09-30 14:25:25,55.12,4550,55.11,U
sh688777,中控技术,2025-09-30 14:26:01,55.12,9700,55.12,U
sh688777,中控技术,2025-09-30 14:27:04,55.11,12416,55.12,D
sh688777,中控技术,2025-09-30 14:27:49,55.11,5420,55.12,D
sh688777,中控技术,2025-09-30 14:28:04,55.11,4160,55.1,U
sh688777,中控技术,2025-09-30 14:28:13,55.11,7174,55.1,U
sh688777,中控技术,2025-09-30 14:28:25,55.12,5887,55.12,U
sh688777,中控技术,2025-09-30 14:28:28,55.12,4950,55.12,U
sh688777,中控技术,2025-09-30 14:28:31,55.14,10822,55.12,U
sh688777,中控技术,2025-09-30 14:28:37,55.15,18642,55.14,U
sh688777,中控技术,2025-09-30 14:29:04,55.11,25029,55.14,D
sh688777,中控技术,2025-09-30 14:29:07,55.1,5737,55.11,D
sh688777,中控技术,2025-09-30 14:29:10,55.09,15548,55.1,D
sh688777,中控技术,2025-09-30 14:29:13,55.08,4714,55.09,D
sh688777,中控技术,2025-09-30 14:29:19,55.06,12653,55.08,D
sh688777,中控技术,2025-09-30 14:29:22,55.06,4000,55.06,D
sh688777,中控技术,2025-09-30 14:29:25,55.04,14927,55.06,D
sh688777,中控技术,2025-09-30 14:29:34,55.04,5873,55.05,D
sh688777,中控技术,2025-09-30 14:29:40,55.04,20649,55.05,E
sh688777,中控技术,2025-09-30 14:29:43,55.02,7359,55.04,D
sh688777,中控技术,2025-09-30 14:29:52,55.0,8638,55.0,D
sh688777,中控技术,2025-09-30 14:29:55,55.02,4200,55.0,U
sh688777,中控技术,2025-09-30 14:29:58,55.03,11877,55.02,U
sh688777,中控技术,2025-09-30 14:30:04,55.06,6481,55.03,U
sh688777,中控技术,2025-09-30 14:30:07,55.06,5434,55.06,U
sh688777,中控技术,2025-09-30 14:30:16,55.1,21411,55.04,U
sh688777,中控技术,2025-09-30 14:31:01,55.09,5774,55.08,U
sh688777,中控技术,2025-09-30 14:31:10,55.07,5666,55.08,D
sh688777,中控技术,2025-09-30 14:31:13,55.07,6400,55.07,D
sh688777,中控技术,2025-09-30 14:31:23,55.03,35060,55.06,D
sh688777,中控技术,2025-09-30 14:31:37,55.03,4462,55.01,U
sh688777,中控技术,2025-09-30 14:32:16,55.04,15639,55.02,U
sh688777,中控技术,2025-09-30 14:33:13,55.07,5273,55.05,U
sh688777,中控技术,2025-09-30 14:33:25,55.07,7443,55.05,U
sh688777,中控技术,2025-09-30 14:33:34,55.04,7932,55.06,D
sh688777,中控技术,2025-09-30 14:33:49,55.05,4763,55.04,U
sh688777,中控技术,2025-09-30 14:34:07,55.05,8021,55.05,D
sh688777,中控技术,2025-09-30 14:34:28,55.06,6158,55.05,U
sh688777,中控技术,2025-09-30 14:35:01,55.08,12540,55.08,D
sh688777,中控技术,2025-09-30 14:35:19,55.08,5560,55.06,U
sh688777,中控技术,2025-09-30 14:35:34,55.07,4183,55.08,D
sh688777,中控技术,2025-09-30 14:35:55,55.08,7155,55.07,U
sh688777,中控技术,2025-09-30 14:36:10,55.07,9488,55.07,U
sh688777,中控技术,2025-09-30 14:36:28,55.05,8605,55.06,D
sh688777,中控技术,2025-09-30 14:36:31,55.04,9722,55.05,D
sh688777,中控技术,2025-09-30 14:36:34,55.01,19009,55.04,D
sh688777,中控技术,2025-09-30 14:36:37,55.0,19637,55.01,D
sh688777,中控技术,2025-09-30 14:36:40,55.0,9641,55.0,D
sh688777,中控技术,2025-09-30 14:36:43,55.01,7950,55.0,U
sh688777,中控技术,2025-09-30 14:36:55,55.02,20200,55.01,E
sh688777,中控技术,2025-09-30 14:36:58,55.01,4980,55.02,E
sh688777,中控技术,2025-09-30 14:37:04,55.01,23684,55.03,D
sh688777,中控技术,2025-09-30 14:37:10,55.02,4191,55.01,E
sh688777,中控技术,2025-09-30 14:37:13,55.02,8048,55.02,D
sh688777,中控技术,2025-09-30 14:37:31,55.05,10251,55.01,U
sh688777,中控技术,2025-09-30 14:37:49,55.01,4208,55.01,U
sh688777,中控技术,2025-09-30 14:38:13,55.0,10676,55.01,D
sh688777,中控技术,2025-09-30 14:38:22,55.01,5275,55.0,U
sh688777,中控技术,2025-09-30 14:38:25,55.05,5107,55.01,U
sh688777,中控技术,2025-09-30 14:38:28,55.0,3700,55.05,D
sh688777,中控技术,2025-09-30 14:38:31,55.0,14500,55.0,D
sh688777,中控技术,2025-09-30 14:38:37,55.01,10716,55.01,D
sh688777,中控技术,2025-09-30 14:39:10,55.08,21211,55.03,U
sh688777,中控技术,2025-09-30 14:39:31,55.08,3687,55.05,U
sh688777,中控技术,2025-09-30 14:39:40,55.08,12524,55.06,U
sh688777,中控技术,2025-09-30 14:39:43,55.1,15231,55.08,U
sh688777,中控技术,2025-09-30 14:39:58,55.1,8998,55.1,U
sh688777,中控技术,2025-09-30 14:40:10,55.11,6234,55.11,U
sh688777,中控技术,2025-09-30 14:40:13,55.1,24129,55.11,D
sh688777,中控技术,2025-09-30 14:40:37,55.06,10951,55.06,U
sh688777,中控技术,2025-09-30 14:40:46,55.03,5520,55.04,D
sh688777,中控技术,2025-09-30 14:40:52,55.03,3687,55.03,D
sh688777,中控技术,2025-09-30 14:40:55,55.03,8207,55.03,D
sh688777,中控技术,2025-09-30 14:41:04,55.02,3763,55.03,D
sh688777,中控技术,2025-09-30 14:41:08,55.02,3880,55.02,U
sh688777,中控技术,2025-09-30 14:41:10,55.01,10006,55.02,D
sh688777,中控技术,2025-09-30 14:41:13,55.0,5038,55.01,D
sh688777,中控技术,2025-09-30 14:41:31,55.0,10700,54.99,U
sh688777,中控技术,2025-09-30 14:41:58,55.0,6000,55.01,D
sh688777,中控技术,2025-09-30 14:42:19,55.01,6687,55.01,U
sh688777,中控技术,2025-09-30 14:42:34,55.0,4826,55.01,D
sh688777,中控技术,2025-09-30 14:42:43,55.02,64600,55.0,U
sh688777,中控技术,2025-09-30 14:42:55,55.01,8075,55.02,D
sh688777,中控技术,2025-09-30 14:43:01,55.02,5208,55.02,U
sh688777,中控技术,2025-09-30 14:43:10,55.04,17468,55.01,U
sh688777,中控技术,2025-09-30 14:43:43,55.04,20000,55.06,D
sh688777,中控技术,2025-09-30 14:43:52,55.05,6074,55.06,D
sh688777,中控技术,2025-09-30 14:44:01,55.04,12526,55.05,D
sh688777,中控技术,2025-09-30 14:44:13,55.07,23336,55.04,U
sh688777,中控技术,2025-09-30 14:44:22,55.07,11298,55.08,D
sh688777,中控技术,2025-09-30 14:44:37,55.05,5440,55.06,D
sh688777,中控技术,2025-09-30 14:44:49,55.03,9341,55.04,D
sh688777,中控技术,2025-09-30 14:44:52,55.03,5291,55.03,D
sh688777,中控技术,2025-09-30 14:45:28,55.03,3885,55.03,D
sh688777,中控技术,2025-09-30 14:45:31,55.03,12126,55.03,D
sh688777,中控技术,2025-09-30 14:45:34,55.03,5559,55.03,D
sh688777,中控技术,2025-09-30 14:45:38,55.02,5518,55.03,D
sh688777,中控技术,2025-09-30 14:45:46,55.01,14344,55.01,D
sh688777,中控技术,2025-09-30 14:45:49,55.0,4476,55.01,D
sh688777,中控技术,2025-09-30 14:45:52,55.01,24025,55.0,U
sh688777,中控技术,2025-09-30 14:45:58,55.0,15291,55.0,U
sh688777,中控技术,2025-09-30 14:46:01,55.01,29458,55.0,U
sh688777,中控技术,2025-09-30 14:46:04,55.03,3970,55.01,U
sh688777,中控技术,2025-09-30 14:46:22,55.0,4249,55.01,D
sh688777,中控技术,2025-09-30 14:46:34,55.0,5181,55.0,D
sh688777,中控技术,2025-09-30 14:46:49,55.0,4288,55.02,D
sh688777,中控技术,2025-09-30 14:46:58,55.0,8200,55.0,D
sh688777,中控技术,2025-09-30 14:47:01,55.01,13435,55.0,U
sh688777,中控技术,2025-09-30 14:47:10,54.98,19684,54.99,D
sh688777,中控技术,2025-09-30 14:47:16,54.99,7042,55.0,D
sh688777,中控技术,2025-09-30 14:47:19,54.99,9965,54.99,U
sh688777,中控技术,2025-09-30 14:47:25,54.98,7688,54.98,D
sh688777,中控技术,2025-09-30 14:47:28,54.98,8500,54.98,D
sh688777,中控技术,2025-09-30 14:47:40,55.0,18207,55.0,D
sh688777,中控技术,2025-09-30 14:48:07,55.02,17222,55.0,U
sh688777,中控技术,2025-09-30 14:48:10,55.01,30920,55.02,E
sh688777,中控技术,2025-09-30 14:48:25,55.04,14189,55.05,E
sh688777,中控技术,2025-09-30 14:49:04,55.04,8391,55.03,U
sh688777,中控技术,2025-09-30 14:49:10,55.03,5810,55.04,D
sh688777,中控技术,2025-09-30 14:49:31,55.03,4300,55.03,D
sh688777,中控技术,2025-09-30 14:50:16,55.04,4606,55.02,U
sh688777,中控技术,2025-09-30 14:50:25,55.03,10444,55.02,U
sh688777,中控技术,2025-09-30 14:50:52,55.03,5635,55.04,D
sh688777,中控技术,2025-09-30 14:50:55,55.03,5322,55.03,D
sh688777,中控技术,2025-09-30 14:50:58,55.03,5509,55.03,D
sh688777,中控技术,2025-09-30 14:51:01,55.02,22218,55.03,D
sh688777,中控技术,2025-09-30 14:51:04,55.0,30714,55.02,D
sh688777,中控技术,2025-09-30 14:51:07,55.02,12830,55.0,U
sh688777,中控技术,2025-09-30 14:51:13,55.03,35304,55.01,U
sh688777,中控技术,2025-09-30 14:51:16,55.02,24784,55.03,D
sh688777,中控技术,2025-09-30 14:51:19,55.02,13000,55.02,D
sh688777,中控技术,2025-09-30 14:51:25,55.04,8085,55.04,U
sh688777,中控技术,2025-09-30 14:51:28,55.04,3845,55.04,D
sh688777,中控技术,2025-09-30 14:51:37,55.02,10800,55.03,D
sh688777,中控技术,2025-09-30 14:51:46,55.03,10559,55.04,D
sh688777,中控技术,2025-09-30 14:51:52,55.04,4507,55.03,U
sh688777,中控技术,2025-09-30 14:52:13,55.04,6369,55.04,D
sh688777,中控技术,2025-09-30 14:52:16,55.02,10202,55.04,D
sh688777,中控技术,2025-09-30 14:52:19,55.03,9721,55.02,D
sh688777,中控技术,2025-09-30 14:52:22,55.03,5669,55.03,U
sh688777,中控技术,2025-09-30 14:52:25,55.03,4840,55.03,U
sh688777,中控技术,2025-09-30 14:52:28,55.03,13316,55.03,D
sh688777,中控技术,2025-09-30 14:52:31,55.03,5104,55.03,D
sh688777,中控技术,2025-09-30 14:52:34,55.04,15135,55.03,U
sh688777,中控技术,2025-09-30 14:52:37,55.03,11000,55.04,D
sh688777,中控技术,2025-09-30 14:52:49,55.03,5288,55.04,D
sh688777,中控技术,2025-09-30 14:52:55,55.03,7609,55.03,D
sh688777,中控技术,2025-09-30 14:52:58,55.03,17459,55.03,U
sh688777,中控技术,2025-09-30 14:53:01,55.04,5966,55.03,U
sh688777,中控技术,2025-09-30 14:53:10,55.05,5590,55.04,U
sh688777,中控技术,2025-09-30 14:53:14,55.04,18514,55.05,D
sh688777,中控技术,2025-09-30 14:53:16,55.05,13111,55.04,U
sh688777,中控技术,2025-09-30 14:53:19,55.05,4841,55.05,D
sh688777,中控技术,2025-09-30 14:53:22,55.06,8305,55.05,E
sh688777,中控技术,2025-09-30 14:53:28,55.06,3866,55.06,U
sh688777,中控技术,2025-09-30 14:53:31,55.06,13025,55.06,D
sh688777,中控技术,2025-09-30 14:53:34,55.07,7056,55.06,E
sh688777,中控技术,2025-09-30 14:53:43,55.08,3698,55.08,U
sh688777,中控技术,2025-09-30 14:53:46,55.09,9234,55.08,U
sh688777,中控技术,2025-09-30 14:53:49,55.1,18899,55.09,U
sh688777,中控技术,2025-09-30 14:53:55,55.08,9676,55.07,U
sh688777,中控技术,2025-09-30 14:54:01,55.07,4823,55.07,D
sh688777,中控技术,2025-09-30 14:54:07,55.06,9874,55.09,D
sh688777,中控技术,2025-09-30 14:54:13,55.09,4669,55.06,D
sh688777,中控技术,2025-09-30 14:54:16,55.1,5637,55.09,U
sh688777,中控技术,2025-09-30 14:54:19,55.09,5571,55.1,E
sh688777,中控技术,2025-09-30 14:54:22,55.09,4738,55.09,U
sh688777,中控技术,2025-09-30 14:54:25,55.08,24607,55.09,E
sh688777,中控技术,2025-09-30 14:54:34,55.08,4846,55.08,U
sh688777,中控技术,2025-09-30 14:54:40,55.08,14995,55.08,U
sh688777,中控技术,2025-09-30 14:54:43,55.07,5206,55.08,D
sh688777,中控技术,2025-09-30 14:54:46,55.08,12951,55.07,U
sh688777,中控技术,2025-09-30 14:54:49,55.08,3943,55.08,U
sh688777,中控技术,2025-09-30 14:54:55,55.08,4764,55.09,D
sh688777,中控技术,2025-09-30 14:55:01,55.09,27027,55.08,U
sh688777,中控技术,2025-09-30 14:55:07,55.09,23136,55.1,D
sh688777,中控技术,2025-09-30 14:55:10,55.09,6922,55.09,D
sh688777,中控技术,2025-09-30 14:55:13,55.09,9753,55.09,D
sh688777,中控技术,2025-09-30 14:55:16,55.1,6066,55.09,U
sh688777,中控技术,2025-09-30 14:55:19,55.1,4482,55.1,U
sh688777,中控技术,2025-09-30 14:55:22,55.09,8159,55.1,D
sh688777,中控技术,2025-09-30 14:55:28,55.11,11940,55.1,U
sh688777,中控技术,2025-09-30 14:55:31,55.11,9338,55.11,U
sh688777,中控技术,2025-09-30 14:55:37,55.11,20357,55.12,D
sh688777,中控技术,2025-09-30 14:55:40,55.12,7669,55.11,U
sh688777,中控技术,2025-09-30 14:55:43,55.11,4642,55.12,D
sh688777,中控技术,2025-09-30 14:55:46,55.12,24533,55.11,U
sh688777,中控技术,2025-09-30 14:55:49,55.12,28098,55.12,D
sh688777,中控技术,2025-09-30 14:55:52,55.13,10854,55.12,U
sh688777,中控技术,2025-09-30 14:56:01,55.1,5668,55.12,D
sh688777,中控技术,2025-09-30 14:56:04,55.1,25576,55.1,D
sh688777,中控技术,2025-09-30 14:56:07,55.14,4119,55.1,U
sh688777,中控技术,2025-09-30 14:56:10,55.09,25201,55.14,D
sh688777,中控技术,2025-09-30 14:56:14,55.05,38409,55.09,D
sh688777,中控技术,2025-09-30 14:56:16,55.05,21105,55.05,U
sh688777,中控技术,2025-09-30 14:56:19,55.05,6590,55.05,U
sh688777,中控技术,2025-09-30 14:56:28,55.05,13682,55.05,D
sh688777,中控技术,2025-09-30 14:56:31,55.05,21994,55.05,D
sh688777,中控技术,2025-09-30 14:56:34,55.06,7597,55.05,E
sh688777,中控技术,2025-09-30 14:56:37,55.05,30020,55.06,D
sh688777,中控技术,2025-09-30 14:56:40,55.05,13339,55.05,U
sh688777,中控技术,2025-09-30 14:56:47,55.05,14803,55.05,U
sh688777,中控技术,2025-09-30 14:56:49,55.08,14857,55.05,U
sh688777,中控技术,2025-09-30 14:56:55,55.05,7155,55.05,D
sh688777,中控技术,2025-09-30 14:56:58,55.04,10200,55.05,D
sh688777,中控技术,2025-09-30 15:00:04,55.08,319896,55.07,U
