symbol,name,ticktime,price,volume,prev_price,kind
sh688777,中控技术,2025-09-22 09:25:01,50.4,48847,0.0,U
sh688777,中控技术,2025-09-22 09:30:02,50.39,6400,50.4,D
sh688777,中控技术,2025-09-22 09:30:05,50.49,15941,50.39,E
sh688777,中控技术,2025-09-22 09:30:08,50.4,16038,50.49,E
sh688777,中控技术,2025-09-22 09:30:10,50.4,11239,50.4,D
sh688777,中控技术,2025-09-22 09:30:13,50.4,18765,50.4,U
sh688777,中控技术,2025-09-22 09:30:16,50.45,21107,50.4,E
sh688777,中控技术,2025-09-22 09:30:19,50.42,9876,50.45,D
sh688777,中控技术,2025-09-22 09:30:22,50.51,49307,50.42,U
sh688777,中控技术,2025-09-22 09:30:25,50.38,24392,50.51,D
sh688777,中控技术,2025-09-22 09:30:29,50.4,4129,50.38,E
sh688777,中控技术,2025-09-22 09:30:32,50.41,37289,50.4,U
sh688777,中控技术,2025-09-22 09:30:34,50.5,16602,50.41,E
sh688777,中控技术,2025-09-22 09:30:37,50.44,10490,50.5,D
sh688777,中控技术,2025-09-22 09:30:41,50.43,5268,50.44,D
sh688777,中控技术,2025-09-22 09:30:43,50.41,9079,50.43,D
sh688777,中控技术,2025-09-22 09:30:50,50.41,30834,50.44,D
sh688777,中控技术,2025-09-22 09:30:53,50.41,14085,50.41,U
sh688777,中控技术,2025-09-22 09:31:01,50.33,16662,50.38,D
sh688777,中控技术,2025-09-22 09:31:08,50.33,5715,50.33,U
sh688777,中控技术,2025-09-22 09:31:11,50.35,14721,50.33,U
sh688777,中控技术,2025-09-22 09:31:14,50.42,6067,50.35,U
sh688777,中控技术,2025-09-22 09:31:17,50.4,5700,50.42,U
sh688777,中控技术,2025-09-22 09:31:19,50.45,62114,50.4,U
sh688777,中控技术,2025-09-22 09:31:23,50.33,9788,50.45,D
sh688777,中控技术,2025-09-22 09:31:26,50.4,4039,50.33,U
sh688777,中控技术,2025-09-22 09:31:32,50.33,10054,50.33,D
sh688777,中控技术,2025-09-22 09:31:38,50.35,4103,50.33,U
sh688777,中控技术,2025-09-22 09:31:41,50.38,6786,50.35,E
sh688777,中控技术,2025-09-22 09:31:44,50.31,9097,50.38,D
sh688777,中控技术,2025-09-22 09:31:47,50.33,7203,50.31,U
sh688777,中控技术,2025-09-22 09:32:05,50.35,5765,50.32,E
sh688777,中控技术,2025-09-22 09:32:10,50.4,5430,50.39,U
sh688777,中控技术,2025-09-22 09:32:19,50.47,4523,50.43,U
sh688777,中控技术,2025-09-22 09:32:29,50.52,8703,50.5,U
sh688777,中控技术,2025-09-22 09:32:35,50.5,5364,50.5,D
sh688777,中控技术,2025-09-22 09:32:38,50.5,10123,50.5,D
sh688777,中控技术,2025-09-22 09:32:40,50.47,10789,50.5,D
sh688777,中控技术,2025-09-22 09:32:43,50.49,77176,50.47,U
sh688777,中控技术,2025-09-22 09:32:47,50.47,6129,50.49,E
sh688777,中控技术,2025-09-22 09:32:49,50.48,17700,50.47,U
sh688777,中控技术,2025-09-22 09:32:53,50.49,30021,50.48,U
sh688777,中控技术,2025-09-22 09:32:55,50.61,27627,50.49,U
sh688777,中控技术,2025-09-22 09:32:58,50.65,15150,50.61,U
sh688777,中控技术,2025-09-22 09:33:02,50.64,10558,50.65,D
sh688777,中控技术,2025-09-22 09:33:05,50.57,7018,50.64,D
sh688777,中控技术,2025-09-22 09:33:17,50.5,14428,50.56,D
sh688777,中控技术,2025-09-22 09:33:19,50.55,27294,50.5,U
sh688777,中控技术,2025-09-22 09:33:28,50.58,5288,50.57,U
sh688777,中控技术,2025-09-22 09:33:35,50.64,9932,50.57,U
sh688777,中控技术,2025-09-22 09:33:40,50.6,4865,50.64,D
sh688777,中控技术,2025-09-22 09:33:44,50.65,28029,50.6,U
sh688777,中控技术,2025-09-22 09:33:47,50.58,19570,50.65,D
sh688777,中控技术,2025-09-22 09:33:52,50.55,8611,50.58,D
sh688777,中控技术,2025-09-22 09:33:59,50.55,5100,50.55,U
sh688777,中控技术,2025-09-22 09:34:02,50.49,6300,50.55,D
sh688777,中控技术,2025-09-22 09:34:05,50.39,8101,50.49,D
sh688777,中控技术,2025-09-22 09:34:08,50.42,6526,50.39,U
sh688777,中控技术,2025-09-22 09:34:20,50.5,27671,50.4,U
sh688777,中控技术,2025-09-22 09:34:23,50.41,4992,50.5,D
sh688777,中控技术,2025-09-22 09:34:32,50.42,11012,50.43,D
sh688777,中控技术,2025-09-22 09:34:35,50.43,36513,50.42,U
sh688777,中控技术,2025-09-22 09:34:53,50.48,11134,50.48,U
sh688777,中控技术,2025-09-22 09:34:55,50.48,5880,50.48,U
sh688777,中控技术,2025-09-22 09:34:58,50.44,4508,50.48,D
sh688777,中控技术,2025-09-22 09:35:05,50.5,5485,50.45,U
sh688777,中控技术,2025-09-22 09:35:08,50.55,5500,50.5,U
sh688777,中控技术,2025-09-22 09:35:11,50.57,6872,50.55,U
sh688777,中控技术,2025-09-22 09:35:22,50.59,7202,50.6,E
sh688777,中控技术,2025-09-22 09:35:38,50.57,19832,50.6,D
sh688777,中控技术,2025-09-22 09:35:47,50.59,9352,50.57,U
sh688777,中控技术,2025-09-22 09:35:49,50.59,26536,50.59,U
sh688777,中控技术,2025-09-22 09:35:53,50.59,16608,50.59,U
sh688777,中控技术,2025-09-22 09:35:55,50.65,69928,50.59,U
sh688777,中控技术,2025-09-22 09:35:58,50.71,10598,50.65,U
sh688777,中控技术,2025-09-22 09:36:08,50.69,7877,50.67,U
sh688777,中控技术,2025-09-22 09:36:11,50.67,8848,50.69,E
sh688777,中控技术,2025-09-22 09:36:13,50.58,11065,50.67,D
sh688777,中控技术,2025-09-22 09:36:16,50.59,10435,50.58,U
sh688777,中控技术,2025-09-22 09:36:23,50.63,9358,50.56,U
sh688777,中控技术,2025-09-22 09:36:29,50.63,11368,50.6,U
sh688777,中控技术,2025-09-22 09:37:08,50.59,11100,50.59,U
sh688777,中控技术,2025-09-22 09:37:28,50.6,12537,50.55,U
sh688777,中控技术,2025-09-22 09:37:41,50.53,9746,50.53,D
sh688777,中控技术,2025-09-22 09:37:53,50.53,20575,50.53,U
sh688777,中控技术,2025-09-22 09:37:56,50.51,5000,50.53,D
sh688777,中控技术,2025-09-22 09:38:08,50.59,4492,50.6,D
sh688777,中控技术,2025-09-22 09:38:19,50.59,13115,50.55,U
sh688777,中控技术,2025-09-22 09:38:26,50.62,6345,50.59,U
sh688777,中控技术,2025-09-22 09:38:29,50.6,6000,50.62,U
sh688777,中控技术,2025-09-22 09:38:32,50.59,7215,50.6,D
sh688777,中控技术,2025-09-22 09:38:38,50.6,9946,50.63,D
sh688777,中控技术,2025-09-22 09:38:44,50.6,6678,50.6,U
sh688777,中控技术,2025-09-22 09:38:59,50.65,6956,50.65,D
sh688777,中控技术,2025-09-22 09:39:02,50.64,5362,50.65,E
sh688777,中控技术,2025-09-22 09:39:07,50.65,4642,50.65,U
sh688777,中控技术,2025-09-22 09:39:11,50.62,13156,50.65,D
sh688777,中控技术,2025-09-22 09:39:14,50.6,4622,50.62,D
sh688777,中控技术,2025-09-22 09:39:17,50.67,25004,50.6,U
sh688777,中控技术,2025-09-22 09:39:20,50.7,7873,50.67,U
sh688777,中控技术,2025-09-22 09:39:23,50.67,7137,50.7,D
sh688777,中控技术,2025-09-22 09:40:05,50.63,5439,50.63,U
sh688777,中控技术,2025-09-22 09:40:10,50.53,52844,50.62,D
sh688777,中控技术,2025-09-22 09:40:13,50.51,18337,50.53,D
sh688777,中控技术,2025-09-22 09:40:17,50.59,5490,50.51,U
sh688777,中控技术,2025-09-22 09:40:20,50.53,4457,50.59,D
sh688777,中控技术,2025-09-22 09:40:23,50.51,5184,50.53,E
sh688777,中控技术,2025-09-22 09:40:29,50.51,8927,50.51,D
sh688777,中控技术,2025-09-22 09:40:32,50.51,12600,50.51,U
sh688777,中控技术,2025-09-22 09:40:35,50.53,8952,50.51,U
sh688777,中控技术,2025-09-22 09:40:38,50.52,3975,50.53,D
sh688777,中控技术,2025-09-22 09:40:46,50.58,7341,50.57,U
sh688777,中控技术,2025-09-22 09:41:14,50.51,5735,50.51,D
sh688777,中控技术,2025-09-22 09:41:26,50.51,4833,50.54,D
sh688777,中控技术,2025-09-22 09:41:41,50.56,5754,50.55,U
sh688777,中控技术,2025-09-22 09:41:44,50.57,8355,50.56,U
sh688777,中控技术,2025-09-22 09:41:53,50.64,12060,50.6,U
sh688777,中控技术,2025-09-22 09:41:56,50.64,12825,50.64,D
sh688777,中控技术,2025-09-22 09:42:23,50.62,6911,50.61,U
sh688777,中控技术,2025-09-22 09:42:26,50.68,5816,50.62,U
sh688777,中控技术,2025-09-22 09:42:29,50.68,5707,50.68,D
sh688777,中控技术,2025-09-22 09:42:50,50.71,13821,50.71,U
sh688777,中控技术,2025-09-22 09:42:59,50.62,12499,50.73,D
sh688777,中控技术,2025-09-22 09:43:20,50.66,21474,50.65,E
sh688777,中控技术,2025-09-22 09:43:23,50.66,5362,50.66,D
sh688777,中控技术,2025-09-22 09:43:29,50.64,6200,50.68,D
sh688777,中控技术,2025-09-22 09:43:32,50.62,7326,50.64,D
sh688777,中控技术,2025-09-22 09:43:41,50.69,6220,50.6,U
sh688777,中控技术,2025-09-22 09:43:47,50.72,5972,50.69,U
sh688777,中控技术,2025-09-22 09:43:53,50.73,8501,50.68,U
sh688777,中控技术,2025-09-22 09:44:02,50.75,16693,50.71,U
sh688777,中控技术,2025-09-22 09:44:23,50.77,12282,50.77,U
sh688777,中控技术,2025-09-22 09:44:28,50.77,5488,50.77,U
sh688777,中控技术,2025-09-22 09:44:40,50.74,10681,50.75,D
sh688777,中控技术,2025-09-22 09:44:58,50.69,5880,50.64,D
sh688777,中控技术,2025-09-22 09:45:01,50.69,4010,50.69,D
sh688777,中控技术,2025-09-22 09:45:14,50.63,5500,50.69,D
sh688777,中控技术,2025-09-22 09:45:26,50.6,8373,50.62,D
sh688777,中控技术,2025-09-22 09:45:38,50.64,6517,50.61,U
sh688777,中控技术,2025-09-22 09:45:55,50.73,7850,50.67,U
sh688777,中控技术,2025-09-22 09:46:05,50.71,4808,50.75,D
sh688777,中控技术,2025-09-22 09:46:08,50.68,4018,50.71,D
sh688777,中控技术,2025-09-22 09:46:25,50.61,12028,50.67,D
sh688777,中控技术,2025-09-22 09:46:29,50.6,8477,50.61,D
sh688777,中控技术,2025-09-22 09:46:38,50.58,10582,50.58,D
sh688777,中控技术,2025-09-22 09:46:43,50.6,12171,50.58,U
sh688777,中控技术,2025-09-22 09:47:17,50.58,8352,50.65,D
sh688777,中控技术,2025-09-22 09:47:20,50.55,22359,50.58,D
sh688777,中控技术,2025-09-22 09:47:26,50.51,10048,50.52,D
sh688777,中控技术,2025-09-22 09:47:35,50.52,7822,50.55,D
sh688777,中控技术,2025-09-22 09:47:41,50.52,5000,50.53,D
sh688777,中控技术,2025-09-22 09:47:44,50.55,7005,50.52,D
sh688777,中控技术,2025-09-22 09:47:53,50.56,11163,50.55,U
sh688777,中控技术,2025-09-22 09:48:04,50.5,47029,50.55,D
sh688777,中控技术,2025-09-22 09:48:07,50.49,16391,50.5,D
sh688777,中控技术,2025-09-22 09:48:25,50.46,7520,50.42,U
sh688777,中控技术,2025-09-22 09:48:29,50.42,6000,50.46,D
sh688777,中控技术,2025-09-22 09:48:31,50.49,6300,50.42,U
sh688777,中控技术,2025-09-22 09:48:35,50.49,4845,50.49,U
sh688777,中控技术,2025-09-22 09:48:47,50.5,20800,50.53,E
sh688777,中控技术,2025-09-22 09:48:53,50.44,5805,50.5,D
sh688777,中控技术,2025-09-22 09:48:55,50.56,8000,50.44,U
sh688777,中控技术,2025-09-22 09:49:19,50.48,4550,50.5,D
sh688777,中控技术,2025-09-22 09:49:34,50.48,6408,50.48,U
sh688777,中控技术,2025-09-22 09:49:41,50.47,4600,50.48,D
sh688777,中控技术,2025-09-22 09:49:59,50.47,20021,50.47,D
sh688777,中控技术,2025-09-22 09:50:08,50.45,20921,50.48,D
sh688777,中控技术,2025-09-22 09:50:20,50.41,29254,50.45,D
sh688777,中控技术,2025-09-22 09:50:22,50.41,12533,50.41,D
sh688777,中控技术,2025-09-22 09:50:35,50.45,16303,50.39,U
sh688777,中控技术,2025-09-22 09:50:40,50.45,6004,50.45,D
sh688777,中控技术,2025-09-22 09:50:47,50.42,18665,50.45,D
sh688777,中控技术,2025-09-22 09:50:50,50.45,8619,50.42,U
sh688777,中控技术,2025-09-22 09:50:52,50.42,4404,50.45,D
sh688777,中控技术,2025-09-22 09:50:55,50.39,20791,50.42,D
sh688777,中控技术,2025-09-22 09:51:08,50.44,7700,50.43,U
sh688777,中控技术,2025-09-22 09:51:10,50.45,5890,50.44,U
sh688777,中控技术,2025-09-22 09:51:29,50.42,3973,50.42,D
sh688777,中控技术,2025-09-22 09:51:34,50.48,78693,50.42,U
sh688777,中控技术,2025-09-22 09:51:44,50.46,5300,50.44,E
sh688777,中控技术,2025-09-22 09:51:56,50.39,10026,50.44,D
sh688777,中控技术,2025-09-22 09:52:04,50.4,5900,50.42,D
sh688777,中控技术,2025-09-22 09:52:07,50.41,5412,50.4,E
sh688777,中控技术,2025-09-22 09:52:11,50.43,17137,50.41,U
sh688777,中控技术,2025-09-22 09:52:20,50.39,11133,50.4,D
sh688777,中控技术,2025-09-22 09:52:25,50.37,16334,50.39,D
sh688777,中控技术,2025-09-22 09:52:44,50.38,20971,50.38,U
sh688777,中控技术,2025-09-22 09:53:26,50.44,8796,50.4,U
sh688777,中控技术,2025-09-22 09:53:46,50.39,14340,50.42,D
sh688777,中控技术,2025-09-22 09:53:56,50.37,21806,50.38,D
sh688777,中控技术,2025-09-22 09:54:01,50.36,8226,50.36,D
sh688777,中控技术,2025-09-22 09:54:11,50.36,4435,50.36,D
sh688777,中控技术,2025-09-22 09:54:16,50.4,12340,50.36,U
sh688777,中控技术,2025-09-22 09:54:20,50.44,27328,50.4,U
sh688777,中控技术,2025-09-22 09:54:41,50.4,3974,50.42,D
sh688777,中控技术,2025-09-22 09:54:49,50.38,12723,50.41,D
sh688777,中控技术,2025-09-22 09:54:53,50.38,4637,50.38,U
sh688777,中控技术,2025-09-22 09:54:56,50.39,13453,50.38,U
sh688777,中控技术,2025-09-22 09:54:58,50.38,9079,50.39,D
sh688777,中控技术,2025-09-22 09:55:05,50.37,13102,50.38,D
sh688777,中控技术,2025-09-22 09:55:07,50.43,12608,50.37,U
sh688777,中控技术,2025-09-22 09:55:10,50.45,5532,50.43,U
sh688777,中控技术,2025-09-22 09:55:16,50.38,20500,50.4,D
sh688777,中控技术,2025-09-22 09:55:22,50.38,19889,50.43,D
sh688777,中控技术,2025-09-22 09:55:29,50.38,8399,50.38,U
sh688777,中控技术,2025-09-22 09:55:32,50.39,17688,50.38,U
sh688777,中控技术,2025-09-22 09:55:38,50.39,5973,50.43,D
sh688777,中控技术,2025-09-22 09:55:44,50.36,41009,50.39,D
sh688777,中控技术,2025-09-22 09:55:47,50.37,4000,50.36,U
sh688777,中控技术,2025-09-22 09:55:50,50.39,4200,50.37,U
sh688777,中控技术,2025-09-22 09:55:59,50.36,13177,50.39,D
sh688777,中控技术,2025-09-22 09:56:02,50.34,44491,50.36,D
sh688777,中控技术,2025-09-22 09:56:05,50.31,15694,50.34,D
sh688777,中控技术,2025-09-22 09:56:14,50.31,4200,50.3,U
sh688777,中控技术,2025-09-22 09:56:20,50.31,4300,50.31,D
sh688777,中控技术,2025-09-22 09:56:23,50.31,5400,50.31,U
sh688777,中控技术,2025-09-22 09:56:25,50.34,7279,50.31,U
sh688777,中控技术,2025-09-22 09:56:47,50.31,11410,50.32,D
sh688777,中控技术,2025-09-22 09:56:55,50.28,26300,50.29,D
sh688777,中控技术,2025-09-22 09:57:05,50.3,31434,50.3,U
sh688777,中控技术,2025-09-22 09:57:11,50.3,7483,50.3,U
sh688777,中控技术,2025-09-22 09:57:14,50.29,14008,50.3,D
sh688777,中控技术,2025-09-22 09:57:28,50.3,4248,50.28,U
sh688777,中控技术,2025-09-22 09:57:35,50.31,12279,50.3,U
sh688777,中控技术,2025-09-22 09:57:47,50.25,10000,50.27,D
sh688777,中控技术,2025-09-22 09:57:50,50.31,9643,50.25,U
sh688777,中控技术,2025-09-22 09:57:59,50.35,12625,50.32,U
sh688777,中控技术,2025-09-22 09:58:11,50.32,20000,50.39,D
sh688777,中控技术,2025-09-22 09:58:13,50.36,10200,50.32,U
sh688777,中控技术,2025-09-22 09:58:17,50.33,4933,50.36,U
sh688777,中控技术,2025-09-22 09:58:32,50.36,4831,50.32,U
sh688777,中控技术,2025-09-22 09:58:47,50.3,4855,50.33,D
sh688777,中控技术,2025-09-22 09:58:59,50.34,15703,50.31,U
sh688777,中控技术,2025-09-22 09:59:28,50.3,5295,50.32,D
sh688777,中控技术,2025-09-22 09:59:40,50.3,4700,50.31,D
sh688777,中控技术,2025-09-22 09:59:44,50.29,4994,50.3,D
sh688777,中控技术,2025-09-22 09:59:55,50.25,7694,50.29,D
sh688777,中控技术,2025-09-22 09:59:59,50.2,34716,50.25,D
sh688777,中控技术,2025-09-22 10:00:08,50.2,5589,50.19,U
sh688777,中控技术,2025-09-22 10:00:20,50.22,12291,50.21,E
sh688777,中控技术,2025-09-22 10:00:23,50.29,4616,50.22,U
sh688777,中控技术,2025-09-22 10:00:58,50.24,5016,50.27,D
sh688777,中控技术,2025-09-22 10:01:01,50.23,8357,50.24,D
sh688777,中控技术,2025-09-22 10:01:05,50.21,4119,50.23,D
sh688777,中控技术,2025-09-22 10:01:11,50.2,19554,50.21,D
sh688777,中控技术,2025-09-22 10:01:16,50.18,47487,50.18,D
sh688777,中控技术,2025-09-22 10:01:35,50.21,5405,50.19,U
sh688777,中控技术,2025-09-22 10:01:40,50.22,4132,50.22,D
sh688777,中控技术,2025-09-22 10:02:05,50.23,7001,50.22,U
sh688777,中控技术,2025-09-22 10:02:11,50.24,12468,50.24,U
sh688777,中控技术,2025-09-22 10:02:49,50.46,6647,50.36,U
sh688777,中控技术,2025-09-22 10:02:58,50.37,10165,50.38,D
sh688777,中控技术,2025-09-22 10:03:05,50.34,4691,50.35,D
sh688777,中控技术,2025-09-22 10:03:07,50.38,8192,50.34,U
sh688777,中控技术,2025-09-22 10:03:20,50.42,7071,50.37,U
sh688777,中控技术,2025-09-22 10:03:25,50.37,8532,50.38,D
sh688777,中控技术,2025-09-22 10:03:35,50.38,10478,50.37,U
sh688777,中控技术,2025-09-22 10:03:38,50.36,4634,50.38,D
sh688777,中控技术,2025-09-22 10:03:47,50.36,26058,50.38,D
sh688777,中控技术,2025-09-22 10:03:52,50.38,5415,50.36,U
sh688777,中控技术,2025-09-22 10:03:55,50.4,8032,50.38,U
sh688777,中控技术,2025-09-22 10:04:01,50.42,4738,50.4,U
sh688777,中控技术,2025-09-22 10:04:58,50.41,20000,50.41,D
sh688777,中控技术,2025-09-22 10:05:05,50.44,18871,50.42,U
sh688777,中控技术,2025-09-22 10:05:08,50.45,8798,50.44,U
sh688777,中控技术,2025-09-22 10:05:26,50.52,11009,50.49,U
sh688777,中控技术,2025-09-22 10:05:29,50.53,5138,50.52,U
sh688777,中控技术,2025-09-22 10:05:35,50.57,11300,50.55,U
sh688777,中控技术,2025-09-22 10:05:38,50.57,8800,50.57,U
sh688777,中控技术,2025-09-22 10:05:40,50.56,10488,50.57,D
sh688777,中控技术,2025-09-22 10:06:02,50.56,5605,50.6,D
sh688777,中控技术,2025-09-22 10:06:07,50.56,5525,50.54,U
sh688777,中控技术,2025-09-22 10:06:58,50.58,6989,50.58,U
sh688777,中控技术,2025-09-22 10:07:01,50.59,4100,50.58,U
sh688777,中控技术,2025-09-22 10:07:07,50.57,16291,50.59,D
sh688777,中控技术,2025-09-22 10:07:19,50.59,4021,50.59,U
sh688777,中控技术,2025-09-22 10:07:26,50.61,8632,50.59,U
sh688777,中控技术,2025-09-22 10:07:50,50.6,11936,50.59,U
sh688777,中控技术,2025-09-22 10:08:05,50.59,4785,50.62,D
sh688777,中控技术,2025-09-22 10:08:23,50.61,4344,50.6,U
sh688777,中控技术,2025-09-22 10:08:26,50.67,35362,50.61,U
sh688777,中控技术,2025-09-22 10:08:29,50.67,4625,50.67,U
sh688777,中控技术,2025-09-22 10:08:47,50.66,4983,50.63,D
sh688777,中控技术,2025-09-22 10:08:58,50.63,6601,50.64,D
sh688777,中控技术,2025-09-22 10:09:17,50.66,10305,50.67,D
sh688777,中控技术,2025-09-22 10:09:26,50.65,8366,50.67,D
sh688777,中控技术,2025-09-22 10:09:44,50.68,7532,50.68,U
sh688777,中控技术,2025-09-22 10:09:46,50.68,5244,50.68,U
sh688777,中控技术,2025-09-22 10:09:52,50.67,6229,50.67,E
sh688777,中控技术,2025-09-22 10:09:58,50.68,18300,50.67,U
sh688777,中控技术,2025-09-22 10:10:04,50.6,8041,50.66,D
sh688777,中控技术,2025-09-22 10:10:34,50.61,7909,50.61,U
sh688777,中控技术,2025-09-22 10:10:38,50.61,25937,50.61,U
sh688777,中控技术,2025-09-22 10:10:40,50.6,7400,50.61,D
sh688777,中控技术,2025-09-22 10:10:44,50.66,14067,50.6,U
sh688777,中控技术,2025-09-22 10:10:49,50.66,14482,50.65,U
sh688777,中控技术,2025-09-22 10:11:01,50.63,6007,50.62,D
sh688777,中控技术,2025-09-22 10:11:08,50.63,4300,50.62,U
sh688777,中控技术,2025-09-22 10:11:20,50.6,8233,50.63,D
sh688777,中控技术,2025-09-22 10:11:44,50.58,10428,50.58,D
sh688777,中控技术,2025-09-22 10:11:53,50.59,7051,50.58,U
sh688777,中控技术,2025-09-22 10:12:05,50.55,8000,50.57,D
sh688777,中控技术,2025-09-22 10:12:13,50.59,19962,50.58,U
sh688777,中控技术,2025-09-22 10:12:53,50.6,8033,50.6,D
sh688777,中控技术,2025-09-22 10:13:02,50.59,4461,50.6,D
sh688777,中控技术,2025-09-22 10:14:01,50.67,5691,50.63,U
sh688777,中控技术,2025-09-22 10:14:11,50.66,9630,50.66,U
sh688777,中控技术,2025-09-22 10:14:14,50.71,26100,50.66,U
sh688777,中控技术,2025-09-22 10:14:17,50.69,4200,50.71,D
sh688777,中控技术,2025-09-22 10:14:35,50.69,29126,50.69,D
sh688777,中控技术,2025-09-22 10:14:37,50.69,20910,50.69,D
sh688777,中控技术,2025-09-22 10:14:40,50.71,12729,50.69,U
sh688777,中控技术,2025-09-22 10:14:44,50.7,3980,50.71,D
sh688777,中控技术,2025-09-22 10:14:53,50.71,4209,50.71,D
sh688777,中控技术,2025-09-22 10:15:11,50.7,22287,50.7,D
sh688777,中控技术,2025-09-22 10:15:16,50.68,8026,50.64,U
sh688777,中控技术,2025-09-22 10:15:26,50.63,4612,50.63,D
sh688777,中控技术,2025-09-22 10:15:47,50.63,5026,50.64,D
sh688777,中控技术,2025-09-22 10:16:17,50.64,4684,50.64,D
sh688777,中控技术,2025-09-22 10:16:20,50.66,16980,50.64,U
sh688777,中控技术,2025-09-22 10:17:02,50.68,4304,50.66,U
sh688777,中控技术,2025-09-22 10:17:11,50.7,9631,50.69,U
sh688777,中控技术,2025-09-22 10:17:26,50.71,5055,50.72,D
sh688777,中控技术,2025-09-22 10:17:35,50.71,9645,50.71,U
sh688777,中控技术,2025-09-22 10:17:38,50.7,19850,50.71,D
sh688777,中控技术,2025-09-22 10:17:44,50.7,19243,50.7,D
sh688777,中控技术,2025-09-22 10:18:11,50.71,5711,50.69,U
sh688777,中控技术,2025-09-22 10:18:23,50.7,12143,50.71,D
sh688777,中控技术,2025-09-22 10:18:31,50.7,8598,50.68,U
sh688777,中控技术,2025-09-22 10:18:37,50.7,5028,50.7,D
sh688777,中控技术,2025-09-22 10:18:44,50.7,14738,50.71,D
sh688777,中控技术,2025-09-22 10:18:46,50.67,5228,50.7,D
sh688777,中控技术,2025-09-22 10:19:08,50.66,5900,50.66,U
sh688777,中控技术,2025-09-22 10:19:20,50.64,7869,50.66,D
sh688777,中控技术,2025-09-22 10:19:32,50.65,5484,50.62,U
sh688777,中控技术,2025-09-22 10:19:53,50.7,4084,50.66,U
sh688777,中控技术,2025-09-22 10:19:55,50.72,9587,50.7,U
sh688777,中控技术,2025-09-22 10:20:02,50.68,4842,50.73,D
sh688777,中控技术,2025-09-22 10:20:29,50.72,11360,50.71,U
sh688777,中控技术,2025-09-22 10:20:31,50.73,11571,50.72,U
sh688777,中控技术,2025-09-22 10:20:37,50.74,4582,50.74,U
sh688777,中控技术,2025-09-22 10:20:40,50.74,4651,50.74,U
sh688777,中控技术,2025-09-22 10:21:08,50.7,4033,50.7,U
sh688777,中控技术,2025-09-22 10:21:32,50.7,6180,50.72,D
sh688777,中控技术,2025-09-22 10:21:59,50.68,5100,50.66,U
sh688777,中控技术,2025-09-22 10:22:04,50.68,6757,50.68,U
sh688777,中控技术,2025-09-22 10:22:23,50.68,6633,50.65,U
sh688777,中控技术,2025-09-22 10:22:25,50.65,10200,50.68,D
sh688777,中控技术,2025-09-22 10:24:04,50.66,9354,50.67,D
sh688777,中控技术,2025-09-22 10:24:49,50.7,9194,50.69,U
sh688777,中控技术,2025-09-22 10:25:20,50.73,4000,50.73,U
sh688777,中控技术,2025-09-22 10:25:23,50.73,10903,50.73,U
sh688777,中控技术,2025-09-22 10:25:26,50.74,19200,50.73,U
sh688777,中控技术,2025-09-22 10:25:28,50.75,7534,50.74,U
sh688777,中控技术,2025-09-22 10:25:32,50.74,8276,50.75,D
sh688777,中控技术,2025-09-22 10:25:35,50.75,11332,50.74,U
sh688777,中控技术,2025-09-22 10:25:44,50.73,15884,50.74,D
sh688777,中控技术,2025-09-22 10:25:46,50.72,12172,50.73,D
sh688777,中控技术,2025-09-22 10:25:50,50.73,4747,50.72,U
sh688777,中控技术,2025-09-22 10:25:53,50.75,5934,50.73,U
sh688777,中控技术,2025-09-22 10:26:07,50.74,4555,50.74,D
sh688777,中控技术,2025-09-22 10:26:22,50.75,8064,50.74,U
sh688777,中控技术,2025-09-22 10:26:53,50.73,12015,50.74,D
sh688777,中控技术,2025-09-22 10:26:56,50.68,33893,50.73,D
sh688777,中控技术,2025-09-22 10:26:58,50.67,4819,50.68,D
sh688777,中控技术,2025-09-22 10:27:05,50.69,3956,50.67,U
sh688777,中控技术,2025-09-22 10:27:11,50.71,10475,50.69,U
sh688777,中控技术,2025-09-22 10:27:47,50.75,29609,50.75,U
sh688777,中控技术,2025-09-22 10:27:50,50.75,10129,50.75,U
sh688777,中控技术,2025-09-22 10:27:52,50.77,5550,50.75,U
sh688777,中控技术,2025-09-22 10:28:02,50.78,8789,50.78,U
sh688777,中控技术,2025-09-22 10:28:08,50.79,4961,50.79,U
sh688777,中控技术,2025-09-22 10:28:17,50.78,20718,50.79,D
sh688777,中控技术,2025-09-22 10:28:23,50.79,8027,50.8,D
sh688777,中控技术,2025-09-22 10:28:28,50.8,4075,50.8,D
sh688777,中控技术,2025-09-22 10:28:35,50.81,6808,50.81,U
sh688777,中控技术,2025-09-22 10:28:37,50.83,9499,50.81,E
sh688777,中控技术,2025-09-22 10:28:40,50.8,9001,50.83,D
sh688777,中控技术,2025-09-22 10:28:43,50.8,12206,50.8,U
sh688777,中控技术,2025-09-22 10:28:47,50.8,8418,50.8,U
sh688777,中控技术,2025-09-22 10:28:52,50.81,9145,50.8,U
sh688777,中控技术,2025-09-22 10:28:55,50.81,5391,50.81,U
sh688777,中控技术,2025-09-22 10:29:02,50.78,5296,50.81,D
sh688777,中控技术,2025-09-22 10:29:05,50.75,16460,50.78,D
sh688777,中控技术,2025-09-22 10:29:10,50.79,5701,50.75,U
sh688777,中控技术,2025-09-22 10:29:56,50.77,9000,50.77,D
sh688777,中控技术,2025-09-22 10:30:02,50.75,13618,50.79,D
sh688777,中控技术,2025-09-22 10:30:08,50.73,12176,50.72,E
sh688777,中控技术,2025-09-22 10:30:20,50.7,23900,50.78,D
sh688777,中控技术,2025-09-22 10:30:38,50.78,10885,50.77,U
sh688777,中控技术,2025-09-22 10:30:47,50.77,23627,50.78,D
sh688777,中控技术,2025-09-22 10:31:34,50.75,18638,50.76,D
sh688777,中控技术,2025-09-22 10:31:37,50.75,4442,50.75,U
sh688777,中控技术,2025-09-22 10:31:49,50.78,4558,50.77,U
sh688777,中控技术,2025-09-22 10:31:53,50.74,11159,50.78,D
sh688777,中控技术,2025-09-22 10:32:14,50.72,15881,50.75,D
sh688777,中控技术,2025-09-22 10:32:17,50.71,5597,50.72,D
sh688777,中控技术,2025-09-22 10:32:25,50.71,11526,50.71,D
sh688777,中控技术,2025-09-22 10:32:29,50.71,5928,50.71,D
sh688777,中控技术,2025-09-22 10:32:32,50.68,4776,50.71,D
sh688777,中控技术,2025-09-22 10:33:02,50.69,5418,50.68,U
sh688777,中控技术,2025-09-22 10:33:10,50.68,12547,50.68,D
sh688777,中控技术,2025-09-22 10:34:13,50.67,17721,50.72,D
sh688777,中控技术,2025-09-22 10:34:22,50.69,13736,50.65,U
sh688777,中控技术,2025-09-22 10:34:38,50.65,15069,50.69,D
sh688777,中控技术,2025-09-22 10:35:10,50.67,10011,50.64,U
sh688777,中控技术,2025-09-22 10:36:07,50.72,4549,50.69,U
sh688777,中控技术,2025-09-22 10:36:22,50.7,6212,50.72,U
sh688777,中控技术,2025-09-22 10:36:47,50.7,6800,50.69,U
sh688777,中控技术,2025-09-22 10:37:04,50.69,4786,50.7,D
sh688777,中控技术,2025-09-22 10:37:49,50.68,5240,50.67,U
sh688777,中控技术,2025-09-22 10:38:41,50.7,6331,50.7,U
sh688777,中控技术,2025-09-22 10:40:19,50.66,8854,50.68,D
sh688777,中控技术,2025-09-22 10:41:32,50.6,4739,50.63,D
sh688777,中控技术,2025-09-22 10:42:11,50.55,13234,50.56,D
sh688777,中控技术,2025-09-22 10:42:20,50.55,4673,50.55,D
sh688777,中控技术,2025-09-22 10:42:53,50.48,22239,50.54,D
sh688777,中控技术,2025-09-22 10:43:01,50.49,7895,50.43,U
sh688777,中控技术,2025-09-22 10:43:14,50.46,5300,50.46,U
sh688777,中控技术,2025-09-22 10:43:17,50.5,5180,50.46,U
sh688777,中控技术,2025-09-22 10:43:20,50.45,12200,50.5,D
sh688777,中控技术,2025-09-22 10:44:04,50.51,4442,50.51,E
sh688777,中控技术,2025-09-22 10:44:11,50.52,8224,50.51,U
sh688777,中控技术,2025-09-22 10:44:34,50.53,10981,50.53,D
sh688777,中控技术,2025-09-22 10:45:08,50.48,5994,50.48,U
sh688777,中控技术,2025-09-22 10:45:11,50.51,7088,50.48,U
sh688777,中控技术,2025-09-22 10:45:34,50.51,6209,50.56,D
sh688777,中控技术,2025-09-22 10:45:44,50.5,5200,50.5,D
sh688777,中控技术,2025-09-22 10:47:04,50.47,14096,50.51,D
sh688777,中控技术,2025-09-22 10:47:07,50.45,7269,50.47,D
sh688777,中控技术,2025-09-22 10:47:38,50.44,8079,50.44,D
sh688777,中控技术,2025-09-22 10:47:41,50.43,13356,50.44,D
sh688777,中控技术,2025-09-22 10:48:04,50.43,4369,50.42,U
sh688777,中控技术,2025-09-22 10:48:50,50.49,4091,50.49,U
sh688777,中控技术,2025-09-22 10:50:01,50.5,5207,50.5,U
sh688777,中控技术,2025-09-22 10:50:05,50.5,4996,50.5,D
sh688777,中控技术,2025-09-22 10:50:23,50.49,8041,50.51,D
sh688777,中控技术,2025-09-22 10:50:29,50.47,8528,50.49,D
sh688777,中控技术,2025-09-22 10:50:47,50.47,9941,50.48,D
sh688777,中控技术,2025-09-22 10:50:49,50.48,5381,50.47,U
sh688777,中控技术,2025-09-22 10:51:43,50.45,4165,50.46,D
sh688777,中控技术,2025-09-22 10:51:56,50.45,7505,50.45,U
sh688777,中控技术,2025-09-22 10:51:59,50.46,7022,50.45,U
sh688777,中控技术,2025-09-22 10:52:01,50.46,6937,50.46,U
sh688777,中控技术,2025-09-22 10:52:08,50.46,7588,50.46,U
sh688777,中控技术,2025-09-22 10:52:19,50.48,5300,50.47,U
sh688777,中控技术,2025-09-22 10:53:32,50.5,7484,50.52,D
sh688777,中控技术,2025-09-22 10:53:35,50.48,5036,50.5,D
sh688777,中控技术,2025-09-22 10:53:40,50.5,4300,50.48,U
sh688777,中控技术,2025-09-22 10:54:49,50.51,10000,50.55,D
sh688777,中控技术,2025-09-22 10:54:56,50.49,3974,50.51,D
sh688777,中控技术,2025-09-22 10:54:58,50.49,7863,50.49,U
sh688777,中控技术,2025-09-22 10:55:53,50.5,16157,50.52,D
sh688777,中控技术,2025-09-22 10:55:58,50.5,4583,50.5,U
sh688777,中控技术,2025-09-22 10:56:05,50.52,5950,50.5,U
sh688777,中控技术,2025-09-22 10:56:40,50.53,4198,50.53,U
sh688777,中控技术,2025-09-22 10:56:44,50.55,7959,50.53,U
sh688777,中控技术,2025-09-22 10:57:01,50.54,4046,50.56,D
sh688777,中控技术,2025-09-22 10:57:20,50.49,19119,50.51,D
sh688777,中控技术,2025-09-22 10:57:53,50.45,4080,50.46,D
sh688777,中控技术,2025-09-22 10:58:05,50.43,6663,50.48,D
sh688777,中控技术,2025-09-22 10:58:08,50.46,4404,50.43,U
sh688777,中控技术,2025-09-22 10:58:29,50.54,4311,50.47,U
sh688777,中控技术,2025-09-22 10:58:56,50.49,5200,50.49,U
sh688777,中控技术,2025-09-22 11:00:14,50.55,8465,50.53,U
sh688777,中控技术,2025-09-22 11:00:26,50.55,5579,50.56,D
sh688777,中控技术,2025-09-22 11:00:28,50.53,7719,50.55,D
sh688777,中控技术,2025-09-22 11:01:29,50.54,7272,50.57,D
sh688777,中控技术,2025-09-22 11:01:34,50.55,5000,50.54,U
sh688777,中控技术,2025-09-22 11:02:04,50.5,5427,50.54,D
sh688777,中控技术,2025-09-22 11:02:28,50.5,4755,50.51,D
sh688777,中控技术,2025-09-22 11:02:53,50.5,6243,50.49,U
sh688777,中控技术,2025-09-22 11:03:13,50.5,4881,50.49,U
sh688777,中控技术,2025-09-22 11:04:31,50.5,7436,50.5,U
sh688777,中控技术,2025-09-22 11:04:52,50.48,4150,50.49,D
sh688777,中控技术,2025-09-22 11:05:01,50.49,6420,50.49,U
sh688777,中控技术,2025-09-22 11:05:04,50.46,46019,50.49,D
sh688777,中控技术,2025-09-22 11:05:08,50.45,6995,50.46,D
sh688777,中控技术,2025-09-22 11:05:34,50.45,6137,50.46,D
sh688777,中控技术,2025-09-22 11:05:53,50.45,6851,50.45,U
sh688777,中控技术,2025-09-22 11:06:13,50.44,4300,50.45,D
sh688777,中控技术,2025-09-22 11:06:34,50.45,6383,50.44,U
sh688777,中控技术,2025-09-22 11:06:41,50.42,9013,50.45,D
sh688777,中控技术,2025-09-22 11:06:43,50.42,4385,50.42,D
sh688777,中控技术,2025-09-22 11:07:02,50.41,7599,50.42,D
sh688777,中控技术,2025-09-22 11:07:22,50.42,5659,50.43,D
sh688777,中控技术,2025-09-22 11:07:37,50.42,5000,50.42,D
sh688777,中控技术,2025-09-22 11:07:47,50.41,6580,50.42,D
sh688777,中控技术,2025-09-22 11:07:49,50.37,63993,50.41,D
sh688777,中控技术,2025-09-22 11:07:53,50.36,4150,50.37,D
sh688777,中控技术,2025-09-22 11:08:07,50.33,13650,50.35,D
sh688777,中控技术,2025-09-22 11:08:11,50.35,4007,50.33,U
sh688777,中控技术,2025-09-22 11:08:20,50.35,4652,50.35,U
sh688777,中控技术,2025-09-22 11:08:53,50.37,5431,50.37,D
sh688777,中控技术,2025-09-22 11:08:59,50.35,5481,50.37,D
sh688777,中控技术,2025-09-22 11:09:01,50.35,4961,50.35,D
sh688777,中控技术,2025-09-22 11:10:47,50.38,5338,50.37,U
sh688777,中控技术,2025-09-22 11:11:11,50.38,8600,50.39,D
sh688777,中控技术,2025-09-22 11:11:40,50.35,11728,50.37,D
sh688777,中控技术,2025-09-22 11:12:04,50.34,7517,50.35,D
sh688777,中控技术,2025-09-22 11:12:08,50.34,9255,50.34,U
sh688777,中控技术,2025-09-22 11:12:11,50.34,19822,50.34,U
sh688777,中控技术,2025-09-22 11:12:43,50.38,5713,50.38,U
sh688777,中控技术,2025-09-22 11:13:07,50.38,15710,50.35,U
sh688777,中控技术,2025-09-22 11:13:37,50.34,8797,50.37,D
sh688777,中控技术,2025-09-22 11:13:44,50.32,28733,50.33,D
sh688777,中控技术,2025-09-22 11:13:52,50.3,10250,50.32,D
sh688777,中控技术,2025-09-22 11:14:08,50.29,4994,50.29,D
sh688777,中控技术,2025-09-22 11:14:10,50.27,5434,50.29,D
sh688777,中控技术,2025-09-22 11:14:43,50.25,7251,50.27,D
sh688777,中控技术,2025-09-22 11:14:46,50.25,5961,50.25,D
sh688777,中控技术,2025-09-22 11:14:55,50.26,4684,50.26,D
sh688777,中控技术,2025-09-22 11:15:01,50.26,9520,50.26,U
sh688777,中控技术,2025-09-22 11:15:29,50.22,10245,50.23,D
sh688777,中控技术,2025-09-22 11:15:38,50.23,6128,50.23,U
sh688777,中控技术,2025-09-22 11:15:40,50.22,7878,50.23,D
sh688777,中控技术,2025-09-22 11:15:53,50.24,5813,50.23,U
sh688777,中控技术,2025-09-22 11:15:55,50.26,15248,50.24,U
sh688777,中控技术,2025-09-22 11:16:32,50.25,18813,50.26,D
sh688777,中控技术,2025-09-22 11:16:53,50.23,24501,50.25,D
sh688777,中控技术,2025-09-22 11:16:58,50.22,9867,50.23,D
sh688777,中控技术,2025-09-22 11:17:02,50.21,4495,50.22,D
sh688777,中控技术,2025-09-22 11:17:50,50.25,6220,50.25,D
sh688777,中控技术,2025-09-22 11:17:55,50.24,30744,50.25,D
sh688777,中控技术,2025-09-22 11:18:05,50.26,4466,50.26,U
sh688777,中控技术,2025-09-22 11:18:08,50.26,11844,50.26,U
sh688777,中控技术,2025-09-22 11:18:17,50.26,4719,50.26,D
sh688777,中控技术,2025-09-22 11:18:29,50.29,4900,50.3,D
sh688777,中控技术,2025-09-22 11:18:37,50.25,10037,50.29,D
sh688777,中控技术,2025-09-22 11:18:47,50.26,5202,50.26,U
sh688777,中控技术,2025-09-22 11:18:53,50.26,10588,50.26,D
sh688777,中控技术,2025-09-22 11:18:56,50.24,6036,50.26,D
sh688777,中控技术,2025-09-22 11:18:58,50.22,5118,50.24,D
sh688777,中控技术,2025-09-22 11:19:02,50.25,5116,50.22,U
sh688777,中控技术,2025-09-22 11:19:07,50.22,5284,50.25,D
sh688777,中控技术,2025-09-22 11:19:17,50.22,6749,50.23,D
sh688777,中控技术,2025-09-22 11:19:23,50.21,17126,50.22,D
sh688777,中控技术,2025-09-22 11:19:25,50.2,10267,50.21,D
sh688777,中控技术,2025-09-22 11:19:28,50.2,6003,50.2,D
sh688777,中控技术,2025-09-22 11:19:34,50.21,11030,50.2,U
sh688777,中控技术,2025-09-22 11:19:37,50.19,4880,50.21,D
sh688777,中控技术,2025-09-22 11:19:47,50.19,7050,50.2,D
sh688777,中控技术,2025-09-22 11:19:50,50.17,31902,50.19,D
sh688777,中控技术,2025-09-22 11:19:52,50.15,6200,50.17,D
sh688777,中控技术,2025-09-22 11:19:56,50.15,6400,50.15,D
sh688777,中控技术,2025-09-22 11:19:59,50.14,72438,50.15,D
sh688777,中控技术,2025-09-22 11:20:01,50.15,9575,50.14,U
sh688777,中控技术,2025-09-22 11:20:08,50.14,44511,50.15,D
sh688777,中控技术,2025-09-22 11:20:17,50.15,4716,50.22,D
sh688777,中控技术,2025-09-22 11:20:28,50.21,4969,50.2,E
sh688777,中控技术,2025-09-22 11:20:38,50.17,5082,50.21,D
sh688777,中控技术,2025-09-22 11:20:47,50.17,4718,50.17,D
sh688777,中控技术,2025-09-22 11:20:59,50.22,5894,50.22,D
sh688777,中控技术,2025-09-22 11:21:02,50.22,4405,50.22,E
sh688777,中控技术,2025-09-22 11:21:08,50.17,7512,50.19,D
sh688777,中控技术,2025-09-22 11:21:17,50.17,5878,50.2,D
sh688777,中控技术,2025-09-22 11:21:28,50.17,5456,50.18,D
sh688777,中控技术,2025-09-22 11:21:38,50.18,6997,50.18,U
sh688777,中控技术,2025-09-22 11:21:47,50.17,7555,50.2,D
sh688777,中控技术,2025-09-22 11:21:59,50.23,11011,50.2,U
sh688777,中控技术,2025-09-22 11:22:08,50.19,7215,50.25,D
sh688777,中控技术,2025-09-22 11:22:17,50.2,8608,50.19,D
sh688777,中控技术,2025-09-22 11:22:28,50.18,4734,50.2,D
sh688777,中控技术,2025-09-22 11:22:37,50.18,5118,50.22,D
sh688777,中控技术,2025-09-22 11:22:47,50.18,5665,50.18,D
sh688777,中控技术,2025-09-22 11:22:58,50.19,5037,50.18,E
sh688777,中控技术,2025-09-22 11:23:07,50.21,5131,50.2,U
sh688777,中控技术,2025-09-22 11:23:17,50.21,5806,50.21,D
sh688777,中控技术,2025-09-22 11:23:28,50.18,4972,50.22,D
sh688777,中控技术,2025-09-22 11:23:37,50.18,6664,50.18,D
sh688777,中控技术,2025-09-22 11:23:46,50.18,4710,50.18,D
sh688777,中控技术,2025-09-22 11:23:58,50.18,4725,50.18,D
sh688777,中控技术,2025-09-22 11:24:01,50.2,4428,50.18,E
sh688777,中控技术,2025-09-22 11:24:08,50.17,5116,50.2,D
sh688777,中控技术,2025-09-22 11:24:17,50.18,4674,50.18,D
sh688777,中控技术,2025-09-22 11:24:29,50.18,5737,50.18,D
sh688777,中控技术,2025-09-22 11:24:37,50.19,11809,50.19,D
sh688777,中控技术,2025-09-22 11:24:47,50.17,5325,50.22,D
sh688777,中控技术,2025-09-22 11:24:59,50.2,5114,50.23,D
sh688777,中控技术,2025-09-22 11:25:07,50.19,8548,50.23,D
sh688777,中控技术,2025-09-22 11:25:17,50.2,5573,50.24,D
sh688777,中控技术,2025-09-22 11:25:22,50.2,10651,50.2,D
sh688777,中控技术,2025-09-22 11:25:28,50.19,4719,50.24,D
sh688777,中控技术,2025-09-22 11:25:37,50.19,6894,50.24,D
sh688777,中控技术,2025-09-22 11:25:47,50.19,6145,50.19,D
sh688777,中控技术,2025-09-22 11:25:58,50.21,5160,50.26,D
sh688777,中控技术,2025-09-22 11:26:04,50.23,10221,50.21,D
sh688777,中控技术,2025-09-22 11:26:08,50.22,9979,50.23,U
sh688777,中控技术,2025-09-22 11:26:17,50.18,7541,50.21,D
sh688777,中控技术,2025-09-22 11:26:25,50.26,5464,50.23,U
sh688777,中控技术,2025-09-22 11:26:28,50.2,4672,50.26,D
sh688777,中控技术,2025-09-22 11:26:37,50.25,5845,50.25,U
sh688777,中控技术,2025-09-22 11:26:47,50.19,12017,50.22,D
sh688777,中控技术,2025-09-22 11:26:58,50.22,4678,50.19,D
sh688777,中控技术,2025-09-22 11:27:07,50.25,6258,50.24,U
sh688777,中控技术,2025-09-22 11:27:17,50.24,8837,50.26,D
sh688777,中控技术,2025-09-22 11:27:28,50.23,4730,50.28,D
sh688777,中控技术,2025-09-22 11:27:34,50.2,17612,50.23,D
sh688777,中控技术,2025-09-22 11:27:38,50.28,6098,50.2,U
sh688777,中控技术,2025-09-22 11:27:40,50.2,43411,50.28,D
sh688777,中控技术,2025-09-22 11:27:47,50.19,4730,50.2,D
sh688777,中控技术,2025-09-22 11:27:58,50.28,7996,50.28,U
sh688777,中控技术,2025-09-22 11:28:07,50.21,5948,50.28,D
sh688777,中控技术,2025-09-22 11:28:17,50.2,4686,50.21,D
sh688777,中控技术,2025-09-22 11:28:28,50.22,4720,50.32,D
sh688777,中控技术,2025-09-22 11:28:38,50.2,4922,50.22,D
sh688777,中控技术,2025-09-22 11:28:46,50.2,6162,50.22,D
sh688777,中控技术,2025-09-22 11:28:59,50.21,4726,50.3,D
sh688777,中控技术,2025-09-22 11:29:07,50.21,4891,50.29,D
sh688777,中控技术,2025-09-22 11:29:17,50.21,4715,50.29,D
sh688777,中控技术,2025-09-22 11:29:29,50.3,8283,50.28,U
sh688777,中控技术,2025-09-22 11:29:37,50.21,8667,50.3,D
sh688777,中控技术,2025-09-22 13:00:04,50.33,6192,50.28,U
sh688777,中控技术,2025-09-22 13:00:08,50.36,11564,50.33,U
sh688777,中控技术,2025-09-22 13:00:11,50.35,6015,50.36,D
sh688777,中控技术,2025-09-22 13:00:20,50.35,5493,50.33,U
sh688777,中控技术,2025-09-22 13:00:31,50.39,27254,50.37,U
sh688777,中控技术,2025-09-22 13:01:10,50.44,6471,50.4,U
sh688777,中控技术,2025-09-22 13:01:25,50.44,10248,50.43,D
sh688777,中控技术,2025-09-22 13:02:22,50.39,5700,50.39,D
sh688777,中控技术,2025-09-22 13:02:34,50.38,7326,50.4,D
sh688777,中控技术,2025-09-22 13:03:43,50.43,5816,50.44,D
sh688777,中控技术,2025-09-22 13:03:50,50.42,31689,50.43,D
sh688777,中控技术,2025-09-22 13:04:11,50.37,23744,50.4,D
sh688777,中控技术,2025-09-22 13:05:20,50.4,9131,50.4,U
sh688777,中控技术,2025-09-22 13:05:56,50.46,11507,50.44,U
sh688777,中控技术,2025-09-22 13:05:58,50.47,7600,50.46,U
sh688777,中控技术,2025-09-22 13:06:05,50.5,8400,50.48,U
sh688777,中控技术,2025-09-22 13:06:08,50.46,9546,50.5,D
sh688777,中控技术,2025-09-22 13:06:11,50.44,11263,50.46,D
sh688777,中控技术,2025-09-22 13:06:14,50.41,10637,50.44,D
sh688777,中控技术,2025-09-22 13:06:20,50.4,8118,50.43,D
sh688777,中控技术,2025-09-22 13:06:22,50.39,5148,50.4,D
sh688777,中控技术,2025-09-22 13:06:53,50.41,7868,50.34,U
sh688777,中控技术,2025-09-22 13:07:17,50.51,5200,50.49,E
sh688777,中控技术,2025-09-22 13:08:14,50.46,5364,50.47,D
sh688777,中控技术,2025-09-22 13:08:41,50.48,9160,50.47,U
sh688777,中控技术,2025-09-22 13:08:44,50.48,12277,50.48,U
sh688777,中控技术,2025-09-22 13:08:46,50.5,34012,50.48,U
sh688777,中控技术,2025-09-22 13:08:49,50.49,10252,50.5,D
sh688777,中控技术,2025-09-22 13:08:53,50.54,4698,50.49,U
sh688777,中控技术,2025-09-22 13:09:01,50.52,4300,50.54,D
sh688777,中控技术,2025-09-22 13:09:05,50.52,5029,50.52,D
sh688777,中控技术,2025-09-22 13:09:14,50.56,14136,50.53,U
sh688777,中控技术,2025-09-22 13:09:32,50.55,5102,50.58,D
sh688777,中控技术,2025-09-22 13:09:35,50.53,13154,50.55,D
sh688777,中控技术,2025-09-22 13:09:59,50.51,4500,50.54,D
sh688777,中控技术,2025-09-22 13:10:01,50.5,7555,50.51,D
sh688777,中控技术,2025-09-22 13:10:08,50.54,11245,50.5,U
sh688777,中控技术,2025-09-22 13:10:22,50.46,21384,50.49,D
sh688777,中控技术,2025-09-22 13:10:47,50.44,7000,50.46,D
sh688777,中控技术,2025-09-22 13:10:58,50.45,5410,50.46,D
sh688777,中控技术,2025-09-22 13:11:19,50.5,6000,50.51,E
sh688777,中控技术,2025-09-22 13:12:04,50.5,14250,50.52,D
sh688777,中控技术,2025-09-22 13:12:07,50.49,7345,50.5,D
sh688777,中控技术,2025-09-22 13:12:11,50.49,5647,50.49,U
sh688777,中控技术,2025-09-22 13:12:17,50.45,25067,50.49,D
sh688777,中控技术,2025-09-22 13:12:37,50.49,8206,50.49,D
sh688777,中控技术,2025-09-22 13:12:40,50.51,5848,50.49,U
sh688777,中控技术,2025-09-22 13:12:44,50.52,4484,50.51,U
sh688777,中控技术,2025-09-22 13:12:47,50.5,5000,50.52,E
sh688777,中控技术,2025-09-22 13:12:58,50.55,4149,50.52,U
sh688777,中控技术,2025-09-22 13:13:14,50.47,4600,50.5,D
sh688777,中控技术,2025-09-22 13:13:19,50.5,5799,50.5,U
sh688777,中控技术,2025-09-22 13:14:08,50.53,9600,50.48,U
sh688777,中控技术,2025-09-22 13:14:44,50.54,14383,50.56,D
sh688777,中控技术,2025-09-22 13:14:49,50.54,4150,50.54,U
sh688777,中控技术,2025-09-22 13:14:58,50.54,5214,50.53,U
sh688777,中控技术,2025-09-22 13:15:14,50.55,12829,50.55,U
sh688777,中控技术,2025-09-22 13:15:17,50.6,30311,50.55,U
sh688777,中控技术,2025-09-22 13:15:19,50.62,8491,50.6,U
sh688777,中控技术,2025-09-22 13:15:23,50.58,11512,50.62,D
sh688777,中控技术,2025-09-22 13:15:32,50.58,4332,50.56,U
sh688777,中控技术,2025-09-22 13:15:38,50.64,6480,50.58,U
sh688777,中控技术,2025-09-22 13:16:04,50.54,8778,50.57,D
sh688777,中控技术,2025-09-22 13:16:08,50.5,4176,50.54,D
sh688777,中控技术,2025-09-22 13:16:41,50.63,5942,50.57,U
sh688777,中控技术,2025-09-22 13:16:55,50.53,6972,50.57,D
sh688777,中控技术,2025-09-22 13:17:01,50.59,5900,50.53,U
sh688777,中控技术,2025-09-22 13:17:23,50.59,5289,50.58,U
sh688777,中控技术,2025-09-22 13:17:38,50.62,9800,50.59,U
sh688777,中控技术,2025-09-22 13:18:10,50.62,11573,50.6,U
sh688777,中控技术,2025-09-22 13:18:13,50.63,8157,50.62,U
sh688777,中控技术,2025-09-22 13:18:17,50.65,7844,50.63,U
sh688777,中控技术,2025-09-22 13:18:28,50.7,16600,50.66,U
sh688777,中控技术,2025-09-22 13:18:31,50.71,5420,50.7,U
sh688777,中控技术,2025-09-22 13:18:35,50.72,5003,50.71,U
sh688777,中控技术,2025-09-22 13:18:38,50.72,4661,50.72,U
sh688777,中控技术,2025-09-22 13:18:44,50.71,10118,50.73,D
sh688777,中控技术,2025-09-22 13:18:50,50.73,6371,50.73,D
sh688777,中控技术,2025-09-22 13:18:52,50.67,4866,50.73,D
sh688777,中控技术,2025-09-22 13:19:07,50.72,21007,50.66,U
sh688777,中控技术,2025-09-22 13:19:13,50.67,10755,50.7,D
sh688777,中控技术,2025-09-22 13:19:17,50.72,9202,50.67,U
sh688777,中控技术,2025-09-22 13:19:25,50.68,5553,50.7,D
sh688777,中控技术,2025-09-22 13:19:35,50.67,6973,50.67,E
sh688777,中控技术,2025-09-22 13:19:38,50.66,9422,50.67,D
sh688777,中控技术,2025-09-22 13:19:41,50.65,8876,50.66,D
sh688777,中控技术,2025-09-22 13:19:49,50.65,73530,50.65,U
sh688777,中控技术,2025-09-22 13:20:08,50.61,9870,50.63,D
sh688777,中控技术,2025-09-22 13:20:28,50.6,3963,50.62,D
sh688777,中控技术,2025-09-22 13:20:34,50.6,7102,50.6,U
sh688777,中控技术,2025-09-22 13:20:55,50.63,16281,50.6,U
sh688777,中控技术,2025-09-22 13:21:08,50.68,8807,50.69,D
sh688777,中控技术,2025-09-22 13:21:14,50.68,5041,50.68,U
sh688777,中控技术,2025-09-22 13:21:17,50.68,10369,50.68,U
sh688777,中控技术,2025-09-22 13:21:23,50.68,6616,50.68,D
sh688777,中控技术,2025-09-22 13:22:28,50.59,4863,50.58,U
sh688777,中控技术,2025-09-22 13:22:32,50.62,4569,50.59,U
sh688777,中控技术,2025-09-22 13:22:35,50.61,4206,50.62,E
sh688777,中控技术,2025-09-22 13:22:37,50.63,28887,50.61,U
sh688777,中控技术,2025-09-22 13:23:02,50.63,9842,50.61,U
sh688777,中控技术,2025-09-22 13:23:40,50.65,8364,50.61,U
sh688777,中控技术,2025-09-22 13:24:04,50.7,7917,50.68,U
sh688777,中控技术,2025-09-22 13:24:08,50.71,12488,50.7,U
sh688777,中控技术,2025-09-22 13:24:16,50.69,4200,50.71,D
sh688777,中控技术,2025-09-22 13:24:22,50.66,5448,50.67,D
sh688777,中控技术,2025-09-22 13:24:28,50.7,7434,50.7,U
sh688777,中控技术,2025-09-22 13:24:47,50.71,4568,50.69,U
sh688777,中控技术,2025-09-22 13:25:43,50.66,4878,50.64,U
sh688777,中控技术,2025-09-22 13:25:47,50.63,9000,50.66,D
sh688777,中控技术,2025-09-22 13:26:25,50.6,10736,50.62,D
sh688777,中控技术,2025-09-22 13:26:50,50.6,7114,50.59,U
sh688777,中控技术,2025-09-22 13:27:44,50.5,49500,50.62,D
sh688777,中控技术,2025-09-22 13:28:08,50.58,11508,50.59,D
sh688777,中控技术,2025-09-22 13:28:53,50.54,4928,50.56,D
sh688777,中控技术,2025-09-22 13:29:01,50.58,5188,50.54,U
sh688777,中控技术,2025-09-22 13:29:17,50.62,5017,50.59,U
sh688777,中控技术,2025-09-22 13:29:35,50.65,7939,50.65,U
sh688777,中控技术,2025-09-22 13:30:17,50.62,4382,50.61,E
sh688777,中控技术,2025-09-22 13:30:25,50.57,15218,50.61,D
sh688777,中控技术,2025-09-22 13:31:17,50.61,4440,50.6,U
sh688777,中控技术,2025-09-22 13:32:59,50.6,4580,50.62,D
sh688777,中控技术,2025-09-22 13:33:04,50.62,14590,50.58,U
sh688777,中控技术,2025-09-22 13:33:41,50.64,4807,50.62,U
sh688777,中控技术,2025-09-22 13:33:53,50.65,9338,50.65,U
sh688777,中控技术,2025-09-22 13:33:59,50.64,4657,50.64,D
sh688777,中控技术,2025-09-22 13:34:16,50.53,13656,50.64,D
sh688777,中控技术,2025-09-22 13:34:19,50.55,6600,50.53,E
sh688777,中控技术,2025-09-22 13:34:50,50.58,6991,50.59,D
sh688777,中控技术,2025-09-22 13:35:08,50.61,4470,50.58,U
sh688777,中控技术,2025-09-22 13:35:31,50.6,5378,50.61,D
sh688777,中控技术,2025-09-22 13:36:37,50.58,7677,50.58,D
sh688777,中控技术,2025-09-22 13:37:04,50.56,8200,50.56,D
sh688777,中控技术,2025-09-22 13:37:43,50.54,5976,50.55,D
sh688777,中控技术,2025-09-22 13:38:25,50.55,5048,50.55,D
sh688777,中控技术,2025-09-22 13:38:50,50.49,4200,50.53,D
sh688777,中控技术,2025-09-22 13:39:23,50.58,8545,50.55,U
sh688777,中控技术,2025-09-22 13:41:11,50.58,9002,50.54,U
sh688777,中控技术,2025-09-22 13:41:49,50.54,5049,50.55,D
sh688777,中控技术,2025-09-22 13:42:05,50.48,16750,50.54,D
sh688777,中控技术,2025-09-22 13:42:25,50.48,8626,50.48,U
sh688777,中控技术,2025-09-22 13:42:29,50.53,4206,50.48,U
sh688777,中控技术,2025-09-22 13:42:41,50.49,4908,50.53,D
sh688777,中控技术,2025-09-22 13:43:17,50.45,4502,50.45,U
sh688777,中控技术,2025-09-22 13:43:37,50.46,7093,50.52,D
sh688777,中控技术,2025-09-22 13:44:04,50.44,8958,50.47,D
sh688777,中控技术,2025-09-22 13:44:14,50.45,4413,50.44,U
sh688777,中控技术,2025-09-22 13:44:35,50.41,5071,50.42,D
sh688777,中控技术,2025-09-22 13:44:59,50.45,10725,50.43,U
sh688777,中控技术,2025-09-22 13:45:11,50.43,19829,50.46,D
sh688777,中控技术,2025-09-22 13:46:01,50.54,7301,50.45,U
sh688777,中控技术,2025-09-22 13:48:29,50.44,6812,50.44,U
sh688777,中控技术,2025-09-22 13:48:37,50.46,5985,50.44,U
sh688777,中控技术,2025-09-22 13:49:02,50.46,4396,50.46,U
sh688777,中控技术,2025-09-22 13:49:22,50.49,10534,50.47,U
sh688777,中控技术,2025-09-22 13:49:31,50.52,6757,50.5,U
sh688777,中控技术,2025-09-22 13:50:25,50.44,5000,50.44,D
sh688777,中控技术,2025-09-22 13:51:41,50.48,5974,50.48,D
sh688777,中控技术,2025-09-22 13:52:13,50.46,6662,50.49,D
sh688777,中控技术,2025-09-22 13:52:19,50.46,13415,50.46,U
sh688777,中控技术,2025-09-22 13:53:14,50.42,19148,50.43,D
sh688777,中控技术,2025-09-22 13:53:20,50.38,12500,50.41,D
sh688777,中控技术,2025-09-22 13:53:40,50.39,6100,50.38,U
sh688777,中控技术,2025-09-22 13:54:02,50.42,7049,50.39,U
sh688777,中控技术,2025-09-22 13:55:02,50.42,5493,50.44,D
sh688777,中控技术,2025-09-22 13:55:22,50.38,20730,50.42,D
sh688777,中控技术,2025-09-22 13:56:16,50.39,8663,50.4,D
sh688777,中控技术,2025-09-22 13:56:26,50.38,13665,50.4,D
sh688777,中控技术,2025-09-22 13:57:08,50.42,5314,50.4,U
sh688777,中控技术,2025-09-22 13:58:05,50.36,20553,50.38,D
sh688777,中控技术,2025-09-22 13:58:07,50.35,4293,50.36,D
sh688777,中控技术,2025-09-22 13:58:49,50.36,16269,50.36,U
sh688777,中控技术,2025-09-22 13:59:05,50.36,8890,50.35,U
sh688777,中控技术,2025-09-22 14:00:19,50.38,4383,50.37,U
sh688777,中控技术,2025-09-22 14:00:49,50.37,5607,50.37,U
sh688777,中控技术,2025-09-22 14:00:55,50.35,8662,50.37,D
sh688777,中控技术,2025-09-22 14:00:59,50.34,6539,50.35,D
sh688777,中控技术,2025-09-22 14:01:02,50.31,12514,50.34,D
sh688777,中控技术,2025-09-22 14:01:14,50.3,6210,50.31,D
sh688777,中控技术,2025-09-22 14:01:56,50.32,4143,50.31,U
sh688777,中控技术,2025-09-22 14:02:04,50.29,14305,50.33,D
sh688777,中控技术,2025-09-22 14:02:23,50.34,4464,50.35,U
sh688777,中控技术,2025-09-22 14:02:25,50.36,5200,50.34,U
sh688777,中控技术,2025-09-22 14:02:38,50.34,5820,50.34,U
sh688777,中控技术,2025-09-22 14:02:50,50.36,7343,50.35,U
sh688777,中控技术,2025-09-22 14:03:23,50.38,4329,50.37,U
sh688777,中控技术,2025-09-22 14:03:49,50.33,5512,50.35,D
sh688777,中控技术,2025-09-22 14:04:02,50.32,5100,50.36,D
sh688777,中控技术,2025-09-22 14:04:19,50.31,7070,50.33,D
sh688777,中控技术,2025-09-22 14:04:56,50.3,10600,50.3,D
sh688777,中控技术,2025-09-22 14:04:59,50.29,18949,50.3,D
sh688777,中控技术,2025-09-22 14:05:07,50.29,28400,50.28,U
sh688777,中控技术,2025-09-22 14:05:55,50.29,4200,50.27,U
sh688777,中控技术,2025-09-22 14:06:10,50.27,4342,50.27,E
sh688777,中控技术,2025-09-22 14:06:16,50.26,5263,50.26,D
sh688777,中控技术,2025-09-22 14:06:26,50.23,8180,50.25,D
sh688777,中控技术,2025-09-22 14:07:11,50.23,5983,50.22,U
sh688777,中控技术,2025-09-22 14:07:25,50.26,7424,50.24,U
sh688777,中控技术,2025-09-22 14:07:53,50.22,15232,50.24,D
sh688777,中控技术,2025-09-22 14:07:56,50.23,7568,50.22,U
sh688777,中控技术,2025-09-22 14:08:07,50.26,6212,50.24,U
sh688777,中控技术,2025-09-22 14:08:23,50.29,4499,50.28,U
sh688777,中控技术,2025-09-22 14:09:01,50.3,9783,50.29,U
sh688777,中控技术,2025-09-22 14:09:08,50.32,4765,50.31,U
sh688777,中控技术,2025-09-22 14:09:32,50.32,6871,50.33,D
sh688777,中控技术,2025-09-22 14:09:34,50.32,7697,50.32,D
sh688777,中控技术,2025-09-22 14:09:58,50.35,23165,50.35,U
sh688777,中控技术,2025-09-22 14:10:17,50.36,7066,50.34,U
sh688777,中控技术,2025-09-22 14:10:23,50.35,6037,50.36,U
sh688777,中控技术,2025-09-22 14:10:31,50.33,7723,50.34,D
sh688777,中控技术,2025-09-22 14:10:38,50.34,4000,50.33,U
sh688777,中控技术,2025-09-22 14:11:02,50.31,10200,50.32,D
sh688777,中控技术,2025-09-22 14:11:11,50.31,10831,50.3,U
sh688777,中控技术,2025-09-22 14:11:55,50.31,6227,50.3,U
sh688777,中控技术,2025-09-22 14:12:23,50.34,14840,50.34,U
sh688777,中控技术,2025-09-22 14:12:50,50.37,5000,50.35,U
sh688777,中控技术,2025-09-22 14:13:08,50.34,4332,50.36,D
sh688777,中控技术,2025-09-22 14:13:11,50.35,14376,50.34,U
sh688777,中控技术,2025-09-22 14:13:23,50.35,5550,50.34,U
sh688777,中控技术,2025-09-22 14:13:41,50.34,12400,50.34,D
sh688777,中控技术,2025-09-22 14:14:05,50.35,5390,50.34,U
sh688777,中控技术,2025-09-22 14:14:07,50.37,22881,50.35,U
sh688777,中控技术,2025-09-22 14:14:34,50.4,4910,50.4,U
sh688777,中控技术,2025-09-22 14:15:05,50.38,12857,50.4,D
sh688777,中控技术,2025-09-22 14:16:11,50.38,4720,50.4,D
sh688777,中控技术,2025-09-22 14:16:20,50.39,5084,50.38,U
sh688777,中控技术,2025-09-22 14:16:41,50.38,8406,50.38,U
sh688777,中控技术,2025-09-22 14:16:47,50.37,6687,50.38,D
sh688777,中控技术,2025-09-22 14:16:55,50.36,17872,50.37,D
sh688777,中控技术,2025-09-22 14:17:47,50.35,15974,50.36,D
sh688777,中控技术,2025-09-22 14:18:11,50.35,12731,50.34,U
sh688777,中控技术,2025-09-22 14:18:56,50.33,60525,50.35,D
sh688777,中控技术,2025-09-22 14:19:08,50.37,6118,50.36,U
sh688777,中控技术,2025-09-22 14:19:10,50.37,13960,50.37,U
sh688777,中控技术,2025-09-22 14:19:25,50.38,26322,50.37,U
sh688777,中控技术,2025-09-22 14:19:28,50.38,10415,50.38,U
sh688777,中控技术,2025-09-22 14:20:08,50.4,13226,50.4,U
sh688777,中控技术,2025-09-22 14:20:11,50.42,7708,50.4,U
sh688777,中控技术,2025-09-22 14:20:26,50.43,5130,50.43,U
sh688777,中控技术,2025-09-22 14:20:29,50.42,4641,50.43,D
sh688777,中控技术,2025-09-22 14:21:49,50.5,10716,50.47,U
sh688777,中控技术,2025-09-22 14:22:07,50.47,4853,50.51,D
sh688777,中控技术,2025-09-22 14:24:47,50.52,8244,50.46,U
sh688777,中控技术,2025-09-22 14:25:38,50.5,18376,50.51,D
sh688777,中控技术,2025-09-22 14:25:41,50.53,4119,50.5,U
sh688777,中控技术,2025-09-22 14:26:08,50.5,14600,50.53,D
sh688777,中控技术,2025-09-22 14:26:13,50.49,4630,50.5,D
sh688777,中控技术,2025-09-22 14:27:47,50.46,5965,50.46,U
sh688777,中控技术,2025-09-22 14:27:52,50.47,4616,50.47,U
sh688777,中控技术,2025-09-22 14:28:20,50.5,6114,50.49,U
sh688777,中控技术,2025-09-22 14:30:58,50.51,7665,50.5,U
sh688777,中控技术,2025-09-22 14:31:02,50.52,29021,50.51,U
sh688777,中控技术,2025-09-22 14:31:47,50.53,5038,50.54,D
sh688777,中控技术,2025-09-22 14:31:50,50.54,7100,50.53,U
sh688777,中控技术,2025-09-22 14:31:55,50.54,4864,50.54,U
sh688777,中控技术,2025-09-22 14:32:07,50.55,6702,50.54,U
sh688777,中控技术,2025-09-22 14:32:13,50.58,23107,50.56,U
sh688777,中控技术,2025-09-22 14:32:17,50.58,12728,50.58,D
sh688777,中控技术,2025-09-22 14:32:23,50.58,17975,50.58,D
sh688777,中控技术,2025-09-22 14:32:37,50.57,11953,50.57,D
sh688777,中控技术,2025-09-22 14:34:31,50.55,5068,50.55,U
sh688777,中控技术,2025-09-22 14:34:37,50.55,13173,50.55,D
sh688777,中控技术,2025-09-22 14:34:49,50.56,5850,50.58,D
sh688777,中控技术,2025-09-22 14:36:25,50.58,4000,50.58,U
sh688777,中控技术,2025-09-22 14:36:38,50.57,4437,50.58,D
sh688777,中控技术,2025-09-22 14:36:52,50.52,4516,50.53,D
sh688777,中控技术,2025-09-22 14:37:49,50.57,6166,50.56,U
sh688777,中控技术,2025-09-22 14:40:08,50.52,4171,50.51,U
sh688777,中控技术,2025-09-22 14:40:19,50.55,4887,50.55,U
sh688777,中控技术,2025-09-22 14:40:56,50.53,6100,50.54,D
sh688777,中控技术,2025-09-22 14:41:47,50.52,4543,50.52,D
sh688777,中控技术,2025-09-22 14:42:08,50.53,5600,50.52,U
sh688777,中控技术,2025-09-22 14:43:04,50.52,5386,50.52,U
sh688777,中控技术,2025-09-22 14:43:31,50.52,5448,50.53,D
sh688777,中控技术,2025-09-22 14:44:01,50.54,7136,50.54,U
sh688777,中控技术,2025-09-22 14:44:08,50.53,4785,50.54,D
sh688777,中控技术,2025-09-22 14:44:14,50.54,5754,50.53,U
sh688777,中控技术,2025-09-22 14:44:20,50.53,9887,50.54,D
sh688777,中控技术,2025-09-22 14:45:53,50.5,8415,50.51,D
sh688777,中控技术,2025-09-22 14:46:08,50.49,9736,50.49,D
sh688777,中控技术,2025-09-22 14:46:37,50.5,4802,50.5,U
sh688777,中控技术,2025-09-22 14:47:50,50.51,5907,50.5,U
sh688777,中控技术,2025-09-22 14:47:53,50.51,5400,50.51,U
sh688777,中控技术,2025-09-22 14:48:08,50.5,4944,50.5,D
sh688777,中控技术,2025-09-22 14:50:02,50.5,5763,50.51,D
sh688777,中控技术,2025-09-22 14:50:05,50.5,10200,50.5,D
sh688777,中控技术,2025-09-22 14:50:17,50.51,3977,50.5,U
sh688777,中控技术,2025-09-22 14:50:25,50.5,4083,50.5,D
sh688777,中控技术,2025-09-22 14:50:28,50.51,5941,50.5,U
sh688777,中控技术,2025-09-22 14:51:02,50.54,11147,50.52,U
sh688777,中控技术,2025-09-22 14:52:28,50.53,7185,50.52,U
sh688777,中控技术,2025-09-22 14:52:35,50.53,5313,50.53,U
sh688777,中控技术,2025-09-22 14:52:52,50.52,7436,50.53,D
sh688777,中控技术,2025-09-22 14:53:08,50.53,8123,50.52,U
sh688777,中控技术,2025-09-22 14:53:26,50.56,37066,50.54,U
sh688777,中控技术,2025-09-22 14:53:28,50.54,14960,50.56,D
sh688777,中控技术,2025-09-22 14:53:32,50.57,4545,50.54,U
sh688777,中控技术,2025-09-22 14:53:41,50.57,6164,50.57,U
sh688777,中控技术,2025-09-22 14:54:11,50.58,5000,50.58,U
sh688777,中控技术,2025-09-22 14:54:13,50.58,4900,50.58,U
sh688777,中控技术,2025-09-22 14:54:17,50.57,4704,50.58,D
sh688777,中控技术,2025-09-22 14:54:25,50.58,5737,50.57,U
sh688777,中控技术,2025-09-22 14:54:32,50.58,7900,50.56,U
sh688777,中控技术,2025-09-22 14:54:50,50.58,14271,50.59,D
sh688777,中控技术,2025-09-22 14:54:53,50.58,15224,50.58,U
sh688777,中控技术,2025-09-22 14:55:11,50.59,5023,50.6,D
sh688777,中控技术,2025-09-22 14:55:17,50.58,12586,50.58,D
sh688777,中控技术,2025-09-22 14:55:23,50.6,6974,50.6,U
sh688777,中控技术,2025-09-22 14:55:26,50.6,4256,50.6,D
sh688777,中控技术,2025-09-22 14:55:31,50.61,8985,50.62,D
sh688777,中控技术,2025-09-22 14:55:38,50.63,6794,50.62,U
sh688777,中控技术,2025-09-22 14:55:40,50.6,5923,50.63,D
sh688777,中控技术,2025-09-22 14:55:47,50.63,50015,50.6,U
sh688777,中控技术,2025-09-22 14:56:02,50.61,10698,50.64,D
sh688777,中控技术,2025-09-22 14:56:17,50.63,6534,50.6,U
sh688777,中控技术,2025-09-22 14:56:20,50.63,5231,50.63,U
sh688777,中控技术,2025-09-22 14:56:26,50.63,6032,50.63,U
sh688777,中控技术,2025-09-22 14:56:29,50.63,4677,50.63,D
sh688777,中控技术,2025-09-22 14:56:32,50.63,12217,50.63,U
sh688777,中控技术,2025-09-22 14:56:41,50.63,4718,50.64,D
sh688777,中控技术,2025-09-22 14:56:43,50.64,7653,50.63,U
sh688777,中控技术,2025-09-22 14:56:46,50.63,7205,50.64,D
sh688777,中控技术,2025-09-22 14:56:49,50.63,4234,50.63,D
sh688777,中控技术,2025-09-22 14:56:55,50.64,4000,50.63,U
sh688777,中控技术,2025-09-22 14:56:59,50.64,6876,50.64,U
sh688777,中控技术,2025-09-22 15:00:01,50.63,147512,50.64,U
