symbol,name,ticktime,price,volume,prev_price,kind
sh688777,中控技术,2025-09-16 09:25:01,51.4,77066,0.0,U
sh688777,中控技术,2025-09-16 09:30:05,51.35,13434,51.4,D
sh688777,中控技术,2025-09-16 09:30:08,51.28,51195,51.35,E
sh688777,中控技术,2025-09-16 09:30:11,51.35,7371,51.28,U
sh688777,中控技术,2025-09-16 09:30:17,51.35,15785,51.21,U
sh688777,中控技术,2025-09-16 09:30:26,51.11,8242,51.15,D
sh688777,中控技术,2025-09-16 09:30:29,51.1,15256,51.11,D
sh688777,中控技术,2025-09-16 09:30:32,51.1,10799,51.1,D
sh688777,中控技术,2025-09-16 09:30:35,51.3,4889,51.1,U
sh688777,中控技术,2025-09-16 09:30:38,51.15,12141,51.3,E
sh688777,中控技术,2025-09-16 09:30:44,51.18,5018,51.15,U
sh688777,中控技术,2025-09-16 09:30:47,51.24,9061,51.18,U
sh688777,中控技术,2025-09-16 09:30:53,51.17,4117,51.15,E
sh688777,中控技术,2025-09-16 09:30:59,51.13,13804,51.17,D
sh688777,中控技术,2025-09-16 09:31:02,51.13,4940,51.13,U
sh688777,中控技术,2025-09-16 09:31:05,51.18,5430,51.13,D
sh688777,中控技术,2025-09-16 09:31:14,51.18,5598,51.18,U
sh688777,中控技术,2025-09-16 09:31:17,51.17,4898,51.18,E
sh688777,中控技术,2025-09-16 09:31:26,51.16,8796,51.14,U
sh688777,中控技术,2025-09-16 09:31:35,51.16,4806,51.14,U
sh688777,中控技术,2025-09-16 09:31:41,51.16,15815,51.16,U
sh688777,中控技术,2025-09-16 09:31:44,51.14,11696,51.16,D
sh688777,中控技术,2025-09-16 09:31:50,51.15,4100,51.14,U
sh688777,中控技术,2025-09-16 09:31:59,51.15,3926,51.15,U
sh688777,中控技术,2025-09-16 09:32:02,51.15,4978,51.15,U
sh688777,中控技术,2025-09-16 09:32:08,51.15,12045,51.14,U
sh688777,中控技术,2025-09-16 09:32:14,51.15,4495,51.13,U
sh688777,中控技术,2025-09-16 09:32:20,51.22,12897,51.17,U
sh688777,中控技术,2025-09-16 09:32:23,51.18,56402,51.22,D
sh688777,中控技术,2025-09-16 09:32:26,51.15,12342,51.18,D
sh688777,中控技术,2025-09-16 09:32:29,51.05,65121,51.15,D
sh688777,中控技术,2025-09-16 09:32:32,51.15,27154,51.05,U
sh688777,中控技术,2025-09-16 09:32:35,51.09,6939,51.15,D
sh688777,中控技术,2025-09-16 09:32:38,51.09,3925,51.09,U
sh688777,中控技术,2025-09-16 09:32:41,51.13,6142,51.09,U
sh688777,中控技术,2025-09-16 09:32:50,51.15,14523,51.14,U
sh688777,中控技术,2025-09-16 09:32:53,51.13,6998,51.15,D
sh688777,中控技术,2025-09-16 09:33:02,51.16,5579,51.15,E
sh688777,中控技术,2025-09-16 09:33:05,51.22,6000,51.16,U
sh688777,中控技术,2025-09-16 09:33:08,51.15,4500,51.22,D
sh688777,中控技术,2025-09-16 09:33:11,51.09,7886,51.15,D
sh688777,中控技术,2025-09-16 09:33:14,51.05,20923,51.09,D
sh688777,中控技术,2025-09-16 09:33:17,51.11,19158,51.05,E
sh688777,中控技术,2025-09-16 09:33:20,51.04,8769,51.11,D
sh688777,中控技术,2025-09-16 09:33:26,51.06,11088,51.06,E
sh688777,中控技术,2025-09-16 09:33:35,51.07,9987,51.03,U
sh688777,中控技术,2025-09-16 09:33:41,51.13,12132,51.07,U
sh688777,中控技术,2025-09-16 09:33:44,51.21,9856,51.13,U
sh688777,中控技术,2025-09-16 09:33:50,51.24,4104,51.17,U
sh688777,中控技术,2025-09-16 09:33:56,51.21,13817,51.25,D
sh688777,中控技术,2025-09-16 09:34:02,51.26,4121,51.22,U
sh688777,中控技术,2025-09-16 09:34:05,51.22,7500,51.26,D
sh688777,中控技术,2025-09-16 09:34:17,51.23,4489,51.23,D
sh688777,中控技术,2025-09-16 09:34:26,51.18,5838,51.22,D
sh688777,中控技术,2025-09-16 09:34:32,51.22,4255,51.18,U
sh688777,中控技术,2025-09-16 09:34:44,51.21,8178,51.22,E
sh688777,中控技术,2025-09-16 09:34:47,51.23,11414,51.21,U
sh688777,中控技术,2025-09-16 09:34:50,51.22,4054,51.23,E
sh688777,中控技术,2025-09-16 09:34:53,51.25,35573,51.22,U
sh688777,中控技术,2025-09-16 09:35:02,51.24,5100,51.22,E
sh688777,中控技术,2025-09-16 09:35:17,51.2,8458,51.24,D
sh688777,中控技术,2025-09-16 09:35:23,51.24,6664,51.2,U
sh688777,中控技术,2025-09-16 09:35:29,51.19,9429,51.2,D
sh688777,中控技术,2025-09-16 09:35:35,51.24,12877,51.22,U
sh688777,中控技术,2025-09-16 09:35:41,51.24,12429,51.24,U
sh688777,中控技术,2025-09-16 09:35:50,51.25,4274,51.2,U
sh688777,中控技术,2025-09-16 09:35:56,51.28,5102,51.27,U
sh688777,中控技术,2025-09-16 09:36:20,51.31,5418,51.29,E
sh688777,中控技术,2025-09-16 09:36:26,51.32,7394,51.31,D
sh688777,中控技术,2025-09-16 09:36:35,51.38,19252,51.33,U
sh688777,中控技术,2025-09-16 09:36:38,51.36,18959,51.38,D
sh688777,中控技术,2025-09-16 09:36:44,51.36,12459,51.36,U
sh688777,中控技术,2025-09-16 09:36:47,51.41,36782,51.36,U
sh688777,中控技术,2025-09-16 09:36:59,51.44,11488,51.43,U
sh688777,中控技术,2025-09-16 09:37:02,51.41,57769,51.44,D
sh688777,中控技术,2025-09-16 09:37:08,51.4,8330,51.41,D
sh688777,中控技术,2025-09-16 09:37:11,51.38,5745,51.4,E
sh688777,中控技术,2025-09-16 09:37:26,51.35,24737,51.33,E
sh688777,中控技术,2025-09-16 09:37:35,51.38,6679,51.39,E
sh688777,中控技术,2025-09-16 09:37:41,51.37,7478,51.36,E
sh688777,中控技术,2025-09-16 09:37:53,51.33,7400,51.33,U
sh688777,中控技术,2025-09-16 09:37:56,51.32,4967,51.33,D
sh688777,中控技术,2025-09-16 09:38:02,51.25,14693,51.3,D
sh688777,中控技术,2025-09-16 09:38:05,51.28,7464,51.25,U
sh688777,中控技术,2025-09-16 09:38:29,51.21,4502,51.25,D
sh688777,中控技术,2025-09-16 09:38:35,51.21,4791,51.25,D
sh688777,中控技术,2025-09-16 09:38:38,51.22,7149,51.21,U
sh688777,中控技术,2025-09-16 09:38:41,51.2,12922,51.22,D
sh688777,中控技术,2025-09-16 09:38:44,51.18,4192,51.2,D
sh688777,中控技术,2025-09-16 09:38:53,51.15,14312,51.2,D
sh688777,中控技术,2025-09-16 09:38:59,51.13,3937,51.17,D
sh688777,中控技术,2025-09-16 09:39:02,51.16,24789,51.13,D
sh688777,中控技术,2025-09-16 09:39:08,51.15,11407,51.12,U
sh688777,中控技术,2025-09-16 09:39:11,51.13,11232,51.15,E
sh688777,中控技术,2025-09-16 09:39:17,51.07,4217,51.13,D
sh688777,中控技术,2025-09-16 09:39:20,51.08,14720,51.07,U
sh688777,中控技术,2025-09-16 09:39:32,51.1,4632,51.1,U
sh688777,中控技术,2025-09-16 09:39:50,51.15,6240,51.15,D
sh688777,中控技术,2025-09-16 09:39:56,51.15,6268,51.15,U
sh688777,中控技术,2025-09-16 09:39:59,51.2,14240,51.15,U
sh688777,中控技术,2025-09-16 09:40:14,51.16,7566,51.17,D
sh688777,中控技术,2025-09-16 09:40:17,51.14,7787,51.16,D
sh688777,中控技术,2025-09-16 09:40:26,51.13,5700,51.13,U
sh688777,中控技术,2025-09-16 09:40:32,51.11,4048,51.11,D
sh688777,中控技术,2025-09-16 09:40:35,51.1,21142,51.11,D
sh688777,中控技术,2025-09-16 09:40:41,51.13,5000,51.11,U
sh688777,中控技术,2025-09-16 09:40:44,51.1,8069,51.13,D
sh688777,中控技术,2025-09-16 09:40:50,51.08,26093,51.11,D
sh688777,中控技术,2025-09-16 09:40:53,51.07,12482,51.08,D
sh688777,中控技术,2025-09-16 09:40:56,51.06,9493,51.07,D
sh688777,中控技术,2025-09-16 09:41:02,51.06,7938,51.06,D
sh688777,中控技术,2025-09-16 09:41:05,51.09,6675,51.06,U
sh688777,中控技术,2025-09-16 09:41:08,51.06,13238,51.09,D
sh688777,中控技术,2025-09-16 09:41:14,51.05,24323,51.09,D
sh688777,中控技术,2025-09-16 09:41:35,51.08,7630,51.09,D
sh688777,中控技术,2025-09-16 09:41:41,51.05,6646,51.09,D
sh688777,中控技术,2025-09-16 09:41:44,51.03,10980,51.05,D
sh688777,中控技术,2025-09-16 09:41:47,51.04,25113,51.03,E
sh688777,中控技术,2025-09-16 09:41:50,51.0,24250,51.04,D
sh688777,中控技术,2025-09-16 09:41:53,51.04,13334,51.0,U
sh688777,中控技术,2025-09-16 09:41:59,51.02,6100,51.05,D
sh688777,中控技术,2025-09-16 09:42:11,51.02,4406,51.02,D
sh688777,中控技术,2025-09-16 09:42:14,50.99,12981,51.02,D
sh688777,中控技术,2025-09-16 09:42:23,50.91,14535,50.97,D
sh688777,中控技术,2025-09-16 09:42:26,50.91,5206,50.91,D
sh688777,中控技术,2025-09-16 09:42:29,50.91,8024,50.91,D
sh688777,中控技术,2025-09-16 09:42:35,50.91,4553,50.9,U
sh688777,中控技术,2025-09-16 09:42:38,50.99,41074,50.91,U
sh688777,中控技术,2025-09-16 09:42:41,50.95,19229,50.99,E
sh688777,中控技术,2025-09-16 09:42:50,50.95,5712,50.95,U
sh688777,中控技术,2025-09-16 09:42:53,50.93,26974,50.95,D
sh688777,中控技术,2025-09-16 09:42:56,50.93,17312,50.93,U
sh688777,中控技术,2025-09-16 09:42:59,50.93,4388,50.93,U
sh688777,中控技术,2025-09-16 09:43:02,50.91,22507,50.93,D
sh688777,中控技术,2025-09-16 09:43:05,50.91,6037,50.91,U
sh688777,中控技术,2025-09-16 09:43:08,50.9,4781,50.91,D
sh688777,中控技术,2025-09-16 09:43:11,50.93,42145,50.9,U
sh688777,中控技术,2025-09-16 09:43:14,50.95,8370,50.93,U
sh688777,中控技术,2025-09-16 09:43:20,51.0,7683,50.98,U
sh688777,中控技术,2025-09-16 09:43:23,50.99,4237,51.0,D
sh688777,中控技术,2025-09-16 09:43:38,51.0,6000,51.0,D
sh688777,中控技术,2025-09-16 09:43:47,50.99,5892,51.0,D
sh688777,中控技术,2025-09-16 09:43:56,51.0,8337,50.96,U
sh688777,中控技术,2025-09-16 09:44:02,51.0,6600,50.97,U
sh688777,中控技术,2025-09-16 09:44:05,51.05,13454,51.0,U
sh688777,中控技术,2025-09-16 09:44:20,50.96,4939,50.98,D
sh688777,中控技术,2025-09-16 09:44:29,50.99,14406,50.96,E
sh688777,中控技术,2025-09-16 09:44:32,50.94,16212,50.99,D
sh688777,中控技术,2025-09-16 09:44:41,50.92,7400,50.93,D
sh688777,中控技术,2025-09-16 09:44:50,50.91,6094,50.91,D
sh688777,中控技术,2025-09-16 09:44:53,50.91,4426,50.91,D
sh688777,中控技术,2025-09-16 09:44:56,50.91,5432,50.91,U
sh688777,中控技术,2025-09-16 09:45:11,50.86,11034,50.88,D
sh688777,中控技术,2025-09-16 09:45:14,50.86,4768,50.86,D
sh688777,中控技术,2025-09-16 09:45:17,50.85,17152,50.86,D
sh688777,中控技术,2025-09-16 09:45:20,50.91,45456,50.85,U
sh688777,中控技术,2025-09-16 09:45:23,50.92,9820,50.91,U
sh688777,中控技术,2025-09-16 09:45:53,51.01,8775,50.98,U
sh688777,中控技术,2025-09-16 09:45:56,51.05,10307,51.01,U
sh688777,中控技术,2025-09-16 09:46:14,51.15,4517,51.15,U
sh688777,中控技术,2025-09-16 09:46:17,51.19,20255,51.15,U
sh688777,中控技术,2025-09-16 09:46:23,51.15,18164,51.15,D
sh688777,中控技术,2025-09-16 09:46:38,51.15,5500,51.11,U
sh688777,中控技术,2025-09-16 09:46:44,51.12,4465,51.15,D
sh688777,中控技术,2025-09-16 09:46:56,51.14,5532,51.16,D
sh688777,中控技术,2025-09-16 09:47:05,51.13,4972,51.16,D
sh688777,中控技术,2025-09-16 09:47:20,51.12,4400,51.12,D
sh688777,中控技术,2025-09-16 09:47:23,51.09,20707,51.12,D
sh688777,中控技术,2025-09-16 09:47:26,51.1,16674,51.09,U
sh688777,中控技术,2025-09-16 09:47:32,51.11,5508,51.09,U
sh688777,中控技术,2025-09-16 09:47:38,51.11,21502,51.09,U
sh688777,中控技术,2025-09-16 09:47:47,51.08,15576,51.12,D
sh688777,中控技术,2025-09-16 09:47:53,51.1,5684,51.1,D
sh688777,中控技术,2025-09-16 09:47:56,51.13,15309,51.1,U
sh688777,中控技术,2025-09-16 09:48:17,51.1,11600,51.1,D
sh688777,中控技术,2025-09-16 09:48:29,51.12,9536,51.08,U
sh688777,中控技术,2025-09-16 09:48:35,51.1,7352,51.08,E
sh688777,中控技术,2025-09-16 09:48:44,51.09,4234,51.08,U
sh688777,中控技术,2025-09-16 09:48:47,51.05,6146,51.09,D
sh688777,中控技术,2025-09-16 09:49:05,51.0,5737,51.05,D
sh688777,中控技术,2025-09-16 09:49:17,51.0,5000,51.05,D
sh688777,中控技术,2025-09-16 09:49:23,51.01,11900,51.0,D
sh688777,中控技术,2025-09-16 09:49:41,51.07,16233,51.05,U
sh688777,中控技术,2025-09-16 09:49:44,51.07,4752,51.07,U
sh688777,中控技术,2025-09-16 09:49:53,51.12,5965,51.1,U
sh688777,中控技术,2025-09-16 09:49:59,51.1,10062,51.12,D
sh688777,中控技术,2025-09-16 09:50:05,51.17,14332,51.1,U
sh688777,中控技术,2025-09-16 09:50:08,51.18,17200,51.17,U
sh688777,中控技术,2025-09-16 09:50:11,51.18,9000,51.18,U
sh688777,中控技术,2025-09-16 09:50:14,51.15,11350,51.18,D
sh688777,中控技术,2025-09-16 09:50:17,51.15,8882,51.15,D
sh688777,中控技术,2025-09-16 09:50:20,51.14,19612,51.15,D
sh688777,中控技术,2025-09-16 09:50:29,51.09,5400,51.14,D
sh688777,中控技术,2025-09-16 09:50:41,51.1,7467,51.1,D
sh688777,中控技术,2025-09-16 09:50:53,51.1,15412,51.1,U
sh688777,中控技术,2025-09-16 09:50:59,51.12,5539,51.1,U
sh688777,中控技术,2025-09-16 09:51:05,51.05,16288,51.07,D
sh688777,中控技术,2025-09-16 09:51:14,51.03,3939,51.04,E
sh688777,中控技术,2025-09-16 09:51:29,51.06,9755,51.06,D
sh688777,中控技术,2025-09-16 09:51:47,50.97,5600,51.01,D
sh688777,中控技术,2025-09-16 09:51:53,50.96,5635,51.0,D
sh688777,中控技术,2025-09-16 09:51:59,50.96,15622,50.96,D
sh688777,中控技术,2025-09-16 09:52:02,51.01,7386,50.96,U
sh688777,中控技术,2025-09-16 09:52:17,51.01,6328,51.04,D
sh688777,中控技术,2025-09-16 09:52:20,51.07,9300,51.01,U
sh688777,中控技术,2025-09-16 09:52:23,51.01,5341,51.07,D
sh688777,中控技术,2025-09-16 09:52:38,51.05,4345,51.02,U
sh688777,中控技术,2025-09-16 09:52:41,51.01,4376,51.05,D
sh688777,中控技术,2025-09-16 09:52:44,50.99,5240,51.01,D
sh688777,中控技术,2025-09-16 09:52:56,50.97,5900,50.98,D
sh688777,中控技术,2025-09-16 09:52:59,50.97,15034,50.97,D
sh688777,中控技术,2025-09-16 09:53:02,51.06,45120,50.97,U
sh688777,中控技术,2025-09-16 09:53:20,51.01,4588,51.05,D
sh688777,中控技术,2025-09-16 09:53:26,51.04,5326,51.01,U
sh688777,中控技术,2025-09-16 09:53:29,51.07,17281,51.04,U
sh688777,中控技术,2025-09-16 09:53:41,51.02,4000,51.09,D
sh688777,中控技术,2025-09-16 09:53:50,51.09,12865,51.07,U
sh688777,中控技术,2025-09-16 09:53:53,51.12,20004,51.09,U
sh688777,中控技术,2025-09-16 09:54:02,51.14,15549,51.12,U
sh688777,中控技术,2025-09-16 09:54:05,51.14,4067,51.14,U
sh688777,中控技术,2025-09-16 09:54:17,51.21,19424,51.19,U
sh688777,中控技术,2025-09-16 09:54:23,51.2,6574,51.22,E
sh688777,中控技术,2025-09-16 09:54:32,51.31,9254,51.22,U
sh688777,中控技术,2025-09-16 09:54:59,51.29,4674,51.29,U
sh688777,中控技术,2025-09-16 09:55:02,51.28,26086,51.29,E
sh688777,中控技术,2025-09-16 09:55:05,51.31,8249,51.28,E
sh688777,中控技术,2025-09-16 09:55:08,51.32,7686,51.31,D
sh688777,中控技术,2025-09-16 09:55:14,51.3,13723,51.3,D
sh688777,中控技术,2025-09-16 09:55:17,51.38,17995,51.3,U
sh688777,中控技术,2025-09-16 09:55:23,51.38,3919,51.39,D
sh688777,中控技术,2025-09-16 09:55:26,51.38,7772,51.38,U
sh688777,中控技术,2025-09-16 09:55:32,51.42,10856,51.38,U
sh688777,中控技术,2025-09-16 09:55:35,51.38,16728,51.42,E
sh688777,中控技术,2025-09-16 09:55:41,51.34,12934,51.38,D
sh688777,中控技术,2025-09-16 09:56:11,51.25,9593,51.33,D
sh688777,中控技术,2025-09-16 09:56:26,51.25,5893,51.31,D
sh688777,中控技术,2025-09-16 09:56:35,51.3,6785,51.29,U
sh688777,中控技术,2025-09-16 09:56:44,51.31,11900,51.3,U
sh688777,中控技术,2025-09-16 09:56:59,51.29,8237,51.24,U
sh688777,中控技术,2025-09-16 09:57:50,51.21,4955,51.25,D
sh688777,中控技术,2025-09-16 09:57:59,51.13,11058,51.2,D
sh688777,中控技术,2025-09-16 09:58:11,51.22,13028,51.21,U
sh688777,中控技术,2025-09-16 09:58:35,51.22,15680,51.22,D
sh688777,中控技术,2025-09-16 09:58:50,51.25,9824,51.24,U
sh688777,中控技术,2025-09-16 09:59:02,51.25,4835,51.26,D
sh688777,中控技术,2025-09-16 09:59:05,51.28,8096,51.25,U
sh688777,中控技术,2025-09-16 09:59:08,51.28,13310,51.28,U
sh688777,中控技术,2025-09-16 09:59:20,51.21,9895,51.27,D
sh688777,中控技术,2025-09-16 09:59:35,51.24,8137,51.22,U
sh688777,中控技术,2025-09-16 09:59:38,51.22,6739,51.24,D
sh688777,中控技术,2025-09-16 10:00:05,51.2,4750,51.22,D
sh688777,中控技术,2025-09-16 10:00:08,51.2,11738,51.2,D
sh688777,中控技术,2025-09-16 10:00:20,51.18,7957,51.18,U
sh688777,中控技术,2025-09-16 10:00:38,51.13,8078,51.13,D
sh688777,中控技术,2025-09-16 10:00:47,51.09,4601,51.1,U
sh688777,中控技术,2025-09-16 10:00:56,51.11,4518,51.11,D
sh688777,中控技术,2025-09-16 10:01:02,51.12,9864,51.11,E
sh688777,中控技术,2025-09-16 10:01:14,51.18,5041,51.13,U
sh688777,中控技术,2025-09-16 10:01:23,51.1,6978,51.16,D
sh688777,中控技术,2025-09-16 10:01:26,51.11,5458,51.1,U
sh688777,中控技术,2025-09-16 10:01:29,51.11,4542,51.11,D
sh688777,中控技术,2025-09-16 10:01:32,51.09,4407,51.11,D
sh688777,中控技术,2025-09-16 10:01:50,51.1,8539,51.11,D
sh688777,中控技术,2025-09-16 10:01:59,51.1,16444,51.1,U
sh688777,中控技术,2025-09-16 10:02:02,51.1,14704,51.1,U
sh688777,中控技术,2025-09-16 10:02:14,51.15,11900,51.09,U
sh688777,中控技术,2025-09-16 10:02:20,51.1,6600,51.1,D
sh688777,中控技术,2025-09-16 10:02:26,51.11,5986,51.15,D
sh688777,中控技术,2025-09-16 10:02:32,51.09,8870,51.1,D
sh688777,中控技术,2025-09-16 10:02:41,51.1,12639,51.06,U
sh688777,中控技术,2025-09-16 10:02:50,51.13,12600,51.13,U
sh688777,中控技术,2025-09-16 10:02:53,51.1,5614,51.13,E
sh688777,中控技术,2025-09-16 10:03:08,51.15,7176,51.15,U
sh688777,中控技术,2025-09-16 10:03:29,51.11,13146,51.13,D
sh688777,中控技术,2025-09-16 10:03:38,51.09,7037,51.11,D
sh688777,中控技术,2025-09-16 10:03:53,51.09,10600,51.09,U
sh688777,中控技术,2025-09-16 10:04:17,51.09,8008,51.07,U
sh688777,中控技术,2025-09-16 10:04:20,51.07,10941,51.09,E
sh688777,中控技术,2025-09-16 10:04:35,51.09,6868,51.03,U
sh688777,中控技术,2025-09-16 10:04:38,51.1,9721,51.09,U
sh688777,中控技术,2025-09-16 10:04:56,51.08,5200,51.09,D
sh688777,中控技术,2025-09-16 10:05:02,51.07,6700,51.05,E
sh688777,中控技术,2025-09-16 10:05:05,51.18,4044,51.07,U
sh688777,中控技术,2025-09-16 10:05:20,51.15,3975,51.15,U
sh688777,中控技术,2025-09-16 10:05:53,51.11,6679,51.13,D
sh688777,中控技术,2025-09-16 10:06:32,51.09,7508,51.11,D
sh688777,中控技术,2025-09-16 10:06:41,51.11,4816,51.09,U
sh688777,中控技术,2025-09-16 10:06:50,51.11,8039,51.11,U
sh688777,中控技术,2025-09-16 10:07:14,51.07,20574,51.11,D
sh688777,中控技术,2025-09-16 10:07:17,51.05,4917,51.07,D
sh688777,中控技术,2025-09-16 10:07:20,51.02,9140,51.05,D
sh688777,中控技术,2025-09-16 10:07:26,51.02,10916,51.02,D
sh688777,中控技术,2025-09-16 10:07:29,51.03,11470,51.02,U
sh688777,中控技术,2025-09-16 10:07:32,51.01,5602,51.03,D
sh688777,中控技术,2025-09-16 10:07:35,51.07,5000,51.01,E
sh688777,中控技术,2025-09-16 10:07:38,51.06,21500,51.07,U
sh688777,中控技术,2025-09-16 10:07:47,51.02,9646,51.03,E
sh688777,中控技术,2025-09-16 10:07:50,51.11,25679,51.02,U
sh688777,中控技术,2025-09-16 10:07:53,51.11,24762,51.11,U
sh688777,中控技术,2025-09-16 10:08:20,51.09,8171,51.09,U
sh688777,中控技术,2025-09-16 10:08:44,51.12,4696,51.09,U
sh688777,中控技术,2025-09-16 10:08:56,51.11,5797,51.13,D
sh688777,中控技术,2025-09-16 10:09:14,51.15,5136,51.14,U
sh688777,中控技术,2025-09-16 10:09:47,51.13,5982,51.18,D
sh688777,中控技术,2025-09-16 10:10:02,51.15,5908,51.16,U
sh688777,中控技术,2025-09-16 10:10:08,51.15,5962,51.16,E
sh688777,中控技术,2025-09-16 10:10:11,51.13,5200,51.15,E
sh688777,中控技术,2025-09-16 10:10:14,51.17,5101,51.13,U
sh688777,中控技术,2025-09-16 10:10:17,51.17,6967,51.17,U
sh688777,中控技术,2025-09-16 10:10:26,51.2,7079,51.17,U
sh688777,中控技术,2025-09-16 10:10:44,51.16,4203,51.17,U
sh688777,中控技术,2025-09-16 10:10:47,51.15,4044,51.16,D
sh688777,中控技术,2025-09-16 10:10:50,51.1,12871,51.15,D
sh688777,中控技术,2025-09-16 10:11:05,51.17,29574,51.13,U
sh688777,中控技术,2025-09-16 10:11:08,51.22,8858,51.17,U
sh688777,中控技术,2025-09-16 10:11:11,51.22,27233,51.22,U
sh688777,中控技术,2025-09-16 10:11:14,51.26,12526,51.22,U
sh688777,中控技术,2025-09-16 10:11:17,51.27,7911,51.26,U
sh688777,中控技术,2025-09-16 10:11:20,51.25,10467,51.27,D
sh688777,中控技术,2025-09-16 10:11:29,51.29,15000,51.26,U
sh688777,中控技术,2025-09-16 10:11:38,51.26,14029,51.3,D
sh688777,中控技术,2025-09-16 10:11:41,51.3,9129,51.26,U
sh688777,中控技术,2025-09-16 10:12:02,51.25,7655,51.29,D
sh688777,中控技术,2025-09-16 10:12:05,51.24,4339,51.25,D
sh688777,中控技术,2025-09-16 10:12:23,51.18,5539,51.18,D
sh688777,中控技术,2025-09-16 10:12:35,51.12,7534,51.17,D
sh688777,中控技术,2025-09-16 10:12:41,51.15,12145,51.15,U
sh688777,中控技术,2025-09-16 10:12:56,51.14,6968,51.13,U
sh688777,中控技术,2025-09-16 10:13:05,51.1,8683,51.14,D
sh688777,中控技术,2025-09-16 10:13:14,51.1,4111,51.12,D
sh688777,中控技术,2025-09-16 10:13:32,51.2,21147,51.24,D
sh688777,中控技术,2025-09-16 10:13:38,51.24,5348,51.23,U
sh688777,中控技术,2025-09-16 10:13:59,51.24,16287,51.22,U
sh688777,中控技术,2025-09-16 10:14:05,51.25,10828,51.25,U
sh688777,中控技术,2025-09-16 10:14:14,51.22,10000,51.22,D
sh688777,中控技术,2025-09-16 10:14:32,51.21,12201,51.21,U
sh688777,中控技术,2025-09-16 10:14:44,51.2,6651,51.19,U
sh688777,中控技术,2025-09-16 10:14:56,51.22,4365,51.21,U
sh688777,中控技术,2025-09-16 10:15:02,51.21,4200,51.2,D
sh688777,中控技术,2025-09-16 10:15:05,51.22,7722,51.21,U
sh688777,中控技术,2025-09-16 10:15:23,51.23,5000,51.24,D
sh688777,中控技术,2025-09-16 10:15:26,51.24,4600,51.23,E
sh688777,中控技术,2025-09-16 10:15:32,51.27,23037,51.22,U
sh688777,中控技术,2025-09-16 10:16:05,51.2,11022,51.22,D
sh688777,中控技术,2025-09-16 10:16:17,51.19,7504,51.2,D
sh688777,中控技术,2025-09-16 10:16:20,51.12,4118,51.19,D
sh688777,中控技术,2025-09-16 10:16:32,51.13,25470,51.12,E
sh688777,中控技术,2025-09-16 10:16:35,51.1,4146,51.13,D
sh688777,中控技术,2025-09-16 10:16:44,51.09,17256,51.1,D
sh688777,中控技术,2025-09-16 10:16:47,51.1,3918,51.09,U
sh688777,中控技术,2025-09-16 10:17:05,51.07,5587,51.1,D
sh688777,中控技术,2025-09-16 10:17:08,51.08,4971,51.07,E
sh688777,中控技术,2025-09-16 10:17:23,51.05,13600,51.06,D
sh688777,中控技术,2025-09-16 10:17:38,51.05,3975,51.05,D
sh688777,中控技术,2025-09-16 10:18:17,51.04,8400,51.05,D
sh688777,中控技术,2025-09-16 10:18:26,51.05,25029,51.06,D
sh688777,中控技术,2025-09-16 10:18:29,51.05,13885,51.05,D
sh688777,中控技术,2025-09-16 10:18:47,51.02,40680,51.04,D
sh688777,中控技术,2025-09-16 10:18:53,51.02,6498,51.02,D
sh688777,中控技术,2025-09-16 10:18:56,51.01,15758,51.02,D
sh688777,中控技术,2025-09-16 10:19:05,51.01,6600,51.01,U
sh688777,中控技术,2025-09-16 10:19:08,51.01,10300,51.01,U
sh688777,中控技术,2025-09-16 10:19:11,51.05,5089,51.01,U
sh688777,中控技术,2025-09-16 10:19:50,51.03,7764,51.03,D
sh688777,中控技术,2025-09-16 10:20:02,51.02,4858,51.02,D
sh688777,中控技术,2025-09-16 10:20:05,51.02,4132,51.02,U
sh688777,中控技术,2025-09-16 10:20:08,51.02,6529,51.02,D
sh688777,中控技术,2025-09-16 10:20:14,51.01,18872,51.02,D
sh688777,中控技术,2025-09-16 10:20:20,50.98,16045,51.0,D
sh688777,中控技术,2025-09-16 10:20:23,50.96,5239,50.98,D
sh688777,中控技术,2025-09-16 10:20:41,50.96,4353,50.97,D
sh688777,中控技术,2025-09-16 10:20:44,50.96,6197,50.96,U
sh688777,中控技术,2025-09-16 10:20:53,50.93,9417,50.95,D
sh688777,中控技术,2025-09-16 10:20:59,50.92,6400,50.92,D
sh688777,中控技术,2025-09-16 10:21:23,50.94,7222,50.93,U
sh688777,中控技术,2025-09-16 10:21:35,50.93,8508,50.95,D
sh688777,中控技术,2025-09-16 10:21:38,50.95,13050,50.93,U
sh688777,中控技术,2025-09-16 10:21:44,50.93,6804,50.92,U
sh688777,中控技术,2025-09-16 10:21:47,50.92,11902,50.93,D
sh688777,中控技术,2025-09-16 10:21:50,50.87,59361,50.92,D
sh688777,中控技术,2025-09-16 10:21:56,50.86,16521,50.87,D
sh688777,中控技术,2025-09-16 10:21:59,50.85,6145,50.86,D
sh688777,中控技术,2025-09-16 10:22:02,50.86,11474,50.85,U
sh688777,中控技术,2025-09-16 10:22:05,50.87,4170,50.86,U
sh688777,中控技术,2025-09-16 10:22:08,50.87,6200,50.87,E
sh688777,中控技术,2025-09-16 10:22:26,50.87,26624,50.9,D
sh688777,中控技术,2025-09-16 10:22:38,50.91,30000,50.88,U
sh688777,中控技术,2025-09-16 10:22:44,50.88,10258,50.88,U
sh688777,中控技术,2025-09-16 10:22:50,50.87,12200,50.87,E
sh688777,中控技术,2025-09-16 10:22:56,50.87,5242,50.87,U
sh688777,中控技术,2025-09-16 10:22:59,50.89,27855,50.87,U
sh688777,中控技术,2025-09-16 10:23:11,50.87,4874,50.88,D
sh688777,中控技术,2025-09-16 10:23:20,50.88,17704,50.88,D
sh688777,中控技术,2025-09-16 10:23:41,50.87,18626,50.88,D
sh688777,中控技术,2025-09-16 10:23:44,50.87,12526,50.87,D
sh688777,中控技术,2025-09-16 10:23:56,50.86,4838,50.86,U
sh688777,中控技术,2025-09-16 10:24:02,50.85,13417,50.86,D
sh688777,中控技术,2025-09-16 10:24:05,50.86,22736,50.85,U
sh688777,中控技术,2025-09-16 10:24:08,50.87,5560,50.86,U
sh688777,中控技术,2025-09-16 10:24:11,50.87,5089,50.87,U
sh688777,中控技术,2025-09-16 10:24:20,50.84,6300,50.87,D
sh688777,中控技术,2025-09-16 10:24:26,50.87,6118,50.84,U
sh688777,中控技术,2025-09-16 10:24:32,50.82,30007,50.84,D
sh688777,中控技术,2025-09-16 10:24:44,50.88,33910,50.82,U
sh688777,中控技术,2025-09-16 10:24:53,50.86,5200,50.85,E
sh688777,中控技术,2025-09-16 10:24:59,50.82,11130,50.87,D
sh688777,中控技术,2025-09-16 10:25:08,50.81,27836,50.82,D
sh688777,中控技术,2025-09-16 10:25:11,50.8,28007,50.81,D
sh688777,中控技术,2025-09-16 10:25:20,50.87,6225,50.86,U
sh688777,中控技术,2025-09-16 10:25:23,50.85,6127,50.87,D
sh688777,中控技术,2025-09-16 10:25:32,50.83,6449,50.83,D
sh688777,中控技术,2025-09-16 10:25:38,50.84,13330,50.84,U
sh688777,中控技术,2025-09-16 10:25:47,50.88,10000,50.83,U
sh688777,中控技术,2025-09-16 10:25:56,50.85,19767,50.83,E
sh688777,中控技术,2025-09-16 10:26:20,50.9,36301,50.88,U
sh688777,中控技术,2025-09-16 10:26:56,50.83,38858,50.92,D
sh688777,中控技术,2025-09-16 10:27:02,50.79,20722,50.84,D
sh688777,中控技术,2025-09-16 10:27:05,50.78,7379,50.79,D
sh688777,中控技术,2025-09-16 10:27:08,50.78,4467,50.78,D
sh688777,中控技术,2025-09-16 10:27:14,50.76,4243,50.78,D
sh688777,中控技术,2025-09-16 10:27:17,50.78,15675,50.76,U
sh688777,中控技术,2025-09-16 10:27:20,50.76,19767,50.78,D
sh688777,中控技术,2025-09-16 10:27:26,50.75,4819,50.76,D
sh688777,中控技术,2025-09-16 10:27:35,50.75,13588,50.75,D
sh688777,中控技术,2025-09-16 10:27:47,50.74,10664,50.72,E
sh688777,中控技术,2025-09-16 10:28:02,50.79,11517,50.79,U
sh688777,中控技术,2025-09-16 10:28:05,50.79,12400,50.79,U
sh688777,中控技术,2025-09-16 10:28:08,50.79,22103,50.79,D
sh688777,中控技术,2025-09-16 10:28:11,50.77,16911,50.79,D
sh688777,中控技术,2025-09-16 10:28:50,50.92,13425,50.87,U
sh688777,中控技术,2025-09-16 10:28:56,50.88,8637,50.92,D
sh688777,中控技术,2025-09-16 10:28:59,50.85,5452,50.88,D
sh688777,中控技术,2025-09-16 10:29:11,50.94,4575,50.94,U
sh688777,中控技术,2025-09-16 10:29:14,50.99,15436,50.94,U
sh688777,中控技术,2025-09-16 10:29:17,51.02,9931,50.99,U
sh688777,中控技术,2025-09-16 10:29:44,51.0,7141,50.97,U
sh688777,中控技术,2025-09-16 10:29:59,50.99,14124,51.0,D
sh688777,中控技术,2025-09-16 10:30:08,50.96,15448,51.02,D
sh688777,中控技术,2025-09-16 10:30:11,51.06,17130,50.96,U
sh688777,中控技术,2025-09-16 10:30:14,51.0,7725,51.06,D
sh688777,中控技术,2025-09-16 10:30:17,51.0,7664,51.0,D
sh688777,中控技术,2025-09-16 10:30:53,51.03,5811,51.0,U
sh688777,中控技术,2025-09-16 10:31:11,50.99,15205,50.96,U
sh688777,中控技术,2025-09-16 10:31:59,50.85,4983,50.85,D
sh688777,中控技术,2025-09-16 10:32:20,50.85,12246,50.82,U
sh688777,中控技术,2025-09-16 10:32:56,50.83,9698,50.84,D
sh688777,中控技术,2025-09-16 10:33:05,50.81,4221,50.82,D
sh688777,中控技术,2025-09-16 10:33:08,50.81,10387,50.81,D
sh688777,中控技术,2025-09-16 10:33:11,50.8,10000,50.81,D
sh688777,中控技术,2025-09-16 10:33:14,50.81,5000,50.8,U
sh688777,中控技术,2025-09-16 10:33:26,50.78,20176,50.8,D
sh688777,中控技术,2025-09-16 10:33:38,50.78,4474,50.78,D
sh688777,中控技术,2025-09-16 10:33:44,50.78,5026,50.78,D
sh688777,中控技术,2025-09-16 10:33:50,50.8,9591,50.78,U
sh688777,中控技术,2025-09-16 10:33:56,50.77,13314,50.77,D
sh688777,中控技术,2025-09-16 10:33:59,50.77,4000,50.77,D
sh688777,中控技术,2025-09-16 10:34:14,50.78,7977,50.77,D
sh688777,中控技术,2025-09-16 10:34:20,50.81,5123,50.81,D
sh688777,中控技术,2025-09-16 10:34:23,50.78,11344,50.81,D
sh688777,中控技术,2025-09-16 10:34:29,50.87,9000,50.76,U
sh688777,中控技术,2025-09-16 10:34:35,50.81,10400,50.79,D
sh688777,中控技术,2025-09-16 10:34:59,50.82,5572,50.83,D
sh688777,中控技术,2025-09-16 10:35:05,50.77,13259,50.81,D
sh688777,中控技术,2025-09-16 10:35:17,50.76,13234,50.76,U
sh688777,中控技术,2025-09-16 10:35:23,50.77,4150,50.79,D
sh688777,中控技术,2025-09-16 10:36:05,50.75,6535,50.75,D
sh688777,中控技术,2025-09-16 10:36:08,50.77,12711,50.75,U
sh688777,中控技术,2025-09-16 10:36:32,50.76,5675,50.74,U
sh688777,中控技术,2025-09-16 10:36:35,50.74,6000,50.76,D
sh688777,中控技术,2025-09-16 10:36:41,50.75,4733,50.78,D
sh688777,中控技术,2025-09-16 10:37:02,50.74,4102,50.74,U
sh688777,中控技术,2025-09-16 10:37:08,50.76,10999,50.75,U
sh688777,中控技术,2025-09-16 10:37:11,50.73,10937,50.76,D
sh688777,中控技术,2025-09-16 10:37:38,50.75,5882,50.76,D
sh688777,中控技术,2025-09-16 10:38:14,50.74,4557,50.74,D
sh688777,中控技术,2025-09-16 10:38:17,50.73,14142,50.74,D
sh688777,中控技术,2025-09-16 10:38:20,50.74,7574,50.73,U
sh688777,中控技术,2025-09-16 10:38:23,50.7,34333,50.74,D
sh688777,中控技术,2025-09-16 10:38:29,50.69,26157,50.7,D
sh688777,中控技术,2025-09-16 10:38:44,50.66,12309,50.66,D
sh688777,中控技术,2025-09-16 10:38:47,50.64,11851,50.66,D
sh688777,中控技术,2025-09-16 10:38:53,50.63,6632,50.64,D
sh688777,中控技术,2025-09-16 10:38:56,50.62,18226,50.63,D
sh688777,中控技术,2025-09-16 10:39:02,50.62,11887,50.62,D
sh688777,中控技术,2025-09-16 10:39:05,50.6,12400,50.62,D
sh688777,中控技术,2025-09-16 10:39:08,50.61,156533,50.6,D
sh688777,中控技术,2025-09-16 10:39:11,50.65,14711,50.61,U
sh688777,中控技术,2025-09-16 10:39:17,50.59,6310,50.65,D
sh688777,中控技术,2025-09-16 10:39:20,50.58,10899,50.59,D
sh688777,中控技术,2025-09-16 10:39:32,50.6,4020,50.64,D
sh688777,中控技术,2025-09-16 10:39:38,50.59,4308,50.6,D
sh688777,中控技术,2025-09-16 10:39:41,50.61,23300,50.59,U
sh688777,中控技术,2025-09-16 10:39:50,50.6,6200,50.63,D
sh688777,中控技术,2025-09-16 10:39:59,50.58,25174,50.6,D
sh688777,中控技术,2025-09-16 10:40:11,50.65,14039,50.62,U
sh688777,中控技术,2025-09-16 10:40:14,50.76,6427,50.65,U
sh688777,中控技术,2025-09-16 10:40:23,50.7,4194,50.79,D
sh688777,中控技术,2025-09-16 10:40:50,50.73,6375,50.73,U
sh688777,中控技术,2025-09-16 10:40:59,50.74,6767,50.72,U
sh688777,中控技术,2025-09-16 10:41:26,50.78,5903,50.71,U
sh688777,中控技术,2025-09-16 10:41:35,50.78,6316,50.78,U
sh688777,中控技术,2025-09-16 10:41:38,50.78,6930,50.78,D
sh688777,中控技术,2025-09-16 10:42:20,50.78,9349,50.79,D
sh688777,中控技术,2025-09-16 10:42:26,50.71,63044,50.78,D
sh688777,中控技术,2025-09-16 10:43:11,50.73,5500,50.73,U
sh688777,中控技术,2025-09-16 10:43:17,50.72,6000,50.72,D
sh688777,中控技术,2025-09-16 10:43:20,50.7,10200,50.72,D
sh688777,中控技术,2025-09-16 10:43:41,50.7,5000,50.73,D
sh688777,中控技术,2025-09-16 10:43:44,50.7,5000,50.7,D
sh688777,中控技术,2025-09-16 10:44:14,50.7,5111,50.7,D
sh688777,中控技术,2025-09-16 10:44:41,50.67,7002,50.68,D
sh688777,中控技术,2025-09-16 10:44:56,50.66,4933,50.68,D
sh688777,中控技术,2025-09-16 10:45:08,50.7,13165,50.68,U
sh688777,中控技术,2025-09-16 10:45:11,50.7,4081,50.7,U
sh688777,中控技术,2025-09-16 10:45:23,50.81,71300,50.7,U
sh688777,中控技术,2025-09-16 10:45:56,50.69,4996,50.71,D
sh688777,中控技术,2025-09-16 10:46:17,50.7,4209,50.69,U
sh688777,中控技术,2025-09-16 10:46:44,50.8,4475,50.8,U
sh688777,中控技术,2025-09-16 10:46:56,50.75,3967,50.76,D
sh688777,中控技术,2025-09-16 10:47:44,50.8,7492,50.8,D
sh688777,中控技术,2025-09-16 10:47:53,50.75,4800,50.8,D
sh688777,中控技术,2025-09-16 10:48:29,50.79,4438,50.79,U
sh688777,中控技术,2025-09-16 10:50:08,50.78,5290,50.78,U
sh688777,中控技术,2025-09-16 10:50:17,50.8,10278,50.77,U
sh688777,中控技术,2025-09-16 10:52:02,50.78,7851,50.79,D
sh688777,中控技术,2025-09-16 10:52:05,50.76,6940,50.78,D
sh688777,中控技术,2025-09-16 10:52:08,50.76,10838,50.76,D
sh688777,中控技术,2025-09-16 10:52:20,50.74,22841,50.75,D
sh688777,中控技术,2025-09-16 10:52:53,50.66,5810,50.68,D
sh688777,中控技术,2025-09-16 10:53:02,50.68,30577,50.66,U
sh688777,中控技术,2025-09-16 10:53:29,50.62,5282,50.63,D
sh688777,中控技术,2025-09-16 10:53:47,50.61,4848,50.61,D
sh688777,中控技术,2025-09-16 10:53:50,50.61,6621,50.61,D
sh688777,中控技术,2025-09-16 10:54:26,50.78,13312,50.62,U
sh688777,中控技术,2025-09-16 10:54:29,50.66,38432,50.78,D
sh688777,中控技术,2025-09-16 10:54:41,50.62,9353,50.76,D
sh688777,中控技术,2025-09-16 10:54:44,50.73,6000,50.62,E
sh688777,中控技术,2025-09-16 10:55:29,50.64,5160,50.66,D
sh688777,中控技术,2025-09-16 10:55:32,50.63,4355,50.64,D
sh688777,中控技术,2025-09-16 10:55:50,50.63,4251,50.63,D
sh688777,中控技术,2025-09-16 10:56:05,50.62,7810,50.63,D
sh688777,中控技术,2025-09-16 10:56:23,50.6,4880,50.6,D
sh688777,中控技术,2025-09-16 10:56:32,50.58,4432,50.58,D
sh688777,中控技术,2025-09-16 10:56:44,50.57,4253,50.58,D
sh688777,中控技术,2025-09-16 10:56:53,50.56,7993,50.57,D
sh688777,中控技术,2025-09-16 10:57:02,50.55,16731,50.55,D
sh688777,中控技术,2025-09-16 10:57:14,50.51,8807,50.55,D
sh688777,中控技术,2025-09-16 10:57:20,50.55,119128,50.51,U
sh688777,中控技术,2025-09-16 10:57:23,50.55,5389,50.55,D
sh688777,中控技术,2025-09-16 10:57:29,50.55,7943,50.55,D
sh688777,中控技术,2025-09-16 10:57:35,50.6,9160,50.55,U
sh688777,中控技术,2025-09-16 10:57:41,50.6,23028,50.6,D
sh688777,中控技术,2025-09-16 10:58:05,50.6,18617,50.53,U
sh688777,中控技术,2025-09-16 10:58:08,50.6,7575,50.6,U
sh688777,中控技术,2025-09-16 10:58:11,50.6,9992,50.6,U
sh688777,中控技术,2025-09-16 10:58:14,50.6,4691,50.6,U
sh688777,中控技术,2025-09-16 10:58:29,50.59,7400,50.59,D
sh688777,中控技术,2025-09-16 10:58:35,50.59,7284,50.59,D
sh688777,中控技术,2025-09-16 10:58:38,50.59,5186,50.59,U
sh688777,中控技术,2025-09-16 10:58:41,50.59,8907,50.59,U
sh688777,中控技术,2025-09-16 10:58:53,50.56,15237,50.56,U
sh688777,中控技术,2025-09-16 10:59:05,50.53,5788,50.55,D
sh688777,中控技术,2025-09-16 10:59:11,50.53,74881,50.55,D
sh688777,中控技术,2025-09-16 10:59:14,50.56,19651,50.53,U
sh688777,中控技术,2025-09-16 10:59:17,50.56,7100,50.56,U
sh688777,中控技术,2025-09-16 10:59:20,50.56,5166,50.56,U
sh688777,中控技术,2025-09-16 10:59:23,50.56,4654,50.56,U
sh688777,中控技术,2025-09-16 10:59:38,50.55,9939,50.56,D
sh688777,中控技术,2025-09-16 10:59:41,50.59,5000,50.55,U
sh688777,中控技术,2025-09-16 11:00:08,50.63,27128,50.6,U
sh688777,中控技术,2025-09-16 11:00:35,50.66,10000,50.6,U
sh688777,中控技术,2025-09-16 11:00:50,50.59,11181,50.62,D
sh688777,中控技术,2025-09-16 11:00:59,50.58,5113,50.6,D
sh688777,中控技术,2025-09-16 11:01:05,50.58,6560,50.58,U
sh688777,中控技术,2025-09-16 11:01:08,50.55,18200,50.58,D
sh688777,中控技术,2025-09-16 11:01:32,50.58,5795,50.62,D
sh688777,中控技术,2025-09-16 11:01:47,50.57,9339,50.63,D
sh688777,中控技术,2025-09-16 11:01:59,50.57,10628,50.57,U
sh688777,中控技术,2025-09-16 11:02:05,50.6,4200,50.57,U
sh688777,中控技术,2025-09-16 11:02:17,50.68,9000,50.55,U
sh688777,中控技术,2025-09-16 11:03:02,50.61,5152,50.65,D
sh688777,中控技术,2025-09-16 11:03:14,50.65,6840,50.61,U
sh688777,中控技术,2025-09-16 11:03:17,50.65,4420,50.65,D
sh688777,中控技术,2025-09-16 11:03:38,50.65,15600,50.66,D
sh688777,中控技术,2025-09-16 11:03:50,50.65,5207,50.65,D
sh688777,中控技术,2025-09-16 11:03:59,50.66,4403,50.65,U
sh688777,中控技术,2025-09-16 11:04:02,50.66,16794,50.66,U
sh688777,中控技术,2025-09-16 11:04:08,50.7,9770,50.69,U
sh688777,中控技术,2025-09-16 11:04:29,50.74,7920,50.72,U
sh688777,中控技术,2025-09-16 11:04:38,50.69,5955,50.72,D
sh688777,中控技术,2025-09-16 11:04:41,50.66,6500,50.69,D
sh688777,中控技术,2025-09-16 11:05:14,50.66,15297,50.67,D
sh688777,中控技术,2025-09-16 11:05:26,50.65,4826,50.65,D
sh688777,中控技术,2025-09-16 11:05:32,50.69,4772,50.65,U
sh688777,中控技术,2025-09-16 11:05:56,50.74,7750,50.74,U
sh688777,中控技术,2025-09-16 11:06:05,50.74,10252,50.74,U
sh688777,中控技术,2025-09-16 11:06:11,50.74,5075,50.73,U
sh688777,中控技术,2025-09-16 11:06:14,50.74,8235,50.74,U
sh688777,中控技术,2025-09-16 11:07:14,50.75,17250,50.77,D
sh688777,中控技术,2025-09-16 11:07:17,50.74,12760,50.75,D
sh688777,中控技术,2025-09-16 11:07:23,50.73,9442,50.74,D
sh688777,中控技术,2025-09-16 11:07:41,50.74,38362,50.72,U
sh688777,中控技术,2025-09-16 11:07:44,50.75,5914,50.74,U
sh688777,中控技术,2025-09-16 11:08:02,50.72,19870,50.72,U
sh688777,中控技术,2025-09-16 11:08:08,50.78,15667,50.75,U
sh688777,中控技术,2025-09-16 11:08:14,50.72,8000,50.76,D
sh688777,中控技术,2025-09-16 11:10:02,50.71,6900,50.71,D
sh688777,中控技术,2025-09-16 11:10:05,50.72,4869,50.71,U
sh688777,中控技术,2025-09-16 11:10:11,50.79,6630,50.72,U
sh688777,中控技术,2025-09-16 11:10:17,50.73,22091,50.79,D
sh688777,中控技术,2025-09-16 11:10:47,50.81,6700,50.82,D
sh688777,中控技术,2025-09-16 11:11:14,50.87,14211,50.84,U
sh688777,中控技术,2025-09-16 11:11:23,50.88,4948,50.84,U
sh688777,中控技术,2025-09-16 11:11:32,50.85,5000,50.86,D
sh688777,中控技术,2025-09-16 11:11:53,50.9,12200,50.87,U
sh688777,中控技术,2025-09-16 11:12:08,50.92,10619,50.9,U
sh688777,中控技术,2025-09-16 11:12:20,50.85,5074,50.88,D
sh688777,中控技术,2025-09-16 11:12:41,50.9,4598,50.85,U
sh688777,中控技术,2025-09-16 11:13:26,50.89,8123,50.9,D
sh688777,中控技术,2025-09-16 11:14:17,50.85,4353,50.84,U
sh688777,中控技术,2025-09-16 11:14:23,50.89,14734,50.85,U
sh688777,中控技术,2025-09-16 11:15:44,50.87,6954,50.87,D
sh688777,中控技术,2025-09-16 11:15:56,50.9,17486,50.83,U
sh688777,中控技术,2025-09-16 11:16:05,50.8,11637,50.89,D
sh688777,中控技术,2025-09-16 11:16:41,50.81,5554,50.8,D
sh688777,中控技术,2025-09-16 11:17:02,50.92,6159,50.82,U
sh688777,中控技术,2025-09-16 11:17:38,50.83,10000,50.9,D
sh688777,中控技术,2025-09-16 11:18:20,50.9,5048,50.91,D
sh688777,中控技术,2025-09-16 11:19:17,50.9,5245,50.92,D
sh688777,中控技术,2025-09-16 11:19:26,50.92,14603,50.9,U
sh688777,中控技术,2025-09-16 11:19:53,50.95,4761,50.95,U
sh688777,中控技术,2025-09-16 11:19:56,50.92,5000,50.95,D
sh688777,中控技术,2025-09-16 11:20:32,50.9,4900,50.9,U
sh688777,中控技术,2025-09-16 11:20:44,50.94,4380,50.93,U
sh688777,中控技术,2025-09-16 11:20:56,50.93,4247,50.94,D
sh688777,中控技术,2025-09-16 11:21:59,50.97,6212,50.93,U
sh688777,中控技术,2025-09-16 11:22:08,50.98,5482,50.97,U
sh688777,中控技术,2025-09-16 11:22:17,50.99,8072,50.98,U
sh688777,中控技术,2025-09-16 11:22:23,51.0,18444,50.99,U
sh688777,中控技术,2025-09-16 11:22:56,51.07,4646,51.07,D
sh688777,中控技术,2025-09-16 11:23:14,51.07,5768,51.07,D
sh688777,中控技术,2025-09-16 11:23:17,51.1,16003,51.07,U
sh688777,中控技术,2025-09-16 11:23:20,51.12,7971,51.1,U
sh688777,中控技术,2025-09-16 11:23:29,51.14,8610,51.12,U
sh688777,中控技术,2025-09-16 11:23:35,51.12,9062,51.14,D
sh688777,中控技术,2025-09-16 11:23:56,51.02,4131,51.1,D
sh688777,中控技术,2025-09-16 11:24:14,51.0,8785,51.08,D
sh688777,中控技术,2025-09-16 11:24:20,51.0,5318,51.0,D
sh688777,中控技术,2025-09-16 11:24:26,51.0,5154,51.0,D
sh688777,中控技术,2025-09-16 11:25:23,51.08,8001,51.06,U
sh688777,中控技术,2025-09-16 11:25:50,51.08,47577,51.07,U
sh688777,中控技术,2025-09-16 11:25:53,51.09,5756,51.08,U
sh688777,中控技术,2025-09-16 11:26:05,51.1,4313,51.1,D
sh688777,中控技术,2025-09-16 11:26:17,51.06,4990,51.09,D
sh688777,中控技术,2025-09-16 11:26:23,51.04,5274,51.07,D
sh688777,中控技术,2025-09-16 11:26:29,51.04,20780,51.04,D
sh688777,中控技术,2025-09-16 11:27:35,51.08,4033,51.08,U
sh688777,中控技术,2025-09-16 11:28:02,51.07,11240,51.1,D
sh688777,中控技术,2025-09-16 11:28:17,51.08,14700,51.08,U
sh688777,中控技术,2025-09-16 11:28:53,51.13,16939,51.1,U
sh688777,中控技术,2025-09-16 11:29:11,51.11,5969,51.11,U
sh688777,中控技术,2025-09-16 11:29:14,51.11,4364,51.11,D
sh688777,中控技术,2025-09-16 11:29:23,51.08,4319,51.11,D
sh688777,中控技术,2025-09-16 13:00:08,51.1,5800,51.1,U
sh688777,中控技术,2025-09-16 13:00:11,51.12,11747,51.1,U
sh688777,中控技术,2025-09-16 13:00:14,51.11,5637,51.12,D
sh688777,中控技术,2025-09-16 13:00:17,51.07,7653,51.11,D
sh688777,中控技术,2025-09-16 13:00:20,51.06,7285,51.07,D
sh688777,中控技术,2025-09-16 13:00:26,51.05,8731,51.06,D
sh688777,中控技术,2025-09-16 13:00:56,51.1,4490,51.06,U
sh688777,中控技术,2025-09-16 13:01:17,51.03,11770,51.05,D
sh688777,中控技术,2025-09-16 13:01:41,50.98,20124,51.0,D
sh688777,中控技术,2025-09-16 13:02:47,51.0,4051,51.01,D
sh688777,中控技术,2025-09-16 13:03:17,51.1,4111,51.03,U
sh688777,中控技术,2025-09-16 13:03:26,51.1,5061,51.1,U
sh688777,中控技术,2025-09-16 13:03:32,51.12,11634,51.13,U
sh688777,中控技术,2025-09-16 13:03:35,51.12,4237,51.12,D
sh688777,中控技术,2025-09-16 13:03:50,51.14,11000,51.1,U
sh688777,中控技术,2025-09-16 13:04:32,51.1,4517,51.13,D
sh688777,中控技术,2025-09-16 13:05:05,51.1,7011,51.1,D
sh688777,中控技术,2025-09-16 13:05:11,51.1,5589,51.1,U
sh688777,中控技术,2025-09-16 13:05:14,51.1,5221,51.1,U
sh688777,中控技术,2025-09-16 13:06:20,51.05,4504,51.05,D
sh688777,中控技术,2025-09-16 13:06:59,51.08,4629,51.07,U
sh688777,中控技术,2025-09-16 13:07:08,51.08,7867,51.09,D
sh688777,中控技术,2025-09-16 13:07:32,51.08,4646,51.08,U
sh688777,中控技术,2025-09-16 13:07:35,51.1,27115,51.08,U
sh688777,中控技术,2025-09-16 13:07:38,51.13,9209,51.1,U
sh688777,中控技术,2025-09-16 13:07:47,51.14,8634,51.13,U
sh688777,中控技术,2025-09-16 13:08:02,51.18,4042,51.17,U
sh688777,中控技术,2025-09-16 13:08:08,51.2,9555,51.18,U
sh688777,中控技术,2025-09-16 13:08:11,51.24,8491,51.2,U
sh688777,中控技术,2025-09-16 13:08:14,51.3,69399,51.24,U
sh688777,中控技术,2025-09-16 13:08:17,51.3,4300,51.3,U
sh688777,中控技术,2025-09-16 13:08:20,51.34,28556,51.3,U
sh688777,中控技术,2025-09-16 13:08:23,51.36,54300,51.34,U
sh688777,中控技术,2025-09-16 13:08:26,51.36,14108,51.36,U
sh688777,中控技术,2025-09-16 13:08:29,51.36,7672,51.36,U
sh688777,中控技术,2025-09-16 13:08:32,51.35,3898,51.36,D
sh688777,中控技术,2025-09-16 13:08:35,51.34,6692,51.35,D
sh688777,中控技术,2025-09-16 13:08:41,51.34,8264,51.34,U
sh688777,中控技术,2025-09-16 13:08:44,51.36,7144,51.34,U
sh688777,中控技术,2025-09-16 13:08:50,51.36,11596,51.35,U
sh688777,中控技术,2025-09-16 13:08:53,51.36,4215,51.36,U
sh688777,中控技术,2025-09-16 13:09:02,51.37,10040,51.36,U
sh688777,中控技术,2025-09-16 13:09:05,51.36,3992,51.37,D
sh688777,中控技术,2025-09-16 13:09:08,51.35,4371,51.36,D
sh688777,中控技术,2025-09-16 13:09:11,51.37,4152,51.35,U
sh688777,中控技术,2025-09-16 13:09:14,51.36,5054,51.37,E
sh688777,中控技术,2025-09-16 13:09:17,51.38,12038,51.36,U
sh688777,中控技术,2025-09-16 13:09:23,51.39,6870,51.39,U
sh688777,中控技术,2025-09-16 13:09:26,51.41,8369,51.39,U
sh688777,中控技术,2025-09-16 13:09:29,51.41,7931,51.41,U
sh688777,中控技术,2025-09-16 13:09:32,51.4,6570,51.41,D
sh688777,中控技术,2025-09-16 13:09:35,51.41,3907,51.4,U
sh688777,中控技术,2025-09-16 13:09:38,51.4,13984,51.41,D
sh688777,中控技术,2025-09-16 13:09:41,51.4,15025,51.4,D
sh688777,中控技术,2025-09-16 13:09:44,51.4,27880,51.4,U
sh688777,中控技术,2025-09-16 13:09:47,51.4,12700,51.4,U
sh688777,中控技术,2025-09-16 13:09:50,51.4,10582,51.4,D
sh688777,中控技术,2025-09-16 13:09:53,51.4,13558,51.4,U
sh688777,中控技术,2025-09-16 13:09:56,51.42,6150,51.4,U
sh688777,中控技术,2025-09-16 13:09:59,51.44,22200,51.42,U
sh688777,中控技术,2025-09-16 13:10:05,51.44,9201,51.43,U
sh688777,中控技术,2025-09-16 13:10:08,51.43,4684,51.44,E
sh688777,中控技术,2025-09-16 13:10:14,51.43,10300,51.43,D
sh688777,中控技术,2025-09-16 13:10:17,51.42,8181,51.43,D
sh688777,中控技术,2025-09-16 13:10:20,51.42,10508,51.42,D
sh688777,中控技术,2025-09-16 13:10:23,51.38,51991,51.42,D
sh688777,中控技术,2025-09-16 13:10:29,51.4,3902,51.35,U
sh688777,中控技术,2025-09-16 13:10:38,51.38,4880,51.39,D
sh688777,中控技术,2025-09-16 13:10:41,51.39,4070,51.38,U
sh688777,中控技术,2025-09-16 13:10:44,51.4,4388,51.39,U
sh688777,中控技术,2025-09-16 13:10:50,51.39,3901,51.4,U
sh688777,中控技术,2025-09-16 13:10:53,51.37,5006,51.39,D
sh688777,中控技术,2025-09-16 13:11:02,51.34,9453,51.36,D
sh688777,中控技术,2025-09-16 13:11:05,51.37,6952,51.34,U
sh688777,中控技术,2025-09-16 13:11:11,51.42,21559,51.37,U
sh688777,中控技术,2025-09-16 13:11:14,51.42,4364,51.42,U
sh688777,中控技术,2025-09-16 13:11:17,51.42,7174,51.42,U
sh688777,中控技术,2025-09-16 13:11:23,51.46,33147,51.43,U
sh688777,中控技术,2025-09-16 13:11:26,51.44,7732,51.46,D
sh688777,中控技术,2025-09-16 13:11:29,51.48,9824,51.44,U
sh688777,中控技术,2025-09-16 13:11:32,51.54,76810,51.48,U
sh688777,中控技术,2025-09-16 13:11:35,51.62,83685,51.54,U
sh688777,中控技术,2025-09-16 13:11:38,51.59,22414,51.62,D
sh688777,中控技术,2025-09-16 13:11:41,51.63,19800,51.59,U
sh688777,中控技术,2025-09-16 13:11:44,51.64,11107,51.63,U
sh688777,中控技术,2025-09-16 13:11:47,51.6,24364,51.64,E
sh688777,中控技术,2025-09-16 13:11:50,51.63,12217,51.6,U
sh688777,中控技术,2025-09-16 13:11:53,51.73,169528,51.63,U
sh688777,中控技术,2025-09-16 13:11:56,51.81,80245,51.73,U
sh688777,中控技术,2025-09-16 13:11:59,51.8,15383,51.81,D
sh688777,中控技术,2025-09-16 13:12:02,51.83,58343,51.8,E
sh688777,中控技术,2025-09-16 13:12:05,51.85,67359,51.83,E
sh688777,中控技术,2025-09-16 13:12:08,51.99,119550,51.85,U
sh688777,中控技术,2025-09-16 13:12:11,52.11,120061,51.99,U
sh688777,中控技术,2025-09-16 13:12:14,52.13,16544,52.11,U
sh688777,中控技术,2025-09-16 13:12:17,52.04,26733,52.13,D
sh688777,中控技术,2025-09-16 13:12:20,52.1,31804,52.04,E
sh688777,中控技术,2025-09-16 13:12:23,52.11,20690,52.1,U
sh688777,中控技术,2025-09-16 13:12:26,52.1,32617,52.11,E
sh688777,中控技术,2025-09-16 13:12:29,52.11,32977,52.1,U
sh688777,中控技术,2025-09-16 13:12:32,52.1,21112,52.11,E
sh688777,中控技术,2025-09-16 13:12:35,52.04,24468,52.1,D
sh688777,中控技术,2025-09-16 13:12:38,52.06,16836,52.04,U
sh688777,中控技术,2025-09-16 13:12:41,52.1,25139,52.06,U
sh688777,中控技术,2025-09-16 13:12:44,52.1,14168,52.1,D
sh688777,中控技术,2025-09-16 13:12:47,52.1,8324,52.1,D
sh688777,中控技术,2025-09-16 13:12:50,52.1,38503,52.1,U
sh688777,中控技术,2025-09-16 13:12:53,52.1,22217,52.1,U
sh688777,中控技术,2025-09-16 13:12:56,52.09,8127,52.1,U
sh688777,中控技术,2025-09-16 13:12:59,52.09,7539,52.09,U
sh688777,中控技术,2025-09-16 13:13:02,52.09,5737,52.09,U
sh688777,中控技术,2025-09-16 13:13:05,52.09,24018,52.09,U
sh688777,中控技术,2025-09-16 13:13:08,52.0,6659,52.09,D
sh688777,中控技术,2025-09-16 13:13:11,52.0,11465,52.0,U
sh688777,中控技术,2025-09-16 13:13:14,52.08,13772,52.0,U
sh688777,中控技术,2025-09-16 13:13:17,52.0,6562,52.08,D
sh688777,中控技术,2025-09-16 13:13:23,52.01,5491,52.0,U
sh688777,中控技术,2025-09-16 13:13:26,51.98,25828,52.01,D
sh688777,中控技术,2025-09-16 13:13:38,51.91,14605,51.97,D
sh688777,中控技术,2025-09-16 13:13:41,51.97,7400,51.91,E
sh688777,中控技术,2025-09-16 13:13:44,51.98,9197,51.97,U
sh688777,中控技术,2025-09-16 13:13:50,51.98,5623,51.94,U
sh688777,中控技术,2025-09-16 13:13:53,51.99,18212,51.98,U
sh688777,中控技术,2025-09-16 13:13:56,52.0,16136,51.99,U
sh688777,中控技术,2025-09-16 13:13:59,52.01,13905,52.0,U
sh688777,中控技术,2025-09-16 13:14:02,52.01,22091,52.01,U
sh688777,中控技术,2025-09-16 13:14:05,52.0,14239,52.01,D
sh688777,中控技术,2025-09-16 13:14:08,52.02,14548,52.0,U
sh688777,中控技术,2025-09-16 13:14:11,52.0,15623,52.02,D
sh688777,中控技术,2025-09-16 13:14:17,52.0,17466,52.0,D
sh688777,中控技术,2025-09-16 13:14:20,51.99,7104,52.0,D
sh688777,中控技术,2025-09-16 13:14:23,52.0,16783,51.99,U
sh688777,中控技术,2025-09-16 13:14:29,52.0,7176,51.98,U
sh688777,中控技术,2025-09-16 13:14:35,51.98,7185,51.95,U
sh688777,中控技术,2025-09-16 13:14:38,51.98,5294,51.98,U
sh688777,中控技术,2025-09-16 13:14:41,51.95,6497,51.98,D
sh688777,中控技术,2025-09-16 13:14:47,51.94,10746,51.95,D
sh688777,中控技术,2025-09-16 13:14:50,51.95,14991,51.94,U
sh688777,中控技术,2025-09-16 13:14:53,51.97,4620,51.95,U
sh688777,中控技术,2025-09-16 13:14:59,52.02,63112,51.95,U
sh688777,中控技术,2025-09-16 13:15:02,51.99,3980,52.02,D
sh688777,中控技术,2025-09-16 13:15:08,51.99,9431,52.02,D
sh688777,中控技术,2025-09-16 13:15:11,52.06,35762,51.99,U
sh688777,中控技术,2025-09-16 13:15:17,52.04,8073,52.04,U
sh688777,中控技术,2025-09-16 13:15:20,51.99,8932,52.04,D
sh688777,中控技术,2025-09-16 13:15:23,51.98,18579,51.99,D
sh688777,中控技术,2025-09-16 13:15:26,51.96,8320,51.98,D
sh688777,中控技术,2025-09-16 13:15:29,52.0,27309,51.96,U
sh688777,中控技术,2025-09-16 13:15:32,51.95,8224,52.0,D
sh688777,中控技术,2025-09-16 13:15:35,51.95,25641,51.95,D
sh688777,中控技术,2025-09-16 13:15:38,51.95,11098,51.95,D
sh688777,中控技术,2025-09-16 13:15:44,51.94,7484,51.95,U
sh688777,中控技术,2025-09-16 13:15:47,51.94,4000,51.94,D
sh688777,中控技术,2025-09-16 13:15:53,51.91,24203,51.94,D
sh688777,中控技术,2025-09-16 13:15:56,51.91,5027,51.91,U
sh688777,中控技术,2025-09-16 13:16:02,51.88,7902,51.89,D
sh688777,中控技术,2025-09-16 13:16:11,51.81,9766,51.82,D
sh688777,中控技术,2025-09-16 13:16:14,51.82,4725,51.81,E
sh688777,中控技术,2025-09-16 13:16:20,51.83,7246,51.82,U
sh688777,中控技术,2025-09-16 13:16:23,51.82,13487,51.83,D
sh688777,中控技术,2025-09-16 13:16:26,51.85,5311,51.82,U
sh688777,中控技术,2025-09-16 13:16:32,51.82,7662,51.85,D
sh688777,中控技术,2025-09-16 13:16:41,51.88,8481,51.87,U
sh688777,中控技术,2025-09-16 13:16:56,51.85,15474,51.87,D
sh688777,中控技术,2025-09-16 13:16:59,51.86,10000,51.85,U
sh688777,中控技术,2025-09-16 13:17:08,51.83,4854,51.82,U
sh688777,中控技术,2025-09-16 13:17:11,51.77,33316,51.83,D
sh688777,中控技术,2025-09-16 13:17:23,51.78,4795,51.74,U
sh688777,中控技术,2025-09-16 13:17:29,51.78,4800,51.8,D
sh688777,中控技术,2025-09-16 13:17:32,51.79,4245,51.78,E
sh688777,中控技术,2025-09-16 13:17:38,51.79,4440,51.8,D
sh688777,中控技术,2025-09-16 13:17:53,51.78,5500,51.79,D
sh688777,中控技术,2025-09-16 13:18:02,51.81,9389,51.8,U
sh688777,中控技术,2025-09-16 13:18:05,51.78,6321,51.81,D
sh688777,中控技术,2025-09-16 13:18:08,51.81,5564,51.78,U
sh688777,中控技术,2025-09-16 13:18:17,51.8,4137,51.8,U
sh688777,中控技术,2025-09-16 13:18:23,51.81,4559,51.8,U
sh688777,中控技术,2025-09-16 13:18:26,51.8,8992,51.81,D
sh688777,中控技术,2025-09-16 13:18:29,51.82,12554,51.8,U
sh688777,中控技术,2025-09-16 13:18:38,51.82,6045,51.81,U
sh688777,中控技术,2025-09-16 13:18:44,51.8,11488,51.83,D
sh688777,中控技术,2025-09-16 13:18:56,51.83,4538,51.83,U
sh688777,中控技术,2025-09-16 13:19:05,51.86,11204,51.83,U
sh688777,中控技术,2025-09-16 13:19:17,51.89,11044,51.87,U
sh688777,中控技术,2025-09-16 13:19:20,51.88,4974,51.89,D
sh688777,中控技术,2025-09-16 13:19:26,51.9,7604,51.89,U
sh688777,中控技术,2025-09-16 13:19:29,51.83,23393,51.9,D
sh688777,中控技术,2025-09-16 13:19:32,51.82,34265,51.83,D
sh688777,中控技术,2025-09-16 13:19:35,51.82,3870,51.82,D
sh688777,中控技术,2025-09-16 13:19:41,51.82,14252,51.8,U
sh688777,中控技术,2025-09-16 13:19:44,51.77,6228,51.82,D
sh688777,中控技术,2025-09-16 13:19:50,51.8,10704,51.76,U
sh688777,中控技术,2025-09-16 13:19:59,51.71,4205,51.75,D
sh688777,中控技术,2025-09-16 13:20:02,51.74,7026,51.71,U
sh688777,中控技术,2025-09-16 13:20:20,51.67,13040,51.7,D
sh688777,中控技术,2025-09-16 13:20:29,51.71,5606,51.68,U
sh688777,中控技术,2025-09-16 13:20:32,51.68,10703,51.71,D
sh688777,中控技术,2025-09-16 13:20:50,51.67,3935,51.68,D
sh688777,中控技术,2025-09-16 13:21:05,51.67,6158,51.67,U
sh688777,中控技术,2025-09-16 13:21:08,51.68,4919,51.67,U
sh688777,中控技术,2025-09-16 13:21:23,51.66,36439,51.7,D
sh688777,中控技术,2025-09-16 13:21:26,51.67,12624,51.66,U
sh688777,中控技术,2025-09-16 13:21:35,51.68,13870,51.66,U
sh688777,中控技术,2025-09-16 13:21:38,51.68,5729,51.68,D
sh688777,中控技术,2025-09-16 13:21:44,51.68,10736,51.69,D
sh688777,中控技术,2025-09-16 13:21:47,51.66,8242,51.68,D
sh688777,中控技术,2025-09-16 13:21:50,51.7,10500,51.66,U
sh688777,中控技术,2025-09-16 13:22:02,51.62,23020,51.68,D
sh688777,中控技术,2025-09-16 13:22:08,51.68,8000,51.62,U
sh688777,中控技术,2025-09-16 13:22:14,51.6,22627,51.67,D
sh688777,中控技术,2025-09-16 13:22:29,51.58,6048,51.59,E
sh688777,中控技术,2025-09-16 13:22:32,51.56,7237,51.58,D
sh688777,中控技术,2025-09-16 13:22:41,51.58,11283,51.58,D
sh688777,中控技术,2025-09-16 13:22:44,51.58,6772,51.58,U
sh688777,中控技术,2025-09-16 13:22:50,51.57,14151,51.58,D
sh688777,中控技术,2025-09-16 13:23:02,51.62,8389,51.57,U
sh688777,中控技术,2025-09-16 13:23:17,51.58,5927,51.59,D
sh688777,中控技术,2025-09-16 13:23:20,51.59,7837,51.58,D
sh688777,中控技术,2025-09-16 13:24:02,51.6,11544,51.64,D
sh688777,中控技术,2025-09-16 13:24:26,51.62,8545,51.61,E
sh688777,中控技术,2025-09-16 13:24:41,51.58,7940,51.62,D
sh688777,中控技术,2025-09-16 13:25:05,51.61,13629,51.6,U
sh688777,中控技术,2025-09-16 13:25:17,51.65,5288,51.61,U
sh688777,中控技术,2025-09-16 13:25:20,51.6,5566,51.65,D
sh688777,中控技术,2025-09-16 13:25:38,51.61,4727,51.62,D
sh688777,中控技术,2025-09-16 13:25:41,51.59,13197,51.61,D
sh688777,中控技术,2025-09-16 13:26:02,51.61,11000,51.6,U
sh688777,中控技术,2025-09-16 13:26:14,51.58,6807,51.59,D
sh688777,中控技术,2025-09-16 13:26:17,51.58,5785,51.58,D
sh688777,中控技术,2025-09-16 13:26:23,51.58,4141,51.58,U
sh688777,中控技术,2025-09-16 13:26:35,51.6,4538,51.6,D
sh688777,中控技术,2025-09-16 13:26:56,51.58,8400,51.58,D
sh688777,中控技术,2025-09-16 13:27:02,51.57,11659,51.58,D
sh688777,中控技术,2025-09-16 13:27:08,51.57,5535,51.57,U
sh688777,中控技术,2025-09-16 13:27:20,51.6,9771,51.57,U
sh688777,中控技术,2025-09-16 13:27:44,51.6,3966,51.6,D
sh688777,中控技术,2025-09-16 13:27:47,51.6,4750,51.6,U
sh688777,中控技术,2025-09-16 13:27:50,51.62,8802,51.6,U
sh688777,中控技术,2025-09-16 13:27:53,51.63,4404,51.62,U
sh688777,中控技术,2025-09-16 13:27:59,51.62,5131,51.63,D
sh688777,中控技术,2025-09-16 13:28:17,51.66,12970,51.65,U
sh688777,中控技术,2025-09-16 13:28:26,51.68,9390,51.66,U
sh688777,中控技术,2025-09-16 13:28:29,51.68,6298,51.68,D
sh688777,中控技术,2025-09-16 13:28:32,51.68,27117,51.68,D
sh688777,中控技术,2025-09-16 13:28:38,51.61,8890,51.68,D
sh688777,中控技术,2025-09-16 13:28:53,51.62,7511,51.62,D
sh688777,中控技术,2025-09-16 13:28:59,51.62,5668,51.62,U
sh688777,中控技术,2025-09-16 13:29:08,51.64,13379,51.65,D
sh688777,中控技术,2025-09-16 13:29:11,51.65,11792,51.64,E
sh688777,中控技术,2025-09-16 13:29:26,51.61,7299,51.61,D
sh688777,中控技术,2025-09-16 13:29:35,51.56,112805,51.61,D
sh688777,中控技术,2025-09-16 13:29:38,51.55,10938,51.56,D
sh688777,中控技术,2025-09-16 13:29:47,51.53,5000,51.55,D
sh688777,中控技术,2025-09-16 13:30:02,51.53,5713,51.53,D
sh688777,中控技术,2025-09-16 13:30:05,51.53,9103,51.53,D
sh688777,中控技术,2025-09-16 13:30:14,51.55,6985,51.53,U
sh688777,中控技术,2025-09-16 13:30:20,51.52,5758,51.53,D
sh688777,中控技术,2025-09-16 13:30:29,51.51,5435,51.52,D
sh688777,中控技术,2025-09-16 13:30:56,51.48,24726,51.5,D
sh688777,中控技术,2025-09-16 13:31:08,51.46,4100,51.46,D
sh688777,中控技术,2025-09-16 13:31:11,51.46,6200,51.46,D
sh688777,中控技术,2025-09-16 13:31:53,51.43,5000,51.44,D
sh688777,中控技术,2025-09-16 13:32:14,51.43,4410,51.41,U
sh688777,中控技术,2025-09-16 13:32:20,51.43,6800,51.43,D
sh688777,中控技术,2025-09-16 13:32:50,51.41,4212,51.4,U
sh688777,中控技术,2025-09-16 13:33:05,51.44,9400,51.41,U
sh688777,中控技术,2025-09-16 13:33:08,51.44,3921,51.44,U
sh688777,中控技术,2025-09-16 13:33:38,51.5,10011,51.5,D
sh688777,中控技术,2025-09-16 13:33:44,51.5,5592,51.5,D
sh688777,中控技术,2025-09-16 13:34:05,51.57,6152,51.5,U
sh688777,中控技术,2025-09-16 13:34:08,51.6,12474,51.57,U
sh688777,中控技术,2025-09-16 13:34:17,51.61,7837,51.6,U
sh688777,中控技术,2025-09-16 13:34:29,51.69,8185,51.57,U
sh688777,中控技术,2025-09-16 13:34:47,51.64,11585,51.61,U
sh688777,中控技术,2025-09-16 13:34:50,51.61,5400,51.64,D
sh688777,中控技术,2025-09-16 13:34:56,51.58,6306,51.62,D
sh688777,中控技术,2025-09-16 13:35:14,51.6,5945,51.58,U
sh688777,中控技术,2025-09-16 13:35:17,51.6,4161,51.6,D
sh688777,中控技术,2025-09-16 13:35:20,51.58,23348,51.6,D
sh688777,中控技术,2025-09-16 13:35:50,51.59,7570,51.56,U
sh688777,中控技术,2025-09-16 13:36:11,51.59,4200,51.59,D
sh688777,中控技术,2025-09-16 13:36:23,51.59,4139,51.6,D
sh688777,中控技术,2025-09-16 13:37:14,51.55,6846,51.56,D
sh688777,中控技术,2025-09-16 13:37:23,51.6,13853,51.59,U
sh688777,中控技术,2025-09-16 13:37:32,51.63,5948,51.6,U
sh688777,中控技术,2025-09-16 13:37:41,51.66,23356,51.63,U
sh688777,中控技术,2025-09-16 13:37:44,51.65,11084,51.66,E
sh688777,中控技术,2025-09-16 13:37:50,51.65,12700,51.64,U
sh688777,中控技术,2025-09-16 13:37:56,51.64,9500,51.65,D
sh688777,中控技术,2025-09-16 13:38:26,51.65,13074,51.62,U
sh688777,中控技术,2025-09-16 13:38:38,51.62,4154,51.64,D
sh688777,中控技术,2025-09-16 13:38:53,51.63,12897,51.61,U
sh688777,中控技术,2025-09-16 13:38:56,51.61,41297,51.63,E
sh688777,中控技术,2025-09-16 13:39:20,51.61,8477,51.56,U
sh688777,中控技术,2025-09-16 13:39:23,51.61,6284,51.61,D
sh688777,中控技术,2025-09-16 13:39:41,51.56,5109,51.55,U
sh688777,中控技术,2025-09-16 13:40:02,51.61,4095,51.56,U
sh688777,中控技术,2025-09-16 13:40:20,51.59,4449,51.58,E
sh688777,中控技术,2025-09-16 13:40:44,51.56,4307,51.57,D
sh688777,中控技术,2025-09-16 13:41:05,51.53,6400,51.56,D
sh688777,中控技术,2025-09-16 13:41:23,51.45,5779,51.49,D
sh688777,中控技术,2025-09-16 13:41:26,51.47,20300,51.45,D
sh688777,中控技术,2025-09-16 13:41:35,51.47,6475,51.47,U
sh688777,中控技术,2025-09-16 13:42:14,51.51,7060,51.5,U
sh688777,中控技术,2025-09-16 13:42:53,51.5,5000,51.57,D
sh688777,中控技术,2025-09-16 13:43:59,51.55,5000,51.52,U
sh688777,中控技术,2025-09-16 13:44:08,51.6,5399,51.57,U
sh688777,中控技术,2025-09-16 13:44:38,51.59,4001,51.56,U
sh688777,中控技术,2025-09-16 13:44:59,51.61,7433,51.57,U
sh688777,中控技术,2025-09-16 13:45:05,51.65,25000,51.61,U
sh688777,中控技术,2025-09-16 13:45:17,51.65,5143,51.64,U
sh688777,中控技术,2025-09-16 13:45:23,51.66,14754,51.65,U
sh688777,中控技术,2025-09-16 13:45:32,51.67,9711,51.58,U
sh688777,中控技术,2025-09-16 13:45:53,51.69,11667,51.67,U
sh688777,中控技术,2025-09-16 13:45:56,51.69,16900,51.69,D
sh688777,中控技术,2025-09-16 13:45:59,51.7,15930,51.69,U
sh688777,中控技术,2025-09-16 13:46:11,51.61,6000,51.67,D
sh688777,中控技术,2025-09-16 13:46:29,51.68,11648,51.68,D
sh688777,中控技术,2025-09-16 13:46:44,51.67,3971,51.68,U
sh688777,中控技术,2025-09-16 13:47:50,51.59,29598,51.62,D
sh688777,中控技术,2025-09-16 13:49:17,51.59,5299,51.59,E
sh688777,中控技术,2025-09-16 13:50:50,51.57,9764,51.58,D
sh688777,中控技术,2025-09-16 13:51:11,51.6,8674,51.59,U
sh688777,中控技术,2025-09-16 13:51:14,51.57,9770,51.6,D
sh688777,中控技术,2025-09-16 13:51:17,51.58,9274,51.57,U
sh688777,中控技术,2025-09-16 13:51:20,51.6,7081,51.58,U
sh688777,中控技术,2025-09-16 13:51:26,51.58,4693,51.6,D
sh688777,中控技术,2025-09-16 13:51:32,51.59,9200,51.58,U
sh688777,中控技术,2025-09-16 13:51:44,51.59,6444,51.59,U
sh688777,中控技术,2025-09-16 13:51:47,51.61,7052,51.59,U
sh688777,中控技术,2025-09-16 13:52:11,51.6,10041,51.61,D
sh688777,中控技术,2025-09-16 13:52:14,51.62,5000,51.6,U
sh688777,中控技术,2025-09-16 13:52:17,51.61,5413,51.62,D
sh688777,中控技术,2025-09-16 13:52:35,51.61,10113,51.62,D
sh688777,中控技术,2025-09-16 13:52:53,51.6,4264,51.6,D
sh688777,中控技术,2025-09-16 13:52:56,51.6,7782,51.6,U
sh688777,中控技术,2025-09-16 13:53:02,51.6,3978,51.6,D
sh688777,中控技术,2025-09-16 13:53:11,51.59,4332,51.6,D
sh688777,中控技术,2025-09-16 13:53:35,51.6,14002,51.59,U
sh688777,中控技术,2025-09-16 13:53:41,51.6,5307,51.59,U
sh688777,中控技术,2025-09-16 13:54:08,51.58,11650,51.59,D
sh688777,中控技术,2025-09-16 13:54:20,51.6,5572,51.59,U
sh688777,中控技术,2025-09-16 13:54:38,51.6,4843,51.61,D
sh688777,中控技术,2025-09-16 13:55:14,51.61,4977,51.61,U
sh688777,中控技术,2025-09-16 13:55:17,51.61,4849,51.61,U
sh688777,中控技术,2025-09-16 13:55:53,51.6,6503,51.6,U
sh688777,中控技术,2025-09-16 13:56:11,51.6,5116,51.6,U
sh688777,中控技术,2025-09-16 13:56:35,51.6,4433,51.6,D
sh688777,中控技术,2025-09-16 13:56:47,51.62,7708,51.6,U
sh688777,中控技术,2025-09-16 13:57:20,51.59,6976,51.59,D
sh688777,中控技术,2025-09-16 13:57:47,51.62,4497,51.61,U
sh688777,中控技术,2025-09-16 13:57:59,51.65,6814,51.62,U
sh688777,中控技术,2025-09-16 13:58:11,51.65,5060,51.65,U
sh688777,中控技术,2025-09-16 13:58:20,51.66,4974,51.65,U
sh688777,中控技术,2025-09-16 13:58:32,51.66,5711,51.65,U
sh688777,中控技术,2025-09-16 13:58:35,51.63,6607,51.66,D
sh688777,中控技术,2025-09-16 13:58:38,51.63,5737,51.63,U
sh688777,中控技术,2025-09-16 13:59:14,51.63,4201,51.63,U
sh688777,中控技术,2025-09-16 13:59:29,51.61,22291,51.62,D
sh688777,中控技术,2025-09-16 13:59:41,51.65,9214,51.62,U
sh688777,中控技术,2025-09-16 13:59:44,51.65,3974,51.65,U
sh688777,中控技术,2025-09-16 13:59:47,51.65,4511,51.65,U
sh688777,中控技术,2025-09-16 13:59:53,51.69,26247,51.66,U
sh688777,中控技术,2025-09-16 14:00:05,51.75,38543,51.69,U
sh688777,中控技术,2025-09-16 14:00:11,51.74,7821,51.75,D
sh688777,中控技术,2025-09-16 14:00:23,51.79,4278,51.79,D
sh688777,中控技术,2025-09-16 14:00:32,51.8,11600,51.8,U
sh688777,中控技术,2025-09-16 14:00:38,51.8,10458,51.79,U
sh688777,中控技术,2025-09-16 14:00:50,51.8,12653,51.8,U
sh688777,中控技术,2025-09-16 14:00:53,51.82,4081,51.8,U
sh688777,中控技术,2025-09-16 14:01:05,51.75,79907,51.8,D
sh688777,中控技术,2025-09-16 14:01:26,51.73,50400,51.73,U
sh688777,中控技术,2025-09-16 14:01:32,51.72,8557,51.73,D
sh688777,中控技术,2025-09-16 14:01:59,51.71,10653,51.72,D
sh688777,中控技术,2025-09-16 14:02:11,51.8,6408,51.78,U
sh688777,中控技术,2025-09-16 14:02:23,51.84,6838,51.83,U
sh688777,中控技术,2025-09-16 14:02:38,51.85,3888,51.84,U
sh688777,中控技术,2025-09-16 14:02:47,51.83,3920,51.84,D
sh688777,中控技术,2025-09-16 14:02:50,51.84,11750,51.83,U
sh688777,中控技术,2025-09-16 14:02:53,51.84,9999,51.84,D
sh688777,中控技术,2025-09-16 14:02:59,51.85,39632,51.83,U
sh688777,中控技术,2025-09-16 14:03:14,51.86,21000,51.85,D
sh688777,中控技术,2025-09-16 14:03:17,51.86,20919,51.86,D
sh688777,中控技术,2025-09-16 14:03:23,51.86,12916,51.86,U
sh688777,中控技术,2025-09-16 14:03:26,51.75,50300,51.86,D
sh688777,中控技术,2025-09-16 14:03:29,51.75,13551,51.75,D
sh688777,中控技术,2025-09-16 14:03:32,51.75,12675,51.75,U
sh688777,中控技术,2025-09-16 14:03:35,51.75,18292,51.75,U
sh688777,中控技术,2025-09-16 14:03:38,51.75,5682,51.75,U
sh688777,中控技术,2025-09-16 14:03:41,51.7,60000,51.75,D
sh688777,中控技术,2025-09-16 14:03:44,51.75,8237,51.7,D
sh688777,中控技术,2025-09-16 14:03:47,51.75,10183,51.75,U
sh688777,中控技术,2025-09-16 14:03:56,51.71,52021,51.75,D
sh688777,中控技术,2025-09-16 14:03:59,51.75,14285,51.71,U
sh688777,中控技术,2025-09-16 14:04:02,51.7,58704,51.75,D
sh688777,中控技术,2025-09-16 14:04:08,51.75,31700,51.7,U
sh688777,中控技术,2025-09-16 14:04:11,51.7,5200,51.75,D
sh688777,中控技术,2025-09-16 14:04:17,51.72,6549,51.74,D
sh688777,中控技术,2025-09-16 14:04:20,51.75,5088,51.72,U
sh688777,中控技术,2025-09-16 14:04:23,51.7,26435,51.75,D
sh688777,中控技术,2025-09-16 14:04:26,51.75,3961,51.7,U
sh688777,中控技术,2025-09-16 14:04:38,51.74,45200,51.75,E
sh688777,中控技术,2025-09-16 14:04:44,51.7,15687,51.74,D
sh688777,中控技术,2025-09-16 14:05:02,51.7,11355,51.7,U
sh688777,中控技术,2025-09-16 14:05:05,51.69,5916,51.7,D
sh688777,中控技术,2025-09-16 14:05:17,51.69,5215,51.69,U
sh688777,中控技术,2025-09-16 14:05:26,51.69,51949,51.69,U
sh688777,中控技术,2025-09-16 14:05:29,51.69,5980,51.69,U
sh688777,中控技术,2025-09-16 14:05:56,51.67,31900,51.68,D
sh688777,中控技术,2025-09-16 14:06:08,51.69,7090,51.69,U
sh688777,中控技术,2025-09-16 14:06:11,51.68,10855,51.69,D
sh688777,中控技术,2025-09-16 14:06:29,51.6,24278,51.66,D
sh688777,中控技术,2025-09-16 14:06:35,51.59,20245,51.6,D
sh688777,中控技术,2025-09-16 14:06:47,51.6,4449,51.6,D
sh688777,中控技术,2025-09-16 14:07:05,51.55,5554,51.56,D
sh688777,中控技术,2025-09-16 14:07:11,51.55,9823,51.55,D
sh688777,中控技术,2025-09-16 14:07:14,51.56,7022,51.55,U
sh688777,中控技术,2025-09-16 14:07:35,51.52,13257,51.56,D
sh688777,中控技术,2025-09-16 14:07:38,51.52,7001,51.52,U
sh688777,中控技术,2025-09-16 14:07:44,51.51,30498,51.52,D
sh688777,中控技术,2025-09-16 14:07:50,51.5,41339,51.56,D
sh688777,中控技术,2025-09-16 14:08:56,51.56,7966,51.57,D
sh688777,中控技术,2025-09-16 14:09:17,51.59,6200,51.59,U
sh688777,中控技术,2025-09-16 14:09:44,51.57,6148,51.58,D
sh688777,中控技术,2025-09-16 14:09:59,51.57,23062,51.56,U
sh688777,中控技术,2025-09-16 14:10:23,51.56,10356,51.58,D
sh688777,中控技术,2025-09-16 14:11:38,51.52,10647,51.51,U
sh688777,中控技术,2025-09-16 14:11:41,51.5,5000,51.52,D
sh688777,中控技术,2025-09-16 14:11:56,51.51,10315,51.5,U
sh688777,中控技术,2025-09-16 14:11:59,51.51,10000,51.51,U
sh688777,中控技术,2025-09-16 14:12:05,51.46,8141,51.49,D
sh688777,中控技术,2025-09-16 14:12:11,51.42,8600,51.46,D
sh688777,中控技术,2025-09-16 14:12:17,51.41,8045,51.47,D
sh688777,中控技术,2025-09-16 14:12:20,51.44,7671,51.41,U
sh688777,中控技术,2025-09-16 14:12:32,51.44,7191,51.44,U
sh688777,中控技术,2025-09-16 14:12:47,51.45,4279,51.45,D
sh688777,中控技术,2025-09-16 14:12:56,51.43,10000,51.44,D
sh688777,中控技术,2025-09-16 14:13:08,51.51,4252,51.5,U
sh688777,中控技术,2025-09-16 14:13:14,51.51,5700,51.51,U
sh688777,中控技术,2025-09-16 14:13:35,51.52,4257,51.51,U
sh688777,中控技术,2025-09-16 14:13:53,51.56,5200,51.53,U
sh688777,中控技术,2025-09-16 14:15:02,51.58,8997,51.57,U
sh688777,中控技术,2025-09-16 14:15:29,51.57,4351,51.57,U
sh688777,中控技术,2025-09-16 14:15:35,51.58,5348,51.57,U
sh688777,中控技术,2025-09-16 14:15:41,51.62,25173,51.59,U
sh688777,中控技术,2025-09-16 14:15:44,51.69,9616,51.62,U
sh688777,中控技术,2025-09-16 14:17:17,51.62,5509,51.62,U
sh688777,中控技术,2025-09-16 14:17:29,51.68,5948,51.65,U
sh688777,中控技术,2025-09-16 14:18:56,51.61,5813,51.63,D
sh688777,中控技术,2025-09-16 14:19:05,51.61,4059,51.6,U
sh688777,中控技术,2025-09-16 14:19:44,51.51,22039,51.58,D
sh688777,中控技术,2025-09-16 14:20:35,51.51,4000,51.55,D
sh688777,中控技术,2025-09-16 14:21:17,51.52,4870,51.53,D
sh688777,中控技术,2025-09-16 14:22:38,51.59,5241,51.57,U
sh688777,中控技术,2025-09-16 14:22:53,51.62,3990,51.6,U
sh688777,中控技术,2025-09-16 14:23:26,51.64,11147,51.6,U
sh688777,中控技术,2025-09-16 14:23:29,51.64,5046,51.64,D
sh688777,中控技术,2025-09-16 14:24:02,51.63,4100,51.63,U
sh688777,中控技术,2025-09-16 14:25:05,51.59,5200,51.59,D
sh688777,中控技术,2025-09-16 14:25:08,51.6,4778,51.59,U
sh688777,中控技术,2025-09-16 14:25:38,51.62,3926,51.62,U
sh688777,中控技术,2025-09-16 14:25:41,51.63,6315,51.62,U
sh688777,中控技术,2025-09-16 14:25:59,51.63,4900,51.63,E
sh688777,中控技术,2025-09-16 14:26:08,51.57,7501,51.63,D
sh688777,中控技术,2025-09-16 14:26:23,51.56,5200,51.56,D
sh688777,中控技术,2025-09-16 14:26:53,51.54,3967,51.55,D
sh688777,中控技术,2025-09-16 14:27:17,51.52,7000,51.52,D
sh688777,中控技术,2025-09-16 14:27:38,51.51,4000,51.54,D
sh688777,中控技术,2025-09-16 14:28:20,51.56,7600,51.56,U
sh688777,中控技术,2025-09-16 14:28:50,51.55,8151,51.57,D
sh688777,中控技术,2025-09-16 14:29:05,51.54,5600,51.55,D
sh688777,中控技术,2025-09-16 14:29:29,51.52,5000,51.55,D
sh688777,中控技术,2025-09-16 14:29:32,51.52,5214,51.52,D
sh688777,中控技术,2025-09-16 14:29:44,51.53,8723,51.53,D
sh688777,中控技术,2025-09-16 14:29:56,51.53,4620,51.52,U
sh688777,中控技术,2025-09-16 14:29:59,51.52,6022,51.53,D
sh688777,中控技术,2025-09-16 14:30:11,51.55,5400,51.55,U
sh688777,中控技术,2025-09-16 14:30:41,51.53,9566,51.52,U
sh688777,中控技术,2025-09-16 14:30:50,51.51,10000,51.51,D
sh688777,中控技术,2025-09-16 14:31:02,51.51,8041,51.53,D
sh688777,中控技术,2025-09-16 14:31:17,51.51,13824,51.52,D
sh688777,中控技术,2025-09-16 14:31:26,51.52,7018,51.55,D
sh688777,中控技术,2025-09-16 14:31:35,51.57,10640,51.55,U
sh688777,中控技术,2025-09-16 14:31:38,51.6,10291,51.57,U
sh688777,中控技术,2025-09-16 14:31:44,51.63,4488,51.62,U
sh688777,中控技术,2025-09-16 14:31:53,51.63,6827,51.59,U
sh688777,中控技术,2025-09-16 14:32:11,51.63,6384,51.6,U
sh688777,中控技术,2025-09-16 14:32:23,51.64,6712,51.64,U
sh688777,中控技术,2025-09-16 14:32:35,51.64,4312,51.62,U
sh688777,中控技术,2025-09-16 14:32:59,51.62,4548,51.62,D
sh688777,中控技术,2025-09-16 14:33:20,51.62,4331,51.6,D
sh688777,中控技术,2025-09-16 14:34:02,51.6,4774,51.61,D
sh688777,中控技术,2025-09-16 14:34:20,51.6,9258,51.61,D
sh688777,中控技术,2025-09-16 14:34:35,51.6,3927,51.59,U
sh688777,中控技术,2025-09-16 14:35:14,51.58,6072,51.57,U
sh688777,中控技术,2025-09-16 14:35:35,51.6,7764,51.59,U
sh688777,中控技术,2025-09-16 14:35:53,51.6,4063,51.6,U
sh688777,中控技术,2025-09-16 14:35:56,51.6,3982,51.6,U
sh688777,中控技术,2025-09-16 14:37:05,51.61,4956,51.62,D
sh688777,中控技术,2025-09-16 14:37:14,51.61,4988,51.61,U
sh688777,中控技术,2025-09-16 14:37:17,51.61,4111,51.61,D
sh688777,中控技术,2025-09-16 14:37:20,51.63,7474,51.61,U
sh688777,中控技术,2025-09-16 14:37:23,51.63,7185,51.63,U
sh688777,中控技术,2025-09-16 14:37:26,51.62,4135,51.63,D
sh688777,中控技术,2025-09-16 14:37:44,51.63,8091,51.62,U
sh688777,中控技术,2025-09-16 14:37:56,51.64,15923,51.64,U
sh688777,中控技术,2025-09-16 14:38:14,51.65,5997,51.64,U
sh688777,中控技术,2025-09-16 14:38:23,51.63,5200,51.64,D
sh688777,中控技术,2025-09-16 14:38:44,51.66,4050,51.64,U
sh688777,中控技术,2025-09-16 14:39:17,51.63,5086,51.66,D
sh688777,中控技术,2025-09-16 14:39:38,51.66,4674,51.66,U
sh688777,中控技术,2025-09-16 14:39:47,51.63,11400,51.66,D
sh688777,中控技术,2025-09-16 14:39:59,51.66,5311,51.66,U
sh688777,中控技术,2025-09-16 14:40:05,51.64,4685,51.64,D
sh688777,中控技术,2025-09-16 14:40:20,51.63,6085,51.64,D
sh688777,中控技术,2025-09-16 14:40:32,51.62,8858,51.62,D
sh688777,中控技术,2025-09-16 14:40:59,51.61,8036,51.61,D
sh688777,中控技术,2025-09-16 14:41:02,51.61,4859,51.61,D
sh688777,中控技术,2025-09-16 14:41:05,51.63,22686,51.61,U
sh688777,中控技术,2025-09-16 14:41:14,51.63,3993,51.62,U
sh688777,中控技术,2025-09-16 14:41:26,51.62,4618,51.63,D
sh688777,中控技术,2025-09-16 14:41:50,51.64,3888,51.64,U
sh688777,中控技术,2025-09-16 14:41:59,51.63,3930,51.64,D
sh688777,中控技术,2025-09-16 14:42:05,51.62,9197,51.63,D
sh688777,中控技术,2025-09-16 14:42:14,51.61,12923,51.61,D
sh688777,中控技术,2025-09-16 14:43:05,51.62,5770,51.62,D
sh688777,中控技术,2025-09-16 14:43:11,51.61,5974,51.62,D
sh688777,中控技术,2025-09-16 14:43:23,51.61,6300,51.6,U
sh688777,中控技术,2025-09-16 14:43:44,51.6,6968,51.6,D
sh688777,中控技术,2025-09-16 14:44:05,51.59,9473,51.6,D
sh688777,中控技术,2025-09-16 14:44:08,51.58,8723,51.59,D
sh688777,中控技术,2025-09-16 14:44:35,51.58,4039,51.59,U
sh688777,中控技术,2025-09-16 14:44:47,51.6,9430,51.59,U
sh688777,中控技术,2025-09-16 14:44:59,51.61,4500,51.6,U
sh688777,中控技术,2025-09-16 14:45:08,51.61,7000,51.61,U
sh688777,中控技术,2025-09-16 14:45:14,51.59,8452,51.6,D
sh688777,中控技术,2025-09-16 14:45:17,51.6,4824,51.59,U
sh688777,中控技术,2025-09-16 14:45:35,51.6,9308,51.58,U
sh688777,中控技术,2025-09-16 14:46:05,51.59,4587,51.59,U
sh688777,中控技术,2025-09-16 14:46:14,51.6,6385,51.59,U
sh688777,中控技术,2025-09-16 14:46:59,51.6,4311,51.59,U
sh688777,中控技术,2025-09-16 14:47:02,51.6,6037,51.6,U
sh688777,中控技术,2025-09-16 14:47:14,51.6,13697,51.59,U
sh688777,中控技术,2025-09-16 14:47:20,51.61,8648,51.6,U
sh688777,中控技术,2025-09-16 14:47:32,51.59,6941,51.6,D
sh688777,中控技术,2025-09-16 14:47:56,51.59,5981,51.6,D
sh688777,中控技术,2025-09-16 14:48:11,51.59,10700,51.58,U
sh688777,中控技术,2025-09-16 14:48:38,51.6,15750,51.59,U
sh688777,中控技术,2025-09-16 14:48:50,51.6,12426,51.6,U
sh688777,中控技术,2025-09-16 14:48:59,51.61,4212,51.61,U
sh688777,中控技术,2025-09-16 14:49:02,51.61,6613,51.61,U
sh688777,中控技术,2025-09-16 14:49:14,51.61,5600,51.61,U
sh688777,中控技术,2025-09-16 14:49:17,51.61,4607,51.61,U
sh688777,中控技术,2025-09-16 14:49:20,51.61,4579,51.61,U
sh688777,中控技术,2025-09-16 14:49:23,51.6,5696,51.61,D
sh688777,中控技术,2025-09-16 14:49:38,51.62,4396,51.62,U
sh688777,中控技术,2025-09-16 14:49:53,51.61,10680,51.61,U
sh688777,中控技术,2025-09-16 14:49:56,51.61,6600,51.61,U
sh688777,中控技术,2025-09-16 14:50:05,51.61,4010,51.61,U
sh688777,中控技术,2025-09-16 14:50:17,51.61,4382,51.6,U
sh688777,中控技术,2025-09-16 14:50:23,51.61,4671,51.61,U
sh688777,中控技术,2025-09-16 14:50:56,51.61,5600,51.6,U
sh688777,中控技术,2025-09-16 14:51:02,51.63,39838,51.61,U
sh688777,中控技术,2025-09-16 14:51:05,51.64,22022,51.63,U
sh688777,中控技术,2025-09-16 14:51:11,51.64,5264,51.64,U
sh688777,中控技术,2025-09-16 14:51:23,51.63,10449,51.63,D
sh688777,中控技术,2025-09-16 14:51:26,51.62,4292,51.63,D
sh688777,中控技术,2025-09-16 14:51:35,51.63,4216,51.62,U
sh688777,中控技术,2025-09-16 14:51:44,51.64,11981,51.63,U
sh688777,中控技术,2025-09-16 14:52:02,51.64,16006,51.65,D
sh688777,中控技术,2025-09-16 14:52:05,51.65,6167,51.64,U
sh688777,中控技术,2025-09-16 14:52:08,51.65,6382,51.65,U
sh688777,中控技术,2025-09-16 14:52:23,51.65,16289,51.64,U
sh688777,中控技术,2025-09-16 14:52:26,51.64,8503,51.65,D
sh688777,中控技术,2025-09-16 14:52:35,51.63,19226,51.63,D
sh688777,中控技术,2025-09-16 14:52:44,51.62,3890,51.62,U
sh688777,中控技术,2025-09-16 14:52:47,51.62,5266,51.62,U
sh688777,中控技术,2025-09-16 14:52:50,51.62,6494,51.62,U
sh688777,中控技术,2025-09-16 14:52:53,51.63,8417,51.62,U
sh688777,中控技术,2025-09-16 14:52:56,51.62,11589,51.63,D
sh688777,中控技术,2025-09-16 14:53:02,51.63,16961,51.62,U
sh688777,中控技术,2025-09-16 14:53:05,51.63,11817,51.63,D
sh688777,中控技术,2025-09-16 14:53:08,51.63,4138,51.63,D
sh688777,中控技术,2025-09-16 14:53:11,51.63,6000,51.63,U
sh688777,中控技术,2025-09-16 14:53:17,51.63,5638,51.62,U
sh688777,中控技术,2025-09-16 14:53:23,51.6,26113,51.63,D
sh688777,中控技术,2025-09-16 14:53:26,51.6,11943,51.6,U
sh688777,中控技术,2025-09-16 14:53:32,51.6,4000,51.6,U
sh688777,中控技术,2025-09-16 14:53:38,51.6,4066,51.6,U
sh688777,中控技术,2025-09-16 14:53:44,51.59,7981,51.6,D
sh688777,中控技术,2025-09-16 14:53:47,51.6,6558,51.59,U
sh688777,中控技术,2025-09-16 14:53:53,51.6,12990,51.6,U
sh688777,中控技术,2025-09-16 14:54:11,51.62,7655,51.61,U
sh688777,中控技术,2025-09-16 14:54:23,51.6,11827,51.61,D
sh688777,中控技术,2025-09-16 14:54:29,51.59,12621,51.61,D
sh688777,中控技术,2025-09-16 14:54:41,51.6,5000,51.6,U
sh688777,中控技术,2025-09-16 14:54:47,51.6,17649,51.6,U
sh688777,中控技术,2025-09-16 14:54:50,51.6,7494,51.6,U
sh688777,中控技术,2025-09-16 14:54:59,51.6,10215,51.6,U
sh688777,中控技术,2025-09-16 14:55:02,51.61,8933,51.6,U
sh688777,中控技术,2025-09-16 14:55:17,51.59,6566,51.6,D
sh688777,中控技术,2025-09-16 14:55:20,51.58,7114,51.59,D
sh688777,中控技术,2025-09-16 14:55:35,51.58,9008,51.59,D
sh688777,中控技术,2025-09-16 14:55:38,51.59,15296,51.58,U
sh688777,中控技术,2025-09-16 14:55:44,51.61,4149,51.6,U
sh688777,中控技术,2025-09-16 14:55:47,51.59,6827,51.61,D
sh688777,中控技术,2025-09-16 14:55:50,51.6,11436,51.59,U
sh688777,中控技术,2025-09-16 14:55:56,51.6,4112,51.59,U
sh688777,中控技术,2025-09-16 14:55:59,51.6,4231,51.6,U
sh688777,中控技术,2025-09-16 14:56:02,51.59,8060,51.6,D
sh688777,中控技术,2025-09-16 14:56:11,51.6,7781,51.59,U
sh688777,中控技术,2025-09-16 14:56:14,51.6,5201,51.6,U
sh688777,中控技术,2025-09-16 14:56:17,51.6,5840,51.6,U
sh688777,中控技术,2025-09-16 14:56:23,51.61,26673,51.59,U
sh688777,中控技术,2025-09-16 14:56:32,51.6,13368,51.6,D
sh688777,中控技术,2025-09-16 14:56:38,51.6,8700,51.6,U
sh688777,中控技术,2025-09-16 14:56:41,51.6,9950,51.6,U
sh688777,中控技术,2025-09-16 14:56:44,51.6,7638,51.6,U
sh688777,中控技术,2025-09-16 14:56:56,51.61,9989,51.59,U
sh688777,中控技术,2025-09-16 14:56:59,51.6,11118,51.61,D
sh688777,中控技术,2025-09-16 15:00:03,51.6,152212,51.6,U
