symbol,name,ticktime,price,volume,prev_price,kind
sh688777,中控技术,2025-10-16 09:25:01,55.52,44555,0.0,U
sh688777,中控技术,2025-10-16 09:30:00,55.46,4338,55.52,D
sh688777,中控技术,2025-10-16 09:30:03,55.44,13451,55.46,D
sh688777,中控技术,2025-10-16 09:30:06,55.47,7941,55.44,U
sh688777,中控技术,2025-10-16 09:30:09,55.44,8150,55.47,D
sh688777,中控技术,2025-10-16 09:30:12,55.42,7286,55.44,E
sh688777,中控技术,2025-10-16 09:30:15,55.46,7158,55.42,E
sh688777,中控技术,2025-10-16 09:30:18,55.33,10838,55.46,E
sh688777,中控技术,2025-10-16 09:30:21,55.39,10523,55.33,U
sh688777,中控技术,2025-10-16 09:30:24,55.4,18248,55.39,U
sh688777,中控技术,2025-10-16 09:30:27,55.21,7081,55.4,E
sh688777,中控技术,2025-10-16 09:30:30,55.23,28961,55.21,U
sh688777,中控技术,2025-10-16 09:30:33,55.39,15008,55.23,E
sh688777,中控技术,2025-10-16 09:30:36,55.24,4606,55.39,D
sh688777,中控技术,2025-10-16 09:30:39,55.25,32880,55.24,U
sh688777,中控技术,2025-10-16 09:30:42,55.22,13864,55.25,E
sh688777,中控技术,2025-10-16 09:30:45,55.2,7883,55.22,D
sh688777,中控技术,2025-10-16 09:30:48,55.21,6453,55.2,U
sh688777,中控技术,2025-10-16 09:30:57,55.15,27809,55.18,D
sh688777,中控技术,2025-10-16 09:31:00,55.12,58402,55.15,D
sh688777,中控技术,2025-10-16 09:31:03,55.05,34784,55.12,D
sh688777,中控技术,2025-10-16 09:31:06,55.02,4860,55.05,D
sh688777,中控技术,2025-10-16 09:31:09,55.05,26838,55.02,U
sh688777,中控技术,2025-10-16 09:31:12,55.02,5246,55.05,D
sh688777,中控技术,2025-10-16 09:31:15,55.03,32558,55.02,U
sh688777,中控技术,2025-10-16 09:31:18,55.05,9188,55.03,D
sh688777,中控技术,2025-10-16 09:31:21,55.05,23255,55.05,D
sh688777,中控技术,2025-10-16 09:31:24,55.05,13247,55.05,D
sh688777,中控技术,2025-10-16 09:31:27,55.05,14366,55.05,D
sh688777,中控技术,2025-10-16 09:31:30,55.05,13285,55.05,U
sh688777,中控技术,2025-10-16 09:31:33,55.03,11784,55.05,D
sh688777,中控技术,2025-10-16 09:31:36,55.05,3896,55.03,U
sh688777,中控技术,2025-10-16 09:31:39,55.05,6837,55.05,D
sh688777,中控技术,2025-10-16 09:31:42,55.13,7146,55.05,E
sh688777,中控技术,2025-10-16 09:31:45,55.05,21507,55.13,D
sh688777,中控技术,2025-10-16 09:31:48,55.15,14228,55.05,U
sh688777,中控技术,2025-10-16 09:31:51,55.15,8125,55.15,D
sh688777,中控技术,2025-10-16 09:31:54,55.17,5762,55.15,U
sh688777,中控技术,2025-10-16 09:31:57,55.15,20475,55.17,D
sh688777,中控技术,2025-10-16 09:32:12,55.37,3730,55.31,U
sh688777,中控技术,2025-10-16 09:32:15,55.37,17972,55.37,D
sh688777,中控技术,2025-10-16 09:32:18,55.37,5839,55.37,D
sh688777,中控技术,2025-10-16 09:32:24,55.38,4730,55.4,D
sh688777,中控技术,2025-10-16 09:32:30,55.4,3632,55.43,D
sh688777,中控技术,2025-10-16 09:32:33,55.41,7332,55.4,D
sh688777,中控技术,2025-10-16 09:32:36,55.42,7456,55.41,D
sh688777,中控技术,2025-10-16 09:32:39,55.43,9566,55.42,U
sh688777,中控技术,2025-10-16 09:32:45,55.58,26383,55.49,U
sh688777,中控技术,2025-10-16 09:32:48,55.41,16711,55.58,D
sh688777,中控技术,2025-10-16 09:32:57,55.46,5061,55.5,E
sh688777,中控技术,2025-10-16 09:33:06,55.5,4905,55.5,U
sh688777,中控技术,2025-10-16 09:33:12,55.53,15293,55.5,E
sh688777,中控技术,2025-10-16 09:33:18,55.43,33057,55.53,D
sh688777,中控技术,2025-10-16 09:33:21,55.42,3629,55.43,D
sh688777,中控技术,2025-10-16 09:33:24,55.46,4858,55.42,E
sh688777,中控技术,2025-10-16 09:33:27,55.46,4366,55.46,D
sh688777,中控技术,2025-10-16 09:33:30,55.46,13288,55.46,E
sh688777,中控技术,2025-10-16 09:33:33,55.46,12595,55.46,U
sh688777,中控技术,2025-10-16 09:33:36,55.42,6295,55.46,D
sh688777,中控技术,2025-10-16 09:33:39,55.38,10510,55.42,D
sh688777,中控技术,2025-10-16 09:33:42,55.39,4173,55.38,U
sh688777,中控技术,2025-10-16 09:33:45,55.41,12301,55.39,U
sh688777,中控技术,2025-10-16 09:33:48,55.49,5553,55.41,U
sh688777,中控技术,2025-10-16 09:33:54,55.38,4616,55.38,D
sh688777,中控技术,2025-10-16 09:34:00,55.42,5241,55.38,U
sh688777,中控技术,2025-10-16 09:34:03,55.37,16015,55.42,D
sh688777,中控技术,2025-10-16 09:34:15,55.39,11420,55.36,U
sh688777,中控技术,2025-10-16 09:34:27,55.45,10000,55.39,U
sh688777,中控技术,2025-10-16 09:34:30,55.48,6646,55.45,U
sh688777,中控技术,2025-10-16 09:34:42,55.35,4107,55.37,D
sh688777,中控技术,2025-10-16 09:34:45,55.34,5124,55.35,D
sh688777,中控技术,2025-10-16 09:34:48,55.33,5711,55.34,D
sh688777,中控技术,2025-10-16 09:34:51,55.33,12108,55.33,U
sh688777,中控技术,2025-10-16 09:34:54,55.38,4987,55.33,U
sh688777,中控技术,2025-10-16 09:34:57,55.34,4600,55.38,D
sh688777,中控技术,2025-10-16 09:35:03,55.31,25713,55.34,D
sh688777,中控技术,2025-10-16 09:35:06,55.24,6598,55.31,D
sh688777,中控技术,2025-10-16 09:35:09,55.2,20771,55.24,D
sh688777,中控技术,2025-10-16 09:35:21,55.21,3897,55.21,U
sh688777,中控技术,2025-10-16 09:35:24,55.2,5844,55.21,D
sh688777,中控技术,2025-10-16 09:35:30,55.21,3977,55.21,D
sh688777,中控技术,2025-10-16 09:35:33,55.21,5853,55.21,D
sh688777,中控技术,2025-10-16 09:35:42,55.23,16281,55.25,D
sh688777,中控技术,2025-10-16 09:35:45,55.24,12621,55.23,U
sh688777,中控技术,2025-10-16 09:35:51,55.29,15893,55.24,U
sh688777,中控技术,2025-10-16 09:35:54,55.24,16217,55.29,D
sh688777,中控技术,2025-10-16 09:36:06,55.25,5219,55.28,D
sh688777,中控技术,2025-10-16 09:36:21,55.25,5275,55.25,U
sh688777,中控技术,2025-10-16 09:36:27,55.23,8430,55.23,U
sh688777,中控技术,2025-10-16 09:36:30,55.21,3786,55.23,D
sh688777,中控技术,2025-10-16 09:36:33,55.22,13457,55.21,E
sh688777,中控技术,2025-10-16 09:36:36,55.29,56524,55.22,U
sh688777,中控技术,2025-10-16 09:36:40,55.37,5054,55.29,U
sh688777,中控技术,2025-10-16 09:36:45,55.29,28526,55.38,D
sh688777,中控技术,2025-10-16 09:36:48,55.29,5414,55.29,D
sh688777,中控技术,2025-10-16 09:36:54,55.38,5091,55.37,E
sh688777,中控技术,2025-10-16 09:37:15,55.39,13067,55.38,U
sh688777,中控技术,2025-10-16 09:37:21,55.41,6388,55.47,D
sh688777,中控技术,2025-10-16 09:37:24,55.4,3882,55.41,E
sh688777,中控技术,2025-10-16 09:37:27,55.41,4788,55.4,U
sh688777,中控技术,2025-10-16 09:37:30,55.41,5324,55.41,U
sh688777,中控技术,2025-10-16 09:37:33,55.41,8895,55.41,U
sh688777,中控技术,2025-10-16 09:37:36,55.45,4334,55.41,U
sh688777,中控技术,2025-10-16 09:37:57,55.45,8413,55.45,D
sh688777,中控技术,2025-10-16 09:38:03,55.48,13186,55.45,U
sh688777,中控技术,2025-10-16 09:38:06,55.42,4794,55.48,D
sh688777,中控技术,2025-10-16 09:38:09,55.45,4784,55.42,U
sh688777,中控技术,2025-10-16 09:38:18,55.39,52706,55.48,D
sh688777,中控技术,2025-10-16 09:38:21,55.32,6104,55.39,D
sh688777,中控技术,2025-10-16 09:38:24,55.35,4919,55.32,U
sh688777,中控技术,2025-10-16 09:38:27,55.31,3740,55.35,D
sh688777,中控技术,2025-10-16 09:38:30,55.31,5750,55.31,D
sh688777,中控技术,2025-10-16 09:38:33,55.31,5042,55.31,U
sh688777,中控技术,2025-10-16 09:38:36,55.31,13140,55.31,U
sh688777,中控技术,2025-10-16 09:38:39,55.31,3717,55.31,D
sh688777,中控技术,2025-10-16 09:38:45,55.36,7509,55.35,U
sh688777,中控技术,2025-10-16 09:38:48,55.35,13385,55.36,D
sh688777,中控技术,2025-10-16 09:38:51,55.32,8549,55.35,D
sh688777,中控技术,2025-10-16 09:38:54,55.36,27378,55.32,U
sh688777,中控技术,2025-10-16 09:38:57,55.35,3923,55.36,E
sh688777,中控技术,2025-10-16 09:39:15,55.35,5771,55.4,D
sh688777,中控技术,2025-10-16 09:39:18,55.39,6400,55.35,U
sh688777,中控技术,2025-10-16 09:39:21,55.32,9624,55.39,D
sh688777,中控技术,2025-10-16 09:39:30,55.39,8003,55.35,U
sh688777,中控技术,2025-10-16 09:39:33,55.38,6186,55.39,D
sh688777,中控技术,2025-10-16 09:39:36,55.38,4499,55.38,U
sh688777,中控技术,2025-10-16 09:39:39,55.34,7327,55.38,D
sh688777,中控技术,2025-10-16 09:39:54,55.31,20126,55.34,D
sh688777,中控技术,2025-10-16 09:40:10,55.36,18601,55.35,E
sh688777,中控技术,2025-10-16 09:40:12,55.35,26371,55.36,D
sh688777,中控技术,2025-10-16 09:40:18,55.35,6523,55.43,D
sh688777,中控技术,2025-10-16 09:40:24,55.31,14919,55.36,D
sh688777,中控技术,2025-10-16 09:40:27,55.31,48558,55.31,D
sh688777,中控技术,2025-10-16 09:40:30,55.31,8824,55.31,U
sh688777,中控技术,2025-10-16 09:40:33,55.31,18627,55.31,D
sh688777,中控技术,2025-10-16 09:40:39,55.31,5415,55.31,U
sh688777,中控技术,2025-10-16 09:40:42,55.31,20284,55.31,E
sh688777,中控技术,2025-10-16 09:40:45,55.4,4760,55.31,U
sh688777,中控技术,2025-10-16 09:40:48,55.31,14153,55.4,D
sh688777,中控技术,2025-10-16 09:41:03,55.35,4656,55.33,U
sh688777,中控技术,2025-10-16 09:41:09,55.35,21922,55.34,U
sh688777,中控技术,2025-10-16 09:41:12,55.33,10885,55.35,D
sh688777,中控技术,2025-10-16 09:41:21,55.3,5500,55.32,D
sh688777,中控技术,2025-10-16 09:41:30,55.31,9188,55.32,E
sh688777,中控技术,2025-10-16 09:41:33,55.33,7668,55.31,U
sh688777,中控技术,2025-10-16 09:41:36,55.35,6542,55.33,U
sh688777,中控技术,2025-10-16 09:41:57,55.3,14356,55.31,D
sh688777,中控技术,2025-10-16 09:42:00,55.3,5676,55.3,D
sh688777,中控技术,2025-10-16 09:42:03,55.29,38857,55.3,D
sh688777,中控技术,2025-10-16 09:42:06,55.31,8999,55.29,U
sh688777,中控技术,2025-10-16 09:42:18,55.33,3951,55.28,U
sh688777,中控技术,2025-10-16 09:42:27,55.27,3764,55.29,D
sh688777,中控技术,2025-10-16 09:42:36,55.26,6131,55.27,D
sh688777,中控技术,2025-10-16 09:42:45,55.21,5761,55.27,D
sh688777,中控技术,2025-10-16 09:42:48,55.2,5156,55.21,D
sh688777,中控技术,2025-10-16 09:42:54,55.24,12394,55.2,U
sh688777,中控技术,2025-10-16 09:43:09,55.2,9880,55.22,D
sh688777,中控技术,2025-10-16 09:43:18,55.19,6277,55.19,D
sh688777,中控技术,2025-10-16 09:43:21,55.2,5929,55.19,U
sh688777,中控技术,2025-10-16 09:43:24,55.18,4474,55.2,D
sh688777,中控技术,2025-10-16 09:43:33,55.18,3795,55.19,D
sh688777,中控技术,2025-10-16 09:43:39,55.19,3708,55.2,U
sh688777,中控技术,2025-10-16 09:43:48,55.2,5127,55.19,U
sh688777,中控技术,2025-10-16 09:43:54,55.2,4026,55.2,D
sh688777,中控技术,2025-10-16 09:44:03,55.25,26518,55.25,U
sh688777,中控技术,2025-10-16 09:44:06,55.21,6881,55.25,D
sh688777,中控技术,2025-10-16 09:44:15,55.25,3671,55.21,U
sh688777,中控技术,2025-10-16 09:44:18,55.2,3904,55.25,D
sh688777,中控技术,2025-10-16 09:44:24,55.18,8402,55.19,D
sh688777,中控技术,2025-10-16 09:44:27,55.18,6901,55.18,D
sh688777,中控技术,2025-10-16 09:44:30,55.18,27425,55.18,D
sh688777,中控技术,2025-10-16 09:44:33,55.15,26098,55.18,D
sh688777,中控技术,2025-10-16 09:44:36,55.17,26693,55.15,U
sh688777,中控技术,2025-10-16 09:44:39,55.15,4822,55.17,D
sh688777,中控技术,2025-10-16 09:44:42,55.14,5238,55.15,D
sh688777,中控技术,2025-10-16 09:44:45,55.1,21657,55.14,D
sh688777,中控技术,2025-10-16 09:44:51,55.1,4317,55.11,D
sh688777,中控技术,2025-10-16 09:44:54,55.1,6412,55.1,D
sh688777,中控技术,2025-10-16 09:45:06,55.04,31809,55.09,D
sh688777,中控技术,2025-10-16 09:45:09,55.02,7969,55.04,D
sh688777,中控技术,2025-10-16 09:45:12,55.0,31913,55.02,D
sh688777,中控技术,2025-10-16 09:45:15,55.02,13174,55.0,U
sh688777,中控技术,2025-10-16 09:45:18,55.03,4386,55.02,D
sh688777,中控技术,2025-10-16 09:45:24,55.03,5464,55.03,D
sh688777,中控技术,2025-10-16 09:45:27,55.04,4424,55.03,D
sh688777,中控技术,2025-10-16 09:45:30,55.04,4424,55.04,D
sh688777,中控技术,2025-10-16 09:45:36,55.08,11509,55.05,U
sh688777,中控技术,2025-10-16 09:45:42,55.0,25619,55.04,D
sh688777,中控技术,2025-10-16 09:45:45,54.99,63925,55.0,D
sh688777,中控技术,2025-10-16 09:45:48,54.98,7717,54.99,E
sh688777,中控技术,2025-10-16 09:45:51,54.94,16592,54.98,D
sh688777,中控技术,2025-10-16 09:45:54,54.93,3961,54.94,D
sh688777,中控技术,2025-10-16 09:45:57,54.9,7675,54.93,D
sh688777,中控技术,2025-10-16 09:46:03,54.88,13460,54.9,D
sh688777,中控技术,2025-10-16 09:46:09,54.88,29684,54.85,U
sh688777,中控技术,2025-10-16 09:46:12,54.91,32009,54.88,U
sh688777,中控技术,2025-10-16 09:46:15,54.91,11678,54.91,D
sh688777,中控技术,2025-10-16 09:46:18,55.0,4422,54.91,U
sh688777,中控技术,2025-10-16 09:46:21,54.97,12376,55.0,E
sh688777,中控技术,2025-10-16 09:46:30,54.96,7650,54.99,D
sh688777,中控技术,2025-10-16 09:46:33,54.99,17210,54.96,U
sh688777,中控技术,2025-10-16 09:46:36,54.96,8839,54.99,D
sh688777,中控技术,2025-10-16 09:46:45,55.05,9408,54.99,U
sh688777,中控技术,2025-10-16 09:47:00,55.0,7088,55.05,D
sh688777,中控技术,2025-10-16 09:47:09,55.05,16240,55.01,U
sh688777,中控技术,2025-10-16 09:47:18,55.1,16089,55.08,U
sh688777,中控技术,2025-10-16 09:47:21,55.02,13042,55.1,D
sh688777,中控技术,2025-10-16 09:47:30,55.0,6503,55.08,D
sh688777,中控技术,2025-10-16 09:47:33,55.08,20450,55.0,U
sh688777,中控技术,2025-10-16 09:47:36,55.03,4752,55.08,D
sh688777,中控技术,2025-10-16 09:47:39,55.0,18598,55.03,D
sh688777,中控技术,2025-10-16 09:47:42,55.02,3772,55.0,E
sh688777,中控技术,2025-10-16 09:47:51,54.99,19350,55.04,D
sh688777,中控技术,2025-10-16 09:47:54,54.98,6564,54.99,D
sh688777,中控技术,2025-10-16 09:47:57,54.97,10376,54.98,D
sh688777,中控技术,2025-10-16 09:48:00,54.98,7637,54.97,E
sh688777,中控技术,2025-10-16 09:48:03,54.96,10465,54.98,D
sh688777,中控技术,2025-10-16 09:48:06,54.95,31845,54.96,D
sh688777,中控技术,2025-10-16 09:48:18,54.94,5454,54.94,D
sh688777,中控技术,2025-10-16 09:48:21,54.95,4798,54.94,U
sh688777,中控技术,2025-10-16 09:48:27,54.88,30678,54.95,D
sh688777,中控技术,2025-10-16 09:48:30,54.93,4872,54.88,E
sh688777,中控技术,2025-10-16 09:48:33,54.9,22092,54.93,D
sh688777,中控技术,2025-10-16 09:48:54,54.89,12548,54.9,D
sh688777,中控技术,2025-10-16 09:48:57,54.88,3776,54.89,D
sh688777,中控技术,2025-10-16 09:49:03,54.88,22963,54.88,D
sh688777,中控技术,2025-10-16 09:49:06,54.88,11656,54.88,U
sh688777,中控技术,2025-10-16 09:49:09,54.87,7087,54.88,D
sh688777,中控技术,2025-10-16 09:49:12,54.87,5755,54.87,D
sh688777,中控技术,2025-10-16 09:49:15,54.85,9440,54.87,D
sh688777,中控技术,2025-10-16 09:49:18,54.85,35656,54.85,D
sh688777,中控技术,2025-10-16 09:49:21,54.82,28552,54.85,D
sh688777,中控技术,2025-10-16 09:49:24,54.83,33686,54.82,U
sh688777,中控技术,2025-10-16 09:49:27,54.88,11110,54.83,E
sh688777,中控技术,2025-10-16 09:49:33,54.88,10551,54.88,D
sh688777,中控技术,2025-10-16 09:49:36,54.88,13065,54.88,U
sh688777,中控技术,2025-10-16 09:49:42,54.88,3645,54.91,D
sh688777,中控技术,2025-10-16 09:49:54,54.91,5618,54.88,D
sh688777,中控技术,2025-10-16 09:50:00,54.91,15556,54.98,D
sh688777,中控技术,2025-10-16 09:50:03,54.91,6292,54.91,U
sh688777,中控技术,2025-10-16 09:50:12,54.9,9692,54.93,D
sh688777,中控技术,2025-10-16 09:50:21,54.89,4073,54.95,D
sh688777,中控技术,2025-10-16 09:50:24,54.88,4878,54.89,D
sh688777,中控技术,2025-10-16 09:50:36,54.86,5000,54.93,D
sh688777,中控技术,2025-10-16 09:50:48,54.88,5837,54.87,U
sh688777,中控技术,2025-10-16 09:50:51,54.86,7607,54.88,D
sh688777,中控技术,2025-10-16 09:50:54,54.85,12603,54.86,D
sh688777,中控技术,2025-10-16 09:50:57,54.85,10708,54.85,D
sh688777,中控技术,2025-10-16 09:51:03,54.84,6207,54.86,D
sh688777,中控技术,2025-10-16 09:51:06,54.87,4329,54.84,U
sh688777,中控技术,2025-10-16 09:51:09,54.88,4642,54.87,U
sh688777,中控技术,2025-10-16 09:51:12,54.87,3666,54.88,D
sh688777,中控技术,2025-10-16 09:51:15,54.86,4092,54.87,E
sh688777,中控技术,2025-10-16 09:51:24,54.88,5361,54.86,E
sh688777,中控技术,2025-10-16 09:51:30,54.84,11855,54.88,D
sh688777,中控技术,2025-10-16 09:51:33,54.83,20578,54.84,D
sh688777,中控技术,2025-10-16 09:51:36,54.84,4952,54.83,U
sh688777,中控技术,2025-10-16 09:51:42,54.85,16323,54.87,U
sh688777,中控技术,2025-10-16 09:51:45,54.84,44993,54.85,D
sh688777,中控技术,2025-10-16 09:51:48,54.84,16608,54.84,D
sh688777,中控技术,2025-10-16 09:52:00,54.82,6847,54.83,D
sh688777,中控技术,2025-10-16 09:52:03,54.84,5634,54.82,U
sh688777,中控技术,2025-10-16 09:52:06,54.82,8591,54.84,D
sh688777,中控技术,2025-10-16 09:52:09,54.81,19319,54.82,D
sh688777,中控技术,2025-10-16 09:52:12,54.79,61416,54.81,D
sh688777,中控技术,2025-10-16 09:52:15,54.8,11392,54.79,U
sh688777,中控技术,2025-10-16 09:52:18,54.76,10180,54.8,E
sh688777,中控技术,2025-10-16 09:52:21,54.8,34144,54.76,U
sh688777,中控技术,2025-10-16 09:52:24,54.8,12304,54.8,D
sh688777,中控技术,2025-10-16 09:52:27,54.8,28221,54.8,D
sh688777,中控技术,2025-10-16 09:52:30,54.8,9112,54.8,D
sh688777,中控技术,2025-10-16 09:52:33,54.8,15913,54.8,D
sh688777,中控技术,2025-10-16 09:52:36,54.86,9632,54.8,U
sh688777,中控技术,2025-10-16 09:52:39,54.9,10391,54.86,U
sh688777,中控技术,2025-10-16 09:52:42,54.85,12254,54.9,D
sh688777,中控技术,2025-10-16 09:52:45,54.95,5543,54.85,U
sh688777,中控技术,2025-10-16 09:52:48,54.89,59913,54.95,D
sh688777,中控技术,2025-10-16 09:52:51,54.89,8024,54.89,D
sh688777,中控技术,2025-10-16 09:53:03,55.0,7201,54.99,U
sh688777,中控技术,2025-10-16 09:53:06,55.0,4440,55.0,U
sh688777,中控技术,2025-10-16 09:53:12,54.99,3668,55.0,D
sh688777,中控技术,2025-10-16 09:53:24,54.95,8398,55.0,D
sh688777,中控技术,2025-10-16 09:53:39,54.92,5532,54.94,E
sh688777,中控技术,2025-10-16 09:54:15,54.99,5600,54.98,U
sh688777,中控技术,2025-10-16 09:54:18,55.03,61578,54.99,U
sh688777,中控技术,2025-10-16 09:54:21,54.99,8985,55.03,D
sh688777,中控技术,2025-10-16 09:54:48,54.99,7211,54.99,D
sh688777,中控技术,2025-10-16 09:55:03,55.02,25600,55.02,U
sh688777,中控技术,2025-10-16 09:55:12,55.0,11213,55.05,D
sh688777,中控技术,2025-10-16 09:55:18,55.0,4032,55.0,D
sh688777,中控技术,2025-10-16 09:55:24,55.0,7294,55.02,D
sh688777,中控技术,2025-10-16 09:55:27,55.0,38419,55.0,D
sh688777,中控技术,2025-10-16 09:55:30,54.99,6669,55.0,D
sh688777,中控技术,2025-10-16 09:56:00,54.99,4217,54.99,U
sh688777,中控技术,2025-10-16 09:56:15,54.97,9714,54.93,U
sh688777,中控技术,2025-10-16 09:56:18,54.97,4659,54.97,D
sh688777,中控技术,2025-10-16 09:56:21,54.97,5116,54.97,D
sh688777,中控技术,2025-10-16 09:56:45,54.98,5000,54.98,D
sh688777,中控技术,2025-10-16 09:57:00,54.97,4091,54.99,D
sh688777,中控技术,2025-10-16 09:57:06,54.97,5769,54.97,D
sh688777,中控技术,2025-10-16 09:57:12,54.98,5803,54.97,U
sh688777,中控技术,2025-10-16 09:57:15,55.0,14575,54.98,U
sh688777,中控技术,2025-10-16 09:57:18,54.95,4256,55.0,D
sh688777,中控技术,2025-10-16 09:57:33,55.06,13828,54.99,U
sh688777,中控技术,2025-10-16 09:57:54,55.02,3665,55.04,D
sh688777,中控技术,2025-10-16 09:58:12,55.07,10948,55.05,U
sh688777,中控技术,2025-10-16 09:58:15,55.08,7082,55.07,E
sh688777,中控技术,2025-10-16 09:58:27,55.11,8079,55.09,U
sh688777,中控技术,2025-10-16 09:58:39,55.1,6604,55.18,D
sh688777,中控技术,2025-10-16 09:58:45,55.1,8069,55.1,U
sh688777,中控技术,2025-10-16 09:58:48,55.1,6968,55.1,U
sh688777,中控技术,2025-10-16 09:58:57,55.06,5896,55.09,D
sh688777,中控技术,2025-10-16 09:59:09,55.05,5594,55.07,D
sh688777,中控技术,2025-10-16 09:59:15,55.0,3821,55.05,D
sh688777,中控技术,2025-10-16 09:59:18,55.0,5534,55.0,D
sh688777,中控技术,2025-10-16 09:59:21,54.99,14078,55.0,D
sh688777,中控技术,2025-10-16 10:00:06,55.0,4221,54.99,U
sh688777,中控技术,2025-10-16 10:00:21,54.98,4673,55.0,D
sh688777,中控技术,2025-10-16 10:00:36,54.99,6412,54.98,U
sh688777,中控技术,2025-10-16 10:00:39,54.98,9541,54.99,D
sh688777,中控技术,2025-10-16 10:00:42,55.0,4305,54.98,U
sh688777,中控技术,2025-10-16 10:00:45,55.0,5452,55.0,D
sh688777,中控技术,2025-10-16 10:00:54,55.0,12941,55.0,U
sh688777,中控技术,2025-10-16 10:00:57,55.0,7139,55.0,U
sh688777,中控技术,2025-10-16 10:01:45,54.97,10400,54.95,U
sh688777,中控技术,2025-10-16 10:01:57,54.95,4064,54.96,D
sh688777,中控技术,2025-10-16 10:02:03,54.95,6832,54.95,D
sh688777,中控技术,2025-10-16 10:02:06,54.96,14498,54.95,U
sh688777,中控技术,2025-10-16 10:02:09,54.95,4398,54.96,D
sh688777,中控技术,2025-10-16 10:02:15,54.96,4369,54.98,D
sh688777,中控技术,2025-10-16 10:02:27,54.96,7102,54.98,D
sh688777,中控技术,2025-10-16 10:02:54,54.98,4331,55.01,E
sh688777,中控技术,2025-10-16 10:03:00,54.96,3853,54.97,D
sh688777,中控技术,2025-10-16 10:03:06,54.97,5212,54.97,D
sh688777,中控技术,2025-10-16 10:03:09,54.96,4754,54.97,U
sh688777,中控技术,2025-10-16 10:03:12,54.94,6180,54.96,D
sh688777,中控技术,2025-10-16 10:03:21,54.95,4271,54.95,D
sh688777,中控技术,2025-10-16 10:03:42,54.96,12174,54.96,D
sh688777,中控技术,2025-10-16 10:03:57,54.94,5207,54.94,D
sh688777,中控技术,2025-10-16 10:04:03,54.93,10883,54.93,D
sh688777,中控技术,2025-10-16 10:04:09,54.94,5499,54.92,U
sh688777,中控技术,2025-10-16 10:04:15,54.91,5096,54.94,D
sh688777,中控技术,2025-10-16 10:04:21,54.94,4704,54.93,U
sh688777,中控技术,2025-10-16 10:04:24,54.94,4172,54.94,U
sh688777,中控技术,2025-10-16 10:04:42,55.0,10500,55.0,U
sh688777,中控技术,2025-10-16 10:04:45,54.97,4040,55.0,D
sh688777,中控技术,2025-10-16 10:04:48,54.96,16828,54.97,D
sh688777,中控技术,2025-10-16 10:04:51,55.0,7230,54.96,U
sh688777,中控技术,2025-10-16 10:05:00,55.0,3661,54.99,U
sh688777,中控技术,2025-10-16 10:05:03,54.99,4439,55.0,D
sh688777,中控技术,2025-10-16 10:05:06,55.04,21793,54.99,U
sh688777,中控技术,2025-10-16 10:05:33,54.99,13044,54.99,D
sh688777,中控技术,2025-10-16 10:05:39,55.0,4178,54.96,U
sh688777,中控技术,2025-10-16 10:05:45,54.95,3780,54.97,D
sh688777,中控技术,2025-10-16 10:06:03,54.93,7480,55.0,D
sh688777,中控技术,2025-10-16 10:06:24,55.03,4250,54.93,U
sh688777,中控技术,2025-10-16 10:07:33,54.98,5842,54.99,D
sh688777,中控技术,2025-10-16 10:07:36,54.98,10400,54.98,D
sh688777,中控技术,2025-10-16 10:07:39,54.99,6692,54.98,U
sh688777,中控技术,2025-10-16 10:07:42,55.03,26056,54.99,U
sh688777,中控技术,2025-10-16 10:08:33,55.07,15643,55.05,U
sh688777,中控技术,2025-10-16 10:08:36,55.1,10999,55.07,U
sh688777,中控技术,2025-10-16 10:08:39,55.09,17116,55.1,D
sh688777,中控技术,2025-10-16 10:08:54,55.1,4820,55.14,D
sh688777,中控技术,2025-10-16 10:09:06,55.08,6137,55.1,D
sh688777,中控技术,2025-10-16 10:09:09,55.1,10800,55.08,U
sh688777,中控技术,2025-10-16 10:09:18,55.07,5238,55.1,D
sh688777,中控技术,2025-10-16 10:09:33,55.07,6633,55.11,D
sh688777,中控技术,2025-10-16 10:09:51,55.08,12485,55.1,D
sh688777,中控技术,2025-10-16 10:10:00,55.05,15815,55.1,D
sh688777,中控技术,2025-10-16 10:10:27,55.06,5647,55.05,D
sh688777,中控技术,2025-10-16 10:10:36,55.06,8504,55.06,U
sh688777,中控技术,2025-10-16 10:10:39,55.1,10207,55.06,U
sh688777,中控技术,2025-10-16 10:10:42,55.1,3763,55.1,U
sh688777,中控技术,2025-10-16 10:10:48,55.1,20666,55.07,U
sh688777,中控技术,2025-10-16 10:10:51,55.07,5949,55.1,D
sh688777,中控技术,2025-10-16 10:11:03,55.1,13782,55.1,D
sh688777,中控技术,2025-10-16 10:11:15,55.14,9666,55.14,U
sh688777,中控技术,2025-10-16 10:11:39,55.14,3648,55.14,U
sh688777,中控技术,2025-10-16 10:12:03,55.09,3994,55.08,U
sh688777,中控技术,2025-10-16 10:12:06,55.07,13679,55.09,D
sh688777,中控技术,2025-10-16 10:12:45,55.01,4131,55.02,D
sh688777,中控技术,2025-10-16 10:12:48,55.0,4748,55.01,D
sh688777,中控技术,2025-10-16 10:12:57,54.98,4211,54.99,D
sh688777,中控技术,2025-10-16 10:13:00,54.97,3833,54.98,D
sh688777,中控技术,2025-10-16 10:13:12,54.98,3921,54.98,U
sh688777,中控技术,2025-10-16 10:13:15,55.01,4071,54.98,U
sh688777,中控技术,2025-10-16 10:14:33,55.02,6227,55.07,D
sh688777,中控技术,2025-10-16 10:15:27,54.98,4926,54.98,U
sh688777,中控技术,2025-10-16 10:15:39,55.0,63999,54.99,U
sh688777,中控技术,2025-10-16 10:15:54,55.0,23834,54.93,U
sh688777,中控技术,2025-10-16 10:15:57,55.02,4509,55.0,U
sh688777,中控技术,2025-10-16 10:16:00,55.03,7699,55.02,U
sh688777,中控技术,2025-10-16 10:16:03,55.03,8952,55.03,D
sh688777,中控技术,2025-10-16 10:16:15,55.11,10677,55.1,U
sh688777,中控技术,2025-10-16 10:16:21,55.11,5600,55.14,D
sh688777,中控技术,2025-10-16 10:17:03,55.2,5203,55.17,U
sh688777,中控技术,2025-10-16 10:17:18,55.16,4489,55.18,E
sh688777,中控技术,2025-10-16 10:18:45,55.17,5950,55.18,U
sh688777,中控技术,2025-10-16 10:19:33,55.07,5700,55.11,D
sh688777,中控技术,2025-10-16 10:19:36,55.11,5966,55.07,U
sh688777,中控技术,2025-10-16 10:19:42,55.06,3832,55.07,D
sh688777,中控技术,2025-10-16 10:20:00,55.0,29603,55.05,D
sh688777,中控技术,2025-10-16 10:20:03,55.11,19684,55.0,U
sh688777,中控技术,2025-10-16 10:20:06,55.04,4466,55.11,E
sh688777,中控技术,2025-10-16 10:20:33,55.09,7940,55.09,E
sh688777,中控技术,2025-10-16 10:20:36,55.04,16826,55.09,D
sh688777,中控技术,2025-10-16 10:20:42,55.11,18483,55.04,U
sh688777,中控技术,2025-10-16 10:20:57,55.1,3747,55.11,D
sh688777,中控技术,2025-10-16 10:21:21,55.08,7966,55.09,D
sh688777,中控技术,2025-10-16 10:21:27,55.11,4380,55.07,E
sh688777,中控技术,2025-10-16 10:23:12,55.06,7277,55.06,D
sh688777,中控技术,2025-10-16 10:23:21,55.1,6200,55.1,U
sh688777,中控技术,2025-10-16 10:23:33,55.16,4822,55.11,U
sh688777,中控技术,2025-10-16 10:23:48,55.1,12374,55.16,D
sh688777,中控技术,2025-10-16 10:23:51,55.1,37626,55.1,U
sh688777,中控技术,2025-10-16 10:23:54,55.16,4018,55.1,U
sh688777,中控技术,2025-10-16 10:24:09,55.12,7400,55.12,U
sh688777,中控技术,2025-10-16 10:24:54,55.09,4453,55.12,D
sh688777,中控技术,2025-10-16 10:25:27,55.0,16177,55.07,D
sh688777,中控技术,2025-10-16 10:25:30,55.07,16736,55.0,U
sh688777,中控技术,2025-10-16 10:25:54,55.0,8875,54.96,U
sh688777,中控技术,2025-10-16 10:26:42,55.12,6111,55.09,U
sh688777,中控技术,2025-10-16 10:27:03,55.14,4260,55.14,U
sh688777,中控技术,2025-10-16 10:27:09,55.15,16116,55.12,U
sh688777,中控技术,2025-10-16 10:27:12,55.15,8128,55.15,U
sh688777,中控技术,2025-10-16 10:27:18,55.13,3973,55.15,D
sh688777,中控技术,2025-10-16 10:27:21,55.15,7531,55.13,U
sh688777,中控技术,2025-10-16 10:28:03,55.08,5768,55.1,D
sh688777,中控技术,2025-10-16 10:28:06,55.05,5117,55.08,D
sh688777,中控技术,2025-10-16 10:28:15,55.04,6000,55.11,D
sh688777,中控技术,2025-10-16 10:28:45,55.01,8451,55.04,D
sh688777,中控技术,2025-10-16 10:28:51,55.02,5767,55.05,D
sh688777,中控技术,2025-10-16 10:30:03,55.1,17337,55.07,U
sh688777,中控技术,2025-10-16 10:30:27,55.08,4612,55.08,U
sh688777,中控技术,2025-10-16 10:30:51,55.04,6320,55.05,D
sh688777,中控技术,2025-10-16 10:31:27,54.96,8380,55.0,D
sh688777,中控技术,2025-10-16 10:31:39,54.96,15322,54.96,D
sh688777,中控技术,2025-10-16 10:31:48,54.96,28195,55.0,D
sh688777,中控技术,2025-10-16 10:31:51,54.96,11200,54.96,U
sh688777,中控技术,2025-10-16 10:31:54,55.0,5171,54.96,U
sh688777,中控技术,2025-10-16 10:32:03,54.95,8299,54.95,D
sh688777,中控技术,2025-10-16 10:32:06,55.0,27567,54.95,U
sh688777,中控技术,2025-10-16 10:32:09,54.97,9772,55.0,D
sh688777,中控技术,2025-10-16 10:32:12,55.08,17075,54.97,U
sh688777,中控技术,2025-10-16 10:32:57,54.95,4889,54.95,D
sh688777,中控技术,2025-10-16 10:33:03,55.05,19603,55.0,U
sh688777,中控技术,2025-10-16 10:33:21,55.0,5739,55.03,D
sh688777,中控技术,2025-10-16 10:34:09,54.98,22597,55.01,D
sh688777,中控技术,2025-10-16 10:34:12,54.95,5691,54.98,D
sh688777,中控技术,2025-10-16 10:34:15,54.95,7596,54.95,D
sh688777,中控技术,2025-10-16 10:34:18,54.95,14870,54.95,D
sh688777,中控技术,2025-10-16 10:34:39,54.95,4227,54.96,D
sh688777,中控技术,2025-10-16 10:35:03,54.92,41743,54.98,D
sh688777,中控技术,2025-10-16 10:35:06,54.98,6743,54.92,U
sh688777,中控技术,2025-10-16 10:35:27,54.91,4172,54.91,U
sh688777,中控技术,2025-10-16 10:35:33,54.9,6171,54.91,D
sh688777,中控技术,2025-10-16 10:35:42,54.9,12623,54.92,D
sh688777,中控技术,2025-10-16 10:35:48,54.9,4228,54.97,D
sh688777,中控技术,2025-10-16 10:36:15,54.98,7842,54.94,U
sh688777,中控技术,2025-10-16 10:36:21,55.0,7900,55.0,U
sh688777,中控技术,2025-10-16 10:36:24,54.94,16000,55.0,D
sh688777,中控技术,2025-10-16 10:37:39,55.01,9129,54.96,U
sh688777,中控技术,2025-10-16 10:37:42,54.98,7966,55.01,D
sh688777,中控技术,2025-10-16 10:37:48,55.0,3804,55.02,E
sh688777,中控技术,2025-10-16 10:37:57,55.02,4654,55.04,D
sh688777,中控技术,2025-10-16 10:38:00,55.06,16566,55.02,U
sh688777,中控技术,2025-10-16 10:38:03,55.09,9304,55.06,U
sh688777,中控技术,2025-10-16 10:38:06,55.12,13411,55.09,U
sh688777,中控技术,2025-10-16 10:38:09,55.12,6506,55.12,U
sh688777,中控技术,2025-10-16 10:38:18,55.22,53448,55.14,U
sh688777,中控技术,2025-10-16 10:38:21,55.28,7004,55.22,U
sh688777,中控技术,2025-10-16 10:38:24,55.29,4362,55.28,U
sh688777,中控技术,2025-10-16 10:38:27,55.31,3802,55.29,U
sh688777,中控技术,2025-10-16 10:38:30,55.32,3833,55.31,U
sh688777,中控技术,2025-10-16 10:38:36,55.3,8669,55.32,D
sh688777,中控技术,2025-10-16 10:38:39,55.38,48410,55.3,U
sh688777,中控技术,2025-10-16 10:38:42,55.44,19855,55.38,U
sh688777,中控技术,2025-10-16 10:38:45,55.48,5107,55.44,U
sh688777,中控技术,2025-10-16 10:38:48,55.53,21722,55.48,U
sh688777,中控技术,2025-10-16 10:38:51,55.55,5233,55.53,U
sh688777,中控技术,2025-10-16 10:38:54,55.52,20536,55.55,D
sh688777,中控技术,2025-10-16 10:38:57,55.53,4369,55.52,E
sh688777,中控技术,2025-10-16 10:39:00,55.55,5603,55.53,E
sh688777,中控技术,2025-10-16 10:39:03,55.59,9515,55.55,U
sh688777,中控技术,2025-10-16 10:39:06,55.54,11600,55.59,E
sh688777,中控技术,2025-10-16 10:39:09,55.63,21568,55.54,U
sh688777,中控技术,2025-10-16 10:39:12,55.56,4913,55.63,D
sh688777,中控技术,2025-10-16 10:39:15,55.53,12029,55.56,D
sh688777,中控技术,2025-10-16 10:39:21,55.47,26153,55.57,D
sh688777,中控技术,2025-10-16 10:39:24,55.57,6122,55.47,U
sh688777,中控技术,2025-10-16 10:39:30,55.59,3831,55.58,U
sh688777,中控技术,2025-10-16 10:39:36,55.47,4769,55.5,D
sh688777,中控技术,2025-10-16 10:39:39,55.5,4926,55.47,U
sh688777,中控技术,2025-10-16 10:39:45,55.55,7175,55.56,D
sh688777,中控技术,2025-10-16 10:39:48,55.59,8757,55.55,U
sh688777,中控技术,2025-10-16 10:39:51,55.53,10313,55.59,D
sh688777,中控技术,2025-10-16 10:39:54,55.61,8300,55.53,U
sh688777,中控技术,2025-10-16 10:40:00,55.55,11859,55.58,D
sh688777,中控技术,2025-10-16 10:40:03,55.63,8607,55.55,U
sh688777,中控技术,2025-10-16 10:40:06,55.79,90820,55.63,U
sh688777,中控技术,2025-10-16 10:40:09,55.84,20868,55.79,U
sh688777,中控技术,2025-10-16 10:40:12,55.86,11660,55.84,U
sh688777,中控技术,2025-10-16 10:40:15,55.9,5065,55.86,U
sh688777,中控技术,2025-10-16 10:40:18,55.96,7626,55.9,U
sh688777,中控技术,2025-10-16 10:40:21,55.86,4184,55.96,D
sh688777,中控技术,2025-10-16 10:40:24,55.99,29043,55.86,U
sh688777,中控技术,2025-10-16 10:40:27,55.97,11033,55.99,U
sh688777,中控技术,2025-10-16 10:40:30,55.98,23988,55.97,E
sh688777,中控技术,2025-10-16 10:40:33,55.99,11525,55.98,U
sh688777,中控技术,2025-10-16 10:40:36,55.99,34552,55.99,D
sh688777,中控技术,2025-10-16 10:40:39,55.95,31281,55.99,D
sh688777,中控技术,2025-10-16 10:40:42,55.9,20619,55.95,D
sh688777,中控技术,2025-10-16 10:40:45,55.9,8006,55.9,U
sh688777,中控技术,2025-10-16 10:40:48,55.86,8417,55.9,D
sh688777,中控技术,2025-10-16 10:40:51,55.85,10654,55.86,D
sh688777,中控技术,2025-10-16 10:40:54,55.86,15737,55.85,U
sh688777,中控技术,2025-10-16 10:40:57,55.85,21554,55.86,D
sh688777,中控技术,2025-10-16 10:41:00,55.91,22600,55.85,U
sh688777,中控技术,2025-10-16 10:41:03,55.99,5414,55.91,U
sh688777,中控技术,2025-10-16 10:41:06,56.03,50772,55.99,U
sh688777,中控技术,2025-10-16 10:41:09,56.07,49247,56.03,U
sh688777,中控技术,2025-10-16 10:41:12,56.09,13262,56.07,E
sh688777,中控技术,2025-10-16 10:41:15,56.14,5766,56.09,E
sh688777,中控技术,2025-10-16 10:41:18,56.2,35620,56.14,U
sh688777,中控技术,2025-10-16 10:41:21,56.14,19095,56.2,E
sh688777,中控技术,2025-10-16 10:41:24,56.18,8982,56.14,U
sh688777,中控技术,2025-10-16 10:41:27,56.14,25279,56.18,D
sh688777,中控技术,2025-10-16 10:41:30,56.15,16565,56.14,U
sh688777,中控技术,2025-10-16 10:41:33,56.1,9940,56.15,E
sh688777,中控技术,2025-10-16 10:41:36,56.1,6607,56.1,U
sh688777,中控技术,2025-10-16 10:41:39,56.1,12707,56.1,D
sh688777,中控技术,2025-10-16 10:41:42,56.1,17809,56.1,D
sh688777,中控技术,2025-10-16 10:41:45,56.16,13288,56.1,U
sh688777,中控技术,2025-10-16 10:41:48,56.18,16895,56.16,U
sh688777,中控技术,2025-10-16 10:41:51,56.18,5828,56.18,U
sh688777,中控技术,2025-10-16 10:41:54,56.1,23012,56.18,D
sh688777,中控技术,2025-10-16 10:41:57,56.04,24810,56.1,D
sh688777,中控技术,2025-10-16 10:42:00,55.92,30253,56.04,D
sh688777,中控技术,2025-10-16 10:42:03,55.89,16818,55.92,E
sh688777,中控技术,2025-10-16 10:42:06,55.88,13227,55.89,D
sh688777,中控技术,2025-10-16 10:42:09,55.89,13145,55.88,E
sh688777,中控技术,2025-10-16 10:42:12,55.88,12955,55.89,E
sh688777,中控技术,2025-10-16 10:42:15,55.89,7804,55.88,U
sh688777,中控技术,2025-10-16 10:42:18,55.84,17994,55.89,E
sh688777,中控技术,2025-10-16 10:42:21,55.84,11926,55.84,D
sh688777,中控技术,2025-10-16 10:42:24,55.87,16399,55.84,E
sh688777,中控技术,2025-10-16 10:42:27,55.86,10123,55.87,E
sh688777,中控技术,2025-10-16 10:42:33,55.83,19465,55.84,U
sh688777,中控技术,2025-10-16 10:42:36,55.8,26186,55.83,D
sh688777,中控技术,2025-10-16 10:42:39,55.87,15220,55.8,U
sh688777,中控技术,2025-10-16 10:42:42,55.81,3906,55.87,E
sh688777,中控技术,2025-10-16 10:42:45,55.87,4602,55.81,U
sh688777,中控技术,2025-10-16 10:42:48,55.87,8081,55.87,D
sh688777,中控技术,2025-10-16 10:42:54,56.0,5204,55.97,U
sh688777,中控技术,2025-10-16 10:42:57,56.03,5554,56.0,U
sh688777,中控技术,2025-10-16 10:43:06,56.06,15559,56.07,E
sh688777,中控技术,2025-10-16 10:43:09,56.04,30319,56.06,D
sh688777,中控技术,2025-10-16 10:43:12,56.0,30419,56.04,D
sh688777,中控技术,2025-10-16 10:43:15,56.0,9519,56.0,U
sh688777,中控技术,2025-10-16 10:43:18,56.0,7499,56.0,U
sh688777,中控技术,2025-10-16 10:43:21,55.99,7207,56.0,D
sh688777,中控技术,2025-10-16 10:43:24,56.0,27701,55.99,U
sh688777,中控技术,2025-10-16 10:43:27,56.04,6532,56.0,U
sh688777,中控技术,2025-10-16 10:43:30,56.04,4031,56.04,U
sh688777,中控技术,2025-10-16 10:43:36,56.01,4112,56.04,D
sh688777,中控技术,2025-10-16 10:43:39,56.01,6453,56.01,U
sh688777,中控技术,2025-10-16 10:43:42,55.98,37044,56.01,D
sh688777,中控技术,2025-10-16 10:43:45,56.01,6675,55.98,U
sh688777,中控技术,2025-10-16 10:43:51,56.01,7530,55.99,U
sh688777,中控技术,2025-10-16 10:43:54,56.0,13945,56.01,E
sh688777,中控技术,2025-10-16 10:43:57,55.98,6450,56.0,D
sh688777,中控技术,2025-10-16 10:44:00,56.01,9851,55.98,U
sh688777,中控技术,2025-10-16 10:44:06,55.98,5600,55.98,D
sh688777,中控技术,2025-10-16 10:44:12,56.0,11355,56.0,D
sh688777,中控技术,2025-10-16 10:44:27,56.02,20816,56.0,U
sh688777,中控技术,2025-10-16 10:44:30,56.0,5495,56.02,U
sh688777,中控技术,2025-10-16 10:44:36,56.01,9194,56.0,U
sh688777,中控技术,2025-10-16 10:44:45,56.06,19984,56.03,U
sh688777,中控技术,2025-10-16 10:44:48,56.09,6149,56.06,U
sh688777,中控技术,2025-10-16 10:44:51,56.16,40586,56.09,U
sh688777,中控技术,2025-10-16 10:44:54,56.17,7622,56.16,U
sh688777,中控技术,2025-10-16 10:44:57,56.19,23932,56.17,U
sh688777,中控技术,2025-10-16 10:45:00,56.24,15910,56.19,U
sh688777,中控技术,2025-10-16 10:45:03,56.19,7429,56.24,D
sh688777,中控技术,2025-10-16 10:45:06,56.25,13736,56.19,E
sh688777,中控技术,2025-10-16 10:45:09,56.26,12318,56.25,U
sh688777,中控技术,2025-10-16 10:45:12,56.23,5098,56.26,E
sh688777,中控技术,2025-10-16 10:45:15,56.19,13627,56.23,D
sh688777,中控技术,2025-10-16 10:45:18,56.18,30356,56.19,E
sh688777,中控技术,2025-10-16 10:45:21,56.11,14979,56.18,E
sh688777,中控技术,2025-10-16 10:45:24,56.1,13082,56.11,D
sh688777,中控技术,2025-10-16 10:45:45,56.1,9976,56.1,U
sh688777,中控技术,2025-10-16 10:45:51,56.1,19664,56.09,U
sh688777,中控技术,2025-10-16 10:45:54,56.05,15112,56.1,D
sh688777,中控技术,2025-10-16 10:46:06,56.09,4939,56.07,U
sh688777,中控技术,2025-10-16 10:46:09,56.07,8824,56.09,E
sh688777,中控技术,2025-10-16 10:46:15,56.05,5885,56.07,D
sh688777,中控技术,2025-10-16 10:46:21,56.06,9015,56.05,E
sh688777,中控技术,2025-10-16 10:46:24,56.07,8190,56.06,U
sh688777,中控技术,2025-10-16 10:46:27,56.05,12450,56.07,D
sh688777,中控技术,2025-10-16 10:46:39,56.04,8652,56.05,D
sh688777,中控技术,2025-10-16 10:46:42,56.04,4010,56.04,U
sh688777,中控技术,2025-10-16 10:46:45,56.03,8700,56.04,D
sh688777,中控技术,2025-10-16 10:46:54,56.02,5642,56.03,D
sh688777,中控技术,2025-10-16 10:47:00,56.0,18879,56.03,D
sh688777,中控技术,2025-10-16 10:47:09,56.05,8103,55.99,U
sh688777,中控技术,2025-10-16 10:47:12,56.05,4365,56.05,D
sh688777,中控技术,2025-10-16 10:47:30,56.01,3632,56.02,D
sh688777,中控技术,2025-10-16 10:47:39,56.02,5534,56.02,D
sh688777,中控技术,2025-10-16 10:47:54,56.01,3665,56.01,E
sh688777,中控技术,2025-10-16 10:47:57,56.0,8321,56.01,D
sh688777,中控技术,2025-10-16 10:48:06,55.99,4881,55.99,D
sh688777,中控技术,2025-10-16 10:48:27,55.98,4082,55.97,U
sh688777,中控技术,2025-10-16 10:48:36,55.95,8542,55.95,U
sh688777,中控技术,2025-10-16 10:49:03,56.02,11671,56.01,U
sh688777,中控技术,2025-10-16 10:49:15,56.01,4362,55.96,U
sh688777,中控技术,2025-10-16 10:49:37,56.01,4233,55.97,U
sh688777,中控技术,2025-10-16 10:49:51,56.02,7112,56.01,U
sh688777,中控技术,2025-10-16 10:50:15,55.97,15000,56.01,D
sh688777,中控技术,2025-10-16 10:50:18,56.0,4817,55.97,U
sh688777,中控技术,2025-10-16 10:50:27,56.03,4438,56.01,U
sh688777,中控技术,2025-10-16 10:51:00,55.95,7100,55.97,D
sh688777,中控技术,2025-10-16 10:51:30,55.88,5964,55.88,D
sh688777,中控技术,2025-10-16 10:51:33,55.9,4321,55.88,U
sh688777,中控技术,2025-10-16 10:51:36,55.94,10332,55.9,U
sh688777,中控技术,2025-10-16 10:52:24,55.94,3642,55.95,D
sh688777,中控技术,2025-10-16 10:52:27,56.0,3819,55.94,U
sh688777,中控技术,2025-10-16 10:53:06,55.86,30306,55.91,D
sh688777,中控技术,2025-10-16 10:53:18,55.83,4056,55.81,U
sh688777,中控技术,2025-10-16 10:53:30,55.89,4000,55.83,E
sh688777,中控技术,2025-10-16 10:53:51,55.83,12070,55.81,D
sh688777,中控技术,2025-10-16 10:54:27,55.9,4900,55.9,U
sh688777,中控技术,2025-10-16 10:54:30,55.91,5370,55.9,U
sh688777,中控技术,2025-10-16 10:54:54,55.99,5652,55.98,U
sh688777,中控技术,2025-10-16 10:55:48,55.95,5446,55.98,D
sh688777,中控技术,2025-10-16 10:56:03,55.94,4600,55.96,D
sh688777,中控技术,2025-10-16 10:56:09,55.94,16182,55.94,U
sh688777,中控技术,2025-10-16 10:56:12,55.98,6577,55.94,U
sh688777,中控技术,2025-10-16 10:56:18,55.99,4382,55.98,U
sh688777,中控技术,2025-10-16 10:57:00,55.92,3800,55.92,U
sh688777,中控技术,2025-10-16 10:57:45,55.88,7898,55.89,D
sh688777,中控技术,2025-10-16 10:59:21,55.81,9603,55.79,U
sh688777,中控技术,2025-10-16 10:59:54,55.81,22031,55.8,U
sh688777,中控技术,2025-10-16 11:00:15,55.87,5537,55.87,U
sh688777,中控技术,2025-10-16 11:00:27,55.88,4041,55.88,U
sh688777,中控技术,2025-10-16 11:00:36,55.84,6103,55.84,U
sh688777,中控技术,2025-10-16 11:00:39,55.82,8476,55.84,D
sh688777,中控技术,2025-10-16 11:01:09,55.82,4128,55.84,D
sh688777,中控技术,2025-10-16 11:01:36,55.82,3651,55.83,D
sh688777,中控技术,2025-10-16 11:01:51,55.84,5349,55.82,U
sh688777,中控技术,2025-10-16 11:02:06,55.81,5947,55.82,D
sh688777,中控技术,2025-10-16 11:02:15,55.81,7215,55.81,U
sh688777,中控技术,2025-10-16 11:02:21,55.79,5600,55.81,D
sh688777,中控技术,2025-10-16 11:02:42,55.81,4047,55.81,U
sh688777,中控技术,2025-10-16 11:02:57,55.82,6553,55.81,U
sh688777,中控技术,2025-10-16 11:03:03,55.81,6000,55.86,D
sh688777,中控技术,2025-10-16 11:03:09,55.86,5579,55.82,U
sh688777,中控技术,2025-10-16 11:03:39,55.8,4599,55.82,D
sh688777,中控技术,2025-10-16 11:03:42,55.8,7367,55.8,D
sh688777,中控技术,2025-10-16 11:03:45,55.79,5223,55.8,D
sh688777,中控技术,2025-10-16 11:04:12,55.78,6900,55.8,D
sh688777,中控技术,2025-10-16 11:04:18,55.78,6882,55.83,D
sh688777,中控技术,2025-10-16 11:04:27,55.78,4300,55.77,U
sh688777,中控技术,2025-10-16 11:04:30,55.77,4250,55.78,D
sh688777,中控技术,2025-10-16 11:04:36,55.77,5200,55.77,U
sh688777,中控技术,2025-10-16 11:04:57,55.77,6000,55.77,U
sh688777,中控技术,2025-10-16 11:05:12,55.77,12889,55.77,D
sh688777,中控技术,2025-10-16 11:05:42,55.84,8117,55.8,U
sh688777,中控技术,2025-10-16 11:05:45,55.84,6574,55.84,D
sh688777,中控技术,2025-10-16 11:06:00,55.89,24783,55.85,U
sh688777,中控技术,2025-10-16 11:06:03,55.95,9325,55.89,U
sh688777,中控技术,2025-10-16 11:06:24,55.96,6167,55.98,E
sh688777,中控技术,2025-10-16 11:06:42,55.99,5037,55.99,U
sh688777,中控技术,2025-10-16 11:06:51,56.0,6488,55.99,U
sh688777,中控技术,2025-10-16 11:06:54,55.95,31367,56.0,D
sh688777,中控技术,2025-10-16 11:06:57,55.98,4910,55.95,U
sh688777,中控技术,2025-10-16 11:07:18,55.97,12346,55.95,U
sh688777,中控技术,2025-10-16 11:07:30,55.96,6736,55.96,U
sh688777,中控技术,2025-10-16 11:08:12,55.87,5100,55.88,D
sh688777,中控技术,2025-10-16 11:08:33,55.8,5702,55.81,D
sh688777,中控技术,2025-10-16 11:08:45,55.81,5000,55.84,D
sh688777,中控技术,2025-10-16 11:09:33,55.8,7496,55.8,U
sh688777,中控技术,2025-10-16 11:09:42,55.77,6169,55.8,D
sh688777,中控技术,2025-10-16 11:09:48,55.75,5399,55.77,D
sh688777,中控技术,2025-10-16 11:09:51,55.74,3767,55.75,D
sh688777,中控技术,2025-10-16 11:11:12,55.75,9300,55.77,D
sh688777,中控技术,2025-10-16 11:11:15,55.79,5473,55.75,U
sh688777,中控技术,2025-10-16 11:11:18,55.79,5844,55.79,U
sh688777,中控技术,2025-10-16 11:11:39,55.8,5305,55.8,U
sh688777,中控技术,2025-10-16 11:12:15,55.8,5828,55.79,U
sh688777,中控技术,2025-10-16 11:13:06,55.8,7331,55.79,U
sh688777,中控技术,2025-10-16 11:13:33,55.81,5172,55.81,U
sh688777,中控技术,2025-10-16 11:15:06,55.8,5536,55.81,D
sh688777,中控技术,2025-10-16 11:15:30,55.81,9413,55.79,U
sh688777,中控技术,2025-10-16 11:16:03,55.72,7260,55.73,D
sh688777,中控技术,2025-10-16 11:16:06,55.69,10402,55.72,D
sh688777,中控技术,2025-10-16 11:16:09,55.62,4281,55.69,D
sh688777,中控技术,2025-10-16 11:16:48,55.69,5512,55.69,U
sh688777,中控技术,2025-10-16 11:16:54,55.7,6500,55.69,U
sh688777,中控技术,2025-10-16 11:17:39,55.6,6721,55.69,D
sh688777,中控技术,2025-10-16 11:17:42,55.69,11812,55.6,U
sh688777,中控技术,2025-10-16 11:17:45,55.56,8546,55.69,D
sh688777,中控技术,2025-10-16 11:18:03,55.6,5600,55.6,D
sh688777,中控技术,2025-10-16 11:18:12,55.58,4000,55.66,D
sh688777,中控技术,2025-10-16 11:18:21,55.66,3961,55.66,U
sh688777,中控技术,2025-10-16 11:19:54,55.58,4000,55.59,D
sh688777,中控技术,2025-10-16 11:20:00,55.58,4800,55.63,D
sh688777,中控技术,2025-10-16 11:20:18,55.58,5700,55.63,D
sh688777,中控技术,2025-10-16 11:20:36,55.5,68066,55.59,D
sh688777,中控技术,2025-10-16 11:20:39,55.56,4361,55.5,U
sh688777,中控技术,2025-10-16 11:20:42,55.58,3970,55.56,U
sh688777,中控技术,2025-10-16 11:21:27,55.5,16667,55.56,D
sh688777,中控技术,2025-10-16 11:21:36,55.5,28233,55.5,U
sh688777,中控技术,2025-10-16 11:21:45,55.59,6235,55.52,U
sh688777,中控技术,2025-10-16 11:21:51,55.59,6816,55.59,D
sh688777,中控技术,2025-10-16 11:21:54,55.58,5488,55.59,D
sh688777,中控技术,2025-10-16 11:23:33,55.73,6718,55.73,U
sh688777,中控技术,2025-10-16 11:24:03,55.61,19188,55.67,D
sh688777,中控技术,2025-10-16 11:24:06,55.52,4799,55.61,D
sh688777,中控技术,2025-10-16 11:24:21,55.5,4821,55.52,D
sh688777,中控技术,2025-10-16 11:24:30,55.51,5683,55.58,D
sh688777,中控技术,2025-10-16 11:24:33,55.58,4368,55.51,U
sh688777,中控技术,2025-10-16 11:24:42,55.57,11249,55.53,E
sh688777,中控技术,2025-10-16 11:24:57,55.55,5845,55.54,U
sh688777,中控技术,2025-10-16 11:25:00,55.55,4819,55.55,U
sh688777,中控技术,2025-10-16 11:25:06,55.54,16459,55.64,D
sh688777,中控技术,2025-10-16 11:25:36,55.53,5784,55.61,D
sh688777,中控技术,2025-10-16 11:26:45,55.5,21287,55.52,D
sh688777,中控技术,2025-10-16 11:27:06,55.52,3969,55.5,U
sh688777,中控技术,2025-10-16 11:27:45,55.55,20715,55.5,U
sh688777,中控技术,2025-10-16 11:28:12,55.52,6329,55.52,D
sh688777,中控技术,2025-10-16 11:28:36,55.49,8612,55.49,D
sh688777,中控技术,2025-10-16 11:28:39,55.51,8323,55.49,U
sh688777,中控技术,2025-10-16 11:29:03,55.48,4550,55.48,D
sh688777,中控技术,2025-10-16 11:29:24,55.46,12453,55.43,U
sh688777,中控技术,2025-10-16 13:00:09,55.45,5955,55.42,U
sh688777,中控技术,2025-10-16 13:00:12,55.42,8802,55.45,D
sh688777,中控技术,2025-10-16 13:00:15,55.39,8435,55.42,D
sh688777,中控技术,2025-10-16 13:00:39,55.33,8899,55.38,D
sh688777,中控技术,2025-10-16 13:00:54,55.32,4099,55.32,D
sh688777,中控技术,2025-10-16 13:01:00,55.31,14769,55.32,D
sh688777,中控技术,2025-10-16 13:01:06,55.32,6861,55.32,U
sh688777,中控技术,2025-10-16 13:01:51,55.31,9923,55.33,D
sh688777,中控技术,2025-10-16 13:01:54,55.34,5102,55.31,U
sh688777,中控技术,2025-10-16 13:02:12,55.34,3800,55.37,D
sh688777,中控技术,2025-10-16 13:02:21,55.39,4800,55.39,U
sh688777,中控技术,2025-10-16 13:02:45,55.39,6031,55.41,D
sh688777,中控技术,2025-10-16 13:03:06,55.38,3741,55.38,U
sh688777,中控技术,2025-10-16 13:03:24,55.38,5095,55.41,D
sh688777,中控技术,2025-10-16 13:04:03,55.34,20016,55.4,D
sh688777,中控技术,2025-10-16 13:04:06,55.33,16509,55.34,D
sh688777,中控技术,2025-10-16 13:04:15,55.36,10900,55.31,U
sh688777,中控技术,2025-10-16 13:04:36,55.27,5984,55.29,D
sh688777,中控技术,2025-10-16 13:04:54,55.24,5316,55.22,E
sh688777,中控技术,2025-10-16 13:05:03,55.17,7326,55.24,D
sh688777,中控技术,2025-10-16 13:05:09,55.15,6201,55.15,D
sh688777,中控技术,2025-10-16 13:05:12,55.15,4320,55.15,D
sh688777,中控技术,2025-10-16 13:05:39,55.13,10405,55.16,D
sh688777,中控技术,2025-10-16 13:05:54,55.14,6490,55.19,D
sh688777,中控技术,2025-10-16 13:06:30,55.19,3771,55.17,U
sh688777,中控技术,2025-10-16 13:06:33,55.16,6059,55.19,D
sh688777,中控技术,2025-10-16 13:06:42,55.17,4457,55.18,D
sh688777,中控技术,2025-10-16 13:06:45,55.17,8619,55.17,U
sh688777,中控技术,2025-10-16 13:07:06,55.15,17867,55.24,D
sh688777,中控技术,2025-10-16 13:07:15,55.15,3793,55.18,D
sh688777,中控技术,2025-10-16 13:07:27,55.15,5600,55.19,D
sh688777,中控技术,2025-10-16 13:07:33,55.16,7800,55.22,D
sh688777,中控技术,2025-10-16 13:07:51,55.17,4400,55.16,U
sh688777,中控技术,2025-10-16 13:07:57,55.15,6328,55.17,D
sh688777,中控技术,2025-10-16 13:08:36,55.18,6987,55.16,U
sh688777,中控技术,2025-10-16 13:08:48,55.14,3800,55.16,D
sh688777,中控技术,2025-10-16 13:08:57,55.12,15887,55.17,D
sh688777,中控技术,2025-10-16 13:09:06,55.14,3900,55.14,U
sh688777,中控技术,2025-10-16 13:09:09,55.12,5097,55.14,E
sh688777,中控技术,2025-10-16 13:09:15,55.1,10051,55.12,D
sh688777,中控技术,2025-10-16 13:09:33,54.9,104144,55.11,D
sh688777,中控技术,2025-10-16 13:09:36,55.12,24593,54.9,U
sh688777,中控技术,2025-10-16 13:09:39,55.21,3687,55.12,U
sh688777,中控技术,2025-10-16 13:10:06,55.2,8327,55.18,E
sh688777,中控技术,2025-10-16 13:10:18,55.12,19859,55.2,D
sh688777,中控技术,2025-10-16 13:10:57,55.14,7744,55.15,D
sh688777,中控技术,2025-10-16 13:11:48,55.16,8563,55.16,U
sh688777,中控技术,2025-10-16 13:11:51,55.15,5205,55.16,D
sh688777,中控技术,2025-10-16 13:12:21,55.1,9776,55.15,D
sh688777,中控技术,2025-10-16 13:12:27,55.1,8855,55.1,U
sh688777,中控技术,2025-10-16 13:12:39,55.1,4031,55.11,D
sh688777,中控技术,2025-10-16 13:12:45,55.11,6206,55.1,U
sh688777,中控技术,2025-10-16 13:12:51,55.03,4500,55.14,D
sh688777,中控技术,2025-10-16 13:12:54,55.14,5032,55.03,U
sh688777,中控技术,2025-10-16 13:13:00,55.08,5600,55.14,D
sh688777,中控技术,2025-10-16 13:13:39,55.05,5200,55.11,D
sh688777,中控技术,2025-10-16 13:13:42,55.05,6073,55.05,D
sh688777,中控技术,2025-10-16 13:13:48,55.1,3670,55.09,U
sh688777,中控技术,2025-10-16 13:13:57,55.07,5607,55.1,D
sh688777,中控技术,2025-10-16 13:14:03,55.04,4500,55.03,E
sh688777,中控技术,2025-10-16 13:14:06,55.03,13057,55.04,D
sh688777,中控技术,2025-10-16 13:14:09,55.1,3824,55.03,U
sh688777,中控技术,2025-10-16 13:14:54,55.05,6152,55.07,D
sh688777,中控技术,2025-10-16 13:15:06,55.12,29067,55.05,U
sh688777,中控技术,2025-10-16 13:16:21,55.08,4262,55.05,U
sh688777,中控技术,2025-10-16 13:16:30,55.09,9001,55.08,U
sh688777,中控技术,2025-10-16 13:16:57,55.07,10900,55.06,U
sh688777,中控技术,2025-10-16 13:17:15,55.07,4548,55.07,U
sh688777,中控技术,2025-10-16 13:17:21,55.04,6000,55.05,D
sh688777,中控技术,2025-10-16 13:17:45,55.05,3853,55.05,U
sh688777,中控技术,2025-10-16 13:17:48,55.03,3900,55.05,D
sh688777,中控技术,2025-10-16 13:18:03,55.01,16466,55.04,D
sh688777,中控技术,2025-10-16 13:18:06,55.01,4522,55.01,D
sh688777,中控技术,2025-10-16 13:18:09,55.0,16403,55.01,D
sh688777,中控技术,2025-10-16 13:18:15,55.0,4175,55.0,U
sh688777,中控技术,2025-10-16 13:18:27,54.96,6309,54.96,U
sh688777,中控技术,2025-10-16 13:18:36,54.99,6642,54.95,U
sh688777,中控技术,2025-10-16 13:19:00,54.98,3759,54.97,U
sh688777,中控技术,2025-10-16 13:19:03,54.98,5146,54.98,U
sh688777,中控技术,2025-10-16 13:19:06,55.03,12989,54.98,U
sh688777,中控技术,2025-10-16 13:19:24,55.04,8777,54.99,D
sh688777,中控技术,2025-10-16 13:20:03,55.03,3918,55.07,D
sh688777,中控技术,2025-10-16 13:20:06,55.02,4496,55.03,D
sh688777,中控技术,2025-10-16 13:20:09,55.01,8196,55.02,D
sh688777,中控技术,2025-10-16 13:20:12,55.0,8911,55.01,D
sh688777,中控技术,2025-10-16 13:20:42,55.07,10202,55.03,U
sh688777,中控技术,2025-10-16 13:20:57,55.03,5208,55.03,D
sh688777,中控技术,2025-10-16 13:21:48,55.08,5153,55.07,U
sh688777,中控技术,2025-10-16 13:21:54,55.11,5747,55.08,U
sh688777,中控技术,2025-10-16 13:22:27,55.1,4929,55.11,D
sh688777,中控技术,2025-10-16 13:22:57,55.05,10153,55.08,D
sh688777,中控技术,2025-10-16 13:23:00,55.04,3719,55.05,D
sh688777,中控技术,2025-10-16 13:23:03,55.03,4085,55.04,D
sh688777,中控技术,2025-10-16 13:23:15,55.0,21100,55.04,D
sh688777,中控技术,2025-10-16 13:23:18,55.0,9833,55.0,D
sh688777,中控技术,2025-10-16 13:23:30,54.98,10830,55.0,D
sh688777,中控技术,2025-10-16 13:24:24,54.94,4500,54.92,U
sh688777,中控技术,2025-10-16 13:24:33,54.93,3800,54.97,D
sh688777,中控技术,2025-10-16 13:24:57,54.92,4200,54.95,D
sh688777,中控技术,2025-10-16 13:25:03,55.05,22229,54.95,U
sh688777,中控技术,2025-10-16 13:25:06,54.98,5716,55.05,D
sh688777,中控技术,2025-10-16 13:25:09,55.05,5211,54.98,U
sh688777,中控技术,2025-10-16 13:25:30,55.08,17103,55.01,U
sh688777,中控技术,2025-10-16 13:25:36,55.07,6016,55.01,U
sh688777,中控技术,2025-10-16 13:25:57,55.02,5000,55.01,E
sh688777,中控技术,2025-10-16 13:26:00,55.01,9314,55.02,D
sh688777,中控技术,2025-10-16 13:26:03,54.99,6291,55.01,D
sh688777,中控技术,2025-10-16 13:26:06,55.01,21143,54.99,U
sh688777,中控技术,2025-10-16 13:26:15,54.96,10250,55.0,D
sh688777,中控技术,2025-10-16 13:26:48,54.96,5000,54.97,D
sh688777,中控技术,2025-10-16 13:26:54,55.0,10736,54.97,U
sh688777,中控技术,2025-10-16 13:27:03,54.91,15793,55.0,D
sh688777,中控技术,2025-10-16 13:27:18,55.05,5747,55.05,U
sh688777,中控技术,2025-10-16 13:27:33,55.01,6000,55.01,D
sh688777,中控技术,2025-10-16 13:27:42,55.01,5900,55.0,U
sh688777,中控技术,2025-10-16 13:27:54,55.05,10788,55.01,U
sh688777,中控技术,2025-10-16 13:28:24,55.08,7730,55.05,U
sh688777,中控技术,2025-10-16 13:28:48,55.05,7600,55.05,E
sh688777,中控技术,2025-10-16 13:29:09,55.05,6307,55.05,U
sh688777,中控技术,2025-10-16 13:29:30,55.03,10088,55.07,D
sh688777,中控技术,2025-10-16 13:29:39,55.0,5000,55.03,D
sh688777,中控技术,2025-10-16 13:30:03,54.96,8220,55.01,D
sh688777,中控技术,2025-10-16 13:30:27,54.91,11701,54.93,D
sh688777,中控技术,2025-10-16 13:30:39,54.9,11148,54.91,D
sh688777,中控技术,2025-10-16 13:30:48,54.89,55800,54.95,D
sh688777,中控技术,2025-10-16 13:30:51,54.89,4513,54.89,D
sh688777,中控技术,2025-10-16 13:30:54,54.88,5500,54.89,D
sh688777,中控技术,2025-10-16 13:30:57,54.88,10280,54.88,D
sh688777,中控技术,2025-10-16 13:31:00,54.88,8807,54.88,D
sh688777,中控技术,2025-10-16 13:31:03,54.88,19669,54.88,D
sh688777,中控技术,2025-10-16 13:31:06,54.88,21060,54.88,D
sh688777,中控技术,2025-10-16 13:31:15,54.86,7222,54.88,D
sh688777,中控技术,2025-10-16 13:31:30,54.86,20000,54.9,D
sh688777,中控技术,2025-10-16 13:31:48,54.89,5200,54.9,D
sh688777,中控技术,2025-10-16 13:32:36,54.98,13336,54.98,U
sh688777,中控技术,2025-10-16 13:32:39,54.96,5654,54.98,D
sh688777,中控技术,2025-10-16 13:33:18,54.9,20364,54.95,D
sh688777,中控技术,2025-10-16 13:34:12,54.98,7590,54.97,U
sh688777,中控技术,2025-10-16 13:34:18,54.99,5515,54.98,U
sh688777,中控技术,2025-10-16 13:34:42,54.97,4033,54.97,D
sh688777,中控技术,2025-10-16 13:35:15,55.0,4134,54.99,U
sh688777,中控技术,2025-10-16 13:35:21,55.01,5884,55.0,U
sh688777,中控技术,2025-10-16 13:35:24,55.02,3745,55.01,U
sh688777,中控技术,2025-10-16 13:35:36,55.07,4000,55.05,U
sh688777,中控技术,2025-10-16 13:35:48,55.1,3900,55.05,U
sh688777,中控技术,2025-10-16 13:36:03,55.1,8533,55.09,U
sh688777,中控技术,2025-10-16 13:36:12,55.05,4427,55.04,U
sh688777,中控技术,2025-10-16 13:36:21,55.01,4831,55.01,D
sh688777,中控技术,2025-10-16 13:36:24,55.01,9302,55.01,D
sh688777,中控技术,2025-10-16 13:36:48,54.99,5257,54.98,D
sh688777,中控技术,2025-10-16 13:37:00,54.97,7095,55.0,D
sh688777,中控技术,2025-10-16 13:37:39,54.98,6600,54.98,D
sh688777,中控技术,2025-10-16 13:37:48,55.01,6775,54.98,U
sh688777,中控技术,2025-10-16 13:38:00,54.98,4122,54.97,U
sh688777,中控技术,2025-10-16 13:38:03,54.96,8947,54.98,D
sh688777,中控技术,2025-10-16 13:38:06,54.95,13140,54.96,D
sh688777,中控技术,2025-10-16 13:38:57,54.93,6645,54.93,D
sh688777,中控技术,2025-10-16 13:39:03,54.9,5869,54.93,D
sh688777,中控技术,2025-10-16 13:39:06,54.9,7692,54.9,D
sh688777,中控技术,2025-10-16 13:39:33,54.88,7002,54.91,D
sh688777,中控技术,2025-10-16 13:40:03,54.9,10177,54.89,D
sh688777,中控技术,2025-10-16 13:40:09,54.96,10122,54.88,U
sh688777,中控技术,2025-10-16 13:41:48,54.93,5927,54.94,D
sh688777,中控技术,2025-10-16 13:42:36,54.94,4400,54.9,U
sh688777,中控技术,2025-10-16 13:42:39,54.89,5596,54.94,D
sh688777,中控技术,2025-10-16 13:43:00,54.89,5000,54.93,D
sh688777,中控技术,2025-10-16 13:44:06,54.91,9518,54.92,D
sh688777,中控技术,2025-10-16 13:44:09,54.9,6540,54.91,D
sh688777,中控技术,2025-10-16 13:44:12,54.91,11000,54.9,U
sh688777,中控技术,2025-10-16 13:44:21,54.9,4561,54.91,D
sh688777,中控技术,2025-10-16 13:44:24,54.94,7227,54.9,U
sh688777,中控技术,2025-10-16 13:44:54,54.9,4727,54.94,D
sh688777,中控技术,2025-10-16 13:45:18,54.88,18200,54.91,D
sh688777,中控技术,2025-10-16 13:45:42,54.89,9506,54.91,D
sh688777,中控技术,2025-10-16 13:46:00,54.88,10039,54.88,D
sh688777,中控技术,2025-10-16 13:46:45,54.89,4546,54.88,U
sh688777,中控技术,2025-10-16 13:46:51,54.86,4015,54.88,D
sh688777,中控技术,2025-10-16 13:47:00,54.88,10521,54.86,U
sh688777,中控技术,2025-10-16 13:47:03,54.88,4222,54.88,U
sh688777,中控技术,2025-10-16 13:47:06,54.9,8960,54.88,U
sh688777,中控技术,2025-10-16 13:48:12,54.88,15750,54.94,D
sh688777,中控技术,2025-10-16 13:48:30,54.9,5865,54.9,D
sh688777,中控技术,2025-10-16 13:48:39,54.88,20000,54.92,D
sh688777,中控技术,2025-10-16 13:49:00,54.91,7562,54.92,E
sh688777,中控技术,2025-10-16 13:49:21,54.87,5000,54.9,D
sh688777,中控技术,2025-10-16 13:50:06,54.88,13600,54.89,D
sh688777,中控技术,2025-10-16 13:50:09,54.87,6046,54.88,D
sh688777,中控技术,2025-10-16 13:50:24,54.87,5018,54.87,D
sh688777,中控技术,2025-10-16 13:50:39,54.86,10285,54.87,D
sh688777,中控技术,2025-10-16 13:50:45,54.86,4148,54.86,D
sh688777,中控技术,2025-10-16 13:50:54,54.84,25201,54.87,D
sh688777,中控技术,2025-10-16 13:50:57,54.84,13699,54.84,U
sh688777,中控技术,2025-10-16 13:51:00,54.83,5325,54.84,D
sh688777,中控技术,2025-10-16 13:51:42,54.89,4074,54.89,U
sh688777,中控技术,2025-10-16 13:51:48,54.89,4206,54.89,U
sh688777,中控技术,2025-10-16 13:51:51,54.88,5000,54.89,D
sh688777,中控技术,2025-10-16 13:52:09,54.9,5871,54.93,D
sh688777,中控技术,2025-10-16 13:52:21,54.92,5802,54.91,U
sh688777,中控技术,2025-10-16 13:52:30,54.91,3919,54.9,U
sh688777,中控技术,2025-10-16 13:52:54,54.87,6632,54.88,D
sh688777,中控技术,2025-10-16 13:53:27,54.91,4600,54.9,U
sh688777,中控技术,2025-10-16 13:53:30,54.91,6800,54.91,U
sh688777,中控技术,2025-10-16 13:54:00,54.95,6490,54.93,U
sh688777,中控技术,2025-10-16 13:54:06,54.96,6437,54.95,U
sh688777,中控技术,2025-10-16 13:54:09,54.93,4873,54.96,D
sh688777,中控技术,2025-10-16 13:55:00,54.95,5300,54.95,U
sh688777,中控技术,2025-10-16 13:55:27,55.0,4973,55.0,U
sh688777,中控技术,2025-10-16 13:57:03,54.98,4453,55.0,D
sh688777,中控技术,2025-10-16 13:57:48,54.94,4221,54.93,U
sh688777,中控技术,2025-10-16 13:58:15,54.93,5000,54.92,D
sh688777,中控技术,2025-10-16 13:58:18,54.91,22546,54.93,D
sh688777,中控技术,2025-10-16 13:58:24,54.93,9200,54.93,U
sh688777,中控技术,2025-10-16 13:58:33,54.89,5000,54.93,D
sh688777,中控技术,2025-10-16 13:58:48,54.9,12368,54.9,U
sh688777,中控技术,2025-10-16 13:58:54,54.89,10307,54.89,U
sh688777,中控技术,2025-10-16 13:59:03,54.88,21154,54.88,D
sh688777,中控技术,2025-10-16 13:59:12,54.88,14076,54.88,U
sh688777,中控技术,2025-10-16 13:59:15,54.88,4696,54.88,D
sh688777,中控技术,2025-10-16 13:59:33,54.85,4373,54.88,D
sh688777,中控技术,2025-10-16 13:59:48,54.9,45682,54.86,U
sh688777,中控技术,2025-10-16 14:00:00,54.84,4792,54.85,D
sh688777,中控技术,2025-10-16 14:00:12,54.85,3851,54.9,D
sh688777,中控技术,2025-10-16 14:01:03,54.9,6698,54.9,U
sh688777,中控技术,2025-10-16 14:01:06,54.86,5830,54.9,D
sh688777,中控技术,2025-10-16 14:01:51,54.88,6448,54.88,D
sh688777,中控技术,2025-10-16 14:03:12,54.87,28164,54.9,D
sh688777,中控技术,2025-10-16 14:03:15,54.87,7614,54.87,D
sh688777,中控技术,2025-10-16 14:03:24,54.87,5034,54.87,D
sh688777,中控技术,2025-10-16 14:03:33,54.86,5266,54.87,D
sh688777,中控技术,2025-10-16 14:03:42,54.86,3859,54.87,D
sh688777,中控技术,2025-10-16 14:03:54,54.86,5000,54.9,D
sh688777,中控技术,2025-10-16 14:03:57,54.84,11064,54.86,D
sh688777,中控技术,2025-10-16 14:04:15,54.83,6211,54.89,D
sh688777,中控技术,2025-10-16 14:04:24,54.88,5219,54.84,U
sh688777,中控技术,2025-10-16 14:04:45,54.85,4241,54.84,E
sh688777,中控技术,2025-10-16 14:04:57,54.85,4501,54.87,D
sh688777,中控技术,2025-10-16 14:05:03,54.93,9819,54.89,U
sh688777,中控技术,2025-10-16 14:06:03,54.94,5282,54.94,D
sh688777,中控技术,2025-10-16 14:06:45,54.97,4546,54.98,D
sh688777,中控技术,2025-10-16 14:07:54,54.9,7100,54.92,D
sh688777,中控技术,2025-10-16 14:09:24,54.89,4675,54.91,D
sh688777,中控技术,2025-10-16 14:10:12,54.91,8738,54.92,D
sh688777,中控技术,2025-10-16 14:10:33,55.04,7982,55.0,U
sh688777,中控技术,2025-10-16 14:11:03,55.0,23268,55.04,D
sh688777,中控技术,2025-10-16 14:11:33,54.95,32314,54.92,U
sh688777,中控技术,2025-10-16 14:12:24,54.91,7120,54.91,U
sh688777,中控技术,2025-10-16 14:12:27,54.9,4084,54.91,D
sh688777,中控技术,2025-10-16 14:12:54,54.84,13940,54.9,D
sh688777,中控技术,2025-10-16 14:12:57,54.89,6000,54.84,E
sh688777,中控技术,2025-10-16 14:13:15,54.9,5329,54.89,U
sh688777,中控技术,2025-10-16 14:14:00,54.9,4712,54.91,D
sh688777,中控技术,2025-10-16 14:14:24,54.92,5000,54.92,D
sh688777,中控技术,2025-10-16 14:14:27,54.98,3695,54.92,U
sh688777,中控技术,2025-10-16 14:14:36,54.98,7931,54.97,U
sh688777,中控技术,2025-10-16 14:15:27,54.92,4421,54.92,U
sh688777,中控技术,2025-10-16 14:16:00,54.92,7058,54.92,D
sh688777,中控技术,2025-10-16 14:16:03,54.91,14219,54.92,D
sh688777,中控技术,2025-10-16 14:16:39,54.9,5760,54.91,D
sh688777,中控技术,2025-10-16 14:17:06,54.9,10827,54.88,U
sh688777,中控技术,2025-10-16 14:17:42,54.9,4601,54.92,D
sh688777,中控技术,2025-10-16 14:17:48,54.91,9742,54.91,U
sh688777,中控技术,2025-10-16 14:18:12,54.94,3975,54.94,U
sh688777,中控技术,2025-10-16 14:19:03,54.99,10081,54.93,U
sh688777,中控技术,2025-10-16 14:19:24,54.95,4000,55.01,D
sh688777,中控技术,2025-10-16 14:19:48,54.95,4096,54.99,D
sh688777,中控技术,2025-10-16 14:20:06,55.0,19000,54.98,U
sh688777,中控技术,2025-10-16 14:22:00,54.95,4535,54.94,U
sh688777,中控技术,2025-10-16 14:22:09,54.93,4506,54.94,D
sh688777,中控技术,2025-10-16 14:23:00,54.89,14679,54.91,D
sh688777,中控技术,2025-10-16 14:23:03,54.9,5137,54.89,U
sh688777,中控技术,2025-10-16 14:23:30,54.85,3828,54.88,D
sh688777,中控技术,2025-10-16 14:23:54,54.84,4640,54.85,D
sh688777,中控技术,2025-10-16 14:24:27,54.84,5422,54.85,D
sh688777,中控技术,2025-10-16 14:24:51,54.88,4064,54.88,D
sh688777,中控技术,2025-10-16 14:25:00,54.85,6722,54.88,D
sh688777,中控技术,2025-10-16 14:25:15,54.82,6000,54.86,D
sh688777,中控技术,2025-10-16 14:25:33,54.82,4300,54.82,D
sh688777,中控技术,2025-10-16 14:25:39,54.82,3800,54.85,D
sh688777,中控技术,2025-10-16 14:25:42,54.81,5606,54.82,D
sh688777,中控技术,2025-10-16 14:25:45,54.8,55352,54.81,D
sh688777,中控技术,2025-10-16 14:25:48,54.79,70246,54.8,D
sh688777,中控技术,2025-10-16 14:25:54,54.8,15344,54.78,U
sh688777,中控技术,2025-10-16 14:26:00,54.79,4017,54.8,U
sh688777,中控技术,2025-10-16 14:26:03,54.8,10830,54.79,U
sh688777,中控技术,2025-10-16 14:26:06,54.79,89156,54.8,D
sh688777,中控技术,2025-10-16 14:26:09,54.79,11724,54.79,U
sh688777,中控技术,2025-10-16 14:26:12,54.79,13572,54.79,D
sh688777,中控技术,2025-10-16 14:26:15,54.92,5526,54.79,U
sh688777,中控技术,2025-10-16 14:26:39,54.79,8061,54.79,D
sh688777,中控技术,2025-10-16 14:26:42,54.81,4319,54.79,E
sh688777,中控技术,2025-10-16 14:26:48,54.81,4498,54.8,E
sh688777,中控技术,2025-10-16 14:26:54,54.79,4792,54.91,D
sh688777,中控技术,2025-10-16 14:26:57,54.81,6000,54.79,E
sh688777,中控技术,2025-10-16 14:27:42,54.85,10200,54.91,D
sh688777,中控技术,2025-10-16 14:27:45,54.85,4842,54.85,D
sh688777,中控技术,2025-10-16 14:28:15,54.9,10808,54.86,U
sh688777,中控技术,2025-10-16 14:28:36,54.86,6215,54.85,U
sh688777,中控技术,2025-10-16 14:29:27,54.83,9134,54.86,D
sh688777,中控技术,2025-10-16 14:29:39,54.83,5152,54.83,U
sh688777,中控技术,2025-10-16 14:29:42,54.83,9605,54.83,D
sh688777,中控技术,2025-10-16 14:30:18,54.9,8390,54.88,U
sh688777,中控技术,2025-10-16 14:30:45,54.93,7278,54.92,U
sh688777,中控技术,2025-10-16 14:31:06,54.89,15710,54.9,D
sh688777,中控技术,2025-10-16 14:31:18,54.88,4622,54.94,D
sh688777,中控技术,2025-10-16 14:31:33,54.88,10000,54.93,D
sh688777,中控技术,2025-10-16 14:31:42,54.9,6522,54.94,D
sh688777,中控技术,2025-10-16 14:32:15,54.94,5169,54.94,D
sh688777,中控技术,2025-10-16 14:32:51,54.89,5059,54.9,D
sh688777,中控技术,2025-10-16 14:33:09,54.9,4056,54.9,U
sh688777,中控技术,2025-10-16 14:33:15,54.88,9330,54.89,D
sh688777,中控技术,2025-10-16 14:33:30,54.85,8927,54.87,D
sh688777,中控技术,2025-10-16 14:33:36,54.83,8793,54.85,D
sh688777,中控技术,2025-10-16 14:33:39,54.83,39074,54.83,U
sh688777,中控技术,2025-10-16 14:33:45,54.88,9087,54.83,U
sh688777,中控技术,2025-10-16 14:35:12,54.83,3956,54.83,U
sh688777,中控技术,2025-10-16 14:35:42,54.8,5200,54.81,D
sh688777,中控技术,2025-10-16 14:35:51,54.81,4490,54.83,D
sh688777,中控技术,2025-10-16 14:36:06,54.8,5200,54.81,D
sh688777,中控技术,2025-10-16 14:36:24,54.8,5792,54.8,U
sh688777,中控技术,2025-10-16 14:36:48,54.77,21714,54.78,D
sh688777,中控技术,2025-10-16 14:36:51,54.77,66236,54.77,D
sh688777,中控技术,2025-10-16 14:36:54,54.77,51236,54.77,U
sh688777,中控技术,2025-10-16 14:37:03,54.74,4800,54.74,U
sh688777,中控技术,2025-10-16 14:37:09,54.67,12481,54.75,D
sh688777,中控技术,2025-10-16 14:37:12,54.7,9217,54.67,E
sh688777,中控技术,2025-10-16 14:37:21,54.69,4900,54.68,U
sh688777,中控技术,2025-10-16 14:37:24,54.66,10980,54.69,D
sh688777,中控技术,2025-10-16 14:37:27,54.61,15700,54.66,D
sh688777,中控技术,2025-10-16 14:37:36,54.61,5171,54.66,D
sh688777,中控技术,2025-10-16 14:37:42,54.61,9558,54.61,D
sh688777,中控技术,2025-10-16 14:37:45,54.61,4403,54.61,D
sh688777,中控技术,2025-10-16 14:37:48,54.61,7971,54.61,D
sh688777,中控技术,2025-10-16 14:37:51,54.61,6348,54.61,D
sh688777,中控技术,2025-10-16 14:37:54,54.6,5627,54.61,D
sh688777,中控技术,2025-10-16 14:37:57,54.61,6000,54.6,U
sh688777,中控技术,2025-10-16 14:38:00,54.58,26300,54.61,D
sh688777,中控技术,2025-10-16 14:38:03,54.6,4751,54.58,U
sh688777,中控技术,2025-10-16 14:38:06,54.58,10309,54.6,D
sh688777,中控技术,2025-10-16 14:38:12,54.58,13744,54.6,D
sh688777,中控技术,2025-10-16 14:38:15,54.58,8366,54.58,U
sh688777,中控技术,2025-10-16 14:38:18,54.57,6026,54.58,D
sh688777,中控技术,2025-10-16 14:38:21,54.56,5900,54.57,D
sh688777,中控技术,2025-10-16 14:38:24,54.56,6700,54.56,D
sh688777,中控技术,2025-10-16 14:38:27,54.57,9592,54.56,U
sh688777,中控技术,2025-10-16 14:38:30,54.57,11746,54.57,E
sh688777,中控技术,2025-10-16 14:38:33,54.55,29062,54.57,D
sh688777,中控技术,2025-10-16 14:38:36,54.55,3770,54.55,U
sh688777,中控技术,2025-10-16 14:38:39,54.57,9287,54.55,U
sh688777,中控技术,2025-10-16 14:38:45,54.51,43620,54.55,D
sh688777,中控技术,2025-10-16 14:38:48,54.51,13270,54.51,D
sh688777,中控技术,2025-10-16 14:38:51,54.51,32027,54.51,D
sh688777,中控技术,2025-10-16 14:39:00,54.51,13091,54.5,U
sh688777,中控技术,2025-10-16 14:39:03,54.5,22144,54.51,D
sh688777,中控技术,2025-10-16 14:39:06,54.51,33173,54.5,U
sh688777,中控技术,2025-10-16 14:39:09,54.51,24650,54.51,D
sh688777,中控技术,2025-10-16 14:39:12,54.51,17272,54.51,D
sh688777,中控技术,2025-10-16 14:39:15,54.51,6195,54.51,D
sh688777,中控技术,2025-10-16 14:39:18,54.51,7351,54.51,D
sh688777,中控技术,2025-10-16 14:39:21,54.51,15013,54.51,U
sh688777,中控技术,2025-10-16 14:39:24,54.5,7023,54.51,D
sh688777,中控技术,2025-10-16 14:39:27,54.48,41169,54.5,D
sh688777,中控技术,2025-10-16 14:39:36,54.5,21725,54.49,U
sh688777,中控技术,2025-10-16 14:39:48,54.53,3891,54.5,U
sh688777,中控技术,2025-10-16 14:39:51,54.5,3931,54.53,D
sh688777,中控技术,2025-10-16 14:39:54,54.53,5200,54.5,U
sh688777,中控技术,2025-10-16 14:39:57,54.5,5631,54.53,D
sh688777,中控技术,2025-10-16 14:40:00,54.5,16387,54.5,U
sh688777,中控技术,2025-10-16 14:40:03,54.5,6538,54.5,U
sh688777,中控技术,2025-10-16 14:40:06,54.54,53755,54.5,U
sh688777,中控技术,2025-10-16 14:40:09,54.6,16097,54.54,U
sh688777,中控技术,2025-10-16 14:40:12,54.6,5450,54.6,D
sh688777,中控技术,2025-10-16 14:40:15,54.6,18281,54.6,D
sh688777,中控技术,2025-10-16 14:40:18,54.6,9179,54.6,D
sh688777,中控技术,2025-10-16 14:40:21,54.52,28811,54.6,D
sh688777,中控技术,2025-10-16 14:40:24,54.6,7251,54.52,U
sh688777,中控技术,2025-10-16 14:40:27,54.53,13872,54.6,E
sh688777,中控技术,2025-10-16 14:40:33,54.59,7758,54.53,U
sh688777,中控技术,2025-10-16 14:40:39,54.58,9540,54.58,D
sh688777,中控技术,2025-10-16 14:40:42,54.54,5099,54.58,D
sh688777,中控技术,2025-10-16 14:40:45,54.53,6567,54.54,D
sh688777,中控技术,2025-10-16 14:40:54,54.54,11917,54.53,U
sh688777,中控技术,2025-10-16 14:41:00,54.49,11467,54.5,D
sh688777,中控技术,2025-10-16 14:41:03,54.47,16989,54.49,D
sh688777,中控技术,2025-10-16 14:41:06,54.47,8257,54.47,D
sh688777,中控技术,2025-10-16 14:41:09,54.48,6534,54.47,U
sh688777,中控技术,2025-10-16 14:41:12,54.54,12260,54.48,U
sh688777,中控技术,2025-10-16 14:41:21,54.46,14336,54.49,D
sh688777,中控技术,2025-10-16 14:41:24,54.45,4324,54.46,D
sh688777,中控技术,2025-10-16 14:41:27,54.53,6184,54.45,U
sh688777,中控技术,2025-10-16 14:41:33,54.45,9105,54.46,D
sh688777,中控技术,2025-10-16 14:41:36,54.45,7490,54.45,D
sh688777,中控技术,2025-10-16 14:41:42,54.46,5679,54.46,U
sh688777,中控技术,2025-10-16 14:41:48,54.51,8721,54.44,U
sh688777,中控技术,2025-10-16 14:41:51,54.46,6286,54.51,D
sh688777,中控技术,2025-10-16 14:42:00,54.45,4802,54.51,D
sh688777,中控技术,2025-10-16 14:42:03,54.45,6170,54.45,D
sh688777,中控技术,2025-10-16 14:42:06,54.45,9852,54.45,D
sh688777,中控技术,2025-10-16 14:42:09,54.46,5716,54.45,U
sh688777,中控技术,2025-10-16 14:42:12,54.46,8589,54.46,D
sh688777,中控技术,2025-10-16 14:42:15,54.46,9799,54.46,U
sh688777,中控技术,2025-10-16 14:42:21,54.45,4232,54.53,D
sh688777,中控技术,2025-10-16 14:42:27,54.5,4605,54.47,E
sh688777,中控技术,2025-10-16 14:42:30,54.45,5910,54.5,D
sh688777,中控技术,2025-10-16 14:42:33,54.44,14841,54.45,D
sh688777,中控技术,2025-10-16 14:42:36,54.42,5200,54.44,D
sh688777,中控技术,2025-10-16 14:42:39,54.42,11508,54.42,D
sh688777,中控技术,2025-10-16 14:42:48,54.4,6588,54.41,D
sh688777,中控技术,2025-10-16 14:42:51,54.39,10936,54.4,D
sh688777,中控技术,2025-10-16 14:42:54,54.39,6135,54.39,U
sh688777,中控技术,2025-10-16 14:42:57,54.4,4972,54.39,U
sh688777,中控技术,2025-10-16 14:43:00,54.37,11103,54.4,D
sh688777,中控技术,2025-10-16 14:43:03,54.36,12200,54.37,D
sh688777,中控技术,2025-10-16 14:43:06,54.41,7450,54.36,U
sh688777,中控技术,2025-10-16 14:43:09,54.42,27106,54.41,U
sh688777,中控技术,2025-10-16 14:43:12,54.39,17892,54.42,D
sh688777,中控技术,2025-10-16 14:43:15,54.38,4739,54.39,D
sh688777,中控技术,2025-10-16 14:43:24,54.41,9720,54.42,D
sh688777,中控技术,2025-10-16 14:43:42,54.4,12071,54.41,D
sh688777,中控技术,2025-10-16 14:43:48,54.4,7510,54.41,D
sh688777,中控技术,2025-10-16 14:43:51,54.48,5039,54.4,U
sh688777,中控技术,2025-10-16 14:43:54,54.48,6618,54.48,D
sh688777,中控技术,2025-10-16 14:43:57,54.47,10575,54.48,U
sh688777,中控技术,2025-10-16 14:44:03,54.47,9116,54.46,U
sh688777,中控技术,2025-10-16 14:44:06,54.47,35289,54.47,U
sh688777,中控技术,2025-10-16 14:44:09,54.5,8570,54.47,U
sh688777,中控技术,2025-10-16 14:44:27,54.46,4518,54.49,D
sh688777,中控技术,2025-10-16 14:44:39,54.46,9684,54.44,U
sh688777,中控技术,2025-10-16 14:44:51,54.46,6213,54.47,D
sh688777,中控技术,2025-10-16 14:44:57,54.46,8034,54.47,D
sh688777,中控技术,2025-10-16 14:45:03,54.47,3882,54.46,E
sh688777,中控技术,2025-10-16 14:45:06,54.5,16197,54.47,U
sh688777,中控技术,2025-10-16 14:45:09,54.58,52602,54.5,U
sh688777,中控技术,2025-10-16 14:45:12,54.59,8772,54.58,U
sh688777,中控技术,2025-10-16 14:45:18,54.55,4372,54.58,D
sh688777,中控技术,2025-10-16 14:45:21,54.6,15147,54.55,U
sh688777,中控技术,2025-10-16 14:45:27,54.6,9419,54.6,U
sh688777,中控技术,2025-10-16 14:45:36,54.58,4800,54.58,U
sh688777,中控技术,2025-10-16 14:45:51,54.57,13334,54.57,D
sh688777,中控技术,2025-10-16 14:46:00,54.57,7199,54.57,U
sh688777,中控技术,2025-10-16 14:46:06,54.54,7769,54.57,D
sh688777,中控技术,2025-10-16 14:46:36,54.54,4228,54.54,D
sh688777,中控技术,2025-10-16 14:46:45,54.54,8974,54.55,D
sh688777,中控技术,2025-10-16 14:46:57,54.52,3919,54.54,D
sh688777,中控技术,2025-10-16 14:47:00,54.48,25082,54.52,D
sh688777,中控技术,2025-10-16 14:47:03,54.48,7005,54.48,U
sh688777,中控技术,2025-10-16 14:47:06,54.48,3975,54.48,U
sh688777,中控技术,2025-10-16 14:47:18,54.45,15086,54.46,D
sh688777,中控技术,2025-10-16 14:47:21,54.44,41435,54.45,D
sh688777,中控技术,2025-10-16 14:47:24,54.45,11055,54.44,U
sh688777,中控技术,2025-10-16 14:47:39,54.46,5089,54.51,D
sh688777,中控技术,2025-10-16 14:47:48,54.48,5112,54.47,U
sh688777,中控技术,2025-10-16 14:47:57,54.45,6208,54.47,D
sh688777,中控技术,2025-10-16 14:48:00,54.45,43454,54.45,D
sh688777,中控技术,2025-10-16 14:48:03,54.44,7544,54.45,D
sh688777,中控技术,2025-10-16 14:48:06,54.44,6600,54.44,U
sh688777,中控技术,2025-10-16 14:48:09,54.5,76105,54.44,U
sh688777,中控技术,2025-10-16 14:48:21,54.5,6400,54.52,D
sh688777,中控技术,2025-10-16 14:48:24,54.55,20996,54.5,U
sh688777,中控技术,2025-10-16 14:48:27,54.54,6701,54.55,D
sh688777,中控技术,2025-10-16 14:48:30,54.54,5938,54.54,D
sh688777,中控技术,2025-10-16 14:48:54,54.55,12910,54.54,U
sh688777,中控技术,2025-10-16 14:48:57,54.56,4309,54.55,U
sh688777,中控技术,2025-10-16 14:49:03,54.56,3707,54.56,U
sh688777,中控技术,2025-10-16 14:49:06,54.58,3751,54.56,U
sh688777,中控技术,2025-10-16 14:49:24,54.55,16651,54.58,D
sh688777,中控技术,2025-10-16 14:49:30,54.59,9496,54.56,U
sh688777,中控技术,2025-10-16 14:49:36,54.55,7060,54.58,D
sh688777,中控技术,2025-10-16 14:49:54,54.52,5421,54.53,D
sh688777,中控技术,2025-10-16 14:49:57,54.53,11101,54.52,U
sh688777,中控技术,2025-10-16 14:50:24,54.55,7333,54.55,D
sh688777,中控技术,2025-10-16 14:50:27,54.58,6702,54.55,U
sh688777,中控技术,2025-10-16 14:50:30,54.58,6766,54.58,U
sh688777,中控技术,2025-10-16 14:50:33,54.57,5200,54.58,D
sh688777,中控技术,2025-10-16 14:50:36,54.57,29750,54.57,D
sh688777,中控技术,2025-10-16 14:50:39,54.57,3874,54.57,D
sh688777,中控技术,2025-10-16 14:50:42,54.58,7166,54.57,U
sh688777,中控技术,2025-10-16 14:51:06,54.58,5058,54.58,U
sh688777,中控技术,2025-10-16 14:51:15,54.57,11168,54.58,D
sh688777,中控技术,2025-10-16 14:51:21,54.56,15283,54.57,D
sh688777,中控技术,2025-10-16 14:51:27,54.53,4682,54.51,E
sh688777,中控技术,2025-10-16 14:51:36,54.53,8264,54.53,E
sh688777,中控技术,2025-10-16 14:51:42,54.53,5474,54.53,D
sh688777,中控技术,2025-10-16 14:51:48,54.56,6200,54.53,U
sh688777,中控技术,2025-10-16 14:51:51,54.52,5600,54.56,D
sh688777,中控技术,2025-10-16 14:52:00,54.53,6800,54.56,D
sh688777,中控技术,2025-10-16 14:52:03,54.54,4657,54.53,D
sh688777,中控技术,2025-10-16 14:52:24,54.55,5745,54.55,D
sh688777,中控技术,2025-10-16 14:52:27,54.54,11995,54.55,D
sh688777,中控技术,2025-10-16 14:52:36,54.55,6000,54.54,U
sh688777,中控技术,2025-10-16 14:52:45,54.55,6085,54.55,U
sh688777,中控技术,2025-10-16 14:52:48,54.55,6398,54.55,U
sh688777,中控技术,2025-10-16 14:53:03,54.57,9273,54.55,U
sh688777,中控技术,2025-10-16 14:53:15,54.57,5300,54.57,U
sh688777,中控技术,2025-10-16 14:53:42,54.58,6500,54.57,U
sh688777,中控技术,2025-10-16 14:54:03,54.56,4406,54.54,U
sh688777,中控技术,2025-10-16 14:54:06,54.54,4977,54.56,D
sh688777,中控技术,2025-10-16 14:54:12,54.57,4328,54.56,U
sh688777,中控技术,2025-10-16 14:54:15,54.55,5733,54.57,D
sh688777,中控技术,2025-10-16 14:54:30,54.56,4219,54.54,U
sh688777,中控技术,2025-10-16 14:54:33,54.54,7474,54.56,D
sh688777,中控技术,2025-10-16 14:54:39,54.57,24003,54.54,U
sh688777,中控技术,2025-10-16 14:54:42,54.55,5640,54.57,D
sh688777,中控技术,2025-10-16 14:54:54,54.55,10400,54.57,D
sh688777,中控技术,2025-10-16 14:55:00,54.58,5200,54.57,U
sh688777,中控技术,2025-10-16 14:55:03,54.57,6922,54.58,E
sh688777,中控技术,2025-10-16 14:55:06,54.55,3866,54.57,D
sh688777,中控技术,2025-10-16 14:55:09,54.6,23623,54.55,U
sh688777,中控技术,2025-10-16 14:55:12,54.6,5261,54.6,D
sh688777,中控技术,2025-10-16 14:55:15,54.61,5989,54.6,D
sh688777,中控技术,2025-10-16 14:55:21,54.61,9262,54.61,U
sh688777,中控技术,2025-10-16 14:55:27,54.63,5354,54.61,U
sh688777,中控技术,2025-10-16 14:55:33,54.64,3922,54.62,U
sh688777,中控技术,2025-10-16 14:55:45,54.63,13276,54.63,U
sh688777,中控技术,2025-10-16 14:55:48,54.63,6780,54.63,D
sh688777,中控技术,2025-10-16 14:55:51,54.62,8146,54.63,D
sh688777,中控技术,2025-10-16 14:56:06,54.62,8956,54.62,D
sh688777,中控技术,2025-10-16 14:56:09,54.61,3908,54.62,D
sh688777,中控技术,2025-10-16 14:56:21,54.6,3991,54.61,D
sh688777,中控技术,2025-10-16 14:56:30,54.6,16471,54.6,D
sh688777,中控技术,2025-10-16 14:56:33,54.6,13259,54.6,D
sh688777,中控技术,2025-10-16 14:56:36,54.58,3720,54.6,D
sh688777,中控技术,2025-10-16 14:56:45,54.6,30860,54.58,U
sh688777,中控技术,2025-10-16 14:57:00,54.6,24140,54.6,U
sh688777,中控技术,2025-10-16 15:00:00,54.51,161313,54.6,U
