symbol,name,ticktime,price,volume,prev_price,kind
sh688777,中控技术,2025-10-15 09:25:01,55.7,69543,0.0,U
sh688777,中控技术,2025-10-15 09:30:01,55.73,6981,55.7,U
sh688777,中控技术,2025-10-15 09:30:04,55.73,19017,55.73,D
sh688777,中控技术,2025-10-15 09:30:07,55.88,14347,55.73,U
sh688777,中控技术,2025-10-15 09:30:10,55.8,11893,55.88,D
sh688777,中控技术,2025-10-15 09:30:13,55.86,6300,55.8,E
sh688777,中控技术,2025-10-15 09:30:16,55.91,5299,55.86,U
sh688777,中控技术,2025-10-15 09:30:19,55.88,11174,55.91,D
sh688777,中控技术,2025-10-15 09:30:22,55.87,19232,55.88,D
sh688777,中控技术,2025-10-15 09:30:25,55.9,4679,55.87,U
sh688777,中控技术,2025-10-15 09:30:28,55.89,12169,55.9,D
sh688777,中控技术,2025-10-15 09:30:31,55.94,13067,55.89,U
sh688777,中控技术,2025-10-15 09:30:34,55.98,9719,55.94,U
sh688777,中控技术,2025-10-15 09:30:37,56.0,32168,55.98,U
sh688777,中控技术,2025-10-15 09:30:40,56.06,17846,56.0,U
sh688777,中控技术,2025-10-15 09:30:46,56.14,25434,56.15,D
sh688777,中控技术,2025-10-15 09:30:49,56.13,14615,56.14,E
sh688777,中控技术,2025-10-15 09:30:52,56.1,22572,56.13,E
sh688777,中控技术,2025-10-15 09:30:55,56.07,16138,56.1,D
sh688777,中控技术,2025-10-15 09:30:58,56.05,12397,56.07,U
sh688777,中控技术,2025-10-15 09:31:01,56.0,15206,56.05,D
sh688777,中控技术,2025-10-15 09:31:04,56.03,21886,56.0,U
sh688777,中控技术,2025-10-15 09:31:07,56.0,16643,56.03,D
sh688777,中控技术,2025-10-15 09:31:10,56.0,11695,56.0,U
sh688777,中控技术,2025-10-15 09:31:13,55.93,11140,56.0,D
sh688777,中控技术,2025-10-15 09:31:16,55.97,14125,55.93,U
sh688777,中控技术,2025-10-15 09:31:19,55.96,8060,55.97,D
sh688777,中控技术,2025-10-15 09:31:22,56.0,15966,55.96,U
sh688777,中控技术,2025-10-15 09:31:25,55.99,6012,56.0,D
sh688777,中控技术,2025-10-15 09:31:28,55.95,7703,55.99,D
sh688777,中控技术,2025-10-15 09:31:31,55.95,23495,55.95,D
sh688777,中控技术,2025-10-15 09:31:34,55.95,40557,55.95,U
sh688777,中控技术,2025-10-15 09:31:37,55.9,19879,55.95,D
sh688777,中控技术,2025-10-15 09:31:40,55.9,13067,55.9,D
sh688777,中控技术,2025-10-15 09:31:43,55.85,6806,55.9,D
sh688777,中控技术,2025-10-15 09:31:49,55.87,6000,55.84,U
sh688777,中控技术,2025-10-15 09:31:52,55.87,8787,55.87,U
sh688777,中控技术,2025-10-15 09:31:55,55.83,28001,55.87,D
sh688777,中控技术,2025-10-15 09:32:01,55.8,9688,55.9,D
sh688777,中控技术,2025-10-15 09:32:04,55.84,8623,55.8,D
sh688777,中控技术,2025-10-15 09:32:07,55.83,4182,55.84,E
sh688777,中控技术,2025-10-15 09:32:10,55.78,3738,55.83,D
sh688777,中控技术,2025-10-15 09:32:13,55.78,9735,55.78,U
sh688777,中控技术,2025-10-15 09:32:16,55.83,9317,55.78,U
sh688777,中控技术,2025-10-15 09:32:19,55.83,40770,55.83,U
sh688777,中控技术,2025-10-15 09:32:22,55.87,25977,55.83,U
sh688777,中控技术,2025-10-15 09:32:28,55.86,7949,55.87,E
sh688777,中控技术,2025-10-15 09:32:37,55.87,6849,55.87,U
sh688777,中控技术,2025-10-15 09:32:40,55.85,11822,55.87,D
sh688777,中控技术,2025-10-15 09:32:43,55.85,23703,55.85,D
sh688777,中控技术,2025-10-15 09:32:46,55.8,11473,55.85,D
sh688777,中控技术,2025-10-15 09:32:49,55.75,23401,55.8,D
sh688777,中控技术,2025-10-15 09:32:52,55.73,90594,55.75,D
sh688777,中控技术,2025-10-15 09:32:55,55.71,19062,55.73,D
sh688777,中控技术,2025-10-15 09:32:58,55.68,11897,55.71,D
sh688777,中控技术,2025-10-15 09:33:01,55.68,8561,55.68,U
sh688777,中控技术,2025-10-15 09:33:04,55.7,9679,55.68,U
sh688777,中控技术,2025-10-15 09:33:07,55.78,53184,55.7,U
sh688777,中控技术,2025-10-15 09:33:10,55.76,15615,55.78,E
sh688777,中控技术,2025-10-15 09:33:13,55.71,60300,55.76,E
sh688777,中控技术,2025-10-15 09:33:16,55.7,45482,55.71,U
sh688777,中控技术,2025-10-15 09:33:19,55.7,15477,55.7,D
sh688777,中控技术,2025-10-15 09:33:22,55.79,10982,55.7,U
sh688777,中控技术,2025-10-15 09:33:28,55.7,6300,55.7,U
sh688777,中控技术,2025-10-15 09:33:31,55.7,11888,55.7,U
sh688777,中控技术,2025-10-15 09:33:37,55.7,13768,55.7,D
sh688777,中控技术,2025-10-15 09:33:40,55.7,12329,55.7,D
sh688777,中控技术,2025-10-15 09:33:43,55.68,11422,55.7,D
sh688777,中控技术,2025-10-15 09:33:46,55.69,5200,55.68,U
sh688777,中控技术,2025-10-15 09:33:49,55.68,19053,55.69,D
sh688777,中控技术,2025-10-15 09:33:52,55.68,7155,55.68,D
sh688777,中控技术,2025-10-15 09:33:55,55.7,3923,55.68,U
sh688777,中控技术,2025-10-15 09:33:58,55.68,12961,55.7,D
sh688777,中控技术,2025-10-15 09:34:01,55.68,4400,55.68,D
sh688777,中控技术,2025-10-15 09:34:04,55.67,6145,55.68,D
sh688777,中控技术,2025-10-15 09:34:10,55.67,7106,55.68,D
sh688777,中控技术,2025-10-15 09:34:19,55.62,24443,55.72,D
sh688777,中控技术,2025-10-15 09:34:25,55.62,17474,55.62,U
sh688777,中控技术,2025-10-15 09:34:28,55.6,21722,55.62,D
sh688777,中控技术,2025-10-15 09:34:31,55.61,18257,55.6,U
sh688777,中控技术,2025-10-15 09:34:37,55.59,9592,55.55,E
sh688777,中控技术,2025-10-15 09:34:40,55.55,10483,55.59,D
sh688777,中控技术,2025-10-15 09:34:43,55.54,4168,55.55,D
sh688777,中控技术,2025-10-15 09:34:46,55.59,18471,55.54,U
sh688777,中控技术,2025-10-15 09:34:49,55.51,20772,55.59,D
sh688777,中控技术,2025-10-15 09:34:58,55.53,39574,55.47,U
sh688777,中控技术,2025-10-15 09:35:01,55.53,23489,55.53,D
sh688777,中控技术,2025-10-15 09:35:04,55.53,22514,55.53,D
sh688777,中控技术,2025-10-15 09:35:07,55.48,14572,55.53,D
sh688777,中控技术,2025-10-15 09:35:10,55.44,6239,55.48,D
sh688777,中控技术,2025-10-15 09:35:13,55.41,18854,55.44,D
sh688777,中控技术,2025-10-15 09:35:16,55.41,12004,55.41,D
sh688777,中控技术,2025-10-15 09:35:19,55.41,20292,55.41,U
sh688777,中控技术,2025-10-15 09:35:22,55.4,15457,55.41,D
sh688777,中控技术,2025-10-15 09:35:25,55.33,15790,55.4,D
sh688777,中控技术,2025-10-15 09:35:28,55.26,5903,55.33,D
sh688777,中控技术,2025-10-15 09:35:31,55.3,7641,55.26,E
sh688777,中控技术,2025-10-15 09:35:34,55.33,20943,55.3,U
sh688777,中控技术,2025-10-15 09:35:37,55.35,6070,55.33,U
sh688777,中控技术,2025-10-15 09:35:40,55.26,11273,55.35,D
sh688777,中控技术,2025-10-15 09:35:43,55.25,7324,55.26,D
sh688777,中控技术,2025-10-15 09:35:46,55.21,29564,55.25,D
sh688777,中控技术,2025-10-15 09:35:49,55.26,47780,55.21,U
sh688777,中控技术,2025-10-15 09:35:52,55.19,18809,55.26,D
sh688777,中控技术,2025-10-15 09:35:55,55.2,12790,55.19,U
sh688777,中控技术,2025-10-15 09:35:58,55.15,27552,55.2,D
sh688777,中控技术,2025-10-15 09:36:01,55.26,14963,55.15,U
sh688777,中控技术,2025-10-15 09:36:04,55.16,7099,55.26,D
sh688777,中控技术,2025-10-15 09:36:07,55.31,19856,55.16,U
sh688777,中控技术,2025-10-15 09:36:10,55.29,12966,55.31,E
sh688777,中控技术,2025-10-15 09:36:13,55.28,63551,55.29,D
sh688777,中控技术,2025-10-15 09:36:16,55.26,20398,55.28,E
sh688777,中控技术,2025-10-15 09:36:19,55.28,11070,55.26,E
sh688777,中控技术,2025-10-15 09:36:22,55.25,6429,55.28,D
sh688777,中控技术,2025-10-15 09:36:25,55.16,6811,55.25,D
sh688777,中控技术,2025-10-15 09:36:28,55.2,33144,55.16,U
sh688777,中控技术,2025-10-15 09:36:31,55.17,9698,55.2,D
sh688777,中控技术,2025-10-15 09:36:34,55.19,8200,55.17,E
sh688777,中控技术,2025-10-15 09:36:37,55.15,12030,55.19,D
sh688777,中控技术,2025-10-15 09:36:40,55.19,10116,55.15,U
sh688777,中控技术,2025-10-15 09:36:43,55.21,5683,55.19,U
sh688777,中控技术,2025-10-15 09:36:52,55.22,51400,55.25,U
sh688777,中控技术,2025-10-15 09:36:55,55.2,3754,55.22,E
sh688777,中控技术,2025-10-15 09:36:58,55.22,11597,55.2,U
sh688777,中控技术,2025-10-15 09:37:01,55.19,10239,55.22,E
sh688777,中控技术,2025-10-15 09:37:07,55.16,15096,55.19,D
sh688777,中控技术,2025-10-15 09:37:10,55.16,3900,55.16,D
sh688777,中控技术,2025-10-15 09:37:13,55.16,52400,55.16,U
sh688777,中控技术,2025-10-15 09:37:16,55.15,11004,55.16,U
sh688777,中控技术,2025-10-15 09:37:19,55.15,9753,55.15,D
sh688777,中控技术,2025-10-15 09:37:25,55.15,14841,55.1,U
sh688777,中控技术,2025-10-15 09:37:28,55.11,10624,55.15,D
sh688777,中控技术,2025-10-15 09:37:31,55.11,18217,55.11,D
sh688777,中控技术,2025-10-15 09:37:34,55.15,14994,55.11,E
sh688777,中控技术,2025-10-15 09:37:37,55.18,5388,55.15,E
sh688777,中控技术,2025-10-15 09:37:40,55.22,4590,55.18,U
sh688777,中控技术,2025-10-15 09:37:43,55.12,5502,55.22,D
sh688777,中控技术,2025-10-15 09:37:46,55.21,12895,55.12,U
sh688777,中控技术,2025-10-15 09:37:49,55.15,3953,55.21,D
sh688777,中控技术,2025-10-15 09:37:52,55.24,18180,55.15,U
sh688777,中控技术,2025-10-15 09:37:55,55.19,21078,55.24,D
sh688777,中控技术,2025-10-15 09:38:01,55.12,14398,55.19,D
sh688777,中控技术,2025-10-15 09:38:04,55.12,5454,55.12,D
sh688777,中控技术,2025-10-15 09:38:07,55.16,22803,55.12,E
sh688777,中控技术,2025-10-15 09:38:10,55.13,12909,55.16,D
sh688777,中控技术,2025-10-15 09:38:13,55.14,13307,55.13,E
sh688777,中控技术,2025-10-15 09:38:19,55.19,4523,55.14,E
sh688777,中控技术,2025-10-15 09:38:22,55.19,3909,55.19,D
sh688777,中控技术,2025-10-15 09:38:25,55.19,3975,55.19,D
sh688777,中控技术,2025-10-15 09:38:37,55.15,7775,55.15,D
sh688777,中控技术,2025-10-15 09:38:40,55.19,10905,55.15,U
sh688777,中控技术,2025-10-15 09:38:43,55.2,15070,55.19,U
sh688777,中控技术,2025-10-15 09:38:49,55.17,14827,55.2,D
sh688777,中控技术,2025-10-15 09:38:52,55.16,6600,55.17,D
sh688777,中控技术,2025-10-15 09:38:58,55.19,3693,55.19,U
sh688777,中控技术,2025-10-15 09:39:01,55.22,45087,55.19,U
sh688777,中控技术,2025-10-15 09:39:04,55.2,13141,55.22,E
sh688777,中控技术,2025-10-15 09:39:13,55.2,18115,55.23,D
sh688777,中控技术,2025-10-15 09:39:19,55.24,5561,55.26,E
sh688777,中控技术,2025-10-15 09:39:28,55.24,29266,55.23,U
sh688777,中控技术,2025-10-15 09:39:34,55.23,9290,55.24,D
sh688777,中控技术,2025-10-15 09:39:40,55.21,13768,55.26,D
sh688777,中控技术,2025-10-15 09:39:43,55.2,5842,55.21,D
sh688777,中控技术,2025-10-15 09:39:55,55.19,7010,55.23,D
sh688777,中控技术,2025-10-15 09:39:58,55.18,31667,55.19,D
sh688777,中控技术,2025-10-15 09:40:01,55.2,15600,55.18,U
sh688777,中控技术,2025-10-15 09:40:07,55.26,61372,55.17,U
sh688777,中控技术,2025-10-15 09:40:10,55.3,20601,55.26,U
sh688777,中控技术,2025-10-15 09:40:13,55.3,4600,55.3,U
sh688777,中控技术,2025-10-15 09:40:19,55.18,3830,55.24,D
sh688777,中控技术,2025-10-15 09:40:22,55.2,4639,55.18,E
sh688777,中控技术,2025-10-15 09:40:25,55.2,8102,55.2,D
sh688777,中控技术,2025-10-15 09:40:31,55.24,5313,55.22,U
sh688777,中控技术,2025-10-15 09:40:43,55.25,8653,55.24,E
sh688777,中控技术,2025-10-15 09:40:52,55.22,17438,55.25,D
sh688777,中控技术,2025-10-15 09:41:01,55.15,127746,55.22,D
sh688777,中控技术,2025-10-15 09:41:04,55.13,12228,55.15,D
sh688777,中控技术,2025-10-15 09:41:10,55.13,3650,55.13,U
sh688777,中控技术,2025-10-15 09:41:16,55.11,19179,55.11,D
sh688777,中控技术,2025-10-15 09:41:19,55.15,13092,55.11,U
sh688777,中控技术,2025-10-15 09:41:22,55.11,7424,55.15,D
sh688777,中控技术,2025-10-15 09:41:25,55.11,7638,55.11,U
sh688777,中控技术,2025-10-15 09:41:28,55.1,31519,55.11,D
sh688777,中控技术,2025-10-15 09:41:40,55.03,4855,55.06,D
sh688777,中控技术,2025-10-15 09:41:43,55.03,23555,55.03,D
sh688777,中控技术,2025-10-15 09:41:46,55.02,6102,55.03,D
sh688777,中控技术,2025-10-15 09:41:52,55.0,28228,55.02,D
sh688777,中控技术,2025-10-15 09:41:55,55.04,63391,55.0,U
sh688777,中控技术,2025-10-15 09:41:58,55.02,26181,55.04,D
sh688777,中控技术,2025-10-15 09:42:01,55.01,34921,55.02,D
sh688777,中控技术,2025-10-15 09:42:04,55.0,6174,55.01,D
sh688777,中控技术,2025-10-15 09:42:07,55.01,22615,55.0,E
sh688777,中控技术,2025-10-15 09:42:10,55.04,83978,55.01,U
sh688777,中控技术,2025-10-15 09:42:13,55.06,89212,55.04,U
sh688777,中控技术,2025-10-15 09:42:16,55.09,6003,55.06,U
sh688777,中控技术,2025-10-15 09:42:22,55.12,30729,55.08,U
sh688777,中控技术,2025-10-15 09:42:25,55.11,10609,55.12,D
sh688777,中控技术,2025-10-15 09:42:40,55.15,4306,55.17,D
sh688777,中控技术,2025-10-15 09:42:46,55.2,19153,55.18,U
sh688777,中控技术,2025-10-15 09:42:49,55.24,85224,55.2,U
sh688777,中控技术,2025-10-15 09:43:01,55.22,20600,55.28,D
sh688777,中控技术,2025-10-15 09:43:04,55.22,5118,55.22,D
sh688777,中控技术,2025-10-15 09:43:10,55.28,8819,55.27,U
sh688777,中控技术,2025-10-15 09:43:13,55.22,7550,55.28,D
sh688777,中控技术,2025-10-15 09:43:16,55.29,4684,55.22,U
sh688777,中控技术,2025-10-15 09:43:22,55.31,6606,55.31,U
sh688777,中控技术,2025-10-15 09:43:25,55.32,9836,55.31,U
sh688777,中控技术,2025-10-15 09:43:28,55.34,10100,55.32,U
sh688777,中控技术,2025-10-15 09:43:34,55.35,9346,55.34,U
sh688777,中控技术,2025-10-15 09:43:37,55.35,18038,55.35,U
sh688777,中控技术,2025-10-15 09:43:40,55.38,11535,55.35,U
sh688777,中控技术,2025-10-15 09:43:49,55.47,6664,55.39,U
sh688777,中控技术,2025-10-15 09:44:04,55.59,7247,55.57,U
sh688777,中控技术,2025-10-15 09:44:07,55.6,9549,55.59,U
sh688777,中控技术,2025-10-15 09:44:22,55.75,26528,55.7,E
sh688777,中控技术,2025-10-15 09:44:25,55.7,9936,55.75,D
sh688777,中控技术,2025-10-15 09:44:28,55.69,5006,55.7,D
sh688777,中控技术,2025-10-15 09:44:37,55.76,4441,55.76,D
sh688777,中控技术,2025-10-15 09:44:40,55.76,13218,55.76,D
sh688777,中控技术,2025-10-15 09:44:43,55.76,8535,55.76,U
sh688777,中控技术,2025-10-15 09:44:46,55.77,12900,55.76,U
sh688777,中控技术,2025-10-15 09:44:49,55.76,3600,55.77,D
sh688777,中控技术,2025-10-15 09:44:52,55.77,13348,55.76,U
sh688777,中控技术,2025-10-15 09:45:04,55.79,7864,55.79,U
sh688777,中控技术,2025-10-15 09:45:07,55.78,4943,55.79,D
sh688777,中控技术,2025-10-15 09:45:10,55.76,12014,55.78,D
sh688777,中控技术,2025-10-15 09:45:13,55.72,6818,55.76,D
sh688777,中控技术,2025-10-15 09:45:16,55.74,10131,55.72,E
sh688777,中控技术,2025-10-15 09:45:22,55.72,4900,55.75,D
sh688777,中控技术,2025-10-15 09:45:25,55.7,4732,55.72,D
sh688777,中控技术,2025-10-15 09:45:34,55.67,5266,55.7,D
sh688777,中控技术,2025-10-15 09:45:40,55.67,6564,55.66,U
sh688777,中控技术,2025-10-15 09:45:49,55.63,7029,55.65,E
sh688777,中控技术,2025-10-15 09:45:55,55.61,6300,55.64,D
sh688777,中控技术,2025-10-15 09:46:01,55.61,3900,55.61,D
sh688777,中控技术,2025-10-15 09:46:10,55.7,6200,55.68,U
sh688777,中控技术,2025-10-15 09:46:13,55.63,24275,55.7,D
sh688777,中控技术,2025-10-15 09:46:16,55.68,6912,55.63,E
sh688777,中控技术,2025-10-15 09:46:19,55.63,12726,55.68,D
sh688777,中控技术,2025-10-15 09:46:25,55.64,7061,55.63,D
sh688777,中控技术,2025-10-15 09:46:28,55.64,5668,55.64,D
sh688777,中控技术,2025-10-15 09:46:46,55.64,10637,55.62,U
sh688777,中控技术,2025-10-15 09:46:49,55.61,5040,55.64,E
sh688777,中控技术,2025-10-15 09:46:55,55.61,7624,55.63,D
sh688777,中控技术,2025-10-15 09:46:58,55.63,3635,55.61,E
sh688777,中控技术,2025-10-15 09:47:04,55.61,7200,55.6,U
sh688777,中控技术,2025-10-15 09:47:10,55.57,14109,55.57,U
sh688777,中控技术,2025-10-15 09:47:22,55.56,7177,55.56,D
sh688777,中控技术,2025-10-15 09:47:25,55.56,5382,55.56,D
sh688777,中控技术,2025-10-15 09:47:43,55.59,5704,55.6,D
sh688777,中控技术,2025-10-15 09:47:52,55.58,4180,55.6,E
sh688777,中控技术,2025-10-15 09:47:58,55.58,7923,55.61,D
sh688777,中控技术,2025-10-15 09:48:01,55.6,8169,55.58,U
sh688777,中控技术,2025-10-15 09:48:04,55.57,9207,55.6,D
sh688777,中控技术,2025-10-15 09:48:10,55.57,4287,55.57,D
sh688777,中控技术,2025-10-15 09:48:13,55.5,44464,55.57,D
sh688777,中控技术,2025-10-15 09:48:22,55.5,10323,55.55,D
sh688777,中控技术,2025-10-15 09:48:28,55.5,5400,55.5,U
sh688777,中控技术,2025-10-15 09:48:34,55.35,15950,55.45,D
sh688777,中控技术,2025-10-15 09:48:37,55.37,5048,55.35,U
sh688777,中控技术,2025-10-15 09:48:40,55.35,10985,55.37,D
sh688777,中控技术,2025-10-15 09:48:58,55.45,9136,55.4,E
sh688777,中控技术,2025-10-15 09:49:01,55.24,9072,55.45,D
sh688777,中控技术,2025-10-15 09:49:04,55.24,10934,55.24,E
sh688777,中控技术,2025-10-15 09:49:07,55.24,3783,55.24,D
sh688777,中控技术,2025-10-15 09:49:10,55.2,20133,55.24,D
sh688777,中控技术,2025-10-15 09:49:13,55.2,7371,55.2,E
sh688777,中控技术,2025-10-15 09:49:28,55.16,14989,55.14,U
sh688777,中控技术,2025-10-15 09:49:34,55.15,4137,55.15,D
sh688777,中控技术,2025-10-15 09:49:37,55.13,4839,55.15,D
sh688777,中控技术,2025-10-15 09:49:40,55.06,31511,55.13,D
sh688777,中控技术,2025-10-15 09:49:43,54.95,42781,55.06,D
sh688777,中控技术,2025-10-15 09:49:52,54.9,9655,54.93,D
sh688777,中控技术,2025-10-15 09:49:55,54.9,8470,54.9,D
sh688777,中控技术,2025-10-15 09:49:58,54.88,11105,54.9,D
sh688777,中控技术,2025-10-15 09:50:01,54.87,8106,54.88,D
sh688777,中控技术,2025-10-15 09:50:04,54.86,22378,54.87,D
sh688777,中控技术,2025-10-15 09:50:10,54.86,5755,54.85,U
sh688777,中控技术,2025-10-15 09:50:13,54.83,65397,54.86,D
sh688777,中控技术,2025-10-15 09:50:16,54.85,9750,54.83,D
sh688777,中控技术,2025-10-15 09:50:19,54.85,5200,54.85,D
sh688777,中控技术,2025-10-15 09:50:25,54.85,14028,54.92,D
sh688777,中控技术,2025-10-15 09:50:28,54.88,5455,54.85,D
sh688777,中控技术,2025-10-15 09:50:34,54.92,15520,54.88,E
sh688777,中控技术,2025-10-15 09:50:43,54.89,9976,54.92,D
sh688777,中控技术,2025-10-15 09:50:46,54.92,4500,54.89,U
sh688777,中控技术,2025-10-15 09:50:52,54.92,7289,54.93,D
sh688777,中控技术,2025-10-15 09:50:55,54.93,25432,54.92,E
sh688777,中控技术,2025-10-15 09:50:58,54.96,8508,54.93,E
sh688777,中控技术,2025-10-15 09:51:01,54.95,4756,54.96,D
sh688777,中控技术,2025-10-15 09:51:07,55.03,6565,55.0,U
sh688777,中控技术,2025-10-15 09:51:10,55.06,23039,55.03,U
sh688777,中控技术,2025-10-15 09:51:16,55.07,7697,55.01,U
sh688777,中控技术,2025-10-15 09:51:19,55.07,8848,55.07,D
sh688777,中控技术,2025-10-15 09:51:22,55.08,3711,55.07,U
sh688777,中控技术,2025-10-15 09:51:34,55.1,12366,55.1,U
sh688777,中控技术,2025-10-15 09:51:37,55.1,3661,55.1,D
sh688777,中控技术,2025-10-15 09:51:40,55.13,4161,55.1,U
sh688777,中控技术,2025-10-15 09:51:43,55.15,5800,55.13,U
sh688777,中控技术,2025-10-15 09:51:46,55.2,17208,55.15,U
sh688777,中控技术,2025-10-15 09:51:52,55.13,12031,55.14,D
sh688777,中控技术,2025-10-15 09:52:01,55.18,4760,55.14,U
sh688777,中控技术,2025-10-15 09:52:04,55.19,14971,55.18,U
sh688777,中控技术,2025-10-15 09:52:07,55.24,4522,55.19,U
sh688777,中控技术,2025-10-15 09:52:13,55.16,3937,55.18,D
sh688777,中控技术,2025-10-15 09:52:16,55.23,11794,55.16,U
sh688777,中控技术,2025-10-15 09:52:19,55.14,31998,55.23,D
sh688777,中控技术,2025-10-15 09:52:34,55.15,11700,55.13,U
sh688777,中控技术,2025-10-15 09:52:40,55.13,12000,55.15,D
sh688777,中控技术,2025-10-15 09:52:46,55.13,12645,55.15,D
sh688777,中控技术,2025-10-15 09:52:49,55.08,6427,55.13,D
sh688777,中控技术,2025-10-15 09:53:01,55.0,35202,55.08,D
sh688777,中控技术,2025-10-15 09:53:04,55.0,39221,55.0,D
sh688777,中控技术,2025-10-15 09:53:07,54.98,13950,55.0,D
sh688777,中控技术,2025-10-15 09:53:13,55.02,3800,54.98,U
sh688777,中控技术,2025-10-15 09:53:16,54.95,14000,55.02,D
sh688777,中控技术,2025-10-15 09:53:19,55.13,20736,54.95,U
sh688777,中控技术,2025-10-15 09:53:22,54.93,5600,55.13,D
sh688777,中控技术,2025-10-15 09:53:52,55.02,7126,55.03,D
sh688777,中控技术,2025-10-15 09:54:01,55.0,4305,55.0,D
sh688777,中控技术,2025-10-15 09:54:07,55.06,7412,55.0,U
sh688777,中控技术,2025-10-15 09:54:37,55.04,4932,55.03,D
sh688777,中控技术,2025-10-15 09:54:43,55.05,9401,55.04,U
sh688777,中控技术,2025-10-15 09:54:46,55.04,12912,55.05,D
sh688777,中控技术,2025-10-15 09:55:01,55.07,8792,55.08,D
sh688777,中控技术,2025-10-15 09:55:07,55.06,10841,55.07,D
sh688777,中控技术,2025-10-15 09:55:10,55.06,4129,55.06,U
sh688777,中控技术,2025-10-15 09:55:34,55.13,8874,55.08,U
sh688777,中控技术,2025-10-15 09:55:52,55.15,12186,55.15,D
sh688777,中控技术,2025-10-15 09:55:55,55.16,17918,55.15,U
sh688777,中控技术,2025-10-15 09:56:04,55.2,5371,55.17,U
sh688777,中控技术,2025-10-15 09:56:16,55.21,11445,55.2,U
sh688777,中控技术,2025-10-15 09:56:19,55.2,8006,55.21,D
sh688777,中控技术,2025-10-15 09:56:22,55.2,12871,55.2,D
sh688777,中控技术,2025-10-15 09:56:43,55.25,7241,55.25,U
sh688777,中控技术,2025-10-15 09:56:46,55.25,14972,55.25,U
sh688777,中控技术,2025-10-15 09:56:49,55.26,10845,55.25,U
sh688777,中控技术,2025-10-15 09:56:52,55.25,5985,55.26,D
sh688777,中控技术,2025-10-15 09:56:55,55.2,9600,55.25,D
sh688777,中控技术,2025-10-15 09:56:58,55.19,6460,55.2,D
sh688777,中控技术,2025-10-15 09:57:01,55.19,8690,55.19,D
sh688777,中控技术,2025-10-15 09:57:04,55.17,17181,55.19,D
sh688777,中控技术,2025-10-15 09:57:07,55.19,3929,55.17,U
sh688777,中控技术,2025-10-15 09:57:10,55.19,6464,55.19,U
sh688777,中控技术,2025-10-15 09:57:13,55.16,4434,55.19,D
sh688777,中控技术,2025-10-15 09:57:16,55.18,13691,55.16,U
sh688777,中控技术,2025-10-15 09:57:28,55.16,33169,55.18,D
sh688777,中控技术,2025-10-15 09:57:43,55.14,7060,55.15,D
sh688777,中控技术,2025-10-15 09:57:49,55.1,5000,55.14,D
sh688777,中控技术,2025-10-15 09:58:01,55.19,15723,55.14,U
sh688777,中控技术,2025-10-15 09:58:40,55.09,6671,55.1,D
sh688777,中控技术,2025-10-15 09:58:49,55.09,4600,55.1,E
sh688777,中控技术,2025-10-15 09:59:19,55.16,4108,55.16,D
sh688777,中控技术,2025-10-15 09:59:34,55.15,4122,55.15,D
sh688777,中控技术,2025-10-15 09:59:49,55.18,7200,55.18,U
sh688777,中控技术,2025-10-15 09:59:55,55.2,6034,55.19,U
sh688777,中控技术,2025-10-15 10:00:07,55.2,16078,55.2,D
sh688777,中控技术,2025-10-15 10:00:22,55.27,11200,55.26,E
sh688777,中控技术,2025-10-15 10:00:34,55.2,9431,55.2,U
sh688777,中控技术,2025-10-15 10:00:37,55.2,10678,55.2,U
sh688777,中控技术,2025-10-15 10:00:40,55.2,4563,55.2,D
sh688777,中控技术,2025-10-15 10:00:49,55.19,27861,55.22,D
sh688777,中控技术,2025-10-15 10:00:58,55.19,9800,55.19,D
sh688777,中控技术,2025-10-15 10:01:01,55.23,5371,55.19,U
sh688777,中控技术,2025-10-15 10:01:13,55.15,6044,55.14,U
sh688777,中控技术,2025-10-15 10:01:31,55.15,5123,55.15,U
sh688777,中控技术,2025-10-15 10:01:49,55.22,3660,55.18,U
sh688777,中控技术,2025-10-15 10:01:52,55.13,14465,55.22,D
sh688777,中控技术,2025-10-15 10:01:55,55.2,32582,55.13,U
sh688777,中控技术,2025-10-15 10:02:04,55.15,5343,55.2,D
sh688777,中控技术,2025-10-15 10:02:13,55.15,6280,55.13,U
sh688777,中控技术,2025-10-15 10:02:25,55.12,4635,55.15,D
sh688777,中控技术,2025-10-15 10:02:49,55.14,6138,55.14,D
sh688777,中控技术,2025-10-15 10:02:52,55.14,4022,55.14,U
sh688777,中控技术,2025-10-15 10:02:55,55.1,5275,55.14,D
sh688777,中控技术,2025-10-15 10:03:01,55.1,7772,55.1,D
sh688777,中控技术,2025-10-15 10:03:04,55.08,47536,55.1,D
sh688777,中控技术,2025-10-15 10:03:07,55.08,6071,55.08,U
sh688777,中控技术,2025-10-15 10:03:10,55.07,5553,55.08,D
sh688777,中控技术,2025-10-15 10:03:34,55.07,5532,55.06,U
sh688777,中控技术,2025-10-15 10:03:37,55.07,5200,55.07,D
sh688777,中控技术,2025-10-15 10:04:10,55.1,10414,55.11,D
sh688777,中控技术,2025-10-15 10:04:13,55.09,4110,55.1,D
sh688777,中控技术,2025-10-15 10:04:19,55.09,9454,55.08,U
sh688777,中控技术,2025-10-15 10:04:22,55.08,14787,55.09,D
sh688777,中控技术,2025-10-15 10:04:40,55.08,5000,55.04,U
sh688777,中控技术,2025-10-15 10:04:52,55.08,9853,55.08,D
sh688777,中控技术,2025-10-15 10:04:58,55.1,19054,55.08,U
sh688777,中控技术,2025-10-15 10:05:01,55.06,39926,55.1,D
sh688777,中控技术,2025-10-15 10:05:34,55.11,4743,55.11,D
sh688777,中控技术,2025-10-15 10:05:46,55.09,10182,55.11,D
sh688777,中控技术,2025-10-15 10:05:49,55.09,4189,55.09,U
sh688777,中控技术,2025-10-15 10:05:58,55.09,5026,55.09,U
sh688777,中控技术,2025-10-15 10:06:01,55.09,4617,55.09,D
sh688777,中控技术,2025-10-15 10:06:16,55.09,3700,55.18,D
sh688777,中控技术,2025-10-15 10:06:40,55.2,15913,55.1,U
sh688777,中控技术,2025-10-15 10:06:52,55.08,27454,55.12,D
sh688777,中控技术,2025-10-15 10:06:55,55.04,11346,55.08,D
sh688777,中控技术,2025-10-15 10:07:01,55.03,21680,55.03,U
sh688777,中控技术,2025-10-15 10:07:10,55.03,3763,55.03,D
sh688777,中控技术,2025-10-15 10:07:19,55.06,5841,55.07,E
sh688777,中控技术,2025-10-15 10:07:22,55.19,13919,55.06,U
sh688777,中控技术,2025-10-15 10:07:43,55.23,15617,55.2,U
sh688777,中控技术,2025-10-15 10:07:58,55.3,10500,55.29,U
sh688777,中控技术,2025-10-15 10:08:07,55.3,4393,55.27,U
sh688777,中控技术,2025-10-15 10:08:16,55.27,5358,55.26,U
sh688777,中控技术,2025-10-15 10:08:19,55.14,4175,55.27,D
sh688777,中控技术,2025-10-15 10:08:25,55.16,3794,55.25,D
sh688777,中控技术,2025-10-15 10:08:43,55.25,7696,55.25,U
sh688777,中控技术,2025-10-15 10:08:52,55.26,4268,55.27,D
sh688777,中控技术,2025-10-15 10:09:01,55.26,7880,55.26,D
sh688777,中控技术,2025-10-15 10:09:04,55.3,6358,55.26,U
sh688777,中控技术,2025-10-15 10:09:07,55.3,5929,55.3,D
sh688777,中控技术,2025-10-15 10:09:34,55.37,4398,55.37,U
sh688777,中控技术,2025-10-15 10:09:58,55.44,3723,55.43,U
sh688777,中控技术,2025-10-15 10:10:04,55.43,9887,55.44,D
sh688777,中控技术,2025-10-15 10:10:10,55.3,15600,55.45,D
sh688777,中控技术,2025-10-15 10:10:25,55.44,4437,55.44,D
sh688777,中控技术,2025-10-15 10:10:28,55.5,11184,55.44,U
sh688777,中控技术,2025-10-15 10:10:31,55.4,21684,55.5,D
sh688777,中控技术,2025-10-15 10:10:34,55.4,9016,55.4,U
sh688777,中控技术,2025-10-15 10:10:37,55.4,9480,55.4,D
sh688777,中控技术,2025-10-15 10:10:43,55.4,5483,55.45,D
sh688777,中控技术,2025-10-15 10:10:46,55.48,7769,55.4,U
sh688777,中控技术,2025-10-15 10:11:07,55.46,6764,55.45,D
sh688777,中控技术,2025-10-15 10:11:22,55.46,4015,55.42,U
sh688777,中控技术,2025-10-15 10:11:34,55.46,4834,55.45,U
sh688777,中控技术,2025-10-15 10:11:55,55.5,6850,55.47,U
sh688777,中控技术,2025-10-15 10:12:01,55.52,5485,55.5,U
sh688777,中控技术,2025-10-15 10:12:13,55.52,5700,55.59,D
sh688777,中控技术,2025-10-15 10:12:16,55.5,14032,55.52,D
sh688777,中控技术,2025-10-15 10:12:19,55.5,11150,55.5,U
sh688777,中控技术,2025-10-15 10:12:55,55.52,4000,55.52,U
sh688777,中控技术,2025-10-15 10:12:58,55.51,4432,55.52,D
sh688777,中控技术,2025-10-15 10:13:01,55.5,4582,55.51,D
sh688777,中控技术,2025-10-15 10:13:04,55.51,6356,55.5,U
sh688777,中控技术,2025-10-15 10:13:10,55.51,4507,55.51,U
sh688777,中控技术,2025-10-15 10:13:31,55.51,4018,55.51,U
sh688777,中控技术,2025-10-15 10:13:34,55.5,8705,55.51,D
sh688777,中控技术,2025-10-15 10:13:52,55.53,10650,55.55,D
sh688777,中控技术,2025-10-15 10:14:07,55.56,8130,55.55,E
sh688777,中控技术,2025-10-15 10:14:10,55.55,3673,55.56,D
sh688777,中控技术,2025-10-15 10:14:19,55.59,8978,55.59,U
sh688777,中控技术,2025-10-15 10:14:22,55.6,5233,55.59,U
sh688777,中控技术,2025-10-15 10:14:25,55.6,4527,55.6,U
sh688777,中控技术,2025-10-15 10:14:31,55.62,5400,55.61,U
sh688777,中控技术,2025-10-15 10:14:37,55.62,5524,55.62,U
sh688777,中控技术,2025-10-15 10:14:40,55.62,5200,55.62,D
sh688777,中控技术,2025-10-15 10:14:52,55.64,7198,55.64,U
sh688777,中控技术,2025-10-15 10:14:55,55.62,16528,55.64,D
sh688777,中控技术,2025-10-15 10:15:01,55.6,6716,55.6,D
sh688777,中控技术,2025-10-15 10:15:10,55.59,4523,55.6,D
sh688777,中控技术,2025-10-15 10:15:25,55.55,4328,55.55,D
sh688777,中控技术,2025-10-15 10:15:37,55.54,5009,55.55,D
sh688777,中控技术,2025-10-15 10:16:07,55.54,4883,55.53,U
sh688777,中控技术,2025-10-15 10:16:16,55.56,5590,55.55,U
sh688777,中控技术,2025-10-15 10:16:46,55.6,7084,55.59,U
sh688777,中控技术,2025-10-15 10:16:55,55.63,11701,55.63,U
sh688777,中控技术,2025-10-15 10:17:01,55.65,6700,55.64,U
sh688777,中控技术,2025-10-15 10:17:13,55.69,11025,55.66,U
sh688777,中控技术,2025-10-15 10:17:16,55.72,40444,55.69,U
sh688777,中控技术,2025-10-15 10:17:19,55.75,25058,55.72,U
sh688777,中控技术,2025-10-15 10:17:31,55.73,8869,55.72,U
sh688777,中控技术,2025-10-15 10:17:34,55.72,23552,55.73,D
sh688777,中控技术,2025-10-15 10:17:49,55.68,7974,55.68,U
sh688777,中控技术,2025-10-15 10:18:01,55.74,4290,55.72,U
sh688777,中控技术,2025-10-15 10:18:10,55.78,31285,55.75,U
sh688777,中控技术,2025-10-15 10:18:13,55.72,27272,55.78,D
sh688777,中控技术,2025-10-15 10:18:16,55.72,12608,55.72,U
sh688777,中控技术,2025-10-15 10:18:25,55.7,8402,55.75,D
sh688777,中控技术,2025-10-15 10:18:31,55.7,3757,55.7,U
sh688777,中控技术,2025-10-15 10:18:40,55.7,3966,55.7,D
sh688777,中控技术,2025-10-15 10:18:49,55.68,27932,55.7,D
sh688777,中控技术,2025-10-15 10:18:58,55.66,5928,55.68,E
sh688777,中控技术,2025-10-15 10:19:07,55.66,4409,55.66,U
sh688777,中控技术,2025-10-15 10:19:10,55.7,3637,55.66,U
sh688777,中控技术,2025-10-15 10:19:22,55.7,5113,55.7,U
sh688777,中控技术,2025-10-15 10:19:46,55.69,4625,55.69,D
sh688777,中控技术,2025-10-15 10:19:49,55.69,9265,55.69,D
sh688777,中控技术,2025-10-15 10:19:52,55.67,3722,55.69,D
sh688777,中控技术,2025-10-15 10:20:07,55.63,55585,55.66,D
sh688777,中控技术,2025-10-15 10:20:25,55.61,4283,55.62,D
sh688777,中控技术,2025-10-15 10:20:28,55.61,9761,55.61,D
sh688777,中控技术,2025-10-15 10:20:37,55.55,9665,55.6,D
sh688777,中控技术,2025-10-15 10:20:40,55.61,6140,55.55,U
sh688777,中控技术,2025-10-15 10:20:55,55.55,5297,55.55,D
sh688777,中控技术,2025-10-15 10:21:58,55.48,13352,55.48,U
sh688777,中控技术,2025-10-15 10:22:07,55.46,5800,55.5,D
sh688777,中控技术,2025-10-15 10:22:37,55.45,10000,55.46,D
sh688777,中控技术,2025-10-15 10:22:55,55.46,7072,55.46,U
sh688777,中控技术,2025-10-15 10:23:13,55.47,3800,55.46,U
sh688777,中控技术,2025-10-15 10:23:16,55.47,5140,55.47,U
sh688777,中控技术,2025-10-15 10:23:19,55.47,5000,55.47,D
sh688777,中控技术,2025-10-15 10:23:22,55.48,8604,55.47,E
sh688777,中控技术,2025-10-15 10:23:25,55.45,5395,55.48,D
sh688777,中控技术,2025-10-15 10:23:28,55.45,6904,55.45,D
sh688777,中控技术,2025-10-15 10:23:37,55.46,5912,55.43,U
sh688777,中控技术,2025-10-15 10:23:43,55.43,7781,55.45,D
sh688777,中控技术,2025-10-15 10:23:52,55.42,4942,55.42,U
sh688777,中控技术,2025-10-15 10:24:04,55.43,5760,55.46,D
sh688777,中控技术,2025-10-15 10:24:13,55.5,6046,55.5,U
sh688777,中控技术,2025-10-15 10:24:37,55.53,6600,55.53,U
sh688777,中控技术,2025-10-15 10:24:46,55.54,6289,55.54,U
sh688777,中控技术,2025-10-15 10:25:04,55.55,8628,55.53,U
sh688777,中控技术,2025-10-15 10:25:16,55.6,9332,55.57,U
sh688777,中控技术,2025-10-15 10:25:28,55.66,14553,55.6,U
sh688777,中控技术,2025-10-15 10:25:43,55.7,9232,55.67,U
sh688777,中控技术,2025-10-15 10:25:46,55.7,25400,55.7,U
sh688777,中控技术,2025-10-15 10:25:49,55.7,5256,55.7,U
sh688777,中控技术,2025-10-15 10:26:01,55.7,6361,55.7,U
sh688777,中控技术,2025-10-15 10:26:07,55.72,6628,55.71,U
sh688777,中控技术,2025-10-15 10:26:16,55.71,5237,55.71,D
sh688777,中控技术,2025-10-15 10:26:19,55.71,3781,55.71,D
sh688777,中控技术,2025-10-15 10:26:22,55.69,5039,55.71,D
sh688777,中控技术,2025-10-15 10:26:25,55.7,3906,55.69,U
sh688777,中控技术,2025-10-15 10:26:31,55.65,5000,55.67,D
sh688777,中控技术,2025-10-15 10:26:34,55.64,36076,55.65,D
sh688777,中控技术,2025-10-15 10:26:40,55.65,6153,55.63,U
sh688777,中控技术,2025-10-15 10:26:55,55.71,48895,55.69,U
sh688777,中控技术,2025-10-15 10:26:58,55.78,23308,55.71,U
sh688777,中控技术,2025-10-15 10:27:01,55.79,7685,55.78,U
sh688777,中控技术,2025-10-15 10:27:04,55.78,8600,55.79,D
sh688777,中控技术,2025-10-15 10:27:07,55.8,3600,55.78,U
sh688777,中控技术,2025-10-15 10:27:16,55.8,5765,55.8,U
sh688777,中控技术,2025-10-15 10:27:22,55.8,11576,55.78,U
sh688777,中控技术,2025-10-15 10:27:34,55.78,13896,55.8,D
sh688777,中控技术,2025-10-15 10:27:37,55.75,13982,55.78,E
sh688777,中控技术,2025-10-15 10:27:43,55.79,4600,55.75,U
sh688777,中控技术,2025-10-15 10:27:46,55.8,17368,55.79,U
sh688777,中控技术,2025-10-15 10:27:49,55.84,3974,55.8,U
sh688777,中控技术,2025-10-15 10:27:52,55.87,39931,55.84,U
sh688777,中控技术,2025-10-15 10:28:10,55.87,3923,55.87,U
sh688777,中控技术,2025-10-15 10:28:13,55.85,6705,55.87,D
sh688777,中控技术,2025-10-15 10:28:16,55.8,4500,55.85,D
sh688777,中控技术,2025-10-15 10:28:22,55.78,4789,55.78,D
sh688777,中控技术,2025-10-15 10:28:28,55.78,13411,55.78,U
sh688777,中控技术,2025-10-15 10:28:37,55.78,5200,55.79,D
sh688777,中控技术,2025-10-15 10:28:46,55.78,22181,55.78,D
sh688777,中控技术,2025-10-15 10:28:49,55.78,13625,55.78,U
sh688777,中控技术,2025-10-15 10:28:52,55.79,12441,55.78,U
sh688777,中控技术,2025-10-15 10:28:58,55.83,4200,55.8,U
sh688777,中控技术,2025-10-15 10:29:10,55.79,15000,55.83,D
sh688777,中控技术,2025-10-15 10:29:13,55.85,19540,55.79,U
sh688777,中控技术,2025-10-15 10:29:28,55.85,5500,55.86,D
sh688777,中控技术,2025-10-15 10:29:31,55.86,14611,55.85,U
sh688777,中控技术,2025-10-15 10:29:49,55.85,11897,55.84,U
sh688777,中控技术,2025-10-15 10:29:52,55.85,11200,55.85,D
sh688777,中控技术,2025-10-15 10:29:55,55.83,6454,55.85,D
sh688777,中控技术,2025-10-15 10:30:01,55.79,4994,55.82,D
sh688777,中控技术,2025-10-15 10:30:34,55.72,5076,55.73,D
sh688777,中控技术,2025-10-15 10:30:37,55.69,11039,55.72,D
sh688777,中控技术,2025-10-15 10:30:49,55.66,7557,55.68,D
sh688777,中控技术,2025-10-15 10:30:52,55.66,4143,55.66,U
sh688777,中控技术,2025-10-15 10:31:01,55.7,11765,55.7,U
sh688777,中控技术,2025-10-15 10:31:16,55.63,6825,55.61,U
sh688777,中控技术,2025-10-15 10:31:25,55.63,8249,55.63,D
sh688777,中控技术,2025-10-15 10:31:37,55.61,7382,55.63,D
sh688777,中控技术,2025-10-15 10:31:43,55.6,9816,55.6,D
sh688777,中控技术,2025-10-15 10:31:46,55.62,5618,55.6,U
sh688777,中控技术,2025-10-15 10:31:49,55.63,3911,55.62,U
sh688777,中控技术,2025-10-15 10:31:58,55.6,7700,55.62,D
sh688777,中控技术,2025-10-15 10:32:01,55.62,4025,55.6,U
sh688777,中控技术,2025-10-15 10:32:04,55.6,4080,55.62,D
sh688777,中控技术,2025-10-15 10:32:07,55.62,5211,55.6,U
sh688777,中控技术,2025-10-15 10:32:10,55.63,8999,55.62,U
sh688777,中控技术,2025-10-15 10:32:25,55.67,4405,55.63,U
sh688777,中控技术,2025-10-15 10:32:34,55.67,11976,55.67,U
sh688777,中控技术,2025-10-15 10:32:37,55.69,4077,55.67,U
sh688777,中控技术,2025-10-15 10:32:49,55.67,6200,55.68,D
sh688777,中控技术,2025-10-15 10:32:58,55.67,8089,55.67,D
sh688777,中控技术,2025-10-15 10:33:01,55.68,20856,55.67,U
sh688777,中控技术,2025-10-15 10:33:16,55.65,5900,55.63,U
sh688777,中控技术,2025-10-15 10:33:19,55.64,3600,55.65,D
sh688777,中控技术,2025-10-15 10:33:31,55.65,6200,55.66,D
sh688777,中控技术,2025-10-15 10:33:34,55.66,3829,55.65,U
sh688777,中控技术,2025-10-15 10:33:46,55.67,4721,55.66,U
sh688777,中控技术,2025-10-15 10:33:49,55.66,7583,55.67,D
sh688777,中控技术,2025-10-15 10:33:55,55.65,5558,55.66,D
sh688777,中控技术,2025-10-15 10:34:01,55.67,24677,55.65,U
sh688777,中控技术,2025-10-15 10:34:07,55.67,5000,55.67,D
sh688777,中控技术,2025-10-15 10:34:13,55.68,10386,55.68,U
sh688777,中控技术,2025-10-15 10:34:19,55.68,16150,55.68,D
sh688777,中控技术,2025-10-15 10:34:25,55.68,8488,55.68,D
sh688777,中控技术,2025-10-15 10:34:28,55.68,7994,55.68,D
sh688777,中控技术,2025-10-15 10:34:37,55.68,7478,55.68,E
sh688777,中控技术,2025-10-15 10:34:46,55.68,14083,55.66,U
sh688777,中控技术,2025-10-15 10:35:01,55.63,5212,55.63,D
sh688777,中控技术,2025-10-15 10:35:13,55.58,15746,55.61,D
sh688777,中控技术,2025-10-15 10:35:37,55.51,4403,55.54,D
sh688777,中控技术,2025-10-15 10:35:46,55.48,6020,55.53,D
sh688777,中控技术,2025-10-15 10:35:55,55.48,6500,55.45,U
sh688777,中控技术,2025-10-15 10:36:04,55.4,5166,55.48,D
sh688777,中控技术,2025-10-15 10:36:13,55.4,5300,55.4,D
sh688777,中控技术,2025-10-15 10:36:43,55.41,4106,55.4,U
sh688777,中控技术,2025-10-15 10:36:52,55.4,5600,55.4,D
sh688777,中控技术,2025-10-15 10:36:58,55.4,5894,55.4,D
sh688777,中控技术,2025-10-15 10:37:16,55.42,10000,55.4,U
sh688777,中控技术,2025-10-15 10:37:25,55.43,9536,55.42,U
sh688777,中控技术,2025-10-15 10:38:04,55.44,12866,55.43,U
sh688777,中控技术,2025-10-15 10:38:16,55.44,6871,55.44,D
sh688777,中控技术,2025-10-15 10:38:34,55.4,17429,55.44,D
sh688777,中控技术,2025-10-15 10:39:10,55.37,6800,55.36,U
sh688777,中控技术,2025-10-15 10:39:16,55.35,23721,55.36,D
sh688777,中控技术,2025-10-15 10:39:19,55.36,6032,55.35,U
sh688777,中控技术,2025-10-15 10:39:25,55.34,4017,55.35,D
sh688777,中控技术,2025-10-15 10:39:37,55.34,9753,55.34,U
sh688777,中控技术,2025-10-15 10:39:52,55.31,5116,55.33,D
sh688777,中控技术,2025-10-15 10:40:04,55.37,6200,55.41,D
sh688777,中控技术,2025-10-15 10:40:31,55.31,16365,55.37,D
sh688777,中控技术,2025-10-15 10:40:34,55.3,7452,55.31,D
sh688777,中控技术,2025-10-15 10:40:55,55.2,16794,55.24,D
sh688777,中控技术,2025-10-15 10:40:58,55.19,19705,55.2,D
sh688777,中控技术,2025-10-15 10:41:01,55.2,15825,55.19,U
sh688777,中控技术,2025-10-15 10:41:07,55.2,8602,55.2,D
sh688777,中控技术,2025-10-15 10:41:43,55.26,9388,55.2,U
sh688777,中控技术,2025-10-15 10:41:49,55.26,26266,55.2,U
sh688777,中控技术,2025-10-15 10:42:13,55.2,14783,55.25,D
sh688777,中控技术,2025-10-15 10:42:22,55.19,5000,55.18,E
sh688777,中控技术,2025-10-15 10:42:37,55.15,3884,55.15,D
sh688777,中控技术,2025-10-15 10:42:40,55.15,6789,55.15,D
sh688777,中控技术,2025-10-15 10:42:52,55.13,38784,55.15,D
sh688777,中控技术,2025-10-15 10:42:58,55.15,31300,55.13,U
sh688777,中控技术,2025-10-15 10:43:10,55.15,5226,55.16,D
sh688777,中控技术,2025-10-15 10:43:13,55.14,5700,55.15,U
sh688777,中控技术,2025-10-15 10:43:16,55.1,8603,55.14,D
sh688777,中控技术,2025-10-15 10:43:25,55.14,19526,55.12,U
sh688777,中控技术,2025-10-15 10:43:31,55.14,8503,55.14,D
sh688777,中控技术,2025-10-15 10:43:46,55.15,5984,55.15,D
sh688777,中控技术,2025-10-15 10:43:49,55.16,7683,55.15,U
sh688777,中控技术,2025-10-15 10:44:04,55.15,5400,55.15,U
sh688777,中控技术,2025-10-15 10:44:10,55.14,11222,55.15,D
sh688777,中控技术,2025-10-15 10:44:19,55.1,4421,55.14,D
sh688777,中控技术,2025-10-15 10:44:28,55.1,4126,55.12,D
sh688777,中控技术,2025-10-15 10:44:31,55.11,11700,55.1,U
sh688777,中控技术,2025-10-15 10:44:43,55.07,7286,55.09,D
sh688777,中控技术,2025-10-15 10:44:49,55.07,7277,55.07,U
sh688777,中控技术,2025-10-15 10:44:52,55.09,10190,55.07,U
sh688777,中控技术,2025-10-15 10:45:04,55.1,4079,55.1,D
sh688777,中控技术,2025-10-15 10:45:07,55.15,5000,55.1,U
sh688777,中控技术,2025-10-15 10:45:10,55.15,6361,55.15,U
sh688777,中控技术,2025-10-15 10:45:34,55.17,5196,55.18,D
sh688777,中控技术,2025-10-15 10:46:07,55.14,4487,55.16,D
sh688777,中控技术,2025-10-15 10:46:28,55.16,8000,55.19,D
sh688777,中控技术,2025-10-15 10:46:46,55.16,14443,55.16,D
sh688777,中控技术,2025-10-15 10:47:13,55.2,10000,55.16,U
sh688777,中控技术,2025-10-15 10:47:58,55.26,8887,55.21,U
sh688777,中控技术,2025-10-15 10:48:04,55.2,5000,55.26,D
sh688777,中控技术,2025-10-15 10:48:07,55.21,11380,55.2,D
sh688777,中控技术,2025-10-15 10:48:25,55.16,8409,55.16,D
sh688777,中控技术,2025-10-15 10:48:40,55.24,10010,55.16,U
sh688777,中控技术,2025-10-15 10:49:07,55.15,6269,55.16,D
sh688777,中控技术,2025-10-15 10:49:22,55.16,4124,55.16,U
sh688777,中控技术,2025-10-15 10:49:31,55.16,6400,55.16,D
sh688777,中控技术,2025-10-15 10:49:46,55.16,3765,55.16,D
sh688777,中控技术,2025-10-15 10:49:49,55.14,18267,55.16,D
sh688777,中控技术,2025-10-15 10:50:04,55.08,3660,55.1,D
sh688777,中控技术,2025-10-15 10:50:40,55.11,3742,55.11,U
sh688777,中控技术,2025-10-15 10:50:49,55.08,3905,55.08,U
sh688777,中控技术,2025-10-15 10:50:55,55.06,10173,55.11,D
sh688777,中控技术,2025-10-15 10:51:01,55.03,6490,55.06,D
sh688777,中控技术,2025-10-15 10:51:04,55.02,4600,55.03,D
sh688777,中控技术,2025-10-15 10:51:13,55.03,5600,55.03,D
sh688777,中控技术,2025-10-15 10:51:31,55.04,11600,55.1,D
sh688777,中控技术,2025-10-15 10:51:46,55.04,15000,55.1,D
sh688777,中控技术,2025-10-15 10:52:04,55.02,16204,55.08,D
sh688777,中控技术,2025-10-15 10:52:10,55.07,10400,55.02,D
sh688777,中控技术,2025-10-15 10:52:19,55.09,4042,55.08,U
sh688777,中控技术,2025-10-15 10:52:43,55.15,10228,55.09,U
sh688777,中控技术,2025-10-15 10:52:55,55.13,5000,55.09,U
sh688777,中控技术,2025-10-15 10:53:52,55.12,7812,55.1,U
sh688777,中控技术,2025-10-15 10:54:01,55.1,8794,55.13,D
sh688777,中控技术,2025-10-15 10:55:04,55.13,18424,55.12,U
sh688777,中控技术,2025-10-15 10:55:16,55.11,18459,55.13,D
sh688777,中控技术,2025-10-15 10:55:22,55.05,35851,55.11,D
sh688777,中控技术,2025-10-15 10:55:25,55.06,32345,55.05,U
sh688777,中控技术,2025-10-15 10:55:43,55.02,10308,55.03,D
sh688777,中控技术,2025-10-15 10:55:55,55.01,7100,55.02,D
sh688777,中控技术,2025-10-15 10:55:58,55.02,12009,55.01,U
sh688777,中控技术,2025-10-15 10:56:01,55.0,11097,55.02,D
sh688777,中控技术,2025-10-15 10:56:28,55.0,45153,55.01,D
sh688777,中控技术,2025-10-15 10:56:34,54.97,10577,55.0,D
sh688777,中控技术,2025-10-15 10:56:43,54.97,4700,54.97,U
sh688777,中控技术,2025-10-15 10:56:46,54.93,9688,54.97,D
sh688777,中控技术,2025-10-15 10:56:55,54.93,4347,54.91,U
sh688777,中控技术,2025-10-15 10:56:58,54.93,6650,54.93,U
sh688777,中控技术,2025-10-15 10:57:04,54.9,13800,54.96,D
sh688777,中控技术,2025-10-15 10:57:13,54.89,10600,54.9,D
sh688777,中控技术,2025-10-15 10:57:19,54.9,11281,54.9,U
sh688777,中控技术,2025-10-15 10:57:40,54.91,11227,54.9,U
sh688777,中控技术,2025-10-15 10:57:52,54.91,3890,54.91,D
sh688777,中控技术,2025-10-15 10:57:58,54.91,4500,54.91,D
sh688777,中控技术,2025-10-15 10:58:04,54.91,7551,54.9,E
sh688777,中控技术,2025-10-15 10:58:07,54.88,22528,54.91,D
sh688777,中控技术,2025-10-15 10:58:10,54.88,15533,54.88,D
sh688777,中控技术,2025-10-15 10:58:13,54.87,5241,54.88,D
sh688777,中控技术,2025-10-15 10:58:22,54.87,7845,54.91,D
sh688777,中控技术,2025-10-15 10:58:28,54.86,6044,54.87,D
sh688777,中控技术,2025-10-15 10:58:40,54.87,12442,54.89,E
sh688777,中控技术,2025-10-15 10:59:01,54.89,7325,54.9,D
sh688777,中控技术,2025-10-15 10:59:07,54.87,9000,54.88,D
sh688777,中控技术,2025-10-15 10:59:16,54.88,8382,54.9,D
sh688777,中控技术,2025-10-15 10:59:22,54.88,5184,54.88,U
sh688777,中控技术,2025-10-15 10:59:25,54.85,24433,54.88,D
sh688777,中控技术,2025-10-15 10:59:37,54.86,8948,54.86,D
sh688777,中控技术,2025-10-15 10:59:46,54.86,8038,54.86,U
sh688777,中控技术,2025-10-15 10:59:49,54.85,6000,54.86,D
sh688777,中控技术,2025-10-15 11:00:01,54.86,7525,54.85,U
sh688777,中控技术,2025-10-15 11:00:16,54.9,8538,54.88,U
sh688777,中控技术,2025-10-15 11:00:19,54.93,10178,54.9,U
sh688777,中控技术,2025-10-15 11:00:22,54.91,4691,54.93,E
sh688777,中控技术,2025-10-15 11:00:25,54.91,5000,54.91,D
sh688777,中控技术,2025-10-15 11:00:43,54.97,5200,54.91,U
sh688777,中控技术,2025-10-15 11:01:19,54.95,18001,54.92,U
sh688777,中控技术,2025-10-15 11:01:34,54.95,3808,54.95,D
sh688777,中控技术,2025-10-15 11:01:40,54.91,37384,54.93,D
sh688777,中控技术,2025-10-15 11:01:46,54.91,4483,54.91,D
sh688777,中控技术,2025-10-15 11:01:49,54.89,10608,54.91,D
sh688777,中控技术,2025-10-15 11:01:52,54.88,9131,54.89,D
sh688777,中控技术,2025-10-15 11:02:04,54.85,8438,54.87,D
sh688777,中控技术,2025-10-15 11:02:25,54.86,4846,54.86,D
sh688777,中控技术,2025-10-15 11:02:28,54.84,16799,54.86,D
sh688777,中控技术,2025-10-15 11:02:31,54.82,11143,54.84,D
sh688777,中控技术,2025-10-15 11:02:34,54.8,41486,54.82,D
sh688777,中控技术,2025-10-15 11:02:37,54.81,4939,54.8,U
sh688777,中控技术,2025-10-15 11:02:43,54.79,6980,54.8,D
sh688777,中控技术,2025-10-15 11:02:49,54.79,5976,54.8,D
sh688777,中控技术,2025-10-15 11:02:55,54.79,10383,54.79,D
sh688777,中控技术,2025-10-15 11:02:58,54.79,34064,54.79,U
sh688777,中控技术,2025-10-15 11:03:04,54.78,6250,54.78,D
sh688777,中控技术,2025-10-15 11:03:07,54.76,24200,54.78,D
sh688777,中控技术,2025-10-15 11:03:19,54.75,3918,54.75,U
sh688777,中控技术,2025-10-15 11:03:25,54.7,26281,54.75,D
sh688777,中控技术,2025-10-15 11:03:28,54.74,22000,54.7,E
sh688777,中控技术,2025-10-15 11:03:31,54.7,6493,54.74,D
sh688777,中控技术,2025-10-15 11:03:40,54.7,4502,54.72,D
sh688777,中控技术,2025-10-15 11:03:46,54.71,6253,54.71,D
sh688777,中控技术,2025-10-15 11:03:58,54.7,13101,54.72,D
sh688777,中控技术,2025-10-15 11:04:01,54.72,6955,54.7,U
sh688777,中控技术,2025-10-15 11:04:10,54.82,11573,54.77,U
sh688777,中控技术,2025-10-15 11:04:13,54.78,6100,54.82,E
sh688777,中控技术,2025-10-15 11:04:37,54.78,17299,54.77,U
sh688777,中控技术,2025-10-15 11:04:46,54.76,5400,54.78,D
sh688777,中控技术,2025-10-15 11:05:01,54.78,5500,54.8,D
sh688777,中控技术,2025-10-15 11:05:07,54.78,4000,54.78,U
sh688777,中控技术,2025-10-15 11:05:10,54.79,5617,54.78,E
sh688777,中控技术,2025-10-15 11:05:13,54.8,6000,54.79,U
sh688777,中控技术,2025-10-15 11:05:22,54.83,9400,54.82,U
sh688777,中控技术,2025-10-15 11:05:34,54.78,13531,54.82,D
sh688777,中控技术,2025-10-15 11:05:49,54.75,8907,54.77,D
sh688777,中控技术,2025-10-15 11:06:01,54.74,3688,54.75,D
sh688777,中控技术,2025-10-15 11:06:19,54.72,18896,54.74,D
sh688777,中控技术,2025-10-15 11:06:37,54.73,9604,54.73,U
sh688777,中控技术,2025-10-15 11:06:40,54.72,4080,54.73,D
sh688777,中控技术,2025-10-15 11:06:52,54.73,4339,54.72,U
sh688777,中控技术,2025-10-15 11:07:01,54.75,10164,54.73,U
sh688777,中控技术,2025-10-15 11:07:04,54.73,4106,54.75,D
sh688777,中控技术,2025-10-15 11:07:16,54.74,5721,54.74,D
sh688777,中控技术,2025-10-15 11:07:28,54.77,25056,54.77,U
sh688777,中控技术,2025-10-15 11:07:40,54.77,16336,54.77,D
sh688777,中控技术,2025-10-15 11:07:55,54.79,9070,54.77,U
sh688777,中控技术,2025-10-15 11:08:01,54.8,16500,54.79,U
sh688777,中控技术,2025-10-15 11:08:04,54.8,12000,54.8,U
sh688777,中控技术,2025-10-15 11:08:10,54.79,4581,54.8,D
sh688777,中控技术,2025-10-15 11:08:40,54.79,5000,54.82,D
sh688777,中控技术,2025-10-15 11:08:43,54.85,17200,54.79,U
sh688777,中控技术,2025-10-15 11:08:55,54.7,80000,54.83,D
sh688777,中控技术,2025-10-15 11:09:16,54.79,4750,54.8,D
sh688777,中控技术,2025-10-15 11:09:25,54.8,29722,54.8,U
sh688777,中控技术,2025-10-15 11:09:28,54.8,22578,54.8,D
sh688777,中控技术,2025-10-15 11:09:31,54.71,8000,54.8,D
sh688777,中控技术,2025-10-15 11:10:01,54.79,10446,54.75,U
sh688777,中控技术,2025-10-15 11:10:19,54.84,3875,54.79,U
sh688777,中控技术,2025-10-15 11:10:22,54.78,13700,54.84,D
sh688777,中控技术,2025-10-15 11:10:28,54.78,6750,54.78,D
sh688777,中控技术,2025-10-15 11:10:46,54.78,10860,54.79,D
sh688777,中控技术,2025-10-15 11:10:55,54.78,7616,54.78,D
sh688777,中控技术,2025-10-15 11:11:04,54.78,3750,54.78,D
sh688777,中控技术,2025-10-15 11:12:13,54.75,5450,54.76,D
sh688777,中控技术,2025-10-15 11:12:19,54.71,6000,54.75,D
sh688777,中控技术,2025-10-15 11:12:31,54.75,3969,54.74,U
sh688777,中控技术,2025-10-15 11:13:01,54.72,13430,54.73,D
sh688777,中控技术,2025-10-15 11:13:04,54.74,53355,54.72,U
sh688777,中控技术,2025-10-15 11:13:07,54.74,10789,54.74,D
sh688777,中控技术,2025-10-15 11:13:16,54.69,18200,54.7,D
sh688777,中控技术,2025-10-15 11:13:19,54.7,5100,54.69,U
sh688777,中控技术,2025-10-15 11:13:25,54.68,9380,54.7,D
sh688777,中控技术,2025-10-15 11:13:28,54.68,7630,54.68,U
sh688777,中控技术,2025-10-15 11:13:31,54.66,7152,54.68,D
sh688777,中控技术,2025-10-15 11:13:34,54.66,3851,54.66,U
sh688777,中控技术,2025-10-15 11:13:37,54.61,10909,54.66,D
sh688777,中控技术,2025-10-15 11:13:43,54.6,27740,54.6,D
sh688777,中控技术,2025-10-15 11:13:46,54.58,4000,54.6,D
sh688777,中控技术,2025-10-15 11:13:49,54.58,8741,54.58,D
sh688777,中控技术,2025-10-15 11:13:52,54.58,21691,54.58,D
sh688777,中控技术,2025-10-15 11:13:58,54.6,6764,54.6,D
sh688777,中控技术,2025-10-15 11:14:01,54.58,6337,54.6,D
sh688777,中控技术,2025-10-15 11:14:04,54.67,17997,54.58,U
sh688777,中控技术,2025-10-15 11:14:07,54.65,5464,54.67,E
sh688777,中控技术,2025-10-15 11:14:16,54.65,5840,54.65,D
sh688777,中控技术,2025-10-15 11:14:31,54.74,13488,54.65,U
sh688777,中控技术,2025-10-15 11:14:34,54.84,8114,54.74,U
sh688777,中控技术,2025-10-15 11:15:04,54.84,7400,54.77,U
sh688777,中控技术,2025-10-15 11:15:28,54.75,7274,54.75,U
sh688777,中控技术,2025-10-15 11:15:52,54.69,6200,54.69,U
sh688777,中控技术,2025-10-15 11:15:55,54.66,11103,54.69,D
sh688777,中控技术,2025-10-15 11:16:13,54.77,7683,54.73,U
sh688777,中控技术,2025-10-15 11:16:46,54.76,3660,54.76,D
sh688777,中控技术,2025-10-15 11:17:10,54.77,9263,54.72,U
sh688777,中控技术,2025-10-15 11:18:01,54.77,4000,54.78,D
sh688777,中控技术,2025-10-15 11:18:04,54.8,32844,54.77,U
sh688777,中控技术,2025-10-15 11:18:25,54.8,6715,54.84,D
sh688777,中控技术,2025-10-15 11:18:52,54.85,4802,54.85,U
sh688777,中控技术,2025-10-15 11:19:01,54.83,7685,54.84,D
sh688777,中控技术,2025-10-15 11:19:04,54.81,4127,54.83,D
sh688777,中控技术,2025-10-15 11:19:16,54.82,5723,54.84,D
sh688777,中控技术,2025-10-15 11:19:19,54.84,14212,54.82,U
sh688777,中控技术,2025-10-15 11:19:28,54.82,5300,54.84,E
sh688777,中控技术,2025-10-15 11:19:43,54.84,5200,54.81,U
sh688777,中控技术,2025-10-15 11:19:49,54.8,4587,54.81,D
sh688777,中控技术,2025-10-15 11:19:58,54.8,7000,54.8,D
sh688777,中控技术,2025-10-15 11:20:58,54.79,9336,54.8,D
sh688777,中控技术,2025-10-15 11:21:34,54.81,4653,54.81,U
sh688777,中控技术,2025-10-15 11:21:58,54.85,10800,54.83,U
sh688777,中控技术,2025-10-15 11:22:01,54.8,8543,54.85,D
sh688777,中控技术,2025-10-15 11:22:34,54.78,5047,54.79,D
sh688777,中控技术,2025-10-15 11:22:52,54.77,8946,54.8,D
sh688777,中控技术,2025-10-15 11:23:28,54.8,17478,54.72,U
sh688777,中控技术,2025-10-15 11:24:04,54.85,6000,54.84,U
sh688777,中控技术,2025-10-15 11:24:07,54.86,13589,54.85,U
sh688777,中控技术,2025-10-15 11:24:19,54.9,11500,54.88,U
sh688777,中控技术,2025-10-15 11:24:55,54.88,5000,54.89,D
sh688777,中控技术,2025-10-15 11:24:58,54.88,5989,54.88,D
sh688777,中控技术,2025-10-15 11:25:40,54.87,14599,54.86,U
sh688777,中控技术,2025-10-15 11:25:43,54.89,15098,54.87,U
sh688777,中控技术,2025-10-15 11:25:46,54.89,6300,54.89,D
sh688777,中控技术,2025-10-15 11:25:52,54.89,70104,54.89,D
sh688777,中控技术,2025-10-15 11:26:01,54.98,7988,54.95,U
sh688777,中控技术,2025-10-15 11:26:19,54.99,10720,55.0,D
sh688777,中控技术,2025-10-15 11:26:22,55.0,6668,54.99,U
sh688777,中控技术,2025-10-15 11:26:37,55.0,4527,55.0,U
sh688777,中控技术,2025-10-15 11:27:43,54.95,10556,54.96,D
sh688777,中控技术,2025-10-15 11:27:52,54.9,8812,54.9,D
sh688777,中控技术,2025-10-15 11:28:34,54.98,4060,54.95,U
sh688777,中控技术,2025-10-15 11:28:52,55.0,8497,55.0,U
sh688777,中控技术,2025-10-15 11:28:58,55.0,15014,55.0,U
sh688777,中控技术,2025-10-15 11:29:07,54.99,5551,55.0,D
sh688777,中控技术,2025-10-15 11:29:13,54.96,10900,54.99,D
sh688777,中控技术,2025-10-15 11:29:46,55.01,7938,55.01,U
sh688777,中控技术,2025-10-15 11:29:49,55.0,7132,55.01,D
sh688777,中控技术,2025-10-15 13:00:01,55.01,5529,54.96,U
sh688777,中控技术,2025-10-15 13:00:04,55.0,3653,55.01,D
sh688777,中控技术,2025-10-15 13:00:07,55.0,8470,55.0,D
sh688777,中控技术,2025-10-15 13:00:10,55.0,10152,55.0,D
sh688777,中控技术,2025-10-15 13:00:13,54.93,8592,55.0,D
sh688777,中控技术,2025-10-15 13:01:28,54.84,10800,54.87,D
sh688777,中控技术,2025-10-15 13:01:55,54.9,19762,54.88,U
sh688777,中控技术,2025-10-15 13:02:52,54.9,3732,54.88,U
sh688777,中控技术,2025-10-15 13:03:04,54.99,6518,54.96,U
sh688777,中控技术,2025-10-15 13:03:07,55.0,4200,54.99,U
sh688777,中控技术,2025-10-15 13:04:16,54.99,10800,54.96,U
sh688777,中控技术,2025-10-15 13:04:19,55.03,4504,54.99,U
sh688777,中控技术,2025-10-15 13:04:31,55.04,6632,55.05,D
sh688777,中控技术,2025-10-15 13:04:37,55.05,12512,55.05,U
sh688777,中控技术,2025-10-15 13:04:52,55.15,5554,55.1,U
sh688777,中控技术,2025-10-15 13:05:22,55.01,4500,55.02,D
sh688777,中控技术,2025-10-15 13:05:52,55.1,13298,55.1,U
sh688777,中控技术,2025-10-15 13:06:01,55.18,5400,55.11,U
sh688777,中控技术,2025-10-15 13:06:13,55.18,15915,55.17,U
sh688777,中控技术,2025-10-15 13:06:25,55.15,4400,55.18,D
sh688777,中控技术,2025-10-15 13:06:43,55.15,4138,55.15,U
sh688777,中控技术,2025-10-15 13:06:58,55.15,5362,55.15,U
sh688777,中控技术,2025-10-15 13:07:07,55.14,4695,55.14,U
sh688777,中控技术,2025-10-15 13:07:16,55.1,4428,55.13,D
sh688777,中控技术,2025-10-15 13:07:19,55.1,4443,55.1,U
sh688777,中控技术,2025-10-15 13:07:40,55.15,21484,55.09,U
sh688777,中控技术,2025-10-15 13:07:46,55.15,5547,55.15,D
sh688777,中控技术,2025-10-15 13:07:58,55.15,7670,55.15,U
sh688777,中控技术,2025-10-15 13:08:10,55.13,5547,55.19,D
sh688777,中控技术,2025-10-15 13:08:46,55.14,5100,55.14,U
sh688777,中控技术,2025-10-15 13:09:13,55.09,26873,55.15,D
sh688777,中控技术,2025-10-15 13:09:16,55.08,10400,55.09,D
sh688777,中控技术,2025-10-15 13:09:22,55.06,3707,55.06,D
sh688777,中控技术,2025-10-15 13:09:31,55.06,12123,55.06,D
sh688777,中控技术,2025-10-15 13:09:52,55.06,9732,55.07,D
sh688777,中控技术,2025-10-15 13:10:01,55.01,5202,55.06,D
sh688777,中控技术,2025-10-15 13:10:22,55.0,4162,55.0,D
sh688777,中控技术,2025-10-15 13:11:01,54.95,3791,54.95,U
sh688777,中控技术,2025-10-15 13:11:34,54.93,8287,54.95,D
sh688777,中控技术,2025-10-15 13:12:40,54.95,5743,55.0,D
sh688777,中控技术,2025-10-15 13:12:46,54.96,3982,54.98,E
sh688777,中控技术,2025-10-15 13:14:43,55.06,3907,55.06,D
sh688777,中控技术,2025-10-15 13:14:49,55.07,5000,55.07,D
sh688777,中控技术,2025-10-15 13:15:04,55.13,35300,55.09,U
sh688777,中控技术,2025-10-15 13:15:07,55.13,17801,55.13,U
sh688777,中控技术,2025-10-15 13:15:25,55.2,6208,55.2,U
sh688777,中控技术,2025-10-15 13:15:34,55.2,35092,55.23,D
sh688777,中控技术,2025-10-15 13:15:37,55.22,16689,55.2,U
sh688777,中控技术,2025-10-15 13:15:43,55.15,20143,55.23,D
sh688777,中控技术,2025-10-15 13:15:52,55.15,5064,55.21,D
sh688777,中控技术,2025-10-15 13:15:55,55.15,14865,55.15,D
sh688777,中控技术,2025-10-15 13:16:01,55.15,3656,55.14,U
sh688777,中控技术,2025-10-15 13:16:10,55.15,4000,55.15,U
sh688777,中控技术,2025-10-15 13:16:37,55.15,31397,55.14,U
sh688777,中控技术,2025-10-15 13:16:49,55.15,15909,55.15,U
sh688777,中控技术,2025-10-15 13:16:58,55.22,5798,55.16,U
sh688777,中控技术,2025-10-15 13:17:01,55.23,6236,55.22,U
sh688777,中控技术,2025-10-15 13:17:10,55.23,6551,55.24,D
sh688777,中控技术,2025-10-15 13:17:19,55.23,6572,55.26,D
sh688777,中控技术,2025-10-15 13:17:40,55.24,6185,55.23,U
sh688777,中控技术,2025-10-15 13:17:46,55.29,7737,55.26,U
sh688777,中控技术,2025-10-15 13:18:10,55.29,4541,55.25,U
sh688777,中控技术,2025-10-15 13:18:16,55.35,29400,55.27,U
sh688777,中控技术,2025-10-15 13:18:34,55.25,5785,55.28,D
sh688777,中控技术,2025-10-15 13:18:49,55.33,5200,55.33,U
sh688777,中控技术,2025-10-15 13:18:58,55.33,5499,55.33,U
sh688777,中控技术,2025-10-15 13:19:04,55.33,5406,55.33,U
sh688777,中控技术,2025-10-15 13:19:10,55.33,8300,55.32,E
sh688777,中控技术,2025-10-15 13:19:13,55.3,4016,55.33,D
sh688777,中控技术,2025-10-15 13:19:43,55.3,4400,55.3,D
sh688777,中控技术,2025-10-15 13:19:55,55.32,4123,55.33,D
sh688777,中控技术,2025-10-15 13:20:16,55.31,7951,55.32,D
sh688777,中控技术,2025-10-15 13:20:19,55.26,11625,55.31,D
sh688777,中控技术,2025-10-15 13:20:22,55.34,11237,55.26,U
sh688777,中控技术,2025-10-15 13:20:31,55.26,3924,55.26,D
sh688777,中控技术,2025-10-15 13:20:55,55.26,3839,55.32,D
sh688777,中控技术,2025-10-15 13:21:01,55.26,4496,55.23,U
sh688777,中控技术,2025-10-15 13:21:10,55.27,20500,55.27,U
sh688777,中控技术,2025-10-15 13:21:19,55.33,3913,55.32,U
sh688777,中控技术,2025-10-15 13:21:28,55.37,10067,55.36,U
sh688777,中控技术,2025-10-15 13:21:34,55.39,4762,55.37,U
sh688777,中控技术,2025-10-15 13:21:40,55.4,3774,55.4,U
sh688777,中控技术,2025-10-15 13:21:58,55.43,5474,55.42,E
sh688777,中控技术,2025-10-15 13:22:01,55.45,10042,55.43,U
sh688777,中控技术,2025-10-15 13:22:04,55.49,8786,55.45,U
sh688777,中控技术,2025-10-15 13:22:07,55.49,32362,55.49,U
sh688777,中控技术,2025-10-15 13:22:10,55.5,8800,55.49,D
sh688777,中控技术,2025-10-15 13:22:13,55.5,9658,55.5,D
sh688777,中控技术,2025-10-15 13:22:22,55.51,4081,55.53,U
sh688777,中控技术,2025-10-15 13:22:25,55.44,8754,55.51,D
sh688777,中控技术,2025-10-15 13:22:28,55.53,14684,55.44,U
sh688777,中控技术,2025-10-15 13:22:31,55.43,5200,55.53,D
sh688777,中控技术,2025-10-15 13:22:34,55.53,28237,55.43,U
sh688777,中控技术,2025-10-15 13:22:43,55.51,7353,55.54,D
sh688777,中控技术,2025-10-15 13:22:46,55.51,5234,55.51,U
sh688777,中控技术,2025-10-15 13:23:01,55.5,8952,55.51,D
sh688777,中控技术,2025-10-15 13:23:22,55.45,12641,55.46,D
sh688777,中控技术,2025-10-15 13:23:25,55.45,9998,55.45,E
sh688777,中控技术,2025-10-15 13:23:46,55.46,18686,55.4,U
sh688777,中控技术,2025-10-15 13:24:04,55.4,5200,55.46,D
sh688777,中控技术,2025-10-15 13:24:16,55.4,6300,55.45,D
sh688777,中控技术,2025-10-15 13:24:19,55.48,9228,55.4,U
sh688777,中控技术,2025-10-15 13:24:22,55.42,4400,55.48,D
sh688777,中控技术,2025-10-15 13:24:31,55.43,5600,55.42,D
sh688777,中控技术,2025-10-15 13:24:49,55.44,3888,55.44,D
sh688777,中控技术,2025-10-15 13:25:55,55.42,7797,55.42,D
sh688777,中控技术,2025-10-15 13:26:01,55.35,8030,55.4,D
sh688777,中控技术,2025-10-15 13:26:04,55.26,5900,55.35,D
sh688777,中控技术,2025-10-15 13:26:37,55.27,5333,55.3,D
sh688777,中控技术,2025-10-15 13:26:49,55.26,10000,55.3,D
sh688777,中控技术,2025-10-15 13:27:10,55.4,3634,55.36,U
sh688777,中控技术,2025-10-15 13:27:19,55.5,5833,55.4,U
sh688777,中控技术,2025-10-15 13:27:46,55.49,9016,55.5,U
sh688777,中控技术,2025-10-15 13:28:25,55.42,9709,55.41,U
sh688777,中控技术,2025-10-15 13:28:40,55.45,4737,55.45,U
sh688777,中控技术,2025-10-15 13:28:46,55.47,4000,55.45,U
sh688777,中控技术,2025-10-15 13:28:49,55.44,11500,55.47,D
sh688777,中控技术,2025-10-15 13:29:31,55.45,28935,55.46,D
sh688777,中控技术,2025-10-15 13:30:07,55.43,5948,55.39,U
sh688777,中控技术,2025-10-15 13:30:28,55.43,8559,55.44,D
sh688777,中控技术,2025-10-15 13:30:31,55.45,4454,55.43,U
sh688777,中控技术,2025-10-15 13:30:55,55.48,3711,55.47,U
sh688777,中控技术,2025-10-15 13:31:07,55.48,7949,55.47,D
sh688777,中控技术,2025-10-15 13:31:13,55.48,3656,55.51,D
sh688777,中控技术,2025-10-15 13:31:25,55.52,5303,55.52,U
sh688777,中控技术,2025-10-15 13:31:28,55.5,8381,55.52,D
sh688777,中控技术,2025-10-15 13:31:31,55.52,3899,55.5,U
sh688777,中控技术,2025-10-15 13:31:34,55.48,5271,55.52,D
sh688777,中控技术,2025-10-15 13:31:37,55.51,4117,55.48,U
sh688777,中控技术,2025-10-15 13:31:40,55.52,9933,55.51,U
sh688777,中控技术,2025-10-15 13:31:43,55.5,7210,55.52,U
sh688777,中控技术,2025-10-15 13:31:49,55.5,5100,55.5,D
sh688777,中控技术,2025-10-15 13:31:58,55.51,4044,55.5,U
sh688777,中控技术,2025-10-15 13:32:01,55.51,5800,55.51,U
sh688777,中控技术,2025-10-15 13:32:04,55.52,3853,55.51,U
sh688777,中控技术,2025-10-15 13:32:16,55.52,5125,55.52,D
sh688777,中控技术,2025-10-15 13:32:19,55.52,6221,55.52,U
sh688777,中控技术,2025-10-15 13:32:22,55.5,5139,55.52,D
sh688777,中控技术,2025-10-15 13:32:25,55.5,5463,55.5,U
sh688777,中控技术,2025-10-15 13:32:49,55.42,7880,55.46,D
sh688777,中控技术,2025-10-15 13:33:31,55.42,4547,55.43,D
sh688777,中控技术,2025-10-15 13:34:13,55.4,9084,55.44,D
sh688777,中控技术,2025-10-15 13:34:31,55.39,6152,55.42,D
sh688777,中控技术,2025-10-15 13:34:43,55.45,3863,55.45,U
sh688777,中控技术,2025-10-15 13:34:49,55.47,4700,55.45,U
sh688777,中控技术,2025-10-15 13:34:55,55.47,9530,55.47,U
sh688777,中控技术,2025-10-15 13:35:07,55.48,4511,55.48,U
sh688777,中控技术,2025-10-15 13:35:10,55.47,10823,55.48,D
sh688777,中控技术,2025-10-15 13:35:16,55.45,4042,55.47,D
sh688777,中控技术,2025-10-15 13:35:25,55.45,13089,55.45,D
sh688777,中控技术,2025-10-15 13:35:43,55.44,7094,55.46,D
sh688777,中控技术,2025-10-15 13:35:46,55.44,5461,55.44,D
sh688777,中控技术,2025-10-15 13:35:49,55.45,3920,55.44,U
sh688777,中控技术,2025-10-15 13:35:52,55.46,26731,55.45,U
sh688777,中控技术,2025-10-15 13:36:01,55.46,16500,55.45,U
sh688777,中控技术,2025-10-15 13:36:19,55.51,4757,55.51,U
sh688777,中控技术,2025-10-15 13:36:37,55.54,6675,55.54,D
sh688777,中控技术,2025-10-15 13:36:40,55.56,15667,55.54,U
sh688777,中控技术,2025-10-15 13:36:55,55.57,9600,55.57,U
sh688777,中控技术,2025-10-15 13:36:58,55.58,6710,55.57,U
sh688777,中控技术,2025-10-15 13:37:01,55.6,10200,55.58,U
sh688777,中控技术,2025-10-15 13:37:04,55.58,9869,55.6,D
sh688777,中控技术,2025-10-15 13:37:07,55.58,5390,55.58,D
sh688777,中控技术,2025-10-15 13:37:19,55.6,12724,55.6,U
sh688777,中控技术,2025-10-15 13:37:28,55.6,7780,55.6,U
sh688777,中控技术,2025-10-15 13:37:34,55.6,7800,55.58,U
sh688777,中控技术,2025-10-15 13:37:46,55.6,10478,55.6,U
sh688777,中控技术,2025-10-15 13:37:49,55.6,6322,55.6,D
sh688777,中控技术,2025-10-15 13:37:52,55.57,15098,55.6,D
sh688777,中控技术,2025-10-15 13:37:58,55.56,3678,55.57,E
sh688777,中控技术,2025-10-15 13:38:01,55.6,9846,55.56,U
sh688777,中控技术,2025-10-15 13:38:10,55.6,5291,55.55,U
sh688777,中控技术,2025-10-15 13:38:16,55.6,9426,55.54,U
sh688777,中控技术,2025-10-15 13:38:34,55.61,14673,55.6,U
sh688777,中控技术,2025-10-15 13:38:49,55.61,7649,55.61,D
sh688777,中控技术,2025-10-15 13:38:58,55.65,3800,55.65,U
sh688777,中控技术,2025-10-15 13:39:01,55.6,5510,55.65,D
sh688777,中控技术,2025-10-15 13:39:19,55.62,4737,55.56,U
sh688777,中控技术,2025-10-15 13:39:31,55.56,13498,55.6,D
sh688777,中控技术,2025-10-15 13:39:37,55.55,6100,55.57,D
sh688777,中控技术,2025-10-15 13:40:04,55.6,5599,55.58,U
sh688777,中控技术,2025-10-15 13:40:07,55.6,3987,55.6,U
sh688777,中控技术,2025-10-15 13:40:16,55.63,6296,55.6,U
sh688777,中控技术,2025-10-15 13:40:25,55.65,10309,55.62,U
sh688777,中控技术,2025-10-15 13:40:31,55.65,3901,55.65,U
sh688777,中控技术,2025-10-15 13:40:46,55.62,7449,55.64,D
sh688777,中控技术,2025-10-15 13:40:52,55.62,6219,55.63,D
sh688777,中控技术,2025-10-15 13:40:55,55.61,4774,55.62,E
sh688777,中控技术,2025-10-15 13:41:10,55.56,4637,55.59,D
sh688777,中控技术,2025-10-15 13:41:31,55.59,3801,55.55,U
sh688777,中控技术,2025-10-15 13:41:40,55.6,10200,55.58,U
sh688777,中控技术,2025-10-15 13:41:46,55.55,10000,55.6,D
sh688777,中控技术,2025-10-15 13:41:55,55.56,5640,55.6,D
sh688777,中控技术,2025-10-15 13:42:01,55.55,22170,55.56,D
sh688777,中控技术,2025-10-15 13:42:25,55.5,5953,55.5,D
sh688777,中控技术,2025-10-15 13:42:34,55.5,5934,55.5,U
sh688777,中控技术,2025-10-15 13:43:01,55.48,4480,55.5,D
sh688777,中控技术,2025-10-15 13:43:13,55.48,4959,55.47,U
sh688777,中控技术,2025-10-15 13:43:52,55.42,5925,55.4,U
sh688777,中控技术,2025-10-15 13:43:55,55.38,6561,55.42,D
sh688777,中控技术,2025-10-15 13:44:07,55.39,7487,55.4,D
sh688777,中控技术,2025-10-15 13:44:55,55.38,4596,55.4,D
sh688777,中控技术,2025-10-15 13:45:22,55.33,4910,55.35,D
sh688777,中控技术,2025-10-15 13:46:19,55.32,6823,55.33,D
sh688777,中控技术,2025-10-15 13:46:22,55.31,19600,55.32,D
sh688777,中控技术,2025-10-15 13:46:43,55.24,23750,55.26,D
sh688777,中控技术,2025-10-15 13:46:58,55.23,6286,55.24,D
sh688777,中控技术,2025-10-15 13:47:04,55.33,5237,55.26,U
sh688777,中控技术,2025-10-15 13:47:10,55.27,10398,55.33,D
sh688777,中控技术,2025-10-15 13:47:22,55.26,12690,55.26,U
sh688777,中控技术,2025-10-15 13:47:28,55.3,7900,55.26,U
sh688777,中控技术,2025-10-15 13:47:34,55.3,3800,55.3,U
sh688777,中控技术,2025-10-15 13:47:52,55.29,4057,55.3,U
sh688777,中控技术,2025-10-15 13:48:25,55.35,7487,55.27,U
sh688777,中控技术,2025-10-15 13:48:49,55.26,5700,55.29,D
sh688777,中控技术,2025-10-15 13:49:13,55.25,4577,55.26,D
sh688777,中控技术,2025-10-15 13:49:25,55.2,12584,55.22,D
sh688777,中控技术,2025-10-15 13:49:31,55.17,6649,55.17,D
sh688777,中控技术,2025-10-15 13:49:58,55.19,3642,55.16,U
sh688777,中控技术,2025-10-15 13:50:19,55.25,6789,55.22,U
sh688777,中控技术,2025-10-15 13:50:55,55.25,4542,55.26,D
sh688777,中控技术,2025-10-15 13:50:58,55.25,4557,55.25,D
sh688777,中控技术,2025-10-15 13:51:31,55.25,3780,55.25,D
sh688777,中控技术,2025-10-15 13:53:31,55.26,5544,55.28,D
sh688777,中控技术,2025-10-15 13:53:40,55.25,4403,55.26,D
sh688777,中控技术,2025-10-15 13:53:43,55.25,9928,55.25,D
sh688777,中控技术,2025-10-15 13:53:46,55.25,4477,55.25,D
sh688777,中控技术,2025-10-15 13:53:49,55.23,5284,55.25,D
sh688777,中控技术,2025-10-15 13:54:55,55.26,7264,55.26,D
sh688777,中控技术,2025-10-15 13:55:01,55.26,4219,55.23,U
sh688777,中控技术,2025-10-15 13:55:04,55.26,10500,55.26,D
sh688777,中控技术,2025-10-15 13:55:07,55.26,6614,55.26,D
sh688777,中控技术,2025-10-15 13:55:10,55.22,83432,55.26,D
sh688777,中控技术,2025-10-15 13:55:19,55.16,6236,55.2,D
sh688777,中控技术,2025-10-15 13:55:28,55.08,10000,55.15,D
sh688777,中控技术,2025-10-15 13:55:43,55.15,21299,55.11,U
sh688777,中控技术,2025-10-15 13:56:10,55.14,9000,55.21,D
sh688777,中控技术,2025-10-15 13:56:22,55.11,4258,55.18,D
sh688777,中控技术,2025-10-15 13:56:28,55.11,14888,55.18,D
sh688777,中控技术,2025-10-15 13:56:43,55.14,5600,55.14,D
sh688777,中控技术,2025-10-15 13:57:07,55.16,4454,55.16,D
sh688777,中控技术,2025-10-15 13:57:13,55.23,10873,55.16,U
sh688777,中控技术,2025-10-15 13:57:40,55.26,4169,55.27,D
sh688777,中控技术,2025-10-15 13:58:04,55.3,3733,55.29,U
sh688777,中控技术,2025-10-15 13:58:55,55.35,5711,55.35,U
sh688777,中控技术,2025-10-15 13:58:58,55.36,4660,55.35,U
sh688777,中控技术,2025-10-15 13:59:04,55.35,4000,55.38,D
sh688777,中控技术,2025-10-15 13:59:28,55.39,6804,55.39,U
sh688777,中控技术,2025-10-15 13:59:31,55.39,4561,55.39,U
sh688777,中控技术,2025-10-15 13:59:43,55.35,44661,55.38,D
sh688777,中控技术,2025-10-15 13:59:46,55.33,26820,55.35,D
sh688777,中控技术,2025-10-15 13:59:58,55.31,7546,55.3,U
sh688777,中控技术,2025-10-15 14:00:01,55.33,12753,55.31,U
sh688777,中控技术,2025-10-15 14:00:16,55.27,9135,55.27,D
sh688777,中控技术,2025-10-15 14:00:19,55.27,5400,55.27,U
sh688777,中控技术,2025-10-15 14:00:52,55.2,26333,55.28,D
sh688777,中控技术,2025-10-15 14:01:10,55.2,5785,55.2,U
sh688777,中控技术,2025-10-15 14:01:22,55.16,3633,55.18,D
sh688777,中控技术,2025-10-15 14:01:25,55.16,6016,55.16,U
sh688777,中控技术,2025-10-15 14:01:34,55.2,12100,55.2,U
sh688777,中控技术,2025-10-15 14:02:01,55.2,5693,55.29,D
sh688777,中控技术,2025-10-15 14:02:04,55.2,51136,55.2,U
sh688777,中控技术,2025-10-15 14:02:10,55.31,52888,55.2,U
sh688777,中控技术,2025-10-15 14:02:31,55.29,5702,55.28,U
sh688777,中控技术,2025-10-15 14:03:04,55.23,6731,55.23,U
sh688777,中控技术,2025-10-15 14:03:10,55.22,12241,55.22,D
sh688777,中控技术,2025-10-15 14:03:19,55.23,4678,55.23,D
sh688777,中控技术,2025-10-15 14:03:31,55.21,4188,55.23,D
sh688777,中控技术,2025-10-15 14:04:04,55.23,12000,55.23,U
sh688777,中控技术,2025-10-15 14:04:13,55.22,8420,55.23,D
sh688777,中控技术,2025-10-15 14:04:31,55.22,8843,55.22,U
sh688777,中控技术,2025-10-15 14:04:37,55.22,4461,55.22,U
sh688777,中控技术,2025-10-15 14:04:40,55.22,10536,55.22,U
sh688777,中控技术,2025-10-15 14:04:49,55.22,4613,55.25,D
sh688777,中控技术,2025-10-15 14:04:52,55.25,5553,55.22,U
sh688777,中控技术,2025-10-15 14:05:04,55.28,4000,55.22,U
sh688777,中控技术,2025-10-15 14:05:13,55.26,4127,55.25,U
sh688777,中控技术,2025-10-15 14:05:43,55.3,4900,55.3,U
sh688777,中控技术,2025-10-15 14:05:46,55.3,6337,55.3,D
sh688777,中控技术,2025-10-15 14:06:19,55.27,5000,55.28,D
sh688777,中控技术,2025-10-15 14:06:28,55.28,4600,55.3,E
sh688777,中控技术,2025-10-15 14:07:04,55.28,3811,55.29,E
sh688777,中控技术,2025-10-15 14:07:10,55.29,5000,55.28,E
sh688777,中控技术,2025-10-15 14:07:13,55.3,4010,55.29,U
sh688777,中控技术,2025-10-15 14:07:16,55.26,7079,55.3,D
sh688777,中控技术,2025-10-15 14:07:25,55.25,6101,55.25,D
sh688777,中控技术,2025-10-15 14:07:31,55.26,17791,55.25,U
sh688777,中控技术,2025-10-15 14:07:34,55.27,7719,55.26,U
sh688777,中控技术,2025-10-15 14:07:37,55.34,11164,55.27,U
sh688777,中控技术,2025-10-15 14:07:40,55.27,4200,55.34,D
sh688777,中控技术,2025-10-15 14:08:01,55.37,8396,55.37,U
sh688777,中控技术,2025-10-15 14:08:04,55.4,4025,55.37,U
sh688777,中控技术,2025-10-15 14:08:28,55.4,6980,55.4,U
sh688777,中控技术,2025-10-15 14:08:43,55.48,7000,55.42,U
sh688777,中控技术,2025-10-15 14:08:55,55.47,10500,55.46,U
sh688777,中控技术,2025-10-15 14:08:58,55.47,4105,55.47,D
sh688777,中控技术,2025-10-15 14:09:01,55.5,4434,55.47,U
sh688777,中控技术,2025-10-15 14:09:16,55.51,8822,55.49,U
sh688777,中控技术,2025-10-15 14:09:19,55.5,11300,55.51,D
sh688777,中控技术,2025-10-15 14:09:22,55.48,8206,55.5,D
sh688777,中控技术,2025-10-15 14:09:37,55.5,5311,55.5,U
sh688777,中控技术,2025-10-15 14:09:46,55.53,10230,55.49,U
sh688777,中控技术,2025-10-15 14:10:01,55.43,19870,55.46,D
sh688777,中控技术,2025-10-15 14:10:07,55.4,11007,55.43,D
sh688777,中控技术,2025-10-15 14:10:10,55.48,3850,55.4,U
sh688777,中控技术,2025-10-15 14:10:28,55.48,10000,55.4,U
sh688777,中控技术,2025-10-15 14:11:01,55.5,7596,55.5,U
sh688777,中控技术,2025-10-15 14:11:04,55.54,18249,55.5,U
sh688777,中控技术,2025-10-15 14:11:13,55.56,47289,55.54,U
sh688777,中控技术,2025-10-15 14:11:22,55.59,3600,55.59,U
sh688777,中控技术,2025-10-15 14:11:25,55.6,3908,55.59,U
sh688777,中控技术,2025-10-15 14:11:31,55.6,6612,55.59,U
sh688777,中控技术,2025-10-15 14:11:37,55.6,22702,55.6,U
sh688777,中控技术,2025-10-15 14:11:40,55.6,4507,55.6,U
sh688777,中控技术,2025-10-15 14:11:43,55.6,3600,55.6,D
sh688777,中控技术,2025-10-15 14:11:58,55.64,5861,55.64,U
sh688777,中控技术,2025-10-15 14:12:01,55.64,11187,55.64,U
sh688777,中控技术,2025-10-15 14:12:07,55.6,40391,55.64,D
sh688777,中控技术,2025-10-15 14:12:10,55.59,11404,55.6,D
sh688777,中控技术,2025-10-15 14:12:19,55.53,14004,55.56,D
sh688777,中控技术,2025-10-15 14:12:22,55.58,17498,55.53,U
sh688777,中控技术,2025-10-15 14:12:49,55.6,6100,55.6,D
sh688777,中控技术,2025-10-15 14:12:55,55.6,6731,55.6,U
sh688777,中控技术,2025-10-15 14:12:58,55.59,12722,55.6,D
sh688777,中控技术,2025-10-15 14:13:01,55.62,4737,55.59,U
sh688777,中控技术,2025-10-15 14:13:04,55.6,9909,55.62,D
sh688777,中控技术,2025-10-15 14:13:10,55.6,5949,55.6,U
sh688777,中控技术,2025-10-15 14:13:13,55.59,6069,55.6,D
sh688777,中控技术,2025-10-15 14:13:16,55.59,5400,55.59,E
sh688777,中控技术,2025-10-15 14:13:22,55.59,10000,55.59,D
sh688777,中控技术,2025-10-15 14:13:28,55.59,6812,55.59,U
sh688777,中控技术,2025-10-15 14:13:31,55.6,6589,55.59,U
sh688777,中控技术,2025-10-15 14:13:34,55.6,14246,55.6,U
sh688777,中控技术,2025-10-15 14:13:37,55.6,11100,55.6,U
sh688777,中控技术,2025-10-15 14:13:40,55.58,7737,55.6,D
sh688777,中控技术,2025-10-15 14:13:43,55.57,9724,55.58,D
sh688777,中控技术,2025-10-15 14:13:46,55.55,5000,55.57,D
sh688777,中控技术,2025-10-15 14:13:52,55.5,30500,55.55,D
sh688777,中控技术,2025-10-15 14:14:37,55.58,5918,55.57,U
sh688777,中控技术,2025-10-15 14:14:52,55.58,5344,55.58,U
sh688777,中控技术,2025-10-15 14:15:07,55.6,5200,55.6,U
sh688777,中控技术,2025-10-15 14:15:16,55.6,8048,55.6,U
sh688777,中控技术,2025-10-15 14:15:19,55.6,11631,55.6,U
sh688777,中控技术,2025-10-15 14:15:31,55.58,11114,55.6,D
sh688777,中控技术,2025-10-15 14:15:55,55.6,7049,55.62,D
sh688777,中控技术,2025-10-15 14:15:58,55.6,5800,55.6,U
sh688777,中控技术,2025-10-15 14:16:22,55.55,4913,55.56,D
sh688777,中控技术,2025-10-15 14:16:31,55.55,5791,55.56,D
sh688777,中控技术,2025-10-15 14:16:34,55.56,12611,55.55,U
sh688777,中控技术,2025-10-15 14:17:01,55.57,21742,55.54,U
sh688777,中控技术,2025-10-15 14:17:16,55.58,20471,55.6,D
sh688777,中控技术,2025-10-15 14:17:19,55.59,10470,55.58,E
sh688777,中控技术,2025-10-15 14:17:25,55.6,4990,55.61,D
sh688777,中控技术,2025-10-15 14:17:28,55.63,4996,55.6,U
sh688777,中控技术,2025-10-15 14:17:31,55.69,44477,55.63,U
sh688777,中控技术,2025-10-15 14:17:34,55.7,5400,55.69,U
sh688777,中控技术,2025-10-15 14:17:52,55.7,4681,55.69,U
sh688777,中控技术,2025-10-15 14:17:55,55.7,3594,55.7,U
sh688777,中控技术,2025-10-15 14:18:01,55.72,6900,55.7,U
sh688777,中控技术,2025-10-15 14:18:16,55.75,11231,55.75,U
sh688777,中控技术,2025-10-15 14:18:28,55.79,21847,55.76,U
sh688777,中控技术,2025-10-15 14:18:40,55.74,12000,55.76,D
sh688777,中控技术,2025-10-15 14:18:46,55.76,8000,55.72,U
sh688777,中控技术,2025-10-15 14:18:49,55.8,20000,55.76,U
sh688777,中控技术,2025-10-15 14:18:58,55.79,6858,55.79,U
sh688777,中控技术,2025-10-15 14:19:07,55.75,21900,55.75,D
sh688777,中控技术,2025-10-15 14:19:13,55.75,6577,55.73,U
sh688777,中控技术,2025-10-15 14:19:16,55.73,5468,55.75,E
sh688777,中控技术,2025-10-15 14:19:28,55.77,21439,55.72,U
sh688777,中控技术,2025-10-15 14:19:34,55.77,4900,55.78,D
sh688777,中控技术,2025-10-15 14:19:43,55.77,10000,55.79,D
sh688777,中控技术,2025-10-15 14:19:49,55.77,18510,55.77,D
sh688777,中控技术,2025-10-15 14:19:55,55.71,14600,55.73,D
sh688777,中控技术,2025-10-15 14:19:58,55.7,23754,55.71,D
sh688777,中控技术,2025-10-15 14:20:07,55.7,6700,55.65,U
sh688777,中控技术,2025-10-15 14:20:58,55.59,11547,55.68,D
sh688777,中控技术,2025-10-15 14:21:07,55.68,9127,55.69,D
sh688777,中控技术,2025-10-15 14:21:16,55.79,18400,55.69,U
sh688777,中控技术,2025-10-15 14:21:37,55.71,3677,55.79,D
sh688777,中控技术,2025-10-15 14:22:01,55.77,4306,55.75,U
sh688777,中控技术,2025-10-15 14:22:13,55.78,4031,55.77,E
sh688777,中控技术,2025-10-15 14:22:34,55.78,4870,55.78,D
sh688777,中控技术,2025-10-15 14:23:07,55.8,6967,55.8,U
sh688777,中控技术,2025-10-15 14:23:25,55.8,3702,55.8,U
sh688777,中控技术,2025-10-15 14:23:31,55.79,7932,55.78,E
sh688777,中控技术,2025-10-15 14:23:34,55.78,3663,55.79,D
sh688777,中控技术,2025-10-15 14:24:37,55.8,5272,55.79,U
sh688777,中控技术,2025-10-15 14:24:40,55.79,4200,55.8,D
sh688777,中控技术,2025-10-15 14:24:43,55.8,4200,55.79,D
sh688777,中控技术,2025-10-15 14:25:04,55.8,3948,55.79,U
sh688777,中控技术,2025-10-15 14:25:19,55.79,4830,55.79,D
sh688777,中控技术,2025-10-15 14:25:22,55.76,24895,55.79,D
sh688777,中控技术,2025-10-15 14:25:43,55.69,13687,55.71,D
sh688777,中控技术,2025-10-15 14:25:46,55.76,10007,55.69,U
sh688777,中控技术,2025-10-15 14:26:49,55.77,6373,55.77,E
sh688777,中控技术,2025-10-15 14:26:55,55.76,4500,55.76,D
sh688777,中控技术,2025-10-15 14:27:04,55.8,6300,55.79,U
sh688777,中控技术,2025-10-15 14:27:40,55.8,14517,55.79,U
sh688777,中控技术,2025-10-15 14:27:46,55.8,5700,55.8,D
sh688777,中控技术,2025-10-15 14:27:49,55.81,6180,55.8,U
sh688777,中控技术,2025-10-15 14:28:01,55.82,12941,55.81,U
sh688777,中控技术,2025-10-15 14:28:07,55.82,4977,55.82,U
sh688777,中控技术,2025-10-15 14:28:10,55.82,5886,55.82,U
sh688777,中控技术,2025-10-15 14:28:13,55.83,14454,55.82,U
sh688777,中控技术,2025-10-15 14:28:19,55.83,5216,55.83,U
sh688777,中控技术,2025-10-15 14:28:22,55.87,14758,55.83,U
sh688777,中控技术,2025-10-15 14:28:34,55.87,6809,55.88,E
sh688777,中控技术,2025-10-15 14:28:37,55.88,5349,55.87,U
sh688777,中控技术,2025-10-15 14:28:40,55.88,4400,55.88,D
sh688777,中控技术,2025-10-15 14:28:43,55.9,13626,55.88,U
sh688777,中控技术,2025-10-15 14:28:55,55.91,6053,55.9,U
sh688777,中控技术,2025-10-15 14:28:58,55.88,27258,55.91,D
sh688777,中控技术,2025-10-15 14:29:01,55.85,6928,55.88,E
sh688777,中控技术,2025-10-15 14:29:04,55.82,13220,55.85,D
sh688777,中控技术,2025-10-15 14:29:10,55.8,5300,55.8,D
sh688777,中控技术,2025-10-15 14:29:13,55.8,4561,55.8,D
sh688777,中控技术,2025-10-15 14:29:28,55.84,5219,55.8,U
sh688777,中控技术,2025-10-15 14:29:31,55.8,11878,55.84,D
sh688777,中控技术,2025-10-15 14:29:58,55.81,7748,55.8,U
sh688777,中控技术,2025-10-15 14:30:01,55.83,4190,55.81,U
sh688777,中控技术,2025-10-15 14:30:07,55.87,11459,55.84,U
sh688777,中控技术,2025-10-15 14:30:16,55.88,6733,55.88,U
sh688777,中控技术,2025-10-15 14:30:19,55.88,4382,55.88,D
sh688777,中控技术,2025-10-15 14:30:25,55.9,4213,55.88,U
sh688777,中控技术,2025-10-15 14:30:31,55.91,3886,55.9,U
sh688777,中控技术,2025-10-15 14:30:43,55.9,9292,55.89,U
sh688777,中控技术,2025-10-15 14:30:49,55.89,6062,55.89,U
sh688777,中控技术,2025-10-15 14:31:34,55.85,11926,55.83,U
sh688777,中控技术,2025-10-15 14:31:43,55.8,5917,55.83,D
sh688777,中控技术,2025-10-15 14:31:46,55.77,15770,55.8,D
sh688777,中控技术,2025-10-15 14:32:01,55.73,4606,55.74,D
sh688777,中控技术,2025-10-15 14:32:28,55.71,7975,55.7,U
sh688777,中控技术,2025-10-15 14:32:43,55.66,5300,55.71,D
sh688777,中控技术,2025-10-15 14:33:04,55.69,5424,55.67,U
sh688777,中控技术,2025-10-15 14:33:16,55.62,10907,55.68,D
sh688777,中控技术,2025-10-15 14:33:31,55.6,6795,55.62,D
sh688777,中控技术,2025-10-15 14:33:37,55.58,11000,55.6,D
sh688777,中控技术,2025-10-15 14:33:40,55.58,4404,55.58,D
sh688777,中控技术,2025-10-15 14:33:52,55.55,4116,55.54,U
sh688777,中控技术,2025-10-15 14:33:58,55.55,4984,55.56,D
sh688777,中控技术,2025-10-15 14:34:01,55.6,9734,55.55,U
sh688777,中控技术,2025-10-15 14:34:13,55.63,3684,55.63,D
sh688777,中控技术,2025-10-15 14:34:16,55.61,13103,55.63,D
sh688777,中控技术,2025-10-15 14:34:25,55.68,3700,55.61,U
sh688777,中控技术,2025-10-15 14:34:31,55.7,22552,55.68,U
sh688777,中控技术,2025-10-15 14:34:52,55.67,7503,55.66,U
sh688777,中控技术,2025-10-15 14:34:55,55.7,6919,55.67,U
sh688777,中控技术,2025-10-15 14:35:04,55.7,9805,55.73,D
sh688777,中控技术,2025-10-15 14:35:16,55.71,4318,55.7,U
sh688777,中控技术,2025-10-15 14:35:25,55.69,4494,55.7,U
sh688777,中控技术,2025-10-15 14:35:28,55.69,3737,55.69,D
sh688777,中控技术,2025-10-15 14:35:31,55.7,3614,55.69,E
sh688777,中控技术,2025-10-15 14:36:07,55.64,9473,55.66,D
sh688777,中控技术,2025-10-15 14:36:31,55.67,6528,55.66,U
sh688777,中控技术,2025-10-15 14:37:22,55.61,4000,55.61,D
sh688777,中控技术,2025-10-15 14:37:52,55.6,5139,55.61,D
sh688777,中控技术,2025-10-15 14:38:01,55.6,4592,55.6,U
sh688777,中控技术,2025-10-15 14:38:07,55.63,25849,55.59,U
sh688777,中控技术,2025-10-15 14:39:04,55.67,4224,55.67,D
sh688777,中控技术,2025-10-15 14:39:16,55.71,9144,55.67,U
sh688777,中控技术,2025-10-15 14:39:19,55.71,11974,55.71,U
sh688777,中控技术,2025-10-15 14:39:28,55.74,4274,55.71,U
sh688777,中控技术,2025-10-15 14:39:46,55.71,3737,55.71,D
sh688777,中控技术,2025-10-15 14:39:49,55.66,8358,55.71,D
sh688777,中控技术,2025-10-15 14:39:55,55.71,6000,55.68,U
sh688777,中控技术,2025-10-15 14:40:25,55.68,7083,55.74,D
sh688777,中控技术,2025-10-15 14:40:46,55.71,5200,55.7,U
sh688777,中控技术,2025-10-15 14:40:55,55.74,4430,55.74,U
sh688777,中控技术,2025-10-15 14:41:04,55.78,6000,55.76,U
sh688777,中控技术,2025-10-15 14:41:13,55.78,13000,55.77,U
sh688777,中控技术,2025-10-15 14:41:19,55.77,14565,55.77,D
sh688777,中控技术,2025-10-15 14:41:43,55.72,4218,55.72,D
sh688777,中控技术,2025-10-15 14:42:04,55.76,10882,55.75,U
sh688777,中控技术,2025-10-15 14:42:07,55.77,4995,55.76,U
sh688777,中控技术,2025-10-15 14:42:22,55.76,6949,55.76,D
sh688777,中控技术,2025-10-15 14:42:28,55.76,4334,55.77,D
sh688777,中控技术,2025-10-15 14:42:31,55.76,6366,55.76,D
sh688777,中控技术,2025-10-15 14:42:34,55.78,5452,55.76,U
sh688777,中控技术,2025-10-15 14:42:40,55.76,3605,55.76,D
sh688777,中控技术,2025-10-15 14:42:43,55.76,9953,55.76,U
sh688777,中控技术,2025-10-15 14:42:49,55.78,13385,55.73,U
sh688777,中控技术,2025-10-15 14:42:55,55.78,5348,55.78,U
sh688777,中控技术,2025-10-15 14:43:01,55.82,6429,55.76,U
sh688777,中控技术,2025-10-15 14:43:10,55.76,5537,55.76,U
sh688777,中控技术,2025-10-15 14:43:16,55.8,22628,55.8,D
sh688777,中控技术,2025-10-15 14:43:31,55.73,7150,55.77,D
sh688777,中控技术,2025-10-15 14:44:43,55.75,5038,55.75,D
sh688777,中控技术,2025-10-15 14:44:58,55.77,8151,55.77,U
sh688777,中控技术,2025-10-15 14:45:01,55.75,9610,55.77,D
sh688777,中控技术,2025-10-15 14:45:04,55.72,6114,55.75,D
sh688777,中控技术,2025-10-15 14:45:07,55.71,3973,55.72,D
sh688777,中控技术,2025-10-15 14:45:19,55.72,3677,55.71,U
sh688777,中控技术,2025-10-15 14:45:25,55.71,5200,55.72,D
sh688777,中控技术,2025-10-15 14:45:34,55.72,20200,55.74,D
sh688777,中控技术,2025-10-15 14:46:07,55.78,4042,55.77,U
sh688777,中控技术,2025-10-15 14:46:13,55.81,8711,55.78,U
sh688777,中控技术,2025-10-15 14:46:28,55.86,63818,55.81,U
sh688777,中控技术,2025-10-15 14:46:31,56.01,153292,55.86,U
sh688777,中控技术,2025-10-15 14:46:34,56.07,40956,56.01,U
sh688777,中控技术,2025-10-15 14:46:37,56.06,7267,56.07,E
sh688777,中控技术,2025-10-15 14:46:40,56.02,5833,56.06,D
sh688777,中控技术,2025-10-15 14:46:46,56.02,10400,56.02,U
sh688777,中控技术,2025-10-15 14:46:49,56.0,12340,56.02,D
sh688777,中控技术,2025-10-15 14:46:58,56.06,4701,56.07,E
sh688777,中控技术,2025-10-15 14:47:07,56.04,3764,56.06,E
sh688777,中控技术,2025-10-15 14:47:10,56.06,9754,56.04,E
sh688777,中控技术,2025-10-15 14:47:13,56.07,28150,56.06,U
sh688777,中控技术,2025-10-15 14:47:19,56.03,11215,56.03,D
sh688777,中控技术,2025-10-15 14:47:28,56.09,23261,56.08,U
sh688777,中控技术,2025-10-15 14:47:31,56.08,10518,56.09,D
sh688777,中控技术,2025-10-15 14:47:37,56.07,11008,56.04,E
sh688777,中控技术,2025-10-15 14:47:40,56.08,4947,56.07,U
sh688777,中控技术,2025-10-15 14:47:43,56.07,6593,56.08,E
sh688777,中控技术,2025-10-15 14:47:49,56.09,8624,56.06,U
sh688777,中控技术,2025-10-15 14:47:55,56.1,33119,56.08,U
sh688777,中控技术,2025-10-15 14:47:58,56.13,4800,56.1,U
sh688777,中控技术,2025-10-15 14:48:04,56.16,14810,56.13,U
sh688777,中控技术,2025-10-15 14:48:07,56.1,13283,56.16,D
sh688777,中控技术,2025-10-15 14:48:10,56.1,4497,56.1,D
sh688777,中控技术,2025-10-15 14:48:13,56.11,7900,56.1,U
sh688777,中控技术,2025-10-15 14:48:16,56.1,4400,56.11,D
sh688777,中控技术,2025-10-15 14:48:25,56.07,5138,56.1,D
sh688777,中控技术,2025-10-15 14:48:28,56.07,8444,56.07,D
sh688777,中控技术,2025-10-15 14:48:34,56.1,7982,56.1,U
sh688777,中控技术,2025-10-15 14:48:37,56.1,3856,56.1,U
sh688777,中控技术,2025-10-15 14:48:43,56.1,10085,56.09,U
sh688777,中控技术,2025-10-15 14:48:55,56.07,4692,56.09,D
sh688777,中控技术,2025-10-15 14:49:04,56.1,25901,56.07,U
sh688777,中控技术,2025-10-15 14:49:10,56.07,24245,56.1,D
sh688777,中控技术,2025-10-15 14:49:22,56.07,4200,56.06,U
sh688777,中控技术,2025-10-15 14:49:28,56.05,6947,56.05,D
sh688777,中控技术,2025-10-15 14:49:31,56.01,11272,56.05,D
sh688777,中控技术,2025-10-15 14:49:37,56.07,10400,56.05,U
sh688777,中控技术,2025-10-15 14:49:40,56.02,7600,56.07,D
sh688777,中控技术,2025-10-15 14:49:46,56.06,6356,56.05,U
sh688777,中控技术,2025-10-15 14:50:07,56.02,3789,56.07,D
sh688777,中控技术,2025-10-15 14:50:10,56.0,26644,56.02,D
sh688777,中控技术,2025-10-15 14:50:13,56.0,58211,56.0,D
sh688777,中控技术,2025-10-15 14:50:37,55.91,7452,55.91,U
sh688777,中控技术,2025-10-15 14:50:55,55.93,3863,55.93,U
sh688777,中控技术,2025-10-15 14:51:07,55.95,5019,55.93,U
sh688777,中控技术,2025-10-15 14:51:10,55.95,11676,55.95,D
sh688777,中控技术,2025-10-15 14:51:28,55.98,5500,55.98,U
sh688777,中控技术,2025-10-15 14:51:31,55.97,3783,55.98,D
sh688777,中控技术,2025-10-15 14:51:34,55.99,20534,55.97,U
sh688777,中控技术,2025-10-15 14:51:43,55.99,10565,55.98,U
sh688777,中控技术,2025-10-15 14:51:46,55.98,3835,55.99,D
sh688777,中控技术,2025-10-15 14:51:49,55.99,25598,55.98,U
sh688777,中控技术,2025-10-15 14:51:55,55.99,4534,55.99,U
sh688777,中控技术,2025-10-15 14:51:58,55.99,7490,55.99,U
sh688777,中控技术,2025-10-15 14:52:01,55.99,10487,55.99,U
sh688777,中控技术,2025-10-15 14:52:04,55.97,6200,55.99,D
sh688777,中控技术,2025-10-15 14:52:07,55.97,5545,55.97,D
sh688777,中控技术,2025-10-15 14:52:10,55.99,6303,55.97,U
sh688777,中控技术,2025-10-15 14:52:19,55.99,6555,55.96,U
sh688777,中控技术,2025-10-15 14:52:28,55.97,11846,55.98,D
sh688777,中控技术,2025-10-15 14:52:40,55.99,8548,55.98,U
sh688777,中控技术,2025-10-15 14:52:43,56.0,19392,55.99,U
sh688777,中控技术,2025-10-15 14:52:52,55.99,5659,55.99,D
sh688777,中控技术,2025-10-15 14:52:55,56.02,6709,55.99,U
sh688777,中控技术,2025-10-15 14:52:58,56.0,6824,56.02,D
sh688777,中控技术,2025-10-15 14:53:01,56.04,13400,56.0,U
sh688777,中控技术,2025-10-15 14:53:07,56.0,26964,56.0,D
sh688777,中控技术,2025-10-15 14:53:10,55.99,14126,56.0,D
sh688777,中控技术,2025-10-15 14:53:19,56.0,16385,55.99,U
sh688777,中控技术,2025-10-15 14:53:22,55.99,5108,56.0,D
sh688777,中控技术,2025-10-15 14:53:25,55.99,4949,55.99,U
sh688777,中控技术,2025-10-15 14:53:31,55.99,8600,56.0,D
sh688777,中控技术,2025-10-15 14:53:34,56.03,37245,55.99,U
sh688777,中控技术,2025-10-15 14:53:37,56.03,7386,56.03,D
sh688777,中控技术,2025-10-15 14:53:40,56.04,7407,56.03,U
sh688777,中控技术,2025-10-15 14:53:46,56.04,7020,56.03,U
sh688777,中控技术,2025-10-15 14:53:55,56.03,7578,56.03,D
sh688777,中控技术,2025-10-15 14:53:58,56.04,6300,56.03,E
sh688777,中控技术,2025-10-15 14:54:01,56.05,7963,56.04,U
sh688777,中控技术,2025-10-15 14:54:04,56.04,4636,56.05,D
sh688777,中控技术,2025-10-15 14:54:07,56.08,25212,56.04,U
sh688777,中控技术,2025-10-15 14:54:16,56.11,10519,56.09,U
sh688777,中控技术,2025-10-15 14:54:28,56.1,10002,56.1,U
sh688777,中控技术,2025-10-15 14:54:37,56.08,37673,56.09,D
sh688777,中控技术,2025-10-15 14:54:43,56.08,10708,56.08,U
sh688777,中控技术,2025-10-15 14:54:49,56.08,5585,56.05,U
sh688777,中控技术,2025-10-15 14:55:01,56.1,5045,56.06,U
sh688777,中控技术,2025-10-15 14:55:13,56.1,7610,56.07,U
sh688777,中控技术,2025-10-15 14:55:25,56.1,5681,56.1,U
sh688777,中控技术,2025-10-15 14:55:28,56.09,6258,56.1,D
sh688777,中控技术,2025-10-15 14:55:31,56.09,14817,56.09,D
sh688777,中控技术,2025-10-15 14:55:34,56.09,10041,56.09,U
sh688777,中控技术,2025-10-15 14:55:37,56.09,4900,56.09,D
sh688777,中控技术,2025-10-15 14:55:46,56.08,5005,56.09,D
sh688777,中控技术,2025-10-15 14:55:49,56.08,4600,56.08,U
sh688777,中控技术,2025-10-15 14:55:52,56.08,18537,56.08,U
sh688777,中控技术,2025-10-15 14:55:58,56.08,7938,56.08,D
sh688777,中控技术,2025-10-15 14:56:01,56.08,9500,56.08,D
sh688777,中控技术,2025-10-15 14:56:04,56.09,11090,56.08,U
sh688777,中控技术,2025-10-15 14:56:07,56.07,12199,56.09,D
sh688777,中控技术,2025-10-15 14:56:10,56.07,5718,56.07,D
sh688777,中控技术,2025-10-15 14:56:13,56.08,6690,56.07,U
sh688777,中控技术,2025-10-15 14:56:16,56.07,6307,56.08,D
sh688777,中控技术,2025-10-15 14:56:25,56.07,11129,56.07,D
sh688777,中控技术,2025-10-15 14:56:34,56.07,5898,56.07,D
sh688777,中控技术,2025-10-15 14:56:40,56.07,4600,56.08,D
sh688777,中控技术,2025-10-15 14:56:43,56.07,9761,56.07,D
sh688777,中控技术,2025-10-15 14:56:46,56.06,7100,56.07,D
sh688777,中控技术,2025-10-15 14:56:49,56.08,4295,56.06,U
sh688777,中控技术,2025-10-15 14:56:52,56.08,24061,56.08,U
sh688777,中控技术,2025-10-15 15:00:01,56.02,222134,56.06,U
