symbol,name,ticktime,price,volume,prev_price,kind
sh688777,中控技术,2025-09-29 09:25:00,52.39,78536,0.0,U
sh688777,中控技术,2025-09-29 09:30:03,52.38,4900,52.38,D
sh688777,中控技术,2025-09-29 09:30:06,52.39,90176,52.38,U
sh688777,中控技术,2025-09-29 09:30:09,52.39,5934,52.39,D
sh688777,中控技术,2025-09-29 09:30:12,52.45,20562,52.39,U
sh688777,中控技术,2025-09-29 09:30:15,52.44,6792,52.45,D
sh688777,中控技术,2025-09-29 09:30:18,52.43,6992,52.44,D
sh688777,中控技术,2025-09-29 09:30:21,52.39,4671,52.43,D
sh688777,中控技术,2025-09-29 09:30:24,52.33,17577,52.39,D
sh688777,中控技术,2025-09-29 09:30:27,52.33,20841,52.33,D
sh688777,中控技术,2025-09-29 09:30:30,52.38,14168,52.33,U
sh688777,中控技术,2025-09-29 09:30:33,52.42,25647,52.38,U
sh688777,中控技术,2025-09-29 09:30:36,52.43,8239,52.42,U
sh688777,中控技术,2025-09-29 09:30:39,52.46,6421,52.43,U
sh688777,中控技术,2025-09-29 09:30:42,52.5,14888,52.46,U
sh688777,中控技术,2025-09-29 09:30:45,52.5,17957,52.5,D
sh688777,中控技术,2025-09-29 09:30:54,52.59,14652,52.58,U
sh688777,中控技术,2025-09-29 09:30:57,52.6,15244,52.59,U
sh688777,中控技术,2025-09-29 09:31:03,52.61,16399,52.6,D
sh688777,中控技术,2025-09-29 09:31:06,52.6,20994,52.61,D
sh688777,中控技术,2025-09-29 09:31:09,52.61,9556,52.6,E
sh688777,中控技术,2025-09-29 09:31:12,52.7,35523,52.61,U
sh688777,中控技术,2025-09-29 09:31:15,52.76,4934,52.7,E
sh688777,中控技术,2025-09-29 09:31:18,52.75,5352,52.76,E
sh688777,中控技术,2025-09-29 09:31:21,52.76,12100,52.75,D
sh688777,中控技术,2025-09-29 09:31:24,52.8,4206,52.76,U
sh688777,中控技术,2025-09-29 09:31:27,52.8,3885,52.8,U
sh688777,中控技术,2025-09-29 09:31:30,52.7,18425,52.8,D
sh688777,中控技术,2025-09-29 09:31:33,52.76,19484,52.7,U
sh688777,中控技术,2025-09-29 09:31:36,52.76,3865,52.76,D
sh688777,中控技术,2025-09-29 09:31:42,52.71,26319,52.76,D
sh688777,中控技术,2025-09-29 09:31:45,52.76,14888,52.71,U
sh688777,中控技术,2025-09-29 09:31:48,52.74,11883,52.76,D
sh688777,中控技术,2025-09-29 09:31:51,52.71,11216,52.74,D
sh688777,中控技术,2025-09-29 09:31:54,52.74,25312,52.71,U
sh688777,中控技术,2025-09-29 09:31:57,52.8,23918,52.74,U
sh688777,中控技术,2025-09-29 09:32:00,52.85,6000,52.8,U
sh688777,中控技术,2025-09-29 09:32:03,52.84,32921,52.85,D
sh688777,中控技术,2025-09-29 09:32:06,52.85,6750,52.84,U
sh688777,中控技术,2025-09-29 09:32:12,52.8,21287,52.8,D
sh688777,中控技术,2025-09-29 09:32:15,52.78,12841,52.8,D
sh688777,中控技术,2025-09-29 09:32:18,52.88,55792,52.78,U
sh688777,中控技术,2025-09-29 09:32:21,52.82,7137,52.88,D
sh688777,中控技术,2025-09-29 09:32:24,52.9,32557,52.82,U
sh688777,中控技术,2025-09-29 09:32:27,52.9,32290,52.9,D
sh688777,中控技术,2025-09-29 09:32:30,52.9,5929,52.9,U
sh688777,中控技术,2025-09-29 09:32:33,52.84,17865,52.9,D
sh688777,中控技术,2025-09-29 09:32:39,52.88,16000,52.89,U
sh688777,中控技术,2025-09-29 09:32:45,52.84,17876,52.89,D
sh688777,中控技术,2025-09-29 09:32:48,52.89,8760,52.84,U
sh688777,中控技术,2025-09-29 09:32:51,52.88,6545,52.89,D
sh688777,中控技术,2025-09-29 09:32:54,52.9,8111,52.88,U
sh688777,中控技术,2025-09-29 09:32:57,52.89,7036,52.9,D
sh688777,中控技术,2025-09-29 09:33:06,52.9,11265,52.89,U
sh688777,中控技术,2025-09-29 09:33:09,52.88,12770,52.9,D
sh688777,中控技术,2025-09-29 09:33:12,52.9,5154,52.88,U
sh688777,中控技术,2025-09-29 09:33:15,52.9,6939,52.9,U
sh688777,中控技术,2025-09-29 09:33:18,52.89,14348,52.9,U
sh688777,中控技术,2025-09-29 09:33:21,52.9,5154,52.89,U
sh688777,中控技术,2025-09-29 09:33:24,52.9,40597,52.9,U
sh688777,中控技术,2025-09-29 09:33:27,52.94,61932,52.9,U
sh688777,中控技术,2025-09-29 09:33:30,52.93,17062,52.94,D
sh688777,中控技术,2025-09-29 09:33:33,52.9,5704,52.93,D
sh688777,中控技术,2025-09-29 09:33:39,52.85,82555,52.93,D
sh688777,中控技术,2025-09-29 09:33:42,52.88,10015,52.85,U
sh688777,中控技术,2025-09-29 09:33:45,52.9,5814,52.88,U
sh688777,中控技术,2025-09-29 09:33:54,52.83,6129,52.85,D
sh688777,中控技术,2025-09-29 09:33:57,52.89,4360,52.83,U
sh688777,中控技术,2025-09-29 09:34:03,52.77,11357,52.84,D
sh688777,中控技术,2025-09-29 09:34:09,52.71,13946,52.8,D
sh688777,中控技术,2025-09-29 09:34:21,52.75,4520,52.74,E
sh688777,中控技术,2025-09-29 09:34:24,52.75,7580,52.75,U
sh688777,中控技术,2025-09-29 09:34:27,52.76,8810,52.75,D
sh688777,中控技术,2025-09-29 09:34:30,52.77,44042,52.76,E
sh688777,中控技术,2025-09-29 09:34:33,52.77,10089,52.77,U
sh688777,中控技术,2025-09-29 09:34:36,52.77,4547,52.77,U
sh688777,中控技术,2025-09-29 09:34:39,52.71,12235,52.77,D
sh688777,中控技术,2025-09-29 09:34:42,52.77,9485,52.71,U
sh688777,中控技术,2025-09-29 09:34:54,52.65,5600,52.69,D
sh688777,中控技术,2025-09-29 09:35:03,52.72,10800,52.72,D
sh688777,中控技术,2025-09-29 09:35:06,52.8,19851,52.72,U
sh688777,中控技术,2025-09-29 09:35:18,52.81,17298,52.79,U
sh688777,中控技术,2025-09-29 09:35:21,52.82,11530,52.81,U
sh688777,中控技术,2025-09-29 09:35:24,52.82,9944,52.82,U
sh688777,中控技术,2025-09-29 09:35:27,52.84,12200,52.82,U
sh688777,中控技术,2025-09-29 09:35:33,52.83,6244,52.84,D
sh688777,中控技术,2025-09-29 09:35:36,52.83,18936,52.83,D
sh688777,中控技术,2025-09-29 09:35:39,52.84,5114,52.83,U
sh688777,中控技术,2025-09-29 09:35:42,52.75,7373,52.84,D
sh688777,中控技术,2025-09-29 09:35:45,52.75,5783,52.75,D
sh688777,中控技术,2025-09-29 09:35:51,52.78,9866,52.74,U
sh688777,中控技术,2025-09-29 09:35:54,52.71,65554,52.78,D
sh688777,中控技术,2025-09-29 09:35:57,52.72,24270,52.71,U
sh688777,中控技术,2025-09-29 09:36:00,52.66,5300,52.72,D
sh688777,中控技术,2025-09-29 09:36:06,52.7,5915,52.65,D
sh688777,中控技术,2025-09-29 09:36:18,52.66,32485,52.7,D
sh688777,中控技术,2025-09-29 09:36:24,52.65,4752,52.66,D
sh688777,中控技术,2025-09-29 09:36:27,52.71,30853,52.65,U
sh688777,中控技术,2025-09-29 09:36:30,52.7,10343,52.71,D
sh688777,中控技术,2025-09-29 09:36:36,52.76,117926,52.7,U
sh688777,中控技术,2025-09-29 09:36:51,52.81,24125,52.81,U
sh688777,中控技术,2025-09-29 09:36:54,52.85,20334,52.81,U
sh688777,中控技术,2025-09-29 09:37:03,52.88,30513,52.85,U
sh688777,中控技术,2025-09-29 09:37:06,52.86,8919,52.88,D
sh688777,中控技术,2025-09-29 09:37:09,52.79,15597,52.86,D
sh688777,中控技术,2025-09-29 09:37:12,52.82,15754,52.79,U
sh688777,中控技术,2025-09-29 09:37:15,52.77,36683,52.82,D
sh688777,中控技术,2025-09-29 09:37:18,52.76,5806,52.77,E
sh688777,中控技术,2025-09-29 09:37:24,52.85,4120,52.84,D
sh688777,中控技术,2025-09-29 09:37:27,52.87,43853,52.85,U
sh688777,中控技术,2025-09-29 09:37:30,52.87,22044,52.87,D
sh688777,中控技术,2025-09-29 09:37:33,52.88,6009,52.87,E
sh688777,中控技术,2025-09-29 09:37:42,52.95,11327,52.87,U
sh688777,中控技术,2025-09-29 09:37:51,52.98,4100,52.98,U
sh688777,中控技术,2025-09-29 09:37:54,52.98,8786,52.98,U
sh688777,中控技术,2025-09-29 09:37:57,52.98,14413,52.98,D
sh688777,中控技术,2025-09-29 09:38:00,52.98,17100,52.98,D
sh688777,中控技术,2025-09-29 09:38:03,53.02,22619,52.98,U
sh688777,中控技术,2025-09-29 09:38:06,52.98,19652,53.02,D
sh688777,中控技术,2025-09-29 09:38:09,53.0,14479,52.98,U
sh688777,中控技术,2025-09-29 09:38:12,53.0,5557,53.0,U
sh688777,中控技术,2025-09-29 09:38:15,53.0,12751,53.0,U
sh688777,中控技术,2025-09-29 09:38:18,53.0,17681,53.0,U
sh688777,中控技术,2025-09-29 09:38:21,53.0,9790,53.0,U
sh688777,中控技术,2025-09-29 09:38:24,53.0,10648,53.0,U
sh688777,中控技术,2025-09-29 09:38:27,53.0,40445,53.0,D
sh688777,中控技术,2025-09-29 09:38:30,52.95,5636,53.0,D
sh688777,中控技术,2025-09-29 09:38:33,52.95,4000,52.95,U
sh688777,中控技术,2025-09-29 09:38:45,52.96,8246,52.9,U
sh688777,中控技术,2025-09-29 09:38:48,52.91,19193,52.96,D
sh688777,中控技术,2025-09-29 09:38:54,52.91,13961,52.9,U
sh688777,中控技术,2025-09-29 09:39:03,52.84,60257,52.91,D
sh688777,中控技术,2025-09-29 09:39:09,52.91,12000,52.84,U
sh688777,中控技术,2025-09-29 09:39:21,52.86,5300,52.91,D
sh688777,中控技术,2025-09-29 09:39:24,52.87,42200,52.86,E
sh688777,中控技术,2025-09-29 09:39:27,52.91,10171,52.87,U
sh688777,中控技术,2025-09-29 09:39:30,52.91,51415,52.91,D
sh688777,中控技术,2025-09-29 09:39:33,52.98,6730,52.91,E
sh688777,中控技术,2025-09-29 09:39:36,52.86,21333,52.98,D
sh688777,中控技术,2025-09-29 09:39:39,52.85,44202,52.86,D
sh688777,中控技术,2025-09-29 09:39:42,52.95,4400,52.85,U
sh688777,中控技术,2025-09-29 09:39:45,52.87,12006,52.95,D
sh688777,中控技术,2025-09-29 09:39:57,52.89,4840,52.87,D
sh688777,中控技术,2025-09-29 09:40:03,52.89,4607,52.93,D
sh688777,中控技术,2025-09-29 09:40:06,52.88,8440,52.89,D
sh688777,中控技术,2025-09-29 09:40:09,52.88,11389,52.88,D
sh688777,中控技术,2025-09-29 09:40:12,52.89,23900,52.88,U
sh688777,中控技术,2025-09-29 09:40:15,52.88,6547,52.89,D
sh688777,中控技术,2025-09-29 09:40:18,52.86,5000,52.88,D
sh688777,中控技术,2025-09-29 09:40:24,52.88,34662,52.89,D
sh688777,中控技术,2025-09-29 09:40:27,52.9,4005,52.88,U
sh688777,中控技术,2025-09-29 09:40:45,52.94,4424,52.95,D
sh688777,中控技术,2025-09-29 09:40:57,52.9,64027,52.95,D
sh688777,中控技术,2025-09-29 09:41:00,52.9,32111,52.9,U
sh688777,中控技术,2025-09-29 09:41:03,52.86,4199,52.9,U
sh688777,中控技术,2025-09-29 09:41:15,52.95,8218,52.91,U
sh688777,中控技术,2025-09-29 09:41:18,53.01,44000,52.95,U
sh688777,中控技术,2025-09-29 09:41:21,53.01,5157,53.01,D
sh688777,中控技术,2025-09-29 09:41:24,53.07,10116,53.01,U
sh688777,中控技术,2025-09-29 09:41:27,53.07,33905,53.07,D
sh688777,中控技术,2025-09-29 09:41:30,53.08,14207,53.07,U
sh688777,中控技术,2025-09-29 09:41:33,53.09,9772,53.08,U
sh688777,中控技术,2025-09-29 09:41:36,53.1,17500,53.09,U
sh688777,中控技术,2025-09-29 09:41:39,53.12,17438,53.1,U
sh688777,中控技术,2025-09-29 09:41:42,53.08,22087,53.12,D
sh688777,中控技术,2025-09-29 09:41:45,53.11,21296,53.08,U
sh688777,中控技术,2025-09-29 09:41:48,53.08,14948,53.11,E
sh688777,中控技术,2025-09-29 09:41:51,53.05,16991,53.08,E
sh688777,中控技术,2025-09-29 09:41:54,53.08,4929,53.05,U
sh688777,中控技术,2025-09-29 09:42:00,53.04,10383,53.08,D
sh688777,中控技术,2025-09-29 09:42:03,53.06,22699,53.04,D
sh688777,中控技术,2025-09-29 09:42:09,53.02,5437,52.95,U
sh688777,中控技术,2025-09-29 09:42:15,52.93,4700,52.98,D
sh688777,中控技术,2025-09-29 09:42:18,52.94,14650,52.93,E
sh688777,中控技术,2025-09-29 09:42:21,52.95,6650,52.94,U
sh688777,中控技术,2025-09-29 09:42:24,52.91,21603,52.95,D
sh688777,中控技术,2025-09-29 09:42:27,52.96,10853,52.91,U
sh688777,中控技术,2025-09-29 09:42:30,52.97,8130,52.96,U
sh688777,中控技术,2025-09-29 09:42:33,53.03,62063,52.97,U
sh688777,中控技术,2025-09-29 09:42:36,53.08,14864,53.03,U
sh688777,中控技术,2025-09-29 09:42:39,53.12,15021,53.08,U
sh688777,中控技术,2025-09-29 09:42:42,53.06,26800,53.12,D
sh688777,中控技术,2025-09-29 09:42:48,53.12,3833,53.04,U
sh688777,中控技术,2025-09-29 09:42:51,53.08,11433,53.12,D
sh688777,中控技术,2025-09-29 09:42:54,53.15,30692,53.08,U
sh688777,中控技术,2025-09-29 09:42:57,53.1,10532,53.15,D
sh688777,中控技术,2025-09-29 09:43:00,53.16,3918,53.1,U
sh688777,中控技术,2025-09-29 09:43:03,53.09,25250,53.16,D
sh688777,中控技术,2025-09-29 09:43:12,53.1,23185,53.14,D
sh688777,中控技术,2025-09-29 09:43:15,53.05,3853,53.1,D
sh688777,中控技术,2025-09-29 09:43:18,53.04,9629,53.05,D
sh688777,中控技术,2025-09-29 09:43:24,53.1,7888,53.03,U
sh688777,中控技术,2025-09-29 09:43:30,53.05,3800,53.04,D
sh688777,中控技术,2025-09-29 09:43:33,53.05,5000,53.05,D
sh688777,中控技术,2025-09-29 09:43:36,53.01,57988,53.05,D
sh688777,中控技术,2025-09-29 09:43:39,53.0,6500,53.01,D
sh688777,中控技术,2025-09-29 09:43:42,52.96,16344,53.0,D
sh688777,中控技术,2025-09-29 09:43:48,52.95,18197,52.96,D
sh688777,中控技术,2025-09-29 09:43:54,52.98,17689,52.93,U
sh688777,中控技术,2025-09-29 09:44:00,52.89,4327,52.93,D
sh688777,中控技术,2025-09-29 09:44:06,52.88,6720,52.93,D
sh688777,中控技术,2025-09-29 09:44:09,52.98,10559,52.88,U
sh688777,中控技术,2025-09-29 09:44:15,53.0,5764,53.0,U
sh688777,中控技术,2025-09-29 09:44:18,53.0,10637,53.0,D
sh688777,中控技术,2025-09-29 09:44:27,53.07,8147,53.01,U
sh688777,中控技术,2025-09-29 09:44:30,53.06,25456,53.07,D
sh688777,中控技术,2025-09-29 09:44:33,53.0,25582,53.06,D
sh688777,中控技术,2025-09-29 09:44:42,52.95,79581,53.05,D
sh688777,中控技术,2025-09-29 09:44:45,52.99,16023,52.95,U
sh688777,中控技术,2025-09-29 09:44:51,53.0,5802,52.99,U
sh688777,中控技术,2025-09-29 09:45:00,53.0,5100,53.02,D
sh688777,中控技术,2025-09-29 09:45:03,53.04,12200,53.0,U
sh688777,中控技术,2025-09-29 09:45:06,53.11,26147,53.04,U
sh688777,中控技术,2025-09-29 09:45:09,53.08,9664,53.11,D
sh688777,中控技术,2025-09-29 09:45:15,53.11,21304,53.11,U
sh688777,中控技术,2025-09-29 09:45:18,53.14,16131,53.11,U
sh688777,中控技术,2025-09-29 09:45:24,53.14,5886,53.14,D
sh688777,中控技术,2025-09-29 09:45:27,53.09,41418,53.14,D
sh688777,中控技术,2025-09-29 09:45:30,53.14,15568,53.09,U
sh688777,中控技术,2025-09-29 09:45:39,53.08,5594,53.11,E
sh688777,中控技术,2025-09-29 09:45:42,53.13,27373,53.08,U
sh688777,中控技术,2025-09-29 09:45:45,53.12,4341,53.13,E
sh688777,中控技术,2025-09-29 09:45:51,53.08,37671,53.08,D
sh688777,中控技术,2025-09-29 09:45:54,53.09,17605,53.08,D
sh688777,中控技术,2025-09-29 09:45:57,53.12,5789,53.09,U
sh688777,中控技术,2025-09-29 09:46:03,53.14,11921,53.12,U
sh688777,中控技术,2025-09-29 09:46:06,53.12,3792,53.14,D
sh688777,中控技术,2025-09-29 09:46:09,53.14,15354,53.12,U
sh688777,中控技术,2025-09-29 09:46:12,53.09,26352,53.14,D
sh688777,中控技术,2025-09-29 09:46:15,53.12,7108,53.09,U
sh688777,中控技术,2025-09-29 09:46:18,53.13,14386,53.12,U
sh688777,中控技术,2025-09-29 09:46:21,53.08,12932,53.13,D
sh688777,中控技术,2025-09-29 09:46:27,53.16,42844,53.12,U
sh688777,中控技术,2025-09-29 09:46:30,53.18,51634,53.16,U
sh688777,中控技术,2025-09-29 09:46:33,53.19,4808,53.18,E
sh688777,中控技术,2025-09-29 09:46:36,53.2,4302,53.19,U
sh688777,中控技术,2025-09-29 09:46:39,53.13,37233,53.2,D
sh688777,中控技术,2025-09-29 09:46:42,53.17,14875,53.13,U
sh688777,中控技术,2025-09-29 09:46:45,53.11,36950,53.17,D
sh688777,中控技术,2025-09-29 09:46:48,53.12,17067,53.11,U
sh688777,中控技术,2025-09-29 09:46:54,53.16,8471,53.18,E
sh688777,中控技术,2025-09-29 09:46:57,53.16,4097,53.16,U
sh688777,中控技术,2025-09-29 09:47:00,53.16,14257,53.16,U
sh688777,中控技术,2025-09-29 09:47:03,53.14,59121,53.16,D
sh688777,中控技术,2025-09-29 09:47:06,53.17,15956,53.14,E
sh688777,中控技术,2025-09-29 09:47:09,53.14,23141,53.17,D
sh688777,中控技术,2025-09-29 09:47:12,53.19,25800,53.14,E
sh688777,中控技术,2025-09-29 09:47:15,53.18,7062,53.19,E
sh688777,中控技术,2025-09-29 09:47:18,53.13,26692,53.18,D
sh688777,中控技术,2025-09-29 09:47:21,53.19,43129,53.13,U
sh688777,中控技术,2025-09-29 09:47:24,53.14,10338,53.19,D
sh688777,中控技术,2025-09-29 09:47:27,53.1,54330,53.14,D
sh688777,中控技术,2025-09-29 09:47:36,53.1,13200,53.15,D
sh688777,中控技术,2025-09-29 09:47:39,53.16,5649,53.1,U
sh688777,中控技术,2025-09-29 09:47:42,53.17,8007,53.16,U
sh688777,中控技术,2025-09-29 09:47:45,53.18,4000,53.17,U
sh688777,中控技术,2025-09-29 09:47:48,53.17,5100,53.18,E
sh688777,中控技术,2025-09-29 09:47:54,53.17,22036,53.17,U
sh688777,中控技术,2025-09-29 09:48:00,53.12,7292,53.13,D
sh688777,中控技术,2025-09-29 09:48:03,53.1,12184,53.12,D
sh688777,中控技术,2025-09-29 09:48:06,53.09,30748,53.1,D
sh688777,中控技术,2025-09-29 09:48:18,53.09,14226,53.13,D
sh688777,中控技术,2025-09-29 09:48:24,53.09,6622,53.09,D
sh688777,中控技术,2025-09-29 09:48:27,53.14,31498,53.09,U
sh688777,中控技术,2025-09-29 09:48:30,53.14,12000,53.14,D
sh688777,中控技术,2025-09-29 09:48:33,53.18,9789,53.14,U
sh688777,中控技术,2025-09-29 09:48:42,53.19,14881,53.17,U
sh688777,中控技术,2025-09-29 09:48:45,53.22,36818,53.19,U
sh688777,中控技术,2025-09-29 09:48:48,53.22,7000,53.22,D
sh688777,中控技术,2025-09-29 09:48:54,53.2,8436,53.25,D
sh688777,中控技术,2025-09-29 09:48:57,53.25,41307,53.2,U
sh688777,中控技术,2025-09-29 09:49:00,53.26,17756,53.25,U
sh688777,中控技术,2025-09-29 09:49:03,53.2,7079,53.26,D
sh688777,中控技术,2025-09-29 09:49:06,53.25,8103,53.2,U
sh688777,中控技术,2025-09-29 09:49:09,53.2,13628,53.25,D
sh688777,中控技术,2025-09-29 09:49:12,53.3,28438,53.2,U
sh688777,中控技术,2025-09-29 09:49:15,53.31,10170,53.3,U
sh688777,中控技术,2025-09-29 09:49:18,53.3,19046,53.31,D
sh688777,中控技术,2025-09-29 09:49:21,53.35,10800,53.3,U
sh688777,中控技术,2025-09-29 09:49:24,53.35,9380,53.35,E
sh688777,中控技术,2025-09-29 09:49:27,53.48,58474,53.35,U
sh688777,中控技术,2025-09-29 09:49:30,53.4,8359,53.48,E
sh688777,中控技术,2025-09-29 09:49:33,53.49,26823,53.4,U
sh688777,中控技术,2025-09-29 09:49:36,53.4,88866,53.49,E
sh688777,中控技术,2025-09-29 09:49:39,53.49,25398,53.4,U
sh688777,中控技术,2025-09-29 09:49:42,53.4,15199,53.49,D
sh688777,中控技术,2025-09-29 09:49:45,53.45,9274,53.4,U
sh688777,中控技术,2025-09-29 09:49:51,53.49,31343,53.41,U
sh688777,中控技术,2025-09-29 09:49:54,53.43,25550,53.49,D
sh688777,中控技术,2025-09-29 09:49:57,53.37,7943,53.43,D
sh688777,中控技术,2025-09-29 09:50:00,53.43,66228,53.37,U
sh688777,中控技术,2025-09-29 09:50:03,53.4,14547,53.43,D
sh688777,中控技术,2025-09-29 09:50:06,53.45,18770,53.4,U
sh688777,中控技术,2025-09-29 09:50:12,53.41,26813,53.43,D
sh688777,中控技术,2025-09-29 09:50:15,53.39,17494,53.41,D
sh688777,中控技术,2025-09-29 09:50:18,53.34,23737,53.39,D
sh688777,中控技术,2025-09-29 09:50:21,53.36,22389,53.34,U
sh688777,中控技术,2025-09-29 09:50:24,53.34,8362,53.36,D
sh688777,中控技术,2025-09-29 09:50:27,53.38,18649,53.34,U
sh688777,中控技术,2025-09-29 09:50:33,53.37,30767,53.37,D
sh688777,中控技术,2025-09-29 09:50:36,53.35,43521,53.37,D
sh688777,中控技术,2025-09-29 09:50:39,53.38,14271,53.35,U
sh688777,中控技术,2025-09-29 09:50:42,53.36,12208,53.38,D
sh688777,中控技术,2025-09-29 09:50:45,53.39,6547,53.36,U
sh688777,中控技术,2025-09-29 09:50:48,53.39,8155,53.39,U
sh688777,中控技术,2025-09-29 09:50:57,53.39,15362,53.39,D
sh688777,中控技术,2025-09-29 09:51:03,53.38,5716,53.43,D
sh688777,中控技术,2025-09-29 09:51:06,53.35,34789,53.38,D
sh688777,中控技术,2025-09-29 09:51:12,53.39,11748,53.35,U
sh688777,中控技术,2025-09-29 09:51:24,53.35,34860,53.37,U
sh688777,中控技术,2025-09-29 09:51:27,53.35,4400,53.35,U
sh688777,中控技术,2025-09-29 09:51:30,53.34,6424,53.35,D
sh688777,中控技术,2025-09-29 09:51:33,53.34,26318,53.34,D
sh688777,中控技术,2025-09-29 09:51:39,53.26,58145,53.3,D
sh688777,中控技术,2025-09-29 09:51:42,53.21,8312,53.26,E
sh688777,中控技术,2025-09-29 09:51:45,53.24,5700,53.21,U
sh688777,中控技术,2025-09-29 09:51:54,53.24,5568,53.27,D
sh688777,中控技术,2025-09-29 09:52:00,53.3,17930,53.26,U
sh688777,中控技术,2025-09-29 09:52:03,53.33,5449,53.3,U
sh688777,中控技术,2025-09-29 09:52:09,53.31,6470,53.29,U
sh688777,中控技术,2025-09-29 09:52:12,53.34,7438,53.31,U
sh688777,中控技术,2025-09-29 09:52:15,53.34,16467,53.34,U
sh688777,中控技术,2025-09-29 09:52:18,53.34,9674,53.34,U
sh688777,中控技术,2025-09-29 09:52:21,53.32,17635,53.34,D
sh688777,中控技术,2025-09-29 09:52:24,53.33,12009,53.32,U
sh688777,中控技术,2025-09-29 09:52:30,53.34,13370,53.33,U
sh688777,中控技术,2025-09-29 09:52:33,53.37,9863,53.34,U
sh688777,中控技术,2025-09-29 09:52:36,53.37,5000,53.37,U
sh688777,中控技术,2025-09-29 09:52:39,53.4,12282,53.37,U
sh688777,中控技术,2025-09-29 09:52:48,53.35,4464,53.37,D
sh688777,中控技术,2025-09-29 09:52:51,53.3,26265,53.35,D
sh688777,中控技术,2025-09-29 09:52:54,53.31,12818,53.3,U
sh688777,中控技术,2025-09-29 09:52:57,53.33,12458,53.31,U
sh688777,中控技术,2025-09-29 09:53:00,53.31,10531,53.33,D
sh688777,中控技术,2025-09-29 09:53:03,53.31,5716,53.31,U
sh688777,中控技术,2025-09-29 09:53:06,53.3,5446,53.31,E
sh688777,中控技术,2025-09-29 09:53:09,53.3,4467,53.3,U
sh688777,中控技术,2025-09-29 09:53:12,53.31,7044,53.3,U
sh688777,中控技术,2025-09-29 09:53:15,53.31,7836,53.31,U
sh688777,中控技术,2025-09-29 09:53:18,53.31,4238,53.31,D
sh688777,中控技术,2025-09-29 09:53:21,53.26,45412,53.31,D
sh688777,中控技术,2025-09-29 09:53:24,53.3,8765,53.26,U
sh688777,中控技术,2025-09-29 09:53:27,53.31,7716,53.3,U
sh688777,中控技术,2025-09-29 09:53:30,53.32,14066,53.31,U
sh688777,中控技术,2025-09-29 09:53:33,53.35,20030,53.32,U
sh688777,中控技术,2025-09-29 09:53:42,53.41,7778,53.4,U
sh688777,中控技术,2025-09-29 09:53:45,53.37,16325,53.41,D
sh688777,中控技术,2025-09-29 09:53:51,53.39,6934,53.41,E
sh688777,中控技术,2025-09-29 09:53:54,53.41,22238,53.39,U
sh688777,中控技术,2025-09-29 09:53:57,53.41,9112,53.41,D
sh688777,中控技术,2025-09-29 09:54:03,53.37,20431,53.41,D
sh688777,中控技术,2025-09-29 09:54:06,53.34,21333,53.37,E
sh688777,中控技术,2025-09-29 09:54:09,53.28,9379,53.34,D
sh688777,中控技术,2025-09-29 09:54:12,53.28,4711,53.28,D
sh688777,中控技术,2025-09-29 09:54:15,53.31,7835,53.28,U
sh688777,中控技术,2025-09-29 09:54:24,53.31,11649,53.3,U
sh688777,中控技术,2025-09-29 09:54:27,53.28,15331,53.31,D
sh688777,中控技术,2025-09-29 09:54:30,53.31,8332,53.28,U
sh688777,中控技术,2025-09-29 09:54:33,53.29,4110,53.31,D
sh688777,中控技术,2025-09-29 09:54:36,53.29,6238,53.29,D
sh688777,中控技术,2025-09-29 09:54:39,53.28,9356,53.29,D
sh688777,中控技术,2025-09-29 09:54:42,53.28,14707,53.28,D
sh688777,中控技术,2025-09-29 09:54:45,53.3,7125,53.28,U
sh688777,中控技术,2025-09-29 09:54:48,53.29,4773,53.3,E
sh688777,中控技术,2025-09-29 09:54:51,53.31,7974,53.29,U
sh688777,中控技术,2025-09-29 09:54:54,53.3,10709,53.31,D
sh688777,中控技术,2025-09-29 09:54:57,53.31,6828,53.3,E
sh688777,中控技术,2025-09-29 09:55:00,53.29,4681,53.31,D
sh688777,中控技术,2025-09-29 09:55:06,53.26,13607,53.3,E
sh688777,中控技术,2025-09-29 09:55:12,53.25,10212,53.23,U
sh688777,中控技术,2025-09-29 09:55:18,53.26,8433,53.25,U
sh688777,中控技术,2025-09-29 09:55:21,53.21,7253,53.26,D
sh688777,中控技术,2025-09-29 09:55:27,53.21,8728,53.21,U
sh688777,中控技术,2025-09-29 09:55:33,53.17,6677,53.2,D
sh688777,中控技术,2025-09-29 09:55:36,53.13,7643,53.17,D
sh688777,中控技术,2025-09-29 09:55:39,53.09,16800,53.13,D
sh688777,中控技术,2025-09-29 09:55:51,53.06,3786,53.06,D
sh688777,中控技术,2025-09-29 09:55:54,53.06,19077,53.06,U
sh688777,中控技术,2025-09-29 09:56:00,53.07,8925,53.06,U
sh688777,中控技术,2025-09-29 09:56:03,53.07,16522,53.07,U
sh688777,中控技术,2025-09-29 09:56:06,53.06,16027,53.07,D
sh688777,中控技术,2025-09-29 09:56:09,53.1,9464,53.06,U
sh688777,中控技术,2025-09-29 09:56:12,53.11,7379,53.1,E
sh688777,中控技术,2025-09-29 09:56:15,53.08,5634,53.11,D
sh688777,中控技术,2025-09-29 09:56:18,53.07,12007,53.08,D
sh688777,中控技术,2025-09-29 09:56:21,53.15,10101,53.07,U
sh688777,中控技术,2025-09-29 09:56:27,53.07,21432,53.13,D
sh688777,中控技术,2025-09-29 09:56:30,53.11,16622,53.07,U
sh688777,中控技术,2025-09-29 09:56:42,53.06,4706,53.08,D
sh688777,中控技术,2025-09-29 09:56:45,53.07,53879,53.06,U
sh688777,中控技术,2025-09-29 09:56:48,53.09,7757,53.07,U
sh688777,中控技术,2025-09-29 09:56:51,53.07,10433,53.09,E
sh688777,中控技术,2025-09-29 09:56:57,53.09,7765,53.09,U
sh688777,中控技术,2025-09-29 09:57:00,53.14,13787,53.09,U
sh688777,中控技术,2025-09-29 09:57:06,53.09,3981,53.14,D
sh688777,中控技术,2025-09-29 09:57:09,53.07,11131,53.09,D
sh688777,中控技术,2025-09-29 09:57:15,53.06,22471,53.07,D
sh688777,中控技术,2025-09-29 09:57:18,53.06,33784,53.06,D
sh688777,中控技术,2025-09-29 09:57:21,53.07,8803,53.06,U
sh688777,中控技术,2025-09-29 09:57:24,53.07,4652,53.07,D
sh688777,中控技术,2025-09-29 09:57:27,53.08,6660,53.07,U
sh688777,中控技术,2025-09-29 09:57:36,53.08,11517,53.07,U
sh688777,中控技术,2025-09-29 09:57:42,53.08,4000,53.08,U
sh688777,中控技术,2025-09-29 09:57:51,53.09,3789,53.07,E
sh688777,中控技术,2025-09-29 09:57:54,53.12,6127,53.09,U
sh688777,中控技术,2025-09-29 09:57:57,53.15,16138,53.12,U
sh688777,中控技术,2025-09-29 09:58:03,53.12,5840,53.15,D
sh688777,中控技术,2025-09-29 09:58:06,53.09,5334,53.12,D
sh688777,中控技术,2025-09-29 09:58:12,53.1,11994,53.1,D
sh688777,中控技术,2025-09-29 09:58:15,53.07,12630,53.1,D
sh688777,中控技术,2025-09-29 09:58:24,53.07,7672,53.07,D
sh688777,中控技术,2025-09-29 09:58:36,53.08,9702,53.08,D
sh688777,中控技术,2025-09-29 09:58:39,53.13,7364,53.08,U
sh688777,中控技术,2025-09-29 09:59:06,53.16,9511,53.16,U
sh688777,中控技术,2025-09-29 09:59:12,53.16,11279,53.16,D
sh688777,中控技术,2025-09-29 09:59:24,53.17,7857,53.17,D
sh688777,中控技术,2025-09-29 09:59:27,53.16,10190,53.17,D
sh688777,中控技术,2025-09-29 09:59:30,53.14,5862,53.16,D
sh688777,中控技术,2025-09-29 09:59:36,53.15,5000,53.16,E
sh688777,中控技术,2025-09-29 09:59:39,53.13,9103,53.15,D
sh688777,中控技术,2025-09-29 09:59:54,53.13,18551,53.2,D
sh688777,中控技术,2025-09-29 10:00:09,53.14,8506,53.14,D
sh688777,中控技术,2025-09-29 10:00:21,53.08,14201,53.14,D
sh688777,中控技术,2025-09-29 10:00:24,53.02,101571,53.08,D
sh688777,中控技术,2025-09-29 10:00:27,53.05,18975,53.02,U
sh688777,中控技术,2025-09-29 10:00:33,53.04,3894,53.0,U
sh688777,中控技术,2025-09-29 10:00:36,53.04,6067,53.04,D
sh688777,中控技术,2025-09-29 10:00:39,53.0,4272,53.04,D
sh688777,中控技术,2025-09-29 10:00:42,53.01,7537,53.0,U
sh688777,中控技术,2025-09-29 10:00:45,53.04,8756,53.01,U
sh688777,中控技术,2025-09-29 10:00:54,53.02,22477,53.01,U
sh688777,中控技术,2025-09-29 10:00:57,53.02,5399,53.02,D
sh688777,中控技术,2025-09-29 10:01:03,53.03,5404,53.03,D
sh688777,中控技术,2025-09-29 10:01:06,53.01,7895,53.03,D
sh688777,中控技术,2025-09-29 10:01:09,53.05,5980,53.01,U
sh688777,中控技术,2025-09-29 10:01:15,53.06,3825,53.05,U
sh688777,中控技术,2025-09-29 10:01:21,53.05,10655,53.05,D
sh688777,中控技术,2025-09-29 10:01:24,53.05,5997,53.05,U
sh688777,中控技术,2025-09-29 10:01:30,53.05,4214,53.05,D
sh688777,中控技术,2025-09-29 10:01:36,53.07,6056,53.06,U
sh688777,中控技术,2025-09-29 10:01:45,53.08,4395,53.07,U
sh688777,中控技术,2025-09-29 10:01:54,53.02,83853,53.07,D
sh688777,中控技术,2025-09-29 10:01:57,53.03,12080,53.02,U
sh688777,中控技术,2025-09-29 10:02:00,53.03,5481,53.03,U
sh688777,中控技术,2025-09-29 10:02:03,53.05,18611,53.03,U
sh688777,中控技术,2025-09-29 10:02:06,53.06,7576,53.05,U
sh688777,中控技术,2025-09-29 10:02:18,53.09,4173,53.06,U
sh688777,中控技术,2025-09-29 10:02:21,53.12,6808,53.09,E
sh688777,中控技术,2025-09-29 10:02:27,53.1,15903,53.17,D
sh688777,中控技术,2025-09-29 10:02:30,53.1,3851,53.1,D
sh688777,中控技术,2025-09-29 10:02:33,53.1,4089,53.1,D
sh688777,中控技术,2025-09-29 10:02:36,53.1,8438,53.1,D
sh688777,中控技术,2025-09-29 10:02:42,53.11,4025,53.1,D
sh688777,中控技术,2025-09-29 10:02:48,53.07,4395,53.06,E
sh688777,中控技术,2025-09-29 10:02:51,53.02,8978,53.07,D
sh688777,中控技术,2025-09-29 10:02:54,53.0,12780,53.02,D
sh688777,中控技术,2025-09-29 10:03:09,53.02,5255,53.01,E
sh688777,中控技术,2025-09-29 10:03:18,53.08,10727,53.05,U
sh688777,中控技术,2025-09-29 10:03:21,52.99,32963,53.08,D
sh688777,中控技术,2025-09-29 10:03:24,52.97,11105,52.99,D
sh688777,中控技术,2025-09-29 10:03:27,52.94,17695,52.97,D
sh688777,中控技术,2025-09-29 10:03:30,52.9,7713,52.94,D
sh688777,中控技术,2025-09-29 10:03:33,52.91,13769,52.9,U
sh688777,中控技术,2025-09-29 10:03:39,52.91,8398,52.94,D
sh688777,中控技术,2025-09-29 10:03:51,52.94,8108,52.94,U
sh688777,中控技术,2025-09-29 10:03:54,52.94,6500,52.94,D
sh688777,中控技术,2025-09-29 10:04:00,52.93,4519,52.94,D
sh688777,中控技术,2025-09-29 10:04:06,52.93,7100,52.94,D
sh688777,中控技术,2025-09-29 10:04:12,52.94,7194,52.97,E
sh688777,中控技术,2025-09-29 10:04:15,52.95,14548,52.94,E
sh688777,中控技术,2025-09-29 10:04:18,52.95,4614,52.95,U
sh688777,中控技术,2025-09-29 10:04:21,52.96,10033,52.95,U
sh688777,中控技术,2025-09-29 10:04:30,53.0,4025,53.02,D
sh688777,中控技术,2025-09-29 10:04:45,53.03,10983,53.0,E
sh688777,中控技术,2025-09-29 10:04:51,53.05,4010,53.04,U
sh688777,中控技术,2025-09-29 10:04:57,53.06,4658,53.05,U
sh688777,中控技术,2025-09-29 10:05:03,53.06,7651,53.07,D
sh688777,中控技术,2025-09-29 10:05:18,53.03,16807,53.04,D
sh688777,中控技术,2025-09-29 10:06:03,52.94,4789,52.96,U
sh688777,中控技术,2025-09-29 10:06:24,52.93,5018,52.93,U
sh688777,中控技术,2025-09-29 10:06:51,52.99,4044,52.99,U
sh688777,中控技术,2025-09-29 10:06:54,52.99,24743,52.99,D
sh688777,中控技术,2025-09-29 10:06:57,52.96,5900,52.99,D
sh688777,中控技术,2025-09-29 10:07:06,52.94,21202,52.95,D
sh688777,中控技术,2025-09-29 10:07:09,52.94,5478,52.94,U
sh688777,中控技术,2025-09-29 10:07:21,52.9,14248,52.91,D
sh688777,中控技术,2025-09-29 10:07:24,52.88,7901,52.9,D
sh688777,中控技术,2025-09-29 10:07:30,52.88,4088,52.88,D
sh688777,中控技术,2025-09-29 10:07:33,52.88,11703,52.88,U
sh688777,中控技术,2025-09-29 10:07:42,52.9,13763,52.87,U
sh688777,中控技术,2025-09-29 10:07:45,52.91,3965,52.9,U
sh688777,中控技术,2025-09-29 10:08:03,52.95,4546,52.91,U
sh688777,中控技术,2025-09-29 10:08:12,52.96,4852,52.95,U
sh688777,中控技术,2025-09-29 10:08:30,52.95,4486,52.91,U
sh688777,中控技术,2025-09-29 10:09:18,52.96,5683,52.94,U
sh688777,中控技术,2025-09-29 10:09:24,52.96,19573,52.96,U
sh688777,中控技术,2025-09-29 10:09:30,52.93,4527,52.94,D
sh688777,中控技术,2025-09-29 10:09:33,52.89,3899,52.93,D
sh688777,中控技术,2025-09-29 10:10:09,52.96,10109,52.96,U
sh688777,中控技术,2025-09-29 10:10:27,52.96,7146,52.97,D
sh688777,中控技术,2025-09-29 10:10:42,52.94,5600,52.92,U
sh688777,中控技术,2025-09-29 10:10:48,52.95,4746,52.95,U
sh688777,中控技术,2025-09-29 10:10:54,52.96,6200,52.95,U
sh688777,中控技术,2025-09-29 10:11:15,52.94,8815,52.96,D
sh688777,中控技术,2025-09-29 10:11:21,52.96,5000,52.94,U
sh688777,中控技术,2025-09-29 10:11:30,52.92,7400,52.93,D
sh688777,中控技术,2025-09-29 10:11:36,52.92,9889,52.92,D
sh688777,中控技术,2025-09-29 10:11:39,52.93,55885,52.92,U
sh688777,中控技术,2025-09-29 10:11:42,52.96,4010,52.93,U
sh688777,中控技术,2025-09-29 10:11:51,52.97,11351,52.96,E
sh688777,中控技术,2025-09-29 10:12:00,53.0,6786,53.0,U
sh688777,中控技术,2025-09-29 10:12:03,52.97,5014,53.0,D
sh688777,中控技术,2025-09-29 10:12:12,52.94,13481,52.95,D
sh688777,中控技术,2025-09-29 10:12:15,52.96,14756,52.94,U
sh688777,中控技术,2025-09-29 10:12:18,52.94,20920,52.96,E
sh688777,中控技术,2025-09-29 10:12:27,52.95,9139,52.94,D
sh688777,中控技术,2025-09-29 10:12:54,53.0,4158,52.98,U
sh688777,中控技术,2025-09-29 10:12:57,53.01,16940,53.0,U
sh688777,中控技术,2025-09-29 10:13:24,53.06,9554,53.06,D
sh688777,中控技术,2025-09-29 10:13:27,53.1,26160,53.06,U
sh688777,中控技术,2025-09-29 10:13:39,53.18,4319,53.16,U
sh688777,中控技术,2025-09-29 10:13:42,53.17,5028,53.18,E
sh688777,中控技术,2025-09-29 10:13:48,53.18,4294,53.17,U
sh688777,中控技术,2025-09-29 10:14:03,53.1,12033,53.18,D
sh688777,中控技术,2025-09-29 10:14:06,53.08,6634,53.1,D
sh688777,中控技术,2025-09-29 10:14:12,53.08,10300,53.12,D
sh688777,中控技术,2025-09-29 10:14:27,53.13,5530,53.15,E
sh688777,中控技术,2025-09-29 10:14:42,53.15,4242,53.15,U
sh688777,中控技术,2025-09-29 10:14:54,53.1,10351,53.13,D
sh688777,中控技术,2025-09-29 10:14:57,53.09,12374,53.1,D
sh688777,中控技术,2025-09-29 10:15:09,53.08,5452,53.08,D
sh688777,中控技术,2025-09-29 10:15:21,53.11,3976,53.1,U
sh688777,中控技术,2025-09-29 10:15:42,53.14,13904,53.12,U
sh688777,中控技术,2025-09-29 10:15:45,53.15,9193,53.14,U
sh688777,中控技术,2025-09-29 10:15:54,53.12,8665,53.13,D
sh688777,中控技术,2025-09-29 10:15:57,53.13,5493,53.12,U
sh688777,中控技术,2025-09-29 10:16:00,53.13,4864,53.13,U
sh688777,中控技术,2025-09-29 10:16:03,53.13,30791,53.13,D
sh688777,中控技术,2025-09-29 10:16:12,53.19,8841,53.15,U
sh688777,中控技术,2025-09-29 10:16:18,53.21,10736,53.18,U
sh688777,中控技术,2025-09-29 10:16:33,53.2,3848,53.21,D
sh688777,中控技术,2025-09-29 10:16:51,53.12,9351,53.14,D
sh688777,中控技术,2025-09-29 10:17:00,53.11,3775,53.14,D
sh688777,中控技术,2025-09-29 10:17:09,53.15,5071,53.11,U
sh688777,中控技术,2025-09-29 10:17:21,53.15,3864,53.15,U
sh688777,中控技术,2025-09-29 10:17:39,53.15,4526,53.16,D
sh688777,中控技术,2025-09-29 10:17:54,53.13,6947,53.14,D
sh688777,中控技术,2025-09-29 10:18:00,53.14,5824,53.12,U
sh688777,中控技术,2025-09-29 10:18:03,53.12,5174,53.14,D
sh688777,中控技术,2025-09-29 10:18:06,53.08,22446,53.12,D
sh688777,中控技术,2025-09-29 10:18:30,53.1,7329,53.05,U
sh688777,中控技术,2025-09-29 10:19:06,53.05,46100,53.07,D
sh688777,中控技术,2025-09-29 10:20:00,53.08,5402,53.08,D
sh688777,中控技术,2025-09-29 10:20:03,53.06,8584,53.08,D
sh688777,中控技术,2025-09-29 10:20:06,53.05,20230,53.06,D
sh688777,中控技术,2025-09-29 10:20:12,53.01,7447,53.05,D
sh688777,中控技术,2025-09-29 10:21:09,53.03,4595,53.04,D
sh688777,中控技术,2025-09-29 10:21:15,53.02,8200,53.03,E
sh688777,中控技术,2025-09-29 10:21:48,53.14,29020,53.06,U
sh688777,中控技术,2025-09-29 10:22:03,53.08,3984,53.14,D
sh688777,中控技术,2025-09-29 10:22:39,53.09,4850,53.08,U
sh688777,中控技术,2025-09-29 10:22:42,53.06,21101,53.09,D
sh688777,中控技术,2025-09-29 10:22:45,53.08,5524,53.06,E
sh688777,中控技术,2025-09-29 10:23:09,53.08,5600,53.08,D
sh688777,中控技术,2025-09-29 10:23:27,53.15,6625,53.12,U
sh688777,中控技术,2025-09-29 10:23:51,53.18,6710,53.22,D
sh688777,中控技术,2025-09-29 10:23:54,53.23,4712,53.18,U
sh688777,中控技术,2025-09-29 10:24:03,53.22,4377,53.23,U
sh688777,中控技术,2025-09-29 10:24:06,53.22,5500,53.22,U
sh688777,中控技术,2025-09-29 10:24:09,53.25,5866,53.22,U
sh688777,中控技术,2025-09-29 10:24:12,53.26,23951,53.25,U
sh688777,中控技术,2025-09-29 10:24:21,53.28,11564,53.29,D
sh688777,中控技术,2025-09-29 10:24:24,53.28,13212,53.28,U
sh688777,中控技术,2025-09-29 10:24:27,53.29,5671,53.28,U
sh688777,中控技术,2025-09-29 10:24:30,53.3,34202,53.29,U
sh688777,中控技术,2025-09-29 10:24:33,53.3,10550,53.3,D
sh688777,中控技术,2025-09-29 10:24:36,53.33,17667,53.3,U
sh688777,中控技术,2025-09-29 10:24:42,53.39,5778,53.33,U
sh688777,中控技术,2025-09-29 10:24:45,53.35,12978,53.39,D
sh688777,中控技术,2025-09-29 10:24:48,53.41,27010,53.35,U
sh688777,中控技术,2025-09-29 10:24:51,53.43,6124,53.41,U
sh688777,中控技术,2025-09-29 10:24:57,53.42,7120,53.41,D
sh688777,中控技术,2025-09-29 10:25:09,53.45,28360,53.44,U
sh688777,中控技术,2025-09-29 10:25:12,53.48,30312,53.45,U
sh688777,中控技术,2025-09-29 10:25:15,53.53,164938,53.48,U
sh688777,中控技术,2025-09-29 10:25:18,53.5,37754,53.53,D
sh688777,中控技术,2025-09-29 10:25:21,53.51,14430,53.5,U
sh688777,中控技术,2025-09-29 10:25:24,53.53,12733,53.51,U
sh688777,中控技术,2025-09-29 10:25:27,53.53,6787,53.53,D
sh688777,中控技术,2025-09-29 10:25:30,53.54,6094,53.53,U
sh688777,中控技术,2025-09-29 10:25:33,53.57,9833,53.54,U
sh688777,中控技术,2025-09-29 10:25:36,53.58,29648,53.57,U
sh688777,中控技术,2025-09-29 10:25:39,53.6,8305,53.58,U
sh688777,中控技术,2025-09-29 10:25:42,53.58,20029,53.6,D
sh688777,中控技术,2025-09-29 10:25:45,53.55,27854,53.58,D
sh688777,中控技术,2025-09-29 10:25:48,53.53,3861,53.55,D
sh688777,中控技术,2025-09-29 10:25:54,53.55,13286,53.54,U
sh688777,中控技术,2025-09-29 10:25:57,53.55,20953,53.55,D
sh688777,中控技术,2025-09-29 10:26:00,53.55,24415,53.55,U
sh688777,中控技术,2025-09-29 10:26:03,53.54,9311,53.55,D
sh688777,中控技术,2025-09-29 10:26:09,53.48,7675,53.53,D
sh688777,中控技术,2025-09-29 10:26:12,53.51,4980,53.48,D
sh688777,中控技术,2025-09-29 10:26:21,53.51,7409,53.5,U
sh688777,中控技术,2025-09-29 10:26:54,53.49,18544,53.48,U
sh688777,中控技术,2025-09-29 10:26:57,53.48,6414,53.49,D
sh688777,中控技术,2025-09-29 10:27:00,53.48,32129,53.48,U
sh688777,中控技术,2025-09-29 10:27:03,53.47,4544,53.48,D
sh688777,中控技术,2025-09-29 10:27:09,53.46,9792,53.46,D
sh688777,中控技术,2025-09-29 10:27:18,53.47,4550,53.46,U
sh688777,中控技术,2025-09-29 10:27:24,53.46,16882,53.46,D
sh688777,中控技术,2025-09-29 10:27:30,53.51,5400,53.51,U
sh688777,中控技术,2025-09-29 10:27:36,53.46,8996,53.5,D
sh688777,中控技术,2025-09-29 10:27:39,53.44,20023,53.46,D
sh688777,中控技术,2025-09-29 10:27:48,53.48,5000,53.48,U
sh688777,中控技术,2025-09-29 10:27:51,53.46,4764,53.48,D
sh688777,中控技术,2025-09-29 10:27:54,53.45,3922,53.46,D
sh688777,中控技术,2025-09-29 10:28:00,53.45,19325,53.45,U
sh688777,中控技术,2025-09-29 10:28:03,53.41,17193,53.45,U
sh688777,中控技术,2025-09-29 10:28:27,53.36,4852,53.39,D
sh688777,中控技术,2025-09-29 10:28:33,53.35,6804,53.37,D
sh688777,中控技术,2025-09-29 10:28:36,53.35,14777,53.35,D
sh688777,中控技术,2025-09-29 10:28:54,53.41,6483,53.39,U
sh688777,中控技术,2025-09-29 10:29:15,53.39,3937,53.4,D
sh688777,中控技术,2025-09-29 10:29:30,53.4,10400,53.39,U
sh688777,中控技术,2025-09-29 10:29:42,53.37,10466,53.39,D
sh688777,中控技术,2025-09-29 10:29:54,53.37,22598,53.37,U
sh688777,中控技术,2025-09-29 10:29:57,53.48,21765,53.37,U
sh688777,中控技术,2025-09-29 10:30:15,53.4,17843,53.46,D
sh688777,中控技术,2025-09-29 10:30:18,53.37,6602,53.4,D
sh688777,中控技术,2025-09-29 10:30:24,53.37,3764,53.36,U
sh688777,中控技术,2025-09-29 10:30:30,53.37,11431,53.37,U
sh688777,中控技术,2025-09-29 10:30:48,53.3,38731,53.36,D
sh688777,中控技术,2025-09-29 10:30:51,53.25,4031,53.3,D
sh688777,中控技术,2025-09-29 10:31:03,53.33,22679,53.24,U
sh688777,中控技术,2025-09-29 10:31:09,53.37,4483,53.36,U
sh688777,中控技术,2025-09-29 10:31:12,53.32,6062,53.37,D
sh688777,中控技术,2025-09-29 10:31:30,53.36,3983,53.34,U
sh688777,中控技术,2025-09-29 10:31:33,53.36,25034,53.36,D
sh688777,中控技术,2025-09-29 10:31:42,53.33,5192,53.33,D
sh688777,中控技术,2025-09-29 10:32:27,53.28,10529,53.32,D
sh688777,中控技术,2025-09-29 10:32:36,53.3,4757,53.28,U
sh688777,中控技术,2025-09-29 10:32:39,53.3,5462,53.3,U
sh688777,中控技术,2025-09-29 10:32:48,53.34,4071,53.33,U
sh688777,中控技术,2025-09-29 10:33:12,53.34,4109,53.34,D
sh688777,中控技术,2025-09-29 10:33:51,53.39,5712,53.38,U
sh688777,中控技术,2025-09-29 10:33:54,53.37,6500,53.39,U
sh688777,中控技术,2025-09-29 10:33:57,53.39,4528,53.37,U
sh688777,中控技术,2025-09-29 10:34:00,53.29,8300,53.39,D
sh688777,中控技术,2025-09-29 10:34:03,53.37,6235,53.29,E
sh688777,中控技术,2025-09-29 10:34:12,53.34,8404,53.39,D
sh688777,中控技术,2025-09-29 10:34:15,53.39,11431,53.34,E
sh688777,中控技术,2025-09-29 10:34:39,53.41,7961,53.4,E
sh688777,中控技术,2025-09-29 10:34:48,53.37,34648,53.37,U
sh688777,中控技术,2025-09-29 10:34:57,53.37,13527,53.33,U
sh688777,中控技术,2025-09-29 10:35:03,53.29,21526,53.43,D
sh688777,中控技术,2025-09-29 10:35:12,53.32,4716,53.32,U
sh688777,中控技术,2025-09-29 10:35:15,53.37,6359,53.32,U
sh688777,中控技术,2025-09-29 10:35:24,53.34,10556,53.37,D
sh688777,中控技术,2025-09-29 10:35:45,53.37,10185,53.4,E
sh688777,中控技术,2025-09-29 10:35:57,53.42,4294,53.41,U
sh688777,中控技术,2025-09-29 10:36:12,53.43,6903,53.42,U
sh688777,中控技术,2025-09-29 10:36:21,53.45,10000,53.43,U
sh688777,中控技术,2025-09-29 10:36:33,53.41,3930,53.44,D
sh688777,中控技术,2025-09-29 10:36:48,53.42,4985,53.42,U
sh688777,中控技术,2025-09-29 10:36:51,53.43,8243,53.42,D
sh688777,中控技术,2025-09-29 10:36:54,53.4,23722,53.43,D
sh688777,中控技术,2025-09-29 10:37:06,53.37,13642,53.43,D
sh688777,中控技术,2025-09-29 10:37:09,53.33,6636,53.37,D
sh688777,中控技术,2025-09-29 10:37:21,53.38,8000,53.38,U
sh688777,中控技术,2025-09-29 10:37:36,53.3,57895,53.36,D
sh688777,中控技术,2025-09-29 10:37:39,53.3,4107,53.3,U
sh688777,中控技术,2025-09-29 10:37:48,53.3,12681,53.29,U
sh688777,中控技术,2025-09-29 10:37:57,53.29,5000,53.3,D
sh688777,中控技术,2025-09-29 10:38:09,53.31,4215,53.3,U
sh688777,中控技术,2025-09-29 10:38:39,53.33,10027,53.34,D
sh688777,中控技术,2025-09-29 10:38:42,53.31,7486,53.33,D
sh688777,中控技术,2025-09-29 10:38:45,53.28,24101,53.31,D
sh688777,中控技术,2025-09-29 10:39:03,53.3,8231,53.29,U
sh688777,中控技术,2025-09-29 10:39:09,53.3,4611,53.3,D
sh688777,中控技术,2025-09-29 10:39:12,53.22,17637,53.3,D
sh688777,中控技术,2025-09-29 10:39:27,53.21,5143,53.21,D
sh688777,中控技术,2025-09-29 10:40:06,53.27,9290,53.32,D
sh688777,中控技术,2025-09-29 10:40:12,53.31,10076,53.3,U
sh688777,中控技术,2025-09-29 10:40:30,53.35,7189,53.33,U
sh688777,中控技术,2025-09-29 10:40:36,53.32,68151,53.35,D
sh688777,中控技术,2025-09-29 10:40:39,53.39,12961,53.32,U
sh688777,中控技术,2025-09-29 10:40:45,53.42,3806,53.41,U
sh688777,中控技术,2025-09-29 10:40:48,53.46,3993,53.42,U
sh688777,中控技术,2025-09-29 10:40:51,53.5,58967,53.46,U
sh688777,中控技术,2025-09-29 10:40:54,53.5,9598,53.5,U
sh688777,中控技术,2025-09-29 10:40:57,53.51,15823,53.5,U
sh688777,中控技术,2025-09-29 10:41:03,53.49,12436,53.49,U
sh688777,中控技术,2025-09-29 10:41:06,53.5,7604,53.49,D
sh688777,中控技术,2025-09-29 10:41:09,53.54,6861,53.5,U
sh688777,中控技术,2025-09-29 10:41:12,53.55,13318,53.54,U
sh688777,中控技术,2025-09-29 10:41:15,53.5,28083,53.55,D
sh688777,中控技术,2025-09-29 10:41:21,53.55,13326,53.54,U
sh688777,中控技术,2025-09-29 10:41:24,53.55,22233,53.55,U
sh688777,中控技术,2025-09-29 10:41:30,53.5,6800,53.56,D
sh688777,中控技术,2025-09-29 10:41:33,53.54,6624,53.5,U
sh688777,中控技术,2025-09-29 10:41:36,53.56,20943,53.54,U
sh688777,中控技术,2025-09-29 10:41:39,53.54,4555,53.56,D
sh688777,中控技术,2025-09-29 10:41:42,53.51,8014,53.54,D
sh688777,中控技术,2025-09-29 10:41:45,53.54,4800,53.51,U
sh688777,中控技术,2025-09-29 10:41:48,53.51,10879,53.54,D
sh688777,中控技术,2025-09-29 10:41:51,53.56,6400,53.51,U
sh688777,中控技术,2025-09-29 10:41:54,53.58,14484,53.56,U
sh688777,中控技术,2025-09-29 10:41:57,53.58,5516,53.58,D
sh688777,中控技术,2025-09-29 10:42:00,53.58,22051,53.58,E
sh688777,中控技术,2025-09-29 10:42:03,53.53,18726,53.58,E
sh688777,中控技术,2025-09-29 10:42:15,53.56,20000,53.49,U
sh688777,中控技术,2025-09-29 10:42:27,53.54,5184,53.47,U
sh688777,中控技术,2025-09-29 10:42:54,53.49,9550,53.48,U
sh688777,中控技术,2025-09-29 10:43:24,53.5,3822,53.49,U
sh688777,中控技术,2025-09-29 10:43:30,53.52,15380,53.51,U
sh688777,中控技术,2025-09-29 10:43:45,53.54,34949,53.52,U
sh688777,中控技术,2025-09-29 10:43:48,53.54,15770,53.54,U
sh688777,中控技术,2025-09-29 10:43:51,53.54,4250,53.54,U
sh688777,中控技术,2025-09-29 10:43:54,53.56,28753,53.54,U
sh688777,中控技术,2025-09-29 10:44:15,53.54,10488,53.55,D
sh688777,中控技术,2025-09-29 10:44:18,53.53,5046,53.54,D
sh688777,中控技术,2025-09-29 10:44:21,53.53,6000,53.53,U
sh688777,中控技术,2025-09-29 10:44:51,53.53,6139,53.51,U
sh688777,中控技术,2025-09-29 10:45:00,53.5,14120,53.52,D
sh688777,中控技术,2025-09-29 10:45:15,53.51,5524,53.52,D
sh688777,中控技术,2025-09-29 10:45:27,53.53,6313,53.51,U
sh688777,中控技术,2025-09-29 10:46:00,53.52,5452,53.52,D
sh688777,中控技术,2025-09-29 10:46:03,53.48,60249,53.52,D
sh688777,中控技术,2025-09-29 10:46:06,53.45,28480,53.48,D
sh688777,中控技术,2025-09-29 10:46:09,53.44,12538,53.45,D
sh688777,中控技术,2025-09-29 10:46:15,53.4,20300,53.44,D
sh688777,中控技术,2025-09-29 10:47:00,53.39,8522,53.39,D
sh688777,中控技术,2025-09-29 10:47:03,53.45,11425,53.39,U
sh688777,中控技术,2025-09-29 10:47:12,53.5,8910,53.47,U
sh688777,中控技术,2025-09-29 10:47:45,53.45,15762,53.5,D
sh688777,中控技术,2025-09-29 10:47:54,53.48,10600,53.45,U
sh688777,中控技术,2025-09-29 10:48:42,53.39,12400,53.42,D
sh688777,中控技术,2025-09-29 10:49:09,53.46,6814,53.47,D
sh688777,中控技术,2025-09-29 10:49:45,53.48,22984,53.43,U
sh688777,中控技术,2025-09-29 10:50:03,53.52,25882,53.5,U
sh688777,中控技术,2025-09-29 10:50:06,53.59,48025,53.52,U
sh688777,中控技术,2025-09-29 10:50:09,53.55,14035,53.59,D
sh688777,中控技术,2025-09-29 10:51:15,53.54,11854,53.54,U
sh688777,中控技术,2025-09-29 10:51:18,53.56,21641,53.54,U
sh688777,中控技术,2025-09-29 10:51:30,53.56,6103,53.56,D
sh688777,中控技术,2025-09-29 10:51:33,53.54,7921,53.56,D
sh688777,中控技术,2025-09-29 10:51:51,53.56,6609,53.54,U
sh688777,中控技术,2025-09-29 10:52:00,53.56,13519,53.57,D
sh688777,中控技术,2025-09-29 10:52:12,53.59,21115,53.55,U
sh688777,中控技术,2025-09-29 10:52:15,53.59,5243,53.59,U
sh688777,中控技术,2025-09-29 10:52:21,53.64,71149,53.59,U
sh688777,中控技术,2025-09-29 10:52:24,53.6,26846,53.64,D
sh688777,中控技术,2025-09-29 10:52:30,53.66,23396,53.65,U
sh688777,中控技术,2025-09-29 10:52:33,53.69,58228,53.66,U
sh688777,中控技术,2025-09-29 10:52:36,53.72,24276,53.69,U
sh688777,中控技术,2025-09-29 10:52:39,53.77,14436,53.72,U
sh688777,中控技术,2025-09-29 10:52:45,53.77,9671,53.77,U
sh688777,中控技术,2025-09-29 10:52:48,53.79,34427,53.77,U
sh688777,中控技术,2025-09-29 10:52:51,53.72,12597,53.79,D
sh688777,中控技术,2025-09-29 10:52:54,53.72,10324,53.72,U
sh688777,中控技术,2025-09-29 10:53:00,53.71,13489,53.74,D
sh688777,中控技术,2025-09-29 10:53:03,53.69,14573,53.71,D
sh688777,中控技术,2025-09-29 10:53:18,53.73,19393,53.71,U
sh688777,中控技术,2025-09-29 10:53:24,53.72,5388,53.72,U
sh688777,中控技术,2025-09-29 10:53:27,53.72,4012,53.72,D
sh688777,中控技术,2025-09-29 10:53:48,53.71,4458,53.69,U
sh688777,中控技术,2025-09-29 10:53:57,53.68,7124,53.68,U
sh688777,中控技术,2025-09-29 10:54:09,53.63,9038,53.68,D
sh688777,中控技术,2025-09-29 10:54:24,53.68,4820,53.63,U
sh688777,中控技术,2025-09-29 10:54:42,53.68,4110,53.68,U
sh688777,中控技术,2025-09-29 10:55:18,53.64,4289,53.68,D
sh688777,中控技术,2025-09-29 10:55:27,53.62,12820,53.64,D
sh688777,中控技术,2025-09-29 10:55:36,53.57,4212,53.6,E
sh688777,中控技术,2025-09-29 10:56:21,53.59,17446,53.61,D
sh688777,中控技术,2025-09-29 10:56:24,53.55,23908,53.59,D
sh688777,中控技术,2025-09-29 10:56:27,53.6,19263,53.55,U
sh688777,中控技术,2025-09-29 10:57:00,53.51,8281,53.52,D
sh688777,中控技术,2025-09-29 10:57:39,53.58,8242,53.58,D
sh688777,中控技术,2025-09-29 10:57:54,53.51,39661,53.58,D
sh688777,中控技术,2025-09-29 10:58:09,53.5,6910,53.5,D
sh688777,中控技术,2025-09-29 10:58:48,53.5,6674,53.5,D
sh688777,中控技术,2025-09-29 10:59:33,53.49,21714,53.47,U
sh688777,中控技术,2025-09-29 10:59:48,53.52,4182,53.52,U
sh688777,中控技术,2025-09-29 10:59:51,53.51,7333,53.52,D
sh688777,中控技术,2025-09-29 11:01:06,53.52,6104,53.52,D
sh688777,中控技术,2025-09-29 11:01:33,53.57,7970,53.58,D
sh688777,中控技术,2025-09-29 11:01:36,53.56,29446,53.57,D
sh688777,中控技术,2025-09-29 11:01:48,53.55,5000,53.52,U
sh688777,中控技术,2025-09-29 11:02:06,53.52,12205,53.53,D
sh688777,中控技术,2025-09-29 11:02:15,53.53,5509,53.46,U
sh688777,中控技术,2025-09-29 11:03:03,53.51,8800,53.52,D
sh688777,中控技术,2025-09-29 11:03:09,53.51,8309,53.52,D
sh688777,中控技术,2025-09-29 11:03:15,53.57,5025,53.52,U
sh688777,中控技术,2025-09-29 11:04:12,53.48,26766,53.56,D
sh688777,中控技术,2025-09-29 11:04:15,53.41,8757,53.48,D
sh688777,中控技术,2025-09-29 11:04:18,53.39,21449,53.41,D
sh688777,中控技术,2025-09-29 11:04:27,53.46,4365,53.43,U
sh688777,中控技术,2025-09-29 11:04:42,53.44,5861,53.45,D
sh688777,中控技术,2025-09-29 11:05:51,53.5,4544,53.51,D
sh688777,中控技术,2025-09-29 11:06:06,53.52,6455,53.52,D
sh688777,中控技术,2025-09-29 11:06:48,53.5,4591,53.5,U
sh688777,中控技术,2025-09-29 11:07:06,53.51,5884,53.51,U
sh688777,中控技术,2025-09-29 11:07:15,53.51,12727,53.51,D
sh688777,中控技术,2025-09-29 11:07:18,53.49,6597,53.51,D
sh688777,中控技术,2025-09-29 11:07:21,53.47,5227,53.49,D
sh688777,中控技术,2025-09-29 11:07:24,53.49,8380,53.47,U
sh688777,中控技术,2025-09-29 11:07:27,53.53,4000,53.49,U
sh688777,中控技术,2025-09-29 11:07:48,53.51,23045,53.51,D
sh688777,中控技术,2025-09-29 11:08:36,53.45,5000,53.46,D
sh688777,中控技术,2025-09-29 11:09:15,53.48,4869,53.46,U
sh688777,中控技术,2025-09-29 11:09:18,53.48,5116,53.48,U
sh688777,中控技术,2025-09-29 11:09:33,53.44,4109,53.44,D
sh688777,中控技术,2025-09-29 11:09:48,53.39,13392,53.41,D
sh688777,中控技术,2025-09-29 11:09:51,53.38,4335,53.39,D
sh688777,中控技术,2025-09-29 11:09:57,53.38,3962,53.38,D
sh688777,中控技术,2025-09-29 11:10:15,53.36,44386,53.39,D
sh688777,中控技术,2025-09-29 11:10:24,53.36,10099,53.35,U
sh688777,中控技术,2025-09-29 11:10:27,53.36,9563,53.36,U
sh688777,中控技术,2025-09-29 11:10:45,53.36,18233,53.36,D
sh688777,中控技术,2025-09-29 11:10:54,53.33,5769,53.34,D
sh688777,中控技术,2025-09-29 11:11:03,53.24,5197,53.3,D
sh688777,中控技术,2025-09-29 11:11:39,53.31,4622,53.25,U
sh688777,中控技术,2025-09-29 11:12:21,53.26,9827,53.29,D
sh688777,中控技术,2025-09-29 11:12:24,53.24,11461,53.26,D
sh688777,中控技术,2025-09-29 11:12:27,53.24,3900,53.24,D
sh688777,中控技术,2025-09-29 11:12:33,53.25,5865,53.24,U
sh688777,中控技术,2025-09-29 11:12:39,53.25,6036,53.25,U
sh688777,中控技术,2025-09-29 11:13:15,53.31,4000,53.29,U
sh688777,中控技术,2025-09-29 11:13:51,53.3,36502,53.32,D
sh688777,中控技术,2025-09-29 11:16:33,53.32,4413,53.33,D
sh688777,中控技术,2025-09-29 11:17:54,53.29,19769,53.3,D
sh688777,中控技术,2025-09-29 11:18:06,53.28,6644,53.28,D
sh688777,中控技术,2025-09-29 11:18:18,53.28,3941,53.27,U
sh688777,中控技术,2025-09-29 11:18:33,53.27,4016,53.26,U
sh688777,中控技术,2025-09-29 11:18:42,53.28,4350,53.26,U
sh688777,中控技术,2025-09-29 11:19:39,53.32,6200,53.31,E
sh688777,中控技术,2025-09-29 11:19:45,53.34,7500,53.32,U
sh688777,中控技术,2025-09-29 11:19:48,53.34,25654,53.34,U
sh688777,中控技术,2025-09-29 11:19:54,53.34,11970,53.33,U
sh688777,中控技术,2025-09-29 11:19:57,53.32,11790,53.34,D
sh688777,中控技术,2025-09-29 11:20:00,53.29,29651,53.32,D
sh688777,中控技术,2025-09-29 11:20:03,53.28,5599,53.29,D
sh688777,中控技术,2025-09-29 11:20:12,53.25,3822,53.28,D
sh688777,中控技术,2025-09-29 11:20:15,53.26,5778,53.25,U
sh688777,中控技术,2025-09-29 11:20:33,53.24,7998,53.26,D
sh688777,中控技术,2025-09-29 11:20:57,53.23,7539,53.23,D
sh688777,中控技术,2025-09-29 11:21:00,53.24,18261,53.23,U
sh688777,中控技术,2025-09-29 11:21:06,53.22,16613,53.24,D
sh688777,中控技术,2025-09-29 11:21:09,53.2,9008,53.22,D
sh688777,中控技术,2025-09-29 11:21:15,53.2,19704,53.22,D
sh688777,中控技术,2025-09-29 11:21:21,53.22,6614,53.2,U
sh688777,中控技术,2025-09-29 11:21:39,53.22,6306,53.23,D
sh688777,中控技术,2025-09-29 11:21:57,53.27,17797,53.27,D
sh688777,中控技术,2025-09-29 11:22:30,53.23,6300,53.24,D
sh688777,中控技术,2025-09-29 11:22:39,53.27,7441,53.26,U
sh688777,中控技术,2025-09-29 11:22:48,53.26,8734,53.27,E
sh688777,中控技术,2025-09-29 11:23:21,53.27,9887,53.27,U
sh688777,中控技术,2025-09-29 11:23:42,53.25,4188,53.23,U
sh688777,中控技术,2025-09-29 11:24:45,53.24,5650,53.27,D
sh688777,中控技术,2025-09-29 11:25:00,53.27,4072,53.26,U
sh688777,中控技术,2025-09-29 11:25:18,53.26,5296,53.26,D
sh688777,中控技术,2025-09-29 11:25:27,53.35,30225,53.3,U
sh688777,中控技术,2025-09-29 11:25:33,53.35,30000,53.3,U
sh688777,中控技术,2025-09-29 11:25:54,53.36,42102,53.4,D
sh688777,中控技术,2025-09-29 11:25:57,53.37,4481,53.36,U
sh688777,中控技术,2025-09-29 11:26:06,53.42,7702,53.39,U
sh688777,中控技术,2025-09-29 11:26:24,53.45,6407,53.44,U
sh688777,中控技术,2025-09-29 11:26:51,53.43,6598,53.43,U
sh688777,中控技术,2025-09-29 11:27:06,53.43,11169,53.46,D
sh688777,中控技术,2025-09-29 11:27:24,53.42,19576,53.46,D
sh688777,中控技术,2025-09-29 11:27:30,53.42,10137,53.42,U
sh688777,中控技术,2025-09-29 11:27:33,53.42,8471,53.42,U
sh688777,中控技术,2025-09-29 11:27:36,53.42,12160,53.42,U
sh688777,中控技术,2025-09-29 11:28:00,53.42,6208,53.42,D
sh688777,中控技术,2025-09-29 11:28:30,53.45,4766,53.43,U
sh688777,中控技术,2025-09-29 11:28:45,53.43,5082,53.45,D
sh688777,中控技术,2025-09-29 11:29:00,53.41,30646,53.42,D
sh688777,中控技术,2025-09-29 11:29:03,53.4,30321,53.41,D
sh688777,中控技术,2025-09-29 11:29:12,53.44,6752,53.36,U
sh688777,中控技术,2025-09-29 11:29:30,53.4,18055,53.35,U
sh688777,中控技术,2025-09-29 13:00:00,53.4,7600,53.38,U
sh688777,中控技术,2025-09-29 13:00:03,53.38,24371,53.4,D
sh688777,中控技术,2025-09-29 13:00:06,53.38,18912,53.38,U
sh688777,中控技术,2025-09-29 13:00:09,53.4,18932,53.38,U
sh688777,中控技术,2025-09-29 13:00:12,53.41,12227,53.4,U
sh688777,中控技术,2025-09-29 13:00:15,53.35,4539,53.41,D
sh688777,中控技术,2025-09-29 13:01:03,53.41,12271,53.4,U
sh688777,中控技术,2025-09-29 13:01:12,53.4,7207,53.39,U
sh688777,中控技术,2025-09-29 13:01:15,53.39,9464,53.4,D
sh688777,中控技术,2025-09-29 13:01:18,53.45,20445,53.39,U
sh688777,中控技术,2025-09-29 13:01:21,53.44,5456,53.45,D
sh688777,中控技术,2025-09-29 13:01:39,53.43,4011,53.43,D
sh688777,中控技术,2025-09-29 13:01:48,53.41,3898,53.41,U
sh688777,中控技术,2025-09-29 13:02:06,53.36,6959,53.39,D
sh688777,中控技术,2025-09-29 13:02:09,53.36,7229,53.36,D
sh688777,中控技术,2025-09-29 13:02:12,53.36,6753,53.36,D
sh688777,中控技术,2025-09-29 13:02:15,53.36,15076,53.36,D
sh688777,中控技术,2025-09-29 13:02:18,53.29,4099,53.36,D
sh688777,中控技术,2025-09-29 13:03:24,53.34,11400,53.4,D
sh688777,中控技术,2025-09-29 13:04:27,53.4,4919,53.37,U
sh688777,中控技术,2025-09-29 13:04:49,53.41,8000,53.41,U
sh688777,中控技术,2025-09-29 13:05:36,53.42,6693,53.41,U
sh688777,中控技术,2025-09-29 13:05:42,53.39,9700,53.4,D
sh688777,中控技术,2025-09-29 13:05:54,53.38,7892,53.39,D
sh688777,中控技术,2025-09-29 13:07:42,53.3,6808,53.3,D
sh688777,中控技术,2025-09-29 13:07:48,53.25,26415,53.28,D
sh688777,中控技术,2025-09-29 13:07:51,53.25,17138,53.25,D
sh688777,中控技术,2025-09-29 13:07:54,53.2,12390,53.25,D
sh688777,中控技术,2025-09-29 13:07:57,53.22,4934,53.2,U
sh688777,中控技术,2025-09-29 13:08:09,53.19,33975,53.3,D
sh688777,中控技术,2025-09-29 13:08:27,53.25,9366,53.25,U
sh688777,中控技术,2025-09-29 13:08:57,53.23,5647,53.26,D
sh688777,中控技术,2025-09-29 13:09:18,53.19,4070,53.19,U
sh688777,中控技术,2025-09-29 13:09:42,53.19,4557,53.19,D
sh688777,中控技术,2025-09-29 13:09:54,53.17,14425,53.18,D
sh688777,中控技术,2025-09-29 13:09:57,53.17,10604,53.17,D
sh688777,中控技术,2025-09-29 13:10:00,53.17,4863,53.17,D
sh688777,中控技术,2025-09-29 13:10:03,53.15,16846,53.17,D
sh688777,中控技术,2025-09-29 13:10:15,53.12,6178,53.13,D
sh688777,中控技术,2025-09-29 13:10:18,53.16,10488,53.12,U
sh688777,中控技术,2025-09-29 13:10:27,53.11,6000,53.16,D
sh688777,中控技术,2025-09-29 13:10:33,53.12,3820,53.18,D
sh688777,中控技术,2025-09-29 13:11:39,53.21,5700,53.21,D
sh688777,中控技术,2025-09-29 13:11:42,53.21,4396,53.21,D
sh688777,中控技术,2025-09-29 13:11:45,53.21,10608,53.21,D
sh688777,中控技术,2025-09-29 13:13:24,53.3,6984,53.27,U
sh688777,中控技术,2025-09-29 13:14:12,53.29,5000,53.24,U
sh688777,中控技术,2025-09-29 13:15:12,53.22,7874,53.26,D
sh688777,中控技术,2025-09-29 13:15:15,53.23,5624,53.22,U
sh688777,中控技术,2025-09-29 13:15:42,53.2,5145,53.2,D
sh688777,中控技术,2025-09-29 13:15:54,53.2,10500,53.21,D
sh688777,中控技术,2025-09-29 13:16:27,53.21,5302,53.2,U
sh688777,中控技术,2025-09-29 13:16:51,53.24,5692,53.24,U
sh688777,中控技术,2025-09-29 13:16:54,53.22,9907,53.24,D
sh688777,中控技术,2025-09-29 13:16:57,53.21,12195,53.22,D
sh688777,中控技术,2025-09-29 13:17:00,53.21,4692,53.21,D
sh688777,中控技术,2025-09-29 13:17:06,53.21,16582,53.2,U
sh688777,中控技术,2025-09-29 13:18:06,53.16,20734,53.21,D
sh688777,中控技术,2025-09-29 13:18:51,53.19,3999,53.18,U
sh688777,中控技术,2025-09-29 13:19:09,53.19,5200,53.19,D
sh688777,中控技术,2025-09-29 13:19:12,53.2,11046,53.19,E
sh688777,中控技术,2025-09-29 13:19:39,53.17,18412,53.19,D
sh688777,中控技术,2025-09-29 13:20:15,53.18,35139,53.17,U
sh688777,中控技术,2025-09-29 13:20:18,53.29,4735,53.18,U
sh688777,中控技术,2025-09-29 13:20:39,53.25,3887,53.27,D
sh688777,中控技术,2025-09-29 13:20:42,53.27,12139,53.25,U
sh688777,中控技术,2025-09-29 13:20:57,53.24,10331,53.26,D
sh688777,中控技术,2025-09-29 13:21:15,53.26,35509,53.26,U
sh688777,中控技术,2025-09-29 13:21:27,53.26,26466,53.24,U
sh688777,中控技术,2025-09-29 13:21:30,53.28,4000,53.26,U
sh688777,中控技术,2025-09-29 13:21:39,53.26,8544,53.28,D
sh688777,中控技术,2025-09-29 13:21:54,53.29,9898,53.28,U
sh688777,中控技术,2025-09-29 13:22:00,53.29,4000,53.27,U
sh688777,中控技术,2025-09-29 13:22:09,53.25,4125,53.27,D
sh688777,中控技术,2025-09-29 13:22:18,53.25,5000,53.22,U
sh688777,中控技术,2025-09-29 13:22:27,53.29,4000,53.23,U
sh688777,中控技术,2025-09-29 13:22:33,53.2,35511,53.23,D
sh688777,中控技术,2025-09-29 13:22:54,53.23,3997,53.23,D
sh688777,中控技术,2025-09-29 13:22:57,53.25,4464,53.23,U
sh688777,中控技术,2025-09-29 13:23:21,53.3,4693,53.24,U
sh688777,中控技术,2025-09-29 13:23:45,53.3,7855,53.26,U
sh688777,中控技术,2025-09-29 13:26:30,53.2,12162,53.23,D
sh688777,中控技术,2025-09-29 13:26:33,53.2,6466,53.2,U
sh688777,中控技术,2025-09-29 13:26:42,53.19,40178,53.2,D
sh688777,中控技术,2025-09-29 13:27:09,53.19,7097,53.22,D
sh688777,中控技术,2025-09-29 13:27:30,53.22,6917,53.19,U
sh688777,中控技术,2025-09-29 13:28:51,53.22,4051,53.2,U
sh688777,中控技术,2025-09-29 13:29:33,53.23,8593,53.22,U
sh688777,中控技术,2025-09-29 13:30:06,53.25,10675,53.23,E
sh688777,中控技术,2025-09-29 13:31:03,53.27,5486,53.29,D
sh688777,中控技术,2025-09-29 13:31:39,53.26,5309,53.27,D
sh688777,中控技术,2025-09-29 13:31:42,53.26,6764,53.26,D
sh688777,中控技术,2025-09-29 13:31:45,53.23,14585,53.26,D
sh688777,中控技术,2025-09-29 13:32:06,53.23,6421,53.23,D
sh688777,中控技术,2025-09-29 13:33:45,53.4,30200,53.26,U
sh688777,中控技术,2025-09-29 13:33:57,53.31,5832,53.34,D
sh688777,中控技术,2025-09-29 13:34:33,53.3,10551,53.33,D
sh688777,中控技术,2025-09-29 13:35:00,53.29,37885,53.33,D
sh688777,中控技术,2025-09-29 13:35:03,53.26,7899,53.29,D
sh688777,中控技术,2025-09-29 13:35:06,53.25,9100,53.26,D
sh688777,中控技术,2025-09-29 13:35:09,53.25,4364,53.25,D
sh688777,中控技术,2025-09-29 13:36:00,53.29,6007,53.29,U
sh688777,中控技术,2025-09-29 13:36:48,53.27,5051,53.27,U
sh688777,中控技术,2025-09-29 13:36:51,53.27,6588,53.27,U
sh688777,中控技术,2025-09-29 13:37:54,53.27,6000,53.27,U
sh688777,中控技术,2025-09-29 13:38:09,53.23,7736,53.27,D
sh688777,中控技术,2025-09-29 13:38:45,53.23,4500,53.24,D
sh688777,中控技术,2025-09-29 13:39:09,53.24,10407,53.24,U
sh688777,中控技术,2025-09-29 13:39:12,53.24,4100,53.24,D
sh688777,中控技术,2025-09-29 13:39:18,53.24,4424,53.24,D
sh688777,中控技术,2025-09-29 13:39:21,53.22,34104,53.24,D
sh688777,中控技术,2025-09-29 13:39:24,53.22,8996,53.22,D
sh688777,中控技术,2025-09-29 13:39:27,53.21,14700,53.22,D
sh688777,中控技术,2025-09-29 13:39:30,53.2,9628,53.21,D
sh688777,中控技术,2025-09-29 13:39:54,53.21,3839,53.2,U
sh688777,中控技术,2025-09-29 13:40:00,53.21,5634,53.23,D
sh688777,中控技术,2025-09-29 13:40:27,53.21,11738,53.21,D
sh688777,中控技术,2025-09-29 13:40:30,53.2,8564,53.21,D
sh688777,中控技术,2025-09-29 13:40:42,53.18,4674,53.19,D
sh688777,中控技术,2025-09-29 13:41:27,53.16,5382,53.16,D
sh688777,中控技术,2025-09-29 13:41:36,53.18,22900,53.18,U
sh688777,中控技术,2025-09-29 13:41:51,53.17,4987,53.17,U
sh688777,中控技术,2025-09-29 13:41:57,53.2,9354,53.16,U
sh688777,中控技术,2025-09-29 13:42:36,53.22,5625,53.22,U
sh688777,中控技术,2025-09-29 13:42:57,53.22,5200,53.26,D
sh688777,中控技术,2025-09-29 13:43:09,53.21,9632,53.24,D
sh688777,中控技术,2025-09-29 13:43:24,53.19,12597,53.19,U
sh688777,中控技术,2025-09-29 13:43:33,53.14,6265,53.15,D
sh688777,中控技术,2025-09-29 13:43:39,53.13,5332,53.14,D
sh688777,中控技术,2025-09-29 13:43:51,53.1,4278,53.12,D
sh688777,中控技术,2025-09-29 13:44:06,53.13,10568,53.11,U
sh688777,中控技术,2025-09-29 13:44:39,53.17,5760,53.22,D
sh688777,中控技术,2025-09-29 13:45:09,53.18,6117,53.18,U
sh688777,中控技术,2025-09-29 13:46:03,53.26,5762,53.24,U
sh688777,中控技术,2025-09-29 13:46:12,53.3,3945,53.28,U
sh688777,中控技术,2025-09-29 13:46:15,53.28,5515,53.3,D
sh688777,中控技术,2025-09-29 13:46:42,53.29,5276,53.3,D
sh688777,中控技术,2025-09-29 13:47:06,53.3,3889,53.3,U
sh688777,中控技术,2025-09-29 13:47:42,53.29,8838,53.29,D
sh688777,中控技术,2025-09-29 13:47:45,53.3,5417,53.29,U
sh688777,中控技术,2025-09-29 13:48:06,53.31,6022,53.3,U
sh688777,中控技术,2025-09-29 13:49:09,53.27,17317,53.26,E
sh688777,中控技术,2025-09-29 13:49:12,53.31,5553,53.27,U
sh688777,中控技术,2025-09-29 13:49:18,53.35,3841,53.29,U
sh688777,中控技术,2025-09-29 13:49:27,53.36,4178,53.35,U
sh688777,中控技术,2025-09-29 13:49:51,53.37,16365,53.37,U
sh688777,中控技术,2025-09-29 13:50:00,53.39,25321,53.36,U
sh688777,中控技术,2025-09-29 13:50:12,53.36,5278,53.36,U
sh688777,中控技术,2025-09-29 13:50:15,53.36,5455,53.36,U
sh688777,中控技术,2025-09-29 13:50:18,53.41,8456,53.36,U
sh688777,中控技术,2025-09-29 13:50:42,53.41,8200,53.41,U
sh688777,中控技术,2025-09-29 13:50:48,53.46,7309,53.43,U
sh688777,中控技术,2025-09-29 13:51:03,53.47,7098,53.44,U
sh688777,中控技术,2025-09-29 13:51:09,53.45,6106,53.48,D
sh688777,中控技术,2025-09-29 13:51:15,53.46,7990,53.44,U
sh688777,中控技术,2025-09-29 13:51:27,53.46,7172,53.46,U
sh688777,中控技术,2025-09-29 13:51:36,53.48,4400,53.46,U
sh688777,中控技术,2025-09-29 13:51:51,53.47,6350,53.48,E
sh688777,中控技术,2025-09-29 13:51:57,53.47,4507,53.46,U
sh688777,中控技术,2025-09-29 13:52:00,53.49,7516,53.47,U
sh688777,中控技术,2025-09-29 13:52:15,53.47,18600,53.47,U
sh688777,中控技术,2025-09-29 13:52:18,53.49,4824,53.47,U
sh688777,中控技术,2025-09-29 13:52:24,53.5,24556,53.49,U
sh688777,中控技术,2025-09-29 13:52:27,53.5,20921,53.5,U
sh688777,中控技术,2025-09-29 13:52:30,53.53,6976,53.5,U
sh688777,中控技术,2025-09-29 13:52:36,53.51,7153,53.53,D
sh688777,中控技术,2025-09-29 13:52:45,53.53,4300,53.53,U
sh688777,中控技术,2025-09-29 13:52:51,53.53,9577,53.53,U
sh688777,中控技术,2025-09-29 13:53:00,53.53,3951,53.54,D
sh688777,中控技术,2025-09-29 13:53:03,53.49,11389,53.53,D
sh688777,中控技术,2025-09-29 13:53:15,53.53,5200,53.52,U
sh688777,中控技术,2025-09-29 13:53:24,53.55,9525,53.54,U
sh688777,中控技术,2025-09-29 13:53:27,53.55,12980,53.55,U
sh688777,中控技术,2025-09-29 13:53:33,53.55,23185,53.55,D
sh688777,中控技术,2025-09-29 13:53:36,53.53,5798,53.55,D
sh688777,中控技术,2025-09-29 13:53:42,53.53,8596,53.53,D
sh688777,中控技术,2025-09-29 13:53:48,53.53,4475,53.53,U
sh688777,中控技术,2025-09-29 13:54:00,53.54,5565,53.54,U
sh688777,中控技术,2025-09-29 13:54:21,53.57,22360,53.56,U
sh688777,中控技术,2025-09-29 13:54:27,53.57,5314,53.57,U
sh688777,中控技术,2025-09-29 13:54:36,53.58,15460,53.57,U
sh688777,中控技术,2025-09-29 13:54:45,53.6,4033,53.59,U
sh688777,中控技术,2025-09-29 13:54:48,53.6,11427,53.6,U
sh688777,中控技术,2025-09-29 13:54:54,53.62,5062,53.62,U
sh688777,中控技术,2025-09-29 13:55:00,53.62,4740,53.62,U
sh688777,中控技术,2025-09-29 13:55:03,53.62,8137,53.62,U
sh688777,中控技术,2025-09-29 13:55:18,53.63,4800,53.64,D
sh688777,中控技术,2025-09-29 13:55:24,53.6,6560,53.63,D
sh688777,中控技术,2025-09-29 13:55:30,53.6,6578,53.58,U
sh688777,中控技术,2025-09-29 13:55:42,53.63,19517,53.6,U
sh688777,中控技术,2025-09-29 13:55:45,53.63,10366,53.63,D
sh688777,中控技术,2025-09-29 13:55:48,53.62,4086,53.63,D
sh688777,中控技术,2025-09-29 13:55:51,53.64,5285,53.62,U
sh688777,中控技术,2025-09-29 13:56:00,53.63,4880,53.64,E
sh688777,中控技术,2025-09-29 13:56:06,53.64,8820,53.64,U
sh688777,中控技术,2025-09-29 13:56:09,53.64,6370,53.64,U
sh688777,中控技术,2025-09-29 13:56:24,53.58,6416,53.57,U
sh688777,中控技术,2025-09-29 13:56:45,53.57,6871,53.55,U
sh688777,中控技术,2025-09-29 13:56:48,53.59,18224,53.57,U
sh688777,中控技术,2025-09-29 13:56:51,53.6,4896,53.59,U
sh688777,中控技术,2025-09-29 13:56:57,53.6,7065,53.59,U
sh688777,中控技术,2025-09-29 13:57:00,53.6,8962,53.6,U
sh688777,中控技术,2025-09-29 13:57:06,53.56,20982,53.61,D
sh688777,中控技术,2025-09-29 13:57:24,53.56,13098,53.54,U
sh688777,中控技术,2025-09-29 13:57:27,53.55,4284,53.56,D
sh688777,中控技术,2025-09-29 13:57:33,53.55,15968,53.55,U
sh688777,中控技术,2025-09-29 13:57:54,53.54,10800,53.5,U
sh688777,中控技术,2025-09-29 13:57:57,53.51,4833,53.54,D
sh688777,中控技术,2025-09-29 13:58:06,53.5,4200,53.52,D
sh688777,中控技术,2025-09-29 13:58:09,53.58,13967,53.5,U
sh688777,中控技术,2025-09-29 13:58:45,53.55,4813,53.56,U
sh688777,中控技术,2025-09-29 13:58:57,53.56,21029,53.53,U
sh688777,中控技术,2025-09-29 13:59:27,53.58,14400,53.55,U
sh688777,中控技术,2025-09-29 13:59:33,53.58,4558,53.58,U
sh688777,中控技术,2025-09-29 13:59:45,53.59,5885,53.57,U
sh688777,中控技术,2025-09-29 13:59:51,53.58,15600,53.59,E
sh688777,中控技术,2025-09-29 13:59:57,53.59,4793,53.55,U
sh688777,中控技术,2025-09-29 14:00:00,53.59,5362,53.59,U
sh688777,中控技术,2025-09-29 14:00:03,53.6,16143,53.59,U
sh688777,中控技术,2025-09-29 14:00:06,53.62,22993,53.6,U
sh688777,中控技术,2025-09-29 14:00:09,53.62,7045,53.62,U
sh688777,中控技术,2025-09-29 14:00:12,53.64,48711,53.62,U
sh688777,中控技术,2025-09-29 14:00:15,53.65,7518,53.64,U
sh688777,中控技术,2025-09-29 14:00:18,53.65,7536,53.65,U
sh688777,中控技术,2025-09-29 14:00:21,53.63,23336,53.65,D
sh688777,中控技术,2025-09-29 14:00:24,53.61,5829,53.63,E
sh688777,中控技术,2025-09-29 14:00:33,53.62,4055,53.62,D
sh688777,中控技术,2025-09-29 14:00:48,53.58,33112,53.57,E
sh688777,中控技术,2025-09-29 14:00:54,53.58,7604,53.62,D
sh688777,中控技术,2025-09-29 14:01:12,53.6,18200,53.62,D
sh688777,中控技术,2025-09-29 14:01:21,53.57,4096,53.58,E
sh688777,中控技术,2025-09-29 14:01:24,53.57,6828,53.57,D
sh688777,中控技术,2025-09-29 14:01:27,53.58,19543,53.57,E
sh688777,中控技术,2025-09-29 14:01:30,53.61,5170,53.58,U
sh688777,中控技术,2025-09-29 14:01:36,53.57,5800,53.52,E
sh688777,中控技术,2025-09-29 14:01:45,53.46,13400,53.61,D
sh688777,中控技术,2025-09-29 14:01:51,53.51,5414,53.56,E
sh688777,中控技术,2025-09-29 14:01:54,53.46,5786,53.51,D
sh688777,中控技术,2025-09-29 14:01:57,53.47,18000,53.46,E
sh688777,中控技术,2025-09-29 14:02:00,53.61,13689,53.47,U
sh688777,中控技术,2025-09-29 14:02:15,53.59,5323,53.54,U
sh688777,中控技术,2025-09-29 14:02:30,53.59,21345,53.59,U
sh688777,中控技术,2025-09-29 14:02:36,53.56,10600,53.56,U
sh688777,中控技术,2025-09-29 14:02:57,53.6,22009,53.59,U
sh688777,中控技术,2025-09-29 14:03:00,53.6,8019,53.6,U
sh688777,中控技术,2025-09-29 14:03:03,53.62,4195,53.6,U
sh688777,中控技术,2025-09-29 14:03:09,53.51,25108,53.62,D
sh688777,中控技术,2025-09-29 14:03:12,53.63,21587,53.51,U
sh688777,中控技术,2025-09-29 14:03:21,53.61,4074,53.64,U
sh688777,中控技术,2025-09-29 14:03:27,53.61,5202,53.61,U
sh688777,中控技术,2025-09-29 14:03:57,53.56,12134,53.59,D
sh688777,中控技术,2025-09-29 14:04:00,53.5,6461,53.56,D
sh688777,中控技术,2025-09-29 14:04:03,53.5,9211,53.5,D
sh688777,中控技术,2025-09-29 14:04:12,53.52,7300,53.53,E
sh688777,中控技术,2025-09-29 14:04:15,53.55,7854,53.52,U
sh688777,中控技术,2025-09-29 14:04:18,53.5,5246,53.55,D
sh688777,中控技术,2025-09-29 14:04:21,53.61,15300,53.5,U
sh688777,中控技术,2025-09-29 14:05:15,53.54,6389,53.52,U
sh688777,中控技术,2025-09-29 14:05:18,53.52,5941,53.54,D
sh688777,中控技术,2025-09-29 14:05:21,53.58,33611,53.52,U
sh688777,中控技术,2025-09-29 14:05:36,53.5,6100,53.51,D
sh688777,中控技术,2025-09-29 14:05:48,53.51,4828,53.49,U
sh688777,中控技术,2025-09-29 14:05:51,53.53,4126,53.51,U
sh688777,中控技术,2025-09-29 14:06:03,53.57,6115,53.53,U
sh688777,中控技术,2025-09-29 14:06:15,53.54,5600,53.56,D
sh688777,中控技术,2025-09-29 14:06:21,53.46,19018,53.56,D
sh688777,中控技术,2025-09-29 14:06:45,53.52,4286,53.5,U
sh688777,中控技术,2025-09-29 14:07:03,53.47,26146,53.52,D
sh688777,中控技术,2025-09-29 14:07:15,53.4,9600,53.5,D
sh688777,中控技术,2025-09-29 14:07:18,53.38,18430,53.4,D
sh688777,中控技术,2025-09-29 14:07:42,53.42,5425,53.42,E
sh688777,中控技术,2025-09-29 14:07:48,53.45,5914,53.42,U
sh688777,中控技术,2025-09-29 14:08:12,53.42,6242,53.42,D
sh688777,中控技术,2025-09-29 14:08:18,53.43,13028,53.43,D
sh688777,中控技术,2025-09-29 14:08:21,53.4,31392,53.43,D
sh688777,中控技术,2025-09-29 14:08:27,53.39,4480,53.4,D
sh688777,中控技术,2025-09-29 14:08:33,53.33,19783,53.39,D
sh688777,中控技术,2025-09-29 14:09:09,53.36,7460,53.35,U
sh688777,中控技术,2025-09-29 14:09:36,53.38,7855,53.35,U
sh688777,中控技术,2025-09-29 14:09:51,53.38,4088,53.37,U
sh688777,中控技术,2025-09-29 14:10:03,53.38,5114,53.38,U
sh688777,中控技术,2025-09-29 14:10:06,53.38,12619,53.38,D
sh688777,中控技术,2025-09-29 14:10:12,53.38,4934,53.38,D
sh688777,中控技术,2025-09-29 14:10:18,53.38,6735,53.36,U
sh688777,中控技术,2025-09-29 14:10:21,53.35,7016,53.38,D
sh688777,中控技术,2025-09-29 14:10:24,53.35,4439,53.35,D
sh688777,中控技术,2025-09-29 14:10:27,53.35,3810,53.35,U
sh688777,中控技术,2025-09-29 14:10:45,53.35,9315,53.35,U
sh688777,中控技术,2025-09-29 14:11:00,53.39,6172,53.38,U
sh688777,中控技术,2025-09-29 14:11:15,53.4,13329,53.4,U
sh688777,中控技术,2025-09-29 14:11:36,53.36,4152,53.36,U
sh688777,中控技术,2025-09-29 14:11:45,53.37,8440,53.36,U
sh688777,中控技术,2025-09-29 14:11:51,53.3,12553,53.35,D
sh688777,中控技术,2025-09-29 14:11:54,53.3,4898,53.3,D
sh688777,中控技术,2025-09-29 14:12:12,53.4,4080,53.34,U
sh688777,中控技术,2025-09-29 14:13:03,53.35,30200,53.36,D
sh688777,中控技术,2025-09-29 14:13:42,53.3,16148,53.31,D
sh688777,中控技术,2025-09-29 14:13:48,53.29,11200,53.29,D
sh688777,中控技术,2025-09-29 14:13:57,53.27,31311,53.3,D
sh688777,中控技术,2025-09-29 14:14:09,53.32,7427,53.27,U
sh688777,中控技术,2025-09-29 14:14:21,53.27,7115,53.26,U
sh688777,中控技术,2025-09-29 14:14:54,53.28,7144,53.27,U
sh688777,中控技术,2025-09-29 14:14:57,53.28,27612,53.28,D
sh688777,中控技术,2025-09-29 14:15:06,53.26,8246,53.27,D
sh688777,中控技术,2025-09-29 14:15:27,53.28,4332,53.27,U
sh688777,中控技术,2025-09-29 14:15:36,53.28,4620,53.28,U
sh688777,中控技术,2025-09-29 14:15:54,53.29,6077,53.28,U
sh688777,中控技术,2025-09-29 14:16:00,53.31,4133,53.3,U
sh688777,中控技术,2025-09-29 14:16:21,53.34,4900,53.34,U
sh688777,中控技术,2025-09-29 14:16:33,53.3,15843,53.34,D
sh688777,中控技术,2025-09-29 14:16:36,53.34,5879,53.3,U
sh688777,中控技术,2025-09-29 14:17:30,53.3,19807,53.3,D
sh688777,中控技术,2025-09-29 14:17:54,53.3,18192,53.29,U
sh688777,中控技术,2025-09-29 14:18:00,53.3,5737,53.31,D
sh688777,中控技术,2025-09-29 14:18:03,53.3,26613,53.3,U
sh688777,中控技术,2025-09-29 14:18:06,53.32,3991,53.3,U
sh688777,中控技术,2025-09-29 14:18:36,53.39,10000,53.37,U
sh688777,中控技术,2025-09-29 14:18:45,53.4,9000,53.39,U
sh688777,中控技术,2025-09-29 14:19:00,53.36,11968,53.4,D
sh688777,中控技术,2025-09-29 14:19:03,53.37,4680,53.36,E
sh688777,中控技术,2025-09-29 14:19:45,53.36,3786,53.36,D
sh688777,中控技术,2025-09-29 14:19:57,53.35,5159,53.38,D
sh688777,中控技术,2025-09-29 14:20:27,53.35,17285,53.33,U
sh688777,中控技术,2025-09-29 14:20:30,53.39,4964,53.35,U
sh688777,中控技术,2025-09-29 14:20:36,53.38,4815,53.39,E
sh688777,中控技术,2025-09-29 14:21:12,53.39,4033,53.37,U
sh688777,中控技术,2025-09-29 14:21:21,53.37,8575,53.39,D
sh688777,中控技术,2025-09-29 14:22:03,53.4,3932,53.38,U
sh688777,中控技术,2025-09-29 14:22:09,53.4,4333,53.4,D
sh688777,中控技术,2025-09-29 14:22:24,53.42,6047,53.41,U
sh688777,中控技术,2025-09-29 14:22:54,53.44,6099,53.43,U
sh688777,中控技术,2025-09-29 14:23:21,53.41,4478,53.42,D
sh688777,中控技术,2025-09-29 14:23:42,53.4,5400,53.39,U
sh688777,中控技术,2025-09-29 14:25:03,53.38,6869,53.39,U
sh688777,中控技术,2025-09-29 14:25:06,53.39,7064,53.38,U
sh688777,中控技术,2025-09-29 14:25:15,53.39,5061,53.39,D
sh688777,中控技术,2025-09-29 14:25:57,53.4,7215,53.41,D
sh688777,中控技术,2025-09-29 14:26:00,53.42,39655,53.4,U
sh688777,中控技术,2025-09-29 14:26:03,53.41,14877,53.42,D
sh688777,中控技术,2025-09-29 14:26:12,53.4,4022,53.42,D
sh688777,中控技术,2025-09-29 14:26:18,53.39,6773,53.4,D
sh688777,中控技术,2025-09-29 14:26:36,53.36,11553,53.41,D
sh688777,中控技术,2025-09-29 14:27:33,53.38,6650,53.38,U
sh688777,中控技术,2025-09-29 14:28:06,53.41,7323,53.41,D
sh688777,中控技术,2025-09-29 14:28:09,53.42,10208,53.41,U
sh688777,中控技术,2025-09-29 14:28:12,53.41,7374,53.42,D
sh688777,中控技术,2025-09-29 14:28:21,53.41,12250,53.41,D
sh688777,中控技术,2025-09-29 14:29:24,53.41,9300,53.41,D
sh688777,中控技术,2025-09-29 14:29:33,53.42,10896,53.42,U
sh688777,中控技术,2025-09-29 14:29:45,53.42,11414,53.42,U
sh688777,中控技术,2025-09-29 14:30:12,53.45,4245,53.44,U
sh688777,中控技术,2025-09-29 14:30:18,53.47,12971,53.44,U
sh688777,中控技术,2025-09-29 14:30:27,53.49,4418,53.48,U
sh688777,中控技术,2025-09-29 14:30:30,53.49,4234,53.49,U
sh688777,中控技术,2025-09-29 14:30:36,53.47,4600,53.49,D
sh688777,中控技术,2025-09-29 14:31:03,53.48,5063,53.48,D
sh688777,中控技术,2025-09-29 14:31:06,53.47,5492,53.48,D
sh688777,中控技术,2025-09-29 14:31:18,53.45,3990,53.46,D
sh688777,中控技术,2025-09-29 14:31:21,53.45,7022,53.45,D
sh688777,中控技术,2025-09-29 14:31:42,53.44,8699,53.45,D
sh688777,中控技术,2025-09-29 14:31:45,53.43,4300,53.44,D
sh688777,中控技术,2025-09-29 14:31:48,53.42,9436,53.43,D
sh688777,中控技术,2025-09-29 14:31:51,53.4,6938,53.42,D
sh688777,中控技术,2025-09-29 14:31:57,53.39,4720,53.41,D
sh688777,中控技术,2025-09-29 14:32:18,53.38,6627,53.37,U
sh688777,中控技术,2025-09-29 14:32:36,53.41,4200,53.41,U
sh688777,中控技术,2025-09-29 14:33:03,53.4,3906,53.4,U
sh688777,中控技术,2025-09-29 14:33:21,53.39,6990,53.4,D
sh688777,中控技术,2025-09-29 14:33:27,53.38,25221,53.38,D
sh688777,中控技术,2025-09-29 14:34:03,53.39,4313,53.39,D
sh688777,中控技术,2025-09-29 14:34:18,53.41,5876,53.4,U
sh688777,中控技术,2025-09-29 14:34:21,53.42,4606,53.41,U
sh688777,中控技术,2025-09-29 14:34:30,53.43,7282,53.42,U
sh688777,中控技术,2025-09-29 14:34:57,53.45,3917,53.45,U
sh688777,中控技术,2025-09-29 14:35:06,53.44,4508,53.45,U
sh688777,中控技术,2025-09-29 14:35:15,53.43,4002,53.44,D
sh688777,中控技术,2025-09-29 14:35:18,53.4,12445,53.43,D
sh688777,中控技术,2025-09-29 14:35:21,53.41,3794,53.4,U
sh688777,中控技术,2025-09-29 14:36:21,53.4,9481,53.41,D
sh688777,中控技术,2025-09-29 14:36:30,53.41,4915,53.4,U
sh688777,中控技术,2025-09-29 14:36:33,53.4,8518,53.41,D
sh688777,中控技术,2025-09-29 14:36:39,53.4,4450,53.39,U
sh688777,中控技术,2025-09-29 14:36:42,53.39,9724,53.4,D
sh688777,中控技术,2025-09-29 14:36:45,53.39,4496,53.39,U
sh688777,中控技术,2025-09-29 14:36:48,53.38,11858,53.39,D
sh688777,中控技术,2025-09-29 14:36:51,53.39,7086,53.38,U
sh688777,中控技术,2025-09-29 14:36:54,53.39,4905,53.39,E
sh688777,中控技术,2025-09-29 14:37:00,53.41,8112,53.41,U
sh688777,中控技术,2025-09-29 14:37:24,53.45,5335,53.44,U
sh688777,中控技术,2025-09-29 14:37:54,53.46,5925,53.44,U
sh688777,中控技术,2025-09-29 14:38:12,53.47,5843,53.45,U
sh688777,中控技术,2025-09-29 14:38:33,53.46,4180,53.45,U
sh688777,中控技术,2025-09-29 14:38:45,53.48,10523,53.46,U
sh688777,中控技术,2025-09-29 14:38:51,53.48,3997,53.48,U
sh688777,中控技术,2025-09-29 14:38:54,53.48,8039,53.48,U
sh688777,中控技术,2025-09-29 14:39:06,53.46,11257,53.47,D
sh688777,中控技术,2025-09-29 14:39:09,53.47,13819,53.46,U
sh688777,中控技术,2025-09-29 14:39:18,53.48,12400,53.48,D
sh688777,中控技术,2025-09-29 14:39:27,53.47,11251,53.49,D
sh688777,中控技术,2025-09-29 14:39:30,53.45,16940,53.47,D
sh688777,中控技术,2025-09-29 14:39:33,53.44,4490,53.45,D
sh688777,中控技术,2025-09-29 14:39:39,53.45,3864,53.44,D
sh688777,中控技术,2025-09-29 14:39:57,53.45,6262,53.46,D
sh688777,中控技术,2025-09-29 14:40:00,53.45,5653,53.45,D
sh688777,中控技术,2025-09-29 14:40:06,53.45,9423,53.45,D
sh688777,中控技术,2025-09-29 14:40:12,53.43,5163,53.45,D
sh688777,中控技术,2025-09-29 14:40:24,53.44,5999,53.42,U
sh688777,中控技术,2025-09-29 14:40:36,53.42,4282,53.41,U
sh688777,中控技术,2025-09-29 14:40:54,53.44,8460,53.44,D
sh688777,中控技术,2025-09-29 14:40:57,53.44,15187,53.44,D
sh688777,中控技术,2025-09-29 14:41:09,53.42,10654,53.43,D
sh688777,中控技术,2025-09-29 14:41:18,53.43,5695,53.42,U
sh688777,中控技术,2025-09-29 14:41:48,53.45,16096,53.44,U
sh688777,中控技术,2025-09-29 14:42:09,53.45,10627,53.46,D
sh688777,中控技术,2025-09-29 14:42:12,53.45,9360,53.45,D
sh688777,中控技术,2025-09-29 14:42:27,53.48,10400,53.43,U
sh688777,中控技术,2025-09-29 14:42:51,53.43,4994,53.44,D
sh688777,中控技术,2025-09-29 14:43:51,53.45,5700,53.44,U
sh688777,中控技术,2025-09-29 14:44:00,53.44,5463,53.44,D
sh688777,中控技术,2025-09-29 14:44:18,53.42,8477,53.43,D
sh688777,中控技术,2025-09-29 14:44:24,53.41,10905,53.42,D
sh688777,中控技术,2025-09-29 14:44:30,53.41,5630,53.41,U
sh688777,中控技术,2025-09-29 14:44:48,53.41,4023,53.41,U
sh688777,中控技术,2025-09-29 14:44:51,53.4,11511,53.41,D
sh688777,中控技术,2025-09-29 14:44:54,53.4,8857,53.4,U
sh688777,中控技术,2025-09-29 14:45:00,53.42,4594,53.41,U
sh688777,中控技术,2025-09-29 14:45:27,53.45,8174,53.45,U
sh688777,中控技术,2025-09-29 14:45:30,53.44,15446,53.45,D
sh688777,中控技术,2025-09-29 14:45:33,53.45,5978,53.44,U
sh688777,中控技术,2025-09-29 14:45:54,53.41,5056,53.44,D
sh688777,中控技术,2025-09-29 14:45:57,53.41,5800,53.41,D
sh688777,中控技术,2025-09-29 14:46:12,53.43,6721,53.43,D
sh688777,中控技术,2025-09-29 14:46:39,53.44,4971,53.43,U
sh688777,中控技术,2025-09-29 14:46:45,53.44,4657,53.44,D
sh688777,中控技术,2025-09-29 14:46:48,53.44,4400,53.44,U
sh688777,中控技术,2025-09-29 14:46:57,53.43,12755,53.44,D
sh688777,中控技术,2025-09-29 14:47:06,53.42,4000,53.43,D
sh688777,中控技术,2025-09-29 14:47:27,53.44,18286,53.42,U
sh688777,中控技术,2025-09-29 14:47:33,53.44,4615,53.44,U
sh688777,中控技术,2025-09-29 14:47:54,53.44,10354,53.43,U
sh688777,中控技术,2025-09-29 14:48:00,53.44,25891,53.44,U
sh688777,中控技术,2025-09-29 14:48:03,53.45,24129,53.44,U
sh688777,中控技术,2025-09-29 14:48:06,53.46,6000,53.45,U
sh688777,中控技术,2025-09-29 14:48:15,53.47,5344,53.46,U
sh688777,中控技术,2025-09-29 14:48:21,53.49,29254,53.47,U
sh688777,中控技术,2025-09-29 14:48:24,53.5,14358,53.49,U
sh688777,中控技术,2025-09-29 14:48:27,53.5,8646,53.5,U
sh688777,中控技术,2025-09-29 14:48:30,53.48,32324,53.5,D
sh688777,中控技术,2025-09-29 14:48:42,53.48,6791,53.48,U
sh688777,中控技术,2025-09-29 14:48:48,53.48,4600,53.49,D
sh688777,中控技术,2025-09-29 14:48:51,53.5,20965,53.48,U
sh688777,中控技术,2025-09-29 14:48:54,53.49,4515,53.5,E
sh688777,中控技术,2025-09-29 14:48:57,53.49,5500,53.49,D
sh688777,中控技术,2025-09-29 14:49:06,53.48,23955,53.48,E
sh688777,中控技术,2025-09-29 14:49:12,53.5,4475,53.49,U
sh688777,中控技术,2025-09-29 14:49:36,53.49,4249,53.5,D
sh688777,中控技术,2025-09-29 14:49:39,53.5,14200,53.49,U
sh688777,中控技术,2025-09-29 14:49:42,53.5,10777,53.5,U
sh688777,中控技术,2025-09-29 14:49:48,53.49,6068,53.5,D
sh688777,中控技术,2025-09-29 14:50:00,53.5,7489,53.51,D
sh688777,中控技术,2025-09-29 14:50:03,53.52,24541,53.5,U
sh688777,中控技术,2025-09-29 14:50:06,53.5,5370,53.52,D
sh688777,中控技术,2025-09-29 14:50:09,53.5,9087,53.5,D
sh688777,中控技术,2025-09-29 14:50:12,53.48,39195,53.5,D
sh688777,中控技术,2025-09-29 14:50:15,53.48,6147,53.48,D
sh688777,中控技术,2025-09-29 14:50:18,53.48,7002,53.48,U
sh688777,中控技术,2025-09-29 14:50:24,53.49,4816,53.48,U
sh688777,中控技术,2025-09-29 14:50:45,53.5,4557,53.5,U
sh688777,中控技术,2025-09-29 14:50:51,53.5,10207,53.49,U
sh688777,中控技术,2025-09-29 14:50:54,53.51,23751,53.5,U
sh688777,中控技术,2025-09-29 14:51:06,53.49,26523,53.52,D
sh688777,中控技术,2025-09-29 14:51:09,53.46,22976,53.49,D
sh688777,中控技术,2025-09-29 14:51:21,53.46,3895,53.46,U
sh688777,中控技术,2025-09-29 14:51:30,53.47,5178,53.46,U
sh688777,中控技术,2025-09-29 14:51:39,53.48,13910,53.47,U
sh688777,中控技术,2025-09-29 14:52:00,53.47,5003,53.48,D
sh688777,中控技术,2025-09-29 14:52:24,53.5,26936,53.48,U
sh688777,中控技术,2025-09-29 14:52:30,53.51,7100,53.5,U
sh688777,中控技术,2025-09-29 14:52:36,53.51,6001,53.51,U
sh688777,中控技术,2025-09-29 14:52:42,53.52,7877,53.51,U
sh688777,中控技术,2025-09-29 14:52:51,53.54,45942,53.52,U
sh688777,中控技术,2025-09-29 14:52:54,53.56,17011,53.54,U
sh688777,中控技术,2025-09-29 14:53:06,53.61,13913,53.58,U
sh688777,中控技术,2025-09-29 14:53:12,53.6,4541,53.6,U
sh688777,中控技术,2025-09-29 14:53:21,53.58,7349,53.59,D
sh688777,中控技术,2025-09-29 14:53:27,53.61,5060,53.61,U
sh688777,中控技术,2025-09-29 14:53:33,53.57,7681,53.59,D
sh688777,中控技术,2025-09-29 14:53:36,53.6,11131,53.57,U
sh688777,中控技术,2025-09-29 14:53:45,53.58,13937,53.59,D
sh688777,中控技术,2025-09-29 14:53:48,53.57,9004,53.58,D
sh688777,中控技术,2025-09-29 14:53:54,53.57,6046,53.57,U
sh688777,中控技术,2025-09-29 14:54:03,53.57,8959,53.57,U
sh688777,中控技术,2025-09-29 14:54:12,53.58,6225,53.6,D
sh688777,中控技术,2025-09-29 14:54:24,53.59,4100,53.59,U
sh688777,中控技术,2025-09-29 14:54:33,53.59,11129,53.6,D
sh688777,中控技术,2025-09-29 14:54:36,53.6,18246,53.59,U
sh688777,中控技术,2025-09-29 14:54:39,53.61,6474,53.6,U
sh688777,中控技术,2025-09-29 14:54:42,53.6,4422,53.61,D
sh688777,中控技术,2025-09-29 14:54:45,53.6,6600,53.6,D
sh688777,中控技术,2025-09-29 14:54:51,53.61,8200,53.61,U
sh688777,中控技术,2025-09-29 14:54:54,53.6,36020,53.61,D
sh688777,中控技术,2025-09-29 14:54:57,53.59,13481,53.6,D
sh688777,中控技术,2025-09-29 14:55:00,53.59,18679,53.59,D
sh688777,中控技术,2025-09-29 14:55:03,53.6,4000,53.59,U
sh688777,中控技术,2025-09-29 14:55:06,53.59,8581,53.6,D
sh688777,中控技术,2025-09-29 14:55:09,53.57,5546,53.59,D
sh688777,中控技术,2025-09-29 14:55:12,53.58,3819,53.57,U
sh688777,中控技术,2025-09-29 14:55:18,53.59,4996,53.58,U
sh688777,中控技术,2025-09-29 14:55:21,53.6,7239,53.59,U
sh688777,中控技术,2025-09-29 14:55:27,53.57,7857,53.58,D
sh688777,中控技术,2025-09-29 14:55:30,53.6,8388,53.57,U
sh688777,中控技术,2025-09-29 14:55:36,53.59,12531,53.59,U
sh688777,中控技术,2025-09-29 14:55:45,53.6,6135,53.59,U
sh688777,中控技术,2025-09-29 14:55:48,53.6,4300,53.6,U
sh688777,中控技术,2025-09-29 14:55:51,53.6,7544,53.6,U
sh688777,中控技术,2025-09-29 14:56:00,53.59,10606,53.59,D
sh688777,中控技术,2025-09-29 14:56:03,53.58,10461,53.59,D
sh688777,中控技术,2025-09-29 14:56:06,53.6,16681,53.58,U
sh688777,中控技术,2025-09-29 14:56:09,53.59,4137,53.6,D
sh688777,中控技术,2025-09-29 14:56:12,53.56,10758,53.59,D
sh688777,中控技术,2025-09-29 14:56:15,53.6,34464,53.56,U
sh688777,中控技术,2025-09-29 14:56:18,53.61,6248,53.6,U
sh688777,中控技术,2025-09-29 14:56:21,53.6,4153,53.61,D
sh688777,中控技术,2025-09-29 14:56:24,53.61,5944,53.6,U
sh688777,中控技术,2025-09-29 14:56:27,53.61,36130,53.61,U
sh688777,中控技术,2025-09-29 14:56:30,53.61,8200,53.61,D
sh688777,中控技术,2025-09-29 14:56:33,53.6,4721,53.61,D
sh688777,中控技术,2025-09-29 14:56:36,53.63,64677,53.6,U
sh688777,中控技术,2025-09-29 14:56:39,53.6,9831,53.63,D
sh688777,中控技术,2025-09-29 14:56:42,53.64,24915,53.6,U
sh688777,中控技术,2025-09-29 14:56:45,53.64,5852,53.64,U
sh688777,中控技术,2025-09-29 14:56:48,53.64,8340,53.64,U
sh688777,中控技术,2025-09-29 14:56:51,53.64,6469,53.64,U
sh688777,中控技术,2025-09-29 14:56:54,53.65,8783,53.64,U
sh688777,中控技术,2025-09-29 14:57:00,53.65,7169,53.65,U
sh688777,中控技术,2025-09-29 15:00:03,53.66,349122,53.65,U
