symbol,name,ticktime,price,volume,prev_price,kind
sh688777,中控技术,2025-09-26 09:25:01,53.19,102335,0.0,U
sh688777,中控技术,2025-09-26 09:30:06,53.17,9331,53.17,U
sh688777,中控技术,2025-09-26 09:30:09,53.01,3881,53.17,D
sh688777,中控技术,2025-09-26 09:30:12,53.1,7724,53.01,U
sh688777,中控技术,2025-09-26 09:30:15,53.02,4194,53.1,D
sh688777,中控技术,2025-09-26 09:30:18,53.03,4226,53.02,E
sh688777,中控技术,2025-09-26 09:30:21,53.02,8897,53.03,D
sh688777,中控技术,2025-09-26 09:30:24,53.03,16057,53.02,U
sh688777,中控技术,2025-09-26 09:30:27,53.02,5541,53.03,D
sh688777,中控技术,2025-09-26 09:30:30,53.09,26731,53.02,U
sh688777,中控技术,2025-09-26 09:30:33,53.03,8117,53.09,D
sh688777,中控技术,2025-09-26 09:30:36,53.09,4316,53.03,U
sh688777,中控技术,2025-09-26 09:30:39,53.07,4006,53.09,U
sh688777,中控技术,2025-09-26 09:30:42,53.03,7779,53.07,D
sh688777,中控技术,2025-09-26 09:30:45,53.02,5706,53.03,D
sh688777,中控技术,2025-09-26 09:30:48,53.08,7763,53.02,U
sh688777,中控技术,2025-09-26 09:30:51,52.96,9537,53.08,D
sh688777,中控技术,2025-09-26 09:30:57,53.03,15152,53.02,U
sh688777,中控技术,2025-09-26 09:31:12,52.95,8849,52.95,U
sh688777,中控技术,2025-09-26 09:31:18,52.8,27088,52.95,D
sh688777,中控技术,2025-09-26 09:31:21,52.81,11177,52.8,U
sh688777,中控技术,2025-09-26 09:31:24,52.87,4305,52.81,U
sh688777,中控技术,2025-09-26 09:31:27,52.96,7711,52.87,U
sh688777,中控技术,2025-09-26 09:31:30,52.99,13788,52.96,U
sh688777,中控技术,2025-09-26 09:31:39,52.96,5659,52.99,D
sh688777,中控技术,2025-09-26 09:31:42,52.99,27898,52.96,U
sh688777,中控技术,2025-09-26 09:31:45,52.98,24745,52.99,E
sh688777,中控技术,2025-09-26 09:31:48,52.97,5672,52.98,E
sh688777,中控技术,2025-09-26 09:31:51,52.95,11690,52.97,D
sh688777,中控技术,2025-09-26 09:31:54,52.91,5273,52.95,D
sh688777,中控技术,2025-09-26 09:32:00,52.9,20973,52.91,D
sh688777,中控技术,2025-09-26 09:32:03,52.86,5459,52.9,D
sh688777,中控技术,2025-09-26 09:32:06,52.89,12823,52.86,U
sh688777,中控技术,2025-09-26 09:32:12,52.89,23242,52.86,U
sh688777,中控技术,2025-09-26 09:32:18,52.89,5772,52.86,U
sh688777,中控技术,2025-09-26 09:32:21,52.91,17107,52.89,U
sh688777,中控技术,2025-09-26 09:32:24,53.09,15061,52.91,U
sh688777,中控技术,2025-09-26 09:32:27,53.04,18476,53.09,E
sh688777,中控技术,2025-09-26 09:32:33,52.97,3806,53.02,D
sh688777,中控技术,2025-09-26 09:32:36,52.92,20344,52.97,D
sh688777,中控技术,2025-09-26 09:32:39,52.87,39715,52.92,D
sh688777,中控技术,2025-09-26 09:32:42,52.88,34247,52.87,U
sh688777,中控技术,2025-09-26 09:32:45,52.9,4306,52.88,U
sh688777,中控技术,2025-09-26 09:32:48,52.91,8900,52.9,U
sh688777,中控技术,2025-09-26 09:32:51,52.96,13921,52.91,U
sh688777,中控技术,2025-09-26 09:33:00,52.93,6615,52.93,U
sh688777,中控技术,2025-09-26 09:33:03,52.91,15488,52.93,D
sh688777,中控技术,2025-09-26 09:33:06,52.93,9192,52.91,E
sh688777,中控技术,2025-09-26 09:33:09,52.93,18433,52.93,D
sh688777,中控技术,2025-09-26 09:33:12,52.91,13481,52.93,E
sh688777,中控技术,2025-09-26 09:33:15,52.86,18659,52.91,D
sh688777,中控技术,2025-09-26 09:33:18,52.82,33318,52.86,D
sh688777,中控技术,2025-09-26 09:33:21,52.82,8582,52.82,U
sh688777,中控技术,2025-09-26 09:33:24,52.8,16004,52.82,D
sh688777,中控技术,2025-09-26 09:33:27,52.82,13472,52.8,U
sh688777,中控技术,2025-09-26 09:33:30,52.8,55097,52.82,D
sh688777,中控技术,2025-09-26 09:33:33,52.8,8960,52.8,D
sh688777,中控技术,2025-09-26 09:33:36,52.81,5100,52.8,U
sh688777,中控技术,2025-09-26 09:33:39,52.8,6166,52.81,E
sh688777,中控技术,2025-09-26 09:33:42,52.8,10419,52.8,U
sh688777,中控技术,2025-09-26 09:33:48,52.85,113823,52.8,U
sh688777,中控技术,2025-09-26 09:33:51,52.96,6582,52.85,U
sh688777,中控技术,2025-09-26 09:33:54,52.94,24292,52.96,D
sh688777,中控技术,2025-09-26 09:33:57,52.83,4471,52.94,D
sh688777,中控技术,2025-09-26 09:34:03,52.85,6470,52.85,U
sh688777,中控技术,2025-09-26 09:34:06,52.85,18529,52.85,U
sh688777,中控技术,2025-09-26 09:34:18,52.85,6689,52.85,D
sh688777,中控技术,2025-09-26 09:34:21,52.88,21569,52.85,U
sh688777,中控技术,2025-09-26 09:34:24,52.88,7645,52.88,U
sh688777,中控技术,2025-09-26 09:34:27,52.92,7332,52.88,U
sh688777,中控技术,2025-09-26 09:34:30,52.92,8085,52.92,U
sh688777,中控技术,2025-09-26 09:34:33,52.9,8091,52.92,D
sh688777,中控技术,2025-09-26 09:34:36,52.92,17509,52.9,U
sh688777,中控技术,2025-09-26 09:34:42,52.9,4037,52.91,D
sh688777,中控技术,2025-09-26 09:34:54,52.9,16311,52.92,D
sh688777,中控技术,2025-09-26 09:34:57,52.88,4078,52.9,D
sh688777,中控技术,2025-09-26 09:35:00,52.8,47814,52.88,D
sh688777,中控技术,2025-09-26 09:35:03,52.81,4054,52.8,E
sh688777,中控技术,2025-09-26 09:35:15,52.84,6534,52.84,D
sh688777,中控技术,2025-09-26 09:35:18,52.91,11586,52.84,U
sh688777,中控技术,2025-09-26 09:35:21,52.93,6224,52.91,U
sh688777,中控技术,2025-09-26 09:35:27,52.92,6200,52.92,D
sh688777,中控技术,2025-09-26 09:35:33,52.9,4645,52.92,D
sh688777,中控技术,2025-09-26 09:35:36,52.96,8800,52.9,U
sh688777,中控技术,2025-09-26 09:35:48,52.96,11452,52.96,U
sh688777,中控技术,2025-09-26 09:35:54,52.95,6814,52.95,U
sh688777,中控技术,2025-09-26 09:35:57,52.99,20982,52.95,U
sh688777,中控技术,2025-09-26 09:36:00,52.97,4915,52.99,E
sh688777,中控技术,2025-09-26 09:36:06,52.94,5289,52.92,U
sh688777,中控技术,2025-09-26 09:36:09,52.9,15099,52.94,D
sh688777,中控技术,2025-09-26 09:36:12,52.92,6435,52.9,E
sh688777,中控技术,2025-09-26 09:36:18,52.9,11804,52.89,U
sh688777,中控技术,2025-09-26 09:36:21,52.85,18849,52.9,D
sh688777,中控技术,2025-09-26 09:36:24,52.85,4295,52.85,U
sh688777,中控技术,2025-09-26 09:36:33,52.85,4690,52.84,D
sh688777,中控技术,2025-09-26 09:36:48,52.91,4350,52.89,U
sh688777,中控技术,2025-09-26 09:36:51,52.95,6300,52.91,U
sh688777,中控技术,2025-09-26 09:36:54,53.01,8440,52.95,U
sh688777,中控技术,2025-09-26 09:37:00,52.98,6701,53.0,E
sh688777,中控技术,2025-09-26 09:37:12,52.95,14879,52.95,D
sh688777,中控技术,2025-09-26 09:37:15,52.91,29869,52.95,D
sh688777,中控技术,2025-09-26 09:37:18,52.91,10266,52.91,D
sh688777,中控技术,2025-09-26 09:37:24,52.98,7054,52.97,U
sh688777,中控技术,2025-09-26 09:37:33,52.98,6600,52.97,U
sh688777,中控技术,2025-09-26 09:37:48,52.95,11730,52.99,D
sh688777,中控技术,2025-09-26 09:37:54,52.91,3952,52.94,D
sh688777,中控技术,2025-09-26 09:38:09,52.95,19666,52.91,U
sh688777,中控技术,2025-09-26 09:38:12,52.99,30058,52.95,U
sh688777,中控技术,2025-09-26 09:38:18,52.95,8349,52.99,D
sh688777,中控技术,2025-09-26 09:38:21,52.99,5000,52.95,D
sh688777,中控技术,2025-09-26 09:38:33,52.97,4383,52.98,E
sh688777,中控技术,2025-09-26 09:38:36,52.98,3959,52.97,U
sh688777,中控技术,2025-09-26 09:38:51,52.98,5558,52.99,D
sh688777,中控技术,2025-09-26 09:39:06,52.93,5700,52.95,D
sh688777,中控技术,2025-09-26 09:39:12,52.9,13140,52.95,D
sh688777,中控技术,2025-09-26 09:39:21,52.88,7463,52.9,D
sh688777,中控技术,2025-09-26 09:39:24,52.86,8171,52.88,D
sh688777,中控技术,2025-09-26 09:39:33,52.86,5810,52.86,D
sh688777,中控技术,2025-09-26 09:39:45,52.82,47300,52.85,D
sh688777,中控技术,2025-09-26 09:39:48,52.78,56905,52.82,D
sh688777,中控技术,2025-09-26 09:39:51,52.78,30708,52.78,D
sh688777,中控技术,2025-09-26 09:39:54,52.79,36858,52.78,U
sh688777,中控技术,2025-09-26 09:39:57,52.83,86456,52.79,U
sh688777,中控技术,2025-09-26 09:40:03,52.9,5882,52.9,U
sh688777,中控技术,2025-09-26 09:40:06,52.91,5143,52.9,U
sh688777,中控技术,2025-09-26 09:40:09,52.91,5366,52.91,U
sh688777,中控技术,2025-09-26 09:40:12,52.91,19007,52.91,E
sh688777,中控技术,2025-09-26 09:40:15,52.88,4100,52.91,D
sh688777,中控技术,2025-09-26 09:40:18,52.97,6475,52.88,U
sh688777,中控技术,2025-09-26 09:40:27,52.95,5574,52.95,D
sh688777,中控技术,2025-09-26 09:40:30,52.93,30527,52.95,D
sh688777,中控技术,2025-09-26 09:40:39,52.9,9000,52.9,U
sh688777,中控技术,2025-09-26 09:40:54,52.92,6600,52.91,U
sh688777,中控技术,2025-09-26 09:41:03,52.91,17578,52.93,D
sh688777,中控技术,2025-09-26 09:41:09,52.93,7032,52.92,U
sh688777,中控技术,2025-09-26 09:41:15,52.88,32164,52.93,D
sh688777,中控技术,2025-09-26 09:41:18,52.88,8781,52.88,D
sh688777,中控技术,2025-09-26 09:41:24,52.9,5065,52.85,U
sh688777,中控技术,2025-09-26 09:41:27,52.85,6143,52.9,D
sh688777,中控技术,2025-09-26 09:41:30,52.91,19931,52.85,U
sh688777,中控技术,2025-09-26 09:41:33,52.9,7200,52.91,D
sh688777,中控技术,2025-09-26 09:41:36,52.92,30073,52.9,U
sh688777,中控技术,2025-09-26 09:41:39,52.9,37126,52.92,D
sh688777,中控技术,2025-09-26 09:41:42,52.92,12372,52.9,U
sh688777,中控技术,2025-09-26 09:41:45,52.93,5400,52.92,U
sh688777,中控技术,2025-09-26 09:41:48,52.94,7684,52.93,U
sh688777,中控技术,2025-09-26 09:41:51,52.93,10805,52.94,E
sh688777,中控技术,2025-09-26 09:41:54,52.97,4000,52.93,E
sh688777,中控技术,2025-09-26 09:42:06,52.91,15301,52.94,D
sh688777,中控技术,2025-09-26 09:42:09,52.9,7248,52.91,D
sh688777,中控技术,2025-09-26 09:42:12,52.9,7403,52.9,D
sh688777,中控技术,2025-09-26 09:42:15,52.88,35254,52.9,D
sh688777,中控技术,2025-09-26 09:42:18,52.85,9133,52.88,D
sh688777,中控技术,2025-09-26 09:42:24,52.83,4014,52.84,D
sh688777,中控技术,2025-09-26 09:42:33,52.84,7080,52.83,U
sh688777,中控技术,2025-09-26 09:42:39,52.84,5638,52.86,D
sh688777,中控技术,2025-09-26 09:42:45,52.92,49949,52.85,U
sh688777,中控技术,2025-09-26 09:42:48,52.92,4200,52.92,U
sh688777,中控技术,2025-09-26 09:42:54,52.91,13918,52.95,D
sh688777,中控技术,2025-09-26 09:42:57,52.9,12640,52.91,D
sh688777,中控技术,2025-09-26 09:43:00,52.94,5027,52.9,U
sh688777,中控技术,2025-09-26 09:43:21,52.93,47978,52.91,U
sh688777,中控技术,2025-09-26 09:43:24,53.0,16350,52.93,U
sh688777,中控技术,2025-09-26 09:43:42,53.0,9928,53.0,U
sh688777,中控技术,2025-09-26 09:43:45,53.01,5539,53.0,U
sh688777,中控技术,2025-09-26 09:44:00,53.05,4200,53.05,U
sh688777,中控技术,2025-09-26 09:44:03,53.05,6518,53.05,U
sh688777,中控技术,2025-09-26 09:44:09,53.05,5057,53.05,U
sh688777,中控技术,2025-09-26 09:44:15,53.07,10601,53.07,U
sh688777,中控技术,2025-09-26 09:44:18,53.02,68295,53.07,D
sh688777,中控技术,2025-09-26 09:44:21,53.0,8121,53.02,D
sh688777,中控技术,2025-09-26 09:44:27,52.96,7911,52.96,U
sh688777,中控技术,2025-09-26 09:44:39,52.95,4149,52.95,D
sh688777,中控技术,2025-09-26 09:44:51,52.94,9087,52.97,D
sh688777,中控技术,2025-09-26 09:44:54,52.94,4015,52.94,U
sh688777,中控技术,2025-09-26 09:45:03,52.9,10479,52.94,D
sh688777,中控技术,2025-09-26 09:45:06,52.88,8900,52.9,D
sh688777,中控技术,2025-09-26 09:45:15,52.88,5826,52.9,D
sh688777,中控技术,2025-09-26 09:45:18,52.81,59601,52.88,D
sh688777,中控技术,2025-09-26 09:45:21,52.84,6902,52.81,U
sh688777,中控技术,2025-09-26 09:45:39,52.84,28837,52.84,E
sh688777,中控技术,2025-09-26 09:45:57,52.86,4572,52.86,U
sh688777,中控技术,2025-09-26 09:46:06,52.83,11186,52.85,D
sh688777,中控技术,2025-09-26 09:46:21,52.85,4962,52.86,D
sh688777,中控技术,2025-09-26 09:46:24,52.83,6154,52.85,D
sh688777,中控技术,2025-09-26 09:46:27,52.82,11463,52.83,D
sh688777,中控技术,2025-09-26 09:46:45,52.83,5406,52.85,D
sh688777,中控技术,2025-09-26 09:46:54,52.83,9303,52.83,D
sh688777,中控技术,2025-09-26 09:47:00,52.85,4392,52.83,U
sh688777,中控技术,2025-09-26 09:47:12,52.84,4866,52.85,D
sh688777,中控技术,2025-09-26 09:47:18,52.92,4774,52.84,U
sh688777,中控技术,2025-09-26 09:47:27,52.96,5341,52.97,U
sh688777,中控技术,2025-09-26 09:47:36,52.96,5020,52.95,U
sh688777,中控技术,2025-09-26 09:47:57,52.9,4007,52.91,D
sh688777,中控技术,2025-09-26 09:48:21,52.89,6714,52.89,D
sh688777,中控技术,2025-09-26 09:48:33,52.91,35410,52.88,U
sh688777,中控技术,2025-09-26 09:48:48,52.9,5667,52.88,U
sh688777,中控技术,2025-09-26 09:49:00,52.89,11489,52.91,D
sh688777,中控技术,2025-09-26 09:49:09,52.85,19067,52.88,D
sh688777,中控技术,2025-09-26 09:49:48,52.88,13275,52.9,D
sh688777,中控技术,2025-09-26 09:49:57,52.87,8612,52.88,D
sh688777,中控技术,2025-09-26 09:50:00,52.87,27755,52.87,D
sh688777,中控技术,2025-09-26 09:50:03,52.84,14314,52.87,D
sh688777,中控技术,2025-09-26 09:50:09,52.84,17236,52.83,U
sh688777,中控技术,2025-09-26 09:50:12,52.86,51689,52.84,U
sh688777,中控技术,2025-09-26 09:50:15,52.82,5207,52.86,D
sh688777,中控技术,2025-09-26 09:50:18,52.82,23507,52.82,D
sh688777,中控技术,2025-09-26 09:50:24,52.82,9470,52.82,D
sh688777,中控技术,2025-09-26 09:50:27,52.82,7527,52.82,D
sh688777,中控技术,2025-09-26 09:50:30,52.81,5231,52.82,D
sh688777,中控技术,2025-09-26 09:50:39,52.81,5540,52.81,E
sh688777,中控技术,2025-09-26 09:50:42,52.78,20429,52.81,D
sh688777,中控技术,2025-09-26 09:50:45,52.78,5885,52.78,D
sh688777,中控技术,2025-09-26 09:50:48,52.77,6040,52.78,D
sh688777,中控技术,2025-09-26 09:50:51,52.76,20616,52.77,D
sh688777,中控技术,2025-09-26 09:50:57,52.73,6040,52.73,U
sh688777,中控技术,2025-09-26 09:51:00,52.7,21988,52.73,D
sh688777,中控技术,2025-09-26 09:51:03,52.7,9248,52.7,U
sh688777,中控技术,2025-09-26 09:51:12,52.71,8741,52.69,U
sh688777,中控技术,2025-09-26 09:51:15,52.69,6008,52.71,D
sh688777,中控技术,2025-09-26 09:51:18,52.77,10313,52.69,U
sh688777,中控技术,2025-09-26 09:51:21,52.77,17664,52.77,U
sh688777,中控技术,2025-09-26 09:51:24,52.79,3800,52.77,U
sh688777,中控技术,2025-09-26 09:51:27,52.78,20613,52.79,E
sh688777,中控技术,2025-09-26 09:51:30,52.75,6876,52.78,D
sh688777,中控技术,2025-09-26 09:51:39,52.72,4466,52.75,D
sh688777,中控技术,2025-09-26 09:51:45,52.72,4000,52.75,D
sh688777,中控技术,2025-09-26 09:51:54,52.7,7479,52.72,D
sh688777,中控技术,2025-09-26 09:51:57,52.69,27942,52.7,D
sh688777,中控技术,2025-09-26 09:52:00,52.72,14976,52.69,U
sh688777,中控技术,2025-09-26 09:52:03,52.72,26161,52.72,D
sh688777,中控技术,2025-09-26 09:52:09,52.72,8396,52.72,D
sh688777,中控技术,2025-09-26 09:52:12,52.72,5385,52.72,U
sh688777,中控技术,2025-09-26 09:52:15,52.72,10111,52.72,U
sh688777,中控技术,2025-09-26 09:52:18,52.78,16153,52.72,U
sh688777,中控技术,2025-09-26 09:52:21,52.78,7100,52.78,U
sh688777,中控技术,2025-09-26 09:52:24,52.78,5351,52.78,D
sh688777,中控技术,2025-09-26 09:52:30,52.78,22600,52.78,D
sh688777,中控技术,2025-09-26 09:52:48,52.81,8200,52.78,U
sh688777,中控技术,2025-09-26 09:53:03,52.78,16551,52.81,D
sh688777,中控技术,2025-09-26 09:53:06,52.78,8004,52.78,D
sh688777,中控技术,2025-09-26 09:53:09,52.79,7600,52.78,E
sh688777,中控技术,2025-09-26 09:53:12,52.75,28546,52.79,D
sh688777,中控技术,2025-09-26 09:53:18,52.73,8176,52.72,E
sh688777,中控技术,2025-09-26 09:53:24,52.71,7935,52.71,D
sh688777,中控技术,2025-09-26 09:53:27,52.71,6076,52.71,U
sh688777,中控技术,2025-09-26 09:53:30,52.72,12937,52.71,U
sh688777,中控技术,2025-09-26 09:53:36,52.72,13100,52.72,D
sh688777,中控技术,2025-09-26 09:53:48,52.72,10623,52.74,D
sh688777,中控技术,2025-09-26 09:53:51,52.72,4500,52.72,U
sh688777,中控技术,2025-09-26 09:53:57,52.65,85859,52.72,D
sh688777,中控技术,2025-09-26 09:54:06,52.6,13633,52.63,D
sh688777,中控技术,2025-09-26 09:54:12,52.6,8204,52.6,D
sh688777,中控技术,2025-09-26 09:54:15,52.58,21467,52.6,D
sh688777,中控技术,2025-09-26 09:54:18,52.61,5611,52.58,U
sh688777,中控技术,2025-09-26 09:54:21,52.61,7574,52.61,E
sh688777,中控技术,2025-09-26 09:54:24,52.61,8052,52.61,D
sh688777,中控技术,2025-09-26 09:54:27,52.62,7697,52.61,U
sh688777,中控技术,2025-09-26 09:54:30,52.63,8841,52.62,U
sh688777,中控技术,2025-09-26 09:54:36,52.64,7543,52.63,U
sh688777,中控技术,2025-09-26 09:54:45,52.62,18815,52.63,D
sh688777,中控技术,2025-09-26 09:54:51,52.57,25944,52.61,D
sh688777,中控技术,2025-09-26 09:54:54,52.59,8482,52.57,U
sh688777,中控技术,2025-09-26 09:55:03,52.6,58337,52.56,U
sh688777,中控技术,2025-09-26 09:55:06,52.61,77333,52.6,U
sh688777,中控技术,2025-09-26 09:55:09,52.6,5750,52.61,D
sh688777,中控技术,2025-09-26 09:55:15,52.6,10211,52.63,D
sh688777,中控技术,2025-09-26 09:55:18,52.63,16628,52.6,U
sh688777,中控技术,2025-09-26 09:55:21,52.6,9200,52.63,D
sh688777,中控技术,2025-09-26 09:55:27,52.66,6023,52.65,U
sh688777,中控技术,2025-09-26 09:55:33,52.61,6155,52.62,D
sh688777,中控技术,2025-09-26 09:55:36,52.61,4080,52.61,D
sh688777,中控技术,2025-09-26 09:56:03,52.64,10491,52.65,E
sh688777,中控技术,2025-09-26 09:56:15,52.63,10949,52.63,D
sh688777,中控技术,2025-09-26 09:56:18,52.59,42430,52.63,D
sh688777,中控技术,2025-09-26 09:56:21,52.65,51146,52.59,U
sh688777,中控技术,2025-09-26 09:56:30,52.63,5958,52.58,U
sh688777,中控技术,2025-09-26 09:56:39,52.63,9758,52.63,D
sh688777,中控技术,2025-09-26 09:56:42,52.69,46526,52.63,U
sh688777,中控技术,2025-09-26 09:56:45,52.71,13613,52.69,U
sh688777,中控技术,2025-09-26 09:57:24,52.63,4280,52.65,D
sh688777,中控技术,2025-09-26 09:57:36,52.63,16457,52.61,U
sh688777,中控技术,2025-09-26 09:58:12,52.61,34934,52.63,D
sh688777,中控技术,2025-09-26 09:58:15,52.6,6020,52.61,D
sh688777,中控技术,2025-09-26 09:58:21,52.65,35586,52.62,U
sh688777,中控技术,2025-09-26 09:58:24,52.7,8078,52.65,U
sh688777,中控技术,2025-09-26 09:58:57,52.74,14867,52.67,U
sh688777,中控技术,2025-09-26 09:59:00,52.74,6057,52.74,U
sh688777,中控技术,2025-09-26 09:59:03,52.77,6015,52.74,U
sh688777,中控技术,2025-09-26 09:59:06,52.8,4400,52.77,U
sh688777,中控技术,2025-09-26 09:59:09,52.84,18640,52.8,U
sh688777,中控技术,2025-09-26 09:59:15,52.8,9786,52.83,D
sh688777,中控技术,2025-09-26 09:59:30,52.82,9354,52.84,D
sh688777,中控技术,2025-09-26 09:59:45,52.84,17760,52.85,D
sh688777,中控技术,2025-09-26 09:59:51,52.8,5034,52.83,D
sh688777,中控技术,2025-09-26 09:59:54,52.8,8359,52.8,D
sh688777,中控技术,2025-09-26 09:59:57,52.8,4813,52.8,D
sh688777,中控技术,2025-09-26 10:00:06,52.8,21187,52.77,U
sh688777,中控技术,2025-09-26 10:00:12,52.81,6167,52.81,D
sh688777,中控技术,2025-09-26 10:00:21,52.78,7474,52.82,D
sh688777,中控技术,2025-09-26 10:00:24,52.78,3847,52.78,D
sh688777,中控技术,2025-09-26 10:00:27,52.78,7226,52.78,U
sh688777,中控技术,2025-09-26 10:00:30,52.8,11940,52.78,U
sh688777,中控技术,2025-09-26 10:00:36,52.76,22205,52.8,D
sh688777,中控技术,2025-09-26 10:00:57,52.7,4500,52.75,D
sh688777,中控技术,2025-09-26 10:01:15,52.8,28281,52.73,U
sh688777,中控技术,2025-09-26 10:01:18,52.79,16188,52.8,D
sh688777,中控技术,2025-09-26 10:01:27,52.8,4429,52.8,U
sh688777,中控技术,2025-09-26 10:01:54,52.81,5147,52.8,U
sh688777,中控技术,2025-09-26 10:01:57,52.8,7620,52.81,D
sh688777,中控技术,2025-09-26 10:02:15,52.82,4059,52.77,U
sh688777,中控技术,2025-09-26 10:02:21,52.87,47281,52.82,U
sh688777,中控技术,2025-09-26 10:02:24,52.88,18891,52.87,U
sh688777,中控技术,2025-09-26 10:02:27,52.89,3831,52.88,U
sh688777,中控技术,2025-09-26 10:02:54,52.85,3807,52.84,U
sh688777,中控技术,2025-09-26 10:02:57,52.85,17665,52.85,D
sh688777,中控技术,2025-09-26 10:03:00,52.8,3979,52.85,D
sh688777,中控技术,2025-09-26 10:03:21,52.79,11000,52.81,D
sh688777,中控技术,2025-09-26 10:04:03,52.75,6538,52.75,U
sh688777,中控技术,2025-09-26 10:04:06,52.75,4600,52.75,U
sh688777,中控技术,2025-09-26 10:04:42,52.81,40177,52.78,U
sh688777,中控技术,2025-09-26 10:05:03,52.78,9752,52.82,D
sh688777,中控技术,2025-09-26 10:05:36,52.74,4221,52.75,D
sh688777,中控技术,2025-09-26 10:06:06,52.71,3924,52.71,U
sh688777,中控技术,2025-09-26 10:06:12,52.7,8500,52.71,D
sh688777,中控技术,2025-09-26 10:06:21,52.72,6018,52.7,U
sh688777,中控技术,2025-09-26 10:06:27,52.73,4190,52.73,U
sh688777,中控技术,2025-09-26 10:06:30,52.7,4638,52.73,D
sh688777,中控技术,2025-09-26 10:06:33,52.74,8174,52.7,U
sh688777,中控技术,2025-09-26 10:06:48,52.74,18665,52.74,U
sh688777,中控技术,2025-09-26 10:06:57,52.73,3938,52.74,D
sh688777,中控技术,2025-09-26 10:07:00,52.72,6510,52.73,D
sh688777,中控技术,2025-09-26 10:07:06,52.74,12612,52.72,U
sh688777,中控技术,2025-09-26 10:07:09,52.74,6502,52.74,U
sh688777,中控技术,2025-09-26 10:07:18,52.7,5710,52.73,D
sh688777,中控技术,2025-09-26 10:07:21,52.67,7025,52.7,D
sh688777,中控技术,2025-09-26 10:07:36,52.66,4880,52.68,D
sh688777,中控技术,2025-09-26 10:07:42,52.65,10250,52.67,D
sh688777,中控技术,2025-09-26 10:07:57,52.69,5859,52.69,D
sh688777,中控技术,2025-09-26 10:08:06,52.69,8697,52.7,D
sh688777,中控技术,2025-09-26 10:08:09,52.7,11678,52.69,U
sh688777,中控技术,2025-09-26 10:08:18,52.7,6178,52.68,U
sh688777,中控技术,2025-09-26 10:08:54,52.75,4630,52.75,U
sh688777,中控技术,2025-09-26 10:10:03,52.78,11342,52.85,D
sh688777,中控技术,2025-09-26 10:10:15,52.78,7955,52.78,D
sh688777,中控技术,2025-09-26 10:10:24,52.75,4896,52.75,D
sh688777,中控技术,2025-09-26 10:10:54,52.71,4105,52.75,D
sh688777,中控技术,2025-09-26 10:11:03,52.72,4710,52.73,E
sh688777,中控技术,2025-09-26 10:11:15,52.75,6253,52.7,E
sh688777,中控技术,2025-09-26 10:11:27,52.75,6565,52.73,U
sh688777,中控技术,2025-09-26 10:11:30,52.71,7940,52.75,D
sh688777,中控技术,2025-09-26 10:11:54,52.73,3885,52.73,U
sh688777,中控技术,2025-09-26 10:12:18,52.68,14781,52.7,D
sh688777,中控技术,2025-09-26 10:12:21,52.67,15203,52.68,D
sh688777,中控技术,2025-09-26 10:12:33,52.7,5202,52.68,U
sh688777,中控技术,2025-09-26 10:12:36,52.67,26681,52.7,D
sh688777,中控技术,2025-09-26 10:12:42,52.7,5613,52.71,U
sh688777,中控技术,2025-09-26 10:12:45,52.67,5493,52.7,D
sh688777,中控技术,2025-09-26 10:12:48,52.64,44278,52.67,D
sh688777,中控技术,2025-09-26 10:12:51,52.67,12317,52.64,U
sh688777,中控技术,2025-09-26 10:13:06,52.63,7862,52.63,U
sh688777,中控技术,2025-09-26 10:13:09,52.58,23193,52.63,D
sh688777,中控技术,2025-09-26 10:13:24,52.59,6820,52.58,U
sh688777,中控技术,2025-09-26 10:13:27,52.57,8839,52.59,D
sh688777,中控技术,2025-09-26 10:13:30,52.56,56231,52.57,D
sh688777,中控技术,2025-09-26 10:13:39,52.54,4921,52.57,D
sh688777,中控技术,2025-09-26 10:13:42,52.54,35348,52.54,U
sh688777,中控技术,2025-09-26 10:14:06,52.61,5540,52.58,U
sh688777,中控技术,2025-09-26 10:14:12,52.56,5200,52.58,D
sh688777,中控技术,2025-09-26 10:14:33,52.61,4214,52.61,U
sh688777,中控技术,2025-09-26 10:15:06,52.57,58567,52.59,D
sh688777,中控技术,2025-09-26 10:15:09,52.57,5664,52.57,D
sh688777,中控技术,2025-09-26 10:15:12,52.57,20223,52.57,D
sh688777,中控技术,2025-09-26 10:15:30,52.58,6535,52.57,U
sh688777,中控技术,2025-09-26 10:15:33,52.56,6105,52.58,D
sh688777,中控技术,2025-09-26 10:15:36,52.6,31819,52.56,U
sh688777,中控技术,2025-09-26 10:15:39,52.62,6001,52.6,U
sh688777,中控技术,2025-09-26 10:16:12,52.56,21866,52.6,D
sh688777,中控技术,2025-09-26 10:16:15,52.58,5466,52.56,E
sh688777,中控技术,2025-09-26 10:16:27,52.58,22100,52.58,U
sh688777,中控技术,2025-09-26 10:16:30,52.58,7678,52.58,U
sh688777,中控技术,2025-09-26 10:16:39,52.58,9298,52.57,U
sh688777,中控技术,2025-09-26 10:16:42,52.56,10200,52.58,D
sh688777,中控技术,2025-09-26 10:16:45,52.56,20400,52.56,D
sh688777,中控技术,2025-09-26 10:16:51,52.59,4881,52.59,U
sh688777,中控技术,2025-09-26 10:16:54,52.6,15985,52.59,U
sh688777,中控技术,2025-09-26 10:17:03,52.56,10261,52.59,D
sh688777,中控技术,2025-09-26 10:17:06,52.52,98541,52.56,D
sh688777,中控技术,2025-09-26 10:17:09,52.51,16212,52.52,D
sh688777,中控技术,2025-09-26 10:17:12,52.5,52797,52.51,D
sh688777,中控技术,2025-09-26 10:17:18,52.5,10149,52.5,D
sh688777,中控技术,2025-09-26 10:17:21,52.49,4778,52.5,D
sh688777,中控技术,2025-09-26 10:17:30,52.49,3820,52.48,U
sh688777,中控技术,2025-09-26 10:17:33,52.48,4191,52.49,D
sh688777,中控技术,2025-09-26 10:17:39,52.44,32596,52.48,D
sh688777,中控技术,2025-09-26 10:17:48,52.4,17850,52.41,D
sh688777,中控技术,2025-09-26 10:17:51,52.38,6798,52.4,D
sh688777,中控技术,2025-09-26 10:17:54,52.4,4011,52.38,U
sh688777,中控技术,2025-09-26 10:17:57,52.4,9798,52.4,U
sh688777,中控技术,2025-09-26 10:18:00,52.37,18058,52.4,E
sh688777,中控技术,2025-09-26 10:18:03,52.42,10591,52.37,U
sh688777,中控技术,2025-09-26 10:18:12,52.42,4023,52.44,U
sh688777,中控技术,2025-09-26 10:18:21,52.4,4498,52.38,U
sh688777,中控技术,2025-09-26 10:18:24,52.36,14025,52.4,D
sh688777,中控技术,2025-09-26 10:18:27,52.4,4440,52.36,E
sh688777,中控技术,2025-09-26 10:18:30,52.4,4274,52.4,U
sh688777,中控技术,2025-09-26 10:18:36,52.39,13277,52.38,D
sh688777,中控技术,2025-09-26 10:18:39,52.38,8150,52.39,D
sh688777,中控技术,2025-09-26 10:18:42,52.4,21419,52.38,U
sh688777,中控技术,2025-09-26 10:18:45,52.36,23210,52.4,D
sh688777,中控技术,2025-09-26 10:18:48,52.39,8600,52.36,E
sh688777,中控技术,2025-09-26 10:18:57,52.37,3911,52.38,D
sh688777,中控技术,2025-09-26 10:19:00,52.37,4071,52.37,U
sh688777,中控技术,2025-09-26 10:19:06,52.36,5956,52.38,D
sh688777,中控技术,2025-09-26 10:19:18,52.37,8542,52.34,U
sh688777,中控技术,2025-09-26 10:19:21,52.39,7987,52.37,U
sh688777,中控技术,2025-09-26 10:19:54,52.38,15595,52.38,D
sh688777,中控技术,2025-09-26 10:19:57,52.34,26425,52.38,D
sh688777,中控技术,2025-09-26 10:20:00,52.34,7400,52.34,U
sh688777,中控技术,2025-09-26 10:20:03,52.39,55029,52.34,U
sh688777,中控技术,2025-09-26 10:20:15,52.41,7295,52.4,U
sh688777,中控技术,2025-09-26 10:20:21,52.5,11834,52.47,U
sh688777,中控技术,2025-09-26 10:20:33,52.43,4211,52.42,U
sh688777,中控技术,2025-09-26 10:20:39,52.5,10800,52.43,U
sh688777,中控技术,2025-09-26 10:20:42,52.44,10200,52.5,E
sh688777,中控技术,2025-09-26 10:20:45,52.44,8770,52.44,U
sh688777,中控技术,2025-09-26 10:20:51,52.43,4072,52.43,D
sh688777,中控技术,2025-09-26 10:20:54,52.43,9570,52.43,D
sh688777,中控技术,2025-09-26 10:21:00,52.4,46661,52.43,D
sh688777,中控技术,2025-09-26 10:21:03,52.38,6423,52.4,D
sh688777,中控技术,2025-09-26 10:21:27,52.39,28847,52.39,D
sh688777,中控技术,2025-09-26 10:21:36,52.36,7900,52.37,D
sh688777,中控技术,2025-09-26 10:21:45,52.4,9856,52.35,U
sh688777,中控技术,2025-09-26 10:21:48,52.4,7004,52.4,U
sh688777,中控技术,2025-09-26 10:21:57,52.4,8353,52.4,U
sh688777,中控技术,2025-09-26 10:22:00,52.41,8314,52.4,U
sh688777,中控技术,2025-09-26 10:22:03,52.42,38113,52.41,U
sh688777,中控技术,2025-09-26 10:22:21,52.45,4663,52.45,U
sh688777,中控技术,2025-09-26 10:22:30,52.4,17400,52.46,D
sh688777,中控技术,2025-09-26 10:22:48,52.45,8624,52.45,U
sh688777,中控技术,2025-09-26 10:22:51,52.42,6900,52.45,D
sh688777,中控技术,2025-09-26 10:23:18,52.47,5534,52.47,D
sh688777,中控技术,2025-09-26 10:23:48,52.52,18750,52.47,U
sh688777,中控技术,2025-09-26 10:23:51,52.55,8780,52.52,U
sh688777,中控技术,2025-09-26 10:24:06,52.49,5098,52.53,D
sh688777,中控技术,2025-09-26 10:24:18,52.5,7459,52.51,D
sh688777,中控技术,2025-09-26 10:24:33,52.54,8083,52.55,E
sh688777,中控技术,2025-09-26 10:24:36,52.53,4477,52.54,E
sh688777,中控技术,2025-09-26 10:24:48,52.51,4025,52.53,D
sh688777,中控技术,2025-09-26 10:25:03,52.58,3825,52.55,U
sh688777,中控技术,2025-09-26 10:25:33,52.55,8481,52.56,D
sh688777,中控技术,2025-09-26 10:26:03,52.5,10428,52.54,D
sh688777,中控技术,2025-09-26 10:26:24,52.62,6620,52.53,U
sh688777,中控技术,2025-09-26 10:26:48,52.58,9793,52.55,U
sh688777,中控技术,2025-09-26 10:26:51,52.58,7302,52.58,U
sh688777,中控技术,2025-09-26 10:27:03,52.55,4021,52.55,D
sh688777,中控技术,2025-09-26 10:27:06,52.52,4697,52.55,D
sh688777,中控技术,2025-09-26 10:28:27,52.55,21027,52.52,U
sh688777,中控技术,2025-09-26 10:28:30,52.53,7084,52.55,U
sh688777,中控技术,2025-09-26 10:28:45,52.55,14821,52.53,U
sh688777,中控技术,2025-09-26 10:28:51,52.55,4521,52.55,U
sh688777,中控技术,2025-09-26 10:29:03,52.5,17911,52.52,D
sh688777,中控技术,2025-09-26 10:29:06,52.49,24686,52.5,D
sh688777,中控技术,2025-09-26 10:29:33,52.48,10000,52.48,D
sh688777,中控技术,2025-09-26 10:29:42,52.48,4376,52.49,D
sh688777,中控技术,2025-09-26 10:29:51,52.48,4850,52.48,U
sh688777,中控技术,2025-09-26 10:29:57,52.48,4257,52.47,U
sh688777,中控技术,2025-09-26 10:30:03,52.49,18118,52.48,U
sh688777,中控技术,2025-09-26 10:30:06,52.49,11221,52.49,E
sh688777,中控技术,2025-09-26 10:30:09,52.51,5659,52.49,U
sh688777,中控技术,2025-09-26 10:30:39,52.5,5863,52.49,U
sh688777,中控技术,2025-09-26 10:30:48,52.5,10443,52.49,U
sh688777,中控技术,2025-09-26 10:30:51,52.46,5365,52.5,D
sh688777,中控技术,2025-09-26 10:31:21,52.46,8056,52.47,D
sh688777,中控技术,2025-09-26 10:31:30,52.46,7809,52.47,D
sh688777,中控技术,2025-09-26 10:31:57,52.46,5512,52.45,U
sh688777,中控技术,2025-09-26 10:32:18,52.47,5213,52.47,D
sh688777,中控技术,2025-09-26 10:33:00,52.51,5763,52.5,U
sh688777,中控技术,2025-09-26 10:33:09,52.51,5346,52.51,U
sh688777,中控技术,2025-09-26 10:33:21,52.48,14761,52.54,D
sh688777,中控技术,2025-09-26 10:33:24,52.46,23645,52.48,D
sh688777,中控技术,2025-09-26 10:33:27,52.42,9408,52.46,D
sh688777,中控技术,2025-09-26 10:33:54,52.46,4548,52.43,E
sh688777,中控技术,2025-09-26 10:33:57,52.42,9000,52.46,D
sh688777,中控技术,2025-09-26 10:34:09,52.48,40582,52.46,U
sh688777,中控技术,2025-09-26 10:34:15,52.44,7790,52.49,D
sh688777,中控技术,2025-09-26 10:34:39,52.45,7529,52.5,D
sh688777,中控技术,2025-09-26 10:34:42,52.43,7436,52.45,D
sh688777,中控技术,2025-09-26 10:35:06,52.44,7817,52.46,D
sh688777,中控技术,2025-09-26 10:35:12,52.47,7600,52.46,U
sh688777,中控技术,2025-09-26 10:35:15,52.44,9209,52.47,D
sh688777,中控技术,2025-09-26 10:35:18,52.43,16181,52.44,D
sh688777,中控技术,2025-09-26 10:35:21,52.44,7812,52.43,U
sh688777,中控技术,2025-09-26 10:35:30,52.44,4000,52.44,U
sh688777,中控技术,2025-09-26 10:35:36,52.46,5720,52.44,U
sh688777,中控技术,2025-09-26 10:35:42,52.42,16409,52.46,D
sh688777,中控技术,2025-09-26 10:35:54,52.42,4245,52.42,U
sh688777,中控技术,2025-09-26 10:35:57,52.41,4525,52.42,D
sh688777,中控技术,2025-09-26 10:36:03,52.41,9164,52.41,U
sh688777,中控技术,2025-09-26 10:36:09,52.41,13900,52.4,U
sh688777,中控技术,2025-09-26 10:36:21,52.38,12178,52.38,U
sh688777,中控技术,2025-09-26 10:36:30,52.37,10182,52.38,D
sh688777,中控技术,2025-09-26 10:36:33,52.36,65872,52.37,D
sh688777,中控技术,2025-09-26 10:36:42,52.35,5100,52.34,U
sh688777,中控技术,2025-09-26 10:36:51,52.34,29800,52.33,U
sh688777,中控技术,2025-09-26 10:37:06,52.3,3953,52.31,D
sh688777,中控技术,2025-09-26 10:37:33,52.29,20227,52.3,D
sh688777,中控技术,2025-09-26 10:37:45,52.26,4917,52.29,D
sh688777,中控技术,2025-09-26 10:37:51,52.32,4005,52.29,U
sh688777,中控技术,2025-09-26 10:37:57,52.27,4240,52.29,D
sh688777,中控技术,2025-09-26 10:38:03,52.35,6980,52.28,U
sh688777,中控技术,2025-09-26 10:38:18,52.28,12657,52.31,D
sh688777,中控技术,2025-09-26 10:38:24,52.29,5243,52.27,U
sh688777,中控技术,2025-09-26 10:38:27,52.31,4780,52.29,U
sh688777,中控技术,2025-09-26 10:38:45,52.29,6400,52.3,D
sh688777,中控技术,2025-09-26 10:38:54,52.35,10338,52.3,U
sh688777,中控技术,2025-09-26 10:39:09,52.32,5732,52.34,D
sh688777,中控技术,2025-09-26 10:39:33,52.32,13053,52.35,D
sh688777,中控技术,2025-09-26 10:40:15,52.32,12800,52.33,D
sh688777,中控技术,2025-09-26 10:40:18,52.32,4009,52.32,D
sh688777,中控技术,2025-09-26 10:40:21,52.33,6246,52.32,U
sh688777,中控技术,2025-09-26 10:40:24,52.34,7315,52.33,E
sh688777,中控技术,2025-09-26 10:40:33,52.35,12910,52.33,U
sh688777,中控技术,2025-09-26 10:40:36,52.33,5986,52.35,D
sh688777,中控技术,2025-09-26 10:41:00,52.3,47292,52.37,D
sh688777,中控技术,2025-09-26 10:41:12,52.31,6289,52.3,U
sh688777,中控技术,2025-09-26 10:41:15,52.3,10879,52.31,D
sh688777,中控技术,2025-09-26 10:41:18,52.3,8688,52.3,D
sh688777,中控技术,2025-09-26 10:41:33,52.32,9900,52.33,D
sh688777,中控技术,2025-09-26 10:41:54,52.29,34087,52.32,D
sh688777,中控技术,2025-09-26 10:41:57,52.35,31158,52.29,U
sh688777,中控技术,2025-09-26 10:42:03,52.29,4746,52.29,D
sh688777,中控技术,2025-09-26 10:42:42,52.43,16338,52.39,U
sh688777,中控技术,2025-09-26 10:43:36,52.35,41000,52.32,U
sh688777,中控技术,2025-09-26 10:45:39,52.45,6973,52.45,D
sh688777,中控技术,2025-09-26 10:45:54,52.45,4200,52.45,D
sh688777,中控技术,2025-09-26 10:47:00,52.49,5043,52.5,D
sh688777,中控技术,2025-09-26 10:47:45,52.49,6890,52.49,D
sh688777,中控技术,2025-09-26 10:47:48,52.5,5039,52.49,U
sh688777,中控技术,2025-09-26 10:48:06,52.5,9078,52.49,U
sh688777,中控技术,2025-09-26 10:48:57,52.61,4400,52.58,U
sh688777,中控技术,2025-09-26 10:49:12,52.57,6917,52.6,D
sh688777,中控技术,2025-09-26 10:49:15,52.55,16089,52.57,D
sh688777,中控技术,2025-09-26 10:49:18,52.54,5770,52.55,D
sh688777,中控技术,2025-09-26 10:49:48,52.6,30208,52.57,U
sh688777,中控技术,2025-09-26 10:49:57,52.58,13716,52.58,U
sh688777,中控技术,2025-09-26 10:50:48,52.58,31803,52.57,U
sh688777,中控技术,2025-09-26 10:50:51,52.6,4105,52.58,U
sh688777,中控技术,2025-09-26 10:50:57,52.61,5017,52.6,E
sh688777,中控技术,2025-09-26 10:51:51,52.64,6684,52.63,U
sh688777,中控技术,2025-09-26 10:52:09,52.65,10359,52.63,U
sh688777,中控技术,2025-09-26 10:52:42,52.65,9600,52.65,U
sh688777,中控技术,2025-09-26 10:53:03,52.65,5200,52.67,U
sh688777,中控技术,2025-09-26 10:53:15,52.62,3937,52.63,D
sh688777,中控技术,2025-09-26 10:53:21,52.61,6400,52.61,D
sh688777,中控技术,2025-09-26 10:53:42,52.62,4800,52.62,D
sh688777,中控技术,2025-09-26 10:53:48,52.6,6178,52.62,D
sh688777,中控技术,2025-09-26 10:53:54,52.58,19466,52.61,D
sh688777,中控技术,2025-09-26 10:54:24,52.55,24806,52.6,D
sh688777,中控技术,2025-09-26 10:54:45,52.58,10669,52.56,U
sh688777,中控技术,2025-09-26 10:54:51,52.5,23765,52.58,D
sh688777,中控技术,2025-09-26 10:55:03,52.61,7863,52.57,U
sh688777,中控技术,2025-09-26 10:55:30,52.59,10000,52.6,D
sh688777,中控技术,2025-09-26 10:55:39,52.58,6733,52.58,D
sh688777,中控技术,2025-09-26 10:56:00,52.62,6197,52.63,D
sh688777,中控技术,2025-09-26 10:56:39,52.64,5104,52.64,U
sh688777,中控技术,2025-09-26 10:56:54,52.6,7598,52.61,D
sh688777,中控技术,2025-09-26 10:56:57,52.62,6678,52.6,U
sh688777,中控技术,2025-09-26 10:57:27,52.63,5393,52.64,D
sh688777,中控技术,2025-09-26 10:57:33,52.63,6652,52.63,U
sh688777,中控技术,2025-09-26 10:58:03,52.64,10484,52.63,U
sh688777,中控技术,2025-09-26 10:58:30,52.63,5000,52.62,U
sh688777,中控技术,2025-09-26 10:58:51,52.65,11496,52.64,U
sh688777,中控技术,2025-09-26 10:59:09,52.65,4000,52.64,U
sh688777,中控技术,2025-09-26 10:59:51,52.64,10357,52.66,D
sh688777,中控技术,2025-09-26 10:59:54,52.64,7803,52.64,D
sh688777,中控技术,2025-09-26 11:00:30,52.68,23704,52.65,U
sh688777,中控技术,2025-09-26 11:00:36,52.67,4589,52.68,D
sh688777,中控技术,2025-09-26 11:01:00,52.69,5400,52.69,U
sh688777,中控技术,2025-09-26 11:01:03,52.68,9200,52.69,D
sh688777,中控技术,2025-09-26 11:01:09,52.68,4903,52.67,U
sh688777,中控技术,2025-09-26 11:01:33,52.71,5340,52.7,U
sh688777,中控技术,2025-09-26 11:01:36,52.71,4960,52.71,U
sh688777,中控技术,2025-09-26 11:01:57,52.74,5300,52.74,U
sh688777,中控技术,2025-09-26 11:02:12,52.78,15381,52.76,U
sh688777,中控技术,2025-09-26 11:02:18,52.78,6858,52.8,D
sh688777,中控技术,2025-09-26 11:02:24,52.78,4028,52.78,U
sh688777,中控技术,2025-09-26 11:02:27,52.78,5474,52.78,U
sh688777,中控技术,2025-09-26 11:02:33,52.8,4420,52.79,U
sh688777,中控技术,2025-09-26 11:02:57,52.8,7306,52.8,U
sh688777,中控技术,2025-09-26 11:03:09,52.8,4300,52.82,D
sh688777,中控技术,2025-09-26 11:03:12,52.85,7088,52.8,U
sh688777,中控技术,2025-09-26 11:03:15,52.79,3800,52.85,D
sh688777,中控技术,2025-09-26 11:03:18,52.77,11833,52.79,D
sh688777,中控技术,2025-09-26 11:03:21,52.75,9727,52.77,D
sh688777,中控技术,2025-09-26 11:03:36,52.76,6443,52.78,D
sh688777,中控技术,2025-09-26 11:03:39,52.75,8166,52.76,D
sh688777,中控技术,2025-09-26 11:03:48,52.73,8189,52.76,D
sh688777,中控技术,2025-09-26 11:03:51,52.7,21586,52.73,D
sh688777,中控技术,2025-09-26 11:04:03,52.84,11493,52.79,U
sh688777,中控技术,2025-09-26 11:04:09,52.78,6948,52.82,D
sh688777,中控技术,2025-09-26 11:04:18,52.86,4000,52.86,U
sh688777,中控技术,2025-09-26 11:04:21,52.83,5604,52.86,D
sh688777,中控技术,2025-09-26 11:04:45,52.86,14043,52.83,U
sh688777,中控技术,2025-09-26 11:04:54,52.86,12439,52.88,D
sh688777,中控技术,2025-09-26 11:05:06,52.85,6013,52.84,U
sh688777,中控技术,2025-09-26 11:05:09,52.82,12523,52.85,D
sh688777,中控技术,2025-09-26 11:05:15,52.83,7900,52.81,U
sh688777,中控技术,2025-09-26 11:05:18,52.88,4743,52.83,U
sh688777,中控技术,2025-09-26 11:05:21,52.9,11857,52.88,U
sh688777,中控技术,2025-09-26 11:05:27,52.91,8431,52.9,U
sh688777,中控技术,2025-09-26 11:05:33,52.93,16172,52.95,E
sh688777,中控技术,2025-09-26 11:05:36,53.0,44744,52.93,U
sh688777,中控技术,2025-09-26 11:05:39,53.03,5318,53.0,U
sh688777,中控技术,2025-09-26 11:05:45,52.96,10000,53.04,D
sh688777,中控技术,2025-09-26 11:05:48,53.07,30300,52.96,U
sh688777,中控技术,2025-09-26 11:05:57,53.04,5300,53.03,U
sh688777,中控技术,2025-09-26 11:06:03,53.03,9747,53.03,U
sh688777,中控技术,2025-09-26 11:06:09,53.01,9667,53.0,U
sh688777,中控技术,2025-09-26 11:06:42,52.93,26335,52.92,U
sh688777,中控技术,2025-09-26 11:07:00,52.92,19868,52.9,U
sh688777,中控技术,2025-09-26 11:07:03,52.93,21691,52.92,U
sh688777,中控技术,2025-09-26 11:07:12,52.96,10567,52.94,U
sh688777,中控技术,2025-09-26 11:07:15,52.94,5400,52.96,E
sh688777,中控技术,2025-09-26 11:07:24,52.93,17397,52.94,D
sh688777,中控技术,2025-09-26 11:07:39,52.9,21045,52.9,D
sh688777,中控技术,2025-09-26 11:08:06,52.84,10528,52.84,D
sh688777,中控技术,2025-09-26 11:08:42,52.8,11611,52.81,D
sh688777,中控技术,2025-09-26 11:09:18,52.82,29671,52.82,U
sh688777,中控技术,2025-09-26 11:09:45,52.88,8455,52.88,U
sh688777,中控技术,2025-09-26 11:09:51,52.9,32593,52.88,U
sh688777,中控技术,2025-09-26 11:09:54,52.86,4736,52.9,D
sh688777,中控技术,2025-09-26 11:10:09,52.86,3857,52.86,D
sh688777,中控技术,2025-09-26 11:11:03,52.83,5171,52.83,U
sh688777,中控技术,2025-09-26 11:11:06,52.83,6233,52.83,D
sh688777,中控技术,2025-09-26 11:11:09,52.83,3996,52.83,D
sh688777,中控技术,2025-09-26 11:11:12,52.8,7802,52.83,D
sh688777,中控技术,2025-09-26 11:11:21,52.8,32896,52.8,D
sh688777,中控技术,2025-09-26 11:13:24,52.66,6900,52.67,D
sh688777,中控技术,2025-09-26 11:13:36,52.66,8847,52.65,U
sh688777,中控技术,2025-09-26 11:13:54,52.66,6805,52.64,U
sh688777,中控技术,2025-09-26 11:14:06,52.66,27501,52.65,U
sh688777,中控技术,2025-09-26 11:14:24,52.62,4000,52.66,D
sh688777,中控技术,2025-09-26 11:14:45,52.68,16901,52.65,U
sh688777,中控技术,2025-09-26 11:15:06,52.69,4886,52.68,U
sh688777,中控技术,2025-09-26 11:15:24,52.69,11138,52.67,U
sh688777,中控技术,2025-09-26 11:15:39,52.69,4180,52.69,D
sh688777,中控技术,2025-09-26 11:15:48,52.7,6242,52.68,U
sh688777,中控技术,2025-09-26 11:15:57,52.7,17931,52.7,U
sh688777,中控技术,2025-09-26 11:16:33,52.7,14163,52.71,D
sh688777,中控技术,2025-09-26 11:16:39,52.65,7122,52.68,D
sh688777,中控技术,2025-09-26 11:16:54,52.65,4360,52.67,D
sh688777,中控技术,2025-09-26 11:17:03,52.62,19449,52.65,D
sh688777,中控技术,2025-09-26 11:17:12,52.6,8672,52.61,D
sh688777,中控技术,2025-09-26 11:17:15,52.61,9949,52.6,U
sh688777,中控技术,2025-09-26 11:17:42,52.61,7008,52.61,D
sh688777,中控技术,2025-09-26 11:17:54,52.61,9612,52.61,U
sh688777,中控技术,2025-09-26 11:18:36,52.6,5147,52.62,D
sh688777,中控技术,2025-09-26 11:18:45,52.6,7046,52.6,D
sh688777,中控技术,2025-09-26 11:19:42,52.58,11768,52.56,U
sh688777,中控技术,2025-09-26 11:20:15,52.68,6344,52.62,U
sh688777,中控技术,2025-09-26 11:20:24,52.59,5060,52.59,D
sh688777,中控技术,2025-09-26 11:20:57,52.6,11888,52.61,E
sh688777,中控技术,2025-09-26 11:21:03,52.56,4159,52.58,D
sh688777,中控技术,2025-09-26 11:21:12,52.58,6634,52.58,D
sh688777,中控技术,2025-09-26 11:21:21,52.58,6846,52.58,U
sh688777,中控技术,2025-09-26 11:22:18,52.6,7961,52.6,D
sh688777,中控技术,2025-09-26 11:22:30,52.58,8546,52.59,D
sh688777,中控技术,2025-09-26 11:23:51,52.56,4480,52.56,U
sh688777,中控技术,2025-09-26 11:23:57,52.55,5680,52.56,D
sh688777,中控技术,2025-09-26 11:25:06,52.54,6421,52.6,D
sh688777,中控技术,2025-09-26 11:26:27,52.53,5563,52.53,D
sh688777,中控技术,2025-09-26 11:26:54,52.5,15200,52.53,D
sh688777,中控技术,2025-09-26 11:27:54,52.6,4300,52.61,D
sh688777,中控技术,2025-09-26 11:29:18,52.58,4092,52.58,D
sh688777,中控技术,2025-09-26 11:29:30,52.59,10800,52.6,U
sh688777,中控技术,2025-09-26 13:00:03,52.6,11825,52.6,D
sh688777,中控技术,2025-09-26 13:00:09,52.57,6093,52.59,D
sh688777,中控技术,2025-09-26 13:00:30,52.49,4400,52.49,D
sh688777,中控技术,2025-09-26 13:01:18,52.52,6501,52.48,U
sh688777,中控技术,2025-09-26 13:01:21,52.54,6099,52.52,U
sh688777,中控技术,2025-09-26 13:01:33,52.44,18256,52.48,D
sh688777,中控技术,2025-09-26 13:01:42,52.44,10768,52.44,D
sh688777,中控技术,2025-09-26 13:02:12,52.47,11891,52.5,D
sh688777,中控技术,2025-09-26 13:02:15,52.5,4120,52.47,E
sh688777,中控技术,2025-09-26 13:02:24,52.5,12647,52.5,D
sh688777,中控技术,2025-09-26 13:02:27,52.47,4120,52.5,D
sh688777,中控技术,2025-09-26 13:02:48,52.45,7755,52.45,U
sh688777,中控技术,2025-09-26 13:02:51,52.45,13883,52.45,D
sh688777,中控技术,2025-09-26 13:03:00,52.48,4652,52.46,U
sh688777,中控技术,2025-09-26 13:03:09,52.52,7800,52.48,U
sh688777,中控技术,2025-09-26 13:04:33,52.48,4207,52.43,U
sh688777,中控技术,2025-09-26 13:05:33,52.42,29356,52.43,D
sh688777,中控技术,2025-09-26 13:05:36,52.4,8426,52.42,D
sh688777,中控技术,2025-09-26 13:05:45,52.43,6599,52.42,U
sh688777,中控技术,2025-09-26 13:05:48,52.47,14762,52.43,U
sh688777,中控技术,2025-09-26 13:06:15,52.41,5800,52.36,U
sh688777,中控技术,2025-09-26 13:07:03,52.42,5335,52.37,U
sh688777,中控技术,2025-09-26 13:07:27,52.45,4544,52.45,E
sh688777,中控技术,2025-09-26 13:07:36,52.47,5115,52.45,U
sh688777,中控技术,2025-09-26 13:07:54,52.5,6267,52.47,U
sh688777,中控技术,2025-09-26 13:08:18,52.5,16365,52.51,D
sh688777,中控技术,2025-09-26 13:08:21,52.5,10347,52.5,D
sh688777,中控技术,2025-09-26 13:08:33,52.46,46750,52.5,D
sh688777,中控技术,2025-09-26 13:08:39,52.49,5703,52.46,U
sh688777,中控技术,2025-09-26 13:09:54,52.5,3837,52.5,D
sh688777,中控技术,2025-09-26 13:10:00,52.5,4143,52.46,U
sh688777,中控技术,2025-09-26 13:10:18,52.56,5241,52.56,D
sh688777,中控技术,2025-09-26 13:10:21,52.58,9047,52.56,U
sh688777,中控技术,2025-09-26 13:10:24,52.52,34611,52.58,D
sh688777,中控技术,2025-09-26 13:10:48,52.56,7430,52.49,U
sh688777,中控技术,2025-09-26 13:10:51,52.56,5425,52.56,U
sh688777,中控技术,2025-09-26 13:12:30,52.6,7440,52.54,U
sh688777,中控技术,2025-09-26 13:13:12,52.57,10915,52.59,D
sh688777,中控技术,2025-09-26 13:14:21,52.56,6303,52.56,D
sh688777,中控技术,2025-09-26 13:14:33,52.55,4464,52.56,D
sh688777,中控技术,2025-09-26 13:14:42,52.54,3934,52.59,D
sh688777,中控技术,2025-09-26 13:15:48,52.61,5824,52.6,U
sh688777,中控技术,2025-09-26 13:16:12,52.62,8665,52.62,U
sh688777,中控技术,2025-09-26 13:17:06,52.57,4990,52.58,D
sh688777,中控技术,2025-09-26 13:18:12,52.58,4800,52.6,D
sh688777,中控技术,2025-09-26 13:19:21,52.55,4151,52.55,D
sh688777,中控技术,2025-09-26 13:20:15,52.54,4200,52.55,D
sh688777,中控技术,2025-09-26 13:21:12,52.62,19043,52.6,U
sh688777,中控技术,2025-09-26 13:22:06,52.65,43133,52.61,U
sh688777,中控技术,2025-09-26 13:22:15,52.69,4200,52.68,U
sh688777,中控技术,2025-09-26 13:22:30,52.61,6217,52.68,D
sh688777,中控技术,2025-09-26 13:22:39,52.62,13500,52.62,U
sh688777,中控技术,2025-09-26 13:23:36,52.59,11171,52.62,E
sh688777,中控技术,2025-09-26 13:25:09,52.61,4092,52.6,U
sh688777,中控技术,2025-09-26 13:25:12,52.58,26994,52.61,D
sh688777,中控技术,2025-09-26 13:25:18,52.6,5280,52.6,U
sh688777,中控技术,2025-09-26 13:26:39,52.63,5822,52.63,U
sh688777,中控技术,2025-09-26 13:26:45,52.59,19493,52.62,D
sh688777,中控技术,2025-09-26 13:29:51,52.6,7216,52.61,D
sh688777,中控技术,2025-09-26 13:30:24,52.6,15038,52.6,D
sh688777,中控技术,2025-09-26 13:30:39,52.58,4178,52.59,D
sh688777,中控技术,2025-09-26 13:32:09,52.57,6567,52.6,D
sh688777,中控技术,2025-09-26 13:32:12,52.59,21322,52.57,U
sh688777,中控技术,2025-09-26 13:32:30,52.54,5838,52.56,D
sh688777,中控技术,2025-09-26 13:32:48,52.53,24600,52.6,D
sh688777,中控技术,2025-09-26 13:32:54,52.5,11133,52.53,D
sh688777,中控技术,2025-09-26 13:32:57,52.53,3840,52.5,U
sh688777,中控技术,2025-09-26 13:33:06,52.53,5300,52.53,D
sh688777,中控技术,2025-09-26 13:33:18,52.54,5207,52.53,D
sh688777,中控技术,2025-09-26 13:33:39,52.51,15561,52.53,D
sh688777,中控技术,2025-09-26 13:33:42,52.54,9704,52.51,U
sh688777,中控技术,2025-09-26 13:33:45,52.54,11796,52.54,U
sh688777,中控技术,2025-09-26 13:33:48,52.58,8300,52.54,U
sh688777,中控技术,2025-09-26 13:34:12,52.55,5285,52.55,U
sh688777,中控技术,2025-09-26 13:34:30,52.53,5185,52.53,U
sh688777,中控技术,2025-09-26 13:34:45,52.54,4000,52.58,D
sh688777,中控技术,2025-09-26 13:35:24,52.53,8505,52.53,U
sh688777,中控技术,2025-09-26 13:35:57,52.52,6821,52.55,D
sh688777,中控技术,2025-09-26 13:36:18,52.58,5160,52.5,U
sh688777,中控技术,2025-09-26 13:36:51,52.56,4080,52.51,U
sh688777,中控技术,2025-09-26 13:36:57,52.55,4120,52.56,U
sh688777,中控技术,2025-09-26 13:37:00,52.6,22725,52.55,U
sh688777,中控技术,2025-09-26 13:37:39,52.61,8906,52.57,U
sh688777,中控技术,2025-09-26 13:37:54,52.58,4772,52.58,U
sh688777,中控技术,2025-09-26 13:38:09,52.64,7300,52.62,U
sh688777,中控技术,2025-09-26 13:38:39,52.58,9139,52.6,D
sh688777,中控技术,2025-09-26 13:39:12,52.54,3973,52.54,U
sh688777,中控技术,2025-09-26 13:39:18,52.52,7562,52.54,D
sh688777,中控技术,2025-09-26 13:40:09,52.51,5601,52.5,U
sh688777,中控技术,2025-09-26 13:40:42,52.49,7426,52.48,U
sh688777,中控技术,2025-09-26 13:41:12,52.5,7105,52.5,U
sh688777,中控技术,2025-09-26 13:42:21,52.57,3829,52.5,U
sh688777,中控技术,2025-09-26 13:42:24,52.57,5200,52.57,E
sh688777,中控技术,2025-09-26 13:42:36,52.52,5724,52.58,D
sh688777,中控技术,2025-09-26 13:43:06,52.58,21228,52.53,U
sh688777,中控技术,2025-09-26 13:45:09,52.51,6008,52.5,U
sh688777,中控技术,2025-09-26 13:46:45,52.59,5224,52.56,U
sh688777,中控技术,2025-09-26 13:47:15,52.59,5100,52.57,U
sh688777,中控技术,2025-09-26 13:48:12,52.57,14033,52.6,D
sh688777,中控技术,2025-09-26 13:48:24,52.6,28414,52.57,U
sh688777,中控技术,2025-09-26 13:49:03,52.64,6414,52.59,U
sh688777,中控技术,2025-09-26 13:49:24,52.65,4043,52.66,D
sh688777,中控技术,2025-09-26 13:49:39,52.67,16762,52.67,U
sh688777,中控技术,2025-09-26 13:49:45,52.83,21134,52.67,U
sh688777,中控技术,2025-09-26 13:49:48,52.71,3947,52.83,D
sh688777,中控技术,2025-09-26 13:50:03,52.65,13614,52.7,D
sh688777,中控技术,2025-09-26 13:50:33,52.68,7702,52.69,U
sh688777,中控技术,2025-09-26 13:50:39,52.68,4974,52.69,D
sh688777,中控技术,2025-09-26 13:52:09,52.59,14325,52.64,D
sh688777,中控技术,2025-09-26 13:53:00,52.58,4492,52.6,D
sh688777,中控技术,2025-09-26 13:53:06,52.52,4915,52.56,D
sh688777,中控技术,2025-09-26 13:53:21,52.52,8316,52.54,D
sh688777,中控技术,2025-09-26 13:53:36,52.5,5000,52.53,D
sh688777,中控技术,2025-09-26 13:54:06,52.58,30488,52.53,E
sh688777,中控技术,2025-09-26 13:54:18,52.55,6059,52.56,D
sh688777,中控技术,2025-09-26 13:54:45,52.5,8031,52.53,D
sh688777,中控技术,2025-09-26 13:54:48,52.5,5649,52.5,D
sh688777,中控技术,2025-09-26 13:55:03,52.55,5540,52.54,U
sh688777,中控技术,2025-09-26 13:55:06,52.55,4205,52.55,U
sh688777,中控技术,2025-09-26 13:55:15,52.53,6400,52.55,D
sh688777,中控技术,2025-09-26 13:56:18,52.52,4663,52.52,D
sh688777,中控技术,2025-09-26 13:56:24,52.5,7528,52.5,D
sh688777,中控技术,2025-09-26 13:56:27,52.5,6761,52.5,D
sh688777,中控技术,2025-09-26 13:56:45,52.48,3899,52.48,D
sh688777,中控技术,2025-09-26 13:56:51,52.48,5207,52.48,D
sh688777,中控技术,2025-09-26 13:57:21,52.45,16090,52.48,D
sh688777,中控技术,2025-09-26 13:57:30,52.45,8591,52.46,D
sh688777,中控技术,2025-09-26 13:57:45,52.47,5406,52.46,U
sh688777,中控技术,2025-09-26 13:58:00,52.42,5451,52.48,D
sh688777,中控技术,2025-09-26 13:58:03,52.47,9576,52.42,U
sh688777,中控技术,2025-09-26 13:59:24,52.42,25192,52.49,D
sh688777,中控技术,2025-09-26 13:59:33,52.42,6877,52.46,D
sh688777,中控技术,2025-09-26 13:59:45,52.39,12826,52.45,D
sh688777,中控技术,2025-09-26 13:59:48,52.4,7533,52.39,U
sh688777,中控技术,2025-09-26 14:00:09,52.4,5219,52.4,U
sh688777,中控技术,2025-09-26 14:00:12,52.4,6000,52.4,D
sh688777,中控技术,2025-09-26 14:00:24,52.4,3917,52.39,D
sh688777,中控技术,2025-09-26 14:00:54,52.38,5813,52.42,D
sh688777,中控技术,2025-09-26 14:01:06,52.43,11960,52.39,U
sh688777,中控技术,2025-09-26 14:01:12,52.46,4224,52.45,U
sh688777,中控技术,2025-09-26 14:01:15,52.5,4005,52.46,U
sh688777,中控技术,2025-09-26 14:01:21,52.45,6363,52.51,D
sh688777,中控技术,2025-09-26 14:01:27,52.45,4567,52.44,U
sh688777,中控技术,2025-09-26 14:02:15,52.53,6400,52.49,U
sh688777,中控技术,2025-09-26 14:04:15,52.43,4950,52.43,U
sh688777,中控技术,2025-09-26 14:04:27,52.44,10630,52.43,U
sh688777,中控技术,2025-09-26 14:05:24,52.45,3900,52.48,D
sh688777,中控技术,2025-09-26 14:06:15,52.4,50000,52.41,D
sh688777,中控技术,2025-09-26 14:06:24,52.48,9722,52.43,U
sh688777,中控技术,2025-09-26 14:06:33,52.43,6000,52.4,U
sh688777,中控技术,2025-09-26 14:06:48,52.4,4822,52.44,D
sh688777,中控技术,2025-09-26 14:06:51,52.4,6754,52.4,U
sh688777,中控技术,2025-09-26 14:06:57,52.45,4673,52.4,U
sh688777,中控技术,2025-09-26 14:07:03,52.44,9200,52.44,E
sh688777,中控技术,2025-09-26 14:07:12,52.48,4440,52.46,U
sh688777,中控技术,2025-09-26 14:07:15,52.47,7040,52.48,E
sh688777,中控技术,2025-09-26 14:07:18,52.51,9172,52.47,U
sh688777,中控技术,2025-09-26 14:07:24,52.48,7720,52.51,E
sh688777,中控技术,2025-09-26 14:07:33,52.55,7700,52.53,U
sh688777,中控技术,2025-09-26 14:07:39,52.53,7709,52.53,D
sh688777,中控技术,2025-09-26 14:07:42,52.53,4633,52.53,U
sh688777,中控技术,2025-09-26 14:07:48,52.53,3941,52.52,U
sh688777,中控技术,2025-09-26 14:07:51,52.5,5945,52.53,D
sh688777,中控技术,2025-09-26 14:08:03,52.53,11927,52.5,U
sh688777,中控技术,2025-09-26 14:08:09,52.54,12400,52.5,U
sh688777,中控技术,2025-09-26 14:08:15,52.54,10082,52.52,U
sh688777,中控技术,2025-09-26 14:08:45,52.54,4123,52.53,U
sh688777,中控技术,2025-09-26 14:09:00,52.53,8431,52.56,D
sh688777,中控技术,2025-09-26 14:09:06,52.53,4814,52.55,D
sh688777,中控技术,2025-09-26 14:09:18,52.55,5274,52.53,U
sh688777,中控技术,2025-09-26 14:10:00,52.49,20889,52.52,D
sh688777,中控技术,2025-09-26 14:10:03,52.5,4078,52.49,U
sh688777,中控技术,2025-09-26 14:10:15,52.48,3913,52.5,E
sh688777,中控技术,2025-09-26 14:10:21,52.52,15800,52.45,U
sh688777,中控技术,2025-09-26 14:11:06,52.39,4401,52.44,D
sh688777,中控技术,2025-09-26 14:11:15,52.36,17943,52.4,D
sh688777,中控技术,2025-09-26 14:12:12,52.49,5353,52.41,U
sh688777,中控技术,2025-09-26 14:13:42,52.39,7442,52.41,D
sh688777,中控技术,2025-09-26 14:13:45,52.42,7436,52.39,U
sh688777,中控技术,2025-09-26 14:14:09,52.37,12172,52.38,D
sh688777,中控技术,2025-09-26 14:14:12,52.35,25959,52.37,D
sh688777,中控技术,2025-09-26 14:14:24,52.33,6603,52.35,D
sh688777,中控技术,2025-09-26 14:14:30,52.37,4606,52.35,U
sh688777,中控技术,2025-09-26 14:14:33,52.36,4029,52.37,U
sh688777,中控技术,2025-09-26 14:14:42,52.34,5053,52.36,D
sh688777,中控技术,2025-09-26 14:14:54,52.33,4642,52.33,D
sh688777,中控技术,2025-09-26 14:14:57,52.32,5099,52.33,D
sh688777,中控技术,2025-09-26 14:15:00,52.32,14670,52.32,D
sh688777,中控技术,2025-09-26 14:15:03,52.31,6661,52.32,D
sh688777,中控技术,2025-09-26 14:15:06,52.32,5311,52.31,U
sh688777,中控技术,2025-09-26 14:15:09,52.31,4187,52.32,D
sh688777,中控技术,2025-09-26 14:15:12,52.31,11826,52.31,D
sh688777,中控技术,2025-09-26 14:15:15,52.33,7250,52.31,U
sh688777,中控技术,2025-09-26 14:15:21,52.3,9002,52.33,D
sh688777,中控技术,2025-09-26 14:15:54,52.3,12345,52.31,D
sh688777,中控技术,2025-09-26 14:16:03,52.33,16166,52.32,U
sh688777,中控技术,2025-09-26 14:16:12,52.41,3921,52.36,U
sh688777,中控技术,2025-09-26 14:16:21,52.36,8800,52.41,D
sh688777,中控技术,2025-09-26 14:16:45,52.36,8335,52.36,D
sh688777,中控技术,2025-09-26 14:17:12,52.3,6490,52.32,D
sh688777,中控技术,2025-09-26 14:17:45,52.31,4600,52.32,D
sh688777,中控技术,2025-09-26 14:17:54,52.31,5000,52.32,D
sh688777,中控技术,2025-09-26 14:18:24,52.3,24260,52.31,D
sh688777,中控技术,2025-09-26 14:18:33,52.33,4500,52.31,U
sh688777,中控技术,2025-09-26 14:18:48,52.34,4432,52.33,U
sh688777,中控技术,2025-09-26 14:19:24,52.38,7526,52.38,U
sh688777,中控技术,2025-09-26 14:19:39,52.35,13524,52.38,D
sh688777,中控技术,2025-09-26 14:19:45,52.35,5131,52.35,U
sh688777,中控技术,2025-09-26 14:19:48,52.39,5757,52.35,U
sh688777,中控技术,2025-09-26 14:20:06,52.37,4276,52.37,U
sh688777,中控技术,2025-09-26 14:21:03,52.42,27025,52.38,U
sh688777,中控技术,2025-09-26 14:21:06,52.42,4895,52.42,D
sh688777,中控技术,2025-09-26 14:21:36,52.43,6300,52.41,U
sh688777,中控技术,2025-09-26 14:21:51,52.41,6400,52.41,E
sh688777,中控技术,2025-09-26 14:21:54,52.38,6704,52.41,D
sh688777,中控技术,2025-09-26 14:22:00,52.37,24129,52.38,D
sh688777,中控技术,2025-09-26 14:22:03,52.38,14274,52.37,U
sh688777,中控技术,2025-09-26 14:22:06,52.35,5602,52.38,D
sh688777,中控技术,2025-09-26 14:22:48,52.35,11089,52.37,D
sh688777,中控技术,2025-09-26 14:22:51,52.36,4206,52.35,E
sh688777,中控技术,2025-09-26 14:23:09,52.35,19619,52.34,U
sh688777,中控技术,2025-09-26 14:23:15,52.36,6502,52.34,U
sh688777,中控技术,2025-09-26 14:25:00,52.32,6883,52.32,U
sh688777,中控技术,2025-09-26 14:25:09,52.33,6410,52.32,U
sh688777,中控技术,2025-09-26 14:25:30,52.3,17764,52.32,D
sh688777,中控技术,2025-09-26 14:25:33,52.29,15099,52.3,D
sh688777,中控技术,2025-09-26 14:25:57,52.29,10000,52.3,D
sh688777,中控技术,2025-09-26 14:26:03,52.29,14106,52.29,D
sh688777,中控技术,2025-09-26 14:26:06,52.29,5843,52.29,D
sh688777,中控技术,2025-09-26 14:26:24,52.28,5322,52.28,D
sh688777,中控技术,2025-09-26 14:26:39,52.3,4635,52.28,U
sh688777,中控技术,2025-09-26 14:27:00,52.28,7490,52.31,D
sh688777,中控技术,2025-09-26 14:27:06,52.27,13376,52.28,D
sh688777,中控技术,2025-09-26 14:27:09,52.26,66469,52.27,D
sh688777,中控技术,2025-09-26 14:27:12,52.2,46888,52.26,D
sh688777,中控技术,2025-09-26 14:27:21,52.18,10200,52.24,D
sh688777,中控技术,2025-09-26 14:27:30,52.23,5403,52.18,E
sh688777,中控技术,2025-09-26 14:27:33,52.26,4100,52.23,U
sh688777,中控技术,2025-09-26 14:27:36,52.18,6441,52.26,D
sh688777,中控技术,2025-09-26 14:27:39,52.19,4234,52.18,E
sh688777,中控技术,2025-09-26 14:28:06,52.15,13612,52.16,D
sh688777,中控技术,2025-09-26 14:28:12,52.18,10800,52.16,U
sh688777,中控技术,2025-09-26 14:28:18,52.18,4605,52.15,U
sh688777,中控技术,2025-09-26 14:28:21,52.2,7080,52.18,U
sh688777,中控技术,2025-09-26 14:28:45,52.2,6554,52.22,D
sh688777,中控技术,2025-09-26 14:28:54,52.27,5280,52.27,U
sh688777,中控技术,2025-09-26 14:29:06,52.27,10067,52.27,U
sh688777,中控技术,2025-09-26 14:29:12,52.3,8357,52.24,U
sh688777,中控技术,2025-09-26 14:29:15,52.3,6464,52.3,D
sh688777,中控技术,2025-09-26 14:29:18,52.3,4150,52.3,D
sh688777,中控技术,2025-09-26 14:29:27,52.29,10300,52.27,U
sh688777,中控技术,2025-09-26 14:30:15,52.26,11600,52.26,U
sh688777,中控技术,2025-09-26 14:30:21,52.25,5000,52.26,D
sh688777,中控技术,2025-09-26 14:30:36,52.27,3915,52.27,D
sh688777,中控技术,2025-09-26 14:31:00,52.3,5269,52.29,U
sh688777,中控技术,2025-09-26 14:31:03,52.32,8658,52.3,U
sh688777,中控技术,2025-09-26 14:31:06,52.33,4280,52.32,U
sh688777,中控技术,2025-09-26 14:31:24,52.28,8465,52.29,D
sh688777,中控技术,2025-09-26 14:31:42,52.25,4300,52.26,D
sh688777,中控技术,2025-09-26 14:31:54,52.2,7805,52.22,D
sh688777,中控技术,2025-09-26 14:32:00,52.17,9111,52.19,D
sh688777,中控技术,2025-09-26 14:32:03,52.15,7492,52.17,D
sh688777,中控技术,2025-09-26 14:32:06,52.14,4694,52.15,D
sh688777,中控技术,2025-09-26 14:32:12,52.14,7570,52.14,D
sh688777,中控技术,2025-09-26 14:32:21,52.15,5184,52.14,U
sh688777,中控技术,2025-09-26 14:32:24,52.15,10476,52.15,D
sh688777,中控技术,2025-09-26 14:32:42,52.13,6016,52.14,D
sh688777,中控技术,2025-09-26 14:32:45,52.15,13357,52.13,U
sh688777,中控技术,2025-09-26 14:33:00,52.15,6210,52.15,D
sh688777,中控技术,2025-09-26 14:33:03,52.17,10140,52.15,U
sh688777,中控技术,2025-09-26 14:33:06,52.16,11200,52.17,U
sh688777,中控技术,2025-09-26 14:33:09,52.26,5719,52.16,U
sh688777,中控技术,2025-09-26 14:33:12,52.27,5360,52.26,U
sh688777,中控技术,2025-09-26 14:33:15,52.24,5160,52.27,U
sh688777,中控技术,2025-09-26 14:33:24,52.18,12255,52.2,D
sh688777,中控技术,2025-09-26 14:33:45,52.19,3954,52.19,U
sh688777,中控技术,2025-09-26 14:33:48,52.18,11091,52.19,D
sh688777,中控技术,2025-09-26 14:33:51,52.18,8373,52.18,D
sh688777,中控技术,2025-09-26 14:33:54,52.19,4592,52.18,U
sh688777,中控技术,2025-09-26 14:33:57,52.18,5154,52.19,D
sh688777,中控技术,2025-09-26 14:34:06,52.17,17947,52.17,D
sh688777,中控技术,2025-09-26 14:34:09,52.14,15901,52.17,D
sh688777,中控技术,2025-09-26 14:34:15,52.15,17756,52.15,U
sh688777,中控技术,2025-09-26 14:34:33,52.17,17360,52.12,U
sh688777,中控技术,2025-09-26 14:34:36,52.12,14145,52.17,D
sh688777,中控技术,2025-09-26 14:34:45,52.11,7551,52.17,D
sh688777,中控技术,2025-09-26 14:34:48,52.12,8400,52.11,D
sh688777,中控技术,2025-09-26 14:34:54,52.17,5598,52.16,U
sh688777,中控技术,2025-09-26 14:34:57,52.16,10859,52.17,D
sh688777,中控技术,2025-09-26 14:35:09,52.14,20400,52.14,U
sh688777,中控技术,2025-09-26 14:35:30,52.11,8327,52.11,D
sh688777,中控技术,2025-09-26 14:35:39,52.1,32715,52.1,D
sh688777,中控技术,2025-09-26 14:35:42,52.11,10534,52.1,U
sh688777,中控技术,2025-09-26 14:36:03,52.07,15364,52.09,D
sh688777,中控技术,2025-09-26 14:36:06,52.06,6146,52.07,D
sh688777,中控技术,2025-09-26 14:36:27,52.07,6300,52.06,U
sh688777,中控技术,2025-09-26 14:36:36,52.06,12259,52.06,U
sh688777,中控技术,2025-09-26 14:36:39,52.06,3880,52.06,U
sh688777,中控技术,2025-09-26 14:36:42,52.07,9660,52.06,U
sh688777,中控技术,2025-09-26 14:36:48,52.09,5027,52.08,U
sh688777,中控技术,2025-09-26 14:36:54,52.12,3921,52.1,U
sh688777,中控技术,2025-09-26 14:37:03,52.16,4814,52.13,U
sh688777,中控技术,2025-09-26 14:37:06,52.2,8924,52.16,U
sh688777,中控技术,2025-09-26 14:37:09,52.19,5083,52.2,U
sh688777,中控技术,2025-09-26 14:37:21,52.2,36208,52.18,U
sh688777,中控技术,2025-09-26 14:37:39,52.2,9760,52.2,D
sh688777,中控技术,2025-09-26 14:37:45,52.2,7226,52.2,U
sh688777,中控技术,2025-09-26 14:37:48,52.21,10151,52.2,U
sh688777,中控技术,2025-09-26 14:37:57,52.19,4110,52.2,D
sh688777,中控技术,2025-09-26 14:38:03,52.19,13348,52.19,U
sh688777,中控技术,2025-09-26 14:38:06,52.19,6080,52.19,U
sh688777,中控技术,2025-09-26 14:38:09,52.19,4376,52.19,D
sh688777,中控技术,2025-09-26 14:38:21,52.17,21415,52.19,D
sh688777,中控技术,2025-09-26 14:38:39,52.16,5952,52.17,E
sh688777,中控技术,2025-09-26 14:38:54,52.13,6332,52.15,D
sh688777,中控技术,2025-09-26 14:39:06,52.12,5223,52.12,D
sh688777,中控技术,2025-09-26 14:39:18,52.1,11451,52.13,D
sh688777,中控技术,2025-09-26 14:39:24,52.1,6176,52.1,D
sh688777,中控技术,2025-09-26 14:39:27,52.09,10907,52.1,D
sh688777,中控技术,2025-09-26 14:39:30,52.11,6940,52.09,U
sh688777,中控技术,2025-09-26 14:39:33,52.13,10483,52.11,U
sh688777,中控技术,2025-09-26 14:39:36,52.11,4224,52.13,D
sh688777,中控技术,2025-09-26 14:40:03,52.19,8940,52.11,U
sh688777,中控技术,2025-09-26 14:40:06,52.1,6245,52.19,D
sh688777,中控技术,2025-09-26 14:40:12,52.15,4924,52.15,U
sh688777,中控技术,2025-09-26 14:40:24,52.15,4120,52.17,D
sh688777,中控技术,2025-09-26 14:40:30,52.2,5554,52.17,U
sh688777,中控技术,2025-09-26 14:40:57,52.16,7598,52.15,U
sh688777,中控技术,2025-09-26 14:41:06,52.16,4758,52.14,U
sh688777,中控技术,2025-09-26 14:41:09,52.15,4420,52.16,D
sh688777,中控技术,2025-09-26 14:41:45,52.16,10338,52.14,U
sh688777,中控技术,2025-09-26 14:41:48,52.13,24174,52.16,D
sh688777,中控技术,2025-09-26 14:41:51,52.12,3936,52.13,D
sh688777,中控技术,2025-09-26 14:41:54,52.12,6380,52.12,E
sh688777,中控技术,2025-09-26 14:42:00,52.16,11181,52.12,U
sh688777,中控技术,2025-09-26 14:42:03,52.13,10321,52.16,U
sh688777,中控技术,2025-09-26 14:42:09,52.13,9707,52.13,D
sh688777,中控技术,2025-09-26 14:42:27,52.17,5606,52.14,U
sh688777,中控技术,2025-09-26 14:42:36,52.18,4007,52.16,U
sh688777,中控技术,2025-09-26 14:42:42,52.19,4321,52.19,U
sh688777,中控技术,2025-09-26 14:42:54,52.2,5736,52.2,U
sh688777,中控技术,2025-09-26 14:43:03,52.2,3926,52.19,U
sh688777,中控技术,2025-09-26 14:43:06,52.22,5640,52.2,U
sh688777,中控技术,2025-09-26 14:43:09,52.25,22121,52.22,U
sh688777,中控技术,2025-09-26 14:43:12,52.27,4145,52.25,U
sh688777,中控技术,2025-09-26 14:43:24,52.24,45379,52.27,D
sh688777,中控技术,2025-09-26 14:43:27,52.27,28528,52.24,U
sh688777,中控技术,2025-09-26 14:43:45,52.27,4702,52.26,U
sh688777,中控技术,2025-09-26 14:43:54,52.26,8408,52.24,U
sh688777,中控技术,2025-09-26 14:43:57,52.29,8173,52.26,U
sh688777,中控技术,2025-09-26 14:44:09,52.29,10061,52.33,D
sh688777,中控技术,2025-09-26 14:44:33,52.3,6152,52.3,U
sh688777,中控技术,2025-09-26 14:45:00,52.32,8312,52.32,U
sh688777,中控技术,2025-09-26 14:45:03,52.32,7349,52.32,D
sh688777,中控技术,2025-09-26 14:45:06,52.33,7840,52.32,U
sh688777,中控技术,2025-09-26 14:45:15,52.33,4354,52.32,U
sh688777,中控技术,2025-09-26 14:45:18,52.34,4481,52.33,U
sh688777,中控技术,2025-09-26 14:45:24,52.4,91677,52.34,U
sh688777,中控技术,2025-09-26 14:45:42,52.36,4140,52.34,U
sh688777,中控技术,2025-09-26 14:45:57,52.37,5894,52.37,D
sh688777,中控技术,2025-09-26 14:46:00,52.42,5081,52.37,U
sh688777,中控技术,2025-09-26 14:46:36,52.42,6600,52.39,U
sh688777,中控技术,2025-09-26 14:46:42,52.41,4791,52.41,U
sh688777,中控技术,2025-09-26 14:46:45,52.39,7228,52.41,D
sh688777,中控技术,2025-09-26 14:46:48,52.36,6796,52.39,D
sh688777,中控技术,2025-09-26 14:46:51,52.37,4746,52.36,U
sh688777,中控技术,2025-09-26 14:47:15,52.37,10584,52.38,D
sh688777,中控技术,2025-09-26 14:47:27,52.41,4389,52.37,U
sh688777,中控技术,2025-09-26 14:47:30,52.37,5483,52.41,D
sh688777,中控技术,2025-09-26 14:47:39,52.37,9222,52.36,U
sh688777,中控技术,2025-09-26 14:47:45,52.36,11594,52.4,D
sh688777,中控技术,2025-09-26 14:47:48,52.34,7643,52.36,D
sh688777,中控技术,2025-09-26 14:48:09,52.35,15153,52.36,D
sh688777,中控技术,2025-09-26 14:48:12,52.36,8927,52.35,U
sh688777,中控技术,2025-09-26 14:48:21,52.36,6761,52.34,U
sh688777,中控技术,2025-09-26 14:48:24,52.35,10759,52.36,U
sh688777,中控技术,2025-09-26 14:48:30,52.37,4200,52.34,U
sh688777,中控技术,2025-09-26 14:48:57,52.3,10213,52.3,D
sh688777,中控技术,2025-09-26 14:49:15,52.24,14022,52.27,D
sh688777,中控技术,2025-09-26 14:49:33,52.23,3844,52.24,D
sh688777,中控技术,2025-09-26 14:49:36,52.21,8252,52.23,D
sh688777,中控技术,2025-09-26 14:49:42,52.23,21929,52.24,U
sh688777,中控技术,2025-09-26 14:49:48,52.23,7654,52.26,D
sh688777,中控技术,2025-09-26 14:50:00,52.26,5330,52.26,D
sh688777,中控技术,2025-09-26 14:50:03,52.26,3928,52.26,D
sh688777,中控技术,2025-09-26 14:50:06,52.28,7200,52.26,U
sh688777,中控技术,2025-09-26 14:50:15,52.27,4615,52.28,D
sh688777,中控技术,2025-09-26 14:50:18,52.26,6793,52.27,D
sh688777,中控技术,2025-09-26 14:50:24,52.24,5395,52.24,D
sh688777,中控技术,2025-09-26 14:50:33,52.25,6493,52.25,D
sh688777,中控技术,2025-09-26 14:50:36,52.3,9655,52.25,U
sh688777,中控技术,2025-09-26 14:50:39,52.25,5699,52.3,U
sh688777,中控技术,2025-09-26 14:50:45,52.25,5069,52.25,U
sh688777,中控技术,2025-09-26 14:50:48,52.25,5966,52.25,D
sh688777,中控技术,2025-09-26 14:50:54,52.24,3983,52.25,D
sh688777,中控技术,2025-09-26 14:50:57,52.25,5500,52.24,U
sh688777,中控技术,2025-09-26 14:51:15,52.22,7826,52.22,D
sh688777,中控技术,2025-09-26 14:51:24,52.26,4530,52.23,U
sh688777,中控技术,2025-09-26 14:51:30,52.28,4692,52.24,U
sh688777,中控技术,2025-09-26 14:52:06,52.28,18385,52.3,E
sh688777,中控技术,2025-09-26 14:52:09,52.25,9944,52.28,D
sh688777,中控技术,2025-09-26 14:52:12,52.23,13893,52.25,D
sh688777,中控技术,2025-09-26 14:52:15,52.21,19516,52.23,D
sh688777,中控技术,2025-09-26 14:52:18,52.19,16749,52.21,D
sh688777,中控技术,2025-09-26 14:52:21,52.19,13531,52.19,E
sh688777,中控技术,2025-09-26 14:52:33,52.27,6120,52.21,U
sh688777,中控技术,2025-09-26 14:52:42,52.31,4457,52.23,U
sh688777,中控技术,2025-09-26 14:52:45,52.25,4267,52.31,D
sh688777,中控技术,2025-09-26 14:52:54,52.24,4773,52.23,U
sh688777,中控技术,2025-09-26 14:53:00,52.23,5653,52.24,D
sh688777,中控技术,2025-09-26 14:53:03,52.24,10084,52.23,U
sh688777,中控技术,2025-09-26 14:53:15,52.36,4500,52.28,U
sh688777,中控技术,2025-09-26 14:53:21,52.29,13790,52.33,D
sh688777,中控技术,2025-09-26 14:53:24,52.28,4225,52.29,D
sh688777,中控技术,2025-09-26 14:53:27,52.28,11441,52.28,U
sh688777,中控技术,2025-09-26 14:53:36,52.27,4253,52.27,U
sh688777,中控技术,2025-09-26 14:53:45,52.27,5361,52.28,D
sh688777,中控技术,2025-09-26 14:53:51,52.29,4341,52.28,U
sh688777,中控技术,2025-09-26 14:53:57,52.34,8276,52.31,U
sh688777,中控技术,2025-09-26 14:54:00,52.27,14847,52.34,D
sh688777,中控技术,2025-09-26 14:54:06,52.27,8334,52.26,D
sh688777,中控技术,2025-09-26 14:54:15,52.26,9281,52.26,D
sh688777,中控技术,2025-09-26 14:54:21,52.26,10531,52.25,U
sh688777,中控技术,2025-09-26 14:54:24,52.27,10888,52.26,U
sh688777,中控技术,2025-09-26 14:54:27,52.27,4918,52.27,D
sh688777,中控技术,2025-09-26 14:54:36,52.25,11901,52.27,D
sh688777,中控技术,2025-09-26 14:54:39,52.26,9209,52.25,U
sh688777,中控技术,2025-09-26 14:54:42,52.28,7420,52.26,U
sh688777,中控技术,2025-09-26 14:54:45,52.25,4850,52.28,D
sh688777,中控技术,2025-09-26 14:54:57,52.24,9128,52.24,D
sh688777,中控技术,2025-09-26 14:55:03,52.18,27437,52.24,D
sh688777,中控技术,2025-09-26 14:55:06,52.22,11306,52.18,U
sh688777,中控技术,2025-09-26 14:55:09,52.28,7777,52.22,U
sh688777,中控技术,2025-09-26 14:55:12,52.25,4476,52.28,D
sh688777,中控技术,2025-09-26 14:55:18,52.27,9500,52.22,U
sh688777,中控技术,2025-09-26 14:55:27,52.25,7514,52.25,D
sh688777,中控技术,2025-09-26 14:55:45,52.32,9312,52.26,U
sh688777,中控技术,2025-09-26 14:55:51,52.27,7324,52.29,D
sh688777,中控技术,2025-09-26 14:55:54,52.27,6500,52.27,D
sh688777,中控技术,2025-09-26 14:56:00,52.28,4857,52.28,U
sh688777,中控技术,2025-09-26 14:56:12,52.29,4188,52.28,U
sh688777,中控技术,2025-09-26 14:56:15,52.28,4700,52.29,E
sh688777,中控技术,2025-09-26 14:56:18,52.29,4938,52.28,U
sh688777,中控技术,2025-09-26 14:56:21,52.3,6463,52.29,U
sh688777,中控技术,2025-09-26 14:56:27,52.28,13651,52.27,U
sh688777,中控技术,2025-09-26 14:56:30,52.27,19093,52.28,D
sh688777,中控技术,2025-09-26 14:56:33,52.3,9650,52.27,U
sh688777,中控技术,2025-09-26 14:56:39,52.32,4095,52.31,U
sh688777,中控技术,2025-09-26 14:56:42,52.28,15306,52.32,D
sh688777,中控技术,2025-09-26 14:56:45,52.27,4795,52.28,D
sh688777,中控技术,2025-09-26 14:56:54,52.27,12777,52.27,D
sh688777,中控技术,2025-09-26 14:56:57,52.27,7225,52.27,U
sh688777,中控技术,2025-09-26 15:00:03,52.3,183337,52.24,U
