symbol,name,ticktime,price,volume,prev_price,kind
sh688777,中控技术,2025-10-13 09:25:02,57.0,434316,0.0,U
sh688777,中控技术,2025-10-13 09:30:03,57.5,32093,57.01,U
sh688777,中控技术,2025-10-13 09:30:06,57.5,150529,57.5,U
sh688777,中控技术,2025-10-13 09:30:09,57.22,173413,57.5,D
sh688777,中控技术,2025-10-13 09:30:12,57.67,61624,57.22,U
sh688777,中控技术,2025-10-13 09:30:14,57.25,39493,57.67,D
sh688777,中控技术,2025-10-13 09:30:18,57.67,65655,57.25,U
sh688777,中控技术,2025-10-13 09:30:20,57.28,46948,57.67,D
sh688777,中控技术,2025-10-13 09:30:24,57.36,92122,57.28,E
sh688777,中控技术,2025-10-13 09:30:26,57.78,32617,57.36,E
sh688777,中控技术,2025-10-13 09:30:30,57.5,51279,57.78,D
sh688777,中控技术,2025-10-13 09:30:33,57.8,82218,57.5,E
sh688777,中控技术,2025-10-13 09:30:35,57.5,28481,57.8,D
sh688777,中控技术,2025-10-13 09:30:38,57.54,33633,57.5,E
sh688777,中控技术,2025-10-13 09:30:42,57.45,59193,57.54,D
sh688777,中控技术,2025-10-13 09:30:45,57.3,39652,57.45,D
sh688777,中控技术,2025-10-13 09:30:47,57.8,97258,57.3,U
sh688777,中控技术,2025-10-13 09:30:51,57.87,27717,57.8,U
sh688777,中控技术,2025-10-13 09:30:54,57.76,45990,57.87,D
sh688777,中控技术,2025-10-13 09:30:57,57.79,56989,57.76,E
sh688777,中控技术,2025-10-13 09:31:00,57.89,61379,57.79,U
sh688777,中控技术,2025-10-13 09:31:03,57.84,43219,57.89,D
sh688777,中控技术,2025-10-13 09:31:05,57.99,35892,57.84,U
sh688777,中控技术,2025-10-13 09:31:08,57.92,31221,57.99,D
sh688777,中控技术,2025-10-13 09:31:12,57.94,34170,57.92,U
sh688777,中控技术,2025-10-13 09:31:15,57.96,43673,57.94,U
sh688777,中控技术,2025-10-13 09:31:18,57.98,79850,57.96,E
sh688777,中控技术,2025-10-13 09:31:21,57.99,41335,57.98,U
sh688777,中控技术,2025-10-13 09:31:23,57.95,41160,57.99,D
sh688777,中控技术,2025-10-13 09:31:27,57.95,57656,57.95,D
sh688777,中控技术,2025-10-13 09:31:30,57.9,69000,57.95,D
sh688777,中控技术,2025-10-13 09:31:33,57.94,28175,57.9,U
sh688777,中控技术,2025-10-13 09:31:36,57.95,58349,57.94,U
sh688777,中控技术,2025-10-13 09:31:39,57.99,71173,57.95,U
sh688777,中控技术,2025-10-13 09:31:42,57.99,110720,57.99,D
sh688777,中控技术,2025-10-13 09:31:45,58.07,55655,57.99,U
sh688777,中控技术,2025-10-13 09:31:48,58.04,46745,58.07,D
sh688777,中控技术,2025-10-13 09:31:51,58.17,38540,58.04,U
sh688777,中控技术,2025-10-13 09:31:54,58.17,17096,58.17,U
sh688777,中控技术,2025-10-13 09:31:57,58.2,13695,58.17,U
sh688777,中控技术,2025-10-13 09:31:59,58.17,33823,58.2,D
sh688777,中控技术,2025-10-13 09:32:03,58.17,28519,58.17,D
sh688777,中控技术,2025-10-13 09:32:05,58.2,35229,58.17,U
sh688777,中控技术,2025-10-13 09:32:09,58.2,57497,58.2,U
sh688777,中控技术,2025-10-13 09:32:12,58.2,44803,58.2,U
sh688777,中控技术,2025-10-13 09:32:14,58.17,52026,58.2,D
sh688777,中控技术,2025-10-13 09:32:18,58.2,62784,58.17,U
sh688777,中控技术,2025-10-13 09:32:21,58.08,30033,58.2,D
sh688777,中控技术,2025-10-13 09:32:24,58.17,31588,58.08,E
sh688777,中控技术,2025-10-13 09:32:27,58.18,24993,58.17,U
sh688777,中控技术,2025-10-13 09:32:30,58.2,34985,58.18,U
sh688777,中控技术,2025-10-13 09:32:32,58.28,23300,58.2,U
sh688777,中控技术,2025-10-13 09:32:36,58.2,51710,58.28,D
sh688777,中控技术,2025-10-13 09:32:39,58.3,56937,58.2,U
sh688777,中控技术,2025-10-13 09:32:42,58.23,27205,58.3,D
sh688777,中控技术,2025-10-13 09:32:45,58.23,16068,58.23,D
sh688777,中控技术,2025-10-13 09:32:48,58.27,17635,58.23,U
sh688777,中控技术,2025-10-13 09:32:51,58.27,28512,58.27,D
sh688777,中控技术,2025-10-13 09:32:54,58.3,30187,58.27,U
sh688777,中控技术,2025-10-13 09:32:57,58.3,60531,58.3,D
sh688777,中控技术,2025-10-13 09:33:00,58.44,14313,58.3,U
sh688777,中控技术,2025-10-13 09:33:03,58.43,32200,58.44,D
sh688777,中控技术,2025-10-13 09:33:06,58.47,15973,58.43,U
sh688777,中控技术,2025-10-13 09:33:09,58.5,43536,58.47,U
sh688777,中控技术,2025-10-13 09:33:12,58.8,28789,58.5,U
sh688777,中控技术,2025-10-13 09:33:15,58.8,37092,58.8,U
sh688777,中控技术,2025-10-13 09:33:18,58.8,34167,58.8,U
sh688777,中控技术,2025-10-13 09:33:21,58.6,14199,58.8,E
sh688777,中控技术,2025-10-13 09:33:24,58.8,104246,58.6,U
sh688777,中控技术,2025-10-13 09:33:27,58.69,19773,58.8,E
sh688777,中控技术,2025-10-13 09:33:29,58.79,37996,58.69,U
sh688777,中控技术,2025-10-13 09:33:33,58.8,29311,58.79,U
sh688777,中控技术,2025-10-13 09:33:36,58.8,24446,58.8,D
sh688777,中控技术,2025-10-13 09:33:39,58.79,58964,58.8,D
sh688777,中控技术,2025-10-13 09:33:42,58.69,97806,58.79,D
sh688777,中控技术,2025-10-13 09:33:45,58.79,37495,58.69,U
sh688777,中控技术,2025-10-13 09:33:48,58.77,39907,58.79,D
sh688777,中控技术,2025-10-13 09:33:51,58.77,23978,58.77,U
sh688777,中控技术,2025-10-13 09:33:54,58.66,23395,58.77,D
sh688777,中控技术,2025-10-13 09:33:57,58.77,19227,58.66,U
sh688777,中控技术,2025-10-13 09:33:59,58.68,30707,58.77,E
sh688777,中控技术,2025-10-13 09:34:03,58.6,54296,58.68,D
sh688777,中控技术,2025-10-13 09:34:06,58.6,26265,58.6,U
sh688777,中控技术,2025-10-13 09:34:09,58.5,23189,58.6,D
sh688777,中控技术,2025-10-13 09:34:11,58.5,35655,58.5,D
sh688777,中控技术,2025-10-13 09:34:15,58.5,38666,58.5,U
sh688777,中控技术,2025-10-13 09:34:18,58.5,63753,58.5,D
sh688777,中控技术,2025-10-13 09:34:21,58.5,65799,58.5,U
sh688777,中控技术,2025-10-13 09:34:24,58.48,60763,58.5,D
sh688777,中控技术,2025-10-13 09:34:27,58.5,61532,58.48,U
sh688777,中控技术,2025-10-13 09:34:30,58.5,61639,58.5,D
sh688777,中控技术,2025-10-13 09:34:32,58.5,48021,58.5,U
sh688777,中控技术,2025-10-13 09:34:36,58.48,23490,58.5,E
sh688777,中控技术,2025-10-13 09:34:39,58.48,42191,58.48,U
sh688777,中控技术,2025-10-13 09:34:42,58.38,8017,58.48,E
sh688777,中控技术,2025-10-13 09:34:45,58.35,16230,58.38,D
sh688777,中控技术,2025-10-13 09:34:48,58.35,26017,58.35,D
sh688777,中控技术,2025-10-13 09:34:51,58.32,70123,58.35,D
sh688777,中控技术,2025-10-13 09:34:54,58.35,8819,58.32,U
sh688777,中控技术,2025-10-13 09:34:57,58.35,31435,58.35,U
sh688777,中控技术,2025-10-13 09:35:00,58.3,47429,58.35,D
sh688777,中控技术,2025-10-13 09:35:03,58.29,53536,58.3,U
sh688777,中控技术,2025-10-13 09:35:06,58.39,37796,58.29,U
sh688777,中控技术,2025-10-13 09:35:09,58.35,29494,58.39,U
sh688777,中控技术,2025-10-13 09:35:12,58.42,48007,58.35,U
sh688777,中控技术,2025-10-13 09:35:15,58.43,60605,58.42,E
sh688777,中控技术,2025-10-13 09:35:18,58.5,17298,58.43,U
sh688777,中控技术,2025-10-13 09:35:21,58.43,29941,58.5,D
sh688777,中控技术,2025-10-13 09:35:24,58.68,17652,58.43,U
sh688777,中控技术,2025-10-13 09:35:27,58.65,36416,58.68,D
sh688777,中控技术,2025-10-13 09:35:30,58.65,78233,58.65,D
sh688777,中控技术,2025-10-13 09:35:33,58.66,9629,58.65,U
sh688777,中控技术,2025-10-13 09:35:36,58.69,11580,58.66,E
sh688777,中控技术,2025-10-13 09:35:39,58.75,26823,58.69,U
sh688777,中控技术,2025-10-13 09:35:42,58.78,15982,58.75,U
sh688777,中控技术,2025-10-13 09:35:45,58.84,22209,58.78,U
sh688777,中控技术,2025-10-13 09:35:48,58.86,8577,58.84,U
sh688777,中控技术,2025-10-13 09:35:51,58.86,15582,58.86,U
sh688777,中控技术,2025-10-13 09:35:54,58.87,33808,58.86,U
sh688777,中控技术,2025-10-13 09:35:57,58.9,39752,58.87,U
sh688777,中控技术,2025-10-13 09:36:00,58.95,57814,58.9,U
sh688777,中控技术,2025-10-13 09:36:02,58.96,21584,58.95,U
sh688777,中控技术,2025-10-13 09:36:06,58.97,89971,58.96,U
sh688777,中控技术,2025-10-13 09:36:09,58.98,28146,58.97,U
sh688777,中控技术,2025-10-13 09:36:12,58.98,52072,58.98,D
sh688777,中控技术,2025-10-13 09:36:15,59.0,38490,58.98,U
sh688777,中控技术,2025-10-13 09:36:18,59.0,35341,59.0,U
sh688777,中控技术,2025-10-13 09:36:21,59.0,38065,59.0,D
sh688777,中控技术,2025-10-13 09:36:24,59.0,63585,59.0,U
sh688777,中控技术,2025-10-13 09:36:27,59.0,50365,59.0,D
sh688777,中控技术,2025-10-13 09:36:30,58.98,82614,59.0,D
sh688777,中控技术,2025-10-13 09:36:33,58.88,61690,58.98,D
sh688777,中控技术,2025-10-13 09:36:36,58.88,64452,58.88,D
sh688777,中控技术,2025-10-13 09:36:39,58.88,25339,58.88,U
sh688777,中控技术,2025-10-13 09:36:42,59.0,110414,58.88,U
sh688777,中控技术,2025-10-13 09:36:45,58.88,66949,59.0,D
sh688777,中控技术,2025-10-13 09:36:48,59.12,51227,58.88,U
sh688777,中控技术,2025-10-13 09:36:51,59.12,41330,59.12,D
sh688777,中控技术,2025-10-13 09:36:54,59.13,157702,59.12,U
sh688777,中控技术,2025-10-13 09:36:57,59.13,42829,59.13,D
sh688777,中控技术,2025-10-13 09:37:00,59.12,39117,59.13,E
sh688777,中控技术,2025-10-13 09:37:02,59.12,24224,59.12,U
sh688777,中控技术,2025-10-13 09:37:06,59.02,55863,59.12,E
sh688777,中控技术,2025-10-13 09:37:09,59.09,15597,59.02,E
sh688777,中控技术,2025-10-13 09:37:12,59.2,179944,59.09,U
sh688777,中控技术,2025-10-13 09:37:15,59.22,34631,59.2,E
sh688777,中控技术,2025-10-13 09:37:18,59.5,213328,59.22,U
sh688777,中控技术,2025-10-13 09:37:21,59.24,164391,59.5,D
sh688777,中控技术,2025-10-13 09:37:24,58.84,124297,59.24,D
sh688777,中控技术,2025-10-13 09:37:26,59.02,60085,58.84,U
sh688777,中控技术,2025-10-13 09:37:30,59.02,46128,59.02,D
sh688777,中控技术,2025-10-13 09:37:33,58.9,16592,59.02,E
sh688777,中控技术,2025-10-13 09:37:36,59.0,54040,58.9,U
sh688777,中控技术,2025-10-13 09:37:39,58.9,42503,59.0,D
sh688777,中控技术,2025-10-13 09:37:41,58.88,19364,58.9,E
sh688777,中控技术,2025-10-13 09:37:45,58.8,18049,58.88,D
sh688777,中控技术,2025-10-13 09:37:47,58.79,21770,58.8,D
sh688777,中控技术,2025-10-13 09:37:51,58.79,54677,58.79,U
sh688777,中控技术,2025-10-13 09:37:54,58.8,64051,58.79,U
sh688777,中控技术,2025-10-13 09:37:56,58.8,32463,58.8,D
sh688777,中控技术,2025-10-13 09:38:00,58.9,28482,58.8,U
sh688777,中控技术,2025-10-13 09:38:03,58.93,38773,58.9,U
sh688777,中控技术,2025-10-13 09:38:06,58.9,10062,58.93,D
sh688777,中控技术,2025-10-13 09:38:09,58.95,62258,58.9,U
sh688777,中控技术,2025-10-13 09:38:12,58.9,18942,58.95,D
sh688777,中控技术,2025-10-13 09:38:15,58.95,16337,58.9,U
sh688777,中控技术,2025-10-13 09:38:18,58.82,18846,58.95,D
sh688777,中控技术,2025-10-13 09:38:21,58.8,22593,58.82,D
sh688777,中控技术,2025-10-13 09:38:23,58.83,32052,58.8,U
sh688777,中控技术,2025-10-13 09:38:27,58.83,4129,58.83,D
sh688777,中控技术,2025-10-13 09:38:30,58.83,11170,58.83,D
sh688777,中控技术,2025-10-13 09:38:33,58.82,38268,58.83,D
sh688777,中控技术,2025-10-13 09:38:35,58.82,48430,58.82,D
sh688777,中控技术,2025-10-13 09:38:38,58.83,27205,58.82,U
sh688777,中控技术,2025-10-13 09:38:42,58.77,24626,58.83,D
sh688777,中控技术,2025-10-13 09:38:45,58.81,6179,58.77,E
sh688777,中控技术,2025-10-13 09:38:48,58.75,32354,58.81,D
sh688777,中控技术,2025-10-13 09:38:51,58.72,16037,58.75,D
sh688777,中控技术,2025-10-13 09:38:54,58.76,30650,58.72,U
sh688777,中控技术,2025-10-13 09:38:57,58.82,53573,58.76,U
sh688777,中控技术,2025-10-13 09:39:00,58.8,30046,58.82,E
sh688777,中控技术,2025-10-13 09:39:03,58.76,41007,58.8,D
sh688777,中控技术,2025-10-13 09:39:06,58.8,16653,58.76,E
sh688777,中控技术,2025-10-13 09:39:09,58.8,20914,58.8,U
sh688777,中控技术,2025-10-13 09:39:12,58.7,20840,58.8,D
sh688777,中控技术,2025-10-13 09:39:15,58.7,5780,58.7,D
sh688777,中控技术,2025-10-13 09:39:18,58.69,14988,58.7,D
sh688777,中控技术,2025-10-13 09:39:21,58.7,50983,58.69,U
sh688777,中控技术,2025-10-13 09:39:24,58.58,15279,58.7,D
sh688777,中控技术,2025-10-13 09:39:26,58.56,34273,58.58,D
sh688777,中控技术,2025-10-13 09:39:30,58.38,35419,58.56,D
sh688777,中控技术,2025-10-13 09:39:32,58.32,11841,58.38,D
sh688777,中控技术,2025-10-13 09:39:36,58.24,27139,58.32,D
sh688777,中控技术,2025-10-13 09:39:39,58.18,36033,58.24,D
sh688777,中控技术,2025-10-13 09:39:41,58.11,9922,58.18,D
sh688777,中控技术,2025-10-13 09:39:45,58.12,29130,58.11,U
sh688777,中控技术,2025-10-13 09:39:48,58.09,18733,58.12,D
sh688777,中控技术,2025-10-13 09:39:51,58.07,21229,58.09,E
sh688777,中控技术,2025-10-13 09:39:54,58.2,71245,58.07,U
sh688777,中控技术,2025-10-13 09:39:57,58.25,51450,58.2,U
sh688777,中控技术,2025-10-13 09:40:00,58.25,10795,58.25,E
sh688777,中控技术,2025-10-13 09:40:03,58.27,11823,58.25,D
sh688777,中控技术,2025-10-13 09:40:06,58.38,28263,58.27,U
sh688777,中控技术,2025-10-13 09:40:09,58.4,13895,58.38,U
sh688777,中控技术,2025-10-13 09:40:12,58.38,15504,58.4,D
sh688777,中控技术,2025-10-13 09:40:15,58.38,21569,58.38,U
sh688777,中控技术,2025-10-13 09:40:18,58.32,20577,58.38,E
sh688777,中控技术,2025-10-13 09:40:21,58.43,17183,58.32,U
sh688777,中控技术,2025-10-13 09:40:24,58.49,12202,58.43,U
sh688777,中控技术,2025-10-13 09:40:27,58.54,7403,58.49,U
sh688777,中控技术,2025-10-13 09:40:30,58.64,40083,58.54,U
sh688777,中控技术,2025-10-13 09:40:33,58.59,5129,58.64,E
sh688777,中控技术,2025-10-13 09:40:35,58.56,37618,58.59,D
sh688777,中控技术,2025-10-13 09:40:39,58.59,25527,58.56,U
sh688777,中控技术,2025-10-13 09:40:42,58.56,20742,58.59,D
sh688777,中控技术,2025-10-13 09:40:45,58.55,47994,58.56,D
sh688777,中控技术,2025-10-13 09:40:48,58.56,21747,58.55,U
sh688777,中控技术,2025-10-13 09:40:51,58.5,7530,58.56,D
sh688777,中控技术,2025-10-13 09:40:54,58.57,45619,58.5,U
sh688777,中控技术,2025-10-13 09:40:57,58.57,11067,58.57,D
sh688777,中控技术,2025-10-13 09:41:00,58.55,67845,58.57,D
sh688777,中控技术,2025-10-13 09:41:03,58.38,29872,58.55,D
sh688777,中控技术,2025-10-13 09:41:06,58.48,16384,58.38,U
sh688777,中控技术,2025-10-13 09:41:09,58.56,62256,58.48,U
sh688777,中控技术,2025-10-13 09:41:12,58.5,41060,58.56,D
sh688777,中控技术,2025-10-13 09:41:15,58.5,6560,58.5,D
sh688777,中控技术,2025-10-13 09:41:18,58.54,20045,58.5,U
sh688777,中控技术,2025-10-13 09:41:21,58.45,17246,58.54,E
sh688777,中控技术,2025-10-13 09:41:24,58.49,5650,58.45,U
sh688777,中控技术,2025-10-13 09:41:27,58.5,10861,58.49,U
sh688777,中控技术,2025-10-13 09:41:30,58.45,4400,58.5,D
sh688777,中控技术,2025-10-13 09:41:33,58.42,20210,58.45,D
sh688777,中控技术,2025-10-13 09:41:36,58.46,88999,58.42,E
sh688777,中控技术,2025-10-13 09:41:39,58.47,16043,58.46,E
sh688777,中控技术,2025-10-13 09:41:42,58.53,5781,58.47,U
sh688777,中控技术,2025-10-13 09:41:45,58.57,28924,58.53,U
sh688777,中控技术,2025-10-13 09:41:48,58.66,29294,58.57,U
sh688777,中控技术,2025-10-13 09:41:50,58.66,69547,58.66,D
sh688777,中控技术,2025-10-13 09:41:54,58.7,4111,58.66,U
sh688777,中控技术,2025-10-13 09:41:57,58.87,49407,58.7,U
sh688777,中控技术,2025-10-13 09:42:00,58.93,13167,58.87,U
sh688777,中控技术,2025-10-13 09:42:03,58.95,13661,58.93,U
sh688777,中控技术,2025-10-13 09:42:06,59.0,87415,58.95,U
sh688777,中控技术,2025-10-13 09:42:09,58.97,20384,59.0,D
sh688777,中控技术,2025-10-13 09:42:12,59.2,111127,58.97,U
sh688777,中控技术,2025-10-13 09:42:15,59.34,6934,59.2,U
sh688777,中控技术,2025-10-13 09:42:18,59.21,10591,59.34,E
sh688777,中控技术,2025-10-13 09:42:21,59.21,27776,59.21,U
sh688777,中控技术,2025-10-13 09:42:24,59.28,15007,59.21,U
sh688777,中控技术,2025-10-13 09:42:27,59.21,22191,59.28,D
sh688777,中控技术,2025-10-13 09:42:30,59.2,54295,59.21,D
sh688777,中控技术,2025-10-13 09:42:33,59.2,21047,59.2,U
sh688777,中控技术,2025-10-13 09:42:36,59.2,20484,59.2,U
sh688777,中控技术,2025-10-13 09:42:39,59.2,13205,59.2,U
sh688777,中控技术,2025-10-13 09:42:42,59.19,46191,59.2,E
sh688777,中控技术,2025-10-13 09:42:45,59.2,34316,59.19,U
sh688777,中控技术,2025-10-13 09:42:48,59.15,21986,59.2,E
sh688777,中控技术,2025-10-13 09:42:51,59.12,23003,59.15,D
sh688777,中控技术,2025-10-13 09:42:54,59.2,44321,59.12,U
sh688777,中控技术,2025-10-13 09:42:57,59.2,24613,59.2,D
sh688777,中控技术,2025-10-13 09:43:00,59.24,30604,59.2,U
sh688777,中控技术,2025-10-13 09:43:03,59.2,53560,59.24,D
sh688777,中控技术,2025-10-13 09:43:06,59.2,25450,59.2,U
sh688777,中控技术,2025-10-13 09:43:09,59.12,17457,59.2,D
sh688777,中控技术,2025-10-13 09:43:12,59.15,20272,59.12,U
sh688777,中控技术,2025-10-13 09:43:15,59.2,13804,59.15,U
sh688777,中控技术,2025-10-13 09:43:18,59.2,19863,59.2,U
sh688777,中控技术,2025-10-13 09:43:21,59.24,61147,59.2,U
sh688777,中控技术,2025-10-13 09:43:24,59.2,63655,59.24,D
sh688777,中控技术,2025-10-13 09:43:27,59.3,23890,59.2,U
sh688777,中控技术,2025-10-13 09:43:30,59.24,25506,59.3,E
sh688777,中控技术,2025-10-13 09:43:33,59.3,13714,59.24,U
sh688777,中控技术,2025-10-13 09:43:36,59.27,36232,59.3,E
sh688777,中控技术,2025-10-13 09:43:39,59.2,74675,59.27,D
sh688777,中控技术,2025-10-13 09:43:42,59.22,9921,59.2,U
sh688777,中控技术,2025-10-13 09:43:45,59.24,35430,59.22,U
sh688777,中控技术,2025-10-13 09:43:48,59.22,10113,59.24,D
sh688777,中控技术,2025-10-13 09:43:51,59.2,28895,59.22,D
sh688777,中控技术,2025-10-13 09:43:54,59.21,8860,59.2,U
sh688777,中控技术,2025-10-13 09:43:57,59.25,14926,59.21,U
sh688777,中控技术,2025-10-13 09:43:59,59.21,49061,59.25,D
sh688777,中控技术,2025-10-13 09:44:03,59.26,31523,59.21,U
sh688777,中控技术,2025-10-13 09:44:06,59.25,22533,59.26,D
sh688777,中控技术,2025-10-13 09:44:09,59.3,33872,59.25,U
sh688777,中控技术,2025-10-13 09:44:12,59.3,20306,59.3,U
sh688777,中控技术,2025-10-13 09:44:15,59.4,79650,59.3,U
sh688777,中控技术,2025-10-13 09:44:18,59.28,133136,59.4,D
sh688777,中控技术,2025-10-13 09:44:21,59.4,28925,59.28,U
sh688777,中控技术,2025-10-13 09:44:24,59.48,61769,59.4,U
sh688777,中控技术,2025-10-13 09:44:27,59.29,39558,59.48,D
sh688777,中控技术,2025-10-13 09:44:30,59.29,15227,59.29,U
sh688777,中控技术,2025-10-13 09:44:33,59.25,22324,59.29,D
sh688777,中控技术,2025-10-13 09:44:36,59.29,41315,59.25,U
sh688777,中控技术,2025-10-13 09:44:39,59.39,20014,59.29,U
sh688777,中控技术,2025-10-13 09:44:42,59.3,10941,59.39,E
sh688777,中控技术,2025-10-13 09:44:44,59.3,18846,59.3,U
sh688777,中控技术,2025-10-13 09:44:47,59.32,39819,59.3,U
sh688777,中控技术,2025-10-13 09:44:51,59.34,29093,59.32,U
sh688777,中控技术,2025-10-13 09:44:54,59.38,7582,59.34,U
sh688777,中控技术,2025-10-13 09:44:57,59.36,45491,59.38,D
sh688777,中控技术,2025-10-13 09:45:00,59.32,53788,59.36,D
sh688777,中控技术,2025-10-13 09:45:03,59.29,35335,59.32,D
sh688777,中控技术,2025-10-13 09:45:06,59.3,15946,59.29,E
sh688777,中控技术,2025-10-13 09:45:09,59.26,17970,59.3,D
sh688777,中控技术,2025-10-13 09:45:12,59.26,27820,59.26,U
sh688777,中控技术,2025-10-13 09:45:15,59.2,12060,59.26,D
sh688777,中控技术,2025-10-13 09:45:18,59.18,35903,59.2,D
sh688777,中控技术,2025-10-13 09:45:21,59.2,18822,59.18,U
sh688777,中控技术,2025-10-13 09:45:27,59.19,9370,59.16,U
sh688777,中控技术,2025-10-13 09:45:29,59.16,11523,59.19,D
sh688777,中控技术,2025-10-13 09:45:33,59.1,60478,59.16,D
sh688777,中控技术,2025-10-13 09:45:36,59.2,62893,59.1,U
sh688777,中控技术,2025-10-13 09:45:39,59.18,69866,59.2,D
sh688777,中控技术,2025-10-13 09:45:42,59.17,13123,59.18,D
sh688777,中控技术,2025-10-13 09:45:45,59.17,31571,59.17,D
sh688777,中控技术,2025-10-13 09:45:47,59.17,34395,59.17,U
sh688777,中控技术,2025-10-13 09:45:51,59.17,47561,59.17,U
sh688777,中控技术,2025-10-13 09:45:54,59.13,58885,59.17,E
sh688777,中控技术,2025-10-13 09:45:57,59.14,20160,59.13,D
sh688777,中控技术,2025-10-13 09:46:00,59.01,15226,59.14,D
sh688777,中控技术,2025-10-13 09:46:03,59.11,7335,59.01,E
sh688777,中控技术,2025-10-13 09:46:06,59.17,6777,59.11,U
sh688777,中控技术,2025-10-13 09:46:09,59.13,30739,59.17,D
sh688777,中控技术,2025-10-13 09:46:12,59.17,51799,59.13,U
sh688777,中控技术,2025-10-13 09:46:15,59.19,14681,59.17,U
sh688777,中控技术,2025-10-13 09:46:18,59.3,177128,59.19,U
sh688777,中控技术,2025-10-13 09:46:21,59.33,26524,59.3,U
sh688777,中控技术,2025-10-13 09:46:24,59.33,35352,59.33,D
sh688777,中控技术,2025-10-13 09:46:26,59.36,34566,59.33,E
sh688777,中控技术,2025-10-13 09:46:30,59.36,29906,59.36,U
sh688777,中控技术,2025-10-13 09:46:33,59.33,26623,59.36,D
sh688777,中控技术,2025-10-13 09:46:36,59.37,61356,59.33,U
sh688777,中控技术,2025-10-13 09:46:39,59.45,11748,59.37,U
sh688777,中控技术,2025-10-13 09:46:42,59.36,25088,59.45,D
sh688777,中控技术,2025-10-13 09:46:45,59.49,17140,59.36,U
sh688777,中控技术,2025-10-13 09:46:47,59.36,84875,59.49,D
sh688777,中控技术,2025-10-13 09:46:51,59.47,79754,59.36,U
sh688777,中控技术,2025-10-13 09:46:54,59.5,88548,59.47,U
sh688777,中控技术,2025-10-13 09:46:57,59.5,53992,59.5,U
sh688777,中控技术,2025-10-13 09:47:00,59.57,30708,59.5,U
sh688777,中控技术,2025-10-13 09:47:03,59.65,87536,59.57,U
sh688777,中控技术,2025-10-13 09:47:06,59.73,99554,59.65,U
sh688777,中控技术,2025-10-13 09:47:09,59.78,28641,59.73,U
sh688777,中控技术,2025-10-13 09:47:12,59.8,67572,59.78,U
sh688777,中控技术,2025-10-13 09:47:15,59.94,213380,59.8,U
sh688777,中控技术,2025-10-13 09:47:18,59.92,48629,59.94,D
sh688777,中控技术,2025-10-13 09:47:21,60.0,136540,59.92,U
sh688777,中控技术,2025-10-13 09:47:24,60.04,76930,60.0,U
sh688777,中控技术,2025-10-13 09:47:27,60.0,22527,60.04,E
sh688777,中控技术,2025-10-13 09:47:30,60.1,47471,60.0,U
sh688777,中控技术,2025-10-13 09:47:33,60.17,33120,60.1,U
sh688777,中控技术,2025-10-13 09:47:35,60.11,41352,60.17,D
sh688777,中控技术,2025-10-13 09:47:39,60.23,28188,60.11,U
sh688777,中控技术,2025-10-13 09:47:42,60.28,44450,60.23,U
sh688777,中控技术,2025-10-13 09:47:45,60.35,25324,60.28,U
sh688777,中控技术,2025-10-13 09:47:48,60.37,38603,60.35,U
sh688777,中控技术,2025-10-13 09:47:51,60.37,127037,60.37,U
sh688777,中控技术,2025-10-13 09:47:54,60.4,72552,60.37,E
sh688777,中控技术,2025-10-13 09:47:56,60.52,117743,60.4,U
sh688777,中控技术,2025-10-13 09:48:00,60.51,25808,60.52,D
sh688777,中控技术,2025-10-13 09:48:03,60.58,58457,60.51,U
sh688777,中控技术,2025-10-13 09:48:06,60.59,52134,60.58,U
sh688777,中控技术,2025-10-13 09:48:09,60.47,169452,60.59,D
sh688777,中控技术,2025-10-13 09:48:12,60.49,66095,60.47,U
sh688777,中控技术,2025-10-13 09:48:15,60.3,93195,60.49,D
sh688777,中控技术,2025-10-13 09:48:18,60.31,72714,60.3,E
sh688777,中控技术,2025-10-13 09:48:21,60.17,45754,60.31,D
sh688777,中控技术,2025-10-13 09:48:24,60.29,38724,60.17,U
sh688777,中控技术,2025-10-13 09:48:27,60.17,45534,60.29,D
sh688777,中控技术,2025-10-13 09:48:30,60.26,24020,60.17,U
sh688777,中控技术,2025-10-13 09:48:32,60.23,31177,60.26,E
sh688777,中控技术,2025-10-13 09:48:35,60.2,57279,60.23,D
sh688777,中控技术,2025-10-13 09:48:39,60.23,40197,60.2,U
sh688777,中控技术,2025-10-13 09:48:42,60.23,31943,60.23,U
sh688777,中控技术,2025-10-13 09:48:45,60.23,32701,60.23,U
sh688777,中控技术,2025-10-13 09:48:48,60.2,40379,60.23,D
sh688777,中控技术,2025-10-13 09:48:51,60.2,22169,60.2,U
sh688777,中控技术,2025-10-13 09:48:54,60.22,23570,60.2,U
sh688777,中控技术,2025-10-13 09:48:57,60.22,17679,60.22,D
sh688777,中控技术,2025-10-13 09:49:00,60.23,8722,60.22,U
sh688777,中控技术,2025-10-13 09:49:03,60.2,21208,60.23,D
sh688777,中控技术,2025-10-13 09:49:06,60.2,41750,60.2,D
sh688777,中控技术,2025-10-13 09:49:08,60.15,57806,60.2,D
sh688777,中控技术,2025-10-13 09:49:12,60.09,52874,60.15,D
sh688777,中控技术,2025-10-13 09:49:15,60.0,37731,60.09,D
sh688777,中控技术,2025-10-13 09:49:18,60.05,58029,60.0,U
sh688777,中控技术,2025-10-13 09:49:21,60.01,4201,60.05,D
sh688777,中控技术,2025-10-13 09:49:24,59.99,32776,60.01,D
sh688777,中控技术,2025-10-13 09:49:27,59.95,9560,59.99,D
sh688777,中控技术,2025-10-13 09:49:30,59.95,18925,59.95,U
sh688777,中控技术,2025-10-13 09:49:33,59.95,15647,59.95,D
sh688777,中控技术,2025-10-13 09:49:36,60.0,56216,59.95,U
sh688777,中控技术,2025-10-13 09:49:39,59.95,34847,60.0,D
sh688777,中控技术,2025-10-13 09:49:42,60.0,30468,59.95,E
sh688777,中控技术,2025-10-13 09:49:45,59.85,46455,60.0,D
sh688777,中控技术,2025-10-13 09:49:48,60.02,46731,59.85,U
sh688777,中控技术,2025-10-13 09:49:51,60.05,18194,60.02,U
sh688777,中控技术,2025-10-13 09:49:54,59.99,78145,60.05,U
sh688777,中控技术,2025-10-13 09:49:57,60.0,26436,59.99,U
sh688777,中控技术,2025-10-13 09:50:00,59.98,69775,60.0,D
sh688777,中控技术,2025-10-13 09:50:03,60.07,8910,59.98,U
sh688777,中控技术,2025-10-13 09:50:06,60.05,11771,60.07,E
sh688777,中控技术,2025-10-13 09:50:09,60.05,64720,60.05,U
sh688777,中控技术,2025-10-13 09:50:12,59.92,25249,60.05,D
sh688777,中控技术,2025-10-13 09:50:15,59.83,41817,59.92,D
sh688777,中控技术,2025-10-13 09:50:17,59.87,43832,59.83,E
sh688777,中控技术,2025-10-13 09:50:21,59.96,28434,59.87,U
sh688777,中控技术,2025-10-13 09:50:27,59.95,13280,59.96,D
sh688777,中控技术,2025-10-13 09:50:30,59.96,21479,59.95,U
sh688777,中控技术,2025-10-13 09:50:33,59.94,18376,59.96,E
sh688777,中控技术,2025-10-13 09:50:36,59.94,20221,59.94,D
sh688777,中控技术,2025-10-13 09:50:42,60.0,22520,59.87,U
sh688777,中控技术,2025-10-13 09:50:45,59.94,17782,60.0,E
sh688777,中控技术,2025-10-13 09:50:48,60.0,68955,59.94,U
sh688777,中控技术,2025-10-13 09:50:51,60.06,41118,60.0,U
sh688777,中控技术,2025-10-13 09:50:54,60.08,12637,60.06,U
sh688777,中控技术,2025-10-13 09:50:57,60.08,80970,60.08,U
sh688777,中控技术,2025-10-13 09:50:59,60.09,38956,60.08,U
sh688777,中控技术,2025-10-13 09:51:03,60.09,15747,60.09,U
sh688777,中控技术,2025-10-13 09:51:06,60.1,7971,60.09,U
sh688777,中控技术,2025-10-13 09:51:09,60.0,87262,60.1,D
sh688777,中控技术,2025-10-13 09:51:12,60.07,53724,60.0,U
sh688777,中控技术,2025-10-13 09:51:15,60.0,35682,60.07,E
sh688777,中控技术,2025-10-13 09:51:18,59.9,42013,60.0,D
sh688777,中控技术,2025-10-13 09:51:21,60.0,28628,59.9,U
sh688777,中控技术,2025-10-13 09:51:24,60.02,17946,60.0,U
sh688777,中控技术,2025-10-13 09:51:27,60.0,14067,60.02,D
sh688777,中控技术,2025-10-13 09:51:30,60.0,33464,60.0,D
sh688777,中控技术,2025-10-13 09:51:33,59.99,14414,60.0,D
sh688777,中控技术,2025-10-13 09:51:36,59.98,14293,59.99,E
sh688777,中控技术,2025-10-13 09:51:39,59.9,15826,59.98,D
sh688777,中控技术,2025-10-13 09:51:42,59.9,23349,59.9,D
sh688777,中控技术,2025-10-13 09:51:45,59.89,18136,59.9,D
sh688777,中控技术,2025-10-13 09:51:48,59.88,54806,59.89,D
sh688777,中控技术,2025-10-13 09:51:51,59.88,10014,59.88,D
sh688777,中控技术,2025-10-13 09:51:54,59.84,10812,59.88,D
sh688777,中控技术,2025-10-13 09:51:57,59.88,17430,59.84,U
sh688777,中控技术,2025-10-13 09:52:00,59.84,26152,59.88,D
sh688777,中控技术,2025-10-13 09:52:03,59.87,31580,59.84,U
sh688777,中控技术,2025-10-13 09:52:05,59.86,14054,59.87,D
sh688777,中控技术,2025-10-13 09:52:09,59.87,12038,59.86,E
sh688777,中控技术,2025-10-13 09:52:12,60.01,35660,59.87,U
sh688777,中控技术,2025-10-13 09:52:15,59.89,7672,60.01,D
sh688777,中控技术,2025-10-13 09:52:21,59.96,9152,60.0,D
sh688777,中控技术,2025-10-13 09:52:24,59.89,53405,59.96,D
sh688777,中控技术,2025-10-13 09:52:27,59.95,7647,59.89,U
sh688777,中控技术,2025-10-13 09:52:33,59.92,4396,59.88,E
sh688777,中控技术,2025-10-13 09:52:36,59.96,6763,59.92,E
sh688777,中控技术,2025-10-13 09:52:39,60.0,22638,59.96,U
sh688777,中控技术,2025-10-13 09:52:42,60.01,10400,60.0,U
sh688777,中控技术,2025-10-13 09:52:45,60.01,6459,60.01,U
sh688777,中控技术,2025-10-13 09:52:48,60.0,25145,60.01,D
sh688777,中控技术,2025-10-13 09:52:51,60.0,16159,60.0,D
sh688777,中控技术,2025-10-13 09:52:54,60.01,26512,60.0,U
sh688777,中控技术,2025-10-13 09:52:57,60.01,18636,60.01,D
sh688777,中控技术,2025-10-13 09:53:00,60.01,4543,60.01,D
sh688777,中控技术,2025-10-13 09:53:03,60.01,52429,60.01,D
sh688777,中控技术,2025-10-13 09:53:06,60.0,24233,60.01,D
sh688777,中控技术,2025-10-13 09:53:09,59.99,18282,60.0,D
sh688777,中控技术,2025-10-13 09:53:12,59.95,69005,59.99,D
sh688777,中控技术,2025-10-13 09:53:15,59.81,85886,59.95,D
sh688777,中控技术,2025-10-13 09:53:17,59.9,102484,59.81,U
sh688777,中控技术,2025-10-13 09:53:24,59.73,35590,59.88,D
sh688777,中控技术,2025-10-13 09:53:30,59.76,51728,59.7,U
sh688777,中控技术,2025-10-13 09:53:33,59.8,17505,59.76,U
sh688777,中控技术,2025-10-13 09:53:36,59.75,19808,59.8,D
sh688777,中控技术,2025-10-13 09:53:39,59.7,20108,59.75,D
sh688777,中控技术,2025-10-13 09:53:42,59.67,6160,59.7,D
sh688777,中控技术,2025-10-13 09:53:45,59.67,26746,59.67,D
sh688777,中控技术,2025-10-13 09:53:48,59.67,20231,59.67,D
sh688777,中控技术,2025-10-13 09:53:51,59.58,16758,59.67,D
sh688777,中控技术,2025-10-13 09:53:57,59.58,6446,59.55,U
sh688777,中控技术,2025-10-13 09:54:00,59.58,20069,59.58,D
sh688777,中控技术,2025-10-13 09:54:06,59.51,19333,59.57,D
sh688777,中控技术,2025-10-13 09:54:09,59.53,9978,59.51,E
sh688777,中控技术,2025-10-13 09:54:12,59.47,21752,59.53,D
sh688777,中控技术,2025-10-13 09:54:15,59.5,49869,59.47,U
sh688777,中控技术,2025-10-13 09:54:18,59.53,11747,59.5,U
sh688777,中控技术,2025-10-13 09:54:21,59.51,37182,59.53,D
sh688777,中控技术,2025-10-13 09:54:24,59.43,28603,59.51,D
sh688777,中控技术,2025-10-13 09:54:27,59.44,21436,59.43,U
sh688777,中控技术,2025-10-13 09:54:33,59.44,14232,59.44,D
sh688777,中控技术,2025-10-13 09:54:35,59.43,12795,59.44,D
sh688777,中控技术,2025-10-13 09:54:38,59.43,5667,59.43,U
sh688777,中控技术,2025-10-13 09:54:42,59.4,9328,59.43,D
sh688777,中控技术,2025-10-13 09:54:45,59.4,7290,59.4,U
sh688777,中控技术,2025-10-13 09:54:48,59.33,7435,59.4,D
sh688777,中控技术,2025-10-13 09:54:51,59.36,27485,59.33,U
sh688777,中控技术,2025-10-13 09:54:54,59.36,15182,59.36,U
sh688777,中控技术,2025-10-13 09:54:57,59.33,15230,59.36,D
sh688777,中控技术,2025-10-13 09:55:00,59.3,33383,59.33,D
sh688777,中控技术,2025-10-13 09:55:03,59.33,15494,59.3,D
sh688777,中控技术,2025-10-13 09:55:06,59.35,11895,59.33,U
sh688777,中控技术,2025-10-13 09:55:09,59.35,8908,59.35,D
sh688777,中控技术,2025-10-13 09:55:12,59.35,11976,59.35,D
sh688777,中控技术,2025-10-13 09:55:15,59.35,12244,59.35,D
sh688777,中控技术,2025-10-13 09:55:18,59.35,5029,59.35,U
sh688777,中控技术,2025-10-13 09:55:21,59.31,31406,59.35,D
sh688777,中控技术,2025-10-13 09:55:24,59.3,28501,59.31,D
sh688777,中控技术,2025-10-13 09:55:27,59.34,10263,59.3,U
sh688777,中控技术,2025-10-13 09:55:30,59.34,6385,59.34,D
sh688777,中控技术,2025-10-13 09:55:33,59.34,14741,59.34,U
sh688777,中控技术,2025-10-13 09:55:36,59.37,8811,59.34,U
sh688777,中控技术,2025-10-13 09:55:39,59.34,5582,59.37,E
sh688777,中控技术,2025-10-13 09:55:42,59.35,12933,59.34,U
sh688777,中控技术,2025-10-13 09:55:45,59.37,7168,59.35,U
sh688777,中控技术,2025-10-13 09:55:48,59.35,5750,59.37,D
sh688777,中控技术,2025-10-13 09:55:51,59.38,8920,59.35,U
sh688777,中控技术,2025-10-13 09:55:53,59.36,24966,59.38,D
sh688777,中控技术,2025-10-13 09:55:56,59.4,9318,59.36,U
sh688777,中控技术,2025-10-13 09:56:00,59.39,6163,59.4,E
sh688777,中控技术,2025-10-13 09:56:03,59.34,35896,59.39,D
sh688777,中控技术,2025-10-13 09:56:06,59.3,47890,59.34,D
sh688777,中控技术,2025-10-13 09:56:09,59.2,17571,59.3,D
sh688777,中控技术,2025-10-13 09:56:12,59.18,6812,59.2,D
sh688777,中控技术,2025-10-13 09:56:15,59.03,73360,59.18,D
sh688777,中控技术,2025-10-13 09:56:18,59.0,41325,59.03,D
sh688777,中控技术,2025-10-13 09:56:20,58.95,14906,59.0,D
sh688777,中控技术,2025-10-13 09:56:27,58.94,29337,58.97,E
sh688777,中控技术,2025-10-13 09:56:30,58.91,11686,58.94,D
sh688777,中控技术,2025-10-13 09:56:33,58.94,21870,58.91,U
sh688777,中控技术,2025-10-13 09:56:36,58.91,9374,58.94,D
sh688777,中控技术,2025-10-13 09:56:39,58.9,23113,58.91,D
sh688777,中控技术,2025-10-13 09:56:42,58.83,17302,58.9,D
sh688777,中控技术,2025-10-13 09:56:45,58.85,30592,58.83,E
sh688777,中控技术,2025-10-13 09:56:48,58.85,7198,58.85,U
sh688777,中控技术,2025-10-13 09:56:51,58.85,9661,58.85,U
sh688777,中控技术,2025-10-13 09:56:54,58.84,11599,58.85,D
sh688777,中控技术,2025-10-13 09:56:57,58.9,7069,58.84,U
sh688777,中控技术,2025-10-13 09:57:00,58.89,8813,58.9,D
sh688777,中控技术,2025-10-13 09:57:03,58.9,52962,58.89,U
sh688777,中控技术,2025-10-13 09:57:06,58.89,56866,58.9,D
sh688777,中控技术,2025-10-13 09:57:09,58.89,7009,58.89,U
sh688777,中控技术,2025-10-13 09:57:12,58.87,20169,58.89,D
sh688777,中控技术,2025-10-13 09:57:15,58.91,30815,58.87,U
sh688777,中控技术,2025-10-13 09:57:17,58.98,9761,58.91,U
sh688777,中控技术,2025-10-13 09:57:21,58.94,14573,58.98,E
sh688777,中控技术,2025-10-13 09:57:24,58.93,25375,58.94,E
sh688777,中控技术,2025-10-13 09:57:27,58.97,15408,58.93,U
sh688777,中控技术,2025-10-13 09:57:30,58.9,39363,58.97,D
sh688777,中控技术,2025-10-13 09:57:33,58.91,8286,58.9,U
sh688777,中控技术,2025-10-13 09:57:36,58.93,80245,58.91,U
sh688777,中控技术,2025-10-13 09:57:39,58.9,60354,58.93,D
sh688777,中控技术,2025-10-13 09:57:42,58.93,14853,58.9,U
sh688777,中控技术,2025-10-13 09:57:45,58.92,18834,58.93,U
sh688777,中控技术,2025-10-13 09:57:48,58.9,58576,58.92,D
sh688777,中控技术,2025-10-13 09:57:51,58.84,14668,58.9,D
sh688777,中控技术,2025-10-13 09:57:54,58.82,6898,58.84,D
sh688777,中控技术,2025-10-13 09:57:57,58.8,28960,58.82,D
sh688777,中控技术,2025-10-13 09:58:00,58.79,11953,58.8,E
sh688777,中控技术,2025-10-13 09:58:03,58.77,6433,58.79,D
sh688777,中控技术,2025-10-13 09:58:05,58.77,5661,58.77,D
sh688777,中控技术,2025-10-13 09:58:09,58.8,60411,58.77,U
sh688777,中控技术,2025-10-13 09:58:12,58.74,22835,58.8,D
sh688777,中控技术,2025-10-13 09:58:15,58.74,5099,58.74,U
sh688777,中控技术,2025-10-13 09:58:18,58.72,10186,58.74,D
sh688777,中控技术,2025-10-13 09:58:21,58.69,9047,58.72,D
sh688777,中控技术,2025-10-13 09:58:23,58.72,6792,58.69,E
sh688777,中控技术,2025-10-13 09:58:27,58.69,15542,58.72,D
sh688777,中控技术,2025-10-13 09:58:30,58.7,15012,58.69,U
sh688777,中控技术,2025-10-13 09:58:33,58.72,7050,58.7,U
sh688777,中控技术,2025-10-13 09:58:36,58.75,40820,58.72,U
sh688777,中控技术,2025-10-13 09:58:39,58.67,19026,58.75,D
sh688777,中控技术,2025-10-13 09:58:42,58.74,3545,58.67,U
sh688777,中控技术,2025-10-13 09:58:45,58.75,4174,58.74,U
sh688777,中控技术,2025-10-13 09:58:51,58.75,9531,58.76,E
sh688777,中控技术,2025-10-13 09:58:54,58.75,4345,58.75,U
sh688777,中控技术,2025-10-13 09:58:57,58.74,9978,58.75,D
sh688777,中控技术,2025-10-13 09:59:00,58.68,15074,58.74,D
sh688777,中控技术,2025-10-13 09:59:03,58.7,31809,58.68,U
sh688777,中控技术,2025-10-13 09:59:05,58.58,74751,58.7,D
sh688777,中控技术,2025-10-13 09:59:08,58.56,17552,58.58,D
sh688777,中控技术,2025-10-13 09:59:12,58.68,4320,58.56,E
sh688777,中控技术,2025-10-13 09:59:15,58.56,25042,58.68,D
sh688777,中控技术,2025-10-13 09:59:18,58.66,5066,58.56,E
sh688777,中控技术,2025-10-13 09:59:20,58.61,4615,58.66,D
sh688777,中控技术,2025-10-13 09:59:24,58.66,6429,58.61,E
sh688777,中控技术,2025-10-13 09:59:27,58.61,4100,58.66,D
sh688777,中控技术,2025-10-13 09:59:30,58.66,6836,58.61,U
sh688777,中控技术,2025-10-13 09:59:33,58.61,14060,58.66,D
sh688777,中控技术,2025-10-13 09:59:36,58.69,25055,58.61,U
sh688777,中控技术,2025-10-13 09:59:38,58.69,37660,58.69,U
sh688777,中控技术,2025-10-13 09:59:42,58.71,12798,58.69,U
sh688777,中控技术,2025-10-13 09:59:45,58.7,7113,58.71,E
sh688777,中控技术,2025-10-13 09:59:48,58.58,30434,58.7,D
sh688777,中控技术,2025-10-13 09:59:51,58.7,5368,58.58,U
sh688777,中控技术,2025-10-13 09:59:54,58.59,6713,58.7,D
sh688777,中控技术,2025-10-13 09:59:57,58.65,9186,58.59,E
sh688777,中控技术,2025-10-13 10:00:00,58.57,19076,58.65,D
sh688777,中控技术,2025-10-13 10:00:03,58.57,15405,58.57,D
sh688777,中控技术,2025-10-13 10:00:05,58.58,10325,58.57,D
sh688777,中控技术,2025-10-13 10:00:09,58.59,16717,58.58,U
sh688777,中控技术,2025-10-13 10:00:12,58.54,5260,58.59,D
sh688777,中控技术,2025-10-13 10:00:15,58.67,4194,58.54,U
sh688777,中控技术,2025-10-13 10:00:18,58.65,11892,58.67,E
sh688777,中控技术,2025-10-13 10:00:20,58.61,25321,58.65,E
sh688777,中控技术,2025-10-13 10:00:24,58.67,5100,58.61,U
sh688777,中控技术,2025-10-13 10:00:27,58.61,10354,58.67,D
sh688777,中控技术,2025-10-13 10:00:30,58.66,11371,58.61,U
sh688777,中控技术,2025-10-13 10:00:33,58.67,36962,58.66,U
sh688777,中控技术,2025-10-13 10:00:36,58.67,21140,58.67,D
sh688777,中控技术,2025-10-13 10:00:39,58.71,10644,58.67,U
sh688777,中控技术,2025-10-13 10:00:42,58.68,10615,58.71,D
sh688777,中控技术,2025-10-13 10:00:45,58.71,19963,58.68,U
sh688777,中控技术,2025-10-13 10:00:48,58.74,10135,58.71,U
sh688777,中控技术,2025-10-13 10:00:51,58.76,32513,58.74,U
sh688777,中控技术,2025-10-13 10:00:54,58.68,45931,58.76,D
sh688777,中控技术,2025-10-13 10:00:56,58.61,86341,58.68,D
sh688777,中控技术,2025-10-13 10:00:59,58.65,49848,58.61,E
sh688777,中控技术,2025-10-13 10:01:03,58.69,40721,58.65,U
sh688777,中控技术,2025-10-13 10:01:05,58.73,24091,58.69,U
sh688777,中控技术,2025-10-13 10:01:08,58.73,13085,58.73,U
sh688777,中控技术,2025-10-13 10:01:12,58.7,12550,58.73,D
sh688777,中控技术,2025-10-13 10:01:15,58.76,9043,58.7,U
sh688777,中控技术,2025-10-13 10:01:18,58.76,3751,58.76,U
sh688777,中控技术,2025-10-13 10:01:21,58.76,4165,58.76,D
sh688777,中控技术,2025-10-13 10:01:24,58.79,9536,58.76,U
sh688777,中控技术,2025-10-13 10:01:27,58.78,8731,58.79,D
sh688777,中控技术,2025-10-13 10:01:30,58.79,42088,58.78,E
sh688777,中控技术,2025-10-13 10:01:33,58.87,8081,58.79,U
sh688777,中控技术,2025-10-13 10:01:35,58.87,3566,58.87,U
sh688777,中控技术,2025-10-13 10:01:39,58.97,17422,58.87,U
sh688777,中控技术,2025-10-13 10:01:44,59.01,9549,59.0,U
sh688777,中控技术,2025-10-13 10:01:48,59.03,35323,59.01,U
sh688777,中控技术,2025-10-13 10:01:51,59.04,4416,59.03,E
sh688777,中控技术,2025-10-13 10:01:54,59.03,10664,59.04,D
sh688777,中控技术,2025-10-13 10:01:57,58.99,41433,59.03,D
sh688777,中控技术,2025-10-13 10:01:59,59.02,23967,58.99,U
sh688777,中控技术,2025-10-13 10:02:03,58.93,8488,59.02,D
sh688777,中控技术,2025-10-13 10:02:06,58.81,31682,58.93,D
sh688777,中控技术,2025-10-13 10:02:09,58.88,10870,58.81,U
sh688777,中控技术,2025-10-13 10:02:12,58.87,10371,58.88,U
sh688777,中控技术,2025-10-13 10:02:15,58.84,3570,58.87,E
sh688777,中控技术,2025-10-13 10:02:18,58.77,46879,58.84,D
sh688777,中控技术,2025-10-13 10:02:21,58.7,6762,58.77,E
sh688777,中控技术,2025-10-13 10:02:24,58.65,15264,58.7,D
sh688777,中控技术,2025-10-13 10:02:27,58.9,83557,58.65,U
sh688777,中控技术,2025-10-13 10:02:30,58.85,11229,58.9,D
sh688777,中控技术,2025-10-13 10:02:32,58.85,7117,58.85,U
sh688777,中控技术,2025-10-13 10:02:36,58.71,9704,58.85,D
sh688777,中控技术,2025-10-13 10:02:39,58.72,44190,58.71,U
sh688777,中控技术,2025-10-13 10:02:42,58.71,16490,58.72,D
sh688777,中控技术,2025-10-13 10:02:45,58.72,5472,58.71,U
sh688777,中控技术,2025-10-13 10:02:48,58.66,10770,58.72,D
sh688777,中控技术,2025-10-13 10:02:51,58.71,9093,58.66,U
sh688777,中控技术,2025-10-13 10:02:54,58.7,36803,58.71,D
sh688777,中控技术,2025-10-13 10:02:57,58.58,11883,58.7,E
sh688777,中控技术,2025-10-13 10:03:00,58.51,17671,58.58,D
sh688777,中控技术,2025-10-13 10:03:02,58.59,9962,58.51,U
sh688777,中控技术,2025-10-13 10:03:11,58.66,13660,58.59,U
sh688777,中控技术,2025-10-13 10:03:18,58.66,4117,58.66,D
sh688777,中控技术,2025-10-13 10:03:21,58.67,3577,58.66,E
sh688777,中控技术,2025-10-13 10:03:24,58.67,4919,58.67,U
sh688777,中控技术,2025-10-13 10:03:27,58.65,139573,58.67,D
sh688777,中控技术,2025-10-13 10:03:33,58.64,9107,58.65,U
sh688777,中控技术,2025-10-13 10:03:36,58.56,6623,58.64,D
sh688777,中控技术,2025-10-13 10:03:39,58.64,4462,58.56,U
sh688777,中控技术,2025-10-13 10:03:42,58.65,7067,58.64,U
sh688777,中控技术,2025-10-13 10:03:45,58.6,28930,58.65,D
sh688777,中控技术,2025-10-13 10:03:47,58.6,7578,58.6,D
sh688777,中控技术,2025-10-13 10:03:51,58.53,41009,58.6,D
sh688777,中控技术,2025-10-13 10:03:54,58.59,18878,58.53,E
sh688777,中控技术,2025-10-13 10:03:57,58.51,5527,58.59,D
sh688777,中控技术,2025-10-13 10:04:00,58.53,5373,58.51,U
sh688777,中控技术,2025-10-13 10:04:03,58.5,30193,58.53,D
sh688777,中控技术,2025-10-13 10:04:06,58.5,7947,58.5,U
sh688777,中控技术,2025-10-13 10:04:09,58.49,9450,58.5,E
sh688777,中控技术,2025-10-13 10:04:12,58.5,5540,58.49,U
sh688777,中控技术,2025-10-13 10:04:15,58.47,10250,58.5,D
sh688777,中控技术,2025-10-13 10:04:18,58.44,21671,58.47,D
sh688777,中控技术,2025-10-13 10:04:21,58.42,26698,58.44,D
sh688777,中控技术,2025-10-13 10:04:24,58.46,17924,58.42,U
sh688777,中控技术,2025-10-13 10:04:27,58.46,14139,58.46,D
sh688777,中控技术,2025-10-13 10:04:30,58.46,6544,58.46,D
sh688777,中控技术,2025-10-13 10:04:33,58.46,7061,58.46,D
sh688777,中控技术,2025-10-13 10:04:36,58.46,26049,58.46,D
sh688777,中控技术,2025-10-13 10:04:39,58.47,10953,58.46,U
sh688777,中控技术,2025-10-13 10:04:42,58.49,13284,58.47,U
sh688777,中控技术,2025-10-13 10:04:45,58.53,9812,58.49,U
sh688777,中控技术,2025-10-13 10:04:48,58.55,17889,58.53,U
sh688777,中控技术,2025-10-13 10:04:51,58.61,63720,58.55,U
sh688777,中控技术,2025-10-13 10:04:54,58.78,16384,58.61,U
sh688777,中控技术,2025-10-13 10:04:57,58.78,3876,58.78,D
sh688777,中控技术,2025-10-13 10:05:00,58.69,10920,58.78,D
sh688777,中控技术,2025-10-13 10:05:03,58.74,3980,58.69,U
sh688777,中控技术,2025-10-13 10:05:06,58.7,6931,58.74,U
sh688777,中控技术,2025-10-13 10:05:12,58.9,35269,58.72,U
sh688777,中控技术,2025-10-13 10:05:15,58.89,4723,58.9,U
sh688777,中控技术,2025-10-13 10:05:21,58.87,3414,58.8,E
sh688777,中控技术,2025-10-13 10:05:24,58.85,4744,58.87,E
sh688777,中控技术,2025-10-13 10:05:27,58.84,5400,58.85,E
sh688777,中控技术,2025-10-13 10:05:30,58.87,5067,58.84,U
sh688777,中控技术,2025-10-13 10:05:36,58.83,6018,58.86,D
sh688777,中控技术,2025-10-13 10:05:39,58.87,4529,58.83,U
sh688777,中控技术,2025-10-13 10:05:48,58.86,8983,58.86,D
sh688777,中控技术,2025-10-13 10:05:51,58.86,5061,58.86,U
sh688777,中控技术,2025-10-13 10:05:54,58.86,3754,58.86,U
sh688777,中控技术,2025-10-13 10:06:00,58.87,5617,58.85,U
sh688777,中控技术,2025-10-13 10:06:03,58.87,3942,58.87,D
sh688777,中控技术,2025-10-13 10:06:06,58.87,7700,58.87,U
sh688777,中控技术,2025-10-13 10:06:12,58.86,9870,58.87,D
sh688777,中控技术,2025-10-13 10:06:15,58.85,23827,58.86,D
sh688777,中控技术,2025-10-13 10:06:18,58.85,8450,58.85,D
sh688777,中控技术,2025-10-13 10:06:21,58.85,6038,58.85,D
sh688777,中控技术,2025-10-13 10:06:24,58.84,6754,58.85,D
sh688777,中控技术,2025-10-13 10:06:27,58.86,6153,58.84,U
sh688777,中控技术,2025-10-13 10:06:30,58.87,17229,58.86,U
sh688777,中控技术,2025-10-13 10:06:32,58.85,16009,58.87,D
sh688777,中控技术,2025-10-13 10:06:36,58.87,3862,58.85,U
sh688777,中控技术,2025-10-13 10:06:39,58.85,34679,58.87,D
sh688777,中控技术,2025-10-13 10:06:42,58.78,35980,58.85,D
sh688777,中控技术,2025-10-13 10:06:44,58.75,5338,58.78,D
sh688777,中控技术,2025-10-13 10:06:48,58.72,4376,58.75,D
sh688777,中控技术,2025-10-13 10:06:54,58.7,4588,58.73,D
sh688777,中控技术,2025-10-13 10:06:57,58.73,15684,58.7,E
sh688777,中控技术,2025-10-13 10:07:03,58.9,15636,58.75,U
sh688777,中控技术,2025-10-13 10:07:09,58.73,13040,58.74,D
sh688777,中控技术,2025-10-13 10:07:18,58.75,21490,58.76,D
sh688777,中控技术,2025-10-13 10:07:21,58.76,10602,58.75,D
sh688777,中控技术,2025-10-13 10:07:24,58.86,12566,58.76,U
sh688777,中控技术,2025-10-13 10:07:27,58.78,4303,58.86,E
sh688777,中控技术,2025-10-13 10:07:39,58.85,9990,58.83,U
sh688777,中控技术,2025-10-13 10:07:42,58.85,10063,58.85,U
sh688777,中控技术,2025-10-13 10:07:45,58.86,7530,58.85,U
sh688777,中控技术,2025-10-13 10:07:48,58.86,17024,58.86,U
sh688777,中控技术,2025-10-13 10:07:51,58.86,4245,58.86,U
sh688777,中控技术,2025-10-13 10:07:54,58.86,7925,58.86,U
sh688777,中控技术,2025-10-13 10:07:57,58.9,6276,58.86,U
sh688777,中控技术,2025-10-13 10:08:00,58.9,5812,58.9,U
sh688777,中控技术,2025-10-13 10:08:03,58.85,11949,58.9,D
sh688777,中控技术,2025-10-13 10:08:06,58.85,23771,58.85,D
sh688777,中控技术,2025-10-13 10:08:09,58.85,19718,58.85,U
sh688777,中控技术,2025-10-13 10:08:12,58.85,10408,58.85,U
sh688777,中控技术,2025-10-13 10:08:15,58.87,6063,58.85,U
sh688777,中控技术,2025-10-13 10:08:20,58.75,6208,58.75,D
sh688777,中控技术,2025-10-13 10:08:24,58.7,14419,58.75,D
sh688777,中控技术,2025-10-13 10:08:27,58.7,16919,58.7,D
sh688777,中控技术,2025-10-13 10:08:30,58.68,6189,58.7,D
sh688777,中控技术,2025-10-13 10:08:33,58.61,8642,58.68,D
sh688777,中控技术,2025-10-13 10:08:36,58.6,5522,58.61,D
sh688777,中控技术,2025-10-13 10:08:39,58.63,17559,58.6,U
sh688777,中控技术,2025-10-13 10:08:42,58.62,14076,58.63,D
sh688777,中控技术,2025-10-13 10:08:45,58.62,6553,58.62,D
sh688777,中控技术,2025-10-13 10:08:51,58.62,18819,58.63,D
sh688777,中控技术,2025-10-13 10:08:54,58.62,12132,58.62,U
sh688777,中控技术,2025-10-13 10:08:57,58.63,29836,58.62,U
sh688777,中控技术,2025-10-13 10:09:00,58.6,7233,58.63,U
sh688777,中控技术,2025-10-13 10:09:03,58.54,6401,58.6,E
sh688777,中控技术,2025-10-13 10:09:09,58.44,23433,58.48,D
sh688777,中控技术,2025-10-13 10:09:12,58.48,15539,58.44,D
sh688777,中控技术,2025-10-13 10:09:15,58.48,5488,58.48,D
sh688777,中控技术,2025-10-13 10:09:18,58.41,16930,58.48,D
sh688777,中控技术,2025-10-13 10:09:21,58.38,58260,58.41,D
sh688777,中控技术,2025-10-13 10:09:27,58.35,5033,58.38,D
sh688777,中控技术,2025-10-13 10:09:30,58.34,11641,58.35,D
sh688777,中控技术,2025-10-13 10:09:33,58.36,11334,58.34,U
sh688777,中控技术,2025-10-13 10:09:36,58.38,12865,58.36,U
sh688777,中控技术,2025-10-13 10:09:39,58.39,15915,58.38,U
sh688777,中控技术,2025-10-13 10:09:42,58.4,4300,58.39,D
sh688777,中控技术,2025-10-13 10:09:45,58.39,3800,58.4,D
sh688777,中控技术,2025-10-13 10:09:48,58.39,29806,58.39,D
sh688777,中控技术,2025-10-13 10:09:51,58.38,3748,58.39,D
sh688777,中控技术,2025-10-13 10:09:54,58.38,4500,58.38,U
sh688777,中控技术,2025-10-13 10:09:57,58.4,39963,58.38,U
sh688777,中控技术,2025-10-13 10:10:00,58.39,9934,58.4,D
sh688777,中控技术,2025-10-13 10:10:03,58.39,12075,58.39,D
sh688777,中控技术,2025-10-13 10:10:06,58.39,26267,58.39,D
sh688777,中控技术,2025-10-13 10:10:09,58.4,15437,58.39,E
sh688777,中控技术,2025-10-13 10:10:12,58.4,4549,58.4,D
sh688777,中控技术,2025-10-13 10:10:18,58.4,7182,58.41,D
sh688777,中控技术,2025-10-13 10:10:20,58.4,6952,58.4,D
sh688777,中控技术,2025-10-13 10:10:24,58.4,13166,58.4,U
sh688777,中控技术,2025-10-13 10:10:27,58.4,7757,58.4,D
sh688777,中控技术,2025-10-13 10:10:30,58.48,30600,58.4,U
sh688777,中控技术,2025-10-13 10:10:45,58.43,5996,58.43,D
sh688777,中控技术,2025-10-13 10:10:48,58.43,12892,58.43,D
sh688777,中控技术,2025-10-13 10:10:51,58.43,25012,58.43,D
sh688777,中控技术,2025-10-13 10:11:00,58.43,5451,58.43,D
sh688777,中控技术,2025-10-13 10:11:02,58.45,11051,58.43,E
sh688777,中控技术,2025-10-13 10:11:06,58.43,3800,58.45,D
sh688777,中控技术,2025-10-13 10:11:09,58.47,6807,58.43,U
sh688777,中控技术,2025-10-13 10:11:15,58.46,4127,58.47,D
sh688777,中控技术,2025-10-13 10:11:21,58.41,26828,58.46,D
sh688777,中控技术,2025-10-13 10:11:24,58.35,56213,58.41,D
sh688777,中控技术,2025-10-13 10:11:27,58.34,19374,58.35,D
sh688777,中控技术,2025-10-13 10:11:30,58.32,10469,58.34,U
sh688777,中控技术,2025-10-13 10:11:33,58.29,23070,58.32,D
sh688777,中控技术,2025-10-13 10:11:36,58.29,4262,58.29,U
sh688777,中控技术,2025-10-13 10:11:39,58.3,36623,58.29,U
sh688777,中控技术,2025-10-13 10:11:42,58.3,19613,58.3,D
sh688777,中控技术,2025-10-13 10:11:45,58.3,11242,58.3,D
sh688777,中控技术,2025-10-13 10:11:48,58.28,8181,58.3,D
sh688777,中控技术,2025-10-13 10:11:51,58.26,4939,58.28,D
sh688777,中控技术,2025-10-13 10:11:57,58.28,11451,58.26,U
sh688777,中控技术,2025-10-13 10:12:00,58.23,3580,58.28,E
sh688777,中控技术,2025-10-13 10:12:02,58.2,6539,58.23,D
sh688777,中控技术,2025-10-13 10:12:06,58.2,6140,58.2,D
sh688777,中控技术,2025-10-13 10:12:09,58.2,11950,58.2,D
sh688777,中控技术,2025-10-13 10:12:12,58.15,27167,58.2,D
sh688777,中控技术,2025-10-13 10:12:18,58.11,10688,58.12,D
sh688777,中控技术,2025-10-13 10:12:21,58.1,9697,58.11,D
sh688777,中控技术,2025-10-13 10:12:24,58.1,8686,58.1,U
sh688777,中控技术,2025-10-13 10:12:27,58.08,3822,58.1,D
sh688777,中控技术,2025-10-13 10:12:30,58.02,5954,58.08,D
sh688777,中控技术,2025-10-13 10:12:33,58.02,10033,58.02,D
sh688777,中控技术,2025-10-13 10:12:36,57.96,114395,58.02,D
sh688777,中控技术,2025-10-13 10:12:39,57.97,9154,57.96,U
sh688777,中控技术,2025-10-13 10:12:42,58.02,16566,57.97,U
sh688777,中控技术,2025-10-13 10:12:45,57.98,4886,58.02,D
sh688777,中控技术,2025-10-13 10:12:48,57.98,18510,57.98,D
sh688777,中控技术,2025-10-13 10:12:51,57.98,12692,57.98,D
sh688777,中控技术,2025-10-13 10:12:54,57.98,5760,57.98,U
sh688777,中控技术,2025-10-13 10:12:57,57.97,23978,57.98,D
sh688777,中控技术,2025-10-13 10:13:00,57.9,16921,57.97,D
sh688777,中控技术,2025-10-13 10:13:03,57.88,5215,57.9,D
sh688777,中控技术,2025-10-13 10:13:06,57.88,9175,57.88,D
sh688777,中控技术,2025-10-13 10:13:09,57.88,69235,57.88,U
sh688777,中控技术,2025-10-13 10:13:12,57.9,21863,57.88,E
sh688777,中控技术,2025-10-13 10:13:14,57.97,17515,57.9,E
sh688777,中控技术,2025-10-13 10:13:18,57.98,17416,57.97,E
sh688777,中控技术,2025-10-13 10:13:27,58.08,4127,58.02,U
sh688777,中控技术,2025-10-13 10:13:30,58.1,6200,58.08,U
sh688777,中控技术,2025-10-13 10:13:33,58.1,13984,58.1,U
sh688777,中控技术,2025-10-13 10:13:36,58.1,7871,58.1,D
sh688777,中控技术,2025-10-13 10:13:39,58.13,11794,58.1,U
sh688777,中控技术,2025-10-13 10:13:42,58.15,67464,58.13,U
sh688777,中控技术,2025-10-13 10:13:44,58.26,12331,58.15,U
sh688777,中控技术,2025-10-13 10:13:51,58.32,5093,58.3,U
sh688777,中控技术,2025-10-13 10:13:54,58.33,13905,58.32,D
sh688777,中控技术,2025-10-13 10:13:57,58.33,4497,58.33,D
sh688777,中控技术,2025-10-13 10:14:00,58.3,4955,58.33,D
sh688777,中控技术,2025-10-13 10:14:03,58.26,5627,58.3,D
sh688777,中控技术,2025-10-13 10:14:06,58.18,9720,58.26,D
sh688777,中控技术,2025-10-13 10:14:09,58.26,20861,58.18,U
sh688777,中控技术,2025-10-13 10:14:15,58.3,7929,58.3,U
sh688777,中控技术,2025-10-13 10:14:21,58.31,9515,58.3,D
sh688777,中控技术,2025-10-13 10:14:23,58.35,9352,58.31,U
sh688777,中控技术,2025-10-13 10:14:27,58.32,5305,58.35,D
sh688777,中控技术,2025-10-13 10:14:33,58.41,6191,58.41,U
sh688777,中控技术,2025-10-13 10:14:36,58.38,5564,58.41,E
sh688777,中控技术,2025-10-13 10:14:39,58.45,3708,58.38,U
sh688777,中控技术,2025-10-13 10:14:45,58.4,11082,58.45,D
sh688777,中控技术,2025-10-13 10:14:54,58.41,7973,58.42,D
sh688777,中控技术,2025-10-13 10:14:57,58.43,11977,58.41,U
sh688777,中控技术,2025-10-13 10:15:03,58.5,6883,58.42,U
sh688777,中控技术,2025-10-13 10:15:06,58.5,7100,58.5,D
sh688777,中控技术,2025-10-13 10:15:09,58.55,10048,58.5,U
sh688777,中控技术,2025-10-13 10:15:15,58.55,8393,58.5,U
sh688777,中控技术,2025-10-13 10:15:18,58.55,8058,58.55,U
sh688777,中控技术,2025-10-13 10:15:24,58.6,6660,58.55,E
sh688777,中控技术,2025-10-13 10:15:30,58.67,5364,58.6,U
sh688777,中控技术,2025-10-13 10:15:33,58.6,6000,58.67,D
sh688777,中控技术,2025-10-13 10:15:39,58.61,5310,58.68,D
sh688777,中控技术,2025-10-13 10:15:42,58.67,12269,58.61,U
sh688777,中控技术,2025-10-13 10:15:45,58.67,11754,58.67,U
sh688777,中控技术,2025-10-13 10:16:06,58.71,4483,58.76,D
sh688777,中控技术,2025-10-13 10:16:12,58.81,4968,58.71,U
sh688777,中控技术,2025-10-13 10:16:21,58.69,18470,58.75,D
sh688777,中控技术,2025-10-13 10:16:24,58.61,15245,58.69,D
sh688777,中控技术,2025-10-13 10:16:27,58.64,8978,58.61,E
sh688777,中控技术,2025-10-13 10:16:30,58.62,19694,58.64,E
sh688777,中控技术,2025-10-13 10:16:33,58.61,31770,58.62,D
sh688777,中控技术,2025-10-13 10:16:36,58.64,4845,58.61,U
sh688777,中控技术,2025-10-13 10:16:39,58.62,14057,58.64,E
sh688777,中控技术,2025-10-13 10:16:42,58.64,59253,58.62,U
sh688777,中控技术,2025-10-13 10:16:44,58.61,4294,58.64,E
sh688777,中控技术,2025-10-13 10:16:48,58.64,18096,58.61,U
sh688777,中控技术,2025-10-13 10:16:51,58.6,6363,58.64,E
sh688777,中控技术,2025-10-13 10:16:56,58.57,6660,58.63,D
sh688777,中控技术,2025-10-13 10:17:03,58.58,5292,58.61,D
sh688777,中控技术,2025-10-13 10:17:05,58.57,3823,58.58,D
sh688777,中控技术,2025-10-13 10:17:09,58.63,7066,58.57,U
sh688777,中控技术,2025-10-13 10:17:15,58.58,6648,58.58,U
sh688777,中控技术,2025-10-13 10:17:18,58.57,8753,58.58,D
sh688777,中控技术,2025-10-13 10:17:24,58.6,4564,58.58,E
sh688777,中控技术,2025-10-13 10:17:30,58.57,12284,58.58,D
sh688777,中控技术,2025-10-13 10:17:33,58.62,4700,58.57,U
sh688777,中控技术,2025-10-13 10:17:39,58.61,3739,58.6,U
sh688777,中控技术,2025-10-13 10:17:42,58.62,4744,58.61,U
sh688777,中控技术,2025-10-13 10:17:48,58.63,7870,58.62,U
sh688777,中控技术,2025-10-13 10:17:51,58.57,6321,58.63,D
sh688777,中控技术,2025-10-13 10:18:00,58.57,5274,58.57,D
sh688777,中控技术,2025-10-13 10:18:08,58.62,6455,58.6,U
sh688777,中控技术,2025-10-13 10:18:12,58.63,7083,58.62,U
sh688777,中控技术,2025-10-13 10:18:14,58.63,11017,58.63,U
sh688777,中控技术,2025-10-13 10:18:27,58.65,3500,58.63,U
sh688777,中控技术,2025-10-13 10:18:30,58.75,7182,58.65,U
sh688777,中控技术,2025-10-13 10:18:39,58.8,4997,58.73,U
sh688777,中控技术,2025-10-13 10:18:42,58.88,4800,58.8,U
sh688777,中控技术,2025-10-13 10:18:48,58.89,3983,58.8,U
sh688777,中控技术,2025-10-13 10:18:50,58.89,9175,58.89,U
sh688777,中控技术,2025-10-13 10:18:54,58.9,7300,58.89,U
sh688777,中控技术,2025-10-13 10:18:57,58.9,12676,58.9,U
sh688777,中控技术,2025-10-13 10:19:00,58.92,10738,58.9,U
sh688777,中控技术,2025-10-13 10:19:02,58.96,8881,58.92,U
sh688777,中控技术,2025-10-13 10:19:12,58.98,7979,58.97,U
sh688777,中控技术,2025-10-13 10:19:18,58.99,31077,58.99,D
sh688777,中控技术,2025-10-13 10:19:21,59.0,9736,58.99,U
sh688777,中控技术,2025-10-13 10:19:24,58.99,5122,59.0,D
sh688777,中控技术,2025-10-13 10:19:27,58.99,12959,58.99,D
sh688777,中控技术,2025-10-13 10:19:30,59.01,13474,58.99,U
sh688777,中控技术,2025-10-13 10:19:33,59.0,3724,59.01,D
sh688777,中控技术,2025-10-13 10:19:35,59.0,5356,59.0,D
sh688777,中控技术,2025-10-13 10:19:39,59.03,9826,59.0,U
sh688777,中控技术,2025-10-13 10:19:42,59.03,7669,59.03,U
sh688777,中控技术,2025-10-13 10:19:45,59.04,19891,59.03,U
sh688777,中控技术,2025-10-13 10:19:57,59.05,10209,59.05,D
sh688777,中控技术,2025-10-13 10:19:59,59.09,17662,59.05,E
sh688777,中控技术,2025-10-13 10:20:03,59.11,18571,59.09,U
sh688777,中控技术,2025-10-13 10:20:06,59.1,60789,59.11,D
sh688777,中控技术,2025-10-13 10:20:09,59.05,7180,59.1,E
sh688777,中控技术,2025-10-13 10:20:12,59.11,7687,59.05,U
sh688777,中控技术,2025-10-13 10:20:18,59.17,26757,59.1,U
sh688777,中控技术,2025-10-13 10:20:21,59.18,4437,59.17,U
sh688777,中控技术,2025-10-13 10:20:24,59.16,15497,59.18,D
sh688777,中控技术,2025-10-13 10:20:27,59.2,5749,59.16,U
sh688777,中控技术,2025-10-13 10:20:30,59.23,6449,59.2,U
sh688777,中控技术,2025-10-13 10:20:33,59.23,20010,59.23,U
sh688777,中控技术,2025-10-13 10:20:36,59.28,7421,59.23,U
sh688777,中控技术,2025-10-13 10:20:39,59.28,7868,59.28,D
sh688777,中控技术,2025-10-13 10:20:45,59.29,6660,59.28,U
sh688777,中控技术,2025-10-13 10:20:48,59.28,11030,59.29,E
sh688777,中控技术,2025-10-13 10:20:51,59.23,30786,59.28,D
sh688777,中控技术,2025-10-13 10:20:57,59.28,9114,59.29,U
sh688777,中控技术,2025-10-13 10:21:00,59.28,15067,59.28,D
sh688777,中控技术,2025-10-13 10:21:03,59.28,12588,59.28,D
sh688777,中控技术,2025-10-13 10:21:06,59.28,10964,59.28,U
sh688777,中控技术,2025-10-13 10:21:15,59.3,16390,59.3,U
sh688777,中控技术,2025-10-13 10:21:17,59.31,4520,59.3,E
sh688777,中控技术,2025-10-13 10:21:21,59.3,3522,59.31,D
sh688777,中控技术,2025-10-13 10:21:30,59.31,10639,59.3,U
sh688777,中控技术,2025-10-13 10:21:33,59.34,6400,59.31,U
sh688777,中控技术,2025-10-13 10:21:41,59.33,8330,59.33,D
sh688777,中控技术,2025-10-13 10:21:44,59.3,8173,59.33,D
sh688777,中控技术,2025-10-13 10:21:51,59.29,36583,59.29,U
sh688777,中控技术,2025-10-13 10:21:54,59.27,6194,59.29,E
sh688777,中控技术,2025-10-13 10:22:03,59.19,44764,59.25,D
sh688777,中控技术,2025-10-13 10:22:06,59.18,3408,59.19,D
sh688777,中控技术,2025-10-13 10:22:09,59.19,3679,59.18,U
sh688777,中控技术,2025-10-13 10:22:12,59.2,5196,59.19,U
sh688777,中控技术,2025-10-13 10:22:15,59.2,5650,59.2,D
sh688777,中控技术,2025-10-13 10:22:18,59.2,5606,59.2,D
sh688777,中控技术,2025-10-13 10:22:21,59.18,14734,59.2,D
sh688777,中控技术,2025-10-13 10:22:27,59.19,13665,59.11,U
sh688777,中控技术,2025-10-13 10:22:30,59.15,10800,59.19,D
sh688777,中控技术,2025-10-13 10:22:39,59.15,9852,59.15,D
sh688777,中控技术,2025-10-13 10:22:42,59.15,4725,59.15,U
sh688777,中控技术,2025-10-13 10:22:48,59.14,5739,59.1,U
sh688777,中控技术,2025-10-13 10:22:50,59.1,6897,59.14,D
sh688777,中控技术,2025-10-13 10:22:54,59.1,3531,59.1,U
sh688777,中控技术,2025-10-13 10:23:00,59.02,3610,59.02,D
sh688777,中控技术,2025-10-13 10:23:03,59.02,11200,59.02,D
sh688777,中控技术,2025-10-13 10:23:09,59.1,10861,59.03,U
sh688777,中控技术,2025-10-13 10:23:12,59.15,27764,59.1,U
sh688777,中控技术,2025-10-13 10:23:15,59.17,12384,59.15,U
sh688777,中控技术,2025-10-13 10:23:18,59.18,15614,59.17,U
sh688777,中控技术,2025-10-13 10:23:24,59.2,8075,59.2,U
sh688777,中控技术,2025-10-13 10:23:27,59.2,32164,59.2,U
sh688777,中控技术,2025-10-13 10:23:30,59.23,6312,59.2,U
sh688777,中控技术,2025-10-13 10:23:33,59.22,6212,59.23,D
sh688777,中控技术,2025-10-13 10:23:36,59.2,4742,59.22,D
sh688777,中控技术,2025-10-13 10:23:45,59.22,18836,59.22,U
sh688777,中控技术,2025-10-13 10:23:48,59.21,5000,59.22,D
sh688777,中控技术,2025-10-13 10:23:51,59.21,15513,59.21,D
sh688777,中控技术,2025-10-13 10:23:54,59.2,3603,59.21,D
sh688777,中控技术,2025-10-13 10:23:57,59.23,12401,59.2,U
sh688777,中控技术,2025-10-13 10:23:59,59.27,4469,59.23,U
sh688777,中控技术,2025-10-13 10:24:03,59.28,5673,59.27,U
sh688777,中控技术,2025-10-13 10:24:27,59.33,5065,59.33,D
sh688777,中控技术,2025-10-13 10:24:30,59.33,19130,59.33,U
sh688777,中控技术,2025-10-13 10:24:41,59.34,6866,59.33,U
sh688777,中控技术,2025-10-13 10:24:45,59.32,4936,59.34,D
sh688777,中控技术,2025-10-13 10:24:48,59.32,12077,59.32,D
sh688777,中控技术,2025-10-13 10:24:54,59.34,9332,59.32,U
sh688777,中控技术,2025-10-13 10:25:00,59.35,3900,59.33,E
sh688777,中控技术,2025-10-13 10:25:03,59.34,15425,59.35,D
sh688777,中控技术,2025-10-13 10:25:06,59.3,14187,59.34,D
sh688777,中控技术,2025-10-13 10:25:12,59.37,7625,59.36,U
sh688777,中控技术,2025-10-13 10:25:15,59.38,16002,59.37,U
sh688777,中控技术,2025-10-13 10:25:18,59.37,12751,59.38,D
sh688777,中控技术,2025-10-13 10:25:21,59.39,6788,59.37,E
sh688777,中控技术,2025-10-13 10:25:23,59.4,4933,59.39,U
sh688777,中控技术,2025-10-13 10:25:30,59.43,14183,59.41,U
sh688777,中控技术,2025-10-13 10:25:33,59.5,74192,59.43,U
sh688777,中控技术,2025-10-13 10:25:36,59.41,17808,59.5,E
sh688777,中控技术,2025-10-13 10:25:39,59.49,7649,59.41,E
sh688777,中控技术,2025-10-13 10:25:42,59.49,6793,59.49,U
sh688777,中控技术,2025-10-13 10:25:45,59.5,6164,59.49,E
sh688777,中控技术,2025-10-13 10:25:48,59.49,9842,59.5,D
sh688777,中控技术,2025-10-13 10:25:51,59.51,32356,59.49,U
sh688777,中控技术,2025-10-13 10:25:54,59.51,30224,59.51,U
sh688777,中控技术,2025-10-13 10:26:00,59.53,21335,59.51,U
sh688777,中控技术,2025-10-13 10:26:03,59.54,3559,59.53,D
sh688777,中控技术,2025-10-13 10:26:06,59.55,6678,59.54,U
sh688777,中控技术,2025-10-13 10:26:08,59.55,9943,59.55,U
sh688777,中控技术,2025-10-13 10:26:12,59.56,11300,59.55,U
sh688777,中控技术,2025-10-13 10:26:15,59.57,13691,59.56,U
sh688777,中控技术,2025-10-13 10:26:18,59.56,6630,59.57,D
sh688777,中控技术,2025-10-13 10:26:21,59.56,8720,59.56,U
sh688777,中控技术,2025-10-13 10:26:24,59.56,4866,59.56,U
sh688777,中控技术,2025-10-13 10:26:27,59.55,4706,59.56,D
sh688777,中控技术,2025-10-13 10:26:30,59.57,59023,59.55,U
sh688777,中控技术,2025-10-13 10:26:38,59.55,4411,59.58,D
sh688777,中控技术,2025-10-13 10:26:48,59.5,10246,59.53,D
sh688777,中控技术,2025-10-13 10:26:51,59.5,26708,59.5,D
sh688777,中控技术,2025-10-13 10:26:54,59.5,16612,59.5,D
sh688777,中控技术,2025-10-13 10:27:03,59.4,4026,59.46,D
sh688777,中控技术,2025-10-13 10:27:06,59.4,19294,59.4,D
sh688777,中控技术,2025-10-13 10:27:09,59.4,9156,59.4,D
sh688777,中控技术,2025-10-13 10:27:12,59.4,16392,59.4,U
sh688777,中控技术,2025-10-13 10:27:24,59.31,11535,59.31,D
sh688777,中控技术,2025-10-13 10:27:27,59.3,3549,59.31,D
sh688777,中控技术,2025-10-13 10:27:29,59.31,11052,59.3,U
sh688777,中控技术,2025-10-13 10:27:33,59.3,15076,59.31,D
sh688777,中控技术,2025-10-13 10:27:36,59.3,17534,59.3,D
sh688777,中控技术,2025-10-13 10:27:42,59.25,6150,59.28,D
sh688777,中控技术,2025-10-13 10:27:51,59.24,7821,59.25,D
sh688777,中控技术,2025-10-13 10:27:54,59.25,4643,59.24,U
sh688777,中控技术,2025-10-13 10:27:56,59.23,4800,59.25,D
sh688777,中控技术,2025-10-13 10:27:59,59.24,6134,59.23,U
sh688777,中控技术,2025-10-13 10:28:06,59.23,4766,59.23,D
sh688777,中控技术,2025-10-13 10:28:15,59.23,7998,59.24,D
sh688777,中控技术,2025-10-13 10:28:18,59.22,3646,59.23,D
sh688777,中控技术,2025-10-13 10:28:27,59.22,4080,59.23,D
sh688777,中控技术,2025-10-13 10:28:33,59.21,5204,59.22,D
sh688777,中控技术,2025-10-13 10:28:35,59.3,53445,59.21,U
sh688777,中控技术,2025-10-13 10:28:39,59.22,5632,59.3,E
sh688777,中控技术,2025-10-13 10:28:42,59.22,7989,59.22,D
sh688777,中控技术,2025-10-13 10:28:45,59.31,11386,59.22,U
sh688777,中控技术,2025-10-13 10:28:51,59.3,7000,59.36,D
sh688777,中控技术,2025-10-13 10:29:03,59.23,5630,59.32,D
sh688777,中控技术,2025-10-13 10:29:06,59.34,5045,59.23,U
sh688777,中控技术,2025-10-13 10:29:33,59.3,10880,59.28,U
sh688777,中控技术,2025-10-13 10:29:36,59.3,5399,59.3,D
sh688777,中控技术,2025-10-13 10:29:39,59.31,6686,59.3,U
sh688777,中控技术,2025-10-13 10:29:42,59.3,3542,59.31,D
sh688777,中控技术,2025-10-13 10:29:45,59.31,3601,59.3,U
sh688777,中控技术,2025-10-13 10:29:47,59.31,4007,59.31,D
sh688777,中控技术,2025-10-13 10:29:53,59.32,5923,59.31,U
sh688777,中控技术,2025-10-13 10:29:57,59.35,14868,59.32,U
sh688777,中控技术,2025-10-13 10:30:18,59.3,13232,59.32,D
sh688777,中控技术,2025-10-13 10:30:21,59.3,17835,59.3,D
sh688777,中控技术,2025-10-13 10:30:30,59.26,14384,59.28,D
sh688777,中控技术,2025-10-13 10:30:36,59.25,9533,59.25,D
sh688777,中控技术,2025-10-13 10:30:48,59.2,15274,59.22,D
sh688777,中控技术,2025-10-13 10:30:50,59.21,4893,59.2,U
sh688777,中控技术,2025-10-13 10:31:03,59.16,3992,59.19,D
sh688777,中控技术,2025-10-13 10:31:06,59.15,3628,59.16,D
sh688777,中控技术,2025-10-13 10:31:08,59.16,4516,59.15,U
sh688777,中控技术,2025-10-13 10:31:15,59.2,51697,59.19,U
sh688777,中控技术,2025-10-13 10:31:18,59.22,9207,59.2,U
sh688777,中控技术,2025-10-13 10:31:24,59.2,10341,59.21,D
sh688777,中控技术,2025-10-13 10:31:35,59.16,4021,59.2,D
sh688777,中控技术,2025-10-13 10:31:48,59.17,6045,59.17,D
sh688777,中控技术,2025-10-13 10:31:57,59.15,4108,59.18,D
sh688777,中控技术,2025-10-13 10:32:00,59.15,3541,59.15,D
sh688777,中控技术,2025-10-13 10:32:03,59.14,3395,59.15,D
sh688777,中控技术,2025-10-13 10:32:15,59.12,5913,59.14,D
sh688777,中控技术,2025-10-13 10:32:18,59.08,9432,59.12,D
sh688777,中控技术,2025-10-13 10:32:36,59.12,19200,59.09,U
sh688777,中控技术,2025-10-13 10:32:39,59.15,5675,59.12,U
sh688777,中控技术,2025-10-13 10:32:42,59.17,5861,59.15,U
sh688777,中控技术,2025-10-13 10:32:45,59.14,6480,59.17,D
sh688777,中控技术,2025-10-13 10:32:51,59.15,9840,59.13,U
sh688777,中控技术,2025-10-13 10:33:05,59.16,3500,59.17,E
sh688777,中控技术,2025-10-13 10:33:12,59.11,10200,59.17,D
sh688777,中控技术,2025-10-13 10:33:21,59.09,9077,59.13,D
sh688777,中控技术,2025-10-13 10:33:24,59.1,5799,59.09,U
sh688777,中控技术,2025-10-13 10:33:27,59.06,9330,59.1,D
sh688777,中控技术,2025-10-13 10:33:30,59.08,4280,59.06,U
sh688777,中控技术,2025-10-13 10:33:38,59.02,6409,59.06,D
sh688777,中控技术,2025-10-13 10:33:42,59.01,4415,59.02,D
sh688777,中控技术,2025-10-13 10:33:48,59.01,15399,59.02,D
sh688777,中控技术,2025-10-13 10:33:51,58.99,9796,59.01,D
sh688777,中控技术,2025-10-13 10:33:54,59.01,6484,58.99,U
sh688777,中控技术,2025-10-13 10:34:03,59.0,3431,59.01,D
sh688777,中控技术,2025-10-13 10:34:05,59.01,8749,59.0,U
sh688777,中控技术,2025-10-13 10:34:09,58.99,4591,59.01,D
sh688777,中控技术,2025-10-13 10:34:12,59.0,3553,58.99,U
sh688777,中控技术,2025-10-13 10:34:24,58.98,3786,58.99,D
sh688777,中控技术,2025-10-13 10:34:36,58.97,5678,58.98,D
sh688777,中控技术,2025-10-13 10:34:42,59.01,4629,58.98,U
sh688777,中控技术,2025-10-13 10:34:45,59.01,4145,59.01,U
sh688777,中控技术,2025-10-13 10:34:57,59.01,10041,59.0,U
sh688777,中控技术,2025-10-13 10:35:36,59.08,3585,59.08,D
sh688777,中控技术,2025-10-13 10:35:54,59.08,11025,59.09,D
sh688777,中控技术,2025-10-13 10:35:57,59.08,5255,59.08,U
sh688777,中控技术,2025-10-13 10:36:00,59.08,11743,59.08,D
sh688777,中控技术,2025-10-13 10:36:03,59.08,4177,59.08,U
sh688777,中控技术,2025-10-13 10:36:09,59.07,6765,59.07,D
sh688777,中控技术,2025-10-13 10:36:12,59.1,10173,59.07,U
sh688777,中控技术,2025-10-13 10:36:39,59.16,4057,59.16,U
sh688777,中控技术,2025-10-13 10:36:45,59.07,5329,59.08,D
sh688777,中控技术,2025-10-13 10:36:57,59.07,13891,59.12,D
sh688777,中控技术,2025-10-13 10:37:00,59.1,25958,59.07,U
sh688777,中控技术,2025-10-13 10:37:03,59.0,5700,59.1,D
sh688777,中控技术,2025-10-13 10:37:06,59.0,4554,59.0,D
sh688777,中控技术,2025-10-13 10:37:08,58.94,23334,59.0,D
sh688777,中控技术,2025-10-13 10:37:12,58.88,40097,58.94,D
sh688777,中控技术,2025-10-13 10:37:15,58.88,22199,58.88,D
sh688777,中控技术,2025-10-13 10:37:18,58.88,15067,58.88,D
sh688777,中控技术,2025-10-13 10:37:24,58.88,5654,58.87,U
sh688777,中控技术,2025-10-13 10:37:27,58.97,11334,58.88,U
sh688777,中控技术,2025-10-13 10:37:33,58.88,8600,58.94,D
sh688777,中控技术,2025-10-13 10:37:48,59.0,25854,58.97,U
sh688777,中控技术,2025-10-13 10:37:54,59.0,4496,59.0,D
sh688777,中控技术,2025-10-13 10:38:06,59.01,5891,59.01,D
sh688777,中控技术,2025-10-13 10:38:08,59.0,6249,59.01,D
sh688777,中控技术,2025-10-13 10:38:33,58.89,3400,58.89,D
sh688777,中控技术,2025-10-13 10:38:35,58.9,5411,58.89,U
sh688777,中控技术,2025-10-13 10:38:50,58.88,3724,58.88,D
sh688777,中控技术,2025-10-13 10:39:03,58.86,8464,58.85,U
sh688777,中控技术,2025-10-13 10:39:09,58.84,4900,58.83,U
sh688777,中控技术,2025-10-13 10:39:21,58.84,5318,58.88,D
sh688777,中控技术,2025-10-13 10:39:51,58.82,13106,58.83,D
sh688777,中控技术,2025-10-13 10:39:57,58.83,8103,58.83,U
sh688777,中控技术,2025-10-13 10:40:09,58.83,7898,58.83,E
sh688777,中控技术,2025-10-13 10:40:15,58.82,5600,58.82,U
sh688777,中控技术,2025-10-13 10:40:21,58.87,3748,58.88,U
sh688777,中控技术,2025-10-13 10:40:30,58.86,3540,58.86,U
sh688777,中控技术,2025-10-13 10:40:33,58.86,4498,58.86,U
sh688777,中控技术,2025-10-13 10:40:36,58.87,5173,58.86,U
sh688777,中控技术,2025-10-13 10:40:51,58.75,10600,58.88,D
sh688777,中控技术,2025-10-13 10:41:38,58.85,8956,58.85,U
sh688777,中控技术,2025-10-13 10:41:51,58.81,5497,58.82,D
sh688777,中控技术,2025-10-13 10:41:57,58.81,3832,58.81,D
sh688777,中控技术,2025-10-13 10:42:00,58.82,9389,58.81,D
sh688777,中控技术,2025-10-13 10:42:09,58.8,23260,58.84,D
sh688777,中控技术,2025-10-13 10:42:12,58.88,4447,58.8,U
sh688777,中控技术,2025-10-13 10:42:15,58.87,22808,58.88,E
sh688777,中控技术,2025-10-13 10:42:17,58.88,13926,58.87,U
sh688777,中控技术,2025-10-13 10:42:21,58.9,10138,58.88,U
sh688777,中控技术,2025-10-13 10:42:24,58.95,11326,58.9,U
sh688777,中控技术,2025-10-13 10:42:30,58.98,5051,58.99,D
sh688777,中控技术,2025-10-13 10:42:39,58.98,9352,59.0,D
sh688777,中控技术,2025-10-13 10:42:45,59.02,8165,59.0,U
sh688777,中控技术,2025-10-13 10:42:50,59.08,5226,59.07,U
sh688777,中控技术,2025-10-13 10:43:11,59.07,6989,59.08,D
sh688777,中控技术,2025-10-13 10:43:18,59.07,8866,59.07,U
sh688777,中控技术,2025-10-13 10:43:21,59.07,4729,59.07,E
sh688777,中控技术,2025-10-13 10:43:23,59.09,7361,59.07,U
sh688777,中控技术,2025-10-13 10:43:27,59.09,4515,59.09,U
sh688777,中控技术,2025-10-13 10:43:30,58.99,6719,59.09,D
sh688777,中控技术,2025-10-13 10:43:32,59.09,9291,58.99,E
sh688777,中控技术,2025-10-13 10:43:45,58.99,3435,59.07,D
sh688777,中控技术,2025-10-13 10:43:51,59.09,3988,59.09,U
sh688777,中控技术,2025-10-13 10:43:54,59.1,3559,59.09,U
sh688777,中控技术,2025-10-13 10:44:00,59.09,4073,59.09,U
sh688777,中控技术,2025-10-13 10:44:12,58.98,10279,59.09,D
sh688777,中控技术,2025-10-13 10:44:27,59.08,10696,59.09,E
sh688777,中控技术,2025-10-13 10:44:42,59.0,16000,59.07,D
sh688777,中控技术,2025-10-13 10:44:47,58.98,4589,59.02,D
sh688777,中控技术,2025-10-13 10:44:51,59.05,4587,58.98,U
sh688777,中控技术,2025-10-13 10:44:57,59.05,5936,59.05,U
sh688777,中控技术,2025-10-13 10:45:30,59.01,5538,58.98,U
sh688777,中控技术,2025-10-13 10:45:54,58.9,4200,58.89,U
sh688777,中控技术,2025-10-13 10:46:51,58.94,4133,58.95,E
sh688777,中控技术,2025-10-13 10:46:54,58.99,4227,58.94,U
sh688777,中控技术,2025-10-13 10:46:59,58.98,8113,58.99,D
sh688777,中控技术,2025-10-13 10:47:12,58.97,5751,58.97,U
sh688777,中控技术,2025-10-13 10:47:21,59.0,9796,58.98,U
sh688777,中控技术,2025-10-13 10:47:30,59.0,4589,58.98,U
sh688777,中控技术,2025-10-13 10:47:45,59.0,5098,58.99,U
sh688777,中控技术,2025-10-13 10:47:51,59.0,4194,59.0,U
sh688777,中控技术,2025-10-13 10:47:54,59.0,3467,59.0,U
sh688777,中控技术,2025-10-13 10:48:12,58.99,3434,58.99,D
sh688777,中控技术,2025-10-13 10:48:24,59.0,4700,58.99,U
sh688777,中控技术,2025-10-13 10:48:39,59.03,4124,59.02,U
sh688777,中控技术,2025-10-13 10:48:48,59.02,3861,59.0,U
sh688777,中控技术,2025-10-13 10:48:51,59.02,4393,59.02,U
sh688777,中控技术,2025-10-13 10:48:54,59.0,3481,59.02,E
sh688777,中控技术,2025-10-13 10:49:09,59.1,21200,59.03,U
sh688777,中控技术,2025-10-13 10:49:12,59.1,3945,59.1,U
sh688777,中控技术,2025-10-13 10:49:15,59.1,4187,59.1,U
sh688777,中控技术,2025-10-13 10:49:30,58.98,11615,59.03,D
sh688777,中控技术,2025-10-13 10:49:33,58.98,5976,58.98,U
sh688777,中控技术,2025-10-13 10:49:51,59.0,7869,59.01,D
sh688777,中控技术,2025-10-13 10:49:56,59.0,5666,59.0,D
sh688777,中控技术,2025-10-13 10:49:59,58.98,9768,59.0,D
sh688777,中控技术,2025-10-13 10:50:03,58.96,10957,58.98,D
sh688777,中控技术,2025-10-13 10:50:06,58.91,21799,58.96,D
sh688777,中控技术,2025-10-13 10:50:12,58.87,12650,58.9,D
sh688777,中控技术,2025-10-13 10:50:15,58.83,14128,58.87,D
sh688777,中控技术,2025-10-13 10:50:21,58.83,6642,58.87,D
sh688777,中控技术,2025-10-13 10:50:48,58.77,7202,58.8,D
sh688777,中控技术,2025-10-13 10:50:53,58.75,6306,58.8,D
sh688777,中控技术,2025-10-13 10:51:00,58.76,4211,58.73,U
sh688777,中控技术,2025-10-13 10:51:02,58.73,14156,58.76,D
sh688777,中控技术,2025-10-13 10:51:15,58.73,3608,58.7,U
sh688777,中控技术,2025-10-13 10:51:27,58.7,5019,58.71,E
sh688777,中控技术,2025-10-13 10:51:30,58.71,8096,58.7,U
sh688777,中控技术,2025-10-13 10:51:54,58.76,6649,58.71,U
sh688777,中控技术,2025-10-13 10:51:56,58.77,7159,58.76,U
sh688777,中控技术,2025-10-13 10:52:03,58.76,4538,58.76,D
sh688777,中控技术,2025-10-13 10:52:15,58.66,8322,58.69,D
sh688777,中控技术,2025-10-13 10:52:20,58.66,4524,58.66,D
sh688777,中控技术,2025-10-13 10:52:39,58.69,7478,58.69,U
sh688777,中控技术,2025-10-13 10:52:51,58.77,30054,58.75,U
sh688777,中控技术,2025-10-13 10:53:00,58.77,66000,58.77,D
sh688777,中控技术,2025-10-13 10:53:06,58.84,7306,58.84,D
sh688777,中控技术,2025-10-13 10:53:09,58.89,7239,58.84,U
sh688777,中控技术,2025-10-13 10:53:12,58.93,6936,58.89,U
sh688777,中控技术,2025-10-13 10:53:48,58.89,6216,58.9,D
sh688777,中控技术,2025-10-13 10:53:57,58.93,7723,58.95,E
sh688777,中控技术,2025-10-13 10:55:09,58.9,29566,58.92,D
sh688777,中控技术,2025-10-13 10:55:12,58.92,11617,58.9,U
sh688777,中控技术,2025-10-13 10:55:15,58.92,5669,58.92,U
sh688777,中控技术,2025-10-13 10:56:03,58.88,8012,58.9,D
sh688777,中控技术,2025-10-13 10:56:06,58.86,9568,58.88,D
sh688777,中控技术,2025-10-13 10:56:09,58.89,6074,58.86,U
sh688777,中控技术,2025-10-13 10:57:00,58.85,21149,58.85,D
sh688777,中控技术,2025-10-13 10:57:06,58.83,7176,58.85,D
sh688777,中控技术,2025-10-13 10:57:15,58.83,8605,58.83,D
sh688777,中控技术,2025-10-13 10:57:27,58.82,4065,58.83,D
sh688777,中控技术,2025-10-13 10:57:30,58.81,3971,58.82,D
sh688777,中控技术,2025-10-13 10:57:35,58.81,6239,58.8,U
sh688777,中控技术,2025-10-13 10:57:42,58.8,6366,58.81,D
sh688777,中控技术,2025-10-13 10:58:08,58.79,6873,58.8,D
sh688777,中控技术,2025-10-13 10:58:27,58.8,11743,58.8,U
sh688777,中控技术,2025-10-13 10:58:35,58.78,5066,58.78,D
sh688777,中控技术,2025-10-13 10:58:42,58.77,14562,58.79,D
sh688777,中控技术,2025-10-13 10:58:48,58.79,7093,58.78,U
sh688777,中控技术,2025-10-13 10:58:51,58.77,6450,58.79,D
sh688777,中控技术,2025-10-13 10:59:02,58.77,6053,58.77,U
sh688777,中控技术,2025-10-13 10:59:30,58.78,8356,58.78,U
sh688777,中控技术,2025-10-13 10:59:33,58.78,3782,58.78,D
sh688777,中控技术,2025-10-13 10:59:39,58.78,3605,58.78,D
sh688777,中控技术,2025-10-13 10:59:57,58.72,5129,58.75,D
sh688777,中控技术,2025-10-13 11:00:00,58.78,4374,58.72,U
sh688777,中控技术,2025-10-13 11:00:03,58.72,5132,58.78,D
sh688777,中控技术,2025-10-13 11:00:06,58.72,4332,58.72,U
sh688777,中控技术,2025-10-13 11:00:09,58.71,9735,58.72,D
sh688777,中控技术,2025-10-13 11:00:15,58.7,4202,58.7,D
sh688777,中控技术,2025-10-13 11:00:21,58.7,4619,58.69,U
sh688777,中控技术,2025-10-13 11:00:33,58.67,6180,58.7,D
sh688777,中控技术,2025-10-13 11:00:35,58.67,8627,58.67,U
sh688777,中控技术,2025-10-13 11:00:47,58.67,3778,58.67,D
sh688777,中控技术,2025-10-13 11:00:54,58.66,5100,58.66,D
sh688777,中控技术,2025-10-13 11:00:57,58.65,6933,58.66,D
sh688777,中控技术,2025-10-13 11:01:00,58.65,6823,58.65,D
sh688777,中控技术,2025-10-13 11:01:06,58.64,4420,58.63,U
sh688777,中控技术,2025-10-13 11:01:12,58.63,5167,58.63,D
sh688777,中控技术,2025-10-13 11:01:15,58.63,14973,58.63,U
sh688777,中控技术,2025-10-13 11:01:21,58.64,6937,58.63,U
sh688777,中控技术,2025-10-13 11:01:23,58.65,12114,58.64,U
sh688777,中控技术,2025-10-13 11:01:38,58.64,6199,58.64,U
sh688777,中控技术,2025-10-13 11:01:48,58.62,11258,58.62,U
sh688777,中控技术,2025-10-13 11:02:12,58.59,7252,58.6,D
sh688777,中控技术,2025-10-13 11:02:15,58.61,3706,58.59,E
sh688777,中控技术,2025-10-13 11:02:39,58.57,5750,58.58,D
sh688777,中控技术,2025-10-13 11:02:45,58.56,9312,58.57,D
sh688777,中控技术,2025-10-13 11:02:48,58.57,4119,58.56,U
sh688777,中控技术,2025-10-13 11:02:51,58.56,12677,58.57,E
sh688777,中控技术,2025-10-13 11:02:57,58.6,5482,58.59,U
sh688777,中控技术,2025-10-13 11:03:03,58.61,7944,58.6,U
sh688777,中控技术,2025-10-13 11:03:06,58.63,5041,58.61,U
sh688777,中控技术,2025-10-13 11:03:27,58.58,6660,58.61,D
sh688777,中控技术,2025-10-13 11:03:39,58.58,5087,58.58,D
sh688777,中控技术,2025-10-13 11:03:47,58.55,11538,58.56,D
sh688777,中控技术,2025-10-13 11:03:51,58.53,7260,58.55,D
sh688777,中控技术,2025-10-13 11:03:54,58.53,6471,58.53,D
sh688777,中控技术,2025-10-13 11:04:06,58.5,36639,58.58,D
sh688777,中控技术,2025-10-13 11:04:09,58.58,9493,58.5,U
sh688777,中控技术,2025-10-13 11:04:24,58.6,3820,58.57,U
sh688777,中控技术,2025-10-13 11:04:36,58.55,13377,58.6,D
sh688777,中控技术,2025-10-13 11:04:42,58.55,3603,58.6,D
sh688777,中控技术,2025-10-13 11:04:45,58.61,10354,58.55,U
sh688777,中控技术,2025-10-13 11:04:48,58.63,23828,58.61,U
sh688777,中控技术,2025-10-13 11:04:54,58.65,4939,58.64,U
sh688777,中控技术,2025-10-13 11:05:00,58.65,5122,58.65,U
sh688777,中控技术,2025-10-13 11:05:09,58.65,3612,58.67,D
sh688777,中控技术,2025-10-13 11:05:15,58.63,8754,58.64,D
sh688777,中控技术,2025-10-13 11:05:26,58.6,17313,58.6,D
sh688777,中控技术,2025-10-13 11:05:54,58.52,5269,58.56,D
sh688777,中控技术,2025-10-13 11:05:57,58.6,9939,58.52,U
sh688777,中控技术,2025-10-13 11:06:06,58.56,3632,58.57,D
sh688777,中控技术,2025-10-13 11:06:09,58.52,10893,58.56,D
sh688777,中控技术,2025-10-13 11:06:15,58.5,17832,58.52,D
sh688777,中控技术,2025-10-13 11:06:27,58.57,17462,58.52,U
sh688777,中控技术,2025-10-13 11:06:32,58.5,7343,58.55,D
sh688777,中控技术,2025-10-13 11:06:36,58.51,10150,58.5,U
sh688777,中控技术,2025-10-13 11:06:54,58.5,4809,58.52,D
sh688777,中控技术,2025-10-13 11:07:03,58.46,4506,58.46,D
sh688777,中控技术,2025-10-13 11:07:06,58.43,8449,58.46,D
sh688777,中控技术,2025-10-13 11:07:09,58.41,5179,58.43,D
sh688777,中控技术,2025-10-13 11:07:15,58.43,4386,58.41,U
sh688777,中控技术,2025-10-13 11:07:17,58.43,4148,58.43,U
sh688777,中控技术,2025-10-13 11:07:21,58.43,8338,58.43,U
sh688777,中控技术,2025-10-13 11:07:35,58.43,3661,58.43,U
sh688777,中控技术,2025-10-13 11:07:45,58.42,8803,58.43,D
sh688777,中控技术,2025-10-13 11:07:57,58.42,6826,58.42,D
sh688777,中控技术,2025-10-13 11:08:00,58.42,3703,58.42,U
sh688777,中控技术,2025-10-13 11:08:12,58.42,4300,58.41,U
sh688777,中控技术,2025-10-13 11:08:15,58.41,8816,58.42,D
sh688777,中控技术,2025-10-13 11:08:24,58.41,7257,58.41,D
sh688777,中控技术,2025-10-13 11:08:27,58.42,5370,58.41,U
sh688777,中控技术,2025-10-13 11:08:30,58.4,18482,58.42,D
sh688777,中控技术,2025-10-13 11:08:33,58.4,3801,58.4,U
sh688777,中控技术,2025-10-13 11:08:42,58.4,7408,58.39,U
sh688777,中控技术,2025-10-13 11:08:53,58.38,28114,58.38,D
sh688777,中控技术,2025-10-13 11:08:56,58.4,4714,58.38,U
sh688777,中控技术,2025-10-13 11:09:00,58.37,7100,58.4,D
sh688777,中控技术,2025-10-13 11:09:03,58.38,3585,58.37,E
sh688777,中控技术,2025-10-13 11:09:06,58.4,13618,58.38,U
sh688777,中控技术,2025-10-13 11:09:09,58.37,18148,58.4,D
sh688777,中控技术,2025-10-13 11:09:12,58.4,12936,58.37,U
sh688777,中控技术,2025-10-13 11:09:15,58.37,4006,58.4,D
sh688777,中控技术,2025-10-13 11:09:18,58.37,25000,58.37,D
sh688777,中控技术,2025-10-13 11:09:21,58.4,10709,58.37,U
sh688777,中控技术,2025-10-13 11:09:27,58.42,8172,58.37,U
sh688777,中控技术,2025-10-13 11:09:30,58.42,7776,58.42,U
sh688777,中控技术,2025-10-13 11:09:42,58.42,5903,58.42,U
sh688777,中控技术,2025-10-13 11:09:48,58.42,6991,58.42,U
sh688777,中控技术,2025-10-13 11:09:54,58.42,6014,58.42,U
sh688777,中控技术,2025-10-13 11:09:56,58.43,5062,58.42,U
sh688777,中控技术,2025-10-13 11:10:03,58.42,15431,58.43,D
sh688777,中控技术,2025-10-13 11:10:12,58.4,11678,58.43,D
sh688777,中控技术,2025-10-13 11:10:15,58.39,5411,58.4,D
sh688777,中控技术,2025-10-13 11:10:18,58.43,5504,58.39,U
sh688777,中控技术,2025-10-13 11:10:24,58.39,14251,58.43,D
sh688777,中控技术,2025-10-13 11:10:27,58.37,13312,58.39,D
sh688777,中控技术,2025-10-13 11:10:29,58.38,11436,58.37,U
sh688777,中控技术,2025-10-13 11:10:48,58.34,9445,58.37,D
sh688777,中控技术,2025-10-13 11:11:03,58.32,5948,58.33,D
sh688777,中控技术,2025-10-13 11:11:06,58.33,6411,58.32,U
sh688777,中控技术,2025-10-13 11:11:11,58.34,8204,58.33,U
sh688777,中控技术,2025-10-13 11:11:15,58.36,4698,58.34,U
sh688777,中控技术,2025-10-13 11:11:18,58.34,48275,58.36,D
sh688777,中控技术,2025-10-13 11:11:21,58.34,10072,58.34,U
sh688777,中控技术,2025-10-13 11:11:23,58.33,11653,58.34,D
sh688777,中控技术,2025-10-13 11:11:27,58.31,12346,58.33,D
sh688777,中控技术,2025-10-13 11:11:30,58.36,4707,58.31,U
sh688777,中控技术,2025-10-13 11:11:36,58.36,26275,58.35,D
sh688777,中控技术,2025-10-13 11:11:39,58.35,4484,58.36,D
sh688777,中控技术,2025-10-13 11:11:45,58.34,11000,58.36,D
sh688777,中控技术,2025-10-13 11:11:47,58.35,5200,58.34,D
sh688777,中控技术,2025-10-13 11:11:51,58.35,4298,58.35,D
sh688777,中控技术,2025-10-13 11:12:03,58.35,3813,58.35,D
sh688777,中控技术,2025-10-13 11:12:18,58.32,3729,58.32,D
sh688777,中控技术,2025-10-13 11:12:39,58.35,5598,58.33,U
sh688777,中控技术,2025-10-13 11:12:42,58.33,3513,58.35,D
sh688777,中控技术,2025-10-13 11:12:44,58.31,5200,58.33,D
sh688777,中控技术,2025-10-13 11:12:50,58.33,8728,58.33,U
sh688777,中控技术,2025-10-13 11:13:02,58.31,3579,58.31,U
sh688777,中控技术,2025-10-13 11:13:26,58.3,4378,58.3,U
sh688777,中控技术,2025-10-13 11:13:30,58.31,7780,58.3,U
sh688777,中控技术,2025-10-13 11:13:39,58.29,4878,58.29,U
sh688777,中控技术,2025-10-13 11:13:42,58.3,8111,58.29,U
sh688777,中控技术,2025-10-13 11:13:45,58.29,4958,58.3,D
sh688777,中控技术,2025-10-13 11:13:47,58.3,3877,58.29,E
sh688777,中控技术,2025-10-13 11:13:54,58.3,7393,58.31,D
sh688777,中控技术,2025-10-13 11:14:00,58.3,4500,58.31,D
sh688777,中控技术,2025-10-13 11:14:09,58.3,4726,58.3,D
sh688777,中控技术,2025-10-13 11:14:21,58.3,5384,58.32,D
sh688777,中控技术,2025-10-13 11:14:30,58.3,4000,58.3,D
sh688777,中控技术,2025-10-13 11:14:39,58.31,8392,58.31,D
sh688777,中控技术,2025-10-13 11:14:42,58.32,14597,58.31,U
sh688777,中控技术,2025-10-13 11:14:48,58.3,5458,58.32,D
sh688777,中控技术,2025-10-13 11:15:02,58.29,13555,58.3,D
sh688777,中控技术,2025-10-13 11:15:06,58.28,37963,58.29,D
sh688777,中控技术,2025-10-13 11:15:09,58.32,26408,58.28,U
sh688777,中控技术,2025-10-13 11:15:11,58.24,12490,58.32,D
sh688777,中控技术,2025-10-13 11:15:15,58.3,7566,58.24,U
sh688777,中控技术,2025-10-13 11:15:18,58.24,7119,58.3,D
sh688777,中控技术,2025-10-13 11:15:20,58.22,8400,58.24,D
sh688777,中控技术,2025-10-13 11:15:27,58.24,11217,58.24,D
sh688777,中控技术,2025-10-13 11:15:36,58.26,8338,58.26,D
sh688777,中控技术,2025-10-13 11:15:39,58.27,3540,58.26,E
sh688777,中控技术,2025-10-13 11:15:48,58.26,4100,58.29,D
sh688777,中控技术,2025-10-13 11:16:12,58.25,5465,58.26,E
sh688777,中控技术,2025-10-13 11:16:18,58.24,3713,58.25,D
sh688777,中控技术,2025-10-13 11:16:27,58.22,9590,58.24,D
sh688777,中控技术,2025-10-13 11:16:30,58.23,7505,58.22,U
sh688777,中控技术,2025-10-13 11:16:33,58.23,47440,58.23,U
sh688777,中控技术,2025-10-13 11:16:36,58.2,8315,58.23,D
sh688777,中控技术,2025-10-13 11:16:50,58.21,3700,58.21,D
sh688777,中控技术,2025-10-13 11:17:03,58.19,5511,58.21,D
sh688777,中控技术,2025-10-13 11:17:12,58.19,12158,58.18,E
sh688777,中控技术,2025-10-13 11:17:15,58.23,9319,58.19,U
sh688777,中控技术,2025-10-13 11:17:17,58.2,7043,58.23,D
sh688777,中控技术,2025-10-13 11:17:27,58.2,7858,58.19,D
sh688777,中控技术,2025-10-13 11:17:42,58.21,6478,58.2,U
sh688777,中控技术,2025-10-13 11:17:47,58.21,5854,58.2,U
sh688777,中控技术,2025-10-13 11:17:51,58.19,5308,58.21,D
sh688777,中控技术,2025-10-13 11:17:54,58.21,3776,58.19,U
sh688777,中控技术,2025-10-13 11:17:56,58.18,16582,58.21,D
sh688777,中控技术,2025-10-13 11:18:00,58.19,8000,58.18,D
sh688777,中控技术,2025-10-13 11:18:02,58.21,17914,58.19,U
sh688777,中控技术,2025-10-13 11:18:06,58.21,5350,58.21,U
sh688777,中控技术,2025-10-13 11:18:09,58.18,11160,58.21,D
sh688777,中控技术,2025-10-13 11:18:11,58.18,18085,58.18,U
sh688777,中控技术,2025-10-13 11:18:14,58.21,54694,58.18,U
sh688777,中控技术,2025-10-13 11:18:21,58.27,21601,58.25,U
sh688777,中控技术,2025-10-13 11:18:24,58.31,16605,58.27,U
sh688777,中控技术,2025-10-13 11:18:27,58.35,8953,58.31,U
sh688777,中控技术,2025-10-13 11:18:30,58.36,3498,58.35,U
sh688777,中控技术,2025-10-13 11:18:33,58.36,18313,58.36,D
sh688777,中控技术,2025-10-13 11:18:42,58.36,3695,58.36,U
sh688777,中控技术,2025-10-13 11:18:48,58.37,6650,58.38,E
sh688777,中控技术,2025-10-13 11:18:54,58.35,5366,58.36,D
sh688777,中控技术,2025-10-13 11:19:00,58.36,3471,58.36,U
sh688777,中控技术,2025-10-13 11:19:09,58.36,6280,58.36,U
sh688777,中控技术,2025-10-13 11:19:18,58.38,15498,58.38,U
sh688777,中控技术,2025-10-13 11:19:24,58.38,5900,58.39,D
sh688777,中控技术,2025-10-13 11:19:27,58.38,3830,58.38,D
sh688777,中控技术,2025-10-13 11:19:30,58.39,8543,58.38,U
sh688777,中控技术,2025-10-13 11:19:33,58.38,6117,58.39,E
sh688777,中控技术,2025-10-13 11:19:36,58.38,22879,58.38,U
sh688777,中控技术,2025-10-13 11:19:42,58.38,3781,58.38,D
sh688777,中控技术,2025-10-13 11:19:45,58.39,23900,58.38,U
sh688777,中控技术,2025-10-13 11:19:54,58.4,3889,58.39,U
sh688777,中控技术,2025-10-13 11:20:00,58.4,5131,58.4,U
sh688777,中控技术,2025-10-13 11:20:05,58.35,5738,58.39,D
sh688777,中控技术,2025-10-13 11:20:08,58.34,3489,58.35,D
sh688777,中控技术,2025-10-13 11:20:11,58.48,11629,58.34,U
sh688777,中控技术,2025-10-13 11:20:18,58.39,4000,58.48,E
sh688777,中控技术,2025-10-13 11:20:30,58.35,7310,58.35,D
sh688777,中控技术,2025-10-13 11:20:36,58.3,6321,58.33,D
sh688777,中控技术,2025-10-13 11:20:47,58.25,4446,58.28,D
sh688777,中控技术,2025-10-13 11:20:57,58.25,7975,58.25,U
sh688777,中控技术,2025-10-13 11:21:00,58.25,4730,58.25,D
sh688777,中控技术,2025-10-13 11:21:38,58.22,5092,58.22,D
sh688777,中控技术,2025-10-13 11:21:44,58.28,29900,58.22,U
sh688777,中控技术,2025-10-13 11:22:06,58.25,3800,58.25,U
sh688777,中控技术,2025-10-13 11:22:08,58.24,3879,58.25,U
sh688777,中控技术,2025-10-13 11:22:12,58.22,10400,58.24,D
sh688777,中控技术,2025-10-13 11:22:15,58.21,16319,58.22,D
sh688777,中控技术,2025-10-13 11:22:18,58.18,3974,58.21,D
sh688777,中控技术,2025-10-13 11:22:21,58.18,4414,58.18,D
sh688777,中控技术,2025-10-13 11:22:27,58.16,6001,58.18,D
sh688777,中控技术,2025-10-13 11:22:30,58.15,6568,58.16,D
sh688777,中控技术,2025-10-13 11:22:36,58.15,4911,58.13,U
sh688777,中控技术,2025-10-13 11:22:39,58.13,12714,58.15,E
sh688777,中控技术,2025-10-13 11:22:45,58.12,3672,58.12,D
sh688777,中控技术,2025-10-13 11:22:48,58.12,21010,58.12,U
sh688777,中控技术,2025-10-13 11:22:51,58.11,5100,58.12,D
sh688777,中控技术,2025-10-13 11:22:57,58.13,8257,58.11,U
sh688777,中控技术,2025-10-13 11:23:00,58.11,4028,58.13,D
sh688777,中控技术,2025-10-13 11:23:09,58.1,18312,58.11,D
sh688777,中控技术,2025-10-13 11:23:12,58.13,12041,58.1,U
sh688777,中控技术,2025-10-13 11:23:15,58.1,8000,58.13,D
sh688777,中控技术,2025-10-13 11:23:24,58.11,16449,58.11,D
sh688777,中控技术,2025-10-13 11:23:30,58.1,6461,58.11,D
sh688777,中控技术,2025-10-13 11:23:42,58.1,3977,58.1,D
sh688777,中控技术,2025-10-13 11:23:45,58.1,6787,58.1,U
sh688777,中控技术,2025-10-13 11:23:48,58.09,7389,58.1,D
sh688777,中控技术,2025-10-13 11:23:51,58.08,3860,58.09,D
sh688777,中控技术,2025-10-13 11:23:54,58.09,3446,58.08,U
sh688777,中控技术,2025-10-13 11:24:00,58.07,5000,58.08,D
sh688777,中控技术,2025-10-13 11:24:03,58.08,6454,58.07,D
sh688777,中控技术,2025-10-13 11:24:06,58.09,20415,58.08,U
sh688777,中控技术,2025-10-13 11:24:12,58.07,17120,58.09,D
sh688777,中控技术,2025-10-13 11:24:15,58.07,3977,58.07,U
sh688777,中控技术,2025-10-13 11:24:18,58.05,5700,58.07,D
sh688777,中控技术,2025-10-13 11:24:42,58.1,4812,58.08,U
sh688777,中控技术,2025-10-13 11:24:48,58.09,3879,58.08,U
sh688777,中控技术,2025-10-13 11:24:54,58.09,6435,58.09,U
sh688777,中控技术,2025-10-13 11:25:09,58.1,4001,58.09,U
sh688777,中控技术,2025-10-13 11:25:15,58.09,6366,58.1,D
sh688777,中控技术,2025-10-13 11:25:18,58.11,8854,58.09,U
sh688777,中控技术,2025-10-13 11:25:36,58.09,5657,58.1,D
sh688777,中控技术,2025-10-13 11:25:39,58.11,10622,58.09,U
sh688777,中控技术,2025-10-13 11:25:48,58.13,5451,58.11,U
sh688777,中控技术,2025-10-13 11:25:53,58.12,3475,58.13,D
sh688777,中控技术,2025-10-13 11:25:59,58.12,3909,58.13,U
sh688777,中控技术,2025-10-13 11:26:03,58.09,11205,58.12,D
sh688777,中控技术,2025-10-13 11:26:06,58.08,8364,58.09,D
sh688777,中控技术,2025-10-13 11:26:09,58.07,8603,58.08,D
sh688777,中控技术,2025-10-13 11:26:12,58.09,10209,58.07,U
sh688777,中控技术,2025-10-13 11:26:54,58.06,7715,58.05,D
sh688777,中控技术,2025-10-13 11:26:57,58.04,16000,58.06,D
sh688777,中控技术,2025-10-13 11:27:06,58.01,7308,58.03,D
sh688777,中控技术,2025-10-13 11:27:09,58.02,3742,58.01,E
sh688777,中控技术,2025-10-13 11:27:24,58.02,5205,58.03,D
sh688777,中控技术,2025-10-13 11:27:36,58.01,5145,58.02,D
sh688777,中控技术,2025-10-13 11:27:42,58.01,9868,58.02,D
sh688777,中控技术,2025-10-13 11:27:48,58.0,11686,58.02,D
sh688777,中控技术,2025-10-13 11:27:54,58.01,6496,58.0,U
sh688777,中控技术,2025-10-13 11:28:18,58.01,5988,58.0,U
sh688777,中控技术,2025-10-13 11:28:21,58.01,19735,58.01,U
sh688777,中控技术,2025-10-13 11:28:27,58.0,4710,58.01,D
sh688777,中控技术,2025-10-13 11:28:45,58.03,3800,58.02,U
sh688777,中控技术,2025-10-13 11:28:53,58.01,6151,58.01,D
sh688777,中控技术,2025-10-13 11:29:09,58.02,8922,58.02,D
sh688777,中控技术,2025-10-13 11:29:12,58.01,7907,58.02,D
sh688777,中控技术,2025-10-13 11:29:18,58.02,10036,58.02,U
sh688777,中控技术,2025-10-13 11:29:45,58.0,4449,58.01,D
sh688777,中控技术,2025-10-13 11:29:48,58.0,10077,58.0,D
sh688777,中控技术,2025-10-13 13:00:02,58.02,13776,58.0,U
sh688777,中控技术,2025-10-13 13:00:06,57.98,27254,58.02,D
sh688777,中控技术,2025-10-13 13:00:08,57.99,13977,57.98,U
sh688777,中控技术,2025-10-13 13:00:12,57.96,12156,57.99,D
sh688777,中控技术,2025-10-13 13:00:15,57.95,5550,57.96,D
sh688777,中控技术,2025-10-13 13:00:18,57.91,14511,57.95,D
sh688777,中控技术,2025-10-13 13:00:21,57.9,6683,57.91,D
sh688777,中控技术,2025-10-13 13:00:24,57.89,5707,57.9,D
sh688777,中控技术,2025-10-13 13:00:27,57.88,18435,57.89,D
sh688777,中控技术,2025-10-13 13:00:29,57.82,19414,57.88,D
sh688777,中控技术,2025-10-13 13:00:33,57.8,9577,57.82,D
sh688777,中控技术,2025-10-13 13:00:36,57.8,6573,57.8,D
sh688777,中控技术,2025-10-13 13:00:39,57.8,7066,57.8,D
sh688777,中控技术,2025-10-13 13:00:42,57.79,6774,57.8,D
sh688777,中控技术,2025-10-13 13:00:50,57.78,9051,57.78,D
sh688777,中控技术,2025-10-13 13:00:53,57.8,10050,57.78,U
sh688777,中控技术,2025-10-13 13:01:00,57.75,7806,57.8,D
sh688777,中控技术,2025-10-13 13:01:12,57.8,12536,57.74,U
sh688777,中控技术,2025-10-13 13:01:15,57.8,7604,57.8,D
sh688777,中控技术,2025-10-13 13:01:18,57.8,14640,57.8,D
sh688777,中控技术,2025-10-13 13:01:24,57.8,3798,57.8,D
sh688777,中控技术,2025-10-13 13:01:27,57.81,12375,57.8,U
sh688777,中控技术,2025-10-13 13:01:36,57.85,4420,57.81,U
sh688777,中控技术,2025-10-13 13:02:03,57.92,4393,57.88,U
sh688777,中控技术,2025-10-13 13:02:06,58.0,34943,57.92,U
sh688777,中控技术,2025-10-13 13:02:18,58.04,11658,58.01,U
sh688777,中控技术,2025-10-13 13:02:27,58.08,5400,58.05,U
sh688777,中控技术,2025-10-13 13:02:51,58.08,4297,58.08,D
sh688777,中控技术,2025-10-13 13:03:12,58.12,64572,58.08,U
sh688777,中控技术,2025-10-13 13:03:21,58.18,5500,58.16,U
sh688777,中控技术,2025-10-13 13:03:23,58.3,71208,58.18,U
sh688777,中控技术,2025-10-13 13:03:30,58.37,3585,58.37,U
sh688777,中控技术,2025-10-13 13:03:33,58.32,5344,58.37,D
sh688777,中控技术,2025-10-13 13:03:39,58.33,7128,58.22,U
sh688777,中控技术,2025-10-13 13:03:44,58.31,3612,58.31,U
sh688777,中控技术,2025-10-13 13:03:48,58.33,5272,58.31,U
sh688777,中控技术,2025-10-13 13:03:51,58.31,4871,58.33,D
sh688777,中控技术,2025-10-13 13:03:54,58.31,4917,58.31,D
sh688777,中控技术,2025-10-13 13:03:56,58.25,12114,58.31,D
sh688777,中控技术,2025-10-13 13:04:00,58.36,8498,58.25,U
sh688777,中控技术,2025-10-13 13:04:06,58.24,5965,58.26,D
sh688777,中控技术,2025-10-13 13:04:27,58.2,15757,58.2,D
sh688777,中控技术,2025-10-13 13:04:35,58.2,3844,58.2,U
sh688777,中控技术,2025-10-13 13:04:45,58.08,6126,58.08,D
sh688777,中控技术,2025-10-13 13:05:06,58.22,45836,58.11,U
sh688777,中控技术,2025-10-13 13:05:15,58.23,6108,58.11,U
sh688777,中控技术,2025-10-13 13:05:20,58.24,11098,58.24,U
sh688777,中控技术,2025-10-13 13:05:32,58.28,3666,58.28,E
sh688777,中控技术,2025-10-13 13:06:03,58.27,6797,58.29,D
sh688777,中控技术,2025-10-13 13:06:15,58.24,10708,58.24,D
sh688777,中控技术,2025-10-13 13:06:27,58.11,3476,58.1,E
sh688777,中控技术,2025-10-13 13:06:36,58.08,13740,58.12,D
sh688777,中控技术,2025-10-13 13:06:39,58.1,4636,58.08,U
sh688777,中控技术,2025-10-13 13:06:51,58.16,5700,58.18,E
sh688777,中控技术,2025-10-13 13:07:33,58.19,4506,58.19,U
sh688777,中控技术,2025-10-13 13:07:38,58.2,5843,58.19,D
sh688777,中控技术,2025-10-13 13:07:51,58.2,3991,58.22,D
sh688777,中控技术,2025-10-13 13:08:03,58.24,11125,58.23,U
sh688777,中控技术,2025-10-13 13:08:05,58.23,5940,58.24,D
sh688777,中控技术,2025-10-13 13:08:12,58.3,9895,58.23,U
sh688777,中控技术,2025-10-13 13:08:15,58.36,5100,58.3,U
sh688777,中控技术,2025-10-13 13:08:23,58.4,3819,58.4,D
sh688777,中控技术,2025-10-13 13:08:33,58.45,11930,58.47,D
sh688777,中控技术,2025-10-13 13:08:36,58.47,5826,58.45,U
sh688777,中控技术,2025-10-13 13:08:47,58.39,7298,58.44,D
sh688777,中控技术,2025-10-13 13:08:51,58.45,4213,58.39,U
sh688777,中控技术,2025-10-13 13:08:54,58.47,4790,58.45,U
sh688777,中控技术,2025-10-13 13:09:03,58.42,17638,58.47,D
sh688777,中控技术,2025-10-13 13:09:15,58.46,8717,58.4,U
sh688777,中控技术,2025-10-13 13:09:27,58.46,3700,58.45,U
sh688777,中控技术,2025-10-13 13:09:42,58.44,3777,58.44,D
sh688777,中控技术,2025-10-13 13:09:48,58.38,4929,58.39,D
sh688777,中控技术,2025-10-13 13:10:06,58.3,5383,58.35,D
sh688777,中控技术,2025-10-13 13:10:23,58.35,7803,58.35,U
sh688777,中控技术,2025-10-13 13:10:33,58.35,17780,58.36,D
sh688777,中控技术,2025-10-13 13:10:35,58.3,5970,58.35,D
sh688777,中控技术,2025-10-13 13:10:44,58.25,23095,58.35,D
sh688777,中控技术,2025-10-13 13:10:47,58.24,9880,58.25,D
sh688777,中控技术,2025-10-13 13:10:54,58.24,9600,58.2,U
sh688777,中控技术,2025-10-13 13:11:32,58.14,4614,58.15,D
sh688777,中控技术,2025-10-13 13:11:42,58.1,29240,58.11,D
sh688777,中控技术,2025-10-13 13:11:54,58.14,10023,58.09,U
sh688777,中控技术,2025-10-13 13:11:56,58.1,6451,58.14,D
sh688777,中控技术,2025-10-13 13:12:09,58.2,3753,58.16,U
sh688777,中控技术,2025-10-13 13:12:24,58.17,13455,58.24,D
sh688777,中控技术,2025-10-13 13:12:26,58.33,6394,58.17,U
sh688777,中控技术,2025-10-13 13:12:54,58.17,12230,58.2,D
sh688777,中控技术,2025-10-13 13:13:06,58.12,3559,58.17,D
sh688777,中控技术,2025-10-13 13:13:12,58.11,4013,58.12,E
sh688777,中控技术,2025-10-13 13:13:45,58.15,4113,58.15,U
sh688777,中控技术,2025-10-13 13:14:09,58.2,5309,58.15,U
sh688777,中控技术,2025-10-13 13:14:23,58.16,5000,58.2,D
sh688777,中控技术,2025-10-13 13:14:33,58.19,7188,58.22,D
sh688777,中控技术,2025-10-13 13:14:36,58.17,22226,58.19,U
sh688777,中控技术,2025-10-13 13:14:42,58.18,10520,58.16,E
sh688777,中控技术,2025-10-13 13:14:45,58.2,8201,58.18,U
sh688777,中控技术,2025-10-13 13:14:50,58.16,5726,58.13,U
sh688777,中控技术,2025-10-13 13:15:03,58.15,3900,58.22,D
sh688777,中控技术,2025-10-13 13:15:06,58.14,4839,58.15,D
sh688777,中控技术,2025-10-13 13:15:14,58.14,7713,58.14,U
sh688777,中控技术,2025-10-13 13:15:23,58.09,14205,58.1,D
sh688777,中控技术,2025-10-13 13:15:27,58.08,9323,58.09,D
sh688777,中控技术,2025-10-13 13:15:30,58.06,9225,58.08,D
sh688777,中控技术,2025-10-13 13:15:32,58.08,5161,58.06,U
sh688777,中控技术,2025-10-13 13:15:36,58.08,3771,58.08,U
sh688777,中控技术,2025-10-13 13:15:41,58.09,5246,58.09,D
sh688777,中控技术,2025-10-13 13:15:51,58.09,5000,58.1,D
sh688777,中控技术,2025-10-13 13:15:56,58.1,5202,58.09,D
sh688777,中控技术,2025-10-13 13:16:12,58.1,6243,58.1,U
sh688777,中控技术,2025-10-13 13:16:24,58.08,6225,58.09,D
sh688777,中控技术,2025-10-13 13:16:33,58.09,15817,58.09,U
sh688777,中控技术,2025-10-13 13:16:57,58.07,20117,58.09,D
sh688777,中控技术,2025-10-13 13:17:03,58.06,25519,58.07,D
sh688777,中控技术,2025-10-13 13:17:08,58.0,26221,58.07,D
sh688777,中控技术,2025-10-13 13:17:12,58.0,9285,58.0,D
sh688777,中控技术,2025-10-13 13:17:15,58.0,7969,58.0,D
sh688777,中控技术,2025-10-13 13:17:26,58.02,5554,58.0,U
sh688777,中控技术,2025-10-13 13:17:29,58.03,4313,58.02,U
sh688777,中控技术,2025-10-13 13:17:33,58.09,11342,58.03,U
sh688777,中控技术,2025-10-13 13:17:45,58.09,4483,58.14,D
sh688777,中控技术,2025-10-13 13:17:53,58.1,6257,58.1,U
sh688777,中控技术,2025-10-13 13:18:17,58.09,6000,58.09,D
sh688777,中控技术,2025-10-13 13:18:21,58.1,9088,58.09,U
sh688777,中控技术,2025-10-13 13:18:39,58.08,8415,58.08,D
sh688777,中控技术,2025-10-13 13:19:15,58.03,3586,58.03,D
sh688777,中控技术,2025-10-13 13:19:18,58.03,10743,58.03,U
sh688777,中控技术,2025-10-13 13:19:21,58.03,13747,58.03,U
sh688777,中控技术,2025-10-13 13:19:23,57.99,9232,58.03,D
sh688777,中控技术,2025-10-13 13:19:33,58.03,14284,58.0,U
sh688777,中控技术,2025-10-13 13:19:45,58.01,4700,57.99,U
sh688777,中控技术,2025-10-13 13:19:57,58.01,5599,58.0,U
sh688777,中控技术,2025-10-13 13:19:59,58.0,9530,58.01,D
sh688777,中控技术,2025-10-13 13:20:27,58.0,5609,58.0,U
sh688777,中控技术,2025-10-13 13:20:33,58.01,9566,58.0,U
sh688777,中控技术,2025-10-13 13:21:18,58.0,3795,58.02,D
sh688777,中控技术,2025-10-13 13:21:24,57.98,7892,58.0,D
sh688777,中控技术,2025-10-13 13:21:26,57.96,4000,57.98,D
sh688777,中控技术,2025-10-13 13:21:33,57.98,13668,57.98,U
sh688777,中控技术,2025-10-13 13:22:14,57.94,11453,57.97,D
sh688777,中控技术,2025-10-13 13:22:23,57.94,3808,57.97,D
sh688777,中控技术,2025-10-13 13:22:27,57.97,5207,57.94,U
sh688777,中控技术,2025-10-13 13:22:33,57.95,6955,57.94,U
sh688777,中控技术,2025-10-13 13:22:47,57.98,7328,57.95,U
sh688777,中控技术,2025-10-13 13:22:51,57.99,8648,57.98,U
sh688777,中控技术,2025-10-13 13:22:54,57.95,5795,57.99,D
sh688777,中控技术,2025-10-13 13:23:12,57.94,5000,57.96,D
sh688777,中控技术,2025-10-13 13:23:24,57.95,19740,57.94,E
sh688777,中控技术,2025-10-13 13:23:27,57.9,5802,57.95,D
sh688777,中控技术,2025-10-13 13:23:29,57.9,9090,57.9,D
sh688777,中控技术,2025-10-13 13:23:32,57.96,10047,57.9,U
sh688777,中控技术,2025-10-13 13:23:42,57.95,7276,57.96,D
sh688777,中控技术,2025-10-13 13:23:54,57.93,4712,57.97,U
sh688777,中控技术,2025-10-13 13:24:03,57.97,4052,57.93,U
sh688777,中控技术,2025-10-13 13:24:15,58.03,5323,57.99,U
sh688777,中控技术,2025-10-13 13:24:30,57.99,3721,58.04,D
sh688777,中控技术,2025-10-13 13:24:33,58.06,4584,57.99,U
sh688777,中控技术,2025-10-13 13:24:42,58.06,4396,58.06,D
sh688777,中控技术,2025-10-13 13:24:51,58.0,4018,58.06,D
sh688777,中控技术,2025-10-13 13:25:12,58.0,4981,58.04,D
sh688777,中控技术,2025-10-13 13:25:24,58.06,20826,58.0,U
sh688777,中控技术,2025-10-13 13:25:27,58.07,7673,58.06,D
sh688777,中控技术,2025-10-13 13:25:33,58.09,4522,58.07,U
sh688777,中控技术,2025-10-13 13:25:42,58.09,9845,58.09,D
sh688777,中控技术,2025-10-13 13:25:45,58.1,4152,58.09,U
sh688777,中控技术,2025-10-13 13:26:06,58.2,17280,58.1,U
sh688777,中控技术,2025-10-13 13:26:09,58.2,7839,58.2,D
sh688777,中控技术,2025-10-13 13:26:11,58.2,9999,58.2,D
sh688777,中控技术,2025-10-13 13:26:36,58.2,3705,58.19,U
sh688777,中控技术,2025-10-13 13:26:38,58.1,12033,58.2,D
sh688777,中控技术,2025-10-13 13:26:54,58.1,4236,58.1,D
sh688777,中控技术,2025-10-13 13:27:12,58.12,5531,58.09,U
sh688777,中控技术,2025-10-13 13:27:21,58.13,3606,58.12,U
sh688777,中控技术,2025-10-13 13:27:24,58.15,4668,58.13,U
sh688777,中控技术,2025-10-13 13:27:33,58.16,4493,58.13,U
sh688777,中控技术,2025-10-13 13:27:54,58.17,4049,58.18,D
sh688777,中控技术,2025-10-13 13:28:00,58.2,16604,58.15,U
sh688777,中控技术,2025-10-13 13:28:06,58.22,3928,58.21,U
sh688777,中控技术,2025-10-13 13:28:33,58.35,11271,58.25,U
sh688777,中控技术,2025-10-13 13:28:39,58.3,5840,58.3,D
sh688777,中控技术,2025-10-13 13:28:51,58.38,6521,58.38,U
sh688777,中控技术,2025-10-13 13:28:54,58.34,5051,58.38,D
sh688777,中控技术,2025-10-13 13:28:57,58.38,5200,58.34,E
sh688777,中控技术,2025-10-13 13:29:00,58.37,8594,58.38,E
sh688777,中控技术,2025-10-13 13:29:03,58.34,8238,58.37,D
sh688777,中控技术,2025-10-13 13:29:09,58.38,3653,58.34,U
sh688777,中控技术,2025-10-13 13:29:15,58.39,8265,58.35,U
sh688777,中控技术,2025-10-13 13:29:21,58.4,38632,58.39,U
sh688777,中控技术,2025-10-13 13:29:24,58.44,5791,58.4,U
sh688777,中控技术,2025-10-13 13:29:36,58.4,7625,58.4,D
sh688777,中控技术,2025-10-13 13:29:54,58.47,10880,58.45,U
sh688777,中控技术,2025-10-13 13:30:00,58.49,13731,58.46,U
sh688777,中控技术,2025-10-13 13:30:03,58.57,5851,58.49,U
sh688777,中控技术,2025-10-13 13:30:15,58.56,8551,58.57,D
sh688777,中控技术,2025-10-13 13:30:18,58.57,6775,58.56,U
sh688777,中控技术,2025-10-13 13:30:21,58.55,4025,58.57,D
sh688777,中控技术,2025-10-13 13:30:33,58.6,101582,58.53,U
sh688777,中控技术,2025-10-13 13:30:56,58.78,19922,58.69,U
sh688777,中控技术,2025-10-13 13:31:03,58.75,20070,58.75,D
sh688777,中控技术,2025-10-13 13:31:06,58.78,5974,58.75,E
sh688777,中控技术,2025-10-13 13:31:09,58.86,14400,58.78,U
sh688777,中控技术,2025-10-13 13:31:12,58.86,7012,58.86,D
sh688777,中控技术,2025-10-13 13:31:18,58.78,4360,58.84,D
sh688777,中控技术,2025-10-13 13:31:33,58.87,6257,58.86,U
sh688777,中控技术,2025-10-13 13:31:36,58.86,28918,58.87,D
sh688777,中控技术,2025-10-13 13:31:39,58.86,8569,58.86,D
sh688777,中控技术,2025-10-13 13:32:00,58.86,12688,58.82,U
sh688777,中控技术,2025-10-13 13:32:09,58.81,7442,58.81,U
sh688777,中控技术,2025-10-13 13:32:17,58.8,3521,58.79,U
sh688777,中控技术,2025-10-13 13:32:27,58.77,3515,58.77,D
sh688777,中控技术,2025-10-13 13:32:30,58.77,6984,58.77,D
sh688777,中控技术,2025-10-13 13:32:33,58.79,10892,58.77,U
sh688777,中控技术,2025-10-13 13:32:35,58.8,6171,58.79,U
sh688777,中控技术,2025-10-13 13:32:39,58.79,15712,58.8,D
sh688777,中控技术,2025-10-13 13:32:42,58.78,3700,58.79,D
sh688777,中控技术,2025-10-13 13:32:48,58.8,18947,58.77,U
sh688777,中控技术,2025-10-13 13:32:57,58.81,9035,58.77,U
sh688777,中控技术,2025-10-13 13:32:59,58.82,10289,58.81,U
sh688777,中控技术,2025-10-13 13:33:03,58.83,8042,58.82,U
sh688777,中控技术,2025-10-13 13:33:09,58.85,6098,58.83,U
sh688777,中控技术,2025-10-13 13:33:12,58.85,36697,58.85,D
sh688777,中控技术,2025-10-13 13:33:18,58.93,3500,58.86,U
sh688777,中控技术,2025-10-13 13:33:24,58.92,9324,58.86,U
sh688777,中控技术,2025-10-13 13:33:27,58.92,11508,58.92,D
sh688777,中控技术,2025-10-13 13:33:30,58.93,20000,58.92,U
sh688777,中控技术,2025-10-13 13:33:33,58.93,5377,58.93,U
sh688777,中控技术,2025-10-13 13:33:35,58.93,3493,58.93,D
sh688777,中控技术,2025-10-13 13:33:39,58.93,12000,58.93,D
sh688777,中控技术,2025-10-13 13:33:45,59.0,50200,58.98,U
sh688777,中控技术,2025-10-13 13:33:48,59.0,36200,59.0,U
sh688777,中控技术,2025-10-13 13:33:54,59.0,14442,58.98,U
sh688777,中控技术,2025-10-13 13:33:57,59.0,7748,59.0,D
sh688777,中控技术,2025-10-13 13:34:03,59.04,16673,59.01,E
sh688777,中控技术,2025-10-13 13:34:06,59.0,3934,59.04,D
sh688777,中控技术,2025-10-13 13:34:09,59.01,7765,59.0,E
sh688777,中控技术,2025-10-13 13:34:12,59.0,7827,59.01,D
sh688777,中控技术,2025-10-13 13:34:15,58.98,4953,59.0,D
sh688777,中控技术,2025-10-13 13:34:18,58.96,9435,58.98,D
sh688777,中控技术,2025-10-13 13:34:24,58.92,21897,58.94,D
sh688777,中控技术,2025-10-13 13:34:27,58.91,7266,58.92,E
sh688777,中控技术,2025-10-13 13:34:33,58.91,5963,58.85,U
sh688777,中控技术,2025-10-13 13:34:39,58.92,3482,58.91,U
sh688777,中控技术,2025-10-13 13:34:57,58.92,32862,58.92,D
sh688777,中控技术,2025-10-13 13:35:08,58.84,3532,58.86,D
sh688777,中控技术,2025-10-13 13:35:12,58.8,10026,58.84,D
sh688777,中控技术,2025-10-13 13:35:18,58.83,5268,58.83,D
sh688777,中控技术,2025-10-13 13:35:21,58.86,15410,58.83,U
sh688777,中控技术,2025-10-13 13:35:24,58.86,5887,58.86,U
sh688777,中控技术,2025-10-13 13:35:30,58.83,3452,58.86,D
sh688777,中控技术,2025-10-13 13:35:36,58.83,12227,58.83,D
sh688777,中控技术,2025-10-13 13:35:44,58.81,6122,58.81,D
sh688777,中控技术,2025-10-13 13:35:48,58.8,26664,58.81,D
sh688777,中控技术,2025-10-13 13:35:51,58.82,79902,58.8,U
sh688777,中控技术,2025-10-13 13:35:54,58.82,37140,58.82,D
sh688777,中控技术,2025-10-13 13:35:57,58.83,6945,58.82,U
sh688777,中控技术,2025-10-13 13:36:00,58.82,65418,58.83,D
sh688777,中控技术,2025-10-13 13:36:06,58.82,10226,58.82,D
sh688777,中控技术,2025-10-13 13:36:09,58.85,3516,58.82,U
sh688777,中控技术,2025-10-13 13:36:15,58.85,5064,58.85,U
sh688777,中控技术,2025-10-13 13:36:21,58.85,14942,58.85,D
sh688777,中控技术,2025-10-13 13:36:30,58.94,11138,58.88,U
sh688777,中控技术,2025-10-13 13:36:42,59.0,6565,58.99,U
sh688777,中控技术,2025-10-13 13:36:45,59.0,5419,59.0,U
sh688777,中控技术,2025-10-13 13:36:51,59.0,4670,58.99,U
sh688777,中控技术,2025-10-13 13:36:54,58.99,7683,59.0,D
sh688777,中控技术,2025-10-13 13:37:08,59.08,4938,59.04,U
sh688777,中控技术,2025-10-13 13:37:11,59.05,8662,59.08,E
sh688777,中控技术,2025-10-13 13:37:15,59.07,3900,59.05,E
sh688777,中控技术,2025-10-13 13:37:18,59.08,3670,59.07,U
sh688777,中控技术,2025-10-13 13:37:21,59.08,4767,59.08,U
sh688777,中控技术,2025-10-13 13:37:24,59.08,5018,59.08,U
sh688777,中控技术,2025-10-13 13:37:27,59.09,6205,59.08,U
sh688777,中控技术,2025-10-13 13:37:30,59.1,22674,59.09,U
sh688777,中控技术,2025-10-13 13:37:36,59.1,13942,59.08,U
sh688777,中控技术,2025-10-13 13:37:45,59.11,4883,59.1,U
sh688777,中控技术,2025-10-13 13:37:48,59.11,3650,59.11,D
sh688777,中控技术,2025-10-13 13:37:51,59.15,25672,59.11,U
sh688777,中控技术,2025-10-13 13:37:54,59.14,3834,59.15,U
sh688777,中控技术,2025-10-13 13:37:57,59.14,3500,59.14,U
sh688777,中控技术,2025-10-13 13:38:00,59.13,3700,59.14,D
sh688777,中控技术,2025-10-13 13:38:03,59.13,4167,59.13,D
sh688777,中控技术,2025-10-13 13:38:09,59.09,38282,59.12,D
sh688777,中控技术,2025-10-13 13:38:12,59.07,6064,59.09,D
sh688777,中控技术,2025-10-13 13:38:18,59.07,8100,59.07,D
sh688777,中控技术,2025-10-13 13:38:21,59.04,13152,59.07,D
sh688777,中控技术,2025-10-13 13:38:24,59.08,9009,59.04,U
sh688777,中控技术,2025-10-13 13:38:30,59.11,22569,59.04,U
sh688777,中控技术,2025-10-13 13:38:33,59.11,8974,59.11,D
sh688777,中控技术,2025-10-13 13:38:35,59.11,17091,59.11,D
sh688777,中控技术,2025-10-13 13:38:42,59.12,3479,59.11,U
sh688777,中控技术,2025-10-13 13:38:45,59.11,12000,59.12,D
sh688777,中控技术,2025-10-13 13:38:48,59.12,3823,59.11,U
sh688777,中控技术,2025-10-13 13:38:51,59.11,8411,59.12,D
sh688777,中控技术,2025-10-13 13:38:54,59.12,3794,59.11,U
sh688777,中控技术,2025-10-13 13:38:57,59.0,41853,59.12,D
sh688777,中控技术,2025-10-13 13:39:03,59.0,9009,59.0,U
sh688777,中控技术,2025-10-13 13:39:11,59.0,6989,59.0,D
sh688777,中控技术,2025-10-13 13:39:24,58.98,6176,58.98,U
sh688777,中控技术,2025-10-13 13:39:29,58.97,8186,58.98,D
sh688777,中控技术,2025-10-13 13:39:39,58.98,3992,58.98,U
sh688777,中控技术,2025-10-13 13:39:42,58.97,10141,58.98,D
sh688777,中控技术,2025-10-13 13:39:48,58.98,8554,58.97,U
sh688777,中控技术,2025-10-13 13:40:00,58.98,15004,58.98,D
sh688777,中控技术,2025-10-13 13:40:18,59.06,10836,59.0,U
sh688777,中控技术,2025-10-13 13:40:27,59.06,3863,59.06,U
sh688777,中控技术,2025-10-13 13:40:42,59.06,5856,59.06,U
sh688777,中控技术,2025-10-13 13:40:45,59.02,11600,59.06,D
sh688777,中控技术,2025-10-13 13:40:48,59.09,8485,59.02,U
sh688777,中控技术,2025-10-13 13:40:51,59.06,6538,59.09,E
sh688777,中控技术,2025-10-13 13:40:53,59.1,6209,59.06,U
sh688777,中控技术,2025-10-13 13:41:00,59.1,8544,59.09,U
sh688777,中控技术,2025-10-13 13:41:02,59.09,3400,59.1,D
sh688777,中控技术,2025-10-13 13:41:06,59.09,6801,59.09,D
sh688777,中控技术,2025-10-13 13:41:09,59.1,14482,59.09,U
sh688777,中控技术,2025-10-13 13:41:12,59.09,10183,59.1,D
sh688777,中控技术,2025-10-13 13:41:27,59.09,8800,59.07,U
sh688777,中控技术,2025-10-13 13:41:29,59.13,12700,59.09,U
sh688777,中控技术,2025-10-13 13:41:36,59.15,10000,59.13,U
sh688777,中控技术,2025-10-13 13:41:39,59.15,10732,59.15,U
sh688777,中控技术,2025-10-13 13:41:42,59.15,3470,59.15,U
sh688777,中控技术,2025-10-13 13:41:48,59.1,9567,59.15,D
sh688777,中控技术,2025-10-13 13:41:57,59.1,7055,59.1,U
sh688777,中控技术,2025-10-13 13:42:00,59.06,5157,59.1,D
sh688777,中控技术,2025-10-13 13:42:03,59.06,5687,59.06,D
sh688777,中控技术,2025-10-13 13:42:06,59.1,9230,59.06,U
sh688777,中控技术,2025-10-13 13:42:15,59.1,5050,59.1,U
sh688777,中控技术,2025-10-13 13:42:30,59.07,20125,59.09,D
sh688777,中控技术,2025-10-13 13:42:36,59.06,8046,59.07,D
sh688777,中控技术,2025-10-13 13:42:39,59.08,4283,59.06,U
sh688777,中控技术,2025-10-13 13:42:45,59.06,12012,59.08,D
sh688777,中控技术,2025-10-13 13:42:48,59.08,7491,59.06,U
sh688777,中控技术,2025-10-13 13:42:51,59.15,8411,59.08,U
sh688777,中控技术,2025-10-13 13:42:54,59.15,16699,59.15,E
sh688777,中控技术,2025-10-13 13:42:57,59.18,17537,59.15,U
sh688777,中控技术,2025-10-13 13:43:00,59.2,37245,59.18,U
sh688777,中控技术,2025-10-13 13:43:03,59.2,44212,59.2,U
sh688777,中控技术,2025-10-13 13:43:06,59.22,14049,59.2,U
sh688777,中控技术,2025-10-13 13:43:11,59.2,48200,59.22,D
sh688777,中控技术,2025-10-13 13:43:14,59.2,11429,59.2,D
sh688777,中控技术,2025-10-13 13:43:18,59.22,4464,59.2,U
sh688777,中控技术,2025-10-13 13:43:30,59.05,7375,59.08,D
sh688777,中控技术,2025-10-13 13:43:44,59.02,4545,59.02,D
sh688777,中控技术,2025-10-13 13:43:48,59.02,6435,59.02,E
sh688777,中控技术,2025-10-13 13:43:53,59.08,5648,59.08,U
sh688777,中控技术,2025-10-13 13:43:57,59.05,4047,59.08,E
sh688777,中控技术,2025-10-13 13:44:09,59.0,6000,59.07,D
sh688777,中控技术,2025-10-13 13:44:24,59.0,6000,59.0,D
sh688777,中控技术,2025-10-13 13:44:26,58.99,4484,59.0,D
sh688777,中控技术,2025-10-13 13:44:33,59.0,13508,59.0,U
sh688777,中控技术,2025-10-13 13:44:42,59.0,3729,59.0,D
sh688777,中控技术,2025-10-13 13:44:54,59.0,5700,59.0,D
sh688777,中控技术,2025-10-13 13:44:56,59.0,4402,59.0,D
sh688777,中控技术,2025-10-13 13:45:00,59.0,12880,59.0,D
sh688777,中控技术,2025-10-13 13:45:03,59.0,8301,59.0,D
sh688777,中控技术,2025-10-13 13:45:06,59.0,9341,59.0,D
sh688777,中控技术,2025-10-13 13:45:09,59.04,8549,59.0,U
sh688777,中控技术,2025-10-13 13:45:12,59.04,8806,59.04,D
sh688777,中控技术,2025-10-13 13:45:30,59.02,11000,59.01,E
sh688777,中控技术,2025-10-13 13:45:32,59.0,18945,59.02,D
sh688777,中控技术,2025-10-13 13:45:36,58.99,28738,59.0,D
sh688777,中控技术,2025-10-13 13:45:39,58.98,8301,58.99,D
sh688777,中控技术,2025-10-13 13:45:41,58.95,4200,58.98,D
sh688777,中控技术,2025-10-13 13:45:51,58.88,8171,58.95,D
sh688777,中控技术,2025-10-13 13:46:09,58.84,4305,58.85,D
sh688777,中控技术,2025-10-13 13:46:18,58.8,8320,58.84,D
sh688777,中控技术,2025-10-13 13:46:27,58.8,14756,58.8,D
sh688777,中控技术,2025-10-13 13:46:30,58.8,12113,58.8,D
sh688777,中控技术,2025-10-13 13:46:33,58.8,10162,58.8,D
sh688777,中控技术,2025-10-13 13:46:36,58.77,21408,58.8,D
sh688777,中控技术,2025-10-13 13:46:39,58.8,3983,58.77,U
sh688777,中控技术,2025-10-13 13:46:54,58.78,13849,58.8,D
sh688777,中控技术,2025-10-13 13:46:57,58.77,7627,58.78,D
sh688777,中控技术,2025-10-13 13:47:06,58.84,9485,58.78,U
sh688777,中控技术,2025-10-13 13:47:24,58.8,4372,58.8,D
sh688777,中控技术,2025-10-13 13:47:27,58.81,12151,58.8,U
sh688777,中控技术,2025-10-13 13:47:45,58.81,9210,58.81,D
sh688777,中控技术,2025-10-13 13:47:54,58.8,7102,58.81,D
sh688777,中控技术,2025-10-13 13:47:57,58.79,10960,58.8,D
sh688777,中控技术,2025-10-13 13:48:56,58.77,24999,58.77,D
sh688777,中控技术,2025-10-13 13:49:00,58.77,21804,58.77,D
sh688777,中控技术,2025-10-13 13:49:03,58.79,12281,58.77,U
sh688777,中控技术,2025-10-13 13:49:15,58.85,3586,58.83,U
sh688777,中控技术,2025-10-13 13:49:33,58.85,5015,58.85,D
sh688777,中控技术,2025-10-13 13:50:30,58.98,15259,58.86,U
sh688777,中控技术,2025-10-13 13:51:00,58.92,5127,58.91,U
sh688777,中控技术,2025-10-13 13:51:18,58.98,3600,58.88,U
sh688777,中控技术,2025-10-13 13:51:41,58.97,4259,58.94,U
sh688777,中控技术,2025-10-13 13:51:53,58.97,4224,58.97,D
sh688777,中控技术,2025-10-13 13:52:09,58.94,3616,58.94,U
sh688777,中控技术,2025-10-13 13:52:15,58.93,7437,58.94,D
sh688777,中控技术,2025-10-13 13:52:27,58.97,9192,58.93,U
sh688777,中控技术,2025-10-13 13:52:54,58.98,9419,58.97,U
sh688777,中控技术,2025-10-13 13:53:00,58.98,18553,58.98,D
sh688777,中控技术,2025-10-13 13:53:03,58.98,4000,58.98,D
sh688777,中控技术,2025-10-13 13:53:06,58.99,5400,58.98,D
