symbol,name,ticktime,price,volume,prev_price,kind
sh688777,中控技术,2025-09-18 09:25:02,51.46,23870,0.0,U
sh688777,中控技术,2025-09-18 09:30:03,51.45,7537,51.4,U
sh688777,中控技术,2025-09-18 09:30:06,51.31,12692,51.45,D
sh688777,中控技术,2025-09-18 09:30:10,51.31,10200,51.31,D
sh688777,中控技术,2025-09-18 09:30:21,51.45,14208,51.4,U
sh688777,中控技术,2025-09-18 09:30:24,51.44,12404,51.45,E
sh688777,中控技术,2025-09-18 09:30:27,51.45,22434,51.44,U
sh688777,中控技术,2025-09-18 09:30:31,51.4,9772,51.45,D
sh688777,中控技术,2025-09-18 09:30:33,51.55,18392,51.4,U
sh688777,中控技术,2025-09-18 09:30:37,51.5,8600,51.55,E
sh688777,中控技术,2025-09-18 09:30:40,51.43,22157,51.5,D
sh688777,中控技术,2025-09-18 09:30:43,51.45,8137,51.43,E
sh688777,中控技术,2025-09-18 09:30:46,51.45,10217,51.45,D
sh688777,中控技术,2025-09-18 09:30:48,51.5,14606,51.45,U
sh688777,中控技术,2025-09-18 09:30:51,51.49,5744,51.5,D
sh688777,中控技术,2025-09-18 09:30:54,51.58,14220,51.49,U
sh688777,中控技术,2025-09-18 09:30:58,51.56,9182,51.58,D
sh688777,中控技术,2025-09-18 09:31:01,51.58,7774,51.56,U
sh688777,中控技术,2025-09-18 09:31:04,51.46,25452,51.58,D
sh688777,中控技术,2025-09-18 09:31:07,51.46,14585,51.46,U
sh688777,中控技术,2025-09-18 09:31:10,51.51,8992,51.46,U
sh688777,中控技术,2025-09-18 09:31:13,51.49,8674,51.51,D
sh688777,中控技术,2025-09-18 09:31:15,51.59,4521,51.49,U
sh688777,中控技术,2025-09-18 09:31:18,51.59,6516,51.59,U
sh688777,中控技术,2025-09-18 09:31:22,51.51,6643,51.59,D
sh688777,中控技术,2025-09-18 09:31:25,51.52,6790,51.51,U
sh688777,中控技术,2025-09-18 09:31:28,51.59,10000,51.52,U
sh688777,中控技术,2025-09-18 09:31:34,51.52,4600,51.52,D
sh688777,中控技术,2025-09-18 09:31:40,51.52,4076,51.52,D
sh688777,中控技术,2025-09-18 09:31:43,51.51,20715,51.52,D
sh688777,中控技术,2025-09-18 09:31:46,51.5,26583,51.51,D
sh688777,中控技术,2025-09-18 09:31:52,51.51,40681,51.5,U
sh688777,中控技术,2025-09-18 09:31:54,51.51,6435,51.51,D
sh688777,中控技术,2025-09-18 09:31:58,51.6,9586,51.51,U
sh688777,中控技术,2025-09-18 09:32:03,51.52,4958,51.6,D
sh688777,中控技术,2025-09-18 09:32:09,51.49,22603,51.6,D
sh688777,中控技术,2025-09-18 09:32:19,51.6,9445,51.52,U
sh688777,中控技术,2025-09-18 09:32:21,51.62,6385,51.6,U
sh688777,中控技术,2025-09-18 09:32:31,51.6,5749,51.6,D
sh688777,中控技术,2025-09-18 09:32:42,51.56,10687,51.59,D
sh688777,中控技术,2025-09-18 09:32:52,51.6,17952,51.6,U
sh688777,中控技术,2025-09-18 09:32:55,51.6,14300,51.6,D
sh688777,中控技术,2025-09-18 09:33:00,51.62,24950,51.6,U
sh688777,中控技术,2025-09-18 09:33:03,51.63,34881,51.62,U
sh688777,中控技术,2025-09-18 09:33:07,51.63,9867,51.63,D
sh688777,中控技术,2025-09-18 09:33:10,51.61,14365,51.63,D
sh688777,中控技术,2025-09-18 09:33:12,51.62,7900,51.61,E
sh688777,中控技术,2025-09-18 09:33:16,51.63,5000,51.62,E
sh688777,中控技术,2025-09-18 09:33:21,51.55,10394,51.6,D
sh688777,中控技术,2025-09-18 09:33:25,51.59,127298,51.55,U
sh688777,中控技术,2025-09-18 09:33:34,51.64,21677,51.59,U
sh688777,中控技术,2025-09-18 09:33:37,51.7,123257,51.64,U
sh688777,中控技术,2025-09-18 09:33:40,51.67,24382,51.7,D
sh688777,中控技术,2025-09-18 09:33:49,51.8,5100,51.74,U
sh688777,中控技术,2025-09-18 09:33:55,51.78,11402,51.74,U
sh688777,中控技术,2025-09-18 09:33:57,51.79,5593,51.78,U
sh688777,中控技术,2025-09-18 09:34:00,51.79,55854,51.79,U
sh688777,中控技术,2025-09-18 09:34:03,51.87,19896,51.79,U
sh688777,中控技术,2025-09-18 09:34:07,51.96,107803,51.87,U
sh688777,中控技术,2025-09-18 09:34:09,51.85,226118,51.96,D
sh688777,中控技术,2025-09-18 09:34:12,51.8,82125,51.85,D
sh688777,中控技术,2025-09-18 09:34:16,51.8,25091,51.8,D
sh688777,中控技术,2025-09-18 09:34:19,51.79,21200,51.8,D
sh688777,中控技术,2025-09-18 09:34:22,51.89,4501,51.79,E
sh688777,中控技术,2025-09-18 09:34:24,51.92,16825,51.89,U
sh688777,中控技术,2025-09-18 09:34:31,51.9,13700,51.94,D
sh688777,中控技术,2025-09-18 09:34:33,51.9,8480,51.9,D
sh688777,中控技术,2025-09-18 09:34:37,51.9,4400,51.9,E
sh688777,中控技术,2025-09-18 09:34:39,51.89,10687,51.9,D
sh688777,中控技术,2025-09-18 09:34:48,51.9,6041,51.9,U
sh688777,中控技术,2025-09-18 09:34:51,51.9,3875,51.9,D
sh688777,中控技术,2025-09-18 09:34:54,51.9,3883,51.9,U
sh688777,中控技术,2025-09-18 09:35:01,51.88,37762,51.9,D
sh688777,中控技术,2025-09-18 09:35:04,51.88,3982,51.88,D
sh688777,中控技术,2025-09-18 09:35:06,51.86,9846,51.88,D
sh688777,中控技术,2025-09-18 09:35:09,51.83,8916,51.86,D
sh688777,中控技术,2025-09-18 09:35:13,51.86,5327,51.83,U
sh688777,中控技术,2025-09-18 09:35:15,51.82,14696,51.86,D
sh688777,中控技术,2025-09-18 09:35:19,51.79,13615,51.82,D
sh688777,中控技术,2025-09-18 09:35:24,51.8,4404,51.82,D
sh688777,中控技术,2025-09-18 09:35:30,51.83,14061,51.79,U
sh688777,中控技术,2025-09-18 09:35:34,51.83,6246,51.83,D
sh688777,中控技术,2025-09-18 09:35:39,51.84,4937,51.84,D
sh688777,中控技术,2025-09-18 09:35:49,51.85,9085,51.84,U
sh688777,中控技术,2025-09-18 09:35:52,51.86,12964,51.85,U
sh688777,中控技术,2025-09-18 09:35:54,51.96,59994,51.86,U
sh688777,中控技术,2025-09-18 09:35:57,51.95,11653,51.96,D
sh688777,中控技术,2025-09-18 09:36:16,51.92,4000,51.93,U
sh688777,中控技术,2025-09-18 09:36:18,51.95,18815,51.92,U
sh688777,中控技术,2025-09-18 09:36:22,51.95,15605,51.95,U
sh688777,中控技术,2025-09-18 09:36:24,51.94,16725,51.95,D
sh688777,中控技术,2025-09-18 09:36:27,51.94,35149,51.94,D
sh688777,中控技术,2025-09-18 09:36:31,51.96,26003,51.94,U
sh688777,中控技术,2025-09-18 09:36:42,51.95,7160,51.94,E
sh688777,中控技术,2025-09-18 09:36:45,51.96,4977,51.95,U
sh688777,中控技术,2025-09-18 09:36:51,51.96,3997,51.94,U
sh688777,中控技术,2025-09-18 09:36:54,51.99,64753,51.96,U
sh688777,中控技术,2025-09-18 09:36:57,51.96,6806,51.99,D
sh688777,中控技术,2025-09-18 09:37:04,51.97,10376,51.97,U
sh688777,中控技术,2025-09-18 09:37:10,51.96,5900,51.96,D
sh688777,中控技术,2025-09-18 09:37:15,51.91,23799,51.94,D
sh688777,中控技术,2025-09-18 09:37:18,51.86,21520,51.91,D
sh688777,中控技术,2025-09-18 09:37:24,51.85,7011,51.85,D
sh688777,中控技术,2025-09-18 09:37:34,51.85,5473,51.85,U
sh688777,中控技术,2025-09-18 09:37:37,51.82,6900,51.85,D
sh688777,中控技术,2025-09-18 09:37:45,51.85,20500,51.85,D
sh688777,中控技术,2025-09-18 09:37:49,51.82,8550,51.85,D
sh688777,中控技术,2025-09-18 09:37:58,51.81,13681,51.81,E
sh688777,中控技术,2025-09-18 09:38:01,51.84,5786,51.81,U
sh688777,中控技术,2025-09-18 09:38:04,51.82,7578,51.84,D
sh688777,中控技术,2025-09-18 09:38:10,51.82,5260,51.84,D
sh688777,中控技术,2025-09-18 09:38:19,51.83,11242,51.83,U
sh688777,中控技术,2025-09-18 09:38:34,51.8,5548,51.82,D
sh688777,中控技术,2025-09-18 09:38:40,51.81,9490,51.82,E
sh688777,中控技术,2025-09-18 09:38:49,51.8,5603,51.8,U
sh688777,中控技术,2025-09-18 09:38:58,51.79,5368,51.79,U
sh688777,中控技术,2025-09-18 09:39:00,51.83,58533,51.79,U
sh688777,中控技术,2025-09-18 09:39:07,51.79,17004,51.85,D
sh688777,中控技术,2025-09-18 09:39:18,51.85,6500,51.85,D
sh688777,中控技术,2025-09-18 09:39:25,51.85,4014,51.88,D
sh688777,中控技术,2025-09-18 09:39:36,51.82,4300,51.82,D
sh688777,中控技术,2025-09-18 09:39:39,51.82,7384,51.82,D
sh688777,中控技术,2025-09-18 09:39:52,51.83,5502,51.83,D
sh688777,中控技术,2025-09-18 09:40:03,51.8,5000,51.8,D
sh688777,中控技术,2025-09-18 09:40:18,51.81,3900,51.8,U
sh688777,中控技术,2025-09-18 09:40:25,51.83,16005,51.81,U
sh688777,中控技术,2025-09-18 09:40:39,51.85,6057,51.85,U
sh688777,中控技术,2025-09-18 09:40:46,51.92,6637,51.88,U
sh688777,中控技术,2025-09-18 09:40:48,51.94,8127,51.92,U
sh688777,中控技术,2025-09-18 09:40:54,52.03,138955,51.95,U
sh688777,中控技术,2025-09-18 09:41:04,52.05,8397,52.04,U
sh688777,中控技术,2025-09-18 09:41:07,52.0,6808,52.05,D
sh688777,中控技术,2025-09-18 09:41:12,52.03,20934,52.01,U
sh688777,中控技术,2025-09-18 09:41:16,52.0,4771,52.03,U
sh688777,中控技术,2025-09-18 09:41:18,52.0,5135,52.0,D
sh688777,中控技术,2025-09-18 09:41:22,51.92,10511,52.0,D
sh688777,中控技术,2025-09-18 09:41:24,52.0,4917,51.92,U
sh688777,中控技术,2025-09-18 09:41:27,51.86,4555,52.0,D
sh688777,中控技术,2025-09-18 09:41:33,51.93,4056,51.99,D
sh688777,中控技术,2025-09-18 09:41:36,51.98,12824,51.93,E
sh688777,中控技术,2025-09-18 09:41:40,51.98,4822,51.98,U
sh688777,中控技术,2025-09-18 09:41:42,51.98,6276,51.98,U
sh688777,中控技术,2025-09-18 09:41:51,51.9,5393,51.97,D
sh688777,中控技术,2025-09-18 09:41:55,51.95,4655,51.9,U
sh688777,中控技术,2025-09-18 09:42:04,51.91,12000,51.95,D
sh688777,中控技术,2025-09-18 09:42:06,51.91,6270,51.91,U
sh688777,中控技术,2025-09-18 09:42:15,51.91,15449,51.9,U
sh688777,中控技术,2025-09-18 09:42:18,51.86,10758,51.91,D
sh688777,中控技术,2025-09-18 09:42:24,51.85,5104,51.86,D
sh688777,中控技术,2025-09-18 09:42:30,51.88,5000,51.82,E
sh688777,中控技术,2025-09-18 09:42:42,51.85,4450,51.88,E
sh688777,中控技术,2025-09-18 09:43:06,51.87,4562,51.87,D
sh688777,中控技术,2025-09-18 09:43:09,51.87,5900,51.87,U
sh688777,中控技术,2025-09-18 09:43:18,51.88,30049,51.87,U
sh688777,中控技术,2025-09-18 09:43:25,51.86,5900,51.9,D
sh688777,中控技术,2025-09-18 09:43:37,51.91,12662,51.9,U
sh688777,中控技术,2025-09-18 09:43:48,51.9,5300,51.91,D
sh688777,中控技术,2025-09-18 09:43:55,51.92,6174,51.89,U
sh688777,中控技术,2025-09-18 09:43:57,51.86,11380,51.92,D
sh688777,中控技术,2025-09-18 09:44:00,51.92,7375,51.86,U
sh688777,中控技术,2025-09-18 09:44:04,51.9,8589,51.92,E
sh688777,中控技术,2025-09-18 09:44:06,51.91,10415,51.9,U
sh688777,中控技术,2025-09-18 09:44:13,51.92,4418,51.9,U
sh688777,中控技术,2025-09-18 09:44:16,51.85,16170,51.92,D
sh688777,中控技术,2025-09-18 09:44:19,51.85,20060,51.85,D
sh688777,中控技术,2025-09-18 09:44:21,51.82,6588,51.85,D
sh688777,中控技术,2025-09-18 09:44:27,51.81,5200,51.81,D
sh688777,中控技术,2025-09-18 09:44:31,51.8,7382,51.81,D
sh688777,中控技术,2025-09-18 09:44:33,51.82,7500,51.8,U
sh688777,中控技术,2025-09-18 09:44:42,51.83,11061,51.82,U
sh688777,中控技术,2025-09-18 09:44:45,51.83,27720,51.83,D
sh688777,中控技术,2025-09-18 09:44:52,51.77,12856,51.83,D
sh688777,中控技术,2025-09-18 09:44:58,51.75,7874,51.76,D
sh688777,中控技术,2025-09-18 09:45:03,51.7,23856,51.73,D
sh688777,中控技术,2025-09-18 09:45:10,51.7,12605,51.73,D
sh688777,中控技术,2025-09-18 09:45:12,51.7,10400,51.7,D
sh688777,中控技术,2025-09-18 09:45:19,51.73,7000,51.83,D
sh688777,中控技术,2025-09-18 09:45:37,51.81,10178,51.82,D
sh688777,中控技术,2025-09-18 09:45:57,51.74,8924,51.74,D
sh688777,中控技术,2025-09-18 09:46:01,51.76,5909,51.74,U
sh688777,中控技术,2025-09-18 09:46:13,51.8,5188,51.8,U
sh688777,中控技术,2025-09-18 09:46:27,51.85,6419,51.85,U
sh688777,中控技术,2025-09-18 09:46:33,51.85,4308,51.85,U
sh688777,中控技术,2025-09-18 09:46:39,51.85,4204,51.85,D
sh688777,中控技术,2025-09-18 09:46:42,51.81,6174,51.85,D
sh688777,中控技术,2025-09-18 09:46:49,51.77,10580,51.8,D
sh688777,中控技术,2025-09-18 09:46:55,51.77,12273,51.77,D
sh688777,中控技术,2025-09-18 09:46:57,51.77,5379,51.77,D
sh688777,中控技术,2025-09-18 09:47:01,51.78,9504,51.77,U
sh688777,中控技术,2025-09-18 09:47:09,51.78,4299,51.77,E
sh688777,中控技术,2025-09-18 09:47:15,51.73,11720,51.77,D
sh688777,中控技术,2025-09-18 09:47:18,51.68,43272,51.73,D
sh688777,中控技术,2025-09-18 09:47:21,51.67,10544,51.68,D
sh688777,中控技术,2025-09-18 09:47:46,51.66,10531,51.67,D
sh688777,中控技术,2025-09-18 09:47:49,51.6,12265,51.66,D
sh688777,中控技术,2025-09-18 09:47:52,51.66,4041,51.6,U
sh688777,中控技术,2025-09-18 09:48:21,51.64,4059,51.61,U
sh688777,中控技术,2025-09-18 09:48:25,51.63,7387,51.64,D
sh688777,中控技术,2025-09-18 09:48:31,51.67,6309,51.68,U
sh688777,中控技术,2025-09-18 09:48:43,51.69,10186,51.68,E
sh688777,中控技术,2025-09-18 09:48:54,51.67,4360,51.69,D
sh688777,中控技术,2025-09-18 09:48:57,51.67,5840,51.67,U
sh688777,中控技术,2025-09-18 09:49:04,51.7,16546,51.69,U
sh688777,中控技术,2025-09-18 09:49:07,51.69,22491,51.7,D
sh688777,中控技术,2025-09-18 09:49:54,51.66,4435,51.68,D
sh688777,中控技术,2025-09-18 09:50:10,51.68,5095,51.67,D
sh688777,中控技术,2025-09-18 09:50:25,51.67,9505,51.68,D
sh688777,中控技术,2025-09-18 09:50:30,51.64,23314,51.68,D
sh688777,中控技术,2025-09-18 09:50:33,51.63,5143,51.64,D
sh688777,中控技术,2025-09-18 09:50:42,51.6,7997,51.61,D
sh688777,中控技术,2025-09-18 09:50:46,51.61,12437,51.6,E
sh688777,中控技术,2025-09-18 09:50:54,51.6,4229,51.61,D
sh688777,中控技术,2025-09-18 09:50:57,51.61,34883,51.6,U
sh688777,中控技术,2025-09-18 09:51:00,51.64,6949,51.61,U
sh688777,中控技术,2025-09-18 09:51:12,51.64,8882,51.64,D
sh688777,中控技术,2025-09-18 09:51:19,51.67,4890,51.67,D
sh688777,中控技术,2025-09-18 09:51:33,51.68,20728,51.7,D
sh688777,中控技术,2025-09-18 09:51:43,51.7,7575,51.68,U
sh688777,中控技术,2025-09-18 09:51:45,51.73,10287,51.7,U
sh688777,中控技术,2025-09-18 09:51:51,51.73,10723,51.72,U
sh688777,中控技术,2025-09-18 09:51:58,51.73,12272,51.71,U
sh688777,中控技术,2025-09-18 09:52:06,51.8,11498,51.72,U
sh688777,中控技术,2025-09-18 09:52:18,51.79,8900,51.78,U
sh688777,中控技术,2025-09-18 09:52:37,51.79,7056,51.79,U
sh688777,中控技术,2025-09-18 09:52:42,51.77,4012,51.79,D
sh688777,中控技术,2025-09-18 09:52:45,51.8,5294,51.77,U
sh688777,中控技术,2025-09-18 09:52:49,51.77,9692,51.8,D
sh688777,中控技术,2025-09-18 09:52:51,51.79,12300,51.77,U
sh688777,中控技术,2025-09-18 09:53:03,51.76,12220,51.77,D
sh688777,中控技术,2025-09-18 09:53:21,51.8,9677,51.78,U
sh688777,中控技术,2025-09-18 09:53:34,51.8,6000,51.8,D
sh688777,中控技术,2025-09-18 09:53:46,51.85,16692,51.82,U
sh688777,中控技术,2025-09-18 09:53:51,51.82,3865,51.85,D
sh688777,中控技术,2025-09-18 09:53:55,51.84,4000,51.82,U
sh688777,中控技术,2025-09-18 09:54:16,51.9,43256,51.83,U
sh688777,中控技术,2025-09-18 09:54:18,51.91,14031,51.9,U
sh688777,中控技术,2025-09-18 09:54:25,51.91,4917,51.91,U
sh688777,中控技术,2025-09-18 09:54:28,51.91,10489,51.91,U
sh688777,中控技术,2025-09-18 09:54:34,51.95,39558,51.91,U
sh688777,中控技术,2025-09-18 09:54:37,52.0,12809,51.95,U
sh688777,中控技术,2025-09-18 09:54:40,51.97,6700,52.0,D
sh688777,中控技术,2025-09-18 09:54:45,51.94,10500,51.96,D
sh688777,中控技术,2025-09-18 09:54:52,51.94,3964,51.94,D
sh688777,中控技术,2025-09-18 09:54:55,51.91,20618,51.94,D
sh688777,中控技术,2025-09-18 09:55:01,51.96,6670,51.96,U
sh688777,中控技术,2025-09-18 09:55:06,51.95,4276,51.96,E
sh688777,中控技术,2025-09-18 09:55:09,52.03,185764,51.95,U
sh688777,中控技术,2025-09-18 09:55:12,52.03,20459,52.03,D
sh688777,中控技术,2025-09-18 09:55:16,52.05,6568,52.03,E
sh688777,中控技术,2025-09-18 09:55:18,52.08,5648,52.05,U
sh688777,中控技术,2025-09-18 09:55:21,52.06,7846,52.08,D
sh688777,中控技术,2025-09-18 09:55:24,52.05,9940,52.06,D
sh688777,中控技术,2025-09-18 09:55:28,52.07,10254,52.05,U
sh688777,中控技术,2025-09-18 09:55:30,52.07,12370,52.07,U
sh688777,中控技术,2025-09-18 09:55:33,52.06,4328,52.07,E
sh688777,中控技术,2025-09-18 09:55:37,52.08,4798,52.06,U
sh688777,中控技术,2025-09-18 09:55:43,52.08,25515,52.08,U
sh688777,中控技术,2025-09-18 09:55:45,52.13,81664,52.08,U
sh688777,中控技术,2025-09-18 09:55:48,52.14,10134,52.13,U
sh688777,中控技术,2025-09-18 09:55:54,52.15,43353,52.14,U
sh688777,中控技术,2025-09-18 09:55:58,52.11,16955,52.15,D
sh688777,中控技术,2025-09-18 09:56:01,52.13,12700,52.11,U
sh688777,中控技术,2025-09-18 09:56:04,52.13,9660,52.13,U
sh688777,中控技术,2025-09-18 09:56:07,52.15,9681,52.13,U
sh688777,中控技术,2025-09-18 09:56:10,52.09,7008,52.15,D
sh688777,中控技术,2025-09-18 09:56:12,52.08,10363,52.09,D
sh688777,中控技术,2025-09-18 09:56:16,52.1,4034,52.08,U
sh688777,中控技术,2025-09-18 09:56:22,52.06,22241,52.07,D
sh688777,中控技术,2025-09-18 09:56:27,52.04,4909,52.04,D
sh688777,中控技术,2025-09-18 09:56:40,52.0,13232,52.01,D
sh688777,中控技术,2025-09-18 09:56:49,51.99,6159,52.0,D
sh688777,中控技术,2025-09-18 09:56:51,52.0,8054,51.99,U
sh688777,中控技术,2025-09-18 09:57:01,52.0,15892,52.0,U
sh688777,中控技术,2025-09-18 09:57:04,52.0,13500,52.0,D
sh688777,中控技术,2025-09-18 09:57:13,51.98,4237,52.0,D
sh688777,中控技术,2025-09-18 09:57:25,51.99,17381,52.0,D
sh688777,中控技术,2025-09-18 09:57:31,52.02,4800,52.02,D
sh688777,中控技术,2025-09-18 09:57:40,52.04,5514,52.01,U
sh688777,中控技术,2025-09-18 09:57:45,52.05,12675,52.03,U
sh688777,中控技术,2025-09-18 09:57:49,52.04,7923,52.05,D
sh688777,中控技术,2025-09-18 09:57:51,52.06,7085,52.04,U
sh688777,中控技术,2025-09-18 09:57:57,52.06,7474,52.06,D
sh688777,中控技术,2025-09-18 09:58:01,52.07,23887,52.06,U
sh688777,中控技术,2025-09-18 09:58:04,52.08,6600,52.07,U
sh688777,中控技术,2025-09-18 09:58:07,52.07,15287,52.08,D
sh688777,中控技术,2025-09-18 09:58:13,52.03,10564,52.07,D
sh688777,中控技术,2025-09-18 09:58:19,52.04,14161,52.07,D
sh688777,中控技术,2025-09-18 09:58:21,52.04,9153,52.04,U
sh688777,中控技术,2025-09-18 09:58:36,52.06,6593,52.05,U
sh688777,中控技术,2025-09-18 09:58:43,52.06,8589,52.05,U
sh688777,中控技术,2025-09-18 09:58:46,52.03,47433,52.06,D
sh688777,中控技术,2025-09-18 09:58:48,52.0,10243,52.03,D
sh688777,中控技术,2025-09-18 09:58:54,52.03,4815,52.0,U
sh688777,中控技术,2025-09-18 09:59:04,51.99,4846,52.0,D
sh688777,中控技术,2025-09-18 09:59:21,51.96,8724,51.97,D
sh688777,中控技术,2025-09-18 09:59:40,51.97,7844,51.98,E
sh688777,中控技术,2025-09-18 09:59:42,51.98,6819,51.97,U
sh688777,中控技术,2025-09-18 09:59:48,52.0,5880,52.0,U
sh688777,中控技术,2025-09-18 09:59:58,52.0,6388,52.01,D
sh688777,中控技术,2025-09-18 10:00:01,52.0,6697,52.0,D
sh688777,中控技术,2025-09-18 10:00:04,52.0,21710,52.0,D
sh688777,中控技术,2025-09-18 10:00:07,52.03,5990,52.0,U
sh688777,中控技术,2025-09-18 10:00:09,52.03,10600,52.03,D
sh688777,中控技术,2025-09-18 10:00:21,52.04,5334,52.04,U
sh688777,中控技术,2025-09-18 10:00:24,52.03,7363,52.04,D
sh688777,中控技术,2025-09-18 10:00:34,52.03,5500,52.0,U
sh688777,中控技术,2025-09-18 10:01:06,52.01,19303,51.98,U
sh688777,中控技术,2025-09-18 10:01:09,51.99,9715,52.01,D
sh688777,中控技术,2025-09-18 10:01:12,52.03,5355,51.99,U
sh688777,中控技术,2025-09-18 10:01:16,52.03,23564,52.03,U
sh688777,中控技术,2025-09-18 10:01:21,52.03,5090,52.03,D
sh688777,中控技术,2025-09-18 10:02:06,52.01,5843,51.96,U
sh688777,中控技术,2025-09-18 10:02:15,52.01,26548,51.97,U
sh688777,中控技术,2025-09-18 10:02:21,51.96,4810,52.01,D
sh688777,中控技术,2025-09-18 10:02:37,52.01,6463,52.01,E
sh688777,中控技术,2025-09-18 10:02:52,52.02,9563,52.01,U
sh688777,中控技术,2025-09-18 10:02:54,52.02,8047,52.02,U
sh688777,中控技术,2025-09-18 10:02:57,52.0,5429,52.02,D
sh688777,中控技术,2025-09-18 10:03:04,52.04,22548,51.98,U
sh688777,中控技术,2025-09-18 10:03:06,52.05,22518,52.04,U
sh688777,中控技术,2025-09-18 10:03:09,52.05,13639,52.05,U
sh688777,中控技术,2025-09-18 10:03:12,52.06,13948,52.05,U
sh688777,中控技术,2025-09-18 10:03:19,52.04,14578,52.06,D
sh688777,中控技术,2025-09-18 10:03:28,52.07,7175,52.07,U
sh688777,中控技术,2025-09-18 10:03:31,52.08,6383,52.07,U
sh688777,中控技术,2025-09-18 10:03:33,52.12,38162,52.08,U
sh688777,中控技术,2025-09-18 10:03:36,52.1,22400,52.12,D
sh688777,中控技术,2025-09-18 10:03:52,52.09,6532,52.12,D
sh688777,中控技术,2025-09-18 10:04:01,52.13,5975,52.12,U
sh688777,中控技术,2025-09-18 10:04:04,52.13,29859,52.13,D
sh688777,中控技术,2025-09-18 10:04:06,52.12,24800,52.13,D
sh688777,中控技术,2025-09-18 10:04:09,52.13,3852,52.12,U
sh688777,中控技术,2025-09-18 10:04:15,52.15,34753,52.13,U
sh688777,中控技术,2025-09-18 10:04:19,52.12,8961,52.15,D
sh688777,中控技术,2025-09-18 10:04:22,52.14,7535,52.12,U
sh688777,中控技术,2025-09-18 10:04:25,52.14,11770,52.14,U
sh688777,中控技术,2025-09-18 10:04:27,52.11,4800,52.14,D
sh688777,中控技术,2025-09-18 10:04:39,52.12,5200,52.12,D
sh688777,中控技术,2025-09-18 10:04:43,52.14,5737,52.12,U
sh688777,中控技术,2025-09-18 10:04:46,52.13,4400,52.14,D
sh688777,中控技术,2025-09-18 10:04:48,52.11,7000,52.13,D
sh688777,中控技术,2025-09-18 10:05:09,52.11,9649,52.09,U
sh688777,中控技术,2025-09-18 10:05:13,52.09,7937,52.11,D
sh688777,中控技术,2025-09-18 10:05:16,52.09,3987,52.09,D
sh688777,中控技术,2025-09-18 10:05:19,52.08,11722,52.09,D
sh688777,中控技术,2025-09-18 10:05:31,52.08,5077,52.08,U
sh688777,中控技术,2025-09-18 10:05:34,52.08,11100,52.08,D
sh688777,中控技术,2025-09-18 10:05:37,52.07,9331,52.08,D
sh688777,中控技术,2025-09-18 10:05:51,52.09,9938,52.09,U
sh688777,中控技术,2025-09-18 10:05:54,52.11,4735,52.09,U
sh688777,中控技术,2025-09-18 10:05:57,52.09,4500,52.11,D
sh688777,中控技术,2025-09-18 10:06:04,52.1,6364,52.09,U
sh688777,中控技术,2025-09-18 10:06:16,52.09,6744,52.09,D
sh688777,中控技术,2025-09-18 10:06:18,52.09,10469,52.09,U
sh688777,中控技术,2025-09-18 10:06:52,52.06,28697,52.05,U
sh688777,中控技术,2025-09-18 10:06:55,52.05,8346,52.06,D
sh688777,中控技术,2025-09-18 10:06:58,52.05,4617,52.05,D
sh688777,中控技术,2025-09-18 10:07:01,52.05,4165,52.05,U
sh688777,中控技术,2025-09-18 10:07:06,52.01,8500,52.08,D
sh688777,中控技术,2025-09-18 10:07:22,52.06,10593,52.06,U
sh688777,中控技术,2025-09-18 10:07:24,52.08,37122,52.06,U
sh688777,中控技术,2025-09-18 10:07:28,52.07,5170,52.08,D
sh688777,中控技术,2025-09-18 10:07:36,52.09,3919,52.09,U
sh688777,中控技术,2025-09-18 10:07:40,52.09,28726,52.09,U
sh688777,中控技术,2025-09-18 10:07:42,52.09,5178,52.09,U
sh688777,中控技术,2025-09-18 10:07:46,52.09,15354,52.09,U
sh688777,中控技术,2025-09-18 10:07:48,52.09,9999,52.09,U
sh688777,中控技术,2025-09-18 10:07:51,52.1,3853,52.09,U
sh688777,中控技术,2025-09-18 10:07:54,52.08,5000,52.1,D
sh688777,中控技术,2025-09-18 10:08:03,52.11,18194,52.1,U
sh688777,中控技术,2025-09-18 10:08:07,52.12,6564,52.11,U
sh688777,中控技术,2025-09-18 10:08:16,52.12,27614,52.12,U
sh688777,中控技术,2025-09-18 10:08:18,52.11,5114,52.12,D
sh688777,中控技术,2025-09-18 10:08:37,52.13,15139,52.11,U
sh688777,中控技术,2025-09-18 10:08:39,52.1,13200,52.13,D
sh688777,中控技术,2025-09-18 10:08:46,52.1,11140,52.1,U
sh688777,中控技术,2025-09-18 10:08:49,52.1,3853,52.1,D
sh688777,中控技术,2025-09-18 10:08:54,52.09,12800,52.09,D
sh688777,中控技术,2025-09-18 10:09:03,52.11,13000,52.1,U
sh688777,中控技术,2025-09-18 10:09:13,52.1,5989,52.09,U
sh688777,中控技术,2025-09-18 10:09:21,52.09,18581,52.1,D
sh688777,中控技术,2025-09-18 10:09:27,52.08,9989,52.1,D
sh688777,中控技术,2025-09-18 10:09:30,52.06,16300,52.08,D
sh688777,中控技术,2025-09-18 10:09:52,52.07,5579,52.06,U
sh688777,中控技术,2025-09-18 10:09:58,52.09,5073,52.07,U
sh688777,中控技术,2025-09-18 10:10:01,52.08,8435,52.09,U
sh688777,中控技术,2025-09-18 10:10:07,52.06,6194,52.08,D
sh688777,中控技术,2025-09-18 10:10:16,52.06,8259,52.06,D
sh688777,中控技术,2025-09-18 10:10:21,52.07,11639,52.06,U
sh688777,中控技术,2025-09-18 10:10:30,52.08,5792,52.08,U
sh688777,中控技术,2025-09-18 10:10:33,52.08,10110,52.08,U
sh688777,中控技术,2025-09-18 10:10:37,52.09,14407,52.08,U
sh688777,中控技术,2025-09-18 10:10:39,52.09,3850,52.09,U
sh688777,中控技术,2025-09-18 10:10:42,52.09,16690,52.09,U
sh688777,中控技术,2025-09-18 10:10:45,52.1,7184,52.09,U
sh688777,中控技术,2025-09-18 10:10:49,52.11,42828,52.1,U
sh688777,中控技术,2025-09-18 10:10:52,52.11,11300,52.11,U
sh688777,中控技术,2025-09-18 10:10:55,52.11,7989,52.11,U
sh688777,中控技术,2025-09-18 10:11:06,52.1,8482,52.11,D
sh688777,中控技术,2025-09-18 10:11:18,52.13,7900,52.12,U
sh688777,中控技术,2025-09-18 10:11:21,52.11,5000,52.13,D
sh688777,中控技术,2025-09-18 10:11:37,52.11,8973,52.11,U
sh688777,中控技术,2025-09-18 10:11:42,52.09,6732,52.09,D
sh688777,中控技术,2025-09-18 10:12:01,52.09,5876,52.09,D
sh688777,中控技术,2025-09-18 10:12:03,52.13,8011,52.09,U
sh688777,中控技术,2025-09-18 10:12:06,52.11,8108,52.13,D
sh688777,中控技术,2025-09-18 10:12:10,52.13,33248,52.11,U
sh688777,中控技术,2025-09-18 10:12:12,52.14,9909,52.13,U
sh688777,中控技术,2025-09-18 10:12:21,52.15,13684,52.14,U
sh688777,中控技术,2025-09-18 10:12:30,52.14,89316,52.14,D
sh688777,中控技术,2025-09-18 10:12:40,52.14,5042,52.14,U
sh688777,中控技术,2025-09-18 10:12:46,52.13,4572,52.13,D
sh688777,中控技术,2025-09-18 10:12:48,52.13,5000,52.13,D
sh688777,中控技术,2025-09-18 10:12:51,52.14,6353,52.13,U
sh688777,中控技术,2025-09-18 10:12:58,52.14,6146,52.14,U
sh688777,中控技术,2025-09-18 10:13:01,52.13,4434,52.14,D
sh688777,中控技术,2025-09-18 10:13:03,52.13,10278,52.13,D
sh688777,中控技术,2025-09-18 10:13:16,52.14,9823,52.14,U
sh688777,中控技术,2025-09-18 10:13:19,52.14,29512,52.14,U
sh688777,中控技术,2025-09-18 10:13:21,52.13,8703,52.14,D
sh688777,中控技术,2025-09-18 10:13:28,52.15,14830,52.13,U
sh688777,中控技术,2025-09-18 10:13:33,52.15,21796,52.14,U
sh688777,中控技术,2025-09-18 10:13:40,52.14,4423,52.15,U
sh688777,中控技术,2025-09-18 10:13:46,52.13,16457,52.14,D
sh688777,中控技术,2025-09-18 10:13:49,52.15,10269,52.13,U
sh688777,中控技术,2025-09-18 10:13:51,52.15,5000,52.15,U
sh688777,中控技术,2025-09-18 10:13:57,52.15,17872,52.15,U
sh688777,中控技术,2025-09-18 10:14:03,52.15,5801,52.14,U
sh688777,中控技术,2025-09-18 10:14:15,52.14,8522,52.14,U
sh688777,中控技术,2025-09-18 10:14:25,52.13,8236,52.13,U
sh688777,中控技术,2025-09-18 10:15:04,52.13,21707,52.12,U
sh688777,中控技术,2025-09-18 10:15:10,52.13,5212,52.14,D
sh688777,中控技术,2025-09-18 10:15:12,52.14,16649,52.13,U
sh688777,中控技术,2025-09-18 10:15:22,52.14,40138,52.14,U
sh688777,中控技术,2025-09-18 10:15:24,52.15,13253,52.14,U
sh688777,中控技术,2025-09-18 10:15:28,52.13,43073,52.15,D
sh688777,中控技术,2025-09-18 10:15:31,52.15,27503,52.13,U
sh688777,中控技术,2025-09-18 10:15:34,52.17,95423,52.15,U
sh688777,中控技术,2025-09-18 10:15:36,52.18,11624,52.17,U
sh688777,中控技术,2025-09-18 10:15:40,52.18,15009,52.18,U
sh688777,中控技术,2025-09-18 10:15:43,52.18,15910,52.18,D
sh688777,中控技术,2025-09-18 10:15:48,52.21,49952,52.2,U
sh688777,中控技术,2025-09-18 10:15:52,52.22,6733,52.21,U
sh688777,中控技术,2025-09-18 10:15:57,52.23,4025,52.23,U
sh688777,中控技术,2025-09-18 10:16:01,52.23,4147,52.23,D
sh688777,中控技术,2025-09-18 10:16:03,52.22,5426,52.23,D
sh688777,中控技术,2025-09-18 10:16:07,52.21,17685,52.22,D
sh688777,中控技术,2025-09-18 10:16:09,52.21,17553,52.21,U
sh688777,中控技术,2025-09-18 10:16:13,52.2,20382,52.21,D
sh688777,中控技术,2025-09-18 10:16:16,52.21,6004,52.2,U
sh688777,中控技术,2025-09-18 10:16:24,52.18,5000,52.18,U
sh688777,中控技术,2025-09-18 10:16:27,52.15,30151,52.18,D
sh688777,中控技术,2025-09-18 10:16:31,52.12,9289,52.15,D
sh688777,中控技术,2025-09-18 10:16:43,52.14,3900,52.11,E
sh688777,中控技术,2025-09-18 10:16:46,52.14,5279,52.14,U
sh688777,中控技术,2025-09-18 10:16:49,52.14,6723,52.14,U
sh688777,中控技术,2025-09-18 10:16:51,52.12,3900,52.14,E
sh688777,中控技术,2025-09-18 10:16:54,52.1,4442,52.12,D
sh688777,中控技术,2025-09-18 10:16:57,52.07,16358,52.1,D
sh688777,中控技术,2025-09-18 10:17:03,52.05,15281,52.09,D
sh688777,中控技术,2025-09-18 10:17:10,52.09,8761,52.13,D
sh688777,中控技术,2025-09-18 10:17:16,52.09,10637,52.09,U
sh688777,中控技术,2025-09-18 10:17:27,52.11,12817,52.1,U
sh688777,中控技术,2025-09-18 10:17:52,52.1,10382,52.1,D
sh688777,中控技术,2025-09-18 10:18:04,52.11,18500,52.09,U
sh688777,中控技术,2025-09-18 10:18:07,52.12,13080,52.11,U
sh688777,中控技术,2025-09-18 10:18:22,52.14,7600,52.14,U
sh688777,中控技术,2025-09-18 10:18:24,52.15,6771,52.14,U
sh688777,中控技术,2025-09-18 10:18:30,52.15,5400,52.16,D
sh688777,中控技术,2025-09-18 10:18:34,52.14,6531,52.15,D
sh688777,中控技术,2025-09-18 10:18:37,52.16,8350,52.14,U
sh688777,中控技术,2025-09-18 10:18:40,52.13,4556,52.16,D
sh688777,中控技术,2025-09-18 10:18:43,52.16,4121,52.13,U
sh688777,中控技术,2025-09-18 10:18:46,52.18,52496,52.16,U
sh688777,中控技术,2025-09-18 10:18:48,52.15,4664,52.18,D
sh688777,中控技术,2025-09-18 10:18:51,52.13,5712,52.15,D
sh688777,中控技术,2025-09-18 10:18:57,52.2,4206,52.13,U
sh688777,中控技术,2025-09-18 10:19:07,52.17,11400,52.2,D
sh688777,中控技术,2025-09-18 10:19:12,52.18,13947,52.18,D
sh688777,中控技术,2025-09-18 10:19:19,52.15,27153,52.17,E
sh688777,中控技术,2025-09-18 10:19:22,52.09,9852,52.15,D
sh688777,中控技术,2025-09-18 10:19:25,52.13,4124,52.09,U
sh688777,中控技术,2025-09-18 10:19:27,52.07,11550,52.13,D
sh688777,中控技术,2025-09-18 10:19:40,52.1,8100,52.09,E
sh688777,中控技术,2025-09-18 10:19:48,52.13,6473,52.15,D
sh688777,中控技术,2025-09-18 10:19:57,52.1,14895,52.13,D
sh688777,中控技术,2025-09-18 10:20:01,52.1,16871,52.1,D
sh688777,中控技术,2025-09-18 10:20:09,52.1,3974,52.08,U
sh688777,中控技术,2025-09-18 10:20:13,52.1,8412,52.1,U
sh688777,中控技术,2025-09-18 10:20:19,52.12,4466,52.13,E
sh688777,中控技术,2025-09-18 10:20:24,52.13,4833,52.12,U
sh688777,中控技术,2025-09-18 10:20:46,52.12,7219,52.1,U
sh688777,中控技术,2025-09-18 10:21:00,52.11,16783,52.12,D
sh688777,中控技术,2025-09-18 10:21:03,52.11,5455,52.11,E
sh688777,中控技术,2025-09-18 10:21:15,52.1,4635,52.12,D
sh688777,中控技术,2025-09-18 10:21:22,52.09,8127,52.1,D
sh688777,中控技术,2025-09-18 10:21:24,52.11,4101,52.09,U
sh688777,中控技术,2025-09-18 10:21:37,52.12,5281,52.12,U
sh688777,中控技术,2025-09-18 10:21:51,52.1,11248,52.1,D
sh688777,中控技术,2025-09-18 10:21:54,52.11,10524,52.1,U
sh688777,中控技术,2025-09-18 10:22:07,52.1,6597,52.1,D
sh688777,中控技术,2025-09-18 10:22:09,52.11,19578,52.1,U
sh688777,中控技术,2025-09-18 10:22:13,52.1,6664,52.11,D
sh688777,中控技术,2025-09-18 10:22:39,52.1,6082,52.08,U
sh688777,中控技术,2025-09-18 10:22:43,52.1,5900,52.1,U
sh688777,中控技术,2025-09-18 10:22:55,52.09,5508,52.07,U
sh688777,中控技术,2025-09-18 10:22:58,52.09,12400,52.09,U
sh688777,中控技术,2025-09-18 10:23:07,52.06,16628,52.08,D
sh688777,中控技术,2025-09-18 10:23:49,52.08,5461,52.07,U
sh688777,中控技术,2025-09-18 10:23:57,52.08,4161,52.08,U
sh688777,中控技术,2025-09-18 10:24:07,52.07,22313,52.08,D
sh688777,中控技术,2025-09-18 10:24:12,52.07,18581,52.08,D
sh688777,中控技术,2025-09-18 10:24:15,52.11,112779,52.07,U
sh688777,中控技术,2025-09-18 10:24:18,52.07,48773,52.11,D
sh688777,中控技术,2025-09-18 10:24:22,52.06,4647,52.07,D
sh688777,中控技术,2025-09-18 10:24:31,52.09,7800,52.06,D
sh688777,中控技术,2025-09-18 10:24:40,52.13,7605,52.13,U
sh688777,中控技术,2025-09-18 10:24:42,52.1,4275,52.13,D
sh688777,中控技术,2025-09-18 10:25:13,52.16,7280,52.14,U
sh688777,中控技术,2025-09-18 10:25:15,52.17,10126,52.16,U
sh688777,中控技术,2025-09-18 10:25:18,52.2,40844,52.17,U
sh688777,中控技术,2025-09-18 10:25:22,52.23,104449,52.2,U
sh688777,中控技术,2025-09-18 10:25:28,52.23,24518,52.23,U
sh688777,中控技术,2025-09-18 10:25:31,52.25,5500,52.23,U
sh688777,中控技术,2025-09-18 10:25:33,52.26,47977,52.25,U
sh688777,中控技术,2025-09-18 10:25:36,52.3,81893,52.26,U
sh688777,中控技术,2025-09-18 10:25:40,52.31,18402,52.3,U
sh688777,中控技术,2025-09-18 10:25:42,52.33,5373,52.31,U
sh688777,中控技术,2025-09-18 10:25:45,52.32,7653,52.33,D
sh688777,中控技术,2025-09-18 10:25:49,52.31,43790,52.32,D
sh688777,中控技术,2025-09-18 10:25:52,52.33,11308,52.31,E
sh688777,中控技术,2025-09-18 10:25:55,52.35,6386,52.33,U
sh688777,中控技术,2025-09-18 10:25:58,52.3,18135,52.35,D
sh688777,中控技术,2025-09-18 10:26:07,52.3,4679,52.32,U
sh688777,中控技术,2025-09-18 10:26:10,52.28,7757,52.3,D
sh688777,中控技术,2025-09-18 10:26:12,52.27,10696,52.28,D
sh688777,中控技术,2025-09-18 10:26:18,52.29,8559,52.27,E
sh688777,中控技术,2025-09-18 10:26:27,52.29,4437,52.29,U
sh688777,中控技术,2025-09-18 10:26:36,52.28,6970,52.29,D
sh688777,中控技术,2025-09-18 10:26:42,52.27,5790,52.28,D
sh688777,中控技术,2025-09-18 10:26:46,52.28,14790,52.27,U
sh688777,中控技术,2025-09-18 10:26:55,52.27,5322,52.27,U
sh688777,中控技术,2025-09-18 10:27:00,52.27,7300,52.27,D
sh688777,中控技术,2025-09-18 10:27:04,52.27,6558,52.27,D
sh688777,中控技术,2025-09-18 10:27:15,52.23,6893,52.26,D
sh688777,中控技术,2025-09-18 10:27:18,52.21,7209,52.23,D
sh688777,中控技术,2025-09-18 10:27:30,52.17,5690,52.19,D
sh688777,中控技术,2025-09-18 10:27:33,52.21,13539,52.17,U
sh688777,中控技术,2025-09-18 10:27:45,52.22,12754,52.2,U
sh688777,中控技术,2025-09-18 10:27:55,52.17,23500,52.17,D
sh688777,中控技术,2025-09-18 10:27:58,52.13,7615,52.17,D
sh688777,中控技术,2025-09-18 10:28:03,52.15,4157,52.17,D
sh688777,中控技术,2025-09-18 10:28:10,52.13,17241,52.15,D
sh688777,中控技术,2025-09-18 10:28:12,52.15,4038,52.13,U
sh688777,中控技术,2025-09-18 10:28:24,52.12,13964,52.13,D
sh688777,中控技术,2025-09-18 10:28:27,52.1,14971,52.12,D
sh688777,中控技术,2025-09-18 10:28:37,52.14,4900,52.12,U
sh688777,中控技术,2025-09-18 10:28:46,52.18,5616,52.14,U
sh688777,中控技术,2025-09-18 10:28:48,52.18,12100,52.18,U
sh688777,中控技术,2025-09-18 10:28:58,52.15,8792,52.18,D
sh688777,中控技术,2025-09-18 10:29:03,52.2,17653,52.15,U
sh688777,中控技术,2025-09-18 10:29:10,52.21,9746,52.21,U
sh688777,中控技术,2025-09-18 10:29:13,52.2,17641,52.21,D
sh688777,中控技术,2025-09-18 10:29:16,52.16,14177,52.2,D
sh688777,中控技术,2025-09-18 10:29:18,52.2,5900,52.16,U
sh688777,中控技术,2025-09-18 10:29:25,52.16,4964,52.2,D
sh688777,中控技术,2025-09-18 10:29:28,52.16,6913,52.16,D
sh688777,中控技术,2025-09-18 10:29:30,52.22,27416,52.16,U
sh688777,中控技术,2025-09-18 10:29:34,52.22,24160,52.22,U
sh688777,中控技术,2025-09-18 10:30:09,52.25,15280,52.25,D
sh688777,中控技术,2025-09-18 10:30:27,52.24,5487,52.25,E
sh688777,中控技术,2025-09-18 10:30:33,52.23,6479,52.23,U
sh688777,中控技术,2025-09-18 10:30:40,52.22,10345,52.23,D
sh688777,中控技术,2025-09-18 10:30:42,52.21,6429,52.22,D
sh688777,中控技术,2025-09-18 10:31:03,52.19,17439,52.21,D
sh688777,中控技术,2025-09-18 10:31:06,52.19,11200,52.19,D
sh688777,中控技术,2025-09-18 10:31:12,52.18,11539,52.2,D
sh688777,中控技术,2025-09-18 10:31:16,52.16,6583,52.18,D
sh688777,中控技术,2025-09-18 10:31:27,52.17,10000,52.17,U
sh688777,中控技术,2025-09-18 10:31:30,52.16,7174,52.17,D
sh688777,中控技术,2025-09-18 10:31:33,52.18,5400,52.16,U
sh688777,中控技术,2025-09-18 10:31:39,52.16,20000,52.15,E
sh688777,中控技术,2025-09-18 10:31:43,52.2,35818,52.16,U
sh688777,中控技术,2025-09-18 10:31:57,52.2,4103,52.17,U
sh688777,中控技术,2025-09-18 10:32:37,52.15,32426,52.17,D
sh688777,中控技术,2025-09-18 10:32:49,52.13,10696,52.16,D
sh688777,中控技术,2025-09-18 10:33:24,52.1,3893,52.11,D
sh688777,中控技术,2025-09-18 10:33:39,52.09,3927,52.1,D
sh688777,中控技术,2025-09-18 10:33:46,52.09,14853,52.07,U
sh688777,中控技术,2025-09-18 10:34:01,52.07,31270,52.06,U
sh688777,中控技术,2025-09-18 10:34:04,52.05,35753,52.07,D
sh688777,中控技术,2025-09-18 10:34:25,52.03,13639,52.05,D
sh688777,中控技术,2025-09-18 10:34:34,52.03,16509,52.02,U
sh688777,中控技术,2025-09-18 10:34:37,52.02,21930,52.03,D
sh688777,中控技术,2025-09-18 10:34:42,52.02,4153,52.03,D
sh688777,中控技术,2025-09-18 10:34:51,52.02,28391,52.01,U
sh688777,中控技术,2025-09-18 10:34:55,52.01,6008,52.02,D
sh688777,中控技术,2025-09-18 10:35:03,52.03,4546,52.02,U
sh688777,中控技术,2025-09-18 10:35:13,52.03,5606,52.03,D
sh688777,中控技术,2025-09-18 10:35:25,52.06,7257,52.05,U
sh688777,中控技术,2025-09-18 10:35:34,52.06,5423,52.07,D
sh688777,中控技术,2025-09-18 10:35:43,52.06,7442,52.07,D
sh688777,中控技术,2025-09-18 10:35:51,52.06,4627,52.06,U
sh688777,中控技术,2025-09-18 10:35:58,52.06,5157,52.06,U
sh688777,中控技术,2025-09-18 10:36:07,52.07,4584,52.06,U
sh688777,中控技术,2025-09-18 10:36:16,52.06,20201,52.08,D
sh688777,中控技术,2025-09-18 10:36:18,52.07,14165,52.06,U
sh688777,中控技术,2025-09-18 10:36:24,52.07,4751,52.07,D
sh688777,中控技术,2025-09-18 10:36:30,52.07,6207,52.07,U
sh688777,中控技术,2025-09-18 10:36:36,52.08,5622,52.07,U
sh688777,中控技术,2025-09-18 10:36:45,52.07,6513,52.09,D
sh688777,中控技术,2025-09-18 10:36:48,52.03,41580,52.07,D
sh688777,中控技术,2025-09-18 10:37:01,51.98,43906,52.02,D
sh688777,中控技术,2025-09-18 10:37:06,51.99,5500,51.96,U
sh688777,中控技术,2025-09-18 10:37:31,51.98,8130,51.97,D
sh688777,中控技术,2025-09-18 10:37:33,51.98,8261,51.98,D
sh688777,中控技术,2025-09-18 10:37:36,51.99,4066,51.98,U
sh688777,中控技术,2025-09-18 10:37:45,51.99,9911,51.99,D
sh688777,中控技术,2025-09-18 10:37:51,51.98,6300,51.99,D
sh688777,中控技术,2025-09-18 10:37:55,51.96,46294,51.98,D
sh688777,中控技术,2025-09-18 10:37:58,51.98,7855,51.96,U
sh688777,中控技术,2025-09-18 10:38:09,52.0,5674,52.0,U
sh688777,中控技术,2025-09-18 10:38:19,52.0,5092,52.0,U
sh688777,中控技术,2025-09-18 10:38:48,52.0,13960,51.99,U
sh688777,中控技术,2025-09-18 10:39:27,52.03,4735,52.04,D
sh688777,中控技术,2025-09-18 10:39:30,52.05,10900,52.03,U
sh688777,中控技术,2025-09-18 10:39:39,52.04,5500,52.04,U
sh688777,中控技术,2025-09-18 10:39:46,52.07,8128,52.04,U
sh688777,中控技术,2025-09-18 10:40:07,52.08,12500,52.07,U
sh688777,中控技术,2025-09-18 10:40:13,52.09,9011,52.08,U
sh688777,中控技术,2025-09-18 10:40:16,52.09,34862,52.09,U
sh688777,中控技术,2025-09-18 10:40:19,52.1,10916,52.09,U
sh688777,中控技术,2025-09-18 10:40:22,52.11,32632,52.1,U
sh688777,中控技术,2025-09-18 10:40:28,52.1,4474,52.11,D
sh688777,中控技术,2025-09-18 10:40:31,52.11,26176,52.1,U
sh688777,中控技术,2025-09-18 10:40:39,52.12,5112,52.12,E
sh688777,中控技术,2025-09-18 10:40:42,52.13,4500,52.12,U
sh688777,中控技术,2025-09-18 10:40:45,52.13,12053,52.13,U
sh688777,中控技术,2025-09-18 10:40:49,52.13,12696,52.13,U
sh688777,中控技术,2025-09-18 10:40:54,52.13,12196,52.13,U
sh688777,中控技术,2025-09-18 10:41:09,52.13,13320,52.13,U
sh688777,中控技术,2025-09-18 10:41:13,52.12,4523,52.13,D
sh688777,中控技术,2025-09-18 10:41:15,52.12,5725,52.12,D
sh688777,中控技术,2025-09-18 10:41:19,52.13,7800,52.12,U
sh688777,中控技术,2025-09-18 10:41:34,52.12,3858,52.13,D
sh688777,中控技术,2025-09-18 10:41:36,52.15,5491,52.12,U
sh688777,中控技术,2025-09-18 10:41:46,52.15,4814,52.14,U
sh688777,中控技术,2025-09-18 10:41:51,52.15,4419,52.14,U
sh688777,中控技术,2025-09-18 10:42:03,52.12,6042,52.13,D
sh688777,中控技术,2025-09-18 10:42:16,52.13,8600,52.14,D
sh688777,中控技术,2025-09-18 10:42:18,52.18,89111,52.13,U
sh688777,中控技术,2025-09-18 10:42:22,52.2,37081,52.18,U
sh688777,中控技术,2025-09-18 10:42:33,52.2,6273,52.2,U
sh688777,中控技术,2025-09-18 10:42:40,52.21,11600,52.19,U
sh688777,中控技术,2025-09-18 10:42:42,52.21,6111,52.21,U
sh688777,中控技术,2025-09-18 10:43:00,52.18,6682,52.2,D
sh688777,中控技术,2025-09-18 10:43:04,52.18,8897,52.18,U
sh688777,中控技术,2025-09-18 10:43:10,52.17,9353,52.18,D
sh688777,中控技术,2025-09-18 10:43:13,52.18,9427,52.17,U
sh688777,中控技术,2025-09-18 10:43:18,52.18,21249,52.18,U
sh688777,中控技术,2025-09-18 10:43:31,52.18,6520,52.19,D
sh688777,中控技术,2025-09-18 10:43:43,52.14,6300,52.18,D
sh688777,中控技术,2025-09-18 10:43:49,52.13,4053,52.14,D
sh688777,中控技术,2025-09-18 10:44:10,52.18,4487,52.18,U
sh688777,中控技术,2025-09-18 10:44:15,52.19,10001,52.2,D
sh688777,中控技术,2025-09-18 10:44:24,52.19,16981,52.19,D
sh688777,中控技术,2025-09-18 10:44:40,52.18,8074,52.19,D
sh688777,中控技术,2025-09-18 10:44:55,52.18,13828,52.19,D
sh688777,中控技术,2025-09-18 10:45:00,52.18,9204,52.19,D
sh688777,中控技术,2025-09-18 10:45:07,52.18,18014,52.17,U
sh688777,中控技术,2025-09-18 10:45:09,52.17,5125,52.18,D
sh688777,中控技术,2025-09-18 10:45:13,52.17,5848,52.17,D
sh688777,中控技术,2025-09-18 10:45:33,52.16,10639,52.15,D
sh688777,中控技术,2025-09-18 10:45:37,52.19,45010,52.16,U
sh688777,中控技术,2025-09-18 10:45:40,52.19,18364,52.19,U
sh688777,中控技术,2025-09-18 10:45:42,52.21,11103,52.19,U
sh688777,中控技术,2025-09-18 10:45:45,52.21,6800,52.21,U
sh688777,中控技术,2025-09-18 10:45:48,52.23,6084,52.21,U
sh688777,中控技术,2025-09-18 10:45:51,52.23,6229,52.23,U
sh688777,中控技术,2025-09-18 10:45:54,52.23,15353,52.23,U
sh688777,中控技术,2025-09-18 10:45:57,52.25,24412,52.23,U
sh688777,中控技术,2025-09-18 10:46:00,52.25,11327,52.25,U
sh688777,中控技术,2025-09-18 10:46:04,52.25,7845,52.25,U
sh688777,中控技术,2025-09-18 10:46:06,52.24,7637,52.25,D
sh688777,中控技术,2025-09-18 10:46:09,52.26,7374,52.24,U
sh688777,中控技术,2025-09-18 10:46:15,52.26,12567,52.24,U
sh688777,中控技术,2025-09-18 10:46:18,52.27,6488,52.26,U
sh688777,中控技术,2025-09-18 10:46:21,52.35,306670,52.27,U
sh688777,中控技术,2025-09-18 10:46:25,52.36,43877,52.35,U
sh688777,中控技术,2025-09-18 10:46:28,52.36,4554,52.36,U
sh688777,中控技术,2025-09-18 10:46:31,52.35,5817,52.36,D
sh688777,中控技术,2025-09-18 10:46:34,52.36,3983,52.35,U
sh688777,中控技术,2025-09-18 10:46:39,52.38,104000,52.37,U
sh688777,中控技术,2025-09-18 10:46:43,52.49,11040,52.38,U
sh688777,中控技术,2025-09-18 10:46:45,52.49,3998,52.49,U
sh688777,中控技术,2025-09-18 10:46:51,52.48,25302,52.48,U
sh688777,中控技术,2025-09-18 10:46:54,52.42,11377,52.48,D
sh688777,中控技术,2025-09-18 10:46:58,52.45,6008,52.42,E
sh688777,中控技术,2025-09-18 10:47:00,52.45,20489,52.45,U
sh688777,中控技术,2025-09-18 10:47:04,52.49,4020,52.45,U
sh688777,中控技术,2025-09-18 10:47:07,52.46,12458,52.49,D
sh688777,中控技术,2025-09-18 10:47:09,52.48,217900,52.46,U
sh688777,中控技术,2025-09-18 10:47:16,52.54,51194,52.53,U
sh688777,中控技术,2025-09-18 10:47:19,52.47,10762,52.54,D
sh688777,中控技术,2025-09-18 10:47:21,52.49,5700,52.47,E
sh688777,中控技术,2025-09-18 10:47:24,52.48,29984,52.49,D
sh688777,中控技术,2025-09-18 10:47:27,52.52,10836,52.48,U
sh688777,中控技术,2025-09-18 10:47:30,52.54,16450,52.52,U
sh688777,中控技术,2025-09-18 10:47:34,52.52,4426,52.54,E
sh688777,中控技术,2025-09-18 10:47:37,52.5,16980,52.52,E
sh688777,中控技术,2025-09-18 10:47:39,52.54,10591,52.5,U
sh688777,中控技术,2025-09-18 10:47:42,52.53,19600,52.54,E
sh688777,中控技术,2025-09-18 10:47:46,52.54,8023,52.53,U
sh688777,中控技术,2025-09-18 10:47:49,52.54,35846,52.54,D
sh688777,中控技术,2025-09-18 10:47:51,52.55,18993,52.54,U
sh688777,中控技术,2025-09-18 10:47:54,52.54,9800,52.55,E
sh688777,中控技术,2025-09-18 10:47:58,52.55,9152,52.54,U
sh688777,中控技术,2025-09-18 10:48:01,52.56,14459,52.55,U
sh688777,中控技术,2025-09-18 10:48:03,52.55,5560,52.56,D
sh688777,中控技术,2025-09-18 10:48:06,52.56,9428,52.55,U
sh688777,中控技术,2025-09-18 10:48:10,52.56,16612,52.56,U
sh688777,中控技术,2025-09-18 10:48:15,52.55,5496,52.55,D
sh688777,中控技术,2025-09-18 10:48:19,52.57,13990,52.55,U
sh688777,中控技术,2025-09-18 10:48:21,52.57,15347,52.57,D
sh688777,中控技术,2025-09-18 10:48:28,52.59,12367,52.59,U
sh688777,中控技术,2025-09-18 10:48:37,52.59,8907,52.58,U
sh688777,中控技术,2025-09-18 10:48:40,52.6,18810,52.59,U
sh688777,中控技术,2025-09-18 10:48:42,52.6,7119,52.6,U
sh688777,中控技术,2025-09-18 10:48:46,52.6,10562,52.6,U
sh688777,中控技术,2025-09-18 10:48:48,52.6,6822,52.6,U
sh688777,中控技术,2025-09-18 10:48:51,52.6,5692,52.6,U
sh688777,中控技术,2025-09-18 10:48:55,52.6,7500,52.6,U
sh688777,中控技术,2025-09-18 10:48:58,52.61,13468,52.6,U
sh688777,中控技术,2025-09-18 10:49:01,52.59,11037,52.61,D
sh688777,中控技术,2025-09-18 10:49:04,52.6,8275,52.59,U
sh688777,中控技术,2025-09-18 10:49:07,52.56,81828,52.6,D
sh688777,中控技术,2025-09-18 10:49:10,52.57,12052,52.56,U
sh688777,中控技术,2025-09-18 10:49:21,52.51,4560,52.54,D
sh688777,中控技术,2025-09-18 10:49:28,52.48,7180,52.51,D
sh688777,中控技术,2025-09-18 10:49:37,52.49,5608,52.49,D
sh688777,中控技术,2025-09-18 10:49:55,52.47,11562,52.47,U
sh688777,中控技术,2025-09-18 10:50:15,52.41,4228,52.4,E
sh688777,中控技术,2025-09-18 10:50:19,52.41,7937,52.41,U
sh688777,中控技术,2025-09-18 10:50:25,52.45,25220,52.41,U
sh688777,中控技术,2025-09-18 10:50:28,52.45,8156,52.45,U
sh688777,中控技术,2025-09-18 10:50:37,52.45,19426,52.45,U
sh688777,中控技术,2025-09-18 10:50:43,52.45,26200,52.45,U
sh688777,中控技术,2025-09-18 10:50:46,52.47,31403,52.45,U
sh688777,中控技术,2025-09-18 10:50:49,52.49,11209,52.47,U
sh688777,中控技术,2025-09-18 10:50:52,52.48,15094,52.49,D
sh688777,中控技术,2025-09-18 10:51:01,52.49,6650,52.5,D
sh688777,中控技术,2025-09-18 10:51:03,52.49,10434,52.49,U
sh688777,中控技术,2025-09-18 10:51:31,52.45,5117,52.47,D
sh688777,中控技术,2025-09-18 10:51:46,52.47,63000,52.47,D
sh688777,中控技术,2025-09-18 10:51:52,52.48,12900,52.5,D
sh688777,中控技术,2025-09-18 10:51:55,52.47,11300,52.48,D
sh688777,中控技术,2025-09-18 10:52:06,52.47,11542,52.47,D
sh688777,中控技术,2025-09-18 10:52:09,52.47,7084,52.47,U
sh688777,中控技术,2025-09-18 10:52:15,52.47,5471,52.47,U
sh688777,中控技术,2025-09-18 10:52:21,52.48,41322,52.47,U
sh688777,中控技术,2025-09-18 10:52:24,52.48,16628,52.48,U
sh688777,中控技术,2025-09-18 10:52:30,52.53,34521,52.48,U
sh688777,中控技术,2025-09-18 10:52:34,52.48,30428,52.53,D
sh688777,中控技术,2025-09-18 10:52:51,52.5,9746,52.51,D
sh688777,中控技术,2025-09-18 10:52:57,52.5,8633,52.51,D
sh688777,中控技术,2025-09-18 10:53:00,52.49,10318,52.5,D
sh688777,中控技术,2025-09-18 10:53:24,52.46,4096,52.46,E
sh688777,中控技术,2025-09-18 10:54:31,52.46,4919,52.48,D
sh688777,中控技术,2025-09-18 10:54:33,52.49,16641,52.46,U
sh688777,中控技术,2025-09-18 10:55:01,52.5,28630,52.5,U
sh688777,中控技术,2025-09-18 10:55:19,52.5,5039,52.49,U
sh688777,中控技术,2025-09-18 10:55:39,52.5,4000,52.47,U
sh688777,中控技术,2025-09-18 10:55:58,52.48,6000,52.5,D
sh688777,中控技术,2025-09-18 10:56:03,52.48,6605,52.49,D
sh688777,中控技术,2025-09-18 10:56:07,52.47,14171,52.48,D
sh688777,中控技术,2025-09-18 10:56:12,52.47,5540,52.48,D
sh688777,中控技术,2025-09-18 10:56:27,52.48,5895,52.47,E
sh688777,中控技术,2025-09-18 10:56:33,52.46,13639,52.48,D
sh688777,中控技术,2025-09-18 10:56:45,52.46,10412,52.45,U
sh688777,中控技术,2025-09-18 10:56:49,52.44,4690,52.46,D
sh688777,中控技术,2025-09-18 10:56:58,52.44,6557,52.44,D
sh688777,中控技术,2025-09-18 10:57:06,52.43,5700,52.43,U
sh688777,中控技术,2025-09-18 10:57:13,52.42,11800,52.41,U
sh688777,中控技术,2025-09-18 10:57:24,52.41,7648,52.4,U
sh688777,中控技术,2025-09-18 10:57:42,52.43,6242,52.42,U
sh688777,中控技术,2025-09-18 10:57:45,52.41,4098,52.43,D
sh688777,中控技术,2025-09-18 10:58:09,52.36,10400,52.4,D
sh688777,中控技术,2025-09-18 10:58:19,52.37,4400,52.36,U
sh688777,中控技术,2025-09-18 10:58:22,52.36,14494,52.37,D
sh688777,中控技术,2025-09-18 10:58:28,52.35,3840,52.36,D
sh688777,中控技术,2025-09-18 10:58:42,52.35,4000,52.33,U
sh688777,中控技术,2025-09-18 10:58:48,52.33,4000,52.35,D
sh688777,中控技术,2025-09-18 10:58:51,52.33,6757,52.33,D
sh688777,中控技术,2025-09-18 10:58:58,52.33,9561,52.33,D
sh688777,中控技术,2025-09-18 10:59:06,52.34,5109,52.32,U
sh688777,中控技术,2025-09-18 10:59:10,52.35,11173,52.34,U
sh688777,中控技术,2025-09-18 10:59:12,52.35,5937,52.35,U
sh688777,中控技术,2025-09-18 10:59:16,52.36,19473,52.35,U
sh688777,中控技术,2025-09-18 10:59:19,52.36,4237,52.36,U
sh688777,中控技术,2025-09-18 10:59:22,52.4,19630,52.36,U
sh688777,中控技术,2025-09-18 10:59:36,52.41,9309,52.4,U
sh688777,中控技术,2025-09-18 10:59:48,52.4,11095,52.41,D
sh688777,中控技术,2025-09-18 10:59:52,52.41,4757,52.4,U
sh688777,中控技术,2025-09-18 11:00:09,52.41,18000,52.4,U
sh688777,中控技术,2025-09-18 11:00:25,52.41,9826,52.4,U
sh688777,中控技术,2025-09-18 11:01:01,52.42,24182,52.41,U
sh688777,中控技术,2025-09-18 11:01:07,52.41,5300,52.41,D
sh688777,中控技术,2025-09-18 11:01:13,52.42,5141,52.41,U
sh688777,中控技术,2025-09-18 11:02:07,52.38,8562,52.39,D
sh688777,中控技术,2025-09-18 11:02:13,52.41,8797,52.41,U
sh688777,中控技术,2025-09-18 11:02:21,52.42,7065,52.41,U
sh688777,中控技术,2025-09-18 11:02:28,52.42,9900,52.42,U
sh688777,中控技术,2025-09-18 11:02:36,52.42,5690,52.42,U
sh688777,中控技术,2025-09-18 11:02:39,52.41,7500,52.42,D
sh688777,中控技术,2025-09-18 11:03:25,52.4,9615,52.4,E
sh688777,中控技术,2025-09-18 11:03:36,52.4,3899,52.4,E
sh688777,中控技术,2025-09-18 11:04:12,52.4,4468,52.41,D
sh688777,中控技术,2025-09-18 11:04:36,52.34,3889,52.39,D
sh688777,中控技术,2025-09-18 11:04:48,52.33,4600,52.34,D
sh688777,中控技术,2025-09-18 11:04:51,52.35,4374,52.33,U
sh688777,中控技术,2025-09-18 11:05:15,52.34,4191,52.36,D
sh688777,中控技术,2025-09-18 11:05:27,52.34,13379,52.34,D
sh688777,中控技术,2025-09-18 11:05:49,52.34,7600,52.35,D
sh688777,中控技术,2025-09-18 11:05:57,52.34,5100,52.39,D
sh688777,中控技术,2025-09-18 11:06:03,52.39,10500,52.38,U
sh688777,中控技术,2025-09-18 11:06:07,52.4,6664,52.39,U
sh688777,中控技术,2025-09-18 11:06:09,52.39,4131,52.4,D
sh688777,中控技术,2025-09-18 11:06:12,52.4,9058,52.39,U
sh688777,中控技术,2025-09-18 11:06:24,52.4,5922,52.4,U
sh688777,中控技术,2025-09-18 11:06:37,52.39,7300,52.39,D
sh688777,中控技术,2025-09-18 11:06:54,52.41,24531,52.39,U
sh688777,中控技术,2025-09-18 11:07:12,52.4,43731,52.41,D
sh688777,中控技术,2025-09-18 11:07:24,52.41,3944,52.4,U
sh688777,中控技术,2025-09-18 11:07:31,52.38,71583,52.41,D
sh688777,中控技术,2025-09-18 11:07:57,52.35,4638,52.35,D
sh688777,中控技术,2025-09-18 11:08:00,52.31,27531,52.35,D
sh688777,中控技术,2025-09-18 11:08:03,52.28,12433,52.31,D
sh688777,中控技术,2025-09-18 11:08:06,52.27,7872,52.28,D
sh688777,中控技术,2025-09-18 11:08:34,52.22,9745,52.23,D
sh688777,中控技术,2025-09-18 11:08:36,52.24,30800,52.22,U
sh688777,中控技术,2025-09-18 11:08:39,52.22,13690,52.24,D
sh688777,中控技术,2025-09-18 11:08:42,52.22,7860,52.22,D
sh688777,中控技术,2025-09-18 11:08:54,52.23,7456,52.21,U
sh688777,中控技术,2025-09-18 11:08:58,52.29,6454,52.23,U
sh688777,中控技术,2025-09-18 11:09:55,52.22,5055,52.23,D
sh688777,中控技术,2025-09-18 11:10:01,52.21,4033,52.23,D
sh688777,中控技术,2025-09-18 11:10:04,52.2,17865,52.21,D
sh688777,中控技术,2025-09-18 11:10:16,52.2,5484,52.2,U
sh688777,中控技术,2025-09-18 11:11:06,52.15,12389,52.18,D
sh688777,中控技术,2025-09-18 11:11:15,52.14,6010,52.15,D
sh688777,中控技术,2025-09-18 11:11:18,52.14,7000,52.14,D
sh688777,中控技术,2025-09-18 11:11:28,52.14,4000,52.14,D
sh688777,中控技术,2025-09-18 11:11:39,52.14,13800,52.15,D
sh688777,中控技术,2025-09-18 11:11:58,52.17,11000,52.18,E
sh688777,中控技术,2025-09-18 11:12:01,52.17,11936,52.17,E
sh688777,中控技术,2025-09-18 11:12:07,52.18,6326,52.17,U
sh688777,中控技术,2025-09-18 11:12:12,52.22,5164,52.18,U
sh688777,中控技术,2025-09-18 11:12:18,52.24,5200,52.18,U
sh688777,中控技术,2025-09-18 11:12:30,52.21,4000,52.2,D
sh688777,中控技术,2025-09-18 11:13:06,52.24,4200,52.24,U
sh688777,中控技术,2025-09-18 11:13:18,52.22,5110,52.23,D
sh688777,中控技术,2025-09-18 11:13:37,52.3,17253,52.21,U
sh688777,中控技术,2025-09-18 11:14:09,52.22,6242,52.23,D
sh688777,中控技术,2025-09-18 11:14:12,52.28,11500,52.22,U
sh688777,中控技术,2025-09-18 11:14:49,52.27,5287,52.26,D
sh688777,中控技术,2025-09-18 11:15:21,52.21,14283,52.22,D
sh688777,中控技术,2025-09-18 11:15:36,52.21,17750,52.15,U
sh688777,中控技术,2025-09-18 11:15:42,52.13,6912,52.21,D
sh688777,中控技术,2025-09-18 11:16:55,52.18,5664,52.19,D
sh688777,中控技术,2025-09-18 11:17:01,52.16,17596,52.18,D
sh688777,中控技术,2025-09-18 11:17:06,52.16,4900,52.16,U
sh688777,中控技术,2025-09-18 11:17:12,52.16,9447,52.16,U
sh688777,中控技术,2025-09-18 11:17:40,52.14,8100,52.18,D
sh688777,中控技术,2025-09-18 11:17:49,52.14,4834,52.14,D
sh688777,中控技术,2025-09-18 11:18:03,52.12,4530,52.12,D
sh688777,中控技术,2025-09-18 11:18:55,52.2,4000,52.19,U
sh688777,中控技术,2025-09-18 11:20:12,52.21,3863,52.19,E
sh688777,中控技术,2025-09-18 11:20:34,52.25,5000,52.23,U
sh688777,中控技术,2025-09-18 11:20:51,52.26,4400,52.28,D
sh688777,中控技术,2025-09-18 11:21:33,52.31,9000,52.3,U
sh688777,中控技术,2025-09-18 11:21:49,52.31,20600,52.33,D
sh688777,中控技术,2025-09-18 11:21:54,52.36,5937,52.35,U
sh688777,中控技术,2025-09-18 11:22:03,52.37,55400,52.38,D
sh688777,中控技术,2025-09-18 11:23:01,52.37,4917,52.36,U
sh688777,中控技术,2025-09-18 11:23:06,52.37,4643,52.35,U
sh688777,中控技术,2025-09-18 11:23:18,52.38,6179,52.35,U
sh688777,中控技术,2025-09-18 11:23:25,52.39,33355,52.37,U
sh688777,中控技术,2025-09-18 11:23:39,52.39,6200,52.39,D
sh688777,中控技术,2025-09-18 11:23:48,52.4,6000,52.4,U
sh688777,中控技术,2025-09-18 11:25:19,52.38,4448,52.35,U
sh688777,中控技术,2025-09-18 11:25:33,52.38,5679,52.38,U
sh688777,中控技术,2025-09-18 11:26:00,52.38,11400,52.37,U
sh688777,中控技术,2025-09-18 11:26:18,52.37,3918,52.39,D
sh688777,中控技术,2025-09-18 11:27:10,52.38,7776,52.38,U
sh688777,中控技术,2025-09-18 11:27:42,52.39,15858,52.37,U
sh688777,中控技术,2025-09-18 11:27:54,52.4,29868,52.37,U
sh688777,中控技术,2025-09-18 11:28:00,52.4,6444,52.4,U
sh688777,中控技术,2025-09-18 11:28:03,52.39,13233,52.4,D
sh688777,中控技术,2025-09-18 11:28:37,52.41,19180,52.4,U
sh688777,中控技术,2025-09-18 11:28:52,52.42,12000,52.42,U
sh688777,中控技术,2025-09-18 11:29:19,52.43,4000,52.43,U
sh688777,中控技术,2025-09-18 13:00:04,52.43,5900,52.42,U
sh688777,中控技术,2025-09-18 13:00:07,52.43,13044,52.43,D
sh688777,中控技术,2025-09-18 13:00:09,52.44,6384,52.43,E
sh688777,中控技术,2025-09-18 13:00:13,52.44,7257,52.44,D
sh688777,中控技术,2025-09-18 13:00:15,52.44,7971,52.44,D
sh688777,中控技术,2025-09-18 13:00:28,52.47,7100,52.46,U
sh688777,中控技术,2025-09-18 13:00:39,52.48,4200,52.46,U
sh688777,中控技术,2025-09-18 13:00:43,52.48,4874,52.48,U
sh688777,中控技术,2025-09-18 13:00:46,52.48,15766,52.48,U
sh688777,中控技术,2025-09-18 13:00:49,52.49,12260,52.48,U
sh688777,中控技术,2025-09-18 13:01:00,52.47,10163,52.49,D
sh688777,中控技术,2025-09-18 13:01:10,52.49,12565,52.47,U
sh688777,中控技术,2025-09-18 13:01:46,52.48,4722,52.47,U
sh688777,中控技术,2025-09-18 13:01:54,52.46,3915,52.46,D
sh688777,中控技术,2025-09-18 13:01:57,52.46,18833,52.46,D
sh688777,中控技术,2025-09-18 13:02:06,52.46,44688,52.46,U
sh688777,中控技术,2025-09-18 13:02:36,52.45,7700,52.43,U
sh688777,中控技术,2025-09-18 13:02:42,52.42,4383,52.45,D
sh688777,中控技术,2025-09-18 13:03:07,52.41,4496,52.42,D
sh688777,中控技术,2025-09-18 13:03:13,52.41,5000,52.41,D
sh688777,中控技术,2025-09-18 13:03:39,52.45,13300,52.42,U
sh688777,中控技术,2025-09-18 13:03:43,52.46,5034,52.45,U
sh688777,中控技术,2025-09-18 13:03:48,52.48,6204,52.46,U
sh688777,中控技术,2025-09-18 13:03:57,52.49,4446,52.48,U
sh688777,中控技术,2025-09-18 13:04:07,52.49,7083,52.49,U
sh688777,中控技术,2025-09-18 13:04:24,52.47,4817,52.46,U
sh688777,中控技术,2025-09-18 13:04:43,52.47,13114,52.47,U
sh688777,中控技术,2025-09-18 13:04:48,52.46,6202,52.47,D
sh688777,中控技术,2025-09-18 13:04:57,52.46,9723,52.45,U
sh688777,中控技术,2025-09-18 13:05:01,52.45,12409,52.46,D
sh688777,中控技术,2025-09-18 13:05:15,52.44,8401,52.45,D
sh688777,中控技术,2025-09-18 13:06:10,52.46,4000,52.44,U
sh688777,中控技术,2025-09-18 13:06:19,52.44,5614,52.44,U
sh688777,中控技术,2025-09-18 13:06:21,52.43,8903,52.44,D
sh688777,中控技术,2025-09-18 13:06:45,52.41,4912,52.41,D
sh688777,中控技术,2025-09-18 13:06:55,52.4,6229,52.42,D
sh688777,中控技术,2025-09-18 13:06:57,52.4,23137,52.4,D
sh688777,中控技术,2025-09-18 13:07:00,52.4,15600,52.4,D
sh688777,中控技术,2025-09-18 13:07:27,52.39,18650,52.4,D
sh688777,中控技术,2025-09-18 13:07:34,52.37,15100,52.39,D
sh688777,中控技术,2025-09-18 13:07:37,52.4,58613,52.37,U
sh688777,中控技术,2025-09-18 13:07:43,52.4,4974,52.4,U
sh688777,中控技术,2025-09-18 13:07:51,52.39,4200,52.42,D
sh688777,中控技术,2025-09-18 13:08:28,52.4,5193,52.4,U
sh688777,中控技术,2025-09-18 13:08:34,52.42,5813,52.4,U
sh688777,中控技术,2025-09-18 13:08:37,52.44,7857,52.42,U
sh688777,中控技术,2025-09-18 13:08:40,52.47,4867,52.44,U
sh688777,中控技术,2025-09-18 13:09:03,52.47,5291,52.46,U
sh688777,中控技术,2025-09-18 13:09:09,52.47,4400,52.47,U
sh688777,中控技术,2025-09-18 13:09:13,52.49,39303,52.47,U
sh688777,中控技术,2025-09-18 13:09:15,52.48,6271,52.49,D
sh688777,中控技术,2025-09-18 13:09:24,52.47,4764,52.49,D
sh688777,中控技术,2025-09-18 13:09:34,52.47,5480,52.48,D
sh688777,中控技术,2025-09-18 13:09:54,52.41,11310,52.42,D
sh688777,中控技术,2025-09-18 13:10:13,52.36,11478,52.39,D
sh688777,中控技术,2025-09-18 13:10:18,52.36,14019,52.36,D
sh688777,中控技术,2025-09-18 13:10:25,52.36,22200,52.35,U
sh688777,中控技术,2025-09-18 13:10:27,52.32,7900,52.36,D
sh688777,中控技术,2025-09-18 13:10:31,52.33,7179,52.32,U
sh688777,中控技术,2025-09-18 13:10:52,52.36,4468,52.35,U
sh688777,中控技术,2025-09-18 13:11:07,52.37,7158,52.37,D
sh688777,中控技术,2025-09-18 13:11:30,52.41,5500,52.41,U
sh688777,中控技术,2025-09-18 13:11:45,52.39,10422,52.38,U
sh688777,中控技术,2025-09-18 13:12:15,52.39,3898,52.39,D
sh688777,中控技术,2025-09-18 13:12:27,52.38,7981,52.41,D
sh688777,中控技术,2025-09-18 13:12:43,52.37,30130,52.39,D
sh688777,中控技术,2025-09-18 13:12:45,52.38,4032,52.37,U
sh688777,中控技术,2025-09-18 13:12:51,52.39,5663,52.38,U
sh688777,中控技术,2025-09-18 13:13:00,52.38,4354,52.38,U
sh688777,中控技术,2025-09-18 13:13:27,52.3,15207,52.31,D
sh688777,中控技术,2025-09-18 13:13:34,52.32,9128,52.3,U
sh688777,中控技术,2025-09-18 13:13:36,52.32,6200,52.32,U
sh688777,中控技术,2025-09-18 13:13:52,52.32,3852,52.31,U
sh688777,中控技术,2025-09-18 13:14:09,52.34,4031,52.34,D
sh688777,中控技术,2025-09-18 13:14:22,52.3,20676,52.32,D
sh688777,中控技术,2025-09-18 13:14:25,52.32,9664,52.3,U
sh688777,中控技术,2025-09-18 13:14:57,52.31,4702,52.3,E
sh688777,中控技术,2025-09-18 13:15:03,52.3,6419,52.3,D
sh688777,中控技术,2025-09-18 13:15:31,52.29,6902,52.29,D
sh688777,中控技术,2025-09-18 13:15:42,52.28,11942,52.28,D
sh688777,中控技术,2025-09-18 13:15:45,52.28,5932,52.28,D
sh688777,中控技术,2025-09-18 13:15:54,52.24,10011,52.28,D
sh688777,中控技术,2025-09-18 13:16:07,52.25,17536,52.25,U
sh688777,中控技术,2025-09-18 13:16:10,52.25,11938,52.25,U
sh688777,中控技术,2025-09-18 13:16:13,52.29,8999,52.25,U
sh688777,中控技术,2025-09-18 13:16:19,52.29,8488,52.29,D
sh688777,中控技术,2025-09-18 13:16:37,52.25,9768,52.28,D
sh688777,中控技术,2025-09-18 13:16:39,52.28,5400,52.25,U
sh688777,中控技术,2025-09-18 13:16:42,52.29,5358,52.28,U
sh688777,中控技术,2025-09-18 13:17:13,52.28,9101,52.29,D
sh688777,中控技术,2025-09-18 13:17:19,52.29,19713,52.26,U
sh688777,中控技术,2025-09-18 13:17:24,52.25,4325,52.27,D
sh688777,中控技术,2025-09-18 13:17:36,52.27,20999,52.26,E
sh688777,中控技术,2025-09-18 13:17:54,52.29,4491,52.32,D
sh688777,中控技术,2025-09-18 13:18:18,52.3,4512,52.3,D
sh688777,中控技术,2025-09-18 13:18:39,52.3,4490,52.31,D
sh688777,中控技术,2025-09-18 13:18:51,52.3,15287,52.31,D
sh688777,中控技术,2025-09-18 13:19:04,52.3,5429,52.3,D
sh688777,中控技术,2025-09-18 13:19:19,52.3,4955,52.29,U
sh688777,中控技术,2025-09-18 13:19:39,52.24,86504,52.28,D
sh688777,中控技术,2025-09-18 13:19:43,52.24,8493,52.24,D
sh688777,中控技术,2025-09-18 13:19:58,52.24,7202,52.24,U
sh688777,中控技术,2025-09-18 13:20:00,52.21,8178,52.24,D
sh688777,中控技术,2025-09-18 13:20:04,52.2,12163,52.21,D
sh688777,中控技术,2025-09-18 13:20:07,52.18,8108,52.2,D
sh688777,中控技术,2025-09-18 13:20:15,52.19,7698,52.19,D
sh688777,中控技术,2025-09-18 13:20:19,52.18,11445,52.19,D
sh688777,中控技术,2025-09-18 13:20:22,52.15,22534,52.18,D
sh688777,中控技术,2025-09-18 13:20:27,52.15,5490,52.15,D
sh688777,中控技术,2025-09-18 13:20:33,52.15,3949,52.14,U
sh688777,中控技术,2025-09-18 13:20:39,52.05,83600,52.15,D
sh688777,中控技术,2025-09-18 13:20:54,52.09,5207,52.1,D
sh688777,中控技术,2025-09-18 13:21:01,52.09,3850,52.1,D
sh688777,中控技术,2025-09-18 13:21:06,52.08,4449,52.1,D
sh688777,中控技术,2025-09-18 13:21:09,52.1,4882,52.08,U
sh688777,中控技术,2025-09-18 13:21:19,52.06,5495,52.07,D
sh688777,中控技术,2025-09-18 13:21:22,52.05,5534,52.06,D
sh688777,中控技术,2025-09-18 13:21:25,52.01,7709,52.05,D
sh688777,中控技术,2025-09-18 13:21:31,52.0,40510,52.0,D
sh688777,中控技术,2025-09-18 13:21:37,51.95,44411,52.0,D
sh688777,中控技术,2025-09-18 13:21:42,51.93,8631,51.96,D
sh688777,中控技术,2025-09-18 13:21:45,51.95,4193,51.93,U
sh688777,中控技术,2025-09-18 13:22:00,51.93,10132,51.92,U
sh688777,中控技术,2025-09-18 13:22:03,51.95,25545,51.93,U
sh688777,中控技术,2025-09-18 13:22:07,51.99,16219,51.95,U
sh688777,中控技术,2025-09-18 13:22:15,51.94,5000,51.95,D
sh688777,中控技术,2025-09-18 13:22:27,51.96,6400,51.96,U
sh688777,中控技术,2025-09-18 13:22:34,51.96,9788,51.95,U
sh688777,中控技术,2025-09-18 13:22:36,51.94,23616,51.96,D
sh688777,中控技术,2025-09-18 13:22:39,51.96,4726,51.94,U
sh688777,中控技术,2025-09-18 13:22:45,51.9,41200,51.94,D
sh688777,中控技术,2025-09-18 13:23:04,51.93,4853,51.91,U
sh688777,中控技术,2025-09-18 13:23:06,51.93,4140,51.93,U
sh688777,中控技术,2025-09-18 13:23:10,51.95,5517,51.93,U
sh688777,中控技术,2025-09-18 13:23:13,51.91,6400,51.95,D
sh688777,中控技术,2025-09-18 13:23:19,51.95,6082,51.95,U
sh688777,中控技术,2025-09-18 13:23:22,51.95,13356,51.95,U
sh688777,中控技术,2025-09-18 13:23:28,51.93,6791,51.93,D
sh688777,中控技术,2025-09-18 13:23:36,51.94,10261,51.94,D
sh688777,中控技术,2025-09-18 13:23:46,51.95,12937,51.94,U
sh688777,中控技术,2025-09-18 13:24:01,51.94,10309,51.95,D
sh688777,中控技术,2025-09-18 13:24:04,51.91,23332,51.94,D
sh688777,中控技术,2025-09-18 13:24:06,51.9,8002,51.91,D
sh688777,中控技术,2025-09-18 13:24:09,51.88,8616,51.9,D
sh688777,中控技术,2025-09-18 13:24:13,51.84,22074,51.88,D
sh688777,中控技术,2025-09-18 13:24:16,51.83,7262,51.84,D
sh688777,中控技术,2025-09-18 13:24:19,51.82,7255,51.83,D
sh688777,中控技术,2025-09-18 13:24:22,51.8,7085,51.82,D
sh688777,中控技术,2025-09-18 13:24:25,51.8,9750,51.8,D
sh688777,中控技术,2025-09-18 13:24:27,51.8,6192,51.8,D
sh688777,中控技术,2025-09-18 13:24:33,51.8,21505,51.83,D
sh688777,中控技术,2025-09-18 13:24:40,51.8,5171,51.81,D
sh688777,中控技术,2025-09-18 13:24:45,51.8,6345,51.8,U
sh688777,中控技术,2025-09-18 13:24:58,51.81,4976,51.8,E
sh688777,中控技术,2025-09-18 13:25:01,51.75,15924,51.81,D
sh688777,中控技术,2025-09-18 13:25:06,51.81,22423,51.8,U
sh688777,中控技术,2025-09-18 13:25:12,51.73,5754,51.76,D
sh688777,中控技术,2025-09-18 13:25:22,51.73,41200,51.75,D
sh688777,中控技术,2025-09-18 13:25:25,51.75,17934,51.73,U
sh688777,中控技术,2025-09-18 13:25:31,51.73,7505,51.75,D
sh688777,中控技术,2025-09-18 13:25:34,51.73,13581,51.73,D
sh688777,中控技术,2025-09-18 13:25:40,51.73,21500,51.72,U
sh688777,中控技术,2025-09-18 13:25:43,51.73,7535,51.73,D
sh688777,中控技术,2025-09-18 13:25:48,51.73,7211,51.75,D
sh688777,中控技术,2025-09-18 13:25:51,51.73,9572,51.73,D
sh688777,中控技术,2025-09-18 13:25:55,51.7,30946,51.73,D
sh688777,中控技术,2025-09-18 13:25:57,51.68,33185,51.7,D
sh688777,中控技术,2025-09-18 13:26:16,51.7,4487,51.7,D
sh688777,中控技术,2025-09-18 13:26:18,51.71,5900,51.7,U
sh688777,中控技术,2025-09-18 13:26:22,51.7,6240,51.71,D
sh688777,中控技术,2025-09-18 13:26:37,51.7,4034,51.7,D
sh688777,中控技术,2025-09-18 13:26:40,51.7,7000,51.7,D
sh688777,中控技术,2025-09-18 13:26:42,51.7,12567,51.7,D
sh688777,中控技术,2025-09-18 13:26:48,51.7,4459,51.69,U
sh688777,中控技术,2025-09-18 13:26:52,51.7,20364,51.7,U
sh688777,中控技术,2025-09-18 13:26:55,51.72,24978,51.7,U
sh688777,中控技术,2025-09-18 13:26:58,51.71,5867,51.72,E
sh688777,中控技术,2025-09-18 13:27:00,51.71,9677,51.71,U
sh688777,中控技术,2025-09-18 13:27:04,51.73,20582,51.71,U
sh688777,中控技术,2025-09-18 13:27:06,51.73,17682,51.73,U
sh688777,中控技术,2025-09-18 13:27:10,51.72,12572,51.73,D
sh688777,中控技术,2025-09-18 13:27:25,51.74,20519,51.73,E
sh688777,中控技术,2025-09-18 13:27:27,51.75,9802,51.74,U
sh688777,中控技术,2025-09-18 13:27:37,51.75,15467,51.77,D
sh688777,中控技术,2025-09-18 13:27:42,51.75,7187,51.76,D
sh688777,中控技术,2025-09-18 13:27:55,51.74,5261,51.76,D
sh688777,中控技术,2025-09-18 13:28:04,51.73,38846,51.75,D
sh688777,中控技术,2025-09-18 13:28:06,51.72,7316,51.73,D
sh688777,中控技术,2025-09-18 13:28:10,51.71,4581,51.72,D
sh688777,中控技术,2025-09-18 13:28:22,51.7,18252,51.72,D
sh688777,中控技术,2025-09-18 13:28:31,51.7,11259,51.69,U
sh688777,中控技术,2025-09-18 13:28:33,51.7,25300,51.7,U
sh688777,中控技术,2025-09-18 13:28:36,51.67,6456,51.7,D
sh688777,中控技术,2025-09-18 13:28:40,51.63,40407,51.67,D
sh688777,中控技术,2025-09-18 13:28:45,51.61,15752,51.62,D
sh688777,中控技术,2025-09-18 13:28:49,51.62,4327,51.61,D
sh688777,中控技术,2025-09-18 13:28:51,51.61,16659,51.62,E
sh688777,中控技术,2025-09-18 13:28:55,51.61,29024,51.61,U
sh688777,中控技术,2025-09-18 13:28:58,51.6,11059,51.61,E
sh688777,中控技术,2025-09-18 13:29:01,51.6,7825,51.6,U
sh688777,中控技术,2025-09-18 13:29:04,51.62,23877,51.6,U
sh688777,中控技术,2025-09-18 13:29:07,51.62,16685,51.62,U
sh688777,中控技术,2025-09-18 13:29:10,51.61,8920,51.62,D
sh688777,中控技术,2025-09-18 13:29:13,51.61,5347,51.61,D
sh688777,中控技术,2025-09-18 13:29:18,51.6,10000,51.61,D
sh688777,中控技术,2025-09-18 13:29:27,51.67,10649,51.66,U
sh688777,中控技术,2025-09-18 13:29:31,51.67,4738,51.67,U
sh688777,中控技术,2025-09-18 13:29:42,51.68,4578,51.68,D
sh688777,中控技术,2025-09-18 13:29:46,51.68,5274,51.68,U
sh688777,中控技术,2025-09-18 13:29:52,51.69,8325,51.68,U
sh688777,中控技术,2025-09-18 13:30:10,51.69,10250,51.7,D
sh688777,中控技术,2025-09-18 13:30:15,51.71,6200,51.75,D
sh688777,中控技术,2025-09-18 13:30:18,51.78,5190,51.71,U
sh688777,中控技术,2025-09-18 13:30:22,51.78,11658,51.78,U
sh688777,中控技术,2025-09-18 13:30:25,51.8,11437,51.78,U
sh688777,中控技术,2025-09-18 13:30:33,51.8,4426,51.8,D
sh688777,中控技术,2025-09-18 13:30:40,51.8,5900,51.8,U
sh688777,中控技术,2025-09-18 13:30:43,51.8,8000,51.8,U
sh688777,中控技术,2025-09-18 13:30:46,51.8,11119,51.8,U
sh688777,中控技术,2025-09-18 13:30:51,51.8,13597,51.81,D
sh688777,中控技术,2025-09-18 13:30:57,51.81,6022,51.82,D
sh688777,中控技术,2025-09-18 13:31:03,51.82,6000,51.81,E
sh688777,中控技术,2025-09-18 13:31:28,51.86,5400,51.86,U
sh688777,中控技术,2025-09-18 13:31:36,51.86,21760,51.86,D
sh688777,中控技术,2025-09-18 13:31:40,51.83,4125,51.86,D
sh688777,中控技术,2025-09-18 13:31:42,51.82,4831,51.83,D
sh688777,中控技术,2025-09-18 13:31:49,51.82,5000,51.86,D
sh688777,中控技术,2025-09-18 13:32:01,51.81,20499,51.82,D
sh688777,中控技术,2025-09-18 13:32:04,51.8,27839,51.81,D
sh688777,中控技术,2025-09-18 13:32:06,51.82,12135,51.8,U
sh688777,中控技术,2025-09-18 13:32:09,51.79,5299,51.82,D
sh688777,中控技术,2025-09-18 13:32:19,51.75,8683,51.74,E
sh688777,中控技术,2025-09-18 13:32:31,51.73,7300,51.72,U
sh688777,中控技术,2025-09-18 13:32:37,51.71,9300,51.71,U
sh688777,中控技术,2025-09-18 13:32:42,51.73,8248,51.71,U
sh688777,中控技术,2025-09-18 13:32:48,51.72,8455,51.72,U
sh688777,中控技术,2025-09-18 13:32:55,51.72,5123,51.72,D
sh688777,中控技术,2025-09-18 13:33:07,51.78,7100,51.72,U
sh688777,中控技术,2025-09-18 13:33:21,51.76,6281,51.75,U
sh688777,中控技术,2025-09-18 13:33:45,51.75,11201,51.75,D
sh688777,中控技术,2025-09-18 13:33:51,51.75,4700,51.75,U
sh688777,中控技术,2025-09-18 13:33:55,51.75,5392,51.75,U
sh688777,中控技术,2025-09-18 13:34:15,51.79,8000,51.78,U
sh688777,中控技术,2025-09-18 13:34:34,51.79,24472,51.78,U
sh688777,中控技术,2025-09-18 13:34:36,51.79,6500,51.79,U
sh688777,中控技术,2025-09-18 13:34:51,51.79,6896,51.8,D
sh688777,中控技术,2025-09-18 13:34:55,51.79,6111,51.79,D
sh688777,中控技术,2025-09-18 13:35:00,51.79,13834,51.79,D
sh688777,中控技术,2025-09-18 13:35:13,51.8,4149,51.79,U
sh688777,中控技术,2025-09-18 13:35:21,51.78,73138,51.79,D
sh688777,中控技术,2025-09-18 13:35:40,51.78,4123,51.77,U
sh688777,中控技术,2025-09-18 13:35:55,51.79,8974,51.78,U
sh688777,中控技术,2025-09-18 13:35:58,51.78,31096,51.79,D
sh688777,中控技术,2025-09-18 13:36:03,51.78,10201,51.8,D
sh688777,中控技术,2025-09-18 13:36:10,51.8,8883,51.78,U
sh688777,中控技术,2025-09-18 13:36:52,51.85,5813,51.84,U
sh688777,中控技术,2025-09-18 13:38:06,51.8,12055,51.83,D
sh688777,中控技术,2025-09-18 13:38:09,51.78,4070,51.8,D
sh688777,中控技术,2025-09-18 13:38:24,51.7,31998,51.76,D
sh688777,中控技术,2025-09-18 13:38:37,51.7,4900,51.7,D
sh688777,中控技术,2025-09-18 13:38:45,51.71,6967,51.71,D
sh688777,中控技术,2025-09-18 13:38:55,51.7,5846,51.7,D
sh688777,中控技术,2025-09-18 13:39:07,51.7,25402,51.69,U
sh688777,中控技术,2025-09-18 13:39:10,51.72,15762,51.7,U
sh688777,中控技术,2025-09-18 13:39:16,51.72,4120,51.72,U
sh688777,中控技术,2025-09-18 13:40:07,51.74,12609,51.76,D
sh688777,中控技术,2025-09-18 13:40:09,51.76,10364,51.74,U
sh688777,中控技术,2025-09-18 13:40:39,51.75,11000,51.74,U
sh688777,中控技术,2025-09-18 13:40:51,51.74,7817,51.74,U
sh688777,中控技术,2025-09-18 13:40:57,51.74,5373,51.73,U
sh688777,中控技术,2025-09-18 13:41:04,51.76,20400,51.75,U
sh688777,中控技术,2025-09-18 13:41:12,51.76,8019,51.75,D
sh688777,中控技术,2025-09-18 13:41:37,51.75,4300,51.75,D
sh688777,中控技术,2025-09-18 13:42:00,51.77,4367,51.76,U
sh688777,中控技术,2025-09-18 13:42:06,51.77,4923,51.77,U
sh688777,中控技术,2025-09-18 13:42:10,51.77,7029,51.77,U
sh688777,中控技术,2025-09-18 13:42:28,51.78,4487,51.79,D
sh688777,中控技术,2025-09-18 13:42:42,51.8,5200,51.77,U
sh688777,中控技术,2025-09-18 13:43:10,51.78,4272,51.78,U
sh688777,中控技术,2025-09-18 13:43:15,51.77,10204,51.77,D
sh688777,中控技术,2025-09-18 13:43:42,51.77,9182,51.78,D
sh688777,中控技术,2025-09-18 13:44:06,51.76,4939,51.77,D
sh688777,中控技术,2025-09-18 13:44:18,51.74,44278,51.77,D
sh688777,中控技术,2025-09-18 13:44:22,51.73,4586,51.74,D
sh688777,中控技术,2025-09-18 13:44:25,51.71,7012,51.73,D
sh688777,中控技术,2025-09-18 13:44:27,51.7,11074,51.71,D
sh688777,中控技术,2025-09-18 13:44:31,51.7,5159,51.7,D
sh688777,中控技术,2025-09-18 13:44:45,51.68,6077,51.68,D
sh688777,中控技术,2025-09-18 13:44:49,51.68,5254,51.68,D
sh688777,中控技术,2025-09-18 13:44:58,51.68,4500,51.68,U
sh688777,中控技术,2025-09-18 13:45:00,51.67,9605,51.68,E
sh688777,中控技术,2025-09-18 13:45:03,51.66,5601,51.67,D
sh688777,中控技术,2025-09-18 13:45:10,51.63,36580,51.65,D
sh688777,中控技术,2025-09-18 13:45:12,51.62,5088,51.63,D
sh688777,中控技术,2025-09-18 13:45:19,51.6,41570,51.61,D
sh688777,中控技术,2025-09-18 13:45:22,51.6,7763,51.6,D
sh688777,中控技术,2025-09-18 13:45:25,51.59,4136,51.6,D
sh688777,中控技术,2025-09-18 13:45:28,51.59,4972,51.59,D
sh688777,中控技术,2025-09-18 13:45:34,51.62,9764,51.6,U
sh688777,中控技术,2025-09-18 13:45:36,51.62,4235,51.62,U
sh688777,中控技术,2025-09-18 13:45:40,51.62,21002,51.62,U
sh688777,中控技术,2025-09-18 13:45:43,51.62,5389,51.62,U
sh688777,中控技术,2025-09-18 13:46:07,51.61,22470,51.61,D
sh688777,中控技术,2025-09-18 13:46:12,51.6,20402,51.61,D
sh688777,中控技术,2025-09-18 13:46:27,51.6,3993,51.6,D
sh688777,中控技术,2025-09-18 13:46:40,51.59,19676,51.59,D
sh688777,中控技术,2025-09-18 13:46:48,51.55,31580,51.58,D
sh688777,中控技术,2025-09-18 13:46:51,51.53,5000,51.55,D
sh688777,中控技术,2025-09-18 13:47:00,51.53,4521,51.56,D
sh688777,中控技术,2025-09-18 13:47:03,51.54,4802,51.53,D
sh688777,中控技术,2025-09-18 13:47:09,51.58,9588,51.54,U
sh688777,中控技术,2025-09-18 13:47:22,51.55,5588,51.56,D
sh688777,中控技术,2025-09-18 13:47:25,51.55,5000,51.55,U
sh688777,中控技术,2025-09-18 13:47:28,51.55,5649,51.55,U
sh688777,中控技术,2025-09-18 13:47:31,51.54,13625,51.55,D
sh688777,中控技术,2025-09-18 13:47:33,51.54,27616,51.54,U
sh688777,中控技术,2025-09-18 13:47:40,51.55,45090,51.53,U
sh688777,中控技术,2025-09-18 13:47:42,51.55,4717,51.55,U
sh688777,中控技术,2025-09-18 13:47:49,51.55,9706,51.55,U
sh688777,中控技术,2025-09-18 13:47:58,51.53,8688,51.52,U
sh688777,中控技术,2025-09-18 13:48:00,51.53,11968,51.53,U
sh688777,中控技术,2025-09-18 13:48:06,51.54,8057,51.53,U
sh688777,中控技术,2025-09-18 13:48:09,51.53,16670,51.54,D
sh688777,中控技术,2025-09-18 13:48:16,51.52,13296,51.55,D
sh688777,中控技术,2025-09-18 13:48:36,51.6,7969,51.6,U
sh688777,中控技术,2025-09-18 13:48:51,51.61,5603,51.62,D
sh688777,中控技术,2025-09-18 13:49:03,51.6,7000,51.62,D
sh688777,中控技术,2025-09-18 13:49:19,51.6,4039,51.58,U
sh688777,中控技术,2025-09-18 13:49:28,51.6,4351,51.6,D
sh688777,中控技术,2025-09-18 13:50:15,51.64,4000,51.63,D
sh688777,中控技术,2025-09-18 13:50:37,51.68,11564,51.66,U
sh688777,中控技术,2025-09-18 13:50:42,51.67,10400,51.67,D
sh688777,中控技术,2025-09-18 13:51:34,51.71,7311,51.72,D
sh688777,中控技术,2025-09-18 13:51:42,51.72,6406,51.72,D
sh688777,中控技术,2025-09-18 13:51:45,51.73,8050,51.72,U
sh688777,中控技术,2025-09-18 13:52:25,51.69,11695,51.7,D
sh688777,中控技术,2025-09-18 13:52:30,51.69,4201,51.7,D
sh688777,中控技术,2025-09-18 13:52:33,51.67,8400,51.69,D
sh688777,中控技术,2025-09-18 13:52:37,51.65,16483,51.67,D
sh688777,中控技术,2025-09-18 13:52:45,51.65,5000,51.65,U
sh688777,中控技术,2025-09-18 13:53:16,51.6,7200,51.6,D
sh688777,中控技术,2025-09-18 13:53:28,51.6,5000,51.6,D
sh688777,中控技术,2025-09-18 13:53:42,51.6,6600,51.6,D
sh688777,中控技术,2025-09-18 13:53:55,51.6,8142,51.6,D
sh688777,中控技术,2025-09-18 13:54:10,51.57,19454,51.59,D
sh688777,中控技术,2025-09-18 13:54:12,51.57,4494,51.57,D
sh688777,中控技术,2025-09-18 13:54:19,51.57,8363,51.57,D
sh688777,中控技术,2025-09-18 13:54:22,51.56,5100,51.57,D
sh688777,中控技术,2025-09-18 13:54:34,51.57,12228,51.57,U
sh688777,中控技术,2025-09-18 13:54:36,51.56,5300,51.57,D
sh688777,中控技术,2025-09-18 13:54:54,51.55,13071,51.55,D
sh688777,中控技术,2025-09-18 13:54:58,51.55,12287,51.55,D
sh688777,中控技术,2025-09-18 13:55:01,51.52,31234,51.55,D
sh688777,中控技术,2025-09-18 13:55:03,51.55,4700,51.52,U
sh688777,中控技术,2025-09-18 13:55:12,51.51,8507,51.52,D
sh688777,中控技术,2025-09-18 13:55:18,51.51,25200,51.54,D
sh688777,中控技术,2025-09-18 13:55:31,51.52,21042,51.52,D
sh688777,中控技术,2025-09-18 13:55:43,51.54,5201,51.54,D
sh688777,中控技术,2025-09-18 13:56:00,51.51,22481,51.53,D
sh688777,中控技术,2025-09-18 13:56:06,51.53,10904,51.53,U
sh688777,中控技术,2025-09-18 13:56:12,51.51,5775,51.51,D
sh688777,中控技术,2025-09-18 13:56:25,51.52,5400,51.52,U
sh688777,中控技术,2025-09-18 13:56:36,51.51,4187,51.51,D
sh688777,中控技术,2025-09-18 13:56:58,51.53,4002,51.53,U
sh688777,中控技术,2025-09-18 13:57:01,51.52,20434,51.53,D
sh688777,中控技术,2025-09-18 13:57:18,51.49,105287,51.51,D
sh688777,中控技术,2025-09-18 13:57:22,51.5,8574,51.49,U
sh688777,中控技术,2025-09-18 13:57:24,51.47,9065,51.5,D
sh688777,中控技术,2025-09-18 13:57:36,51.47,10645,51.47,D
sh688777,中控技术,2025-09-18 13:57:43,51.48,12176,51.46,U
sh688777,中控技术,2025-09-18 13:57:45,51.47,8963,51.48,D
sh688777,中控技术,2025-09-18 13:57:55,51.45,8968,51.45,D
sh688777,中控技术,2025-09-18 13:57:58,51.44,5050,51.45,D
sh688777,中控技术,2025-09-18 13:58:00,51.42,10894,51.44,D
sh688777,中控技术,2025-09-18 13:58:03,51.42,16516,51.42,U
sh688777,中控技术,2025-09-18 13:58:10,51.41,14414,51.4,U
sh688777,中控技术,2025-09-18 13:58:12,51.4,21490,51.41,D
sh688777,中控技术,2025-09-18 13:58:19,51.39,8622,51.4,D
sh688777,中控技术,2025-09-18 13:58:22,51.45,14493,51.39,U
sh688777,中控技术,2025-09-18 13:58:25,51.38,26100,51.45,D
sh688777,中控技术,2025-09-18 13:58:27,51.39,5562,51.38,D
sh688777,中控技术,2025-09-18 13:58:36,51.39,7305,51.39,D
sh688777,中控技术,2025-09-18 13:58:45,51.38,11600,51.38,D
sh688777,中控技术,2025-09-18 13:58:48,51.38,8602,51.38,D
sh688777,中控技术,2025-09-18 13:58:57,51.38,4484,51.37,U
sh688777,中控技术,2025-09-18 13:59:00,51.37,5200,51.38,D
sh688777,中控技术,2025-09-18 13:59:04,51.37,5428,51.37,D
sh688777,中控技术,2025-09-18 13:59:13,51.34,4000,51.36,D
sh688777,中控技术,2025-09-18 13:59:18,51.35,42746,51.36,U
sh688777,中控技术,2025-09-18 13:59:27,51.41,13047,51.35,U
sh688777,中控技术,2025-09-18 13:59:31,51.36,12702,51.41,D
sh688777,中控技术,2025-09-18 14:00:01,51.35,7674,51.38,D
sh688777,中控技术,2025-09-18 14:00:07,51.36,3910,51.37,U
sh688777,中控技术,2025-09-18 14:00:09,51.33,10127,51.36,D
sh688777,中控技术,2025-09-18 14:00:12,51.33,4305,51.33,D
sh688777,中控技术,2025-09-18 14:00:15,51.32,4692,51.33,D
sh688777,中控技术,2025-09-18 14:00:21,51.33,10900,51.32,U
sh688777,中控技术,2025-09-18 14:00:25,51.32,23415,51.33,D
sh688777,中控技术,2025-09-18 14:00:34,51.31,6549,51.31,D
sh688777,中控技术,2025-09-18 14:00:36,51.31,4359,51.31,D
sh688777,中控技术,2025-09-18 14:00:40,51.31,4200,51.31,D
sh688777,中控技术,2025-09-18 14:00:42,51.31,10069,51.31,D
sh688777,中控技术,2025-09-18 14:00:49,51.31,4909,51.3,U
sh688777,中控技术,2025-09-18 14:00:51,51.3,12684,51.31,D
sh688777,中控技术,2025-09-18 14:01:00,51.29,4723,51.3,D
sh688777,中控技术,2025-09-18 14:01:06,51.29,20587,51.28,U
sh688777,中控技术,2025-09-18 14:01:10,51.29,9098,51.29,U
sh688777,中控技术,2025-09-18 14:01:13,51.27,21364,51.29,D
sh688777,中控技术,2025-09-18 14:01:16,51.3,12393,51.27,U
sh688777,中控技术,2025-09-18 14:01:18,51.26,19467,51.3,D
sh688777,中控技术,2025-09-18 14:01:25,51.3,23171,51.29,U
sh688777,中控技术,2025-09-18 14:01:27,51.29,19290,51.3,D
sh688777,中控技术,2025-09-18 14:01:30,51.28,4767,51.29,D
sh688777,中控技术,2025-09-18 14:01:34,51.29,5300,51.28,U
sh688777,中控技术,2025-09-18 14:01:39,51.27,6000,51.29,D
sh688777,中控技术,2025-09-18 14:01:42,51.27,9698,51.27,D
sh688777,中控技术,2025-09-18 14:01:46,51.28,12883,51.27,U
sh688777,中控技术,2025-09-18 14:01:48,51.26,10605,51.28,D
sh688777,中控技术,2025-09-18 14:01:51,51.28,14400,51.26,U
sh688777,中控技术,2025-09-18 14:01:57,51.28,20385,51.26,U
sh688777,中控技术,2025-09-18 14:02:01,51.26,6023,51.28,D
sh688777,中控技术,2025-09-18 14:02:03,51.26,7402,51.26,D
sh688777,中控技术,2025-09-18 14:02:10,51.28,7065,51.28,U
sh688777,中控技术,2025-09-18 14:02:13,51.29,48142,51.28,U
sh688777,中控技术,2025-09-18 14:02:16,51.29,47834,51.29,U
sh688777,中控技术,2025-09-18 14:02:19,51.31,7072,51.29,U
sh688777,中控技术,2025-09-18 14:02:21,51.3,14115,51.31,D
sh688777,中控技术,2025-09-18 14:02:25,51.32,5669,51.3,U
sh688777,中控技术,2025-09-18 14:02:40,51.35,6568,51.36,D
sh688777,中控技术,2025-09-18 14:02:43,51.33,6100,51.35,D
sh688777,中控技术,2025-09-18 14:02:45,51.31,22477,51.33,D
sh688777,中控技术,2025-09-18 14:02:49,51.29,9803,51.31,D
sh688777,中控技术,2025-09-18 14:02:52,51.3,14177,51.29,U
sh688777,中控技术,2025-09-18 14:02:55,51.29,4490,51.3,U
sh688777,中控技术,2025-09-18 14:02:58,51.28,4584,51.29,D
sh688777,中控技术,2025-09-18 14:03:03,51.3,33030,51.3,U
sh688777,中控技术,2025-09-18 14:03:15,51.3,23772,51.35,D
sh688777,中控技术,2025-09-18 14:03:18,51.35,12465,51.3,U
sh688777,中控技术,2025-09-18 14:03:34,51.38,4357,51.35,U
sh688777,中控技术,2025-09-18 14:03:49,51.42,10000,51.4,U
sh688777,中控技术,2025-09-18 14:03:57,51.35,11968,51.35,D
sh688777,中控技术,2025-09-18 14:04:01,51.32,31398,51.35,D
sh688777,中控技术,2025-09-18 14:04:04,51.33,10926,51.32,E
sh688777,中控技术,2025-09-18 14:04:07,51.3,33572,51.33,D
sh688777,中控技术,2025-09-18 14:04:09,51.3,4094,51.3,D
sh688777,中控技术,2025-09-18 14:04:16,51.3,29153,51.32,D
sh688777,中控技术,2025-09-18 14:04:19,51.27,17798,51.3,D
sh688777,中控技术,2025-09-18 14:04:22,51.25,36819,51.27,D
sh688777,中控技术,2025-09-18 14:04:25,51.22,14831,51.25,D
sh688777,中控技术,2025-09-18 14:04:27,51.2,6935,51.22,D
sh688777,中控技术,2025-09-18 14:04:30,51.2,6450,51.2,D
sh688777,中控技术,2025-09-18 14:04:33,51.2,7178,51.2,D
sh688777,中控技术,2025-09-18 14:04:37,51.21,7917,51.2,U
sh688777,中控技术,2025-09-18 14:04:39,51.2,4959,51.21,D
sh688777,中控技术,2025-09-18 14:04:43,51.2,7889,51.2,D
sh688777,中控技术,2025-09-18 14:04:49,51.18,4191,51.19,D
sh688777,中控技术,2025-09-18 14:04:52,51.18,12064,51.18,D
sh688777,中控技术,2025-09-18 14:04:54,51.19,4572,51.18,U
sh688777,中控技术,2025-09-18 14:04:58,51.15,6809,51.19,D
sh688777,中控技术,2025-09-18 14:05:07,51.12,10688,51.12,U
sh688777,中控技术,2025-09-18 14:05:09,51.12,8493,51.12,U
sh688777,中控技术,2025-09-18 14:05:13,51.1,18913,51.12,D
sh688777,中控技术,2025-09-18 14:05:19,51.08,4928,51.1,D
sh688777,中控技术,2025-09-18 14:05:22,51.08,10471,51.08,D
sh688777,中控技术,2025-09-18 14:05:25,51.06,9567,51.08,D
sh688777,中控技术,2025-09-18 14:05:28,51.06,10125,51.06,U
sh688777,中控技术,2025-09-18 14:05:31,51.08,16054,51.06,U
sh688777,中控技术,2025-09-18 14:05:34,51.08,8756,51.08,U
sh688777,中控技术,2025-09-18 14:05:36,51.06,8200,51.08,D
sh688777,中控技术,2025-09-18 14:05:40,51.08,39060,51.06,U
sh688777,中控技术,2025-09-18 14:05:43,51.05,11204,51.08,D
sh688777,中控技术,2025-09-18 14:05:45,51.08,29185,51.05,U
sh688777,中控技术,2025-09-18 14:05:48,51.06,8814,51.08,E
sh688777,中控技术,2025-09-18 14:05:55,51.1,9600,51.08,U
sh688777,中控技术,2025-09-18 14:06:01,51.05,7595,51.06,D
sh688777,中控技术,2025-09-18 14:06:03,51.04,7468,51.05,D
sh688777,中控技术,2025-09-18 14:06:06,51.08,19934,51.04,U
sh688777,中控技术,2025-09-18 14:06:13,51.09,11997,51.08,U
sh688777,中控技术,2025-09-18 14:06:16,51.09,4109,51.09,D
sh688777,中控技术,2025-09-18 14:06:19,51.1,18700,51.09,U
sh688777,中控技术,2025-09-18 14:06:21,51.1,19207,51.1,U
sh688777,中控技术,2025-09-18 14:06:27,51.06,13437,51.1,D
sh688777,中控技术,2025-09-18 14:06:37,51.06,4137,51.08,D
sh688777,中控技术,2025-09-18 14:06:39,51.05,9812,51.06,D
sh688777,中控技术,2025-09-18 14:06:46,51.03,6784,51.04,D
sh688777,中控技术,2025-09-18 14:06:49,51.02,5611,51.03,D
sh688777,中控技术,2025-09-18 14:06:51,51.0,69318,51.02,D
sh688777,中控技术,2025-09-18 14:06:54,51.0,24237,51.0,D
sh688777,中控技术,2025-09-18 14:07:00,50.96,11130,51.0,D
sh688777,中控技术,2025-09-18 14:07:07,50.93,10003,50.96,D
sh688777,中控技术,2025-09-18 14:07:10,50.97,27867,50.93,U
sh688777,中控技术,2025-09-18 14:07:13,50.96,21702,50.97,D
sh688777,中控技术,2025-09-18 14:07:16,50.91,11816,50.96,D
sh688777,中控技术,2025-09-18 14:07:19,50.88,6061,50.91,D
sh688777,中控技术,2025-09-18 14:07:21,50.89,8726,50.88,E
sh688777,中控技术,2025-09-18 14:07:25,50.89,5071,50.89,D
sh688777,中控技术,2025-09-18 14:07:27,50.89,19694,50.89,U
sh688777,中控技术,2025-09-18 14:07:30,50.87,25864,50.89,D
sh688777,中控技术,2025-09-18 14:07:33,50.85,23918,50.87,D
sh688777,中控技术,2025-09-18 14:07:36,50.88,21387,50.85,U
sh688777,中控技术,2025-09-18 14:07:39,50.87,7816,50.88,D
sh688777,中控技术,2025-09-18 14:07:43,50.86,21328,50.87,D
sh688777,中控技术,2025-09-18 14:07:45,50.86,4558,50.86,U
sh688777,中控技术,2025-09-18 14:07:49,50.84,8579,50.86,E
sh688777,中控技术,2025-09-18 14:07:52,50.82,12138,50.84,D
sh688777,中控技术,2025-09-18 14:07:55,50.82,6247,50.82,D
sh688777,中控技术,2025-09-18 14:07:58,50.84,30948,50.82,U
sh688777,中控技术,2025-09-18 14:08:01,50.84,5200,50.84,D
sh688777,中控技术,2025-09-18 14:08:04,50.85,7917,50.84,U
sh688777,中控技术,2025-09-18 14:08:06,50.82,11268,50.85,D
sh688777,中控技术,2025-09-18 14:08:10,50.85,11216,50.82,U
sh688777,中控技术,2025-09-18 14:08:13,50.91,5874,50.85,U
sh688777,中控技术,2025-09-18 14:08:19,50.88,5943,50.91,D
sh688777,中控技术,2025-09-18 14:08:21,50.9,13449,50.88,E
sh688777,中控技术,2025-09-18 14:08:25,50.91,6072,50.9,E
sh688777,中控技术,2025-09-18 14:08:27,50.98,9288,50.91,U
sh688777,中控技术,2025-09-18 14:08:31,50.91,4836,50.98,E
sh688777,中控技术,2025-09-18 14:08:34,50.9,6500,50.91,D
sh688777,中控技术,2025-09-18 14:08:39,50.87,20000,50.92,D
sh688777,中控技术,2025-09-18 14:08:48,50.99,7437,50.93,U
sh688777,中控技术,2025-09-18 14:08:52,50.97,7300,50.99,E
sh688777,中控技术,2025-09-18 14:08:54,50.99,8512,50.97,E
sh688777,中控技术,2025-09-18 14:09:00,50.99,8820,50.96,U
sh688777,中控技术,2025-09-18 14:09:03,50.95,15801,50.99,D
sh688777,中控技术,2025-09-18 14:09:15,50.92,7352,50.93,E
sh688777,中控技术,2025-09-18 14:09:18,50.9,13942,50.92,D
sh688777,中控技术,2025-09-18 14:09:24,50.91,9382,50.91,U
sh688777,中控技术,2025-09-18 14:09:33,50.95,6120,50.92,U
sh688777,中控技术,2025-09-18 14:09:36,50.94,10904,50.95,E
sh688777,中控技术,2025-09-18 14:09:42,50.94,8200,50.95,E
sh688777,中控技术,2025-09-18 14:09:46,50.95,13633,50.94,U
sh688777,中控技术,2025-09-18 14:09:57,50.94,8082,51.0,D
sh688777,中控技术,2025-09-18 14:10:01,50.92,6760,50.94,D
sh688777,中控技术,2025-09-18 14:10:03,50.9,16586,50.92,D
sh688777,中控技术,2025-09-18 14:10:06,50.9,5607,50.9,D
sh688777,中控技术,2025-09-18 14:10:10,50.88,5697,50.9,D
sh688777,中控技术,2025-09-18 14:10:13,50.88,6578,50.88,D
sh688777,中控技术,2025-09-18 14:10:16,50.87,10689,50.88,D
sh688777,中控技术,2025-09-18 14:10:22,50.85,15269,50.86,D
sh688777,中控技术,2025-09-18 14:10:31,50.88,13654,50.87,U
sh688777,中控技术,2025-09-18 14:10:43,50.86,12920,50.87,D
sh688777,中控技术,2025-09-18 14:10:51,50.85,4100,50.86,D
sh688777,中控技术,2025-09-18 14:10:58,50.84,9796,50.85,D
sh688777,中控技术,2025-09-18 14:11:01,50.85,7205,50.84,U
sh688777,中控技术,2025-09-18 14:11:04,50.82,6429,50.85,D
sh688777,中控技术,2025-09-18 14:11:06,50.81,7898,50.82,D
sh688777,中控技术,2025-09-18 14:11:10,50.81,6830,50.81,D
sh688777,中控技术,2025-09-18 14:11:16,50.81,22605,50.83,D
sh688777,中控技术,2025-09-18 14:11:18,50.82,9651,50.81,E
sh688777,中控技术,2025-09-18 14:11:21,50.81,6822,50.82,D
sh688777,中控技术,2025-09-18 14:11:24,50.82,3960,50.81,U
sh688777,中控技术,2025-09-18 14:11:28,50.81,39010,50.82,D
sh688777,中控技术,2025-09-18 14:11:33,50.8,32615,50.8,D
sh688777,中控技术,2025-09-18 14:11:36,50.8,5337,50.8,U
sh688777,中控技术,2025-09-18 14:11:40,50.8,7621,50.8,U
sh688777,中控技术,2025-09-18 14:11:42,50.75,17482,50.8,D
sh688777,中控技术,2025-09-18 14:11:45,50.73,8498,50.75,D
sh688777,中控技术,2025-09-18 14:11:48,50.71,5043,50.73,D
sh688777,中控技术,2025-09-18 14:11:51,50.74,5369,50.71,U
sh688777,中控技术,2025-09-18 14:11:57,50.63,15591,50.7,D
sh688777,中控技术,2025-09-18 14:12:00,50.63,9565,50.63,D
sh688777,中控技术,2025-09-18 14:12:04,50.63,13849,50.63,U
sh688777,中控技术,2025-09-18 14:12:07,50.63,11730,50.63,D
sh688777,中控技术,2025-09-18 14:12:09,50.6,41890,50.63,D
sh688777,中控技术,2025-09-18 14:12:12,50.6,21905,50.6,D
sh688777,中控技术,2025-09-18 14:12:16,50.56,6164,50.6,D
sh688777,中控技术,2025-09-18 14:12:19,50.6,13300,50.56,U
sh688777,中控技术,2025-09-18 14:12:22,50.62,23165,50.6,U
sh688777,中控技术,2025-09-18 14:12:25,50.57,40058,50.62,D
sh688777,中控技术,2025-09-18 14:12:28,50.62,5037,50.57,E
sh688777,中控技术,2025-09-18 14:12:34,50.64,17224,50.62,E
sh688777,中控技术,2025-09-18 14:12:37,50.64,4537,50.64,D
sh688777,中控技术,2025-09-18 14:12:39,50.64,15400,50.64,D
sh688777,中控技术,2025-09-18 14:12:43,50.66,4668,50.64,D
sh688777,中控技术,2025-09-18 14:12:52,50.63,7300,50.64,D
sh688777,中控技术,2025-09-18 14:12:58,50.6,9900,50.6,U
sh688777,中控技术,2025-09-18 14:13:00,50.58,41370,50.6,D
sh688777,中控技术,2025-09-18 14:13:07,50.57,12411,50.57,D
sh688777,中控技术,2025-09-18 14:13:09,50.55,6675,50.57,D
sh688777,中控技术,2025-09-18 14:13:13,50.54,3969,50.55,D
sh688777,中控技术,2025-09-18 14:13:15,50.54,36200,50.54,D
sh688777,中控技术,2025-09-18 14:13:18,50.55,19939,50.54,U
sh688777,中控技术,2025-09-18 14:13:22,50.55,9822,50.55,D
sh688777,中控技术,2025-09-18 14:13:25,50.54,19923,50.55,D
sh688777,中控技术,2025-09-18 14:13:28,50.54,20098,50.54,D
sh688777,中控技术,2025-09-18 14:13:31,50.55,7911,50.54,U
sh688777,中控技术,2025-09-18 14:13:33,50.58,13407,50.55,E
sh688777,中控技术,2025-09-18 14:13:37,50.54,16399,50.58,D
sh688777,中控技术,2025-09-18 14:13:40,50.55,5264,50.54,U
sh688777,中控技术,2025-09-18 14:13:42,50.58,24448,50.55,U
sh688777,中控技术,2025-09-18 14:13:45,50.59,7900,50.58,D
sh688777,中控技术,2025-09-18 14:13:49,50.63,22789,50.59,U
sh688777,中控技术,2025-09-18 14:13:51,50.63,29772,50.63,D
sh688777,中控技术,2025-09-18 14:13:55,50.64,21675,50.63,U
sh688777,中控技术,2025-09-18 14:13:58,50.63,38505,50.64,D
sh688777,中控技术,2025-09-18 14:14:00,50.64,11231,50.63,U
sh688777,中控技术,2025-09-18 14:14:04,50.7,4862,50.64,U
sh688777,中控技术,2025-09-18 14:14:06,50.7,6580,50.7,U
sh688777,中控技术,2025-09-18 14:14:10,50.67,4111,50.7,D
sh688777,中控技术,2025-09-18 14:14:13,50.69,36489,50.67,U
sh688777,中控技术,2025-09-18 14:14:18,50.69,7200,50.69,U
sh688777,中控技术,2025-09-18 14:14:21,50.65,4513,50.69,D
sh688777,中控技术,2025-09-18 14:14:28,50.65,5839,50.64,U
sh688777,中控技术,2025-09-18 14:14:30,50.64,12886,50.65,D
sh688777,中控技术,2025-09-18 14:14:42,50.65,10032,50.65,U
sh688777,中控技术,2025-09-18 14:14:49,50.65,4502,50.65,U
sh688777,中控技术,2025-09-18 14:14:52,50.65,17992,50.65,U
sh688777,中控技术,2025-09-18 14:14:57,50.69,29587,50.66,U
sh688777,中控技术,2025-09-18 14:15:00,50.67,18854,50.69,D
sh688777,中控技术,2025-09-18 14:15:03,50.78,13779,50.67,U
sh688777,中控技术,2025-09-18 14:15:10,50.73,4984,50.78,D
sh688777,中控技术,2025-09-18 14:15:13,50.72,3996,50.73,E
sh688777,中控技术,2025-09-18 14:15:16,50.7,11624,50.72,D
sh688777,中控技术,2025-09-18 14:15:18,50.65,7584,50.7,D
sh688777,中控技术,2025-09-18 14:15:21,50.68,10090,50.65,U
sh688777,中控技术,2025-09-18 14:15:24,50.67,4601,50.68,U
sh688777,中控技术,2025-09-18 14:15:28,50.65,14054,50.67,D
sh688777,中控技术,2025-09-18 14:15:31,50.63,12526,50.65,D
sh688777,中控技术,2025-09-18 14:15:34,50.62,4000,50.63,E
sh688777,中控技术,2025-09-18 14:15:40,50.6,29586,50.62,D
sh688777,中控技术,2025-09-18 14:15:46,50.58,5200,50.6,D
sh688777,中控技术,2025-09-18 14:15:49,50.58,4957,50.58,D
sh688777,中控技术,2025-09-18 14:15:57,50.57,5593,50.56,E
sh688777,中控技术,2025-09-18 14:16:00,50.58,8941,50.57,U
sh688777,中控技术,2025-09-18 14:16:04,50.56,13049,50.58,D
sh688777,中控技术,2025-09-18 14:16:06,50.56,9174,50.56,U
sh688777,中控技术,2025-09-18 14:16:10,50.57,8197,50.56,U
sh688777,中控技术,2025-09-18 14:16:13,50.6,40437,50.57,U
sh688777,中控技术,2025-09-18 14:16:16,50.62,60860,50.6,U
sh688777,中控技术,2025-09-18 14:16:18,50.65,10454,50.62,U
sh688777,中控技术,2025-09-18 14:16:27,50.76,6952,50.73,E
sh688777,中控技术,2025-09-18 14:16:31,50.64,34821,50.76,D
sh688777,中控技术,2025-09-18 14:16:33,50.7,8432,50.64,E
sh688777,中控技术,2025-09-18 14:16:49,50.76,4621,50.76,U
sh688777,中控技术,2025-09-18 14:16:54,50.78,7802,50.75,E
sh688777,中控技术,2025-09-18 14:16:58,50.79,6612,50.78,U
sh688777,中控技术,2025-09-18 14:17:01,50.82,13884,50.79,U
sh688777,中控技术,2025-09-18 14:17:04,50.8,50537,50.82,D
sh688777,中控技术,2025-09-18 14:17:06,50.81,6412,50.8,E
sh688777,中控技术,2025-09-18 14:17:12,50.79,19860,50.82,D
sh688777,中控技术,2025-09-18 14:17:19,50.81,7790,50.82,D
sh688777,中控技术,2025-09-18 14:17:25,50.84,4157,50.86,D
sh688777,中控技术,2025-09-18 14:17:28,50.82,7950,50.84,D
sh688777,中控技术,2025-09-18 14:17:30,50.83,5752,50.82,U
sh688777,中控技术,2025-09-18 14:17:34,50.84,8117,50.83,U
sh688777,中控技术,2025-09-18 14:17:37,50.82,9677,50.84,D
sh688777,中控技术,2025-09-18 14:17:39,50.82,10100,50.82,U
sh688777,中控技术,2025-09-18 14:17:43,50.82,12695,50.82,U
sh688777,中控技术,2025-09-18 14:17:46,50.82,5683,50.82,D
sh688777,中控技术,2025-09-18 14:17:49,50.77,25465,50.82,D
sh688777,中控技术,2025-09-18 14:17:52,50.73,7382,50.77,D
sh688777,中控技术,2025-09-18 14:17:54,50.67,5577,50.73,D
sh688777,中控技术,2025-09-18 14:18:00,50.75,5590,50.73,U
sh688777,中控技术,2025-09-18 14:18:06,50.73,4444,50.73,D
sh688777,中控技术,2025-09-18 14:18:12,50.83,77876,50.8,U
sh688777,中控技术,2025-09-18 14:18:27,50.9,4123,50.96,D
sh688777,中控技术,2025-09-18 14:18:30,50.95,4400,50.9,U
sh688777,中控技术,2025-09-18 14:18:36,50.95,10047,50.94,U
sh688777,中控技术,2025-09-18 14:18:39,50.94,6327,50.95,U
sh688777,中控技术,2025-09-18 14:18:42,50.95,6268,50.94,D
sh688777,中控技术,2025-09-18 14:18:54,50.97,12600,50.97,U
sh688777,中控技术,2025-09-18 14:18:58,50.97,8318,50.97,U
sh688777,中控技术,2025-09-18 14:19:01,50.92,14888,50.97,D
sh688777,中控技术,2025-09-18 14:19:07,50.92,6905,50.87,U
sh688777,中控技术,2025-09-18 14:19:12,50.87,5059,50.87,D
sh688777,中控技术,2025-09-18 14:19:15,50.9,10158,50.87,E
sh688777,中控技术,2025-09-18 14:19:18,50.87,8105,50.9,D
sh688777,中控技术,2025-09-18 14:19:22,50.84,10793,50.87,D
sh688777,中控技术,2025-09-18 14:19:34,50.85,9674,50.82,U
sh688777,中控技术,2025-09-18 14:19:52,50.85,19849,50.87,D
sh688777,中控技术,2025-09-18 14:19:54,50.85,7395,50.85,D
sh688777,中控技术,2025-09-18 14:19:57,50.86,4640,50.85,U
sh688777,中控技术,2025-09-18 14:20:04,50.82,18044,50.87,D
sh688777,中控技术,2025-09-18 14:20:07,50.82,4377,50.82,D
sh688777,中控技术,2025-09-18 14:20:09,50.84,7693,50.82,U
sh688777,中控技术,2025-09-18 14:20:12,50.84,11086,50.84,U
sh688777,中控技术,2025-09-18 14:20:15,50.76,37218,50.84,D
sh688777,中控技术,2025-09-18 14:20:24,50.75,9986,50.79,D
sh688777,中控技术,2025-09-18 14:20:28,50.75,4382,50.75,D
sh688777,中控技术,2025-09-18 14:20:30,50.7,7319,50.75,D
sh688777,中控技术,2025-09-18 14:20:33,50.67,8721,50.7,D
sh688777,中控技术,2025-09-18 14:20:36,50.67,6403,50.67,D
sh688777,中控技术,2025-09-18 14:20:39,50.67,4936,50.67,U
sh688777,中控技术,2025-09-18 14:20:43,50.62,16850,50.67,D
sh688777,中控技术,2025-09-18 14:20:45,50.69,7770,50.62,U
sh688777,中控技术,2025-09-18 14:20:51,50.7,4500,50.7,U
sh688777,中控技术,2025-09-18 14:21:00,50.71,6798,50.69,U
sh688777,中控技术,2025-09-18 14:21:16,50.71,6827,50.71,D
sh688777,中控技术,2025-09-18 14:21:18,50.69,4220,50.71,D
sh688777,中控技术,2025-09-18 14:21:24,50.69,7793,50.7,D
sh688777,中控技术,2025-09-18 14:21:37,50.7,6400,50.7,D
sh688777,中控技术,2025-09-18 14:21:48,50.69,5159,50.7,D
sh688777,中控技术,2025-09-18 14:22:18,50.7,4209,50.7,U
sh688777,中控技术,2025-09-18 14:22:22,50.69,15462,50.7,D
sh688777,中控技术,2025-09-18 14:22:27,50.73,8100,50.69,U
sh688777,中控技术,2025-09-18 14:22:36,50.8,4260,50.73,U
sh688777,中控技术,2025-09-18 14:22:39,50.8,4560,50.8,D
sh688777,中控技术,2025-09-18 14:22:42,50.73,9962,50.8,D
sh688777,中控技术,2025-09-18 14:22:45,50.8,11675,50.73,E
sh688777,中控技术,2025-09-18 14:22:49,50.82,9159,50.8,U
sh688777,中控技术,2025-09-18 14:22:51,50.88,3974,50.82,U
sh688777,中控技术,2025-09-18 14:22:57,50.88,21012,50.88,U
sh688777,中控技术,2025-09-18 14:23:01,50.86,4785,50.88,D
sh688777,中控技术,2025-09-18 14:23:04,50.85,17180,50.86,D
sh688777,中控技术,2025-09-18 14:23:07,50.84,4660,50.85,D
sh688777,中控技术,2025-09-18 14:23:21,50.8,6355,50.82,E
sh688777,中控技术,2025-09-18 14:23:24,50.8,4994,50.8,U
sh688777,中控技术,2025-09-18 14:23:28,50.76,4900,50.8,D
sh688777,中控技术,2025-09-18 14:23:49,50.78,11164,50.8,D
sh688777,中控技术,2025-09-18 14:23:51,50.78,3948,50.78,D
sh688777,中控技术,2025-09-18 14:24:15,50.72,4385,50.74,D
sh688777,中控技术,2025-09-18 14:24:19,50.72,4854,50.72,D
sh688777,中控技术,2025-09-18 14:24:25,50.71,11785,50.72,D
sh688777,中控技术,2025-09-18 14:24:39,50.68,13155,50.68,D
sh688777,中控技术,2025-09-18 14:24:51,50.63,7009,50.65,D
sh688777,中控技术,2025-09-18 14:24:58,50.64,8000,50.62,U
sh688777,中控技术,2025-09-18 14:25:07,50.58,63366,50.63,D
sh688777,中控技术,2025-09-18 14:25:10,50.58,24279,50.58,U
sh688777,中控技术,2025-09-18 14:25:12,50.58,5348,50.58,D
sh688777,中控技术,2025-09-18 14:25:21,50.58,7789,50.58,U
sh688777,中控技术,2025-09-18 14:25:25,50.58,7000,50.58,U
sh688777,中控技术,2025-09-18 14:25:27,50.57,7924,50.58,D
sh688777,中控技术,2025-09-18 14:25:30,50.56,11857,50.57,D
sh688777,中控技术,2025-09-18 14:25:34,50.56,12891,50.56,U
sh688777,中控技术,2025-09-18 14:25:40,50.56,5200,50.57,D
sh688777,中控技术,2025-09-18 14:25:43,50.57,7353,50.56,U
sh688777,中控技术,2025-09-18 14:25:46,50.56,16670,50.57,D
sh688777,中控技术,2025-09-18 14:25:48,50.55,4285,50.56,D
sh688777,中控技术,2025-09-18 14:25:51,50.56,21528,50.55,U
sh688777,中控技术,2025-09-18 14:25:55,50.55,4625,50.56,D
sh688777,中控技术,2025-09-18 14:26:04,50.56,7938,50.55,U
sh688777,中控技术,2025-09-18 14:26:09,50.56,5200,50.55,D
sh688777,中控技术,2025-09-18 14:26:12,50.58,13412,50.56,U
sh688777,中控技术,2025-09-18 14:26:15,50.56,5289,50.58,D
sh688777,中控技术,2025-09-18 14:26:19,50.55,6319,50.56,D
sh688777,中控技术,2025-09-18 14:26:28,50.58,5773,50.59,D
sh688777,中控技术,2025-09-18 14:26:39,50.57,6444,50.58,D
sh688777,中控技术,2025-09-18 14:26:42,50.57,10404,50.57,U
sh688777,中控技术,2025-09-18 14:26:45,50.57,4616,50.57,U
sh688777,中控技术,2025-09-18 14:26:52,50.57,4049,50.57,D
sh688777,中控技术,2025-09-18 14:26:58,50.56,4223,50.56,D
sh688777,中控技术,2025-09-18 14:27:03,50.57,4509,50.56,D
sh688777,中控技术,2025-09-18 14:27:06,50.57,10044,50.57,D
sh688777,中控技术,2025-09-18 14:27:10,50.56,4664,50.57,D
sh688777,中控技术,2025-09-18 14:27:18,50.55,6375,50.55,D
sh688777,中控技术,2025-09-18 14:27:27,50.55,29106,50.55,D
sh688777,中控技术,2025-09-18 14:27:31,50.54,17625,50.55,D
sh688777,中控技术,2025-09-18 14:27:37,50.55,14995,50.55,U
sh688777,中控技术,2025-09-18 14:27:40,50.54,12537,50.55,D
sh688777,中控技术,2025-09-18 14:27:43,50.52,33233,50.54,D
sh688777,中控技术,2025-09-18 14:27:46,50.5,23342,50.52,D
sh688777,中控技术,2025-09-18 14:27:48,50.5,33599,50.5,D
sh688777,中控技术,2025-09-18 14:27:54,50.5,11125,50.5,D
sh688777,中控技术,2025-09-18 14:27:58,50.5,13480,50.5,D
sh688777,中控技术,2025-09-18 14:28:06,50.5,10661,50.51,D
sh688777,中控技术,2025-09-18 14:28:10,50.5,16610,50.5,D
sh688777,中控技术,2025-09-18 14:28:15,50.51,9225,50.5,U
sh688777,中控技术,2025-09-18 14:28:22,50.51,7699,50.51,D
sh688777,中控技术,2025-09-18 14:28:40,50.54,13649,50.54,D
sh688777,中控技术,2025-09-18 14:28:42,50.52,7408,50.54,D
sh688777,中控技术,2025-09-18 14:28:45,50.54,7089,50.52,U
sh688777,中控技术,2025-09-18 14:28:49,50.52,5889,50.54,D
sh688777,中控技术,2025-09-18 14:28:51,50.55,11019,50.52,U
sh688777,中控技术,2025-09-18 14:28:55,50.51,7890,50.55,D
sh688777,中控技术,2025-09-18 14:28:57,50.55,10823,50.51,U
sh688777,中控技术,2025-09-18 14:29:01,50.54,11796,50.55,D
sh688777,中控技术,2025-09-18 14:29:03,50.53,10567,50.54,D
sh688777,中控技术,2025-09-18 14:29:07,50.52,7983,50.53,D
sh688777,中控技术,2025-09-18 14:29:13,50.56,7781,50.52,U
sh688777,中控技术,2025-09-18 14:29:15,50.52,10699,50.56,D
sh688777,中控技术,2025-09-18 14:29:27,50.51,12862,50.52,D
sh688777,中控技术,2025-09-18 14:29:31,50.52,5015,50.51,E
sh688777,中控技术,2025-09-18 14:29:34,50.55,14171,50.52,U
sh688777,中控技术,2025-09-18 14:29:52,50.51,7555,50.51,D
sh688777,中控技术,2025-09-18 14:29:54,50.52,8401,50.51,U
sh688777,中控技术,2025-09-18 14:30:03,50.53,31951,50.52,U
sh688777,中控技术,2025-09-18 14:30:06,50.5,24445,50.53,D
sh688777,中控技术,2025-09-18 14:30:10,50.46,86483,50.5,D
sh688777,中控技术,2025-09-18 14:30:13,50.51,12111,50.46,U
sh688777,中控技术,2025-09-18 14:30:19,50.46,6177,50.45,E
sh688777,中控技术,2025-09-18 14:30:40,50.45,4456,50.46,D
sh688777,中控技术,2025-09-18 14:30:43,50.45,4841,50.45,D
sh688777,中控技术,2025-09-18 14:30:52,50.45,12668,50.45,U
sh688777,中控技术,2025-09-18 14:31:06,50.43,8575,50.43,U
sh688777,中控技术,2025-09-18 14:31:10,50.43,4216,50.43,U
sh688777,中控技术,2025-09-18 14:31:18,50.5,27682,50.46,U
sh688777,中控技术,2025-09-18 14:31:21,50.55,28540,50.5,U
sh688777,中控技术,2025-09-18 14:31:27,50.52,4200,50.53,E
sh688777,中控技术,2025-09-18 14:31:31,50.53,16900,50.52,E
sh688777,中控技术,2025-09-18 14:31:33,50.52,8242,50.53,D
sh688777,中控技术,2025-09-18 14:31:45,50.58,6100,50.57,U
sh688777,中控技术,2025-09-18 14:31:51,50.58,4611,50.58,D
sh688777,中控技术,2025-09-18 14:31:55,50.6,4400,50.58,E
sh688777,中控技术,2025-09-18 14:31:58,50.58,5592,50.6,D
sh688777,中控技术,2025-09-18 14:32:04,50.64,9949,50.7,E
sh688777,中控技术,2025-09-18 14:32:16,50.63,5604,50.7,D
sh688777,中控技术,2025-09-18 14:32:24,50.6,22000,50.63,D
sh688777,中控技术,2025-09-18 14:32:30,50.65,12028,50.6,U
sh688777,中控技术,2025-09-18 14:32:36,50.65,7740,50.65,U
sh688777,中控技术,2025-09-18 14:32:42,50.6,5196,50.65,D
sh688777,中控技术,2025-09-18 14:32:46,50.63,8012,50.6,E
sh688777,中控技术,2025-09-18 14:32:51,50.57,4547,50.59,D
sh688777,中控技术,2025-09-18 14:32:55,50.54,5042,50.57,D
sh688777,中控技术,2025-09-18 14:32:58,50.59,5509,50.54,U
sh688777,中控技术,2025-09-18 14:33:13,50.54,4357,50.59,D
sh688777,中控技术,2025-09-18 14:33:19,50.55,11753,50.53,U
sh688777,中控技术,2025-09-18 14:33:24,50.44,8848,50.5,D
sh688777,中控技术,2025-09-18 14:33:28,50.4,8800,50.44,D
sh688777,中控技术,2025-09-18 14:33:36,50.38,19686,50.39,D
sh688777,中控技术,2025-09-18 14:34:01,50.39,4337,50.4,D
sh688777,中控技术,2025-09-18 14:34:06,50.43,9026,50.42,U
sh688777,中控技术,2025-09-18 14:34:12,50.45,14694,50.44,U
sh688777,中控技术,2025-09-18 14:34:36,50.5,10074,50.52,D
sh688777,中控技术,2025-09-18 14:34:57,50.45,7274,50.47,D
sh688777,中控技术,2025-09-18 14:35:01,50.48,5898,50.45,E
sh688777,中控技术,2025-09-18 14:35:13,50.45,8200,50.49,D
sh688777,中控技术,2025-09-18 14:35:25,50.47,4537,50.48,E
sh688777,中控技术,2025-09-18 14:35:27,50.45,11007,50.47,D
sh688777,中控技术,2025-09-18 14:35:30,50.48,18419,50.45,U
sh688777,中控技术,2025-09-18 14:35:33,50.44,33802,50.48,D
sh688777,中控技术,2025-09-18 14:35:36,50.43,4497,50.44,D
sh688777,中控技术,2025-09-18 14:35:43,50.48,15423,50.45,U
sh688777,中控技术,2025-09-18 14:35:46,50.47,4819,50.48,E
sh688777,中控技术,2025-09-18 14:35:54,50.43,7626,50.43,D
sh688777,中控技术,2025-09-18 14:36:01,50.42,7104,50.46,D
sh688777,中控技术,2025-09-18 14:36:03,50.42,11165,50.42,D
sh688777,中控技术,2025-09-18 14:36:07,50.4,4445,50.42,D
sh688777,中控技术,2025-09-18 14:36:09,50.4,8083,50.4,D
sh688777,中控技术,2025-09-18 14:36:12,50.37,10000,50.4,D
sh688777,中控技术,2025-09-18 14:36:45,50.31,5410,50.34,D
sh688777,中控技术,2025-09-18 14:36:52,50.31,10327,50.32,D
sh688777,中控技术,2025-09-18 14:36:54,50.3,11560,50.31,D
sh688777,中控技术,2025-09-18 14:36:58,50.3,5820,50.3,D
sh688777,中控技术,2025-09-18 14:37:01,50.28,18091,50.3,D
sh688777,中控技术,2025-09-18 14:37:03,50.28,5522,50.28,D
sh688777,中控技术,2025-09-18 14:37:07,50.28,13419,50.28,D
sh688777,中控技术,2025-09-18 14:37:09,50.25,12108,50.28,D
sh688777,中控技术,2025-09-18 14:37:12,50.25,10680,50.25,U
sh688777,中控技术,2025-09-18 14:37:16,50.23,6858,50.25,D
sh688777,中控技术,2025-09-18 14:37:19,50.23,4337,50.23,U
sh688777,中控技术,2025-09-18 14:37:22,50.22,15431,50.23,D
sh688777,中控技术,2025-09-18 14:37:25,50.18,43981,50.22,D
sh688777,中控技术,2025-09-18 14:37:27,50.18,39977,50.18,U
sh688777,中控技术,2025-09-18 14:37:31,50.16,11639,50.18,D
sh688777,中控技术,2025-09-18 14:37:33,50.1,13550,50.16,D
sh688777,中控技术,2025-09-18 14:37:36,50.14,10381,50.1,E
sh688777,中控技术,2025-09-18 14:37:39,50.18,10438,50.14,U
sh688777,中控技术,2025-09-18 14:37:43,50.15,13980,50.18,D
sh688777,中控技术,2025-09-18 14:37:46,50.16,5937,50.15,D
sh688777,中控技术,2025-09-18 14:37:48,50.16,5356,50.16,D
sh688777,中控技术,2025-09-18 14:37:51,50.19,20165,50.16,D
sh688777,中控技术,2025-09-18 14:37:54,50.21,10904,50.19,U
sh688777,中控技术,2025-09-18 14:37:58,50.19,7045,50.21,D
sh688777,中控技术,2025-09-18 14:38:06,50.16,7883,50.19,D
sh688777,中控技术,2025-09-18 14:38:10,50.19,14909,50.16,U
sh688777,中控技术,2025-09-18 14:38:13,50.15,32613,50.19,D
sh688777,中控技术,2025-09-18 14:38:16,50.25,4600,50.15,U
sh688777,中控技术,2025-09-18 14:38:25,50.31,5600,50.28,U
sh688777,中控技术,2025-09-18 14:38:33,50.33,27737,50.26,U
sh688777,中控技术,2025-09-18 14:38:36,50.32,8896,50.33,E
sh688777,中控技术,2025-09-18 14:38:40,50.31,12325,50.32,D
sh688777,中控技术,2025-09-18 14:38:43,50.34,9175,50.31,U
sh688777,中控技术,2025-09-18 14:38:48,50.32,5695,50.35,D
sh688777,中控技术,2025-09-18 14:38:58,50.31,5938,50.32,D
sh688777,中控技术,2025-09-18 14:39:03,50.2,5311,50.28,D
sh688777,中控技术,2025-09-18 14:39:07,50.18,9079,50.2,D
sh688777,中控技术,2025-09-18 14:39:10,50.18,4837,50.18,D
sh688777,中控技术,2025-09-18 14:39:18,50.2,10350,50.26,D
sh688777,中控技术,2025-09-18 14:39:22,50.26,4139,50.2,U
sh688777,中控技术,2025-09-18 14:39:30,50.19,4394,50.18,D
sh688777,中控技术,2025-09-18 14:39:33,50.19,4020,50.19,D
sh688777,中控技术,2025-09-18 14:39:36,50.18,8418,50.19,D
sh688777,中控技术,2025-09-18 14:39:39,50.18,21947,50.18,D
sh688777,中控技术,2025-09-18 14:39:43,50.18,15228,50.18,D
sh688777,中控技术,2025-09-18 14:39:46,50.18,6409,50.18,D
sh688777,中控技术,2025-09-18 14:39:49,50.18,4210,50.18,D
sh688777,中控技术,2025-09-18 14:39:51,50.18,5725,50.18,D
sh688777,中控技术,2025-09-18 14:40:04,50.16,8551,50.16,U
sh688777,中控技术,2025-09-18 14:40:06,50.14,6746,50.16,D
sh688777,中控技术,2025-09-18 14:40:16,50.15,8930,50.14,U
sh688777,中控技术,2025-09-18 14:40:25,50.14,26205,50.13,U
sh688777,中控技术,2025-09-18 14:40:27,50.14,19019,50.14,D
sh688777,中控技术,2025-09-18 14:40:34,50.14,6150,50.14,D
sh688777,中控技术,2025-09-18 14:40:36,50.15,8500,50.14,U
sh688777,中控技术,2025-09-18 14:40:40,50.13,5950,50.15,D
sh688777,中控技术,2025-09-18 14:40:42,50.14,15137,50.13,U
sh688777,中控技术,2025-09-18 14:40:45,50.13,5800,50.14,D
sh688777,中控技术,2025-09-18 14:40:48,50.13,6845,50.13,D
sh688777,中控技术,2025-09-18 14:40:51,50.12,9529,50.13,D
sh688777,中控技术,2025-09-18 14:40:58,50.11,11546,50.13,D
sh688777,中控技术,2025-09-18 14:41:01,50.12,4993,50.11,U
sh688777,中控技术,2025-09-18 14:41:04,50.11,7483,50.12,D
sh688777,中控技术,2025-09-18 14:41:07,50.11,7378,50.11,D
sh688777,中控技术,2025-09-18 14:41:09,50.12,13942,50.11,U
sh688777,中控技术,2025-09-18 14:41:16,50.12,7648,50.11,U
sh688777,中控技术,2025-09-18 14:41:22,50.1,6000,50.11,D
sh688777,中控技术,2025-09-18 14:41:25,50.1,6983,50.1,D
sh688777,中控技术,2025-09-18 14:41:28,50.1,17527,50.1,D
sh688777,中控技术,2025-09-18 14:41:31,50.1,13052,50.1,D
sh688777,中控技术,2025-09-18 14:41:33,50.08,6449,50.1,D
sh688777,中控技术,2025-09-18 14:41:36,50.03,24988,50.08,D
sh688777,中控技术,2025-09-18 14:41:40,50.03,8001,50.03,D
sh688777,中控技术,2025-09-18 14:41:42,50.03,18691,50.03,D
sh688777,中控技术,2025-09-18 14:41:46,50.0,56156,50.03,D
sh688777,中控技术,2025-09-18 14:41:48,50.0,18265,50.0,D
sh688777,中控技术,2025-09-18 14:41:52,49.99,5562,50.0,D
sh688777,中控技术,2025-09-18 14:41:54,49.97,10438,49.99,D
sh688777,中控技术,2025-09-18 14:41:57,49.98,107115,49.97,U
sh688777,中控技术,2025-09-18 14:42:00,49.98,11524,49.98,U
sh688777,中控技术,2025-09-18 14:42:04,49.95,19202,49.98,D
sh688777,中控技术,2025-09-18 14:42:07,49.97,12200,49.95,U
sh688777,中控技术,2025-09-18 14:42:12,49.98,4801,50.03,D
sh688777,中控技术,2025-09-18 14:42:18,50.02,20586,50.0,U
sh688777,中控技术,2025-09-18 14:42:21,50.02,7060,50.02,D
sh688777,中控技术,2025-09-18 14:42:24,50.03,4151,50.02,U
sh688777,中控技术,2025-09-18 14:42:28,50.0,13337,50.03,D
sh688777,中控技术,2025-09-18 14:42:34,50.03,26828,50.02,U
sh688777,中控技术,2025-09-18 14:42:36,50.0,7674,50.03,D
sh688777,中控技术,2025-09-18 14:42:40,50.03,9280,50.0,D
sh688777,中控技术,2025-09-18 14:42:46,50.03,13562,50.03,U
sh688777,中控技术,2025-09-18 14:42:48,50.01,7890,50.03,E
sh688777,中控技术,2025-09-18 14:42:52,50.03,5855,50.01,U
sh688777,中控技术,2025-09-18 14:43:01,50.07,21971,50.05,U
sh688777,中控技术,2025-09-18 14:43:04,50.04,4864,50.07,D
sh688777,中控技术,2025-09-18 14:43:12,50.04,12980,50.04,U
sh688777,中控技术,2025-09-18 14:43:19,50.1,21349,50.08,U
sh688777,中控技术,2025-09-18 14:43:21,50.05,7927,50.1,D
sh688777,中控技术,2025-09-18 14:43:25,50.13,5011,50.05,U
sh688777,中控技术,2025-09-18 14:43:31,50.16,22457,50.15,U
sh688777,中控技术,2025-09-18 14:43:34,50.2,25605,50.16,U
sh688777,中控技术,2025-09-18 14:43:37,50.28,7014,50.2,U
sh688777,中控技术,2025-09-18 14:43:55,50.26,7134,50.28,D
sh688777,中控技术,2025-09-18 14:43:57,50.3,85042,50.26,U
sh688777,中控技术,2025-09-18 14:44:01,50.3,10395,50.3,D
sh688777,中控技术,2025-09-18 14:44:06,50.3,11732,50.3,D
sh688777,中控技术,2025-09-18 14:44:18,50.31,12200,50.32,D
sh688777,中控技术,2025-09-18 14:44:22,50.3,9353,50.31,D
sh688777,中控技术,2025-09-18 14:44:24,50.31,5552,50.3,U
sh688777,中控技术,2025-09-18 14:44:30,50.31,40576,50.27,U
sh688777,中控技术,2025-09-18 14:44:33,50.31,5991,50.31,D
sh688777,中控技术,2025-09-18 14:44:36,50.31,9138,50.31,D
sh688777,中控技术,2025-09-18 14:44:39,50.28,12037,50.31,D
sh688777,中控技术,2025-09-18 14:44:46,50.31,4400,50.28,U
sh688777,中控技术,2025-09-18 14:44:48,50.33,7942,50.31,U
sh688777,中控技术,2025-09-18 14:44:58,50.36,10816,50.35,U
sh688777,中控技术,2025-09-18 14:45:03,50.38,29358,50.36,U
sh688777,中控技术,2025-09-18 14:45:06,50.37,9242,50.38,D
sh688777,中控技术,2025-09-18 14:45:12,50.36,10505,50.38,D
sh688777,中控技术,2025-09-18 14:45:15,50.39,5043,50.36,U
sh688777,中控技术,2025-09-18 14:45:22,50.39,5691,50.36,U
sh688777,中控技术,2025-09-18 14:45:24,50.41,15206,50.39,U
sh688777,中控技术,2025-09-18 14:45:27,50.39,13577,50.41,D
sh688777,中控技术,2025-09-18 14:45:31,50.36,13000,50.39,D
sh688777,中控技术,2025-09-18 14:45:34,50.39,6209,50.36,U
sh688777,中控技术,2025-09-18 14:45:43,50.41,7228,50.39,D
sh688777,中控技术,2025-09-18 14:45:46,50.46,12994,50.41,U
sh688777,中控技术,2025-09-18 14:45:49,50.42,8878,50.46,D
sh688777,中控技术,2025-09-18 14:45:55,50.5,11532,50.45,U
sh688777,中控技术,2025-09-18 14:46:04,50.43,7170,50.5,D
sh688777,中控技术,2025-09-18 14:46:06,50.5,50938,50.43,U
sh688777,中控技术,2025-09-18 14:46:09,50.43,16222,50.5,D
sh688777,中控技术,2025-09-18 14:46:13,50.39,11464,50.43,D
sh688777,中控技术,2025-09-18 14:46:18,50.48,10498,50.46,U
sh688777,中控技术,2025-09-18 14:46:21,50.48,4128,50.48,U
sh688777,中控技术,2025-09-18 14:46:24,50.49,11236,50.48,D
sh688777,中控技术,2025-09-18 14:46:28,50.46,12046,50.49,D
sh688777,中控技术,2025-09-18 14:46:46,50.44,7715,50.41,U
sh688777,中控技术,2025-09-18 14:46:49,50.44,5070,50.44,U
sh688777,中控技术,2025-09-18 14:46:52,50.4,4465,50.44,D
sh688777,中控技术,2025-09-18 14:46:54,50.4,7584,50.4,U
sh688777,中控技术,2025-09-18 14:47:04,50.4,9649,50.4,U
sh688777,中控技术,2025-09-18 14:47:06,50.39,23792,50.4,D
sh688777,中控技术,2025-09-18 14:47:09,50.39,6738,50.39,D
sh688777,中控技术,2025-09-18 14:47:25,50.38,9200,50.38,D
sh688777,中控技术,2025-09-18 14:47:27,50.37,6402,50.38,D
sh688777,中控技术,2025-09-18 14:47:31,50.38,10398,50.37,U
sh688777,中控技术,2025-09-18 14:47:36,50.37,4935,50.38,D
sh688777,中控技术,2025-09-18 14:47:42,50.39,13471,50.38,U
sh688777,中控技术,2025-09-18 14:47:46,50.38,17451,50.39,E
sh688777,中控技术,2025-09-18 14:47:49,50.4,7637,50.38,U
