symbol,name,ticktime,price,volume,prev_price,kind
sh688777,中控技术,2025-10-17 09:25:01,54.6,16670,0.0,U
sh688777,中控技术,2025-10-17 09:30:06,54.41,5000,54.45,D
sh688777,中控技术,2025-10-17 09:30:09,54.41,8580,54.41,D
sh688777,中控技术,2025-10-17 09:30:18,54.4,6573,54.44,D
sh688777,中控技术,2025-10-17 09:30:24,54.4,9469,54.4,U
sh688777,中控技术,2025-10-17 09:30:30,54.4,13635,54.4,U
sh688777,中控技术,2025-10-17 09:30:33,54.4,13111,54.4,U
sh688777,中控技术,2025-10-17 09:30:39,54.3,14350,54.4,D
sh688777,中控技术,2025-10-17 09:30:42,54.31,4811,54.3,U
sh688777,中控技术,2025-10-17 09:30:45,54.3,5228,54.31,U
sh688777,中控技术,2025-10-17 09:30:54,54.3,11261,54.3,U
sh688777,中控技术,2025-10-17 09:30:57,54.18,9813,54.3,D
sh688777,中控技术,2025-10-17 09:31:00,54.2,4574,54.18,U
sh688777,中控技术,2025-10-17 09:31:06,54.3,7406,54.18,U
sh688777,中控技术,2025-10-17 09:31:09,54.27,3692,54.3,U
sh688777,中控技术,2025-10-17 09:31:12,54.27,8269,54.27,D
sh688777,中控技术,2025-10-17 09:31:15,54.29,21163,54.27,U
sh688777,中控技术,2025-10-17 09:31:21,54.27,5577,54.3,D
sh688777,中控技术,2025-10-17 09:31:27,54.34,9767,54.31,U
sh688777,中控技术,2025-10-17 09:31:33,54.3,8024,54.41,D
sh688777,中控技术,2025-10-17 09:31:57,54.36,9015,54.45,D
sh688777,中控技术,2025-10-17 09:32:15,54.4,5633,54.4,E
sh688777,中控技术,2025-10-17 09:32:42,54.55,14442,54.51,U
sh688777,中控技术,2025-10-17 09:33:03,54.55,22157,54.6,D
sh688777,中控技术,2025-10-17 09:33:06,54.49,34947,54.55,D
sh688777,中控技术,2025-10-17 09:33:09,54.5,11000,54.49,U
sh688777,中控技术,2025-10-17 09:33:15,54.46,4300,54.51,D
sh688777,中控技术,2025-10-17 09:33:36,54.46,4374,54.45,U
sh688777,中控技术,2025-10-17 09:33:42,54.48,8508,54.46,U
sh688777,中控技术,2025-10-17 09:33:48,54.46,9247,54.5,D
sh688777,中控技术,2025-10-17 09:33:54,54.53,10081,54.5,U
sh688777,中控技术,2025-10-17 09:33:57,54.46,5690,54.53,D
sh688777,中控技术,2025-10-17 09:34:12,54.4,7572,54.42,D
sh688777,中控技术,2025-10-17 09:34:15,54.36,11679,54.4,D
sh688777,中控技术,2025-10-17 09:34:30,54.34,35144,54.35,D
sh688777,中控技术,2025-10-17 09:34:51,54.4,9845,54.43,D
sh688777,中控技术,2025-10-17 09:35:03,54.3,10556,54.36,D
sh688777,中控技术,2025-10-17 09:35:06,54.3,12977,54.3,D
sh688777,中控技术,2025-10-17 09:35:09,54.31,4132,54.3,E
sh688777,中控技术,2025-10-17 09:35:24,54.32,15195,54.31,D
sh688777,中控技术,2025-10-17 09:35:36,54.29,7123,54.31,D
sh688777,中控技术,2025-10-17 09:35:45,54.31,6317,54.3,U
sh688777,中控技术,2025-10-17 09:35:48,54.31,6211,54.31,U
sh688777,中控技术,2025-10-17 09:35:51,54.25,11132,54.31,D
sh688777,中控技术,2025-10-17 09:35:54,54.3,11325,54.25,E
sh688777,中控技术,2025-10-17 09:36:09,54.32,14700,54.36,D
sh688777,中控技术,2025-10-17 09:36:24,54.36,8409,54.4,D
sh688777,中控技术,2025-10-17 09:36:27,54.36,3706,54.36,U
sh688777,中控技术,2025-10-17 09:36:30,54.4,6478,54.36,U
sh688777,中控技术,2025-10-17 09:36:36,54.4,5439,54.4,U
sh688777,中控技术,2025-10-17 09:36:39,54.4,10382,54.4,U
sh688777,中控技术,2025-10-17 09:36:48,54.41,14532,54.4,U
sh688777,中控技术,2025-10-17 09:36:54,54.4,3700,54.41,D
sh688777,中控技术,2025-10-17 09:36:57,54.37,7474,54.4,D
sh688777,中控技术,2025-10-17 09:37:03,54.35,4899,54.37,D
sh688777,中控技术,2025-10-17 09:37:09,54.37,38810,54.37,U
sh688777,中控技术,2025-10-17 09:37:15,54.38,25700,54.39,E
sh688777,中控技术,2025-10-17 09:37:27,54.41,15776,54.35,U
sh688777,中控技术,2025-10-17 09:37:39,54.51,20728,54.46,U
sh688777,中控技术,2025-10-17 09:37:45,54.5,9056,54.51,D
sh688777,中控技术,2025-10-17 09:37:48,54.53,14810,54.5,U
sh688777,中控技术,2025-10-17 09:38:03,54.51,5690,54.53,D
sh688777,中控技术,2025-10-17 09:38:06,54.49,4439,54.51,D
sh688777,中控技术,2025-10-17 09:38:09,54.45,8949,54.49,D
sh688777,中控技术,2025-10-17 09:38:21,54.4,3980,54.4,D
sh688777,中控技术,2025-10-17 09:38:30,54.41,11754,54.38,U
sh688777,中控技术,2025-10-17 09:38:36,54.39,3776,54.4,D
sh688777,中控技术,2025-10-17 09:38:39,54.58,9000,54.39,U
sh688777,中控技术,2025-10-17 09:38:42,54.36,7641,54.58,D
sh688777,中控技术,2025-10-17 09:38:48,54.35,6619,54.36,D
sh688777,中控技术,2025-10-17 09:38:57,54.36,6532,54.36,U
sh688777,中控技术,2025-10-17 09:39:06,54.29,5100,54.34,D
sh688777,中控技术,2025-10-17 09:39:12,54.28,4556,54.29,D
sh688777,中控技术,2025-10-17 09:39:18,54.28,4995,54.27,U
sh688777,中控技术,2025-10-17 09:39:21,54.27,7143,54.28,E
sh688777,中控技术,2025-10-17 09:39:27,54.33,13568,54.26,U
sh688777,中控技术,2025-10-17 09:39:42,54.31,4410,54.36,D
sh688777,中控技术,2025-10-17 09:39:57,54.3,25562,54.34,D
sh688777,中控技术,2025-10-17 09:40:00,54.27,5728,54.3,D
sh688777,中控技术,2025-10-17 09:40:12,54.22,18281,54.26,D
sh688777,中控技术,2025-10-17 09:40:15,54.19,22309,54.22,D
sh688777,中控技术,2025-10-17 09:40:21,54.18,16064,54.2,D
sh688777,中控技术,2025-10-17 09:40:27,54.2,8042,54.16,U
sh688777,中控技术,2025-10-17 09:40:30,54.16,7452,54.2,D
sh688777,中控技术,2025-10-17 09:40:36,54.2,5803,54.16,U
sh688777,中控技术,2025-10-17 09:40:45,54.2,5100,54.16,U
sh688777,中控技术,2025-10-17 09:40:48,54.16,18800,54.2,D
sh688777,中控技术,2025-10-17 09:40:51,54.16,26412,54.16,D
sh688777,中控技术,2025-10-17 09:40:54,54.14,18035,54.16,D
sh688777,中控技术,2025-10-17 09:41:00,54.11,9032,54.15,D
sh688777,中控技术,2025-10-17 09:41:03,54.11,22729,54.11,U
sh688777,中控技术,2025-10-17 09:41:09,54.11,6785,54.09,U
sh688777,中控技术,2025-10-17 09:41:12,54.14,7369,54.11,U
sh688777,中控技术,2025-10-17 09:41:24,54.08,21213,54.08,E
sh688777,中控技术,2025-10-17 09:41:30,54.11,13883,54.08,E
sh688777,中控技术,2025-10-17 09:41:33,54.08,23594,54.11,D
sh688777,中控技术,2025-10-17 09:41:39,54.11,12657,54.09,U
sh688777,中控技术,2025-10-17 09:41:51,54.09,4205,54.08,U
sh688777,中控技术,2025-10-17 09:41:57,54.05,17057,54.07,D
sh688777,中控技术,2025-10-17 09:42:00,54.04,13200,54.05,D
sh688777,中控技术,2025-10-17 09:42:03,54.04,9423,54.04,D
sh688777,中控技术,2025-10-17 09:42:06,54.04,17731,54.04,U
sh688777,中控技术,2025-10-17 09:42:09,54.04,4000,54.04,U
sh688777,中控技术,2025-10-17 09:42:12,54.04,13830,54.04,U
sh688777,中控技术,2025-10-17 09:42:18,54.06,8321,54.04,U
sh688777,中控技术,2025-10-17 09:42:21,54.04,12972,54.06,D
sh688777,中控技术,2025-10-17 09:42:24,54.07,20218,54.04,U
sh688777,中控技术,2025-10-17 09:42:27,54.04,9826,54.07,D
sh688777,中控技术,2025-10-17 09:42:30,54.0,40916,54.04,D
sh688777,中控技术,2025-10-17 09:42:33,54.0,13613,54.0,D
sh688777,中控技术,2025-10-17 09:42:36,54.0,47506,54.0,D
sh688777,中控技术,2025-10-17 09:42:39,54.0,10600,54.0,U
sh688777,中控技术,2025-10-17 09:42:48,53.95,7200,53.97,D
sh688777,中控技术,2025-10-17 09:42:51,53.93,3968,53.95,D
sh688777,中控技术,2025-10-17 09:42:54,53.93,6100,53.93,D
sh688777,中控技术,2025-10-17 09:43:00,53.93,7195,53.95,D
sh688777,中控技术,2025-10-17 09:43:03,53.91,67586,53.93,D
sh688777,中控技术,2025-10-17 09:43:09,53.97,3873,53.96,U
sh688777,中控技术,2025-10-17 09:43:12,54.0,46115,53.97,U
sh688777,中控技术,2025-10-17 09:43:15,53.92,39754,54.0,D
sh688777,中控技术,2025-10-17 09:43:21,54.0,5100,54.03,E
sh688777,中控技术,2025-10-17 09:43:30,53.97,6254,53.96,U
sh688777,中控技术,2025-10-17 09:43:33,53.91,4371,53.97,D
sh688777,中控技术,2025-10-17 09:43:36,53.91,9066,53.91,D
sh688777,中控技术,2025-10-17 09:43:39,53.9,5890,53.91,D
sh688777,中控技术,2025-10-17 09:43:42,53.86,64481,53.9,D
sh688777,中控技术,2025-10-17 09:43:45,53.91,51543,53.86,U
sh688777,中控技术,2025-10-17 09:43:48,53.98,19600,53.91,U
sh688777,中控技术,2025-10-17 09:44:06,53.88,7310,53.91,D
sh688777,中控技术,2025-10-17 09:44:09,53.88,12667,53.88,U
sh688777,中控技术,2025-10-17 09:44:12,53.85,8003,53.88,D
sh688777,中控技术,2025-10-17 09:44:21,53.84,8500,53.86,D
sh688777,中控技术,2025-10-17 09:44:24,53.84,8293,53.84,U
sh688777,中控技术,2025-10-17 09:44:27,53.86,17291,53.84,U
sh688777,中控技术,2025-10-17 09:44:30,53.87,36723,53.86,U
sh688777,中控技术,2025-10-17 09:44:33,53.87,7199,53.87,U
sh688777,中控技术,2025-10-17 09:44:36,53.85,7600,53.87,D
sh688777,中控技术,2025-10-17 09:44:39,53.85,4777,53.85,D
sh688777,中控技术,2025-10-17 09:44:42,53.85,7080,53.85,D
sh688777,中控技术,2025-10-17 09:44:48,53.86,8372,53.85,U
sh688777,中控技术,2025-10-17 09:44:51,53.85,18200,53.86,D
sh688777,中控技术,2025-10-17 09:44:54,53.85,6371,53.85,D
sh688777,中控技术,2025-10-17 09:45:03,53.84,16802,53.84,U
sh688777,中控技术,2025-10-17 09:45:09,53.79,18108,53.81,D
sh688777,中控技术,2025-10-17 09:45:12,53.82,14902,53.79,U
sh688777,中控技术,2025-10-17 09:45:18,53.77,49698,53.84,D
sh688777,中控技术,2025-10-17 09:45:24,53.72,26600,53.75,D
sh688777,中控技术,2025-10-17 09:45:33,53.75,10073,53.72,E
sh688777,中控技术,2025-10-17 09:45:36,53.75,17672,53.75,D
sh688777,中控技术,2025-10-17 09:45:39,53.75,72992,53.75,D
sh688777,中控技术,2025-10-17 09:45:48,53.74,4200,53.76,D
sh688777,中控技术,2025-10-17 09:45:51,53.73,9970,53.74,D
sh688777,中控技术,2025-10-17 09:45:54,53.72,5506,53.73,D
sh688777,中控技术,2025-10-17 09:45:57,53.71,14988,53.72,D
sh688777,中控技术,2025-10-17 09:46:00,53.72,8742,53.71,U
sh688777,中控技术,2025-10-17 09:46:03,53.7,11500,53.72,D
sh688777,中控技术,2025-10-17 09:46:06,53.7,12054,53.7,D
sh688777,中控技术,2025-10-17 09:46:09,53.7,27154,53.7,D
sh688777,中控技术,2025-10-17 09:46:12,53.7,8794,53.7,U
sh688777,中控技术,2025-10-17 09:46:15,53.69,8984,53.7,E
sh688777,中控技术,2025-10-17 09:46:18,53.77,9102,53.69,U
sh688777,中控技术,2025-10-17 09:46:21,53.77,5665,53.77,U
sh688777,中控技术,2025-10-17 09:46:27,53.7,4938,53.7,U
sh688777,中控技术,2025-10-17 09:46:33,53.83,17045,53.78,U
sh688777,中控技术,2025-10-17 09:46:36,53.83,5728,53.83,U
sh688777,中控技术,2025-10-17 09:46:51,53.74,38609,53.74,U
sh688777,中控技术,2025-10-17 09:47:03,53.71,8112,53.71,D
sh688777,中控技术,2025-10-17 09:47:06,53.74,4966,53.71,U
sh688777,中控技术,2025-10-17 09:47:09,53.73,14234,53.74,D
sh688777,中控技术,2025-10-17 09:47:12,53.74,6600,53.73,U
sh688777,中控技术,2025-10-17 09:47:15,53.7,18340,53.74,D
sh688777,中控技术,2025-10-17 09:47:21,53.71,20801,53.71,U
sh688777,中控技术,2025-10-17 09:47:24,53.69,14807,53.71,D
sh688777,中控技术,2025-10-17 09:47:27,53.72,4200,53.69,U
sh688777,中控技术,2025-10-17 09:47:36,53.72,9573,53.72,U
sh688777,中控技术,2025-10-17 09:47:39,53.72,19127,53.72,D
sh688777,中控技术,2025-10-17 09:47:45,53.73,12402,53.72,U
sh688777,中控技术,2025-10-17 09:47:48,53.73,5489,53.73,D
sh688777,中控技术,2025-10-17 09:48:03,53.68,30591,53.73,D
sh688777,中控技术,2025-10-17 09:48:06,53.66,32874,53.68,D
sh688777,中控技术,2025-10-17 09:48:09,53.63,24056,53.66,D
sh688777,中控技术,2025-10-17 09:48:12,53.66,12999,53.63,U
sh688777,中控技术,2025-10-17 09:48:15,53.64,20660,53.66,E
sh688777,中控技术,2025-10-17 09:48:21,53.65,5200,53.62,U
sh688777,中控技术,2025-10-17 09:48:24,53.65,4152,53.65,D
sh688777,中控技术,2025-10-17 09:48:27,53.6,51569,53.65,D
sh688777,中控技术,2025-10-17 09:48:30,53.6,6958,53.6,D
sh688777,中控技术,2025-10-17 09:48:36,53.6,25729,53.6,U
sh688777,中控技术,2025-10-17 09:48:39,53.65,3838,53.6,U
sh688777,中控技术,2025-10-17 09:48:42,53.62,17936,53.65,E
sh688777,中控技术,2025-10-17 09:48:45,53.6,6779,53.62,D
sh688777,中控技术,2025-10-17 09:48:48,53.6,3921,53.6,U
sh688777,中控技术,2025-10-17 09:48:54,53.6,13758,53.6,D
sh688777,中控技术,2025-10-17 09:48:57,53.62,8063,53.6,U
sh688777,中控技术,2025-10-17 09:49:00,53.62,6482,53.62,D
sh688777,中控技术,2025-10-17 09:49:03,53.65,27761,53.62,U
sh688777,中控技术,2025-10-17 09:49:06,53.65,18566,53.65,U
sh688777,中控技术,2025-10-17 09:49:12,53.66,11053,53.7,D
sh688777,中控技术,2025-10-17 09:49:15,53.73,12383,53.66,D
sh688777,中控技术,2025-10-17 09:49:18,53.73,6450,53.73,D
sh688777,中控技术,2025-10-17 09:49:24,53.73,20614,53.73,U
sh688777,中控技术,2025-10-17 09:49:27,53.73,4900,53.73,U
sh688777,中控技术,2025-10-17 09:49:33,53.83,12238,53.73,U
sh688777,中控技术,2025-10-17 09:49:36,53.73,8466,53.83,D
sh688777,中控技术,2025-10-17 09:49:45,53.77,7000,53.77,U
sh688777,中控技术,2025-10-17 09:49:51,53.75,11024,53.78,D
sh688777,中控技术,2025-10-17 09:49:54,53.73,9235,53.75,D
sh688777,中控技术,2025-10-17 09:49:57,53.74,4800,53.73,E
sh688777,中控技术,2025-10-17 09:50:00,53.75,10329,53.74,U
sh688777,中控技术,2025-10-17 09:50:03,53.7,26618,53.75,D
sh688777,中控技术,2025-10-17 09:50:06,53.65,3770,53.7,D
sh688777,中控技术,2025-10-17 09:50:12,53.7,10000,53.69,U
sh688777,中控技术,2025-10-17 09:50:18,53.69,5483,53.7,E
sh688777,中控技术,2025-10-17 09:50:24,53.65,16024,53.74,D
sh688777,中控技术,2025-10-17 09:50:36,53.62,14020,53.69,D
sh688777,中控技术,2025-10-17 09:50:45,53.62,5125,53.66,D
sh688777,中控技术,2025-10-17 09:50:48,53.61,25935,53.62,D
sh688777,中控技术,2025-10-17 09:50:51,53.57,110537,53.61,D
sh688777,中控技术,2025-10-17 09:51:00,53.57,5153,53.57,D
sh688777,中控技术,2025-10-17 09:51:03,53.57,35210,53.57,D
sh688777,中控技术,2025-10-17 09:51:09,53.56,8285,53.55,U
sh688777,中控技术,2025-10-17 09:51:12,53.56,52638,53.56,U
sh688777,中控技术,2025-10-17 09:51:15,53.56,21364,53.56,U
sh688777,中控技术,2025-10-17 09:51:24,53.57,5281,53.57,E
sh688777,中控技术,2025-10-17 09:51:30,53.62,37676,53.59,U
sh688777,中控技术,2025-10-17 09:51:33,53.64,3834,53.62,U
sh688777,中控技术,2025-10-17 09:51:42,53.64,22277,53.6,E
sh688777,中控技术,2025-10-17 09:51:48,53.64,12747,53.6,U
sh688777,中控技术,2025-10-17 09:51:57,53.64,5599,53.64,D
sh688777,中控技术,2025-10-17 09:52:03,53.66,4603,53.66,D
sh688777,中控技术,2025-10-17 09:52:06,53.72,4999,53.66,U
sh688777,中控技术,2025-10-17 09:52:09,53.76,9911,53.72,U
sh688777,中控技术,2025-10-17 09:52:12,53.71,4400,53.76,D
sh688777,中控技术,2025-10-17 09:52:24,53.84,12175,53.72,U
sh688777,中控技术,2025-10-17 09:52:27,53.78,5200,53.84,D
sh688777,中控技术,2025-10-17 09:52:33,53.75,17542,53.78,D
sh688777,中控技术,2025-10-17 09:52:36,53.73,4562,53.75,D
sh688777,中控技术,2025-10-17 09:52:45,53.76,7360,53.73,U
sh688777,中控技术,2025-10-17 09:52:48,53.78,4426,53.76,U
sh688777,中控技术,2025-10-17 09:52:51,53.74,13385,53.78,D
sh688777,中控技术,2025-10-17 09:52:54,53.7,19530,53.74,D
sh688777,中控技术,2025-10-17 09:53:00,53.7,4434,53.7,U
sh688777,中控技术,2025-10-17 09:53:03,53.75,8236,53.7,U
sh688777,中控技术,2025-10-17 09:53:06,53.75,10450,53.75,D
sh688777,中控技术,2025-10-17 09:53:09,53.78,22000,53.75,U
sh688777,中控技术,2025-10-17 09:53:12,53.76,4776,53.78,E
sh688777,中控技术,2025-10-17 09:53:15,53.83,18406,53.76,U
sh688777,中控技术,2025-10-17 09:53:18,53.85,25000,53.83,U
sh688777,中控技术,2025-10-17 09:53:21,53.79,22209,53.85,E
sh688777,中控技术,2025-10-17 09:53:24,53.75,8108,53.79,D
sh688777,中控技术,2025-10-17 09:53:33,53.7,6200,53.75,D
sh688777,中控技术,2025-10-17 09:53:39,53.71,5210,53.68,E
sh688777,中控技术,2025-10-17 09:53:51,53.66,5600,53.7,D
sh688777,中控技术,2025-10-17 09:53:54,53.7,14558,53.66,U
sh688777,中控技术,2025-10-17 09:53:57,53.68,10000,53.7,E
sh688777,中控技术,2025-10-17 09:54:00,53.6,10580,53.68,D
sh688777,中控技术,2025-10-17 09:54:03,53.55,13204,53.6,D
sh688777,中控技术,2025-10-17 09:54:06,53.53,17058,53.55,D
sh688777,中控技术,2025-10-17 09:54:12,53.52,11275,53.53,D
sh688777,中控技术,2025-10-17 09:54:15,53.52,19041,53.52,D
sh688777,中控技术,2025-10-17 09:54:21,53.51,32644,53.52,D
sh688777,中控技术,2025-10-17 09:54:24,53.51,3869,53.51,U
sh688777,中控技术,2025-10-17 09:54:27,53.5,102807,53.51,D
sh688777,中控技术,2025-10-17 09:54:30,53.5,13491,53.5,U
sh688777,中控技术,2025-10-17 09:54:33,53.5,12400,53.5,U
sh688777,中控技术,2025-10-17 09:54:36,53.48,60309,53.5,D
sh688777,中控技术,2025-10-17 09:54:42,53.46,9900,53.5,D
sh688777,中控技术,2025-10-17 09:54:48,53.46,8762,53.47,D
sh688777,中控技术,2025-10-17 09:54:51,53.52,74549,53.46,U
sh688777,中控技术,2025-10-17 09:54:54,53.52,13885,53.52,D
sh688777,中控技术,2025-10-17 09:55:06,53.48,9255,53.5,D
sh688777,中控技术,2025-10-17 09:55:15,53.47,20405,53.46,U
sh688777,中控技术,2025-10-17 09:55:24,53.5,37966,53.47,U
sh688777,中控技术,2025-10-17 09:55:27,53.5,25182,53.5,U
sh688777,中控技术,2025-10-17 09:55:42,53.49,16760,53.5,D
sh688777,中控技术,2025-10-17 09:55:45,53.49,3809,53.49,D
sh688777,中控技术,2025-10-17 09:55:51,53.49,6891,53.5,D
sh688777,中控技术,2025-10-17 09:56:03,53.48,11681,53.54,D
sh688777,中控技术,2025-10-17 09:56:09,53.48,11950,53.48,U
sh688777,中控技术,2025-10-17 09:56:15,53.48,15406,53.48,D
sh688777,中控技术,2025-10-17 09:56:18,53.48,5884,53.48,D
sh688777,中控技术,2025-10-17 09:56:27,53.51,6596,53.5,U
sh688777,中控技术,2025-10-17 09:56:30,53.62,15404,53.51,U
sh688777,中控技术,2025-10-17 09:56:33,53.5,10500,53.62,D
sh688777,中控技术,2025-10-17 09:56:45,53.52,7720,53.53,D
sh688777,中控技术,2025-10-17 09:56:48,53.49,24391,53.52,D
sh688777,中控技术,2025-10-17 09:56:51,53.49,16319,53.49,D
sh688777,中控技术,2025-10-17 09:56:57,53.48,7797,53.49,D
sh688777,中控技术,2025-10-17 09:57:15,53.6,12926,53.5,U
sh688777,中控技术,2025-10-17 09:57:24,53.59,9678,53.6,E
sh688777,中控技术,2025-10-17 09:57:30,53.65,4300,53.59,U
sh688777,中控技术,2025-10-17 09:57:36,53.6,9310,53.68,D
sh688777,中控技术,2025-10-17 09:57:42,53.6,11160,53.59,U
sh688777,中控技术,2025-10-17 09:57:51,53.59,7264,53.59,D
sh688777,中控技术,2025-10-17 09:57:57,53.58,4739,53.6,D
sh688777,中控技术,2025-10-17 09:58:00,53.55,10697,53.58,D
sh688777,中控技术,2025-10-17 09:58:06,53.5,4693,53.52,D
sh688777,中控技术,2025-10-17 09:58:09,53.51,5413,53.5,U
sh688777,中控技术,2025-10-17 09:58:21,53.51,6736,53.51,D
sh688777,中控技术,2025-10-17 09:58:27,53.5,7973,53.51,D
sh688777,中控技术,2025-10-17 09:58:30,53.46,69670,53.5,D
sh688777,中控技术,2025-10-17 09:58:36,53.49,4071,53.48,U
sh688777,中控技术,2025-10-17 09:58:54,53.45,76315,53.5,D
sh688777,中控技术,2025-10-17 09:58:57,53.45,28157,53.45,U
sh688777,中控技术,2025-10-17 09:59:00,53.45,8065,53.45,U
sh688777,中控技术,2025-10-17 09:59:09,53.48,6707,53.47,U
sh688777,中控技术,2025-10-17 09:59:24,53.53,6650,53.48,U
sh688777,中控技术,2025-10-17 09:59:30,53.47,6458,53.47,D
sh688777,中控技术,2025-10-17 09:59:33,53.47,5500,53.47,U
sh688777,中控技术,2025-10-17 09:59:39,53.5,8449,53.47,U
sh688777,中控技术,2025-10-17 09:59:48,53.47,6279,53.47,D
sh688777,中控技术,2025-10-17 09:59:57,53.47,5375,53.5,D
sh688777,中控技术,2025-10-17 10:00:00,53.42,46507,53.47,D
sh688777,中控技术,2025-10-17 10:00:03,53.38,33731,53.42,D
sh688777,中控技术,2025-10-17 10:00:09,53.41,5906,53.41,D
sh688777,中控技术,2025-10-17 10:00:12,53.38,4725,53.41,D
sh688777,中控技术,2025-10-17 10:00:24,53.36,4514,53.35,D
sh688777,中控技术,2025-10-17 10:00:27,53.34,14249,53.36,D
sh688777,中控技术,2025-10-17 10:00:30,53.3,25862,53.34,D
sh688777,中控技术,2025-10-17 10:00:33,53.32,4197,53.3,U
sh688777,中控技术,2025-10-17 10:00:36,53.3,12738,53.32,D
sh688777,中控技术,2025-10-17 10:00:39,53.27,5151,53.3,D
sh688777,中控技术,2025-10-17 10:00:42,53.3,9417,53.27,U
sh688777,中控技术,2025-10-17 10:00:45,53.26,5560,53.3,D
sh688777,中控技术,2025-10-17 10:00:48,53.27,11925,53.26,U
sh688777,中控技术,2025-10-17 10:00:54,53.26,17800,53.27,D
sh688777,中控技术,2025-10-17 10:00:57,53.27,6819,53.26,U
sh688777,中控技术,2025-10-17 10:01:00,53.24,5454,53.27,E
sh688777,中控技术,2025-10-17 10:01:06,53.22,15651,53.24,D
sh688777,中控技术,2025-10-17 10:01:09,53.23,12176,53.22,E
sh688777,中控技术,2025-10-17 10:01:12,53.22,34562,53.23,D
sh688777,中控技术,2025-10-17 10:01:15,53.25,3800,53.22,E
sh688777,中控技术,2025-10-17 10:01:18,53.22,22359,53.25,D
sh688777,中控技术,2025-10-17 10:01:21,53.29,7085,53.22,U
sh688777,中控技术,2025-10-17 10:01:30,53.27,5200,53.27,D
sh688777,中控技术,2025-10-17 10:01:33,53.29,15276,53.27,U
sh688777,中控技术,2025-10-17 10:01:45,53.28,9141,53.26,U
sh688777,中控技术,2025-10-17 10:01:48,53.28,8951,53.28,D
sh688777,中控技术,2025-10-17 10:01:51,53.29,13714,53.28,U
sh688777,中控技术,2025-10-17 10:01:54,53.3,25127,53.29,U
sh688777,中控技术,2025-10-17 10:02:00,53.23,15787,53.3,D
sh688777,中控技术,2025-10-17 10:02:09,53.31,49198,53.27,U
sh688777,中控技术,2025-10-17 10:02:12,53.29,11085,53.31,D
sh688777,中控技术,2025-10-17 10:02:15,53.31,21626,53.29,D
sh688777,中控技术,2025-10-17 10:02:18,53.32,6148,53.31,U
sh688777,中控技术,2025-10-17 10:02:21,53.4,14990,53.32,U
sh688777,中控技术,2025-10-17 10:02:27,53.4,3931,53.4,U
sh688777,中控技术,2025-10-17 10:02:33,53.4,5475,53.36,U
sh688777,中控技术,2025-10-17 10:02:39,53.39,7072,53.4,D
sh688777,中控技术,2025-10-17 10:02:42,53.39,7400,53.39,D
sh688777,中控技术,2025-10-17 10:02:57,53.4,3800,53.41,D
sh688777,中控技术,2025-10-17 10:03:03,53.39,4200,53.4,D
sh688777,中控技术,2025-10-17 10:03:09,53.36,15129,53.38,D
sh688777,中控技术,2025-10-17 10:03:15,53.32,9772,53.38,D
sh688777,中控技术,2025-10-17 10:03:21,53.33,5433,53.37,D
sh688777,中控技术,2025-10-17 10:03:33,53.38,20843,53.32,U
sh688777,中控技术,2025-10-17 10:03:51,53.3,22987,53.32,D
sh688777,中控技术,2025-10-17 10:03:57,53.29,5944,53.35,E
sh688777,中控技术,2025-10-17 10:04:06,53.33,6300,53.3,U
sh688777,中控技术,2025-10-17 10:04:09,53.36,16509,53.33,U
sh688777,中控技术,2025-10-17 10:04:15,53.36,6651,53.36,D
sh688777,中控技术,2025-10-17 10:04:21,53.32,6925,53.33,D
sh688777,中控技术,2025-10-17 10:04:24,53.33,13697,53.32,D
sh688777,中控技术,2025-10-17 10:04:27,53.38,14423,53.33,U
sh688777,中控技术,2025-10-17 10:04:42,53.33,5398,53.36,D
sh688777,中控技术,2025-10-17 10:05:03,53.33,19883,53.33,D
sh688777,中控技术,2025-10-17 10:05:06,53.33,29464,53.33,D
sh688777,中控技术,2025-10-17 10:05:09,53.36,20888,53.33,U
sh688777,中控技术,2025-10-17 10:05:12,53.32,8284,53.36,D
sh688777,中控技术,2025-10-17 10:05:18,53.37,5151,53.36,U
sh688777,中控技术,2025-10-17 10:05:24,53.38,3847,53.37,U
sh688777,中控技术,2025-10-17 10:05:27,53.34,5445,53.38,D
sh688777,中控技术,2025-10-17 10:05:30,53.34,6600,53.34,U
sh688777,中控技术,2025-10-17 10:05:54,53.35,6359,53.35,E
sh688777,中控技术,2025-10-17 10:06:03,53.34,19851,53.36,D
sh688777,中控技术,2025-10-17 10:06:06,53.33,8236,53.34,D
sh688777,中控技术,2025-10-17 10:06:09,53.31,18438,53.33,D
sh688777,中控技术,2025-10-17 10:06:12,53.34,8015,53.31,U
sh688777,中控技术,2025-10-17 10:06:15,53.34,33163,53.34,U
sh688777,中控技术,2025-10-17 10:06:57,53.35,6668,53.34,U
sh688777,中控技术,2025-10-17 10:07:03,53.4,5996,53.36,U
sh688777,中控技术,2025-10-17 10:07:15,53.35,4219,53.39,D
sh688777,中控技术,2025-10-17 10:07:27,53.35,7110,53.39,D
sh688777,中控技术,2025-10-17 10:08:18,53.43,6133,53.46,D
sh688777,中控技术,2025-10-17 10:08:27,53.35,13213,53.4,D
sh688777,中控技术,2025-10-17 10:08:30,53.4,6149,53.35,U
sh688777,中控技术,2025-10-17 10:08:45,53.4,5441,53.4,U
sh688777,中控技术,2025-10-17 10:09:00,53.38,16173,53.36,E
sh688777,中控技术,2025-10-17 10:09:03,53.4,8618,53.38,U
sh688777,中控技术,2025-10-17 10:09:09,53.41,9503,53.41,U
sh688777,中控技术,2025-10-17 10:09:15,53.41,5188,53.38,U
sh688777,中控技术,2025-10-17 10:09:39,53.42,6492,53.41,E
sh688777,中控技术,2025-10-17 10:10:00,53.4,6158,53.43,D
sh688777,中控技术,2025-10-17 10:10:03,53.36,22708,53.4,D
sh688777,中控技术,2025-10-17 10:10:42,53.41,4195,53.41,D
sh688777,中控技术,2025-10-17 10:11:06,53.4,11011,53.38,U
sh688777,中控技术,2025-10-17 10:11:09,53.4,7742,53.4,U
sh688777,中控技术,2025-10-17 10:11:27,53.38,4719,53.48,D
sh688777,中控技术,2025-10-17 10:11:36,53.38,6304,53.37,U
sh688777,中控技术,2025-10-17 10:11:42,53.37,11518,53.38,D
sh688777,中控技术,2025-10-17 10:11:45,53.39,9270,53.37,U
sh688777,中控技术,2025-10-17 10:11:48,53.38,4522,53.39,D
sh688777,中控技术,2025-10-17 10:11:54,53.37,4548,53.37,D
sh688777,中控技术,2025-10-17 10:12:00,53.39,7793,53.37,U
sh688777,中控技术,2025-10-17 10:12:03,53.37,12239,53.39,D
sh688777,中控技术,2025-10-17 10:12:06,53.36,7124,53.37,D
sh688777,中控技术,2025-10-17 10:12:09,53.37,13968,53.36,U
sh688777,中控技术,2025-10-17 10:12:12,53.35,14234,53.37,D
sh688777,中控技术,2025-10-17 10:12:15,53.35,10075,53.35,U
sh688777,中控技术,2025-10-17 10:12:21,53.32,4335,53.35,D
sh688777,中控技术,2025-10-17 10:12:27,53.32,4391,53.32,U
sh688777,中控技术,2025-10-17 10:12:33,53.37,5300,53.35,U
sh688777,中控技术,2025-10-17 10:12:36,53.35,10730,53.37,E
sh688777,中控技术,2025-10-17 10:12:39,53.46,5100,53.35,U
sh688777,中控技术,2025-10-17 10:13:21,53.5,11983,53.44,U
sh688777,中控技术,2025-10-17 10:13:36,53.5,21353,53.47,U
sh688777,中控技术,2025-10-17 10:13:39,53.45,9065,53.5,D
sh688777,中控技术,2025-10-17 10:13:42,53.51,4376,53.45,U
sh688777,中控技术,2025-10-17 10:13:54,53.5,3793,53.51,D
sh688777,中控技术,2025-10-17 10:13:57,53.51,11509,53.5,U
sh688777,中控技术,2025-10-17 10:14:33,53.55,6203,53.54,U
sh688777,中控技术,2025-10-17 10:14:57,53.51,9364,53.56,D
sh688777,中控技术,2025-10-17 10:15:03,53.55,11800,53.52,U
sh688777,中控技术,2025-10-17 10:15:06,53.5,10183,53.55,D
sh688777,中控技术,2025-10-17 10:15:21,53.55,9098,53.54,U
sh688777,中控技术,2025-10-17 10:15:30,53.57,8932,53.55,U
sh688777,中控技术,2025-10-17 10:16:03,53.57,3875,53.56,U
sh688777,中控技术,2025-10-17 10:16:24,53.6,3755,53.6,D
sh688777,中控技术,2025-10-17 10:16:51,53.6,5016,53.62,D
sh688777,中控技术,2025-10-17 10:17:06,53.61,7230,53.6,U
sh688777,中控技术,2025-10-17 10:17:36,53.58,11959,53.57,U
sh688777,中控技术,2025-10-17 10:18:12,53.58,6300,53.56,U
sh688777,中控技术,2025-10-17 10:18:24,53.55,10211,53.56,D
sh688777,中控技术,2025-10-17 10:18:33,53.5,11091,53.54,D
sh688777,中控技术,2025-10-17 10:18:36,53.47,6200,53.5,D
sh688777,中控技术,2025-10-17 10:18:54,53.48,4522,53.47,U
sh688777,中控技术,2025-10-17 10:19:42,53.5,5400,53.5,U
sh688777,中控技术,2025-10-17 10:20:15,53.48,7700,53.48,D
sh688777,中控技术,2025-10-17 10:20:21,53.4,14704,53.44,D
sh688777,中控技术,2025-10-17 10:20:24,53.42,6247,53.4,U
sh688777,中控技术,2025-10-17 10:22:12,53.37,4317,53.35,U
sh688777,中控技术,2025-10-17 10:22:15,53.35,7672,53.37,D
sh688777,中控技术,2025-10-17 10:22:45,53.48,4237,53.44,U
sh688777,中控技术,2025-10-17 10:22:54,53.4,25255,53.48,D
sh688777,中控技术,2025-10-17 10:22:57,53.46,4749,53.4,U
sh688777,中控技术,2025-10-17 10:23:00,53.4,4600,53.46,E
sh688777,中控技术,2025-10-17 10:23:12,53.37,12931,53.37,D
sh688777,中控技术,2025-10-17 10:23:48,53.39,4781,53.37,U
sh688777,中控技术,2025-10-17 10:23:51,53.39,6500,53.39,D
sh688777,中控技术,2025-10-17 10:24:06,53.37,14217,53.39,D
sh688777,中控技术,2025-10-17 10:24:27,53.38,7200,53.4,D
sh688777,中控技术,2025-10-17 10:24:42,53.39,12500,53.36,U
sh688777,中控技术,2025-10-17 10:24:57,53.36,4849,53.36,D
sh688777,中控技术,2025-10-17 10:25:36,53.35,22377,53.36,D
sh688777,中控技术,2025-10-17 10:25:48,53.35,3952,53.36,D
sh688777,中控技术,2025-10-17 10:26:27,53.43,4572,53.4,U
sh688777,中控技术,2025-10-17 10:26:30,53.39,8994,53.43,D
sh688777,中控技术,2025-10-17 10:27:09,53.48,17073,53.44,U
sh688777,中控技术,2025-10-17 10:27:21,53.5,31255,53.49,U
sh688777,中控技术,2025-10-17 10:27:39,53.56,5007,53.54,U
sh688777,中控技术,2025-10-17 10:27:54,53.58,7587,53.57,U
sh688777,中控技术,2025-10-17 10:28:12,53.6,13397,53.58,U
sh688777,中控技术,2025-10-17 10:28:27,53.57,21182,53.62,D
sh688777,中控技术,2025-10-17 10:28:39,53.65,5900,53.55,U
sh688777,中控技术,2025-10-17 10:28:54,53.6,14588,53.63,D
sh688777,中控技术,2025-10-17 10:29:00,53.59,13696,53.64,D
sh688777,中控技术,2025-10-17 10:29:06,53.56,4455,53.59,D
sh688777,中控技术,2025-10-17 10:30:21,53.51,7568,53.52,D
sh688777,中控技术,2025-10-17 10:30:30,53.51,10900,53.5,U
sh688777,中控技术,2025-10-17 10:30:36,53.5,33931,53.51,D
sh688777,中控技术,2025-10-17 10:30:54,53.5,11453,53.5,D
sh688777,中控技术,2025-10-17 10:31:06,53.5,9364,53.49,U
sh688777,中控技术,2025-10-17 10:31:27,53.65,4337,53.63,U
sh688777,中控技术,2025-10-17 10:31:30,53.65,4098,53.65,U
sh688777,中控技术,2025-10-17 10:31:48,53.72,10800,53.65,U
sh688777,中控技术,2025-10-17 10:32:15,53.69,6624,53.65,U
sh688777,中控技术,2025-10-17 10:32:18,53.69,3994,53.69,D
sh688777,中控技术,2025-10-17 10:32:57,53.66,3797,53.66,U
sh688777,中控技术,2025-10-17 10:33:12,53.73,11252,53.7,U
sh688777,中控技术,2025-10-17 10:33:30,53.75,10551,53.75,U
sh688777,中控技术,2025-10-17 10:33:39,53.78,7000,53.75,U
sh688777,中控技术,2025-10-17 10:33:45,53.8,5725,53.76,U
sh688777,中控技术,2025-10-17 10:33:48,53.8,5885,53.8,D
sh688777,中控技术,2025-10-17 10:33:51,53.85,5587,53.8,U
sh688777,中控技术,2025-10-17 10:33:54,53.76,7478,53.85,D
sh688777,中控技术,2025-10-17 10:33:57,53.86,7921,53.76,U
sh688777,中控技术,2025-10-17 10:34:42,53.84,10160,53.81,U
sh688777,中控技术,2025-10-17 10:34:54,53.88,9532,53.85,U
sh688777,中控技术,2025-10-17 10:35:00,53.84,3900,53.84,D
sh688777,中控技术,2025-10-17 10:35:03,53.85,6127,53.84,U
sh688777,中控技术,2025-10-17 10:35:24,53.85,6189,53.85,D
sh688777,中控技术,2025-10-17 10:35:33,53.88,10700,53.88,D
sh688777,中控技术,2025-10-17 10:35:42,53.88,18592,53.88,U
sh688777,中控技术,2025-10-17 10:35:54,53.96,8343,53.92,U
sh688777,中控技术,2025-10-17 10:35:57,54.0,22474,53.96,U
sh688777,中控技术,2025-10-17 10:36:03,54.0,4234,54.0,D
sh688777,中控技术,2025-10-17 10:36:09,54.0,11588,54.01,E
sh688777,中控技术,2025-10-17 10:36:15,54.13,23282,54.05,U
sh688777,中控技术,2025-10-17 10:36:18,54.1,5139,54.13,D
sh688777,中控技术,2025-10-17 10:36:30,54.05,5300,54.13,D
sh688777,中控技术,2025-10-17 10:36:33,54.1,4345,54.05,U
sh688777,中控技术,2025-10-17 10:36:36,54.1,4091,54.1,D
sh688777,中控技术,2025-10-17 10:36:39,54.1,3913,54.1,U
sh688777,中控技术,2025-10-17 10:36:48,54.06,3923,54.06,D
sh688777,中控技术,2025-10-17 10:36:54,54.06,21723,54.05,U
sh688777,中控技术,2025-10-17 10:36:57,54.05,14243,54.06,D
sh688777,中控技术,2025-10-17 10:37:00,54.0,11643,54.05,D
sh688777,中控技术,2025-10-17 10:37:15,54.08,29514,54.05,U
sh688777,中控技术,2025-10-17 10:37:18,54.1,14338,54.08,U
sh688777,中控技术,2025-10-17 10:37:24,54.11,4803,54.1,U
sh688777,中控技术,2025-10-17 10:37:45,54.08,10557,54.12,D
sh688777,中控技术,2025-10-17 10:37:54,54.1,8121,54.07,U
sh688777,中控技术,2025-10-17 10:38:00,54.06,5447,54.07,D
sh688777,中控技术,2025-10-17 10:38:03,54.11,12000,54.06,U
sh688777,中控技术,2025-10-17 10:38:06,54.06,3911,54.11,D
sh688777,中控技术,2025-10-17 10:38:09,54.06,5700,54.06,D
sh688777,中控技术,2025-10-17 10:38:15,54.16,55019,54.1,U
sh688777,中控技术,2025-10-17 10:38:18,54.17,4080,54.16,U
sh688777,中控技术,2025-10-17 10:38:21,54.19,35239,54.17,U
sh688777,中控技术,2025-10-17 10:38:36,54.13,6241,54.15,D
sh688777,中控技术,2025-10-17 10:38:51,54.09,11117,54.07,U
sh688777,中控技术,2025-10-17 10:39:24,54.0,4555,54.01,D
sh688777,中控技术,2025-10-17 10:39:27,54.01,5543,54.0,U
sh688777,中控技术,2025-10-17 10:39:30,54.05,8968,54.01,U
sh688777,中控技术,2025-10-17 10:39:42,54.07,15970,54.06,U
sh688777,中控技术,2025-10-17 10:40:21,54.08,7724,54.05,U
sh688777,中控技术,2025-10-17 10:40:24,54.09,4666,54.08,U
sh688777,中控技术,2025-10-17 10:41:21,54.06,15119,54.1,U
sh688777,中控技术,2025-10-17 10:41:57,53.99,5500,54.04,D
sh688777,中控技术,2025-10-17 10:42:06,54.06,8670,54.02,U
sh688777,中控技术,2025-10-17 10:42:51,54.04,5200,54.03,D
sh688777,中控技术,2025-10-17 10:44:03,53.98,9117,53.99,D
sh688777,中控技术,2025-10-17 10:44:06,53.92,8174,53.98,D
sh688777,中控技术,2025-10-17 10:44:30,53.93,7047,53.93,U
sh688777,中控技术,2025-10-17 10:44:42,53.92,4978,53.92,D
sh688777,中控技术,2025-10-17 10:45:18,53.87,4927,53.84,U
sh688777,中控技术,2025-10-17 10:45:57,53.82,3821,53.82,D
sh688777,中控技术,2025-10-17 10:46:15,53.82,8315,53.81,U
sh688777,中控技术,2025-10-17 10:46:18,53.81,4114,53.82,E
sh688777,中控技术,2025-10-17 10:46:21,53.83,20408,53.81,U
sh688777,中控技术,2025-10-17 10:47:03,53.87,6126,53.84,U
sh688777,中控技术,2025-10-17 10:47:06,53.87,7973,53.87,D
sh688777,中控技术,2025-10-17 10:48:00,53.82,4221,53.82,D
sh688777,中控技术,2025-10-17 10:48:36,53.8,6685,53.81,D
sh688777,中控技术,2025-10-17 10:48:48,53.79,4000,53.8,D
sh688777,中控技术,2025-10-17 10:48:57,53.8,4210,53.8,U
sh688777,中控技术,2025-10-17 10:49:00,53.8,3888,53.8,D
sh688777,中控技术,2025-10-17 10:49:57,53.83,8350,53.85,D
sh688777,中控技术,2025-10-17 10:50:24,53.79,8132,53.8,D
sh688777,中控技术,2025-10-17 10:50:42,53.75,6139,53.77,D
sh688777,中控技术,2025-10-17 10:51:15,53.7,16950,53.7,D
sh688777,中控技术,2025-10-17 10:51:30,53.74,14332,53.71,U
sh688777,中控技术,2025-10-17 10:52:06,53.81,3942,53.83,D
sh688777,中控技术,2025-10-17 10:52:48,53.83,3747,53.83,D
sh688777,中控技术,2025-10-17 10:53:00,53.83,4200,53.83,U
sh688777,中控技术,2025-10-17 10:53:03,53.88,7416,53.83,U
sh688777,中控技术,2025-10-17 10:54:36,53.88,6000,53.84,U
sh688777,中控技术,2025-10-17 10:55:00,53.88,4400,53.87,U
sh688777,中控技术,2025-10-17 10:55:03,53.91,16799,53.88,U
sh688777,中控技术,2025-10-17 10:55:18,53.96,3908,53.96,U
sh688777,中控技术,2025-10-17 10:55:51,53.86,15930,53.94,D
sh688777,中控技术,2025-10-17 10:56:48,53.95,7000,53.92,U
sh688777,中控技术,2025-10-17 10:58:33,53.98,5221,53.96,U
sh688777,中控技术,2025-10-17 10:59:03,54.0,9574,53.98,U
sh688777,中控技术,2025-10-17 10:59:33,53.98,6419,54.04,D
sh688777,中控技术,2025-10-17 10:59:36,53.96,3736,53.98,D
sh688777,中控技术,2025-10-17 11:00:24,53.98,4200,53.98,D
sh688777,中控技术,2025-10-17 11:00:27,53.98,3991,53.98,D
sh688777,中控技术,2025-10-17 11:00:30,53.96,11438,53.98,D
sh688777,中控技术,2025-10-17 11:00:33,53.95,9585,53.96,D
sh688777,中控技术,2025-10-17 11:00:48,53.98,11055,53.94,U
sh688777,中控技术,2025-10-17 11:01:48,53.8,5213,53.9,D
sh688777,中控技术,2025-10-17 11:04:33,53.68,15821,53.71,D
sh688777,中控技术,2025-10-17 11:04:51,53.65,5233,53.65,D
sh688777,中控技术,2025-10-17 11:05:42,53.7,5000,53.69,U
sh688777,中控技术,2025-10-17 11:05:54,53.63,4571,53.69,D
sh688777,中控技术,2025-10-17 11:06:06,53.63,5523,53.65,D
sh688777,中控技术,2025-10-17 11:06:15,53.64,4152,53.63,E
sh688777,中控技术,2025-10-17 11:06:21,53.64,5716,53.68,D
sh688777,中控技术,2025-10-17 11:06:33,53.64,15391,53.64,D
sh688777,中控技术,2025-10-17 11:06:36,53.68,5678,53.64,U
sh688777,中控技术,2025-10-17 11:06:48,53.64,3738,53.64,D
sh688777,中控技术,2025-10-17 11:08:00,53.62,16584,53.67,D
sh688777,中控技术,2025-10-17 11:08:06,53.61,7418,53.62,D
sh688777,中控技术,2025-10-17 11:08:09,53.62,6803,53.61,U
sh688777,中控技术,2025-10-17 11:08:12,53.62,5838,53.62,U
sh688777,中控技术,2025-10-17 11:09:03,53.53,4882,53.58,D
sh688777,中控技术,2025-10-17 11:09:15,53.62,4699,53.55,U
sh688777,中控技术,2025-10-17 11:10:03,53.61,7191,53.6,D
sh688777,中控技术,2025-10-17 11:10:09,53.59,67377,53.61,D
sh688777,中控技术,2025-10-17 11:10:12,53.61,19982,53.59,U
sh688777,中控技术,2025-10-17 11:10:15,53.63,10914,53.61,E
sh688777,中控技术,2025-10-17 11:10:18,53.59,5311,53.63,D
sh688777,中控技术,2025-10-17 11:10:24,53.59,23062,53.59,D
sh688777,中控技术,2025-10-17 11:10:42,53.53,19677,53.53,D
sh688777,中控技术,2025-10-17 11:10:51,53.59,19967,53.58,U
sh688777,中控技术,2025-10-17 11:11:30,53.6,21953,53.66,E
sh688777,中控技术,2025-10-17 11:12:27,53.59,24742,53.61,D
sh688777,中控技术,2025-10-17 11:12:39,53.58,5336,53.59,D
sh688777,中控技术,2025-10-17 11:13:09,53.57,6566,53.58,D
sh688777,中控技术,2025-10-17 11:13:24,53.57,4476,53.57,D
sh688777,中控技术,2025-10-17 11:13:27,53.55,13572,53.57,D
sh688777,中控技术,2025-10-17 11:14:36,53.6,5183,53.64,D
sh688777,中控技术,2025-10-17 11:14:39,53.57,17145,53.6,D
sh688777,中控技术,2025-10-17 11:15:21,53.59,4802,53.61,D
sh688777,中控技术,2025-10-17 11:15:24,53.6,5131,53.59,U
sh688777,中控技术,2025-10-17 11:15:39,53.64,4700,53.6,U
sh688777,中控技术,2025-10-17 11:15:42,53.66,5137,53.64,U
sh688777,中控技术,2025-10-17 11:15:45,53.66,15444,53.66,U
sh688777,中控技术,2025-10-17 11:16:45,53.75,6668,53.75,U
sh688777,中控技术,2025-10-17 11:17:12,53.81,7724,53.79,U
sh688777,中控技术,2025-10-17 11:17:42,53.84,9921,53.84,U
sh688777,中控技术,2025-10-17 11:17:51,53.83,17782,53.83,D
sh688777,中控技术,2025-10-17 11:17:57,53.81,4200,53.82,D
sh688777,中控技术,2025-10-17 11:18:00,53.81,6131,53.81,D
sh688777,中控技术,2025-10-17 11:18:03,53.85,8313,53.81,U
sh688777,中控技术,2025-10-17 11:18:06,53.85,19063,53.85,U
sh688777,中控技术,2025-10-17 11:18:45,53.95,10732,53.9,U
sh688777,中控技术,2025-10-17 11:18:48,53.95,5982,53.95,D
sh688777,中控技术,2025-10-17 11:19:03,53.95,10797,53.94,U
sh688777,中控技术,2025-10-17 11:20:00,53.84,4979,53.85,D
sh688777,中控技术,2025-10-17 11:20:27,53.9,5249,53.85,U
sh688777,中控技术,2025-10-17 11:21:24,53.89,9963,53.9,E
sh688777,中控技术,2025-10-17 11:21:33,53.97,8576,53.9,U
sh688777,中控技术,2025-10-17 11:21:36,53.96,6613,53.97,E
sh688777,中控技术,2025-10-17 11:22:03,54.06,10000,53.99,U
sh688777,中控技术,2025-10-17 11:22:12,53.99,4563,53.98,D
sh688777,中控技术,2025-10-17 11:22:15,53.99,6200,53.99,D
sh688777,中控技术,2025-10-17 11:22:27,53.98,4227,54.05,D
sh688777,中控技术,2025-10-17 11:22:45,53.91,7314,53.93,D
sh688777,中控技术,2025-10-17 11:23:12,53.97,5508,53.91,U
sh688777,中控技术,2025-10-17 11:23:39,53.92,7600,53.95,D
sh688777,中控技术,2025-10-17 11:24:03,53.96,3963,53.92,U
sh688777,中控技术,2025-10-17 11:26:03,53.89,3827,53.83,U
sh688777,中控技术,2025-10-17 11:28:09,53.75,11700,53.75,D
sh688777,中控技术,2025-10-17 11:29:42,53.72,12100,53.79,D
sh688777,中控技术,2025-10-17 11:29:54,53.9,3714,53.71,U
sh688777,中控技术,2025-10-17 13:00:03,53.69,30084,53.87,D
sh688777,中控技术,2025-10-17 13:00:06,53.67,4033,53.69,D
sh688777,中控技术,2025-10-17 13:00:09,53.62,6229,53.67,D
sh688777,中控技术,2025-10-17 13:00:12,53.68,11550,53.62,U
sh688777,中控技术,2025-10-17 13:00:15,53.68,5572,53.68,U
sh688777,中控技术,2025-10-17 13:00:24,53.69,5568,53.69,U
sh688777,中控技术,2025-10-17 13:00:45,53.65,4114,53.64,U
sh688777,中控技术,2025-10-17 13:01:03,53.66,5174,53.62,U
sh688777,中控技术,2025-10-17 13:01:09,53.67,5722,53.66,U
sh688777,中控技术,2025-10-17 13:01:30,53.65,5164,53.65,U
sh688777,中控技术,2025-10-17 13:01:42,53.61,5729,53.69,D
sh688777,中控技术,2025-10-17 13:01:45,53.62,5300,53.61,E
sh688777,中控技术,2025-10-17 13:02:15,53.59,5381,53.58,D
sh688777,中控技术,2025-10-17 13:02:39,53.64,6300,53.6,U
sh688777,中控技术,2025-10-17 13:02:45,53.67,4803,53.64,U
sh688777,中控技术,2025-10-17 13:02:54,53.6,11086,53.6,U
sh688777,中控技术,2025-10-17 13:04:00,53.66,4614,53.69,D
sh688777,中控技术,2025-10-17 13:04:12,53.66,16372,53.66,U
sh688777,中控技术,2025-10-17 13:04:39,53.62,11726,53.59,U
sh688777,中控技术,2025-10-17 13:04:51,53.65,7862,53.64,U
sh688777,中控技术,2025-10-17 13:05:24,53.64,3995,53.64,U
sh688777,中控技术,2025-10-17 13:06:03,53.67,5632,53.67,U
sh688777,中控技术,2025-10-17 13:06:06,53.67,9167,53.67,U
sh688777,中控技术,2025-10-17 13:06:09,53.7,9071,53.67,U
sh688777,中控技术,2025-10-17 13:06:57,53.63,8568,53.66,D
sh688777,中控技术,2025-10-17 13:07:12,53.62,9206,53.62,D
sh688777,中控技术,2025-10-17 13:07:27,53.58,8776,53.6,D
sh688777,中控技术,2025-10-17 13:07:30,53.57,11219,53.58,D
sh688777,中控技术,2025-10-17 13:08:00,53.55,4148,53.54,U
sh688777,中控技术,2025-10-17 13:08:09,53.52,10412,53.55,D
sh688777,中控技术,2025-10-17 13:08:18,53.51,16226,53.52,D
sh688777,中控技术,2025-10-17 13:08:27,53.53,10031,53.55,D
sh688777,中控技术,2025-10-17 13:08:42,53.5,4400,53.53,D
sh688777,中控技术,2025-10-17 13:09:06,53.55,3961,53.52,U
sh688777,中控技术,2025-10-17 13:09:09,53.55,3926,53.55,U
sh688777,中控技术,2025-10-17 13:09:45,53.5,52267,53.57,D
sh688777,中控技术,2025-10-17 13:10:48,53.52,3865,53.52,D
sh688777,中控技术,2025-10-17 13:11:09,53.56,10056,53.51,U
sh688777,中控技术,2025-10-17 13:11:30,53.58,4249,53.58,D
sh688777,中控技术,2025-10-17 13:12:00,53.55,5112,53.55,D
sh688777,中控技术,2025-10-17 13:12:12,53.56,12784,53.57,D
sh688777,中控技术,2025-10-17 13:12:21,53.52,8441,53.54,D
sh688777,中控技术,2025-10-17 13:12:27,53.47,17976,53.52,D
sh688777,中控技术,2025-10-17 13:12:30,53.5,6299,53.47,E
sh688777,中控技术,2025-10-17 13:12:48,53.47,4444,53.47,D
sh688777,中控技术,2025-10-17 13:12:54,53.5,3962,53.5,U
sh688777,中控技术,2025-10-17 13:13:12,53.48,5497,53.48,U
sh688777,中控技术,2025-10-17 13:13:27,53.49,11959,53.51,D
sh688777,中控技术,2025-10-17 13:13:54,53.5,10328,53.49,U
sh688777,中控技术,2025-10-17 13:14:27,53.46,5100,53.45,E
sh688777,中控技术,2025-10-17 13:14:36,53.47,6623,53.46,U
sh688777,中控技术,2025-10-17 13:15:03,53.47,6083,53.47,D
sh688777,中控技术,2025-10-17 13:15:18,53.54,5321,53.5,U
sh688777,中控技术,2025-10-17 13:15:33,53.53,4226,53.54,D
sh688777,中控技术,2025-10-17 13:15:42,53.53,6249,53.53,D
sh688777,中控技术,2025-10-17 13:16:00,53.5,5818,53.55,D
sh688777,中控技术,2025-10-17 13:16:03,53.53,4237,53.5,U
sh688777,中控技术,2025-10-17 13:17:03,53.49,5815,53.47,U
sh688777,中控技术,2025-10-17 13:17:18,53.46,10100,53.47,D
sh688777,中控技术,2025-10-17 13:17:21,53.46,4200,53.46,D
sh688777,中控技术,2025-10-17 13:17:39,53.45,10300,53.46,D
sh688777,中控技术,2025-10-17 13:17:48,53.45,4019,53.45,U
sh688777,中控技术,2025-10-17 13:18:15,53.48,6632,53.43,U
sh688777,中控技术,2025-10-17 13:18:18,53.42,32201,53.48,D
sh688777,中控技术,2025-10-17 13:18:51,53.48,8533,53.46,U
sh688777,中控技术,2025-10-17 13:19:27,53.42,8561,53.44,D
sh688777,中控技术,2025-10-17 13:19:54,53.46,7757,53.45,U
sh688777,中控技术,2025-10-17 13:20:09,53.42,8922,53.48,D
sh688777,中控技术,2025-10-17 13:20:39,53.45,5235,53.48,D
sh688777,中控技术,2025-10-17 13:20:45,53.46,9884,53.5,D
sh688777,中控技术,2025-10-17 13:21:36,53.49,7527,53.49,U
sh688777,中控技术,2025-10-17 13:21:48,53.49,11199,53.49,U
sh688777,中控技术,2025-10-17 13:21:51,53.5,28999,53.49,U
sh688777,中控技术,2025-10-17 13:21:54,53.5,9568,53.5,U
sh688777,中控技术,2025-10-17 13:21:57,53.5,10812,53.5,U
sh688777,中控技术,2025-10-17 13:22:00,53.5,20014,53.5,U
sh688777,中控技术,2025-10-17 13:22:03,53.55,85779,53.5,U
sh688777,中控技术,2025-10-17 13:22:06,53.6,8284,53.55,U
sh688777,中控技术,2025-10-17 13:22:21,53.62,4431,53.57,U
sh688777,中控技术,2025-10-17 13:22:51,53.53,3961,53.58,D
sh688777,中控技术,2025-10-17 13:23:15,53.5,5963,53.58,D
sh688777,中控技术,2025-10-17 13:24:03,53.5,4012,53.5,D
sh688777,中控技术,2025-10-17 13:24:18,53.5,3898,53.5,U
sh688777,中控技术,2025-10-17 13:24:45,53.49,5600,53.49,D
sh688777,中控技术,2025-10-17 13:25:27,53.49,4297,53.48,U
sh688777,中控技术,2025-10-17 13:25:51,53.47,4807,53.48,D
sh688777,中控技术,2025-10-17 13:25:54,53.48,4964,53.47,U
sh688777,中控技术,2025-10-17 13:26:00,53.48,14556,53.48,U
sh688777,中控技术,2025-10-17 13:26:03,53.44,13182,53.48,D
sh688777,中控技术,2025-10-17 13:26:06,53.43,4836,53.44,D
sh688777,中控技术,2025-10-17 13:26:15,53.42,10750,53.41,U
sh688777,中控技术,2025-10-17 13:26:18,53.41,7301,53.42,E
sh688777,中控技术,2025-10-17 13:26:21,53.43,6097,53.41,U
sh688777,中控技术,2025-10-17 13:26:24,53.39,5993,53.43,D
sh688777,中控技术,2025-10-17 13:26:27,53.45,21095,53.39,U
sh688777,中控技术,2025-10-17 13:27:00,53.43,19024,53.4,U
sh688777,中控技术,2025-10-17 13:27:30,53.4,11508,53.4,E
sh688777,中控技术,2025-10-17 13:27:48,53.39,7178,53.4,D
sh688777,中控技术,2025-10-17 13:28:00,53.4,5341,53.4,U
sh688777,中控技术,2025-10-17 13:28:09,53.37,4353,53.39,D
sh688777,中控技术,2025-10-17 13:28:30,53.37,4180,53.38,D
sh688777,中控技术,2025-10-17 13:28:39,53.38,9685,53.37,U
sh688777,中控技术,2025-10-17 13:28:48,53.38,4115,53.38,D
sh688777,中控技术,2025-10-17 13:28:51,53.4,6779,53.38,U
sh688777,中控技术,2025-10-17 13:29:12,53.36,4924,53.38,D
sh688777,中控技术,2025-10-17 13:29:15,53.36,4431,53.36,D
sh688777,中控技术,2025-10-17 13:29:39,53.36,8638,53.39,D
sh688777,中控技术,2025-10-17 13:29:54,53.39,11301,53.37,U
sh688777,中控技术,2025-10-17 13:30:03,53.4,4100,53.4,U
sh688777,中控技术,2025-10-17 13:30:30,53.4,6200,53.39,U
sh688777,中控技术,2025-10-17 13:30:54,53.39,6878,53.4,D
sh688777,中控技术,2025-10-17 13:30:57,53.39,4301,53.39,U
sh688777,中控技术,2025-10-17 13:31:12,53.4,4464,53.4,U
sh688777,中控技术,2025-10-17 13:31:21,53.41,5132,53.4,U
sh688777,中控技术,2025-10-17 13:31:36,53.39,11014,53.41,D
sh688777,中控技术,2025-10-17 13:31:51,53.36,4046,53.36,D
sh688777,中控技术,2025-10-17 13:32:03,53.36,7139,53.36,U
sh688777,中控技术,2025-10-17 13:32:24,53.35,4532,53.35,D
sh688777,中控技术,2025-10-17 13:32:27,53.34,4125,53.35,D
sh688777,中控技术,2025-10-17 13:32:36,53.34,15822,53.36,D
sh688777,中控技术,2025-10-17 13:32:39,53.32,33709,53.34,D
sh688777,中控技术,2025-10-17 13:32:45,53.34,7723,53.32,U
sh688777,中控技术,2025-10-17 13:32:57,53.31,11182,53.34,D
sh688777,中控技术,2025-10-17 13:33:00,53.29,46078,53.31,D
sh688777,中控技术,2025-10-17 13:33:03,53.31,11789,53.29,U
sh688777,中控技术,2025-10-17 13:33:06,53.28,12055,53.31,D
sh688777,中控技术,2025-10-17 13:33:30,53.32,5314,53.3,U
sh688777,中控技术,2025-10-17 13:33:33,53.3,6271,53.32,D
sh688777,中控技术,2025-10-17 13:33:42,53.3,8526,53.3,U
sh688777,中控技术,2025-10-17 13:33:45,53.3,3826,53.3,U
sh688777,中控技术,2025-10-17 13:34:09,53.29,4213,53.32,D
sh688777,中控技术,2025-10-17 13:34:12,53.28,7024,53.29,D
sh688777,中控技术,2025-10-17 13:34:15,53.3,4687,53.28,U
sh688777,中控技术,2025-10-17 13:34:30,53.29,16193,53.29,U
sh688777,中控技术,2025-10-17 13:34:36,53.29,10085,53.3,D
sh688777,中控技术,2025-10-17 13:34:45,53.27,20200,53.3,D
sh688777,中控技术,2025-10-17 13:35:03,53.26,6200,53.27,D
sh688777,中控技术,2025-10-17 13:35:18,53.27,11866,53.27,U
sh688777,中控技术,2025-10-17 13:35:42,53.27,5075,53.28,D
sh688777,中控技术,2025-10-17 13:36:21,53.24,6139,53.28,D
sh688777,中控技术,2025-10-17 13:36:24,53.23,6055,53.24,D
sh688777,中控技术,2025-10-17 13:36:33,53.21,17261,53.24,D
sh688777,中控技术,2025-10-17 13:36:36,53.21,6542,53.21,U
sh688777,中控技术,2025-10-17 13:36:39,53.21,12628,53.21,U
sh688777,中控技术,2025-10-17 13:36:42,53.2,10844,53.21,D
sh688777,中控技术,2025-10-17 13:36:48,53.19,33833,53.2,D
sh688777,中控技术,2025-10-17 13:36:51,53.18,8626,53.19,D
sh688777,中控技术,2025-10-17 13:36:54,53.19,6649,53.18,U
sh688777,中控技术,2025-10-17 13:36:57,53.18,4706,53.19,D
sh688777,中控技术,2025-10-17 13:37:00,53.18,10952,53.18,U
sh688777,中控技术,2025-10-17 13:37:09,53.13,5000,53.16,D
sh688777,中控技术,2025-10-17 13:37:24,53.12,5547,53.13,D
sh688777,中控技术,2025-10-17 13:37:27,53.11,5609,53.12,D
sh688777,中控技术,2025-10-17 13:37:30,53.09,21710,53.11,D
sh688777,中控技术,2025-10-17 13:37:36,53.07,12892,53.09,D
sh688777,中控技术,2025-10-17 13:37:42,53.07,9767,53.08,D
sh688777,中控技术,2025-10-17 13:37:45,53.07,10083,53.07,D
sh688777,中控技术,2025-10-17 13:37:48,53.08,7900,53.07,U
sh688777,中控技术,2025-10-17 13:37:51,53.08,5268,53.08,U
sh688777,中控技术,2025-10-17 13:37:54,53.1,3786,53.08,U
sh688777,中控技术,2025-10-17 13:37:57,53.08,6239,53.1,D
sh688777,中控技术,2025-10-17 13:38:00,53.07,5509,53.08,D
sh688777,中控技术,2025-10-17 13:38:12,53.09,8486,53.1,D
sh688777,中控技术,2025-10-17 13:38:27,53.1,30176,53.08,U
sh688777,中控技术,2025-10-17 13:38:30,53.16,5656,53.1,U
sh688777,中控技术,2025-10-17 13:39:21,53.17,6572,53.17,U
sh688777,中控技术,2025-10-17 13:39:33,53.16,13661,53.16,U
sh688777,中控技术,2025-10-17 13:39:51,53.17,8246,53.16,U
sh688777,中控技术,2025-10-17 13:40:33,53.12,6278,53.13,D
sh688777,中控技术,2025-10-17 13:40:36,53.15,9785,53.12,U
sh688777,中控技术,2025-10-17 13:40:39,53.12,4577,53.15,E
sh688777,中控技术,2025-10-17 13:40:45,53.15,13643,53.12,U
sh688777,中控技术,2025-10-17 13:41:24,53.15,4800,53.13,U
sh688777,中控技术,2025-10-17 13:41:27,53.16,15425,53.15,U
sh688777,中控技术,2025-10-17 13:41:30,53.19,7466,53.16,U
sh688777,中控技术,2025-10-17 13:42:09,53.23,6316,53.23,U
sh688777,中控技术,2025-10-17 13:42:30,53.19,4359,53.19,U
sh688777,中控技术,2025-10-17 13:42:57,53.18,7900,53.18,E
sh688777,中控技术,2025-10-17 13:43:03,53.17,4235,53.19,D
sh688777,中控技术,2025-10-17 13:43:09,53.15,4290,53.17,D
sh688777,中控技术,2025-10-17 13:43:27,53.13,3872,53.14,D
sh688777,中控技术,2025-10-17 13:43:54,53.11,8020,53.12,D
sh688777,中控技术,2025-10-17 13:43:57,53.13,5185,53.11,U
sh688777,中控技术,2025-10-17 13:44:06,53.09,29351,53.12,D
sh688777,中控技术,2025-10-17 13:44:09,53.12,14984,53.09,U
sh688777,中控技术,2025-10-17 13:45:06,53.09,10000,53.11,D
sh688777,中控技术,2025-10-17 13:45:09,53.09,5251,53.09,U
sh688777,中控技术,2025-10-17 13:45:15,53.08,5502,53.09,D
sh688777,中控技术,2025-10-17 13:45:27,53.08,18604,53.09,D
sh688777,中控技术,2025-10-17 13:45:30,53.07,9988,53.08,D
sh688777,中控技术,2025-10-17 13:45:33,53.07,9845,53.07,D
sh688777,中控技术,2025-10-17 13:45:39,53.06,6238,53.07,D
sh688777,中控技术,2025-10-17 13:45:54,53.05,12867,53.05,D
sh688777,中控技术,2025-10-17 13:45:57,53.07,6052,53.05,U
sh688777,中控技术,2025-10-17 13:46:00,53.07,4300,53.07,U
sh688777,中控技术,2025-10-17 13:46:06,53.05,24370,53.07,D
sh688777,中控技术,2025-10-17 13:46:09,53.12,11242,53.05,U
sh688777,中控技术,2025-10-17 13:46:12,53.12,7217,53.12,U
sh688777,中控技术,2025-10-17 13:46:15,53.12,4171,53.12,U
sh688777,中控技术,2025-10-17 13:46:48,53.12,21632,53.12,U
sh688777,中控技术,2025-10-17 13:47:03,53.12,5642,53.13,D
sh688777,中控技术,2025-10-17 13:47:24,53.1,17000,53.12,D
sh688777,中控技术,2025-10-17 13:47:30,53.05,20201,53.11,D
sh688777,中控技术,2025-10-17 13:47:33,53.11,6017,53.05,U
sh688777,中控技术,2025-10-17 13:47:36,53.13,26469,53.11,U
sh688777,中控技术,2025-10-17 13:48:03,53.11,31543,53.09,U
sh688777,中控技术,2025-10-17 13:48:06,53.17,14728,53.11,U
sh688777,中控技术,2025-10-17 13:48:09,53.19,17411,53.17,U
sh688777,中控技术,2025-10-17 13:48:12,53.15,8426,53.19,D
sh688777,中控技术,2025-10-17 13:48:15,53.15,7312,53.15,U
sh688777,中控技术,2025-10-17 13:48:42,53.15,6272,53.15,U
sh688777,中控技术,2025-10-17 13:49:06,53.14,11802,53.14,U
sh688777,中控技术,2025-10-17 13:49:09,53.13,6092,53.14,U
sh688777,中控技术,2025-10-17 13:49:12,53.16,5386,53.13,U
sh688777,中控技术,2025-10-17 13:49:54,53.15,8040,53.15,D
sh688777,中控技术,2025-10-17 13:50:09,53.16,4500,53.16,U
sh688777,中控技术,2025-10-17 13:50:33,53.16,6972,53.18,D
sh688777,中控技术,2025-10-17 13:50:36,53.18,8072,53.16,U
sh688777,中控技术,2025-10-17 13:50:54,53.19,4915,53.18,U
sh688777,中控技术,2025-10-17 13:51:09,53.2,4657,53.2,U
sh688777,中控技术,2025-10-17 13:51:18,53.22,27057,53.19,U
sh688777,中控技术,2025-10-17 13:51:33,53.25,3807,53.25,U
sh688777,中控技术,2025-10-17 13:51:39,53.21,7254,53.24,D
sh688777,中控技术,2025-10-17 13:51:51,53.19,5800,53.2,D
sh688777,中控技术,2025-10-17 13:52:03,53.19,4580,53.2,D
sh688777,中控技术,2025-10-17 13:52:06,53.2,5042,53.19,U
sh688777,中控技术,2025-10-17 13:52:12,53.2,6016,53.2,U
sh688777,中控技术,2025-10-17 13:52:15,53.2,6299,53.2,U
sh688777,中控技术,2025-10-17 13:52:18,53.25,4960,53.2,U
sh688777,中控技术,2025-10-17 13:52:24,53.2,4251,53.25,U
sh688777,中控技术,2025-10-17 13:52:39,53.2,5732,53.19,D
sh688777,中控技术,2025-10-17 13:53:00,53.19,5615,53.2,D
sh688777,中控技术,2025-10-17 13:53:03,53.2,11101,53.19,U
sh688777,中控技术,2025-10-17 13:53:18,53.18,12268,53.19,D
sh688777,中控技术,2025-10-17 13:53:24,53.15,21050,53.19,D
sh688777,中控技术,2025-10-17 13:53:45,53.13,26336,53.14,D
sh688777,中控技术,2025-10-17 13:53:51,53.15,9369,53.15,U
sh688777,中控技术,2025-10-17 13:54:06,53.13,20400,53.19,D
sh688777,中控技术,2025-10-17 13:54:48,53.14,5629,53.16,U
sh688777,中控技术,2025-10-17 13:55:24,53.12,4601,53.11,U
sh688777,中控技术,2025-10-17 13:55:30,53.11,4549,53.12,D
sh688777,中控技术,2025-10-17 13:55:36,53.11,16336,53.11,U
sh688777,中控技术,2025-10-17 13:56:03,53.1,11200,53.1,U
sh688777,中控技术,2025-10-17 13:56:09,53.05,53898,53.1,D
sh688777,中控技术,2025-10-17 13:56:12,53.06,6041,53.05,U
sh688777,中控技术,2025-10-17 13:56:15,53.1,3934,53.06,U
sh688777,中控技术,2025-10-17 13:56:18,53.11,11606,53.1,U
sh688777,中控技术,2025-10-17 13:57:03,53.11,20143,53.11,U
sh688777,中控技术,2025-10-17 13:57:09,53.1,12801,53.1,D
sh688777,中控技术,2025-10-17 13:57:12,53.12,5153,53.1,U
sh688777,中控技术,2025-10-17 13:57:21,53.08,24371,53.1,D
sh688777,中控技术,2025-10-17 13:57:24,53.09,10981,53.08,U
sh688777,中控技术,2025-10-17 13:57:33,53.07,44008,53.08,D
sh688777,中控技术,2025-10-17 13:58:06,53.15,3803,53.16,U
sh688777,中控技术,2025-10-17 13:59:03,53.1,7199,53.15,D
sh688777,中控技术,2025-10-17 13:59:06,53.1,4119,53.1,U
sh688777,中控技术,2025-10-17 13:59:15,53.08,4451,53.1,D
sh688777,中控技术,2025-10-17 13:59:18,53.11,17417,53.08,U
sh688777,中控技术,2025-10-17 13:59:21,53.16,4946,53.11,U
sh688777,中控技术,2025-10-17 14:00:00,53.12,3879,53.15,U
sh688777,中控技术,2025-10-17 14:00:09,53.07,4942,53.12,D
sh688777,中控技术,2025-10-17 14:00:15,53.06,9017,53.13,D
sh688777,中控技术,2025-10-17 14:00:36,53.08,6200,53.08,U
sh688777,中控技术,2025-10-17 14:00:57,53.05,4602,53.11,D
sh688777,中控技术,2025-10-17 14:01:15,53.03,16722,53.08,D
sh688777,中控技术,2025-10-17 14:01:24,53.05,25000,53.08,D
sh688777,中控技术,2025-10-17 14:01:30,53.08,16332,53.08,U
sh688777,中控技术,2025-10-17 14:01:33,53.03,12999,53.08,D
sh688777,中控技术,2025-10-17 14:01:36,53.03,5416,53.03,D
sh688777,中控技术,2025-10-17 14:01:39,53.03,4315,53.03,D
sh688777,中控技术,2025-10-17 14:01:45,53.03,7440,53.03,D
sh688777,中控技术,2025-10-17 14:01:48,53.03,5674,53.03,D
sh688777,中控技术,2025-10-17 14:01:51,53.03,3873,53.03,D
sh688777,中控技术,2025-10-17 14:01:57,53.02,15328,53.03,D
sh688777,中控技术,2025-10-17 14:02:00,53.01,18644,53.02,D
sh688777,中控技术,2025-10-17 14:02:03,53.0,24150,53.01,D
sh688777,中控技术,2025-10-17 14:02:06,53.0,33574,53.0,D
sh688777,中控技术,2025-10-17 14:02:09,53.0,22711,53.0,D
sh688777,中控技术,2025-10-17 14:02:12,53.0,9433,53.0,D
sh688777,中控技术,2025-10-17 14:02:15,53.0,12792,53.0,D
sh688777,中控技术,2025-10-17 14:02:18,53.0,26622,53.0,U
sh688777,中控技术,2025-10-17 14:02:27,53.0,30569,52.99,U
sh688777,中控技术,2025-10-17 14:02:30,52.98,17374,53.0,D
sh688777,中控技术,2025-10-17 14:02:33,53.0,19983,52.98,D
sh688777,中控技术,2025-10-17 14:02:36,53.02,9908,53.0,U
sh688777,中控技术,2025-10-17 14:02:39,53.0,5776,53.02,E
sh688777,中控技术,2025-10-17 14:02:42,53.0,3869,53.0,U
sh688777,中控技术,2025-10-17 14:02:45,53.0,5072,53.0,D
sh688777,中控技术,2025-10-17 14:02:57,53.05,23299,53.01,U
sh688777,中控技术,2025-10-17 14:03:00,53.12,23272,53.05,U
sh688777,中控技术,2025-10-17 14:03:03,53.12,4938,53.12,U
sh688777,中控技术,2025-10-17 14:03:12,53.08,4029,53.09,D
sh688777,中控技术,2025-10-17 14:04:00,53.09,5614,53.08,U
sh688777,中控技术,2025-10-17 14:04:12,53.05,4658,53.07,D
sh688777,中控技术,2025-10-17 14:04:15,53.05,6440,53.05,D
sh688777,中控技术,2025-10-17 14:04:21,53.05,5302,53.05,U
sh688777,中控技术,2025-10-17 14:04:33,53.06,7468,53.07,D
sh688777,中控技术,2025-10-17 14:05:06,53.11,7485,53.08,U
sh688777,中控技术,2025-10-17 14:05:09,53.13,8336,53.11,U
sh688777,中控技术,2025-10-17 14:05:18,53.16,15187,53.1,U
sh688777,中控技术,2025-10-17 14:05:21,53.19,9142,53.16,U
sh688777,中控技术,2025-10-17 14:05:30,53.24,5788,53.2,U
sh688777,中控技术,2025-10-17 14:06:27,53.33,5723,53.31,U
sh688777,中控技术,2025-10-17 14:06:33,53.36,14600,53.35,U
sh688777,中控技术,2025-10-17 14:06:51,53.36,21258,53.36,U
sh688777,中控技术,2025-10-17 14:06:54,53.36,7221,53.36,U
sh688777,中控技术,2025-10-17 14:07:00,53.36,3998,53.36,U
sh688777,中控技术,2025-10-17 14:07:36,53.34,18741,53.32,U
sh688777,中控技术,2025-10-17 14:07:42,53.33,12400,53.34,U
sh688777,中控技术,2025-10-17 14:07:48,53.28,14744,53.31,D
sh688777,中控技术,2025-10-17 14:08:03,53.23,8334,53.28,D
sh688777,中控技术,2025-10-17 14:08:36,53.16,4200,53.15,U
sh688777,中控技术,2025-10-17 14:09:27,53.15,4398,53.15,D
sh688777,中控技术,2025-10-17 14:09:51,53.15,4814,53.15,U
sh688777,中控技术,2025-10-17 14:10:00,53.11,5800,53.11,U
sh688777,中控技术,2025-10-17 14:10:03,53.11,8598,53.11,U
sh688777,中控技术,2025-10-17 14:10:09,53.06,5156,53.09,D
sh688777,中控技术,2025-10-17 14:10:12,53.06,5200,53.06,D
sh688777,中控技术,2025-10-17 14:10:18,53.04,4085,53.06,D
sh688777,中控技术,2025-10-17 14:10:51,53.01,5259,53.04,D
sh688777,中控技术,2025-10-17 14:11:00,52.99,7648,53.01,D
sh688777,中控技术,2025-10-17 14:11:06,53.0,4114,52.98,U
sh688777,中控技术,2025-10-17 14:11:15,53.0,5791,53.0,U
sh688777,中控技术,2025-10-17 14:11:18,52.95,9721,53.0,D
sh688777,中控技术,2025-10-17 14:11:36,53.0,3940,53.0,U
sh688777,中控技术,2025-10-17 14:11:39,53.0,6748,53.0,U
sh688777,中控技术,2025-10-17 14:11:42,53.0,4729,53.0,U
sh688777,中控技术,2025-10-17 14:11:48,53.04,5455,53.0,U
sh688777,中控技术,2025-10-17 14:12:24,53.0,4050,53.0,D
sh688777,中控技术,2025-10-17 14:12:42,53.0,7898,52.99,U
sh688777,中控技术,2025-10-17 14:12:48,53.0,5400,53.02,D
sh688777,中控技术,2025-10-17 14:12:54,52.9,60000,53.0,D
sh688777,中控技术,2025-10-17 14:12:57,53.02,5185,52.9,U
sh688777,中控技术,2025-10-17 14:13:00,53.0,12285,53.02,U
sh688777,中控技术,2025-10-17 14:13:57,52.98,4233,53.0,D
sh688777,中控技术,2025-10-17 14:15:03,53.04,5639,53.06,D
sh688777,中控技术,2025-10-17 14:15:21,53.04,4834,53.05,D
sh688777,中控技术,2025-10-17 14:15:39,52.99,4266,53.01,D
sh688777,中控技术,2025-10-17 14:15:42,53.0,6153,52.99,U
sh688777,中控技术,2025-10-17 14:15:54,53.0,5888,53.0,U
sh688777,中控技术,2025-10-17 14:16:36,53.04,5563,53.04,U
sh688777,中控技术,2025-10-17 14:16:39,53.05,5540,53.04,U
sh688777,中控技术,2025-10-17 14:16:42,53.01,5600,53.05,D
sh688777,中控技术,2025-10-17 14:18:09,53.08,4100,53.06,U
sh688777,中控技术,2025-10-17 14:18:54,53.05,30089,53.05,U
sh688777,中控技术,2025-10-17 14:18:57,53.06,6696,53.05,U
sh688777,中控技术,2025-10-17 14:19:06,53.03,5964,53.06,D
sh688777,中控技术,2025-10-17 14:19:21,53.03,4067,53.04,D
sh688777,中控技术,2025-10-17 14:20:00,53.02,4459,53.04,D
sh688777,中控技术,2025-10-17 14:20:12,53.01,5000,53.01,D
sh688777,中控技术,2025-10-17 14:20:24,53.04,5700,53.03,U
sh688777,中控技术,2025-10-17 14:20:54,53.0,7224,53.01,D
sh688777,中控技术,2025-10-17 14:21:12,53.01,9056,53.0,U
sh688777,中控技术,2025-10-17 14:21:30,53.03,7156,53.01,U
sh688777,中控技术,2025-10-17 14:21:33,53.03,7360,53.03,U
sh688777,中控技术,2025-10-17 14:21:36,53.0,10691,53.03,D
sh688777,中控技术,2025-10-17 14:22:06,52.99,3826,53.0,D
sh688777,中控技术,2025-10-17 14:22:09,52.99,4848,52.99,D
sh688777,中控技术,2025-10-17 14:22:12,52.99,20563,52.99,D
sh688777,中控技术,2025-10-17 14:22:15,52.99,6939,52.99,D
sh688777,中控技术,2025-10-17 14:22:18,52.99,6159,52.99,D
sh688777,中控技术,2025-10-17 14:22:42,52.99,21279,53.0,D
sh688777,中控技术,2025-10-17 14:22:45,52.99,5019,52.99,D
sh688777,中控技术,2025-10-17 14:22:48,52.99,13481,52.99,D
sh688777,中控技术,2025-10-17 14:22:51,52.99,12577,52.99,D
sh688777,中控技术,2025-10-17 14:22:54,52.99,8469,52.99,D
sh688777,中控技术,2025-10-17 14:22:57,52.99,17027,52.99,D
sh688777,中控技术,2025-10-17 14:23:00,52.99,4505,52.99,U
sh688777,中控技术,2025-10-17 14:23:06,52.98,4299,52.98,D
sh688777,中控技术,2025-10-17 14:23:18,52.95,5005,52.97,D
sh688777,中控技术,2025-10-17 14:23:24,52.92,4558,52.95,D
sh688777,中控技术,2025-10-17 14:23:33,52.92,3907,52.92,D
sh688777,中控技术,2025-10-17 14:23:36,52.9,20857,52.92,D
sh688777,中控技术,2025-10-17 14:23:39,52.92,6464,52.9,U
sh688777,中控技术,2025-10-17 14:23:42,52.9,8192,52.92,D
sh688777,中控技术,2025-10-17 14:23:48,52.91,20400,52.9,U
sh688777,中控技术,2025-10-17 14:23:51,52.9,7818,52.91,D
sh688777,中控技术,2025-10-17 14:23:57,52.91,4950,52.91,U
sh688777,中控技术,2025-10-17 14:24:00,52.91,5016,52.91,D
sh688777,中控技术,2025-10-17 14:24:06,52.88,5173,52.91,D
sh688777,中控技术,2025-10-17 14:24:09,52.89,4000,52.88,D
sh688777,中控技术,2025-10-17 14:24:12,52.9,7245,52.89,U
sh688777,中控技术,2025-10-17 14:24:36,52.88,13002,52.89,D
sh688777,中控技术,2025-10-17 14:24:48,52.86,6978,52.88,D
sh688777,中控技术,2025-10-17 14:24:57,52.87,5467,52.87,U
sh688777,中控技术,2025-10-17 14:25:18,52.83,28900,52.85,D
sh688777,中控技术,2025-10-17 14:25:24,52.83,6072,52.83,U
sh688777,中控技术,2025-10-17 14:25:33,52.8,6168,52.8,D
sh688777,中控技术,2025-10-17 14:25:36,52.81,13954,52.8,E
sh688777,中控技术,2025-10-17 14:25:39,52.81,8557,52.81,U
sh688777,中控技术,2025-10-17 14:25:48,52.8,6315,52.79,U
sh688777,中控技术,2025-10-17 14:25:54,52.81,7413,52.8,U
sh688777,中控技术,2025-10-17 14:26:03,52.83,7616,52.83,U
sh688777,中控技术,2025-10-17 14:26:18,52.87,6817,52.83,U
sh688777,中控技术,2025-10-17 14:26:21,52.88,8474,52.87,U
sh688777,中控技术,2025-10-17 14:26:42,52.93,30800,52.94,E
sh688777,中控技术,2025-10-17 14:27:03,52.86,5100,52.88,D
sh688777,中控技术,2025-10-17 14:27:18,52.87,7757,52.87,U
sh688777,中控技术,2025-10-17 14:27:21,52.88,5200,52.87,U
sh688777,中控技术,2025-10-17 14:27:24,52.87,6119,52.88,D
sh688777,中控技术,2025-10-17 14:27:27,52.86,3861,52.87,D
sh688777,中控技术,2025-10-17 14:27:30,52.89,16822,52.86,U
sh688777,中控技术,2025-10-17 14:27:57,52.91,8142,52.9,U
sh688777,中控技术,2025-10-17 14:28:06,52.89,5338,52.89,D
sh688777,中控技术,2025-10-17 14:28:36,52.88,10544,52.94,D
sh688777,中控技术,2025-10-17 14:29:00,52.91,5400,52.91,U
sh688777,中控技术,2025-10-17 14:29:03,52.91,7871,52.91,U
sh688777,中控技术,2025-10-17 14:29:18,52.88,4644,52.88,D
sh688777,中控技术,2025-10-17 14:30:00,52.9,8291,52.88,U
sh688777,中控技术,2025-10-17 14:30:03,52.98,38330,52.9,U
sh688777,中控技术,2025-10-17 14:30:06,52.98,6938,52.98,U
sh688777,中控技术,2025-10-17 14:30:24,52.97,3852,52.91,U
sh688777,中控技术,2025-10-17 14:30:27,52.88,6335,52.97,D
sh688777,中控技术,2025-10-17 14:30:33,52.89,48248,52.98,D
sh688777,中控技术,2025-10-17 14:30:36,52.89,52605,52.89,U
sh688777,中控技术,2025-10-17 14:30:39,53.0,10992,52.89,U
sh688777,中控技术,2025-10-17 14:30:42,53.01,5628,53.0,U
sh688777,中控技术,2025-10-17 14:30:54,52.93,3953,53.0,D
sh688777,中控技术,2025-10-17 14:31:00,52.94,12300,52.92,E
sh688777,中控技术,2025-10-17 14:31:09,52.98,3890,52.99,D
sh688777,中控技术,2025-10-17 14:31:33,52.94,8711,52.95,D
sh688777,中控技术,2025-10-17 14:31:45,52.95,4300,52.95,U
sh688777,中控技术,2025-10-17 14:31:57,52.95,13502,53.03,D
sh688777,中控技术,2025-10-17 14:32:06,52.98,5019,52.97,D
sh688777,中控技术,2025-10-17 14:32:09,53.05,12153,52.98,U
sh688777,中控技术,2025-10-17 14:32:12,53.06,6052,53.05,U
sh688777,中控技术,2025-10-17 14:32:48,52.99,5765,53.0,D
sh688777,中控技术,2025-10-17 14:32:57,52.98,6400,53.01,D
sh688777,中控技术,2025-10-17 14:33:15,53.01,6247,53.04,D
sh688777,中控技术,2025-10-17 14:33:33,52.99,5023,53.0,D
sh688777,中控技术,2025-10-17 14:34:00,52.98,6008,52.99,D
sh688777,中控技术,2025-10-17 14:34:03,52.97,8288,52.98,D
sh688777,中控技术,2025-10-17 14:34:15,52.95,4011,52.97,D
sh688777,中控技术,2025-10-17 14:34:24,52.93,5860,52.91,D
sh688777,中控技术,2025-10-17 14:35:06,52.89,54461,52.95,D
sh688777,中控技术,2025-10-17 14:35:09,52.93,58547,52.89,U
sh688777,中控技术,2025-10-17 14:35:12,52.99,8710,52.93,U
sh688777,中控技术,2025-10-17 14:35:15,52.93,6577,52.99,D
sh688777,中控技术,2025-10-17 14:35:24,53.0,5100,52.93,U
sh688777,中控技术,2025-10-17 14:35:30,52.99,7508,52.94,U
sh688777,中控技术,2025-10-17 14:36:00,52.88,78047,52.94,D
sh688777,中控技术,2025-10-17 14:36:15,52.88,4211,52.88,U
sh688777,中控技术,2025-10-17 14:36:18,52.87,4042,52.88,D
sh688777,中控技术,2025-10-17 14:36:24,52.87,7088,52.87,D
sh688777,中控技术,2025-10-17 14:36:30,52.86,6374,52.87,D
sh688777,中控技术,2025-10-17 14:36:33,52.86,3945,52.86,D
sh688777,中控技术,2025-10-17 14:36:45,52.86,3800,52.85,U
sh688777,中控技术,2025-10-17 14:36:48,52.86,10938,52.86,U
sh688777,中控技术,2025-10-17 14:36:51,52.86,8803,52.86,D
sh688777,中控技术,2025-10-17 14:36:54,52.86,9127,52.86,U
sh688777,中控技术,2025-10-17 14:36:57,52.87,20642,52.86,U
sh688777,中控技术,2025-10-17 14:37:00,52.86,6604,52.87,D
sh688777,中控技术,2025-10-17 14:37:06,52.86,12150,52.86,U
sh688777,中控技术,2025-10-17 14:37:09,52.92,8706,52.86,U
sh688777,中控技术,2025-10-17 14:37:12,52.88,5038,52.92,D
sh688777,中控技术,2025-10-17 14:37:15,52.99,5215,52.88,U
sh688777,中控技术,2025-10-17 14:37:21,52.88,11498,52.99,D
sh688777,中控技术,2025-10-17 14:37:24,52.91,4753,52.88,U
sh688777,中控技术,2025-10-17 14:37:39,52.96,4039,52.94,U
sh688777,中控技术,2025-10-17 14:38:00,52.97,8111,52.98,D
sh688777,中控技术,2025-10-17 14:38:27,52.97,9875,52.98,D
sh688777,中控技术,2025-10-17 14:39:06,52.94,6700,52.91,U
sh688777,中控技术,2025-10-17 14:39:51,52.85,17608,52.9,D
sh688777,中控技术,2025-10-17 14:40:18,52.84,13100,52.85,D
sh688777,中控技术,2025-10-17 14:40:54,52.81,29081,52.87,D
sh688777,中控技术,2025-10-17 14:40:57,52.85,3923,52.81,U
sh688777,中控技术,2025-10-17 14:41:00,52.82,5316,52.85,D
sh688777,中控技术,2025-10-17 14:41:06,52.82,4926,52.82,U
sh688777,中控技术,2025-10-17 14:41:09,52.87,13204,52.82,U
sh688777,中控技术,2025-10-17 14:41:48,52.85,11900,52.86,D
sh688777,中控技术,2025-10-17 14:41:51,52.85,5038,52.85,U
sh688777,中控技术,2025-10-17 14:42:09,52.9,6190,52.88,U
sh688777,中控技术,2025-10-17 14:42:21,52.94,4019,52.93,U
sh688777,中控技术,2025-10-17 14:42:36,53.0,8177,52.98,U
sh688777,中控技术,2025-10-17 14:42:45,53.01,4811,53.03,E
sh688777,中控技术,2025-10-17 14:42:48,53.04,4233,53.01,U
sh688777,中控技术,2025-10-17 14:42:51,53.02,6558,53.04,E
sh688777,中控技术,2025-10-17 14:42:57,53.03,6380,53.04,D
sh688777,中控技术,2025-10-17 14:43:09,53.05,4295,53.05,U
sh688777,中控技术,2025-10-17 14:43:12,53.05,5854,53.05,U
sh688777,中控技术,2025-10-17 14:43:24,53.05,6068,53.05,U
sh688777,中控技术,2025-10-17 14:43:27,53.03,3798,53.05,D
sh688777,中控技术,2025-10-17 14:43:54,53.03,7079,53.04,D
sh688777,中控技术,2025-10-17 14:44:42,53.02,5281,53.0,U
sh688777,中控技术,2025-10-17 14:44:51,53.0,4673,53.0,D
sh688777,中控技术,2025-10-17 14:44:54,52.98,4021,53.0,D
sh688777,中控技术,2025-10-17 14:45:33,52.96,3800,52.97,E
sh688777,中控技术,2025-10-17 14:45:39,52.91,4008,52.95,D
sh688777,中控技术,2025-10-17 14:46:00,52.88,10642,52.88,D
sh688777,中控技术,2025-10-17 14:46:12,52.87,7318,52.88,D
sh688777,中控技术,2025-10-17 14:46:27,52.86,4857,52.86,D
sh688777,中控技术,2025-10-17 14:46:30,52.87,5363,52.86,U
sh688777,中控技术,2025-10-17 14:46:33,52.85,3900,52.87,D
sh688777,中控技术,2025-10-17 14:46:39,52.86,11404,52.86,U
sh688777,中控技术,2025-10-17 14:46:42,52.86,4004,52.86,U
sh688777,中控技术,2025-10-17 14:46:45,52.86,13233,52.86,U
sh688777,中控技术,2025-10-17 14:46:48,52.86,6921,52.86,U
sh688777,中控技术,2025-10-17 14:46:51,52.86,4373,52.86,D
sh688777,中控技术,2025-10-17 14:46:57,52.89,5700,52.89,U
sh688777,中控技术,2025-10-17 14:47:48,52.89,6225,52.87,E
sh688777,中控技术,2025-10-17 14:48:03,52.87,10442,52.88,D
sh688777,中控技术,2025-10-17 14:48:21,52.85,12995,52.87,D
sh688777,中控技术,2025-10-17 14:48:24,52.85,6212,52.85,D
sh688777,中控技术,2025-10-17 14:48:27,52.85,5467,52.85,D
sh688777,中控技术,2025-10-17 14:48:36,52.85,3999,52.85,D
sh688777,中控技术,2025-10-17 14:48:42,52.84,5756,52.85,D
sh688777,中控技术,2025-10-17 14:49:03,52.84,5683,52.84,U
sh688777,中控技术,2025-10-17 14:49:18,52.82,5534,52.86,D
sh688777,中控技术,2025-10-17 14:49:21,52.85,17099,52.82,U
sh688777,中控技术,2025-10-17 14:49:48,52.82,6499,52.83,D
sh688777,中控技术,2025-10-17 14:49:57,52.82,4129,52.83,E
sh688777,中控技术,2025-10-17 14:50:03,52.81,22042,52.83,D
sh688777,中控技术,2025-10-17 14:50:06,52.84,8728,52.81,U
sh688777,中控技术,2025-10-17 14:50:09,52.82,110063,52.84,E
sh688777,中控技术,2025-10-17 14:50:12,52.91,73518,52.82,U
sh688777,中控技术,2025-10-17 14:50:15,52.96,7075,52.91,U
sh688777,中控技术,2025-10-17 14:50:24,52.9,6890,52.97,D
sh688777,中控技术,2025-10-17 14:50:30,52.89,4316,52.92,D
sh688777,中控技术,2025-10-17 14:50:45,52.81,9975,52.85,D
sh688777,中控技术,2025-10-17 14:50:51,52.81,6482,52.86,D
sh688777,中控技术,2025-10-17 14:51:00,52.86,25030,52.81,U
sh688777,中控技术,2025-10-17 14:51:03,52.87,24831,52.86,E
sh688777,中控技术,2025-10-17 14:51:06,52.86,29075,52.87,D
sh688777,中控技术,2025-10-17 14:51:09,52.86,5678,52.86,D
sh688777,中控技术,2025-10-17 14:51:12,52.82,6054,52.86,D
sh688777,中控技术,2025-10-17 14:51:15,52.9,12487,52.82,U
sh688777,中控技术,2025-10-17 14:51:21,52.88,4700,52.91,D
sh688777,中控技术,2025-10-17 14:51:30,52.83,6600,52.85,D
sh688777,中控技术,2025-10-17 14:51:39,52.83,8085,52.83,U
sh688777,中控技术,2025-10-17 14:51:48,52.83,13269,52.82,U
sh688777,中控技术,2025-10-17 14:51:51,52.87,5348,52.83,U
sh688777,中控技术,2025-10-17 14:52:06,52.82,14857,52.81,U
sh688777,中控技术,2025-10-17 14:52:09,52.82,6216,52.82,U
sh688777,中控技术,2025-10-17 14:52:15,52.82,6985,52.82,D
sh688777,中控技术,2025-10-17 14:52:24,52.79,15431,52.8,D
sh688777,中控技术,2025-10-17 14:52:33,52.78,6492,52.78,D
sh688777,中控技术,2025-10-17 14:52:39,52.78,6634,52.79,D
sh688777,中控技术,2025-10-17 14:52:42,52.76,13589,52.78,D
sh688777,中控技术,2025-10-17 14:52:45,52.75,4594,52.76,D
sh688777,中控技术,2025-10-17 14:52:48,52.78,27492,52.75,U
sh688777,中控技术,2025-10-17 14:52:51,52.78,5486,52.78,U
sh688777,中控技术,2025-10-17 14:52:54,52.76,9454,52.78,D
sh688777,中控技术,2025-10-17 14:52:57,52.76,9482,52.76,U
sh688777,中控技术,2025-10-17 14:53:00,52.76,6205,52.76,D
sh688777,中控技术,2025-10-17 14:53:06,52.78,37820,52.76,U
sh688777,中控技术,2025-10-17 14:53:09,52.77,8031,52.78,D
sh688777,中控技术,2025-10-17 14:53:21,52.8,5185,52.8,D
sh688777,中控技术,2025-10-17 14:53:27,52.78,4673,52.79,D
sh688777,中控技术,2025-10-17 14:53:30,52.84,5400,52.78,U
sh688777,中控技术,2025-10-17 14:53:33,52.86,4184,52.84,U
sh688777,中控技术,2025-10-17 14:53:51,52.85,14672,52.86,D
sh688777,中控技术,2025-10-17 14:53:54,52.85,12002,52.85,U
sh688777,中控技术,2025-10-17 14:53:57,52.85,7090,52.85,U
sh688777,中控技术,2025-10-17 14:54:09,52.81,9904,52.86,D
sh688777,中控技术,2025-10-17 14:54:18,52.87,4150,52.85,U
sh688777,中控技术,2025-10-17 14:54:21,52.81,5133,52.87,D
sh688777,中控技术,2025-10-17 14:54:24,52.81,4108,52.81,D
sh688777,中控技术,2025-10-17 14:54:27,52.87,10015,52.81,U
sh688777,中控技术,2025-10-17 14:54:30,52.8,8646,52.87,D
sh688777,中控技术,2025-10-17 14:54:33,52.8,13506,52.8,D
sh688777,中控技术,2025-10-17 14:54:36,52.86,4637,52.8,U
sh688777,中控技术,2025-10-17 14:54:39,52.86,4714,52.86,U
sh688777,中控技术,2025-10-17 14:54:42,52.86,3994,52.86,D
sh688777,中控技术,2025-10-17 14:54:48,52.87,4573,52.87,U
sh688777,中控技术,2025-10-17 14:54:51,52.86,26572,52.87,D
sh688777,中控技术,2025-10-17 14:55:00,52.85,10227,52.86,E
sh688777,中控技术,2025-10-17 14:55:03,52.82,19632,52.85,D
sh688777,中控技术,2025-10-17 14:55:06,52.87,6712,52.82,U
sh688777,中控技术,2025-10-17 14:55:09,52.86,5989,52.87,D
sh688777,中控技术,2025-10-17 14:55:18,52.85,10518,52.86,E
sh688777,中控技术,2025-10-17 14:55:21,52.88,9963,52.85,U
sh688777,中控技术,2025-10-17 14:55:24,52.86,17453,52.88,E
sh688777,中控技术,2025-10-17 14:55:39,52.86,9827,52.86,U
sh688777,中控技术,2025-10-17 14:55:42,52.84,6660,52.86,D
sh688777,中控技术,2025-10-17 14:55:48,52.85,12535,52.85,U
sh688777,中控技术,2025-10-17 14:55:51,52.84,6134,52.85,D
sh688777,中控技术,2025-10-17 14:55:54,52.84,8129,52.84,D
sh688777,中控技术,2025-10-17 14:56:03,52.84,4667,52.83,U
sh688777,中控技术,2025-10-17 14:56:12,52.84,6765,52.84,U
sh688777,中控技术,2025-10-17 14:56:18,52.82,4254,52.82,D
sh688777,中控技术,2025-10-17 14:56:21,52.82,5387,52.82,U
sh688777,中控技术,2025-10-17 14:56:24,52.83,6068,52.82,U
sh688777,中控技术,2025-10-17 14:56:27,52.81,9408,52.83,D
sh688777,中控技术,2025-10-17 14:56:36,52.81,26744,52.82,D
sh688777,中控技术,2025-10-17 14:56:42,52.81,6119,52.82,D
sh688777,中控技术,2025-10-17 14:56:54,52.8,11922,52.81,D
sh688777,中控技术,2025-10-17 14:56:57,52.78,10275,52.8,D
sh688777,中控技术,2025-10-17 15:00:03,52.74,109453,52.79,U
