symbol,name,ticktime,price,volume,prev_price,kind
sh688777,中控技术,2025-09-17 09:25:01,52.0,192855,0.0,U
sh688777,中控技术,2025-09-17 09:30:03,51.8,31300,52.0,D
sh688777,中控技术,2025-09-17 09:30:06,51.79,16793,51.8,D
sh688777,中控技术,2025-09-17 09:30:09,51.6,14300,51.79,D
sh688777,中控技术,2025-09-17 09:30:12,51.62,12898,51.6,U
sh688777,中控技术,2025-09-17 09:30:15,51.75,21982,51.62,U
sh688777,中控技术,2025-09-17 09:30:18,51.51,29360,51.75,D
sh688777,中控技术,2025-09-17 09:30:21,51.62,6304,51.51,U
sh688777,中控技术,2025-09-17 09:30:24,51.65,17314,51.62,U
sh688777,中控技术,2025-09-17 09:30:27,51.51,28108,51.65,E
sh688777,中控技术,2025-09-17 09:30:30,51.51,6505,51.51,D
sh688777,中控技术,2025-09-17 09:30:33,51.75,18426,51.51,U
sh688777,中控技术,2025-09-17 09:30:36,51.6,11744,51.75,D
sh688777,中控技术,2025-09-17 09:30:39,51.62,11481,51.6,E
sh688777,中控技术,2025-09-17 09:30:42,51.61,9852,51.62,D
sh688777,中控技术,2025-09-17 09:30:45,51.6,10689,51.61,D
sh688777,中控技术,2025-09-17 09:30:51,51.63,6016,51.61,U
sh688777,中控技术,2025-09-17 09:30:54,51.8,18619,51.63,U
sh688777,中控技术,2025-09-17 09:30:57,51.85,8029,51.8,U
sh688777,中控技术,2025-09-17 09:31:00,51.87,16982,51.85,U
sh688777,中控技术,2025-09-17 09:31:03,51.9,20852,51.87,U
sh688777,中控技术,2025-09-17 09:31:06,51.93,7600,51.9,U
sh688777,中控技术,2025-09-17 09:31:09,51.95,33046,51.93,U
sh688777,中控技术,2025-09-17 09:31:12,51.95,17120,51.95,D
sh688777,中控技术,2025-09-17 09:31:15,51.93,51618,51.95,D
sh688777,中控技术,2025-09-17 09:31:18,51.93,7686,51.93,D
sh688777,中控技术,2025-09-17 09:31:21,51.93,15747,51.93,D
sh688777,中控技术,2025-09-17 09:31:24,51.93,5408,51.93,D
sh688777,中控技术,2025-09-17 09:31:27,51.9,10018,51.93,D
sh688777,中控技术,2025-09-17 09:31:30,51.87,19607,51.9,D
sh688777,中控技术,2025-09-17 09:31:33,51.86,15975,51.87,D
sh688777,中控技术,2025-09-17 09:31:36,51.66,10855,51.86,D
sh688777,中控技术,2025-09-17 09:31:39,51.65,14303,51.66,D
sh688777,中控技术,2025-09-17 09:31:42,51.64,11562,51.65,D
sh688777,中控技术,2025-09-17 09:31:45,51.6,6543,51.64,D
sh688777,中控技术,2025-09-17 09:31:54,51.56,20773,51.58,E
sh688777,中控技术,2025-09-17 09:31:57,51.55,18564,51.56,D
sh688777,中控技术,2025-09-17 09:32:00,51.51,7271,51.55,D
sh688777,中控技术,2025-09-17 09:32:03,51.49,26480,51.51,D
sh688777,中控技术,2025-09-17 09:32:06,51.45,9458,51.49,D
sh688777,中控技术,2025-09-17 09:32:09,51.46,20108,51.45,E
sh688777,中控技术,2025-09-17 09:32:12,51.45,17490,51.46,D
sh688777,中控技术,2025-09-17 09:32:18,51.5,17140,51.46,U
sh688777,中控技术,2025-09-17 09:32:21,51.5,9611,51.5,U
sh688777,中控技术,2025-09-17 09:32:24,51.55,13560,51.5,U
sh688777,中控技术,2025-09-17 09:32:30,51.53,7083,51.57,D
sh688777,中控技术,2025-09-17 09:32:33,51.65,6014,51.53,U
sh688777,中控技术,2025-09-17 09:32:36,51.62,12436,51.65,D
sh688777,中控技术,2025-09-17 09:32:45,51.62,8303,51.58,U
sh688777,中控技术,2025-09-17 09:32:51,51.61,4981,51.6,U
sh688777,中控技术,2025-09-17 09:32:57,51.58,6100,51.62,D
sh688777,中控技术,2025-09-17 09:33:00,51.58,10070,51.58,D
sh688777,中控技术,2025-09-17 09:33:03,51.6,28347,51.58,U
sh688777,中控技术,2025-09-17 09:33:09,51.65,4866,51.6,U
sh688777,中控技术,2025-09-17 09:33:21,51.65,5307,51.65,E
sh688777,中控技术,2025-09-17 09:33:33,51.71,28466,51.72,D
sh688777,中控技术,2025-09-17 09:33:36,51.68,7604,51.71,D
sh688777,中控技术,2025-09-17 09:33:39,51.76,7600,51.68,U
sh688777,中控技术,2025-09-17 09:33:42,51.78,6408,51.76,U
sh688777,中控技术,2025-09-17 09:33:45,51.7,4015,51.78,E
sh688777,中控技术,2025-09-17 09:33:48,51.71,16285,51.7,E
sh688777,中控技术,2025-09-17 09:34:00,51.74,23802,51.71,U
sh688777,中控技术,2025-09-17 09:34:03,51.69,5672,51.74,D
sh688777,中控技术,2025-09-17 09:34:09,51.63,12886,51.68,D
sh688777,中控技术,2025-09-17 09:34:12,51.68,9867,51.63,U
sh688777,中控技术,2025-09-17 09:34:15,51.62,8346,51.68,D
sh688777,中控技术,2025-09-17 09:34:18,51.7,5438,51.62,U
sh688777,中控技术,2025-09-17 09:34:27,51.69,5902,51.69,D
sh688777,中控技术,2025-09-17 09:34:30,51.68,10056,51.69,U
sh688777,中控技术,2025-09-17 09:34:33,51.7,13062,51.68,U
sh688777,中控技术,2025-09-17 09:34:42,51.68,15455,51.69,D
sh688777,中控技术,2025-09-17 09:34:48,51.6,29796,51.68,D
sh688777,中控技术,2025-09-17 09:34:51,51.6,5609,51.6,U
sh688777,中控技术,2025-09-17 09:35:09,51.69,4910,51.6,U
sh688777,中控技术,2025-09-17 09:35:27,51.65,13553,51.61,U
sh688777,中控技术,2025-09-17 09:35:36,51.64,4078,51.6,U
sh688777,中控技术,2025-09-17 09:35:39,51.63,14222,51.64,E
sh688777,中控技术,2025-09-17 09:35:42,51.62,7428,51.63,E
sh688777,中控技术,2025-09-17 09:35:45,51.61,3958,51.62,D
sh688777,中控技术,2025-09-17 09:35:48,51.62,11284,51.61,U
sh688777,中控技术,2025-09-17 09:35:54,51.67,12932,51.64,U
sh688777,中控技术,2025-09-17 09:35:57,51.64,7400,51.67,D
sh688777,中控技术,2025-09-17 09:36:00,51.64,5327,51.64,D
sh688777,中控技术,2025-09-17 09:36:06,51.67,6083,51.63,U
sh688777,中控技术,2025-09-17 09:36:15,51.65,9148,51.67,E
sh688777,中控技术,2025-09-17 09:36:18,51.7,6309,51.65,U
sh688777,中控技术,2025-09-17 09:36:24,51.71,5453,51.7,U
sh688777,中控技术,2025-09-17 09:36:33,51.75,3914,51.65,U
sh688777,中控技术,2025-09-17 09:36:39,51.7,5243,51.69,U
sh688777,中控技术,2025-09-17 09:36:45,51.73,5300,51.75,D
sh688777,中控技术,2025-09-17 09:36:48,51.73,4790,51.73,D
sh688777,中控技术,2025-09-17 09:36:51,51.75,9456,51.73,U
sh688777,中控技术,2025-09-17 09:36:54,51.71,11900,51.75,D
sh688777,中控技术,2025-09-17 09:37:00,51.75,6881,51.71,U
sh688777,中控技术,2025-09-17 09:37:03,51.75,9139,51.75,U
sh688777,中控技术,2025-09-17 09:37:06,51.75,22131,51.75,D
sh688777,中控技术,2025-09-17 09:37:18,51.81,5018,51.77,U
sh688777,中控技术,2025-09-17 09:37:24,51.74,6301,51.74,D
sh688777,中控技术,2025-09-17 09:37:27,51.73,4031,51.74,D
sh688777,中控技术,2025-09-17 09:37:33,51.68,34651,51.73,D
sh688777,中控技术,2025-09-17 09:37:36,51.73,6182,51.68,U
sh688777,中控技术,2025-09-17 09:37:42,51.66,4094,51.67,D
sh688777,中控技术,2025-09-17 09:37:51,51.61,17641,51.65,D
sh688777,中控技术,2025-09-17 09:37:54,51.66,7425,51.61,U
sh688777,中控技术,2025-09-17 09:38:03,51.61,65781,51.66,D
sh688777,中控技术,2025-09-17 09:38:24,51.6,27568,51.6,D
sh688777,中控技术,2025-09-17 09:38:27,51.54,5966,51.6,D
sh688777,中控技术,2025-09-17 09:38:30,51.53,10690,51.54,D
sh688777,中控技术,2025-09-17 09:38:33,51.53,4015,51.53,D
sh688777,中控技术,2025-09-17 09:38:39,51.66,4214,51.59,U
sh688777,中控技术,2025-09-17 09:38:54,51.76,7984,51.65,U
sh688777,中控技术,2025-09-17 09:38:57,51.62,8659,51.76,D
sh688777,中控技术,2025-09-17 09:39:00,51.65,21697,51.62,U
sh688777,中控技术,2025-09-17 09:39:06,51.64,6055,51.74,D
sh688777,中控技术,2025-09-17 09:39:15,51.64,4276,51.64,D
sh688777,中控技术,2025-09-17 09:39:33,51.76,5299,51.7,U
sh688777,中控技术,2025-09-17 09:39:36,51.64,4476,51.76,D
sh688777,中控技术,2025-09-17 09:39:42,51.78,5955,51.66,U
sh688777,中控技术,2025-09-17 09:39:57,51.78,12607,51.71,U
sh688777,中控技术,2025-09-17 09:40:00,51.77,4064,51.78,D
sh688777,中控技术,2025-09-17 09:40:03,51.77,10620,51.77,D
sh688777,中控技术,2025-09-17 09:40:09,51.79,13383,51.78,U
sh688777,中控技术,2025-09-17 09:40:12,51.87,12372,51.79,U
sh688777,中控技术,2025-09-17 09:40:15,51.8,19446,51.87,D
sh688777,中控技术,2025-09-17 09:40:18,51.98,25252,51.8,U
sh688777,中控技术,2025-09-17 09:40:21,52.07,202177,51.98,U
sh688777,中控技术,2025-09-17 09:40:24,52.01,14300,52.07,D
sh688777,中控技术,2025-09-17 09:40:30,52.07,7665,52.02,U
sh688777,中控技术,2025-09-17 09:40:33,52.07,14911,52.07,U
sh688777,中控技术,2025-09-17 09:40:36,52.07,3918,52.07,D
sh688777,中控技术,2025-09-17 09:40:45,52.01,22522,52.02,D
sh688777,中控技术,2025-09-17 09:40:48,52.04,5873,52.01,U
sh688777,中控技术,2025-09-17 09:40:54,52.05,8454,52.02,U
sh688777,中控技术,2025-09-17 09:40:57,52.04,12183,52.05,D
sh688777,中控技术,2025-09-17 09:41:00,52.02,7624,52.04,D
sh688777,中控技术,2025-09-17 09:41:03,52.05,8938,52.02,U
sh688777,中控技术,2025-09-17 09:41:06,52.07,14333,52.05,U
sh688777,中控技术,2025-09-17 09:41:09,52.07,11639,52.07,U
sh688777,中控技术,2025-09-17 09:41:12,51.97,136058,52.07,D
sh688777,中控技术,2025-09-17 09:41:15,51.97,7827,51.97,U
sh688777,中控技术,2025-09-17 09:41:21,51.99,10815,51.88,U
sh688777,中控技术,2025-09-17 09:41:24,51.97,4829,51.99,U
sh688777,中控技术,2025-09-17 09:41:30,51.97,6061,51.96,U
sh688777,中控技术,2025-09-17 09:41:36,51.95,10559,51.9,E
sh688777,中控技术,2025-09-17 09:41:45,51.9,5497,51.9,D
sh688777,中控技术,2025-09-17 09:41:48,51.9,9163,51.9,U
sh688777,中控技术,2025-09-17 09:41:54,51.9,9965,51.85,U
sh688777,中控技术,2025-09-17 09:41:57,51.85,27636,51.9,D
sh688777,中控技术,2025-09-17 09:42:03,51.9,9695,51.85,U
sh688777,中控技术,2025-09-17 09:42:06,51.9,8127,51.9,U
sh688777,中控技术,2025-09-17 09:42:09,52.0,11924,51.9,U
sh688777,中控技术,2025-09-17 09:42:24,52.0,4772,52.0,U
sh688777,中控技术,2025-09-17 09:42:27,52.0,6100,52.0,U
sh688777,中控技术,2025-09-17 09:42:33,52.0,5146,51.97,U
sh688777,中控技术,2025-09-17 09:42:36,51.97,6326,52.0,E
sh688777,中控技术,2025-09-17 09:42:42,51.97,34173,52.0,D
sh688777,中控技术,2025-09-17 09:42:45,52.03,4816,51.97,U
sh688777,中控技术,2025-09-17 09:42:48,51.97,6724,52.03,E
sh688777,中控技术,2025-09-17 09:43:00,51.91,21333,51.96,D
sh688777,中控技术,2025-09-17 09:43:03,51.88,29189,51.91,D
sh688777,中控技术,2025-09-17 09:43:06,51.87,12589,51.88,D
sh688777,中控技术,2025-09-17 09:43:12,51.88,4875,51.9,U
sh688777,中控技术,2025-09-17 09:43:18,51.84,8354,51.85,D
sh688777,中控技术,2025-09-17 09:43:24,51.82,4299,51.81,E
sh688777,中控技术,2025-09-17 09:43:27,51.82,7643,51.82,D
sh688777,中控技术,2025-09-17 09:43:36,51.81,12052,51.81,D
sh688777,中控技术,2025-09-17 09:43:45,51.8,9382,51.8,D
sh688777,中控技术,2025-09-17 09:44:00,51.79,4273,51.79,U
sh688777,中控技术,2025-09-17 09:44:03,51.79,10178,51.79,U
sh688777,中控技术,2025-09-17 09:44:12,51.79,25925,51.79,D
sh688777,中控技术,2025-09-17 09:44:30,51.79,8058,51.79,U
sh688777,中控技术,2025-09-17 09:44:33,51.79,5586,51.79,U
sh688777,中控技术,2025-09-17 09:44:51,51.75,35296,51.78,D
sh688777,中控技术,2025-09-17 09:44:54,51.73,7270,51.75,D
sh688777,中控技术,2025-09-17 09:45:03,51.77,7856,51.75,U
sh688777,中控技术,2025-09-17 09:45:12,51.8,23060,51.79,U
sh688777,中控技术,2025-09-17 09:45:15,51.83,5401,51.8,U
sh688777,中控技术,2025-09-17 09:45:18,51.83,10835,51.83,U
sh688777,中控技术,2025-09-17 09:45:45,51.82,3921,51.82,D
sh688777,中控技术,2025-09-17 09:45:48,51.79,21546,51.82,D
sh688777,中控技术,2025-09-17 09:45:51,51.79,4509,51.79,E
sh688777,中控技术,2025-09-17 09:45:57,51.77,6000,51.8,E
sh688777,中控技术,2025-09-17 09:46:09,51.74,6959,51.74,D
sh688777,中控技术,2025-09-17 09:46:12,51.74,8603,51.74,D
sh688777,中控技术,2025-09-17 09:46:33,51.74,7991,51.78,D
sh688777,中控技术,2025-09-17 09:46:36,51.73,12802,51.74,D
sh688777,中控技术,2025-09-17 09:46:39,51.73,10059,51.73,D
sh688777,中控技术,2025-09-17 09:46:45,51.75,4059,51.73,U
sh688777,中控技术,2025-09-17 09:46:48,51.72,5179,51.75,D
sh688777,中控技术,2025-09-17 09:46:51,51.71,23977,51.72,D
sh688777,中控技术,2025-09-17 09:46:54,51.67,18776,51.71,D
sh688777,中控技术,2025-09-17 09:46:57,51.71,4438,51.67,U
sh688777,中控技术,2025-09-17 09:47:03,51.71,7825,51.71,D
sh688777,中控技术,2025-09-17 09:47:06,51.67,8046,51.71,D
sh688777,中控技术,2025-09-17 09:47:48,51.73,8813,51.73,D
sh688777,中控技术,2025-09-17 09:47:51,51.71,5274,51.73,D
sh688777,中控技术,2025-09-17 09:47:54,51.73,8400,51.71,U
sh688777,中控技术,2025-09-17 09:47:57,51.73,5802,51.73,U
sh688777,中控技术,2025-09-17 09:48:09,51.72,6571,51.73,U
sh688777,中控技术,2025-09-17 09:48:12,51.7,17327,51.72,E
sh688777,中控技术,2025-09-17 09:48:15,51.7,7158,51.7,D
sh688777,中控技术,2025-09-17 09:48:21,51.61,27545,51.69,D
sh688777,中控技术,2025-09-17 09:48:36,51.6,15410,51.64,D
sh688777,中控技术,2025-09-17 09:48:39,51.59,6155,51.6,D
sh688777,中控技术,2025-09-17 09:48:45,51.6,10190,51.59,U
sh688777,中控技术,2025-09-17 09:48:48,51.67,9652,51.6,U
sh688777,中控技术,2025-09-17 09:48:54,51.67,5476,51.58,U
sh688777,中控技术,2025-09-17 09:49:00,51.61,3931,51.6,D
sh688777,中控技术,2025-09-17 09:49:03,51.67,8254,51.61,U
sh688777,中控技术,2025-09-17 09:49:06,51.59,6400,51.67,D
sh688777,中控技术,2025-09-17 09:49:18,51.58,12775,51.6,D
sh688777,中控技术,2025-09-17 09:49:30,51.59,13661,51.6,E
sh688777,中控技术,2025-09-17 09:49:33,51.57,6600,51.59,D
sh688777,中控技术,2025-09-17 09:49:36,51.67,4661,51.57,U
sh688777,中控技术,2025-09-17 09:49:42,51.69,5200,51.6,U
sh688777,中控技术,2025-09-17 09:49:54,51.65,14977,51.65,D
sh688777,中控技术,2025-09-17 09:50:06,51.69,4552,51.61,U
sh688777,中控技术,2025-09-17 09:50:48,51.7,5851,51.68,U
sh688777,中控技术,2025-09-17 09:50:54,51.66,6115,51.73,D
sh688777,中控技术,2025-09-17 09:50:57,51.69,6511,51.66,D
sh688777,中控技术,2025-09-17 09:51:03,51.66,3889,51.67,D
sh688777,中控技术,2025-09-17 09:51:15,51.7,41166,51.67,E
sh688777,中控技术,2025-09-17 09:51:18,51.66,47238,51.7,E
sh688777,中控技术,2025-09-17 09:51:21,51.61,7300,51.66,D
sh688777,中控技术,2025-09-17 09:51:24,51.59,13000,51.61,D
sh688777,中控技术,2025-09-17 09:51:27,51.57,24297,51.59,D
sh688777,中控技术,2025-09-17 09:51:30,51.64,23802,51.57,U
sh688777,中控技术,2025-09-17 09:51:33,51.57,6200,51.64,E
sh688777,中控技术,2025-09-17 09:51:54,51.55,10600,51.62,D
sh688777,中控技术,2025-09-17 09:52:00,51.56,4000,51.62,D
sh688777,中控技术,2025-09-17 09:52:09,51.6,10200,51.56,U
sh688777,中控技术,2025-09-17 09:52:12,51.6,5265,51.6,U
sh688777,中控技术,2025-09-17 09:52:15,51.6,6631,51.6,U
sh688777,中控技术,2025-09-17 09:52:18,51.6,9800,51.6,U
sh688777,中控技术,2025-09-17 09:52:33,51.6,4838,51.66,D
sh688777,中控技术,2025-09-17 09:52:45,51.66,4607,51.66,D
sh688777,中控技术,2025-09-17 09:52:57,51.67,4656,51.66,U
sh688777,中控技术,2025-09-17 09:53:09,51.71,56632,51.65,U
sh688777,中控技术,2025-09-17 09:53:12,51.65,13650,51.71,E
sh688777,中控技术,2025-09-17 09:53:15,51.71,4479,51.65,U
sh688777,中控技术,2025-09-17 09:53:18,51.71,6140,51.71,U
sh688777,中控技术,2025-09-17 09:53:21,51.71,8169,51.71,U
sh688777,中控技术,2025-09-17 09:53:45,51.62,12787,51.66,D
sh688777,中控技术,2025-09-17 09:53:48,51.63,4902,51.62,D
sh688777,中控技术,2025-09-17 09:54:09,51.68,9600,51.66,E
sh688777,中控技术,2025-09-17 09:54:21,51.65,15477,51.69,D
sh688777,中控技术,2025-09-17 09:54:30,51.69,4400,51.67,U
sh688777,中控技术,2025-09-17 09:54:33,51.69,4444,51.69,D
sh688777,中控技术,2025-09-17 09:54:39,51.66,16335,51.69,D
sh688777,中控技术,2025-09-17 09:54:42,51.67,7140,51.66,D
sh688777,中控技术,2025-09-17 09:54:54,51.68,4200,51.7,D
sh688777,中控技术,2025-09-17 09:55:30,51.68,6600,51.68,D
sh688777,中控技术,2025-09-17 09:55:39,51.69,4106,51.69,D
sh688777,中控技术,2025-09-17 09:56:06,51.69,5903,51.69,U
sh688777,中控技术,2025-09-17 09:56:30,51.67,4172,51.68,D
sh688777,中控技术,2025-09-17 09:56:36,51.65,4634,51.67,D
sh688777,中控技术,2025-09-17 09:56:42,51.66,6900,51.67,E
sh688777,中控技术,2025-09-17 09:56:51,51.63,13440,51.65,D
sh688777,中控技术,2025-09-17 09:56:54,51.63,7129,51.63,D
sh688777,中控技术,2025-09-17 09:57:00,51.62,27284,51.63,D
sh688777,中控技术,2025-09-17 09:57:03,51.6,21305,51.62,D
sh688777,中控技术,2025-09-17 09:57:06,51.59,6999,51.6,D
sh688777,中控技术,2025-09-17 09:57:18,51.55,50534,51.59,D
sh688777,中控技术,2025-09-17 09:57:27,51.55,9881,51.56,D
sh688777,中控技术,2025-09-17 09:57:33,51.55,12681,51.56,D
sh688777,中控技术,2025-09-17 09:57:36,51.55,5418,51.55,D
sh688777,中控技术,2025-09-17 09:57:39,51.54,6037,51.55,D
sh688777,中控技术,2025-09-17 09:57:42,51.53,4300,51.54,D
sh688777,中控技术,2025-09-17 09:57:45,51.52,5000,51.53,D
sh688777,中控技术,2025-09-17 09:57:57,51.51,13037,51.51,D
sh688777,中控技术,2025-09-17 09:58:00,51.55,28187,51.51,U
sh688777,中控技术,2025-09-17 09:58:03,51.56,18381,51.55,U
sh688777,中控技术,2025-09-17 09:58:12,51.59,11754,51.56,U
sh688777,中控技术,2025-09-17 09:58:30,51.56,5810,51.62,D
sh688777,中控技术,2025-09-17 09:58:42,51.6,15201,51.6,D
sh688777,中控技术,2025-09-17 09:58:57,51.62,8800,51.6,U
sh688777,中控技术,2025-09-17 09:59:00,51.62,20097,51.62,U
sh688777,中控技术,2025-09-17 09:59:42,51.57,9138,51.65,D
sh688777,中控技术,2025-09-17 09:59:48,51.63,14153,51.63,U
sh688777,中控技术,2025-09-17 10:00:03,51.56,41760,51.58,D
sh688777,中控技术,2025-09-17 10:00:06,51.59,5208,51.56,U
sh688777,中控技术,2025-09-17 10:00:21,51.55,11049,51.55,U
sh688777,中控技术,2025-09-17 10:00:27,51.59,19544,51.55,U
sh688777,中控技术,2025-09-17 10:00:30,51.58,5109,51.59,D
sh688777,中控技术,2025-09-17 10:00:51,51.58,5568,51.58,D
sh688777,中控技术,2025-09-17 10:00:57,51.58,38594,51.58,D
sh688777,中控技术,2025-09-17 10:01:03,51.62,7589,51.58,U
sh688777,中控技术,2025-09-17 10:01:06,51.64,21708,51.62,U
sh688777,中控技术,2025-09-17 10:01:57,51.6,4640,51.6,D
sh688777,中控技术,2025-09-17 10:02:15,51.56,6609,51.59,D
sh688777,中控技术,2025-09-17 10:02:18,51.51,18000,51.56,D
sh688777,中控技术,2025-09-17 10:02:36,51.51,6114,51.55,D
sh688777,中控技术,2025-09-17 10:02:39,51.52,3966,51.51,D
sh688777,中控技术,2025-09-17 10:02:42,51.52,6780,51.52,E
sh688777,中控技术,2025-09-17 10:02:51,51.51,16000,51.51,D
sh688777,中控技术,2025-09-17 10:03:00,51.5,5200,51.5,D
sh688777,中控技术,2025-09-17 10:03:03,51.5,31984,51.5,D
sh688777,中控技术,2025-09-17 10:03:06,51.5,10090,51.5,D
sh688777,中控技术,2025-09-17 10:03:09,51.51,5763,51.5,U
sh688777,中控技术,2025-09-17 10:03:12,51.52,12274,51.51,U
sh688777,中控技术,2025-09-17 10:03:27,51.53,12612,51.57,D
sh688777,中控技术,2025-09-17 10:03:54,51.51,4200,51.53,D
sh688777,中控技术,2025-09-17 10:04:33,51.55,5000,51.56,D
sh688777,中控技术,2025-09-17 10:04:42,51.6,7738,51.57,U
sh688777,中控技术,2025-09-17 10:04:48,51.62,4100,51.6,U
sh688777,中控技术,2025-09-17 10:04:54,51.62,4752,51.62,D
sh688777,中控技术,2025-09-17 10:05:36,51.6,5048,51.61,D
sh688777,中控技术,2025-09-17 10:05:39,51.56,16783,51.6,D
sh688777,中控技术,2025-09-17 10:05:51,51.58,4300,51.6,D
sh688777,中控技术,2025-09-17 10:05:57,51.6,88716,51.57,U
sh688777,中控技术,2025-09-17 10:06:00,51.62,40762,51.6,U
sh688777,中控技术,2025-09-17 10:06:06,51.67,6351,51.62,U
sh688777,中控技术,2025-09-17 10:06:09,51.67,4521,51.67,U
sh688777,中控技术,2025-09-17 10:06:24,51.65,3894,51.65,U
sh688777,中控技术,2025-09-17 10:06:27,51.65,4434,51.65,E
sh688777,中控技术,2025-09-17 10:06:36,51.64,5495,51.64,U
sh688777,中控技术,2025-09-17 10:06:45,51.62,6251,51.64,D
sh688777,中控技术,2025-09-17 10:07:00,51.64,5982,51.61,U
sh688777,中控技术,2025-09-17 10:07:06,51.64,9028,51.64,U
sh688777,中控技术,2025-09-17 10:07:09,51.64,10340,51.64,U
sh688777,中控技术,2025-09-17 10:07:30,51.53,21972,51.56,D
sh688777,中控技术,2025-09-17 10:07:36,51.52,3900,51.55,D
sh688777,中控技术,2025-09-17 10:07:42,51.52,9439,51.52,D
sh688777,中控技术,2025-09-17 10:07:45,51.55,8328,51.52,U
sh688777,中控技术,2025-09-17 10:07:48,51.51,4750,51.55,D
sh688777,中控技术,2025-09-17 10:07:54,51.5,12334,51.52,D
sh688777,中控技术,2025-09-17 10:07:57,51.5,62512,51.5,D
sh688777,中控技术,2025-09-17 10:08:00,51.5,4816,51.5,U
sh688777,中控技术,2025-09-17 10:08:06,51.46,21559,51.49,D
sh688777,中控技术,2025-09-17 10:08:09,51.46,29250,51.46,D
sh688777,中控技术,2025-09-17 10:08:12,51.46,7000,51.46,D
sh688777,中控技术,2025-09-17 10:08:18,51.53,27304,51.47,U
sh688777,中控技术,2025-09-17 10:08:33,51.53,5721,51.51,E
sh688777,中控技术,2025-09-17 10:08:54,51.47,33221,51.51,D
sh688777,中控技术,2025-09-17 10:09:06,51.47,5098,51.5,D
sh688777,中控技术,2025-09-17 10:09:15,51.48,4072,51.49,D
sh688777,中控技术,2025-09-17 10:09:21,51.47,9849,51.48,D
sh688777,中控技术,2025-09-17 10:09:27,51.47,12195,51.48,D
sh688777,中控技术,2025-09-17 10:09:42,51.48,5300,51.48,D
sh688777,中控技术,2025-09-17 10:09:48,51.48,6738,51.48,D
sh688777,中控技术,2025-09-17 10:09:51,51.48,11348,51.48,D
sh688777,中控技术,2025-09-17 10:09:54,51.46,114799,51.48,D
sh688777,中控技术,2025-09-17 10:09:57,51.45,36418,51.46,D
sh688777,中控技术,2025-09-17 10:10:03,51.41,22922,51.43,D
sh688777,中控技术,2025-09-17 10:10:06,51.49,24595,51.41,U
sh688777,中控技术,2025-09-17 10:10:15,51.36,4100,51.41,D
sh688777,中控技术,2025-09-17 10:10:18,51.48,5876,51.36,U
sh688777,中控技术,2025-09-17 10:10:27,51.43,5352,51.43,D
sh688777,中控技术,2025-09-17 10:10:48,51.42,6574,51.43,D
sh688777,中控技术,2025-09-17 10:10:51,51.42,4200,51.42,D
sh688777,中控技术,2025-09-17 10:10:54,51.42,6067,51.42,U
sh688777,中控技术,2025-09-17 10:11:00,51.42,31601,51.42,D
sh688777,中控技术,2025-09-17 10:11:12,51.46,4800,51.42,U
sh688777,中控技术,2025-09-17 10:11:15,51.47,33691,51.46,U
sh688777,中控技术,2025-09-17 10:11:27,51.46,16668,51.48,D
sh688777,中控技术,2025-09-17 10:11:36,51.5,10745,51.48,U
sh688777,中控技术,2025-09-17 10:11:39,51.5,7337,51.5,U
sh688777,中控技术,2025-09-17 10:11:42,51.52,5115,51.5,U
sh688777,中控技术,2025-09-17 10:11:48,51.53,4891,51.52,U
sh688777,中控技术,2025-09-17 10:11:54,51.55,7356,51.53,U
sh688777,中控技术,2025-09-17 10:12:15,51.53,7824,51.53,U
sh688777,中控技术,2025-09-17 10:12:39,51.47,4821,51.5,D
sh688777,中控技术,2025-09-17 10:12:45,51.5,10683,51.47,U
sh688777,中控技术,2025-09-17 10:13:06,51.49,21103,51.48,U
sh688777,中控技术,2025-09-17 10:13:27,51.49,5891,51.47,U
sh688777,中控技术,2025-09-17 10:13:51,51.42,11114,51.44,D
sh688777,中控技术,2025-09-17 10:14:03,51.51,73721,51.45,U
sh688777,中控技术,2025-09-17 10:14:06,51.53,16705,51.51,U
sh688777,中控技术,2025-09-17 10:14:09,51.52,10978,51.53,D
sh688777,中控技术,2025-09-17 10:14:30,51.52,4930,51.53,D
sh688777,中控技术,2025-09-17 10:15:12,51.52,4905,51.53,D
sh688777,中控技术,2025-09-17 10:15:18,51.5,4176,51.5,D
sh688777,中控技术,2025-09-17 10:15:30,51.63,65544,51.53,U
sh688777,中控技术,2025-09-17 10:15:36,51.67,8036,51.63,U
sh688777,中控技术,2025-09-17 10:15:39,51.74,16097,51.67,U
sh688777,中控技术,2025-09-17 10:15:48,51.75,7158,51.68,U
sh688777,中控技术,2025-09-17 10:16:00,51.77,4000,51.77,U
sh688777,中控技术,2025-09-17 10:16:03,51.77,10000,51.77,D
sh688777,中控技术,2025-09-17 10:16:06,51.76,10946,51.77,D
sh688777,中控技术,2025-09-17 10:16:09,51.78,38031,51.76,U
sh688777,中控技术,2025-09-17 10:16:12,51.75,4097,51.78,D
sh688777,中控技术,2025-09-17 10:16:15,51.75,4475,51.75,U
sh688777,中控技术,2025-09-17 10:16:27,51.73,9732,51.74,D
sh688777,中控技术,2025-09-17 10:16:33,51.77,4781,51.74,U
sh688777,中控技术,2025-09-17 10:16:42,51.78,5152,51.78,U
sh688777,中控技术,2025-09-17 10:16:51,51.76,4028,51.75,E
sh688777,中控技术,2025-09-17 10:16:57,51.74,8203,51.75,D
sh688777,中控技术,2025-09-17 10:17:00,51.76,6623,51.74,U
sh688777,中控技术,2025-09-17 10:17:03,51.76,8177,51.76,D
sh688777,中控技术,2025-09-17 10:17:21,51.79,23034,51.75,U
sh688777,中控技术,2025-09-17 10:17:24,51.79,11435,51.79,U
sh688777,中控技术,2025-09-17 10:17:45,51.85,43884,51.8,U
sh688777,中控技术,2025-09-17 10:17:54,51.83,6200,51.85,D
sh688777,中控技术,2025-09-17 10:17:57,51.76,40787,51.83,D
sh688777,中控技术,2025-09-17 10:18:00,51.83,18978,51.76,U
sh688777,中控技术,2025-09-17 10:18:12,51.84,9924,51.84,D
sh688777,中控技术,2025-09-17 10:18:21,51.82,25840,51.79,E
sh688777,中控技术,2025-09-17 10:19:06,51.73,6030,51.74,D
sh688777,中控技术,2025-09-17 10:19:12,51.77,4479,51.76,U
sh688777,中控技术,2025-09-17 10:19:18,51.75,8530,51.78,D
sh688777,中控技术,2025-09-17 10:19:27,51.74,4087,51.78,D
sh688777,中控技术,2025-09-17 10:20:18,51.75,17059,51.75,D
sh688777,中控技术,2025-09-17 10:20:21,51.74,17150,51.75,D
sh688777,中控技术,2025-09-17 10:20:45,51.69,4475,51.72,E
sh688777,中控技术,2025-09-17 10:20:54,51.72,6200,51.72,U
sh688777,中控技术,2025-09-17 10:21:09,51.7,28330,51.7,E
sh688777,中控技术,2025-09-17 10:21:12,51.7,15473,51.7,D
sh688777,中控技术,2025-09-17 10:21:15,51.68,3949,51.7,E
sh688777,中控技术,2025-09-17 10:21:48,51.61,7070,51.62,E
sh688777,中控技术,2025-09-17 10:21:51,51.6,13175,51.61,D
sh688777,中控技术,2025-09-17 10:22:24,51.6,22474,51.55,U
sh688777,中控技术,2025-09-17 10:22:30,51.58,4000,51.59,D
sh688777,中控技术,2025-09-17 10:23:03,51.51,5376,51.53,D
sh688777,中控技术,2025-09-17 10:23:15,51.55,4608,51.55,U
sh688777,中控技术,2025-09-17 10:23:27,51.6,16334,51.53,U
sh688777,中控技术,2025-09-17 10:23:30,51.64,15004,51.6,U
sh688777,中控技术,2025-09-17 10:23:33,51.58,4350,51.64,D
sh688777,中控技术,2025-09-17 10:23:42,51.64,4188,51.59,U
sh688777,中控技术,2025-09-17 10:23:54,51.6,17000,51.6,U
sh688777,中控技术,2025-09-17 10:24:18,51.6,9364,51.57,U
sh688777,中控技术,2025-09-17 10:24:51,51.68,5371,51.65,U
sh688777,中控技术,2025-09-17 10:25:06,51.61,4338,51.6,U
sh688777,中控技术,2025-09-17 10:25:27,51.53,35369,51.53,D
sh688777,中控技术,2025-09-17 10:25:42,51.46,11470,51.51,D
sh688777,中控技术,2025-09-17 10:25:45,51.44,3902,51.46,D
sh688777,中控技术,2025-09-17 10:25:48,51.41,5767,51.44,D
sh688777,中控技术,2025-09-17 10:25:57,51.41,7295,51.44,D
sh688777,中控技术,2025-09-17 10:26:06,51.42,6336,51.42,D
sh688777,中控技术,2025-09-17 10:26:27,51.43,16173,51.53,D
sh688777,中控技术,2025-09-17 10:26:33,51.43,5174,51.46,D
sh688777,中控技术,2025-09-17 10:26:36,51.53,36336,51.43,U
sh688777,中控技术,2025-09-17 10:27:21,51.46,4600,51.46,D
sh688777,中控技术,2025-09-17 10:27:30,51.45,7661,51.45,U
sh688777,中控技术,2025-09-17 10:27:45,51.44,3990,51.44,D
sh688777,中控技术,2025-09-17 10:27:48,51.44,4489,51.44,U
sh688777,中控技术,2025-09-17 10:27:51,51.42,7689,51.44,D
sh688777,中控技术,2025-09-17 10:28:03,51.42,20365,51.44,D
sh688777,中控技术,2025-09-17 10:28:06,51.45,12244,51.42,U
sh688777,中控技术,2025-09-17 10:28:09,51.45,19863,51.45,U
sh688777,中控技术,2025-09-17 10:28:12,51.48,27578,51.45,U
sh688777,中控技术,2025-09-17 10:28:27,51.47,5500,51.45,U
sh688777,中控技术,2025-09-17 10:28:30,51.47,5197,51.47,U
sh688777,中控技术,2025-09-17 10:28:39,51.48,21200,51.45,U
sh688777,中控技术,2025-09-17 10:29:12,51.45,5141,51.46,D
sh688777,中控技术,2025-09-17 10:29:15,51.43,4782,51.45,D
sh688777,中控技术,2025-09-17 10:29:27,51.42,8007,51.43,D
sh688777,中控技术,2025-09-17 10:29:36,51.44,4600,51.42,U
sh688777,中控技术,2025-09-17 10:29:45,51.41,5232,51.42,D
sh688777,中控技术,2025-09-17 10:29:51,51.43,22500,51.41,U
sh688777,中控技术,2025-09-17 10:30:03,51.37,57615,51.41,D
sh688777,中控技术,2025-09-17 10:30:15,51.36,19016,51.37,D
sh688777,中控技术,2025-09-17 10:30:18,51.35,12984,51.36,D
sh688777,中控技术,2025-09-17 10:30:21,51.35,20391,51.35,E
sh688777,中控技术,2025-09-17 10:30:30,51.36,16764,51.36,U
sh688777,中控技术,2025-09-17 10:30:45,51.35,4544,51.36,D
sh688777,中控技术,2025-09-17 10:30:51,51.41,12608,51.35,U
sh688777,中控技术,2025-09-17 10:31:06,51.36,11000,51.36,D
sh688777,中控技术,2025-09-17 10:31:12,51.41,22485,51.37,U
sh688777,中控技术,2025-09-17 10:31:30,51.4,12775,51.4,D
sh688777,中控技术,2025-09-17 10:31:39,51.41,21993,51.4,E
sh688777,中控技术,2025-09-17 10:31:51,51.43,4182,51.46,D
sh688777,中控技术,2025-09-17 10:32:03,51.52,13492,51.47,U
sh688777,中控技术,2025-09-17 10:32:42,51.5,10755,51.44,U
sh688777,中控技术,2025-09-17 10:33:00,51.5,17030,51.5,U
sh688777,中控技术,2025-09-17 10:33:21,51.46,14158,51.5,D
sh688777,中控技术,2025-09-17 10:33:33,51.48,6780,51.5,D
sh688777,中控技术,2025-09-17 10:34:03,51.47,11091,51.48,D
sh688777,中控技术,2025-09-17 10:34:15,51.45,3932,51.47,D
sh688777,中控技术,2025-09-17 10:34:21,51.43,4000,51.45,D
sh688777,中控技术,2025-09-17 10:34:24,51.41,5935,51.43,D
sh688777,中控技术,2025-09-17 10:34:27,51.42,4591,51.41,U
sh688777,中控技术,2025-09-17 10:34:39,51.4,4050,51.41,D
sh688777,中控技术,2025-09-17 10:34:42,51.42,4181,51.4,U
sh688777,中控技术,2025-09-17 10:34:54,51.41,4952,51.42,D
sh688777,中控技术,2025-09-17 10:35:03,51.4,20698,51.41,D
sh688777,中控技术,2025-09-17 10:35:06,51.42,4000,51.4,U
sh688777,中控技术,2025-09-17 10:35:12,51.42,4606,51.4,U
sh688777,中控技术,2025-09-17 10:35:15,51.4,12213,51.42,D
sh688777,中控技术,2025-09-17 10:35:33,51.42,4530,51.41,U
sh688777,中控技术,2025-09-17 10:35:36,51.41,6287,51.42,D
sh688777,中控技术,2025-09-17 10:36:27,51.41,8866,51.45,D
sh688777,中控技术,2025-09-17 10:36:30,51.48,5506,51.41,U
sh688777,中控技术,2025-09-17 10:36:36,51.45,4200,51.48,D
sh688777,中控技术,2025-09-17 10:37:24,51.47,9951,51.43,U
sh688777,中控技术,2025-09-17 10:37:30,51.47,4849,51.47,D
sh688777,中控技术,2025-09-17 10:37:33,51.42,7282,51.47,D
sh688777,中控技术,2025-09-17 10:37:39,51.41,5833,51.42,D
sh688777,中控技术,2025-09-17 10:37:54,51.42,7585,51.42,U
sh688777,中控技术,2025-09-17 10:38:57,51.42,7589,51.45,D
sh688777,中控技术,2025-09-17 10:39:00,51.42,5685,51.42,U
sh688777,中控技术,2025-09-17 10:40:00,51.5,4272,51.51,D
sh688777,中控技术,2025-09-17 10:40:33,51.45,5000,51.44,D
sh688777,中控技术,2025-09-17 10:40:42,51.47,4528,51.47,U
sh688777,中控技术,2025-09-17 10:41:12,51.44,4200,51.46,D
sh688777,中控技术,2025-09-17 10:41:30,51.44,5296,51.43,U
sh688777,中控技术,2025-09-17 10:42:03,51.41,10200,51.42,D
sh688777,中控技术,2025-09-17 10:42:06,51.46,11210,51.41,U
sh688777,中控技术,2025-09-17 10:42:09,51.46,4100,51.46,U
sh688777,中控技术,2025-09-17 10:43:15,51.41,5042,51.41,D
sh688777,中控技术,2025-09-17 10:43:21,51.4,9873,51.4,D
sh688777,中控技术,2025-09-17 10:43:30,51.38,11973,51.39,D
sh688777,中控技术,2025-09-17 10:43:42,51.38,6860,51.38,D
sh688777,中控技术,2025-09-17 10:43:45,51.38,4217,51.38,D
sh688777,中控技术,2025-09-17 10:43:57,51.37,5742,51.37,D
sh688777,中控技术,2025-09-17 10:44:06,51.35,5184,51.36,D
sh688777,中控技术,2025-09-17 10:44:33,51.35,6240,51.34,U
sh688777,中控技术,2025-09-17 10:44:54,51.34,3906,51.35,D
sh688777,中控技术,2025-09-17 10:45:12,51.33,15535,51.34,D
sh688777,中控技术,2025-09-17 10:45:21,51.32,16624,51.33,D
sh688777,中控技术,2025-09-17 10:45:27,51.34,4555,51.38,D
sh688777,中控技术,2025-09-17 10:46:03,51.36,4415,51.38,D
sh688777,中控技术,2025-09-17 10:46:12,51.36,4282,51.38,D
sh688777,中控技术,2025-09-17 10:46:18,51.4,9347,51.38,U
sh688777,中控技术,2025-09-17 10:46:24,51.38,10000,51.4,D
sh688777,中控技术,2025-09-17 10:46:48,51.43,8877,51.43,U
sh688777,中控技术,2025-09-17 10:48:03,51.48,5000,51.52,D
sh688777,中控技术,2025-09-17 10:49:00,51.4,10000,51.49,D
sh688777,中控技术,2025-09-17 10:50:42,51.43,4350,51.49,D
sh688777,中控技术,2025-09-17 10:50:45,51.5,4317,51.43,U
sh688777,中控技术,2025-09-17 10:51:42,51.5,4346,51.5,D
sh688777,中控技术,2025-09-17 10:51:54,51.53,8272,51.51,U
sh688777,中控技术,2025-09-17 10:52:15,51.48,5000,51.48,D
sh688777,中控技术,2025-09-17 10:53:36,51.49,6749,51.47,U
sh688777,中控技术,2025-09-17 10:54:09,51.48,8946,51.5,D
sh688777,中控技术,2025-09-17 10:54:30,51.45,21461,51.47,D
sh688777,中控技术,2025-09-17 10:54:33,51.45,15552,51.45,U
sh688777,中控技术,2025-09-17 10:55:09,51.46,7077,51.46,U
sh688777,中控技术,2025-09-17 10:55:18,51.46,32893,51.47,D
sh688777,中控技术,2025-09-17 10:55:51,51.47,28371,51.46,U
sh688777,中控技术,2025-09-17 10:55:54,51.51,14693,51.47,U
sh688777,中控技术,2025-09-17 10:55:57,51.45,3976,51.51,D
sh688777,中控技术,2025-09-17 10:56:15,51.48,4889,51.52,D
sh688777,中控技术,2025-09-17 10:56:18,51.48,5411,51.48,U
sh688777,中控技术,2025-09-17 10:56:27,51.5,13675,51.5,U
sh688777,中控技术,2025-09-17 10:56:30,51.51,4838,51.5,U
sh688777,中控技术,2025-09-17 10:57:09,51.5,14976,51.5,U
sh688777,中控技术,2025-09-17 10:58:03,51.49,5840,51.5,D
sh688777,中控技术,2025-09-17 10:58:42,51.5,6100,51.49,U
sh688777,中控技术,2025-09-17 10:59:03,51.58,64007,51.5,U
sh688777,中控技术,2025-09-17 10:59:09,51.58,11451,51.58,U
sh688777,中控技术,2025-09-17 10:59:48,51.62,5000,51.62,U
sh688777,中控技术,2025-09-17 11:00:48,51.56,5200,51.56,U
sh688777,中控技术,2025-09-17 11:01:30,51.61,6100,51.6,U
sh688777,中控技术,2025-09-17 11:01:48,51.52,6700,51.54,D
sh688777,中控技术,2025-09-17 11:03:00,51.58,4210,51.51,U
sh688777,中控技术,2025-09-17 11:03:21,51.6,4721,51.55,U
sh688777,中控技术,2025-09-17 11:03:36,51.53,5000,51.52,D
sh688777,中控技术,2025-09-17 11:04:15,51.6,4158,51.58,U
sh688777,中控技术,2025-09-17 11:04:36,51.59,14127,51.6,D
sh688777,中控技术,2025-09-17 11:04:45,51.6,14064,51.6,U
sh688777,中控技术,2025-09-17 11:04:54,51.62,5200,51.6,U
sh688777,中控技术,2025-09-17 11:05:03,51.62,17470,51.62,U
sh688777,中控技术,2025-09-17 11:05:09,51.66,14416,51.63,U
sh688777,中控技术,2025-09-17 11:05:18,51.68,11847,51.68,U
sh688777,中控技术,2025-09-17 11:05:48,51.7,16780,51.69,U
sh688777,中控技术,2025-09-17 11:06:06,51.69,8800,51.67,U
sh688777,中控技术,2025-09-17 11:06:12,51.69,5500,51.69,U
sh688777,中控技术,2025-09-17 11:06:24,51.69,4000,51.7,D
sh688777,中控技术,2025-09-17 11:06:30,51.68,15248,51.7,D
sh688777,中控技术,2025-09-17 11:06:39,51.68,5401,51.68,U
sh688777,中控技术,2025-09-17 11:06:42,51.67,18951,51.68,D
sh688777,中控技术,2025-09-17 11:06:45,51.64,32049,51.67,D
sh688777,中控技术,2025-09-17 11:07:15,51.63,10745,51.62,U
sh688777,中控技术,2025-09-17 11:07:30,51.63,8712,51.66,D
sh688777,中控技术,2025-09-17 11:07:57,51.64,3900,51.65,D
sh688777,中控技术,2025-09-17 11:08:39,51.6,5365,51.6,D
sh688777,中控技术,2025-09-17 11:08:54,51.58,3919,51.58,D
sh688777,中控技术,2025-09-17 11:08:57,51.6,8838,51.58,U
sh688777,中控技术,2025-09-17 11:10:51,51.6,8376,51.61,D
sh688777,中控技术,2025-09-17 11:11:15,51.59,5550,51.6,D
sh688777,中控技术,2025-09-17 11:11:54,51.59,3957,51.57,U
sh688777,中控技术,2025-09-17 11:12:00,51.59,10043,51.59,D
sh688777,中控技术,2025-09-17 11:13:00,51.54,4326,51.54,U
sh688777,中控技术,2025-09-17 11:13:06,51.56,9564,51.54,U
sh688777,中控技术,2025-09-17 11:14:06,51.57,4462,51.57,U
sh688777,中控技术,2025-09-17 11:14:12,51.61,22907,51.57,U
sh688777,中控技术,2025-09-17 11:14:48,51.65,4283,51.62,U
sh688777,中控技术,2025-09-17 11:15:12,51.64,5012,51.62,U
sh688777,中控技术,2025-09-17 11:15:15,51.63,9793,51.64,D
sh688777,中控技术,2025-09-17 11:15:54,51.61,6145,51.65,D
sh688777,中控技术,2025-09-17 11:16:36,51.57,7580,51.55,U
sh688777,中控技术,2025-09-17 11:17:21,51.56,4644,51.6,D
sh688777,中控技术,2025-09-17 11:18:00,51.6,13245,51.6,U
sh688777,中控技术,2025-09-17 11:18:03,51.62,23748,51.6,U
sh688777,中控技术,2025-09-17 11:18:09,51.64,5423,51.65,D
sh688777,中控技术,2025-09-17 11:18:36,51.71,53706,51.65,U
sh688777,中控技术,2025-09-17 11:18:39,51.74,11880,51.71,U
sh688777,中控技术,2025-09-17 11:18:57,51.75,6177,51.76,D
sh688777,中控技术,2025-09-17 11:19:12,51.71,4041,51.72,E
sh688777,中控技术,2025-09-17 11:20:09,51.65,28432,51.69,D
sh688777,中控技术,2025-09-17 11:20:33,51.68,6317,51.67,U
sh688777,中控技术,2025-09-17 11:21:00,51.68,9484,51.66,U
sh688777,中控技术,2025-09-17 11:21:03,51.67,22267,51.68,E
sh688777,中控技术,2025-09-17 11:21:12,51.7,29682,51.69,U
sh688777,中控技术,2025-09-17 11:21:24,51.69,12060,51.72,D
sh688777,中控技术,2025-09-17 11:21:45,51.7,5287,51.7,U
sh688777,中控技术,2025-09-17 11:22:09,51.69,5003,51.68,U
sh688777,中控技术,2025-09-17 11:22:12,51.69,9418,51.69,E
sh688777,中控技术,2025-09-17 11:22:27,51.72,23028,51.7,U
sh688777,中控技术,2025-09-17 11:22:33,51.78,4514,51.77,U
sh688777,中控技术,2025-09-17 11:22:42,51.78,8262,51.74,U
sh688777,中控技术,2025-09-17 11:23:03,51.74,7156,51.75,D
sh688777,中控技术,2025-09-17 11:23:06,51.73,5160,51.74,D
sh688777,中控技术,2025-09-17 11:23:09,51.66,21555,51.73,D
sh688777,中控技术,2025-09-17 11:23:12,51.65,7864,51.66,E
sh688777,中控技术,2025-09-17 11:23:27,51.65,6200,51.66,D
sh688777,中控技术,2025-09-17 11:23:48,51.7,7146,51.67,U
sh688777,中控技术,2025-09-17 11:23:51,51.75,90210,51.7,U
sh688777,中控技术,2025-09-17 11:23:54,51.75,4365,51.75,U
sh688777,中控技术,2025-09-17 11:24:27,51.68,4664,51.68,D
sh688777,中控技术,2025-09-17 11:25:21,51.62,12679,51.65,D
sh688777,中控技术,2025-09-17 11:25:24,51.6,7885,51.62,D
sh688777,中控技术,2025-09-17 11:25:54,51.56,10200,51.59,D
sh688777,中控技术,2025-09-17 11:26:03,51.58,4800,51.56,E
sh688777,中控技术,2025-09-17 11:27:06,51.6,4795,51.6,U
sh688777,中控技术,2025-09-17 11:27:09,51.57,9395,51.6,D
sh688777,中控技术,2025-09-17 11:28:12,51.65,8535,51.66,E
sh688777,中控技术,2025-09-17 11:29:12,51.61,8465,51.64,E
sh688777,中控技术,2025-09-17 11:29:18,51.64,7287,51.61,U
sh688777,中控技术,2025-09-17 11:29:54,51.64,4553,51.63,U
sh688777,中控技术,2025-09-17 13:00:06,51.64,5437,51.61,U
sh688777,中控技术,2025-09-17 13:00:09,51.67,15404,51.64,U
sh688777,中控技术,2025-09-17 13:00:12,51.64,10060,51.67,E
sh688777,中控技术,2025-09-17 13:00:15,51.64,11751,51.64,U
sh688777,中控技术,2025-09-17 13:00:21,51.64,13694,51.64,U
sh688777,中控技术,2025-09-17 13:00:27,51.68,10192,51.67,U
sh688777,中控技术,2025-09-17 13:00:30,51.68,10481,51.68,U
sh688777,中控技术,2025-09-17 13:01:21,51.7,5797,51.71,D
sh688777,中控技术,2025-09-17 13:01:24,51.66,8215,51.7,D
sh688777,中控技术,2025-09-17 13:01:27,51.62,4658,51.66,D
sh688777,中控技术,2025-09-17 13:01:51,51.62,4134,51.63,D
sh688777,中控技术,2025-09-17 13:01:54,51.61,5062,51.62,D
sh688777,中控技术,2025-09-17 13:02:15,51.59,5715,51.62,D
sh688777,中控技术,2025-09-17 13:03:03,51.62,4914,51.6,U
sh688777,中控技术,2025-09-17 13:03:06,51.62,7613,51.62,U
sh688777,中控技术,2025-09-17 13:03:30,51.62,8685,51.64,D
sh688777,中控技术,2025-09-17 13:04:21,51.61,6714,51.61,D
sh688777,中控技术,2025-09-17 13:04:36,51.58,11923,51.6,D
sh688777,中控技术,2025-09-17 13:06:12,51.59,6059,51.59,U
sh688777,中控技术,2025-09-17 13:06:15,51.58,4700,51.59,D
sh688777,中控技术,2025-09-17 13:06:18,51.57,13852,51.58,D
sh688777,中控技术,2025-09-17 13:06:24,51.56,4000,51.58,D
sh688777,中控技术,2025-09-17 13:06:27,51.57,8034,51.56,E
sh688777,中控技术,2025-09-17 13:07:00,51.53,8000,51.55,D
sh688777,中控技术,2025-09-17 13:07:21,51.52,7764,51.54,D
sh688777,中控技术,2025-09-17 13:07:24,51.51,7267,51.52,D
sh688777,中控技术,2025-09-17 13:07:27,51.5,7228,51.51,D
sh688777,中控技术,2025-09-17 13:07:33,51.5,4500,51.49,U
sh688777,中控技术,2025-09-17 13:08:18,51.56,5846,51.53,U
sh688777,中控技术,2025-09-17 13:08:21,51.51,4389,51.56,D
sh688777,中控技术,2025-09-17 13:08:27,51.51,7653,51.56,D
sh688777,中控技术,2025-09-17 13:08:33,51.5,4365,51.56,D
sh688777,中控技术,2025-09-17 13:08:42,51.49,10900,51.51,D
sh688777,中控技术,2025-09-17 13:08:45,51.49,4755,51.49,D
sh688777,中控技术,2025-09-17 13:08:48,51.49,15017,51.49,U
sh688777,中控技术,2025-09-17 13:08:54,51.49,11800,51.51,D
sh688777,中控技术,2025-09-17 13:09:06,51.48,33992,51.49,D
sh688777,中控技术,2025-09-17 13:09:15,51.48,19698,51.48,D
sh688777,中控技术,2025-09-17 13:09:21,51.48,7750,51.46,U
sh688777,中控技术,2025-09-17 13:09:24,51.46,9537,51.48,D
sh688777,中控技术,2025-09-17 13:09:33,51.47,4080,51.46,E
sh688777,中控技术,2025-09-17 13:09:54,51.48,6680,51.46,U
sh688777,中控技术,2025-09-17 13:09:57,51.46,10000,51.48,D
sh688777,中控技术,2025-09-17 13:10:36,51.48,6847,51.48,D
sh688777,中控技术,2025-09-17 13:10:54,51.49,9011,51.49,U
sh688777,中控技术,2025-09-17 13:10:57,51.49,9829,51.49,U
sh688777,中控技术,2025-09-17 13:11:39,51.49,4500,51.49,D
sh688777,中控技术,2025-09-17 13:11:57,51.55,9500,51.55,U
sh688777,中控技术,2025-09-17 13:12:36,51.55,4316,51.55,U
sh688777,中控技术,2025-09-17 13:12:48,51.51,4829,51.52,D
sh688777,中控技术,2025-09-17 13:13:06,51.51,4448,51.5,D
sh688777,中控技术,2025-09-17 13:13:18,51.53,5970,51.51,U
sh688777,中控技术,2025-09-17 13:13:30,51.52,14700,51.51,U
sh688777,中控技术,2025-09-17 13:13:39,51.49,10676,51.52,D
sh688777,中控技术,2025-09-17 13:13:51,51.49,6391,51.52,D
sh688777,中控技术,2025-09-17 13:13:57,51.45,49498,51.49,D
sh688777,中控技术,2025-09-17 13:14:00,51.45,4750,51.45,U
sh688777,中控技术,2025-09-17 13:14:18,51.49,11789,51.49,U
sh688777,中控技术,2025-09-17 13:14:24,51.52,5344,51.49,U
sh688777,中控技术,2025-09-17 13:14:27,51.49,5686,51.52,D
sh688777,中控技术,2025-09-17 13:14:39,51.46,13300,51.5,D
sh688777,中控技术,2025-09-17 13:15:09,51.51,41646,51.51,U
sh688777,中控技术,2025-09-17 13:15:36,51.5,4100,51.5,U
sh688777,中控技术,2025-09-17 13:15:51,51.46,9181,51.48,D
sh688777,中控技术,2025-09-17 13:16:06,51.46,35740,51.46,U
sh688777,中控技术,2025-09-17 13:16:42,51.44,10292,51.47,D
sh688777,中控技术,2025-09-17 13:17:21,51.45,5178,51.42,U
sh688777,中控技术,2025-09-17 13:17:24,51.45,10700,51.45,U
sh688777,中控技术,2025-09-17 13:17:30,51.43,14700,51.46,D
sh688777,中控技术,2025-09-17 13:17:45,51.45,18003,51.45,U
sh688777,中控技术,2025-09-17 13:17:57,51.45,4527,51.5,D
sh688777,中控技术,2025-09-17 13:18:09,51.47,8928,51.48,D
sh688777,中控技术,2025-09-17 13:18:18,51.47,4152,51.47,U
sh688777,中控技术,2025-09-17 13:18:54,51.5,10062,51.5,U
sh688777,中控技术,2025-09-17 13:19:00,51.52,9612,51.51,U
sh688777,中控技术,2025-09-17 13:19:03,51.52,5732,51.52,U
sh688777,中控技术,2025-09-17 13:19:06,51.54,4713,51.52,U
sh688777,中控技术,2025-09-17 13:19:54,51.53,23419,51.53,D
sh688777,中控技术,2025-09-17 13:20:18,51.58,7695,51.56,U
sh688777,中控技术,2025-09-17 13:20:54,51.53,14152,51.51,U
sh688777,中控技术,2025-09-17 13:21:45,51.61,9616,51.61,U
sh688777,中控技术,2025-09-17 13:21:48,51.6,4530,51.61,D
sh688777,中控技术,2025-09-17 13:21:54,51.6,4380,51.6,D
sh688777,中控技术,2025-09-17 13:21:57,51.64,15060,51.6,U
sh688777,中控技术,2025-09-17 13:22:21,51.63,4161,51.63,U
sh688777,中控技术,2025-09-17 13:22:27,51.62,8633,51.63,D
sh688777,中控技术,2025-09-17 13:23:12,51.6,38747,51.61,D
sh688777,中控技术,2025-09-17 13:24:00,51.54,4129,51.56,D
sh688777,中控技术,2025-09-17 13:24:18,51.54,8597,51.54,D
sh688777,中控技术,2025-09-17 13:24:39,51.53,12111,51.54,D
sh688777,中控技术,2025-09-17 13:24:51,51.53,4832,51.54,D
sh688777,中控技术,2025-09-17 13:25:54,51.51,19638,51.53,D
sh688777,中控技术,2025-09-17 13:26:00,51.51,6600,51.51,D
sh688777,中控技术,2025-09-17 13:26:03,51.48,9211,51.51,D
sh688777,中控技术,2025-09-17 13:26:39,51.54,4506,51.51,U
sh688777,中控技术,2025-09-17 13:26:45,51.54,4900,51.54,U
sh688777,中控技术,2025-09-17 13:26:54,51.51,27053,51.51,D
sh688777,中控技术,2025-09-17 13:27:30,51.46,3952,51.48,D
sh688777,中控技术,2025-09-17 13:28:57,51.46,4058,51.46,D
sh688777,中控技术,2025-09-17 13:29:03,51.45,34577,51.46,D
sh688777,中控技术,2025-09-17 13:29:12,51.42,20391,51.43,D
sh688777,中控技术,2025-09-17 13:29:21,51.42,4640,51.42,D
sh688777,中控技术,2025-09-17 13:29:24,51.41,14172,51.42,D
sh688777,中控技术,2025-09-17 13:29:33,51.4,5058,51.4,D
sh688777,中控技术,2025-09-17 13:29:42,51.43,5029,51.4,U
sh688777,中控技术,2025-09-17 13:30:03,51.46,5314,51.42,U
sh688777,中控技术,2025-09-17 13:30:12,51.39,12000,51.42,D
sh688777,中控技术,2025-09-17 13:30:30,51.47,6819,51.46,U
sh688777,中控技术,2025-09-17 13:30:42,51.47,7126,51.46,U
sh688777,中控技术,2025-09-17 13:30:54,51.47,4123,51.48,D
sh688777,中控技术,2025-09-17 13:31:18,51.47,11763,51.47,U
sh688777,中控技术,2025-09-17 13:31:42,51.48,9308,51.48,U
sh688777,中控技术,2025-09-17 13:32:03,51.48,24655,51.48,D
sh688777,中控技术,2025-09-17 13:32:06,51.48,4880,51.48,U
sh688777,中控技术,2025-09-17 13:32:12,51.47,34998,51.46,U
sh688777,中控技术,2025-09-17 13:32:30,51.46,15374,51.46,D
sh688777,中控技术,2025-09-17 13:32:33,51.46,8308,51.46,D
sh688777,中控技术,2025-09-17 13:32:39,51.45,17747,51.46,D
sh688777,中控技术,2025-09-17 13:32:45,51.45,4706,51.45,D
sh688777,中控技术,2025-09-17 13:33:06,51.46,11782,51.42,U
sh688777,中控技术,2025-09-17 13:33:09,51.48,8364,51.46,U
sh688777,中控技术,2025-09-17 13:33:15,51.45,4123,51.48,E
sh688777,中控技术,2025-09-17 13:33:24,51.48,6265,51.48,U
sh688777,中控技术,2025-09-17 13:34:15,51.46,17373,51.46,D
sh688777,中控技术,2025-09-17 13:34:18,51.51,38061,51.46,U
sh688777,中控技术,2025-09-17 13:34:42,51.51,16366,51.51,U
sh688777,中控技术,2025-09-17 13:34:54,51.51,10000,51.53,D
sh688777,中控技术,2025-09-17 13:35:27,51.46,6404,51.48,D
sh688777,中控技术,2025-09-17 13:36:27,51.49,6383,51.49,D
sh688777,中控技术,2025-09-17 13:37:12,51.48,6845,51.49,D
sh688777,中控技术,2025-09-17 13:37:45,51.5,3900,51.49,U
sh688777,中控技术,2025-09-17 13:37:48,51.48,5325,51.5,D
sh688777,中控技术,2025-09-17 13:39:00,51.48,5010,51.47,U
sh688777,中控技术,2025-09-17 13:39:39,51.45,7487,51.46,D
sh688777,中控技术,2025-09-17 13:39:45,51.45,4713,51.45,U
sh688777,中控技术,2025-09-17 13:39:57,51.45,6200,51.45,D
sh688777,中控技术,2025-09-17 13:40:00,51.46,4807,51.45,U
sh688777,中控技术,2025-09-17 13:40:06,51.45,11025,51.46,D
sh688777,中控技术,2025-09-17 13:40:12,51.48,24053,51.46,U
sh688777,中控技术,2025-09-17 13:40:15,51.53,7325,51.48,U
sh688777,中控技术,2025-09-17 13:40:36,51.53,5979,51.53,U
sh688777,中控技术,2025-09-17 13:40:57,51.51,4114,51.51,U
sh688777,中控技术,2025-09-17 13:41:00,51.5,5622,51.51,D
sh688777,中控技术,2025-09-17 13:42:06,51.47,4761,51.49,D
sh688777,中控技术,2025-09-17 13:42:30,51.48,4500,51.46,U
sh688777,中控技术,2025-09-17 13:42:45,51.48,7300,51.5,D
sh688777,中控技术,2025-09-17 13:44:09,51.51,4299,51.5,U
sh688777,中控技术,2025-09-17 13:44:18,51.5,4274,51.51,D
sh688777,中控技术,2025-09-17 13:44:36,51.53,14003,51.5,U
sh688777,中控技术,2025-09-17 13:45:00,51.48,9416,51.51,D
sh688777,中控技术,2025-09-17 13:45:12,51.51,9366,51.51,U
sh688777,中控技术,2025-09-17 13:45:30,51.52,4761,51.52,U
sh688777,中控技术,2025-09-17 13:45:33,51.52,6529,51.52,U
sh688777,中控技术,2025-09-17 13:45:39,51.54,18575,51.52,U
sh688777,中控技术,2025-09-17 13:45:42,51.53,7553,51.54,D
sh688777,中控技术,2025-09-17 13:46:06,51.54,8000,51.53,U
sh688777,中控技术,2025-09-17 13:46:09,51.58,8078,51.54,U
sh688777,中控技术,2025-09-17 13:47:00,51.65,50200,51.55,U
sh688777,中控技术,2025-09-17 13:47:30,51.64,8913,51.65,D
sh688777,中控技术,2025-09-17 13:47:33,51.64,17621,51.64,D
sh688777,中控技术,2025-09-17 13:47:36,51.65,4400,51.64,U
sh688777,中控技术,2025-09-17 13:47:39,51.65,10800,51.65,U
sh688777,中控技术,2025-09-17 13:47:42,51.59,13803,51.65,D
sh688777,中控技术,2025-09-17 13:48:18,51.62,8200,51.62,U
sh688777,中控技术,2025-09-17 13:49:09,51.59,5638,51.61,D
sh688777,中控技术,2025-09-17 13:53:03,51.56,20458,51.56,U
sh688777,中控技术,2025-09-17 13:53:18,51.62,51023,51.58,U
sh688777,中控技术,2025-09-17 13:53:21,51.63,8798,51.62,U
sh688777,中控技术,2025-09-17 13:53:51,51.63,5433,51.62,U
sh688777,中控技术,2025-09-17 13:53:54,51.63,4000,51.63,U
sh688777,中控技术,2025-09-17 13:53:57,51.62,5788,51.63,D
sh688777,中控技术,2025-09-17 13:54:15,51.61,6808,51.58,U
sh688777,中控技术,2025-09-17 13:55:00,51.6,6710,51.61,D
sh688777,中控技术,2025-09-17 13:55:21,51.58,4800,51.59,D
sh688777,中控技术,2025-09-17 13:55:27,51.58,9858,51.6,D
sh688777,中控技术,2025-09-17 13:55:33,51.6,8547,51.6,U
sh688777,中控技术,2025-09-17 13:55:36,51.6,11385,51.6,U
sh688777,中控技术,2025-09-17 13:55:42,51.6,4187,51.6,D
sh688777,中控技术,2025-09-17 13:56:03,51.61,40559,51.6,U
sh688777,中控技术,2025-09-17 13:56:06,51.64,42443,51.61,U
sh688777,中控技术,2025-09-17 13:56:09,51.65,14974,51.64,U
sh688777,中控技术,2025-09-17 13:56:15,51.6,30914,51.65,D
sh688777,中控技术,2025-09-17 13:57:00,51.63,10470,51.64,D
sh688777,中控技术,2025-09-17 13:57:24,51.6,4050,51.62,D
sh688777,中控技术,2025-09-17 13:57:27,51.6,13320,51.6,D
sh688777,中控技术,2025-09-17 13:57:33,51.59,4855,51.59,D
sh688777,中控技术,2025-09-17 13:58:06,51.61,6458,51.6,U
sh688777,中控技术,2025-09-17 13:58:21,51.61,5257,51.62,D
sh688777,中控技术,2025-09-17 13:58:48,51.62,5682,51.62,D
sh688777,中控技术,2025-09-17 13:58:54,51.65,15450,51.62,U
sh688777,中控技术,2025-09-17 13:58:57,51.66,10343,51.65,U
sh688777,中控技术,2025-09-17 13:59:12,51.67,11746,51.64,U
sh688777,中控技术,2025-09-17 13:59:21,51.67,13253,51.67,U
sh688777,中控技术,2025-09-17 13:59:27,51.67,8200,51.67,U
sh688777,中控技术,2025-09-17 13:59:39,51.67,5829,51.67,U
sh688777,中控技术,2025-09-17 13:59:45,51.67,7578,51.67,U
sh688777,中控技术,2025-09-17 13:59:51,51.68,6429,51.67,U
sh688777,中控技术,2025-09-17 14:00:00,51.67,6623,51.67,U
sh688777,中控技术,2025-09-17 14:00:06,51.69,5796,51.67,U
sh688777,中控技术,2025-09-17 14:00:12,51.68,8106,51.68,U
sh688777,中控技术,2025-09-17 14:00:15,51.77,76277,51.68,U
sh688777,中控技术,2025-09-17 14:00:18,51.75,10697,51.77,D
sh688777,中控技术,2025-09-17 14:00:33,51.75,5614,51.77,D
sh688777,中控技术,2025-09-17 14:00:51,51.74,12200,51.75,D
sh688777,中控技术,2025-09-17 14:00:54,51.75,6157,51.74,U
sh688777,中控技术,2025-09-17 14:01:00,51.75,8689,51.72,U
sh688777,中控技术,2025-09-17 14:01:03,51.72,15682,51.75,D
sh688777,中控技术,2025-09-17 14:01:06,51.73,6440,51.72,U
sh688777,中控技术,2025-09-17 14:01:12,51.73,12748,51.72,U
sh688777,中控技术,2025-09-17 14:01:21,51.72,10826,51.72,D
sh688777,中控技术,2025-09-17 14:01:30,51.71,5435,51.72,D
sh688777,中控技术,2025-09-17 14:01:33,51.71,25325,51.71,D
sh688777,中控技术,2025-09-17 14:01:36,51.72,13534,51.71,U
sh688777,中控技术,2025-09-17 14:01:39,51.78,85945,51.72,U
sh688777,中控技术,2025-09-17 14:01:42,51.8,30285,51.78,U
sh688777,中控技术,2025-09-17 14:01:57,51.78,4317,51.78,D
sh688777,中控技术,2025-09-17 14:02:03,51.78,5154,51.78,U
sh688777,中控技术,2025-09-17 14:02:12,51.75,20836,51.77,D
sh688777,中控技术,2025-09-17 14:03:00,51.74,13559,51.74,U
sh688777,中控技术,2025-09-17 14:03:48,51.72,12770,51.7,U
sh688777,中控技术,2025-09-17 14:03:51,51.73,7963,51.72,U
sh688777,中控技术,2025-09-17 14:04:18,51.7,6245,51.72,D
sh688777,中控技术,2025-09-17 14:04:39,51.69,4826,51.69,D
sh688777,中控技术,2025-09-17 14:04:42,51.68,5862,51.69,D
sh688777,中控技术,2025-09-17 14:04:51,51.69,3874,51.68,U
sh688777,中控技术,2025-09-17 14:05:03,51.65,11104,51.66,D
sh688777,中控技术,2025-09-17 14:05:06,51.69,14036,51.65,U
sh688777,中控技术,2025-09-17 14:05:12,51.67,5680,51.69,D
sh688777,中控技术,2025-09-17 14:05:15,51.67,4226,51.67,U
sh688777,中控技术,2025-09-17 14:05:18,51.66,4760,51.67,D
sh688777,中控技术,2025-09-17 14:05:24,51.66,8619,51.67,U
sh688777,中控技术,2025-09-17 14:05:27,51.63,3961,51.66,D
sh688777,中控技术,2025-09-17 14:05:30,51.66,4318,51.63,U
sh688777,中控技术,2025-09-17 14:05:45,51.63,4283,51.65,D
sh688777,中控技术,2025-09-17 14:06:12,51.64,7460,51.63,U
sh688777,中控技术,2025-09-17 14:06:15,51.62,5000,51.64,D
sh688777,中控技术,2025-09-17 14:06:24,51.65,91918,51.63,U
sh688777,中控技术,2025-09-17 14:06:51,51.64,4030,51.65,D
sh688777,中控技术,2025-09-17 14:07:00,51.63,4113,51.64,D
sh688777,中控技术,2025-09-17 14:07:39,51.63,4483,51.64,D
sh688777,中控技术,2025-09-17 14:07:57,51.65,5316,51.63,U
sh688777,中控技术,2025-09-17 14:08:00,51.64,8298,51.65,E
sh688777,中控技术,2025-09-17 14:08:18,51.61,10000,51.62,D
sh688777,中控技术,2025-09-17 14:08:57,51.6,6200,51.6,D
sh688777,中控技术,2025-09-17 14:09:06,51.65,23624,51.61,U
sh688777,中控技术,2025-09-17 14:09:09,51.67,16111,51.65,U
sh688777,中控技术,2025-09-17 14:10:42,51.67,5000,51.67,D
sh688777,中控技术,2025-09-17 14:10:45,51.67,10141,51.67,D
sh688777,中控技术,2025-09-17 14:10:54,51.67,8988,51.67,U
sh688777,中控技术,2025-09-17 14:10:57,51.69,13466,51.67,U
sh688777,中控技术,2025-09-17 14:11:00,51.68,4974,51.69,D
sh688777,中控技术,2025-09-17 14:11:06,51.68,4304,51.69,D
sh688777,中控技术,2025-09-17 14:11:09,51.68,10858,51.68,U
sh688777,中控技术,2025-09-17 14:11:24,51.66,10013,51.67,D
sh688777,中控技术,2025-09-17 14:12:36,51.68,6000,51.68,U
sh688777,中控技术,2025-09-17 14:13:42,51.61,19762,51.65,D
sh688777,中控技术,2025-09-17 14:13:45,51.67,5900,51.61,U
sh688777,中控技术,2025-09-17 14:15:15,51.65,13898,51.66,D
sh688777,中控技术,2025-09-17 14:15:33,51.66,4111,51.66,U
sh688777,中控技术,2025-09-17 14:15:45,51.69,28743,51.67,U
sh688777,中控技术,2025-09-17 14:16:00,51.68,5610,51.69,D
sh688777,中控技术,2025-09-17 14:16:12,51.66,4336,51.65,U
sh688777,中控技术,2025-09-17 14:16:57,51.63,7030,51.65,D
sh688777,中控技术,2025-09-17 14:17:51,51.64,6200,51.62,U
sh688777,中控技术,2025-09-17 14:17:54,51.65,5422,51.64,U
sh688777,中控技术,2025-09-17 14:18:06,51.66,6175,51.62,U
sh688777,中控技术,2025-09-17 14:18:12,51.65,6191,51.66,D
sh688777,中控技术,2025-09-17 14:18:45,51.64,6316,51.65,D
sh688777,中控技术,2025-09-17 14:18:54,51.63,5300,51.64,D
sh688777,中控技术,2025-09-17 14:18:57,51.64,6062,51.63,U
sh688777,中控技术,2025-09-17 14:19:18,51.64,8035,51.65,D
sh688777,中控技术,2025-09-17 14:20:12,51.66,19191,51.65,U
sh688777,中控技术,2025-09-17 14:20:45,51.67,5275,51.67,U
sh688777,中控技术,2025-09-17 14:20:51,51.67,5000,51.67,D
sh688777,中控技术,2025-09-17 14:21:18,51.67,5435,51.67,U
sh688777,中控技术,2025-09-17 14:21:39,51.62,10700,51.65,D
sh688777,中控技术,2025-09-17 14:22:00,51.63,9292,51.66,D
sh688777,中控技术,2025-09-17 14:22:03,51.62,4872,51.63,D
sh688777,中控技术,2025-09-17 14:22:27,51.62,4372,51.63,D
sh688777,中控技术,2025-09-17 14:22:36,51.6,13881,51.62,D
sh688777,中控技术,2025-09-17 14:23:03,51.62,17778,51.6,U
sh688777,中控技术,2025-09-17 14:23:09,51.63,5168,51.62,U
sh688777,中控技术,2025-09-17 14:23:12,51.61,4123,51.63,D
sh688777,中控技术,2025-09-17 14:23:24,51.6,13666,51.61,D
sh688777,中控技术,2025-09-17 14:23:27,51.65,65607,51.6,U
sh688777,中控技术,2025-09-17 14:23:39,51.63,6746,51.63,U
sh688777,中控技术,2025-09-17 14:23:54,51.65,6513,51.63,U
sh688777,中控技术,2025-09-17 14:23:57,51.65,4608,51.65,U
sh688777,中控技术,2025-09-17 14:24:00,51.65,4790,51.65,U
sh688777,中控技术,2025-09-17 14:24:03,51.66,6815,51.65,U
sh688777,中控技术,2025-09-17 14:24:42,51.67,6118,51.65,U
sh688777,中控技术,2025-09-17 14:24:48,51.67,5641,51.68,E
sh688777,中控技术,2025-09-17 14:24:54,51.7,8179,51.68,U
sh688777,中控技术,2025-09-17 14:24:57,51.7,11615,51.7,U
sh688777,中控技术,2025-09-17 14:25:06,51.7,4247,51.71,D
sh688777,中控技术,2025-09-17 14:25:18,51.71,5707,51.7,U
sh688777,中控技术,2025-09-17 14:25:21,51.7,4055,51.71,D
sh688777,中控技术,2025-09-17 14:26:00,51.69,4277,51.69,D
sh688777,中控技术,2025-09-17 14:26:18,51.65,4138,51.66,D
sh688777,中控技术,2025-09-17 14:26:24,51.64,22962,51.64,D
sh688777,中控技术,2025-09-17 14:26:27,51.62,4092,51.64,D
sh688777,中控技术,2025-09-17 14:26:48,51.68,4053,51.66,U
sh688777,中控技术,2025-09-17 14:26:54,51.68,4922,51.67,U
sh688777,中控技术,2025-09-17 14:26:57,51.68,11300,51.68,D
sh688777,中控技术,2025-09-17 14:27:00,51.68,4659,51.68,D
sh688777,中控技术,2025-09-17 14:27:09,51.68,4610,51.69,D
sh688777,中控技术,2025-09-17 14:27:15,51.69,4800,51.69,U
sh688777,中控技术,2025-09-17 14:27:33,51.66,9511,51.69,D
sh688777,中控技术,2025-09-17 14:27:39,51.66,38229,51.66,U
sh688777,中控技术,2025-09-17 14:27:42,51.66,8715,51.66,U
sh688777,中控技术,2025-09-17 14:28:00,51.65,5365,51.66,D
sh688777,中控技术,2025-09-17 14:28:18,51.64,5132,51.65,D
sh688777,中控技术,2025-09-17 14:28:30,51.65,7000,51.63,U
sh688777,中控技术,2025-09-17 14:28:36,51.61,5731,51.63,D
sh688777,中控技术,2025-09-17 14:28:39,51.61,6900,51.61,D
sh688777,中控技术,2025-09-17 14:28:42,51.6,9869,51.61,D
sh688777,中控技术,2025-09-17 14:28:45,51.6,7290,51.6,D
sh688777,中控技术,2025-09-17 14:28:51,51.55,5100,51.6,D
sh688777,中控技术,2025-09-17 14:29:15,51.59,5424,51.57,U
sh688777,中控技术,2025-09-17 14:29:30,51.59,9621,51.58,U
sh688777,中控技术,2025-09-17 14:29:33,51.59,11366,51.59,E
sh688777,中控技术,2025-09-17 14:29:57,51.61,6732,51.6,U
sh688777,中控技术,2025-09-17 14:30:15,51.63,4712,51.63,U
sh688777,中控技术,2025-09-17 14:30:18,51.64,11731,51.63,U
sh688777,中控技术,2025-09-17 14:30:21,51.61,7743,51.64,D
sh688777,中控技术,2025-09-17 14:30:27,51.65,4576,51.62,U
sh688777,中控技术,2025-09-17 14:30:51,51.6,9800,51.62,D
sh688777,中控技术,2025-09-17 14:30:54,51.62,15697,51.6,U
sh688777,中控技术,2025-09-17 14:32:36,51.63,4250,51.63,U
sh688777,中控技术,2025-09-17 14:32:42,51.62,4002,51.61,U
sh688777,中控技术,2025-09-17 14:32:54,51.62,4253,51.61,U
sh688777,中控技术,2025-09-17 14:33:06,51.63,9488,51.62,U
sh688777,中控技术,2025-09-17 14:33:51,51.57,9313,51.57,D
sh688777,中控技术,2025-09-17 14:34:06,51.57,9022,51.56,U
sh688777,中控技术,2025-09-17 14:34:09,51.58,5777,51.57,U
sh688777,中控技术,2025-09-17 14:34:18,51.57,4900,51.58,D
sh688777,中控技术,2025-09-17 14:34:21,51.57,21564,51.57,D
sh688777,中控技术,2025-09-17 14:34:33,51.54,5000,51.57,D
sh688777,中控技术,2025-09-17 14:35:51,51.56,7999,51.57,D
sh688777,中控技术,2025-09-17 14:36:06,51.54,5554,51.54,D
sh688777,中控技术,2025-09-17 14:36:15,51.54,12759,51.56,E
sh688777,中控技术,2025-09-17 14:36:18,51.5,20000,51.54,D
sh688777,中控技术,2025-09-17 14:36:51,51.51,5550,51.53,D
sh688777,中控技术,2025-09-17 14:36:57,51.5,5115,51.5,D
sh688777,中控技术,2025-09-17 14:37:15,51.5,5309,51.5,D
sh688777,中控技术,2025-09-17 14:37:18,51.49,5541,51.5,D
sh688777,中控技术,2025-09-17 14:37:21,51.55,26007,51.49,U
sh688777,中控技术,2025-09-17 14:37:30,51.5,8850,51.51,D
sh688777,中控技术,2025-09-17 14:38:06,51.51,7121,51.52,D
sh688777,中控技术,2025-09-17 14:38:12,51.52,27413,51.53,D
sh688777,中控技术,2025-09-17 14:38:54,51.52,20613,51.52,D
sh688777,中控技术,2025-09-17 14:39:45,51.49,4681,51.51,D
sh688777,中控技术,2025-09-17 14:39:48,51.5,4018,51.49,U
sh688777,中控技术,2025-09-17 14:39:54,51.48,5100,51.48,D
sh688777,中控技术,2025-09-17 14:40:00,51.47,6034,51.48,D
sh688777,中控技术,2025-09-17 14:40:06,51.47,61800,51.46,U
sh688777,中控技术,2025-09-17 14:40:09,51.46,9500,51.47,D
sh688777,中控技术,2025-09-17 14:40:12,51.47,22016,51.46,D
sh688777,中控技术,2025-09-17 14:40:18,51.53,11587,51.47,U
sh688777,中控技术,2025-09-17 14:40:33,51.56,23913,51.52,U
sh688777,中控技术,2025-09-17 14:40:36,51.52,13714,51.56,D
sh688777,中控技术,2025-09-17 14:40:54,51.52,23394,51.55,D
sh688777,中控技术,2025-09-17 14:41:42,51.51,20000,51.53,D
sh688777,中控技术,2025-09-17 14:42:00,51.51,4082,51.5,U
sh688777,中控技术,2025-09-17 14:42:09,51.54,6994,51.52,U
sh688777,中控技术,2025-09-17 14:42:12,51.54,4369,51.54,U
sh688777,中控技术,2025-09-17 14:42:51,51.58,4253,51.58,U
sh688777,中控技术,2025-09-17 14:43:39,51.59,13328,51.58,U
sh688777,中控技术,2025-09-17 14:43:42,51.6,6546,51.59,U
sh688777,中控技术,2025-09-17 14:44:06,51.59,6241,51.59,U
sh688777,中控技术,2025-09-17 14:44:36,51.57,6195,51.57,D
sh688777,中控技术,2025-09-17 14:45:03,51.56,4587,51.57,D
sh688777,中控技术,2025-09-17 14:45:36,51.54,12977,51.56,D
sh688777,中控技术,2025-09-17 14:46:06,51.57,7072,51.54,U
sh688777,中控技术,2025-09-17 14:46:12,51.57,6034,51.57,U
sh688777,中控技术,2025-09-17 14:46:15,51.57,6162,51.57,U
sh688777,中控技术,2025-09-17 14:46:18,51.59,11517,51.57,U
sh688777,中控技术,2025-09-17 14:46:36,51.6,7946,51.58,U
sh688777,中控技术,2025-09-17 14:46:45,51.6,13142,51.6,U
sh688777,中控技术,2025-09-17 14:47:03,51.61,6779,51.61,U
sh688777,中控技术,2025-09-17 14:47:12,51.63,18617,51.61,U
sh688777,中控技术,2025-09-17 14:47:39,51.61,9780,51.62,D
sh688777,中控技术,2025-09-17 14:47:48,51.6,7443,51.61,D
sh688777,中控技术,2025-09-17 14:47:57,51.59,10452,51.59,D
sh688777,中控技术,2025-09-17 14:48:03,51.59,6068,51.58,U
sh688777,中控技术,2025-09-17 14:48:06,51.59,17880,51.59,U
sh688777,中控技术,2025-09-17 14:48:12,51.58,14654,51.57,D
sh688777,中控技术,2025-09-17 14:48:18,51.58,8594,51.59,D
sh688777,中控技术,2025-09-17 14:48:36,51.59,7903,51.58,U
sh688777,中控技术,2025-09-17 14:48:39,51.58,19507,51.59,D
sh688777,中控技术,2025-09-17 14:49:06,51.57,8653,51.57,D
sh688777,中控技术,2025-09-17 14:49:09,51.57,9864,51.57,D
sh688777,中控技术,2025-09-17 14:49:12,51.6,7446,51.57,U
sh688777,中控技术,2025-09-17 14:49:15,51.6,6211,51.6,U
sh688777,中控技术,2025-09-17 14:49:39,51.59,22588,51.59,D
sh688777,中控技术,2025-09-17 14:49:42,51.58,9588,51.59,D
sh688777,中控技术,2025-09-17 14:50:12,51.59,6075,51.58,E
sh688777,中控技术,2025-09-17 14:50:30,51.58,6958,51.57,U
sh688777,中控技术,2025-09-17 14:50:39,51.57,8448,51.58,D
sh688777,中控技术,2025-09-17 14:50:45,51.58,8505,51.58,D
sh688777,中控技术,2025-09-17 14:51:00,51.57,3896,51.57,D
sh688777,中控技术,2025-09-17 14:51:03,51.6,21386,51.57,U
sh688777,中控技术,2025-09-17 14:51:06,51.62,24689,51.6,U
sh688777,中控技术,2025-09-17 14:51:12,51.6,10470,51.61,D
sh688777,中控技术,2025-09-17 14:51:45,51.61,11179,51.6,U
sh688777,中控技术,2025-09-17 14:51:51,51.62,8910,51.61,U
sh688777,中控技术,2025-09-17 14:51:57,51.61,5403,51.61,D
sh688777,中控技术,2025-09-17 14:52:00,51.61,4038,51.61,U
sh688777,中控技术,2025-09-17 14:52:03,51.61,4807,51.61,U
sh688777,中控技术,2025-09-17 14:52:06,51.61,8970,51.61,U
sh688777,中控技术,2025-09-17 14:52:18,51.61,10138,51.6,U
sh688777,中控技术,2025-09-17 14:52:21,51.61,7020,51.61,U
sh688777,中控技术,2025-09-17 14:52:27,51.61,4122,51.61,D
sh688777,中控技术,2025-09-17 14:52:33,51.61,6703,51.61,U
sh688777,中控技术,2025-09-17 14:52:36,51.61,5450,51.61,U
sh688777,中控技术,2025-09-17 14:52:51,51.61,7054,51.61,U
sh688777,中控技术,2025-09-17 14:53:03,51.63,25394,51.61,U
sh688777,中控技术,2025-09-17 14:53:15,51.63,5148,51.63,U
sh688777,中控技术,2025-09-17 14:53:18,51.62,14405,51.63,D
sh688777,中控技术,2025-09-17 14:53:21,51.61,4321,51.62,D
sh688777,中控技术,2025-09-17 14:53:27,51.61,17100,51.63,D
sh688777,中控技术,2025-09-17 14:53:33,51.62,3891,51.61,U
sh688777,中控技术,2025-09-17 14:53:36,51.61,6013,51.62,D
sh688777,中控技术,2025-09-17 14:53:48,51.62,7428,51.62,U
sh688777,中控技术,2025-09-17 14:53:57,51.61,4200,51.63,D
sh688777,中控技术,2025-09-17 14:54:09,51.62,7467,51.62,U
sh688777,中控技术,2025-09-17 14:54:12,51.61,15612,51.62,D
sh688777,中控技术,2025-09-17 14:54:21,51.63,10400,51.62,U
sh688777,中控技术,2025-09-17 14:54:27,51.63,4040,51.62,U
sh688777,中控技术,2025-09-17 14:54:51,51.62,11323,51.62,U
sh688777,中控技术,2025-09-17 14:54:54,51.63,24134,51.62,U
sh688777,中控技术,2025-09-17 14:54:57,51.62,4497,51.63,D
sh688777,中控技术,2025-09-17 14:55:00,51.62,20584,51.62,U
sh688777,中控技术,2025-09-17 14:55:03,51.62,5352,51.62,D
sh688777,中控技术,2025-09-17 14:55:12,51.63,14943,51.63,U
sh688777,中控技术,2025-09-17 14:55:30,51.62,13593,51.62,D
sh688777,中控技术,2025-09-17 14:55:36,51.61,5156,51.61,D
sh688777,中控技术,2025-09-17 14:55:39,51.63,4427,51.61,U
sh688777,中控技术,2025-09-17 14:55:42,51.63,4844,51.63,U
sh688777,中控技术,2025-09-17 14:56:00,51.62,6421,51.61,U
sh688777,中控技术,2025-09-17 14:56:03,51.61,6375,51.62,D
sh688777,中控技术,2025-09-17 14:56:06,51.62,12575,51.61,U
sh688777,中控技术,2025-09-17 14:56:18,51.6,3914,51.62,D
sh688777,中控技术,2025-09-17 14:56:33,51.61,10053,51.61,U
sh688777,中控技术,2025-09-17 14:56:42,51.59,48631,51.61,D
sh688777,中控技术,2025-09-17 14:56:45,51.61,27596,51.59,U
sh688777,中控技术,2025-09-17 14:56:54,51.62,3900,51.61,U
sh688777,中控技术,2025-09-17 15:00:03,51.6,148022,51.61,U
