symbol,name,ticktime,price,volume,prev_price,kind
sh688777,中控技术,2025-09-23 09:25:02,50.51,19303,0.0,U
sh688777,中控技术,2025-09-23 09:30:03,50.51,6548,50.51,U
sh688777,中控技术,2025-09-23 09:30:06,50.45,18100,50.51,D
sh688777,中控技术,2025-09-23 09:30:09,50.51,25608,50.45,U
sh688777,中控技术,2025-09-23 09:30:12,50.5,7015,50.51,E
sh688777,中控技术,2025-09-23 09:30:15,50.46,13266,50.5,D
sh688777,中控技术,2025-09-23 09:30:18,50.52,31671,50.46,U
sh688777,中控技术,2025-09-23 09:30:21,50.48,24162,50.52,D
sh688777,中控技术,2025-09-23 09:30:24,50.52,28525,50.48,U
sh688777,中控技术,2025-09-23 09:30:27,50.6,23333,50.52,U
sh688777,中控技术,2025-09-23 09:30:30,50.63,8731,50.6,U
sh688777,中控技术,2025-09-23 09:30:33,50.65,14095,50.63,U
sh688777,中控技术,2025-09-23 09:30:36,50.8,7981,50.65,U
sh688777,中控技术,2025-09-23 09:30:39,51.03,36247,50.8,U
sh688777,中控技术,2025-09-23 09:30:48,50.84,4990,50.78,U
sh688777,中控技术,2025-09-23 09:30:51,50.71,8889,50.84,D
sh688777,中控技术,2025-09-23 09:30:54,50.71,4500,50.71,D
sh688777,中控技术,2025-09-23 09:30:57,50.71,4370,50.71,D
sh688777,中控技术,2025-09-23 09:31:00,50.68,7859,50.71,D
sh688777,中控技术,2025-09-23 09:31:18,50.51,18695,50.6,D
sh688777,中控技术,2025-09-23 09:31:21,50.51,14780,50.51,D
sh688777,中控技术,2025-09-23 09:31:33,50.52,9626,50.56,E
sh688777,中控技术,2025-09-23 09:31:36,50.51,11574,50.52,D
sh688777,中控技术,2025-09-23 09:31:42,50.52,4022,50.51,U
sh688777,中控技术,2025-09-23 09:31:48,50.5,7176,50.53,D
sh688777,中控技术,2025-09-23 09:31:51,50.53,5288,50.5,D
sh688777,中控技术,2025-09-23 09:31:54,50.57,9954,50.53,U
sh688777,中控技术,2025-09-23 09:31:57,50.59,4058,50.57,U
sh688777,中控技术,2025-09-23 09:32:00,50.6,9898,50.59,U
sh688777,中控技术,2025-09-23 09:32:03,50.58,4693,50.6,D
sh688777,中控技术,2025-09-23 09:32:15,50.6,4844,50.6,D
sh688777,中控技术,2025-09-23 09:32:24,50.6,13953,50.55,U
sh688777,中控技术,2025-09-23 09:32:30,50.63,9699,50.6,U
sh688777,中控技术,2025-09-23 09:32:33,50.62,6170,50.63,D
sh688777,中控技术,2025-09-23 09:32:36,50.65,13696,50.62,U
sh688777,中控技术,2025-09-23 09:32:39,50.6,9096,50.65,D
sh688777,中控技术,2025-09-23 09:32:51,50.74,8100,50.7,U
sh688777,中控技术,2025-09-23 09:32:57,50.7,10409,50.73,D
sh688777,中控技术,2025-09-23 09:33:00,50.72,4513,50.7,E
sh688777,中控技术,2025-09-23 09:33:03,50.72,5106,50.72,D
sh688777,中控技术,2025-09-23 09:33:06,50.64,11034,50.72,D
sh688777,中控技术,2025-09-23 09:33:09,50.7,16062,50.64,U
sh688777,中控技术,2025-09-23 09:33:12,50.73,11900,50.7,U
sh688777,中控技术,2025-09-23 09:33:18,50.73,15092,50.75,D
sh688777,中控技术,2025-09-23 09:33:21,50.83,5158,50.73,U
sh688777,中控技术,2025-09-23 09:33:24,50.85,11600,50.83,U
sh688777,中控技术,2025-09-23 09:33:27,50.8,39487,50.85,D
sh688777,中控技术,2025-09-23 09:33:30,50.83,5400,50.8,D
sh688777,中控技术,2025-09-23 09:33:36,50.81,5476,50.85,E
sh688777,中控技术,2025-09-23 09:33:39,50.8,16969,50.81,D
sh688777,中控技术,2025-09-23 09:33:48,50.8,19489,50.78,U
sh688777,中控技术,2025-09-23 09:33:51,50.8,30005,50.8,U
sh688777,中控技术,2025-09-23 09:33:54,50.8,10374,50.8,D
sh688777,中控技术,2025-09-23 09:33:57,50.8,17178,50.8,D
sh688777,中控技术,2025-09-23 09:34:00,50.78,7137,50.8,D
sh688777,中控技术,2025-09-23 09:34:09,50.8,11545,50.78,U
sh688777,中控技术,2025-09-23 09:34:12,50.78,8360,50.8,D
sh688777,中控技术,2025-09-23 09:34:18,50.77,11951,50.8,D
sh688777,中控技术,2025-09-23 09:34:21,50.84,8807,50.77,U
sh688777,中控技术,2025-09-23 09:34:30,50.82,13567,50.83,D
sh688777,中控技术,2025-09-23 09:34:42,50.79,9037,50.8,D
sh688777,中控技术,2025-09-23 09:34:48,50.79,6400,50.79,U
sh688777,中控技术,2025-09-23 09:34:51,50.76,8526,50.79,E
sh688777,中控技术,2025-09-23 09:35:03,50.75,8263,50.75,U
sh688777,中控技术,2025-09-23 09:35:06,50.79,5087,50.75,U
sh688777,中控技术,2025-09-23 09:35:15,50.78,3963,50.8,D
sh688777,中控技术,2025-09-23 09:35:18,50.78,18157,50.78,D
sh688777,中控技术,2025-09-23 09:35:33,50.77,10400,50.77,U
sh688777,中控技术,2025-09-23 09:35:36,50.76,15894,50.77,D
sh688777,中控技术,2025-09-23 09:35:42,50.73,4483,50.75,D
sh688777,中控技术,2025-09-23 09:35:54,50.73,4200,50.71,U
sh688777,中控技术,2025-09-23 09:35:57,50.72,15843,50.73,D
sh688777,中控技术,2025-09-23 09:36:00,50.74,12223,50.72,D
sh688777,中控技术,2025-09-23 09:36:06,50.74,14738,50.75,D
sh688777,中控技术,2025-09-23 09:36:09,50.74,4000,50.74,D
sh688777,中控技术,2025-09-23 09:36:18,50.73,4849,50.77,D
sh688777,中控技术,2025-09-23 09:36:21,50.78,8200,50.73,U
sh688777,中控技术,2025-09-23 09:36:24,50.73,4971,50.78,D
sh688777,中控技术,2025-09-23 09:36:27,50.73,24586,50.73,D
sh688777,中控技术,2025-09-23 09:36:30,50.8,11663,50.73,U
sh688777,中控技术,2025-09-23 09:36:36,50.85,22067,50.73,U
sh688777,中控技术,2025-09-23 09:36:39,50.89,17900,50.85,U
sh688777,中控技术,2025-09-23 09:36:42,50.93,10369,50.89,U
sh688777,中控技术,2025-09-23 09:36:48,50.85,23311,50.89,D
sh688777,中控技术,2025-09-23 09:36:54,50.87,4858,50.88,E
sh688777,中控技术,2025-09-23 09:36:57,50.81,12024,50.87,D
sh688777,中控技术,2025-09-23 09:37:00,50.77,8454,50.81,D
sh688777,中控技术,2025-09-23 09:37:12,50.71,4000,50.7,E
sh688777,中控技术,2025-09-23 09:37:15,50.71,4000,50.71,D
sh688777,中控技术,2025-09-23 09:37:18,50.71,5685,50.71,D
sh688777,中控技术,2025-09-23 09:37:21,50.7,34467,50.71,D
sh688777,中控技术,2025-09-23 09:37:24,50.68,5600,50.7,D
sh688777,中控技术,2025-09-23 09:37:33,50.68,6159,50.7,D
sh688777,中控技术,2025-09-23 09:37:51,50.74,5576,50.72,D
sh688777,中控技术,2025-09-23 09:37:54,50.68,20118,50.74,D
sh688777,中控技术,2025-09-23 09:38:03,50.69,6065,50.66,U
sh688777,中控技术,2025-09-23 09:38:15,50.74,6884,50.66,U
sh688777,中控技术,2025-09-23 09:38:18,50.75,4285,50.74,E
sh688777,中控技术,2025-09-23 09:38:24,50.77,5701,50.74,U
sh688777,中控技术,2025-09-23 09:38:27,50.8,10443,50.77,U
sh688777,中控技术,2025-09-23 09:38:39,50.74,4972,50.78,D
sh688777,中控技术,2025-09-23 09:38:42,50.77,4000,50.74,E
sh688777,中控技术,2025-09-23 09:38:51,50.72,4092,50.74,D
sh688777,中控技术,2025-09-23 09:38:54,50.76,11400,50.72,U
sh688777,中控技术,2025-09-23 09:39:00,50.71,4344,50.72,D
sh688777,中控技术,2025-09-23 09:39:12,50.65,6381,50.66,D
sh688777,中控技术,2025-09-23 09:39:15,50.63,15773,50.65,D
sh688777,中控技术,2025-09-23 09:39:18,50.63,5307,50.63,D
sh688777,中控技术,2025-09-23 09:39:21,50.65,14334,50.63,U
sh688777,中控技术,2025-09-23 09:39:24,50.63,6629,50.65,D
sh688777,中控技术,2025-09-23 09:39:36,50.67,7015,50.67,U
sh688777,中控技术,2025-09-23 09:39:48,50.65,4673,50.65,D
sh688777,中控技术,2025-09-23 09:40:00,50.6,14737,50.62,D
sh688777,中控技术,2025-09-23 09:40:12,50.54,4441,50.51,E
sh688777,中控技术,2025-09-23 09:40:18,50.6,8635,50.52,U
sh688777,中控技术,2025-09-23 09:40:24,50.56,5000,50.57,D
sh688777,中控技术,2025-09-23 09:40:27,50.56,10200,50.56,D
sh688777,中控技术,2025-09-23 09:40:36,50.57,28484,50.58,E
sh688777,中控技术,2025-09-23 09:40:39,50.58,6486,50.57,U
sh688777,中控技术,2025-09-23 09:41:03,50.55,14728,50.56,D
sh688777,中控技术,2025-09-23 09:41:15,50.51,6847,50.52,D
sh688777,中控技术,2025-09-23 09:41:18,50.48,4756,50.51,D
sh688777,中控技术,2025-09-23 09:41:21,50.47,6538,50.48,D
sh688777,中控技术,2025-09-23 09:41:33,50.43,4529,50.46,D
sh688777,中控技术,2025-09-23 09:41:51,50.41,10708,50.43,D
sh688777,中控技术,2025-09-23 09:41:54,50.42,12000,50.41,U
sh688777,中控技术,2025-09-23 09:42:00,50.44,12297,50.4,U
sh688777,中控技术,2025-09-23 09:42:03,50.41,24787,50.44,D
sh688777,中控技术,2025-09-23 09:42:06,50.45,9067,50.41,U
sh688777,中控技术,2025-09-23 09:42:09,50.45,6100,50.45,D
sh688777,中控技术,2025-09-23 09:42:15,50.45,11075,50.42,U
sh688777,中控技术,2025-09-23 09:42:27,50.42,5338,50.43,D
sh688777,中控技术,2025-09-23 09:42:30,50.41,8213,50.42,D
sh688777,中控技术,2025-09-23 09:42:36,50.41,12521,50.4,E
sh688777,中控技术,2025-09-23 09:42:39,50.38,8437,50.41,D
sh688777,中控技术,2025-09-23 09:42:42,50.31,4357,50.38,D
sh688777,中控技术,2025-09-23 09:42:51,50.3,8820,50.3,D
sh688777,中控技术,2025-09-23 09:42:54,50.3,5937,50.3,D
sh688777,中控技术,2025-09-23 09:42:57,50.35,50440,50.3,U
sh688777,中控技术,2025-09-23 09:43:00,50.37,15937,50.35,U
sh688777,中控技术,2025-09-23 09:43:03,50.35,10674,50.37,D
sh688777,中控技术,2025-09-23 09:43:06,50.32,6532,50.35,D
sh688777,中控技术,2025-09-23 09:43:09,50.39,8713,50.32,U
sh688777,中控技术,2025-09-23 09:43:12,50.34,5300,50.39,D
sh688777,中控技术,2025-09-23 09:43:15,50.36,26603,50.34,E
sh688777,中控技术,2025-09-23 09:43:21,50.37,6423,50.38,D
sh688777,中控技术,2025-09-23 09:43:27,50.39,5432,50.37,E
sh688777,中控技术,2025-09-23 09:43:30,50.37,4106,50.39,D
sh688777,中控技术,2025-09-23 09:43:33,50.37,4899,50.37,D
sh688777,中控技术,2025-09-23 09:43:36,50.44,11734,50.37,U
sh688777,中控技术,2025-09-23 09:43:42,50.37,10806,50.39,D
sh688777,中控技术,2025-09-23 09:43:45,50.37,5217,50.37,D
sh688777,中控技术,2025-09-23 09:43:48,50.34,22121,50.37,D
sh688777,中控技术,2025-09-23 09:43:51,50.37,61127,50.34,U
sh688777,中控技术,2025-09-23 09:43:54,50.33,6616,50.37,D
sh688777,中控技术,2025-09-23 09:43:57,50.35,5747,50.33,D
sh688777,中控技术,2025-09-23 09:44:00,50.33,8334,50.35,D
sh688777,中控技术,2025-09-23 09:44:06,50.36,4490,50.42,D
sh688777,中控技术,2025-09-23 09:44:09,50.35,10614,50.36,D
sh688777,中控技术,2025-09-23 09:44:12,50.38,4771,50.35,E
sh688777,中控技术,2025-09-23 09:44:15,50.32,10469,50.38,D
sh688777,中控技术,2025-09-23 09:44:18,50.3,23118,50.32,D
sh688777,中控技术,2025-09-23 09:44:21,50.33,14480,50.3,U
sh688777,中控技术,2025-09-23 09:44:24,50.24,22359,50.33,D
sh688777,中控技术,2025-09-23 09:44:27,50.29,13832,50.24,E
sh688777,中控技术,2025-09-23 09:44:36,50.3,20786,50.29,U
sh688777,中控技术,2025-09-23 09:44:39,50.26,12162,50.3,D
sh688777,中控技术,2025-09-23 09:44:48,50.26,4332,50.28,D
sh688777,中控技术,2025-09-23 09:44:51,50.27,7099,50.26,E
sh688777,中控技术,2025-09-23 09:44:54,50.28,93661,50.27,D
sh688777,中控技术,2025-09-23 09:45:03,50.28,4082,50.28,D
sh688777,中控技术,2025-09-23 09:45:12,50.27,7766,50.28,D
sh688777,中控技术,2025-09-23 09:45:18,50.26,8542,50.23,E
sh688777,中控技术,2025-09-23 09:45:24,50.25,4334,50.23,E
sh688777,中控技术,2025-09-23 09:45:27,50.4,9567,50.25,U
sh688777,中控技术,2025-09-23 09:45:30,50.25,7809,50.4,D
sh688777,中控技术,2025-09-23 09:45:42,50.27,4003,50.27,D
sh688777,中控技术,2025-09-23 09:45:45,50.31,4508,50.27,U
sh688777,中控技术,2025-09-23 09:45:48,50.32,4952,50.31,U
sh688777,中控技术,2025-09-23 09:45:51,50.3,8954,50.32,D
sh688777,中控技术,2025-09-23 09:45:57,50.31,5983,50.28,D
sh688777,中控技术,2025-09-23 09:46:00,50.28,6444,50.31,D
sh688777,中控技术,2025-09-23 09:46:06,50.35,3987,50.35,U
sh688777,中控技术,2025-09-23 09:46:09,50.31,5756,50.35,D
sh688777,中控技术,2025-09-23 09:46:12,50.31,5469,50.31,D
sh688777,中控技术,2025-09-23 09:46:15,50.32,5668,50.31,D
sh688777,中控技术,2025-09-23 09:46:18,50.28,8900,50.32,D
sh688777,中控技术,2025-09-23 09:46:21,50.32,8393,50.28,U
sh688777,中控技术,2025-09-23 09:46:24,50.35,7234,50.32,U
sh688777,中控技术,2025-09-23 09:46:30,50.38,6540,50.35,U
sh688777,中控技术,2025-09-23 09:46:36,50.38,10343,50.38,D
sh688777,中控技术,2025-09-23 09:46:39,50.28,5310,50.38,D
sh688777,中控技术,2025-09-23 09:47:00,50.4,22554,50.33,U
sh688777,中控技术,2025-09-23 09:47:03,50.35,5913,50.4,D
sh688777,中控技术,2025-09-23 09:47:12,50.43,5000,50.43,U
sh688777,中控技术,2025-09-23 09:47:18,50.47,6193,50.35,U
sh688777,中控技术,2025-09-23 09:47:24,50.42,12181,50.43,D
sh688777,中控技术,2025-09-23 09:47:30,50.39,9468,50.39,D
sh688777,中控技术,2025-09-23 09:47:33,50.32,19101,50.39,D
sh688777,中控技术,2025-09-23 09:47:36,50.37,7184,50.32,U
sh688777,中控技术,2025-09-23 09:47:39,50.32,9784,50.37,D
sh688777,中控技术,2025-09-23 09:47:42,50.35,9106,50.32,E
sh688777,中控技术,2025-09-23 09:47:45,50.34,5889,50.35,D
sh688777,中控技术,2025-09-23 09:47:48,50.33,4729,50.34,D
sh688777,中控技术,2025-09-23 09:47:51,50.32,10607,50.33,D
sh688777,中控技术,2025-09-23 09:47:54,50.35,8666,50.32,E
sh688777,中控技术,2025-09-23 09:47:57,50.39,4022,50.35,E
sh688777,中控技术,2025-09-23 09:48:03,50.3,26232,50.35,D
sh688777,中控技术,2025-09-23 09:48:06,50.28,18286,50.3,D
sh688777,中控技术,2025-09-23 09:48:09,50.28,10186,50.28,U
sh688777,中控技术,2025-09-23 09:48:12,50.27,7504,50.28,D
sh688777,中控技术,2025-09-23 09:48:15,50.2,44490,50.27,D
sh688777,中控技术,2025-09-23 09:48:18,50.2,9439,50.2,U
sh688777,中控技术,2025-09-23 09:48:24,50.2,14731,50.22,D
sh688777,中控技术,2025-09-23 09:48:27,50.21,12983,50.2,E
sh688777,中控技术,2025-09-23 09:48:30,50.21,16257,50.21,U
sh688777,中控技术,2025-09-23 09:48:36,50.23,7820,50.2,U
sh688777,中控技术,2025-09-23 09:48:39,50.2,13040,50.23,D
sh688777,中控技术,2025-09-23 09:48:42,50.23,7741,50.2,E
sh688777,中控技术,2025-09-23 09:48:48,50.21,9575,50.21,D
sh688777,中控技术,2025-09-23 09:48:54,50.2,4169,50.19,U
sh688777,中控技术,2025-09-23 09:48:57,50.2,8504,50.2,D
sh688777,中控技术,2025-09-23 09:49:00,50.2,10703,50.2,D
sh688777,中控技术,2025-09-23 09:49:03,50.23,6951,50.2,U
sh688777,中控技术,2025-09-23 09:49:06,50.2,10328,50.23,D
sh688777,中控技术,2025-09-23 09:49:09,50.22,6221,50.2,E
sh688777,中控技术,2025-09-23 09:49:21,50.27,9738,50.27,U
sh688777,中控技术,2025-09-23 09:49:24,50.28,3995,50.27,E
sh688777,中控技术,2025-09-23 09:49:36,50.27,4236,50.27,D
sh688777,中控技术,2025-09-23 09:49:39,50.28,4523,50.27,U
sh688777,中控技术,2025-09-23 09:50:06,50.3,18808,50.3,D
sh688777,中控技术,2025-09-23 09:50:09,50.28,12606,50.3,E
sh688777,中控技术,2025-09-23 09:50:12,50.27,4072,50.28,D
sh688777,中控技术,2025-09-23 09:50:15,50.3,8100,50.27,U
sh688777,中控技术,2025-09-23 09:50:18,50.32,4586,50.3,U
sh688777,中控技术,2025-09-23 09:50:33,50.28,6194,50.31,D
sh688777,中控技术,2025-09-23 09:50:36,50.31,4800,50.28,U
sh688777,中控技术,2025-09-23 09:50:39,50.3,4330,50.31,E
sh688777,中控技术,2025-09-23 09:50:42,50.31,5137,50.3,E
sh688777,中控技术,2025-09-23 09:50:45,50.31,6883,50.31,D
sh688777,中控技术,2025-09-23 09:50:48,50.27,16294,50.31,D
sh688777,中控技术,2025-09-23 09:50:51,50.31,7300,50.27,U
sh688777,中控技术,2025-09-23 09:50:54,50.26,4400,50.31,D
sh688777,中控技术,2025-09-23 09:51:06,50.22,6644,50.26,D
sh688777,中控技术,2025-09-23 09:51:09,50.2,35337,50.22,D
sh688777,中控技术,2025-09-23 09:51:12,50.21,4445,50.2,U
sh688777,中控技术,2025-09-23 09:51:21,50.19,7392,50.19,D
sh688777,中控技术,2025-09-23 09:51:24,50.16,23400,50.19,D
sh688777,中控技术,2025-09-23 09:51:27,50.16,22506,50.16,D
sh688777,中控技术,2025-09-23 09:51:39,50.19,5153,50.19,U
sh688777,中控技术,2025-09-23 09:51:51,50.19,4203,50.2,D
sh688777,中控技术,2025-09-23 09:52:03,50.2,13653,50.2,D
sh688777,中控技术,2025-09-23 09:52:09,50.2,11240,50.19,U
sh688777,中控技术,2025-09-23 09:52:12,50.19,6505,50.2,D
sh688777,中控技术,2025-09-23 09:52:18,50.23,10473,50.2,U
sh688777,中控技术,2025-09-23 09:52:21,50.29,4531,50.23,U
sh688777,中控技术,2025-09-23 09:52:42,50.29,6650,50.25,U
sh688777,中控技术,2025-09-23 09:52:45,50.28,4526,50.29,D
sh688777,中控技术,2025-09-23 09:52:48,50.29,4844,50.28,D
sh688777,中控技术,2025-09-23 09:52:54,50.24,9142,50.27,D
sh688777,中控技术,2025-09-23 09:53:06,50.26,4502,50.26,U
sh688777,中控技术,2025-09-23 09:53:09,50.26,6988,50.26,U
sh688777,中控技术,2025-09-23 09:53:12,50.26,9682,50.26,D
sh688777,中控技术,2025-09-23 09:53:15,50.26,4303,50.26,D
sh688777,中控技术,2025-09-23 09:53:54,50.2,12198,50.19,U
sh688777,中控技术,2025-09-23 09:54:06,50.18,9279,50.18,D
sh688777,中控技术,2025-09-23 09:54:09,50.19,4200,50.18,U
sh688777,中控技术,2025-09-23 09:54:12,50.2,11800,50.19,U
sh688777,中控技术,2025-09-23 09:54:15,50.18,4553,50.2,E
sh688777,中控技术,2025-09-23 09:54:24,50.18,4779,50.2,D
sh688777,中控技术,2025-09-23 09:54:48,50.2,6339,50.19,U
sh688777,中控技术,2025-09-23 09:54:51,50.18,11008,50.2,D
sh688777,中控技术,2025-09-23 09:54:54,50.16,22282,50.18,D
sh688777,中控技术,2025-09-23 09:54:57,50.15,4100,50.16,D
sh688777,中控技术,2025-09-23 09:55:03,50.15,11274,50.15,D
sh688777,中控技术,2025-09-23 09:55:15,50.11,4267,50.11,D
sh688777,中控技术,2025-09-23 09:55:24,50.13,4993,50.13,U
sh688777,中控技术,2025-09-23 09:55:27,50.12,7183,50.13,D
sh688777,中控技术,2025-09-23 09:55:33,50.11,7581,50.11,D
sh688777,中控技术,2025-09-23 09:55:39,50.1,10423,50.11,D
sh688777,中控技术,2025-09-23 09:55:42,50.1,7393,50.1,D
sh688777,中控技术,2025-09-23 09:55:48,50.09,5200,50.09,D
sh688777,中控技术,2025-09-23 09:55:51,50.08,9787,50.09,D
sh688777,中控技术,2025-09-23 09:55:54,50.09,5578,50.08,U
sh688777,中控技术,2025-09-23 09:55:57,50.04,19225,50.09,D
sh688777,中控技术,2025-09-23 09:56:00,50.04,13062,50.04,D
sh688777,中控技术,2025-09-23 09:56:03,50.09,68975,50.04,U
sh688777,中控技术,2025-09-23 09:56:06,50.06,5941,50.09,D
sh688777,中控技术,2025-09-23 09:56:12,50.09,5515,50.1,D
sh688777,中控技术,2025-09-23 09:56:18,50.1,7003,50.09,U
sh688777,中控技术,2025-09-23 09:56:24,50.06,21263,50.1,D
sh688777,中控技术,2025-09-23 09:56:36,50.04,44639,50.06,D
sh688777,中控技术,2025-09-23 09:56:39,50.04,38138,50.04,D
sh688777,中控技术,2025-09-23 09:56:45,50.03,35676,50.03,D
sh688777,中控技术,2025-09-23 09:56:48,50.01,28597,50.03,D
sh688777,中控技术,2025-09-23 09:56:51,50.02,32325,50.01,E
sh688777,中控技术,2025-09-23 09:56:54,50.01,5258,50.02,D
sh688777,中控技术,2025-09-23 09:56:57,50.01,59470,50.01,U
sh688777,中控技术,2025-09-23 09:57:00,50.0,4722,50.01,D
sh688777,中控技术,2025-09-23 09:57:09,49.99,16640,50.0,D
sh688777,中控技术,2025-09-23 09:57:12,49.99,34316,49.99,U
sh688777,中控技术,2025-09-23 09:57:15,49.97,5700,49.99,D
sh688777,中控技术,2025-09-23 09:57:21,49.99,71689,49.99,U
sh688777,中控技术,2025-09-23 09:57:24,49.99,4369,49.99,U
sh688777,中控技术,2025-09-23 09:57:30,49.94,13915,49.98,D
sh688777,中控技术,2025-09-23 09:57:33,49.93,10649,49.94,D
sh688777,中控技术,2025-09-23 09:57:36,49.93,4251,49.93,U
sh688777,中控技术,2025-09-23 09:57:45,49.93,10486,49.93,D
sh688777,中控技术,2025-09-23 09:57:54,49.95,7331,49.96,D
sh688777,中控技术,2025-09-23 09:57:57,49.95,4500,49.95,D
sh688777,中控技术,2025-09-23 09:58:00,49.96,13090,49.95,U
sh688777,中控技术,2025-09-23 09:58:03,49.95,22107,49.96,D
sh688777,中控技术,2025-09-23 09:58:27,49.96,16075,49.95,U
sh688777,中控技术,2025-09-23 09:58:42,49.95,16842,49.95,D
sh688777,中控技术,2025-09-23 09:58:45,49.96,4925,49.95,U
sh688777,中控技术,2025-09-23 09:58:51,49.96,9024,49.96,D
sh688777,中控技术,2025-09-23 09:59:06,49.95,27727,49.95,D
sh688777,中控技术,2025-09-23 09:59:09,49.95,8703,49.95,D
sh688777,中控技术,2025-09-23 09:59:12,49.95,17453,49.95,D
sh688777,中控技术,2025-09-23 09:59:15,49.94,13265,49.95,D
sh688777,中控技术,2025-09-23 09:59:18,49.94,12280,49.94,D
sh688777,中控技术,2025-09-23 09:59:21,49.92,16857,49.94,D
sh688777,中控技术,2025-09-23 09:59:24,49.89,77430,49.92,D
sh688777,中控技术,2025-09-23 09:59:30,49.89,8287,49.89,U
sh688777,中控技术,2025-09-23 09:59:33,49.88,4902,49.89,D
sh688777,中控技术,2025-09-23 09:59:36,49.89,10232,49.88,U
sh688777,中控技术,2025-09-23 09:59:39,49.88,7382,49.89,D
sh688777,中控技术,2025-09-23 09:59:42,49.9,11201,49.88,U
sh688777,中控技术,2025-09-23 09:59:45,49.9,14929,49.9,D
sh688777,中控技术,2025-09-23 09:59:48,49.86,30652,49.9,D
sh688777,中控技术,2025-09-23 09:59:57,49.8,12708,49.85,D
sh688777,中控技术,2025-09-23 10:00:03,49.82,49684,49.82,D
sh688777,中控技术,2025-09-23 10:00:09,49.8,28135,49.82,D
sh688777,中控技术,2025-09-23 10:00:15,49.82,5508,49.82,D
sh688777,中控技术,2025-09-23 10:00:21,49.87,18729,49.84,U
sh688777,中控技术,2025-09-23 10:00:24,49.83,9040,49.87,D
sh688777,中控技术,2025-09-23 10:00:36,49.81,20150,49.83,D
sh688777,中控技术,2025-09-23 10:00:39,49.82,12305,49.81,U
sh688777,中控技术,2025-09-23 10:00:42,49.79,11367,49.82,D
sh688777,中控技术,2025-09-23 10:00:48,49.73,8597,49.75,D
sh688777,中控技术,2025-09-23 10:00:51,49.74,4500,49.73,E
sh688777,中控技术,2025-09-23 10:00:54,49.73,5000,49.74,D
sh688777,中控技术,2025-09-23 10:00:57,49.74,19995,49.73,D
sh688777,中控技术,2025-09-23 10:01:00,49.79,7513,49.74,U
sh688777,中控技术,2025-09-23 10:01:03,49.73,9828,49.79,D
sh688777,中控技术,2025-09-23 10:01:06,49.74,11298,49.73,E
sh688777,中控技术,2025-09-23 10:01:09,49.73,11281,49.74,D
sh688777,中控技术,2025-09-23 10:01:12,49.71,6490,49.73,D
sh688777,中控技术,2025-09-23 10:01:15,49.71,4894,49.71,D
sh688777,中控技术,2025-09-23 10:01:18,49.7,10474,49.71,D
sh688777,中控技术,2025-09-23 10:01:21,49.71,7443,49.7,E
sh688777,中控技术,2025-09-23 10:01:24,49.7,17069,49.71,D
sh688777,中控技术,2025-09-23 10:01:27,49.7,7189,49.7,U
sh688777,中控技术,2025-09-23 10:01:30,49.69,10254,49.7,D
sh688777,中控技术,2025-09-23 10:01:36,49.67,10602,49.68,D
sh688777,中控技术,2025-09-23 10:01:39,49.66,20374,49.67,D
sh688777,中控技术,2025-09-23 10:01:42,49.66,4806,49.66,D
sh688777,中控技术,2025-09-23 10:01:45,49.67,7900,49.66,U
sh688777,中控技术,2025-09-23 10:01:51,49.66,5010,49.66,D
sh688777,中控技术,2025-09-23 10:01:54,49.72,33575,49.66,U
sh688777,中控技术,2025-09-23 10:01:57,49.73,9557,49.72,U
sh688777,中控技术,2025-09-23 10:02:00,49.76,15089,49.73,U
sh688777,中控技术,2025-09-23 10:02:09,49.68,5300,49.71,D
sh688777,中控技术,2025-09-23 10:02:18,49.71,6204,49.7,U
sh688777,中控技术,2025-09-23 10:02:24,49.68,7800,49.69,D
sh688777,中控技术,2025-09-23 10:02:27,49.67,9474,49.68,D
sh688777,中控技术,2025-09-23 10:02:30,49.66,25362,49.67,D
sh688777,中控技术,2025-09-23 10:02:33,49.66,8800,49.66,U
sh688777,中控技术,2025-09-23 10:02:39,49.62,7855,49.66,D
sh688777,中控技术,2025-09-23 10:02:42,49.62,32553,49.62,U
sh688777,中控技术,2025-09-23 10:02:45,49.63,5053,49.62,D
sh688777,中控技术,2025-09-23 10:02:48,49.65,6500,49.63,U
sh688777,中控技术,2025-09-23 10:02:54,49.65,20379,49.64,U
sh688777,中控技术,2025-09-23 10:03:03,49.67,44098,49.61,U
sh688777,中控技术,2025-09-23 10:03:06,49.65,17162,49.67,D
sh688777,中控技术,2025-09-23 10:03:09,49.69,6553,49.65,U
sh688777,中控技术,2025-09-23 10:03:12,49.69,19138,49.69,D
sh688777,中控技术,2025-09-23 10:03:18,49.79,5465,49.71,U
sh688777,中控技术,2025-09-23 10:03:30,49.73,5667,49.78,D
sh688777,中控技术,2025-09-23 10:03:33,49.76,5764,49.73,E
sh688777,中控技术,2025-09-23 10:03:39,49.74,6851,49.76,D
sh688777,中控技术,2025-09-23 10:03:45,49.74,8266,49.74,U
sh688777,中控技术,2025-09-23 10:03:54,49.74,4732,49.74,D
sh688777,中控技术,2025-09-23 10:04:03,49.76,24115,49.78,D
sh688777,中控技术,2025-09-23 10:04:09,49.76,5461,49.77,D
sh688777,中控技术,2025-09-23 10:04:15,49.74,7324,49.76,D
sh688777,中控技术,2025-09-23 10:04:18,49.73,26886,49.74,D
sh688777,中控技术,2025-09-23 10:04:21,49.74,41692,49.73,U
sh688777,中控技术,2025-09-23 10:04:33,49.75,7430,49.75,D
sh688777,中控技术,2025-09-23 10:04:36,49.75,6532,49.75,U
sh688777,中控技术,2025-09-23 10:04:51,49.77,4429,49.75,U
sh688777,中控技术,2025-09-23 10:04:54,49.77,4279,49.77,U
sh688777,中控技术,2025-09-23 10:05:00,49.77,5128,49.75,U
sh688777,中控技术,2025-09-23 10:05:03,49.77,4572,49.77,U
sh688777,中控技术,2025-09-23 10:05:06,49.75,24504,49.77,D
sh688777,中控技术,2025-09-23 10:05:12,49.74,17090,49.76,D
sh688777,中控技术,2025-09-23 10:05:15,49.74,4192,49.74,D
sh688777,中控技术,2025-09-23 10:05:24,49.73,14400,49.74,D
sh688777,中控技术,2025-09-23 10:05:33,49.71,5300,49.72,D
sh688777,中控技术,2025-09-23 10:05:36,49.72,5641,49.71,D
sh688777,中控技术,2025-09-23 10:05:39,49.72,5430,49.72,D
sh688777,中控技术,2025-09-23 10:05:48,49.76,5000,49.74,U
sh688777,中控技术,2025-09-23 10:05:57,49.73,4162,49.75,E
sh688777,中控技术,2025-09-23 10:06:00,49.79,24012,49.73,U
sh688777,中控技术,2025-09-23 10:06:06,49.79,5000,49.82,D
sh688777,中控技术,2025-09-23 10:06:09,49.78,4338,49.79,D
sh688777,中控技术,2025-09-23 10:06:15,49.89,17722,49.78,U
sh688777,中控技术,2025-09-23 10:06:21,49.89,7587,49.87,U
sh688777,中控技术,2025-09-23 10:06:24,49.82,6757,49.89,D
sh688777,中控技术,2025-09-23 10:06:51,49.84,4517,49.88,E
sh688777,中控技术,2025-09-23 10:07:09,49.78,6694,49.81,D
sh688777,中控技术,2025-09-23 10:07:21,49.78,19210,49.8,D
sh688777,中控技术,2025-09-23 10:07:24,49.76,7227,49.78,D
sh688777,中控技术,2025-09-23 10:07:30,49.78,7128,49.78,U
sh688777,中控技术,2025-09-23 10:07:39,49.78,6300,49.78,U
sh688777,中控技术,2025-09-23 10:07:42,49.78,27606,49.78,U
sh688777,中控技术,2025-09-23 10:07:48,49.77,13463,49.79,D
sh688777,中控技术,2025-09-23 10:07:54,49.77,6624,49.77,U
sh688777,中控技术,2025-09-23 10:08:15,49.73,9193,49.78,D
sh688777,中控技术,2025-09-23 10:08:42,49.73,12129,49.74,D
sh688777,中控技术,2025-09-23 10:08:45,49.69,12044,49.73,D
sh688777,中控技术,2025-09-23 10:08:51,49.68,5068,49.7,D
sh688777,中控技术,2025-09-23 10:09:00,49.66,9047,49.67,D
sh688777,中控技术,2025-09-23 10:09:03,49.65,11611,49.66,D
sh688777,中控技术,2025-09-23 10:09:06,49.68,19804,49.65,U
sh688777,中控技术,2025-09-23 10:09:09,49.65,12662,49.68,D
sh688777,中控技术,2025-09-23 10:09:12,49.65,4092,49.65,D
sh688777,中控技术,2025-09-23 10:09:15,49.65,5100,49.65,U
sh688777,中控技术,2025-09-23 10:09:24,49.63,11868,49.63,D
sh688777,中控技术,2025-09-23 10:09:27,49.62,12769,49.63,D
sh688777,中控技术,2025-09-23 10:09:33,49.61,25316,49.63,D
sh688777,中控技术,2025-09-23 10:09:36,49.6,17014,49.61,D
sh688777,中控技术,2025-09-23 10:09:39,49.58,15892,49.6,D
sh688777,中控技术,2025-09-23 10:09:42,49.57,9564,49.58,D
sh688777,中控技术,2025-09-23 10:09:48,49.51,7439,49.58,D
sh688777,中控技术,2025-09-23 10:09:54,49.51,4776,49.52,D
sh688777,中控技术,2025-09-23 10:09:57,49.51,4428,49.51,D
sh688777,中控技术,2025-09-23 10:10:00,49.51,20026,49.51,D
sh688777,中控技术,2025-09-23 10:10:03,49.51,26404,49.51,D
sh688777,中控技术,2025-09-23 10:10:06,49.51,14503,49.51,U
sh688777,中控技术,2025-09-23 10:10:09,49.51,57843,49.51,U
sh688777,中控技术,2025-09-23 10:10:12,49.51,35103,49.51,U
sh688777,中控技术,2025-09-23 10:10:15,49.52,45551,49.51,E
sh688777,中控技术,2025-09-23 10:10:18,49.49,10368,49.52,D
sh688777,中控技术,2025-09-23 10:10:21,49.5,33851,49.49,U
sh688777,中控技术,2025-09-23 10:10:24,49.49,7807,49.5,E
sh688777,中控技术,2025-09-23 10:10:27,49.47,15640,49.49,D
sh688777,中控技术,2025-09-23 10:10:33,49.49,11242,49.49,D
sh688777,中控技术,2025-09-23 10:10:36,49.46,14655,49.49,D
sh688777,中控技术,2025-09-23 10:10:39,49.45,15421,49.46,D
sh688777,中控技术,2025-09-23 10:10:42,49.45,6116,49.45,U
sh688777,中控技术,2025-09-23 10:10:48,49.49,52212,49.45,U
sh688777,中控技术,2025-09-23 10:10:51,49.45,12274,49.49,D
sh688777,中控技术,2025-09-23 10:10:54,49.49,17762,49.45,U
sh688777,中控技术,2025-09-23 10:10:57,49.45,10572,49.49,D
sh688777,中控技术,2025-09-23 10:11:03,49.44,31727,49.46,D
sh688777,中控技术,2025-09-23 10:11:06,49.47,39367,49.44,D
sh688777,中控技术,2025-09-23 10:11:09,49.58,14065,49.47,U
sh688777,中控技术,2025-09-23 10:11:15,49.55,13341,49.56,E
sh688777,中控技术,2025-09-23 10:11:18,49.56,19812,49.55,U
sh688777,中控技术,2025-09-23 10:11:21,49.46,11848,49.56,D
sh688777,中控技术,2025-09-23 10:11:36,49.49,6864,49.5,D
sh688777,中控技术,2025-09-23 10:11:39,49.49,4267,49.49,D
sh688777,中控技术,2025-09-23 10:11:42,49.5,7622,49.49,U
sh688777,中控技术,2025-09-23 10:11:48,49.48,9864,49.5,D
sh688777,中控技术,2025-09-23 10:11:51,49.47,6089,49.48,D
sh688777,中控技术,2025-09-23 10:11:54,49.48,12000,49.47,U
sh688777,中控技术,2025-09-23 10:11:57,49.46,4218,49.48,D
sh688777,中控技术,2025-09-23 10:12:09,49.47,6261,49.45,U
sh688777,中控技术,2025-09-23 10:12:21,49.43,4231,49.43,D
sh688777,中控技术,2025-09-23 10:12:24,49.39,28422,49.43,D
sh688777,中控技术,2025-09-23 10:12:27,49.38,34458,49.39,D
sh688777,中控技术,2025-09-23 10:12:30,49.4,7014,49.38,D
sh688777,中控技术,2025-09-23 10:12:51,49.4,5908,49.41,D
sh688777,中控技术,2025-09-23 10:12:57,49.44,12821,49.4,U
sh688777,中控技术,2025-09-23 10:13:15,49.38,4506,49.4,D
sh688777,中控技术,2025-09-23 10:13:18,49.36,26367,49.38,D
sh688777,中控技术,2025-09-23 10:13:21,49.36,8001,49.36,D
sh688777,中控技术,2025-09-23 10:13:30,49.36,16600,49.35,U
sh688777,中控技术,2025-09-23 10:13:36,49.36,5973,49.36,U
sh688777,中控技术,2025-09-23 10:13:39,49.34,8575,49.36,D
sh688777,中控技术,2025-09-23 10:13:42,49.35,4345,49.34,E
sh688777,中控技术,2025-09-23 10:13:48,49.35,5801,49.35,U
sh688777,中控技术,2025-09-23 10:13:54,49.36,8617,49.35,U
sh688777,中控技术,2025-09-23 10:13:57,49.4,21400,49.36,U
sh688777,中控技术,2025-09-23 10:14:00,49.4,8866,49.4,U
sh688777,中控技术,2025-09-23 10:14:03,49.4,8640,49.4,U
sh688777,中控技术,2025-09-23 10:14:06,49.42,4835,49.4,U
sh688777,中控技术,2025-09-23 10:14:09,49.4,5322,49.42,D
sh688777,中控技术,2025-09-23 10:14:21,49.45,8233,49.5,D
sh688777,中控技术,2025-09-23 10:14:33,49.56,18552,49.51,U
sh688777,中控技术,2025-09-23 10:14:57,49.65,6150,49.61,U
sh688777,中控技术,2025-09-23 10:15:09,49.59,26136,49.62,D
sh688777,中控技术,2025-09-23 10:15:12,49.66,20751,49.59,U
sh688777,中控技术,2025-09-23 10:15:21,49.68,6330,49.66,E
sh688777,中控技术,2025-09-23 10:15:24,49.71,6374,49.68,U
sh688777,中控技术,2025-09-23 10:15:27,49.63,13862,49.71,D
sh688777,中控技术,2025-09-23 10:15:39,49.66,7215,49.66,D
sh688777,中控技术,2025-09-23 10:15:42,49.67,4973,49.66,E
sh688777,中控技术,2025-09-23 10:15:51,49.66,4983,49.66,D
sh688777,中控技术,2025-09-23 10:15:57,49.74,21234,49.67,U
sh688777,中控技术,2025-09-23 10:16:00,49.67,12841,49.74,D
sh688777,中控技术,2025-09-23 10:16:03,49.67,14376,49.67,U
sh688777,中控技术,2025-09-23 10:16:24,49.6,5226,49.63,D
sh688777,中控技术,2025-09-23 10:16:30,49.6,13127,49.6,D
sh688777,中控技术,2025-09-23 10:16:45,49.65,4728,49.66,U
sh688777,中控技术,2025-09-23 10:17:03,49.55,7376,49.55,U
sh688777,中控技术,2025-09-23 10:17:06,49.54,5163,49.55,D
sh688777,中控技术,2025-09-23 10:17:09,49.51,7174,49.54,D
sh688777,中控技术,2025-09-23 10:17:18,49.48,19996,49.55,D
sh688777,中控技术,2025-09-23 10:17:24,49.47,5300,49.55,D
sh688777,中控技术,2025-09-23 10:17:48,49.48,10200,49.49,D
sh688777,中控技术,2025-09-23 10:18:03,49.47,15653,49.52,D
sh688777,中控技术,2025-09-23 10:18:06,49.44,8780,49.47,D
sh688777,中控技术,2025-09-23 10:18:30,49.43,12153,49.43,D
sh688777,中控技术,2025-09-23 10:18:51,49.49,4301,49.48,U
sh688777,中控技术,2025-09-23 10:19:03,49.43,7200,49.47,D
sh688777,中控技术,2025-09-23 10:19:18,49.48,50000,49.45,U
sh688777,中控技术,2025-09-23 10:19:39,49.36,96611,49.44,D
sh688777,中控技术,2025-09-23 10:19:54,49.38,4328,49.37,E
sh688777,中控技术,2025-09-23 10:19:57,49.37,5000,49.38,D
sh688777,中控技术,2025-09-23 10:20:03,49.39,22203,49.37,D
sh688777,中控技术,2025-09-23 10:20:06,49.37,19900,49.39,D
sh688777,中控技术,2025-09-23 10:20:18,49.5,6467,49.38,U
sh688777,中控技术,2025-09-23 10:20:42,49.46,4287,49.48,E
sh688777,中控技术,2025-09-23 10:20:45,49.46,4979,49.46,U
sh688777,中控技术,2025-09-23 10:21:00,49.46,5062,49.41,U
sh688777,中控技术,2025-09-23 10:21:03,49.48,7924,49.46,U
sh688777,中控技术,2025-09-23 10:21:21,49.47,5200,49.47,D
sh688777,中控技术,2025-09-23 10:21:30,49.5,6739,49.51,D
sh688777,中控技术,2025-09-23 10:21:33,49.5,10200,49.5,D
sh688777,中控技术,2025-09-23 10:21:39,49.5,12207,49.5,D
sh688777,中控技术,2025-09-23 10:21:45,49.5,4846,49.49,U
sh688777,中控技术,2025-09-23 10:21:48,49.5,16306,49.5,U
sh688777,中控技术,2025-09-23 10:22:00,49.49,5348,49.52,D
sh688777,中控技术,2025-09-23 10:22:15,49.49,7069,49.49,E
sh688777,中控技术,2025-09-23 10:22:24,49.47,6538,49.49,D
sh688777,中控技术,2025-09-23 10:22:33,49.47,6894,49.47,U
sh688777,中控技术,2025-09-23 10:22:36,49.49,16208,49.47,U
sh688777,中控技术,2025-09-23 10:22:42,49.43,6493,49.44,D
sh688777,中控技术,2025-09-23 10:22:45,49.48,13760,49.43,U
sh688777,中控技术,2025-09-23 10:22:51,49.42,5500,49.48,D
sh688777,中控技术,2025-09-23 10:22:57,49.44,21051,49.42,E
sh688777,中控技术,2025-09-23 10:23:36,49.43,15498,49.43,D
sh688777,中控技术,2025-09-23 10:23:45,49.4,28858,49.43,D
sh688777,中控技术,2025-09-23 10:23:48,49.38,31703,49.4,D
sh688777,中控技术,2025-09-23 10:23:51,49.37,15831,49.38,D
sh688777,中控技术,2025-09-23 10:23:54,49.37,5313,49.37,D
sh688777,中控技术,2025-09-23 10:24:00,49.37,15081,49.37,U
sh688777,中控技术,2025-09-23 10:24:09,49.38,5800,49.36,U
sh688777,中控技术,2025-09-23 10:24:18,49.38,21641,49.4,D
sh688777,中控技术,2025-09-23 10:24:42,49.37,6300,49.37,D
sh688777,中控技术,2025-09-23 10:24:45,49.35,21403,49.37,D
sh688777,中控技术,2025-09-23 10:24:48,49.34,6200,49.35,D
sh688777,中控技术,2025-09-23 10:24:51,49.33,7400,49.34,D
sh688777,中控技术,2025-09-23 10:24:54,49.32,11722,49.33,D
sh688777,中控技术,2025-09-23 10:24:57,49.32,9962,49.32,D
sh688777,中控技术,2025-09-23 10:25:00,49.29,48215,49.32,D
sh688777,中控技术,2025-09-23 10:25:03,49.25,38309,49.29,D
sh688777,中控技术,2025-09-23 10:25:06,49.25,16953,49.25,D
sh688777,中控技术,2025-09-23 10:25:21,49.24,23239,49.22,U
sh688777,中控技术,2025-09-23 10:25:24,49.21,9123,49.24,D
sh688777,中控技术,2025-09-23 10:25:27,49.2,12615,49.21,D
sh688777,中控技术,2025-09-23 10:25:30,49.22,5269,49.2,U
sh688777,中控技术,2025-09-23 10:25:36,49.18,40100,49.22,D
sh688777,中控技术,2025-09-23 10:25:39,49.18,4888,49.18,D
sh688777,中控技术,2025-09-23 10:25:42,49.14,34585,49.18,D
sh688777,中控技术,2025-09-23 10:25:45,49.22,21190,49.14,U
sh688777,中控技术,2025-09-23 10:25:48,49.2,17337,49.22,U
sh688777,中控技术,2025-09-23 10:25:51,49.13,4100,49.2,D
sh688777,中控技术,2025-09-23 10:25:54,49.18,16144,49.13,E
sh688777,中控技术,2025-09-23 10:26:03,49.18,24300,49.18,U
sh688777,中控技术,2025-09-23 10:26:06,49.24,5230,49.18,U
sh688777,中控技术,2025-09-23 10:26:27,49.19,12557,49.24,D
sh688777,中控技术,2025-09-23 10:26:30,49.21,14774,49.19,U
sh688777,中控技术,2025-09-23 10:26:33,49.23,5400,49.21,U
sh688777,中控技术,2025-09-23 10:26:36,49.23,32300,49.23,U
sh688777,中控技术,2025-09-23 10:26:39,49.24,9312,49.23,U
sh688777,中控技术,2025-09-23 10:26:48,49.21,10053,49.23,D
sh688777,中控技术,2025-09-23 10:27:03,49.2,10524,49.22,D
sh688777,中控技术,2025-09-23 10:27:12,49.21,4115,49.2,U
sh688777,中控技术,2025-09-23 10:27:15,49.2,15439,49.21,D
sh688777,中控技术,2025-09-23 10:27:18,49.17,41794,49.2,D
sh688777,中控技术,2025-09-23 10:27:27,49.22,12501,49.21,U
sh688777,中控技术,2025-09-23 10:27:30,49.22,4573,49.22,U
sh688777,中控技术,2025-09-23 10:27:33,49.22,5913,49.22,E
sh688777,中控技术,2025-09-23 10:27:48,49.15,7800,49.17,D
sh688777,中控技术,2025-09-23 10:27:57,49.1,26389,49.16,D
sh688777,中控技术,2025-09-23 10:28:00,49.15,14535,49.1,U
sh688777,中控技术,2025-09-23 10:28:03,49.2,7601,49.15,U
sh688777,中控技术,2025-09-23 10:28:12,49.16,23000,49.2,D
sh688777,中控技术,2025-09-23 10:28:21,49.15,12200,49.16,E
sh688777,中控技术,2025-09-23 10:28:36,49.15,6886,49.14,U
sh688777,中控技术,2025-09-23 10:28:39,49.17,6408,49.15,U
sh688777,中控技术,2025-09-23 10:28:51,49.15,9000,49.15,U
sh688777,中控技术,2025-09-23 10:28:54,49.14,32036,49.15,D
sh688777,中控技术,2025-09-23 10:28:57,49.13,4809,49.14,E
sh688777,中控技术,2025-09-23 10:29:15,49.2,4674,49.2,U
sh688777,中控技术,2025-09-23 10:29:18,49.21,20851,49.2,U
sh688777,中控技术,2025-09-23 10:29:21,49.15,23296,49.21,D
sh688777,中控技术,2025-09-23 10:29:24,49.16,6618,49.15,D
sh688777,中控技术,2025-09-23 10:29:27,49.17,12323,49.16,E
sh688777,中控技术,2025-09-23 10:29:33,49.18,8235,49.18,U
sh688777,中控技术,2025-09-23 10:29:39,49.18,9502,49.15,U
sh688777,中控技术,2025-09-23 10:29:45,49.18,7328,49.14,U
sh688777,中控技术,2025-09-23 10:29:57,49.15,6716,49.17,D
sh688777,中控技术,2025-09-23 10:30:03,49.12,13302,49.13,D
sh688777,中控技术,2025-09-23 10:30:06,49.08,4473,49.12,D
sh688777,中控技术,2025-09-23 10:30:15,49.1,16397,49.07,U
sh688777,中控技术,2025-09-23 10:30:18,49.06,31474,49.1,D
sh688777,中控技术,2025-09-23 10:30:21,49.07,10400,49.06,D
sh688777,中控技术,2025-09-23 10:30:24,49.07,20800,49.07,D
sh688777,中控技术,2025-09-23 10:30:27,49.08,21975,49.07,E
sh688777,中控技术,2025-09-23 10:30:57,49.1,12510,49.14,D
sh688777,中控技术,2025-09-23 10:31:18,49.11,8100,49.13,D
sh688777,中控技术,2025-09-23 10:31:33,49.1,11432,49.11,D
sh688777,中控技术,2025-09-23 10:31:36,49.1,4386,49.1,D
sh688777,中控技术,2025-09-23 10:31:48,49.03,13795,49.08,D
sh688777,中控技术,2025-09-23 10:32:06,49.04,6006,49.04,D
sh688777,中控技术,2025-09-23 10:32:15,49.09,5300,49.04,U
sh688777,中控技术,2025-09-23 10:32:24,49.08,10719,49.06,U
sh688777,中控技术,2025-09-23 10:32:30,49.06,33494,49.08,D
sh688777,中控技术,2025-09-23 10:32:33,49.04,8041,49.06,D
sh688777,中控技术,2025-09-23 10:32:39,49.04,11634,49.05,D
sh688777,中控技术,2025-09-23 10:32:45,49.05,22255,49.05,U
sh688777,中控技术,2025-09-23 10:32:54,49.03,4490,49.02,U
sh688777,中控技术,2025-09-23 10:32:57,49.03,5000,49.03,U
sh688777,中控技术,2025-09-23 10:33:00,49.02,4144,49.03,D
sh688777,中控技术,2025-09-23 10:33:03,49.02,39556,49.02,D
sh688777,中控技术,2025-09-23 10:33:06,49.02,145801,49.02,U
sh688777,中控技术,2025-09-23 10:33:09,49.01,15105,49.02,D
sh688777,中控技术,2025-09-23 10:33:12,49.01,6959,49.01,U
sh688777,中控技术,2025-09-23 10:33:18,49.0,17481,49.01,D
sh688777,中控技术,2025-09-23 10:33:21,49.01,19219,49.0,U
sh688777,中控技术,2025-09-23 10:33:24,49.0,20447,49.01,D
sh688777,中控技术,2025-09-23 10:33:30,48.98,6347,48.99,D
sh688777,中控技术,2025-09-23 10:33:33,48.98,6188,48.98,D
sh688777,中控技术,2025-09-23 10:33:39,48.96,5000,48.95,E
sh688777,中控技术,2025-09-23 10:33:42,49.0,51826,48.96,U
sh688777,中控技术,2025-09-23 10:33:45,48.94,7651,49.0,D
sh688777,中控技术,2025-09-23 10:34:00,48.99,5852,48.99,D
sh688777,中控技术,2025-09-23 10:34:03,49.05,27965,48.99,U
sh688777,中控技术,2025-09-23 10:34:06,49.05,7100,49.05,U
sh688777,中控技术,2025-09-23 10:34:09,49.08,25015,49.05,U
sh688777,中控技术,2025-09-23 10:34:15,49.11,6910,49.1,U
sh688777,中控技术,2025-09-23 10:34:18,49.11,8357,49.11,U
sh688777,中控技术,2025-09-23 10:34:21,49.11,9976,49.11,U
sh688777,中控技术,2025-09-23 10:34:45,49.13,18950,49.15,D
sh688777,中控技术,2025-09-23 10:35:00,49.17,9290,49.17,U
sh688777,中控技术,2025-09-23 10:35:15,49.17,5577,49.18,D
sh688777,中控技术,2025-09-23 10:35:18,49.18,5680,49.17,U
sh688777,中控技术,2025-09-23 10:35:30,49.18,7950,49.15,U
sh688777,中控技术,2025-09-23 10:35:39,49.19,95182,49.15,U
sh688777,中控技术,2025-09-23 10:36:00,49.15,5512,49.17,D
sh688777,中控技术,2025-09-23 10:36:09,49.18,5094,49.18,U
sh688777,中控技术,2025-09-23 10:36:15,49.19,8210,49.2,U
sh688777,中控技术,2025-09-23 10:36:18,49.21,44377,49.19,U
sh688777,中控技术,2025-09-23 10:36:21,49.27,10170,49.21,U
sh688777,中控技术,2025-09-23 10:36:45,49.19,13062,49.25,D
sh688777,中控技术,2025-09-23 10:36:48,49.23,5548,49.19,U
sh688777,中控技术,2025-09-23 10:36:51,49.21,4865,49.23,E
sh688777,中控技术,2025-09-23 10:37:00,49.18,5153,49.19,D
sh688777,中控技术,2025-09-23 10:37:06,49.21,13586,49.2,U
sh688777,中控技术,2025-09-23 10:37:36,49.18,13996,49.23,D
sh688777,中控技术,2025-09-23 10:37:39,49.16,10200,49.18,D
sh688777,中控技术,2025-09-23 10:37:45,49.2,5292,49.19,U
sh688777,中控技术,2025-09-23 10:37:48,49.21,41256,49.2,E
sh688777,中控技术,2025-09-23 10:38:06,49.17,8161,49.13,U
sh688777,中控技术,2025-09-23 10:38:12,49.06,17466,49.1,D
sh688777,中控技术,2025-09-23 10:38:21,49.09,5226,49.06,U
sh688777,中控技术,2025-09-23 10:38:24,49.08,5749,49.09,D
sh688777,中控技术,2025-09-23 10:38:33,49.09,7590,49.09,D
sh688777,中控技术,2025-09-23 10:39:06,49.09,23181,49.12,D
sh688777,中控技术,2025-09-23 10:39:30,49.08,11900,49.13,D
sh688777,中控技术,2025-09-23 10:39:39,49.05,6186,49.09,D
sh688777,中控技术,2025-09-23 10:39:42,49.04,4200,49.05,D
sh688777,中控技术,2025-09-23 10:39:45,49.04,4800,49.04,D
sh688777,中控技术,2025-09-23 10:40:00,49.04,12866,49.06,D
sh688777,中控技术,2025-09-23 10:40:03,49.12,11045,49.04,U
sh688777,中控技术,2025-09-23 10:40:18,49.1,4435,49.1,E
sh688777,中控技术,2025-09-23 10:40:30,49.07,22080,49.08,D
sh688777,中控技术,2025-09-23 10:40:33,49.07,8882,49.07,U
sh688777,中控技术,2025-09-23 10:40:48,49.04,13185,49.08,D
sh688777,中控技术,2025-09-23 10:40:57,49.04,6300,49.06,D
sh688777,中控技术,2025-09-23 10:41:00,48.98,55128,49.04,D
sh688777,中控技术,2025-09-23 10:41:03,48.98,10343,48.98,D
sh688777,中控技术,2025-09-23 10:41:09,48.92,5400,48.99,D
sh688777,中控技术,2025-09-23 10:41:12,48.91,12450,48.92,D
sh688777,中控技术,2025-09-23 10:41:18,48.9,16110,48.92,D
sh688777,中控技术,2025-09-23 10:41:21,48.88,9333,48.9,D
sh688777,中控技术,2025-09-23 10:41:24,48.86,24297,48.88,D
sh688777,中控技术,2025-09-23 10:41:27,48.86,10900,48.86,D
sh688777,中控技术,2025-09-23 10:41:33,48.87,6679,48.85,U
sh688777,中控技术,2025-09-23 10:41:36,48.84,9488,48.87,D
sh688777,中控技术,2025-09-23 10:41:39,48.88,24365,48.84,U
sh688777,中控技术,2025-09-23 10:41:48,48.96,5400,48.97,U
sh688777,中控技术,2025-09-23 10:41:57,48.97,12153,48.96,U
sh688777,中控技术,2025-09-23 10:42:00,48.95,5975,48.97,D
sh688777,中控技术,2025-09-23 10:42:03,48.94,6800,48.95,E
sh688777,中控技术,2025-09-23 10:42:06,48.9,4629,48.94,D
sh688777,中控技术,2025-09-23 10:42:15,48.9,13998,48.9,D
sh688777,中控技术,2025-09-23 10:42:24,48.94,5600,48.9,U
sh688777,中控技术,2025-09-23 10:42:30,48.89,30521,48.94,D
sh688777,中控技术,2025-09-23 10:42:36,48.94,13389,48.94,U
sh688777,中控技术,2025-09-23 10:42:48,48.94,11420,48.94,U
sh688777,中控技术,2025-09-23 10:42:51,49.0,19927,48.94,U
sh688777,中控技术,2025-09-23 10:42:54,49.0,10710,49.0,U
sh688777,中控技术,2025-09-23 10:42:57,49.11,5576,49.0,U
sh688777,中控技术,2025-09-23 10:43:21,49.12,6400,49.11,U
sh688777,中控技术,2025-09-23 10:43:24,49.12,5200,49.12,D
sh688777,中控技术,2025-09-23 10:43:45,49.17,4900,49.17,U
sh688777,中控技术,2025-09-23 10:43:48,49.17,14473,49.17,U
sh688777,中控技术,2025-09-23 10:43:51,49.18,9748,49.17,U
sh688777,中控技术,2025-09-23 10:45:00,49.25,9764,49.28,D
sh688777,中控技术,2025-09-23 10:45:03,49.22,8906,49.25,D
sh688777,中控技术,2025-09-23 10:45:12,49.26,6000,49.24,U
sh688777,中控技术,2025-09-23 10:45:15,49.27,4165,49.26,U
sh688777,中控技术,2025-09-23 10:45:27,49.25,6100,49.24,U
sh688777,中控技术,2025-09-23 10:45:30,49.23,10265,49.25,D
sh688777,中控技术,2025-09-23 10:45:42,49.29,12727,49.24,U
sh688777,中控技术,2025-09-23 10:45:45,49.31,4593,49.29,U
sh688777,中控技术,2025-09-23 10:45:54,49.3,7750,49.3,U
sh688777,中控技术,2025-09-23 10:45:57,49.29,5391,49.3,D
sh688777,中控技术,2025-09-23 10:46:03,49.3,6008,49.3,U
sh688777,中控技术,2025-09-23 10:46:09,49.29,4992,49.28,D
sh688777,中控技术,2025-09-23 10:46:15,49.3,4880,49.3,U
sh688777,中控技术,2025-09-23 10:46:33,49.27,4133,49.26,D
sh688777,中控技术,2025-09-23 10:46:48,49.3,6575,49.3,U
sh688777,中控技术,2025-09-23 10:46:51,49.34,26283,49.3,U
sh688777,中控技术,2025-09-23 10:47:03,49.27,7235,49.34,D
sh688777,中控技术,2025-09-23 10:47:45,49.34,4707,49.29,U
sh688777,中控技术,2025-09-23 10:48:00,49.3,6232,49.31,D
sh688777,中控技术,2025-09-23 10:48:06,49.34,11097,49.31,U
sh688777,中控技术,2025-09-23 10:48:15,49.38,5863,49.36,U
sh688777,中控技术,2025-09-23 10:48:18,49.39,5388,49.38,U
sh688777,中控技术,2025-09-23 10:48:30,49.44,7376,49.41,U
sh688777,中控技术,2025-09-23 10:48:42,49.37,11541,49.39,D
sh688777,中控技术,2025-09-23 10:49:06,49.35,5275,49.33,U
sh688777,中控技术,2025-09-23 10:49:09,49.3,6400,49.35,D
sh688777,中控技术,2025-09-23 10:49:24,49.35,7238,49.32,U
sh688777,中控技术,2025-09-23 10:49:30,49.33,15328,49.34,E
sh688777,中控技术,2025-09-23 10:50:00,49.35,14132,49.32,U
sh688777,中控技术,2025-09-23 10:50:09,49.33,9007,49.34,D
sh688777,中控技术,2025-09-23 10:50:12,49.28,19007,49.33,D
sh688777,中控技术,2025-09-23 10:50:27,49.23,8319,49.26,D
sh688777,中控技术,2025-09-23 10:50:57,49.23,10000,49.27,D
sh688777,中控技术,2025-09-23 10:51:42,49.28,5094,49.28,U
sh688777,中控技术,2025-09-23 10:51:57,49.29,13134,49.25,U
sh688777,中控技术,2025-09-23 10:52:45,49.18,5935,49.16,E
sh688777,中控技术,2025-09-23 10:52:54,49.11,6288,49.13,D
sh688777,中控技术,2025-09-23 10:53:06,49.08,5282,49.11,D
sh688777,中控技术,2025-09-23 10:53:30,49.12,9299,49.05,U
sh688777,中控技术,2025-09-23 10:53:33,49.12,4335,49.12,U
sh688777,中控技术,2025-09-23 10:53:39,49.12,5305,49.17,D
sh688777,中控技术,2025-09-23 10:53:42,49.12,6021,49.12,D
sh688777,中控技术,2025-09-23 10:53:45,49.12,5664,49.12,D
sh688777,中控技术,2025-09-23 10:54:00,49.22,5853,49.17,U
sh688777,中控技术,2025-09-23 10:54:03,49.13,15366,49.22,D
sh688777,中控技术,2025-09-23 10:54:24,49.25,5276,49.23,U
sh688777,中控技术,2025-09-23 10:54:33,49.23,5264,49.23,D
sh688777,中控技术,2025-09-23 10:54:51,49.27,8216,49.25,U
sh688777,中控技术,2025-09-23 10:55:00,49.27,5400,49.27,U
sh688777,中控技术,2025-09-23 10:55:06,49.22,28829,49.23,D
sh688777,中控技术,2025-09-23 10:55:12,49.27,8317,49.22,U
sh688777,中控技术,2025-09-23 10:55:21,49.19,6496,49.27,D
sh688777,中控技术,2025-09-23 10:56:03,49.07,25839,49.14,D
sh688777,中控技术,2025-09-23 10:56:24,49.1,4516,49.06,U
sh688777,中控技术,2025-09-23 10:56:39,49.13,5085,49.12,E
sh688777,中控技术,2025-09-23 10:57:09,49.12,11715,49.13,D
sh688777,中控技术,2025-09-23 10:57:45,49.13,5840,49.08,U
sh688777,中控技术,2025-09-23 10:58:24,49.1,4993,49.09,U
sh688777,中控技术,2025-09-23 10:58:30,49.07,4672,49.08,D
sh688777,中控技术,2025-09-23 10:58:33,49.09,5328,49.07,U
sh688777,中控技术,2025-09-23 10:59:06,49.12,4501,49.08,U
sh688777,中控技术,2025-09-23 10:59:09,49.16,7900,49.12,U
sh688777,中控技术,2025-09-23 10:59:18,49.2,5686,49.15,U
sh688777,中控技术,2025-09-23 10:59:51,49.15,4600,49.18,D
sh688777,中控技术,2025-09-23 10:59:54,49.15,5746,49.15,D
sh688777,中控技术,2025-09-23 11:00:00,49.15,5200,49.13,U
sh688777,中控技术,2025-09-23 11:00:09,49.06,15965,49.1,D
sh688777,中控技术,2025-09-23 11:00:12,49.05,9070,49.06,D
sh688777,中控技术,2025-09-23 11:00:18,49.07,4800,49.05,U
sh688777,中控技术,2025-09-23 11:00:24,49.04,6875,49.04,D
sh688777,中控技术,2025-09-23 11:00:33,49.04,4858,49.04,D
sh688777,中控技术,2025-09-23 11:00:51,49.04,4650,49.03,E
sh688777,中控技术,2025-09-23 11:01:03,49.04,5767,49.05,D
sh688777,中控技术,2025-09-23 11:01:06,49.04,9298,49.04,D
sh688777,中控技术,2025-09-23 11:01:12,49.07,18736,49.06,D
sh688777,中控技术,2025-09-23 11:01:21,49.04,12951,49.06,D
sh688777,中控技术,2025-09-23 11:01:24,49.08,8077,49.04,U
sh688777,中控技术,2025-09-23 11:01:27,49.09,4100,49.08,U
sh688777,中控技术,2025-09-23 11:01:45,49.1,9898,49.05,U
sh688777,中控技术,2025-09-23 11:01:54,49.03,4294,49.07,D
sh688777,中控技术,2025-09-23 11:02:00,49.02,6778,49.03,D
sh688777,中控技术,2025-09-23 11:02:03,49.02,7406,49.02,D
sh688777,中控技术,2025-09-23 11:02:06,49.02,22481,49.02,U
sh688777,中控技术,2025-09-23 11:02:21,49.09,4825,49.1,E
sh688777,中控技术,2025-09-23 11:02:45,49.0,49566,49.1,D
sh688777,中控技术,2025-09-23 11:03:06,49.06,4292,49.01,E
sh688777,中控技术,2025-09-23 11:03:21,49.17,6737,49.11,U
sh688777,中控技术,2025-09-23 11:03:39,49.1,6384,49.08,U
sh688777,中控技术,2025-09-23 11:03:42,49.07,4100,49.1,D
sh688777,中控技术,2025-09-23 11:03:48,49.05,6028,49.07,D
sh688777,中控技术,2025-09-23 11:04:03,49.0,17938,49.02,D
sh688777,中控技术,2025-09-23 11:04:06,49.0,17475,49.0,U
sh688777,中控技术,2025-09-23 11:04:09,49.0,8963,49.0,U
sh688777,中控技术,2025-09-23 11:04:27,48.99,4100,48.99,U
sh688777,中控技术,2025-09-23 11:04:36,48.98,4886,48.99,D
sh688777,中控技术,2025-09-23 11:04:42,48.99,8084,48.98,U
sh688777,中控技术,2025-09-23 11:05:06,49.01,5900,49.0,U
sh688777,中控技术,2025-09-23 11:05:15,49.0,6800,49.03,D
sh688777,中控技术,2025-09-23 11:05:27,49.07,7000,49.07,U
sh688777,中控技术,2025-09-23 11:05:33,49.03,4981,49.03,U
sh688777,中控技术,2025-09-23 11:05:39,49.02,7387,49.03,D
sh688777,中控技术,2025-09-23 11:05:57,49.04,6400,49.06,E
sh688777,中控技术,2025-09-23 11:06:00,49.02,20042,49.04,D
sh688777,中控技术,2025-09-23 11:07:57,49.09,4359,49.12,D
sh688777,中控技术,2025-09-23 11:08:00,49.08,4317,49.09,D
sh688777,中控技术,2025-09-23 11:08:09,49.05,8990,49.06,D
sh688777,中控技术,2025-09-23 11:08:21,49.03,9500,49.05,D
sh688777,中控技术,2025-09-23 11:08:27,48.99,28949,49.03,D
sh688777,中控技术,2025-09-23 11:09:06,48.96,11329,48.99,D
sh688777,中控技术,2025-09-23 11:09:09,48.95,17283,48.96,D
sh688777,中控技术,2025-09-23 11:09:18,48.9,8489,48.91,D
sh688777,中控技术,2025-09-23 11:09:21,48.9,5043,48.9,U
sh688777,中控技术,2025-09-23 11:09:33,48.89,6725,48.89,D
sh688777,中控技术,2025-09-23 11:09:39,48.9,4757,48.93,D
sh688777,中控技术,2025-09-23 11:09:42,48.93,6759,48.9,U
sh688777,中控技术,2025-09-23 11:09:45,48.9,4888,48.93,D
sh688777,中控技术,2025-09-23 11:09:51,48.86,30788,48.9,D
sh688777,中控技术,2025-09-23 11:10:12,48.95,16635,48.9,U
sh688777,中控技术,2025-09-23 11:10:18,48.95,14338,48.95,U
sh688777,中控技术,2025-09-23 11:10:30,49.0,8011,48.99,U
sh688777,中控技术,2025-09-23 11:10:33,49.0,8500,49.0,U
sh688777,中控技术,2025-09-23 11:10:39,49.02,5340,48.93,U
sh688777,中控技术,2025-09-23 11:10:48,49.01,40030,49.02,E
sh688777,中控技术,2025-09-23 11:11:24,48.99,17059,48.93,U
sh688777,中控技术,2025-09-23 11:11:36,48.95,7016,49.0,D
sh688777,中控技术,2025-09-23 11:12:06,48.92,13811,48.92,U
sh688777,中控技术,2025-09-23 11:12:09,48.9,5599,48.92,D
sh688777,中控技术,2025-09-23 11:12:15,48.89,6642,48.89,D
sh688777,中控技术,2025-09-23 11:12:39,48.91,16669,48.91,D
sh688777,中控技术,2025-09-23 11:12:48,48.91,4800,48.91,D
sh688777,中控技术,2025-09-23 11:12:57,48.91,8609,48.92,D
sh688777,中控技术,2025-09-23 11:13:03,48.92,22291,48.91,U
sh688777,中控技术,2025-09-23 11:13:15,48.92,10400,48.91,U
sh688777,中控技术,2025-09-23 11:13:18,48.91,5000,48.92,D
sh688777,中控技术,2025-09-23 11:13:21,48.92,6462,48.91,U
sh688777,中控技术,2025-09-23 11:13:45,48.92,6207,48.92,D
sh688777,中控技术,2025-09-23 11:13:54,48.95,6200,48.92,U
sh688777,中控技术,2025-09-23 11:14:03,48.91,5447,48.91,D
sh688777,中控技术,2025-09-23 11:14:27,48.89,4900,48.9,D
sh688777,中控技术,2025-09-23 11:14:30,48.89,12524,48.89,D
sh688777,中控技术,2025-09-23 11:14:33,48.91,6400,48.89,U
sh688777,中控技术,2025-09-23 11:14:45,48.85,29428,48.89,D
sh688777,中控技术,2025-09-23 11:14:51,48.85,7002,48.86,D
sh688777,中控技术,2025-09-23 11:15:03,48.85,18747,48.88,D
sh688777,中控技术,2025-09-23 11:15:12,48.85,8312,48.85,U
sh688777,中控技术,2025-09-23 11:15:15,48.85,12562,48.85,U
sh688777,中控技术,2025-09-23 11:15:39,48.88,4760,48.86,U
sh688777,中控技术,2025-09-23 11:16:18,48.88,6400,48.91,D
sh688777,中控技术,2025-09-23 11:16:24,48.87,12303,48.88,D
sh688777,中控技术,2025-09-23 11:16:39,48.86,5295,48.88,D
sh688777,中控技术,2025-09-23 11:16:45,48.86,4500,48.85,U
sh688777,中控技术,2025-09-23 11:16:48,48.88,15779,48.86,U
sh688777,中控技术,2025-09-23 11:16:57,48.9,21700,48.86,U
sh688777,中控技术,2025-09-23 11:17:36,48.87,29320,48.92,D
sh688777,中控技术,2025-09-23 11:17:48,48.87,4587,48.87,U
sh688777,中控技术,2025-09-23 11:18:30,48.91,4478,48.93,D
sh688777,中控技术,2025-09-23 11:18:36,48.89,20343,48.91,D
sh688777,中控技术,2025-09-23 11:18:45,48.91,4603,48.91,U
sh688777,中控技术,2025-09-23 11:18:54,48.93,11336,48.89,U
sh688777,中控技术,2025-09-23 11:19:06,48.91,4807,48.91,D
sh688777,中控技术,2025-09-23 11:19:21,48.93,5709,48.93,D
sh688777,中控技术,2025-09-23 11:20:30,49.02,4884,49.08,D
sh688777,中控技术,2025-09-23 11:20:33,49.01,12981,49.02,D
sh688777,中控技术,2025-09-23 11:20:45,48.98,9131,49.01,D
sh688777,中控技术,2025-09-23 11:21:06,48.94,6529,48.98,D
sh688777,中控技术,2025-09-23 11:21:36,48.92,4959,48.94,D
sh688777,中控技术,2025-09-23 11:21:39,48.89,23369,48.92,D
sh688777,中控技术,2025-09-23 11:22:00,48.88,10743,48.88,D
sh688777,中控技术,2025-09-23 11:22:09,48.86,10237,48.86,D
sh688777,中控技术,2025-09-23 11:22:12,48.84,7598,48.86,D
sh688777,中控技术,2025-09-23 11:22:18,48.8,27490,48.83,D
sh688777,中控技术,2025-09-23 11:22:27,48.8,11900,48.88,D
sh688777,中控技术,2025-09-23 11:22:57,48.8,50600,48.82,D
sh688777,中控技术,2025-09-23 11:23:09,48.85,4266,48.86,U
sh688777,中控技术,2025-09-23 11:23:12,48.83,13600,48.85,D
sh688777,中控技术,2025-09-23 11:23:18,48.78,21142,48.83,D
sh688777,中控技术,2025-09-23 11:23:24,48.79,5200,48.85,D
sh688777,中控技术,2025-09-23 11:23:30,48.83,4425,48.8,U
sh688777,中控技术,2025-09-23 11:23:42,48.8,27524,48.82,D
sh688777,中控技术,2025-09-23 11:23:51,48.77,11104,48.8,D
sh688777,中控技术,2025-09-23 11:23:54,48.76,5471,48.77,D
sh688777,中控技术,2025-09-23 11:23:57,48.77,50400,48.76,U
sh688777,中控技术,2025-09-23 11:24:06,48.79,5638,48.71,U
sh688777,中控技术,2025-09-23 11:24:18,48.74,5200,48.75,D
sh688777,中控技术,2025-09-23 11:24:33,48.72,7355,48.72,D
sh688777,中控技术,2025-09-23 11:24:36,48.72,6739,48.72,U
sh688777,中控技术,2025-09-23 11:24:48,48.7,16287,48.74,D
sh688777,中控技术,2025-09-23 11:25:00,48.68,16992,48.7,D
sh688777,中控技术,2025-09-23 11:25:03,48.69,15872,48.68,U
sh688777,中控技术,2025-09-23 11:25:18,48.7,19600,48.68,U
sh688777,中控技术,2025-09-23 11:26:03,48.69,7780,48.74,D
sh688777,中控技术,2025-09-23 11:26:06,48.73,4932,48.69,U
sh688777,中控技术,2025-09-23 11:26:18,48.72,7078,48.69,U
sh688777,中控技术,2025-09-23 11:26:27,48.7,5557,48.7,D
sh688777,中控技术,2025-09-23 11:26:30,48.7,22800,48.7,U
sh688777,中控技术,2025-09-23 11:26:33,48.7,4175,48.7,U
sh688777,中控技术,2025-09-23 11:26:36,48.7,8048,48.7,U
sh688777,中控技术,2025-09-23 11:27:12,48.67,5270,48.67,D
sh688777,中控技术,2025-09-23 11:27:15,48.68,6637,48.67,U
sh688777,中控技术,2025-09-23 11:27:18,48.69,4318,48.68,U
sh688777,中控技术,2025-09-23 11:27:21,48.7,23540,48.69,U
sh688777,中控技术,2025-09-23 11:27:51,48.68,4792,48.69,D
sh688777,中控技术,2025-09-23 11:28:21,48.65,16185,48.66,D
sh688777,中控技术,2025-09-23 11:28:36,48.64,4500,48.66,D
sh688777,中控技术,2025-09-23 11:28:54,48.63,18720,48.63,D
sh688777,中控技术,2025-09-23 11:28:57,48.62,19065,48.63,D
sh688777,中控技术,2025-09-23 11:29:03,48.6,16287,48.61,D
sh688777,中控技术,2025-09-23 11:29:18,48.68,38234,48.61,U
sh688777,中控技术,2025-09-23 11:29:33,48.68,8631,48.62,U
sh688777,中控技术,2025-09-23 11:29:59,48.65,5058,48.69,D
sh688777,中控技术,2025-09-23 13:00:03,48.65,30450,48.65,U
sh688777,中控技术,2025-09-23 13:00:06,48.65,16201,48.65,D
sh688777,中控技术,2025-09-23 13:00:09,48.7,10240,48.65,U
sh688777,中控技术,2025-09-23 13:00:12,48.61,29967,48.7,D
sh688777,中控技术,2025-09-23 13:00:15,48.6,25130,48.61,D
sh688777,中控技术,2025-09-23 13:00:30,48.59,73186,48.62,D
sh688777,中控技术,2025-09-23 13:00:33,48.58,4704,48.59,D
sh688777,中控技术,2025-09-23 13:00:36,48.59,22774,48.58,U
sh688777,中控技术,2025-09-23 13:00:42,48.61,12669,48.59,U
sh688777,中控技术,2025-09-23 13:00:48,48.63,7800,48.63,U
sh688777,中控技术,2025-09-23 13:01:03,48.63,7697,48.63,D
sh688777,中控技术,2025-09-23 13:01:06,48.66,5090,48.63,U
sh688777,中控技术,2025-09-23 13:01:12,48.73,8328,48.69,U
sh688777,中控技术,2025-09-23 13:01:51,48.79,10412,48.79,U
sh688777,中控技术,2025-09-23 13:01:54,48.76,4788,48.79,D
sh688777,中控技术,2025-09-23 13:01:57,48.79,21459,48.76,U
sh688777,中控技术,2025-09-23 13:02:12,48.71,5692,48.74,D
sh688777,中控技术,2025-09-23 13:02:21,48.7,8174,48.7,D
sh688777,中控技术,2025-09-23 13:02:30,48.71,20700,48.7,U
sh688777,中控技术,2025-09-23 13:02:45,48.68,15552,48.71,D
sh688777,中控技术,2025-09-23 13:02:48,48.63,6064,48.68,D
sh688777,中控技术,2025-09-23 13:02:57,48.63,6981,48.63,E
sh688777,中控技术,2025-09-23 13:03:39,48.61,9944,48.65,D
sh688777,中控技术,2025-09-23 13:03:54,48.69,5879,48.69,U
sh688777,中控技术,2025-09-23 13:04:00,48.61,4520,48.63,D
sh688777,中控技术,2025-09-23 13:04:30,48.63,9184,48.63,D
sh688777,中控技术,2025-09-23 13:04:51,48.62,6770,48.63,D
sh688777,中控技术,2025-09-23 13:05:00,48.61,5597,48.62,D
sh688777,中控技术,2025-09-23 13:05:27,48.64,28654,48.65,U
sh688777,中控技术,2025-09-23 13:05:30,48.65,5000,48.64,U
sh688777,中控技术,2025-09-23 13:05:51,48.61,16310,48.62,D
sh688777,中控技术,2025-09-23 13:06:00,48.6,21154,48.62,D
sh688777,中控技术,2025-09-23 13:06:03,48.61,15435,48.6,U
sh688777,中控技术,2025-09-23 13:06:09,48.6,6293,48.61,D
sh688777,中控技术,2025-09-23 13:06:12,48.6,14658,48.6,D
sh688777,中控技术,2025-09-23 13:06:15,48.61,9762,48.6,E
sh688777,中控技术,2025-09-23 13:06:21,48.61,6288,48.6,E
sh688777,中控技术,2025-09-23 13:06:24,48.6,14350,48.61,D
sh688777,中控技术,2025-09-23 13:06:30,48.61,4726,48.61,U
sh688777,中控技术,2025-09-23 13:06:33,48.6,4978,48.61,D
sh688777,中控技术,2025-09-23 13:06:39,48.62,32610,48.61,U
sh688777,中控技术,2025-09-23 13:06:42,48.61,6655,48.62,E
sh688777,中控技术,2025-09-23 13:06:45,48.6,4817,48.61,D
sh688777,中控技术,2025-09-23 13:06:48,48.61,5567,48.6,U
sh688777,中控技术,2025-09-23 13:06:54,48.6,5521,48.6,D
sh688777,中控技术,2025-09-23 13:07:18,48.64,22575,48.63,U
sh688777,中控技术,2025-09-23 13:07:39,48.62,16784,48.7,D
sh688777,中控技术,2025-09-23 13:08:12,48.69,4263,48.7,D
sh688777,中控技术,2025-09-23 13:08:45,48.71,4208,48.7,U
sh688777,中控技术,2025-09-23 13:08:48,48.72,7792,48.71,U
sh688777,中控技术,2025-09-23 13:08:57,48.71,5600,48.74,D
sh688777,中控技术,2025-09-23 13:09:03,48.7,6911,48.71,D
sh688777,中控技术,2025-09-23 13:09:06,48.7,7375,48.7,D
sh688777,中控技术,2025-09-23 13:09:24,48.66,4767,48.66,D
sh688777,中控技术,2025-09-23 13:09:27,48.63,6320,48.66,D
sh688777,中控技术,2025-09-23 13:09:33,48.65,5542,48.64,U
sh688777,中控技术,2025-09-23 13:09:36,48.65,5794,48.65,D
sh688777,中控技术,2025-09-23 13:09:54,48.66,8859,48.64,U
sh688777,中控技术,2025-09-23 13:10:18,48.67,6577,48.62,U
sh688777,中控技术,2025-09-23 13:10:51,48.71,12864,48.68,U
sh688777,中控技术,2025-09-23 13:12:12,48.79,6327,48.77,U
sh688777,中控技术,2025-09-23 13:12:15,48.87,20360,48.79,U
sh688777,中控技术,2025-09-23 13:12:27,48.8,25669,48.87,D
sh688777,中控技术,2025-09-23 13:12:30,48.8,6400,48.8,U
sh688777,中控技术,2025-09-23 13:12:39,48.81,21846,48.8,U
sh688777,中控技术,2025-09-23 13:12:57,48.79,18359,48.82,D
sh688777,中控技术,2025-09-23 13:13:03,48.79,4400,48.79,U
sh688777,中控技术,2025-09-23 13:13:15,48.8,5000,48.79,U
sh688777,中控技术,2025-09-23 13:13:24,48.78,4606,48.77,U
sh688777,中控技术,2025-09-23 13:13:36,48.79,12487,48.75,U
sh688777,中控技术,2025-09-23 13:13:48,48.82,25884,48.73,U
sh688777,中控技术,2025-09-23 13:13:51,48.84,4194,48.82,U
sh688777,中控技术,2025-09-23 13:15:15,48.75,5023,48.75,D
sh688777,中控技术,2025-09-23 13:15:24,48.74,6060,48.74,D
sh688777,中控技术,2025-09-23 13:15:33,48.77,7824,48.77,U
sh688777,中控技术,2025-09-23 13:15:42,48.76,6318,48.78,D
sh688777,中控技术,2025-09-23 13:16:03,48.76,4200,48.77,D
sh688777,中控技术,2025-09-23 13:16:15,48.77,4103,48.79,D
sh688777,中控技术,2025-09-23 13:16:21,48.8,13779,48.8,U
sh688777,中控技术,2025-09-23 13:16:24,48.8,6064,48.8,D
sh688777,中控技术,2025-09-23 13:17:00,48.77,9230,48.79,D
sh688777,中控技术,2025-09-23 13:17:36,48.71,10413,48.75,D
sh688777,中控技术,2025-09-23 13:18:39,48.69,10376,48.71,D
sh688777,中控技术,2025-09-23 13:19:36,48.75,6900,48.75,D
sh688777,中控技术,2025-09-23 13:19:57,48.71,4758,48.72,D
sh688777,中控技术,2025-09-23 13:20:24,48.74,7491,48.76,E
sh688777,中控技术,2025-09-23 13:22:03,48.71,12609,48.71,D
sh688777,中控技术,2025-09-23 13:22:09,48.7,4107,48.69,E
sh688777,中控技术,2025-09-23 13:22:24,48.69,5355,48.68,U
sh688777,中控技术,2025-09-23 13:22:33,48.71,11362,48.71,U
sh688777,中控技术,2025-09-23 13:24:03,48.7,4165,48.71,D
sh688777,中控技术,2025-09-23 13:24:39,48.72,7000,48.73,D
sh688777,中控技术,2025-09-23 13:24:57,48.74,6100,48.74,U
sh688777,中控技术,2025-09-23 13:25:06,48.77,6998,48.73,U
sh688777,中控技术,2025-09-23 13:26:21,48.79,10234,48.77,U
sh688777,中控技术,2025-09-23 13:26:33,48.78,8450,48.79,D
sh688777,中控技术,2025-09-23 13:26:45,48.8,10149,48.79,U
sh688777,中控技术,2025-09-23 13:26:48,48.8,4600,48.8,D
sh688777,中控技术,2025-09-23 13:27:15,48.79,10743,48.79,U
sh688777,中控技术,2025-09-23 13:27:27,48.79,4490,48.78,U
sh688777,中控技术,2025-09-23 13:27:33,48.79,10829,48.78,U
sh688777,中控技术,2025-09-23 13:27:45,48.85,13874,48.82,U
sh688777,中控技术,2025-09-23 13:28:12,48.86,6501,48.84,U
sh688777,中控技术,2025-09-23 13:28:15,48.86,6000,48.86,U
sh688777,中控技术,2025-09-23 13:28:45,48.81,4600,48.84,D
sh688777,中控技术,2025-09-23 13:28:51,48.84,16499,48.82,U
sh688777,中控技术,2025-09-23 13:29:06,48.82,8000,48.82,D
sh688777,中控技术,2025-09-23 13:29:21,48.84,5072,48.84,U
sh688777,中控技术,2025-09-23 13:29:27,48.88,14987,48.84,U
sh688777,中控技术,2025-09-23 13:29:42,48.9,15100,48.9,U
sh688777,中控技术,2025-09-23 13:29:45,48.89,5011,48.9,E
sh688777,中控技术,2025-09-23 13:29:51,48.89,5300,48.89,U
sh688777,中控技术,2025-09-23 13:29:54,48.88,4188,48.89,D
sh688777,中控技术,2025-09-23 13:29:57,48.86,6603,48.88,D
sh688777,中控技术,2025-09-23 13:30:15,48.85,6796,48.85,U
sh688777,中控技术,2025-09-23 13:30:24,48.87,8974,48.85,U
sh688777,中控技术,2025-09-23 13:30:48,48.85,10437,48.88,D
sh688777,中控技术,2025-09-23 13:30:54,48.89,4449,48.88,U
sh688777,中控技术,2025-09-23 13:31:03,48.9,6815,48.9,U
sh688777,中控技术,2025-09-23 13:31:09,48.9,5585,48.9,D
sh688777,中控技术,2025-09-23 13:31:21,48.9,9059,48.9,U
sh688777,中控技术,2025-09-23 13:31:48,48.93,6303,48.93,U
sh688777,中控技术,2025-09-23 13:31:51,48.93,4933,48.93,D
sh688777,中控技术,2025-09-23 13:32:06,48.95,10700,48.93,U
sh688777,中控技术,2025-09-23 13:32:15,48.89,22600,48.93,D
sh688777,中控技术,2025-09-23 13:32:18,48.93,31364,48.89,U
sh688777,中控技术,2025-09-23 13:32:24,48.88,4295,48.9,D
sh688777,中控技术,2025-09-23 13:32:33,48.87,5400,48.88,D
sh688777,中控技术,2025-09-23 13:32:42,48.87,5403,48.89,D
sh688777,中控技术,2025-09-23 13:33:00,48.87,7900,48.86,U
sh688777,中控技术,2025-09-23 13:33:03,48.85,7259,48.87,D
sh688777,中控技术,2025-09-23 13:33:09,48.86,15987,48.83,U
sh688777,中控技术,2025-09-23 13:33:15,48.8,19740,48.82,D
sh688777,中控技术,2025-09-23 13:33:57,48.77,6480,48.8,D
sh688777,中控技术,2025-09-23 13:34:21,48.77,11664,48.77,U
sh688777,中控技术,2025-09-23 13:34:24,48.77,4172,48.77,U
sh688777,中控技术,2025-09-23 13:34:51,48.77,6500,48.77,U
sh688777,中控技术,2025-09-23 13:34:57,48.76,5615,48.77,D
sh688777,中控技术,2025-09-23 13:35:03,48.75,7918,48.76,D
sh688777,中控技术,2025-09-23 13:35:06,48.76,5002,48.75,U
sh688777,中控技术,2025-09-23 13:35:09,48.75,10008,48.76,U
sh688777,中控技术,2025-09-23 13:35:27,48.7,4589,48.7,D
sh688777,中控技术,2025-09-23 13:35:45,48.7,9948,48.75,D
sh688777,中控技术,2025-09-23 13:35:54,48.7,4662,48.7,U
sh688777,中控技术,2025-09-23 13:36:00,48.7,9612,48.7,U
sh688777,中控技术,2025-09-23 13:36:36,48.7,8800,48.74,D
sh688777,中控技术,2025-09-23 13:36:42,48.69,17943,48.7,D
sh688777,中控技术,2025-09-23 13:36:57,48.69,11000,48.7,D
sh688777,中控技术,2025-09-23 13:37:03,48.69,10057,48.69,D
sh688777,中控技术,2025-09-23 13:37:06,48.69,13616,48.69,U
sh688777,中控技术,2025-09-23 13:37:18,48.67,10766,48.69,D
sh688777,中控技术,2025-09-23 13:37:36,48.73,4604,48.69,U
sh688777,中控技术,2025-09-23 13:38:06,48.73,28255,48.75,D
sh688777,中控技术,2025-09-23 13:38:09,48.73,5151,48.73,U
sh688777,中控技术,2025-09-23 13:38:21,48.69,4193,48.69,D
sh688777,中控技术,2025-09-23 13:39:48,48.71,9700,48.72,D
sh688777,中控技术,2025-09-23 13:40:06,48.7,19920,48.72,D
sh688777,中控技术,2025-09-23 13:40:18,48.68,26208,48.69,D
sh688777,中控技术,2025-09-23 13:40:24,48.68,7391,48.69,D
sh688777,中控技术,2025-09-23 13:40:42,48.67,7316,48.67,D
sh688777,中控技术,2025-09-23 13:40:48,48.66,10218,48.67,D
sh688777,中控技术,2025-09-23 13:41:15,48.66,10986,48.66,D
sh688777,中控技术,2025-09-23 13:41:30,48.66,9035,48.65,U
sh688777,中控技术,2025-09-23 13:41:57,48.61,21485,48.65,D
sh688777,中控技术,2025-09-23 13:42:18,48.61,20801,48.64,D
sh688777,中控技术,2025-09-23 13:42:30,48.6,60202,48.63,D
sh688777,中控技术,2025-09-23 13:42:36,48.6,7000,48.6,D
sh688777,中控技术,2025-09-23 13:43:00,48.64,6232,48.64,U
sh688777,中控技术,2025-09-23 13:43:33,48.6,27600,48.61,D
sh688777,中控技术,2025-09-23 13:43:36,48.6,38311,48.6,D
sh688777,中控技术,2025-09-23 13:44:03,48.6,5200,48.62,D
sh688777,中控技术,2025-09-23 13:44:12,48.58,10200,48.6,D
sh688777,中控技术,2025-09-23 13:44:42,48.6,8205,48.59,U
sh688777,中控技术,2025-09-23 13:44:45,48.6,5500,48.6,D
sh688777,中控技术,2025-09-23 13:44:51,48.6,4295,48.6,D
sh688777,中控技术,2025-09-23 13:45:00,48.65,6185,48.62,U
sh688777,中控技术,2025-09-23 13:45:03,48.67,4948,48.65,U
sh688777,中控技术,2025-09-23 13:45:06,48.67,5121,48.67,U
sh688777,中控技术,2025-09-23 13:45:27,48.62,5322,48.65,D
sh688777,中控技术,2025-09-23 13:45:39,48.66,5400,48.66,U
sh688777,中控技术,2025-09-23 13:45:57,48.6,6489,48.63,D
sh688777,中控技术,2025-09-23 13:46:24,48.58,4865,48.59,D
sh688777,中控技术,2025-09-23 13:46:36,48.61,5598,48.58,U
sh688777,中控技术,2025-09-23 13:46:57,48.56,5949,48.57,D
sh688777,中控技术,2025-09-23 13:47:15,48.58,24966,48.57,U
sh688777,中控技术,2025-09-23 13:47:18,48.61,10211,48.58,U
sh688777,中控技术,2025-09-23 13:47:24,48.64,4353,48.61,U
sh688777,中控技术,2025-09-23 13:47:39,48.65,12813,48.64,U
sh688777,中控技术,2025-09-23 13:48:24,48.6,10897,48.59,U
sh688777,中控技术,2025-09-23 13:49:09,48.6,7650,48.6,D
sh688777,中控技术,2025-09-23 13:49:18,48.59,11860,48.6,D
sh688777,中控技术,2025-09-23 13:49:27,48.6,10600,48.6,D
sh688777,中控技术,2025-09-23 13:49:39,48.58,5000,48.59,D
sh688777,中控技术,2025-09-23 13:49:48,48.58,8158,48.59,D
sh688777,中控技术,2025-09-23 13:50:03,48.58,7800,48.58,U
sh688777,中控技术,2025-09-23 13:51:09,48.59,10580,48.6,D
sh688777,中控技术,2025-09-23 13:51:27,48.59,4947,48.59,U
sh688777,中控技术,2025-09-23 13:51:48,48.63,4873,48.61,U
sh688777,中控技术,2025-09-23 13:51:54,48.63,4948,48.63,U
sh688777,中控技术,2025-09-23 13:52:24,48.65,6578,48.63,U
sh688777,中控技术,2025-09-23 13:52:57,48.65,6165,48.65,U
sh688777,中控技术,2025-09-23 13:53:06,48.68,5264,48.65,U
sh688777,中控技术,2025-09-23 13:53:21,48.68,5000,48.7,U
sh688777,中控技术,2025-09-23 13:53:51,48.65,12683,48.66,D
sh688777,中控技术,2025-09-23 13:54:00,48.69,5987,48.64,U
sh688777,中控技术,2025-09-23 13:54:39,48.73,8883,48.7,U
sh688777,中控技术,2025-09-23 13:55:00,48.74,6400,48.75,U
sh688777,中控技术,2025-09-23 13:57:21,48.73,7085,48.74,E
sh688777,中控技术,2025-09-23 13:58:51,48.69,4298,48.67,U
sh688777,中控技术,2025-09-23 13:58:54,48.69,7100,48.69,U
sh688777,中控技术,2025-09-23 13:59:06,48.68,4800,48.69,D
sh688777,中控技术,2025-09-23 13:59:21,48.69,5092,48.69,D
sh688777,中控技术,2025-09-23 13:59:33,48.69,6000,48.71,D
sh688777,中控技术,2025-09-23 14:00:03,48.71,8213,48.69,U
sh688777,中控技术,2025-09-23 14:00:06,48.69,4724,48.71,E
sh688777,中控技术,2025-09-23 14:01:03,48.69,14745,48.71,D
sh688777,中控技术,2025-09-23 14:01:06,48.68,8482,48.69,D
sh688777,中控技术,2025-09-23 14:01:15,48.66,4791,48.66,U
sh688777,中控技术,2025-09-23 14:01:21,48.66,4126,48.65,U
sh688777,中控技术,2025-09-23 14:01:30,48.65,5200,48.65,D
sh688777,中控技术,2025-09-23 14:02:03,48.66,4243,48.67,D
sh688777,中控技术,2025-09-23 14:02:06,48.66,9041,48.66,D
sh688777,中控技术,2025-09-23 14:02:36,48.66,33026,48.67,D
sh688777,中控技术,2025-09-23 14:03:18,48.6,14020,48.58,U
sh688777,中控技术,2025-09-23 14:03:36,48.57,4900,48.58,D
sh688777,中控技术,2025-09-23 14:03:42,48.53,21530,48.57,D
sh688777,中控技术,2025-09-23 14:03:54,48.54,5146,48.54,U
sh688777,中控技术,2025-09-23 14:04:00,48.54,4437,48.53,U
sh688777,中控技术,2025-09-23 14:04:03,48.53,25200,48.54,D
sh688777,中控技术,2025-09-23 14:04:09,48.5,102227,48.52,D
sh688777,中控技术,2025-09-23 14:04:12,48.49,107651,48.5,D
sh688777,中控技术,2025-09-23 14:04:21,48.5,6800,48.5,U
sh688777,中控技术,2025-09-23 14:04:24,48.5,6424,48.5,U
sh688777,中控技术,2025-09-23 14:04:27,48.51,13655,48.5,U
sh688777,中控技术,2025-09-23 14:04:30,48.49,20653,48.51,D
sh688777,中控技术,2025-09-23 14:04:39,48.47,5000,48.53,D
sh688777,中控技术,2025-09-23 14:04:51,48.53,5433,48.53,U
sh688777,中控技术,2025-09-23 14:04:54,48.53,7328,48.53,D
sh688777,中控技术,2025-09-23 14:04:57,48.49,17336,48.53,D
sh688777,中控技术,2025-09-23 14:05:06,48.49,14180,48.51,D
sh688777,中控技术,2025-09-23 14:05:09,48.49,4445,48.49,D
sh688777,中控技术,2025-09-23 14:05:12,48.49,20897,48.49,D
sh688777,中控技术,2025-09-23 14:05:27,48.48,8306,48.49,D
sh688777,中控技术,2025-09-23 14:05:39,48.48,6944,48.49,D
sh688777,中控技术,2025-09-23 14:05:54,48.47,10400,48.48,D
sh688777,中控技术,2025-09-23 14:06:00,48.48,8301,48.49,D
sh688777,中控技术,2025-09-23 14:06:06,48.49,10200,48.48,U
sh688777,中控技术,2025-09-23 14:06:09,48.49,8900,48.49,U
sh688777,中控技术,2025-09-23 14:06:12,48.46,14398,48.49,D
sh688777,中控技术,2025-09-23 14:06:24,48.47,4698,48.48,D
sh688777,中控技术,2025-09-23 14:07:15,48.49,4220,48.48,U
sh688777,中控技术,2025-09-23 14:07:21,48.49,7937,48.48,U
sh688777,中控技术,2025-09-23 14:07:24,48.45,22562,48.49,D
sh688777,中控技术,2025-09-23 14:07:30,48.4,31600,48.45,D
sh688777,中控技术,2025-09-23 14:07:36,48.45,6185,48.44,U
sh688777,中控技术,2025-09-23 14:07:48,48.4,61725,48.4,U
sh688777,中控技术,2025-09-23 14:07:54,48.4,5200,48.4,U
sh688777,中控技术,2025-09-23 14:08:00,48.4,4201,48.43,D
sh688777,中控技术,2025-09-23 14:08:03,48.39,21482,48.4,D
sh688777,中控技术,2025-09-23 14:08:09,48.39,4500,48.39,U
sh688777,中控技术,2025-09-23 14:08:15,48.41,25946,48.39,U
sh688777,中控技术,2025-09-23 14:09:09,48.41,7413,48.42,D
sh688777,中控技术,2025-09-23 14:09:39,48.44,6104,48.44,U
sh688777,中控技术,2025-09-23 14:10:06,48.44,8730,48.45,D
sh688777,中控技术,2025-09-23 14:10:15,48.48,15312,48.46,U
sh688777,中控技术,2025-09-23 14:10:33,48.45,4600,48.45,D
sh688777,中控技术,2025-09-23 14:10:36,48.44,5307,48.45,D
sh688777,中控技术,2025-09-23 14:10:45,48.46,4338,48.43,U
sh688777,中控技术,2025-09-23 14:10:48,48.44,4421,48.46,U
sh688777,中控技术,2025-09-23 14:10:51,48.44,4316,48.44,U
sh688777,中控技术,2025-09-23 14:11:06,48.42,9500,48.44,D
sh688777,中控技术,2025-09-23 14:11:27,48.42,4827,48.42,U
sh688777,中控技术,2025-09-23 14:11:30,48.4,5502,48.42,D
sh688777,中控技术,2025-09-23 14:11:33,48.4,13496,48.4,D
sh688777,中控技术,2025-09-23 14:11:36,48.4,4458,48.4,D
sh688777,中控技术,2025-09-23 14:11:42,48.39,8677,48.4,D
sh688777,中控技术,2025-09-23 14:11:45,48.38,6689,48.39,D
sh688777,中控技术,2025-09-23 14:12:12,48.4,5664,48.38,U
sh688777,中控技术,2025-09-23 14:12:21,48.4,4172,48.39,U
sh688777,中控技术,2025-09-23 14:12:48,48.49,9500,48.49,U
sh688777,中控技术,2025-09-23 14:12:51,48.5,25999,48.49,U
sh688777,中控技术,2025-09-23 14:12:54,48.54,13335,48.5,U
sh688777,中控技术,2025-09-23 14:12:57,48.59,4236,48.54,U
sh688777,中控技术,2025-09-23 14:13:03,48.51,18459,48.53,D
sh688777,中控技术,2025-09-23 14:13:24,48.5,5384,48.5,D
sh688777,中控技术,2025-09-23 14:14:03,48.48,9203,48.49,D
sh688777,中控技术,2025-09-23 14:14:06,48.48,4592,48.48,D
sh688777,中控技术,2025-09-23 14:14:42,48.44,4805,48.44,U
sh688777,中控技术,2025-09-23 14:14:51,48.43,4483,48.44,D
sh688777,中控技术,2025-09-23 14:15:12,48.49,11308,48.48,U
sh688777,中控技术,2025-09-23 14:15:15,48.49,7388,48.49,U
sh688777,中控技术,2025-09-23 14:15:18,48.49,6135,48.49,U
sh688777,中控技术,2025-09-23 14:15:21,48.53,13754,48.49,U
sh688777,中控技术,2025-09-23 14:16:06,48.52,7782,48.55,D
sh688777,中控技术,2025-09-23 14:16:09,48.51,4487,48.52,D
sh688777,中控技术,2025-09-23 14:16:18,48.49,4422,48.5,D
sh688777,中控技术,2025-09-23 14:18:06,48.56,16151,48.55,U
sh688777,中控技术,2025-09-23 14:18:09,48.57,4300,48.56,U
sh688777,中控技术,2025-09-23 14:18:15,48.58,27502,48.57,U
sh688777,中控技术,2025-09-23 14:18:18,48.59,4511,48.58,U
sh688777,中控技术,2025-09-23 14:18:21,48.52,10200,48.59,D
sh688777,中控技术,2025-09-23 14:19:18,48.64,9252,48.66,D
sh688777,中控技术,2025-09-23 14:19:27,48.61,8069,48.67,D
sh688777,中控技术,2025-09-23 14:20:00,48.74,29833,48.7,U
sh688777,中控技术,2025-09-23 14:20:12,48.66,4729,48.66,U
sh688777,中控技术,2025-09-23 14:21:21,48.65,11000,48.6,U
sh688777,中控技术,2025-09-23 14:21:48,48.64,34632,48.66,E
sh688777,中控技术,2025-09-23 14:22:24,48.66,5175,48.7,U
sh688777,中控技术,2025-09-23 14:22:33,48.66,8647,48.66,U
sh688777,中控技术,2025-09-23 14:22:36,48.7,6136,48.66,U
sh688777,中控技术,2025-09-23 14:23:36,48.63,6712,48.63,D
sh688777,中控技术,2025-09-23 14:23:39,48.68,31471,48.63,U
sh688777,中控技术,2025-09-23 14:23:42,48.63,10411,48.68,D
sh688777,中控技术,2025-09-23 14:23:45,48.63,5628,48.63,D
sh688777,中控技术,2025-09-23 14:24:12,48.62,7060,48.64,D
sh688777,中控技术,2025-09-23 14:24:18,48.6,4450,48.61,D
sh688777,中控技术,2025-09-23 14:24:39,48.6,5107,48.6,D
sh688777,中控技术,2025-09-23 14:25:00,48.67,8642,48.61,U
sh688777,中控技术,2025-09-23 14:25:21,48.7,6185,48.67,U
sh688777,中控技术,2025-09-23 14:25:36,48.7,67340,48.7,U
sh688777,中控技术,2025-09-23 14:26:06,48.7,6443,48.73,D
sh688777,中控技术,2025-09-23 14:27:06,48.78,4821,48.76,U
sh688777,中控技术,2025-09-23 14:27:15,48.8,9022,48.8,U
sh688777,中控技术,2025-09-23 14:27:24,48.8,5086,48.8,D
sh688777,中控技术,2025-09-23 14:27:57,48.82,6200,48.82,D
sh688777,中控技术,2025-09-23 14:28:09,48.85,6179,48.86,D
sh688777,中控技术,2025-09-23 14:28:18,48.92,8164,48.86,U
sh688777,中控技术,2025-09-23 14:28:24,48.93,4965,48.92,U
sh688777,中控技术,2025-09-23 14:28:45,48.96,5600,48.92,U
sh688777,中控技术,2025-09-23 14:28:57,48.92,19061,48.95,D
sh688777,中控技术,2025-09-23 14:29:15,48.94,4581,48.94,U
sh688777,中控技术,2025-09-23 14:30:03,48.97,32527,48.92,U
sh688777,中控技术,2025-09-23 14:30:06,48.99,16147,48.97,U
sh688777,中控技术,2025-09-23 14:30:09,48.99,9581,48.99,D
sh688777,中控技术,2025-09-23 14:30:15,49.05,4682,48.99,U
sh688777,中控技术,2025-09-23 14:30:27,49.05,5431,49.0,U
sh688777,中控技术,2025-09-23 14:30:36,49.03,15883,49.02,E
sh688777,中控技术,2025-09-23 14:30:42,49.03,6946,49.03,D
sh688777,中控技术,2025-09-23 14:30:54,49.04,6800,49.05,D
sh688777,中控技术,2025-09-23 14:31:06,49.04,11800,49.04,U
sh688777,中控技术,2025-09-23 14:31:09,49.05,5451,49.04,U
sh688777,中控技术,2025-09-23 14:31:21,49.04,6464,49.04,U
sh688777,中控技术,2025-09-23 14:31:27,49.08,4731,49.06,U
sh688777,中控技术,2025-09-23 14:31:39,49.07,5710,49.08,D
sh688777,中控技术,2025-09-23 14:31:45,49.09,75447,49.05,U
sh688777,中控技术,2025-09-23 14:31:51,49.09,5100,49.06,U
sh688777,中控技术,2025-09-23 14:31:54,49.14,13529,49.09,U
sh688777,中控技术,2025-09-23 14:32:09,49.05,5968,49.07,D
sh688777,中控技术,2025-09-23 14:32:18,49.05,6970,49.08,D
sh688777,中控技术,2025-09-23 14:32:21,49.03,12214,49.05,D
sh688777,中控技术,2025-09-23 14:32:42,49.0,4377,49.0,D
sh688777,中控技术,2025-09-23 14:32:45,49.0,6443,49.0,D
sh688777,中控技术,2025-09-23 14:32:48,49.01,5232,49.0,U
sh688777,中控技术,2025-09-23 14:32:57,49.0,16617,49.0,U
sh688777,中控技术,2025-09-23 14:33:00,49.03,5775,49.0,U
sh688777,中控技术,2025-09-23 14:33:03,49.04,7795,49.03,U
sh688777,中控技术,2025-09-23 14:33:18,49.08,32419,49.07,U
sh688777,中控技术,2025-09-23 14:34:03,49.0,4634,49.0,U
sh688777,中控技术,2025-09-23 14:34:12,49.03,4800,49.05,D
sh688777,中控技术,2025-09-23 14:34:33,49.04,8902,49.05,E
sh688777,中控技术,2025-09-23 14:34:36,49.11,37160,49.04,U
sh688777,中控技术,2025-09-23 14:34:51,49.13,5445,49.09,U
sh688777,中控技术,2025-09-23 14:35:00,49.14,4369,49.14,U
sh688777,中控技术,2025-09-23 14:35:30,49.14,7801,49.15,D
sh688777,中控技术,2025-09-23 14:35:42,49.14,5050,49.15,D
sh688777,中控技术,2025-09-23 14:35:45,49.13,5738,49.14,D
sh688777,中控技术,2025-09-23 14:35:48,49.13,16195,49.13,D
sh688777,中控技术,2025-09-23 14:36:15,49.12,12265,49.1,U
sh688777,中控技术,2025-09-23 14:37:42,49.08,10000,49.11,D
sh688777,中控技术,2025-09-23 14:38:15,49.06,7600,49.06,D
sh688777,中控技术,2025-09-23 14:38:42,49.03,5159,49.04,D
sh688777,中控技术,2025-09-23 14:38:48,49.0,7098,49.02,D
sh688777,中控技术,2025-09-23 14:40:06,49.08,5036,49.06,U
sh688777,中控技术,2025-09-23 14:40:12,49.06,6780,49.08,D
sh688777,中控技术,2025-09-23 14:40:15,49.11,5264,49.06,U
sh688777,中控技术,2025-09-23 14:40:18,49.15,29110,49.11,U
sh688777,中控技术,2025-09-23 14:40:57,49.1,5489,49.09,U
sh688777,中控技术,2025-09-23 14:41:12,49.1,22964,49.09,U
sh688777,中控技术,2025-09-23 14:41:36,49.11,5021,49.13,D
sh688777,中控技术,2025-09-23 14:41:48,49.12,5176,49.11,U
sh688777,中控技术,2025-09-23 14:41:51,49.13,10680,49.12,U
sh688777,中控技术,2025-09-23 14:41:54,49.12,7972,49.13,D
sh688777,中控技术,2025-09-23 14:41:57,49.15,47731,49.12,U
sh688777,中控技术,2025-09-23 14:42:03,49.17,6900,49.16,U
sh688777,中控技术,2025-09-23 14:42:18,49.15,6741,49.15,D
sh688777,中控技术,2025-09-23 14:42:48,49.17,23351,49.15,U
sh688777,中控技术,2025-09-23 14:43:00,49.18,11105,49.18,U
sh688777,中控技术,2025-09-23 14:43:03,49.18,6586,49.18,U
sh688777,中控技术,2025-09-23 14:43:06,49.17,24312,49.18,D
sh688777,中控技术,2025-09-23 14:43:42,49.16,8784,49.17,D
sh688777,中控技术,2025-09-23 14:43:57,49.15,14384,49.15,D
sh688777,中控技术,2025-09-23 14:44:09,49.2,17239,49.17,U
sh688777,中控技术,2025-09-23 14:44:12,49.25,17919,49.2,U
sh688777,中控技术,2025-09-23 14:44:36,49.24,6651,49.24,U
sh688777,中控技术,2025-09-23 14:44:48,49.24,5811,49.25,U
sh688777,中控技术,2025-09-23 14:44:54,49.25,4634,49.24,U
sh688777,中控技术,2025-09-23 14:44:57,49.25,4220,49.25,U
sh688777,中控技术,2025-09-23 14:45:03,49.23,13344,49.24,D
sh688777,中控技术,2025-09-23 14:45:06,49.25,6150,49.23,U
sh688777,中控技术,2025-09-23 14:45:09,49.25,4598,49.25,D
sh688777,中控技术,2025-09-23 14:45:15,49.26,9706,49.26,U
sh688777,中控技术,2025-09-23 14:45:18,49.26,7067,49.26,U
sh688777,中控技术,2025-09-23 14:45:24,49.26,9289,49.27,D
sh688777,中控技术,2025-09-23 14:45:30,49.25,6482,49.26,D
sh688777,中控技术,2025-09-23 14:45:36,49.26,8784,49.26,U
sh688777,中控技术,2025-09-23 14:45:42,49.27,6040,49.26,U
sh688777,中控技术,2025-09-23 14:45:45,49.27,16415,49.27,U
sh688777,中控技术,2025-09-23 14:45:48,49.26,7011,49.27,D
sh688777,中控技术,2025-09-23 14:45:51,49.26,4100,49.26,D
sh688777,中控技术,2025-09-23 14:45:57,49.3,24998,49.28,U
sh688777,中控技术,2025-09-23 14:46:00,49.3,12300,49.3,U
sh688777,中控技术,2025-09-23 14:46:03,49.3,4559,49.3,U
sh688777,中控技术,2025-09-23 14:46:06,49.32,8839,49.3,U
sh688777,中控技术,2025-09-23 14:46:09,49.32,5671,49.32,E
sh688777,中控技术,2025-09-23 14:46:12,49.31,6340,49.32,D
sh688777,中控技术,2025-09-23 14:46:15,49.31,4600,49.31,U
sh688777,中控技术,2025-09-23 14:46:18,49.31,13790,49.31,U
sh688777,中控技术,2025-09-23 14:46:21,49.31,11258,49.31,D
sh688777,中控技术,2025-09-23 14:46:30,49.31,4080,49.3,U
sh688777,中控技术,2025-09-23 14:46:42,49.3,5700,49.3,D
sh688777,中控技术,2025-09-23 14:46:45,49.3,6968,49.3,D
sh688777,中控技术,2025-09-23 14:46:51,49.32,8800,49.3,U
sh688777,中控技术,2025-09-23 14:46:54,49.33,10014,49.32,U
sh688777,中控技术,2025-09-23 14:47:03,49.34,33624,49.33,U
sh688777,中控技术,2025-09-23 14:47:06,49.35,5437,49.34,U
sh688777,中控技术,2025-09-23 14:47:09,49.35,8538,49.35,U
sh688777,中控技术,2025-09-23 14:47:12,49.38,11304,49.35,U
sh688777,中控技术,2025-09-23 14:47:15,49.38,4537,49.38,U
sh688777,中控技术,2025-09-23 14:47:18,49.39,7266,49.38,U
sh688777,中控技术,2025-09-23 14:47:21,49.4,6100,49.39,U
sh688777,中控技术,2025-09-23 14:47:42,49.36,4826,49.36,D
sh688777,中控技术,2025-09-23 14:47:51,49.36,10400,49.35,E
sh688777,中控技术,2025-09-23 14:47:57,49.38,5910,49.37,U
sh688777,中控技术,2025-09-23 14:48:03,49.4,4102,49.38,U
sh688777,中控技术,2025-09-23 14:48:06,49.4,7982,49.4,U
sh688777,中控技术,2025-09-23 14:48:15,49.41,4336,49.41,U
sh688777,中控技术,2025-09-23 14:48:18,49.4,4820,49.41,D
sh688777,中控技术,2025-09-23 14:48:39,49.41,9297,49.41,U
sh688777,中控技术,2025-09-23 14:48:45,49.44,16387,49.41,U
sh688777,中控技术,2025-09-23 14:48:51,49.45,7800,49.42,U
sh688777,中控技术,2025-09-23 14:48:54,49.43,10008,49.45,D
sh688777,中控技术,2025-09-23 14:48:57,49.42,11429,49.43,D
sh688777,中控技术,2025-09-23 14:49:03,49.44,21334,49.43,U
sh688777,中控技术,2025-09-23 14:49:06,49.41,20244,49.44,D
sh688777,中控技术,2025-09-23 14:49:09,49.46,59626,49.41,U
sh688777,中控技术,2025-09-23 14:49:12,49.45,10830,49.46,E
sh688777,中控技术,2025-09-23 14:49:15,49.43,11760,49.45,D
sh688777,中控技术,2025-09-23 14:49:24,49.44,5817,49.45,D
sh688777,中控技术,2025-09-23 14:49:27,49.45,7478,49.44,D
sh688777,中控技术,2025-09-23 14:49:30,49.49,60948,49.45,U
sh688777,中控技术,2025-09-23 14:49:33,49.54,8508,49.49,U
sh688777,中控技术,2025-09-23 14:49:36,49.54,6941,49.54,D
sh688777,中控技术,2025-09-23 14:49:39,49.55,6617,49.54,E
sh688777,中控技术,2025-09-23 14:49:42,49.58,5580,49.55,U
sh688777,中控技术,2025-09-23 14:49:45,49.56,9944,49.58,E
sh688777,中控技术,2025-09-23 14:49:48,49.58,5314,49.56,U
sh688777,中控技术,2025-09-23 14:49:51,49.58,20909,49.58,U
sh688777,中控技术,2025-09-23 14:50:03,49.58,8035,49.58,U
sh688777,中控技术,2025-09-23 14:50:06,49.57,4647,49.58,D
sh688777,中控技术,2025-09-23 14:50:09,49.57,5904,49.57,D
sh688777,中控技术,2025-09-23 14:50:12,49.56,6455,49.57,D
sh688777,中控技术,2025-09-23 14:50:15,49.57,6561,49.56,U
sh688777,中控技术,2025-09-23 14:50:18,49.57,25301,49.57,U
sh688777,中控技术,2025-09-23 14:50:21,49.59,10905,49.57,U
sh688777,中控技术,2025-09-23 14:50:30,49.59,17935,49.59,U
sh688777,中控技术,2025-09-23 14:50:36,49.58,4896,49.59,D
sh688777,中控技术,2025-09-23 14:50:39,49.6,10200,49.58,U
sh688777,中控技术,2025-09-23 14:50:42,49.59,4537,49.6,E
sh688777,中控技术,2025-09-23 14:50:54,49.6,7464,49.6,U
sh688777,中控技术,2025-09-23 14:50:57,49.6,10703,49.6,U
sh688777,中控技术,2025-09-23 14:51:00,49.6,7615,49.6,D
sh688777,中控技术,2025-09-23 14:51:03,49.59,6200,49.6,D
sh688777,中控技术,2025-09-23 14:51:06,49.59,8834,49.59,D
sh688777,中控技术,2025-09-23 14:51:12,49.57,6012,49.59,D
sh688777,中控技术,2025-09-23 14:51:15,49.58,7607,49.57,U
sh688777,中控技术,2025-09-23 14:51:27,49.55,14661,49.57,D
sh688777,中控技术,2025-09-23 14:51:36,49.58,6490,49.57,U
sh688777,中控技术,2025-09-23 14:51:39,49.59,18875,49.58,U
sh688777,中控技术,2025-09-23 14:51:42,49.59,11300,49.59,D
sh688777,中控技术,2025-09-23 14:51:45,49.61,25703,49.59,U
sh688777,中控技术,2025-09-23 14:51:48,49.62,8737,49.61,U
sh688777,中控技术,2025-09-23 14:51:51,49.63,8403,49.62,U
sh688777,中控技术,2025-09-23 14:51:54,49.63,7500,49.63,U
sh688777,中控技术,2025-09-23 14:52:00,49.6,6800,49.63,D
sh688777,中控技术,2025-09-23 14:52:09,49.61,7431,49.62,D
sh688777,中控技术,2025-09-23 14:52:12,49.62,21464,49.61,U
sh688777,中控技术,2025-09-23 14:52:15,49.6,5337,49.62,D
sh688777,中控技术,2025-09-23 14:52:18,49.62,9505,49.6,U
sh688777,中控技术,2025-09-23 14:52:21,49.6,5132,49.62,D
sh688777,中控技术,2025-09-23 14:52:24,49.61,6096,49.6,U
sh688777,中控技术,2025-09-23 14:52:36,49.6,10593,49.6,D
sh688777,中控技术,2025-09-23 14:52:42,49.59,10700,49.6,D
sh688777,中控技术,2025-09-23 14:52:45,49.59,6864,49.59,D
sh688777,中控技术,2025-09-23 14:52:54,49.59,5901,49.6,D
sh688777,中控技术,2025-09-23 14:52:57,49.59,5761,49.59,D
sh688777,中控技术,2025-09-23 14:53:03,49.6,6439,49.59,U
sh688777,中控技术,2025-09-23 14:53:06,49.6,4521,49.6,U
sh688777,中控技术,2025-09-23 14:53:09,49.6,6864,49.6,U
sh688777,中控技术,2025-09-23 14:53:15,49.59,16045,49.6,D
sh688777,中控技术,2025-09-23 14:53:18,49.59,7918,49.59,D
sh688777,中控技术,2025-09-23 14:53:21,49.61,5120,49.59,U
sh688777,中控技术,2025-09-23 14:53:30,49.62,6389,49.61,U
sh688777,中控技术,2025-09-23 14:53:33,49.61,9835,49.62,D
sh688777,中控技术,2025-09-23 14:53:39,49.61,4439,49.61,U
sh688777,中控技术,2025-09-23 14:53:42,49.61,5945,49.61,U
sh688777,中控技术,2025-09-23 14:53:51,49.61,12621,49.62,D
sh688777,中控技术,2025-09-23 14:54:00,49.6,8152,49.6,D
sh688777,中控技术,2025-09-23 14:54:03,49.59,4369,49.6,D
sh688777,中控技术,2025-09-23 14:54:06,49.61,5600,49.59,U
sh688777,中控技术,2025-09-23 14:54:12,49.62,4318,49.61,U
sh688777,中控技术,2025-09-23 14:54:15,49.62,5500,49.62,E
sh688777,中控技术,2025-09-23 14:54:21,49.63,4301,49.63,U
sh688777,中控技术,2025-09-23 14:54:30,49.63,9593,49.6,U
sh688777,中控技术,2025-09-23 14:54:36,49.6,4094,49.63,D
sh688777,中控技术,2025-09-23 14:54:39,49.63,9609,49.6,U
sh688777,中控技术,2025-09-23 14:55:00,49.61,4644,49.62,D
sh688777,中控技术,2025-09-23 14:55:03,49.63,14233,49.61,U
sh688777,中控技术,2025-09-23 14:55:09,49.62,4889,49.61,E
sh688777,中控技术,2025-09-23 14:55:15,49.63,6471,49.59,U
sh688777,中控技术,2025-09-23 14:55:18,49.57,6662,49.63,D
sh688777,中控技术,2025-09-23 14:55:21,49.6,12656,49.57,U
sh688777,中控技术,2025-09-23 14:55:33,49.6,9902,49.62,D
sh688777,中控技术,2025-09-23 14:55:42,49.6,5549,49.6,D
sh688777,中控技术,2025-09-23 14:56:00,49.61,6238,49.61,U
sh688777,中控技术,2025-09-23 14:56:06,49.6,5245,49.61,D
sh688777,中控技术,2025-09-23 14:56:09,49.59,5968,49.6,D
sh688777,中控技术,2025-09-23 14:56:12,49.6,9099,49.59,U
sh688777,中控技术,2025-09-23 14:56:15,49.6,9467,49.6,U
sh688777,中控技术,2025-09-23 14:56:21,49.6,8944,49.62,D
sh688777,中控技术,2025-09-23 14:56:24,49.6,5120,49.6,D
sh688777,中控技术,2025-09-23 14:56:33,49.61,5869,49.61,U
sh688777,中控技术,2025-09-23 14:56:36,49.6,4900,49.61,D
sh688777,中控技术,2025-09-23 14:56:39,49.59,6611,49.6,D
sh688777,中控技术,2025-09-23 14:56:51,49.59,5125,49.59,D
sh688777,中控技术,2025-09-23 14:57:00,49.6,6043,49.59,U
sh688777,中控技术,2025-09-23 15:00:03,49.55,103992,49.6,U
