symbol,name,ticktime,price,volume,prev_price,kind
sh688777,中控技术,2025-10-21 09:25:01,53.34,42423,0.0,U
sh688777,中控技术,2025-10-21 09:30:03,53.32,17477,53.29,E
sh688777,中控技术,2025-10-21 09:30:06,53.35,7973,53.32,U
sh688777,中控技术,2025-10-21 09:30:09,53.5,7293,53.35,U
sh688777,中控技术,2025-10-21 09:30:12,53.5,19438,53.5,D
sh688777,中控技术,2025-10-21 09:30:15,53.61,26073,53.5,U
sh688777,中控技术,2025-10-21 09:30:18,53.4,7730,53.61,D
sh688777,中控技术,2025-10-21 09:30:21,53.38,5294,53.4,D
sh688777,中控技术,2025-10-21 09:30:24,53.44,4739,53.38,U
sh688777,中控技术,2025-10-21 09:30:27,53.36,13193,53.44,D
sh688777,中控技术,2025-10-21 09:30:30,53.34,24608,53.36,D
sh688777,中控技术,2025-10-21 09:30:33,53.32,18969,53.34,D
sh688777,中控技术,2025-10-21 09:30:36,53.35,11196,53.32,U
sh688777,中控技术,2025-10-21 09:30:39,53.34,8459,53.35,E
sh688777,中控技术,2025-10-21 09:30:45,53.4,18644,53.4,U
sh688777,中控技术,2025-10-21 09:30:48,53.4,10144,53.4,U
sh688777,中控技术,2025-10-21 09:30:51,53.43,11473,53.4,U
sh688777,中控技术,2025-10-21 09:30:54,53.46,9415,53.43,U
sh688777,中控技术,2025-10-21 09:30:57,53.44,11047,53.46,D
sh688777,中控技术,2025-10-21 09:31:00,53.46,8213,53.44,U
sh688777,中控技术,2025-10-21 09:31:03,53.5,4817,53.46,U
sh688777,中控技术,2025-10-21 09:31:06,53.51,9368,53.5,U
sh688777,中控技术,2025-10-21 09:31:09,53.5,5680,53.51,D
sh688777,中控技术,2025-10-21 09:31:18,53.4,9112,53.46,D
sh688777,中控技术,2025-10-21 09:31:21,53.39,3775,53.4,D
sh688777,中控技术,2025-10-21 09:31:24,53.38,14065,53.39,D
sh688777,中控技术,2025-10-21 09:31:27,53.34,7133,53.38,D
sh688777,中控技术,2025-10-21 09:31:30,53.34,5355,53.34,D
sh688777,中控技术,2025-10-21 09:31:33,53.3,10428,53.34,D
sh688777,中控技术,2025-10-21 09:31:36,53.34,6608,53.3,U
sh688777,中控技术,2025-10-21 09:31:39,53.37,7565,53.34,E
sh688777,中控技术,2025-10-21 09:31:45,53.35,26700,53.35,U
sh688777,中控技术,2025-10-21 09:31:48,53.38,7192,53.35,U
sh688777,中控技术,2025-10-21 09:31:51,53.4,19321,53.38,U
sh688777,中控技术,2025-10-21 09:31:54,53.45,12400,53.4,U
sh688777,中控技术,2025-10-21 09:31:57,53.45,20839,53.45,U
sh688777,中控技术,2025-10-21 09:32:00,53.49,8189,53.45,U
sh688777,中控技术,2025-10-21 09:32:03,53.58,20063,53.49,U
sh688777,中控技术,2025-10-21 09:32:06,53.6,20437,53.58,U
sh688777,中控技术,2025-10-21 09:32:12,53.59,7200,53.57,U
sh688777,中控技术,2025-10-21 09:32:15,53.58,9876,53.59,E
sh688777,中控技术,2025-10-21 09:32:18,53.56,7459,53.58,D
sh688777,中控技术,2025-10-21 09:32:21,53.57,24832,53.56,U
sh688777,中控技术,2025-10-21 09:32:27,53.57,5280,53.6,D
sh688777,中控技术,2025-10-21 09:32:30,53.51,8423,53.57,D
sh688777,中控技术,2025-10-21 09:32:33,53.5,5600,53.51,D
sh688777,中控技术,2025-10-21 09:32:36,53.54,4409,53.5,U
sh688777,中控技术,2025-10-21 09:32:39,53.51,9172,53.54,E
sh688777,中控技术,2025-10-21 09:32:42,53.54,4327,53.51,U
sh688777,中控技术,2025-10-21 09:32:45,53.54,12821,53.54,D
sh688777,中控技术,2025-10-21 09:32:48,53.54,5700,53.54,D
sh688777,中控技术,2025-10-21 09:32:51,53.56,7279,53.54,U
sh688777,中控技术,2025-10-21 09:32:54,53.56,3850,53.56,D
sh688777,中控技术,2025-10-21 09:32:57,53.55,5505,53.56,D
sh688777,中控技术,2025-10-21 09:33:00,53.52,11942,53.55,D
sh688777,中控技术,2025-10-21 09:33:03,53.55,6771,53.52,U
sh688777,中控技术,2025-10-21 09:33:06,53.55,25206,53.55,U
sh688777,中控技术,2025-10-21 09:33:09,53.54,4457,53.55,D
sh688777,中控技术,2025-10-21 09:33:12,53.55,12674,53.54,U
sh688777,中控技术,2025-10-21 09:33:18,53.55,6162,53.54,U
sh688777,中控技术,2025-10-21 09:33:21,53.54,8400,53.55,U
sh688777,中控技术,2025-10-21 09:33:24,53.5,5113,53.54,D
sh688777,中控技术,2025-10-21 09:33:27,53.5,4275,53.5,D
sh688777,中控技术,2025-10-21 09:33:39,53.5,4236,53.53,D
sh688777,中控技术,2025-10-21 09:33:48,53.5,4900,53.49,D
sh688777,中控技术,2025-10-21 09:33:51,53.5,6463,53.5,D
sh688777,中控技术,2025-10-21 09:33:57,53.54,78683,53.49,U
sh688777,中控技术,2025-10-21 09:34:00,53.56,9850,53.54,U
sh688777,中控技术,2025-10-21 09:34:06,53.55,4457,53.57,D
sh688777,中控技术,2025-10-21 09:34:12,53.55,7593,53.56,E
sh688777,中控技术,2025-10-21 09:34:18,53.54,35476,53.54,U
sh688777,中控技术,2025-10-21 09:34:24,53.55,8889,53.55,U
sh688777,中控技术,2025-10-21 09:34:27,53.55,8129,53.55,U
sh688777,中控技术,2025-10-21 09:34:30,53.55,6695,53.55,U
sh688777,中控技术,2025-10-21 09:34:33,53.54,7008,53.55,E
sh688777,中控技术,2025-10-21 09:34:42,53.49,6240,53.5,D
sh688777,中控技术,2025-10-21 09:34:45,53.39,11737,53.49,D
sh688777,中控技术,2025-10-21 09:34:48,53.48,20600,53.39,U
sh688777,中控技术,2025-10-21 09:35:00,53.37,3954,53.36,U
sh688777,中控技术,2025-10-21 09:35:12,53.31,12468,53.35,D
sh688777,中控技术,2025-10-21 09:35:36,53.26,5958,53.28,D
sh688777,中控技术,2025-10-21 09:35:45,53.2,8344,53.21,D
sh688777,中控技术,2025-10-21 09:35:48,53.23,12432,53.2,U
sh688777,中控技术,2025-10-21 09:35:54,53.23,10774,53.23,D
sh688777,中控技术,2025-10-21 09:36:06,53.2,11118,53.15,U
sh688777,中控技术,2025-10-21 09:36:09,53.25,37694,53.2,U
sh688777,中控技术,2025-10-21 09:36:12,53.26,7000,53.25,U
sh688777,中控技术,2025-10-21 09:36:21,53.28,6534,53.26,U
sh688777,中控技术,2025-10-21 09:36:24,53.28,5738,53.28,U
sh688777,中控技术,2025-10-21 09:36:30,53.26,8441,53.24,D
sh688777,中控技术,2025-10-21 09:36:39,53.24,4029,53.26,D
sh688777,中控技术,2025-10-21 09:36:42,53.22,8263,53.24,D
sh688777,中控技术,2025-10-21 09:36:45,53.23,7121,53.22,D
sh688777,中控技术,2025-10-21 09:36:57,53.31,5365,53.29,E
sh688777,中控技术,2025-10-21 09:37:00,53.29,5973,53.31,D
sh688777,中控技术,2025-10-21 09:37:03,53.29,4449,53.29,U
sh688777,中控技术,2025-10-21 09:37:18,53.29,7366,53.32,D
sh688777,中控技术,2025-10-21 09:37:33,53.36,11488,53.31,U
sh688777,中控技术,2025-10-21 09:37:48,53.35,5582,53.36,D
sh688777,中控技术,2025-10-21 09:38:00,53.31,5646,53.35,D
sh688777,中控技术,2025-10-21 09:38:09,53.32,4162,53.35,D
sh688777,中控技术,2025-10-21 09:38:15,53.35,26352,53.35,U
sh688777,中控技术,2025-10-21 09:38:33,53.35,5459,53.36,U
sh688777,中控技术,2025-10-21 09:38:39,53.35,7595,53.35,U
sh688777,中控技术,2025-10-21 09:39:33,53.21,5042,53.26,D
sh688777,中控技术,2025-10-21 09:39:48,53.16,7048,53.21,D
sh688777,中控技术,2025-10-21 09:39:51,53.16,9585,53.16,D
sh688777,中控技术,2025-10-21 09:40:03,53.1,5300,53.16,D
sh688777,中控技术,2025-10-21 09:40:06,53.14,9434,53.1,U
sh688777,中控技术,2025-10-21 09:40:36,53.1,12693,53.12,D
sh688777,中控技术,2025-10-21 09:41:12,53.09,6595,53.04,U
sh688777,中控技术,2025-10-21 09:41:15,53.04,12855,53.09,D
sh688777,中控技术,2025-10-21 09:41:36,53.06,5300,53.11,D
sh688777,中控技术,2025-10-21 09:41:39,53.11,4200,53.06,U
sh688777,中控技术,2025-10-21 09:42:21,53.05,7593,53.05,U
sh688777,中控技术,2025-10-21 09:42:24,53.05,4937,53.05,U
sh688777,中控技术,2025-10-21 09:42:30,53.06,12884,53.05,U
sh688777,中控技术,2025-10-21 09:42:36,53.06,11000,53.06,U
sh688777,中控技术,2025-10-21 09:42:42,53.0,6234,53.05,D
sh688777,中控技术,2025-10-21 09:42:48,53.01,4566,53.0,U
sh688777,中控技术,2025-10-21 09:42:54,53.0,7625,53.02,D
sh688777,中控技术,2025-10-21 09:42:57,53.01,4100,53.0,U
sh688777,中控技术,2025-10-21 09:43:09,53.03,37621,53.0,U
sh688777,中控技术,2025-10-21 09:43:12,53.05,14145,53.03,U
sh688777,中控技术,2025-10-21 09:43:21,53.0,3948,53.08,D
sh688777,中控技术,2025-10-21 09:43:24,53.0,50296,53.0,D
sh688777,中控技术,2025-10-21 09:43:30,53.08,4400,53.08,U
sh688777,中控技术,2025-10-21 09:43:42,53.08,3851,53.08,U
sh688777,中控技术,2025-10-21 09:43:45,53.1,17723,53.08,U
sh688777,中控技术,2025-10-21 09:43:57,53.16,6467,53.12,U
sh688777,中控技术,2025-10-21 09:44:57,53.16,4488,53.15,U
sh688777,中控技术,2025-10-21 09:45:00,53.2,10506,53.16,U
sh688777,中控技术,2025-10-21 09:45:18,53.3,6241,53.29,U
sh688777,中控技术,2025-10-21 09:45:42,53.2,4674,53.25,D
sh688777,中控技术,2025-10-21 09:46:06,53.14,4909,53.16,D
sh688777,中控技术,2025-10-21 09:46:24,53.12,9436,53.13,D
sh688777,中控技术,2025-10-21 09:46:36,53.15,9825,53.14,U
sh688777,中控技术,2025-10-21 09:46:42,53.23,27690,53.18,U
sh688777,中控技术,2025-10-21 09:46:54,53.28,13859,53.27,U
sh688777,中控技术,2025-10-21 09:47:00,53.3,20484,53.28,U
sh688777,中控技术,2025-10-21 09:47:03,53.28,8328,53.3,D
sh688777,中控技术,2025-10-21 09:47:09,53.27,9393,53.28,D
sh688777,中控技术,2025-10-21 09:47:15,53.28,8325,53.27,U
sh688777,中控技术,2025-10-21 09:47:36,53.23,5618,53.26,D
sh688777,中控技术,2025-10-21 09:47:48,53.25,6800,53.21,U
sh688777,中控技术,2025-10-21 09:47:54,53.25,9086,53.22,U
sh688777,中控技术,2025-10-21 09:48:00,53.32,36346,53.27,U
sh688777,中控技术,2025-10-21 09:48:06,53.34,4231,53.32,U
sh688777,中控技术,2025-10-21 09:48:09,53.33,3819,53.34,D
sh688777,中控技术,2025-10-21 09:48:18,53.33,4037,53.32,E
sh688777,中控技术,2025-10-21 09:48:33,53.32,4872,53.3,U
sh688777,中控技术,2025-10-21 09:48:39,53.31,5257,53.32,D
sh688777,中控技术,2025-10-21 09:48:51,53.35,3770,53.32,U
sh688777,中控技术,2025-10-21 09:48:57,53.32,5000,53.33,D
sh688777,中控技术,2025-10-21 09:49:03,53.37,10958,53.35,U
sh688777,中控技术,2025-10-21 09:49:06,53.38,15720,53.37,U
sh688777,中控技术,2025-10-21 09:49:21,53.37,8121,53.38,D
sh688777,中控技术,2025-10-21 09:49:24,53.35,9522,53.37,D
sh688777,中控技术,2025-10-21 09:49:30,53.3,10100,53.35,D
sh688777,中控技术,2025-10-21 09:49:33,53.37,5638,53.3,U
sh688777,中控技术,2025-10-21 09:49:39,53.29,6575,53.33,D
sh688777,中控技术,2025-10-21 09:50:00,53.17,28200,53.28,D
sh688777,中控技术,2025-10-21 09:50:12,53.3,4300,53.27,U
sh688777,中控技术,2025-10-21 09:50:15,53.34,16805,53.3,U
sh688777,中控技术,2025-10-21 09:51:06,53.45,15077,53.45,U
sh688777,中控技术,2025-10-21 09:51:15,53.45,5284,53.46,E
sh688777,中控技术,2025-10-21 09:51:48,53.4,29222,53.38,U
sh688777,中控技术,2025-10-21 09:52:12,53.31,5599,53.39,D
sh688777,中控技术,2025-10-21 09:52:36,53.38,8099,53.31,U
sh688777,中控技术,2025-10-21 09:52:54,53.36,7064,53.37,D
sh688777,中控技术,2025-10-21 09:52:57,53.37,22368,53.36,U
sh688777,中控技术,2025-10-21 09:53:03,53.32,13016,53.37,D
sh688777,中控技术,2025-10-21 09:53:06,53.36,4149,53.32,U
sh688777,中控技术,2025-10-21 09:53:09,53.31,8731,53.36,D
sh688777,中控技术,2025-10-21 09:53:27,53.33,5894,53.36,D
sh688777,中控技术,2025-10-21 09:53:42,53.4,4800,53.36,U
sh688777,中控技术,2025-10-21 09:53:45,53.4,3951,53.4,D
sh688777,中控技术,2025-10-21 09:53:48,53.4,7749,53.4,D
sh688777,中控技术,2025-10-21 09:53:51,53.44,6147,53.4,U
sh688777,中控技术,2025-10-21 09:54:09,53.46,7546,53.44,U
sh688777,中控技术,2025-10-21 09:54:18,53.43,4909,53.45,D
sh688777,中控技术,2025-10-21 09:54:21,53.4,12621,53.43,D
sh688777,中控技术,2025-10-21 09:54:24,53.45,7771,53.4,U
sh688777,中控技术,2025-10-21 09:54:45,53.4,7349,53.4,D
sh688777,中控技术,2025-10-21 09:55:03,53.28,26011,53.34,D
sh688777,中控技术,2025-10-21 09:55:21,53.28,6186,53.31,D
sh688777,中控技术,2025-10-21 09:55:30,53.28,3799,53.28,D
sh688777,中控技术,2025-10-21 09:55:39,53.28,6973,53.28,U
sh688777,中控技术,2025-10-21 09:56:00,53.25,10307,53.25,U
sh688777,中控技术,2025-10-21 09:56:06,53.31,16029,53.28,U
sh688777,中控技术,2025-10-21 09:56:21,53.4,6942,53.4,U
sh688777,中控技术,2025-10-21 09:56:27,53.37,4810,53.36,E
sh688777,中控技术,2025-10-21 09:56:39,53.28,30582,53.31,D
sh688777,中控技术,2025-10-21 09:56:54,53.28,9261,53.27,U
sh688777,中控技术,2025-10-21 09:57:00,53.3,13437,53.28,U
sh688777,中控技术,2025-10-21 09:57:06,53.28,28369,53.3,D
sh688777,中控技术,2025-10-21 09:57:18,53.24,4952,53.26,D
sh688777,中控技术,2025-10-21 09:57:21,53.22,4288,53.24,D
sh688777,中控技术,2025-10-21 09:58:21,53.31,48009,53.28,U
sh688777,中控技术,2025-10-21 09:59:06,53.28,3800,53.33,D
sh688777,中控技术,2025-10-21 09:59:18,53.27,11914,53.33,D
sh688777,中控技术,2025-10-21 09:59:27,53.25,4385,53.27,D
sh688777,中控技术,2025-10-21 09:59:42,53.19,11331,53.22,D
sh688777,中控技术,2025-10-21 09:59:48,53.18,3970,53.19,D
sh688777,中控技术,2025-10-21 10:00:00,53.2,9376,53.16,U
sh688777,中控技术,2025-10-21 10:00:09,53.16,4455,53.16,U
sh688777,中控技术,2025-10-21 10:00:30,53.18,14308,53.17,U
sh688777,中控技术,2025-10-21 10:00:36,53.15,6492,53.17,D
sh688777,中控技术,2025-10-21 10:00:48,53.13,9176,53.15,D
sh688777,中控技术,2025-10-21 10:01:15,53.13,3818,53.13,U
sh688777,中控技术,2025-10-21 10:01:18,53.16,6861,53.13,U
sh688777,中控技术,2025-10-21 10:01:48,53.13,3812,53.11,U
sh688777,中控技术,2025-10-21 10:01:51,53.08,20483,53.13,D
sh688777,中控技术,2025-10-21 10:01:54,53.08,6973,53.08,D
sh688777,中控技术,2025-10-21 10:02:15,53.03,18237,53.03,D
sh688777,中控技术,2025-10-21 10:02:18,53.03,8032,53.03,U
sh688777,中控技术,2025-10-21 10:02:24,53.0,28784,53.03,D
sh688777,中控技术,2025-10-21 10:02:36,53.01,6501,53.0,U
sh688777,中控技术,2025-10-21 10:03:15,52.92,19182,52.94,D
sh688777,中控技术,2025-10-21 10:03:30,52.93,6053,52.94,D
sh688777,中控技术,2025-10-21 10:03:48,52.95,8367,52.93,U
sh688777,中控技术,2025-10-21 10:03:54,52.95,5308,52.95,D
sh688777,中控技术,2025-10-21 10:04:03,53.04,9914,52.99,U
sh688777,中控技术,2025-10-21 10:04:15,53.01,6633,53.07,D
sh688777,中控技术,2025-10-21 10:04:39,53.11,15353,53.07,U
sh688777,中控技术,2025-10-21 10:04:51,53.2,19298,53.14,U
sh688777,中控技术,2025-10-21 10:04:54,53.15,19427,53.2,D
sh688777,中控技术,2025-10-21 10:05:27,53.31,4113,53.31,U
sh688777,中控技术,2025-10-21 10:06:33,53.18,4861,53.18,U
sh688777,中控技术,2025-10-21 10:06:36,53.07,66686,53.18,D
sh688777,中控技术,2025-10-21 10:07:03,53.07,20000,53.1,D
sh688777,中控技术,2025-10-21 10:07:12,53.09,5000,53.07,U
sh688777,中控技术,2025-10-21 10:07:24,53.07,5653,53.15,D
sh688777,中控技术,2025-10-21 10:07:42,53.06,6700,53.07,D
sh688777,中控技术,2025-10-21 10:08:09,53.18,8519,53.18,D
sh688777,中控技术,2025-10-21 10:08:12,53.23,4300,53.18,U
sh688777,中控技术,2025-10-21 10:08:48,53.15,4000,53.15,U
sh688777,中控技术,2025-10-21 10:08:57,53.15,4527,53.15,U
sh688777,中控技术,2025-10-21 10:09:03,53.19,5780,53.15,U
sh688777,中控技术,2025-10-21 10:09:06,53.19,6535,53.19,D
sh688777,中控技术,2025-10-21 10:09:33,53.17,11027,53.14,U
sh688777,中控技术,2025-10-21 10:10:00,53.12,9200,53.14,D
sh688777,中控技术,2025-10-21 10:10:03,53.16,12670,53.12,U
sh688777,中控技术,2025-10-21 10:10:06,53.16,17257,53.16,D
sh688777,中控技术,2025-10-21 10:10:15,53.16,11264,53.16,D
sh688777,中控技术,2025-10-21 10:10:21,53.1,21740,53.16,D
sh688777,中控技术,2025-10-21 10:10:24,53.07,4060,53.1,D
sh688777,中控技术,2025-10-21 10:11:12,53.08,6294,53.08,U
sh688777,中控技术,2025-10-21 10:11:27,53.1,12392,53.08,U
sh688777,中控技术,2025-10-21 10:11:33,53.09,4991,53.08,E
sh688777,中控技术,2025-10-21 10:11:36,53.08,12761,53.09,D
sh688777,中控技术,2025-10-21 10:11:39,53.05,8549,53.08,D
sh688777,中控技术,2025-10-21 10:11:51,53.0,3891,53.03,D
sh688777,中控技术,2025-10-21 10:12:24,53.03,4500,53.06,D
sh688777,中控技术,2025-10-21 10:12:54,53.09,9700,53.08,U
sh688777,中控技术,2025-10-21 10:13:15,53.11,5118,53.11,U
sh688777,中控技术,2025-10-21 10:13:21,53.09,11818,53.1,D
sh688777,中控技术,2025-10-21 10:13:24,53.06,4820,53.09,D
sh688777,中控技术,2025-10-21 10:13:33,53.1,10000,53.07,U
sh688777,中控技术,2025-10-21 10:14:12,53.13,13524,53.06,U
sh688777,中控技术,2025-10-21 10:14:36,53.13,6793,53.13,D
sh688777,中控技术,2025-10-21 10:15:00,53.13,4500,53.06,U
sh688777,中控技术,2025-10-21 10:15:03,53.13,4701,53.13,U
sh688777,中控技术,2025-10-21 10:15:24,53.16,5400,53.18,D
sh688777,中控技术,2025-10-21 10:15:30,53.08,6274,53.16,D
sh688777,中控技术,2025-10-21 10:15:54,53.1,3956,53.1,U
sh688777,中控技术,2025-10-21 10:16:21,53.12,4994,53.13,D
sh688777,中控技术,2025-10-21 10:16:24,53.11,6662,53.12,D
sh688777,中控技术,2025-10-21 10:17:15,53.16,3867,53.16,U
sh688777,中控技术,2025-10-21 10:17:30,53.17,26700,53.17,U
sh688777,中控技术,2025-10-21 10:17:39,53.17,3764,53.17,U
sh688777,中控技术,2025-10-21 10:18:24,53.16,7360,53.17,D
sh688777,中控技术,2025-10-21 10:18:30,53.1,26005,53.16,D
sh688777,中控技术,2025-10-21 10:18:57,53.1,4012,53.1,D
sh688777,中控技术,2025-10-21 10:19:03,53.16,10225,53.1,U
sh688777,中控技术,2025-10-21 10:19:09,53.16,4000,53.2,D
sh688777,中控技术,2025-10-21 10:19:45,53.2,6369,53.2,U
sh688777,中控技术,2025-10-21 10:19:51,53.24,5669,53.2,U
sh688777,中控技术,2025-10-21 10:20:03,53.3,5500,53.25,U
sh688777,中控技术,2025-10-21 10:20:21,53.25,4872,53.31,D
sh688777,中控技术,2025-10-21 10:22:15,53.34,5425,53.32,U
sh688777,中控技术,2025-10-21 10:22:57,53.33,8007,53.33,U
sh688777,中控技术,2025-10-21 10:23:18,53.33,4299,53.32,U
sh688777,中控技术,2025-10-21 10:23:21,53.33,4975,53.33,U
sh688777,中控技术,2025-10-21 10:23:24,53.3,19787,53.33,D
sh688777,中控技术,2025-10-21 10:23:39,53.26,5500,53.27,D
sh688777,中控技术,2025-10-21 10:24:21,53.32,9533,53.32,U
sh688777,中控技术,2025-10-21 10:24:54,53.32,5600,53.32,U
sh688777,中控技术,2025-10-21 10:25:03,53.38,28638,53.33,U
sh688777,中控技术,2025-10-21 10:25:18,53.44,4775,53.44,U
sh688777,中控技术,2025-10-21 10:25:33,53.38,20600,53.32,U
sh688777,中控技术,2025-10-21 10:25:42,53.41,4100,53.34,U
sh688777,中控技术,2025-10-21 10:25:51,53.42,6856,53.41,U
sh688777,中控技术,2025-10-21 10:25:57,53.41,12327,53.42,E
sh688777,中控技术,2025-10-21 10:26:42,53.41,9870,53.42,D
sh688777,中控技术,2025-10-21 10:26:51,53.41,4413,53.41,U
sh688777,中控技术,2025-10-21 10:26:54,53.42,5198,53.41,U
sh688777,中控技术,2025-10-21 10:26:57,53.44,5945,53.42,U
sh688777,中控技术,2025-10-21 10:27:03,53.45,15414,53.42,U
sh688777,中控技术,2025-10-21 10:27:09,53.48,15050,53.46,U
sh688777,中控技术,2025-10-21 10:27:12,53.51,18766,53.48,U
sh688777,中控技术,2025-10-21 10:27:24,53.5,7600,53.52,D
sh688777,中控技术,2025-10-21 10:27:27,53.5,16970,53.5,D
sh688777,中控技术,2025-10-21 10:27:30,53.51,6051,53.5,U
sh688777,中控技术,2025-10-21 10:27:39,53.52,3914,53.51,U
sh688777,中控技术,2025-10-21 10:27:45,53.51,18575,53.51,D
sh688777,中控技术,2025-10-21 10:27:51,53.53,18025,53.51,U
sh688777,中控技术,2025-10-21 10:28:09,53.58,35094,53.54,U
sh688777,中控技术,2025-10-21 10:28:12,53.58,4400,53.58,U
sh688777,中控技术,2025-10-21 10:28:21,53.6,29880,53.58,U
sh688777,中控技术,2025-10-21 10:28:24,53.58,6661,53.6,D
sh688777,中控技术,2025-10-21 10:28:36,53.6,5231,53.6,U
sh688777,中控技术,2025-10-21 10:28:42,53.58,4450,53.6,D
sh688777,中控技术,2025-10-21 10:28:45,53.6,8253,53.58,U
sh688777,中控技术,2025-10-21 10:29:00,53.59,4146,53.59,U
sh688777,中控技术,2025-10-21 10:29:03,53.63,49432,53.59,U
sh688777,中控技术,2025-10-21 10:29:06,53.58,12167,53.63,D
sh688777,中控技术,2025-10-21 10:29:09,53.58,4342,53.58,D
sh688777,中控技术,2025-10-21 10:29:15,53.58,4164,53.58,D
sh688777,中控技术,2025-10-21 10:29:27,53.6,4143,53.58,U
sh688777,中控技术,2025-10-21 10:29:30,53.59,5531,53.6,E
sh688777,中控技术,2025-10-21 10:29:33,53.59,7200,53.59,D
sh688777,中控技术,2025-10-21 10:29:36,53.58,26025,53.59,D
sh688777,中控技术,2025-10-21 10:30:00,53.59,7741,53.58,U
sh688777,中控技术,2025-10-21 10:30:03,53.59,5028,53.59,U
sh688777,中控技术,2025-10-21 10:30:12,53.57,5173,53.57,U
sh688777,中控技术,2025-10-21 10:30:21,53.55,8039,53.55,D
sh688777,中控技术,2025-10-21 10:30:33,53.55,5574,53.53,U
sh688777,中控技术,2025-10-21 10:30:36,53.53,10721,53.55,D
sh688777,中控技术,2025-10-21 10:30:45,53.56,11260,53.55,U
sh688777,中控技术,2025-10-21 10:30:57,53.58,5790,53.58,U
sh688777,中控技术,2025-10-21 10:31:00,53.58,4274,53.58,U
sh688777,中控技术,2025-10-21 10:31:03,53.56,4619,53.58,D
sh688777,中控技术,2025-10-21 10:31:06,53.56,9062,53.56,D
sh688777,中控技术,2025-10-21 10:31:24,53.52,3930,53.54,D
sh688777,中控技术,2025-10-21 10:32:06,53.48,9182,53.48,U
sh688777,中控技术,2025-10-21 10:32:18,53.47,9467,53.46,U
sh688777,中控技术,2025-10-21 10:32:33,53.44,4325,53.45,D
sh688777,中控技术,2025-10-21 10:32:42,53.43,3888,53.44,D
sh688777,中控技术,2025-10-21 10:33:00,53.43,5449,53.43,U
sh688777,中控技术,2025-10-21 10:33:06,53.43,12075,53.43,D
sh688777,中控技术,2025-10-21 10:33:18,53.43,7337,53.43,U
sh688777,中控技术,2025-10-21 10:33:27,53.47,5000,53.47,U
sh688777,中控技术,2025-10-21 10:33:33,53.47,10000,53.47,U
sh688777,中控技术,2025-10-21 10:33:36,53.43,5148,53.47,D
sh688777,中控技术,2025-10-21 10:33:42,53.46,5813,53.43,U
sh688777,中控技术,2025-10-21 10:33:48,53.47,16547,53.46,E
sh688777,中控技术,2025-10-21 10:34:12,53.43,12045,53.49,D
sh688777,中控技术,2025-10-21 10:34:24,53.43,20259,53.48,D
sh688777,中控技术,2025-10-21 10:35:00,53.48,5841,53.48,D
sh688777,中控技术,2025-10-21 10:36:06,53.45,10910,53.46,D
sh688777,中控技术,2025-10-21 10:36:27,53.46,4583,53.45,U
sh688777,中控技术,2025-10-21 10:36:48,53.45,6067,53.45,U
sh688777,中控技术,2025-10-21 10:36:57,53.44,3900,53.45,D
sh688777,中控技术,2025-10-21 10:37:00,53.45,5079,53.44,D
sh688777,中控技术,2025-10-21 10:37:24,53.49,8656,53.47,U
sh688777,中控技术,2025-10-21 10:37:39,53.5,4642,53.48,U
sh688777,中控技术,2025-10-21 10:37:45,53.48,9183,53.5,E
sh688777,中控技术,2025-10-21 10:37:54,53.49,12650,53.48,E
sh688777,中控技术,2025-10-21 10:38:12,53.44,21967,53.46,D
sh688777,中控技术,2025-10-21 10:38:15,53.41,29114,53.44,D
sh688777,中控技术,2025-10-21 10:38:30,53.36,4500,53.36,U
sh688777,中控技术,2025-10-21 10:38:42,53.31,6512,53.33,D
sh688777,中控技术,2025-10-21 10:38:48,53.3,15223,53.33,D
sh688777,中控技术,2025-10-21 10:38:51,53.33,11301,53.3,U
sh688777,中控技术,2025-10-21 10:39:12,53.33,4874,53.31,U
sh688777,中控技术,2025-10-21 10:39:15,53.31,10200,53.33,D
sh688777,中控技术,2025-10-21 10:39:33,53.36,17068,53.31,U
sh688777,中控技术,2025-10-21 10:39:42,53.32,5973,53.35,D
sh688777,中控技术,2025-10-21 10:39:48,53.38,10190,53.36,U
sh688777,中控技术,2025-10-21 10:40:06,53.45,4903,53.44,U
sh688777,中控技术,2025-10-21 10:40:30,53.45,4507,53.48,D
sh688777,中控技术,2025-10-21 10:40:45,53.47,6224,53.47,U
sh688777,中控技术,2025-10-21 10:41:00,53.5,8105,53.5,U
sh688777,中控技术,2025-10-21 10:41:06,53.49,5618,53.5,D
sh688777,中控技术,2025-10-21 10:41:09,53.5,8421,53.49,U
sh688777,中控技术,2025-10-21 10:41:18,53.49,9447,53.5,D
sh688777,中控技术,2025-10-21 10:41:39,53.46,5200,53.44,E
sh688777,中控技术,2025-10-21 10:42:03,53.5,5515,53.46,U
sh688777,中控技术,2025-10-21 10:42:06,53.48,7677,53.5,D
sh688777,中控技术,2025-10-21 10:42:27,53.44,25373,53.48,D
sh688777,中控技术,2025-10-21 10:42:33,53.43,4600,53.47,D
sh688777,中控技术,2025-10-21 10:43:00,53.38,6243,53.4,D
sh688777,中控技术,2025-10-21 10:43:09,53.38,8995,53.4,D
sh688777,中控技术,2025-10-21 10:43:15,53.43,6600,53.43,U
sh688777,中控技术,2025-10-21 10:43:45,53.47,4796,53.47,E
sh688777,中控技术,2025-10-21 10:44:12,53.52,5106,53.52,U
sh688777,中控技术,2025-10-21 10:44:15,53.52,5105,53.52,U
sh688777,中控技术,2025-10-21 10:44:18,53.51,4671,53.52,E
sh688777,中控技术,2025-10-21 10:44:21,53.52,11145,53.51,U
sh688777,中控技术,2025-10-21 10:44:36,53.52,15165,53.52,U
sh688777,中控技术,2025-10-21 10:44:48,53.54,5966,53.54,D
sh688777,中控技术,2025-10-21 10:45:09,53.39,21564,53.53,D
sh688777,中控技术,2025-10-21 10:45:12,53.48,5507,53.39,U
sh688777,中控技术,2025-10-21 10:45:27,53.48,38000,53.45,U
sh688777,中控技术,2025-10-21 10:47:15,53.46,5000,53.46,U
sh688777,中控技术,2025-10-21 10:47:39,53.43,4902,53.46,D
sh688777,中控技术,2025-10-21 10:47:51,53.43,4709,53.43,D
sh688777,中控技术,2025-10-21 10:47:57,53.42,3879,53.42,D
sh688777,中控技术,2025-10-21 10:48:30,53.35,18840,53.4,D
sh688777,中控技术,2025-10-21 10:49:12,53.34,14630,53.41,D
sh688777,中控技术,2025-10-21 10:49:18,53.34,4974,53.34,D
sh688777,中控技术,2025-10-21 10:49:36,53.33,8329,53.36,D
sh688777,中控技术,2025-10-21 10:49:54,53.33,10597,53.38,D
sh688777,中控技术,2025-10-21 10:50:06,53.31,9343,53.37,D
sh688777,中控技术,2025-10-21 10:50:09,53.38,5000,53.31,U
sh688777,中控技术,2025-10-21 10:50:15,53.45,5000,53.38,U
sh688777,中控技术,2025-10-21 10:50:33,53.3,7948,53.33,D
sh688777,中控技术,2025-10-21 10:50:42,53.28,5164,53.32,D
sh688777,中控技术,2025-10-21 10:50:57,53.28,9007,53.32,D
sh688777,中控技术,2025-10-21 10:51:09,53.27,11601,53.26,E
sh688777,中控技术,2025-10-21 10:51:27,53.21,38336,53.25,D
sh688777,中控技术,2025-10-21 10:51:30,53.2,13151,53.21,D
sh688777,中控技术,2025-10-21 10:52:09,53.2,4255,53.18,U
sh688777,中控技术,2025-10-21 10:54:51,53.32,5200,53.33,E
sh688777,中控技术,2025-10-21 10:55:15,53.26,7382,53.3,D
sh688777,中控技术,2025-10-21 10:55:24,53.26,4000,53.26,U
sh688777,中控技术,2025-10-21 10:57:00,53.18,8647,53.2,D
sh688777,中控技术,2025-10-21 10:57:03,53.14,21252,53.18,D
sh688777,中控技术,2025-10-21 10:57:33,53.11,5882,53.11,D
sh688777,中控技术,2025-10-21 10:57:54,53.1,8932,53.1,D
sh688777,中控技术,2025-10-21 10:58:12,53.09,7260,53.11,D
sh688777,中控技术,2025-10-21 10:58:27,53.13,18560,53.08,U
sh688777,中控技术,2025-10-21 10:58:33,53.08,8531,53.11,D
sh688777,中控技术,2025-10-21 10:58:51,53.07,10242,53.14,D
sh688777,中控技术,2025-10-21 10:59:03,53.07,4471,53.14,D
sh688777,中控技术,2025-10-21 11:00:06,53.14,21000,53.12,U
sh688777,中控技术,2025-10-21 11:00:09,53.16,9391,53.14,U
sh688777,中控技术,2025-10-21 11:00:45,53.13,6003,53.17,D
sh688777,中控技术,2025-10-21 11:01:33,53.12,4900,53.12,U
sh688777,中控技术,2025-10-21 11:01:54,53.18,8337,53.13,U
sh688777,中控技术,2025-10-21 11:02:30,53.19,21200,53.19,U
sh688777,中控技术,2025-10-21 11:03:06,53.19,30000,53.16,U
sh688777,中控技术,2025-10-21 11:03:09,53.19,4349,53.19,U
sh688777,中控技术,2025-10-21 11:03:12,53.21,11868,53.19,U
sh688777,中控技术,2025-10-21 11:03:21,53.21,5685,53.21,D
sh688777,中控技术,2025-10-21 11:04:09,53.25,4680,53.25,D
sh688777,中控技术,2025-10-21 11:04:48,53.21,4200,53.23,D
sh688777,中控技术,2025-10-21 11:05:15,53.19,4000,53.22,D
sh688777,中控技术,2025-10-21 11:05:39,53.22,5025,53.21,U
sh688777,中控技术,2025-10-21 11:05:54,53.24,15911,53.24,U
sh688777,中控技术,2025-10-21 11:05:57,53.26,4111,53.24,U
sh688777,中控技术,2025-10-21 11:06:36,53.28,4496,53.28,D
sh688777,中控技术,2025-10-21 11:06:39,53.29,17490,53.28,U
sh688777,中控技术,2025-10-21 11:07:09,53.26,29415,53.28,D
sh688777,中控技术,2025-10-21 11:07:30,53.28,8035,53.28,D
sh688777,中控技术,2025-10-21 11:07:33,53.26,6105,53.28,D
sh688777,中控技术,2025-10-21 11:08:03,53.19,4100,53.22,D
sh688777,中控技术,2025-10-21 11:08:09,53.16,6240,53.19,D
sh688777,中控技术,2025-10-21 11:08:48,53.19,9265,53.15,U
sh688777,中控技术,2025-10-21 11:08:51,53.18,5111,53.19,E
sh688777,中控技术,2025-10-21 11:10:00,53.22,5461,53.22,U
sh688777,中控技术,2025-10-21 11:10:24,53.22,8762,53.22,U
sh688777,中控技术,2025-10-21 11:10:42,53.2,5454,53.21,D
sh688777,中控技术,2025-10-21 11:10:51,53.17,18911,53.2,D
sh688777,中控技术,2025-10-21 11:12:06,53.22,6200,53.22,U
sh688777,中控技术,2025-10-21 11:12:15,53.16,4200,53.21,D
sh688777,中控技术,2025-10-21 11:14:06,53.3,4711,53.27,U
sh688777,中控技术,2025-10-21 11:14:27,53.37,11057,53.37,D
sh688777,中控技术,2025-10-21 11:14:48,53.37,6147,53.36,U
sh688777,中控技术,2025-10-21 11:14:51,53.36,7134,53.37,U
sh688777,中控技术,2025-10-21 11:17:18,53.4,4452,53.4,U
sh688777,中控技术,2025-10-21 11:17:45,53.42,5600,53.41,U
sh688777,中控技术,2025-10-21 11:18:03,53.42,3749,53.43,D
sh688777,中控技术,2025-10-21 11:18:09,53.4,5719,53.42,D
sh688777,中控技术,2025-10-21 11:19:51,53.45,6006,53.44,U
sh688777,中控技术,2025-10-21 11:20:00,53.45,6146,53.45,U
sh688777,中控技术,2025-10-21 11:20:12,53.45,4572,53.44,U
sh688777,中控技术,2025-10-21 11:20:21,53.47,8291,53.44,U
sh688777,中控技术,2025-10-21 11:20:33,53.56,50456,53.48,U
sh688777,中控技术,2025-10-21 11:21:03,53.5,10422,53.56,D
sh688777,中控技术,2025-10-21 11:21:33,53.5,5503,53.46,U
sh688777,中控技术,2025-10-21 11:21:54,53.55,4270,53.53,U
sh688777,中控技术,2025-10-21 11:22:03,53.55,10106,53.55,U
sh688777,中控技术,2025-10-21 11:22:06,53.58,6303,53.55,U
sh688777,中控技术,2025-10-21 11:22:30,53.57,11992,53.57,U
sh688777,中控技术,2025-10-21 11:22:36,53.57,4170,53.58,D
sh688777,中控技术,2025-10-21 11:22:39,53.56,10000,53.57,D
sh688777,中控技术,2025-10-21 11:22:48,53.58,11512,53.56,U
sh688777,中控技术,2025-10-21 11:22:54,53.58,4488,53.58,D
sh688777,中控技术,2025-10-21 11:23:09,53.59,22011,53.56,U
sh688777,中控技术,2025-10-21 11:23:15,53.62,43297,53.6,U
sh688777,中控技术,2025-10-21 11:24:42,53.56,4706,53.56,U
sh688777,中控技术,2025-10-21 11:24:45,53.59,4053,53.56,U
sh688777,中控技术,2025-10-21 11:25:06,53.54,5839,53.59,D
sh688777,中控技术,2025-10-21 11:25:18,53.51,10071,53.53,D
sh688777,中控技术,2025-10-21 11:25:24,53.51,9051,53.51,U
sh688777,中控技术,2025-10-21 11:26:03,53.49,7149,53.58,D
sh688777,中控技术,2025-10-21 11:26:45,53.6,5100,53.59,U
sh688777,中控技术,2025-10-21 11:27:03,53.54,4485,53.59,D
sh688777,中控技术,2025-10-21 11:27:09,53.5,11992,53.55,D
sh688777,中控技术,2025-10-21 11:27:24,53.5,5084,53.5,D
sh688777,中控技术,2025-10-21 11:27:36,53.6,11400,53.52,U
sh688777,中控技术,2025-10-21 11:27:39,53.53,12600,53.6,D
sh688777,中控技术,2025-10-21 11:27:42,53.61,11775,53.53,U
sh688777,中控技术,2025-10-21 11:28:06,53.6,6688,53.6,D
sh688777,中控技术,2025-10-21 11:28:15,53.48,4219,53.53,D
sh688777,中控技术,2025-10-21 11:28:33,53.5,7174,53.5,U
sh688777,中控技术,2025-10-21 11:29:48,53.47,4739,53.41,U
sh688777,中控技术,2025-10-21 11:29:51,53.5,10000,53.47,U
sh688777,中控技术,2025-10-21 13:00:00,53.5,5384,53.45,U
sh688777,中控技术,2025-10-21 13:00:03,53.45,6367,53.5,D
sh688777,中控技术,2025-10-21 13:00:06,53.48,12353,53.45,U
sh688777,中控技术,2025-10-21 13:00:09,53.5,8960,53.48,U
sh688777,中控技术,2025-10-21 13:00:12,53.48,9259,53.5,D
sh688777,中控技术,2025-10-21 13:00:18,53.4,4965,53.41,D
sh688777,中控技术,2025-10-21 13:00:21,53.4,4738,53.4,D
sh688777,中控技术,2025-10-21 13:01:27,53.43,5300,53.38,U
sh688777,中控技术,2025-10-21 13:01:33,53.41,17655,53.43,D
sh688777,中控技术,2025-10-21 13:01:36,53.41,29596,53.41,D
sh688777,中控技术,2025-10-21 13:02:15,53.46,50000,53.39,U
sh688777,中控技术,2025-10-21 13:03:12,53.45,56202,53.45,D
sh688777,中控技术,2025-10-21 13:03:33,53.45,18307,53.4,U
sh688777,中控技术,2025-10-21 13:03:36,53.46,12612,53.45,E
sh688777,中控技术,2025-10-21 13:04:00,53.46,6646,53.46,D
sh688777,中控技术,2025-10-21 13:05:36,53.52,4292,53.52,D
sh688777,中控技术,2025-10-21 13:05:39,53.53,8873,53.52,U
sh688777,中控技术,2025-10-21 13:06:24,53.49,4784,53.48,U
sh688777,中控技术,2025-10-21 13:06:36,53.44,14529,53.47,D
sh688777,中控技术,2025-10-21 13:08:24,53.43,19479,53.47,D
sh688777,中控技术,2025-10-21 13:08:30,53.47,9542,53.43,U
sh688777,中控技术,2025-10-21 13:08:57,53.51,15231,53.49,U
sh688777,中控技术,2025-10-21 13:09:03,53.46,4703,53.51,D
sh688777,中控技术,2025-10-21 13:09:33,53.53,4224,53.47,U
sh688777,中控技术,2025-10-21 13:09:42,53.55,3932,53.53,U
sh688777,中控技术,2025-10-21 13:10:27,53.53,5199,53.53,D
sh688777,中控技术,2025-10-21 13:12:06,53.49,4541,53.48,U
sh688777,中控技术,2025-10-21 13:12:42,53.53,11819,53.51,U
sh688777,中控技术,2025-10-21 13:13:03,53.45,37500,53.48,D
sh688777,中控技术,2025-10-21 13:13:15,53.48,6300,53.44,U
sh688777,中控技术,2025-10-21 13:14:48,53.53,3933,53.5,U
sh688777,中控技术,2025-10-21 13:15:33,53.52,5051,53.53,D
sh688777,中控技术,2025-10-21 13:16:03,53.5,18220,53.5,D
sh688777,中控技术,2025-10-21 13:16:06,53.53,3936,53.5,U
sh688777,中控技术,2025-10-21 13:16:12,53.54,12168,53.53,U
sh688777,中控技术,2025-10-21 13:16:15,53.56,7900,53.54,U
sh688777,中控技术,2025-10-21 13:16:21,53.6,7648,53.56,U
sh688777,中控技术,2025-10-21 13:16:24,53.6,4818,53.6,U
sh688777,中控技术,2025-10-21 13:16:36,53.6,15694,53.6,U
sh688777,中控技术,2025-10-21 13:16:45,53.61,6500,53.6,U
sh688777,中控技术,2025-10-21 13:17:12,53.6,4462,53.59,U
sh688777,中控技术,2025-10-21 13:17:18,53.6,4646,53.6,D
sh688777,中控技术,2025-10-21 13:17:39,53.61,6440,53.6,U
sh688777,中控技术,2025-10-21 13:17:45,53.61,4743,53.61,U
sh688777,中控技术,2025-10-21 13:18:12,53.57,3782,53.57,U
sh688777,中控技术,2025-10-21 13:18:39,53.54,7726,53.53,U
sh688777,中控技术,2025-10-21 13:19:03,53.58,5212,53.54,E
sh688777,中控技术,2025-10-21 13:19:33,53.58,5022,53.56,U
sh688777,中控技术,2025-10-21 13:20:27,53.61,23470,53.54,U
sh688777,中控技术,2025-10-21 13:20:30,53.68,37304,53.61,U
sh688777,中控技术,2025-10-21 13:20:33,53.77,45218,53.68,U
sh688777,中控技术,2025-10-21 13:20:36,53.77,8100,53.77,U
sh688777,中控技术,2025-10-21 13:20:45,53.77,6994,53.77,U
sh688777,中控技术,2025-10-21 13:20:54,53.77,7131,53.77,U
sh688777,中控技术,2025-10-21 13:20:57,53.78,20208,53.77,U
sh688777,中控技术,2025-10-21 13:21:06,53.8,8628,53.81,E
sh688777,中控技术,2025-10-21 13:21:12,53.81,8503,53.8,U
sh688777,中控技术,2025-10-21 13:21:27,53.74,8882,53.77,E
sh688777,中控技术,2025-10-21 13:21:30,53.72,15092,53.74,E
sh688777,中控技术,2025-10-21 13:21:54,53.75,4744,53.75,D
sh688777,中控技术,2025-10-21 13:22:15,53.78,17359,53.78,D
sh688777,中控技术,2025-10-21 13:22:21,53.75,5747,53.76,D
sh688777,中控技术,2025-10-21 13:22:24,53.78,4476,53.75,U
sh688777,中控技术,2025-10-21 13:22:33,53.82,36544,53.78,U
sh688777,中控技术,2025-10-21 13:22:51,53.79,5456,53.79,U
sh688777,中控技术,2025-10-21 13:22:54,53.8,29746,53.79,D
sh688777,中控技术,2025-10-21 13:23:03,53.82,10687,53.79,U
sh688777,中控技术,2025-10-21 13:23:06,53.83,12684,53.82,U
sh688777,中控技术,2025-10-21 13:23:21,53.8,4961,53.8,U
sh688777,中控技术,2025-10-21 13:23:33,53.75,4108,53.77,D
sh688777,中控技术,2025-10-21 13:23:39,53.8,6836,53.8,D
sh688777,中控技术,2025-10-21 13:23:45,53.8,7763,53.8,D
sh688777,中控技术,2025-10-21 13:24:12,53.72,21297,53.78,D
sh688777,中控技术,2025-10-21 13:25:15,53.63,6488,53.63,U
sh688777,中控技术,2025-10-21 13:25:18,53.66,9784,53.63,U
sh688777,中控技术,2025-10-21 13:25:24,53.66,13880,53.66,D
sh688777,中控技术,2025-10-21 13:25:27,53.66,4336,53.66,D
sh688777,中控技术,2025-10-21 13:25:57,53.66,12840,53.67,D
sh688777,中控技术,2025-10-21 13:26:00,53.66,6486,53.66,D
sh688777,中控技术,2025-10-21 13:26:03,53.69,8030,53.66,U
sh688777,中控技术,2025-10-21 13:26:21,53.66,4795,53.69,D
sh688777,中控技术,2025-10-21 13:26:27,53.64,4957,53.66,D
sh688777,中控技术,2025-10-21 13:26:33,53.63,5000,53.66,D
sh688777,中控技术,2025-10-21 13:27:06,53.63,5000,53.63,D
sh688777,中控技术,2025-10-21 13:27:09,53.68,21171,53.63,U
sh688777,中控技术,2025-10-21 13:27:12,53.68,16555,53.68,U
sh688777,中控技术,2025-10-21 13:27:24,53.7,11074,53.68,U
sh688777,中控技术,2025-10-21 13:27:45,53.69,4285,53.68,U
sh688777,中控技术,2025-10-21 13:27:57,53.69,18142,53.69,D
sh688777,中控技术,2025-10-21 13:28:30,53.7,5000,53.7,D
sh688777,中控技术,2025-10-21 13:28:36,53.7,8600,53.7,D
sh688777,中控技术,2025-10-21 13:28:39,53.71,6376,53.7,U
sh688777,中控技术,2025-10-21 13:29:06,53.7,13564,53.68,U
sh688777,中控技术,2025-10-21 13:29:09,53.71,6658,53.7,U
sh688777,中控技术,2025-10-21 13:29:33,53.72,10080,53.71,U
sh688777,中控技术,2025-10-21 13:29:36,53.74,6111,53.72,U
sh688777,中控技术,2025-10-21 13:30:00,53.76,19279,53.78,D
sh688777,中控技术,2025-10-21 13:31:24,53.74,5365,53.74,U
sh688777,中控技术,2025-10-21 13:31:54,53.7,4599,53.72,D
sh688777,中控技术,2025-10-21 13:32:24,53.75,18050,53.74,U
sh688777,中控技术,2025-10-21 13:32:33,53.75,4642,53.74,U
sh688777,中控技术,2025-10-21 13:32:42,53.78,10000,53.76,U
sh688777,中控技术,2025-10-21 13:33:00,53.79,5000,53.79,U
sh688777,中控技术,2025-10-21 13:33:06,53.81,25354,53.75,U
sh688777,中控技术,2025-10-21 13:33:15,53.82,12150,53.81,U
sh688777,中控技术,2025-10-21 13:33:21,53.85,34082,53.8,U
sh688777,中控技术,2025-10-21 13:33:24,53.81,11905,53.85,D
sh688777,中控技术,2025-10-21 13:33:42,53.83,4233,53.82,D
sh688777,中控技术,2025-10-21 13:33:54,53.83,4213,53.83,D
sh688777,中控技术,2025-10-21 13:34:21,53.84,5179,53.84,D
sh688777,中控技术,2025-10-21 13:34:24,53.8,17853,53.84,D
sh688777,中控技术,2025-10-21 13:35:00,53.78,4906,53.79,D
sh688777,中控技术,2025-10-21 13:35:03,53.75,4259,53.78,D
sh688777,中控技术,2025-10-21 13:35:09,53.8,35715,53.75,U
sh688777,中控技术,2025-10-21 13:36:00,53.75,11200,53.73,U
sh688777,中控技术,2025-10-21 13:36:15,53.73,5970,53.73,U
sh688777,中控技术,2025-10-21 13:36:51,53.75,11998,53.73,U
sh688777,中控技术,2025-10-21 13:37:18,53.69,24592,53.71,D
sh688777,中控技术,2025-10-21 13:37:21,53.69,6800,53.69,E
sh688777,中控技术,2025-10-21 13:38:06,53.67,8124,53.67,D
sh688777,中控技术,2025-10-21 13:38:09,53.65,5000,53.67,D
sh688777,中控技术,2025-10-21 13:38:12,53.63,4642,53.65,D
sh688777,中控技术,2025-10-21 13:38:15,53.63,5500,53.63,D
sh688777,中控技术,2025-10-21 13:38:21,53.6,5200,53.64,D
sh688777,中控技术,2025-10-21 13:38:36,53.6,5800,53.6,D
sh688777,中控技术,2025-10-21 13:39:03,53.54,4945,53.56,D
sh688777,中控技术,2025-10-21 13:39:18,53.52,10910,53.55,D
sh688777,中控技术,2025-10-21 13:39:21,53.5,3891,53.52,D
sh688777,中控技术,2025-10-21 13:39:27,53.5,5500,53.5,D
sh688777,中控技术,2025-10-21 13:39:54,53.53,9295,53.52,U
sh688777,中控技术,2025-10-21 13:40:51,53.65,17400,53.58,U
sh688777,中控技术,2025-10-21 13:41:21,53.58,5000,53.61,D
sh688777,中控技术,2025-10-21 13:41:24,53.68,12859,53.58,U
sh688777,中控技术,2025-10-21 13:41:27,53.59,6000,53.68,D
sh688777,中控技术,2025-10-21 13:41:36,53.67,5200,53.67,U
sh688777,中控技术,2025-10-21 13:44:54,53.56,21804,53.58,D
sh688777,中控技术,2025-10-21 13:45:12,53.53,9761,53.55,D
sh688777,中控技术,2025-10-21 13:46:48,53.54,5000,53.54,U
sh688777,中控技术,2025-10-21 13:46:57,53.53,4345,53.54,D
sh688777,中控技术,2025-10-21 13:47:12,53.59,5609,53.57,U
sh688777,中控技术,2025-10-21 13:47:21,53.55,5200,53.6,D
sh688777,中控技术,2025-10-21 13:47:36,53.56,10100,53.55,U
sh688777,中控技术,2025-10-21 13:49:00,53.55,6669,53.54,U
sh688777,中控技术,2025-10-21 13:49:12,53.5,21571,53.52,D
sh688777,中控技术,2025-10-21 13:49:36,53.46,4033,53.48,D
sh688777,中控技术,2025-10-21 13:49:48,53.46,8306,53.46,U
sh688777,中控技术,2025-10-21 13:49:54,53.43,9200,53.46,D
sh688777,中控技术,2025-10-21 13:50:21,53.41,15154,53.42,D
sh688777,中控技术,2025-10-21 13:50:33,53.41,7981,53.4,U
sh688777,中控技术,2025-10-21 13:51:12,53.43,7079,53.43,D
sh688777,中控技术,2025-10-21 13:52:06,53.49,4124,53.44,U
sh688777,中控技术,2025-10-21 13:52:12,53.47,7648,53.49,D
sh688777,中控技术,2025-10-21 13:52:54,53.51,6227,53.51,U
sh688777,中控技术,2025-10-21 13:54:03,53.45,3750,53.47,D
sh688777,中控技术,2025-10-21 13:54:33,53.44,5123,53.45,D
sh688777,中控技术,2025-10-21 13:55:09,53.51,3929,53.46,U
sh688777,中控技术,2025-10-21 13:56:24,53.43,6036,53.45,D
sh688777,中控技术,2025-10-21 13:56:30,53.43,4844,53.43,D
sh688777,中控技术,2025-10-21 13:56:39,53.43,9011,53.43,D
sh688777,中控技术,2025-10-21 13:56:54,53.44,6324,53.42,U
sh688777,中控技术,2025-10-21 13:57:03,53.45,3750,53.43,U
sh688777,中控技术,2025-10-21 13:57:42,53.45,4000,53.47,D
sh688777,中控技术,2025-10-21 13:58:48,53.5,5625,53.51,D
sh688777,中控技术,2025-10-21 13:59:48,53.5,7800,53.5,U
sh688777,中控技术,2025-10-21 13:59:57,53.49,7106,53.49,D
sh688777,中控技术,2025-10-21 14:00:15,53.48,5300,53.48,U
sh688777,中控技术,2025-10-21 14:00:27,53.47,5850,53.47,D
sh688777,中控技术,2025-10-21 14:00:39,53.5,24518,53.48,U
sh688777,中控技术,2025-10-21 14:01:30,53.52,6041,53.51,U
sh688777,中控技术,2025-10-21 14:02:48,53.5,4085,53.49,U
sh688777,中控技术,2025-10-21 14:04:15,53.47,10690,53.5,D
sh688777,中控技术,2025-10-21 14:05:03,53.5,5153,53.52,D
sh688777,中控技术,2025-10-21 14:05:06,53.47,7855,53.5,D
sh688777,中控技术,2025-10-21 14:05:15,53.5,5828,53.47,U
sh688777,中控技术,2025-10-21 14:06:09,53.57,4089,53.58,E
sh688777,中控技术,2025-10-21 14:07:06,53.5,13378,53.51,D
sh688777,中控技术,2025-10-21 14:07:09,53.5,4858,53.5,D
sh688777,中控技术,2025-10-21 14:07:27,53.48,4603,53.48,D
sh688777,中控技术,2025-10-21 14:08:12,53.47,27837,53.47,D
sh688777,中控技术,2025-10-21 14:08:30,53.46,10700,53.47,D
sh688777,中控技术,2025-10-21 14:10:06,53.59,5000,53.52,U
sh688777,中控技术,2025-10-21 14:10:15,53.52,4122,53.59,D
sh688777,中控技术,2025-10-21 14:10:30,53.5,4791,53.51,D
sh688777,中控技术,2025-10-21 14:10:51,53.49,10897,53.48,E
sh688777,中控技术,2025-10-21 14:12:03,53.5,7623,53.49,U
sh688777,中控技术,2025-10-21 14:12:09,53.46,17554,53.5,D
sh688777,中控技术,2025-10-21 14:12:12,53.46,6239,53.46,U
sh688777,中控技术,2025-10-21 14:13:06,53.45,5300,53.47,D
sh688777,中控技术,2025-10-21 14:13:09,53.43,9000,53.45,D
sh688777,中控技术,2025-10-21 14:13:15,53.44,4390,53.43,U
sh688777,中控技术,2025-10-21 14:13:33,53.43,5000,53.43,U
sh688777,中控技术,2025-10-21 14:14:33,53.43,7552,53.44,D
sh688777,中控技术,2025-10-21 14:14:39,53.42,13324,53.43,D
sh688777,中控技术,2025-10-21 14:14:45,53.4,32650,53.42,D
sh688777,中控技术,2025-10-21 14:15:03,53.38,5926,53.39,D
sh688777,中控技术,2025-10-21 14:15:09,53.38,14265,53.37,U
sh688777,中控技术,2025-10-21 14:15:15,53.36,5099,53.38,D
sh688777,中控技术,2025-10-21 14:15:18,53.36,8766,53.36,U
sh688777,中控技术,2025-10-21 14:15:27,53.35,13000,53.37,D
sh688777,中控技术,2025-10-21 14:15:42,53.37,3900,53.38,D
sh688777,中控技术,2025-10-21 14:17:00,53.38,6056,53.37,U
sh688777,中控技术,2025-10-21 14:17:03,53.39,8250,53.38,U
sh688777,中控技术,2025-10-21 14:17:18,53.4,8878,53.38,U
sh688777,中控技术,2025-10-21 14:17:21,53.38,17117,53.4,D
sh688777,中控技术,2025-10-21 14:18:03,53.38,9770,53.39,D
sh688777,中控技术,2025-10-21 14:18:09,53.39,6945,53.39,U
sh688777,中控技术,2025-10-21 14:18:21,53.37,7980,53.38,D
sh688777,中控技术,2025-10-21 14:18:27,53.36,8995,53.37,D
sh688777,中控技术,2025-10-21 14:18:33,53.35,12023,53.36,D
sh688777,中控技术,2025-10-21 14:18:45,53.35,4243,53.35,U
sh688777,中控技术,2025-10-21 14:19:30,53.33,5379,53.34,D
sh688777,中控技术,2025-10-21 14:20:00,53.34,4819,53.34,D
sh688777,中控技术,2025-10-21 14:20:06,53.33,15250,53.41,D
sh688777,中控技术,2025-10-21 14:20:45,53.38,6640,53.39,D
sh688777,中控技术,2025-10-21 14:20:48,53.36,7026,53.38,D
sh688777,中控技术,2025-10-21 14:20:51,53.4,5200,53.36,U
sh688777,中控技术,2025-10-21 14:21:30,53.34,4878,53.35,D
sh688777,中控技术,2025-10-21 14:21:48,53.41,4782,53.4,U
sh688777,中控技术,2025-10-21 14:23:06,53.49,4336,53.45,U
sh688777,中控技术,2025-10-21 14:23:09,53.52,6587,53.49,U
sh688777,中控技术,2025-10-21 14:23:42,53.47,26834,53.51,D
sh688777,中控技术,2025-10-21 14:24:03,53.45,4680,53.46,D
sh688777,中控技术,2025-10-21 14:24:18,53.46,20000,53.45,U
sh688777,中控技术,2025-10-21 14:24:33,53.46,4937,53.46,D
sh688777,中控技术,2025-10-21 14:25:33,53.46,4738,53.48,D
sh688777,中控技术,2025-10-21 14:26:12,53.5,10000,53.46,U
sh688777,中控技术,2025-10-21 14:27:27,53.46,5594,53.46,D
sh688777,中控技术,2025-10-21 14:27:39,53.45,6200,53.45,D
sh688777,中控技术,2025-10-21 14:29:09,53.39,5105,53.41,D
sh688777,中控技术,2025-10-21 14:29:12,53.39,4600,53.39,D
sh688777,中控技术,2025-10-21 14:29:15,53.39,5269,53.39,D
sh688777,中控技术,2025-10-21 14:29:21,53.35,4071,53.35,D
sh688777,中控技术,2025-10-21 14:29:36,53.36,4945,53.36,U
sh688777,中控技术,2025-10-21 14:30:21,53.42,4837,53.44,E
sh688777,中控技术,2025-10-21 14:31:39,53.39,3750,53.4,D
sh688777,中控技术,2025-10-21 14:31:42,53.38,4890,53.39,D
sh688777,中控技术,2025-10-21 14:31:45,53.38,4266,53.38,D
sh688777,中控技术,2025-10-21 14:31:57,53.43,4016,53.39,U
sh688777,中控技术,2025-10-21 14:33:27,53.41,4236,53.41,U
sh688777,中控技术,2025-10-21 14:34:27,53.43,4979,53.42,U
sh688777,中控技术,2025-10-21 14:37:09,53.42,4066,53.42,U
sh688777,中控技术,2025-10-21 14:38:15,53.43,3911,53.43,U
sh688777,中控技术,2025-10-21 14:38:54,53.41,4850,53.4,U
sh688777,中控技术,2025-10-21 14:39:03,53.41,3859,53.4,U
sh688777,中控技术,2025-10-21 14:39:15,53.41,4000,53.42,D
sh688777,中控技术,2025-10-21 14:39:27,53.4,10711,53.41,D
sh688777,中控技术,2025-10-21 14:39:42,53.41,11000,53.4,U
sh688777,中控技术,2025-10-21 14:39:45,53.39,4525,53.41,D
sh688777,中控技术,2025-10-21 14:39:48,53.39,16102,53.39,U
sh688777,中控技术,2025-10-21 14:39:51,53.38,9760,53.39,D
sh688777,中控技术,2025-10-21 14:39:54,53.38,6078,53.38,U
sh688777,中控技术,2025-10-21 14:39:57,53.37,10661,53.38,D
sh688777,中控技术,2025-10-21 14:40:03,53.36,12880,53.39,D
sh688777,中控技术,2025-10-21 14:40:09,53.36,18149,53.37,D
sh688777,中控技术,2025-10-21 14:40:21,53.35,9971,53.36,D
sh688777,中控技术,2025-10-21 14:40:24,53.35,6400,53.35,U
sh688777,中控技术,2025-10-21 14:40:27,53.35,7000,53.35,U
sh688777,中控技术,2025-10-21 14:40:30,53.34,6989,53.35,U
sh688777,中控技术,2025-10-21 14:40:33,53.32,13953,53.34,D
sh688777,中控技术,2025-10-21 14:40:36,53.3,11853,53.32,D
sh688777,中控技术,2025-10-21 14:40:39,53.3,12600,53.3,D
sh688777,中控技术,2025-10-21 14:40:45,53.28,11579,53.28,D
sh688777,中控技术,2025-10-21 14:40:51,53.27,5993,53.27,D
sh688777,中控技术,2025-10-21 14:41:00,53.27,6263,53.26,U
sh688777,中控技术,2025-10-21 14:41:03,53.25,12242,53.27,D
sh688777,中控技术,2025-10-21 14:41:06,53.25,11211,53.25,D
sh688777,中控技术,2025-10-21 14:41:09,53.25,7798,53.25,U
sh688777,中控技术,2025-10-21 14:41:12,53.24,16193,53.25,D
sh688777,中控技术,2025-10-21 14:41:18,53.24,3834,53.25,D
sh688777,中控技术,2025-10-21 14:41:24,53.24,3800,53.24,D
sh688777,中控技术,2025-10-21 14:41:33,53.23,7663,53.24,D
sh688777,中控技术,2025-10-21 14:41:39,53.22,6336,53.23,D
sh688777,中控技术,2025-10-21 14:41:51,53.22,4729,53.22,U
sh688777,中控技术,2025-10-21 14:41:54,53.23,39982,53.22,U
sh688777,中控技术,2025-10-21 14:42:00,53.25,33416,53.23,U
sh688777,中控技术,2025-10-21 14:42:03,53.23,4628,53.25,E
sh688777,中控技术,2025-10-21 14:42:06,53.23,12565,53.23,U
sh688777,中控技术,2025-10-21 14:42:09,53.25,14051,53.23,U
sh688777,中控技术,2025-10-21 14:42:12,53.22,21759,53.25,D
sh688777,中控技术,2025-10-21 14:42:15,53.23,42525,53.22,D
sh688777,中控技术,2025-10-21 14:42:48,53.33,35200,53.3,U
sh688777,中控技术,2025-10-21 14:42:54,53.26,5349,53.33,D
sh688777,中控技术,2025-10-21 14:43:09,53.25,12135,53.28,D
sh688777,中控技术,2025-10-21 14:43:15,53.25,9055,53.25,D
sh688777,中控技术,2025-10-21 14:43:21,53.25,8153,53.25,U
sh688777,中控技术,2025-10-21 14:43:24,53.24,15766,53.25,D
sh688777,中控技术,2025-10-21 14:43:42,53.24,29095,53.24,D
sh688777,中控技术,2025-10-21 14:43:51,53.23,22698,53.24,D
sh688777,中控技术,2025-10-21 14:43:57,53.22,10834,53.22,D
sh688777,中控技术,2025-10-21 14:44:03,53.23,23955,53.21,U
sh688777,中控技术,2025-10-21 14:44:09,53.23,10793,53.24,D
sh688777,中控技术,2025-10-21 14:44:12,53.23,12905,53.23,U
sh688777,中控技术,2025-10-21 14:44:15,53.22,61121,53.23,D
sh688777,中控技术,2025-10-21 14:44:27,53.22,5200,53.23,U
sh688777,中控技术,2025-10-21 14:44:39,53.24,11487,53.22,U
sh688777,中控技术,2025-10-21 14:44:48,53.23,4575,53.23,U
sh688777,中控技术,2025-10-21 14:44:54,53.22,15467,53.23,D
sh688777,中控技术,2025-10-21 14:45:03,53.21,8091,53.22,D
sh688777,中控技术,2025-10-21 14:45:06,53.21,4038,53.21,D
sh688777,中控技术,2025-10-21 14:45:12,53.22,9832,53.21,U
sh688777,中控技术,2025-10-21 14:45:15,53.22,23568,53.22,U
sh688777,中控技术,2025-10-21 14:45:24,53.21,14457,53.21,U
sh688777,中控技术,2025-10-21 14:45:27,53.21,7100,53.21,U
sh688777,中控技术,2025-10-21 14:45:30,53.2,8624,53.21,D
sh688777,中控技术,2025-10-21 14:45:42,53.19,22731,53.2,D
sh688777,中控技术,2025-10-21 14:45:45,53.18,11400,53.19,D
sh688777,中控技术,2025-10-21 14:45:48,53.2,24033,53.18,U
sh688777,中控技术,2025-10-21 14:45:51,53.2,22366,53.2,U
sh688777,中控技术,2025-10-21 14:45:57,53.21,6208,53.21,U
sh688777,中控技术,2025-10-21 14:46:03,53.19,12240,53.21,D
sh688777,中控技术,2025-10-21 14:46:06,53.21,18500,53.19,U
sh688777,中控技术,2025-10-21 14:46:09,53.19,14173,53.21,D
sh688777,中控技术,2025-10-21 14:46:21,53.17,14480,53.18,D
sh688777,中控技术,2025-10-21 14:46:27,53.16,4701,53.16,D
sh688777,中控技术,2025-10-21 14:46:30,53.16,6750,53.16,U
sh688777,中控技术,2025-10-21 14:46:33,53.21,25238,53.16,U
sh688777,中控技术,2025-10-21 14:46:42,53.25,19960,53.16,U
sh688777,中控技术,2025-10-21 14:46:48,53.21,12146,53.25,D
sh688777,中控技术,2025-10-21 14:46:54,53.21,5162,53.2,U
sh688777,中控技术,2025-10-21 14:47:15,53.24,6100,53.25,D
sh688777,中控技术,2025-10-21 14:47:21,53.29,9986,53.24,U
sh688777,中控技术,2025-10-21 14:47:27,53.3,5536,53.3,D
sh688777,中控技术,2025-10-21 14:47:48,53.3,9862,53.3,U
sh688777,中控技术,2025-10-21 14:47:57,53.3,5603,53.3,U
sh688777,中控技术,2025-10-21 14:48:00,53.3,4505,53.3,U
sh688777,中控技术,2025-10-21 14:48:03,53.35,20000,53.3,U
sh688777,中控技术,2025-10-21 14:48:18,53.33,4000,53.3,U
sh688777,中控技术,2025-10-21 14:48:30,53.35,5725,53.35,U
sh688777,中控技术,2025-10-21 14:48:48,53.36,4055,53.35,U
sh688777,中控技术,2025-10-21 14:49:00,53.36,7279,53.36,U
sh688777,中控技术,2025-10-21 14:49:06,53.35,7875,53.37,D
sh688777,中控技术,2025-10-21 14:49:09,53.34,6683,53.35,D
sh688777,中控技术,2025-10-21 14:49:24,53.31,11128,53.34,D
sh688777,中控技术,2025-10-21 14:50:06,53.25,5444,53.26,D
sh688777,中控技术,2025-10-21 14:50:09,53.24,6288,53.25,D
sh688777,中控技术,2025-10-21 14:50:12,53.24,7063,53.24,D
sh688777,中控技术,2025-10-21 14:50:18,53.25,5567,53.25,U
sh688777,中控技术,2025-10-21 14:50:24,53.23,5400,53.26,D
sh688777,中控技术,2025-10-21 14:50:27,53.23,8000,53.23,D
sh688777,中控技术,2025-10-21 14:50:33,53.24,14066,53.25,D
sh688777,中控技术,2025-10-21 14:50:57,53.22,9458,53.22,D
sh688777,中控技术,2025-10-21 14:51:09,53.22,3907,53.21,U
sh688777,中控技术,2025-10-21 14:51:15,53.22,8400,53.2,U
sh688777,中控技术,2025-10-21 14:51:45,53.24,4620,53.23,U
sh688777,中控技术,2025-10-21 14:51:48,53.24,5400,53.24,U
sh688777,中控技术,2025-10-21 14:51:57,53.24,5026,53.24,D
sh688777,中控技术,2025-10-21 14:53:09,53.27,4052,53.28,D
sh688777,中控技术,2025-10-21 14:53:33,53.27,6600,53.27,U
sh688777,中控技术,2025-10-21 14:53:39,53.26,10798,53.27,D
sh688777,中控技术,2025-10-21 14:54:06,53.27,6068,53.26,U
sh688777,中控技术,2025-10-21 14:54:15,53.27,6830,53.27,U
sh688777,中控技术,2025-10-21 14:54:27,53.27,4608,53.27,U
sh688777,中控技术,2025-10-21 14:54:45,53.27,4500,53.27,D
sh688777,中控技术,2025-10-21 14:54:51,53.27,8277,53.27,D
sh688777,中控技术,2025-10-21 14:54:54,53.27,5043,53.27,U
sh688777,中控技术,2025-10-21 14:55:09,53.27,5013,53.27,D
sh688777,中控技术,2025-10-21 14:55:12,53.28,5169,53.27,U
sh688777,中控技术,2025-10-21 14:55:21,53.28,4144,53.27,U
sh688777,中控技术,2025-10-21 14:55:24,53.28,6482,53.28,D
sh688777,中控技术,2025-10-21 14:55:33,53.29,5198,53.29,U
sh688777,中控技术,2025-10-21 14:55:42,53.29,10441,53.3,D
sh688777,中控技术,2025-10-21 14:56:15,53.33,33524,53.33,U
sh688777,中控技术,2025-10-21 14:56:21,53.29,14483,53.31,D
sh688777,中控技术,2025-10-21 14:56:30,53.29,8025,53.29,U
sh688777,中控技术,2025-10-21 14:56:42,53.29,6519,53.29,U
sh688777,中控技术,2025-10-21 14:56:45,53.29,4471,53.29,U
sh688777,中控技术,2025-10-21 14:56:48,53.28,3877,53.29,D
sh688777,中控技术,2025-10-21 14:56:51,53.29,5873,53.28,U
sh688777,中控技术,2025-10-21 14:56:57,53.28,8241,53.28,D
sh688777,中控技术,2025-10-21 15:00:03,53.28,162058,53.28,U
