symbol,name,ticktime,price,volume,prev_price,kind
sh688777,中控技术,2025-10-20 09:25:01,53.61,71919,0.0,U
sh688777,中控技术,2025-10-20 09:30:03,53.61,4057,53.61,D
sh688777,中控技术,2025-10-20 09:30:06,53.67,32931,53.61,U
sh688777,中控技术,2025-10-20 09:30:09,53.6,23977,53.67,D
sh688777,中控技术,2025-10-20 09:30:12,53.53,105071,53.6,D
sh688777,中控技术,2025-10-20 09:30:15,53.42,23819,53.53,D
sh688777,中控技术,2025-10-20 09:30:18,53.59,25560,53.42,U
sh688777,中控技术,2025-10-20 09:30:21,53.32,15598,53.59,D
sh688777,中控技术,2025-10-20 09:30:24,53.6,27312,53.32,U
sh688777,中控技术,2025-10-20 09:30:27,53.32,14293,53.6,E
sh688777,中控技术,2025-10-20 09:30:30,53.3,9949,53.32,U
sh688777,中控技术,2025-10-20 09:30:33,53.5,27359,53.3,U
sh688777,中控技术,2025-10-20 09:30:36,53.5,14423,53.5,D
sh688777,中控技术,2025-10-20 09:30:39,53.41,11868,53.5,D
sh688777,中控技术,2025-10-20 09:30:42,53.34,19241,53.41,E
sh688777,中控技术,2025-10-20 09:30:45,53.41,14174,53.34,U
sh688777,中控技术,2025-10-20 09:30:54,53.46,11493,53.41,U
sh688777,中控技术,2025-10-20 09:30:57,53.42,6989,53.46,E
sh688777,中控技术,2025-10-20 09:31:00,53.47,9895,53.42,U
sh688777,中控技术,2025-10-20 09:31:03,53.32,20784,53.47,D
sh688777,中控技术,2025-10-20 09:31:06,53.32,29679,53.32,D
sh688777,中控技术,2025-10-20 09:31:09,53.26,10334,53.32,D
sh688777,中控技术,2025-10-20 09:31:12,53.25,7388,53.26,D
sh688777,中控技术,2025-10-20 09:31:18,53.22,4549,53.26,E
sh688777,中控技术,2025-10-20 09:31:21,53.22,7347,53.22,U
sh688777,中控技术,2025-10-20 09:31:24,53.23,18471,53.22,U
sh688777,中控技术,2025-10-20 09:31:27,53.22,8866,53.23,U
sh688777,中控技术,2025-10-20 09:31:30,53.26,6851,53.22,U
sh688777,中控技术,2025-10-20 09:31:33,53.3,7003,53.26,U
sh688777,中控技术,2025-10-20 09:31:36,53.19,24885,53.3,D
sh688777,中控技术,2025-10-20 09:31:39,53.23,9252,53.19,U
sh688777,中控技术,2025-10-20 09:31:42,53.36,4042,53.23,U
sh688777,中控技术,2025-10-20 09:31:45,53.2,4200,53.36,D
sh688777,中控技术,2025-10-20 09:31:48,53.28,4843,53.2,U
sh688777,中控技术,2025-10-20 09:31:51,53.22,4977,53.28,D
sh688777,中控技术,2025-10-20 09:31:57,53.22,10551,53.23,D
sh688777,中控技术,2025-10-20 09:32:00,53.23,12948,53.22,D
sh688777,中控技术,2025-10-20 09:32:03,53.25,9277,53.23,U
sh688777,中控技术,2025-10-20 09:32:09,53.37,7693,53.24,U
sh688777,中控技术,2025-10-20 09:32:15,53.41,9900,53.31,U
sh688777,中控技术,2025-10-20 09:32:30,53.39,7066,53.39,U
sh688777,中控技术,2025-10-20 09:32:33,53.4,14121,53.39,U
sh688777,中控技术,2025-10-20 09:32:36,53.41,14089,53.4,U
sh688777,中控技术,2025-10-20 09:32:39,53.4,6048,53.41,E
sh688777,中控技术,2025-10-20 09:32:42,53.41,9767,53.4,U
sh688777,中控技术,2025-10-20 09:32:45,53.4,4141,53.41,E
sh688777,中控技术,2025-10-20 09:32:51,53.35,4796,53.38,D
sh688777,中控技术,2025-10-20 09:32:54,53.33,5232,53.35,D
sh688777,中控技术,2025-10-20 09:32:57,53.31,35242,53.33,D
sh688777,中控技术,2025-10-20 09:33:00,53.28,41323,53.31,D
sh688777,中控技术,2025-10-20 09:33:03,53.25,6668,53.28,D
sh688777,中控技术,2025-10-20 09:33:06,53.26,28423,53.25,U
sh688777,中控技术,2025-10-20 09:33:09,53.32,15087,53.26,U
sh688777,中控技术,2025-10-20 09:33:12,53.33,20415,53.32,U
sh688777,中控技术,2025-10-20 09:33:21,53.42,7830,53.41,U
sh688777,中控技术,2025-10-20 09:33:27,53.46,12091,53.45,U
sh688777,中控技术,2025-10-20 09:33:30,53.44,16693,53.46,E
sh688777,中控技术,2025-10-20 09:33:33,53.42,4548,53.44,E
sh688777,中控技术,2025-10-20 09:33:36,53.4,10004,53.42,D
sh688777,中控技术,2025-10-20 09:33:39,53.42,4100,53.4,E
sh688777,中控技术,2025-10-20 09:33:42,53.44,9793,53.42,U
sh688777,中控技术,2025-10-20 09:33:45,53.38,6481,53.44,E
sh688777,中控技术,2025-10-20 09:33:48,53.37,6841,53.38,D
sh688777,中控技术,2025-10-20 09:33:54,53.4,7606,53.37,U
sh688777,中控技术,2025-10-20 09:33:57,53.29,4000,53.4,D
sh688777,中控技术,2025-10-20 09:34:00,53.37,4542,53.29,U
sh688777,中控技术,2025-10-20 09:34:06,53.36,4500,53.34,U
sh688777,中控技术,2025-10-20 09:34:09,53.5,9502,53.36,U
sh688777,中控技术,2025-10-20 09:34:12,53.41,5427,53.5,D
sh688777,中控技术,2025-10-20 09:34:15,53.37,11128,53.41,D
sh688777,中控技术,2025-10-20 09:34:18,53.53,11514,53.37,U
sh688777,中控技术,2025-10-20 09:34:24,53.57,4600,53.57,U
sh688777,中控技术,2025-10-20 09:34:30,53.51,7545,53.59,U
sh688777,中控技术,2025-10-20 09:34:36,53.5,11686,53.57,D
sh688777,中控技术,2025-10-20 09:34:39,53.5,6105,53.5,D
sh688777,中控技术,2025-10-20 09:34:42,53.51,6655,53.5,U
sh688777,中控技术,2025-10-20 09:34:48,53.51,13246,53.5,U
sh688777,中控技术,2025-10-20 09:34:51,53.5,7082,53.51,D
sh688777,中控技术,2025-10-20 09:34:57,53.56,5288,53.57,E
sh688777,中控技术,2025-10-20 09:35:00,53.57,4000,53.56,U
sh688777,中控技术,2025-10-20 09:35:03,53.57,4151,53.57,U
sh688777,中控技术,2025-10-20 09:35:09,53.5,4657,53.52,D
sh688777,中控技术,2025-10-20 09:35:12,53.5,5166,53.5,D
sh688777,中控技术,2025-10-20 09:35:15,53.53,3855,53.5,U
sh688777,中控技术,2025-10-20 09:35:18,53.55,12485,53.53,U
sh688777,中控技术,2025-10-20 09:35:24,53.55,11825,53.53,U
sh688777,中控技术,2025-10-20 09:35:27,53.55,8971,53.55,U
sh688777,中控技术,2025-10-20 09:35:30,53.58,26594,53.55,U
sh688777,中控技术,2025-10-20 09:35:33,53.55,4109,53.58,E
sh688777,中控技术,2025-10-20 09:35:36,53.61,7172,53.55,U
sh688777,中控技术,2025-10-20 09:35:39,53.61,4233,53.61,U
sh688777,中控技术,2025-10-20 09:35:45,53.55,5421,53.57,D
sh688777,中控技术,2025-10-20 09:35:48,53.6,6553,53.55,U
sh688777,中控技术,2025-10-20 09:35:51,53.59,3941,53.6,E
sh688777,中控技术,2025-10-20 09:35:54,53.6,5652,53.59,U
sh688777,中控技术,2025-10-20 09:35:57,53.58,6772,53.6,D
sh688777,中控技术,2025-10-20 09:36:06,53.52,6398,53.55,D
sh688777,中控技术,2025-10-20 09:36:09,53.5,32547,53.52,D
sh688777,中控技术,2025-10-20 09:36:21,53.43,5075,53.45,E
sh688777,中控技术,2025-10-20 09:36:27,53.38,50328,53.38,U
sh688777,中控技术,2025-10-20 09:36:30,53.35,20779,53.38,D
sh688777,中控技术,2025-10-20 09:36:42,53.38,21412,53.48,D
sh688777,中控技术,2025-10-20 09:36:45,53.45,4749,53.38,E
sh688777,中控技术,2025-10-20 09:36:48,53.47,6054,53.45,U
sh688777,中控技术,2025-10-20 09:36:57,53.39,6451,53.39,D
sh688777,中控技术,2025-10-20 09:37:03,53.4,4258,53.39,U
sh688777,中控技术,2025-10-20 09:37:06,53.46,5162,53.4,U
sh688777,中控技术,2025-10-20 09:37:12,53.52,17417,53.47,U
sh688777,中控技术,2025-10-20 09:37:18,53.51,33785,53.46,U
sh688777,中控技术,2025-10-20 09:37:21,53.53,5479,53.51,U
sh688777,中控技术,2025-10-20 09:37:27,53.46,10019,53.53,D
sh688777,中控技术,2025-10-20 09:37:33,53.46,15582,53.46,U
sh688777,中控技术,2025-10-20 09:37:36,53.52,5526,53.46,U
sh688777,中控技术,2025-10-20 09:37:48,53.39,12813,53.41,D
sh688777,中控技术,2025-10-20 09:37:57,53.34,4857,53.4,D
sh688777,中控技术,2025-10-20 09:38:03,53.34,14521,53.4,D
sh688777,中控技术,2025-10-20 09:38:18,53.48,9004,53.41,U
sh688777,中控技术,2025-10-20 09:38:42,53.41,5903,53.36,U
sh688777,中控技术,2025-10-20 09:38:45,53.37,5200,53.41,E
sh688777,中控技术,2025-10-20 09:38:48,53.33,4025,53.37,D
sh688777,中控技术,2025-10-20 09:38:54,53.34,5010,53.33,E
sh688777,中控技术,2025-10-20 09:39:00,53.4,4477,53.4,U
sh688777,中控技术,2025-10-20 09:39:03,53.4,8493,53.4,U
sh688777,中控技术,2025-10-20 09:39:06,53.4,8190,53.4,U
sh688777,中控技术,2025-10-20 09:39:09,53.41,21542,53.4,E
sh688777,中控技术,2025-10-20 09:39:12,53.4,14999,53.41,E
sh688777,中控技术,2025-10-20 09:39:15,53.39,11544,53.4,D
sh688777,中控技术,2025-10-20 09:39:18,53.33,26519,53.39,D
sh688777,中控技术,2025-10-20 09:39:21,53.35,10459,53.33,U
sh688777,中控技术,2025-10-20 09:39:24,53.38,9374,53.35,U
sh688777,中控技术,2025-10-20 09:39:27,53.34,5460,53.38,D
sh688777,中控技术,2025-10-20 09:39:30,53.34,4741,53.34,D
sh688777,中控技术,2025-10-20 09:39:48,53.36,7326,53.37,D
sh688777,中控技术,2025-10-20 09:40:03,53.35,12420,53.37,D
sh688777,中控技术,2025-10-20 09:40:12,53.31,6195,53.35,D
sh688777,中控技术,2025-10-20 09:40:15,53.32,12312,53.31,E
sh688777,中控技术,2025-10-20 09:40:24,53.3,4875,53.3,D
sh688777,中控技术,2025-10-20 09:40:27,53.3,9594,53.3,D
sh688777,中控技术,2025-10-20 09:40:39,53.28,4034,53.28,D
sh688777,中控技术,2025-10-20 09:40:42,53.23,12241,53.28,D
sh688777,中控技术,2025-10-20 09:41:00,53.21,16576,53.22,D
sh688777,中控技术,2025-10-20 09:41:09,53.22,14860,53.27,D
sh688777,中控技术,2025-10-20 09:41:15,53.21,4885,53.22,D
sh688777,中控技术,2025-10-20 09:41:24,53.19,14172,53.2,D
sh688777,中控技术,2025-10-20 09:41:36,53.18,6758,53.19,D
sh688777,中控技术,2025-10-20 09:41:45,53.2,9140,53.18,U
sh688777,中控技术,2025-10-20 09:41:48,53.16,6300,53.2,D
sh688777,中控技术,2025-10-20 09:41:51,53.18,9800,53.16,U
sh688777,中控技术,2025-10-20 09:41:57,53.2,10764,53.18,U
sh688777,中控技术,2025-10-20 09:42:15,53.09,6662,53.12,D
sh688777,中控技术,2025-10-20 09:42:21,53.09,8127,53.1,D
sh688777,中控技术,2025-10-20 09:42:24,53.06,25410,53.09,D
sh688777,中控技术,2025-10-20 09:42:27,53.16,4368,53.06,U
sh688777,中控技术,2025-10-20 09:42:30,53.1,9408,53.16,D
sh688777,中控技术,2025-10-20 09:42:33,53.0,48808,53.1,D
sh688777,中控技术,2025-10-20 09:43:06,53.15,4834,53.09,U
sh688777,中控技术,2025-10-20 09:43:09,53.09,10527,53.15,E
sh688777,中控技术,2025-10-20 09:43:12,53.09,15359,53.09,D
sh688777,中控技术,2025-10-20 09:43:15,53.17,6234,53.09,E
sh688777,中控技术,2025-10-20 09:43:21,53.18,7479,53.09,U
sh688777,中控技术,2025-10-20 09:43:42,53.1,4883,53.11,D
sh688777,中控技术,2025-10-20 09:43:45,53.11,4491,53.1,U
sh688777,中控技术,2025-10-20 09:43:48,53.1,4111,53.11,E
sh688777,中控技术,2025-10-20 09:43:51,53.1,10800,53.1,U
sh688777,中控技术,2025-10-20 09:44:00,53.09,8374,53.1,D
sh688777,中控技术,2025-10-20 09:44:09,53.09,8341,53.1,D
sh688777,中控技术,2025-10-20 09:44:48,53.21,5969,53.25,D
sh688777,中控技术,2025-10-20 09:44:57,53.25,23724,53.21,U
sh688777,中控技术,2025-10-20 09:45:03,53.23,4635,53.25,D
sh688777,中控技术,2025-10-20 09:45:06,53.28,11653,53.23,U
sh688777,中控技术,2025-10-20 09:45:12,53.28,4500,53.27,U
sh688777,中控技术,2025-10-20 09:45:18,53.25,9961,53.23,U
sh688777,中控技术,2025-10-20 09:45:21,53.2,12273,53.25,D
sh688777,中控技术,2025-10-20 09:45:24,53.14,4736,53.2,D
sh688777,中控技术,2025-10-20 09:45:30,53.21,6767,53.17,U
sh688777,中控技术,2025-10-20 09:45:48,53.19,6151,53.17,U
sh688777,中控技术,2025-10-20 09:45:57,53.15,11195,53.19,D
sh688777,中控技术,2025-10-20 09:46:15,53.23,6775,53.18,U
sh688777,中控技术,2025-10-20 09:46:18,53.2,5864,53.23,E
sh688777,中控技术,2025-10-20 09:46:27,53.2,4304,53.22,D
sh688777,中控技术,2025-10-20 09:46:48,53.31,27472,53.28,U
sh688777,中控技术,2025-10-20 09:47:00,53.36,6200,53.33,U
sh688777,中控技术,2025-10-20 09:47:03,53.33,5856,53.36,E
sh688777,中控技术,2025-10-20 09:47:12,53.37,3990,53.36,U
sh688777,中控技术,2025-10-20 09:47:21,53.36,9731,53.38,D
sh688777,中控技术,2025-10-20 09:47:36,53.38,8610,53.39,D
sh688777,中控技术,2025-10-20 09:47:42,53.45,18667,53.39,U
sh688777,中控技术,2025-10-20 09:47:48,53.46,12403,53.45,U
sh688777,中控技术,2025-10-20 09:48:00,53.45,7004,53.44,U
sh688777,中控技术,2025-10-20 09:48:12,53.45,4491,53.5,D
sh688777,中控技术,2025-10-20 09:48:15,53.42,6519,53.45,D
sh688777,中控技术,2025-10-20 09:48:21,53.37,9956,53.42,D
sh688777,中控技术,2025-10-20 09:48:24,53.4,6994,53.37,E
sh688777,中控技术,2025-10-20 09:48:27,53.34,5400,53.4,E
sh688777,中控技术,2025-10-20 09:48:54,53.33,11333,53.33,D
sh688777,中控技术,2025-10-20 09:49:06,53.38,6370,53.38,E
sh688777,中控技术,2025-10-20 09:49:15,53.41,29834,53.45,E
sh688777,中控技术,2025-10-20 09:49:42,53.56,5926,53.52,U
sh688777,中控技术,2025-10-20 09:49:48,53.55,20720,53.56,U
sh688777,中控技术,2025-10-20 09:49:51,53.58,28603,53.55,U
sh688777,中控技术,2025-10-20 09:50:06,53.56,8527,53.54,U
sh688777,中控技术,2025-10-20 09:50:15,53.57,8073,53.57,U
sh688777,中控技术,2025-10-20 09:50:18,53.52,7030,53.57,D
sh688777,中控技术,2025-10-20 09:50:24,53.45,11348,53.51,D
sh688777,中控技术,2025-10-20 09:50:27,53.44,7409,53.45,D
sh688777,中控技术,2025-10-20 09:50:33,53.47,6490,53.46,U
sh688777,中控技术,2025-10-20 09:50:39,53.4,5766,53.46,D
sh688777,中控技术,2025-10-20 09:50:42,53.5,14104,53.4,U
sh688777,中控技术,2025-10-20 09:50:54,53.51,7200,53.5,U
sh688777,中控技术,2025-10-20 09:51:03,53.5,14748,53.5,U
sh688777,中控技术,2025-10-20 09:51:18,53.46,5538,53.48,D
sh688777,中控技术,2025-10-20 09:51:24,53.48,5213,53.48,U
sh688777,中控技术,2025-10-20 09:51:33,53.48,7599,53.48,U
sh688777,中控技术,2025-10-20 09:51:39,53.57,22189,53.49,U
sh688777,中控技术,2025-10-20 09:52:00,53.56,6905,53.58,U
sh688777,中控技术,2025-10-20 09:52:09,53.58,20198,53.57,U
sh688777,中控技术,2025-10-20 09:52:24,53.57,4708,53.57,D
sh688777,中控技术,2025-10-20 09:52:30,53.5,9232,53.54,D
sh688777,中控技术,2025-10-20 09:52:48,53.5,9226,53.53,D
sh688777,中控技术,2025-10-20 09:52:54,53.52,6000,53.54,U
sh688777,中控技术,2025-10-20 09:52:57,53.52,5105,53.52,U
sh688777,中控技术,2025-10-20 09:53:00,53.57,6412,53.52,U
sh688777,中控技术,2025-10-20 09:53:12,53.53,10188,53.57,D
sh688777,中控技术,2025-10-20 09:53:15,53.55,15262,53.53,U
sh688777,中控技术,2025-10-20 09:53:21,53.58,9816,53.55,U
sh688777,中控技术,2025-10-20 09:53:24,53.58,9000,53.58,D
sh688777,中控技术,2025-10-20 09:53:27,53.59,6707,53.58,U
sh688777,中控技术,2025-10-20 09:53:30,53.58,5852,53.59,D
sh688777,中控技术,2025-10-20 09:53:42,53.58,13594,53.58,D
sh688777,中控技术,2025-10-20 09:53:45,53.58,8251,53.58,U
sh688777,中控技术,2025-10-20 09:53:54,53.59,10319,53.58,U
sh688777,中控技术,2025-10-20 09:54:06,53.51,4496,53.57,D
sh688777,中控技术,2025-10-20 09:54:27,53.51,6000,53.5,U
sh688777,中控技术,2025-10-20 09:54:30,53.5,13165,53.51,D
sh688777,中控技术,2025-10-20 09:54:33,53.5,11142,53.5,U
sh688777,中控技术,2025-10-20 09:54:39,53.5,9200,53.5,U
sh688777,中控技术,2025-10-20 09:54:48,53.46,9159,53.47,D
sh688777,中控技术,2025-10-20 09:54:51,53.46,3841,53.46,U
sh688777,中控技术,2025-10-20 09:55:03,53.55,85618,53.45,U
sh688777,中控技术,2025-10-20 09:55:21,53.41,4242,53.55,D
sh688777,中控技术,2025-10-20 09:56:09,53.59,7839,53.55,U
sh688777,中控技术,2025-10-20 09:56:12,53.6,21369,53.59,U
sh688777,中控技术,2025-10-20 09:56:18,53.6,17331,53.64,D
sh688777,中控技术,2025-10-20 09:56:21,53.54,25535,53.6,D
sh688777,中控技术,2025-10-20 09:56:33,53.48,31620,53.54,D
sh688777,中控技术,2025-10-20 09:56:45,53.47,17397,53.51,D
sh688777,中控技术,2025-10-20 09:56:51,53.5,7400,53.48,U
sh688777,中控技术,2025-10-20 09:57:21,53.54,9035,53.57,D
sh688777,中控技术,2025-10-20 09:57:30,53.54,66456,53.5,U
sh688777,中控技术,2025-10-20 09:57:33,53.54,4428,53.54,D
sh688777,中控技术,2025-10-20 09:57:42,53.54,4390,53.57,D
sh688777,中控技术,2025-10-20 09:58:06,53.58,10400,53.57,U
sh688777,中控技术,2025-10-20 09:58:09,53.59,3959,53.58,U
sh688777,中控技术,2025-10-20 09:58:24,53.63,6200,53.6,U
sh688777,中控技术,2025-10-20 09:58:30,53.6,14394,53.63,U
sh688777,中控技术,2025-10-20 09:58:33,53.59,8981,53.6,E
sh688777,中控技术,2025-10-20 09:58:39,53.54,7953,53.6,D
sh688777,中控技术,2025-10-20 09:58:48,53.55,5503,53.55,U
sh688777,中控技术,2025-10-20 09:59:00,53.55,6272,53.55,D
sh688777,中控技术,2025-10-20 09:59:12,53.56,8531,53.56,U
sh688777,中控技术,2025-10-20 09:59:15,53.56,40597,53.56,U
sh688777,中控技术,2025-10-20 09:59:18,53.56,3785,53.56,D
sh688777,中控技术,2025-10-20 09:59:51,53.6,5372,53.59,U
sh688777,中控技术,2025-10-20 10:00:18,53.66,23239,53.63,U
sh688777,中控技术,2025-10-20 10:00:24,53.64,4234,53.65,D
sh688777,中控技术,2025-10-20 10:00:30,53.66,11577,53.66,U
sh688777,中控技术,2025-10-20 10:00:39,53.7,35200,53.66,U
sh688777,中控技术,2025-10-20 10:00:45,53.71,5372,53.72,E
sh688777,中控技术,2025-10-20 10:00:54,53.73,58903,53.72,U
sh688777,中控技术,2025-10-20 10:01:00,53.73,8340,53.67,U
sh688777,中控技术,2025-10-20 10:01:18,53.69,6981,53.71,D
sh688777,中控技术,2025-10-20 10:01:21,53.67,5969,53.69,D
sh688777,中控技术,2025-10-20 10:01:27,53.69,4175,53.7,D
sh688777,中控技术,2025-10-20 10:01:36,53.71,5687,53.67,U
sh688777,中控技术,2025-10-20 10:01:42,53.64,44198,53.69,D
sh688777,中控技术,2025-10-20 10:01:45,53.63,13833,53.64,D
sh688777,中控技术,2025-10-20 10:01:51,53.67,17717,53.67,U
sh688777,中控技术,2025-10-20 10:01:54,53.7,15065,53.67,U
sh688777,中控技术,2025-10-20 10:02:00,53.76,29667,53.72,U
sh688777,中控技术,2025-10-20 10:02:03,53.76,12335,53.76,U
sh688777,中控技术,2025-10-20 10:02:06,53.78,7738,53.76,U
sh688777,中控技术,2025-10-20 10:02:09,53.8,25195,53.78,U
sh688777,中控技术,2025-10-20 10:02:12,53.87,28904,53.8,U
sh688777,中控技术,2025-10-20 10:02:15,53.88,22598,53.87,U
sh688777,中控技术,2025-10-20 10:02:21,53.88,5601,53.85,U
sh688777,中控技术,2025-10-20 10:02:24,53.91,16294,53.88,U
sh688777,中控技术,2025-10-20 10:02:27,53.84,9600,53.91,D
sh688777,中控技术,2025-10-20 10:02:30,53.91,8820,53.84,U
sh688777,中控技术,2025-10-20 10:02:33,53.93,5809,53.91,U
sh688777,中控技术,2025-10-20 10:02:36,53.91,7367,53.93,D
sh688777,中控技术,2025-10-20 10:02:39,53.95,12019,53.91,U
sh688777,中控技术,2025-10-20 10:02:42,53.96,10533,53.95,U
sh688777,中控技术,2025-10-20 10:02:45,53.94,17559,53.96,D
sh688777,中控技术,2025-10-20 10:02:51,53.93,16382,53.94,U
sh688777,中控技术,2025-10-20 10:02:54,53.85,23208,53.93,D
sh688777,中控技术,2025-10-20 10:02:57,53.98,26021,53.85,U
sh688777,中控技术,2025-10-20 10:03:00,53.93,12631,53.98,D
sh688777,中控技术,2025-10-20 10:03:06,53.98,17641,53.93,U
sh688777,中控技术,2025-10-20 10:03:12,53.98,57714,53.93,U
sh688777,中控技术,2025-10-20 10:03:15,54.0,4618,53.98,U
sh688777,中控技术,2025-10-20 10:03:18,53.96,5035,54.0,E
sh688777,中控技术,2025-10-20 10:03:21,54.0,19398,53.96,U
sh688777,中控技术,2025-10-20 10:03:27,53.96,4877,53.96,U
sh688777,中控技术,2025-10-20 10:03:39,53.93,11839,53.93,D
sh688777,中控技术,2025-10-20 10:03:51,53.9,23293,53.93,D
sh688777,中控技术,2025-10-20 10:03:57,53.9,4081,53.93,D
sh688777,中控技术,2025-10-20 10:04:00,53.94,9270,53.9,U
sh688777,中控技术,2025-10-20 10:04:03,53.91,4176,53.94,D
sh688777,中控技术,2025-10-20 10:04:24,53.93,6667,53.92,U
sh688777,中控技术,2025-10-20 10:04:42,53.93,9339,53.93,D
sh688777,中控技术,2025-10-20 10:05:09,53.92,4912,53.91,U
sh688777,中控技术,2025-10-20 10:05:12,53.95,5712,53.92,U
sh688777,中控技术,2025-10-20 10:05:18,53.95,4329,53.93,U
sh688777,中控技术,2025-10-20 10:05:33,53.89,21163,53.93,D
sh688777,中控技术,2025-10-20 10:05:57,53.88,8195,53.88,D
sh688777,中控技术,2025-10-20 10:06:00,53.81,4506,53.88,D
sh688777,中控技术,2025-10-20 10:06:03,53.88,4900,53.81,U
sh688777,中控技术,2025-10-20 10:06:09,53.91,7565,53.88,U
sh688777,中控技术,2025-10-20 10:06:18,53.92,9127,53.88,U
sh688777,中控技术,2025-10-20 10:06:30,53.86,5033,53.86,D
sh688777,中控技术,2025-10-20 10:06:45,53.8,4216,53.86,D
sh688777,中控技术,2025-10-20 10:06:48,53.78,6649,53.8,D
sh688777,中控技术,2025-10-20 10:07:06,53.72,7603,53.78,D
sh688777,中控技术,2025-10-20 10:07:12,53.73,17403,53.72,U
sh688777,中控技术,2025-10-20 10:07:21,53.7,4408,53.72,D
sh688777,中控技术,2025-10-20 10:07:57,53.71,11220,53.73,D
sh688777,中控技术,2025-10-20 10:08:03,53.66,14476,53.71,D
sh688777,中控技术,2025-10-20 10:09:03,53.72,4206,53.67,U
sh688777,中控技术,2025-10-20 10:09:12,53.72,3799,53.72,U
sh688777,中控技术,2025-10-20 10:09:21,53.73,5785,53.68,U
sh688777,中控技术,2025-10-20 10:09:27,53.73,30127,53.73,D
sh688777,中控技术,2025-10-20 10:09:33,53.74,49328,53.73,U
sh688777,中控技术,2025-10-20 10:10:03,53.77,9910,53.75,U
sh688777,中控技术,2025-10-20 10:10:09,53.75,5523,53.77,D
sh688777,中控技术,2025-10-20 10:10:18,53.74,7503,53.8,D
sh688777,中控技术,2025-10-20 10:10:45,53.74,34573,53.74,D
sh688777,中控技术,2025-10-20 10:10:48,53.75,5853,53.74,U
sh688777,中控技术,2025-10-20 10:10:51,53.74,23757,53.75,D
sh688777,中控技术,2025-10-20 10:11:03,53.72,4446,53.75,D
sh688777,中控技术,2025-10-20 10:11:18,53.7,13407,53.72,D
sh688777,中控技术,2025-10-20 10:12:09,53.68,7078,53.67,E
sh688777,中控技术,2025-10-20 10:12:18,53.64,19388,53.68,D
sh688777,中控技术,2025-10-20 10:12:27,53.69,3929,53.69,U
sh688777,中控技术,2025-10-20 10:12:57,53.61,8043,53.64,D
sh688777,中控技术,2025-10-20 10:13:09,53.6,12000,53.61,D
sh688777,中控技术,2025-10-20 10:13:12,53.61,8411,53.6,U
sh688777,中控技术,2025-10-20 10:13:57,53.51,5087,53.51,D
sh688777,中控技术,2025-10-20 10:14:03,53.5,5600,53.51,D
sh688777,中控技术,2025-10-20 10:14:24,53.5,5900,53.5,D
sh688777,中控技术,2025-10-20 10:14:27,53.53,9773,53.5,U
sh688777,中控技术,2025-10-20 10:15:06,53.54,6966,53.53,U
sh688777,中控技术,2025-10-20 10:15:12,53.51,10205,53.53,D
sh688777,中控技术,2025-10-20 10:15:15,53.5,14602,53.51,D
sh688777,中控技术,2025-10-20 10:15:24,53.47,4283,53.49,D
sh688777,中控技术,2025-10-20 10:15:42,53.48,6196,53.47,U
sh688777,中控技术,2025-10-20 10:16:00,53.45,10000,53.46,D
sh688777,中控技术,2025-10-20 10:16:12,53.46,8200,53.46,D
sh688777,中控技术,2025-10-20 10:16:21,53.5,4014,53.47,U
sh688777,中控技术,2025-10-20 10:16:27,53.5,24873,53.5,D
sh688777,中控技术,2025-10-20 10:16:45,53.5,5538,53.48,U
sh688777,中控技术,2025-10-20 10:16:54,53.5,29949,53.5,D
sh688777,中控技术,2025-10-20 10:17:06,53.5,9555,53.46,U
sh688777,中控技术,2025-10-20 10:17:15,53.5,4200,53.5,D
sh688777,中控技术,2025-10-20 10:17:18,53.5,16549,53.5,D
sh688777,中控技术,2025-10-20 10:18:00,53.45,12610,53.46,D
sh688777,中控技术,2025-10-20 10:18:03,53.42,18889,53.45,D
sh688777,中控技术,2025-10-20 10:18:27,53.42,4257,53.45,D
sh688777,中控技术,2025-10-20 10:18:45,53.49,10200,53.45,E
sh688777,中控技术,2025-10-20 10:18:51,53.5,4424,53.49,U
sh688777,中控技术,2025-10-20 10:20:36,53.5,12639,53.5,U
sh688777,中控技术,2025-10-20 10:21:09,53.52,5300,53.53,D
sh688777,中控技术,2025-10-20 10:21:21,53.5,18861,53.51,D
sh688777,中控技术,2025-10-20 10:21:57,53.51,30013,53.52,E
sh688777,中控技术,2025-10-20 10:22:24,53.45,9229,53.46,D
sh688777,中控技术,2025-10-20 10:23:03,53.41,12068,53.42,D
sh688777,中控技术,2025-10-20 10:23:15,53.42,6395,53.4,U
sh688777,中控技术,2025-10-20 10:23:24,53.47,12770,53.41,U
sh688777,中控技术,2025-10-20 10:24:15,53.47,3877,53.48,U
sh688777,中控技术,2025-10-20 10:24:32,53.47,5600,53.45,U
sh688777,中控技术,2025-10-20 10:24:42,53.42,10954,53.46,D
sh688777,中控技术,2025-10-20 10:25:15,53.41,12083,53.41,D
sh688777,中控技术,2025-10-20 10:25:18,53.4,24466,53.41,D
sh688777,中控技术,2025-10-20 10:25:27,53.4,6791,53.4,D
sh688777,中控技术,2025-10-20 10:25:33,53.4,6273,53.41,D
sh688777,中控技术,2025-10-20 10:25:39,53.38,3961,53.4,D
sh688777,中控技术,2025-10-20 10:25:45,53.38,6159,53.38,D
sh688777,中控技术,2025-10-20 10:26:21,53.37,5800,53.37,U
sh688777,中控技术,2025-10-20 10:26:39,53.35,10232,53.37,D
sh688777,中控技术,2025-10-20 10:26:45,53.34,6528,53.35,D
sh688777,中控技术,2025-10-20 10:27:03,53.31,9938,53.34,D
sh688777,中控技术,2025-10-20 10:27:12,53.3,4419,53.3,D
sh688777,中控技术,2025-10-20 10:27:36,53.26,40173,53.28,D
sh688777,中控技术,2025-10-20 10:27:42,53.26,5200,53.25,U
sh688777,中控技术,2025-10-20 10:28:15,53.24,4797,53.26,D
sh688777,中控技术,2025-10-20 10:28:36,53.31,21466,53.3,U
sh688777,中控技术,2025-10-20 10:28:39,53.3,10351,53.31,D
sh688777,中控技术,2025-10-20 10:28:51,53.34,6700,53.34,U
sh688777,中控技术,2025-10-20 10:28:54,53.35,7735,53.34,U
sh688777,中控技术,2025-10-20 10:29:06,53.35,6421,53.34,U
sh688777,中控技术,2025-10-20 10:29:21,53.35,7000,53.35,U
sh688777,中控技术,2025-10-20 10:29:24,53.35,9622,53.35,U
sh688777,中控技术,2025-10-20 10:29:42,53.41,8800,53.37,U
sh688777,中控技术,2025-10-20 10:30:06,53.38,6961,53.4,D
sh688777,中控技术,2025-10-20 10:30:51,53.4,10737,53.39,U
sh688777,中控技术,2025-10-20 10:31:12,53.44,57979,53.39,U
sh688777,中控技术,2025-10-20 10:31:39,53.48,4742,53.52,D
sh688777,中控技术,2025-10-20 10:31:48,53.49,11696,53.49,D
sh688777,中控技术,2025-10-20 10:31:57,53.47,7886,53.48,D
sh688777,中控技术,2025-10-20 10:32:06,53.47,4524,53.45,U
sh688777,中控技术,2025-10-20 10:32:24,53.46,21166,53.47,D
sh688777,中控技术,2025-10-20 10:32:51,53.55,4042,53.52,U
sh688777,中控技术,2025-10-20 10:32:57,53.59,11016,53.57,U
sh688777,中控技术,2025-10-20 10:33:12,53.64,18499,53.6,U
sh688777,中控技术,2025-10-20 10:33:30,53.63,5792,53.63,U
sh688777,中控技术,2025-10-20 10:33:36,53.63,8589,53.63,D
sh688777,中控技术,2025-10-20 10:33:51,53.62,9500,53.62,U
sh688777,中控技术,2025-10-20 10:34:09,53.62,4400,53.62,D
sh688777,中控技术,2025-10-20 10:34:18,53.62,4869,53.62,D
sh688777,中控技术,2025-10-20 10:34:54,53.62,3878,53.61,U
sh688777,中控技术,2025-10-20 10:35:03,53.64,3800,53.62,U
sh688777,中控技术,2025-10-20 10:35:12,53.64,11000,53.64,D
sh688777,中控技术,2025-10-20 10:35:48,53.7,6314,53.69,U
sh688777,中控技术,2025-10-20 10:35:51,53.7,8582,53.7,D
sh688777,中控技术,2025-10-20 10:36:21,53.72,13180,53.72,U
sh688777,中控技术,2025-10-20 10:36:45,53.71,6218,53.71,U
sh688777,中控技术,2025-10-20 10:37:03,53.68,43697,53.71,D
sh688777,中控技术,2025-10-20 10:37:18,53.67,4448,53.62,U
sh688777,中控技术,2025-10-20 10:37:30,53.61,4258,53.61,U
sh688777,中控技术,2025-10-20 10:37:42,53.6,5688,53.61,D
sh688777,中控技术,2025-10-20 10:37:54,53.6,7285,53.6,U
sh688777,中控技术,2025-10-20 10:39:24,53.6,4182,53.6,U
sh688777,中控技术,2025-10-20 10:40:15,53.61,4755,53.6,U
sh688777,中控技术,2025-10-20 10:40:51,53.59,9667,53.58,U
sh688777,中控技术,2025-10-20 10:41:27,53.54,5205,53.58,D
sh688777,中控技术,2025-10-20 10:43:18,53.5,4988,53.53,D
sh688777,中控技术,2025-10-20 10:43:33,53.56,4045,53.54,U
sh688777,中控技术,2025-10-20 10:44:09,53.55,5374,53.55,D
sh688777,中控技术,2025-10-20 10:44:27,53.5,4240,53.55,D
sh688777,中控技术,2025-10-20 10:44:39,53.4,12493,53.48,D
sh688777,中控技术,2025-10-20 10:45:48,53.55,53159,53.51,U
sh688777,中控技术,2025-10-20 10:46:12,53.49,6162,53.55,D
sh688777,中控技术,2025-10-20 10:46:27,53.5,9524,53.5,D
sh688777,中控技术,2025-10-20 10:46:57,53.5,4986,53.49,U
sh688777,中控技术,2025-10-20 10:47:03,53.58,11336,53.5,U
sh688777,中控技术,2025-10-20 10:47:30,53.58,60200,53.6,D
sh688777,中控技术,2025-10-20 10:49:57,53.48,6969,53.46,U
sh688777,中控技术,2025-10-20 10:50:12,53.48,11444,53.49,D
sh688777,中控技术,2025-10-20 10:50:42,53.45,8155,53.47,D
sh688777,中控技术,2025-10-20 10:51:12,53.46,12787,53.45,U
sh688777,中控技术,2025-10-20 10:51:45,53.42,10539,53.46,D
sh688777,中控技术,2025-10-20 10:52:54,53.42,7805,53.42,D
sh688777,中控技术,2025-10-20 10:53:06,53.4,45596,53.41,D
sh688777,中控技术,2025-10-20 10:53:09,53.38,20105,53.4,D
sh688777,中控技术,2025-10-20 10:53:12,53.35,4272,53.38,D
sh688777,中控技术,2025-10-20 10:53:18,53.31,4083,53.35,D
sh688777,中控技术,2025-10-20 10:54:18,53.35,4295,53.34,U
sh688777,中控技术,2025-10-20 10:55:00,53.36,8195,53.35,U
sh688777,中控技术,2025-10-20 10:55:33,53.33,5152,53.33,D
sh688777,中控技术,2025-10-20 10:55:48,53.33,6677,53.32,U
sh688777,中控技术,2025-10-20 10:56:18,53.33,5501,53.32,U
sh688777,中控技术,2025-10-20 10:56:30,53.32,4251,53.33,D
sh688777,中控技术,2025-10-20 10:56:45,53.31,4675,53.31,U
sh688777,中控技术,2025-10-20 10:56:48,53.32,5257,53.31,U
sh688777,中控技术,2025-10-20 10:57:09,53.26,25516,53.32,D
sh688777,中控技术,2025-10-20 10:57:18,53.28,4308,53.27,U
sh688777,中控技术,2025-10-20 10:57:42,53.32,35649,53.25,U
sh688777,中控技术,2025-10-20 10:57:54,53.28,10000,53.28,D
sh688777,中控技术,2025-10-20 10:58:48,53.3,6580,53.29,U
sh688777,中控技术,2025-10-20 10:59:12,53.34,4316,53.3,U
sh688777,中控技术,2025-10-20 10:59:51,53.33,6328,53.33,D
sh688777,中控技术,2025-10-20 11:01:03,53.22,23989,53.3,D
sh688777,中控技术,2025-10-20 11:01:24,53.23,5127,53.22,U
sh688777,中控技术,2025-10-20 11:01:45,53.22,3811,53.24,D
sh688777,中控技术,2025-10-20 11:01:48,53.21,6091,53.22,D
sh688777,中控技术,2025-10-20 11:01:57,53.23,6739,53.23,D
sh688777,中控技术,2025-10-20 11:02:03,53.23,5700,53.23,D
sh688777,中控技术,2025-10-20 11:02:30,53.24,6194,53.24,D
sh688777,中控技术,2025-10-20 11:03:06,53.28,4228,53.26,U
sh688777,中控技术,2025-10-20 11:04:27,53.28,5100,53.28,D
sh688777,中控技术,2025-10-20 11:05:21,53.21,9752,53.23,D
sh688777,中控技术,2025-10-20 11:05:42,53.23,12000,53.22,E
sh688777,中控技术,2025-10-20 11:05:48,53.22,4781,53.22,U
sh688777,中控技术,2025-10-20 11:05:57,53.21,10000,53.22,D
sh688777,中控技术,2025-10-20 11:06:09,53.22,14032,53.22,U
sh688777,中控技术,2025-10-20 11:06:12,53.21,8924,53.22,D
sh688777,中控技术,2025-10-20 11:06:24,53.2,22424,53.21,D
sh688777,中控技术,2025-10-20 11:07:39,53.2,14029,53.19,U
sh688777,中控技术,2025-10-20 11:08:21,53.19,7306,53.19,U
sh688777,中控技术,2025-10-20 11:08:54,53.2,4045,53.2,U
sh688777,中控技术,2025-10-20 11:09:15,53.2,7809,53.23,D
sh688777,中控技术,2025-10-20 11:09:57,53.21,6835,53.22,D
sh688777,中控技术,2025-10-20 11:10:06,53.23,25965,53.21,U
sh688777,中控技术,2025-10-20 11:11:51,53.28,6704,53.28,U
sh688777,中控技术,2025-10-20 11:12:27,53.28,3815,53.28,U
sh688777,中控技术,2025-10-20 11:13:51,53.27,7400,53.3,D
sh688777,中控技术,2025-10-20 11:14:00,53.27,6179,53.27,D
sh688777,中控技术,2025-10-20 11:14:48,53.26,10100,53.28,D
sh688777,中控技术,2025-10-20 11:16:09,53.27,7979,53.23,U
sh688777,中控技术,2025-10-20 11:16:24,53.27,8448,53.27,U
sh688777,中控技术,2025-10-20 11:16:27,53.27,3836,53.27,D
sh688777,中控技术,2025-10-20 11:18:51,53.31,4426,53.3,U
sh688777,中控技术,2025-10-20 11:20:09,53.33,4904,53.32,U
sh688777,中控技术,2025-10-20 11:20:24,53.31,4936,53.33,D
sh688777,中控技术,2025-10-20 11:20:57,53.35,3794,53.34,U
sh688777,中控技术,2025-10-20 11:21:00,53.39,8147,53.35,U
sh688777,中控技术,2025-10-20 11:24:15,53.31,8146,53.35,D
sh688777,中控技术,2025-10-20 11:24:33,53.3,4539,53.31,D
sh688777,中控技术,2025-10-20 11:26:03,53.27,4533,53.32,D
sh688777,中控技术,2025-10-20 11:26:15,53.26,5163,53.26,D
sh688777,中控技术,2025-10-20 11:26:57,53.26,5357,53.26,U
sh688777,中控技术,2025-10-20 11:27:48,53.26,7000,53.26,U
sh688777,中控技术,2025-10-20 11:28:21,53.27,5498,53.26,U
sh688777,中控技术,2025-10-20 11:29:24,53.23,5100,53.26,D
sh688777,中控技术,2025-10-20 13:00:03,53.29,4118,53.23,U
sh688777,中控技术,2025-10-20 13:00:06,53.28,5962,53.29,D
sh688777,中控技术,2025-10-20 13:00:09,53.2,23226,53.28,D
sh688777,中控技术,2025-10-20 13:00:15,53.18,4834,53.19,D
sh688777,中控技术,2025-10-20 13:00:21,53.17,4836,53.16,E
sh688777,中控技术,2025-10-20 13:00:30,53.11,5000,53.16,D
sh688777,中控技术,2025-10-20 13:00:45,53.1,7200,53.11,D
sh688777,中控技术,2025-10-20 13:01:27,53.11,4599,53.11,U
sh688777,中控技术,2025-10-20 13:01:48,53.15,7800,53.13,U
sh688777,中控技术,2025-10-20 13:02:03,53.12,7836,53.15,D
sh688777,中控技术,2025-10-20 13:02:54,53.14,5764,53.14,U
sh688777,中控技术,2025-10-20 13:04:03,53.11,16671,53.15,D
sh688777,中控技术,2025-10-20 13:04:21,53.1,11244,53.11,D
sh688777,中控技术,2025-10-20 13:04:45,53.16,6551,53.1,U
sh688777,中控技术,2025-10-20 13:05:12,53.15,5200,53.13,U
sh688777,中控技术,2025-10-20 13:05:27,53.11,8149,53.15,D
sh688777,中控技术,2025-10-20 13:05:36,53.1,5568,53.12,D
sh688777,中控技术,2025-10-20 13:05:39,53.1,6826,53.1,U
sh688777,中控技术,2025-10-20 13:06:18,53.08,22635,53.09,D
sh688777,中控技术,2025-10-20 13:08:06,53.08,4504,53.09,D
sh688777,中控技术,2025-10-20 13:08:12,53.09,6373,53.08,U
sh688777,中控技术,2025-10-20 13:08:18,53.03,15900,53.07,D
sh688777,中控技术,2025-10-20 13:08:27,53.02,4600,53.05,D
sh688777,中控技术,2025-10-20 13:08:39,53.02,5000,53.02,D
sh688777,中控技术,2025-10-20 13:08:48,53.02,4763,53.03,D
sh688777,中控技术,2025-10-20 13:08:54,53.02,8111,53.02,U
sh688777,中控技术,2025-10-20 13:08:57,53.02,26600,53.02,U
sh688777,中控技术,2025-10-20 13:09:12,53.0,29500,53.02,D
sh688777,中控技术,2025-10-20 13:09:15,52.99,10043,53.0,D
sh688777,中控技术,2025-10-20 13:09:18,52.98,5100,52.99,D
sh688777,中控技术,2025-10-20 13:09:42,52.96,17726,52.96,D
sh688777,中控技术,2025-10-20 13:09:48,52.95,10000,52.96,D
sh688777,中控技术,2025-10-20 13:10:15,52.93,11800,52.93,D
sh688777,中控技术,2025-10-20 13:10:51,52.94,3878,52.94,D
sh688777,中控技术,2025-10-20 13:10:54,52.93,7277,52.94,D
sh688777,中控技术,2025-10-20 13:11:30,52.92,9182,52.93,D
sh688777,中控技术,2025-10-20 13:11:39,52.93,4568,52.92,U
sh688777,中控技术,2025-10-20 13:11:48,52.93,5131,52.92,U
sh688777,中控技术,2025-10-20 13:11:57,52.92,56349,52.93,D
sh688777,中控技术,2025-10-20 13:12:54,52.97,8200,52.94,U
sh688777,中控技术,2025-10-20 13:13:09,52.92,11403,52.94,D
sh688777,中控技术,2025-10-20 13:13:15,52.9,11620,52.91,D
sh688777,中控技术,2025-10-20 13:13:42,52.88,14652,52.88,D
sh688777,中控技术,2025-10-20 13:13:57,52.94,4699,52.88,U
sh688777,中控技术,2025-10-20 13:14:51,52.9,12100,52.9,U
sh688777,中控技术,2025-10-20 13:15:06,52.89,20288,52.9,D
sh688777,中控技术,2025-10-20 13:15:09,52.87,5000,52.89,D
sh688777,中控技术,2025-10-20 13:15:21,52.86,6100,52.86,D
sh688777,中控技术,2025-10-20 13:16:03,52.86,4389,52.86,U
sh688777,中控技术,2025-10-20 13:16:09,52.84,3978,52.84,U
sh688777,中控技术,2025-10-20 13:16:18,52.82,4127,52.84,D
sh688777,中控技术,2025-10-20 13:16:27,52.83,4456,52.83,U
sh688777,中控技术,2025-10-20 13:16:42,52.81,7599,52.83,D
sh688777,中控技术,2025-10-20 13:17:00,52.81,4944,52.82,D
sh688777,中控技术,2025-10-20 13:17:18,52.82,5428,52.82,U
sh688777,中控技术,2025-10-20 13:17:39,52.83,4460,52.81,U
sh688777,中控技术,2025-10-20 13:17:45,52.83,5567,52.83,U
sh688777,中控技术,2025-10-20 13:18:00,52.8,37394,52.82,D
sh688777,中控技术,2025-10-20 13:18:03,52.77,14928,52.8,D
sh688777,中控技术,2025-10-20 13:18:06,52.75,8262,52.77,D
sh688777,中控技术,2025-10-20 13:18:12,52.73,6700,52.75,D
sh688777,中控技术,2025-10-20 13:18:15,52.7,4600,52.73,D
sh688777,中控技术,2025-10-20 13:18:24,52.71,4518,52.69,U
sh688777,中控技术,2025-10-20 13:19:00,52.76,7369,52.75,U
sh688777,中控技术,2025-10-20 13:19:24,52.78,5874,52.76,U
sh688777,中控技术,2025-10-20 13:19:27,52.79,82974,52.78,U
sh688777,中控技术,2025-10-20 13:20:15,52.75,5584,52.76,D
sh688777,中控技术,2025-10-20 13:20:30,52.76,3800,52.75,D
sh688777,中控技术,2025-10-20 13:20:39,52.76,8405,52.76,U
sh688777,中控技术,2025-10-20 13:20:45,52.76,16600,52.76,U
sh688777,中控技术,2025-10-20 13:21:00,52.76,11091,52.76,U
sh688777,中控技术,2025-10-20 13:21:03,52.8,43842,52.76,U
sh688777,中控技术,2025-10-20 13:21:33,52.8,4953,52.8,D
sh688777,中控技术,2025-10-20 13:22:06,52.84,9883,52.82,U
sh688777,中控技术,2025-10-20 13:22:24,52.86,4000,52.86,U
sh688777,中控技术,2025-10-20 13:22:33,52.84,7634,52.86,D
sh688777,中控技术,2025-10-20 13:23:03,52.81,43332,52.85,D
sh688777,中控技术,2025-10-20 13:23:06,52.89,16269,52.81,U
sh688777,中控技术,2025-10-20 13:23:36,52.78,10252,52.79,D
sh688777,中控技术,2025-10-20 13:23:45,52.78,4000,52.78,U
sh688777,中控技术,2025-10-20 13:23:51,52.77,9753,52.78,D
sh688777,中控技术,2025-10-20 13:24:06,52.75,7703,52.76,D
sh688777,中控技术,2025-10-20 13:25:03,52.7,7854,52.7,D
sh688777,中控技术,2025-10-20 13:25:12,52.71,6877,52.68,U
sh688777,中控技术,2025-10-20 13:25:27,52.69,3853,52.69,D
sh688777,中控技术,2025-10-20 13:25:33,52.73,13625,52.69,U
sh688777,中控技术,2025-10-20 13:25:54,52.73,6238,52.73,U
sh688777,中控技术,2025-10-20 13:27:30,52.82,7800,52.82,U
sh688777,中控技术,2025-10-20 13:28:09,52.81,6105,52.8,U
sh688777,中控技术,2025-10-20 13:28:12,52.79,4006,52.81,D
sh688777,中控技术,2025-10-20 13:29:03,52.78,5246,52.8,D
sh688777,中控技术,2025-10-20 13:29:27,52.75,3961,52.76,D
sh688777,中控技术,2025-10-20 13:29:30,52.74,9407,52.75,D
sh688777,中控技术,2025-10-20 13:29:48,52.72,20486,52.73,E
sh688777,中控技术,2025-10-20 13:30:15,52.74,8424,52.73,U
sh688777,中控技术,2025-10-20 13:30:18,52.75,7863,52.74,U
sh688777,中控技术,2025-10-20 13:30:24,52.74,4903,52.75,D
sh688777,中控技术,2025-10-20 13:30:36,52.75,4017,52.74,U
sh688777,中控技术,2025-10-20 13:30:45,52.75,4078,52.75,U
sh688777,中控技术,2025-10-20 13:31:18,52.76,5853,52.77,D
sh688777,中控技术,2025-10-20 13:31:27,52.8,3932,52.76,U
sh688777,中控技术,2025-10-20 13:32:03,52.77,10683,52.76,U
sh688777,中控技术,2025-10-20 13:32:39,52.73,8734,52.77,D
sh688777,中控技术,2025-10-20 13:32:45,52.73,6200,52.73,U
sh688777,中控技术,2025-10-20 13:32:48,52.75,27692,52.73,U
sh688777,中控技术,2025-10-20 13:32:51,52.72,15137,52.75,D
sh688777,中控技术,2025-10-20 13:33:33,52.7,6255,52.72,D
sh688777,中控技术,2025-10-20 13:34:21,52.68,14569,52.7,D
sh688777,中控技术,2025-10-20 13:34:27,52.66,6950,52.66,D
sh688777,中控技术,2025-10-20 13:34:57,52.73,25524,52.66,U
sh688777,中控技术,2025-10-20 13:35:00,52.74,17900,52.73,U
sh688777,中控技术,2025-10-20 13:35:03,52.75,14910,52.74,U
sh688777,中控技术,2025-10-20 13:35:06,52.76,8782,52.75,U
sh688777,中控技术,2025-10-20 13:35:24,52.73,6000,52.75,D
sh688777,中控技术,2025-10-20 13:37:03,52.79,5200,52.77,U
sh688777,中控技术,2025-10-20 13:37:30,52.81,4700,52.8,U
sh688777,中控技术,2025-10-20 13:38:03,52.8,4623,52.8,U
sh688777,中控技术,2025-10-20 13:38:21,52.78,7486,52.8,D
sh688777,中控技术,2025-10-20 13:39:00,52.78,12571,52.78,D
sh688777,中控技术,2025-10-20 13:39:48,52.73,8421,52.75,D
sh688777,中控技术,2025-10-20 13:40:00,52.73,16604,52.71,U
sh688777,中控技术,2025-10-20 13:42:03,52.72,6600,52.72,U
sh688777,中控技术,2025-10-20 13:42:15,52.71,5256,52.71,D
sh688777,中控技术,2025-10-20 13:43:54,52.7,10846,52.7,D
sh688777,中控技术,2025-10-20 13:44:48,52.66,10000,52.68,D
sh688777,中控技术,2025-10-20 13:46:00,52.69,4542,52.68,U
sh688777,中控技术,2025-10-20 13:46:09,52.71,7010,52.7,U
sh688777,中控技术,2025-10-20 13:47:06,52.68,6835,52.67,U
sh688777,中控技术,2025-10-20 13:48:33,52.73,8226,52.74,D
sh688777,中控技术,2025-10-20 13:48:54,52.73,5284,52.73,U
sh688777,中控技术,2025-10-20 13:49:39,52.67,21361,52.71,D
sh688777,中控技术,2025-10-20 13:49:54,52.71,3871,52.68,U
sh688777,中控技术,2025-10-20 13:49:57,52.66,8497,52.71,D
sh688777,中控技术,2025-10-20 13:50:03,52.69,8326,52.66,U
sh688777,中控技术,2025-10-20 13:50:12,52.7,9173,52.68,U
sh688777,中控技术,2025-10-20 13:50:24,52.62,13001,52.66,D
sh688777,中控技术,2025-10-20 13:50:36,52.57,42184,52.61,D
sh688777,中控技术,2025-10-20 13:50:42,52.54,37363,52.57,D
sh688777,中控技术,2025-10-20 13:50:48,52.57,28373,52.57,U
sh688777,中控技术,2025-10-20 13:50:54,52.49,28473,52.53,D
sh688777,中控技术,2025-10-20 13:51:03,52.5,18383,52.53,E
sh688777,中控技术,2025-10-20 13:51:06,52.53,5206,52.5,U
sh688777,中控技术,2025-10-20 13:51:12,52.56,38564,52.53,U
sh688777,中控技术,2025-10-20 13:51:39,52.53,6656,52.61,D
sh688777,中控技术,2025-10-20 13:51:42,52.56,8056,52.53,D
sh688777,中控技术,2025-10-20 13:51:51,52.56,6657,52.65,D
sh688777,中控技术,2025-10-20 13:51:54,52.65,5000,52.56,U
sh688777,中控技术,2025-10-20 13:53:18,52.7,6499,52.69,U
sh688777,中控技术,2025-10-20 13:54:18,52.67,7601,52.67,D
sh688777,中控技术,2025-10-20 13:54:24,52.67,5116,52.65,U
sh688777,中控技术,2025-10-20 13:54:30,52.65,3851,52.65,U
sh688777,中控技术,2025-10-20 13:55:03,52.63,5055,52.65,D
sh688777,中控技术,2025-10-20 13:55:24,52.6,4689,52.62,D
sh688777,中控技术,2025-10-20 13:56:18,52.62,5208,52.6,U
sh688777,中控技术,2025-10-20 13:57:06,52.57,4974,52.57,U
sh688777,中控技术,2025-10-20 13:57:21,52.61,4773,52.58,U
sh688777,中控技术,2025-10-20 13:58:03,52.61,4594,52.58,U
sh688777,中控技术,2025-10-20 13:58:21,52.58,10000,52.62,D
sh688777,中控技术,2025-10-20 13:58:54,52.62,6693,52.58,U
sh688777,中控技术,2025-10-20 13:59:09,52.66,6738,52.62,U
sh688777,中控技术,2025-10-20 13:59:27,52.62,8809,52.68,D
sh688777,中控技术,2025-10-20 13:59:36,52.62,15722,52.62,U
sh688777,中控技术,2025-10-20 13:59:42,52.61,5203,52.66,D
sh688777,中控技术,2025-10-20 13:59:54,52.6,5600,52.61,D
sh688777,中控技术,2025-10-20 14:00:24,52.58,6351,52.59,D
sh688777,中控技术,2025-10-20 14:00:30,52.58,9605,52.61,D
sh688777,中控技术,2025-10-20 14:01:33,52.57,15492,52.59,D
sh688777,中控技术,2025-10-20 14:01:36,52.55,12114,52.57,D
sh688777,中控技术,2025-10-20 14:02:00,52.55,10512,52.55,D
sh688777,中控技术,2025-10-20 14:02:06,52.57,12199,52.54,U
sh688777,中控技术,2025-10-20 14:02:09,52.56,4573,52.57,D
sh688777,中控技术,2025-10-20 14:02:51,52.61,13601,52.58,U
sh688777,中控技术,2025-10-20 14:03:36,52.59,5000,52.58,U
sh688777,中控技术,2025-10-20 14:03:45,52.57,13989,52.55,U
sh688777,中控技术,2025-10-20 14:04:24,52.53,7389,52.55,D
sh688777,中控技术,2025-10-20 14:04:36,52.51,4176,52.52,D
sh688777,中控技术,2025-10-20 14:04:39,52.52,9335,52.51,U
sh688777,中控技术,2025-10-20 14:04:42,52.51,8300,52.52,D
sh688777,中控技术,2025-10-20 14:04:48,52.47,40140,52.5,D
sh688777,中控技术,2025-10-20 14:04:57,52.43,50202,52.47,D
sh688777,中控技术,2025-10-20 14:05:06,52.46,42000,52.46,U
sh688777,中控技术,2025-10-20 14:05:21,52.4,20400,52.49,D
sh688777,中控技术,2025-10-20 14:05:36,52.4,20200,52.47,D
sh688777,中控技术,2025-10-20 14:06:18,52.35,6129,52.35,D
sh688777,中控技术,2025-10-20 14:06:24,52.33,24773,52.35,D
sh688777,中控技术,2025-10-20 14:06:42,52.33,25831,52.35,D
sh688777,中控技术,2025-10-20 14:07:03,52.33,6934,52.37,D
sh688777,中控技术,2025-10-20 14:07:18,52.32,5116,52.32,U
sh688777,中控技术,2025-10-20 14:07:21,52.31,13588,52.32,U
sh688777,中控技术,2025-10-20 14:07:27,52.35,23417,52.32,U
sh688777,中控技术,2025-10-20 14:07:45,52.3,10200,52.34,D
sh688777,中控技术,2025-10-20 14:08:06,52.28,11167,52.36,D
sh688777,中控技术,2025-10-20 14:08:18,52.29,5690,52.28,E
sh688777,中控技术,2025-10-20 14:08:33,52.27,4124,52.33,D
sh688777,中控技术,2025-10-20 14:08:36,52.27,3900,52.27,D
sh688777,中控技术,2025-10-20 14:08:51,52.3,34243,52.29,U
sh688777,中控技术,2025-10-20 14:08:54,52.36,4628,52.3,U
sh688777,中控技术,2025-10-20 14:09:06,52.36,4261,52.3,U
sh688777,中控技术,2025-10-20 14:09:09,52.29,23000,52.36,D
sh688777,中控技术,2025-10-20 14:09:12,52.36,7648,52.29,U
sh688777,中控技术,2025-10-20 14:09:24,52.36,25825,52.35,U
sh688777,中控技术,2025-10-20 14:09:30,52.36,6072,52.32,U
sh688777,中控技术,2025-10-20 14:09:45,52.32,4089,52.35,D
sh688777,中控技术,2025-10-20 14:09:48,52.36,3870,52.32,U
sh688777,中控技术,2025-10-20 14:10:00,52.36,5644,52.36,U
sh688777,中控技术,2025-10-20 14:10:48,52.39,9442,52.4,D
sh688777,中控技术,2025-10-20 14:11:03,52.4,10900,52.38,U
sh688777,中控技术,2025-10-20 14:12:09,52.38,4400,52.38,D
sh688777,中控技术,2025-10-20 14:12:12,52.39,4473,52.38,U
sh688777,中控技术,2025-10-20 14:12:24,52.33,11257,52.35,D
sh688777,中控技术,2025-10-20 14:12:45,52.3,6431,52.32,D
sh688777,中控技术,2025-10-20 14:12:48,52.3,5569,52.3,U
sh688777,中控技术,2025-10-20 14:12:51,52.26,7000,52.3,D
sh688777,中控技术,2025-10-20 14:12:54,52.3,13703,52.26,E
sh688777,中控技术,2025-10-20 14:13:00,52.25,4155,52.26,D
sh688777,中控技术,2025-10-20 14:13:03,52.24,3829,52.25,D
sh688777,中控技术,2025-10-20 14:13:18,52.25,4413,52.25,D
sh688777,中控技术,2025-10-20 14:13:21,52.25,7477,52.25,D
sh688777,中控技术,2025-10-20 14:13:54,52.22,9289,52.23,D
sh688777,中控技术,2025-10-20 14:14:03,52.25,4742,52.23,U
sh688777,中控技术,2025-10-20 14:14:06,52.3,9327,52.25,U
sh688777,中控技术,2025-10-20 14:14:12,52.3,4049,52.26,U
sh688777,中控技术,2025-10-20 14:14:30,52.3,13360,52.28,U
sh688777,中控技术,2025-10-20 14:14:33,52.28,13136,52.3,D
sh688777,中控技术,2025-10-20 14:14:36,52.29,5690,52.28,E
sh688777,中控技术,2025-10-20 14:15:27,52.29,11529,52.29,D
sh688777,中控技术,2025-10-20 14:15:51,52.27,4605,52.28,D
sh688777,中控技术,2025-10-20 14:16:03,52.31,3871,52.29,U
sh688777,中控技术,2025-10-20 14:16:12,52.36,25400,52.32,U
sh688777,中控技术,2025-10-20 14:16:48,52.36,3951,52.31,U
sh688777,中控技术,2025-10-20 14:17:03,52.36,10000,52.36,U
sh688777,中控技术,2025-10-20 14:17:06,52.34,3902,52.36,D
sh688777,中控技术,2025-10-20 14:17:24,52.31,11334,52.33,D
sh688777,中控技术,2025-10-20 14:17:48,52.3,6038,52.3,D
sh688777,中控技术,2025-10-20 14:18:27,52.29,4500,52.29,D
sh688777,中控技术,2025-10-20 14:18:30,52.29,6933,52.29,D
sh688777,中控技术,2025-10-20 14:19:18,52.29,7535,52.29,D
sh688777,中控技术,2025-10-20 14:19:42,52.28,12846,52.3,D
sh688777,中控技术,2025-10-20 14:20:06,52.27,14695,52.29,D
sh688777,中控技术,2025-10-20 14:20:12,52.27,6050,52.3,D
sh688777,中控技术,2025-10-20 14:20:57,52.36,113168,52.33,U
sh688777,中控技术,2025-10-20 14:21:00,52.33,18622,52.36,D
sh688777,中控技术,2025-10-20 14:21:03,52.36,10555,52.33,U
sh688777,中控技术,2025-10-20 14:21:30,52.39,3902,52.4,D
sh688777,中控技术,2025-10-20 14:21:36,52.4,11940,52.39,U
sh688777,中控技术,2025-10-20 14:21:48,52.39,30458,52.41,D
sh688777,中控技术,2025-10-20 14:21:51,52.39,7453,52.39,D
sh688777,中控技术,2025-10-20 14:21:54,52.39,4400,52.39,U
sh688777,中控技术,2025-10-20 14:21:57,52.41,6758,52.39,U
sh688777,中控技术,2025-10-20 14:22:00,52.41,3900,52.41,D
sh688777,中控技术,2025-10-20 14:22:12,52.39,13243,52.41,D
sh688777,中控技术,2025-10-20 14:23:30,52.45,6058,52.46,D
sh688777,中控技术,2025-10-20 14:23:48,52.47,5221,52.48,D
sh688777,中控技术,2025-10-20 14:24:39,52.48,7468,52.53,D
sh688777,中控技术,2025-10-20 14:24:54,52.48,12736,52.48,U
sh688777,中控技术,2025-10-20 14:26:06,52.5,4650,52.52,D
sh688777,中控技术,2025-10-20 14:26:21,52.53,5712,52.53,U
sh688777,中控技术,2025-10-20 14:26:30,52.54,10000,52.53,U
sh688777,中控技术,2025-10-20 14:26:33,52.54,5806,52.54,U
sh688777,中控技术,2025-10-20 14:26:36,52.58,4420,52.54,U
sh688777,中控技术,2025-10-20 14:27:03,52.62,4251,52.68,D
sh688777,中控技术,2025-10-20 14:27:18,52.62,6008,52.62,D
sh688777,中控技术,2025-10-20 14:27:21,52.62,6379,52.62,D
sh688777,中控技术,2025-10-20 14:27:27,52.58,11400,52.62,D
sh688777,中控技术,2025-10-20 14:27:39,52.52,4119,52.6,D
sh688777,中控技术,2025-10-20 14:27:54,52.51,4160,52.56,D
sh688777,中控技术,2025-10-20 14:29:15,52.45,5127,52.41,U
sh688777,中控技术,2025-10-20 14:29:30,52.45,5543,52.45,U
sh688777,中控技术,2025-10-20 14:30:51,52.4,4198,52.4,D
sh688777,中控技术,2025-10-20 14:31:27,52.35,6633,52.36,D
sh688777,中控技术,2025-10-20 14:32:18,52.31,18800,52.36,D
sh688777,中控技术,2025-10-20 14:32:42,52.36,21432,52.36,U
sh688777,中控技术,2025-10-20 14:33:06,52.39,10274,52.4,D
sh688777,中控技术,2025-10-20 14:33:12,52.39,4732,52.36,U
sh688777,中控技术,2025-10-20 14:33:21,52.39,4660,52.37,U
sh688777,中控技术,2025-10-20 14:34:06,52.33,52111,52.32,E
sh688777,中控技术,2025-10-20 14:35:18,52.3,3842,52.3,D
sh688777,中控技术,2025-10-20 14:35:45,52.29,4425,52.29,U
sh688777,中控技术,2025-10-20 14:35:54,52.26,8078,52.29,D
sh688777,中控技术,2025-10-20 14:36:18,52.23,4888,52.23,D
sh688777,中控技术,2025-10-20 14:36:33,52.28,4456,52.24,U
sh688777,中控技术,2025-10-20 14:36:45,52.39,5302,52.34,U
sh688777,中控技术,2025-10-20 14:36:57,52.3,5871,52.32,D
sh688777,中控技术,2025-10-20 14:37:15,52.3,4125,52.32,D
sh688777,中控技术,2025-10-20 14:37:18,52.31,6521,52.3,U
sh688777,中控技术,2025-10-20 14:38:00,52.31,5700,52.35,D
sh688777,中控技术,2025-10-20 14:38:36,52.33,7058,52.34,E
sh688777,中控技术,2025-10-20 14:38:39,52.36,18707,52.33,U
sh688777,中控技术,2025-10-20 14:38:42,52.31,22146,52.36,D
sh688777,中控技术,2025-10-20 14:38:48,52.4,44210,52.31,U
sh688777,中控技术,2025-10-20 14:38:51,52.38,41306,52.4,E
sh688777,中控技术,2025-10-20 14:38:54,52.52,3902,52.38,U
sh688777,中控技术,2025-10-20 14:40:03,52.4,21474,52.42,D
sh688777,中控技术,2025-10-20 14:40:06,52.44,4305,52.4,U
sh688777,中控技术,2025-10-20 14:40:12,52.46,4334,52.44,U
sh688777,中控技术,2025-10-20 14:40:15,52.54,5336,52.46,U
sh688777,中控技术,2025-10-20 14:40:18,52.55,5747,52.54,U
sh688777,中控技术,2025-10-20 14:40:36,52.52,8500,52.51,U
sh688777,中控技术,2025-10-20 14:40:51,52.51,4200,52.52,E
sh688777,中控技术,2025-10-20 14:41:09,52.53,5200,52.53,D
sh688777,中控技术,2025-10-20 14:41:15,52.53,4468,52.53,D
sh688777,中控技术,2025-10-20 14:41:18,52.53,5045,52.53,D
sh688777,中控技术,2025-10-20 14:43:21,52.54,4217,52.53,U
sh688777,中控技术,2025-10-20 14:43:24,52.54,5830,52.54,U
sh688777,中控技术,2025-10-20 14:43:48,52.53,8326,52.54,D
sh688777,中控技术,2025-10-20 14:43:54,52.55,3834,52.54,U
sh688777,中控技术,2025-10-20 14:44:09,52.54,10737,52.55,D
sh688777,中控技术,2025-10-20 14:44:15,52.58,32751,52.54,U
sh688777,中控技术,2025-10-20 14:44:51,52.65,10684,52.64,U
sh688777,中控技术,2025-10-20 14:45:03,52.59,6004,52.65,D
sh688777,中控技术,2025-10-20 14:45:54,52.6,9700,52.57,U
sh688777,中控技术,2025-10-20 14:46:45,52.61,7500,52.62,D
sh688777,中控技术,2025-10-20 14:46:48,52.62,3873,52.61,U
sh688777,中控技术,2025-10-20 14:46:57,52.62,9720,52.62,D
sh688777,中控技术,2025-10-20 14:47:06,52.63,11000,52.62,E
sh688777,中控技术,2025-10-20 14:47:09,52.65,5457,52.63,U
sh688777,中控技术,2025-10-20 14:47:12,52.65,7558,52.65,U
sh688777,中控技术,2025-10-20 14:47:24,52.66,3815,52.65,U
sh688777,中控技术,2025-10-20 14:47:48,52.72,4248,52.68,U
sh688777,中控技术,2025-10-20 14:48:03,52.67,4802,52.7,D
sh688777,中控技术,2025-10-20 14:48:24,52.66,10355,52.68,D
sh688777,中控技术,2025-10-20 14:48:27,52.7,14418,52.66,U
sh688777,中控技术,2025-10-20 14:49:18,52.7,3999,52.71,D
sh688777,中控技术,2025-10-20 14:49:27,52.72,23718,52.7,U
sh688777,中控技术,2025-10-20 14:49:33,52.7,12552,52.7,D
sh688777,中控技术,2025-10-20 14:49:54,52.74,4566,52.74,U
sh688777,中控技术,2025-10-20 14:50:09,52.74,4000,52.75,D
sh688777,中控技术,2025-10-20 14:50:12,52.74,11734,52.74,D
sh688777,中控技术,2025-10-20 14:50:15,52.73,24100,52.74,D
sh688777,中控技术,2025-10-20 14:50:18,52.76,19442,52.73,U
sh688777,中控技术,2025-10-20 14:50:21,52.75,9004,52.76,E
sh688777,中控技术,2025-10-20 14:50:24,52.7,6096,52.75,D
sh688777,中控技术,2025-10-20 14:50:33,52.76,22800,52.67,U
sh688777,中控技术,2025-10-20 14:50:36,52.78,16308,52.76,U
sh688777,中控技术,2025-10-20 14:51:06,52.72,4001,52.72,D
sh688777,中控技术,2025-10-20 14:51:15,52.67,8139,52.73,D
sh688777,中控技术,2025-10-20 14:51:18,52.73,23708,52.67,U
sh688777,中控技术,2025-10-20 14:52:12,52.71,4631,52.72,D
sh688777,中控技术,2025-10-20 14:52:18,52.75,12040,52.71,U
sh688777,中控技术,2025-10-20 14:52:42,52.79,19598,52.77,U
sh688777,中控技术,2025-10-20 14:52:45,52.79,5498,52.79,U
sh688777,中控技术,2025-10-20 14:52:48,52.79,5048,52.79,U
sh688777,中控技术,2025-10-20 14:52:51,52.79,3852,52.79,D
sh688777,中控技术,2025-10-20 14:52:57,52.79,4320,52.79,D
sh688777,中控技术,2025-10-20 14:53:03,52.8,6476,52.8,D
sh688777,中控技术,2025-10-20 14:53:06,52.79,3817,52.8,D
sh688777,中控技术,2025-10-20 14:53:27,52.81,7243,52.81,D
sh688777,中控技术,2025-10-20 14:53:42,52.78,4723,52.8,D
sh688777,中控技术,2025-10-20 14:53:45,52.76,10956,52.78,D
sh688777,中控技术,2025-10-20 14:53:51,52.74,6334,52.77,D
sh688777,中控技术,2025-10-20 14:53:57,52.79,19928,52.74,U
sh688777,中控技术,2025-10-20 14:54:00,52.8,16315,52.79,U
sh688777,中控技术,2025-10-20 14:54:12,52.77,6670,52.81,E
sh688777,中控技术,2025-10-20 14:54:15,52.77,12500,52.77,D
sh688777,中控技术,2025-10-20 14:54:21,52.8,9129,52.77,U
sh688777,中控技术,2025-10-20 14:54:27,52.76,8660,52.76,D
sh688777,中控技术,2025-10-20 14:54:30,52.76,12907,52.76,U
sh688777,中控技术,2025-10-20 14:54:33,52.8,6846,52.76,U
sh688777,中控技术,2025-10-20 14:54:42,52.8,9121,52.76,U
sh688777,中控技术,2025-10-20 14:54:57,52.8,7321,52.8,U
sh688777,中控技术,2025-10-20 14:55:03,52.8,4545,52.78,U
sh688777,中控技术,2025-10-20 14:55:30,52.77,4664,52.77,U
sh688777,中控技术,2025-10-20 14:55:36,52.77,4849,52.75,E
sh688777,中控技术,2025-10-20 14:55:42,52.74,8372,52.78,D
sh688777,中控技术,2025-10-20 14:55:57,52.74,5185,52.77,D
sh688777,中控技术,2025-10-20 14:56:00,52.76,3879,52.74,U
sh688777,中控技术,2025-10-20 14:56:12,52.72,11599,52.73,D
sh688777,中控技术,2025-10-20 14:56:15,52.75,4403,52.72,U
sh688777,中控技术,2025-10-20 14:56:24,52.75,7094,52.74,U
sh688777,中控技术,2025-10-20 14:56:36,52.75,9400,52.76,D
sh688777,中控技术,2025-10-20 14:56:42,52.76,5100,52.78,E
sh688777,中控技术,2025-10-20 14:56:51,52.76,3835,52.76,D
sh688777,中控技术,2025-10-20 15:00:03,52.75,114324,52.79,U
