symbol,name,ticktime,price,volume,prev_price,kind
sh688777,中控技术,2025-10-14 09:25:01,59.68,212957,0.0,U
sh688777,中控技术,2025-10-14 09:30:01,59.32,17964,59.68,D
sh688777,中控技术,2025-10-14 09:30:04,59.46,56001,59.32,E
sh688777,中控技术,2025-10-14 09:30:07,59.0,62251,59.46,D
sh688777,中控技术,2025-10-14 09:30:10,59.0,27633,59.0,U
sh688777,中控技术,2025-10-14 09:30:13,58.88,52339,59.0,D
sh688777,中控技术,2025-10-14 09:30:16,58.72,39146,58.88,D
sh688777,中控技术,2025-10-14 09:30:19,58.89,33357,58.72,U
sh688777,中控技术,2025-10-14 09:30:22,58.63,32105,58.89,D
sh688777,中控技术,2025-10-14 09:30:25,58.55,32650,58.63,E
sh688777,中控技术,2025-10-14 09:30:28,58.71,40194,58.55,U
sh688777,中控技术,2025-10-14 09:30:31,58.67,49518,58.71,D
sh688777,中控技术,2025-10-14 09:30:34,58.72,84173,58.67,U
sh688777,中控技术,2025-10-14 09:30:37,58.7,59992,58.72,E
sh688777,中控技术,2025-10-14 09:30:40,58.63,48916,58.7,E
sh688777,中控技术,2025-10-14 09:30:43,58.5,39342,58.63,D
sh688777,中控技术,2025-10-14 09:30:46,58.65,43183,58.5,U
sh688777,中控技术,2025-10-14 09:30:49,58.64,21333,58.65,E
sh688777,中控技术,2025-10-14 09:30:52,58.6,31367,58.64,D
sh688777,中控技术,2025-10-14 09:30:55,58.58,44713,58.6,D
sh688777,中控技术,2025-10-14 09:30:58,58.58,65373,58.58,U
sh688777,中控技术,2025-10-14 09:31:01,58.52,20040,58.58,D
sh688777,中控技术,2025-10-14 09:31:04,58.5,35759,58.52,D
sh688777,中控技术,2025-10-14 09:31:07,58.45,23734,58.5,D
sh688777,中控技术,2025-10-14 09:31:10,58.52,44385,58.45,U
sh688777,中控技术,2025-10-14 09:31:13,58.53,51529,58.52,U
sh688777,中控技术,2025-10-14 09:31:16,58.52,31888,58.53,D
sh688777,中控技术,2025-10-14 09:31:19,58.52,40140,58.52,D
sh688777,中控技术,2025-10-14 09:31:22,58.51,30610,58.52,D
sh688777,中控技术,2025-10-14 09:31:25,58.53,54246,58.51,U
sh688777,中控技术,2025-10-14 09:31:28,58.52,50195,58.53,D
sh688777,中控技术,2025-10-14 09:31:31,58.58,43121,58.52,U
sh688777,中控技术,2025-10-14 09:31:34,58.58,20473,58.58,U
sh688777,中控技术,2025-10-14 09:31:37,58.71,21396,58.58,U
sh688777,中控技术,2025-10-14 09:31:40,58.48,50594,58.71,D
sh688777,中控技术,2025-10-14 09:31:43,58.52,12966,58.48,U
sh688777,中控技术,2025-10-14 09:31:46,58.53,9738,58.52,D
sh688777,中控技术,2025-10-14 09:31:49,58.58,19646,58.53,U
sh688777,中控技术,2025-10-14 09:31:52,58.69,9202,58.58,E
sh688777,中控技术,2025-10-14 09:31:55,58.69,25443,58.69,U
sh688777,中控技术,2025-10-14 09:31:58,58.61,16880,58.69,D
sh688777,中控技术,2025-10-14 09:32:01,58.58,49477,58.61,D
sh688777,中控技术,2025-10-14 09:32:04,58.58,55463,58.58,U
sh688777,中控技术,2025-10-14 09:32:07,58.6,64433,58.58,U
sh688777,中控技术,2025-10-14 09:32:10,58.62,54744,58.6,U
sh688777,中控技术,2025-10-14 09:32:13,58.64,47680,58.62,U
sh688777,中控技术,2025-10-14 09:32:16,58.71,26813,58.64,U
sh688777,中控技术,2025-10-14 09:32:19,58.65,18729,58.71,D
sh688777,中控技术,2025-10-14 09:32:22,58.76,5355,58.65,U
sh688777,中控技术,2025-10-14 09:32:28,58.72,43317,58.75,D
sh688777,中控技术,2025-10-14 09:32:31,58.72,37900,58.72,U
sh688777,中控技术,2025-10-14 09:32:34,58.66,61182,58.72,D
sh688777,中控技术,2025-10-14 09:32:37,58.75,26140,58.66,E
sh688777,中控技术,2025-10-14 09:32:40,58.52,41456,58.75,D
sh688777,中控技术,2025-10-14 09:32:43,58.52,50844,58.52,D
sh688777,中控技术,2025-10-14 09:32:46,58.47,97477,58.52,D
sh688777,中控技术,2025-10-14 09:32:49,58.47,21379,58.47,U
sh688777,中控技术,2025-10-14 09:32:52,58.46,57875,58.47,D
sh688777,中控技术,2025-10-14 09:32:55,58.46,94166,58.46,U
sh688777,中控技术,2025-10-14 09:32:58,58.5,42711,58.46,E
sh688777,中控技术,2025-10-14 09:33:01,58.52,9679,58.5,D
sh688777,中控技术,2025-10-14 09:33:04,58.52,41519,58.52,U
sh688777,中控技术,2025-10-14 09:33:07,58.52,46760,58.52,D
sh688777,中控技术,2025-10-14 09:33:10,58.71,4546,58.52,U
sh688777,中控技术,2025-10-14 09:33:13,58.62,18978,58.71,U
sh688777,中控技术,2025-10-14 09:33:16,58.72,21465,58.62,U
sh688777,中控技术,2025-10-14 09:33:19,58.6,9369,58.72,D
sh688777,中控技术,2025-10-14 09:33:22,58.72,25607,58.6,U
sh688777,中控技术,2025-10-14 09:33:25,58.75,12276,58.72,U
sh688777,中控技术,2025-10-14 09:33:28,58.76,12797,58.75,E
sh688777,中控技术,2025-10-14 09:33:31,58.87,6892,58.76,U
sh688777,中控技术,2025-10-14 09:33:34,58.86,9162,58.87,U
sh688777,中控技术,2025-10-14 09:33:37,58.9,7890,58.86,U
sh688777,中控技术,2025-10-14 09:33:43,58.94,14721,58.89,U
sh688777,中控技术,2025-10-14 09:33:46,58.91,9532,58.94,D
sh688777,中控技术,2025-10-14 09:33:49,58.89,93941,58.91,D
sh688777,中控技术,2025-10-14 09:33:52,58.94,28265,58.89,U
sh688777,中控技术,2025-10-14 09:33:55,58.91,11703,58.94,D
sh688777,中控技术,2025-10-14 09:33:58,58.97,15103,58.91,U
sh688777,中控技术,2025-10-14 09:34:01,58.91,12860,58.97,D
sh688777,中控技术,2025-10-14 09:34:04,58.93,14125,58.91,E
sh688777,中控技术,2025-10-14 09:34:07,58.92,28723,58.93,D
sh688777,中控技术,2025-10-14 09:34:10,58.89,13642,58.92,D
sh688777,中控技术,2025-10-14 09:34:13,58.89,34093,58.89,U
sh688777,中控技术,2025-10-14 09:34:16,58.8,7912,58.89,D
sh688777,中控技术,2025-10-14 09:34:19,58.79,8439,58.8,D
sh688777,中控技术,2025-10-14 09:34:22,58.78,23877,58.79,D
sh688777,中控技术,2025-10-14 09:34:25,58.73,20905,58.78,D
sh688777,中控技术,2025-10-14 09:34:28,58.61,32384,58.73,D
sh688777,中控技术,2025-10-14 09:34:31,58.58,44479,58.61,D
sh688777,中控技术,2025-10-14 09:34:34,58.6,110784,58.58,U
sh688777,中控技术,2025-10-14 09:34:37,58.72,17258,58.6,U
sh688777,中控技术,2025-10-14 09:34:40,58.8,55209,58.72,U
sh688777,中控技术,2025-10-14 09:34:43,58.6,15906,58.8,D
sh688777,中控技术,2025-10-14 09:34:46,58.87,7428,58.6,U
sh688777,中控技术,2025-10-14 09:34:49,58.74,6248,58.87,D
sh688777,中控技术,2025-10-14 09:34:52,58.8,11284,58.74,U
sh688777,中控技术,2025-10-14 09:34:55,58.74,29264,58.8,D
sh688777,中控技术,2025-10-14 09:34:58,58.8,13628,58.74,U
sh688777,中控技术,2025-10-14 09:35:01,58.73,16282,58.8,D
sh688777,中控技术,2025-10-14 09:35:04,58.8,9921,58.73,U
sh688777,中控技术,2025-10-14 09:35:07,58.76,19098,58.8,D
sh688777,中控技术,2025-10-14 09:35:10,58.81,4418,58.76,U
sh688777,中控技术,2025-10-14 09:35:13,58.89,34495,58.81,U
sh688777,中控技术,2025-10-14 09:35:16,58.9,25055,58.89,U
sh688777,中控技术,2025-10-14 09:35:19,58.97,4731,58.9,E
sh688777,中控技术,2025-10-14 09:35:22,58.85,14919,58.97,D
sh688777,中控技术,2025-10-14 09:35:25,58.97,4500,58.85,U
sh688777,中控技术,2025-10-14 09:35:28,58.93,7648,58.97,D
sh688777,中控技术,2025-10-14 09:35:31,58.98,22772,58.93,U
sh688777,中控技术,2025-10-14 09:35:34,59.04,6910,58.98,U
sh688777,中控技术,2025-10-14 09:35:37,59.04,19096,59.04,D
sh688777,中控技术,2025-10-14 09:35:40,59.06,16061,59.04,U
sh688777,中控技术,2025-10-14 09:35:43,59.06,21921,59.06,U
sh688777,中控技术,2025-10-14 09:35:46,59.05,19656,59.06,E
sh688777,中控技术,2025-10-14 09:35:49,59.05,71503,59.05,U
sh688777,中控技术,2025-10-14 09:35:52,59.06,4060,59.05,E
sh688777,中控技术,2025-10-14 09:35:55,59.04,15647,59.06,D
sh688777,中控技术,2025-10-14 09:35:58,59.11,7521,59.04,U
sh688777,中控技术,2025-10-14 09:36:01,59.06,15852,59.11,D
sh688777,中控技术,2025-10-14 09:36:04,59.06,18120,59.06,U
sh688777,中控技术,2025-10-14 09:36:07,59.03,13408,59.06,D
sh688777,中控技术,2025-10-14 09:36:10,59.0,67282,59.03,D
sh688777,中控技术,2025-10-14 09:36:13,59.1,16212,59.0,E
sh688777,中控技术,2025-10-14 09:36:19,59.1,14265,59.1,D
sh688777,中控技术,2025-10-14 09:36:22,59.1,10969,59.1,U
sh688777,中控技术,2025-10-14 09:36:25,59.14,9546,59.1,U
sh688777,中控技术,2025-10-14 09:36:28,59.11,10014,59.14,D
sh688777,中控技术,2025-10-14 09:36:31,59.1,7847,59.11,D
sh688777,中控技术,2025-10-14 09:36:34,59.11,6582,59.1,U
sh688777,中控技术,2025-10-14 09:36:37,59.03,34053,59.11,D
sh688777,中控技术,2025-10-14 09:36:40,58.98,79126,59.03,D
sh688777,中控技术,2025-10-14 09:36:43,59.0,35019,58.98,U
sh688777,中控技术,2025-10-14 09:36:46,59.0,38323,59.0,U
sh688777,中控技术,2025-10-14 09:36:49,59.02,26500,59.0,U
sh688777,中控技术,2025-10-14 09:36:52,59.0,14663,59.02,D
sh688777,中控技术,2025-10-14 09:36:55,59.0,7141,59.0,E
sh688777,中控技术,2025-10-14 09:36:58,58.9,11632,59.0,D
sh688777,中控技术,2025-10-14 09:37:01,58.92,27834,58.9,U
sh688777,中控技术,2025-10-14 09:37:04,58.85,26882,58.92,D
sh688777,中控技术,2025-10-14 09:37:07,58.85,5711,58.85,D
sh688777,中控技术,2025-10-14 09:37:10,58.85,24497,58.85,D
sh688777,中控技术,2025-10-14 09:37:13,58.85,4434,58.85,U
sh688777,中控技术,2025-10-14 09:37:16,58.89,35426,58.85,U
sh688777,中控技术,2025-10-14 09:37:19,58.85,17402,58.89,E
sh688777,中控技术,2025-10-14 09:37:22,58.83,17517,58.85,D
sh688777,中控技术,2025-10-14 09:37:25,58.78,55355,58.83,D
sh688777,中控技术,2025-10-14 09:37:28,58.78,23032,58.78,U
sh688777,中控技术,2025-10-14 09:37:34,58.62,5485,58.68,D
sh688777,中控技术,2025-10-14 09:37:37,58.67,10864,58.62,U
sh688777,中控技术,2025-10-14 09:37:40,58.63,17920,58.67,D
sh688777,中控技术,2025-10-14 09:37:43,58.63,18527,58.63,D
sh688777,中控技术,2025-10-14 09:37:46,58.7,8478,58.63,U
sh688777,中控技术,2025-10-14 09:37:49,58.7,6472,58.7,U
sh688777,中控技术,2025-10-14 09:37:52,58.82,23799,58.7,U
sh688777,中控技术,2025-10-14 09:37:55,58.7,8428,58.82,D
sh688777,中控技术,2025-10-14 09:38:01,58.72,3675,58.77,D
sh688777,中控技术,2025-10-14 09:38:04,58.7,12822,58.72,D
sh688777,中控技术,2025-10-14 09:38:07,58.74,12164,58.7,U
sh688777,中控技术,2025-10-14 09:38:10,58.76,10469,58.74,U
sh688777,中控技术,2025-10-14 09:38:13,58.72,29556,58.76,E
sh688777,中控技术,2025-10-14 09:38:22,58.75,19938,58.76,D
sh688777,中控技术,2025-10-14 09:38:25,58.7,50952,58.75,D
sh688777,中控技术,2025-10-14 09:38:28,58.67,15414,58.7,D
sh688777,中控技术,2025-10-14 09:38:31,58.71,20800,58.67,U
sh688777,中控技术,2025-10-14 09:38:34,58.67,10013,58.71,D
sh688777,中控技术,2025-10-14 09:38:37,58.68,4314,58.67,E
sh688777,中控技术,2025-10-14 09:38:40,58.68,8163,58.68,D
sh688777,中控技术,2025-10-14 09:38:43,58.71,18910,58.68,U
sh688777,中控技术,2025-10-14 09:38:46,58.68,9218,58.71,D
sh688777,中控技术,2025-10-14 09:38:52,58.68,19802,58.68,D
sh688777,中控技术,2025-10-14 09:38:55,58.71,20911,58.68,U
sh688777,中控技术,2025-10-14 09:38:58,58.71,6167,58.71,U
sh688777,中控技术,2025-10-14 09:39:01,58.66,39168,58.71,D
sh688777,中控技术,2025-10-14 09:39:04,58.7,22662,58.66,U
sh688777,中控技术,2025-10-14 09:39:07,58.64,5507,58.7,D
sh688777,中控技术,2025-10-14 09:39:10,58.7,14519,58.64,U
sh688777,中控技术,2025-10-14 09:39:16,58.64,10350,58.68,D
sh688777,中控技术,2025-10-14 09:39:19,58.7,19643,58.64,U
sh688777,中控技术,2025-10-14 09:39:22,58.65,4087,58.7,D
sh688777,中控技术,2025-10-14 09:39:25,58.69,5351,58.65,E
sh688777,中控技术,2025-10-14 09:39:28,58.65,13371,58.69,D
sh688777,中控技术,2025-10-14 09:39:31,58.66,17066,58.65,E
sh688777,中控技术,2025-10-14 09:39:34,58.65,10851,58.66,E
sh688777,中控技术,2025-10-14 09:39:37,58.65,20513,58.65,D
sh688777,中控技术,2025-10-14 09:39:40,58.63,8460,58.65,D
sh688777,中控技术,2025-10-14 09:39:43,58.6,91370,58.63,D
sh688777,中控技术,2025-10-14 09:39:46,58.58,21141,58.6,D
sh688777,中控技术,2025-10-14 09:39:49,58.57,8107,58.58,D
sh688777,中控技术,2025-10-14 09:39:52,58.56,4126,58.57,D
sh688777,中控技术,2025-10-14 09:39:58,58.52,44046,58.56,D
sh688777,中控技术,2025-10-14 09:40:01,58.51,14745,58.52,D
sh688777,中控技术,2025-10-14 09:40:04,58.53,28085,58.51,U
sh688777,中控技术,2025-10-14 09:40:07,58.52,22747,58.53,U
sh688777,中控技术,2025-10-14 09:40:10,58.53,15284,58.52,U
sh688777,中控技术,2025-10-14 09:40:13,58.52,20254,58.53,D
sh688777,中控技术,2025-10-14 09:40:16,58.52,13638,58.52,D
sh688777,中控技术,2025-10-14 09:40:19,58.53,7000,58.52,D
sh688777,中控技术,2025-10-14 09:40:22,58.57,10404,58.53,U
sh688777,中控技术,2025-10-14 09:40:25,58.57,10215,58.57,U
sh688777,中控技术,2025-10-14 09:40:28,58.56,8171,58.57,D
sh688777,中控技术,2025-10-14 09:40:31,58.58,7895,58.56,U
sh688777,中控技术,2025-10-14 09:40:37,58.65,20987,58.6,U
sh688777,中控技术,2025-10-14 09:40:40,58.67,10825,58.65,U
sh688777,中控技术,2025-10-14 09:40:43,58.7,16580,58.67,U
sh688777,中控技术,2025-10-14 09:41:07,58.76,9501,58.76,D
sh688777,中控技术,2025-10-14 09:41:10,58.78,8864,58.76,E
sh688777,中控技术,2025-10-14 09:41:13,58.78,5200,58.78,D
sh688777,中控技术,2025-10-14 09:41:16,58.8,3641,58.78,U
sh688777,中控技术,2025-10-14 09:41:19,58.79,11109,58.8,D
sh688777,中控技术,2025-10-14 09:41:22,58.8,38808,58.79,U
sh688777,中控技术,2025-10-14 09:41:25,58.79,36665,58.8,D
sh688777,中控技术,2025-10-14 09:41:28,58.81,15013,58.79,U
sh688777,中控技术,2025-10-14 09:41:31,58.78,8438,58.81,D
sh688777,中控技术,2025-10-14 09:41:34,58.76,3698,58.78,D
sh688777,中控技术,2025-10-14 09:41:37,58.76,29883,58.76,D
sh688777,中控技术,2025-10-14 09:41:40,58.78,4692,58.76,D
sh688777,中控技术,2025-10-14 09:41:43,58.78,10124,58.78,D
sh688777,中控技术,2025-10-14 09:41:49,58.77,10805,58.78,D
sh688777,中控技术,2025-10-14 09:41:52,58.72,16827,58.77,D
sh688777,中控技术,2025-10-14 09:41:55,58.71,8068,58.72,D
sh688777,中控技术,2025-10-14 09:41:58,58.74,7719,58.71,D
sh688777,中控技术,2025-10-14 09:42:04,58.69,13513,58.71,D
sh688777,中控技术,2025-10-14 09:42:07,58.71,27582,58.69,U
sh688777,中控技术,2025-10-14 09:42:10,58.68,3894,58.71,D
sh688777,中控技术,2025-10-14 09:42:13,58.65,9864,58.68,D
sh688777,中控技术,2025-10-14 09:42:16,58.65,3746,58.65,D
sh688777,中控技术,2025-10-14 09:42:19,58.68,17685,58.65,D
sh688777,中控技术,2025-10-14 09:42:22,58.68,6431,58.68,D
sh688777,中控技术,2025-10-14 09:42:25,58.65,8937,58.68,D
sh688777,中控技术,2025-10-14 09:42:28,58.68,5126,58.65,U
sh688777,中控技术,2025-10-14 09:42:31,58.65,3700,58.68,E
sh688777,中控技术,2025-10-14 09:42:34,58.66,8687,58.65,U
sh688777,中控技术,2025-10-14 09:42:37,58.65,9508,58.66,D
sh688777,中控技术,2025-10-14 09:42:40,58.68,4510,58.65,U
sh688777,中控技术,2025-10-14 09:42:43,58.68,3566,58.68,D
sh688777,中控技术,2025-10-14 09:42:49,58.65,16489,58.69,D
sh688777,中控技术,2025-10-14 09:42:55,58.68,8025,58.65,U
sh688777,中控技术,2025-10-14 09:42:58,58.65,22121,58.68,D
sh688777,中控技术,2025-10-14 09:43:01,58.65,28653,58.65,U
sh688777,中控技术,2025-10-14 09:43:04,58.67,6184,58.65,U
sh688777,中控技术,2025-10-14 09:43:07,58.65,4812,58.67,D
sh688777,中控技术,2025-10-14 09:43:10,58.67,22000,58.65,U
sh688777,中控技术,2025-10-14 09:43:13,58.65,5019,58.67,D
sh688777,中控技术,2025-10-14 09:43:16,58.65,27913,58.65,U
sh688777,中控技术,2025-10-14 09:43:22,58.66,4902,58.67,D
sh688777,中控技术,2025-10-14 09:43:25,58.71,34182,58.66,U
sh688777,中控技术,2025-10-14 09:43:28,58.71,22611,58.71,U
sh688777,中控技术,2025-10-14 09:43:31,58.71,8721,58.71,D
sh688777,中控技术,2025-10-14 09:43:34,58.71,21600,58.71,D
sh688777,中控技术,2025-10-14 09:43:40,58.72,13668,58.71,U
sh688777,中控技术,2025-10-14 09:43:43,58.7,4630,58.72,D
sh688777,中控技术,2025-10-14 09:43:46,58.7,3785,58.7,U
sh688777,中控技术,2025-10-14 09:43:49,58.71,16196,58.7,U
sh688777,中控技术,2025-10-14 09:43:52,58.75,7186,58.71,U
sh688777,中控技术,2025-10-14 09:43:55,58.77,7854,58.75,U
sh688777,中控技术,2025-10-14 09:43:58,58.77,8499,58.77,U
sh688777,中控技术,2025-10-14 09:44:01,58.76,18922,58.77,U
sh688777,中控技术,2025-10-14 09:44:04,58.75,10283,58.76,U
sh688777,中控技术,2025-10-14 09:44:07,58.73,11332,58.75,E
sh688777,中控技术,2025-10-14 09:44:16,58.78,37900,58.76,U
sh688777,中控技术,2025-10-14 09:44:19,58.83,23720,58.78,U
sh688777,中控技术,2025-10-14 09:44:22,58.85,7700,58.83,U
sh688777,中控技术,2025-10-14 09:44:28,58.85,3644,58.85,D
sh688777,中控技术,2025-10-14 09:44:34,58.85,14515,58.85,D
sh688777,中控技术,2025-10-14 09:44:37,58.85,5387,58.85,U
sh688777,中控技术,2025-10-14 09:44:43,58.85,11227,58.81,U
sh688777,中控技术,2025-10-14 09:44:55,58.87,8077,58.86,U
sh688777,中控技术,2025-10-14 09:44:58,58.86,31197,58.87,D
sh688777,中控技术,2025-10-14 09:45:01,58.86,7014,58.86,D
sh688777,中控技术,2025-10-14 09:45:04,58.85,13968,58.86,U
sh688777,中控技术,2025-10-14 09:45:07,58.82,9400,58.85,D
sh688777,中控技术,2025-10-14 09:45:10,58.85,28851,58.82,U
sh688777,中控技术,2025-10-14 09:45:13,58.85,3700,58.85,U
sh688777,中控技术,2025-10-14 09:45:22,58.76,29291,58.77,D
sh688777,中控技术,2025-10-14 09:45:25,58.72,11830,58.76,D
sh688777,中控技术,2025-10-14 09:45:28,58.71,9038,58.72,D
sh688777,中控技术,2025-10-14 09:45:31,58.75,4580,58.71,U
sh688777,中控技术,2025-10-14 09:45:37,58.7,13044,58.71,D
sh688777,中控技术,2025-10-14 09:45:40,58.7,10995,58.7,D
sh688777,中控技术,2025-10-14 09:45:43,58.71,11384,58.7,U
sh688777,中控技术,2025-10-14 09:45:46,58.7,7114,58.71,D
sh688777,中控技术,2025-10-14 09:45:49,58.68,29131,58.7,D
sh688777,中控技术,2025-10-14 09:45:52,58.7,6148,58.68,U
sh688777,中控技术,2025-10-14 09:45:55,58.7,7598,58.7,U
sh688777,中控技术,2025-10-14 09:45:58,58.67,5638,58.7,D
sh688777,中控技术,2025-10-14 09:46:04,58.66,4602,58.67,D
sh688777,中控技术,2025-10-14 09:46:07,58.66,22625,58.66,D
sh688777,中控技术,2025-10-14 09:46:10,58.65,15255,58.66,D
sh688777,中控技术,2025-10-14 09:46:13,58.63,11101,58.65,D
sh688777,中控技术,2025-10-14 09:46:19,58.62,10509,58.62,D
sh688777,中控技术,2025-10-14 09:46:22,58.61,5444,58.62,D
sh688777,中控技术,2025-10-14 09:46:28,58.67,30808,58.61,U
sh688777,中控技术,2025-10-14 09:46:31,58.62,10545,58.67,D
sh688777,中控技术,2025-10-14 09:46:34,58.62,4379,58.62,D
sh688777,中控技术,2025-10-14 09:46:37,58.7,15761,58.62,U
sh688777,中控技术,2025-10-14 09:46:40,58.64,11950,58.7,D
sh688777,中控技术,2025-10-14 09:46:46,58.68,7016,58.7,D
sh688777,中控技术,2025-10-14 09:46:49,58.73,5559,58.68,U
sh688777,中控技术,2025-10-14 09:46:52,58.69,11242,58.73,D
sh688777,中控技术,2025-10-14 09:46:55,58.73,7111,58.69,E
sh688777,中控技术,2025-10-14 09:46:58,58.77,10303,58.73,U
sh688777,中控技术,2025-10-14 09:47:01,58.79,6028,58.77,U
sh688777,中控技术,2025-10-14 09:47:04,58.75,3922,58.79,D
sh688777,中控技术,2025-10-14 09:47:07,58.83,4552,58.75,U
sh688777,中控技术,2025-10-14 09:47:19,58.83,7376,58.81,U
sh688777,中控技术,2025-10-14 09:47:22,58.83,8660,58.83,U
sh688777,中控技术,2025-10-14 09:47:25,58.83,10765,58.83,U
sh688777,中控技术,2025-10-14 09:47:31,58.82,14641,58.82,U
sh688777,中控技术,2025-10-14 09:47:37,58.86,17974,58.81,U
sh688777,中控技术,2025-10-14 09:47:40,58.88,4024,58.86,U
sh688777,中控技术,2025-10-14 09:47:43,58.9,4691,58.88,U
sh688777,中控技术,2025-10-14 09:47:46,58.9,11475,58.9,U
sh688777,中控技术,2025-10-14 09:47:49,58.95,3579,58.9,U
sh688777,中控技术,2025-10-14 09:47:55,58.94,31407,58.96,D
sh688777,中控技术,2025-10-14 09:47:58,58.93,3590,58.94,D
sh688777,中控技术,2025-10-14 09:48:01,58.93,7470,58.93,U
sh688777,中控技术,2025-10-14 09:48:04,58.86,9582,58.93,D
sh688777,中控技术,2025-10-14 09:48:16,58.91,3408,58.94,U
sh688777,中控技术,2025-10-14 09:48:19,58.88,9408,58.91,D
sh688777,中控技术,2025-10-14 09:48:22,58.84,6214,58.88,D
sh688777,中控技术,2025-10-14 09:48:25,58.82,10021,58.84,D
sh688777,中控技术,2025-10-14 09:48:31,58.85,7795,58.83,U
sh688777,中控技术,2025-10-14 09:48:40,58.84,6594,58.85,D
sh688777,中控技术,2025-10-14 09:48:46,58.83,14479,58.85,D
sh688777,中控技术,2025-10-14 09:48:52,58.82,5167,58.82,D
sh688777,中控技术,2025-10-14 09:48:55,58.79,26626,58.82,D
sh688777,中控技术,2025-10-14 09:49:10,58.74,4462,58.75,U
sh688777,中控技术,2025-10-14 09:49:13,58.74,5073,58.74,U
sh688777,中控技术,2025-10-14 09:49:16,58.74,4932,58.74,U
sh688777,中控技术,2025-10-14 09:49:19,58.74,5700,58.74,U
sh688777,中控技术,2025-10-14 09:49:28,58.75,3905,58.75,U
sh688777,中控技术,2025-10-14 09:49:37,58.75,3653,58.75,D
sh688777,中控技术,2025-10-14 09:49:49,58.74,13284,58.75,D
sh688777,中控技术,2025-10-14 09:49:52,58.73,11973,58.74,D
sh688777,中控技术,2025-10-14 09:49:55,58.69,15426,58.73,D
sh688777,中控技术,2025-10-14 09:49:58,58.68,7475,58.69,D
sh688777,中控技术,2025-10-14 09:50:01,58.65,4000,58.68,D
sh688777,中控技术,2025-10-14 09:50:04,58.68,18208,58.65,U
sh688777,中控技术,2025-10-14 09:50:07,58.65,6418,58.68,D
sh688777,中控技术,2025-10-14 09:50:10,58.68,3597,58.65,U
sh688777,中控技术,2025-10-14 09:50:16,58.69,9893,58.66,U
sh688777,中控技术,2025-10-14 09:50:28,58.69,4245,58.67,U
sh688777,中控技术,2025-10-14 09:50:31,58.7,6236,58.69,U
sh688777,中控技术,2025-10-14 09:50:37,58.7,8718,58.68,U
sh688777,中控技术,2025-10-14 09:50:40,58.71,8965,58.7,U
sh688777,中控技术,2025-10-14 09:51:01,58.71,6371,58.7,U
sh688777,中控技术,2025-10-14 09:51:04,58.71,7398,58.71,D
sh688777,中控技术,2025-10-14 09:51:07,58.7,5300,58.71,D
sh688777,中控技术,2025-10-14 09:51:10,58.73,4228,58.7,U
sh688777,中控技术,2025-10-14 09:51:19,58.71,5336,58.71,U
sh688777,中控技术,2025-10-14 09:51:25,58.71,3517,58.7,U
sh688777,中控技术,2025-10-14 09:51:31,58.71,6762,58.7,U
sh688777,中控技术,2025-10-14 09:51:34,58.71,3972,58.71,D
sh688777,中控技术,2025-10-14 09:51:37,58.7,5611,58.71,D
sh688777,中控技术,2025-10-14 09:51:43,58.71,10859,58.7,U
sh688777,中控技术,2025-10-14 09:51:46,58.7,6563,58.71,D
sh688777,中控技术,2025-10-14 09:51:49,58.7,6245,58.7,U
sh688777,中控技术,2025-10-14 09:51:52,58.7,4983,58.7,D
sh688777,中控技术,2025-10-14 09:52:04,58.74,15549,58.74,U
sh688777,中控技术,2025-10-14 09:52:07,58.74,4700,58.74,U
sh688777,中控技术,2025-10-14 09:52:10,58.74,6778,58.74,U
sh688777,中控技术,2025-10-14 09:52:16,58.76,14032,58.76,U
sh688777,中控技术,2025-10-14 09:52:19,58.72,9677,58.76,D
sh688777,中控技术,2025-10-14 09:52:22,58.76,4641,58.72,U
sh688777,中控技术,2025-10-14 09:52:25,58.73,7580,58.76,E
sh688777,中控技术,2025-10-14 09:52:28,58.73,5388,58.73,U
sh688777,中控技术,2025-10-14 09:52:31,58.71,4078,58.73,D
sh688777,中控技术,2025-10-14 09:52:34,58.73,3928,58.71,U
sh688777,中控技术,2025-10-14 09:52:37,58.65,53932,58.73,D
sh688777,中控技术,2025-10-14 09:52:40,58.65,6100,58.65,D
sh688777,中控技术,2025-10-14 09:52:43,58.71,5329,58.65,U
sh688777,中控技术,2025-10-14 09:52:46,58.74,6337,58.71,U
sh688777,中控技术,2025-10-14 09:52:49,58.71,4382,58.74,E
sh688777,中控技术,2025-10-14 09:52:52,58.68,5643,58.71,D
sh688777,中控技术,2025-10-14 09:52:55,58.68,9164,58.68,U
sh688777,中控技术,2025-10-14 09:52:58,58.66,15718,58.68,U
sh688777,中控技术,2025-10-14 09:53:01,58.65,12251,58.66,D
sh688777,中控技术,2025-10-14 09:53:04,58.65,24928,58.65,D
sh688777,中控技术,2025-10-14 09:53:07,58.7,25560,58.65,U
sh688777,中控技术,2025-10-14 09:53:10,58.7,9774,58.7,D
sh688777,中控技术,2025-10-14 09:53:13,58.7,10023,58.7,D
sh688777,中控技术,2025-10-14 09:53:31,58.79,51207,58.73,U
sh688777,中控技术,2025-10-14 09:53:37,58.71,10522,58.8,E
sh688777,中控技术,2025-10-14 09:53:40,58.78,11445,58.71,U
sh688777,中控技术,2025-10-14 09:53:43,58.72,4299,58.78,D
sh688777,中控技术,2025-10-14 09:53:46,58.76,6572,58.72,U
sh688777,中控技术,2025-10-14 09:53:49,58.74,10121,58.76,E
sh688777,中控技术,2025-10-14 09:53:52,58.64,14231,58.74,D
sh688777,中控技术,2025-10-14 09:53:55,58.64,5941,58.64,D
sh688777,中控技术,2025-10-14 09:54:01,58.64,6200,58.64,D
sh688777,中控技术,2025-10-14 09:54:04,58.61,27679,58.64,D
sh688777,中控技术,2025-10-14 09:54:07,58.65,11834,58.61,U
sh688777,中控技术,2025-10-14 09:54:10,58.6,48892,58.65,D
sh688777,中控技术,2025-10-14 09:54:13,58.6,48095,58.6,D
sh688777,中控技术,2025-10-14 09:54:16,58.58,24513,58.6,D
sh688777,中控技术,2025-10-14 09:54:19,58.57,20436,58.58,D
sh688777,中控技术,2025-10-14 09:54:22,58.58,11203,58.57,U
sh688777,中控技术,2025-10-14 09:54:25,58.63,15548,58.58,U
sh688777,中控技术,2025-10-14 09:54:31,58.61,3806,58.63,D
sh688777,中控技术,2025-10-14 09:54:37,58.64,12244,58.61,U
sh688777,中控技术,2025-10-14 09:54:40,58.62,25641,58.64,D
sh688777,中控技术,2025-10-14 09:54:46,58.68,6181,58.63,U
sh688777,中控技术,2025-10-14 09:54:52,58.68,6462,58.68,D
sh688777,中控技术,2025-10-14 09:54:55,58.68,14036,58.68,U
sh688777,中控技术,2025-10-14 09:54:58,58.68,5696,58.68,D
sh688777,中控技术,2025-10-14 09:55:04,58.68,5858,58.68,U
sh688777,中控技术,2025-10-14 09:55:07,58.71,5641,58.68,U
sh688777,中控技术,2025-10-14 09:55:13,58.74,5437,58.71,U
sh688777,中控技术,2025-10-14 09:55:19,58.71,4986,58.74,D
sh688777,中控技术,2025-10-14 09:55:37,58.71,5252,58.7,U
sh688777,中控技术,2025-10-14 09:55:46,58.7,10285,58.7,U
sh688777,中控技术,2025-10-14 09:55:49,58.69,6276,58.7,D
sh688777,中控技术,2025-10-14 09:55:52,58.69,5303,58.69,U
sh688777,中控技术,2025-10-14 09:55:55,58.69,5484,58.69,U
sh688777,中控技术,2025-10-14 09:55:58,58.68,4576,58.69,D
sh688777,中控技术,2025-10-14 09:56:01,58.69,6268,58.68,U
sh688777,中控技术,2025-10-14 09:56:07,58.69,6398,58.69,D
sh688777,中控技术,2025-10-14 09:56:10,58.7,6330,58.69,U
sh688777,中控技术,2025-10-14 09:56:16,58.69,20204,58.68,U
sh688777,中控技术,2025-10-14 09:56:19,58.7,28984,58.69,U
sh688777,中控技术,2025-10-14 09:56:22,58.71,8045,58.7,U
sh688777,中控技术,2025-10-14 09:56:52,58.75,3522,58.73,U
sh688777,中控技术,2025-10-14 09:56:55,58.72,3675,58.75,D
sh688777,中控技术,2025-10-14 09:57:07,58.72,4249,58.75,D
sh688777,中控技术,2025-10-14 09:57:10,58.72,4887,58.72,D
sh688777,中控技术,2025-10-14 09:57:13,58.71,6696,58.72,D
sh688777,中控技术,2025-10-14 09:57:16,58.75,14585,58.71,U
sh688777,中控技术,2025-10-14 09:57:19,58.71,16047,58.75,D
sh688777,中控技术,2025-10-14 09:57:25,58.7,6712,58.71,D
sh688777,中控技术,2025-10-14 09:57:28,58.68,13500,58.7,D
sh688777,中控技术,2025-10-14 09:57:31,58.71,6852,58.68,U
sh688777,中控技术,2025-10-14 09:57:37,58.67,9173,58.67,D
sh688777,中控技术,2025-10-14 09:57:40,58.65,32447,58.67,D
sh688777,中控技术,2025-10-14 09:57:46,58.64,11555,58.66,D
sh688777,中控技术,2025-10-14 09:57:49,58.62,4601,58.64,D
sh688777,中控技术,2025-10-14 09:57:58,58.61,17194,58.62,D
sh688777,中控技术,2025-10-14 09:58:01,58.61,4924,58.61,U
sh688777,中控技术,2025-10-14 09:58:04,58.59,5098,58.61,D
sh688777,中控技术,2025-10-14 09:58:10,58.56,36686,58.58,D
sh688777,中控技术,2025-10-14 09:58:13,58.56,4000,58.56,D
sh688777,中控技术,2025-10-14 09:58:16,58.56,4867,58.56,D
sh688777,中控技术,2025-10-14 09:58:19,58.56,4158,58.56,U
sh688777,中控技术,2025-10-14 09:58:25,58.56,4900,58.57,D
sh688777,中控技术,2025-10-14 09:58:34,58.55,9268,58.56,D
sh688777,中控技术,2025-10-14 09:58:40,58.55,54204,58.56,D
sh688777,中控技术,2025-10-14 09:58:43,58.54,10667,58.55,E
sh688777,中控技术,2025-10-14 09:58:46,58.55,3950,58.54,U
sh688777,中控技术,2025-10-14 09:58:49,58.5,7351,58.55,D
sh688777,中控技术,2025-10-14 09:58:55,58.5,26135,58.52,D
sh688777,中控技术,2025-10-14 09:58:58,58.5,4350,58.5,D
sh688777,中控技术,2025-10-14 09:59:01,58.51,13778,58.5,U
sh688777,中控技术,2025-10-14 09:59:04,58.5,60328,58.51,D
sh688777,中控技术,2025-10-14 09:59:07,58.5,50028,58.5,D
sh688777,中控技术,2025-10-14 09:59:10,58.48,8000,58.5,D
sh688777,中控技术,2025-10-14 09:59:13,58.47,6284,58.48,D
sh688777,中控技术,2025-10-14 09:59:16,58.45,59098,58.47,D
sh688777,中控技术,2025-10-14 09:59:19,58.43,9632,58.45,D
sh688777,中控技术,2025-10-14 09:59:22,58.41,6440,58.43,D
sh688777,中控技术,2025-10-14 09:59:25,58.45,4800,58.41,U
sh688777,中控技术,2025-10-14 09:59:28,58.41,17235,58.45,D
sh688777,中控技术,2025-10-14 09:59:31,58.41,14244,58.41,U
sh688777,中控技术,2025-10-14 09:59:34,58.38,17648,58.41,D
sh688777,中控技术,2025-10-14 09:59:37,58.38,13905,58.38,D
sh688777,中控技术,2025-10-14 09:59:40,58.4,37732,58.38,U
sh688777,中控技术,2025-10-14 09:59:43,58.41,77203,58.4,U
sh688777,中控技术,2025-10-14 09:59:46,58.41,14772,58.41,D
sh688777,中控技术,2025-10-14 09:59:49,58.4,3825,58.41,D
sh688777,中控技术,2025-10-14 09:59:52,58.4,32030,58.4,D
sh688777,中控技术,2025-10-14 09:59:55,58.38,14223,58.4,D
sh688777,中控技术,2025-10-14 09:59:58,58.4,5492,58.38,U
sh688777,中控技术,2025-10-14 10:00:01,58.4,33636,58.4,D
sh688777,中控技术,2025-10-14 10:00:04,58.4,9077,58.4,U
sh688777,中控技术,2025-10-14 10:00:07,58.41,8244,58.4,D
sh688777,中控技术,2025-10-14 10:00:10,58.46,9745,58.41,U
sh688777,中控技术,2025-10-14 10:00:16,58.45,10500,58.45,D
sh688777,中控技术,2025-10-14 10:00:19,58.46,4658,58.45,U
sh688777,中控技术,2025-10-14 10:00:22,58.45,6006,58.46,D
sh688777,中控技术,2025-10-14 10:00:28,58.44,6323,58.46,D
sh688777,中控技术,2025-10-14 10:00:34,58.44,9667,58.45,D
sh688777,中控技术,2025-10-14 10:00:37,58.42,7043,58.44,D
sh688777,中控技术,2025-10-14 10:00:40,58.41,12286,58.42,D
sh688777,中控技术,2025-10-14 10:00:43,58.38,15659,58.41,D
sh688777,中控技术,2025-10-14 10:00:46,58.37,19488,58.38,D
sh688777,中控技术,2025-10-14 10:00:49,58.32,25577,58.37,D
sh688777,中控技术,2025-10-14 10:00:52,58.32,8449,58.32,D
sh688777,中控技术,2025-10-14 10:00:58,58.3,25626,58.32,D
sh688777,中控技术,2025-10-14 10:01:01,58.3,10084,58.3,D
sh688777,中控技术,2025-10-14 10:01:04,58.3,28404,58.3,D
sh688777,中控技术,2025-10-14 10:01:07,58.3,43123,58.3,D
sh688777,中控技术,2025-10-14 10:01:10,58.31,16294,58.3,U
sh688777,中控技术,2025-10-14 10:01:13,58.31,11686,58.31,D
sh688777,中控技术,2025-10-14 10:01:16,58.31,8666,58.31,D
sh688777,中控技术,2025-10-14 10:01:19,58.3,7904,58.31,D
sh688777,中控技术,2025-10-14 10:01:25,58.31,5520,58.31,D
sh688777,中控技术,2025-10-14 10:01:28,58.39,5251,58.31,U
sh688777,中控技术,2025-10-14 10:01:31,58.32,6200,58.39,D
sh688777,中控技术,2025-10-14 10:01:37,58.35,4305,58.4,D
sh688777,中控技术,2025-10-14 10:01:40,58.4,5828,58.35,U
sh688777,中控技术,2025-10-14 10:01:55,58.36,10645,58.39,D
sh688777,中控技术,2025-10-14 10:01:58,58.39,8046,58.36,U
sh688777,中控技术,2025-10-14 10:02:04,58.36,4300,58.38,D
sh688777,中控技术,2025-10-14 10:02:07,58.39,5708,58.36,U
sh688777,中控技术,2025-10-14 10:02:13,58.42,7106,58.4,U
sh688777,中控技术,2025-10-14 10:02:25,58.45,3500,58.42,U
sh688777,中控技术,2025-10-14 10:02:31,58.45,4664,58.44,U
sh688777,中控技术,2025-10-14 10:02:34,58.46,6710,58.45,U
sh688777,中控技术,2025-10-14 10:02:37,58.42,6030,58.46,D
sh688777,中控技术,2025-10-14 10:02:46,58.44,3949,58.43,U
sh688777,中控技术,2025-10-14 10:02:49,58.43,9351,58.44,D
sh688777,中控技术,2025-10-14 10:02:52,58.42,4052,58.43,D
sh688777,中控技术,2025-10-14 10:02:55,58.43,4145,58.42,U
sh688777,中控技术,2025-10-14 10:02:58,58.41,17729,58.43,D
sh688777,中控技术,2025-10-14 10:03:01,58.41,33488,58.41,D
sh688777,中控技术,2025-10-14 10:03:04,58.4,21206,58.41,D
sh688777,中控技术,2025-10-14 10:03:07,58.38,53417,58.4,D
sh688777,中控技术,2025-10-14 10:03:16,58.35,13316,58.36,D
sh688777,中控技术,2025-10-14 10:03:19,58.35,20440,58.35,D
sh688777,中控技术,2025-10-14 10:03:22,58.33,24996,58.35,D
sh688777,中控技术,2025-10-14 10:03:25,58.34,5869,58.33,U
sh688777,中控技术,2025-10-14 10:03:28,58.31,5200,58.34,D
sh688777,中控技术,2025-10-14 10:03:31,58.31,12240,58.31,D
sh688777,中控技术,2025-10-14 10:03:34,58.31,9393,58.31,D
sh688777,中控技术,2025-10-14 10:03:37,58.3,15464,58.31,D
sh688777,中控技术,2025-10-14 10:03:40,58.3,32275,58.3,D
sh688777,中控技术,2025-10-14 10:03:43,58.3,19495,58.3,D
sh688777,中控技术,2025-10-14 10:03:46,58.3,3753,58.3,D
sh688777,中控技术,2025-10-14 10:03:49,58.3,30960,58.3,D
sh688777,中控技术,2025-10-14 10:03:52,58.31,15842,58.3,U
sh688777,中控技术,2025-10-14 10:03:55,58.3,7066,58.31,D
sh688777,中控技术,2025-10-14 10:03:58,58.3,21954,58.3,D
sh688777,中控技术,2025-10-14 10:04:04,58.29,12570,58.3,D
sh688777,中控技术,2025-10-14 10:04:07,58.3,14400,58.29,U
sh688777,中控技术,2025-10-14 10:04:10,58.3,6201,58.3,D
sh688777,中控技术,2025-10-14 10:04:13,58.3,4759,58.3,D
sh688777,中控技术,2025-10-14 10:04:16,58.31,12418,58.3,U
sh688777,中控技术,2025-10-14 10:04:19,58.31,20473,58.31,D
sh688777,中控技术,2025-10-14 10:04:22,58.31,3911,58.31,D
sh688777,中控技术,2025-10-14 10:04:25,58.35,12781,58.31,U
sh688777,中控技术,2025-10-14 10:04:28,58.35,8021,58.35,D
sh688777,中控技术,2025-10-14 10:04:31,58.35,7735,58.35,D
sh688777,中控技术,2025-10-14 10:04:34,58.41,4841,58.35,U
sh688777,中控技术,2025-10-14 10:04:43,58.4,6227,58.44,D
sh688777,中控技术,2025-10-14 10:04:46,58.39,8055,58.4,D
sh688777,中控技术,2025-10-14 10:04:58,58.4,17765,58.38,U
sh688777,中控技术,2025-10-14 10:05:16,58.44,4366,58.45,E
sh688777,中控技术,2025-10-14 10:05:19,58.43,3970,58.44,D
sh688777,中控技术,2025-10-14 10:05:25,58.43,6347,58.43,U
sh688777,中控技术,2025-10-14 10:05:28,58.43,3430,58.43,U
sh688777,中控技术,2025-10-14 10:05:31,58.43,4607,58.43,D
sh688777,中控技术,2025-10-14 10:05:34,58.44,11185,58.43,U
sh688777,中控技术,2025-10-14 10:05:37,58.43,4776,58.44,E
sh688777,中控技术,2025-10-14 10:05:40,58.4,20538,58.43,D
sh688777,中控技术,2025-10-14 10:05:43,58.4,4204,58.4,U
sh688777,中控技术,2025-10-14 10:05:46,58.39,10696,58.4,D
sh688777,中控技术,2025-10-14 10:05:49,58.38,9018,58.39,D
sh688777,中控技术,2025-10-14 10:05:52,58.35,19432,58.38,D
sh688777,中控技术,2025-10-14 10:05:55,58.35,43808,58.35,D
sh688777,中控技术,2025-10-14 10:05:58,58.33,24992,58.35,D
sh688777,中控技术,2025-10-14 10:06:01,58.32,8684,58.33,D
sh688777,中控技术,2025-10-14 10:06:04,58.35,25299,58.32,U
sh688777,中控技术,2025-10-14 10:06:07,58.33,22480,58.35,D
sh688777,中控技术,2025-10-14 10:06:13,58.34,3712,58.31,U
sh688777,中控技术,2025-10-14 10:06:19,58.35,4218,58.35,U
sh688777,中控技术,2025-10-14 10:06:28,58.38,5399,58.35,U
sh688777,中控技术,2025-10-14 10:06:31,58.39,16244,58.38,U
sh688777,中控技术,2025-10-14 10:06:43,58.38,7335,58.39,D
sh688777,中控技术,2025-10-14 10:06:46,58.39,6279,58.38,U
sh688777,中控技术,2025-10-14 10:06:49,58.39,14724,58.39,U
sh688777,中控技术,2025-10-14 10:06:52,58.37,3587,58.39,D
sh688777,中控技术,2025-10-14 10:06:55,58.39,4064,58.37,U
sh688777,中控技术,2025-10-14 10:06:58,58.37,5933,58.39,D
sh688777,中控技术,2025-10-14 10:07:01,58.35,4696,58.37,D
sh688777,中控技术,2025-10-14 10:07:04,58.33,9146,58.35,D
sh688777,中控技术,2025-10-14 10:07:07,58.33,3517,58.33,U
sh688777,中控技术,2025-10-14 10:07:13,58.31,9238,58.31,D
sh688777,中控技术,2025-10-14 10:07:16,58.31,4706,58.31,D
sh688777,中控技术,2025-10-14 10:07:19,58.33,14820,58.31,U
sh688777,中控技术,2025-10-14 10:07:22,58.31,9909,58.33,D
sh688777,中控技术,2025-10-14 10:07:25,58.31,10269,58.31,D
sh688777,中控技术,2025-10-14 10:07:28,58.33,3631,58.31,U
sh688777,中控技术,2025-10-14 10:07:31,58.3,11322,58.33,D
sh688777,中控技术,2025-10-14 10:07:34,58.35,13303,58.3,U
sh688777,中控技术,2025-10-14 10:07:37,58.3,11283,58.35,D
sh688777,中控技术,2025-10-14 10:07:43,58.31,46540,58.31,U
sh688777,中控技术,2025-10-14 10:07:46,58.3,4683,58.31,D
sh688777,中控技术,2025-10-14 10:07:52,58.3,27697,58.3,D
sh688777,中控技术,2025-10-14 10:07:55,58.3,20221,58.3,D
sh688777,中控技术,2025-10-14 10:07:58,58.31,6132,58.3,U
sh688777,中控技术,2025-10-14 10:08:10,58.35,10088,58.33,U
sh688777,中控技术,2025-10-14 10:08:13,58.33,4451,58.35,D
sh688777,中控技术,2025-10-14 10:08:19,58.32,6003,58.34,E
sh688777,中控技术,2025-10-14 10:08:22,58.31,18254,58.32,D
sh688777,中控技术,2025-10-14 10:08:25,58.31,4353,58.31,D
sh688777,中控技术,2025-10-14 10:08:28,58.3,37137,58.31,D
sh688777,中控技术,2025-10-14 10:08:31,58.32,10582,58.3,U
sh688777,中控技术,2025-10-14 10:08:34,58.32,15170,58.32,D
sh688777,中控技术,2025-10-14 10:08:40,58.33,4992,58.32,U
sh688777,中控技术,2025-10-14 10:08:49,58.33,7900,58.35,D
sh688777,中控技术,2025-10-14 10:08:55,58.34,3500,58.35,E
sh688777,中控技术,2025-10-14 10:09:04,58.34,14794,58.33,U
sh688777,中控技术,2025-10-14 10:09:10,58.35,4396,58.34,U
sh688777,中控技术,2025-10-14 10:09:13,58.35,4579,58.35,D
sh688777,中控技术,2025-10-14 10:09:19,58.36,49866,58.35,U
sh688777,中控技术,2025-10-14 10:09:22,58.36,5044,58.36,D
sh688777,中控技术,2025-10-14 10:09:25,58.38,12109,58.36,U
sh688777,中控技术,2025-10-14 10:09:31,58.38,7550,58.38,D
sh688777,中控技术,2025-10-14 10:09:58,58.47,4652,58.47,U
sh688777,中控技术,2025-10-14 10:10:01,58.44,10708,58.47,D
sh688777,中控技术,2025-10-14 10:10:04,58.45,4994,58.44,U
sh688777,中控技术,2025-10-14 10:10:13,58.44,6236,58.44,D
sh688777,中控技术,2025-10-14 10:10:16,58.44,5800,58.44,U
sh688777,中控技术,2025-10-14 10:10:19,58.47,16815,58.44,U
sh688777,中控技术,2025-10-14 10:10:22,58.44,11809,58.47,D
sh688777,中控技术,2025-10-14 10:10:31,58.42,8515,58.43,U
sh688777,中控技术,2025-10-14 10:10:37,58.43,7536,58.42,U
sh688777,中控技术,2025-10-14 10:10:40,58.42,13316,58.43,D
sh688777,中控技术,2025-10-14 10:10:43,58.43,6253,58.42,U
sh688777,中控技术,2025-10-14 10:10:49,58.43,13792,58.42,U
sh688777,中控技术,2025-10-14 10:10:55,58.43,7000,58.43,D
sh688777,中控技术,2025-10-14 10:10:58,58.43,31334,58.43,D
sh688777,中控技术,2025-10-14 10:11:01,58.43,9655,58.43,U
sh688777,中控技术,2025-10-14 10:11:04,58.42,40056,58.43,D
sh688777,中控技术,2025-10-14 10:11:07,58.44,7156,58.42,U
sh688777,中控技术,2025-10-14 10:11:13,58.42,6639,58.42,D
sh688777,中控技术,2025-10-14 10:11:16,58.44,16393,58.42,U
sh688777,中控技术,2025-10-14 10:11:19,58.41,18553,58.44,D
sh688777,中控技术,2025-10-14 10:11:22,58.4,8244,58.41,D
sh688777,中控技术,2025-10-14 10:11:25,58.43,5626,58.4,U
sh688777,中控技术,2025-10-14 10:11:31,58.42,8091,58.42,U
sh688777,中控技术,2025-10-14 10:11:34,58.44,4117,58.42,U
sh688777,中控技术,2025-10-14 10:11:40,58.42,3603,58.45,D
sh688777,中控技术,2025-10-14 10:11:46,58.45,3693,58.42,U
sh688777,中控技术,2025-10-14 10:11:49,58.45,11928,58.45,U
sh688777,中控技术,2025-10-14 10:12:07,58.4,4403,58.4,D
sh688777,中控技术,2025-10-14 10:12:10,58.43,6586,58.4,E
sh688777,中控技术,2025-10-14 10:12:16,58.43,4756,58.43,U
sh688777,中控技术,2025-10-14 10:12:28,58.4,4567,58.43,D
sh688777,中控技术,2025-10-14 10:12:31,58.42,4544,58.4,D
sh688777,中控技术,2025-10-14 10:12:34,58.43,4724,58.42,U
sh688777,中控技术,2025-10-14 10:12:43,58.41,4439,58.42,D
sh688777,中控技术,2025-10-14 10:12:49,58.38,22733,58.41,D
sh688777,中控技术,2025-10-14 10:12:52,58.36,4300,58.38,D
sh688777,中控技术,2025-10-14 10:12:55,58.33,7876,58.36,D
sh688777,中控技术,2025-10-14 10:12:58,58.32,17985,58.33,D
sh688777,中控技术,2025-10-14 10:13:01,58.37,46381,58.32,U
sh688777,中控技术,2025-10-14 10:13:04,58.37,13709,58.37,D
sh688777,中控技术,2025-10-14 10:13:07,58.31,20000,58.37,D
sh688777,中控技术,2025-10-14 10:13:10,58.32,24289,58.31,U
sh688777,中控技术,2025-10-14 10:13:13,58.3,5801,58.32,D
sh688777,中控技术,2025-10-14 10:13:16,58.3,10198,58.3,D
sh688777,中控技术,2025-10-14 10:13:19,58.3,24688,58.3,D
sh688777,中控技术,2025-10-14 10:13:22,58.3,23918,58.3,D
sh688777,中控技术,2025-10-14 10:13:25,58.31,22442,58.3,U
sh688777,中控技术,2025-10-14 10:13:28,58.3,35319,58.31,D
sh688777,中控技术,2025-10-14 10:13:31,58.3,10691,58.3,D
sh688777,中控技术,2025-10-14 10:13:34,58.3,4105,58.3,D
sh688777,中控技术,2025-10-14 10:13:37,58.31,4141,58.3,U
sh688777,中控技术,2025-10-14 10:13:40,58.29,16135,58.31,D
sh688777,中控技术,2025-10-14 10:13:43,58.3,9718,58.29,U
sh688777,中控技术,2025-10-14 10:13:46,58.28,33651,58.3,D
sh688777,中控技术,2025-10-14 10:13:49,58.28,17914,58.28,D
sh688777,中控技术,2025-10-14 10:13:58,58.26,13034,58.27,D
sh688777,中控技术,2025-10-14 10:14:01,58.26,9152,58.26,D
sh688777,中控技术,2025-10-14 10:14:04,58.25,9854,58.26,D
sh688777,中控技术,2025-10-14 10:14:07,58.25,10590,58.25,D
sh688777,中控技术,2025-10-14 10:14:10,58.25,21489,58.25,D
sh688777,中控技术,2025-10-14 10:14:13,58.25,3730,58.25,D
sh688777,中控技术,2025-10-14 10:14:16,58.25,20305,58.25,D
sh688777,中控技术,2025-10-14 10:14:19,58.25,5800,58.25,D
sh688777,中控技术,2025-10-14 10:14:25,58.26,26777,58.25,U
sh688777,中控技术,2025-10-14 10:14:28,58.24,6522,58.26,E
sh688777,中控技术,2025-10-14 10:14:34,58.22,3475,58.23,D
sh688777,中控技术,2025-10-14 10:14:37,58.21,7274,58.22,D
sh688777,中控技术,2025-10-14 10:14:40,58.21,4491,58.21,D
sh688777,中控技术,2025-10-14 10:14:43,58.21,7345,58.21,D
sh688777,中控技术,2025-10-14 10:14:46,58.23,4980,58.21,U
sh688777,中控技术,2025-10-14 10:14:49,58.23,3830,58.23,D
sh688777,中控技术,2025-10-14 10:14:52,58.22,3591,58.23,D
sh688777,中控技术,2025-10-14 10:14:55,58.23,6051,58.22,U
sh688777,中控技术,2025-10-14 10:14:58,58.25,16242,58.23,U
sh688777,中控技术,2025-10-14 10:15:04,58.27,4232,58.26,U
sh688777,中控技术,2025-10-14 10:15:07,58.28,18402,58.27,U
sh688777,中控技术,2025-10-14 10:15:10,58.26,3600,58.28,D
sh688777,中控技术,2025-10-14 10:15:13,58.29,10937,58.26,U
sh688777,中控技术,2025-10-14 10:15:16,58.26,25827,58.29,D
sh688777,中控技术,2025-10-14 10:15:19,58.33,6166,58.26,U
sh688777,中控技术,2025-10-14 10:15:28,58.28,6493,58.37,D
sh688777,中控技术,2025-10-14 10:15:34,58.33,12371,58.3,U
sh688777,中控技术,2025-10-14 10:15:43,58.32,5348,58.29,U
sh688777,中控技术,2025-10-14 10:15:46,58.29,10314,58.32,D
sh688777,中控技术,2025-10-14 10:16:01,58.3,14864,58.31,D
sh688777,中控技术,2025-10-14 10:16:10,58.35,5053,58.38,E
sh688777,中控技术,2025-10-14 10:16:22,58.35,4882,58.35,D
sh688777,中控技术,2025-10-14 10:16:31,58.37,4028,58.35,D
sh688777,中控技术,2025-10-14 10:16:37,58.37,3588,58.38,D
sh688777,中控技术,2025-10-14 10:16:40,58.36,3621,58.37,D
sh688777,中控技术,2025-10-14 10:16:43,58.37,4319,58.36,U
sh688777,中控技术,2025-10-14 10:16:46,58.37,4204,58.37,D
sh688777,中控技术,2025-10-14 10:16:52,58.38,5210,58.36,U
sh688777,中控技术,2025-10-14 10:17:01,58.38,4200,58.39,U
sh688777,中控技术,2025-10-14 10:17:16,58.38,3670,58.38,D
sh688777,中控技术,2025-10-14 10:17:19,58.39,4944,58.38,U
sh688777,中控技术,2025-10-14 10:17:25,58.39,5723,58.38,E
sh688777,中控技术,2025-10-14 10:17:34,58.4,4315,58.43,D
sh688777,中控技术,2025-10-14 10:17:40,58.41,5810,58.4,U
sh688777,中控技术,2025-10-14 10:17:46,58.41,7089,58.41,U
sh688777,中控技术,2025-10-14 10:17:52,58.41,4788,58.4,U
sh688777,中控技术,2025-10-14 10:17:55,58.42,7315,58.41,U
sh688777,中控技术,2025-10-14 10:17:58,58.41,3948,58.42,D
sh688777,中控技术,2025-10-14 10:18:07,58.41,10043,58.41,D
sh688777,中控技术,2025-10-14 10:18:13,58.42,5162,58.42,U
sh688777,中控技术,2025-10-14 10:18:16,58.46,3860,58.42,U
sh688777,中控技术,2025-10-14 10:18:25,58.46,3557,58.46,U
sh688777,中控技术,2025-10-14 10:18:28,58.45,9650,58.46,D
sh688777,中控技术,2025-10-14 10:18:34,58.46,6510,58.44,U
sh688777,中控技术,2025-10-14 10:18:43,58.48,6278,58.45,U
sh688777,中控技术,2025-10-14 10:18:46,58.46,5766,58.48,E
sh688777,中控技术,2025-10-14 10:18:49,58.45,5792,58.46,U
sh688777,中控技术,2025-10-14 10:19:04,58.45,9360,58.46,D
sh688777,中控技术,2025-10-14 10:19:16,58.45,8016,58.45,D
sh688777,中控技术,2025-10-14 10:19:19,58.45,3464,58.45,D
sh688777,中控技术,2025-10-14 10:19:25,58.46,4857,58.48,E
sh688777,中控技术,2025-10-14 10:19:28,58.42,5589,58.46,D
sh688777,中控技术,2025-10-14 10:19:34,58.43,6357,58.42,U
sh688777,中控技术,2025-10-14 10:19:37,58.44,4314,58.43,U
sh688777,中控技术,2025-10-14 10:19:40,58.44,3788,58.44,U
sh688777,中控技术,2025-10-14 10:19:46,58.44,6117,58.42,U
sh688777,中控技术,2025-10-14 10:19:49,58.44,7468,58.44,U
sh688777,中控技术,2025-10-14 10:19:52,58.43,3594,58.44,D
sh688777,中控技术,2025-10-14 10:19:55,58.42,6716,58.43,D
sh688777,中控技术,2025-10-14 10:19:58,58.42,7173,58.42,D
sh688777,中控技术,2025-10-14 10:20:01,58.42,6229,58.42,D
sh688777,中控技术,2025-10-14 10:20:04,58.43,4917,58.42,U
sh688777,中控技术,2025-10-14 10:20:07,58.42,10997,58.43,D
sh688777,中控技术,2025-10-14 10:20:10,58.42,6481,58.42,D
sh688777,中控技术,2025-10-14 10:20:13,58.42,4336,58.42,U
sh688777,中控技术,2025-10-14 10:20:16,58.43,5950,58.42,D
sh688777,中控技术,2025-10-14 10:20:25,58.43,12765,58.43,U
sh688777,中控技术,2025-10-14 10:20:28,58.47,9454,58.43,U
sh688777,中控技术,2025-10-14 10:20:31,58.5,5211,58.47,U
sh688777,中控技术,2025-10-14 10:20:40,58.53,3594,58.51,U
sh688777,中控技术,2025-10-14 10:20:46,58.56,4485,58.53,U
sh688777,中控技术,2025-10-14 10:20:52,58.61,4285,58.59,U
sh688777,中控技术,2025-10-14 10:20:55,58.61,5486,58.61,U
sh688777,中控技术,2025-10-14 10:20:58,58.59,14396,58.61,D
sh688777,中控技术,2025-10-14 10:21:01,58.6,11832,58.59,U
sh688777,中控技术,2025-10-14 10:21:16,58.59,7419,58.59,U
sh688777,中控技术,2025-10-14 10:21:22,58.59,5522,58.6,D
sh688777,中控技术,2025-10-14 10:21:25,58.6,7719,58.59,U
sh688777,中控技术,2025-10-14 10:21:31,58.6,4721,58.61,D
sh688777,中控技术,2025-10-14 10:21:34,58.61,8875,58.6,U
sh688777,中控技术,2025-10-14 10:21:37,58.6,4988,58.61,D
sh688777,中控技术,2025-10-14 10:21:43,58.6,3602,58.6,D
sh688777,中控技术,2025-10-14 10:21:46,58.62,3857,58.6,U
sh688777,中控技术,2025-10-14 10:21:49,58.59,8248,58.62,D
sh688777,中控技术,2025-10-14 10:21:58,58.58,4000,58.59,D
sh688777,中控技术,2025-10-14 10:22:01,58.62,4275,58.58,U
sh688777,中控技术,2025-10-14 10:22:04,58.55,8779,58.62,D
sh688777,中控技术,2025-10-14 10:22:10,58.59,11984,58.59,D
sh688777,中控技术,2025-10-14 10:22:13,58.6,4943,58.59,U
sh688777,中控技术,2025-10-14 10:22:16,58.59,5070,58.6,U
sh688777,中控技术,2025-10-14 10:22:28,58.52,3470,58.53,D
sh688777,中控技术,2025-10-14 10:22:34,58.49,7549,58.52,D
sh688777,中控技术,2025-10-14 10:23:04,58.44,11300,58.45,D
sh688777,中控技术,2025-10-14 10:23:16,58.43,5436,58.44,D
sh688777,中控技术,2025-10-14 10:23:19,58.43,7574,58.43,D
sh688777,中控技术,2025-10-14 10:23:34,58.42,8985,58.42,D
sh688777,中控技术,2025-10-14 10:23:37,58.42,3600,58.42,D
sh688777,中控技术,2025-10-14 10:23:43,58.41,18850,58.42,D
sh688777,中控技术,2025-10-14 10:23:52,58.41,18300,58.41,D
sh688777,中控技术,2025-10-14 10:24:01,58.39,8315,58.4,D
sh688777,中控技术,2025-10-14 10:24:13,58.39,3909,58.39,D
sh688777,中控技术,2025-10-14 10:24:22,58.39,4597,58.39,U
sh688777,中控技术,2025-10-14 10:24:25,58.39,18524,58.39,D
sh688777,中控技术,2025-10-14 10:24:34,58.4,3755,58.4,U
sh688777,中控技术,2025-10-14 10:24:43,58.4,3530,58.4,D
sh688777,中控技术,2025-10-14 10:24:46,58.39,5464,58.4,D
sh688777,中控技术,2025-10-14 10:24:49,58.38,5900,58.39,D
sh688777,中控技术,2025-10-14 10:24:52,58.38,9153,58.38,D
sh688777,中控技术,2025-10-14 10:24:55,58.38,9307,58.38,U
sh688777,中控技术,2025-10-14 10:25:01,58.34,31723,58.37,D
sh688777,中控技术,2025-10-14 10:25:04,58.34,4796,58.34,D
sh688777,中控技术,2025-10-14 10:25:13,58.33,8025,58.32,U
sh688777,中控技术,2025-10-14 10:25:16,58.28,12665,58.33,D
sh688777,中控技术,2025-10-14 10:25:28,58.27,12162,58.27,D
sh688777,中控技术,2025-10-14 10:25:43,58.26,11911,58.28,D
sh688777,中控技术,2025-10-14 10:25:49,58.26,3736,58.27,D
sh688777,中控技术,2025-10-14 10:25:52,58.27,5137,58.26,D
sh688777,中控技术,2025-10-14 10:25:55,58.29,8005,58.27,U
sh688777,中控技术,2025-10-14 10:25:58,58.27,4976,58.29,D
sh688777,中控技术,2025-10-14 10:26:01,58.27,4499,58.27,U
sh688777,中控技术,2025-10-14 10:26:07,58.27,5045,58.3,D
sh688777,中控技术,2025-10-14 10:26:10,58.26,7663,58.27,D
sh688777,中控技术,2025-10-14 10:26:22,58.3,4378,58.3,U
sh688777,中控技术,2025-10-14 10:26:25,58.33,10897,58.3,U
sh688777,中控技术,2025-10-14 10:26:55,58.34,6932,58.36,D
sh688777,中控技术,2025-10-14 10:26:58,58.34,3918,58.34,D
sh688777,中控技术,2025-10-14 10:27:01,58.34,9126,58.34,U
sh688777,中控技术,2025-10-14 10:27:07,58.32,7847,58.33,D
sh688777,中控技术,2025-10-14 10:27:10,58.34,32927,58.32,U
sh688777,中控技术,2025-10-14 10:27:19,58.33,7800,58.34,U
sh688777,中控技术,2025-10-14 10:27:46,58.28,10943,58.29,D
sh688777,中控技术,2025-10-14 10:27:49,58.29,4062,58.28,U
sh688777,中控技术,2025-10-14 10:27:52,58.24,17561,58.29,D
sh688777,中控技术,2025-10-14 10:27:55,58.28,7600,58.24,U
sh688777,中控技术,2025-10-14 10:28:16,58.24,4694,58.27,D
sh688777,中控技术,2025-10-14 10:28:22,58.23,12305,58.24,D
sh688777,中控技术,2025-10-14 10:28:25,58.26,11660,58.23,U
sh688777,中控技术,2025-10-14 10:28:28,58.22,14667,58.26,D
sh688777,中控技术,2025-10-14 10:28:37,58.21,11514,58.22,D
sh688777,中控技术,2025-10-14 10:28:40,58.21,22801,58.21,D
sh688777,中控技术,2025-10-14 10:28:43,58.2,5356,58.21,D
sh688777,中控技术,2025-10-14 10:28:46,58.21,11803,58.2,U
sh688777,中控技术,2025-10-14 10:28:49,58.2,7190,58.21,D
sh688777,中控技术,2025-10-14 10:28:52,58.2,19853,58.2,D
sh688777,中控技术,2025-10-14 10:28:55,58.2,26734,58.2,D
sh688777,中控技术,2025-10-14 10:28:58,58.22,7866,58.2,U
sh688777,中控技术,2025-10-14 10:29:01,58.25,10004,58.22,U
sh688777,中控技术,2025-10-14 10:29:07,58.23,3737,58.23,D
sh688777,中控技术,2025-10-14 10:29:19,58.21,4499,58.23,D
sh688777,中控技术,2025-10-14 10:29:22,58.2,5412,58.21,D
sh688777,中控技术,2025-10-14 10:29:34,58.22,10022,58.21,U
sh688777,中控技术,2025-10-14 10:29:40,58.21,4553,58.21,U
sh688777,中控技术,2025-10-14 10:29:43,58.21,8494,58.21,D
sh688777,中控技术,2025-10-14 10:29:46,58.21,5436,58.21,U
sh688777,中控技术,2025-10-14 10:29:49,58.24,6581,58.21,U
sh688777,中控技术,2025-10-14 10:29:58,58.2,14560,58.2,D
sh688777,中控技术,2025-10-14 10:30:01,58.2,6331,58.2,D
sh688777,中控技术,2025-10-14 10:30:07,58.26,8815,58.24,U
sh688777,中控技术,2025-10-14 10:30:16,58.23,5521,58.24,D
sh688777,中控技术,2025-10-14 10:30:19,58.24,5295,58.23,D
sh688777,中控技术,2025-10-14 10:30:31,58.22,5558,58.24,D
sh688777,中控技术,2025-10-14 10:30:34,58.25,12203,58.22,U
sh688777,中控技术,2025-10-14 10:30:37,58.24,3929,58.25,U
sh688777,中控技术,2025-10-14 10:30:40,58.2,14435,58.24,D
sh688777,中控技术,2025-10-14 10:30:43,58.24,13879,58.2,U
sh688777,中控技术,2025-10-14 10:30:46,58.25,6389,58.24,U
sh688777,中控技术,2025-10-14 10:30:52,58.24,3864,58.21,D
sh688777,中控技术,2025-10-14 10:31:01,58.21,3608,58.22,D
sh688777,中控技术,2025-10-14 10:31:04,58.2,36647,58.21,D
sh688777,中控技术,2025-10-14 10:31:07,58.2,8308,58.2,D
sh688777,中控技术,2025-10-14 10:31:10,58.2,3800,58.2,D
sh688777,中控技术,2025-10-14 10:31:13,58.2,4500,58.2,D
sh688777,中控技术,2025-10-14 10:31:16,58.2,15531,58.2,D
sh688777,中控技术,2025-10-14 10:31:19,58.2,6521,58.2,D
sh688777,中控技术,2025-10-14 10:31:22,58.2,4815,58.2,U
sh688777,中控技术,2025-10-14 10:31:25,58.19,9567,58.2,D
sh688777,中控技术,2025-10-14 10:31:28,58.19,4837,58.19,D
sh688777,中控技术,2025-10-14 10:31:34,58.2,9571,58.2,U
sh688777,中控技术,2025-10-14 10:31:40,58.19,5856,58.2,D
sh688777,中控技术,2025-10-14 10:31:43,58.19,3739,58.19,U
sh688777,中控技术,2025-10-14 10:31:46,58.18,29656,58.19,D
sh688777,中控技术,2025-10-14 10:31:49,58.19,8373,58.18,U
sh688777,中控技术,2025-10-14 10:31:52,58.18,3934,58.19,D
sh688777,中控技术,2025-10-14 10:31:55,58.19,8333,58.18,U
sh688777,中控技术,2025-10-14 10:32:01,58.19,6524,58.18,D
sh688777,中控技术,2025-10-14 10:32:13,58.19,9790,58.19,U
sh688777,中控技术,2025-10-14 10:32:19,58.18,9164,58.18,D
sh688777,中控技术,2025-10-14 10:32:22,58.18,10180,58.18,D
sh688777,中控技术,2025-10-14 10:32:25,58.18,6874,58.18,D
sh688777,中控技术,2025-10-14 10:32:28,58.2,5508,58.18,U
sh688777,中控技术,2025-10-14 10:32:34,58.2,5903,58.2,U
sh688777,中控技术,2025-10-14 10:32:40,58.2,11336,58.19,U
sh688777,中控技术,2025-10-14 10:32:46,58.2,46591,58.2,U
sh688777,中控技术,2025-10-14 10:32:49,58.28,3615,58.2,U
sh688777,中控技术,2025-10-14 10:32:58,58.32,8227,58.29,U
sh688777,中控技术,2025-10-14 10:33:01,58.31,6870,58.32,E
sh688777,中控技术,2025-10-14 10:33:07,58.3,5442,58.31,D
sh688777,中控技术,2025-10-14 10:33:10,58.33,6544,58.3,U
sh688777,中控技术,2025-10-14 10:33:16,58.25,5277,58.31,D
sh688777,中控技术,2025-10-14 10:33:19,58.32,11747,58.25,U
sh688777,中控技术,2025-10-14 10:33:22,58.32,3505,58.32,U
sh688777,中控技术,2025-10-14 10:33:25,58.25,4460,58.32,D
sh688777,中控技术,2025-10-14 10:33:34,58.32,6287,58.26,U
sh688777,中控技术,2025-10-14 10:34:04,58.24,7494,58.26,D
sh688777,中控技术,2025-10-14 10:34:07,58.24,3769,58.24,D
sh688777,中控技术,2025-10-14 10:34:10,58.2,42417,58.24,D
sh688777,中控技术,2025-10-14 10:34:19,58.2,6316,58.2,D
sh688777,中控技术,2025-10-14 10:34:22,58.2,8130,58.2,U
sh688777,中控技术,2025-10-14 10:34:25,58.19,14974,58.2,D
sh688777,中控技术,2025-10-14 10:34:28,58.17,10510,58.19,D
sh688777,中控技术,2025-10-14 10:34:31,58.17,7642,58.17,D
sh688777,中控技术,2025-10-14 10:34:34,58.17,14231,58.17,D
sh688777,中控技术,2025-10-14 10:34:37,58.16,25055,58.17,D
sh688777,中控技术,2025-10-14 10:34:40,58.16,4494,58.16,D
sh688777,中控技术,2025-10-14 10:34:43,58.16,13274,58.16,D
sh688777,中控技术,2025-10-14 10:34:49,58.15,3782,58.16,D
sh688777,中控技术,2025-10-14 10:34:52,58.15,7972,58.15,D
sh688777,中控技术,2025-10-14 10:34:55,58.15,64782,58.15,D
sh688777,中控技术,2025-10-14 10:34:58,58.12,34198,58.15,D
sh688777,中控技术,2025-10-14 10:35:01,58.14,15346,58.12,U
sh688777,中控技术,2025-10-14 10:35:04,58.13,9009,58.14,U
sh688777,中控技术,2025-10-14 10:35:07,58.1,18304,58.13,D
sh688777,中控技术,2025-10-14 10:35:10,58.1,11471,58.1,D
sh688777,中控技术,2025-10-14 10:35:13,58.09,34853,58.1,D
sh688777,中控技术,2025-10-14 10:35:19,58.08,10829,58.1,D
sh688777,中控技术,2025-10-14 10:35:22,58.08,39295,58.08,D
sh688777,中控技术,2025-10-14 10:35:25,58.09,30856,58.08,U
sh688777,中控技术,2025-10-14 10:35:28,58.09,8330,58.09,U
sh688777,中控技术,2025-10-14 10:35:31,58.08,4413,58.09,D
sh688777,中控技术,2025-10-14 10:35:37,58.06,8720,58.08,D
sh688777,中控技术,2025-10-14 10:35:40,58.08,9409,58.06,U
sh688777,中控技术,2025-10-14 10:35:43,58.07,56395,58.08,E
sh688777,中控技术,2025-10-14 10:35:46,58.08,13666,58.07,U
sh688777,中控技术,2025-10-14 10:35:49,58.1,6477,58.08,U
sh688777,中控技术,2025-10-14 10:35:52,58.06,20789,58.1,U
sh688777,中控技术,2025-10-14 10:35:55,58.07,4866,58.06,U
sh688777,中控技术,2025-10-14 10:35:58,58.05,13231,58.07,D
sh688777,中控技术,2025-10-14 10:36:01,58.06,4270,58.05,D
sh688777,中控技术,2025-10-14 10:36:04,58.04,4908,58.06,D
sh688777,中控技术,2025-10-14 10:36:07,58.07,13527,58.04,U
sh688777,中控技术,2025-10-14 10:36:10,58.02,9931,58.07,D
sh688777,中控技术,2025-10-14 10:36:13,58.03,24575,58.02,D
sh688777,中控技术,2025-10-14 10:36:16,58.05,6742,58.03,D
sh688777,中控技术,2025-10-14 10:36:19,58.12,14305,58.05,U
sh688777,中控技术,2025-10-14 10:36:22,58.16,8966,58.12,U
sh688777,中控技术,2025-10-14 10:36:25,58.06,11552,58.16,D
sh688777,中控技术,2025-10-14 10:36:28,58.04,19120,58.06,D
sh688777,中控技术,2025-10-14 10:36:37,58.0,103952,58.04,D
sh688777,中控技术,2025-10-14 10:36:40,58.04,113422,58.0,D
sh688777,中控技术,2025-10-14 10:36:43,58.09,96360,58.04,U
sh688777,中控技术,2025-10-14 10:36:46,58.04,75729,58.09,E
sh688777,中控技术,2025-10-14 10:36:49,58.0,14071,58.04,E
sh688777,中控技术,2025-10-14 10:36:52,58.06,33127,58.0,U
sh688777,中控技术,2025-10-14 10:36:55,58.05,31031,58.06,E
sh688777,中控技术,2025-10-14 10:36:58,58.07,19627,58.05,U
sh688777,中控技术,2025-10-14 10:37:01,57.99,9214,58.07,U
sh688777,中控技术,2025-10-14 10:37:04,57.96,7368,57.99,D
sh688777,中控技术,2025-10-14 10:37:07,58.0,8964,57.96,E
sh688777,中控技术,2025-10-14 10:37:10,57.98,6028,58.0,D
sh688777,中控技术,2025-10-14 10:37:13,58.09,3824,57.98,U
sh688777,中控技术,2025-10-14 10:37:16,58.0,7339,58.09,D
sh688777,中控技术,2025-10-14 10:37:19,58.12,8706,58.0,E
sh688777,中控技术,2025-10-14 10:37:22,58.11,6961,58.12,U
sh688777,中控技术,2025-10-14 10:37:25,58.04,15365,58.11,D
sh688777,中控技术,2025-10-14 10:37:28,58.13,7672,58.04,U
sh688777,中控技术,2025-10-14 10:37:31,58.05,6310,58.13,D
sh688777,中控技术,2025-10-14 10:37:37,58.05,30369,58.03,E
sh688777,中控技术,2025-10-14 10:37:40,58.03,4272,58.05,U
sh688777,中控技术,2025-10-14 10:37:43,58.01,11774,58.03,D
sh688777,中控技术,2025-10-14 10:37:46,58.13,5983,58.01,U
sh688777,中控技术,2025-10-14 10:37:49,58.01,9953,58.13,D
sh688777,中控技术,2025-10-14 10:37:52,58.13,10000,58.01,U
sh688777,中控技术,2025-10-14 10:37:55,58.1,5544,58.13,E
sh688777,中控技术,2025-10-14 10:38:01,58.02,9450,58.02,D
sh688777,中控技术,2025-10-14 10:38:04,58.02,4196,58.02,D
sh688777,中控技术,2025-10-14 10:38:07,58.02,8933,58.02,D
sh688777,中控技术,2025-10-14 10:38:13,58.02,3707,58.02,D
sh688777,中控技术,2025-10-14 10:38:16,58.03,5023,58.02,D
sh688777,中控技术,2025-10-14 10:38:19,58.07,13584,58.03,E
sh688777,中控技术,2025-10-14 10:38:22,58.04,8384,58.07,D
sh688777,中控技术,2025-10-14 10:38:34,58.07,3527,58.04,U
sh688777,中控技术,2025-10-14 10:38:37,58.03,3792,58.07,D
sh688777,中控技术,2025-10-14 10:38:43,58.03,17814,58.03,D
sh688777,中控技术,2025-10-14 10:38:46,58.05,4393,58.03,E
sh688777,中控技术,2025-10-14 10:38:49,58.0,35637,58.05,D
sh688777,中控技术,2025-10-14 10:38:52,58.0,17774,58.0,D
sh688777,中控技术,2025-10-14 10:38:58,58.01,5663,58.02,D
sh688777,中控技术,2025-10-14 10:39:01,58.0,8318,58.01,D
sh688777,中控技术,2025-10-14 10:39:04,58.0,27258,58.0,D
sh688777,中控技术,2025-10-14 10:39:07,58.0,13448,58.0,U
sh688777,中控技术,2025-10-14 10:39:10,57.97,15815,58.0,D
sh688777,中控技术,2025-10-14 10:39:16,58.0,11956,58.0,D
sh688777,中控技术,2025-10-14 10:39:19,58.0,6169,58.0,D
sh688777,中控技术,2025-10-14 10:39:25,58.0,13432,58.0,U
sh688777,中控技术,2025-10-14 10:39:28,58.0,12725,58.0,U
sh688777,中控技术,2025-10-14 10:39:31,57.98,5936,58.0,D
sh688777,中控技术,2025-10-14 10:39:34,57.98,22597,57.98,D
sh688777,中控技术,2025-10-14 10:39:37,58.01,20823,57.98,U
sh688777,中控技术,2025-10-14 10:39:40,57.98,16722,58.01,D
sh688777,中控技术,2025-10-14 10:39:43,57.97,10661,57.98,D
sh688777,中控技术,2025-10-14 10:39:49,57.98,5079,57.98,U
sh688777,中控技术,2025-10-14 10:39:52,57.98,21655,57.98,D
sh688777,中控技术,2025-10-14 10:39:55,57.97,15295,57.98,D
sh688777,中控技术,2025-10-14 10:39:58,57.97,6400,57.97,D
sh688777,中控技术,2025-10-14 10:40:01,57.97,16820,57.97,D
sh688777,中控技术,2025-10-14 10:40:04,57.97,29860,57.97,D
sh688777,中控技术,2025-10-14 10:40:07,57.98,14143,57.97,U
sh688777,中控技术,2025-10-14 10:40:10,57.98,6075,57.98,D
sh688777,中控技术,2025-10-14 10:40:13,57.99,31860,57.98,U
sh688777,中控技术,2025-10-14 10:40:16,57.97,12672,57.99,E
sh688777,中控技术,2025-10-14 10:40:19,57.94,12322,57.97,D
sh688777,中控技术,2025-10-14 10:40:22,57.93,8040,57.94,D
sh688777,中控技术,2025-10-14 10:40:25,57.92,5638,57.93,D
sh688777,中控技术,2025-10-14 10:40:31,57.92,15510,57.92,D
sh688777,中控技术,2025-10-14 10:40:34,57.94,6258,57.92,U
sh688777,中控技术,2025-10-14 10:40:37,57.91,26230,57.94,D
sh688777,中控技术,2025-10-14 10:40:43,57.93,8861,57.95,E
sh688777,中控技术,2025-10-14 10:40:46,57.9,24875,57.93,D
sh688777,中控技术,2025-10-14 10:40:49,57.88,24241,57.9,D
sh688777,中控技术,2025-10-14 10:40:55,57.88,38746,57.88,D
sh688777,中控技术,2025-10-14 10:40:58,57.9,9328,57.88,U
sh688777,中控技术,2025-10-14 10:41:01,57.88,10914,57.9,D
sh688777,中控技术,2025-10-14 10:41:04,57.87,12765,57.88,D
sh688777,中控技术,2025-10-14 10:41:07,57.87,11957,57.87,U
sh688777,中控技术,2025-10-14 10:41:10,57.85,5333,57.87,D
sh688777,中控技术,2025-10-14 10:41:13,57.86,4296,57.85,U
sh688777,中控技术,2025-10-14 10:41:16,57.84,24692,57.86,D
sh688777,中控技术,2025-10-14 10:41:19,57.84,12444,57.84,D
sh688777,中控技术,2025-10-14 10:41:22,57.83,4609,57.84,E
sh688777,中控技术,2025-10-14 10:41:25,57.86,9298,57.83,U
sh688777,中控技术,2025-10-14 10:41:28,57.83,5278,57.86,D
sh688777,中控技术,2025-10-14 10:41:31,57.84,31021,57.83,U
sh688777,中控技术,2025-10-14 10:41:34,57.84,17954,57.84,U
sh688777,中控技术,2025-10-14 10:41:37,57.84,12494,57.84,D
sh688777,中控技术,2025-10-14 10:41:40,57.88,21392,57.84,U
sh688777,中控技术,2025-10-14 10:41:43,57.9,16583,57.88,U
sh688777,中控技术,2025-10-14 10:41:46,57.84,13047,57.9,D
sh688777,中控技术,2025-10-14 10:41:49,57.87,7219,57.84,U
sh688777,中控技术,2025-10-14 10:41:52,57.85,5078,57.87,U
sh688777,中控技术,2025-10-14 10:41:58,57.84,8977,57.84,D
sh688777,中控技术,2025-10-14 10:42:01,57.87,6385,57.84,U
sh688777,中控技术,2025-10-14 10:42:07,57.87,4031,57.85,U
sh688777,中控技术,2025-10-14 10:42:13,57.87,4415,57.85,U
sh688777,中控技术,2025-10-14 10:42:16,57.85,12722,57.87,D
sh688777,中控技术,2025-10-14 10:42:19,57.89,6568,57.85,U
sh688777,中控技术,2025-10-14 10:42:22,57.87,4908,57.89,D
sh688777,中控技术,2025-10-14 10:42:28,57.88,5488,57.87,E
sh688777,中控技术,2025-10-14 10:42:34,57.91,3604,57.9,U
sh688777,中控技术,2025-10-14 10:42:37,57.9,4836,57.91,D
sh688777,中控技术,2025-10-14 10:42:43,57.91,7229,57.91,U
sh688777,中控技术,2025-10-14 10:42:49,57.92,11662,57.94,D
sh688777,中控技术,2025-10-14 10:42:52,57.92,4892,57.92,U
sh688777,中控技术,2025-10-14 10:42:55,57.95,32069,57.92,U
sh688777,中控技术,2025-10-14 10:42:58,57.92,5132,57.95,D
sh688777,中控技术,2025-10-14 10:43:01,57.97,58277,57.92,U
sh688777,中控技术,2025-10-14 10:43:04,57.92,13270,57.97,D
sh688777,中控技术,2025-10-14 10:43:07,57.97,10148,57.92,U
sh688777,中控技术,2025-10-14 10:43:10,57.92,14356,57.97,D
sh688777,中控技术,2025-10-14 10:43:13,57.93,20445,57.92,U
sh688777,中控技术,2025-10-14 10:43:16,57.88,12968,57.93,D
sh688777,中控技术,2025-10-14 10:43:19,57.91,4965,57.88,U
sh688777,中控技术,2025-10-14 10:43:22,57.9,8869,57.91,D
sh688777,中控技术,2025-10-14 10:43:25,57.91,6323,57.9,U
sh688777,中控技术,2025-10-14 10:43:28,57.93,5764,57.91,U
sh688777,中控技术,2025-10-14 10:43:37,57.95,6847,57.93,U
sh688777,中控技术,2025-10-14 10:43:40,57.93,9357,57.95,D
sh688777,中控技术,2025-10-14 10:43:43,57.92,5409,57.93,E
sh688777,中控技术,2025-10-14 10:43:46,57.94,22232,57.92,U
sh688777,中控技术,2025-10-14 10:43:49,57.92,9150,57.94,D
sh688777,中控技术,2025-10-14 10:43:55,57.93,11764,57.89,U
sh688777,中控技术,2025-10-14 10:43:58,57.94,5542,57.93,U
sh688777,中控技术,2025-10-14 10:44:01,57.93,4200,57.94,D
sh688777,中控技术,2025-10-14 10:44:04,57.89,15627,57.93,D
sh688777,中控技术,2025-10-14 10:44:10,57.92,12245,57.89,U
sh688777,中控技术,2025-10-14 10:44:22,57.9,26394,57.91,D
sh688777,中控技术,2025-10-14 10:44:28,57.9,13113,57.9,U
sh688777,中控技术,2025-10-14 10:44:34,57.89,9789,57.9,D
sh688777,中控技术,2025-10-14 10:44:40,57.88,8369,57.88,D
sh688777,中控技术,2025-10-14 10:44:43,57.89,16018,57.88,U
sh688777,中控技术,2025-10-14 10:44:46,57.88,7562,57.89,D
sh688777,中控技术,2025-10-14 10:44:49,57.89,4065,57.88,E
sh688777,中控技术,2025-10-14 10:44:55,57.89,4090,57.89,U
sh688777,中控技术,2025-10-14 10:44:58,57.89,15509,57.89,D
sh688777,中控技术,2025-10-14 10:45:01,57.87,23886,57.89,D
sh688777,中控技术,2025-10-14 10:45:04,57.84,45406,57.87,D
sh688777,中控技术,2025-10-14 10:45:07,57.82,4489,57.84,D
sh688777,中控技术,2025-10-14 10:45:10,57.81,38304,57.82,D
sh688777,中控技术,2025-10-14 10:45:13,57.81,11844,57.81,D
sh688777,中控技术,2025-10-14 10:45:16,57.8,23603,57.81,D
sh688777,中控技术,2025-10-14 10:45:19,57.8,23103,57.8,D
sh688777,中控技术,2025-10-14 10:45:22,57.8,30792,57.8,D
sh688777,中控技术,2025-10-14 10:45:25,57.8,26501,57.8,D
sh688777,中控技术,2025-10-14 10:45:28,57.78,45912,57.8,D
sh688777,中控技术,2025-10-14 10:45:31,57.76,57788,57.78,D
sh688777,中控技术,2025-10-14 10:45:34,57.75,19704,57.76,D
sh688777,中控技术,2025-10-14 10:45:37,57.73,26337,57.75,D
sh688777,中控技术,2025-10-14 10:45:40,57.7,22399,57.73,D
sh688777,中控技术,2025-10-14 10:45:43,57.71,18549,57.7,U
sh688777,中控技术,2025-10-14 10:45:46,57.71,23127,57.71,U
sh688777,中控技术,2025-10-14 10:45:49,57.7,22999,57.71,U
sh688777,中控技术,2025-10-14 10:45:52,57.68,30446,57.7,D
sh688777,中控技术,2025-10-14 10:45:55,57.66,10000,57.68,D
sh688777,中控技术,2025-10-14 10:45:58,57.67,9132,57.66,D
sh688777,中控技术,2025-10-14 10:46:01,57.67,3728,57.67,E
sh688777,中控技术,2025-10-14 10:46:04,57.63,26243,57.67,D
sh688777,中控技术,2025-10-14 10:46:07,57.62,35738,57.63,D
sh688777,中控技术,2025-10-14 10:46:10,57.62,24368,57.62,D
sh688777,中控技术,2025-10-14 10:46:13,57.62,105348,57.62,U
sh688777,中控技术,2025-10-14 10:46:16,57.62,23940,57.62,U
sh688777,中控技术,2025-10-14 10:46:19,57.61,10498,57.62,U
sh688777,中控技术,2025-10-14 10:46:22,57.55,12360,57.61,D
sh688777,中控技术,2025-10-14 10:46:25,57.55,21649,57.55,U
sh688777,中控技术,2025-10-14 10:46:28,57.53,7156,57.55,E
sh688777,中控技术,2025-10-14 10:46:31,57.55,24990,57.53,U
sh688777,中控技术,2025-10-14 10:46:34,57.61,26524,57.55,U
sh688777,中控技术,2025-10-14 10:46:37,57.55,7491,57.61,D
sh688777,中控技术,2025-10-14 10:46:43,57.6,11404,57.55,U
sh688777,中控技术,2025-10-14 10:46:46,57.55,14550,57.6,D
sh688777,中控技术,2025-10-14 10:46:49,57.55,20969,57.55,D
sh688777,中控技术,2025-10-14 10:46:52,57.53,26844,57.55,D
sh688777,中控技术,2025-10-14 10:46:55,57.53,22657,57.53,U
sh688777,中控技术,2025-10-14 10:46:58,57.52,12570,57.53,D
sh688777,中控技术,2025-10-14 10:47:01,57.52,25079,57.52,D
sh688777,中控技术,2025-10-14 10:47:04,57.58,10818,57.52,U
sh688777,中控技术,2025-10-14 10:47:07,57.52,18825,57.58,D
sh688777,中控技术,2025-10-14 10:47:10,57.55,10138,57.52,U
sh688777,中控技术,2025-10-14 10:47:13,57.54,6845,57.55,E
sh688777,中控技术,2025-10-14 10:47:16,57.53,7761,57.54,E
sh688777,中控技术,2025-10-14 10:47:19,57.55,24029,57.53,U
sh688777,中控技术,2025-10-14 10:47:22,57.53,23956,57.55,U
sh688777,中控技术,2025-10-14 10:47:25,57.53,43352,57.53,U
sh688777,中控技术,2025-10-14 10:47:28,57.51,15752,57.53,D
sh688777,中控技术,2025-10-14 10:47:31,57.55,3600,57.51,U
sh688777,中控技术,2025-10-14 10:47:34,57.53,20970,57.55,D
sh688777,中控技术,2025-10-14 10:47:40,57.53,52556,57.53,D
sh688777,中控技术,2025-10-14 10:47:43,57.48,11033,57.53,D
sh688777,中控技术,2025-10-14 10:47:46,57.48,23059,57.48,D
sh688777,中控技术,2025-10-14 10:47:49,57.48,3675,57.48,U
sh688777,中控技术,2025-10-14 10:47:52,57.45,11045,57.48,D
sh688777,中控技术,2025-10-14 10:47:55,57.46,11791,57.45,U
sh688777,中控技术,2025-10-14 10:47:58,57.41,3814,57.46,D
sh688777,中控技术,2025-10-14 10:48:01,57.4,4321,57.41,D
sh688777,中控技术,2025-10-14 10:48:04,57.4,9696,57.4,D
sh688777,中控技术,2025-10-14 10:48:07,57.4,9965,57.4,D
sh688777,中控技术,2025-10-14 10:48:10,57.4,26415,57.4,U
sh688777,中控技术,2025-10-14 10:48:13,57.4,8728,57.4,U
sh688777,中控技术,2025-10-14 10:48:16,57.35,5938,57.4,D
sh688777,中控技术,2025-10-14 10:48:19,57.4,20052,57.35,U
sh688777,中控技术,2025-10-14 10:48:22,57.44,17603,57.4,U
sh688777,中控技术,2025-10-14 10:48:25,57.43,35571,57.44,U
sh688777,中控技术,2025-10-14 10:48:28,57.33,4448,57.43,D
sh688777,中控技术,2025-10-14 10:48:31,57.38,5100,57.33,D
sh688777,中控技术,2025-10-14 10:48:34,57.38,7100,57.38,U
sh688777,中控技术,2025-10-14 10:48:37,57.34,8348,57.38,D
sh688777,中控技术,2025-10-14 10:48:40,57.35,21177,57.34,D
sh688777,中控技术,2025-10-14 10:48:43,57.39,6833,57.35,D
sh688777,中控技术,2025-10-14 10:48:46,57.34,6909,57.39,D
sh688777,中控技术,2025-10-14 10:48:49,57.39,13891,57.34,U
sh688777,中控技术,2025-10-14 10:48:52,57.35,4366,57.39,D
sh688777,中控技术,2025-10-14 10:48:55,57.33,8837,57.35,D
sh688777,中控技术,2025-10-14 10:48:58,57.35,5500,57.33,D
sh688777,中控技术,2025-10-14 10:49:01,57.4,19396,57.35,U
sh688777,中控技术,2025-10-14 10:49:04,57.34,17516,57.4,D
sh688777,中控技术,2025-10-14 10:49:07,57.42,24682,57.34,U
sh688777,中控技术,2025-10-14 10:49:10,57.41,4954,57.42,D
sh688777,中控技术,2025-10-14 10:49:13,57.34,9459,57.41,D
sh688777,中控技术,2025-10-14 10:49:19,57.34,9378,57.34,D
sh688777,中控技术,2025-10-14 10:49:25,57.4,5200,57.4,U
sh688777,中控技术,2025-10-14 10:49:28,57.4,12886,57.4,U
sh688777,中控技术,2025-10-14 10:49:31,57.36,6156,57.4,D
sh688777,中控技术,2025-10-14 10:49:37,57.4,7895,57.4,U
sh688777,中控技术,2025-10-14 10:49:43,57.44,9082,57.38,U
sh688777,中控技术,2025-10-14 10:49:46,57.4,5491,57.44,D
sh688777,中控技术,2025-10-14 10:49:49,57.44,23585,57.4,U
sh688777,中控技术,2025-10-14 10:49:55,57.4,7172,57.44,D
sh688777,中控技术,2025-10-14 10:49:58,57.44,24129,57.4,U
sh688777,中控技术,2025-10-14 10:50:01,57.37,41408,57.44,D
sh688777,中控技术,2025-10-14 10:50:04,57.36,8533,57.37,D
sh688777,中控技术,2025-10-14 10:50:07,57.36,20767,57.36,D
sh688777,中控技术,2025-10-14 10:50:10,57.4,19101,57.36,U
sh688777,中控技术,2025-10-14 10:50:13,57.35,17733,57.4,D
sh688777,中控技术,2025-10-14 10:50:16,57.32,55162,57.35,D
sh688777,中控技术,2025-10-14 10:50:19,57.31,42974,57.32,D
sh688777,中控技术,2025-10-14 10:50:22,57.3,13116,57.31,D
sh688777,中控技术,2025-10-14 10:50:25,57.29,5214,57.3,D
sh688777,中控技术,2025-10-14 10:50:28,57.3,10067,57.29,U
sh688777,中控技术,2025-10-14 10:50:31,57.28,7254,57.3,D
sh688777,中控技术,2025-10-14 10:50:34,57.26,13312,57.28,D
sh688777,中控技术,2025-10-14 10:50:37,57.26,24110,57.26,D
sh688777,中控技术,2025-10-14 10:50:40,57.21,39396,57.26,D
sh688777,中控技术,2025-10-14 10:50:46,57.21,38016,57.23,D
sh688777,中控技术,2025-10-14 10:50:49,57.21,7814,57.21,D
sh688777,中控技术,2025-10-14 10:50:52,57.22,20541,57.21,U
sh688777,中控技术,2025-10-14 10:50:55,57.19,20994,57.22,D
sh688777,中控技术,2025-10-14 10:50:58,57.2,9600,57.19,U
sh688777,中控技术,2025-10-14 10:51:01,57.26,67739,57.2,U
sh688777,中控技术,2025-10-14 10:51:04,57.26,19580,57.26,U
sh688777,中控技术,2025-10-14 10:51:10,57.2,26846,57.2,D
sh688777,中控技术,2025-10-14 10:51:13,57.19,31454,57.2,D
sh688777,中控技术,2025-10-14 10:51:16,57.2,49701,57.19,E
sh688777,中控技术,2025-10-14 10:51:22,57.2,8854,57.23,D
sh688777,中控技术,2025-10-14 10:51:25,57.2,8271,57.2,D
sh688777,中控技术,2025-10-14 10:51:28,57.24,20988,57.2,U
sh688777,中控技术,2025-10-14 10:51:31,57.25,15768,57.24,U
sh688777,中控技术,2025-10-14 10:51:34,57.26,16189,57.25,D
sh688777,中控技术,2025-10-14 10:51:37,57.32,67176,57.26,U
sh688777,中控技术,2025-10-14 10:51:40,57.3,8753,57.32,D
sh688777,中控技术,2025-10-14 10:51:43,57.28,17213,57.3,D
sh688777,中控技术,2025-10-14 10:51:46,57.35,21892,57.28,U
sh688777,中控技术,2025-10-14 10:51:49,57.28,26265,57.35,D
sh688777,中控技术,2025-10-14 10:51:52,57.28,4135,57.28,D
sh688777,中控技术,2025-10-14 10:51:55,57.3,14549,57.28,U
sh688777,中控技术,2025-10-14 10:52:01,57.29,14359,57.3,D
sh688777,中控技术,2025-10-14 10:52:04,57.3,14661,57.29,U
sh688777,中控技术,2025-10-14 10:52:07,57.28,19006,57.3,D
sh688777,中控技术,2025-10-14 10:52:10,57.25,8581,57.28,D
sh688777,中控技术,2025-10-14 10:52:13,57.21,9566,57.25,D
sh688777,中控技术,2025-10-14 10:52:16,57.21,40829,57.21,D
sh688777,中控技术,2025-10-14 10:52:19,57.22,22264,57.21,D
sh688777,中控技术,2025-10-14 10:52:22,57.25,4978,57.22,E
sh688777,中控技术,2025-10-14 10:52:25,57.28,12051,57.25,U
sh688777,中控技术,2025-10-14 10:52:28,57.21,4368,57.28,D
sh688777,中控技术,2025-10-14 10:52:34,57.28,31794,57.23,U
sh688777,中控技术,2025-10-14 10:52:37,57.28,15010,57.28,D
sh688777,中控技术,2025-10-14 10:52:43,57.28,9628,57.29,D
sh688777,中控技术,2025-10-14 10:52:46,57.23,6335,57.28,D
sh688777,中控技术,2025-10-14 10:52:49,57.24,4808,57.23,E
sh688777,中控技术,2025-10-14 10:52:52,57.27,6412,57.24,E
sh688777,中控技术,2025-10-14 10:52:55,57.26,3500,57.27,E
sh688777,中控技术,2025-10-14 10:52:58,57.24,8103,57.26,D
sh688777,中控技术,2025-10-14 10:53:04,57.27,9801,57.26,U
sh688777,中控技术,2025-10-14 10:53:10,57.26,9352,57.25,U
sh688777,中控技术,2025-10-14 10:53:13,57.24,13238,57.26,D
sh688777,中控技术,2025-10-14 10:53:16,57.23,18009,57.24,D
sh688777,中控技术,2025-10-14 10:53:19,57.22,15880,57.23,D
sh688777,中控技术,2025-10-14 10:53:22,57.22,11823,57.22,D
sh688777,中控技术,2025-10-14 10:53:25,57.2,39371,57.22,D
sh688777,中控技术,2025-10-14 10:53:28,57.18,86747,57.2,D
sh688777,中控技术,2025-10-14 10:53:31,57.18,20982,57.18,D
sh688777,中控技术,2025-10-14 10:53:34,57.2,17600,57.18,U
sh688777,中控技术,2025-10-14 10:53:37,57.18,10624,57.2,D
sh688777,中控技术,2025-10-14 10:53:40,57.17,8989,57.18,D
sh688777,中控技术,2025-10-14 10:53:43,57.18,4425,57.17,U
sh688777,中控技术,2025-10-14 10:53:46,57.18,5838,57.18,U
sh688777,中控技术,2025-10-14 10:53:49,57.16,7156,57.18,D
sh688777,中控技术,2025-10-14 10:53:52,57.16,10732,57.16,D
sh688777,中控技术,2025-10-14 10:53:55,57.16,14817,57.16,D
sh688777,中控技术,2025-10-14 10:53:58,57.15,4581,57.16,D
sh688777,中控技术,2025-10-14 10:54:01,57.17,12500,57.15,U
sh688777,中控技术,2025-10-14 10:54:04,57.15,5839,57.17,D
sh688777,中控技术,2025-10-14 10:54:10,57.13,4350,57.14,D
sh688777,中控技术,2025-10-14 10:54:13,57.14,12988,57.13,U
sh688777,中控技术,2025-10-14 10:54:16,57.12,5910,57.14,D
sh688777,中控技术,2025-10-14 10:54:22,57.08,36223,57.13,D
sh688777,中控技术,2025-10-14 10:54:25,57.08,22100,57.08,U
sh688777,中控技术,2025-10-14 10:54:28,57.07,29598,57.08,D
sh688777,中控技术,2025-10-14 10:54:31,57.0,281551,57.07,D
sh688777,中控技术,2025-10-14 10:54:34,57.0,6773,57.0,U
sh688777,中控技术,2025-10-14 10:54:37,56.97,4430,57.0,D
sh688777,中控技术,2025-10-14 10:54:40,56.93,33384,56.97,D
sh688777,中控技术,2025-10-14 10:54:43,57.0,53169,56.93,U
sh688777,中控技术,2025-10-14 10:54:46,57.06,66241,57.0,U
sh688777,中控技术,2025-10-14 10:54:52,57.0,60259,56.98,D
sh688777,中控技术,2025-10-14 10:54:55,57.01,5326,57.0,D
sh688777,中控技术,2025-10-14 10:55:01,57.08,37142,57.04,U
sh688777,中控技术,2025-10-14 10:55:04,57.05,5500,57.08,E
sh688777,中控技术,2025-10-14 10:55:07,57.12,24857,57.05,U
sh688777,中控技术,2025-10-14 10:55:19,57.14,5569,57.15,D
sh688777,中控技术,2025-10-14 10:55:22,57.14,3847,57.14,U
sh688777,中控技术,2025-10-14 10:55:25,57.14,4251,57.14,U
sh688777,中控技术,2025-10-14 10:55:28,57.2,12634,57.14,U
sh688777,中控技术,2025-10-14 10:55:31,57.14,4394,57.2,D
sh688777,中控技术,2025-10-14 10:55:40,57.2,6318,57.18,U
sh688777,中控技术,2025-10-14 10:55:43,57.18,6498,57.2,D
sh688777,中控技术,2025-10-14 10:55:46,57.23,4683,57.18,U
sh688777,中控技术,2025-10-14 10:55:52,57.24,7825,57.23,U
sh688777,中控技术,2025-10-14 10:56:01,57.23,4012,57.24,D
sh688777,中控技术,2025-10-14 10:56:04,57.23,7262,57.23,D
sh688777,中控技术,2025-10-14 10:56:07,57.22,4758,57.23,U
sh688777,中控技术,2025-10-14 10:56:10,57.15,16294,57.22,D
sh688777,中控技术,2025-10-14 10:56:13,57.2,5209,57.15,E
sh688777,中控技术,2025-10-14 10:56:34,57.18,5682,57.19,D
sh688777,中控技术,2025-10-14 10:56:37,57.18,13611,57.18,D
sh688777,中控技术,2025-10-14 10:56:40,57.17,12493,57.18,D
sh688777,中控技术,2025-10-14 10:56:43,57.18,6400,57.17,U
sh688777,中控技术,2025-10-14 10:56:52,57.15,3664,57.17,D
sh688777,中控技术,2025-10-14 10:56:55,57.18,8427,57.15,U
sh688777,中控技术,2025-10-14 10:56:58,57.17,14467,57.18,D
sh688777,中控技术,2025-10-14 10:57:04,57.2,6384,57.18,U
sh688777,中控技术,2025-10-14 10:57:07,57.18,5521,57.2,D
sh688777,中控技术,2025-10-14 10:57:10,57.17,7600,57.18,D
sh688777,中控技术,2025-10-14 10:57:19,57.21,8277,57.18,U
sh688777,中控技术,2025-10-14 10:57:22,57.2,10900,57.21,E
sh688777,中控技术,2025-10-14 10:57:25,57.2,5591,57.2,D
sh688777,中控技术,2025-10-14 10:57:28,57.18,5140,57.2,D
sh688777,中控技术,2025-10-14 10:57:31,57.17,8389,57.18,D
sh688777,中控技术,2025-10-14 10:57:34,57.18,7200,57.17,U
sh688777,中控技术,2025-10-14 10:57:40,57.17,10881,57.18,D
sh688777,中控技术,2025-10-14 10:57:43,57.2,5100,57.17,U
sh688777,中控技术,2025-10-14 10:57:49,57.17,9600,57.18,D
sh688777,中控技术,2025-10-14 10:57:52,57.17,12179,57.17,D
sh688777,中控技术,2025-10-14 10:57:55,57.2,3674,57.17,U
sh688777,中控技术,2025-10-14 10:58:01,57.2,4695,57.2,D
sh688777,中控技术,2025-10-14 10:58:04,57.22,4530,57.2,E
sh688777,中控技术,2025-10-14 10:58:10,57.2,4774,57.2,D
sh688777,中控技术,2025-10-14 10:58:13,57.23,6899,57.2,U
sh688777,中控技术,2025-10-14 10:58:16,57.19,16357,57.23,D
sh688777,中控技术,2025-10-14 10:58:19,57.19,8006,57.19,D
sh688777,中控技术,2025-10-14 10:58:22,57.17,13553,57.19,D
sh688777,中控技术,2025-10-14 10:58:31,57.15,8974,57.16,D
sh688777,中控技术,2025-10-14 10:58:34,57.14,7056,57.15,D
sh688777,中控技术,2025-10-14 10:58:37,57.12,6800,57.14,D
sh688777,中控技术,2025-10-14 10:58:40,57.1,9808,57.12,D
sh688777,中控技术,2025-10-14 10:58:49,57.1,16921,57.12,D
sh688777,中控技术,2025-10-14 10:58:55,57.06,7499,57.09,D
sh688777,中控技术,2025-10-14 10:59:07,57.19,69392,57.09,U
sh688777,中控技术,2025-10-14 10:59:19,57.0,11134,57.08,D
sh688777,中控技术,2025-10-14 10:59:22,57.01,16007,57.0,E
sh688777,中控技术,2025-10-14 10:59:25,57.0,7866,57.01,D
sh688777,中控技术,2025-10-14 10:59:31,57.0,7015,57.08,D
sh688777,中控技术,2025-10-14 10:59:34,57.08,4400,57.0,U
sh688777,中控技术,2025-10-14 10:59:43,57.08,14133,57.08,D
sh688777,中控技术,2025-10-14 10:59:46,57.01,14700,57.08,D
sh688777,中控技术,2025-10-14 10:59:49,57.08,15200,57.01,U
sh688777,中控技术,2025-10-14 10:59:58,57.01,9684,57.02,D
sh688777,中控技术,2025-10-14 11:00:04,56.97,86253,57.01,D
sh688777,中控技术,2025-10-14 11:00:07,56.99,9775,56.97,U
sh688777,中控技术,2025-10-14 11:00:10,56.9,38601,56.99,D
sh688777,中控技术,2025-10-14 11:00:13,56.91,7999,56.9,U
sh688777,中控技术,2025-10-14 11:00:16,56.9,11239,56.91,D
sh688777,中控技术,2025-10-14 11:00:19,56.9,5837,56.9,D
sh688777,中控技术,2025-10-14 11:00:22,56.97,71297,56.9,U
sh688777,中控技术,2025-10-14 11:00:25,56.95,6529,56.97,D
sh688777,中控技术,2025-10-14 11:00:31,56.97,5270,56.93,U
sh688777,中控技术,2025-10-14 11:00:37,57.01,81206,56.97,U
sh688777,中控技术,2025-10-14 11:00:40,57.08,7525,57.01,U
sh688777,中控技术,2025-10-14 11:00:46,57.13,4200,57.11,U
sh688777,中控技术,2025-10-14 11:00:52,57.14,3634,57.11,U
sh688777,中控技术,2025-10-14 11:00:58,57.17,7110,57.14,U
sh688777,中控技术,2025-10-14 11:01:04,57.12,27707,57.2,D
sh688777,中控技术,2025-10-14 11:01:16,57.3,41562,57.2,U
sh688777,中控技术,2025-10-14 11:01:19,57.28,10620,57.3,D
sh688777,中控技术,2025-10-14 11:01:28,57.27,23543,57.27,U
sh688777,中控技术,2025-10-14 11:01:40,57.31,11774,57.29,U
sh688777,中控技术,2025-10-14 11:01:43,57.3,5016,57.31,D
sh688777,中控技术,2025-10-14 11:01:52,57.34,11450,57.34,U
sh688777,中控技术,2025-10-14 11:01:55,57.35,7368,57.34,U
sh688777,中控技术,2025-10-14 11:01:58,57.39,12041,57.35,U
sh688777,中控技术,2025-10-14 11:02:01,57.35,13815,57.39,D
sh688777,中控技术,2025-10-14 11:02:04,57.41,6663,57.35,E
sh688777,中控技术,2025-10-14 11:02:10,57.44,7521,57.43,U
sh688777,中控技术,2025-10-14 11:02:13,57.44,5053,57.44,U
sh688777,中控技术,2025-10-14 11:02:16,57.44,5143,57.44,D
sh688777,中控技术,2025-10-14 11:02:19,57.47,18077,57.44,U
sh688777,中控技术,2025-10-14 11:02:22,57.35,24411,57.47,D
sh688777,中控技术,2025-10-14 11:02:34,57.45,4794,57.45,U
sh688777,中控技术,2025-10-14 11:02:40,57.45,7700,57.39,U
sh688777,中控技术,2025-10-14 11:02:58,57.49,10208,57.45,U
sh688777,中控技术,2025-10-14 11:03:01,57.48,9872,57.49,D
sh688777,中控技术,2025-10-14 11:03:13,57.4,8335,57.41,D
sh688777,中控技术,2025-10-14 11:03:22,57.4,30865,57.38,U
sh688777,中控技术,2025-10-14 11:03:28,57.4,4300,57.4,D
sh688777,中控技术,2025-10-14 11:03:40,57.41,4694,57.45,D
sh688777,中控技术,2025-10-14 11:04:25,57.4,18298,57.42,D
sh688777,中控技术,2025-10-14 11:04:34,57.41,4013,57.4,U
sh688777,中控技术,2025-10-14 11:05:01,57.39,3647,57.41,D
sh688777,中控技术,2025-10-14 11:05:04,57.36,11483,57.39,D
sh688777,中控技术,2025-10-14 11:05:13,57.36,19507,57.39,D
sh688777,中控技术,2025-10-14 11:05:16,57.31,18425,57.36,D
sh688777,中控技术,2025-10-14 11:05:19,57.31,3916,57.31,D
sh688777,中控技术,2025-10-14 11:05:22,57.33,14092,57.31,U
sh688777,中控技术,2025-10-14 11:05:28,57.26,5837,57.34,D
sh688777,中控技术,2025-10-14 11:05:34,57.3,11857,57.26,U
sh688777,中控技术,2025-10-14 11:05:40,57.3,5062,57.32,D
sh688777,中控技术,2025-10-14 11:05:52,57.28,4157,57.29,D
sh688777,中控技术,2025-10-14 11:05:55,57.28,8573,57.28,D
sh688777,中控技术,2025-10-14 11:05:58,57.26,3857,57.28,D
sh688777,中控技术,2025-10-14 11:06:01,57.3,7992,57.26,U
sh688777,中控技术,2025-10-14 11:06:07,57.25,4519,57.26,D
sh688777,中控技术,2025-10-14 11:06:10,57.23,3728,57.25,D
sh688777,中控技术,2025-10-14 11:06:13,57.23,5359,57.23,D
sh688777,中控技术,2025-10-14 11:06:16,57.21,11227,57.23,E
sh688777,中控技术,2025-10-14 11:06:25,57.23,7213,57.2,U
sh688777,中控技术,2025-10-14 11:06:28,57.21,4321,57.23,E
sh688777,中控技术,2025-10-14 11:06:31,57.23,4884,57.21,U
sh688777,中控技术,2025-10-14 11:06:37,57.2,6176,57.23,D
sh688777,中控技术,2025-10-14 11:06:49,57.24,4492,57.21,U
sh688777,中控技术,2025-10-14 11:07:04,57.2,5700,57.19,U
sh688777,中控技术,2025-10-14 11:07:07,57.21,4549,57.2,U
sh688777,中控技术,2025-10-14 11:07:19,57.21,3944,57.21,U
sh688777,中控技术,2025-10-14 11:07:22,57.19,13851,57.21,D
sh688777,中控技术,2025-10-14 11:07:25,57.2,8973,57.19,U
sh688777,中控技术,2025-10-14 11:07:28,57.19,14904,57.2,D
sh688777,中控技术,2025-10-14 11:07:31,57.19,6264,57.19,D
sh688777,中控技术,2025-10-14 11:07:40,57.19,26292,57.19,U
sh688777,中控技术,2025-10-14 11:07:43,57.19,10242,57.19,D
sh688777,中控技术,2025-10-14 11:07:58,57.18,3499,57.18,U
sh688777,中控技术,2025-10-14 11:08:01,57.18,9777,57.18,U
sh688777,中控技术,2025-10-14 11:08:04,57.18,6635,57.18,U
sh688777,中控技术,2025-10-14 11:08:07,57.12,4598,57.18,D
sh688777,中控技术,2025-10-14 11:08:16,57.11,12186,57.11,D
sh688777,中控技术,2025-10-14 11:08:19,57.11,3546,57.11,U
sh688777,中控技术,2025-10-14 11:08:22,57.1,4608,57.11,D
sh688777,中控技术,2025-10-14 11:08:34,57.07,3775,57.07,U
sh688777,中控技术,2025-10-14 11:08:40,57.05,4039,57.05,D
sh688777,中控技术,2025-10-14 11:08:46,57.02,4910,57.03,D
sh688777,中控技术,2025-10-14 11:08:49,57.02,7200,57.02,U
sh688777,中控技术,2025-10-14 11:08:52,57.02,4315,57.02,U
sh688777,中控技术,2025-10-14 11:08:55,57.0,8242,57.02,D
sh688777,中控技术,2025-10-14 11:08:58,57.05,31235,57.0,U
sh688777,中控技术,2025-10-14 11:09:01,57.04,4829,57.05,D
sh688777,中控技术,2025-10-14 11:09:04,57.05,4518,57.04,E
sh688777,中控技术,2025-10-14 11:09:07,57.05,14790,57.05,U
sh688777,中控技术,2025-10-14 11:09:16,57.05,3631,57.05,D
sh688777,中控技术,2025-10-14 11:09:19,57.08,4069,57.05,U
sh688777,中控技术,2025-10-14 11:09:25,57.08,8200,57.08,U
sh688777,中控技术,2025-10-14 11:09:28,57.08,5716,57.08,U
sh688777,中控技术,2025-10-14 11:09:31,57.05,4183,57.08,D
sh688777,中控技术,2025-10-14 11:09:34,57.01,10463,57.05,D
sh688777,中控技术,2025-10-14 11:09:37,57.04,12649,57.01,U
sh688777,中控技术,2025-10-14 11:09:46,57.06,5342,57.04,U
sh688777,中控技术,2025-10-14 11:09:52,57.05,4635,57.05,D
sh688777,中控技术,2025-10-14 11:10:01,57.05,10858,57.06,D
sh688777,中控技术,2025-10-14 11:10:07,57.05,6200,57.02,U
sh688777,中控技术,2025-10-14 11:10:10,57.01,10985,57.05,D
sh688777,中控技术,2025-10-14 11:10:16,57.05,3887,57.03,U
sh688777,中控技术,2025-10-14 11:10:19,57.04,19120,57.05,D
sh688777,中控技术,2025-10-14 11:10:22,57.05,3667,57.04,D
sh688777,中控技术,2025-10-14 11:10:28,57.05,5383,57.05,D
sh688777,中控技术,2025-10-14 11:10:31,57.09,4922,57.05,E
sh688777,中控技术,2025-10-14 11:10:46,57.05,4245,57.06,D
sh688777,中控技术,2025-10-14 11:11:01,57.06,4405,57.06,D
sh688777,中控技术,2025-10-14 11:11:07,57.05,4099,57.06,D
sh688777,中控技术,2025-10-14 11:11:13,57.08,10360,57.05,U
sh688777,中控技术,2025-10-14 11:11:16,57.08,4047,57.08,D
sh688777,中控技术,2025-10-14 11:11:22,57.06,22004,57.06,D
sh688777,中控技术,2025-10-14 11:11:31,57.03,10368,57.04,D
sh688777,中控技术,2025-10-14 11:11:40,57.03,17995,57.02,U
sh688777,中控技术,2025-10-14 11:11:43,57.02,53645,57.03,E
sh688777,中控技术,2025-10-14 11:11:49,57.0,30402,57.01,D
sh688777,中控技术,2025-10-14 11:11:52,57.0,4000,57.0,D
sh688777,中控技术,2025-10-14 11:11:55,56.98,10488,57.0,D
sh688777,中控技术,2025-10-14 11:12:04,56.96,5284,56.98,D
sh688777,中控技术,2025-10-14 11:12:07,56.98,3682,56.96,U
sh688777,中控技术,2025-10-14 11:12:13,56.96,3575,56.98,D
sh688777,中控技术,2025-10-14 11:12:16,56.95,3652,56.96,D
sh688777,中控技术,2025-10-14 11:12:28,56.92,3607,56.94,D
sh688777,中控技术,2025-10-14 11:12:34,56.93,5913,56.93,D
sh688777,中控技术,2025-10-14 11:12:37,56.93,11700,56.93,U
sh688777,中控技术,2025-10-14 11:12:43,56.91,10329,56.92,D
sh688777,中控技术,2025-10-14 11:12:46,56.9,14042,56.91,D
sh688777,中控技术,2025-10-14 11:12:49,56.88,4460,56.9,D
sh688777,中控技术,2025-10-14 11:12:52,56.88,4703,56.88,D
sh688777,中控技术,2025-10-14 11:12:55,56.88,31269,56.88,D
sh688777,中控技术,2025-10-14 11:12:58,56.81,4418,56.88,D
sh688777,中控技术,2025-10-14 11:13:01,56.81,13439,56.81,D
sh688777,中控技术,2025-10-14 11:13:04,56.95,83267,56.81,U
sh688777,中控技术,2025-10-14 11:13:07,57.0,53832,56.95,U
sh688777,中控技术,2025-10-14 11:13:10,57.0,7092,57.0,U
sh688777,中控技术,2025-10-14 11:13:13,57.0,7548,57.0,U
sh688777,中控技术,2025-10-14 11:13:16,57.0,31360,57.0,U
sh688777,中控技术,2025-10-14 11:13:19,57.0,4587,57.0,U
sh688777,中控技术,2025-10-14 11:13:25,57.0,11743,57.0,D
sh688777,中控技术,2025-10-14 11:13:28,57.03,4576,57.0,U
sh688777,中控技术,2025-10-14 11:13:31,57.01,7420,57.03,D
sh688777,中控技术,2025-10-14 11:13:43,57.08,11152,57.06,U
sh688777,中控技术,2025-10-14 11:13:55,57.06,7744,57.1,D
sh688777,中控技术,2025-10-14 11:13:58,57.06,19681,57.06,U
sh688777,中控技术,2025-10-14 11:14:25,57.06,4931,57.07,D
sh688777,中控技术,2025-10-14 11:14:31,57.07,3722,57.09,D
sh688777,中控技术,2025-10-14 11:14:46,57.11,12364,57.11,U
sh688777,中控技术,2025-10-14 11:14:58,57.11,11076,57.12,D
sh688777,中控技术,2025-10-14 11:15:01,57.08,14151,57.11,D
sh688777,中控技术,2025-10-14 11:15:07,57.06,8202,57.08,D
sh688777,中控技术,2025-10-14 11:15:19,57.09,7809,57.08,U
sh688777,中控技术,2025-10-14 11:15:25,57.09,8200,57.05,U
sh688777,中控技术,2025-10-14 11:16:01,57.03,3680,57.04,D
sh688777,中控技术,2025-10-14 11:16:04,57.02,14284,57.03,D
sh688777,中控技术,2025-10-14 11:16:07,57.03,3677,57.02,U
sh688777,中控技术,2025-10-14 11:16:16,57.03,6119,57.01,U
sh688777,中控技术,2025-10-14 11:16:19,57.02,3975,57.03,D
sh688777,中控技术,2025-10-14 11:16:22,57.02,3736,57.02,D
sh688777,中控技术,2025-10-14 11:16:25,57.0,17959,57.02,D
sh688777,中控技术,2025-10-14 11:16:34,56.98,9191,56.98,D
sh688777,中控技术,2025-10-14 11:16:52,56.95,21064,56.95,U
sh688777,中控技术,2025-10-14 11:17:04,56.96,5284,56.95,U
sh688777,中控技术,2025-10-14 11:17:16,56.96,3585,56.96,D
sh688777,中控技术,2025-10-14 11:17:19,56.96,5800,56.96,D
sh688777,中控技术,2025-10-14 11:17:22,57.0,14317,56.96,U
sh688777,中控技术,2025-10-14 11:17:31,56.97,4934,57.0,D
sh688777,中控技术,2025-10-14 11:17:34,56.92,24042,56.97,D
sh688777,中控技术,2025-10-14 11:17:46,56.89,8700,56.88,U
sh688777,中控技术,2025-10-14 11:17:55,56.86,4173,56.88,D
sh688777,中控技术,2025-10-14 11:17:58,56.87,4021,56.86,U
sh688777,中控技术,2025-10-14 11:18:01,56.82,9763,56.87,D
sh688777,中控技术,2025-10-14 11:18:07,56.86,15541,56.82,U
sh688777,中控技术,2025-10-14 11:18:10,56.83,5600,56.86,D
sh688777,中控技术,2025-10-14 11:18:19,56.81,5131,56.82,D
sh688777,中控技术,2025-10-14 11:18:22,56.81,7529,56.81,U
sh688777,中控技术,2025-10-14 11:18:25,56.8,23648,56.81,D
sh688777,中控技术,2025-10-14 11:18:28,56.81,5131,56.8,E
sh688777,中控技术,2025-10-14 11:18:31,56.8,10447,56.81,D
sh688777,中控技术,2025-10-14 11:18:34,56.79,41367,56.8,D
sh688777,中控技术,2025-10-14 11:18:37,56.79,5972,56.79,D
sh688777,中控技术,2025-10-14 11:18:40,56.8,10502,56.79,U
sh688777,中控技术,2025-10-14 11:18:43,56.79,7632,56.8,D
sh688777,中控技术,2025-10-14 11:18:46,56.78,9217,56.79,D
sh688777,中控技术,2025-10-14 11:18:49,56.77,5409,56.78,D
sh688777,中控技术,2025-10-14 11:18:55,56.77,8335,56.77,D
sh688777,中控技术,2025-10-14 11:19:01,56.75,4123,56.75,U
sh688777,中控技术,2025-10-14 11:19:04,56.79,17204,56.75,U
sh688777,中控技术,2025-10-14 11:19:07,56.76,29636,56.79,D
sh688777,中控技术,2025-10-14 11:19:13,56.75,9464,56.75,U
sh688777,中控技术,2025-10-14 11:19:16,56.74,7707,56.75,D
sh688777,中控技术,2025-10-14 11:19:19,56.75,6060,56.74,U
sh688777,中控技术,2025-10-14 11:19:22,56.72,10300,56.75,D
sh688777,中控技术,2025-10-14 11:19:25,56.69,23911,56.72,D
sh688777,中控技术,2025-10-14 11:19:28,56.71,10947,56.69,E
sh688777,中控技术,2025-10-14 11:19:31,56.72,7368,56.71,U
sh688777,中控技术,2025-10-14 11:19:34,56.68,10023,56.72,D
sh688777,中控技术,2025-10-14 11:19:37,56.7,7300,56.68,U
sh688777,中控技术,2025-10-14 11:19:40,56.65,15806,56.7,D
sh688777,中控技术,2025-10-14 11:19:46,56.58,24459,56.66,D
sh688777,中控技术,2025-10-14 11:19:49,56.55,21635,56.58,D
sh688777,中控技术,2025-10-14 11:19:52,56.62,18951,56.55,U
sh688777,中控技术,2025-10-14 11:19:55,56.59,15945,56.62,D
sh688777,中控技术,2025-10-14 11:19:58,56.62,8400,56.59,D
sh688777,中控技术,2025-10-14 11:20:01,56.65,6242,56.62,D
sh688777,中控技术,2025-10-14 11:20:04,56.59,5705,56.65,D
sh688777,中控技术,2025-10-14 11:20:07,56.61,11416,56.59,D
sh688777,中控技术,2025-10-14 11:20:10,56.6,12102,56.61,E
sh688777,中控技术,2025-10-14 11:20:13,56.59,4947,56.6,D
sh688777,中控技术,2025-10-14 11:20:16,56.59,16639,56.59,U
sh688777,中控技术,2025-10-14 11:20:19,56.59,13607,56.59,U
sh688777,中控技术,2025-10-14 11:20:22,56.56,6005,56.59,D
sh688777,中控技术,2025-10-14 11:20:25,56.61,7961,56.56,U
sh688777,中控技术,2025-10-14 11:20:31,56.61,13958,56.61,D
sh688777,中控技术,2025-10-14 11:20:34,56.65,12308,56.61,U
sh688777,中控技术,2025-10-14 11:20:37,56.58,8235,56.65,D
sh688777,中控技术,2025-10-14 11:20:40,56.5,85414,56.58,D
sh688777,中控技术,2025-10-14 11:20:43,56.51,83432,56.5,U
sh688777,中控技术,2025-10-14 11:20:46,56.5,5126,56.51,D
sh688777,中控技术,2025-10-14 11:20:49,56.61,10800,56.5,U
sh688777,中控技术,2025-10-14 11:20:52,56.56,7780,56.61,E
sh688777,中控技术,2025-10-14 11:20:55,56.51,7112,56.56,D
sh688777,中控技术,2025-10-14 11:20:58,56.48,16767,56.51,D
sh688777,中控技术,2025-10-14 11:21:07,56.58,45417,56.56,E
sh688777,中控技术,2025-10-14 11:21:16,56.52,4100,56.53,D
sh688777,中控技术,2025-10-14 11:21:19,56.53,15111,56.52,U
sh688777,中控技术,2025-10-14 11:21:22,56.53,5400,56.53,U
sh688777,中控技术,2025-10-14 11:21:25,56.48,5638,56.53,D
sh688777,中控技术,2025-10-14 11:21:31,56.48,34051,56.51,D
sh688777,中控技术,2025-10-14 11:21:34,56.51,4158,56.48,U
sh688777,中控技术,2025-10-14 11:21:40,56.49,9000,56.48,D
sh688777,中控技术,2025-10-14 11:21:46,56.49,27116,56.49,U
sh688777,中控技术,2025-10-14 11:21:52,56.49,4957,56.5,D
sh688777,中控技术,2025-10-14 11:21:55,56.49,6500,56.49,D
sh688777,中控技术,2025-10-14 11:22:01,56.49,7668,56.5,D
sh688777,中控技术,2025-10-14 11:22:04,56.52,14095,56.49,U
sh688777,中控技术,2025-10-14 11:22:10,56.49,19400,56.51,D
sh688777,中控技术,2025-10-14 11:22:16,56.6,7937,56.5,U
sh688777,中控技术,2025-10-14 11:22:22,56.49,10386,56.51,D
sh688777,中控技术,2025-10-14 11:22:28,56.51,8447,56.49,U
sh688777,中控技术,2025-10-14 11:22:31,56.49,18621,56.51,D
sh688777,中控技术,2025-10-14 11:22:34,56.51,5950,56.49,D
sh688777,中控技术,2025-10-14 11:22:58,56.59,5600,56.58,U
sh688777,中控技术,2025-10-14 11:23:01,56.62,19735,56.59,U
sh688777,中控技术,2025-10-14 11:23:04,56.62,12167,56.62,U
sh688777,中控技术,2025-10-14 11:23:10,56.7,6770,56.7,U
sh688777,中控技术,2025-10-14 11:23:16,56.72,3854,56.67,U
sh688777,中控技术,2025-10-14 11:23:25,56.81,11109,56.75,U
sh688777,中控技术,2025-10-14 11:23:28,56.8,5414,56.81,D
sh688777,中控技术,2025-10-14 11:23:31,56.88,4731,56.8,U
sh688777,中控技术,2025-10-14 11:23:37,56.89,3601,56.88,U
sh688777,中控技术,2025-10-14 11:23:40,56.89,6589,56.89,U
sh688777,中控技术,2025-10-14 11:23:43,56.83,6854,56.89,D
sh688777,中控技术,2025-10-14 11:23:46,56.89,5079,56.83,U
sh688777,中控技术,2025-10-14 11:23:49,56.9,5202,56.89,U
sh688777,中控技术,2025-10-14 11:23:52,56.9,7184,56.9,D
sh688777,中控技术,2025-10-14 11:23:58,56.9,3667,56.89,E
sh688777,中控技术,2025-10-14 11:24:10,56.89,4263,56.95,D
sh688777,中控技术,2025-10-14 11:24:13,56.9,5600,56.89,U
sh688777,中控技术,2025-10-14 11:24:16,56.9,6456,56.9,U
sh688777,中控技术,2025-10-14 11:24:22,56.9,3894,56.94,D
sh688777,中控技术,2025-10-14 11:24:34,56.93,10700,56.91,U
sh688777,中控技术,2025-10-14 11:24:43,56.91,7976,56.91,D
sh688777,中控技术,2025-10-14 11:24:52,56.93,9993,56.92,U
sh688777,中控技术,2025-10-14 11:25:01,56.9,13458,56.91,D
sh688777,中控技术,2025-10-14 11:25:07,56.89,8181,56.88,U
sh688777,中控技术,2025-10-14 11:25:10,56.86,5227,56.89,D
sh688777,中控技术,2025-10-14 11:25:31,56.87,5698,56.86,U
sh688777,中控技术,2025-10-14 11:25:34,56.86,6900,56.87,D
sh688777,中控技术,2025-10-14 11:25:40,56.86,3853,56.86,U
sh688777,中控技术,2025-10-14 11:25:49,56.85,16161,56.86,D
sh688777,中控技术,2025-10-14 11:25:58,56.84,3628,56.85,D
sh688777,中控技术,2025-10-14 11:26:01,56.83,4257,56.84,D
sh688777,中控技术,2025-10-14 11:26:04,56.83,5275,56.83,U
sh688777,中控技术,2025-10-14 11:26:19,56.82,5648,56.83,D
sh688777,中控技术,2025-10-14 11:26:22,56.82,10095,56.82,U
sh688777,中控技术,2025-10-14 11:26:25,56.79,6164,56.82,D
sh688777,中控技术,2025-10-14 11:26:28,56.79,8658,56.79,U
sh688777,中控技术,2025-10-14 11:26:40,56.78,9116,56.75,U
sh688777,中控技术,2025-10-14 11:26:43,56.71,10354,56.78,D
sh688777,中控技术,2025-10-14 11:26:52,56.72,5737,56.79,D
sh688777,中控技术,2025-10-14 11:27:01,56.72,3719,56.72,D
sh688777,中控技术,2025-10-14 11:27:07,56.7,4714,56.72,D
sh688777,中控技术,2025-10-14 11:27:10,56.69,7965,56.7,D
sh688777,中控技术,2025-10-14 11:27:16,56.67,13366,56.69,E
sh688777,中控技术,2025-10-14 11:27:22,56.69,11975,56.66,U
sh688777,中控技术,2025-10-14 11:27:25,56.69,5000,56.69,D
sh688777,中控技术,2025-10-14 11:27:28,56.72,7800,56.69,U
sh688777,中控技术,2025-10-14 11:27:31,56.71,6517,56.72,E
sh688777,中控技术,2025-10-14 11:27:43,56.72,5100,56.72,U
sh688777,中控技术,2025-10-14 11:27:46,56.68,13330,56.72,D
sh688777,中控技术,2025-10-14 11:27:55,56.73,9100,56.72,U
sh688777,中控技术,2025-10-14 11:28:07,56.74,8482,56.72,U
sh688777,中控技术,2025-10-14 11:28:13,56.75,3564,56.75,U
sh688777,中控技术,2025-10-14 11:28:19,56.79,4100,56.75,U
sh688777,中控技术,2025-10-14 11:28:28,56.66,26870,56.78,D
sh688777,中控技术,2025-10-14 11:28:40,56.78,3761,56.78,U
sh688777,中控技术,2025-10-14 11:28:43,56.74,102900,56.78,D
sh688777,中控技术,2025-10-14 11:28:58,56.54,106448,56.54,D
sh688777,中控技术,2025-10-14 11:29:01,56.63,21246,56.54,U
sh688777,中控技术,2025-10-14 11:29:04,56.54,4299,56.63,D
sh688777,中控技术,2025-10-14 11:29:07,56.5,6420,56.54,D
sh688777,中控技术,2025-10-14 11:29:10,56.63,3671,56.5,E
sh688777,中控技术,2025-10-14 11:29:16,56.63,5429,56.63,U
sh688777,中控技术,2025-10-14 11:29:25,56.58,6800,56.62,U
sh688777,中控技术,2025-10-14 11:29:28,56.58,3565,56.58,U
sh688777,中控技术,2025-10-14 11:29:31,56.64,19684,56.58,U
sh688777,中控技术,2025-10-14 13:00:01,56.77,5456,56.68,U
sh688777,中控技术,2025-10-14 13:00:04,56.78,12524,56.77,U
sh688777,中控技术,2025-10-14 13:00:07,56.77,32763,56.78,D
sh688777,中控技术,2025-10-14 13:00:10,56.78,14621,56.77,E
sh688777,中控技术,2025-10-14 13:00:13,56.82,14752,56.78,U
sh688777,中控技术,2025-10-14 13:00:16,56.79,5878,56.82,D
sh688777,中控技术,2025-10-14 13:00:19,56.78,11270,56.79,D
sh688777,中控技术,2025-10-14 13:00:22,56.82,5725,56.78,U
sh688777,中控技术,2025-10-14 13:00:25,56.88,6063,56.82,U
sh688777,中控技术,2025-10-14 13:00:28,56.82,9466,56.88,D
sh688777,中控技术,2025-10-14 13:00:31,56.87,8195,56.82,E
sh688777,中控技术,2025-10-14 13:00:34,56.82,23766,56.87,E
sh688777,中控技术,2025-10-14 13:00:40,56.78,3632,56.82,D
sh688777,中控技术,2025-10-14 13:00:46,56.79,18736,56.79,U
sh688777,中控技术,2025-10-14 13:00:49,56.77,7937,56.79,D
sh688777,中控技术,2025-10-14 13:00:52,56.75,20107,56.77,D
sh688777,中控技术,2025-10-14 13:00:58,56.69,9391,56.73,D
sh688777,中控技术,2025-10-14 13:01:01,56.68,6125,56.69,D
sh688777,中控技术,2025-10-14 13:01:07,56.67,7263,56.68,D
sh688777,中控技术,2025-10-14 13:01:10,56.66,19484,56.67,D
sh688777,中控技术,2025-10-14 13:01:16,56.64,4300,56.66,D
sh688777,中控技术,2025-10-14 13:01:25,56.6,8477,56.63,D
sh688777,中控技术,2025-10-14 13:01:43,56.56,15188,56.58,D
sh688777,中控技术,2025-10-14 13:01:46,56.55,3818,56.56,D
sh688777,中控技术,2025-10-14 13:01:52,56.55,7700,56.53,U
sh688777,中控技术,2025-10-14 13:02:04,56.51,7574,56.51,D
sh688777,中控技术,2025-10-14 13:02:07,56.51,11215,56.51,D
sh688777,中控技术,2025-10-14 13:02:10,56.52,10869,56.51,E
sh688777,中控技术,2025-10-14 13:02:19,56.51,5106,56.52,D
sh688777,中控技术,2025-10-14 13:02:22,56.51,12165,56.51,D
sh688777,中控技术,2025-10-14 13:02:28,56.51,5459,56.5,U
sh688777,中控技术,2025-10-14 13:02:34,56.51,10156,56.5,U
sh688777,中控技术,2025-10-14 13:02:37,56.5,12693,56.51,D
sh688777,中控技术,2025-10-14 13:02:43,56.51,23093,56.51,U
sh688777,中控技术,2025-10-14 13:02:46,56.5,9551,56.51,D
sh688777,中控技术,2025-10-14 13:02:49,56.5,7102,56.5,D
sh688777,中控技术,2025-10-14 13:02:52,56.49,4052,56.5,D
sh688777,中控技术,2025-10-14 13:02:58,56.5,17104,56.49,U
sh688777,中控技术,2025-10-14 13:03:07,56.5,5300,56.51,D
sh688777,中控技术,2025-10-14 13:03:13,56.51,4700,56.5,U
sh688777,中控技术,2025-10-14 13:03:19,56.51,4974,56.5,U
sh688777,中控技术,2025-10-14 13:03:22,56.5,6817,56.51,D
sh688777,中控技术,2025-10-14 13:03:25,56.5,8763,56.5,D
sh688777,中控技术,2025-10-14 13:03:28,56.49,15087,56.5,D
sh688777,中控技术,2025-10-14 13:03:52,56.47,4020,56.49,D
sh688777,中控技术,2025-10-14 13:03:55,56.46,27279,56.47,D
sh688777,中控技术,2025-10-14 13:03:58,56.49,4800,56.46,U
sh688777,中控技术,2025-10-14 13:04:04,56.4,14322,56.43,D
sh688777,中控技术,2025-10-14 13:04:07,56.43,3700,56.4,U
sh688777,中控技术,2025-10-14 13:04:10,56.41,8782,56.43,E
sh688777,中控技术,2025-10-14 13:04:13,56.42,3701,56.41,U
sh688777,中控技术,2025-10-14 13:04:16,56.41,12680,56.42,D
sh688777,中控技术,2025-10-14 13:04:19,56.46,14012,56.41,U
sh688777,中控技术,2025-10-14 13:04:22,56.43,10362,56.46,D
sh688777,中控技术,2025-10-14 13:04:25,56.43,5195,56.43,D
sh688777,中控技术,2025-10-14 13:04:31,56.42,7351,56.45,D
sh688777,中控技术,2025-10-14 13:04:37,56.43,8600,56.42,U
sh688777,中控技术,2025-10-14 13:04:43,56.41,7805,56.41,D
sh688777,中控技术,2025-10-14 13:04:46,56.41,8123,56.41,D
sh688777,中控技术,2025-10-14 13:04:49,56.39,6165,56.41,D
sh688777,中控技术,2025-10-14 13:04:52,56.4,5700,56.39,U
sh688777,中控技术,2025-10-14 13:04:55,56.38,4434,56.4,D
sh688777,中控技术,2025-10-14 13:04:58,56.39,13400,56.38,D
sh688777,中控技术,2025-10-14 13:05:07,56.36,8800,56.32,E
sh688777,中控技术,2025-10-14 13:05:10,56.32,6297,56.36,D
sh688777,中控技术,2025-10-14 13:05:13,56.32,4250,56.32,U
sh688777,中控技术,2025-10-14 13:05:16,56.3,25430,56.32,D
sh688777,中控技术,2025-10-14 13:05:19,56.31,15952,56.3,U
sh688777,中控技术,2025-10-14 13:05:22,56.31,19024,56.31,U
sh688777,中控技术,2025-10-14 13:05:25,56.3,16321,56.31,U
sh688777,中控技术,2025-10-14 13:05:28,56.29,4700,56.3,D
sh688777,中控技术,2025-10-14 13:05:37,56.26,5900,56.25,E
sh688777,中控技术,2025-10-14 13:05:43,56.24,7354,56.29,D
sh688777,中控技术,2025-10-14 13:05:46,56.25,3800,56.24,U
sh688777,中控技术,2025-10-14 13:05:49,56.21,10500,56.25,D
sh688777,中控技术,2025-10-14 13:05:55,56.18,31414,56.22,D
sh688777,中控技术,2025-10-14 13:06:01,56.2,9111,56.21,U
sh688777,中控技术,2025-10-14 13:06:04,56.16,9215,56.2,D
sh688777,中控技术,2025-10-14 13:06:07,56.15,22341,56.16,D
sh688777,中控技术,2025-10-14 13:06:10,56.22,22901,56.15,U
sh688777,中控技术,2025-10-14 13:06:13,56.16,22524,56.22,D
sh688777,中控技术,2025-10-14 13:06:16,56.19,12863,56.16,E
sh688777,中控技术,2025-10-14 13:06:25,56.17,7900,56.18,D
sh688777,中控技术,2025-10-14 13:06:31,56.17,7139,56.17,U
sh688777,中控技术,2025-10-14 13:06:34,56.16,6886,56.17,D
sh688777,中控技术,2025-10-14 13:06:37,56.16,14723,56.16,U
sh688777,中控技术,2025-10-14 13:06:40,56.11,28858,56.16,D
sh688777,中控技术,2025-10-14 13:06:43,56.13,9919,56.11,U
sh688777,中控技术,2025-10-14 13:06:46,56.13,8952,56.13,U
sh688777,中控技术,2025-10-14 13:06:52,56.15,3626,56.13,U
sh688777,中控技术,2025-10-14 13:07:01,56.13,12609,56.13,U
sh688777,中控技术,2025-10-14 13:07:04,56.13,9242,56.13,U
sh688777,中控技术,2025-10-14 13:07:07,56.17,10209,56.13,U
sh688777,中控技术,2025-10-14 13:07:10,56.18,24233,56.17,U
sh688777,中控技术,2025-10-14 13:07:13,56.17,13587,56.18,D
sh688777,中控技术,2025-10-14 13:07:16,56.23,4223,56.17,U
sh688777,中控技术,2025-10-14 13:07:22,56.23,4749,56.23,U
sh688777,中控技术,2025-10-14 13:07:31,56.23,13192,56.23,U
sh688777,中控技术,2025-10-14 13:07:34,56.24,3866,56.23,U
sh688777,中控技术,2025-10-14 13:07:37,56.28,25714,56.24,U
sh688777,中控技术,2025-10-14 13:07:40,56.3,8382,56.28,U
sh688777,中控技术,2025-10-14 13:07:46,56.24,6729,56.24,D
sh688777,中控技术,2025-10-14 13:07:58,56.29,10511,56.29,D
sh688777,中控技术,2025-10-14 13:08:01,56.23,31098,56.29,D
sh688777,中控技术,2025-10-14 13:08:04,56.3,5654,56.23,U
sh688777,中控技术,2025-10-14 13:08:13,56.2,25945,56.22,D
sh688777,中控技术,2025-10-14 13:08:19,56.2,13864,56.19,U
sh688777,中控技术,2025-10-14 13:08:25,56.22,18355,56.22,D
sh688777,中控技术,2025-10-14 13:08:31,56.23,7390,56.25,D
sh688777,中控技术,2025-10-14 13:08:34,56.22,5992,56.23,D
sh688777,中控技术,2025-10-14 13:08:40,56.19,15933,56.22,D
sh688777,中控技术,2025-10-14 13:08:43,56.19,8020,56.19,D
sh688777,中控技术,2025-10-14 13:08:46,56.18,12911,56.19,D
sh688777,中控技术,2025-10-14 13:08:49,56.15,17822,56.18,D
sh688777,中控技术,2025-10-14 13:08:52,56.15,12100,56.15,U
sh688777,中控技术,2025-10-14 13:08:55,56.15,12425,56.15,U
sh688777,中控技术,2025-10-14 13:09:01,56.13,42599,56.15,U
sh688777,中控技术,2025-10-14 13:09:13,56.1,7362,56.1,D
sh688777,中控技术,2025-10-14 13:09:16,56.1,4951,56.1,D
sh688777,中控技术,2025-10-14 13:09:22,56.09,4599,56.1,D
sh688777,中控技术,2025-10-14 13:09:25,56.09,6101,56.09,U
sh688777,中控技术,2025-10-14 13:09:28,56.08,7186,56.09,D
sh688777,中控技术,2025-10-14 13:09:34,56.07,13809,56.08,D
sh688777,中控技术,2025-10-14 13:09:37,56.06,27514,56.07,D
sh688777,中控技术,2025-10-14 13:09:40,56.02,19921,56.06,D
sh688777,中控技术,2025-10-14 13:09:43,56.01,10120,56.02,D
sh688777,中控技术,2025-10-14 13:09:46,56.01,18545,56.01,D
sh688777,中控技术,2025-10-14 13:09:49,56.01,24066,56.01,D
sh688777,中控技术,2025-10-14 13:09:52,56.01,15848,56.01,U
sh688777,中控技术,2025-10-14 13:09:55,56.01,10934,56.01,U
sh688777,中控技术,2025-10-14 13:09:58,56.0,20631,56.01,D
sh688777,中控技术,2025-10-14 13:10:01,56.0,25163,56.0,D
sh688777,中控技术,2025-10-14 13:10:04,56.0,5638,56.0,U
sh688777,中控技术,2025-10-14 13:10:07,56.01,19636,56.0,U
sh688777,中控技术,2025-10-14 13:10:10,56.01,5422,56.01,D
sh688777,中控技术,2025-10-14 13:10:13,56.06,6257,56.01,U
sh688777,中控技术,2025-10-14 13:10:16,56.08,10000,56.06,U
sh688777,中控技术,2025-10-14 13:10:22,56.08,10700,56.06,U
sh688777,中控技术,2025-10-14 13:10:25,56.06,5753,56.08,D
sh688777,中控技术,2025-10-14 13:10:31,56.06,8415,56.08,D
sh688777,中控技术,2025-10-14 13:10:37,56.07,11016,56.07,D
sh688777,中控技术,2025-10-14 13:10:43,56.08,29194,56.03,U
sh688777,中控技术,2025-10-14 13:10:46,56.09,8100,56.08,U
sh688777,中控技术,2025-10-14 13:10:49,56.09,12520,56.09,U
sh688777,中控技术,2025-10-14 13:10:52,56.12,15354,56.09,U
sh688777,中控技术,2025-10-14 13:10:58,56.08,30000,56.12,D
sh688777,中控技术,2025-10-14 13:11:04,56.13,14956,56.14,U
sh688777,中控技术,2025-10-14 13:11:16,56.13,6023,56.1,U
sh688777,中控技术,2025-10-14 13:11:19,56.13,7132,56.13,D
sh688777,中控技术,2025-10-14 13:11:22,56.13,5229,56.13,D
sh688777,中控技术,2025-10-14 13:11:34,56.11,22229,56.11,U
sh688777,中控技术,2025-10-14 13:11:37,56.11,11743,56.11,D
sh688777,中控技术,2025-10-14 13:11:43,56.13,13011,56.12,U
sh688777,中控技术,2025-10-14 13:11:52,56.13,3905,56.12,U
sh688777,中控技术,2025-10-14 13:11:55,56.13,3668,56.13,D
sh688777,中控技术,2025-10-14 13:11:58,56.12,8643,56.13,D
sh688777,中控技术,2025-10-14 13:12:01,56.09,34557,56.12,D
sh688777,中控技术,2025-10-14 13:12:04,56.08,3689,56.09,D
sh688777,中控技术,2025-10-14 13:12:07,56.03,25220,56.08,D
sh688777,中控技术,2025-10-14 13:12:22,56.02,13154,56.04,D
sh688777,中控技术,2025-10-14 13:12:25,56.06,5249,56.02,U
sh688777,中控技术,2025-10-14 13:12:28,56.05,10200,56.06,D
sh688777,中控技术,2025-10-14 13:12:34,56.05,4887,56.05,D
sh688777,中控技术,2025-10-14 13:12:37,56.06,6277,56.05,U
sh688777,中控技术,2025-10-14 13:12:40,56.06,15384,56.06,U
sh688777,中控技术,2025-10-14 13:12:52,56.05,5906,56.06,D
sh688777,中控技术,2025-10-14 13:12:55,56.06,4714,56.05,U
sh688777,中控技术,2025-10-14 13:13:01,56.05,5646,56.05,D
sh688777,中控技术,2025-10-14 13:13:07,56.08,12432,56.06,U
sh688777,中控技术,2025-10-14 13:13:10,56.03,16891,56.08,D
sh688777,中控技术,2025-10-14 13:13:19,56.05,6341,56.05,D
sh688777,中控技术,2025-10-14 13:13:22,56.06,5300,56.05,U
sh688777,中控技术,2025-10-14 13:13:34,56.05,12014,56.04,U
sh688777,中控技术,2025-10-14 13:13:37,56.04,12928,56.05,D
sh688777,中控技术,2025-10-14 13:13:40,56.03,8328,56.04,D
sh688777,中控技术,2025-10-14 13:13:43,56.03,25701,56.03,D
sh688777,中控技术,2025-10-14 13:13:46,56.05,13176,56.03,U
sh688777,中控技术,2025-10-14 13:13:58,56.05,16926,56.06,D
sh688777,中控技术,2025-10-14 13:14:07,56.05,3611,56.05,U
sh688777,中控技术,2025-10-14 13:14:43,56.06,10099,56.06,U
sh688777,中控技术,2025-10-14 13:14:46,56.08,13507,56.06,U
sh688777,中控技术,2025-10-14 13:14:49,56.13,12153,56.08,U
sh688777,中控技术,2025-10-14 13:14:55,56.14,5961,56.13,U
sh688777,中控技术,2025-10-14 13:14:58,56.12,10396,56.14,D
sh688777,中控技术,2025-10-14 13:15:01,56.15,28964,56.12,U
sh688777,中控技术,2025-10-14 13:15:04,56.15,8311,56.15,U
sh688777,中控技术,2025-10-14 13:15:07,56.22,5849,56.15,U
sh688777,中控技术,2025-10-14 13:15:10,56.22,8489,56.22,U
sh688777,中控技术,2025-10-14 13:15:19,56.28,11250,56.26,U
sh688777,中控技术,2025-10-14 13:15:22,56.3,5930,56.28,U
sh688777,中控技术,2025-10-14 13:15:28,56.31,16976,56.35,D
sh688777,中控技术,2025-10-14 13:15:31,56.35,5556,56.31,U
sh688777,中控技术,2025-10-14 13:15:37,56.35,5427,56.36,D
sh688777,中控技术,2025-10-14 13:15:52,56.34,13706,56.35,D
sh688777,中控技术,2025-10-14 13:15:55,56.36,5946,56.34,U
sh688777,中控技术,2025-10-14 13:15:58,56.32,4651,56.36,D
sh688777,中控技术,2025-10-14 13:16:01,56.3,28058,56.32,D
sh688777,中控技术,2025-10-14 13:16:07,56.26,3806,56.3,D
sh688777,中控技术,2025-10-14 13:16:10,56.26,6044,56.26,D
sh688777,中控技术,2025-10-14 13:16:16,56.25,5914,56.25,D
sh688777,中控技术,2025-10-14 13:16:22,56.26,12186,56.25,U
sh688777,中控技术,2025-10-14 13:16:25,56.25,8516,56.26,D
sh688777,中控技术,2025-10-14 13:16:28,56.25,6615,56.25,U
sh688777,中控技术,2025-10-14 13:16:34,56.27,8937,56.28,D
sh688777,中控技术,2025-10-14 13:16:46,56.29,11827,56.29,U
sh688777,中控技术,2025-10-14 13:16:52,56.31,8854,56.3,U
sh688777,中控技术,2025-10-14 13:16:55,56.34,7526,56.31,U
sh688777,中控技术,2025-10-14 13:17:04,56.3,5963,56.33,D
sh688777,中控技术,2025-10-14 13:17:13,56.32,13773,56.31,U
sh688777,中控技术,2025-10-14 13:17:43,56.34,4748,56.33,U
sh688777,中控技术,2025-10-14 13:18:01,56.33,8119,56.33,U
sh688777,中控技术,2025-10-14 13:18:07,56.34,4537,56.33,U
sh688777,中控技术,2025-10-14 13:18:16,56.34,8500,56.34,U
sh688777,中控技术,2025-10-14 13:18:19,56.35,44385,56.34,U
sh688777,中控技术,2025-10-14 13:18:22,56.39,9405,56.35,E
sh688777,中控技术,2025-10-14 13:18:37,56.41,14392,56.41,U
sh688777,中控技术,2025-10-14 13:18:40,56.39,13704,56.41,D
sh688777,中控技术,2025-10-14 13:18:55,56.44,3699,56.44,D
sh688777,中控技术,2025-10-14 13:19:01,56.46,5700,56.46,U
sh688777,中控技术,2025-10-14 13:19:07,56.45,8396,56.46,D
sh688777,中控技术,2025-10-14 13:19:10,56.47,7839,56.45,U
sh688777,中控技术,2025-10-14 13:19:19,56.45,12106,56.45,D
sh688777,中控技术,2025-10-14 13:19:22,56.49,8790,56.45,U
sh688777,中控技术,2025-10-14 13:19:25,56.49,7002,56.49,D
sh688777,中控技术,2025-10-14 13:19:37,56.51,5777,56.52,D
sh688777,中控技术,2025-10-14 13:19:49,56.52,3930,56.52,D
sh688777,中控技术,2025-10-14 13:20:01,56.52,8653,56.52,D
sh688777,中控技术,2025-10-14 13:20:04,56.52,4957,56.52,D
sh688777,中控技术,2025-10-14 13:20:07,56.53,8509,56.52,U
sh688777,中控技术,2025-10-14 13:20:25,56.54,9383,56.54,U
sh688777,中控技术,2025-10-14 13:20:31,56.57,3687,56.57,U
sh688777,中控技术,2025-10-14 13:20:40,56.57,9031,56.58,D
sh688777,中控技术,2025-10-14 13:20:58,56.57,12343,56.58,D
sh688777,中控技术,2025-10-14 13:21:10,56.62,4014,56.6,U
sh688777,中控技术,2025-10-14 13:21:13,56.6,3600,56.62,E
sh688777,中控技术,2025-10-14 13:21:16,56.61,5700,56.6,D
sh688777,中控技术,2025-10-14 13:21:19,56.62,37773,56.61,U
sh688777,中控技术,2025-10-14 13:21:22,56.62,7515,56.62,D
sh688777,中控技术,2025-10-14 13:21:31,56.62,9533,56.62,D
sh688777,中控技术,2025-10-14 13:21:34,56.65,3562,56.62,U
sh688777,中控技术,2025-10-14 13:21:43,56.66,4731,56.66,U
sh688777,中控技术,2025-10-14 13:21:52,56.67,9523,56.66,U
sh688777,中控技术,2025-10-14 13:22:01,56.69,9430,56.7,D
sh688777,中控技术,2025-10-14 13:22:07,56.75,8400,56.7,U
sh688777,中控技术,2025-10-14 13:22:10,56.7,4600,56.75,D
sh688777,中控技术,2025-10-14 13:22:25,56.74,4161,56.73,E
sh688777,中控技术,2025-10-14 13:22:31,56.74,8251,56.74,U
sh688777,中控技术,2025-10-14 13:22:37,56.75,5550,56.74,U
sh688777,中控技术,2025-10-14 13:22:46,56.75,11186,56.74,U
sh688777,中控技术,2025-10-14 13:22:55,56.74,8413,56.76,D
sh688777,中控技术,2025-10-14 13:23:01,56.74,6214,56.75,D
sh688777,中控技术,2025-10-14 13:23:04,56.72,5388,56.74,D
sh688777,中控技术,2025-10-14 13:23:10,56.67,11381,56.71,D
sh688777,中控技术,2025-10-14 13:23:19,56.66,4247,56.66,D
sh688777,中控技术,2025-10-14 13:23:28,56.6,3800,56.63,D
sh688777,中控技术,2025-10-14 13:23:34,56.63,4348,56.58,U
sh688777,中控技术,2025-10-14 13:23:40,56.63,12547,56.63,U
sh688777,中控技术,2025-10-14 13:23:43,56.57,14759,56.63,D
sh688777,中控技术,2025-10-14 13:23:49,56.59,5827,56.59,U
sh688777,中控技术,2025-10-14 13:23:58,56.55,22811,56.58,D
sh688777,中控技术,2025-10-14 13:24:04,56.5,31796,56.54,D
sh688777,中控技术,2025-10-14 13:24:16,56.5,3910,56.5,D
sh688777,中控技术,2025-10-14 13:24:19,56.51,7868,56.5,U
sh688777,中控技术,2025-10-14 13:24:22,56.5,5103,56.51,D
sh688777,中控技术,2025-10-14 13:24:28,56.51,7033,56.51,U
sh688777,中控技术,2025-10-14 13:24:31,56.47,53415,56.51,D
sh688777,中控技术,2025-10-14 13:24:34,56.51,30822,56.47,U
sh688777,中控技术,2025-10-14 13:24:43,56.52,9395,56.51,E
sh688777,中控技术,2025-10-14 13:24:52,56.52,10466,56.52,U
sh688777,中控技术,2025-10-14 13:25:07,56.52,3577,56.53,D
sh688777,中控技术,2025-10-14 13:25:34,56.47,5385,56.47,U
sh688777,中控技术,2025-10-14 13:25:40,56.46,11736,56.46,D
sh688777,中控技术,2025-10-14 13:26:01,56.49,5757,56.45,U
sh688777,中控技术,2025-10-14 13:26:04,56.56,9557,56.49,U
sh688777,中控技术,2025-10-14 13:26:40,56.52,8261,56.49,U
sh688777,中控技术,2025-10-14 13:26:58,56.53,9435,56.53,U
sh688777,中控技术,2025-10-14 13:27:04,56.52,4770,56.52,U
sh688777,中控技术,2025-10-14 13:27:07,56.56,13480,56.52,U
