symbol,name,ticktime,price,volume,prev_price,kind
sh688777,中控技术,2025-10-10 09:25:00,57.2,401602,0.0,U
sh688777,中控技术,2025-10-10 09:30:00,57.0,45983,57.2,D
sh688777,中控技术,2025-10-10 09:30:03,57.0,34982,57.0,U
sh688777,中控技术,2025-10-10 09:30:07,57.0,37623,57.0,U
sh688777,中控技术,2025-10-10 09:30:09,57.0,32692,57.0,U
sh688777,中控技术,2025-10-10 09:30:13,57.0,32335,57.0,U
sh688777,中控技术,2025-10-10 09:30:15,57.0,50860,57.0,U
sh688777,中控技术,2025-10-10 09:30:18,56.99,47132,57.0,U
sh688777,中控技术,2025-10-10 09:30:22,57.0,18036,56.99,U
sh688777,中控技术,2025-10-10 09:30:24,57.0,35067,57.0,U
sh688777,中控技术,2025-10-10 09:30:27,56.93,27317,57.0,E
sh688777,中控技术,2025-10-10 09:30:30,56.82,44115,56.93,D
sh688777,中控技术,2025-10-10 09:30:34,57.0,52102,56.82,U
sh688777,中控技术,2025-10-10 09:30:36,56.85,23771,57.0,D
sh688777,中控技术,2025-10-10 09:30:39,56.97,28253,56.85,E
sh688777,中控技术,2025-10-10 09:30:43,56.99,27919,56.97,U
sh688777,中控技术,2025-10-10 09:30:45,56.91,28898,56.99,D
sh688777,中控技术,2025-10-10 09:30:48,56.99,18024,56.91,U
sh688777,中控技术,2025-10-10 09:30:52,57.0,53350,56.99,U
sh688777,中控技术,2025-10-10 09:30:54,57.0,37279,57.0,U
sh688777,中控技术,2025-10-10 09:30:57,56.99,56527,57.0,D
sh688777,中控技术,2025-10-10 09:31:00,57.0,63537,56.99,U
sh688777,中控技术,2025-10-10 09:31:03,57.01,25571,57.0,U
sh688777,中控技术,2025-10-10 09:31:07,57.05,40437,57.01,U
sh688777,中控技术,2025-10-10 09:31:09,57.1,14165,57.05,U
sh688777,中控技术,2025-10-10 09:31:12,57.13,28120,57.1,U
sh688777,中控技术,2025-10-10 09:31:15,57.15,10512,57.13,U
sh688777,中控技术,2025-10-10 09:31:18,57.18,19987,57.15,U
sh688777,中控技术,2025-10-10 09:31:22,57.2,33697,57.18,U
sh688777,中控技术,2025-10-10 09:31:24,57.23,46366,57.2,U
sh688777,中控技术,2025-10-10 09:31:28,57.23,14555,57.23,U
sh688777,中控技术,2025-10-10 09:31:30,57.29,15262,57.23,U
sh688777,中控技术,2025-10-10 09:31:34,57.32,67897,57.29,U
sh688777,中控技术,2025-10-10 09:31:36,57.2,103773,57.32,D
sh688777,中控技术,2025-10-10 09:31:40,57.32,51133,57.2,U
sh688777,中控技术,2025-10-10 09:31:42,57.32,24269,57.32,U
sh688777,中控技术,2025-10-10 09:31:45,57.32,25186,57.32,U
sh688777,中控技术,2025-10-10 09:31:48,57.35,7039,57.32,U
sh688777,中控技术,2025-10-10 09:31:55,57.32,45377,57.36,D
sh688777,中控技术,2025-10-10 09:31:58,57.4,58368,57.32,E
sh688777,中控技术,2025-10-10 09:32:01,57.36,132954,57.4,D
sh688777,中控技术,2025-10-10 09:32:03,57.19,35023,57.36,D
sh688777,中控技术,2025-10-10 09:32:06,57.13,40321,57.19,D
sh688777,中控技术,2025-10-10 09:32:10,57.19,17654,57.13,U
sh688777,中控技术,2025-10-10 09:32:12,57.07,18788,57.19,D
sh688777,中控技术,2025-10-10 09:32:15,57.13,20218,57.07,U
sh688777,中控技术,2025-10-10 09:32:19,57.07,19716,57.13,D
sh688777,中控技术,2025-10-10 09:32:22,57.13,22074,57.07,U
sh688777,中控技术,2025-10-10 09:32:24,57.12,17999,57.13,D
sh688777,中控技术,2025-10-10 09:32:27,57.12,29745,57.12,U
sh688777,中控技术,2025-10-10 09:32:31,57.08,9240,57.12,D
sh688777,中控技术,2025-10-10 09:32:34,57.05,20419,57.08,D
sh688777,中控技术,2025-10-10 09:32:36,57.12,14198,57.05,U
sh688777,中控技术,2025-10-10 09:32:39,57.0,23356,57.12,D
sh688777,中控技术,2025-10-10 09:32:43,57.03,20883,57.0,D
sh688777,中控技术,2025-10-10 09:32:45,57.0,28105,57.03,D
sh688777,中控技术,2025-10-10 09:32:48,56.99,13588,57.0,D
sh688777,中控技术,2025-10-10 09:32:52,56.96,8877,56.99,D
sh688777,中控技术,2025-10-10 09:32:55,56.9,39847,56.96,D
sh688777,中控技术,2025-10-10 09:32:58,56.9,4967,56.9,U
sh688777,中控技术,2025-10-10 09:33:00,56.78,8933,56.9,D
sh688777,中控技术,2025-10-10 09:33:04,56.8,10912,56.78,U
sh688777,中控技术,2025-10-10 09:33:06,56.87,19316,56.8,U
sh688777,中控技术,2025-10-10 09:33:09,56.82,25914,56.87,E
sh688777,中控技术,2025-10-10 09:33:12,56.8,20792,56.82,D
sh688777,中控技术,2025-10-10 09:33:16,56.8,50086,56.8,U
sh688777,中控技术,2025-10-10 09:33:18,56.87,22757,56.8,U
sh688777,中控技术,2025-10-10 09:33:22,56.81,12706,56.87,D
sh688777,中控技术,2025-10-10 09:33:25,56.87,32984,56.81,U
sh688777,中控技术,2025-10-10 09:33:28,56.87,46343,56.87,U
sh688777,中控技术,2025-10-10 09:33:31,56.88,28227,56.87,U
sh688777,中控技术,2025-10-10 09:33:34,56.91,32450,56.88,U
sh688777,中控技术,2025-10-10 09:33:37,56.98,7345,56.91,E
sh688777,中控技术,2025-10-10 09:33:40,56.88,18732,56.98,D
sh688777,中控技术,2025-10-10 09:33:43,56.89,13071,56.88,E
sh688777,中控技术,2025-10-10 09:33:45,56.84,46510,56.89,D
sh688777,中控技术,2025-10-10 09:33:48,56.84,14153,56.84,U
sh688777,中控技术,2025-10-10 09:33:51,56.85,10865,56.84,U
sh688777,中控技术,2025-10-10 09:33:54,56.91,14985,56.85,U
sh688777,中控技术,2025-10-10 09:33:58,56.91,6093,56.91,D
sh688777,中控技术,2025-10-10 09:34:01,56.91,24052,56.91,D
sh688777,中控技术,2025-10-10 09:34:03,56.91,7687,56.91,U
sh688777,中控技术,2025-10-10 09:34:06,56.9,10289,56.91,D
sh688777,中控技术,2025-10-10 09:34:10,56.91,20029,56.9,U
sh688777,中控技术,2025-10-10 09:34:13,56.92,16079,56.91,U
sh688777,中控技术,2025-10-10 09:34:16,56.92,6556,56.92,E
sh688777,中控技术,2025-10-10 09:34:19,56.94,26273,56.92,U
sh688777,中控技术,2025-10-10 09:34:22,56.95,11118,56.94,E
sh688777,中控技术,2025-10-10 09:34:25,56.99,10452,56.95,U
sh688777,中控技术,2025-10-10 09:34:27,57.0,9666,56.99,U
sh688777,中控技术,2025-10-10 09:34:34,56.97,45626,57.0,D
sh688777,中控技术,2025-10-10 09:34:40,56.89,36845,56.96,D
sh688777,中控技术,2025-10-10 09:34:43,56.93,49011,56.89,U
sh688777,中控技术,2025-10-10 09:34:46,56.88,8817,56.93,D
sh688777,中控技术,2025-10-10 09:34:48,56.88,7081,56.88,D
sh688777,中控技术,2025-10-10 09:34:52,56.89,6331,56.88,U
sh688777,中控技术,2025-10-10 09:34:55,56.9,9944,56.89,U
sh688777,中控技术,2025-10-10 09:34:58,56.89,7836,56.9,D
sh688777,中控技术,2025-10-10 09:35:01,56.85,37259,56.89,D
sh688777,中控技术,2025-10-10 09:35:03,56.77,211282,56.85,D
sh688777,中控技术,2025-10-10 09:35:07,56.63,82051,56.77,D
sh688777,中控技术,2025-10-10 09:35:09,56.6,8094,56.63,D
sh688777,中控技术,2025-10-10 09:35:13,56.61,37434,56.6,U
sh688777,中控技术,2025-10-10 09:35:15,56.55,28039,56.61,D
sh688777,中控技术,2025-10-10 09:35:19,56.51,35743,56.55,D
sh688777,中控技术,2025-10-10 09:35:22,56.51,27679,56.51,D
sh688777,中控技术,2025-10-10 09:35:24,56.52,56929,56.51,U
sh688777,中控技术,2025-10-10 09:35:28,56.63,33129,56.52,U
sh688777,中控技术,2025-10-10 09:35:31,56.6,13244,56.63,D
sh688777,中控技术,2025-10-10 09:35:33,56.64,11907,56.6,U
sh688777,中控技术,2025-10-10 09:35:36,56.6,22866,56.64,D
sh688777,中控技术,2025-10-10 09:35:39,56.61,12505,56.6,U
sh688777,中控技术,2025-10-10 09:35:42,56.63,32019,56.61,E
sh688777,中控技术,2025-10-10 09:35:46,56.61,8072,56.63,D
sh688777,中控技术,2025-10-10 09:35:48,56.6,24407,56.61,D
sh688777,中控技术,2025-10-10 09:35:51,56.59,29050,56.6,D
sh688777,中控技术,2025-10-10 09:35:54,56.58,16361,56.59,D
sh688777,中控技术,2025-10-10 09:35:58,56.59,15436,56.58,E
sh688777,中控技术,2025-10-10 09:36:01,56.57,14003,56.59,D
sh688777,中控技术,2025-10-10 09:36:04,56.57,14765,56.57,D
sh688777,中控技术,2025-10-10 09:36:06,56.56,16145,56.57,D
sh688777,中控技术,2025-10-10 09:36:09,56.51,53429,56.56,D
sh688777,中控技术,2025-10-10 09:36:12,56.51,34102,56.51,U
sh688777,中控技术,2025-10-10 09:36:15,56.55,33947,56.51,U
sh688777,中控技术,2025-10-10 09:36:19,56.53,32427,56.55,E
sh688777,中控技术,2025-10-10 09:36:22,56.51,40767,56.53,D
sh688777,中控技术,2025-10-10 09:36:25,56.52,17299,56.51,E
sh688777,中控技术,2025-10-10 09:36:27,56.52,8883,56.52,D
sh688777,中控技术,2025-10-10 09:36:30,56.52,17475,56.52,D
sh688777,中控技术,2025-10-10 09:36:34,56.53,21490,56.52,U
sh688777,中控技术,2025-10-10 09:36:37,56.52,10669,56.53,D
sh688777,中控技术,2025-10-10 09:36:40,56.53,6461,56.52,E
sh688777,中控技术,2025-10-10 09:36:43,56.58,16660,56.53,U
sh688777,中控技术,2025-10-10 09:36:45,56.59,5671,56.58,U
sh688777,中控技术,2025-10-10 09:36:49,56.59,5708,56.59,D
sh688777,中控技术,2025-10-10 09:36:52,56.6,11970,56.59,E
sh688777,中控技术,2025-10-10 09:36:55,56.59,6451,56.6,D
sh688777,中控技术,2025-10-10 09:36:57,56.59,4257,56.59,D
sh688777,中控技术,2025-10-10 09:37:01,56.61,32726,56.59,U
sh688777,中控技术,2025-10-10 09:37:03,56.65,13391,56.61,E
sh688777,中控技术,2025-10-10 09:37:07,56.66,6987,56.65,E
sh688777,中控技术,2025-10-10 09:37:13,56.65,8094,56.7,D
sh688777,中控技术,2025-10-10 09:37:16,56.65,23407,56.65,D
sh688777,中控技术,2025-10-10 09:37:18,56.66,21083,56.65,U
sh688777,中控技术,2025-10-10 09:37:21,56.66,6603,56.66,U
sh688777,中控技术,2025-10-10 09:37:25,56.67,12154,56.66,U
sh688777,中控技术,2025-10-10 09:37:28,56.65,14739,56.67,D
sh688777,中控技术,2025-10-10 09:37:31,56.65,7008,56.65,D
sh688777,中控技术,2025-10-10 09:37:33,56.65,12729,56.65,D
sh688777,中控技术,2025-10-10 09:37:37,56.67,15335,56.65,U
sh688777,中控技术,2025-10-10 09:37:40,56.65,9180,56.67,U
sh688777,中控技术,2025-10-10 09:37:43,56.63,24154,56.65,D
sh688777,中控技术,2025-10-10 09:37:46,56.65,12918,56.63,U
sh688777,中控技术,2025-10-10 09:37:48,56.65,6832,56.65,U
sh688777,中控技术,2025-10-10 09:37:52,56.65,8558,56.65,U
sh688777,中控技术,2025-10-10 09:37:54,56.65,4553,56.65,U
sh688777,中控技术,2025-10-10 09:37:58,56.65,18258,56.65,U
sh688777,中控技术,2025-10-10 09:38:01,56.65,8503,56.65,D
sh688777,中控技术,2025-10-10 09:38:06,56.65,14688,56.69,D
sh688777,中控技术,2025-10-10 09:38:10,56.67,4849,56.65,D
sh688777,中控技术,2025-10-10 09:38:13,56.69,10537,56.67,D
sh688777,中控技术,2025-10-10 09:38:16,56.61,29305,56.69,D
sh688777,中控技术,2025-10-10 09:38:19,56.52,75556,56.61,D
sh688777,中控技术,2025-10-10 09:38:22,56.51,22925,56.52,D
sh688777,中控技术,2025-10-10 09:38:25,56.44,96898,56.51,D
sh688777,中控技术,2025-10-10 09:38:28,56.4,63882,56.44,D
sh688777,中控技术,2025-10-10 09:38:31,56.31,8067,56.4,D
sh688777,中控技术,2025-10-10 09:38:33,56.25,11000,56.31,D
sh688777,中控技术,2025-10-10 09:38:37,56.31,31795,56.25,U
sh688777,中控技术,2025-10-10 09:38:40,56.31,62788,56.31,D
sh688777,中控技术,2025-10-10 09:38:42,56.24,46135,56.31,D
sh688777,中控技术,2025-10-10 09:38:46,56.3,43530,56.24,U
sh688777,中控技术,2025-10-10 09:38:48,56.25,29653,56.3,D
sh688777,中控技术,2025-10-10 09:38:51,56.18,8386,56.25,D
sh688777,中控技术,2025-10-10 09:38:54,56.18,22198,56.18,D
sh688777,中控技术,2025-10-10 09:38:57,56.1,41298,56.18,D
sh688777,中控技术,2025-10-10 09:39:00,56.09,45523,56.1,E
sh688777,中控技术,2025-10-10 09:39:04,56.03,45845,56.09,D
sh688777,中控技术,2025-10-10 09:39:06,56.01,28279,56.03,D
sh688777,中控技术,2025-10-10 09:39:09,56.01,76420,56.01,D
sh688777,中控技术,2025-10-10 09:39:12,55.99,74704,56.01,D
sh688777,中控技术,2025-10-10 09:39:15,55.98,13363,55.99,D
sh688777,中控技术,2025-10-10 09:39:18,55.98,17129,55.98,U
sh688777,中控技术,2025-10-10 09:39:21,55.98,194421,55.98,U
sh688777,中控技术,2025-10-10 09:39:25,56.01,63029,55.98,E
sh688777,中控技术,2025-10-10 09:39:28,56.0,19107,56.01,D
sh688777,中控技术,2025-10-10 09:39:30,56.07,17482,56.0,U
sh688777,中控技术,2025-10-10 09:39:34,56.04,10221,56.07,D
sh688777,中控技术,2025-10-10 09:39:37,56.07,74450,56.04,U
sh688777,中控技术,2025-10-10 09:39:39,56.07,27764,56.07,U
sh688777,中控技术,2025-10-10 09:39:42,56.03,37373,56.07,E
sh688777,中控技术,2025-10-10 09:39:46,56.05,13480,56.03,U
sh688777,中控技术,2025-10-10 09:39:49,56.06,16993,56.05,U
sh688777,中控技术,2025-10-10 09:39:52,56.01,16108,56.06,D
sh688777,中控技术,2025-10-10 09:39:55,56.06,8374,56.01,U
sh688777,中控技术,2025-10-10 09:39:58,56.07,9286,56.06,U
sh688777,中控技术,2025-10-10 09:40:01,56.03,9391,56.07,D
sh688777,中控技术,2025-10-10 09:40:03,56.03,30182,56.03,D
sh688777,中控技术,2025-10-10 09:40:07,56.05,25089,56.03,U
sh688777,中控技术,2025-10-10 09:40:09,56.02,36696,56.05,D
sh688777,中控技术,2025-10-10 09:40:12,55.96,129162,56.02,D
sh688777,中控技术,2025-10-10 09:40:16,55.92,52239,55.96,D
sh688777,中控技术,2025-10-10 09:40:19,55.91,15428,55.92,D
sh688777,中控技术,2025-10-10 09:40:22,55.88,4806,55.91,D
sh688777,中控技术,2025-10-10 09:40:25,55.88,15799,55.88,U
sh688777,中控技术,2025-10-10 09:40:28,55.88,22294,55.88,U
sh688777,中控技术,2025-10-10 09:40:30,55.94,19075,55.88,U
sh688777,中控技术,2025-10-10 09:40:34,55.91,12541,55.94,E
sh688777,中控技术,2025-10-10 09:40:37,55.9,9475,55.91,E
sh688777,中控技术,2025-10-10 09:40:40,55.89,15400,55.9,D
sh688777,中控技术,2025-10-10 09:40:43,55.86,35488,55.89,D
sh688777,中控技术,2025-10-10 09:40:46,55.88,24711,55.86,U
sh688777,中控技术,2025-10-10 09:40:48,55.85,12003,55.88,D
sh688777,中控技术,2025-10-10 09:40:52,55.87,43596,55.85,U
sh688777,中控技术,2025-10-10 09:40:55,55.89,18387,55.87,U
sh688777,中控技术,2025-10-10 09:40:57,55.89,18355,55.89,D
sh688777,中控技术,2025-10-10 09:41:01,55.89,33676,55.89,U
sh688777,中控技术,2025-10-10 09:41:03,55.88,10469,55.89,D
sh688777,中控技术,2025-10-10 09:41:07,55.89,9800,55.88,U
sh688777,中控技术,2025-10-10 09:41:09,55.88,10749,55.89,U
sh688777,中控技术,2025-10-10 09:41:13,55.88,16164,55.88,D
sh688777,中控技术,2025-10-10 09:41:15,55.85,21315,55.88,D
sh688777,中控技术,2025-10-10 09:41:19,55.8,47017,55.85,D
sh688777,中控技术,2025-10-10 09:41:21,55.82,37490,55.8,U
sh688777,中控技术,2025-10-10 09:41:24,55.85,12032,55.82,U
sh688777,中控技术,2025-10-10 09:41:28,55.83,27604,55.85,E
sh688777,中控技术,2025-10-10 09:41:31,55.78,25011,55.83,D
sh688777,中控技术,2025-10-10 09:41:34,55.8,17309,55.78,U
sh688777,中控技术,2025-10-10 09:41:37,55.81,14033,55.8,U
sh688777,中控技术,2025-10-10 09:41:39,55.8,8655,55.81,D
sh688777,中控技术,2025-10-10 09:41:42,55.82,17864,55.8,U
sh688777,中控技术,2025-10-10 09:41:46,55.85,30659,55.82,U
sh688777,中控技术,2025-10-10 09:41:49,55.81,9179,55.85,D
sh688777,中控技术,2025-10-10 09:41:52,55.87,13214,55.81,U
sh688777,中控技术,2025-10-10 09:41:54,55.9,35673,55.87,U
sh688777,中控技术,2025-10-10 09:42:01,55.87,16167,55.87,D
sh688777,中控技术,2025-10-10 09:42:04,55.93,12583,55.87,U
sh688777,中控技术,2025-10-10 09:42:07,55.91,13275,55.93,E
sh688777,中控技术,2025-10-10 09:42:10,55.92,8765,55.91,E
sh688777,中控技术,2025-10-10 09:42:13,55.93,9455,55.92,U
sh688777,中控技术,2025-10-10 09:42:16,55.89,16045,55.93,D
sh688777,中控技术,2025-10-10 09:42:18,55.91,52572,55.89,U
sh688777,中控技术,2025-10-10 09:42:22,55.91,21920,55.91,U
sh688777,中控技术,2025-10-10 09:42:24,55.91,10742,55.91,U
sh688777,中控技术,2025-10-10 09:42:28,55.92,10399,55.91,U
sh688777,中控技术,2025-10-10 09:42:31,55.94,10491,55.92,U
sh688777,中控技术,2025-10-10 09:42:34,55.93,10458,55.94,D
sh688777,中控技术,2025-10-10 09:42:37,55.94,12334,55.93,U
sh688777,中控技术,2025-10-10 09:42:40,55.95,7639,55.94,U
sh688777,中控技术,2025-10-10 09:42:42,55.92,5835,55.95,D
sh688777,中控技术,2025-10-10 09:42:45,55.93,23662,55.92,U
sh688777,中控技术,2025-10-10 09:42:49,55.92,15377,55.93,D
sh688777,中控技术,2025-10-10 09:42:52,55.96,9257,55.92,U
sh688777,中控技术,2025-10-10 09:42:55,55.96,4152,55.96,D
sh688777,中控技术,2025-10-10 09:42:58,56.0,14414,55.96,U
sh688777,中控技术,2025-10-10 09:43:01,55.96,7352,56.0,E
sh688777,中控技术,2025-10-10 09:43:04,55.96,14534,55.96,U
sh688777,中控技术,2025-10-10 09:43:06,55.98,17498,55.96,U
sh688777,中控技术,2025-10-10 09:43:09,56.0,9465,55.98,U
sh688777,中控技术,2025-10-10 09:43:13,56.0,37739,56.0,U
sh688777,中控技术,2025-10-10 09:43:21,56.04,4128,56.04,D
sh688777,中控技术,2025-10-10 09:43:25,56.04,14296,56.04,D
sh688777,中控技术,2025-10-10 09:43:28,56.05,9497,56.04,U
sh688777,中控技术,2025-10-10 09:43:31,55.97,39613,56.05,D
sh688777,中控技术,2025-10-10 09:43:34,55.95,17808,55.97,D
sh688777,中控技术,2025-10-10 09:43:37,55.93,5418,55.95,D
sh688777,中控技术,2025-10-10 09:43:40,55.9,78556,55.93,D
sh688777,中控技术,2025-10-10 09:43:42,55.98,14998,55.9,U
sh688777,中控技术,2025-10-10 09:43:45,55.89,13396,55.98,D
sh688777,中控技术,2025-10-10 09:43:49,55.87,31737,55.89,D
sh688777,中控技术,2025-10-10 09:43:52,55.87,5932,55.87,D
sh688777,中控技术,2025-10-10 09:43:55,55.86,16631,55.87,D
sh688777,中控技术,2025-10-10 09:43:57,55.95,18049,55.86,U
sh688777,中控技术,2025-10-10 09:44:01,55.88,5209,55.95,E
sh688777,中控技术,2025-10-10 09:44:04,55.9,12289,55.88,D
sh688777,中控技术,2025-10-10 09:44:06,55.92,5387,55.9,E
sh688777,中控技术,2025-10-10 09:44:10,55.93,4686,55.92,U
sh688777,中控技术,2025-10-10 09:44:12,55.96,7572,55.93,U
sh688777,中控技术,2025-10-10 09:44:15,56.01,30382,55.96,U
sh688777,中控技术,2025-10-10 09:44:18,56.06,27805,56.01,U
sh688777,中控技术,2025-10-10 09:44:31,56.11,4711,56.11,D
sh688777,中控技术,2025-10-10 09:44:34,56.07,26197,56.11,D
sh688777,中控技术,2025-10-10 09:44:37,56.07,13144,56.07,U
sh688777,中控技术,2025-10-10 09:44:40,56.09,5476,56.07,U
sh688777,中控技术,2025-10-10 09:44:43,56.07,11388,56.09,E
sh688777,中控技术,2025-10-10 09:44:46,56.09,18881,56.07,U
sh688777,中控技术,2025-10-10 09:44:51,56.1,4163,56.11,E
sh688777,中控技术,2025-10-10 09:44:54,56.12,5275,56.1,U
sh688777,中控技术,2025-10-10 09:45:04,56.13,21434,56.16,D
sh688777,中控技术,2025-10-10 09:45:06,56.12,15923,56.13,D
sh688777,中控技术,2025-10-10 09:45:10,56.11,8807,56.12,D
sh688777,中控技术,2025-10-10 09:45:13,56.12,5092,56.11,U
sh688777,中控技术,2025-10-10 09:45:15,56.11,17220,56.12,D
sh688777,中控技术,2025-10-10 09:45:18,56.05,24725,56.11,D
sh688777,中控技术,2025-10-10 09:45:21,56.0,32921,56.05,D
sh688777,中控技术,2025-10-10 09:45:25,56.12,10764,56.0,U
sh688777,中控技术,2025-10-10 09:45:27,56.06,5599,56.12,D
sh688777,中控技术,2025-10-10 09:45:31,56.1,14570,56.06,U
sh688777,中控技术,2025-10-10 09:45:33,56.0,5503,56.1,D
sh688777,中控技术,2025-10-10 09:45:37,56.01,8768,56.0,D
sh688777,中控技术,2025-10-10 09:45:40,56.06,28337,56.01,U
sh688777,中控技术,2025-10-10 09:45:45,56.13,23096,56.06,U
sh688777,中控技术,2025-10-10 09:45:48,56.13,17634,56.13,D
sh688777,中控技术,2025-10-10 09:45:51,56.15,4680,56.13,E
sh688777,中控技术,2025-10-10 09:45:54,56.18,5565,56.15,U
sh688777,中控技术,2025-10-10 09:45:58,56.18,41535,56.18,U
sh688777,中控技术,2025-10-10 09:46:03,56.3,10956,56.22,U
sh688777,中控技术,2025-10-10 09:46:07,56.28,9470,56.3,D
sh688777,中控技术,2025-10-10 09:46:10,56.3,8966,56.28,U
sh688777,中控技术,2025-10-10 09:46:16,56.31,8500,56.28,U
sh688777,中控技术,2025-10-10 09:46:19,56.33,3608,56.31,U
sh688777,中控技术,2025-10-10 09:46:24,56.31,7769,56.32,D
sh688777,中控技术,2025-10-10 09:46:27,56.34,6651,56.31,U
sh688777,中控技术,2025-10-10 09:46:30,56.35,20352,56.34,U
sh688777,中控技术,2025-10-10 09:46:34,56.35,5850,56.35,D
sh688777,中控技术,2025-10-10 09:46:36,56.32,24251,56.35,D
sh688777,中控技术,2025-10-10 09:46:40,56.32,16325,56.32,D
sh688777,中控技术,2025-10-10 09:46:43,56.33,25622,56.32,U
sh688777,中控技术,2025-10-10 09:46:49,56.35,7141,56.33,U
sh688777,中控技术,2025-10-10 09:46:51,56.34,10583,56.35,D
sh688777,中控技术,2025-10-10 09:46:54,56.35,16888,56.34,U
sh688777,中控技术,2025-10-10 09:46:57,56.33,20991,56.35,D
sh688777,中控技术,2025-10-10 09:47:00,56.33,4423,56.33,D
sh688777,中控技术,2025-10-10 09:47:04,56.31,7692,56.33,D
sh688777,中控技术,2025-10-10 09:47:06,56.3,3800,56.31,D
sh688777,中控技术,2025-10-10 09:47:09,56.3,12753,56.3,D
sh688777,中控技术,2025-10-10 09:47:13,56.3,4181,56.3,D
sh688777,中控技术,2025-10-10 09:47:15,56.28,17055,56.3,D
sh688777,中控技术,2025-10-10 09:47:21,56.26,7750,56.32,D
sh688777,中控技术,2025-10-10 09:47:24,56.21,6100,56.26,D
sh688777,中控技术,2025-10-10 09:47:30,56.26,10259,56.23,U
sh688777,中控技术,2025-10-10 09:47:34,56.22,44049,56.26,D
sh688777,中控技术,2025-10-10 09:47:40,56.22,7900,56.26,D
sh688777,中控技术,2025-10-10 09:47:42,56.22,8751,56.22,E
sh688777,中控技术,2025-10-10 09:47:45,56.22,3582,56.22,U
sh688777,中控技术,2025-10-10 09:47:48,56.24,9434,56.22,U
sh688777,中控技术,2025-10-10 09:47:51,56.23,6466,56.24,E
sh688777,中控技术,2025-10-10 09:47:55,56.2,14138,56.23,D
sh688777,中控技术,2025-10-10 09:47:58,56.28,14883,56.2,U
sh688777,中控技术,2025-10-10 09:48:00,56.18,6734,56.28,D
sh688777,中控技术,2025-10-10 09:48:03,56.28,14255,56.18,U
sh688777,中控技术,2025-10-10 09:48:06,56.29,7917,56.28,U
sh688777,中控技术,2025-10-10 09:48:10,56.28,7591,56.29,D
sh688777,中控技术,2025-10-10 09:48:12,56.27,10291,56.28,E
sh688777,中控技术,2025-10-10 09:48:19,56.24,8449,56.25,D
sh688777,中控技术,2025-10-10 09:48:21,56.25,12821,56.24,E
sh688777,中控技术,2025-10-10 09:48:25,56.25,3599,56.25,D
sh688777,中控技术,2025-10-10 09:48:27,56.21,12508,56.25,D
sh688777,中控技术,2025-10-10 09:48:33,56.16,4066,56.2,D
sh688777,中控技术,2025-10-10 09:48:37,56.14,20237,56.16,D
sh688777,中控技术,2025-10-10 09:48:40,56.13,10192,56.14,D
sh688777,中控技术,2025-10-10 09:48:42,56.06,15167,56.13,D
sh688777,中控技术,2025-10-10 09:48:49,56.06,5331,56.08,D
sh688777,中控技术,2025-10-10 09:48:55,56.13,5612,56.06,U
sh688777,中控技术,2025-10-10 09:49:01,56.13,18424,56.13,D
sh688777,中控技术,2025-10-10 09:49:04,56.14,6902,56.13,D
sh688777,中控技术,2025-10-10 09:49:06,56.22,15424,56.14,U
sh688777,中控技术,2025-10-10 09:49:10,56.14,19894,56.22,D
sh688777,中控技术,2025-10-10 09:49:12,56.26,4920,56.14,U
sh688777,中控技术,2025-10-10 09:49:16,56.25,14400,56.26,E
sh688777,中控技术,2025-10-10 09:49:19,56.22,9884,56.25,D
sh688777,中控技术,2025-10-10 09:49:25,56.27,4343,56.27,U
sh688777,中控技术,2025-10-10 09:49:28,56.33,7478,56.27,U
sh688777,中控技术,2025-10-10 09:49:31,56.34,4014,56.33,U
sh688777,中控技术,2025-10-10 09:49:34,56.33,5238,56.34,E
sh688777,中控技术,2025-10-10 09:49:37,56.33,19945,56.33,D
sh688777,中控技术,2025-10-10 09:49:40,56.22,19202,56.33,D
sh688777,中控技术,2025-10-10 09:49:58,56.35,4099,56.3,U
sh688777,中控技术,2025-10-10 09:50:01,56.36,13149,56.35,U
sh688777,中控技术,2025-10-10 09:50:03,56.31,26255,56.36,D
sh688777,中控技术,2025-10-10 09:50:06,56.34,12655,56.31,E
sh688777,中控技术,2025-10-10 09:50:12,56.33,6688,56.34,D
sh688777,中控技术,2025-10-10 09:50:15,56.35,3597,56.33,U
sh688777,中控技术,2025-10-10 09:50:19,56.39,12784,56.35,U
sh688777,中控技术,2025-10-10 09:50:22,56.4,12687,56.39,U
sh688777,中控技术,2025-10-10 09:50:27,56.43,27377,56.42,E
sh688777,中控技术,2025-10-10 09:50:30,56.35,6861,56.43,D
sh688777,中控技术,2025-10-10 09:50:33,56.36,18981,56.35,D
sh688777,中控技术,2025-10-10 09:50:36,56.41,6490,56.36,U
sh688777,中控技术,2025-10-10 09:50:39,56.39,4401,56.41,D
sh688777,中控技术,2025-10-10 09:50:42,56.39,35677,56.39,D
sh688777,中控技术,2025-10-10 09:50:46,56.41,9000,56.39,U
sh688777,中控技术,2025-10-10 09:50:48,56.43,20719,56.41,U
sh688777,中控技术,2025-10-10 09:50:51,56.39,8195,56.43,D
sh688777,中控技术,2025-10-10 09:50:54,56.41,28969,56.39,U
sh688777,中控技术,2025-10-10 09:50:58,56.41,13620,56.41,E
sh688777,中控技术,2025-10-10 09:51:01,56.34,6110,56.41,D
sh688777,中控技术,2025-10-10 09:51:03,56.35,8386,56.34,U
sh688777,中控技术,2025-10-10 09:51:07,56.3,10537,56.35,D
sh688777,中控技术,2025-10-10 09:51:09,56.27,3656,56.3,D
sh688777,中控技术,2025-10-10 09:51:13,56.3,9112,56.27,U
sh688777,中控技术,2025-10-10 09:51:16,56.24,10952,56.3,D
sh688777,中控技术,2025-10-10 09:51:25,56.24,5571,56.21,U
sh688777,中控技术,2025-10-10 09:51:34,56.26,5167,56.3,D
sh688777,中控技术,2025-10-10 09:51:37,56.27,4529,56.26,U
sh688777,中控技术,2025-10-10 09:51:46,56.26,8911,56.28,D
sh688777,中控技术,2025-10-10 09:51:49,56.26,14350,56.26,D
sh688777,中控技术,2025-10-10 09:52:00,56.22,5070,56.23,D
sh688777,中控技术,2025-10-10 09:52:03,56.21,5603,56.22,D
sh688777,中控技术,2025-10-10 09:52:07,56.23,9085,56.21,U
sh688777,中控技术,2025-10-10 09:52:09,56.21,10832,56.23,D
sh688777,中控技术,2025-10-10 09:52:15,56.23,7127,56.22,D
sh688777,中控技术,2025-10-10 09:52:22,56.24,4864,56.24,U
sh688777,中控技术,2025-10-10 09:52:24,56.22,7487,56.24,D
sh688777,中控技术,2025-10-10 09:52:28,56.2,12135,56.22,D
sh688777,中控技术,2025-10-10 09:52:31,56.2,7979,56.2,U
sh688777,中控技术,2025-10-10 09:52:42,56.2,4447,56.22,D
sh688777,中控技术,2025-10-10 09:52:51,56.2,8839,56.2,D
sh688777,中控技术,2025-10-10 09:52:55,56.21,3954,56.2,U
sh688777,中控技术,2025-10-10 09:52:58,56.22,10920,56.21,U
sh688777,中控技术,2025-10-10 09:53:03,56.22,9591,56.22,U
sh688777,中控技术,2025-10-10 09:53:07,56.2,16086,56.22,D
sh688777,中控技术,2025-10-10 09:53:09,56.2,7303,56.2,D
sh688777,中控技术,2025-10-10 09:53:16,56.19,17474,56.2,D
sh688777,中控技术,2025-10-10 09:53:19,56.19,5123,56.19,D
sh688777,中控技术,2025-10-10 09:53:21,56.2,14013,56.19,U
sh688777,中控技术,2025-10-10 09:53:24,56.2,15550,56.2,U
sh688777,中控技术,2025-10-10 09:53:27,56.25,28498,56.2,U
sh688777,中控技术,2025-10-10 09:53:34,56.27,13154,56.27,D
sh688777,中控技术,2025-10-10 09:53:37,56.27,26989,56.27,D
sh688777,中控技术,2025-10-10 09:53:48,56.36,5963,56.28,U
sh688777,中控技术,2025-10-10 09:54:04,56.38,6232,56.36,U
sh688777,中控技术,2025-10-10 09:54:10,56.38,3845,56.38,D
sh688777,中控技术,2025-10-10 09:54:13,56.38,3996,56.38,D
sh688777,中控技术,2025-10-10 09:54:16,56.39,6518,56.38,E
sh688777,中控技术,2025-10-10 09:54:19,56.39,4756,56.39,D
sh688777,中控技术,2025-10-10 09:54:28,56.44,5007,56.42,U
sh688777,中控技术,2025-10-10 09:54:30,56.42,6830,56.44,D
sh688777,中控技术,2025-10-10 09:54:33,56.42,7592,56.42,U
sh688777,中控技术,2025-10-10 09:54:37,56.42,26260,56.42,U
sh688777,中控技术,2025-10-10 09:54:40,56.41,6542,56.42,D
sh688777,中控技术,2025-10-10 09:54:42,56.45,9374,56.41,U
sh688777,中控技术,2025-10-10 09:54:46,56.42,3857,56.45,D
sh688777,中控技术,2025-10-10 09:54:49,56.45,6896,56.42,E
sh688777,中控技术,2025-10-10 09:54:51,56.47,4293,56.45,U
sh688777,中控技术,2025-10-10 09:54:57,56.41,23449,56.46,D
sh688777,中控技术,2025-10-10 09:55:01,56.47,22661,56.41,U
sh688777,中控技术,2025-10-10 09:55:04,56.45,14579,56.47,D
sh688777,中控技术,2025-10-10 09:55:10,56.48,3746,56.45,U
sh688777,中控技术,2025-10-10 09:55:19,56.48,4205,56.48,U
sh688777,中控技术,2025-10-10 09:55:28,56.44,45344,56.48,D
sh688777,中控技术,2025-10-10 09:55:31,56.43,3914,56.44,E
sh688777,中控技术,2025-10-10 09:55:33,56.4,4800,56.43,D
sh688777,中控技术,2025-10-10 09:55:42,56.4,13250,56.4,D
sh688777,中控技术,2025-10-10 09:55:45,56.4,6100,56.4,D
sh688777,中控技术,2025-10-10 09:55:48,56.4,9834,56.4,D
sh688777,中控技术,2025-10-10 09:55:52,56.39,8558,56.4,D
sh688777,中控技术,2025-10-10 09:55:58,56.38,11972,56.4,D
sh688777,中控技术,2025-10-10 09:56:04,56.32,17809,56.39,D
sh688777,中控技术,2025-10-10 09:56:07,56.32,4597,56.32,D
sh688777,中控技术,2025-10-10 09:56:13,56.3,21681,56.31,D
sh688777,中控技术,2025-10-10 09:56:18,56.27,5026,56.3,D
sh688777,中控技术,2025-10-10 09:56:22,56.3,39852,56.27,U
sh688777,中控技术,2025-10-10 09:56:25,56.3,6594,56.3,D
sh688777,中控技术,2025-10-10 09:56:28,56.3,16931,56.3,D
sh688777,中控技术,2025-10-10 09:56:52,56.23,10929,56.27,D
sh688777,中控技术,2025-10-10 09:56:55,56.25,7182,56.23,E
sh688777,中控技术,2025-10-10 09:57:06,56.26,4838,56.25,U
sh688777,中控技术,2025-10-10 09:57:09,56.18,21220,56.26,D
sh688777,中控技术,2025-10-10 09:57:13,56.15,28348,56.18,D
sh688777,中控技术,2025-10-10 09:57:16,56.26,17483,56.15,U
sh688777,中控技术,2025-10-10 09:57:18,56.27,17271,56.26,U
sh688777,中控技术,2025-10-10 09:57:22,56.27,10200,56.27,E
sh688777,中控技术,2025-10-10 09:57:24,56.27,60802,56.27,U
sh688777,中控技术,2025-10-10 09:57:30,56.17,14593,56.28,D
sh688777,中控技术,2025-10-10 09:57:36,56.25,4821,56.28,U
sh688777,中控技术,2025-10-10 09:57:40,56.3,15035,56.25,U
sh688777,中控技术,2025-10-10 09:57:42,56.2,14133,56.3,D
sh688777,中控技术,2025-10-10 09:57:51,56.32,9832,56.34,E
sh688777,中控技术,2025-10-10 09:58:06,56.32,18823,56.32,U
sh688777,中控技术,2025-10-10 09:58:13,56.32,52103,56.29,U
sh688777,中控技术,2025-10-10 09:58:16,56.24,23753,56.32,D
sh688777,中控技术,2025-10-10 09:58:19,56.4,11223,56.24,U
sh688777,中控技术,2025-10-10 09:58:22,56.35,5277,56.4,D
sh688777,中控技术,2025-10-10 09:58:24,56.35,8539,56.35,D
sh688777,中控技术,2025-10-10 09:58:31,56.35,6096,56.36,D
sh688777,中控技术,2025-10-10 09:58:36,56.34,6826,56.34,U
sh688777,中控技术,2025-10-10 09:58:42,56.32,5954,56.35,D
sh688777,中控技术,2025-10-10 09:58:48,56.33,19072,56.31,U
sh688777,中控技术,2025-10-10 09:58:58,56.38,7210,56.34,U
sh688777,中控技术,2025-10-10 09:59:00,56.4,3549,56.38,U
sh688777,中控技术,2025-10-10 09:59:09,56.45,7691,56.43,U
sh688777,中控技术,2025-10-10 09:59:15,56.44,18025,56.44,D
sh688777,中控技术,2025-10-10 09:59:18,56.38,12147,56.44,D
sh688777,中控技术,2025-10-10 09:59:30,56.38,22951,56.38,U
sh688777,中控技术,2025-10-10 09:59:33,56.36,6859,56.38,U
sh688777,中控技术,2025-10-10 09:59:43,56.32,13094,56.32,D
sh688777,中控技术,2025-10-10 09:59:46,56.3,10317,56.32,D
sh688777,中控技术,2025-10-10 09:59:49,56.29,8249,56.3,D
sh688777,中控技术,2025-10-10 09:59:57,56.25,4638,56.25,D
sh688777,中控技术,2025-10-10 10:00:01,56.21,3994,56.25,D
sh688777,中控技术,2025-10-10 10:00:04,56.2,17014,56.21,D
sh688777,中控技术,2025-10-10 10:00:06,56.18,7985,56.2,D
sh688777,中控技术,2025-10-10 10:00:10,56.2,17389,56.18,U
sh688777,中控技术,2025-10-10 10:00:16,56.21,9438,56.25,D
sh688777,中控技术,2025-10-10 10:00:25,56.27,6700,56.26,E
sh688777,中控技术,2025-10-10 10:00:31,56.25,10014,56.27,E
sh688777,中控技术,2025-10-10 10:00:42,56.26,13318,56.22,U
sh688777,中控技术,2025-10-10 10:00:46,56.23,25307,56.26,D
sh688777,中控技术,2025-10-10 10:00:48,56.21,21000,56.23,D
sh688777,中控技术,2025-10-10 10:00:52,56.2,27299,56.21,D
sh688777,中控技术,2025-10-10 10:00:55,56.19,23253,56.2,D
sh688777,中控技术,2025-10-10 10:01:01,56.19,4185,56.17,U
sh688777,中控技术,2025-10-10 10:01:03,56.18,4953,56.19,D
sh688777,中控技术,2025-10-10 10:01:10,56.2,8767,56.19,U
sh688777,中控技术,2025-10-10 10:01:13,56.22,19983,56.2,U
sh688777,中控技术,2025-10-10 10:01:24,56.23,8596,56.22,U
sh688777,中控技术,2025-10-10 10:01:34,56.22,10851,56.26,D
sh688777,中控技术,2025-10-10 10:01:37,56.22,6324,56.22,U
sh688777,中控技术,2025-10-10 10:01:39,56.22,13127,56.22,U
sh688777,中控技术,2025-10-10 10:01:46,56.25,13500,56.23,E
sh688777,中控技术,2025-10-10 10:01:52,56.3,3967,56.26,U
sh688777,中控技术,2025-10-10 10:01:58,56.29,5849,56.3,E
sh688777,中控技术,2025-10-10 10:02:01,56.32,5516,56.29,U
sh688777,中控技术,2025-10-10 10:02:10,56.27,19446,56.32,D
sh688777,中控技术,2025-10-10 10:02:13,56.29,8516,56.27,U
sh688777,中控技术,2025-10-10 10:02:16,56.26,8883,56.29,D
sh688777,中控技术,2025-10-10 10:02:21,56.25,11001,56.26,D
sh688777,中控技术,2025-10-10 10:02:30,56.27,7006,56.27,D
sh688777,中控技术,2025-10-10 10:02:43,56.24,4018,56.24,D
sh688777,中控技术,2025-10-10 10:02:52,56.26,6371,56.24,U
sh688777,中控技术,2025-10-10 10:03:15,56.2,28404,56.22,D
sh688777,中控技术,2025-10-10 10:03:22,56.17,15825,56.19,D
sh688777,中控技术,2025-10-10 10:03:24,56.2,9792,56.17,U
sh688777,中控技术,2025-10-10 10:03:30,56.23,4150,56.2,U
sh688777,中控技术,2025-10-10 10:03:34,56.2,5369,56.23,D
sh688777,中控技术,2025-10-10 10:03:43,56.23,4099,56.23,U
sh688777,中控技术,2025-10-10 10:03:55,56.21,7400,56.21,D
sh688777,中控技术,2025-10-10 10:04:01,56.21,8160,56.2,D
sh688777,中控技术,2025-10-10 10:04:04,56.2,16375,56.21,D
sh688777,中控技术,2025-10-10 10:04:07,56.15,58214,56.2,D
sh688777,中控技术,2025-10-10 10:04:22,56.17,5606,56.17,D
sh688777,中控技术,2025-10-10 10:04:25,56.17,13373,56.17,D
sh688777,中控技术,2025-10-10 10:04:30,56.22,5671,56.2,U
sh688777,中控技术,2025-10-10 10:04:37,56.21,10274,56.22,D
sh688777,中控技术,2025-10-10 10:04:42,56.2,13965,56.2,D
sh688777,中控技术,2025-10-10 10:04:46,56.2,10021,56.2,D
sh688777,中控技术,2025-10-10 10:04:54,56.2,9622,56.2,D
sh688777,中控技术,2025-10-10 10:04:58,56.2,10900,56.2,D
sh688777,中控技术,2025-10-10 10:05:01,56.26,4454,56.2,U
sh688777,中控技术,2025-10-10 10:05:03,56.3,12309,56.26,U
sh688777,中控技术,2025-10-10 10:05:07,56.32,4007,56.3,U
sh688777,中控技术,2025-10-10 10:05:15,56.29,5347,56.27,U
sh688777,中控技术,2025-10-10 10:05:22,56.32,8657,56.27,U
sh688777,中控技术,2025-10-10 10:05:24,56.25,4117,56.32,E
sh688777,中控技术,2025-10-10 10:05:37,56.22,6967,56.23,D
sh688777,中控技术,2025-10-10 10:05:40,56.21,7247,56.22,D
sh688777,中控技术,2025-10-10 10:05:48,56.23,7142,56.21,U
sh688777,中控技术,2025-10-10 10:05:55,56.21,7234,56.2,E
sh688777,中控技术,2025-10-10 10:06:00,56.2,6627,56.23,D
sh688777,中控技术,2025-10-10 10:06:07,56.2,6747,56.2,D
sh688777,中控技术,2025-10-10 10:06:10,56.19,7400,56.2,D
sh688777,中控技术,2025-10-10 10:06:21,56.18,7973,56.18,D
sh688777,中控技术,2025-10-10 10:06:25,56.18,6872,56.18,U
sh688777,中控技术,2025-10-10 10:06:30,56.14,8887,56.15,D
sh688777,中控技术,2025-10-10 10:06:36,56.14,4124,56.14,D
sh688777,中控技术,2025-10-10 10:06:40,56.18,4074,56.14,U
sh688777,中控技术,2025-10-10 10:06:46,56.15,3700,56.15,D
sh688777,中控技术,2025-10-10 10:06:49,56.15,7383,56.15,U
sh688777,中控技术,2025-10-10 10:06:54,56.17,5760,56.15,U
sh688777,中控技术,2025-10-10 10:07:01,56.18,4336,56.16,U
sh688777,中控技术,2025-10-10 10:07:03,56.2,10901,56.18,U
sh688777,中控技术,2025-10-10 10:07:19,56.2,5000,56.18,U
sh688777,中控技术,2025-10-10 10:07:24,56.2,5022,56.2,U
sh688777,中控技术,2025-10-10 10:07:37,56.18,4502,56.2,D
sh688777,中控技术,2025-10-10 10:07:48,56.18,5360,56.18,U
sh688777,中控技术,2025-10-10 10:07:55,56.2,4708,56.17,U
sh688777,中控技术,2025-10-10 10:07:58,56.2,8914,56.2,U
sh688777,中控技术,2025-10-10 10:08:04,56.2,12722,56.18,U
sh688777,中控技术,2025-10-10 10:08:06,56.29,36482,56.2,U
sh688777,中控技术,2025-10-10 10:08:16,56.29,5366,56.29,U
sh688777,中控技术,2025-10-10 10:08:19,56.29,7410,56.29,D
sh688777,中控技术,2025-10-10 10:08:22,56.26,13571,56.29,D
sh688777,中控技术,2025-10-10 10:08:28,56.24,4185,56.24,D
sh688777,中控技术,2025-10-10 10:08:40,56.23,4464,56.23,D
sh688777,中控技术,2025-10-10 10:08:48,56.24,5800,56.25,D
sh688777,中控技术,2025-10-10 10:09:01,56.25,17705,56.25,U
sh688777,中控技术,2025-10-10 10:09:03,56.26,7965,56.25,E
sh688777,中控技术,2025-10-10 10:09:22,56.24,13229,56.3,D
sh688777,中控技术,2025-10-10 10:09:25,56.25,6053,56.24,U
sh688777,中控技术,2025-10-10 10:09:34,56.27,4259,56.25,U
sh688777,中控技术,2025-10-10 10:09:49,56.24,7679,56.24,D
sh688777,中控技术,2025-10-10 10:09:52,56.23,5509,56.24,D
sh688777,中控技术,2025-10-10 10:10:15,56.24,11041,56.21,U
sh688777,中控技术,2025-10-10 10:10:30,56.19,6847,56.19,D
sh688777,中控技术,2025-10-10 10:10:36,56.2,4076,56.24,D
sh688777,中控技术,2025-10-10 10:10:45,56.19,4800,56.2,D
sh688777,中控技术,2025-10-10 10:10:57,56.19,4038,56.19,D
sh688777,中控技术,2025-10-10 10:11:21,56.31,7296,56.25,U
sh688777,中控技术,2025-10-10 10:11:28,56.2,11977,56.25,D
sh688777,中控技术,2025-10-10 10:11:34,56.28,5900,56.2,U
sh688777,中控技术,2025-10-10 10:11:43,56.22,6900,56.21,E
sh688777,中控技术,2025-10-10 10:12:07,56.22,4449,56.24,D
sh688777,中控技术,2025-10-10 10:12:12,56.14,24470,56.21,D
sh688777,中控技术,2025-10-10 10:12:16,56.13,11707,56.14,D
sh688777,中控技术,2025-10-10 10:12:25,56.11,5607,56.13,D
sh688777,中控技术,2025-10-10 10:12:28,56.1,4572,56.11,D
sh688777,中控技术,2025-10-10 10:12:37,56.1,5000,56.15,D
sh688777,中控技术,2025-10-10 10:12:40,56.09,8278,56.1,D
sh688777,中控技术,2025-10-10 10:12:52,56.17,6840,56.16,U
sh688777,中控技术,2025-10-10 10:12:54,56.11,9230,56.17,D
sh688777,中控技术,2025-10-10 10:13:03,56.22,4515,56.14,U
sh688777,中控技术,2025-10-10 10:13:16,56.15,4799,56.15,U
sh688777,中控技术,2025-10-10 10:13:22,56.16,10200,56.13,U
sh688777,中控技术,2025-10-10 10:13:42,56.12,16243,56.12,D
sh688777,中控技术,2025-10-10 10:13:48,56.1,4059,56.11,D
sh688777,中控技术,2025-10-10 10:13:51,56.13,6036,56.1,U
sh688777,中控技术,2025-10-10 10:13:55,56.13,6918,56.13,D
sh688777,中控技术,2025-10-10 10:13:58,56.13,5373,56.13,D
sh688777,中控技术,2025-10-10 10:14:00,56.16,11234,56.13,U
sh688777,中控技术,2025-10-10 10:14:07,56.13,9359,56.14,D
sh688777,中控技术,2025-10-10 10:14:10,56.13,3930,56.13,U
sh688777,中控技术,2025-10-10 10:14:27,56.12,8531,56.1,U
sh688777,中控技术,2025-10-10 10:14:51,56.08,5964,56.09,D
sh688777,中控技术,2025-10-10 10:14:55,56.07,9968,56.08,D
sh688777,中控技术,2025-10-10 10:14:58,56.07,4973,56.07,D
sh688777,中控技术,2025-10-10 10:15:00,56.06,4538,56.07,D
sh688777,中控技术,2025-10-10 10:15:13,56.01,10346,56.03,D
sh688777,中控技术,2025-10-10 10:15:15,56.0,40969,56.01,D
sh688777,中控技术,2025-10-10 10:15:21,56.0,9420,56.01,D
sh688777,中控技术,2025-10-10 10:15:24,56.0,11256,56.0,D
sh688777,中控技术,2025-10-10 10:15:27,55.96,80644,56.0,D
sh688777,中控技术,2025-10-10 10:15:34,55.99,4536,55.98,E
sh688777,中控技术,2025-10-10 10:15:36,55.96,39163,55.99,D
sh688777,中控技术,2025-10-10 10:15:40,55.97,9552,55.96,D
sh688777,中控技术,2025-10-10 10:15:45,55.96,5171,55.97,D
sh688777,中控技术,2025-10-10 10:15:48,55.89,11484,55.96,D
sh688777,中控技术,2025-10-10 10:15:51,55.89,23996,55.89,D
sh688777,中控技术,2025-10-10 10:15:55,55.88,10301,55.89,D
sh688777,中控技术,2025-10-10 10:15:58,55.88,14874,55.88,D
sh688777,中控技术,2025-10-10 10:16:00,55.88,13806,55.88,D
sh688777,中控技术,2025-10-10 10:16:06,55.87,16699,55.87,D
sh688777,中控技术,2025-10-10 10:16:10,55.87,3786,55.87,D
sh688777,中控技术,2025-10-10 10:16:12,55.88,8876,55.87,U
sh688777,中控技术,2025-10-10 10:16:15,55.88,5305,55.88,U
sh688777,中控技术,2025-10-10 10:16:19,55.88,8634,55.88,U
sh688777,中控技术,2025-10-10 10:16:22,55.91,20538,55.88,U
sh688777,中控技术,2025-10-10 10:16:25,55.91,12784,55.91,D
sh688777,中控技术,2025-10-10 10:16:27,55.91,5811,55.91,D
sh688777,中控技术,2025-10-10 10:16:37,55.91,10410,55.91,D
sh688777,中控技术,2025-10-10 10:16:39,55.91,4229,55.91,D
sh688777,中控技术,2025-10-10 10:16:49,55.92,6367,55.91,D
sh688777,中控技术,2025-10-10 10:16:52,55.9,6885,55.92,D
sh688777,中控技术,2025-10-10 10:16:58,55.89,6441,55.92,D
sh688777,中控技术,2025-10-10 10:17:04,55.91,6900,55.9,U
sh688777,中控技术,2025-10-10 10:17:07,55.92,20125,55.91,U
sh688777,中控技术,2025-10-10 10:17:10,55.91,5372,55.92,E
sh688777,中控技术,2025-10-10 10:17:12,55.86,46646,55.91,D
sh688777,中控技术,2025-10-10 10:17:19,55.9,10248,55.91,D
sh688777,中控技术,2025-10-10 10:17:22,55.87,8167,55.9,D
sh688777,中控技术,2025-10-10 10:17:28,55.87,51671,55.9,D
sh688777,中控技术,2025-10-10 10:17:30,55.9,44600,55.87,U
sh688777,中控技术,2025-10-10 10:17:34,55.89,5234,55.9,E
sh688777,中控技术,2025-10-10 10:17:37,55.9,7508,55.89,U
sh688777,中控技术,2025-10-10 10:17:40,55.87,15658,55.9,D
sh688777,中控技术,2025-10-10 10:17:49,55.87,4267,55.87,D
sh688777,中控技术,2025-10-10 10:17:52,55.85,13133,55.87,D
sh688777,中控技术,2025-10-10 10:17:54,55.84,8030,55.85,D
sh688777,中控技术,2025-10-10 10:17:57,55.83,18785,55.84,D
sh688777,中控技术,2025-10-10 10:18:01,55.83,4240,55.83,D
sh688777,中控技术,2025-10-10 10:18:03,55.83,8762,55.83,D
sh688777,中控技术,2025-10-10 10:18:09,55.83,4720,55.83,U
sh688777,中控技术,2025-10-10 10:18:12,55.81,20100,55.83,D
sh688777,中控技术,2025-10-10 10:18:18,55.85,19753,55.82,U
sh688777,中控技术,2025-10-10 10:18:22,55.93,66428,55.85,U
sh688777,中控技术,2025-10-10 10:18:30,55.93,6095,55.88,U
sh688777,中控技术,2025-10-10 10:18:37,55.93,5762,55.84,U
sh688777,中控技术,2025-10-10 10:18:39,55.88,5400,55.93,D
sh688777,中控技术,2025-10-10 10:19:04,56.0,4000,55.96,U
sh688777,中控技术,2025-10-10 10:19:06,56.0,38515,56.0,U
sh688777,中控技术,2025-10-10 10:19:13,56.0,10398,55.99,U
sh688777,中控技术,2025-10-10 10:19:16,56.0,7830,56.0,U
sh688777,中控技术,2025-10-10 10:19:18,56.0,5500,56.0,U
sh688777,中控技术,2025-10-10 10:19:21,56.0,8639,56.0,U
sh688777,中控技术,2025-10-10 10:19:24,56.0,11694,56.0,D
sh688777,中控技术,2025-10-10 10:19:34,56.01,8750,56.01,D
sh688777,中控技术,2025-10-10 10:19:43,56.01,11400,56.02,D
sh688777,中控技术,2025-10-10 10:19:48,56.01,6906,56.01,D
sh688777,中控技术,2025-10-10 10:19:51,56.03,9270,56.01,U
sh688777,中控技术,2025-10-10 10:19:55,56.06,7612,56.03,U
sh688777,中控技术,2025-10-10 10:19:57,56.02,5854,56.06,D
sh688777,中控技术,2025-10-10 10:20:04,56.01,11523,56.02,D
sh688777,中控技术,2025-10-10 10:20:06,56.01,32993,56.01,D
sh688777,中控技术,2025-10-10 10:20:10,56.01,5131,56.01,D
sh688777,中控技术,2025-10-10 10:20:16,56.06,7464,56.02,U
sh688777,中控技术,2025-10-10 10:20:28,56.08,12000,56.11,D
sh688777,中控技术,2025-10-10 10:20:42,56.06,11173,56.07,D
sh688777,中控技术,2025-10-10 10:20:55,56.1,12591,56.07,U
sh688777,中控技术,2025-10-10 10:20:58,56.09,17101,56.1,E
sh688777,中控技术,2025-10-10 10:21:03,56.1,8645,56.09,U
sh688777,中控技术,2025-10-10 10:21:22,56.12,12228,56.16,D
sh688777,中控技术,2025-10-10 10:21:27,56.19,8354,56.16,U
sh688777,中控技术,2025-10-10 10:21:30,56.1,12000,56.19,D
sh688777,中控技术,2025-10-10 10:21:45,56.23,10401,56.16,U
sh688777,中控技术,2025-10-10 10:21:48,56.15,3829,56.23,D
sh688777,中控技术,2025-10-10 10:21:52,56.15,4873,56.15,D
sh688777,中控技术,2025-10-10 10:21:57,56.13,3819,56.15,D
sh688777,中控技术,2025-10-10 10:22:03,56.12,7171,56.16,D
sh688777,中控技术,2025-10-10 10:22:07,56.12,6507,56.12,U
sh688777,中控技术,2025-10-10 10:22:15,56.16,13366,56.12,U
sh688777,中控技术,2025-10-10 10:22:18,56.11,4510,56.16,D
sh688777,中控技术,2025-10-10 10:22:22,56.11,6330,56.11,D
sh688777,中控技术,2025-10-10 10:22:34,56.14,3891,56.06,U
sh688777,中控技术,2025-10-10 10:22:40,56.09,17358,56.14,D
sh688777,中控技术,2025-10-10 10:22:43,56.13,6619,56.09,E
sh688777,中控技术,2025-10-10 10:22:46,56.13,7562,56.13,U
sh688777,中控技术,2025-10-10 10:22:57,56.13,7642,56.13,D
sh688777,中控技术,2025-10-10 10:23:00,56.14,4767,56.13,U
sh688777,中控技术,2025-10-10 10:23:03,56.15,4576,56.14,U
sh688777,中控技术,2025-10-10 10:23:09,56.15,5185,56.15,U
sh688777,中控技术,2025-10-10 10:23:22,56.13,6985,56.15,D
sh688777,中控技术,2025-10-10 10:23:24,56.13,12665,56.13,D
sh688777,中控技术,2025-10-10 10:23:27,56.13,11082,56.13,D
sh688777,中控技术,2025-10-10 10:23:31,56.14,4047,56.13,U
sh688777,中控技术,2025-10-10 10:23:36,56.15,5266,56.13,U
sh688777,中控技术,2025-10-10 10:23:40,56.15,3863,56.15,U
sh688777,中控技术,2025-10-10 10:23:49,56.14,26600,56.18,D
sh688777,中控技术,2025-10-10 10:23:55,56.13,6293,56.14,D
sh688777,中控技术,2025-10-10 10:24:04,56.2,14040,56.24,D
sh688777,中控技术,2025-10-10 10:24:28,56.2,8617,56.21,D
sh688777,中控技术,2025-10-10 10:24:31,56.22,7140,56.2,U
sh688777,中控技术,2025-10-10 10:24:34,56.24,6084,56.22,E
sh688777,中控技术,2025-10-10 10:24:42,56.2,9915,56.23,D
sh688777,中控技术,2025-10-10 10:25:12,56.23,6108,56.23,D
sh688777,中控技术,2025-10-10 10:25:25,56.24,11216,56.26,D
sh688777,中控技术,2025-10-10 10:25:37,56.26,4344,56.26,U
sh688777,中控技术,2025-10-10 10:25:42,56.26,4045,56.28,D
sh688777,中控技术,2025-10-10 10:25:57,56.3,9912,56.28,U
sh688777,中控技术,2025-10-10 10:26:03,56.27,11546,56.3,D
sh688777,中控技术,2025-10-10 10:26:06,56.27,5362,56.27,D
sh688777,中控技术,2025-10-10 10:26:10,56.27,7700,56.27,U
sh688777,中控技术,2025-10-10 10:26:16,56.32,10000,56.26,U
sh688777,中控技术,2025-10-10 10:26:28,56.31,17177,56.26,U
sh688777,中控技术,2025-10-10 10:26:42,56.23,12363,56.26,D
sh688777,中控技术,2025-10-10 10:26:51,56.2,8612,56.21,D
sh688777,中控技术,2025-10-10 10:27:07,56.16,6969,56.15,E
sh688777,中控技术,2025-10-10 10:27:24,56.24,17740,56.21,D
sh688777,中控技术,2025-10-10 10:27:57,56.15,19600,56.26,D
sh688777,中控技术,2025-10-10 10:28:00,56.29,4718,56.15,U
sh688777,中控技术,2025-10-10 10:28:04,56.21,6860,56.29,D
sh688777,中控技术,2025-10-10 10:28:30,56.22,7979,56.26,D
sh688777,中控技术,2025-10-10 10:28:37,56.27,7971,56.28,D
sh688777,中控技术,2025-10-10 10:28:43,56.26,8151,56.27,D
sh688777,中控技术,2025-10-10 10:28:49,56.26,4245,56.26,U
sh688777,中控技术,2025-10-10 10:29:00,56.25,6833,56.25,U
sh688777,中控技术,2025-10-10 10:29:07,56.3,6309,56.28,U
sh688777,中控技术,2025-10-10 10:29:10,56.26,6173,56.3,E
sh688777,中控技术,2025-10-10 10:29:13,56.25,11955,56.26,D
sh688777,中控技术,2025-10-10 10:29:25,56.23,5351,56.25,D
sh688777,中控技术,2025-10-10 10:29:30,56.24,4324,56.23,U
sh688777,中控技术,2025-10-10 10:29:40,56.25,6070,56.24,U
sh688777,中控技术,2025-10-10 10:29:48,56.2,19690,56.23,D
sh688777,中控技术,2025-10-10 10:29:52,56.23,27900,56.2,U
sh688777,中控技术,2025-10-10 10:29:55,56.25,12363,56.23,U
sh688777,中控技术,2025-10-10 10:30:03,56.16,8043,56.2,D
sh688777,中控技术,2025-10-10 10:30:07,56.24,4370,56.16,U
sh688777,中控技术,2025-10-10 10:30:18,56.23,4129,56.18,U
sh688777,中控技术,2025-10-10 10:30:25,56.23,4043,56.16,U
sh688777,中控技术,2025-10-10 10:30:43,56.2,11611,56.18,U
sh688777,中控技术,2025-10-10 10:30:46,56.2,18367,56.2,D
sh688777,中控技术,2025-10-10 10:30:49,56.22,5114,56.2,U
sh688777,中控技术,2025-10-10 10:30:54,56.25,6272,56.22,U
sh688777,中控技术,2025-10-10 10:31:01,56.25,7125,56.22,U
sh688777,中控技术,2025-10-10 10:31:06,56.25,11000,56.25,U
sh688777,中控技术,2025-10-10 10:31:25,56.24,6585,56.26,D
sh688777,中控技术,2025-10-10 10:31:28,56.24,6686,56.24,U
sh688777,中控技术,2025-10-10 10:31:34,56.27,14196,56.26,U
sh688777,中控技术,2025-10-10 10:31:55,56.29,4728,56.3,D
sh688777,中控技术,2025-10-10 10:32:01,56.28,3697,56.28,U
sh688777,中控技术,2025-10-10 10:32:04,56.27,9761,56.28,D
sh688777,中控技术,2025-10-10 10:32:06,56.24,20786,56.27,D
sh688777,中控技术,2025-10-10 10:32:34,56.28,5603,56.27,U
sh688777,中控技术,2025-10-10 10:32:40,56.29,33487,56.28,U
sh688777,中控技术,2025-10-10 10:33:03,56.28,12190,56.3,D
sh688777,中控技术,2025-10-10 10:33:06,56.28,3913,56.28,U
sh688777,中控技术,2025-10-10 10:33:15,56.28,11793,56.28,D
sh688777,中控技术,2025-10-10 10:33:40,56.35,4204,56.34,U
sh688777,中控技术,2025-10-10 10:33:49,56.35,4218,56.35,U
sh688777,中控技术,2025-10-10 10:33:58,56.37,7364,56.35,U
sh688777,中控技术,2025-10-10 10:34:01,56.39,3675,56.37,U
sh688777,中控技术,2025-10-10 10:34:03,56.36,4748,56.39,D
sh688777,中控技术,2025-10-10 10:34:06,56.45,5351,56.36,U
sh688777,中控技术,2025-10-10 10:34:16,56.5,5300,56.5,U
sh688777,中控技术,2025-10-10 10:34:22,56.5,21613,56.5,U
sh688777,中控技术,2025-10-10 10:34:40,56.5,5859,56.48,U
sh688777,中控技术,2025-10-10 10:35:00,56.58,8377,56.55,U
sh688777,中控技术,2025-10-10 10:35:09,56.61,6912,56.58,U
sh688777,中控技术,2025-10-10 10:35:16,56.58,5436,56.58,D
sh688777,中控技术,2025-10-10 10:35:28,56.56,3918,56.56,D
sh688777,中控技术,2025-10-10 10:35:30,56.5,22043,56.56,D
sh688777,中控技术,2025-10-10 10:35:45,56.49,4301,56.48,U
sh688777,中控技术,2025-10-10 10:36:01,56.49,5973,56.49,D
sh688777,中控技术,2025-10-10 10:36:09,56.47,14773,56.49,D
sh688777,中控技术,2025-10-10 10:36:16,56.47,6078,56.47,D
sh688777,中控技术,2025-10-10 10:36:19,56.46,4564,56.47,D
sh688777,中控技术,2025-10-10 10:36:22,56.45,4700,56.46,D
sh688777,中控技术,2025-10-10 10:36:31,56.45,4969,56.45,U
sh688777,中控技术,2025-10-10 10:36:34,56.47,9171,56.45,U
sh688777,中控技术,2025-10-10 10:36:42,56.46,4253,56.46,D
sh688777,中控技术,2025-10-10 10:36:48,56.4,10503,56.46,D
sh688777,中控技术,2025-10-10 10:36:55,56.38,29030,56.4,D
sh688777,中控技术,2025-10-10 10:37:10,56.4,5218,56.4,D
sh688777,中控技术,2025-10-10 10:37:27,56.4,13224,56.4,D
sh688777,中控技术,2025-10-10 10:38:04,56.44,4967,56.45,D
sh688777,中控技术,2025-10-10 10:38:07,56.45,5054,56.44,U
sh688777,中控技术,2025-10-10 10:38:13,56.42,5843,56.45,D
sh688777,中控技术,2025-10-10 10:38:16,56.42,6553,56.42,D
sh688777,中控技术,2025-10-10 10:38:40,56.4,4830,56.4,D
sh688777,中控技术,2025-10-10 10:38:45,56.4,5816,56.4,D
sh688777,中控技术,2025-10-10 10:38:49,56.4,8349,56.4,D
sh688777,中控技术,2025-10-10 10:40:06,56.28,48148,56.39,D
sh688777,中控技术,2025-10-10 10:40:15,56.33,10363,56.28,U
sh688777,中控技术,2025-10-10 10:40:40,56.26,6687,56.29,D
sh688777,中控技术,2025-10-10 10:40:45,56.23,4951,56.26,D
sh688777,中控技术,2025-10-10 10:40:57,56.26,4026,56.23,U
sh688777,中控技术,2025-10-10 10:41:01,56.22,3859,56.26,D
sh688777,中控技术,2025-10-10 10:41:28,56.18,9772,56.2,D
sh688777,中控技术,2025-10-10 10:41:30,56.19,3846,56.18,E
sh688777,中控技术,2025-10-10 10:41:46,56.18,10772,56.2,D
sh688777,中控技术,2025-10-10 10:41:57,56.18,3800,56.18,U
sh688777,中控技术,2025-10-10 10:42:27,56.22,19469,56.22,U
sh688777,中控技术,2025-10-10 10:42:42,56.13,4422,56.16,D
sh688777,中控技术,2025-10-10 10:42:51,56.16,3992,56.13,U
sh688777,中控技术,2025-10-10 10:42:55,56.14,4382,56.16,D
sh688777,中控技术,2025-10-10 10:43:10,56.21,10582,56.19,E
sh688777,中控技术,2025-10-10 10:44:07,56.16,5973,56.22,D
sh688777,中控技术,2025-10-10 10:44:16,56.15,7222,56.19,D
sh688777,中控技术,2025-10-10 10:44:19,56.12,5103,56.15,D
sh688777,中控技术,2025-10-10 10:44:24,56.11,4000,56.12,D
sh688777,中控技术,2025-10-10 10:44:34,56.1,9100,56.11,D
sh688777,中控技术,2025-10-10 10:44:36,56.14,3583,56.1,U
sh688777,中控技术,2025-10-10 10:44:45,56.01,30000,56.14,D
sh688777,中控技术,2025-10-10 10:45:10,56.06,11000,56.05,D
sh688777,中控技术,2025-10-10 10:45:18,56.04,9284,56.06,D
sh688777,中控技术,2025-10-10 10:45:21,56.04,9029,56.04,U
sh688777,中控技术,2025-10-10 10:45:27,56.05,55200,56.1,D
sh688777,中控技术,2025-10-10 10:45:31,56.0,4112,56.05,D
sh688777,中控技术,2025-10-10 10:45:37,56.0,5506,56.0,D
sh688777,中控技术,2025-10-10 10:45:46,56.0,10122,56.03,D
sh688777,中控技术,2025-10-10 10:45:48,56.01,3843,56.0,D
sh688777,中控技术,2025-10-10 10:45:51,56.0,8953,56.01,D
sh688777,中控技术,2025-10-10 10:46:03,56.0,15103,55.99,E
sh688777,中控技术,2025-10-10 10:46:06,56.0,3928,56.0,E
sh688777,中控技术,2025-10-10 10:46:25,56.07,6338,56.07,D
sh688777,中控技术,2025-10-10 10:46:36,56.09,4048,56.07,U
sh688777,中控技术,2025-10-10 10:46:57,56.08,4319,56.12,D
sh688777,中控技术,2025-10-10 10:47:00,56.07,8545,56.08,U
sh688777,中控技术,2025-10-10 10:47:18,56.07,7842,56.07,U
sh688777,中控技术,2025-10-10 10:47:36,56.09,10000,56.12,D
sh688777,中控技术,2025-10-10 10:47:43,56.16,5582,56.07,U
sh688777,中控技术,2025-10-10 10:48:07,56.06,4678,56.06,D
sh688777,中控技术,2025-10-10 10:48:24,56.03,16116,56.06,D
sh688777,中控技术,2025-10-10 10:48:31,56.01,9342,56.03,D
sh688777,中控技术,2025-10-10 10:48:34,56.0,8530,56.01,D
sh688777,中控技术,2025-10-10 10:48:39,56.0,4494,56.01,D
sh688777,中控技术,2025-10-10 10:48:49,56.0,4413,56.0,U
sh688777,中控技术,2025-10-10 10:48:52,56.0,10547,56.0,D
sh688777,中控技术,2025-10-10 10:48:58,56.0,7037,56.0,D
sh688777,中控技术,2025-10-10 10:49:01,56.0,7326,56.0,D
sh688777,中控技术,2025-10-10 10:49:10,56.0,7828,56.0,D
sh688777,中控技术,2025-10-10 10:49:18,55.98,3633,55.98,D
sh688777,中控技术,2025-10-10 10:49:25,55.99,7897,55.99,U
sh688777,中控技术,2025-10-10 10:49:31,56.03,3803,56.03,U
sh688777,中控技术,2025-10-10 10:49:46,56.0,7912,56.0,D
sh688777,中控技术,2025-10-10 10:49:58,56.01,7034,56.11,D
sh688777,中控技术,2025-10-10 10:50:00,56.01,19805,56.01,D
sh688777,中控技术,2025-10-10 10:50:16,56.0,6129,56.08,D
sh688777,中控技术,2025-10-10 10:50:28,56.08,6638,56.08,U
sh688777,中控技术,2025-10-10 10:50:42,56.01,10981,56.01,D
sh688777,中控技术,2025-10-10 10:50:58,56.0,4836,56.0,D
sh688777,中控技术,2025-10-10 10:52:19,56.06,7910,56.08,D
sh688777,中控技术,2025-10-10 10:52:34,56.06,6465,56.06,D
sh688777,中控技术,2025-10-10 10:52:37,56.07,12483,56.06,U
sh688777,中控技术,2025-10-10 10:53:06,56.08,3745,56.08,U
sh688777,中控技术,2025-10-10 10:53:10,56.08,6112,56.08,U
sh688777,中控技术,2025-10-10 10:53:18,56.08,4436,56.11,D
sh688777,中控技术,2025-10-10 10:53:37,56.07,19476,56.11,D
sh688777,中控技术,2025-10-10 10:53:42,56.08,4195,56.08,U
sh688777,中控技术,2025-10-10 10:53:57,56.11,10057,56.08,U
sh688777,中控技术,2025-10-10 10:54:16,56.08,6981,56.07,E
sh688777,中控技术,2025-10-10 10:54:24,56.13,4046,56.08,U
sh688777,中控技术,2025-10-10 10:54:34,56.2,3736,56.16,U
sh688777,中控技术,2025-10-10 10:54:46,56.08,99891,56.12,D
sh688777,中控技术,2025-10-10 10:55:30,56.12,5200,56.11,U
sh688777,中控技术,2025-10-10 10:55:39,56.1,7989,56.12,D
sh688777,中控技术,2025-10-10 10:55:48,56.1,27245,56.1,D
sh688777,中控技术,2025-10-10 10:56:03,56.08,6375,56.09,D
sh688777,中控技术,2025-10-10 10:56:12,56.1,4133,56.08,U
sh688777,中控技术,2025-10-10 10:56:22,56.1,3800,56.1,U
sh688777,中控技术,2025-10-10 10:57:18,56.1,3923,56.12,D
sh688777,中控技术,2025-10-10 10:58:12,56.08,6331,56.08,D
sh688777,中控技术,2025-10-10 10:58:37,56.08,4200,56.07,U
sh688777,中控技术,2025-10-10 10:59:22,56.05,14924,56.07,D
sh688777,中控技术,2025-10-10 10:59:51,56.02,5728,56.02,D
sh688777,中控技术,2025-10-10 10:59:55,55.99,37069,56.02,D
sh688777,中控技术,2025-10-10 10:59:57,55.99,4438,55.99,D
sh688777,中控技术,2025-10-10 11:00:00,55.99,4623,55.99,D
sh688777,中控技术,2025-10-10 11:00:04,55.99,30461,55.99,D
sh688777,中控技术,2025-10-10 11:00:33,55.99,4411,55.99,U
sh688777,中控技术,2025-10-10 11:00:36,55.96,5200,55.99,D
sh688777,中控技术,2025-10-10 11:00:40,55.96,14041,55.96,D
sh688777,中控技术,2025-10-10 11:00:43,56.0,6926,55.96,U
sh688777,中控技术,2025-10-10 11:01:00,55.93,8598,55.99,D
sh688777,中控技术,2025-10-10 11:01:03,55.99,4460,55.93,U
sh688777,中控技术,2025-10-10 11:01:07,55.94,8661,55.99,D
sh688777,中控技术,2025-10-10 11:01:12,55.94,5370,55.94,D
sh688777,中控技术,2025-10-10 11:01:22,55.93,4407,55.94,D
sh688777,中控技术,2025-10-10 11:01:28,55.94,4184,55.95,U
sh688777,中控技术,2025-10-10 11:01:31,55.94,11209,55.94,D
sh688777,中控技术,2025-10-10 11:01:43,55.96,27772,55.95,E
sh688777,中控技术,2025-10-10 11:02:07,55.95,7500,55.96,D
sh688777,中控技术,2025-10-10 11:02:27,55.98,4829,55.98,U
sh688777,中控技术,2025-10-10 11:02:31,55.99,4954,55.98,U
sh688777,中控技术,2025-10-10 11:02:33,55.99,5340,55.99,U
sh688777,中控技术,2025-10-10 11:02:36,55.98,4607,55.99,D
sh688777,中控技术,2025-10-10 11:02:43,55.98,9927,55.98,D
sh688777,中控技术,2025-10-10 11:02:45,55.98,19900,55.98,D
sh688777,中控技术,2025-10-10 11:02:52,55.98,6736,55.99,D
sh688777,中控技术,2025-10-10 11:03:09,55.96,7252,55.98,D
sh688777,中控技术,2025-10-10 11:03:54,56.01,5000,56.01,D
sh688777,中控技术,2025-10-10 11:04:07,56.07,4174,56.03,U
sh688777,中控技术,2025-10-10 11:04:15,56.08,5783,56.07,U
sh688777,中控技术,2025-10-10 11:04:19,56.08,5000,56.08,D
sh688777,中控技术,2025-10-10 11:04:51,56.08,34187,56.08,D
sh688777,中控技术,2025-10-10 11:04:55,56.1,5396,56.08,U
sh688777,中控技术,2025-10-10 11:05:16,56.08,6583,56.07,E
sh688777,中控技术,2025-10-10 11:05:18,56.1,8883,56.08,U
sh688777,中控技术,2025-10-10 11:06:07,56.16,9742,56.11,U
sh688777,中控技术,2025-10-10 11:06:30,56.08,9681,56.11,D
sh688777,中控技术,2025-10-10 11:06:36,56.12,7500,56.08,U
sh688777,中控技术,2025-10-10 11:06:57,56.1,4255,56.08,U
sh688777,中控技术,2025-10-10 11:07:19,56.08,4000,56.1,D
sh688777,中控技术,2025-10-10 11:07:28,56.08,9617,56.14,D
sh688777,中控技术,2025-10-10 11:07:31,56.1,6000,56.08,E
sh688777,中控技术,2025-10-10 11:08:03,56.07,5590,56.07,U
sh688777,中控技术,2025-10-10 11:08:13,56.09,7833,56.07,U
sh688777,中控技术,2025-10-10 11:08:42,56.09,10000,56.1,D
sh688777,中控技术,2025-10-10 11:09:15,56.08,3624,56.08,D
sh688777,中控技术,2025-10-10 11:09:22,56.08,10000,56.1,D
sh688777,中控技术,2025-10-10 11:09:34,56.07,17223,56.09,D
sh688777,中控技术,2025-10-10 11:09:54,56.09,5800,56.1,D
sh688777,中控技术,2025-10-10 11:10:06,56.1,4815,56.1,U
sh688777,中控技术,2025-10-10 11:10:09,56.1,7724,56.1,U
sh688777,中控技术,2025-10-10 11:10:27,56.09,5000,56.11,D
sh688777,中控技术,2025-10-10 11:10:33,56.09,5369,56.09,D
sh688777,中控技术,2025-10-10 11:10:49,56.1,19068,56.09,U
sh688777,中控技术,2025-10-10 11:10:52,56.09,5000,56.1,D
sh688777,中控技术,2025-10-10 11:11:10,56.1,11500,56.1,U
sh688777,中控技术,2025-10-10 11:11:19,56.06,10000,56.09,D
sh688777,中控技术,2025-10-10 11:11:42,56.05,5775,56.05,D
sh688777,中控技术,2025-10-10 11:11:52,56.06,5665,56.04,U
sh688777,中控技术,2025-10-10 11:11:57,56.05,4339,56.06,D
sh688777,中控技术,2025-10-10 11:12:07,56.05,9883,56.07,D
sh688777,中控技术,2025-10-10 11:12:18,56.04,6940,56.03,U
sh688777,中控技术,2025-10-10 11:12:22,56.03,5965,56.04,D
sh688777,中控技术,2025-10-10 11:13:01,56.04,8817,56.04,U
sh688777,中控技术,2025-10-10 11:13:09,56.03,6156,56.03,U
sh688777,中控技术,2025-10-10 11:13:25,56.02,10201,56.04,D
sh688777,中控技术,2025-10-10 11:13:30,56.04,5360,56.02,E
sh688777,中控技术,2025-10-10 11:14:09,56.01,4023,56.02,D
sh688777,中控技术,2025-10-10 11:14:19,55.98,34278,56.01,D
sh688777,中控技术,2025-10-10 11:14:21,55.96,3976,55.98,D
sh688777,中控技术,2025-10-10 11:14:39,55.95,5597,55.96,D
sh688777,中控技术,2025-10-10 11:14:43,56.02,19611,55.95,U
sh688777,中控技术,2025-10-10 11:14:45,56.0,16962,56.02,D
sh688777,中控技术,2025-10-10 11:14:57,55.94,5309,55.94,D
sh688777,中控技术,2025-10-10 11:15:00,55.95,6697,55.94,U
sh688777,中控技术,2025-10-10 11:15:04,55.99,3636,55.95,U
sh688777,中控技术,2025-10-10 11:15:07,55.97,5708,55.99,E
sh688777,中控技术,2025-10-10 11:15:16,55.94,5676,55.99,D
sh688777,中控技术,2025-10-10 11:15:22,55.94,7877,55.99,D
sh688777,中控技术,2025-10-10 11:15:28,55.98,5705,55.94,U
sh688777,中控技术,2025-10-10 11:15:33,55.93,11793,55.93,D
sh688777,中控技术,2025-10-10 11:15:39,55.94,12500,55.93,D
sh688777,中控技术,2025-10-10 11:16:01,55.93,7200,55.94,D
sh688777,中控技术,2025-10-10 11:16:06,55.94,6038,55.94,U
sh688777,中控技术,2025-10-10 11:16:13,55.94,5013,55.93,U
sh688777,中控技术,2025-10-10 11:16:22,55.97,12173,55.93,U
sh688777,中控技术,2025-10-10 11:16:25,55.99,12227,55.97,U
sh688777,中控技术,2025-10-10 11:17:04,55.94,10862,55.94,U
sh688777,中控技术,2025-10-10 11:17:28,55.95,12856,55.95,U
sh688777,中控技术,2025-10-10 11:17:30,55.94,10479,55.95,D
sh688777,中控技术,2025-10-10 11:17:54,55.92,3997,55.94,D
sh688777,中控技术,2025-10-10 11:18:07,55.91,5370,55.93,D
sh688777,中控技术,2025-10-10 11:18:09,55.93,4413,55.91,U
sh688777,中控技术,2025-10-10 11:18:58,55.93,28834,55.94,D
sh688777,中控技术,2025-10-10 11:19:18,55.92,12617,55.92,D
sh688777,中控技术,2025-10-10 11:19:25,55.93,22772,55.91,U
sh688777,中控技术,2025-10-10 11:19:27,55.91,11595,55.93,D
sh688777,中控技术,2025-10-10 11:19:34,55.91,19778,55.91,U
sh688777,中控技术,2025-10-10 11:19:42,55.9,27514,55.91,D
sh688777,中控技术,2025-10-10 11:20:09,55.94,7536,55.93,U
sh688777,中控技术,2025-10-10 11:20:28,55.94,6400,55.94,U
sh688777,中控技术,2025-10-10 11:20:33,55.92,5756,55.94,D
sh688777,中控技术,2025-10-10 11:20:37,55.92,6600,55.92,D
sh688777,中控技术,2025-10-10 11:20:49,55.94,9444,55.93,U
sh688777,中控技术,2025-10-10 11:21:09,55.93,13932,55.93,U
sh688777,中控技术,2025-10-10 11:21:30,55.92,6048,55.92,D
sh688777,中控技术,2025-10-10 11:21:40,55.9,48489,55.91,D
sh688777,中控技术,2025-10-10 11:21:43,55.9,7783,55.9,U
sh688777,中控技术,2025-10-10 11:21:54,55.88,13220,55.88,D
sh688777,中控技术,2025-10-10 11:21:58,55.87,23921,55.88,D
sh688777,中控技术,2025-10-10 11:22:06,55.88,3956,55.87,U
sh688777,中控技术,2025-10-10 11:22:13,55.81,54787,55.86,D
sh688777,中控技术,2025-10-10 11:22:18,55.82,8507,55.81,U
sh688777,中控技术,2025-10-10 11:22:24,55.81,9700,55.82,D
sh688777,中控技术,2025-10-10 11:22:27,55.83,11400,55.81,U
sh688777,中控技术,2025-10-10 11:22:37,55.82,6772,55.82,D
sh688777,中控技术,2025-10-10 11:22:39,55.83,3617,55.82,U
sh688777,中控技术,2025-10-10 11:22:55,55.81,18650,55.81,D
sh688777,中控技术,2025-10-10 11:23:01,55.81,5470,55.81,D
sh688777,中控技术,2025-10-10 11:23:03,55.82,26956,55.81,U
sh688777,中控技术,2025-10-10 11:23:16,55.8,11927,55.81,D
sh688777,中控技术,2025-10-10 11:23:18,55.81,4042,55.8,E
sh688777,中控技术,2025-10-10 11:23:21,55.81,15456,55.81,U
sh688777,中控技术,2025-10-10 11:23:27,55.82,5108,55.81,U
sh688777,中控技术,2025-10-10 11:23:33,55.82,13240,55.82,U
sh688777,中控技术,2025-10-10 11:23:45,55.83,6350,55.83,D
sh688777,中控技术,2025-10-10 11:23:54,55.82,11373,55.83,D
sh688777,中控技术,2025-10-10 11:23:58,55.82,8699,55.82,D
sh688777,中控技术,2025-10-10 11:24:03,55.83,14896,55.83,U
sh688777,中控技术,2025-10-10 11:24:06,55.83,28744,55.83,U
sh688777,中控技术,2025-10-10 11:24:10,55.81,5248,55.83,D
sh688777,中控技术,2025-10-10 11:24:12,55.8,4200,55.81,D
sh688777,中控技术,2025-10-10 11:24:22,55.8,14722,55.81,D
sh688777,中控技术,2025-10-10 11:24:24,55.8,57058,55.8,D
sh688777,中控技术,2025-10-10 11:24:27,55.79,14055,55.8,D
sh688777,中控技术,2025-10-10 11:24:34,55.79,7178,55.79,U
sh688777,中控技术,2025-10-10 11:24:37,55.78,3960,55.79,D
sh688777,中控技术,2025-10-10 11:24:43,55.77,57588,55.79,D
sh688777,中控技术,2025-10-10 11:24:49,55.76,12706,55.75,E
sh688777,中控技术,2025-10-10 11:24:55,55.7,12118,55.75,D
sh688777,中控技术,2025-10-10 11:24:57,55.7,11526,55.7,D
sh688777,中控技术,2025-10-10 11:25:03,55.69,17008,55.69,D
sh688777,中控技术,2025-10-10 11:25:10,55.67,6647,55.69,D
sh688777,中控技术,2025-10-10 11:25:13,55.62,23557,55.67,D
sh688777,中控技术,2025-10-10 11:25:19,55.67,7208,55.66,U
sh688777,中控技术,2025-10-10 11:25:22,55.67,3777,55.67,D
sh688777,中控技术,2025-10-10 11:25:24,55.66,13194,55.67,D
sh688777,中控技术,2025-10-10 11:25:34,55.64,9596,55.65,D
sh688777,中控技术,2025-10-10 11:25:36,55.67,6230,55.64,U
sh688777,中控技术,2025-10-10 11:25:40,55.64,8438,55.67,D
sh688777,中控技术,2025-10-10 11:25:45,55.63,4206,55.64,D
sh688777,中控技术,2025-10-10 11:25:49,55.61,26805,55.63,D
sh688777,中控技术,2025-10-10 11:25:52,55.6,20115,55.61,D
sh688777,中控技术,2025-10-10 11:25:55,55.63,11997,55.6,U
sh688777,中控技术,2025-10-10 11:26:00,55.65,40205,55.61,U
sh688777,中控技术,2025-10-10 11:26:04,55.69,6947,55.65,U
sh688777,中控技术,2025-10-10 11:26:07,55.65,13163,55.69,D
sh688777,中控技术,2025-10-10 11:26:12,55.65,10030,55.69,D
sh688777,中控技术,2025-10-10 11:26:15,55.74,6026,55.65,U
sh688777,中控技术,2025-10-10 11:26:25,55.65,10251,55.69,D
sh688777,中控技术,2025-10-10 11:26:27,55.65,3847,55.65,U
sh688777,中控技术,2025-10-10 11:26:33,55.65,18839,55.64,D
sh688777,中控技术,2025-10-10 11:26:43,55.65,5098,55.65,U
sh688777,中控技术,2025-10-10 11:26:51,55.65,10000,55.69,D
sh688777,中控技术,2025-10-10 11:26:58,55.65,28000,55.69,D
sh688777,中控技术,2025-10-10 11:27:07,55.66,32414,55.66,D
sh688777,中控技术,2025-10-10 11:27:12,55.68,5870,55.68,D
sh688777,中控技术,2025-10-10 11:27:24,55.68,5200,55.68,U
sh688777,中控技术,2025-10-10 11:27:27,55.67,20980,55.68,D
sh688777,中控技术,2025-10-10 11:27:31,55.67,3897,55.67,D
sh688777,中控技术,2025-10-10 11:27:40,55.66,3605,55.67,D
sh688777,中控技术,2025-10-10 11:27:43,55.65,16306,55.66,D
sh688777,中控技术,2025-10-10 11:27:46,55.67,7217,55.65,U
sh688777,中控技术,2025-10-10 11:27:49,55.68,11870,55.67,U
sh688777,中控技术,2025-10-10 11:27:57,55.67,10545,55.67,D
sh688777,中控技术,2025-10-10 11:28:00,55.67,7303,55.67,D
sh688777,中控技术,2025-10-10 11:28:07,55.67,4635,55.67,U
sh688777,中控技术,2025-10-10 11:28:10,55.66,6021,55.67,D
sh688777,中控技术,2025-10-10 11:28:16,55.66,14871,55.67,D
sh688777,中控技术,2025-10-10 11:28:27,55.67,11212,55.67,D
sh688777,中控技术,2025-10-10 11:28:37,55.72,5972,55.72,U
sh688777,中控技术,2025-10-10 11:28:43,55.68,12553,55.72,D
sh688777,中控技术,2025-10-10 11:28:55,55.68,10673,55.68,U
sh688777,中控技术,2025-10-10 11:28:58,55.68,20992,55.68,U
sh688777,中控技术,2025-10-10 11:29:15,55.67,7266,55.67,U
sh688777,中控技术,2025-10-10 11:29:18,55.68,6212,55.67,U
sh688777,中控技术,2025-10-10 11:29:24,55.66,10200,55.68,D
sh688777,中控技术,2025-10-10 11:29:40,55.72,6798,55.68,U
sh688777,中控技术,2025-10-10 11:29:54,55.72,4030,55.72,D
sh688777,中控技术,2025-10-10 13:00:03,55.73,29923,55.72,U
sh688777,中控技术,2025-10-10 13:00:06,55.8,19701,55.73,U
sh688777,中控技术,2025-10-10 13:00:09,55.75,9147,55.8,D
sh688777,中控技术,2025-10-10 13:00:12,55.78,9846,55.75,D
sh688777,中控技术,2025-10-10 13:00:15,55.74,5321,55.78,D
sh688777,中控技术,2025-10-10 13:00:25,55.74,7442,55.74,D
sh688777,中控技术,2025-10-10 13:00:34,55.77,5505,55.73,D
sh688777,中控技术,2025-10-10 13:00:48,55.73,7144,55.73,D
sh688777,中控技术,2025-10-10 13:00:51,55.73,7340,55.73,D
sh688777,中控技术,2025-10-10 13:01:12,55.79,9594,55.79,D
sh688777,中控技术,2025-10-10 13:01:16,55.82,7104,55.79,U
sh688777,中控技术,2025-10-10 13:01:19,55.84,9190,55.82,U
sh688777,中控技术,2025-10-10 13:01:25,55.85,9400,55.84,U
sh688777,中控技术,2025-10-10 13:01:31,55.89,12518,55.85,U
sh688777,中控技术,2025-10-10 13:01:52,55.93,6254,55.92,U
sh688777,中控技术,2025-10-10 13:01:55,55.9,9930,55.93,D
sh688777,中控技术,2025-10-10 13:02:12,55.85,3648,55.86,D
sh688777,中控技术,2025-10-10 13:02:18,55.83,5481,55.85,D
sh688777,中控技术,2025-10-10 13:02:40,55.85,5353,55.82,U
sh688777,中控技术,2025-10-10 13:02:51,55.85,3600,55.84,U
sh688777,中控技术,2025-10-10 13:03:01,55.82,20269,55.86,D
sh688777,中控技术,2025-10-10 13:03:31,55.93,6024,55.93,U
sh688777,中控技术,2025-10-10 13:04:01,55.86,3725,55.86,D
sh688777,中控技术,2025-10-10 13:04:19,55.89,6594,55.9,U
sh688777,中控技术,2025-10-10 13:05:25,55.9,11768,55.88,U
sh688777,中控技术,2025-10-10 13:05:37,55.89,5805,55.9,D
sh688777,中控技术,2025-10-10 13:05:40,55.85,8810,55.89,D
sh688777,中控技术,2025-10-10 13:05:43,55.86,4130,55.85,U
sh688777,中控技术,2025-10-10 13:06:04,55.84,6475,55.85,D
sh688777,中控技术,2025-10-10 13:06:07,55.8,11568,55.84,D
sh688777,中控技术,2025-10-10 13:06:16,55.85,12620,55.79,U
sh688777,中控技术,2025-10-10 13:06:22,55.8,10602,55.85,D
sh688777,中控技术,2025-10-10 13:06:40,55.8,8415,55.83,D
sh688777,中控技术,2025-10-10 13:06:43,55.84,4982,55.8,U
sh688777,中控技术,2025-10-10 13:06:55,55.86,24384,55.8,U
sh688777,中控技术,2025-10-10 13:07:01,55.84,21301,55.86,E
sh688777,中控技术,2025-10-10 13:07:10,55.84,5700,55.8,U
sh688777,中控技术,2025-10-10 13:07:16,55.85,14582,55.83,U
sh688777,中控技术,2025-10-10 13:07:21,55.85,5546,55.85,D
sh688777,中控技术,2025-10-10 13:07:37,55.81,10682,55.81,U
sh688777,中控技术,2025-10-10 13:07:43,55.81,4672,55.81,U
sh688777,中控技术,2025-10-10 13:07:54,55.81,6613,55.81,U
sh688777,中控技术,2025-10-10 13:08:03,55.8,4300,55.8,U
sh688777,中控技术,2025-10-10 13:08:06,55.88,35427,55.8,U
sh688777,中控技术,2025-10-10 13:08:09,55.89,16354,55.88,U
sh688777,中控技术,2025-10-10 13:08:12,55.93,18136,55.89,U
sh688777,中控技术,2025-10-10 13:08:33,55.97,4026,55.95,U
sh688777,中控技术,2025-10-10 13:09:00,55.93,17494,55.95,D
sh688777,中控技术,2025-10-10 13:09:12,55.93,24809,55.89,U
sh688777,中控技术,2025-10-10 13:09:48,55.88,6185,55.88,D
sh688777,中控技术,2025-10-10 13:10:13,55.9,63885,55.86,U
sh688777,中控技术,2025-10-10 13:10:18,55.93,16800,55.93,U
sh688777,中控技术,2025-10-10 13:10:22,56.01,123211,55.93,U
sh688777,中控技术,2025-10-10 13:10:24,56.03,70675,56.01,U
sh688777,中控技术,2025-10-10 13:10:39,55.98,6430,56.03,D
sh688777,中控技术,2025-10-10 13:10:46,55.98,3871,55.98,U
sh688777,中控技术,2025-10-10 13:10:49,55.97,20098,55.98,D
sh688777,中控技术,2025-10-10 13:11:19,56.17,4100,56.09,U
sh688777,中控技术,2025-10-10 13:11:27,56.16,8042,56.17,D
sh688777,中控技术,2025-10-10 13:11:31,56.2,8820,56.16,U
sh688777,中控技术,2025-10-10 13:11:33,56.2,8300,56.2,D
sh688777,中控技术,2025-10-10 13:11:46,56.26,7943,56.22,U
sh688777,中控技术,2025-10-10 13:11:49,56.27,5970,56.26,U
sh688777,中控技术,2025-10-10 13:11:52,56.27,10128,56.27,D
sh688777,中控技术,2025-10-10 13:11:54,56.25,4083,56.27,D
sh688777,中控技术,2025-10-10 13:12:03,56.28,15684,56.25,U
sh688777,中控技术,2025-10-10 13:12:19,56.32,5783,56.31,U
sh688777,中控技术,2025-10-10 13:12:27,56.37,3800,56.35,U
sh688777,中控技术,2025-10-10 13:12:30,56.39,8728,56.37,U
sh688777,中控技术,2025-10-10 13:12:39,56.39,5039,56.37,U
sh688777,中控技术,2025-10-10 13:12:42,56.38,6263,56.39,D
sh688777,中控技术,2025-10-10 13:12:48,56.4,20733,56.39,U
sh688777,中控技术,2025-10-10 13:12:57,56.43,7506,56.4,U
sh688777,中控技术,2025-10-10 13:13:03,56.48,16997,56.44,U
sh688777,中控技术,2025-10-10 13:13:06,56.49,5519,56.48,U
sh688777,中控技术,2025-10-10 13:13:10,56.5,11665,56.49,U
sh688777,中控技术,2025-10-10 13:13:12,56.51,3802,56.5,E
sh688777,中控技术,2025-10-10 13:13:19,56.49,12559,56.5,D
sh688777,中控技术,2025-10-10 13:13:22,56.44,11693,56.49,D
sh688777,中控技术,2025-10-10 13:13:24,56.44,7400,56.44,D
sh688777,中控技术,2025-10-10 13:13:28,56.44,16443,56.44,D
sh688777,中控技术,2025-10-10 13:13:33,56.49,3705,56.44,U
sh688777,中控技术,2025-10-10 13:13:36,56.5,9363,56.49,U
sh688777,中控技术,2025-10-10 13:13:40,56.49,7258,56.5,E
sh688777,中控技术,2025-10-10 13:13:45,56.5,6527,56.5,D
sh688777,中控技术,2025-10-10 13:13:49,56.5,8061,56.5,D
sh688777,中控技术,2025-10-10 13:13:52,56.5,7360,56.5,D
sh688777,中控技术,2025-10-10 13:13:55,56.51,3647,56.5,U
sh688777,中控技术,2025-10-10 13:13:58,56.53,8277,56.51,U
sh688777,中控技术,2025-10-10 13:14:00,56.53,4546,56.53,D
sh688777,中控技术,2025-10-10 13:14:25,56.44,15083,56.44,U
sh688777,中控技术,2025-10-10 13:14:31,56.42,12748,56.44,E
sh688777,中控技术,2025-10-10 13:14:34,56.39,4574,56.42,D
sh688777,中控技术,2025-10-10 13:14:36,56.4,14577,56.39,U
sh688777,中控技术,2025-10-10 13:14:39,56.44,30641,56.4,U
sh688777,中控技术,2025-10-10 13:14:46,56.5,7419,56.49,U
sh688777,中控技术,2025-10-10 13:14:48,56.5,5136,56.5,U
sh688777,中控技术,2025-10-10 13:14:51,56.52,5623,56.5,U
sh688777,中控技术,2025-10-10 13:14:57,56.49,3775,56.5,E
sh688777,中控技术,2025-10-10 13:15:04,56.49,11046,56.49,U
sh688777,中控技术,2025-10-10 13:15:06,56.48,11479,56.49,U
sh688777,中控技术,2025-10-10 13:15:09,56.46,8235,56.48,E
sh688777,中控技术,2025-10-10 13:15:12,56.5,6389,56.46,U
sh688777,中控技术,2025-10-10 13:15:19,56.51,8389,56.51,D
sh688777,中控技术,2025-10-10 13:15:21,56.52,8611,56.51,U
sh688777,中控技术,2025-10-10 13:15:24,56.51,13889,56.52,E
sh688777,中控技术,2025-10-10 13:15:37,56.53,16629,56.52,U
sh688777,中控技术,2025-10-10 13:15:39,56.5,26319,56.53,D
sh688777,中控技术,2025-10-10 13:15:43,56.5,6748,56.5,U
sh688777,中控技术,2025-10-10 13:15:46,56.5,5846,56.5,U
sh688777,中控技术,2025-10-10 13:15:49,56.54,5142,56.5,U
sh688777,中控技术,2025-10-10 13:15:51,56.5,8834,56.54,D
sh688777,中控技术,2025-10-10 13:15:55,56.5,13860,56.5,D
sh688777,中控技术,2025-10-10 13:15:57,56.5,5990,56.5,U
sh688777,中控技术,2025-10-10 13:16:00,56.5,11045,56.5,U
sh688777,中控技术,2025-10-10 13:16:03,56.52,6152,56.5,U
sh688777,中控技术,2025-10-10 13:16:07,56.52,8615,56.52,D
sh688777,中控技术,2025-10-10 13:16:09,56.53,12664,56.52,U
sh688777,中控技术,2025-10-10 13:16:12,56.53,12414,56.53,D
sh688777,中控技术,2025-10-10 13:16:16,56.56,17377,56.53,U
sh688777,中控技术,2025-10-10 13:16:19,56.57,4900,56.56,U
sh688777,中控技术,2025-10-10 13:16:21,56.64,21089,56.57,U
sh688777,中控技术,2025-10-10 13:16:25,56.58,18514,56.64,D
sh688777,中控技术,2025-10-10 13:16:28,56.66,3712,56.58,U
sh688777,中控技术,2025-10-10 13:16:31,56.66,5630,56.66,U
sh688777,中控技术,2025-10-10 13:16:36,56.64,10992,56.64,D
sh688777,中控技术,2025-10-10 13:16:39,56.63,8847,56.64,E
sh688777,中控技术,2025-10-10 13:16:43,56.66,17308,56.63,U
sh688777,中控技术,2025-10-10 13:16:45,56.68,8490,56.66,U
sh688777,中控技术,2025-10-10 13:16:49,56.71,34276,56.68,U
sh688777,中控技术,2025-10-10 13:16:51,56.66,40414,56.71,D
sh688777,中控技术,2025-10-10 13:16:54,56.68,10762,56.66,U
sh688777,中控技术,2025-10-10 13:16:57,56.64,9110,56.68,D
sh688777,中控技术,2025-10-10 13:17:00,56.61,17048,56.64,E
sh688777,中控技术,2025-10-10 13:17:03,56.66,13261,56.61,U
sh688777,中控技术,2025-10-10 13:17:06,56.6,5337,56.66,D
sh688777,中控技术,2025-10-10 13:17:09,56.68,12144,56.6,U
sh688777,中控技术,2025-10-10 13:17:13,56.67,8357,56.68,E
sh688777,中控技术,2025-10-10 13:17:19,56.61,27969,56.6,E
sh688777,中控技术,2025-10-10 13:17:22,56.6,9350,56.61,U
sh688777,中控技术,2025-10-10 13:17:24,56.59,8255,56.6,U
sh688777,中控技术,2025-10-10 13:17:27,56.59,4199,56.59,U
sh688777,中控技术,2025-10-10 13:17:30,56.59,10193,56.59,U
sh688777,中控技术,2025-10-10 13:17:34,56.59,15605,56.59,U
sh688777,中控技术,2025-10-10 13:17:37,56.6,8651,56.59,U
sh688777,中控技术,2025-10-10 13:17:40,56.63,3700,56.6,U
sh688777,中控技术,2025-10-10 13:17:43,56.6,3954,56.63,D
sh688777,中控技术,2025-10-10 13:17:49,56.6,9597,56.6,U
sh688777,中控技术,2025-10-10 13:17:52,56.6,3988,56.6,U
sh688777,中控技术,2025-10-10 13:18:01,56.56,16399,56.6,E
sh688777,中控技术,2025-10-10 13:18:06,56.6,11973,56.61,U
sh688777,中控技术,2025-10-10 13:18:10,56.57,18300,56.6,U
sh688777,中控技术,2025-10-10 13:18:12,56.57,5531,56.57,D
sh688777,中控技术,2025-10-10 13:18:16,56.47,8457,56.57,D
sh688777,中控技术,2025-10-10 13:18:19,56.52,5972,56.47,E
sh688777,中控技术,2025-10-10 13:18:22,56.55,6562,56.52,U
sh688777,中控技术,2025-10-10 13:18:33,56.52,11924,56.52,U
sh688777,中控技术,2025-10-10 13:18:39,56.5,6866,56.51,E
sh688777,中控技术,2025-10-10 13:18:43,56.46,5117,56.5,D
sh688777,中控技术,2025-10-10 13:18:45,56.46,4409,56.46,U
sh688777,中控技术,2025-10-10 13:18:49,56.42,12431,56.46,D
sh688777,中控技术,2025-10-10 13:18:51,56.45,3750,56.42,U
sh688777,中控技术,2025-10-10 13:18:54,56.41,6117,56.45,D
sh688777,中控技术,2025-10-10 13:18:57,56.4,4550,56.41,D
sh688777,中控技术,2025-10-10 13:19:01,56.4,6901,56.4,U
sh688777,中控技术,2025-10-10 13:19:04,56.45,3764,56.4,U
sh688777,中控技术,2025-10-10 13:19:07,56.52,20219,56.45,U
sh688777,中控技术,2025-10-10 13:19:09,56.51,8613,56.52,E
sh688777,中控技术,2025-10-10 13:19:13,56.52,3800,56.51,E
sh688777,中控技术,2025-10-10 13:19:15,56.52,23992,56.52,D
sh688777,中控技术,2025-10-10 13:19:19,56.6,24043,56.52,U
sh688777,中控技术,2025-10-10 13:19:21,56.64,4768,56.6,U
sh688777,中控技术,2025-10-10 13:19:24,56.65,8577,56.64,U
sh688777,中控技术,2025-10-10 13:19:31,56.67,7080,56.66,E
sh688777,中控技术,2025-10-10 13:19:33,56.66,6014,56.67,U
sh688777,中控技术,2025-10-10 13:19:37,56.67,17481,56.66,D
sh688777,中控技术,2025-10-10 13:19:39,56.7,7784,56.67,U
sh688777,中控技术,2025-10-10 13:19:42,56.68,6258,56.7,E
sh688777,中控技术,2025-10-10 13:19:45,56.7,15557,56.68,U
sh688777,中控技术,2025-10-10 13:19:48,56.69,9653,56.7,D
sh688777,中控技术,2025-10-10 13:19:52,56.72,9915,56.69,U
sh688777,中控技术,2025-10-10 13:19:54,56.76,11775,56.72,U
sh688777,中控技术,2025-10-10 13:19:58,56.8,43125,56.76,U
sh688777,中控技术,2025-10-10 13:20:00,56.88,147353,56.8,U
sh688777,中控技术,2025-10-10 13:20:04,56.98,44186,56.88,U
sh688777,中控技术,2025-10-10 13:20:07,57.0,31364,56.98,U
sh688777,中控技术,2025-10-10 13:20:10,57.0,89341,57.0,U
sh688777,中控技术,2025-10-10 13:20:12,57.0,70256,57.0,U
sh688777,中控技术,2025-10-10 13:20:16,57.05,8935,57.0,U
sh688777,中控技术,2025-10-10 13:20:19,57.0,5551,57.05,D
sh688777,中控技术,2025-10-10 13:20:21,57.05,65008,57.0,U
sh688777,中控技术,2025-10-10 13:20:25,57.04,41546,57.05,D
sh688777,中控技术,2025-10-10 13:20:28,57.06,22576,57.04,E
sh688777,中控技术,2025-10-10 13:20:30,57.06,7223,57.06,D
sh688777,中控技术,2025-10-10 13:20:33,57.09,10695,57.06,E
sh688777,中控技术,2025-10-10 13:20:36,57.13,4833,57.09,E
sh688777,中控技术,2025-10-10 13:20:39,57.13,14866,57.13,E
sh688777,中控技术,2025-10-10 13:20:42,57.14,9985,57.13,U
sh688777,中控技术,2025-10-10 13:20:46,57.14,7988,57.14,U
sh688777,中控技术,2025-10-10 13:20:49,57.13,8410,57.14,D
sh688777,中控技术,2025-10-10 13:20:52,57.17,40213,57.13,U
sh688777,中控技术,2025-10-10 13:20:55,57.18,24837,57.17,U
sh688777,中控技术,2025-10-10 13:20:57,57.1,18158,57.18,D
sh688777,中控技术,2025-10-10 13:21:00,57.21,25186,57.1,U
sh688777,中控技术,2025-10-10 13:21:03,57.22,9561,57.21,U
sh688777,中控技术,2025-10-10 13:21:07,57.21,25028,57.22,D
sh688777,中控技术,2025-10-10 13:21:10,57.27,21879,57.21,U
sh688777,中控技术,2025-10-10 13:21:12,57.3,21469,57.27,U
sh688777,中控技术,2025-10-10 13:21:15,57.35,5537,57.3,U
sh688777,中控技术,2025-10-10 13:21:19,57.37,14548,57.35,U
sh688777,中控技术,2025-10-10 13:21:21,57.39,12828,57.37,U
sh688777,中控技术,2025-10-10 13:21:24,57.4,14938,57.39,D
sh688777,中控技术,2025-10-10 13:21:28,57.44,17548,57.4,U
sh688777,中控技术,2025-10-10 13:21:31,57.46,6224,57.44,U
sh688777,中控技术,2025-10-10 13:21:34,57.48,20140,57.46,U
sh688777,中控技术,2025-10-10 13:21:36,57.5,28148,57.48,U
sh688777,中控技术,2025-10-10 13:21:40,57.58,91536,57.5,U
sh688777,中控技术,2025-10-10 13:21:42,57.95,96537,57.58,U
sh688777,中控技术,2025-10-10 13:21:46,58.0,42286,57.95,U
sh688777,中控技术,2025-10-10 13:21:49,58.03,11331,58.0,U
sh688777,中控技术,2025-10-10 13:21:51,58.1,29560,58.03,U
sh688777,中控技术,2025-10-10 13:21:55,58.09,46082,58.1,D
sh688777,中控技术,2025-10-10 13:21:57,57.92,69483,58.09,D
sh688777,中控技术,2025-10-10 13:22:00,57.85,26816,57.92,D
sh688777,中控技术,2025-10-10 13:22:03,57.98,43653,57.85,U
sh688777,中控技术,2025-10-10 13:22:07,57.79,9030,57.98,D
sh688777,中控技术,2025-10-10 13:22:09,57.66,7992,57.79,D
sh688777,中控技术,2025-10-10 13:22:13,57.73,11382,57.66,U
sh688777,中控技术,2025-10-10 13:22:16,57.75,14174,57.73,U
sh688777,中控技术,2025-10-10 13:22:19,57.9,38884,57.75,U
sh688777,中控技术,2025-10-10 13:22:22,57.91,52865,57.9,U
sh688777,中控技术,2025-10-10 13:22:24,57.95,3956,57.91,E
sh688777,中控技术,2025-10-10 13:22:27,57.93,39515,57.95,D
sh688777,中控技术,2025-10-10 13:22:30,58.0,21558,57.93,U
sh688777,中控技术,2025-10-10 13:22:34,58.06,69829,58.0,U
sh688777,中控技术,2025-10-10 13:22:37,58.14,94734,58.06,U
sh688777,中控技术,2025-10-10 13:22:39,57.97,100409,58.14,D
sh688777,中控技术,2025-10-10 13:22:43,57.98,132879,57.97,U
sh688777,中控技术,2025-10-10 13:22:46,58.06,50524,57.98,U
sh688777,中控技术,2025-10-10 13:22:49,57.98,144175,58.06,D
sh688777,中控技术,2025-10-10 13:22:52,57.91,34325,57.98,D
sh688777,中控技术,2025-10-10 13:22:55,57.81,19607,57.91,D
sh688777,中控技术,2025-10-10 13:22:58,57.93,11884,57.81,E
sh688777,中控技术,2025-10-10 13:23:01,57.81,17945,57.93,D
sh688777,中控技术,2025-10-10 13:23:04,57.93,16528,57.81,E
sh688777,中控技术,2025-10-10 13:23:07,57.94,8134,57.93,D
sh688777,中控技术,2025-10-10 13:23:09,57.92,8166,57.94,D
sh688777,中控技术,2025-10-10 13:23:12,57.92,44977,57.92,U
sh688777,中控技术,2025-10-10 13:23:16,57.88,9906,57.92,E
sh688777,中控技术,2025-10-10 13:23:19,57.8,36929,57.88,D
sh688777,中控技术,2025-10-10 13:23:21,57.75,19359,57.8,D
sh688777,中控技术,2025-10-10 13:23:24,57.76,14073,57.75,E
sh688777,中控技术,2025-10-10 13:23:27,57.74,15432,57.76,E
sh688777,中控技术,2025-10-10 13:23:30,57.69,14401,57.74,E
sh688777,中控技术,2025-10-10 13:23:33,57.62,22243,57.69,D
sh688777,中控技术,2025-10-10 13:23:36,57.69,14423,57.62,U
sh688777,中控技术,2025-10-10 13:23:39,57.61,14720,57.69,D
sh688777,中控技术,2025-10-10 13:23:43,57.61,3935,57.61,U
sh688777,中控技术,2025-10-10 13:23:45,57.48,11100,57.61,D
sh688777,中控技术,2025-10-10 13:23:48,57.53,25436,57.48,U
sh688777,中控技术,2025-10-10 13:23:52,57.46,5025,57.53,E
sh688777,中控技术,2025-10-10 13:23:55,57.49,5200,57.46,U
sh688777,中控技术,2025-10-10 13:23:58,57.56,13471,57.49,U
sh688777,中控技术,2025-10-10 13:24:00,57.54,4361,57.56,E
sh688777,中控技术,2025-10-10 13:24:03,57.56,9397,57.54,U
sh688777,中控技术,2025-10-10 13:24:07,57.59,8424,57.56,E
sh688777,中控技术,2025-10-10 13:24:10,57.56,18059,57.59,D
sh688777,中控技术,2025-10-10 13:24:13,57.56,9492,57.56,D
sh688777,中控技术,2025-10-10 13:24:16,57.54,21473,57.56,D
sh688777,中控技术,2025-10-10 13:24:18,57.49,35199,57.54,D
sh688777,中控技术,2025-10-10 13:24:21,57.43,25879,57.49,D
sh688777,中控技术,2025-10-10 13:24:24,57.46,10346,57.43,U
sh688777,中控技术,2025-10-10 13:24:28,57.45,10718,57.46,E
sh688777,中控技术,2025-10-10 13:24:30,57.39,26887,57.45,D
sh688777,中控技术,2025-10-10 13:24:34,57.39,23600,57.39,U
sh688777,中控技术,2025-10-10 13:24:37,57.38,10981,57.39,E
sh688777,中控技术,2025-10-10 13:24:40,57.38,8244,57.38,D
sh688777,中控技术,2025-10-10 13:24:43,57.4,11146,57.38,U
sh688777,中控技术,2025-10-10 13:24:45,57.41,21539,57.4,U
sh688777,中控技术,2025-10-10 13:24:49,57.42,7640,57.41,U
sh688777,中控技术,2025-10-10 13:24:51,57.42,6800,57.42,D
sh688777,中控技术,2025-10-10 13:24:57,57.47,7271,57.45,U
sh688777,中控技术,2025-10-10 13:25:01,57.45,4970,57.47,D
sh688777,中控技术,2025-10-10 13:25:04,57.45,6130,57.45,D
sh688777,中控技术,2025-10-10 13:25:07,57.5,21910,57.45,U
sh688777,中控技术,2025-10-10 13:25:12,57.53,6936,57.5,U
sh688777,中控技术,2025-10-10 13:25:16,57.54,6029,57.53,U
sh688777,中控技术,2025-10-10 13:25:19,57.53,8469,57.54,D
sh688777,中控技术,2025-10-10 13:25:22,57.53,88366,57.53,D
sh688777,中控技术,2025-10-10 13:25:24,57.53,6066,57.53,U
sh688777,中控技术,2025-10-10 13:25:28,57.54,10618,57.53,U
sh688777,中控技术,2025-10-10 13:25:33,57.54,6652,57.55,D
sh688777,中控技术,2025-10-10 13:25:37,57.54,5319,57.54,D
sh688777,中控技术,2025-10-10 13:25:40,57.59,7619,57.54,U
sh688777,中控技术,2025-10-10 13:25:46,57.59,9294,57.62,D
sh688777,中控技术,2025-10-10 13:25:48,57.65,17110,57.59,U
sh688777,中控技术,2025-10-10 13:25:51,57.65,5100,57.65,D
sh688777,中控技术,2025-10-10 13:25:55,57.65,5422,57.65,D
sh688777,中控技术,2025-10-10 13:25:58,57.57,39768,57.65,D
sh688777,中控技术,2025-10-10 13:26:00,57.51,57875,57.57,D
sh688777,中控技术,2025-10-10 13:26:03,57.46,31480,57.51,D
sh688777,中控技术,2025-10-10 13:26:06,57.46,7907,57.46,D
sh688777,中控技术,2025-10-10 13:26:12,57.44,4100,57.48,D
sh688777,中控技术,2025-10-10 13:26:15,57.43,8656,57.44,D
sh688777,中控技术,2025-10-10 13:26:18,57.35,57167,57.43,D
sh688777,中控技术,2025-10-10 13:26:22,57.3,20100,57.35,D
sh688777,中控技术,2025-10-10 13:26:25,57.28,5961,57.3,D
sh688777,中控技术,2025-10-10 13:26:28,57.3,10185,57.28,U
sh688777,中控技术,2025-10-10 13:26:31,57.27,22008,57.3,D
sh688777,中控技术,2025-10-10 13:26:34,57.25,15104,57.27,D
sh688777,中控技术,2025-10-10 13:26:36,57.2,6590,57.25,D
sh688777,中控技术,2025-10-10 13:26:42,57.2,22102,57.2,D
sh688777,中控技术,2025-10-10 13:26:46,57.28,10120,57.2,U
sh688777,中控技术,2025-10-10 13:26:48,57.2,11626,57.28,D
sh688777,中控技术,2025-10-10 13:26:52,57.32,10852,57.2,U
sh688777,中控技术,2025-10-10 13:26:55,57.22,11876,57.32,D
sh688777,中控技术,2025-10-10 13:27:00,57.32,12664,57.3,U
sh688777,中控技术,2025-10-10 13:27:04,57.29,4150,57.32,E
sh688777,中控技术,2025-10-10 13:27:06,57.33,5758,57.29,U
sh688777,中控技术,2025-10-10 13:27:09,57.32,12445,57.33,D
sh688777,中控技术,2025-10-10 13:27:12,57.32,4078,57.32,D
sh688777,中控技术,2025-10-10 13:27:16,57.32,9036,57.32,D
sh688777,中控技术,2025-10-10 13:27:19,57.25,6099,57.32,D
sh688777,中控技术,2025-10-10 13:27:21,57.32,39605,57.25,U
sh688777,中控技术,2025-10-10 13:27:30,57.32,5413,57.32,D
sh688777,中控技术,2025-10-10 13:27:36,57.3,10202,57.26,U
sh688777,中控技术,2025-10-10 13:27:40,57.35,14019,57.3,U
sh688777,中控技术,2025-10-10 13:27:42,57.35,3712,57.35,D
sh688777,中控技术,2025-10-10 13:27:48,57.36,3577,57.36,D
sh688777,中控技术,2025-10-10 13:27:54,57.36,8181,57.39,D
sh688777,中控技术,2025-10-10 13:28:00,57.39,7458,57.39,U
sh688777,中控技术,2025-10-10 13:28:03,57.44,6526,57.39,U
sh688777,中控技术,2025-10-10 13:28:07,57.39,66341,57.44,D
sh688777,中控技术,2025-10-10 13:28:16,57.41,4848,57.41,U
sh688777,中控技术,2025-10-10 13:28:18,57.41,9593,57.41,U
sh688777,中控技术,2025-10-10 13:28:25,57.32,19762,57.35,D
sh688777,中控技术,2025-10-10 13:28:40,57.3,5625,57.32,D
sh688777,中控技术,2025-10-10 13:28:43,57.26,3916,57.3,D
sh688777,中控技术,2025-10-10 13:28:46,57.26,8761,57.26,U
sh688777,中控技术,2025-10-10 13:28:48,57.28,9336,57.26,E
sh688777,中控技术,2025-10-10 13:28:51,57.24,11495,57.28,D
sh688777,中控技术,2025-10-10 13:28:55,57.2,20111,57.24,D
sh688777,中控技术,2025-10-10 13:28:58,57.21,12801,57.2,U
sh688777,中控技术,2025-10-10 13:29:06,57.23,5724,57.24,U
sh688777,中控技术,2025-10-10 13:29:31,57.26,6649,57.29,D
sh688777,中控技术,2025-10-10 13:29:37,57.25,8266,57.26,D
sh688777,中控技术,2025-10-10 13:29:42,57.3,5200,57.26,U
sh688777,中控技术,2025-10-10 13:30:00,57.28,5368,57.27,E
sh688777,中控技术,2025-10-10 13:30:07,57.27,9093,57.31,E
sh688777,中控技术,2025-10-10 13:30:10,57.31,7950,57.27,U
sh688777,中控技术,2025-10-10 13:30:12,57.18,62171,57.31,D
sh688777,中控技术,2025-10-10 13:30:15,57.15,11793,57.18,D
sh688777,中控技术,2025-10-10 13:30:21,57.21,16183,57.2,U
sh688777,中控技术,2025-10-10 13:30:28,57.14,8473,57.21,D
sh688777,中控技术,2025-10-10 13:30:31,57.11,26936,57.14,D
sh688777,中控技术,2025-10-10 13:30:33,57.15,12347,57.11,U
sh688777,中控技术,2025-10-10 13:30:36,57.11,9543,57.15,D
sh688777,中控技术,2025-10-10 13:30:39,57.15,11790,57.11,U
sh688777,中控技术,2025-10-10 13:30:43,57.1,7806,57.15,D
sh688777,中控技术,2025-10-10 13:30:55,57.2,12914,57.14,U
sh688777,中控技术,2025-10-10 13:30:57,57.2,5550,57.2,U
sh688777,中控技术,2025-10-10 13:31:07,57.31,3920,57.21,U
sh688777,中控技术,2025-10-10 13:31:19,57.2,5097,57.22,D
sh688777,中控技术,2025-10-10 13:31:24,57.2,9066,57.19,U
sh688777,中控技术,2025-10-10 13:31:30,57.21,7566,57.19,U
sh688777,中控技术,2025-10-10 13:31:36,57.21,5235,57.21,U
sh688777,中控技术,2025-10-10 13:31:43,57.2,14978,57.21,D
sh688777,中控技术,2025-10-10 13:32:00,57.2,7659,57.2,U
sh688777,中控技术,2025-10-10 13:32:10,57.2,10678,57.2,U
sh688777,中控技术,2025-10-10 13:32:12,57.24,4328,57.2,U
sh688777,中控技术,2025-10-10 13:32:21,57.27,5935,57.26,U
sh688777,中控技术,2025-10-10 13:32:25,57.23,5200,57.27,E
sh688777,中控技术,2025-10-10 13:32:33,57.23,4841,57.22,U
sh688777,中控技术,2025-10-10 13:32:36,57.23,5200,57.23,D
sh688777,中控技术,2025-10-10 13:32:46,57.3,9828,57.28,U
sh688777,中控技术,2025-10-10 13:32:48,57.26,3592,57.3,E
sh688777,中控技术,2025-10-10 13:32:55,57.3,5018,57.29,U
sh688777,中控技术,2025-10-10 13:32:58,57.33,5197,57.3,U
sh688777,中控技术,2025-10-10 13:33:09,57.36,5744,57.32,U
sh688777,中控技术,2025-10-10 13:33:15,57.35,11670,57.36,D
sh688777,中控技术,2025-10-10 13:33:22,57.29,73741,57.37,D
sh688777,中控技术,2025-10-10 13:33:27,57.37,23505,57.27,U
sh688777,中控技术,2025-10-10 13:33:33,57.37,10756,57.37,U
sh688777,中控技术,2025-10-10 13:33:36,57.41,10509,57.37,U
sh688777,中控技术,2025-10-10 13:33:42,57.57,17564,57.42,U
sh688777,中控技术,2025-10-10 13:33:45,57.6,8141,57.57,U
sh688777,中控技术,2025-10-10 13:33:55,57.6,5503,57.56,U
sh688777,中控技术,2025-10-10 13:34:00,57.64,52062,57.61,U
sh688777,中控技术,2025-10-10 13:34:06,57.69,16886,57.65,U
sh688777,中控技术,2025-10-10 13:34:09,57.7,8429,57.69,U
sh688777,中控技术,2025-10-10 13:34:12,57.87,27599,57.7,U
sh688777,中控技术,2025-10-10 13:34:15,58.03,153748,57.87,U
sh688777,中控技术,2025-10-10 13:34:19,58.07,17313,58.03,U
sh688777,中控技术,2025-10-10 13:34:22,58.09,20983,58.07,U
sh688777,中控技术,2025-10-10 13:34:25,58.14,42744,58.09,U
sh688777,中控技术,2025-10-10 13:34:28,58.16,14466,58.14,U
sh688777,中控技术,2025-10-10 13:34:31,58.15,59306,58.16,D
sh688777,中控技术,2025-10-10 13:34:33,58.23,50976,58.15,U
sh688777,中控技术,2025-10-10 13:34:37,58.51,143417,58.23,U
sh688777,中控技术,2025-10-10 13:34:40,58.51,35054,58.51,D
sh688777,中控技术,2025-10-10 13:34:43,58.53,19930,58.51,U
sh688777,中控技术,2025-10-10 13:34:46,58.48,41649,58.53,D
sh688777,中控技术,2025-10-10 13:34:48,58.52,33368,58.48,U
sh688777,中控技术,2025-10-10 13:34:51,58.51,26683,58.52,E
sh688777,中控技术,2025-10-10 13:34:54,58.47,81889,58.51,E
sh688777,中控技术,2025-10-10 13:34:57,58.49,11669,58.47,U
sh688777,中控技术,2025-10-10 13:35:01,58.53,43887,58.49,U
sh688777,中控技术,2025-10-10 13:35:03,58.4,28626,58.53,D
sh688777,中控技术,2025-10-10 13:35:07,58.35,26945,58.4,D
sh688777,中控技术,2025-10-10 13:35:09,58.32,31899,58.35,D
sh688777,中控技术,2025-10-10 13:35:16,58.35,32689,58.33,U
sh688777,中控技术,2025-10-10 13:35:19,58.39,26081,58.35,E
sh688777,中控技术,2025-10-10 13:35:22,58.37,8959,58.39,D
sh688777,中控技术,2025-10-10 13:35:25,58.39,20739,58.37,U
sh688777,中控技术,2025-10-10 13:35:28,58.35,11895,58.39,D
sh688777,中控技术,2025-10-10 13:35:30,58.39,13087,58.35,U
sh688777,中控技术,2025-10-10 13:35:34,58.37,14700,58.39,U
sh688777,中控技术,2025-10-10 13:35:36,58.32,11113,58.37,D
sh688777,中控技术,2025-10-10 13:35:40,58.28,12737,58.32,D
sh688777,中控技术,2025-10-10 13:35:43,58.3,5950,58.28,U
sh688777,中控技术,2025-10-10 13:35:46,58.28,4024,58.3,D
sh688777,中控技术,2025-10-10 13:35:49,58.28,10988,58.28,U
sh688777,中控技术,2025-10-10 13:35:51,58.21,5600,58.28,D
sh688777,中控技术,2025-10-10 13:35:54,58.19,7080,58.21,D
sh688777,中控技术,2025-10-10 13:35:57,58.2,4781,58.19,E
sh688777,中控技术,2025-10-10 13:36:04,58.21,8681,58.19,U
sh688777,中控技术,2025-10-10 13:36:07,58.35,67413,58.21,U
sh688777,中控技术,2025-10-10 13:36:09,58.29,22091,58.35,E
sh688777,中控技术,2025-10-10 13:36:12,58.3,4987,58.29,U
sh688777,中控技术,2025-10-10 13:36:16,58.35,24234,58.3,E
sh688777,中控技术,2025-10-10 13:36:19,58.36,53242,58.35,E
sh688777,中控技术,2025-10-10 13:36:21,58.44,37270,58.36,U
sh688777,中控技术,2025-10-10 13:36:25,58.49,29388,58.44,U
sh688777,中控技术,2025-10-10 13:36:28,58.4,33037,58.49,D
sh688777,中控技术,2025-10-10 13:36:30,58.49,5581,58.4,U
sh688777,中控技术,2025-10-10 13:36:34,58.49,36180,58.49,D
sh688777,中控技术,2025-10-10 13:36:37,58.5,39278,58.49,U
sh688777,中控技术,2025-10-10 13:36:40,58.48,15983,58.5,E
sh688777,中控技术,2025-10-10 13:36:43,58.49,10803,58.48,U
sh688777,中控技术,2025-10-10 13:36:45,58.51,45760,58.49,U
sh688777,中控技术,2025-10-10 13:36:49,58.53,22243,58.51,U
sh688777,中控技术,2025-10-10 13:36:52,58.55,14142,58.53,U
sh688777,中控技术,2025-10-10 13:36:55,58.51,40948,58.55,D
sh688777,中控技术,2025-10-10 13:36:57,58.48,70011,58.51,D
sh688777,中控技术,2025-10-10 13:37:01,58.41,53964,58.48,D
sh688777,中控技术,2025-10-10 13:37:03,58.49,23287,58.41,U
sh688777,中控技术,2025-10-10 13:37:06,58.5,7459,58.49,U
sh688777,中控技术,2025-10-10 13:37:09,58.51,20522,58.5,U
sh688777,中控技术,2025-10-10 13:37:13,58.49,8451,58.51,D
sh688777,中控技术,2025-10-10 13:37:16,58.46,27502,58.49,D
sh688777,中控技术,2025-10-10 13:37:19,58.49,15323,58.46,U
sh688777,中控技术,2025-10-10 13:37:22,58.55,69233,58.49,U
sh688777,中控技术,2025-10-10 13:37:25,58.55,16841,58.55,U
sh688777,中控技术,2025-10-10 13:37:28,58.58,55622,58.55,U
sh688777,中控技术,2025-10-10 13:37:31,58.57,29222,58.58,U
sh688777,中控技术,2025-10-10 13:37:33,58.62,97470,58.57,U
sh688777,中控技术,2025-10-10 13:37:37,58.65,12541,58.62,U
sh688777,中控技术,2025-10-10 13:37:40,58.65,12385,58.65,U
sh688777,中控技术,2025-10-10 13:37:42,58.65,17289,58.65,D
sh688777,中控技术,2025-10-10 13:37:46,58.65,30003,58.65,U
sh688777,中控技术,2025-10-10 13:37:48,58.66,47096,58.65,U
sh688777,中控技术,2025-10-10 13:37:52,58.66,12983,58.66,U
sh688777,中控技术,2025-10-10 13:37:55,58.69,42684,58.66,U
sh688777,中控技术,2025-10-10 13:37:58,58.67,6537,58.69,D
sh688777,中控技术,2025-10-10 13:38:01,58.69,42506,58.67,E
sh688777,中控技术,2025-10-10 13:38:04,58.72,18403,58.69,U
sh688777,中控技术,2025-10-10 13:38:06,58.77,10143,58.72,U
sh688777,中控技术,2025-10-10 13:38:09,58.72,29848,58.77,D
sh688777,中控技术,2025-10-10 13:38:13,58.78,54292,58.72,U
sh688777,中控技术,2025-10-10 13:38:16,58.79,18400,58.78,U
sh688777,中控技术,2025-10-10 13:38:19,58.8,98965,58.79,U
sh688777,中控技术,2025-10-10 13:38:22,58.81,13600,58.8,U
sh688777,中控技术,2025-10-10 13:38:25,58.83,8726,58.81,E
sh688777,中控技术,2025-10-10 13:38:27,58.85,20441,58.83,U
sh688777,中控技术,2025-10-10 13:38:31,58.88,39913,58.85,U
sh688777,中控技术,2025-10-10 13:38:33,58.9,29026,58.88,U
sh688777,中控技术,2025-10-10 13:38:37,58.92,49928,58.9,U
sh688777,中控技术,2025-10-10 13:38:40,58.96,82559,58.92,U
sh688777,中控技术,2025-10-10 13:38:43,58.98,93519,58.96,U
sh688777,中控技术,2025-10-10 13:38:45,58.99,45712,58.98,U
sh688777,中控技术,2025-10-10 13:38:48,59.04,61952,58.99,U
sh688777,中控技术,2025-10-10 13:38:52,59.09,13065,59.04,U
sh688777,中控技术,2025-10-10 13:38:54,59.06,10029,59.09,D
sh688777,中控技术,2025-10-10 13:38:58,59.12,83397,59.06,U
sh688777,中控技术,2025-10-10 13:39:01,59.14,31709,59.12,U
sh688777,中控技术,2025-10-10 13:39:04,59.16,50751,59.14,E
sh688777,中控技术,2025-10-10 13:39:07,59.16,50310,59.16,D
sh688777,中控技术,2025-10-10 13:39:10,59.09,75126,59.16,D
sh688777,中控技术,2025-10-10 13:39:12,58.99,91743,59.09,D
sh688777,中控技术,2025-10-10 13:39:16,58.96,80958,58.99,D
sh688777,中控技术,2025-10-10 13:39:19,58.95,27888,58.96,D
sh688777,中控技术,2025-10-10 13:39:21,58.96,36781,58.95,U
sh688777,中控技术,2025-10-10 13:39:25,58.86,23241,58.96,E
sh688777,中控技术,2025-10-10 13:39:28,58.85,24479,58.86,D
sh688777,中控技术,2025-10-10 13:39:30,58.85,61318,58.85,D
sh688777,中控技术,2025-10-10 13:39:33,58.86,59917,58.85,U
sh688777,中控技术,2025-10-10 13:39:36,58.85,20587,58.86,D
sh688777,中控技术,2025-10-10 13:39:39,58.85,51450,58.85,U
sh688777,中控技术,2025-10-10 13:39:43,58.94,23216,58.85,U
sh688777,中控技术,2025-10-10 13:39:46,58.9,5569,58.94,D
sh688777,中控技术,2025-10-10 13:39:49,58.85,61318,58.9,D
sh688777,中控技术,2025-10-10 13:39:52,58.86,17120,58.85,U
sh688777,中控技术,2025-10-10 13:39:54,58.9,20551,58.86,U
sh688777,中控技术,2025-10-10 13:39:58,58.93,19997,58.9,U
sh688777,中控技术,2025-10-10 13:40:01,58.86,22288,58.93,E
sh688777,中控技术,2025-10-10 13:40:04,58.86,25924,58.86,U
sh688777,中控技术,2025-10-10 13:40:06,58.8,23821,58.86,D
sh688777,中控技术,2025-10-10 13:40:09,58.78,40240,58.8,D
sh688777,中控技术,2025-10-10 13:40:13,58.7,25011,58.78,D
sh688777,中控技术,2025-10-10 13:40:16,58.76,18706,58.7,U
sh688777,中控技术,2025-10-10 13:40:19,58.69,17335,58.76,D
sh688777,中控技术,2025-10-10 13:40:22,58.68,10235,58.69,D
sh688777,中控技术,2025-10-10 13:40:24,58.68,17806,58.68,D
sh688777,中控技术,2025-10-10 13:40:27,58.69,10196,58.68,E
sh688777,中控技术,2025-10-10 13:40:30,58.72,8176,58.69,E
sh688777,中控技术,2025-10-10 13:40:33,58.72,40807,58.72,D
sh688777,中控技术,2025-10-10 13:40:37,58.79,29553,58.72,U
sh688777,中控技术,2025-10-10 13:40:40,58.81,8201,58.79,E
sh688777,中控技术,2025-10-10 13:40:43,58.87,23227,58.81,U
sh688777,中控技术,2025-10-10 13:40:45,58.9,15836,58.87,U
sh688777,中控技术,2025-10-10 13:40:49,58.91,35765,58.9,U
sh688777,中控技术,2025-10-10 13:40:51,58.9,12464,58.91,U
sh688777,中控技术,2025-10-10 13:40:54,58.89,15782,58.9,E
sh688777,中控技术,2025-10-10 13:40:58,58.9,30101,58.89,U
sh688777,中控技术,2025-10-10 13:41:01,58.91,9697,58.9,U
sh688777,中控技术,2025-10-10 13:41:04,58.92,9275,58.91,U
sh688777,中控技术,2025-10-10 13:41:06,58.92,76063,58.92,U
sh688777,中控技术,2025-10-10 13:41:10,58.93,68451,58.92,U
sh688777,中控技术,2025-10-10 13:41:13,59.09,18297,58.93,U
sh688777,中控技术,2025-10-10 13:41:16,59.1,7538,59.09,U
sh688777,中控技术,2025-10-10 13:41:18,59.13,47159,59.1,U
sh688777,中控技术,2025-10-10 13:41:21,59.11,10816,59.13,D
sh688777,中控技术,2025-10-10 13:41:25,59.19,27940,59.11,U
sh688777,中控技术,2025-10-10 13:41:28,59.19,20139,59.19,U
sh688777,中控技术,2025-10-10 13:41:30,59.19,43594,59.19,U
sh688777,中控技术,2025-10-10 13:41:34,59.2,65491,59.19,U
sh688777,中控技术,2025-10-10 13:41:36,59.2,29289,59.2,D
sh688777,中控技术,2025-10-10 13:41:39,59.11,94197,59.2,D
sh688777,中控技术,2025-10-10 13:41:42,59.1,36248,59.11,D
sh688777,中控技术,2025-10-10 13:41:46,59.09,27694,59.1,U
sh688777,中控技术,2025-10-10 13:41:49,59.16,16338,59.09,U
sh688777,中控技术,2025-10-10 13:41:51,59.11,43626,59.16,U
sh688777,中控技术,2025-10-10 13:41:55,59.18,23793,59.11,U
sh688777,中控技术,2025-10-10 13:41:57,59.1,47058,59.18,D
sh688777,中控技术,2025-10-10 13:42:01,59.1,10950,59.1,U
sh688777,中控技术,2025-10-10 13:42:04,59.12,20848,59.1,U
sh688777,中控技术,2025-10-10 13:42:06,59.1,48280,59.12,D
sh688777,中控技术,2025-10-10 13:42:10,58.99,69807,59.1,D
sh688777,中控技术,2025-10-10 13:42:13,58.89,76795,58.99,D
sh688777,中控技术,2025-10-10 13:42:15,58.8,22850,58.89,D
sh688777,中控技术,2025-10-10 13:42:18,59.08,49181,58.8,U
sh688777,中控技术,2025-10-10 13:42:22,58.9,36754,59.08,D
sh688777,中控技术,2025-10-10 13:42:27,58.85,13413,58.8,U
sh688777,中控技术,2025-10-10 13:42:30,58.85,21386,58.85,U
sh688777,中控技术,2025-10-10 13:42:33,58.8,17328,58.85,D
sh688777,中控技术,2025-10-10 13:42:37,58.8,14688,58.8,D
sh688777,中控技术,2025-10-10 13:42:40,58.9,30501,58.8,U
sh688777,中控技术,2025-10-10 13:42:42,58.85,17392,58.9,D
sh688777,中控技术,2025-10-10 13:42:46,58.85,5578,58.85,D
sh688777,中控技术,2025-10-10 13:42:49,58.86,14164,58.85,E
sh688777,中控技术,2025-10-10 13:42:52,58.86,15139,58.86,D
sh688777,中控技术,2025-10-10 13:42:54,58.84,33117,58.86,E
sh688777,中控技术,2025-10-10 13:42:58,58.86,46685,58.84,U
sh688777,中控技术,2025-10-10 13:43:01,58.86,21704,58.86,D
sh688777,中控技术,2025-10-10 13:43:03,58.91,14779,58.86,U
sh688777,中控技术,2025-10-10 13:43:06,58.83,37149,58.91,D
sh688777,中控技术,2025-10-10 13:43:09,58.99,32858,58.83,U
sh688777,中控技术,2025-10-10 13:43:13,59.05,42821,58.99,U
sh688777,中控技术,2025-10-10 13:43:16,59.1,35328,59.05,U
sh688777,中控技术,2025-10-10 13:43:18,59.15,45998,59.1,U
sh688777,中控技术,2025-10-10 13:43:21,59.12,13813,59.15,D
sh688777,中控技术,2025-10-10 13:43:24,59.16,14873,59.12,U
sh688777,中控技术,2025-10-10 13:43:27,59.19,49220,59.16,U
sh688777,中控技术,2025-10-10 13:43:31,59.23,74007,59.19,U
sh688777,中控技术,2025-10-10 13:43:33,59.26,51086,59.23,U
sh688777,中控技术,2025-10-10 13:43:36,59.27,62023,59.26,U
sh688777,中控技术,2025-10-10 13:43:40,59.29,108182,59.27,U
sh688777,中控技术,2025-10-10 13:43:42,59.29,66401,59.29,D
sh688777,中控技术,2025-10-10 13:43:46,59.27,43467,59.29,D
sh688777,中控技术,2025-10-10 13:43:48,59.24,27266,59.27,E
sh688777,中控技术,2025-10-10 13:43:52,59.24,28757,59.24,U
sh688777,中控技术,2025-10-10 13:43:55,59.24,54991,59.24,D
sh688777,中控技术,2025-10-10 13:43:58,59.26,47920,59.24,E
sh688777,中控技术,2025-10-10 13:44:00,59.24,48629,59.26,D
sh688777,中控技术,2025-10-10 13:44:04,59.27,16758,59.24,U
sh688777,中控技术,2025-10-10 13:44:07,59.28,50976,59.27,U
sh688777,中控技术,2025-10-10 13:44:09,59.18,73705,59.28,D
sh688777,中控技术,2025-10-10 13:44:13,59.24,46666,59.18,U
sh688777,中控技术,2025-10-10 13:44:15,59.16,33267,59.24,D
sh688777,中控技术,2025-10-10 13:44:19,59.12,24043,59.16,D
sh688777,中控技术,2025-10-10 13:44:22,59.03,29168,59.12,D
sh688777,中控技术,2025-10-10 13:44:24,59.0,13314,59.03,E
sh688777,中控技术,2025-10-10 13:44:27,58.86,6736,59.0,D
sh688777,中控技术,2025-10-10 13:44:30,59.07,11433,58.86,U
sh688777,中控技术,2025-10-10 13:44:34,59.07,35233,59.07,U
sh688777,中控技术,2025-10-10 13:44:40,58.86,8012,58.87,D
sh688777,中控技术,2025-10-10 13:44:42,58.96,8481,58.86,U
sh688777,中控技术,2025-10-10 13:44:46,58.86,19084,58.96,D
sh688777,中控技术,2025-10-10 13:44:48,58.85,14418,58.86,D
sh688777,中控技术,2025-10-10 13:44:52,58.86,26278,58.85,U
sh688777,中控技术,2025-10-10 13:44:54,58.88,11364,58.86,U
sh688777,中控技术,2025-10-10 13:44:57,58.96,7934,58.88,U
sh688777,中控技术,2025-10-10 13:45:01,58.91,4269,58.96,E
sh688777,中控技术,2025-10-10 13:45:04,58.97,36500,58.91,E
sh688777,中控技术,2025-10-10 13:45:09,59.0,5985,58.97,U
sh688777,中控技术,2025-10-10 13:45:12,59.0,3546,59.0,D
sh688777,中控技术,2025-10-10 13:45:15,59.0,25822,59.0,D
sh688777,中控技术,2025-10-10 13:45:18,58.98,7087,59.0,E
sh688777,中控技术,2025-10-10 13:45:22,58.96,17272,58.98,E
sh688777,中控技术,2025-10-10 13:45:24,58.93,7049,58.96,D
sh688777,中控技术,2025-10-10 13:45:28,58.93,4501,58.93,D
sh688777,中控技术,2025-10-10 13:45:30,58.91,26542,58.93,D
sh688777,中控技术,2025-10-10 13:45:34,58.91,26365,58.91,D
sh688777,中控技术,2025-10-10 13:45:37,58.86,17313,58.91,D
sh688777,中控技术,2025-10-10 13:45:39,58.85,42785,58.86,D
sh688777,中控技术,2025-10-10 13:45:43,58.82,23271,58.85,D
sh688777,中控技术,2025-10-10 13:45:45,58.81,6456,58.82,D
sh688777,中控技术,2025-10-10 13:45:48,58.86,27214,58.81,U
sh688777,中控技术,2025-10-10 13:45:52,58.85,17142,58.86,U
sh688777,中控技术,2025-10-10 13:45:55,58.86,16765,58.85,U
sh688777,中控技术,2025-10-10 13:45:58,58.86,4934,58.86,U
sh688777,中控技术,2025-10-10 13:46:00,58.86,3959,58.86,D
sh688777,中控技术,2025-10-10 13:46:03,58.86,5097,58.86,D
sh688777,中控技术,2025-10-10 13:46:07,58.87,5026,58.86,D
sh688777,中控技术,2025-10-10 13:46:12,58.86,7200,58.87,U
sh688777,中控技术,2025-10-10 13:46:15,58.87,9289,58.86,U
sh688777,中控技术,2025-10-10 13:46:19,58.86,34219,58.87,D
sh688777,中控技术,2025-10-10 13:46:21,58.81,14308,58.86,D
sh688777,中控技术,2025-10-10 13:46:25,58.8,9914,58.81,D
sh688777,中控技术,2025-10-10 13:46:27,58.8,15807,58.8,D
sh688777,中控技术,2025-10-10 13:46:31,58.77,14743,58.8,D
sh688777,中控技术,2025-10-10 13:46:34,58.71,21021,58.77,D
sh688777,中控技术,2025-10-10 13:46:36,58.71,3613,58.71,U
sh688777,中控技术,2025-10-10 13:46:40,58.67,4212,58.71,D
sh688777,中控技术,2025-10-10 13:46:42,58.67,15303,58.67,U
sh688777,中控技术,2025-10-10 13:46:45,58.66,6173,58.67,D
sh688777,中控技术,2025-10-10 13:46:48,58.66,8911,58.66,U
sh688777,中控技术,2025-10-10 13:46:52,58.66,9320,58.66,D
sh688777,中控技术,2025-10-10 13:46:54,58.63,3700,58.66,D
sh688777,中控技术,2025-10-10 13:46:57,58.63,11043,58.63,D
sh688777,中控技术,2025-10-10 13:47:01,58.61,6400,58.63,E
sh688777,中控技术,2025-10-10 13:47:04,58.61,5433,58.61,D
sh688777,中控技术,2025-10-10 13:47:07,58.63,24896,58.61,U
sh688777,中控技术,2025-10-10 13:47:09,58.63,7558,58.63,D
sh688777,中控技术,2025-10-10 13:47:12,58.65,13056,58.63,U
sh688777,中控技术,2025-10-10 13:47:15,58.66,15735,58.65,U
sh688777,中控技术,2025-10-10 13:47:19,58.64,10714,58.66,D
sh688777,中控技术,2025-10-10 13:47:22,58.66,3951,58.64,U
sh688777,中控技术,2025-10-10 13:47:24,58.67,13459,58.66,U
sh688777,中控技术,2025-10-10 13:47:27,58.66,11573,58.67,D
sh688777,中控技术,2025-10-10 13:47:33,58.69,3520,58.69,U
sh688777,中控技术,2025-10-10 13:47:37,58.69,7979,58.69,U
sh688777,中控技术,2025-10-10 13:47:43,58.66,38869,58.69,D
sh688777,中控技术,2025-10-10 13:47:46,58.66,15799,58.66,U
sh688777,中控技术,2025-10-10 13:47:49,58.66,5315,58.66,U
sh688777,中控技术,2025-10-10 13:47:55,58.67,15051,58.66,U
sh688777,中控技术,2025-10-10 13:47:57,58.69,5115,58.67,U
sh688777,中控技术,2025-10-10 13:48:00,58.69,12981,58.69,U
sh688777,中控技术,2025-10-10 13:48:10,58.76,3600,58.73,U
sh688777,中控技术,2025-10-10 13:48:16,58.7,11078,58.73,D
sh688777,中控技术,2025-10-10 13:48:19,58.68,11003,58.7,D
sh688777,中控技术,2025-10-10 13:48:22,58.7,17022,58.68,U
sh688777,中控技术,2025-10-10 13:48:28,58.67,4658,58.68,D
sh688777,中控技术,2025-10-10 13:48:30,58.69,12114,58.67,U
sh688777,中控技术,2025-10-10 13:48:33,58.66,5615,58.69,D
sh688777,中控技术,2025-10-10 13:48:37,58.68,6374,58.66,U
sh688777,中控技术,2025-10-10 13:48:42,58.64,6897,58.65,D
sh688777,中控技术,2025-10-10 13:48:46,58.61,7054,58.64,D
sh688777,中控技术,2025-10-10 13:48:48,58.59,16583,58.61,D
sh688777,中控技术,2025-10-10 13:48:55,58.59,5889,58.6,U
sh688777,中控技术,2025-10-10 13:48:58,58.57,3841,58.59,D
sh688777,中控技术,2025-10-10 13:49:03,58.53,3733,58.56,D
sh688777,中控技术,2025-10-10 13:49:06,58.52,26451,58.53,D
sh688777,中控技术,2025-10-10 13:49:10,58.53,15256,58.52,U
sh688777,中控技术,2025-10-10 13:49:13,58.5,8955,58.53,D
sh688777,中控技术,2025-10-10 13:49:16,58.52,35755,58.5,U
sh688777,中控技术,2025-10-10 13:49:18,58.57,10695,58.52,U
sh688777,中控技术,2025-10-10 13:49:21,58.56,16315,58.57,D
sh688777,中控技术,2025-10-10 13:49:37,58.56,9100,58.56,D
sh688777,中控技术,2025-10-10 13:49:39,58.6,12516,58.56,U
sh688777,中控技术,2025-10-10 13:49:43,58.59,5228,58.6,D
sh688777,中控技术,2025-10-10 13:49:45,58.56,5100,58.59,D
sh688777,中控技术,2025-10-10 13:49:48,58.59,8293,58.56,D
sh688777,中控技术,2025-10-10 13:49:52,58.61,4075,58.59,U
sh688777,中控技术,2025-10-10 13:50:07,58.62,4406,58.62,U
sh688777,中控技术,2025-10-10 13:50:10,58.6,7532,58.62,D
sh688777,中控技术,2025-10-10 13:50:13,58.58,15257,58.6,D
sh688777,中控技术,2025-10-10 13:50:18,58.6,10405,58.58,U
sh688777,中控技术,2025-10-10 13:50:22,58.57,23520,58.6,D
sh688777,中控技术,2025-10-10 13:50:24,58.57,5793,58.57,U
sh688777,中控技术,2025-10-10 13:50:31,58.57,11854,58.57,U
sh688777,中控技术,2025-10-10 13:50:34,58.55,8734,58.57,D
sh688777,中控技术,2025-10-10 13:50:37,58.56,3679,58.55,U
sh688777,中控技术,2025-10-10 13:50:45,58.5,9377,58.53,D
sh688777,中控技术,2025-10-10 13:50:52,58.5,4164,58.51,D
sh688777,中控技术,2025-10-10 13:50:58,58.48,4775,58.49,D
sh688777,中控技术,2025-10-10 13:51:00,58.47,6739,58.48,D
sh688777,中控技术,2025-10-10 13:51:09,58.47,3515,58.46,U
sh688777,中控技术,2025-10-10 13:51:12,58.45,3858,58.47,D
sh688777,中控技术,2025-10-10 13:51:19,58.44,4855,58.45,D
sh688777,中控技术,2025-10-10 13:51:21,58.43,12075,58.44,D
sh688777,中控技术,2025-10-10 13:51:27,58.42,9980,58.43,D
sh688777,中控技术,2025-10-10 13:51:30,58.41,4347,58.42,D
sh688777,中控技术,2025-10-10 13:51:34,58.41,16616,58.41,D
sh688777,中控技术,2025-10-10 13:51:37,58.4,15110,58.41,D
sh688777,中控技术,2025-10-10 13:51:39,58.45,29666,58.4,U
sh688777,中控技术,2025-10-10 13:51:45,58.4,7329,58.38,U
sh688777,中控技术,2025-10-10 13:51:49,58.38,5374,58.4,D
sh688777,中控技术,2025-10-10 13:51:51,58.35,4062,58.38,D
sh688777,中控技术,2025-10-10 13:52:01,58.36,11757,58.37,U
sh688777,中控技术,2025-10-10 13:52:04,58.38,9016,58.36,U
sh688777,中控技术,2025-10-10 13:52:07,58.36,9716,58.38,D
sh688777,中控技术,2025-10-10 13:52:13,58.4,5267,58.39,U
sh688777,中控技术,2025-10-10 13:52:21,58.38,7899,58.4,D
sh688777,中控技术,2025-10-10 13:52:25,58.4,5214,58.38,U
sh688777,中控技术,2025-10-10 13:52:30,58.38,19853,58.38,D
sh688777,中控技术,2025-10-10 13:52:34,58.37,5400,58.38,D
sh688777,中控技术,2025-10-10 13:52:40,58.38,6171,58.37,U
sh688777,中控技术,2025-10-10 13:52:43,58.45,11554,58.38,U
sh688777,中控技术,2025-10-10 13:52:46,58.45,5759,58.45,U
sh688777,中控技术,2025-10-10 13:52:58,58.43,4354,58.44,E
sh688777,中控技术,2025-10-10 13:53:03,58.46,13401,58.44,U
sh688777,中控技术,2025-10-10 13:53:12,58.5,9241,58.44,U
sh688777,中控技术,2025-10-10 13:53:15,58.5,6691,58.5,U
sh688777,中控技术,2025-10-10 13:53:19,58.44,5000,58.5,D
sh688777,中控技术,2025-10-10 13:53:24,58.54,4030,58.51,U
sh688777,中控技术,2025-10-10 13:53:28,58.54,3666,58.54,U
sh688777,中控技术,2025-10-10 13:53:30,58.56,3510,58.54,U
sh688777,中控技术,2025-10-10 13:53:36,58.59,6922,58.57,U
sh688777,中控技术,2025-10-10 13:53:39,58.56,6875,58.59,D
sh688777,中控技术,2025-10-10 13:53:43,58.6,7078,58.56,U
sh688777,中控技术,2025-10-10 13:53:45,58.57,7633,58.6,D
sh688777,中控技术,2025-10-10 13:53:48,58.55,21322,58.57,U
sh688777,中控技术,2025-10-10 13:53:55,58.54,14223,58.53,U
sh688777,中控技术,2025-10-10 13:53:58,58.54,3680,58.54,U
sh688777,中控技术,2025-10-10 13:54:00,58.55,3675,58.54,U
sh688777,中控技术,2025-10-10 13:54:10,58.54,6238,58.51,U
sh688777,中控技术,2025-10-10 13:54:13,58.49,4208,58.54,D
sh688777,中控技术,2025-10-10 13:54:18,58.5,17628,58.54,D
sh688777,中控技术,2025-10-10 13:54:27,58.4,8897,58.5,D
sh688777,中控技术,2025-10-10 13:54:31,58.46,9971,58.4,E
sh688777,中控技术,2025-10-10 13:54:34,58.51,5479,58.46,U
sh688777,中控技术,2025-10-10 13:54:52,58.4,13478,58.42,D
sh688777,中控技术,2025-10-10 13:54:54,58.38,27195,58.4,D
sh688777,中控技术,2025-10-10 13:54:58,58.4,4416,58.38,U
sh688777,中控技术,2025-10-10 13:55:06,58.37,4080,58.37,D
sh688777,中控技术,2025-10-10 13:55:13,58.37,5716,58.37,U
sh688777,中控技术,2025-10-10 13:55:22,58.38,6611,58.39,D
sh688777,中控技术,2025-10-10 13:55:28,58.39,3645,58.41,D
sh688777,中控技术,2025-10-10 13:55:33,58.39,5300,58.4,D
sh688777,中控技术,2025-10-10 13:55:36,58.39,22380,58.39,U
sh688777,中控技术,2025-10-10 13:55:40,58.39,6647,58.39,U
sh688777,中控技术,2025-10-10 13:55:51,58.36,6740,58.37,D
sh688777,中控技术,2025-10-10 13:55:57,58.35,9255,58.36,D
sh688777,中控技术,2025-10-10 13:56:00,58.33,24501,58.35,D
sh688777,中控技术,2025-10-10 13:56:04,58.36,9049,58.33,U
sh688777,中控技术,2025-10-10 13:56:10,58.33,3748,58.38,D
sh688777,中控技术,2025-10-10 13:56:12,58.39,8255,58.33,U
sh688777,中控技术,2025-10-10 13:56:15,58.33,4300,58.39,D
sh688777,中控技术,2025-10-10 13:56:18,58.32,11719,58.33,D
sh688777,中控技术,2025-10-10 13:56:25,58.34,6282,58.34,D
sh688777,中控技术,2025-10-10 13:56:33,58.4,5422,58.38,U
sh688777,中控技术,2025-10-10 13:56:48,58.37,3820,58.37,D
sh688777,中控技术,2025-10-10 13:57:03,58.45,3792,58.44,U
sh688777,中控技术,2025-10-10 13:57:10,58.5,3957,58.4,U
sh688777,中控技术,2025-10-10 13:57:16,58.5,20000,58.5,U
sh688777,中控技术,2025-10-10 13:57:19,58.5,4803,58.5,U
sh688777,中控技术,2025-10-10 13:57:24,58.5,7943,58.5,U
sh688777,中控技术,2025-10-10 13:57:34,58.51,8159,58.53,D
sh688777,中控技术,2025-10-10 13:57:42,58.45,7709,58.49,D
sh688777,中控技术,2025-10-10 13:57:58,58.49,9159,58.48,U
sh688777,中控技术,2025-10-10 13:58:01,58.5,4533,58.49,U
sh688777,中控技术,2025-10-10 13:58:03,58.5,4115,58.5,U
sh688777,中控技术,2025-10-10 13:58:06,58.49,5230,58.5,D
sh688777,中控技术,2025-10-10 13:58:13,58.52,4731,58.5,E
sh688777,中控技术,2025-10-10 13:58:15,58.51,4003,58.52,E
sh688777,中控技术,2025-10-10 13:58:28,58.55,3586,58.52,U
sh688777,中控技术,2025-10-10 13:58:43,58.63,6189,58.61,U
sh688777,中控技术,2025-10-10 13:58:45,58.61,4623,58.63,D
sh688777,中控技术,2025-10-10 13:58:48,58.62,21210,58.61,U
sh688777,中控技术,2025-10-10 13:58:52,58.57,36747,58.62,D
sh688777,中控技术,2025-10-10 13:58:54,58.57,4161,58.57,U
sh688777,中控技术,2025-10-10 13:58:57,58.65,17632,58.57,U
sh688777,中控技术,2025-10-10 13:59:01,58.65,7825,58.65,U
sh688777,中控技术,2025-10-10 13:59:07,58.61,5954,58.61,U
sh688777,中控技术,2025-10-10 13:59:13,58.61,28003,58.58,U
sh688777,中控技术,2025-10-10 13:59:16,58.61,7207,58.61,U
sh688777,中控技术,2025-10-10 13:59:28,58.6,3701,58.59,U
sh688777,中控技术,2025-10-10 13:59:34,58.6,5515,58.6,U
sh688777,中控技术,2025-10-10 13:59:37,58.6,9232,58.6,U
sh688777,中控技术,2025-10-10 13:59:43,58.56,6072,58.56,D
sh688777,中控技术,2025-10-10 13:59:46,58.52,8961,58.56,D
sh688777,中控技术,2025-10-10 13:59:52,58.6,22011,58.55,U
sh688777,中控技术,2025-10-10 13:59:55,58.6,3598,58.6,D
sh688777,中控技术,2025-10-10 13:59:57,58.52,4167,58.6,D
sh688777,中控技术,2025-10-10 14:00:16,58.58,3483,58.56,U
sh688777,中控技术,2025-10-10 14:00:18,58.55,3440,58.58,D
sh688777,中控技术,2025-10-10 14:00:27,58.54,14424,58.55,D
