symbol,name,ticktime,price,volume,prev_price,kind
sh688777,中控技术,2025-09-24 09:25:02,49.21,28102,0.0,U
sh688777,中控技术,2025-09-24 09:30:00,49.27,22673,49.21,U
sh688777,中控技术,2025-09-24 09:30:06,49.32,13550,49.32,D
sh688777,中控技术,2025-09-24 09:30:09,49.27,12087,49.32,D
sh688777,中控技术,2025-09-24 09:30:12,49.31,7252,49.27,U
sh688777,中控技术,2025-09-24 09:30:15,49.24,5125,49.31,D
sh688777,中控技术,2025-09-24 09:30:18,49.27,5374,49.24,U
sh688777,中控技术,2025-09-24 09:30:21,49.21,52439,49.27,D
sh688777,中控技术,2025-09-24 09:30:24,49.35,22816,49.21,U
sh688777,中控技术,2025-09-24 09:30:30,49.43,11397,49.4,U
sh688777,中控技术,2025-09-24 09:30:33,49.4,26625,49.43,D
sh688777,中控技术,2025-09-24 09:30:36,49.32,14023,49.4,D
sh688777,中控技术,2025-09-24 09:30:39,49.47,13335,49.32,U
sh688777,中控技术,2025-09-24 09:30:42,49.44,6386,49.47,D
sh688777,中控技术,2025-09-24 09:30:45,49.4,17964,49.44,D
sh688777,中控技术,2025-09-24 09:30:48,49.4,8271,49.4,U
sh688777,中控技术,2025-09-24 09:30:57,49.4,22759,49.46,D
sh688777,中控技术,2025-09-24 09:31:00,49.44,8692,49.4,U
sh688777,中控技术,2025-09-24 09:31:06,49.35,7590,49.35,U
sh688777,中控技术,2025-09-24 09:31:09,49.35,9100,49.35,D
sh688777,中控技术,2025-09-24 09:31:24,49.38,4212,49.36,D
sh688777,中控技术,2025-09-24 09:31:36,49.4,6303,49.4,U
sh688777,中控技术,2025-09-24 09:31:39,49.41,6819,49.4,U
sh688777,中控技术,2025-09-24 09:31:45,49.44,5857,49.43,U
sh688777,中控技术,2025-09-24 09:31:48,49.46,5500,49.44,U
sh688777,中控技术,2025-09-24 09:31:54,49.46,11977,49.46,E
sh688777,中控技术,2025-09-24 09:31:57,49.46,5169,49.46,U
sh688777,中控技术,2025-09-24 09:32:00,49.44,18367,49.46,D
sh688777,中控技术,2025-09-24 09:32:09,49.48,11900,49.48,U
sh688777,中控技术,2025-09-24 09:32:12,49.48,5270,49.48,D
sh688777,中控技术,2025-09-24 09:32:15,49.53,13019,49.48,U
sh688777,中控技术,2025-09-24 09:32:18,49.51,6203,49.53,E
sh688777,中控技术,2025-09-24 09:32:21,49.43,22508,49.51,D
sh688777,中控技术,2025-09-24 09:32:24,49.64,19812,49.43,U
sh688777,中控技术,2025-09-24 09:32:27,49.69,15823,49.64,U
sh688777,中控技术,2025-09-24 09:32:30,49.73,19731,49.69,U
sh688777,中控技术,2025-09-24 09:32:33,49.74,11512,49.73,U
sh688777,中控技术,2025-09-24 09:32:36,49.73,13433,49.74,D
sh688777,中控技术,2025-09-24 09:32:39,49.72,7778,49.73,U
sh688777,中控技术,2025-09-24 09:32:42,49.69,4760,49.72,E
sh688777,中控技术,2025-09-24 09:32:45,49.67,15140,49.69,D
sh688777,中控技术,2025-09-24 09:32:48,49.7,36820,49.67,U
sh688777,中控技术,2025-09-24 09:32:51,49.69,8284,49.7,D
sh688777,中控技术,2025-09-24 09:32:54,49.74,13568,49.69,U
sh688777,中控技术,2025-09-24 09:32:57,49.75,30343,49.74,U
sh688777,中控技术,2025-09-24 09:33:00,49.76,7528,49.75,D
sh688777,中控技术,2025-09-24 09:33:03,49.73,22738,49.76,D
sh688777,中控技术,2025-09-24 09:33:09,49.74,8469,49.75,U
sh688777,中控技术,2025-09-24 09:33:15,49.75,4743,49.75,D
sh688777,中控技术,2025-09-24 09:33:18,49.76,8788,49.75,U
sh688777,中控技术,2025-09-24 09:33:21,49.78,25640,49.76,U
sh688777,中控技术,2025-09-24 09:33:24,49.79,8453,49.78,U
sh688777,中控技术,2025-09-24 09:33:27,49.8,7100,49.79,E
sh688777,中控技术,2025-09-24 09:33:33,49.82,8215,49.81,E
sh688777,中控技术,2025-09-24 09:33:36,49.77,12058,49.82,D
sh688777,中控技术,2025-09-24 09:33:39,49.81,14477,49.77,U
sh688777,中控技术,2025-09-24 09:33:45,49.79,9332,49.78,U
sh688777,中控技术,2025-09-24 09:33:48,49.82,4060,49.79,U
sh688777,中控技术,2025-09-24 09:33:51,49.83,5269,49.82,U
sh688777,中控技术,2025-09-24 09:33:57,49.84,19591,49.85,D
sh688777,中控技术,2025-09-24 09:34:00,49.85,18180,49.84,U
sh688777,中控技术,2025-09-24 09:34:03,49.85,11357,49.85,D
sh688777,中控技术,2025-09-24 09:34:06,49.85,20847,49.85,D
sh688777,中控技术,2025-09-24 09:34:09,49.84,5448,49.85,D
sh688777,中控技术,2025-09-24 09:34:12,49.85,9461,49.84,U
sh688777,中控技术,2025-09-24 09:34:15,49.98,43952,49.85,U
sh688777,中控技术,2025-09-24 09:34:18,49.99,26157,49.98,U
sh688777,中控技术,2025-09-24 09:34:21,50.07,61061,49.99,U
sh688777,中控技术,2025-09-24 09:34:24,50.11,19059,50.07,U
sh688777,中控技术,2025-09-24 09:34:27,50.09,8489,50.11,D
sh688777,中控技术,2025-09-24 09:34:30,50.11,34411,50.09,U
sh688777,中控技术,2025-09-24 09:34:33,50.13,4881,50.11,U
sh688777,中控技术,2025-09-24 09:34:36,50.11,15100,50.13,D
sh688777,中控技术,2025-09-24 09:34:39,50.11,13011,50.11,U
sh688777,中控技术,2025-09-24 09:34:45,50.1,8747,50.14,D
sh688777,中控技术,2025-09-24 09:34:51,50.13,5102,50.15,D
sh688777,中控技术,2025-09-24 09:34:54,50.14,4758,50.13,U
sh688777,中控技术,2025-09-24 09:34:57,50.12,16199,50.14,D
sh688777,中控技术,2025-09-24 09:35:00,50.14,11545,50.12,U
sh688777,中控技术,2025-09-24 09:35:03,50.13,8144,50.14,D
sh688777,中控技术,2025-09-24 09:35:06,50.12,24361,50.13,D
sh688777,中控技术,2025-09-24 09:35:09,50.25,128357,50.12,U
sh688777,中控技术,2025-09-24 09:35:12,50.16,27457,50.25,D
sh688777,中控技术,2025-09-24 09:35:15,50.22,7753,50.16,E
sh688777,中控技术,2025-09-24 09:35:21,50.19,5129,50.19,D
sh688777,中控技术,2025-09-24 09:35:24,50.17,6321,50.19,D
sh688777,中控技术,2025-09-24 09:35:27,50.17,9444,50.17,U
sh688777,中控技术,2025-09-24 09:35:30,50.2,20621,50.17,U
sh688777,中控技术,2025-09-24 09:35:33,50.27,42668,50.2,U
sh688777,中控技术,2025-09-24 09:35:36,50.32,48797,50.27,U
sh688777,中控技术,2025-09-24 09:35:39,50.37,13629,50.32,U
sh688777,中控技术,2025-09-24 09:35:42,50.4,12843,50.37,U
sh688777,中控技术,2025-09-24 09:35:45,50.38,12315,50.4,D
sh688777,中控技术,2025-09-24 09:35:48,50.47,11478,50.38,U
sh688777,中控技术,2025-09-24 09:35:51,50.48,59669,50.47,U
sh688777,中控技术,2025-09-24 09:35:54,50.52,83231,50.48,U
sh688777,中控技术,2025-09-24 09:35:57,50.55,8337,50.52,E
sh688777,中控技术,2025-09-24 09:36:00,50.5,64080,50.55,D
sh688777,中控技术,2025-09-24 09:36:03,50.5,35001,50.5,D
sh688777,中控技术,2025-09-24 09:36:06,50.58,52170,50.5,U
sh688777,中控技术,2025-09-24 09:36:09,50.63,17585,50.58,U
sh688777,中控技术,2025-09-24 09:36:12,50.65,28243,50.63,U
sh688777,中控技术,2025-09-24 09:36:15,50.69,30240,50.65,U
sh688777,中控技术,2025-09-24 09:36:18,50.62,35313,50.69,D
sh688777,中控技术,2025-09-24 09:36:21,50.6,14419,50.62,U
sh688777,中控技术,2025-09-24 09:36:24,50.63,8577,50.6,U
sh688777,中控技术,2025-09-24 09:36:27,50.65,13988,50.63,U
sh688777,中控技术,2025-09-24 09:36:30,50.67,26422,50.65,U
sh688777,中控技术,2025-09-24 09:36:33,50.65,27012,50.67,D
sh688777,中控技术,2025-09-24 09:36:36,50.65,12727,50.65,U
sh688777,中控技术,2025-09-24 09:36:39,50.65,27714,50.65,D
sh688777,中控技术,2025-09-24 09:36:42,50.67,24690,50.65,U
sh688777,中控技术,2025-09-24 09:36:45,50.72,62235,50.67,U
sh688777,中控技术,2025-09-24 09:36:48,50.74,28086,50.72,U
sh688777,中控技术,2025-09-24 09:36:51,50.76,25810,50.74,U
sh688777,中控技术,2025-09-24 09:36:54,50.88,65236,50.76,U
sh688777,中控技术,2025-09-24 09:36:57,50.9,25336,50.88,U
sh688777,中控技术,2025-09-24 09:37:00,51.09,181727,50.9,U
sh688777,中控技术,2025-09-24 09:37:03,51.1,202519,51.09,U
sh688777,中控技术,2025-09-24 09:37:06,51.21,34841,51.1,U
sh688777,中控技术,2025-09-24 09:37:09,51.12,19349,51.21,D
sh688777,中控技术,2025-09-24 09:37:12,51.11,16872,51.12,D
sh688777,中控技术,2025-09-24 09:37:15,51.21,119634,51.11,U
sh688777,中控技术,2025-09-24 09:37:18,51.32,75676,51.21,U
sh688777,中控技术,2025-09-24 09:37:21,51.32,38219,51.32,D
sh688777,中控技术,2025-09-24 09:37:24,51.34,26819,51.32,E
sh688777,中控技术,2025-09-24 09:37:27,51.3,45099,51.34,D
sh688777,中控技术,2025-09-24 09:37:30,51.4,45186,51.3,U
sh688777,中控技术,2025-09-24 09:37:33,51.45,47715,51.4,U
sh688777,中控技术,2025-09-24 09:37:36,51.41,47416,51.45,U
sh688777,中控技术,2025-09-24 09:37:39,51.36,38891,51.41,D
sh688777,中控技术,2025-09-24 09:37:42,51.39,37779,51.36,E
sh688777,中控技术,2025-09-24 09:37:45,51.45,66978,51.39,U
sh688777,中控技术,2025-09-24 09:37:48,51.46,60195,51.45,U
sh688777,中控技术,2025-09-24 09:37:51,51.47,51780,51.46,D
sh688777,中控技术,2025-09-24 09:37:54,51.57,130668,51.47,U
sh688777,中控技术,2025-09-24 09:37:57,51.58,92406,51.57,U
sh688777,中控技术,2025-09-24 09:38:00,51.6,15544,51.58,D
sh688777,中控技术,2025-09-24 09:38:03,51.77,88021,51.6,U
sh688777,中控技术,2025-09-24 09:38:06,51.78,28754,51.77,U
sh688777,中控技术,2025-09-24 09:38:09,51.72,19888,51.78,D
sh688777,中控技术,2025-09-24 09:38:12,51.65,35614,51.72,D
sh688777,中控技术,2025-09-24 09:38:15,51.74,42907,51.65,E
sh688777,中控技术,2025-09-24 09:38:18,51.72,22891,51.74,D
sh688777,中控技术,2025-09-24 09:38:21,51.73,17068,51.72,E
sh688777,中控技术,2025-09-24 09:38:24,51.7,49166,51.73,D
sh688777,中控技术,2025-09-24 09:38:27,51.64,15166,51.7,E
sh688777,中控技术,2025-09-24 09:38:30,51.72,46996,51.64,U
sh688777,中控技术,2025-09-24 09:38:33,51.64,33885,51.72,D
sh688777,中控技术,2025-09-24 09:38:36,51.71,29990,51.64,U
sh688777,中控技术,2025-09-24 09:38:39,51.68,20673,51.71,E
sh688777,中控技术,2025-09-24 09:38:42,51.65,17397,51.68,D
sh688777,中控技术,2025-09-24 09:38:45,51.58,84537,51.65,D
sh688777,中控技术,2025-09-24 09:38:48,51.64,7420,51.58,U
sh688777,中控技术,2025-09-24 09:38:51,51.58,8874,51.64,D
sh688777,中控技术,2025-09-24 09:38:54,51.58,7566,51.58,U
sh688777,中控技术,2025-09-24 09:38:57,51.61,63820,51.58,U
sh688777,中控技术,2025-09-24 09:39:00,51.68,115530,51.61,U
sh688777,中控技术,2025-09-24 09:39:03,51.8,172636,51.68,U
sh688777,中控技术,2025-09-24 09:39:06,51.94,93084,51.8,U
sh688777,中控技术,2025-09-24 09:39:09,51.99,59624,51.94,U
sh688777,中控技术,2025-09-24 09:39:12,52.07,124397,51.99,U
sh688777,中控技术,2025-09-24 09:39:15,52.11,47483,52.07,U
sh688777,中控技术,2025-09-24 09:39:18,52.17,59918,52.11,U
sh688777,中控技术,2025-09-24 09:39:21,52.01,25432,52.17,D
sh688777,中控技术,2025-09-24 09:39:24,52.07,34062,52.01,U
sh688777,中控技术,2025-09-24 09:39:27,52.1,32124,52.07,E
sh688777,中控技术,2025-09-24 09:39:30,52.11,29585,52.1,U
sh688777,中控技术,2025-09-24 09:39:33,52.1,21142,52.11,D
sh688777,中控技术,2025-09-24 09:39:36,52.1,24460,52.1,D
sh688777,中控技术,2025-09-24 09:39:39,52.11,43443,52.1,U
sh688777,中控技术,2025-09-24 09:39:42,52.13,29495,52.11,U
sh688777,中控技术,2025-09-24 09:39:45,52.14,37783,52.13,U
sh688777,中控技术,2025-09-24 09:39:48,52.18,49253,52.14,U
sh688777,中控技术,2025-09-24 09:39:51,52.23,44331,52.18,U
sh688777,中控技术,2025-09-24 09:39:54,52.32,32048,52.23,U
sh688777,中控技术,2025-09-24 09:39:57,52.25,26659,52.32,D
sh688777,中控技术,2025-09-24 09:40:00,52.24,41189,52.25,D
sh688777,中控技术,2025-09-24 09:40:03,52.3,11129,52.24,U
sh688777,中控技术,2025-09-24 09:40:06,52.3,14255,52.3,U
sh688777,中控技术,2025-09-24 09:40:09,52.3,27658,52.3,U
sh688777,中控技术,2025-09-24 09:40:12,52.3,77868,52.3,D
sh688777,中控技术,2025-09-24 09:40:15,52.2,31400,52.3,D
sh688777,中控技术,2025-09-24 09:40:18,52.27,15760,52.2,U
sh688777,中控技术,2025-09-24 09:40:21,52.24,14753,52.27,D
sh688777,中控技术,2025-09-24 09:40:24,52.25,64166,52.24,U
sh688777,中控技术,2025-09-24 09:40:27,52.18,39983,52.25,D
sh688777,中控技术,2025-09-24 09:40:30,52.22,14184,52.18,U
sh688777,中控技术,2025-09-24 09:40:33,52.22,78288,52.22,U
sh688777,中控技术,2025-09-24 09:40:36,52.39,222395,52.22,U
sh688777,中控技术,2025-09-24 09:40:39,52.4,85606,52.39,U
sh688777,中控技术,2025-09-24 09:40:42,52.44,49812,52.4,U
sh688777,中控技术,2025-09-24 09:40:45,52.38,25591,52.44,D
sh688777,中控技术,2025-09-24 09:40:48,52.23,62186,52.38,D
sh688777,中控技术,2025-09-24 09:40:51,52.23,53646,52.23,D
sh688777,中控技术,2025-09-24 09:40:54,52.22,12732,52.23,D
sh688777,中控技术,2025-09-24 09:40:57,52.23,69777,52.22,U
sh688777,中控技术,2025-09-24 09:41:00,52.3,34820,52.23,U
sh688777,中控技术,2025-09-24 09:41:03,52.2,39978,52.3,D
sh688777,中控技术,2025-09-24 09:41:06,52.25,10981,52.2,U
sh688777,中控技术,2025-09-24 09:41:09,52.26,15538,52.25,E
sh688777,中控技术,2025-09-24 09:41:12,52.52,226498,52.26,U
sh688777,中控技术,2025-09-24 09:41:15,52.58,82222,52.52,U
sh688777,中控技术,2025-09-24 09:41:18,52.62,114771,52.58,U
sh688777,中控技术,2025-09-24 09:41:21,52.48,64479,52.62,D
sh688777,中控技术,2025-09-24 09:41:24,52.66,74815,52.48,U
sh688777,中控技术,2025-09-24 09:41:27,52.68,83679,52.66,U
sh688777,中控技术,2025-09-24 09:41:30,52.78,63262,52.68,U
sh688777,中控技术,2025-09-24 09:41:33,52.98,164319,52.78,U
sh688777,中控技术,2025-09-24 09:41:36,52.91,73272,52.98,D
sh688777,中控技术,2025-09-24 09:41:39,52.99,102770,52.91,U
sh688777,中控技术,2025-09-24 09:41:42,53.0,37237,52.99,E
sh688777,中控技术,2025-09-24 09:41:45,53.02,46399,53.0,U
sh688777,中控技术,2025-09-24 09:41:48,53.09,65063,53.02,U
sh688777,中控技术,2025-09-24 09:41:51,53.13,21449,53.09,U
sh688777,中控技术,2025-09-24 09:41:54,53.18,66301,53.13,U
sh688777,中控技术,2025-09-24 09:41:57,53.18,25698,53.18,D
sh688777,中控技术,2025-09-24 09:42:00,53.2,119781,53.18,D
sh688777,中控技术,2025-09-24 09:42:03,53.27,115449,53.2,E
sh688777,中控技术,2025-09-24 09:42:06,53.36,69091,53.27,U
sh688777,中控技术,2025-09-24 09:42:09,53.45,34803,53.36,U
sh688777,中控技术,2025-09-24 09:42:12,53.22,101943,53.45,D
sh688777,中控技术,2025-09-24 09:42:15,53.3,62231,53.22,U
sh688777,中控技术,2025-09-24 09:42:18,53.33,48749,53.3,U
sh688777,中控技术,2025-09-24 09:42:21,53.22,129527,53.33,D
sh688777,中控技术,2025-09-24 09:42:24,53.26,88422,53.22,U
sh688777,中控技术,2025-09-24 09:42:27,53.28,115863,53.26,U
sh688777,中控技术,2025-09-24 09:42:30,53.33,15347,53.28,U
sh688777,中控技术,2025-09-24 09:42:33,53.22,35667,53.33,D
sh688777,中控技术,2025-09-24 09:42:36,53.22,28756,53.22,U
sh688777,中控技术,2025-09-24 09:42:39,53.2,31322,53.22,D
sh688777,中控技术,2025-09-24 09:42:42,53.25,26458,53.2,U
sh688777,中控技术,2025-09-24 09:42:45,53.22,44243,53.25,D
sh688777,中控技术,2025-09-24 09:42:48,53.18,26909,53.22,D
sh688777,中控技术,2025-09-24 09:42:51,53.28,88587,53.18,U
sh688777,中控技术,2025-09-24 09:42:54,53.38,137697,53.28,U
sh688777,中控技术,2025-09-24 09:42:57,53.28,101425,53.38,D
sh688777,中控技术,2025-09-24 09:43:00,53.3,38659,53.28,U
sh688777,中控技术,2025-09-24 09:43:03,53.29,81626,53.3,D
sh688777,中控技术,2025-09-24 09:43:06,53.4,67607,53.29,U
sh688777,中控技术,2025-09-24 09:43:09,53.37,77511,53.4,D
sh688777,中控技术,2025-09-24 09:43:12,53.3,26274,53.37,D
sh688777,中控技术,2025-09-24 09:43:15,53.42,56195,53.3,U
sh688777,中控技术,2025-09-24 09:43:18,53.33,35685,53.42,D
sh688777,中控技术,2025-09-24 09:43:21,53.31,7425,53.33,D
sh688777,中控技术,2025-09-24 09:43:24,53.3,31900,53.31,D
sh688777,中控技术,2025-09-24 09:43:27,53.31,41948,53.3,E
sh688777,中控技术,2025-09-24 09:43:30,53.33,38909,53.31,U
sh688777,中控技术,2025-09-24 09:43:33,53.36,51303,53.33,E
sh688777,中控技术,2025-09-24 09:43:36,53.33,20688,53.36,D
sh688777,中控技术,2025-09-24 09:43:39,53.28,91109,53.33,D
sh688777,中控技术,2025-09-24 09:43:42,53.26,8243,53.28,D
sh688777,中控技术,2025-09-24 09:43:45,53.26,8737,53.26,U
sh688777,中控技术,2025-09-24 09:43:48,53.19,80717,53.26,D
sh688777,中控技术,2025-09-24 09:43:51,53.19,13581,53.19,D
sh688777,中控技术,2025-09-24 09:43:54,53.14,40215,53.19,D
sh688777,中控技术,2025-09-24 09:43:57,53.14,95909,53.14,U
sh688777,中控技术,2025-09-24 09:44:00,53.11,31650,53.14,D
sh688777,中控技术,2025-09-24 09:44:03,53.11,17136,53.11,D
sh688777,中控技术,2025-09-24 09:44:06,53.02,17325,53.11,D
sh688777,中控技术,2025-09-24 09:44:09,53.03,62567,53.02,U
sh688777,中控技术,2025-09-24 09:44:12,53.12,84744,53.03,U
sh688777,中控技术,2025-09-24 09:44:15,53.02,90682,53.12,D
sh688777,中控技术,2025-09-24 09:44:18,52.95,39586,53.02,D
sh688777,中控技术,2025-09-24 09:44:21,53.01,24845,52.95,U
sh688777,中控技术,2025-09-24 09:44:24,53.0,19724,53.01,D
sh688777,中控技术,2025-09-24 09:44:27,52.93,45551,53.0,D
sh688777,中控技术,2025-09-24 09:44:30,52.93,25021,52.93,D
sh688777,中控技术,2025-09-24 09:44:33,52.95,42330,52.93,E
sh688777,中控技术,2025-09-24 09:44:36,52.9,7511,52.95,D
sh688777,中控技术,2025-09-24 09:44:39,52.91,39291,52.9,U
sh688777,中控技术,2025-09-24 09:44:42,52.8,5996,52.91,D
sh688777,中控技术,2025-09-24 09:44:45,52.8,7754,52.8,D
sh688777,中控技术,2025-09-24 09:44:48,52.79,15846,52.8,D
sh688777,中控技术,2025-09-24 09:44:51,52.75,18184,52.79,D
sh688777,中控技术,2025-09-24 09:44:54,52.75,18191,52.75,D
sh688777,中控技术,2025-09-24 09:44:57,52.75,52383,52.75,U
sh688777,中控技术,2025-09-24 09:45:00,52.83,134012,52.75,U
sh688777,中控技术,2025-09-24 09:45:03,52.9,71263,52.83,U
sh688777,中控技术,2025-09-24 09:45:06,52.93,21797,52.9,U
sh688777,中控技术,2025-09-24 09:45:09,52.83,21734,52.93,D
sh688777,中控技术,2025-09-24 09:45:12,52.83,26584,52.83,U
sh688777,中控技术,2025-09-24 09:45:15,52.73,69061,52.83,D
sh688777,中控技术,2025-09-24 09:45:18,52.83,39173,52.73,U
sh688777,中控技术,2025-09-24 09:45:21,52.97,66812,52.83,U
sh688777,中控技术,2025-09-24 09:45:24,52.98,71123,52.97,U
sh688777,中控技术,2025-09-24 09:45:27,52.92,17527,52.98,D
sh688777,中控技术,2025-09-24 09:45:30,52.92,22652,52.92,U
sh688777,中控技术,2025-09-24 09:45:33,52.85,22785,52.92,D
sh688777,中控技术,2025-09-24 09:45:36,52.9,36168,52.85,U
sh688777,中控技术,2025-09-24 09:45:39,52.88,6488,52.9,E
sh688777,中控技术,2025-09-24 09:45:42,52.92,63955,52.88,U
sh688777,中控技术,2025-09-24 09:45:45,52.96,50757,52.92,U
sh688777,中控技术,2025-09-24 09:45:48,53.02,126677,52.96,U
sh688777,中控技术,2025-09-24 09:45:51,53.1,13651,53.02,U
sh688777,中控技术,2025-09-24 09:45:54,53.1,35589,53.1,D
sh688777,中控技术,2025-09-24 09:45:57,53.1,23257,53.1,E
sh688777,中控技术,2025-09-24 09:46:00,53.18,71366,53.1,U
sh688777,中控技术,2025-09-24 09:46:03,53.11,71781,53.18,D
sh688777,中控技术,2025-09-24 09:46:06,53.08,31367,53.11,E
sh688777,中控技术,2025-09-24 09:46:09,53.1,23899,53.08,U
sh688777,中控技术,2025-09-24 09:46:12,53.04,29187,53.1,E
sh688777,中控技术,2025-09-24 09:46:15,53.05,22056,53.04,U
sh688777,中控技术,2025-09-24 09:46:18,52.85,43319,53.05,D
sh688777,中控技术,2025-09-24 09:46:21,52.76,56286,52.85,D
sh688777,中控技术,2025-09-24 09:46:24,52.76,19060,52.76,D
sh688777,中控技术,2025-09-24 09:46:27,52.76,6981,52.76,U
sh688777,中控技术,2025-09-24 09:46:30,52.8,27088,52.76,U
sh688777,中控技术,2025-09-24 09:46:33,52.76,22700,52.8,D
sh688777,中控技术,2025-09-24 09:46:36,52.75,26468,52.76,D
sh688777,中控技术,2025-09-24 09:46:39,52.76,7116,52.75,U
sh688777,中控技术,2025-09-24 09:46:42,52.76,14279,52.76,U
sh688777,中控技术,2025-09-24 09:46:45,52.76,21536,52.76,D
sh688777,中控技术,2025-09-24 09:46:48,52.76,41751,52.76,D
sh688777,中控技术,2025-09-24 09:46:51,52.75,18086,52.76,D
sh688777,中控技术,2025-09-24 09:46:54,52.77,17540,52.75,U
sh688777,中控技术,2025-09-24 09:46:57,52.85,17884,52.77,U
sh688777,中控技术,2025-09-24 09:47:00,52.99,21658,52.85,U
sh688777,中控技术,2025-09-24 09:47:03,53.08,62451,52.99,U
sh688777,中控技术,2025-09-24 09:47:06,53.01,62078,53.08,D
sh688777,中控技术,2025-09-24 09:47:12,52.99,57128,53.09,D
sh688777,中控技术,2025-09-24 09:47:15,52.99,27466,52.99,D
sh688777,中控技术,2025-09-24 09:47:18,53.0,21718,52.99,U
sh688777,中控技术,2025-09-24 09:47:21,52.9,35296,53.0,D
sh688777,中控技术,2025-09-24 09:47:24,52.99,7270,52.9,U
sh688777,中控技术,2025-09-24 09:47:27,52.88,21355,52.99,D
sh688777,中控技术,2025-09-24 09:47:33,52.82,25748,52.81,U
sh688777,中控技术,2025-09-24 09:47:36,52.9,15500,52.82,U
sh688777,中控技术,2025-09-24 09:47:39,52.8,26455,52.9,D
sh688777,中控技术,2025-09-24 09:47:42,52.86,16306,52.8,U
sh688777,中控技术,2025-09-24 09:47:45,52.85,19344,52.86,E
sh688777,中控技术,2025-09-24 09:47:48,52.87,15138,52.85,U
sh688777,中控技术,2025-09-24 09:47:51,52.8,26205,52.87,D
sh688777,中控技术,2025-09-24 09:47:54,52.99,36731,52.8,U
sh688777,中控技术,2025-09-24 09:47:57,52.94,6795,52.99,D
sh688777,中控技术,2025-09-24 09:48:00,52.94,9383,52.94,D
sh688777,中控技术,2025-09-24 09:48:03,52.96,6608,52.94,U
sh688777,中控技术,2025-09-24 09:48:06,52.85,21365,52.96,D
sh688777,中控技术,2025-09-24 09:48:09,52.9,21116,52.85,U
sh688777,中控技术,2025-09-24 09:48:12,52.95,18499,52.9,U
sh688777,中控技术,2025-09-24 09:48:15,52.98,32724,52.95,U
sh688777,中控技术,2025-09-24 09:48:18,52.95,13196,52.98,D
sh688777,中控技术,2025-09-24 09:48:21,52.95,6050,52.95,D
sh688777,中控技术,2025-09-24 09:48:24,52.95,18836,52.95,D
sh688777,中控技术,2025-09-24 09:48:27,52.95,27661,52.95,U
sh688777,中控技术,2025-09-24 09:48:30,52.94,25194,52.95,D
sh688777,中控技术,2025-09-24 09:48:33,52.94,21007,52.94,U
sh688777,中控技术,2025-09-24 09:48:36,52.93,16413,52.94,D
sh688777,中控技术,2025-09-24 09:48:39,52.93,15636,52.93,U
sh688777,中控技术,2025-09-24 09:48:42,52.93,20690,52.93,U
sh688777,中控技术,2025-09-24 09:48:45,52.91,14515,52.93,D
sh688777,中控技术,2025-09-24 09:48:48,52.9,6574,52.91,D
sh688777,中控技术,2025-09-24 09:48:51,52.89,9015,52.9,D
sh688777,中控技术,2025-09-24 09:48:54,52.9,9624,52.89,U
sh688777,中控技术,2025-09-24 09:48:57,52.97,39750,52.9,U
sh688777,中控技术,2025-09-24 09:49:00,52.99,46873,52.97,U
sh688777,中控技术,2025-09-24 09:49:03,53.0,101794,52.99,U
sh688777,中控技术,2025-09-24 09:49:06,53.03,72055,53.0,U
sh688777,中控技术,2025-09-24 09:49:09,53.01,22123,53.03,D
sh688777,中控技术,2025-09-24 09:49:12,53.06,11008,53.01,E
sh688777,中控技术,2025-09-24 09:49:15,53.03,33511,53.06,D
sh688777,中控技术,2025-09-24 09:49:18,53.03,28749,53.03,U
sh688777,中控技术,2025-09-24 09:49:21,53.1,101713,53.03,U
sh688777,中控技术,2025-09-24 09:49:24,53.12,18462,53.1,U
sh688777,中控技术,2025-09-24 09:49:27,53.13,20561,53.12,U
sh688777,中控技术,2025-09-24 09:49:30,53.05,17100,53.13,D
sh688777,中控技术,2025-09-24 09:49:33,53.03,12984,53.05,D
sh688777,中控技术,2025-09-24 09:49:36,53.03,42823,53.03,D
sh688777,中控技术,2025-09-24 09:49:39,53.04,6662,53.03,U
sh688777,中控技术,2025-09-24 09:49:42,52.93,10058,53.04,D
sh688777,中控技术,2025-09-24 09:49:45,52.85,9015,52.93,D
sh688777,中控技术,2025-09-24 09:49:48,53.0,55733,52.85,U
sh688777,中控技术,2025-09-24 09:49:54,52.88,8713,52.88,D
sh688777,中控技术,2025-09-24 09:49:57,52.9,17015,52.88,D
sh688777,中控技术,2025-09-24 09:50:00,52.91,22707,52.9,U
sh688777,中控技术,2025-09-24 09:50:03,52.91,12077,52.91,U
sh688777,中控技术,2025-09-24 09:50:06,52.95,29184,52.91,U
sh688777,中控技术,2025-09-24 09:50:09,52.97,29266,52.95,U
sh688777,中控技术,2025-09-24 09:50:12,52.95,25328,52.97,D
sh688777,中控技术,2025-09-24 09:50:15,52.78,75694,52.95,D
sh688777,中控技术,2025-09-24 09:50:18,52.82,7794,52.78,U
sh688777,中控技术,2025-09-24 09:50:21,52.75,26996,52.82,D
sh688777,中控技术,2025-09-24 09:50:24,52.77,11332,52.75,U
sh688777,中控技术,2025-09-24 09:50:27,52.8,25988,52.77,U
sh688777,中控技术,2025-09-24 09:50:30,52.81,17052,52.8,U
sh688777,中控技术,2025-09-24 09:50:33,52.79,23126,52.81,D
sh688777,中控技术,2025-09-24 09:50:36,52.78,6909,52.79,D
sh688777,中控技术,2025-09-24 09:50:39,52.75,18501,52.78,D
sh688777,中控技术,2025-09-24 09:50:42,52.77,11175,52.75,U
sh688777,中控技术,2025-09-24 09:50:45,52.75,11876,52.77,E
sh688777,中控技术,2025-09-24 09:50:48,52.78,77213,52.75,U
sh688777,中控技术,2025-09-24 09:50:51,52.85,29393,52.78,U
sh688777,中控技术,2025-09-24 09:50:54,52.89,21232,52.85,U
sh688777,中控技术,2025-09-24 09:50:57,52.75,9738,52.89,D
sh688777,中控技术,2025-09-24 09:51:00,52.85,8781,52.75,E
sh688777,中控技术,2025-09-24 09:51:03,52.84,7440,52.85,E
sh688777,中控技术,2025-09-24 09:51:06,52.8,29922,52.84,D
sh688777,中控技术,2025-09-24 09:51:09,52.83,15888,52.8,U
sh688777,中控技术,2025-09-24 09:51:12,52.76,43745,52.83,D
sh688777,中控技术,2025-09-24 09:51:15,52.8,41105,52.76,U
sh688777,中控技术,2025-09-24 09:51:18,52.83,15486,52.8,U
sh688777,中控技术,2025-09-24 09:51:21,52.89,57681,52.83,U
sh688777,中控技术,2025-09-24 09:51:24,52.9,29952,52.89,U
sh688777,中控技术,2025-09-24 09:51:27,52.92,17180,52.9,E
sh688777,中控技术,2025-09-24 09:51:30,52.89,20976,52.92,D
sh688777,中控技术,2025-09-24 09:51:33,52.9,9592,52.89,U
sh688777,中控技术,2025-09-24 09:51:36,52.92,10873,52.9,U
sh688777,中控技术,2025-09-24 09:51:39,52.9,15093,52.92,D
sh688777,中控技术,2025-09-24 09:51:42,52.9,7436,52.9,U
sh688777,中控技术,2025-09-24 09:51:45,52.87,5023,52.9,E
sh688777,中控技术,2025-09-24 09:51:48,52.89,35631,52.87,U
sh688777,中控技术,2025-09-24 09:51:51,52.9,9174,52.89,U
sh688777,中控技术,2025-09-24 09:51:54,52.95,42028,52.9,U
sh688777,中控技术,2025-09-24 09:51:57,52.98,12565,52.95,U
sh688777,中控技术,2025-09-24 09:52:00,52.98,42197,52.98,U
sh688777,中控技术,2025-09-24 09:52:03,52.97,28383,52.98,D
sh688777,中控技术,2025-09-24 09:52:06,52.97,29487,52.97,U
sh688777,中控技术,2025-09-24 09:52:09,52.97,15308,52.97,U
sh688777,中控技术,2025-09-24 09:52:12,52.94,8767,52.97,D
sh688777,中控技术,2025-09-24 09:52:15,52.94,99066,52.94,U
sh688777,中控技术,2025-09-24 09:52:18,52.91,37240,52.94,U
sh688777,中控技术,2025-09-24 09:52:21,52.87,5282,52.91,D
sh688777,中控技术,2025-09-24 09:52:24,52.9,19400,52.87,U
sh688777,中控技术,2025-09-24 09:52:27,52.94,23198,52.9,U
sh688777,中控技术,2025-09-24 09:52:30,52.95,5692,52.94,U
sh688777,中控技术,2025-09-24 09:52:33,52.96,39375,52.95,U
sh688777,中控技术,2025-09-24 09:52:36,53.0,96837,52.96,U
sh688777,中控技术,2025-09-24 09:52:39,53.0,50614,53.0,U
sh688777,中控技术,2025-09-24 09:52:42,52.98,19105,53.0,D
sh688777,中控技术,2025-09-24 09:52:45,53.03,137072,52.98,U
sh688777,中控技术,2025-09-24 09:52:48,53.05,13402,53.03,U
sh688777,中控技术,2025-09-24 09:52:51,53.06,16331,53.05,U
sh688777,中控技术,2025-09-24 09:52:54,53.08,45130,53.06,U
sh688777,中控技术,2025-09-24 09:52:57,53.01,32353,53.08,D
sh688777,中控技术,2025-09-24 09:53:00,53.06,31117,53.01,U
sh688777,中控技术,2025-09-24 09:53:03,53.1,31836,53.06,U
sh688777,中控技术,2025-09-24 09:53:06,53.12,34695,53.1,U
sh688777,中控技术,2025-09-24 09:53:09,53.07,34908,53.12,D
sh688777,中控技术,2025-09-24 09:53:12,53.06,20749,53.07,U
sh688777,中控技术,2025-09-24 09:53:15,53.0,20554,53.06,D
sh688777,中控技术,2025-09-24 09:53:18,53.0,39080,53.0,D
sh688777,中控技术,2025-09-24 09:53:24,52.9,7894,52.86,U
sh688777,中控技术,2025-09-24 09:53:27,52.95,9353,52.9,U
sh688777,中控技术,2025-09-24 09:53:30,52.99,9076,52.95,U
sh688777,中控技术,2025-09-24 09:53:36,52.93,23810,52.9,U
sh688777,中控技术,2025-09-24 09:53:39,52.86,12126,52.93,E
sh688777,中控技术,2025-09-24 09:53:42,52.9,27335,52.86,U
sh688777,中控技术,2025-09-24 09:53:45,52.9,47737,52.9,U
sh688777,中控技术,2025-09-24 09:53:48,52.86,23302,52.9,D
sh688777,中控技术,2025-09-24 09:53:51,52.9,11816,52.86,E
sh688777,中控技术,2025-09-24 09:53:54,52.9,10360,52.9,U
sh688777,中控技术,2025-09-24 09:53:57,52.9,5437,52.9,U
sh688777,中控技术,2025-09-24 09:54:00,52.85,68388,52.9,D
sh688777,中控技术,2025-09-24 09:54:03,52.9,7866,52.85,U
sh688777,中控技术,2025-09-24 09:54:06,52.9,10395,52.9,D
sh688777,中控技术,2025-09-24 09:54:09,52.95,6150,52.9,E
sh688777,中控技术,2025-09-24 09:54:12,52.95,10050,52.95,U
sh688777,中控技术,2025-09-24 09:54:15,52.99,35183,52.95,U
sh688777,中控技术,2025-09-24 09:54:18,52.97,5019,52.99,D
sh688777,中控技术,2025-09-24 09:54:21,52.98,29925,52.97,U
sh688777,中控技术,2025-09-24 09:54:24,52.95,9924,52.98,D
sh688777,中控技术,2025-09-24 09:54:27,52.95,22388,52.95,U
sh688777,中控技术,2025-09-24 09:54:30,52.95,13180,52.95,D
sh688777,中控技术,2025-09-24 09:54:33,52.97,6621,52.95,U
sh688777,中控技术,2025-09-24 09:54:36,52.98,8890,52.97,U
sh688777,中控技术,2025-09-24 09:54:39,52.9,22788,52.98,D
sh688777,中控技术,2025-09-24 09:54:42,52.94,8359,52.9,U
sh688777,中控技术,2025-09-24 09:54:45,52.9,4998,52.94,D
sh688777,中控技术,2025-09-24 09:54:48,52.97,6042,52.9,U
sh688777,中控技术,2025-09-24 09:54:51,52.91,10831,52.97,D
sh688777,中控技术,2025-09-24 09:54:54,52.87,15238,52.91,D
sh688777,中控技术,2025-09-24 09:54:57,52.95,7587,52.87,U
sh688777,中控技术,2025-09-24 09:55:00,52.91,4988,52.95,U
sh688777,中控技术,2025-09-24 09:55:06,52.9,6927,52.95,E
sh688777,中控技术,2025-09-24 09:55:09,52.91,7679,52.9,U
sh688777,中控技术,2025-09-24 09:55:15,52.88,7993,52.91,D
sh688777,中控技术,2025-09-24 09:55:18,52.84,10666,52.88,D
sh688777,中控技术,2025-09-24 09:55:21,52.75,42653,52.84,D
sh688777,中控技术,2025-09-24 09:55:24,52.79,7919,52.75,U
sh688777,中控技术,2025-09-24 09:55:27,52.74,6433,52.79,D
sh688777,中控技术,2025-09-24 09:55:30,52.77,6778,52.74,U
sh688777,中控技术,2025-09-24 09:55:36,52.75,15612,52.78,E
sh688777,中控技术,2025-09-24 09:55:39,52.68,23015,52.75,D
sh688777,中控技术,2025-09-24 09:55:42,52.65,24069,52.68,D
sh688777,中控技术,2025-09-24 09:55:45,52.63,30451,52.65,D
sh688777,中控技术,2025-09-24 09:55:48,52.66,11887,52.63,U
sh688777,中控技术,2025-09-24 09:55:51,52.7,18072,52.66,U
sh688777,中控技术,2025-09-24 09:55:54,52.72,47570,52.7,U
sh688777,中控技术,2025-09-24 09:55:57,52.74,9560,52.72,U
sh688777,中控技术,2025-09-24 09:56:00,52.76,7221,52.74,U
sh688777,中控技术,2025-09-24 09:56:03,52.7,10864,52.76,D
sh688777,中控技术,2025-09-24 09:56:06,52.66,5466,52.7,D
sh688777,中控技术,2025-09-24 09:56:09,52.69,9005,52.66,U
sh688777,中控技术,2025-09-24 09:56:12,52.66,4700,52.69,D
sh688777,中控技术,2025-09-24 09:56:15,52.62,6969,52.66,D
sh688777,中控技术,2025-09-24 09:56:18,52.64,6599,52.62,U
sh688777,中控技术,2025-09-24 09:56:21,52.62,7796,52.64,D
sh688777,中控技术,2025-09-24 09:56:24,52.6,19071,52.62,D
sh688777,中控技术,2025-09-24 09:56:30,52.6,12203,52.6,D
sh688777,中控技术,2025-09-24 09:56:33,52.6,14525,52.6,U
sh688777,中控技术,2025-09-24 09:56:36,52.59,12261,52.6,D
sh688777,中控技术,2025-09-24 09:56:39,52.59,6438,52.59,U
sh688777,中控技术,2025-09-24 09:56:45,52.55,12171,52.58,D
sh688777,中控技术,2025-09-24 09:56:54,52.52,14586,52.53,D
sh688777,中控技术,2025-09-24 09:56:57,52.55,23197,52.52,U
sh688777,中控技术,2025-09-24 09:57:00,52.52,33008,52.55,D
sh688777,中控技术,2025-09-24 09:57:03,52.56,35523,52.52,U
sh688777,中控技术,2025-09-24 09:57:06,52.56,10743,52.56,U
sh688777,中控技术,2025-09-24 09:57:09,52.55,15861,52.56,D
sh688777,中控技术,2025-09-24 09:57:12,52.55,50700,52.55,D
sh688777,中控技术,2025-09-24 09:57:15,52.52,23841,52.55,E
sh688777,中控技术,2025-09-24 09:57:18,52.58,40464,52.52,U
sh688777,中控技术,2025-09-24 09:57:21,52.51,23142,52.58,D
sh688777,中控技术,2025-09-24 09:57:24,52.57,62083,52.51,U
sh688777,中控技术,2025-09-24 09:57:27,52.51,22109,52.57,D
sh688777,中控技术,2025-09-24 09:57:30,52.56,9223,52.51,U
sh688777,中控技术,2025-09-24 09:57:33,52.57,6479,52.56,U
sh688777,中控技术,2025-09-24 09:57:36,52.6,47950,52.57,U
sh688777,中控技术,2025-09-24 09:57:42,52.64,6249,52.63,U
sh688777,中控技术,2025-09-24 09:57:45,52.67,9912,52.64,U
sh688777,中控技术,2025-09-24 09:57:48,52.68,5861,52.67,U
sh688777,中控技术,2025-09-24 09:57:51,52.71,15740,52.68,U
sh688777,中控技术,2025-09-24 09:57:57,52.72,14338,52.68,U
sh688777,中控技术,2025-09-24 09:58:00,52.77,45838,52.72,U
sh688777,中控技术,2025-09-24 09:58:03,52.78,27388,52.77,U
sh688777,中控技术,2025-09-24 09:58:06,52.8,16357,52.78,U
sh688777,中控技术,2025-09-24 09:58:09,52.83,25700,52.8,U
sh688777,中控技术,2025-09-24 09:58:12,52.87,21833,52.83,U
sh688777,中控技术,2025-09-24 09:58:15,52.9,17227,52.87,U
sh688777,中控技术,2025-09-24 09:58:18,52.91,14764,52.9,U
sh688777,中控技术,2025-09-24 09:58:24,52.89,7991,52.9,D
sh688777,中控技术,2025-09-24 09:58:27,52.85,6760,52.89,D
sh688777,中控技术,2025-09-24 09:58:39,52.91,78024,52.88,U
sh688777,中控技术,2025-09-24 09:58:42,52.85,7224,52.91,D
sh688777,中控技术,2025-09-24 09:58:45,52.9,6850,52.85,U
sh688777,中控技术,2025-09-24 09:58:48,52.86,12843,52.9,D
sh688777,中控技术,2025-09-24 09:58:54,52.8,16476,52.9,D
sh688777,中控技术,2025-09-24 09:59:03,52.85,22863,52.8,U
sh688777,中控技术,2025-09-24 09:59:06,52.88,19418,52.85,U
sh688777,中控技术,2025-09-24 09:59:09,52.9,19091,52.88,U
sh688777,中控技术,2025-09-24 09:59:12,52.91,11425,52.9,U
sh688777,中控技术,2025-09-24 09:59:15,52.91,7005,52.91,D
sh688777,中控技术,2025-09-24 09:59:18,52.92,5107,52.91,U
sh688777,中控技术,2025-09-24 09:59:21,52.92,9009,52.92,U
sh688777,中控技术,2025-09-24 09:59:24,52.91,5975,52.92,E
sh688777,中控技术,2025-09-24 09:59:27,52.91,4276,52.91,U
sh688777,中控技术,2025-09-24 09:59:45,52.88,39264,52.88,D
sh688777,中控技术,2025-09-24 09:59:48,52.89,38218,52.88,E
sh688777,中控技术,2025-09-24 09:59:51,52.89,10931,52.89,U
sh688777,中控技术,2025-09-24 10:00:09,52.87,9934,52.85,E
sh688777,中控技术,2025-09-24 10:00:12,52.89,29929,52.87,U
sh688777,中控技术,2025-09-24 10:00:15,52.93,45151,52.89,U
sh688777,中控技术,2025-09-24 10:00:18,52.89,22689,52.93,D
sh688777,中控技术,2025-09-24 10:00:21,52.94,15970,52.89,U
sh688777,中控技术,2025-09-24 10:00:24,52.89,5200,52.94,D
sh688777,中控技术,2025-09-24 10:00:30,52.91,15686,52.87,U
sh688777,中控技术,2025-09-24 10:00:33,52.89,17183,52.91,D
sh688777,中控技术,2025-09-24 10:00:36,52.9,11200,52.89,U
sh688777,中控技术,2025-09-24 10:00:39,52.92,25137,52.9,U
sh688777,中控技术,2025-09-24 10:00:45,52.87,27560,52.92,D
sh688777,中控技术,2025-09-24 10:00:48,52.86,4157,52.87,D
sh688777,中控技术,2025-09-24 10:00:51,52.82,8688,52.86,D
sh688777,中控技术,2025-09-24 10:00:57,52.86,7157,52.87,E
sh688777,中控技术,2025-09-24 10:01:03,52.82,14060,52.86,D
sh688777,中控技术,2025-09-24 10:01:06,52.8,18052,52.82,D
sh688777,中控技术,2025-09-24 10:01:09,52.76,86447,52.8,D
sh688777,中控技术,2025-09-24 10:01:12,52.78,27277,52.76,U
sh688777,中控技术,2025-09-24 10:01:18,52.85,4458,52.82,U
sh688777,中控技术,2025-09-24 10:01:21,52.86,6623,52.85,U
sh688777,中控技术,2025-09-24 10:01:24,52.87,12018,52.86,U
sh688777,中控技术,2025-09-24 10:01:27,52.91,37845,52.87,U
sh688777,中控技术,2025-09-24 10:01:30,52.92,29300,52.91,U
sh688777,中控技术,2025-09-24 10:01:33,52.97,78853,52.92,U
sh688777,中控技术,2025-09-24 10:01:36,52.97,21223,52.97,U
sh688777,中控技术,2025-09-24 10:01:39,52.99,63987,52.97,U
sh688777,中控技术,2025-09-24 10:01:42,52.98,18380,52.99,E
sh688777,中控技术,2025-09-24 10:01:45,52.98,11524,52.98,D
sh688777,中控技术,2025-09-24 10:01:48,52.98,6208,52.98,U
sh688777,中控技术,2025-09-24 10:01:51,52.99,26544,52.98,U
sh688777,中控技术,2025-09-24 10:01:54,52.95,18957,52.99,D
sh688777,中控技术,2025-09-24 10:01:57,52.99,17090,52.95,U
sh688777,中控技术,2025-09-24 10:02:00,52.96,5228,52.99,E
sh688777,中控技术,2025-09-24 10:02:03,52.97,14148,52.96,U
sh688777,中控技术,2025-09-24 10:02:06,52.98,9460,52.97,U
sh688777,中控技术,2025-09-24 10:02:09,52.99,33768,52.98,U
sh688777,中控技术,2025-09-24 10:02:12,52.99,42741,52.99,U
sh688777,中控技术,2025-09-24 10:02:15,52.99,4411,52.99,D
sh688777,中控技术,2025-09-24 10:02:18,52.99,13679,52.99,D
sh688777,中控技术,2025-09-24 10:02:21,52.96,16061,52.99,D
sh688777,中控技术,2025-09-24 10:02:24,52.96,26004,52.96,D
sh688777,中控技术,2025-09-24 10:02:27,52.91,9384,52.96,E
sh688777,中控技术,2025-09-24 10:02:33,52.9,7408,52.89,U
sh688777,中控技术,2025-09-24 10:02:45,52.86,17845,52.85,U
sh688777,中控技术,2025-09-24 10:02:48,52.9,36755,52.86,U
sh688777,中控技术,2025-09-24 10:02:51,52.93,8106,52.9,U
sh688777,中控技术,2025-09-24 10:02:54,52.94,37028,52.93,U
sh688777,中控技术,2025-09-24 10:03:00,52.97,13361,52.97,U
sh688777,中控技术,2025-09-24 10:03:06,52.98,20205,52.96,U
sh688777,中控技术,2025-09-24 10:03:09,52.99,31187,52.98,U
sh688777,中控技术,2025-09-24 10:03:12,52.99,32169,52.99,U
sh688777,中控技术,2025-09-24 10:03:15,52.98,14548,52.99,E
sh688777,中控技术,2025-09-24 10:03:18,53.0,109882,52.98,U
sh688777,中控技术,2025-09-24 10:03:21,53.0,84997,53.0,U
sh688777,中控技术,2025-09-24 10:03:27,53.05,20520,53.03,U
sh688777,中控技术,2025-09-24 10:03:30,53.06,7302,53.05,U
sh688777,中控技术,2025-09-24 10:03:33,53.08,19036,53.06,U
sh688777,中控技术,2025-09-24 10:03:36,53.08,12533,53.08,U
sh688777,中控技术,2025-09-24 10:03:39,53.07,40413,53.08,D
sh688777,中控技术,2025-09-24 10:03:42,53.07,19398,53.07,U
sh688777,中控技术,2025-09-24 10:03:45,53.09,33148,53.07,U
sh688777,中控技术,2025-09-24 10:03:48,53.07,11209,53.09,D
sh688777,中控技术,2025-09-24 10:03:51,53.07,15932,53.07,U
sh688777,中控技术,2025-09-24 10:03:54,53.05,13918,53.07,D
sh688777,中控技术,2025-09-24 10:03:57,53.07,14371,53.05,U
sh688777,中控技术,2025-09-24 10:04:06,52.96,29191,53.03,D
sh688777,中控技术,2025-09-24 10:04:12,52.99,13000,52.94,U
sh688777,中控技术,2025-09-24 10:04:15,52.92,7082,52.99,D
sh688777,中控技术,2025-09-24 10:04:18,52.93,7157,52.92,U
sh688777,中控技术,2025-09-24 10:04:21,52.9,7492,52.93,D
sh688777,中控技术,2025-09-24 10:04:30,52.84,19658,52.8,E
sh688777,中控技术,2025-09-24 10:04:33,52.9,5600,52.84,U
sh688777,中控技术,2025-09-24 10:04:36,52.9,12898,52.9,D
sh688777,中控技术,2025-09-24 10:04:39,52.94,6645,52.9,U
sh688777,中控技术,2025-09-24 10:04:51,52.89,7050,52.92,D
sh688777,中控技术,2025-09-24 10:05:03,52.82,11538,52.82,D
sh688777,中控技术,2025-09-24 10:05:06,52.9,24960,52.82,U
sh688777,中控技术,2025-09-24 10:05:09,52.91,7650,52.9,U
sh688777,中控技术,2025-09-24 10:05:12,52.91,10316,52.91,D
sh688777,中控技术,2025-09-24 10:05:18,52.89,9166,52.91,D
sh688777,中控技术,2025-09-24 10:05:21,53.0,103820,52.89,U
sh688777,中控技术,2025-09-24 10:05:24,53.03,7428,53.0,U
sh688777,中控技术,2025-09-24 10:05:27,53.04,7922,53.03,U
sh688777,中控技术,2025-09-24 10:05:30,53.06,7865,53.04,U
sh688777,中控技术,2025-09-24 10:05:33,53.07,24442,53.06,U
sh688777,中控技术,2025-09-24 10:05:36,53.09,54745,53.07,U
sh688777,中控技术,2025-09-24 10:05:39,53.09,25678,53.09,U
sh688777,中控技术,2025-09-24 10:05:42,53.1,12094,53.09,U
sh688777,中控技术,2025-09-24 10:05:45,53.06,12160,53.1,D
sh688777,中控技术,2025-09-24 10:05:48,53.06,11335,53.06,D
sh688777,中控技术,2025-09-24 10:05:51,53.06,9727,53.06,U
sh688777,中控技术,2025-09-24 10:05:54,53.06,8744,53.06,U
sh688777,中控技术,2025-09-24 10:05:57,53.06,8948,53.06,U
sh688777,中控技术,2025-09-24 10:06:00,53.04,3928,53.06,D
sh688777,中控技术,2025-09-24 10:06:06,53.04,11070,53.01,U
sh688777,中控技术,2025-09-24 10:06:09,53.06,57031,53.04,U
sh688777,中控技术,2025-09-24 10:06:12,53.09,14661,53.06,U
sh688777,中控技术,2025-09-24 10:06:15,53.1,27796,53.09,U
sh688777,中控技术,2025-09-24 10:06:18,53.1,11817,53.1,U
sh688777,中控技术,2025-09-24 10:06:21,53.09,63838,53.1,E
sh688777,中控技术,2025-09-24 10:06:24,53.03,14749,53.09,D
sh688777,中控技术,2025-09-24 10:06:27,53.03,14662,53.03,D
sh688777,中控技术,2025-09-24 10:06:33,53.06,14760,53.03,U
sh688777,中控技术,2025-09-24 10:06:36,53.05,4121,53.06,E
sh688777,中控技术,2025-09-24 10:06:39,53.06,11954,53.05,U
sh688777,中控技术,2025-09-24 10:06:42,53.0,5350,53.06,D
sh688777,中控技术,2025-09-24 10:06:45,53.06,24294,53.0,U
sh688777,中控技术,2025-09-24 10:06:48,53.02,6600,53.06,E
sh688777,中控技术,2025-09-24 10:06:57,53.03,22846,53.01,U
sh688777,中控技术,2025-09-24 10:07:00,53.0,7032,53.03,D
sh688777,中控技术,2025-09-24 10:07:06,52.92,31947,52.99,D
sh688777,中控技术,2025-09-24 10:07:09,52.86,7437,52.92,D
sh688777,中控技术,2025-09-24 10:07:18,52.8,15360,52.86,D
sh688777,中控技术,2025-09-24 10:07:24,52.78,17527,52.79,D
sh688777,中控技术,2025-09-24 10:07:27,52.75,11700,52.78,D
sh688777,中控技术,2025-09-24 10:07:30,52.77,17348,52.75,U
sh688777,中控技术,2025-09-24 10:07:33,52.84,12972,52.77,U
sh688777,中控技术,2025-09-24 10:07:42,52.86,7508,52.84,U
sh688777,中控技术,2025-09-24 10:07:45,52.86,22484,52.86,U
sh688777,中控技术,2025-09-24 10:07:48,52.86,6388,52.86,U
sh688777,中控技术,2025-09-24 10:07:51,52.85,14033,52.86,D
sh688777,中控技术,2025-09-24 10:07:57,52.87,6412,52.86,U
sh688777,中控技术,2025-09-24 10:08:06,52.89,4948,52.85,U
sh688777,中控技术,2025-09-24 10:08:09,52.92,6525,52.89,U
sh688777,中控技术,2025-09-24 10:08:12,52.93,5105,52.92,U
sh688777,中控技术,2025-09-24 10:08:15,52.89,6197,52.93,D
sh688777,中控技术,2025-09-24 10:08:18,52.89,12482,52.89,U
sh688777,中控技术,2025-09-24 10:08:30,52.86,6196,52.86,U
sh688777,中控技术,2025-09-24 10:08:36,52.86,6008,52.87,D
sh688777,中控技术,2025-09-24 10:08:45,52.89,6241,52.93,D
sh688777,中控技术,2025-09-24 10:08:48,52.89,6870,52.89,U
sh688777,中控技术,2025-09-24 10:08:54,52.88,5540,52.87,U
sh688777,中控技术,2025-09-24 10:09:00,52.9,17104,52.88,U
sh688777,中控技术,2025-09-24 10:09:03,52.93,5133,52.9,U
sh688777,中控技术,2025-09-24 10:09:06,52.9,7878,52.93,D
sh688777,中控技术,2025-09-24 10:09:09,52.89,14989,52.9,D
sh688777,中控技术,2025-09-24 10:09:12,52.93,7861,52.89,E
sh688777,中控技术,2025-09-24 10:09:15,52.89,4792,52.93,D
sh688777,中控技术,2025-09-24 10:09:21,52.84,8318,52.89,D
sh688777,中控技术,2025-09-24 10:09:24,52.77,30630,52.84,D
sh688777,中控技术,2025-09-24 10:09:27,52.78,7331,52.77,U
sh688777,中控技术,2025-09-24 10:09:36,52.73,7631,52.74,D
sh688777,中控技术,2025-09-24 10:09:42,52.72,7949,52.73,D
sh688777,中控技术,2025-09-24 10:09:45,52.67,24827,52.72,D
sh688777,中控技术,2025-09-24 10:09:48,52.64,15327,52.67,D
sh688777,中控技术,2025-09-24 10:09:51,52.7,6718,52.64,U
sh688777,中控技术,2025-09-24 10:09:54,52.73,14828,52.7,U
sh688777,中控技术,2025-09-24 10:09:57,52.68,9045,52.73,D
sh688777,中控技术,2025-09-24 10:10:00,52.67,5125,52.68,E
sh688777,中控技术,2025-09-24 10:10:03,52.63,19570,52.67,D
sh688777,中控技术,2025-09-24 10:10:06,52.63,7027,52.63,U
sh688777,中控技术,2025-09-24 10:10:12,52.59,4134,52.6,D
sh688777,中控技术,2025-09-24 10:10:15,52.56,9399,52.59,D
sh688777,中控技术,2025-09-24 10:10:21,52.56,28542,52.56,U
sh688777,中控技术,2025-09-24 10:10:24,52.58,22705,52.56,E
sh688777,中控技术,2025-09-24 10:10:27,52.59,11164,52.58,D
sh688777,中控技术,2025-09-24 10:10:30,52.62,8258,52.59,U
sh688777,中控技术,2025-09-24 10:10:33,52.62,15919,52.62,D
sh688777,中控技术,2025-09-24 10:10:36,52.57,8424,52.62,D
sh688777,中控技术,2025-09-24 10:10:39,52.58,4258,52.57,E
sh688777,中控技术,2025-09-24 10:10:42,52.56,34985,52.58,D
sh688777,中控技术,2025-09-24 10:10:45,52.56,6399,52.56,U
sh688777,中控技术,2025-09-24 10:10:48,52.5,5442,52.56,D
sh688777,中控技术,2025-09-24 10:10:51,52.49,31802,52.5,D
sh688777,中控技术,2025-09-24 10:10:54,52.49,6028,52.49,U
sh688777,中控技术,2025-09-24 10:10:57,52.48,9853,52.49,D
sh688777,中控技术,2025-09-24 10:11:00,52.47,35469,52.48,D
sh688777,中控技术,2025-09-24 10:11:03,52.49,14718,52.47,U
sh688777,中控技术,2025-09-24 10:11:06,52.5,30034,52.49,D
sh688777,中控技术,2025-09-24 10:11:09,52.5,6319,52.5,U
sh688777,中控技术,2025-09-24 10:11:12,52.42,10014,52.5,D
sh688777,中控技术,2025-09-24 10:11:15,52.46,6303,52.42,U
sh688777,中控技术,2025-09-24 10:11:18,52.5,17324,52.46,U
sh688777,中控技术,2025-09-24 10:11:21,52.48,13236,52.5,D
sh688777,中控技术,2025-09-24 10:11:24,52.49,7938,52.48,U
sh688777,中控技术,2025-09-24 10:11:27,52.48,6303,52.49,D
sh688777,中控技术,2025-09-24 10:11:30,52.47,15042,52.48,D
sh688777,中控技术,2025-09-24 10:11:33,52.48,7474,52.47,U
sh688777,中控技术,2025-09-24 10:11:36,52.44,19289,52.48,D
sh688777,中控技术,2025-09-24 10:11:42,52.44,9644,52.45,D
sh688777,中控技术,2025-09-24 10:11:45,52.43,9871,52.44,D
sh688777,中控技术,2025-09-24 10:11:48,52.41,5987,52.43,D
sh688777,中控技术,2025-09-24 10:11:51,52.44,6602,52.41,U
sh688777,中控技术,2025-09-24 10:11:54,52.4,10280,52.44,D
sh688777,中控技术,2025-09-24 10:11:57,52.41,31501,52.4,U
sh688777,中控技术,2025-09-24 10:12:00,52.42,6351,52.41,U
sh688777,中控技术,2025-09-24 10:12:03,52.45,19406,52.42,U
sh688777,中控技术,2025-09-24 10:12:06,52.47,19022,52.45,U
sh688777,中控技术,2025-09-24 10:12:09,52.45,10555,52.47,D
sh688777,中控技术,2025-09-24 10:12:12,52.44,27167,52.45,D
sh688777,中控技术,2025-09-24 10:12:15,52.46,4063,52.44,U
sh688777,中控技术,2025-09-24 10:12:18,52.42,4264,52.46,D
sh688777,中控技术,2025-09-24 10:12:24,52.48,16998,52.46,U
sh688777,中控技术,2025-09-24 10:12:27,52.48,9532,52.48,D
sh688777,中控技术,2025-09-24 10:12:30,52.41,21513,52.48,D
sh688777,中控技术,2025-09-24 10:12:33,52.47,11329,52.41,U
sh688777,中控技术,2025-09-24 10:12:36,52.48,17698,52.47,U
sh688777,中控技术,2025-09-24 10:12:39,52.48,7474,52.48,U
sh688777,中控技术,2025-09-24 10:12:42,52.48,10612,52.48,U
sh688777,中控技术,2025-09-24 10:12:45,52.47,4978,52.48,D
sh688777,中控技术,2025-09-24 10:12:51,52.48,4170,52.47,U
sh688777,中控技术,2025-09-24 10:13:00,52.48,4316,52.49,D
sh688777,中控技术,2025-09-24 10:13:03,52.5,15245,52.48,U
sh688777,中控技术,2025-09-24 10:13:06,52.53,20377,52.5,U
sh688777,中控技术,2025-09-24 10:13:09,52.54,14958,52.53,U
sh688777,中控技术,2025-09-24 10:13:12,52.54,9429,52.54,U
sh688777,中控技术,2025-09-24 10:13:15,52.55,9186,52.54,U
sh688777,中控技术,2025-09-24 10:13:18,52.56,5120,52.55,U
sh688777,中控技术,2025-09-24 10:13:21,52.56,5951,52.56,U
sh688777,中控技术,2025-09-24 10:13:30,52.55,13539,52.56,D
sh688777,中控技术,2025-09-24 10:13:36,52.51,4329,52.55,D
sh688777,中控技术,2025-09-24 10:13:39,52.5,17635,52.51,D
sh688777,中控技术,2025-09-24 10:13:42,52.51,16110,52.5,U
sh688777,中控技术,2025-09-24 10:13:45,52.51,4399,52.51,U
sh688777,中控技术,2025-09-24 10:13:48,52.48,3829,52.51,D
sh688777,中控技术,2025-09-24 10:13:54,52.49,6420,52.5,D
sh688777,中控技术,2025-09-24 10:14:00,52.48,7443,52.48,U
sh688777,中控技术,2025-09-24 10:14:03,52.48,3872,52.48,U
sh688777,中控技术,2025-09-24 10:14:09,52.48,4785,52.48,U
sh688777,中控技术,2025-09-24 10:14:12,52.45,8241,52.48,D
sh688777,中控技术,2025-09-24 10:14:15,52.46,26146,52.45,U
sh688777,中控技术,2025-09-24 10:14:18,52.46,10552,52.46,U
sh688777,中控技术,2025-09-24 10:14:21,52.45,17286,52.46,D
sh688777,中控技术,2025-09-24 10:14:27,52.45,4579,52.45,U
sh688777,中控技术,2025-09-24 10:14:33,52.44,4965,52.43,D
sh688777,中控技术,2025-09-24 10:14:36,52.43,9121,52.44,D
sh688777,中控技术,2025-09-24 10:14:42,52.44,9224,52.44,U
sh688777,中控技术,2025-09-24 10:14:51,52.46,10861,52.45,U
sh688777,中控技术,2025-09-24 10:14:54,52.45,4559,52.46,D
sh688777,中控技术,2025-09-24 10:15:03,52.45,8203,52.46,D
sh688777,中控技术,2025-09-24 10:15:15,52.45,12228,52.45,U
sh688777,中控技术,2025-09-24 10:15:18,52.43,5131,52.45,D
sh688777,中控技术,2025-09-24 10:15:21,52.48,15685,52.43,U
sh688777,中控技术,2025-09-24 10:15:27,52.45,6666,52.48,U
sh688777,中控技术,2025-09-24 10:15:33,52.5,11940,52.45,U
sh688777,中控技术,2025-09-24 10:15:36,52.5,8650,52.5,U
sh688777,中控技术,2025-09-24 10:15:39,52.53,11297,52.5,U
sh688777,中控技术,2025-09-24 10:15:42,52.55,5670,52.53,U
sh688777,中控技术,2025-09-24 10:15:45,52.56,9297,52.55,U
sh688777,中控技术,2025-09-24 10:15:48,52.56,10305,52.56,U
sh688777,中控技术,2025-09-24 10:15:51,52.55,9566,52.56,D
sh688777,中控技术,2025-09-24 10:16:00,52.54,5014,52.54,U
sh688777,中控技术,2025-09-24 10:16:09,52.52,15207,52.51,U
sh688777,中控技术,2025-09-24 10:16:12,52.5,24173,52.52,D
sh688777,中控技术,2025-09-24 10:16:15,52.52,5430,52.5,U
sh688777,中控技术,2025-09-24 10:16:18,52.53,6401,52.52,U
sh688777,中控技术,2025-09-24 10:16:21,52.52,16426,52.53,D
sh688777,中控技术,2025-09-24 10:16:24,52.55,16309,52.52,U
sh688777,中控技术,2025-09-24 10:16:27,52.55,9418,52.55,U
sh688777,中控技术,2025-09-24 10:16:30,52.57,8959,52.55,U
sh688777,中控技术,2025-09-24 10:16:33,52.57,5390,52.57,U
sh688777,中控技术,2025-09-24 10:16:36,52.58,4285,52.57,U
sh688777,中控技术,2025-09-24 10:16:39,52.56,7361,52.58,D
sh688777,中控技术,2025-09-24 10:16:42,52.64,13628,52.56,U
sh688777,中控技术,2025-09-24 10:16:48,52.65,20141,52.64,D
sh688777,中控技术,2025-09-24 10:16:51,52.67,9284,52.65,U
sh688777,中控技术,2025-09-24 10:16:54,52.69,10728,52.67,U
sh688777,中控技术,2025-09-24 10:16:57,52.71,7732,52.69,U
sh688777,中控技术,2025-09-24 10:17:09,52.69,19210,52.69,D
sh688777,中控技术,2025-09-24 10:17:15,52.7,13169,52.7,U
sh688777,中控技术,2025-09-24 10:17:18,52.75,13499,52.7,U
sh688777,中控技术,2025-09-24 10:17:21,52.76,5425,52.75,U
sh688777,中控技术,2025-09-24 10:17:24,52.71,6368,52.76,D
sh688777,中控技术,2025-09-24 10:17:27,52.81,6806,52.71,U
sh688777,中控技术,2025-09-24 10:17:30,52.92,15731,52.81,U
sh688777,中控技术,2025-09-24 10:17:33,52.92,21388,52.92,U
sh688777,中控技术,2025-09-24 10:17:36,52.93,23071,52.92,U
sh688777,中控技术,2025-09-24 10:17:39,52.93,19648,52.93,D
sh688777,中控技术,2025-09-24 10:17:42,52.93,6313,52.93,U
sh688777,中控技术,2025-09-24 10:17:45,52.93,13055,52.93,U
sh688777,中控技术,2025-09-24 10:17:48,53.0,115119,52.93,U
sh688777,中控技术,2025-09-24 10:17:51,53.01,39278,53.0,U
sh688777,中控技术,2025-09-24 10:17:54,53.01,20750,53.01,U
sh688777,中控技术,2025-09-24 10:17:57,53.01,53480,53.01,U
sh688777,中控技术,2025-09-24 10:18:00,53.0,11394,53.01,D
sh688777,中控技术,2025-09-24 10:18:03,52.95,5115,53.0,D
sh688777,中控技术,2025-09-24 10:18:06,53.0,9829,52.95,U
sh688777,中控技术,2025-09-24 10:18:12,52.96,7607,52.95,E
sh688777,中控技术,2025-09-24 10:18:15,53.01,35270,52.96,U
sh688777,中控技术,2025-09-24 10:18:18,53.04,55206,53.01,U
sh688777,中控技术,2025-09-24 10:18:21,53.09,98740,53.04,U
sh688777,中控技术,2025-09-24 10:18:24,53.09,33156,53.09,U
sh688777,中控技术,2025-09-24 10:18:27,53.06,33981,53.09,D
sh688777,中控技术,2025-09-24 10:18:30,53.09,26748,53.06,U
sh688777,中控技术,2025-09-24 10:18:33,53.0,35347,53.09,D
sh688777,中控技术,2025-09-24 10:18:39,53.0,26549,53.01,D
sh688777,中控技术,2025-09-24 10:18:42,53.0,19615,53.0,U
sh688777,中控技术,2025-09-24 10:18:45,53.07,8746,53.0,U
sh688777,中控技术,2025-09-24 10:18:48,53.07,23813,53.07,U
sh688777,中控技术,2025-09-24 10:18:51,53.01,17141,53.07,D
sh688777,中控技术,2025-09-24 10:18:54,53.05,10839,53.01,U
sh688777,中控技术,2025-09-24 10:18:57,53.07,18568,53.05,U
sh688777,中控技术,2025-09-24 10:19:00,53.01,6477,53.07,D
sh688777,中控技术,2025-09-24 10:19:03,53.07,134578,53.01,U
sh688777,中控技术,2025-09-24 10:19:06,53.07,41169,53.07,D
sh688777,中控技术,2025-09-24 10:19:09,53.06,46685,53.07,U
sh688777,中控技术,2025-09-24 10:19:12,53.04,8004,53.06,D
sh688777,中控技术,2025-09-24 10:19:15,53.0,8048,53.04,D
sh688777,中控技术,2025-09-24 10:19:18,53.04,9873,53.0,U
sh688777,中控技术,2025-09-24 10:19:21,53.0,16437,53.04,E
sh688777,中控技术,2025-09-24 10:19:24,53.01,4020,53.0,U
sh688777,中控技术,2025-09-24 10:19:27,53.02,3931,53.01,U
sh688777,中控技术,2025-09-24 10:19:30,53.0,10139,53.02,D
sh688777,中控技术,2025-09-24 10:19:33,53.04,16338,53.0,U
sh688777,中控技术,2025-09-24 10:19:36,53.03,15564,53.04,D
sh688777,中控技术,2025-09-24 10:19:39,53.05,4728,53.03,U
sh688777,中控技术,2025-09-24 10:19:42,53.0,9436,53.05,D
sh688777,中控技术,2025-09-24 10:19:45,53.0,5576,53.0,D
sh688777,中控技术,2025-09-24 10:19:51,53.0,17958,53.01,D
sh688777,中控技术,2025-09-24 10:19:54,53.03,7582,53.0,U
sh688777,中控技术,2025-09-24 10:19:57,53.04,7469,53.03,U
sh688777,中控技术,2025-09-24 10:20:00,53.0,24486,53.04,D
sh688777,中控技术,2025-09-24 10:20:03,53.0,76173,53.0,U
sh688777,中控技术,2025-09-24 10:20:06,53.03,11594,53.0,E
sh688777,中控技术,2025-09-24 10:20:09,53.03,11985,53.03,U
sh688777,中控技术,2025-09-24 10:20:12,53.03,12456,53.03,U
sh688777,中控技术,2025-09-24 10:20:15,53.0,20422,53.03,D
sh688777,中控技术,2025-09-24 10:20:18,53.02,8133,53.0,U
sh688777,中控技术,2025-09-24 10:20:21,53.01,15850,53.02,D
sh688777,中控技术,2025-09-24 10:20:27,53.02,5439,53.01,U
sh688777,中控技术,2025-09-24 10:20:30,53.01,10153,53.02,D
sh688777,中控技术,2025-09-24 10:20:33,53.02,15910,53.01,U
sh688777,中控技术,2025-09-24 10:20:36,53.03,15459,53.02,U
sh688777,中控技术,2025-09-24 10:20:39,53.01,8259,53.03,D
sh688777,中控技术,2025-09-24 10:20:42,53.02,4146,53.01,U
sh688777,中控技术,2025-09-24 10:20:45,53.01,7702,53.02,D
sh688777,中控技术,2025-09-24 10:20:54,53.0,5146,53.01,D
sh688777,中控技术,2025-09-24 10:21:00,53.0,6556,53.01,D
sh688777,中控技术,2025-09-24 10:21:03,53.04,67879,53.0,U
sh688777,中控技术,2025-09-24 10:21:06,53.04,55816,53.04,U
sh688777,中控技术,2025-09-24 10:21:09,53.01,13860,53.04,D
sh688777,中控技术,2025-09-24 10:21:12,53.0,7906,53.01,D
sh688777,中控技术,2025-09-24 10:21:15,52.96,4578,53.0,D
sh688777,中控技术,2025-09-24 10:21:33,53.01,12984,52.97,U
sh688777,中控技术,2025-09-24 10:21:36,53.02,7702,53.01,U
sh688777,中控技术,2025-09-24 10:21:39,53.02,26482,53.02,D
sh688777,中控技术,2025-09-24 10:21:42,53.0,6399,53.02,E
sh688777,中控技术,2025-09-24 10:21:45,53.01,4591,53.0,U
sh688777,中控技术,2025-09-24 10:21:48,52.98,8725,53.01,D
sh688777,中控技术,2025-09-24 10:22:03,53.03,56999,53.0,U
sh688777,中控技术,2025-09-24 10:22:06,53.03,27409,53.03,U
sh688777,中控技术,2025-09-24 10:22:09,53.05,9887,53.03,U
sh688777,中控技术,2025-09-24 10:22:12,53.05,42749,53.05,U
sh688777,中控技术,2025-09-24 10:22:15,53.04,9110,53.05,D
sh688777,中控技术,2025-09-24 10:22:18,53.05,12211,53.04,U
sh688777,中控技术,2025-09-24 10:22:24,53.04,19138,53.04,U
sh688777,中控技术,2025-09-24 10:22:27,53.03,11261,53.04,U
sh688777,中控技术,2025-09-24 10:22:36,53.0,6680,53.02,D
sh688777,中控技术,2025-09-24 10:22:51,52.93,46702,53.0,D
sh688777,中控技术,2025-09-24 10:22:54,52.9,15142,52.93,E
sh688777,中控技术,2025-09-24 10:22:57,52.97,18616,52.9,U
sh688777,中控技术,2025-09-24 10:23:00,52.95,4100,52.97,D
sh688777,中控技术,2025-09-24 10:23:03,52.98,3975,52.95,U
sh688777,中控技术,2025-09-24 10:23:06,52.97,7185,52.98,E
sh688777,中控技术,2025-09-24 10:23:27,52.83,10399,52.82,D
sh688777,中控技术,2025-09-24 10:23:30,52.82,4533,52.83,D
sh688777,中控技术,2025-09-24 10:23:33,52.9,6490,52.82,U
sh688777,中控技术,2025-09-24 10:23:39,52.91,4180,52.86,E
sh688777,中控技术,2025-09-24 10:23:45,52.9,5447,52.87,U
sh688777,中控技术,2025-09-24 10:23:48,52.93,6430,52.9,U
sh688777,中控技术,2025-09-24 10:23:54,52.93,8800,52.92,U
sh688777,中控技术,2025-09-24 10:23:57,52.93,4650,52.93,D
sh688777,中控技术,2025-09-24 10:24:06,52.92,5663,52.92,U
sh688777,中控技术,2025-09-24 10:24:09,52.95,24971,52.92,U
sh688777,中控技术,2025-09-24 10:24:12,52.97,33811,52.95,U
sh688777,中控技术,2025-09-24 10:24:15,52.98,13582,52.97,U
sh688777,中控技术,2025-09-24 10:24:18,52.98,77488,52.98,U
sh688777,中控技术,2025-09-24 10:24:21,53.0,30241,52.98,U
sh688777,中控技术,2025-09-24 10:24:24,53.01,30184,53.0,U
sh688777,中控技术,2025-09-24 10:24:27,53.03,10368,53.01,U
sh688777,中控技术,2025-09-24 10:24:30,53.04,22733,53.03,U
sh688777,中控技术,2025-09-24 10:24:33,53.04,16033,53.04,U
sh688777,中控技术,2025-09-24 10:24:36,53.05,24201,53.04,U
sh688777,中控技术,2025-09-24 10:24:39,53.05,10977,53.05,U
sh688777,中控技术,2025-09-24 10:24:42,53.06,11684,53.05,U
sh688777,中控技术,2025-09-24 10:24:45,53.07,55849,53.06,U
sh688777,中控技术,2025-09-24 10:24:48,53.05,16996,53.07,D
sh688777,中控技术,2025-09-24 10:24:51,53.05,12312,53.05,U
sh688777,中控技术,2025-09-24 10:24:54,53.05,11957,53.05,D
sh688777,中控技术,2025-09-24 10:24:57,53.09,61919,53.05,U
sh688777,中控技术,2025-09-24 10:25:00,53.08,12219,53.09,D
sh688777,中控技术,2025-09-24 10:25:03,53.11,136900,53.08,U
sh688777,中控技术,2025-09-24 10:25:06,53.15,64078,53.11,U
sh688777,中控技术,2025-09-24 10:25:09,53.19,81000,53.15,U
sh688777,中控技术,2025-09-24 10:25:12,53.17,52304,53.19,D
sh688777,中控技术,2025-09-24 10:25:15,53.2,54092,53.17,U
sh688777,中控技术,2025-09-24 10:25:18,53.21,29438,53.2,U
sh688777,中控技术,2025-09-24 10:25:21,53.23,20934,53.21,U
sh688777,中控技术,2025-09-24 10:25:24,53.24,26228,53.23,U
sh688777,中控技术,2025-09-24 10:25:27,53.25,14138,53.24,U
sh688777,中控技术,2025-09-24 10:25:30,53.27,53878,53.25,U
sh688777,中控技术,2025-09-24 10:25:33,53.26,40853,53.27,D
sh688777,中控技术,2025-09-24 10:25:36,53.29,43056,53.26,U
sh688777,中控技术,2025-09-24 10:25:39,53.26,28076,53.29,D
sh688777,中控技术,2025-09-24 10:25:42,53.28,25426,53.26,E
sh688777,中控技术,2025-09-24 10:25:45,53.22,16273,53.28,D
sh688777,中控技术,2025-09-24 10:25:48,53.22,15683,53.22,D
sh688777,中控技术,2025-09-24 10:25:51,53.22,25196,53.22,U
sh688777,中控技术,2025-09-24 10:25:54,53.18,19566,53.22,D
sh688777,中控技术,2025-09-24 10:26:00,53.12,37698,53.18,D
sh688777,中控技术,2025-09-24 10:26:03,53.06,13607,53.12,D
sh688777,中控技术,2025-09-24 10:26:06,53.07,4568,53.06,U
sh688777,中控技术,2025-09-24 10:26:09,53.05,5228,53.07,D
sh688777,中控技术,2025-09-24 10:26:15,53.04,3888,53.06,D
sh688777,中控技术,2025-09-24 10:26:18,53.05,4584,53.04,E
sh688777,中控技术,2025-09-24 10:26:21,53.0,9781,53.05,D
sh688777,中控技术,2025-09-24 10:26:24,52.98,26128,53.0,D
sh688777,中控技术,2025-09-24 10:26:27,52.99,63372,52.98,U
sh688777,中控技术,2025-09-24 10:26:30,53.07,19669,52.99,U
sh688777,中控技术,2025-09-24 10:26:33,53.07,6876,53.07,U
sh688777,中控技术,2025-09-24 10:26:36,53.06,10036,53.07,D
sh688777,中控技术,2025-09-24 10:26:39,53.12,4756,53.06,U
sh688777,中控技术,2025-09-24 10:26:42,53.12,8452,53.12,E
sh688777,中控技术,2025-09-24 10:26:45,53.05,7387,53.12,D
sh688777,中控技术,2025-09-24 10:26:48,52.99,4598,53.05,D
sh688777,中控技术,2025-09-24 10:26:51,52.95,6033,52.99,D
sh688777,中控技术,2025-09-24 10:26:54,53.09,4273,52.95,U
sh688777,中控技术,2025-09-24 10:27:00,52.95,8217,53.0,D
sh688777,中控技术,2025-09-24 10:27:03,53.09,4342,52.95,U
sh688777,中控技术,2025-09-24 10:27:06,53.09,6931,53.09,U
sh688777,中控技术,2025-09-24 10:27:12,53.09,13524,53.1,D
sh688777,中控技术,2025-09-24 10:27:15,53.09,8261,53.09,U
sh688777,中控技术,2025-09-24 10:27:21,53.0,6994,53.07,D
sh688777,中控技术,2025-09-24 10:27:33,53.02,5134,53.01,U
sh688777,中控技术,2025-09-24 10:27:39,53.01,4363,53.02,D
sh688777,中控技术,2025-09-24 10:28:00,53.01,4942,53.01,U
sh688777,中控技术,2025-09-24 10:28:15,53.04,53102,53.01,U
sh688777,中控技术,2025-09-24 10:28:18,53.1,29416,53.04,U
sh688777,中控技术,2025-09-24 10:28:21,53.11,4364,53.1,U
sh688777,中控技术,2025-09-24 10:28:24,53.09,9616,53.11,D
sh688777,中控技术,2025-09-24 10:28:33,53.08,6378,53.09,D
sh688777,中控技术,2025-09-24 10:28:36,53.07,10000,53.08,D
sh688777,中控技术,2025-09-24 10:28:39,53.08,7808,53.07,U
sh688777,中控技术,2025-09-24 10:28:42,53.06,4085,53.08,D
sh688777,中控技术,2025-09-24 10:28:51,53.04,4075,53.06,D
sh688777,中控技术,2025-09-24 10:29:00,53.05,11400,53.04,U
sh688777,中控技术,2025-09-24 10:29:09,53.03,54205,53.04,D
sh688777,中控技术,2025-09-24 10:29:33,52.95,8461,53.0,D
sh688777,中控技术,2025-09-24 10:29:36,52.93,4938,52.95,D
sh688777,中控技术,2025-09-24 10:29:39,52.91,16657,52.93,D
sh688777,中控技术,2025-09-24 10:29:42,52.9,6906,52.91,D
sh688777,中控技术,2025-09-24 10:29:45,52.95,54250,52.9,U
sh688777,中控技术,2025-09-24 10:29:51,52.99,9328,52.98,U
sh688777,中控技术,2025-09-24 10:30:00,52.97,4600,52.97,D
sh688777,中控技术,2025-09-24 10:30:03,52.97,4565,52.97,D
sh688777,中控技术,2025-09-24 10:30:15,52.97,16443,52.96,U
sh688777,中控技术,2025-09-24 10:30:18,52.94,23334,52.97,D
sh688777,中控技术,2025-09-24 10:30:21,52.97,23842,52.94,E
sh688777,中控技术,2025-09-24 10:30:24,52.97,9693,52.97,U
sh688777,中控技术,2025-09-24 10:30:30,52.98,4450,52.97,E
sh688777,中控技术,2025-09-24 10:30:33,52.98,6085,52.98,U
sh688777,中控技术,2025-09-24 10:30:54,52.95,5428,52.98,D
sh688777,中控技术,2025-09-24 10:31:03,52.91,5752,52.95,D
sh688777,中控技术,2025-09-24 10:31:09,52.89,8668,52.9,D
sh688777,中控技术,2025-09-24 10:31:21,52.75,11118,52.82,D
sh688777,中控技术,2025-09-24 10:31:36,52.75,10718,52.75,D
sh688777,中控技术,2025-09-24 10:31:39,52.75,14932,52.75,U
sh688777,中控技术,2025-09-24 10:31:42,52.75,16193,52.75,D
sh688777,中控技术,2025-09-24 10:31:45,52.77,4102,52.75,E
sh688777,中控技术,2025-09-24 10:31:48,52.77,4000,52.77,D
sh688777,中控技术,2025-09-24 10:31:51,52.75,8277,52.77,D
sh688777,中控技术,2025-09-24 10:32:06,52.74,3796,52.74,U
sh688777,中控技术,2025-09-24 10:32:15,52.73,17737,52.73,D
sh688777,中控技术,2025-09-24 10:32:18,52.73,8426,52.73,U
sh688777,中控技术,2025-09-24 10:32:21,52.72,12612,52.73,D
sh688777,中控技术,2025-09-24 10:32:27,52.72,5000,52.72,U
sh688777,中控技术,2025-09-24 10:32:30,52.75,5491,52.72,U
sh688777,中控技术,2025-09-24 10:32:39,52.8,35162,52.74,U
sh688777,中控技术,2025-09-24 10:32:48,52.9,58096,52.8,U
sh688777,中控技术,2025-09-24 10:32:51,52.9,3910,52.9,D
sh688777,中控技术,2025-09-24 10:33:06,52.9,4083,52.94,D
sh688777,中控技术,2025-09-24 10:33:09,52.93,5174,52.9,E
sh688777,中控技术,2025-09-24 10:33:12,53.0,32821,52.93,U
sh688777,中控技术,2025-09-24 10:33:15,53.07,45727,53.0,U
sh688777,中控技术,2025-09-24 10:33:18,53.08,49110,53.07,U
sh688777,中控技术,2025-09-24 10:33:21,53.08,11423,53.08,U
sh688777,中控技术,2025-09-24 10:33:24,53.09,20109,53.08,U
sh688777,中控技术,2025-09-24 10:33:27,53.04,39619,53.09,D
sh688777,中控技术,2025-09-24 10:33:30,53.11,16109,53.04,U
sh688777,中控技术,2025-09-24 10:33:39,53.05,10656,53.05,D
sh688777,中控技术,2025-09-24 10:33:51,53.02,5061,53.06,D
sh688777,中控技术,2025-09-24 10:34:06,52.96,5195,52.97,D
sh688777,中控技术,2025-09-24 10:34:09,52.96,3803,52.96,D
sh688777,中控技术,2025-09-24 10:34:12,52.94,4705,52.96,D
sh688777,中控技术,2025-09-24 10:34:18,52.96,5658,52.94,U
sh688777,中控技术,2025-09-24 10:34:24,52.97,8470,52.92,U
sh688777,中控技术,2025-09-24 10:34:27,53.01,14818,52.97,U
sh688777,中控技术,2025-09-24 10:34:39,53.06,34234,53.02,U
sh688777,中控技术,2025-09-24 10:35:03,53.01,4120,53.01,U
sh688777,中控技术,2025-09-24 10:35:09,53.05,8925,53.02,U
sh688777,中控技术,2025-09-24 10:35:12,53.02,4048,53.05,D
sh688777,中控技术,2025-09-24 10:35:15,53.06,37053,53.02,U
sh688777,中控技术,2025-09-24 10:35:18,53.07,4688,53.06,U
sh688777,中控技术,2025-09-24 10:35:21,53.06,10684,53.07,D
sh688777,中控技术,2025-09-24 10:35:24,53.06,8549,53.06,D
sh688777,中控技术,2025-09-24 10:35:27,53.09,105424,53.06,U
sh688777,中控技术,2025-09-24 10:35:30,53.2,7358,53.09,U
sh688777,中控技术,2025-09-24 10:35:33,53.23,21923,53.2,U
sh688777,中控技术,2025-09-24 10:35:36,53.26,17923,53.23,U
sh688777,中控技术,2025-09-24 10:35:39,53.28,22469,53.26,U
sh688777,中控技术,2025-09-24 10:35:42,53.29,50375,53.28,U
sh688777,中控技术,2025-09-24 10:35:45,53.3,46690,53.29,U
sh688777,中控技术,2025-09-24 10:35:48,53.29,16315,53.3,E
sh688777,中控技术,2025-09-24 10:35:51,53.28,5996,53.29,E
sh688777,中控技术,2025-09-24 10:35:54,53.27,5366,53.28,E
sh688777,中控技术,2025-09-24 10:35:57,53.27,14190,53.27,U
sh688777,中控技术,2025-09-24 10:36:00,53.26,18477,53.27,D
sh688777,中控技术,2025-09-24 10:36:03,53.27,29891,53.26,U
sh688777,中控技术,2025-09-24 10:36:06,53.22,9223,53.27,D
sh688777,中控技术,2025-09-24 10:36:09,53.28,14035,53.22,U
sh688777,中控技术,2025-09-24 10:36:12,53.22,5411,53.28,D
sh688777,中控技术,2025-09-24 10:36:21,53.22,6507,53.25,E
sh688777,中控技术,2025-09-24 10:36:27,53.22,7513,53.22,U
sh688777,中控技术,2025-09-24 10:36:30,53.25,9288,53.22,U
sh688777,中控技术,2025-09-24 10:36:33,53.25,9529,53.25,E
sh688777,中控技术,2025-09-24 10:36:36,53.25,5660,53.25,D
sh688777,中控技术,2025-09-24 10:36:39,53.28,29555,53.25,U
sh688777,中控技术,2025-09-24 10:36:42,53.29,12708,53.28,U
sh688777,中控技术,2025-09-24 10:36:45,53.29,30577,53.29,U
sh688777,中控技术,2025-09-24 10:36:48,53.28,7940,53.29,D
sh688777,中控技术,2025-09-24 10:36:51,53.29,23400,53.28,U
sh688777,中控技术,2025-09-24 10:36:54,53.28,21808,53.29,D
sh688777,中控技术,2025-09-24 10:36:57,53.28,36165,53.28,D
sh688777,中控技术,2025-09-24 10:37:00,53.3,29307,53.28,U
sh688777,中控技术,2025-09-24 10:37:03,53.3,43226,53.3,U
sh688777,中控技术,2025-09-24 10:37:06,53.31,59842,53.3,U
sh688777,中控技术,2025-09-24 10:37:09,53.33,19761,53.31,U
sh688777,中控技术,2025-09-24 10:37:12,53.33,21769,53.33,U
sh688777,中控技术,2025-09-24 10:37:15,53.33,6500,53.33,U
sh688777,中控技术,2025-09-24 10:37:21,53.32,13586,53.33,D
sh688777,中控技术,2025-09-24 10:37:24,53.34,18835,53.32,U
sh688777,中控技术,2025-09-24 10:37:27,53.33,25031,53.34,D
sh688777,中控技术,2025-09-24 10:37:30,53.34,16638,53.33,U
sh688777,中控技术,2025-09-24 10:37:33,53.35,20566,53.34,U
sh688777,中控技术,2025-09-24 10:37:36,53.36,34718,53.35,U
sh688777,中控技术,2025-09-24 10:37:39,53.37,7923,53.36,U
sh688777,中控技术,2025-09-24 10:37:42,53.36,16509,53.37,D
sh688777,中控技术,2025-09-24 10:37:45,53.36,10682,53.36,U
sh688777,中控技术,2025-09-24 10:37:51,53.35,12755,53.36,D
sh688777,中控技术,2025-09-24 10:37:54,53.35,5747,53.35,D
sh688777,中控技术,2025-09-24 10:37:57,53.34,17497,53.35,D
sh688777,中控技术,2025-09-24 10:38:00,53.34,11905,53.34,U
sh688777,中控技术,2025-09-24 10:38:03,53.33,26448,53.34,D
sh688777,中控技术,2025-09-24 10:38:06,53.34,8673,53.33,E
sh688777,中控技术,2025-09-24 10:38:09,53.35,5349,53.34,U
sh688777,中控技术,2025-09-24 10:38:12,53.35,13379,53.35,U
sh688777,中控技术,2025-09-24 10:38:18,53.33,19367,53.34,D
sh688777,中控技术,2025-09-24 10:38:21,53.34,13484,53.33,U
sh688777,中控技术,2025-09-24 10:38:24,53.35,8375,53.34,U
sh688777,中控技术,2025-09-24 10:38:27,53.34,5000,53.35,D
sh688777,中控技术,2025-09-24 10:38:30,53.35,29433,53.34,U
sh688777,中控技术,2025-09-24 10:38:33,53.35,18303,53.35,D
sh688777,中控技术,2025-09-24 10:38:36,53.33,21810,53.35,D
sh688777,中控技术,2025-09-24 10:38:39,53.35,15151,53.33,D
sh688777,中控技术,2025-09-24 10:38:42,53.35,10584,53.35,D
sh688777,中控技术,2025-09-24 10:38:45,53.36,23853,53.35,U
sh688777,中控技术,2025-09-24 10:38:48,53.38,19321,53.36,U
sh688777,中控技术,2025-09-24 10:38:51,53.38,25104,53.38,U
sh688777,中控技术,2025-09-24 10:38:54,53.37,8992,53.38,D
sh688777,中控技术,2025-09-24 10:38:57,53.38,28702,53.37,D
sh688777,中控技术,2025-09-24 10:39:00,53.39,22370,53.38,U
sh688777,中控技术,2025-09-24 10:39:03,53.39,13408,53.39,U
sh688777,中控技术,2025-09-24 10:39:06,53.4,8339,53.39,U
sh688777,中控技术,2025-09-24 10:39:09,53.39,3879,53.4,D
sh688777,中控技术,2025-09-24 10:39:12,53.39,4991,53.39,D
sh688777,中控技术,2025-09-24 10:39:18,53.43,71657,53.39,U
sh688777,中控技术,2025-09-24 10:39:21,53.45,38670,53.43,U
sh688777,中控技术,2025-09-24 10:39:24,53.46,37534,53.45,U
sh688777,中控技术,2025-09-24 10:39:27,53.47,22630,53.46,U
sh688777,中控技术,2025-09-24 10:39:30,53.46,5818,53.47,D
sh688777,中控技术,2025-09-24 10:39:33,53.46,5718,53.46,D
sh688777,中控技术,2025-09-24 10:39:36,53.45,16586,53.46,D
sh688777,中控技术,2025-09-24 10:39:39,53.46,4967,53.45,U
sh688777,中控技术,2025-09-24 10:39:42,53.47,14862,53.46,U
sh688777,中控技术,2025-09-24 10:39:45,53.45,9548,53.47,U
sh688777,中控技术,2025-09-24 10:39:51,53.46,11619,53.45,U
sh688777,中控技术,2025-09-24 10:39:57,53.44,4404,53.44,U
sh688777,中控技术,2025-09-24 10:40:03,53.38,7200,53.44,D
sh688777,中控技术,2025-09-24 10:40:06,53.35,15461,53.38,D
sh688777,中控技术,2025-09-24 10:40:09,53.39,39162,53.35,U
sh688777,中控技术,2025-09-24 10:40:12,53.35,4251,53.39,U
sh688777,中控技术,2025-09-24 10:40:15,53.3,6301,53.35,D
sh688777,中控技术,2025-09-24 10:40:21,53.22,30487,53.3,D
sh688777,中控技术,2025-09-24 10:40:24,53.18,16789,53.22,D
sh688777,中控技术,2025-09-24 10:40:27,53.17,20193,53.18,D
sh688777,中控技术,2025-09-24 10:40:33,53.13,5450,53.15,U
sh688777,中控技术,2025-09-24 10:40:42,53.06,9700,53.07,D
sh688777,中控技术,2025-09-24 10:40:45,53.06,6218,53.06,D
sh688777,中控技术,2025-09-24 10:40:51,53.06,11441,53.06,U
sh688777,中控技术,2025-09-24 10:40:54,52.99,14600,53.06,D
sh688777,中控技术,2025-09-24 10:40:57,53.01,7292,52.99,E
sh688777,中控技术,2025-09-24 10:41:03,53.01,4255,53.0,E
sh688777,中控技术,2025-09-24 10:41:18,52.99,18600,53.02,D
sh688777,中控技术,2025-09-24 10:41:24,52.94,26600,52.98,D
sh688777,中控技术,2025-09-24 10:41:33,52.93,10800,52.95,D
sh688777,中控技术,2025-09-24 10:41:42,52.95,4984,52.93,U
sh688777,中控技术,2025-09-24 10:41:45,52.95,4227,52.95,U
sh688777,中控技术,2025-09-24 10:41:48,52.96,14010,52.95,U
sh688777,中控技术,2025-09-24 10:41:51,52.95,6300,52.96,E
sh688777,中控技术,2025-09-24 10:41:54,52.93,5139,52.95,D
sh688777,中控技术,2025-09-24 10:41:57,52.93,12927,52.93,U
sh688777,中控技术,2025-09-24 10:42:03,52.93,10200,52.93,U
sh688777,中控技术,2025-09-24 10:42:06,52.92,5270,52.93,D
sh688777,中控技术,2025-09-24 10:42:09,52.92,8115,52.92,D
sh688777,中控技术,2025-09-24 10:42:21,52.9,6908,52.88,U
sh688777,中控技术,2025-09-24 10:42:30,52.87,5500,52.87,D
sh688777,中控技术,2025-09-24 10:42:42,52.83,8886,52.83,D
sh688777,中控技术,2025-09-24 10:42:45,52.83,9525,52.83,U
sh688777,中控技术,2025-09-24 10:42:54,52.8,12350,52.83,D
sh688777,中控技术,2025-09-24 10:42:57,52.77,4381,52.8,D
sh688777,中控技术,2025-09-24 10:43:12,52.77,6550,52.78,D
sh688777,中控技术,2025-09-24 10:43:15,52.77,6210,52.77,U
sh688777,中控技术,2025-09-24 10:43:18,52.77,15692,52.77,U
sh688777,中控技术,2025-09-24 10:43:21,52.76,11868,52.77,D
sh688777,中控技术,2025-09-24 10:43:24,52.75,14164,52.76,D
sh688777,中控技术,2025-09-24 10:43:33,52.75,13193,52.76,D
sh688777,中控技术,2025-09-24 10:43:36,52.78,5164,52.75,U
sh688777,中控技术,2025-09-24 10:43:39,52.78,4208,52.78,U
sh688777,中控技术,2025-09-24 10:43:45,52.78,3847,52.79,D
sh688777,中控技术,2025-09-24 10:44:03,52.86,10706,52.85,U
sh688777,中控技术,2025-09-24 10:44:09,52.8,17540,52.86,D
sh688777,中控技术,2025-09-24 10:44:30,52.85,5581,52.88,D
sh688777,中控技术,2025-09-24 10:44:33,52.83,11264,52.85,D
sh688777,中控技术,2025-09-24 10:44:36,52.85,4773,52.83,U
sh688777,中控技术,2025-09-24 10:44:45,52.85,14716,52.86,D
sh688777,中控技术,2025-09-24 10:44:48,52.85,3993,52.85,U
sh688777,中控技术,2025-09-24 10:45:00,52.85,5344,52.85,U
sh688777,中控技术,2025-09-24 10:45:06,52.85,10091,52.86,D
sh688777,中控技术,2025-09-24 10:45:12,52.88,9073,52.88,U
sh688777,中控技术,2025-09-24 10:45:15,52.88,9933,52.88,U
sh688777,中控技术,2025-09-24 10:45:21,52.92,20292,52.88,U
sh688777,中控技术,2025-09-24 10:45:24,52.95,26256,52.92,U
sh688777,中控技术,2025-09-24 10:45:30,53.0,4699,52.98,U
sh688777,中控技术,2025-09-24 10:45:33,53.0,5457,53.0,U
sh688777,中控技术,2025-09-24 10:45:39,53.0,5764,53.0,D
sh688777,中控技术,2025-09-24 10:45:42,53.0,20362,53.0,D
sh688777,中控技术,2025-09-24 10:46:21,52.92,9683,52.94,D
sh688777,中控技术,2025-09-24 10:46:24,52.96,6242,52.92,U
sh688777,中控技术,2025-09-24 10:46:45,52.98,5902,52.97,E
sh688777,中控技术,2025-09-24 10:46:51,52.99,5190,52.99,D
sh688777,中控技术,2025-09-24 10:47:00,52.96,4447,52.99,D
sh688777,中控技术,2025-09-24 10:47:09,52.87,4079,52.89,D
sh688777,中控技术,2025-09-24 10:47:12,52.84,10396,52.87,D
sh688777,中控技术,2025-09-24 10:47:15,52.82,11432,52.84,D
sh688777,中控技术,2025-09-24 10:47:18,52.81,9637,52.82,D
sh688777,中控技术,2025-09-24 10:47:36,52.89,6466,52.84,U
sh688777,中控技术,2025-09-24 10:47:39,52.87,4379,52.89,E
sh688777,中控技术,2025-09-24 10:47:42,52.88,4615,52.87,E
sh688777,中控技术,2025-09-24 10:47:57,52.91,8618,52.89,U
sh688777,中控技术,2025-09-24 10:48:36,52.94,5157,52.94,U
sh688777,中控技术,2025-09-24 10:48:39,52.95,3849,52.94,U
sh688777,中控技术,2025-09-24 10:48:42,52.95,4832,52.95,U
sh688777,中控技术,2025-09-24 10:48:48,52.94,5000,52.95,D
sh688777,中控技术,2025-09-24 10:48:54,52.97,5083,52.96,U
sh688777,中控技术,2025-09-24 10:48:57,52.97,5468,52.97,U
sh688777,中控技术,2025-09-24 10:49:06,52.98,4300,52.98,U
sh688777,中控技术,2025-09-24 10:49:36,52.92,6598,52.93,D
sh688777,中控技术,2025-09-24 10:49:54,52.95,4213,52.94,U
sh688777,中控技术,2025-09-24 10:50:12,53.0,27871,52.95,U
sh688777,中控技术,2025-09-24 10:50:15,52.98,7866,53.0,E
sh688777,中控技术,2025-09-24 10:50:24,52.93,7202,52.96,D
sh688777,中控技术,2025-09-24 10:50:30,52.88,19098,52.91,D
sh688777,中控技术,2025-09-24 10:50:33,52.89,4728,52.88,U
sh688777,中控技术,2025-09-24 10:50:42,52.85,5281,52.86,D
sh688777,中控技术,2025-09-24 10:51:00,52.89,5079,52.88,U
sh688777,中控技术,2025-09-24 10:51:15,52.97,6226,52.97,U
sh688777,中控技术,2025-09-24 10:51:24,53.01,7744,52.99,U
sh688777,中控技术,2025-09-24 10:51:33,53.01,5720,53.0,U
sh688777,中控技术,2025-09-24 10:51:45,53.01,4029,53.01,D
sh688777,中控技术,2025-09-24 10:52:00,53.02,12887,53.01,U
sh688777,中控技术,2025-09-24 10:52:03,53.02,6985,53.02,U
sh688777,中控技术,2025-09-24 10:52:09,53.02,13618,53.02,U
sh688777,中控技术,2025-09-24 10:52:12,53.01,9995,53.02,U
sh688777,中控技术,2025-09-24 10:52:15,53.01,10545,53.01,U
sh688777,中控技术,2025-09-24 10:52:18,53.02,4137,53.01,U
sh688777,中控技术,2025-09-24 10:52:42,53.01,4683,53.02,D
sh688777,中控技术,2025-09-24 10:52:48,53.02,20579,53.02,U
sh688777,中控技术,2025-09-24 10:52:51,53.04,4689,53.02,U
sh688777,中控技术,2025-09-24 10:52:54,53.03,5127,53.04,E
sh688777,中控技术,2025-09-24 10:52:57,53.02,9388,53.03,D
sh688777,中控技术,2025-09-24 10:53:00,53.02,5312,53.02,D
sh688777,中控技术,2025-09-24 10:53:15,53.0,6531,53.0,D
sh688777,中控技术,2025-09-24 10:53:21,53.01,4803,53.02,D
sh688777,中控技术,2025-09-24 10:53:42,52.98,7500,53.01,D
sh688777,中控技术,2025-09-24 10:53:45,52.91,15886,52.98,D
sh688777,中控技术,2025-09-24 10:53:54,52.94,5281,52.92,U
sh688777,中控技术,2025-09-24 10:54:15,53.01,8444,53.0,U
sh688777,中控技术,2025-09-24 10:54:33,53.01,11251,53.0,U
sh688777,中控技术,2025-09-24 10:54:36,52.99,4865,53.01,D
sh688777,中控技术,2025-09-24 10:54:45,53.0,5398,52.99,U
sh688777,中控技术,2025-09-24 10:54:51,53.0,11851,53.0,U
sh688777,中控技术,2025-09-24 10:54:54,52.99,6048,53.0,D
sh688777,中控技术,2025-09-24 10:54:57,53.01,19730,52.99,U
sh688777,中控技术,2025-09-24 10:55:00,53.02,9112,53.01,U
sh688777,中控技术,2025-09-24 10:55:03,53.02,6703,53.02,U
sh688777,中控技术,2025-09-24 10:55:06,53.02,8275,53.02,U
sh688777,中控技术,2025-09-24 10:55:09,53.01,6264,53.02,D
sh688777,中控技术,2025-09-24 10:55:12,53.02,4584,53.01,D
sh688777,中控技术,2025-09-24 10:55:18,53.0,11287,53.02,D
sh688777,中控技术,2025-09-24 10:55:21,53.0,39837,53.0,D
sh688777,中控技术,2025-09-24 10:55:33,52.97,6000,52.97,U
sh688777,中控技术,2025-09-24 10:55:36,53.02,24482,52.97,U
sh688777,中控技术,2025-09-24 10:55:39,53.02,4491,53.02,U
sh688777,中控技术,2025-09-24 10:55:45,52.99,5162,53.02,D
sh688777,中控技术,2025-09-24 10:56:03,53.0,4868,53.01,D
sh688777,中控技术,2025-09-24 10:56:06,53.04,4489,53.0,U
sh688777,中控技术,2025-09-24 10:56:09,53.0,6478,53.04,D
sh688777,中控技术,2025-09-24 10:56:33,53.04,4414,53.04,D
sh688777,中控技术,2025-09-24 10:56:36,53.05,7531,53.04,U
sh688777,中控技术,2025-09-24 10:56:45,53.04,5206,53.05,D
sh688777,中控技术,2025-09-24 10:56:48,53.06,12837,53.04,U
sh688777,中控技术,2025-09-24 10:56:51,53.05,8727,53.06,D
sh688777,中控技术,2025-09-24 10:57:03,53.07,6763,53.05,U
sh688777,中控技术,2025-09-24 10:57:09,53.0,3844,53.07,D
sh688777,中控技术,2025-09-24 10:57:12,53.0,7946,53.0,D
sh688777,中控技术,2025-09-24 10:57:15,53.0,20868,53.0,D
sh688777,中控技术,2025-09-24 10:57:21,53.0,4294,53.0,U
sh688777,中控技术,2025-09-24 10:58:03,53.0,23445,53.0,U
sh688777,中控技术,2025-09-24 10:58:06,52.98,5207,53.0,D
sh688777,中控技术,2025-09-24 10:58:09,53.0,4550,52.98,U
sh688777,中控技术,2025-09-24 10:58:21,52.99,7225,52.98,U
sh688777,中控技术,2025-09-24 10:59:03,53.05,5074,53.06,D
sh688777,中控技术,2025-09-24 10:59:06,53.04,5088,53.05,D
sh688777,中控技术,2025-09-24 10:59:39,53.06,4018,53.05,U
sh688777,中控技术,2025-09-24 10:59:45,53.07,6418,53.06,U
sh688777,中控技术,2025-09-24 10:59:54,53.05,6164,53.06,D
sh688777,中控技术,2025-09-24 10:59:57,53.05,10597,53.05,D
sh688777,中控技术,2025-09-24 11:00:09,53.04,4574,53.05,D
sh688777,中控技术,2025-09-24 11:00:12,53.0,10546,53.04,D
sh688777,中控技术,2025-09-24 11:00:15,52.95,22281,53.0,D
sh688777,中控技术,2025-09-24 11:00:18,52.93,5650,52.95,D
sh688777,中控技术,2025-09-24 11:00:42,52.95,5537,52.94,D
sh688777,中控技术,2025-09-24 11:00:51,52.94,7689,52.97,D
sh688777,中控技术,2025-09-24 11:01:06,52.94,3924,52.95,D
sh688777,中控技术,2025-09-24 11:01:15,52.94,5602,52.95,D
sh688777,中控技术,2025-09-24 11:01:39,52.9,4272,52.9,D
sh688777,中控技术,2025-09-24 11:02:00,52.93,4723,52.92,U
sh688777,中控技术,2025-09-24 11:02:03,52.92,9857,52.93,D
sh688777,中控技术,2025-09-24 11:02:06,52.95,12511,52.92,U
sh688777,中控技术,2025-09-24 11:02:36,52.93,3800,52.95,D
sh688777,中控技术,2025-09-24 11:03:03,52.98,4498,52.96,U
sh688777,中控技术,2025-09-24 11:03:09,52.99,11523,52.97,U
sh688777,中控技术,2025-09-24 11:03:33,52.96,4030,52.96,U
sh688777,中控技术,2025-09-24 11:03:51,52.94,9052,52.98,D
sh688777,中控技术,2025-09-24 11:04:18,52.89,18382,52.92,D
sh688777,中控技术,2025-09-24 11:04:21,52.89,6257,52.89,U
sh688777,中控技术,2025-09-24 11:04:30,52.86,7954,52.87,D
sh688777,中控技术,2025-09-24 11:04:33,52.86,4586,52.86,D
sh688777,中控技术,2025-09-24 11:04:36,52.85,4194,52.86,D
sh688777,中控技术,2025-09-24 11:04:45,52.88,9153,52.88,D
sh688777,中控技术,2025-09-24 11:04:48,52.88,4322,52.88,U
sh688777,中控技术,2025-09-24 11:05:36,52.88,3900,52.9,D
sh688777,中控技术,2025-09-24 11:06:21,52.91,7699,52.93,D
sh688777,中控技术,2025-09-24 11:06:24,52.91,9288,52.91,D
sh688777,中控技术,2025-09-24 11:07:21,52.89,3902,52.9,D
sh688777,中控技术,2025-09-24 11:07:24,52.87,11259,52.89,D
sh688777,中控技术,2025-09-24 11:07:27,52.83,18585,52.87,D
sh688777,中控技术,2025-09-24 11:07:30,52.83,14008,52.83,D
sh688777,中控技术,2025-09-24 11:07:39,52.85,4454,52.85,U
sh688777,中控技术,2025-09-24 11:08:09,52.87,4545,52.87,D
sh688777,中控技术,2025-09-24 11:08:12,52.89,4741,52.87,U
sh688777,中控技术,2025-09-24 11:08:15,52.92,6919,52.89,U
sh688777,中控技术,2025-09-24 11:09:00,52.92,5909,52.92,D
sh688777,中控技术,2025-09-24 11:09:06,52.94,8925,52.92,U
sh688777,中控技术,2025-09-24 11:09:27,52.94,4156,52.94,U
sh688777,中控技术,2025-09-24 11:10:18,52.96,11221,52.97,D
sh688777,中控技术,2025-09-24 11:10:21,52.92,11585,52.96,D
sh688777,中控技术,2025-09-24 11:11:00,52.93,3991,52.92,E
sh688777,中控技术,2025-09-24 11:11:15,52.88,7436,52.88,D
sh688777,中控技术,2025-09-24 11:11:18,52.87,4404,52.88,D
sh688777,中控技术,2025-09-24 11:11:21,52.86,14506,52.87,D
sh688777,中控技术,2025-09-24 11:11:45,52.82,25792,52.87,D
sh688777,中控技术,2025-09-24 11:11:48,52.82,43915,52.82,D
sh688777,中控技术,2025-09-24 11:11:51,52.78,6918,52.82,D
sh688777,中控技术,2025-09-24 11:12:03,52.84,6361,52.82,U
sh688777,中控技术,2025-09-24 11:12:06,52.86,10762,52.84,U
sh688777,中控技术,2025-09-24 11:12:15,52.86,5097,52.86,U
sh688777,中控技术,2025-09-24 11:12:24,52.84,4307,52.84,D
sh688777,中控技术,2025-09-24 11:12:30,52.85,4071,52.84,U
sh688777,中控技术,2025-09-24 11:12:33,52.85,18578,52.85,U
sh688777,中控技术,2025-09-24 11:12:42,52.88,4895,52.87,U
sh688777,中控技术,2025-09-24 11:12:54,52.9,5197,52.87,U
sh688777,中控技术,2025-09-24 11:13:12,52.92,6100,52.93,D
sh688777,中控技术,2025-09-24 11:13:15,52.97,16186,52.92,U
sh688777,中控技术,2025-09-24 11:13:21,52.97,4200,52.89,U
sh688777,中控技术,2025-09-24 11:13:27,52.97,4807,52.97,U
sh688777,中控技术,2025-09-24 11:13:33,52.99,8114,52.97,U
sh688777,中控技术,2025-09-24 11:13:36,52.98,33584,52.99,D
sh688777,中控技术,2025-09-24 11:13:39,52.98,18019,52.98,D
sh688777,中控技术,2025-09-24 11:13:48,53.08,15732,53.05,U
sh688777,中控技术,2025-09-24 11:13:51,53.08,11393,53.08,U
sh688777,中控技术,2025-09-24 11:13:54,53.05,36588,53.08,D
sh688777,中控技术,2025-09-24 11:13:57,53.09,4718,53.05,U
sh688777,中控技术,2025-09-24 11:14:03,53.09,6946,53.09,U
sh688777,中控技术,2025-09-24 11:14:09,53.09,6673,53.1,D
sh688777,中控技术,2025-09-24 11:14:15,53.1,5414,53.1,D
sh688777,中控技术,2025-09-24 11:14:18,53.09,19228,53.1,D
sh688777,中控技术,2025-09-24 11:14:21,53.1,23562,53.09,U
sh688777,中控技术,2025-09-24 11:14:24,53.09,5194,53.1,E
sh688777,中控技术,2025-09-24 11:14:27,53.1,6429,53.09,U
sh688777,中控技术,2025-09-24 11:14:33,53.05,5000,53.06,D
sh688777,中控技术,2025-09-24 11:14:54,53.06,8377,53.08,D
sh688777,中控技术,2025-09-24 11:15:03,53.06,5000,53.06,D
sh688777,中控技术,2025-09-24 11:15:15,53.06,7409,53.07,D
sh688777,中控技术,2025-09-24 11:15:18,53.07,21382,53.06,U
sh688777,中控技术,2025-09-24 11:15:21,53.08,47641,53.07,U
sh688777,中控技术,2025-09-24 11:15:24,53.06,28543,53.08,E
sh688777,中控技术,2025-09-24 11:15:27,53.07,4541,53.06,E
sh688777,中控技术,2025-09-24 11:15:30,53.09,7460,53.07,U
sh688777,中控技术,2025-09-24 11:15:33,53.09,22625,53.09,U
sh688777,中控技术,2025-09-24 11:15:36,53.1,36739,53.09,U
sh688777,中控技术,2025-09-24 11:15:39,53.09,4631,53.1,D
sh688777,中控技术,2025-09-24 11:15:42,53.09,6536,53.09,D
sh688777,中控技术,2025-09-24 11:15:45,53.08,10114,53.09,D
sh688777,中控技术,2025-09-24 11:15:48,53.08,6030,53.08,D
sh688777,中控技术,2025-09-24 11:15:51,53.02,5043,53.08,D
sh688777,中控技术,2025-09-24 11:16:06,53.04,7082,53.07,D
sh688777,中控技术,2025-09-24 11:16:18,53.1,5000,53.09,U
sh688777,中控技术,2025-09-24 11:16:51,53.07,7285,53.07,U
sh688777,中控技术,2025-09-24 11:16:57,53.07,6295,53.07,U
sh688777,中控技术,2025-09-24 11:17:21,53.1,34713,53.05,U
sh688777,中控技术,2025-09-24 11:17:24,53.1,23296,53.1,U
sh688777,中控技术,2025-09-24 11:17:33,53.11,6172,53.11,U
sh688777,中控技术,2025-09-24 11:17:39,53.12,11128,53.13,D
sh688777,中控技术,2025-09-24 11:17:51,53.15,4186,53.12,U
sh688777,中控技术,2025-09-24 11:18:00,53.13,7687,53.13,D
sh688777,中控技术,2025-09-24 11:18:03,53.13,4107,53.13,D
sh688777,中控技术,2025-09-24 11:18:06,53.13,5640,53.13,U
sh688777,中控技术,2025-09-24 11:18:09,53.12,6457,53.13,D
sh688777,中控技术,2025-09-24 11:18:21,53.09,3917,53.07,E
sh688777,中控技术,2025-09-24 11:18:24,53.11,8083,53.09,U
sh688777,中控技术,2025-09-24 11:18:27,53.07,5737,53.11,D
sh688777,中控技术,2025-09-24 11:18:30,53.05,11569,53.07,D
sh688777,中控技术,2025-09-24 11:19:09,53.09,13288,53.08,E
sh688777,中控技术,2025-09-24 11:19:12,53.11,9756,53.09,U
sh688777,中控技术,2025-09-24 11:19:21,53.15,13330,53.11,U
sh688777,中控技术,2025-09-24 11:19:24,53.16,4648,53.15,U
sh688777,中控技术,2025-09-24 11:19:27,53.18,8691,53.16,U
sh688777,中控技术,2025-09-24 11:19:30,53.16,5336,53.18,E
sh688777,中控技术,2025-09-24 11:19:48,53.15,4393,53.16,E
sh688777,中控技术,2025-09-24 11:19:54,53.14,6864,53.15,D
sh688777,中控技术,2025-09-24 11:19:57,53.15,5329,53.14,U
sh688777,中控技术,2025-09-24 11:20:00,53.16,3816,53.15,U
sh688777,中控技术,2025-09-24 11:20:06,53.19,58683,53.15,U
sh688777,中控技术,2025-09-24 11:20:09,53.17,9729,53.19,D
sh688777,中控技术,2025-09-24 11:20:12,53.2,17734,53.17,U
sh688777,中控技术,2025-09-24 11:20:15,53.22,16323,53.2,U
sh688777,中控技术,2025-09-24 11:20:18,53.24,12000,53.22,U
sh688777,中控技术,2025-09-24 11:20:21,53.25,14170,53.24,U
sh688777,中控技术,2025-09-24 11:20:27,53.23,5271,53.24,D
sh688777,中控技术,2025-09-24 11:20:33,53.26,68609,53.23,U
sh688777,中控技术,2025-09-24 11:20:36,53.27,4582,53.26,E
sh688777,中控技术,2025-09-24 11:20:39,53.27,9995,53.27,U
sh688777,中控技术,2025-09-24 11:20:42,53.27,5550,53.27,U
sh688777,中控技术,2025-09-24 11:20:45,53.27,37954,53.27,U
sh688777,中控技术,2025-09-24 11:20:48,53.27,10874,53.27,U
sh688777,中控技术,2025-09-24 11:20:54,53.28,4923,53.28,U
sh688777,中控技术,2025-09-24 11:20:57,53.24,34731,53.28,D
sh688777,中控技术,2025-09-24 11:21:00,53.28,5500,53.24,E
sh688777,中控技术,2025-09-24 11:21:24,53.27,7002,53.27,D
sh688777,中控技术,2025-09-24 11:21:27,53.27,4111,53.27,D
sh688777,中控技术,2025-09-24 11:21:45,53.25,3900,53.22,U
sh688777,中控技术,2025-09-24 11:21:48,53.23,11286,53.25,D
sh688777,中控技术,2025-09-24 11:21:51,53.27,5921,53.23,U
sh688777,中控技术,2025-09-24 11:21:54,53.27,4773,53.27,D
sh688777,中控技术,2025-09-24 11:22:06,53.21,3837,53.22,D
sh688777,中控技术,2025-09-24 11:22:33,53.25,7716,53.25,U
sh688777,中控技术,2025-09-24 11:22:36,53.25,4841,53.25,D
sh688777,中控技术,2025-09-24 11:22:39,53.26,8390,53.25,U
sh688777,中控技术,2025-09-24 11:22:42,53.25,3857,53.26,E
sh688777,中控技术,2025-09-24 11:23:03,53.2,5348,53.23,D
sh688777,中控技术,2025-09-24 11:23:33,53.2,5250,53.2,D
sh688777,中控技术,2025-09-24 11:23:45,53.23,17862,53.2,U
sh688777,中控技术,2025-09-24 11:23:48,53.22,7083,53.23,D
sh688777,中控技术,2025-09-24 11:24:12,53.23,6526,53.23,U
sh688777,中控技术,2025-09-24 11:24:15,53.22,4190,53.23,D
sh688777,中控技术,2025-09-24 11:24:24,53.2,4728,53.21,D
sh688777,中控技术,2025-09-24 11:24:48,53.18,5907,53.18,D
sh688777,中控技术,2025-09-24 11:24:57,53.19,11216,53.18,U
sh688777,中控技术,2025-09-24 11:25:00,53.2,5399,53.19,U
sh688777,中控技术,2025-09-24 11:25:03,53.21,10974,53.2,U
sh688777,中控技术,2025-09-24 11:25:06,53.21,21701,53.21,U
sh688777,中控技术,2025-09-24 11:25:18,53.21,11527,53.2,U
sh688777,中控技术,2025-09-24 11:25:21,53.2,25617,53.21,D
sh688777,中控技术,2025-09-24 11:25:36,53.18,8664,53.2,D
sh688777,中控技术,2025-09-24 11:25:45,53.16,6364,53.18,D
sh688777,中控技术,2025-09-24 11:25:57,53.2,10900,53.18,U
sh688777,中控技术,2025-09-24 11:26:00,53.2,6018,53.2,U
sh688777,中控技术,2025-09-24 11:26:03,53.2,10217,53.2,U
sh688777,中控技术,2025-09-24 11:26:06,53.19,10555,53.2,D
sh688777,中控技术,2025-09-24 11:26:18,53.19,5771,53.2,D
sh688777,中控技术,2025-09-24 11:26:30,53.19,4131,53.19,D
sh688777,中控技术,2025-09-24 11:26:48,53.18,5400,53.19,D
sh688777,中控技术,2025-09-24 11:26:57,53.2,65956,53.18,U
sh688777,中控技术,2025-09-24 11:27:00,53.18,23035,53.2,E
sh688777,中控技术,2025-09-24 11:27:06,53.21,4305,53.18,U
sh688777,中控技术,2025-09-24 11:27:09,53.21,10129,53.21,U
sh688777,中控技术,2025-09-24 11:27:15,53.21,6426,53.22,D
sh688777,中控技术,2025-09-24 11:27:39,53.21,8682,53.2,U
sh688777,中控技术,2025-09-24 11:28:00,53.24,14500,53.2,U
sh688777,中控技术,2025-09-24 11:28:03,53.22,4221,53.24,E
sh688777,中控技术,2025-09-24 11:28:06,53.25,9935,53.22,U
sh688777,中控技术,2025-09-24 11:28:09,53.25,5393,53.25,U
sh688777,中控技术,2025-09-24 11:28:12,53.25,10830,53.25,U
sh688777,中控技术,2025-09-24 11:28:15,53.24,4896,53.25,D
sh688777,中控技术,2025-09-24 11:28:18,53.25,9018,53.24,U
sh688777,中控技术,2025-09-24 11:28:21,53.26,22231,53.25,U
sh688777,中控技术,2025-09-24 11:28:48,53.24,13760,53.24,D
sh688777,中控技术,2025-09-24 11:28:51,53.24,14697,53.24,U
sh688777,中控技术,2025-09-24 11:28:54,53.22,6946,53.24,D
sh688777,中控技术,2025-09-24 11:28:57,53.23,18416,53.22,E
sh688777,中控技术,2025-09-24 11:29:03,53.23,9438,53.23,U
sh688777,中控技术,2025-09-24 11:29:06,53.22,5731,53.23,E
sh688777,中控技术,2025-09-24 11:29:09,53.25,48709,53.22,U
sh688777,中控技术,2025-09-24 11:29:12,53.21,29302,53.25,D
sh688777,中控技术,2025-09-24 11:29:15,53.26,5280,53.21,U
sh688777,中控技术,2025-09-24 11:29:27,53.24,7332,53.26,D
sh688777,中控技术,2025-09-24 11:29:36,53.24,5100,53.24,U
sh688777,中控技术,2025-09-24 11:29:39,53.23,6064,53.24,D
sh688777,中控技术,2025-09-24 11:29:42,53.24,5357,53.23,U
sh688777,中控技术,2025-09-24 11:29:54,53.25,7700,53.24,U
sh688777,中控技术,2025-09-24 11:29:57,53.24,10085,53.25,D
sh688777,中控技术,2025-09-24 13:00:00,53.24,53614,53.23,U
sh688777,中控技术,2025-09-24 13:00:03,53.26,39678,53.24,U
sh688777,中控技术,2025-09-24 13:00:06,53.28,40663,53.26,U
sh688777,中控技术,2025-09-24 13:00:09,53.25,32135,53.28,D
sh688777,中控技术,2025-09-24 13:00:12,53.25,39523,53.25,D
sh688777,中控技术,2025-09-24 13:00:15,53.3,50263,53.25,U
sh688777,中控技术,2025-09-24 13:00:18,53.27,76490,53.3,D
sh688777,中控技术,2025-09-24 13:00:21,53.27,25815,53.27,U
sh688777,中控技术,2025-09-24 13:00:24,53.25,69214,53.27,D
sh688777,中控技术,2025-09-24 13:00:27,53.23,43684,53.25,D
sh688777,中控技术,2025-09-24 13:00:30,53.22,39440,53.23,D
sh688777,中控技术,2025-09-24 13:00:33,53.2,18537,53.22,D
sh688777,中控技术,2025-09-24 13:00:36,53.11,24824,53.2,D
sh688777,中控技术,2025-09-24 13:00:39,53.12,12495,53.11,E
sh688777,中控技术,2025-09-24 13:00:42,53.12,14904,53.12,D
sh688777,中控技术,2025-09-24 13:00:45,53.15,4642,53.12,E
sh688777,中控技术,2025-09-24 13:00:54,53.19,6699,53.19,D
sh688777,中控技术,2025-09-24 13:00:57,53.16,5034,53.19,D
sh688777,中控技术,2025-09-24 13:01:03,53.13,7563,53.19,D
sh688777,中控技术,2025-09-24 13:01:06,53.13,12487,53.13,D
sh688777,中控技术,2025-09-24 13:01:09,53.13,10407,53.13,U
sh688777,中控技术,2025-09-24 13:01:12,53.18,5386,53.13,E
sh688777,中控技术,2025-09-24 13:01:15,53.13,3873,53.18,D
sh688777,中控技术,2025-09-24 13:01:18,53.08,6480,53.13,D
sh688777,中控技术,2025-09-24 13:01:21,53.08,20853,53.08,U
sh688777,中控技术,2025-09-24 13:01:24,53.0,27102,53.08,D
sh688777,中控技术,2025-09-24 13:01:27,53.0,16783,53.0,D
sh688777,中控技术,2025-09-24 13:01:30,53.0,17590,53.0,U
sh688777,中控技术,2025-09-24 13:01:33,53.06,13543,53.0,U
sh688777,中控技术,2025-09-24 13:01:36,53.06,29790,53.06,U
sh688777,中控技术,2025-09-24 13:01:39,53.06,3866,53.06,U
sh688777,中控技术,2025-09-24 13:01:42,53.03,11483,53.06,E
sh688777,中控技术,2025-09-24 13:01:45,53.03,6474,53.03,D
sh688777,中控技术,2025-09-24 13:01:48,53.01,3855,53.03,D
sh688777,中控技术,2025-09-24 13:01:51,52.93,25289,53.01,D
sh688777,中控技术,2025-09-24 13:01:54,52.98,8778,52.93,U
sh688777,中控技术,2025-09-24 13:02:00,52.93,11000,52.98,D
sh688777,中控技术,2025-09-24 13:02:03,52.92,21043,52.93,E
sh688777,中控技术,2025-09-24 13:02:06,52.95,10335,52.92,U
sh688777,中控技术,2025-09-24 13:02:12,53.06,11213,53.02,U
sh688777,中控技术,2025-09-24 13:02:21,53.05,5000,53.05,D
sh688777,中控技术,2025-09-24 13:02:27,53.08,23940,53.05,U
sh688777,中控技术,2025-09-24 13:02:42,53.17,4200,53.18,D
sh688777,中控技术,2025-09-24 13:02:51,53.14,5009,53.18,D
sh688777,中控技术,2025-09-24 13:02:54,53.18,15833,53.14,U
sh688777,中控技术,2025-09-24 13:03:00,53.18,7795,53.18,D
sh688777,中控技术,2025-09-24 13:03:03,53.18,30754,53.18,D
sh688777,中控技术,2025-09-24 13:03:12,53.12,9674,53.12,D
sh688777,中控技术,2025-09-24 13:03:15,53.12,11667,53.12,D
sh688777,中控技术,2025-09-24 13:03:18,53.16,6278,53.12,U
sh688777,中控技术,2025-09-24 13:03:24,53.13,7600,53.16,D
sh688777,中控技术,2025-09-24 13:03:36,53.12,9141,53.12,D
sh688777,中控技术,2025-09-24 13:03:39,53.08,19322,53.12,D
sh688777,中控技术,2025-09-24 13:03:48,53.05,29424,53.06,D
sh688777,中控技术,2025-09-24 13:03:51,52.98,5856,53.05,D
sh688777,中控技术,2025-09-24 13:03:57,53.06,14356,53.0,U
sh688777,中控技术,2025-09-24 13:04:00,53.01,4077,53.06,D
sh688777,中控技术,2025-09-24 13:04:03,53.06,4687,53.01,E
sh688777,中控技术,2025-09-24 13:04:06,53.07,7425,53.06,U
sh688777,中控技术,2025-09-24 13:04:12,53.1,5444,53.02,U
sh688777,中控技术,2025-09-24 13:04:15,53.07,4777,53.1,E
sh688777,中控技术,2025-09-24 13:04:18,52.97,14659,53.07,D
sh688777,中控技术,2025-09-24 13:04:30,52.98,8634,53.0,D
sh688777,中控技术,2025-09-24 13:04:45,52.9,11441,52.91,D
sh688777,中控技术,2025-09-24 13:05:00,52.93,3809,52.91,E
sh688777,中控技术,2025-09-24 13:05:03,52.95,7583,52.93,E
sh688777,中控技术,2025-09-24 13:05:06,53.0,10500,52.95,U
sh688777,中控技术,2025-09-24 13:05:12,53.0,4234,53.0,D
sh688777,中控技术,2025-09-24 13:05:21,52.95,3810,52.97,D
sh688777,中控技术,2025-09-24 13:05:24,52.95,20210,52.95,D
sh688777,中控技术,2025-09-24 13:05:30,52.95,7088,52.95,D
sh688777,中控技术,2025-09-24 13:05:39,52.98,6189,52.97,U
sh688777,中控技术,2025-09-24 13:05:42,53.03,9509,52.98,U
sh688777,中控技术,2025-09-24 13:05:45,53.0,4790,53.03,D
sh688777,中控技术,2025-09-24 13:06:00,53.0,4945,53.0,D
sh688777,中控技术,2025-09-24 13:06:15,52.95,40000,53.01,D
sh688777,中控技术,2025-09-24 13:06:18,52.87,30725,52.95,D
sh688777,中控技术,2025-09-24 13:06:21,52.85,4965,52.87,D
sh688777,中控技术,2025-09-24 13:06:24,52.85,4404,52.85,D
sh688777,中控技术,2025-09-24 13:06:30,52.87,8188,52.87,D
sh688777,中控技术,2025-09-24 13:06:54,52.95,4358,52.91,E
sh688777,中控技术,2025-09-24 13:06:57,52.98,12341,52.95,U
sh688777,中控技术,2025-09-24 13:07:00,52.98,9681,52.98,U
sh688777,中控技术,2025-09-24 13:07:03,52.93,13046,52.98,D
sh688777,中控技术,2025-09-24 13:07:48,52.9,5573,52.91,D
sh688777,中控技术,2025-09-24 13:08:03,52.9,9671,52.9,D
sh688777,中控技术,2025-09-24 13:08:12,52.86,14931,52.9,D
sh688777,中控技术,2025-09-24 13:08:15,52.9,6300,52.86,U
sh688777,中控技术,2025-09-24 13:08:33,52.9,4136,52.88,U
sh688777,中控技术,2025-09-24 13:08:42,52.9,5769,52.89,U
sh688777,中控技术,2025-09-24 13:08:54,52.9,3813,52.9,U
sh688777,中控技术,2025-09-24 13:09:00,52.91,33259,52.9,U
sh688777,中控技术,2025-09-24 13:09:09,52.9,20800,52.93,D
sh688777,中控技术,2025-09-24 13:09:21,52.98,7788,52.94,U
sh688777,中控技术,2025-09-24 13:09:27,52.99,4604,52.98,U
sh688777,中控技术,2025-09-24 13:09:30,52.97,5775,52.99,D
sh688777,中控技术,2025-09-24 13:09:33,53.0,4385,52.97,D
sh688777,中控技术,2025-09-24 13:09:42,53.0,10012,53.02,D
sh688777,中控技术,2025-09-24 13:09:45,53.05,9770,53.0,U
sh688777,中控技术,2025-09-24 13:09:51,53.06,3901,53.05,U
sh688777,中控技术,2025-09-24 13:09:57,53.07,10671,53.05,U
sh688777,中控技术,2025-09-24 13:10:00,53.09,4111,53.07,U
sh688777,中控技术,2025-09-24 13:10:03,53.14,9593,53.09,U
sh688777,中控技术,2025-09-24 13:10:06,53.16,20203,53.14,U
sh688777,中控技术,2025-09-24 13:10:09,53.17,10202,53.16,U
sh688777,中控技术,2025-09-24 13:10:15,53.2,13424,53.19,U
sh688777,中控技术,2025-09-24 13:10:18,53.19,28077,53.2,D
sh688777,中控技术,2025-09-24 13:10:21,53.2,10623,53.19,U
sh688777,中控技术,2025-09-24 13:10:27,53.19,10442,53.23,D
sh688777,中控技术,2025-09-24 13:10:33,53.19,5101,53.17,U
sh688777,中控技术,2025-09-24 13:10:36,53.15,6223,53.19,D
sh688777,中控技术,2025-09-24 13:10:39,53.23,17200,53.15,U
sh688777,中控技术,2025-09-24 13:10:48,53.17,5242,53.19,D
sh688777,中控技术,2025-09-24 13:10:51,53.2,23836,53.17,U
sh688777,中控技术,2025-09-24 13:10:54,53.21,7492,53.2,D
sh688777,中控技术,2025-09-24 13:10:57,53.23,20724,53.21,U
sh688777,中控技术,2025-09-24 13:11:12,53.22,7107,53.18,U
sh688777,中控技术,2025-09-24 13:11:15,53.21,8033,53.22,D
sh688777,中控技术,2025-09-24 13:11:24,53.2,5799,53.2,D
sh688777,中控技术,2025-09-24 13:11:27,53.2,3937,53.2,U
sh688777,中控技术,2025-09-24 13:11:36,53.32,145415,53.2,U
sh688777,中控技术,2025-09-24 13:11:39,53.33,7943,53.32,U
sh688777,中控技术,2025-09-24 13:11:45,53.33,8378,53.32,U
sh688777,中控技术,2025-09-24 13:11:48,53.33,17379,53.33,U
sh688777,中控技术,2025-09-24 13:12:03,53.16,4940,53.28,D
sh688777,中控技术,2025-09-24 13:12:33,53.2,7707,53.23,D
sh688777,中控技术,2025-09-24 13:12:39,53.26,14796,53.25,U
sh688777,中控技术,2025-09-24 13:12:48,53.3,23191,53.26,U
sh688777,中控技术,2025-09-24 13:12:54,53.26,5251,53.28,D
sh688777,中控技术,2025-09-24 13:13:03,53.24,5453,53.26,D
sh688777,中控技术,2025-09-24 13:13:24,53.18,7525,53.2,D
sh688777,中控技术,2025-09-24 13:13:45,53.15,5737,53.11,U
sh688777,中控技术,2025-09-24 13:14:00,53.06,7472,53.1,D
sh688777,中控技术,2025-09-24 13:14:06,53.09,5984,53.06,U
sh688777,中控技术,2025-09-24 13:14:09,53.09,6198,53.09,U
sh688777,中控技术,2025-09-24 13:14:15,53.06,5982,53.09,D
sh688777,中控技术,2025-09-24 13:14:18,53.08,7231,53.06,U
sh688777,中控技术,2025-09-24 13:14:33,53.08,8352,53.1,D
sh688777,中控技术,2025-09-24 13:14:39,53.1,3900,53.08,U
sh688777,中控技术,2025-09-24 13:14:45,53.1,5395,53.08,U
sh688777,中控技术,2025-09-24 13:15:21,53.07,8432,53.02,U
sh688777,中控技术,2025-09-24 13:15:24,53.02,30653,53.07,D
sh688777,中控技术,2025-09-24 13:16:03,53.07,8759,53.04,U
sh688777,中控技术,2025-09-24 13:16:06,53.04,4016,53.07,D
sh688777,中控技术,2025-09-24 13:16:24,53.09,5435,53.08,U
sh688777,中控技术,2025-09-24 13:16:27,53.09,7606,53.09,U
sh688777,中控技术,2025-09-24 13:16:54,53.04,11653,53.1,D
sh688777,中控技术,2025-09-24 13:16:57,53.04,21501,53.04,U
sh688777,中控技术,2025-09-24 13:17:00,53.04,11128,53.04,U
sh688777,中控技术,2025-09-24 13:17:24,53.03,62100,53.01,E
sh688777,中控技术,2025-09-24 13:17:30,53.06,5837,53.06,E
sh688777,中控技术,2025-09-24 13:17:45,53.01,6399,53.06,D
sh688777,中控技术,2025-09-24 13:18:03,53.0,11247,53.0,U
sh688777,中控技术,2025-09-24 13:18:18,53.01,21685,53.01,U
sh688777,中控技术,2025-09-24 13:18:57,53.1,5126,53.03,U
sh688777,中控技术,2025-09-24 13:19:12,53.03,5798,53.07,D
sh688777,中控技术,2025-09-24 13:19:15,53.03,12206,53.03,U
sh688777,中控技术,2025-09-24 13:19:18,53.03,5344,53.03,U
sh688777,中控技术,2025-09-24 13:19:54,53.1,8265,53.08,U
sh688777,中控技术,2025-09-24 13:19:57,53.1,4781,53.1,U
sh688777,中控技术,2025-09-24 13:20:00,53.1,4609,53.1,U
sh688777,中控技术,2025-09-24 13:20:03,53.1,19839,53.1,U
sh688777,中控技术,2025-09-24 13:20:06,53.11,13709,53.1,U
sh688777,中控技术,2025-09-24 13:20:09,53.13,6713,53.11,U
sh688777,中控技术,2025-09-24 13:20:15,53.15,4075,53.13,U
sh688777,中控技术,2025-09-24 13:20:18,53.15,4744,53.15,U
sh688777,中控技术,2025-09-24 13:20:21,53.15,8470,53.15,U
sh688777,中控技术,2025-09-24 13:20:24,53.12,7503,53.15,D
sh688777,中控技术,2025-09-24 13:20:39,53.12,14799,53.12,U
sh688777,中控技术,2025-09-24 13:20:42,53.11,17541,53.12,D
sh688777,中控技术,2025-09-24 13:20:45,53.11,7678,53.11,U
sh688777,中控技术,2025-09-24 13:20:48,53.11,15269,53.11,U
sh688777,中控技术,2025-09-24 13:20:51,53.15,25687,53.11,U
sh688777,中控技术,2025-09-24 13:20:54,53.15,11425,53.15,U
sh688777,中控技术,2025-09-24 13:20:57,53.15,7592,53.15,U
sh688777,中控技术,2025-09-24 13:21:00,53.11,4602,53.15,D
sh688777,中控技术,2025-09-24 13:21:03,53.18,6959,53.11,U
sh688777,中控技术,2025-09-24 13:21:06,53.15,9313,53.18,E
sh688777,中控技术,2025-09-24 13:21:18,53.12,7700,53.12,U
sh688777,中控技术,2025-09-24 13:21:21,53.15,3935,53.12,U
sh688777,中控技术,2025-09-24 13:21:24,53.17,46378,53.15,U
sh688777,中控技术,2025-09-24 13:21:30,53.2,11041,53.19,U
sh688777,中控技术,2025-09-24 13:21:33,53.22,4626,53.2,U
sh688777,中控技术,2025-09-24 13:21:39,53.22,3780,53.21,U
sh688777,中控技术,2025-09-24 13:21:48,53.19,5529,53.21,D
sh688777,中控技术,2025-09-24 13:22:00,53.19,3800,53.19,D
sh688777,中控技术,2025-09-24 13:22:03,53.18,14464,53.19,D
sh688777,中控技术,2025-09-24 13:22:06,53.2,4359,53.18,U
sh688777,中控技术,2025-09-24 13:22:54,53.02,13637,53.06,D
sh688777,中控技术,2025-09-24 13:23:09,53.0,4223,53.01,D
sh688777,中控技术,2025-09-24 13:23:15,53.01,13180,53.0,U
sh688777,中控技术,2025-09-24 13:23:21,53.0,3927,52.96,U
sh688777,中控技术,2025-09-24 13:23:30,52.96,10200,53.0,D
sh688777,中控技术,2025-09-24 13:23:51,52.99,5087,53.03,D
sh688777,中控技术,2025-09-24 13:24:03,52.99,6525,53.03,D
sh688777,中控技术,2025-09-24 13:24:39,53.03,5717,53.02,U
sh688777,中控技术,2025-09-24 13:24:42,53.04,4846,53.03,U
sh688777,中控技术,2025-09-24 13:24:57,53.06,5548,53.02,U
sh688777,中控技术,2025-09-24 13:25:18,53.08,9047,53.1,D
sh688777,中控技术,2025-09-24 13:25:21,53.1,21310,53.08,U
sh688777,中控技术,2025-09-24 13:25:39,53.18,7894,53.15,U
sh688777,中控技术,2025-09-24 13:25:42,53.2,30000,53.18,U
sh688777,中控技术,2025-09-24 13:25:54,53.25,36793,53.22,U
sh688777,中控技术,2025-09-24 13:26:03,53.25,10694,53.25,U
sh688777,中控技术,2025-09-24 13:26:06,53.26,5122,53.25,U
sh688777,中控技术,2025-09-24 13:26:09,53.26,8004,53.26,U
sh688777,中控技术,2025-09-24 13:26:12,53.27,6769,53.26,U
sh688777,中控技术,2025-09-24 13:26:15,53.33,163741,53.27,U
sh688777,中控技术,2025-09-24 13:26:18,53.35,6655,53.33,U
sh688777,中控技术,2025-09-24 13:26:21,53.35,8845,53.35,U
sh688777,中控技术,2025-09-24 13:26:24,53.37,5246,53.35,U
sh688777,中控技术,2025-09-24 13:26:27,53.38,12468,53.37,U
sh688777,中控技术,2025-09-24 13:26:30,53.38,34250,53.38,U
sh688777,中控技术,2025-09-24 13:26:33,53.38,8977,53.38,U
sh688777,中控技术,2025-09-24 13:26:36,53.39,13184,53.38,U
sh688777,中控技术,2025-09-24 13:26:39,53.36,35051,53.39,D
sh688777,中控技术,2025-09-24 13:26:42,53.39,21238,53.36,U
sh688777,中控技术,2025-09-24 13:26:45,53.38,7672,53.39,E
sh688777,中控技术,2025-09-24 13:26:48,53.37,16083,53.38,D
sh688777,中控技术,2025-09-24 13:26:51,53.39,15712,53.37,U
sh688777,中控技术,2025-09-24 13:26:54,53.39,32988,53.39,D
sh688777,中控技术,2025-09-24 13:26:57,53.4,4927,53.39,U
sh688777,中控技术,2025-09-24 13:27:00,53.47,178459,53.4,U
sh688777,中控技术,2025-09-24 13:27:03,53.48,26424,53.47,U
sh688777,中控技术,2025-09-24 13:27:06,53.48,9230,53.48,U
sh688777,中控技术,2025-09-24 13:27:09,53.48,6557,53.48,U
sh688777,中控技术,2025-09-24 13:27:12,53.47,5767,53.48,U
sh688777,中控技术,2025-09-24 13:27:15,53.47,9407,53.47,U
sh688777,中控技术,2025-09-24 13:27:18,53.46,8129,53.47,D
sh688777,中控技术,2025-09-24 13:27:21,53.42,6369,53.46,D
sh688777,中控技术,2025-09-24 13:27:33,53.46,5544,53.46,U
sh688777,中控技术,2025-09-24 13:27:36,53.45,14210,53.46,E
sh688777,中控技术,2025-09-24 13:27:39,53.45,7599,53.45,D
sh688777,中控技术,2025-09-24 13:27:42,53.47,29885,53.45,U
sh688777,中控技术,2025-09-24 13:27:45,53.48,103158,53.47,U
sh688777,中控技术,2025-09-24 13:27:51,53.47,6446,53.46,D
sh688777,中控技术,2025-09-24 13:27:57,53.48,10121,53.47,U
sh688777,中控技术,2025-09-24 13:28:00,53.48,12151,53.48,U
sh688777,中控技术,2025-09-24 13:28:03,53.48,7005,53.48,U
sh688777,中控技术,2025-09-24 13:28:06,53.48,10805,53.48,U
sh688777,中控技术,2025-09-24 13:28:09,53.48,14156,53.48,U
sh688777,中控技术,2025-09-24 13:28:12,53.47,8324,53.48,E
sh688777,中控技术,2025-09-24 13:28:15,53.49,96065,53.47,U
sh688777,中控技术,2025-09-24 13:28:18,53.53,319091,53.49,U
sh688777,中控技术,2025-09-24 13:28:21,53.55,16642,53.53,U
sh688777,中控技术,2025-09-24 13:28:24,53.53,16052,53.55,D
sh688777,中控技术,2025-09-24 13:28:30,53.53,32841,53.57,D
sh688777,中控技术,2025-09-24 13:28:33,53.55,49350,53.53,U
sh688777,中控技术,2025-09-24 13:28:36,53.53,6194,53.55,U
sh688777,中控技术,2025-09-24 13:28:39,53.53,9869,53.53,U
sh688777,中控技术,2025-09-24 13:28:42,53.56,27252,53.53,U
sh688777,中控技术,2025-09-24 13:28:45,53.57,5459,53.56,U
sh688777,中控技术,2025-09-24 13:28:48,53.55,5400,53.57,D
sh688777,中控技术,2025-09-24 13:28:51,53.56,11554,53.55,U
sh688777,中控技术,2025-09-24 13:28:54,53.56,13904,53.56,U
sh688777,中控技术,2025-09-24 13:28:57,53.56,10927,53.56,D
sh688777,中控技术,2025-09-24 13:29:00,53.57,5462,53.56,U
sh688777,中控技术,2025-09-24 13:29:03,53.58,13932,53.57,U
sh688777,中控技术,2025-09-24 13:29:06,53.58,25151,53.58,U
sh688777,中控技术,2025-09-24 13:29:09,53.58,12212,53.58,U
sh688777,中控技术,2025-09-24 13:29:15,53.6,21945,53.59,U
sh688777,中控技术,2025-09-24 13:29:21,53.59,23318,53.59,D
sh688777,中控技术,2025-09-24 13:29:24,53.59,12476,53.59,U
sh688777,中控技术,2025-09-24 13:29:27,53.59,12737,53.59,U
sh688777,中控技术,2025-09-24 13:29:33,53.61,6900,53.59,U
sh688777,中控技术,2025-09-24 13:29:42,53.61,8799,53.59,U
sh688777,中控技术,2025-09-24 13:29:45,53.6,8000,53.61,E
sh688777,中控技术,2025-09-24 13:29:51,53.58,4731,53.59,D
sh688777,中控技术,2025-09-24 13:29:57,53.57,8121,53.59,D
sh688777,中控技术,2025-09-24 13:30:06,53.53,5080,53.57,D
sh688777,中控技术,2025-09-24 13:30:09,53.41,75250,53.53,D
sh688777,中控技术,2025-09-24 13:30:12,53.45,3955,53.41,E
sh688777,中控技术,2025-09-24 13:30:15,53.41,7281,53.45,D
sh688777,中控技术,2025-09-24 13:30:33,53.47,11011,53.46,U
sh688777,中控技术,2025-09-24 13:30:36,53.46,14112,53.47,D
sh688777,中控技术,2025-09-24 13:30:48,53.48,4158,53.5,E
sh688777,中控技术,2025-09-24 13:30:54,53.5,4219,53.49,U
sh688777,中控技术,2025-09-24 13:31:03,53.49,9348,53.49,D
sh688777,中控技术,2025-09-24 13:31:06,53.49,4541,53.49,D
sh688777,中控技术,2025-09-24 13:31:09,53.45,7149,53.49,D
sh688777,中控技术,2025-09-24 13:31:21,53.46,12986,53.46,D
sh688777,中控技术,2025-09-24 13:31:39,53.45,9503,53.44,U
sh688777,中控技术,2025-09-24 13:31:51,53.53,46051,53.46,U
sh688777,中控技术,2025-09-24 13:31:57,53.49,4400,53.53,D
sh688777,中控技术,2025-09-24 13:32:15,53.55,8182,53.52,U
sh688777,中控技术,2025-09-24 13:32:18,53.52,4636,53.55,D
sh688777,中控技术,2025-09-24 13:32:21,53.57,7070,53.52,U
sh688777,中控技术,2025-09-24 13:32:24,53.56,5793,53.57,D
sh688777,中控技术,2025-09-24 13:32:36,53.58,9158,53.58,U
sh688777,中控技术,2025-09-24 13:32:39,53.58,7933,53.58,U
sh688777,中控技术,2025-09-24 13:32:45,53.58,12151,53.59,D
sh688777,中控技术,2025-09-24 13:32:51,53.58,16476,53.57,U
sh688777,中控技术,2025-09-24 13:32:54,53.58,4823,53.58,D
sh688777,中控技术,2025-09-24 13:32:57,53.58,4475,53.58,D
sh688777,中控技术,2025-09-24 13:33:00,53.61,51930,53.58,U
sh688777,中控技术,2025-09-24 13:33:03,53.63,65612,53.61,U
sh688777,中控技术,2025-09-24 13:33:06,53.62,25749,53.63,E
sh688777,中控技术,2025-09-24 13:33:09,53.65,16391,53.62,U
sh688777,中控技术,2025-09-24 13:33:12,53.65,8646,53.65,U
sh688777,中控技术,2025-09-24 13:33:18,53.65,3865,53.65,U
sh688777,中控技术,2025-09-24 13:33:21,53.62,24244,53.65,D
sh688777,中控技术,2025-09-24 13:33:24,53.65,15107,53.62,U
sh688777,中控技术,2025-09-24 13:33:27,53.63,5334,53.65,E
sh688777,中控技术,2025-09-24 13:33:30,53.65,14459,53.63,U
sh688777,中控技术,2025-09-24 13:33:33,53.62,13562,53.65,D
sh688777,中控技术,2025-09-24 13:33:36,53.62,8514,53.62,U
sh688777,中控技术,2025-09-24 13:33:39,53.62,26745,53.62,U
sh688777,中控技术,2025-09-24 13:33:42,53.61,11599,53.62,D
sh688777,中控技术,2025-09-24 13:33:45,53.64,18710,53.61,U
sh688777,中控技术,2025-09-24 13:33:48,53.65,50001,53.64,U
sh688777,中控技术,2025-09-24 13:33:51,53.66,7861,53.65,U
sh688777,中控技术,2025-09-24 13:33:54,53.65,4089,53.66,D
sh688777,中控技术,2025-09-24 13:33:57,53.65,4504,53.65,D
sh688777,中控技术,2025-09-24 13:34:00,53.64,5257,53.65,D
sh688777,中控技术,2025-09-24 13:34:03,53.66,5060,53.64,U
sh688777,中控技术,2025-09-24 13:34:06,53.65,7110,53.66,U
sh688777,中控技术,2025-09-24 13:34:09,53.63,7447,53.65,D
sh688777,中控技术,2025-09-24 13:34:27,53.63,4700,53.63,D
sh688777,中控技术,2025-09-24 13:34:33,53.61,5000,53.63,D
sh688777,中控技术,2025-09-24 13:34:39,53.61,8109,53.61,U
sh688777,中控技术,2025-09-24 13:34:42,53.6,40723,53.61,D
sh688777,中控技术,2025-09-24 13:35:06,53.58,5360,53.56,U
sh688777,中控技术,2025-09-24 13:35:09,53.58,8756,53.58,U
sh688777,中控技术,2025-09-24 13:35:15,53.57,5134,53.56,U
sh688777,中控技术,2025-09-24 13:35:18,53.58,14657,53.57,U
sh688777,中控技术,2025-09-24 13:35:24,53.58,50843,53.58,U
sh688777,中控技术,2025-09-24 13:35:27,53.57,22018,53.58,D
sh688777,中控技术,2025-09-24 13:35:33,53.56,3887,53.57,D
sh688777,中控技术,2025-09-24 13:35:36,53.57,12526,53.56,U
sh688777,中控技术,2025-09-24 13:35:45,53.53,42437,53.51,U
sh688777,中控技术,2025-09-24 13:35:54,53.52,4529,53.52,D
sh688777,中控技术,2025-09-24 13:35:57,53.51,4973,53.52,D
sh688777,中控技术,2025-09-24 13:36:09,53.57,6289,53.54,U
sh688777,中控技术,2025-09-24 13:36:15,53.51,10995,53.55,D
sh688777,中控技术,2025-09-24 13:36:18,53.51,5255,53.51,U
sh688777,中控技术,2025-09-24 13:36:27,53.55,18932,53.51,U
sh688777,中控技术,2025-09-24 13:36:36,53.5,7455,53.52,D
sh688777,中控技术,2025-09-24 13:36:39,53.5,10810,53.5,U
sh688777,中控技术,2025-09-24 13:36:45,53.49,3898,53.5,D
sh688777,中控技术,2025-09-24 13:36:54,53.5,4918,53.51,D
sh688777,中控技术,2025-09-24 13:36:57,53.45,27020,53.5,D
sh688777,中控技术,2025-09-24 13:37:00,53.45,9286,53.45,U
sh688777,中控技术,2025-09-24 13:37:24,53.51,8546,53.48,U
sh688777,中控技术,2025-09-24 13:38:18,53.47,6456,53.47,D
sh688777,中控技术,2025-09-24 13:38:21,53.43,5717,53.47,D
sh688777,中控技术,2025-09-24 13:38:24,53.42,12346,53.43,D
sh688777,中控技术,2025-09-24 13:38:27,53.41,5300,53.42,D
sh688777,中控技术,2025-09-24 13:38:30,53.4,6686,53.41,D
sh688777,中控技术,2025-09-24 13:38:33,53.4,4624,53.4,D
sh688777,中控技术,2025-09-24 13:38:39,53.41,21647,53.4,U
sh688777,中控技术,2025-09-24 13:38:42,53.42,4752,53.41,U
sh688777,中控技术,2025-09-24 13:38:45,53.41,14201,53.42,D
sh688777,中控技术,2025-09-24 13:38:48,53.4,13735,53.41,E
sh688777,中控技术,2025-09-24 13:38:54,53.4,6003,53.41,E
sh688777,中控技术,2025-09-24 13:39:06,53.41,10169,53.4,U
sh688777,中控技术,2025-09-24 13:39:09,53.4,12226,53.41,D
sh688777,中控技术,2025-09-24 13:39:36,53.4,10000,53.4,U
sh688777,中控技术,2025-09-24 13:39:39,53.39,3970,53.4,D
sh688777,中控技术,2025-09-24 13:39:48,53.41,16025,53.39,U
sh688777,中控技术,2025-09-24 13:39:54,53.41,5925,53.41,D
sh688777,中控技术,2025-09-24 13:40:15,53.41,4497,53.4,U
sh688777,中控技术,2025-09-24 13:40:21,53.42,16573,53.4,U
sh688777,中控技术,2025-09-24 13:40:45,53.47,11746,53.45,U
sh688777,中控技术,2025-09-24 13:41:21,53.41,10900,53.42,E
sh688777,中控技术,2025-09-24 13:41:27,53.45,3995,53.41,U
sh688777,中控技术,2025-09-24 13:41:30,53.48,9848,53.45,U
sh688777,中控技术,2025-09-24 13:41:36,53.49,9074,53.48,U
sh688777,中控技术,2025-09-24 13:41:39,53.48,5529,53.49,D
sh688777,中控技术,2025-09-24 13:41:48,53.49,8347,53.48,U
sh688777,中控技术,2025-09-24 13:42:36,53.48,4000,53.49,D
sh688777,中控技术,2025-09-24 13:42:42,53.45,14041,53.48,D
sh688777,中控技术,2025-09-24 13:42:45,53.48,10000,53.45,U
sh688777,中控技术,2025-09-24 13:43:21,53.43,10445,53.43,U
sh688777,中控技术,2025-09-24 13:43:33,53.43,7691,53.42,U
sh688777,中控技术,2025-09-24 13:43:39,53.44,7313,53.44,U
sh688777,中控技术,2025-09-24 13:43:42,53.43,7469,53.44,D
sh688777,中控技术,2025-09-24 13:43:54,53.47,4624,53.45,U
sh688777,中控技术,2025-09-24 13:44:00,53.48,5308,53.47,U
sh688777,中控技术,2025-09-24 13:44:03,53.45,6884,53.48,D
sh688777,中控技术,2025-09-24 13:44:21,53.48,5789,53.48,U
sh688777,中控技术,2025-09-24 13:44:24,53.49,16633,53.48,U
sh688777,中控技术,2025-09-24 13:44:27,53.49,6138,53.49,U
sh688777,中控技术,2025-09-24 13:44:30,53.5,6863,53.49,U
sh688777,中控技术,2025-09-24 13:44:36,53.5,4791,53.49,U
sh688777,中控技术,2025-09-24 13:44:48,53.49,4190,53.49,D
sh688777,中控技术,2025-09-24 13:44:54,53.49,5491,53.48,U
sh688777,中控技术,2025-09-24 13:45:03,53.47,4969,53.49,D
sh688777,中控技术,2025-09-24 13:45:15,53.5,19069,53.5,U
sh688777,中控技术,2025-09-24 13:45:18,53.51,4450,53.5,U
sh688777,中控技术,2025-09-24 13:45:30,53.52,4265,53.52,U
sh688777,中控技术,2025-09-24 13:45:39,53.52,16817,53.51,U
sh688777,中控技术,2025-09-24 13:45:42,53.5,5286,53.52,D
sh688777,中控技术,2025-09-24 13:45:45,53.52,6119,53.5,U
sh688777,中控技术,2025-09-24 13:46:21,53.54,10215,53.53,U
sh688777,中控技术,2025-09-24 13:46:27,53.55,5168,53.55,U
sh688777,中控技术,2025-09-24 13:46:30,53.54,5447,53.55,D
sh688777,中控技术,2025-09-24 13:46:39,53.53,8602,53.55,D
sh688777,中控技术,2025-09-24 13:46:42,53.54,12852,53.53,U
sh688777,中控技术,2025-09-24 13:46:45,53.54,6722,53.54,U
sh688777,中控技术,2025-09-24 13:46:54,53.54,5187,53.54,U
sh688777,中控技术,2025-09-24 13:46:57,53.51,3821,53.54,D
sh688777,中控技术,2025-09-24 13:47:03,53.55,33520,53.55,U
sh688777,中控技术,2025-09-24 13:47:06,53.52,9094,53.55,E
sh688777,中控技术,2025-09-24 13:47:12,53.55,4728,53.55,U
