symbol,name,ticktime,price,volume,prev_price,kind
sz000983,山西焦煤,2025-10-21 09:25:00,7.48,1965900,0.0,D
sz000983,山西焦煤,2025-10-21 09:30:00,7.44,1561500,7.48,D
sz000983,山西焦煤,2025-10-21 09:30:03,7.43,1567608,7.44,E
sz000983,山西焦煤,2025-10-21 09:30:06,7.43,667300,7.43,D
sz000983,山西焦煤,2025-10-21 09:30:09,7.42,875092,7.43,D
sz000983,山西焦煤,2025-10-21 09:30:12,7.41,524008,7.42,D
sz000983,山西焦煤,2025-10-21 09:30:15,7.42,214300,7.41,E
sz000983,山西焦煤,2025-10-21 09:30:18,7.4,169900,7.42,D
sz000983,山西焦煤,2025-10-21 09:30:21,7.43,928100,7.4,U
sz000983,山西焦煤,2025-10-21 09:30:24,7.42,443100,7.43,D
sz000983,山西焦煤,2025-10-21 09:30:27,7.42,375400,7.42,U
sz000983,山西焦煤,2025-10-21 09:30:30,7.42,121400,7.42,U
sz000983,山西焦煤,2025-10-21 09:30:33,7.42,107100,7.42,D
sz000983,山西焦煤,2025-10-21 09:30:36,7.43,279400,7.42,U
sz000983,山西焦煤,2025-10-21 09:30:39,7.43,67600,7.43,D
sz000983,山西焦煤,2025-10-21 09:30:42,7.43,117500,7.43,D
sz000983,山西焦煤,2025-10-21 09:30:45,7.43,190500,7.43,D
sz000983,山西焦煤,2025-10-21 09:30:48,7.42,1377300,7.43,D
sz000983,山西焦煤,2025-10-21 09:30:51,7.42,421300,7.42,U
sz000983,山西焦煤,2025-10-21 09:30:54,7.41,263000,7.42,D
sz000983,山西焦煤,2025-10-21 09:30:57,7.41,201900,7.41,U
sz000983,山西焦煤,2025-10-21 09:31:00,7.41,215600,7.41,D
sz000983,山西焦煤,2025-10-21 09:31:03,7.4,453500,7.41,D
sz000983,山西焦煤,2025-10-21 09:31:06,7.38,673100,7.4,D
sz000983,山西焦煤,2025-10-21 09:31:09,7.39,192400,7.38,U
sz000983,山西焦煤,2025-10-21 09:31:12,7.39,288300,7.39,U
sz000983,山西焦煤,2025-10-21 09:31:15,7.39,211700,7.39,U
sz000983,山西焦煤,2025-10-21 09:31:18,7.41,277400,7.39,U
sz000983,山西焦煤,2025-10-21 09:31:21,7.38,140100,7.41,D
sz000983,山西焦煤,2025-10-21 09:31:24,7.4,125600,7.38,U
sz000983,山西焦煤,2025-10-21 09:31:27,7.4,48500,7.4,U
sz000983,山西焦煤,2025-10-21 09:31:30,7.39,127500,7.4,D
sz000983,山西焦煤,2025-10-21 09:31:33,7.39,100400,7.39,D
sz000983,山西焦煤,2025-10-21 09:31:36,7.4,221300,7.39,U
sz000983,山西焦煤,2025-10-21 09:31:39,7.41,64500,7.4,U
sz000983,山西焦煤,2025-10-21 09:31:42,7.4,131600,7.41,D
sz000983,山西焦煤,2025-10-21 09:31:45,7.41,89900,7.4,E
sz000983,山西焦煤,2025-10-21 09:31:48,7.42,346800,7.41,U
sz000983,山西焦煤,2025-10-21 09:31:51,7.42,106500,7.42,D
sz000983,山西焦煤,2025-10-21 09:31:54,7.42,59300,7.42,U
sz000983,山西焦煤,2025-10-21 09:31:57,7.42,246900,7.42,U
sz000983,山西焦煤,2025-10-21 09:32:00,7.42,155400,7.42,D
sz000983,山西焦煤,2025-10-21 09:32:03,7.42,138100,7.42,D
sz000983,山西焦煤,2025-10-21 09:32:06,7.43,240600,7.42,U
sz000983,山西焦煤,2025-10-21 09:32:09,7.44,127000,7.43,U
sz000983,山西焦煤,2025-10-21 09:32:12,7.46,357300,7.44,U
sz000983,山西焦煤,2025-10-21 09:32:15,7.46,57400,7.46,D
sz000983,山西焦煤,2025-10-21 09:32:18,7.47,96500,7.46,U
sz000983,山西焦煤,2025-10-21 09:32:21,7.46,88900,7.47,D
sz000983,山西焦煤,2025-10-21 09:32:24,7.46,93500,7.46,U
sz000983,山西焦煤,2025-10-21 09:32:27,7.45,213100,7.46,D
sz000983,山西焦煤,2025-10-21 09:32:30,7.46,29000,7.45,U
sz000983,山西焦煤,2025-10-21 09:32:33,7.45,72000,7.46,D
sz000983,山西焦煤,2025-10-21 09:32:36,7.44,333500,7.45,D
sz000983,山西焦煤,2025-10-21 09:32:39,7.45,84300,7.44,U
sz000983,山西焦煤,2025-10-21 09:32:42,7.45,54200,7.45,U
sz000983,山西焦煤,2025-10-21 09:32:45,7.44,32900,7.45,D
sz000983,山西焦煤,2025-10-21 09:32:48,7.45,64400,7.44,U
sz000983,山西焦煤,2025-10-21 09:32:51,7.44,202300,7.45,D
sz000983,山西焦煤,2025-10-21 09:32:54,7.44,65100,7.44,U
sz000983,山西焦煤,2025-10-21 09:32:57,7.44,27900,7.44,U
sz000983,山西焦煤,2025-10-21 09:33:00,7.44,77700,7.44,U
sz000983,山西焦煤,2025-10-21 09:33:03,7.43,82300,7.44,D
sz000983,山西焦煤,2025-10-21 09:33:06,7.44,121300,7.43,U
sz000983,山西焦煤,2025-10-21 09:33:09,7.43,238800,7.44,D
sz000983,山西焦煤,2025-10-21 09:33:12,7.43,314600,7.43,D
sz000983,山西焦煤,2025-10-21 09:33:15,7.44,102600,7.43,U
sz000983,山西焦煤,2025-10-21 09:33:18,7.45,104500,7.44,U
sz000983,山西焦煤,2025-10-21 09:33:21,7.44,23400,7.45,D
sz000983,山西焦煤,2025-10-21 09:33:24,7.45,42800,7.44,U
sz000983,山西焦煤,2025-10-21 09:33:27,7.44,86200,7.45,D
sz000983,山西焦煤,2025-10-21 09:33:30,7.45,58500,7.44,U
sz000983,山西焦煤,2025-10-21 09:33:33,7.45,36300,7.45,U
sz000983,山西焦煤,2025-10-21 09:33:36,7.45,28300,7.45,U
sz000983,山西焦煤,2025-10-21 09:33:39,7.44,127500,7.45,D
sz000983,山西焦煤,2025-10-21 09:33:42,7.44,104000,7.44,U
sz000983,山西焦煤,2025-10-21 09:33:51,7.44,29700,7.44,U
sz000983,山西焦煤,2025-10-21 09:33:54,7.44,53800,7.44,U
sz000983,山西焦煤,2025-10-21 09:33:57,7.44,119900,7.44,U
sz000983,山西焦煤,2025-10-21 09:34:00,7.43,97100,7.44,D
sz000983,山西焦煤,2025-10-21 09:34:03,7.44,64700,7.43,U
sz000983,山西焦煤,2025-10-21 09:34:06,7.44,38400,7.44,U
sz000983,山西焦煤,2025-10-21 09:34:09,7.44,103100,7.44,U
sz000983,山西焦煤,2025-10-21 09:34:12,7.43,72800,7.44,D
sz000983,山西焦煤,2025-10-21 09:34:15,7.43,122400,7.43,D
sz000983,山西焦煤,2025-10-21 09:34:18,7.44,87000,7.43,U
sz000983,山西焦煤,2025-10-21 09:34:21,7.44,36900,7.44,D
sz000983,山西焦煤,2025-10-21 09:34:24,7.44,141900,7.44,D
sz000983,山西焦煤,2025-10-21 09:34:27,7.44,20000,7.44,U
sz000983,山西焦煤,2025-10-21 09:34:30,7.44,67300,7.44,U
sz000983,山西焦煤,2025-10-21 09:34:33,7.44,133900,7.44,U
sz000983,山西焦煤,2025-10-21 09:34:36,7.44,189900,7.44,D
sz000983,山西焦煤,2025-10-21 09:34:42,7.43,41700,7.44,D
sz000983,山西焦煤,2025-10-21 09:34:45,7.43,91700,7.43,D
sz000983,山西焦煤,2025-10-21 09:34:51,7.43,252100,7.44,D
sz000983,山西焦煤,2025-10-21 09:34:57,7.42,584600,7.43,D
sz000983,山西焦煤,2025-10-21 09:35:00,7.41,118100,7.42,D
sz000983,山西焦煤,2025-10-21 09:35:03,7.41,77600,7.41,D
sz000983,山西焦煤,2025-10-21 09:35:06,7.42,175600,7.41,U
sz000983,山西焦煤,2025-10-21 09:35:09,7.42,94200,7.42,U
sz000983,山西焦煤,2025-10-21 09:35:12,7.42,53700,7.42,U
sz000983,山西焦煤,2025-10-21 09:35:15,7.41,461000,7.42,D
sz000983,山西焦煤,2025-10-21 09:35:18,7.4,311100,7.41,D
sz000983,山西焦煤,2025-10-21 09:35:21,7.41,52400,7.4,U
sz000983,山西焦煤,2025-10-21 09:35:24,7.41,146300,7.41,U
sz000983,山西焦煤,2025-10-21 09:35:27,7.4,84500,7.41,D
sz000983,山西焦煤,2025-10-21 09:35:30,7.4,80800,7.4,D
sz000983,山西焦煤,2025-10-21 09:35:33,7.4,57400,7.4,D
sz000983,山西焦煤,2025-10-21 09:35:36,7.4,88400,7.4,D
sz000983,山西焦煤,2025-10-21 09:35:39,7.4,108200,7.4,D
sz000983,山西焦煤,2025-10-21 09:35:42,7.4,413600,7.4,D
sz000983,山西焦煤,2025-10-21 09:35:45,7.39,163800,7.4,D
sz000983,山西焦煤,2025-10-21 09:35:48,7.4,41200,7.39,U
sz000983,山西焦煤,2025-10-21 09:35:51,7.39,49400,7.4,D
sz000983,山西焦煤,2025-10-21 09:35:54,7.4,103000,7.39,U
sz000983,山西焦煤,2025-10-21 09:35:57,7.39,712500,7.4,D
sz000983,山西焦煤,2025-10-21 09:36:00,7.39,89500,7.39,U
sz000983,山西焦煤,2025-10-21 09:36:03,7.38,199900,7.39,D
sz000983,山西焦煤,2025-10-21 09:36:06,7.39,103100,7.38,U
sz000983,山西焦煤,2025-10-21 09:36:09,7.4,78700,7.39,U
sz000983,山西焦煤,2025-10-21 09:36:12,7.4,72900,7.4,U
sz000983,山西焦煤,2025-10-21 09:36:15,7.4,24900,7.4,U
sz000983,山西焦煤,2025-10-21 09:36:18,7.4,158061,7.4,U
sz000983,山西焦煤,2025-10-21 09:36:21,7.4,24100,7.4,D
sz000983,山西焦煤,2025-10-21 09:36:24,7.4,81600,7.4,D
sz000983,山西焦煤,2025-10-21 09:36:30,7.41,74900,7.4,U
sz000983,山西焦煤,2025-10-21 09:36:33,7.41,31400,7.41,U
sz000983,山西焦煤,2025-10-21 09:36:36,7.41,117800,7.41,U
sz000983,山西焦煤,2025-10-21 09:36:42,7.42,152600,7.41,U
sz000983,山西焦煤,2025-10-21 09:36:45,7.42,26600,7.42,U
sz000983,山西焦煤,2025-10-21 09:36:48,7.41,27900,7.42,D
sz000983,山西焦煤,2025-10-21 09:36:51,7.42,24800,7.41,U
sz000983,山西焦煤,2025-10-21 09:36:54,7.42,94400,7.42,U
sz000983,山西焦煤,2025-10-21 09:36:57,7.43,152200,7.42,U
sz000983,山西焦煤,2025-10-21 09:37:00,7.43,21700,7.43,U
sz000983,山西焦煤,2025-10-21 09:37:06,7.41,38500,7.43,D
sz000983,山西焦煤,2025-10-21 09:37:09,7.41,118900,7.41,D
sz000983,山西焦煤,2025-10-21 09:37:12,7.41,97100,7.41,U
sz000983,山西焦煤,2025-10-21 09:37:15,7.41,76000,7.41,U
sz000983,山西焦煤,2025-10-21 09:37:18,7.42,104100,7.41,U
sz000983,山西焦煤,2025-10-21 09:37:21,7.42,26700,7.42,U
sz000983,山西焦煤,2025-10-21 09:37:24,7.42,86600,7.42,U
sz000983,山西焦煤,2025-10-21 09:37:27,7.42,82300,7.42,D
sz000983,山西焦煤,2025-10-21 09:37:30,7.42,59300,7.42,U
sz000983,山西焦煤,2025-10-21 09:37:33,7.43,41200,7.42,U
sz000983,山西焦煤,2025-10-21 09:37:36,7.42,22900,7.43,D
sz000983,山西焦煤,2025-10-21 09:37:45,7.42,27584,7.42,D
sz000983,山西焦煤,2025-10-21 09:37:48,7.42,28900,7.42,D
sz000983,山西焦煤,2025-10-21 09:37:51,7.42,51800,7.42,D
sz000983,山西焦煤,2025-10-21 09:37:54,7.42,37316,7.42,D
sz000983,山西焦煤,2025-10-21 09:37:57,7.42,24500,7.42,U
sz000983,山西焦煤,2025-10-21 09:38:06,7.41,42600,7.42,D
sz000983,山西焦煤,2025-10-21 09:38:09,7.41,103200,7.41,D
sz000983,山西焦煤,2025-10-21 09:38:12,7.41,54800,7.41,D
sz000983,山西焦煤,2025-10-21 09:38:15,7.41,49300,7.41,D
sz000983,山西焦煤,2025-10-21 09:38:18,7.41,81400,7.41,D
sz000983,山西焦煤,2025-10-21 09:38:21,7.41,34400,7.41,D
sz000983,山西焦煤,2025-10-21 09:38:24,7.41,78700,7.41,D
sz000983,山西焦煤,2025-10-21 09:38:27,7.4,251400,7.41,D
sz000983,山西焦煤,2025-10-21 09:38:30,7.41,28700,7.4,U
sz000983,山西焦煤,2025-10-21 09:38:33,7.41,25200,7.41,U
sz000983,山西焦煤,2025-10-21 09:38:36,7.41,26900,7.41,U
sz000983,山西焦煤,2025-10-21 09:38:39,7.41,193300,7.41,U
sz000983,山西焦煤,2025-10-21 09:38:42,7.41,27200,7.41,D
sz000983,山西焦煤,2025-10-21 09:38:48,7.41,95300,7.41,D
sz000983,山西焦煤,2025-10-21 09:38:51,7.42,47800,7.41,U
sz000983,山西焦煤,2025-10-21 09:38:54,7.41,31600,7.42,D
sz000983,山西焦煤,2025-10-21 09:39:00,7.41,42700,7.41,D
sz000983,山西焦煤,2025-10-21 09:39:03,7.41,26100,7.41,D
sz000983,山西焦煤,2025-10-21 09:39:06,7.41,106400,7.41,D
sz000983,山西焦煤,2025-10-21 09:39:09,7.41,45600,7.41,D
sz000983,山西焦煤,2025-10-21 09:39:12,7.41,78900,7.41,D
sz000983,山西焦煤,2025-10-21 09:39:15,7.4,46700,7.41,D
sz000983,山西焦煤,2025-10-21 09:39:21,7.4,110200,7.4,D
sz000983,山西焦煤,2025-10-21 09:39:24,7.4,40800,7.4,D
sz000983,山西焦煤,2025-10-21 09:39:27,7.4,123300,7.4,D
sz000983,山西焦煤,2025-10-21 09:39:30,7.4,35900,7.4,D
sz000983,山西焦煤,2025-10-21 09:39:33,7.41,23300,7.4,U
sz000983,山西焦煤,2025-10-21 09:39:36,7.4,71800,7.41,D
sz000983,山西焦煤,2025-10-21 09:39:39,7.41,35000,7.4,U
sz000983,山西焦煤,2025-10-21 09:39:42,7.41,48100,7.41,U
sz000983,山西焦煤,2025-10-21 09:39:45,7.41,56600,7.41,U
sz000983,山西焦煤,2025-10-21 09:39:48,7.41,63000,7.41,U
sz000983,山西焦煤,2025-10-21 09:39:51,7.4,129100,7.41,D
sz000983,山西焦煤,2025-10-21 09:39:54,7.4,70100,7.4,D
sz000983,山西焦煤,2025-10-21 09:39:57,7.4,20800,7.4,D
sz000983,山西焦煤,2025-10-21 09:40:00,7.41,103000,7.4,U
sz000983,山西焦煤,2025-10-21 09:40:03,7.41,125300,7.41,U
sz000983,山西焦煤,2025-10-21 09:40:06,7.41,105800,7.41,U
sz000983,山西焦煤,2025-10-21 09:40:09,7.41,25100,7.41,D
sz000983,山西焦煤,2025-10-21 09:40:12,7.41,52100,7.41,D
sz000983,山西焦煤,2025-10-21 09:40:15,7.41,41700,7.41,D
sz000983,山西焦煤,2025-10-21 09:40:21,7.41,23900,7.42,D
sz000983,山西焦煤,2025-10-21 09:40:24,7.41,41700,7.41,D
sz000983,山西焦煤,2025-10-21 09:40:30,7.42,23400,7.41,U
sz000983,山西焦煤,2025-10-21 09:40:33,7.41,35100,7.42,D
sz000983,山西焦煤,2025-10-21 09:40:36,7.41,53800,7.41,D
sz000983,山西焦煤,2025-10-21 09:40:48,7.41,271200,7.41,D
sz000983,山西焦煤,2025-10-21 09:40:51,7.41,84800,7.41,U
sz000983,山西焦煤,2025-10-21 09:40:54,7.41,180449,7.41,U
sz000983,山西焦煤,2025-10-21 09:40:57,7.41,21400,7.41,U
sz000983,山西焦煤,2025-10-21 09:41:09,7.41,126700,7.41,D
sz000983,山西焦煤,2025-10-21 09:41:18,7.41,167300,7.41,D
sz000983,山西焦煤,2025-10-21 09:41:21,7.43,169784,7.41,U
sz000983,山西焦煤,2025-10-21 09:41:24,7.43,60300,7.43,U
sz000983,山西焦煤,2025-10-21 09:41:27,7.42,109400,7.43,D
sz000983,山西焦煤,2025-10-21 09:41:30,7.44,54400,7.42,U
sz000983,山西焦煤,2025-10-21 09:41:33,7.44,72800,7.44,U
sz000983,山西焦煤,2025-10-21 09:41:36,7.44,87400,7.44,U
sz000983,山西焦煤,2025-10-21 09:41:39,7.44,23300,7.44,D
sz000983,山西焦煤,2025-10-21 09:41:42,7.45,26300,7.44,U
sz000983,山西焦煤,2025-10-21 09:41:51,7.45,21100,7.45,U
sz000983,山西焦煤,2025-10-21 09:41:57,7.45,31400,7.45,U
sz000983,山西焦煤,2025-10-21 09:42:06,7.45,43300,7.44,U
sz000983,山西焦煤,2025-10-21 09:42:09,7.44,32600,7.45,D
sz000983,山西焦煤,2025-10-21 09:42:12,7.45,57000,7.44,U
sz000983,山西焦煤,2025-10-21 09:42:15,7.44,52000,7.45,D
sz000983,山西焦煤,2025-10-21 09:42:18,7.45,47000,7.44,U
sz000983,山西焦煤,2025-10-21 09:42:27,7.44,36100,7.44,U
sz000983,山西焦煤,2025-10-21 09:42:30,7.44,34100,7.44,U
sz000983,山西焦煤,2025-10-21 09:42:33,7.43,24800,7.44,D
sz000983,山西焦煤,2025-10-21 09:42:36,7.44,41400,7.43,U
sz000983,山西焦煤,2025-10-21 09:42:54,7.43,28700,7.43,D
sz000983,山西焦煤,2025-10-21 09:42:57,7.44,305300,7.43,U
sz000983,山西焦煤,2025-10-21 09:43:03,7.44,27500,7.44,D
sz000983,山西焦煤,2025-10-21 09:43:12,7.44,29100,7.44,U
sz000983,山西焦煤,2025-10-21 09:43:15,7.44,33300,7.44,D
sz000983,山西焦煤,2025-10-21 09:43:18,7.45,54600,7.44,U
sz000983,山西焦煤,2025-10-21 09:43:24,7.44,50400,7.44,D
sz000983,山西焦煤,2025-10-21 09:43:27,7.44,20200,7.44,D
sz000983,山西焦煤,2025-10-21 09:43:33,7.44,39100,7.44,U
sz000983,山西焦煤,2025-10-21 09:43:39,7.44,29500,7.44,U
sz000983,山西焦煤,2025-10-21 09:43:42,7.44,59800,7.44,U
sz000983,山西焦煤,2025-10-21 09:43:54,7.43,40800,7.44,D
sz000983,山西焦煤,2025-10-21 09:43:57,7.44,34200,7.43,U
sz000983,山西焦煤,2025-10-21 09:44:00,7.44,38300,7.44,U
sz000983,山西焦煤,2025-10-21 09:44:03,7.43,38400,7.44,D
sz000983,山西焦煤,2025-10-21 09:44:06,7.43,24700,7.43,D
sz000983,山西焦煤,2025-10-21 09:44:09,7.44,33100,7.43,U
sz000983,山西焦煤,2025-10-21 09:44:12,7.42,199700,7.44,D
sz000983,山西焦煤,2025-10-21 09:44:18,7.42,49500,7.42,D
sz000983,山西焦煤,2025-10-21 09:44:21,7.43,314300,7.42,U
sz000983,山西焦煤,2025-10-21 09:44:27,7.43,49600,7.43,D
sz000983,山西焦煤,2025-10-21 09:44:30,7.43,25900,7.43,U
sz000983,山西焦煤,2025-10-21 09:44:33,7.43,23600,7.43,U
sz000983,山西焦煤,2025-10-21 09:44:39,7.43,66900,7.43,D
sz000983,山西焦煤,2025-10-21 09:44:42,7.43,21200,7.43,U
sz000983,山西焦煤,2025-10-21 09:44:54,7.43,20500,7.43,U
sz000983,山西焦煤,2025-10-21 09:45:06,7.43,144300,7.43,U
sz000983,山西焦煤,2025-10-21 09:45:09,7.43,59600,7.43,D
sz000983,山西焦煤,2025-10-21 09:45:12,7.43,24900,7.43,D
sz000983,山西焦煤,2025-10-21 09:45:18,7.44,47900,7.43,U
sz000983,山西焦煤,2025-10-21 09:45:21,7.44,25400,7.44,U
sz000983,山西焦煤,2025-10-21 09:45:30,7.43,171100,7.43,D
sz000983,山西焦煤,2025-10-21 09:45:33,7.43,21800,7.43,D
sz000983,山西焦煤,2025-10-21 09:45:36,7.43,45700,7.43,D
sz000983,山西焦煤,2025-10-21 09:45:42,7.42,93100,7.42,D
sz000983,山西焦煤,2025-10-21 09:45:45,7.42,40000,7.42,D
sz000983,山西焦煤,2025-10-21 09:45:51,7.42,104216,7.42,D
sz000983,山西焦煤,2025-10-21 09:45:54,7.42,51300,7.42,U
sz000983,山西焦煤,2025-10-21 09:46:03,7.42,25100,7.42,D
sz000983,山西焦煤,2025-10-21 09:46:06,7.42,61000,7.42,D
sz000983,山西焦煤,2025-10-21 09:46:09,7.41,35900,7.42,D
sz000983,山西焦煤,2025-10-21 09:46:12,7.41,34800,7.41,D
sz000983,山西焦煤,2025-10-21 09:46:15,7.41,43500,7.41,D
sz000983,山西焦煤,2025-10-21 09:46:18,7.42,29800,7.41,U
sz000983,山西焦煤,2025-10-21 09:46:27,7.41,78700,7.42,D
sz000983,山西焦煤,2025-10-21 09:46:30,7.41,25300,7.41,D
sz000983,山西焦煤,2025-10-21 09:46:33,7.41,42600,7.41,D
sz000983,山西焦煤,2025-10-21 09:46:45,7.41,164900,7.42,D
sz000983,山西焦煤,2025-10-21 09:46:57,7.41,351500,7.41,D
sz000983,山西焦煤,2025-10-21 09:47:03,7.4,38200,7.41,D
sz000983,山西焦煤,2025-10-21 09:47:06,7.4,68300,7.4,D
sz000983,山西焦煤,2025-10-21 09:47:15,7.41,50100,7.4,U
sz000983,山西焦煤,2025-10-21 09:47:18,7.41,68000,7.41,U
sz000983,山西焦煤,2025-10-21 09:47:21,7.4,1312051,7.41,D
sz000983,山西焦煤,2025-10-21 09:47:24,7.4,137500,7.4,U
sz000983,山西焦煤,2025-10-21 09:47:27,7.4,35900,7.4,U
sz000983,山西焦煤,2025-10-21 09:47:30,7.39,24800,7.4,D
sz000983,山西焦煤,2025-10-21 09:47:33,7.39,33600,7.39,D
sz000983,山西焦煤,2025-10-21 09:47:36,7.39,131300,7.39,D
sz000983,山西焦煤,2025-10-21 09:47:39,7.4,261400,7.39,U
sz000983,山西焦煤,2025-10-21 09:47:42,7.39,288200,7.4,D
sz000983,山西焦煤,2025-10-21 09:47:45,7.39,146600,7.39,D
sz000983,山西焦煤,2025-10-21 09:47:48,7.39,71300,7.39,U
sz000983,山西焦煤,2025-10-21 09:47:51,7.39,64000,7.39,U
sz000983,山西焦煤,2025-10-21 09:47:54,7.39,301080,7.39,U
sz000983,山西焦煤,2025-10-21 09:47:57,7.4,57100,7.39,U
sz000983,山西焦煤,2025-10-21 09:48:03,7.39,181800,7.39,D
sz000983,山西焦煤,2025-10-21 09:48:06,7.39,26800,7.39,D
sz000983,山西焦煤,2025-10-21 09:48:09,7.4,103000,7.39,U
sz000983,山西焦煤,2025-10-21 09:48:12,7.4,821800,7.4,U
sz000983,山西焦煤,2025-10-21 09:48:15,7.4,106700,7.4,D
sz000983,山西焦煤,2025-10-21 09:48:18,7.4,150784,7.4,U
sz000983,山西焦煤,2025-10-21 09:48:27,7.39,40600,7.4,D
sz000983,山西焦煤,2025-10-21 09:48:33,7.4,30600,7.4,U
sz000983,山西焦煤,2025-10-21 09:48:39,7.39,72800,7.4,D
sz000983,山西焦煤,2025-10-21 09:48:48,7.39,139000,7.4,D
sz000983,山西焦煤,2025-10-21 09:48:54,7.39,22600,7.39,D
sz000983,山西焦煤,2025-10-21 09:48:57,7.4,47700,7.39,U
sz000983,山西焦煤,2025-10-21 09:49:00,7.4,50200,7.4,U
sz000983,山西焦煤,2025-10-21 09:49:03,7.4,31400,7.4,U
sz000983,山西焦煤,2025-10-21 09:49:06,7.39,27100,7.4,D
sz000983,山西焦煤,2025-10-21 09:49:15,7.4,54500,7.39,U
sz000983,山西焦煤,2025-10-21 09:49:18,7.39,22200,7.4,D
sz000983,山西焦煤,2025-10-21 09:49:24,7.39,25300,7.39,D
sz000983,山西焦煤,2025-10-21 09:49:27,7.39,88000,7.39,D
sz000983,山西焦煤,2025-10-21 09:49:30,7.39,66600,7.39,D
sz000983,山西焦煤,2025-10-21 09:49:33,7.39,52800,7.39,D
sz000983,山西焦煤,2025-10-21 09:49:36,7.39,425800,7.39,D
sz000983,山西焦煤,2025-10-21 09:49:39,7.39,207616,7.39,D
sz000983,山西焦煤,2025-10-21 09:49:42,7.39,106500,7.39,U
sz000983,山西焦煤,2025-10-21 09:49:51,7.38,28800,7.39,D
sz000983,山西焦煤,2025-10-21 09:49:54,7.39,116700,7.38,U
sz000983,山西焦煤,2025-10-21 09:49:57,7.39,50284,7.39,U
sz000983,山西焦煤,2025-10-21 09:50:03,7.39,25700,7.39,D
sz000983,山西焦煤,2025-10-21 09:50:06,7.39,36400,7.39,D
sz000983,山西焦煤,2025-10-21 09:50:09,7.39,50200,7.39,D
sz000983,山西焦煤,2025-10-21 09:50:15,7.39,60700,7.39,D
sz000983,山西焦煤,2025-10-21 09:50:18,7.39,66300,7.39,D
sz000983,山西焦煤,2025-10-21 09:50:21,7.39,143816,7.39,D
sz000983,山西焦煤,2025-10-21 09:50:27,7.39,189184,7.38,U
sz000983,山西焦煤,2025-10-21 09:50:33,7.39,36400,7.39,D
sz000983,山西焦煤,2025-10-21 09:50:36,7.39,22800,7.39,D
sz000983,山西焦煤,2025-10-21 09:50:45,7.4,28500,7.39,U
sz000983,山西焦煤,2025-10-21 09:50:54,7.39,96800,7.39,D
sz000983,山西焦煤,2025-10-21 09:50:57,7.39,28000,7.39,D
sz000983,山西焦煤,2025-10-21 09:51:00,7.39,28300,7.39,D
sz000983,山西焦煤,2025-10-21 09:51:03,7.39,31800,7.39,D
sz000983,山西焦煤,2025-10-21 09:51:06,7.39,77800,7.39,D
sz000983,山西焦煤,2025-10-21 09:51:09,7.39,333900,7.39,D
sz000983,山西焦煤,2025-10-21 09:51:12,7.4,38000,7.39,U
sz000983,山西焦煤,2025-10-21 09:51:15,7.39,26100,7.4,D
sz000983,山西焦煤,2025-10-21 09:51:18,7.4,97500,7.39,U
sz000983,山西焦煤,2025-10-21 09:51:21,7.4,53000,7.4,U
sz000983,山西焦煤,2025-10-21 09:51:24,7.4,34500,7.4,U
sz000983,山西焦煤,2025-10-21 09:51:30,7.39,34800,7.39,D
sz000983,山西焦煤,2025-10-21 09:51:33,7.4,36900,7.39,U
sz000983,山西焦煤,2025-10-21 09:51:39,7.39,40100,7.39,D
sz000983,山西焦煤,2025-10-21 09:51:42,7.39,39400,7.39,D
sz000983,山西焦煤,2025-10-21 09:51:48,7.39,21500,7.39,D
sz000983,山西焦煤,2025-10-21 09:51:57,7.4,71100,7.39,U
sz000983,山西焦煤,2025-10-21 09:52:03,7.4,69800,7.4,U
sz000983,山西焦煤,2025-10-21 09:52:06,7.41,786600,7.4,U
sz000983,山西焦煤,2025-10-21 09:52:09,7.4,28100,7.41,D
sz000983,山西焦煤,2025-10-21 09:52:15,7.41,119400,7.4,U
sz000983,山西焦煤,2025-10-21 09:52:18,7.41,76900,7.41,U
sz000983,山西焦煤,2025-10-21 09:52:27,7.41,28300,7.41,U
sz000983,山西焦煤,2025-10-21 09:52:30,7.41,83000,7.41,U
sz000983,山西焦煤,2025-10-21 09:52:33,7.41,32800,7.41,U
sz000983,山西焦煤,2025-10-21 09:52:54,7.41,21200,7.41,U
sz000983,山西焦煤,2025-10-21 09:52:57,7.41,50500,7.41,U
sz000983,山西焦煤,2025-10-21 09:53:06,7.41,21600,7.41,U
sz000983,山西焦煤,2025-10-21 09:53:15,7.4,25400,7.4,D
sz000983,山西焦煤,2025-10-21 09:53:18,7.41,110600,7.4,U
sz000983,山西焦煤,2025-10-21 09:53:21,7.42,32400,7.41,U
sz000983,山西焦煤,2025-10-21 09:53:24,7.41,39900,7.42,D
sz000983,山西焦煤,2025-10-21 09:53:27,7.41,39000,7.41,D
sz000983,山西焦煤,2025-10-21 09:53:30,7.41,90600,7.41,D
sz000983,山西焦煤,2025-10-21 09:53:33,7.41,63300,7.41,U
sz000983,山西焦煤,2025-10-21 09:53:45,7.41,30000,7.41,U
sz000983,山西焦煤,2025-10-21 09:53:57,7.41,30200,7.41,U
sz000983,山西焦煤,2025-10-21 09:54:00,7.4,33400,7.41,D
sz000983,山西焦煤,2025-10-21 09:54:06,7.4,46700,7.41,D
sz000983,山西焦煤,2025-10-21 09:54:15,7.41,33900,7.4,U
sz000983,山西焦煤,2025-10-21 09:54:30,7.41,22900,7.4,U
sz000983,山西焦煤,2025-10-21 09:54:48,7.41,24300,7.41,U
sz000983,山西焦煤,2025-10-21 09:54:51,7.41,47500,7.41,U
sz000983,山西焦煤,2025-10-21 09:54:54,7.4,55900,7.41,D
sz000983,山西焦煤,2025-10-21 09:55:00,7.41,99000,7.4,U
sz000983,山西焦煤,2025-10-21 09:55:03,7.41,55200,7.41,U
sz000983,山西焦煤,2025-10-21 09:55:09,7.42,57300,7.41,U
sz000983,山西焦煤,2025-10-21 09:55:24,7.41,89000,7.41,D
sz000983,山西焦煤,2025-10-21 09:55:27,7.42,71100,7.41,U
sz000983,山西焦煤,2025-10-21 09:55:30,7.42,47800,7.42,U
sz000983,山西焦煤,2025-10-21 09:55:33,7.42,34000,7.42,U
sz000983,山西焦煤,2025-10-21 09:55:42,7.42,24429,7.41,U
sz000983,山西焦煤,2025-10-21 09:55:54,7.42,66300,7.42,D
sz000983,山西焦煤,2025-10-21 09:55:57,7.43,20500,7.42,U
sz000983,山西焦煤,2025-10-21 09:56:03,7.43,38600,7.43,U
sz000983,山西焦煤,2025-10-21 09:56:09,7.43,38900,7.42,U
sz000983,山西焦煤,2025-10-21 09:56:12,7.43,46200,7.43,U
sz000983,山西焦煤,2025-10-21 09:56:15,7.43,40500,7.43,U
sz000983,山西焦煤,2025-10-21 09:56:18,7.43,29700,7.43,U
sz000983,山西焦煤,2025-10-21 09:56:24,7.43,38200,7.43,U
sz000983,山西焦煤,2025-10-21 09:56:27,7.42,47200,7.43,D
sz000983,山西焦煤,2025-10-21 09:56:30,7.43,75700,7.42,U
sz000983,山西焦煤,2025-10-21 09:56:45,7.43,115300,7.43,D
sz000983,山西焦煤,2025-10-21 09:56:51,7.43,50100,7.43,U
sz000983,山西焦煤,2025-10-21 09:56:54,7.43,103100,7.43,U
sz000983,山西焦煤,2025-10-21 09:57:06,7.43,85200,7.43,D
sz000983,山西焦煤,2025-10-21 09:57:33,7.42,23800,7.42,D
sz000983,山西焦煤,2025-10-21 09:57:51,7.42,36800,7.42,D
sz000983,山西焦煤,2025-10-21 09:57:57,7.42,36900,7.42,D
sz000983,山西焦煤,2025-10-21 09:58:00,7.42,303800,7.42,D
sz000983,山西焦煤,2025-10-21 09:58:03,7.41,39600,7.42,D
sz000983,山西焦煤,2025-10-21 09:58:06,7.42,26200,7.41,U
sz000983,山西焦煤,2025-10-21 09:58:12,7.41,47800,7.41,D
sz000983,山西焦煤,2025-10-21 09:58:33,7.42,250500,7.41,U
sz000983,山西焦煤,2025-10-21 09:58:36,7.43,460800,7.42,U
sz000983,山西焦煤,2025-10-21 09:58:39,7.43,44000,7.43,D
sz000983,山西焦煤,2025-10-21 09:58:42,7.43,37800,7.43,D
sz000983,山西焦煤,2025-10-21 09:58:48,7.43,143200,7.43,D
sz000983,山西焦煤,2025-10-21 09:58:54,7.43,44300,7.43,D
sz000983,山西焦煤,2025-10-21 09:59:00,7.43,28500,7.44,D
sz000983,山西焦煤,2025-10-21 09:59:03,7.43,90800,7.43,D
sz000983,山西焦煤,2025-10-21 09:59:12,7.42,72600,7.43,D
sz000983,山西焦煤,2025-10-21 09:59:15,7.43,55700,7.42,E
sz000983,山西焦煤,2025-10-21 09:59:27,7.43,55100,7.43,D
sz000983,山西焦煤,2025-10-21 09:59:33,7.42,77300,7.43,D
sz000983,山西焦煤,2025-10-21 09:59:42,7.42,24300,7.42,D
sz000983,山西焦煤,2025-10-21 10:00:03,7.42,44300,7.43,D
sz000983,山西焦煤,2025-10-21 10:00:09,7.41,41900,7.43,D
sz000983,山西焦煤,2025-10-21 10:00:12,7.42,24200,7.41,U
sz000983,山西焦煤,2025-10-21 10:00:18,7.42,39300,7.42,D
sz000983,山西焦煤,2025-10-21 10:00:27,7.42,34100,7.41,U
sz000983,山西焦煤,2025-10-21 10:00:30,7.42,24500,7.42,U
sz000983,山西焦煤,2025-10-21 10:00:33,7.42,56700,7.42,U
sz000983,山西焦煤,2025-10-21 10:00:36,7.41,42500,7.42,D
sz000983,山西焦煤,2025-10-21 10:00:39,7.42,36800,7.41,U
sz000983,山西焦煤,2025-10-21 10:00:45,7.41,39100,7.41,D
sz000983,山西焦煤,2025-10-21 10:00:48,7.42,84900,7.41,U
sz000983,山西焦煤,2025-10-21 10:01:00,7.42,20800,7.42,U
sz000983,山西焦煤,2025-10-21 10:01:06,7.42,25100,7.41,U
sz000983,山西焦煤,2025-10-21 10:01:15,7.41,24000,7.41,D
sz000983,山西焦煤,2025-10-21 10:01:21,7.41,22600,7.41,D
sz000983,山西焦煤,2025-10-21 10:01:24,7.41,33000,7.41,D
sz000983,山西焦煤,2025-10-21 10:01:48,7.41,22300,7.41,D
sz000983,山西焦煤,2025-10-21 10:01:51,7.42,32100,7.41,U
sz000983,山西焦煤,2025-10-21 10:02:03,7.42,21600,7.41,U
sz000983,山西焦煤,2025-10-21 10:02:06,7.41,322600,7.42,D
sz000983,山西焦煤,2025-10-21 10:02:12,7.41,27000,7.42,D
sz000983,山西焦煤,2025-10-21 10:02:15,7.42,62800,7.41,U
sz000983,山西焦煤,2025-10-21 10:02:18,7.42,56200,7.42,U
sz000983,山西焦煤,2025-10-21 10:02:24,7.41,83100,7.42,D
sz000983,山西焦煤,2025-10-21 10:02:27,7.41,314100,7.41,D
sz000983,山西焦煤,2025-10-21 10:02:30,7.41,40200,7.41,U
sz000983,山西焦煤,2025-10-21 10:02:33,7.41,100600,7.41,U
sz000983,山西焦煤,2025-10-21 10:02:45,7.41,50700,7.41,D
sz000983,山西焦煤,2025-10-21 10:03:00,7.41,37000,7.41,D
sz000983,山西焦煤,2025-10-21 10:03:06,7.41,55600,7.41,D
sz000983,山西焦煤,2025-10-21 10:03:09,7.41,30900,7.41,U
sz000983,山西焦煤,2025-10-21 10:03:12,7.4,64200,7.41,D
sz000983,山西焦煤,2025-10-21 10:03:18,7.41,149900,7.4,U
sz000983,山西焦煤,2025-10-21 10:03:21,7.41,27700,7.41,D
sz000983,山西焦煤,2025-10-21 10:03:24,7.41,27100,7.41,D
sz000983,山西焦煤,2025-10-21 10:03:33,7.41,54600,7.41,D
sz000983,山西焦煤,2025-10-21 10:04:03,7.41,31000,7.41,D
sz000983,山西焦煤,2025-10-21 10:04:12,7.41,130200,7.41,D
sz000983,山西焦煤,2025-10-21 10:04:15,7.42,79200,7.41,U
sz000983,山西焦煤,2025-10-21 10:04:18,7.41,21900,7.42,D
sz000983,山西焦煤,2025-10-21 10:04:33,7.41,75400,7.41,D
sz000983,山西焦煤,2025-10-21 10:04:45,7.42,34100,7.41,U
sz000983,山西焦煤,2025-10-21 10:05:00,7.41,27000,7.41,D
sz000983,山西焦煤,2025-10-21 10:05:09,7.41,33700,7.41,D
sz000983,山西焦煤,2025-10-21 10:05:18,7.41,25000,7.41,D
sz000983,山西焦煤,2025-10-21 10:05:30,7.41,24500,7.41,U
sz000983,山西焦煤,2025-10-21 10:05:36,7.4,56700,7.4,D
sz000983,山西焦煤,2025-10-21 10:05:42,7.4,21200,7.4,D
sz000983,山西焦煤,2025-10-21 10:05:45,7.4,26800,7.4,D
sz000983,山西焦煤,2025-10-21 10:05:48,7.4,28800,7.4,D
sz000983,山西焦煤,2025-10-21 10:05:54,7.4,194900,7.4,D
sz000983,山西焦煤,2025-10-21 10:05:57,7.41,58500,7.4,U
sz000983,山西焦煤,2025-10-21 10:06:03,7.4,91500,7.4,D
sz000983,山西焦煤,2025-10-21 10:06:06,7.4,875300,7.4,D
sz000983,山西焦煤,2025-10-21 10:06:24,7.39,21800,7.4,D
sz000983,山西焦煤,2025-10-21 10:06:39,7.4,24500,7.39,U
sz000983,山西焦煤,2025-10-21 10:06:42,7.39,22000,7.4,D
sz000983,山西焦煤,2025-10-21 10:06:48,7.4,57300,7.4,U
sz000983,山西焦煤,2025-10-21 10:06:54,7.39,28500,7.39,D
sz000983,山西焦煤,2025-10-21 10:06:57,7.39,173200,7.39,D
sz000983,山西焦煤,2025-10-21 10:07:06,7.39,31600,7.4,D
sz000983,山西焦煤,2025-10-21 10:07:09,7.39,42400,7.39,D
sz000983,山西焦煤,2025-10-21 10:07:12,7.4,48100,7.39,U
sz000983,山西焦煤,2025-10-21 10:07:15,7.39,275200,7.4,D
sz000983,山西焦煤,2025-10-21 10:07:18,7.39,772616,7.39,D
sz000983,山西焦煤,2025-10-21 10:07:21,7.39,26800,7.39,U
sz000983,山西焦煤,2025-10-21 10:07:30,7.38,29600,7.38,D
sz000983,山西焦煤,2025-10-21 10:07:33,7.38,48000,7.38,D
sz000983,山西焦煤,2025-10-21 10:07:39,7.38,32200,7.38,D
sz000983,山西焦煤,2025-10-21 10:07:42,7.39,51600,7.38,U
sz000983,山西焦煤,2025-10-21 10:07:48,7.38,100000,7.38,D
sz000983,山西焦煤,2025-10-21 10:07:54,7.39,85200,7.38,U
sz000983,山西焦煤,2025-10-21 10:07:57,7.39,63000,7.39,U
sz000983,山西焦煤,2025-10-21 10:08:00,7.39,46500,7.39,U
sz000983,山西焦煤,2025-10-21 10:08:03,7.38,85300,7.39,D
sz000983,山西焦煤,2025-10-21 10:08:06,7.38,360400,7.38,D
sz000983,山西焦煤,2025-10-21 10:08:12,7.39,176800,7.39,U
sz000983,山西焦煤,2025-10-21 10:08:15,7.39,43000,7.39,D
sz000983,山西焦煤,2025-10-21 10:08:18,7.39,27800,7.39,D
sz000983,山西焦煤,2025-10-21 10:08:21,7.39,38700,7.39,D
sz000983,山西焦煤,2025-10-21 10:08:24,7.39,28300,7.39,D
sz000983,山西焦煤,2025-10-21 10:08:27,7.39,81900,7.39,D
sz000983,山西焦煤,2025-10-21 10:08:30,7.39,45400,7.39,D
sz000983,山西焦煤,2025-10-21 10:08:33,7.39,38000,7.39,D
sz000983,山西焦煤,2025-10-21 10:08:36,7.4,28100,7.39,U
sz000983,山西焦煤,2025-10-21 10:08:39,7.39,62800,7.4,D
sz000983,山西焦煤,2025-10-21 10:08:42,7.39,31000,7.39,U
sz000983,山西焦煤,2025-10-21 10:08:45,7.38,53300,7.39,D
sz000983,山西焦煤,2025-10-21 10:08:48,7.39,24700,7.38,U
sz000983,山西焦煤,2025-10-21 10:08:54,7.39,24900,7.39,U
sz000983,山西焦煤,2025-10-21 10:08:57,7.39,20600,7.39,U
sz000983,山西焦煤,2025-10-21 10:09:00,7.38,26200,7.39,D
sz000983,山西焦煤,2025-10-21 10:09:03,7.38,43000,7.38,D
sz000983,山西焦煤,2025-10-21 10:09:06,7.39,26716,7.38,U
sz000983,山西焦煤,2025-10-21 10:09:09,7.38,20100,7.39,D
sz000983,山西焦煤,2025-10-21 10:09:15,7.39,316600,7.39,U
sz000983,山西焦煤,2025-10-21 10:09:18,7.39,125300,7.39,U
sz000983,山西焦煤,2025-10-21 10:09:27,7.39,39900,7.38,U
sz000983,山西焦煤,2025-10-21 10:09:36,7.39,44600,7.38,U
sz000983,山西焦煤,2025-10-21 10:09:39,7.38,49000,7.39,D
sz000983,山西焦煤,2025-10-21 10:09:42,7.38,107400,7.38,D
sz000983,山西焦煤,2025-10-21 10:09:45,7.38,67400,7.38,D
sz000983,山西焦煤,2025-10-21 10:09:48,7.38,44700,7.38,D
sz000983,山西焦煤,2025-10-21 10:09:51,7.38,36600,7.38,D
sz000983,山西焦煤,2025-10-21 10:10:06,7.39,155600,7.38,U
sz000983,山西焦煤,2025-10-21 10:10:09,7.39,43000,7.39,U
sz000983,山西焦煤,2025-10-21 10:10:12,7.38,51500,7.39,D
sz000983,山西焦煤,2025-10-21 10:10:18,7.39,148190,7.39,U
sz000983,山西焦煤,2025-10-21 10:10:21,7.39,37800,7.39,D
sz000983,山西焦煤,2025-10-21 10:10:30,7.39,21900,7.39,D
sz000983,山西焦煤,2025-10-21 10:10:39,7.4,21300,7.39,U
sz000983,山西焦煤,2025-10-21 10:10:42,7.4,30300,7.4,U
sz000983,山西焦煤,2025-10-21 10:10:45,7.4,55000,7.4,U
sz000983,山西焦煤,2025-10-21 10:11:00,7.4,63100,7.39,U
sz000983,山西焦煤,2025-10-21 10:11:03,7.4,54700,7.4,U
sz000983,山西焦煤,2025-10-21 10:11:06,7.4,298400,7.4,U
sz000983,山西焦煤,2025-10-21 10:11:09,7.4,53400,7.4,D
sz000983,山西焦煤,2025-10-21 10:11:27,7.4,285700,7.41,D
sz000983,山西焦煤,2025-10-21 10:11:48,7.41,24900,7.4,U
sz000983,山西焦煤,2025-10-21 10:11:57,7.4,35400,7.4,D
sz000983,山西焦煤,2025-10-21 10:12:15,7.4,81400,7.39,U
sz000983,山西焦煤,2025-10-21 10:12:18,7.39,31900,7.4,D
sz000983,山西焦煤,2025-10-21 10:13:06,7.39,23200,7.39,D
sz000983,山西焦煤,2025-10-21 10:13:15,7.39,22300,7.39,D
sz000983,山西焦煤,2025-10-21 10:13:48,7.39,22800,7.39,D
sz000983,山西焦煤,2025-10-21 10:14:12,7.39,25300,7.39,D
sz000983,山西焦煤,2025-10-21 10:14:15,7.4,41800,7.39,U
sz000983,山西焦煤,2025-10-21 10:14:30,7.39,27600,7.4,D
sz000983,山西焦煤,2025-10-21 10:14:45,7.39,32800,7.4,D
sz000983,山西焦煤,2025-10-21 10:14:51,7.4,29700,7.4,U
sz000983,山西焦煤,2025-10-21 10:15:03,7.4,27600,7.4,U
sz000983,山西焦煤,2025-10-21 10:15:06,7.39,25700,7.4,D
sz000983,山西焦煤,2025-10-21 10:15:12,7.4,34400,7.39,U
sz000983,山西焦煤,2025-10-21 10:15:15,7.4,45000,7.4,U
sz000983,山西焦煤,2025-10-21 10:15:18,7.39,33200,7.4,D
sz000983,山西焦煤,2025-10-21 10:15:21,7.4,30000,7.39,U
sz000983,山西焦煤,2025-10-21 10:15:24,7.4,33500,7.4,U
sz000983,山西焦煤,2025-10-21 10:15:27,7.39,24800,7.4,D
sz000983,山西焦煤,2025-10-21 10:15:39,7.39,105500,7.39,D
sz000983,山西焦煤,2025-10-21 10:16:03,7.39,103900,7.39,D
sz000983,山西焦煤,2025-10-21 10:16:06,7.39,198300,7.39,D
sz000983,山西焦煤,2025-10-21 10:16:09,7.39,229800,7.39,D
sz000983,山西焦煤,2025-10-21 10:16:12,7.4,32500,7.39,U
sz000983,山西焦煤,2025-10-21 10:16:18,7.39,315200,7.4,D
sz000983,山西焦煤,2025-10-21 10:16:30,7.39,72300,7.4,D
sz000983,山西焦煤,2025-10-21 10:16:36,7.39,23400,7.39,D
sz000983,山西焦煤,2025-10-21 10:17:30,7.39,38000,7.39,D
sz000983,山西焦煤,2025-10-21 10:17:33,7.39,21700,7.39,D
sz000983,山西焦煤,2025-10-21 10:17:48,7.39,22700,7.39,D
sz000983,山西焦煤,2025-10-21 10:18:27,7.4,40200,7.39,U
sz000983,山西焦煤,2025-10-21 10:18:48,7.4,20700,7.39,U
sz000983,山西焦煤,2025-10-21 10:18:51,7.4,59500,7.4,U
sz000983,山西焦煤,2025-10-21 10:19:00,7.39,35400,7.39,D
sz000983,山西焦煤,2025-10-21 10:19:06,7.4,32600,7.39,U
sz000983,山西焦煤,2025-10-21 10:19:27,7.4,39100,7.39,U
sz000983,山西焦煤,2025-10-21 10:20:03,7.4,21100,7.39,U
sz000983,山西焦煤,2025-10-21 10:20:06,7.39,20100,7.4,D
sz000983,山西焦煤,2025-10-21 10:20:09,7.39,483100,7.39,D
sz000983,山西焦煤,2025-10-21 10:20:12,7.39,44900,7.39,D
sz000983,山西焦煤,2025-10-21 10:20:15,7.4,47200,7.39,U
sz000983,山西焦煤,2025-10-21 10:20:24,7.39,32100,7.4,D
sz000983,山西焦煤,2025-10-21 10:20:33,7.39,36600,7.39,D
sz000983,山西焦煤,2025-10-21 10:20:39,7.4,21300,7.39,U
sz000983,山西焦煤,2025-10-21 10:21:03,7.39,25700,7.4,D
sz000983,山西焦煤,2025-10-21 10:21:06,7.39,50300,7.39,D
sz000983,山西焦煤,2025-10-21 10:21:12,7.4,22500,7.4,U
sz000983,山西焦煤,2025-10-21 10:21:27,7.39,23700,7.39,D
sz000983,山西焦煤,2025-10-21 10:21:30,7.4,21200,7.39,U
sz000983,山西焦煤,2025-10-21 10:21:39,7.4,98300,7.4,U
sz000983,山西焦煤,2025-10-21 10:21:57,7.39,24400,7.39,D
sz000983,山西焦煤,2025-10-21 10:22:03,7.4,113100,7.39,U
sz000983,山西焦煤,2025-10-21 10:22:12,7.39,25200,7.39,D
sz000983,山西焦煤,2025-10-21 10:22:18,7.4,123100,7.39,U
sz000983,山西焦煤,2025-10-21 10:22:33,7.39,22000,7.39,D
sz000983,山西焦煤,2025-10-21 10:22:48,7.4,45200,7.39,U
sz000983,山西焦煤,2025-10-21 10:23:09,7.39,159100,7.39,D
sz000983,山西焦煤,2025-10-21 10:23:12,7.4,132400,7.39,U
sz000983,山西焦煤,2025-10-21 10:23:15,7.39,26500,7.4,D
sz000983,山西焦煤,2025-10-21 10:23:21,7.4,21400,7.39,U
sz000983,山西焦煤,2025-10-21 10:23:27,7.39,119400,7.39,D
sz000983,山西焦煤,2025-10-21 10:23:48,7.4,51200,7.39,U
sz000983,山西焦煤,2025-10-21 10:23:54,7.39,33600,7.39,D
sz000983,山西焦煤,2025-10-21 10:23:57,7.39,25900,7.39,D
sz000983,山西焦煤,2025-10-21 10:24:06,7.39,44800,7.4,D
sz000983,山西焦煤,2025-10-21 10:24:09,7.39,49400,7.39,U
sz000983,山西焦煤,2025-10-21 10:24:30,7.39,54400,7.39,D
sz000983,山西焦煤,2025-10-21 10:24:33,7.38,52800,7.39,D
sz000983,山西焦煤,2025-10-21 10:24:36,7.39,21700,7.38,U
sz000983,山西焦煤,2025-10-21 10:24:45,7.39,35400,7.39,D
sz000983,山西焦煤,2025-10-21 10:24:48,7.39,29200,7.39,U
sz000983,山西焦煤,2025-10-21 10:25:09,7.39,30400,7.38,U
sz000983,山西焦煤,2025-10-21 10:25:51,7.38,20300,7.39,D
sz000983,山西焦煤,2025-10-21 10:26:03,7.39,37800,7.39,U
sz000983,山西焦煤,2025-10-21 10:26:06,7.39,124000,7.39,U
sz000983,山西焦煤,2025-10-21 10:26:12,7.38,65900,7.38,D
sz000983,山西焦煤,2025-10-21 10:26:18,7.39,41600,7.38,U
sz000983,山西焦煤,2025-10-21 10:26:36,7.39,53200,7.39,U
sz000983,山西焦煤,2025-10-21 10:26:54,7.39,579300,7.39,U
sz000983,山西焦煤,2025-10-21 10:27:00,7.38,69300,7.38,D
sz000983,山西焦煤,2025-10-21 10:27:09,7.38,25600,7.38,D
sz000983,山西焦煤,2025-10-21 10:27:36,7.38,30900,7.39,D
sz000983,山西焦煤,2025-10-21 10:28:00,7.38,55000,7.38,D
sz000983,山西焦煤,2025-10-21 10:28:06,7.39,39800,7.38,U
sz000983,山西焦煤,2025-10-21 10:28:09,7.39,27100,7.39,U
sz000983,山西焦煤,2025-10-21 10:28:18,7.39,23500,7.38,U
sz000983,山西焦煤,2025-10-21 10:28:21,7.39,22200,7.39,U
sz000983,山西焦煤,2025-10-21 10:28:24,7.39,36500,7.39,U
sz000983,山西焦煤,2025-10-21 10:28:27,7.39,95500,7.39,U
sz000983,山西焦煤,2025-10-21 10:28:30,7.4,351400,7.39,U
sz000983,山西焦煤,2025-10-21 10:28:36,7.39,34100,7.4,D
sz000983,山西焦煤,2025-10-21 10:28:42,7.4,32600,7.4,U
sz000983,山西焦煤,2025-10-21 10:29:03,7.39,205300,7.4,D
sz000983,山西焦煤,2025-10-21 10:29:15,7.38,61100,7.38,D
sz000983,山西焦煤,2025-10-21 10:29:21,7.38,31500,7.39,D
sz000983,山西焦煤,2025-10-21 10:29:27,7.39,26500,7.39,U
sz000983,山西焦煤,2025-10-21 10:29:33,7.39,28300,7.38,U
sz000983,山西焦煤,2025-10-21 10:29:39,7.38,49200,7.39,D
sz000983,山西焦煤,2025-10-21 10:29:48,7.39,45000,7.39,U
sz000983,山西焦煤,2025-10-21 10:29:54,7.39,44300,7.39,U
sz000983,山西焦煤,2025-10-21 10:29:57,7.38,27300,7.39,D
sz000983,山西焦煤,2025-10-21 10:30:03,7.39,69000,7.38,U
sz000983,山西焦煤,2025-10-21 10:30:27,7.38,44900,7.38,D
sz000983,山西焦煤,2025-10-21 10:30:30,7.39,28700,7.38,U
sz000983,山西焦煤,2025-10-21 10:30:39,7.39,29900,7.38,U
sz000983,山西焦煤,2025-10-21 10:30:45,7.38,576500,7.39,D
sz000983,山西焦煤,2025-10-21 10:30:48,7.39,39600,7.38,U
sz000983,山西焦煤,2025-10-21 10:30:51,7.38,187800,7.39,D
sz000983,山西焦煤,2025-10-21 10:31:03,7.38,28000,7.38,D
sz000983,山西焦煤,2025-10-21 10:31:06,7.38,35800,7.38,D
sz000983,山西焦煤,2025-10-21 10:31:09,7.38,23200,7.38,D
sz000983,山西焦煤,2025-10-21 10:31:18,7.39,20100,7.38,U
sz000983,山西焦煤,2025-10-21 10:31:21,7.38,114800,7.39,D
sz000983,山西焦煤,2025-10-21 10:31:27,7.38,20600,7.38,D
sz000983,山西焦煤,2025-10-21 10:31:36,7.38,437400,7.38,D
sz000983,山西焦煤,2025-10-21 10:31:39,7.37,231104,7.38,D
sz000983,山西焦煤,2025-10-21 10:31:42,7.38,20200,7.37,U
sz000983,山西焦煤,2025-10-21 10:31:48,7.37,20300,7.38,D
sz000983,山西焦煤,2025-10-21 10:31:51,7.38,29000,7.37,U
sz000983,山西焦煤,2025-10-21 10:31:57,7.38,23600,7.37,U
sz000983,山西焦煤,2025-10-21 10:32:03,7.38,30000,7.37,U
sz000983,山西焦煤,2025-10-21 10:32:06,7.38,144800,7.38,U
sz000983,山西焦煤,2025-10-21 10:32:09,7.38,92600,7.38,U
sz000983,山西焦煤,2025-10-21 10:32:18,7.38,29800,7.37,U
sz000983,山西焦煤,2025-10-21 10:32:21,7.38,92900,7.38,U
sz000983,山西焦煤,2025-10-21 10:32:24,7.37,34800,7.38,D
sz000983,山西焦煤,2025-10-21 10:32:42,7.37,34300,7.38,D
sz000983,山西焦煤,2025-10-21 10:32:45,7.37,212600,7.37,D
sz000983,山西焦煤,2025-10-21 10:32:51,7.38,23500,7.38,U
sz000983,山西焦煤,2025-10-21 10:33:06,7.37,21900,7.38,D
sz000983,山西焦煤,2025-10-21 10:33:15,7.37,203900,7.38,D
sz000983,山西焦煤,2025-10-21 10:33:18,7.38,22200,7.37,U
sz000983,山西焦煤,2025-10-21 10:33:33,7.37,31700,7.38,D
sz000983,山西焦煤,2025-10-21 10:33:36,7.38,38900,7.37,U
sz000983,山西焦煤,2025-10-21 10:33:39,7.37,22400,7.38,D
sz000983,山西焦煤,2025-10-21 10:33:48,7.38,26700,7.38,U
sz000983,山西焦煤,2025-10-21 10:34:09,7.38,107300,7.37,U
sz000983,山西焦煤,2025-10-21 10:34:21,7.37,628000,7.37,D
sz000983,山西焦煤,2025-10-21 10:34:24,7.37,32900,7.37,D
sz000983,山西焦煤,2025-10-21 10:34:36,7.37,34400,7.38,D
sz000983,山西焦煤,2025-10-21 10:34:39,7.38,30700,7.37,U
sz000983,山西焦煤,2025-10-21 10:34:42,7.37,178500,7.38,D
sz000983,山西焦煤,2025-10-21 10:34:45,7.37,32652,7.37,D
sz000983,山西焦煤,2025-10-21 10:34:48,7.37,86500,7.37,D
sz000983,山西焦煤,2025-10-21 10:35:00,7.38,146200,7.37,U
sz000983,山西焦煤,2025-10-21 10:35:03,7.38,30100,7.38,U
sz000983,山西焦煤,2025-10-21 10:35:06,7.37,77800,7.38,D
sz000983,山西焦煤,2025-10-21 10:35:12,7.38,38400,7.38,U
sz000983,山西焦煤,2025-10-21 10:35:18,7.38,26600,7.38,U
sz000983,山西焦煤,2025-10-21 10:35:42,7.37,29200,7.38,D
sz000983,山西焦煤,2025-10-21 10:35:45,7.38,38400,7.37,U
sz000983,山西焦煤,2025-10-21 10:35:54,7.38,53400,7.37,U
sz000983,山西焦煤,2025-10-21 10:36:00,7.38,38200,7.38,U
sz000983,山西焦煤,2025-10-21 10:36:03,7.38,202100,7.38,U
sz000983,山西焦煤,2025-10-21 10:36:06,7.38,47000,7.38,U
sz000983,山西焦煤,2025-10-21 10:36:24,7.37,30700,7.37,D
sz000983,山西焦煤,2025-10-21 10:36:27,7.37,95400,7.37,D
sz000983,山西焦煤,2025-10-21 10:36:33,7.37,49400,7.37,D
sz000983,山西焦煤,2025-10-21 10:36:42,7.37,21100,7.37,D
sz000983,山西焦煤,2025-10-21 10:36:45,7.37,45800,7.37,D
sz000983,山西焦煤,2025-10-21 10:36:48,7.37,100300,7.37,D
sz000983,山西焦煤,2025-10-21 10:36:54,7.37,77100,7.37,D
sz000983,山西焦煤,2025-10-21 10:36:57,7.37,27000,7.37,D
sz000983,山西焦煤,2025-10-21 10:37:00,7.38,66900,7.37,U
sz000983,山西焦煤,2025-10-21 10:37:03,7.38,27300,7.38,U
sz000983,山西焦煤,2025-10-21 10:37:06,7.37,53800,7.38,D
sz000983,山西焦煤,2025-10-21 10:37:12,7.38,20300,7.38,U
sz000983,山西焦煤,2025-10-21 10:37:15,7.37,38300,7.38,D
sz000983,山西焦煤,2025-10-21 10:37:27,7.38,269600,7.37,U
sz000983,山西焦煤,2025-10-21 10:37:30,7.37,32500,7.38,D
sz000983,山西焦煤,2025-10-21 10:37:33,7.37,42100,7.37,D
sz000983,山西焦煤,2025-10-21 10:37:51,7.37,43800,7.38,D
sz000983,山西焦煤,2025-10-21 10:37:57,7.37,25000,7.37,D
sz000983,山西焦煤,2025-10-21 10:38:03,7.37,82800,7.37,D
sz000983,山西焦煤,2025-10-21 10:38:06,7.37,119200,7.37,D
sz000983,山西焦煤,2025-10-21 10:38:09,7.37,25400,7.37,D
sz000983,山西焦煤,2025-10-21 10:38:12,7.37,124400,7.37,D
sz000983,山西焦煤,2025-10-21 10:38:15,7.37,62300,7.37,D
sz000983,山西焦煤,2025-10-21 10:38:18,7.37,32000,7.37,D
sz000983,山西焦煤,2025-10-21 10:38:27,7.37,24200,7.38,D
sz000983,山西焦煤,2025-10-21 10:38:36,7.37,40200,7.37,D
sz000983,山西焦煤,2025-10-21 10:38:45,7.38,39100,7.37,U
sz000983,山西焦煤,2025-10-21 10:38:48,7.37,21200,7.38,D
sz000983,山西焦煤,2025-10-21 10:38:54,7.37,27100,7.37,D
sz000983,山西焦煤,2025-10-21 10:38:57,7.37,31100,7.37,U
sz000983,山西焦煤,2025-10-21 10:39:00,7.37,60000,7.37,U
sz000983,山西焦煤,2025-10-21 10:39:06,7.36,41200,7.37,D
sz000983,山西焦煤,2025-10-21 10:39:12,7.36,45300,7.37,D
sz000983,山西焦煤,2025-10-21 10:39:18,7.36,23400,7.37,D
sz000983,山西焦煤,2025-10-21 10:39:24,7.36,85700,7.36,D
sz000983,山西焦煤,2025-10-21 10:39:39,7.36,28300,7.37,D
sz000983,山西焦煤,2025-10-21 10:39:45,7.36,74300,7.37,D
sz000983,山西焦煤,2025-10-21 10:39:54,7.37,20400,7.36,U
sz000983,山西焦煤,2025-10-21 10:40:03,7.36,28300,7.37,D
sz000983,山西焦煤,2025-10-21 10:40:06,7.36,20000,7.36,D
sz000983,山西焦煤,2025-10-21 10:40:12,7.36,100200,7.36,D
sz000983,山西焦煤,2025-10-21 10:40:15,7.37,60300,7.36,U
sz000983,山西焦煤,2025-10-21 10:40:24,7.37,77900,7.37,U
sz000983,山西焦煤,2025-10-21 10:40:39,7.37,26300,7.36,U
sz000983,山西焦煤,2025-10-21 10:40:45,7.37,44900,7.37,U
sz000983,山西焦煤,2025-10-21 10:40:48,7.37,162700,7.37,U
sz000983,山西焦煤,2025-10-21 10:41:03,7.37,130500,7.37,U
sz000983,山西焦煤,2025-10-21 10:41:09,7.37,47100,7.37,U
sz000983,山西焦煤,2025-10-21 10:41:24,7.36,28500,7.36,D
sz000983,山西焦煤,2025-10-21 10:41:36,7.36,50900,7.36,D
sz000983,山西焦煤,2025-10-21 10:41:42,7.36,62500,7.36,D
sz000983,山西焦煤,2025-10-21 10:41:51,7.36,31100,7.36,D
sz000983,山西焦煤,2025-10-21 10:41:54,7.36,26200,7.36,D
sz000983,山西焦煤,2025-10-21 10:41:57,7.36,36700,7.36,D
sz000983,山西焦煤,2025-10-21 10:42:00,7.36,58200,7.36,D
sz000983,山西焦煤,2025-10-21 10:42:03,7.36,40500,7.36,D
sz000983,山西焦煤,2025-10-21 10:42:30,7.36,65700,7.36,D
sz000983,山西焦煤,2025-10-21 10:42:42,7.37,73600,7.37,U
sz000983,山西焦煤,2025-10-21 10:42:45,7.36,237300,7.37,D
sz000983,山西焦煤,2025-10-21 10:42:51,7.36,28800,7.36,D
sz000983,山西焦煤,2025-10-21 10:42:54,7.37,157500,7.36,U
sz000983,山西焦煤,2025-10-21 10:43:00,7.36,53000,7.37,D
sz000983,山西焦煤,2025-10-21 10:43:06,7.37,24200,7.37,U
sz000983,山西焦煤,2025-10-21 10:43:09,7.37,21500,7.37,U
sz000983,山西焦煤,2025-10-21 10:43:18,7.36,40700,7.37,D
sz000983,山西焦煤,2025-10-21 10:43:21,7.36,24200,7.36,D
sz000983,山西焦煤,2025-10-21 10:43:30,7.36,20600,7.37,D
sz000983,山西焦煤,2025-10-21 10:43:42,7.36,109000,7.37,D
sz000983,山西焦煤,2025-10-21 10:43:51,7.36,57000,7.37,D
sz000983,山西焦煤,2025-10-21 10:43:57,7.36,41700,7.36,D
sz000983,山西焦煤,2025-10-21 10:44:00,7.36,122700,7.36,D
sz000983,山西焦煤,2025-10-21 10:44:18,7.37,221000,7.37,U
sz000983,山西焦煤,2025-10-21 10:44:24,7.37,63400,7.37,U
sz000983,山西焦煤,2025-10-21 10:44:33,7.37,258790,7.37,U
sz000983,山西焦煤,2025-10-21 10:44:51,7.37,72500,7.37,D
sz000983,山西焦煤,2025-10-21 10:45:42,7.38,31000,7.38,U
sz000983,山西焦煤,2025-10-21 10:46:00,7.38,24400,7.38,U
sz000983,山西焦煤,2025-10-21 10:46:57,7.38,177800,7.38,U
sz000983,山西焦煤,2025-10-21 10:47:03,7.38,46700,7.38,U
sz000983,山西焦煤,2025-10-21 10:47:15,7.38,204700,7.38,U
sz000983,山西焦煤,2025-10-21 10:47:27,7.38,30700,7.38,U
sz000983,山西焦煤,2025-10-21 10:47:36,7.37,61100,7.38,D
sz000983,山西焦煤,2025-10-21 10:47:45,7.38,50600,7.38,U
sz000983,山西焦煤,2025-10-21 10:47:57,7.38,111900,7.38,U
sz000983,山西焦煤,2025-10-21 10:48:33,7.38,40300,7.38,U
sz000983,山西焦煤,2025-10-21 10:48:45,7.38,56700,7.38,U
sz000983,山西焦煤,2025-10-21 10:48:48,7.38,22300,7.38,U
sz000983,山西焦煤,2025-10-21 10:49:09,7.38,24500,7.37,U
sz000983,山西焦煤,2025-10-21 10:49:21,7.37,61100,7.37,D
sz000983,山西焦煤,2025-10-21 10:49:57,7.38,20300,7.37,U
sz000983,山西焦煤,2025-10-21 10:50:03,7.37,59000,7.38,D
sz000983,山西焦煤,2025-10-21 10:50:15,7.37,49100,7.37,D
sz000983,山西焦煤,2025-10-21 10:50:18,7.37,327930,7.37,D
sz000983,山西焦煤,2025-10-21 10:50:21,7.37,87600,7.37,D
sz000983,山西焦煤,2025-10-21 10:50:24,7.37,23600,7.37,D
sz000983,山西焦煤,2025-10-21 10:50:27,7.37,297480,7.37,D
sz000983,山西焦煤,2025-10-21 10:50:30,7.37,33100,7.37,U
sz000983,山西焦煤,2025-10-21 10:51:15,7.36,150000,7.36,D
sz000983,山西焦煤,2025-10-21 10:51:18,7.37,21900,7.36,U
sz000983,山西焦煤,2025-10-21 10:51:57,7.36,171500,7.36,D
sz000983,山西焦煤,2025-10-21 10:52:12,7.36,23600,7.37,D
sz000983,山西焦煤,2025-10-21 10:52:15,7.36,73200,7.36,D
sz000983,山西焦煤,2025-10-21 10:52:18,7.36,74500,7.36,D
sz000983,山西焦煤,2025-10-21 10:52:27,7.36,26700,7.36,D
sz000983,山西焦煤,2025-10-21 10:52:36,7.37,54100,7.36,U
sz000983,山西焦煤,2025-10-21 10:53:09,7.37,79690,7.37,U
sz000983,山西焦煤,2025-10-21 10:53:15,7.36,38810,7.37,D
sz000983,山西焦煤,2025-10-21 10:53:36,7.37,24500,7.36,U
sz000983,山西焦煤,2025-10-21 10:54:03,7.37,64000,7.37,U
sz000983,山西焦煤,2025-10-21 10:54:09,7.36,30210,7.37,D
sz000983,山西焦煤,2025-10-21 10:54:12,7.37,25900,7.36,U
sz000983,山西焦煤,2025-10-21 10:54:24,7.37,28300,7.37,U
sz000983,山西焦煤,2025-10-21 10:54:51,7.37,35000,7.37,D
sz000983,山西焦煤,2025-10-21 10:55:03,7.38,20900,7.37,U
sz000983,山西焦煤,2025-10-21 10:55:42,7.37,55100,7.37,D
sz000983,山西焦煤,2025-10-21 10:56:15,7.38,23200,7.38,U
sz000983,山西焦煤,2025-10-21 10:57:03,7.37,98700,7.37,D
sz000983,山西焦煤,2025-10-21 10:57:15,7.37,61500,7.38,D
sz000983,山西焦煤,2025-10-21 10:57:24,7.38,28300,7.37,U
sz000983,山西焦煤,2025-10-21 10:57:54,7.37,32400,7.37,D
sz000983,山西焦煤,2025-10-21 10:58:54,7.38,30900,7.38,U
sz000983,山西焦煤,2025-10-21 10:59:03,7.38,25400,7.37,U
sz000983,山西焦煤,2025-10-21 10:59:18,7.37,28900,7.38,D
sz000983,山西焦煤,2025-10-21 10:59:51,7.38,139499,7.38,U
sz000983,山西焦煤,2025-10-21 11:00:24,7.39,20200,7.39,U
sz000983,山西焦煤,2025-10-21 11:01:03,7.39,71700,7.39,U
sz000983,山西焦煤,2025-10-21 11:01:24,7.39,24800,7.39,U
sz000983,山西焦煤,2025-10-21 11:01:36,7.39,61100,7.38,U
sz000983,山西焦煤,2025-10-21 11:02:03,7.38,103000,7.39,D
sz000983,山西焦煤,2025-10-21 11:02:27,7.38,34600,7.38,D
sz000983,山西焦煤,2025-10-21 11:03:33,7.39,47500,7.38,U
sz000983,山西焦煤,2025-10-21 11:03:39,7.39,27600,7.39,U
sz000983,山西焦煤,2025-10-21 11:03:42,7.39,20100,7.39,U
sz000983,山西焦煤,2025-10-21 11:03:57,7.39,71200,7.39,U
sz000983,山西焦煤,2025-10-21 11:04:03,7.39,142900,7.39,U
sz000983,山西焦煤,2025-10-21 11:04:24,7.38,21000,7.38,D
sz000983,山西焦煤,2025-10-21 11:04:27,7.39,45400,7.38,U
sz000983,山西焦煤,2025-10-21 11:04:42,7.39,32200,7.39,U
sz000983,山西焦煤,2025-10-21 11:04:45,7.39,30800,7.39,U
sz000983,山西焦煤,2025-10-21 11:05:03,7.38,42900,7.39,D
sz000983,山西焦煤,2025-10-21 11:05:12,7.39,20000,7.38,U
sz000983,山西焦煤,2025-10-21 11:05:15,7.39,29700,7.39,U
sz000983,山西焦煤,2025-10-21 11:05:21,7.39,30400,7.39,U
sz000983,山西焦煤,2025-10-21 11:05:33,7.39,28600,7.39,U
sz000983,山西焦煤,2025-10-21 11:05:48,7.39,27100,7.39,U
sz000983,山西焦煤,2025-10-21 11:06:30,7.39,25000,7.39,U
sz000983,山西焦煤,2025-10-21 11:06:33,7.39,21700,7.39,U
sz000983,山西焦煤,2025-10-21 11:07:00,7.39,27100,7.39,U
sz000983,山西焦煤,2025-10-21 11:07:06,7.39,37300,7.39,U
sz000983,山西焦煤,2025-10-21 11:07:24,7.39,40700,7.39,U
sz000983,山西焦煤,2025-10-21 11:07:33,7.39,23700,7.39,U
sz000983,山西焦煤,2025-10-21 11:07:36,7.39,51300,7.39,U
sz000983,山西焦煤,2025-10-21 11:07:39,7.39,77800,7.39,D
sz000983,山西焦煤,2025-10-21 11:07:42,7.39,24900,7.39,D
sz000983,山西焦煤,2025-10-21 11:07:45,7.39,22900,7.39,D
sz000983,山西焦煤,2025-10-21 11:07:51,7.39,26000,7.39,D
sz000983,山西焦煤,2025-10-21 11:08:12,7.39,58000,7.39,D
sz000983,山西焦煤,2025-10-21 11:08:21,7.4,26300,7.39,U
sz000983,山西焦煤,2025-10-21 11:08:42,7.4,28000,7.4,U
sz000983,山西焦煤,2025-10-21 11:09:09,7.39,72000,7.39,D
sz000983,山西焦煤,2025-10-21 11:09:18,7.39,27000,7.39,D
sz000983,山西焦煤,2025-10-21 11:10:36,7.39,292100,7.4,D
sz000983,山西焦煤,2025-10-21 11:10:51,7.39,41700,7.39,D
sz000983,山西焦煤,2025-10-21 11:11:03,7.39,77500,7.39,D
sz000983,山西焦煤,2025-10-21 11:11:51,7.39,81400,7.38,U
sz000983,山西焦煤,2025-10-21 11:12:03,7.38,68800,7.39,D
sz000983,山西焦煤,2025-10-21 11:12:06,7.39,27000,7.38,U
sz000983,山西焦煤,2025-10-21 11:12:57,7.38,21500,7.38,D
sz000983,山西焦煤,2025-10-21 11:13:06,7.38,30400,7.39,D
sz000983,山西焦煤,2025-10-21 11:13:24,7.38,33000,7.38,D
sz000983,山西焦煤,2025-10-21 11:13:27,7.39,20400,7.38,U
sz000983,山西焦煤,2025-10-21 11:13:30,7.39,32000,7.39,U
sz000983,山西焦煤,2025-10-21 11:14:03,7.39,194100,7.39,D
sz000983,山西焦煤,2025-10-21 11:14:39,7.39,28100,7.39,D
sz000983,山西焦煤,2025-10-21 11:14:42,7.39,20300,7.39,U
sz000983,山西焦煤,2025-10-21 11:14:45,7.39,21500,7.39,U
sz000983,山西焦煤,2025-10-21 11:14:48,7.39,42000,7.39,U
sz000983,山西焦煤,2025-10-21 11:15:12,7.38,64800,7.38,D
sz000983,山西焦煤,2025-10-21 11:15:51,7.39,131500,7.38,U
sz000983,山西焦煤,2025-10-21 11:16:00,7.4,56400,7.39,U
sz000983,山西焦煤,2025-10-21 11:16:39,7.39,22400,7.4,D
sz000983,山西焦煤,2025-10-21 11:16:42,7.4,20100,7.39,U
sz000983,山西焦煤,2025-10-21 11:17:21,7.4,27800,7.4,U
sz000983,山西焦煤,2025-10-21 11:17:24,7.39,24200,7.4,D
sz000983,山西焦煤,2025-10-21 11:17:48,7.4,26800,7.4,U
sz000983,山西焦煤,2025-10-21 11:17:57,7.4,30100,7.4,U
sz000983,山西焦煤,2025-10-21 11:18:00,7.4,713800,7.4,U
sz000983,山西焦煤,2025-10-21 11:18:03,7.4,98300,7.4,D
sz000983,山西焦煤,2025-10-21 11:18:09,7.4,34000,7.4,D
sz000983,山西焦煤,2025-10-21 11:18:24,7.4,21500,7.4,D
sz000983,山西焦煤,2025-10-21 11:18:36,7.41,28000,7.4,U
sz000983,山西焦煤,2025-10-21 11:18:45,7.41,36200,7.41,U
sz000983,山西焦煤,2025-10-21 11:18:51,7.41,136800,7.41,U
sz000983,山西焦煤,2025-10-21 11:18:54,7.41,21400,7.41,D
sz000983,山西焦煤,2025-10-21 11:19:03,7.41,57700,7.41,D
sz000983,山西焦煤,2025-10-21 11:19:24,7.42,120800,7.42,U
sz000983,山西焦煤,2025-10-21 11:19:27,7.42,61400,7.42,U
sz000983,山西焦煤,2025-10-21 11:19:33,7.41,45300,7.41,D
sz000983,山西焦煤,2025-10-21 11:19:45,7.42,78300,7.41,U
sz000983,山西焦煤,2025-10-21 11:19:57,7.42,24600,7.41,U
sz000983,山西焦煤,2025-10-21 11:20:30,7.42,68800,7.42,U
sz000983,山西焦煤,2025-10-21 11:20:33,7.42,42300,7.42,U
sz000983,山西焦煤,2025-10-21 11:20:51,7.41,122300,7.42,D
sz000983,山西焦煤,2025-10-21 11:21:00,7.4,35700,7.4,D
sz000983,山西焦煤,2025-10-21 11:21:39,7.41,23300,7.41,U
sz000983,山西焦煤,2025-10-21 11:21:54,7.41,24300,7.41,U
sz000983,山西焦煤,2025-10-21 11:22:03,7.41,22100,7.41,U
sz000983,山西焦煤,2025-10-21 11:22:06,7.41,43400,7.41,U
sz000983,山西焦煤,2025-10-21 11:23:09,7.41,31200,7.4,U
sz000983,山西焦煤,2025-10-21 11:23:18,7.41,82400,7.4,U
sz000983,山西焦煤,2025-10-21 11:23:30,7.41,101000,7.4,U
sz000983,山西焦煤,2025-10-21 11:23:39,7.41,27000,7.41,U
sz000983,山西焦煤,2025-10-21 11:24:51,7.41,23300,7.41,U
sz000983,山西焦煤,2025-10-21 11:25:33,7.4,65400,7.41,D
sz000983,山西焦煤,2025-10-21 11:26:03,7.41,26200,7.41,U
sz000983,山西焦煤,2025-10-21 11:26:06,7.41,31000,7.41,U
sz000983,山西焦煤,2025-10-21 11:26:48,7.41,43500,7.41,U
sz000983,山西焦煤,2025-10-21 11:27:57,7.4,21600,7.4,D
sz000983,山西焦煤,2025-10-21 11:28:00,7.4,22000,7.4,D
sz000983,山西焦煤,2025-10-21 11:28:15,7.41,38300,7.4,U
sz000983,山西焦煤,2025-10-21 13:00:00,7.41,158800,7.41,U
sz000983,山西焦煤,2025-10-21 13:00:03,7.41,240860,7.41,D
sz000983,山西焦煤,2025-10-21 13:00:06,7.41,111640,7.41,D
sz000983,山西焦煤,2025-10-21 13:00:24,7.4,88600,7.4,D
sz000983,山西焦煤,2025-10-21 13:00:36,7.4,428400,7.4,D
sz000983,山西焦煤,2025-10-21 13:01:18,7.39,95800,7.39,D
sz000983,山西焦煤,2025-10-21 13:01:54,7.39,39500,7.39,D
sz000983,山西焦煤,2025-10-21 13:02:03,7.39,31400,7.4,D
sz000983,山西焦煤,2025-10-21 13:02:27,7.4,64400,7.39,U
sz000983,山西焦煤,2025-10-21 13:02:33,7.41,53000,7.4,U
sz000983,山西焦煤,2025-10-21 13:02:36,7.41,32500,7.41,U
sz000983,山西焦煤,2025-10-21 13:03:06,7.4,45500,7.41,D
sz000983,山西焦煤,2025-10-21 13:03:51,7.4,51200,7.4,D
sz000983,山西焦煤,2025-10-21 13:03:57,7.4,115000,7.4,D
sz000983,山西焦煤,2025-10-21 13:04:12,7.4,23500,7.4,U
sz000983,山西焦煤,2025-10-21 13:06:24,7.39,114100,7.39,D
sz000983,山西焦煤,2025-10-21 13:06:27,7.39,36100,7.39,D
sz000983,山西焦煤,2025-10-21 13:06:30,7.39,20700,7.39,D
sz000983,山西焦煤,2025-10-21 13:06:33,7.39,46300,7.39,D
sz000983,山西焦煤,2025-10-21 13:06:36,7.39,86900,7.39,D
sz000983,山西焦煤,2025-10-21 13:06:39,7.39,21500,7.39,D
sz000983,山西焦煤,2025-10-21 13:06:54,7.39,32700,7.39,D
sz000983,山西焦煤,2025-10-21 13:07:00,7.39,135900,7.39,D
sz000983,山西焦煤,2025-10-21 13:07:27,7.39,27900,7.4,D
sz000983,山西焦煤,2025-10-21 13:08:30,7.39,39500,7.39,D
sz000983,山西焦煤,2025-10-21 13:10:06,7.39,26100,7.39,D
sz000983,山西焦煤,2025-10-21 13:10:09,7.39,35000,7.39,D
sz000983,山西焦煤,2025-10-21 13:10:18,7.39,97300,7.39,D
sz000983,山西焦煤,2025-10-21 13:10:21,7.39,70400,7.39,D
sz000983,山西焦煤,2025-10-21 13:10:51,7.38,50100,7.38,D
sz000983,山西焦煤,2025-10-21 13:11:48,7.39,32400,7.38,U
sz000983,山西焦煤,2025-10-21 13:12:30,7.38,34700,7.38,D
sz000983,山西焦煤,2025-10-21 13:12:33,7.38,100900,7.38,D
sz000983,山西焦煤,2025-10-21 13:12:36,7.38,25400,7.38,D
sz000983,山西焦煤,2025-10-21 13:15:06,7.4,110300,7.39,U
sz000983,山西焦煤,2025-10-21 13:15:27,7.4,34400,7.39,U
sz000983,山西焦煤,2025-10-21 13:16:03,7.39,29400,7.4,D
sz000983,山西焦煤,2025-10-21 13:16:09,7.4,42300,7.39,U
sz000983,山西焦煤,2025-10-21 13:16:21,7.4,87400,7.39,U
sz000983,山西焦煤,2025-10-21 13:16:24,7.39,24700,7.4,D
sz000983,山西焦煤,2025-10-21 13:16:27,7.4,53200,7.39,U
sz000983,山西焦煤,2025-10-21 13:16:30,7.4,112200,7.4,U
sz000983,山西焦煤,2025-10-21 13:17:03,7.41,117000,7.41,U
sz000983,山西焦煤,2025-10-21 13:17:09,7.4,24200,7.4,D
sz000983,山西焦煤,2025-10-21 13:18:51,7.4,152700,7.4,D
sz000983,山西焦煤,2025-10-21 13:19:00,7.41,46200,7.4,U
sz000983,山西焦煤,2025-10-21 13:19:33,7.41,55100,7.41,U
sz000983,山西焦煤,2025-10-21 13:19:36,7.4,40700,7.41,D
sz000983,山西焦煤,2025-10-21 13:20:36,7.4,33900,7.41,D
sz000983,山西焦煤,2025-10-21 13:20:51,7.4,248500,7.41,D
sz000983,山西焦煤,2025-10-21 13:21:03,7.39,160300,7.39,D
sz000983,山西焦煤,2025-10-21 13:22:03,7.39,59500,7.39,D
sz000983,山西焦煤,2025-10-21 13:22:45,7.4,28300,7.39,U
sz000983,山西焦煤,2025-10-21 13:24:18,7.39,22800,7.4,D
sz000983,山西焦煤,2025-10-21 13:25:00,7.39,112700,7.39,D
sz000983,山西焦煤,2025-10-21 13:25:03,7.4,40200,7.39,U
sz000983,山西焦煤,2025-10-21 13:25:21,7.4,39300,7.39,U
sz000983,山西焦煤,2025-10-21 13:26:18,7.39,48500,7.39,D
sz000983,山西焦煤,2025-10-21 13:26:27,7.4,53500,7.39,U
sz000983,山西焦煤,2025-10-21 13:26:54,7.41,247900,7.4,U
sz000983,山西焦煤,2025-10-21 13:27:42,7.4,27100,7.4,D
sz000983,山西焦煤,2025-10-21 13:28:03,7.4,69800,7.4,D
sz000983,山西焦煤,2025-10-21 13:28:33,7.4,33400,7.4,U
sz000983,山西焦煤,2025-10-21 13:29:00,7.4,142900,7.39,U
sz000983,山西焦煤,2025-10-21 13:29:12,7.41,63700,7.41,U
sz000983,山西焦煤,2025-10-21 13:29:15,7.41,99800,7.41,U
sz000983,山西焦煤,2025-10-21 13:29:42,7.41,30200,7.41,U
sz000983,山西焦煤,2025-10-21 13:29:45,7.41,95200,7.41,U
sz000983,山西焦煤,2025-10-21 13:30:06,7.4,50800,7.41,D
sz000983,山西焦煤,2025-10-21 13:30:09,7.4,42900,7.4,U
sz000983,山西焦煤,2025-10-21 13:30:15,7.41,31300,7.4,U
sz000983,山西焦煤,2025-10-21 13:31:33,7.4,51400,7.39,U
sz000983,山西焦煤,2025-10-21 13:31:57,7.4,56500,7.39,U
sz000983,山西焦煤,2025-10-21 13:32:00,7.4,36900,7.4,U
sz000983,山西焦煤,2025-10-21 13:32:18,7.39,36633,7.4,D
sz000983,山西焦煤,2025-10-21 13:32:27,7.4,29900,7.41,E
sz000983,山西焦煤,2025-10-21 13:32:30,7.4,78400,7.4,D
sz000983,山西焦煤,2025-10-21 13:32:39,7.41,20200,7.4,U
sz000983,山西焦煤,2025-10-21 13:33:03,7.4,32800,7.41,D
sz000983,山西焦煤,2025-10-21 13:36:18,7.4,50200,7.4,D
sz000983,山西焦煤,2025-10-21 13:36:21,7.4,171900,7.4,D
sz000983,山西焦煤,2025-10-21 13:36:24,7.4,62400,7.4,D
sz000983,山西焦煤,2025-10-21 13:36:51,7.39,44800,7.4,D
sz000983,山西焦煤,2025-10-21 13:37:06,7.4,27600,7.39,U
sz000983,山西焦煤,2025-10-21 13:37:12,7.4,26400,7.39,U
sz000983,山西焦煤,2025-10-21 13:37:21,7.39,52100,7.4,D
sz000983,山西焦煤,2025-10-21 13:37:42,7.41,58800,7.39,U
sz000983,山西焦煤,2025-10-21 13:38:06,7.4,42600,7.4,U
sz000983,山西焦煤,2025-10-21 13:39:36,7.4,22500,7.41,D
sz000983,山西焦煤,2025-10-21 13:39:42,7.4,40500,7.4,D
sz000983,山西焦煤,2025-10-21 13:40:00,7.41,111300,7.4,U
sz000983,山西焦煤,2025-10-21 13:40:15,7.4,55600,7.4,D
sz000983,山西焦煤,2025-10-21 13:40:30,7.41,21500,7.4,U
sz000983,山西焦煤,2025-10-21 13:40:36,7.41,32600,7.41,U
sz000983,山西焦煤,2025-10-21 13:40:39,7.42,328890,7.41,U
sz000983,山西焦煤,2025-10-21 13:40:48,7.41,84900,7.42,D
sz000983,山西焦煤,2025-10-21 13:41:36,7.41,24600,7.42,D
sz000983,山西焦煤,2025-10-21 13:41:42,7.41,88300,7.41,D
sz000983,山西焦煤,2025-10-21 13:42:06,7.42,20900,7.42,U
sz000983,山西焦煤,2025-10-21 13:42:09,7.42,22000,7.42,U
sz000983,山西焦煤,2025-10-21 13:42:21,7.42,56200,7.41,U
sz000983,山西焦煤,2025-10-21 13:42:33,7.41,142800,7.41,D
sz000983,山西焦煤,2025-10-21 13:42:39,7.41,106500,7.41,D
sz000983,山西焦煤,2025-10-21 13:42:42,7.42,39600,7.41,U
sz000983,山西焦煤,2025-10-21 13:43:03,7.42,137700,7.42,D
sz000983,山西焦煤,2025-10-21 13:43:06,7.42,23600,7.42,U
sz000983,山西焦煤,2025-10-21 13:43:18,7.42,52400,7.41,U
sz000983,山西焦煤,2025-10-21 13:43:27,7.42,40700,7.42,U
sz000983,山西焦煤,2025-10-21 13:43:48,7.42,33100,7.42,U
sz000983,山西焦煤,2025-10-21 13:44:03,7.41,69700,7.42,D
sz000983,山西焦煤,2025-10-21 13:44:09,7.41,26200,7.42,D
sz000983,山西焦煤,2025-10-21 13:44:18,7.42,23600,7.41,U
sz000983,山西焦煤,2025-10-21 13:44:33,7.42,32000,7.42,U
sz000983,山西焦煤,2025-10-21 13:44:48,7.42,22400,7.42,U
sz000983,山西焦煤,2025-10-21 13:44:51,7.42,20000,7.42,D
sz000983,山西焦煤,2025-10-21 13:45:00,7.42,26500,7.42,U
sz000983,山西焦煤,2025-10-21 13:45:51,7.42,51600,7.43,D
sz000983,山西焦煤,2025-10-21 13:45:54,7.43,24300,7.42,U
sz000983,山西焦煤,2025-10-21 13:46:00,7.42,210300,7.43,D
sz000983,山西焦煤,2025-10-21 13:46:03,7.43,78600,7.42,U
sz000983,山西焦煤,2025-10-21 13:46:09,7.43,24600,7.42,U
sz000983,山西焦煤,2025-10-21 13:46:12,7.43,24000,7.43,U
sz000983,山西焦煤,2025-10-21 13:46:18,7.42,126500,7.43,D
sz000983,山西焦煤,2025-10-21 13:46:45,7.43,36300,7.43,U
sz000983,山西焦煤,2025-10-21 13:46:54,7.43,20700,7.44,U
sz000983,山西焦煤,2025-10-21 13:47:00,7.42,27900,7.43,D
sz000983,山西焦煤,2025-10-21 13:47:03,7.42,83300,7.42,D
sz000983,山西焦煤,2025-10-21 13:47:18,7.43,23700,7.43,U
sz000983,山西焦煤,2025-10-21 13:47:36,7.42,33700,7.43,D
sz000983,山西焦煤,2025-10-21 13:47:39,7.42,98300,7.42,D
sz000983,山西焦煤,2025-10-21 13:48:03,7.42,70200,7.42,U
sz000983,山西焦煤,2025-10-21 13:49:48,7.41,28400,7.41,D
sz000983,山西焦煤,2025-10-21 13:49:51,7.42,20100,7.41,U
sz000983,山西焦煤,2025-10-21 13:50:09,7.41,37400,7.42,D
sz000983,山西焦煤,2025-10-21 13:50:12,7.41,293700,7.41,D
sz000983,山西焦煤,2025-10-21 13:50:33,7.4,36900,7.4,D
sz000983,山西焦煤,2025-10-21 13:50:36,7.42,40900,7.4,U
sz000983,山西焦煤,2025-10-21 13:51:18,7.4,105400,7.41,D
sz000983,山西焦煤,2025-10-21 13:51:21,7.4,107000,7.4,D
sz000983,山西焦煤,2025-10-21 13:52:03,7.4,380500,7.4,D
sz000983,山西焦煤,2025-10-21 13:53:03,7.4,21200,7.4,D
sz000983,山西焦煤,2025-10-21 13:53:21,7.41,86400,7.41,U
sz000983,山西焦煤,2025-10-21 13:53:33,7.41,57700,7.4,U
sz000983,山西焦煤,2025-10-21 13:53:45,7.41,20000,7.41,U
sz000983,山西焦煤,2025-10-21 13:54:12,7.41,31600,7.41,U
sz000983,山西焦煤,2025-10-21 13:54:15,7.42,73400,7.41,U
sz000983,山西焦煤,2025-10-21 13:54:18,7.42,258251,7.42,U
sz000983,山西焦煤,2025-10-21 13:54:21,7.43,24200,7.42,U
sz000983,山西焦煤,2025-10-21 13:54:54,7.41,30700,7.42,D
sz000983,山西焦煤,2025-10-21 13:56:18,7.41,98500,7.42,D
sz000983,山西焦煤,2025-10-21 13:56:33,7.42,119300,7.41,U
sz000983,山西焦煤,2025-10-21 13:56:36,7.41,42800,7.42,D
sz000983,山西焦煤,2025-10-21 13:58:51,7.41,47000,7.41,D
sz000983,山西焦煤,2025-10-21 13:59:03,7.42,28000,7.41,U
sz000983,山西焦煤,2025-10-21 13:59:21,7.42,22400,7.41,U
sz000983,山西焦煤,2025-10-21 14:00:09,7.42,38300,7.42,U
sz000983,山西焦煤,2025-10-21 14:00:45,7.42,21300,7.41,U
sz000983,山西焦煤,2025-10-21 14:00:48,7.43,140500,7.42,U
sz000983,山西焦煤,2025-10-21 14:00:51,7.42,69000,7.43,D
sz000983,山西焦煤,2025-10-21 14:01:00,7.42,21100,7.42,U
sz000983,山西焦煤,2025-10-21 14:01:36,7.42,47000,7.42,U
sz000983,山西焦煤,2025-10-21 14:01:39,7.43,281900,7.42,U
sz000983,山西焦煤,2025-10-21 14:01:45,7.42,21100,7.43,D
sz000983,山西焦煤,2025-10-21 14:01:57,7.42,62200,7.42,U
sz000983,山西焦煤,2025-10-21 14:02:03,7.41,75700,7.43,D
sz000983,山西焦煤,2025-10-21 14:02:21,7.42,20500,7.42,U
sz000983,山西焦煤,2025-10-21 14:02:30,7.41,49900,7.42,D
sz000983,山西焦煤,2025-10-21 14:02:39,7.41,32300,7.42,D
sz000983,山西焦煤,2025-10-21 14:02:51,7.42,25900,7.42,D
sz000983,山西焦煤,2025-10-21 14:02:57,7.42,20400,7.42,U
sz000983,山西焦煤,2025-10-21 14:03:00,7.42,20500,7.42,U
sz000983,山西焦煤,2025-10-21 14:03:30,7.42,56700,7.42,U
sz000983,山西焦煤,2025-10-21 14:03:36,7.43,59800,7.42,U
sz000983,山西焦煤,2025-10-21 14:05:03,7.42,83100,7.42,D
sz000983,山西焦煤,2025-10-21 14:05:06,7.42,36900,7.42,U
sz000983,山西焦煤,2025-10-21 14:05:12,7.42,55900,7.42,D
sz000983,山西焦煤,2025-10-21 14:05:15,7.42,21500,7.42,D
sz000983,山西焦煤,2025-10-21 14:05:45,7.43,56400,7.43,U
sz000983,山西焦煤,2025-10-21 14:05:51,7.43,78000,7.42,U
sz000983,山西焦煤,2025-10-21 14:06:03,7.42,24200,7.43,D
sz000983,山西焦煤,2025-10-21 14:06:18,7.42,113400,7.42,D
sz000983,山西焦煤,2025-10-21 14:06:24,7.43,28200,7.42,U
sz000983,山西焦煤,2025-10-21 14:06:33,7.42,22200,7.43,D
sz000983,山西焦煤,2025-10-21 14:07:06,7.41,20700,7.41,D
sz000983,山西焦煤,2025-10-21 14:07:12,7.41,63800,7.41,D
sz000983,山西焦煤,2025-10-21 14:07:15,7.42,43600,7.41,U
sz000983,山西焦煤,2025-10-21 14:07:18,7.42,31200,7.42,U
sz000983,山西焦煤,2025-10-21 14:07:33,7.42,20500,7.42,U
sz000983,山西焦煤,2025-10-21 14:08:42,7.42,69400,7.42,U
sz000983,山西焦煤,2025-10-21 14:08:45,7.43,42600,7.42,U
sz000983,山西焦煤,2025-10-21 14:08:57,7.43,28400,7.43,U
sz000983,山西焦煤,2025-10-21 14:09:15,7.43,25300,7.42,U
sz000983,山西焦煤,2025-10-21 14:10:09,7.42,77000,7.43,D
sz000983,山西焦煤,2025-10-21 14:11:24,7.42,38300,7.43,D
sz000983,山西焦煤,2025-10-21 14:11:42,7.42,61900,7.43,D
sz000983,山西焦煤,2025-10-21 14:11:48,7.42,21400,7.42,U
sz000983,山西焦煤,2025-10-21 14:12:24,7.42,67400,7.41,U
sz000983,山西焦煤,2025-10-21 14:12:36,7.41,240200,7.42,D
sz000983,山西焦煤,2025-10-21 14:12:48,7.41,35700,7.41,D
sz000983,山西焦煤,2025-10-21 14:12:51,7.42,21000,7.41,U
sz000983,山西焦煤,2025-10-21 14:13:39,7.42,27700,7.42,U
sz000983,山西焦煤,2025-10-21 14:13:57,7.43,23400,7.41,U
sz000983,山西焦煤,2025-10-21 14:14:06,7.43,21200,7.43,U
sz000983,山西焦煤,2025-10-21 14:14:12,7.43,50200,7.43,U
sz000983,山西焦煤,2025-10-21 14:15:21,7.42,25600,7.42,U
sz000983,山西焦煤,2025-10-21 14:15:36,7.42,128300,7.41,U
sz000983,山西焦煤,2025-10-21 14:15:42,7.42,58700,7.42,U
sz000983,山西焦煤,2025-10-21 14:15:45,7.42,104300,7.42,D
sz000983,山西焦煤,2025-10-21 14:16:18,7.41,93000,7.41,D
sz000983,山西焦煤,2025-10-21 14:16:21,7.42,125800,7.41,U
sz000983,山西焦煤,2025-10-21 14:16:27,7.42,25300,7.42,U
sz000983,山西焦煤,2025-10-21 14:16:39,7.42,26100,7.42,U
sz000983,山西焦煤,2025-10-21 14:16:51,7.42,58000,7.42,U
sz000983,山西焦煤,2025-10-21 14:16:57,7.43,29200,7.42,U
sz000983,山西焦煤,2025-10-21 14:17:09,7.43,21200,7.43,U
sz000983,山西焦煤,2025-10-21 14:18:51,7.43,35300,7.42,U
sz000983,山西焦煤,2025-10-21 14:19:06,7.43,22300,7.42,U
sz000983,山西焦煤,2025-10-21 14:19:09,7.43,108800,7.43,U
sz000983,山西焦煤,2025-10-21 14:19:12,7.42,20100,7.43,D
sz000983,山西焦煤,2025-10-21 14:19:18,7.43,26600,7.43,U
sz000983,山西焦煤,2025-10-21 14:19:33,7.43,59500,7.42,U
sz000983,山西焦煤,2025-10-21 14:20:00,7.43,66900,7.42,U
sz000983,山西焦煤,2025-10-21 14:20:15,7.43,20100,7.43,U
sz000983,山西焦煤,2025-10-21 14:20:45,7.42,200100,7.43,D
sz000983,山西焦煤,2025-10-21 14:21:03,7.42,89700,7.42,D
sz000983,山西焦煤,2025-10-21 14:21:06,7.43,30700,7.42,U
sz000983,山西焦煤,2025-10-21 14:22:00,7.43,37600,7.43,U
sz000983,山西焦煤,2025-10-21 14:22:27,7.43,31400,7.43,U
sz000983,山西焦煤,2025-10-21 14:22:42,7.43,28000,7.42,U
sz000983,山西焦煤,2025-10-21 14:22:51,7.43,25100,7.42,U
sz000983,山西焦煤,2025-10-21 14:22:57,7.43,45200,7.43,U
sz000983,山西焦煤,2025-10-21 14:23:00,7.44,30500,7.43,U
sz000983,山西焦煤,2025-10-21 14:23:06,7.44,78800,7.44,U
sz000983,山西焦煤,2025-10-21 14:23:09,7.44,38000,7.44,U
sz000983,山西焦煤,2025-10-21 14:23:12,7.44,20000,7.44,U
sz000983,山西焦煤,2025-10-21 14:23:15,7.44,60100,7.44,U
sz000983,山西焦煤,2025-10-21 14:23:18,7.44,21500,7.44,U
sz000983,山西焦煤,2025-10-21 14:23:21,7.44,25600,7.44,U
sz000983,山西焦煤,2025-10-21 14:23:39,7.44,22500,7.44,U
sz000983,山西焦煤,2025-10-21 14:23:45,7.44,40200,7.44,U
sz000983,山西焦煤,2025-10-21 14:23:57,7.45,187900,7.44,U
sz000983,山西焦煤,2025-10-21 14:24:12,7.45,29500,7.45,U
sz000983,山西焦煤,2025-10-21 14:24:15,7.44,152400,7.45,D
sz000983,山西焦煤,2025-10-21 14:24:21,7.44,20700,7.45,D
sz000983,山西焦煤,2025-10-21 14:24:27,7.45,27000,7.45,U
sz000983,山西焦煤,2025-10-21 14:24:36,7.45,22300,7.45,U
sz000983,山西焦煤,2025-10-21 14:24:42,7.44,58800,7.45,D
sz000983,山西焦煤,2025-10-21 14:24:45,7.44,28200,7.44,U
sz000983,山西焦煤,2025-10-21 14:25:00,7.44,36800,7.45,D
sz000983,山西焦煤,2025-10-21 14:25:27,7.44,23400,7.44,U
sz000983,山西焦煤,2025-10-21 14:25:30,7.43,50100,7.44,D
sz000983,山西焦煤,2025-10-21 14:25:33,7.44,43700,7.43,U
sz000983,山西焦煤,2025-10-21 14:25:39,7.44,23900,7.44,U
sz000983,山西焦煤,2025-10-21 14:25:48,7.43,28000,7.44,D
sz000983,山西焦煤,2025-10-21 14:25:54,7.45,91000,7.44,U
sz000983,山西焦煤,2025-10-21 14:26:00,7.44,30200,7.44,D
sz000983,山西焦煤,2025-10-21 14:26:09,7.44,48200,7.45,D
sz000983,山西焦煤,2025-10-21 14:26:12,7.44,20800,7.44,U
sz000983,山西焦煤,2025-10-21 14:26:15,7.44,45300,7.44,U
sz000983,山西焦煤,2025-10-21 14:26:18,7.44,70100,7.44,D
sz000983,山西焦煤,2025-10-21 14:26:21,7.45,60300,7.44,U
sz000983,山西焦煤,2025-10-21 14:26:30,7.45,20700,7.45,U
sz000983,山西焦煤,2025-10-21 14:26:36,7.45,405400,7.45,U
sz000983,山西焦煤,2025-10-21 14:26:39,7.44,35100,7.45,D
sz000983,山西焦煤,2025-10-21 14:26:42,7.45,30200,7.44,U
sz000983,山西焦煤,2025-10-21 14:26:48,7.45,54600,7.45,U
sz000983,山西焦煤,2025-10-21 14:26:51,7.45,49100,7.45,U
sz000983,山西焦煤,2025-10-21 14:27:06,7.44,41000,7.44,D
sz000983,山西焦煤,2025-10-21 14:27:24,7.44,72300,7.45,D
sz000983,山西焦煤,2025-10-21 14:27:27,7.44,23100,7.44,D
sz000983,山西焦煤,2025-10-21 14:27:39,7.45,64400,7.45,U
sz000983,山西焦煤,2025-10-21 14:28:03,7.45,26700,7.45,U
sz000983,山西焦煤,2025-10-21 14:28:09,7.45,21200,7.44,U
sz000983,山西焦煤,2025-10-21 14:28:18,7.45,22900,7.45,U
sz000983,山西焦煤,2025-10-21 14:28:42,7.45,36000,7.45,U
sz000983,山西焦煤,2025-10-21 14:28:51,7.45,216500,7.44,U
sz000983,山西焦煤,2025-10-21 14:29:09,7.45,173538,7.45,U
sz000983,山西焦煤,2025-10-21 14:29:36,7.44,25500,7.44,D
sz000983,山西焦煤,2025-10-21 14:29:42,7.45,120000,7.45,U
sz000983,山西焦煤,2025-10-21 14:30:03,7.44,94200,7.45,D
sz000983,山西焦煤,2025-10-21 14:30:18,7.45,21800,7.45,U
sz000983,山西焦煤,2025-10-21 14:30:39,7.44,80700,7.44,D
sz000983,山西焦煤,2025-10-21 14:30:42,7.43,394349,7.44,D
sz000983,山西焦煤,2025-10-21 14:31:09,7.44,61100,7.44,U
sz000983,山西焦煤,2025-10-21 14:31:15,7.45,93500,7.44,U
sz000983,山西焦煤,2025-10-21 14:31:21,7.44,38900,7.44,U
sz000983,山西焦煤,2025-10-21 14:31:24,7.44,50800,7.44,U
sz000983,山西焦煤,2025-10-21 14:31:42,7.44,71000,7.44,U
sz000983,山西焦煤,2025-10-21 14:32:06,7.44,20000,7.44,D
sz000983,山西焦煤,2025-10-21 14:32:15,7.45,22400,7.44,U
sz000983,山西焦煤,2025-10-21 14:32:21,7.44,22200,7.44,D
sz000983,山西焦煤,2025-10-21 14:33:00,7.44,22900,7.45,D
sz000983,山西焦煤,2025-10-21 14:33:21,7.45,24400,7.44,U
sz000983,山西焦煤,2025-10-21 14:33:24,7.44,106800,7.45,D
sz000983,山西焦煤,2025-10-21 14:33:27,7.44,26800,7.44,U
sz000983,山西焦煤,2025-10-21 14:33:33,7.44,82900,7.44,D
sz000983,山西焦煤,2025-10-21 14:34:03,7.45,26600,7.44,U
sz000983,山西焦煤,2025-10-21 14:34:21,7.45,26400,7.44,U
sz000983,山西焦煤,2025-10-21 14:34:24,7.43,27200,7.45,D
sz000983,山西焦煤,2025-10-21 14:35:03,7.43,180800,7.43,D
sz000983,山西焦煤,2025-10-21 14:35:12,7.45,277100,7.43,U
sz000983,山西焦煤,2025-10-21 14:35:18,7.45,98900,7.44,U
sz000983,山西焦煤,2025-10-21 14:35:39,7.44,37000,7.44,D
sz000983,山西焦煤,2025-10-21 14:35:42,7.45,37700,7.44,U
sz000983,山西焦煤,2025-10-21 14:35:48,7.45,37100,7.44,U
sz000983,山西焦煤,2025-10-21 14:35:57,7.44,24600,7.44,U
sz000983,山西焦煤,2025-10-21 14:36:03,7.44,47500,7.43,U
sz000983,山西焦煤,2025-10-21 14:36:12,7.43,34900,7.44,D
sz000983,山西焦煤,2025-10-21 14:36:18,7.44,21000,7.44,D
sz000983,山西焦煤,2025-10-21 14:36:24,7.44,64100,7.44,U
sz000983,山西焦煤,2025-10-21 14:36:36,7.44,184900,7.43,U
sz000983,山西焦煤,2025-10-21 14:36:42,7.45,72800,7.43,U
sz000983,山西焦煤,2025-10-21 14:37:06,7.44,20800,7.45,D
sz000983,山西焦煤,2025-10-21 14:37:12,7.45,20300,7.44,U
sz000983,山西焦煤,2025-10-21 14:37:30,7.44,77100,7.45,D
sz000983,山西焦煤,2025-10-21 14:37:33,7.44,21400,7.44,D
sz000983,山西焦煤,2025-10-21 14:37:36,7.44,23900,7.44,D
sz000983,山西焦煤,2025-10-21 14:37:45,7.44,24700,7.44,D
sz000983,山西焦煤,2025-10-21 14:38:03,7.45,29900,7.44,U
sz000983,山西焦煤,2025-10-21 14:38:06,7.45,24500,7.45,U
sz000983,山西焦煤,2025-10-21 14:38:24,7.44,81100,7.45,D
sz000983,山西焦煤,2025-10-21 14:38:42,7.45,22100,7.45,U
sz000983,山西焦煤,2025-10-21 14:38:45,7.44,31200,7.45,D
sz000983,山西焦煤,2025-10-21 14:39:06,7.45,81600,7.44,U
sz000983,山西焦煤,2025-10-21 14:39:18,7.45,74900,7.45,U
sz000983,山西焦煤,2025-10-21 14:39:45,7.45,69100,7.44,U
sz000983,山西焦煤,2025-10-21 14:40:15,7.45,34400,7.45,U
sz000983,山西焦煤,2025-10-21 14:40:27,7.45,37000,7.44,U
sz000983,山西焦煤,2025-10-21 14:40:36,7.45,22400,7.44,U
sz000983,山西焦煤,2025-10-21 14:40:48,7.44,48400,7.45,D
sz000983,山西焦煤,2025-10-21 14:40:54,7.45,22800,7.44,U
sz000983,山西焦煤,2025-10-21 14:41:03,7.44,84400,7.44,D
sz000983,山西焦煤,2025-10-21 14:41:06,7.44,31800,7.44,D
sz000983,山西焦煤,2025-10-21 14:41:09,7.44,42300,7.44,D
sz000983,山西焦煤,2025-10-21 14:41:33,7.44,33500,7.44,U
sz000983,山西焦煤,2025-10-21 14:41:36,7.44,39000,7.44,U
sz000983,山西焦煤,2025-10-21 14:41:45,7.43,22200,7.43,D
sz000983,山西焦煤,2025-10-21 14:41:48,7.43,21100,7.43,D
sz000983,山西焦煤,2025-10-21 14:42:00,7.44,33100,7.44,U
sz000983,山西焦煤,2025-10-21 14:42:15,7.44,55500,7.43,U
sz000983,山西焦煤,2025-10-21 14:42:36,7.43,54200,7.43,D
sz000983,山西焦煤,2025-10-21 14:43:45,7.44,55900,7.43,U
sz000983,山西焦煤,2025-10-21 14:43:48,7.44,157100,7.44,U
sz000983,山西焦煤,2025-10-21 14:44:06,7.43,46800,7.43,D
sz000983,山西焦煤,2025-10-21 14:44:15,7.43,566600,7.44,D
sz000983,山西焦煤,2025-10-21 14:44:18,7.42,30700,7.43,D
sz000983,山西焦煤,2025-10-21 14:44:27,7.43,31500,7.43,D
sz000983,山西焦煤,2025-10-21 14:44:45,7.43,31300,7.43,U
sz000983,山西焦煤,2025-10-21 14:44:48,7.43,20200,7.43,U
sz000983,山西焦煤,2025-10-21 14:45:03,7.43,94300,7.43,D
sz000983,山西焦煤,2025-10-21 14:45:15,7.44,163700,7.43,U
sz000983,山西焦煤,2025-10-21 14:45:27,7.43,29400,7.43,D
sz000983,山西焦煤,2025-10-21 14:45:45,7.43,39400,7.44,D
sz000983,山西焦煤,2025-10-21 14:46:00,7.43,43700,7.44,D
sz000983,山西焦煤,2025-10-21 14:46:03,7.44,59200,7.43,U
sz000983,山西焦煤,2025-10-21 14:46:06,7.43,29000,7.44,D
sz000983,山西焦煤,2025-10-21 14:46:09,7.44,36400,7.43,U
sz000983,山西焦煤,2025-10-21 14:46:15,7.44,54100,7.43,U
sz000983,山西焦煤,2025-10-21 14:46:18,7.43,62500,7.44,D
sz000983,山西焦煤,2025-10-21 14:46:21,7.44,65300,7.43,U
sz000983,山西焦煤,2025-10-21 14:46:24,7.43,21400,7.44,D
sz000983,山西焦煤,2025-10-21 14:46:42,7.44,20500,7.43,U
sz000983,山西焦煤,2025-10-21 14:46:48,7.44,97600,7.44,U
sz000983,山西焦煤,2025-10-21 14:46:51,7.44,24600,7.44,U
sz000983,山西焦煤,2025-10-21 14:46:54,7.44,108300,7.44,U
sz000983,山西焦煤,2025-10-21 14:47:00,7.44,25000,7.44,U
sz000983,山西焦煤,2025-10-21 14:47:03,7.44,21400,7.44,U
sz000983,山西焦煤,2025-10-21 14:47:06,7.44,21600,7.44,U
sz000983,山西焦煤,2025-10-21 14:47:12,7.44,20500,7.44,U
sz000983,山西焦煤,2025-10-21 14:47:15,7.43,31400,7.44,D
sz000983,山西焦煤,2025-10-21 14:47:18,7.44,39000,7.43,U
sz000983,山西焦煤,2025-10-21 14:47:30,7.44,31000,7.43,U
sz000983,山西焦煤,2025-10-21 14:47:39,7.43,29100,7.44,D
sz000983,山西焦煤,2025-10-21 14:47:45,7.44,37200,7.43,U
sz000983,山西焦煤,2025-10-21 14:47:51,7.43,24900,7.43,D
sz000983,山西焦煤,2025-10-21 14:48:06,7.44,77400,7.43,U
sz000983,山西焦煤,2025-10-21 14:48:09,7.43,55000,7.44,D
sz000983,山西焦煤,2025-10-21 14:48:33,7.43,30400,7.43,D
sz000983,山西焦煤,2025-10-21 14:48:36,7.44,21000,7.43,U
sz000983,山西焦煤,2025-10-21 14:48:39,7.45,21200,7.44,U
sz000983,山西焦煤,2025-10-21 14:48:51,7.44,25400,7.44,U
sz000983,山西焦煤,2025-10-21 14:48:54,7.44,40600,7.44,U
sz000983,山西焦煤,2025-10-21 14:49:06,7.44,51600,7.43,U
sz000983,山西焦煤,2025-10-21 14:49:09,7.43,76500,7.44,D
sz000983,山西焦煤,2025-10-21 14:49:15,7.44,83400,7.44,U
sz000983,山西焦煤,2025-10-21 14:49:18,7.43,214100,7.44,D
sz000983,山西焦煤,2025-10-21 14:49:24,7.44,101800,7.43,U
sz000983,山西焦煤,2025-10-21 14:49:27,7.44,21400,7.44,U
sz000983,山西焦煤,2025-10-21 14:49:42,7.44,27900,7.44,D
sz000983,山西焦煤,2025-10-21 14:50:00,7.44,42200,7.45,U
sz000983,山西焦煤,2025-10-21 14:50:03,7.43,107900,7.44,D
sz000983,山西焦煤,2025-10-21 14:50:06,7.43,83400,7.43,D
sz000983,山西焦煤,2025-10-21 14:50:21,7.43,33200,7.44,D
sz000983,山西焦煤,2025-10-21 14:50:24,7.43,20200,7.43,D
sz000983,山西焦煤,2025-10-21 14:50:30,7.44,72400,7.43,U
sz000983,山西焦煤,2025-10-21 14:50:33,7.43,117800,7.44,D
sz000983,山西焦煤,2025-10-21 14:51:00,7.43,41600,7.44,D
sz000983,山西焦煤,2025-10-21 14:51:03,7.43,23000,7.43,D
sz000983,山西焦煤,2025-10-21 14:51:06,7.43,84300,7.43,D
sz000983,山西焦煤,2025-10-21 14:51:09,7.43,21800,7.43,D
sz000983,山西焦煤,2025-10-21 14:51:27,7.43,20500,7.43,D
sz000983,山西焦煤,2025-10-21 14:51:33,7.43,144700,7.44,D
sz000983,山西焦煤,2025-10-21 14:51:42,7.44,38300,7.44,U
sz000983,山西焦煤,2025-10-21 14:51:45,7.43,122000,7.44,D
sz000983,山西焦煤,2025-10-21 14:51:54,7.43,22700,7.44,D
sz000983,山西焦煤,2025-10-21 14:52:06,7.43,114800,7.43,D
sz000983,山西焦煤,2025-10-21 14:52:09,7.44,51000,7.43,U
sz000983,山西焦煤,2025-10-21 14:52:12,7.44,34200,7.44,U
sz000983,山西焦煤,2025-10-21 14:52:15,7.43,36700,7.44,D
sz000983,山西焦煤,2025-10-21 14:52:18,7.44,32100,7.43,U
sz000983,山西焦煤,2025-10-21 14:52:33,7.43,164200,7.43,D
sz000983,山西焦煤,2025-10-21 14:52:42,7.44,28800,7.43,U
sz000983,山西焦煤,2025-10-21 14:52:45,7.43,26100,7.44,D
sz000983,山西焦煤,2025-10-21 14:52:48,7.44,69200,7.43,U
sz000983,山西焦煤,2025-10-21 14:52:51,7.43,71200,7.44,D
sz000983,山西焦煤,2025-10-21 14:52:54,7.44,36900,7.43,U
sz000983,山西焦煤,2025-10-21 14:53:03,7.44,35200,7.44,U
sz000983,山西焦煤,2025-10-21 14:53:06,7.43,345000,7.44,D
sz000983,山西焦煤,2025-10-21 14:53:09,7.44,96700,7.43,U
sz000983,山西焦煤,2025-10-21 14:53:12,7.43,30400,7.44,D
sz000983,山西焦煤,2025-10-21 14:53:15,7.43,22500,7.43,D
sz000983,山西焦煤,2025-10-21 14:53:18,7.44,23100,7.43,U
sz000983,山西焦煤,2025-10-21 14:53:21,7.44,30900,7.44,U
sz000983,山西焦煤,2025-10-21 14:53:24,7.44,51600,7.44,U
sz000983,山西焦煤,2025-10-21 14:53:30,7.43,29900,7.43,D
sz000983,山西焦煤,2025-10-21 14:53:33,7.44,134200,7.43,U
sz000983,山西焦煤,2025-10-21 14:53:45,7.44,327900,7.43,U
sz000983,山西焦煤,2025-10-21 14:54:00,7.44,28300,7.43,U
sz000983,山西焦煤,2025-10-21 14:54:03,7.44,252600,7.44,U
sz000983,山西焦煤,2025-10-21 14:54:06,7.43,91700,7.44,D
sz000983,山西焦煤,2025-10-21 14:54:12,7.43,36900,7.44,D
sz000983,山西焦煤,2025-10-21 14:54:21,7.44,105500,7.44,U
sz000983,山西焦煤,2025-10-21 14:54:24,7.45,105300,7.44,U
sz000983,山西焦煤,2025-10-21 14:54:33,7.43,78400,7.44,D
sz000983,山西焦煤,2025-10-21 14:54:39,7.44,33400,7.44,U
sz000983,山西焦煤,2025-10-21 14:54:42,7.44,29700,7.44,U
sz000983,山西焦煤,2025-10-21 14:54:45,7.44,25000,7.44,U
sz000983,山西焦煤,2025-10-21 14:54:48,7.44,20200,7.44,U
sz000983,山西焦煤,2025-10-21 14:54:51,7.44,37300,7.44,U
sz000983,山西焦煤,2025-10-21 14:55:00,7.43,34100,7.44,D
sz000983,山西焦煤,2025-10-21 14:55:03,7.43,39500,7.43,D
sz000983,山西焦煤,2025-10-21 14:55:12,7.44,21600,7.44,U
sz000983,山西焦煤,2025-10-21 14:55:33,7.44,107200,7.44,U
sz000983,山西焦煤,2025-10-21 14:55:36,7.44,23500,7.44,U
sz000983,山西焦煤,2025-10-21 14:55:42,7.44,20600,7.44,U
sz000983,山西焦煤,2025-10-21 14:55:48,7.43,101300,7.43,D
sz000983,山西焦煤,2025-10-21 14:55:51,7.43,34600,7.43,D
sz000983,山西焦煤,2025-10-21 14:55:57,7.44,38500,7.43,U
sz000983,山西焦煤,2025-10-21 14:56:00,7.44,28100,7.44,U
sz000983,山西焦煤,2025-10-21 14:56:03,7.44,267800,7.44,U
sz000983,山西焦煤,2025-10-21 14:56:15,7.44,56200,7.44,D
sz000983,山西焦煤,2025-10-21 14:56:18,7.45,123900,7.44,U
sz000983,山西焦煤,2025-10-21 14:56:21,7.45,24900,7.45,U
sz000983,山西焦煤,2025-10-21 14:56:27,7.44,36600,7.44,D
sz000983,山西焦煤,2025-10-21 14:56:33,7.44,183800,7.44,D
sz000983,山西焦煤,2025-10-21 14:56:45,7.44,77400,7.44,D
sz000983,山西焦煤,2025-10-21 14:56:48,7.45,30100,7.44,U
sz000983,山西焦煤,2025-10-21 14:56:51,7.43,26400,7.45,D
sz000983,山西焦煤,2025-10-21 14:56:54,7.44,29200,7.43,U
sz000983,山西焦煤,2025-10-21 14:56:57,7.44,28600,7.44,U
sz000983,山西焦煤,2025-10-21 15:00:00,7.44,1298900,7.43,U
