symbol,name,ticktime,price,volume,prev_price,kind
sz000983,山西焦煤,2025-09-23 09:25:00,7.25,353400,0.0,D
sz000983,山西焦煤,2025-09-23 09:30:00,7.25,94200,7.25,D
sz000983,山西焦煤,2025-09-23 09:30:03,7.28,194600,7.25,U
sz000983,山西焦煤,2025-09-23 09:30:06,7.26,92520,7.28,D
sz000983,山西焦煤,2025-09-23 09:30:09,7.26,42800,7.26,D
sz000983,山西焦煤,2025-09-23 09:30:15,7.26,38100,7.26,D
sz000983,山西焦煤,2025-09-23 09:30:18,7.27,29100,7.26,U
sz000983,山西焦煤,2025-09-23 09:30:21,7.26,46180,7.27,D
sz000983,山西焦煤,2025-09-23 09:30:24,7.28,57920,7.26,U
sz000983,山西焦煤,2025-09-23 09:30:27,7.28,28600,7.28,D
sz000983,山西焦煤,2025-09-23 09:30:42,7.26,40000,7.26,D
sz000983,山西焦煤,2025-09-23 09:30:45,7.26,21100,7.26,D
sz000983,山西焦煤,2025-09-23 09:30:48,7.27,22300,7.26,U
sz000983,山西焦煤,2025-09-23 09:30:51,7.26,46180,7.27,D
sz000983,山西焦煤,2025-09-23 09:30:54,7.26,35200,7.26,U
sz000983,山西焦煤,2025-09-23 09:30:57,7.25,184500,7.26,D
sz000983,山西焦煤,2025-09-23 09:31:00,7.24,27000,7.25,D
sz000983,山西焦煤,2025-09-23 09:31:03,7.24,25300,7.24,D
sz000983,山西焦煤,2025-09-23 09:31:06,7.24,28100,7.24,D
sz000983,山西焦煤,2025-09-23 09:31:12,7.24,20200,7.24,D
sz000983,山西焦煤,2025-09-23 09:31:15,7.24,31600,7.24,D
sz000983,山西焦煤,2025-09-23 09:31:24,7.24,50900,7.24,D
sz000983,山西焦煤,2025-09-23 09:31:27,7.24,99200,7.24,D
sz000983,山西焦煤,2025-09-23 09:31:30,7.24,76000,7.24,D
sz000983,山西焦煤,2025-09-23 09:31:39,7.23,40600,7.23,D
sz000983,山西焦煤,2025-09-23 09:31:42,7.24,23800,7.23,U
sz000983,山西焦煤,2025-09-23 09:31:45,7.23,50700,7.24,D
sz000983,山西焦煤,2025-09-23 09:31:54,7.23,40700,7.23,D
sz000983,山西焦煤,2025-09-23 09:31:57,7.23,41700,7.23,D
sz000983,山西焦煤,2025-09-23 09:32:00,7.23,24900,7.23,D
sz000983,山西焦煤,2025-09-23 09:32:12,7.24,39900,7.23,U
sz000983,山西焦煤,2025-09-23 09:32:15,7.23,35400,7.24,D
sz000983,山西焦煤,2025-09-23 09:32:24,7.23,117400,7.24,D
sz000983,山西焦煤,2025-09-23 09:32:27,7.23,32900,7.23,U
sz000983,山西焦煤,2025-09-23 09:32:33,7.23,43300,7.24,U
sz000983,山西焦煤,2025-09-23 09:32:36,7.23,44300,7.23,D
sz000983,山西焦煤,2025-09-23 09:32:42,7.23,64200,7.23,D
sz000983,山西焦煤,2025-09-23 09:32:48,7.24,58600,7.24,U
sz000983,山西焦煤,2025-09-23 09:32:57,7.23,30611,7.24,D
sz000983,山西焦煤,2025-09-23 09:33:06,7.24,38000,7.23,U
sz000983,山西焦煤,2025-09-23 09:33:09,7.24,75600,7.24,U
sz000983,山西焦煤,2025-09-23 09:33:12,7.25,20900,7.24,U
sz000983,山西焦煤,2025-09-23 09:33:18,7.24,82100,7.24,D
sz000983,山西焦煤,2025-09-23 09:33:24,7.23,35900,7.24,D
sz000983,山西焦煤,2025-09-23 09:33:39,7.23,30900,7.24,D
sz000983,山西焦煤,2025-09-23 09:33:45,7.24,22800,7.24,U
sz000983,山西焦煤,2025-09-23 09:33:48,7.24,25600,7.24,U
sz000983,山西焦煤,2025-09-23 09:34:06,7.22,153589,7.24,D
sz000983,山西焦煤,2025-09-23 09:34:09,7.23,26400,7.22,U
sz000983,山西焦煤,2025-09-23 09:34:21,7.22,37500,7.23,D
sz000983,山西焦煤,2025-09-23 09:34:24,7.23,28000,7.22,U
sz000983,山西焦煤,2025-09-23 09:34:27,7.22,30400,7.23,D
sz000983,山西焦煤,2025-09-23 09:34:30,7.22,156300,7.22,D
sz000983,山西焦煤,2025-09-23 09:34:36,7.21,47300,7.21,D
sz000983,山西焦煤,2025-09-23 09:34:39,7.21,33200,7.21,D
sz000983,山西焦煤,2025-09-23 09:34:42,7.21,34600,7.21,D
sz000983,山西焦煤,2025-09-23 09:34:45,7.21,23700,7.21,D
sz000983,山西焦煤,2025-09-23 09:34:48,7.22,27100,7.21,U
sz000983,山西焦煤,2025-09-23 09:34:51,7.22,124900,7.22,U
sz000983,山西焦煤,2025-09-23 09:34:57,7.23,56100,7.22,U
sz000983,山西焦煤,2025-09-23 09:35:00,7.22,35000,7.23,D
sz000983,山西焦煤,2025-09-23 09:35:06,7.23,21700,7.22,U
sz000983,山西焦煤,2025-09-23 09:35:12,7.23,148400,7.22,U
sz000983,山西焦煤,2025-09-23 09:35:18,7.24,39200,7.23,U
sz000983,山西焦煤,2025-09-23 09:35:33,7.23,79800,7.23,D
sz000983,山西焦煤,2025-09-23 09:35:39,7.23,58100,7.23,D
sz000983,山西焦煤,2025-09-23 09:35:42,7.23,133200,7.23,D
sz000983,山西焦煤,2025-09-23 09:35:45,7.24,100900,7.23,E
sz000983,山西焦煤,2025-09-23 09:35:48,7.24,57200,7.24,D
sz000983,山西焦煤,2025-09-23 09:35:54,7.24,44200,7.24,D
sz000983,山西焦煤,2025-09-23 09:35:57,7.24,45500,7.24,D
sz000983,山西焦煤,2025-09-23 09:36:12,7.25,34800,7.24,U
sz000983,山西焦煤,2025-09-23 09:36:15,7.26,175700,7.25,U
sz000983,山西焦煤,2025-09-23 09:36:27,7.27,43400,7.27,U
sz000983,山西焦煤,2025-09-23 09:36:33,7.27,26800,7.28,D
sz000983,山西焦煤,2025-09-23 09:36:36,7.27,65200,7.27,D
sz000983,山西焦煤,2025-09-23 09:36:39,7.28,87100,7.27,U
sz000983,山西焦煤,2025-09-23 09:36:45,7.28,64200,7.28,U
sz000983,山西焦煤,2025-09-23 09:36:57,7.26,382100,7.27,D
sz000983,山西焦煤,2025-09-23 09:37:03,7.27,25600,7.26,U
sz000983,山西焦煤,2025-09-23 09:37:12,7.26,73700,7.26,D
sz000983,山西焦煤,2025-09-23 09:37:18,7.26,29700,7.25,U
sz000983,山西焦煤,2025-09-23 09:37:21,7.26,23500,7.26,D
sz000983,山西焦煤,2025-09-23 09:37:42,7.25,33200,7.25,D
sz000983,山西焦煤,2025-09-23 09:37:57,7.24,105300,7.25,D
sz000983,山西焦煤,2025-09-23 09:38:48,7.23,30800,7.23,D
sz000983,山西焦煤,2025-09-23 09:38:54,7.23,25100,7.23,D
sz000983,山西焦煤,2025-09-23 09:38:57,7.23,24800,7.23,D
sz000983,山西焦煤,2025-09-23 09:39:09,7.24,70500,7.23,U
sz000983,山西焦煤,2025-09-23 09:39:18,7.24,206050,7.23,U
sz000983,山西焦煤,2025-09-23 09:39:21,7.25,27000,7.24,U
sz000983,山西焦煤,2025-09-23 09:39:39,7.25,30000,7.25,D
sz000983,山西焦煤,2025-09-23 09:39:51,7.27,118500,7.26,U
sz000983,山西焦煤,2025-09-23 09:39:57,7.27,26200,7.27,U
sz000983,山西焦煤,2025-09-23 09:40:03,7.26,20300,7.27,D
sz000983,山西焦煤,2025-09-23 09:40:09,7.27,73400,7.27,U
sz000983,山西焦煤,2025-09-23 09:40:12,7.27,37200,7.27,D
sz000983,山西焦煤,2025-09-23 09:40:15,7.27,23500,7.27,D
sz000983,山西焦煤,2025-09-23 09:40:21,7.28,78100,7.28,U
sz000983,山西焦煤,2025-09-23 09:40:27,7.27,32924,7.27,D
sz000983,山西焦煤,2025-09-23 09:40:39,7.27,33200,7.28,D
sz000983,山西焦煤,2025-09-23 09:40:51,7.27,27500,7.28,D
sz000983,山西焦煤,2025-09-23 09:40:54,7.28,30300,7.27,U
sz000983,山西焦煤,2025-09-23 09:41:00,7.28,21700,7.28,U
sz000983,山西焦煤,2025-09-23 09:41:09,7.27,31500,7.28,D
sz000983,山西焦煤,2025-09-23 09:41:15,7.27,81600,7.28,D
sz000983,山西焦煤,2025-09-23 09:41:48,7.27,78686,7.26,U
sz000983,山西焦煤,2025-09-23 09:42:27,7.27,34600,7.27,U
sz000983,山西焦煤,2025-09-23 09:42:39,7.28,60700,7.27,U
sz000983,山西焦煤,2025-09-23 09:42:57,7.27,20300,7.27,D
sz000983,山西焦煤,2025-09-23 09:43:12,7.27,478400,7.28,D
sz000983,山西焦煤,2025-09-23 09:43:15,7.28,54100,7.27,U
sz000983,山西焦煤,2025-09-23 09:43:18,7.27,126700,7.28,E
sz000983,山西焦煤,2025-09-23 09:43:21,7.27,40200,7.27,U
sz000983,山西焦煤,2025-09-23 09:43:36,7.26,23600,7.25,U
sz000983,山西焦煤,2025-09-23 09:43:39,7.26,59400,7.26,U
sz000983,山西焦煤,2025-09-23 09:43:42,7.26,45000,7.26,D
sz000983,山西焦煤,2025-09-23 09:43:48,7.25,104500,7.25,D
sz000983,山西焦煤,2025-09-23 09:43:54,7.27,56600,7.26,U
sz000983,山西焦煤,2025-09-23 09:43:57,7.27,28000,7.27,D
sz000983,山西焦煤,2025-09-23 09:44:12,7.27,70200,7.27,U
sz000983,山西焦煤,2025-09-23 09:44:15,7.27,220000,7.27,D
sz000983,山西焦煤,2025-09-23 09:44:18,7.27,106900,7.27,D
sz000983,山西焦煤,2025-09-23 09:44:21,7.27,68700,7.27,U
sz000983,山西焦煤,2025-09-23 09:44:24,7.27,63300,7.27,U
sz000983,山西焦煤,2025-09-23 09:44:27,7.26,24300,7.27,D
sz000983,山西焦煤,2025-09-23 09:44:30,7.27,57200,7.26,U
sz000983,山西焦煤,2025-09-23 09:44:33,7.27,71300,7.27,D
sz000983,山西焦煤,2025-09-23 09:44:36,7.27,29100,7.27,D
sz000983,山西焦煤,2025-09-23 09:44:39,7.28,96600,7.27,U
sz000983,山西焦煤,2025-09-23 09:44:42,7.28,137100,7.28,U
sz000983,山西焦煤,2025-09-23 09:44:45,7.28,64300,7.28,U
sz000983,山西焦煤,2025-09-23 09:44:48,7.28,83600,7.28,U
sz000983,山西焦煤,2025-09-23 09:44:54,7.27,46300,7.28,D
sz000983,山西焦煤,2025-09-23 09:44:57,7.27,31600,7.27,U
sz000983,山西焦煤,2025-09-23 09:45:03,7.27,29300,7.27,U
sz000983,山西焦煤,2025-09-23 09:45:12,7.28,28300,7.27,U
sz000983,山西焦煤,2025-09-23 09:45:15,7.28,207600,7.28,U
sz000983,山西焦煤,2025-09-23 09:45:21,7.26,106200,7.27,D
sz000983,山西焦煤,2025-09-23 09:45:24,7.25,50900,7.26,D
sz000983,山西焦煤,2025-09-23 09:45:27,7.26,32400,7.25,U
sz000983,山西焦煤,2025-09-23 09:45:33,7.25,25200,7.26,D
sz000983,山西焦煤,2025-09-23 09:45:36,7.25,36500,7.25,D
sz000983,山西焦煤,2025-09-23 09:45:39,7.26,92300,7.25,U
sz000983,山西焦煤,2025-09-23 09:45:42,7.25,47300,7.26,D
sz000983,山西焦煤,2025-09-23 09:45:45,7.26,44700,7.25,D
sz000983,山西焦煤,2025-09-23 09:45:48,7.27,22100,7.26,U
sz000983,山西焦煤,2025-09-23 09:45:51,7.26,23900,7.27,D
sz000983,山西焦煤,2025-09-23 09:46:03,7.27,22200,7.27,U
sz000983,山西焦煤,2025-09-23 09:46:06,7.28,56200,7.27,U
sz000983,山西焦煤,2025-09-23 09:46:18,7.27,79500,7.27,D
sz000983,山西焦煤,2025-09-23 09:46:21,7.28,255224,7.27,U
sz000983,山西焦煤,2025-09-23 09:46:24,7.29,67000,7.28,U
sz000983,山西焦煤,2025-09-23 09:46:27,7.28,63400,7.29,D
sz000983,山西焦煤,2025-09-23 09:46:30,7.28,76400,7.28,D
sz000983,山西焦煤,2025-09-23 09:46:33,7.28,28200,7.28,D
sz000983,山西焦煤,2025-09-23 09:46:36,7.28,20700,7.28,D
sz000983,山西焦煤,2025-09-23 09:46:39,7.27,81000,7.28,D
sz000983,山西焦煤,2025-09-23 09:46:42,7.28,53900,7.27,U
sz000983,山西焦煤,2025-09-23 09:46:45,7.27,28100,7.28,D
sz000983,山西焦煤,2025-09-23 09:46:51,7.27,31600,7.27,U
sz000983,山西焦煤,2025-09-23 09:47:00,7.28,63100,7.28,U
sz000983,山西焦煤,2025-09-23 09:47:06,7.28,21300,7.27,U
sz000983,山西焦煤,2025-09-23 09:47:09,7.28,35600,7.28,D
sz000983,山西焦煤,2025-09-23 09:47:18,7.28,69700,7.28,U
sz000983,山西焦煤,2025-09-23 09:47:21,7.28,30700,7.28,U
sz000983,山西焦煤,2025-09-23 09:47:27,7.3,154900,7.28,U
sz000983,山西焦煤,2025-09-23 09:47:30,7.29,21700,7.3,D
sz000983,山西焦煤,2025-09-23 09:47:36,7.3,39700,7.29,U
sz000983,山西焦煤,2025-09-23 09:47:39,7.29,201000,7.3,D
sz000983,山西焦煤,2025-09-23 09:47:42,7.3,21000,7.29,U
sz000983,山西焦煤,2025-09-23 09:47:45,7.3,147000,7.3,U
sz000983,山西焦煤,2025-09-23 09:47:48,7.3,42200,7.3,U
sz000983,山西焦煤,2025-09-23 09:47:51,7.29,64700,7.3,D
sz000983,山西焦煤,2025-09-23 09:48:00,7.3,68700,7.29,U
sz000983,山西焦煤,2025-09-23 09:48:03,7.29,136400,7.3,D
sz000983,山西焦煤,2025-09-23 09:48:15,7.28,112200,7.29,D
sz000983,山西焦煤,2025-09-23 09:48:18,7.28,41000,7.28,U
sz000983,山西焦煤,2025-09-23 09:48:24,7.28,46600,7.28,U
sz000983,山西焦煤,2025-09-23 09:48:33,7.28,36200,7.28,U
sz000983,山西焦煤,2025-09-23 09:48:45,7.28,44500,7.28,U
sz000983,山西焦煤,2025-09-23 09:48:54,7.27,34700,7.27,D
sz000983,山西焦煤,2025-09-23 09:48:57,7.29,36600,7.27,U
sz000983,山西焦煤,2025-09-23 09:49:15,7.28,103500,7.29,D
sz000983,山西焦煤,2025-09-23 09:49:18,7.28,47700,7.28,D
sz000983,山西焦煤,2025-09-23 09:49:27,7.27,28200,7.28,D
sz000983,山西焦煤,2025-09-23 09:49:30,7.28,69100,7.27,U
sz000983,山西焦煤,2025-09-23 09:49:33,7.27,158100,7.28,D
sz000983,山西焦煤,2025-09-23 09:49:45,7.27,63100,7.27,U
sz000983,山西焦煤,2025-09-23 09:49:48,7.27,46800,7.27,U
sz000983,山西焦煤,2025-09-23 09:50:15,7.28,21000,7.28,U
sz000983,山西焦煤,2025-09-23 09:50:18,7.28,66800,7.28,U
sz000983,山西焦煤,2025-09-23 09:50:36,7.28,42700,7.29,D
sz000983,山西焦煤,2025-09-23 09:50:51,7.29,45700,7.29,U
sz000983,山西焦煤,2025-09-23 09:50:57,7.28,41700,7.28,D
sz000983,山西焦煤,2025-09-23 09:51:18,7.28,38400,7.29,D
sz000983,山西焦煤,2025-09-23 09:51:30,7.28,21700,7.28,D
sz000983,山西焦煤,2025-09-23 09:51:42,7.28,21000,7.28,D
sz000983,山西焦煤,2025-09-23 09:51:51,7.29,107200,7.28,U
sz000983,山西焦煤,2025-09-23 09:51:54,7.29,150300,7.29,U
sz000983,山西焦煤,2025-09-23 09:52:00,7.29,23100,7.29,D
sz000983,山西焦煤,2025-09-23 09:52:09,7.29,33000,7.29,D
sz000983,山西焦煤,2025-09-23 09:52:12,7.3,27400,7.29,U
sz000983,山西焦煤,2025-09-23 09:52:21,7.29,32000,7.29,U
sz000983,山西焦煤,2025-09-23 09:52:24,7.29,71200,7.29,U
sz000983,山西焦煤,2025-09-23 09:52:45,7.29,83200,7.3,D
sz000983,山西焦煤,2025-09-23 09:53:03,7.29,114600,7.3,D
sz000983,山西焦煤,2025-09-23 09:53:12,7.3,65100,7.29,U
sz000983,山西焦煤,2025-09-23 09:53:15,7.3,37700,7.3,U
sz000983,山西焦煤,2025-09-23 09:53:18,7.3,36300,7.3,U
sz000983,山西焦煤,2025-09-23 09:53:24,7.3,21100,7.3,U
sz000983,山西焦煤,2025-09-23 09:53:36,7.3,115600,7.3,U
sz000983,山西焦煤,2025-09-23 09:53:39,7.3,26500,7.3,D
sz000983,山西焦煤,2025-09-23 09:53:42,7.3,28600,7.3,D
sz000983,山西焦煤,2025-09-23 09:53:45,7.3,33000,7.3,U
sz000983,山西焦煤,2025-09-23 09:53:48,7.3,20600,7.3,U
sz000983,山西焦煤,2025-09-23 09:54:00,7.3,349600,7.3,U
sz000983,山西焦煤,2025-09-23 09:54:24,7.31,36300,7.31,U
sz000983,山西焦煤,2025-09-23 09:54:36,7.31,21300,7.31,U
sz000983,山西焦煤,2025-09-23 09:54:39,7.31,86300,7.31,U
sz000983,山西焦煤,2025-09-23 09:54:42,7.31,21500,7.31,U
sz000983,山西焦煤,2025-09-23 09:54:48,7.31,26800,7.31,D
sz000983,山西焦煤,2025-09-23 09:54:54,7.32,28500,7.32,U
sz000983,山西焦煤,2025-09-23 09:54:57,7.32,41000,7.32,U
sz000983,山西焦煤,2025-09-23 09:55:00,7.32,105100,7.32,U
sz000983,山西焦煤,2025-09-23 09:55:06,7.32,94400,7.32,U
sz000983,山西焦煤,2025-09-23 09:55:09,7.32,66600,7.32,U
sz000983,山西焦煤,2025-09-23 09:55:12,7.32,42100,7.32,U
sz000983,山西焦煤,2025-09-23 09:55:15,7.32,53500,7.32,U
sz000983,山西焦煤,2025-09-23 09:55:18,7.32,54400,7.32,U
sz000983,山西焦煤,2025-09-23 09:55:21,7.32,23800,7.32,D
sz000983,山西焦煤,2025-09-23 09:55:24,7.31,135800,7.32,D
sz000983,山西焦煤,2025-09-23 09:55:27,7.31,21000,7.31,E
sz000983,山西焦煤,2025-09-23 09:55:30,7.32,256600,7.31,U
sz000983,山西焦煤,2025-09-23 09:55:36,7.31,80800,7.32,D
sz000983,山西焦煤,2025-09-23 09:55:39,7.31,43600,7.31,D
sz000983,山西焦煤,2025-09-23 09:55:42,7.31,30900,7.31,D
sz000983,山西焦煤,2025-09-23 09:55:45,7.31,24300,7.31,D
sz000983,山西焦煤,2025-09-23 09:55:57,7.32,134400,7.31,U
sz000983,山西焦煤,2025-09-23 09:56:00,7.32,219600,7.32,U
sz000983,山西焦煤,2025-09-23 09:56:12,7.32,54600,7.32,U
sz000983,山西焦煤,2025-09-23 09:56:18,7.33,33700,7.32,U
sz000983,山西焦煤,2025-09-23 09:56:24,7.32,86400,7.33,D
sz000983,山西焦煤,2025-09-23 09:56:27,7.32,167400,7.32,E
sz000983,山西焦煤,2025-09-23 09:56:36,7.32,58200,7.31,U
sz000983,山西焦煤,2025-09-23 09:56:39,7.31,36200,7.32,D
sz000983,山西焦煤,2025-09-23 09:56:42,7.31,53000,7.31,D
sz000983,山西焦煤,2025-09-23 09:56:51,7.31,22200,7.31,U
sz000983,山西焦煤,2025-09-23 09:56:54,7.3,22900,7.31,D
sz000983,山西焦煤,2025-09-23 09:56:57,7.3,28700,7.3,D
sz000983,山西焦煤,2025-09-23 09:57:09,7.3,28700,7.31,D
sz000983,山西焦煤,2025-09-23 09:57:21,7.3,34100,7.31,D
sz000983,山西焦煤,2025-09-23 09:57:27,7.31,136500,7.31,U
sz000983,山西焦煤,2025-09-23 09:57:30,7.3,127400,7.31,D
sz000983,山西焦煤,2025-09-23 09:57:33,7.29,155317,7.3,D
sz000983,山西焦煤,2025-09-23 09:57:36,7.31,28800,7.29,U
sz000983,山西焦煤,2025-09-23 09:58:03,7.3,24100,7.3,U
sz000983,山西焦煤,2025-09-23 09:58:06,7.3,35600,7.3,U
sz000983,山西焦煤,2025-09-23 09:58:09,7.3,27000,7.3,D
sz000983,山西焦煤,2025-09-23 09:58:15,7.3,50600,7.3,U
sz000983,山西焦煤,2025-09-23 09:58:36,7.3,85100,7.3,D
sz000983,山西焦煤,2025-09-23 09:58:51,7.3,66100,7.3,D
sz000983,山西焦煤,2025-09-23 09:58:57,7.29,88100,7.3,D
sz000983,山西焦煤,2025-09-23 09:59:15,7.3,23300,7.29,U
sz000983,山西焦煤,2025-09-23 09:59:30,7.29,113500,7.29,D
sz000983,山西焦煤,2025-09-23 09:59:48,7.3,109200,7.29,U
sz000983,山西焦煤,2025-09-23 10:00:06,7.29,41400,7.28,U
sz000983,山西焦煤,2025-09-23 10:00:24,7.28,35800,7.29,D
sz000983,山西焦煤,2025-09-23 10:00:30,7.28,38800,7.28,D
sz000983,山西焦煤,2025-09-23 10:00:45,7.27,50900,7.28,D
sz000983,山西焦煤,2025-09-23 10:00:54,7.28,162800,7.28,U
sz000983,山西焦煤,2025-09-23 10:00:57,7.27,69700,7.28,D
sz000983,山西焦煤,2025-09-23 10:01:06,7.27,27400,7.27,D
sz000983,山西焦煤,2025-09-23 10:01:24,7.27,337800,7.27,D
sz000983,山西焦煤,2025-09-23 10:01:54,7.27,27300,7.26,U
sz000983,山西焦煤,2025-09-23 10:01:57,7.26,49300,7.27,D
sz000983,山西焦煤,2025-09-23 10:02:06,7.26,42700,7.27,D
sz000983,山西焦煤,2025-09-23 10:02:12,7.27,33200,7.26,U
sz000983,山西焦煤,2025-09-23 10:02:33,7.26,64600,7.26,D
sz000983,山西焦煤,2025-09-23 10:02:36,7.27,198100,7.26,U
sz000983,山西焦煤,2025-09-23 10:02:51,7.26,70800,7.26,D
sz000983,山西焦煤,2025-09-23 10:03:03,7.27,23500,7.26,U
sz000983,山西焦煤,2025-09-23 10:03:09,7.28,230900,7.26,U
sz000983,山西焦煤,2025-09-23 10:03:21,7.28,24900,7.28,U
sz000983,山西焦煤,2025-09-23 10:03:24,7.29,61200,7.28,U
sz000983,山西焦煤,2025-09-23 10:03:27,7.28,33500,7.29,D
sz000983,山西焦煤,2025-09-23 10:03:33,7.29,54500,7.29,U
sz000983,山西焦煤,2025-09-23 10:03:42,7.3,49200,7.3,U
sz000983,山西焦煤,2025-09-23 10:03:48,7.3,96100,7.29,U
sz000983,山西焦煤,2025-09-23 10:03:54,7.3,47700,7.29,U
sz000983,山西焦煤,2025-09-23 10:04:03,7.29,20700,7.3,D
sz000983,山西焦煤,2025-09-23 10:04:09,7.3,55600,7.29,U
sz000983,山西焦煤,2025-09-23 10:04:27,7.3,25300,7.31,D
sz000983,山西焦煤,2025-09-23 10:04:30,7.31,26900,7.3,U
sz000983,山西焦煤,2025-09-23 10:04:39,7.31,28100,7.31,U
sz000983,山西焦煤,2025-09-23 10:04:48,7.31,88900,7.31,U
sz000983,山西焦煤,2025-09-23 10:05:00,7.3,184500,7.32,D
sz000983,山西焦煤,2025-09-23 10:05:03,7.3,47100,7.3,D
sz000983,山西焦煤,2025-09-23 10:05:06,7.3,57000,7.3,D
sz000983,山西焦煤,2025-09-23 10:05:12,7.3,33900,7.3,U
sz000983,山西焦煤,2025-09-23 10:05:30,7.31,32800,7.31,U
sz000983,山西焦煤,2025-09-23 10:05:42,7.31,29500,7.31,U
sz000983,山西焦煤,2025-09-23 10:05:51,7.31,167200,7.3,U
sz000983,山西焦煤,2025-09-23 10:05:57,7.31,46700,7.3,U
sz000983,山西焦煤,2025-09-23 10:06:06,7.31,34300,7.31,U
sz000983,山西焦煤,2025-09-23 10:06:09,7.3,23200,7.31,D
sz000983,山西焦煤,2025-09-23 10:06:12,7.31,32300,7.3,U
sz000983,山西焦煤,2025-09-23 10:06:18,7.31,50400,7.31,U
sz000983,山西焦煤,2025-09-23 10:06:33,7.31,59900,7.31,U
sz000983,山西焦煤,2025-09-23 10:06:36,7.31,402400,7.31,U
sz000983,山西焦煤,2025-09-23 10:06:48,7.32,351900,7.31,U
sz000983,山西焦煤,2025-09-23 10:06:54,7.33,34200,7.32,U
sz000983,山西焦煤,2025-09-23 10:07:03,7.32,153000,7.33,D
sz000983,山西焦煤,2025-09-23 10:07:06,7.33,196900,7.32,U
sz000983,山西焦煤,2025-09-23 10:07:09,7.32,107700,7.33,D
sz000983,山西焦煤,2025-09-23 10:07:12,7.32,165200,7.32,U
sz000983,山西焦煤,2025-09-23 10:07:15,7.32,25000,7.32,U
sz000983,山西焦煤,2025-09-23 10:07:18,7.32,67100,7.32,U
sz000983,山西焦煤,2025-09-23 10:07:24,7.33,48400,7.32,U
sz000983,山西焦煤,2025-09-23 10:07:30,7.32,89300,7.32,U
sz000983,山西焦煤,2025-09-23 10:07:36,7.32,44600,7.32,U
sz000983,山西焦煤,2025-09-23 10:07:42,7.33,25400,7.32,U
sz000983,山西焦煤,2025-09-23 10:07:48,7.32,38800,7.33,D
sz000983,山西焦煤,2025-09-23 10:07:51,7.33,44900,7.32,U
sz000983,山西焦煤,2025-09-23 10:07:54,7.32,294400,7.33,D
sz000983,山西焦煤,2025-09-23 10:07:57,7.32,83900,7.32,U
sz000983,山西焦煤,2025-09-23 10:08:00,7.33,213300,7.32,U
sz000983,山西焦煤,2025-09-23 10:08:03,7.32,38900,7.33,D
sz000983,山西焦煤,2025-09-23 10:08:06,7.32,45100,7.32,U
sz000983,山西焦煤,2025-09-23 10:08:09,7.32,30000,7.32,D
sz000983,山西焦煤,2025-09-23 10:08:12,7.32,32300,7.32,D
sz000983,山西焦煤,2025-09-23 10:08:15,7.32,170600,7.32,D
sz000983,山西焦煤,2025-09-23 10:08:18,7.31,120500,7.32,D
sz000983,山西焦煤,2025-09-23 10:08:21,7.31,45500,7.31,D
sz000983,山西焦煤,2025-09-23 10:08:24,7.32,57400,7.31,U
sz000983,山西焦煤,2025-09-23 10:08:36,7.31,30300,7.31,D
sz000983,山西焦煤,2025-09-23 10:08:39,7.3,266900,7.31,D
sz000983,山西焦煤,2025-09-23 10:08:42,7.31,124200,7.3,U
sz000983,山西焦煤,2025-09-23 10:08:48,7.31,23500,7.31,U
sz000983,山西焦煤,2025-09-23 10:08:57,7.3,25200,7.31,D
sz000983,山西焦煤,2025-09-23 10:09:00,7.31,66400,7.3,U
sz000983,山西焦煤,2025-09-23 10:09:06,7.3,429900,7.3,D
sz000983,山西焦煤,2025-09-23 10:09:15,7.29,61800,7.3,D
sz000983,山西焦煤,2025-09-23 10:09:21,7.29,106200,7.3,D
sz000983,山西焦煤,2025-09-23 10:09:24,7.29,22900,7.29,D
sz000983,山西焦煤,2025-09-23 10:09:33,7.29,34300,7.29,D
sz000983,山西焦煤,2025-09-23 10:09:39,7.28,27700,7.28,D
sz000983,山西焦煤,2025-09-23 10:09:42,7.28,43100,7.28,D
sz000983,山西焦煤,2025-09-23 10:09:45,7.27,58800,7.28,D
sz000983,山西焦煤,2025-09-23 10:09:48,7.28,41400,7.27,U
sz000983,山西焦煤,2025-09-23 10:09:54,7.27,46100,7.28,D
sz000983,山西焦煤,2025-09-23 10:10:06,7.26,33600,7.27,D
sz000983,山西焦煤,2025-09-23 10:10:09,7.27,26200,7.26,U
sz000983,山西焦煤,2025-09-23 10:10:12,7.26,44200,7.27,D
sz000983,山西焦煤,2025-09-23 10:10:18,7.26,78500,7.26,D
sz000983,山西焦煤,2025-09-23 10:10:27,7.25,91100,7.26,D
sz000983,山西焦煤,2025-09-23 10:10:51,7.26,227400,7.26,U
sz000983,山西焦煤,2025-09-23 10:10:54,7.26,25300,7.26,U
sz000983,山西焦煤,2025-09-23 10:11:00,7.25,21276,7.26,D
sz000983,山西焦煤,2025-09-23 10:11:03,7.25,27600,7.25,U
sz000983,山西焦煤,2025-09-23 10:11:06,7.25,24000,7.25,U
sz000983,山西焦煤,2025-09-23 10:11:12,7.24,25200,7.25,D
sz000983,山西焦煤,2025-09-23 10:11:18,7.24,75800,7.25,D
sz000983,山西焦煤,2025-09-23 10:11:24,7.25,118000,7.24,U
sz000983,山西焦煤,2025-09-23 10:11:33,7.25,23200,7.25,U
sz000983,山西焦煤,2025-09-23 10:11:39,7.25,23500,7.25,U
sz000983,山西焦煤,2025-09-23 10:12:15,7.24,66100,7.25,D
sz000983,山西焦煤,2025-09-23 10:12:21,7.24,21800,7.24,D
sz000983,山西焦煤,2025-09-23 10:12:24,7.24,303400,7.24,D
sz000983,山西焦煤,2025-09-23 10:12:33,7.23,51400,7.23,D
sz000983,山西焦煤,2025-09-23 10:12:36,7.23,58800,7.23,D
sz000983,山西焦煤,2025-09-23 10:12:42,7.23,20000,7.24,D
sz000983,山西焦煤,2025-09-23 10:12:45,7.23,27400,7.23,D
sz000983,山西焦煤,2025-09-23 10:12:48,7.23,263040,7.23,D
sz000983,山西焦煤,2025-09-23 10:12:54,7.23,104800,7.23,U
sz000983,山西焦煤,2025-09-23 10:13:00,7.23,43303,7.22,U
sz000983,山西焦煤,2025-09-23 10:13:09,7.23,25800,7.23,U
sz000983,山西焦煤,2025-09-23 10:13:15,7.23,25200,7.22,U
sz000983,山西焦煤,2025-09-23 10:13:18,7.22,28800,7.23,D
sz000983,山西焦煤,2025-09-23 10:13:21,7.23,71800,7.22,U
sz000983,山西焦煤,2025-09-23 10:13:24,7.22,43700,7.23,D
sz000983,山西焦煤,2025-09-23 10:13:27,7.22,41100,7.22,D
sz000983,山西焦煤,2025-09-23 10:13:33,7.22,23600,7.23,D
sz000983,山西焦煤,2025-09-23 10:13:39,7.23,40600,7.23,U
sz000983,山西焦煤,2025-09-23 10:13:42,7.22,20800,7.23,D
sz000983,山西焦煤,2025-09-23 10:13:51,7.23,53600,7.23,U
sz000983,山西焦煤,2025-09-23 10:13:54,7.23,32500,7.23,U
sz000983,山西焦煤,2025-09-23 10:13:57,7.22,23200,7.23,D
sz000983,山西焦煤,2025-09-23 10:14:03,7.23,281700,7.23,U
sz000983,山西焦煤,2025-09-23 10:14:06,7.22,62100,7.23,D
sz000983,山西焦煤,2025-09-23 10:14:18,7.22,31400,7.23,D
sz000983,山西焦煤,2025-09-23 10:14:21,7.22,30600,7.22,D
sz000983,山西焦煤,2025-09-23 10:14:33,7.23,35300,7.23,U
sz000983,山西焦煤,2025-09-23 10:14:45,7.23,28600,7.22,U
sz000983,山西焦煤,2025-09-23 10:14:51,7.23,68300,7.22,U
sz000983,山西焦煤,2025-09-23 10:14:57,7.23,56500,7.23,U
sz000983,山西焦煤,2025-09-23 10:15:00,7.23,21500,7.23,U
sz000983,山西焦煤,2025-09-23 10:15:03,7.23,239200,7.23,U
sz000983,山西焦煤,2025-09-23 10:15:06,7.23,57600,7.23,U
sz000983,山西焦煤,2025-09-23 10:15:09,7.23,20100,7.23,U
sz000983,山西焦煤,2025-09-23 10:15:12,7.24,104100,7.23,U
sz000983,山西焦煤,2025-09-23 10:15:15,7.23,33200,7.24,D
sz000983,山西焦煤,2025-09-23 10:15:21,7.23,32900,7.23,U
sz000983,山西焦煤,2025-09-23 10:15:27,7.23,27400,7.23,U
sz000983,山西焦煤,2025-09-23 10:15:36,7.23,63400,7.23,U
sz000983,山西焦煤,2025-09-23 10:15:39,7.22,150200,7.23,D
sz000983,山西焦煤,2025-09-23 10:15:42,7.23,48700,7.22,U
sz000983,山西焦煤,2025-09-23 10:15:45,7.22,38300,7.23,D
sz000983,山西焦煤,2025-09-23 10:15:54,7.23,47600,7.22,U
sz000983,山西焦煤,2025-09-23 10:16:03,7.23,215500,7.23,U
sz000983,山西焦煤,2025-09-23 10:16:06,7.23,37500,7.23,U
sz000983,山西焦煤,2025-09-23 10:16:18,7.23,45000,7.23,U
sz000983,山西焦煤,2025-09-23 10:16:30,7.23,50800,7.23,U
sz000983,山西焦煤,2025-09-23 10:16:33,7.23,30500,7.23,U
sz000983,山西焦煤,2025-09-23 10:16:36,7.22,35100,7.23,D
sz000983,山西焦煤,2025-09-23 10:16:57,7.21,657147,7.22,D
sz000983,山西焦煤,2025-09-23 10:17:00,7.22,26300,7.21,U
sz000983,山西焦煤,2025-09-23 10:17:03,7.21,1008400,7.22,D
sz000983,山西焦煤,2025-09-23 10:17:09,7.2,84000,7.21,D
sz000983,山西焦煤,2025-09-23 10:17:12,7.21,31000,7.2,U
sz000983,山西焦煤,2025-09-23 10:17:15,7.2,52600,7.21,D
sz000983,山西焦煤,2025-09-23 10:17:18,7.2,608900,7.2,D
sz000983,山西焦煤,2025-09-23 10:17:21,7.2,102300,7.2,D
sz000983,山西焦煤,2025-09-23 10:17:24,7.2,73300,7.2,D
sz000983,山西焦煤,2025-09-23 10:17:27,7.2,83500,7.2,D
sz000983,山西焦煤,2025-09-23 10:17:30,7.2,75600,7.2,D
sz000983,山西焦煤,2025-09-23 10:17:33,7.2,93800,7.2,D
sz000983,山西焦煤,2025-09-23 10:17:36,7.21,29100,7.2,U
sz000983,山西焦煤,2025-09-23 10:17:39,7.2,54700,7.21,D
sz000983,山西焦煤,2025-09-23 10:17:42,7.2,44600,7.2,D
sz000983,山西焦煤,2025-09-23 10:17:45,7.2,43200,7.2,D
sz000983,山西焦煤,2025-09-23 10:17:48,7.2,25900,7.2,D
sz000983,山西焦煤,2025-09-23 10:18:00,7.2,32200,7.21,D
sz000983,山西焦煤,2025-09-23 10:18:03,7.2,34200,7.2,D
sz000983,山西焦煤,2025-09-23 10:18:06,7.21,22200,7.2,U
sz000983,山西焦煤,2025-09-23 10:18:15,7.21,83800,7.21,U
sz000983,山西焦煤,2025-09-23 10:18:18,7.21,33700,7.21,U
sz000983,山西焦煤,2025-09-23 10:18:30,7.2,22300,7.21,D
sz000983,山西焦煤,2025-09-23 10:18:36,7.2,38400,7.21,D
sz000983,山西焦煤,2025-09-23 10:18:42,7.21,37900,7.21,U
sz000983,山西焦煤,2025-09-23 10:18:45,7.21,138900,7.21,U
sz000983,山西焦煤,2025-09-23 10:18:48,7.21,38600,7.21,U
sz000983,山西焦煤,2025-09-23 10:19:00,7.19,57900,7.2,D
sz000983,山西焦煤,2025-09-23 10:19:03,7.2,33800,7.19,U
sz000983,山西焦煤,2025-09-23 10:19:12,7.19,43600,7.19,D
sz000983,山西焦煤,2025-09-23 10:19:15,7.19,87000,7.19,D
sz000983,山西焦煤,2025-09-23 10:19:24,7.19,55300,7.19,D
sz000983,山西焦煤,2025-09-23 10:19:27,7.18,32500,7.19,D
sz000983,山西焦煤,2025-09-23 10:19:30,7.19,25600,7.18,U
sz000983,山西焦煤,2025-09-23 10:19:42,7.18,206300,7.19,D
sz000983,山西焦煤,2025-09-23 10:19:45,7.2,47700,7.18,U
sz000983,山西焦煤,2025-09-23 10:19:48,7.19,29200,7.2,D
sz000983,山西焦煤,2025-09-23 10:19:54,7.19,27300,7.19,D
sz000983,山西焦煤,2025-09-23 10:19:57,7.19,34600,7.19,D
sz000983,山西焦煤,2025-09-23 10:20:06,7.19,53500,7.19,D
sz000983,山西焦煤,2025-09-23 10:20:18,7.19,159300,7.2,D
sz000983,山西焦煤,2025-09-23 10:20:24,7.2,140200,7.19,U
sz000983,山西焦煤,2025-09-23 10:20:33,7.2,29400,7.2,D
sz000983,山西焦煤,2025-09-23 10:20:36,7.2,21500,7.2,U
sz000983,山西焦煤,2025-09-23 10:20:42,7.2,66900,7.2,U
sz000983,山西焦煤,2025-09-23 10:20:45,7.2,22400,7.2,U
sz000983,山西焦煤,2025-09-23 10:20:48,7.2,28700,7.2,U
sz000983,山西焦煤,2025-09-23 10:21:03,7.21,20500,7.21,U
sz000983,山西焦煤,2025-09-23 10:21:06,7.21,49200,7.21,U
sz000983,山西焦煤,2025-09-23 10:21:48,7.21,26000,7.2,U
sz000983,山西焦煤,2025-09-23 10:21:51,7.2,73800,7.21,D
sz000983,山西焦煤,2025-09-23 10:21:57,7.2,25500,7.21,D
sz000983,山西焦煤,2025-09-23 10:22:00,7.22,234100,7.2,U
sz000983,山西焦煤,2025-09-23 10:22:12,7.23,25200,7.23,U
sz000983,山西焦煤,2025-09-23 10:22:18,7.23,51600,7.23,U
sz000983,山西焦煤,2025-09-23 10:22:21,7.23,96200,7.23,U
sz000983,山西焦煤,2025-09-23 10:22:24,7.23,25200,7.23,U
sz000983,山西焦煤,2025-09-23 10:22:36,7.23,32900,7.23,U
sz000983,山西焦煤,2025-09-23 10:22:39,7.23,43100,7.23,U
sz000983,山西焦煤,2025-09-23 10:23:03,7.22,244200,7.23,D
sz000983,山西焦煤,2025-09-23 10:23:06,7.22,431200,7.22,D
sz000983,山西焦煤,2025-09-23 10:23:18,7.22,23800,7.22,U
sz000983,山西焦煤,2025-09-23 10:23:27,7.21,31100,7.22,D
sz000983,山西焦煤,2025-09-23 10:23:30,7.22,20000,7.21,U
sz000983,山西焦煤,2025-09-23 10:23:45,7.2,63200,7.21,D
sz000983,山西焦煤,2025-09-23 10:24:18,7.2,25800,7.21,D
sz000983,山西焦煤,2025-09-23 10:24:24,7.2,22800,7.2,D
sz000983,山西焦煤,2025-09-23 10:24:36,7.2,27500,7.21,D
sz000983,山西焦煤,2025-09-23 10:24:42,7.2,24900,7.2,D
sz000983,山西焦煤,2025-09-23 10:24:48,7.2,24300,7.2,D
sz000983,山西焦煤,2025-09-23 10:24:51,7.21,97000,7.2,U
sz000983,山西焦煤,2025-09-23 10:24:57,7.2,21700,7.2,U
sz000983,山西焦煤,2025-09-23 10:25:06,7.19,613400,7.2,D
sz000983,山西焦煤,2025-09-23 10:25:09,7.19,31900,7.19,D
sz000983,山西焦煤,2025-09-23 10:25:30,7.19,28600,7.19,D
sz000983,山西焦煤,2025-09-23 10:25:33,7.19,49500,7.19,D
sz000983,山西焦煤,2025-09-23 10:25:36,7.19,21900,7.19,D
sz000983,山西焦煤,2025-09-23 10:25:39,7.19,28700,7.19,D
sz000983,山西焦煤,2025-09-23 10:25:54,7.18,56800,7.18,D
sz000983,山西焦煤,2025-09-23 10:25:57,7.18,411800,7.18,D
sz000983,山西焦煤,2025-09-23 10:26:00,7.18,196200,7.18,D
sz000983,山西焦煤,2025-09-23 10:26:03,7.19,74300,7.18,U
sz000983,山西焦煤,2025-09-23 10:26:06,7.18,36700,7.19,D
sz000983,山西焦煤,2025-09-23 10:26:12,7.18,79700,7.18,D
sz000983,山西焦煤,2025-09-23 10:26:24,7.18,120700,7.18,D
sz000983,山西焦煤,2025-09-23 10:26:27,7.18,22600,7.18,U
sz000983,山西焦煤,2025-09-23 10:26:33,7.18,454800,7.18,U
sz000983,山西焦煤,2025-09-23 10:26:36,7.18,46400,7.18,D
sz000983,山西焦煤,2025-09-23 10:26:42,7.18,50300,7.19,D
sz000983,山西焦煤,2025-09-23 10:26:51,7.19,24600,7.18,U
sz000983,山西焦煤,2025-09-23 10:27:03,7.19,23800,7.19,U
sz000983,山西焦煤,2025-09-23 10:27:15,7.19,46000,7.18,U
sz000983,山西焦煤,2025-09-23 10:27:18,7.19,37200,7.19,U
sz000983,山西焦煤,2025-09-23 10:27:24,7.19,54500,7.19,U
sz000983,山西焦煤,2025-09-23 10:27:27,7.19,66600,7.19,U
sz000983,山西焦煤,2025-09-23 10:27:30,7.19,27500,7.19,D
sz000983,山西焦煤,2025-09-23 10:27:39,7.19,110600,7.18,U
sz000983,山西焦煤,2025-09-23 10:27:45,7.19,58500,7.18,U
sz000983,山西焦煤,2025-09-23 10:27:51,7.18,76200,7.19,D
sz000983,山西焦煤,2025-09-23 10:28:00,7.18,75900,7.18,D
sz000983,山西焦煤,2025-09-23 10:28:03,7.18,119000,7.18,D
sz000983,山西焦煤,2025-09-23 10:28:06,7.18,25700,7.18,D
sz000983,山西焦煤,2025-09-23 10:28:12,7.17,75100,7.18,D
sz000983,山西焦煤,2025-09-23 10:28:18,7.17,157800,7.18,D
sz000983,山西焦煤,2025-09-23 10:28:24,7.17,26700,7.17,D
sz000983,山西焦煤,2025-09-23 10:28:27,7.17,82800,7.17,D
sz000983,山西焦煤,2025-09-23 10:28:30,7.17,40200,7.17,U
sz000983,山西焦煤,2025-09-23 10:28:33,7.16,30900,7.17,D
sz000983,山西焦煤,2025-09-23 10:28:36,7.16,134400,7.16,D
sz000983,山西焦煤,2025-09-23 10:28:42,7.16,46600,7.16,D
sz000983,山西焦煤,2025-09-23 10:28:45,7.16,255100,7.16,D
sz000983,山西焦煤,2025-09-23 10:28:48,7.17,73600,7.16,U
sz000983,山西焦煤,2025-09-23 10:28:54,7.17,387400,7.16,U
sz000983,山西焦煤,2025-09-23 10:29:00,7.16,228900,7.17,D
sz000983,山西焦煤,2025-09-23 10:29:03,7.17,83000,7.16,U
sz000983,山西焦煤,2025-09-23 10:29:06,7.17,420400,7.17,U
sz000983,山西焦煤,2025-09-23 10:29:09,7.17,22800,7.17,D
sz000983,山西焦煤,2025-09-23 10:29:12,7.17,317400,7.17,D
sz000983,山西焦煤,2025-09-23 10:29:21,7.16,310300,7.17,D
sz000983,山西焦煤,2025-09-23 10:29:30,7.16,109700,7.16,D
sz000983,山西焦煤,2025-09-23 10:29:42,7.16,185300,7.16,D
sz000983,山西焦煤,2025-09-23 10:29:45,7.16,24900,7.16,U
sz000983,山西焦煤,2025-09-23 10:29:48,7.15,50300,7.16,D
sz000983,山西焦煤,2025-09-23 10:29:51,7.16,55000,7.15,U
sz000983,山西焦煤,2025-09-23 10:29:54,7.15,83300,7.16,D
sz000983,山西焦煤,2025-09-23 10:29:57,7.15,39600,7.15,D
sz000983,山西焦煤,2025-09-23 10:30:00,7.16,50900,7.15,U
sz000983,山西焦煤,2025-09-23 10:30:06,7.15,31400,7.15,D
sz000983,山西焦煤,2025-09-23 10:30:09,7.15,44900,7.15,D
sz000983,山西焦煤,2025-09-23 10:30:12,7.16,33100,7.15,U
sz000983,山西焦煤,2025-09-23 10:30:24,7.15,41700,7.15,D
sz000983,山西焦煤,2025-09-23 10:30:27,7.15,66200,7.15,D
sz000983,山西焦煤,2025-09-23 10:30:39,7.16,49500,7.15,U
sz000983,山西焦煤,2025-09-23 10:30:42,7.16,108800,7.16,U
sz000983,山西焦煤,2025-09-23 10:30:45,7.15,30700,7.16,D
sz000983,山西焦煤,2025-09-23 10:30:54,7.16,29900,7.16,U
sz000983,山西焦煤,2025-09-23 10:30:57,7.15,48800,7.16,D
sz000983,山西焦煤,2025-09-23 10:31:03,7.16,138100,7.16,U
sz000983,山西焦煤,2025-09-23 10:31:06,7.16,28100,7.16,D
sz000983,山西焦煤,2025-09-23 10:31:15,7.16,68400,7.16,U
sz000983,山西焦煤,2025-09-23 10:31:18,7.16,21000,7.16,U
sz000983,山西焦煤,2025-09-23 10:31:36,7.16,23100,7.17,D
sz000983,山西焦煤,2025-09-23 10:32:03,7.17,20100,7.16,U
sz000983,山西焦煤,2025-09-23 10:32:18,7.17,27800,7.17,U
sz000983,山西焦煤,2025-09-23 10:32:27,7.16,72900,7.17,D
sz000983,山西焦煤,2025-09-23 10:32:39,7.17,23400,7.17,U
sz000983,山西焦煤,2025-09-23 10:32:48,7.16,86600,7.17,D
sz000983,山西焦煤,2025-09-23 10:33:03,7.17,36700,7.17,U
sz000983,山西焦煤,2025-09-23 10:33:06,7.16,101800,7.17,D
sz000983,山西焦煤,2025-09-23 10:33:09,7.16,35700,7.16,U
sz000983,山西焦煤,2025-09-23 10:33:12,7.16,23900,7.16,U
sz000983,山西焦煤,2025-09-23 10:33:15,7.16,40600,7.16,D
sz000983,山西焦煤,2025-09-23 10:33:27,7.16,56900,7.15,D
sz000983,山西焦煤,2025-09-23 10:33:33,7.16,34800,7.16,D
sz000983,山西焦煤,2025-09-23 10:33:42,7.16,20600,7.16,U
sz000983,山西焦煤,2025-09-23 10:33:48,7.16,56400,7.17,D
sz000983,山西焦煤,2025-09-23 10:33:57,7.16,43800,7.16,U
sz000983,山西焦煤,2025-09-23 10:34:03,7.15,548400,7.16,D
sz000983,山西焦煤,2025-09-23 10:34:06,7.15,101500,7.15,U
sz000983,山西焦煤,2025-09-23 10:34:09,7.15,28000,7.15,U
sz000983,山西焦煤,2025-09-23 10:34:12,7.15,130500,7.15,U
sz000983,山西焦煤,2025-09-23 10:34:15,7.16,27400,7.15,U
sz000983,山西焦煤,2025-09-23 10:34:18,7.14,42400,7.16,D
sz000983,山西焦煤,2025-09-23 10:34:24,7.16,22100,7.16,U
sz000983,山西焦煤,2025-09-23 10:34:33,7.15,245300,7.16,D
sz000983,山西焦煤,2025-09-23 10:34:36,7.15,110200,7.15,D
sz000983,山西焦煤,2025-09-23 10:34:39,7.17,29000,7.15,U
sz000983,山西焦煤,2025-09-23 10:34:45,7.17,28300,7.16,U
sz000983,山西焦煤,2025-09-23 10:35:12,7.17,28000,7.17,U
sz000983,山西焦煤,2025-09-23 10:35:33,7.17,27500,7.16,U
sz000983,山西焦煤,2025-09-23 10:35:48,7.17,29600,7.16,U
sz000983,山西焦煤,2025-09-23 10:35:51,7.16,30100,7.17,D
sz000983,山西焦煤,2025-09-23 10:35:57,7.17,20100,7.17,U
sz000983,山西焦煤,2025-09-23 10:36:03,7.17,221500,7.17,U
sz000983,山西焦煤,2025-09-23 10:36:18,7.18,76600,7.18,U
sz000983,山西焦煤,2025-09-23 10:36:27,7.19,26100,7.19,U
sz000983,山西焦煤,2025-09-23 10:36:42,7.19,27300,7.19,D
sz000983,山西焦煤,2025-09-23 10:37:03,7.19,102500,7.19,U
sz000983,山西焦煤,2025-09-23 10:37:42,7.19,56300,7.2,D
sz000983,山西焦煤,2025-09-23 10:37:54,7.2,22600,7.2,D
sz000983,山西焦煤,2025-09-23 10:38:06,7.2,81600,7.2,D
sz000983,山西焦煤,2025-09-23 10:38:12,7.2,55600,7.2,U
sz000983,山西焦煤,2025-09-23 10:38:24,7.2,26100,7.19,U
sz000983,山西焦煤,2025-09-23 10:38:30,7.19,25700,7.19,D
sz000983,山西焦煤,2025-09-23 10:38:51,7.18,26800,7.19,D
sz000983,山西焦煤,2025-09-23 10:39:12,7.19,22100,7.19,U
sz000983,山西焦煤,2025-09-23 10:39:24,7.18,24000,7.19,D
sz000983,山西焦煤,2025-09-23 10:39:27,7.18,23300,7.18,D
sz000983,山西焦煤,2025-09-23 10:39:51,7.19,21000,7.19,U
sz000983,山西焦煤,2025-09-23 10:40:39,7.19,302501,7.2,D
sz000983,山西焦煤,2025-09-23 10:41:06,7.19,21800,7.19,D
sz000983,山西焦煤,2025-09-23 10:41:09,7.19,27200,7.19,D
sz000983,山西焦煤,2025-09-23 10:41:12,7.19,21400,7.19,D
sz000983,山西焦煤,2025-09-23 10:42:09,7.18,20500,7.18,D
sz000983,山西焦煤,2025-09-23 10:42:12,7.19,82500,7.18,U
sz000983,山西焦煤,2025-09-23 10:42:33,7.18,104500,7.18,D
sz000983,山西焦煤,2025-09-23 10:42:45,7.19,37500,7.19,U
sz000983,山西焦煤,2025-09-23 10:42:57,7.2,86900,7.19,U
sz000983,山西焦煤,2025-09-23 10:43:06,7.2,89300,7.2,U
sz000983,山西焦煤,2025-09-23 10:43:33,7.21,20100,7.2,U
sz000983,山西焦煤,2025-09-23 10:43:51,7.23,167100,7.22,U
sz000983,山西焦煤,2025-09-23 10:43:54,7.23,48900,7.23,U
sz000983,山西焦煤,2025-09-23 10:43:57,7.23,26100,7.23,D
sz000983,山西焦煤,2025-09-23 10:45:00,7.22,31500,7.23,D
sz000983,山西焦煤,2025-09-23 10:45:21,7.23,35600,7.23,D
sz000983,山西焦煤,2025-09-23 10:45:51,7.23,24400,7.23,D
sz000983,山西焦煤,2025-09-23 10:46:00,7.23,27300,7.23,U
sz000983,山西焦煤,2025-09-23 10:46:18,7.22,30400,7.23,D
sz000983,山西焦煤,2025-09-23 10:47:21,7.22,21700,7.22,D
sz000983,山西焦煤,2025-09-23 10:47:45,7.22,31800,7.22,D
sz000983,山西焦煤,2025-09-23 10:47:54,7.23,23700,7.23,U
sz000983,山西焦煤,2025-09-23 10:48:30,7.21,77400,7.22,D
sz000983,山西焦煤,2025-09-23 10:48:33,7.22,149700,7.21,U
sz000983,山西焦煤,2025-09-23 10:48:45,7.23,26800,7.23,U
sz000983,山西焦煤,2025-09-23 10:49:15,7.23,44200,7.23,U
sz000983,山西焦煤,2025-09-23 10:49:57,7.22,84900,7.22,D
sz000983,山西焦煤,2025-09-23 10:50:48,7.21,28100,7.21,D
sz000983,山西焦煤,2025-09-23 10:51:15,7.22,33900,7.22,U
sz000983,山西焦煤,2025-09-23 10:51:18,7.23,247000,7.22,U
sz000983,山西焦煤,2025-09-23 10:52:09,7.22,33000,7.23,D
sz000983,山西焦煤,2025-09-23 10:52:51,7.22,44300,7.22,D
sz000983,山西焦煤,2025-09-23 10:53:06,7.21,31500,7.23,D
sz000983,山西焦煤,2025-09-23 10:53:33,7.21,20100,7.21,D
sz000983,山西焦煤,2025-09-23 10:53:39,7.22,31000,7.21,U
sz000983,山西焦煤,2025-09-23 10:54:15,7.21,39900,7.21,U
sz000983,山西焦煤,2025-09-23 10:55:00,7.22,37800,7.22,U
sz000983,山西焦煤,2025-09-23 10:55:09,7.21,27000,7.21,D
sz000983,山西焦煤,2025-09-23 10:55:42,7.22,43300,7.22,U
sz000983,山西焦煤,2025-09-23 10:56:12,7.21,34000,7.22,D
sz000983,山西焦煤,2025-09-23 10:57:24,7.22,34000,7.21,U
sz000983,山西焦煤,2025-09-23 10:58:24,7.21,47400,7.22,D
sz000983,山西焦煤,2025-09-23 10:58:45,7.21,26800,7.21,D
sz000983,山西焦煤,2025-09-23 10:58:57,7.22,51200,7.21,U
sz000983,山西焦煤,2025-09-23 10:59:06,7.23,31300,7.23,U
sz000983,山西焦煤,2025-09-23 10:59:12,7.22,57200,7.22,D
sz000983,山西焦煤,2025-09-23 10:59:21,7.23,42000,7.22,U
sz000983,山西焦煤,2025-09-23 10:59:27,7.23,23700,7.23,E
sz000983,山西焦煤,2025-09-23 11:01:12,7.22,24600,7.23,D
sz000983,山西焦煤,2025-09-23 11:01:21,7.23,25200,7.23,U
sz000983,山西焦煤,2025-09-23 11:01:33,7.23,26400,7.22,U
sz000983,山西焦煤,2025-09-23 11:01:51,7.22,30000,7.23,D
sz000983,山西焦煤,2025-09-23 11:01:54,7.23,26300,7.22,U
sz000983,山西焦煤,2025-09-23 11:02:00,7.23,56700,7.22,U
sz000983,山西焦煤,2025-09-23 11:04:03,7.22,26700,7.22,D
sz000983,山西焦煤,2025-09-23 11:04:09,7.23,55300,7.22,U
sz000983,山西焦煤,2025-09-23 11:05:42,7.24,21700,7.24,U
sz000983,山西焦煤,2025-09-23 11:07:39,7.24,26400,7.23,U
sz000983,山西焦煤,2025-09-23 11:08:00,7.23,45700,7.23,D
sz000983,山西焦煤,2025-09-23 11:08:12,7.23,37500,7.24,D
sz000983,山西焦煤,2025-09-23 11:08:15,7.22,23400,7.23,D
sz000983,山西焦煤,2025-09-23 11:09:03,7.22,83900,7.22,D
sz000983,山西焦煤,2025-09-23 11:10:30,7.21,32800,7.22,D
sz000983,山西焦煤,2025-09-23 11:10:45,7.21,40000,7.22,D
sz000983,山西焦煤,2025-09-23 11:12:12,7.21,50700,7.21,D
sz000983,山西焦煤,2025-09-23 11:12:15,7.21,34200,7.21,D
sz000983,山西焦煤,2025-09-23 11:13:15,7.2,20000,7.21,D
sz000983,山西焦煤,2025-09-23 11:13:33,7.2,20000,7.21,D
sz000983,山西焦煤,2025-09-23 11:13:45,7.2,25100,7.2,D
sz000983,山西焦煤,2025-09-23 11:13:57,7.19,68800,7.21,D
sz000983,山西焦煤,2025-09-23 11:15:09,7.19,74500,7.19,D
sz000983,山西焦煤,2025-09-23 11:17:18,7.19,30500,7.2,D
sz000983,山西焦煤,2025-09-23 11:18:57,7.2,22300,7.2,D
sz000983,山西焦煤,2025-09-23 11:20:39,7.2,20100,7.2,D
sz000983,山西焦煤,2025-09-23 11:22:33,7.19,86300,7.19,D
sz000983,山西焦煤,2025-09-23 11:26:06,7.19,45800,7.19,U
sz000983,山西焦煤,2025-09-23 11:27:57,7.19,26600,7.18,U
sz000983,山西焦煤,2025-09-23 11:28:09,7.19,34900,7.18,U
sz000983,山西焦煤,2025-09-23 11:28:24,7.19,26700,7.18,U
sz000983,山西焦煤,2025-09-23 11:28:54,7.18,37500,7.18,D
sz000983,山西焦煤,2025-09-23 11:29:39,7.19,21300,7.18,U
sz000983,山西焦煤,2025-09-23 11:29:51,7.19,119500,7.19,U
sz000983,山西焦煤,2025-09-23 13:00:03,7.18,78600,7.18,D
sz000983,山西焦煤,2025-09-23 13:01:03,7.17,29200,7.18,D
sz000983,山西焦煤,2025-09-23 13:01:06,7.18,308400,7.17,U
sz000983,山西焦煤,2025-09-23 13:01:51,7.18,64100,7.18,D
sz000983,山西焦煤,2025-09-23 13:02:33,7.18,38400,7.18,D
sz000983,山西焦煤,2025-09-23 13:03:54,7.17,107800,7.17,D
sz000983,山西焦煤,2025-09-23 13:04:00,7.17,45500,7.17,U
sz000983,山西焦煤,2025-09-23 13:04:12,7.16,34000,7.17,D
sz000983,山西焦煤,2025-09-23 13:04:21,7.17,123100,7.17,U
sz000983,山西焦煤,2025-09-23 13:04:42,7.16,25500,7.17,D
sz000983,山西焦煤,2025-09-23 13:04:51,7.16,30200,7.17,D
sz000983,山西焦煤,2025-09-23 13:05:18,7.17,47100,7.16,U
sz000983,山西焦煤,2025-09-23 13:05:27,7.16,21000,7.17,D
sz000983,山西焦煤,2025-09-23 13:05:48,7.16,40600,7.16,D
sz000983,山西焦煤,2025-09-23 13:06:21,7.16,25700,7.17,D
sz000983,山西焦煤,2025-09-23 13:06:27,7.17,155400,7.17,U
sz000983,山西焦煤,2025-09-23 13:06:30,7.17,21300,7.17,U
sz000983,山西焦煤,2025-09-23 13:06:33,7.17,26800,7.17,U
sz000983,山西焦煤,2025-09-23 13:06:57,7.16,22200,7.17,D
sz000983,山西焦煤,2025-09-23 13:07:15,7.16,30000,7.16,D
sz000983,山西焦煤,2025-09-23 13:07:21,7.17,53177,7.16,U
sz000983,山西焦煤,2025-09-23 13:07:24,7.17,30400,7.17,D
sz000983,山西焦煤,2025-09-23 13:07:33,7.15,721500,7.17,D
sz000983,山西焦煤,2025-09-23 13:07:36,7.13,1015600,7.15,D
sz000983,山西焦煤,2025-09-23 13:07:39,7.13,58000,7.13,D
sz000983,山西焦煤,2025-09-23 13:07:45,7.14,66200,7.14,D
sz000983,山西焦煤,2025-09-23 13:07:51,7.14,29130,7.15,D
sz000983,山西焦煤,2025-09-23 13:08:06,7.15,89500,7.14,U
sz000983,山西焦煤,2025-09-23 13:08:09,7.14,74300,7.15,D
sz000983,山西焦煤,2025-09-23 13:08:30,7.15,88200,7.15,D
sz000983,山西焦煤,2025-09-23 13:08:33,7.16,21100,7.15,D
sz000983,山西焦煤,2025-09-23 13:08:45,7.17,50300,7.17,U
sz000983,山西焦煤,2025-09-23 13:09:12,7.17,25000,7.17,D
sz000983,山西焦煤,2025-09-23 13:09:15,7.16,46200,7.17,D
sz000983,山西焦煤,2025-09-23 13:10:03,7.17,118300,7.17,U
sz000983,山西焦煤,2025-09-23 13:10:09,7.15,80600,7.16,D
sz000983,山西焦煤,2025-09-23 13:10:21,7.16,29200,7.16,D
sz000983,山西焦煤,2025-09-23 13:10:27,7.16,26500,7.16,D
sz000983,山西焦煤,2025-09-23 13:10:51,7.17,48500,7.16,U
sz000983,山西焦煤,2025-09-23 13:11:30,7.18,62100,7.18,U
sz000983,山西焦煤,2025-09-23 13:11:51,7.18,23200,7.17,U
sz000983,山西焦煤,2025-09-23 13:12:00,7.17,21000,7.18,D
sz000983,山西焦煤,2025-09-23 13:12:33,7.18,58400,7.19,D
sz000983,山西焦煤,2025-09-23 13:13:03,7.17,24400,7.18,D
sz000983,山西焦煤,2025-09-23 13:13:24,7.19,88900,7.18,U
sz000983,山西焦煤,2025-09-23 13:13:27,7.19,25100,7.19,D
sz000983,山西焦煤,2025-09-23 13:13:33,7.19,29800,7.19,D
sz000983,山西焦煤,2025-09-23 13:14:03,7.2,20000,7.2,U
sz000983,山西焦煤,2025-09-23 13:14:18,7.2,24200,7.2,U
sz000983,山西焦煤,2025-09-23 13:16:18,7.18,34300,7.18,D
sz000983,山西焦煤,2025-09-23 13:16:21,7.18,22000,7.18,D
sz000983,山西焦煤,2025-09-23 13:16:45,7.18,45000,7.18,D
sz000983,山西焦煤,2025-09-23 13:17:42,7.18,43400,7.19,D
sz000983,山西焦煤,2025-09-23 13:17:51,7.18,24000,7.18,D
sz000983,山西焦煤,2025-09-23 13:18:18,7.18,60600,7.18,D
sz000983,山西焦煤,2025-09-23 13:19:18,7.17,30200,7.18,D
sz000983,山西焦煤,2025-09-23 13:21:30,7.18,42400,7.18,U
sz000983,山西焦煤,2025-09-23 13:22:06,7.17,54700,7.17,D
sz000983,山西焦煤,2025-09-23 13:22:27,7.16,153500,7.17,D
sz000983,山西焦煤,2025-09-23 13:22:33,7.16,81300,7.16,U
sz000983,山西焦煤,2025-09-23 13:24:24,7.16,20800,7.16,D
sz000983,山西焦煤,2025-09-23 13:25:15,7.17,27500,7.18,D
sz000983,山西焦煤,2025-09-23 13:26:21,7.19,59400,7.19,U
sz000983,山西焦煤,2025-09-23 13:27:00,7.19,35600,7.2,D
sz000983,山西焦煤,2025-09-23 13:28:24,7.2,78200,7.2,U
sz000983,山西焦煤,2025-09-23 13:28:27,7.2,20100,7.2,U
sz000983,山西焦煤,2025-09-23 13:29:45,7.2,59700,7.2,U
sz000983,山西焦煤,2025-09-23 13:31:12,7.21,89523,7.2,U
sz000983,山西焦煤,2025-09-23 13:31:21,7.2,25200,7.21,D
sz000983,山西焦煤,2025-09-23 13:31:30,7.21,55600,7.2,U
sz000983,山西焦煤,2025-09-23 13:31:42,7.21,21600,7.21,U
sz000983,山西焦煤,2025-09-23 13:31:45,7.21,20100,7.21,U
sz000983,山西焦煤,2025-09-23 13:32:06,7.21,40800,7.22,D
sz000983,山西焦煤,2025-09-23 13:32:42,7.2,31100,7.2,D
sz000983,山西焦煤,2025-09-23 13:33:03,7.2,61900,7.2,D
sz000983,山西焦煤,2025-09-23 13:35:03,7.18,26100,7.19,D
sz000983,山西焦煤,2025-09-23 13:36:03,7.18,52700,7.19,D
sz000983,山西焦煤,2025-09-23 13:36:30,7.18,54100,7.17,U
sz000983,山西焦煤,2025-09-23 13:36:42,7.17,39500,7.17,D
sz000983,山西焦煤,2025-09-23 13:37:51,7.17,69600,7.18,D
sz000983,山西焦煤,2025-09-23 13:40:21,7.18,34400,7.19,D
sz000983,山西焦煤,2025-09-23 13:43:45,7.18,152700,7.19,D
sz000983,山西焦煤,2025-09-23 13:45:12,7.17,20000,7.17,D
sz000983,山西焦煤,2025-09-23 13:45:15,7.17,27600,7.17,D
sz000983,山西焦煤,2025-09-23 13:48:54,7.18,25000,7.18,U
sz000983,山西焦煤,2025-09-23 13:49:00,7.18,42800,7.18,U
sz000983,山西焦煤,2025-09-23 13:50:24,7.19,358300,7.19,U
sz000983,山西焦煤,2025-09-23 13:50:36,7.19,102100,7.2,D
sz000983,山西焦煤,2025-09-23 13:51:27,7.2,34800,7.2,U
sz000983,山西焦煤,2025-09-23 13:52:03,7.19,23700,7.2,D
sz000983,山西焦煤,2025-09-23 13:53:39,7.2,50000,7.19,U
sz000983,山西焦煤,2025-09-23 13:53:51,7.2,21600,7.2,U
sz000983,山西焦煤,2025-09-23 13:55:54,7.19,290600,7.19,D
sz000983,山西焦煤,2025-09-23 13:56:15,7.18,22700,7.19,D
sz000983,山西焦煤,2025-09-23 13:56:24,7.18,79700,7.19,D
sz000983,山西焦煤,2025-09-23 13:59:39,7.19,71300,7.19,U
sz000983,山西焦煤,2025-09-23 14:00:12,7.21,285900,7.2,U
sz000983,山西焦煤,2025-09-23 14:00:42,7.21,27000,7.21,U
sz000983,山西焦煤,2025-09-23 14:00:48,7.2,21200,7.21,D
sz000983,山西焦煤,2025-09-23 14:00:51,7.21,103900,7.2,U
sz000983,山西焦煤,2025-09-23 14:00:57,7.2,105300,7.2,D
sz000983,山西焦煤,2025-09-23 14:01:00,7.21,38000,7.2,U
sz000983,山西焦煤,2025-09-23 14:01:03,7.21,67200,7.21,U
sz000983,山西焦煤,2025-09-23 14:01:06,7.22,50100,7.21,U
sz000983,山西焦煤,2025-09-23 14:01:36,7.22,68400,7.22,U
sz000983,山西焦煤,2025-09-23 14:02:03,7.22,77300,7.22,D
sz000983,山西焦煤,2025-09-23 14:02:09,7.21,96800,7.22,D
sz000983,山西焦煤,2025-09-23 14:02:27,7.22,20000,7.21,U
sz000983,山西焦煤,2025-09-23 14:02:30,7.2,20500,7.22,D
sz000983,山西焦煤,2025-09-23 14:04:00,7.21,20900,7.2,U
sz000983,山西焦煤,2025-09-23 14:04:12,7.2,26000,7.2,D
sz000983,山西焦煤,2025-09-23 14:07:30,7.19,25400,7.19,D
sz000983,山西焦煤,2025-09-23 14:08:36,7.19,22600,7.2,D
sz000983,山西焦煤,2025-09-23 14:08:45,7.2,28700,7.2,U
sz000983,山西焦煤,2025-09-23 14:08:48,7.2,57900,7.2,U
sz000983,山西焦煤,2025-09-23 14:09:03,7.2,24900,7.2,U
sz000983,山西焦煤,2025-09-23 14:11:00,7.19,82700,7.2,D
sz000983,山西焦煤,2025-09-23 14:11:03,7.2,21800,7.19,U
sz000983,山西焦煤,2025-09-23 14:11:18,7.19,48700,7.19,D
sz000983,山西焦煤,2025-09-23 14:12:45,7.18,20800,7.19,D
sz000983,山西焦煤,2025-09-23 14:12:54,7.19,20700,7.19,U
sz000983,山西焦煤,2025-09-23 14:12:57,7.19,37600,7.19,U
sz000983,山西焦煤,2025-09-23 14:13:00,7.18,48400,7.19,D
sz000983,山西焦煤,2025-09-23 14:13:36,7.18,36000,7.19,D
sz000983,山西焦煤,2025-09-23 14:14:12,7.18,31400,7.18,D
sz000983,山西焦煤,2025-09-23 14:15:24,7.19,27400,7.19,U
sz000983,山西焦煤,2025-09-23 14:16:30,7.2,23500,7.19,U
sz000983,山西焦煤,2025-09-23 14:16:45,7.19,58600,7.2,D
sz000983,山西焦煤,2025-09-23 14:17:03,7.2,44400,7.19,U
sz000983,山西焦煤,2025-09-23 14:17:12,7.2,20000,7.2,U
sz000983,山西焦煤,2025-09-23 14:17:21,7.2,62200,7.2,U
sz000983,山西焦煤,2025-09-23 14:18:12,7.22,146800,7.21,U
sz000983,山西焦煤,2025-09-23 14:18:21,7.21,21200,7.21,D
sz000983,山西焦煤,2025-09-23 14:18:54,7.22,71500,7.22,U
sz000983,山西焦煤,2025-09-23 14:19:03,7.22,61000,7.22,U
sz000983,山西焦煤,2025-09-23 14:19:12,7.21,34600,7.21,D
sz000983,山西焦煤,2025-09-23 14:19:33,7.22,22600,7.21,U
sz000983,山西焦煤,2025-09-23 14:20:57,7.22,54300,7.22,U
sz000983,山西焦煤,2025-09-23 14:21:03,7.22,21300,7.23,D
sz000983,山西焦煤,2025-09-23 14:21:24,7.22,27500,7.22,D
sz000983,山西焦煤,2025-09-23 14:23:03,7.23,20800,7.22,U
sz000983,山西焦煤,2025-09-23 14:23:09,7.21,261700,7.23,D
sz000983,山西焦煤,2025-09-23 14:23:12,7.22,54200,7.21,U
sz000983,山西焦煤,2025-09-23 14:24:42,7.22,20200,7.22,D
sz000983,山西焦煤,2025-09-23 14:25:18,7.21,26500,7.21,D
sz000983,山西焦煤,2025-09-23 14:26:00,7.21,51500,7.22,D
sz000983,山西焦煤,2025-09-23 14:26:03,7.22,40600,7.21,U
sz000983,山西焦煤,2025-09-23 14:26:30,7.22,41900,7.22,U
sz000983,山西焦煤,2025-09-23 14:26:42,7.22,66200,7.21,U
sz000983,山西焦煤,2025-09-23 14:26:45,7.23,31400,7.22,U
sz000983,山西焦煤,2025-09-23 14:26:54,7.22,20000,7.23,D
sz000983,山西焦煤,2025-09-23 14:28:06,7.23,281600,7.23,U
sz000983,山西焦煤,2025-09-23 14:28:24,7.24,45300,7.24,U
sz000983,山西焦煤,2025-09-23 14:28:36,7.24,26500,7.24,U
sz000983,山西焦煤,2025-09-23 14:28:42,7.24,20100,7.24,U
sz000983,山西焦煤,2025-09-23 14:28:45,7.24,30900,7.24,U
sz000983,山西焦煤,2025-09-23 14:28:57,7.25,108900,7.24,U
sz000983,山西焦煤,2025-09-23 14:29:12,7.25,41300,7.25,U
sz000983,山西焦煤,2025-09-23 14:29:21,7.25,121200,7.25,U
sz000983,山西焦煤,2025-09-23 14:30:03,7.25,27500,7.25,U
sz000983,山西焦煤,2025-09-23 14:32:18,7.25,25200,7.24,U
sz000983,山西焦煤,2025-09-23 14:32:24,7.24,138500,7.25,D
sz000983,山西焦煤,2025-09-23 14:33:33,7.23,156700,7.23,D
sz000983,山西焦煤,2025-09-23 14:34:06,7.23,37800,7.24,D
sz000983,山西焦煤,2025-09-23 14:34:15,7.24,216800,7.23,U
sz000983,山西焦煤,2025-09-23 14:34:57,7.23,33200,7.23,D
sz000983,山西焦煤,2025-09-23 14:35:12,7.23,45900,7.23,D
sz000983,山西焦煤,2025-09-23 14:36:21,7.23,33900,7.24,D
sz000983,山西焦煤,2025-09-23 14:36:36,7.24,30300,7.24,U
sz000983,山西焦煤,2025-09-23 14:36:48,7.23,21000,7.23,D
sz000983,山西焦煤,2025-09-23 14:36:54,7.24,36000,7.24,U
sz000983,山西焦煤,2025-09-23 14:37:06,7.23,30800,7.24,D
sz000983,山西焦煤,2025-09-23 14:37:27,7.23,29700,7.23,D
sz000983,山西焦煤,2025-09-23 14:37:45,7.23,68300,7.23,D
sz000983,山西焦煤,2025-09-23 14:38:33,7.23,31400,7.23,U
sz000983,山西焦煤,2025-09-23 14:38:48,7.22,29700,7.23,D
sz000983,山西焦煤,2025-09-23 14:39:18,7.22,22700,7.22,D
sz000983,山西焦煤,2025-09-23 14:39:42,7.23,30300,7.22,U
sz000983,山西焦煤,2025-09-23 14:39:54,7.23,25400,7.22,U
sz000983,山西焦煤,2025-09-23 14:40:48,7.23,24000,7.23,D
sz000983,山西焦煤,2025-09-23 14:40:51,7.23,20800,7.23,D
sz000983,山西焦煤,2025-09-23 14:41:15,7.24,23200,7.23,U
sz000983,山西焦煤,2025-09-23 14:41:30,7.24,24500,7.23,U
sz000983,山西焦煤,2025-09-23 14:42:09,7.23,32300,7.23,D
sz000983,山西焦煤,2025-09-23 14:42:21,7.24,21800,7.24,U
sz000983,山西焦煤,2025-09-23 14:42:30,7.24,37700,7.23,U
sz000983,山西焦煤,2025-09-23 14:43:00,7.24,20800,7.24,U
sz000983,山西焦煤,2025-09-23 14:43:27,7.23,96400,7.23,D
sz000983,山西焦煤,2025-09-23 14:44:30,7.22,28800,7.23,D
sz000983,山西焦煤,2025-09-23 14:44:39,7.24,33100,7.23,U
sz000983,山西焦煤,2025-09-23 14:44:42,7.24,22400,7.24,U
sz000983,山西焦煤,2025-09-23 14:44:57,7.24,22000,7.23,U
sz000983,山西焦煤,2025-09-23 14:45:15,7.24,30400,7.24,U
sz000983,山西焦煤,2025-09-23 14:46:24,7.23,43600,7.23,D
sz000983,山西焦煤,2025-09-23 14:46:42,7.23,25000,7.23,D
sz000983,山西焦煤,2025-09-23 14:46:54,7.24,32600,7.24,U
sz000983,山西焦煤,2025-09-23 14:46:57,7.23,30600,7.24,D
sz000983,山西焦煤,2025-09-23 14:47:27,7.23,24900,7.23,D
sz000983,山西焦煤,2025-09-23 14:47:42,7.23,31000,7.24,D
sz000983,山西焦煤,2025-09-23 14:47:54,7.23,21800,7.24,D
sz000983,山西焦煤,2025-09-23 14:48:00,7.23,28400,7.23,D
sz000983,山西焦煤,2025-09-23 14:48:06,7.23,27700,7.24,D
sz000983,山西焦煤,2025-09-23 14:48:33,7.24,85500,7.23,U
sz000983,山西焦煤,2025-09-23 14:48:48,7.23,23100,7.24,D
sz000983,山西焦煤,2025-09-23 14:49:36,7.24,42800,7.24,U
sz000983,山西焦煤,2025-09-23 14:49:42,7.24,94700,7.24,U
sz000983,山西焦煤,2025-09-23 14:49:48,7.24,414700,7.24,U
sz000983,山西焦煤,2025-09-23 14:50:30,7.25,53500,7.24,U
sz000983,山西焦煤,2025-09-23 14:50:42,7.25,24300,7.25,U
sz000983,山西焦煤,2025-09-23 14:51:18,7.24,21000,7.24,D
sz000983,山西焦煤,2025-09-23 14:51:24,7.25,20800,7.24,U
sz000983,山西焦煤,2025-09-23 14:51:48,7.24,22000,7.24,D
sz000983,山西焦煤,2025-09-23 14:52:24,7.24,56300,7.24,D
sz000983,山西焦煤,2025-09-23 14:52:27,7.24,97000,7.24,D
sz000983,山西焦煤,2025-09-23 14:52:30,7.24,42100,7.24,U
sz000983,山西焦煤,2025-09-23 14:53:33,7.23,20100,7.24,D
sz000983,山西焦煤,2025-09-23 14:54:21,7.24,75700,7.24,U
sz000983,山西焦煤,2025-09-23 14:54:36,7.24,33100,7.23,U
sz000983,山西焦煤,2025-09-23 14:54:51,7.23,50000,7.24,D
sz000983,山西焦煤,2025-09-23 14:55:03,7.23,31100,7.24,D
sz000983,山西焦煤,2025-09-23 14:55:06,7.24,35600,7.23,U
sz000983,山西焦煤,2025-09-23 14:55:21,7.24,98900,7.24,U
sz000983,山西焦煤,2025-09-23 14:55:27,7.24,69300,7.24,U
sz000983,山西焦煤,2025-09-23 14:55:30,7.24,78900,7.24,U
sz000983,山西焦煤,2025-09-23 14:55:57,7.24,26100,7.25,D
sz000983,山西焦煤,2025-09-23 14:56:00,7.24,46600,7.24,D
sz000983,山西焦煤,2025-09-23 14:56:12,7.24,38100,7.24,U
sz000983,山西焦煤,2025-09-23 14:56:18,7.25,58100,7.24,U
sz000983,山西焦煤,2025-09-23 14:57:00,7.25,27400,7.25,U
sz000983,山西焦煤,2025-09-23 15:00:00,7.25,776900,7.25,U
