symbol,name,ticktime,price,volume,prev_price,kind
sz000983,山西焦煤,2025-10-13 09:25:00,7.13,1478861,0.0,U
sz000983,山西焦煤,2025-10-13 09:30:00,7.13,201239,7.13,D
sz000983,山西焦煤,2025-10-13 09:30:03,7.12,1008400,7.13,D
sz000983,山西焦煤,2025-10-13 09:30:06,7.15,442961,7.12,U
sz000983,山西焦煤,2025-10-13 09:30:09,7.13,283800,7.15,D
sz000983,山西焦煤,2025-10-13 09:30:12,7.14,273700,7.13,U
sz000983,山西焦煤,2025-10-13 09:30:15,7.18,21100,7.14,U
sz000983,山西焦煤,2025-10-13 09:30:18,7.15,55900,7.18,D
sz000983,山西焦煤,2025-10-13 09:30:21,7.19,53900,7.15,U
sz000983,山西焦煤,2025-10-13 09:30:24,7.18,27439,7.19,D
sz000983,山西焦煤,2025-10-13 09:30:27,7.19,89400,7.18,U
sz000983,山西焦煤,2025-10-13 09:30:30,7.18,35300,7.19,D
sz000983,山西焦煤,2025-10-13 09:30:33,7.16,94400,7.18,D
sz000983,山西焦煤,2025-10-13 09:30:36,7.18,99800,7.16,U
sz000983,山西焦煤,2025-10-13 09:30:42,7.18,113200,7.19,D
sz000983,山西焦煤,2025-10-13 09:30:45,7.18,57100,7.18,D
sz000983,山西焦煤,2025-10-13 09:30:48,7.19,56300,7.18,U
sz000983,山西焦煤,2025-10-13 09:30:51,7.18,53200,7.19,E
sz000983,山西焦煤,2025-10-13 09:30:54,7.19,42700,7.18,U
sz000983,山西焦煤,2025-10-13 09:30:57,7.18,59500,7.19,D
sz000983,山西焦煤,2025-10-13 09:31:00,7.19,129500,7.18,U
sz000983,山西焦煤,2025-10-13 09:31:03,7.18,83200,7.19,D
sz000983,山西焦煤,2025-10-13 09:31:06,7.18,66900,7.18,U
sz000983,山西焦煤,2025-10-13 09:31:09,7.18,34500,7.18,U
sz000983,山西焦煤,2025-10-13 09:31:12,7.2,205930,7.18,U
sz000983,山西焦煤,2025-10-13 09:31:15,7.19,69300,7.2,D
sz000983,山西焦煤,2025-10-13 09:31:21,7.19,64700,7.19,D
sz000983,山西焦煤,2025-10-13 09:31:24,7.19,45500,7.19,U
sz000983,山西焦煤,2025-10-13 09:31:27,7.19,98800,7.19,U
sz000983,山西焦煤,2025-10-13 09:31:30,7.19,53500,7.19,U
sz000983,山西焦煤,2025-10-13 09:31:33,7.2,20900,7.19,U
sz000983,山西焦煤,2025-10-13 09:31:36,7.19,56100,7.2,D
sz000983,山西焦煤,2025-10-13 09:31:39,7.2,60900,7.19,U
sz000983,山西焦煤,2025-10-13 09:31:42,7.2,101500,7.2,D
sz000983,山西焦煤,2025-10-13 09:31:45,7.2,38500,7.2,D
sz000983,山西焦煤,2025-10-13 09:31:48,7.2,78300,7.2,U
sz000983,山西焦煤,2025-10-13 09:31:54,7.2,59500,7.19,U
sz000983,山西焦煤,2025-10-13 09:31:57,7.2,425700,7.2,U
sz000983,山西焦煤,2025-10-13 09:32:00,7.2,57400,7.2,D
sz000983,山西焦煤,2025-10-13 09:32:03,7.21,506700,7.2,U
sz000983,山西焦煤,2025-10-13 09:32:06,7.2,181900,7.21,D
sz000983,山西焦煤,2025-10-13 09:32:09,7.2,153700,7.2,D
sz000983,山西焦煤,2025-10-13 09:32:12,7.2,132200,7.2,U
sz000983,山西焦煤,2025-10-13 09:32:15,7.2,57300,7.2,D
sz000983,山西焦煤,2025-10-13 09:32:21,7.2,28300,7.2,U
sz000983,山西焦煤,2025-10-13 09:32:24,7.2,32800,7.2,D
sz000983,山西焦煤,2025-10-13 09:32:27,7.2,32600,7.2,U
sz000983,山西焦煤,2025-10-13 09:32:30,7.2,94900,7.2,U
sz000983,山西焦煤,2025-10-13 09:32:33,7.2,23400,7.2,E
sz000983,山西焦煤,2025-10-13 09:32:36,7.2,125200,7.2,U
sz000983,山西焦煤,2025-10-13 09:32:42,7.21,61300,7.2,U
sz000983,山西焦煤,2025-10-13 09:32:48,7.2,69500,7.2,U
sz000983,山西焦煤,2025-10-13 09:32:51,7.2,49100,7.2,U
sz000983,山西焦煤,2025-10-13 09:32:54,7.19,38100,7.2,D
sz000983,山西焦煤,2025-10-13 09:32:57,7.2,69700,7.19,E
sz000983,山西焦煤,2025-10-13 09:33:00,7.2,54100,7.2,U
sz000983,山西焦煤,2025-10-13 09:33:03,7.2,28500,7.2,U
sz000983,山西焦煤,2025-10-13 09:33:06,7.19,48900,7.2,D
sz000983,山西焦煤,2025-10-13 09:33:09,7.2,55500,7.19,U
sz000983,山西焦煤,2025-10-13 09:33:12,7.2,53900,7.2,U
sz000983,山西焦煤,2025-10-13 09:33:24,7.2,93625,7.2,U
sz000983,山西焦煤,2025-10-13 09:33:27,7.2,50400,7.2,U
sz000983,山西焦煤,2025-10-13 09:33:33,7.2,76500,7.2,D
sz000983,山西焦煤,2025-10-13 09:33:39,7.19,59000,7.2,D
sz000983,山西焦煤,2025-10-13 09:33:42,7.19,54000,7.19,D
sz000983,山西焦煤,2025-10-13 09:33:45,7.2,25100,7.19,U
sz000983,山西焦煤,2025-10-13 09:33:48,7.2,48700,7.2,U
sz000983,山西焦煤,2025-10-13 09:33:51,7.19,127308,7.2,D
sz000983,山西焦煤,2025-10-13 09:33:54,7.19,104700,7.19,D
sz000983,山西焦煤,2025-10-13 09:33:57,7.2,66200,7.19,U
sz000983,山西焦煤,2025-10-13 09:34:00,7.2,21600,7.2,U
sz000983,山西焦煤,2025-10-13 09:34:03,7.22,211020,7.2,U
sz000983,山西焦煤,2025-10-13 09:34:06,7.2,30100,7.22,D
sz000983,山西焦煤,2025-10-13 09:34:12,7.2,63700,7.21,D
sz000983,山西焦煤,2025-10-13 09:34:18,7.2,20000,7.19,U
sz000983,山西焦煤,2025-10-13 09:34:21,7.2,74200,7.2,U
sz000983,山西焦煤,2025-10-13 09:34:24,7.19,35500,7.2,D
sz000983,山西焦煤,2025-10-13 09:34:30,7.19,57475,7.2,D
sz000983,山西焦煤,2025-10-13 09:34:33,7.18,31600,7.19,D
sz000983,山西焦煤,2025-10-13 09:34:39,7.18,135300,7.19,D
sz000983,山西焦煤,2025-10-13 09:34:42,7.17,164400,7.18,D
sz000983,山西焦煤,2025-10-13 09:34:45,7.16,418000,7.17,D
sz000983,山西焦煤,2025-10-13 09:34:51,7.15,215461,7.15,D
sz000983,山西焦煤,2025-10-13 09:34:54,7.16,78939,7.15,U
sz000983,山西焦煤,2025-10-13 09:34:57,7.17,78100,7.16,U
sz000983,山西焦煤,2025-10-13 09:35:03,7.16,47900,7.17,D
sz000983,山西焦煤,2025-10-13 09:35:06,7.17,74375,7.16,U
sz000983,山西焦煤,2025-10-13 09:35:09,7.15,121500,7.17,D
sz000983,山西焦煤,2025-10-13 09:35:12,7.15,154100,7.15,D
sz000983,山西焦煤,2025-10-13 09:35:18,7.17,203100,7.15,U
sz000983,山西焦煤,2025-10-13 09:35:21,7.17,618400,7.17,U
sz000983,山西焦煤,2025-10-13 09:35:27,7.16,65600,7.16,D
sz000983,山西焦煤,2025-10-13 09:35:33,7.16,23200,7.16,D
sz000983,山西焦煤,2025-10-13 09:35:39,7.16,63700,7.16,D
sz000983,山西焦煤,2025-10-13 09:35:42,7.16,44000,7.16,D
sz000983,山西焦煤,2025-10-13 09:35:45,7.15,254500,7.16,D
sz000983,山西焦煤,2025-10-13 09:35:48,7.15,31700,7.15,U
sz000983,山西焦煤,2025-10-13 09:35:51,7.15,33000,7.15,U
sz000983,山西焦煤,2025-10-13 09:35:54,7.15,29600,7.15,U
sz000983,山西焦煤,2025-10-13 09:35:57,7.15,57600,7.15,U
sz000983,山西焦煤,2025-10-13 09:36:00,7.15,33400,7.15,U
sz000983,山西焦煤,2025-10-13 09:36:03,7.15,45600,7.15,U
sz000983,山西焦煤,2025-10-13 09:36:06,7.15,109500,7.15,U
sz000983,山西焦煤,2025-10-13 09:36:09,7.15,29500,7.15,U
sz000983,山西焦煤,2025-10-13 09:36:12,7.14,178700,7.15,D
sz000983,山西焦煤,2025-10-13 09:36:15,7.15,28600,7.14,U
sz000983,山西焦煤,2025-10-13 09:36:18,7.15,37800,7.15,D
sz000983,山西焦煤,2025-10-13 09:36:21,7.16,24400,7.15,U
sz000983,山西焦煤,2025-10-13 09:36:24,7.15,20700,7.16,D
sz000983,山西焦煤,2025-10-13 09:36:33,7.16,201400,7.15,U
sz000983,山西焦煤,2025-10-13 09:36:36,7.15,22200,7.16,D
sz000983,山西焦煤,2025-10-13 09:36:45,7.16,22000,7.16,D
sz000983,山西焦煤,2025-10-13 09:36:48,7.15,49100,7.16,D
sz000983,山西焦煤,2025-10-13 09:36:54,7.15,204300,7.16,D
sz000983,山西焦煤,2025-10-13 09:36:57,7.15,21800,7.15,U
sz000983,山西焦煤,2025-10-13 09:37:00,7.14,225861,7.15,D
sz000983,山西焦煤,2025-10-13 09:37:03,7.13,29800,7.14,D
sz000983,山西焦煤,2025-10-13 09:37:06,7.14,20800,7.13,U
sz000983,山西焦煤,2025-10-13 09:37:09,7.13,27900,7.14,D
sz000983,山西焦煤,2025-10-13 09:37:12,7.13,33000,7.13,D
sz000983,山西焦煤,2025-10-13 09:37:15,7.13,150600,7.13,D
sz000983,山西焦煤,2025-10-13 09:37:21,7.13,37800,7.13,D
sz000983,山西焦煤,2025-10-13 09:37:24,7.14,195000,7.13,U
sz000983,山西焦煤,2025-10-13 09:37:33,7.13,52500,7.14,D
sz000983,山西焦煤,2025-10-13 09:37:36,7.14,30500,7.13,U
sz000983,山西焦煤,2025-10-13 09:37:39,7.14,51600,7.14,U
sz000983,山西焦煤,2025-10-13 09:37:42,7.13,466600,7.14,D
sz000983,山西焦煤,2025-10-13 09:37:45,7.13,40200,7.13,U
sz000983,山西焦煤,2025-10-13 09:37:48,7.12,27500,7.13,D
sz000983,山西焦煤,2025-10-13 09:37:51,7.13,20200,7.12,U
sz000983,山西焦煤,2025-10-13 09:37:54,7.12,162000,7.13,D
sz000983,山西焦煤,2025-10-13 09:37:57,7.12,84400,7.12,D
sz000983,山西焦煤,2025-10-13 09:38:00,7.12,41200,7.12,D
sz000983,山西焦煤,2025-10-13 09:38:03,7.13,32700,7.12,U
sz000983,山西焦煤,2025-10-13 09:38:06,7.13,37400,7.13,U
sz000983,山西焦煤,2025-10-13 09:38:09,7.13,33700,7.13,D
sz000983,山西焦煤,2025-10-13 09:38:12,7.13,43100,7.13,D
sz000983,山西焦煤,2025-10-13 09:38:15,7.13,106700,7.13,U
sz000983,山西焦煤,2025-10-13 09:38:18,7.13,69200,7.13,U
sz000983,山西焦煤,2025-10-13 09:38:21,7.12,21700,7.13,D
sz000983,山西焦煤,2025-10-13 09:38:24,7.12,40600,7.12,D
sz000983,山西焦煤,2025-10-13 09:38:27,7.13,178500,7.12,U
sz000983,山西焦煤,2025-10-13 09:38:30,7.13,44800,7.13,U
sz000983,山西焦煤,2025-10-13 09:38:33,7.12,25500,7.13,D
sz000983,山西焦煤,2025-10-13 09:38:36,7.13,23400,7.12,U
sz000983,山西焦煤,2025-10-13 09:38:39,7.12,94400,7.13,D
sz000983,山西焦煤,2025-10-13 09:38:42,7.13,56600,7.12,U
sz000983,山西焦煤,2025-10-13 09:38:45,7.14,808500,7.13,U
sz000983,山西焦煤,2025-10-13 09:38:51,7.14,247000,7.14,U
sz000983,山西焦煤,2025-10-13 09:38:54,7.13,62000,7.14,U
sz000983,山西焦煤,2025-10-13 09:38:57,7.14,73500,7.13,U
sz000983,山西焦煤,2025-10-13 09:39:00,7.12,46200,7.14,D
sz000983,山西焦煤,2025-10-13 09:39:03,7.14,21300,7.12,U
sz000983,山西焦煤,2025-10-13 09:39:06,7.13,34700,7.14,D
sz000983,山西焦煤,2025-10-13 09:39:12,7.13,85300,7.14,D
sz000983,山西焦煤,2025-10-13 09:39:15,7.14,21000,7.13,U
sz000983,山西焦煤,2025-10-13 09:39:18,7.15,24100,7.14,U
sz000983,山西焦煤,2025-10-13 09:39:21,7.14,89500,7.15,D
sz000983,山西焦煤,2025-10-13 09:39:24,7.15,27400,7.14,U
sz000983,山西焦煤,2025-10-13 09:39:27,7.16,225900,7.15,U
sz000983,山西焦煤,2025-10-13 09:39:33,7.16,21700,7.15,U
sz000983,山西焦煤,2025-10-13 09:39:36,7.15,43800,7.16,D
sz000983,山西焦煤,2025-10-13 09:39:39,7.17,39500,7.15,U
sz000983,山西焦煤,2025-10-13 09:39:42,7.16,87200,7.17,D
sz000983,山西焦煤,2025-10-13 09:39:48,7.15,112900,7.16,D
sz000983,山西焦煤,2025-10-13 09:39:54,7.15,40800,7.15,U
sz000983,山西焦煤,2025-10-13 09:39:57,7.15,37300,7.15,U
sz000983,山西焦煤,2025-10-13 09:40:00,7.14,106600,7.15,D
sz000983,山西焦煤,2025-10-13 09:40:03,7.15,31900,7.14,U
sz000983,山西焦煤,2025-10-13 09:40:09,7.15,43300,7.15,U
sz000983,山西焦煤,2025-10-13 09:40:15,7.14,28200,7.15,D
sz000983,山西焦煤,2025-10-13 09:40:21,7.15,54000,7.15,U
sz000983,山西焦煤,2025-10-13 09:40:24,7.14,127100,7.15,D
sz000983,山西焦煤,2025-10-13 09:40:30,7.14,35800,7.14,D
sz000983,山西焦煤,2025-10-13 09:40:39,7.14,73700,7.14,D
sz000983,山西焦煤,2025-10-13 09:40:42,7.15,29400,7.14,U
sz000983,山西焦煤,2025-10-13 09:40:48,7.14,97200,7.15,D
sz000983,山西焦煤,2025-10-13 09:40:54,7.14,22400,7.14,D
sz000983,山西焦煤,2025-10-13 09:41:00,7.15,38700,7.15,U
sz000983,山西焦煤,2025-10-13 09:41:03,7.14,44100,7.15,D
sz000983,山西焦煤,2025-10-13 09:41:06,7.15,26700,7.14,U
sz000983,山西焦煤,2025-10-13 09:41:12,7.15,98400,7.15,U
sz000983,山西焦煤,2025-10-13 09:41:15,7.15,28000,7.15,D
sz000983,山西焦煤,2025-10-13 09:41:21,7.14,58200,7.15,D
sz000983,山西焦煤,2025-10-13 09:41:27,7.14,87500,7.14,D
sz000983,山西焦煤,2025-10-13 09:41:33,7.15,57400,7.15,U
sz000983,山西焦煤,2025-10-13 09:41:48,7.14,64000,7.14,D
sz000983,山西焦煤,2025-10-13 09:41:51,7.14,20700,7.14,D
sz000983,山西焦煤,2025-10-13 09:41:54,7.15,63900,7.14,U
sz000983,山西焦煤,2025-10-13 09:41:57,7.15,96600,7.15,U
sz000983,山西焦煤,2025-10-13 09:42:03,7.14,194000,7.15,D
sz000983,山西焦煤,2025-10-13 09:42:06,7.13,248100,7.14,D
sz000983,山西焦煤,2025-10-13 09:42:09,7.13,27100,7.13,D
sz000983,山西焦煤,2025-10-13 09:42:12,7.13,223000,7.13,D
sz000983,山西焦煤,2025-10-13 09:42:15,7.13,200000,7.13,D
sz000983,山西焦煤,2025-10-13 09:42:18,7.14,228400,7.13,U
sz000983,山西焦煤,2025-10-13 09:42:21,7.14,224400,7.14,D
sz000983,山西焦煤,2025-10-13 09:42:24,7.14,21300,7.14,D
sz000983,山西焦煤,2025-10-13 09:42:27,7.14,23400,7.14,D
sz000983,山西焦煤,2025-10-13 09:42:30,7.14,108100,7.14,D
sz000983,山西焦煤,2025-10-13 09:42:33,7.14,105900,7.14,D
sz000983,山西焦煤,2025-10-13 09:42:36,7.14,68870,7.14,D
sz000983,山西焦煤,2025-10-13 09:42:39,7.14,25700,7.14,D
sz000983,山西焦煤,2025-10-13 09:42:42,7.16,140900,7.14,E
sz000983,山西焦煤,2025-10-13 09:42:57,7.16,29300,7.16,D
sz000983,山西焦煤,2025-10-13 09:43:06,7.16,22800,7.16,U
sz000983,山西焦煤,2025-10-13 09:43:09,7.16,27100,7.16,U
sz000983,山西焦煤,2025-10-13 09:43:33,7.16,29400,7.17,D
sz000983,山西焦煤,2025-10-13 09:43:42,7.16,38600,7.16,U
sz000983,山西焦煤,2025-10-13 09:43:45,7.16,31000,7.16,U
sz000983,山西焦煤,2025-10-13 09:43:48,7.16,33100,7.16,D
sz000983,山西焦煤,2025-10-13 09:44:03,7.16,38200,7.16,U
sz000983,山西焦煤,2025-10-13 09:44:24,7.15,250600,7.16,D
sz000983,山西焦煤,2025-10-13 09:44:27,7.14,25900,7.15,D
sz000983,山西焦煤,2025-10-13 09:44:39,7.15,30390,7.15,D
sz000983,山西焦煤,2025-10-13 09:44:45,7.15,45300,7.15,U
sz000983,山西焦煤,2025-10-13 09:45:09,7.15,50600,7.15,U
sz000983,山西焦煤,2025-10-13 09:45:15,7.15,87300,7.15,U
sz000983,山西焦煤,2025-10-13 09:45:18,7.15,24900,7.15,D
sz000983,山西焦煤,2025-10-13 09:45:24,7.15,42800,7.16,D
sz000983,山西焦煤,2025-10-13 09:45:33,7.15,35100,7.15,D
sz000983,山西焦煤,2025-10-13 09:45:36,7.16,72600,7.15,U
sz000983,山西焦煤,2025-10-13 09:45:42,7.16,35400,7.15,U
sz000983,山西焦煤,2025-10-13 09:45:45,7.16,29700,7.16,U
sz000983,山西焦煤,2025-10-13 09:45:54,7.15,25000,7.16,D
sz000983,山西焦煤,2025-10-13 09:45:57,7.15,148200,7.15,D
sz000983,山西焦煤,2025-10-13 09:46:03,7.14,328900,7.15,D
sz000983,山西焦煤,2025-10-13 09:46:06,7.15,88550,7.14,U
sz000983,山西焦煤,2025-10-13 09:46:21,7.14,48700,7.14,U
sz000983,山西焦煤,2025-10-13 09:46:27,7.14,32300,7.13,U
sz000983,山西焦煤,2025-10-13 09:46:30,7.14,57500,7.14,U
sz000983,山西焦煤,2025-10-13 09:46:33,7.13,44500,7.14,D
sz000983,山西焦煤,2025-10-13 09:46:36,7.14,35300,7.13,U
sz000983,山西焦煤,2025-10-13 09:46:42,7.14,102300,7.13,U
sz000983,山西焦煤,2025-10-13 09:47:15,7.14,45400,7.14,U
sz000983,山西焦煤,2025-10-13 09:47:18,7.13,40600,7.14,D
sz000983,山西焦煤,2025-10-13 09:47:24,7.13,24400,7.14,D
sz000983,山西焦煤,2025-10-13 09:47:33,7.13,150300,7.14,D
sz000983,山西焦煤,2025-10-13 09:47:39,7.14,28200,7.14,U
sz000983,山西焦煤,2025-10-13 09:47:54,7.13,25200,7.14,D
sz000983,山西焦煤,2025-10-13 09:48:00,7.13,494900,7.14,D
sz000983,山西焦煤,2025-10-13 09:48:06,7.13,199400,7.13,D
sz000983,山西焦煤,2025-10-13 09:48:12,7.13,26800,7.13,U
sz000983,山西焦煤,2025-10-13 09:48:18,7.12,32400,7.13,D
sz000983,山西焦煤,2025-10-13 09:48:21,7.13,22200,7.12,U
sz000983,山西焦煤,2025-10-13 09:48:24,7.12,27600,7.13,D
sz000983,山西焦煤,2025-10-13 09:48:27,7.13,101300,7.12,U
sz000983,山西焦煤,2025-10-13 09:48:33,7.13,47100,7.13,U
sz000983,山西焦煤,2025-10-13 09:48:39,7.13,495100,7.12,U
sz000983,山西焦煤,2025-10-13 09:48:48,7.13,29500,7.13,U
sz000983,山西焦煤,2025-10-13 09:48:57,7.13,84600,7.13,U
sz000983,山西焦煤,2025-10-13 09:49:00,7.13,30600,7.13,U
sz000983,山西焦煤,2025-10-13 09:49:06,7.12,1023800,7.13,D
sz000983,山西焦煤,2025-10-13 09:49:09,7.12,25900,7.12,U
sz000983,山西焦煤,2025-10-13 09:49:12,7.11,34200,7.12,D
sz000983,山西焦煤,2025-10-13 09:49:33,7.12,21800,7.12,U
sz000983,山西焦煤,2025-10-13 09:49:36,7.11,36700,7.12,D
sz000983,山西焦煤,2025-10-13 09:49:42,7.12,21700,7.12,U
sz000983,山西焦煤,2025-10-13 09:49:48,7.12,20100,7.12,U
sz000983,山西焦煤,2025-10-13 09:49:51,7.12,241300,7.12,U
sz000983,山西焦煤,2025-10-13 09:49:54,7.13,37100,7.12,U
sz000983,山西焦煤,2025-10-13 09:50:03,7.13,33400,7.13,D
sz000983,山西焦煤,2025-10-13 09:50:06,7.13,83200,7.13,D
sz000983,山西焦煤,2025-10-13 09:50:18,7.13,21500,7.13,D
sz000983,山西焦煤,2025-10-13 09:50:21,7.13,52100,7.13,D
sz000983,山西焦煤,2025-10-13 09:50:36,7.13,168500,7.14,D
sz000983,山西焦煤,2025-10-13 09:50:45,7.13,37400,7.14,D
sz000983,山西焦煤,2025-10-13 09:50:48,7.13,74600,7.13,D
sz000983,山西焦煤,2025-10-13 09:51:09,7.13,77100,7.13,D
sz000983,山西焦煤,2025-10-13 09:51:15,7.13,29300,7.13,U
sz000983,山西焦煤,2025-10-13 09:51:18,7.13,86300,7.13,U
sz000983,山西焦煤,2025-10-13 09:51:24,7.13,47700,7.14,D
sz000983,山西焦煤,2025-10-13 09:51:27,7.13,33800,7.13,D
sz000983,山西焦煤,2025-10-13 09:51:33,7.14,288400,7.14,U
sz000983,山西焦煤,2025-10-13 09:51:51,7.15,22200,7.15,U
sz000983,山西焦煤,2025-10-13 09:51:57,7.15,40400,7.15,U
sz000983,山西焦煤,2025-10-13 09:52:06,7.14,37100,7.15,D
sz000983,山西焦煤,2025-10-13 09:52:24,7.14,176900,7.15,D
sz000983,山西焦煤,2025-10-13 09:52:27,7.15,75800,7.14,U
sz000983,山西焦煤,2025-10-13 09:52:33,7.15,52100,7.15,U
sz000983,山西焦煤,2025-10-13 09:52:42,7.15,37000,7.15,U
sz000983,山西焦煤,2025-10-13 09:53:03,7.14,192200,7.14,D
sz000983,山西焦煤,2025-10-13 09:53:12,7.13,35500,7.14,D
sz000983,山西焦煤,2025-10-13 09:53:15,7.14,20300,7.13,U
sz000983,山西焦煤,2025-10-13 09:53:18,7.15,50000,7.14,U
sz000983,山西焦煤,2025-10-13 09:53:24,7.15,86800,7.14,U
sz000983,山西焦煤,2025-10-13 09:54:42,7.16,33100,7.16,U
sz000983,山西焦煤,2025-10-13 09:54:45,7.15,121600,7.16,D
sz000983,山西焦煤,2025-10-13 09:55:09,7.15,26400,7.15,U
sz000983,山西焦煤,2025-10-13 09:55:21,7.16,58500,7.16,U
sz000983,山西焦煤,2025-10-13 09:55:24,7.16,23500,7.16,U
sz000983,山西焦煤,2025-10-13 09:55:39,7.16,41000,7.16,U
sz000983,山西焦煤,2025-10-13 09:55:51,7.16,58100,7.16,U
sz000983,山西焦煤,2025-10-13 09:55:54,7.16,34700,7.16,U
sz000983,山西焦煤,2025-10-13 09:56:00,7.15,86200,7.16,D
sz000983,山西焦煤,2025-10-13 09:56:03,7.14,154700,7.15,D
sz000983,山西焦煤,2025-10-13 09:56:21,7.14,25400,7.15,D
sz000983,山西焦煤,2025-10-13 09:56:48,7.14,48000,7.15,D
sz000983,山西焦煤,2025-10-13 09:56:51,7.14,269900,7.14,D
sz000983,山西焦煤,2025-10-13 09:57:03,7.14,118300,7.14,U
sz000983,山西焦煤,2025-10-13 09:57:12,7.13,23000,7.13,D
sz000983,山西焦煤,2025-10-13 09:57:18,7.14,27400,7.13,U
sz000983,山西焦煤,2025-10-13 09:57:21,7.13,578100,7.14,D
sz000983,山西焦煤,2025-10-13 09:57:39,7.13,65500,7.12,U
sz000983,山西焦煤,2025-10-13 09:57:51,7.12,594100,7.12,D
sz000983,山西焦煤,2025-10-13 09:57:54,7.12,46000,7.12,U
sz000983,山西焦煤,2025-10-13 09:58:03,7.12,56900,7.12,D
sz000983,山西焦煤,2025-10-13 09:58:51,7.13,73500,7.13,U
sz000983,山西焦煤,2025-10-13 09:58:54,7.13,79200,7.13,U
sz000983,山西焦煤,2025-10-13 09:58:57,7.14,23600,7.13,U
sz000983,山西焦煤,2025-10-13 09:59:03,7.13,24600,7.13,D
sz000983,山西焦煤,2025-10-13 09:59:39,7.13,72200,7.13,D
sz000983,山西焦煤,2025-10-13 09:59:48,7.13,23500,7.13,U
sz000983,山西焦煤,2025-10-13 09:59:57,7.13,119900,7.13,U
sz000983,山西焦煤,2025-10-13 10:00:03,7.13,86300,7.13,U
sz000983,山西焦煤,2025-10-13 10:00:06,7.12,41300,7.13,D
sz000983,山西焦煤,2025-10-13 10:00:09,7.13,77600,7.12,U
sz000983,山西焦煤,2025-10-13 10:00:12,7.12,26100,7.13,D
sz000983,山西焦煤,2025-10-13 10:00:18,7.12,68700,7.13,D
sz000983,山西焦煤,2025-10-13 10:00:30,7.12,20500,7.12,U
sz000983,山西焦煤,2025-10-13 10:00:33,7.11,141300,7.12,D
sz000983,山西焦煤,2025-10-13 10:00:36,7.12,33500,7.11,U
sz000983,山西焦煤,2025-10-13 10:00:39,7.12,27700,7.12,U
sz000983,山西焦煤,2025-10-13 10:00:42,7.12,96600,7.12,U
sz000983,山西焦煤,2025-10-13 10:00:45,7.11,74700,7.12,D
sz000983,山西焦煤,2025-10-13 10:00:51,7.11,20100,7.12,D
sz000983,山西焦煤,2025-10-13 10:01:06,7.12,28300,7.12,U
sz000983,山西焦煤,2025-10-13 10:01:12,7.12,25900,7.11,U
sz000983,山西焦煤,2025-10-13 10:01:21,7.12,270700,7.11,U
sz000983,山西焦煤,2025-10-13 10:01:24,7.11,27600,7.12,D
sz000983,山西焦煤,2025-10-13 10:01:27,7.11,76500,7.11,D
sz000983,山西焦煤,2025-10-13 10:01:30,7.12,85600,7.11,U
sz000983,山西焦煤,2025-10-13 10:01:33,7.12,28200,7.12,U
sz000983,山西焦煤,2025-10-13 10:01:39,7.11,52100,7.12,D
sz000983,山西焦煤,2025-10-13 10:01:45,7.11,24000,7.12,D
sz000983,山西焦煤,2025-10-13 10:01:48,7.11,582300,7.11,D
sz000983,山西焦煤,2025-10-13 10:01:51,7.1,54300,7.11,D
sz000983,山西焦煤,2025-10-13 10:01:54,7.11,53500,7.1,U
sz000983,山西焦煤,2025-10-13 10:01:57,7.11,53600,7.11,U
sz000983,山西焦煤,2025-10-13 10:02:00,7.11,24200,7.11,U
sz000983,山西焦煤,2025-10-13 10:02:03,7.1,96900,7.11,D
sz000983,山西焦煤,2025-10-13 10:02:06,7.11,30200,7.1,U
sz000983,山西焦煤,2025-10-13 10:02:12,7.1,62600,7.11,D
sz000983,山西焦煤,2025-10-13 10:02:15,7.1,29100,7.1,D
sz000983,山西焦煤,2025-10-13 10:02:21,7.11,52300,7.11,U
sz000983,山西焦煤,2025-10-13 10:02:27,7.11,31100,7.11,U
sz000983,山西焦煤,2025-10-13 10:02:30,7.11,26400,7.11,U
sz000983,山西焦煤,2025-10-13 10:02:45,7.1,24900,7.1,D
sz000983,山西焦煤,2025-10-13 10:02:48,7.1,44600,7.1,D
sz000983,山西焦煤,2025-10-13 10:02:54,7.1,39300,7.1,D
sz000983,山西焦煤,2025-10-13 10:03:00,7.1,24100,7.1,D
sz000983,山西焦煤,2025-10-13 10:03:03,7.1,33000,7.1,D
sz000983,山西焦煤,2025-10-13 10:03:06,7.1,198000,7.1,D
sz000983,山西焦煤,2025-10-13 10:03:09,7.11,72300,7.1,U
sz000983,山西焦煤,2025-10-13 10:03:12,7.1,60900,7.11,D
sz000983,山西焦煤,2025-10-13 10:03:18,7.1,98300,7.11,D
sz000983,山西焦煤,2025-10-13 10:03:24,7.11,24100,7.11,U
sz000983,山西焦煤,2025-10-13 10:03:30,7.1,61200,7.11,D
sz000983,山西焦煤,2025-10-13 10:03:33,7.1,30100,7.1,D
sz000983,山西焦煤,2025-10-13 10:03:39,7.1,21800,7.11,D
sz000983,山西焦煤,2025-10-13 10:03:48,7.11,21000,7.1,U
sz000983,山西焦煤,2025-10-13 10:03:51,7.1,106000,7.11,D
sz000983,山西焦煤,2025-10-13 10:04:03,7.1,23000,7.11,D
sz000983,山西焦煤,2025-10-13 10:04:12,7.1,23400,7.1,D
sz000983,山西焦煤,2025-10-13 10:04:15,7.1,344800,7.1,D
sz000983,山西焦煤,2025-10-13 10:04:30,7.09,35500,7.1,D
sz000983,山西焦煤,2025-10-13 10:04:33,7.1,152700,7.09,U
sz000983,山西焦煤,2025-10-13 10:04:45,7.1,21700,7.1,U
sz000983,山西焦煤,2025-10-13 10:04:48,7.1,21200,7.1,U
sz000983,山西焦煤,2025-10-13 10:04:54,7.1,79800,7.1,U
sz000983,山西焦煤,2025-10-13 10:05:00,7.09,73500,7.1,D
sz000983,山西焦煤,2025-10-13 10:05:03,7.1,35300,7.09,U
sz000983,山西焦煤,2025-10-13 10:05:09,7.1,54200,7.1,U
sz000983,山西焦煤,2025-10-13 10:05:12,7.09,30800,7.1,D
sz000983,山西焦煤,2025-10-13 10:05:15,7.1,30300,7.09,U
sz000983,山西焦煤,2025-10-13 10:05:30,7.1,131700,7.09,U
sz000983,山西焦煤,2025-10-13 10:05:36,7.1,35200,7.1,U
sz000983,山西焦煤,2025-10-13 10:05:51,7.09,24000,7.1,D
sz000983,山西焦煤,2025-10-13 10:05:54,7.1,25200,7.09,U
sz000983,山西焦煤,2025-10-13 10:05:57,7.1,23600,7.1,U
sz000983,山西焦煤,2025-10-13 10:06:12,7.09,53000,7.09,D
sz000983,山西焦煤,2025-10-13 10:06:15,7.09,213300,7.09,D
sz000983,山西焦煤,2025-10-13 10:06:36,7.09,35300,7.1,D
sz000983,山西焦煤,2025-10-13 10:06:42,7.09,46000,7.1,D
sz000983,山西焦煤,2025-10-13 10:06:51,7.1,63900,7.09,U
sz000983,山西焦煤,2025-10-13 10:06:57,7.09,24800,7.09,D
sz000983,山西焦煤,2025-10-13 10:07:09,7.11,278500,7.09,U
sz000983,山西焦煤,2025-10-13 10:07:24,7.1,85700,7.1,D
sz000983,山西焦煤,2025-10-13 10:07:27,7.1,89900,7.1,U
sz000983,山西焦煤,2025-10-13 10:07:30,7.1,29300,7.1,U
sz000983,山西焦煤,2025-10-13 10:07:36,7.1,24200,7.1,D
sz000983,山西焦煤,2025-10-13 10:07:39,7.1,46500,7.1,D
sz000983,山西焦煤,2025-10-13 10:07:54,7.1,49500,7.11,D
sz000983,山西焦煤,2025-10-13 10:08:00,7.1,24400,7.1,U
sz000983,山西焦煤,2025-10-13 10:08:03,7.1,28100,7.1,U
sz000983,山西焦煤,2025-10-13 10:08:12,7.1,24900,7.09,U
sz000983,山西焦煤,2025-10-13 10:08:21,7.09,540300,7.1,D
sz000983,山西焦煤,2025-10-13 10:08:30,7.09,32000,7.09,U
sz000983,山西焦煤,2025-10-13 10:08:39,7.08,38300,7.09,D
sz000983,山西焦煤,2025-10-13 10:08:48,7.09,21100,7.09,U
sz000983,山西焦煤,2025-10-13 10:09:00,7.08,22400,7.08,D
sz000983,山西焦煤,2025-10-13 10:09:03,7.08,545300,7.08,D
sz000983,山西焦煤,2025-10-13 10:09:09,7.08,55200,7.07,U
sz000983,山西焦煤,2025-10-13 10:09:12,7.08,26800,7.08,U
sz000983,山西焦煤,2025-10-13 10:09:15,7.08,221400,7.08,E
sz000983,山西焦煤,2025-10-13 10:09:18,7.07,39200,7.08,D
sz000983,山西焦煤,2025-10-13 10:09:27,7.08,117200,7.07,U
sz000983,山西焦煤,2025-10-13 10:09:33,7.07,47200,7.08,D
sz000983,山西焦煤,2025-10-13 10:09:36,7.07,70100,7.07,D
sz000983,山西焦煤,2025-10-13 10:10:00,7.08,27400,7.08,U
sz000983,山西焦煤,2025-10-13 10:10:09,7.08,58600,7.08,U
sz000983,山西焦煤,2025-10-13 10:10:15,7.08,24500,7.08,U
sz000983,山西焦煤,2025-10-13 10:10:36,7.08,20700,7.08,U
sz000983,山西焦煤,2025-10-13 10:10:45,7.07,54400,7.08,D
sz000983,山西焦煤,2025-10-13 10:10:48,7.07,21700,7.07,D
sz000983,山西焦煤,2025-10-13 10:10:57,7.08,325700,7.07,U
sz000983,山西焦煤,2025-10-13 10:11:06,7.09,20500,7.09,U
sz000983,山西焦煤,2025-10-13 10:11:21,7.08,110100,7.08,D
sz000983,山西焦煤,2025-10-13 10:11:27,7.08,47200,7.08,U
sz000983,山西焦煤,2025-10-13 10:11:30,7.08,28100,7.08,D
sz000983,山西焦煤,2025-10-13 10:11:48,7.08,24100,7.08,D
sz000983,山西焦煤,2025-10-13 10:11:51,7.08,24000,7.08,D
sz000983,山西焦煤,2025-10-13 10:12:21,7.09,60700,7.09,U
sz000983,山西焦煤,2025-10-13 10:12:27,7.09,21900,7.09,U
sz000983,山西焦煤,2025-10-13 10:12:33,7.09,24800,7.09,U
sz000983,山西焦煤,2025-10-13 10:12:36,7.09,27300,7.09,U
sz000983,山西焦煤,2025-10-13 10:12:39,7.09,20200,7.09,U
sz000983,山西焦煤,2025-10-13 10:12:42,7.09,25300,7.09,U
sz000983,山西焦煤,2025-10-13 10:12:48,7.09,110000,7.09,U
sz000983,山西焦煤,2025-10-13 10:12:57,7.1,51300,7.1,U
sz000983,山西焦煤,2025-10-13 10:13:03,7.1,53200,7.11,D
sz000983,山西焦煤,2025-10-13 10:13:06,7.1,40500,7.1,U
sz000983,山西焦煤,2025-10-13 10:13:12,7.1,33900,7.09,U
sz000983,山西焦煤,2025-10-13 10:13:39,7.11,46400,7.1,U
sz000983,山西焦煤,2025-10-13 10:13:54,7.1,20400,7.11,D
sz000983,山西焦煤,2025-10-13 10:14:36,7.11,62700,7.11,U
sz000983,山西焦煤,2025-10-13 10:14:48,7.11,31600,7.11,U
sz000983,山西焦煤,2025-10-13 10:14:57,7.11,68200,7.11,U
sz000983,山西焦煤,2025-10-13 10:15:30,7.12,28500,7.11,U
sz000983,山西焦煤,2025-10-13 10:15:36,7.12,41700,7.12,U
sz000983,山西焦煤,2025-10-13 10:16:06,7.12,178700,7.12,U
sz000983,山西焦煤,2025-10-13 10:16:24,7.14,22500,7.14,U
sz000983,山西焦煤,2025-10-13 10:16:57,7.13,23400,7.14,D
sz000983,山西焦煤,2025-10-13 10:17:06,7.13,44100,7.14,D
sz000983,山西焦煤,2025-10-13 10:17:09,7.13,81500,7.13,D
sz000983,山西焦煤,2025-10-13 10:18:24,7.13,34200,7.13,U
sz000983,山西焦煤,2025-10-13 10:18:27,7.13,105700,7.13,U
sz000983,山西焦煤,2025-10-13 10:19:15,7.14,20200,7.14,U
sz000983,山西焦煤,2025-10-13 10:20:06,7.14,30200,7.14,U
sz000983,山西焦煤,2025-10-13 10:20:09,7.13,20800,7.14,D
sz000983,山西焦煤,2025-10-13 10:20:30,7.13,26100,7.13,D
sz000983,山西焦煤,2025-10-13 10:20:39,7.13,39300,7.13,D
sz000983,山西焦煤,2025-10-13 10:20:48,7.13,29700,7.13,D
sz000983,山西焦煤,2025-10-13 10:20:54,7.13,28700,7.12,U
sz000983,山西焦煤,2025-10-13 10:21:12,7.13,52700,7.13,U
sz000983,山西焦煤,2025-10-13 10:21:15,7.13,27300,7.13,D
sz000983,山西焦煤,2025-10-13 10:21:33,7.14,116900,7.14,U
sz000983,山西焦煤,2025-10-13 10:21:45,7.14,134700,7.14,U
sz000983,山西焦煤,2025-10-13 10:21:57,7.13,63100,7.13,D
sz000983,山西焦煤,2025-10-13 10:22:03,7.15,59700,7.14,U
sz000983,山西焦煤,2025-10-13 10:22:06,7.16,169300,7.15,U
sz000983,山西焦煤,2025-10-13 10:22:51,7.16,27500,7.16,U
sz000983,山西焦煤,2025-10-13 10:23:42,7.16,151600,7.16,U
sz000983,山西焦煤,2025-10-13 10:24:45,7.15,27700,7.16,D
sz000983,山西焦煤,2025-10-13 10:25:06,7.15,43000,7.16,D
sz000983,山西焦煤,2025-10-13 10:25:33,7.15,31300,7.15,D
sz000983,山西焦煤,2025-10-13 10:25:36,7.15,45400,7.15,D
sz000983,山西焦煤,2025-10-13 10:25:39,7.16,24600,7.15,U
sz000983,山西焦煤,2025-10-13 10:25:42,7.16,102600,7.16,U
sz000983,山西焦煤,2025-10-13 10:25:45,7.17,66300,7.16,U
sz000983,山西焦煤,2025-10-13 10:26:51,7.17,50700,7.17,U
sz000983,山西焦煤,2025-10-13 10:27:12,7.15,23100,7.16,D
sz000983,山西焦煤,2025-10-13 10:27:57,7.16,67300,7.15,U
sz000983,山西焦煤,2025-10-13 10:28:27,7.18,128485,7.17,U
sz000983,山西焦煤,2025-10-13 10:28:30,7.17,32400,7.18,D
sz000983,山西焦煤,2025-10-13 10:29:06,7.17,20100,7.18,D
sz000983,山西焦煤,2025-10-13 10:29:09,7.18,21100,7.17,U
sz000983,山西焦煤,2025-10-13 10:29:48,7.17,22500,7.18,D
sz000983,山西焦煤,2025-10-13 10:30:00,7.17,69200,7.18,D
sz000983,山西焦煤,2025-10-13 10:30:24,7.16,54000,7.16,D
sz000983,山西焦煤,2025-10-13 10:30:27,7.16,77400,7.16,D
sz000983,山西焦煤,2025-10-13 10:30:33,7.16,34900,7.16,U
sz000983,山西焦煤,2025-10-13 10:31:03,7.17,25600,7.16,U
sz000983,山西焦煤,2025-10-13 10:31:09,7.17,154800,7.16,U
sz000983,山西焦煤,2025-10-13 10:31:12,7.18,48700,7.17,U
sz000983,山西焦煤,2025-10-13 10:31:51,7.18,66130,7.18,U
sz000983,山西焦煤,2025-10-13 10:32:27,7.18,56600,7.18,U
sz000983,山西焦煤,2025-10-13 10:34:03,7.18,98100,7.19,D
sz000983,山西焦煤,2025-10-13 10:34:09,7.18,20000,7.19,D
sz000983,山西焦煤,2025-10-13 10:35:03,7.19,24100,7.19,U
sz000983,山西焦煤,2025-10-13 10:35:09,7.19,223900,7.19,U
sz000983,山西焦煤,2025-10-13 10:35:15,7.2,52100,7.19,U
sz000983,山西焦煤,2025-10-13 10:35:18,7.19,22400,7.2,D
sz000983,山西焦煤,2025-10-13 10:35:21,7.19,31700,7.19,D
sz000983,山西焦煤,2025-10-13 10:35:45,7.2,24200,7.19,U
sz000983,山西焦煤,2025-10-13 10:36:00,7.2,20500,7.19,U
sz000983,山西焦煤,2025-10-13 10:36:03,7.19,28000,7.2,D
sz000983,山西焦煤,2025-10-13 10:36:09,7.2,37700,7.19,U
sz000983,山西焦煤,2025-10-13 10:36:12,7.2,46400,7.2,U
sz000983,山西焦煤,2025-10-13 10:37:03,7.2,21400,7.19,U
sz000983,山西焦煤,2025-10-13 10:37:09,7.2,22000,7.19,U
sz000983,山西焦煤,2025-10-13 10:37:21,7.19,207800,7.2,D
sz000983,山西焦煤,2025-10-13 10:37:30,7.19,20000,7.19,U
sz000983,山西焦煤,2025-10-13 10:37:48,7.18,26100,7.18,D
sz000983,山西焦煤,2025-10-13 10:37:51,7.18,253900,7.18,D
sz000983,山西焦煤,2025-10-13 10:38:06,7.19,38400,7.18,U
sz000983,山西焦煤,2025-10-13 10:38:27,7.18,44900,7.18,D
sz000983,山西焦煤,2025-10-13 10:40:00,7.18,21800,7.18,D
sz000983,山西焦煤,2025-10-13 10:40:03,7.19,260600,7.18,U
sz000983,山西焦煤,2025-10-13 10:40:09,7.19,27700,7.19,U
sz000983,山西焦煤,2025-10-13 10:40:51,7.18,49200,7.18,D
sz000983,山西焦煤,2025-10-13 10:41:03,7.17,23500,7.18,D
sz000983,山西焦煤,2025-10-13 10:41:51,7.17,129800,7.17,D
sz000983,山西焦煤,2025-10-13 10:42:06,7.16,20900,7.17,D
sz000983,山西焦煤,2025-10-13 10:42:24,7.16,37600,7.17,D
sz000983,山西焦煤,2025-10-13 10:44:42,7.17,52000,7.17,U
sz000983,山西焦煤,2025-10-13 10:45:54,7.18,22100,7.18,U
sz000983,山西焦煤,2025-10-13 10:47:03,7.18,24700,7.19,D
sz000983,山西焦煤,2025-10-13 10:47:09,7.19,133100,7.19,U
sz000983,山西焦煤,2025-10-13 10:47:36,7.2,40000,7.2,U
sz000983,山西焦煤,2025-10-13 10:47:45,7.2,30800,7.2,U
sz000983,山西焦煤,2025-10-13 10:47:57,7.19,801000,7.19,D
sz000983,山西焦煤,2025-10-13 10:48:09,7.19,36800,7.19,U
sz000983,山西焦煤,2025-10-13 10:48:12,7.18,27100,7.19,D
sz000983,山西焦煤,2025-10-13 10:48:21,7.18,166700,7.19,D
sz000983,山西焦煤,2025-10-13 10:50:06,7.18,35300,7.18,D
sz000983,山西焦煤,2025-10-13 10:50:15,7.19,21900,7.19,U
sz000983,山西焦煤,2025-10-13 10:50:36,7.18,78300,7.18,D
sz000983,山西焦煤,2025-10-13 10:50:42,7.17,35500,7.17,D
sz000983,山西焦煤,2025-10-13 10:51:12,7.17,24400,7.18,D
sz000983,山西焦煤,2025-10-13 10:51:27,7.17,31600,7.17,D
sz000983,山西焦煤,2025-10-13 10:51:30,7.16,146700,7.17,D
sz000983,山西焦煤,2025-10-13 10:52:39,7.17,26000,7.17,U
sz000983,山西焦煤,2025-10-13 10:56:51,7.17,20800,7.16,U
sz000983,山西焦煤,2025-10-13 10:57:03,7.16,20700,7.16,D
sz000983,山西焦煤,2025-10-13 10:57:18,7.16,22200,7.16,D
sz000983,山西焦煤,2025-10-13 10:58:00,7.16,84600,7.16,D
sz000983,山西焦煤,2025-10-13 10:58:06,7.15,22600,7.16,D
sz000983,山西焦煤,2025-10-13 10:58:09,7.16,22200,7.15,U
sz000983,山西焦煤,2025-10-13 10:59:06,7.15,76000,7.16,D
sz000983,山西焦煤,2025-10-13 10:59:48,7.15,21100,7.16,D
sz000983,山西焦煤,2025-10-13 11:00:06,7.15,34500,7.15,D
sz000983,山西焦煤,2025-10-13 11:00:15,7.15,38000,7.15,D
sz000983,山西焦煤,2025-10-13 11:00:24,7.15,21600,7.15,D
sz000983,山西焦煤,2025-10-13 11:00:27,7.15,94800,7.15,D
sz000983,山西焦煤,2025-10-13 11:00:39,7.14,21800,7.15,D
sz000983,山西焦煤,2025-10-13 11:01:03,7.15,67800,7.15,U
sz000983,山西焦煤,2025-10-13 11:01:09,7.14,31800,7.15,D
sz000983,山西焦煤,2025-10-13 11:02:03,7.15,95100,7.14,U
sz000983,山西焦煤,2025-10-13 11:02:09,7.15,24400,7.14,U
sz000983,山西焦煤,2025-10-13 11:02:12,7.15,56100,7.15,U
sz000983,山西焦煤,2025-10-13 11:02:15,7.14,133900,7.15,D
sz000983,山西焦煤,2025-10-13 11:03:03,7.16,441300,7.14,U
sz000983,山西焦煤,2025-10-13 11:03:06,7.15,72500,7.16,D
sz000983,山西焦煤,2025-10-13 11:03:09,7.16,21100,7.15,U
sz000983,山西焦煤,2025-10-13 11:04:36,7.14,81900,7.15,D
sz000983,山西焦煤,2025-10-13 11:06:18,7.15,39400,7.14,U
sz000983,山西焦煤,2025-10-13 11:06:21,7.14,21200,7.15,D
sz000983,山西焦煤,2025-10-13 11:06:48,7.15,27100,7.14,U
sz000983,山西焦煤,2025-10-13 11:07:00,7.14,20800,7.15,D
sz000983,山西焦煤,2025-10-13 11:07:21,7.14,55000,7.14,D
sz000983,山西焦煤,2025-10-13 11:07:33,7.14,40100,7.14,U
sz000983,山西焦煤,2025-10-13 11:09:03,7.14,80100,7.14,D
sz000983,山西焦煤,2025-10-13 11:09:09,7.15,22000,7.15,U
sz000983,山西焦煤,2025-10-13 11:10:00,7.15,33800,7.15,U
sz000983,山西焦煤,2025-10-13 11:10:33,7.15,31800,7.14,U
sz000983,山西焦煤,2025-10-13 11:11:54,7.15,29300,7.15,D
sz000983,山西焦煤,2025-10-13 11:12:27,7.15,24600,7.15,D
sz000983,山西焦煤,2025-10-13 11:12:54,7.15,33500,7.15,U
sz000983,山西焦煤,2025-10-13 11:16:36,7.15,358500,7.15,D
sz000983,山西焦煤,2025-10-13 11:16:39,7.16,21500,7.15,U
sz000983,山西焦煤,2025-10-13 11:17:12,7.16,23600,7.16,U
sz000983,山西焦煤,2025-10-13 11:17:54,7.15,23900,7.16,D
sz000983,山西焦煤,2025-10-13 11:19:03,7.15,81700,7.15,D
sz000983,山西焦煤,2025-10-13 11:22:18,7.16,29400,7.15,U
sz000983,山西焦煤,2025-10-13 11:24:51,7.15,35900,7.16,D
sz000983,山西焦煤,2025-10-13 11:25:48,7.15,33800,7.16,D
sz000983,山西焦煤,2025-10-13 11:25:51,7.16,81500,7.15,U
sz000983,山西焦煤,2025-10-13 11:26:03,7.17,31200,7.16,U
sz000983,山西焦煤,2025-10-13 11:27:03,7.15,41500,7.16,D
sz000983,山西焦煤,2025-10-13 11:27:09,7.16,36500,7.16,U
sz000983,山西焦煤,2025-10-13 11:29:48,7.16,148100,7.15,U
sz000983,山西焦煤,2025-10-13 13:00:03,7.15,103217,7.15,D
sz000983,山西焦煤,2025-10-13 13:00:06,7.15,25100,7.15,U
sz000983,山西焦煤,2025-10-13 13:00:54,7.15,23600,7.15,U
sz000983,山西焦煤,2025-10-13 13:01:15,7.14,342600,7.16,D
sz000983,山西焦煤,2025-10-13 13:01:24,7.14,69183,7.14,D
sz000983,山西焦煤,2025-10-13 13:02:27,7.12,343800,7.14,D
sz000983,山西焦煤,2025-10-13 13:03:27,7.13,25500,7.13,D
sz000983,山西焦煤,2025-10-13 13:05:12,7.13,22300,7.12,U
sz000983,山西焦煤,2025-10-13 13:06:36,7.12,42000,7.12,D
sz000983,山西焦煤,2025-10-13 13:06:39,7.13,50000,7.12,U
sz000983,山西焦煤,2025-10-13 13:06:57,7.12,55200,7.12,D
sz000983,山西焦煤,2025-10-13 13:07:30,7.13,23200,7.13,U
sz000983,山西焦煤,2025-10-13 13:07:45,7.13,30600,7.13,D
sz000983,山西焦煤,2025-10-13 13:09:06,7.13,39000,7.14,D
sz000983,山西焦煤,2025-10-13 13:10:27,7.14,21400,7.14,U
sz000983,山西焦煤,2025-10-13 13:10:48,7.14,20000,7.14,U
sz000983,山西焦煤,2025-10-13 13:11:27,7.13,48700,7.13,D
sz000983,山西焦煤,2025-10-13 13:11:51,7.14,34200,7.14,U
sz000983,山西焦煤,2025-10-13 13:12:18,7.13,22800,7.14,D
sz000983,山西焦煤,2025-10-13 13:12:27,7.14,28100,7.15,D
sz000983,山西焦煤,2025-10-13 13:16:30,7.14,31800,7.14,D
sz000983,山西焦煤,2025-10-13 13:16:39,7.15,23600,7.15,U
sz000983,山西焦煤,2025-10-13 13:19:57,7.16,21100,7.16,U
sz000983,山西焦煤,2025-10-13 13:20:12,7.17,20800,7.16,U
sz000983,山西焦煤,2025-10-13 13:20:21,7.16,24500,7.16,D
sz000983,山西焦煤,2025-10-13 13:20:51,7.16,20200,7.16,D
sz000983,山西焦煤,2025-10-13 13:21:18,7.16,23900,7.16,D
sz000983,山西焦煤,2025-10-13 13:21:48,7.16,21400,7.16,D
sz000983,山西焦煤,2025-10-13 13:22:03,7.16,27400,7.16,D
sz000983,山西焦煤,2025-10-13 13:22:06,7.16,27200,7.16,U
sz000983,山西焦煤,2025-10-13 13:22:09,7.16,37500,7.16,U
sz000983,山西焦煤,2025-10-13 13:23:06,7.17,37600,7.17,U
sz000983,山西焦煤,2025-10-13 13:23:18,7.17,25100,7.17,U
sz000983,山西焦煤,2025-10-13 13:23:54,7.16,60000,7.17,D
sz000983,山西焦煤,2025-10-13 13:26:03,7.17,85700,7.16,U
sz000983,山西焦煤,2025-10-13 13:26:06,7.16,55900,7.17,D
sz000983,山西焦煤,2025-10-13 13:26:09,7.17,21300,7.16,U
sz000983,山西焦煤,2025-10-13 13:27:12,7.17,30700,7.18,D
sz000983,山西焦煤,2025-10-13 13:27:24,7.18,66200,7.18,U
sz000983,山西焦煤,2025-10-13 13:27:33,7.17,49700,7.17,D
sz000983,山西焦煤,2025-10-13 13:28:27,7.18,150900,7.18,U
sz000983,山西焦煤,2025-10-13 13:29:21,7.18,38700,7.18,D
sz000983,山西焦煤,2025-10-13 13:31:03,7.19,321200,7.18,U
sz000983,山西焦煤,2025-10-13 13:32:00,7.2,33100,7.19,U
sz000983,山西焦煤,2025-10-13 13:32:15,7.19,36900,7.2,D
sz000983,山西焦煤,2025-10-13 13:33:21,7.19,64100,7.19,D
sz000983,山西焦煤,2025-10-13 13:34:39,7.2,58500,7.2,U
sz000983,山西焦煤,2025-10-13 13:34:42,7.21,355350,7.2,U
sz000983,山西焦煤,2025-10-13 13:34:45,7.2,30600,7.21,D
sz000983,山西焦煤,2025-10-13 13:34:54,7.21,21400,7.2,U
sz000983,山西焦煤,2025-10-13 13:35:42,7.21,33100,7.21,U
sz000983,山西焦煤,2025-10-13 13:35:57,7.21,151700,7.21,U
sz000983,山西焦煤,2025-10-13 13:36:00,7.21,76400,7.21,U
sz000983,山西焦煤,2025-10-13 13:36:33,7.21,53000,7.21,U
sz000983,山西焦煤,2025-10-13 13:37:39,7.21,31500,7.21,D
sz000983,山西焦煤,2025-10-13 13:38:06,7.22,42500,7.22,U
sz000983,山西焦煤,2025-10-13 13:38:09,7.22,36900,7.22,U
sz000983,山西焦煤,2025-10-13 13:38:18,7.22,22300,7.21,U
sz000983,山西焦煤,2025-10-13 13:38:21,7.21,41500,7.22,D
sz000983,山西焦煤,2025-10-13 13:38:30,7.21,43600,7.22,D
sz000983,山西焦煤,2025-10-13 13:38:36,7.22,81500,7.22,U
sz000983,山西焦煤,2025-10-13 13:39:03,7.22,22800,7.22,U
sz000983,山西焦煤,2025-10-13 13:39:09,7.22,83300,7.22,U
sz000983,山西焦煤,2025-10-13 13:39:12,7.22,26500,7.22,D
sz000983,山西焦煤,2025-10-13 13:39:27,7.21,23700,7.21,D
sz000983,山西焦煤,2025-10-13 13:40:06,7.22,30000,7.22,U
sz000983,山西焦煤,2025-10-13 13:40:12,7.21,61400,7.22,D
sz000983,山西焦煤,2025-10-13 13:40:18,7.21,93500,7.21,D
sz000983,山西焦煤,2025-10-13 13:43:27,7.2,23400,7.2,D
sz000983,山西焦煤,2025-10-13 13:44:42,7.21,34200,7.2,U
sz000983,山西焦煤,2025-10-13 13:45:45,7.21,53300,7.21,U
sz000983,山西焦煤,2025-10-13 13:46:24,7.2,21400,7.2,D
sz000983,山西焦煤,2025-10-13 13:46:33,7.2,36000,7.2,D
sz000983,山西焦煤,2025-10-13 13:46:36,7.2,21300,7.2,D
sz000983,山西焦煤,2025-10-13 13:47:18,7.19,24700,7.19,D
sz000983,山西焦煤,2025-10-13 13:47:27,7.19,36800,7.19,D
sz000983,山西焦煤,2025-10-13 13:47:54,7.19,36000,7.19,D
sz000983,山西焦煤,2025-10-13 13:48:18,7.19,40800,7.2,D
sz000983,山西焦煤,2025-10-13 13:48:33,7.2,26500,7.19,U
sz000983,山西焦煤,2025-10-13 13:48:39,7.19,110900,7.2,D
sz000983,山西焦煤,2025-10-13 13:49:48,7.19,22000,7.19,D
sz000983,山西焦煤,2025-10-13 13:50:00,7.19,29500,7.19,D
sz000983,山西焦煤,2025-10-13 13:50:03,7.2,28500,7.19,U
sz000983,山西焦煤,2025-10-13 13:50:42,7.19,75000,7.19,D
sz000983,山西焦煤,2025-10-13 13:50:51,7.19,25500,7.19,D
sz000983,山西焦煤,2025-10-13 13:51:18,7.19,57600,7.18,U
sz000983,山西焦煤,2025-10-13 13:52:48,7.2,21800,7.2,U
sz000983,山西焦煤,2025-10-13 13:57:18,7.19,20100,7.19,D
sz000983,山西焦煤,2025-10-13 13:57:30,7.19,60550,7.2,D
sz000983,山西焦煤,2025-10-13 13:58:39,7.2,24700,7.2,U
sz000983,山西焦煤,2025-10-13 13:59:00,7.19,25800,7.2,D
sz000983,山西焦煤,2025-10-13 13:59:09,7.2,45900,7.2,U
sz000983,山西焦煤,2025-10-13 13:59:18,7.2,46800,7.2,U
sz000983,山西焦煤,2025-10-13 13:59:24,7.2,47300,7.2,U
sz000983,山西焦煤,2025-10-13 14:00:21,7.2,20000,7.2,U
sz000983,山西焦煤,2025-10-13 14:00:27,7.2,30100,7.2,U
sz000983,山西焦煤,2025-10-13 14:00:39,7.19,25200,7.2,D
sz000983,山西焦煤,2025-10-13 14:01:24,7.2,30900,7.19,U
sz000983,山西焦煤,2025-10-13 14:01:27,7.2,26400,7.2,U
sz000983,山西焦煤,2025-10-13 14:01:39,7.19,31200,7.19,D
sz000983,山西焦煤,2025-10-13 14:01:48,7.19,50000,7.2,D
sz000983,山西焦煤,2025-10-13 14:01:54,7.2,24000,7.19,U
sz000983,山西焦煤,2025-10-13 14:03:48,7.19,54000,7.19,D
sz000983,山西焦煤,2025-10-13 14:05:06,7.2,21400,7.2,U
sz000983,山西焦煤,2025-10-13 14:06:03,7.19,34800,7.19,D
sz000983,山西焦煤,2025-10-13 14:06:09,7.19,35350,7.19,D
sz000983,山西焦煤,2025-10-13 14:06:12,7.19,83600,7.19,U
sz000983,山西焦煤,2025-10-13 14:06:15,7.19,30650,7.19,U
sz000983,山西焦煤,2025-10-13 14:06:24,7.19,48600,7.19,D
sz000983,山西焦煤,2025-10-13 14:07:51,7.18,86600,7.18,D
sz000983,山西焦煤,2025-10-13 14:08:33,7.18,33200,7.18,D
sz000983,山西焦煤,2025-10-13 14:08:57,7.17,22100,7.17,D
sz000983,山西焦煤,2025-10-13 14:09:18,7.18,25200,7.18,U
sz000983,山西焦煤,2025-10-13 14:10:45,7.18,20300,7.18,U
sz000983,山西焦煤,2025-10-13 14:11:45,7.19,20000,7.19,U
sz000983,山西焦煤,2025-10-13 14:11:48,7.18,49100,7.19,D
sz000983,山西焦煤,2025-10-13 14:12:54,7.19,38300,7.19,U
sz000983,山西焦煤,2025-10-13 14:14:57,7.19,24000,7.18,U
sz000983,山西焦煤,2025-10-13 14:17:36,7.18,22100,7.19,D
sz000983,山西焦煤,2025-10-13 14:18:00,7.18,24700,7.19,D
sz000983,山西焦煤,2025-10-13 14:18:39,7.19,46500,7.18,U
sz000983,山西焦煤,2025-10-13 14:19:09,7.18,28900,7.19,D
sz000983,山西焦煤,2025-10-13 14:21:15,7.2,106900,7.19,U
sz000983,山西焦煤,2025-10-13 14:24:36,7.2,20000,7.19,U
sz000983,山西焦煤,2025-10-13 14:25:24,7.19,27000,7.19,D
sz000983,山西焦煤,2025-10-13 14:25:39,7.19,35100,7.19,D
sz000983,山西焦煤,2025-10-13 14:26:00,7.19,22000,7.19,D
sz000983,山西焦煤,2025-10-13 14:26:39,7.2,33300,7.2,U
sz000983,山西焦煤,2025-10-13 14:27:48,7.19,20000,7.19,D
sz000983,山西焦煤,2025-10-13 14:28:00,7.19,46600,7.19,D
sz000983,山西焦煤,2025-10-13 14:28:03,7.18,24500,7.19,D
sz000983,山西焦煤,2025-10-13 14:28:36,7.19,21500,7.19,U
sz000983,山西焦煤,2025-10-13 14:29:51,7.2,31800,7.2,U
sz000983,山西焦煤,2025-10-13 14:30:12,7.19,27800,7.19,D
sz000983,山西焦煤,2025-10-13 14:30:54,7.2,214366,7.2,U
sz000983,山西焦煤,2025-10-13 14:31:06,7.2,24200,7.21,D
sz000983,山西焦煤,2025-10-13 14:31:42,7.2,121700,7.21,D
sz000983,山西焦煤,2025-10-13 14:32:24,7.21,46100,7.21,U
sz000983,山西焦煤,2025-10-13 14:33:03,7.21,29200,7.2,U
sz000983,山西焦煤,2025-10-13 14:33:06,7.21,22500,7.21,U
sz000983,山西焦煤,2025-10-13 14:35:36,7.22,42500,7.22,U
sz000983,山西焦煤,2025-10-13 14:35:51,7.22,55700,7.22,U
sz000983,山西焦煤,2025-10-13 14:35:54,7.22,52900,7.22,U
sz000983,山西焦煤,2025-10-13 14:36:03,7.21,26600,7.21,D
sz000983,山西焦煤,2025-10-13 14:36:06,7.21,61500,7.21,D
sz000983,山西焦煤,2025-10-13 14:36:09,7.22,37600,7.21,U
sz000983,山西焦煤,2025-10-13 14:36:12,7.22,33900,7.22,U
sz000983,山西焦煤,2025-10-13 14:36:18,7.21,43800,7.22,D
sz000983,山西焦煤,2025-10-13 14:37:12,7.21,33900,7.21,D
sz000983,山西焦煤,2025-10-13 14:37:18,7.21,30100,7.22,D
sz000983,山西焦煤,2025-10-13 14:37:24,7.21,56200,7.21,D
sz000983,山西焦煤,2025-10-13 14:38:06,7.2,67000,7.2,D
sz000983,山西焦煤,2025-10-13 14:38:36,7.21,38200,7.2,U
sz000983,山西焦煤,2025-10-13 14:38:54,7.2,100000,7.21,D
sz000983,山西焦煤,2025-10-13 14:38:57,7.21,283600,7.2,U
sz000983,山西焦煤,2025-10-13 14:39:00,7.21,42300,7.21,U
sz000983,山西焦煤,2025-10-13 14:39:03,7.2,100400,7.21,D
sz000983,山西焦煤,2025-10-13 14:39:06,7.19,21600,7.2,D
sz000983,山西焦煤,2025-10-13 14:39:09,7.2,20900,7.19,D
sz000983,山西焦煤,2025-10-13 14:39:18,7.2,22800,7.2,U
sz000983,山西焦煤,2025-10-13 14:39:21,7.2,40000,7.2,U
sz000983,山西焦煤,2025-10-13 14:39:30,7.2,27700,7.2,D
sz000983,山西焦煤,2025-10-13 14:39:36,7.21,52100,7.21,U
sz000983,山西焦煤,2025-10-13 14:40:00,7.2,28600,7.21,D
sz000983,山西焦煤,2025-10-13 14:40:09,7.2,49000,7.2,U
sz000983,山西焦煤,2025-10-13 14:40:15,7.2,35500,7.2,U
sz000983,山西焦煤,2025-10-13 14:40:27,7.2,52900,7.2,D
sz000983,山西焦煤,2025-10-13 14:41:06,7.2,50400,7.21,D
sz000983,山西焦煤,2025-10-13 14:41:09,7.2,21900,7.2,D
sz000983,山西焦煤,2025-10-13 14:41:48,7.2,44900,7.21,D
sz000983,山西焦煤,2025-10-13 14:42:03,7.2,26700,7.2,D
sz000983,山西焦煤,2025-10-13 14:42:33,7.2,38000,7.2,U
sz000983,山西焦煤,2025-10-13 14:42:39,7.2,108600,7.2,E
sz000983,山西焦煤,2025-10-13 14:42:42,7.2,50000,7.2,D
sz000983,山西焦煤,2025-10-13 14:43:06,7.2,53500,7.2,D
sz000983,山西焦煤,2025-10-13 14:43:12,7.2,51700,7.21,D
sz000983,山西焦煤,2025-10-13 14:43:21,7.19,93200,7.2,D
sz000983,山西焦煤,2025-10-13 14:43:48,7.2,42300,7.2,U
sz000983,山西焦煤,2025-10-13 14:44:00,7.2,61400,7.19,U
sz000983,山西焦煤,2025-10-13 14:44:03,7.2,37000,7.2,U
sz000983,山西焦煤,2025-10-13 14:44:06,7.19,21100,7.2,D
sz000983,山西焦煤,2025-10-13 14:44:21,7.2,391160,7.2,U
sz000983,山西焦煤,2025-10-13 14:44:27,7.2,52300,7.2,D
sz000983,山西焦煤,2025-10-13 14:44:30,7.2,45700,7.2,D
sz000983,山西焦煤,2025-10-13 14:44:33,7.21,59200,7.2,U
sz000983,山西焦煤,2025-10-13 14:44:36,7.2,59200,7.21,D
sz000983,山西焦煤,2025-10-13 14:44:39,7.19,42100,7.2,D
sz000983,山西焦煤,2025-10-13 14:44:42,7.19,53200,7.19,D
sz000983,山西焦煤,2025-10-13 14:45:03,7.2,99300,7.2,D
sz000983,山西焦煤,2025-10-13 14:45:09,7.2,60800,7.2,D
sz000983,山西焦煤,2025-10-13 14:46:00,7.2,46700,7.21,D
sz000983,山西焦煤,2025-10-13 14:46:06,7.2,62000,7.21,D
sz000983,山西焦煤,2025-10-13 14:46:51,7.2,27000,7.21,D
sz000983,山西焦煤,2025-10-13 14:46:54,7.2,50100,7.2,D
sz000983,山西焦煤,2025-10-13 14:47:54,7.2,93300,7.2,D
sz000983,山西焦煤,2025-10-13 14:48:00,7.2,72700,7.2,D
sz000983,山西焦煤,2025-10-13 14:48:03,7.21,32600,7.2,U
sz000983,山西焦煤,2025-10-13 14:48:06,7.2,55800,7.21,D
sz000983,山西焦煤,2025-10-13 14:48:27,7.21,42600,7.21,U
sz000983,山西焦煤,2025-10-13 14:48:30,7.21,66300,7.21,U
sz000983,山西焦煤,2025-10-13 14:48:33,7.2,42200,7.21,D
sz000983,山西焦煤,2025-10-13 14:48:36,7.21,209800,7.2,U
sz000983,山西焦煤,2025-10-13 14:48:39,7.21,24000,7.21,U
sz000983,山西焦煤,2025-10-13 14:48:51,7.21,133800,7.21,U
sz000983,山西焦煤,2025-10-13 14:48:54,7.21,26300,7.21,U
sz000983,山西焦煤,2025-10-13 14:48:57,7.21,56300,7.21,U
sz000983,山西焦煤,2025-10-13 14:49:09,7.21,20100,7.21,U
sz000983,山西焦煤,2025-10-13 14:49:18,7.21,25400,7.2,U
sz000983,山西焦煤,2025-10-13 14:49:54,7.21,75800,7.21,D
sz000983,山西焦煤,2025-10-13 14:50:00,7.21,76300,7.21,D
sz000983,山西焦煤,2025-10-13 14:50:03,7.2,54400,7.21,D
sz000983,山西焦煤,2025-10-13 14:50:24,7.21,29100,7.2,U
sz000983,山西焦煤,2025-10-13 14:50:27,7.21,37000,7.21,U
sz000983,山西焦煤,2025-10-13 14:50:30,7.21,89000,7.21,U
sz000983,山西焦煤,2025-10-13 14:50:33,7.21,45300,7.21,U
sz000983,山西焦煤,2025-10-13 14:50:57,7.2,26800,7.21,D
sz000983,山西焦煤,2025-10-13 14:51:09,7.21,24100,7.21,U
sz000983,山西焦煤,2025-10-13 14:51:27,7.21,61700,7.21,U
sz000983,山西焦煤,2025-10-13 14:51:33,7.21,23300,7.21,U
sz000983,山西焦煤,2025-10-13 14:51:36,7.21,20800,7.21,U
sz000983,山西焦煤,2025-10-13 14:51:39,7.2,63100,7.21,D
sz000983,山西焦煤,2025-10-13 14:52:09,7.21,38800,7.21,U
sz000983,山西焦煤,2025-10-13 14:52:12,7.21,30800,7.21,U
sz000983,山西焦煤,2025-10-13 14:52:15,7.2,62800,7.21,D
sz000983,山西焦煤,2025-10-13 14:52:21,7.2,68600,7.2,D
sz000983,山西焦煤,2025-10-13 14:52:24,7.2,60400,7.2,D
sz000983,山西焦煤,2025-10-13 14:52:30,7.21,90000,7.21,U
sz000983,山西焦煤,2025-10-13 14:53:03,7.2,62900,7.21,D
sz000983,山西焦煤,2025-10-13 14:53:06,7.2,316400,7.2,D
sz000983,山西焦煤,2025-10-13 14:53:18,7.2,381600,7.2,D
sz000983,山西焦煤,2025-10-13 14:53:21,7.21,73100,7.2,U
sz000983,山西焦煤,2025-10-13 14:53:24,7.2,30700,7.21,D
sz000983,山西焦煤,2025-10-13 14:53:27,7.2,24300,7.2,D
sz000983,山西焦煤,2025-10-13 14:53:30,7.2,39300,7.2,U
sz000983,山西焦煤,2025-10-13 14:53:51,7.2,26900,7.19,U
sz000983,山西焦煤,2025-10-13 14:54:03,7.2,76500,7.2,U
sz000983,山西焦煤,2025-10-13 14:54:06,7.19,21800,7.2,D
sz000983,山西焦煤,2025-10-13 14:54:12,7.2,41200,7.2,U
sz000983,山西焦煤,2025-10-13 14:54:33,7.19,20800,7.2,D
sz000983,山西焦煤,2025-10-13 14:54:36,7.2,58200,7.19,U
sz000983,山西焦煤,2025-10-13 14:54:57,7.19,35400,7.2,D
sz000983,山西焦煤,2025-10-13 14:55:03,7.19,47600,7.19,D
sz000983,山西焦煤,2025-10-13 14:55:09,7.2,36300,7.2,U
sz000983,山西焦煤,2025-10-13 14:55:21,7.2,67100,7.2,U
sz000983,山西焦煤,2025-10-13 14:55:24,7.2,64800,7.2,U
sz000983,山西焦煤,2025-10-13 14:55:27,7.2,95600,7.2,U
sz000983,山西焦煤,2025-10-13 14:55:30,7.2,89700,7.2,U
sz000983,山西焦煤,2025-10-13 14:55:33,7.19,28900,7.2,D
sz000983,山西焦煤,2025-10-13 14:55:39,7.19,75100,7.19,D
sz000983,山西焦煤,2025-10-13 14:56:03,7.2,47100,7.2,U
sz000983,山西焦煤,2025-10-13 14:56:06,7.2,34500,7.2,U
sz000983,山西焦煤,2025-10-13 14:56:12,7.2,21800,7.21,D
sz000983,山西焦煤,2025-10-13 14:56:21,7.2,20000,7.21,D
sz000983,山西焦煤,2025-10-13 14:56:27,7.2,38300,7.2,D
sz000983,山西焦煤,2025-10-13 14:56:39,7.21,23500,7.2,U
sz000983,山西焦煤,2025-10-13 14:56:45,7.2,28400,7.21,D
sz000983,山西焦煤,2025-10-13 14:56:54,7.21,32600,7.21,U
sz000983,山西焦煤,2025-10-13 15:00:00,7.2,705200,7.2,U
