symbol,name,ticktime,price,volume,prev_price,kind
sz000983,山西焦煤,2025-09-22 09:25:00,7.45,723190,0.0,D
sz000983,山西焦煤,2025-09-22 09:30:00,7.45,267510,7.45,D
sz000983,山西焦煤,2025-09-22 09:30:03,7.44,673300,7.45,D
sz000983,山西焦煤,2025-09-22 09:30:06,7.45,129100,7.44,U
sz000983,山西焦煤,2025-09-22 09:30:09,7.44,67400,7.45,E
sz000983,山西焦煤,2025-09-22 09:30:12,7.43,25600,7.44,D
sz000983,山西焦煤,2025-09-22 09:30:15,7.43,40900,7.43,U
sz000983,山西焦煤,2025-09-22 09:30:18,7.42,75700,7.43,D
sz000983,山西焦煤,2025-09-22 09:30:21,7.42,38800,7.42,D
sz000983,山西焦煤,2025-09-22 09:30:27,7.42,54200,7.41,U
sz000983,山西焦煤,2025-09-22 09:30:30,7.41,76600,7.42,D
sz000983,山西焦煤,2025-09-22 09:30:36,7.4,101700,7.4,D
sz000983,山西焦煤,2025-09-22 09:30:39,7.4,57200,7.4,D
sz000983,山西焦煤,2025-09-22 09:30:42,7.41,26700,7.4,U
sz000983,山西焦煤,2025-09-22 09:30:45,7.4,28900,7.41,D
sz000983,山西焦煤,2025-09-22 09:30:48,7.42,265100,7.4,U
sz000983,山西焦煤,2025-09-22 09:30:51,7.4,137800,7.42,D
sz000983,山西焦煤,2025-09-22 09:31:00,7.4,49000,7.41,D
sz000983,山西焦煤,2025-09-22 09:31:03,7.41,43600,7.4,U
sz000983,山西焦煤,2025-09-22 09:31:06,7.41,20100,7.41,U
sz000983,山西焦煤,2025-09-22 09:31:09,7.4,65400,7.41,D
sz000983,山西焦煤,2025-09-22 09:31:12,7.41,30200,7.4,U
sz000983,山西焦煤,2025-09-22 09:31:15,7.41,43900,7.41,U
sz000983,山西焦煤,2025-09-22 09:31:18,7.4,226300,7.41,D
sz000983,山西焦煤,2025-09-22 09:31:21,7.4,101800,7.4,U
sz000983,山西焦煤,2025-09-22 09:31:24,7.39,132900,7.4,D
sz000983,山西焦煤,2025-09-22 09:31:27,7.39,25900,7.39,D
sz000983,山西焦煤,2025-09-22 09:31:30,7.39,93300,7.39,U
sz000983,山西焦煤,2025-09-22 09:31:33,7.39,38900,7.39,D
sz000983,山西焦煤,2025-09-22 09:31:36,7.39,31800,7.39,U
sz000983,山西焦煤,2025-09-22 09:31:39,7.39,138200,7.39,U
sz000983,山西焦煤,2025-09-22 09:31:45,7.38,49500,7.38,D
sz000983,山西焦煤,2025-09-22 09:31:48,7.38,26300,7.38,D
sz000983,山西焦煤,2025-09-22 09:31:51,7.38,64300,7.38,D
sz000983,山西焦煤,2025-09-22 09:31:54,7.39,109100,7.38,U
sz000983,山西焦煤,2025-09-22 09:31:57,7.38,100600,7.39,D
sz000983,山西焦煤,2025-09-22 09:32:03,7.39,40200,7.38,U
sz000983,山西焦煤,2025-09-22 09:32:06,7.38,55400,7.39,D
sz000983,山西焦煤,2025-09-22 09:32:12,7.39,22900,7.38,U
sz000983,山西焦煤,2025-09-22 09:32:15,7.39,70900,7.39,U
sz000983,山西焦煤,2025-09-22 09:32:21,7.39,43200,7.39,D
sz000983,山西焦煤,2025-09-22 09:32:27,7.4,35100,7.4,U
sz000983,山西焦煤,2025-09-22 09:32:33,7.42,116100,7.4,U
sz000983,山西焦煤,2025-09-22 09:32:39,7.44,44200,7.42,U
sz000983,山西焦煤,2025-09-22 09:32:45,7.43,58400,7.42,D
sz000983,山西焦煤,2025-09-22 09:32:48,7.44,28200,7.43,U
sz000983,山西焦煤,2025-09-22 09:32:51,7.45,30600,7.44,U
sz000983,山西焦煤,2025-09-22 09:32:57,7.45,50400,7.45,U
sz000983,山西焦煤,2025-09-22 09:33:00,7.45,54600,7.45,U
sz000983,山西焦煤,2025-09-22 09:33:03,7.45,30100,7.45,U
sz000983,山西焦煤,2025-09-22 09:33:06,7.45,64200,7.45,U
sz000983,山西焦煤,2025-09-22 09:33:09,7.44,61600,7.45,D
sz000983,山西焦煤,2025-09-22 09:33:12,7.44,77700,7.44,U
sz000983,山西焦煤,2025-09-22 09:33:15,7.43,27000,7.44,D
sz000983,山西焦煤,2025-09-22 09:33:18,7.44,200200,7.43,U
sz000983,山西焦煤,2025-09-22 09:33:21,7.44,25600,7.44,D
sz000983,山西焦煤,2025-09-22 09:33:27,7.44,79100,7.45,D
sz000983,山西焦煤,2025-09-22 09:33:30,7.43,30200,7.44,D
sz000983,山西焦煤,2025-09-22 09:33:33,7.44,182100,7.43,U
sz000983,山西焦煤,2025-09-22 09:33:36,7.44,56200,7.44,D
sz000983,山西焦煤,2025-09-22 09:33:39,7.44,39900,7.44,U
sz000983,山西焦煤,2025-09-22 09:33:42,7.44,107800,7.44,U
sz000983,山西焦煤,2025-09-22 09:33:45,7.44,131500,7.44,U
sz000983,山西焦煤,2025-09-22 09:33:51,7.44,38800,7.43,U
sz000983,山西焦煤,2025-09-22 09:33:57,7.44,88300,7.43,U
sz000983,山西焦煤,2025-09-22 09:34:00,7.44,85600,7.44,D
sz000983,山西焦煤,2025-09-22 09:34:03,7.44,56600,7.44,D
sz000983,山西焦煤,2025-09-22 09:34:06,7.44,26400,7.44,D
sz000983,山西焦煤,2025-09-22 09:34:09,7.44,39500,7.44,D
sz000983,山西焦煤,2025-09-22 09:34:15,7.44,49100,7.44,D
sz000983,山西焦煤,2025-09-22 09:34:21,7.43,47900,7.44,D
sz000983,山西焦煤,2025-09-22 09:34:24,7.44,164200,7.43,U
sz000983,山西焦煤,2025-09-22 09:34:27,7.44,32800,7.44,U
sz000983,山西焦煤,2025-09-22 09:34:33,7.45,27500,7.44,U
sz000983,山西焦煤,2025-09-22 09:34:36,7.44,68500,7.45,D
sz000983,山西焦煤,2025-09-22 09:34:39,7.44,32000,7.44,D
sz000983,山西焦煤,2025-09-22 09:34:45,7.44,66000,7.44,D
sz000983,山西焦煤,2025-09-22 09:34:48,7.45,69300,7.44,U
sz000983,山西焦煤,2025-09-22 09:34:51,7.43,134700,7.45,D
sz000983,山西焦煤,2025-09-22 09:34:54,7.43,34800,7.43,E
sz000983,山西焦煤,2025-09-22 09:34:57,7.43,74800,7.43,E
sz000983,山西焦煤,2025-09-22 09:35:00,7.44,31800,7.43,U
sz000983,山西焦煤,2025-09-22 09:35:03,7.44,62500,7.44,U
sz000983,山西焦煤,2025-09-22 09:35:09,7.43,90900,7.43,D
sz000983,山西焦煤,2025-09-22 09:35:12,7.43,43600,7.43,U
sz000983,山西焦煤,2025-09-22 09:35:18,7.43,23100,7.43,U
sz000983,山西焦煤,2025-09-22 09:35:21,7.43,43000,7.43,D
sz000983,山西焦煤,2025-09-22 09:35:24,7.44,34900,7.43,U
sz000983,山西焦煤,2025-09-22 09:35:33,7.43,116400,7.45,D
sz000983,山西焦煤,2025-09-22 09:35:36,7.44,41200,7.43,U
sz000983,山西焦煤,2025-09-22 09:35:39,7.44,34000,7.44,U
sz000983,山西焦煤,2025-09-22 09:35:42,7.44,40100,7.44,D
sz000983,山西焦煤,2025-09-22 09:35:45,7.44,202600,7.44,D
sz000983,山西焦煤,2025-09-22 09:35:48,7.44,96300,7.44,D
sz000983,山西焦煤,2025-09-22 09:35:51,7.44,21000,7.44,D
sz000983,山西焦煤,2025-09-22 09:35:54,7.44,52300,7.44,D
sz000983,山西焦煤,2025-09-22 09:35:57,7.44,118200,7.44,U
sz000983,山西焦煤,2025-09-22 09:36:00,7.43,150600,7.44,D
sz000983,山西焦煤,2025-09-22 09:36:03,7.43,33500,7.43,U
sz000983,山西焦煤,2025-09-22 09:36:06,7.43,37300,7.43,U
sz000983,山西焦煤,2025-09-22 09:36:12,7.42,50800,7.43,D
sz000983,山西焦煤,2025-09-22 09:36:15,7.43,59200,7.42,E
sz000983,山西焦煤,2025-09-22 09:36:18,7.43,35900,7.43,D
sz000983,山西焦煤,2025-09-22 09:36:21,7.43,83300,7.43,U
sz000983,山西焦煤,2025-09-22 09:36:24,7.41,114800,7.43,D
sz000983,山西焦煤,2025-09-22 09:36:27,7.44,389100,7.41,U
sz000983,山西焦煤,2025-09-22 09:36:33,7.42,35000,7.42,D
sz000983,山西焦煤,2025-09-22 09:36:36,7.41,25400,7.42,D
sz000983,山西焦煤,2025-09-22 09:36:45,7.42,22300,7.41,E
sz000983,山西焦煤,2025-09-22 09:36:51,7.41,59000,7.41,D
sz000983,山西焦煤,2025-09-22 09:36:54,7.41,38100,7.41,D
sz000983,山西焦煤,2025-09-22 09:36:57,7.41,63800,7.41,D
sz000983,山西焦煤,2025-09-22 09:37:00,7.42,53000,7.41,U
sz000983,山西焦煤,2025-09-22 09:37:06,7.42,59300,7.42,U
sz000983,山西焦煤,2025-09-22 09:37:27,7.41,168400,7.41,D
sz000983,山西焦煤,2025-09-22 09:37:33,7.4,250800,7.4,D
sz000983,山西焦煤,2025-09-22 09:37:48,7.39,60300,7.39,D
sz000983,山西焦煤,2025-09-22 09:37:51,7.39,36500,7.39,D
sz000983,山西焦煤,2025-09-22 09:37:54,7.4,69100,7.39,U
sz000983,山西焦煤,2025-09-22 09:37:57,7.39,35800,7.4,D
sz000983,山西焦煤,2025-09-22 09:38:00,7.39,20200,7.39,U
sz000983,山西焦煤,2025-09-22 09:38:06,7.38,319700,7.39,D
sz000983,山西焦煤,2025-09-22 09:38:09,7.37,52700,7.38,D
sz000983,山西焦煤,2025-09-22 09:38:12,7.38,36300,7.37,U
sz000983,山西焦煤,2025-09-22 09:38:15,7.38,31000,7.38,U
sz000983,山西焦煤,2025-09-22 09:38:18,7.37,43600,7.38,D
sz000983,山西焦煤,2025-09-22 09:38:21,7.37,76000,7.37,D
sz000983,山西焦煤,2025-09-22 09:38:24,7.38,51000,7.37,U
sz000983,山西焦煤,2025-09-22 09:38:27,7.37,28600,7.38,D
sz000983,山西焦煤,2025-09-22 09:38:30,7.37,32100,7.37,D
sz000983,山西焦煤,2025-09-22 09:38:39,7.37,252200,7.37,D
sz000983,山西焦煤,2025-09-22 09:38:42,7.37,27300,7.37,D
sz000983,山西焦煤,2025-09-22 09:38:45,7.37,58000,7.37,D
sz000983,山西焦煤,2025-09-22 09:38:48,7.37,63100,7.37,D
sz000983,山西焦煤,2025-09-22 09:38:51,7.37,82200,7.37,D
sz000983,山西焦煤,2025-09-22 09:38:54,7.39,31500,7.37,U
sz000983,山西焦煤,2025-09-22 09:38:57,7.37,38200,7.39,D
sz000983,山西焦煤,2025-09-22 09:39:03,7.37,523700,7.37,D
sz000983,山西焦煤,2025-09-22 09:39:06,7.35,51300,7.37,D
sz000983,山西焦煤,2025-09-22 09:39:09,7.35,42200,7.35,D
sz000983,山西焦煤,2025-09-22 09:39:12,7.35,644500,7.35,D
sz000983,山西焦煤,2025-09-22 09:39:27,7.34,618300,7.34,D
sz000983,山西焦煤,2025-09-22 09:39:30,7.35,27200,7.34,D
sz000983,山西焦煤,2025-09-22 09:39:33,7.36,37600,7.35,U
sz000983,山西焦煤,2025-09-22 09:39:36,7.35,27300,7.36,D
sz000983,山西焦煤,2025-09-22 09:39:39,7.36,313500,7.35,E
sz000983,山西焦煤,2025-09-22 09:39:45,7.36,111900,7.35,U
sz000983,山西焦煤,2025-09-22 09:39:48,7.35,213000,7.36,D
sz000983,山西焦煤,2025-09-22 09:39:51,7.35,132700,7.35,U
sz000983,山西焦煤,2025-09-22 09:39:54,7.35,113800,7.35,D
sz000983,山西焦煤,2025-09-22 09:40:03,7.35,106300,7.35,D
sz000983,山西焦煤,2025-09-22 09:40:06,7.35,21000,7.35,D
sz000983,山西焦煤,2025-09-22 09:40:09,7.34,149200,7.35,D
sz000983,山西焦煤,2025-09-22 09:40:18,7.34,49200,7.34,U
sz000983,山西焦煤,2025-09-22 09:40:21,7.34,54800,7.34,D
sz000983,山西焦煤,2025-09-22 09:40:36,7.35,47300,7.34,U
sz000983,山西焦煤,2025-09-22 09:40:42,7.34,54700,7.35,D
sz000983,山西焦煤,2025-09-22 09:40:54,7.34,22200,7.35,D
sz000983,山西焦煤,2025-09-22 09:40:57,7.34,47700,7.34,D
sz000983,山西焦煤,2025-09-22 09:41:00,7.33,371800,7.34,D
sz000983,山西焦煤,2025-09-22 09:41:09,7.33,59000,7.34,D
sz000983,山西焦煤,2025-09-22 09:41:12,7.33,72657,7.33,D
sz000983,山西焦煤,2025-09-22 09:41:15,7.33,23000,7.33,D
sz000983,山西焦煤,2025-09-22 09:41:18,7.33,20900,7.33,D
sz000983,山西焦煤,2025-09-22 09:41:21,7.33,49700,7.33,D
sz000983,山西焦煤,2025-09-22 09:41:27,7.33,72500,7.33,U
sz000983,山西焦煤,2025-09-22 09:41:30,7.33,85200,7.33,D
sz000983,山西焦煤,2025-09-22 09:41:33,7.33,62200,7.33,D
sz000983,山西焦煤,2025-09-22 09:41:39,7.34,47200,7.33,U
sz000983,山西焦煤,2025-09-22 09:41:45,7.35,27900,7.34,U
sz000983,山西焦煤,2025-09-22 09:41:48,7.34,508200,7.35,D
sz000983,山西焦煤,2025-09-22 09:41:57,7.34,43000,7.34,U
sz000983,山西焦煤,2025-09-22 09:42:00,7.33,21900,7.34,D
sz000983,山西焦煤,2025-09-22 09:42:03,7.33,26300,7.33,D
sz000983,山西焦煤,2025-09-22 09:42:09,7.33,98000,7.33,D
sz000983,山西焦煤,2025-09-22 09:42:12,7.33,25200,7.33,U
sz000983,山西焦煤,2025-09-22 09:42:15,7.33,40400,7.33,U
sz000983,山西焦煤,2025-09-22 09:42:18,7.32,95000,7.33,D
sz000983,山西焦煤,2025-09-22 09:42:27,7.31,706300,7.32,D
sz000983,山西焦煤,2025-09-22 09:42:30,7.32,81000,7.31,U
sz000983,山西焦煤,2025-09-22 09:42:33,7.31,21200,7.32,E
sz000983,山西焦煤,2025-09-22 09:42:42,7.32,27100,7.31,U
sz000983,山西焦煤,2025-09-22 09:42:48,7.32,90000,7.32,D
sz000983,山西焦煤,2025-09-22 09:42:51,7.33,178000,7.32,U
sz000983,山西焦煤,2025-09-22 09:42:54,7.32,23800,7.33,E
sz000983,山西焦煤,2025-09-22 09:43:00,7.31,26400,7.32,D
sz000983,山西焦煤,2025-09-22 09:43:09,7.32,47100,7.31,U
sz000983,山西焦煤,2025-09-22 09:43:15,7.31,35200,7.32,D
sz000983,山西焦煤,2025-09-22 09:43:18,7.32,126900,7.31,U
sz000983,山西焦煤,2025-09-22 09:43:21,7.32,26300,7.32,U
sz000983,山西焦煤,2025-09-22 09:43:24,7.32,38900,7.32,U
sz000983,山西焦煤,2025-09-22 09:43:27,7.31,328500,7.32,D
sz000983,山西焦煤,2025-09-22 09:43:36,7.31,27500,7.31,U
sz000983,山西焦煤,2025-09-22 09:43:39,7.31,617300,7.31,E
sz000983,山西焦煤,2025-09-22 09:43:42,7.31,21000,7.31,U
sz000983,山西焦煤,2025-09-22 09:43:45,7.3,109800,7.31,D
sz000983,山西焦煤,2025-09-22 09:43:48,7.31,32100,7.3,E
sz000983,山西焦煤,2025-09-22 09:44:00,7.31,22200,7.31,D
sz000983,山西焦煤,2025-09-22 09:44:03,7.3,22500,7.31,D
sz000983,山西焦煤,2025-09-22 09:44:06,7.31,37700,7.3,U
sz000983,山西焦煤,2025-09-22 09:44:12,7.31,42500,7.31,U
sz000983,山西焦煤,2025-09-22 09:44:27,7.31,21300,7.31,U
sz000983,山西焦煤,2025-09-22 09:44:33,7.31,30600,7.31,D
sz000983,山西焦煤,2025-09-22 09:44:48,7.32,53200,7.32,U
sz000983,山西焦煤,2025-09-22 09:44:54,7.32,37000,7.32,U
sz000983,山西焦煤,2025-09-22 09:44:57,7.31,79200,7.32,D
sz000983,山西焦煤,2025-09-22 09:45:06,7.32,64800,7.32,D
sz000983,山西焦煤,2025-09-22 09:45:09,7.32,27300,7.32,E
sz000983,山西焦煤,2025-09-22 09:45:15,7.33,60500,7.33,U
sz000983,山西焦煤,2025-09-22 09:45:18,7.33,63000,7.33,U
sz000983,山西焦煤,2025-09-22 09:45:21,7.33,22100,7.33,U
sz000983,山西焦煤,2025-09-22 09:45:24,7.32,33000,7.33,D
sz000983,山西焦煤,2025-09-22 09:45:27,7.32,69300,7.32,D
sz000983,山西焦煤,2025-09-22 09:45:36,7.32,30200,7.32,U
sz000983,山西焦煤,2025-09-22 09:45:39,7.32,53400,7.32,U
sz000983,山西焦煤,2025-09-22 09:45:45,7.32,59300,7.32,U
sz000983,山西焦煤,2025-09-22 09:45:48,7.32,239700,7.32,U
sz000983,山西焦煤,2025-09-22 09:45:51,7.32,21000,7.32,U
sz000983,山西焦煤,2025-09-22 09:46:03,7.32,51400,7.32,U
sz000983,山西焦煤,2025-09-22 09:46:09,7.31,100800,7.32,D
sz000983,山西焦煤,2025-09-22 09:46:15,7.31,37500,7.32,D
sz000983,山西焦煤,2025-09-22 09:46:36,7.31,82500,7.32,D
sz000983,山西焦煤,2025-09-22 09:46:39,7.31,87900,7.31,D
sz000983,山西焦煤,2025-09-22 09:46:42,7.31,27400,7.31,D
sz000983,山西焦煤,2025-09-22 09:46:51,7.32,71000,7.32,U
sz000983,山西焦煤,2025-09-22 09:47:03,7.31,200600,7.31,D
sz000983,山西焦煤,2025-09-22 09:47:06,7.31,30400,7.31,U
sz000983,山西焦煤,2025-09-22 09:47:09,7.3,39900,7.31,D
sz000983,山西焦煤,2025-09-22 09:47:12,7.31,29600,7.3,U
sz000983,山西焦煤,2025-09-22 09:47:18,7.31,24300,7.3,U
sz000983,山西焦煤,2025-09-22 09:47:21,7.31,96800,7.31,E
sz000983,山西焦煤,2025-09-22 09:47:30,7.31,22500,7.31,U
sz000983,山西焦煤,2025-09-22 09:47:36,7.31,59000,7.31,U
sz000983,山西焦煤,2025-09-22 09:47:42,7.3,228800,7.31,D
sz000983,山西焦煤,2025-09-22 09:47:51,7.3,211100,7.3,D
sz000983,山西焦煤,2025-09-22 09:47:57,7.3,617543,7.31,D
sz000983,山西焦煤,2025-09-22 09:48:03,7.3,64900,7.29,U
sz000983,山西焦煤,2025-09-22 09:48:12,7.29,24600,7.3,D
sz000983,山西焦煤,2025-09-22 09:48:15,7.3,27200,7.29,U
sz000983,山西焦煤,2025-09-22 09:48:21,7.29,113500,7.3,D
sz000983,山西焦煤,2025-09-22 09:48:27,7.29,22500,7.29,D
sz000983,山西焦煤,2025-09-22 09:48:30,7.3,20283,7.29,U
sz000983,山西焦煤,2025-09-22 09:48:33,7.3,311800,7.3,D
sz000983,山西焦煤,2025-09-22 09:48:42,7.3,42900,7.31,D
sz000983,山西焦煤,2025-09-22 09:48:48,7.31,89900,7.3,U
sz000983,山西焦煤,2025-09-22 09:48:51,7.31,164900,7.31,U
sz000983,山西焦煤,2025-09-22 09:48:54,7.31,63500,7.31,U
sz000983,山西焦煤,2025-09-22 09:49:03,7.31,40800,7.3,U
sz000983,山西焦煤,2025-09-22 09:49:06,7.31,22200,7.31,D
sz000983,山西焦煤,2025-09-22 09:49:12,7.31,111400,7.31,D
sz000983,山西焦煤,2025-09-22 09:49:30,7.32,23400,7.33,D
sz000983,山西焦煤,2025-09-22 09:49:54,7.32,34500,7.33,D
sz000983,山西焦煤,2025-09-22 09:49:57,7.32,39000,7.32,D
sz000983,山西焦煤,2025-09-22 09:50:00,7.33,22700,7.32,U
sz000983,山西焦煤,2025-09-22 09:50:03,7.33,20000,7.33,U
sz000983,山西焦煤,2025-09-22 09:50:21,7.32,26100,7.33,D
sz000983,山西焦煤,2025-09-22 09:50:36,7.33,23800,7.32,U
sz000983,山西焦煤,2025-09-22 09:50:54,7.33,28200,7.33,U
sz000983,山西焦煤,2025-09-22 09:50:57,7.33,58200,7.33,U
sz000983,山西焦煤,2025-09-22 09:51:09,7.34,35800,7.34,U
sz000983,山西焦煤,2025-09-22 09:51:12,7.34,24100,7.34,U
sz000983,山西焦煤,2025-09-22 09:51:15,7.34,84200,7.34,U
sz000983,山西焦煤,2025-09-22 09:51:42,7.34,124800,7.34,E
sz000983,山西焦煤,2025-09-22 09:51:54,7.34,43900,7.33,U
sz000983,山西焦煤,2025-09-22 09:51:57,7.34,36400,7.34,U
sz000983,山西焦煤,2025-09-22 09:52:03,7.33,290400,7.33,D
sz000983,山西焦煤,2025-09-22 09:52:06,7.32,77900,7.33,D
sz000983,山西焦煤,2025-09-22 09:52:30,7.3,313100,7.32,D
sz000983,山西焦煤,2025-09-22 09:52:39,7.3,23200,7.31,D
sz000983,山西焦煤,2025-09-22 09:52:45,7.31,328200,7.31,U
sz000983,山西焦煤,2025-09-22 09:52:51,7.31,36700,7.31,U
sz000983,山西焦煤,2025-09-22 09:52:57,7.3,31200,7.32,D
sz000983,山西焦煤,2025-09-22 09:53:30,7.31,24700,7.31,E
sz000983,山西焦煤,2025-09-22 09:54:09,7.31,65000,7.32,D
sz000983,山西焦煤,2025-09-22 09:55:00,7.31,42800,7.32,D
sz000983,山西焦煤,2025-09-22 09:55:06,7.32,37600,7.32,U
sz000983,山西焦煤,2025-09-22 09:55:27,7.32,28000,7.31,U
sz000983,山西焦煤,2025-09-22 09:56:03,7.31,363700,7.31,D
sz000983,山西焦煤,2025-09-22 09:56:12,7.31,21800,7.31,D
sz000983,山西焦煤,2025-09-22 09:56:15,7.32,100200,7.31,U
sz000983,山西焦煤,2025-09-22 09:56:33,7.32,29500,7.32,D
sz000983,山西焦煤,2025-09-22 09:56:57,7.33,23800,7.32,U
sz000983,山西焦煤,2025-09-22 09:57:15,7.33,21900,7.32,U
sz000983,山西焦煤,2025-09-22 09:57:33,7.33,20000,7.32,U
sz000983,山西焦煤,2025-09-22 09:57:45,7.33,45000,7.33,U
sz000983,山西焦煤,2025-09-22 09:57:57,7.32,29400,7.33,D
sz000983,山西焦煤,2025-09-22 09:58:00,7.32,22700,7.32,D
sz000983,山西焦煤,2025-09-22 09:58:21,7.31,28800,7.31,D
sz000983,山西焦煤,2025-09-22 09:58:33,7.32,26700,7.31,U
sz000983,山西焦煤,2025-09-22 09:58:36,7.31,21300,7.32,D
sz000983,山西焦煤,2025-09-22 09:59:12,7.31,53400,7.31,D
sz000983,山西焦煤,2025-09-22 10:00:03,7.31,227200,7.31,D
sz000983,山西焦煤,2025-09-22 10:00:24,7.31,32600,7.31,U
sz000983,山西焦煤,2025-09-22 10:00:30,7.31,32700,7.31,D
sz000983,山西焦煤,2025-09-22 10:00:45,7.32,24000,7.31,U
sz000983,山西焦煤,2025-09-22 10:00:48,7.32,30100,7.32,U
sz000983,山西焦煤,2025-09-22 10:01:09,7.32,22400,7.31,U
sz000983,山西焦煤,2025-09-22 10:01:15,7.32,35500,7.32,U
sz000983,山西焦煤,2025-09-22 10:01:39,7.31,131600,7.31,D
sz000983,山西焦煤,2025-09-22 10:01:54,7.32,28900,7.32,D
sz000983,山西焦煤,2025-09-22 10:02:00,7.32,22900,7.32,D
sz000983,山西焦煤,2025-09-22 10:02:21,7.33,27800,7.33,U
sz000983,山西焦煤,2025-09-22 10:02:30,7.33,62200,7.33,D
sz000983,山西焦煤,2025-09-22 10:02:36,7.34,21200,7.34,U
sz000983,山西焦煤,2025-09-22 10:02:48,7.33,21900,7.34,D
sz000983,山西焦煤,2025-09-22 10:03:03,7.35,66700,7.33,U
sz000983,山西焦煤,2025-09-22 10:03:12,7.34,28600,7.34,D
sz000983,山西焦煤,2025-09-22 10:03:27,7.35,47900,7.35,U
sz000983,山西焦煤,2025-09-22 10:03:30,7.35,87900,7.35,U
sz000983,山西焦煤,2025-09-22 10:03:33,7.37,96000,7.35,U
sz000983,山西焦煤,2025-09-22 10:03:39,7.37,31500,7.37,U
sz000983,山西焦煤,2025-09-22 10:03:42,7.37,51200,7.37,U
sz000983,山西焦煤,2025-09-22 10:03:45,7.37,38200,7.37,U
sz000983,山西焦煤,2025-09-22 10:03:48,7.37,32000,7.37,U
sz000983,山西焦煤,2025-09-22 10:03:51,7.37,24400,7.37,U
sz000983,山西焦煤,2025-09-22 10:03:57,7.37,35500,7.37,U
sz000983,山西焦煤,2025-09-22 10:04:00,7.35,28700,7.37,D
sz000983,山西焦煤,2025-09-22 10:04:15,7.35,39200,7.35,U
sz000983,山西焦煤,2025-09-22 10:04:21,7.34,20100,7.35,D
sz000983,山西焦煤,2025-09-22 10:04:45,7.33,57500,7.35,D
sz000983,山西焦煤,2025-09-22 10:05:21,7.33,69900,7.34,D
sz000983,山西焦煤,2025-09-22 10:05:42,7.33,107800,7.33,D
sz000983,山西焦煤,2025-09-22 10:05:51,7.32,53000,7.33,D
sz000983,山西焦煤,2025-09-22 10:06:00,7.32,26700,7.33,D
sz000983,山西焦煤,2025-09-22 10:06:03,7.32,28300,7.32,D
sz000983,山西焦煤,2025-09-22 10:06:06,7.32,111800,7.32,D
sz000983,山西焦煤,2025-09-22 10:06:12,7.32,23600,7.32,U
sz000983,山西焦煤,2025-09-22 10:06:18,7.32,37500,7.32,U
sz000983,山西焦煤,2025-09-22 10:06:21,7.32,40900,7.32,U
sz000983,山西焦煤,2025-09-22 10:06:24,7.31,39900,7.32,D
sz000983,山西焦煤,2025-09-22 10:06:39,7.31,45800,7.32,D
sz000983,山西焦煤,2025-09-22 10:06:42,7.32,38900,7.31,U
sz000983,山西焦煤,2025-09-22 10:07:03,7.32,98700,7.31,U
sz000983,山西焦煤,2025-09-22 10:07:09,7.3,1300510,7.32,D
sz000983,山西焦煤,2025-09-22 10:07:18,7.29,73000,7.29,D
sz000983,山西焦煤,2025-09-22 10:07:24,7.29,40300,7.3,D
sz000983,山西焦煤,2025-09-22 10:07:27,7.29,33200,7.29,D
sz000983,山西焦煤,2025-09-22 10:07:42,7.29,28500,7.3,D
sz000983,山西焦煤,2025-09-22 10:07:57,7.29,21800,7.3,D
sz000983,山西焦煤,2025-09-22 10:08:24,7.3,38800,7.29,U
sz000983,山西焦煤,2025-09-22 10:08:45,7.3,31000,7.3,U
sz000983,山西焦煤,2025-09-22 10:08:54,7.3,162900,7.29,U
sz000983,山西焦煤,2025-09-22 10:08:57,7.3,91300,7.3,U
sz000983,山西焦煤,2025-09-22 10:09:00,7.29,33400,7.3,D
sz000983,山西焦煤,2025-09-22 10:09:06,7.3,46100,7.3,U
sz000983,山西焦煤,2025-09-22 10:09:39,7.3,46300,7.3,U
sz000983,山西焦煤,2025-09-22 10:09:48,7.29,36500,7.29,D
sz000983,山西焦煤,2025-09-22 10:09:51,7.29,35700,7.29,D
sz000983,山西焦煤,2025-09-22 10:09:54,7.29,50800,7.29,D
sz000983,山西焦煤,2025-09-22 10:10:00,7.29,28300,7.29,D
sz000983,山西焦煤,2025-09-22 10:10:15,7.29,22000,7.29,D
sz000983,山西焦煤,2025-09-22 10:10:42,7.3,23200,7.29,U
sz000983,山西焦煤,2025-09-22 10:10:45,7.3,256800,7.3,U
sz000983,山西焦煤,2025-09-22 10:10:48,7.3,172730,7.3,U
sz000983,山西焦煤,2025-09-22 10:11:00,7.29,21800,7.3,D
sz000983,山西焦煤,2025-09-22 10:11:09,7.29,40400,7.3,D
sz000983,山西焦煤,2025-09-22 10:11:24,7.3,23600,7.29,U
sz000983,山西焦煤,2025-09-22 10:11:48,7.29,564700,7.3,D
sz000983,山西焦煤,2025-09-22 10:11:54,7.29,40800,7.3,D
sz000983,山西焦煤,2025-09-22 10:11:57,7.29,22300,7.29,D
sz000983,山西焦煤,2025-09-22 10:12:09,7.29,286100,7.3,D
sz000983,山西焦煤,2025-09-22 10:12:18,7.29,38210,7.3,D
sz000983,山西焦煤,2025-09-22 10:12:33,7.29,20700,7.28,U
sz000983,山西焦煤,2025-09-22 10:12:48,7.28,22400,7.28,D
sz000983,山西焦煤,2025-09-22 10:12:51,7.28,70900,7.28,D
sz000983,山西焦煤,2025-09-22 10:13:06,7.29,27900,7.28,U
sz000983,山西焦煤,2025-09-22 10:13:09,7.28,22600,7.29,D
sz000983,山西焦煤,2025-09-22 10:13:12,7.29,66800,7.28,U
sz000983,山西焦煤,2025-09-22 10:13:15,7.29,50700,7.29,U
sz000983,山西焦煤,2025-09-22 10:13:18,7.29,30200,7.29,D
sz000983,山西焦煤,2025-09-22 10:13:24,7.29,20400,7.29,D
sz000983,山西焦煤,2025-09-22 10:13:48,7.28,80700,7.28,D
sz000983,山西焦煤,2025-09-22 10:13:57,7.28,406200,7.29,D
sz000983,山西焦煤,2025-09-22 10:14:09,7.28,38000,7.29,D
sz000983,山西焦煤,2025-09-22 10:14:27,7.28,39500,7.29,D
sz000983,山西焦煤,2025-09-22 10:14:33,7.28,48800,7.28,D
sz000983,山西焦煤,2025-09-22 10:14:39,7.28,23600,7.28,D
sz000983,山西焦煤,2025-09-22 10:14:54,7.28,23100,7.28,D
sz000983,山西焦煤,2025-09-22 10:15:03,7.29,70200,7.28,U
sz000983,山西焦煤,2025-09-22 10:15:09,7.28,24400,7.29,D
sz000983,山西焦煤,2025-09-22 10:15:12,7.28,169500,7.28,D
sz000983,山西焦煤,2025-09-22 10:15:15,7.28,253600,7.28,U
sz000983,山西焦煤,2025-09-22 10:15:27,7.28,48700,7.28,U
sz000983,山西焦煤,2025-09-22 10:15:30,7.27,97600,7.28,D
sz000983,山西焦煤,2025-09-22 10:15:36,7.27,32779,7.27,U
sz000983,山西焦煤,2025-09-22 10:15:51,7.28,44200,7.27,E
sz000983,山西焦煤,2025-09-22 10:16:06,7.29,20900,7.28,U
sz000983,山西焦煤,2025-09-22 10:16:33,7.28,23600,7.28,D
sz000983,山西焦煤,2025-09-22 10:16:36,7.28,31300,7.28,D
sz000983,山西焦煤,2025-09-22 10:17:06,7.28,55900,7.28,U
sz000983,山西焦煤,2025-09-22 10:17:21,7.28,51100,7.28,U
sz000983,山西焦煤,2025-09-22 10:17:36,7.27,27500,7.27,D
sz000983,山西焦煤,2025-09-22 10:17:39,7.28,38000,7.27,U
sz000983,山西焦煤,2025-09-22 10:18:09,7.28,28800,7.28,U
sz000983,山西焦煤,2025-09-22 10:18:21,7.27,32000,7.28,D
sz000983,山西焦煤,2025-09-22 10:18:36,7.28,24400,7.28,D
sz000983,山西焦煤,2025-09-22 10:18:45,7.28,20000,7.28,D
sz000983,山西焦煤,2025-09-22 10:18:54,7.28,150500,7.28,U
sz000983,山西焦煤,2025-09-22 10:19:03,7.28,54100,7.27,U
sz000983,山西焦煤,2025-09-22 10:19:36,7.28,44900,7.27,U
sz000983,山西焦煤,2025-09-22 10:19:42,7.28,21500,7.27,U
sz000983,山西焦煤,2025-09-22 10:20:03,7.27,21100,7.27,D
sz000983,山西焦煤,2025-09-22 10:20:06,7.28,35300,7.27,U
sz000983,山西焦煤,2025-09-22 10:20:12,7.28,3658100,7.28,U
sz000983,山西焦煤,2025-09-22 10:20:27,7.26,76800,7.26,E
sz000983,山西焦煤,2025-09-22 10:20:36,7.26,24800,7.25,U
sz000983,山西焦煤,2025-09-22 10:20:51,7.25,30000,7.26,D
sz000983,山西焦煤,2025-09-22 10:21:00,7.25,22500,7.25,D
sz000983,山西焦煤,2025-09-22 10:21:36,7.27,25200,7.27,U
sz000983,山西焦煤,2025-09-22 10:21:39,7.27,28300,7.27,U
sz000983,山西焦煤,2025-09-22 10:21:54,7.24,703400,7.26,D
sz000983,山西焦煤,2025-09-22 10:21:57,7.25,71400,7.24,U
sz000983,山西焦煤,2025-09-22 10:22:00,7.24,204000,7.25,D
sz000983,山西焦煤,2025-09-22 10:22:03,7.25,46800,7.24,U
sz000983,山西焦煤,2025-09-22 10:22:06,7.25,85100,7.25,U
sz000983,山西焦煤,2025-09-22 10:22:09,7.25,29800,7.25,U
sz000983,山西焦煤,2025-09-22 10:22:12,7.25,78100,7.25,U
sz000983,山西焦煤,2025-09-22 10:22:15,7.25,23000,7.25,U
sz000983,山西焦煤,2025-09-22 10:22:21,7.23,397800,7.24,D
sz000983,山西焦煤,2025-09-22 10:22:33,7.24,23873,7.24,D
sz000983,山西焦煤,2025-09-22 10:22:42,7.27,2890980,7.25,U
sz000983,山西焦煤,2025-09-22 10:22:45,7.27,20900,7.27,U
sz000983,山西焦煤,2025-09-22 10:22:54,7.26,75900,7.27,D
sz000983,山西焦煤,2025-09-22 10:23:09,7.25,20700,7.26,D
sz000983,山西焦煤,2025-09-22 10:23:33,7.26,30900,7.27,D
sz000983,山西焦煤,2025-09-22 10:23:45,7.27,39100,7.26,U
sz000983,山西焦煤,2025-09-22 10:23:57,7.27,145000,7.27,U
sz000983,山西焦煤,2025-09-22 10:24:03,7.27,108100,7.26,U
sz000983,山西焦煤,2025-09-22 10:24:39,7.27,26400,7.27,U
sz000983,山西焦煤,2025-09-22 10:24:54,7.27,53800,7.27,U
sz000983,山西焦煤,2025-09-22 10:25:00,7.27,25100,7.28,E
sz000983,山西焦煤,2025-09-22 10:25:12,7.28,46900,7.27,U
sz000983,山西焦煤,2025-09-22 10:25:51,7.28,54200,7.28,U
sz000983,山西焦煤,2025-09-22 10:26:06,7.27,50000,7.27,D
sz000983,山西焦煤,2025-09-22 10:26:27,7.28,53000,7.28,U
sz000983,山西焦煤,2025-09-22 10:26:30,7.27,64800,7.28,D
sz000983,山西焦煤,2025-09-22 10:28:00,7.29,44800,7.29,D
sz000983,山西焦煤,2025-09-22 10:28:03,7.3,68300,7.29,U
sz000983,山西焦煤,2025-09-22 10:28:36,7.28,115400,7.3,D
sz000983,山西焦煤,2025-09-22 10:29:27,7.29,20600,7.28,U
sz000983,山西焦煤,2025-09-22 10:29:36,7.29,69800,7.29,D
sz000983,山西焦煤,2025-09-22 10:29:54,7.29,56500,7.3,D
sz000983,山西焦煤,2025-09-22 10:30:00,7.29,53500,7.3,D
sz000983,山西焦煤,2025-09-22 10:30:30,7.3,32800,7.31,D
sz000983,山西焦煤,2025-09-22 10:30:42,7.3,27500,7.31,D
sz000983,山西焦煤,2025-09-22 10:30:57,7.32,43800,7.31,U
sz000983,山西焦煤,2025-09-22 10:31:03,7.31,51300,7.3,E
sz000983,山西焦煤,2025-09-22 10:31:51,7.3,23700,7.31,D
sz000983,山西焦煤,2025-09-22 10:33:12,7.3,27800,7.3,D
sz000983,山西焦煤,2025-09-22 10:33:15,7.3,24400,7.3,D
sz000983,山西焦煤,2025-09-22 10:34:21,7.29,31800,7.29,D
sz000983,山西焦煤,2025-09-22 10:34:33,7.3,24100,7.3,D
sz000983,山西焦煤,2025-09-22 10:35:33,7.3,23600,7.29,U
sz000983,山西焦煤,2025-09-22 10:36:03,7.3,59800,7.29,U
sz000983,山西焦煤,2025-09-22 10:36:09,7.3,28500,7.29,U
sz000983,山西焦煤,2025-09-22 10:37:42,7.29,32800,7.3,D
sz000983,山西焦煤,2025-09-22 10:37:48,7.29,32400,7.3,D
sz000983,山西焦煤,2025-09-22 10:37:51,7.31,232700,7.29,U
sz000983,山西焦煤,2025-09-22 10:37:54,7.33,643600,7.31,U
sz000983,山西焦煤,2025-09-22 10:37:57,7.34,193400,7.33,U
sz000983,山西焦煤,2025-09-22 10:38:00,7.36,246700,7.34,U
sz000983,山西焦煤,2025-09-22 10:38:03,7.36,211300,7.36,U
sz000983,山西焦煤,2025-09-22 10:38:06,7.38,212300,7.36,U
sz000983,山西焦煤,2025-09-22 10:38:12,7.33,27900,7.34,D
sz000983,山西焦煤,2025-09-22 10:38:27,7.33,36800,7.33,U
sz000983,山西焦煤,2025-09-22 10:38:30,7.32,40400,7.33,D
sz000983,山西焦煤,2025-09-22 10:39:00,7.31,39900,7.32,D
sz000983,山西焦煤,2025-09-22 10:39:24,7.33,37000,7.33,U
sz000983,山西焦煤,2025-09-22 10:39:45,7.31,26100,7.32,D
sz000983,山西焦煤,2025-09-22 10:39:54,7.32,22000,7.31,U
sz000983,山西焦煤,2025-09-22 10:40:24,7.32,20400,7.32,U
sz000983,山西焦煤,2025-09-22 10:41:39,7.3,28600,7.3,D
sz000983,山西焦煤,2025-09-22 10:41:51,7.3,21500,7.3,D
sz000983,山西焦煤,2025-09-22 10:42:03,7.3,23100,7.3,D
sz000983,山西焦煤,2025-09-22 10:44:21,7.31,24200,7.3,U
sz000983,山西焦煤,2025-09-22 10:44:45,7.3,20800,7.3,D
sz000983,山西焦煤,2025-09-22 10:44:57,7.3,98300,7.3,D
sz000983,山西焦煤,2025-09-22 10:45:06,7.3,25300,7.3,U
sz000983,山西焦煤,2025-09-22 10:45:18,7.3,21300,7.3,U
sz000983,山西焦煤,2025-09-22 10:46:21,7.3,20000,7.3,U
sz000983,山西焦煤,2025-09-22 10:46:27,7.3,20600,7.3,U
sz000983,山西焦煤,2025-09-22 10:46:36,7.29,140500,7.29,D
sz000983,山西焦煤,2025-09-22 10:46:57,7.28,29200,7.29,D
sz000983,山西焦煤,2025-09-22 10:47:15,7.28,27000,7.28,D
sz000983,山西焦煤,2025-09-22 10:47:33,7.28,207000,7.28,D
sz000983,山西焦煤,2025-09-22 10:47:36,7.28,20900,7.28,D
sz000983,山西焦煤,2025-09-22 10:48:00,7.28,52400,7.28,D
sz000983,山西焦煤,2025-09-22 10:48:06,7.29,100000,7.28,U
sz000983,山西焦煤,2025-09-22 10:51:36,7.28,33800,7.28,D
sz000983,山西焦煤,2025-09-22 10:51:54,7.28,22200,7.28,D
sz000983,山西焦煤,2025-09-22 10:52:03,7.28,28700,7.27,U
sz000983,山西焦煤,2025-09-22 10:52:18,7.29,21200,7.28,U
sz000983,山西焦煤,2025-09-22 10:52:24,7.27,34200,7.29,D
sz000983,山西焦煤,2025-09-22 10:52:57,7.28,28800,7.29,D
sz000983,山西焦煤,2025-09-22 10:53:54,7.28,58100,7.29,D
sz000983,山西焦煤,2025-09-22 10:54:57,7.28,23300,7.28,D
sz000983,山西焦煤,2025-09-22 10:55:12,7.29,20000,7.29,U
sz000983,山西焦煤,2025-09-22 10:55:18,7.29,26700,7.29,U
sz000983,山西焦煤,2025-09-22 10:55:36,7.29,35900,7.29,U
sz000983,山西焦煤,2025-09-22 10:55:45,7.29,31100,7.29,U
sz000983,山西焦煤,2025-09-22 10:57:36,7.28,263700,7.29,D
sz000983,山西焦煤,2025-09-22 10:58:09,7.28,48000,7.29,D
sz000983,山西焦煤,2025-09-22 10:58:33,7.27,282600,7.28,D
sz000983,山西焦煤,2025-09-22 10:58:36,7.27,72800,7.27,U
sz000983,山西焦煤,2025-09-22 10:58:39,7.27,217000,7.27,U
sz000983,山西焦煤,2025-09-22 10:58:48,7.27,167560,7.27,U
sz000983,山西焦煤,2025-09-22 11:00:03,7.28,36400,7.27,U
sz000983,山西焦煤,2025-09-22 11:00:12,7.28,30200,7.27,U
sz000983,山西焦煤,2025-09-22 11:01:42,7.29,109200,7.28,U
sz000983,山西焦煤,2025-09-22 11:02:12,7.28,22300,7.29,D
sz000983,山西焦煤,2025-09-22 11:02:39,7.29,58100,7.29,U
sz000983,山西焦煤,2025-09-22 11:03:24,7.3,75600,7.29,U
sz000983,山西焦煤,2025-09-22 11:04:03,7.3,65200,7.29,U
sz000983,山西焦煤,2025-09-22 11:04:09,7.3,32700,7.3,U
sz000983,山西焦煤,2025-09-22 11:04:18,7.31,49900,7.3,U
sz000983,山西焦煤,2025-09-22 11:04:39,7.31,22600,7.31,U
sz000983,山西焦煤,2025-09-22 11:05:24,7.31,50000,7.31,U
sz000983,山西焦煤,2025-09-22 11:05:36,7.31,51700,7.3,U
sz000983,山西焦煤,2025-09-22 11:07:33,7.31,51700,7.3,U
sz000983,山西焦煤,2025-09-22 11:07:54,7.32,50500,7.32,U
sz000983,山西焦煤,2025-09-22 11:08:27,7.31,51300,7.3,U
sz000983,山西焦煤,2025-09-22 11:08:39,7.31,34800,7.3,U
sz000983,山西焦煤,2025-09-22 11:10:36,7.3,21000,7.3,D
sz000983,山西焦煤,2025-09-22 11:11:00,7.31,41800,7.31,U
sz000983,山西焦煤,2025-09-22 11:12:00,7.31,40500,7.31,D
sz000983,山西焦煤,2025-09-22 11:12:06,7.31,30000,7.31,D
sz000983,山西焦煤,2025-09-22 11:12:48,7.32,43600,7.31,U
sz000983,山西焦煤,2025-09-22 11:12:57,7.31,21000,7.31,D
sz000983,山西焦煤,2025-09-22 11:13:30,7.31,21400,7.31,D
sz000983,山西焦煤,2025-09-22 11:14:00,7.31,37000,7.32,D
sz000983,山西焦煤,2025-09-22 11:14:36,7.31,35000,7.31,D
sz000983,山西焦煤,2025-09-22 11:15:00,7.3,23000,7.31,D
sz000983,山西焦煤,2025-09-22 11:15:24,7.33,47300,7.32,U
sz000983,山西焦煤,2025-09-22 11:16:00,7.31,24800,7.32,D
sz000983,山西焦煤,2025-09-22 11:16:57,7.33,22200,7.32,U
sz000983,山西焦煤,2025-09-22 11:17:42,7.33,68900,7.33,U
sz000983,山西焦煤,2025-09-22 11:17:54,7.33,45100,7.33,U
sz000983,山西焦煤,2025-09-22 11:18:06,7.32,41600,7.32,D
sz000983,山西焦煤,2025-09-22 11:18:09,7.33,82700,7.32,U
sz000983,山西焦煤,2025-09-22 11:19:03,7.34,30100,7.33,U
sz000983,山西焦煤,2025-09-22 11:19:18,7.33,30900,7.33,D
sz000983,山西焦煤,2025-09-22 11:20:09,7.34,48500,7.34,U
sz000983,山西焦煤,2025-09-22 11:20:15,7.33,121600,7.33,D
sz000983,山西焦煤,2025-09-22 11:20:18,7.33,30500,7.33,U
sz000983,山西焦煤,2025-09-22 11:20:24,7.33,28900,7.32,U
sz000983,山西焦煤,2025-09-22 11:24:54,7.33,20000,7.33,U
sz000983,山西焦煤,2025-09-22 11:25:18,7.32,30900,7.33,D
sz000983,山西焦煤,2025-09-22 11:27:09,7.33,24300,7.32,U
sz000983,山西焦煤,2025-09-22 11:27:18,7.33,21300,7.32,U
sz000983,山西焦煤,2025-09-22 11:27:24,7.33,22800,7.34,D
sz000983,山西焦煤,2025-09-22 11:28:03,7.33,48800,7.34,D
sz000983,山西焦煤,2025-09-22 11:29:06,7.32,163000,7.33,D
sz000983,山西焦煤,2025-09-22 11:29:18,7.32,50100,7.31,U
sz000983,山西焦煤,2025-09-22 11:29:24,7.31,51700,7.32,D
sz000983,山西焦煤,2025-09-22 13:00:00,7.31,64800,7.31,D
sz000983,山西焦煤,2025-09-22 13:00:03,7.32,157800,7.31,U
sz000983,山西焦煤,2025-09-22 13:00:09,7.31,26000,7.31,D
sz000983,山西焦煤,2025-09-22 13:00:24,7.3,20500,7.3,D
sz000983,山西焦煤,2025-09-22 13:00:27,7.3,25100,7.3,D
sz000983,山西焦煤,2025-09-22 13:01:21,7.3,20100,7.3,D
sz000983,山西焦煤,2025-09-22 13:01:45,7.3,37400,7.31,D
sz000983,山西焦煤,2025-09-22 13:01:48,7.3,128477,7.3,D
sz000983,山西焦煤,2025-09-22 13:01:51,7.29,28400,7.3,D
sz000983,山西焦煤,2025-09-22 13:01:54,7.29,30400,7.29,D
sz000983,山西焦煤,2025-09-22 13:02:21,7.29,30000,7.29,D
sz000983,山西焦煤,2025-09-22 13:02:45,7.3,28100,7.29,U
sz000983,山西焦煤,2025-09-22 13:02:48,7.29,21100,7.3,D
sz000983,山西焦煤,2025-09-22 13:02:57,7.29,31000,7.29,D
sz000983,山西焦煤,2025-09-22 13:03:00,7.31,20900,7.29,U
sz000983,山西焦煤,2025-09-22 13:03:24,7.33,44000,7.31,U
sz000983,山西焦煤,2025-09-22 13:03:45,7.34,41700,7.31,U
sz000983,山西焦煤,2025-09-22 13:03:48,7.31,86800,7.34,D
sz000983,山西焦煤,2025-09-22 13:04:36,7.33,40700,7.32,U
sz000983,山西焦煤,2025-09-22 13:05:03,7.31,42800,7.31,U
sz000983,山西焦煤,2025-09-22 13:05:15,7.31,29200,7.31,U
sz000983,山西焦煤,2025-09-22 13:05:45,7.31,64700,7.32,D
sz000983,山西焦煤,2025-09-22 13:06:00,7.3,23900,7.31,D
sz000983,山西焦煤,2025-09-22 13:06:12,7.3,39000,7.3,D
sz000983,山西焦煤,2025-09-22 13:06:33,7.3,57400,7.31,D
sz000983,山西焦煤,2025-09-22 13:06:42,7.3,21500,7.3,D
sz000983,山西焦煤,2025-09-22 13:08:00,7.3,20600,7.3,U
sz000983,山西焦煤,2025-09-22 13:08:42,7.29,20100,7.29,D
sz000983,山西焦煤,2025-09-22 13:09:00,7.29,20400,7.29,D
sz000983,山西焦煤,2025-09-22 13:09:36,7.29,21300,7.3,D
sz000983,山西焦煤,2025-09-22 13:09:39,7.29,216700,7.29,D
sz000983,山西焦煤,2025-09-22 13:09:42,7.29,31800,7.29,D
sz000983,山西焦煤,2025-09-22 13:09:57,7.28,25500,7.29,D
sz000983,山西焦煤,2025-09-22 13:10:00,7.28,22200,7.28,D
sz000983,山西焦煤,2025-09-22 13:10:03,7.29,43700,7.28,U
sz000983,山西焦煤,2025-09-22 13:10:06,7.29,30200,7.29,U
sz000983,山西焦煤,2025-09-22 13:10:27,7.3,63400,7.29,U
sz000983,山西焦煤,2025-09-22 13:10:33,7.3,29700,7.29,U
sz000983,山西焦煤,2025-09-22 13:11:21,7.3,41100,7.3,U
sz000983,山西焦煤,2025-09-22 13:11:51,7.3,38300,7.29,U
sz000983,山西焦煤,2025-09-22 13:12:33,7.3,22500,7.29,U
sz000983,山西焦煤,2025-09-22 13:13:39,7.3,22000,7.29,U
sz000983,山西焦煤,2025-09-22 13:14:03,7.3,40400,7.29,U
sz000983,山西焦煤,2025-09-22 13:14:12,7.3,53500,7.3,U
sz000983,山西焦煤,2025-09-22 13:14:27,7.3,30900,7.3,U
sz000983,山西焦煤,2025-09-22 13:15:00,7.29,20600,7.29,D
sz000983,山西焦煤,2025-09-22 13:15:03,7.3,25800,7.29,U
sz000983,山西焦煤,2025-09-22 13:15:09,7.31,23900,7.3,U
sz000983,山西焦煤,2025-09-22 13:16:42,7.29,20000,7.29,D
sz000983,山西焦煤,2025-09-22 13:17:36,7.3,35500,7.29,U
sz000983,山西焦煤,2025-09-22 13:17:39,7.3,55700,7.3,D
sz000983,山西焦煤,2025-09-22 13:17:42,7.29,21400,7.3,D
sz000983,山西焦煤,2025-09-22 13:18:03,7.29,41500,7.3,D
sz000983,山西焦煤,2025-09-22 13:18:57,7.3,146400,7.3,U
sz000983,山西焦煤,2025-09-22 13:19:03,7.29,32700,7.3,D
sz000983,山西焦煤,2025-09-22 13:19:30,7.3,28800,7.29,U
sz000983,山西焦煤,2025-09-22 13:19:36,7.29,24300,7.3,D
sz000983,山西焦煤,2025-09-22 13:20:27,7.29,20700,7.3,D
sz000983,山西焦煤,2025-09-22 13:20:51,7.29,22200,7.29,D
sz000983,山西焦煤,2025-09-22 13:21:06,7.29,33200,7.3,D
sz000983,山西焦煤,2025-09-22 13:22:03,7.3,27300,7.29,U
sz000983,山西焦煤,2025-09-22 13:22:09,7.3,40800,7.29,U
sz000983,山西焦煤,2025-09-22 13:22:15,7.29,22100,7.3,D
sz000983,山西焦煤,2025-09-22 13:22:27,7.29,21900,7.29,D
sz000983,山西焦煤,2025-09-22 13:23:18,7.29,56100,7.3,D
sz000983,山西焦煤,2025-09-22 13:23:24,7.28,22600,7.29,D
sz000983,山西焦煤,2025-09-22 13:23:30,7.28,44700,7.28,D
sz000983,山西焦煤,2025-09-22 13:23:33,7.29,26000,7.28,U
sz000983,山西焦煤,2025-09-22 13:24:00,7.28,20500,7.28,D
sz000983,山西焦煤,2025-09-22 13:24:24,7.28,20600,7.28,D
sz000983,山西焦煤,2025-09-22 13:24:30,7.29,30400,7.29,U
sz000983,山西焦煤,2025-09-22 13:24:42,7.28,35000,7.28,D
sz000983,山西焦煤,2025-09-22 13:24:45,7.28,22800,7.28,D
sz000983,山西焦煤,2025-09-22 13:24:51,7.28,21800,7.28,D
sz000983,山西焦煤,2025-09-22 13:24:54,7.28,20500,7.28,D
sz000983,山西焦煤,2025-09-22 13:24:57,7.28,20100,7.28,D
sz000983,山西焦煤,2025-09-22 13:25:03,7.28,23900,7.28,D
sz000983,山西焦煤,2025-09-22 13:25:06,7.29,26300,7.28,U
sz000983,山西焦煤,2025-09-22 13:25:12,7.28,23200,7.29,D
sz000983,山西焦煤,2025-09-22 13:25:15,7.29,39300,7.28,U
sz000983,山西焦煤,2025-09-22 13:25:18,7.28,64900,7.29,D
sz000983,山西焦煤,2025-09-22 13:25:24,7.28,38000,7.28,D
sz000983,山西焦煤,2025-09-22 13:25:27,7.28,28600,7.28,D
sz000983,山西焦煤,2025-09-22 13:25:33,7.29,69700,7.28,U
sz000983,山西焦煤,2025-09-22 13:25:36,7.28,48500,7.29,D
sz000983,山西焦煤,2025-09-22 13:25:42,7.28,283100,7.29,D
sz000983,山西焦煤,2025-09-22 13:25:45,7.27,24900,7.28,D
sz000983,山西焦煤,2025-09-22 13:25:48,7.27,72400,7.27,D
sz000983,山西焦煤,2025-09-22 13:25:51,7.27,55300,7.27,D
sz000983,山西焦煤,2025-09-22 13:25:57,7.27,28500,7.27,D
sz000983,山西焦煤,2025-09-22 13:26:27,7.28,50900,7.27,U
sz000983,山西焦煤,2025-09-22 13:26:33,7.27,69100,7.27,U
sz000983,山西焦煤,2025-09-22 13:26:36,7.27,27700,7.27,U
sz000983,山西焦煤,2025-09-22 13:26:48,7.27,35100,7.27,U
sz000983,山西焦煤,2025-09-22 13:26:51,7.27,27800,7.27,U
sz000983,山西焦煤,2025-09-22 13:27:00,7.27,90000,7.27,U
sz000983,山西焦煤,2025-09-22 13:27:21,7.26,23800,7.27,D
sz000983,山西焦煤,2025-09-22 13:27:24,7.27,38600,7.26,U
sz000983,山西焦煤,2025-09-22 13:27:33,7.27,20400,7.27,U
sz000983,山西焦煤,2025-09-22 13:28:06,7.27,33100,7.27,U
sz000983,山西焦煤,2025-09-22 13:28:12,7.26,65600,7.26,D
sz000983,山西焦煤,2025-09-22 13:28:18,7.26,39800,7.27,D
sz000983,山西焦煤,2025-09-22 13:28:30,7.27,21400,7.27,U
sz000983,山西焦煤,2025-09-22 13:28:36,7.27,34200,7.27,U
sz000983,山西焦煤,2025-09-22 13:28:39,7.27,27300,7.27,U
sz000983,山西焦煤,2025-09-22 13:28:48,7.27,38366,7.27,U
sz000983,山西焦煤,2025-09-22 13:28:51,7.28,27700,7.27,U
sz000983,山西焦煤,2025-09-22 13:29:03,7.27,20500,7.27,D
sz000983,山西焦煤,2025-09-22 13:29:51,7.28,26500,7.28,U
sz000983,山西焦煤,2025-09-22 13:30:09,7.27,36700,7.28,D
sz000983,山西焦煤,2025-09-22 13:30:27,7.27,42600,7.28,D
sz000983,山西焦煤,2025-09-22 13:32:18,7.29,38200,7.28,U
sz000983,山西焦煤,2025-09-22 13:32:21,7.28,34100,7.29,D
sz000983,山西焦煤,2025-09-22 13:32:30,7.31,26500,7.3,U
sz000983,山西焦煤,2025-09-22 13:32:36,7.28,24700,7.28,D
sz000983,山西焦煤,2025-09-22 13:32:39,7.28,34500,7.28,D
sz000983,山西焦煤,2025-09-22 13:32:54,7.29,23300,7.29,D
sz000983,山西焦煤,2025-09-22 13:33:18,7.31,65600,7.3,U
sz000983,山西焦煤,2025-09-22 13:33:21,7.29,26100,7.31,E
sz000983,山西焦煤,2025-09-22 13:33:24,7.28,22600,7.29,D
sz000983,山西焦煤,2025-09-22 13:35:12,7.28,31400,7.29,D
sz000983,山西焦煤,2025-09-22 13:35:27,7.28,41500,7.29,D
sz000983,山西焦煤,2025-09-22 13:35:39,7.28,49500,7.29,D
sz000983,山西焦煤,2025-09-22 13:35:48,7.27,21600,7.28,D
sz000983,山西焦煤,2025-09-22 13:35:54,7.27,23400,7.27,D
sz000983,山西焦煤,2025-09-22 13:36:54,7.27,22000,7.27,D
sz000983,山西焦煤,2025-09-22 13:37:00,7.28,23900,7.28,U
sz000983,山西焦煤,2025-09-22 13:37:03,7.28,33200,7.28,U
sz000983,山西焦煤,2025-09-22 13:37:42,7.28,25300,7.28,U
sz000983,山西焦煤,2025-09-22 13:38:00,7.28,103100,7.28,U
sz000983,山西焦煤,2025-09-22 13:38:09,7.28,22600,7.27,U
sz000983,山西焦煤,2025-09-22 13:38:33,7.27,125200,7.27,D
sz000983,山西焦煤,2025-09-22 13:38:36,7.26,52000,7.27,D
sz000983,山西焦煤,2025-09-22 13:38:39,7.27,41800,7.26,U
sz000983,山西焦煤,2025-09-22 13:39:18,7.26,47800,7.26,D
sz000983,山西焦煤,2025-09-22 13:40:03,7.27,20100,7.27,U
sz000983,山西焦煤,2025-09-22 13:40:39,7.27,25700,7.27,U
sz000983,山西焦煤,2025-09-22 13:41:03,7.27,20100,7.27,U
sz000983,山西焦煤,2025-09-22 13:41:21,7.27,26700,7.26,U
sz000983,山西焦煤,2025-09-22 13:41:27,7.26,36100,7.27,D
sz000983,山西焦煤,2025-09-22 13:41:54,7.26,24600,7.27,D
sz000983,山西焦煤,2025-09-22 13:42:27,7.27,20900,7.27,U
sz000983,山西焦煤,2025-09-22 13:43:15,7.26,33000,7.26,D
sz000983,山西焦煤,2025-09-22 13:43:18,7.26,40800,7.26,D
sz000983,山西焦煤,2025-09-22 13:43:30,7.26,206500,7.26,D
sz000983,山西焦煤,2025-09-22 13:43:33,7.26,60400,7.26,D
sz000983,山西焦煤,2025-09-22 13:43:36,7.27,44700,7.26,U
sz000983,山西焦煤,2025-09-22 13:43:45,7.26,31100,7.26,D
sz000983,山西焦煤,2025-09-22 13:43:51,7.26,63100,7.26,D
sz000983,山西焦煤,2025-09-22 13:43:54,7.27,40900,7.26,U
sz000983,山西焦煤,2025-09-22 13:44:00,7.27,51300,7.26,U
sz000983,山西焦煤,2025-09-22 13:44:03,7.27,36200,7.27,U
sz000983,山西焦煤,2025-09-22 13:44:06,7.26,50100,7.27,D
sz000983,山西焦煤,2025-09-22 13:46:06,7.28,33400,7.28,U
sz000983,山西焦煤,2025-09-22 13:46:12,7.27,20000,7.27,D
sz000983,山西焦煤,2025-09-22 13:46:18,7.27,71400,7.27,D
sz000983,山西焦煤,2025-09-22 13:46:21,7.27,25300,7.27,U
sz000983,山西焦煤,2025-09-22 13:47:06,7.27,42300,7.27,U
sz000983,山西焦煤,2025-09-22 13:47:09,7.26,62500,7.27,D
sz000983,山西焦煤,2025-09-22 13:47:12,7.27,27100,7.26,U
sz000983,山西焦煤,2025-09-22 13:47:15,7.26,35400,7.27,D
sz000983,山西焦煤,2025-09-22 13:48:00,7.27,24900,7.27,U
sz000983,山西焦煤,2025-09-22 13:48:27,7.26,26600,7.26,D
sz000983,山西焦煤,2025-09-22 13:48:54,7.26,21900,7.26,D
sz000983,山西焦煤,2025-09-22 13:49:06,7.27,76300,7.27,U
sz000983,山西焦煤,2025-09-22 13:49:09,7.27,35900,7.27,D
sz000983,山西焦煤,2025-09-22 13:50:27,7.27,30720,7.27,U
sz000983,山西焦煤,2025-09-22 13:51:00,7.27,23600,7.28,D
sz000983,山西焦煤,2025-09-22 13:51:09,7.27,23200,7.27,D
sz000983,山西焦煤,2025-09-22 13:51:12,7.27,39400,7.27,D
sz000983,山西焦煤,2025-09-22 13:51:48,7.27,31100,7.28,D
sz000983,山西焦煤,2025-09-22 13:52:45,7.27,118500,7.27,D
sz000983,山西焦煤,2025-09-22 13:52:51,7.26,21600,7.26,D
sz000983,山西焦煤,2025-09-22 13:52:54,7.27,50400,7.26,U
sz000983,山西焦煤,2025-09-22 13:53:54,7.27,39000,7.26,U
sz000983,山西焦煤,2025-09-22 13:54:03,7.27,21900,7.27,U
sz000983,山西焦煤,2025-09-22 13:55:12,7.26,22200,7.27,D
sz000983,山西焦煤,2025-09-22 13:55:24,7.26,26000,7.27,D
sz000983,山西焦煤,2025-09-22 13:55:39,7.27,63700,7.26,U
sz000983,山西焦煤,2025-09-22 13:55:42,7.26,23600,7.27,D
sz000983,山西焦煤,2025-09-22 13:57:03,7.27,36600,7.27,U
sz000983,山西焦煤,2025-09-22 13:57:06,7.26,28400,7.27,D
sz000983,山西焦煤,2025-09-22 13:57:09,7.26,80000,7.26,D
sz000983,山西焦煤,2025-09-22 13:57:12,7.27,44800,7.26,U
sz000983,山西焦煤,2025-09-22 13:57:15,7.29,26500,7.27,U
sz000983,山西焦煤,2025-09-22 13:57:18,7.29,70500,7.29,U
sz000983,山西焦煤,2025-09-22 13:57:21,7.27,29100,7.29,D
sz000983,山西焦煤,2025-09-22 13:57:24,7.27,50000,7.27,D
sz000983,山西焦煤,2025-09-22 13:57:33,7.28,30200,7.28,U
sz000983,山西焦煤,2025-09-22 13:57:42,7.3,34800,7.28,U
sz000983,山西焦煤,2025-09-22 13:57:45,7.29,42600,7.3,U
sz000983,山西焦煤,2025-09-22 13:57:51,7.3,41400,7.3,U
sz000983,山西焦煤,2025-09-22 13:57:54,7.27,42600,7.3,D
sz000983,山西焦煤,2025-09-22 13:58:03,7.28,40800,7.28,U
sz000983,山西焦煤,2025-09-22 13:58:33,7.3,51200,7.28,U
sz000983,山西焦煤,2025-09-22 13:58:39,7.28,21500,7.29,D
sz000983,山西焦煤,2025-09-22 13:59:00,7.28,55500,7.28,D
sz000983,山西焦煤,2025-09-22 13:59:39,7.27,27000,7.27,D
sz000983,山西焦煤,2025-09-22 14:01:06,7.27,42800,7.28,D
sz000983,山西焦煤,2025-09-22 14:01:12,7.27,22000,7.27,D
sz000983,山西焦煤,2025-09-22 14:01:15,7.27,30800,7.27,D
sz000983,山西焦煤,2025-09-22 14:01:45,7.27,30200,7.28,D
sz000983,山西焦煤,2025-09-22 14:01:48,7.27,31400,7.27,D
sz000983,山西焦煤,2025-09-22 14:02:21,7.28,32900,7.27,U
sz000983,山西焦煤,2025-09-22 14:02:39,7.27,104600,7.28,D
sz000983,山西焦煤,2025-09-22 14:02:42,7.28,54600,7.27,U
sz000983,山西焦煤,2025-09-22 14:02:45,7.28,23900,7.28,U
sz000983,山西焦煤,2025-09-22 14:02:54,7.26,79700,7.27,D
sz000983,山西焦煤,2025-09-22 14:03:03,7.27,26900,7.26,U
sz000983,山西焦煤,2025-09-22 14:03:24,7.26,40100,7.26,D
sz000983,山西焦煤,2025-09-22 14:03:57,7.27,28400,7.27,U
sz000983,山西焦煤,2025-09-22 14:04:33,7.27,33900,7.26,U
sz000983,山西焦煤,2025-09-22 14:05:03,7.27,20700,7.27,U
sz000983,山西焦煤,2025-09-22 14:05:21,7.27,37900,7.27,D
sz000983,山西焦煤,2025-09-22 14:05:54,7.27,25000,7.28,D
sz000983,山西焦煤,2025-09-22 14:06:06,7.27,22400,7.27,U
sz000983,山西焦煤,2025-09-22 14:06:30,7.26,34600,7.27,D
sz000983,山西焦煤,2025-09-22 14:06:33,7.27,28300,7.26,U
sz000983,山西焦煤,2025-09-22 14:06:48,7.26,35400,7.26,D
sz000983,山西焦煤,2025-09-22 14:07:06,7.26,35300,7.27,D
sz000983,山西焦煤,2025-09-22 14:07:12,7.27,35000,7.27,U
sz000983,山西焦煤,2025-09-22 14:07:15,7.26,86800,7.27,D
sz000983,山西焦煤,2025-09-22 14:07:39,7.26,77900,7.26,D
sz000983,山西焦煤,2025-09-22 14:08:09,7.27,60000,7.27,U
sz000983,山西焦煤,2025-09-22 14:08:27,7.27,23300,7.27,U
sz000983,山西焦煤,2025-09-22 14:08:33,7.27,47800,7.27,U
sz000983,山西焦煤,2025-09-22 14:08:39,7.27,44000,7.26,U
sz000983,山西焦煤,2025-09-22 14:08:42,7.27,21100,7.27,U
sz000983,山西焦煤,2025-09-22 14:08:45,7.27,28700,7.27,U
sz000983,山西焦煤,2025-09-22 14:09:54,7.27,21400,7.27,D
sz000983,山西焦煤,2025-09-22 14:10:09,7.27,49500,7.28,D
sz000983,山西焦煤,2025-09-22 14:10:15,7.26,27500,7.27,D
sz000983,山西焦煤,2025-09-22 14:11:12,7.26,96100,7.27,D
sz000983,山西焦煤,2025-09-22 14:12:15,7.27,60600,7.26,U
sz000983,山西焦煤,2025-09-22 14:12:18,7.29,32300,7.27,U
sz000983,山西焦煤,2025-09-22 14:12:21,7.3,95900,7.29,U
sz000983,山西焦煤,2025-09-22 14:12:24,7.27,44000,7.3,D
sz000983,山西焦煤,2025-09-22 14:12:27,7.26,26600,7.27,D
sz000983,山西焦煤,2025-09-22 14:12:30,7.29,51700,7.26,U
sz000983,山西焦煤,2025-09-22 14:12:48,7.27,21600,7.27,U
sz000983,山西焦煤,2025-09-22 14:13:42,7.26,116600,7.27,D
sz000983,山西焦煤,2025-09-22 14:13:45,7.26,26900,7.26,D
sz000983,山西焦煤,2025-09-22 14:13:48,7.27,23000,7.26,U
sz000983,山西焦煤,2025-09-22 14:14:03,7.27,66800,7.27,D
sz000983,山西焦煤,2025-09-22 14:14:09,7.26,27100,7.26,D
sz000983,山西焦煤,2025-09-22 14:14:15,7.27,24800,7.26,U
sz000983,山西焦煤,2025-09-22 14:14:27,7.28,26600,7.27,U
sz000983,山西焦煤,2025-09-22 14:15:03,7.28,23800,7.28,D
sz000983,山西焦煤,2025-09-22 14:15:12,7.27,27900,7.27,U
sz000983,山西焦煤,2025-09-22 14:16:18,7.28,23100,7.27,U
sz000983,山西焦煤,2025-09-22 14:17:30,7.27,30200,7.28,D
sz000983,山西焦煤,2025-09-22 14:19:09,7.29,27200,7.28,U
sz000983,山西焦煤,2025-09-22 14:19:30,7.27,22000,7.28,D
sz000983,山西焦煤,2025-09-22 14:20:15,7.28,26200,7.28,U
sz000983,山西焦煤,2025-09-22 14:20:21,7.28,33500,7.28,D
sz000983,山西焦煤,2025-09-22 14:20:48,7.29,98000,7.29,U
sz000983,山西焦煤,2025-09-22 14:21:24,7.28,32600,7.29,D
sz000983,山西焦煤,2025-09-22 14:21:33,7.29,21700,7.28,U
sz000983,山西焦煤,2025-09-22 14:21:36,7.3,46300,7.29,U
sz000983,山西焦煤,2025-09-22 14:21:51,7.28,20000,7.29,D
sz000983,山西焦煤,2025-09-22 14:21:54,7.29,31000,7.28,U
sz000983,山西焦煤,2025-09-22 14:21:57,7.29,23300,7.29,D
sz000983,山西焦煤,2025-09-22 14:23:45,7.3,23200,7.29,U
sz000983,山西焦煤,2025-09-22 14:23:48,7.29,20900,7.3,D
sz000983,山西焦煤,2025-09-22 14:25:09,7.3,21700,7.29,U
sz000983,山西焦煤,2025-09-22 14:25:15,7.3,23100,7.29,U
sz000983,山西焦煤,2025-09-22 14:25:21,7.29,26200,7.29,D
sz000983,山西焦煤,2025-09-22 14:25:45,7.3,26500,7.29,U
sz000983,山西焦煤,2025-09-22 14:26:03,7.3,20700,7.29,U
sz000983,山西焦煤,2025-09-22 14:26:45,7.31,37100,7.3,U
sz000983,山西焦煤,2025-09-22 14:26:57,7.3,23600,7.3,U
sz000983,山西焦煤,2025-09-22 14:29:00,7.29,48400,7.29,D
sz000983,山西焦煤,2025-09-22 14:29:06,7.28,20700,7.29,D
sz000983,山西焦煤,2025-09-22 14:29:24,7.3,58400,7.29,U
sz000983,山西焦煤,2025-09-22 14:29:30,7.31,67900,7.29,U
sz000983,山西焦煤,2025-09-22 14:29:33,7.28,24000,7.31,D
sz000983,山西焦煤,2025-09-22 14:30:18,7.3,32300,7.29,U
sz000983,山西焦煤,2025-09-22 14:30:27,7.29,29300,7.29,D
sz000983,山西焦煤,2025-09-22 14:31:42,7.29,53800,7.3,D
sz000983,山西焦煤,2025-09-22 14:31:45,7.29,20200,7.29,D
sz000983,山西焦煤,2025-09-22 14:32:09,7.29,30000,7.3,D
sz000983,山西焦煤,2025-09-22 14:32:27,7.29,25800,7.29,D
sz000983,山西焦煤,2025-09-22 14:32:36,7.3,21900,7.29,U
sz000983,山西焦煤,2025-09-22 14:32:48,7.29,22000,7.28,U
sz000983,山西焦煤,2025-09-22 14:33:21,7.29,56500,7.29,U
sz000983,山西焦煤,2025-09-22 14:33:36,7.31,47900,7.29,U
sz000983,山西焦煤,2025-09-22 14:34:24,7.28,62000,7.28,D
sz000983,山西焦煤,2025-09-22 14:34:33,7.29,30800,7.28,U
sz000983,山西焦煤,2025-09-22 14:34:48,7.29,45000,7.29,U
sz000983,山西焦煤,2025-09-22 14:34:57,7.3,32000,7.29,U
sz000983,山西焦煤,2025-09-22 14:36:21,7.29,22500,7.29,D
sz000983,山西焦煤,2025-09-22 14:36:45,7.29,21800,7.29,D
sz000983,山西焦煤,2025-09-22 14:38:42,7.29,27200,7.29,D
sz000983,山西焦煤,2025-09-22 14:39:15,7.29,195500,7.29,D
sz000983,山西焦煤,2025-09-22 14:39:18,7.28,44000,7.29,D
sz000983,山西焦煤,2025-09-22 14:39:21,7.28,33500,7.28,D
sz000983,山西焦煤,2025-09-22 14:39:24,7.28,25000,7.28,D
sz000983,山西焦煤,2025-09-22 14:39:30,7.28,21300,7.28,D
sz000983,山西焦煤,2025-09-22 14:40:03,7.28,81100,7.28,D
sz000983,山西焦煤,2025-09-22 14:42:30,7.28,31800,7.28,D
sz000983,山西焦煤,2025-09-22 14:43:06,7.29,50000,7.29,U
sz000983,山西焦煤,2025-09-22 14:43:12,7.28,37900,7.29,D
sz000983,山西焦煤,2025-09-22 14:43:27,7.28,55100,7.28,D
sz000983,山西焦煤,2025-09-22 14:43:33,7.28,31400,7.27,D
sz000983,山西焦煤,2025-09-22 14:43:36,7.27,40800,7.28,D
sz000983,山西焦煤,2025-09-22 14:43:39,7.28,29900,7.27,U
sz000983,山西焦煤,2025-09-22 14:43:42,7.27,38400,7.28,D
sz000983,山西焦煤,2025-09-22 14:43:48,7.28,20700,7.27,D
sz000983,山西焦煤,2025-09-22 14:43:54,7.27,87100,7.27,D
sz000983,山西焦煤,2025-09-22 14:43:57,7.28,20600,7.27,E
sz000983,山西焦煤,2025-09-22 14:44:06,7.28,21500,7.28,U
sz000983,山西焦煤,2025-09-22 14:44:27,7.27,67100,7.27,D
sz000983,山西焦煤,2025-09-22 14:44:33,7.27,37000,7.27,D
sz000983,山西焦煤,2025-09-22 14:45:00,7.28,27200,7.28,U
sz000983,山西焦煤,2025-09-22 14:45:15,7.28,55300,7.28,U
sz000983,山西焦煤,2025-09-22 14:45:21,7.27,118700,7.27,D
sz000983,山西焦煤,2025-09-22 14:45:27,7.27,29900,7.27,D
sz000983,山西焦煤,2025-09-22 14:45:45,7.28,28000,7.27,U
sz000983,山西焦煤,2025-09-22 14:46:00,7.27,25000,7.27,D
sz000983,山西焦煤,2025-09-22 14:46:15,7.27,36600,7.28,D
sz000983,山西焦煤,2025-09-22 14:46:27,7.27,47000,7.27,D
sz000983,山西焦煤,2025-09-22 14:46:45,7.27,20900,7.28,D
sz000983,山西焦煤,2025-09-22 14:47:06,7.27,28200,7.27,D
sz000983,山西焦煤,2025-09-22 14:47:12,7.27,20300,7.27,D
sz000983,山西焦煤,2025-09-22 14:47:15,7.27,23600,7.27,D
sz000983,山西焦煤,2025-09-22 14:47:33,7.27,28300,7.27,D
sz000983,山西焦煤,2025-09-22 14:48:30,7.28,30800,7.28,U
sz000983,山西焦煤,2025-09-22 14:48:45,7.28,26700,7.28,U
sz000983,山西焦煤,2025-09-22 14:49:09,7.27,22000,7.28,D
sz000983,山西焦煤,2025-09-22 14:49:39,7.27,44700,7.27,D
sz000983,山西焦煤,2025-09-22 14:50:45,7.28,26800,7.27,U
sz000983,山西焦煤,2025-09-22 14:51:12,7.28,20300,7.28,U
sz000983,山西焦煤,2025-09-22 14:51:18,7.28,24500,7.28,U
sz000983,山西焦煤,2025-09-22 14:51:27,7.27,75300,7.28,D
sz000983,山西焦煤,2025-09-22 14:51:36,7.28,25600,7.28,U
sz000983,山西焦煤,2025-09-22 14:51:45,7.28,26900,7.28,U
sz000983,山西焦煤,2025-09-22 14:52:09,7.29,34700,7.28,U
sz000983,山西焦煤,2025-09-22 14:52:12,7.28,31300,7.29,U
sz000983,山西焦煤,2025-09-22 14:52:21,7.27,20000,7.28,D
sz000983,山西焦煤,2025-09-22 14:52:24,7.27,28000,7.27,D
sz000983,山西焦煤,2025-09-22 14:53:21,7.29,23200,7.29,U
sz000983,山西焦煤,2025-09-22 14:53:51,7.29,38400,7.29,U
sz000983,山西焦煤,2025-09-22 14:54:42,7.29,72400,7.29,U
sz000983,山西焦煤,2025-09-22 14:55:03,7.28,47400,7.29,D
sz000983,山西焦煤,2025-09-22 14:55:27,7.29,31100,7.29,U
sz000983,山西焦煤,2025-09-22 14:55:36,7.29,40500,7.28,U
sz000983,山西焦煤,2025-09-22 14:55:39,7.29,55600,7.29,U
sz000983,山西焦煤,2025-09-22 14:55:51,7.28,40200,7.28,D
sz000983,山西焦煤,2025-09-22 14:55:57,7.28,25700,7.29,D
sz000983,山西焦煤,2025-09-22 14:56:03,7.29,46800,7.29,U
sz000983,山西焦煤,2025-09-22 14:56:06,7.29,27300,7.29,U
sz000983,山西焦煤,2025-09-22 14:56:33,7.29,34800,7.29,U
sz000983,山西焦煤,2025-09-22 14:56:36,7.29,27100,7.29,U
sz000983,山西焦煤,2025-09-22 14:56:45,7.29,22640,7.28,U
sz000983,山西焦煤,2025-09-22 14:56:51,7.29,39400,7.29,D
sz000983,山西焦煤,2025-09-22 15:00:00,7.3,773600,7.29,U
