symbol,name,ticktime,price,volume,prev_price,kind
sz000983,山西焦煤,2025-09-24 09:25:00,7.21,194700,0.0,D
sz000983,山西焦煤,2025-09-24 09:30:00,7.22,94700,7.21,U
sz000983,山西焦煤,2025-09-24 09:30:03,7.2,246000,7.22,D
sz000983,山西焦煤,2025-09-24 09:30:06,7.21,169500,7.2,U
sz000983,山西焦煤,2025-09-24 09:30:09,7.2,96000,7.21,D
sz000983,山西焦煤,2025-09-24 09:30:12,7.2,48800,7.2,D
sz000983,山西焦煤,2025-09-24 09:30:15,7.2,37300,7.2,U
sz000983,山西焦煤,2025-09-24 09:30:30,7.2,40400,7.22,D
sz000983,山西焦煤,2025-09-24 09:30:33,7.21,32300,7.2,D
sz000983,山西焦煤,2025-09-24 09:30:51,7.22,70000,7.22,U
sz000983,山西焦煤,2025-09-24 09:30:54,7.22,39300,7.22,U
sz000983,山西焦煤,2025-09-24 09:31:00,7.2,50100,7.23,D
sz000983,山西焦煤,2025-09-24 09:31:03,7.23,37100,7.2,U
sz000983,山西焦煤,2025-09-24 09:31:06,7.22,25400,7.23,D
sz000983,山西焦煤,2025-09-24 09:31:12,7.24,27800,7.24,U
sz000983,山西焦煤,2025-09-24 09:31:18,7.24,79800,7.24,U
sz000983,山西焦煤,2025-09-24 09:31:24,7.25,132300,7.24,U
sz000983,山西焦煤,2025-09-24 09:31:33,7.24,88700,7.25,D
sz000983,山西焦煤,2025-09-24 09:31:36,7.25,24700,7.24,E
sz000983,山西焦煤,2025-09-24 09:31:48,7.26,29000,7.26,U
sz000983,山西焦煤,2025-09-24 09:31:51,7.26,24700,7.26,U
sz000983,山西焦煤,2025-09-24 09:32:00,7.26,171800,7.26,U
sz000983,山西焦煤,2025-09-24 09:32:03,7.26,72300,7.26,U
sz000983,山西焦煤,2025-09-24 09:32:06,7.26,34700,7.26,D
sz000983,山西焦煤,2025-09-24 09:32:09,7.27,113700,7.26,U
sz000983,山西焦煤,2025-09-24 09:32:18,7.27,96200,7.27,D
sz000983,山西焦煤,2025-09-24 09:32:21,7.27,33700,7.27,U
sz000983,山西焦煤,2025-09-24 09:32:27,7.27,52700,7.27,U
sz000983,山西焦煤,2025-09-24 09:32:30,7.25,229700,7.27,D
sz000983,山西焦煤,2025-09-24 09:32:33,7.25,29500,7.25,U
sz000983,山西焦煤,2025-09-24 09:32:45,7.26,105200,7.26,U
sz000983,山西焦煤,2025-09-24 09:32:51,7.26,66600,7.26,D
sz000983,山西焦煤,2025-09-24 09:32:54,7.26,25400,7.26,D
sz000983,山西焦煤,2025-09-24 09:33:12,7.25,23200,7.25,D
sz000983,山西焦煤,2025-09-24 09:33:15,7.24,51200,7.25,D
sz000983,山西焦煤,2025-09-24 09:33:24,7.23,35200,7.24,D
sz000983,山西焦煤,2025-09-24 09:33:33,7.23,67800,7.25,D
sz000983,山西焦煤,2025-09-24 09:33:42,7.23,33700,7.22,E
sz000983,山西焦煤,2025-09-24 09:33:57,7.23,42000,7.23,U
sz000983,山西焦煤,2025-09-24 09:34:00,7.24,45200,7.23,U
sz000983,山西焦煤,2025-09-24 09:34:03,7.23,35000,7.24,D
sz000983,山西焦煤,2025-09-24 09:34:09,7.23,37800,7.23,U
sz000983,山西焦煤,2025-09-24 09:34:12,7.22,65800,7.23,D
sz000983,山西焦煤,2025-09-24 09:34:30,7.23,31700,7.23,D
sz000983,山西焦煤,2025-09-24 09:34:33,7.22,63600,7.23,D
sz000983,山西焦煤,2025-09-24 09:35:00,7.22,68800,7.22,D
sz000983,山西焦煤,2025-09-24 09:35:12,7.21,23100,7.22,D
sz000983,山西焦煤,2025-09-24 09:35:15,7.21,26800,7.21,D
sz000983,山西焦煤,2025-09-24 09:35:33,7.22,37800,7.22,U
sz000983,山西焦煤,2025-09-24 09:35:39,7.22,21400,7.22,U
sz000983,山西焦煤,2025-09-24 09:35:45,7.21,35700,7.21,D
sz000983,山西焦煤,2025-09-24 09:35:57,7.22,83500,7.21,U
sz000983,山西焦煤,2025-09-24 09:36:03,7.23,26000,7.21,U
sz000983,山西焦煤,2025-09-24 09:36:15,7.24,29700,7.23,U
sz000983,山西焦煤,2025-09-24 09:36:27,7.23,124500,7.23,U
sz000983,山西焦煤,2025-09-24 09:36:33,7.23,30900,7.23,U
sz000983,山西焦煤,2025-09-24 09:36:36,7.22,56200,7.23,D
sz000983,山西焦煤,2025-09-24 09:36:51,7.22,71900,7.22,D
sz000983,山西焦煤,2025-09-24 09:37:00,7.21,22700,7.21,D
sz000983,山西焦煤,2025-09-24 09:37:18,7.22,110500,7.21,U
sz000983,山西焦煤,2025-09-24 09:37:33,7.21,112700,7.22,D
sz000983,山西焦煤,2025-09-24 09:37:45,7.22,349200,7.21,U
sz000983,山西焦煤,2025-09-24 09:37:48,7.21,48300,7.22,D
sz000983,山西焦煤,2025-09-24 09:37:51,7.22,260300,7.21,U
sz000983,山西焦煤,2025-09-24 09:37:54,7.21,145500,7.22,D
sz000983,山西焦煤,2025-09-24 09:37:57,7.21,30200,7.21,U
sz000983,山西焦煤,2025-09-24 09:38:00,7.21,25100,7.21,U
sz000983,山西焦煤,2025-09-24 09:38:03,7.21,28600,7.21,U
sz000983,山西焦煤,2025-09-24 09:38:06,7.21,209300,7.21,U
sz000983,山西焦煤,2025-09-24 09:38:12,7.21,41900,7.21,D
sz000983,山西焦煤,2025-09-24 09:38:15,7.21,30300,7.21,U
sz000983,山西焦煤,2025-09-24 09:38:18,7.2,76200,7.21,D
sz000983,山西焦煤,2025-09-24 09:38:30,7.21,41600,7.21,U
sz000983,山西焦煤,2025-09-24 09:38:51,7.21,80700,7.2,U
sz000983,山西焦煤,2025-09-24 09:38:54,7.21,32500,7.21,D
sz000983,山西焦煤,2025-09-24 09:39:00,7.21,35200,7.2,D
sz000983,山西焦煤,2025-09-24 09:39:03,7.2,55400,7.21,D
sz000983,山西焦煤,2025-09-24 09:39:06,7.21,74200,7.2,U
sz000983,山西焦煤,2025-09-24 09:39:09,7.21,31900,7.21,D
sz000983,山西焦煤,2025-09-24 09:39:12,7.21,20200,7.21,D
sz000983,山西焦煤,2025-09-24 09:39:39,7.22,39200,7.21,U
sz000983,山西焦煤,2025-09-24 09:39:42,7.23,90600,7.22,U
sz000983,山西焦煤,2025-09-24 09:40:06,7.22,28300,7.22,U
sz000983,山西焦煤,2025-09-24 09:40:21,7.22,20800,7.22,U
sz000983,山西焦煤,2025-09-24 09:40:33,7.22,238800,7.21,U
sz000983,山西焦煤,2025-09-24 09:40:39,7.22,43200,7.21,U
sz000983,山西焦煤,2025-09-24 09:40:42,7.22,58300,7.22,U
sz000983,山西焦煤,2025-09-24 09:40:45,7.23,85800,7.22,U
sz000983,山西焦煤,2025-09-24 09:41:06,7.23,28000,7.22,U
sz000983,山西焦煤,2025-09-24 09:41:42,7.23,37700,7.22,U
sz000983,山西焦煤,2025-09-24 09:42:12,7.23,20500,7.23,D
sz000983,山西焦煤,2025-09-24 09:42:18,7.23,37200,7.23,U
sz000983,山西焦煤,2025-09-24 09:42:30,7.22,90400,7.23,D
sz000983,山西焦煤,2025-09-24 09:42:48,7.22,32600,7.22,D
sz000983,山西焦煤,2025-09-24 09:42:54,7.22,72300,7.22,D
sz000983,山西焦煤,2025-09-24 09:42:57,7.22,50300,7.22,D
sz000983,山西焦煤,2025-09-24 09:43:33,7.25,166600,7.23,U
sz000983,山西焦煤,2025-09-24 09:43:51,7.24,209100,7.24,D
sz000983,山西焦煤,2025-09-24 09:44:00,7.24,21700,7.25,D
sz000983,山西焦煤,2025-09-24 09:44:12,7.22,64300,7.23,D
sz000983,山西焦煤,2025-09-24 09:44:39,7.22,22400,7.22,D
sz000983,山西焦煤,2025-09-24 09:44:45,7.23,22900,7.22,U
sz000983,山西焦煤,2025-09-24 09:44:48,7.21,21600,7.23,D
sz000983,山西焦煤,2025-09-24 09:45:03,7.22,90300,7.22,D
sz000983,山西焦煤,2025-09-24 09:45:30,7.23,58400,7.22,U
sz000983,山西焦煤,2025-09-24 09:45:36,7.22,33500,7.23,D
sz000983,山西焦煤,2025-09-24 09:45:39,7.22,23400,7.22,D
sz000983,山西焦煤,2025-09-24 09:45:42,7.24,44800,7.22,U
sz000983,山西焦煤,2025-09-24 09:45:51,7.25,49200,7.24,U
sz000983,山西焦煤,2025-09-24 09:45:54,7.25,23400,7.25,U
sz000983,山西焦煤,2025-09-24 09:45:57,7.24,31300,7.25,D
sz000983,山西焦煤,2025-09-24 09:46:06,7.25,29500,7.24,U
sz000983,山西焦煤,2025-09-24 09:46:09,7.23,25600,7.25,D
sz000983,山西焦煤,2025-09-24 09:46:15,7.25,20400,7.25,U
sz000983,山西焦煤,2025-09-24 09:46:18,7.26,449700,7.25,U
sz000983,山西焦煤,2025-09-24 09:46:21,7.26,240000,7.26,U
sz000983,山西焦煤,2025-09-24 09:46:33,7.25,88600,7.25,D
sz000983,山西焦煤,2025-09-24 09:46:36,7.25,32600,7.25,U
sz000983,山西焦煤,2025-09-24 09:47:03,7.24,52300,7.25,D
sz000983,山西焦煤,2025-09-24 09:47:06,7.24,22700,7.24,D
sz000983,山西焦煤,2025-09-24 09:47:18,7.24,70800,7.24,U
sz000983,山西焦煤,2025-09-24 09:47:21,7.23,23400,7.24,D
sz000983,山西焦煤,2025-09-24 09:47:27,7.24,36700,7.24,U
sz000983,山西焦煤,2025-09-24 09:47:48,7.24,24800,7.24,U
sz000983,山西焦煤,2025-09-24 09:47:54,7.24,20900,7.24,D
sz000983,山西焦煤,2025-09-24 09:47:57,7.24,23900,7.24,U
sz000983,山西焦煤,2025-09-24 09:48:00,7.24,24000,7.24,E
sz000983,山西焦煤,2025-09-24 09:48:12,7.23,80800,7.24,D
sz000983,山西焦煤,2025-09-24 09:48:15,7.25,51600,7.23,U
sz000983,山西焦煤,2025-09-24 09:48:21,7.25,23500,7.25,U
sz000983,山西焦煤,2025-09-24 09:48:30,7.23,20900,7.24,D
sz000983,山西焦煤,2025-09-24 09:48:39,7.23,96600,7.23,D
sz000983,山西焦煤,2025-09-24 09:48:45,7.22,31300,7.24,D
sz000983,山西焦煤,2025-09-24 09:49:03,7.22,65400,7.23,D
sz000983,山西焦煤,2025-09-24 09:49:06,7.23,42900,7.22,E
sz000983,山西焦煤,2025-09-24 09:49:12,7.22,22600,7.22,D
sz000983,山西焦煤,2025-09-24 09:49:18,7.22,256000,7.23,D
sz000983,山西焦煤,2025-09-24 09:49:24,7.22,42600,7.22,U
sz000983,山西焦煤,2025-09-24 09:49:30,7.2,408200,7.22,D
sz000983,山西焦煤,2025-09-24 09:49:42,7.21,37600,7.21,U
sz000983,山西焦煤,2025-09-24 09:49:51,7.2,41200,7.2,D
sz000983,山西焦煤,2025-09-24 09:49:57,7.2,22700,7.2,D
sz000983,山西焦煤,2025-09-24 09:50:00,7.2,48800,7.2,D
sz000983,山西焦煤,2025-09-24 09:50:03,7.2,51200,7.2,D
sz000983,山西焦煤,2025-09-24 09:50:06,7.21,53000,7.2,U
sz000983,山西焦煤,2025-09-24 09:50:09,7.2,40300,7.21,D
sz000983,山西焦煤,2025-09-24 09:50:12,7.21,47900,7.2,U
sz000983,山西焦煤,2025-09-24 09:50:15,7.21,59600,7.21,U
sz000983,山西焦煤,2025-09-24 09:50:21,7.22,36600,7.21,U
sz000983,山西焦煤,2025-09-24 09:50:27,7.21,52100,7.22,D
sz000983,山西焦煤,2025-09-24 09:50:39,7.22,21000,7.21,U
sz000983,山西焦煤,2025-09-24 09:50:42,7.22,21800,7.22,U
sz000983,山西焦煤,2025-09-24 09:50:57,7.2,154900,7.22,D
sz000983,山西焦煤,2025-09-24 09:51:12,7.2,42800,7.2,D
sz000983,山西焦煤,2025-09-24 09:51:15,7.2,157100,7.2,D
sz000983,山西焦煤,2025-09-24 09:51:21,7.2,888500,7.2,D
sz000983,山西焦煤,2025-09-24 09:51:27,7.2,58500,7.19,U
sz000983,山西焦煤,2025-09-24 09:51:30,7.19,149200,7.2,D
sz000983,山西焦煤,2025-09-24 09:51:36,7.19,42400,7.19,U
sz000983,山西焦煤,2025-09-24 09:51:39,7.19,49400,7.19,U
sz000983,山西焦煤,2025-09-24 09:51:42,7.19,104300,7.19,U
sz000983,山西焦煤,2025-09-24 09:51:45,7.19,52600,7.19,U
sz000983,山西焦煤,2025-09-24 09:51:48,7.18,100800,7.19,D
sz000983,山西焦煤,2025-09-24 09:51:51,7.18,27200,7.18,U
sz000983,山西焦煤,2025-09-24 09:51:57,7.19,90400,7.18,U
sz000983,山西焦煤,2025-09-24 09:52:00,7.19,137000,7.19,D
sz000983,山西焦煤,2025-09-24 09:52:09,7.2,45786,7.19,U
sz000983,山西焦煤,2025-09-24 09:52:12,7.2,99400,7.2,U
sz000983,山西焦煤,2025-09-24 09:52:18,7.2,30600,7.2,E
sz000983,山西焦煤,2025-09-24 09:52:54,7.2,80400,7.21,D
sz000983,山西焦煤,2025-09-24 09:53:09,7.21,29000,7.21,U
sz000983,山西焦煤,2025-09-24 09:53:15,7.2,28300,7.2,D
sz000983,山西焦煤,2025-09-24 09:53:24,7.2,20400,7.2,D
sz000983,山西焦煤,2025-09-24 09:53:27,7.2,26800,7.2,D
sz000983,山西焦煤,2025-09-24 09:53:36,7.21,33300,7.2,U
sz000983,山西焦煤,2025-09-24 09:53:42,7.2,27700,7.2,U
sz000983,山西焦煤,2025-09-24 09:53:45,7.19,58600,7.2,D
sz000983,山西焦煤,2025-09-24 09:53:57,7.19,20800,7.2,D
sz000983,山西焦煤,2025-09-24 09:54:03,7.2,26200,7.2,U
sz000983,山西焦煤,2025-09-24 09:54:18,7.2,37900,7.19,U
sz000983,山西焦煤,2025-09-24 09:54:30,7.2,178000,7.19,U
sz000983,山西焦煤,2025-09-24 09:55:03,7.2,31800,7.2,D
sz000983,山西焦煤,2025-09-24 09:55:06,7.2,27000,7.2,D
sz000983,山西焦煤,2025-09-24 09:55:21,7.2,30700,7.21,D
sz000983,山西焦煤,2025-09-24 09:55:27,7.2,25300,7.2,D
sz000983,山西焦煤,2025-09-24 09:55:42,7.21,31200,7.2,U
sz000983,山西焦煤,2025-09-24 09:55:45,7.2,20500,7.21,D
sz000983,山西焦煤,2025-09-24 09:55:51,7.2,21200,7.2,D
sz000983,山西焦煤,2025-09-24 09:56:09,7.2,45900,7.2,D
sz000983,山西焦煤,2025-09-24 09:56:42,7.19,33900,7.19,D
sz000983,山西焦煤,2025-09-24 09:57:00,7.19,27300,7.2,D
sz000983,山西焦煤,2025-09-24 09:57:09,7.2,23100,7.2,U
sz000983,山西焦煤,2025-09-24 09:57:15,7.19,40700,7.19,D
sz000983,山西焦煤,2025-09-24 09:57:18,7.18,335214,7.19,D
sz000983,山西焦煤,2025-09-24 09:57:24,7.19,24400,7.19,U
sz000983,山西焦煤,2025-09-24 09:57:27,7.18,53600,7.19,D
sz000983,山西焦煤,2025-09-24 09:57:30,7.19,103300,7.18,U
sz000983,山西焦煤,2025-09-24 09:57:33,7.18,313600,7.19,D
sz000983,山西焦煤,2025-09-24 09:57:36,7.19,115800,7.18,U
sz000983,山西焦煤,2025-09-24 09:57:42,7.18,68400,7.19,D
sz000983,山西焦煤,2025-09-24 09:57:45,7.19,24500,7.18,U
sz000983,山西焦煤,2025-09-24 09:57:54,7.19,57800,7.19,U
sz000983,山西焦煤,2025-09-24 09:57:57,7.19,58800,7.19,D
sz000983,山西焦煤,2025-09-24 09:58:18,7.19,82600,7.18,U
sz000983,山西焦煤,2025-09-24 09:58:45,7.19,23900,7.2,D
sz000983,山西焦煤,2025-09-24 09:59:03,7.19,30900,7.19,D
sz000983,山西焦煤,2025-09-24 09:59:15,7.2,26900,7.19,U
sz000983,山西焦煤,2025-09-24 09:59:21,7.19,31900,7.2,D
sz000983,山西焦煤,2025-09-24 09:59:45,7.2,46800,7.2,U
sz000983,山西焦煤,2025-09-24 09:59:54,7.19,43800,7.19,D
sz000983,山西焦煤,2025-09-24 10:00:06,7.2,45200,7.2,U
sz000983,山西焦煤,2025-09-24 10:00:12,7.19,23400,7.2,D
sz000983,山西焦煤,2025-09-24 10:00:24,7.19,223100,7.2,D
sz000983,山西焦煤,2025-09-24 10:00:27,7.19,92600,7.19,D
sz000983,山西焦煤,2025-09-24 10:00:39,7.19,20200,7.2,D
sz000983,山西焦煤,2025-09-24 10:00:45,7.19,23300,7.19,D
sz000983,山西焦煤,2025-09-24 10:00:48,7.19,135799,7.19,D
sz000983,山西焦煤,2025-09-24 10:00:57,7.18,21400,7.18,D
sz000983,山西焦煤,2025-09-24 10:01:06,7.18,31600,7.19,D
sz000983,山西焦煤,2025-09-24 10:01:09,7.18,40500,7.18,D
sz000983,山西焦煤,2025-09-24 10:01:12,7.18,34900,7.18,D
sz000983,山西焦煤,2025-09-24 10:01:24,7.19,25500,7.19,U
sz000983,山西焦煤,2025-09-24 10:01:39,7.18,36000,7.19,D
sz000983,山西焦煤,2025-09-24 10:01:42,7.19,280300,7.18,U
sz000983,山西焦煤,2025-09-24 10:02:06,7.18,29400,7.19,D
sz000983,山西焦煤,2025-09-24 10:02:12,7.18,21200,7.18,D
sz000983,山西焦煤,2025-09-24 10:02:18,7.18,36700,7.18,D
sz000983,山西焦煤,2025-09-24 10:02:24,7.19,53500,7.19,U
sz000983,山西焦煤,2025-09-24 10:02:27,7.19,23500,7.19,U
sz000983,山西焦煤,2025-09-24 10:02:48,7.18,24100,7.19,D
sz000983,山西焦煤,2025-09-24 10:02:51,7.18,41700,7.18,D
sz000983,山西焦煤,2025-09-24 10:03:00,7.19,29800,7.19,U
sz000983,山西焦煤,2025-09-24 10:03:03,7.19,220700,7.19,U
sz000983,山西焦煤,2025-09-24 10:03:18,7.2,20100,7.2,U
sz000983,山西焦煤,2025-09-24 10:03:39,7.19,20900,7.2,D
sz000983,山西焦煤,2025-09-24 10:03:42,7.2,20300,7.19,U
sz000983,山西焦煤,2025-09-24 10:03:51,7.2,31800,7.2,U
sz000983,山西焦煤,2025-09-24 10:04:12,7.19,49600,7.2,D
sz000983,山西焦煤,2025-09-24 10:04:24,7.19,30300,7.19,D
sz000983,山西焦煤,2025-09-24 10:04:33,7.19,28900,7.19,D
sz000983,山西焦煤,2025-09-24 10:04:36,7.2,38300,7.19,U
sz000983,山西焦煤,2025-09-24 10:04:51,7.19,64100,7.19,D
sz000983,山西焦煤,2025-09-24 10:04:57,7.2,23700,7.19,U
sz000983,山西焦煤,2025-09-24 10:05:09,7.2,66300,7.19,U
sz000983,山西焦煤,2025-09-24 10:05:12,7.2,53700,7.2,U
sz000983,山西焦煤,2025-09-24 10:05:36,7.2,25300,7.2,U
sz000983,山西焦煤,2025-09-24 10:05:54,7.2,31700,7.2,U
sz000983,山西焦煤,2025-09-24 10:06:09,7.19,25600,7.19,D
sz000983,山西焦煤,2025-09-24 10:06:12,7.19,23900,7.19,D
sz000983,山西焦煤,2025-09-24 10:06:33,7.19,27500,7.2,D
sz000983,山西焦煤,2025-09-24 10:06:51,7.19,28800,7.19,D
sz000983,山西焦煤,2025-09-24 10:06:57,7.19,61400,7.19,D
sz000983,山西焦煤,2025-09-24 10:07:15,7.19,29500,7.19,D
sz000983,山西焦煤,2025-09-24 10:07:18,7.2,27200,7.19,U
sz000983,山西焦煤,2025-09-24 10:07:33,7.19,23000,7.19,U
sz000983,山西焦煤,2025-09-24 10:07:45,7.19,22200,7.19,U
sz000983,山西焦煤,2025-09-24 10:08:18,7.18,28100,7.19,D
sz000983,山西焦煤,2025-09-24 10:08:39,7.18,30700,7.19,D
sz000983,山西焦煤,2025-09-24 10:08:57,7.18,82400,7.19,D
sz000983,山西焦煤,2025-09-24 10:09:09,7.19,51000,7.18,U
sz000983,山西焦煤,2025-09-24 10:09:18,7.18,29000,7.19,D
sz000983,山西焦煤,2025-09-24 10:09:36,7.18,40400,7.18,D
sz000983,山西焦煤,2025-09-24 10:09:57,7.18,51300,7.18,D
sz000983,山西焦煤,2025-09-24 10:10:15,7.18,25300,7.19,D
sz000983,山西焦煤,2025-09-24 10:10:24,7.18,34400,7.19,D
sz000983,山西焦煤,2025-09-24 10:10:30,7.18,35700,7.19,D
sz000983,山西焦煤,2025-09-24 10:10:33,7.19,49400,7.18,U
sz000983,山西焦煤,2025-09-24 10:10:48,7.18,33200,7.19,D
sz000983,山西焦煤,2025-09-24 10:10:51,7.19,39100,7.18,U
sz000983,山西焦煤,2025-09-24 10:11:06,7.18,180100,7.18,D
sz000983,山西焦煤,2025-09-24 10:11:09,7.18,100900,7.18,D
sz000983,山西焦煤,2025-09-24 10:11:12,7.18,454500,7.18,D
sz000983,山西焦煤,2025-09-24 10:11:15,7.17,64800,7.18,D
sz000983,山西焦煤,2025-09-24 10:11:27,7.17,24800,7.18,D
sz000983,山西焦煤,2025-09-24 10:11:30,7.18,30600,7.17,U
sz000983,山西焦煤,2025-09-24 10:11:45,7.18,60800,7.18,U
sz000983,山西焦煤,2025-09-24 10:12:03,7.18,57000,7.18,U
sz000983,山西焦煤,2025-09-24 10:12:09,7.18,141200,7.18,U
sz000983,山西焦煤,2025-09-24 10:12:15,7.18,29500,7.18,U
sz000983,山西焦煤,2025-09-24 10:12:18,7.18,34600,7.18,D
sz000983,山西焦煤,2025-09-24 10:12:33,7.18,26500,7.18,D
sz000983,山西焦煤,2025-09-24 10:12:51,7.18,22500,7.18,D
sz000983,山西焦煤,2025-09-24 10:13:45,7.18,20000,7.18,D
sz000983,山西焦煤,2025-09-24 10:14:00,7.18,28200,7.18,D
sz000983,山西焦煤,2025-09-24 10:14:03,7.18,22100,7.18,D
sz000983,山西焦煤,2025-09-24 10:14:12,7.18,34200,7.18,D
sz000983,山西焦煤,2025-09-24 10:14:18,7.18,21400,7.18,D
sz000983,山西焦煤,2025-09-24 10:14:24,7.18,38400,7.18,D
sz000983,山西焦煤,2025-09-24 10:14:45,7.18,22400,7.18,D
sz000983,山西焦煤,2025-09-24 10:15:06,7.18,47000,7.19,D
sz000983,山西焦煤,2025-09-24 10:15:09,7.18,29800,7.18,D
sz000983,山西焦煤,2025-09-24 10:15:18,7.18,21530,7.19,D
sz000983,山西焦煤,2025-09-24 10:15:36,7.19,41200,7.18,U
sz000983,山西焦煤,2025-09-24 10:15:51,7.18,38900,7.18,D
sz000983,山西焦煤,2025-09-24 10:15:57,7.18,20900,7.18,D
sz000983,山西焦煤,2025-09-24 10:16:03,7.19,29800,7.19,U
sz000983,山西焦煤,2025-09-24 10:16:15,7.2,296000,7.18,U
sz000983,山西焦煤,2025-09-24 10:17:12,7.19,26400,7.19,D
sz000983,山西焦煤,2025-09-24 10:17:15,7.19,24400,7.19,D
sz000983,山西焦煤,2025-09-24 10:17:18,7.2,44800,7.19,U
sz000983,山西焦煤,2025-09-24 10:17:24,7.2,26200,7.19,U
sz000983,山西焦煤,2025-09-24 10:17:39,7.19,23100,7.2,D
sz000983,山西焦煤,2025-09-24 10:18:00,7.19,25100,7.19,D
sz000983,山西焦煤,2025-09-24 10:18:18,7.19,24600,7.19,D
sz000983,山西焦煤,2025-09-24 10:18:42,7.19,24800,7.19,D
sz000983,山西焦煤,2025-09-24 10:19:03,7.19,127900,7.2,D
sz000983,山西焦煤,2025-09-24 10:20:00,7.19,21700,7.19,D
sz000983,山西焦煤,2025-09-24 10:20:09,7.18,21200,7.19,D
sz000983,山西焦煤,2025-09-24 10:21:27,7.18,21100,7.18,D
sz000983,山西焦煤,2025-09-24 10:21:30,7.19,25700,7.18,U
sz000983,山西焦煤,2025-09-24 10:22:09,7.18,415400,7.18,D
sz000983,山西焦煤,2025-09-24 10:22:12,7.18,317900,7.18,D
sz000983,山西焦煤,2025-09-24 10:22:15,7.18,47300,7.18,D
sz000983,山西焦煤,2025-09-24 10:22:18,7.18,67800,7.18,D
sz000983,山西焦煤,2025-09-24 10:22:21,7.18,170700,7.18,D
sz000983,山西焦煤,2025-09-24 10:22:24,7.18,27300,7.18,D
sz000983,山西焦煤,2025-09-24 10:22:27,7.18,40700,7.18,D
sz000983,山西焦煤,2025-09-24 10:22:36,7.18,440470,7.19,D
sz000983,山西焦煤,2025-09-24 10:23:06,7.18,25400,7.18,U
sz000983,山西焦煤,2025-09-24 10:23:18,7.17,33700,7.17,D
sz000983,山西焦煤,2025-09-24 10:23:30,7.18,110900,7.18,U
sz000983,山西焦煤,2025-09-24 10:23:45,7.18,40900,7.17,U
sz000983,山西焦煤,2025-09-24 10:24:00,7.17,100400,7.18,D
sz000983,山西焦煤,2025-09-24 10:24:15,7.18,41500,7.17,U
sz000983,山西焦煤,2025-09-24 10:24:21,7.17,110900,7.18,D
sz000983,山西焦煤,2025-09-24 10:25:18,7.17,146200,7.17,D
sz000983,山西焦煤,2025-09-24 10:25:21,7.18,37300,7.17,U
sz000983,山西焦煤,2025-09-24 10:25:30,7.17,23200,7.17,D
sz000983,山西焦煤,2025-09-24 10:25:54,7.17,146900,7.18,D
sz000983,山西焦煤,2025-09-24 10:26:03,7.17,38900,7.17,D
sz000983,山西焦煤,2025-09-24 10:26:09,7.18,23400,7.17,U
sz000983,山西焦煤,2025-09-24 10:26:21,7.17,25700,7.18,D
sz000983,山西焦煤,2025-09-24 10:26:24,7.17,35400,7.17,D
sz000983,山西焦煤,2025-09-24 10:26:27,7.17,81200,7.17,D
sz000983,山西焦煤,2025-09-24 10:26:30,7.17,33200,7.17,D
sz000983,山西焦煤,2025-09-24 10:26:33,7.17,33400,7.17,D
sz000983,山西焦煤,2025-09-24 10:26:36,7.17,21300,7.17,D
sz000983,山西焦煤,2025-09-24 10:26:45,7.17,25000,7.17,D
sz000983,山西焦煤,2025-09-24 10:26:48,7.17,29600,7.17,D
sz000983,山西焦煤,2025-09-24 10:26:51,7.17,1296300,7.17,D
sz000983,山西焦煤,2025-09-24 10:27:00,7.17,52600,7.17,U
sz000983,山西焦煤,2025-09-24 10:27:09,7.17,76200,7.16,U
sz000983,山西焦煤,2025-09-24 10:27:21,7.17,22400,7.16,U
sz000983,山西焦煤,2025-09-24 10:27:30,7.17,20200,7.16,U
sz000983,山西焦煤,2025-09-24 10:27:33,7.17,219800,7.17,U
sz000983,山西焦煤,2025-09-24 10:27:36,7.17,26500,7.17,D
sz000983,山西焦煤,2025-09-24 10:28:06,7.17,44800,7.16,U
sz000983,山西焦煤,2025-09-24 10:28:09,7.16,23600,7.17,D
sz000983,山西焦煤,2025-09-24 10:28:18,7.17,381300,7.17,U
sz000983,山西焦煤,2025-09-24 10:28:21,7.16,143300,7.17,D
sz000983,山西焦煤,2025-09-24 10:28:24,7.16,23900,7.16,U
sz000983,山西焦煤,2025-09-24 10:28:27,7.15,47900,7.16,D
sz000983,山西焦煤,2025-09-24 10:28:33,7.16,74600,7.16,U
sz000983,山西焦煤,2025-09-24 10:28:42,7.16,342500,7.16,D
sz000983,山西焦煤,2025-09-24 10:28:48,7.16,24700,7.17,D
sz000983,山西焦煤,2025-09-24 10:29:00,7.16,44000,7.17,D
sz000983,山西焦煤,2025-09-24 10:29:21,7.16,45100,7.17,D
sz000983,山西焦煤,2025-09-24 10:29:27,7.16,52700,7.16,D
sz000983,山西焦煤,2025-09-24 10:29:30,7.16,30300,7.16,U
sz000983,山西焦煤,2025-09-24 10:29:45,7.17,100000,7.15,U
sz000983,山西焦煤,2025-09-24 10:30:03,7.16,35400,7.16,D
sz000983,山西焦煤,2025-09-24 10:30:12,7.16,111700,7.16,D
sz000983,山西焦煤,2025-09-24 10:30:27,7.16,27200,7.16,U
sz000983,山西焦煤,2025-09-24 10:30:57,7.16,50400,7.16,U
sz000983,山西焦煤,2025-09-24 10:31:33,7.16,41700,7.15,U
sz000983,山西焦煤,2025-09-24 10:33:15,7.16,22100,7.17,D
sz000983,山西焦煤,2025-09-24 10:33:54,7.16,20800,7.17,D
sz000983,山西焦煤,2025-09-24 10:33:57,7.16,20100,7.16,D
sz000983,山西焦煤,2025-09-24 10:34:18,7.16,40700,7.16,D
sz000983,山西焦煤,2025-09-24 10:35:03,7.17,24500,7.16,U
sz000983,山西焦煤,2025-09-24 10:35:06,7.17,27900,7.17,U
sz000983,山西焦煤,2025-09-24 10:35:18,7.16,20200,7.17,D
sz000983,山西焦煤,2025-09-24 10:35:51,7.16,22800,7.16,D
sz000983,山西焦煤,2025-09-24 10:36:06,7.16,31100,7.17,D
sz000983,山西焦煤,2025-09-24 10:36:09,7.16,25200,7.16,D
sz000983,山西焦煤,2025-09-24 10:36:18,7.16,20000,7.16,D
sz000983,山西焦煤,2025-09-24 10:36:24,7.16,70700,7.16,D
sz000983,山西焦煤,2025-09-24 10:36:54,7.16,58600,7.16,U
sz000983,山西焦煤,2025-09-24 10:36:57,7.15,609300,7.16,D
sz000983,山西焦煤,2025-09-24 10:39:06,7.16,75500,7.16,U
sz000983,山西焦煤,2025-09-24 10:39:24,7.15,32800,7.15,D
sz000983,山西焦煤,2025-09-24 10:39:33,7.16,21500,7.15,U
sz000983,山西焦煤,2025-09-24 10:39:54,7.15,31000,7.16,D
sz000983,山西焦煤,2025-09-24 10:40:12,7.16,90600,7.15,U
sz000983,山西焦煤,2025-09-24 10:40:21,7.16,58300,7.15,U
sz000983,山西焦煤,2025-09-24 10:40:24,7.15,61600,7.16,D
sz000983,山西焦煤,2025-09-24 10:40:27,7.15,21100,7.15,D
sz000983,山西焦煤,2025-09-24 10:40:54,7.15,30100,7.16,D
sz000983,山西焦煤,2025-09-24 10:41:18,7.15,28800,7.15,D
sz000983,山西焦煤,2025-09-24 10:41:21,7.16,37400,7.15,U
sz000983,山西焦煤,2025-09-24 10:41:36,7.14,46900,7.14,D
sz000983,山西焦煤,2025-09-24 10:42:15,7.14,61400,7.14,D
sz000983,山西焦煤,2025-09-24 10:42:39,7.15,43300,7.15,U
sz000983,山西焦煤,2025-09-24 10:42:54,7.14,36500,7.15,D
sz000983,山西焦煤,2025-09-24 10:43:00,7.14,28200,7.14,D
sz000983,山西焦煤,2025-09-24 10:43:03,7.14,29200,7.14,D
sz000983,山西焦煤,2025-09-24 10:43:12,7.14,54900,7.15,D
sz000983,山西焦煤,2025-09-24 10:43:15,7.14,35000,7.14,D
sz000983,山西焦煤,2025-09-24 10:43:48,7.14,51400,7.14,D
sz000983,山西焦煤,2025-09-24 10:44:00,7.13,703990,7.14,D
sz000983,山西焦煤,2025-09-24 10:44:15,7.14,35500,7.14,U
sz000983,山西焦煤,2025-09-24 10:44:18,7.13,50000,7.14,D
sz000983,山西焦煤,2025-09-24 10:44:30,7.13,75100,7.13,D
sz000983,山西焦煤,2025-09-24 10:44:36,7.13,31700,7.14,D
sz000983,山西焦煤,2025-09-24 10:44:39,7.13,55500,7.13,D
sz000983,山西焦煤,2025-09-24 10:44:48,7.14,60600,7.13,U
sz000983,山西焦煤,2025-09-24 10:44:51,7.14,22500,7.14,U
sz000983,山西焦煤,2025-09-24 10:45:00,7.13,62400,7.13,D
sz000983,山西焦煤,2025-09-24 10:45:03,7.13,232600,7.13,D
sz000983,山西焦煤,2025-09-24 10:45:09,7.12,66200,7.13,D
sz000983,山西焦煤,2025-09-24 10:45:12,7.13,76600,7.12,D
sz000983,山西焦煤,2025-09-24 10:45:24,7.13,21600,7.13,D
sz000983,山西焦煤,2025-09-24 10:45:30,7.13,53700,7.13,D
sz000983,山西焦煤,2025-09-24 10:45:33,7.13,21200,7.13,D
sz000983,山西焦煤,2025-09-24 10:45:39,7.13,62600,7.13,D
sz000983,山西焦煤,2025-09-24 10:45:42,7.13,53900,7.13,D
sz000983,山西焦煤,2025-09-24 10:45:48,7.13,86800,7.13,D
sz000983,山西焦煤,2025-09-24 10:45:51,7.13,39500,7.13,D
sz000983,山西焦煤,2025-09-24 10:45:57,7.13,91800,7.13,D
sz000983,山西焦煤,2025-09-24 10:46:06,7.14,50700,7.14,U
sz000983,山西焦煤,2025-09-24 10:46:09,7.13,211300,7.14,D
sz000983,山西焦煤,2025-09-24 10:46:15,7.14,74200,7.13,U
sz000983,山西焦煤,2025-09-24 10:46:21,7.13,73100,7.14,D
sz000983,山西焦煤,2025-09-24 10:46:30,7.14,25000,7.13,U
sz000983,山西焦煤,2025-09-24 10:47:03,7.14,129583,7.13,U
sz000983,山西焦煤,2025-09-24 10:47:42,7.15,117800,7.15,U
sz000983,山西焦煤,2025-09-24 10:48:00,7.15,20100,7.15,U
sz000983,山西焦煤,2025-09-24 10:48:27,7.15,33200,7.14,U
sz000983,山西焦煤,2025-09-24 10:48:42,7.15,49913,7.14,U
sz000983,山西焦煤,2025-09-24 10:48:48,7.16,39800,7.16,U
sz000983,山西焦煤,2025-09-24 10:49:03,7.16,65000,7.16,U
sz000983,山西焦煤,2025-09-24 10:49:18,7.16,20900,7.16,U
sz000983,山西焦煤,2025-09-24 10:50:03,7.16,75000,7.16,U
sz000983,山西焦煤,2025-09-24 10:50:12,7.16,74800,7.16,D
sz000983,山西焦煤,2025-09-24 10:52:09,7.16,65600,7.17,D
sz000983,山西焦煤,2025-09-24 10:53:36,7.17,158700,7.17,U
sz000983,山西焦煤,2025-09-24 10:54:09,7.17,85100,7.18,D
sz000983,山西焦煤,2025-09-24 10:54:21,7.18,170430,7.17,U
sz000983,山西焦煤,2025-09-24 10:54:24,7.17,106470,7.18,D
sz000983,山西焦煤,2025-09-24 10:54:51,7.18,31000,7.18,U
sz000983,山西焦煤,2025-09-24 10:56:03,7.18,74800,7.18,U
sz000983,山西焦煤,2025-09-24 10:56:48,7.19,39900,7.19,U
sz000983,山西焦煤,2025-09-24 10:57:09,7.18,20800,7.18,D
sz000983,山西焦煤,2025-09-24 10:57:30,7.18,126800,7.18,D
sz000983,山西焦煤,2025-09-24 10:58:18,7.18,135500,7.18,U
sz000983,山西焦煤,2025-09-24 11:00:03,7.19,101200,7.19,U
sz000983,山西焦煤,2025-09-24 11:00:12,7.19,57600,7.19,U
sz000983,山西焦煤,2025-09-24 11:00:48,7.18,285700,7.18,D
sz000983,山西焦煤,2025-09-24 11:01:03,7.18,63000,7.18,U
sz000983,山西焦煤,2025-09-24 11:01:33,7.17,24100,7.17,D
sz000983,山西焦煤,2025-09-24 11:02:48,7.18,126900,7.17,U
sz000983,山西焦煤,2025-09-24 11:03:36,7.18,20500,7.18,D
sz000983,山西焦煤,2025-09-24 11:04:27,7.18,64600,7.18,D
sz000983,山西焦煤,2025-09-24 11:05:24,7.17,45300,7.18,D
sz000983,山西焦煤,2025-09-24 11:06:30,7.17,48000,7.18,D
sz000983,山西焦煤,2025-09-24 11:07:00,7.16,76100,7.16,D
sz000983,山西焦煤,2025-09-24 11:07:15,7.17,32700,7.17,U
sz000983,山西焦煤,2025-09-24 11:08:15,7.16,31100,7.17,D
sz000983,山西焦煤,2025-09-24 11:08:51,7.17,34200,7.17,U
sz000983,山西焦煤,2025-09-24 11:08:57,7.17,30000,7.17,D
sz000983,山西焦煤,2025-09-24 11:09:21,7.18,22700,7.18,U
sz000983,山西焦煤,2025-09-24 11:10:03,7.18,31000,7.17,U
sz000983,山西焦煤,2025-09-24 11:11:30,7.18,33200,7.17,U
sz000983,山西焦煤,2025-09-24 11:11:51,7.17,25600,7.18,D
sz000983,山西焦煤,2025-09-24 11:14:33,7.16,63100,7.17,D
sz000983,山西焦煤,2025-09-24 11:15:00,7.16,22800,7.17,D
sz000983,山西焦煤,2025-09-24 11:15:33,7.17,24600,7.17,U
sz000983,山西焦煤,2025-09-24 11:16:03,7.17,295300,7.16,U
sz000983,山西焦煤,2025-09-24 11:17:30,7.17,41200,7.17,D
sz000983,山西焦煤,2025-09-24 11:17:42,7.17,20000,7.17,D
sz000983,山西焦煤,2025-09-24 11:18:36,7.17,100100,7.18,D
sz000983,山西焦煤,2025-09-24 11:21:39,7.17,125100,7.17,D
sz000983,山西焦煤,2025-09-24 11:23:51,7.17,48600,7.17,U
sz000983,山西焦煤,2025-09-24 11:24:48,7.16,25000,7.18,D
sz000983,山西焦煤,2025-09-24 11:25:03,7.17,89900,7.18,E
sz000983,山西焦煤,2025-09-24 11:25:30,7.16,23300,7.17,D
sz000983,山西焦煤,2025-09-24 11:27:15,7.16,30500,7.17,D
sz000983,山西焦煤,2025-09-24 11:28:06,7.17,100100,7.17,U
sz000983,山西焦煤,2025-09-24 11:28:18,7.18,20200,7.17,U
sz000983,山西焦煤,2025-09-24 13:00:00,7.18,153769,7.17,U
sz000983,山西焦煤,2025-09-24 13:00:03,7.17,193900,7.18,D
sz000983,山西焦煤,2025-09-24 13:00:21,7.17,21900,7.17,D
sz000983,山西焦煤,2025-09-24 13:00:48,7.17,49200,7.17,D
sz000983,山西焦煤,2025-09-24 13:00:57,7.17,45500,7.17,D
sz000983,山西焦煤,2025-09-24 13:01:00,7.17,105831,7.17,D
sz000983,山西焦煤,2025-09-24 13:01:27,7.17,37969,7.17,U
sz000983,山西焦煤,2025-09-24 13:01:45,7.18,56000,7.18,U
sz000983,山西焦煤,2025-09-24 13:01:48,7.18,29600,7.18,U
sz000983,山西焦煤,2025-09-24 13:02:15,7.17,54200,7.18,D
sz000983,山西焦煤,2025-09-24 13:02:18,7.18,21600,7.17,U
sz000983,山西焦煤,2025-09-24 13:02:36,7.17,21900,7.17,D
sz000983,山西焦煤,2025-09-24 13:03:09,7.17,50000,7.17,D
sz000983,山西焦煤,2025-09-24 13:03:33,7.17,51800,7.18,D
sz000983,山西焦煤,2025-09-24 13:03:36,7.17,38400,7.17,D
sz000983,山西焦煤,2025-09-24 13:03:48,7.18,45900,7.17,U
sz000983,山西焦煤,2025-09-24 13:04:24,7.17,23000,7.17,D
sz000983,山西焦煤,2025-09-24 13:05:06,7.18,29000,7.18,U
sz000983,山西焦煤,2025-09-24 13:05:42,7.18,21400,7.18,U
sz000983,山西焦煤,2025-09-24 13:05:51,7.17,83400,7.17,D
sz000983,山西焦煤,2025-09-24 13:06:39,7.18,39200,7.18,U
sz000983,山西焦煤,2025-09-24 13:06:45,7.18,579000,7.18,U
sz000983,山西焦煤,2025-09-24 13:06:48,7.18,26600,7.18,D
sz000983,山西焦煤,2025-09-24 13:07:24,7.19,46000,7.19,U
sz000983,山西焦煤,2025-09-24 13:08:03,7.19,38900,7.19,U
sz000983,山西焦煤,2025-09-24 13:11:33,7.19,33200,7.19,U
sz000983,山西焦煤,2025-09-24 13:11:36,7.19,101800,7.19,U
sz000983,山西焦煤,2025-09-24 13:11:51,7.18,31300,7.18,D
sz000983,山西焦煤,2025-09-24 13:12:03,7.19,32500,7.18,U
sz000983,山西焦煤,2025-09-24 13:12:06,7.19,54900,7.19,U
sz000983,山西焦煤,2025-09-24 13:12:15,7.19,34900,7.19,U
sz000983,山西焦煤,2025-09-24 13:12:57,7.18,22300,7.18,D
sz000983,山西焦煤,2025-09-24 13:15:30,7.18,27300,7.18,D
sz000983,山西焦煤,2025-09-24 13:15:33,7.18,54400,7.18,D
sz000983,山西焦煤,2025-09-24 13:15:48,7.18,61400,7.19,D
sz000983,山西焦煤,2025-09-24 13:15:51,7.18,26200,7.18,U
sz000983,山西焦煤,2025-09-24 13:16:00,7.18,22200,7.17,U
sz000983,山西焦煤,2025-09-24 13:16:09,7.17,29300,7.17,D
sz000983,山西焦煤,2025-09-24 13:16:54,7.18,66600,7.18,U
sz000983,山西焦煤,2025-09-24 13:16:57,7.18,137200,7.18,U
sz000983,山西焦煤,2025-09-24 13:17:00,7.18,20700,7.18,D
sz000983,山西焦煤,2025-09-24 13:17:09,7.18,42600,7.18,D
sz000983,山西焦煤,2025-09-24 13:17:18,7.17,31900,7.18,D
sz000983,山西焦煤,2025-09-24 13:17:30,7.17,27900,7.18,D
sz000983,山西焦煤,2025-09-24 13:17:45,7.17,20400,7.18,D
sz000983,山西焦煤,2025-09-24 13:17:57,7.18,53900,7.17,U
sz000983,山西焦煤,2025-09-24 13:19:00,7.18,64700,7.18,D
sz000983,山西焦煤,2025-09-24 13:19:09,7.18,24500,7.18,U
sz000983,山西焦煤,2025-09-24 13:20:12,7.18,26400,7.17,U
sz000983,山西焦煤,2025-09-24 13:20:54,7.17,30200,7.18,D
sz000983,山西焦煤,2025-09-24 13:21:48,7.18,31500,7.17,U
sz000983,山西焦煤,2025-09-24 13:21:57,7.17,23200,7.17,D
sz000983,山西焦煤,2025-09-24 13:22:00,7.18,62000,7.17,U
sz000983,山西焦煤,2025-09-24 13:22:33,7.17,124100,7.17,D
sz000983,山西焦煤,2025-09-24 13:22:36,7.17,30000,7.17,D
sz000983,山西焦煤,2025-09-24 13:22:45,7.16,26200,7.17,D
sz000983,山西焦煤,2025-09-24 13:22:57,7.17,25500,7.17,U
sz000983,山西焦煤,2025-09-24 13:23:15,7.17,25000,7.16,U
sz000983,山西焦煤,2025-09-24 13:23:27,7.17,35700,7.17,U
sz000983,山西焦煤,2025-09-24 13:23:42,7.18,107200,7.17,U
sz000983,山西焦煤,2025-09-24 13:23:45,7.17,35800,7.18,D
sz000983,山西焦煤,2025-09-24 13:23:57,7.17,26200,7.17,D
sz000983,山西焦煤,2025-09-24 13:24:06,7.17,50300,7.18,D
sz000983,山西焦煤,2025-09-24 13:24:24,7.17,22600,7.17,D
sz000983,山西焦煤,2025-09-24 13:25:57,7.17,50000,7.17,D
sz000983,山西焦煤,2025-09-24 13:26:03,7.17,73300,7.17,D
sz000983,山西焦煤,2025-09-24 13:26:09,7.17,71600,7.17,D
sz000983,山西焦煤,2025-09-24 13:26:12,7.17,30400,7.17,D
sz000983,山西焦煤,2025-09-24 13:26:21,7.16,40100,7.17,D
sz000983,山西焦煤,2025-09-24 13:26:27,7.17,22000,7.17,U
sz000983,山西焦煤,2025-09-24 13:27:33,7.17,31400,7.17,U
sz000983,山西焦煤,2025-09-24 13:27:45,7.17,48700,7.16,U
sz000983,山西焦煤,2025-09-24 13:28:18,7.17,52200,7.16,U
sz000983,山西焦煤,2025-09-24 13:28:21,7.17,34300,7.17,U
sz000983,山西焦煤,2025-09-24 13:28:24,7.17,119100,7.17,U
sz000983,山西焦煤,2025-09-24 13:28:30,7.17,22800,7.17,D
sz000983,山西焦煤,2025-09-24 13:28:33,7.18,29000,7.17,U
sz000983,山西焦煤,2025-09-24 13:28:48,7.17,35000,7.17,D
sz000983,山西焦煤,2025-09-24 13:29:09,7.18,21800,7.17,U
sz000983,山西焦煤,2025-09-24 13:29:27,7.17,47500,7.17,D
sz000983,山西焦煤,2025-09-24 13:29:33,7.17,24900,7.18,E
sz000983,山西焦煤,2025-09-24 13:30:00,7.17,22100,7.17,D
sz000983,山西焦煤,2025-09-24 13:30:45,7.18,52100,7.17,U
sz000983,山西焦煤,2025-09-24 13:30:51,7.17,238200,7.17,D
sz000983,山西焦煤,2025-09-24 13:30:54,7.17,74100,7.17,D
sz000983,山西焦煤,2025-09-24 13:31:45,7.17,100200,7.18,D
sz000983,山西焦煤,2025-09-24 13:32:48,7.17,20800,7.17,D
sz000983,山西焦煤,2025-09-24 13:33:39,7.19,108200,7.18,U
sz000983,山西焦煤,2025-09-24 13:33:45,7.19,26700,7.18,U
sz000983,山西焦煤,2025-09-24 13:33:48,7.18,21500,7.19,D
sz000983,山西焦煤,2025-09-24 13:34:03,7.18,31100,7.19,D
sz000983,山西焦煤,2025-09-24 13:37:00,7.18,22500,7.18,D
sz000983,山西焦煤,2025-09-24 13:37:27,7.18,21300,7.19,D
sz000983,山西焦煤,2025-09-24 13:37:42,7.19,22400,7.19,U
sz000983,山西焦煤,2025-09-24 13:38:18,7.18,20800,7.18,D
sz000983,山西焦煤,2025-09-24 13:39:15,7.19,31500,7.18,U
sz000983,山西焦煤,2025-09-24 13:40:24,7.19,84900,7.18,U
sz000983,山西焦煤,2025-09-24 13:40:27,7.18,33100,7.19,D
sz000983,山西焦煤,2025-09-24 13:40:42,7.18,30000,7.19,D
sz000983,山西焦煤,2025-09-24 13:41:12,7.19,27000,7.19,U
sz000983,山西焦煤,2025-09-24 13:42:18,7.19,22400,7.19,D
sz000983,山西焦煤,2025-09-24 13:42:39,7.18,41200,7.19,D
sz000983,山西焦煤,2025-09-24 13:42:54,7.19,33100,7.18,U
sz000983,山西焦煤,2025-09-24 13:44:18,7.19,23200,7.19,D
sz000983,山西焦煤,2025-09-24 13:44:24,7.19,43400,7.2,D
sz000983,山西焦煤,2025-09-24 13:44:45,7.19,38400,7.2,D
sz000983,山西焦煤,2025-09-24 13:45:06,7.18,63500,7.19,D
sz000983,山西焦煤,2025-09-24 13:45:36,7.2,68100,7.2,U
sz000983,山西焦煤,2025-09-24 13:45:51,7.2,348800,7.19,U
sz000983,山西焦煤,2025-09-24 13:46:06,7.21,73500,7.21,U
sz000983,山西焦煤,2025-09-24 13:46:09,7.21,20400,7.21,U
sz000983,山西焦煤,2025-09-24 13:46:15,7.21,22600,7.21,U
sz000983,山西焦煤,2025-09-24 13:46:21,7.21,49100,7.21,U
sz000983,山西焦煤,2025-09-24 13:47:03,7.22,229000,7.22,U
sz000983,山西焦煤,2025-09-24 13:47:06,7.22,43200,7.22,U
sz000983,山西焦煤,2025-09-24 13:47:09,7.22,29600,7.22,U
sz000983,山西焦煤,2025-09-24 13:47:54,7.21,104000,7.22,D
sz000983,山西焦煤,2025-09-24 13:48:09,7.21,31500,7.21,U
sz000983,山西焦煤,2025-09-24 13:48:54,7.21,214500,7.21,D
sz000983,山西焦煤,2025-09-24 13:49:03,7.22,65500,7.22,D
sz000983,山西焦煤,2025-09-24 13:49:06,7.21,32100,7.22,D
sz000983,山西焦煤,2025-09-24 13:49:18,7.22,21100,7.22,U
sz000983,山西焦煤,2025-09-24 13:49:48,7.23,27900,7.22,U
sz000983,山西焦煤,2025-09-24 13:49:57,7.22,24300,7.22,D
sz000983,山西焦煤,2025-09-24 13:50:00,7.22,134700,7.22,D
sz000983,山西焦煤,2025-09-24 13:50:12,7.23,64800,7.23,U
sz000983,山西焦煤,2025-09-24 13:50:15,7.23,50200,7.23,D
sz000983,山西焦煤,2025-09-24 13:50:33,7.24,55300,7.23,U
sz000983,山西焦煤,2025-09-24 13:51:06,7.23,101800,7.23,U
sz000983,山西焦煤,2025-09-24 13:52:24,7.22,69300,7.23,D
sz000983,山西焦煤,2025-09-24 13:52:42,7.22,53000,7.23,D
sz000983,山西焦煤,2025-09-24 13:53:51,7.22,53800,7.22,D
sz000983,山西焦煤,2025-09-24 13:53:57,7.22,76400,7.22,D
sz000983,山西焦煤,2025-09-24 13:54:39,7.23,31000,7.23,U
sz000983,山西焦煤,2025-09-24 13:54:51,7.23,20600,7.22,U
sz000983,山西焦煤,2025-09-24 13:55:06,7.22,39000,7.23,D
sz000983,山西焦煤,2025-09-24 13:55:09,7.23,21800,7.22,U
sz000983,山西焦煤,2025-09-24 13:55:39,7.23,42800,7.23,U
sz000983,山西焦煤,2025-09-24 13:55:45,7.22,48700,7.23,D
sz000983,山西焦煤,2025-09-24 13:55:51,7.22,33200,7.23,D
sz000983,山西焦煤,2025-09-24 13:56:09,7.23,70000,7.23,U
sz000983,山西焦煤,2025-09-24 13:56:24,7.22,84900,7.22,D
sz000983,山西焦煤,2025-09-24 13:56:27,7.22,56700,7.22,D
sz000983,山西焦煤,2025-09-24 13:56:54,7.21,29300,7.22,D
sz000983,山西焦煤,2025-09-24 13:57:06,7.22,25100,7.21,U
sz000983,山西焦煤,2025-09-24 13:57:18,7.22,78400,7.21,U
sz000983,山西焦煤,2025-09-24 13:58:15,7.22,34200,7.22,D
sz000983,山西焦煤,2025-09-24 13:58:42,7.21,347400,7.22,D
sz000983,山西焦煤,2025-09-24 13:59:03,7.21,27300,7.22,D
sz000983,山西焦煤,2025-09-24 13:59:15,7.21,923800,7.2,U
sz000983,山西焦煤,2025-09-24 13:59:18,7.2,995200,7.21,D
sz000983,山西焦煤,2025-09-24 13:59:21,7.19,44300,7.2,D
sz000983,山西焦煤,2025-09-24 13:59:33,7.21,31100,7.2,U
sz000983,山西焦煤,2025-09-24 13:59:39,7.21,20000,7.19,U
sz000983,山西焦煤,2025-09-24 14:00:03,7.2,113900,7.2,D
sz000983,山西焦煤,2025-09-24 14:00:06,7.22,30100,7.2,U
sz000983,山西焦煤,2025-09-24 14:00:39,7.22,84500,7.22,U
sz000983,山西焦煤,2025-09-24 14:02:36,7.22,101600,7.22,U
sz000983,山西焦煤,2025-09-24 14:02:42,7.22,47700,7.22,D
sz000983,山西焦煤,2025-09-24 14:02:48,7.22,131700,7.23,D
sz000983,山西焦煤,2025-09-24 14:03:03,7.21,43200,7.21,D
sz000983,山西焦煤,2025-09-24 14:04:06,7.22,29600,7.21,U
sz000983,山西焦煤,2025-09-24 14:04:12,7.21,20000,7.21,D
sz000983,山西焦煤,2025-09-24 14:04:45,7.21,25000,7.21,D
sz000983,山西焦煤,2025-09-24 14:05:06,7.2,41200,7.21,D
sz000983,山西焦煤,2025-09-24 14:05:54,7.21,27200,7.22,D
sz000983,山西焦煤,2025-09-24 14:06:09,7.22,58000,7.21,U
sz000983,山西焦煤,2025-09-24 14:06:21,7.2,34759,7.21,D
sz000983,山西焦煤,2025-09-24 14:06:54,7.21,55700,7.22,D
sz000983,山西焦煤,2025-09-24 14:07:18,7.21,52800,7.21,U
sz000983,山西焦煤,2025-09-24 14:07:42,7.21,30100,7.22,D
sz000983,山西焦煤,2025-09-24 14:09:33,7.21,46900,7.21,D
sz000983,山西焦煤,2025-09-24 14:10:06,7.2,33500,7.2,D
sz000983,山西焦煤,2025-09-24 14:11:51,7.2,20300,7.2,D
sz000983,山西焦煤,2025-09-24 14:12:18,7.2,136900,7.2,D
sz000983,山西焦煤,2025-09-24 14:13:06,7.2,152600,7.2,U
sz000983,山西焦煤,2025-09-24 14:14:27,7.21,30100,7.21,U
sz000983,山西焦煤,2025-09-24 14:14:39,7.21,100600,7.21,U
sz000983,山西焦煤,2025-09-24 14:14:57,7.21,105900,7.21,U
sz000983,山西焦煤,2025-09-24 14:15:00,7.21,25800,7.21,D
sz000983,山西焦煤,2025-09-24 14:15:42,7.21,45800,7.21,D
sz000983,山西焦煤,2025-09-24 14:15:57,7.22,32000,7.21,U
sz000983,山西焦煤,2025-09-24 14:16:00,7.22,142300,7.22,U
sz000983,山西焦煤,2025-09-24 14:16:03,7.23,136900,7.22,U
sz000983,山西焦煤,2025-09-24 14:16:09,7.25,819400,7.22,U
sz000983,山西焦煤,2025-09-24 14:16:48,7.24,21600,7.24,U
sz000983,山西焦煤,2025-09-24 14:17:39,7.24,25100,7.24,D
sz000983,山西焦煤,2025-09-24 14:17:42,7.25,200200,7.24,U
sz000983,山西焦煤,2025-09-24 14:17:48,7.24,23500,7.25,D
sz000983,山西焦煤,2025-09-24 14:17:51,7.25,37100,7.24,U
sz000983,山西焦煤,2025-09-24 14:17:57,7.25,53000,7.24,U
sz000983,山西焦煤,2025-09-24 14:18:06,7.26,307930,7.25,U
sz000983,山西焦煤,2025-09-24 14:18:09,7.26,35000,7.26,U
sz000983,山西焦煤,2025-09-24 14:18:21,7.25,22700,7.26,D
sz000983,山西焦煤,2025-09-24 14:18:24,7.25,69200,7.25,D
sz000983,山西焦煤,2025-09-24 14:18:42,7.26,20000,7.26,U
sz000983,山西焦煤,2025-09-24 14:19:06,7.25,103800,7.26,D
sz000983,山西焦煤,2025-09-24 14:19:21,7.25,22100,7.25,U
sz000983,山西焦煤,2025-09-24 14:19:48,7.24,22200,7.25,D
sz000983,山西焦煤,2025-09-24 14:20:42,7.25,43700,7.24,U
sz000983,山西焦煤,2025-09-24 14:22:09,7.24,51470,7.25,D
sz000983,山西焦煤,2025-09-24 14:23:57,7.23,54900,7.24,D
sz000983,山西焦煤,2025-09-24 14:24:42,7.24,26500,7.24,U
sz000983,山西焦煤,2025-09-24 14:25:33,7.24,28500,7.24,U
sz000983,山西焦煤,2025-09-24 14:26:06,7.23,66100,7.24,D
sz000983,山西焦煤,2025-09-24 14:26:42,7.22,20000,7.23,D
sz000983,山西焦煤,2025-09-24 14:28:21,7.23,40100,7.23,U
sz000983,山西焦煤,2025-09-24 14:28:24,7.23,24600,7.23,U
sz000983,山西焦煤,2025-09-24 14:28:27,7.23,31200,7.23,U
sz000983,山西焦煤,2025-09-24 14:30:33,7.23,28000,7.24,D
sz000983,山西焦煤,2025-09-24 14:31:48,7.23,38000,7.22,U
sz000983,山西焦煤,2025-09-24 14:32:51,7.23,20100,7.22,U
sz000983,山西焦煤,2025-09-24 14:33:06,7.23,66400,7.23,U
sz000983,山西焦煤,2025-09-24 14:34:54,7.23,60000,7.23,D
sz000983,山西焦煤,2025-09-24 14:35:09,7.23,21700,7.23,D
sz000983,山西焦煤,2025-09-24 14:36:39,7.24,21200,7.23,U
sz000983,山西焦煤,2025-09-24 14:40:33,7.24,24800,7.23,U
sz000983,山西焦煤,2025-09-24 14:40:48,7.24,21800,7.24,U
sz000983,山西焦煤,2025-09-24 14:41:12,7.23,49300,7.23,D
sz000983,山西焦煤,2025-09-24 14:42:15,7.24,57400,7.24,U
sz000983,山西焦煤,2025-09-24 14:42:45,7.24,428800,7.23,U
sz000983,山西焦煤,2025-09-24 14:42:48,7.24,85900,7.24,U
sz000983,山西焦煤,2025-09-24 14:42:51,7.24,80300,7.24,D
sz000983,山西焦煤,2025-09-24 14:43:57,7.24,52300,7.25,D
sz000983,山西焦煤,2025-09-24 14:44:03,7.24,58100,7.25,D
sz000983,山西焦煤,2025-09-24 14:44:21,7.24,31000,7.25,D
sz000983,山西焦煤,2025-09-24 14:44:33,7.24,42800,7.24,D
sz000983,山西焦煤,2025-09-24 14:45:00,7.23,33400,7.24,D
sz000983,山西焦煤,2025-09-24 14:45:21,7.24,40400,7.24,D
sz000983,山西焦煤,2025-09-24 14:45:36,7.24,28000,7.25,E
sz000983,山西焦煤,2025-09-24 14:45:45,7.23,189600,7.24,D
sz000983,山西焦煤,2025-09-24 14:45:51,7.24,51500,7.24,U
sz000983,山西焦煤,2025-09-24 14:46:33,7.25,23900,7.23,U
sz000983,山西焦煤,2025-09-24 14:48:00,7.24,74700,7.24,D
sz000983,山西焦煤,2025-09-24 14:48:03,7.24,29700,7.24,D
sz000983,山西焦煤,2025-09-24 14:48:06,7.25,48600,7.24,U
sz000983,山西焦煤,2025-09-24 14:48:48,7.24,24900,7.24,D
sz000983,山西焦煤,2025-09-24 14:49:00,7.24,23700,7.25,D
sz000983,山西焦煤,2025-09-24 14:49:27,7.25,26400,7.25,U
sz000983,山西焦煤,2025-09-24 14:49:39,7.24,367730,7.24,D
sz000983,山西焦煤,2025-09-24 14:50:03,7.24,113500,7.23,U
sz000983,山西焦煤,2025-09-24 14:50:12,7.24,58400,7.24,U
sz000983,山西焦煤,2025-09-24 14:50:27,7.24,29900,7.24,D
sz000983,山西焦煤,2025-09-24 14:50:39,7.24,29400,7.24,D
sz000983,山西焦煤,2025-09-24 14:50:51,7.24,39200,7.24,D
sz000983,山西焦煤,2025-09-24 14:51:12,7.24,199800,7.24,U
sz000983,山西焦煤,2025-09-24 14:52:21,7.24,30000,7.24,U
sz000983,山西焦煤,2025-09-24 14:52:33,7.23,32000,7.23,D
sz000983,山西焦煤,2025-09-24 14:53:12,7.23,23000,7.24,D
sz000983,山西焦煤,2025-09-24 14:53:39,7.23,21400,7.24,D
sz000983,山西焦煤,2025-09-24 14:53:42,7.23,101100,7.23,D
sz000983,山西焦煤,2025-09-24 14:54:24,7.23,28000,7.24,D
sz000983,山西焦煤,2025-09-24 14:54:48,7.24,192800,7.23,U
sz000983,山西焦煤,2025-09-24 14:54:51,7.24,40900,7.24,U
sz000983,山西焦煤,2025-09-24 14:55:09,7.23,21400,7.24,D
sz000983,山西焦煤,2025-09-24 14:55:18,7.24,23000,7.24,D
sz000983,山西焦煤,2025-09-24 14:55:24,7.23,120910,7.24,D
sz000983,山西焦煤,2025-09-24 14:55:27,7.23,491730,7.23,D
sz000983,山西焦煤,2025-09-24 14:55:33,7.24,22700,7.23,U
sz000983,山西焦煤,2025-09-24 14:56:06,7.23,21300,7.24,D
sz000983,山西焦煤,2025-09-24 14:56:09,7.23,61900,7.23,D
sz000983,山西焦煤,2025-09-24 14:56:39,7.24,21400,7.23,U
sz000983,山西焦煤,2025-09-24 14:56:45,7.23,47600,7.23,D
sz000983,山西焦煤,2025-09-24 14:56:48,7.23,90400,7.23,D
sz000983,山西焦煤,2025-09-24 14:56:51,7.24,66500,7.23,U
sz000983,山西焦煤,2025-09-24 15:00:00,7.24,652600,7.23,E
