symbol,name,ticktime,price,volume,prev_price,kind
sz000983,山西焦煤,2025-10-16 09:25:00,7.31,342000,0.0,D
sz000983,山西焦煤,2025-10-16 09:30:00,7.32,272100,7.31,U
sz000983,山西焦煤,2025-10-16 09:30:03,7.31,383600,7.32,U
sz000983,山西焦煤,2025-10-16 09:30:06,7.31,176500,7.31,U
sz000983,山西焦煤,2025-10-16 09:30:09,7.31,148000,7.31,D
sz000983,山西焦煤,2025-10-16 09:30:12,7.32,173100,7.31,U
sz000983,山西焦煤,2025-10-16 09:30:18,7.33,59200,7.33,U
sz000983,山西焦煤,2025-10-16 09:30:21,7.33,20400,7.33,U
sz000983,山西焦煤,2025-10-16 09:30:24,7.33,167000,7.33,D
sz000983,山西焦煤,2025-10-16 09:30:27,7.33,70100,7.33,D
sz000983,山西焦煤,2025-10-16 09:30:30,7.32,38200,7.33,D
sz000983,山西焦煤,2025-10-16 09:30:33,7.32,93000,7.32,D
sz000983,山西焦煤,2025-10-16 09:30:36,7.32,37700,7.32,D
sz000983,山西焦煤,2025-10-16 09:30:39,7.33,39900,7.32,U
sz000983,山西焦煤,2025-10-16 09:30:42,7.33,28400,7.33,U
sz000983,山西焦煤,2025-10-16 09:30:48,7.32,71000,7.33,D
sz000983,山西焦煤,2025-10-16 09:30:51,7.33,113300,7.32,U
sz000983,山西焦煤,2025-10-16 09:30:54,7.32,189000,7.33,D
sz000983,山西焦煤,2025-10-16 09:30:57,7.31,44400,7.32,D
sz000983,山西焦煤,2025-10-16 09:31:00,7.33,65600,7.31,U
sz000983,山西焦煤,2025-10-16 09:31:03,7.34,94900,7.33,U
sz000983,山西焦煤,2025-10-16 09:31:06,7.34,207100,7.34,U
sz000983,山西焦煤,2025-10-16 09:31:09,7.36,495000,7.34,U
sz000983,山西焦煤,2025-10-16 09:31:12,7.35,299100,7.36,D
sz000983,山西焦煤,2025-10-16 09:31:15,7.36,146900,7.35,U
sz000983,山西焦煤,2025-10-16 09:31:18,7.34,27600,7.36,D
sz000983,山西焦煤,2025-10-16 09:31:21,7.34,92800,7.34,D
sz000983,山西焦煤,2025-10-16 09:31:24,7.35,54600,7.34,U
sz000983,山西焦煤,2025-10-16 09:31:27,7.35,50900,7.35,D
sz000983,山西焦煤,2025-10-16 09:31:30,7.35,50600,7.35,U
sz000983,山西焦煤,2025-10-16 09:31:33,7.35,56900,7.35,E
sz000983,山西焦煤,2025-10-16 09:31:36,7.35,60100,7.35,D
sz000983,山西焦煤,2025-10-16 09:31:39,7.35,48300,7.35,D
sz000983,山西焦煤,2025-10-16 09:31:45,7.35,54600,7.36,D
sz000983,山西焦煤,2025-10-16 09:31:51,7.35,76000,7.35,D
sz000983,山西焦煤,2025-10-16 09:31:57,7.36,463400,7.35,U
sz000983,山西焦煤,2025-10-16 09:32:03,7.36,45500,7.36,D
sz000983,山西焦煤,2025-10-16 09:32:06,7.37,359500,7.36,U
sz000983,山西焦煤,2025-10-16 09:32:09,7.37,217500,7.37,D
sz000983,山西焦煤,2025-10-16 09:32:12,7.36,53800,7.37,D
sz000983,山西焦煤,2025-10-16 09:32:15,7.37,24600,7.36,U
sz000983,山西焦煤,2025-10-16 09:32:18,7.37,109800,7.37,U
sz000983,山西焦煤,2025-10-16 09:32:21,7.37,47500,7.37,U
sz000983,山西焦煤,2025-10-16 09:32:24,7.39,1019100,7.37,U
sz000983,山西焦煤,2025-10-16 09:32:27,7.39,95900,7.39,D
sz000983,山西焦煤,2025-10-16 09:32:30,7.39,60300,7.39,D
sz000983,山西焦煤,2025-10-16 09:32:33,7.38,29000,7.39,D
sz000983,山西焦煤,2025-10-16 09:32:36,7.39,300800,7.38,U
sz000983,山西焦煤,2025-10-16 09:32:39,7.38,85300,7.39,D
sz000983,山西焦煤,2025-10-16 09:32:42,7.38,42400,7.38,U
sz000983,山西焦煤,2025-10-16 09:32:45,7.38,70500,7.38,U
sz000983,山西焦煤,2025-10-16 09:32:48,7.37,62700,7.38,D
sz000983,山西焦煤,2025-10-16 09:32:51,7.37,41500,7.37,D
sz000983,山西焦煤,2025-10-16 09:32:54,7.37,124900,7.37,D
sz000983,山西焦煤,2025-10-16 09:32:57,7.38,75900,7.37,U
sz000983,山西焦煤,2025-10-16 09:33:06,7.36,177400,7.38,D
sz000983,山西焦煤,2025-10-16 09:33:15,7.36,62400,7.37,D
sz000983,山西焦煤,2025-10-16 09:33:18,7.36,81600,7.36,D
sz000983,山西焦煤,2025-10-16 09:33:21,7.37,49100,7.36,U
sz000983,山西焦煤,2025-10-16 09:33:24,7.36,36400,7.37,D
sz000983,山西焦煤,2025-10-16 09:33:27,7.36,72800,7.36,D
sz000983,山西焦煤,2025-10-16 09:33:30,7.37,46100,7.36,U
sz000983,山西焦煤,2025-10-16 09:33:33,7.38,561700,7.37,U
sz000983,山西焦煤,2025-10-16 09:33:36,7.38,37200,7.38,D
sz000983,山西焦煤,2025-10-16 09:33:42,7.38,21300,7.38,D
sz000983,山西焦煤,2025-10-16 09:33:45,7.38,84300,7.38,D
sz000983,山西焦煤,2025-10-16 09:33:48,7.38,158900,7.38,U
sz000983,山西焦煤,2025-10-16 09:33:54,7.39,28200,7.38,U
sz000983,山西焦煤,2025-10-16 09:33:57,7.38,25100,7.39,D
sz000983,山西焦煤,2025-10-16 09:34:03,7.39,30100,7.38,U
sz000983,山西焦煤,2025-10-16 09:34:06,7.38,35700,7.39,D
sz000983,山西焦煤,2025-10-16 09:34:09,7.39,101500,7.38,U
sz000983,山西焦煤,2025-10-16 09:34:12,7.38,31300,7.39,D
sz000983,山西焦煤,2025-10-16 09:34:18,7.39,60200,7.39,U
sz000983,山西焦煤,2025-10-16 09:34:27,7.39,133000,7.38,U
sz000983,山西焦煤,2025-10-16 09:34:33,7.38,49800,7.39,D
sz000983,山西焦煤,2025-10-16 09:34:36,7.39,54200,7.38,U
sz000983,山西焦煤,2025-10-16 09:34:39,7.39,654000,7.39,U
sz000983,山西焦煤,2025-10-16 09:34:42,7.39,48700,7.39,D
sz000983,山西焦煤,2025-10-16 09:34:48,7.4,136900,7.39,U
sz000983,山西焦煤,2025-10-16 09:34:51,7.39,42700,7.4,D
sz000983,山西焦煤,2025-10-16 09:34:54,7.39,83100,7.39,D
sz000983,山西焦煤,2025-10-16 09:34:57,7.4,427200,7.39,U
sz000983,山西焦煤,2025-10-16 09:35:00,7.4,33800,7.4,D
sz000983,山西焦煤,2025-10-16 09:35:03,7.4,68100,7.4,D
sz000983,山西焦煤,2025-10-16 09:35:06,7.41,250500,7.4,U
sz000983,山西焦煤,2025-10-16 09:35:09,7.41,39800,7.41,D
sz000983,山西焦煤,2025-10-16 09:35:12,7.42,26400,7.41,U
sz000983,山西焦煤,2025-10-16 09:35:15,7.41,145400,7.42,D
sz000983,山西焦煤,2025-10-16 09:35:18,7.42,60300,7.41,U
sz000983,山西焦煤,2025-10-16 09:35:21,7.42,101300,7.42,U
sz000983,山西焦煤,2025-10-16 09:35:24,7.42,102800,7.42,U
sz000983,山西焦煤,2025-10-16 09:35:27,7.42,128400,7.42,U
sz000983,山西焦煤,2025-10-16 09:35:30,7.41,83500,7.42,D
sz000983,山西焦煤,2025-10-16 09:35:33,7.42,33600,7.41,U
sz000983,山西焦煤,2025-10-16 09:35:36,7.41,176100,7.42,D
sz000983,山西焦煤,2025-10-16 09:35:39,7.41,80900,7.41,U
sz000983,山西焦煤,2025-10-16 09:35:42,7.41,58800,7.41,U
sz000983,山西焦煤,2025-10-16 09:35:45,7.42,37700,7.41,U
sz000983,山西焦煤,2025-10-16 09:35:48,7.41,46900,7.42,U
sz000983,山西焦煤,2025-10-16 09:35:51,7.41,155100,7.41,D
sz000983,山西焦煤,2025-10-16 09:35:54,7.41,160100,7.41,D
sz000983,山西焦煤,2025-10-16 09:35:57,7.42,30400,7.41,U
sz000983,山西焦煤,2025-10-16 09:36:00,7.41,30400,7.42,D
sz000983,山西焦煤,2025-10-16 09:36:03,7.41,43300,7.41,U
sz000983,山西焦煤,2025-10-16 09:36:06,7.41,119400,7.41,U
sz000983,山西焦煤,2025-10-16 09:36:09,7.41,24300,7.41,D
sz000983,山西焦煤,2025-10-16 09:36:12,7.41,71600,7.41,D
sz000983,山西焦煤,2025-10-16 09:36:15,7.42,643300,7.41,U
sz000983,山西焦煤,2025-10-16 09:36:18,7.44,379300,7.42,U
sz000983,山西焦煤,2025-10-16 09:36:21,7.44,20500,7.44,U
sz000983,山西焦煤,2025-10-16 09:36:24,7.44,49600,7.44,U
sz000983,山西焦煤,2025-10-16 09:36:27,7.44,85200,7.44,U
sz000983,山西焦煤,2025-10-16 09:36:30,7.43,74200,7.44,D
sz000983,山西焦煤,2025-10-16 09:36:33,7.43,69200,7.43,D
sz000983,山西焦煤,2025-10-16 09:36:36,7.43,28700,7.43,E
sz000983,山西焦煤,2025-10-16 09:36:39,7.43,43100,7.43,E
sz000983,山西焦煤,2025-10-16 09:36:42,7.42,45800,7.43,D
sz000983,山西焦煤,2025-10-16 09:36:45,7.43,93000,7.42,U
sz000983,山西焦煤,2025-10-16 09:36:48,7.43,193900,7.43,U
sz000983,山西焦煤,2025-10-16 09:36:51,7.43,324200,7.43,U
sz000983,山西焦煤,2025-10-16 09:36:54,7.43,52700,7.43,D
sz000983,山西焦煤,2025-10-16 09:36:57,7.43,34000,7.43,D
sz000983,山西焦煤,2025-10-16 09:37:03,7.43,83700,7.43,U
sz000983,山西焦煤,2025-10-16 09:37:06,7.45,1017300,7.43,U
sz000983,山西焦煤,2025-10-16 09:37:09,7.46,793200,7.45,U
sz000983,山西焦煤,2025-10-16 09:37:12,7.45,278900,7.46,D
sz000983,山西焦煤,2025-10-16 09:37:15,7.46,126500,7.45,U
sz000983,山西焦煤,2025-10-16 09:37:18,7.45,187500,7.46,D
sz000983,山西焦煤,2025-10-16 09:37:21,7.46,74100,7.45,U
sz000983,山西焦煤,2025-10-16 09:37:24,7.45,50300,7.46,E
sz000983,山西焦煤,2025-10-16 09:37:27,7.45,132100,7.45,D
sz000983,山西焦煤,2025-10-16 09:37:30,7.46,94900,7.45,U
sz000983,山西焦煤,2025-10-16 09:37:33,7.46,188500,7.46,U
sz000983,山西焦煤,2025-10-16 09:37:36,7.45,35300,7.46,D
sz000983,山西焦煤,2025-10-16 09:37:39,7.46,78000,7.45,U
sz000983,山西焦煤,2025-10-16 09:37:42,7.46,107200,7.46,U
sz000983,山西焦煤,2025-10-16 09:37:45,7.46,47800,7.46,U
sz000983,山西焦煤,2025-10-16 09:37:48,7.46,314200,7.46,U
sz000983,山西焦煤,2025-10-16 09:37:51,7.46,59800,7.46,U
sz000983,山西焦煤,2025-10-16 09:37:54,7.46,73500,7.46,U
sz000983,山西焦煤,2025-10-16 09:37:57,7.46,90800,7.46,U
sz000983,山西焦煤,2025-10-16 09:38:00,7.46,48900,7.46,U
sz000983,山西焦煤,2025-10-16 09:38:03,7.45,206500,7.46,D
sz000983,山西焦煤,2025-10-16 09:38:06,7.44,209600,7.45,D
sz000983,山西焦煤,2025-10-16 09:38:09,7.43,98900,7.44,E
sz000983,山西焦煤,2025-10-16 09:38:12,7.43,77900,7.43,D
sz000983,山西焦煤,2025-10-16 09:38:15,7.43,28300,7.43,D
sz000983,山西焦煤,2025-10-16 09:38:18,7.43,45600,7.43,U
sz000983,山西焦煤,2025-10-16 09:38:21,7.43,21400,7.43,E
sz000983,山西焦煤,2025-10-16 09:38:24,7.42,111300,7.43,D
sz000983,山西焦煤,2025-10-16 09:38:27,7.42,50900,7.42,D
sz000983,山西焦煤,2025-10-16 09:38:30,7.43,99100,7.42,U
sz000983,山西焦煤,2025-10-16 09:38:33,7.43,51000,7.43,D
sz000983,山西焦煤,2025-10-16 09:38:36,7.43,69500,7.43,D
sz000983,山西焦煤,2025-10-16 09:38:39,7.43,122600,7.43,D
sz000983,山西焦煤,2025-10-16 09:38:42,7.44,76200,7.43,E
sz000983,山西焦煤,2025-10-16 09:38:45,7.44,44700,7.44,D
sz000983,山西焦煤,2025-10-16 09:38:48,7.43,72500,7.44,D
sz000983,山西焦煤,2025-10-16 09:38:51,7.44,50100,7.43,U
sz000983,山西焦煤,2025-10-16 09:38:54,7.44,48500,7.44,U
sz000983,山西焦煤,2025-10-16 09:38:57,7.43,48200,7.44,D
sz000983,山西焦煤,2025-10-16 09:39:00,7.43,99400,7.43,D
sz000983,山西焦煤,2025-10-16 09:39:03,7.43,63000,7.43,U
sz000983,山西焦煤,2025-10-16 09:39:06,7.43,69900,7.43,U
sz000983,山西焦煤,2025-10-16 09:39:09,7.43,85600,7.43,U
sz000983,山西焦煤,2025-10-16 09:39:12,7.43,153100,7.43,D
sz000983,山西焦煤,2025-10-16 09:39:15,7.43,48700,7.43,D
sz000983,山西焦煤,2025-10-16 09:39:18,7.44,58100,7.43,U
sz000983,山西焦煤,2025-10-16 09:39:24,7.44,138600,7.44,U
sz000983,山西焦煤,2025-10-16 09:39:27,7.44,69000,7.44,U
sz000983,山西焦煤,2025-10-16 09:39:30,7.44,30700,7.44,U
sz000983,山西焦煤,2025-10-16 09:39:33,7.43,36000,7.44,D
sz000983,山西焦煤,2025-10-16 09:39:36,7.44,63700,7.43,U
sz000983,山西焦煤,2025-10-16 09:39:39,7.44,28900,7.44,U
sz000983,山西焦煤,2025-10-16 09:39:42,7.43,153400,7.44,D
sz000983,山西焦煤,2025-10-16 09:39:45,7.43,447400,7.43,D
sz000983,山西焦煤,2025-10-16 09:39:48,7.42,177000,7.43,D
sz000983,山西焦煤,2025-10-16 09:39:51,7.43,134900,7.42,U
sz000983,山西焦煤,2025-10-16 09:40:00,7.42,25000,7.41,U
sz000983,山西焦煤,2025-10-16 09:40:06,7.42,30200,7.41,U
sz000983,山西焦煤,2025-10-16 09:40:09,7.42,43000,7.42,U
sz000983,山西焦煤,2025-10-16 09:40:12,7.42,81100,7.42,U
sz000983,山西焦煤,2025-10-16 09:40:15,7.42,32800,7.42,D
sz000983,山西焦煤,2025-10-16 09:40:18,7.42,129500,7.42,D
sz000983,山西焦煤,2025-10-16 09:40:21,7.42,40400,7.42,D
sz000983,山西焦煤,2025-10-16 09:40:24,7.42,49400,7.42,D
sz000983,山西焦煤,2025-10-16 09:40:30,7.41,44500,7.42,D
sz000983,山西焦煤,2025-10-16 09:40:39,7.42,78800,7.42,U
sz000983,山西焦煤,2025-10-16 09:40:42,7.42,33500,7.42,U
sz000983,山西焦煤,2025-10-16 09:40:45,7.42,143900,7.42,U
sz000983,山西焦煤,2025-10-16 09:40:48,7.41,108200,7.42,D
sz000983,山西焦煤,2025-10-16 09:40:51,7.42,236700,7.41,U
sz000983,山西焦煤,2025-10-16 09:40:54,7.42,54700,7.42,U
sz000983,山西焦煤,2025-10-16 09:40:57,7.42,138400,7.42,U
sz000983,山西焦煤,2025-10-16 09:41:00,7.41,21800,7.42,D
sz000983,山西焦煤,2025-10-16 09:41:03,7.42,95900,7.41,U
sz000983,山西焦煤,2025-10-16 09:41:06,7.41,32500,7.42,D
sz000983,山西焦煤,2025-10-16 09:41:12,7.41,29000,7.41,D
sz000983,山西焦煤,2025-10-16 09:41:15,7.4,100100,7.41,D
sz000983,山西焦煤,2025-10-16 09:41:21,7.41,22400,7.4,U
sz000983,山西焦煤,2025-10-16 09:41:24,7.4,274100,7.41,D
sz000983,山西焦煤,2025-10-16 09:41:27,7.39,192500,7.4,D
sz000983,山西焦煤,2025-10-16 09:41:33,7.39,182200,7.38,U
sz000983,山西焦煤,2025-10-16 09:41:39,7.39,24100,7.38,U
sz000983,山西焦煤,2025-10-16 09:41:42,7.38,99600,7.39,D
sz000983,山西焦煤,2025-10-16 09:41:45,7.39,42700,7.38,U
sz000983,山西焦煤,2025-10-16 09:41:48,7.39,153800,7.39,U
sz000983,山西焦煤,2025-10-16 09:41:51,7.39,108000,7.39,D
sz000983,山西焦煤,2025-10-16 09:41:54,7.39,51000,7.39,D
sz000983,山西焦煤,2025-10-16 09:41:57,7.39,50800,7.39,D
sz000983,山西焦煤,2025-10-16 09:42:03,7.4,174700,7.39,U
sz000983,山西焦煤,2025-10-16 09:42:06,7.4,96900,7.4,U
sz000983,山西焦煤,2025-10-16 09:42:09,7.4,30200,7.4,D
sz000983,山西焦煤,2025-10-16 09:42:15,7.41,36900,7.41,U
sz000983,山西焦煤,2025-10-16 09:42:24,7.4,278000,7.41,D
sz000983,山西焦煤,2025-10-16 09:42:27,7.4,82400,7.4,U
sz000983,山西焦煤,2025-10-16 09:42:30,7.39,181600,7.4,D
sz000983,山西焦煤,2025-10-16 09:42:33,7.39,93800,7.39,U
sz000983,山西焦煤,2025-10-16 09:42:36,7.39,27900,7.39,U
sz000983,山西焦煤,2025-10-16 09:42:39,7.39,22200,7.39,U
sz000983,山西焦煤,2025-10-16 09:42:45,7.39,213100,7.39,U
sz000983,山西焦煤,2025-10-16 09:42:48,7.39,167100,7.39,U
sz000983,山西焦煤,2025-10-16 09:42:51,7.39,75000,7.39,U
sz000983,山西焦煤,2025-10-16 09:42:54,7.39,44900,7.39,U
sz000983,山西焦煤,2025-10-16 09:42:57,7.39,45300,7.39,U
sz000983,山西焦煤,2025-10-16 09:43:00,7.39,37100,7.39,U
sz000983,山西焦煤,2025-10-16 09:43:06,7.38,249400,7.39,D
sz000983,山西焦煤,2025-10-16 09:43:09,7.38,47000,7.38,U
sz000983,山西焦煤,2025-10-16 09:43:15,7.37,57800,7.38,D
sz000983,山西焦煤,2025-10-16 09:43:18,7.37,25000,7.37,D
sz000983,山西焦煤,2025-10-16 09:43:21,7.37,168100,7.37,D
sz000983,山西焦煤,2025-10-16 09:43:30,7.37,40000,7.37,D
sz000983,山西焦煤,2025-10-16 09:43:36,7.37,36800,7.37,D
sz000983,山西焦煤,2025-10-16 09:43:39,7.38,45000,7.37,U
sz000983,山西焦煤,2025-10-16 09:43:42,7.37,22300,7.38,D
sz000983,山西焦煤,2025-10-16 09:43:48,7.38,57600,7.38,D
sz000983,山西焦煤,2025-10-16 09:43:57,7.39,28300,7.39,D
sz000983,山西焦煤,2025-10-16 09:44:00,7.39,21500,7.39,D
sz000983,山西焦煤,2025-10-16 09:44:03,7.39,37700,7.39,D
sz000983,山西焦煤,2025-10-16 09:44:18,7.39,33200,7.4,D
sz000983,山西焦煤,2025-10-16 09:44:21,7.39,133200,7.39,D
sz000983,山西焦煤,2025-10-16 09:44:27,7.39,114200,7.39,U
sz000983,山西焦煤,2025-10-16 09:44:33,7.39,103700,7.39,U
sz000983,山西焦煤,2025-10-16 09:44:42,7.38,33300,7.39,D
sz000983,山西焦煤,2025-10-16 09:44:45,7.39,138500,7.38,U
sz000983,山西焦煤,2025-10-16 09:44:54,7.38,38700,7.38,D
sz000983,山西焦煤,2025-10-16 09:44:57,7.37,56900,7.38,D
sz000983,山西焦煤,2025-10-16 09:45:00,7.38,78700,7.37,E
sz000983,山西焦煤,2025-10-16 09:45:06,7.38,29700,7.37,U
sz000983,山西焦煤,2025-10-16 09:45:09,7.37,37100,7.38,D
sz000983,山西焦煤,2025-10-16 09:45:12,7.37,432500,7.37,D
sz000983,山西焦煤,2025-10-16 09:45:15,7.36,70100,7.37,D
sz000983,山西焦煤,2025-10-16 09:45:24,7.37,129200,7.36,U
sz000983,山西焦煤,2025-10-16 09:45:30,7.37,21500,7.37,U
sz000983,山西焦煤,2025-10-16 09:45:33,7.36,29900,7.37,D
sz000983,山西焦煤,2025-10-16 09:45:36,7.37,67100,7.36,U
sz000983,山西焦煤,2025-10-16 09:45:39,7.37,100900,7.37,U
sz000983,山西焦煤,2025-10-16 09:45:42,7.35,76300,7.37,D
sz000983,山西焦煤,2025-10-16 09:45:45,7.37,57400,7.35,U
sz000983,山西焦煤,2025-10-16 09:46:00,7.36,22300,7.37,D
sz000983,山西焦煤,2025-10-16 09:46:03,7.37,24000,7.36,U
sz000983,山西焦煤,2025-10-16 09:46:09,7.37,26200,7.37,U
sz000983,山西焦煤,2025-10-16 09:46:15,7.37,282600,7.37,U
sz000983,山西焦煤,2025-10-16 09:46:18,7.37,181500,7.37,D
sz000983,山西焦煤,2025-10-16 09:46:21,7.37,43100,7.37,E
sz000983,山西焦煤,2025-10-16 09:46:24,7.36,21300,7.37,D
sz000983,山西焦煤,2025-10-16 09:46:27,7.37,62100,7.36,U
sz000983,山西焦煤,2025-10-16 09:46:30,7.38,38600,7.37,U
sz000983,山西焦煤,2025-10-16 09:46:36,7.37,20600,7.37,U
sz000983,山西焦煤,2025-10-16 09:46:39,7.37,42300,7.37,U
sz000983,山西焦煤,2025-10-16 09:46:45,7.37,112200,7.37,U
sz000983,山西焦煤,2025-10-16 09:46:48,7.37,96500,7.37,D
sz000983,山西焦煤,2025-10-16 09:46:54,7.37,31000,7.38,D
sz000983,山西焦煤,2025-10-16 09:46:57,7.38,111000,7.37,U
sz000983,山西焦煤,2025-10-16 09:47:03,7.39,73700,7.38,U
sz000983,山西焦煤,2025-10-16 09:47:09,7.39,34400,7.38,U
sz000983,山西焦煤,2025-10-16 09:47:12,7.4,108620,7.39,U
sz000983,山西焦煤,2025-10-16 09:47:21,7.39,39580,7.39,D
sz000983,山西焦煤,2025-10-16 09:47:24,7.38,164800,7.39,D
sz000983,山西焦煤,2025-10-16 09:47:27,7.37,145000,7.38,D
sz000983,山西焦煤,2025-10-16 09:47:30,7.38,30400,7.37,U
sz000983,山西焦煤,2025-10-16 09:47:33,7.38,110500,7.38,U
sz000983,山西焦煤,2025-10-16 09:47:36,7.37,259100,7.38,D
sz000983,山西焦煤,2025-10-16 09:47:39,7.37,48300,7.37,U
sz000983,山西焦煤,2025-10-16 09:47:45,7.38,49400,7.37,U
sz000983,山西焦煤,2025-10-16 09:47:54,7.37,24300,7.37,D
sz000983,山西焦煤,2025-10-16 09:48:00,7.37,93000,7.38,D
sz000983,山西焦煤,2025-10-16 09:48:06,7.36,62000,7.38,D
sz000983,山西焦煤,2025-10-16 09:48:09,7.37,27900,7.36,U
sz000983,山西焦煤,2025-10-16 09:48:21,7.36,673700,7.37,D
sz000983,山西焦煤,2025-10-16 09:48:24,7.35,733200,7.36,D
sz000983,山西焦煤,2025-10-16 09:48:27,7.34,57700,7.35,D
sz000983,山西焦煤,2025-10-16 09:48:30,7.36,42200,7.34,U
sz000983,山西焦煤,2025-10-16 09:48:36,7.35,68400,7.34,U
sz000983,山西焦煤,2025-10-16 09:48:39,7.34,36100,7.35,D
sz000983,山西焦煤,2025-10-16 09:48:45,7.34,20000,7.35,D
sz000983,山西焦煤,2025-10-16 09:48:48,7.35,30800,7.34,U
sz000983,山西焦煤,2025-10-16 09:48:51,7.35,47000,7.35,U
sz000983,山西焦煤,2025-10-16 09:48:54,7.35,129200,7.35,U
sz000983,山西焦煤,2025-10-16 09:48:57,7.35,48000,7.35,D
sz000983,山西焦煤,2025-10-16 09:49:00,7.35,46100,7.35,U
sz000983,山西焦煤,2025-10-16 09:49:09,7.35,43200,7.35,U
sz000983,山西焦煤,2025-10-16 09:49:15,7.34,26200,7.34,D
sz000983,山西焦煤,2025-10-16 09:49:18,7.35,87700,7.34,U
sz000983,山西焦煤,2025-10-16 09:49:21,7.34,195200,7.35,D
sz000983,山西焦煤,2025-10-16 09:49:24,7.34,70400,7.34,D
sz000983,山西焦煤,2025-10-16 09:49:27,7.35,27300,7.34,U
sz000983,山西焦煤,2025-10-16 09:49:36,7.35,30200,7.34,U
sz000983,山西焦煤,2025-10-16 09:49:39,7.35,31700,7.35,U
sz000983,山西焦煤,2025-10-16 09:49:42,7.36,68000,7.35,U
sz000983,山西焦煤,2025-10-16 09:49:45,7.35,27100,7.36,D
sz000983,山西焦煤,2025-10-16 09:49:54,7.36,35800,7.36,U
sz000983,山西焦煤,2025-10-16 09:49:57,7.35,23700,7.36,D
sz000983,山西焦煤,2025-10-16 09:50:00,7.36,140800,7.35,U
sz000983,山西焦煤,2025-10-16 09:50:03,7.35,120800,7.36,D
sz000983,山西焦煤,2025-10-16 09:50:06,7.36,31700,7.35,U
sz000983,山西焦煤,2025-10-16 09:50:15,7.35,30400,7.36,D
sz000983,山西焦煤,2025-10-16 09:50:36,7.35,325900,7.35,D
sz000983,山西焦煤,2025-10-16 09:50:45,7.34,25900,7.34,D
sz000983,山西焦煤,2025-10-16 09:50:48,7.35,83500,7.34,U
sz000983,山西焦煤,2025-10-16 09:51:00,7.35,28100,7.36,D
sz000983,山西焦煤,2025-10-16 09:51:03,7.35,66300,7.35,D
sz000983,山西焦煤,2025-10-16 09:51:06,7.35,39000,7.35,U
sz000983,山西焦煤,2025-10-16 09:51:09,7.35,154600,7.35,D
sz000983,山西焦煤,2025-10-16 09:51:12,7.35,24200,7.35,U
sz000983,山西焦煤,2025-10-16 09:51:21,7.35,22300,7.35,U
sz000983,山西焦煤,2025-10-16 09:51:30,7.35,133700,7.35,U
sz000983,山西焦煤,2025-10-16 09:51:57,7.34,84400,7.34,D
sz000983,山西焦煤,2025-10-16 09:52:24,7.35,20300,7.35,U
sz000983,山西焦煤,2025-10-16 09:52:33,7.35,146800,7.35,U
sz000983,山西焦煤,2025-10-16 09:52:36,7.35,99100,7.35,U
sz000983,山西焦煤,2025-10-16 09:52:48,7.35,52100,7.35,D
sz000983,山西焦煤,2025-10-16 09:52:51,7.35,219700,7.35,D
sz000983,山西焦煤,2025-10-16 09:52:57,7.35,45400,7.35,U
sz000983,山西焦煤,2025-10-16 09:53:03,7.35,70500,7.35,U
sz000983,山西焦煤,2025-10-16 09:53:21,7.35,252800,7.36,D
sz000983,山西焦煤,2025-10-16 09:53:24,7.35,209400,7.35,D
sz000983,山西焦煤,2025-10-16 09:53:27,7.35,86700,7.35,U
sz000983,山西焦煤,2025-10-16 09:53:33,7.35,31400,7.34,U
sz000983,山西焦煤,2025-10-16 09:53:36,7.34,22700,7.35,D
sz000983,山西焦煤,2025-10-16 09:53:54,7.36,86700,7.35,U
sz000983,山西焦煤,2025-10-16 09:54:06,7.35,42500,7.36,D
sz000983,山西焦煤,2025-10-16 09:54:48,7.35,59400,7.36,D
sz000983,山西焦煤,2025-10-16 09:54:51,7.36,38100,7.35,U
sz000983,山西焦煤,2025-10-16 09:54:57,7.36,412200,7.35,U
sz000983,山西焦煤,2025-10-16 09:55:06,7.36,66900,7.36,U
sz000983,山西焦煤,2025-10-16 09:55:18,7.35,23200,7.36,D
sz000983,山西焦煤,2025-10-16 09:55:27,7.36,28800,7.36,U
sz000983,山西焦煤,2025-10-16 09:55:48,7.35,581400,7.35,D
sz000983,山西焦煤,2025-10-16 09:55:54,7.35,39300,7.35,U
sz000983,山西焦煤,2025-10-16 09:56:09,7.33,613300,7.35,D
sz000983,山西焦煤,2025-10-16 09:56:18,7.33,124100,7.33,D
sz000983,山西焦煤,2025-10-16 09:56:24,7.34,22100,7.34,U
sz000983,山西焦煤,2025-10-16 09:56:42,7.34,250400,7.33,U
sz000983,山西焦煤,2025-10-16 09:56:48,7.34,280300,7.35,D
sz000983,山西焦煤,2025-10-16 09:56:51,7.35,44600,7.34,U
sz000983,山西焦煤,2025-10-16 09:56:54,7.34,76800,7.35,D
sz000983,山西焦煤,2025-10-16 09:56:57,7.34,319000,7.34,D
sz000983,山西焦煤,2025-10-16 09:57:03,7.34,22900,7.34,U
sz000983,山西焦煤,2025-10-16 09:57:06,7.34,40400,7.34,U
sz000983,山西焦煤,2025-10-16 09:57:18,7.33,366100,7.33,D
sz000983,山西焦煤,2025-10-16 09:57:21,7.33,55900,7.33,U
sz000983,山西焦煤,2025-10-16 09:57:30,7.32,119600,7.33,D
sz000983,山西焦煤,2025-10-16 09:57:39,7.32,53500,7.32,D
sz000983,山西焦煤,2025-10-16 09:57:45,7.32,26400,7.32,D
sz000983,山西焦煤,2025-10-16 09:57:48,7.32,32800,7.32,D
sz000983,山西焦煤,2025-10-16 09:57:51,7.32,32700,7.32,D
sz000983,山西焦煤,2025-10-16 09:57:54,7.32,27900,7.32,D
sz000983,山西焦煤,2025-10-16 09:58:03,7.32,251300,7.32,D
sz000983,山西焦煤,2025-10-16 09:58:06,7.32,28600,7.32,U
sz000983,山西焦煤,2025-10-16 09:58:09,7.32,41100,7.32,D
sz000983,山西焦煤,2025-10-16 09:58:12,7.32,23300,7.32,D
sz000983,山西焦煤,2025-10-16 09:58:24,7.33,42500,7.32,U
sz000983,山西焦煤,2025-10-16 09:58:27,7.32,24500,7.33,D
sz000983,山西焦煤,2025-10-16 09:58:45,7.32,55500,7.32,D
sz000983,山西焦煤,2025-10-16 09:59:06,7.33,51000,7.32,U
sz000983,山西焦煤,2025-10-16 09:59:18,7.32,24500,7.33,D
sz000983,山西焦煤,2025-10-16 09:59:27,7.33,23400,7.33,U
sz000983,山西焦煤,2025-10-16 09:59:33,7.33,40900,7.33,U
sz000983,山西焦煤,2025-10-16 09:59:36,7.33,27700,7.33,U
sz000983,山西焦煤,2025-10-16 09:59:39,7.33,26800,7.33,U
sz000983,山西焦煤,2025-10-16 09:59:42,7.32,33200,7.33,D
sz000983,山西焦煤,2025-10-16 10:00:03,7.33,67100,7.34,D
sz000983,山西焦煤,2025-10-16 10:00:06,7.34,21100,7.33,U
sz000983,山西焦煤,2025-10-16 10:00:09,7.34,27800,7.34,U
sz000983,山西焦煤,2025-10-16 10:00:18,7.34,21300,7.33,U
sz000983,山西焦煤,2025-10-16 10:00:21,7.33,42300,7.34,D
sz000983,山西焦煤,2025-10-16 10:00:24,7.33,34700,7.33,D
sz000983,山西焦煤,2025-10-16 10:00:30,7.33,29800,7.33,E
sz000983,山西焦煤,2025-10-16 10:00:33,7.33,28800,7.33,U
sz000983,山西焦煤,2025-10-16 10:00:36,7.33,26800,7.33,U
sz000983,山西焦煤,2025-10-16 10:00:39,7.33,21900,7.33,U
sz000983,山西焦煤,2025-10-16 10:00:57,7.33,40200,7.32,U
sz000983,山西焦煤,2025-10-16 10:01:21,7.32,24900,7.32,D
sz000983,山西焦煤,2025-10-16 10:01:24,7.33,22000,7.32,U
sz000983,山西焦煤,2025-10-16 10:01:30,7.33,25500,7.33,U
sz000983,山西焦煤,2025-10-16 10:01:36,7.33,29200,7.33,U
sz000983,山西焦煤,2025-10-16 10:01:39,7.33,53400,7.33,U
sz000983,山西焦煤,2025-10-16 10:01:45,7.34,28000,7.33,U
sz000983,山西焦煤,2025-10-16 10:01:51,7.33,28800,7.33,D
sz000983,山西焦煤,2025-10-16 10:02:00,7.33,26900,7.33,U
sz000983,山西焦煤,2025-10-16 10:02:21,7.32,23200,7.32,D
sz000983,山西焦煤,2025-10-16 10:02:24,7.33,23900,7.32,U
sz000983,山西焦煤,2025-10-16 10:02:39,7.33,39800,7.33,D
sz000983,山西焦煤,2025-10-16 10:03:09,7.33,23300,7.34,D
sz000983,山西焦煤,2025-10-16 10:03:27,7.36,160300,7.35,U
sz000983,山西焦煤,2025-10-16 10:03:36,7.35,33200,7.36,D
sz000983,山西焦煤,2025-10-16 10:03:39,7.34,37200,7.35,D
sz000983,山西焦煤,2025-10-16 10:03:42,7.36,34000,7.34,U
sz000983,山西焦煤,2025-10-16 10:04:12,7.34,59700,7.34,D
sz000983,山西焦煤,2025-10-16 10:04:21,7.35,22900,7.35,U
sz000983,山西焦煤,2025-10-16 10:04:24,7.34,30500,7.35,D
sz000983,山西焦煤,2025-10-16 10:04:54,7.35,102300,7.35,U
sz000983,山西焦煤,2025-10-16 10:05:18,7.34,58500,7.34,D
sz000983,山西焦煤,2025-10-16 10:05:36,7.34,20500,7.35,D
sz000983,山西焦煤,2025-10-16 10:05:39,7.34,165955,7.34,D
sz000983,山西焦煤,2025-10-16 10:05:48,7.35,99400,7.33,U
sz000983,山西焦煤,2025-10-16 10:05:57,7.34,32000,7.34,U
sz000983,山西焦煤,2025-10-16 10:06:03,7.34,22000,7.33,U
sz000983,山西焦煤,2025-10-16 10:06:42,7.33,189500,7.34,D
sz000983,山西焦煤,2025-10-16 10:06:45,7.34,24200,7.33,U
sz000983,山西焦煤,2025-10-16 10:06:51,7.33,21700,7.33,D
sz000983,山西焦煤,2025-10-16 10:07:15,7.33,29700,7.33,U
sz000983,山西焦煤,2025-10-16 10:07:24,7.32,23100,7.33,D
sz000983,山西焦煤,2025-10-16 10:07:45,7.32,21100,7.33,D
sz000983,山西焦煤,2025-10-16 10:08:00,7.33,21300,7.33,U
sz000983,山西焦煤,2025-10-16 10:08:03,7.32,27500,7.33,D
sz000983,山西焦煤,2025-10-16 10:08:09,7.33,28000,7.32,U
sz000983,山西焦煤,2025-10-16 10:08:15,7.33,88000,7.32,U
sz000983,山西焦煤,2025-10-16 10:08:18,7.33,36400,7.33,D
sz000983,山西焦煤,2025-10-16 10:08:24,7.33,81200,7.33,D
sz000983,山西焦煤,2025-10-16 10:08:30,7.34,23500,7.33,U
sz000983,山西焦煤,2025-10-16 10:09:15,7.34,87900,7.34,U
sz000983,山西焦煤,2025-10-16 10:09:21,7.34,30100,7.34,U
sz000983,山西焦煤,2025-10-16 10:09:39,7.33,22200,7.34,D
sz000983,山西焦煤,2025-10-16 10:11:12,7.34,36400,7.34,U
sz000983,山西焦煤,2025-10-16 10:11:33,7.35,103315,7.34,U
sz000983,山西焦煤,2025-10-16 10:11:42,7.34,24400,7.34,U
sz000983,山西焦煤,2025-10-16 10:11:48,7.34,21000,7.34,U
sz000983,山西焦煤,2025-10-16 10:11:54,7.33,139400,7.34,D
sz000983,山西焦煤,2025-10-16 10:12:00,7.34,45800,7.33,U
sz000983,山西焦煤,2025-10-16 10:12:03,7.33,39900,7.34,D
sz000983,山西焦煤,2025-10-16 10:12:15,7.33,174532,7.34,D
sz000983,山西焦煤,2025-10-16 10:12:30,7.33,23100,7.33,U
sz000983,山西焦煤,2025-10-16 10:12:45,7.33,24300,7.33,U
sz000983,山西焦煤,2025-10-16 10:12:51,7.33,50900,7.33,U
sz000983,山西焦煤,2025-10-16 10:12:57,7.33,26200,7.33,U
sz000983,山西焦煤,2025-10-16 10:13:27,7.33,84053,7.33,U
sz000983,山西焦煤,2025-10-16 10:13:33,7.33,46500,7.33,U
sz000983,山西焦煤,2025-10-16 10:13:51,7.33,23300,7.33,U
sz000983,山西焦煤,2025-10-16 10:14:39,7.33,59300,7.33,U
sz000983,山西焦煤,2025-10-16 10:15:09,7.34,24400,7.33,U
sz000983,山西焦煤,2025-10-16 10:16:15,7.33,197800,7.33,D
sz000983,山西焦煤,2025-10-16 10:16:27,7.33,38900,7.33,U
sz000983,山西焦煤,2025-10-16 10:17:39,7.33,25100,7.33,U
sz000983,山西焦煤,2025-10-16 10:17:48,7.33,20500,7.33,U
sz000983,山西焦煤,2025-10-16 10:18:57,7.34,35800,7.33,U
sz000983,山西焦煤,2025-10-16 10:19:15,7.34,38600,7.33,U
sz000983,山西焦煤,2025-10-16 10:20:18,7.34,189600,7.34,U
sz000983,山西焦煤,2025-10-16 10:20:21,7.34,22700,7.34,D
sz000983,山西焦煤,2025-10-16 10:20:33,7.34,78100,7.35,D
sz000983,山西焦煤,2025-10-16 10:20:54,7.36,25800,7.36,U
sz000983,山西焦煤,2025-10-16 10:21:06,7.35,21200,7.36,D
sz000983,山西焦煤,2025-10-16 10:21:12,7.36,196100,7.35,U
sz000983,山西焦煤,2025-10-16 10:21:21,7.36,21100,7.37,D
sz000983,山西焦煤,2025-10-16 10:21:42,7.37,24000,7.37,U
sz000983,山西焦煤,2025-10-16 10:21:48,7.37,192000,7.37,U
sz000983,山西焦煤,2025-10-16 10:22:15,7.37,51200,7.37,U
sz000983,山西焦煤,2025-10-16 10:22:39,7.37,30000,7.36,U
sz000983,山西焦煤,2025-10-16 10:22:54,7.36,127800,7.36,D
sz000983,山西焦煤,2025-10-16 10:24:00,7.35,30000,7.35,D
sz000983,山西焦煤,2025-10-16 10:25:30,7.35,92800,7.35,D
sz000983,山西焦煤,2025-10-16 10:25:54,7.36,35000,7.36,U
sz000983,山西焦煤,2025-10-16 10:26:00,7.35,24500,7.35,D
sz000983,山西焦煤,2025-10-16 10:26:15,7.36,30800,7.36,U
sz000983,山西焦煤,2025-10-16 10:27:03,7.35,39900,7.35,D
sz000983,山西焦煤,2025-10-16 10:27:57,7.35,27400,7.35,U
sz000983,山西焦煤,2025-10-16 10:28:03,7.35,32200,7.35,U
sz000983,山西焦煤,2025-10-16 10:28:21,7.35,39100,7.35,U
sz000983,山西焦煤,2025-10-16 10:28:36,7.35,50900,7.35,D
sz000983,山西焦煤,2025-10-16 10:28:39,7.35,79700,7.35,D
sz000983,山西焦煤,2025-10-16 10:28:42,7.35,25400,7.35,D
sz000983,山西焦煤,2025-10-16 10:29:00,7.35,21200,7.36,D
sz000983,山西焦煤,2025-10-16 10:29:27,7.35,24700,7.35,D
sz000983,山西焦煤,2025-10-16 10:29:45,7.36,67000,7.36,U
sz000983,山西焦煤,2025-10-16 10:30:36,7.35,42700,7.36,D
sz000983,山西焦煤,2025-10-16 10:31:03,7.36,26300,7.35,U
sz000983,山西焦煤,2025-10-16 10:32:00,7.34,106500,7.34,D
sz000983,山西焦煤,2025-10-16 10:32:18,7.34,33800,7.34,D
sz000983,山西焦煤,2025-10-16 10:32:24,7.34,20400,7.34,D
sz000983,山西焦煤,2025-10-16 10:32:27,7.34,24100,7.34,D
sz000983,山西焦煤,2025-10-16 10:33:03,7.34,20100,7.33,U
sz000983,山西焦煤,2025-10-16 10:33:15,7.33,51500,7.34,D
sz000983,山西焦煤,2025-10-16 10:33:21,7.33,20200,7.33,D
sz000983,山西焦煤,2025-10-16 10:33:48,7.33,101000,7.34,D
sz000983,山西焦煤,2025-10-16 10:34:12,7.33,28200,7.33,D
sz000983,山西焦煤,2025-10-16 10:34:18,7.33,42500,7.33,D
sz000983,山西焦煤,2025-10-16 10:34:33,7.34,24600,7.33,U
sz000983,山西焦煤,2025-10-16 10:34:45,7.34,67800,7.34,U
sz000983,山西焦煤,2025-10-16 10:35:15,7.34,24300,7.34,U
sz000983,山西焦煤,2025-10-16 10:35:18,7.34,56800,7.34,U
sz000983,山西焦煤,2025-10-16 10:36:24,7.34,32400,7.34,D
sz000983,山西焦煤,2025-10-16 10:36:33,7.35,44600,7.35,U
sz000983,山西焦煤,2025-10-16 10:36:57,7.34,20300,7.35,D
sz000983,山西焦煤,2025-10-16 10:38:30,7.34,24300,7.35,D
sz000983,山西焦煤,2025-10-16 10:39:03,7.34,103100,7.35,D
sz000983,山西焦煤,2025-10-16 10:39:21,7.35,40300,7.34,U
sz000983,山西焦煤,2025-10-16 10:39:24,7.34,83300,7.35,D
sz000983,山西焦煤,2025-10-16 10:40:36,7.34,30700,7.33,U
sz000983,山西焦煤,2025-10-16 10:40:57,7.34,223400,7.33,U
sz000983,山西焦煤,2025-10-16 10:43:00,7.35,23900,7.35,U
sz000983,山西焦煤,2025-10-16 10:43:57,7.35,86600,7.35,U
sz000983,山西焦煤,2025-10-16 10:44:06,7.36,21100,7.36,U
sz000983,山西焦煤,2025-10-16 10:46:45,7.36,30500,7.36,U
sz000983,山西焦煤,2025-10-16 10:47:03,7.36,23100,7.36,U
sz000983,山西焦煤,2025-10-16 10:47:33,7.36,24100,7.36,U
sz000983,山西焦煤,2025-10-16 10:47:48,7.36,27200,7.36,U
sz000983,山西焦煤,2025-10-16 10:47:51,7.36,87100,7.36,U
sz000983,山西焦煤,2025-10-16 10:48:33,7.36,31700,7.36,U
sz000983,山西焦煤,2025-10-16 10:48:57,7.36,27000,7.36,D
sz000983,山西焦煤,2025-10-16 10:49:24,7.35,57700,7.35,D
sz000983,山西焦煤,2025-10-16 10:50:12,7.35,20100,7.36,D
sz000983,山西焦煤,2025-10-16 10:51:12,7.36,31400,7.36,U
sz000983,山西焦煤,2025-10-16 10:51:21,7.36,69300,7.36,U
sz000983,山西焦煤,2025-10-16 10:51:30,7.36,75300,7.37,D
sz000983,山西焦煤,2025-10-16 10:51:45,7.36,154500,7.36,D
sz000983,山西焦煤,2025-10-16 10:52:09,7.35,23500,7.35,D
sz000983,山西焦煤,2025-10-16 10:53:00,7.36,32900,7.35,U
sz000983,山西焦煤,2025-10-16 10:53:57,7.36,149500,7.37,D
sz000983,山西焦煤,2025-10-16 10:54:03,7.37,46700,7.37,U
sz000983,山西焦煤,2025-10-16 10:54:42,7.37,22700,7.37,U
sz000983,山西焦煤,2025-10-16 10:54:45,7.37,51800,7.37,U
sz000983,山西焦煤,2025-10-16 10:55:06,7.37,22200,7.37,U
sz000983,山西焦煤,2025-10-16 10:56:06,7.38,31300,7.37,U
sz000983,山西焦煤,2025-10-16 10:56:12,7.38,30000,7.38,U
sz000983,山西焦煤,2025-10-16 10:56:21,7.38,21500,7.37,U
sz000983,山西焦煤,2025-10-16 10:56:30,7.38,103680,7.37,U
sz000983,山西焦煤,2025-10-16 10:56:36,7.39,27200,7.38,U
sz000983,山西焦煤,2025-10-16 10:56:57,7.38,22200,7.38,D
sz000983,山西焦煤,2025-10-16 10:57:03,7.38,21500,7.38,D
sz000983,山西焦煤,2025-10-16 10:57:12,7.39,153800,7.38,U
sz000983,山西焦煤,2025-10-16 10:57:24,7.39,59200,7.38,U
sz000983,山西焦煤,2025-10-16 10:57:27,7.39,28400,7.39,U
sz000983,山西焦煤,2025-10-16 10:57:30,7.4,26300,7.39,U
sz000983,山西焦煤,2025-10-16 10:57:45,7.4,137500,7.4,U
sz000983,山西焦煤,2025-10-16 10:57:48,7.4,164300,7.4,U
sz000983,山西焦煤,2025-10-16 10:57:51,7.39,27400,7.4,D
sz000983,山西焦煤,2025-10-16 10:57:57,7.4,27100,7.4,U
sz000983,山西焦煤,2025-10-16 10:58:03,7.4,132700,7.39,U
sz000983,山西焦煤,2025-10-16 10:58:09,7.4,20800,7.4,U
sz000983,山西焦煤,2025-10-16 10:58:33,7.39,20300,7.4,D
sz000983,山西焦煤,2025-10-16 10:58:48,7.39,26400,7.39,D
sz000983,山西焦煤,2025-10-16 10:58:51,7.39,129400,7.39,D
sz000983,山西焦煤,2025-10-16 10:59:39,7.39,22000,7.38,U
sz000983,山西焦煤,2025-10-16 10:59:51,7.38,24000,7.38,D
sz000983,山西焦煤,2025-10-16 10:59:54,7.39,21100,7.38,U
sz000983,山西焦煤,2025-10-16 11:00:03,7.39,43000,7.39,U
sz000983,山西焦煤,2025-10-16 11:00:15,7.39,170800,7.38,U
sz000983,山西焦煤,2025-10-16 11:00:24,7.38,22100,7.38,D
sz000983,山西焦煤,2025-10-16 11:00:27,7.39,20400,7.38,U
sz000983,山西焦煤,2025-10-16 11:00:30,7.38,39300,7.39,D
sz000983,山西焦煤,2025-10-16 11:00:36,7.38,62800,7.38,D
sz000983,山西焦煤,2025-10-16 11:00:51,7.39,30000,7.38,U
sz000983,山西焦煤,2025-10-16 11:00:54,7.38,23000,7.39,D
sz000983,山西焦煤,2025-10-16 11:01:12,7.39,37700,7.38,D
sz000983,山西焦煤,2025-10-16 11:01:54,7.39,23900,7.39,U
sz000983,山西焦煤,2025-10-16 11:02:39,7.38,50900,7.39,D
sz000983,山西焦煤,2025-10-16 11:02:42,7.39,25800,7.38,U
sz000983,山西焦煤,2025-10-16 11:03:12,7.38,87300,7.38,D
sz000983,山西焦煤,2025-10-16 11:03:36,7.39,20600,7.38,U
sz000983,山西焦煤,2025-10-16 11:03:42,7.39,236800,7.38,U
sz000983,山西焦煤,2025-10-16 11:03:51,7.4,31800,7.39,U
sz000983,山西焦煤,2025-10-16 11:04:03,7.4,23000,7.4,U
sz000983,山西焦煤,2025-10-16 11:04:09,7.4,116000,7.4,U
sz000983,山西焦煤,2025-10-16 11:04:12,7.39,27300,7.4,D
sz000983,山西焦煤,2025-10-16 11:04:21,7.4,521450,7.39,U
sz000983,山西焦煤,2025-10-16 11:04:33,7.4,21700,7.4,D
sz000983,山西焦煤,2025-10-16 11:04:36,7.4,26400,7.4,D
sz000983,山西焦煤,2025-10-16 11:04:39,7.4,24100,7.4,D
sz000983,山西焦煤,2025-10-16 11:05:03,7.4,76300,7.4,D
sz000983,山西焦煤,2025-10-16 11:05:18,7.41,20200,7.41,U
sz000983,山西焦煤,2025-10-16 11:05:21,7.4,24000,7.41,D
sz000983,山西焦煤,2025-10-16 11:05:24,7.41,27500,7.4,U
sz000983,山西焦煤,2025-10-16 11:05:36,7.41,198400,7.4,U
sz000983,山西焦煤,2025-10-16 11:05:39,7.41,42700,7.41,U
sz000983,山西焦煤,2025-10-16 11:05:57,7.41,26000,7.41,U
sz000983,山西焦煤,2025-10-16 11:06:03,7.4,55900,7.4,D
sz000983,山西焦煤,2025-10-16 11:06:12,7.4,28394,7.4,D
sz000983,山西焦煤,2025-10-16 11:06:27,7.4,31700,7.4,D
sz000983,山西焦煤,2025-10-16 11:06:36,7.4,326616,7.41,D
sz000983,山西焦煤,2025-10-16 11:07:15,7.4,33600,7.39,U
sz000983,山西焦煤,2025-10-16 11:07:33,7.4,59300,7.4,U
sz000983,山西焦煤,2025-10-16 11:07:42,7.39,20000,7.4,D
sz000983,山西焦煤,2025-10-16 11:08:00,7.4,62200,7.39,U
sz000983,山西焦煤,2025-10-16 11:08:18,7.4,21300,7.39,U
sz000983,山西焦煤,2025-10-16 11:08:45,7.39,52600,7.4,D
sz000983,山西焦煤,2025-10-16 11:08:48,7.39,36600,7.39,D
sz000983,山西焦煤,2025-10-16 11:09:06,7.41,483100,7.39,U
sz000983,山西焦煤,2025-10-16 11:09:09,7.41,76700,7.41,U
sz000983,山西焦煤,2025-10-16 11:09:15,7.4,24400,7.41,D
sz000983,山西焦煤,2025-10-16 11:09:33,7.41,70400,7.4,U
sz000983,山西焦煤,2025-10-16 11:09:39,7.41,25800,7.4,U
sz000983,山西焦煤,2025-10-16 11:09:45,7.41,25100,7.4,U
sz000983,山西焦煤,2025-10-16 11:09:48,7.41,27600,7.41,U
sz000983,山西焦煤,2025-10-16 11:10:03,7.4,23000,7.41,D
sz000983,山西焦煤,2025-10-16 11:10:18,7.4,36000,7.4,D
sz000983,山西焦煤,2025-10-16 11:10:30,7.41,27200,7.4,U
sz000983,山西焦煤,2025-10-16 11:10:48,7.4,66200,7.41,D
sz000983,山西焦煤,2025-10-16 11:11:18,7.39,32300,7.39,D
sz000983,山西焦煤,2025-10-16 11:11:45,7.4,26600,7.39,U
sz000983,山西焦煤,2025-10-16 11:13:06,7.39,22700,7.39,U
sz000983,山西焦煤,2025-10-16 11:14:09,7.39,42600,7.4,D
sz000983,山西焦煤,2025-10-16 11:14:51,7.39,75900,7.39,D
sz000983,山西焦煤,2025-10-16 11:15:00,7.4,27900,7.4,U
sz000983,山西焦煤,2025-10-16 11:16:30,7.4,34200,7.4,U
sz000983,山西焦煤,2025-10-16 11:17:27,7.39,54100,7.38,U
sz000983,山西焦煤,2025-10-16 11:18:39,7.4,253700,7.39,U
sz000983,山西焦煤,2025-10-16 11:18:45,7.41,1104004,7.39,U
sz000983,山西焦煤,2025-10-16 11:18:54,7.41,26800,7.41,U
sz000983,山西焦煤,2025-10-16 11:19:00,7.4,23200,7.4,D
sz000983,山西焦煤,2025-10-16 11:19:15,7.41,107100,7.41,U
sz000983,山西焦煤,2025-10-16 11:19:18,7.41,151400,7.41,U
sz000983,山西焦煤,2025-10-16 11:19:24,7.41,41200,7.4,U
sz000983,山西焦煤,2025-10-16 11:19:57,7.4,33000,7.41,D
sz000983,山西焦煤,2025-10-16 11:20:06,7.41,22100,7.4,U
sz000983,山西焦煤,2025-10-16 11:20:15,7.41,20700,7.4,U
sz000983,山西焦煤,2025-10-16 11:20:39,7.41,25100,7.4,U
sz000983,山西焦煤,2025-10-16 11:20:42,7.41,53000,7.41,U
sz000983,山西焦煤,2025-10-16 11:21:00,7.4,50100,7.4,D
sz000983,山西焦煤,2025-10-16 11:21:21,7.41,28100,7.4,U
sz000983,山西焦煤,2025-10-16 11:21:33,7.4,39100,7.4,D
sz000983,山西焦煤,2025-10-16 11:22:06,7.4,22700,7.41,D
sz000983,山西焦煤,2025-10-16 11:22:09,7.42,591930,7.4,U
sz000983,山西焦煤,2025-10-16 11:22:12,7.41,248600,7.42,D
sz000983,山西焦煤,2025-10-16 11:22:21,7.42,29200,7.42,U
sz000983,山西焦煤,2025-10-16 11:22:51,7.42,83700,7.41,U
sz000983,山西焦煤,2025-10-16 11:23:06,7.42,34400,7.42,U
sz000983,山西焦煤,2025-10-16 11:23:09,7.42,22400,7.42,U
sz000983,山西焦煤,2025-10-16 11:23:15,7.42,54000,7.42,U
sz000983,山西焦煤,2025-10-16 11:23:18,7.41,30800,7.42,D
sz000983,山西焦煤,2025-10-16 11:23:42,7.42,112900,7.42,U
sz000983,山西焦煤,2025-10-16 11:23:45,7.42,93530,7.42,U
sz000983,山西焦煤,2025-10-16 11:23:54,7.42,63600,7.42,D
sz000983,山西焦煤,2025-10-16 11:23:57,7.43,26400,7.42,U
sz000983,山西焦煤,2025-10-16 11:24:03,7.42,170170,7.43,D
sz000983,山西焦煤,2025-10-16 11:24:12,7.42,103400,7.42,U
sz000983,山西焦煤,2025-10-16 11:24:45,7.41,24200,7.42,D
sz000983,山西焦煤,2025-10-16 11:24:51,7.41,27700,7.41,D
sz000983,山西焦煤,2025-10-16 11:24:54,7.41,22600,7.41,D
sz000983,山西焦煤,2025-10-16 11:25:06,7.42,33700,7.42,U
sz000983,山西焦煤,2025-10-16 11:26:06,7.41,25300,7.42,D
sz000983,山西焦煤,2025-10-16 11:26:18,7.41,53400,7.42,D
sz000983,山西焦煤,2025-10-16 11:26:21,7.42,62600,7.41,U
sz000983,山西焦煤,2025-10-16 11:26:27,7.42,55300,7.42,U
sz000983,山西焦煤,2025-10-16 11:26:45,7.41,45900,7.41,D
sz000983,山西焦煤,2025-10-16 11:26:48,7.41,30900,7.41,D
sz000983,山西焦煤,2025-10-16 11:26:54,7.41,39700,7.41,D
sz000983,山西焦煤,2025-10-16 11:27:03,7.41,38700,7.41,U
sz000983,山西焦煤,2025-10-16 11:27:06,7.41,20600,7.41,U
sz000983,山西焦煤,2025-10-16 11:27:15,7.4,24500,7.4,D
sz000983,山西焦煤,2025-10-16 11:27:42,7.4,25300,7.41,D
sz000983,山西焦煤,2025-10-16 11:28:33,7.4,25600,7.4,D
sz000983,山西焦煤,2025-10-16 11:28:36,7.39,168100,7.4,D
sz000983,山西焦煤,2025-10-16 11:29:54,7.39,116700,7.4,D
sz000983,山西焦煤,2025-10-16 13:00:00,7.39,23900,7.39,U
sz000983,山西焦煤,2025-10-16 13:00:03,7.38,344300,7.39,D
sz000983,山西焦煤,2025-10-16 13:00:06,7.38,297200,7.38,D
sz000983,山西焦煤,2025-10-16 13:00:09,7.37,55600,7.38,D
sz000983,山西焦煤,2025-10-16 13:00:15,7.37,41100,7.37,D
sz000983,山西焦煤,2025-10-16 13:00:18,7.37,22900,7.37,D
sz000983,山西焦煤,2025-10-16 13:00:21,7.37,23300,7.37,D
sz000983,山西焦煤,2025-10-16 13:00:27,7.37,22100,7.37,D
sz000983,山西焦煤,2025-10-16 13:00:54,7.36,21800,7.37,D
sz000983,山西焦煤,2025-10-16 13:01:12,7.37,26100,7.37,D
sz000983,山西焦煤,2025-10-16 13:01:27,7.37,23700,7.38,D
sz000983,山西焦煤,2025-10-16 13:01:45,7.37,32100,7.37,D
sz000983,山西焦煤,2025-10-16 13:02:00,7.38,61900,7.38,U
sz000983,山西焦煤,2025-10-16 13:02:03,7.38,23800,7.38,D
sz000983,山西焦煤,2025-10-16 13:02:12,7.39,22100,7.39,U
sz000983,山西焦煤,2025-10-16 13:02:54,7.39,25200,7.39,U
sz000983,山西焦煤,2025-10-16 13:03:18,7.4,58300,7.38,U
sz000983,山西焦煤,2025-10-16 13:03:21,7.39,23900,7.4,D
sz000983,山西焦煤,2025-10-16 13:03:42,7.39,29500,7.4,D
sz000983,山西焦煤,2025-10-16 13:03:45,7.39,21600,7.39,U
sz000983,山西焦煤,2025-10-16 13:04:27,7.39,61300,7.39,D
sz000983,山西焦煤,2025-10-16 13:04:30,7.39,51800,7.39,D
sz000983,山西焦煤,2025-10-16 13:04:36,7.4,27000,7.4,U
sz000983,山西焦煤,2025-10-16 13:04:39,7.4,20700,7.4,U
sz000983,山西焦煤,2025-10-16 13:05:03,7.39,23600,7.4,D
sz000983,山西焦煤,2025-10-16 13:05:21,7.39,25700,7.39,D
sz000983,山西焦煤,2025-10-16 13:05:39,7.38,95200,7.38,D
sz000983,山西焦煤,2025-10-16 13:05:42,7.38,66800,7.38,U
sz000983,山西焦煤,2025-10-16 13:05:51,7.38,99200,7.38,U
sz000983,山西焦煤,2025-10-16 13:06:00,7.37,22200,7.37,D
sz000983,山西焦煤,2025-10-16 13:06:03,7.38,25500,7.37,U
sz000983,山西焦煤,2025-10-16 13:06:09,7.37,69300,7.38,D
sz000983,山西焦煤,2025-10-16 13:07:15,7.37,64600,7.37,D
sz000983,山西焦煤,2025-10-16 13:07:27,7.37,59800,7.37,D
sz000983,山西焦煤,2025-10-16 13:07:57,7.36,36000,7.36,D
sz000983,山西焦煤,2025-10-16 13:08:06,7.36,50300,7.36,D
sz000983,山西焦煤,2025-10-16 13:08:24,7.36,27800,7.36,D
sz000983,山西焦煤,2025-10-16 13:08:33,7.36,160200,7.36,D
sz000983,山西焦煤,2025-10-16 13:08:39,7.35,38300,7.35,D
sz000983,山西焦煤,2025-10-16 13:08:48,7.35,51000,7.35,D
sz000983,山西焦煤,2025-10-16 13:10:06,7.35,20200,7.36,D
sz000983,山西焦煤,2025-10-16 13:10:30,7.35,60400,7.35,D
sz000983,山西焦煤,2025-10-16 13:11:00,7.35,36000,7.35,D
sz000983,山西焦煤,2025-10-16 13:11:06,7.35,20700,7.36,D
sz000983,山西焦煤,2025-10-16 13:11:09,7.35,21200,7.35,D
sz000983,山西焦煤,2025-10-16 13:11:15,7.35,20000,7.35,D
sz000983,山西焦煤,2025-10-16 13:11:45,7.36,58000,7.36,U
sz000983,山西焦煤,2025-10-16 13:11:57,7.36,25000,7.36,U
sz000983,山西焦煤,2025-10-16 13:12:09,7.36,30200,7.36,U
sz000983,山西焦煤,2025-10-16 13:12:21,7.35,23900,7.36,D
sz000983,山西焦煤,2025-10-16 13:14:27,7.36,26500,7.35,U
sz000983,山西焦煤,2025-10-16 13:14:30,7.35,23000,7.36,D
sz000983,山西焦煤,2025-10-16 13:14:39,7.35,21100,7.36,D
sz000983,山西焦煤,2025-10-16 13:14:54,7.35,52000,7.35,D
sz000983,山西焦煤,2025-10-16 13:15:03,7.36,27400,7.35,U
sz000983,山西焦煤,2025-10-16 13:15:21,7.35,28700,7.35,D
sz000983,山西焦煤,2025-10-16 13:15:30,7.36,55200,7.35,U
sz000983,山西焦煤,2025-10-16 13:15:39,7.35,51500,7.36,D
sz000983,山西焦煤,2025-10-16 13:16:18,7.36,24800,7.36,U
sz000983,山西焦煤,2025-10-16 13:16:33,7.36,103700,7.35,U
sz000983,山西焦煤,2025-10-16 13:17:18,7.36,20900,7.36,U
sz000983,山西焦煤,2025-10-16 13:17:51,7.36,57100,7.35,U
sz000983,山西焦煤,2025-10-16 13:17:57,7.36,22500,7.36,U
sz000983,山西焦煤,2025-10-16 13:18:51,7.36,34500,7.36,U
sz000983,山西焦煤,2025-10-16 13:19:54,7.36,21900,7.36,U
sz000983,山西焦煤,2025-10-16 13:20:09,7.35,42700,7.36,D
sz000983,山西焦煤,2025-10-16 13:20:12,7.36,24000,7.35,U
sz000983,山西焦煤,2025-10-16 13:20:18,7.37,21600,7.36,U
sz000983,山西焦煤,2025-10-16 13:20:24,7.36,22200,7.37,D
sz000983,山西焦煤,2025-10-16 13:20:42,7.36,27100,7.37,D
sz000983,山西焦煤,2025-10-16 13:20:45,7.37,28600,7.36,U
sz000983,山西焦煤,2025-10-16 13:21:27,7.37,32900,7.37,U
sz000983,山西焦煤,2025-10-16 13:21:30,7.37,22900,7.37,U
sz000983,山西焦煤,2025-10-16 13:21:33,7.37,57000,7.37,U
sz000983,山西焦煤,2025-10-16 13:21:42,7.38,21600,7.37,U
sz000983,山西焦煤,2025-10-16 13:21:54,7.37,31800,7.38,D
sz000983,山西焦煤,2025-10-16 13:21:57,7.37,21100,7.37,D
sz000983,山西焦煤,2025-10-16 13:22:24,7.38,28100,7.38,U
sz000983,山西焦煤,2025-10-16 13:22:42,7.38,40900,7.38,U
sz000983,山西焦煤,2025-10-16 13:22:48,7.37,32300,7.38,D
sz000983,山西焦煤,2025-10-16 13:22:57,7.37,37100,7.38,D
sz000983,山西焦煤,2025-10-16 13:23:03,7.36,161700,7.37,D
sz000983,山西焦煤,2025-10-16 13:23:06,7.37,26600,7.36,U
sz000983,山西焦煤,2025-10-16 13:23:18,7.35,69900,7.36,D
sz000983,山西焦煤,2025-10-16 13:24:21,7.36,47700,7.35,U
sz000983,山西焦煤,2025-10-16 13:24:27,7.35,125600,7.35,D
sz000983,山西焦煤,2025-10-16 13:24:45,7.35,23400,7.35,D
sz000983,山西焦煤,2025-10-16 13:25:12,7.36,20300,7.35,U
sz000983,山西焦煤,2025-10-16 13:25:18,7.36,24100,7.36,U
sz000983,山西焦煤,2025-10-16 13:25:45,7.36,39100,7.37,D
sz000983,山西焦煤,2025-10-16 13:26:12,7.36,44500,7.36,D
sz000983,山西焦煤,2025-10-16 13:27:21,7.35,25000,7.35,D
sz000983,山西焦煤,2025-10-16 13:27:33,7.36,22300,7.35,U
sz000983,山西焦煤,2025-10-16 13:27:54,7.35,20200,7.35,D
sz000983,山西焦煤,2025-10-16 13:28:03,7.36,25000,7.36,U
sz000983,山西焦煤,2025-10-16 13:28:24,7.36,21200,7.36,U
sz000983,山西焦煤,2025-10-16 13:28:45,7.36,32300,7.36,U
sz000983,山西焦煤,2025-10-16 13:28:57,7.36,26500,7.36,U
sz000983,山西焦煤,2025-10-16 13:29:03,7.36,25200,7.36,U
sz000983,山西焦煤,2025-10-16 13:29:06,7.37,46400,7.36,U
sz000983,山西焦煤,2025-10-16 13:29:09,7.36,63600,7.37,D
sz000983,山西焦煤,2025-10-16 13:29:12,7.37,63400,7.36,E
sz000983,山西焦煤,2025-10-16 13:29:18,7.37,26200,7.36,E
sz000983,山西焦煤,2025-10-16 13:29:21,7.37,23100,7.37,E
sz000983,山西焦煤,2025-10-16 13:29:27,7.39,42400,7.37,U
sz000983,山西焦煤,2025-10-16 13:29:57,7.37,38300,7.37,D
sz000983,山西焦煤,2025-10-16 13:30:03,7.37,32100,7.37,D
sz000983,山西焦煤,2025-10-16 13:30:27,7.37,22300,7.37,U
sz000983,山西焦煤,2025-10-16 13:30:51,7.36,24300,7.36,D
sz000983,山西焦煤,2025-10-16 13:30:57,7.36,66800,7.36,D
sz000983,山西焦煤,2025-10-16 13:31:09,7.35,20000,7.35,D
sz000983,山西焦煤,2025-10-16 13:31:51,7.35,24200,7.35,D
sz000983,山西焦煤,2025-10-16 13:32:03,7.36,21500,7.36,U
sz000983,山西焦煤,2025-10-16 13:33:06,7.35,26000,7.36,D
sz000983,山西焦煤,2025-10-16 13:34:03,7.36,31100,7.35,U
sz000983,山西焦煤,2025-10-16 13:34:06,7.35,26400,7.36,D
sz000983,山西焦煤,2025-10-16 13:34:24,7.35,34000,7.36,D
sz000983,山西焦煤,2025-10-16 13:34:33,7.36,113300,7.35,U
sz000983,山西焦煤,2025-10-16 13:35:03,7.36,38900,7.35,U
sz000983,山西焦煤,2025-10-16 13:36:24,7.36,80500,7.35,U
sz000983,山西焦煤,2025-10-16 13:36:51,7.35,23700,7.35,D
sz000983,山西焦煤,2025-10-16 13:38:03,7.35,64200,7.35,D
sz000983,山西焦煤,2025-10-16 13:38:21,7.35,71000,7.36,D
sz000983,山西焦煤,2025-10-16 13:38:39,7.35,59200,7.36,D
sz000983,山西焦煤,2025-10-16 13:38:54,7.35,30300,7.35,D
sz000983,山西焦煤,2025-10-16 13:39:09,7.35,62000,7.35,U
sz000983,山西焦煤,2025-10-16 13:39:18,7.34,50000,7.35,D
sz000983,山西焦煤,2025-10-16 13:39:51,7.35,65100,7.35,U
sz000983,山西焦煤,2025-10-16 13:40:15,7.34,62300,7.35,D
sz000983,山西焦煤,2025-10-16 13:40:45,7.35,124000,7.34,U
sz000983,山西焦煤,2025-10-16 13:41:00,7.34,126600,7.35,D
sz000983,山西焦煤,2025-10-16 13:41:03,7.35,28700,7.34,U
sz000983,山西焦煤,2025-10-16 13:41:24,7.35,53000,7.35,U
sz000983,山西焦煤,2025-10-16 13:41:30,7.35,20200,7.35,U
sz000983,山西焦煤,2025-10-16 13:41:36,7.35,57500,7.35,U
sz000983,山西焦煤,2025-10-16 13:41:51,7.34,23500,7.34,D
sz000983,山西焦煤,2025-10-16 13:41:57,7.34,20000,7.34,U
sz000983,山西焦煤,2025-10-16 13:42:21,7.35,78000,7.34,U
sz000983,山西焦煤,2025-10-16 13:42:39,7.34,52500,7.35,D
sz000983,山西焦煤,2025-10-16 13:43:18,7.34,22700,7.34,D
sz000983,山西焦煤,2025-10-16 13:43:21,7.35,43800,7.34,U
sz000983,山西焦煤,2025-10-16 13:44:27,7.36,33500,7.35,U
sz000983,山西焦煤,2025-10-16 13:44:36,7.36,30600,7.36,U
sz000983,山西焦煤,2025-10-16 13:44:39,7.37,20000,7.36,U
sz000983,山西焦煤,2025-10-16 13:44:42,7.36,46100,7.37,D
sz000983,山西焦煤,2025-10-16 13:44:51,7.37,31400,7.36,U
sz000983,山西焦煤,2025-10-16 13:45:09,7.37,21000,7.37,U
sz000983,山西焦煤,2025-10-16 13:46:06,7.36,52400,7.36,D
sz000983,山西焦煤,2025-10-16 13:46:21,7.36,66000,7.37,D
sz000983,山西焦煤,2025-10-16 13:46:48,7.36,24300,7.37,D
sz000983,山西焦煤,2025-10-16 13:47:00,7.36,33700,7.37,D
sz000983,山西焦煤,2025-10-16 13:47:39,7.37,20000,7.37,U
sz000983,山西焦煤,2025-10-16 13:47:42,7.36,29300,7.37,D
sz000983,山西焦煤,2025-10-16 13:48:09,7.36,56900,7.37,D
sz000983,山西焦煤,2025-10-16 13:48:12,7.37,172900,7.36,U
sz000983,山西焦煤,2025-10-16 13:48:15,7.38,70500,7.37,U
sz000983,山西焦煤,2025-10-16 13:48:24,7.38,25200,7.37,U
sz000983,山西焦煤,2025-10-16 13:48:36,7.37,61100,7.38,D
sz000983,山西焦煤,2025-10-16 13:48:39,7.38,20300,7.37,U
sz000983,山西焦煤,2025-10-16 13:48:42,7.38,155400,7.38,U
sz000983,山西焦煤,2025-10-16 13:48:57,7.39,96800,7.39,U
sz000983,山西焦煤,2025-10-16 13:49:00,7.38,34700,7.39,D
sz000983,山西焦煤,2025-10-16 13:49:15,7.38,26000,7.38,U
sz000983,山西焦煤,2025-10-16 13:49:21,7.39,21100,7.38,U
sz000983,山西焦煤,2025-10-16 13:49:27,7.38,23300,7.39,D
sz000983,山西焦煤,2025-10-16 13:49:30,7.38,62200,7.38,U
sz000983,山西焦煤,2025-10-16 13:49:48,7.38,38700,7.38,D
sz000983,山西焦煤,2025-10-16 13:50:06,7.38,21200,7.38,D
sz000983,山西焦煤,2025-10-16 13:50:27,7.38,53300,7.39,D
sz000983,山西焦煤,2025-10-16 13:50:36,7.39,26400,7.39,U
sz000983,山西焦煤,2025-10-16 13:50:39,7.38,70000,7.39,D
sz000983,山西焦煤,2025-10-16 13:50:54,7.38,22800,7.39,D
sz000983,山西焦煤,2025-10-16 13:51:06,7.38,102800,7.39,D
sz000983,山西焦煤,2025-10-16 13:51:12,7.37,101000,7.38,D
sz000983,山西焦煤,2025-10-16 13:51:18,7.39,26800,7.38,U
sz000983,山西焦煤,2025-10-16 13:51:36,7.39,33500,7.39,U
sz000983,山西焦煤,2025-10-16 13:51:42,7.39,135000,7.39,U
sz000983,山西焦煤,2025-10-16 13:51:48,7.39,38100,7.39,U
sz000983,山西焦煤,2025-10-16 13:52:03,7.39,91300,7.39,U
sz000983,山西焦煤,2025-10-16 13:52:06,7.39,44200,7.39,U
sz000983,山西焦煤,2025-10-16 13:52:21,7.38,147700,7.39,D
sz000983,山西焦煤,2025-10-16 13:52:42,7.38,21300,7.38,U
sz000983,山西焦煤,2025-10-16 13:53:12,7.38,22900,7.38,D
sz000983,山西焦煤,2025-10-16 13:53:18,7.38,51500,7.38,D
sz000983,山西焦煤,2025-10-16 13:53:42,7.39,345600,7.39,U
sz000983,山西焦煤,2025-10-16 13:53:48,7.39,22700,7.39,U
sz000983,山西焦煤,2025-10-16 13:54:03,7.39,26500,7.39,D
sz000983,山西焦煤,2025-10-16 13:54:06,7.4,40400,7.39,U
sz000983,山西焦煤,2025-10-16 13:54:21,7.4,23200,7.4,U
sz000983,山西焦煤,2025-10-16 13:54:30,7.39,186000,7.4,D
sz000983,山西焦煤,2025-10-16 13:54:48,7.39,30500,7.4,D
sz000983,山西焦煤,2025-10-16 13:54:57,7.4,21800,7.4,U
sz000983,山西焦煤,2025-10-16 13:55:00,7.39,168200,7.4,D
sz000983,山西焦煤,2025-10-16 13:55:03,7.4,144500,7.39,U
sz000983,山西焦煤,2025-10-16 13:55:06,7.4,59100,7.4,U
sz000983,山西焦煤,2025-10-16 13:55:09,7.4,52600,7.4,U
sz000983,山西焦煤,2025-10-16 13:55:12,7.4,37800,7.4,U
sz000983,山西焦煤,2025-10-16 13:55:15,7.4,216000,7.4,U
sz000983,山西焦煤,2025-10-16 13:55:18,7.4,24700,7.4,U
sz000983,山西焦煤,2025-10-16 13:55:21,7.4,29400,7.4,U
sz000983,山西焦煤,2025-10-16 13:55:36,7.41,27500,7.41,U
sz000983,山西焦煤,2025-10-16 13:55:39,7.41,55100,7.41,U
sz000983,山西焦煤,2025-10-16 13:55:51,7.41,87900,7.41,U
sz000983,山西焦煤,2025-10-16 13:55:57,7.41,32500,7.41,U
sz000983,山西焦煤,2025-10-16 13:56:00,7.4,62900,7.41,D
sz000983,山西焦煤,2025-10-16 13:56:03,7.4,64900,7.4,D
sz000983,山西焦煤,2025-10-16 13:56:06,7.4,64800,7.4,D
sz000983,山西焦煤,2025-10-16 13:56:15,7.4,71700,7.41,D
sz000983,山西焦煤,2025-10-16 13:56:21,7.41,57600,7.4,U
sz000983,山西焦煤,2025-10-16 13:56:24,7.41,64200,7.41,U
sz000983,山西焦煤,2025-10-16 13:56:27,7.41,26300,7.41,U
sz000983,山西焦煤,2025-10-16 13:56:30,7.4,112900,7.41,D
sz000983,山西焦煤,2025-10-16 13:56:48,7.4,48700,7.4,U
sz000983,山西焦煤,2025-10-16 13:57:15,7.39,34800,7.4,D
sz000983,山西焦煤,2025-10-16 13:57:33,7.39,27300,7.39,D
sz000983,山西焦煤,2025-10-16 13:58:09,7.39,31800,7.39,D
sz000983,山西焦煤,2025-10-16 13:58:12,7.39,22200,7.39,D
sz000983,山西焦煤,2025-10-16 13:58:15,7.4,70900,7.39,U
sz000983,山西焦煤,2025-10-16 13:58:21,7.4,39000,7.39,U
sz000983,山西焦煤,2025-10-16 13:58:24,7.4,32900,7.4,U
sz000983,山西焦煤,2025-10-16 13:58:39,7.39,37000,7.4,D
sz000983,山西焦煤,2025-10-16 13:58:42,7.39,130300,7.39,D
sz000983,山西焦煤,2025-10-16 13:58:45,7.39,27200,7.39,D
sz000983,山西焦煤,2025-10-16 13:58:48,7.39,29100,7.39,D
sz000983,山西焦煤,2025-10-16 13:58:54,7.39,21700,7.39,D
sz000983,山西焦煤,2025-10-16 13:59:03,7.38,139200,7.39,D
sz000983,山西焦煤,2025-10-16 13:59:39,7.38,34200,7.39,D
sz000983,山西焦煤,2025-10-16 14:00:00,7.38,43300,7.38,D
sz000983,山西焦煤,2025-10-16 14:00:03,7.38,44000,7.38,D
sz000983,山西焦煤,2025-10-16 14:00:30,7.38,45000,7.38,D
sz000983,山西焦煤,2025-10-16 14:01:03,7.39,254000,7.38,U
sz000983,山西焦煤,2025-10-16 14:01:30,7.39,53200,7.39,U
sz000983,山西焦煤,2025-10-16 14:01:45,7.39,57000,7.39,U
sz000983,山西焦煤,2025-10-16 14:01:54,7.38,22800,7.39,D
sz000983,山西焦煤,2025-10-16 14:02:03,7.38,35400,7.39,D
sz000983,山西焦煤,2025-10-16 14:02:06,7.38,40000,7.38,D
sz000983,山西焦煤,2025-10-16 14:02:33,7.39,21100,7.39,U
sz000983,山西焦煤,2025-10-16 14:02:36,7.39,22500,7.39,U
sz000983,山西焦煤,2025-10-16 14:03:12,7.39,30100,7.38,U
sz000983,山西焦煤,2025-10-16 14:03:15,7.39,20900,7.39,U
sz000983,山西焦煤,2025-10-16 14:03:51,7.39,41200,7.39,U
sz000983,山西焦煤,2025-10-16 14:04:27,7.38,34500,7.38,D
sz000983,山西焦煤,2025-10-16 14:04:42,7.38,71000,7.38,D
sz000983,山西焦煤,2025-10-16 14:05:03,7.39,64600,7.39,U
sz000983,山西焦煤,2025-10-16 14:05:15,7.38,42200,7.38,D
sz000983,山西焦煤,2025-10-16 14:05:36,7.38,22000,7.39,D
sz000983,山西焦煤,2025-10-16 14:06:00,7.38,31600,7.38,D
sz000983,山西焦煤,2025-10-16 14:06:03,7.39,191600,7.38,U
sz000983,山西焦煤,2025-10-16 14:06:18,7.39,20600,7.39,U
sz000983,山西焦煤,2025-10-16 14:06:57,7.39,657100,7.39,D
sz000983,山西焦煤,2025-10-16 14:07:00,7.4,68200,7.39,D
sz000983,山西焦煤,2025-10-16 14:07:06,7.4,51600,7.4,D
sz000983,山西焦煤,2025-10-16 14:07:12,7.4,50200,7.4,U
sz000983,山西焦煤,2025-10-16 14:07:21,7.39,28000,7.4,D
sz000983,山西焦煤,2025-10-16 14:07:27,7.39,29800,7.39,D
sz000983,山西焦煤,2025-10-16 14:07:39,7.39,40700,7.4,D
sz000983,山西焦煤,2025-10-16 14:07:51,7.39,29900,7.39,D
sz000983,山西焦煤,2025-10-16 14:08:06,7.39,61000,7.4,D
sz000983,山西焦煤,2025-10-16 14:08:09,7.39,51700,7.39,D
sz000983,山西焦煤,2025-10-16 14:08:21,7.39,58600,7.39,D
sz000983,山西焦煤,2025-10-16 14:08:24,7.39,339500,7.39,D
sz000983,山西焦煤,2025-10-16 14:08:48,7.39,20400,7.38,U
sz000983,山西焦煤,2025-10-16 14:09:21,7.39,121800,7.39,D
sz000983,山西焦煤,2025-10-16 14:09:24,7.4,46100,7.39,U
sz000983,山西焦煤,2025-10-16 14:09:33,7.4,48500,7.39,U
sz000983,山西焦煤,2025-10-16 14:09:39,7.39,23600,7.39,D
sz000983,山西焦煤,2025-10-16 14:09:45,7.39,61600,7.39,D
sz000983,山西焦煤,2025-10-16 14:09:48,7.4,27600,7.39,U
sz000983,山西焦煤,2025-10-16 14:09:54,7.39,109200,7.39,D
sz000983,山西焦煤,2025-10-16 14:10:21,7.4,25200,7.4,U
sz000983,山西焦煤,2025-10-16 14:10:30,7.4,40800,7.4,U
sz000983,山西焦煤,2025-10-16 14:10:39,7.4,26500,7.4,U
sz000983,山西焦煤,2025-10-16 14:10:42,7.4,32200,7.4,U
sz000983,山西焦煤,2025-10-16 14:10:45,7.4,23600,7.4,U
sz000983,山西焦煤,2025-10-16 14:10:48,7.4,27300,7.4,U
sz000983,山西焦煤,2025-10-16 14:10:51,7.41,33000,7.4,U
sz000983,山西焦煤,2025-10-16 14:11:06,7.4,38000,7.41,D
sz000983,山西焦煤,2025-10-16 14:11:15,7.41,26300,7.4,U
sz000983,山西焦煤,2025-10-16 14:11:18,7.41,21700,7.41,U
sz000983,山西焦煤,2025-10-16 14:11:21,7.4,21900,7.41,D
sz000983,山西焦煤,2025-10-16 14:11:24,7.41,265400,7.4,U
sz000983,山西焦煤,2025-10-16 14:11:36,7.41,96900,7.41,U
sz000983,山西焦煤,2025-10-16 14:11:39,7.41,26700,7.41,U
sz000983,山西焦煤,2025-10-16 14:11:42,7.41,41100,7.41,U
sz000983,山西焦煤,2025-10-16 14:11:51,7.4,47900,7.4,D
sz000983,山西焦煤,2025-10-16 14:11:54,7.41,24000,7.4,U
sz000983,山西焦煤,2025-10-16 14:11:57,7.41,63000,7.41,U
sz000983,山西焦煤,2025-10-16 14:12:00,7.4,68200,7.41,D
sz000983,山西焦煤,2025-10-16 14:13:09,7.4,27700,7.4,D
sz000983,山西焦煤,2025-10-16 14:13:36,7.41,31400,7.41,U
sz000983,山西焦煤,2025-10-16 14:14:18,7.41,40900,7.4,U
sz000983,山西焦煤,2025-10-16 14:14:21,7.4,35600,7.41,D
sz000983,山西焦煤,2025-10-16 14:14:24,7.4,57000,7.4,D
sz000983,山西焦煤,2025-10-16 14:14:27,7.4,34800,7.4,D
sz000983,山西焦煤,2025-10-16 14:14:30,7.4,31100,7.4,D
sz000983,山西焦煤,2025-10-16 14:14:33,7.4,20800,7.4,U
sz000983,山西焦煤,2025-10-16 14:14:36,7.4,73500,7.4,U
sz000983,山西焦煤,2025-10-16 14:14:48,7.4,105300,7.4,U
sz000983,山西焦煤,2025-10-16 14:14:51,7.39,37900,7.4,D
sz000983,山西焦煤,2025-10-16 14:14:57,7.4,30000,7.4,U
sz000983,山西焦煤,2025-10-16 14:15:06,7.4,25900,7.4,U
sz000983,山西焦煤,2025-10-16 14:15:09,7.4,25500,7.4,D
sz000983,山西焦煤,2025-10-16 14:15:21,7.41,75600,7.4,U
sz000983,山西焦煤,2025-10-16 14:15:45,7.41,57600,7.41,U
sz000983,山西焦煤,2025-10-16 14:15:48,7.4,23700,7.41,D
sz000983,山西焦煤,2025-10-16 14:16:12,7.4,113700,7.4,D
sz000983,山西焦煤,2025-10-16 14:16:15,7.4,34200,7.4,D
sz000983,山西焦煤,2025-10-16 14:16:18,7.4,22600,7.4,D
sz000983,山西焦煤,2025-10-16 14:16:27,7.4,42500,7.4,D
sz000983,山西焦煤,2025-10-16 14:16:39,7.4,265000,7.41,D
sz000983,山西焦煤,2025-10-16 14:16:42,7.4,24800,7.4,D
sz000983,山西焦煤,2025-10-16 14:16:45,7.41,123000,7.4,U
sz000983,山西焦煤,2025-10-16 14:16:48,7.4,22152,7.41,D
sz000983,山西焦煤,2025-10-16 14:17:12,7.4,21400,7.4,D
sz000983,山西焦煤,2025-10-16 14:17:27,7.41,31400,7.41,D
sz000983,山西焦煤,2025-10-16 14:17:36,7.41,26400,7.4,U
sz000983,山西焦煤,2025-10-16 14:17:39,7.41,31000,7.41,U
sz000983,山西焦煤,2025-10-16 14:17:48,7.41,26700,7.41,U
sz000983,山西焦煤,2025-10-16 14:17:51,7.41,22000,7.41,U
sz000983,山西焦煤,2025-10-16 14:18:03,7.41,64700,7.4,U
sz000983,山西焦煤,2025-10-16 14:18:09,7.4,48000,7.4,D
sz000983,山西焦煤,2025-10-16 14:18:12,7.4,49000,7.4,D
sz000983,山西焦煤,2025-10-16 14:18:18,7.41,34300,7.41,U
sz000983,山西焦煤,2025-10-16 14:18:21,7.42,60600,7.41,U
sz000983,山西焦煤,2025-10-16 14:18:24,7.4,28200,7.42,D
sz000983,山西焦煤,2025-10-16 14:18:27,7.41,28800,7.4,E
sz000983,山西焦煤,2025-10-16 14:18:30,7.42,21300,7.41,U
sz000983,山西焦煤,2025-10-16 14:18:33,7.4,32600,7.42,D
sz000983,山西焦煤,2025-10-16 14:18:36,7.42,657400,7.4,U
sz000983,山西焦煤,2025-10-16 14:18:39,7.41,105600,7.42,D
sz000983,山西焦煤,2025-10-16 14:18:42,7.41,65700,7.41,U
sz000983,山西焦煤,2025-10-16 14:18:45,7.41,73400,7.41,D
sz000983,山西焦煤,2025-10-16 14:18:48,7.42,101000,7.41,U
sz000983,山西焦煤,2025-10-16 14:18:51,7.42,47900,7.42,U
sz000983,山西焦煤,2025-10-16 14:18:54,7.42,49000,7.42,U
sz000983,山西焦煤,2025-10-16 14:18:57,7.42,51400,7.42,U
sz000983,山西焦煤,2025-10-16 14:19:06,7.42,881500,7.42,U
sz000983,山西焦煤,2025-10-16 14:19:09,7.43,86700,7.42,U
sz000983,山西焦煤,2025-10-16 14:19:12,7.42,105000,7.43,D
sz000983,山西焦煤,2025-10-16 14:19:15,7.43,31900,7.42,U
sz000983,山西焦煤,2025-10-16 14:19:18,7.43,160600,7.43,U
sz000983,山西焦煤,2025-10-16 14:19:21,7.43,51500,7.43,U
sz000983,山西焦煤,2025-10-16 14:19:24,7.42,26000,7.43,D
sz000983,山西焦煤,2025-10-16 14:19:27,7.42,78900,7.42,D
sz000983,山西焦煤,2025-10-16 14:19:30,7.43,142500,7.42,U
sz000983,山西焦煤,2025-10-16 14:19:33,7.43,20400,7.43,U
sz000983,山西焦煤,2025-10-16 14:19:39,7.42,125000,7.43,D
sz000983,山西焦煤,2025-10-16 14:19:45,7.43,38900,7.43,U
sz000983,山西焦煤,2025-10-16 14:19:51,7.43,24200,7.43,U
sz000983,山西焦煤,2025-10-16 14:19:54,7.43,45600,7.43,U
sz000983,山西焦煤,2025-10-16 14:19:57,7.42,32000,7.43,D
sz000983,山西焦煤,2025-10-16 14:20:00,7.43,40200,7.42,U
sz000983,山西焦煤,2025-10-16 14:20:03,7.43,127800,7.43,U
sz000983,山西焦煤,2025-10-16 14:20:06,7.43,291400,7.43,U
sz000983,山西焦煤,2025-10-16 14:20:09,7.43,118630,7.43,U
sz000983,山西焦煤,2025-10-16 14:20:12,7.43,63870,7.43,D
sz000983,山西焦煤,2025-10-16 14:20:15,7.44,36500,7.43,U
sz000983,山西焦煤,2025-10-16 14:20:21,7.43,34900,7.44,D
sz000983,山西焦煤,2025-10-16 14:20:24,7.44,29700,7.43,U
sz000983,山西焦煤,2025-10-16 14:20:27,7.44,63700,7.44,U
sz000983,山西焦煤,2025-10-16 14:20:33,7.43,58900,7.44,D
sz000983,山西焦煤,2025-10-16 14:20:36,7.44,56400,7.43,U
sz000983,山西焦煤,2025-10-16 14:20:39,7.44,30900,7.44,U
sz000983,山西焦煤,2025-10-16 14:20:42,7.44,152900,7.44,U
sz000983,山西焦煤,2025-10-16 14:20:45,7.43,92800,7.44,D
sz000983,山西焦煤,2025-10-16 14:20:48,7.44,32200,7.43,U
sz000983,山西焦煤,2025-10-16 14:20:51,7.43,42900,7.44,D
sz000983,山西焦煤,2025-10-16 14:20:57,7.44,22600,7.44,U
sz000983,山西焦煤,2025-10-16 14:21:00,7.44,38600,7.44,U
sz000983,山西焦煤,2025-10-16 14:21:03,7.44,135900,7.44,U
sz000983,山西焦煤,2025-10-16 14:21:06,7.44,796700,7.44,U
sz000983,山西焦煤,2025-10-16 14:21:09,7.44,102300,7.44,U
sz000983,山西焦煤,2025-10-16 14:21:12,7.44,41600,7.44,U
sz000983,山西焦煤,2025-10-16 14:21:15,7.44,23800,7.44,U
sz000983,山西焦煤,2025-10-16 14:21:18,7.44,43230,7.44,U
sz000983,山西焦煤,2025-10-16 14:21:21,7.44,57270,7.44,D
sz000983,山西焦煤,2025-10-16 14:21:27,7.44,33600,7.44,U
sz000983,山西焦煤,2025-10-16 14:21:30,7.43,43600,7.44,D
sz000983,山西焦煤,2025-10-16 14:21:42,7.44,25900,7.43,U
sz000983,山西焦煤,2025-10-16 14:21:51,7.44,109500,7.44,U
sz000983,山西焦煤,2025-10-16 14:21:57,7.44,28700,7.44,U
sz000983,山西焦煤,2025-10-16 14:22:15,7.44,54100,7.43,U
sz000983,山西焦煤,2025-10-16 14:22:21,7.43,50200,7.44,D
sz000983,山西焦煤,2025-10-16 14:22:24,7.43,97500,7.43,D
sz000983,山西焦煤,2025-10-16 14:22:27,7.44,37100,7.43,U
sz000983,山西焦煤,2025-10-16 14:22:30,7.43,60500,7.44,D
sz000983,山西焦煤,2025-10-16 14:22:33,7.44,22900,7.43,U
sz000983,山西焦煤,2025-10-16 14:22:39,7.43,38500,7.43,D
sz000983,山西焦煤,2025-10-16 14:22:42,7.44,55900,7.43,U
sz000983,山西焦煤,2025-10-16 14:22:48,7.43,68700,7.44,D
sz000983,山西焦煤,2025-10-16 14:22:51,7.44,380730,7.43,U
sz000983,山西焦煤,2025-10-16 14:22:54,7.45,48900,7.44,U
sz000983,山西焦煤,2025-10-16 14:22:57,7.45,31400,7.45,U
sz000983,山西焦煤,2025-10-16 14:23:00,7.44,75800,7.45,D
sz000983,山西焦煤,2025-10-16 14:23:03,7.45,31000,7.44,U
sz000983,山西焦煤,2025-10-16 14:23:06,7.44,142800,7.45,D
sz000983,山西焦煤,2025-10-16 14:23:24,7.45,38200,7.45,U
sz000983,山西焦煤,2025-10-16 14:23:27,7.45,44200,7.45,U
sz000983,山西焦煤,2025-10-16 14:23:30,7.45,27300,7.45,U
sz000983,山西焦煤,2025-10-16 14:23:33,7.45,34500,7.45,U
sz000983,山西焦煤,2025-10-16 14:23:36,7.45,207300,7.45,U
sz000983,山西焦煤,2025-10-16 14:23:42,7.44,43300,7.44,D
sz000983,山西焦煤,2025-10-16 14:23:45,7.44,31600,7.44,D
sz000983,山西焦煤,2025-10-16 14:23:48,7.44,1019170,7.44,D
sz000983,山西焦煤,2025-10-16 14:23:51,7.44,23200,7.44,U
sz000983,山西焦煤,2025-10-16 14:24:00,7.44,54200,7.44,U
sz000983,山西焦煤,2025-10-16 14:24:03,7.44,44900,7.44,U
sz000983,山西焦煤,2025-10-16 14:24:09,7.43,35400,7.43,D
sz000983,山西焦煤,2025-10-16 14:24:12,7.44,20000,7.43,U
sz000983,山西焦煤,2025-10-16 14:24:18,7.43,102800,7.43,D
sz000983,山西焦煤,2025-10-16 14:24:21,7.43,28800,7.43,D
sz000983,山西焦煤,2025-10-16 14:24:24,7.43,51000,7.43,D
sz000983,山西焦煤,2025-10-16 14:24:27,7.43,53000,7.43,D
sz000983,山西焦煤,2025-10-16 14:24:30,7.43,23400,7.43,D
sz000983,山西焦煤,2025-10-16 14:24:33,7.44,77800,7.43,U
sz000983,山西焦煤,2025-10-16 14:24:39,7.43,72000,7.44,D
sz000983,山西焦煤,2025-10-16 14:24:45,7.43,29000,7.43,U
sz000983,山西焦煤,2025-10-16 14:24:48,7.43,23400,7.43,D
sz000983,山西焦煤,2025-10-16 14:24:51,7.43,33500,7.43,D
sz000983,山西焦煤,2025-10-16 14:24:54,7.43,48800,7.43,D
sz000983,山西焦煤,2025-10-16 14:24:57,7.43,41126,7.43,D
sz000983,山西焦煤,2025-10-16 14:25:00,7.43,286374,7.43,D
sz000983,山西焦煤,2025-10-16 14:25:15,7.42,67700,7.42,D
sz000983,山西焦煤,2025-10-16 14:25:21,7.42,28300,7.42,D
sz000983,山西焦煤,2025-10-16 14:25:27,7.42,127000,7.43,D
sz000983,山西焦煤,2025-10-16 14:25:30,7.42,237800,7.42,D
sz000983,山西焦煤,2025-10-16 14:25:54,7.41,36000,7.41,D
sz000983,山西焦煤,2025-10-16 14:26:06,7.42,37100,7.41,U
sz000983,山西焦煤,2025-10-16 14:26:09,7.42,40800,7.42,U
sz000983,山西焦煤,2025-10-16 14:26:12,7.41,24700,7.42,D
sz000983,山西焦煤,2025-10-16 14:26:15,7.42,40200,7.41,U
sz000983,山西焦煤,2025-10-16 14:26:30,7.41,27100,7.42,D
sz000983,山西焦煤,2025-10-16 14:26:33,7.42,35600,7.41,U
sz000983,山西焦煤,2025-10-16 14:26:39,7.41,20100,7.41,D
sz000983,山西焦煤,2025-10-16 14:26:42,7.42,133900,7.41,U
sz000983,山西焦煤,2025-10-16 14:26:54,7.42,20100,7.42,D
sz000983,山西焦煤,2025-10-16 14:27:00,7.42,22300,7.42,D
sz000983,山西焦煤,2025-10-16 14:27:24,7.43,23200,7.43,U
sz000983,山西焦煤,2025-10-16 14:27:27,7.42,72000,7.43,D
sz000983,山西焦煤,2025-10-16 14:27:33,7.43,40700,7.43,U
sz000983,山西焦煤,2025-10-16 14:27:51,7.43,24000,7.43,U
sz000983,山西焦煤,2025-10-16 14:27:54,7.42,52800,7.43,D
sz000983,山西焦煤,2025-10-16 14:28:15,7.43,69000,7.42,U
sz000983,山西焦煤,2025-10-16 14:28:18,7.42,21200,7.43,D
sz000983,山西焦煤,2025-10-16 14:28:24,7.43,29900,7.43,U
sz000983,山西焦煤,2025-10-16 14:28:42,7.42,107900,7.42,D
sz000983,山西焦煤,2025-10-16 14:28:51,7.43,20500,7.43,U
sz000983,山西焦煤,2025-10-16 14:28:57,7.43,24200,7.43,U
sz000983,山西焦煤,2025-10-16 14:29:03,7.43,231500,7.42,U
sz000983,山西焦煤,2025-10-16 14:29:24,7.43,43100,7.44,D
sz000983,山西焦煤,2025-10-16 14:29:36,7.43,63500,7.44,D
sz000983,山西焦煤,2025-10-16 14:30:00,7.43,24300,7.43,D
sz000983,山西焦煤,2025-10-16 14:30:15,7.43,103300,7.44,D
sz000983,山西焦煤,2025-10-16 14:30:21,7.44,21500,7.43,U
sz000983,山西焦煤,2025-10-16 14:30:27,7.44,83300,7.43,U
sz000983,山西焦煤,2025-10-16 14:30:30,7.43,24700,7.44,D
sz000983,山西焦煤,2025-10-16 14:30:42,7.43,32300,7.43,D
sz000983,山西焦煤,2025-10-16 14:30:57,7.43,104800,7.43,D
sz000983,山西焦煤,2025-10-16 14:31:03,7.44,22200,7.44,U
sz000983,山西焦煤,2025-10-16 14:31:12,7.44,21000,7.44,U
sz000983,山西焦煤,2025-10-16 14:31:24,7.44,144900,7.44,U
sz000983,山西焦煤,2025-10-16 14:31:27,7.43,46600,7.44,D
sz000983,山西焦煤,2025-10-16 14:31:33,7.43,26000,7.43,D
sz000983,山西焦煤,2025-10-16 14:31:36,7.44,35300,7.43,U
sz000983,山西焦煤,2025-10-16 14:31:48,7.44,40600,7.43,U
sz000983,山西焦煤,2025-10-16 14:31:51,7.44,46000,7.44,U
sz000983,山西焦煤,2025-10-16 14:31:57,7.43,22900,7.43,D
sz000983,山西焦煤,2025-10-16 14:32:00,7.44,68300,7.43,U
sz000983,山西焦煤,2025-10-16 14:32:03,7.43,38700,7.44,D
sz000983,山西焦煤,2025-10-16 14:32:09,7.43,68700,7.44,D
sz000983,山西焦煤,2025-10-16 14:32:18,7.44,37800,7.44,U
sz000983,山西焦煤,2025-10-16 14:32:42,7.43,34000,7.43,D
sz000983,山西焦煤,2025-10-16 14:32:45,7.43,53600,7.43,D
sz000983,山西焦煤,2025-10-16 14:32:48,7.43,50800,7.43,D
sz000983,山西焦煤,2025-10-16 14:32:57,7.43,111500,7.44,D
sz000983,山西焦煤,2025-10-16 14:33:00,7.43,78300,7.43,D
sz000983,山西焦煤,2025-10-16 14:33:12,7.43,62800,7.44,D
sz000983,山西焦煤,2025-10-16 14:33:24,7.44,27400,7.44,U
sz000983,山西焦煤,2025-10-16 14:33:27,7.44,33600,7.44,U
sz000983,山西焦煤,2025-10-16 14:33:33,7.43,47100,7.43,D
sz000983,山西焦煤,2025-10-16 14:33:39,7.43,107100,7.44,D
sz000983,山西焦煤,2025-10-16 14:33:45,7.43,95500,7.44,D
sz000983,山西焦煤,2025-10-16 14:33:54,7.44,33500,7.44,U
sz000983,山西焦煤,2025-10-16 14:34:06,7.44,25500,7.44,U
sz000983,山西焦煤,2025-10-16 14:34:12,7.44,45800,7.43,U
sz000983,山西焦煤,2025-10-16 14:34:24,7.44,50300,7.44,U
sz000983,山西焦煤,2025-10-16 14:34:30,7.44,34600,7.43,U
sz000983,山西焦煤,2025-10-16 14:34:33,7.43,27200,7.44,D
sz000983,山西焦煤,2025-10-16 14:34:39,7.44,43000,7.44,U
sz000983,山西焦煤,2025-10-16 14:34:45,7.43,30600,7.44,D
sz000983,山西焦煤,2025-10-16 14:34:48,7.44,127100,7.43,U
sz000983,山西焦煤,2025-10-16 14:34:51,7.44,59500,7.44,U
sz000983,山西焦煤,2025-10-16 14:34:54,7.44,26900,7.44,U
sz000983,山西焦煤,2025-10-16 14:34:57,7.43,244100,7.44,D
sz000983,山西焦煤,2025-10-16 14:35:00,7.44,171600,7.43,U
sz000983,山西焦煤,2025-10-16 14:35:09,7.43,20400,7.43,D
sz000983,山西焦煤,2025-10-16 14:35:12,7.43,41900,7.43,D
sz000983,山西焦煤,2025-10-16 14:35:18,7.44,51700,7.43,U
sz000983,山西焦煤,2025-10-16 14:35:30,7.44,32900,7.43,U
sz000983,山西焦煤,2025-10-16 14:35:36,7.44,38900,7.44,U
sz000983,山西焦煤,2025-10-16 14:35:42,7.44,44300,7.44,U
sz000983,山西焦煤,2025-10-16 14:35:51,7.43,61400,7.44,D
sz000983,山西焦煤,2025-10-16 14:36:00,7.44,30300,7.44,U
sz000983,山西焦煤,2025-10-16 14:36:06,7.44,112100,7.44,U
sz000983,山西焦煤,2025-10-16 14:36:18,7.43,29300,7.43,D
sz000983,山西焦煤,2025-10-16 14:36:21,7.44,20900,7.43,U
sz000983,山西焦煤,2025-10-16 14:36:51,7.43,28100,7.44,D
sz000983,山西焦煤,2025-10-16 14:37:09,7.44,31900,7.44,U
sz000983,山西焦煤,2025-10-16 14:37:12,7.43,23400,7.44,D
sz000983,山西焦煤,2025-10-16 14:37:33,7.44,28300,7.43,U
sz000983,山西焦煤,2025-10-16 14:37:39,7.44,65100,7.44,U
sz000983,山西焦煤,2025-10-16 14:37:45,7.43,21300,7.44,D
sz000983,山西焦煤,2025-10-16 14:37:54,7.43,28500,7.43,D
sz000983,山西焦煤,2025-10-16 14:38:03,7.44,27800,7.44,U
sz000983,山西焦煤,2025-10-16 14:38:06,7.43,71500,7.44,D
sz000983,山西焦煤,2025-10-16 14:38:12,7.43,22900,7.44,D
sz000983,山西焦煤,2025-10-16 14:38:18,7.43,23700,7.43,D
sz000983,山西焦煤,2025-10-16 14:38:21,7.43,343900,7.43,D
sz000983,山西焦煤,2025-10-16 14:38:24,7.43,65000,7.43,D
sz000983,山西焦煤,2025-10-16 14:38:27,7.43,30200,7.43,D
sz000983,山西焦煤,2025-10-16 14:38:30,7.43,37800,7.43,D
sz000983,山西焦煤,2025-10-16 14:38:36,7.44,162500,7.43,U
sz000983,山西焦煤,2025-10-16 14:38:39,7.44,34100,7.44,U
sz000983,山西焦煤,2025-10-16 14:38:42,7.44,60800,7.44,U
sz000983,山西焦煤,2025-10-16 14:38:45,7.44,20100,7.44,U
sz000983,山西焦煤,2025-10-16 14:38:48,7.43,20300,7.44,D
sz000983,山西焦煤,2025-10-16 14:38:51,7.43,32300,7.43,D
sz000983,山西焦煤,2025-10-16 14:38:54,7.43,44300,7.43,D
sz000983,山西焦煤,2025-10-16 14:38:57,7.43,73100,7.43,D
sz000983,山西焦煤,2025-10-16 14:39:00,7.43,90500,7.43,D
sz000983,山西焦煤,2025-10-16 14:39:03,7.43,64300,7.43,D
sz000983,山西焦煤,2025-10-16 14:39:06,7.43,75200,7.43,D
sz000983,山西焦煤,2025-10-16 14:39:09,7.43,26100,7.43,D
sz000983,山西焦煤,2025-10-16 14:39:12,7.43,74800,7.43,D
sz000983,山西焦煤,2025-10-16 14:39:15,7.44,25400,7.43,U
sz000983,山西焦煤,2025-10-16 14:39:18,7.43,71900,7.44,D
sz000983,山西焦煤,2025-10-16 14:39:24,7.43,43470,7.43,D
sz000983,山西焦煤,2025-10-16 14:39:33,7.43,23000,7.43,U
sz000983,山西焦煤,2025-10-16 14:39:42,7.43,54800,7.43,U
sz000983,山西焦煤,2025-10-16 14:39:45,7.42,23900,7.43,D
sz000983,山西焦煤,2025-10-16 14:39:51,7.42,36500,7.43,D
sz000983,山西焦煤,2025-10-16 14:40:03,7.43,34500,7.43,U
sz000983,山西焦煤,2025-10-16 14:41:06,7.42,43100,7.43,D
sz000983,山西焦煤,2025-10-16 14:41:12,7.43,28400,7.42,U
sz000983,山西焦煤,2025-10-16 14:41:21,7.42,158800,7.42,D
sz000983,山西焦煤,2025-10-16 14:41:24,7.42,27350,7.42,D
sz000983,山西焦煤,2025-10-16 14:41:33,7.41,54400,7.42,D
sz000983,山西焦煤,2025-10-16 14:41:39,7.42,89500,7.42,U
sz000983,山西焦煤,2025-10-16 14:41:48,7.42,21900,7.41,U
sz000983,山西焦煤,2025-10-16 14:42:15,7.42,324950,7.42,U
sz000983,山西焦煤,2025-10-16 14:42:18,7.42,22600,7.42,D
sz000983,山西焦煤,2025-10-16 14:42:21,7.42,49550,7.42,D
sz000983,山西焦煤,2025-10-16 14:42:24,7.42,24100,7.42,U
sz000983,山西焦煤,2025-10-16 14:42:30,7.42,26900,7.41,U
sz000983,山西焦煤,2025-10-16 14:42:36,7.42,37300,7.42,U
sz000983,山西焦煤,2025-10-16 14:42:45,7.41,33500,7.41,D
sz000983,山西焦煤,2025-10-16 14:42:51,7.42,40200,7.41,U
sz000983,山西焦煤,2025-10-16 14:42:57,7.42,117750,7.41,U
sz000983,山西焦煤,2025-10-16 14:43:00,7.42,37800,7.42,D
sz000983,山西焦煤,2025-10-16 14:43:03,7.42,69000,7.42,D
sz000983,山西焦煤,2025-10-16 14:43:06,7.41,114050,7.42,D
sz000983,山西焦煤,2025-10-16 14:43:12,7.41,28500,7.42,D
sz000983,山西焦煤,2025-10-16 14:43:18,7.41,138100,7.41,D
sz000983,山西焦煤,2025-10-16 14:43:27,7.41,53100,7.41,D
sz000983,山西焦煤,2025-10-16 14:43:36,7.41,156000,7.42,D
sz000983,山西焦煤,2025-10-16 14:43:42,7.41,47900,7.41,D
sz000983,山西焦煤,2025-10-16 14:43:51,7.42,122700,7.41,U
sz000983,山西焦煤,2025-10-16 14:44:03,7.41,44940,7.41,D
sz000983,山西焦煤,2025-10-16 14:44:06,7.41,25800,7.41,D
sz000983,山西焦煤,2025-10-16 14:44:09,7.41,43600,7.41,D
sz000983,山西焦煤,2025-10-16 14:44:12,7.41,80900,7.41,D
sz000983,山西焦煤,2025-10-16 14:44:15,7.41,241500,7.41,D
sz000983,山西焦煤,2025-10-16 14:44:18,7.41,25300,7.41,D
sz000983,山西焦煤,2025-10-16 14:44:24,7.41,27800,7.41,D
sz000983,山西焦煤,2025-10-16 14:44:27,7.41,30160,7.41,D
sz000983,山西焦煤,2025-10-16 14:44:39,7.42,194500,7.41,U
sz000983,山西焦煤,2025-10-16 14:45:03,7.41,30600,7.41,D
sz000983,山西焦煤,2025-10-16 14:45:06,7.41,36700,7.41,D
sz000983,山西焦煤,2025-10-16 14:45:15,7.42,31800,7.41,U
sz000983,山西焦煤,2025-10-16 14:45:24,7.41,30600,7.42,D
sz000983,山西焦煤,2025-10-16 14:45:36,7.41,34300,7.41,D
sz000983,山西焦煤,2025-10-16 14:45:39,7.42,33000,7.41,U
sz000983,山西焦煤,2025-10-16 14:45:45,7.42,91300,7.42,U
sz000983,山西焦煤,2025-10-16 14:45:48,7.41,21300,7.42,D
sz000983,山西焦煤,2025-10-16 14:46:00,7.42,123700,7.42,U
sz000983,山西焦煤,2025-10-16 14:46:06,7.42,107900,7.42,U
sz000983,山西焦煤,2025-10-16 14:46:09,7.41,92700,7.42,D
sz000983,山西焦煤,2025-10-16 14:46:12,7.42,34000,7.41,U
sz000983,山西焦煤,2025-10-16 14:46:15,7.42,22000,7.42,U
sz000983,山西焦煤,2025-10-16 14:46:18,7.41,22200,7.42,D
sz000983,山西焦煤,2025-10-16 14:46:21,7.42,121300,7.41,U
sz000983,山西焦煤,2025-10-16 14:46:24,7.42,136350,7.42,U
sz000983,山西焦煤,2025-10-16 14:46:30,7.42,20400,7.42,D
sz000983,山西焦煤,2025-10-16 14:46:39,7.42,30200,7.42,D
sz000983,山西焦煤,2025-10-16 14:46:42,7.43,85500,7.42,U
sz000983,山西焦煤,2025-10-16 14:46:54,7.43,45900,7.43,U
sz000983,山西焦煤,2025-10-16 14:46:57,7.43,21200,7.43,U
sz000983,山西焦煤,2025-10-16 14:47:03,7.42,290100,7.43,D
sz000983,山西焦煤,2025-10-16 14:47:06,7.42,39300,7.42,D
sz000983,山西焦煤,2025-10-16 14:47:09,7.43,229500,7.42,U
sz000983,山西焦煤,2025-10-16 14:47:18,7.42,76300,7.42,D
sz000983,山西焦煤,2025-10-16 14:47:27,7.42,1231000,7.43,D
sz000983,山西焦煤,2025-10-16 14:47:30,7.42,54000,7.42,D
sz000983,山西焦煤,2025-10-16 14:47:33,7.42,64700,7.42,D
sz000983,山西焦煤,2025-10-16 14:47:54,7.42,53300,7.43,D
sz000983,山西焦煤,2025-10-16 14:48:09,7.42,242200,7.42,D
sz000983,山西焦煤,2025-10-16 14:48:21,7.42,24800,7.43,D
sz000983,山西焦煤,2025-10-16 14:48:24,7.42,121400,7.42,D
sz000983,山西焦煤,2025-10-16 14:48:27,7.43,21200,7.42,U
sz000983,山西焦煤,2025-10-16 14:48:30,7.42,50450,7.43,D
sz000983,山西焦煤,2025-10-16 14:48:54,7.42,26000,7.43,D
sz000983,山西焦煤,2025-10-16 14:49:00,7.43,22200,7.42,U
sz000983,山西焦煤,2025-10-16 14:49:03,7.43,36900,7.43,U
sz000983,山西焦煤,2025-10-16 14:49:09,7.42,55200,7.42,D
sz000983,山西焦煤,2025-10-16 14:49:12,7.42,118100,7.42,D
sz000983,山西焦煤,2025-10-16 14:49:18,7.42,21700,7.42,D
sz000983,山西焦煤,2025-10-16 14:49:21,7.42,34700,7.42,U
sz000983,山西焦煤,2025-10-16 14:49:33,7.42,57100,7.43,D
sz000983,山西焦煤,2025-10-16 14:49:45,7.41,24200,7.42,D
sz000983,山西焦煤,2025-10-16 14:49:57,7.42,29000,7.42,U
sz000983,山西焦煤,2025-10-16 14:50:03,7.42,125700,7.42,U
sz000983,山西焦煤,2025-10-16 14:50:06,7.42,191000,7.42,U
sz000983,山西焦煤,2025-10-16 14:50:24,7.42,25800,7.42,D
sz000983,山西焦煤,2025-10-16 14:50:27,7.42,41300,7.42,D
sz000983,山西焦煤,2025-10-16 14:50:30,7.43,38900,7.42,U
sz000983,山西焦煤,2025-10-16 14:50:33,7.42,24500,7.43,D
sz000983,山西焦煤,2025-10-16 14:50:36,7.42,37100,7.42,D
sz000983,山西焦煤,2025-10-16 14:50:45,7.43,22200,7.42,U
sz000983,山西焦煤,2025-10-16 14:51:03,7.42,111600,7.42,D
sz000983,山西焦煤,2025-10-16 14:51:12,7.43,69900,7.42,U
sz000983,山西焦煤,2025-10-16 14:51:15,7.43,42300,7.43,U
sz000983,山西焦煤,2025-10-16 14:51:21,7.43,26200,7.43,U
sz000983,山西焦煤,2025-10-16 14:51:24,7.43,22500,7.43,U
sz000983,山西焦煤,2025-10-16 14:51:30,7.42,39800,7.42,D
sz000983,山西焦煤,2025-10-16 14:51:51,7.42,35900,7.42,D
sz000983,山西焦煤,2025-10-16 14:52:03,7.42,48200,7.42,D
sz000983,山西焦煤,2025-10-16 14:52:06,7.43,23400,7.42,U
sz000983,山西焦煤,2025-10-16 14:52:15,7.42,76300,7.43,D
sz000983,山西焦煤,2025-10-16 14:52:30,7.42,21100,7.43,D
sz000983,山西焦煤,2025-10-16 14:52:33,7.42,119400,7.42,D
sz000983,山西焦煤,2025-10-16 14:52:36,7.43,28900,7.42,U
sz000983,山西焦煤,2025-10-16 14:52:45,7.43,23300,7.43,U
sz000983,山西焦煤,2025-10-16 14:52:54,7.43,32300,7.42,U
sz000983,山西焦煤,2025-10-16 14:53:09,7.43,121800,7.43,U
sz000983,山西焦煤,2025-10-16 14:53:12,7.42,60900,7.43,D
sz000983,山西焦煤,2025-10-16 14:53:15,7.42,307300,7.42,D
sz000983,山西焦煤,2025-10-16 14:53:18,7.43,37900,7.42,U
sz000983,山西焦煤,2025-10-16 14:53:21,7.43,26800,7.43,U
sz000983,山西焦煤,2025-10-16 14:53:24,7.43,182500,7.43,U
sz000983,山西焦煤,2025-10-16 14:53:27,7.43,32700,7.43,U
sz000983,山西焦煤,2025-10-16 14:53:30,7.42,204500,7.43,D
sz000983,山西焦煤,2025-10-16 14:53:33,7.42,34700,7.42,D
sz000983,山西焦煤,2025-10-16 14:53:36,7.42,26100,7.42,D
sz000983,山西焦煤,2025-10-16 14:53:42,7.42,26000,7.43,D
sz000983,山西焦煤,2025-10-16 14:53:54,7.42,47000,7.43,D
sz000983,山西焦煤,2025-10-16 14:54:00,7.43,43900,7.43,U
sz000983,山西焦煤,2025-10-16 14:54:06,7.42,109200,7.43,D
sz000983,山西焦煤,2025-10-16 14:54:09,7.42,34400,7.42,D
sz000983,山西焦煤,2025-10-16 14:54:18,7.43,48500,7.42,U
sz000983,山西焦煤,2025-10-16 14:54:24,7.42,46500,7.42,D
sz000983,山西焦煤,2025-10-16 14:54:36,7.42,28800,7.43,D
sz000983,山西焦煤,2025-10-16 14:54:42,7.43,20600,7.42,U
sz000983,山西焦煤,2025-10-16 14:54:48,7.42,40600,7.43,D
sz000983,山西焦煤,2025-10-16 14:54:51,7.43,36400,7.42,U
sz000983,山西焦煤,2025-10-16 14:55:00,7.42,45500,7.43,D
sz000983,山西焦煤,2025-10-16 14:55:03,7.42,112400,7.42,D
sz000983,山西焦煤,2025-10-16 14:55:06,7.42,35900,7.42,D
sz000983,山西焦煤,2025-10-16 14:55:09,7.43,108700,7.42,U
sz000983,山西焦煤,2025-10-16 14:55:15,7.42,357500,7.43,D
sz000983,山西焦煤,2025-10-16 14:55:18,7.42,22400,7.42,U
sz000983,山西焦煤,2025-10-16 14:55:21,7.42,23500,7.42,U
sz000983,山西焦煤,2025-10-16 14:55:24,7.42,22500,7.42,U
sz000983,山西焦煤,2025-10-16 14:55:27,7.42,28400,7.42,U
sz000983,山西焦煤,2025-10-16 14:55:30,7.42,21700,7.42,D
sz000983,山西焦煤,2025-10-16 14:55:33,7.43,52400,7.42,U
sz000983,山西焦煤,2025-10-16 14:55:39,7.42,160200,7.42,D
sz000983,山西焦煤,2025-10-16 14:55:42,7.42,36800,7.42,D
sz000983,山西焦煤,2025-10-16 14:55:48,7.43,49400,7.43,U
sz000983,山西焦煤,2025-10-16 14:55:51,7.43,49000,7.43,U
sz000983,山西焦煤,2025-10-16 14:55:54,7.42,49600,7.43,D
sz000983,山西焦煤,2025-10-16 14:55:57,7.43,44600,7.42,U
sz000983,山西焦煤,2025-10-16 14:56:00,7.42,43000,7.43,D
sz000983,山西焦煤,2025-10-16 14:56:03,7.43,49000,7.42,U
sz000983,山西焦煤,2025-10-16 14:56:06,7.41,486500,7.43,D
sz000983,山西焦煤,2025-10-16 14:56:09,7.41,79500,7.41,U
sz000983,山西焦煤,2025-10-16 14:56:12,7.41,130500,7.41,U
sz000983,山西焦煤,2025-10-16 14:56:15,7.41,42700,7.41,U
sz000983,山西焦煤,2025-10-16 14:56:18,7.42,111900,7.41,U
sz000983,山西焦煤,2025-10-16 14:56:24,7.42,88000,7.41,U
sz000983,山西焦煤,2025-10-16 14:56:27,7.42,122400,7.42,U
sz000983,山西焦煤,2025-10-16 14:56:30,7.41,39100,7.42,D
sz000983,山西焦煤,2025-10-16 14:56:33,7.42,20400,7.41,U
sz000983,山西焦煤,2025-10-16 14:56:36,7.42,29700,7.42,U
sz000983,山西焦煤,2025-10-16 14:56:39,7.42,49100,7.42,U
sz000983,山西焦煤,2025-10-16 14:56:45,7.42,37800,7.42,D
sz000983,山西焦煤,2025-10-16 14:56:48,7.42,64900,7.42,U
sz000983,山西焦煤,2025-10-16 14:56:51,7.42,36490,7.42,U
sz000983,山西焦煤,2025-10-16 14:56:57,7.42,59500,7.42,U
sz000983,山西焦煤,2025-10-16 14:57:00,7.42,28400,7.42,U
sz000983,山西焦煤,2025-10-16 15:00:00,7.44,5018600,7.42,E
