symbol,name,ticktime,price,volume,prev_price,kind
sz000983,山西焦煤,2025-09-30 09:25:00,6.92,211600,0.0,U
sz000983,山西焦煤,2025-09-30 09:30:00,6.93,132800,6.92,U
sz000983,山西焦煤,2025-09-30 09:30:03,6.93,177900,6.93,U
sz000983,山西焦煤,2025-09-30 09:30:06,6.94,68000,6.93,U
sz000983,山西焦煤,2025-09-30 09:30:09,6.92,96800,6.94,D
sz000983,山西焦煤,2025-09-30 09:30:33,6.94,28800,6.94,U
sz000983,山西焦煤,2025-09-30 09:30:48,6.92,92800,6.94,D
sz000983,山西焦煤,2025-09-30 09:31:00,6.92,60900,6.92,D
sz000983,山西焦煤,2025-09-30 09:31:06,6.92,62900,6.92,D
sz000983,山西焦煤,2025-09-30 09:31:09,6.93,26200,6.92,U
sz000983,山西焦煤,2025-09-30 09:31:15,6.93,35400,6.93,U
sz000983,山西焦煤,2025-09-30 09:31:27,6.92,34900,6.93,D
sz000983,山西焦煤,2025-09-30 09:31:33,6.92,114700,6.92,D
sz000983,山西焦煤,2025-09-30 09:31:42,6.94,91900,6.93,U
sz000983,山西焦煤,2025-09-30 09:31:45,6.93,27000,6.94,D
sz000983,山西焦煤,2025-09-30 09:31:48,6.93,137200,6.93,U
sz000983,山西焦煤,2025-09-30 09:31:51,6.95,140300,6.93,U
sz000983,山西焦煤,2025-09-30 09:31:54,6.94,762700,6.95,D
sz000983,山西焦煤,2025-09-30 09:31:57,6.94,55500,6.94,D
sz000983,山西焦煤,2025-09-30 09:32:00,6.94,30900,6.94,D
sz000983,山西焦煤,2025-09-30 09:32:12,6.94,28000,6.95,D
sz000983,山西焦煤,2025-09-30 09:32:24,6.93,31800,6.95,D
sz000983,山西焦煤,2025-09-30 09:32:30,6.93,68700,6.94,D
sz000983,山西焦煤,2025-09-30 09:32:39,6.93,35500,6.93,U
sz000983,山西焦煤,2025-09-30 09:32:51,6.92,22400,6.93,D
sz000983,山西焦煤,2025-09-30 09:33:03,6.93,30200,6.93,U
sz000983,山西焦煤,2025-09-30 09:33:21,6.92,70100,6.92,D
sz000983,山西焦煤,2025-09-30 09:33:33,6.93,20900,6.93,U
sz000983,山西焦煤,2025-09-30 09:33:36,6.93,31400,6.93,U
sz000983,山西焦煤,2025-09-30 09:33:42,6.93,24600,6.92,U
sz000983,山西焦煤,2025-09-30 09:33:51,6.93,64900,6.93,U
sz000983,山西焦煤,2025-09-30 09:34:03,6.93,128900,6.93,U
sz000983,山西焦煤,2025-09-30 09:34:06,6.92,57500,6.93,D
sz000983,山西焦煤,2025-09-30 09:34:12,6.92,98900,6.92,U
sz000983,山西焦煤,2025-09-30 09:34:18,6.92,56563,6.92,U
sz000983,山西焦煤,2025-09-30 09:34:33,6.91,27900,6.91,D
sz000983,山西焦煤,2025-09-30 09:34:36,6.92,29000,6.91,U
sz000983,山西焦煤,2025-09-30 09:34:42,6.92,29300,6.91,U
sz000983,山西焦煤,2025-09-30 09:34:51,6.91,45000,6.91,D
sz000983,山西焦煤,2025-09-30 09:34:57,6.91,75800,6.91,D
sz000983,山西焦煤,2025-09-30 09:35:03,6.92,37400,6.91,U
sz000983,山西焦煤,2025-09-30 09:35:09,6.91,23300,6.91,D
sz000983,山西焦煤,2025-09-30 09:35:15,6.91,30737,6.92,D
sz000983,山西焦煤,2025-09-30 09:35:24,6.9,39800,6.9,D
sz000983,山西焦煤,2025-09-30 09:35:30,6.91,22200,6.9,U
sz000983,山西焦煤,2025-09-30 09:36:09,6.91,32000,6.91,U
sz000983,山西焦煤,2025-09-30 09:36:12,6.9,81400,6.91,D
sz000983,山西焦煤,2025-09-30 09:36:21,6.9,41800,6.91,D
sz000983,山西焦煤,2025-09-30 09:36:27,6.91,71300,6.9,U
sz000983,山西焦煤,2025-09-30 09:36:36,6.91,158100,6.92,D
sz000983,山西焦煤,2025-09-30 09:36:54,6.91,21300,6.92,D
sz000983,山西焦煤,2025-09-30 09:37:39,6.91,49400,6.91,D
sz000983,山西焦煤,2025-09-30 09:38:03,6.91,33400,6.92,D
sz000983,山西焦煤,2025-09-30 09:38:06,6.91,24000,6.91,D
sz000983,山西焦煤,2025-09-30 09:38:09,6.91,20800,6.91,D
sz000983,山西焦煤,2025-09-30 09:38:30,6.91,27500,6.91,D
sz000983,山西焦煤,2025-09-30 09:38:36,6.91,47400,6.91,D
sz000983,山西焦煤,2025-09-30 09:38:39,6.91,133700,6.91,D
sz000983,山西焦煤,2025-09-30 09:38:42,6.91,26000,6.91,D
sz000983,山西焦煤,2025-09-30 09:38:57,6.91,101700,6.91,D
sz000983,山西焦煤,2025-09-30 09:39:03,6.91,23200,6.91,D
sz000983,山西焦煤,2025-09-30 09:39:18,6.91,37000,6.91,U
sz000983,山西焦煤,2025-09-30 09:39:27,6.91,24000,6.91,U
sz000983,山西焦煤,2025-09-30 09:40:12,6.92,54600,6.92,U
sz000983,山西焦煤,2025-09-30 09:40:36,6.92,24300,6.92,U
sz000983,山西焦煤,2025-09-30 09:40:39,6.92,28300,6.92,U
sz000983,山西焦煤,2025-09-30 09:40:51,6.91,38600,6.91,D
sz000983,山西焦煤,2025-09-30 09:40:54,6.91,30400,6.91,D
sz000983,山西焦煤,2025-09-30 09:41:21,6.91,24500,6.92,D
sz000983,山西焦煤,2025-09-30 09:41:33,6.91,138200,6.91,D
sz000983,山西焦煤,2025-09-30 09:42:00,6.92,37300,6.92,U
sz000983,山西焦煤,2025-09-30 09:42:42,6.91,59400,6.91,D
sz000983,山西焦煤,2025-09-30 09:42:45,6.91,24000,6.91,D
sz000983,山西焦煤,2025-09-30 09:42:51,6.91,98900,6.91,D
sz000983,山西焦煤,2025-09-30 09:43:42,6.92,30500,6.91,U
sz000983,山西焦煤,2025-09-30 09:44:09,6.91,38300,6.91,D
sz000983,山西焦煤,2025-09-30 09:44:21,6.92,30100,6.91,U
sz000983,山西焦煤,2025-09-30 09:44:39,6.91,160309,6.92,D
sz000983,山西焦煤,2025-09-30 09:44:45,6.92,42200,6.91,U
sz000983,山西焦煤,2025-09-30 09:44:51,6.92,20300,6.91,U
sz000983,山西焦煤,2025-09-30 09:45:12,6.9,21300,6.91,D
sz000983,山西焦煤,2025-09-30 09:45:36,6.91,95200,6.91,D
sz000983,山西焦煤,2025-09-30 09:46:06,6.91,38600,6.91,D
sz000983,山西焦煤,2025-09-30 09:46:21,6.91,41100,6.91,D
sz000983,山西焦煤,2025-09-30 09:46:24,6.9,26200,6.91,D
sz000983,山西焦煤,2025-09-30 09:46:30,6.91,90700,6.91,U
sz000983,山西焦煤,2025-09-30 09:47:06,6.92,131900,6.91,U
sz000983,山西焦煤,2025-09-30 09:47:21,6.92,28800,6.91,U
sz000983,山西焦煤,2025-09-30 09:47:30,6.92,22800,6.92,U
sz000983,山西焦煤,2025-09-30 09:48:03,6.92,21700,6.91,U
sz000983,山西焦煤,2025-09-30 09:48:12,6.92,154369,6.92,U
sz000983,山西焦煤,2025-09-30 09:48:21,6.92,26000,6.92,D
sz000983,山西焦煤,2025-09-30 09:48:39,6.93,43200,6.93,U
sz000983,山西焦煤,2025-09-30 09:49:15,6.93,66200,6.93,U
sz000983,山西焦煤,2025-09-30 09:49:18,6.93,20100,6.93,D
sz000983,山西焦煤,2025-09-30 09:49:30,6.93,212600,6.94,D
sz000983,山西焦煤,2025-09-30 09:50:18,6.95,29200,6.95,U
sz000983,山西焦煤,2025-09-30 09:50:27,6.94,33900,6.94,D
sz000983,山西焦煤,2025-09-30 09:51:03,6.93,26900,6.93,D
sz000983,山西焦煤,2025-09-30 09:51:06,6.93,88400,6.93,D
sz000983,山西焦煤,2025-09-30 09:51:12,6.93,23200,6.93,U
sz000983,山西焦煤,2025-09-30 09:51:30,6.92,32400,6.93,D
sz000983,山西焦煤,2025-09-30 09:51:33,6.92,42400,6.92,D
sz000983,山西焦煤,2025-09-30 09:51:57,6.93,56000,6.93,U
sz000983,山西焦煤,2025-09-30 09:53:57,6.94,77200,6.93,U
sz000983,山西焦煤,2025-09-30 09:55:18,6.94,82600,6.94,U
sz000983,山西焦煤,2025-09-30 09:55:24,6.94,22700,6.94,D
sz000983,山西焦煤,2025-09-30 09:55:54,6.94,24900,6.95,D
sz000983,山西焦煤,2025-09-30 09:56:21,6.95,743200,6.95,U
sz000983,山西焦煤,2025-09-30 09:56:27,6.96,60900,6.95,U
sz000983,山西焦煤,2025-09-30 09:56:45,6.97,22300,6.97,U
sz000983,山西焦煤,2025-09-30 09:56:51,6.97,91400,6.97,U
sz000983,山西焦煤,2025-09-30 09:56:57,6.97,22200,6.97,U
sz000983,山西焦煤,2025-09-30 09:57:00,6.97,112300,6.97,U
sz000983,山西焦煤,2025-09-30 09:57:03,6.98,45300,6.97,U
sz000983,山西焦煤,2025-09-30 09:57:15,6.97,27700,6.96,U
sz000983,山西焦煤,2025-09-30 09:57:21,6.97,20500,6.96,U
sz000983,山西焦煤,2025-09-30 09:57:36,6.97,20500,6.97,U
sz000983,山西焦煤,2025-09-30 09:58:03,6.97,49600,6.97,U
sz000983,山西焦煤,2025-09-30 09:58:06,6.97,51800,6.97,U
sz000983,山西焦煤,2025-09-30 09:58:15,6.97,24500,6.97,U
sz000983,山西焦煤,2025-09-30 09:58:33,6.97,24500,6.97,U
sz000983,山西焦煤,2025-09-30 09:58:45,6.97,53100,6.97,U
sz000983,山西焦煤,2025-09-30 09:59:03,6.96,242100,6.97,D
sz000983,山西焦煤,2025-09-30 09:59:36,6.97,23100,6.96,U
sz000983,山西焦煤,2025-09-30 09:59:45,6.96,23300,6.96,U
sz000983,山西焦煤,2025-09-30 09:59:51,6.96,88900,6.96,U
sz000983,山西焦煤,2025-09-30 10:01:15,6.97,112700,6.97,U
sz000983,山西焦煤,2025-09-30 10:01:18,6.96,38300,6.97,D
sz000983,山西焦煤,2025-09-30 10:02:15,6.97,549800,6.97,U
sz000983,山西焦煤,2025-09-30 10:03:12,6.98,44000,6.98,U
sz000983,山西焦煤,2025-09-30 10:03:15,6.97,20500,6.98,D
sz000983,山西焦煤,2025-09-30 10:03:30,6.98,859400,6.98,U
sz000983,山西焦煤,2025-09-30 10:03:36,6.98,83200,6.98,D
sz000983,山西焦煤,2025-09-30 10:03:42,6.98,29400,6.98,D
sz000983,山西焦煤,2025-09-30 10:03:45,6.98,29900,6.98,D
sz000983,山西焦煤,2025-09-30 10:03:51,6.98,33100,6.98,U
sz000983,山西焦煤,2025-09-30 10:03:57,6.98,73400,6.98,U
sz000983,山西焦煤,2025-09-30 10:04:12,6.98,30400,6.98,U
sz000983,山西焦煤,2025-09-30 10:04:18,6.98,49500,6.97,U
sz000983,山西焦煤,2025-09-30 10:05:15,6.97,83300,6.98,D
sz000983,山西焦煤,2025-09-30 10:05:48,6.98,40900,6.97,U
sz000983,山西焦煤,2025-09-30 10:05:54,6.98,23600,6.98,U
sz000983,山西焦煤,2025-09-30 10:06:27,6.98,238900,6.98,U
sz000983,山西焦煤,2025-09-30 10:07:09,6.97,22100,6.97,D
sz000983,山西焦煤,2025-09-30 10:08:09,6.98,31400,6.97,U
sz000983,山西焦煤,2025-09-30 10:08:12,6.98,78500,6.98,U
sz000983,山西焦煤,2025-09-30 10:08:51,6.97,24800,6.97,D
sz000983,山西焦煤,2025-09-30 10:09:09,6.97,124600,6.98,D
sz000983,山西焦煤,2025-09-30 10:09:12,6.97,73300,6.97,D
sz000983,山西焦煤,2025-09-30 10:09:15,6.97,57000,6.97,D
sz000983,山西焦煤,2025-09-30 10:09:33,6.97,36100,6.97,D
sz000983,山西焦煤,2025-09-30 10:09:57,6.97,369400,6.98,D
sz000983,山西焦煤,2025-09-30 10:10:03,6.97,58200,6.98,D
sz000983,山西焦煤,2025-09-30 10:10:24,6.97,35200,6.98,D
sz000983,山西焦煤,2025-09-30 10:10:54,6.97,32800,6.97,D
sz000983,山西焦煤,2025-09-30 10:13:18,6.97,39700,6.96,U
sz000983,山西焦煤,2025-09-30 10:13:21,6.97,23300,6.97,U
sz000983,山西焦煤,2025-09-30 10:15:48,6.96,339900,6.97,D
sz000983,山西焦煤,2025-09-30 10:15:54,6.97,46818,6.96,U
sz000983,山西焦煤,2025-09-30 10:16:30,6.96,30000,6.97,D
sz000983,山西焦煤,2025-09-30 10:17:03,6.97,120300,6.97,U
sz000983,山西焦煤,2025-09-30 10:17:06,6.97,113400,6.97,U
sz000983,山西焦煤,2025-09-30 10:18:18,6.98,23400,6.97,U
sz000983,山西焦煤,2025-09-30 10:19:09,6.97,105600,6.97,D
sz000983,山西焦煤,2025-09-30 10:20:33,6.96,27800,6.97,D
sz000983,山西焦煤,2025-09-30 10:21:48,6.96,41200,6.96,D
sz000983,山西焦煤,2025-09-30 10:22:54,6.97,32100,6.97,U
sz000983,山西焦煤,2025-09-30 10:24:12,6.97,24300,6.96,U
sz000983,山西焦煤,2025-09-30 10:25:06,6.96,21100,6.96,D
sz000983,山西焦煤,2025-09-30 10:26:30,6.97,47100,6.97,U
sz000983,山西焦煤,2025-09-30 10:26:36,6.97,55500,6.97,U
sz000983,山西焦煤,2025-09-30 10:26:48,6.96,124000,6.96,D
sz000983,山西焦煤,2025-09-30 10:27:12,6.96,526000,6.96,D
sz000983,山西焦煤,2025-09-30 10:27:57,6.96,34900,6.95,U
sz000983,山西焦煤,2025-09-30 10:28:24,6.96,40300,6.96,U
sz000983,山西焦煤,2025-09-30 10:28:33,6.96,30100,6.95,U
sz000983,山西焦煤,2025-09-30 10:28:57,6.96,50600,6.96,U
sz000983,山西焦煤,2025-09-30 10:29:06,6.95,49300,6.96,D
sz000983,山西焦煤,2025-09-30 10:29:18,6.95,30000,6.95,D
sz000983,山西焦煤,2025-09-30 10:29:30,6.96,31100,6.96,U
sz000983,山西焦煤,2025-09-30 10:29:57,6.96,34900,6.95,U
sz000983,山西焦煤,2025-09-30 10:30:42,6.95,140900,6.95,D
sz000983,山西焦煤,2025-09-30 10:30:45,6.95,141800,6.95,D
sz000983,山西焦煤,2025-09-30 10:30:57,6.95,33000,6.95,D
sz000983,山西焦煤,2025-09-30 10:31:06,6.95,36400,6.95,D
sz000983,山西焦煤,2025-09-30 10:31:54,6.95,41000,6.96,D
sz000983,山西焦煤,2025-09-30 10:32:30,6.95,179400,6.96,D
sz000983,山西焦煤,2025-09-30 10:33:45,6.95,23800,6.96,D
sz000983,山西焦煤,2025-09-30 10:35:12,6.96,20100,6.95,U
sz000983,山西焦煤,2025-09-30 10:36:36,6.95,39300,6.96,D
sz000983,山西焦煤,2025-09-30 10:37:42,6.95,149800,6.95,D
sz000983,山西焦煤,2025-09-30 10:38:48,6.96,20400,6.95,U
sz000983,山西焦煤,2025-09-30 10:39:03,6.95,35500,6.95,D
sz000983,山西焦煤,2025-09-30 10:41:03,6.97,1075800,6.95,U
sz000983,山西焦煤,2025-09-30 10:41:09,6.97,49800,6.97,U
sz000983,山西焦煤,2025-09-30 10:41:12,6.98,159600,6.97,U
sz000983,山西焦煤,2025-09-30 10:41:36,6.98,20100,6.97,U
sz000983,山西焦煤,2025-09-30 10:41:42,6.97,25000,6.97,D
sz000983,山西焦煤,2025-09-30 10:42:42,6.97,51500,6.97,D
sz000983,山西焦煤,2025-09-30 10:42:45,6.97,26200,6.97,D
sz000983,山西焦煤,2025-09-30 10:43:27,6.96,38000,6.97,D
sz000983,山西焦煤,2025-09-30 10:45:57,6.96,67600,6.96,D
sz000983,山西焦煤,2025-09-30 10:52:12,6.96,21000,6.95,U
sz000983,山西焦煤,2025-09-30 10:52:21,6.96,24300,6.96,U
sz000983,山西焦煤,2025-09-30 10:52:39,6.96,28100,6.95,U
sz000983,山西焦煤,2025-09-30 10:52:54,6.96,25000,6.96,U
sz000983,山西焦煤,2025-09-30 10:55:03,6.95,20000,6.95,D
sz000983,山西焦煤,2025-09-30 10:55:24,6.95,22900,6.95,D
sz000983,山西焦煤,2025-09-30 10:58:36,6.95,171900,6.95,D
sz000983,山西焦煤,2025-09-30 11:01:03,6.96,24200,6.95,U
sz000983,山西焦煤,2025-09-30 11:01:54,6.96,35900,6.95,U
sz000983,山西焦煤,2025-09-30 11:10:12,6.96,104800,6.95,U
sz000983,山西焦煤,2025-09-30 11:10:30,6.96,105700,6.95,U
sz000983,山西焦煤,2025-09-30 11:14:27,6.96,63700,6.96,U
sz000983,山西焦煤,2025-09-30 11:15:51,6.95,82300,6.96,D
sz000983,山西焦煤,2025-09-30 11:18:18,6.95,102800,6.95,D
sz000983,山西焦煤,2025-09-30 11:21:36,6.95,86700,6.95,D
sz000983,山西焦煤,2025-09-30 11:22:09,6.96,98900,6.96,U
sz000983,山西焦煤,2025-09-30 11:26:21,6.95,118500,6.96,D
sz000983,山西焦煤,2025-09-30 11:26:39,6.95,43600,6.96,D
sz000983,山西焦煤,2025-09-30 11:27:36,6.96,42100,6.95,U
sz000983,山西焦煤,2025-09-30 13:00:03,6.96,225850,6.96,U
sz000983,山西焦煤,2025-09-30 13:01:12,6.96,102200,6.95,U
sz000983,山西焦煤,2025-09-30 13:03:24,6.96,132600,6.96,U
sz000983,山西焦煤,2025-09-30 13:04:12,6.97,22800,6.97,U
sz000983,山西焦煤,2025-09-30 13:04:36,6.97,20000,6.96,U
sz000983,山西焦煤,2025-09-30 13:04:57,6.96,64300,6.96,D
sz000983,山西焦煤,2025-09-30 13:05:09,6.97,58200,6.96,U
sz000983,山西焦煤,2025-09-30 13:05:51,6.96,114300,6.96,D
sz000983,山西焦煤,2025-09-30 13:06:06,6.96,56500,6.97,D
sz000983,山西焦煤,2025-09-30 13:06:18,6.96,30800,6.96,D
sz000983,山西焦煤,2025-09-30 13:06:33,6.97,48700,6.97,U
sz000983,山西焦煤,2025-09-30 13:07:21,6.96,32600,6.96,D
sz000983,山西焦煤,2025-09-30 13:08:03,6.97,52300,6.96,U
sz000983,山西焦煤,2025-09-30 13:09:21,6.96,20000,6.97,D
sz000983,山西焦煤,2025-09-30 13:09:33,6.96,25028,6.96,D
sz000983,山西焦煤,2025-09-30 13:10:21,6.98,397800,6.96,U
sz000983,山西焦煤,2025-09-30 13:10:24,6.97,30100,6.98,D
sz000983,山西焦煤,2025-09-30 13:10:39,6.97,114100,6.97,D
sz000983,山西焦煤,2025-09-30 13:11:09,6.97,25600,6.98,D
sz000983,山西焦煤,2025-09-30 13:11:12,6.97,60200,6.97,U
sz000983,山西焦煤,2025-09-30 13:11:48,6.97,43200,6.97,D
sz000983,山西焦煤,2025-09-30 13:13:42,6.96,66000,6.96,D
sz000983,山西焦煤,2025-09-30 13:14:06,6.96,50000,6.97,D
sz000983,山西焦煤,2025-09-30 13:14:45,6.97,100000,6.96,U
sz000983,山西焦煤,2025-09-30 13:14:57,6.96,65200,6.97,D
sz000983,山西焦煤,2025-09-30 13:17:42,6.97,98500,6.97,U
sz000983,山西焦煤,2025-09-30 13:18:24,6.97,20700,6.97,D
sz000983,山西焦煤,2025-09-30 13:19:03,6.98,302200,6.98,U
sz000983,山西焦煤,2025-09-30 13:19:09,6.97,90000,6.97,D
sz000983,山西焦煤,2025-09-30 13:20:09,6.97,24200,6.97,D
sz000983,山西焦煤,2025-09-30 13:20:33,6.97,81400,6.97,D
sz000983,山西焦煤,2025-09-30 13:21:54,6.96,56500,6.96,D
sz000983,山西焦煤,2025-09-30 13:22:03,6.96,31800,6.96,D
sz000983,山西焦煤,2025-09-30 13:22:18,6.98,180900,6.97,U
sz000983,山西焦煤,2025-09-30 13:22:48,6.97,25300,6.97,D
sz000983,山西焦煤,2025-09-30 13:22:51,6.98,20400,6.97,U
sz000983,山西焦煤,2025-09-30 13:26:24,6.97,29400,6.98,D
sz000983,山西焦煤,2025-09-30 13:26:27,6.98,30000,6.97,U
sz000983,山西焦煤,2025-09-30 13:27:21,6.97,161900,6.97,D
sz000983,山西焦煤,2025-09-30 13:27:30,6.97,39800,6.97,U
sz000983,山西焦煤,2025-09-30 13:30:18,6.97,133900,6.96,U
sz000983,山西焦煤,2025-09-30 13:30:48,6.98,41000,6.97,U
sz000983,山西焦煤,2025-09-30 13:31:48,6.96,20400,6.97,D
sz000983,山西焦煤,2025-09-30 13:32:03,6.97,32500,6.98,D
sz000983,山西焦煤,2025-09-30 13:32:45,6.96,42100,6.96,D
sz000983,山西焦煤,2025-09-30 13:35:24,6.97,20900,6.97,U
sz000983,山西焦煤,2025-09-30 13:35:39,6.97,110300,6.96,U
sz000983,山西焦煤,2025-09-30 13:36:03,6.97,502400,6.97,U
sz000983,山西焦煤,2025-09-30 13:36:09,6.98,908700,6.98,U
sz000983,山西焦煤,2025-09-30 13:36:12,6.98,286500,6.98,U
sz000983,山西焦煤,2025-09-30 13:36:21,6.98,33700,6.98,U
sz000983,山西焦煤,2025-09-30 13:39:36,6.98,30100,6.98,U
sz000983,山西焦煤,2025-09-30 13:39:45,6.98,101000,6.97,U
sz000983,山西焦煤,2025-09-30 13:39:48,6.98,162300,6.98,U
sz000983,山西焦煤,2025-09-30 13:39:51,6.98,98200,6.98,U
sz000983,山西焦煤,2025-09-30 13:40:03,6.97,50000,6.97,D
sz000983,山西焦煤,2025-09-30 13:40:12,6.97,46400,6.98,D
sz000983,山西焦煤,2025-09-30 13:40:15,6.97,52900,6.97,D
sz000983,山西焦煤,2025-09-30 13:40:21,6.98,133600,6.97,U
sz000983,山西焦煤,2025-09-30 13:40:30,6.97,28800,6.98,D
sz000983,山西焦煤,2025-09-30 13:41:03,6.98,34700,6.98,U
sz000983,山西焦煤,2025-09-30 13:42:03,6.97,21800,6.98,D
sz000983,山西焦煤,2025-09-30 13:42:33,6.98,53900,6.97,U
sz000983,山西焦煤,2025-09-30 13:43:24,6.97,28700,6.97,D
sz000983,山西焦煤,2025-09-30 13:43:42,6.97,27600,6.98,D
sz000983,山西焦煤,2025-09-30 13:44:18,6.98,208600,6.97,U
sz000983,山西焦煤,2025-09-30 13:44:21,6.98,71687,6.98,U
sz000983,山西焦煤,2025-09-30 13:46:03,6.98,49200,6.98,D
sz000983,山西焦煤,2025-09-30 13:46:06,6.99,68700,6.98,U
sz000983,山西焦煤,2025-09-30 13:46:18,6.99,29900,6.98,U
sz000983,山西焦煤,2025-09-30 13:46:21,6.99,86500,6.99,U
sz000983,山西焦煤,2025-09-30 13:47:03,6.98,154300,6.98,D
sz000983,山西焦煤,2025-09-30 13:47:09,6.99,56900,6.98,U
sz000983,山西焦煤,2025-09-30 13:47:42,6.99,25100,6.98,U
sz000983,山西焦煤,2025-09-30 13:49:39,6.99,20600,6.98,U
sz000983,山西焦煤,2025-09-30 13:51:51,6.98,20000,6.98,D
sz000983,山西焦煤,2025-09-30 13:52:12,6.97,671200,6.98,D
sz000983,山西焦煤,2025-09-30 13:54:48,6.98,21400,6.98,U
sz000983,山西焦煤,2025-09-30 13:55:54,6.97,103700,6.97,D
sz000983,山西焦煤,2025-09-30 13:59:24,6.98,21000,6.97,U
sz000983,山西焦煤,2025-09-30 13:59:33,6.97,113100,6.97,D
sz000983,山西焦煤,2025-09-30 14:00:00,6.97,29000,6.98,D
sz000983,山西焦煤,2025-09-30 14:03:57,6.97,27600,6.97,D
sz000983,山西焦煤,2025-09-30 14:06:27,6.97,64000,6.98,D
sz000983,山西焦煤,2025-09-30 14:07:45,6.97,27300,6.97,D
sz000983,山西焦煤,2025-09-30 14:09:57,6.97,483270,6.97,D
sz000983,山西焦煤,2025-09-30 14:10:15,6.96,22200,6.97,D
sz000983,山西焦煤,2025-09-30 14:11:15,6.96,33300,6.96,D
sz000983,山西焦煤,2025-09-30 14:12:00,6.97,59800,6.97,U
sz000983,山西焦煤,2025-09-30 14:12:03,6.96,34000,6.97,D
sz000983,山西焦煤,2025-09-30 14:12:15,6.97,23500,6.97,U
sz000983,山西焦煤,2025-09-30 14:12:24,6.96,42600,6.96,D
sz000983,山西焦煤,2025-09-30 14:12:33,6.97,31000,6.96,U
sz000983,山西焦煤,2025-09-30 14:12:39,6.96,24500,6.96,D
sz000983,山西焦煤,2025-09-30 14:14:09,6.97,26200,6.97,U
sz000983,山西焦煤,2025-09-30 14:14:42,6.97,24900,6.97,U
sz000983,山西焦煤,2025-09-30 14:14:48,6.96,28700,6.96,D
sz000983,山西焦煤,2025-09-30 14:15:15,6.96,21000,6.96,D
sz000983,山西焦煤,2025-09-30 14:15:48,6.96,30100,6.97,D
sz000983,山西焦煤,2025-09-30 14:16:06,6.96,44400,6.97,D
sz000983,山西焦煤,2025-09-30 14:16:18,6.96,42400,6.96,D
sz000983,山西焦煤,2025-09-30 14:16:54,6.96,28500,6.96,D
sz000983,山西焦煤,2025-09-30 14:17:30,6.96,23600,6.97,D
sz000983,山西焦煤,2025-09-30 14:17:57,6.96,116800,6.96,D
sz000983,山西焦煤,2025-09-30 14:18:03,6.96,55000,6.96,D
sz000983,山西焦煤,2025-09-30 14:18:36,6.96,23800,6.97,D
sz000983,山西焦煤,2025-09-30 14:18:45,6.96,40900,6.96,D
sz000983,山西焦煤,2025-09-30 14:20:00,6.96,36300,6.96,D
sz000983,山西焦煤,2025-09-30 14:20:42,6.96,23400,6.96,D
sz000983,山西焦煤,2025-09-30 14:20:45,6.96,26100,6.96,D
sz000983,山西焦煤,2025-09-30 14:20:54,6.96,29200,6.96,D
sz000983,山西焦煤,2025-09-30 14:21:03,6.96,48734,6.96,D
sz000983,山西焦煤,2025-09-30 14:21:09,6.96,30100,6.96,U
sz000983,山西焦煤,2025-09-30 14:22:06,6.95,81700,6.96,D
sz000983,山西焦煤,2025-09-30 14:22:09,6.95,55300,6.95,D
sz000983,山西焦煤,2025-09-30 14:22:48,6.96,38400,6.96,U
sz000983,山西焦煤,2025-09-30 14:23:00,6.95,24100,6.96,D
sz000983,山西焦煤,2025-09-30 14:23:24,6.96,421366,6.95,U
sz000983,山西焦煤,2025-09-30 14:24:42,6.96,56000,6.96,D
sz000983,山西焦煤,2025-09-30 14:25:03,6.96,56600,6.96,D
sz000983,山西焦煤,2025-09-30 14:29:09,6.96,29100,6.96,D
sz000983,山西焦煤,2025-09-30 14:31:18,6.96,47600,6.97,D
sz000983,山西焦煤,2025-09-30 14:31:21,6.96,77900,6.96,D
sz000983,山西焦煤,2025-09-30 14:32:03,6.97,20600,6.96,U
sz000983,山西焦煤,2025-09-30 14:32:42,6.96,30600,6.97,D
sz000983,山西焦煤,2025-09-30 14:33:39,6.96,32800,6.96,D
sz000983,山西焦煤,2025-09-30 14:33:42,6.97,37400,6.96,U
sz000983,山西焦煤,2025-09-30 14:34:00,6.96,31700,6.96,D
sz000983,山西焦煤,2025-09-30 14:34:18,6.97,61100,6.96,U
sz000983,山西焦煤,2025-09-30 14:34:45,6.96,24200,6.96,D
sz000983,山西焦煤,2025-09-30 14:35:45,6.96,161100,6.96,D
sz000983,山西焦煤,2025-09-30 14:35:48,6.96,322234,6.96,D
sz000983,山西焦煤,2025-09-30 14:36:18,6.96,45400,6.97,D
sz000983,山西焦煤,2025-09-30 14:36:42,6.96,80000,6.96,U
sz000983,山西焦煤,2025-09-30 14:37:21,6.95,20800,6.95,D
sz000983,山西焦煤,2025-09-30 14:37:33,6.95,101400,6.95,D
sz000983,山西焦煤,2025-09-30 14:37:39,6.95,30500,6.95,D
sz000983,山西焦煤,2025-09-30 14:39:15,6.95,39600,6.96,D
sz000983,山西焦煤,2025-09-30 14:39:27,6.95,47800,6.95,D
sz000983,山西焦煤,2025-09-30 14:41:12,6.96,20500,6.96,U
sz000983,山西焦煤,2025-09-30 14:42:03,6.95,28800,6.96,D
sz000983,山西焦煤,2025-09-30 14:42:36,6.95,23000,6.95,D
sz000983,山西焦煤,2025-09-30 14:43:00,6.96,20200,6.95,U
sz000983,山西焦煤,2025-09-30 14:44:33,6.95,38300,6.96,D
sz000983,山西焦煤,2025-09-30 14:45:00,6.95,29200,6.95,D
sz000983,山西焦煤,2025-09-30 14:45:21,6.95,20500,6.95,D
sz000983,山西焦煤,2025-09-30 14:45:24,6.95,33000,6.95,D
sz000983,山西焦煤,2025-09-30 14:46:06,6.96,21400,6.96,U
sz000983,山西焦煤,2025-09-30 14:46:42,6.95,94900,6.96,D
sz000983,山西焦煤,2025-09-30 14:46:48,6.95,30600,6.95,D
sz000983,山西焦煤,2025-09-30 14:46:51,6.95,80200,6.95,D
sz000983,山西焦煤,2025-09-30 14:48:39,6.96,42100,6.96,U
sz000983,山西焦煤,2025-09-30 14:49:18,6.96,45400,6.96,U
sz000983,山西焦煤,2025-09-30 14:49:24,6.95,20500,6.95,D
sz000983,山西焦煤,2025-09-30 14:49:54,6.95,23700,6.96,D
sz000983,山西焦煤,2025-09-30 14:50:00,6.95,115200,6.96,D
sz000983,山西焦煤,2025-09-30 14:50:06,6.96,34900,6.95,U
sz000983,山西焦煤,2025-09-30 14:50:09,6.96,28200,6.96,U
sz000983,山西焦煤,2025-09-30 14:50:30,6.95,21500,6.95,D
sz000983,山西焦煤,2025-09-30 14:51:00,6.96,51100,6.96,U
sz000983,山西焦煤,2025-09-30 14:51:06,6.95,20000,6.95,D
sz000983,山西焦煤,2025-09-30 14:51:18,6.96,22200,6.95,U
sz000983,山西焦煤,2025-09-30 14:52:00,6.95,29700,6.95,D
sz000983,山西焦煤,2025-09-30 14:52:09,6.95,20100,6.95,D
sz000983,山西焦煤,2025-09-30 14:52:36,6.96,43000,6.96,U
sz000983,山西焦煤,2025-09-30 14:52:51,6.96,25700,6.96,U
sz000983,山西焦煤,2025-09-30 14:53:06,6.95,29700,6.95,D
sz000983,山西焦煤,2025-09-30 14:53:18,6.95,48200,6.96,D
sz000983,山西焦煤,2025-09-30 14:53:21,6.96,24200,6.95,U
sz000983,山西焦煤,2025-09-30 14:53:42,6.95,25400,6.96,D
sz000983,山西焦煤,2025-09-30 14:53:48,6.96,20500,6.95,U
sz000983,山西焦煤,2025-09-30 14:53:51,6.96,61800,6.96,U
sz000983,山西焦煤,2025-09-30 14:53:57,6.96,53400,6.96,U
sz000983,山西焦煤,2025-09-30 14:54:03,6.96,22500,6.95,U
sz000983,山西焦煤,2025-09-30 14:54:30,6.95,37800,6.96,D
sz000983,山西焦煤,2025-09-30 14:54:48,6.96,24100,6.96,U
sz000983,山西焦煤,2025-09-30 14:54:51,6.95,86400,6.96,D
sz000983,山西焦煤,2025-09-30 14:55:27,6.95,49000,6.95,D
sz000983,山西焦煤,2025-09-30 14:55:36,6.95,154900,6.96,D
sz000983,山西焦煤,2025-09-30 14:55:39,6.95,392800,6.95,D
sz000983,山西焦煤,2025-09-30 14:55:42,6.96,26100,6.95,U
sz000983,山西焦煤,2025-09-30 14:55:48,6.95,24500,6.95,D
sz000983,山西焦煤,2025-09-30 14:55:51,6.96,25700,6.95,U
sz000983,山西焦煤,2025-09-30 14:55:57,6.95,50000,6.96,D
sz000983,山西焦煤,2025-09-30 14:56:12,6.95,20100,6.95,D
sz000983,山西焦煤,2025-09-30 14:56:18,6.95,44800,6.96,D
sz000983,山西焦煤,2025-09-30 14:56:51,6.95,49400,6.95,D
sz000983,山西焦煤,2025-09-30 15:00:00,6.95,901745,6.96,E
