symbol,name,ticktime,price,volume,prev_price,kind
sz000983,山西焦煤,2025-09-25 09:25:00,7.21,300000,0.0,D
sz000983,山西焦煤,2025-09-25 09:30:03,7.18,191200,7.21,D
sz000983,山西焦煤,2025-09-25 09:30:06,7.18,22400,7.18,D
sz000983,山西焦煤,2025-09-25 09:30:09,7.19,36500,7.18,U
sz000983,山西焦煤,2025-09-25 09:30:12,7.2,119700,7.19,U
sz000983,山西焦煤,2025-09-25 09:30:15,7.2,38282,7.2,D
sz000983,山西焦煤,2025-09-25 09:30:18,7.21,39400,7.2,U
sz000983,山西焦煤,2025-09-25 09:30:21,7.2,30800,7.21,D
sz000983,山西焦煤,2025-09-25 09:30:36,7.19,80500,7.2,D
sz000983,山西焦煤,2025-09-25 09:30:42,7.2,37300,7.21,D
sz000983,山西焦煤,2025-09-25 09:30:57,7.19,106418,7.19,D
sz000983,山西焦煤,2025-09-25 09:31:03,7.19,27900,7.19,U
sz000983,山西焦煤,2025-09-25 09:31:06,7.19,163000,7.19,U
sz000983,山西焦煤,2025-09-25 09:31:21,7.18,36000,7.18,D
sz000983,山西焦煤,2025-09-25 09:31:27,7.18,49100,7.19,D
sz000983,山西焦煤,2025-09-25 09:31:30,7.19,30500,7.18,U
sz000983,山西焦煤,2025-09-25 09:31:36,7.18,35800,7.18,D
sz000983,山西焦煤,2025-09-25 09:31:42,7.18,208100,7.18,D
sz000983,山西焦煤,2025-09-25 09:31:48,7.17,21300,7.17,D
sz000983,山西焦煤,2025-09-25 09:31:51,7.18,36900,7.17,U
sz000983,山西焦煤,2025-09-25 09:31:54,7.17,33700,7.18,D
sz000983,山西焦煤,2025-09-25 09:31:57,7.17,46900,7.17,D
sz000983,山西焦煤,2025-09-25 09:32:03,7.17,111880,7.17,D
sz000983,山西焦煤,2025-09-25 09:32:06,7.17,26800,7.17,U
sz000983,山西焦煤,2025-09-25 09:32:09,7.16,40500,7.17,D
sz000983,山西焦煤,2025-09-25 09:32:12,7.17,35600,7.16,U
sz000983,山西焦煤,2025-09-25 09:32:15,7.17,37600,7.17,U
sz000983,山西焦煤,2025-09-25 09:32:33,7.17,48582,7.16,U
sz000983,山西焦煤,2025-09-25 09:32:45,7.18,26200,7.17,U
sz000983,山西焦煤,2025-09-25 09:32:54,7.18,64100,7.18,U
sz000983,山西焦煤,2025-09-25 09:33:03,7.19,28000,7.18,U
sz000983,山西焦煤,2025-09-25 09:33:09,7.18,43700,7.18,D
sz000983,山西焦煤,2025-09-25 09:33:12,7.18,38100,7.18,U
sz000983,山西焦煤,2025-09-25 09:33:15,7.18,35200,7.18,D
sz000983,山西焦煤,2025-09-25 09:33:18,7.19,59700,7.18,U
sz000983,山西焦煤,2025-09-25 09:33:33,7.18,169600,7.18,D
sz000983,山西焦煤,2025-09-25 09:33:42,7.18,20500,7.19,D
sz000983,山西焦煤,2025-09-25 09:33:45,7.18,32800,7.18,U
sz000983,山西焦煤,2025-09-25 09:33:54,7.17,38800,7.17,D
sz000983,山西焦煤,2025-09-25 09:34:00,7.17,69500,7.18,D
sz000983,山西焦煤,2025-09-25 09:34:03,7.18,27400,7.17,U
sz000983,山西焦煤,2025-09-25 09:34:21,7.18,22500,7.19,D
sz000983,山西焦煤,2025-09-25 09:34:24,7.2,43100,7.18,U
sz000983,山西焦煤,2025-09-25 09:34:33,7.19,29200,7.2,D
sz000983,山西焦煤,2025-09-25 09:34:48,7.19,26500,7.19,D
sz000983,山西焦煤,2025-09-25 09:35:09,7.18,50200,7.18,D
sz000983,山西焦煤,2025-09-25 09:35:12,7.18,116000,7.18,D
sz000983,山西焦煤,2025-09-25 09:35:15,7.18,37700,7.18,D
sz000983,山西焦煤,2025-09-25 09:35:27,7.17,24200,7.17,D
sz000983,山西焦煤,2025-09-25 09:35:51,7.17,29700,7.18,D
sz000983,山西焦煤,2025-09-25 09:35:57,7.17,411718,7.17,D
sz000983,山西焦煤,2025-09-25 09:36:06,7.16,33200,7.17,D
sz000983,山西焦煤,2025-09-25 09:36:09,7.17,42100,7.16,U
sz000983,山西焦煤,2025-09-25 09:36:15,7.17,42900,7.17,U
sz000983,山西焦煤,2025-09-25 09:36:30,7.17,60900,7.16,U
sz000983,山西焦煤,2025-09-25 09:36:33,7.16,35400,7.17,D
sz000983,山西焦煤,2025-09-25 09:36:39,7.17,29700,7.17,U
sz000983,山西焦煤,2025-09-25 09:36:42,7.17,62100,7.17,U
sz000983,山西焦煤,2025-09-25 09:36:45,7.16,257900,7.17,D
sz000983,山西焦煤,2025-09-25 09:36:48,7.17,78500,7.16,U
sz000983,山西焦煤,2025-09-25 09:37:03,7.17,28300,7.18,D
sz000983,山西焦煤,2025-09-25 09:37:09,7.17,106200,7.17,D
sz000983,山西焦煤,2025-09-25 09:37:24,7.17,21900,7.18,D
sz000983,山西焦煤,2025-09-25 09:37:33,7.17,104200,7.18,D
sz000983,山西焦煤,2025-09-25 09:37:45,7.17,37000,7.17,D
sz000983,山西焦煤,2025-09-25 09:37:57,7.17,573300,7.17,U
sz000983,山西焦煤,2025-09-25 09:38:00,7.17,73800,7.17,U
sz000983,山西焦煤,2025-09-25 09:38:03,7.16,82800,7.17,D
sz000983,山西焦煤,2025-09-25 09:38:18,7.16,64200,7.15,U
sz000983,山西焦煤,2025-09-25 09:38:21,7.16,46800,7.16,U
sz000983,山西焦煤,2025-09-25 09:38:24,7.16,25700,7.16,D
sz000983,山西焦煤,2025-09-25 09:38:33,7.17,78700,7.17,U
sz000983,山西焦煤,2025-09-25 09:38:45,7.16,27400,7.17,D
sz000983,山西焦煤,2025-09-25 09:38:51,7.16,34500,7.16,D
sz000983,山西焦煤,2025-09-25 09:38:57,7.17,28700,7.17,U
sz000983,山西焦煤,2025-09-25 09:39:09,7.16,29600,7.17,D
sz000983,山西焦煤,2025-09-25 09:39:15,7.17,28700,7.16,U
sz000983,山西焦煤,2025-09-25 09:39:18,7.18,172700,7.17,U
sz000983,山西焦煤,2025-09-25 09:39:24,7.18,27700,7.18,D
sz000983,山西焦煤,2025-09-25 09:39:33,7.17,23900,7.18,D
sz000983,山西焦煤,2025-09-25 09:39:36,7.17,39400,7.17,D
sz000983,山西焦煤,2025-09-25 09:39:51,7.17,111300,7.17,D
sz000983,山西焦煤,2025-09-25 09:39:57,7.17,68600,7.17,D
sz000983,山西焦煤,2025-09-25 09:40:06,7.17,20200,7.17,U
sz000983,山西焦煤,2025-09-25 09:40:09,7.17,69400,7.17,D
sz000983,山西焦煤,2025-09-25 09:40:15,7.17,21000,7.16,E
sz000983,山西焦煤,2025-09-25 09:40:21,7.17,67200,7.17,D
sz000983,山西焦煤,2025-09-25 09:40:24,7.17,68600,7.17,U
sz000983,山西焦煤,2025-09-25 09:40:27,7.17,31200,7.17,U
sz000983,山西焦煤,2025-09-25 09:40:33,7.17,20400,7.17,U
sz000983,山西焦煤,2025-09-25 09:40:36,7.17,24700,7.17,U
sz000983,山西焦煤,2025-09-25 09:40:48,7.19,114000,7.17,U
sz000983,山西焦煤,2025-09-25 09:40:51,7.19,107300,7.19,U
sz000983,山西焦煤,2025-09-25 09:40:54,7.18,30300,7.19,E
sz000983,山西焦煤,2025-09-25 09:41:06,7.18,115600,7.17,U
sz000983,山西焦煤,2025-09-25 09:41:12,7.18,100300,7.17,U
sz000983,山西焦煤,2025-09-25 09:41:15,7.18,27700,7.18,U
sz000983,山西焦煤,2025-09-25 09:41:18,7.18,28100,7.18,D
sz000983,山西焦煤,2025-09-25 09:41:21,7.18,32100,7.18,U
sz000983,山西焦煤,2025-09-25 09:41:24,7.18,23200,7.18,D
sz000983,山西焦煤,2025-09-25 09:41:27,7.18,29600,7.18,D
sz000983,山西焦煤,2025-09-25 09:41:39,7.18,45400,7.19,D
sz000983,山西焦煤,2025-09-25 09:41:54,7.18,20800,7.18,U
sz000983,山西焦煤,2025-09-25 09:41:57,7.18,71200,7.18,U
sz000983,山西焦煤,2025-09-25 09:42:06,7.18,24800,7.18,U
sz000983,山西焦煤,2025-09-25 09:42:15,7.18,147800,7.18,U
sz000983,山西焦煤,2025-09-25 09:42:18,7.18,24700,7.18,D
sz000983,山西焦煤,2025-09-25 09:42:21,7.18,385900,7.18,D
sz000983,山西焦煤,2025-09-25 09:42:24,7.18,44800,7.18,D
sz000983,山西焦煤,2025-09-25 09:42:30,7.19,26300,7.19,U
sz000983,山西焦煤,2025-09-25 09:42:54,7.19,92500,7.19,U
sz000983,山西焦煤,2025-09-25 09:42:57,7.19,57400,7.19,U
sz000983,山西焦煤,2025-09-25 09:43:03,7.2,60000,7.19,U
sz000983,山西焦煤,2025-09-25 09:43:06,7.2,57800,7.2,U
sz000983,山西焦煤,2025-09-25 09:43:12,7.19,30300,7.2,D
sz000983,山西焦煤,2025-09-25 09:43:21,7.19,54900,7.19,U
sz000983,山西焦煤,2025-09-25 09:43:24,7.18,45500,7.19,D
sz000983,山西焦煤,2025-09-25 09:43:30,7.18,34000,7.19,D
sz000983,山西焦煤,2025-09-25 09:43:42,7.18,45500,7.19,D
sz000983,山西焦煤,2025-09-25 09:43:48,7.19,40600,7.18,U
sz000983,山西焦煤,2025-09-25 09:44:06,7.19,20400,7.19,U
sz000983,山西焦煤,2025-09-25 09:44:09,7.18,26600,7.19,D
sz000983,山西焦煤,2025-09-25 09:44:24,7.18,74400,7.19,D
sz000983,山西焦煤,2025-09-25 09:44:27,7.18,23800,7.18,U
sz000983,山西焦煤,2025-09-25 09:44:30,7.18,29900,7.18,D
sz000983,山西焦煤,2025-09-25 09:44:36,7.17,66000,7.18,D
sz000983,山西焦煤,2025-09-25 09:44:48,7.17,198200,7.18,D
sz000983,山西焦煤,2025-09-25 09:44:51,7.16,61200,7.17,D
sz000983,山西焦煤,2025-09-25 09:44:54,7.17,34900,7.16,U
sz000983,山西焦煤,2025-09-25 09:44:57,7.17,69300,7.17,U
sz000983,山西焦煤,2025-09-25 09:45:27,7.16,28300,7.17,D
sz000983,山西焦煤,2025-09-25 09:45:33,7.17,30800,7.16,U
sz000983,山西焦煤,2025-09-25 09:45:36,7.17,26000,7.17,U
sz000983,山西焦煤,2025-09-25 09:45:48,7.16,46000,7.16,D
sz000983,山西焦煤,2025-09-25 09:45:51,7.17,23700,7.16,U
sz000983,山西焦煤,2025-09-25 09:45:57,7.17,122800,7.16,U
sz000983,山西焦煤,2025-09-25 09:46:00,7.16,33400,7.17,D
sz000983,山西焦煤,2025-09-25 09:46:06,7.17,35200,7.17,U
sz000983,山西焦煤,2025-09-25 09:46:21,7.17,322200,7.16,U
sz000983,山西焦煤,2025-09-25 09:46:24,7.17,28700,7.17,D
sz000983,山西焦煤,2025-09-25 09:46:36,7.17,44700,7.18,D
sz000983,山西焦煤,2025-09-25 09:46:39,7.17,22700,7.17,D
sz000983,山西焦煤,2025-09-25 09:46:45,7.17,28100,7.17,D
sz000983,山西焦煤,2025-09-25 09:46:51,7.16,24000,7.17,D
sz000983,山西焦煤,2025-09-25 09:46:57,7.17,23200,7.17,U
sz000983,山西焦煤,2025-09-25 09:47:00,7.17,20900,7.17,D
sz000983,山西焦煤,2025-09-25 09:47:09,7.17,22300,7.17,D
sz000983,山西焦煤,2025-09-25 09:47:18,7.17,35400,7.17,U
sz000983,山西焦煤,2025-09-25 09:47:30,7.17,20000,7.18,D
sz000983,山西焦煤,2025-09-25 09:47:54,7.17,28300,7.17,D
sz000983,山西焦煤,2025-09-25 09:48:00,7.18,20300,7.17,U
sz000983,山西焦煤,2025-09-25 09:48:12,7.18,22100,7.17,U
sz000983,山西焦煤,2025-09-25 09:48:15,7.17,112600,7.18,D
sz000983,山西焦煤,2025-09-25 09:48:21,7.17,32000,7.17,D
sz000983,山西焦煤,2025-09-25 09:48:24,7.17,20200,7.17,D
sz000983,山西焦煤,2025-09-25 09:48:27,7.18,21100,7.17,U
sz000983,山西焦煤,2025-09-25 09:48:36,7.18,22000,7.17,U
sz000983,山西焦煤,2025-09-25 09:48:42,7.16,47600,7.17,D
sz000983,山西焦煤,2025-09-25 09:48:51,7.16,35100,7.16,D
sz000983,山西焦煤,2025-09-25 09:48:57,7.16,31900,7.17,D
sz000983,山西焦煤,2025-09-25 09:49:06,7.16,23400,7.16,D
sz000983,山西焦煤,2025-09-25 09:49:09,7.16,20800,7.16,D
sz000983,山西焦煤,2025-09-25 09:49:18,7.16,26600,7.16,D
sz000983,山西焦煤,2025-09-25 09:49:21,7.17,523000,7.16,U
sz000983,山西焦煤,2025-09-25 09:49:27,7.16,33500,7.16,D
sz000983,山西焦煤,2025-09-25 09:49:33,7.16,23600,7.16,D
sz000983,山西焦煤,2025-09-25 09:49:36,7.16,37600,7.16,D
sz000983,山西焦煤,2025-09-25 09:49:42,7.16,30000,7.16,D
sz000983,山西焦煤,2025-09-25 09:49:48,7.16,42200,7.17,D
sz000983,山西焦煤,2025-09-25 09:49:57,7.16,41100,7.17,D
sz000983,山西焦煤,2025-09-25 09:50:00,7.16,55400,7.16,D
sz000983,山西焦煤,2025-09-25 09:50:03,7.16,31800,7.16,D
sz000983,山西焦煤,2025-09-25 09:50:09,7.16,28600,7.16,D
sz000983,山西焦煤,2025-09-25 09:50:18,7.16,33400,7.17,D
sz000983,山西焦煤,2025-09-25 09:50:27,7.17,415300,7.17,U
sz000983,山西焦煤,2025-09-25 09:50:33,7.17,35500,7.18,D
sz000983,山西焦煤,2025-09-25 09:50:36,7.19,52500,7.17,U
sz000983,山西焦煤,2025-09-25 09:50:39,7.19,114500,7.19,U
sz000983,山西焦煤,2025-09-25 09:50:42,7.18,21600,7.19,D
sz000983,山西焦煤,2025-09-25 09:50:48,7.18,39400,7.18,D
sz000983,山西焦煤,2025-09-25 09:50:54,7.16,74300,7.18,D
sz000983,山西焦煤,2025-09-25 09:51:03,7.18,31100,7.18,U
sz000983,山西焦煤,2025-09-25 09:51:06,7.17,27500,7.18,D
sz000983,山西焦煤,2025-09-25 09:51:21,7.17,27700,7.17,D
sz000983,山西焦煤,2025-09-25 09:51:27,7.17,77800,7.17,D
sz000983,山西焦煤,2025-09-25 09:51:33,7.17,64500,7.17,U
sz000983,山西焦煤,2025-09-25 09:51:39,7.17,33300,7.17,D
sz000983,山西焦煤,2025-09-25 09:51:42,7.17,36300,7.17,D
sz000983,山西焦煤,2025-09-25 09:51:45,7.17,21700,7.17,U
sz000983,山西焦煤,2025-09-25 09:52:00,7.16,129600,7.17,D
sz000983,山西焦煤,2025-09-25 09:52:21,7.16,69200,7.16,D
sz000983,山西焦煤,2025-09-25 09:53:09,7.16,44600,7.16,D
sz000983,山西焦煤,2025-09-25 09:53:24,7.16,45200,7.17,D
sz000983,山西焦煤,2025-09-25 09:53:27,7.16,48800,7.16,D
sz000983,山西焦煤,2025-09-25 09:53:30,7.17,138700,7.16,U
sz000983,山西焦煤,2025-09-25 09:54:00,7.16,40700,7.16,D
sz000983,山西焦煤,2025-09-25 09:54:21,7.15,715800,7.16,D
sz000983,山西焦煤,2025-09-25 09:54:24,7.15,26900,7.15,D
sz000983,山西焦煤,2025-09-25 09:54:33,7.16,42900,7.15,U
sz000983,山西焦煤,2025-09-25 09:54:36,7.16,143100,7.16,U
sz000983,山西焦煤,2025-09-25 09:54:54,7.15,25600,7.16,D
sz000983,山西焦煤,2025-09-25 09:54:57,7.15,56400,7.15,D
sz000983,山西焦煤,2025-09-25 09:55:00,7.15,59400,7.15,D
sz000983,山西焦煤,2025-09-25 09:55:06,7.15,33300,7.16,D
sz000983,山西焦煤,2025-09-25 09:55:09,7.15,24600,7.15,D
sz000983,山西焦煤,2025-09-25 09:55:12,7.15,902600,7.15,D
sz000983,山西焦煤,2025-09-25 09:55:15,7.14,95100,7.15,D
sz000983,山西焦煤,2025-09-25 09:55:18,7.14,115900,7.14,D
sz000983,山西焦煤,2025-09-25 09:55:21,7.14,255400,7.14,D
sz000983,山西焦煤,2025-09-25 09:55:24,7.13,67300,7.14,D
sz000983,山西焦煤,2025-09-25 09:55:27,7.14,33000,7.13,U
sz000983,山西焦煤,2025-09-25 09:55:30,7.13,40200,7.14,D
sz000983,山西焦煤,2025-09-25 09:55:33,7.13,73500,7.13,D
sz000983,山西焦煤,2025-09-25 09:55:36,7.13,348300,7.13,D
sz000983,山西焦煤,2025-09-25 09:55:39,7.13,22700,7.13,D
sz000983,山西焦煤,2025-09-25 09:55:42,7.13,83400,7.13,D
sz000983,山西焦煤,2025-09-25 09:55:45,7.13,25900,7.13,D
sz000983,山西焦煤,2025-09-25 09:55:48,7.14,407700,7.13,U
sz000983,山西焦煤,2025-09-25 09:55:51,7.14,245300,7.14,U
sz000983,山西焦煤,2025-09-25 09:55:54,7.13,136800,7.14,D
sz000983,山西焦煤,2025-09-25 09:56:03,7.13,25100,7.13,D
sz000983,山西焦煤,2025-09-25 09:56:06,7.14,79500,7.13,U
sz000983,山西焦煤,2025-09-25 09:56:21,7.14,27100,7.13,U
sz000983,山西焦煤,2025-09-25 09:56:30,7.13,149700,7.14,D
sz000983,山西焦煤,2025-09-25 09:56:36,7.14,46700,7.14,U
sz000983,山西焦煤,2025-09-25 09:56:45,7.13,27200,7.13,D
sz000983,山西焦煤,2025-09-25 09:56:48,7.14,24800,7.13,U
sz000983,山西焦煤,2025-09-25 09:56:54,7.14,31900,7.13,U
sz000983,山西焦煤,2025-09-25 09:56:57,7.14,51500,7.14,U
sz000983,山西焦煤,2025-09-25 09:57:03,7.14,37900,7.14,U
sz000983,山西焦煤,2025-09-25 09:57:15,7.13,20500,7.14,D
sz000983,山西焦煤,2025-09-25 09:57:24,7.14,27000,7.13,U
sz000983,山西焦煤,2025-09-25 09:57:30,7.14,130100,7.14,U
sz000983,山西焦煤,2025-09-25 09:57:39,7.16,68200,7.14,U
sz000983,山西焦煤,2025-09-25 09:57:54,7.16,20300,7.15,U
sz000983,山西焦煤,2025-09-25 09:58:15,7.15,42000,7.15,D
sz000983,山西焦煤,2025-09-25 09:58:18,7.14,28900,7.15,D
sz000983,山西焦煤,2025-09-25 09:59:03,7.15,23700,7.14,U
sz000983,山西焦煤,2025-09-25 09:59:12,7.15,26000,7.14,U
sz000983,山西焦煤,2025-09-25 09:59:18,7.14,55400,7.15,D
sz000983,山西焦煤,2025-09-25 09:59:30,7.15,119300,7.15,U
sz000983,山西焦煤,2025-09-25 10:00:42,7.15,22400,7.14,U
sz000983,山西焦煤,2025-09-25 10:00:54,7.14,20300,7.15,D
sz000983,山西焦煤,2025-09-25 10:01:03,7.14,45800,7.14,D
sz000983,山西焦煤,2025-09-25 10:01:06,7.15,69600,7.14,U
sz000983,山西焦煤,2025-09-25 10:01:12,7.14,31300,7.15,D
sz000983,山西焦煤,2025-09-25 10:01:18,7.15,44000,7.15,U
sz000983,山西焦煤,2025-09-25 10:01:21,7.14,41500,7.15,D
sz000983,山西焦煤,2025-09-25 10:01:24,7.14,52900,7.14,D
sz000983,山西焦煤,2025-09-25 10:01:33,7.15,33900,7.14,U
sz000983,山西焦煤,2025-09-25 10:01:39,7.14,89800,7.14,D
sz000983,山西焦煤,2025-09-25 10:01:42,7.14,22500,7.14,D
sz000983,山西焦煤,2025-09-25 10:01:54,7.14,49900,7.14,D
sz000983,山西焦煤,2025-09-25 10:02:03,7.14,311400,7.14,D
sz000983,山西焦煤,2025-09-25 10:02:09,7.14,128743,7.14,D
sz000983,山西焦煤,2025-09-25 10:02:21,7.13,21000,7.14,D
sz000983,山西焦煤,2025-09-25 10:02:27,7.14,60200,7.14,U
sz000983,山西焦煤,2025-09-25 10:02:54,7.13,20400,7.14,D
sz000983,山西焦煤,2025-09-25 10:03:00,7.14,111200,7.14,U
sz000983,山西焦煤,2025-09-25 10:03:03,7.13,23800,7.14,D
sz000983,山西焦煤,2025-09-25 10:03:09,7.14,46800,7.14,U
sz000983,山西焦煤,2025-09-25 10:03:12,7.14,21800,7.14,U
sz000983,山西焦煤,2025-09-25 10:04:06,7.14,79700,7.15,D
sz000983,山西焦煤,2025-09-25 10:04:09,7.14,78300,7.14,D
sz000983,山西焦煤,2025-09-25 10:04:15,7.15,95200,7.14,U
sz000983,山西焦煤,2025-09-25 10:04:18,7.14,58700,7.15,D
sz000983,山西焦煤,2025-09-25 10:04:30,7.14,24000,7.14,D
sz000983,山西焦煤,2025-09-25 10:04:45,7.15,24600,7.15,U
sz000983,山西焦煤,2025-09-25 10:05:27,7.15,34100,7.14,U
sz000983,山西焦煤,2025-09-25 10:05:48,7.14,64500,7.14,D
sz000983,山西焦煤,2025-09-25 10:06:00,7.14,23000,7.14,D
sz000983,山西焦煤,2025-09-25 10:06:15,7.15,24700,7.15,U
sz000983,山西焦煤,2025-09-25 10:06:24,7.14,125800,7.14,D
sz000983,山西焦煤,2025-09-25 10:06:39,7.14,250800,7.14,D
sz000983,山西焦煤,2025-09-25 10:06:42,7.14,186910,7.14,D
sz000983,山西焦煤,2025-09-25 10:06:48,7.14,31600,7.14,U
sz000983,山西焦煤,2025-09-25 10:06:51,7.14,34000,7.14,U
sz000983,山西焦煤,2025-09-25 10:06:57,7.14,37800,7.14,D
sz000983,山西焦煤,2025-09-25 10:07:51,7.14,22500,7.14,D
sz000983,山西焦煤,2025-09-25 10:07:54,7.15,21600,7.14,U
sz000983,山西焦煤,2025-09-25 10:08:27,7.15,46300,7.15,U
sz000983,山西焦煤,2025-09-25 10:09:03,7.14,175400,7.15,D
sz000983,山西焦煤,2025-09-25 10:09:24,7.14,45700,7.13,U
sz000983,山西焦煤,2025-09-25 10:09:27,7.14,31200,7.14,U
sz000983,山西焦煤,2025-09-25 10:09:36,7.13,70500,7.13,D
sz000983,山西焦煤,2025-09-25 10:10:21,7.14,52000,7.13,U
sz000983,山西焦煤,2025-09-25 10:10:24,7.13,48500,7.14,D
sz000983,山西焦煤,2025-09-25 10:10:27,7.13,68400,7.13,D
sz000983,山西焦煤,2025-09-25 10:10:30,7.15,21800,7.13,U
sz000983,山西焦煤,2025-09-25 10:11:12,7.14,52500,7.14,D
sz000983,山西焦煤,2025-09-25 10:11:33,7.13,86500,7.15,D
sz000983,山西焦煤,2025-09-25 10:11:48,7.14,26600,7.13,U
sz000983,山西焦煤,2025-09-25 10:12:00,7.14,58900,7.14,U
sz000983,山西焦煤,2025-09-25 10:12:27,7.14,27800,7.15,D
sz000983,山西焦煤,2025-09-25 10:13:03,7.15,37200,7.15,U
sz000983,山西焦煤,2025-09-25 10:13:51,7.14,27900,7.14,D
sz000983,山西焦煤,2025-09-25 10:13:57,7.14,41300,7.14,D
sz000983,山西焦煤,2025-09-25 10:14:18,7.15,25100,7.15,U
sz000983,山西焦煤,2025-09-25 10:14:36,7.15,40700,7.14,U
sz000983,山西焦煤,2025-09-25 10:14:45,7.15,36800,7.15,U
sz000983,山西焦煤,2025-09-25 10:15:24,7.15,20000,7.16,D
sz000983,山西焦煤,2025-09-25 10:15:45,7.15,22900,7.15,D
sz000983,山西焦煤,2025-09-25 10:15:51,7.15,23700,7.15,D
sz000983,山西焦煤,2025-09-25 10:15:57,7.14,82500,7.15,D
sz000983,山西焦煤,2025-09-25 10:16:03,7.15,43800,7.14,U
sz000983,山西焦煤,2025-09-25 10:16:36,7.16,103200,7.15,U
sz000983,山西焦煤,2025-09-25 10:16:57,7.16,27000,7.15,U
sz000983,山西焦煤,2025-09-25 10:17:00,7.16,20500,7.16,U
sz000983,山西焦煤,2025-09-25 10:17:09,7.16,55300,7.15,U
sz000983,山西焦煤,2025-09-25 10:18:30,7.17,26500,7.17,U
sz000983,山西焦煤,2025-09-25 10:18:48,7.17,22700,7.17,U
sz000983,山西焦煤,2025-09-25 10:20:15,7.16,198200,7.16,D
sz000983,山西焦煤,2025-09-25 10:21:24,7.16,31900,7.15,U
sz000983,山西焦煤,2025-09-25 10:21:27,7.16,68400,7.16,U
sz000983,山西焦煤,2025-09-25 10:21:33,7.16,257500,7.16,U
sz000983,山西焦煤,2025-09-25 10:22:03,7.16,28300,7.17,D
sz000983,山西焦煤,2025-09-25 10:22:21,7.16,32900,7.17,D
sz000983,山西焦煤,2025-09-25 10:23:09,7.16,21200,7.16,D
sz000983,山西焦煤,2025-09-25 10:24:03,7.15,34400,7.17,D
sz000983,山西焦煤,2025-09-25 10:25:39,7.16,22200,7.16,U
sz000983,山西焦煤,2025-09-25 10:27:09,7.16,32300,7.15,U
sz000983,山西焦煤,2025-09-25 10:27:18,7.16,26600,7.16,U
sz000983,山西焦煤,2025-09-25 10:27:24,7.16,32700,7.16,U
sz000983,山西焦煤,2025-09-25 10:27:57,7.16,21000,7.15,U
sz000983,山西焦煤,2025-09-25 10:28:51,7.16,21700,7.15,U
sz000983,山西焦煤,2025-09-25 10:29:57,7.16,47900,7.15,U
sz000983,山西焦煤,2025-09-25 10:30:09,7.16,50000,7.16,U
sz000983,山西焦煤,2025-09-25 10:31:12,7.16,21500,7.16,U
sz000983,山西焦煤,2025-09-25 10:32:18,7.15,50100,7.16,D
sz000983,山西焦煤,2025-09-25 10:32:36,7.15,24400,7.16,D
sz000983,山西焦煤,2025-09-25 10:32:48,7.15,22700,7.15,D
sz000983,山西焦煤,2025-09-25 10:34:21,7.15,66200,7.15,D
sz000983,山西焦煤,2025-09-25 10:34:24,7.15,163900,7.15,D
sz000983,山西焦煤,2025-09-25 10:34:27,7.15,36000,7.15,D
sz000983,山西焦煤,2025-09-25 10:34:36,7.16,41800,7.16,U
sz000983,山西焦煤,2025-09-25 10:34:42,7.15,23100,7.15,D
sz000983,山西焦煤,2025-09-25 10:35:00,7.16,32300,7.15,U
sz000983,山西焦煤,2025-09-25 10:35:15,7.16,46000,7.16,U
sz000983,山西焦煤,2025-09-25 10:35:42,7.15,35300,7.16,D
sz000983,山西焦煤,2025-09-25 10:36:09,7.15,20600,7.16,D
sz000983,山西焦煤,2025-09-25 10:37:06,7.15,364800,7.15,D
sz000983,山西焦煤,2025-09-25 10:37:18,7.15,114000,7.15,U
sz000983,山西焦煤,2025-09-25 10:37:27,7.15,60100,7.15,U
sz000983,山西焦煤,2025-09-25 10:37:42,7.15,446000,7.16,D
sz000983,山西焦煤,2025-09-25 10:37:54,7.15,80600,7.15,D
sz000983,山西焦煤,2025-09-25 10:38:00,7.15,58900,7.15,D
sz000983,山西焦煤,2025-09-25 10:38:06,7.16,28100,7.15,U
sz000983,山西焦煤,2025-09-25 10:38:09,7.16,46100,7.16,U
sz000983,山西焦煤,2025-09-25 10:38:27,7.15,21500,7.16,D
sz000983,山西焦煤,2025-09-25 10:38:39,7.16,33800,7.16,U
sz000983,山西焦煤,2025-09-25 10:40:15,7.16,68900,7.15,U
sz000983,山西焦煤,2025-09-25 10:41:36,7.15,60800,7.15,D
sz000983,山西焦煤,2025-09-25 10:42:15,7.15,116000,7.15,D
sz000983,山西焦煤,2025-09-25 10:42:21,7.15,21500,7.16,D
sz000983,山西焦煤,2025-09-25 10:42:33,7.15,55300,7.15,D
sz000983,山西焦煤,2025-09-25 10:43:42,7.15,50000,7.16,D
sz000983,山西焦煤,2025-09-25 10:44:15,7.15,20000,7.15,D
sz000983,山西焦煤,2025-09-25 10:45:21,7.15,47500,7.16,D
sz000983,山西焦煤,2025-09-25 10:45:33,7.15,42900,7.15,D
sz000983,山西焦煤,2025-09-25 10:45:48,7.16,26900,7.15,U
sz000983,山西焦煤,2025-09-25 10:46:03,7.16,59800,7.15,U
sz000983,山西焦煤,2025-09-25 10:46:30,7.16,34000,7.16,U
sz000983,山西焦煤,2025-09-25 10:46:45,7.16,27820,7.16,U
sz000983,山西焦煤,2025-09-25 10:47:15,7.16,20400,7.16,D
sz000983,山西焦煤,2025-09-25 10:47:18,7.18,504100,7.16,U
sz000983,山西焦煤,2025-09-25 10:47:45,7.18,24200,7.18,U
sz000983,山西焦煤,2025-09-25 10:47:48,7.18,21300,7.18,U
sz000983,山西焦煤,2025-09-25 10:47:54,7.19,36800,7.18,U
sz000983,山西焦煤,2025-09-25 10:48:39,7.19,71900,7.18,U
sz000983,山西焦煤,2025-09-25 10:49:36,7.18,22500,7.19,D
sz000983,山西焦煤,2025-09-25 10:49:39,7.18,70000,7.18,D
sz000983,山西焦煤,2025-09-25 10:49:45,7.18,21900,7.19,E
sz000983,山西焦煤,2025-09-25 10:50:21,7.18,56200,7.17,U
sz000983,山西焦煤,2025-09-25 10:50:42,7.19,248500,7.19,U
sz000983,山西焦煤,2025-09-25 10:50:45,7.19,140300,7.19,D
sz000983,山西焦煤,2025-09-25 10:50:54,7.2,78700,7.2,U
sz000983,山西焦煤,2025-09-25 10:51:03,7.2,21700,7.2,U
sz000983,山西焦煤,2025-09-25 10:51:36,7.2,25300,7.19,U
sz000983,山西焦煤,2025-09-25 10:52:00,7.2,69700,7.2,U
sz000983,山西焦煤,2025-09-25 10:52:09,7.2,53500,7.2,U
sz000983,山西焦煤,2025-09-25 10:52:24,7.2,138050,7.2,U
sz000983,山西焦煤,2025-09-25 10:52:45,7.2,20000,7.21,D
sz000983,山西焦煤,2025-09-25 10:54:03,7.2,59100,7.2,D
sz000983,山西焦煤,2025-09-25 10:57:54,7.2,22600,7.2,U
sz000983,山西焦煤,2025-09-25 11:02:33,7.2,48700,7.2,U
sz000983,山西焦煤,2025-09-25 11:03:30,7.2,20000,7.2,U
sz000983,山西焦煤,2025-09-25 11:03:33,7.2,260300,7.2,U
sz000983,山西焦煤,2025-09-25 11:03:36,7.21,334550,7.2,U
sz000983,山西焦煤,2025-09-25 11:03:48,7.2,65400,7.21,D
sz000983,山西焦煤,2025-09-25 11:05:03,7.21,20400,7.21,U
sz000983,山西焦煤,2025-09-25 11:05:33,7.21,38500,7.2,U
sz000983,山西焦煤,2025-09-25 11:05:48,7.21,20000,7.2,U
sz000983,山西焦煤,2025-09-25 11:06:21,7.21,22400,7.21,U
sz000983,山西焦煤,2025-09-25 11:08:12,7.21,80600,7.21,U
sz000983,山西焦煤,2025-09-25 11:08:33,7.21,36200,7.2,U
sz000983,山西焦煤,2025-09-25 11:08:36,7.2,56000,7.21,D
sz000983,山西焦煤,2025-09-25 11:08:57,7.2,36700,7.2,D
sz000983,山西焦煤,2025-09-25 11:09:15,7.2,23500,7.2,D
sz000983,山西焦煤,2025-09-25 11:09:30,7.2,20800,7.2,D
sz000983,山西焦煤,2025-09-25 11:09:54,7.2,31200,7.2,U
sz000983,山西焦煤,2025-09-25 11:10:42,7.19,30000,7.2,D
sz000983,山西焦煤,2025-09-25 11:11:00,7.2,112500,7.2,U
sz000983,山西焦煤,2025-09-25 11:11:09,7.19,100000,7.2,D
sz000983,山西焦煤,2025-09-25 11:12:12,7.19,31900,7.19,U
sz000983,山西焦煤,2025-09-25 11:12:36,7.19,34000,7.18,U
sz000983,山西焦煤,2025-09-25 11:13:30,7.19,100000,7.2,D
sz000983,山西焦煤,2025-09-25 11:14:57,7.19,41300,7.19,U
sz000983,山西焦煤,2025-09-25 11:15:03,7.2,338000,7.19,U
sz000983,山西焦煤,2025-09-25 11:17:03,7.19,362100,7.2,D
sz000983,山西焦煤,2025-09-25 11:18:21,7.2,902100,7.2,U
sz000983,山西焦煤,2025-09-25 11:18:24,7.19,631600,7.2,E
sz000983,山西焦煤,2025-09-25 11:18:30,7.19,41600,7.17,U
sz000983,山西焦煤,2025-09-25 11:20:39,7.19,20200,7.19,U
sz000983,山西焦煤,2025-09-25 11:22:15,7.19,36600,7.19,U
sz000983,山西焦煤,2025-09-25 11:23:48,7.19,43700,7.18,U
sz000983,山西焦煤,2025-09-25 11:24:24,7.19,77700,7.19,U
sz000983,山西焦煤,2025-09-25 11:24:33,7.2,25200,7.19,U
sz000983,山西焦煤,2025-09-25 11:26:03,7.19,28000,7.18,U
sz000983,山西焦煤,2025-09-25 11:26:57,7.18,21000,7.19,D
sz000983,山西焦煤,2025-09-25 11:27:27,7.18,30600,7.18,D
sz000983,山西焦煤,2025-09-25 11:28:36,7.17,50000,7.18,D
sz000983,山西焦煤,2025-09-25 13:00:00,7.17,108300,7.18,D
sz000983,山西焦煤,2025-09-25 13:00:03,7.17,162930,7.17,U
sz000983,山西焦煤,2025-09-25 13:01:03,7.16,34200,7.17,D
sz000983,山西焦煤,2025-09-25 13:01:21,7.16,38300,7.17,D
sz000983,山西焦煤,2025-09-25 13:03:03,7.16,154240,7.17,D
sz000983,山西焦煤,2025-09-25 13:03:06,7.17,88000,7.16,U
sz000983,山西焦煤,2025-09-25 13:03:09,7.16,24400,7.17,E
sz000983,山西焦煤,2025-09-25 13:03:12,7.16,75200,7.16,D
sz000983,山西焦煤,2025-09-25 13:05:48,7.17,20000,7.17,D
sz000983,山西焦煤,2025-09-25 13:06:45,7.17,36500,7.17,D
sz000983,山西焦煤,2025-09-25 13:08:48,7.16,25000,7.16,D
sz000983,山西焦煤,2025-09-25 13:09:12,7.17,20000,7.17,U
sz000983,山西焦煤,2025-09-25 13:09:36,7.17,30000,7.16,U
sz000983,山西焦煤,2025-09-25 13:10:09,7.17,21800,7.16,U
sz000983,山西焦煤,2025-09-25 13:10:18,7.16,21800,7.17,D
sz000983,山西焦煤,2025-09-25 13:12:45,7.17,27000,7.16,U
sz000983,山西焦煤,2025-09-25 13:13:06,7.16,28000,7.17,D
sz000983,山西焦煤,2025-09-25 13:13:24,7.16,37300,7.16,D
sz000983,山西焦煤,2025-09-25 13:13:30,7.16,36800,7.16,D
sz000983,山西焦煤,2025-09-25 13:14:09,7.16,81870,7.17,D
sz000983,山西焦煤,2025-09-25 13:14:18,7.16,21900,7.17,U
sz000983,山西焦煤,2025-09-25 13:16:03,7.15,41700,7.15,D
sz000983,山西焦煤,2025-09-25 13:16:30,7.15,26200,7.16,D
sz000983,山西焦煤,2025-09-25 13:16:42,7.16,24000,7.16,U
sz000983,山西焦煤,2025-09-25 13:17:39,7.16,34900,7.16,D
sz000983,山西焦煤,2025-09-25 13:19:00,7.16,28700,7.16,U
sz000983,山西焦煤,2025-09-25 13:19:09,7.16,26600,7.16,U
sz000983,山西焦煤,2025-09-25 13:19:12,7.17,37100,7.16,U
sz000983,山西焦煤,2025-09-25 13:19:45,7.16,34100,7.15,U
sz000983,山西焦煤,2025-09-25 13:21:15,7.16,22700,7.16,D
sz000983,山西焦煤,2025-09-25 13:21:27,7.17,33700,7.16,U
sz000983,山西焦煤,2025-09-25 13:24:33,7.17,36500,7.16,U
sz000983,山西焦煤,2025-09-25 13:24:54,7.16,69800,7.17,D
sz000983,山西焦煤,2025-09-25 13:25:24,7.17,20900,7.17,U
sz000983,山西焦煤,2025-09-25 13:25:36,7.16,83900,7.17,D
sz000983,山西焦煤,2025-09-25 13:27:33,7.15,31100,7.16,D
sz000983,山西焦煤,2025-09-25 13:27:36,7.17,40800,7.15,U
sz000983,山西焦煤,2025-09-25 13:27:39,7.17,49400,7.17,U
sz000983,山西焦煤,2025-09-25 13:29:03,7.16,61800,7.17,D
sz000983,山西焦煤,2025-09-25 13:29:30,7.17,26500,7.15,U
sz000983,山西焦煤,2025-09-25 13:29:57,7.15,26000,7.17,D
sz000983,山西焦煤,2025-09-25 13:31:03,7.16,62100,7.16,U
sz000983,山西焦煤,2025-09-25 13:31:48,7.16,20900,7.16,U
sz000983,山西焦煤,2025-09-25 13:32:15,7.16,50300,7.15,U
sz000983,山西焦煤,2025-09-25 13:33:03,7.15,188600,7.15,D
sz000983,山西焦煤,2025-09-25 13:33:12,7.15,122760,7.15,D
sz000983,山西焦煤,2025-09-25 13:34:06,7.14,108900,7.15,D
sz000983,山西焦煤,2025-09-25 13:34:30,7.14,30000,7.15,D
sz000983,山西焦煤,2025-09-25 13:34:54,7.14,40000,7.15,D
sz000983,山西焦煤,2025-09-25 13:35:03,7.15,40100,7.15,U
sz000983,山西焦煤,2025-09-25 13:35:24,7.14,20100,7.15,D
sz000983,山西焦煤,2025-09-25 13:35:36,7.16,159400,7.14,U
sz000983,山西焦煤,2025-09-25 13:36:27,7.17,96500,7.16,U
sz000983,山西焦煤,2025-09-25 13:37:15,7.16,23200,7.16,D
sz000983,山西焦煤,2025-09-25 13:39:03,7.16,20800,7.15,U
sz000983,山西焦煤,2025-09-25 13:39:33,7.16,52100,7.15,U
sz000983,山西焦煤,2025-09-25 13:45:03,7.17,222400,7.17,U
sz000983,山西焦煤,2025-09-25 13:45:09,7.16,21100,7.17,D
sz000983,山西焦煤,2025-09-25 13:45:30,7.16,64000,7.16,D
sz000983,山西焦煤,2025-09-25 13:47:12,7.16,22000,7.17,D
sz000983,山西焦煤,2025-09-25 13:48:12,7.17,35200,7.16,U
sz000983,山西焦煤,2025-09-25 13:49:15,7.16,22500,7.17,D
sz000983,山西焦煤,2025-09-25 13:49:51,7.16,50000,7.17,D
sz000983,山西焦煤,2025-09-25 13:50:54,7.16,42000,7.16,D
sz000983,山西焦煤,2025-09-25 13:53:54,7.16,60000,7.17,D
sz000983,山西焦煤,2025-09-25 13:54:21,7.16,20000,7.17,D
sz000983,山西焦煤,2025-09-25 13:55:54,7.16,35300,7.17,D
sz000983,山西焦煤,2025-09-25 13:58:27,7.17,47700,7.16,U
sz000983,山西焦煤,2025-09-25 14:00:27,7.18,184200,7.17,U
sz000983,山西焦煤,2025-09-25 14:00:33,7.17,20500,7.18,D
sz000983,山西焦煤,2025-09-25 14:00:36,7.18,56300,7.17,U
sz000983,山西焦煤,2025-09-25 14:00:48,7.18,232618,7.18,U
sz000983,山西焦煤,2025-09-25 14:02:45,7.17,106300,7.17,D
sz000983,山西焦煤,2025-09-25 14:04:33,7.18,28600,7.17,U
sz000983,山西焦煤,2025-09-25 14:04:57,7.17,101200,7.17,D
sz000983,山西焦煤,2025-09-25 14:05:42,7.18,24900,7.18,U
sz000983,山西焦煤,2025-09-25 14:07:03,7.17,21900,7.18,D
sz000983,山西焦煤,2025-09-25 14:07:09,7.17,101240,7.17,D
sz000983,山西焦煤,2025-09-25 14:08:06,7.17,34400,7.17,U
sz000983,山西焦煤,2025-09-25 14:08:45,7.17,36500,7.17,U
sz000983,山西焦煤,2025-09-25 14:09:06,7.16,20178,7.17,D
sz000983,山西焦煤,2025-09-25 14:09:36,7.16,78600,7.17,D
sz000983,山西焦煤,2025-09-25 14:10:57,7.16,53300,7.17,D
sz000983,山西焦煤,2025-09-25 14:12:21,7.17,30100,7.16,U
sz000983,山西焦煤,2025-09-25 14:12:45,7.16,145200,7.17,D
sz000983,山西焦煤,2025-09-25 14:13:00,7.17,20000,7.16,U
sz000983,山西焦煤,2025-09-25 14:13:18,7.16,37800,7.16,D
sz000983,山西焦煤,2025-09-25 14:15:30,7.17,94200,7.17,U
sz000983,山西焦煤,2025-09-25 14:16:09,7.17,32800,7.17,U
sz000983,山西焦煤,2025-09-25 14:18:36,7.16,23500,7.16,D
sz000983,山西焦煤,2025-09-25 14:19:54,7.16,108500,7.17,D
sz000983,山西焦煤,2025-09-25 14:21:15,7.17,27700,7.16,U
sz000983,山西焦煤,2025-09-25 14:21:57,7.16,113100,7.17,D
sz000983,山西焦煤,2025-09-25 14:22:54,7.17,40100,7.16,U
sz000983,山西焦煤,2025-09-25 14:24:48,7.16,22400,7.16,D
sz000983,山西焦煤,2025-09-25 14:25:54,7.16,238100,7.17,D
sz000983,山西焦煤,2025-09-25 14:26:06,7.17,44900,7.17,U
sz000983,山西焦煤,2025-09-25 14:26:27,7.17,22200,7.17,U
sz000983,山西焦煤,2025-09-25 14:26:33,7.18,84500,7.17,U
sz000983,山西焦煤,2025-09-25 14:27:00,7.17,21400,7.18,D
sz000983,山西焦煤,2025-09-25 14:28:09,7.17,47300,7.18,D
sz000983,山西焦煤,2025-09-25 14:28:30,7.17,50000,7.16,U
sz000983,山西焦煤,2025-09-25 14:30:27,7.17,35900,7.17,U
sz000983,山西焦煤,2025-09-25 14:31:03,7.18,21900,7.18,U
sz000983,山西焦煤,2025-09-25 14:31:30,7.17,147824,7.18,D
sz000983,山西焦煤,2025-09-25 14:31:33,7.17,112100,7.17,U
sz000983,山西焦煤,2025-09-25 14:31:36,7.17,71500,7.17,U
sz000983,山西焦煤,2025-09-25 14:31:42,7.17,22600,7.17,U
sz000983,山西焦煤,2025-09-25 14:32:27,7.17,25500,7.17,D
sz000983,山西焦煤,2025-09-25 14:33:51,7.18,27800,7.18,U
sz000983,山西焦煤,2025-09-25 14:33:54,7.17,361300,7.18,D
sz000983,山西焦煤,2025-09-25 14:33:57,7.17,22800,7.17,U
sz000983,山西焦煤,2025-09-25 14:34:00,7.17,23200,7.17,U
sz000983,山西焦煤,2025-09-25 14:34:09,7.18,26500,7.17,U
sz000983,山西焦煤,2025-09-25 14:35:24,7.17,31200,7.17,U
sz000983,山西焦煤,2025-09-25 14:35:33,7.17,21800,7.16,U
sz000983,山西焦煤,2025-09-25 14:36:24,7.17,23500,7.17,U
sz000983,山西焦煤,2025-09-25 14:37:30,7.17,26500,7.17,U
sz000983,山西焦煤,2025-09-25 14:38:15,7.16,34500,7.17,D
sz000983,山西焦煤,2025-09-25 14:38:36,7.18,52100,7.18,U
sz000983,山西焦煤,2025-09-25 14:38:54,7.17,28400,7.18,D
sz000983,山西焦煤,2025-09-25 14:38:57,7.18,52900,7.17,U
sz000983,山西焦煤,2025-09-25 14:39:00,7.18,46200,7.18,U
sz000983,山西焦煤,2025-09-25 14:39:03,7.19,206018,7.18,U
sz000983,山西焦煤,2025-09-25 14:39:06,7.19,22000,7.19,U
sz000983,山西焦煤,2025-09-25 14:39:24,7.19,42300,7.18,U
sz000983,山西焦煤,2025-09-25 14:39:30,7.18,22400,7.19,D
sz000983,山西焦煤,2025-09-25 14:39:39,7.18,31000,7.19,D
sz000983,山西焦煤,2025-09-25 14:39:54,7.18,90100,7.17,U
sz000983,山西焦煤,2025-09-25 14:40:12,7.19,21200,7.19,U
sz000983,山西焦煤,2025-09-25 14:40:30,7.19,23900,7.19,U
sz000983,山西焦煤,2025-09-25 14:41:42,7.18,72100,7.19,D
sz000983,山西焦煤,2025-09-25 14:42:54,7.18,22100,7.17,U
sz000983,山西焦煤,2025-09-25 14:42:57,7.18,21200,7.18,U
sz000983,山西焦煤,2025-09-25 14:43:27,7.18,51900,7.18,U
sz000983,山西焦煤,2025-09-25 14:43:57,7.19,72400,7.19,U
sz000983,山西焦煤,2025-09-25 14:44:12,7.17,32800,7.19,D
sz000983,山西焦煤,2025-09-25 14:44:15,7.19,27500,7.17,U
sz000983,山西焦煤,2025-09-25 14:44:27,7.19,27500,7.18,U
sz000983,山西焦煤,2025-09-25 14:44:33,7.19,45900,7.19,U
sz000983,山西焦煤,2025-09-25 14:44:45,7.19,70700,7.19,U
sz000983,山西焦煤,2025-09-25 14:44:48,7.19,95400,7.19,U
sz000983,山西焦煤,2025-09-25 14:44:51,7.19,96000,7.19,U
sz000983,山西焦煤,2025-09-25 14:44:54,7.19,26800,7.19,D
sz000983,山西焦煤,2025-09-25 14:44:57,7.2,21300,7.19,U
sz000983,山西焦煤,2025-09-25 14:45:00,7.2,60500,7.2,U
sz000983,山西焦煤,2025-09-25 14:45:09,7.2,109200,7.19,U
sz000983,山西焦煤,2025-09-25 14:45:27,7.2,45500,7.2,U
sz000983,山西焦煤,2025-09-25 14:45:45,7.2,25100,7.2,U
sz000983,山西焦煤,2025-09-25 14:46:00,7.19,55800,7.19,D
sz000983,山西焦煤,2025-09-25 14:46:03,7.2,24300,7.19,U
sz000983,山西焦煤,2025-09-25 14:46:06,7.2,42300,7.2,U
sz000983,山西焦煤,2025-09-25 14:47:03,7.2,26300,7.2,U
sz000983,山西焦煤,2025-09-25 14:47:06,7.2,192600,7.2,U
sz000983,山西焦煤,2025-09-25 14:47:09,7.2,26800,7.2,U
sz000983,山西焦煤,2025-09-25 14:47:12,7.2,73840,7.2,U
sz000983,山西焦煤,2025-09-25 14:47:15,7.2,56700,7.2,D
sz000983,山西焦煤,2025-09-25 14:47:18,7.2,91000,7.2,D
sz000983,山西焦煤,2025-09-25 14:47:24,7.21,69200,7.2,U
sz000983,山西焦煤,2025-09-25 14:47:27,7.21,67700,7.21,U
sz000983,山西焦煤,2025-09-25 14:47:30,7.2,89700,7.21,D
sz000983,山西焦煤,2025-09-25 14:47:39,7.2,20100,7.2,D
sz000983,山西焦煤,2025-09-25 14:47:51,7.2,24900,7.21,D
sz000983,山西焦煤,2025-09-25 14:47:54,7.21,20200,7.2,U
sz000983,山西焦煤,2025-09-25 14:48:00,7.21,26500,7.2,U
sz000983,山西焦煤,2025-09-25 14:48:03,7.21,31800,7.21,U
sz000983,山西焦煤,2025-09-25 14:48:21,7.2,452100,7.21,D
sz000983,山西焦煤,2025-09-25 14:48:24,7.21,309600,7.2,U
sz000983,山西焦煤,2025-09-25 14:48:27,7.21,81300,7.21,U
sz000983,山西焦煤,2025-09-25 14:48:30,7.21,128800,7.21,D
sz000983,山西焦煤,2025-09-25 14:48:33,7.21,39930,7.21,D
sz000983,山西焦煤,2025-09-25 14:48:36,7.21,42600,7.21,D
sz000983,山西焦煤,2025-09-25 14:48:57,7.22,20300,7.22,U
sz000983,山西焦煤,2025-09-25 14:49:06,7.21,28300,7.22,D
sz000983,山西焦煤,2025-09-25 14:49:12,7.21,60700,7.22,D
sz000983,山西焦煤,2025-09-25 14:49:15,7.2,20900,7.21,D
sz000983,山西焦煤,2025-09-25 14:49:24,7.21,73200,7.22,U
sz000983,山西焦煤,2025-09-25 14:50:00,7.2,62200,7.21,D
sz000983,山西焦煤,2025-09-25 14:50:03,7.2,31400,7.2,D
sz000983,山西焦煤,2025-09-25 14:50:09,7.21,34500,7.21,U
sz000983,山西焦煤,2025-09-25 14:50:15,7.2,21200,7.2,D
sz000983,山西焦煤,2025-09-25 14:50:39,7.2,27400,7.2,D
sz000983,山西焦煤,2025-09-25 14:50:48,7.21,54300,7.2,U
sz000983,山西焦煤,2025-09-25 14:50:51,7.21,24500,7.21,U
sz000983,山西焦煤,2025-09-25 14:50:54,7.21,102000,7.21,U
sz000983,山西焦煤,2025-09-25 14:51:21,7.2,41000,7.2,D
sz000983,山西焦煤,2025-09-25 14:51:51,7.2,154200,7.21,D
sz000983,山西焦煤,2025-09-25 14:52:06,7.2,87100,7.2,U
sz000983,山西焦煤,2025-09-25 14:52:09,7.2,159100,7.2,D
sz000983,山西焦煤,2025-09-25 14:52:12,7.2,33200,7.2,D
sz000983,山西焦煤,2025-09-25 14:52:15,7.2,45400,7.2,D
sz000983,山西焦煤,2025-09-25 14:52:18,7.2,39000,7.2,D
sz000983,山西焦煤,2025-09-25 14:52:21,7.2,22400,7.2,D
sz000983,山西焦煤,2025-09-25 14:52:24,7.2,25200,7.2,D
sz000983,山西焦煤,2025-09-25 14:52:36,7.21,31900,7.2,U
sz000983,山西焦煤,2025-09-25 14:52:48,7.2,20200,7.21,D
sz000983,山西焦煤,2025-09-25 14:52:54,7.2,22800,7.21,D
sz000983,山西焦煤,2025-09-25 14:53:09,7.2,64300,7.2,D
sz000983,山西焦煤,2025-09-25 14:53:39,7.2,31800,7.2,U
sz000983,山西焦煤,2025-09-25 14:54:00,7.2,58200,7.2,U
sz000983,山西焦煤,2025-09-25 14:54:03,7.2,31100,7.2,U
sz000983,山西焦煤,2025-09-25 14:54:12,7.19,22500,7.19,D
sz000983,山西焦煤,2025-09-25 14:54:27,7.2,31800,7.2,U
sz000983,山西焦煤,2025-09-25 14:54:36,7.2,53000,7.19,U
sz000983,山西焦煤,2025-09-25 14:54:48,7.2,62500,7.2,U
sz000983,山西焦煤,2025-09-25 14:55:48,7.19,20700,7.2,D
sz000983,山西焦煤,2025-09-25 14:56:00,7.2,22500,7.2,U
sz000983,山西焦煤,2025-09-25 14:56:06,7.2,28900,7.2,U
sz000983,山西焦煤,2025-09-25 14:56:24,7.2,32300,7.2,U
sz000983,山西焦煤,2025-09-25 14:56:42,7.19,20800,7.2,D
sz000983,山西焦煤,2025-09-25 14:56:48,7.2,20200,7.19,U
sz000983,山西焦煤,2025-09-25 14:56:57,7.19,37700,7.19,D
sz000983,山西焦煤,2025-09-25 15:00:00,7.19,577800,7.19,E
