symbol,name,ticktime,price,volume,prev_price,kind
sz000983,山西焦煤,2025-10-10 09:25:00,7.19,426000,0.0,D
sz000983,山西焦煤,2025-10-10 09:30:00,7.19,142800,7.19,D
sz000983,山西焦煤,2025-10-10 09:30:03,7.18,159800,7.19,E
sz000983,山西焦煤,2025-10-10 09:30:06,7.16,154700,7.18,D
sz000983,山西焦煤,2025-10-10 09:30:09,7.15,128000,7.16,D
sz000983,山西焦煤,2025-10-10 09:30:15,7.13,72000,7.14,D
sz000983,山西焦煤,2025-10-10 09:30:18,7.13,31600,7.13,U
sz000983,山西焦煤,2025-10-10 09:30:24,7.14,28600,7.13,U
sz000983,山西焦煤,2025-10-10 09:30:27,7.14,22900,7.14,U
sz000983,山西焦煤,2025-10-10 09:30:30,7.14,20800,7.14,U
sz000983,山西焦煤,2025-10-10 09:30:33,7.15,66300,7.14,U
sz000983,山西焦煤,2025-10-10 09:30:42,7.15,119300,7.14,U
sz000983,山西焦煤,2025-10-10 09:30:45,7.14,60200,7.15,D
sz000983,山西焦煤,2025-10-10 09:30:48,7.13,81300,7.14,D
sz000983,山西焦煤,2025-10-10 09:30:54,7.13,107400,7.14,U
sz000983,山西焦煤,2025-10-10 09:30:57,7.14,54800,7.13,U
sz000983,山西焦煤,2025-10-10 09:31:03,7.13,72900,7.13,U
sz000983,山西焦煤,2025-10-10 09:31:06,7.13,62800,7.13,U
sz000983,山西焦煤,2025-10-10 09:31:09,7.13,40000,7.13,D
sz000983,山西焦煤,2025-10-10 09:31:15,7.14,28800,7.13,U
sz000983,山西焦煤,2025-10-10 09:31:21,7.14,86400,7.13,U
sz000983,山西焦煤,2025-10-10 09:31:24,7.14,31000,7.14,U
sz000983,山西焦煤,2025-10-10 09:31:27,7.14,63500,7.14,U
sz000983,山西焦煤,2025-10-10 09:31:30,7.14,82200,7.14,U
sz000983,山西焦煤,2025-10-10 09:31:36,7.14,48400,7.14,U
sz000983,山西焦煤,2025-10-10 09:31:42,7.15,28400,7.15,U
sz000983,山西焦煤,2025-10-10 09:31:45,7.14,42000,7.15,D
sz000983,山西焦煤,2025-10-10 09:31:57,7.14,50900,7.13,U
sz000983,山西焦煤,2025-10-10 09:32:00,7.15,87600,7.14,U
sz000983,山西焦煤,2025-10-10 09:32:03,7.14,37400,7.15,D
sz000983,山西焦煤,2025-10-10 09:32:09,7.15,41700,7.15,U
sz000983,山西焦煤,2025-10-10 09:32:15,7.16,160700,7.15,U
sz000983,山西焦煤,2025-10-10 09:32:18,7.16,52200,7.16,U
sz000983,山西焦煤,2025-10-10 09:32:30,7.15,286800,7.16,D
sz000983,山西焦煤,2025-10-10 09:32:33,7.15,55300,7.15,U
sz000983,山西焦煤,2025-10-10 09:32:39,7.16,61000,7.16,U
sz000983,山西焦煤,2025-10-10 09:32:45,7.16,45800,7.16,U
sz000983,山西焦煤,2025-10-10 09:33:00,7.18,79200,7.17,U
sz000983,山西焦煤,2025-10-10 09:33:09,7.17,24600,7.18,D
sz000983,山西焦煤,2025-10-10 09:33:12,7.18,72300,7.17,U
sz000983,山西焦煤,2025-10-10 09:33:18,7.18,125100,7.17,U
sz000983,山西焦煤,2025-10-10 09:33:36,7.19,27800,7.19,U
sz000983,山西焦煤,2025-10-10 09:33:48,7.19,28600,7.19,U
sz000983,山西焦煤,2025-10-10 09:33:51,7.19,24600,7.19,U
sz000983,山西焦煤,2025-10-10 09:33:54,7.19,193390,7.19,U
sz000983,山西焦煤,2025-10-10 09:33:57,7.19,35400,7.19,D
sz000983,山西焦煤,2025-10-10 09:34:00,7.19,33100,7.19,D
sz000983,山西焦煤,2025-10-10 09:34:06,7.2,194200,7.2,U
sz000983,山西焦煤,2025-10-10 09:34:09,7.2,68300,7.2,U
sz000983,山西焦煤,2025-10-10 09:34:12,7.2,27300,7.2,U
sz000983,山西焦煤,2025-10-10 09:34:18,7.21,60400,7.2,U
sz000983,山西焦煤,2025-10-10 09:34:24,7.2,351400,7.2,D
sz000983,山西焦煤,2025-10-10 09:34:27,7.2,131400,7.2,U
sz000983,山西焦煤,2025-10-10 09:34:30,7.2,26600,7.2,U
sz000983,山西焦煤,2025-10-10 09:34:36,7.19,114900,7.19,U
sz000983,山西焦煤,2025-10-10 09:34:45,7.19,67200,7.19,U
sz000983,山西焦煤,2025-10-10 09:34:57,7.19,36600,7.19,U
sz000983,山西焦煤,2025-10-10 09:35:00,7.18,28500,7.19,D
sz000983,山西焦煤,2025-10-10 09:35:03,7.19,53500,7.18,U
sz000983,山西焦煤,2025-10-10 09:35:06,7.2,329700,7.19,U
sz000983,山西焦煤,2025-10-10 09:35:09,7.2,106900,7.2,D
sz000983,山西焦煤,2025-10-10 09:35:12,7.2,29700,7.2,U
sz000983,山西焦煤,2025-10-10 09:35:33,7.2,27400,7.2,U
sz000983,山西焦煤,2025-10-10 09:35:48,7.22,99000,7.21,U
sz000983,山西焦煤,2025-10-10 09:36:00,7.22,25900,7.21,U
sz000983,山西焦煤,2025-10-10 09:36:03,7.22,131200,7.22,U
sz000983,山西焦煤,2025-10-10 09:36:06,7.22,28100,7.22,D
sz000983,山西焦煤,2025-10-10 09:36:09,7.22,28800,7.22,D
sz000983,山西焦煤,2025-10-10 09:36:12,7.23,77000,7.22,U
sz000983,山西焦煤,2025-10-10 09:36:15,7.23,68000,7.23,U
sz000983,山西焦煤,2025-10-10 09:36:21,7.24,89100,7.23,U
sz000983,山西焦煤,2025-10-10 09:36:27,7.24,84200,7.24,D
sz000983,山西焦煤,2025-10-10 09:36:30,7.24,53400,7.24,D
sz000983,山西焦煤,2025-10-10 09:36:33,7.25,39900,7.24,U
sz000983,山西焦煤,2025-10-10 09:36:36,7.25,45600,7.25,U
sz000983,山西焦煤,2025-10-10 09:36:39,7.23,39400,7.25,D
sz000983,山西焦煤,2025-10-10 09:36:42,7.25,42000,7.23,U
sz000983,山西焦煤,2025-10-10 09:36:45,7.25,46000,7.25,U
sz000983,山西焦煤,2025-10-10 09:36:48,7.23,22900,7.25,D
sz000983,山西焦煤,2025-10-10 09:36:51,7.24,35200,7.23,U
sz000983,山西焦煤,2025-10-10 09:36:54,7.24,35600,7.24,U
sz000983,山西焦煤,2025-10-10 09:36:57,7.23,238300,7.24,D
sz000983,山西焦煤,2025-10-10 09:37:00,7.24,171300,7.23,U
sz000983,山西焦煤,2025-10-10 09:37:03,7.24,269600,7.24,U
sz000983,山西焦煤,2025-10-10 09:37:09,7.23,27400,7.23,U
sz000983,山西焦煤,2025-10-10 09:37:12,7.23,26400,7.23,U
sz000983,山西焦煤,2025-10-10 09:37:15,7.23,120400,7.23,U
sz000983,山西焦煤,2025-10-10 09:37:18,7.23,28300,7.23,U
sz000983,山西焦煤,2025-10-10 09:37:21,7.23,62800,7.23,U
sz000983,山西焦煤,2025-10-10 09:37:24,7.23,43500,7.23,D
sz000983,山西焦煤,2025-10-10 09:37:30,7.23,27000,7.23,D
sz000983,山西焦煤,2025-10-10 09:37:33,7.24,67200,7.23,U
sz000983,山西焦煤,2025-10-10 09:37:36,7.24,21300,7.24,U
sz000983,山西焦煤,2025-10-10 09:37:39,7.24,69300,7.24,U
sz000983,山西焦煤,2025-10-10 09:37:48,7.24,41400,7.24,U
sz000983,山西焦煤,2025-10-10 09:38:00,7.24,133500,7.24,U
sz000983,山西焦煤,2025-10-10 09:38:03,7.24,93900,7.24,D
sz000983,山西焦煤,2025-10-10 09:38:06,7.24,42500,7.24,U
sz000983,山西焦煤,2025-10-10 09:38:09,7.24,22100,7.24,U
sz000983,山西焦煤,2025-10-10 09:38:12,7.24,60800,7.24,U
sz000983,山西焦煤,2025-10-10 09:38:21,7.25,55000,7.23,U
sz000983,山西焦煤,2025-10-10 09:38:24,7.25,21000,7.25,U
sz000983,山西焦煤,2025-10-10 09:38:27,7.23,31800,7.25,D
sz000983,山西焦煤,2025-10-10 09:38:36,7.24,32700,7.24,U
sz000983,山西焦煤,2025-10-10 09:38:42,7.23,23200,7.24,D
sz000983,山西焦煤,2025-10-10 09:38:45,7.23,44500,7.23,D
sz000983,山西焦煤,2025-10-10 09:38:51,7.23,32500,7.23,D
sz000983,山西焦煤,2025-10-10 09:38:57,7.24,21200,7.23,U
sz000983,山西焦煤,2025-10-10 09:39:00,7.23,71600,7.24,D
sz000983,山西焦煤,2025-10-10 09:39:03,7.23,44500,7.23,D
sz000983,山西焦煤,2025-10-10 09:39:06,7.23,22400,7.23,D
sz000983,山西焦煤,2025-10-10 09:39:18,7.22,24000,7.23,D
sz000983,山西焦煤,2025-10-10 09:39:21,7.23,24800,7.22,U
sz000983,山西焦煤,2025-10-10 09:39:24,7.23,28700,7.23,U
sz000983,山西焦煤,2025-10-10 09:39:27,7.23,28500,7.23,U
sz000983,山西焦煤,2025-10-10 09:39:30,7.22,23400,7.23,D
sz000983,山西焦煤,2025-10-10 09:39:33,7.23,129100,7.22,U
sz000983,山西焦煤,2025-10-10 09:39:36,7.24,23300,7.23,U
sz000983,山西焦煤,2025-10-10 09:39:42,7.23,24500,7.24,D
sz000983,山西焦煤,2025-10-10 09:39:51,7.23,25500,7.24,D
sz000983,山西焦煤,2025-10-10 09:39:54,7.24,38500,7.23,U
sz000983,山西焦煤,2025-10-10 09:40:03,7.23,41300,7.23,D
sz000983,山西焦煤,2025-10-10 09:40:06,7.23,44500,7.23,U
sz000983,山西焦煤,2025-10-10 09:40:12,7.23,23600,7.23,D
sz000983,山西焦煤,2025-10-10 09:40:18,7.22,59300,7.22,D
sz000983,山西焦煤,2025-10-10 09:40:30,7.23,83400,7.22,U
sz000983,山西焦煤,2025-10-10 09:40:33,7.23,56400,7.23,U
sz000983,山西焦煤,2025-10-10 09:40:36,7.24,136400,7.23,U
sz000983,山西焦煤,2025-10-10 09:40:39,7.23,22700,7.24,D
sz000983,山西焦煤,2025-10-10 09:40:42,7.23,64500,7.23,D
sz000983,山西焦煤,2025-10-10 09:40:45,7.24,40100,7.23,U
sz000983,山西焦煤,2025-10-10 09:40:48,7.23,25300,7.24,D
sz000983,山西焦煤,2025-10-10 09:40:51,7.23,704600,7.23,D
sz000983,山西焦煤,2025-10-10 09:40:54,7.23,50200,7.23,D
sz000983,山西焦煤,2025-10-10 09:40:57,7.23,22800,7.23,D
sz000983,山西焦煤,2025-10-10 09:41:00,7.24,40700,7.23,U
sz000983,山西焦煤,2025-10-10 09:41:03,7.23,31600,7.24,D
sz000983,山西焦煤,2025-10-10 09:41:06,7.24,46200,7.23,U
sz000983,山西焦煤,2025-10-10 09:41:09,7.24,27600,7.24,U
sz000983,山西焦煤,2025-10-10 09:41:12,7.23,38000,7.24,D
sz000983,山西焦煤,2025-10-10 09:41:15,7.24,21200,7.23,U
sz000983,山西焦煤,2025-10-10 09:41:18,7.23,80300,7.24,D
sz000983,山西焦煤,2025-10-10 09:41:24,7.24,418600,7.23,U
sz000983,山西焦煤,2025-10-10 09:41:39,7.24,28400,7.25,D
sz000983,山西焦煤,2025-10-10 09:41:48,7.25,24600,7.25,U
sz000983,山西焦煤,2025-10-10 09:41:51,7.24,62600,7.25,D
sz000983,山西焦煤,2025-10-10 09:41:57,7.24,29300,7.25,D
sz000983,山西焦煤,2025-10-10 09:42:03,7.24,28100,7.25,D
sz000983,山西焦煤,2025-10-10 09:42:09,7.25,51000,7.25,U
sz000983,山西焦煤,2025-10-10 09:42:21,7.25,70600,7.25,U
sz000983,山西焦煤,2025-10-10 09:42:24,7.25,23800,7.25,U
sz000983,山西焦煤,2025-10-10 09:42:27,7.25,113200,7.25,U
sz000983,山西焦煤,2025-10-10 09:42:30,7.25,35300,7.25,U
sz000983,山西焦煤,2025-10-10 09:42:33,7.24,53600,7.25,D
sz000983,山西焦煤,2025-10-10 09:42:39,7.25,29600,7.25,U
sz000983,山西焦煤,2025-10-10 09:42:42,7.25,81600,7.25,U
sz000983,山西焦煤,2025-10-10 09:42:45,7.25,61600,7.25,U
sz000983,山西焦煤,2025-10-10 09:42:51,7.25,34300,7.25,D
sz000983,山西焦煤,2025-10-10 09:42:57,7.25,38300,7.25,D
sz000983,山西焦煤,2025-10-10 09:43:03,7.26,22500,7.25,U
sz000983,山西焦煤,2025-10-10 09:43:06,7.26,109800,7.26,U
sz000983,山西焦煤,2025-10-10 09:43:09,7.26,44600,7.26,U
sz000983,山西焦煤,2025-10-10 09:43:12,7.26,84500,7.26,U
sz000983,山西焦煤,2025-10-10 09:43:15,7.26,36200,7.26,U
sz000983,山西焦煤,2025-10-10 09:43:18,7.26,28100,7.26,U
sz000983,山西焦煤,2025-10-10 09:43:21,7.27,216300,7.26,U
sz000983,山西焦煤,2025-10-10 09:43:27,7.27,23400,7.26,U
sz000983,山西焦煤,2025-10-10 09:43:30,7.26,27000,7.27,D
sz000983,山西焦煤,2025-10-10 09:43:33,7.28,732600,7.26,U
sz000983,山西焦煤,2025-10-10 09:43:36,7.29,56600,7.28,U
sz000983,山西焦煤,2025-10-10 09:43:39,7.28,33100,7.29,D
sz000983,山西焦煤,2025-10-10 09:43:42,7.29,43500,7.28,U
sz000983,山西焦煤,2025-10-10 09:43:45,7.29,124000,7.29,U
sz000983,山西焦煤,2025-10-10 09:43:48,7.29,64000,7.29,U
sz000983,山西焦煤,2025-10-10 09:43:51,7.29,80800,7.29,U
sz000983,山西焦煤,2025-10-10 09:43:54,7.29,72400,7.29,U
sz000983,山西焦煤,2025-10-10 09:43:57,7.29,41200,7.29,U
sz000983,山西焦煤,2025-10-10 09:44:00,7.28,90300,7.29,D
sz000983,山西焦煤,2025-10-10 09:44:03,7.28,245300,7.28,D
sz000983,山西焦煤,2025-10-10 09:44:06,7.28,72100,7.28,U
sz000983,山西焦煤,2025-10-10 09:44:09,7.28,72400,7.28,U
sz000983,山西焦煤,2025-10-10 09:44:12,7.28,493100,7.28,U
sz000983,山西焦煤,2025-10-10 09:44:15,7.28,51600,7.28,D
sz000983,山西焦煤,2025-10-10 09:44:18,7.28,43200,7.28,D
sz000983,山西焦煤,2025-10-10 09:44:21,7.29,156100,7.28,U
sz000983,山西焦煤,2025-10-10 09:44:24,7.29,21400,7.29,E
sz000983,山西焦煤,2025-10-10 09:44:27,7.29,43900,7.29,U
sz000983,山西焦煤,2025-10-10 09:44:33,7.29,30600,7.28,U
sz000983,山西焦煤,2025-10-10 09:44:36,7.28,477500,7.29,D
sz000983,山西焦煤,2025-10-10 09:44:39,7.28,60900,7.28,U
sz000983,山西焦煤,2025-10-10 09:44:42,7.29,80100,7.28,U
sz000983,山西焦煤,2025-10-10 09:44:45,7.28,20200,7.29,E
sz000983,山西焦煤,2025-10-10 09:44:51,7.28,152900,7.28,D
sz000983,山西焦煤,2025-10-10 09:44:54,7.28,64800,7.28,D
sz000983,山西焦煤,2025-10-10 09:44:57,7.28,64000,7.28,D
sz000983,山西焦煤,2025-10-10 09:45:00,7.28,28100,7.28,D
sz000983,山西焦煤,2025-10-10 09:45:03,7.28,171100,7.28,D
sz000983,山西焦煤,2025-10-10 09:45:09,7.26,97700,7.27,D
sz000983,山西焦煤,2025-10-10 09:45:18,7.26,43000,7.27,D
sz000983,山西焦煤,2025-10-10 09:45:21,7.26,27000,7.26,D
sz000983,山西焦煤,2025-10-10 09:45:30,7.27,33800,7.27,U
sz000983,山西焦煤,2025-10-10 09:45:33,7.27,45000,7.27,U
sz000983,山西焦煤,2025-10-10 09:45:36,7.27,24200,7.27,D
sz000983,山西焦煤,2025-10-10 09:45:39,7.28,80600,7.27,U
sz000983,山西焦煤,2025-10-10 09:45:42,7.29,95600,7.28,U
sz000983,山西焦煤,2025-10-10 09:45:45,7.29,138700,7.29,U
sz000983,山西焦煤,2025-10-10 09:45:48,7.28,43000,7.29,D
sz000983,山西焦煤,2025-10-10 09:45:51,7.29,45300,7.28,U
sz000983,山西焦煤,2025-10-10 09:45:54,7.28,73600,7.29,D
sz000983,山西焦煤,2025-10-10 09:45:57,7.29,40300,7.28,U
sz000983,山西焦煤,2025-10-10 09:46:00,7.29,84800,7.29,U
sz000983,山西焦煤,2025-10-10 09:46:03,7.29,86900,7.29,D
sz000983,山西焦煤,2025-10-10 09:46:06,7.29,51000,7.29,U
sz000983,山西焦煤,2025-10-10 09:46:09,7.28,27600,7.29,D
sz000983,山西焦煤,2025-10-10 09:46:15,7.29,40200,7.29,U
sz000983,山西焦煤,2025-10-10 09:46:18,7.29,74000,7.29,U
sz000983,山西焦煤,2025-10-10 09:46:21,7.29,54400,7.29,U
sz000983,山西焦煤,2025-10-10 09:46:24,7.29,41800,7.29,D
sz000983,山西焦煤,2025-10-10 09:46:27,7.3,23700,7.29,U
sz000983,山西焦煤,2025-10-10 09:46:30,7.3,96600,7.3,U
sz000983,山西焦煤,2025-10-10 09:46:33,7.31,619300,7.3,U
sz000983,山西焦煤,2025-10-10 09:46:36,7.33,418500,7.31,U
sz000983,山西焦煤,2025-10-10 09:46:42,7.32,108700,7.34,D
sz000983,山西焦煤,2025-10-10 09:46:45,7.33,67900,7.32,U
sz000983,山西焦煤,2025-10-10 09:46:48,7.34,30700,7.33,U
sz000983,山西焦煤,2025-10-10 09:46:51,7.34,202300,7.34,U
sz000983,山西焦煤,2025-10-10 09:46:54,7.34,34900,7.34,U
sz000983,山西焦煤,2025-10-10 09:46:57,7.34,68100,7.34,U
sz000983,山西焦煤,2025-10-10 09:47:00,7.33,140100,7.34,D
sz000983,山西焦煤,2025-10-10 09:47:03,7.33,177000,7.33,D
sz000983,山西焦煤,2025-10-10 09:47:06,7.33,142700,7.33,D
sz000983,山西焦煤,2025-10-10 09:47:09,7.33,102200,7.33,U
sz000983,山西焦煤,2025-10-10 09:47:12,7.33,148400,7.33,U
sz000983,山西焦煤,2025-10-10 09:47:15,7.33,59900,7.33,D
sz000983,山西焦煤,2025-10-10 09:47:18,7.34,127900,7.33,U
sz000983,山西焦煤,2025-10-10 09:47:21,7.34,37800,7.34,U
sz000983,山西焦煤,2025-10-10 09:47:24,7.34,27300,7.34,U
sz000983,山西焦煤,2025-10-10 09:47:27,7.34,223700,7.34,U
sz000983,山西焦煤,2025-10-10 09:47:30,7.33,47800,7.34,E
sz000983,山西焦煤,2025-10-10 09:47:33,7.34,50300,7.33,U
sz000983,山西焦煤,2025-10-10 09:47:36,7.34,51000,7.34,U
sz000983,山西焦煤,2025-10-10 09:47:39,7.33,66400,7.34,D
sz000983,山西焦煤,2025-10-10 09:47:42,7.33,39100,7.33,D
sz000983,山西焦煤,2025-10-10 09:47:45,7.33,35000,7.33,D
sz000983,山西焦煤,2025-10-10 09:47:48,7.34,104800,7.33,U
sz000983,山西焦煤,2025-10-10 09:47:51,7.33,39800,7.34,D
sz000983,山西焦煤,2025-10-10 09:47:54,7.34,126000,7.33,U
sz000983,山西焦煤,2025-10-10 09:47:57,7.34,52900,7.34,U
sz000983,山西焦煤,2025-10-10 09:48:00,7.34,56500,7.34,U
sz000983,山西焦煤,2025-10-10 09:48:03,7.34,121100,7.34,U
sz000983,山西焦煤,2025-10-10 09:48:06,7.33,476500,7.34,D
sz000983,山西焦煤,2025-10-10 09:48:09,7.33,46200,7.33,U
sz000983,山西焦煤,2025-10-10 09:48:12,7.33,34900,7.33,U
sz000983,山西焦煤,2025-10-10 09:48:15,7.33,32200,7.33,U
sz000983,山西焦煤,2025-10-10 09:48:18,7.33,109400,7.33,U
sz000983,山西焦煤,2025-10-10 09:48:21,7.34,1273751,7.33,U
sz000983,山西焦煤,2025-10-10 09:48:24,7.34,56400,7.34,D
sz000983,山西焦煤,2025-10-10 09:48:27,7.34,24800,7.34,D
sz000983,山西焦煤,2025-10-10 09:48:30,7.33,35400,7.34,D
sz000983,山西焦煤,2025-10-10 09:48:36,7.34,55900,7.33,U
sz000983,山西焦煤,2025-10-10 09:48:39,7.33,36500,7.34,D
sz000983,山西焦煤,2025-10-10 09:48:42,7.34,84300,7.33,U
sz000983,山西焦煤,2025-10-10 09:48:45,7.33,32500,7.34,D
sz000983,山西焦煤,2025-10-10 09:48:48,7.34,194700,7.33,U
sz000983,山西焦煤,2025-10-10 09:48:51,7.33,21400,7.34,D
sz000983,山西焦煤,2025-10-10 09:48:54,7.34,48800,7.33,U
sz000983,山西焦煤,2025-10-10 09:48:57,7.33,49600,7.34,D
sz000983,山西焦煤,2025-10-10 09:49:03,7.33,153100,7.33,D
sz000983,山西焦煤,2025-10-10 09:49:12,7.32,27200,7.32,D
sz000983,山西焦煤,2025-10-10 09:49:15,7.32,92200,7.32,D
sz000983,山西焦煤,2025-10-10 09:49:18,7.32,143600,7.32,D
sz000983,山西焦煤,2025-10-10 09:49:21,7.32,37600,7.32,D
sz000983,山西焦煤,2025-10-10 09:49:24,7.32,42200,7.32,D
sz000983,山西焦煤,2025-10-10 09:49:30,7.33,49000,7.33,U
sz000983,山西焦煤,2025-10-10 09:49:33,7.32,102700,7.33,D
sz000983,山西焦煤,2025-10-10 09:49:36,7.33,57800,7.32,U
sz000983,山西焦煤,2025-10-10 09:49:42,7.32,43900,7.32,D
sz000983,山西焦煤,2025-10-10 09:49:45,7.33,24800,7.32,U
sz000983,山西焦煤,2025-10-10 09:49:48,7.32,119800,7.33,D
sz000983,山西焦煤,2025-10-10 09:49:51,7.33,46700,7.32,U
sz000983,山西焦煤,2025-10-10 09:49:54,7.33,484400,7.33,U
sz000983,山西焦煤,2025-10-10 09:49:57,7.34,757800,7.33,U
sz000983,山西焦煤,2025-10-10 09:50:03,7.34,144600,7.35,D
sz000983,山西焦煤,2025-10-10 09:50:06,7.35,629600,7.34,U
sz000983,山西焦煤,2025-10-10 09:50:09,7.35,23100,7.35,D
sz000983,山西焦煤,2025-10-10 09:50:12,7.36,44200,7.35,U
sz000983,山西焦煤,2025-10-10 09:50:15,7.35,71000,7.36,D
sz000983,山西焦煤,2025-10-10 09:50:18,7.36,69900,7.35,U
sz000983,山西焦煤,2025-10-10 09:50:21,7.36,26500,7.36,U
sz000983,山西焦煤,2025-10-10 09:50:24,7.36,91200,7.36,D
sz000983,山西焦煤,2025-10-10 09:50:27,7.35,50000,7.36,D
sz000983,山西焦煤,2025-10-10 09:50:30,7.36,24400,7.35,U
sz000983,山西焦煤,2025-10-10 09:50:33,7.36,22900,7.36,D
sz000983,山西焦煤,2025-10-10 09:50:36,7.37,85200,7.36,U
sz000983,山西焦煤,2025-10-10 09:50:39,7.36,66200,7.37,D
sz000983,山西焦煤,2025-10-10 09:50:42,7.37,95900,7.36,U
sz000983,山西焦煤,2025-10-10 09:50:45,7.37,160500,7.37,U
sz000983,山西焦煤,2025-10-10 09:50:48,7.36,92900,7.37,D
sz000983,山西焦煤,2025-10-10 09:50:51,7.37,50200,7.36,U
sz000983,山西焦煤,2025-10-10 09:50:54,7.37,178200,7.37,U
sz000983,山西焦煤,2025-10-10 09:50:57,7.37,155700,7.37,U
sz000983,山西焦煤,2025-10-10 09:51:00,7.37,356800,7.37,U
sz000983,山西焦煤,2025-10-10 09:51:03,7.37,510900,7.37,U
sz000983,山西焦煤,2025-10-10 09:51:06,7.37,70200,7.37,U
sz000983,山西焦煤,2025-10-10 09:51:09,7.37,63300,7.37,D
sz000983,山西焦煤,2025-10-10 09:51:12,7.37,62100,7.37,D
sz000983,山西焦煤,2025-10-10 09:51:15,7.38,28900,7.37,U
sz000983,山西焦煤,2025-10-10 09:51:18,7.38,146900,7.38,U
sz000983,山西焦煤,2025-10-10 09:51:21,7.38,45600,7.38,U
sz000983,山西焦煤,2025-10-10 09:51:24,7.37,74100,7.38,D
sz000983,山西焦煤,2025-10-10 09:51:27,7.37,68700,7.37,D
sz000983,山西焦煤,2025-10-10 09:51:30,7.37,85500,7.37,D
sz000983,山西焦煤,2025-10-10 09:51:33,7.38,73800,7.37,U
sz000983,山西焦煤,2025-10-10 09:51:36,7.38,163000,7.38,U
sz000983,山西焦煤,2025-10-10 09:51:39,7.39,47500,7.38,U
sz000983,山西焦煤,2025-10-10 09:51:42,7.39,239670,7.39,U
sz000983,山西焦煤,2025-10-10 09:51:45,7.39,266400,7.39,U
sz000983,山西焦煤,2025-10-10 09:51:48,7.4,84500,7.39,U
sz000983,山西焦煤,2025-10-10 09:51:51,7.4,294800,7.4,U
sz000983,山西焦煤,2025-10-10 09:51:54,7.4,139900,7.4,U
sz000983,山西焦煤,2025-10-10 09:51:57,7.4,242300,7.4,U
sz000983,山西焦煤,2025-10-10 09:52:00,7.39,136900,7.4,D
sz000983,山西焦煤,2025-10-10 09:52:03,7.39,187500,7.39,D
sz000983,山西焦煤,2025-10-10 09:52:06,7.4,106900,7.39,U
sz000983,山西焦煤,2025-10-10 09:52:09,7.39,183300,7.4,D
sz000983,山西焦煤,2025-10-10 09:52:12,7.39,62230,7.39,D
sz000983,山西焦煤,2025-10-10 09:52:15,7.39,54100,7.39,D
sz000983,山西焦煤,2025-10-10 09:52:18,7.4,31300,7.39,U
sz000983,山西焦煤,2025-10-10 09:52:24,7.4,67500,7.4,U
sz000983,山西焦煤,2025-10-10 09:52:27,7.4,47500,7.4,U
sz000983,山西焦煤,2025-10-10 09:52:30,7.4,21700,7.4,U
sz000983,山西焦煤,2025-10-10 09:52:33,7.4,80100,7.4,U
sz000983,山西焦煤,2025-10-10 09:52:36,7.39,143370,7.4,D
sz000983,山西焦煤,2025-10-10 09:52:39,7.39,53000,7.39,U
sz000983,山西焦煤,2025-10-10 09:52:42,7.39,33600,7.39,U
sz000983,山西焦煤,2025-10-10 09:52:45,7.4,33800,7.39,U
sz000983,山西焦煤,2025-10-10 09:52:48,7.39,249100,7.4,D
sz000983,山西焦煤,2025-10-10 09:52:51,7.39,79700,7.39,D
sz000983,山西焦煤,2025-10-10 09:52:54,7.4,41600,7.39,U
sz000983,山西焦煤,2025-10-10 09:52:57,7.39,74900,7.4,D
sz000983,山西焦煤,2025-10-10 09:53:00,7.39,288600,7.39,D
sz000983,山西焦煤,2025-10-10 09:53:03,7.39,51700,7.39,U
sz000983,山西焦煤,2025-10-10 09:53:06,7.4,52500,7.39,U
sz000983,山西焦煤,2025-10-10 09:53:09,7.39,29300,7.4,D
sz000983,山西焦煤,2025-10-10 09:53:12,7.4,75600,7.39,U
sz000983,山西焦煤,2025-10-10 09:53:15,7.4,29100,7.4,U
sz000983,山西焦煤,2025-10-10 09:53:18,7.41,882680,7.4,U
sz000983,山西焦煤,2025-10-10 09:53:21,7.41,78000,7.41,D
sz000983,山西焦煤,2025-10-10 09:53:24,7.41,37900,7.41,D
sz000983,山西焦煤,2025-10-10 09:53:27,7.42,166400,7.41,U
sz000983,山西焦煤,2025-10-10 09:53:30,7.42,59900,7.42,U
sz000983,山西焦煤,2025-10-10 09:53:33,7.42,81300,7.42,U
sz000983,山西焦煤,2025-10-10 09:53:36,7.42,59700,7.42,U
sz000983,山西焦煤,2025-10-10 09:53:39,7.42,102500,7.42,U
sz000983,山西焦煤,2025-10-10 09:53:42,7.42,77800,7.42,U
sz000983,山西焦煤,2025-10-10 09:53:45,7.42,88700,7.42,U
sz000983,山西焦煤,2025-10-10 09:53:48,7.42,97900,7.42,U
sz000983,山西焦煤,2025-10-10 09:53:51,7.4,140700,7.42,D
sz000983,山西焦煤,2025-10-10 09:53:54,7.42,214800,7.4,U
sz000983,山西焦煤,2025-10-10 09:53:57,7.4,21100,7.42,D
sz000983,山西焦煤,2025-10-10 09:54:00,7.4,155100,7.4,D
sz000983,山西焦煤,2025-10-10 09:54:03,7.39,186200,7.4,D
sz000983,山西焦煤,2025-10-10 09:54:06,7.39,34300,7.39,U
sz000983,山西焦煤,2025-10-10 09:54:12,7.39,36900,7.39,D
sz000983,山西焦煤,2025-10-10 09:54:15,7.39,97100,7.39,D
sz000983,山西焦煤,2025-10-10 09:54:18,7.39,62000,7.39,U
sz000983,山西焦煤,2025-10-10 09:54:21,7.39,56600,7.39,D
sz000983,山西焦煤,2025-10-10 09:54:24,7.39,48800,7.39,D
sz000983,山西焦煤,2025-10-10 09:54:27,7.39,22700,7.39,D
sz000983,山西焦煤,2025-10-10 09:54:30,7.4,111900,7.39,U
sz000983,山西焦煤,2025-10-10 09:54:33,7.39,68300,7.4,D
sz000983,山西焦煤,2025-10-10 09:54:36,7.4,27900,7.39,U
sz000983,山西焦煤,2025-10-10 09:54:48,7.4,96200,7.39,U
sz000983,山西焦煤,2025-10-10 09:54:51,7.39,72700,7.4,D
sz000983,山西焦煤,2025-10-10 09:54:54,7.39,47500,7.39,D
sz000983,山西焦煤,2025-10-10 09:55:00,7.39,66600,7.39,U
sz000983,山西焦煤,2025-10-10 09:55:03,7.39,28300,7.39,U
sz000983,山西焦煤,2025-10-10 09:55:06,7.38,232200,7.39,D
sz000983,山西焦煤,2025-10-10 09:55:09,7.38,69200,7.38,U
sz000983,山西焦煤,2025-10-10 09:55:12,7.38,24100,7.38,U
sz000983,山西焦煤,2025-10-10 09:55:15,7.37,33700,7.38,D
sz000983,山西焦煤,2025-10-10 09:55:18,7.37,629800,7.37,U
sz000983,山西焦煤,2025-10-10 09:55:27,7.36,23500,7.36,D
sz000983,山西焦煤,2025-10-10 09:55:30,7.37,146400,7.36,U
sz000983,山西焦煤,2025-10-10 09:55:33,7.37,37900,7.37,D
sz000983,山西焦煤,2025-10-10 09:55:36,7.37,46400,7.37,D
sz000983,山西焦煤,2025-10-10 09:55:39,7.38,92500,7.37,U
sz000983,山西焦煤,2025-10-10 09:55:42,7.38,42500,7.38,D
sz000983,山西焦煤,2025-10-10 09:55:45,7.38,20700,7.38,D
sz000983,山西焦煤,2025-10-10 09:55:48,7.38,81000,7.38,D
sz000983,山西焦煤,2025-10-10 09:55:51,7.39,99700,7.38,U
sz000983,山西焦煤,2025-10-10 09:55:54,7.38,25600,7.39,D
sz000983,山西焦煤,2025-10-10 09:55:57,7.38,125600,7.38,D
sz000983,山西焦煤,2025-10-10 09:56:00,7.39,52600,7.38,U
sz000983,山西焦煤,2025-10-10 09:56:03,7.38,88800,7.39,D
sz000983,山西焦煤,2025-10-10 09:56:06,7.39,42800,7.38,U
sz000983,山西焦煤,2025-10-10 09:56:09,7.38,42200,7.39,D
sz000983,山西焦煤,2025-10-10 09:56:15,7.38,27900,7.38,D
sz000983,山西焦煤,2025-10-10 09:56:21,7.39,24100,7.38,U
sz000983,山西焦煤,2025-10-10 09:56:24,7.38,60900,7.39,D
sz000983,山西焦煤,2025-10-10 09:56:30,7.39,39800,7.38,U
sz000983,山西焦煤,2025-10-10 09:56:33,7.38,29500,7.39,D
sz000983,山西焦煤,2025-10-10 09:56:36,7.39,48800,7.38,U
sz000983,山西焦煤,2025-10-10 09:56:39,7.38,127600,7.39,D
sz000983,山西焦煤,2025-10-10 09:56:42,7.38,34100,7.38,D
sz000983,山西焦煤,2025-10-10 09:56:45,7.38,86200,7.38,D
sz000983,山西焦煤,2025-10-10 09:56:48,7.38,540600,7.38,D
sz000983,山西焦煤,2025-10-10 09:56:51,7.38,74100,7.38,U
sz000983,山西焦煤,2025-10-10 09:56:54,7.37,41000,7.38,D
sz000983,山西焦煤,2025-10-10 09:56:57,7.37,88000,7.37,D
sz000983,山西焦煤,2025-10-10 09:57:03,7.37,104600,7.38,D
sz000983,山西焦煤,2025-10-10 09:57:06,7.38,62400,7.37,U
sz000983,山西焦煤,2025-10-10 09:57:09,7.38,29400,7.38,D
sz000983,山西焦煤,2025-10-10 09:57:12,7.39,481500,7.38,U
sz000983,山西焦煤,2025-10-10 09:57:15,7.38,103300,7.39,D
sz000983,山西焦煤,2025-10-10 09:57:18,7.39,61800,7.38,D
sz000983,山西焦煤,2025-10-10 09:57:21,7.39,24700,7.39,U
sz000983,山西焦煤,2025-10-10 09:57:24,7.39,52100,7.39,U
sz000983,山西焦煤,2025-10-10 09:57:27,7.39,28600,7.39,U
sz000983,山西焦煤,2025-10-10 09:57:30,7.39,51000,7.39,U
sz000983,山西焦煤,2025-10-10 09:57:33,7.38,26500,7.39,D
sz000983,山西焦煤,2025-10-10 09:57:39,7.39,33700,7.39,U
sz000983,山西焦煤,2025-10-10 09:57:42,7.39,108100,7.39,U
sz000983,山西焦煤,2025-10-10 09:57:45,7.38,69400,7.39,D
sz000983,山西焦煤,2025-10-10 09:57:48,7.39,21300,7.38,U
sz000983,山西焦煤,2025-10-10 09:57:51,7.39,38300,7.39,U
sz000983,山西焦煤,2025-10-10 09:57:57,7.39,21500,7.38,U
sz000983,山西焦煤,2025-10-10 09:58:00,7.38,159800,7.39,D
sz000983,山西焦煤,2025-10-10 09:58:12,7.38,27500,7.38,U
sz000983,山西焦煤,2025-10-10 09:58:18,7.38,69400,7.38,U
sz000983,山西焦煤,2025-10-10 09:58:21,7.38,23500,7.38,U
sz000983,山西焦煤,2025-10-10 09:58:24,7.38,38600,7.38,U
sz000983,山西焦煤,2025-10-10 09:58:33,7.38,77800,7.38,U
sz000983,山西焦煤,2025-10-10 09:58:36,7.38,22400,7.38,U
sz000983,山西焦煤,2025-10-10 09:58:45,7.37,24100,7.38,D
sz000983,山西焦煤,2025-10-10 09:58:48,7.38,57500,7.37,U
sz000983,山西焦煤,2025-10-10 09:58:57,7.37,63100,7.38,D
sz000983,山西焦煤,2025-10-10 09:59:00,7.38,36100,7.37,U
sz000983,山西焦煤,2025-10-10 09:59:03,7.39,438600,7.38,U
sz000983,山西焦煤,2025-10-10 09:59:06,7.39,702500,7.39,U
sz000983,山西焦煤,2025-10-10 09:59:09,7.39,75500,7.39,D
sz000983,山西焦煤,2025-10-10 09:59:15,7.4,33500,7.4,U
sz000983,山西焦煤,2025-10-10 09:59:21,7.4,52000,7.4,U
sz000983,山西焦煤,2025-10-10 09:59:24,7.4,223800,7.4,U
sz000983,山西焦煤,2025-10-10 09:59:27,7.39,32600,7.4,D
sz000983,山西焦煤,2025-10-10 09:59:30,7.39,139300,7.39,D
sz000983,山西焦煤,2025-10-10 09:59:36,7.39,87500,7.39,D
sz000983,山西焦煤,2025-10-10 09:59:45,7.39,42600,7.39,U
sz000983,山西焦煤,2025-10-10 09:59:48,7.39,22900,7.39,U
sz000983,山西焦煤,2025-10-10 09:59:51,7.39,20000,7.39,U
sz000983,山西焦煤,2025-10-10 09:59:54,7.38,45500,7.39,D
sz000983,山西焦煤,2025-10-10 10:00:00,7.38,50200,7.39,D
sz000983,山西焦煤,2025-10-10 10:00:03,7.38,47700,7.38,U
sz000983,山西焦煤,2025-10-10 10:00:09,7.38,38000,7.38,U
sz000983,山西焦煤,2025-10-10 10:00:12,7.38,26600,7.38,U
sz000983,山西焦煤,2025-10-10 10:00:15,7.38,47300,7.38,U
sz000983,山西焦煤,2025-10-10 10:00:18,7.38,27300,7.38,U
sz000983,山西焦煤,2025-10-10 10:00:21,7.38,32500,7.38,U
sz000983,山西焦煤,2025-10-10 10:00:24,7.38,49000,7.38,D
sz000983,山西焦煤,2025-10-10 10:00:30,7.38,64800,7.38,U
sz000983,山西焦煤,2025-10-10 10:00:33,7.38,28900,7.38,D
sz000983,山西焦煤,2025-10-10 10:00:39,7.38,40100,7.38,D
sz000983,山西焦煤,2025-10-10 10:00:42,7.39,73200,7.38,U
sz000983,山西焦煤,2025-10-10 10:00:48,7.39,342900,7.38,U
sz000983,山西焦煤,2025-10-10 10:00:51,7.39,33800,7.39,D
sz000983,山西焦煤,2025-10-10 10:00:54,7.39,50500,7.39,D
sz000983,山西焦煤,2025-10-10 10:01:00,7.4,49000,7.39,U
sz000983,山西焦煤,2025-10-10 10:01:03,7.4,126100,7.4,U
sz000983,山西焦煤,2025-10-10 10:01:06,7.4,118700,7.4,U
sz000983,山西焦煤,2025-10-10 10:01:12,7.4,29500,7.4,U
sz000983,山西焦煤,2025-10-10 10:01:15,7.39,58500,7.4,D
sz000983,山西焦煤,2025-10-10 10:01:18,7.4,44000,7.39,U
sz000983,山西焦煤,2025-10-10 10:01:24,7.39,36600,7.39,D
sz000983,山西焦煤,2025-10-10 10:01:30,7.4,61000,7.4,U
sz000983,山西焦煤,2025-10-10 10:01:33,7.4,35400,7.4,U
sz000983,山西焦煤,2025-10-10 10:01:42,7.4,99600,7.39,U
sz000983,山西焦煤,2025-10-10 10:01:45,7.4,44800,7.4,U
sz000983,山西焦煤,2025-10-10 10:01:51,7.4,128500,7.39,U
sz000983,山西焦煤,2025-10-10 10:01:54,7.4,21000,7.4,U
sz000983,山西焦煤,2025-10-10 10:01:57,7.4,30300,7.4,U
sz000983,山西焦煤,2025-10-10 10:02:09,7.4,23100,7.4,U
sz000983,山西焦煤,2025-10-10 10:02:12,7.4,28600,7.4,U
sz000983,山西焦煤,2025-10-10 10:02:15,7.39,64600,7.4,D
sz000983,山西焦煤,2025-10-10 10:02:24,7.4,41200,7.39,U
sz000983,山西焦煤,2025-10-10 10:02:33,7.4,146300,7.4,U
sz000983,山西焦煤,2025-10-10 10:02:36,7.4,59700,7.4,U
sz000983,山西焦煤,2025-10-10 10:02:39,7.4,31900,7.4,U
sz000983,山西焦煤,2025-10-10 10:02:42,7.39,31300,7.4,D
sz000983,山西焦煤,2025-10-10 10:03:00,7.39,73800,7.4,D
sz000983,山西焦煤,2025-10-10 10:03:03,7.39,997600,7.39,D
sz000983,山西焦煤,2025-10-10 10:03:09,7.38,47000,7.39,D
sz000983,山西焦煤,2025-10-10 10:03:18,7.38,89400,7.38,D
sz000983,山西焦煤,2025-10-10 10:03:24,7.38,20500,7.38,D
sz000983,山西焦煤,2025-10-10 10:03:27,7.38,181900,7.38,D
sz000983,山西焦煤,2025-10-10 10:03:30,7.38,50600,7.38,D
sz000983,山西焦煤,2025-10-10 10:03:33,7.38,84300,7.38,D
sz000983,山西焦煤,2025-10-10 10:03:36,7.39,36700,7.38,U
sz000983,山西焦煤,2025-10-10 10:03:39,7.38,49000,7.39,D
sz000983,山西焦煤,2025-10-10 10:03:42,7.39,21000,7.38,U
sz000983,山西焦煤,2025-10-10 10:03:45,7.38,37500,7.39,D
sz000983,山西焦煤,2025-10-10 10:03:54,7.38,118100,7.38,D
sz000983,山西焦煤,2025-10-10 10:03:57,7.38,29500,7.38,D
sz000983,山西焦煤,2025-10-10 10:04:03,7.39,223200,7.38,U
sz000983,山西焦煤,2025-10-10 10:04:06,7.39,50400,7.39,U
sz000983,山西焦煤,2025-10-10 10:04:09,7.39,48600,7.39,U
sz000983,山西焦煤,2025-10-10 10:04:12,7.39,29600,7.39,U
sz000983,山西焦煤,2025-10-10 10:04:15,7.39,172430,7.39,U
sz000983,山西焦煤,2025-10-10 10:04:21,7.39,20300,7.4,D
sz000983,山西焦煤,2025-10-10 10:04:24,7.39,23000,7.39,D
sz000983,山西焦煤,2025-10-10 10:04:27,7.39,39400,7.39,D
sz000983,山西焦煤,2025-10-10 10:04:30,7.4,115400,7.39,U
sz000983,山西焦煤,2025-10-10 10:04:33,7.39,52400,7.4,D
sz000983,山西焦煤,2025-10-10 10:04:39,7.39,28400,7.4,D
sz000983,山西焦煤,2025-10-10 10:04:48,7.39,56400,7.4,D
sz000983,山西焦煤,2025-10-10 10:04:51,7.4,34800,7.39,U
sz000983,山西焦煤,2025-10-10 10:04:54,7.39,23400,7.4,D
sz000983,山西焦煤,2025-10-10 10:05:03,7.39,23800,7.4,D
sz000983,山西焦煤,2025-10-10 10:05:06,7.4,137100,7.39,U
sz000983,山西焦煤,2025-10-10 10:05:12,7.4,117700,7.39,U
sz000983,山西焦煤,2025-10-10 10:05:15,7.39,31400,7.4,D
sz000983,山西焦煤,2025-10-10 10:05:18,7.4,20200,7.39,U
sz000983,山西焦煤,2025-10-10 10:05:21,7.39,53700,7.4,D
sz000983,山西焦煤,2025-10-10 10:05:24,7.39,21900,7.39,D
sz000983,山西焦煤,2025-10-10 10:05:27,7.4,52800,7.39,U
sz000983,山西焦煤,2025-10-10 10:05:39,7.39,21700,7.4,D
sz000983,山西焦煤,2025-10-10 10:05:42,7.4,88200,7.39,U
sz000983,山西焦煤,2025-10-10 10:05:45,7.4,787000,7.4,U
sz000983,山西焦煤,2025-10-10 10:05:48,7.4,264050,7.4,U
sz000983,山西焦煤,2025-10-10 10:05:51,7.41,41200,7.4,U
sz000983,山西焦煤,2025-10-10 10:05:54,7.4,34700,7.41,D
sz000983,山西焦煤,2025-10-10 10:06:00,7.41,122400,7.41,U
sz000983,山西焦煤,2025-10-10 10:06:03,7.4,22900,7.41,D
sz000983,山西焦煤,2025-10-10 10:06:06,7.41,53600,7.4,U
sz000983,山西焦煤,2025-10-10 10:06:09,7.41,55300,7.41,U
sz000983,山西焦煤,2025-10-10 10:06:12,7.41,62900,7.41,U
sz000983,山西焦煤,2025-10-10 10:06:15,7.41,69500,7.41,U
sz000983,山西焦煤,2025-10-10 10:06:18,7.41,234300,7.41,U
sz000983,山西焦煤,2025-10-10 10:06:21,7.42,29000,7.41,U
sz000983,山西焦煤,2025-10-10 10:06:24,7.41,112300,7.42,D
sz000983,山西焦煤,2025-10-10 10:06:27,7.41,62500,7.41,D
sz000983,山西焦煤,2025-10-10 10:06:30,7.42,60900,7.41,U
sz000983,山西焦煤,2025-10-10 10:06:33,7.42,39600,7.42,U
sz000983,山西焦煤,2025-10-10 10:06:39,7.42,49400,7.42,U
sz000983,山西焦煤,2025-10-10 10:06:42,7.41,69500,7.42,D
sz000983,山西焦煤,2025-10-10 10:06:45,7.41,25800,7.41,D
sz000983,山西焦煤,2025-10-10 10:06:48,7.42,56200,7.41,U
sz000983,山西焦煤,2025-10-10 10:06:51,7.41,35600,7.42,D
sz000983,山西焦煤,2025-10-10 10:06:54,7.42,123400,7.41,U
sz000983,山西焦煤,2025-10-10 10:06:57,7.42,124250,7.42,U
sz000983,山西焦煤,2025-10-10 10:07:00,7.42,54100,7.42,D
sz000983,山西焦煤,2025-10-10 10:07:03,7.41,227600,7.42,D
sz000983,山西焦煤,2025-10-10 10:07:06,7.42,22200,7.41,U
sz000983,山西焦煤,2025-10-10 10:07:09,7.41,197900,7.42,D
sz000983,山西焦煤,2025-10-10 10:07:12,7.42,138900,7.41,U
sz000983,山西焦煤,2025-10-10 10:07:15,7.42,84800,7.42,U
sz000983,山西焦煤,2025-10-10 10:07:18,7.41,54500,7.42,D
sz000983,山西焦煤,2025-10-10 10:07:21,7.42,26800,7.41,U
sz000983,山西焦煤,2025-10-10 10:07:30,7.41,20200,7.42,D
sz000983,山西焦煤,2025-10-10 10:07:42,7.41,62800,7.42,D
sz000983,山西焦煤,2025-10-10 10:07:45,7.42,139000,7.41,U
sz000983,山西焦煤,2025-10-10 10:07:48,7.42,275200,7.42,U
sz000983,山西焦煤,2025-10-10 10:07:51,7.42,58800,7.42,U
sz000983,山西焦煤,2025-10-10 10:07:54,7.42,31900,7.42,U
sz000983,山西焦煤,2025-10-10 10:07:57,7.42,28500,7.42,U
sz000983,山西焦煤,2025-10-10 10:08:00,7.42,56900,7.42,U
sz000983,山西焦煤,2025-10-10 10:08:03,7.42,30000,7.42,U
sz000983,山西焦煤,2025-10-10 10:08:06,7.43,49700,7.42,U
sz000983,山西焦煤,2025-10-10 10:08:09,7.42,65600,7.43,D
sz000983,山西焦煤,2025-10-10 10:08:12,7.42,22100,7.42,U
sz000983,山西焦煤,2025-10-10 10:08:15,7.42,20900,7.42,U
sz000983,山西焦煤,2025-10-10 10:08:27,7.42,30200,7.43,D
sz000983,山西焦煤,2025-10-10 10:08:30,7.43,42800,7.42,U
sz000983,山西焦煤,2025-10-10 10:08:33,7.43,35400,7.43,U
sz000983,山西焦煤,2025-10-10 10:08:42,7.43,60700,7.43,U
sz000983,山西焦煤,2025-10-10 10:08:45,7.43,68300,7.43,U
sz000983,山西焦煤,2025-10-10 10:08:48,7.43,87600,7.43,U
sz000983,山西焦煤,2025-10-10 10:08:51,7.42,34400,7.43,D
sz000983,山西焦煤,2025-10-10 10:08:54,7.43,41100,7.42,U
sz000983,山西焦煤,2025-10-10 10:08:57,7.43,28600,7.43,U
sz000983,山西焦煤,2025-10-10 10:09:00,7.43,72200,7.43,U
sz000983,山西焦煤,2025-10-10 10:09:03,7.43,37200,7.43,U
sz000983,山西焦煤,2025-10-10 10:09:06,7.43,59900,7.43,U
sz000983,山西焦煤,2025-10-10 10:09:09,7.43,99300,7.43,U
sz000983,山西焦煤,2025-10-10 10:09:15,7.43,34600,7.43,U
sz000983,山西焦煤,2025-10-10 10:09:18,7.43,57400,7.43,U
sz000983,山西焦煤,2025-10-10 10:09:21,7.43,40600,7.43,U
sz000983,山西焦煤,2025-10-10 10:09:24,7.43,47900,7.43,U
sz000983,山西焦煤,2025-10-10 10:09:30,7.43,32800,7.42,U
sz000983,山西焦煤,2025-10-10 10:09:36,7.43,52300,7.42,U
sz000983,山西焦煤,2025-10-10 10:09:39,7.42,28100,7.43,D
sz000983,山西焦煤,2025-10-10 10:09:51,7.42,75500,7.43,D
sz000983,山西焦煤,2025-10-10 10:09:54,7.43,30700,7.42,U
sz000983,山西焦煤,2025-10-10 10:09:57,7.43,50000,7.43,U
sz000983,山西焦煤,2025-10-10 10:10:03,7.42,60200,7.43,D
sz000983,山西焦煤,2025-10-10 10:10:06,7.43,52900,7.42,U
sz000983,山西焦煤,2025-10-10 10:10:09,7.42,50000,7.43,D
sz000983,山西焦煤,2025-10-10 10:10:18,7.43,73400,7.42,U
sz000983,山西焦煤,2025-10-10 10:10:24,7.42,371600,7.43,D
sz000983,山西焦煤,2025-10-10 10:10:27,7.42,40600,7.42,U
sz000983,山西焦煤,2025-10-10 10:10:33,7.42,26700,7.42,U
sz000983,山西焦煤,2025-10-10 10:10:39,7.42,41100,7.42,U
sz000983,山西焦煤,2025-10-10 10:10:42,7.42,30800,7.42,U
sz000983,山西焦煤,2025-10-10 10:10:45,7.42,33400,7.42,D
sz000983,山西焦煤,2025-10-10 10:10:51,7.42,76300,7.43,D
sz000983,山西焦煤,2025-10-10 10:10:54,7.42,150400,7.42,D
sz000983,山西焦煤,2025-10-10 10:11:00,7.42,29900,7.42,U
sz000983,山西焦煤,2025-10-10 10:11:03,7.41,23400,7.42,D
sz000983,山西焦煤,2025-10-10 10:11:06,7.42,86700,7.41,U
sz000983,山西焦煤,2025-10-10 10:11:12,7.42,31100,7.41,U
sz000983,山西焦煤,2025-10-10 10:11:15,7.41,21800,7.42,D
sz000983,山西焦煤,2025-10-10 10:11:18,7.41,26200,7.41,D
sz000983,山西焦煤,2025-10-10 10:11:27,7.41,37800,7.41,D
sz000983,山西焦煤,2025-10-10 10:11:30,7.42,57800,7.41,U
sz000983,山西焦煤,2025-10-10 10:11:33,7.41,28300,7.42,D
sz000983,山西焦煤,2025-10-10 10:11:39,7.43,1462500,7.42,U
sz000983,山西焦煤,2025-10-10 10:11:42,7.43,37900,7.43,D
sz000983,山西焦煤,2025-10-10 10:11:45,7.44,119100,7.43,U
sz000983,山西焦煤,2025-10-10 10:11:48,7.44,82500,7.44,U
sz000983,山西焦煤,2025-10-10 10:11:51,7.43,87000,7.44,D
sz000983,山西焦煤,2025-10-10 10:11:54,7.44,115500,7.43,U
sz000983,山西焦煤,2025-10-10 10:11:57,7.44,47900,7.44,U
sz000983,山西焦煤,2025-10-10 10:12:00,7.44,69800,7.44,U
sz000983,山西焦煤,2025-10-10 10:12:03,7.44,213900,7.44,U
sz000983,山西焦煤,2025-10-10 10:12:06,7.44,91000,7.44,U
sz000983,山西焦煤,2025-10-10 10:12:09,7.44,52600,7.44,U
sz000983,山西焦煤,2025-10-10 10:12:12,7.44,54900,7.44,U
sz000983,山西焦煤,2025-10-10 10:12:21,7.44,22500,7.44,U
sz000983,山西焦煤,2025-10-10 10:12:24,7.44,24800,7.44,U
sz000983,山西焦煤,2025-10-10 10:12:30,7.43,46000,7.44,D
sz000983,山西焦煤,2025-10-10 10:12:36,7.42,166300,7.43,D
sz000983,山西焦煤,2025-10-10 10:12:39,7.43,45000,7.42,U
sz000983,山西焦煤,2025-10-10 10:12:42,7.42,134600,7.43,D
sz000983,山西焦煤,2025-10-10 10:12:45,7.42,54700,7.42,D
sz000983,山西焦煤,2025-10-10 10:13:00,7.42,33600,7.42,D
sz000983,山西焦煤,2025-10-10 10:13:03,7.42,34400,7.42,D
sz000983,山西焦煤,2025-10-10 10:13:06,7.43,36300,7.42,U
sz000983,山西焦煤,2025-10-10 10:13:09,7.42,62400,7.43,D
sz000983,山西焦煤,2025-10-10 10:14:03,7.41,20000,7.41,D
sz000983,山西焦煤,2025-10-10 10:14:27,7.41,24400,7.41,D
sz000983,山西焦煤,2025-10-10 10:14:51,7.41,28210,7.41,D
sz000983,山西焦煤,2025-10-10 10:15:03,7.41,126490,7.41,D
sz000983,山西焦煤,2025-10-10 10:15:24,7.41,92900,7.4,U
sz000983,山西焦煤,2025-10-10 10:15:36,7.41,60700,7.4,U
sz000983,山西焦煤,2025-10-10 10:15:39,7.41,71400,7.41,U
sz000983,山西焦煤,2025-10-10 10:15:42,7.41,61100,7.41,U
sz000983,山西焦煤,2025-10-10 10:15:45,7.41,50100,7.41,U
sz000983,山西焦煤,2025-10-10 10:15:51,7.41,136000,7.41,U
sz000983,山西焦煤,2025-10-10 10:15:57,7.41,21700,7.41,D
sz000983,山西焦煤,2025-10-10 10:16:06,7.42,60000,7.42,U
sz000983,山西焦煤,2025-10-10 10:16:09,7.42,21000,7.42,U
sz000983,山西焦煤,2025-10-10 10:16:15,7.42,729200,7.41,U
sz000983,山西焦煤,2025-10-10 10:16:18,7.43,22900,7.42,U
sz000983,山西焦煤,2025-10-10 10:16:21,7.42,21100,7.43,D
sz000983,山西焦煤,2025-10-10 10:16:24,7.43,24800,7.42,U
sz000983,山西焦煤,2025-10-10 10:16:33,7.42,62000,7.43,D
sz000983,山西焦煤,2025-10-10 10:16:45,7.43,88000,7.43,U
sz000983,山西焦煤,2025-10-10 10:16:54,7.43,20400,7.42,U
sz000983,山西焦煤,2025-10-10 10:17:00,7.43,56000,7.43,U
sz000983,山西焦煤,2025-10-10 10:17:03,7.43,76100,7.43,U
sz000983,山西焦煤,2025-10-10 10:17:06,7.43,29000,7.43,U
sz000983,山西焦煤,2025-10-10 10:17:18,7.43,57600,7.42,U
sz000983,山西焦煤,2025-10-10 10:17:21,7.42,31400,7.43,D
sz000983,山西焦煤,2025-10-10 10:17:24,7.43,34800,7.42,U
sz000983,山西焦煤,2025-10-10 10:17:27,7.42,24200,7.43,D
sz000983,山西焦煤,2025-10-10 10:17:30,7.42,21700,7.42,D
sz000983,山西焦煤,2025-10-10 10:17:39,7.42,28800,7.43,D
sz000983,山西焦煤,2025-10-10 10:17:45,7.42,38500,7.42,D
sz000983,山西焦煤,2025-10-10 10:18:00,7.42,25100,7.42,D
sz000983,山西焦煤,2025-10-10 10:18:03,7.43,211800,7.42,U
sz000983,山西焦煤,2025-10-10 10:18:06,7.42,83500,7.43,D
sz000983,山西焦煤,2025-10-10 10:18:09,7.42,34300,7.42,U
sz000983,山西焦煤,2025-10-10 10:18:12,7.42,37000,7.42,U
sz000983,山西焦煤,2025-10-10 10:18:24,7.41,64800,7.41,D
sz000983,山西焦煤,2025-10-10 10:18:30,7.41,63700,7.41,D
sz000983,山西焦煤,2025-10-10 10:18:33,7.41,64400,7.41,D
sz000983,山西焦煤,2025-10-10 10:18:36,7.42,50900,7.41,U
sz000983,山西焦煤,2025-10-10 10:18:39,7.41,71800,7.42,D
sz000983,山西焦煤,2025-10-10 10:18:45,7.41,33700,7.41,D
sz000983,山西焦煤,2025-10-10 10:18:54,7.42,28800,7.41,U
sz000983,山西焦煤,2025-10-10 10:19:12,7.41,29300,7.42,D
sz000983,山西焦煤,2025-10-10 10:19:18,7.42,81200,7.41,U
sz000983,山西焦煤,2025-10-10 10:19:21,7.41,24400,7.42,D
sz000983,山西焦煤,2025-10-10 10:19:27,7.4,75300,7.41,D
sz000983,山西焦煤,2025-10-10 10:19:39,7.41,20700,7.41,U
sz000983,山西焦煤,2025-10-10 10:19:45,7.41,90000,7.4,U
sz000983,山西焦煤,2025-10-10 10:19:48,7.41,23200,7.41,D
sz000983,山西焦煤,2025-10-10 10:19:51,7.41,48000,7.41,D
sz000983,山西焦煤,2025-10-10 10:20:09,7.4,25000,7.41,D
sz000983,山西焦煤,2025-10-10 10:20:27,7.4,126500,7.4,D
sz000983,山西焦煤,2025-10-10 10:20:30,7.4,47200,7.4,D
sz000983,山西焦煤,2025-10-10 10:20:36,7.41,37700,7.4,U
sz000983,山西焦煤,2025-10-10 10:20:39,7.41,25300,7.41,U
sz000983,山西焦煤,2025-10-10 10:20:42,7.41,58200,7.41,U
sz000983,山西焦煤,2025-10-10 10:20:45,7.4,197900,7.41,D
sz000983,山西焦煤,2025-10-10 10:21:03,7.39,28900,7.39,D
sz000983,山西焦煤,2025-10-10 10:21:12,7.39,22700,7.39,D
sz000983,山西焦煤,2025-10-10 10:21:21,7.39,35900,7.39,D
sz000983,山西焦煤,2025-10-10 10:21:27,7.39,21300,7.39,D
sz000983,山西焦煤,2025-10-10 10:21:30,7.39,25700,7.39,D
sz000983,山西焦煤,2025-10-10 10:21:36,7.4,58300,7.39,U
sz000983,山西焦煤,2025-10-10 10:21:39,7.4,200460,7.4,U
sz000983,山西焦煤,2025-10-10 10:21:48,7.4,47800,7.4,D
sz000983,山西焦煤,2025-10-10 10:21:51,7.4,153700,7.4,D
sz000983,山西焦煤,2025-10-10 10:21:54,7.4,57300,7.4,D
sz000983,山西焦煤,2025-10-10 10:21:57,7.4,25400,7.4,D
sz000983,山西焦煤,2025-10-10 10:22:03,7.4,46900,7.41,D
sz000983,山西焦煤,2025-10-10 10:22:06,7.41,21800,7.4,U
sz000983,山西焦煤,2025-10-10 10:22:09,7.4,239800,7.41,D
sz000983,山西焦煤,2025-10-10 10:22:12,7.41,21200,7.4,U
sz000983,山西焦煤,2025-10-10 10:23:00,7.41,21000,7.41,U
sz000983,山西焦煤,2025-10-10 10:23:03,7.4,27000,7.41,D
sz000983,山西焦煤,2025-10-10 10:23:21,7.41,37600,7.4,U
sz000983,山西焦煤,2025-10-10 10:24:06,7.41,54600,7.4,U
sz000983,山西焦煤,2025-10-10 10:24:15,7.41,55700,7.41,U
sz000983,山西焦煤,2025-10-10 10:24:36,7.41,226700,7.41,U
sz000983,山西焦煤,2025-10-10 10:24:39,7.41,27300,7.41,U
sz000983,山西焦煤,2025-10-10 10:24:45,7.4,26000,7.4,D
sz000983,山西焦煤,2025-10-10 10:25:06,7.41,21500,7.4,U
sz000983,山西焦煤,2025-10-10 10:25:12,7.4,51700,7.4,D
sz000983,山西焦煤,2025-10-10 10:25:36,7.41,107300,7.41,U
sz000983,山西焦煤,2025-10-10 10:25:42,7.4,27200,7.4,D
sz000983,山西焦煤,2025-10-10 10:25:57,7.4,69213,7.4,D
sz000983,山西焦煤,2025-10-10 10:26:00,7.4,25000,7.4,D
sz000983,山西焦煤,2025-10-10 10:26:09,7.4,25800,7.4,D
sz000983,山西焦煤,2025-10-10 10:26:27,7.41,40800,7.4,U
sz000983,山西焦煤,2025-10-10 10:26:30,7.4,51300,7.41,D
sz000983,山西焦煤,2025-10-10 10:26:39,7.41,35500,7.41,U
sz000983,山西焦煤,2025-10-10 10:26:42,7.41,26000,7.41,U
sz000983,山西焦煤,2025-10-10 10:26:45,7.4,31900,7.41,D
sz000983,山西焦煤,2025-10-10 10:26:51,7.4,68100,7.41,D
sz000983,山西焦煤,2025-10-10 10:27:12,7.4,47700,7.4,D
sz000983,山西焦煤,2025-10-10 10:27:18,7.4,22286,7.4,D
sz000983,山西焦煤,2025-10-10 10:27:30,7.4,49700,7.4,D
sz000983,山西焦煤,2025-10-10 10:27:36,7.4,36586,7.4,D
sz000983,山西焦煤,2025-10-10 10:28:15,7.39,58500,7.4,D
sz000983,山西焦煤,2025-10-10 10:28:30,7.39,38800,7.4,D
sz000983,山西焦煤,2025-10-10 10:28:36,7.4,23800,7.39,U
sz000983,山西焦煤,2025-10-10 10:28:39,7.4,20400,7.4,U
sz000983,山西焦煤,2025-10-10 10:28:45,7.39,21100,7.4,D
sz000983,山西焦煤,2025-10-10 10:29:03,7.39,133800,7.39,D
sz000983,山西焦煤,2025-10-10 10:29:12,7.39,81700,7.4,D
sz000983,山西焦煤,2025-10-10 10:29:18,7.39,32400,7.4,D
sz000983,山西焦煤,2025-10-10 10:29:30,7.39,23000,7.39,D
sz000983,山西焦煤,2025-10-10 10:29:36,7.4,93200,7.39,U
sz000983,山西焦煤,2025-10-10 10:30:15,7.39,35000,7.39,D
sz000983,山西焦煤,2025-10-10 10:30:24,7.39,30600,7.39,U
sz000983,山西焦煤,2025-10-10 10:30:36,7.39,60900,7.39,U
sz000983,山西焦煤,2025-10-10 10:30:45,7.38,25200,7.39,D
sz000983,山西焦煤,2025-10-10 10:31:03,7.38,23500,7.39,D
sz000983,山西焦煤,2025-10-10 10:31:12,7.38,25500,7.38,D
sz000983,山西焦煤,2025-10-10 10:31:24,7.38,67200,7.38,D
sz000983,山西焦煤,2025-10-10 10:31:36,7.39,71600,7.38,U
sz000983,山西焦煤,2025-10-10 10:31:42,7.38,102300,7.38,D
sz000983,山西焦煤,2025-10-10 10:31:48,7.38,21400,7.38,D
sz000983,山西焦煤,2025-10-10 10:32:03,7.38,43800,7.38,U
sz000983,山西焦煤,2025-10-10 10:32:12,7.38,60200,7.37,U
sz000983,山西焦煤,2025-10-10 10:32:21,7.38,37400,7.38,D
sz000983,山西焦煤,2025-10-10 10:32:24,7.38,83200,7.38,D
sz000983,山西焦煤,2025-10-10 10:32:30,7.39,22100,7.38,U
sz000983,山西焦煤,2025-10-10 10:32:33,7.39,32300,7.39,U
sz000983,山西焦煤,2025-10-10 10:32:36,7.39,29200,7.39,U
sz000983,山西焦煤,2025-10-10 10:33:27,7.38,24200,7.38,D
sz000983,山西焦煤,2025-10-10 10:33:42,7.39,21500,7.38,U
sz000983,山西焦煤,2025-10-10 10:33:48,7.38,280600,7.39,D
sz000983,山西焦煤,2025-10-10 10:33:51,7.38,26800,7.38,D
sz000983,山西焦煤,2025-10-10 10:34:09,7.38,40100,7.39,D
sz000983,山西焦煤,2025-10-10 10:34:24,7.38,60600,7.38,D
sz000983,山西焦煤,2025-10-10 10:34:30,7.38,26400,7.38,D
sz000983,山西焦煤,2025-10-10 10:34:36,7.39,28200,7.38,U
sz000983,山西焦煤,2025-10-10 10:34:51,7.38,22200,7.38,D
sz000983,山西焦煤,2025-10-10 10:35:24,7.37,33700,7.38,D
sz000983,山西焦煤,2025-10-10 10:35:27,7.38,37000,7.37,U
sz000983,山西焦煤,2025-10-10 10:35:30,7.37,27800,7.38,D
sz000983,山西焦煤,2025-10-10 10:35:33,7.38,83100,7.37,U
sz000983,山西焦煤,2025-10-10 10:35:39,7.37,32200,7.38,D
sz000983,山西焦煤,2025-10-10 10:35:45,7.37,95400,7.38,D
sz000983,山西焦煤,2025-10-10 10:35:51,7.36,38400,7.36,D
sz000983,山西焦煤,2025-10-10 10:35:57,7.36,167500,7.36,D
sz000983,山西焦煤,2025-10-10 10:36:09,7.36,295100,7.36,D
sz000983,山西焦煤,2025-10-10 10:36:12,7.36,24900,7.36,D
sz000983,山西焦煤,2025-10-10 10:36:21,7.36,37900,7.36,D
sz000983,山西焦煤,2025-10-10 10:36:27,7.36,20300,7.36,D
sz000983,山西焦煤,2025-10-10 10:36:33,7.36,27000,7.36,D
sz000983,山西焦煤,2025-10-10 10:36:39,7.36,61200,7.36,U
sz000983,山西焦煤,2025-10-10 10:36:48,7.36,103000,7.36,U
sz000983,山西焦煤,2025-10-10 10:36:54,7.36,60300,7.36,D
sz000983,山西焦煤,2025-10-10 10:36:57,7.36,30400,7.36,D
sz000983,山西焦煤,2025-10-10 10:37:12,7.36,24000,7.36,D
sz000983,山西焦煤,2025-10-10 10:37:15,7.36,40200,7.36,U
sz000983,山西焦煤,2025-10-10 10:37:18,7.36,37700,7.36,U
sz000983,山西焦煤,2025-10-10 10:37:21,7.36,44200,7.36,D
sz000983,山西焦煤,2025-10-10 10:37:27,7.36,111700,7.36,D
sz000983,山西焦煤,2025-10-10 10:37:30,7.35,33800,7.36,D
sz000983,山西焦煤,2025-10-10 10:37:33,7.35,26600,7.35,D
sz000983,山西焦煤,2025-10-10 10:37:45,7.36,24000,7.36,U
sz000983,山西焦煤,2025-10-10 10:37:48,7.35,46000,7.36,D
sz000983,山西焦煤,2025-10-10 10:37:51,7.35,23700,7.35,D
sz000983,山西焦煤,2025-10-10 10:38:00,7.36,64600,7.35,U
sz000983,山西焦煤,2025-10-10 10:38:06,7.36,41700,7.36,D
sz000983,山西焦煤,2025-10-10 10:38:09,7.36,36100,7.36,D
sz000983,山西焦煤,2025-10-10 10:38:33,7.37,255700,7.36,U
sz000983,山西焦煤,2025-10-10 10:38:54,7.37,39800,7.37,D
sz000983,山西焦煤,2025-10-10 10:39:00,7.37,27500,7.37,D
sz000983,山西焦煤,2025-10-10 10:39:15,7.37,22500,7.38,D
sz000983,山西焦煤,2025-10-10 10:40:09,7.38,61800,7.38,U
sz000983,山西焦煤,2025-10-10 10:40:12,7.38,52000,7.38,U
sz000983,山西焦煤,2025-10-10 10:40:18,7.38,22500,7.38,U
sz000983,山西焦煤,2025-10-10 10:40:24,7.38,29600,7.38,U
sz000983,山西焦煤,2025-10-10 10:40:30,7.38,20800,7.38,U
sz000983,山西焦煤,2025-10-10 10:40:36,7.37,55000,7.38,D
sz000983,山西焦煤,2025-10-10 10:41:00,7.38,20800,7.38,U
sz000983,山西焦煤,2025-10-10 10:41:12,7.37,30800,7.38,D
sz000983,山西焦煤,2025-10-10 10:42:15,7.36,175800,7.37,D
sz000983,山西焦煤,2025-10-10 10:42:18,7.36,47500,7.36,D
sz000983,山西焦煤,2025-10-10 10:42:48,7.36,51400,7.36,D
sz000983,山西焦煤,2025-10-10 10:42:54,7.36,45200,7.35,U
sz000983,山西焦煤,2025-10-10 10:43:12,7.36,24400,7.36,U
sz000983,山西焦煤,2025-10-10 10:43:18,7.36,55900,7.36,D
sz000983,山西焦煤,2025-10-10 10:43:30,7.36,27800,7.36,U
sz000983,山西焦煤,2025-10-10 10:43:33,7.36,26500,7.36,U
sz000983,山西焦煤,2025-10-10 10:43:42,7.36,64100,7.36,U
sz000983,山西焦煤,2025-10-10 10:43:45,7.36,30400,7.36,D
sz000983,山西焦煤,2025-10-10 10:44:06,7.36,74700,7.36,U
sz000983,山西焦煤,2025-10-10 10:44:18,7.36,82700,7.36,U
sz000983,山西焦煤,2025-10-10 10:44:39,7.36,20100,7.36,D
sz000983,山西焦煤,2025-10-10 10:44:42,7.37,33800,7.36,U
sz000983,山西焦煤,2025-10-10 10:44:54,7.37,23700,7.37,U
sz000983,山西焦煤,2025-10-10 10:45:33,7.36,39100,7.36,D
sz000983,山西焦煤,2025-10-10 10:46:03,7.36,28200,7.36,D
sz000983,山西焦煤,2025-10-10 10:46:12,7.36,39600,7.36,D
sz000983,山西焦煤,2025-10-10 10:46:39,7.37,27700,7.37,U
sz000983,山西焦煤,2025-10-10 10:46:54,7.36,22100,7.36,D
sz000983,山西焦煤,2025-10-10 10:47:06,7.36,25400,7.37,D
sz000983,山西焦煤,2025-10-10 10:47:51,7.37,58400,7.37,U
sz000983,山西焦煤,2025-10-10 10:48:33,7.37,29800,7.37,U
sz000983,山西焦煤,2025-10-10 10:48:51,7.36,27100,7.37,D
sz000983,山西焦煤,2025-10-10 10:49:03,7.36,60200,7.36,D
sz000983,山西焦煤,2025-10-10 10:49:09,7.37,58500,7.37,U
sz000983,山西焦煤,2025-10-10 10:49:21,7.36,40900,7.37,D
sz000983,山西焦煤,2025-10-10 10:49:30,7.36,28300,7.37,D
sz000983,山西焦煤,2025-10-10 10:50:12,7.37,23000,7.36,U
sz000983,山西焦煤,2025-10-10 10:50:33,7.37,72400,7.36,U
sz000983,山西焦煤,2025-10-10 10:50:36,7.36,30400,7.37,E
sz000983,山西焦煤,2025-10-10 10:51:15,7.36,33300,7.35,U
sz000983,山西焦煤,2025-10-10 10:51:36,7.35,28900,7.36,D
sz000983,山西焦煤,2025-10-10 10:51:54,7.36,143700,7.35,U
sz000983,山西焦煤,2025-10-10 10:53:09,7.35,28500,7.35,D
sz000983,山西焦煤,2025-10-10 10:53:15,7.35,30400,7.35,D
sz000983,山西焦煤,2025-10-10 10:53:18,7.36,21700,7.35,U
sz000983,山西焦煤,2025-10-10 10:53:36,7.35,20000,7.35,D
sz000983,山西焦煤,2025-10-10 10:53:54,7.35,149400,7.35,D
sz000983,山西焦煤,2025-10-10 10:54:03,7.35,43000,7.35,D
sz000983,山西焦煤,2025-10-10 10:54:06,7.35,129200,7.35,U
sz000983,山西焦煤,2025-10-10 10:54:15,7.34,30100,7.36,D
sz000983,山西焦煤,2025-10-10 10:54:21,7.35,39900,7.35,D
sz000983,山西焦煤,2025-10-10 10:55:48,7.35,25000,7.35,U
sz000983,山西焦煤,2025-10-10 10:56:12,7.35,70500,7.35,D
sz000983,山西焦煤,2025-10-10 10:56:54,7.34,24600,7.34,D
sz000983,山西焦煤,2025-10-10 10:57:09,7.35,46600,7.34,U
sz000983,山西焦煤,2025-10-10 10:57:12,7.34,20300,7.35,D
sz000983,山西焦煤,2025-10-10 10:57:33,7.35,20900,7.35,U
sz000983,山西焦煤,2025-10-10 10:57:42,7.34,119700,7.34,D
sz000983,山西焦煤,2025-10-10 10:58:21,7.34,58200,7.34,D
sz000983,山西焦煤,2025-10-10 10:58:24,7.35,50300,7.34,U
sz000983,山西焦煤,2025-10-10 10:58:27,7.35,44500,7.35,U
sz000983,山西焦煤,2025-10-10 10:58:33,7.34,33900,7.34,D
sz000983,山西焦煤,2025-10-10 10:58:57,7.35,62400,7.35,U
sz000983,山西焦煤,2025-10-10 10:59:12,7.35,26800,7.35,U
sz000983,山西焦煤,2025-10-10 11:00:48,7.35,176600,7.34,U
sz000983,山西焦煤,2025-10-10 11:01:21,7.35,31600,7.35,D
sz000983,山西焦煤,2025-10-10 11:02:00,7.35,26500,7.35,U
sz000983,山西焦煤,2025-10-10 11:02:42,7.34,39600,7.35,D
sz000983,山西焦煤,2025-10-10 11:03:09,7.35,20600,7.34,U
sz000983,山西焦煤,2025-10-10 11:03:21,7.34,74400,7.34,D
sz000983,山西焦煤,2025-10-10 11:03:24,7.35,20100,7.34,U
sz000983,山西焦煤,2025-10-10 11:03:27,7.33,54200,7.35,D
sz000983,山西焦煤,2025-10-10 11:03:30,7.33,68800,7.33,D
sz000983,山西焦煤,2025-10-10 11:03:33,7.33,24600,7.33,D
sz000983,山西焦煤,2025-10-10 11:04:03,7.33,198000,7.33,D
sz000983,山西焦煤,2025-10-10 11:04:15,7.32,31800,7.32,D
sz000983,山西焦煤,2025-10-10 11:04:24,7.32,29600,7.32,D
sz000983,山西焦煤,2025-10-10 11:04:30,7.32,91600,7.32,D
sz000983,山西焦煤,2025-10-10 11:04:33,7.33,56600,7.32,U
sz000983,山西焦煤,2025-10-10 11:04:36,7.33,20300,7.33,U
sz000983,山西焦煤,2025-10-10 11:04:42,7.32,21200,7.32,D
sz000983,山西焦煤,2025-10-10 11:04:45,7.33,32600,7.32,U
sz000983,山西焦煤,2025-10-10 11:04:48,7.33,32900,7.33,U
sz000983,山西焦煤,2025-10-10 11:05:00,7.33,22700,7.32,U
sz000983,山西焦煤,2025-10-10 11:05:06,7.32,23600,7.32,D
sz000983,山西焦煤,2025-10-10 11:05:18,7.32,49900,7.32,D
sz000983,山西焦煤,2025-10-10 11:05:51,7.34,262500,7.32,U
sz000983,山西焦煤,2025-10-10 11:06:12,7.34,61407,7.34,U
sz000983,山西焦煤,2025-10-10 11:06:15,7.34,43700,7.34,D
sz000983,山西焦煤,2025-10-10 11:06:30,7.34,263800,7.34,U
sz000983,山西焦煤,2025-10-10 11:06:45,7.33,72200,7.34,D
sz000983,山西焦煤,2025-10-10 11:07:06,7.34,110500,7.34,U
sz000983,山西焦煤,2025-10-10 11:07:30,7.34,24400,7.35,D
sz000983,山西焦煤,2025-10-10 11:07:42,7.35,54400,7.35,U
sz000983,山西焦煤,2025-10-10 11:08:09,7.34,20100,7.35,D
sz000983,山西焦煤,2025-10-10 11:08:27,7.35,40300,7.35,U
sz000983,山西焦煤,2025-10-10 11:08:36,7.34,24100,7.34,D
sz000983,山西焦煤,2025-10-10 11:09:42,7.34,256400,7.34,D
sz000983,山西焦煤,2025-10-10 11:11:27,7.34,62600,7.34,D
sz000983,山西焦煤,2025-10-10 11:12:09,7.34,21300,7.34,D
sz000983,山西焦煤,2025-10-10 11:13:57,7.33,46800,7.33,D
sz000983,山西焦煤,2025-10-10 11:14:03,7.33,166900,7.33,D
sz000983,山西焦煤,2025-10-10 11:14:27,7.34,60200,7.33,U
sz000983,山西焦煤,2025-10-10 11:15:03,7.33,22100,7.33,D
sz000983,山西焦煤,2025-10-10 11:15:09,7.34,35400,7.33,U
sz000983,山西焦煤,2025-10-10 11:15:21,7.34,32100,7.34,U
sz000983,山西焦煤,2025-10-10 11:16:09,7.33,21100,7.33,D
sz000983,山西焦煤,2025-10-10 11:16:12,7.34,28800,7.33,U
sz000983,山西焦煤,2025-10-10 11:16:21,7.34,62300,7.33,U
sz000983,山西焦煤,2025-10-10 11:17:30,7.33,35300,7.33,D
sz000983,山西焦煤,2025-10-10 11:18:39,7.34,46800,7.34,U
sz000983,山西焦煤,2025-10-10 11:20:57,7.34,34100,7.35,D
sz000983,山西焦煤,2025-10-10 11:22:18,7.34,20100,7.34,D
sz000983,山西焦煤,2025-10-10 11:22:27,7.34,48100,7.34,D
sz000983,山西焦煤,2025-10-10 11:23:48,7.33,28500,7.33,D
sz000983,山西焦煤,2025-10-10 11:24:21,7.34,40000,7.33,U
sz000983,山西焦煤,2025-10-10 11:25:51,7.32,364900,7.33,D
sz000983,山西焦煤,2025-10-10 11:26:03,7.33,114200,7.32,U
sz000983,山西焦煤,2025-10-10 11:26:12,7.33,32300,7.33,U
sz000983,山西焦煤,2025-10-10 11:26:27,7.33,21000,7.34,D
sz000983,山西焦煤,2025-10-10 11:27:06,7.34,39600,7.33,U
sz000983,山西焦煤,2025-10-10 11:27:12,7.34,140700,7.34,U
sz000983,山西焦煤,2025-10-10 11:27:15,7.33,31100,7.34,D
sz000983,山西焦煤,2025-10-10 11:27:24,7.34,66500,7.34,U
sz000983,山西焦煤,2025-10-10 11:27:39,7.34,149600,7.33,U
sz000983,山西焦煤,2025-10-10 11:29:06,7.34,50600,7.34,D
sz000983,山西焦煤,2025-10-10 11:29:30,7.34,28900,7.35,D
sz000983,山西焦煤,2025-10-10 11:29:33,7.35,25900,7.34,U
sz000983,山西焦煤,2025-10-10 13:00:00,7.35,151400,7.35,U
sz000983,山西焦煤,2025-10-10 13:00:03,7.35,98000,7.35,U
sz000983,山西焦煤,2025-10-10 13:00:21,7.35,39000,7.34,U
sz000983,山西焦煤,2025-10-10 13:01:03,7.35,35200,7.35,U
sz000983,山西焦煤,2025-10-10 13:02:12,7.34,29100,7.34,D
sz000983,山西焦煤,2025-10-10 13:02:24,7.34,39600,7.34,D
sz000983,山西焦煤,2025-10-10 13:02:54,7.35,44200,7.34,U
sz000983,山西焦煤,2025-10-10 13:03:45,7.34,232700,7.34,D
sz000983,山西焦煤,2025-10-10 13:04:24,7.33,86200,7.34,D
sz000983,山西焦煤,2025-10-10 13:04:42,7.34,38100,7.34,U
sz000983,山西焦煤,2025-10-10 13:05:57,7.33,494600,7.33,D
sz000983,山西焦煤,2025-10-10 13:06:00,7.33,22500,7.33,U
sz000983,山西焦煤,2025-10-10 13:06:12,7.33,35800,7.32,U
sz000983,山西焦煤,2025-10-10 13:06:36,7.32,52100,7.33,D
sz000983,山西焦煤,2025-10-10 13:06:54,7.33,85900,7.32,U
sz000983,山西焦煤,2025-10-10 13:07:00,7.34,50900,7.33,U
sz000983,山西焦煤,2025-10-10 13:07:06,7.33,122500,7.33,D
sz000983,山西焦煤,2025-10-10 13:07:09,7.34,29800,7.33,U
sz000983,山西焦煤,2025-10-10 13:07:30,7.33,161000,7.33,D
sz000983,山西焦煤,2025-10-10 13:07:36,7.33,83800,7.33,D
sz000983,山西焦煤,2025-10-10 13:08:30,7.33,42500,7.32,U
sz000983,山西焦煤,2025-10-10 13:09:15,7.34,54000,7.34,U
sz000983,山西焦煤,2025-10-10 13:09:45,7.33,36600,7.34,D
sz000983,山西焦煤,2025-10-10 13:10:00,7.34,21400,7.34,U
sz000983,山西焦煤,2025-10-10 13:10:03,7.35,458900,7.34,U
sz000983,山西焦煤,2025-10-10 13:10:12,7.35,36200,7.35,U
sz000983,山西焦煤,2025-10-10 13:10:51,7.35,116200,7.35,U
sz000983,山西焦煤,2025-10-10 13:10:54,7.35,77300,7.35,U
sz000983,山西焦煤,2025-10-10 13:11:12,7.35,24000,7.35,U
sz000983,山西焦煤,2025-10-10 13:11:27,7.35,20400,7.35,U
sz000983,山西焦煤,2025-10-10 13:12:57,7.34,27300,7.34,D
sz000983,山西焦煤,2025-10-10 13:13:48,7.34,58000,7.35,D
sz000983,山西焦煤,2025-10-10 13:13:54,7.34,122000,7.35,D
sz000983,山西焦煤,2025-10-10 13:14:00,7.34,30300,7.35,D
sz000983,山西焦煤,2025-10-10 13:14:15,7.35,30200,7.35,U
sz000983,山西焦煤,2025-10-10 13:14:18,7.34,27000,7.35,D
sz000983,山西焦煤,2025-10-10 13:14:24,7.35,28600,7.35,U
sz000983,山西焦煤,2025-10-10 13:15:15,7.34,63500,7.35,D
sz000983,山西焦煤,2025-10-10 13:15:18,7.35,147000,7.34,U
sz000983,山西焦煤,2025-10-10 13:15:30,7.35,20180,7.35,D
sz000983,山西焦煤,2025-10-10 13:16:00,7.34,24900,7.35,D
sz000983,山西焦煤,2025-10-10 13:18:57,7.35,36700,7.35,U
sz000983,山西焦煤,2025-10-10 13:20:03,7.34,360100,7.35,D
sz000983,山西焦煤,2025-10-10 13:20:06,7.35,52034,7.34,U
sz000983,山西焦煤,2025-10-10 13:20:09,7.34,25200,7.35,D
sz000983,山西焦煤,2025-10-10 13:20:33,7.35,25600,7.35,U
sz000983,山西焦煤,2025-10-10 13:21:03,7.35,22900,7.35,U
sz000983,山西焦煤,2025-10-10 13:21:12,7.35,42900,7.35,U
sz000983,山西焦煤,2025-10-10 13:21:15,7.35,23200,7.35,U
sz000983,山西焦煤,2025-10-10 13:22:21,7.34,55400,7.35,D
sz000983,山西焦煤,2025-10-10 13:23:12,7.34,22900,7.35,D
sz000983,山西焦煤,2025-10-10 13:23:36,7.33,189966,7.34,D
sz000983,山西焦煤,2025-10-10 13:24:30,7.35,20200,7.34,U
sz000983,山西焦煤,2025-10-10 13:24:57,7.34,22400,7.34,D
sz000983,山西焦煤,2025-10-10 13:25:12,7.34,44700,7.34,D
sz000983,山西焦煤,2025-10-10 13:25:15,7.34,42800,7.34,D
sz000983,山西焦煤,2025-10-10 13:25:18,7.34,42200,7.34,D
sz000983,山西焦煤,2025-10-10 13:25:24,7.34,53300,7.34,U
sz000983,山西焦煤,2025-10-10 13:25:27,7.34,24000,7.34,U
sz000983,山西焦煤,2025-10-10 13:25:36,7.34,24900,7.34,D
sz000983,山西焦煤,2025-10-10 13:25:54,7.35,53900,7.34,U
sz000983,山西焦煤,2025-10-10 13:28:33,7.35,28200,7.35,U
sz000983,山西焦煤,2025-10-10 13:28:51,7.35,105000,7.34,U
sz000983,山西焦煤,2025-10-10 13:29:21,7.35,28400,7.35,U
sz000983,山西焦煤,2025-10-10 13:29:24,7.35,29000,7.35,U
sz000983,山西焦煤,2025-10-10 13:29:30,7.35,26300,7.35,U
sz000983,山西焦煤,2025-10-10 13:30:54,7.35,488570,7.35,U
sz000983,山西焦煤,2025-10-10 13:30:57,7.36,57200,7.35,U
sz000983,山西焦煤,2025-10-10 13:31:09,7.35,29100,7.35,D
sz000983,山西焦煤,2025-10-10 13:31:27,7.36,36700,7.35,U
sz000983,山西焦煤,2025-10-10 13:31:30,7.35,30000,7.36,D
sz000983,山西焦煤,2025-10-10 13:31:33,7.35,27300,7.35,D
sz000983,山西焦煤,2025-10-10 13:31:39,7.36,22900,7.35,U
sz000983,山西焦煤,2025-10-10 13:32:39,7.36,20700,7.35,U
sz000983,山西焦煤,2025-10-10 13:32:57,7.35,63800,7.36,D
sz000983,山西焦煤,2025-10-10 13:33:33,7.36,21500,7.35,U
sz000983,山西焦煤,2025-10-10 13:33:39,7.35,151300,7.35,D
sz000983,山西焦煤,2025-10-10 13:33:42,7.35,50100,7.35,U
sz000983,山西焦煤,2025-10-10 13:34:30,7.35,37800,7.36,D
sz000983,山西焦煤,2025-10-10 13:34:45,7.36,153500,7.36,U
sz000983,山西焦煤,2025-10-10 13:35:00,7.36,30000,7.37,D
sz000983,山西焦煤,2025-10-10 13:35:21,7.37,50700,7.37,U
sz000983,山西焦煤,2025-10-10 13:35:36,7.36,161700,7.36,D
sz000983,山西焦煤,2025-10-10 13:35:42,7.35,112766,7.37,D
sz000983,山西焦煤,2025-10-10 13:36:00,7.37,25400,7.36,U
sz000983,山西焦煤,2025-10-10 13:36:45,7.36,22600,7.37,D
sz000983,山西焦煤,2025-10-10 13:37:09,7.36,22000,7.36,D
sz000983,山西焦煤,2025-10-10 13:37:27,7.36,23300,7.37,D
sz000983,山西焦煤,2025-10-10 13:37:33,7.36,82772,7.36,D
sz000983,山西焦煤,2025-10-10 13:37:36,7.35,40194,7.36,D
sz000983,山西焦煤,2025-10-10 13:37:39,7.36,24600,7.35,U
sz000983,山西焦煤,2025-10-10 13:37:57,7.35,22300,7.36,D
sz000983,山西焦煤,2025-10-10 13:40:21,7.36,61500,7.36,U
sz000983,山西焦煤,2025-10-10 13:40:48,7.35,47200,7.36,D
sz000983,山西焦煤,2025-10-10 13:41:15,7.36,34400,7.36,U
sz000983,山西焦煤,2025-10-10 13:42:18,7.35,41500,7.35,D
sz000983,山西焦煤,2025-10-10 13:42:21,7.35,207630,7.35,D
sz000983,山西焦煤,2025-10-10 13:42:39,7.35,27300,7.35,D
sz000983,山西焦煤,2025-10-10 13:43:15,7.34,21400,7.35,D
sz000983,山西焦煤,2025-10-10 13:43:39,7.34,21300,7.35,D
sz000983,山西焦煤,2025-10-10 13:44:15,7.34,190000,7.35,D
sz000983,山西焦煤,2025-10-10 13:44:48,7.35,55000,7.34,U
sz000983,山西焦煤,2025-10-10 13:45:15,7.35,33000,7.35,U
sz000983,山西焦煤,2025-10-10 13:45:57,7.35,30100,7.34,U
sz000983,山西焦煤,2025-10-10 13:47:45,7.35,31900,7.35,U
sz000983,山西焦煤,2025-10-10 13:48:03,7.35,32900,7.34,U
sz000983,山西焦煤,2025-10-10 13:48:12,7.35,87700,7.35,U
sz000983,山西焦煤,2025-10-10 13:48:33,7.35,33000,7.35,U
sz000983,山西焦煤,2025-10-10 13:49:00,7.34,103800,7.35,D
sz000983,山西焦煤,2025-10-10 13:49:15,7.34,100000,7.35,D
sz000983,山西焦煤,2025-10-10 13:49:30,7.35,107500,7.34,U
sz000983,山西焦煤,2025-10-10 13:49:51,7.35,48100,7.34,U
sz000983,山西焦煤,2025-10-10 13:50:06,7.34,20000,7.34,D
sz000983,山西焦煤,2025-10-10 13:50:09,7.34,33800,7.34,U
sz000983,山西焦煤,2025-10-10 13:50:18,7.33,26100,7.33,D
sz000983,山西焦煤,2025-10-10 13:51:30,7.33,24700,7.34,D
sz000983,山西焦煤,2025-10-10 13:52:15,7.34,20700,7.34,U
sz000983,山西焦煤,2025-10-10 13:52:42,7.34,23900,7.34,U
sz000983,山西焦煤,2025-10-10 13:52:48,7.34,34000,7.34,U
sz000983,山西焦煤,2025-10-10 13:53:00,7.34,22900,7.35,D
sz000983,山西焦煤,2025-10-10 13:53:03,7.35,20200,7.34,U
sz000983,山西焦煤,2025-10-10 13:53:06,7.34,21700,7.35,D
sz000983,山西焦煤,2025-10-10 13:53:09,7.35,44700,7.34,U
sz000983,山西焦煤,2025-10-10 13:53:12,7.35,115538,7.35,U
sz000983,山西焦煤,2025-10-10 13:53:30,7.35,101100,7.34,U
sz000983,山西焦煤,2025-10-10 13:53:51,7.34,100000,7.35,D
sz000983,山西焦煤,2025-10-10 13:53:54,7.35,65400,7.34,U
sz000983,山西焦煤,2025-10-10 13:54:03,7.35,35700,7.35,U
sz000983,山西焦煤,2025-10-10 13:54:12,7.34,34600,7.35,D
sz000983,山西焦煤,2025-10-10 13:54:21,7.34,27900,7.34,D
sz000983,山西焦煤,2025-10-10 13:55:09,7.34,24510,7.34,D
sz000983,山西焦煤,2025-10-10 13:57:03,7.34,33500,7.35,D
sz000983,山西焦煤,2025-10-10 13:58:09,7.34,32400,7.35,D
sz000983,山西焦煤,2025-10-10 13:58:12,7.34,201400,7.34,D
sz000983,山西焦煤,2025-10-10 13:59:09,7.35,42100,7.35,U
sz000983,山西焦煤,2025-10-10 13:59:12,7.35,80800,7.35,U
sz000983,山西焦煤,2025-10-10 14:00:24,7.35,100100,7.36,D
sz000983,山西焦煤,2025-10-10 14:01:42,7.35,34600,7.35,D
sz000983,山西焦煤,2025-10-10 14:01:51,7.35,28300,7.35,D
sz000983,山西焦煤,2025-10-10 14:01:54,7.35,21700,7.35,D
sz000983,山西焦煤,2025-10-10 14:02:42,7.36,178100,7.35,U
sz000983,山西焦煤,2025-10-10 14:02:45,7.35,30300,7.36,U
sz000983,山西焦煤,2025-10-10 14:03:09,7.36,20000,7.35,U
sz000983,山西焦煤,2025-10-10 14:04:30,7.35,21000,7.36,D
sz000983,山西焦煤,2025-10-10 14:04:51,7.35,22700,7.35,U
sz000983,山西焦煤,2025-10-10 14:04:54,7.35,29800,7.35,D
sz000983,山西焦煤,2025-10-10 14:05:15,7.34,23100,7.35,D
sz000983,山西焦煤,2025-10-10 14:05:24,7.34,81600,7.35,D
sz000983,山西焦煤,2025-10-10 14:06:51,7.34,21400,7.35,D
sz000983,山西焦煤,2025-10-10 14:07:03,7.33,276052,7.34,D
sz000983,山西焦煤,2025-10-10 14:07:15,7.34,29300,7.34,U
sz000983,山西焦煤,2025-10-10 14:07:18,7.33,24900,7.34,D
sz000983,山西焦煤,2025-10-10 14:08:18,7.33,35800,7.34,D
sz000983,山西焦煤,2025-10-10 14:08:36,7.33,33900,7.34,D
sz000983,山西焦煤,2025-10-10 14:08:48,7.33,34100,7.34,D
sz000983,山西焦煤,2025-10-10 14:09:03,7.33,87300,7.33,D
sz000983,山西焦煤,2025-10-10 14:09:06,7.32,242470,7.33,D
sz000983,山西焦煤,2025-10-10 14:09:15,7.33,23100,7.33,U
sz000983,山西焦煤,2025-10-10 14:09:24,7.33,41100,7.33,U
sz000983,山西焦煤,2025-10-10 14:10:03,7.32,73500,7.32,D
sz000983,山西焦煤,2025-10-10 14:10:21,7.33,25800,7.33,U
sz000983,山西焦煤,2025-10-10 14:10:36,7.32,21400,7.32,D
sz000983,山西焦煤,2025-10-10 14:11:00,7.32,27500,7.33,D
sz000983,山西焦煤,2025-10-10 14:11:15,7.32,36300,7.33,D
sz000983,山西焦煤,2025-10-10 14:11:27,7.33,20800,7.32,U
sz000983,山西焦煤,2025-10-10 14:11:30,7.33,29900,7.33,U
sz000983,山西焦煤,2025-10-10 14:11:33,7.32,22700,7.33,D
sz000983,山西焦煤,2025-10-10 14:12:15,7.33,39800,7.32,U
sz000983,山西焦煤,2025-10-10 14:12:42,7.33,32100,7.33,U
sz000983,山西焦煤,2025-10-10 14:12:57,7.32,39200,7.32,D
sz000983,山西焦煤,2025-10-10 14:13:03,7.32,64200,7.32,D
sz000983,山西焦煤,2025-10-10 14:13:12,7.32,30700,7.32,D
sz000983,山西焦煤,2025-10-10 14:13:15,7.32,108700,7.32,D
sz000983,山西焦煤,2025-10-10 14:13:18,7.32,26000,7.32,U
sz000983,山西焦煤,2025-10-10 14:13:21,7.32,139900,7.32,U
sz000983,山西焦煤,2025-10-10 14:13:30,7.32,24800,7.32,U
sz000983,山西焦煤,2025-10-10 14:15:36,7.32,158100,7.31,U
sz000983,山西焦煤,2025-10-10 14:16:33,7.31,20400,7.31,D
sz000983,山西焦煤,2025-10-10 14:16:51,7.31,25400,7.31,D
sz000983,山西焦煤,2025-10-10 14:17:03,7.31,125100,7.31,D
sz000983,山西焦煤,2025-10-10 14:17:12,7.31,36300,7.31,D
sz000983,山西焦煤,2025-10-10 14:17:15,7.31,63000,7.31,D
sz000983,山西焦煤,2025-10-10 14:17:18,7.31,95100,7.31,D
sz000983,山西焦煤,2025-10-10 14:17:24,7.31,30400,7.31,U
sz000983,山西焦煤,2025-10-10 14:17:27,7.31,36600,7.31,U
sz000983,山西焦煤,2025-10-10 14:17:33,7.31,24500,7.3,U
sz000983,山西焦煤,2025-10-10 14:17:45,7.3,24800,7.3,D
sz000983,山西焦煤,2025-10-10 14:17:51,7.31,30100,7.3,U
sz000983,山西焦煤,2025-10-10 14:17:54,7.3,63300,7.31,D
sz000983,山西焦煤,2025-10-10 14:18:09,7.31,33900,7.31,U
sz000983,山西焦煤,2025-10-10 14:18:12,7.3,32000,7.31,D
sz000983,山西焦煤,2025-10-10 14:18:24,7.3,23300,7.3,D
sz000983,山西焦煤,2025-10-10 14:18:27,7.3,233800,7.3,D
sz000983,山西焦煤,2025-10-10 14:18:30,7.3,167900,7.3,D
sz000983,山西焦煤,2025-10-10 14:18:33,7.3,43900,7.3,U
sz000983,山西焦煤,2025-10-10 14:18:36,7.3,95400,7.3,U
sz000983,山西焦煤,2025-10-10 14:18:48,7.3,20200,7.3,D
sz000983,山西焦煤,2025-10-10 14:18:54,7.29,58100,7.3,D
sz000983,山西焦煤,2025-10-10 14:19:00,7.29,23100,7.3,D
sz000983,山西焦煤,2025-10-10 14:19:06,7.29,42900,7.29,D
sz000983,山西焦煤,2025-10-10 14:19:09,7.3,31000,7.29,U
sz000983,山西焦煤,2025-10-10 14:19:18,7.3,21200,7.3,D
sz000983,山西焦煤,2025-10-10 14:19:27,7.29,49600,7.3,D
sz000983,山西焦煤,2025-10-10 14:19:36,7.31,21100,7.3,U
sz000983,山西焦煤,2025-10-10 14:19:42,7.3,23900,7.3,D
sz000983,山西焦煤,2025-10-10 14:19:54,7.3,29900,7.3,D
sz000983,山西焦煤,2025-10-10 14:20:03,7.31,22900,7.3,U
sz000983,山西焦煤,2025-10-10 14:20:06,7.3,62800,7.31,D
sz000983,山西焦煤,2025-10-10 14:20:09,7.3,58800,7.3,U
sz000983,山西焦煤,2025-10-10 14:20:18,7.31,39700,7.3,U
sz000983,山西焦煤,2025-10-10 14:20:24,7.3,40900,7.3,D
sz000983,山西焦煤,2025-10-10 14:20:27,7.31,31400,7.3,U
sz000983,山西焦煤,2025-10-10 14:20:30,7.31,26000,7.31,U
sz000983,山西焦煤,2025-10-10 14:20:51,7.31,23400,7.3,U
sz000983,山西焦煤,2025-10-10 14:21:03,7.31,29900,7.31,U
sz000983,山西焦煤,2025-10-10 14:21:09,7.31,66700,7.31,U
sz000983,山西焦煤,2025-10-10 14:21:18,7.32,23500,7.31,U
sz000983,山西焦煤,2025-10-10 14:21:27,7.31,41000,7.32,D
sz000983,山西焦煤,2025-10-10 14:22:48,7.31,20100,7.31,D
sz000983,山西焦煤,2025-10-10 14:24:00,7.32,24500,7.31,U
sz000983,山西焦煤,2025-10-10 14:24:03,7.31,24500,7.32,D
sz000983,山西焦煤,2025-10-10 14:24:24,7.32,81800,7.32,U
sz000983,山西焦煤,2025-10-10 14:24:33,7.32,20400,7.32,U
sz000983,山西焦煤,2025-10-10 14:24:36,7.32,21000,7.32,U
sz000983,山西焦煤,2025-10-10 14:24:39,7.32,42700,7.32,U
sz000983,山西焦煤,2025-10-10 14:24:57,7.32,41400,7.32,U
sz000983,山西焦煤,2025-10-10 14:25:00,7.31,25700,7.32,D
sz000983,山西焦煤,2025-10-10 14:25:24,7.32,91200,7.32,U
sz000983,山西焦煤,2025-10-10 14:25:27,7.32,29200,7.32,U
sz000983,山西焦煤,2025-10-10 14:25:45,7.32,30000,7.33,D
sz000983,山西焦煤,2025-10-10 14:25:54,7.32,33700,7.32,D
sz000983,山西焦煤,2025-10-10 14:25:57,7.32,82800,7.32,D
sz000983,山西焦煤,2025-10-10 14:26:03,7.32,26400,7.32,U
sz000983,山西焦煤,2025-10-10 14:26:15,7.32,63900,7.33,D
sz000983,山西焦煤,2025-10-10 14:26:21,7.32,168900,7.33,D
sz000983,山西焦煤,2025-10-10 14:27:03,7.33,148000,7.31,U
sz000983,山西焦煤,2025-10-10 14:27:15,7.31,25100,7.32,D
sz000983,山西焦煤,2025-10-10 14:28:03,7.33,40400,7.32,U
sz000983,山西焦煤,2025-10-10 14:28:06,7.33,23000,7.33,U
sz000983,山西焦煤,2025-10-10 14:28:12,7.33,20500,7.33,U
sz000983,山西焦煤,2025-10-10 14:28:15,7.32,59100,7.33,D
sz000983,山西焦煤,2025-10-10 14:28:33,7.32,94770,7.32,U
sz000983,山西焦煤,2025-10-10 14:28:36,7.31,50930,7.32,D
sz000983,山西焦煤,2025-10-10 14:29:03,7.32,29800,7.32,U
sz000983,山西焦煤,2025-10-10 14:29:36,7.33,20800,7.32,U
sz000983,山西焦煤,2025-10-10 14:29:45,7.32,23900,7.32,U
sz000983,山西焦煤,2025-10-10 14:29:48,7.32,22400,7.32,D
sz000983,山西焦煤,2025-10-10 14:30:21,7.33,21800,7.32,U
sz000983,山西焦煤,2025-10-10 14:30:42,7.31,108700,7.31,D
sz000983,山西焦煤,2025-10-10 14:31:12,7.31,33900,7.32,D
sz000983,山西焦煤,2025-10-10 14:31:39,7.31,34800,7.31,D
sz000983,山西焦煤,2025-10-10 14:31:42,7.32,72300,7.31,U
sz000983,山西焦煤,2025-10-10 14:32:00,7.32,119100,7.32,U
sz000983,山西焦煤,2025-10-10 14:32:03,7.32,64900,7.32,D
sz000983,山西焦煤,2025-10-10 14:32:21,7.32,28000,7.33,D
sz000983,山西焦煤,2025-10-10 14:32:30,7.33,50200,7.33,U
sz000983,山西焦煤,2025-10-10 14:32:42,7.33,33400,7.33,U
sz000983,山西焦煤,2025-10-10 14:33:09,7.33,20000,7.33,U
sz000983,山西焦煤,2025-10-10 14:33:36,7.33,23800,7.33,U
sz000983,山西焦煤,2025-10-10 14:34:15,7.32,55400,7.33,D
sz000983,山西焦煤,2025-10-10 14:34:18,7.33,23500,7.32,U
sz000983,山西焦煤,2025-10-10 14:34:21,7.33,34700,7.33,U
sz000983,山西焦煤,2025-10-10 14:34:33,7.33,55200,7.33,U
sz000983,山西焦煤,2025-10-10 14:34:36,7.33,30100,7.33,U
sz000983,山西焦煤,2025-10-10 14:34:57,7.33,65300,7.33,U
sz000983,山西焦煤,2025-10-10 14:35:15,7.33,67670,7.33,U
sz000983,山西焦煤,2025-10-10 14:35:24,7.33,47500,7.33,D
sz000983,山西焦煤,2025-10-10 14:35:30,7.33,25600,7.33,D
sz000983,山西焦煤,2025-10-10 14:35:42,7.34,27600,7.33,U
sz000983,山西焦煤,2025-10-10 14:35:57,7.33,77200,7.33,D
sz000983,山西焦煤,2025-10-10 14:36:03,7.34,22600,7.33,U
sz000983,山西焦煤,2025-10-10 14:37:06,7.34,34900,7.34,U
sz000983,山西焦煤,2025-10-10 14:37:09,7.33,45500,7.34,D
sz000983,山西焦煤,2025-10-10 14:37:24,7.34,56100,7.34,U
sz000983,山西焦煤,2025-10-10 14:38:03,7.34,30400,7.33,U
sz000983,山西焦煤,2025-10-10 14:38:06,7.34,195900,7.34,U
sz000983,山西焦煤,2025-10-10 14:38:30,7.33,71100,7.33,D
sz000983,山西焦煤,2025-10-10 14:38:45,7.34,31400,7.34,U
sz000983,山西焦煤,2025-10-10 14:39:03,7.34,30700,7.34,U
sz000983,山西焦煤,2025-10-10 14:39:06,7.33,21200,7.34,D
sz000983,山西焦煤,2025-10-10 14:39:15,7.34,29700,7.34,U
sz000983,山西焦煤,2025-10-10 14:39:21,7.34,66800,7.34,U
sz000983,山西焦煤,2025-10-10 14:39:24,7.34,74900,7.34,U
sz000983,山西焦煤,2025-10-10 14:39:27,7.34,131000,7.34,D
sz000983,山西焦煤,2025-10-10 14:39:36,7.34,33100,7.34,U
sz000983,山西焦煤,2025-10-10 14:40:12,7.33,23800,7.33,D
sz000983,山西焦煤,2025-10-10 14:40:24,7.34,116800,7.34,U
sz000983,山西焦煤,2025-10-10 14:41:24,7.34,21700,7.33,U
sz000983,山西焦煤,2025-10-10 14:41:36,7.34,20300,7.33,U
sz000983,山西焦煤,2025-10-10 14:42:12,7.34,29000,7.33,U
sz000983,山西焦煤,2025-10-10 14:42:15,7.33,32900,7.34,D
sz000983,山西焦煤,2025-10-10 14:42:21,7.33,21000,7.33,D
sz000983,山西焦煤,2025-10-10 14:42:33,7.33,20600,7.33,D
sz000983,山西焦煤,2025-10-10 14:42:39,7.33,45200,7.33,D
sz000983,山西焦煤,2025-10-10 14:42:45,7.33,306200,7.33,D
sz000983,山西焦煤,2025-10-10 14:42:48,7.34,73430,7.33,U
sz000983,山西焦煤,2025-10-10 14:43:15,7.33,35800,7.33,U
sz000983,山西焦煤,2025-10-10 14:43:18,7.33,34700,7.33,U
sz000983,山西焦煤,2025-10-10 14:43:21,7.33,37800,7.33,D
sz000983,山西焦煤,2025-10-10 14:43:24,7.33,80300,7.33,D
sz000983,山西焦煤,2025-10-10 14:43:27,7.34,20900,7.33,U
sz000983,山西焦煤,2025-10-10 14:43:30,7.33,84700,7.34,D
sz000983,山西焦煤,2025-10-10 14:43:36,7.33,35200,7.33,D
sz000983,山西焦煤,2025-10-10 14:43:39,7.34,155700,7.33,U
sz000983,山西焦煤,2025-10-10 14:44:06,7.33,23600,7.33,D
sz000983,山西焦煤,2025-10-10 14:44:15,7.33,21300,7.34,D
sz000983,山西焦煤,2025-10-10 14:44:21,7.33,95100,7.33,D
sz000983,山西焦煤,2025-10-10 14:44:27,7.34,111000,7.34,U
sz000983,山西焦煤,2025-10-10 14:45:00,7.32,34900,7.33,D
sz000983,山西焦煤,2025-10-10 14:45:06,7.32,27900,7.33,D
sz000983,山西焦煤,2025-10-10 14:45:15,7.33,62000,7.33,U
sz000983,山西焦煤,2025-10-10 14:45:18,7.32,51700,7.33,D
sz000983,山西焦煤,2025-10-10 14:45:27,7.33,48200,7.32,U
sz000983,山西焦煤,2025-10-10 14:45:30,7.33,26200,7.33,E
sz000983,山西焦煤,2025-10-10 14:45:39,7.33,25400,7.33,D
sz000983,山西焦煤,2025-10-10 14:46:00,7.33,20500,7.33,D
sz000983,山西焦煤,2025-10-10 14:46:09,7.33,41100,7.33,D
sz000983,山西焦煤,2025-10-10 14:46:12,7.32,21000,7.33,D
sz000983,山西焦煤,2025-10-10 14:46:21,7.32,37900,7.32,D
sz000983,山西焦煤,2025-10-10 14:46:24,7.33,42100,7.32,U
sz000983,山西焦煤,2025-10-10 14:46:33,7.32,23000,7.32,D
sz000983,山西焦煤,2025-10-10 14:46:39,7.33,38700,7.33,U
sz000983,山西焦煤,2025-10-10 14:46:42,7.33,43200,7.33,D
sz000983,山西焦煤,2025-10-10 14:46:48,7.33,32800,7.33,D
sz000983,山西焦煤,2025-10-10 14:46:51,7.32,33500,7.33,D
sz000983,山西焦煤,2025-10-10 14:47:30,7.33,126900,7.33,U
sz000983,山西焦煤,2025-10-10 14:47:36,7.32,22000,7.32,D
sz000983,山西焦煤,2025-10-10 14:48:00,7.32,21400,7.32,D
sz000983,山西焦煤,2025-10-10 14:48:03,7.32,27600,7.32,D
sz000983,山西焦煤,2025-10-10 14:48:06,7.33,84400,7.32,U
sz000983,山西焦煤,2025-10-10 14:48:27,7.32,20700,7.32,D
sz000983,山西焦煤,2025-10-10 14:48:33,7.32,53800,7.33,D
sz000983,山西焦煤,2025-10-10 14:48:48,7.32,30400,7.32,U
sz000983,山西焦煤,2025-10-10 14:48:51,7.31,30400,7.32,D
sz000983,山西焦煤,2025-10-10 14:48:57,7.31,21100,7.32,D
sz000983,山西焦煤,2025-10-10 14:49:06,7.32,21000,7.32,U
sz000983,山西焦煤,2025-10-10 14:49:18,7.31,24700,7.32,D
sz000983,山西焦煤,2025-10-10 14:49:24,7.31,20600,7.32,D
sz000983,山西焦煤,2025-10-10 14:49:27,7.31,54600,7.31,D
sz000983,山西焦煤,2025-10-10 14:49:30,7.31,124900,7.31,D
sz000983,山西焦煤,2025-10-10 14:49:39,7.32,77200,7.32,U
sz000983,山西焦煤,2025-10-10 14:50:06,7.32,20800,7.32,U
sz000983,山西焦煤,2025-10-10 14:50:12,7.32,24100,7.32,U
sz000983,山西焦煤,2025-10-10 14:50:21,7.32,29100,7.32,U
sz000983,山西焦煤,2025-10-10 14:50:24,7.33,80300,7.32,U
sz000983,山西焦煤,2025-10-10 14:50:39,7.32,22800,7.33,D
sz000983,山西焦煤,2025-10-10 14:50:48,7.32,21300,7.32,U
sz000983,山西焦煤,2025-10-10 14:51:12,7.32,40800,7.32,U
sz000983,山西焦煤,2025-10-10 14:51:21,7.32,20000,7.32,D
sz000983,山西焦煤,2025-10-10 14:52:15,7.32,51200,7.32,U
sz000983,山西焦煤,2025-10-10 14:52:39,7.32,69100,7.31,U
sz000983,山西焦煤,2025-10-10 14:52:42,7.32,20300,7.32,U
sz000983,山西焦煤,2025-10-10 14:52:48,7.32,158100,7.31,U
sz000983,山西焦煤,2025-10-10 14:52:51,7.31,28900,7.32,D
sz000983,山西焦煤,2025-10-10 14:52:54,7.31,43100,7.31,D
sz000983,山西焦煤,2025-10-10 14:53:03,7.32,24900,7.31,U
sz000983,山西焦煤,2025-10-10 14:53:06,7.31,58200,7.32,D
sz000983,山西焦煤,2025-10-10 14:53:24,7.31,20800,7.31,D
sz000983,山西焦煤,2025-10-10 14:53:27,7.31,22400,7.31,D
sz000983,山西焦煤,2025-10-10 14:53:48,7.3,22400,7.31,D
sz000983,山西焦煤,2025-10-10 14:53:51,7.32,39100,7.3,U
sz000983,山西焦煤,2025-10-10 14:54:33,7.32,46300,7.32,U
sz000983,山西焦煤,2025-10-10 14:54:39,7.31,29300,7.32,D
sz000983,山西焦煤,2025-10-10 14:54:42,7.32,36200,7.31,U
sz000983,山西焦煤,2025-10-10 14:54:57,7.32,71000,7.31,U
sz000983,山西焦煤,2025-10-10 14:55:03,7.32,30400,7.32,U
sz000983,山西焦煤,2025-10-10 14:55:06,7.31,26800,7.32,D
sz000983,山西焦煤,2025-10-10 14:55:21,7.31,89400,7.32,D
sz000983,山西焦煤,2025-10-10 14:55:54,7.32,35600,7.32,U
sz000983,山西焦煤,2025-10-10 14:55:57,7.32,37300,7.32,U
sz000983,山西焦煤,2025-10-10 14:56:00,7.32,26600,7.32,U
sz000983,山西焦煤,2025-10-10 14:56:03,7.32,21200,7.32,U
sz000983,山西焦煤,2025-10-10 14:56:06,7.31,24400,7.32,D
sz000983,山西焦煤,2025-10-10 14:56:09,7.32,28600,7.31,U
sz000983,山西焦煤,2025-10-10 14:56:12,7.32,22300,7.32,U
sz000983,山西焦煤,2025-10-10 14:56:21,7.31,28500,7.32,D
sz000983,山西焦煤,2025-10-10 14:56:27,7.32,66600,7.32,D
sz000983,山西焦煤,2025-10-10 14:56:30,7.32,30300,7.32,D
sz000983,山西焦煤,2025-10-10 14:56:54,7.32,93700,7.32,D
sz000983,山西焦煤,2025-10-10 15:00:00,7.32,538300,7.32,E
