symbol,name,ticktime,price,volume,prev_price,kind
sz000983,山西焦煤,2025-10-14 09:25:00,7.2,516200,0.0,U
sz000983,山西焦煤,2025-10-14 09:30:00,7.22,70100,7.2,U
sz000983,山西焦煤,2025-10-14 09:30:03,7.23,365700,7.22,U
sz000983,山西焦煤,2025-10-14 09:30:06,7.24,83500,7.23,U
sz000983,山西焦煤,2025-10-14 09:30:09,7.24,73800,7.24,U
sz000983,山西焦煤,2025-10-14 09:30:18,7.23,79200,7.23,U
sz000983,山西焦煤,2025-10-14 09:30:21,7.22,157200,7.23,D
sz000983,山西焦煤,2025-10-14 09:30:24,7.22,31100,7.22,U
sz000983,山西焦煤,2025-10-14 09:30:27,7.23,35100,7.22,U
sz000983,山西焦煤,2025-10-14 09:30:36,7.22,22700,7.22,U
sz000983,山西焦煤,2025-10-14 09:30:42,7.21,176300,7.22,D
sz000983,山西焦煤,2025-10-14 09:30:51,7.21,22500,7.22,D
sz000983,山西焦煤,2025-10-14 09:30:57,7.22,43300,7.22,U
sz000983,山西焦煤,2025-10-14 09:31:00,7.21,37200,7.22,D
sz000983,山西焦煤,2025-10-14 09:31:03,7.19,241500,7.21,D
sz000983,山西焦煤,2025-10-14 09:31:09,7.21,31800,7.19,U
sz000983,山西焦煤,2025-10-14 09:31:12,7.2,28000,7.21,D
sz000983,山西焦煤,2025-10-14 09:31:15,7.2,38300,7.2,D
sz000983,山西焦煤,2025-10-14 09:31:21,7.2,56100,7.21,D
sz000983,山西焦煤,2025-10-14 09:31:24,7.21,338100,7.2,U
sz000983,山西焦煤,2025-10-14 09:31:27,7.21,51500,7.21,D
sz000983,山西焦煤,2025-10-14 09:31:30,7.22,21900,7.21,U
sz000983,山西焦煤,2025-10-14 09:31:36,7.22,46400,7.22,U
sz000983,山西焦煤,2025-10-14 09:31:39,7.21,22100,7.22,D
sz000983,山西焦煤,2025-10-14 09:31:42,7.22,29400,7.21,U
sz000983,山西焦煤,2025-10-14 09:31:48,7.22,47400,7.21,U
sz000983,山西焦煤,2025-10-14 09:31:54,7.21,48500,7.21,D
sz000983,山西焦煤,2025-10-14 09:32:00,7.21,48900,7.21,D
sz000983,山西焦煤,2025-10-14 09:32:03,7.22,366100,7.21,U
sz000983,山西焦煤,2025-10-14 09:32:06,7.23,29200,7.22,U
sz000983,山西焦煤,2025-10-14 09:32:09,7.22,32000,7.23,D
sz000983,山西焦煤,2025-10-14 09:32:27,7.21,81200,7.21,D
sz000983,山西焦煤,2025-10-14 09:32:30,7.22,174100,7.21,U
sz000983,山西焦煤,2025-10-14 09:32:36,7.21,31700,7.22,D
sz000983,山西焦煤,2025-10-14 09:32:42,7.22,39800,7.21,U
sz000983,山西焦煤,2025-10-14 09:32:45,7.22,93500,7.22,U
sz000983,山西焦煤,2025-10-14 09:32:48,7.22,49800,7.22,D
sz000983,山西焦煤,2025-10-14 09:32:54,7.22,24400,7.22,D
sz000983,山西焦煤,2025-10-14 09:33:00,7.22,22900,7.22,D
sz000983,山西焦煤,2025-10-14 09:33:03,7.22,48100,7.22,U
sz000983,山西焦煤,2025-10-14 09:33:09,7.22,31000,7.22,D
sz000983,山西焦煤,2025-10-14 09:33:12,7.22,43200,7.22,U
sz000983,山西焦煤,2025-10-14 09:33:27,7.22,320800,7.22,U
sz000983,山西焦煤,2025-10-14 09:33:36,7.23,208000,7.22,U
sz000983,山西焦煤,2025-10-14 09:33:39,7.22,203300,7.23,D
sz000983,山西焦煤,2025-10-14 09:33:57,7.23,41700,7.24,D
sz000983,山西焦煤,2025-10-14 09:34:00,7.23,144400,7.23,U
sz000983,山西焦煤,2025-10-14 09:34:03,7.23,135100,7.23,U
sz000983,山西焦煤,2025-10-14 09:34:06,7.25,95000,7.23,U
sz000983,山西焦煤,2025-10-14 09:34:12,7.25,33400,7.25,U
sz000983,山西焦煤,2025-10-14 09:34:15,7.23,85500,7.25,D
sz000983,山西焦煤,2025-10-14 09:34:21,7.22,79900,7.24,D
sz000983,山西焦煤,2025-10-14 09:34:33,7.22,32800,7.23,D
sz000983,山西焦煤,2025-10-14 09:34:36,7.23,50500,7.22,U
sz000983,山西焦煤,2025-10-14 09:34:39,7.22,56700,7.23,D
sz000983,山西焦煤,2025-10-14 09:34:42,7.23,26000,7.22,U
sz000983,山西焦煤,2025-10-14 09:34:45,7.23,61700,7.23,D
sz000983,山西焦煤,2025-10-14 09:34:54,7.23,44300,7.23,D
sz000983,山西焦煤,2025-10-14 09:34:57,7.24,21000,7.23,U
sz000983,山西焦煤,2025-10-14 09:35:06,7.24,199400,7.24,U
sz000983,山西焦煤,2025-10-14 09:35:09,7.24,32300,7.24,E
sz000983,山西焦煤,2025-10-14 09:35:18,7.25,142100,7.24,U
sz000983,山西焦煤,2025-10-14 09:35:45,7.24,27500,7.25,D
sz000983,山西焦煤,2025-10-14 09:35:48,7.24,99200,7.24,D
sz000983,山西焦煤,2025-10-14 09:35:54,7.24,128800,7.24,D
sz000983,山西焦煤,2025-10-14 09:36:12,7.24,32700,7.23,U
sz000983,山西焦煤,2025-10-14 09:36:15,7.24,30800,7.24,D
sz000983,山西焦煤,2025-10-14 09:36:24,7.24,77000,7.24,U
sz000983,山西焦煤,2025-10-14 09:36:27,7.24,23500,7.24,U
sz000983,山西焦煤,2025-10-14 09:36:33,7.23,31900,7.25,D
sz000983,山西焦煤,2025-10-14 09:36:39,7.24,25600,7.24,D
sz000983,山西焦煤,2025-10-14 09:36:48,7.24,190300,7.24,D
sz000983,山西焦煤,2025-10-14 09:36:51,7.23,60400,7.24,D
sz000983,山西焦煤,2025-10-14 09:37:03,7.24,21690,7.23,U
sz000983,山西焦煤,2025-10-14 09:37:15,7.24,35500,7.24,U
sz000983,山西焦煤,2025-10-14 09:37:21,7.24,309200,7.24,U
sz000983,山西焦煤,2025-10-14 09:37:24,7.24,30900,7.24,D
sz000983,山西焦煤,2025-10-14 09:37:27,7.24,22200,7.24,D
sz000983,山西焦煤,2025-10-14 09:37:30,7.25,37100,7.24,U
sz000983,山西焦煤,2025-10-14 09:37:33,7.26,743000,7.25,U
sz000983,山西焦煤,2025-10-14 09:37:36,7.26,65500,7.26,D
sz000983,山西焦煤,2025-10-14 09:37:42,7.26,28500,7.27,D
sz000983,山西焦煤,2025-10-14 09:37:48,7.26,25900,7.26,D
sz000983,山西焦煤,2025-10-14 09:37:54,7.26,78600,7.26,D
sz000983,山西焦煤,2025-10-14 09:38:00,7.27,46100,7.27,U
sz000983,山西焦煤,2025-10-14 09:38:03,7.26,85100,7.27,D
sz000983,山西焦煤,2025-10-14 09:38:06,7.27,42800,7.26,U
sz000983,山西焦煤,2025-10-14 09:38:12,7.28,95900,7.27,U
sz000983,山西焦煤,2025-10-14 09:38:15,7.28,38100,7.28,D
sz000983,山西焦煤,2025-10-14 09:38:21,7.29,22600,7.28,U
sz000983,山西焦煤,2025-10-14 09:38:27,7.29,155600,7.28,U
sz000983,山西焦煤,2025-10-14 09:38:30,7.3,49400,7.29,U
sz000983,山西焦煤,2025-10-14 09:38:33,7.28,199600,7.3,D
sz000983,山西焦煤,2025-10-14 09:38:36,7.28,143100,7.28,D
sz000983,山西焦煤,2025-10-14 09:38:42,7.28,53400,7.28,U
sz000983,山西焦煤,2025-10-14 09:38:45,7.29,49300,7.28,U
sz000983,山西焦煤,2025-10-14 09:38:48,7.27,25300,7.29,D
sz000983,山西焦煤,2025-10-14 09:38:51,7.28,20000,7.27,U
sz000983,山西焦煤,2025-10-14 09:38:54,7.27,31000,7.28,D
sz000983,山西焦煤,2025-10-14 09:38:57,7.28,76700,7.27,U
sz000983,山西焦煤,2025-10-14 09:39:09,7.29,29300,7.29,U
sz000983,山西焦煤,2025-10-14 09:39:15,7.29,31100,7.29,U
sz000983,山西焦煤,2025-10-14 09:39:21,7.29,32900,7.29,U
sz000983,山西焦煤,2025-10-14 09:39:27,7.28,40300,7.29,D
sz000983,山西焦煤,2025-10-14 09:39:30,7.29,43600,7.28,U
sz000983,山西焦煤,2025-10-14 09:39:33,7.28,123300,7.29,D
sz000983,山西焦煤,2025-10-14 09:39:45,7.28,22200,7.27,U
sz000983,山西焦煤,2025-10-14 09:39:54,7.27,38000,7.27,D
sz000983,山西焦煤,2025-10-14 09:39:57,7.27,24300,7.27,D
sz000983,山西焦煤,2025-10-14 09:40:00,7.27,24400,7.27,D
sz000983,山西焦煤,2025-10-14 09:40:03,7.28,54100,7.27,U
sz000983,山西焦煤,2025-10-14 09:40:12,7.28,23700,7.28,U
sz000983,山西焦煤,2025-10-14 09:40:18,7.27,26700,7.28,D
sz000983,山西焦煤,2025-10-14 09:40:24,7.28,108600,7.28,U
sz000983,山西焦煤,2025-10-14 09:40:27,7.29,169800,7.28,U
sz000983,山西焦煤,2025-10-14 09:40:36,7.28,22700,7.28,D
sz000983,山西焦煤,2025-10-14 09:40:42,7.29,42800,7.28,U
sz000983,山西焦煤,2025-10-14 09:40:45,7.29,30600,7.29,U
sz000983,山西焦煤,2025-10-14 09:40:48,7.29,287800,7.29,U
sz000983,山西焦煤,2025-10-14 09:40:51,7.27,115100,7.29,D
sz000983,山西焦煤,2025-10-14 09:40:54,7.28,31700,7.27,U
sz000983,山西焦煤,2025-10-14 09:40:57,7.28,39400,7.28,U
sz000983,山西焦煤,2025-10-14 09:41:03,7.27,370100,7.28,D
sz000983,山西焦煤,2025-10-14 09:41:06,7.27,67900,7.27,U
sz000983,山西焦煤,2025-10-14 09:41:09,7.27,53700,7.27,U
sz000983,山西焦煤,2025-10-14 09:41:12,7.27,44800,7.27,U
sz000983,山西焦煤,2025-10-14 09:41:15,7.28,20400,7.27,U
sz000983,山西焦煤,2025-10-14 09:41:18,7.27,49400,7.28,D
sz000983,山西焦煤,2025-10-14 09:41:39,7.27,52300,7.27,D
sz000983,山西焦煤,2025-10-14 09:42:06,7.26,25000,7.26,D
sz000983,山西焦煤,2025-10-14 09:42:12,7.26,154500,7.26,D
sz000983,山西焦煤,2025-10-14 09:42:24,7.25,171900,7.25,D
sz000983,山西焦煤,2025-10-14 09:42:48,7.28,284900,7.26,U
sz000983,山西焦煤,2025-10-14 09:42:54,7.28,132500,7.27,U
sz000983,山西焦煤,2025-10-14 09:43:27,7.26,210000,7.26,D
sz000983,山西焦煤,2025-10-14 09:43:39,7.25,27700,7.25,D
sz000983,山西焦煤,2025-10-14 09:43:48,7.25,22300,7.25,U
sz000983,山西焦煤,2025-10-14 09:44:00,7.25,37430,7.25,U
sz000983,山西焦煤,2025-10-14 09:44:15,7.25,65570,7.25,D
sz000983,山西焦煤,2025-10-14 09:44:33,7.25,62700,7.25,U
sz000983,山西焦煤,2025-10-14 09:45:00,7.24,68100,7.24,D
sz000983,山西焦煤,2025-10-14 09:45:03,7.24,176200,7.24,D
sz000983,山西焦煤,2025-10-14 09:45:18,7.24,30800,7.23,U
sz000983,山西焦煤,2025-10-14 09:45:27,7.23,49900,7.24,D
sz000983,山西焦煤,2025-10-14 09:45:30,7.23,56300,7.23,D
sz000983,山西焦煤,2025-10-14 09:45:33,7.23,108710,7.23,D
sz000983,山西焦煤,2025-10-14 09:45:42,7.23,34700,7.22,U
sz000983,山西焦煤,2025-10-14 09:45:45,7.23,28900,7.23,U
sz000983,山西焦煤,2025-10-14 09:45:51,7.22,25800,7.23,D
sz000983,山西焦煤,2025-10-14 09:46:06,7.23,31000,7.23,U
sz000983,山西焦煤,2025-10-14 09:46:12,7.22,35400,7.22,D
sz000983,山西焦煤,2025-10-14 09:46:18,7.22,24000,7.22,D
sz000983,山西焦煤,2025-10-14 09:46:36,7.23,23000,7.23,U
sz000983,山西焦煤,2025-10-14 09:46:48,7.22,57100,7.23,D
sz000983,山西焦煤,2025-10-14 09:46:51,7.22,269100,7.22,D
sz000983,山西焦煤,2025-10-14 09:46:54,7.23,39900,7.22,U
sz000983,山西焦煤,2025-10-14 09:46:57,7.23,63300,7.23,U
sz000983,山西焦煤,2025-10-14 09:47:03,7.23,36500,7.22,U
sz000983,山西焦煤,2025-10-14 09:47:12,7.22,22700,7.23,D
sz000983,山西焦煤,2025-10-14 09:47:45,7.23,54500,7.23,U
sz000983,山西焦煤,2025-10-14 09:47:51,7.23,88800,7.22,U
sz000983,山西焦煤,2025-10-14 09:48:06,7.22,26100,7.22,D
sz000983,山西焦煤,2025-10-14 09:48:18,7.22,57500,7.22,D
sz000983,山西焦煤,2025-10-14 09:48:24,7.22,109200,7.23,D
sz000983,山西焦煤,2025-10-14 09:48:27,7.22,34900,7.22,U
sz000983,山西焦煤,2025-10-14 09:48:48,7.23,81120,7.22,U
sz000983,山西焦煤,2025-10-14 09:48:57,7.23,44500,7.23,D
sz000983,山西焦煤,2025-10-14 09:49:00,7.24,21500,7.23,U
sz000983,山西焦煤,2025-10-14 09:49:15,7.24,38000,7.24,U
sz000983,山西焦煤,2025-10-14 09:49:18,7.24,55800,7.24,U
sz000983,山西焦煤,2025-10-14 09:49:39,7.24,53400,7.25,D
sz000983,山西焦煤,2025-10-14 09:49:42,7.25,40200,7.24,U
sz000983,山西焦煤,2025-10-14 09:49:45,7.25,54700,7.25,U
sz000983,山西焦煤,2025-10-14 09:50:33,7.24,28800,7.24,D
sz000983,山西焦煤,2025-10-14 09:51:03,7.24,115700,7.24,D
sz000983,山西焦煤,2025-10-14 09:51:09,7.25,54414,7.25,U
sz000983,山西焦煤,2025-10-14 09:51:21,7.27,137367,7.26,U
sz000983,山西焦煤,2025-10-14 09:51:39,7.27,65400,7.27,U
sz000983,山西焦煤,2025-10-14 09:51:42,7.26,70400,7.27,D
sz000983,山西焦煤,2025-10-14 09:51:48,7.28,36900,7.27,U
sz000983,山西焦煤,2025-10-14 09:51:51,7.27,36800,7.28,D
sz000983,山西焦煤,2025-10-14 09:52:03,7.28,138900,7.28,U
sz000983,山西焦煤,2025-10-14 09:52:06,7.27,30300,7.28,D
sz000983,山西焦煤,2025-10-14 09:52:18,7.28,36100,7.28,D
sz000983,山西焦煤,2025-10-14 09:52:21,7.28,45200,7.28,D
sz000983,山西焦煤,2025-10-14 09:52:24,7.32,1495890,7.28,U
sz000983,山西焦煤,2025-10-14 09:52:27,7.3,168400,7.32,D
sz000983,山西焦煤,2025-10-14 09:52:30,7.3,31600,7.3,D
sz000983,山西焦煤,2025-10-14 09:52:39,7.31,42500,7.31,U
sz000983,山西焦煤,2025-10-14 09:52:42,7.3,32100,7.31,D
sz000983,山西焦煤,2025-10-14 09:52:48,7.3,26500,7.3,D
sz000983,山西焦煤,2025-10-14 09:52:51,7.3,26900,7.3,D
sz000983,山西焦煤,2025-10-14 09:52:54,7.3,178800,7.3,D
sz000983,山西焦煤,2025-10-14 09:52:57,7.31,117600,7.3,U
sz000983,山西焦煤,2025-10-14 09:53:03,7.3,338400,7.3,U
sz000983,山西焦煤,2025-10-14 09:53:27,7.29,20600,7.29,D
sz000983,山西焦煤,2025-10-14 09:53:33,7.29,26400,7.29,D
sz000983,山西焦煤,2025-10-14 09:53:36,7.29,26700,7.29,D
sz000983,山西焦煤,2025-10-14 09:53:45,7.29,40500,7.29,D
sz000983,山西焦煤,2025-10-14 09:53:48,7.3,41300,7.29,U
sz000983,山西焦煤,2025-10-14 09:53:51,7.29,60600,7.3,D
sz000983,山西焦煤,2025-10-14 09:54:03,7.29,58500,7.29,D
sz000983,山西焦煤,2025-10-14 09:54:21,7.29,38400,7.29,D
sz000983,山西焦煤,2025-10-14 09:54:27,7.29,39300,7.29,D
sz000983,山西焦煤,2025-10-14 09:55:06,7.28,20500,7.28,D
sz000983,山西焦煤,2025-10-14 09:55:15,7.28,31100,7.28,D
sz000983,山西焦煤,2025-10-14 09:55:30,7.29,212200,7.28,U
sz000983,山西焦煤,2025-10-14 09:55:54,7.3,32300,7.29,U
sz000983,山西焦煤,2025-10-14 09:56:00,7.3,242500,7.3,U
sz000983,山西焦煤,2025-10-14 09:56:03,7.3,25200,7.3,D
sz000983,山西焦煤,2025-10-14 09:56:12,7.3,21700,7.3,D
sz000983,山西焦煤,2025-10-14 09:56:18,7.31,109300,7.31,U
sz000983,山西焦煤,2025-10-14 09:56:21,7.31,151400,7.31,U
sz000983,山西焦煤,2025-10-14 09:56:24,7.32,51800,7.31,U
sz000983,山西焦煤,2025-10-14 09:56:30,7.32,34500,7.32,U
sz000983,山西焦煤,2025-10-14 09:56:33,7.32,128200,7.32,U
sz000983,山西焦煤,2025-10-14 09:56:36,7.32,272900,7.32,U
sz000983,山西焦煤,2025-10-14 09:56:42,7.32,169000,7.33,D
sz000983,山西焦煤,2025-10-14 09:56:45,7.33,37600,7.32,U
sz000983,山西焦煤,2025-10-14 09:56:48,7.33,207300,7.33,U
sz000983,山西焦煤,2025-10-14 09:56:51,7.33,55800,7.33,U
sz000983,山西焦煤,2025-10-14 09:57:03,7.33,243300,7.33,D
sz000983,山西焦煤,2025-10-14 09:57:06,7.33,75300,7.33,U
sz000983,山西焦煤,2025-10-14 09:57:12,7.33,55100,7.33,U
sz000983,山西焦煤,2025-10-14 09:57:18,7.33,54900,7.33,U
sz000983,山西焦煤,2025-10-14 09:57:21,7.33,24800,7.33,D
sz000983,山西焦煤,2025-10-14 09:57:24,7.33,65400,7.33,U
sz000983,山西焦煤,2025-10-14 09:57:27,7.33,27300,7.33,D
sz000983,山西焦煤,2025-10-14 09:57:30,7.34,26100,7.33,U
sz000983,山西焦煤,2025-10-14 09:57:42,7.34,29600,7.34,U
sz000983,山西焦煤,2025-10-14 09:57:54,7.34,33200,7.34,U
sz000983,山西焦煤,2025-10-14 09:57:57,7.34,22900,7.34,U
sz000983,山西焦煤,2025-10-14 09:58:03,7.33,75500,7.33,D
sz000983,山西焦煤,2025-10-14 09:58:06,7.33,27200,7.33,D
sz000983,山西焦煤,2025-10-14 09:58:12,7.34,53800,7.34,U
sz000983,山西焦煤,2025-10-14 09:58:18,7.33,49300,7.34,D
sz000983,山西焦煤,2025-10-14 09:58:36,7.34,57800,7.33,U
sz000983,山西焦煤,2025-10-14 09:58:39,7.34,451100,7.34,U
sz000983,山西焦煤,2025-10-14 09:58:42,7.34,32400,7.34,D
sz000983,山西焦煤,2025-10-14 09:58:45,7.35,37500,7.34,U
sz000983,山西焦煤,2025-10-14 09:58:48,7.34,23400,7.35,U
sz000983,山西焦煤,2025-10-14 09:58:51,7.34,38900,7.34,U
sz000983,山西焦煤,2025-10-14 09:58:57,7.34,25800,7.34,U
sz000983,山西焦煤,2025-10-14 09:59:00,7.34,43200,7.34,U
sz000983,山西焦煤,2025-10-14 09:59:12,7.34,59100,7.34,D
sz000983,山西焦煤,2025-10-14 09:59:18,7.35,323200,7.34,U
sz000983,山西焦煤,2025-10-14 09:59:24,7.35,102800,7.35,U
sz000983,山西焦煤,2025-10-14 09:59:27,7.34,37700,7.35,D
sz000983,山西焦煤,2025-10-14 09:59:30,7.35,55700,7.34,U
sz000983,山西焦煤,2025-10-14 09:59:39,7.34,49800,7.35,D
sz000983,山西焦煤,2025-10-14 09:59:42,7.33,51100,7.34,D
sz000983,山西焦煤,2025-10-14 09:59:45,7.34,89500,7.33,U
sz000983,山西焦煤,2025-10-14 09:59:48,7.34,63000,7.34,U
sz000983,山西焦煤,2025-10-14 09:59:54,7.34,106000,7.33,U
sz000983,山西焦煤,2025-10-14 10:00:00,7.34,70500,7.33,U
sz000983,山西焦煤,2025-10-14 10:00:06,7.34,20100,7.33,U
sz000983,山西焦煤,2025-10-14 10:00:09,7.33,24100,7.34,D
sz000983,山西焦煤,2025-10-14 10:00:21,7.33,32900,7.33,D
sz000983,山西焦煤,2025-10-14 10:00:24,7.34,31700,7.33,U
sz000983,山西焦煤,2025-10-14 10:00:36,7.34,25700,7.33,U
sz000983,山西焦煤,2025-10-14 10:00:45,7.33,32200,7.34,D
sz000983,山西焦煤,2025-10-14 10:00:48,7.34,83200,7.33,U
sz000983,山西焦煤,2025-10-14 10:01:18,7.33,40700,7.33,D
sz000983,山西焦煤,2025-10-14 10:01:24,7.33,27800,7.33,D
sz000983,山西焦煤,2025-10-14 10:01:27,7.33,23900,7.33,D
sz000983,山西焦煤,2025-10-14 10:01:33,7.33,26100,7.33,D
sz000983,山西焦煤,2025-10-14 10:01:39,7.33,25200,7.33,D
sz000983,山西焦煤,2025-10-14 10:01:45,7.33,39700,7.33,D
sz000983,山西焦煤,2025-10-14 10:01:48,7.33,52600,7.33,D
sz000983,山西焦煤,2025-10-14 10:01:51,7.33,56500,7.33,D
sz000983,山西焦煤,2025-10-14 10:01:54,7.34,312200,7.33,U
sz000983,山西焦煤,2025-10-14 10:01:57,7.33,38300,7.34,D
sz000983,山西焦煤,2025-10-14 10:02:00,7.33,35400,7.33,D
sz000983,山西焦煤,2025-10-14 10:02:03,7.33,29800,7.33,U
sz000983,山西焦煤,2025-10-14 10:02:12,7.33,101900,7.33,U
sz000983,山西焦煤,2025-10-14 10:02:24,7.33,32200,7.33,U
sz000983,山西焦煤,2025-10-14 10:02:30,7.33,25300,7.33,D
sz000983,山西焦煤,2025-10-14 10:02:33,7.33,105400,7.33,D
sz000983,山西焦煤,2025-10-14 10:02:36,7.33,26900,7.33,D
sz000983,山西焦煤,2025-10-14 10:02:42,7.33,28300,7.34,D
sz000983,山西焦煤,2025-10-14 10:02:48,7.33,25700,7.33,D
sz000983,山西焦煤,2025-10-14 10:02:57,7.33,49300,7.34,D
sz000983,山西焦煤,2025-10-14 10:03:00,7.33,39400,7.33,D
sz000983,山西焦煤,2025-10-14 10:03:09,7.34,212400,7.34,U
sz000983,山西焦煤,2025-10-14 10:03:24,7.33,75700,7.34,D
sz000983,山西焦煤,2025-10-14 10:03:27,7.35,940300,7.33,U
sz000983,山西焦煤,2025-10-14 10:03:30,7.35,208261,7.35,U
sz000983,山西焦煤,2025-10-14 10:03:36,7.35,57239,7.35,D
sz000983,山西焦煤,2025-10-14 10:03:39,7.35,226700,7.35,U
sz000983,山西焦煤,2025-10-14 10:03:48,7.36,94500,7.36,U
sz000983,山西焦煤,2025-10-14 10:03:51,7.35,72700,7.36,D
sz000983,山西焦煤,2025-10-14 10:03:54,7.35,142700,7.35,D
sz000983,山西焦煤,2025-10-14 10:03:57,7.36,26600,7.35,U
sz000983,山西焦煤,2025-10-14 10:04:00,7.36,21900,7.36,U
sz000983,山西焦煤,2025-10-14 10:04:03,7.36,35100,7.36,U
sz000983,山西焦煤,2025-10-14 10:04:06,7.36,69200,7.36,U
sz000983,山西焦煤,2025-10-14 10:04:09,7.36,22861,7.36,U
sz000983,山西焦煤,2025-10-14 10:04:15,7.37,100100,7.36,U
sz000983,山西焦煤,2025-10-14 10:04:18,7.36,46900,7.37,D
sz000983,山西焦煤,2025-10-14 10:04:21,7.37,74800,7.36,U
sz000983,山西焦煤,2025-10-14 10:04:30,7.37,129000,7.37,U
sz000983,山西焦煤,2025-10-14 10:04:33,7.37,22500,7.37,D
sz000983,山西焦煤,2025-10-14 10:04:39,7.38,33000,7.37,U
sz000983,山西焦煤,2025-10-14 10:04:42,7.38,25300,7.38,U
sz000983,山西焦煤,2025-10-14 10:04:45,7.37,30800,7.38,D
sz000983,山西焦煤,2025-10-14 10:04:48,7.38,157800,7.37,U
sz000983,山西焦煤,2025-10-14 10:04:51,7.38,70200,7.38,U
sz000983,山西焦煤,2025-10-14 10:04:54,7.38,30900,7.38,U
sz000983,山西焦煤,2025-10-14 10:04:57,7.38,103700,7.38,U
sz000983,山西焦煤,2025-10-14 10:05:03,7.38,38700,7.37,U
sz000983,山西焦煤,2025-10-14 10:05:09,7.38,238500,7.38,U
sz000983,山西焦煤,2025-10-14 10:05:12,7.38,25400,7.38,U
sz000983,山西焦煤,2025-10-14 10:05:21,7.37,150700,7.37,D
sz000983,山西焦煤,2025-10-14 10:05:24,7.38,132500,7.37,U
sz000983,山西焦煤,2025-10-14 10:05:27,7.38,96100,7.38,U
sz000983,山西焦煤,2025-10-14 10:05:30,7.37,23700,7.38,D
sz000983,山西焦煤,2025-10-14 10:05:33,7.38,47900,7.37,U
sz000983,山西焦煤,2025-10-14 10:05:36,7.38,21900,7.38,D
sz000983,山西焦煤,2025-10-14 10:05:39,7.39,28200,7.38,U
sz000983,山西焦煤,2025-10-14 10:05:42,7.38,99400,7.39,D
sz000983,山西焦煤,2025-10-14 10:05:45,7.38,23300,7.38,D
sz000983,山西焦煤,2025-10-14 10:06:00,7.37,183000,7.38,D
sz000983,山西焦煤,2025-10-14 10:06:03,7.37,66100,7.37,D
sz000983,山西焦煤,2025-10-14 10:06:06,7.36,33600,7.37,D
sz000983,山西焦煤,2025-10-14 10:06:09,7.36,26700,7.36,D
sz000983,山西焦煤,2025-10-14 10:06:15,7.35,29600,7.36,D
sz000983,山西焦煤,2025-10-14 10:06:18,7.35,67500,7.35,D
sz000983,山西焦煤,2025-10-14 10:06:21,7.35,60000,7.35,D
sz000983,山西焦煤,2025-10-14 10:06:24,7.34,32000,7.35,D
sz000983,山西焦煤,2025-10-14 10:06:33,7.36,67100,7.36,U
sz000983,山西焦煤,2025-10-14 10:06:54,7.36,35900,7.37,D
sz000983,山西焦煤,2025-10-14 10:06:57,7.36,58990,7.36,D
sz000983,山西焦煤,2025-10-14 10:07:00,7.37,30100,7.36,U
sz000983,山西焦煤,2025-10-14 10:07:03,7.36,96110,7.37,D
sz000983,山西焦煤,2025-10-14 10:07:06,7.35,36300,7.36,D
sz000983,山西焦煤,2025-10-14 10:07:09,7.37,27300,7.35,U
sz000983,山西焦煤,2025-10-14 10:07:21,7.36,43500,7.36,D
sz000983,山西焦煤,2025-10-14 10:07:24,7.36,57300,7.36,D
sz000983,山西焦煤,2025-10-14 10:07:45,7.36,57800,7.36,D
sz000983,山西焦煤,2025-10-14 10:07:48,7.36,23900,7.36,D
sz000983,山西焦煤,2025-10-14 10:07:51,7.36,22100,7.36,D
sz000983,山西焦煤,2025-10-14 10:08:03,7.36,23100,7.36,D
sz000983,山西焦煤,2025-10-14 10:08:06,7.37,350790,7.36,U
sz000983,山西焦煤,2025-10-14 10:08:12,7.37,21000,7.37,D
sz000983,山西焦煤,2025-10-14 10:08:21,7.37,23700,7.37,D
sz000983,山西焦煤,2025-10-14 10:08:33,7.37,33100,7.38,D
sz000983,山西焦煤,2025-10-14 10:09:09,7.37,35500,7.37,D
sz000983,山西焦煤,2025-10-14 10:09:18,7.37,20500,7.38,D
sz000983,山西焦煤,2025-10-14 10:09:27,7.38,43000,7.37,U
sz000983,山西焦煤,2025-10-14 10:09:33,7.37,32700,7.37,D
sz000983,山西焦煤,2025-10-14 10:09:36,7.38,370600,7.37,U
sz000983,山西焦煤,2025-10-14 10:09:42,7.37,30000,7.38,D
sz000983,山西焦煤,2025-10-14 10:09:45,7.38,34000,7.37,U
sz000983,山西焦煤,2025-10-14 10:09:48,7.37,122200,7.38,D
sz000983,山西焦煤,2025-10-14 10:09:51,7.37,57800,7.37,D
sz000983,山西焦煤,2025-10-14 10:09:57,7.38,43700,7.37,U
sz000983,山西焦煤,2025-10-14 10:10:03,7.38,187500,7.37,U
sz000983,山西焦煤,2025-10-14 10:10:06,7.38,42300,7.38,U
sz000983,山西焦煤,2025-10-14 10:10:09,7.37,153000,7.38,D
sz000983,山西焦煤,2025-10-14 10:10:12,7.37,271000,7.37,D
sz000983,山西焦煤,2025-10-14 10:10:15,7.37,49300,7.37,E
sz000983,山西焦煤,2025-10-14 10:10:18,7.36,21700,7.37,D
sz000983,山西焦煤,2025-10-14 10:10:21,7.36,72500,7.36,D
sz000983,山西焦煤,2025-10-14 10:10:30,7.38,21700,7.37,U
sz000983,山西焦煤,2025-10-14 10:10:33,7.37,53700,7.38,D
sz000983,山西焦煤,2025-10-14 10:10:45,7.37,40100,7.37,D
sz000983,山西焦煤,2025-10-14 10:10:57,7.37,31200,7.37,U
sz000983,山西焦煤,2025-10-14 10:11:30,7.36,78400,7.36,D
sz000983,山西焦煤,2025-10-14 10:11:42,7.35,20000,7.36,D
sz000983,山西焦煤,2025-10-14 10:11:45,7.35,45200,7.35,D
sz000983,山西焦煤,2025-10-14 10:11:48,7.35,38600,7.35,D
sz000983,山西焦煤,2025-10-14 10:11:51,7.35,32200,7.35,D
sz000983,山西焦煤,2025-10-14 10:11:54,7.35,22400,7.35,D
sz000983,山西焦煤,2025-10-14 10:12:00,7.35,20100,7.34,U
sz000983,山西焦煤,2025-10-14 10:12:06,7.35,89300,7.34,U
sz000983,山西焦煤,2025-10-14 10:12:09,7.35,31200,7.35,D
sz000983,山西焦煤,2025-10-14 10:12:15,7.36,56200,7.35,U
sz000983,山西焦煤,2025-10-14 10:12:18,7.36,227800,7.36,U
sz000983,山西焦煤,2025-10-14 10:12:24,7.36,138500,7.35,U
sz000983,山西焦煤,2025-10-14 10:12:33,7.36,532200,7.36,U
sz000983,山西焦煤,2025-10-14 10:12:36,7.36,22800,7.36,D
sz000983,山西焦煤,2025-10-14 10:12:48,7.37,23700,7.37,U
sz000983,山西焦煤,2025-10-14 10:12:57,7.36,29200,7.37,D
sz000983,山西焦煤,2025-10-14 10:13:00,7.36,21600,7.36,D
sz000983,山西焦煤,2025-10-14 10:13:03,7.35,59100,7.36,D
sz000983,山西焦煤,2025-10-14 10:13:06,7.35,28700,7.35,U
sz000983,山西焦煤,2025-10-14 10:13:12,7.34,41000,7.35,D
sz000983,山西焦煤,2025-10-14 10:13:18,7.34,26300,7.35,D
sz000983,山西焦煤,2025-10-14 10:13:21,7.33,37700,7.34,D
sz000983,山西焦煤,2025-10-14 10:13:27,7.34,25600,7.34,U
sz000983,山西焦煤,2025-10-14 10:13:30,7.34,27800,7.34,U
sz000983,山西焦煤,2025-10-14 10:13:36,7.34,21300,7.33,U
sz000983,山西焦煤,2025-10-14 10:13:42,7.33,24100,7.34,D
sz000983,山西焦煤,2025-10-14 10:13:45,7.34,32200,7.33,U
sz000983,山西焦煤,2025-10-14 10:13:48,7.33,51000,7.34,D
sz000983,山西焦煤,2025-10-14 10:13:51,7.34,28200,7.33,U
sz000983,山西焦煤,2025-10-14 10:13:54,7.34,60900,7.34,U
sz000983,山西焦煤,2025-10-14 10:13:57,7.33,23300,7.34,D
sz000983,山西焦煤,2025-10-14 10:14:00,7.34,123600,7.33,U
sz000983,山西焦煤,2025-10-14 10:14:03,7.35,25400,7.34,D
sz000983,山西焦煤,2025-10-14 10:14:09,7.35,35200,7.36,D
sz000983,山西焦煤,2025-10-14 10:14:18,7.34,40500,7.34,D
sz000983,山西焦煤,2025-10-14 10:14:27,7.35,408100,7.34,U
sz000983,山西焦煤,2025-10-14 10:14:48,7.35,32000,7.35,D
sz000983,山西焦煤,2025-10-14 10:14:51,7.35,85300,7.35,D
sz000983,山西焦煤,2025-10-14 10:14:57,7.36,60000,7.36,U
sz000983,山西焦煤,2025-10-14 10:15:00,7.36,41200,7.36,U
sz000983,山西焦煤,2025-10-14 10:15:18,7.37,32500,7.36,U
sz000983,山西焦煤,2025-10-14 10:15:21,7.37,34700,7.37,U
sz000983,山西焦煤,2025-10-14 10:15:33,7.36,22200,7.36,D
sz000983,山西焦煤,2025-10-14 10:15:39,7.36,28400,7.36,D
sz000983,山西焦煤,2025-10-14 10:15:42,7.36,36400,7.36,D
sz000983,山西焦煤,2025-10-14 10:15:54,7.37,71000,7.36,U
sz000983,山西焦煤,2025-10-14 10:15:57,7.36,108200,7.37,D
sz000983,山西焦煤,2025-10-14 10:16:00,7.36,27400,7.36,U
sz000983,山西焦煤,2025-10-14 10:16:12,7.34,168300,7.35,D
sz000983,山西焦煤,2025-10-14 10:16:15,7.35,20700,7.34,U
sz000983,山西焦煤,2025-10-14 10:16:30,7.34,176600,7.35,D
sz000983,山西焦煤,2025-10-14 10:16:42,7.34,28000,7.33,U
sz000983,山西焦煤,2025-10-14 10:16:48,7.34,25800,7.34,U
sz000983,山西焦煤,2025-10-14 10:16:51,7.34,25200,7.34,D
sz000983,山西焦煤,2025-10-14 10:17:06,7.34,23200,7.34,D
sz000983,山西焦煤,2025-10-14 10:17:09,7.34,20100,7.34,D
sz000983,山西焦煤,2025-10-14 10:17:12,7.34,26600,7.34,D
sz000983,山西焦煤,2025-10-14 10:17:18,7.33,67100,7.34,D
sz000983,山西焦煤,2025-10-14 10:17:24,7.33,25000,7.34,D
sz000983,山西焦煤,2025-10-14 10:17:27,7.34,28100,7.33,U
sz000983,山西焦煤,2025-10-14 10:17:30,7.34,64500,7.34,U
sz000983,山西焦煤,2025-10-14 10:17:45,7.33,161300,7.33,D
sz000983,山西焦煤,2025-10-14 10:18:39,7.32,34400,7.33,D
sz000983,山西焦煤,2025-10-14 10:18:45,7.32,20000,7.32,D
sz000983,山西焦煤,2025-10-14 10:18:54,7.34,197600,7.33,U
sz000983,山西焦煤,2025-10-14 10:19:18,7.34,23100,7.34,U
sz000983,山西焦煤,2025-10-14 10:19:30,7.33,21500,7.33,D
sz000983,山西焦煤,2025-10-14 10:19:33,7.34,27200,7.33,U
sz000983,山西焦煤,2025-10-14 10:19:48,7.34,183500,7.33,E
sz000983,山西焦煤,2025-10-14 10:19:51,7.32,21700,7.34,D
sz000983,山西焦煤,2025-10-14 10:20:27,7.33,21300,7.33,U
sz000983,山西焦煤,2025-10-14 10:20:30,7.33,56600,7.33,U
sz000983,山西焦煤,2025-10-14 10:20:42,7.33,20870,7.34,D
sz000983,山西焦煤,2025-10-14 10:21:12,7.33,79600,7.34,D
sz000983,山西焦煤,2025-10-14 10:21:33,7.35,98200,7.35,U
sz000983,山西焦煤,2025-10-14 10:21:36,7.35,50800,7.35,U
sz000983,山西焦煤,2025-10-14 10:21:39,7.36,107800,7.35,U
sz000983,山西焦煤,2025-10-14 10:21:51,7.36,22300,7.36,U
sz000983,山西焦煤,2025-10-14 10:22:03,7.35,24700,7.36,D
sz000983,山西焦煤,2025-10-14 10:22:09,7.36,77100,7.35,U
sz000983,山西焦煤,2025-10-14 10:22:12,7.35,34000,7.36,D
sz000983,山西焦煤,2025-10-14 10:22:21,7.35,63200,7.36,D
sz000983,山西焦煤,2025-10-14 10:22:42,7.36,21200,7.36,U
sz000983,山西焦煤,2025-10-14 10:23:06,7.35,20600,7.36,D
sz000983,山西焦煤,2025-10-14 10:23:09,7.36,20000,7.35,U
sz000983,山西焦煤,2025-10-14 10:23:18,7.35,21600,7.35,D
sz000983,山西焦煤,2025-10-14 10:23:33,7.35,42200,7.35,D
sz000983,山西焦煤,2025-10-14 10:23:39,7.34,199600,7.35,D
sz000983,山西焦煤,2025-10-14 10:23:42,7.34,21700,7.34,D
sz000983,山西焦煤,2025-10-14 10:24:15,7.35,96600,7.35,U
sz000983,山西焦煤,2025-10-14 10:24:21,7.35,55600,7.34,D
sz000983,山西焦煤,2025-10-14 10:24:45,7.35,24300,7.35,D
sz000983,山西焦煤,2025-10-14 10:24:48,7.36,28900,7.35,U
sz000983,山西焦煤,2025-10-14 10:25:00,7.35,192400,7.36,D
sz000983,山西焦煤,2025-10-14 10:25:03,7.34,39400,7.35,D
sz000983,山西焦煤,2025-10-14 10:25:12,7.34,105100,7.34,D
sz000983,山西焦煤,2025-10-14 10:25:15,7.34,138400,7.34,U
sz000983,山西焦煤,2025-10-14 10:26:09,7.34,93800,7.35,D
sz000983,山西焦煤,2025-10-14 10:26:21,7.35,198800,7.35,U
sz000983,山西焦煤,2025-10-14 10:26:24,7.36,241000,7.35,U
sz000983,山西焦煤,2025-10-14 10:26:30,7.36,20400,7.35,U
sz000983,山西焦煤,2025-10-14 10:26:57,7.36,58600,7.36,U
sz000983,山西焦煤,2025-10-14 10:27:00,7.35,45900,7.36,D
sz000983,山西焦煤,2025-10-14 10:27:06,7.36,24600,7.35,U
sz000983,山西焦煤,2025-10-14 10:27:24,7.36,46600,7.35,U
sz000983,山西焦煤,2025-10-14 10:27:27,7.35,38000,7.36,D
sz000983,山西焦煤,2025-10-14 10:27:36,7.35,29100,7.36,D
sz000983,山西焦煤,2025-10-14 10:27:45,7.36,101300,7.36,D
sz000983,山西焦煤,2025-10-14 10:28:00,7.37,42000,7.36,U
sz000983,山西焦煤,2025-10-14 10:28:03,7.37,447300,7.37,U
sz000983,山西焦煤,2025-10-14 10:28:12,7.37,74300,7.37,U
sz000983,山西焦煤,2025-10-14 10:28:15,7.37,42300,7.37,U
sz000983,山西焦煤,2025-10-14 10:28:18,7.37,50000,7.37,U
sz000983,山西焦煤,2025-10-14 10:28:21,7.37,23500,7.37,U
sz000983,山西焦煤,2025-10-14 10:28:24,7.37,28300,7.37,U
sz000983,山西焦煤,2025-10-14 10:28:36,7.36,335800,7.37,D
sz000983,山西焦煤,2025-10-14 10:28:39,7.36,21800,7.36,U
sz000983,山西焦煤,2025-10-14 10:28:42,7.35,22300,7.36,D
sz000983,山西焦煤,2025-10-14 10:28:45,7.35,123500,7.35,D
sz000983,山西焦煤,2025-10-14 10:28:57,7.35,23800,7.35,U
sz000983,山西焦煤,2025-10-14 10:29:06,7.35,36300,7.35,U
sz000983,山西焦煤,2025-10-14 10:29:09,7.35,21600,7.35,U
sz000983,山西焦煤,2025-10-14 10:29:18,7.35,48100,7.35,U
sz000983,山西焦煤,2025-10-14 10:29:21,7.35,111800,7.35,U
sz000983,山西焦煤,2025-10-14 10:29:24,7.35,28000,7.35,U
sz000983,山西焦煤,2025-10-14 10:29:30,7.35,20300,7.35,U
sz000983,山西焦煤,2025-10-14 10:29:36,7.36,22200,7.35,U
sz000983,山西焦煤,2025-10-14 10:29:39,7.36,33600,7.36,U
sz000983,山西焦煤,2025-10-14 10:29:45,7.36,37800,7.36,U
sz000983,山西焦煤,2025-10-14 10:29:54,7.36,73800,7.36,U
sz000983,山西焦煤,2025-10-14 10:29:57,7.36,57600,7.36,U
sz000983,山西焦煤,2025-10-14 10:30:03,7.35,23500,7.36,D
sz000983,山西焦煤,2025-10-14 10:30:06,7.36,51600,7.35,U
sz000983,山西焦煤,2025-10-14 10:30:12,7.36,65400,7.36,U
sz000983,山西焦煤,2025-10-14 10:30:24,7.37,59500,7.37,U
sz000983,山西焦煤,2025-10-14 10:30:33,7.37,25300,7.37,U
sz000983,山西焦煤,2025-10-14 10:30:36,7.37,58600,7.37,U
sz000983,山西焦煤,2025-10-14 10:30:54,7.36,80100,7.36,D
sz000983,山西焦煤,2025-10-14 10:31:00,7.36,22700,7.37,D
sz000983,山西焦煤,2025-10-14 10:31:03,7.37,29000,7.36,U
sz000983,山西焦煤,2025-10-14 10:31:12,7.36,51800,7.36,D
sz000983,山西焦煤,2025-10-14 10:31:15,7.35,86800,7.36,D
sz000983,山西焦煤,2025-10-14 10:31:27,7.35,182700,7.36,D
sz000983,山西焦煤,2025-10-14 10:31:33,7.35,21300,7.35,U
sz000983,山西焦煤,2025-10-14 10:31:39,7.35,37600,7.34,U
sz000983,山西焦煤,2025-10-14 10:31:45,7.34,133200,7.34,D
sz000983,山西焦煤,2025-10-14 10:32:00,7.34,20500,7.34,D
sz000983,山西焦煤,2025-10-14 10:32:33,7.35,85900,7.34,U
sz000983,山西焦煤,2025-10-14 10:32:36,7.35,23600,7.35,U
sz000983,山西焦煤,2025-10-14 10:32:39,7.35,55700,7.35,U
sz000983,山西焦煤,2025-10-14 10:32:54,7.35,24100,7.35,D
sz000983,山西焦煤,2025-10-14 10:33:06,7.35,31200,7.36,D
sz000983,山西焦煤,2025-10-14 10:33:15,7.34,48000,7.35,D
sz000983,山西焦煤,2025-10-14 10:33:18,7.34,24300,7.34,D
sz000983,山西焦煤,2025-10-14 10:33:21,7.35,31900,7.34,U
sz000983,山西焦煤,2025-10-14 10:33:24,7.35,21000,7.35,U
sz000983,山西焦煤,2025-10-14 10:33:36,7.35,430900,7.34,U
sz000983,山西焦煤,2025-10-14 10:33:39,7.36,32200,7.35,U
sz000983,山西焦煤,2025-10-14 10:34:00,7.36,38700,7.36,U
sz000983,山西焦煤,2025-10-14 10:34:06,7.36,52700,7.36,U
sz000983,山西焦煤,2025-10-14 10:34:18,7.36,34100,7.36,U
sz000983,山西焦煤,2025-10-14 10:34:33,7.36,64300,7.35,U
sz000983,山西焦煤,2025-10-14 10:35:06,7.35,170400,7.36,D
sz000983,山西焦煤,2025-10-14 10:35:12,7.35,24200,7.35,U
sz000983,山西焦煤,2025-10-14 10:35:30,7.36,22700,7.35,U
sz000983,山西焦煤,2025-10-14 10:35:36,7.35,37300,7.34,U
sz000983,山西焦煤,2025-10-14 10:35:48,7.35,26400,7.35,U
sz000983,山西焦煤,2025-10-14 10:35:54,7.35,85800,7.35,U
sz000983,山西焦煤,2025-10-14 10:35:57,7.35,40700,7.35,U
sz000983,山西焦煤,2025-10-14 10:36:03,7.35,24300,7.35,D
sz000983,山西焦煤,2025-10-14 10:36:06,7.35,23100,7.35,D
sz000983,山西焦煤,2025-10-14 10:36:09,7.36,32900,7.35,U
sz000983,山西焦煤,2025-10-14 10:36:12,7.35,26800,7.36,D
sz000983,山西焦煤,2025-10-14 10:36:21,7.37,1421700,7.36,U
sz000983,山西焦煤,2025-10-14 10:36:24,7.37,45000,7.37,U
sz000983,山西焦煤,2025-10-14 10:36:36,7.36,26900,7.37,D
sz000983,山西焦煤,2025-10-14 10:36:39,7.37,33300,7.36,U
sz000983,山西焦煤,2025-10-14 10:36:42,7.38,244400,7.37,U
sz000983,山西焦煤,2025-10-14 10:36:45,7.37,21600,7.38,D
sz000983,山西焦煤,2025-10-14 10:36:57,7.38,83000,7.37,U
sz000983,山西焦煤,2025-10-14 10:37:03,7.38,31300,7.38,U
sz000983,山西焦煤,2025-10-14 10:37:06,7.37,60800,7.38,D
sz000983,山西焦煤,2025-10-14 10:37:15,7.37,29100,7.38,D
sz000983,山西焦煤,2025-10-14 10:37:21,7.38,124900,7.38,U
sz000983,山西焦煤,2025-10-14 10:37:24,7.37,53800,7.38,D
sz000983,山西焦煤,2025-10-14 10:37:33,7.38,41200,7.37,U
sz000983,山西焦煤,2025-10-14 10:37:36,7.38,20400,7.38,U
sz000983,山西焦煤,2025-10-14 10:37:42,7.38,31500,7.38,U
sz000983,山西焦煤,2025-10-14 10:38:06,7.38,97900,7.37,U
sz000983,山西焦煤,2025-10-14 10:38:12,7.38,73500,7.37,U
sz000983,山西焦煤,2025-10-14 10:38:15,7.38,100600,7.38,U
sz000983,山西焦煤,2025-10-14 10:38:21,7.37,28300,7.38,D
sz000983,山西焦煤,2025-10-14 10:38:24,7.38,79300,7.37,U
sz000983,山西焦煤,2025-10-14 10:38:27,7.39,697200,7.38,U
sz000983,山西焦煤,2025-10-14 10:38:36,7.39,661600,7.39,U
sz000983,山西焦煤,2025-10-14 10:38:39,7.39,97700,7.39,U
sz000983,山西焦煤,2025-10-14 10:38:42,7.39,46900,7.39,U
sz000983,山西焦煤,2025-10-14 10:38:45,7.39,34400,7.39,U
sz000983,山西焦煤,2025-10-14 10:38:48,7.39,35200,7.39,U
sz000983,山西焦煤,2025-10-14 10:38:54,7.38,72500,7.39,D
sz000983,山西焦煤,2025-10-14 10:38:57,7.39,122900,7.38,U
sz000983,山西焦煤,2025-10-14 10:39:03,7.39,80900,7.39,U
sz000983,山西焦煤,2025-10-14 10:39:06,7.39,73600,7.39,U
sz000983,山西焦煤,2025-10-14 10:39:09,7.39,46200,7.39,U
sz000983,山西焦煤,2025-10-14 10:39:12,7.39,80700,7.39,U
sz000983,山西焦煤,2025-10-14 10:39:18,7.38,43600,7.39,D
sz000983,山西焦煤,2025-10-14 10:39:24,7.39,39300,7.39,U
sz000983,山西焦煤,2025-10-14 10:39:27,7.39,32400,7.39,U
sz000983,山西焦煤,2025-10-14 10:39:39,7.39,87200,7.38,U
sz000983,山西焦煤,2025-10-14 10:39:42,7.39,146200,7.39,U
sz000983,山西焦煤,2025-10-14 10:39:54,7.39,23100,7.39,U
sz000983,山西焦煤,2025-10-14 10:40:03,7.38,36100,7.38,D
sz000983,山西焦煤,2025-10-14 10:40:09,7.38,263800,7.38,D
sz000983,山西焦煤,2025-10-14 10:40:21,7.38,30400,7.38,D
sz000983,山西焦煤,2025-10-14 10:40:24,7.38,55500,7.38,D
sz000983,山西焦煤,2025-10-14 10:40:27,7.38,67700,7.38,D
sz000983,山西焦煤,2025-10-14 10:40:30,7.38,21900,7.38,D
sz000983,山西焦煤,2025-10-14 10:40:45,7.39,41900,7.38,U
sz000983,山西焦煤,2025-10-14 10:40:51,7.39,61700,7.38,U
sz000983,山西焦煤,2025-10-14 10:41:00,7.39,21800,7.39,U
sz000983,山西焦煤,2025-10-14 10:41:03,7.39,109600,7.39,U
sz000983,山西焦煤,2025-10-14 10:41:06,7.38,176300,7.39,D
sz000983,山西焦煤,2025-10-14 10:41:15,7.39,59200,7.38,U
sz000983,山西焦煤,2025-10-14 10:41:21,7.38,60100,7.39,D
sz000983,山西焦煤,2025-10-14 10:41:45,7.39,97400,7.38,U
sz000983,山西焦煤,2025-10-14 10:41:57,7.39,20900,7.38,U
sz000983,山西焦煤,2025-10-14 10:42:00,7.38,36100,7.39,D
sz000983,山西焦煤,2025-10-14 10:42:03,7.39,26500,7.38,U
sz000983,山西焦煤,2025-10-14 10:42:06,7.39,56700,7.39,U
sz000983,山西焦煤,2025-10-14 10:42:21,7.39,23700,7.39,U
sz000983,山西焦煤,2025-10-14 10:42:24,7.39,105700,7.39,U
sz000983,山西焦煤,2025-10-14 10:42:33,7.38,37600,7.39,D
sz000983,山西焦煤,2025-10-14 10:42:51,7.39,765460,7.38,U
sz000983,山西焦煤,2025-10-14 10:43:03,7.39,30200,7.39,D
sz000983,山西焦煤,2025-10-14 10:43:06,7.39,32500,7.39,D
sz000983,山西焦煤,2025-10-14 10:43:09,7.39,42100,7.39,D
sz000983,山西焦煤,2025-10-14 10:43:30,7.4,70100,7.39,U
sz000983,山西焦煤,2025-10-14 10:43:42,7.39,304300,7.4,D
sz000983,山西焦煤,2025-10-14 10:43:48,7.39,35800,7.38,U
sz000983,山西焦煤,2025-10-14 10:43:51,7.39,39000,7.39,U
sz000983,山西焦煤,2025-10-14 10:43:54,7.39,84800,7.39,U
sz000983,山西焦煤,2025-10-14 10:44:00,7.38,93800,7.39,D
sz000983,山西焦煤,2025-10-14 10:44:03,7.38,61900,7.38,D
sz000983,山西焦煤,2025-10-14 10:44:06,7.39,59400,7.38,U
sz000983,山西焦煤,2025-10-14 10:44:12,7.39,125800,7.38,U
sz000983,山西焦煤,2025-10-14 10:44:33,7.38,44700,7.38,D
sz000983,山西焦煤,2025-10-14 10:45:00,7.38,28300,7.38,D
sz000983,山西焦煤,2025-10-14 10:45:15,7.38,75300,7.38,D
sz000983,山西焦煤,2025-10-14 10:45:21,7.38,47400,7.39,D
sz000983,山西焦煤,2025-10-14 10:45:54,7.38,48400,7.38,D
sz000983,山西焦煤,2025-10-14 10:46:03,7.38,41900,7.38,D
sz000983,山西焦煤,2025-10-14 10:46:06,7.38,197600,7.38,D
sz000983,山西焦煤,2025-10-14 10:46:09,7.38,25700,7.38,U
sz000983,山西焦煤,2025-10-14 10:46:30,7.37,86700,7.37,D
sz000983,山西焦煤,2025-10-14 10:46:33,7.38,26100,7.37,U
sz000983,山西焦煤,2025-10-14 10:46:48,7.37,70800,7.38,D
sz000983,山西焦煤,2025-10-14 10:47:27,7.37,45400,7.37,D
sz000983,山西焦煤,2025-10-14 10:47:30,7.37,80200,7.37,D
sz000983,山西焦煤,2025-10-14 10:47:51,7.37,29300,7.38,D
sz000983,山西焦煤,2025-10-14 10:48:00,7.38,21700,7.38,U
sz000983,山西焦煤,2025-10-14 10:48:06,7.37,314900,7.37,D
sz000983,山西焦煤,2025-10-14 10:48:33,7.37,20100,7.37,D
sz000983,山西焦煤,2025-10-14 10:49:06,7.37,22000,7.37,U
sz000983,山西焦煤,2025-10-14 10:49:12,7.36,31300,7.37,D
sz000983,山西焦煤,2025-10-14 10:49:42,7.37,22700,7.37,D
sz000983,山西焦煤,2025-10-14 10:50:42,7.36,36800,7.36,D
sz000983,山西焦煤,2025-10-14 10:51:06,7.36,450200,7.37,D
sz000983,山西焦煤,2025-10-14 10:51:12,7.35,34200,7.36,D
sz000983,山西焦煤,2025-10-14 10:51:30,7.35,70000,7.35,D
sz000983,山西焦煤,2025-10-14 10:51:36,7.36,23300,7.35,U
sz000983,山西焦煤,2025-10-14 10:52:00,7.36,22000,7.35,U
sz000983,山西焦煤,2025-10-14 10:52:03,7.35,34900,7.36,D
sz000983,山西焦煤,2025-10-14 10:52:06,7.35,21400,7.35,D
sz000983,山西焦煤,2025-10-14 10:52:12,7.35,27000,7.35,D
sz000983,山西焦煤,2025-10-14 10:52:15,7.35,20400,7.35,D
sz000983,山西焦煤,2025-10-14 10:52:21,7.35,80200,7.35,D
sz000983,山西焦煤,2025-10-14 10:53:21,7.34,20300,7.34,D
sz000983,山西焦煤,2025-10-14 10:53:24,7.34,40200,7.34,D
sz000983,山西焦煤,2025-10-14 10:53:33,7.34,138300,7.35,D
sz000983,山西焦煤,2025-10-14 10:54:03,7.34,31000,7.34,D
sz000983,山西焦煤,2025-10-14 10:54:39,7.34,20300,7.34,U
sz000983,山西焦煤,2025-10-14 10:54:51,7.33,21100,7.33,D
sz000983,山西焦煤,2025-10-14 10:54:57,7.33,25500,7.33,D
sz000983,山西焦煤,2025-10-14 10:55:03,7.33,152900,7.34,D
sz000983,山西焦煤,2025-10-14 10:55:12,7.34,56300,7.33,U
sz000983,山西焦煤,2025-10-14 10:55:27,7.34,20400,7.34,U
sz000983,山西焦煤,2025-10-14 10:56:00,7.33,82500,7.33,D
sz000983,山西焦煤,2025-10-14 10:56:27,7.34,20900,7.33,U
sz000983,山西焦煤,2025-10-14 10:56:30,7.34,28500,7.34,D
sz000983,山西焦煤,2025-10-14 10:56:48,7.35,20900,7.34,U
sz000983,山西焦煤,2025-10-14 10:57:03,7.35,23100,7.35,U
sz000983,山西焦煤,2025-10-14 10:57:45,7.35,36100,7.34,U
sz000983,山西焦煤,2025-10-14 10:57:48,7.34,20200,7.35,D
sz000983,山西焦煤,2025-10-14 10:58:12,7.35,25900,7.34,U
sz000983,山西焦煤,2025-10-14 10:58:21,7.35,28600,7.34,U
sz000983,山西焦煤,2025-10-14 10:59:09,7.35,22000,7.35,U
sz000983,山西焦煤,2025-10-14 10:59:24,7.34,47200,7.34,D
sz000983,山西焦煤,2025-10-14 10:59:51,7.35,21900,7.34,U
sz000983,山西焦煤,2025-10-14 11:00:15,7.35,20100,7.35,U
sz000983,山西焦煤,2025-10-14 11:00:45,7.35,32800,7.35,U
sz000983,山西焦煤,2025-10-14 11:00:48,7.35,21500,7.35,U
sz000983,山西焦煤,2025-10-14 11:00:51,7.35,48600,7.35,U
sz000983,山西焦煤,2025-10-14 11:00:54,7.35,31200,7.35,U
sz000983,山西焦煤,2025-10-14 11:01:09,7.35,134300,7.35,D
sz000983,山西焦煤,2025-10-14 11:01:12,7.36,24000,7.35,U
sz000983,山西焦煤,2025-10-14 11:01:15,7.35,106700,7.36,D
sz000983,山西焦煤,2025-10-14 11:01:24,7.36,98300,7.36,U
sz000983,山西焦煤,2025-10-14 11:01:42,7.36,91900,7.36,D
sz000983,山西焦煤,2025-10-14 11:01:45,7.36,40100,7.36,D
sz000983,山西焦煤,2025-10-14 11:02:03,7.37,126500,7.36,U
sz000983,山西焦煤,2025-10-14 11:02:06,7.37,46100,7.37,D
sz000983,山西焦煤,2025-10-14 11:02:24,7.38,22600,7.38,U
sz000983,山西焦煤,2025-10-14 11:02:27,7.38,43900,7.38,U
sz000983,山西焦煤,2025-10-14 11:02:30,7.38,55000,7.38,U
sz000983,山西焦煤,2025-10-14 11:02:33,7.38,20900,7.38,U
sz000983,山西焦煤,2025-10-14 11:02:42,7.38,22500,7.38,U
sz000983,山西焦煤,2025-10-14 11:02:45,7.38,23400,7.38,U
sz000983,山西焦煤,2025-10-14 11:02:48,7.37,24700,7.38,D
sz000983,山西焦煤,2025-10-14 11:03:00,7.37,24400,7.38,D
sz000983,山西焦煤,2025-10-14 11:03:06,7.38,28400,7.38,U
sz000983,山西焦煤,2025-10-14 11:03:18,7.37,121600,7.37,D
sz000983,山西焦煤,2025-10-14 11:03:27,7.38,76100,7.38,U
sz000983,山西焦煤,2025-10-14 11:03:42,7.37,27100,7.38,D
sz000983,山西焦煤,2025-10-14 11:05:18,7.37,22100,7.38,D
sz000983,山西焦煤,2025-10-14 11:05:21,7.38,34300,7.37,U
sz000983,山西焦煤,2025-10-14 11:05:27,7.38,27700,7.38,U
sz000983,山西焦煤,2025-10-14 11:05:39,7.38,76600,7.38,U
sz000983,山西焦煤,2025-10-14 11:05:45,7.38,21800,7.37,U
sz000983,山西焦煤,2025-10-14 11:05:48,7.38,25200,7.38,U
sz000983,山西焦煤,2025-10-14 11:06:06,7.37,178300,7.37,D
sz000983,山西焦煤,2025-10-14 11:06:09,7.38,75300,7.37,U
sz000983,山西焦煤,2025-10-14 11:06:12,7.37,47400,7.38,D
sz000983,山西焦煤,2025-10-14 11:06:18,7.36,412300,7.38,D
sz000983,山西焦煤,2025-10-14 11:07:09,7.36,31300,7.36,D
sz000983,山西焦煤,2025-10-14 11:07:12,7.36,120800,7.36,D
sz000983,山西焦煤,2025-10-14 11:07:18,7.36,53700,7.36,D
sz000983,山西焦煤,2025-10-14 11:07:24,7.35,153500,7.36,D
sz000983,山西焦煤,2025-10-14 11:07:42,7.35,98200,7.35,D
sz000983,山西焦煤,2025-10-14 11:07:54,7.34,41773,7.35,D
sz000983,山西焦煤,2025-10-14 11:08:03,7.34,54327,7.35,D
sz000983,山西焦煤,2025-10-14 11:09:30,7.34,21500,7.34,D
sz000983,山西焦煤,2025-10-14 11:09:54,7.35,74400,7.34,U
sz000983,山西焦煤,2025-10-14 11:10:33,7.34,58100,7.35,D
sz000983,山西焦煤,2025-10-14 11:10:36,7.34,166600,7.34,D
sz000983,山西焦煤,2025-10-14 11:11:09,7.34,43800,7.34,D
sz000983,山西焦煤,2025-10-14 11:11:12,7.34,27800,7.34,D
sz000983,山西焦煤,2025-10-14 11:11:15,7.34,20800,7.34,D
sz000983,山西焦煤,2025-10-14 11:11:45,7.34,31100,7.34,D
sz000983,山西焦煤,2025-10-14 11:12:03,7.34,36500,7.34,U
sz000983,山西焦煤,2025-10-14 11:12:33,7.33,23100,7.33,D
sz000983,山西焦煤,2025-10-14 11:12:57,7.33,25400,7.34,D
sz000983,山西焦煤,2025-10-14 11:13:00,7.34,70200,7.33,U
sz000983,山西焦煤,2025-10-14 11:13:03,7.33,36500,7.34,D
sz000983,山西焦煤,2025-10-14 11:13:24,7.35,113850,7.34,U
sz000983,山西焦煤,2025-10-14 11:13:27,7.36,38700,7.35,U
sz000983,山西焦煤,2025-10-14 11:13:39,7.35,32200,7.36,D
sz000983,山西焦煤,2025-10-14 11:13:54,7.36,20700,7.36,U
sz000983,山西焦煤,2025-10-14 11:13:57,7.36,23300,7.36,U
sz000983,山西焦煤,2025-10-14 11:14:00,7.35,92800,7.36,D
sz000983,山西焦煤,2025-10-14 11:14:03,7.35,21400,7.35,D
sz000983,山西焦煤,2025-10-14 11:14:09,7.36,23600,7.35,U
sz000983,山西焦煤,2025-10-14 11:14:12,7.36,22500,7.36,U
sz000983,山西焦煤,2025-10-14 11:14:15,7.37,86000,7.36,U
sz000983,山西焦煤,2025-10-14 11:14:24,7.37,61100,7.37,U
sz000983,山西焦煤,2025-10-14 11:14:27,7.36,100900,7.37,D
sz000983,山西焦煤,2025-10-14 11:14:36,7.37,32000,7.36,U
sz000983,山西焦煤,2025-10-14 11:14:39,7.37,66600,7.37,U
sz000983,山西焦煤,2025-10-14 11:14:42,7.36,45100,7.37,D
sz000983,山西焦煤,2025-10-14 11:15:03,7.37,82900,7.36,U
sz000983,山西焦煤,2025-10-14 11:15:21,7.36,89700,7.37,D
sz000983,山西焦煤,2025-10-14 11:15:30,7.37,61600,7.37,U
sz000983,山西焦煤,2025-10-14 11:15:33,7.37,42300,7.37,D
sz000983,山西焦煤,2025-10-14 11:15:39,7.38,52400,7.38,U
sz000983,山西焦煤,2025-10-14 11:15:48,7.38,41900,7.38,U
sz000983,山西焦煤,2025-10-14 11:15:54,7.38,59200,7.38,U
sz000983,山西焦煤,2025-10-14 11:15:57,7.38,483400,7.38,U
sz000983,山西焦煤,2025-10-14 11:16:00,7.38,82100,7.38,U
sz000983,山西焦煤,2025-10-14 11:16:03,7.37,42500,7.38,D
sz000983,山西焦煤,2025-10-14 11:16:06,7.38,38500,7.37,U
sz000983,山西焦煤,2025-10-14 11:16:09,7.38,122484,7.38,U
sz000983,山西焦煤,2025-10-14 11:16:12,7.39,62400,7.38,U
sz000983,山西焦煤,2025-10-14 11:16:21,7.38,29500,7.38,D
sz000983,山西焦煤,2025-10-14 11:16:39,7.39,51900,7.39,U
sz000983,山西焦煤,2025-10-14 11:16:42,7.38,43900,7.39,D
sz000983,山西焦煤,2025-10-14 11:16:45,7.38,92300,7.38,D
sz000983,山西焦煤,2025-10-14 11:16:51,7.38,174100,7.38,D
sz000983,山西焦煤,2025-10-14 11:17:00,7.38,195500,7.38,D
sz000983,山西焦煤,2025-10-14 11:17:03,7.38,87100,7.38,D
sz000983,山西焦煤,2025-10-14 11:17:09,7.38,45600,7.38,D
sz000983,山西焦煤,2025-10-14 11:17:15,7.38,78500,7.38,U
sz000983,山西焦煤,2025-10-14 11:17:18,7.38,435100,7.38,U
sz000983,山西焦煤,2025-10-14 11:17:27,7.38,39800,7.37,U
sz000983,山西焦煤,2025-10-14 11:17:30,7.37,83500,7.38,U
sz000983,山西焦煤,2025-10-14 11:17:33,7.38,30300,7.37,U
sz000983,山西焦煤,2025-10-14 11:17:51,7.37,23900,7.37,D
sz000983,山西焦煤,2025-10-14 11:17:54,7.37,24200,7.37,D
sz000983,山西焦煤,2025-10-14 11:18:03,7.36,110300,7.37,D
sz000983,山西焦煤,2025-10-14 11:19:51,7.36,49400,7.35,U
sz000983,山西焦煤,2025-10-14 11:20:00,7.36,49800,7.36,U
sz000983,山西焦煤,2025-10-14 11:20:03,7.36,31300,7.36,U
sz000983,山西焦煤,2025-10-14 11:20:21,7.35,35500,7.35,D
sz000983,山西焦煤,2025-10-14 11:20:27,7.36,23500,7.36,U
sz000983,山西焦煤,2025-10-14 11:20:36,7.35,81800,7.35,D
sz000983,山西焦煤,2025-10-14 11:20:48,7.35,57800,7.35,D
sz000983,山西焦煤,2025-10-14 11:20:51,7.35,37800,7.35,D
sz000983,山西焦煤,2025-10-14 11:21:03,7.35,52700,7.35,D
sz000983,山西焦煤,2025-10-14 11:21:18,7.35,51000,7.35,U
sz000983,山西焦煤,2025-10-14 11:21:27,7.35,23500,7.35,U
sz000983,山西焦煤,2025-10-14 11:21:30,7.35,47000,7.35,D
sz000983,山西焦煤,2025-10-14 11:22:00,7.35,84400,7.34,U
sz000983,山西焦煤,2025-10-14 11:22:03,7.34,35300,7.35,D
sz000983,山西焦煤,2025-10-14 11:22:36,7.35,31800,7.34,U
sz000983,山西焦煤,2025-10-14 11:23:00,7.34,87800,7.34,D
sz000983,山西焦煤,2025-10-14 11:23:36,7.35,25500,7.34,U
sz000983,山西焦煤,2025-10-14 11:24:00,7.35,27600,7.35,U
sz000983,山西焦煤,2025-10-14 11:24:03,7.35,67100,7.35,U
sz000983,山西焦煤,2025-10-14 11:24:15,7.35,48300,7.35,U
sz000983,山西焦煤,2025-10-14 11:24:27,7.35,149200,7.35,U
sz000983,山西焦煤,2025-10-14 11:24:30,7.35,21000,7.35,D
sz000983,山西焦煤,2025-10-14 11:24:36,7.35,30900,7.36,D
sz000983,山西焦煤,2025-10-14 11:24:51,7.35,55600,7.35,D
sz000983,山西焦煤,2025-10-14 11:25:03,7.35,22900,7.35,D
sz000983,山西焦煤,2025-10-14 11:25:57,7.35,20300,7.36,D
sz000983,山西焦煤,2025-10-14 11:26:12,7.35,23700,7.35,D
sz000983,山西焦煤,2025-10-14 11:26:39,7.35,24500,7.35,D
sz000983,山西焦煤,2025-10-14 11:26:42,7.35,59700,7.35,D
sz000983,山西焦煤,2025-10-14 11:26:48,7.35,60300,7.35,D
sz000983,山西焦煤,2025-10-14 11:27:15,7.35,20500,7.34,U
sz000983,山西焦煤,2025-10-14 11:27:45,7.35,51500,7.34,U
sz000983,山西焦煤,2025-10-14 11:28:06,7.34,38400,7.35,D
sz000983,山西焦煤,2025-10-14 11:28:51,7.35,51000,7.35,U
sz000983,山西焦煤,2025-10-14 11:29:00,7.35,29100,7.35,U
sz000983,山西焦煤,2025-10-14 11:29:42,7.36,47200,7.35,U
sz000983,山西焦煤,2025-10-14 13:00:00,7.35,55060,7.36,D
sz000983,山西焦煤,2025-10-14 13:00:03,7.35,715940,7.35,D
sz000983,山西焦煤,2025-10-14 13:00:06,7.35,54500,7.35,U
sz000983,山西焦煤,2025-10-14 13:00:09,7.35,102200,7.35,D
sz000983,山西焦煤,2025-10-14 13:00:18,7.34,390210,7.34,D
sz000983,山西焦煤,2025-10-14 13:00:21,7.33,34700,7.34,D
sz000983,山西焦煤,2025-10-14 13:00:24,7.33,33100,7.33,D
sz000983,山西焦煤,2025-10-14 13:00:33,7.33,32900,7.33,D
sz000983,山西焦煤,2025-10-14 13:00:36,7.32,328400,7.33,D
sz000983,山西焦煤,2025-10-14 13:00:39,7.32,22500,7.32,D
sz000983,山西焦煤,2025-10-14 13:00:45,7.32,56200,7.32,D
sz000983,山西焦煤,2025-10-14 13:01:03,7.34,76300,7.33,U
sz000983,山西焦煤,2025-10-14 13:01:06,7.33,25500,7.34,D
sz000983,山西焦煤,2025-10-14 13:01:21,7.32,59000,7.32,D
sz000983,山西焦煤,2025-10-14 13:01:48,7.33,32200,7.33,U
sz000983,山西焦煤,2025-10-14 13:01:54,7.33,30600,7.32,U
sz000983,山西焦煤,2025-10-14 13:02:03,7.33,31400,7.32,U
sz000983,山西焦煤,2025-10-14 13:02:21,7.33,67000,7.33,U
sz000983,山西焦煤,2025-10-14 13:02:24,7.33,22000,7.33,U
sz000983,山西焦煤,2025-10-14 13:02:42,7.32,64400,7.33,D
sz000983,山西焦煤,2025-10-14 13:03:03,7.32,44800,7.33,D
sz000983,山西焦煤,2025-10-14 13:03:09,7.33,33300,7.32,U
sz000983,山西焦煤,2025-10-14 13:03:12,7.33,20500,7.33,U
sz000983,山西焦煤,2025-10-14 13:03:24,7.32,415400,7.32,D
sz000983,山西焦煤,2025-10-14 13:03:33,7.31,60600,7.32,D
sz000983,山西焦煤,2025-10-14 13:03:51,7.31,22000,7.31,D
sz000983,山西焦煤,2025-10-14 13:03:57,7.31,155600,7.31,D
sz000983,山西焦煤,2025-10-14 13:04:42,7.3,20700,7.3,D
sz000983,山西焦煤,2025-10-14 13:04:45,7.31,24900,7.3,U
sz000983,山西焦煤,2025-10-14 13:04:48,7.31,31000,7.31,U
sz000983,山西焦煤,2025-10-14 13:04:51,7.31,22000,7.31,U
sz000983,山西焦煤,2025-10-14 13:04:57,7.31,21700,7.3,U
sz000983,山西焦煤,2025-10-14 13:05:00,7.3,118500,7.31,D
sz000983,山西焦煤,2025-10-14 13:05:03,7.3,21300,7.3,D
sz000983,山西焦煤,2025-10-14 13:05:06,7.3,29400,7.3,D
sz000983,山西焦煤,2025-10-14 13:05:09,7.3,22200,7.3,D
sz000983,山西焦煤,2025-10-14 13:05:12,7.3,154000,7.3,D
sz000983,山西焦煤,2025-10-14 13:05:15,7.3,49700,7.3,D
sz000983,山西焦煤,2025-10-14 13:05:18,7.3,35100,7.3,D
sz000983,山西焦煤,2025-10-14 13:05:21,7.3,85300,7.3,D
sz000983,山西焦煤,2025-10-14 13:05:24,7.3,34800,7.3,U
sz000983,山西焦煤,2025-10-14 13:06:03,7.3,92800,7.29,U
sz000983,山西焦煤,2025-10-14 13:06:06,7.3,26900,7.3,U
sz000983,山西焦煤,2025-10-14 13:06:21,7.29,24000,7.29,D
sz000983,山西焦煤,2025-10-14 13:06:48,7.3,44100,7.29,U
sz000983,山西焦煤,2025-10-14 13:06:54,7.3,20900,7.29,U
sz000983,山西焦煤,2025-10-14 13:07:00,7.3,66500,7.29,U
sz000983,山西焦煤,2025-10-14 13:07:48,7.3,47800,7.31,D
sz000983,山西焦煤,2025-10-14 13:08:21,7.3,41600,7.3,D
sz000983,山西焦煤,2025-10-14 13:08:24,7.31,21800,7.3,U
sz000983,山西焦煤,2025-10-14 13:08:33,7.31,27600,7.3,U
sz000983,山西焦煤,2025-10-14 13:08:45,7.31,26300,7.31,U
sz000983,山西焦煤,2025-10-14 13:09:00,7.31,65700,7.31,U
sz000983,山西焦煤,2025-10-14 13:09:06,7.31,52000,7.31,U
sz000983,山西焦煤,2025-10-14 13:09:12,7.31,20000,7.31,U
sz000983,山西焦煤,2025-10-14 13:09:54,7.32,20700,7.31,U
sz000983,山西焦煤,2025-10-14 13:10:12,7.31,51900,7.31,D
sz000983,山西焦煤,2025-10-14 13:10:36,7.31,36100,7.31,U
sz000983,山西焦煤,2025-10-14 13:11:06,7.3,33800,7.31,D
sz000983,山西焦煤,2025-10-14 13:11:39,7.3,25300,7.3,D
sz000983,山西焦煤,2025-10-14 13:11:48,7.31,62600,7.3,U
sz000983,山西焦煤,2025-10-14 13:12:18,7.3,28400,7.31,D
sz000983,山西焦煤,2025-10-14 13:12:30,7.3,35100,7.3,D
sz000983,山西焦煤,2025-10-14 13:12:39,7.3,31800,7.3,D
sz000983,山西焦煤,2025-10-14 13:12:42,7.3,90850,7.3,D
sz000983,山西焦煤,2025-10-14 13:13:00,7.3,25400,7.29,U
sz000983,山西焦煤,2025-10-14 13:13:15,7.29,33500,7.29,D
sz000983,山西焦煤,2025-10-14 13:13:39,7.3,27300,7.3,U
sz000983,山西焦煤,2025-10-14 13:13:42,7.3,57300,7.3,U
sz000983,山西焦煤,2025-10-14 13:13:48,7.29,22300,7.29,D
sz000983,山西焦煤,2025-10-14 13:15:24,7.3,186550,7.29,U
sz000983,山西焦煤,2025-10-14 13:15:51,7.3,249900,7.3,U
sz000983,山西焦煤,2025-10-14 13:15:54,7.3,26100,7.3,U
sz000983,山西焦煤,2025-10-14 13:16:24,7.29,41000,7.3,D
sz000983,山西焦煤,2025-10-14 13:16:42,7.3,95400,7.3,U
sz000983,山西焦煤,2025-10-14 13:17:06,7.31,38900,7.3,U
sz000983,山西焦煤,2025-10-14 13:17:21,7.31,38300,7.3,U
sz000983,山西焦煤,2025-10-14 13:17:39,7.3,73500,7.31,D
sz000983,山西焦煤,2025-10-14 13:17:54,7.31,20400,7.31,U
sz000983,山西焦煤,2025-10-14 13:17:57,7.3,138300,7.31,D
sz000983,山西焦煤,2025-10-14 13:18:12,7.3,48900,7.31,D
sz000983,山西焦煤,2025-10-14 13:18:15,7.3,25900,7.3,D
sz000983,山西焦煤,2025-10-14 13:18:36,7.31,49400,7.31,U
sz000983,山西焦煤,2025-10-14 13:19:36,7.32,346500,7.32,U
sz000983,山西焦煤,2025-10-14 13:19:54,7.33,26600,7.33,U
sz000983,山西焦煤,2025-10-14 13:20:03,7.33,74200,7.32,U
sz000983,山西焦煤,2025-10-14 13:20:24,7.32,60100,7.33,D
sz000983,山西焦煤,2025-10-14 13:21:06,7.32,38400,7.32,D
sz000983,山西焦煤,2025-10-14 13:21:33,7.33,31700,7.33,U
sz000983,山西焦煤,2025-10-14 13:22:06,7.32,104200,7.33,D
sz000983,山西焦煤,2025-10-14 13:22:36,7.32,31100,7.33,D
sz000983,山西焦煤,2025-10-14 13:22:45,7.33,64100,7.32,U
sz000983,山西焦煤,2025-10-14 13:22:48,7.32,33900,7.33,D
sz000983,山西焦煤,2025-10-14 13:23:42,7.32,95600,7.33,D
sz000983,山西焦煤,2025-10-14 13:24:03,7.32,83400,7.31,U
sz000983,山西焦煤,2025-10-14 13:24:54,7.32,26500,7.31,U
sz000983,山西焦煤,2025-10-14 13:25:18,7.31,48300,7.31,D
sz000983,山西焦煤,2025-10-14 13:25:24,7.31,42300,7.31,D
sz000983,山西焦煤,2025-10-14 13:25:30,7.31,43000,7.31,D
sz000983,山西焦煤,2025-10-14 13:25:54,7.31,58100,7.31,U
sz000983,山西焦煤,2025-10-14 13:27:06,7.31,22900,7.31,U
sz000983,山西焦煤,2025-10-14 13:27:09,7.31,20300,7.31,U
sz000983,山西焦煤,2025-10-14 13:27:18,7.31,27000,7.3,U
sz000983,山西焦煤,2025-10-14 13:28:42,7.3,176500,7.3,D
sz000983,山西焦煤,2025-10-14 13:29:00,7.3,43900,7.3,D
sz000983,山西焦煤,2025-10-14 13:29:24,7.3,32600,7.3,D
sz000983,山西焦煤,2025-10-14 13:29:39,7.3,120000,7.3,D
sz000983,山西焦煤,2025-10-14 13:29:42,7.3,84700,7.3,D
sz000983,山西焦煤,2025-10-14 13:29:48,7.3,28000,7.29,U
sz000983,山西焦煤,2025-10-14 13:29:54,7.3,33800,7.3,E
sz000983,山西焦煤,2025-10-14 13:30:27,7.3,102300,7.29,U
sz000983,山西焦煤,2025-10-14 13:30:39,7.3,33000,7.3,U
sz000983,山西焦煤,2025-10-14 13:31:06,7.3,26500,7.29,U
sz000983,山西焦煤,2025-10-14 13:31:45,7.31,61600,7.3,U
sz000983,山西焦煤,2025-10-14 13:32:18,7.31,22000,7.31,U
sz000983,山西焦煤,2025-10-14 13:32:33,7.3,56600,7.31,D
sz000983,山西焦煤,2025-10-14 13:32:39,7.3,23800,7.3,D
sz000983,山西焦煤,2025-10-14 13:32:48,7.31,58900,7.31,U
sz000983,山西焦煤,2025-10-14 13:32:54,7.3,195500,7.31,D
sz000983,山西焦煤,2025-10-14 13:33:00,7.3,24100,7.31,D
sz000983,山西焦煤,2025-10-14 13:33:24,7.31,59700,7.31,U
sz000983,山西焦煤,2025-10-14 13:34:30,7.31,61500,7.31,U
sz000983,山西焦煤,2025-10-14 13:35:27,7.3,30700,7.3,D
sz000983,山西焦煤,2025-10-14 13:35:42,7.3,139200,7.3,D
sz000983,山西焦煤,2025-10-14 13:35:45,7.3,28700,7.3,D
sz000983,山西焦煤,2025-10-14 13:35:48,7.29,509400,7.3,D
sz000983,山西焦煤,2025-10-14 13:35:57,7.28,145000,7.29,D
sz000983,山西焦煤,2025-10-14 13:36:12,7.28,67000,7.28,D
sz000983,山西焦煤,2025-10-14 13:36:27,7.29,23500,7.28,U
sz000983,山西焦煤,2025-10-14 13:36:45,7.28,45700,7.28,D
sz000983,山西焦煤,2025-10-14 13:36:57,7.28,368100,7.29,D
sz000983,山西焦煤,2025-10-14 13:37:09,7.28,49000,7.28,D
sz000983,山西焦煤,2025-10-14 13:37:48,7.29,46967,7.28,U
sz000983,山西焦煤,2025-10-14 13:37:51,7.28,61700,7.29,D
sz000983,山西焦煤,2025-10-14 13:37:54,7.28,45000,7.28,D
sz000983,山西焦煤,2025-10-14 13:38:00,7.28,22800,7.29,D
sz000983,山西焦煤,2025-10-14 13:38:15,7.28,31500,7.28,D
sz000983,山西焦煤,2025-10-14 13:39:03,7.28,20300,7.28,D
sz000983,山西焦煤,2025-10-14 13:39:09,7.29,135033,7.28,U
sz000983,山西焦煤,2025-10-14 13:39:45,7.27,66400,7.28,D
sz000983,山西焦煤,2025-10-14 13:40:03,7.28,30500,7.28,U
sz000983,山西焦煤,2025-10-14 13:41:00,7.27,22400,7.27,D
sz000983,山西焦煤,2025-10-14 13:41:09,7.28,141100,7.28,U
sz000983,山西焦煤,2025-10-14 13:41:12,7.27,22600,7.28,D
sz000983,山西焦煤,2025-10-14 13:41:33,7.28,27300,7.28,U
sz000983,山西焦煤,2025-10-14 13:42:24,7.27,21600,7.27,D
sz000983,山西焦煤,2025-10-14 13:42:30,7.27,42600,7.27,D
sz000983,山西焦煤,2025-10-14 13:42:54,7.27,27300,7.27,D
sz000983,山西焦煤,2025-10-14 13:43:24,7.27,27100,7.27,D
sz000983,山西焦煤,2025-10-14 13:43:54,7.28,34300,7.28,U
sz000983,山西焦煤,2025-10-14 13:44:24,7.27,21000,7.28,D
sz000983,山西焦煤,2025-10-14 13:44:33,7.27,35200,7.28,D
sz000983,山西焦煤,2025-10-14 13:44:45,7.28,27500,7.28,U
sz000983,山西焦煤,2025-10-14 13:44:48,7.27,91800,7.28,D
sz000983,山西焦煤,2025-10-14 13:45:15,7.27,26500,7.27,D
sz000983,山西焦煤,2025-10-14 13:45:42,7.27,74500,7.27,D
sz000983,山西焦煤,2025-10-14 13:45:45,7.27,249500,7.27,D
sz000983,山西焦煤,2025-10-14 13:45:48,7.27,33300,7.27,D
sz000983,山西焦煤,2025-10-14 13:45:54,7.26,41800,7.27,D
sz000983,山西焦煤,2025-10-14 13:46:24,7.27,44700,7.27,U
sz000983,山西焦煤,2025-10-14 13:46:33,7.27,29200,7.26,U
sz000983,山西焦煤,2025-10-14 13:46:39,7.26,110200,7.26,D
sz000983,山西焦煤,2025-10-14 13:46:42,7.26,122000,7.26,D
sz000983,山西焦煤,2025-10-14 13:47:12,7.26,67100,7.26,D
sz000983,山西焦煤,2025-10-14 13:48:06,7.26,24600,7.27,D
sz000983,山西焦煤,2025-10-14 13:48:24,7.26,21500,7.27,D
sz000983,山西焦煤,2025-10-14 13:48:39,7.27,21400,7.26,U
sz000983,山西焦煤,2025-10-14 13:48:42,7.27,27100,7.27,U
sz000983,山西焦煤,2025-10-14 13:48:54,7.26,37900,7.27,D
sz000983,山西焦煤,2025-10-14 13:48:57,7.27,51000,7.26,U
sz000983,山西焦煤,2025-10-14 13:49:18,7.27,47900,7.26,U
sz000983,山西焦煤,2025-10-14 13:49:24,7.27,86100,7.27,U
sz000983,山西焦煤,2025-10-14 13:49:39,7.26,43200,7.27,D
sz000983,山西焦煤,2025-10-14 13:50:15,7.27,23300,7.27,D
sz000983,山西焦煤,2025-10-14 13:50:51,7.27,47800,7.27,U
sz000983,山西焦煤,2025-10-14 13:51:00,7.27,48800,7.26,U
sz000983,山西焦煤,2025-10-14 13:51:57,7.27,23400,7.27,D
sz000983,山西焦煤,2025-10-14 13:52:06,7.28,83400,7.27,U
sz000983,山西焦煤,2025-10-14 13:52:54,7.28,50500,7.28,U
sz000983,山西焦煤,2025-10-14 13:53:24,7.28,30400,7.28,U
sz000983,山西焦煤,2025-10-14 13:53:27,7.28,46900,7.28,U
sz000983,山西焦煤,2025-10-14 13:53:30,7.28,89400,7.28,U
sz000983,山西焦煤,2025-10-14 13:53:39,7.28,28700,7.28,U
sz000983,山西焦煤,2025-10-14 13:53:45,7.28,36800,7.28,U
sz000983,山西焦煤,2025-10-14 13:53:48,7.28,20000,7.28,U
sz000983,山西焦煤,2025-10-14 13:54:24,7.28,36500,7.29,D
sz000983,山西焦煤,2025-10-14 13:54:27,7.28,45300,7.28,D
sz000983,山西焦煤,2025-10-14 13:54:30,7.28,29900,7.28,D
sz000983,山西焦煤,2025-10-14 13:54:36,7.29,95900,7.29,U
sz000983,山西焦煤,2025-10-14 13:55:09,7.29,20400,7.29,U
sz000983,山西焦煤,2025-10-14 13:55:24,7.29,25900,7.28,U
sz000983,山西焦煤,2025-10-14 13:55:54,7.28,48100,7.28,D
sz000983,山西焦煤,2025-10-14 13:56:51,7.28,24900,7.28,D
sz000983,山西焦煤,2025-10-14 13:57:03,7.28,22400,7.28,D
sz000983,山西焦煤,2025-10-14 13:57:06,7.28,38200,7.28,D
sz000983,山西焦煤,2025-10-14 13:57:48,7.27,27000,7.28,D
sz000983,山西焦煤,2025-10-14 13:57:54,7.27,173500,7.28,D
sz000983,山西焦煤,2025-10-14 13:57:57,7.29,20600,7.27,U
sz000983,山西焦煤,2025-10-14 13:58:09,7.27,26900,7.28,D
sz000983,山西焦煤,2025-10-14 13:59:03,7.27,21700,7.27,D
sz000983,山西焦煤,2025-10-14 14:00:03,7.26,122400,7.27,D
sz000983,山西焦煤,2025-10-14 14:00:21,7.26,21800,7.27,D
sz000983,山西焦煤,2025-10-14 14:00:57,7.26,44800,7.26,D
sz000983,山西焦煤,2025-10-14 14:01:15,7.26,191400,7.27,D
sz000983,山西焦煤,2025-10-14 14:02:00,7.26,26400,7.27,D
sz000983,山西焦煤,2025-10-14 14:02:09,7.26,70400,7.26,D
sz000983,山西焦煤,2025-10-14 14:02:18,7.26,21500,7.26,D
sz000983,山西焦煤,2025-10-14 14:02:27,7.26,22600,7.27,D
sz000983,山西焦煤,2025-10-14 14:02:45,7.26,54000,7.27,D
sz000983,山西焦煤,2025-10-14 14:03:18,7.26,20300,7.26,D
sz000983,山西焦煤,2025-10-14 14:03:54,7.26,76400,7.26,D
sz000983,山西焦煤,2025-10-14 14:04:21,7.26,88200,7.26,D
sz000983,山西焦煤,2025-10-14 14:04:33,7.26,34300,7.26,D
sz000983,山西焦煤,2025-10-14 14:05:15,7.27,55954,7.27,U
sz000983,山西焦煤,2025-10-14 14:05:21,7.27,30000,7.26,U
sz000983,山西焦煤,2025-10-14 14:05:33,7.26,54700,7.26,D
sz000983,山西焦煤,2025-10-14 14:06:06,7.26,24300,7.26,D
sz000983,山西焦煤,2025-10-14 14:06:45,7.26,30000,7.27,D
sz000983,山西焦煤,2025-10-14 14:06:54,7.27,120300,7.26,U
sz000983,山西焦煤,2025-10-14 14:06:57,7.27,23500,7.27,U
sz000983,山西焦煤,2025-10-14 14:07:06,7.27,51200,7.27,U
sz000983,山西焦煤,2025-10-14 14:07:48,7.27,29800,7.27,U
sz000983,山西焦煤,2025-10-14 14:08:33,7.26,60800,7.26,D
sz000983,山西焦煤,2025-10-14 14:09:12,7.27,38367,7.26,U
sz000983,山西焦煤,2025-10-14 14:09:24,7.26,64500,7.27,D
sz000983,山西焦煤,2025-10-14 14:10:06,7.26,31700,7.26,D
sz000983,山西焦煤,2025-10-14 14:10:18,7.26,20300,7.26,D
sz000983,山西焦煤,2025-10-14 14:10:24,7.27,20000,7.27,U
sz000983,山西焦煤,2025-10-14 14:11:21,7.26,50000,7.27,D
sz000983,山西焦煤,2025-10-14 14:12:24,7.26,31000,7.26,D
sz000983,山西焦煤,2025-10-14 14:12:45,7.26,20500,7.26,D
sz000983,山西焦煤,2025-10-14 14:14:06,7.27,433667,7.27,U
sz000983,山西焦煤,2025-10-14 14:15:30,7.28,37200,7.29,D
sz000983,山西焦煤,2025-10-14 14:15:48,7.28,49500,7.28,D
sz000983,山西焦煤,2025-10-14 14:16:03,7.27,34500,7.28,D
sz000983,山西焦煤,2025-10-14 14:16:09,7.27,23800,7.28,D
sz000983,山西焦煤,2025-10-14 14:16:51,7.28,20400,7.27,U
sz000983,山西焦煤,2025-10-14 14:16:54,7.28,21800,7.28,U
sz000983,山西焦煤,2025-10-14 14:17:06,7.28,26200,7.27,U
sz000983,山西焦煤,2025-10-14 14:17:45,7.27,118100,7.28,D
sz000983,山西焦煤,2025-10-14 14:18:33,7.26,374100,7.27,D
sz000983,山西焦煤,2025-10-14 14:18:39,7.27,60600,7.26,U
sz000983,山西焦煤,2025-10-14 14:18:45,7.27,30500,7.27,U
sz000983,山西焦煤,2025-10-14 14:18:54,7.27,23700,7.27,D
sz000983,山西焦煤,2025-10-14 14:19:03,7.27,54600,7.27,D
sz000983,山西焦煤,2025-10-14 14:19:09,7.27,30100,7.27,U
sz000983,山西焦煤,2025-10-14 14:21:00,7.26,25000,7.27,D
sz000983,山西焦煤,2025-10-14 14:21:45,7.26,22800,7.26,D
sz000983,山西焦煤,2025-10-14 14:21:54,7.27,132700,7.27,U
sz000983,山西焦煤,2025-10-14 14:21:57,7.27,21200,7.27,D
sz000983,山西焦煤,2025-10-14 14:22:06,7.27,59500,7.27,D
sz000983,山西焦煤,2025-10-14 14:22:09,7.27,31800,7.27,D
sz000983,山西焦煤,2025-10-14 14:22:30,7.27,21300,7.27,D
sz000983,山西焦煤,2025-10-14 14:23:09,7.27,30000,7.28,D
sz000983,山西焦煤,2025-10-14 14:23:21,7.27,33700,7.28,D
sz000983,山西焦煤,2025-10-14 14:23:27,7.28,31600,7.27,U
sz000983,山西焦煤,2025-10-14 14:24:09,7.27,25700,7.28,D
sz000983,山西焦煤,2025-10-14 14:24:27,7.27,26100,7.27,D
sz000983,山西焦煤,2025-10-14 14:25:03,7.26,206480,7.27,D
sz000983,山西焦煤,2025-10-14 14:26:36,7.26,56800,7.27,D
sz000983,山西焦煤,2025-10-14 14:26:45,7.26,39000,7.27,D
sz000983,山西焦煤,2025-10-14 14:27:12,7.27,20100,7.26,U
sz000983,山西焦煤,2025-10-14 14:27:21,7.26,27900,7.26,D
sz000983,山西焦煤,2025-10-14 14:27:30,7.26,30400,7.26,D
sz000983,山西焦煤,2025-10-14 14:27:42,7.26,52800,7.26,D
sz000983,山西焦煤,2025-10-14 14:27:45,7.26,46500,7.26,D
sz000983,山西焦煤,2025-10-14 14:27:57,7.26,27700,7.26,D
sz000983,山西焦煤,2025-10-14 14:28:21,7.26,300370,7.26,D
sz000983,山西焦煤,2025-10-14 14:28:36,7.25,29200,7.26,D
sz000983,山西焦煤,2025-10-14 14:29:00,7.25,33900,7.26,D
sz000983,山西焦煤,2025-10-14 14:29:03,7.25,20400,7.25,D
sz000983,山西焦煤,2025-10-14 14:29:09,7.25,40500,7.26,D
sz000983,山西焦煤,2025-10-14 14:29:18,7.25,95300,7.25,D
sz000983,山西焦煤,2025-10-14 14:29:21,7.26,32500,7.25,U
sz000983,山西焦煤,2025-10-14 14:30:09,7.26,22500,7.26,D
sz000983,山西焦煤,2025-10-14 14:30:21,7.26,32200,7.26,D
sz000983,山西焦煤,2025-10-14 14:30:24,7.27,21000,7.26,U
sz000983,山西焦煤,2025-10-14 14:30:30,7.27,103720,7.27,U
sz000983,山西焦煤,2025-10-14 14:31:09,7.27,27100,7.28,D
sz000983,山西焦煤,2025-10-14 14:32:18,7.28,20300,7.27,U
sz000983,山西焦煤,2025-10-14 14:32:45,7.28,90100,7.28,U
sz000983,山西焦煤,2025-10-14 14:32:48,7.28,158500,7.28,U
sz000983,山西焦煤,2025-10-14 14:33:15,7.29,31700,7.28,U
sz000983,山西焦煤,2025-10-14 14:33:24,7.28,27500,7.28,D
sz000983,山西焦煤,2025-10-14 14:33:30,7.29,28800,7.28,U
sz000983,山西焦煤,2025-10-14 14:34:09,7.29,208900,7.29,U
sz000983,山西焦煤,2025-10-14 14:34:15,7.29,26300,7.29,D
sz000983,山西焦煤,2025-10-14 14:34:18,7.28,44300,7.29,D
sz000983,山西焦煤,2025-10-14 14:34:36,7.29,60600,7.29,U
sz000983,山西焦煤,2025-10-14 14:34:54,7.29,50500,7.29,U
sz000983,山西焦煤,2025-10-14 14:35:06,7.28,25700,7.28,D
sz000983,山西焦煤,2025-10-14 14:35:24,7.29,42700,7.28,U
sz000983,山西焦煤,2025-10-14 14:35:42,7.28,88200,7.29,D
sz000983,山西焦煤,2025-10-14 14:35:48,7.27,21000,7.28,D
sz000983,山西焦煤,2025-10-14 14:37:03,7.27,20300,7.28,D
sz000983,山西焦煤,2025-10-14 14:37:06,7.27,23300,7.27,D
sz000983,山西焦煤,2025-10-14 14:37:45,7.27,113100,7.27,D
sz000983,山西焦煤,2025-10-14 14:38:21,7.28,115600,7.27,U
sz000983,山西焦煤,2025-10-14 14:38:24,7.27,21100,7.28,D
sz000983,山西焦煤,2025-10-14 14:38:42,7.27,42300,7.27,D
sz000983,山西焦煤,2025-10-14 14:38:51,7.27,32000,7.27,U
sz000983,山西焦煤,2025-10-14 14:39:03,7.26,33900,7.26,D
sz000983,山西焦煤,2025-10-14 14:39:06,7.27,41200,7.26,U
sz000983,山西焦煤,2025-10-14 14:39:36,7.27,30700,7.27,D
sz000983,山西焦煤,2025-10-14 14:40:27,7.27,21700,7.27,U
sz000983,山西焦煤,2025-10-14 14:41:06,7.27,76100,7.27,U
sz000983,山西焦煤,2025-10-14 14:41:12,7.27,20700,7.26,U
sz000983,山西焦煤,2025-10-14 14:42:00,7.26,22300,7.26,D
sz000983,山西焦煤,2025-10-14 14:42:09,7.26,43000,7.26,D
sz000983,山西焦煤,2025-10-14 14:43:12,7.27,39200,7.27,U
sz000983,山西焦煤,2025-10-14 14:43:18,7.27,23700,7.26,U
sz000983,山西焦煤,2025-10-14 14:43:39,7.26,25500,7.27,D
sz000983,山西焦煤,2025-10-14 14:44:15,7.27,21800,7.27,U
sz000983,山西焦煤,2025-10-14 14:44:39,7.26,25500,7.26,D
sz000983,山西焦煤,2025-10-14 14:44:42,7.26,26200,7.26,D
sz000983,山西焦煤,2025-10-14 14:45:09,7.26,48900,7.27,D
sz000983,山西焦煤,2025-10-14 14:45:54,7.27,105700,7.26,U
sz000983,山西焦煤,2025-10-14 14:46:00,7.27,175900,7.27,U
sz000983,山西焦煤,2025-10-14 14:46:03,7.27,51300,7.27,D
sz000983,山西焦煤,2025-10-14 14:46:09,7.27,21300,7.27,D
sz000983,山西焦煤,2025-10-14 14:46:15,7.27,26600,7.27,U
sz000983,山西焦煤,2025-10-14 14:46:27,7.27,21900,7.27,D
sz000983,山西焦煤,2025-10-14 14:46:39,7.26,27220,7.27,D
sz000983,山西焦煤,2025-10-14 14:47:00,7.26,38300,7.26,D
sz000983,山西焦煤,2025-10-14 14:47:03,7.26,24700,7.26,D
sz000983,山西焦煤,2025-10-14 14:47:15,7.26,162100,7.27,D
sz000983,山西焦煤,2025-10-14 14:47:18,7.27,45200,7.26,U
sz000983,山西焦煤,2025-10-14 14:47:33,7.26,26300,7.27,D
sz000983,山西焦煤,2025-10-14 14:47:51,7.27,21100,7.28,D
sz000983,山西焦煤,2025-10-14 14:47:57,7.26,395620,7.28,D
sz000983,山西焦煤,2025-10-14 14:48:00,7.27,58680,7.26,U
sz000983,山西焦煤,2025-10-14 14:48:12,7.28,35300,7.26,U
sz000983,山西焦煤,2025-10-14 14:48:27,7.28,31400,7.27,U
sz000983,山西焦煤,2025-10-14 14:48:30,7.28,268000,7.28,U
sz000983,山西焦煤,2025-10-14 14:48:51,7.28,44400,7.28,U
sz000983,山西焦煤,2025-10-14 14:48:54,7.28,74700,7.28,U
sz000983,山西焦煤,2025-10-14 14:49:00,7.28,55800,7.28,U
sz000983,山西焦煤,2025-10-14 14:49:03,7.28,83770,7.28,U
sz000983,山西焦煤,2025-10-14 14:49:18,7.28,81300,7.28,D
sz000983,山西焦煤,2025-10-14 14:49:21,7.28,27368,7.28,D
sz000983,山西焦煤,2025-10-14 14:49:24,7.28,24000,7.28,D
sz000983,山西焦煤,2025-10-14 14:49:30,7.29,34300,7.29,U
sz000983,山西焦煤,2025-10-14 14:49:45,7.3,389700,7.29,U
sz000983,山西焦煤,2025-10-14 14:49:51,7.29,25300,7.29,U
sz000983,山西焦煤,2025-10-14 14:50:00,7.29,28200,7.3,D
sz000983,山西焦煤,2025-10-14 14:50:09,7.3,415500,7.3,U
sz000983,山西焦煤,2025-10-14 14:50:12,7.3,40900,7.3,U
sz000983,山西焦煤,2025-10-14 14:50:15,7.3,362900,7.3,U
sz000983,山西焦煤,2025-10-14 14:50:18,7.32,377200,7.3,U
sz000983,山西焦煤,2025-10-14 14:50:27,7.31,299500,7.31,U
sz000983,山西焦煤,2025-10-14 14:50:30,7.31,44700,7.31,U
sz000983,山西焦煤,2025-10-14 14:50:33,7.32,124700,7.31,U
sz000983,山西焦煤,2025-10-14 14:50:36,7.32,126300,7.32,U
sz000983,山西焦煤,2025-10-14 14:50:39,7.31,68200,7.32,D
sz000983,山西焦煤,2025-10-14 14:50:42,7.32,166200,7.31,U
sz000983,山西焦煤,2025-10-14 14:50:45,7.32,28000,7.32,U
sz000983,山西焦煤,2025-10-14 14:51:00,7.33,59900,7.33,U
sz000983,山西焦煤,2025-10-14 14:51:06,7.32,102100,7.32,D
sz000983,山西焦煤,2025-10-14 14:51:09,7.32,152700,7.32,U
sz000983,山西焦煤,2025-10-14 14:51:18,7.32,22700,7.32,U
sz000983,山西焦煤,2025-10-14 14:51:21,7.32,58100,7.32,U
sz000983,山西焦煤,2025-10-14 14:51:24,7.31,23500,7.32,D
sz000983,山西焦煤,2025-10-14 14:51:27,7.31,212100,7.31,D
sz000983,山西焦煤,2025-10-14 14:51:30,7.31,20100,7.31,U
sz000983,山西焦煤,2025-10-14 14:51:36,7.31,70200,7.31,U
sz000983,山西焦煤,2025-10-14 14:51:45,7.31,89100,7.31,D
sz000983,山西焦煤,2025-10-14 14:51:57,7.31,20200,7.32,D
sz000983,山西焦煤,2025-10-14 14:52:00,7.32,20500,7.31,U
sz000983,山西焦煤,2025-10-14 14:52:03,7.32,27000,7.32,U
sz000983,山西焦煤,2025-10-14 14:52:06,7.32,27000,7.32,U
sz000983,山西焦煤,2025-10-14 14:52:09,7.31,49100,7.32,D
sz000983,山西焦煤,2025-10-14 14:52:12,7.32,37500,7.31,U
sz000983,山西焦煤,2025-10-14 14:52:18,7.31,25900,7.32,D
sz000983,山西焦煤,2025-10-14 14:52:24,7.32,34000,7.32,U
sz000983,山西焦煤,2025-10-14 14:52:36,7.32,58700,7.31,U
sz000983,山西焦煤,2025-10-14 14:52:42,7.3,163500,7.31,D
sz000983,山西焦煤,2025-10-14 14:52:48,7.31,27800,7.31,U
sz000983,山西焦煤,2025-10-14 14:52:57,7.31,56200,7.3,U
sz000983,山西焦煤,2025-10-14 14:53:09,7.31,34900,7.32,D
sz000983,山西焦煤,2025-10-14 14:53:15,7.31,23600,7.31,D
sz000983,山西焦煤,2025-10-14 14:53:30,7.32,119900,7.32,U
sz000983,山西焦煤,2025-10-14 14:53:33,7.31,55700,7.32,D
sz000983,山西焦煤,2025-10-14 14:53:36,7.31,22800,7.31,D
sz000983,山西焦煤,2025-10-14 14:53:42,7.31,20800,7.32,D
sz000983,山西焦煤,2025-10-14 14:53:45,7.32,45400,7.31,U
sz000983,山西焦煤,2025-10-14 14:53:48,7.31,24200,7.32,D
sz000983,山西焦煤,2025-10-14 14:53:54,7.32,81200,7.32,U
sz000983,山西焦煤,2025-10-14 14:53:57,7.32,43000,7.32,U
sz000983,山西焦煤,2025-10-14 14:54:03,7.32,240501,7.32,U
sz000983,山西焦煤,2025-10-14 14:54:09,7.32,28600,7.32,D
sz000983,山西焦煤,2025-10-14 14:54:18,7.32,27300,7.32,D
sz000983,山西焦煤,2025-10-14 14:54:24,7.33,35600,7.33,U
sz000983,山西焦煤,2025-10-14 14:54:27,7.32,23900,7.33,D
sz000983,山西焦煤,2025-10-14 14:54:30,7.32,21000,7.32,D
sz000983,山西焦煤,2025-10-14 14:54:39,7.32,333600,7.33,D
sz000983,山西焦煤,2025-10-14 14:54:42,7.33,37500,7.32,U
sz000983,山西焦煤,2025-10-14 14:54:45,7.33,34700,7.33,U
sz000983,山西焦煤,2025-10-14 14:54:48,7.33,34800,7.33,U
sz000983,山西焦煤,2025-10-14 14:54:51,7.33,43000,7.33,U
sz000983,山西焦煤,2025-10-14 14:54:54,7.33,65100,7.33,U
sz000983,山西焦煤,2025-10-14 14:55:06,7.32,56800,7.33,D
sz000983,山西焦煤,2025-10-14 14:55:09,7.33,20600,7.32,U
sz000983,山西焦煤,2025-10-14 14:55:15,7.33,72200,7.33,U
sz000983,山西焦煤,2025-10-14 14:55:18,7.33,26700,7.33,D
sz000983,山西焦煤,2025-10-14 14:55:21,7.34,56400,7.33,U
sz000983,山西焦煤,2025-10-14 14:55:24,7.33,30500,7.34,E
sz000983,山西焦煤,2025-10-14 14:55:27,7.32,44900,7.33,D
sz000983,山西焦煤,2025-10-14 14:55:30,7.33,389600,7.32,U
sz000983,山西焦煤,2025-10-14 14:55:33,7.32,43200,7.33,D
sz000983,山西焦煤,2025-10-14 14:55:36,7.33,70500,7.32,U
sz000983,山西焦煤,2025-10-14 14:55:42,7.33,42700,7.32,U
sz000983,山西焦煤,2025-10-14 14:55:45,7.32,233200,7.33,D
sz000983,山西焦煤,2025-10-14 14:55:48,7.31,120300,7.32,D
sz000983,山西焦煤,2025-10-14 14:55:51,7.32,28700,7.31,U
sz000983,山西焦煤,2025-10-14 14:55:54,7.31,45100,7.32,D
sz000983,山西焦煤,2025-10-14 14:55:57,7.31,21300,7.31,D
sz000983,山西焦煤,2025-10-14 14:56:00,7.31,50900,7.31,D
sz000983,山西焦煤,2025-10-14 14:56:03,7.32,201099,7.31,U
sz000983,山西焦煤,2025-10-14 14:56:06,7.31,32000,7.32,D
sz000983,山西焦煤,2025-10-14 14:56:09,7.31,196300,7.31,U
sz000983,山西焦煤,2025-10-14 14:56:12,7.31,79700,7.31,U
sz000983,山西焦煤,2025-10-14 14:56:15,7.31,22300,7.31,U
sz000983,山西焦煤,2025-10-14 14:56:18,7.31,77300,7.31,U
sz000983,山西焦煤,2025-10-14 14:56:21,7.31,43900,7.31,U
sz000983,山西焦煤,2025-10-14 14:56:24,7.31,37900,7.31,U
sz000983,山西焦煤,2025-10-14 14:56:27,7.31,68600,7.31,U
sz000983,山西焦煤,2025-10-14 14:56:30,7.31,101400,7.31,U
sz000983,山西焦煤,2025-10-14 14:56:33,7.29,365200,7.31,D
sz000983,山西焦煤,2025-10-14 14:56:36,7.29,75900,7.29,D
sz000983,山西焦煤,2025-10-14 14:56:39,7.3,335400,7.29,U
sz000983,山西焦煤,2025-10-14 14:56:42,7.3,26100,7.3,U
sz000983,山西焦煤,2025-10-14 14:56:45,7.29,27500,7.3,D
sz000983,山西焦煤,2025-10-14 14:56:48,7.3,28000,7.29,U
sz000983,山西焦煤,2025-10-14 14:56:57,7.3,32100,7.29,U
sz000983,山西焦煤,2025-10-14 15:00:00,7.3,868500,7.3,E
