symbol,name,ticktime,price,volume,prev_price,kind
sz000983,山西焦煤,2025-10-09 09:25:00,6.96,321800,0.0,D
sz000983,山西焦煤,2025-10-09 09:30:00,6.96,107200,6.96,U
sz000983,山西焦煤,2025-10-09 09:30:03,6.97,329830,6.96,U
sz000983,山西焦煤,2025-10-09 09:30:06,6.97,132600,6.97,U
sz000983,山西焦煤,2025-10-09 09:30:09,6.97,220200,6.97,U
sz000983,山西焦煤,2025-10-09 09:30:12,6.97,30400,6.97,D
sz000983,山西焦煤,2025-10-09 09:30:15,6.98,65600,6.97,U
sz000983,山西焦煤,2025-10-09 09:30:18,6.97,39300,6.98,D
sz000983,山西焦煤,2025-10-09 09:30:27,6.95,43600,6.96,D
sz000983,山西焦煤,2025-10-09 09:30:39,6.96,31900,6.96,U
sz000983,山西焦煤,2025-10-09 09:30:57,6.96,22300,6.96,D
sz000983,山西焦煤,2025-10-09 09:31:06,6.96,25100,6.96,U
sz000983,山西焦煤,2025-10-09 09:31:12,6.95,20300,6.95,D
sz000983,山西焦煤,2025-10-09 09:31:24,6.95,132500,6.96,D
sz000983,山西焦煤,2025-10-09 09:31:30,6.96,41600,6.95,U
sz000983,山西焦煤,2025-10-09 09:31:39,6.94,205870,6.95,D
sz000983,山西焦煤,2025-10-09 09:31:45,6.96,134700,6.94,U
sz000983,山西焦煤,2025-10-09 09:31:51,6.95,41600,6.95,D
sz000983,山西焦煤,2025-10-09 09:31:54,6.95,47000,6.95,E
sz000983,山西焦煤,2025-10-09 09:32:00,6.96,46100,6.96,U
sz000983,山西焦煤,2025-10-09 09:32:03,6.96,36400,6.96,U
sz000983,山西焦煤,2025-10-09 09:32:24,6.95,31600,6.95,D
sz000983,山西焦煤,2025-10-09 09:32:30,6.95,55350,6.95,D
sz000983,山西焦煤,2025-10-09 09:32:33,6.96,20700,6.95,U
sz000983,山西焦煤,2025-10-09 09:32:36,6.95,41000,6.96,D
sz000983,山西焦煤,2025-10-09 09:32:39,6.96,85100,6.95,U
sz000983,山西焦煤,2025-10-09 09:32:42,6.96,115600,6.96,U
sz000983,山西焦煤,2025-10-09 09:32:45,6.97,81600,6.96,U
sz000983,山西焦煤,2025-10-09 09:32:57,6.97,25900,6.96,U
sz000983,山西焦煤,2025-10-09 09:33:06,6.96,58500,6.97,D
sz000983,山西焦煤,2025-10-09 09:33:09,6.98,53500,6.96,U
sz000983,山西焦煤,2025-10-09 09:33:15,6.98,143637,6.98,U
sz000983,山西焦煤,2025-10-09 09:33:21,6.99,70600,6.98,U
sz000983,山西焦煤,2025-10-09 09:33:24,6.98,184300,6.99,D
sz000983,山西焦煤,2025-10-09 09:33:33,7.0,48100,6.99,U
sz000983,山西焦煤,2025-10-09 09:33:36,7.0,26900,7.0,U
sz000983,山西焦煤,2025-10-09 09:33:45,7.0,22300,7.0,U
sz000983,山西焦煤,2025-10-09 09:33:48,7.0,26700,7.0,U
sz000983,山西焦煤,2025-10-09 09:33:54,7.0,52200,6.99,U
sz000983,山西焦煤,2025-10-09 09:34:03,7.0,74800,7.0,U
sz000983,山西焦煤,2025-10-09 09:34:06,7.0,38500,7.0,U
sz000983,山西焦煤,2025-10-09 09:34:12,6.99,23400,7.0,D
sz000983,山西焦煤,2025-10-09 09:34:15,7.0,27800,6.99,U
sz000983,山西焦煤,2025-10-09 09:34:18,7.0,76200,7.0,U
sz000983,山西焦煤,2025-10-09 09:34:21,7.0,184900,7.0,U
sz000983,山西焦煤,2025-10-09 09:34:24,7.0,28500,7.0,D
sz000983,山西焦煤,2025-10-09 09:34:27,7.0,39500,7.0,D
sz000983,山西焦煤,2025-10-09 09:34:33,7.0,29100,7.0,D
sz000983,山西焦煤,2025-10-09 09:34:36,7.0,46800,7.0,D
sz000983,山西焦煤,2025-10-09 09:34:42,7.0,75800,7.0,D
sz000983,山西焦煤,2025-10-09 09:34:48,7.0,57000,7.0,U
sz000983,山西焦煤,2025-10-09 09:34:51,7.0,26600,7.0,D
sz000983,山西焦煤,2025-10-09 09:34:54,7.0,35000,7.0,D
sz000983,山西焦煤,2025-10-09 09:34:57,7.0,24600,7.0,D
sz000983,山西焦煤,2025-10-09 09:35:03,7.01,27800,7.0,U
sz000983,山西焦煤,2025-10-09 09:35:06,7.0,48000,7.01,D
sz000983,山西焦煤,2025-10-09 09:35:12,7.01,61500,7.0,U
sz000983,山西焦煤,2025-10-09 09:35:21,7.01,39600,7.0,U
sz000983,山西焦煤,2025-10-09 09:35:27,7.0,52300,7.01,D
sz000983,山西焦煤,2025-10-09 09:35:30,7.0,93700,7.0,D
sz000983,山西焦煤,2025-10-09 09:35:42,7.0,27100,6.99,U
sz000983,山西焦煤,2025-10-09 09:35:54,6.99,26100,7.0,D
sz000983,山西焦煤,2025-10-09 09:36:00,7.0,27900,7.0,U
sz000983,山西焦煤,2025-10-09 09:36:03,7.0,176500,7.0,U
sz000983,山西焦煤,2025-10-09 09:36:09,7.0,64400,7.0,D
sz000983,山西焦煤,2025-10-09 09:36:12,7.0,33900,7.0,D
sz000983,山西焦煤,2025-10-09 09:36:15,7.0,42000,7.0,D
sz000983,山西焦煤,2025-10-09 09:36:21,7.01,486100,7.01,U
sz000983,山西焦煤,2025-10-09 09:36:45,7.01,114300,7.02,D
sz000983,山西焦煤,2025-10-09 09:36:48,7.01,27300,7.01,D
sz000983,山西焦煤,2025-10-09 09:36:54,7.0,104300,7.01,D
sz000983,山西焦煤,2025-10-09 09:37:00,6.99,239154,7.0,D
sz000983,山西焦煤,2025-10-09 09:37:09,6.99,27400,7.0,D
sz000983,山西焦煤,2025-10-09 09:37:15,6.99,26200,6.99,U
sz000983,山西焦煤,2025-10-09 09:37:30,6.99,217900,6.99,U
sz000983,山西焦煤,2025-10-09 09:37:33,6.99,34900,6.99,U
sz000983,山西焦煤,2025-10-09 09:37:48,6.99,20000,6.99,U
sz000983,山西焦煤,2025-10-09 09:37:54,6.98,21000,6.98,D
sz000983,山西焦煤,2025-10-09 09:37:57,6.99,28900,6.98,U
sz000983,山西焦煤,2025-10-09 09:38:03,6.98,41600,6.98,D
sz000983,山西焦煤,2025-10-09 09:38:09,6.98,46100,6.98,U
sz000983,山西焦煤,2025-10-09 09:38:12,6.98,65000,6.98,U
sz000983,山西焦煤,2025-10-09 09:38:21,6.98,27800,6.98,U
sz000983,山西焦煤,2025-10-09 09:38:24,6.97,32900,6.98,D
sz000983,山西焦煤,2025-10-09 09:38:27,6.97,20000,6.97,D
sz000983,山西焦煤,2025-10-09 09:38:30,6.97,33700,6.97,D
sz000983,山西焦煤,2025-10-09 09:38:39,6.97,20200,6.97,D
sz000983,山西焦煤,2025-10-09 09:38:45,6.97,51200,6.97,D
sz000983,山西焦煤,2025-10-09 09:38:48,6.98,36500,6.97,U
sz000983,山西焦煤,2025-10-09 09:38:51,6.97,50500,6.98,D
sz000983,山西焦煤,2025-10-09 09:39:15,6.97,26700,6.97,D
sz000983,山西焦煤,2025-10-09 09:39:18,6.97,34800,6.97,D
sz000983,山西焦煤,2025-10-09 09:39:30,6.97,33900,6.97,D
sz000983,山西焦煤,2025-10-09 09:39:45,6.98,42400,6.98,U
sz000983,山西焦煤,2025-10-09 09:39:57,6.97,25100,6.98,D
sz000983,山西焦煤,2025-10-09 09:40:06,6.98,20300,6.98,U
sz000983,山西焦煤,2025-10-09 09:40:09,6.98,34900,6.98,U
sz000983,山西焦煤,2025-10-09 09:40:12,6.97,33800,6.98,D
sz000983,山西焦煤,2025-10-09 09:40:24,6.97,32800,6.98,D
sz000983,山西焦煤,2025-10-09 09:40:42,6.97,24900,6.98,D
sz000983,山西焦煤,2025-10-09 09:41:15,6.98,45400,6.98,U
sz000983,山西焦煤,2025-10-09 09:42:09,6.98,24500,6.97,U
sz000983,山西焦煤,2025-10-09 09:42:15,6.97,32600,6.98,D
sz000983,山西焦煤,2025-10-09 09:42:21,6.97,23900,6.98,D
sz000983,山西焦煤,2025-10-09 09:42:27,6.98,109100,6.98,U
sz000983,山西焦煤,2025-10-09 09:42:30,6.98,66500,6.98,U
sz000983,山西焦煤,2025-10-09 09:42:33,6.98,23400,6.98,U
sz000983,山西焦煤,2025-10-09 09:42:36,6.98,34900,6.98,D
sz000983,山西焦煤,2025-10-09 09:42:39,6.99,29100,6.98,U
sz000983,山西焦煤,2025-10-09 09:42:54,6.99,129600,6.99,U
sz000983,山西焦煤,2025-10-09 09:42:57,6.99,26800,6.99,D
sz000983,山西焦煤,2025-10-09 09:43:00,7.0,45500,6.99,U
sz000983,山西焦煤,2025-10-09 09:43:06,7.0,22200,6.99,U
sz000983,山西焦煤,2025-10-09 09:43:24,7.0,118100,6.99,U
sz000983,山西焦煤,2025-10-09 09:43:27,6.99,58100,7.0,D
sz000983,山西焦煤,2025-10-09 09:43:36,7.01,390500,6.99,U
sz000983,山西焦煤,2025-10-09 09:43:48,7.01,23300,7.01,D
sz000983,山西焦煤,2025-10-09 09:43:57,7.01,78100,7.01,U
sz000983,山西焦煤,2025-10-09 09:44:00,7.01,58500,7.01,U
sz000983,山西焦煤,2025-10-09 09:44:06,7.01,28100,7.01,D
sz000983,山西焦煤,2025-10-09 09:44:12,7.01,31200,7.01,D
sz000983,山西焦煤,2025-10-09 09:44:18,7.01,74000,7.01,U
sz000983,山西焦煤,2025-10-09 09:44:24,7.0,31300,7.01,D
sz000983,山西焦煤,2025-10-09 09:44:36,7.0,25200,6.99,U
sz000983,山西焦煤,2025-10-09 09:44:42,6.99,52400,6.99,D
sz000983,山西焦煤,2025-10-09 09:44:45,6.99,20100,6.99,U
sz000983,山西焦煤,2025-10-09 09:45:06,7.0,52700,6.99,U
sz000983,山西焦煤,2025-10-09 09:45:09,7.0,32200,7.0,U
sz000983,山西焦煤,2025-10-09 09:45:48,7.02,721634,7.0,U
sz000983,山西焦煤,2025-10-09 09:45:51,7.02,32600,7.02,D
sz000983,山西焦煤,2025-10-09 09:45:54,7.01,33700,7.02,D
sz000983,山西焦煤,2025-10-09 09:46:00,7.01,63100,7.01,U
sz000983,山西焦煤,2025-10-09 09:46:06,7.01,123300,7.01,U
sz000983,山西焦煤,2025-10-09 09:46:12,7.0,61900,7.01,D
sz000983,山西焦煤,2025-10-09 09:46:18,7.01,29000,7.01,U
sz000983,山西焦煤,2025-10-09 09:46:24,7.0,23300,7.01,D
sz000983,山西焦煤,2025-10-09 09:46:57,6.99,34700,6.99,D
sz000983,山西焦煤,2025-10-09 09:47:36,7.0,35600,7.0,U
sz000983,山西焦煤,2025-10-09 09:47:42,6.99,21100,6.99,D
sz000983,山西焦煤,2025-10-09 09:47:51,7.0,23900,7.0,U
sz000983,山西焦煤,2025-10-09 09:48:36,6.99,33800,6.99,D
sz000983,山西焦煤,2025-10-09 09:49:03,6.99,336999,7.0,D
sz000983,山西焦煤,2025-10-09 09:49:18,6.99,76600,6.98,U
sz000983,山西焦煤,2025-10-09 09:49:42,6.99,80600,6.99,D
sz000983,山西焦煤,2025-10-09 09:50:00,6.99,24900,7.0,D
sz000983,山西焦煤,2025-10-09 09:50:03,6.99,27100,6.99,D
sz000983,山西焦煤,2025-10-09 09:51:09,6.99,29100,6.99,D
sz000983,山西焦煤,2025-10-09 09:51:12,7.0,26200,6.99,U
sz000983,山西焦煤,2025-10-09 09:51:18,6.99,57000,6.98,D
sz000983,山西焦煤,2025-10-09 09:51:21,6.99,28000,6.99,D
sz000983,山西焦煤,2025-10-09 09:51:27,6.99,29200,6.99,D
sz000983,山西焦煤,2025-10-09 09:51:33,7.0,191000,7.0,U
sz000983,山西焦煤,2025-10-09 09:51:36,6.99,22800,7.0,D
sz000983,山西焦煤,2025-10-09 09:51:57,7.0,29700,7.0,U
sz000983,山西焦煤,2025-10-09 09:52:00,6.99,24700,7.0,D
sz000983,山西焦煤,2025-10-09 09:52:15,7.0,26100,6.99,U
sz000983,山西焦煤,2025-10-09 09:52:30,6.99,23500,6.99,D
sz000983,山西焦煤,2025-10-09 09:53:03,6.99,91300,6.99,D
sz000983,山西焦煤,2025-10-09 09:53:12,6.99,149500,6.98,U
sz000983,山西焦煤,2025-10-09 09:53:24,6.99,31100,6.99,D
sz000983,山西焦煤,2025-10-09 09:53:33,6.99,54000,6.99,U
sz000983,山西焦煤,2025-10-09 09:54:21,7.0,565501,7.0,U
sz000983,山西焦煤,2025-10-09 09:54:27,7.01,242400,7.0,U
sz000983,山西焦煤,2025-10-09 09:54:42,7.02,27800,7.01,U
sz000983,山西焦煤,2025-10-09 09:54:57,7.02,83000,7.01,U
sz000983,山西焦煤,2025-10-09 09:55:15,7.01,47800,7.01,U
sz000983,山西焦煤,2025-10-09 09:55:36,7.0,21900,7.01,D
sz000983,山西焦煤,2025-10-09 09:56:45,7.01,20000,7.01,U
sz000983,山西焦煤,2025-10-09 09:57:21,7.02,164500,7.01,U
sz000983,山西焦煤,2025-10-09 09:57:54,7.02,96100,7.01,U
sz000983,山西焦煤,2025-10-09 09:57:57,7.01,20000,7.02,D
sz000983,山西焦煤,2025-10-09 09:58:09,7.02,21800,7.02,U
sz000983,山西焦煤,2025-10-09 09:58:48,7.02,21300,7.02,U
sz000983,山西焦煤,2025-10-09 09:58:51,7.02,58800,7.02,U
sz000983,山西焦煤,2025-10-09 09:58:54,7.01,36200,7.02,D
sz000983,山西焦煤,2025-10-09 09:59:09,7.02,21900,7.02,U
sz000983,山西焦煤,2025-10-09 09:59:15,7.01,165700,7.02,D
sz000983,山西焦煤,2025-10-09 09:59:51,7.01,27300,7.01,D
sz000983,山西焦煤,2025-10-09 10:00:09,7.01,64400,7.01,U
sz000983,山西焦煤,2025-10-09 10:00:12,7.02,35100,7.01,U
sz000983,山西焦煤,2025-10-09 10:00:18,7.01,190700,7.01,D
sz000983,山西焦煤,2025-10-09 10:00:42,7.01,38000,7.0,U
sz000983,山西焦煤,2025-10-09 10:00:54,7.0,50600,7.0,D
sz000983,山西焦煤,2025-10-09 10:01:12,7.0,45400,7.0,D
sz000983,山西焦煤,2025-10-09 10:01:15,7.0,33800,7.0,D
sz000983,山西焦煤,2025-10-09 10:01:18,7.0,167399,7.0,D
sz000983,山西焦煤,2025-10-09 10:01:33,6.99,28700,6.99,D
sz000983,山西焦煤,2025-10-09 10:01:39,7.0,31800,6.99,U
sz000983,山西焦煤,2025-10-09 10:01:57,6.99,46800,7.0,D
sz000983,山西焦煤,2025-10-09 10:02:03,6.99,148800,6.99,D
sz000983,山西焦煤,2025-10-09 10:02:36,6.98,267600,6.99,D
sz000983,山西焦煤,2025-10-09 10:02:45,6.99,114400,6.98,U
sz000983,山西焦煤,2025-10-09 10:02:54,6.99,23300,6.98,U
sz000983,山西焦煤,2025-10-09 10:03:24,6.99,88300,6.99,U
sz000983,山西焦煤,2025-10-09 10:04:48,7.01,685001,6.99,U
sz000983,山西焦煤,2025-10-09 10:06:09,7.01,25200,7.0,U
sz000983,山西焦煤,2025-10-09 10:06:48,7.01,181000,7.0,U
sz000983,山西焦煤,2025-10-09 10:06:51,7.01,299400,7.01,D
sz000983,山西焦煤,2025-10-09 10:06:57,7.01,26200,7.0,U
sz000983,山西焦煤,2025-10-09 10:07:03,7.01,33500,7.0,U
sz000983,山西焦煤,2025-10-09 10:07:12,7.0,37900,7.01,D
sz000983,山西焦煤,2025-10-09 10:07:18,7.01,29600,7.0,U
sz000983,山西焦煤,2025-10-09 10:07:30,7.01,48100,7.0,U
sz000983,山西焦煤,2025-10-09 10:07:57,7.01,21500,7.01,D
sz000983,山西焦煤,2025-10-09 10:08:18,7.01,71200,7.01,U
sz000983,山西焦煤,2025-10-09 10:08:39,7.01,30700,7.01,D
sz000983,山西焦煤,2025-10-09 10:09:21,7.01,47000,7.01,D
sz000983,山西焦煤,2025-10-09 10:09:30,7.03,797700,7.01,U
sz000983,山西焦煤,2025-10-09 10:09:33,7.03,25400,7.03,U
sz000983,山西焦煤,2025-10-09 10:09:57,7.03,32000,7.03,U
sz000983,山西焦煤,2025-10-09 10:10:18,7.03,24100,7.02,U
sz000983,山西焦煤,2025-10-09 10:11:42,7.02,21300,7.03,D
sz000983,山西焦煤,2025-10-09 10:12:09,7.03,38600,7.02,U
sz000983,山西焦煤,2025-10-09 10:12:24,7.03,30000,7.02,U
sz000983,山西焦煤,2025-10-09 10:12:30,7.04,285700,7.03,U
sz000983,山西焦煤,2025-10-09 10:12:39,7.03,21600,7.03,D
sz000983,山西焦煤,2025-10-09 10:12:51,7.03,32100,7.04,D
sz000983,山西焦煤,2025-10-09 10:12:57,7.04,58000,7.04,U
sz000983,山西焦煤,2025-10-09 10:13:12,7.04,44400,7.03,U
sz000983,山西焦煤,2025-10-09 10:13:27,7.04,38500,7.04,U
sz000983,山西焦煤,2025-10-09 10:13:30,7.05,780000,7.04,U
sz000983,山西焦煤,2025-10-09 10:14:03,7.05,23800,7.04,U
sz000983,山西焦煤,2025-10-09 10:14:06,7.05,20500,7.05,U
sz000983,山西焦煤,2025-10-09 10:14:18,7.05,40800,7.04,U
sz000983,山西焦煤,2025-10-09 10:14:33,7.05,37400,7.05,U
sz000983,山西焦煤,2025-10-09 10:14:48,7.03,390291,7.04,D
sz000983,山西焦煤,2025-10-09 10:14:51,7.03,30900,7.03,D
sz000983,山西焦煤,2025-10-09 10:15:03,7.04,35000,7.04,U
sz000983,山西焦煤,2025-10-09 10:15:48,7.02,161709,7.03,D
sz000983,山西焦煤,2025-10-09 10:16:03,7.02,20000,7.03,D
sz000983,山西焦煤,2025-10-09 10:16:09,7.03,65300,7.02,U
sz000983,山西焦煤,2025-10-09 10:16:12,7.03,471100,7.03,U
sz000983,山西焦煤,2025-10-09 10:16:15,7.03,41600,7.03,D
sz000983,山西焦煤,2025-10-09 10:16:18,7.04,33000,7.03,U
sz000983,山西焦煤,2025-10-09 10:16:27,7.03,103000,7.04,D
sz000983,山西焦煤,2025-10-09 10:16:48,7.04,40200,7.04,U
sz000983,山西焦煤,2025-10-09 10:17:21,7.03,151000,7.04,D
sz000983,山西焦煤,2025-10-09 10:19:12,7.03,61000,7.03,U
sz000983,山西焦煤,2025-10-09 10:19:42,7.03,21000,7.02,U
sz000983,山西焦煤,2025-10-09 10:20:30,7.01,116000,7.02,D
sz000983,山西焦煤,2025-10-09 10:21:30,7.01,64900,7.02,D
sz000983,山西焦煤,2025-10-09 10:21:45,7.02,24300,7.01,U
sz000983,山西焦煤,2025-10-09 10:21:54,7.01,50500,7.01,D
sz000983,山西焦煤,2025-10-09 10:21:57,7.02,80200,7.01,U
sz000983,山西焦煤,2025-10-09 10:22:03,7.02,27000,7.01,U
sz000983,山西焦煤,2025-10-09 10:22:45,7.01,67100,7.01,D
sz000983,山西焦煤,2025-10-09 10:23:12,7.02,28800,7.02,U
sz000983,山西焦煤,2025-10-09 10:24:15,7.01,44400,7.02,D
sz000983,山西焦煤,2025-10-09 10:25:03,7.01,53200,7.02,D
sz000983,山西焦煤,2025-10-09 10:25:57,7.0,472110,7.01,D
sz000983,山西焦煤,2025-10-09 10:26:03,7.01,28000,7.01,U
sz000983,山西焦煤,2025-10-09 10:26:12,7.01,28000,7.0,U
sz000983,山西焦煤,2025-10-09 10:26:45,7.0,36100,7.0,D
sz000983,山西焦煤,2025-10-09 10:28:36,7.01,32800,7.0,U
sz000983,山西焦煤,2025-10-09 10:29:12,7.0,97000,7.01,D
sz000983,山西焦煤,2025-10-09 10:29:30,7.01,42500,7.01,U
sz000983,山西焦煤,2025-10-09 10:30:03,7.01,83600,7.01,U
sz000983,山西焦煤,2025-10-09 10:30:42,7.02,26500,7.01,U
sz000983,山西焦煤,2025-10-09 10:31:03,7.02,31200,7.02,U
sz000983,山西焦煤,2025-10-09 10:31:36,7.01,158600,7.01,D
sz000983,山西焦煤,2025-10-09 10:32:24,7.0,39000,7.01,D
sz000983,山西焦煤,2025-10-09 10:32:39,7.01,50000,7.0,U
sz000983,山西焦煤,2025-10-09 10:32:57,7.01,41100,7.01,U
sz000983,山西焦煤,2025-10-09 10:33:15,7.01,33300,7.01,U
sz000983,山西焦煤,2025-10-09 10:33:39,7.0,167200,7.01,D
sz000983,山西焦煤,2025-10-09 10:34:06,7.01,47100,7.01,U
sz000983,山西焦煤,2025-10-09 10:38:27,7.02,52900,7.02,U
sz000983,山西焦煤,2025-10-09 10:38:51,7.02,54900,7.02,U
sz000983,山西焦煤,2025-10-09 10:38:54,7.02,42000,7.02,U
sz000983,山西焦煤,2025-10-09 10:41:39,7.01,75000,7.01,D
sz000983,山西焦煤,2025-10-09 10:41:48,7.01,26800,7.01,D
sz000983,山西焦煤,2025-10-09 10:42:42,7.01,50400,7.02,D
sz000983,山西焦煤,2025-10-09 10:42:48,7.02,29300,7.02,U
sz000983,山西焦煤,2025-10-09 10:43:27,7.01,25200,7.02,D
sz000983,山西焦煤,2025-10-09 10:44:30,7.02,22800,7.02,U
sz000983,山西焦煤,2025-10-09 10:45:30,7.02,26400,7.01,U
sz000983,山西焦煤,2025-10-09 10:46:18,7.01,37000,7.02,D
sz000983,山西焦煤,2025-10-09 10:47:06,7.01,104100,7.02,D
sz000983,山西焦煤,2025-10-09 10:47:12,7.02,37300,7.02,U
sz000983,山西焦煤,2025-10-09 10:47:15,7.02,20000,7.02,U
sz000983,山西焦煤,2025-10-09 10:47:18,7.02,26600,7.02,U
sz000983,山西焦煤,2025-10-09 10:48:24,7.02,55500,7.02,U
sz000983,山西焦煤,2025-10-09 10:48:30,7.02,33000,7.02,U
sz000983,山西焦煤,2025-10-09 10:49:09,7.02,32400,7.02,U
sz000983,山西焦煤,2025-10-09 10:49:18,7.02,22400,7.02,U
sz000983,山西焦煤,2025-10-09 10:49:30,7.03,29300,7.02,U
sz000983,山西焦煤,2025-10-09 10:50:03,7.01,36900,7.02,D
sz000983,山西焦煤,2025-10-09 10:50:09,7.02,35300,7.02,U
sz000983,山西焦煤,2025-10-09 10:50:15,7.02,32500,7.01,U
sz000983,山西焦煤,2025-10-09 10:50:21,7.01,21900,7.01,D
sz000983,山西焦煤,2025-10-09 10:51:27,7.01,22100,7.02,D
sz000983,山西焦煤,2025-10-09 10:51:39,7.02,311300,7.01,U
sz000983,山西焦煤,2025-10-09 10:52:00,7.01,22000,7.01,D
sz000983,山西焦煤,2025-10-09 10:52:06,7.01,25600,7.01,D
sz000983,山西焦煤,2025-10-09 10:52:18,7.01,82800,7.02,D
sz000983,山西焦煤,2025-10-09 10:52:24,7.01,25600,7.01,D
sz000983,山西焦煤,2025-10-09 10:53:06,7.02,26600,7.02,U
sz000983,山西焦煤,2025-10-09 10:53:39,7.01,23600,7.02,D
sz000983,山西焦煤,2025-10-09 10:54:18,7.02,20600,7.02,U
sz000983,山西焦煤,2025-10-09 10:54:21,7.01,20000,7.02,D
sz000983,山西焦煤,2025-10-09 10:54:30,7.02,25700,7.02,U
sz000983,山西焦煤,2025-10-09 10:54:54,7.02,20600,7.02,U
sz000983,山西焦煤,2025-10-09 10:56:15,7.02,135100,7.02,U
sz000983,山西焦煤,2025-10-09 10:56:24,7.03,121990,7.02,U
sz000983,山西焦煤,2025-10-09 10:56:30,7.02,75800,7.02,D
sz000983,山西焦煤,2025-10-09 10:56:42,7.02,41700,7.03,D
sz000983,山西焦煤,2025-10-09 10:57:30,7.03,30200,7.03,U
sz000983,山西焦煤,2025-10-09 10:57:33,7.02,26700,7.03,D
sz000983,山西焦煤,2025-10-09 10:57:39,7.01,31500,7.02,D
sz000983,山西焦煤,2025-10-09 10:58:00,7.01,20900,7.02,D
sz000983,山西焦煤,2025-10-09 10:58:15,7.01,109400,7.02,D
sz000983,山西焦煤,2025-10-09 10:58:24,7.02,59100,7.02,U
sz000983,山西焦煤,2025-10-09 10:58:27,7.02,29400,7.02,U
sz000983,山西焦煤,2025-10-09 10:58:30,7.02,20100,7.02,U
sz000983,山西焦煤,2025-10-09 10:59:45,7.01,28800,7.01,D
sz000983,山西焦煤,2025-10-09 11:03:39,7.02,50800,7.02,U
sz000983,山西焦煤,2025-10-09 11:03:45,7.01,35600,7.01,D
sz000983,山西焦煤,2025-10-09 11:04:21,7.01,21600,7.01,D
sz000983,山西焦煤,2025-10-09 11:06:48,7.01,20900,7.01,D
sz000983,山西焦煤,2025-10-09 11:08:33,7.02,74600,7.01,U
sz000983,山西焦煤,2025-10-09 11:08:36,7.01,28100,7.02,D
sz000983,山西焦煤,2025-10-09 11:08:39,7.02,47300,7.01,U
sz000983,山西焦煤,2025-10-09 11:08:45,7.01,24000,7.01,D
sz000983,山西焦煤,2025-10-09 11:08:48,7.02,26900,7.01,U
sz000983,山西焦煤,2025-10-09 11:09:15,7.02,86700,7.02,U
sz000983,山西焦煤,2025-10-09 11:09:21,7.02,54500,7.02,U
sz000983,山西焦煤,2025-10-09 11:09:30,7.02,44600,7.02,U
sz000983,山西焦煤,2025-10-09 11:09:45,7.01,20600,7.02,D
sz000983,山西焦煤,2025-10-09 11:10:03,7.02,21400,7.02,U
sz000983,山西焦煤,2025-10-09 11:10:06,7.02,27200,7.02,U
sz000983,山西焦煤,2025-10-09 11:10:18,7.02,104124,7.02,U
sz000983,山西焦煤,2025-10-09 11:10:30,7.03,133100,7.02,U
sz000983,山西焦煤,2025-10-09 11:12:06,7.03,23900,7.02,U
sz000983,山西焦煤,2025-10-09 11:12:18,7.03,31100,7.02,U
sz000983,山西焦煤,2025-10-09 11:12:24,7.02,39600,7.03,D
sz000983,山西焦煤,2025-10-09 11:12:48,7.02,33900,7.03,D
sz000983,山西焦煤,2025-10-09 11:13:03,7.02,119100,7.03,D
sz000983,山西焦煤,2025-10-09 11:15:03,7.01,29100,7.01,D
sz000983,山西焦煤,2025-10-09 11:15:09,7.01,401400,7.01,D
sz000983,山西焦煤,2025-10-09 11:15:15,7.01,108500,7.02,D
sz000983,山西焦煤,2025-10-09 11:15:18,7.02,90040,7.01,U
sz000983,山西焦煤,2025-10-09 11:16:15,7.01,32300,7.01,D
sz000983,山西焦煤,2025-10-09 11:17:39,7.02,116000,7.01,U
sz000983,山西焦煤,2025-10-09 11:17:42,7.02,48300,7.02,U
sz000983,山西焦煤,2025-10-09 11:17:45,7.02,23100,7.02,D
sz000983,山西焦煤,2025-10-09 11:18:03,7.02,25100,7.02,U
sz000983,山西焦煤,2025-10-09 11:21:06,7.02,33900,7.03,D
sz000983,山西焦煤,2025-10-09 11:21:45,7.02,30100,7.02,D
sz000983,山西焦煤,2025-10-09 11:22:03,7.02,28000,7.02,D
sz000983,山西焦煤,2025-10-09 11:22:06,7.02,30600,7.02,D
sz000983,山西焦煤,2025-10-09 11:22:45,7.02,39800,7.02,D
sz000983,山西焦煤,2025-10-09 11:22:51,7.02,24700,7.02,D
sz000983,山西焦煤,2025-10-09 11:23:33,7.01,39700,7.02,D
sz000983,山西焦煤,2025-10-09 11:23:42,7.01,23500,7.01,D
sz000983,山西焦煤,2025-10-09 11:25:30,7.02,20000,7.02,U
sz000983,山西焦煤,2025-10-09 11:25:33,7.02,47200,7.02,U
sz000983,山西焦煤,2025-10-09 11:25:36,7.02,22800,7.02,U
sz000983,山西焦煤,2025-10-09 11:26:00,7.03,26800,7.02,U
sz000983,山西焦煤,2025-10-09 11:26:03,7.01,126100,7.03,D
sz000983,山西焦煤,2025-10-09 11:26:06,7.01,25200,7.01,D
sz000983,山西焦煤,2025-10-09 11:26:15,7.03,150200,7.02,U
sz000983,山西焦煤,2025-10-09 11:26:21,7.02,57100,7.03,D
sz000983,山西焦煤,2025-10-09 11:26:27,7.02,34100,7.02,D
sz000983,山西焦煤,2025-10-09 11:26:33,7.02,26700,7.02,D
sz000983,山西焦煤,2025-10-09 11:26:39,7.02,26100,7.02,D
sz000983,山西焦煤,2025-10-09 11:27:33,7.03,56300,7.03,U
sz000983,山西焦煤,2025-10-09 11:27:42,7.02,39900,7.02,D
sz000983,山西焦煤,2025-10-09 11:27:45,7.02,32200,7.02,D
sz000983,山西焦煤,2025-10-09 11:27:48,7.02,25100,7.02,D
sz000983,山西焦煤,2025-10-09 11:29:15,7.02,25300,7.03,D
sz000983,山西焦煤,2025-10-09 13:00:00,7.02,53200,7.02,D
sz000983,山西焦煤,2025-10-09 13:00:03,7.02,431900,7.02,D
sz000983,山西焦煤,2025-10-09 13:00:06,7.03,46570,7.02,U
sz000983,山西焦煤,2025-10-09 13:00:24,7.04,22600,7.04,U
sz000983,山西焦煤,2025-10-09 13:00:27,7.03,93330,7.04,D
sz000983,山西焦煤,2025-10-09 13:01:00,7.03,34100,7.03,U
sz000983,山西焦煤,2025-10-09 13:01:27,7.05,526000,7.04,U
sz000983,山西焦煤,2025-10-09 13:01:39,7.04,47953,7.04,D
sz000983,山西焦煤,2025-10-09 13:01:51,7.04,71000,7.05,D
sz000983,山西焦煤,2025-10-09 13:02:33,7.05,20900,7.04,U
sz000983,山西焦煤,2025-10-09 13:02:42,7.04,51300,7.05,D
sz000983,山西焦煤,2025-10-09 13:02:45,7.04,49447,7.04,D
sz000983,山西焦煤,2025-10-09 13:04:12,7.05,131500,7.04,U
sz000983,山西焦煤,2025-10-09 13:04:27,7.04,139900,7.04,D
sz000983,山西焦煤,2025-10-09 13:04:36,7.04,49300,7.04,D
sz000983,山西焦煤,2025-10-09 13:05:03,7.05,111900,7.05,U
sz000983,山西焦煤,2025-10-09 13:05:18,7.05,20600,7.04,U
sz000983,山西焦煤,2025-10-09 13:05:21,7.05,117800,7.05,U
sz000983,山西焦煤,2025-10-09 13:05:24,7.05,67000,7.05,U
sz000983,山西焦煤,2025-10-09 13:05:27,7.04,374000,7.05,D
sz000983,山西焦煤,2025-10-09 13:06:03,7.05,419650,7.04,U
sz000983,山西焦煤,2025-10-09 13:06:36,7.05,41550,7.05,U
sz000983,山西焦煤,2025-10-09 13:06:48,7.05,23600,7.05,U
sz000983,山西焦煤,2025-10-09 13:07:03,7.05,27300,7.05,U
sz000983,山西焦煤,2025-10-09 13:07:42,7.05,21400,7.05,U
sz000983,山西焦煤,2025-10-09 13:08:12,7.05,28200,7.05,D
sz000983,山西焦煤,2025-10-09 13:08:39,7.04,217900,7.05,D
sz000983,山西焦煤,2025-10-09 13:08:42,7.05,38200,7.04,U
sz000983,山西焦煤,2025-10-09 13:09:39,7.05,29700,7.04,U
sz000983,山西焦煤,2025-10-09 13:10:03,7.05,201800,7.04,U
sz000983,山西焦煤,2025-10-09 13:10:15,7.05,20500,7.05,U
sz000983,山西焦煤,2025-10-09 13:10:18,7.05,30400,7.05,U
sz000983,山西焦煤,2025-10-09 13:10:24,7.06,22400,7.05,U
sz000983,山西焦煤,2025-10-09 13:10:45,7.05,26700,7.05,D
sz000983,山西焦煤,2025-10-09 13:10:48,7.05,38200,7.05,U
sz000983,山西焦煤,2025-10-09 13:10:51,7.05,32700,7.05,U
sz000983,山西焦煤,2025-10-09 13:11:03,7.05,21600,7.05,U
sz000983,山西焦煤,2025-10-09 13:11:18,7.05,27000,7.05,D
sz000983,山西焦煤,2025-10-09 13:11:51,7.05,31900,7.05,U
sz000983,山西焦煤,2025-10-09 13:11:54,7.05,34800,7.05,U
sz000983,山西焦煤,2025-10-09 13:11:57,7.05,26300,7.05,U
sz000983,山西焦煤,2025-10-09 13:12:39,7.04,21500,7.05,D
sz000983,山西焦煤,2025-10-09 13:12:51,7.05,43100,7.05,U
sz000983,山西焦煤,2025-10-09 13:13:24,7.04,21000,7.05,D
sz000983,山西焦煤,2025-10-09 13:13:54,7.04,59100,7.05,D
sz000983,山西焦煤,2025-10-09 13:14:03,7.05,71800,7.04,U
sz000983,山西焦煤,2025-10-09 13:14:21,7.04,30200,7.04,U
sz000983,山西焦煤,2025-10-09 13:15:03,7.03,28600,7.03,D
sz000983,山西焦煤,2025-10-09 13:16:33,7.03,33500,7.03,D
sz000983,山西焦煤,2025-10-09 13:17:54,7.03,26400,7.03,D
sz000983,山西焦煤,2025-10-09 13:18:03,7.04,184500,7.04,U
sz000983,山西焦煤,2025-10-09 13:18:06,7.05,51400,7.04,U
sz000983,山西焦煤,2025-10-09 13:18:48,7.05,20700,7.04,U
sz000983,山西焦煤,2025-10-09 13:19:15,7.04,107300,7.04,D
sz000983,山西焦煤,2025-10-09 13:19:36,7.05,60600,7.05,U
sz000983,山西焦煤,2025-10-09 13:19:39,7.04,28800,7.05,D
sz000983,山西焦煤,2025-10-09 13:20:18,7.04,132900,7.04,D
sz000983,山西焦煤,2025-10-09 13:20:21,7.04,30000,7.04,D
sz000983,山西焦煤,2025-10-09 13:20:27,7.05,63400,7.05,U
sz000983,山西焦煤,2025-10-09 13:20:33,7.05,32100,7.05,U
sz000983,山西焦煤,2025-10-09 13:20:36,7.05,27900,7.05,U
sz000983,山西焦煤,2025-10-09 13:20:39,7.05,786300,7.05,U
sz000983,山西焦煤,2025-10-09 13:20:54,7.05,20500,7.06,D
sz000983,山西焦煤,2025-10-09 13:21:06,7.05,32800,7.06,D
sz000983,山西焦煤,2025-10-09 13:21:12,7.06,39900,7.05,U
sz000983,山西焦煤,2025-10-09 13:21:15,7.06,113500,7.06,U
sz000983,山西焦煤,2025-10-09 13:21:18,7.06,97700,7.06,U
sz000983,山西焦煤,2025-10-09 13:21:21,7.07,656650,7.06,U
sz000983,山西焦煤,2025-10-09 13:21:24,7.07,141800,7.07,U
sz000983,山西焦煤,2025-10-09 13:21:27,7.07,37900,7.07,U
sz000983,山西焦煤,2025-10-09 13:21:54,7.07,61500,7.07,U
sz000983,山西焦煤,2025-10-09 13:21:57,7.07,36000,7.07,U
sz000983,山西焦煤,2025-10-09 13:22:03,7.07,38000,7.07,U
sz000983,山西焦煤,2025-10-09 13:22:06,7.07,39600,7.07,U
sz000983,山西焦煤,2025-10-09 13:22:15,7.08,55900,7.07,U
sz000983,山西焦煤,2025-10-09 13:22:24,7.08,67000,7.08,U
sz000983,山西焦煤,2025-10-09 13:22:30,7.07,49700,7.08,D
sz000983,山西焦煤,2025-10-09 13:22:33,7.07,22800,7.07,D
sz000983,山西焦煤,2025-10-09 13:22:36,7.07,28500,7.07,D
sz000983,山西焦煤,2025-10-09 13:22:39,7.08,85100,7.07,U
sz000983,山西焦煤,2025-10-09 13:22:42,7.08,22700,7.08,U
sz000983,山西焦煤,2025-10-09 13:23:06,7.08,100600,7.07,U
sz000983,山西焦煤,2025-10-09 13:24:12,7.08,150200,7.07,U
sz000983,山西焦煤,2025-10-09 13:24:18,7.09,237700,7.07,U
sz000983,山西焦煤,2025-10-09 13:24:27,7.09,46300,7.08,U
sz000983,山西焦煤,2025-10-09 13:24:39,7.08,44800,7.09,D
sz000983,山西焦煤,2025-10-09 13:24:48,7.09,23300,7.09,U
sz000983,山西焦煤,2025-10-09 13:25:00,7.09,27600,7.09,U
sz000983,山西焦煤,2025-10-09 13:25:09,7.1,325200,7.08,U
sz000983,山西焦煤,2025-10-09 13:25:12,7.1,21100,7.1,U
sz000983,山西焦煤,2025-10-09 13:25:18,7.09,52200,7.1,D
sz000983,山西焦煤,2025-10-09 13:25:27,7.09,35600,7.1,D
sz000983,山西焦煤,2025-10-09 13:25:30,7.1,20800,7.09,U
sz000983,山西焦煤,2025-10-09 13:25:33,7.1,49700,7.1,U
sz000983,山西焦煤,2025-10-09 13:25:36,7.1,147900,7.1,U
sz000983,山西焦煤,2025-10-09 13:25:39,7.1,48700,7.1,U
sz000983,山西焦煤,2025-10-09 13:25:51,7.1,42100,7.1,U
sz000983,山西焦煤,2025-10-09 13:25:57,7.1,57500,7.1,U
sz000983,山西焦煤,2025-10-09 13:26:03,7.09,26900,7.1,D
sz000983,山西焦煤,2025-10-09 13:26:06,7.1,31300,7.09,U
sz000983,山西焦煤,2025-10-09 13:26:12,7.09,34300,7.1,D
sz000983,山西焦煤,2025-10-09 13:26:15,7.09,39900,7.09,D
sz000983,山西焦煤,2025-10-09 13:26:33,7.1,31200,7.1,U
sz000983,山西焦煤,2025-10-09 13:26:36,7.09,53100,7.1,D
sz000983,山西焦煤,2025-10-09 13:26:42,7.09,45100,7.09,D
sz000983,山西焦煤,2025-10-09 13:27:15,7.08,26300,7.09,D
sz000983,山西焦煤,2025-10-09 13:27:24,7.08,52500,7.08,D
sz000983,山西焦煤,2025-10-09 13:27:27,7.08,20200,7.08,D
sz000983,山西焦煤,2025-10-09 13:28:36,7.09,21700,7.09,U
sz000983,山西焦煤,2025-10-09 13:28:39,7.09,240800,7.09,U
sz000983,山西焦煤,2025-10-09 13:28:42,7.09,99800,7.09,U
sz000983,山西焦煤,2025-10-09 13:28:45,7.1,144300,7.09,U
sz000983,山西焦煤,2025-10-09 13:28:48,7.09,30300,7.1,D
sz000983,山西焦煤,2025-10-09 13:28:51,7.1,54100,7.09,U
sz000983,山西焦煤,2025-10-09 13:28:54,7.1,26400,7.1,U
sz000983,山西焦煤,2025-10-09 13:29:06,7.09,21700,7.1,D
sz000983,山西焦煤,2025-10-09 13:29:09,7.1,103100,7.09,U
sz000983,山西焦煤,2025-10-09 13:29:24,7.09,26100,7.1,D
sz000983,山西焦煤,2025-10-09 13:29:30,7.1,20200,7.09,U
sz000983,山西焦煤,2025-10-09 13:29:39,7.09,23400,7.09,D
sz000983,山西焦煤,2025-10-09 13:30:57,7.11,480500,7.1,U
sz000983,山西焦煤,2025-10-09 13:31:00,7.1,96800,7.11,D
sz000983,山西焦煤,2025-10-09 13:31:03,7.1,26800,7.1,D
sz000983,山西焦煤,2025-10-09 13:31:06,7.11,36400,7.1,U
sz000983,山西焦煤,2025-10-09 13:31:12,7.11,23200,7.1,U
sz000983,山西焦煤,2025-10-09 13:31:27,7.11,66800,7.1,U
sz000983,山西焦煤,2025-10-09 13:31:57,7.1,44600,7.1,D
sz000983,山西焦煤,2025-10-09 13:32:03,7.1,76400,7.1,D
sz000983,山西焦煤,2025-10-09 13:32:36,7.1,26600,7.1,D
sz000983,山西焦煤,2025-10-09 13:32:39,7.1,20000,7.1,U
sz000983,山西焦煤,2025-10-09 13:34:12,7.09,210800,7.1,D
sz000983,山西焦煤,2025-10-09 13:34:15,7.08,137000,7.09,D
sz000983,山西焦煤,2025-10-09 13:34:45,7.08,43100,7.09,D
sz000983,山西焦煤,2025-10-09 13:35:09,7.08,36000,7.09,D
sz000983,山西焦煤,2025-10-09 13:37:21,7.09,88100,7.09,U
sz000983,山西焦煤,2025-10-09 13:37:51,7.09,27100,7.09,U
sz000983,山西焦煤,2025-10-09 13:38:42,7.09,120500,7.08,U
sz000983,山西焦煤,2025-10-09 13:39:18,7.09,78900,7.09,U
sz000983,山西焦煤,2025-10-09 13:40:03,7.1,32500,7.09,U
sz000983,山西焦煤,2025-10-09 13:40:27,7.09,46400,7.1,D
sz000983,山西焦煤,2025-10-09 13:41:18,7.09,29300,7.09,U
sz000983,山西焦煤,2025-10-09 13:41:21,7.09,29700,7.09,U
sz000983,山西焦煤,2025-10-09 13:41:27,7.09,23300,7.09,D
sz000983,山西焦煤,2025-10-09 13:41:33,7.1,21900,7.09,U
sz000983,山西焦煤,2025-10-09 13:42:12,7.1,76700,7.1,U
sz000983,山西焦煤,2025-10-09 13:44:57,7.1,26000,7.09,U
sz000983,山西焦煤,2025-10-09 13:45:21,7.1,33200,7.1,U
sz000983,山西焦煤,2025-10-09 13:45:48,7.09,97500,7.09,D
sz000983,山西焦煤,2025-10-09 13:48:30,7.08,33200,7.09,D
sz000983,山西焦煤,2025-10-09 13:49:18,7.08,21900,7.09,D
sz000983,山西焦煤,2025-10-09 13:50:42,7.08,20000,7.08,D
sz000983,山西焦煤,2025-10-09 13:51:57,7.09,23000,7.08,U
sz000983,山西焦煤,2025-10-09 13:54:12,7.09,29100,7.08,U
sz000983,山西焦煤,2025-10-09 13:59:03,7.09,60400,7.08,U
sz000983,山西焦煤,2025-10-09 13:59:06,7.09,298100,7.09,U
sz000983,山西焦煤,2025-10-09 13:59:48,7.1,30100,7.1,U
sz000983,山西焦煤,2025-10-09 13:59:57,7.1,47000,7.09,U
sz000983,山西焦煤,2025-10-09 14:00:06,7.09,24400,7.1,D
sz000983,山西焦煤,2025-10-09 14:00:09,7.09,37300,7.09,D
sz000983,山西焦煤,2025-10-09 14:00:12,7.1,510500,7.09,U
sz000983,山西焦煤,2025-10-09 14:00:39,7.11,50200,7.11,U
sz000983,山西焦煤,2025-10-09 14:00:48,7.1,41200,7.1,D
sz000983,山西焦煤,2025-10-09 14:01:33,7.1,28200,7.11,D
sz000983,山西焦煤,2025-10-09 14:01:36,7.11,22400,7.1,U
sz000983,山西焦煤,2025-10-09 14:02:30,7.11,32500,7.11,U
sz000983,山西焦煤,2025-10-09 14:03:51,7.11,47200,7.11,U
sz000983,山西焦煤,2025-10-09 14:04:33,7.12,630066,7.11,U
sz000983,山西焦煤,2025-10-09 14:04:36,7.12,47900,7.12,U
sz000983,山西焦煤,2025-10-09 14:04:51,7.12,39600,7.11,U
sz000983,山西焦煤,2025-10-09 14:05:06,7.11,29000,7.12,D
sz000983,山西焦煤,2025-10-09 14:05:36,7.12,20400,7.11,U
sz000983,山西焦煤,2025-10-09 14:06:15,7.12,33500,7.12,U
sz000983,山西焦煤,2025-10-09 14:06:18,7.12,20200,7.12,U
sz000983,山西焦煤,2025-10-09 14:06:48,7.11,22000,7.12,D
sz000983,山西焦煤,2025-10-09 14:06:57,7.12,35400,7.11,U
sz000983,山西焦煤,2025-10-09 14:07:03,7.12,23800,7.11,U
sz000983,山西焦煤,2025-10-09 14:07:27,7.11,20400,7.12,D
sz000983,山西焦煤,2025-10-09 14:08:09,7.12,50300,7.12,U
sz000983,山西焦煤,2025-10-09 14:08:12,7.12,24600,7.12,U
sz000983,山西焦煤,2025-10-09 14:09:39,7.12,46200,7.12,U
sz000983,山西焦煤,2025-10-09 14:09:51,7.13,478880,7.12,U
sz000983,山西焦煤,2025-10-09 14:10:15,7.12,33800,7.13,D
sz000983,山西焦煤,2025-10-09 14:10:18,7.13,55400,7.12,U
sz000983,山西焦煤,2025-10-09 14:10:30,7.13,21400,7.13,U
sz000983,山西焦煤,2025-10-09 14:10:36,7.13,33900,7.13,U
sz000983,山西焦煤,2025-10-09 14:10:45,7.13,169068,7.13,U
sz000983,山西焦煤,2025-10-09 14:11:12,7.13,25900,7.14,D
sz000983,山西焦煤,2025-10-09 14:11:18,7.14,49700,7.14,U
sz000983,山西焦煤,2025-10-09 14:11:21,7.13,100900,7.14,D
sz000983,山西焦煤,2025-10-09 14:11:36,7.14,96700,7.14,U
sz000983,山西焦煤,2025-10-09 14:11:48,7.14,28600,7.14,U
sz000983,山西焦煤,2025-10-09 14:11:54,7.14,58400,7.14,U
sz000983,山西焦煤,2025-10-09 14:12:03,7.14,46800,7.14,U
sz000983,山西焦煤,2025-10-09 14:12:06,7.13,21800,7.14,D
sz000983,山西焦煤,2025-10-09 14:12:09,7.13,21200,7.13,D
sz000983,山西焦煤,2025-10-09 14:13:03,7.14,20600,7.13,U
sz000983,山西焦煤,2025-10-09 14:13:27,7.14,49100,7.13,U
sz000983,山西焦煤,2025-10-09 14:14:15,7.14,74000,7.14,U
sz000983,山西焦煤,2025-10-09 14:14:21,7.14,20600,7.14,U
sz000983,山西焦煤,2025-10-09 14:14:33,7.14,22500,7.13,U
sz000983,山西焦煤,2025-10-09 14:15:18,7.14,32700,7.13,U
sz000983,山西焦煤,2025-10-09 14:16:00,7.13,22900,7.13,D
sz000983,山西焦煤,2025-10-09 14:17:48,7.13,21000,7.14,D
sz000983,山西焦煤,2025-10-09 14:18:12,7.13,38100,7.14,D
sz000983,山西焦煤,2025-10-09 14:18:54,7.14,44200,7.14,U
sz000983,山西焦煤,2025-10-09 14:18:57,7.14,24100,7.14,U
sz000983,山西焦煤,2025-10-09 14:19:03,7.14,26200,7.14,U
sz000983,山西焦煤,2025-10-09 14:19:06,7.15,127560,7.14,U
sz000983,山西焦煤,2025-10-09 14:19:30,7.15,20900,7.14,U
sz000983,山西焦煤,2025-10-09 14:19:39,7.14,22700,7.15,D
sz000983,山西焦煤,2025-10-09 14:19:45,7.15,21100,7.15,U
sz000983,山西焦煤,2025-10-09 14:20:09,7.15,30300,7.15,U
sz000983,山西焦煤,2025-10-09 14:20:21,7.14,33300,7.15,D
sz000983,山西焦煤,2025-10-09 14:20:45,7.15,99600,7.14,U
sz000983,山西焦煤,2025-10-09 14:20:48,7.15,42800,7.15,U
sz000983,山西焦煤,2025-10-09 14:20:51,7.15,22600,7.15,U
sz000983,山西焦煤,2025-10-09 14:20:54,7.16,680600,7.15,U
sz000983,山西焦煤,2025-10-09 14:21:06,7.16,88100,7.15,U
sz000983,山西焦煤,2025-10-09 14:21:12,7.16,29300,7.16,U
sz000983,山西焦煤,2025-10-09 14:21:18,7.15,40300,7.16,D
sz000983,山西焦煤,2025-10-09 14:21:21,7.15,46900,7.15,D
sz000983,山西焦煤,2025-10-09 14:21:27,7.15,38500,7.15,U
sz000983,山西焦煤,2025-10-09 14:21:42,7.15,32600,7.15,U
sz000983,山西焦煤,2025-10-09 14:21:51,7.15,34400,7.15,U
sz000983,山西焦煤,2025-10-09 14:22:00,7.15,24300,7.15,U
sz000983,山西焦煤,2025-10-09 14:22:06,7.15,32800,7.15,U
sz000983,山西焦煤,2025-10-09 14:23:06,7.15,58100,7.15,U
sz000983,山西焦煤,2025-10-09 14:23:42,7.14,140200,7.15,D
sz000983,山西焦煤,2025-10-09 14:23:45,7.13,279840,7.14,D
sz000983,山西焦煤,2025-10-09 14:24:09,7.13,20900,7.13,D
sz000983,山西焦煤,2025-10-09 14:24:24,7.13,55000,7.13,D
sz000983,山西焦煤,2025-10-09 14:24:33,7.13,23400,7.14,D
sz000983,山西焦煤,2025-10-09 14:24:36,7.14,55400,7.13,U
sz000983,山西焦煤,2025-10-09 14:24:57,7.15,28100,7.15,U
sz000983,山西焦煤,2025-10-09 14:25:00,7.15,25300,7.15,U
sz000983,山西焦煤,2025-10-09 14:25:06,7.15,83800,7.15,U
sz000983,山西焦煤,2025-10-09 14:25:09,7.14,89600,7.15,D
sz000983,山西焦煤,2025-10-09 14:25:18,7.14,39500,7.14,D
sz000983,山西焦煤,2025-10-09 14:25:21,7.15,109000,7.14,U
sz000983,山西焦煤,2025-10-09 14:25:24,7.15,84200,7.15,U
sz000983,山西焦煤,2025-10-09 14:25:27,7.15,52200,7.15,U
sz000983,山西焦煤,2025-10-09 14:25:30,7.15,35200,7.15,D
sz000983,山西焦煤,2025-10-09 14:25:36,7.16,43600,7.15,U
sz000983,山西焦煤,2025-10-09 14:25:51,7.15,62200,7.15,D
sz000983,山西焦煤,2025-10-09 14:25:54,7.15,31300,7.15,D
sz000983,山西焦煤,2025-10-09 14:26:03,7.15,21600,7.15,D
sz000983,山西焦煤,2025-10-09 14:26:06,7.16,34300,7.15,U
sz000983,山西焦煤,2025-10-09 14:26:09,7.15,67800,7.16,D
sz000983,山西焦煤,2025-10-09 14:26:12,7.16,22200,7.15,U
sz000983,山西焦煤,2025-10-09 14:26:15,7.16,366900,7.16,U
sz000983,山西焦煤,2025-10-09 14:26:18,7.16,48200,7.16,U
sz000983,山西焦煤,2025-10-09 14:26:21,7.18,699500,7.16,U
sz000983,山西焦煤,2025-10-09 14:26:33,7.17,48400,7.18,D
sz000983,山西焦煤,2025-10-09 14:26:36,7.17,76300,7.17,D
sz000983,山西焦煤,2025-10-09 14:26:39,7.17,29500,7.17,D
sz000983,山西焦煤,2025-10-09 14:26:42,7.17,23500,7.17,D
sz000983,山西焦煤,2025-10-09 14:26:48,7.17,26200,7.17,U
sz000983,山西焦煤,2025-10-09 14:26:51,7.17,24600,7.17,U
sz000983,山西焦煤,2025-10-09 14:26:54,7.17,33600,7.17,U
sz000983,山西焦煤,2025-10-09 14:27:00,7.17,160200,7.17,U
sz000983,山西焦煤,2025-10-09 14:27:09,7.17,38300,7.17,U
sz000983,山西焦煤,2025-10-09 14:27:18,7.17,37200,7.18,D
sz000983,山西焦煤,2025-10-09 14:27:27,7.17,102200,7.17,D
sz000983,山西焦煤,2025-10-09 14:27:33,7.17,37400,7.17,D
sz000983,山西焦煤,2025-10-09 14:27:36,7.18,103700,7.17,U
sz000983,山西焦煤,2025-10-09 14:27:57,7.17,45000,7.18,D
sz000983,山西焦煤,2025-10-09 14:28:15,7.18,83500,7.17,U
sz000983,山西焦煤,2025-10-09 14:28:21,7.17,30500,7.18,D
sz000983,山西焦煤,2025-10-09 14:28:24,7.18,41000,7.17,U
sz000983,山西焦煤,2025-10-09 14:28:30,7.18,41666,7.18,U
sz000983,山西焦煤,2025-10-09 14:28:39,7.18,93600,7.18,U
sz000983,山西焦煤,2025-10-09 14:28:42,7.17,27200,7.18,D
sz000983,山西焦煤,2025-10-09 14:28:51,7.18,30000,7.18,U
sz000983,山西焦煤,2025-10-09 14:28:54,7.18,47500,7.18,U
sz000983,山西焦煤,2025-10-09 14:29:12,7.18,23500,7.17,U
sz000983,山西焦煤,2025-10-09 14:29:54,7.17,37700,7.18,D
sz000983,山西焦煤,2025-10-09 14:30:03,7.17,61900,7.17,D
sz000983,山西焦煤,2025-10-09 14:30:12,7.17,33700,7.17,D
sz000983,山西焦煤,2025-10-09 14:30:18,7.17,64734,7.17,D
sz000983,山西焦煤,2025-10-09 14:30:24,7.17,39500,7.17,U
sz000983,山西焦煤,2025-10-09 14:30:27,7.18,28000,7.17,U
sz000983,山西焦煤,2025-10-09 14:30:39,7.17,42300,7.17,D
sz000983,山西焦煤,2025-10-09 14:30:42,7.17,37000,7.17,D
sz000983,山西焦煤,2025-10-09 14:30:48,7.17,49500,7.17,D
sz000983,山西焦煤,2025-10-09 14:30:51,7.17,24200,7.17,U
sz000983,山西焦煤,2025-10-09 14:30:54,7.17,26100,7.17,U
sz000983,山西焦煤,2025-10-09 14:31:00,7.17,112700,7.17,U
sz000983,山西焦煤,2025-10-09 14:31:30,7.17,39300,7.17,D
sz000983,山西焦煤,2025-10-09 14:31:54,7.17,21130,7.18,D
sz000983,山西焦煤,2025-10-09 14:32:03,7.18,28800,7.17,U
sz000983,山西焦煤,2025-10-09 14:32:06,7.18,32700,7.18,U
sz000983,山西焦煤,2025-10-09 14:32:15,7.18,21300,7.18,U
sz000983,山西焦煤,2025-10-09 14:33:03,7.17,22600,7.18,D
sz000983,山西焦煤,2025-10-09 14:33:09,7.18,76400,7.17,U
sz000983,山西焦煤,2025-10-09 14:33:12,7.18,31400,7.18,U
sz000983,山西焦煤,2025-10-09 14:33:18,7.18,23200,7.17,U
sz000983,山西焦煤,2025-10-09 14:33:21,7.18,64900,7.18,U
sz000983,山西焦煤,2025-10-09 14:33:27,7.18,72900,7.18,U
sz000983,山西焦煤,2025-10-09 14:33:30,7.18,76600,7.18,U
sz000983,山西焦煤,2025-10-09 14:33:33,7.19,959266,7.18,U
sz000983,山西焦煤,2025-10-09 14:33:36,7.19,64100,7.19,U
sz000983,山西焦煤,2025-10-09 14:33:39,7.19,39400,7.19,U
sz000983,山西焦煤,2025-10-09 14:33:42,7.19,128700,7.19,U
sz000983,山西焦煤,2025-10-09 14:33:48,7.19,28900,7.19,U
sz000983,山西焦煤,2025-10-09 14:33:57,7.19,68800,7.19,U
sz000983,山西焦煤,2025-10-09 14:34:00,7.19,30500,7.19,U
sz000983,山西焦煤,2025-10-09 14:34:06,7.19,125900,7.19,U
sz000983,山西焦煤,2025-10-09 14:34:21,7.2,21900,7.2,U
sz000983,山西焦煤,2025-10-09 14:34:27,7.19,29800,7.19,D
sz000983,山西焦煤,2025-10-09 14:34:39,7.2,56300,7.2,U
sz000983,山西焦煤,2025-10-09 14:34:42,7.2,91500,7.2,U
sz000983,山西焦煤,2025-10-09 14:34:45,7.2,38700,7.2,U
sz000983,山西焦煤,2025-10-09 14:35:06,7.2,61700,7.2,U
sz000983,山西焦煤,2025-10-09 14:35:09,7.2,63300,7.2,U
sz000983,山西焦煤,2025-10-09 14:35:15,7.2,34600,7.19,U
sz000983,山西焦煤,2025-10-09 14:35:30,7.2,29000,7.2,U
sz000983,山西焦煤,2025-10-09 14:35:48,7.2,58900,7.19,U
sz000983,山西焦煤,2025-10-09 14:35:51,7.2,107200,7.2,U
sz000983,山西焦煤,2025-10-09 14:35:54,7.2,32300,7.2,U
sz000983,山西焦煤,2025-10-09 14:36:00,7.2,57100,7.2,U
sz000983,山西焦煤,2025-10-09 14:36:03,7.2,25100,7.2,U
sz000983,山西焦煤,2025-10-09 14:36:33,7.2,32600,7.2,U
sz000983,山西焦煤,2025-10-09 14:36:42,7.2,46400,7.2,U
sz000983,山西焦煤,2025-10-09 14:36:45,7.2,40200,7.2,U
sz000983,山西焦煤,2025-10-09 14:37:03,7.19,38700,7.2,D
sz000983,山西焦煤,2025-10-09 14:37:21,7.2,41700,7.19,U
sz000983,山西焦煤,2025-10-09 14:38:21,7.2,36000,7.2,U
sz000983,山西焦煤,2025-10-09 14:38:48,7.19,53200,7.19,D
sz000983,山西焦煤,2025-10-09 14:38:51,7.2,46100,7.19,U
sz000983,山西焦煤,2025-10-09 14:39:09,7.2,37500,7.19,U
sz000983,山西焦煤,2025-10-09 14:39:51,7.2,57700,7.2,U
sz000983,山西焦煤,2025-10-09 14:39:57,7.2,30600,7.19,U
sz000983,山西焦煤,2025-10-09 14:40:00,7.18,301700,7.2,D
sz000983,山西焦煤,2025-10-09 14:40:06,7.19,28500,7.18,U
sz000983,山西焦煤,2025-10-09 14:40:15,7.19,104200,7.18,U
sz000983,山西焦煤,2025-10-09 14:40:18,7.19,43400,7.19,U
sz000983,山西焦煤,2025-10-09 14:40:21,7.19,34200,7.19,U
sz000983,山西焦煤,2025-10-09 14:40:27,7.18,35800,7.18,D
sz000983,山西焦煤,2025-10-09 14:40:30,7.19,93600,7.18,U
sz000983,山西焦煤,2025-10-09 14:40:33,7.19,34600,7.19,U
sz000983,山西焦煤,2025-10-09 14:40:36,7.19,23900,7.19,D
sz000983,山西焦煤,2025-10-09 14:40:39,7.19,27100,7.19,D
sz000983,山西焦煤,2025-10-09 14:40:54,7.19,51400,7.19,D
sz000983,山西焦煤,2025-10-09 14:41:15,7.19,33100,7.19,E
sz000983,山西焦煤,2025-10-09 14:41:27,7.19,43900,7.19,D
sz000983,山西焦煤,2025-10-09 14:41:30,7.19,39100,7.19,U
sz000983,山西焦煤,2025-10-09 14:41:33,7.19,20800,7.19,E
sz000983,山西焦煤,2025-10-09 14:41:45,7.19,506500,7.19,U
sz000983,山西焦煤,2025-10-09 14:41:48,7.19,34100,7.19,U
sz000983,山西焦煤,2025-10-09 14:41:54,7.19,138700,7.19,U
sz000983,山西焦煤,2025-10-09 14:41:57,7.19,22300,7.19,U
sz000983,山西焦煤,2025-10-09 14:42:03,7.2,42300,7.19,U
sz000983,山西焦煤,2025-10-09 14:42:06,7.2,87300,7.2,U
sz000983,山西焦煤,2025-10-09 14:42:12,7.2,20000,7.2,U
sz000983,山西焦煤,2025-10-09 14:42:15,7.2,35700,7.2,U
sz000983,山西焦煤,2025-10-09 14:42:27,7.2,32600,7.19,U
sz000983,山西焦煤,2025-10-09 14:42:33,7.2,20700,7.19,U
sz000983,山西焦煤,2025-10-09 14:42:45,7.19,67200,7.19,D
sz000983,山西焦煤,2025-10-09 14:42:48,7.19,21100,7.19,U
sz000983,山西焦煤,2025-10-09 14:43:00,7.19,43700,7.18,U
sz000983,山西焦煤,2025-10-09 14:43:03,7.19,149600,7.19,U
sz000983,山西焦煤,2025-10-09 14:43:06,7.18,26600,7.19,D
sz000983,山西焦煤,2025-10-09 14:43:12,7.19,74900,7.19,U
sz000983,山西焦煤,2025-10-09 14:43:15,7.19,34000,7.19,U
sz000983,山西焦煤,2025-10-09 14:43:18,7.19,49300,7.19,U
sz000983,山西焦煤,2025-10-09 14:43:27,7.19,36800,7.19,U
sz000983,山西焦煤,2025-10-09 14:43:39,7.19,66100,7.19,U
sz000983,山西焦煤,2025-10-09 14:43:51,7.19,207900,7.18,U
sz000983,山西焦煤,2025-10-09 14:43:54,7.19,48700,7.19,D
sz000983,山西焦煤,2025-10-09 14:43:57,7.18,58000,7.19,D
sz000983,山西焦煤,2025-10-09 14:44:03,7.2,88900,7.19,U
sz000983,山西焦煤,2025-10-09 14:44:06,7.19,94900,7.2,D
sz000983,山西焦煤,2025-10-09 14:44:12,7.2,56600,7.19,U
sz000983,山西焦煤,2025-10-09 14:44:27,7.2,34700,7.2,U
sz000983,山西焦煤,2025-10-09 14:44:30,7.2,23500,7.2,U
sz000983,山西焦煤,2025-10-09 14:44:33,7.19,24900,7.2,D
sz000983,山西焦煤,2025-10-09 14:44:36,7.2,21700,7.19,U
sz000983,山西焦煤,2025-10-09 14:44:42,7.2,35300,7.2,U
sz000983,山西焦煤,2025-10-09 14:44:45,7.2,30800,7.2,U
sz000983,山西焦煤,2025-10-09 14:44:48,7.2,24600,7.2,U
sz000983,山西焦煤,2025-10-09 14:45:06,7.2,26000,7.2,U
sz000983,山西焦煤,2025-10-09 14:45:09,7.19,20200,7.2,D
sz000983,山西焦煤,2025-10-09 14:45:15,7.2,21900,7.2,U
sz000983,山西焦煤,2025-10-09 14:45:39,7.19,72100,7.2,D
sz000983,山西焦煤,2025-10-09 14:45:57,7.2,30000,7.2,U
sz000983,山西焦煤,2025-10-09 14:46:00,7.2,22800,7.2,U
sz000983,山西焦煤,2025-10-09 14:46:03,7.2,20100,7.2,U
sz000983,山西焦煤,2025-10-09 14:46:06,7.2,37400,7.2,U
sz000983,山西焦煤,2025-10-09 14:46:09,7.2,31100,7.2,U
sz000983,山西焦煤,2025-10-09 14:46:18,7.2,98700,7.2,U
sz000983,山西焦煤,2025-10-09 14:46:21,7.19,26000,7.2,D
sz000983,山西焦煤,2025-10-09 14:46:24,7.2,39900,7.19,U
sz000983,山西焦煤,2025-10-09 14:46:27,7.2,390530,7.2,U
sz000983,山西焦煤,2025-10-09 14:46:30,7.2,20700,7.2,D
sz000983,山西焦煤,2025-10-09 14:46:42,7.21,21000,7.2,U
sz000983,山西焦煤,2025-10-09 14:46:45,7.2,46100,7.21,D
sz000983,山西焦煤,2025-10-09 14:46:48,7.2,24600,7.2,D
sz000983,山西焦煤,2025-10-09 14:46:57,7.2,50800,7.2,D
sz000983,山西焦煤,2025-10-09 14:47:03,7.2,26500,7.2,D
sz000983,山西焦煤,2025-10-09 14:47:15,7.2,29900,7.2,D
sz000983,山西焦煤,2025-10-09 14:47:33,7.21,53700,7.2,U
sz000983,山西焦煤,2025-10-09 14:47:36,7.21,27800,7.21,U
sz000983,山西焦煤,2025-10-09 14:48:03,7.2,36100,7.2,D
sz000983,山西焦煤,2025-10-09 14:48:06,7.21,30600,7.2,U
sz000983,山西焦煤,2025-10-09 14:48:21,7.21,25900,7.2,U
sz000983,山西焦煤,2025-10-09 14:48:27,7.2,38100,7.21,D
sz000983,山西焦煤,2025-10-09 14:48:30,7.21,34200,7.2,U
sz000983,山西焦煤,2025-10-09 14:48:33,7.2,107300,7.21,D
sz000983,山西焦煤,2025-10-09 14:48:39,7.21,103600,7.2,U
sz000983,山西焦煤,2025-10-09 14:48:51,7.2,50300,7.2,D
sz000983,山西焦煤,2025-10-09 14:49:00,7.2,25400,7.2,D
sz000983,山西焦煤,2025-10-09 14:49:03,7.2,31200,7.2,D
sz000983,山西焦煤,2025-10-09 14:49:12,7.2,43800,7.21,D
sz000983,山西焦煤,2025-10-09 14:49:15,7.21,37000,7.2,U
sz000983,山西焦煤,2025-10-09 14:49:18,7.21,23491,7.21,U
sz000983,山西焦煤,2025-10-09 14:49:24,7.21,37800,7.2,U
sz000983,山西焦煤,2025-10-09 14:49:36,7.21,27600,7.2,U
sz000983,山西焦煤,2025-10-09 14:49:39,7.2,21600,7.21,D
sz000983,山西焦煤,2025-10-09 14:49:57,7.21,37000,7.21,U
sz000983,山西焦煤,2025-10-09 14:50:03,7.21,153200,7.2,U
sz000983,山西焦煤,2025-10-09 14:50:12,7.2,162009,7.2,D
sz000983,山西焦煤,2025-10-09 14:50:15,7.19,33600,7.2,D
sz000983,山西焦煤,2025-10-09 14:50:18,7.2,51000,7.19,U
sz000983,山西焦煤,2025-10-09 14:50:21,7.2,23800,7.2,U
sz000983,山西焦煤,2025-10-09 14:50:24,7.2,36100,7.2,U
sz000983,山西焦煤,2025-10-09 14:50:30,7.2,34500,7.2,U
sz000983,山西焦煤,2025-10-09 14:50:33,7.2,49900,7.2,U
sz000983,山西焦煤,2025-10-09 14:50:48,7.2,23000,7.2,U
sz000983,山西焦煤,2025-10-09 14:50:54,7.2,116400,7.2,U
sz000983,山西焦煤,2025-10-09 14:50:57,7.2,32300,7.2,U
sz000983,山西焦煤,2025-10-09 14:51:03,7.2,93200,7.2,U
sz000983,山西焦煤,2025-10-09 14:51:06,7.2,55800,7.2,U
sz000983,山西焦煤,2025-10-09 14:51:09,7.2,41200,7.2,U
sz000983,山西焦煤,2025-10-09 14:51:15,7.2,77400,7.2,D
sz000983,山西焦煤,2025-10-09 14:51:24,7.2,29200,7.2,D
sz000983,山西焦煤,2025-10-09 14:51:33,7.21,23900,7.2,U
sz000983,山西焦煤,2025-10-09 14:51:39,7.21,49100,7.21,U
sz000983,山西焦煤,2025-10-09 14:51:57,7.2,30800,7.2,D
sz000983,山西焦煤,2025-10-09 14:52:03,7.21,29300,7.2,U
sz000983,山西焦煤,2025-10-09 14:52:06,7.2,32100,7.21,D
sz000983,山西焦煤,2025-10-09 14:52:12,7.2,23700,7.21,D
sz000983,山西焦煤,2025-10-09 14:52:15,7.2,28300,7.2,D
sz000983,山西焦煤,2025-10-09 14:52:39,7.21,20300,7.21,U
sz000983,山西焦煤,2025-10-09 14:52:42,7.21,58400,7.21,U
sz000983,山西焦煤,2025-10-09 14:53:03,7.21,27200,7.21,U
sz000983,山西焦煤,2025-10-09 14:53:06,7.2,43200,7.21,D
sz000983,山西焦煤,2025-10-09 14:53:09,7.2,51700,7.2,D
sz000983,山西焦煤,2025-10-09 14:53:18,7.2,31300,7.2,D
sz000983,山西焦煤,2025-10-09 14:53:21,7.2,377800,7.2,D
sz000983,山西焦煤,2025-10-09 14:53:24,7.19,20300,7.2,D
sz000983,山西焦煤,2025-10-09 14:53:27,7.19,26900,7.19,D
sz000983,山西焦煤,2025-10-09 14:53:36,7.21,21900,7.21,U
sz000983,山西焦煤,2025-10-09 14:53:39,7.2,23400,7.21,D
sz000983,山西焦煤,2025-10-09 14:53:51,7.2,63300,7.21,D
sz000983,山西焦煤,2025-10-09 14:54:00,7.21,34600,7.21,U
sz000983,山西焦煤,2025-10-09 14:54:03,7.21,45100,7.21,U
sz000983,山西焦煤,2025-10-09 14:54:06,7.2,58100,7.21,E
sz000983,山西焦煤,2025-10-09 14:54:09,7.2,37800,7.2,U
sz000983,山西焦煤,2025-10-09 14:54:12,7.2,22600,7.2,U
sz000983,山西焦煤,2025-10-09 14:54:21,7.2,47500,7.2,E
sz000983,山西焦煤,2025-10-09 14:54:24,7.2,79300,7.2,U
sz000983,山西焦煤,2025-10-09 14:54:30,7.2,61400,7.2,U
sz000983,山西焦煤,2025-10-09 14:54:33,7.2,194700,7.2,U
sz000983,山西焦煤,2025-10-09 14:54:39,7.2,38900,7.19,U
sz000983,山西焦煤,2025-10-09 14:54:51,7.2,23400,7.2,D
sz000983,山西焦煤,2025-10-09 14:54:54,7.21,20300,7.2,U
sz000983,山西焦煤,2025-10-09 14:54:57,7.2,27000,7.21,D
sz000983,山西焦煤,2025-10-09 14:55:03,7.2,22900,7.21,D
sz000983,山西焦煤,2025-10-09 14:55:06,7.2,46200,7.2,D
sz000983,山西焦煤,2025-10-09 14:55:09,7.2,77300,7.2,D
sz000983,山西焦煤,2025-10-09 14:55:36,7.21,44000,7.21,U
sz000983,山西焦煤,2025-10-09 14:55:39,7.21,26400,7.21,U
sz000983,山西焦煤,2025-10-09 14:55:48,7.21,23100,7.21,U
sz000983,山西焦煤,2025-10-09 14:55:54,7.2,111500,7.2,D
sz000983,山西焦煤,2025-10-09 14:56:03,7.21,65500,7.2,U
sz000983,山西焦煤,2025-10-09 14:56:06,7.2,50200,7.21,D
sz000983,山西焦煤,2025-10-09 14:56:09,7.21,25400,7.2,U
sz000983,山西焦煤,2025-10-09 14:56:18,7.2,32500,7.2,D
sz000983,山西焦煤,2025-10-09 14:56:21,7.21,26300,7.2,U
sz000983,山西焦煤,2025-10-09 14:56:24,7.21,22300,7.21,U
sz000983,山西焦煤,2025-10-09 14:56:27,7.21,27569,7.21,U
sz000983,山西焦煤,2025-10-09 14:56:33,7.21,32300,7.21,U
sz000983,山西焦煤,2025-10-09 14:56:39,7.21,30800,7.21,U
sz000983,山西焦煤,2025-10-09 14:56:42,7.21,115600,7.21,U
sz000983,山西焦煤,2025-10-09 14:56:45,7.2,40300,7.21,D
sz000983,山西焦煤,2025-10-09 14:56:48,7.2,30400,7.2,D
sz000983,山西焦煤,2025-10-09 14:56:51,7.21,68500,7.2,U
sz000983,山西焦煤,2025-10-09 15:00:00,7.19,1444500,7.2,E
