symbol,name,ticktime,price,volume,prev_price,kind
sz000983,山西焦煤,2025-10-17 09:25:00,7.39,871900,0.0,U
sz000983,山西焦煤,2025-10-17 09:30:00,7.39,126500,7.39,D
sz000983,山西焦煤,2025-10-17 09:30:03,7.39,860630,7.39,U
sz000983,山西焦煤,2025-10-17 09:30:06,7.39,204700,7.39,D
sz000983,山西焦煤,2025-10-17 09:30:09,7.39,21400,7.39,U
sz000983,山西焦煤,2025-10-17 09:30:15,7.38,27900,7.39,D
sz000983,山西焦煤,2025-10-17 09:30:18,7.37,113970,7.38,D
sz000983,山西焦煤,2025-10-17 09:30:21,7.36,74430,7.37,D
sz000983,山西焦煤,2025-10-17 09:30:24,7.36,45200,7.36,D
sz000983,山西焦煤,2025-10-17 09:30:27,7.36,88900,7.36,D
sz000983,山西焦煤,2025-10-17 09:30:30,7.36,87700,7.36,D
sz000983,山西焦煤,2025-10-17 09:30:33,7.36,45800,7.36,D
sz000983,山西焦煤,2025-10-17 09:30:36,7.36,78500,7.36,D
sz000983,山西焦煤,2025-10-17 09:30:39,7.37,150900,7.36,U
sz000983,山西焦煤,2025-10-17 09:30:51,7.37,148172,7.37,U
sz000983,山西焦煤,2025-10-17 09:30:54,7.37,47100,7.37,D
sz000983,山西焦煤,2025-10-17 09:30:57,7.37,151300,7.37,D
sz000983,山西焦煤,2025-10-17 09:31:00,7.37,62200,7.37,D
sz000983,山西焦煤,2025-10-17 09:31:03,7.38,137100,7.37,U
sz000983,山西焦煤,2025-10-17 09:31:06,7.38,391300,7.38,U
sz000983,山西焦煤,2025-10-17 09:31:09,7.37,83700,7.38,D
sz000983,山西焦煤,2025-10-17 09:31:12,7.38,202100,7.37,U
sz000983,山西焦煤,2025-10-17 09:31:15,7.38,24000,7.38,D
sz000983,山西焦煤,2025-10-17 09:31:18,7.38,25900,7.38,U
sz000983,山西焦煤,2025-10-17 09:31:21,7.38,46500,7.38,U
sz000983,山西焦煤,2025-10-17 09:31:24,7.38,36500,7.38,U
sz000983,山西焦煤,2025-10-17 09:31:30,7.39,23400,7.38,U
sz000983,山西焦煤,2025-10-17 09:31:33,7.39,23800,7.39,D
sz000983,山西焦煤,2025-10-17 09:31:36,7.39,53600,7.39,D
sz000983,山西焦煤,2025-10-17 09:31:39,7.39,21400,7.39,D
sz000983,山西焦煤,2025-10-17 09:31:42,7.4,84200,7.39,U
sz000983,山西焦煤,2025-10-17 09:31:45,7.39,40100,7.4,D
sz000983,山西焦煤,2025-10-17 09:31:48,7.4,298800,7.39,U
sz000983,山西焦煤,2025-10-17 09:31:51,7.4,35800,7.4,U
sz000983,山西焦煤,2025-10-17 09:31:54,7.4,102200,7.4,U
sz000983,山西焦煤,2025-10-17 09:31:57,7.4,22900,7.4,U
sz000983,山西焦煤,2025-10-17 09:32:00,7.4,36800,7.4,U
sz000983,山西焦煤,2025-10-17 09:32:03,7.41,50000,7.4,U
sz000983,山西焦煤,2025-10-17 09:32:06,7.4,85200,7.41,D
sz000983,山西焦煤,2025-10-17 09:32:09,7.4,27300,7.4,U
sz000983,山西焦煤,2025-10-17 09:32:12,7.4,153500,7.4,U
sz000983,山西焦煤,2025-10-17 09:32:15,7.4,33600,7.4,U
sz000983,山西焦煤,2025-10-17 09:32:18,7.41,241700,7.4,U
sz000983,山西焦煤,2025-10-17 09:32:21,7.41,236000,7.41,D
sz000983,山西焦煤,2025-10-17 09:32:24,7.42,29500,7.41,U
sz000983,山西焦煤,2025-10-17 09:32:27,7.42,25200,7.42,U
sz000983,山西焦煤,2025-10-17 09:32:30,7.41,31300,7.42,D
sz000983,山西焦煤,2025-10-17 09:32:33,7.41,84000,7.41,D
sz000983,山西焦煤,2025-10-17 09:32:36,7.41,92500,7.41,D
sz000983,山西焦煤,2025-10-17 09:32:39,7.41,28600,7.41,D
sz000983,山西焦煤,2025-10-17 09:32:42,7.41,205400,7.41,U
sz000983,山西焦煤,2025-10-17 09:32:45,7.41,46700,7.41,U
sz000983,山西焦煤,2025-10-17 09:32:48,7.41,71800,7.41,U
sz000983,山西焦煤,2025-10-17 09:32:51,7.41,226200,7.41,U
sz000983,山西焦煤,2025-10-17 09:32:54,7.42,20300,7.41,U
sz000983,山西焦煤,2025-10-17 09:32:57,7.42,61500,7.42,U
sz000983,山西焦煤,2025-10-17 09:33:03,7.41,666200,7.41,U
sz000983,山西焦煤,2025-10-17 09:33:06,7.42,65500,7.41,U
sz000983,山西焦煤,2025-10-17 09:33:09,7.42,222600,7.42,U
sz000983,山西焦煤,2025-10-17 09:33:12,7.42,20000,7.42,D
sz000983,山西焦煤,2025-10-17 09:33:15,7.42,32500,7.42,U
sz000983,山西焦煤,2025-10-17 09:33:18,7.42,258900,7.42,U
sz000983,山西焦煤,2025-10-17 09:33:21,7.42,45200,7.42,U
sz000983,山西焦煤,2025-10-17 09:33:24,7.41,42500,7.42,D
sz000983,山西焦煤,2025-10-17 09:33:30,7.42,50400,7.41,U
sz000983,山西焦煤,2025-10-17 09:33:36,7.42,40200,7.41,U
sz000983,山西焦煤,2025-10-17 09:33:45,7.42,70800,7.42,U
sz000983,山西焦煤,2025-10-17 09:33:51,7.41,132000,7.41,D
sz000983,山西焦煤,2025-10-17 09:33:54,7.41,31300,7.41,U
sz000983,山西焦煤,2025-10-17 09:34:03,7.4,121600,7.4,D
sz000983,山西焦煤,2025-10-17 09:34:09,7.41,150700,7.41,U
sz000983,山西焦煤,2025-10-17 09:34:12,7.42,40800,7.41,U
sz000983,山西焦煤,2025-10-17 09:34:15,7.41,26400,7.42,D
sz000983,山西焦煤,2025-10-17 09:34:27,7.41,56900,7.41,D
sz000983,山西焦煤,2025-10-17 09:34:33,7.41,38200,7.41,D
sz000983,山西焦煤,2025-10-17 09:34:36,7.41,27200,7.41,D
sz000983,山西焦煤,2025-10-17 09:34:39,7.4,83600,7.41,D
sz000983,山西焦煤,2025-10-17 09:34:42,7.41,63700,7.4,U
sz000983,山西焦煤,2025-10-17 09:34:45,7.41,63300,7.41,D
sz000983,山西焦煤,2025-10-17 09:34:51,7.43,322600,7.42,U
sz000983,山西焦煤,2025-10-17 09:34:54,7.43,140300,7.43,U
sz000983,山西焦煤,2025-10-17 09:34:57,7.44,27900,7.43,U
sz000983,山西焦煤,2025-10-17 09:35:00,7.43,22900,7.44,D
sz000983,山西焦煤,2025-10-17 09:35:09,7.43,68200,7.43,D
sz000983,山西焦煤,2025-10-17 09:35:12,7.43,66200,7.43,D
sz000983,山西焦煤,2025-10-17 09:35:15,7.43,165500,7.43,D
sz000983,山西焦煤,2025-10-17 09:35:18,7.43,36400,7.43,D
sz000983,山西焦煤,2025-10-17 09:35:21,7.43,78600,7.43,D
sz000983,山西焦煤,2025-10-17 09:35:24,7.43,23600,7.43,D
sz000983,山西焦煤,2025-10-17 09:35:27,7.44,22900,7.43,U
sz000983,山西焦煤,2025-10-17 09:35:30,7.44,38400,7.44,U
sz000983,山西焦煤,2025-10-17 09:35:33,7.44,56700,7.44,U
sz000983,山西焦煤,2025-10-17 09:35:42,7.42,138900,7.44,D
sz000983,山西焦煤,2025-10-17 09:35:48,7.43,92300,7.43,U
sz000983,山西焦煤,2025-10-17 09:35:51,7.43,30400,7.43,U
sz000983,山西焦煤,2025-10-17 09:35:54,7.43,137400,7.43,U
sz000983,山西焦煤,2025-10-17 09:35:57,7.43,20100,7.43,D
sz000983,山西焦煤,2025-10-17 09:36:00,7.43,26200,7.43,D
sz000983,山西焦煤,2025-10-17 09:36:03,7.43,33700,7.43,U
sz000983,山西焦煤,2025-10-17 09:36:06,7.43,25600,7.43,D
sz000983,山西焦煤,2025-10-17 09:36:09,7.41,249600,7.43,D
sz000983,山西焦煤,2025-10-17 09:36:12,7.42,31000,7.41,U
sz000983,山西焦煤,2025-10-17 09:36:15,7.42,24000,7.42,U
sz000983,山西焦煤,2025-10-17 09:36:21,7.42,153200,7.41,U
sz000983,山西焦煤,2025-10-17 09:36:24,7.43,27400,7.42,U
sz000983,山西焦煤,2025-10-17 09:36:27,7.42,37400,7.43,D
sz000983,山西焦煤,2025-10-17 09:36:30,7.42,31800,7.42,D
sz000983,山西焦煤,2025-10-17 09:36:36,7.43,53600,7.42,U
sz000983,山西焦煤,2025-10-17 09:36:45,7.43,44800,7.43,U
sz000983,山西焦煤,2025-10-17 09:37:00,7.44,335000,7.44,U
sz000983,山西焦煤,2025-10-17 09:37:03,7.46,679900,7.44,U
sz000983,山西焦煤,2025-10-17 09:37:06,7.45,74400,7.46,D
sz000983,山西焦煤,2025-10-17 09:37:09,7.45,71600,7.45,D
sz000983,山西焦煤,2025-10-17 09:37:12,7.46,322100,7.45,U
sz000983,山西焦煤,2025-10-17 09:37:15,7.48,426490,7.46,U
sz000983,山西焦煤,2025-10-17 09:37:18,7.49,100800,7.48,U
sz000983,山西焦煤,2025-10-17 09:37:21,7.49,247800,7.49,U
sz000983,山西焦煤,2025-10-17 09:37:24,7.48,318850,7.49,D
sz000983,山西焦煤,2025-10-17 09:37:27,7.5,702600,7.48,U
sz000983,山西焦煤,2025-10-17 09:37:30,7.5,93900,7.5,E
sz000983,山西焦煤,2025-10-17 09:37:33,7.5,171000,7.5,D
sz000983,山西焦煤,2025-10-17 09:37:36,7.52,206300,7.5,U
sz000983,山西焦煤,2025-10-17 09:37:39,7.53,449400,7.52,U
sz000983,山西焦煤,2025-10-17 09:37:42,7.54,489100,7.53,U
sz000983,山西焦煤,2025-10-17 09:37:45,7.53,128700,7.54,D
sz000983,山西焦煤,2025-10-17 09:37:48,7.54,232100,7.53,U
sz000983,山西焦煤,2025-10-17 09:37:51,7.54,93600,7.54,U
sz000983,山西焦煤,2025-10-17 09:37:54,7.53,139700,7.54,U
sz000983,山西焦煤,2025-10-17 09:37:57,7.52,34200,7.53,D
sz000983,山西焦煤,2025-10-17 09:38:00,7.52,140000,7.52,D
sz000983,山西焦煤,2025-10-17 09:38:03,7.52,893800,7.52,D
sz000983,山西焦煤,2025-10-17 09:38:06,7.54,288900,7.52,U
sz000983,山西焦煤,2025-10-17 09:38:09,7.53,357700,7.54,D
sz000983,山西焦煤,2025-10-17 09:38:12,7.53,93200,7.53,U
sz000983,山西焦煤,2025-10-17 09:38:15,7.53,124600,7.53,U
sz000983,山西焦煤,2025-10-17 09:38:18,7.52,311500,7.53,U
sz000983,山西焦煤,2025-10-17 09:38:21,7.52,35900,7.52,U
sz000983,山西焦煤,2025-10-17 09:38:24,7.5,248400,7.52,D
sz000983,山西焦煤,2025-10-17 09:38:27,7.5,67500,7.5,U
sz000983,山西焦煤,2025-10-17 09:38:30,7.49,51800,7.5,D
sz000983,山西焦煤,2025-10-17 09:38:33,7.5,132600,7.49,U
sz000983,山西焦煤,2025-10-17 09:38:36,7.5,71300,7.5,D
sz000983,山西焦煤,2025-10-17 09:38:39,7.5,57500,7.5,D
sz000983,山西焦煤,2025-10-17 09:38:42,7.5,138000,7.5,D
sz000983,山西焦煤,2025-10-17 09:38:45,7.5,112400,7.5,U
sz000983,山西焦煤,2025-10-17 09:38:48,7.5,39700,7.5,U
sz000983,山西焦煤,2025-10-17 09:38:51,7.5,54500,7.5,U
sz000983,山西焦煤,2025-10-17 09:38:54,7.49,58700,7.5,D
sz000983,山西焦煤,2025-10-17 09:38:57,7.48,112900,7.49,D
sz000983,山西焦煤,2025-10-17 09:39:09,7.48,79900,7.49,D
sz000983,山西焦煤,2025-10-17 09:39:12,7.49,40200,7.48,U
sz000983,山西焦煤,2025-10-17 09:39:18,7.49,133400,7.48,U
sz000983,山西焦煤,2025-10-17 09:39:21,7.49,123500,7.49,U
sz000983,山西焦煤,2025-10-17 09:39:24,7.48,74700,7.49,D
sz000983,山西焦煤,2025-10-17 09:39:27,7.49,165700,7.48,U
sz000983,山西焦煤,2025-10-17 09:39:30,7.49,29500,7.49,D
sz000983,山西焦煤,2025-10-17 09:39:33,7.49,35900,7.49,D
sz000983,山西焦煤,2025-10-17 09:39:36,7.49,56800,7.49,D
sz000983,山西焦煤,2025-10-17 09:39:39,7.5,33100,7.49,U
sz000983,山西焦煤,2025-10-17 09:39:42,7.5,104500,7.5,U
sz000983,山西焦煤,2025-10-17 09:39:45,7.5,79000,7.5,U
sz000983,山西焦煤,2025-10-17 09:39:48,7.5,135300,7.5,U
sz000983,山西焦煤,2025-10-17 09:39:51,7.5,94200,7.5,U
sz000983,山西焦煤,2025-10-17 09:39:54,7.51,69500,7.5,U
sz000983,山西焦煤,2025-10-17 09:39:57,7.51,53300,7.51,U
sz000983,山西焦煤,2025-10-17 09:40:00,7.51,68100,7.51,U
sz000983,山西焦煤,2025-10-17 09:40:03,7.5,55700,7.51,E
sz000983,山西焦煤,2025-10-17 09:40:06,7.51,95800,7.5,U
sz000983,山西焦煤,2025-10-17 09:40:09,7.5,32400,7.51,E
sz000983,山西焦煤,2025-10-17 09:40:12,7.5,52400,7.5,D
sz000983,山西焦煤,2025-10-17 09:40:15,7.49,214100,7.5,D
sz000983,山西焦煤,2025-10-17 09:40:18,7.49,40900,7.49,U
sz000983,山西焦煤,2025-10-17 09:40:21,7.49,116100,7.49,U
sz000983,山西焦煤,2025-10-17 09:40:24,7.49,180200,7.49,U
sz000983,山西焦煤,2025-10-17 09:40:27,7.49,34300,7.49,U
sz000983,山西焦煤,2025-10-17 09:40:30,7.49,28600,7.49,D
sz000983,山西焦煤,2025-10-17 09:40:33,7.5,86400,7.49,U
sz000983,山西焦煤,2025-10-17 09:40:36,7.5,54400,7.5,U
sz000983,山西焦煤,2025-10-17 09:40:39,7.49,25900,7.5,D
sz000983,山西焦煤,2025-10-17 09:40:42,7.49,86700,7.49,D
sz000983,山西焦煤,2025-10-17 09:40:45,7.49,135600,7.49,U
sz000983,山西焦煤,2025-10-17 09:40:48,7.48,61800,7.49,D
sz000983,山西焦煤,2025-10-17 09:40:51,7.48,50700,7.48,U
sz000983,山西焦煤,2025-10-17 09:40:54,7.47,26600,7.48,D
sz000983,山西焦煤,2025-10-17 09:40:57,7.47,24200,7.47,D
sz000983,山西焦煤,2025-10-17 09:41:00,7.47,75900,7.47,D
sz000983,山西焦煤,2025-10-17 09:41:03,7.47,26800,7.47,U
sz000983,山西焦煤,2025-10-17 09:41:06,7.46,44000,7.47,D
sz000983,山西焦煤,2025-10-17 09:41:09,7.46,90000,7.46,D
sz000983,山西焦煤,2025-10-17 09:41:12,7.46,22500,7.46,U
sz000983,山西焦煤,2025-10-17 09:41:15,7.47,33700,7.46,U
sz000983,山西焦煤,2025-10-17 09:41:18,7.47,360200,7.47,U
sz000983,山西焦煤,2025-10-17 09:41:21,7.46,122200,7.47,D
sz000983,山西焦煤,2025-10-17 09:41:24,7.46,44700,7.46,U
sz000983,山西焦煤,2025-10-17 09:41:27,7.46,25800,7.46,D
sz000983,山西焦煤,2025-10-17 09:41:33,7.45,75500,7.46,D
sz000983,山西焦煤,2025-10-17 09:41:36,7.45,68200,7.45,U
sz000983,山西焦煤,2025-10-17 09:41:39,7.45,37400,7.45,U
sz000983,山西焦煤,2025-10-17 09:41:42,7.45,22800,7.45,U
sz000983,山西焦煤,2025-10-17 09:41:48,7.44,23700,7.44,D
sz000983,山西焦煤,2025-10-17 09:41:51,7.45,29900,7.44,U
sz000983,山西焦煤,2025-10-17 09:41:54,7.45,367400,7.45,U
sz000983,山西焦煤,2025-10-17 09:41:57,7.45,78100,7.45,U
sz000983,山西焦煤,2025-10-17 09:42:00,7.44,199300,7.45,D
sz000983,山西焦煤,2025-10-17 09:42:03,7.44,45700,7.44,U
sz000983,山西焦煤,2025-10-17 09:42:06,7.44,32800,7.44,U
sz000983,山西焦煤,2025-10-17 09:42:09,7.43,32200,7.44,D
sz000983,山西焦煤,2025-10-17 09:42:12,7.43,69200,7.43,D
sz000983,山西焦煤,2025-10-17 09:42:15,7.43,358500,7.43,U
sz000983,山西焦煤,2025-10-17 09:42:18,7.42,31200,7.43,U
sz000983,山西焦煤,2025-10-17 09:42:30,7.41,285900,7.42,D
sz000983,山西焦煤,2025-10-17 09:42:33,7.41,63400,7.41,U
sz000983,山西焦煤,2025-10-17 09:42:39,7.41,101400,7.4,U
sz000983,山西焦煤,2025-10-17 09:42:45,7.41,30800,7.41,D
sz000983,山西焦煤,2025-10-17 09:42:51,7.42,109400,7.41,U
sz000983,山西焦煤,2025-10-17 09:43:03,7.43,58700,7.42,U
sz000983,山西焦煤,2025-10-17 09:43:12,7.43,21600,7.43,U
sz000983,山西焦煤,2025-10-17 09:43:21,7.42,74300,7.43,D
sz000983,山西焦煤,2025-10-17 09:43:24,7.43,42400,7.42,U
sz000983,山西焦煤,2025-10-17 09:43:30,7.44,65300,7.43,U
sz000983,山西焦煤,2025-10-17 09:43:33,7.44,73100,7.44,D
sz000983,山西焦煤,2025-10-17 09:43:36,7.44,30000,7.44,D
sz000983,山西焦煤,2025-10-17 09:43:39,7.45,105900,7.44,E
sz000983,山西焦煤,2025-10-17 09:43:42,7.46,24900,7.45,U
sz000983,山西焦煤,2025-10-17 09:43:45,7.46,30900,7.46,U
sz000983,山西焦煤,2025-10-17 09:43:48,7.46,92900,7.46,U
sz000983,山西焦煤,2025-10-17 09:43:51,7.45,39200,7.46,D
sz000983,山西焦煤,2025-10-17 09:43:54,7.45,20000,7.45,D
sz000983,山西焦煤,2025-10-17 09:43:57,7.46,28800,7.45,U
sz000983,山西焦煤,2025-10-17 09:44:00,7.46,21000,7.46,U
sz000983,山西焦煤,2025-10-17 09:44:03,7.45,22600,7.46,D
sz000983,山西焦煤,2025-10-17 09:44:06,7.46,85500,7.45,U
sz000983,山西焦煤,2025-10-17 09:44:09,7.45,29800,7.46,D
sz000983,山西焦煤,2025-10-17 09:44:12,7.46,104800,7.45,U
sz000983,山西焦煤,2025-10-17 09:44:30,7.46,34400,7.47,D
sz000983,山西焦煤,2025-10-17 09:44:33,7.46,73700,7.46,D
sz000983,山西焦煤,2025-10-17 09:44:36,7.45,52500,7.46,D
sz000983,山西焦煤,2025-10-17 09:44:39,7.46,30400,7.45,U
sz000983,山西焦煤,2025-10-17 09:44:42,7.46,54500,7.46,U
sz000983,山西焦煤,2025-10-17 09:44:45,7.46,43000,7.46,D
sz000983,山西焦煤,2025-10-17 09:44:54,7.46,33000,7.47,D
sz000983,山西焦煤,2025-10-17 09:44:57,7.46,40300,7.46,D
sz000983,山西焦煤,2025-10-17 09:45:00,7.47,85900,7.46,U
sz000983,山西焦煤,2025-10-17 09:45:03,7.47,53800,7.47,D
sz000983,山西焦煤,2025-10-17 09:45:06,7.47,34800,7.47,U
sz000983,山西焦煤,2025-10-17 09:45:09,7.47,25500,7.47,E
sz000983,山西焦煤,2025-10-17 09:45:18,7.46,386600,7.47,D
sz000983,山西焦煤,2025-10-17 09:45:21,7.45,160600,7.46,D
sz000983,山西焦煤,2025-10-17 09:45:24,7.45,24100,7.45,U
sz000983,山西焦煤,2025-10-17 09:45:30,7.45,54700,7.45,D
sz000983,山西焦煤,2025-10-17 09:45:33,7.45,51200,7.45,D
sz000983,山西焦煤,2025-10-17 09:45:36,7.45,32100,7.45,D
sz000983,山西焦煤,2025-10-17 09:45:39,7.45,67200,7.45,D
sz000983,山西焦煤,2025-10-17 09:45:42,7.45,33700,7.45,D
sz000983,山西焦煤,2025-10-17 09:45:45,7.45,228100,7.45,D
sz000983,山西焦煤,2025-10-17 09:45:48,7.46,215300,7.45,U
sz000983,山西焦煤,2025-10-17 09:45:54,7.46,105200,7.46,U
sz000983,山西焦煤,2025-10-17 09:45:57,7.46,24000,7.46,U
sz000983,山西焦煤,2025-10-17 09:46:03,7.46,59900,7.46,U
sz000983,山西焦煤,2025-10-17 09:46:06,7.46,91500,7.46,E
sz000983,山西焦煤,2025-10-17 09:46:12,7.46,23800,7.46,U
sz000983,山西焦煤,2025-10-17 09:46:18,7.46,36000,7.46,U
sz000983,山西焦煤,2025-10-17 09:46:21,7.46,176400,7.46,U
sz000983,山西焦煤,2025-10-17 09:46:24,7.47,90800,7.46,U
sz000983,山西焦煤,2025-10-17 09:46:27,7.46,72200,7.47,D
sz000983,山西焦煤,2025-10-17 09:46:30,7.46,26000,7.46,D
sz000983,山西焦煤,2025-10-17 09:46:33,7.47,20300,7.46,U
sz000983,山西焦煤,2025-10-17 09:46:39,7.46,21200,7.46,D
sz000983,山西焦煤,2025-10-17 09:46:42,7.46,25100,7.46,D
sz000983,山西焦煤,2025-10-17 09:46:45,7.46,78400,7.46,D
sz000983,山西焦煤,2025-10-17 09:46:48,7.46,66800,7.46,D
sz000983,山西焦煤,2025-10-17 09:46:51,7.47,32700,7.46,U
sz000983,山西焦煤,2025-10-17 09:46:57,7.47,45400,7.46,U
sz000983,山西焦煤,2025-10-17 09:47:03,7.47,75300,7.46,U
sz000983,山西焦煤,2025-10-17 09:47:09,7.46,41300,7.46,D
sz000983,山西焦煤,2025-10-17 09:47:12,7.47,40900,7.46,U
sz000983,山西焦煤,2025-10-17 09:47:15,7.47,43800,7.47,U
sz000983,山西焦煤,2025-10-17 09:47:18,7.47,31500,7.47,U
sz000983,山西焦煤,2025-10-17 09:47:21,7.46,32800,7.47,D
sz000983,山西焦煤,2025-10-17 09:47:24,7.47,55400,7.46,U
sz000983,山西焦煤,2025-10-17 09:47:27,7.47,141400,7.47,D
sz000983,山西焦煤,2025-10-17 09:47:30,7.47,70900,7.47,D
sz000983,山西焦煤,2025-10-17 09:47:33,7.47,137400,7.47,U
sz000983,山西焦煤,2025-10-17 09:47:42,7.48,428900,7.47,U
sz000983,山西焦煤,2025-10-17 09:47:45,7.48,276300,7.48,D
sz000983,山西焦煤,2025-10-17 09:47:48,7.48,98900,7.48,U
sz000983,山西焦煤,2025-10-17 09:47:51,7.47,22700,7.48,D
sz000983,山西焦煤,2025-10-17 09:47:54,7.47,111800,7.47,D
sz000983,山西焦煤,2025-10-17 09:47:57,7.47,58500,7.47,U
sz000983,山西焦煤,2025-10-17 09:48:00,7.48,28200,7.47,U
sz000983,山西焦煤,2025-10-17 09:48:03,7.48,31300,7.48,U
sz000983,山西焦煤,2025-10-17 09:48:06,7.48,43600,7.48,U
sz000983,山西焦煤,2025-10-17 09:48:09,7.47,52100,7.48,D
sz000983,山西焦煤,2025-10-17 09:48:12,7.48,22100,7.47,U
sz000983,山西焦煤,2025-10-17 09:48:15,7.47,116300,7.48,D
sz000983,山西焦煤,2025-10-17 09:48:18,7.47,63900,7.47,D
sz000983,山西焦煤,2025-10-17 09:48:21,7.47,67800,7.47,U
sz000983,山西焦煤,2025-10-17 09:48:30,7.47,46700,7.47,D
sz000983,山西焦煤,2025-10-17 09:48:33,7.47,21900,7.47,D
sz000983,山西焦煤,2025-10-17 09:48:36,7.47,41400,7.47,U
sz000983,山西焦煤,2025-10-17 09:48:42,7.46,292900,7.47,D
sz000983,山西焦煤,2025-10-17 09:48:45,7.46,40600,7.46,U
sz000983,山西焦煤,2025-10-17 09:48:48,7.45,33600,7.46,D
sz000983,山西焦煤,2025-10-17 09:48:51,7.46,27500,7.45,U
sz000983,山西焦煤,2025-10-17 09:48:54,7.46,31300,7.46,U
sz000983,山西焦煤,2025-10-17 09:48:57,7.46,45800,7.46,D
sz000983,山西焦煤,2025-10-17 09:49:00,7.45,290800,7.46,D
sz000983,山西焦煤,2025-10-17 09:49:03,7.46,57500,7.45,U
sz000983,山西焦煤,2025-10-17 09:49:06,7.45,30000,7.46,D
sz000983,山西焦煤,2025-10-17 09:49:09,7.47,320100,7.45,U
sz000983,山西焦煤,2025-10-17 09:49:12,7.47,116300,7.47,U
sz000983,山西焦煤,2025-10-17 09:49:15,7.46,56200,7.47,D
sz000983,山西焦煤,2025-10-17 09:49:18,7.47,59900,7.46,U
sz000983,山西焦煤,2025-10-17 09:49:24,7.47,54300,7.47,U
sz000983,山西焦煤,2025-10-17 09:49:30,7.47,53200,7.47,U
sz000983,山西焦煤,2025-10-17 09:49:33,7.47,55900,7.47,U
sz000983,山西焦煤,2025-10-17 09:49:36,7.47,49300,7.47,D
sz000983,山西焦煤,2025-10-17 09:49:39,7.47,28000,7.47,D
sz000983,山西焦煤,2025-10-17 09:49:48,7.48,59600,7.47,U
sz000983,山西焦煤,2025-10-17 09:49:54,7.48,152300,7.48,U
sz000983,山西焦煤,2025-10-17 09:49:57,7.47,120600,7.48,D
sz000983,山西焦煤,2025-10-17 09:50:00,7.46,486800,7.47,D
sz000983,山西焦煤,2025-10-17 09:50:03,7.45,88700,7.46,D
sz000983,山西焦煤,2025-10-17 09:50:06,7.46,90500,7.45,U
sz000983,山西焦煤,2025-10-17 09:50:09,7.46,70700,7.46,U
sz000983,山西焦煤,2025-10-17 09:50:15,7.46,23500,7.46,U
sz000983,山西焦煤,2025-10-17 09:50:18,7.46,59700,7.46,U
sz000983,山西焦煤,2025-10-17 09:50:24,7.45,60700,7.46,D
sz000983,山西焦煤,2025-10-17 09:50:27,7.45,25900,7.45,D
sz000983,山西焦煤,2025-10-17 09:50:30,7.45,43300,7.45,D
sz000983,山西焦煤,2025-10-17 09:50:33,7.45,31100,7.45,D
sz000983,山西焦煤,2025-10-17 09:50:36,7.46,21400,7.45,U
sz000983,山西焦煤,2025-10-17 09:50:39,7.46,173600,7.46,U
sz000983,山西焦煤,2025-10-17 09:50:42,7.46,186800,7.46,U
sz000983,山西焦煤,2025-10-17 09:50:51,7.45,29900,7.46,D
sz000983,山西焦煤,2025-10-17 09:50:54,7.46,38700,7.45,U
sz000983,山西焦煤,2025-10-17 09:50:57,7.45,63100,7.46,D
sz000983,山西焦煤,2025-10-17 09:51:00,7.44,173300,7.45,D
sz000983,山西焦煤,2025-10-17 09:51:06,7.43,20500,7.44,D
sz000983,山西焦煤,2025-10-17 09:51:09,7.42,231300,7.43,D
sz000983,山西焦煤,2025-10-17 09:51:12,7.43,20900,7.42,U
sz000983,山西焦煤,2025-10-17 09:51:15,7.43,101300,7.43,U
sz000983,山西焦煤,2025-10-17 09:51:18,7.43,32900,7.43,U
sz000983,山西焦煤,2025-10-17 09:51:21,7.42,63800,7.43,D
sz000983,山西焦煤,2025-10-17 09:51:27,7.41,155600,7.42,D
sz000983,山西焦煤,2025-10-17 09:51:30,7.42,78900,7.41,U
sz000983,山西焦煤,2025-10-17 09:51:33,7.41,39800,7.42,D
sz000983,山西焦煤,2025-10-17 09:51:39,7.41,267700,7.41,D
sz000983,山西焦煤,2025-10-17 09:51:45,7.41,215900,7.42,D
sz000983,山西焦煤,2025-10-17 09:51:51,7.41,71300,7.41,U
sz000983,山西焦煤,2025-10-17 09:51:54,7.41,50400,7.41,U
sz000983,山西焦煤,2025-10-17 09:51:57,7.41,62100,7.41,U
sz000983,山西焦煤,2025-10-17 09:52:00,7.41,47005,7.41,U
sz000983,山西焦煤,2025-10-17 09:52:03,7.41,51995,7.41,D
sz000983,山西焦煤,2025-10-17 09:52:09,7.41,51400,7.41,D
sz000983,山西焦煤,2025-10-17 09:52:12,7.41,122900,7.41,D
sz000983,山西焦煤,2025-10-17 09:52:18,7.41,35745,7.41,U
sz000983,山西焦煤,2025-10-17 09:52:21,7.41,27670,7.41,U
sz000983,山西焦煤,2025-10-17 09:52:24,7.4,104900,7.41,D
sz000983,山西焦煤,2025-10-17 09:52:27,7.41,29300,7.4,U
sz000983,山西焦煤,2025-10-17 09:52:39,7.4,596885,7.4,D
sz000983,山西焦煤,2025-10-17 09:52:42,7.41,71400,7.4,U
sz000983,山西焦煤,2025-10-17 09:52:48,7.4,28100,7.4,D
sz000983,山西焦煤,2025-10-17 09:52:51,7.4,119600,7.4,U
sz000983,山西焦煤,2025-10-17 09:52:54,7.4,52800,7.4,U
sz000983,山西焦煤,2025-10-17 09:52:57,7.41,73200,7.4,U
sz000983,山西焦煤,2025-10-17 09:53:06,7.4,122100,7.4,D
sz000983,山西焦煤,2025-10-17 09:53:18,7.41,27600,7.41,U
sz000983,山西焦煤,2025-10-17 09:53:27,7.4,105100,7.4,D
sz000983,山西焦煤,2025-10-17 09:53:36,7.4,50000,7.4,D
sz000983,山西焦煤,2025-10-17 09:53:45,7.4,23500,7.4,D
sz000983,山西焦煤,2025-10-17 09:53:51,7.4,190200,7.4,D
sz000983,山西焦煤,2025-10-17 09:53:54,7.4,214700,7.4,D
sz000983,山西焦煤,2025-10-17 09:54:06,7.39,24800,7.4,D
sz000983,山西焦煤,2025-10-17 09:54:18,7.39,106430,7.39,D
sz000983,山西焦煤,2025-10-17 09:54:24,7.39,33100,7.39,D
sz000983,山西焦煤,2025-10-17 09:54:27,7.41,129500,7.39,U
sz000983,山西焦煤,2025-10-17 09:54:30,7.4,23000,7.41,D
sz000983,山西焦煤,2025-10-17 09:54:42,7.43,21200,7.42,U
sz000983,山西焦煤,2025-10-17 09:54:48,7.43,31300,7.42,U
sz000983,山西焦煤,2025-10-17 09:55:00,7.43,66400,7.43,U
sz000983,山西焦煤,2025-10-17 09:55:09,7.43,35600,7.43,U
sz000983,山西焦煤,2025-10-17 09:55:12,7.42,29400,7.43,U
sz000983,山西焦煤,2025-10-17 09:55:15,7.41,24800,7.42,D
sz000983,山西焦煤,2025-10-17 09:55:30,7.41,38700,7.42,D
sz000983,山西焦煤,2025-10-17 09:55:39,7.41,20800,7.42,D
sz000983,山西焦煤,2025-10-17 09:55:45,7.41,68900,7.42,D
sz000983,山西焦煤,2025-10-17 09:55:51,7.41,21000,7.4,U
sz000983,山西焦煤,2025-10-17 09:56:15,7.4,40600,7.41,D
sz000983,山西焦煤,2025-10-17 09:56:21,7.4,252800,7.41,D
sz000983,山西焦煤,2025-10-17 09:56:24,7.4,192900,7.4,U
sz000983,山西焦煤,2025-10-17 09:56:30,7.39,64200,7.39,D
sz000983,山西焦煤,2025-10-17 09:56:51,7.4,21200,7.39,U
sz000983,山西焦煤,2025-10-17 09:56:54,7.4,76000,7.4,U
sz000983,山西焦煤,2025-10-17 09:56:57,7.4,77200,7.4,U
sz000983,山西焦煤,2025-10-17 09:57:12,7.39,72000,7.39,D
sz000983,山西焦煤,2025-10-17 09:57:21,7.39,225200,7.39,D
sz000983,山西焦煤,2025-10-17 09:57:30,7.41,20100,7.4,U
sz000983,山西焦煤,2025-10-17 09:57:36,7.4,23600,7.4,D
sz000983,山西焦煤,2025-10-17 09:57:45,7.4,28200,7.4,D
sz000983,山西焦煤,2025-10-17 09:58:00,7.4,22000,7.41,D
sz000983,山西焦煤,2025-10-17 09:58:03,7.41,41200,7.4,U
sz000983,山西焦煤,2025-10-17 09:58:06,7.4,27600,7.41,D
sz000983,山西焦煤,2025-10-17 09:58:21,7.4,25500,7.39,U
sz000983,山西焦煤,2025-10-17 09:58:33,7.39,188400,7.4,D
sz000983,山西焦煤,2025-10-17 09:58:39,7.4,50200,7.4,U
sz000983,山西焦煤,2025-10-17 09:58:42,7.4,350400,7.4,U
sz000983,山西焦煤,2025-10-17 09:58:45,7.4,25200,7.4,D
sz000983,山西焦煤,2025-10-17 09:58:54,7.4,29400,7.4,D
sz000983,山西焦煤,2025-10-17 09:59:18,7.41,43400,7.4,U
sz000983,山西焦煤,2025-10-17 09:59:27,7.41,30900,7.41,U
sz000983,山西焦煤,2025-10-17 09:59:33,7.4,21700,7.4,D
sz000983,山西焦煤,2025-10-17 09:59:45,7.4,108200,7.4,D
sz000983,山西焦煤,2025-10-17 09:59:54,7.4,32800,7.4,U
sz000983,山西焦煤,2025-10-17 10:00:00,7.4,20900,7.4,U
sz000983,山西焦煤,2025-10-17 10:00:18,7.39,22800,7.4,D
sz000983,山西焦煤,2025-10-17 10:00:24,7.4,37000,7.39,U
sz000983,山西焦煤,2025-10-17 10:00:39,7.41,31100,7.41,U
sz000983,山西焦煤,2025-10-17 10:01:06,7.4,79800,7.4,D
sz000983,山西焦煤,2025-10-17 10:01:09,7.4,46400,7.4,D
sz000983,山西焦煤,2025-10-17 10:01:18,7.39,23500,7.4,D
sz000983,山西焦煤,2025-10-17 10:01:24,7.4,24700,7.4,U
sz000983,山西焦煤,2025-10-17 10:01:30,7.39,422300,7.4,D
sz000983,山西焦煤,2025-10-17 10:01:33,7.39,92200,7.39,D
sz000983,山西焦煤,2025-10-17 10:01:39,7.39,21100,7.39,D
sz000983,山西焦煤,2025-10-17 10:01:45,7.39,21700,7.38,U
sz000983,山西焦煤,2025-10-17 10:01:48,7.38,52700,7.39,D
sz000983,山西焦煤,2025-10-17 10:01:54,7.4,97600,7.38,U
sz000983,山西焦煤,2025-10-17 10:01:57,7.39,31700,7.4,E
sz000983,山西焦煤,2025-10-17 10:02:00,7.38,106400,7.39,D
sz000983,山西焦煤,2025-10-17 10:02:09,7.38,35700,7.38,D
sz000983,山西焦煤,2025-10-17 10:02:12,7.39,32500,7.38,D
sz000983,山西焦煤,2025-10-17 10:02:15,7.4,337800,7.39,U
sz000983,山西焦煤,2025-10-17 10:02:24,7.4,1215700,7.4,D
sz000983,山西焦煤,2025-10-17 10:02:27,7.4,34300,7.4,U
sz000983,山西焦煤,2025-10-17 10:02:42,7.4,23400,7.4,U
sz000983,山西焦煤,2025-10-17 10:02:45,7.4,35500,7.4,U
sz000983,山西焦煤,2025-10-17 10:02:48,7.39,24900,7.4,D
sz000983,山西焦煤,2025-10-17 10:02:54,7.4,52600,7.39,U
sz000983,山西焦煤,2025-10-17 10:03:15,7.4,43000,7.4,U
sz000983,山西焦煤,2025-10-17 10:03:27,7.39,37900,7.39,D
sz000983,山西焦煤,2025-10-17 10:03:42,7.4,28100,7.4,U
sz000983,山西焦煤,2025-10-17 10:03:45,7.4,135600,7.4,U
sz000983,山西焦煤,2025-10-17 10:03:48,7.4,41800,7.4,U
sz000983,山西焦煤,2025-10-17 10:03:54,7.4,34200,7.4,D
sz000983,山西焦煤,2025-10-17 10:04:09,7.41,30500,7.4,U
sz000983,山西焦煤,2025-10-17 10:04:12,7.42,27900,7.41,U
sz000983,山西焦煤,2025-10-17 10:04:30,7.42,45800,7.42,U
sz000983,山西焦煤,2025-10-17 10:04:33,7.42,52300,7.42,U
sz000983,山西焦煤,2025-10-17 10:04:48,7.43,41300,7.43,U
sz000983,山西焦煤,2025-10-17 10:04:54,7.43,25400,7.42,U
sz000983,山西焦煤,2025-10-17 10:05:06,7.43,31400,7.43,U
sz000983,山西焦煤,2025-10-17 10:05:12,7.43,66500,7.42,U
sz000983,山西焦煤,2025-10-17 10:05:15,7.43,41200,7.43,U
sz000983,山西焦煤,2025-10-17 10:05:24,7.43,52300,7.43,U
sz000983,山西焦煤,2025-10-17 10:05:27,7.43,61700,7.43,U
sz000983,山西焦煤,2025-10-17 10:05:30,7.43,79100,7.43,U
sz000983,山西焦煤,2025-10-17 10:05:33,7.42,45400,7.43,D
sz000983,山西焦煤,2025-10-17 10:05:48,7.43,20000,7.43,U
sz000983,山西焦煤,2025-10-17 10:05:54,7.44,38700,7.43,U
sz000983,山西焦煤,2025-10-17 10:06:03,7.43,91000,7.43,D
sz000983,山西焦煤,2025-10-17 10:06:06,7.43,23500,7.43,U
sz000983,山西焦煤,2025-10-17 10:06:18,7.43,69600,7.43,U
sz000983,山西焦煤,2025-10-17 10:06:21,7.43,52900,7.43,U
sz000983,山西焦煤,2025-10-17 10:06:45,7.42,33900,7.42,D
sz000983,山西焦煤,2025-10-17 10:06:48,7.43,20800,7.42,U
sz000983,山西焦煤,2025-10-17 10:07:18,7.42,152800,7.42,D
sz000983,山西焦煤,2025-10-17 10:07:27,7.42,65200,7.42,U
sz000983,山西焦煤,2025-10-17 10:07:33,7.42,37400,7.42,D
sz000983,山西焦煤,2025-10-17 10:07:45,7.42,63900,7.43,D
sz000983,山西焦煤,2025-10-17 10:07:51,7.43,20800,7.42,U
sz000983,山西焦煤,2025-10-17 10:08:03,7.42,22200,7.42,D
sz000983,山西焦煤,2025-10-17 10:08:06,7.42,34400,7.42,D
sz000983,山西焦煤,2025-10-17 10:08:24,7.41,157800,7.41,D
sz000983,山西焦煤,2025-10-17 10:08:36,7.41,24300,7.41,U
sz000983,山西焦煤,2025-10-17 10:08:42,7.41,45600,7.41,U
sz000983,山西焦煤,2025-10-17 10:08:48,7.41,201300,7.41,D
sz000983,山西焦煤,2025-10-17 10:08:51,7.41,226000,7.41,D
sz000983,山西焦煤,2025-10-17 10:08:57,7.41,41900,7.41,D
sz000983,山西焦煤,2025-10-17 10:09:00,7.41,258400,7.41,D
sz000983,山西焦煤,2025-10-17 10:09:12,7.41,102200,7.41,U
sz000983,山西焦煤,2025-10-17 10:09:15,7.4,45800,7.41,D
sz000983,山西焦煤,2025-10-17 10:09:30,7.4,30700,7.4,U
sz000983,山西焦煤,2025-10-17 10:09:39,7.4,25500,7.4,U
sz000983,山西焦煤,2025-10-17 10:09:48,7.39,26500,7.4,D
sz000983,山西焦煤,2025-10-17 10:10:15,7.4,25200,7.39,U
sz000983,山西焦煤,2025-10-17 10:10:18,7.39,37500,7.4,D
sz000983,山西焦煤,2025-10-17 10:10:21,7.39,22000,7.39,D
sz000983,山西焦煤,2025-10-17 10:10:24,7.4,25200,7.39,U
sz000983,山西焦煤,2025-10-17 10:10:51,7.39,67700,7.4,D
sz000983,山西焦煤,2025-10-17 10:11:12,7.39,21900,7.39,D
sz000983,山西焦煤,2025-10-17 10:11:15,7.39,28400,7.39,D
sz000983,山西焦煤,2025-10-17 10:11:18,7.4,24000,7.39,U
sz000983,山西焦煤,2025-10-17 10:11:30,7.39,77800,7.39,D
sz000983,山西焦煤,2025-10-17 10:11:42,7.39,21700,7.4,D
sz000983,山西焦煤,2025-10-17 10:12:06,7.39,208300,7.4,D
sz000983,山西焦煤,2025-10-17 10:12:09,7.39,360700,7.39,D
sz000983,山西焦煤,2025-10-17 10:12:39,7.38,26600,7.38,D
sz000983,山西焦煤,2025-10-17 10:12:54,7.39,43700,7.38,U
sz000983,山西焦煤,2025-10-17 10:12:57,7.38,694200,7.39,D
sz000983,山西焦煤,2025-10-17 10:13:00,7.38,78670,7.38,D
sz000983,山西焦煤,2025-10-17 10:13:06,7.37,391530,7.37,D
sz000983,山西焦煤,2025-10-17 10:13:09,7.37,32600,7.37,D
sz000983,山西焦煤,2025-10-17 10:13:12,7.37,36700,7.37,D
sz000983,山西焦煤,2025-10-17 10:13:15,7.37,305200,7.37,D
sz000983,山西焦煤,2025-10-17 10:13:21,7.37,46000,7.37,D
sz000983,山西焦煤,2025-10-17 10:13:24,7.38,162200,7.37,U
sz000983,山西焦煤,2025-10-17 10:13:27,7.38,51800,7.38,D
sz000983,山西焦煤,2025-10-17 10:13:33,7.37,55400,7.39,D
sz000983,山西焦煤,2025-10-17 10:13:48,7.38,50200,7.38,D
sz000983,山西焦煤,2025-10-17 10:13:51,7.38,24700,7.38,D
sz000983,山西焦煤,2025-10-17 10:13:57,7.38,23400,7.39,D
sz000983,山西焦煤,2025-10-17 10:14:00,7.38,20200,7.38,D
sz000983,山西焦煤,2025-10-17 10:14:06,7.37,24300,7.38,D
sz000983,山西焦煤,2025-10-17 10:14:12,7.38,45400,7.38,U
sz000983,山西焦煤,2025-10-17 10:14:18,7.37,32900,7.38,D
sz000983,山西焦煤,2025-10-17 10:14:24,7.37,43800,7.38,D
sz000983,山西焦煤,2025-10-17 10:14:27,7.38,34300,7.37,U
sz000983,山西焦煤,2025-10-17 10:15:45,7.38,23900,7.38,U
sz000983,山西焦煤,2025-10-17 10:16:21,7.37,40100,7.37,D
sz000983,山西焦煤,2025-10-17 10:16:24,7.38,26100,7.37,U
sz000983,山西焦煤,2025-10-17 10:16:39,7.38,113700,7.38,U
sz000983,山西焦煤,2025-10-17 10:16:42,7.38,20800,7.38,U
sz000983,山西焦煤,2025-10-17 10:17:03,7.37,21500,7.37,D
sz000983,山西焦煤,2025-10-17 10:17:06,7.38,36900,7.37,U
sz000983,山西焦煤,2025-10-17 10:17:21,7.37,23500,7.38,D
sz000983,山西焦煤,2025-10-17 10:17:42,7.37,28300,7.38,D
sz000983,山西焦煤,2025-10-17 10:18:03,7.37,40700,7.37,D
sz000983,山西焦煤,2025-10-17 10:18:12,7.37,62300,7.38,D
sz000983,山西焦煤,2025-10-17 10:18:15,7.37,126200,7.37,D
sz000983,山西焦煤,2025-10-17 10:18:24,7.37,27800,7.37,D
sz000983,山西焦煤,2025-10-17 10:18:30,7.38,103300,7.38,U
sz000983,山西焦煤,2025-10-17 10:18:33,7.37,87300,7.38,D
sz000983,山西焦煤,2025-10-17 10:18:42,7.37,50400,7.37,U
sz000983,山西焦煤,2025-10-17 10:19:06,7.37,34800,7.37,U
sz000983,山西焦煤,2025-10-17 10:19:18,7.36,31600,7.37,D
sz000983,山西焦煤,2025-10-17 10:19:24,7.36,69500,7.36,D
sz000983,山西焦煤,2025-10-17 10:19:33,7.36,128600,7.36,D
sz000983,山西焦煤,2025-10-17 10:19:39,7.36,42400,7.36,D
sz000983,山西焦煤,2025-10-17 10:19:42,7.36,30600,7.36,D
sz000983,山西焦煤,2025-10-17 10:20:03,7.36,69800,7.36,D
sz000983,山西焦煤,2025-10-17 10:20:09,7.36,24000,7.37,D
sz000983,山西焦煤,2025-10-17 10:20:18,7.36,139100,7.36,D
sz000983,山西焦煤,2025-10-17 10:20:21,7.36,179198,7.36,D
sz000983,山西焦煤,2025-10-17 10:20:27,7.36,53700,7.36,U
sz000983,山西焦煤,2025-10-17 10:20:30,7.36,20002,7.36,U
sz000983,山西焦煤,2025-10-17 10:20:33,7.35,71800,7.36,D
sz000983,山西焦煤,2025-10-17 10:21:03,7.35,81600,7.35,D
sz000983,山西焦煤,2025-10-17 10:21:09,7.35,32900,7.35,D
sz000983,山西焦煤,2025-10-17 10:21:12,7.36,26200,7.35,U
sz000983,山西焦煤,2025-10-17 10:21:21,7.35,130700,7.36,D
sz000983,山西焦煤,2025-10-17 10:21:27,7.35,49100,7.36,D
sz000983,山西焦煤,2025-10-17 10:21:39,7.36,22000,7.35,U
sz000983,山西焦煤,2025-10-17 10:21:45,7.35,69400,7.36,D
sz000983,山西焦煤,2025-10-17 10:21:48,7.35,54200,7.35,D
sz000983,山西焦煤,2025-10-17 10:21:54,7.35,27700,7.36,D
sz000983,山西焦煤,2025-10-17 10:22:03,7.35,32500,7.35,D
sz000983,山西焦煤,2025-10-17 10:22:15,7.35,58200,7.36,D
sz000983,山西焦煤,2025-10-17 10:22:18,7.35,24100,7.35,D
sz000983,山西焦煤,2025-10-17 10:22:24,7.36,21500,7.35,U
sz000983,山西焦煤,2025-10-17 10:22:30,7.35,26000,7.35,D
sz000983,山西焦煤,2025-10-17 10:22:36,7.36,26400,7.35,U
sz000983,山西焦煤,2025-10-17 10:22:42,7.36,22600,7.36,U
sz000983,山西焦煤,2025-10-17 10:22:48,7.35,22400,7.36,D
sz000983,山西焦煤,2025-10-17 10:23:03,7.36,31000,7.35,U
sz000983,山西焦煤,2025-10-17 10:23:06,7.36,26100,7.36,U
sz000983,山西焦煤,2025-10-17 10:23:24,7.36,22800,7.35,U
sz000983,山西焦煤,2025-10-17 10:23:30,7.36,23100,7.36,U
sz000983,山西焦煤,2025-10-17 10:23:57,7.36,69900,7.37,D
sz000983,山西焦煤,2025-10-17 10:24:09,7.36,117800,7.36,D
sz000983,山西焦煤,2025-10-17 10:24:36,7.36,111100,7.36,U
sz000983,山西焦煤,2025-10-17 10:25:06,7.36,46400,7.36,U
sz000983,山西焦煤,2025-10-17 10:25:33,7.35,24400,7.36,D
sz000983,山西焦煤,2025-10-17 10:25:57,7.35,106500,7.36,D
sz000983,山西焦煤,2025-10-17 10:26:27,7.36,34300,7.36,U
sz000983,山西焦煤,2025-10-17 10:26:42,7.36,42500,7.36,U
sz000983,山西焦煤,2025-10-17 10:26:45,7.36,39400,7.36,U
sz000983,山西焦煤,2025-10-17 10:26:51,7.36,72000,7.36,U
sz000983,山西焦煤,2025-10-17 10:27:00,7.35,44200,7.36,D
sz000983,山西焦煤,2025-10-17 10:27:03,7.35,23800,7.35,D
sz000983,山西焦煤,2025-10-17 10:27:27,7.35,455600,7.36,D
sz000983,山西焦煤,2025-10-17 10:27:30,7.36,35100,7.35,U
sz000983,山西焦煤,2025-10-17 10:27:36,7.35,20700,7.35,D
sz000983,山西焦煤,2025-10-17 10:27:57,7.36,39500,7.36,U
sz000983,山西焦煤,2025-10-17 10:28:51,7.36,85300,7.36,U
sz000983,山西焦煤,2025-10-17 10:28:57,7.35,36700,7.36,D
sz000983,山西焦煤,2025-10-17 10:29:03,7.36,130200,7.36,D
sz000983,山西焦煤,2025-10-17 10:29:06,7.36,29500,7.36,D
sz000983,山西焦煤,2025-10-17 10:29:15,7.36,97400,7.37,D
sz000983,山西焦煤,2025-10-17 10:29:30,7.35,50600,7.37,D
sz000983,山西焦煤,2025-10-17 10:29:33,7.36,22100,7.35,U
sz000983,山西焦煤,2025-10-17 10:29:45,7.36,23900,7.36,U
sz000983,山西焦煤,2025-10-17 10:30:15,7.36,40400,7.36,U
sz000983,山西焦煤,2025-10-17 10:30:21,7.35,218500,7.35,D
sz000983,山西焦煤,2025-10-17 10:31:06,7.35,259500,7.35,D
sz000983,山西焦煤,2025-10-17 10:31:18,7.35,50500,7.35,U
sz000983,山西焦煤,2025-10-17 10:31:27,7.34,40000,7.35,D
sz000983,山西焦煤,2025-10-17 10:31:33,7.35,267700,7.35,U
sz000983,山西焦煤,2025-10-17 10:31:36,7.35,27300,7.35,U
sz000983,山西焦煤,2025-10-17 10:31:39,7.35,45200,7.35,U
sz000983,山西焦煤,2025-10-17 10:32:09,7.34,168800,7.34,D
sz000983,山西焦煤,2025-10-17 10:32:12,7.34,22200,7.34,U
sz000983,山西焦煤,2025-10-17 10:32:15,7.34,25000,7.34,U
sz000983,山西焦煤,2025-10-17 10:32:24,7.33,23900,7.34,D
sz000983,山西焦煤,2025-10-17 10:32:27,7.33,76500,7.33,D
sz000983,山西焦煤,2025-10-17 10:32:42,7.34,22500,7.34,U
sz000983,山西焦煤,2025-10-17 10:32:45,7.34,70400,7.34,U
sz000983,山西焦煤,2025-10-17 10:33:03,7.33,20400,7.34,D
sz000983,山西焦煤,2025-10-17 10:33:18,7.33,52600,7.34,D
sz000983,山西焦煤,2025-10-17 10:33:21,7.34,28700,7.33,U
sz000983,山西焦煤,2025-10-17 10:33:36,7.33,52700,7.34,D
sz000983,山西焦煤,2025-10-17 10:33:39,7.34,78500,7.33,U
sz000983,山西焦煤,2025-10-17 10:33:54,7.35,42400,7.34,U
sz000983,山西焦煤,2025-10-17 10:33:57,7.34,23800,7.35,D
sz000983,山西焦煤,2025-10-17 10:34:09,7.35,49100,7.35,U
sz000983,山西焦煤,2025-10-17 10:34:12,7.35,25800,7.35,D
sz000983,山西焦煤,2025-10-17 10:34:18,7.36,41800,7.35,U
sz000983,山西焦煤,2025-10-17 10:34:27,7.36,31200,7.35,U
sz000983,山西焦煤,2025-10-17 10:34:36,7.35,53100,7.36,D
sz000983,山西焦煤,2025-10-17 10:34:39,7.37,61700,7.35,U
sz000983,山西焦煤,2025-10-17 10:35:48,7.37,52400,7.36,U
sz000983,山西焦煤,2025-10-17 10:35:51,7.37,101200,7.37,D
sz000983,山西焦煤,2025-10-17 10:35:54,7.37,50300,7.37,U
sz000983,山西焦煤,2025-10-17 10:36:15,7.37,107200,7.37,U
sz000983,山西焦煤,2025-10-17 10:37:15,7.37,29100,7.37,U
sz000983,山西焦煤,2025-10-17 10:38:21,7.36,51700,7.37,D
sz000983,山西焦煤,2025-10-17 10:39:15,7.36,74900,7.36,D
sz000983,山西焦煤,2025-10-17 10:39:42,7.36,600400,7.36,D
sz000983,山西焦煤,2025-10-17 10:40:15,7.35,27800,7.35,D
sz000983,山西焦煤,2025-10-17 10:40:24,7.36,33600,7.36,U
sz000983,山西焦煤,2025-10-17 10:41:00,7.35,29900,7.35,D
sz000983,山西焦煤,2025-10-17 10:41:27,7.36,57300,7.36,U
sz000983,山西焦煤,2025-10-17 10:41:36,7.36,31300,7.36,U
sz000983,山西焦煤,2025-10-17 10:42:24,7.35,53200,7.36,D
sz000983,山西焦煤,2025-10-17 10:42:27,7.35,106400,7.35,D
sz000983,山西焦煤,2025-10-17 10:42:51,7.35,30300,7.36,D
sz000983,山西焦煤,2025-10-17 10:43:00,7.35,24600,7.36,D
sz000983,山西焦煤,2025-10-17 10:43:03,7.36,41200,7.35,U
sz000983,山西焦煤,2025-10-17 10:43:15,7.35,28700,7.36,D
sz000983,山西焦煤,2025-10-17 10:43:51,7.35,33760,7.35,D
sz000983,山西焦煤,2025-10-17 10:43:57,7.35,835600,7.36,D
sz000983,山西焦煤,2025-10-17 10:44:00,7.35,50000,7.35,D
sz000983,山西焦煤,2025-10-17 10:44:27,7.34,23100,7.35,D
sz000983,山西焦煤,2025-10-17 10:44:45,7.34,23200,7.34,D
sz000983,山西焦煤,2025-10-17 10:45:03,7.35,26600,7.35,U
sz000983,山西焦煤,2025-10-17 10:45:06,7.34,50000,7.35,D
sz000983,山西焦煤,2025-10-17 10:45:30,7.35,25400,7.34,U
sz000983,山西焦煤,2025-10-17 10:46:06,7.34,26900,7.34,D
sz000983,山西焦煤,2025-10-17 10:46:09,7.35,163000,7.34,U
sz000983,山西焦煤,2025-10-17 10:46:12,7.34,23100,7.35,D
sz000983,山西焦煤,2025-10-17 10:46:21,7.34,141500,7.35,D
sz000983,山西焦煤,2025-10-17 10:46:27,7.34,109200,7.35,D
sz000983,山西焦煤,2025-10-17 10:47:03,7.35,33100,7.34,U
sz000983,山西焦煤,2025-10-17 10:47:12,7.35,110100,7.34,U
sz000983,山西焦煤,2025-10-17 10:48:12,7.35,52200,7.34,U
sz000983,山西焦煤,2025-10-17 10:48:36,7.34,33800,7.35,D
sz000983,山西焦煤,2025-10-17 10:50:00,7.34,46400,7.35,D
sz000983,山西焦煤,2025-10-17 10:50:30,7.35,28200,7.35,U
sz000983,山西焦煤,2025-10-17 10:51:03,7.35,40000,7.34,U
sz000983,山西焦煤,2025-10-17 10:51:36,7.35,26100,7.36,D
sz000983,山西焦煤,2025-10-17 10:51:48,7.37,87900,7.36,U
sz000983,山西焦煤,2025-10-17 10:53:45,7.37,80600,7.36,U
sz000983,山西焦煤,2025-10-17 10:54:54,7.37,32800,7.37,U
sz000983,山西焦煤,2025-10-17 10:55:09,7.37,50000,7.37,U
sz000983,山西焦煤,2025-10-17 10:56:27,7.36,46600,7.37,D
sz000983,山西焦煤,2025-10-17 10:57:33,7.37,37300,7.36,U
sz000983,山西焦煤,2025-10-17 10:59:54,7.38,223700,7.37,U
sz000983,山西焦煤,2025-10-17 11:00:54,7.38,102300,7.38,U
sz000983,山西焦煤,2025-10-17 11:00:57,7.38,23300,7.38,D
sz000983,山西焦煤,2025-10-17 11:01:12,7.38,53000,7.38,D
sz000983,山西焦煤,2025-10-17 11:01:15,7.38,21700,7.38,U
sz000983,山西焦煤,2025-10-17 11:02:15,7.37,125000,7.37,D
sz000983,山西焦煤,2025-10-17 11:03:09,7.37,57800,7.37,U
sz000983,山西焦煤,2025-10-17 11:03:30,7.36,157800,7.37,D
sz000983,山西焦煤,2025-10-17 11:04:21,7.36,21700,7.36,D
sz000983,山西焦煤,2025-10-17 11:04:24,7.36,23300,7.36,U
sz000983,山西焦煤,2025-10-17 11:05:57,7.35,26800,7.35,D
sz000983,山西焦煤,2025-10-17 11:06:00,7.36,289200,7.35,U
sz000983,山西焦煤,2025-10-17 11:06:03,7.36,80400,7.36,U
sz000983,山西焦煤,2025-10-17 11:06:57,7.36,33800,7.36,U
sz000983,山西焦煤,2025-10-17 11:08:06,7.35,60500,7.35,D
sz000983,山西焦煤,2025-10-17 11:09:30,7.35,59700,7.35,D
sz000983,山西焦煤,2025-10-17 11:11:03,7.36,28200,7.35,U
sz000983,山西焦煤,2025-10-17 11:11:30,7.35,21600,7.36,D
sz000983,山西焦煤,2025-10-17 11:11:54,7.36,41200,7.36,U
sz000983,山西焦煤,2025-10-17 11:12:27,7.35,78100,7.36,D
sz000983,山西焦煤,2025-10-17 11:15:00,7.35,31800,7.36,D
sz000983,山西焦煤,2025-10-17 11:15:30,7.36,62500,7.36,U
sz000983,山西焦煤,2025-10-17 11:15:57,7.36,42600,7.36,D
sz000983,山西焦煤,2025-10-17 11:17:09,7.37,23100,7.36,U
sz000983,山西焦煤,2025-10-17 11:17:12,7.37,48200,7.37,U
sz000983,山西焦煤,2025-10-17 11:17:33,7.37,30000,7.37,U
sz000983,山西焦煤,2025-10-17 11:17:57,7.38,30300,7.38,U
sz000983,山西焦煤,2025-10-17 11:18:42,7.38,22700,7.38,U
sz000983,山西焦煤,2025-10-17 11:18:51,7.38,21900,7.38,U
sz000983,山西焦煤,2025-10-17 11:19:42,7.38,27200,7.38,U
sz000983,山西焦煤,2025-10-17 11:19:48,7.37,24900,7.38,D
sz000983,山西焦煤,2025-10-17 11:20:30,7.38,27100,7.38,U
sz000983,山西焦煤,2025-10-17 11:21:03,7.38,23100,7.38,D
sz000983,山西焦煤,2025-10-17 11:21:48,7.39,23700,7.39,U
sz000983,山西焦煤,2025-10-17 11:22:06,7.38,28000,7.39,D
sz000983,山西焦煤,2025-10-17 11:23:06,7.38,310200,7.38,D
sz000983,山西焦煤,2025-10-17 11:23:54,7.38,23500,7.38,U
sz000983,山西焦煤,2025-10-17 11:24:39,7.37,25100,7.37,D
sz000983,山西焦煤,2025-10-17 11:24:42,7.37,67900,7.37,D
sz000983,山西焦煤,2025-10-17 11:24:51,7.37,42500,7.37,D
sz000983,山西焦煤,2025-10-17 11:24:57,7.36,34700,7.37,D
sz000983,山西焦煤,2025-10-17 11:25:51,7.36,49000,7.36,D
sz000983,山西焦煤,2025-10-17 11:27:51,7.36,162900,7.37,D
sz000983,山西焦煤,2025-10-17 11:28:12,7.35,51400,7.36,D
sz000983,山西焦煤,2025-10-17 11:29:15,7.35,59100,7.36,D
sz000983,山西焦煤,2025-10-17 13:00:03,7.35,234300,7.35,D
sz000983,山西焦煤,2025-10-17 13:00:06,7.35,169500,7.35,D
sz000983,山西焦煤,2025-10-17 13:00:09,7.34,114600,7.35,D
sz000983,山西焦煤,2025-10-17 13:00:12,7.34,22300,7.34,D
sz000983,山西焦煤,2025-10-17 13:00:33,7.34,177300,7.34,D
sz000983,山西焦煤,2025-10-17 13:00:36,7.34,70400,7.34,D
sz000983,山西焦煤,2025-10-17 13:00:48,7.34,88000,7.34,D
sz000983,山西焦煤,2025-10-17 13:01:03,7.34,53200,7.34,U
sz000983,山西焦煤,2025-10-17 13:01:18,7.33,43900,7.33,D
sz000983,山西焦煤,2025-10-17 13:01:27,7.34,22600,7.34,U
sz000983,山西焦煤,2025-10-17 13:01:33,7.33,43250,7.34,D
sz000983,山西焦煤,2025-10-17 13:01:36,7.33,70300,7.33,D
sz000983,山西焦煤,2025-10-17 13:02:18,7.34,24500,7.34,U
sz000983,山西焦煤,2025-10-17 13:03:03,7.34,34500,7.34,U
sz000983,山西焦煤,2025-10-17 13:03:12,7.34,20300,7.34,U
sz000983,山西焦煤,2025-10-17 13:03:27,7.34,25800,7.35,D
sz000983,山西焦煤,2025-10-17 13:04:03,7.34,22100,7.34,D
sz000983,山西焦煤,2025-10-17 13:04:54,7.35,61500,7.35,U
sz000983,山西焦煤,2025-10-17 13:05:27,7.34,22100,7.35,D
sz000983,山西焦煤,2025-10-17 13:06:09,7.35,22500,7.35,U
sz000983,山西焦煤,2025-10-17 13:06:15,7.35,54000,7.34,U
sz000983,山西焦煤,2025-10-17 13:06:33,7.34,34300,7.34,D
sz000983,山西焦煤,2025-10-17 13:06:45,7.34,31600,7.35,D
sz000983,山西焦煤,2025-10-17 13:07:03,7.34,73100,7.34,D
sz000983,山西焦煤,2025-10-17 13:07:06,7.35,41600,7.34,U
sz000983,山西焦煤,2025-10-17 13:07:36,7.34,25400,7.35,D
sz000983,山西焦煤,2025-10-17 13:07:45,7.34,30200,7.35,D
sz000983,山西焦煤,2025-10-17 13:07:48,7.35,29100,7.34,U
sz000983,山西焦煤,2025-10-17 13:08:06,7.34,71100,7.34,D
sz000983,山西焦煤,2025-10-17 13:08:15,7.34,48200,7.34,D
sz000983,山西焦煤,2025-10-17 13:08:18,7.34,30900,7.34,D
sz000983,山西焦煤,2025-10-17 13:08:21,7.35,34900,7.34,U
sz000983,山西焦煤,2025-10-17 13:08:24,7.34,173100,7.35,D
sz000983,山西焦煤,2025-10-17 13:08:33,7.33,24000,7.34,D
sz000983,山西焦煤,2025-10-17 13:08:48,7.33,31700,7.33,D
sz000983,山西焦煤,2025-10-17 13:09:03,7.33,25600,7.33,D
sz000983,山西焦煤,2025-10-17 13:09:09,7.34,50100,7.34,U
sz000983,山西焦煤,2025-10-17 13:09:36,7.33,23400,7.34,D
sz000983,山西焦煤,2025-10-17 13:10:42,7.33,21200,7.33,D
sz000983,山西焦煤,2025-10-17 13:11:24,7.33,37900,7.33,D
sz000983,山西焦煤,2025-10-17 13:12:03,7.34,28600,7.34,U
sz000983,山西焦煤,2025-10-17 13:12:21,7.34,50400,7.33,U
sz000983,山西焦煤,2025-10-17 13:13:00,7.33,24300,7.33,D
sz000983,山西焦煤,2025-10-17 13:14:09,7.34,30600,7.34,U
sz000983,山西焦煤,2025-10-17 13:14:30,7.33,28000,7.33,D
sz000983,山西焦煤,2025-10-17 13:15:18,7.34,38300,7.34,U
sz000983,山西焦煤,2025-10-17 13:16:00,7.34,107800,7.35,D
sz000983,山西焦煤,2025-10-17 13:16:03,7.34,107700,7.34,D
sz000983,山西焦煤,2025-10-17 13:16:39,7.34,40000,7.34,D
sz000983,山西焦煤,2025-10-17 13:17:12,7.34,20700,7.34,D
sz000983,山西焦煤,2025-10-17 13:17:57,7.33,22000,7.34,D
sz000983,山西焦煤,2025-10-17 13:18:24,7.34,93190,7.34,U
sz000983,山西焦煤,2025-10-17 13:18:27,7.34,37400,7.34,D
sz000983,山西焦煤,2025-10-17 13:19:03,7.34,37200,7.34,D
sz000983,山西焦煤,2025-10-17 13:19:06,7.34,27600,7.34,D
sz000983,山西焦煤,2025-10-17 13:19:09,7.34,26700,7.34,D
sz000983,山西焦煤,2025-10-17 13:19:12,7.34,39400,7.34,D
sz000983,山西焦煤,2025-10-17 13:19:33,7.34,34800,7.34,D
sz000983,山西焦煤,2025-10-17 13:19:42,7.35,37100,7.34,U
sz000983,山西焦煤,2025-10-17 13:19:48,7.34,26110,7.34,D
sz000983,山西焦煤,2025-10-17 13:20:09,7.33,43900,7.34,D
sz000983,山西焦煤,2025-10-17 13:22:51,7.34,23300,7.34,U
sz000983,山西焦煤,2025-10-17 13:23:48,7.33,58700,7.34,D
sz000983,山西焦煤,2025-10-17 13:24:00,7.34,24900,7.33,U
sz000983,山西焦煤,2025-10-17 13:24:51,7.34,110800,7.34,U
sz000983,山西焦煤,2025-10-17 13:25:06,7.35,27200,7.35,U
sz000983,山西焦煤,2025-10-17 13:25:27,7.33,277500,7.35,D
sz000983,山西焦煤,2025-10-17 13:25:51,7.34,100000,7.33,U
sz000983,山西焦煤,2025-10-17 13:27:15,7.33,20800,7.34,D
sz000983,山西焦煤,2025-10-17 13:28:09,7.33,50000,7.33,D
sz000983,山西焦煤,2025-10-17 13:28:12,7.33,34500,7.33,D
sz000983,山西焦煤,2025-10-17 13:29:03,7.33,53800,7.33,D
sz000983,山西焦煤,2025-10-17 13:29:06,7.33,23700,7.33,D
sz000983,山西焦煤,2025-10-17 13:29:24,7.33,33300,7.33,D
sz000983,山西焦煤,2025-10-17 13:29:48,7.33,20000,7.33,D
sz000983,山西焦煤,2025-10-17 13:29:54,7.33,20400,7.33,D
sz000983,山西焦煤,2025-10-17 13:30:06,7.33,65300,7.33,D
sz000983,山西焦煤,2025-10-17 13:30:18,7.33,44500,7.33,D
sz000983,山西焦煤,2025-10-17 13:30:33,7.33,42200,7.33,D
sz000983,山西焦煤,2025-10-17 13:32:42,7.33,100300,7.34,D
sz000983,山西焦煤,2025-10-17 13:32:48,7.33,24600,7.34,D
sz000983,山西焦煤,2025-10-17 13:33:00,7.33,304750,7.33,D
sz000983,山西焦煤,2025-10-17 13:33:15,7.33,51600,7.33,U
sz000983,山西焦煤,2025-10-17 13:33:21,7.33,110550,7.33,U
sz000983,山西焦煤,2025-10-17 13:33:27,7.33,41800,7.33,D
sz000983,山西焦煤,2025-10-17 13:33:45,7.34,56100,7.34,U
sz000983,山西焦煤,2025-10-17 13:33:48,7.34,286800,7.34,U
sz000983,山西焦煤,2025-10-17 13:33:51,7.34,36900,7.34,D
sz000983,山西焦煤,2025-10-17 13:34:03,7.35,53000,7.34,U
sz000983,山西焦煤,2025-10-17 13:34:09,7.33,65300,7.34,D
sz000983,山西焦煤,2025-10-17 13:34:54,7.34,52300,7.33,U
sz000983,山西焦煤,2025-10-17 13:35:18,7.34,100100,7.34,D
sz000983,山西焦煤,2025-10-17 13:35:30,7.34,51000,7.34,D
sz000983,山西焦煤,2025-10-17 13:36:36,7.34,23800,7.34,D
sz000983,山西焦煤,2025-10-17 13:37:21,7.34,43100,7.35,D
sz000983,山西焦煤,2025-10-17 13:38:06,7.34,53300,7.34,D
sz000983,山西焦煤,2025-10-17 13:38:09,7.33,179500,7.34,D
sz000983,山西焦煤,2025-10-17 13:38:12,7.34,23500,7.33,U
sz000983,山西焦煤,2025-10-17 13:38:18,7.33,35200,7.34,D
sz000983,山西焦煤,2025-10-17 13:39:12,7.33,93000,7.33,D
sz000983,山西焦煤,2025-10-17 13:40:12,7.33,103500,7.33,D
sz000983,山西焦煤,2025-10-17 13:41:00,7.33,36100,7.34,D
sz000983,山西焦煤,2025-10-17 13:42:18,7.33,77200,7.33,D
sz000983,山西焦煤,2025-10-17 13:42:51,7.32,72000,7.33,D
sz000983,山西焦煤,2025-10-17 13:42:54,7.33,20000,7.32,U
sz000983,山西焦煤,2025-10-17 13:43:27,7.33,250000,7.32,U
sz000983,山西焦煤,2025-10-17 13:43:30,7.32,187700,7.33,D
sz000983,山西焦煤,2025-10-17 13:43:48,7.32,100000,7.32,D
sz000983,山西焦煤,2025-10-17 13:44:09,7.32,58000,7.32,D
sz000983,山西焦煤,2025-10-17 13:44:15,7.32,41700,7.32,D
sz000983,山西焦煤,2025-10-17 13:44:18,7.32,96200,7.32,D
sz000983,山西焦煤,2025-10-17 13:44:30,7.31,46600,7.31,D
sz000983,山西焦煤,2025-10-17 13:44:48,7.31,35100,7.31,D
sz000983,山西焦煤,2025-10-17 13:44:51,7.31,20500,7.31,D
sz000983,山西焦煤,2025-10-17 13:45:00,7.31,20200,7.31,D
sz000983,山西焦煤,2025-10-17 13:45:06,7.31,24500,7.32,D
sz000983,山西焦煤,2025-10-17 13:45:09,7.31,474800,7.31,D
sz000983,山西焦煤,2025-10-17 13:45:24,7.31,36300,7.31,D
sz000983,山西焦煤,2025-10-17 13:45:27,7.31,52900,7.31,D
sz000983,山西焦煤,2025-10-17 13:45:36,7.31,119600,7.32,D
sz000983,山西焦煤,2025-10-17 13:45:39,7.31,99900,7.31,D
sz000983,山西焦煤,2025-10-17 13:45:54,7.31,32000,7.31,D
sz000983,山西焦煤,2025-10-17 13:46:09,7.31,134000,7.31,U
sz000983,山西焦煤,2025-10-17 13:46:12,7.31,20200,7.31,D
sz000983,山西焦煤,2025-10-17 13:46:15,7.31,26800,7.31,D
sz000983,山西焦煤,2025-10-17 13:46:36,7.31,26900,7.31,D
sz000983,山西焦煤,2025-10-17 13:46:51,7.31,35500,7.3,U
sz000983,山西焦煤,2025-10-17 13:47:06,7.3,56800,7.31,D
sz000983,山西焦煤,2025-10-17 13:47:24,7.3,24100,7.3,D
sz000983,山西焦煤,2025-10-17 13:47:30,7.3,26300,7.31,D
sz000983,山西焦煤,2025-10-17 13:47:33,7.31,117000,7.3,U
sz000983,山西焦煤,2025-10-17 13:47:39,7.32,32900,7.32,U
sz000983,山西焦煤,2025-10-17 13:47:42,7.32,40700,7.32,U
sz000983,山西焦煤,2025-10-17 13:47:48,7.31,62400,7.32,D
sz000983,山西焦煤,2025-10-17 13:48:06,7.31,155000,7.31,U
sz000983,山西焦煤,2025-10-17 13:48:12,7.31,32200,7.32,D
sz000983,山西焦煤,2025-10-17 13:48:15,7.32,22000,7.31,U
sz000983,山西焦煤,2025-10-17 13:49:39,7.31,62500,7.32,D
sz000983,山西焦煤,2025-10-17 13:50:06,7.32,86800,7.32,U
sz000983,山西焦煤,2025-10-17 13:50:09,7.31,36900,7.32,D
sz000983,山西焦煤,2025-10-17 13:50:15,7.31,224700,7.32,D
sz000983,山西焦煤,2025-10-17 13:51:33,7.32,116700,7.31,U
sz000983,山西焦煤,2025-10-17 13:51:48,7.32,36200,7.33,D
sz000983,山西焦煤,2025-10-17 13:52:33,7.31,96400,7.32,D
sz000983,山西焦煤,2025-10-17 13:54:06,7.33,36500,7.32,U
sz000983,山西焦煤,2025-10-17 13:55:39,7.31,28000,7.31,D
sz000983,山西焦煤,2025-10-17 13:56:06,7.31,20000,7.32,D
sz000983,山西焦煤,2025-10-17 14:00:03,7.31,217200,7.31,D
sz000983,山西焦煤,2025-10-17 14:00:06,7.32,25000,7.31,U
sz000983,山西焦煤,2025-10-17 14:00:39,7.31,30400,7.32,D
sz000983,山西焦煤,2025-10-17 14:00:42,7.31,25200,7.31,D
sz000983,山西焦煤,2025-10-17 14:00:54,7.31,21900,7.32,D
sz000983,山西焦煤,2025-10-17 14:01:00,7.31,85500,7.31,D
sz000983,山西焦煤,2025-10-17 14:01:03,7.31,24700,7.31,U
sz000983,山西焦煤,2025-10-17 14:01:48,7.3,23000,7.3,D
sz000983,山西焦煤,2025-10-17 14:01:51,7.3,24100,7.3,D
sz000983,山西焦煤,2025-10-17 14:01:57,7.3,37700,7.3,D
sz000983,山西焦煤,2025-10-17 14:02:51,7.3,101300,7.3,D
sz000983,山西焦煤,2025-10-17 14:02:54,7.31,81200,7.3,U
sz000983,山西焦煤,2025-10-17 14:02:57,7.32,20200,7.31,U
sz000983,山西焦煤,2025-10-17 14:03:42,7.32,35800,7.31,U
sz000983,山西焦煤,2025-10-17 14:04:18,7.31,52200,7.31,D
sz000983,山西焦煤,2025-10-17 14:04:30,7.3,202700,7.31,D
sz000983,山西焦煤,2025-10-17 14:04:33,7.31,31100,7.3,U
sz000983,山西焦煤,2025-10-17 14:04:51,7.31,33200,7.3,U
sz000983,山西焦煤,2025-10-17 14:04:54,7.31,40000,7.31,U
sz000983,山西焦煤,2025-10-17 14:06:21,7.31,20900,7.32,D
sz000983,山西焦煤,2025-10-17 14:06:48,7.32,61500,7.32,U
sz000983,山西焦煤,2025-10-17 14:08:00,7.32,81300,7.33,D
sz000983,山西焦煤,2025-10-17 14:10:00,7.31,30700,7.31,D
sz000983,山西焦煤,2025-10-17 14:10:06,7.31,25700,7.32,D
sz000983,山西焦煤,2025-10-17 14:10:12,7.31,23500,7.32,D
sz000983,山西焦煤,2025-10-17 14:11:12,7.32,41800,7.31,U
sz000983,山西焦煤,2025-10-17 14:11:33,7.32,21800,7.32,U
sz000983,山西焦煤,2025-10-17 14:12:15,7.3,81800,7.31,D
sz000983,山西焦煤,2025-10-17 14:12:24,7.3,52300,7.31,D
sz000983,山西焦煤,2025-10-17 14:12:54,7.31,73300,7.31,U
sz000983,山西焦煤,2025-10-17 14:13:48,7.3,81100,7.3,D
sz000983,山西焦煤,2025-10-17 14:14:15,7.31,21900,7.31,U
sz000983,山西焦煤,2025-10-17 14:14:21,7.3,22700,7.3,D
sz000983,山西焦煤,2025-10-17 14:15:24,7.31,31900,7.3,U
sz000983,山西焦煤,2025-10-17 14:15:30,7.3,26500,7.3,D
sz000983,山西焦煤,2025-10-17 14:15:42,7.3,23000,7.3,D
sz000983,山西焦煤,2025-10-17 14:15:45,7.3,38000,7.3,D
sz000983,山西焦煤,2025-10-17 14:15:48,7.3,50900,7.3,D
sz000983,山西焦煤,2025-10-17 14:15:51,7.3,26600,7.3,D
sz000983,山西焦煤,2025-10-17 14:15:57,7.3,27300,7.3,D
sz000983,山西焦煤,2025-10-17 14:16:00,7.3,80800,7.3,D
sz000983,山西焦煤,2025-10-17 14:16:03,7.31,25800,7.3,U
sz000983,山西焦煤,2025-10-17 14:16:06,7.3,32300,7.31,D
sz000983,山西焦煤,2025-10-17 14:16:12,7.3,22500,7.3,D
sz000983,山西焦煤,2025-10-17 14:16:15,7.3,22000,7.3,D
sz000983,山西焦煤,2025-10-17 14:16:18,7.3,269600,7.3,D
sz000983,山西焦煤,2025-10-17 14:16:21,7.3,50100,7.3,D
sz000983,山西焦煤,2025-10-17 14:16:27,7.3,22100,7.3,D
sz000983,山西焦煤,2025-10-17 14:16:30,7.3,27600,7.3,D
sz000983,山西焦煤,2025-10-17 14:16:33,7.3,42300,7.3,D
sz000983,山西焦煤,2025-10-17 14:16:36,7.3,43470,7.3,D
sz000983,山西焦煤,2025-10-17 14:16:42,7.29,33500,7.29,D
sz000983,山西焦煤,2025-10-17 14:16:51,7.29,32400,7.29,D
sz000983,山西焦煤,2025-10-17 14:16:54,7.29,51600,7.29,D
sz000983,山西焦煤,2025-10-17 14:16:57,7.29,28200,7.29,D
sz000983,山西焦煤,2025-10-17 14:17:00,7.29,64500,7.29,D
sz000983,山西焦煤,2025-10-17 14:17:03,7.29,102900,7.29,D
sz000983,山西焦煤,2025-10-17 14:17:15,7.28,20000,7.28,D
sz000983,山西焦煤,2025-10-17 14:17:24,7.29,23000,7.28,U
sz000983,山西焦煤,2025-10-17 14:17:27,7.29,56100,7.29,U
sz000983,山西焦煤,2025-10-17 14:17:30,7.29,84100,7.29,U
sz000983,山西焦煤,2025-10-17 14:17:42,7.28,23900,7.28,D
sz000983,山西焦煤,2025-10-17 14:17:54,7.28,51400,7.28,D
sz000983,山西焦煤,2025-10-17 14:18:12,7.29,51000,7.28,U
sz000983,山西焦煤,2025-10-17 14:18:36,7.29,34600,7.29,U
sz000983,山西焦煤,2025-10-17 14:18:57,7.29,56800,7.29,D
sz000983,山西焦煤,2025-10-17 14:19:03,7.3,26000,7.29,U
sz000983,山西焦煤,2025-10-17 14:19:57,7.29,33000,7.29,D
sz000983,山西焦煤,2025-10-17 14:20:39,7.28,26800,7.28,D
sz000983,山西焦煤,2025-10-17 14:20:54,7.28,92000,7.29,D
sz000983,山西焦煤,2025-10-17 14:20:57,7.28,21900,7.28,D
sz000983,山西焦煤,2025-10-17 14:21:03,7.28,43700,7.28,D
sz000983,山西焦煤,2025-10-17 14:21:09,7.28,100600,7.28,D
sz000983,山西焦煤,2025-10-17 14:21:21,7.29,229600,7.28,U
sz000983,山西焦煤,2025-10-17 14:21:27,7.29,200100,7.28,U
sz000983,山西焦煤,2025-10-17 14:21:30,7.29,29200,7.29,D
sz000983,山西焦煤,2025-10-17 14:21:36,7.3,34700,7.29,U
sz000983,山西焦煤,2025-10-17 14:21:39,7.3,112700,7.3,U
sz000983,山西焦煤,2025-10-17 14:22:33,7.28,32300,7.28,D
sz000983,山西焦煤,2025-10-17 14:22:39,7.28,26700,7.28,D
sz000983,山西焦煤,2025-10-17 14:22:48,7.29,46500,7.28,U
sz000983,山西焦煤,2025-10-17 14:23:03,7.29,84400,7.28,U
sz000983,山西焦煤,2025-10-17 14:23:06,7.28,26700,7.29,D
sz000983,山西焦煤,2025-10-17 14:23:48,7.3,178600,7.28,U
sz000983,山西焦煤,2025-10-17 14:23:51,7.29,24600,7.3,D
sz000983,山西焦煤,2025-10-17 14:23:54,7.3,100700,7.29,U
sz000983,山西焦煤,2025-10-17 14:23:57,7.3,22400,7.3,U
sz000983,山西焦煤,2025-10-17 14:24:51,7.28,30800,7.29,D
sz000983,山西焦煤,2025-10-17 14:25:33,7.28,21700,7.28,D
sz000983,山西焦煤,2025-10-17 14:25:42,7.29,21700,7.29,U
sz000983,山西焦煤,2025-10-17 14:25:45,7.28,105300,7.29,D
sz000983,山西焦煤,2025-10-17 14:25:54,7.29,20800,7.29,U
sz000983,山西焦煤,2025-10-17 14:26:06,7.29,25700,7.29,U
sz000983,山西焦煤,2025-10-17 14:26:09,7.29,41700,7.29,U
sz000983,山西焦煤,2025-10-17 14:26:18,7.29,28400,7.28,U
sz000983,山西焦煤,2025-10-17 14:26:33,7.28,50200,7.29,D
sz000983,山西焦煤,2025-10-17 14:26:36,7.28,88000,7.28,D
sz000983,山西焦煤,2025-10-17 14:26:39,7.28,31000,7.28,D
sz000983,山西焦煤,2025-10-17 14:26:54,7.27,41500,7.28,D
sz000983,山西焦煤,2025-10-17 14:26:57,7.28,26600,7.27,U
sz000983,山西焦煤,2025-10-17 14:27:12,7.28,192700,7.28,U
sz000983,山西焦煤,2025-10-17 14:27:48,7.28,24500,7.28,D
sz000983,山西焦煤,2025-10-17 14:27:57,7.28,103600,7.28,D
sz000983,山西焦煤,2025-10-17 14:28:09,7.28,28100,7.28,U
sz000983,山西焦煤,2025-10-17 14:28:21,7.28,56000,7.28,U
sz000983,山西焦煤,2025-10-17 14:28:33,7.28,23600,7.28,U
sz000983,山西焦煤,2025-10-17 14:28:36,7.27,27400,7.28,D
sz000983,山西焦煤,2025-10-17 14:29:39,7.27,44200,7.27,D
sz000983,山西焦煤,2025-10-17 14:29:42,7.28,23000,7.27,U
sz000983,山西焦煤,2025-10-17 14:30:03,7.28,359030,7.27,U
sz000983,山西焦煤,2025-10-17 14:30:06,7.28,21100,7.28,D
sz000983,山西焦煤,2025-10-17 14:30:45,7.28,24800,7.29,D
sz000983,山西焦煤,2025-10-17 14:31:12,7.29,22900,7.28,U
sz000983,山西焦煤,2025-10-17 14:31:15,7.28,69600,7.29,D
sz000983,山西焦煤,2025-10-17 14:31:30,7.27,117325,7.28,D
sz000983,山西焦煤,2025-10-17 14:31:42,7.27,310400,7.27,D
sz000983,山西焦煤,2025-10-17 14:31:45,7.27,20800,7.27,D
sz000983,山西焦煤,2025-10-17 14:31:54,7.27,33100,7.27,D
sz000983,山西焦煤,2025-10-17 14:31:57,7.28,25100,7.27,U
sz000983,山西焦煤,2025-10-17 14:32:00,7.28,43500,7.28,U
sz000983,山西焦煤,2025-10-17 14:32:06,7.27,61800,7.27,D
sz000983,山西焦煤,2025-10-17 14:32:09,7.28,20700,7.27,U
sz000983,山西焦煤,2025-10-17 14:32:12,7.28,38700,7.28,U
sz000983,山西焦煤,2025-10-17 14:32:15,7.27,45200,7.28,D
sz000983,山西焦煤,2025-10-17 14:32:18,7.28,102500,7.27,U
sz000983,山西焦煤,2025-10-17 14:32:30,7.28,24000,7.27,U
sz000983,山西焦煤,2025-10-17 14:32:33,7.27,56300,7.28,D
sz000983,山西焦煤,2025-10-17 14:32:42,7.27,33300,7.27,U
sz000983,山西焦煤,2025-10-17 14:33:03,7.28,194500,7.27,U
sz000983,山西焦煤,2025-10-17 14:33:09,7.28,55700,7.28,U
sz000983,山西焦煤,2025-10-17 14:33:12,7.27,22300,7.28,D
sz000983,山西焦煤,2025-10-17 14:33:24,7.28,39000,7.28,D
sz000983,山西焦煤,2025-10-17 14:33:27,7.28,110300,7.28,D
sz000983,山西焦煤,2025-10-17 14:34:36,7.28,34000,7.28,D
sz000983,山西焦煤,2025-10-17 14:35:36,7.28,78000,7.28,U
sz000983,山西焦煤,2025-10-17 14:36:30,7.28,24200,7.28,D
sz000983,山西焦煤,2025-10-17 14:36:42,7.28,42700,7.28,U
sz000983,山西焦煤,2025-10-17 14:36:57,7.28,30700,7.28,U
sz000983,山西焦煤,2025-10-17 14:37:09,7.28,148200,7.27,U
sz000983,山西焦煤,2025-10-17 14:37:12,7.29,22900,7.28,U
sz000983,山西焦煤,2025-10-17 14:37:15,7.29,26200,7.29,U
sz000983,山西焦煤,2025-10-17 14:37:24,7.28,40200,7.29,D
sz000983,山西焦煤,2025-10-17 14:37:27,7.29,92800,7.28,U
sz000983,山西焦煤,2025-10-17 14:37:33,7.29,21700,7.29,U
sz000983,山西焦煤,2025-10-17 14:38:12,7.28,20800,7.29,D
sz000983,山西焦煤,2025-10-17 14:38:15,7.28,30500,7.28,D
sz000983,山西焦煤,2025-10-17 14:38:48,7.28,20300,7.28,D
sz000983,山西焦煤,2025-10-17 14:39:48,7.28,24900,7.28,D
sz000983,山西焦煤,2025-10-17 14:39:51,7.28,94400,7.28,D
sz000983,山西焦煤,2025-10-17 14:40:18,7.29,64500,7.28,U
sz000983,山西焦煤,2025-10-17 14:40:21,7.29,29700,7.29,U
sz000983,山西焦煤,2025-10-17 14:40:27,7.28,626100,7.29,D
sz000983,山西焦煤,2025-10-17 14:40:30,7.29,107900,7.28,U
sz000983,山西焦煤,2025-10-17 14:41:06,7.27,28300,7.29,D
sz000983,山西焦煤,2025-10-17 14:41:30,7.29,33400,7.29,U
sz000983,山西焦煤,2025-10-17 14:42:09,7.28,24100,7.29,D
sz000983,山西焦煤,2025-10-17 14:42:51,7.28,27600,7.29,D
sz000983,山西焦煤,2025-10-17 14:44:00,7.28,145400,7.28,D
sz000983,山西焦煤,2025-10-17 14:44:06,7.29,34500,7.29,U
sz000983,山西焦煤,2025-10-17 14:44:36,7.29,157400,7.28,U
sz000983,山西焦煤,2025-10-17 14:45:00,7.29,32100,7.3,D
sz000983,山西焦煤,2025-10-17 14:45:15,7.3,116400,7.29,U
sz000983,山西焦煤,2025-10-17 14:45:39,7.3,92100,7.3,U
sz000983,山西焦煤,2025-10-17 14:45:45,7.3,46000,7.3,U
sz000983,山西焦煤,2025-10-17 14:46:09,7.29,33700,7.3,D
sz000983,山西焦煤,2025-10-17 14:46:27,7.3,44100,7.3,U
sz000983,山西焦煤,2025-10-17 14:46:30,7.3,23700,7.3,U
sz000983,山西焦煤,2025-10-17 14:46:36,7.3,20300,7.3,U
sz000983,山西焦煤,2025-10-17 14:46:42,7.3,31400,7.29,U
sz000983,山西焦煤,2025-10-17 14:46:45,7.3,21000,7.3,U
sz000983,山西焦煤,2025-10-17 14:47:00,7.3,26400,7.3,U
sz000983,山西焦煤,2025-10-17 14:47:03,7.3,75600,7.3,U
sz000983,山西焦煤,2025-10-17 14:47:06,7.29,72400,7.3,D
sz000983,山西焦煤,2025-10-17 14:47:42,7.3,29300,7.3,U
sz000983,山西焦煤,2025-10-17 14:47:54,7.29,93200,7.29,D
sz000983,山西焦煤,2025-10-17 14:48:06,7.29,47000,7.29,U
sz000983,山西焦煤,2025-10-17 14:48:12,7.29,23400,7.28,U
sz000983,山西焦煤,2025-10-17 14:48:18,7.29,24900,7.29,U
sz000983,山西焦煤,2025-10-17 14:48:36,7.28,24700,7.29,D
sz000983,山西焦煤,2025-10-17 14:48:48,7.29,30100,7.29,U
sz000983,山西焦煤,2025-10-17 14:48:51,7.29,95400,7.29,U
sz000983,山西焦煤,2025-10-17 14:48:57,7.28,22100,7.29,D
sz000983,山西焦煤,2025-10-17 14:49:12,7.28,65000,7.29,D
sz000983,山西焦煤,2025-10-17 14:49:21,7.28,26200,7.28,U
sz000983,山西焦煤,2025-10-17 14:49:24,7.28,32800,7.28,U
sz000983,山西焦煤,2025-10-17 14:49:27,7.28,68800,7.28,U
sz000983,山西焦煤,2025-10-17 14:49:39,7.28,55900,7.27,U
sz000983,山西焦煤,2025-10-17 14:49:57,7.28,24700,7.27,U
sz000983,山西焦煤,2025-10-17 14:50:00,7.28,90200,7.28,U
sz000983,山西焦煤,2025-10-17 14:50:09,7.28,205900,7.28,U
sz000983,山西焦煤,2025-10-17 14:50:27,7.27,300700,7.27,U
sz000983,山西焦煤,2025-10-17 14:50:30,7.28,216000,7.27,U
sz000983,山西焦煤,2025-10-17 14:50:33,7.28,71100,7.28,D
sz000983,山西焦煤,2025-10-17 14:50:48,7.27,30700,7.27,D
sz000983,山西焦煤,2025-10-17 14:51:00,7.27,148100,7.27,U
sz000983,山西焦煤,2025-10-17 14:51:03,7.27,70600,7.27,U
sz000983,山西焦煤,2025-10-17 14:51:06,7.28,65600,7.27,U
sz000983,山西焦煤,2025-10-17 14:51:09,7.28,57300,7.28,U
sz000983,山西焦煤,2025-10-17 14:51:12,7.27,55600,7.28,D
sz000983,山西焦煤,2025-10-17 14:51:15,7.27,28000,7.27,D
sz000983,山西焦煤,2025-10-17 14:51:39,7.28,43100,7.28,U
sz000983,山西焦煤,2025-10-17 14:51:57,7.27,27100,7.27,D
sz000983,山西焦煤,2025-10-17 14:52:03,7.28,487400,7.27,U
sz000983,山西焦煤,2025-10-17 14:52:06,7.28,229100,7.28,U
sz000983,山西焦煤,2025-10-17 14:52:12,7.28,32200,7.28,U
sz000983,山西焦煤,2025-10-17 14:52:15,7.29,49100,7.28,U
sz000983,山西焦煤,2025-10-17 14:52:18,7.28,51400,7.29,D
sz000983,山西焦煤,2025-10-17 14:52:24,7.29,53500,7.28,U
sz000983,山西焦煤,2025-10-17 14:52:30,7.3,23400,7.28,U
sz000983,山西焦煤,2025-10-17 14:53:06,7.28,48600,7.28,D
sz000983,山西焦煤,2025-10-17 14:53:09,7.28,36100,7.28,D
sz000983,山西焦煤,2025-10-17 14:53:12,7.29,202900,7.28,U
sz000983,山西焦煤,2025-10-17 14:53:15,7.28,23600,7.29,D
sz000983,山西焦煤,2025-10-17 14:53:18,7.28,80900,7.28,D
sz000983,山西焦煤,2025-10-17 14:53:21,7.28,20800,7.28,D
sz000983,山西焦煤,2025-10-17 14:53:30,7.28,74500,7.28,D
sz000983,山西焦煤,2025-10-17 14:53:36,7.27,34700,7.27,D
sz000983,山西焦煤,2025-10-17 14:54:00,7.27,28900,7.28,D
sz000983,山西焦煤,2025-10-17 14:54:03,7.28,21500,7.27,U
sz000983,山西焦煤,2025-10-17 14:54:09,7.28,27300,7.27,U
sz000983,山西焦煤,2025-10-17 14:54:15,7.28,36400,7.27,U
sz000983,山西焦煤,2025-10-17 14:54:27,7.27,28400,7.28,D
sz000983,山西焦煤,2025-10-17 14:54:48,7.28,43000,7.28,U
sz000983,山西焦煤,2025-10-17 14:54:51,7.28,291100,7.28,U
sz000983,山西焦煤,2025-10-17 14:54:54,7.27,61300,7.28,D
sz000983,山西焦煤,2025-10-17 14:55:00,7.26,27300,7.26,D
sz000983,山西焦煤,2025-10-17 14:55:06,7.28,77700,7.27,U
sz000983,山西焦煤,2025-10-17 14:55:09,7.29,244200,7.28,U
sz000983,山西焦煤,2025-10-17 14:55:12,7.28,54200,7.29,D
sz000983,山西焦煤,2025-10-17 14:55:15,7.28,38200,7.28,U
sz000983,山西焦煤,2025-10-17 14:55:21,7.27,31700,7.28,D
sz000983,山西焦煤,2025-10-17 14:55:24,7.28,41200,7.27,U
sz000983,山西焦煤,2025-10-17 14:55:27,7.28,60600,7.28,U
sz000983,山西焦煤,2025-10-17 14:55:30,7.28,38600,7.28,U
sz000983,山西焦煤,2025-10-17 14:55:42,7.28,22700,7.28,U
sz000983,山西焦煤,2025-10-17 14:55:45,7.27,88600,7.28,D
sz000983,山西焦煤,2025-10-17 14:55:48,7.28,384400,7.27,U
sz000983,山西焦煤,2025-10-17 14:55:51,7.28,45300,7.28,D
sz000983,山西焦煤,2025-10-17 14:55:54,7.28,52300,7.28,D
sz000983,山西焦煤,2025-10-17 14:56:06,7.28,43200,7.28,D
sz000983,山西焦煤,2025-10-17 14:56:18,7.29,423300,7.29,U
sz000983,山西焦煤,2025-10-17 14:56:21,7.28,69600,7.29,D
sz000983,山西焦煤,2025-10-17 14:56:24,7.28,87300,7.28,D
sz000983,山西焦煤,2025-10-17 14:56:30,7.27,28500,7.27,D
sz000983,山西焦煤,2025-10-17 14:56:39,7.28,22100,7.28,U
sz000983,山西焦煤,2025-10-17 14:56:42,7.28,22300,7.28,U
sz000983,山西焦煤,2025-10-17 14:56:45,7.28,21000,7.28,U
sz000983,山西焦煤,2025-10-17 14:56:54,7.28,60900,7.27,U
sz000983,山西焦煤,2025-10-17 14:56:57,7.27,37400,7.28,D
sz000983,山西焦煤,2025-10-17 14:57:00,7.28,33500,7.27,U
sz000983,山西焦煤,2025-10-17 15:00:00,7.26,1304610,7.28,D
