symbol,name,ticktime,price,volume,prev_price,kind
sh688663,新风光,2025-10-13 09:25:03,42.0,119104,0.0,U
sh688663,新风光,2025-10-13 09:30:01,42.0,5100,42.0,U
sh688663,新风光,2025-10-13 09:30:04,41.98,8001,42.0,D
sh688663,新风光,2025-10-13 09:30:07,42.01,19456,41.98,U
sh688663,新风光,2025-10-13 09:30:10,42.03,8800,42.01,E
sh688663,新风光,2025-10-13 09:30:19,42.05,6290,42.01,E
sh688663,新风光,2025-10-13 09:30:25,42.04,10500,42.19,D
sh688663,新风光,2025-10-13 09:30:34,42.5,9400,42.5,U
sh688663,新风光,2025-10-13 09:30:55,42.5,12160,42.7,D
sh688663,新风光,2025-10-13 09:31:10,42.64,8270,42.86,D
sh688663,新风光,2025-10-13 09:31:16,42.79,9244,42.82,D
sh688663,新风光,2025-10-13 09:31:19,42.64,22360,42.79,E
sh688663,新风光,2025-10-13 09:31:40,42.86,9723,42.65,U
sh688663,新风光,2025-10-13 09:31:43,42.64,6410,42.86,D
sh688663,新风光,2025-10-13 09:31:52,43.3,10427,42.81,U
sh688663,新风光,2025-10-13 09:31:55,42.79,5600,43.3,D
sh688663,新风光,2025-10-13 09:32:01,42.6,19669,42.65,D
sh688663,新风光,2025-10-13 09:32:04,42.85,5574,42.6,U
sh688663,新风光,2025-10-13 09:32:16,42.7,19577,42.77,D
sh688663,新风光,2025-10-13 09:32:22,42.8,7441,42.72,U
sh688663,新风光,2025-10-13 09:32:25,42.77,11044,42.8,U
sh688663,新风光,2025-10-13 09:32:28,42.5,13031,42.77,D
sh688663,新风光,2025-10-13 09:32:31,42.8,7259,42.5,U
sh688663,新风光,2025-10-13 09:32:40,42.86,20175,42.8,U
sh688663,新风光,2025-10-13 09:32:43,42.86,6522,42.86,D
sh688663,新风光,2025-10-13 09:32:52,42.86,9011,42.97,D
sh688663,新风光,2025-10-13 09:33:01,43.1,13357,43.27,D
sh688663,新风光,2025-10-13 09:33:04,43.27,10293,43.1,E
sh688663,新风光,2025-10-13 09:33:25,43.12,8631,43.29,D
sh688663,新风光,2025-10-13 09:33:31,43.12,7782,43.12,D
sh688663,新风光,2025-10-13 09:33:34,43.11,15561,43.12,D
sh688663,新风光,2025-10-13 09:33:40,43.1,6559,43.26,D
sh688663,新风光,2025-10-13 09:33:46,43.12,5029,43.23,U
sh688663,新风光,2025-10-13 09:34:04,43.25,13386,43.24,U
sh688663,新风光,2025-10-13 09:34:07,43.3,68177,43.25,U
sh688663,新风光,2025-10-13 09:34:10,43.33,40465,43.3,U
sh688663,新风光,2025-10-13 09:34:16,43.34,7055,43.35,D
sh688663,新风光,2025-10-13 09:34:19,43.35,10553,43.34,U
sh688663,新风光,2025-10-13 09:34:25,43.35,15333,43.35,U
sh688663,新风光,2025-10-13 09:34:28,43.38,8020,43.35,U
sh688663,新风光,2025-10-13 09:34:31,43.37,11403,43.38,E
sh688663,新风光,2025-10-13 09:34:40,43.45,4658,43.37,U
sh688663,新风光,2025-10-13 09:34:46,43.41,7850,43.38,D
sh688663,新风光,2025-10-13 09:35:01,43.5,14058,43.45,U
sh688663,新风光,2025-10-13 09:35:25,43.61,7603,43.67,D
sh688663,新风光,2025-10-13 09:35:34,43.67,12724,43.67,U
sh688663,新风光,2025-10-13 09:35:37,43.7,20774,43.67,U
sh688663,新风光,2025-10-13 09:35:43,43.7,28635,43.7,D
sh688663,新风光,2025-10-13 09:35:46,43.7,10392,43.7,U
sh688663,新风光,2025-10-13 09:36:13,43.8,5379,43.83,U
sh688663,新风光,2025-10-13 09:36:16,43.7,24761,43.8,D
sh688663,新风光,2025-10-13 09:36:25,43.7,10623,43.84,D
sh688663,新风光,2025-10-13 09:36:37,43.8,5377,43.9,D
sh688663,新风光,2025-10-13 09:36:43,43.84,7635,43.85,E
sh688663,新风光,2025-10-13 09:36:46,43.8,52200,43.84,D
sh688663,新风光,2025-10-13 09:36:49,44.0,42907,43.8,U
sh688663,新风光,2025-10-13 09:36:52,43.98,12259,44.0,D
sh688663,新风光,2025-10-13 09:36:55,43.85,6072,43.98,D
sh688663,新风光,2025-10-13 09:36:58,44.0,4602,43.85,U
sh688663,新风光,2025-10-13 09:37:01,43.82,17237,44.0,D
sh688663,新风光,2025-10-13 09:37:13,43.82,12414,43.99,D
sh688663,新风光,2025-10-13 09:37:16,43.83,16716,43.82,D
sh688663,新风光,2025-10-13 09:37:19,43.86,4626,43.83,U
sh688663,新风光,2025-10-13 09:37:34,43.85,21711,43.85,D
sh688663,新风光,2025-10-13 09:37:40,44.0,21535,43.99,U
sh688663,新风光,2025-10-13 09:37:43,43.98,10797,44.0,D
sh688663,新风光,2025-10-13 09:37:46,43.98,5182,43.98,U
sh688663,新风光,2025-10-13 09:37:58,43.85,9640,43.98,D
sh688663,新风光,2025-10-13 09:38:10,44.0,5586,43.97,U
sh688663,新风光,2025-10-13 09:38:13,43.97,7005,44.0,D
sh688663,新风光,2025-10-13 09:38:19,43.86,105756,43.89,D
sh688663,新风光,2025-10-13 09:38:22,43.97,4650,43.86,E
sh688663,新风光,2025-10-13 09:38:31,44.07,6265,44.1,D
sh688663,新风光,2025-10-13 09:38:37,44.2,6750,44.15,U
sh688663,新风光,2025-10-13 09:38:46,44.2,9308,44.2,U
sh688663,新风光,2025-10-13 09:38:52,44.19,11754,44.2,U
sh688663,新风光,2025-10-13 09:38:55,44.15,27701,44.19,D
sh688663,新风光,2025-10-13 09:39:07,44.17,9327,44.28,D
sh688663,新风光,2025-10-13 09:39:13,44.28,52126,44.2,U
sh688663,新风光,2025-10-13 09:39:16,44.28,4860,44.28,D
sh688663,新风光,2025-10-13 09:39:19,44.3,17263,44.28,U
sh688663,新风光,2025-10-13 09:39:22,44.31,10297,44.3,E
sh688663,新风光,2025-10-13 09:39:25,44.42,6715,44.31,U
sh688663,新风光,2025-10-13 09:39:28,44.5,28905,44.42,U
sh688663,新风光,2025-10-13 09:39:31,44.58,18719,44.5,U
sh688663,新风光,2025-10-13 09:39:37,44.42,30492,44.57,D
sh688663,新风光,2025-10-13 09:39:40,44.51,5926,44.42,U
sh688663,新风光,2025-10-13 09:39:46,44.35,5800,44.42,E
sh688663,新风光,2025-10-13 09:39:49,44.41,6280,44.35,E
sh688663,新风光,2025-10-13 09:39:58,44.43,12670,44.49,U
sh688663,新风光,2025-10-13 09:40:01,44.43,19640,44.43,U
sh688663,新风光,2025-10-13 09:40:04,44.5,21403,44.43,U
sh688663,新风光,2025-10-13 09:40:16,44.7,10852,44.69,U
sh688663,新风光,2025-10-13 09:40:19,44.72,21246,44.7,U
sh688663,新风光,2025-10-13 09:40:22,44.8,16904,44.72,D
sh688663,新风光,2025-10-13 09:40:25,44.64,22138,44.8,D
sh688663,新风光,2025-10-13 09:40:28,44.58,23664,44.64,D
sh688663,新风光,2025-10-13 09:40:34,44.85,18100,44.7,U
sh688663,新风光,2025-10-13 09:40:37,44.67,17502,44.85,D
sh688663,新风光,2025-10-13 09:40:40,44.7,8700,44.67,E
sh688663,新风光,2025-10-13 09:40:46,44.78,13314,44.7,U
sh688663,新风光,2025-10-13 09:40:49,44.68,24554,44.78,D
sh688663,新风光,2025-10-13 09:40:55,44.69,10167,44.78,D
sh688663,新风光,2025-10-13 09:41:01,44.8,6817,44.69,U
sh688663,新风光,2025-10-13 09:41:04,44.8,8979,44.8,U
sh688663,新风光,2025-10-13 09:41:07,44.85,21505,44.8,U
sh688663,新风光,2025-10-13 09:41:10,44.98,12393,44.85,U
sh688663,新风光,2025-10-13 09:41:13,44.98,21731,44.98,U
sh688663,新风光,2025-10-13 09:41:16,44.99,4506,44.98,U
sh688663,新风光,2025-10-13 09:41:19,45.08,35908,44.99,U
sh688663,新风光,2025-10-13 09:41:25,45.08,11382,45.08,U
sh688663,新风光,2025-10-13 09:41:28,45.11,6152,45.08,E
sh688663,新风光,2025-10-13 09:41:31,45.03,14833,45.11,E
sh688663,新风光,2025-10-13 09:41:34,45.12,20889,45.03,D
sh688663,新风光,2025-10-13 09:41:37,45.29,7455,45.12,U
sh688663,新风光,2025-10-13 09:41:46,45.3,5543,45.25,U
sh688663,新风光,2025-10-13 09:41:49,45.18,47977,45.3,D
sh688663,新风光,2025-10-13 09:41:52,45.18,8745,45.18,U
sh688663,新风光,2025-10-13 09:42:01,45.5,12663,45.25,U
sh688663,新风光,2025-10-13 09:42:04,45.32,6645,45.5,D
sh688663,新风光,2025-10-13 09:42:07,45.3,5200,45.32,D
sh688663,新风光,2025-10-13 09:42:10,45.44,13457,45.3,E
sh688663,新风光,2025-10-13 09:42:16,45.35,5821,45.44,E
sh688663,新风光,2025-10-13 09:42:19,45.31,16143,45.35,D
sh688663,新风光,2025-10-13 09:42:22,45.35,15964,45.31,U
sh688663,新风光,2025-10-13 09:42:25,45.26,12037,45.35,D
sh688663,新风光,2025-10-13 09:42:28,45.19,28554,45.26,D
sh688663,新风光,2025-10-13 09:42:37,45.0,20015,45.24,D
sh688663,新风光,2025-10-13 09:42:40,45.21,10199,45.0,U
sh688663,新风光,2025-10-13 09:42:49,45.14,37189,45.22,E
sh688663,新风光,2025-10-13 09:42:52,45.03,5122,45.14,E
sh688663,新风光,2025-10-13 09:42:58,45.0,6389,45.02,D
sh688663,新风光,2025-10-13 09:43:01,44.8,33128,45.0,D
sh688663,新风光,2025-10-13 09:43:25,45.0,6400,45.08,D
sh688663,新风光,2025-10-13 09:43:34,44.0,87130,45.08,D
sh688663,新风光,2025-10-13 09:43:37,44.83,34168,44.0,U
sh688663,新风光,2025-10-13 09:43:40,44.84,10272,44.83,U
sh688663,新风光,2025-10-13 09:43:49,45.02,6238,44.84,U
sh688663,新风光,2025-10-13 09:43:52,44.65,8714,45.02,D
sh688663,新风光,2025-10-13 09:44:07,44.66,6060,44.87,D
sh688663,新风光,2025-10-13 09:44:10,44.59,7168,44.66,D
sh688663,新风光,2025-10-13 09:44:13,44.53,8710,44.59,D
sh688663,新风光,2025-10-13 09:44:22,44.21,5637,44.36,U
sh688663,新风光,2025-10-13 09:44:28,44.18,6600,44.17,E
sh688663,新风光,2025-10-13 09:44:34,44.0,12273,44.12,D
sh688663,新风光,2025-10-13 09:44:37,44.35,52858,44.0,U
sh688663,新风光,2025-10-13 09:44:40,44.44,20773,44.35,U
sh688663,新风光,2025-10-13 09:44:58,44.31,5369,44.41,E
sh688663,新风光,2025-10-13 09:45:01,44.28,5768,44.31,U
sh688663,新风光,2025-10-13 09:45:10,44.29,4583,44.25,U
sh688663,新风光,2025-10-13 09:45:13,44.39,11191,44.29,U
sh688663,新风光,2025-10-13 09:45:16,44.51,8840,44.39,U
sh688663,新风光,2025-10-13 09:45:19,44.51,9121,44.51,E
sh688663,新风光,2025-10-13 09:45:25,44.53,5085,44.54,D
sh688663,新风光,2025-10-13 09:45:31,44.66,13089,44.61,U
sh688663,新风光,2025-10-13 09:45:37,44.7,5600,44.66,D
sh688663,新风光,2025-10-13 09:45:40,44.6,51615,44.7,D
sh688663,新风光,2025-10-13 09:45:46,44.6,14388,44.56,D
sh688663,新风光,2025-10-13 09:45:49,44.61,15093,44.6,E
sh688663,新风光,2025-10-13 09:45:55,44.6,6498,44.6,U
sh688663,新风光,2025-10-13 09:45:58,44.0,21834,44.6,D
sh688663,新风光,2025-10-13 09:46:01,44.27,31943,44.0,U
sh688663,新风光,2025-10-13 09:46:04,44.57,8944,44.27,U
sh688663,新风光,2025-10-13 09:46:07,44.28,16748,44.57,D
sh688663,新风光,2025-10-13 09:46:31,44.5,8825,44.53,U
sh688663,新风光,2025-10-13 09:46:52,44.57,11700,44.6,D
sh688663,新风光,2025-10-13 09:46:58,44.54,6331,44.57,D
sh688663,新风光,2025-10-13 09:47:01,44.5,38438,44.54,D
sh688663,新风光,2025-10-13 09:47:07,44.39,4843,44.5,D
sh688663,新风光,2025-10-13 09:47:10,44.37,38468,44.39,D
sh688663,新风光,2025-10-13 09:47:34,44.5,10579,44.46,U
sh688663,新风光,2025-10-13 09:47:52,44.29,4600,44.39,D
sh688663,新风光,2025-10-13 09:48:01,44.29,5033,44.3,D
sh688663,新风光,2025-10-13 09:48:19,44.3,6326,44.36,D
sh688663,新风光,2025-10-13 09:48:31,44.3,6647,44.3,U
sh688663,新风光,2025-10-13 09:48:34,44.35,17887,44.3,U
sh688663,新风光,2025-10-13 09:48:46,44.35,4800,44.32,U
sh688663,新风光,2025-10-13 09:49:31,44.0,4600,44.13,D
sh688663,新风光,2025-10-13 09:49:34,44.0,5000,44.0,D
sh688663,新风光,2025-10-13 09:49:46,44.0,10452,44.09,D
sh688663,新风光,2025-10-13 09:49:52,44.1,10738,44.03,U
sh688663,新风光,2025-10-13 09:49:58,44.1,10230,44.15,D
sh688663,新风光,2025-10-13 09:50:07,44.1,26996,44.13,D
sh688663,新风光,2025-10-13 09:50:13,44.09,4978,43.96,U
sh688663,新风光,2025-10-13 09:50:28,43.92,4800,43.97,D
sh688663,新风光,2025-10-13 09:50:31,44.13,27615,43.92,U
sh688663,新风光,2025-10-13 09:50:34,44.1,4600,44.13,D
sh688663,新风光,2025-10-13 09:51:04,44.1,5049,44.22,D
sh688663,新风光,2025-10-13 09:51:25,44.1,5743,44.15,D
sh688663,新风光,2025-10-13 09:51:40,44.18,6615,44.1,U
sh688663,新风光,2025-10-13 09:52:22,44.44,29652,44.21,U
sh688663,新风光,2025-10-13 09:53:04,44.22,23218,44.35,D
sh688663,新风光,2025-10-13 09:53:13,44.29,6328,44.29,D
sh688663,新风光,2025-10-13 09:53:28,44.21,5800,44.2,U
sh688663,新风光,2025-10-13 09:53:43,44.31,28973,44.11,U
sh688663,新风光,2025-10-13 09:53:46,44.3,18729,44.31,D
sh688663,新风光,2025-10-13 09:53:58,44.3,23200,44.2,U
sh688663,新风光,2025-10-13 09:54:07,44.3,15200,44.31,D
sh688663,新风光,2025-10-13 09:54:10,44.3,14200,44.3,D
sh688663,新风光,2025-10-13 09:56:07,44.1,14757,44.01,U
sh688663,新风光,2025-10-13 09:56:28,44.1,35443,44.12,D
sh688663,新风光,2025-10-13 09:56:46,44.1,9693,44.1,U
sh688663,新风光,2025-10-13 09:57:04,44.13,5013,44.1,U
sh688663,新风光,2025-10-13 09:57:58,43.74,7855,43.86,D
sh688663,新风光,2025-10-13 09:58:01,43.7,9360,43.74,D
sh688663,新风光,2025-10-13 09:58:04,43.7,6684,43.7,U
sh688663,新风光,2025-10-13 09:58:10,43.67,8401,43.72,D
sh688663,新风光,2025-10-13 09:58:22,43.6,9042,43.65,D
sh688663,新风光,2025-10-13 09:58:52,43.6,8001,43.59,U
sh688663,新风光,2025-10-13 09:58:55,43.65,8400,43.6,U
sh688663,新风光,2025-10-13 09:59:04,43.7,10831,43.7,U
sh688663,新风光,2025-10-13 09:59:16,43.7,16221,43.7,U
sh688663,新风光,2025-10-13 09:59:34,43.7,13018,43.8,D
sh688663,新风光,2025-10-13 10:00:13,43.7,7083,43.66,U
sh688663,新风光,2025-10-13 10:01:22,43.6,5664,43.51,U
sh688663,新风光,2025-10-13 10:01:43,43.7,33044,43.64,U
sh688663,新风光,2025-10-13 10:01:46,43.7,39548,43.7,U
sh688663,新风光,2025-10-13 10:02:10,43.6,7148,43.7,D
sh688663,新风光,2025-10-13 10:02:16,43.6,41445,43.6,D
sh688663,新风光,2025-10-13 10:02:37,43.5,10270,43.48,U
sh688663,新风光,2025-10-13 10:02:46,43.5,19599,43.5,D
sh688663,新风光,2025-10-13 10:03:07,43.35,9665,43.4,D
sh688663,新风光,2025-10-13 10:03:22,43.48,4800,43.39,U
sh688663,新风光,2025-10-13 10:03:46,43.59,100542,43.43,U
sh688663,新风光,2025-10-13 10:04:34,43.72,26242,43.68,U
sh688663,新风光,2025-10-13 10:06:04,43.73,20700,43.75,U
sh688663,新风光,2025-10-13 10:08:07,43.56,4677,43.69,D
sh688663,新风光,2025-10-13 10:08:58,43.37,18002,43.41,D
sh688663,新风光,2025-10-13 10:09:07,43.41,10995,43.37,U
sh688663,新风光,2025-10-13 10:09:19,43.5,7159,43.4,U
sh688663,新风光,2025-10-13 10:09:58,43.47,6000,43.4,U
sh688663,新风光,2025-10-13 10:10:28,43.5,7282,43.44,U
sh688663,新风光,2025-10-13 10:11:22,43.3,41095,43.35,D
sh688663,新风光,2025-10-13 10:11:31,43.36,26998,43.28,U
sh688663,新风光,2025-10-13 10:11:43,43.31,8431,43.36,D
sh688663,新风光,2025-10-13 10:11:52,43.18,27790,43.39,D
sh688663,新风光,2025-10-13 10:12:46,43.3,31600,43.22,U
sh688663,新风光,2025-10-13 10:13:52,43.31,7247,43.29,U
sh688663,新风光,2025-10-13 10:14:40,43.39,45979,43.31,U
sh688663,新风光,2025-10-13 10:14:43,43.55,5780,43.39,U
sh688663,新风光,2025-10-13 10:15:58,43.4,7613,43.43,D
sh688663,新风光,2025-10-13 10:16:10,43.31,23566,43.39,D
sh688663,新风光,2025-10-13 10:16:13,43.4,16253,43.31,U
sh688663,新风光,2025-10-13 10:16:25,43.4,7755,43.4,D
sh688663,新风光,2025-10-13 10:17:13,43.3,35331,43.32,D
sh688663,新风光,2025-10-13 10:17:22,43.28,5193,43.31,D
sh688663,新风光,2025-10-13 10:18:34,43.4,5000,43.4,U
sh688663,新风光,2025-10-13 10:18:43,43.52,27208,43.4,U
sh688663,新风光,2025-10-13 10:18:46,43.55,11688,43.52,U
sh688663,新风光,2025-10-13 10:19:31,43.56,20099,43.55,U
sh688663,新风光,2025-10-13 10:22:52,43.42,20496,43.45,D
sh688663,新风光,2025-10-13 10:24:49,43.3,5727,43.33,D
sh688663,新风光,2025-10-13 10:24:52,43.3,10624,43.3,D
sh688663,新风光,2025-10-13 10:24:55,43.3,8023,43.3,D
sh688663,新风光,2025-10-13 10:24:58,43.3,41564,43.3,D
sh688663,新风光,2025-10-13 10:27:16,43.22,5437,43.22,U
sh688663,新风光,2025-10-13 10:27:19,43.22,11195,43.22,U
sh688663,新风光,2025-10-13 10:29:16,43.44,6179,43.44,U
sh688663,新风光,2025-10-13 10:29:31,43.36,17331,43.36,U
sh688663,新风光,2025-10-13 10:30:07,43.5,5949,43.5,U
sh688663,新风光,2025-10-13 10:30:40,43.36,7208,43.37,D
sh688663,新风光,2025-10-13 10:30:43,43.36,6431,43.36,U
sh688663,新风光,2025-10-13 10:34:10,43.61,15256,43.62,D
sh688663,新风光,2025-10-13 10:34:13,43.61,15400,43.61,D
sh688663,新风光,2025-10-13 10:34:16,43.61,4647,43.61,D
sh688663,新风光,2025-10-13 10:37:01,43.61,6014,43.65,D
sh688663,新风光,2025-10-13 10:37:19,43.61,4948,43.61,D
sh688663,新风光,2025-10-13 10:43:37,43.8,14200,43.72,U
sh688663,新风光,2025-10-13 10:50:22,43.68,7193,43.7,D
sh688663,新风光,2025-10-13 10:53:58,43.3,56833,43.54,D
sh688663,新风光,2025-10-13 10:55:25,43.4,10581,43.53,D
sh688663,新风光,2025-10-13 10:55:37,43.32,10700,43.4,D
sh688663,新风光,2025-10-13 10:58:37,43.48,13641,43.48,D
sh688663,新风光,2025-10-13 10:58:49,43.53,17893,43.48,U
sh688663,新风光,2025-10-13 10:59:01,43.6,6400,43.6,U
sh688663,新风光,2025-10-13 11:00:22,43.69,14014,43.63,U
sh688663,新风光,2025-10-13 11:06:07,43.42,6236,43.38,U
sh688663,新风光,2025-10-13 11:10:58,43.48,5676,43.47,U
sh688663,新风光,2025-10-13 11:11:49,43.43,7000,43.43,U
sh688663,新风光,2025-10-13 11:13:07,43.6,5580,43.5,U
sh688663,新风光,2025-10-13 11:13:16,43.61,7330,43.6,U
sh688663,新风光,2025-10-13 11:14:34,43.6,10769,43.56,U
sh688663,新风光,2025-10-13 11:14:46,43.6,5192,43.61,D
sh688663,新风光,2025-10-13 11:18:40,43.61,5194,43.6,U
sh688663,新风光,2025-10-13 11:18:46,43.6,5000,43.61,D
sh688663,新风光,2025-10-13 11:23:31,43.3,12714,43.34,D
sh688663,新风光,2025-10-13 11:26:04,43.3,5200,43.31,D
sh688663,新风光,2025-10-13 11:26:07,43.2,48208,43.3,D
sh688663,新风光,2025-10-13 11:26:34,43.18,4738,43.23,D
sh688663,新风光,2025-10-13 11:26:49,43.18,5500,43.19,D
sh688663,新风光,2025-10-13 11:26:52,43.19,81783,43.18,U
sh688663,新风光,2025-10-13 11:29:13,43.38,87048,43.23,U
sh688663,新风光,2025-10-13 13:00:16,43.37,7097,43.33,U
sh688663,新风光,2025-10-13 13:04:04,43.08,5057,43.12,D
sh688663,新风光,2025-10-13 13:04:25,43.06,6902,43.07,D
sh688663,新风光,2025-10-13 13:04:28,43.06,5858,43.06,D
sh688663,新风光,2025-10-13 13:08:40,43.24,4991,43.27,D
sh688663,新风光,2025-10-13 13:18:31,43.3,8813,43.31,D
sh688663,新风光,2025-10-13 13:22:46,43.3,4840,43.31,D
sh688663,新风光,2025-10-13 13:30:04,43.34,6000,43.33,U
sh688663,新风光,2025-10-13 13:30:34,43.3,9572,43.31,D
sh688663,新风光,2025-10-13 13:30:46,43.32,8234,43.29,U
sh688663,新风光,2025-10-13 13:32:43,43.36,40173,43.32,U
sh688663,新风光,2025-10-13 13:39:01,43.41,7291,43.35,U
sh688663,新风光,2025-10-13 13:43:13,43.33,9732,43.31,U
sh688663,新风光,2025-10-13 13:44:01,43.37,10275,43.34,U
sh688663,新风光,2025-10-13 13:44:22,43.5,45325,43.4,U
sh688663,新风光,2025-10-13 13:44:28,43.5,5060,43.5,U
sh688663,新风光,2025-10-13 13:45:58,43.52,5323,43.51,D
sh688663,新风光,2025-10-13 13:49:58,43.5,17088,43.5,D
sh688663,新风光,2025-10-13 13:51:43,43.56,5000,43.55,U
sh688663,新风光,2025-10-13 13:51:52,43.59,15290,43.57,U
sh688663,新风光,2025-10-13 13:51:58,43.6,5200,43.6,U
sh688663,新风光,2025-10-13 13:53:19,43.7,16689,43.65,U
sh688663,新风光,2025-10-13 13:54:55,43.95,20400,43.85,U
sh688663,新风光,2025-10-13 13:55:31,44.12,17783,44.07,U
sh688663,新风光,2025-10-13 13:55:37,44.13,8439,44.13,D
sh688663,新风光,2025-10-13 13:56:49,44.19,4570,44.21,D
sh688663,新风光,2025-10-13 13:56:52,44.19,6986,44.19,D
sh688663,新风光,2025-10-13 13:57:22,44.12,15000,44.36,D
sh688663,新风光,2025-10-13 13:57:31,44.12,15328,44.43,D
sh688663,新风光,2025-10-13 13:58:10,44.12,6441,44.2,D
sh688663,新风光,2025-10-13 14:02:43,44.0,16500,44.11,D
sh688663,新风光,2025-10-13 14:02:46,44.17,4564,44.0,U
sh688663,新风光,2025-10-13 14:02:52,44.0,8430,44.17,D
sh688663,新风光,2025-10-13 14:03:04,44.0,5509,44.0,U
sh688663,新风光,2025-10-13 14:03:07,44.01,8750,44.0,U
sh688663,新风光,2025-10-13 14:03:10,44.0,14483,44.01,D
sh688663,新风光,2025-10-13 14:04:52,44.1,8824,44.14,D
sh688663,新风光,2025-10-13 14:05:07,44.0,6825,44.14,D
sh688663,新风光,2025-10-13 14:05:10,44.0,5599,44.0,U
sh688663,新风光,2025-10-13 14:05:16,44.0,16317,44.15,E
sh688663,新风光,2025-10-13 14:05:19,44.15,5140,44.0,U
sh688663,新风光,2025-10-13 14:05:25,44.0,10983,44.16,D
sh688663,新风光,2025-10-13 14:05:31,44.0,6911,44.0,U
sh688663,新风光,2025-10-13 14:07:43,44.11,23595,44.07,U
sh688663,新风光,2025-10-13 14:07:46,44.19,13301,44.11,U
sh688663,新风光,2025-10-13 14:07:49,44.23,15400,44.19,U
sh688663,新风光,2025-10-13 14:08:28,44.45,27821,44.42,U
sh688663,新风光,2025-10-13 14:08:31,44.5,23400,44.45,U
sh688663,新风光,2025-10-13 14:08:34,44.66,17561,44.5,U
sh688663,新风光,2025-10-13 14:08:40,44.28,19491,44.64,D
sh688663,新风光,2025-10-13 14:08:43,44.62,31423,44.28,U
sh688663,新风光,2025-10-13 14:08:46,44.62,11164,44.62,U
sh688663,新风光,2025-10-13 14:08:52,44.61,5242,44.44,U
sh688663,新风光,2025-10-13 14:09:10,44.64,23441,44.65,D
sh688663,新风光,2025-10-13 14:09:31,44.69,5496,44.69,D
sh688663,新风光,2025-10-13 14:09:43,44.69,5840,44.69,U
sh688663,新风光,2025-10-13 14:09:55,44.88,8930,44.86,U
sh688663,新风光,2025-10-13 14:10:04,44.93,9318,44.76,U
sh688663,新风光,2025-10-13 14:10:10,44.98,13836,44.96,U
sh688663,新风光,2025-10-13 14:10:16,44.93,6456,44.98,D
sh688663,新风光,2025-10-13 14:10:19,44.69,50334,44.93,D
sh688663,新风光,2025-10-13 14:10:22,44.92,8825,44.69,U
sh688663,新风光,2025-10-13 14:10:28,44.89,5452,44.86,U
sh688663,新风光,2025-10-13 14:10:43,44.85,10944,44.89,D
sh688663,新风光,2025-10-13 14:10:46,44.85,11125,44.85,D
sh688663,新风光,2025-10-13 14:11:04,44.89,11159,44.82,U
sh688663,新风光,2025-10-13 14:11:10,45.03,126051,44.9,U
sh688663,新风光,2025-10-13 14:11:13,45.18,16806,45.03,U
sh688663,新风光,2025-10-13 14:11:16,45.21,5359,45.18,U
sh688663,新风光,2025-10-13 14:11:19,45.21,13987,45.21,U
sh688663,新风光,2025-10-13 14:11:22,45.31,13074,45.21,U
sh688663,新风光,2025-10-13 14:11:25,45.28,6441,45.31,D
sh688663,新风光,2025-10-13 14:11:28,45.18,15818,45.28,D
sh688663,新风光,2025-10-13 14:11:31,45.18,11161,45.18,U
sh688663,新风光,2025-10-13 14:11:34,45.21,13630,45.18,U
sh688663,新风光,2025-10-13 14:11:37,45.1,16050,45.21,E
sh688663,新风光,2025-10-13 14:11:40,44.95,14525,45.1,E
sh688663,新风光,2025-10-13 14:11:46,45.0,12962,45.04,D
sh688663,新风光,2025-10-13 14:11:49,45.01,16173,45.0,U
sh688663,新风光,2025-10-13 14:11:52,45.01,9900,45.01,D
sh688663,新风光,2025-10-13 14:11:58,45.23,27074,45.01,U
sh688663,新风光,2025-10-13 14:12:04,45.23,10425,45.01,U
sh688663,新风光,2025-10-13 14:12:34,45.15,14677,45.16,D
sh688663,新风光,2025-10-13 14:12:58,45.06,12754,45.15,D
sh688663,新风光,2025-10-13 14:13:01,45.06,13795,45.06,U
sh688663,新风光,2025-10-13 14:13:04,45.18,27438,45.06,U
sh688663,新风光,2025-10-13 14:13:25,45.25,16725,45.18,U
sh688663,新风光,2025-10-13 14:13:28,45.26,9632,45.25,U
sh688663,新风光,2025-10-13 14:13:34,45.23,15900,45.25,D
sh688663,新风光,2025-10-13 14:13:40,45.12,17304,45.28,D
sh688663,新风光,2025-10-13 14:13:46,45.2,15400,45.2,D
sh688663,新风光,2025-10-13 14:13:55,45.3,26112,45.11,U
sh688663,新风光,2025-10-13 14:14:04,45.3,19942,45.3,D
sh688663,新风光,2025-10-13 14:14:13,45.31,15851,45.09,U
sh688663,新风光,2025-10-13 14:14:43,45.31,20313,45.21,U
sh688663,新风光,2025-10-13 14:14:46,45.43,19195,45.31,U
sh688663,新风光,2025-10-13 14:14:55,45.46,14146,45.46,U
sh688663,新风光,2025-10-13 14:15:01,45.32,27885,45.44,D
sh688663,新风光,2025-10-13 14:15:04,45.45,11109,45.32,U
sh688663,新风光,2025-10-13 14:15:07,45.3,11613,45.45,D
sh688663,新风光,2025-10-13 14:15:10,45.3,5800,45.3,D
sh688663,新风光,2025-10-13 14:15:19,45.3,18067,45.3,D
sh688663,新风光,2025-10-13 14:15:22,45.3,4508,45.3,D
sh688663,新风光,2025-10-13 14:15:31,45.3,10649,45.3,U
sh688663,新风光,2025-10-13 14:15:34,45.48,8000,45.3,U
sh688663,新风光,2025-10-13 14:15:58,45.41,5799,45.42,U
sh688663,新风光,2025-10-13 14:16:10,45.21,30337,45.3,D
sh688663,新风光,2025-10-13 14:16:16,45.21,6156,45.21,U
sh688663,新风光,2025-10-13 14:17:34,44.87,5200,44.99,D
sh688663,新风光,2025-10-13 14:18:07,45.0,14189,44.87,U
sh688663,新风光,2025-10-13 14:18:49,45.2,6400,45.19,U
sh688663,新风光,2025-10-13 14:19:10,45.2,15614,45.12,U
sh688663,新风光,2025-10-13 14:19:31,45.2,24584,45.24,D
sh688663,新风光,2025-10-13 14:21:55,45.01,8241,45.0,U
sh688663,新风光,2025-10-13 14:23:22,45.11,9960,45.09,U
sh688663,新风光,2025-10-13 14:23:28,45.1,14232,45.11,D
sh688663,新风光,2025-10-13 14:23:37,45.08,17132,45.1,D
sh688663,新风光,2025-10-13 14:23:40,45.03,14534,45.08,D
sh688663,新风光,2025-10-13 14:24:13,44.95,11454,45.0,D
sh688663,新风光,2025-10-13 14:25:16,45.0,34118,44.94,U
sh688663,新风光,2025-10-13 14:26:34,44.91,11366,44.95,D
sh688663,新风光,2025-10-13 14:26:43,44.89,8784,44.89,D
sh688663,新风光,2025-10-13 14:27:37,44.96,12154,44.98,E
sh688663,新风光,2025-10-13 14:27:52,45.0,13612,45.0,U
sh688663,新风光,2025-10-13 14:27:58,45.0,10860,45.04,D
sh688663,新风光,2025-10-13 14:28:01,44.96,15146,45.0,D
sh688663,新风光,2025-10-13 14:29:10,44.95,5921,44.96,D
sh688663,新风光,2025-10-13 14:30:01,44.8,9526,44.92,D
sh688663,新风光,2025-10-13 14:32:04,44.86,7269,44.73,U
sh688663,新风光,2025-10-13 14:32:16,44.92,5511,44.87,U
sh688663,新风光,2025-10-13 14:35:31,44.91,6600,44.88,U
sh688663,新风光,2025-10-13 14:35:37,44.93,6641,44.91,U
sh688663,新风光,2025-10-13 14:35:40,44.96,16596,44.93,U
sh688663,新风光,2025-10-13 14:35:43,45.0,21177,44.96,U
sh688663,新风光,2025-10-13 14:35:46,45.02,6474,45.0,U
sh688663,新风光,2025-10-13 14:35:52,45.08,11214,45.02,U
sh688663,新风光,2025-10-13 14:36:01,45.03,10200,45.08,D
sh688663,新风光,2025-10-13 14:36:04,44.99,10529,45.03,D
sh688663,新风光,2025-10-13 14:36:16,45.0,28125,44.95,U
sh688663,新风光,2025-10-13 14:37:04,44.96,7623,44.96,U
sh688663,新风光,2025-10-13 14:37:16,44.94,10200,44.95,D
sh688663,新风光,2025-10-13 14:38:07,44.95,5406,44.94,U
sh688663,新风光,2025-10-13 14:38:25,44.95,15149,44.98,D
sh688663,新风光,2025-10-13 14:39:19,44.88,5104,44.88,D
sh688663,新风光,2025-10-13 14:39:28,44.84,16790,44.85,D
sh688663,新风光,2025-10-13 14:39:31,44.8,4605,44.84,D
sh688663,新风光,2025-10-13 14:40:19,44.91,18135,44.82,U
sh688663,新风光,2025-10-13 14:40:58,44.97,12973,44.9,U
sh688663,新风光,2025-10-13 14:41:07,45.01,35810,44.98,U
sh688663,新风光,2025-10-13 14:41:10,45.02,8400,45.01,E
sh688663,新风光,2025-10-13 14:41:13,45.0,10000,45.02,D
sh688663,新风光,2025-10-13 14:41:22,44.91,19078,45.03,D
sh688663,新风光,2025-10-13 14:41:28,44.91,8106,44.94,D
sh688663,新风光,2025-10-13 14:42:01,45.0,12660,44.96,U
sh688663,新风光,2025-10-13 14:42:19,45.2,17799,45.06,U
sh688663,新风光,2025-10-13 14:42:22,45.2,33972,45.2,D
sh688663,新风光,2025-10-13 14:42:25,45.22,6889,45.2,U
sh688663,新风光,2025-10-13 14:42:37,45.03,14337,45.06,D
sh688663,新风光,2025-10-13 14:42:46,44.96,5709,45.02,D
sh688663,新风光,2025-10-13 14:43:25,44.95,6711,45.01,D
sh688663,新风光,2025-10-13 14:44:07,44.98,18319,44.94,U
sh688663,新风光,2025-10-13 14:44:25,44.99,7000,45.0,D
sh688663,新风光,2025-10-13 14:44:46,45.0,4870,45.01,D
sh688663,新风光,2025-10-13 14:45:01,45.0,24614,45.01,D
sh688663,新风光,2025-10-13 14:45:04,44.99,8680,45.0,D
sh688663,新风光,2025-10-13 14:45:55,44.9,8745,44.89,D
sh688663,新风光,2025-10-13 14:46:01,44.91,7072,44.88,U
sh688663,新风光,2025-10-13 14:46:04,44.91,12764,44.91,D
sh688663,新风光,2025-10-13 14:46:34,44.99,6000,44.97,U
sh688663,新风光,2025-10-13 14:46:52,44.95,50409,44.94,E
sh688663,新风光,2025-10-13 14:48:16,44.88,15604,44.95,D
sh688663,新风光,2025-10-13 14:48:40,44.81,15927,44.88,D
sh688663,新风光,2025-10-13 14:48:43,44.8,6180,44.81,D
sh688663,新风光,2025-10-13 14:48:46,44.81,4711,44.8,U
sh688663,新风光,2025-10-13 14:49:01,44.8,7515,44.82,D
sh688663,新风光,2025-10-13 14:49:10,44.86,10474,44.78,U
sh688663,新风光,2025-10-13 14:49:19,44.8,8937,44.87,D
sh688663,新风光,2025-10-13 14:49:43,44.8,4573,44.8,D
sh688663,新风光,2025-10-13 14:50:37,44.78,9507,44.74,U
sh688663,新风光,2025-10-13 14:50:46,44.81,15651,44.7,U
sh688663,新风光,2025-10-13 14:51:01,44.81,20900,44.81,U
sh688663,新风光,2025-10-13 14:51:04,44.81,17718,44.81,U
sh688663,新风光,2025-10-13 14:51:07,44.78,30414,44.81,D
sh688663,新风光,2025-10-13 14:51:16,44.78,6200,44.8,D
sh688663,新风光,2025-10-13 14:51:58,44.8,5763,44.76,U
sh688663,新风光,2025-10-13 14:52:10,44.79,11401,44.75,U
sh688663,新风光,2025-10-13 14:52:28,44.72,5000,44.79,E
sh688663,新风光,2025-10-13 14:54:22,44.85,10651,44.85,D
sh688663,新风光,2025-10-13 14:54:43,44.85,6762,44.86,D
sh688663,新风光,2025-10-13 14:55:01,44.89,7788,44.87,U
sh688663,新风光,2025-10-13 14:55:28,44.81,21594,44.89,D
sh688663,新风光,2025-10-13 14:55:31,44.93,9787,44.81,U
sh688663,新风光,2025-10-13 14:55:37,44.81,29372,44.93,D
sh688663,新风光,2025-10-13 14:55:46,44.86,5000,44.79,U
sh688663,新风光,2025-10-13 14:55:49,44.67,50000,44.86,D
sh688663,新风光,2025-10-13 14:55:58,44.68,6300,44.83,D
sh688663,新风光,2025-10-13 14:56:37,44.6,7747,44.68,D
sh688663,新风光,2025-10-13 15:00:03,44.44,126874,44.45,U
