symbol,name,ticktime,price,volume,prev_price,kind
sh688663,新风光,2025-10-15 09:25:01,41.01,16463,0.0,U
sh688663,新风光,2025-10-15 09:30:13,41.04,9200,41.44,D
sh688663,新风光,2025-10-15 09:31:40,41.44,8287,41.44,D
sh688663,新风光,2025-10-15 09:31:46,41.48,6100,41.44,U
sh688663,新风光,2025-10-15 09:31:58,41.44,24452,41.51,D
sh688663,新风光,2025-10-15 09:32:53,41.09,5635,41.09,D
sh688663,新风光,2025-10-15 09:32:58,41.16,14284,41.08,U
sh688663,新风光,2025-10-15 09:33:25,41.08,6300,41.16,D
sh688663,新风光,2025-10-15 09:34:49,41.07,6474,41.04,U
sh688663,新风光,2025-10-15 09:35:04,41.01,71200,41.13,D
sh688663,新风光,2025-10-15 09:35:58,41.1,8116,41.14,D
sh688663,新风光,2025-10-15 09:36:13,41.1,6158,41.1,U
sh688663,新风光,2025-10-15 09:36:31,41.01,6384,41.05,D
sh688663,新风光,2025-10-15 09:36:38,40.96,23794,41.01,D
sh688663,新风光,2025-10-15 09:36:40,40.91,5300,40.96,D
sh688663,新风光,2025-10-15 09:36:52,40.88,8440,40.91,D
sh688663,新风光,2025-10-15 09:36:58,40.8,20601,40.87,D
sh688663,新风光,2025-10-15 09:37:04,40.8,5739,40.8,D
sh688663,新风光,2025-10-15 09:37:16,40.84,8168,40.8,U
sh688663,新风光,2025-10-15 09:37:19,40.79,8690,40.84,D
sh688663,新风光,2025-10-15 09:37:31,40.8,9000,40.71,U
sh688663,新风光,2025-10-15 09:37:46,40.79,6032,40.8,D
sh688663,新风光,2025-10-15 09:37:52,40.8,7655,40.77,U
sh688663,新风光,2025-10-15 09:37:55,40.91,28702,40.8,U
sh688663,新风光,2025-10-15 09:37:58,40.91,8821,40.91,U
sh688663,新风光,2025-10-15 09:38:16,40.87,10000,40.91,D
sh688663,新风光,2025-10-15 09:38:22,40.79,21193,40.84,D
sh688663,新风光,2025-10-15 09:38:26,40.71,10500,40.79,D
sh688663,新风光,2025-10-15 09:38:37,40.85,10800,40.72,U
sh688663,新风光,2025-10-15 09:38:43,40.88,11696,40.72,U
sh688663,新风光,2025-10-15 09:38:46,40.88,19037,40.88,U
sh688663,新风光,2025-10-15 09:38:52,40.73,10000,40.88,D
sh688663,新风光,2025-10-15 09:38:58,40.71,12480,40.81,D
sh688663,新风光,2025-10-15 09:39:01,40.88,6000,40.71,U
sh688663,新风光,2025-10-15 09:39:25,40.71,8700,40.81,D
sh688663,新风光,2025-10-15 09:39:38,40.8,11250,40.79,U
sh688663,新风光,2025-10-15 09:39:43,40.81,9529,40.8,U
sh688663,新风光,2025-10-15 09:39:53,40.74,10200,40.81,E
sh688663,新风光,2025-10-15 09:40:19,40.71,9363,40.73,D
sh688663,新风光,2025-10-15 09:40:29,40.71,5086,40.72,D
sh688663,新风光,2025-10-15 09:40:43,40.81,5046,40.78,U
sh688663,新风光,2025-10-15 09:40:46,40.83,23077,40.81,U
sh688663,新风光,2025-10-15 09:40:55,40.86,6280,40.86,D
sh688663,新风光,2025-10-15 09:41:01,40.8,5210,40.86,D
sh688663,新风光,2025-10-15 09:41:16,40.8,5000,40.71,U
sh688663,新风光,2025-10-15 09:41:22,40.71,8472,40.79,D
sh688663,新风光,2025-10-15 09:42:04,40.72,10000,40.73,D
sh688663,新风光,2025-10-15 09:42:13,40.73,11938,40.79,E
sh688663,新风光,2025-10-15 09:42:47,40.78,8086,40.77,U
sh688663,新风光,2025-10-15 09:42:49,40.74,16370,40.78,D
sh688663,新风光,2025-10-15 09:42:58,40.7,15000,40.79,D
sh688663,新风光,2025-10-15 09:43:04,40.7,15600,40.7,D
sh688663,新风光,2025-10-15 09:43:07,40.69,29004,40.7,D
sh688663,新风光,2025-10-15 09:43:11,40.6,29535,40.69,D
sh688663,新风光,2025-10-15 09:43:14,40.6,8000,40.6,D
sh688663,新风光,2025-10-15 09:43:16,40.7,35723,40.6,U
sh688663,新风光,2025-10-15 09:43:25,40.71,10000,40.78,D
sh688663,新风光,2025-10-15 09:43:37,40.9,18562,40.84,U
sh688663,新风光,2025-10-15 09:43:49,40.96,16500,40.99,E
sh688663,新风光,2025-10-15 09:44:10,41.0,10000,41.18,D
sh688663,新风光,2025-10-15 09:44:19,41.17,6406,41.19,D
sh688663,新风光,2025-10-15 09:44:25,41.31,15856,41.17,E
sh688663,新风光,2025-10-15 09:44:37,41.09,16560,41.29,D
sh688663,新风光,2025-10-15 09:45:01,41.34,77400,41.32,U
sh688663,新风光,2025-10-15 09:45:16,41.18,5000,41.34,D
sh688663,新风光,2025-10-15 09:45:28,41.23,9633,41.18,E
sh688663,新风光,2025-10-15 09:45:34,41.21,8800,41.34,D
sh688663,新风光,2025-10-15 09:45:46,41.38,8181,41.29,U
sh688663,新风光,2025-10-15 09:45:49,41.39,10349,41.38,U
sh688663,新风光,2025-10-15 09:46:01,41.39,6031,41.32,E
sh688663,新风光,2025-10-15 09:46:58,41.5,23485,41.4,U
sh688663,新风光,2025-10-15 09:47:01,41.49,5400,41.5,D
sh688663,新风光,2025-10-15 09:47:13,41.44,10549,41.55,D
sh688663,新风光,2025-10-15 09:47:19,41.39,10133,41.46,D
sh688663,新风光,2025-10-15 09:47:25,41.43,7250,41.38,U
sh688663,新风光,2025-10-15 09:47:31,41.38,5500,41.43,D
sh688663,新风光,2025-10-15 09:47:43,41.4,5500,41.48,D
sh688663,新风光,2025-10-15 09:48:22,41.41,5654,41.46,D
sh688663,新风光,2025-10-15 09:48:25,41.48,6146,41.41,U
sh688663,新风光,2025-10-15 09:48:56,41.41,10000,41.41,D
sh688663,新风光,2025-10-15 09:49:04,41.4,7265,41.4,D
sh688663,新风光,2025-10-15 09:49:46,41.11,13946,41.25,D
sh688663,新风光,2025-10-15 09:50:02,41.03,20919,41.23,D
sh688663,新风光,2025-10-15 09:50:22,40.99,22319,41.0,D
sh688663,新风光,2025-10-15 09:52:13,40.89,17250,40.88,U
sh688663,新风光,2025-10-15 09:53:07,40.76,5438,40.82,D
sh688663,新风光,2025-10-15 09:53:28,40.73,20733,40.74,D
sh688663,新风光,2025-10-15 09:54:07,40.77,8300,40.77,D
sh688663,新风光,2025-10-15 09:54:43,40.8,5057,40.88,D
sh688663,新风光,2025-10-15 09:54:46,40.8,16317,40.8,D
sh688663,新风光,2025-10-15 09:55:22,40.7,8000,40.76,D
sh688663,新风光,2025-10-15 09:58:43,40.77,10000,40.91,D
sh688663,新风光,2025-10-15 10:01:22,40.89,23700,40.89,D
sh688663,新风光,2025-10-15 10:01:34,40.89,10364,40.89,U
sh688663,新风光,2025-10-15 10:02:16,41.09,4900,40.99,U
sh688663,新风光,2025-10-15 10:02:19,41.0,10174,41.09,D
sh688663,新风光,2025-10-15 10:05:13,41.07,21005,41.07,D
sh688663,新风光,2025-10-15 10:05:31,41.39,5000,41.28,U
sh688663,新风光,2025-10-15 10:05:59,41.41,10200,41.27,U
sh688663,新风光,2025-10-15 10:06:10,41.42,15548,41.4,U
sh688663,新风光,2025-10-15 10:06:19,41.48,14190,41.42,U
sh688663,新风光,2025-10-15 10:06:22,41.49,7605,41.48,U
sh688663,新风光,2025-10-15 10:06:25,41.47,5782,41.49,D
sh688663,新风光,2025-10-15 10:07:10,41.35,6500,41.22,U
sh688663,新风光,2025-10-15 10:07:43,41.21,5000,41.21,D
sh688663,新风光,2025-10-15 10:10:10,41.41,13077,41.35,U
sh688663,新风光,2025-10-15 10:10:25,41.49,5330,41.41,U
sh688663,新风光,2025-10-15 10:12:58,41.41,6102,41.35,U
sh688663,新风光,2025-10-15 10:13:13,41.43,9712,41.43,U
sh688663,新风光,2025-10-15 10:13:37,41.35,7361,41.43,D
sh688663,新风光,2025-10-15 10:15:31,41.37,6500,41.32,U
sh688663,新风光,2025-10-15 10:16:13,41.41,10383,41.37,U
sh688663,新风光,2025-10-15 10:17:59,41.39,6095,41.39,U
sh688663,新风光,2025-10-15 10:18:01,41.4,7204,41.39,D
sh688663,新风光,2025-10-15 10:18:25,41.52,16423,41.41,U
sh688663,新风光,2025-10-15 10:18:28,41.51,5049,41.52,E
sh688663,新风光,2025-10-15 10:18:31,41.43,9777,41.51,D
sh688663,新风光,2025-10-15 10:18:40,41.41,10000,41.6,D
sh688663,新风光,2025-10-15 10:18:52,41.41,10000,41.57,D
sh688663,新风光,2025-10-15 10:19:01,41.49,11056,41.5,E
sh688663,新风光,2025-10-15 10:19:16,41.53,10962,41.54,E
sh688663,新风光,2025-10-15 10:20:08,41.45,5464,41.45,D
sh688663,新风光,2025-10-15 10:20:22,41.54,10200,41.41,U
sh688663,新风光,2025-10-15 10:20:38,41.41,8966,41.58,D
sh688663,新风光,2025-10-15 10:21:37,41.34,5109,41.41,D
sh688663,新风光,2025-10-15 10:22:07,41.4,21137,41.3,U
sh688663,新风光,2025-10-15 10:23:01,41.3,5000,41.2,U
sh688663,新风光,2025-10-15 10:23:25,41.33,9004,41.3,U
sh688663,新风光,2025-10-15 10:29:20,41.27,6419,41.22,U
sh688663,新风光,2025-10-15 10:30:28,41.2,7400,41.2,D
sh688663,新风光,2025-10-15 10:30:55,41.01,7492,41.2,D
sh688663,新风光,2025-10-15 10:36:34,40.98,5227,40.92,U
sh688663,新风光,2025-10-15 10:39:05,40.91,6438,40.91,D
sh688663,新风光,2025-10-15 10:39:52,40.9,6044,40.91,D
sh688663,新风光,2025-10-15 10:40:04,40.83,16779,40.9,D
sh688663,新风光,2025-10-15 10:40:49,40.9,8508,40.87,U
sh688663,新风光,2025-10-15 10:43:16,40.82,5126,40.84,D
sh688663,新风光,2025-10-15 10:44:10,40.78,16655,40.8,D
sh688663,新风光,2025-10-15 10:45:55,40.8,8361,40.8,D
sh688663,新风光,2025-10-15 10:52:34,40.8,6175,40.85,D
sh688663,新风光,2025-10-15 10:53:10,40.8,5950,40.8,U
sh688663,新风光,2025-10-15 10:56:16,40.78,16657,40.79,D
sh688663,新风光,2025-10-15 10:56:19,40.76,24959,40.78,D
sh688663,新风光,2025-10-15 10:56:22,40.74,16356,40.76,D
sh688663,新风光,2025-10-15 10:56:25,40.75,9643,40.74,U
sh688663,新风光,2025-10-15 10:56:37,40.74,6726,40.78,D
sh688663,新风光,2025-10-15 10:59:19,40.82,5000,40.82,D
sh688663,新风光,2025-10-15 10:59:49,40.8,5085,40.81,D
sh688663,新风光,2025-10-15 11:04:40,40.77,7000,40.85,D
sh688663,新风光,2025-10-15 11:06:43,40.8,18507,40.85,D
sh688663,新风光,2025-10-15 11:06:52,40.8,26982,40.8,U
sh688663,新风光,2025-10-15 11:06:55,40.8,5510,40.8,U
sh688663,新风光,2025-10-15 11:07:55,40.85,5878,40.85,U
sh688663,新风光,2025-10-15 11:08:40,40.85,8917,40.86,D
sh688663,新风光,2025-10-15 11:13:52,40.73,22930,40.79,D
sh688663,新风光,2025-10-15 11:14:25,40.72,6186,40.73,D
sh688663,新风光,2025-10-15 11:14:49,40.68,31913,40.73,D
sh688663,新风光,2025-10-15 11:17:22,40.7,20608,40.73,D
sh688663,新风光,2025-10-15 11:17:37,40.69,5719,40.7,D
sh688663,新风光,2025-10-15 13:00:07,41.09,7388,41.08,D
sh688663,新风光,2025-10-15 13:00:10,41.25,15192,41.09,U
sh688663,新风光,2025-10-15 13:00:55,41.26,6638,41.25,E
sh688663,新风光,2025-10-15 13:01:04,41.49,56397,41.31,U
sh688663,新风光,2025-10-15 13:01:07,41.6,12728,41.49,U
sh688663,新风光,2025-10-15 13:01:10,41.6,8940,41.6,U
sh688663,新风光,2025-10-15 13:01:31,41.67,6737,41.57,U
sh688663,新风光,2025-10-15 13:01:37,41.7,7275,41.67,U
sh688663,新风光,2025-10-15 13:01:52,41.84,8947,41.71,U
sh688663,新风光,2025-10-15 13:01:58,41.96,17588,41.84,U
sh688663,新风光,2025-10-15 13:02:04,41.98,35849,41.96,U
sh688663,新风光,2025-10-15 13:02:07,42.02,8923,41.98,U
sh688663,新风光,2025-10-15 13:02:17,41.96,13442,42.18,D
sh688663,新风光,2025-10-15 13:02:19,41.97,7166,41.96,U
sh688663,新风光,2025-10-15 13:02:31,41.88,20400,41.97,D
sh688663,新风光,2025-10-15 13:02:58,41.92,6000,41.83,U
sh688663,新风光,2025-10-15 13:03:13,41.8,5017,41.92,D
sh688663,新风光,2025-10-15 13:03:34,41.6,6082,41.71,D
sh688663,新风光,2025-10-15 13:03:37,41.71,5518,41.6,U
sh688663,新风光,2025-10-15 13:03:59,41.6,7200,41.6,U
sh688663,新风光,2025-10-15 13:04:04,41.8,9814,41.71,U
sh688663,新风光,2025-10-15 13:04:37,41.66,10200,41.68,D
sh688663,新风光,2025-10-15 13:04:41,41.6,10200,41.66,E
sh688663,新风光,2025-10-15 13:04:43,41.61,9900,41.6,E
sh688663,新风光,2025-10-15 13:04:46,41.6,10000,41.61,D
sh688663,新风光,2025-10-15 13:05:05,41.8,6400,41.7,U
sh688663,新风光,2025-10-15 13:05:29,41.9,5292,41.7,U
sh688663,新风光,2025-10-15 13:06:01,41.56,14127,41.59,D
sh688663,新风光,2025-10-15 13:06:04,41.58,6600,41.56,U
sh688663,新风光,2025-10-15 13:07:01,41.58,5439,41.58,U
sh688663,新风光,2025-10-15 13:07:07,41.46,10000,41.57,D
sh688663,新风光,2025-10-15 13:07:29,41.39,6250,41.46,D
sh688663,新风光,2025-10-15 13:09:01,41.41,8100,41.41,U
sh688663,新风光,2025-10-15 13:09:14,41.39,17787,41.39,D
sh688663,新风光,2025-10-15 13:10:01,41.31,11046,41.31,D
sh688663,新风光,2025-10-15 13:11:07,41.3,5800,41.31,D
sh688663,新风光,2025-10-15 13:16:02,41.41,12080,41.38,U
sh688663,新风光,2025-10-15 13:19:46,41.45,6326,41.44,U
sh688663,新风光,2025-10-15 13:34:43,41.46,6134,41.45,U
sh688663,新风光,2025-10-15 13:36:19,41.6,11918,41.57,U
sh688663,新风光,2025-10-15 13:36:22,41.63,6900,41.6,U
sh688663,新风光,2025-10-15 13:37:13,41.6,14591,41.67,D
sh688663,新风光,2025-10-15 13:37:17,41.6,5300,41.6,U
sh688663,新风光,2025-10-15 13:37:31,41.9,28957,41.58,U
sh688663,新风光,2025-10-15 13:37:35,41.51,20200,41.9,D
sh688663,新风光,2025-10-15 13:37:52,41.5,21900,41.87,D
sh688663,新风光,2025-10-15 13:37:58,41.5,11888,41.5,D
sh688663,新风光,2025-10-15 13:38:01,41.5,8112,41.5,U
sh688663,新风光,2025-10-15 13:38:11,41.52,10000,41.77,D
sh688663,新风光,2025-10-15 13:38:16,41.5,10000,41.62,D
sh688663,新风光,2025-10-15 13:38:22,41.5,5000,41.5,D
sh688663,新风光,2025-10-15 13:39:04,41.45,8700,41.5,D
sh688663,新风光,2025-10-15 13:42:11,41.36,5570,41.37,D
sh688663,新风光,2025-10-15 13:43:28,41.26,16565,41.31,D
sh688663,新风光,2025-10-15 13:45:04,41.41,10434,41.28,U
sh688663,新风光,2025-10-15 13:45:31,41.42,5000,41.41,D
sh688663,新风光,2025-10-15 13:45:35,41.41,19919,41.42,D
sh688663,新风光,2025-10-15 13:45:46,41.41,10119,41.41,D
sh688663,新风光,2025-10-15 13:45:55,41.41,9881,41.37,U
sh688663,新风光,2025-10-15 13:46:13,41.41,6919,41.44,D
sh688663,新风光,2025-10-15 13:53:58,41.32,7612,41.38,D
sh688663,新风光,2025-10-15 13:54:58,41.27,11443,41.32,D
sh688663,新风光,2025-10-15 14:08:52,41.48,6800,41.5,D
sh688663,新风光,2025-10-15 14:09:46,41.53,5903,41.51,U
sh688663,新风光,2025-10-15 14:09:49,41.57,15800,41.53,U
sh688663,新风光,2025-10-15 14:09:52,41.66,13994,41.57,U
sh688663,新风光,2025-10-15 14:09:55,41.66,5474,41.66,U
sh688663,新风光,2025-10-15 14:10:01,41.69,46710,41.66,U
sh688663,新风光,2025-10-15 14:10:04,41.78,28384,41.69,U
sh688663,新风光,2025-10-15 14:10:07,41.87,21206,41.78,U
sh688663,新风光,2025-10-15 14:10:10,41.9,14223,41.87,U
sh688663,新风光,2025-10-15 14:10:13,41.9,10366,41.9,U
sh688663,新风光,2025-10-15 14:10:16,41.89,11944,41.9,D
sh688663,新风光,2025-10-15 14:10:19,41.97,8020,41.89,U
sh688663,新风光,2025-10-15 14:10:25,41.9,5972,41.95,D
sh688663,新风光,2025-10-15 14:10:34,41.95,5331,41.89,U
sh688663,新风光,2025-10-15 14:10:41,41.91,10232,41.9,E
sh688663,新风光,2025-10-15 14:11:14,41.92,7191,41.98,D
sh688663,新风光,2025-10-15 14:11:49,41.88,7500,41.93,D
sh688663,新风光,2025-10-15 14:12:04,41.97,6545,41.91,U
sh688663,新风光,2025-10-15 14:12:08,41.89,32573,41.97,E
sh688663,新风光,2025-10-15 14:12:10,41.86,7256,41.89,D
sh688663,新风光,2025-10-15 14:12:52,41.76,6768,41.82,D
sh688663,新风光,2025-10-15 14:13:55,41.63,5981,41.75,D
sh688663,新风光,2025-10-15 14:16:08,41.84,6707,41.78,U
sh688663,新风光,2025-10-15 14:18:04,41.89,6336,41.77,U
sh688663,新风光,2025-10-15 14:21:37,41.67,4891,41.68,D
sh688663,新风光,2025-10-15 14:21:55,41.65,7400,41.67,D
sh688663,新风光,2025-10-15 14:27:13,41.77,8922,41.68,U
sh688663,新风光,2025-10-15 14:27:22,41.9,8899,41.77,U
sh688663,新风光,2025-10-15 14:27:37,41.83,10385,41.81,U
sh688663,新风光,2025-10-15 14:27:50,41.82,6197,41.82,D
sh688663,新风光,2025-10-15 14:28:04,41.81,5139,41.82,D
sh688663,新风光,2025-10-15 14:33:58,41.66,7180,41.66,D
sh688663,新风光,2025-10-15 14:35:43,41.74,10808,41.76,D
sh688663,新风光,2025-10-15 14:39:07,41.75,6046,41.74,U
sh688663,新风光,2025-10-15 14:41:28,41.76,7605,41.77,D
sh688663,新风光,2025-10-15 14:42:25,41.75,6133,41.71,U
sh688663,新风光,2025-10-15 14:44:22,41.71,12467,41.73,D
sh688663,新风光,2025-10-15 14:45:52,41.78,6009,41.7,U
sh688663,新风光,2025-10-15 14:48:01,41.77,7007,41.78,D
sh688663,新风光,2025-10-15 14:49:43,41.77,4928,41.78,D
sh688663,新风光,2025-10-15 14:54:07,41.72,5983,41.72,D
sh688663,新风光,2025-10-15 14:55:10,41.75,5894,41.72,U
sh688663,新风光,2025-10-15 14:56:22,41.74,10166,41.75,D
sh688663,新风光,2025-10-15 15:00:01,41.74,32498,41.75,U
