symbol,name,ticktime,price,volume,prev_price,kind
sh688663,新风光,2025-10-09 09:25:01,41.8,68189,0.0,U
sh688663,新风光,2025-10-09 09:30:02,41.8,15833,41.8,U
sh688663,新风光,2025-10-09 09:30:05,42.0,33819,41.8,U
sh688663,新风光,2025-10-09 09:30:11,41.9,16848,41.89,E
sh688663,新风光,2025-10-09 09:30:14,41.8,16875,41.9,E
sh688663,新风光,2025-10-09 09:30:17,41.84,7522,41.8,U
sh688663,新风光,2025-10-09 09:30:20,41.82,10092,41.84,U
sh688663,新风光,2025-10-09 09:30:23,41.82,13710,41.82,D
sh688663,新风光,2025-10-09 09:30:26,41.87,15865,41.82,E
sh688663,新风光,2025-10-09 09:30:32,41.81,13762,41.71,U
sh688663,新风光,2025-10-09 09:30:38,41.79,11509,41.71,E
sh688663,新风光,2025-10-09 09:30:41,41.9,27734,41.79,U
sh688663,新风光,2025-10-09 09:30:44,41.71,5312,41.9,E
sh688663,新风光,2025-10-09 09:30:47,41.82,6267,41.71,U
sh688663,新风光,2025-10-09 09:30:53,41.84,15910,41.83,D
sh688663,新风光,2025-10-09 09:30:56,41.82,11820,41.84,D
sh688663,新风光,2025-10-09 09:30:59,41.8,5324,41.82,D
sh688663,新风光,2025-10-09 09:31:02,41.99,37522,41.8,U
sh688663,新风光,2025-10-09 09:31:05,42.0,17401,41.99,U
sh688663,新风光,2025-10-09 09:31:08,42.07,12767,42.0,U
sh688663,新风光,2025-10-09 09:31:11,42.07,6800,42.07,U
sh688663,新风光,2025-10-09 09:31:14,42.07,10719,42.07,U
sh688663,新风光,2025-10-09 09:31:17,42.19,8157,42.07,U
sh688663,新风光,2025-10-09 09:31:20,42.21,6526,42.19,U
sh688663,新风光,2025-10-09 09:31:26,42.39,11600,42.3,U
sh688663,新风光,2025-10-09 09:31:29,42.32,9022,42.39,U
sh688663,新风光,2025-10-09 09:31:32,42.22,6445,42.32,D
sh688663,新风光,2025-10-09 09:31:41,42.49,8600,42.3,U
sh688663,新风光,2025-10-09 09:31:47,42.22,7205,42.22,U
sh688663,新风光,2025-10-09 09:31:50,42.3,22293,42.22,U
sh688663,新风光,2025-10-09 09:32:11,41.74,5096,41.77,D
sh688663,新风光,2025-10-09 09:32:14,42.22,7967,41.74,U
sh688663,新风光,2025-10-09 09:32:17,41.77,12719,42.22,D
sh688663,新风光,2025-10-09 09:32:23,42.0,5318,42.07,U
sh688663,新风光,2025-10-09 09:32:26,41.96,7006,42.0,E
sh688663,新风光,2025-10-09 09:32:29,42.0,6979,41.96,U
sh688663,新风光,2025-10-09 09:32:35,42.11,5742,42.1,E
sh688663,新风光,2025-10-09 09:32:47,42.22,6231,42.2,U
sh688663,新风光,2025-10-09 09:32:50,42.23,20840,42.22,U
sh688663,新风光,2025-10-09 09:32:56,42.23,8200,42.2,U
sh688663,新风光,2025-10-09 09:33:05,42.42,11501,42.2,U
sh688663,新风光,2025-10-09 09:33:14,42.42,23226,42.39,U
sh688663,新风光,2025-10-09 09:33:20,42.48,6700,42.11,U
sh688663,新风光,2025-10-09 09:33:26,42.21,5736,42.42,D
sh688663,新风光,2025-10-09 09:33:29,42.41,12536,42.21,U
sh688663,新风光,2025-10-09 09:33:32,42.5,37786,42.41,U
sh688663,新风光,2025-10-09 09:33:35,42.5,10778,42.5,D
sh688663,新风光,2025-10-09 09:33:44,42.55,6328,42.55,U
sh688663,新风光,2025-10-09 09:33:47,42.6,7522,42.55,U
sh688663,新风光,2025-10-09 09:33:53,43.0,43041,42.76,U
sh688663,新风光,2025-10-09 09:33:56,43.01,6400,43.0,U
sh688663,新风光,2025-10-09 09:33:59,43.5,40653,43.01,U
sh688663,新风光,2025-10-09 09:34:02,43.19,23322,43.5,D
sh688663,新风光,2025-10-09 09:34:05,43.0,9209,43.19,U
sh688663,新风光,2025-10-09 09:34:11,42.78,11175,43.0,D
sh688663,新风光,2025-10-09 09:34:20,43.0,38232,42.9,U
sh688663,新风光,2025-10-09 09:34:26,43.19,12140,43.0,U
sh688663,新风光,2025-10-09 09:34:32,43.5,16700,43.15,U
sh688663,新风光,2025-10-09 09:34:35,43.19,5207,43.5,D
sh688663,新风光,2025-10-09 09:34:41,43.32,100155,43.3,U
sh688663,新风光,2025-10-09 09:35:02,43.0,24199,43.05,D
sh688663,新风光,2025-10-09 09:35:05,43.14,61955,43.0,U
sh688663,新风光,2025-10-09 09:35:08,43.22,13279,43.14,U
sh688663,新风光,2025-10-09 09:35:11,43.14,8684,43.22,D
sh688663,新风光,2025-10-09 09:35:14,43.0,4661,43.14,D
sh688663,新风光,2025-10-09 09:35:17,43.1,32628,43.0,U
sh688663,新风光,2025-10-09 09:35:20,43.01,10101,43.1,D
sh688663,新风光,2025-10-09 09:35:23,43.16,8935,43.01,E
sh688663,新风光,2025-10-09 09:35:32,43.14,12615,43.22,D
sh688663,新风光,2025-10-09 09:35:38,43.27,9685,43.27,D
sh688663,新风光,2025-10-09 09:35:53,43.03,7761,43.17,D
sh688663,新风光,2025-10-09 09:35:56,42.95,5314,43.03,D
sh688663,新风光,2025-10-09 09:36:17,42.79,21650,42.68,E
sh688663,新风光,2025-10-09 09:36:26,42.79,5600,42.68,U
sh688663,新风光,2025-10-09 09:36:32,42.79,5200,42.91,D
sh688663,新风光,2025-10-09 09:36:50,43.04,13271,42.83,U
sh688663,新风光,2025-10-09 09:36:59,43.04,7442,43.14,D
sh688663,新风光,2025-10-09 09:37:05,43.0,6858,43.08,D
sh688663,新风光,2025-10-09 09:37:17,43.0,9568,42.91,U
sh688663,新风光,2025-10-09 09:37:32,42.68,6200,42.81,D
sh688663,新风光,2025-10-09 09:37:41,42.8,14125,42.8,U
sh688663,新风光,2025-10-09 09:37:44,42.79,4900,42.8,E
sh688663,新风光,2025-10-09 09:37:53,42.78,6500,42.78,D
sh688663,新风光,2025-10-09 09:37:56,42.8,9144,42.78,U
sh688663,新风光,2025-10-09 09:37:59,42.84,5329,42.8,U
sh688663,新风光,2025-10-09 09:38:02,43.04,47666,42.84,U
sh688663,新风光,2025-10-09 09:38:05,42.96,33053,43.04,D
sh688663,新风光,2025-10-09 09:38:11,42.86,12074,42.86,D
sh688663,新风光,2025-10-09 09:38:50,42.78,15904,42.82,D
sh688663,新风光,2025-10-09 09:38:53,42.78,6907,42.78,D
sh688663,新风光,2025-10-09 09:39:08,42.7,5531,42.63,E
sh688663,新风光,2025-10-09 09:39:17,42.65,5880,42.78,D
sh688663,新风光,2025-10-09 09:39:26,42.67,14018,42.82,D
sh688663,新风光,2025-10-09 09:39:32,42.82,5081,42.67,U
sh688663,新风光,2025-10-09 09:39:59,42.88,7355,42.7,U
sh688663,新风光,2025-10-09 09:40:02,42.95,6307,42.88,U
sh688663,新风光,2025-10-09 09:40:05,42.95,21000,42.95,U
sh688663,新风光,2025-10-09 09:40:32,43.16,15489,43.1,U
sh688663,新风光,2025-10-09 09:40:35,43.15,29314,43.16,D
sh688663,新风光,2025-10-09 09:40:41,43.09,13925,43.15,D
sh688663,新风光,2025-10-09 09:40:44,43.16,4910,43.09,U
sh688663,新风光,2025-10-09 09:40:50,43.06,10074,43.14,D
sh688663,新风光,2025-10-09 09:40:59,43.01,5013,43.01,U
sh688663,新风光,2025-10-09 09:41:02,43.15,24200,43.01,U
sh688663,新风光,2025-10-09 09:41:05,43.18,20269,43.15,U
sh688663,新风光,2025-10-09 09:41:20,43.06,13694,43.1,D
sh688663,新风光,2025-10-09 09:41:38,43.1,18683,42.95,U
sh688663,新风光,2025-10-09 09:41:44,43.15,25419,43.1,U
sh688663,新风光,2025-10-09 09:41:50,43.18,7084,43.11,U
sh688663,新风光,2025-10-09 09:41:56,43.18,6590,43.09,U
sh688663,新风光,2025-10-09 09:42:05,43.09,5868,43.1,D
sh688663,新风光,2025-10-09 09:42:14,43.1,5578,43.14,U
sh688663,新风光,2025-10-09 09:43:35,42.78,6018,42.78,U
sh688663,新风光,2025-10-09 09:43:41,42.91,4817,42.78,U
sh688663,新风光,2025-10-09 09:43:44,42.77,12336,42.91,D
sh688663,新风光,2025-10-09 09:43:47,42.75,6439,42.77,D
sh688663,新风光,2025-10-09 09:45:26,42.74,4922,42.74,D
sh688663,新风光,2025-10-09 09:45:29,42.78,8592,42.74,E
sh688663,新风光,2025-10-09 09:45:32,42.74,7902,42.78,E
sh688663,新风光,2025-10-09 09:45:44,42.57,15765,42.62,D
sh688663,新风光,2025-10-09 09:45:47,42.62,5098,42.57,U
sh688663,新风光,2025-10-09 09:46:38,42.37,12362,42.39,E
sh688663,新风光,2025-10-09 09:46:44,42.28,7768,42.39,D
sh688663,新风光,2025-10-09 09:46:50,42.28,6002,42.29,D
sh688663,新风光,2025-10-09 09:47:02,42.28,12134,42.29,D
sh688663,新风光,2025-10-09 09:47:17,42.49,6150,42.41,U
sh688663,新风光,2025-10-09 09:47:38,42.57,22649,42.44,U
sh688663,新风光,2025-10-09 09:47:50,42.59,6347,42.59,D
sh688663,新风光,2025-10-09 09:47:59,42.59,5600,42.59,U
sh688663,新风光,2025-10-09 09:48:23,42.6,5235,42.64,D
sh688663,新风光,2025-10-09 09:48:44,42.5,10784,42.53,D
sh688663,新风光,2025-10-09 09:49:02,42.54,24711,42.48,U
sh688663,新风光,2025-10-09 09:49:56,42.56,5418,42.57,D
sh688663,新风光,2025-10-09 09:50:44,42.58,8353,42.58,U
sh688663,新风光,2025-10-09 09:51:14,42.38,4723,42.48,D
sh688663,新风光,2025-10-09 09:51:59,42.27,6400,42.27,D
sh688663,新风光,2025-10-09 09:52:11,42.27,6044,42.31,D
sh688663,新风光,2025-10-09 09:53:35,42.3,7488,42.21,U
sh688663,新风光,2025-10-09 09:54:05,42.4,10146,42.36,U
sh688663,新风光,2025-10-09 09:54:23,42.39,7726,42.22,U
sh688663,新风光,2025-10-09 09:55:11,42.44,7755,42.44,E
sh688663,新风光,2025-10-09 09:56:02,42.42,5583,42.43,D
sh688663,新风光,2025-10-09 09:56:20,42.5,7596,42.35,U
sh688663,新风光,2025-10-09 09:56:23,42.5,10200,42.5,U
sh688663,新风光,2025-10-09 09:57:47,42.84,5231,42.67,U
sh688663,新风光,2025-10-09 09:58:26,42.81,5988,42.82,U
sh688663,新风光,2025-10-09 09:58:32,42.79,10861,42.79,U
sh688663,新风光,2025-10-09 09:58:53,42.79,6284,42.79,D
sh688663,新风光,2025-10-09 09:59:11,42.88,7994,42.8,U
sh688663,新风光,2025-10-09 10:00:14,42.97,4776,42.87,U
sh688663,新风光,2025-10-09 10:00:17,42.98,6248,42.97,U
sh688663,新风光,2025-10-09 10:00:29,43.12,30643,42.98,U
sh688663,新风光,2025-10-09 10:00:41,43.17,9200,43.14,U
sh688663,新风光,2025-10-09 10:00:50,43.17,9660,43.12,U
sh688663,新风光,2025-10-09 10:00:53,43.17,11986,43.17,D
sh688663,新风光,2025-10-09 10:00:59,43.07,5600,43.09,D
sh688663,新风光,2025-10-09 10:01:14,43.07,81902,43.08,D
sh688663,新风光,2025-10-09 10:01:20,43.08,6470,43.07,U
sh688663,新风光,2025-10-09 10:01:23,43.2,9307,43.08,U
sh688663,新风光,2025-10-09 10:03:02,42.88,6386,42.91,D
sh688663,新风光,2025-10-09 10:04:50,42.7,10000,42.82,D
sh688663,新风光,2025-10-09 10:05:59,42.88,7448,42.85,U
sh688663,新风光,2025-10-09 10:09:05,42.75,6014,42.77,D
sh688663,新风光,2025-10-09 10:10:38,42.74,9663,42.72,U
sh688663,新风光,2025-10-09 10:10:59,42.98,38860,42.74,U
sh688663,新风光,2025-10-09 10:12:20,42.95,5176,42.91,U
sh688663,新风光,2025-10-09 10:13:38,42.96,7297,42.95,U
sh688663,新风光,2025-10-09 10:13:53,42.96,9407,42.91,U
sh688663,新风光,2025-10-09 10:14:11,43.0,36393,42.96,U
sh688663,新风光,2025-10-09 10:23:56,42.67,9844,42.67,U
sh688663,新风光,2025-10-09 10:26:56,42.63,8200,42.63,D
sh688663,新风光,2025-10-09 10:29:32,42.75,5621,42.73,U
sh688663,新风光,2025-10-09 10:33:08,42.8,8649,42.8,U
sh688663,新风光,2025-10-09 10:33:35,42.93,21397,42.81,U
sh688663,新风光,2025-10-09 10:33:38,42.96,5259,42.93,U
sh688663,新风光,2025-10-09 10:33:41,43.02,31914,42.96,U
sh688663,新风光,2025-10-09 10:34:17,43.04,4800,43.03,D
sh688663,新风光,2025-10-09 10:34:26,42.94,8362,43.03,E
sh688663,新风光,2025-10-09 10:35:02,43.1,5265,43.09,U
sh688663,新风光,2025-10-09 10:36:26,43.1,30850,43.09,U
sh688663,新风光,2025-10-09 10:38:02,43.2,57587,43.13,U
sh688663,新风光,2025-10-09 10:38:05,43.25,11938,43.2,U
sh688663,新风光,2025-10-09 10:38:08,43.13,13731,43.25,D
sh688663,新风光,2025-10-09 10:38:11,43.26,21285,43.13,U
sh688663,新风光,2025-10-09 10:38:35,43.25,7189,43.25,U
sh688663,新风光,2025-10-09 10:39:35,43.32,42899,43.26,U
sh688663,新风光,2025-10-09 10:39:44,43.43,11430,43.42,U
sh688663,新风光,2025-10-09 10:39:47,43.43,8800,43.43,U
sh688663,新风光,2025-10-09 10:39:50,43.43,4618,43.43,U
sh688663,新风光,2025-10-09 10:39:53,43.42,7710,43.43,E
sh688663,新风光,2025-10-09 10:39:56,43.43,5753,43.42,U
sh688663,新风光,2025-10-09 10:40:02,43.44,32026,43.43,U
sh688663,新风光,2025-10-09 10:40:05,43.48,5063,43.44,U
sh688663,新风光,2025-10-09 10:40:11,43.5,7348,43.5,U
sh688663,新风光,2025-10-09 10:40:17,43.5,8006,43.48,U
sh688663,新风光,2025-10-09 10:40:20,43.5,5360,43.5,U
sh688663,新风光,2025-10-09 10:40:23,43.5,4933,43.5,U
sh688663,新风光,2025-10-09 10:40:29,43.5,5752,43.5,U
sh688663,新风光,2025-10-09 10:40:32,43.5,9609,43.5,U
sh688663,新风光,2025-10-09 10:40:59,43.49,5267,43.42,U
sh688663,新风光,2025-10-09 10:41:35,43.46,9578,43.44,U
sh688663,新风光,2025-10-09 10:42:26,43.36,5200,43.38,E
sh688663,新风光,2025-10-09 10:45:05,43.49,5367,43.48,U
sh688663,新风光,2025-10-09 10:46:08,43.44,4787,43.43,U
sh688663,新风光,2025-10-09 10:46:11,43.44,5507,43.44,U
sh688663,新风光,2025-10-09 10:46:38,43.5,58055,43.47,U
sh688663,新风光,2025-10-09 10:48:59,43.52,89630,43.49,U
sh688663,新风光,2025-10-09 10:49:02,43.6,7086,43.52,U
sh688663,新风光,2025-10-09 10:49:05,43.65,6753,43.6,U
sh688663,新风光,2025-10-09 10:49:08,43.66,5730,43.65,U
sh688663,新风光,2025-10-09 10:49:35,43.64,18677,43.67,D
sh688663,新风光,2025-10-09 10:50:35,43.49,5886,43.65,D
sh688663,新风光,2025-10-09 10:51:47,43.54,24852,43.56,E
sh688663,新风光,2025-10-09 10:51:50,43.56,4733,43.54,U
sh688663,新风光,2025-10-09 10:53:41,43.47,5400,43.36,U
sh688663,新风光,2025-10-09 11:01:11,43.57,12000,43.51,U
sh688663,新风光,2025-10-09 11:01:14,43.5,9581,43.57,D
sh688663,新风光,2025-10-09 11:02:41,43.5,7681,43.51,D
sh688663,新风光,2025-10-09 11:06:17,43.5,4837,43.5,U
sh688663,新风光,2025-10-09 11:06:26,43.5,7797,43.5,U
sh688663,新风光,2025-10-09 11:07:59,43.56,4845,43.5,U
sh688663,新风光,2025-10-09 11:08:14,43.64,20317,43.58,U
sh688663,新风光,2025-10-09 11:08:26,43.75,22337,43.7,U
sh688663,新风光,2025-10-09 11:08:41,43.77,20196,43.78,E
sh688663,新风光,2025-10-09 11:09:20,43.78,4836,43.76,U
sh688663,新风光,2025-10-09 11:11:23,43.85,4693,43.8,U
sh688663,新风光,2025-10-09 11:11:35,43.9,6785,43.88,U
sh688663,新风光,2025-10-09 11:12:05,43.91,11849,43.9,U
sh688663,新风光,2025-10-09 11:13:02,43.79,5200,43.86,D
sh688663,新风光,2025-10-09 11:14:05,43.7,8756,43.7,D
sh688663,新风光,2025-10-09 11:14:08,43.7,9584,43.7,D
sh688663,新风光,2025-10-09 11:16:47,43.73,7881,43.76,D
sh688663,新风光,2025-10-09 11:17:08,43.8,8600,43.78,U
sh688663,新风光,2025-10-09 11:20:53,43.73,41841,43.8,D
sh688663,新风光,2025-10-09 11:22:44,43.44,12030,43.73,D
sh688663,新风光,2025-10-09 11:28:11,43.35,6119,43.37,D
sh688663,新风光,2025-10-09 11:28:14,43.3,9231,43.35,D
sh688663,新风光,2025-10-09 11:28:17,43.29,4942,43.3,E
sh688663,新风光,2025-10-09 11:28:41,43.05,5200,43.3,D
sh688663,新风光,2025-10-09 11:29:05,43.06,5128,43.08,D
sh688663,新风光,2025-10-09 13:00:05,43.07,14291,43.08,D
sh688663,新风光,2025-10-09 13:00:08,43.4,45116,43.07,U
sh688663,新风光,2025-10-09 13:00:14,43.73,23949,43.4,U
sh688663,新风光,2025-10-09 13:00:20,43.98,18681,43.9,U
sh688663,新风光,2025-10-09 13:00:23,44.0,44473,43.98,U
sh688663,新风光,2025-10-09 13:00:26,44.01,51369,44.0,U
sh688663,新风光,2025-10-09 13:00:29,43.85,14516,44.01,D
sh688663,新风光,2025-10-09 13:00:38,43.41,8489,43.55,D
sh688663,新风光,2025-10-09 13:00:56,43.59,5200,43.4,U
sh688663,新风光,2025-10-09 13:00:59,43.4,5000,43.59,D
sh688663,新风光,2025-10-09 13:01:08,43.65,5617,43.4,U
sh688663,新风光,2025-10-09 13:01:11,43.65,4587,43.65,D
sh688663,新风光,2025-10-09 13:01:35,43.85,10489,43.66,U
sh688663,新风光,2025-10-09 13:01:38,43.76,4850,43.85,E
sh688663,新风光,2025-10-09 13:01:47,43.71,24071,43.76,D
sh688663,新风光,2025-10-09 13:02:23,43.77,5726,43.74,U
sh688663,新风光,2025-10-09 13:02:35,43.86,13454,43.77,U
sh688663,新风光,2025-10-09 13:02:38,44.0,8340,43.86,U
sh688663,新风光,2025-10-09 13:02:41,44.19,24921,44.0,U
sh688663,新风光,2025-10-09 13:02:44,44.2,5115,44.19,U
sh688663,新风光,2025-10-09 13:03:23,43.85,5000,43.85,U
sh688663,新风光,2025-10-09 13:04:32,44.08,5000,44.08,U
sh688663,新风光,2025-10-09 13:04:35,44.35,83617,44.08,U
sh688663,新风光,2025-10-09 13:04:38,44.33,16481,44.35,E
sh688663,新风光,2025-10-09 13:04:47,44.33,10451,44.33,U
sh688663,新风光,2025-10-09 13:05:02,44.34,7224,44.33,U
sh688663,新风光,2025-10-09 13:05:05,44.35,6499,44.34,U
sh688663,新风光,2025-10-09 13:05:11,44.36,5005,44.24,U
sh688663,新风光,2025-10-09 13:05:14,44.49,16379,44.36,U
sh688663,新风光,2025-10-09 13:05:17,44.49,13552,44.49,U
sh688663,新风光,2025-10-09 13:05:20,44.5,16897,44.49,U
sh688663,新风光,2025-10-09 13:05:23,44.5,18041,44.5,U
sh688663,新风光,2025-10-09 13:05:26,44.5,8494,44.5,U
sh688663,新风光,2025-10-09 13:05:29,44.55,7774,44.5,U
sh688663,新风光,2025-10-09 13:05:32,44.55,9024,44.55,U
sh688663,新风光,2025-10-09 13:05:35,44.55,16772,44.55,U
sh688663,新风光,2025-10-09 13:05:41,44.61,5039,44.61,U
sh688663,新风光,2025-10-09 13:05:50,44.53,5000,44.61,D
sh688663,新风光,2025-10-09 13:05:56,44.5,16295,44.53,D
sh688663,新风光,2025-10-09 13:06:05,44.61,11226,44.49,U
sh688663,新风光,2025-10-09 13:06:08,44.65,10957,44.61,U
sh688663,新风光,2025-10-09 13:06:11,44.67,10826,44.65,U
sh688663,新风光,2025-10-09 13:06:14,44.52,6421,44.67,D
sh688663,新风光,2025-10-09 13:06:17,44.69,10187,44.52,U
sh688663,新风光,2025-10-09 13:06:23,44.68,12086,44.68,E
sh688663,新风光,2025-10-09 13:06:32,44.68,13613,44.58,U
sh688663,新风光,2025-10-09 13:06:47,44.88,6229,44.88,U
sh688663,新风光,2025-10-09 13:06:53,44.86,6308,44.87,U
sh688663,新风光,2025-10-09 13:07:08,44.96,7554,44.85,U
sh688663,新风光,2025-10-09 13:07:11,44.98,22733,44.96,U
sh688663,新风光,2025-10-09 13:07:14,45.0,30834,44.98,U
sh688663,新风光,2025-10-09 13:07:17,45.19,63077,45.0,U
sh688663,新风光,2025-10-09 13:07:20,45.19,7964,45.19,U
sh688663,新风光,2025-10-09 13:07:23,45.19,55112,45.19,U
sh688663,新风光,2025-10-09 13:07:29,45.0,13173,45.17,D
sh688663,新风光,2025-10-09 13:07:32,44.86,12492,45.0,D
sh688663,新风光,2025-10-09 13:07:38,44.89,14303,44.86,U
sh688663,新风光,2025-10-09 13:08:02,44.6,10014,44.61,D
sh688663,新风光,2025-10-09 13:08:35,44.6,10000,44.62,D
sh688663,新风光,2025-10-09 13:08:47,44.62,9346,44.6,D
sh688663,新风光,2025-10-09 13:09:14,44.87,6934,44.83,U
sh688663,新风光,2025-10-09 13:09:26,44.63,6200,44.68,D
sh688663,新风光,2025-10-09 13:09:32,44.55,16893,44.63,D
sh688663,新风光,2025-10-09 13:09:44,44.55,5375,44.55,U
sh688663,新风光,2025-10-09 13:10:05,44.55,6480,44.45,U
sh688663,新风光,2025-10-09 13:10:20,44.41,4976,44.42,D
sh688663,新风光,2025-10-09 13:11:56,44.14,7172,44.14,D
sh688663,新风光,2025-10-09 13:12:08,44.14,5392,44.13,U
sh688663,新风光,2025-10-09 13:12:17,44.16,11574,44.2,E
sh688663,新风光,2025-10-09 13:12:26,44.16,8926,44.16,D
sh688663,新风光,2025-10-09 13:12:32,44.14,5580,44.16,D
sh688663,新风光,2025-10-09 13:12:35,44.2,5421,44.14,E
sh688663,新风光,2025-10-09 13:13:05,44.0,11777,44.06,D
sh688663,新风光,2025-10-09 13:13:08,43.97,12489,44.0,D
sh688663,新风光,2025-10-09 13:13:11,44.06,5450,43.97,U
sh688663,新风光,2025-10-09 13:13:17,44.16,11734,44.06,U
sh688663,新风光,2025-10-09 13:16:02,44.13,4895,44.23,D
sh688663,新风光,2025-10-09 13:16:32,44.01,8320,44.1,D
sh688663,新风光,2025-10-09 13:16:53,43.96,9212,44.03,D
sh688663,新风光,2025-10-09 13:17:05,44.1,6273,44.08,U
sh688663,新风光,2025-10-09 13:18:08,44.05,5000,44.05,D
sh688663,新风光,2025-10-09 13:18:11,44.0,9064,44.05,D
sh688663,新风光,2025-10-09 13:19:53,44.25,19609,44.17,U
sh688663,新风光,2025-10-09 13:19:56,44.4,14879,44.25,U
sh688663,新风光,2025-10-09 13:22:11,44.23,23694,44.3,D
sh688663,新风光,2025-10-09 13:23:35,44.21,11278,44.31,D
sh688663,新风光,2025-10-09 13:23:38,44.21,8996,44.21,D
sh688663,新风光,2025-10-09 13:23:41,44.21,17488,44.21,D
sh688663,新风光,2025-10-09 13:27:23,44.1,6850,44.13,D
sh688663,新风光,2025-10-09 13:27:32,44.15,6067,44.06,U
sh688663,新风光,2025-10-09 13:30:35,44.12,5356,44.15,D
sh688663,新风光,2025-10-09 13:31:17,44.04,63720,44.14,D
sh688663,新风光,2025-10-09 13:32:23,43.94,6804,43.94,D
sh688663,新风光,2025-10-09 13:33:05,43.96,4742,43.99,D
sh688663,新风光,2025-10-09 13:33:38,43.89,15319,43.8,U
sh688663,新风光,2025-10-09 13:34:17,43.93,12540,43.87,U
sh688663,新风光,2025-10-09 13:38:20,43.81,4868,43.82,D
sh688663,新风光,2025-10-09 13:38:53,43.84,5897,43.78,U
sh688663,新风光,2025-10-09 13:38:59,43.87,5262,43.87,U
sh688663,新风光,2025-10-09 13:39:02,43.88,18497,43.87,U
sh688663,新风光,2025-10-09 13:39:05,43.9,10000,43.88,U
sh688663,新风光,2025-10-09 13:40:53,43.84,12539,43.84,D
sh688663,新风光,2025-10-09 13:41:47,43.81,7177,43.83,D
sh688663,新风光,2025-10-09 13:43:20,43.75,5524,43.85,D
sh688663,新风光,2025-10-09 13:51:41,43.7,9014,43.67,U
sh688663,新风光,2025-10-09 13:52:53,43.7,30326,43.67,U
sh688663,新风光,2025-10-09 13:52:56,43.71,10361,43.7,U
sh688663,新风光,2025-10-09 13:53:08,43.74,8683,43.74,U
sh688663,新风光,2025-10-09 13:53:11,43.75,8091,43.74,U
sh688663,新风光,2025-10-09 14:01:14,43.89,4695,43.86,U
sh688663,新风光,2025-10-09 14:02:41,43.77,20639,43.82,D
sh688663,新风光,2025-10-09 14:04:05,43.76,9185,43.78,D
sh688663,新风光,2025-10-09 14:07:02,44.0,22900,43.99,U
sh688663,新风光,2025-10-09 14:07:05,44.0,8226,44.0,U
sh688663,新风光,2025-10-09 14:07:08,43.98,6000,44.0,D
sh688663,新风光,2025-10-09 14:07:47,44.0,8414,44.0,U
sh688663,新风光,2025-10-09 14:07:56,44.12,7344,44.12,U
sh688663,新风光,2025-10-09 14:07:59,44.0,13683,44.12,D
sh688663,新风光,2025-10-09 14:08:32,44.09,16419,44.0,U
sh688663,新风光,2025-10-09 14:09:53,43.86,13054,43.85,U
sh688663,新风光,2025-10-09 14:10:17,43.73,6138,43.86,D
sh688663,新风光,2025-10-09 14:14:56,43.72,11000,43.81,D
sh688663,新风光,2025-10-09 14:18:05,43.68,5496,43.69,D
sh688663,新风光,2025-10-09 14:19:20,43.69,12844,43.69,U
sh688663,新风光,2025-10-09 14:19:23,43.73,5216,43.69,U
sh688663,新风光,2025-10-09 14:20:26,43.65,6189,43.68,D
sh688663,新风光,2025-10-09 14:23:02,43.5,9307,43.52,D
sh688663,新风光,2025-10-09 14:23:32,43.43,18690,43.46,D
sh688663,新风光,2025-10-09 14:23:59,43.4,24976,43.41,D
sh688663,新风光,2025-10-09 14:24:26,43.11,15000,43.3,D
sh688663,新风光,2025-10-09 14:27:56,43.19,5200,43.18,U
sh688663,新风光,2025-10-09 14:27:59,43.14,24625,43.19,D
sh688663,新风光,2025-10-09 14:28:02,43.14,20390,43.14,U
sh688663,新风光,2025-10-09 14:28:32,43.13,19922,43.14,D
sh688663,新风光,2025-10-09 14:28:35,43.13,12249,43.13,U
sh688663,新风光,2025-10-09 14:29:02,43.1,27700,43.14,D
sh688663,新风光,2025-10-09 14:30:05,43.15,5592,43.15,U
sh688663,新风光,2025-10-09 14:30:08,43.15,9137,43.15,U
sh688663,新风光,2025-10-09 14:31:11,43.19,4838,43.2,D
sh688663,新风光,2025-10-09 14:31:14,43.19,15506,43.19,U
sh688663,新风光,2025-10-09 14:31:26,43.29,8249,43.22,U
sh688663,新风光,2025-10-09 14:31:29,43.25,5500,43.29,D
sh688663,新风光,2025-10-09 14:31:32,43.29,15863,43.25,U
sh688663,新风光,2025-10-09 14:31:35,43.3,10478,43.29,U
sh688663,新风光,2025-10-09 14:31:38,43.3,14128,43.3,U
sh688663,新风光,2025-10-09 14:32:14,43.3,22982,43.36,D
sh688663,新风光,2025-10-09 14:32:23,43.3,5483,43.36,E
sh688663,新风光,2025-10-09 14:33:02,43.5,5795,43.49,U
sh688663,新风光,2025-10-09 14:33:05,43.45,6084,43.5,D
sh688663,新风光,2025-10-09 14:33:17,43.46,5761,43.48,D
sh688663,新风光,2025-10-09 14:33:29,43.42,5498,43.45,D
sh688663,新风光,2025-10-09 14:33:53,43.47,6939,43.49,D
sh688663,新风光,2025-10-09 14:33:59,43.47,4840,43.47,D
sh688663,新风光,2025-10-09 14:34:53,43.7,13821,43.7,U
sh688663,新风光,2025-10-09 14:34:59,43.7,18359,43.7,U
sh688663,新风光,2025-10-09 14:35:11,43.69,5000,43.69,U
sh688663,新风光,2025-10-09 14:35:17,43.7,4830,43.71,D
sh688663,新风光,2025-10-09 14:35:26,43.63,15615,43.68,D
sh688663,新风光,2025-10-09 14:36:29,43.55,19756,43.61,D
sh688663,新风光,2025-10-09 14:39:59,43.69,7794,43.63,U
sh688663,新风光,2025-10-09 14:40:02,43.69,19291,43.69,D
sh688663,新风光,2025-10-09 14:40:05,43.61,5734,43.69,D
sh688663,新风光,2025-10-09 14:40:41,43.56,8531,43.65,D
sh688663,新风光,2025-10-09 14:41:14,43.5,4600,43.56,D
sh688663,新风光,2025-10-09 14:41:35,43.56,5558,43.59,D
sh688663,新风光,2025-10-09 14:42:41,43.53,6795,43.53,U
sh688663,新风光,2025-10-09 14:42:50,43.53,6288,43.51,U
sh688663,新风光,2025-10-09 14:43:23,43.5,5001,43.52,D
sh688663,新风光,2025-10-09 14:43:29,43.5,16450,43.52,D
sh688663,新风光,2025-10-09 14:43:32,43.5,6300,43.5,D
sh688663,新风光,2025-10-09 14:44:29,43.5,10000,43.52,D
sh688663,新风光,2025-10-09 14:44:35,43.52,20853,43.5,U
sh688663,新风光,2025-10-09 14:44:38,43.5,9955,43.52,D
sh688663,新风光,2025-10-09 14:45:11,43.48,18537,43.48,D
sh688663,新风光,2025-10-09 14:45:38,43.4,9891,43.48,D
sh688663,新风光,2025-10-09 14:45:59,43.46,6794,43.49,D
sh688663,新风光,2025-10-09 14:46:02,43.5,9668,43.46,U
sh688663,新风光,2025-10-09 14:46:14,43.46,6033,43.5,D
sh688663,新风光,2025-10-09 14:46:20,43.42,6965,43.5,D
sh688663,新风光,2025-10-09 14:47:59,43.46,6408,43.45,U
sh688663,新风光,2025-10-09 14:49:02,43.29,7906,43.38,D
sh688663,新风光,2025-10-09 14:49:41,43.35,5600,43.35,U
sh688663,新风光,2025-10-09 14:49:53,43.35,7442,43.39,D
sh688663,新风光,2025-10-09 14:50:26,43.44,6775,43.37,U
sh688663,新风光,2025-10-09 14:50:32,43.39,17520,43.44,D
sh688663,新风光,2025-10-09 14:50:41,43.3,10627,43.31,D
sh688663,新风光,2025-10-09 14:50:44,43.31,21629,43.3,U
sh688663,新风光,2025-10-09 14:50:53,43.3,6684,43.3,U
sh688663,新风光,2025-10-09 14:50:56,43.39,16000,43.3,U
sh688663,新风光,2025-10-09 14:51:59,43.23,10004,43.27,D
sh688663,新风光,2025-10-09 14:53:20,43.25,5000,43.29,D
sh688663,新风光,2025-10-09 14:53:47,43.3,5583,43.3,U
sh688663,新风光,2025-10-09 14:54:11,43.25,15535,43.26,D
sh688663,新风光,2025-10-09 14:54:23,43.1,10121,43.23,D
sh688663,新风光,2025-10-09 14:54:59,43.43,16506,43.22,U
sh688663,新风光,2025-10-09 14:55:11,43.4,15644,43.4,D
sh688663,新风光,2025-10-09 14:55:23,43.41,8691,43.3,U
sh688663,新风光,2025-10-09 14:55:50,43.3,4675,43.24,U
sh688663,新风光,2025-10-09 14:56:23,43.24,9837,43.24,U
sh688663,新风光,2025-10-09 14:56:38,43.23,12107,43.28,D
sh688663,新风光,2025-10-09 15:00:03,43.24,92210,43.28,U
