symbol,name,ticktime,price,volume,prev_price,kind
sh688663,新风光,2025-09-17 09:25:01,39.19,55936,0.0,U
sh688663,新风光,2025-09-17 09:30:14,38.7,9024,38.71,D
sh688663,新风光,2025-09-17 09:30:17,38.7,10100,38.7,U
sh688663,新风光,2025-09-17 09:30:20,38.33,17170,38.7,D
sh688663,新风光,2025-09-17 09:30:26,38.59,6513,38.59,U
sh688663,新风光,2025-09-17 09:30:32,38.59,5650,38.62,E
sh688663,新风光,2025-09-17 09:30:35,38.59,8064,38.59,D
sh688663,新风光,2025-09-17 09:30:38,38.7,6518,38.59,U
sh688663,新风光,2025-09-17 09:30:41,38.66,8178,38.7,D
sh688663,新风光,2025-09-17 09:30:44,38.72,7426,38.66,U
sh688663,新风光,2025-09-17 09:30:50,38.72,9719,38.99,D
sh688663,新风光,2025-09-17 09:30:53,38.99,10190,38.72,U
sh688663,新风光,2025-09-17 09:30:56,39.15,30226,38.99,U
sh688663,新风光,2025-09-17 09:30:59,39.13,14090,39.15,D
sh688663,新风光,2025-09-17 09:31:05,39.19,54388,39.17,U
sh688663,新风光,2025-09-17 09:31:08,39.23,55940,39.19,U
sh688663,新风光,2025-09-17 09:31:11,39.36,12217,39.23,U
sh688663,新风光,2025-09-17 09:31:14,39.5,18758,39.36,U
sh688663,新风光,2025-09-17 09:31:17,39.5,37326,39.5,U
sh688663,新风光,2025-09-17 09:31:20,39.5,23302,39.5,U
sh688663,新风光,2025-09-17 09:31:23,39.7,14749,39.5,U
sh688663,新风光,2025-09-17 09:31:26,39.75,18016,39.7,U
sh688663,新风光,2025-09-17 09:31:29,39.7,17215,39.75,D
sh688663,新风光,2025-09-17 09:31:32,39.5,34022,39.7,D
sh688663,新风光,2025-09-17 09:31:35,39.9,18027,39.5,U
sh688663,新风光,2025-09-17 09:31:38,39.61,28377,39.9,E
sh688663,新风光,2025-09-17 09:31:41,39.89,7680,39.61,U
sh688663,新风光,2025-09-17 09:31:44,39.77,6682,39.89,E
sh688663,新风光,2025-09-17 09:31:50,39.5,9831,39.76,D
sh688663,新风光,2025-09-17 09:31:53,39.76,6199,39.5,U
sh688663,新风光,2025-09-17 09:32:08,39.41,9421,39.49,D
sh688663,新风光,2025-09-17 09:32:11,39.36,24225,39.41,D
sh688663,新风光,2025-09-17 09:32:14,39.76,24114,39.36,U
sh688663,新风光,2025-09-17 09:32:17,39.5,10611,39.76,U
sh688663,新风光,2025-09-17 09:32:26,39.7,11314,39.6,U
sh688663,新风光,2025-09-17 09:32:29,39.9,36445,39.7,U
sh688663,新风光,2025-09-17 09:32:32,40.0,81369,39.9,U
sh688663,新风光,2025-09-17 09:32:35,40.0,12634,40.0,U
sh688663,新风光,2025-09-17 09:32:41,39.78,45397,39.9,D
sh688663,新风光,2025-09-17 09:32:53,39.98,5955,39.9,U
sh688663,新风光,2025-09-17 09:32:59,39.9,10700,39.98,E
sh688663,新风光,2025-09-17 09:33:08,39.98,87583,39.95,U
sh688663,新风光,2025-09-17 09:33:11,39.95,29086,39.98,D
sh688663,新风光,2025-09-17 09:33:14,40.1,62352,39.95,U
sh688663,新风光,2025-09-17 09:33:17,39.84,7410,40.1,D
sh688663,新风光,2025-09-17 09:33:23,40.1,45586,40.0,U
sh688663,新风光,2025-09-17 09:33:26,40.12,11879,40.1,U
sh688663,新风光,2025-09-17 09:33:29,40.0,40590,40.12,D
sh688663,新风光,2025-09-17 09:33:38,40.12,29400,40.2,U
sh688663,新风光,2025-09-17 09:33:44,40.2,42988,40.17,U
sh688663,新风光,2025-09-17 09:33:50,40.2,22666,39.91,U
sh688663,新风光,2025-09-17 09:33:53,40.27,26768,40.2,U
sh688663,新风光,2025-09-17 09:33:56,40.4,49614,40.27,U
sh688663,新风光,2025-09-17 09:33:59,40.57,69193,40.4,U
sh688663,新风光,2025-09-17 09:34:02,40.57,88345,40.57,D
sh688663,新风光,2025-09-17 09:34:05,40.45,8420,40.57,E
sh688663,新风光,2025-09-17 09:34:08,40.19,92117,40.45,D
sh688663,新风光,2025-09-17 09:34:11,40.0,9612,40.19,D
sh688663,新风光,2025-09-17 09:34:14,40.0,43170,40.0,U
sh688663,新风光,2025-09-17 09:34:17,40.2,6253,40.0,U
sh688663,新风光,2025-09-17 09:34:20,40.23,41775,40.2,U
sh688663,新风光,2025-09-17 09:34:23,40.23,58796,40.23,E
sh688663,新风光,2025-09-17 09:34:29,40.06,6078,40.01,E
sh688663,新风光,2025-09-17 09:34:38,40.01,7126,40.08,D
sh688663,新风光,2025-09-17 09:34:47,39.98,7013,39.9,E
sh688663,新风光,2025-09-17 09:34:53,39.8,12701,39.9,D
sh688663,新风光,2025-09-17 09:34:59,40.0,80888,39.79,U
sh688663,新风光,2025-09-17 09:35:02,39.97,5574,40.0,U
sh688663,新风光,2025-09-17 09:35:05,40.16,49622,39.97,U
sh688663,新风光,2025-09-17 09:35:08,40.35,11848,40.16,U
sh688663,新风光,2025-09-17 09:35:11,40.34,17421,40.35,D
sh688663,新风光,2025-09-17 09:35:14,40.43,28780,40.34,U
sh688663,新风光,2025-09-17 09:35:38,40.08,49703,40.2,D
sh688663,新风光,2025-09-17 09:35:44,40.26,6506,40.2,U
sh688663,新风光,2025-09-17 09:35:50,40.2,8544,40.07,U
sh688663,新风光,2025-09-17 09:36:02,40.1,7693,40.1,D
sh688663,新风光,2025-09-17 09:36:11,40.1,11621,40.1,D
sh688663,新风光,2025-09-17 09:36:14,40.2,17883,40.1,U
sh688663,新风光,2025-09-17 09:36:17,40.36,23498,40.2,U
sh688663,新风光,2025-09-17 09:36:29,40.4,8423,40.42,U
sh688663,新风光,2025-09-17 09:36:32,40.5,12264,40.4,U
sh688663,新风光,2025-09-17 09:36:35,40.4,6898,40.5,D
sh688663,新风光,2025-09-17 09:36:38,40.5,4972,40.4,U
sh688663,新风光,2025-09-17 09:36:44,40.45,8084,40.5,E
sh688663,新风光,2025-09-17 09:36:47,40.38,7583,40.45,E
sh688663,新风光,2025-09-17 09:36:56,40.38,15586,40.49,D
sh688663,新风光,2025-09-17 09:36:59,40.45,7630,40.38,U
sh688663,新风光,2025-09-17 09:37:05,40.55,41854,40.45,U
sh688663,新风光,2025-09-17 09:37:08,40.55,20076,40.55,U
sh688663,新风光,2025-09-17 09:37:11,40.44,47781,40.55,D
sh688663,新风光,2025-09-17 09:37:14,40.44,15473,40.44,E
sh688663,新风光,2025-09-17 09:37:17,40.6,15007,40.44,U
sh688663,新风光,2025-09-17 09:37:20,40.5,13826,40.6,E
sh688663,新风光,2025-09-17 09:37:23,40.55,5531,40.5,E
sh688663,新风光,2025-09-17 09:37:38,40.59,7714,40.55,U
sh688663,新风光,2025-09-17 09:37:41,40.59,7808,40.59,E
sh688663,新风光,2025-09-17 09:37:44,40.66,36960,40.59,U
sh688663,新风光,2025-09-17 09:37:47,40.59,19198,40.66,D
sh688663,新风光,2025-09-17 09:37:50,40.66,7897,40.59,U
sh688663,新风光,2025-09-17 09:38:02,40.66,5600,40.66,U
sh688663,新风光,2025-09-17 09:38:17,40.52,5201,40.52,D
sh688663,新风光,2025-09-17 09:38:50,40.1,5569,40.13,D
sh688663,新风光,2025-09-17 09:38:59,40.06,6381,40.19,D
sh688663,新风光,2025-09-17 09:39:02,40.18,10452,40.06,U
sh688663,新风光,2025-09-17 09:39:05,40.45,6668,40.18,U
sh688663,新风光,2025-09-17 09:39:29,40.25,8576,40.18,U
sh688663,新风光,2025-09-17 09:39:47,40.5,9691,40.34,U
sh688663,新风光,2025-09-17 09:40:05,40.29,5863,40.41,D
sh688663,新风光,2025-09-17 09:40:26,40.18,8382,40.29,D
sh688663,新风光,2025-09-17 09:40:29,40.07,16301,40.18,D
sh688663,新风光,2025-09-17 09:40:32,40.14,5108,40.07,U
sh688663,新风光,2025-09-17 09:41:17,40.04,14421,40.03,U
sh688663,新风光,2025-09-17 09:41:44,40.0,11935,40.04,D
sh688663,新风光,2025-09-17 09:41:50,40.04,17235,40.01,U
sh688663,新风光,2025-09-17 09:41:53,40.14,10129,40.04,U
sh688663,新风光,2025-09-17 09:42:32,40.04,5565,39.99,U
sh688663,新风光,2025-09-17 09:42:44,40.03,7668,40.02,U
sh688663,新风光,2025-09-17 09:43:17,40.01,10169,40.0,U
sh688663,新风光,2025-09-17 09:43:50,40.24,26731,40.18,U
sh688663,新风光,2025-09-17 09:44:23,40.4,23018,40.38,U
sh688663,新风光,2025-09-17 09:44:26,40.4,17073,40.4,U
sh688663,新风光,2025-09-17 09:45:32,40.3,6100,40.2,U
sh688663,新风光,2025-09-17 09:45:35,40.21,5715,40.3,D
sh688663,新风光,2025-09-17 09:45:44,40.3,5400,40.3,U
sh688663,新风光,2025-09-17 09:46:59,40.14,5149,40.05,U
sh688663,新风光,2025-09-17 09:47:38,40.1,6224,40.1,U
sh688663,新风光,2025-09-17 09:47:41,40.14,5772,40.1,U
sh688663,新风光,2025-09-17 09:47:47,40.17,7654,40.14,U
sh688663,新风光,2025-09-17 09:47:59,40.2,15635,40.2,U
sh688663,新风光,2025-09-17 09:48:02,40.2,8181,40.2,D
sh688663,新风光,2025-09-17 09:48:05,40.2,20834,40.2,U
sh688663,新风光,2025-09-17 09:48:08,40.2,4994,40.2,U
sh688663,新风光,2025-09-17 09:48:14,40.2,6247,40.14,U
sh688663,新风光,2025-09-17 09:48:56,40.11,5401,40.23,D
sh688663,新风光,2025-09-17 09:49:47,40.28,7153,40.28,U
sh688663,新风光,2025-09-17 09:49:50,40.33,29326,40.28,U
sh688663,新风光,2025-09-17 09:49:56,40.39,10300,40.33,U
sh688663,新风光,2025-09-17 09:50:35,40.38,12107,40.37,U
sh688663,新风光,2025-09-17 09:51:14,40.38,7891,40.35,U
sh688663,新风光,2025-09-17 09:51:47,40.3,7582,40.34,D
sh688663,新风光,2025-09-17 09:51:56,40.3,8541,40.35,D
sh688663,新风光,2025-09-17 09:52:14,40.38,5400,40.38,U
sh688663,新风光,2025-09-17 09:52:17,40.38,22278,40.38,U
sh688663,新风光,2025-09-17 09:52:20,40.38,23486,40.38,U
sh688663,新风光,2025-09-17 09:52:23,40.38,12262,40.38,U
sh688663,新风光,2025-09-17 09:52:32,40.32,8528,40.37,D
sh688663,新风光,2025-09-17 09:52:53,40.03,17682,40.11,D
sh688663,新风光,2025-09-17 09:52:59,39.97,11117,40.01,D
sh688663,新风光,2025-09-17 09:53:02,39.97,7011,39.97,D
sh688663,新风光,2025-09-17 09:53:38,39.66,8589,39.7,D
sh688663,新风光,2025-09-17 09:53:56,39.5,8734,39.52,D
sh688663,新风光,2025-09-17 09:53:59,39.42,32503,39.5,U
sh688663,新风光,2025-09-17 09:54:05,39.69,61374,39.62,U
sh688663,新风光,2025-09-17 09:54:11,39.61,9417,39.69,D
sh688663,新风光,2025-09-17 09:54:38,39.57,8978,39.58,D
sh688663,新风光,2025-09-17 09:56:05,39.8,5899,39.65,U
sh688663,新风光,2025-09-17 09:57:29,39.61,17725,39.7,D
sh688663,新风光,2025-09-17 09:57:53,39.59,11691,39.6,D
sh688663,新风光,2025-09-17 09:58:20,39.6,6400,39.6,D
sh688663,新风光,2025-09-17 09:59:56,39.63,5326,39.63,D
sh688663,新风光,2025-09-17 09:59:59,39.59,22582,39.63,D
sh688663,新风光,2025-09-17 10:00:02,39.59,6400,39.59,D
sh688663,新风光,2025-09-17 10:00:05,39.5,34210,39.59,D
sh688663,新风光,2025-09-17 10:00:08,39.48,7210,39.5,D
sh688663,新风光,2025-09-17 10:00:20,39.55,5378,39.44,U
sh688663,新风光,2025-09-17 10:00:23,39.58,6260,39.55,U
sh688663,新风光,2025-09-17 10:02:29,39.67,6600,39.68,D
sh688663,新风光,2025-09-17 10:02:44,39.56,5950,39.57,D
sh688663,新风光,2025-09-17 10:04:17,39.55,6633,39.62,D
sh688663,新风光,2025-09-17 10:04:29,39.65,8000,39.58,U
sh688663,新风光,2025-09-17 10:07:02,39.65,16796,39.75,D
sh688663,新风光,2025-09-17 10:07:14,39.62,8339,39.65,D
sh688663,新风光,2025-09-17 10:07:17,39.67,6579,39.62,U
sh688663,新风光,2025-09-17 10:07:26,39.73,5630,39.67,U
sh688663,新风光,2025-09-17 10:09:11,39.8,17291,39.85,D
sh688663,新风光,2025-09-17 10:09:20,39.75,7465,39.79,D
sh688663,新风光,2025-09-17 10:09:44,39.51,13224,39.62,D
sh688663,新风光,2025-09-17 10:09:47,39.62,5160,39.51,U
sh688663,新风光,2025-09-17 10:10:02,39.61,6574,39.57,U
sh688663,新风光,2025-09-17 10:12:38,39.79,6811,39.55,U
sh688663,新风光,2025-09-17 10:14:02,39.61,14159,39.56,U
sh688663,新风光,2025-09-17 10:14:44,39.68,11800,39.69,D
sh688663,新风光,2025-09-17 10:17:11,39.64,10004,39.61,U
sh688663,新风光,2025-09-17 10:17:41,39.72,5500,39.7,U
sh688663,新风光,2025-09-17 10:19:02,39.62,7252,39.68,D
sh688663,新风光,2025-09-17 10:19:17,39.7,5948,39.62,U
sh688663,新风光,2025-09-17 10:20:26,39.65,58573,39.66,U
sh688663,新风光,2025-09-17 10:20:53,39.54,12399,39.59,D
sh688663,新风光,2025-09-17 10:20:56,39.52,12724,39.54,D
sh688663,新风光,2025-09-17 10:21:14,39.53,11283,39.52,U
sh688663,新风光,2025-09-17 10:21:26,39.53,6129,39.54,D
sh688663,新风光,2025-09-17 10:22:44,39.51,5630,39.55,D
sh688663,新风光,2025-09-17 10:22:56,39.49,57921,39.51,D
sh688663,新风光,2025-09-17 10:23:11,39.49,9700,39.45,D
sh688663,新风光,2025-09-17 10:23:23,39.58,14219,39.46,U
sh688663,新风光,2025-09-17 10:23:26,39.65,9196,39.58,U
sh688663,新风光,2025-09-17 10:24:29,39.66,15843,39.6,U
sh688663,新风光,2025-09-17 10:25:53,39.48,6259,39.48,U
sh688663,新风光,2025-09-17 10:26:44,39.45,8291,39.46,D
sh688663,新风光,2025-09-17 10:26:47,39.42,8878,39.45,D
sh688663,新风光,2025-09-17 10:27:38,39.4,9321,39.32,U
sh688663,新风光,2025-09-17 10:28:05,39.39,5900,39.35,U
sh688663,新风光,2025-09-17 10:28:26,39.48,16166,39.47,U
sh688663,新风光,2025-09-17 10:28:53,39.5,9870,39.35,U
sh688663,新风光,2025-09-17 10:28:56,39.38,10000,39.5,D
sh688663,新风光,2025-09-17 10:30:38,39.35,9049,39.37,D
sh688663,新风光,2025-09-17 10:30:59,39.35,5200,39.32,U
sh688663,新风光,2025-09-17 10:33:53,39.37,10593,39.38,D
sh688663,新风光,2025-09-17 10:35:05,39.44,5591,39.42,E
sh688663,新风光,2025-09-17 10:39:08,39.39,7277,39.4,D
sh688663,新风光,2025-09-17 10:40:11,39.37,7132,39.38,D
sh688663,新风光,2025-09-17 10:40:35,39.41,14214,39.4,U
sh688663,新风光,2025-09-17 10:42:17,39.33,8041,39.36,D
sh688663,新风光,2025-09-17 10:42:38,39.3,9710,39.32,D
sh688663,新风光,2025-09-17 10:42:41,39.3,12188,39.3,D
sh688663,新风光,2025-09-17 10:43:17,39.09,6525,39.16,D
sh688663,新风光,2025-09-17 10:44:14,39.16,12859,39.15,U
sh688663,新风光,2025-09-17 10:44:35,39.1,9759,39.15,D
sh688663,新风光,2025-09-17 10:47:26,39.1,10000,39.22,D
sh688663,新风光,2025-09-17 10:48:11,39.1,23400,39.27,D
sh688663,新风光,2025-09-17 10:48:38,39.1,20000,39.15,D
sh688663,新风光,2025-09-17 10:48:59,39.12,5300,39.14,D
sh688663,新风光,2025-09-17 10:49:11,39.04,27000,39.06,D
sh688663,新风光,2025-09-17 10:50:23,39.11,22272,39.12,D
sh688663,新风光,2025-09-17 10:53:47,39.05,24732,39.07,D
sh688663,新风光,2025-09-17 10:59:08,39.18,9790,39.14,U
sh688663,新风光,2025-09-17 10:59:14,39.1,21447,39.18,D
sh688663,新风光,2025-09-17 10:59:47,39.1,9193,39.08,U
sh688663,新风光,2025-09-17 10:59:50,39.08,6504,39.1,D
sh688663,新风光,2025-09-17 10:59:59,39.09,6020,39.13,D
sh688663,新风光,2025-09-17 11:00:23,39.26,7050,39.22,U
sh688663,新风光,2025-09-17 11:02:35,39.46,8772,39.44,U
sh688663,新风光,2025-09-17 11:02:38,39.48,34848,39.46,U
sh688663,新风光,2025-09-17 11:03:17,39.46,12400,39.51,D
sh688663,新风光,2025-09-17 11:03:32,39.38,11482,39.46,D
sh688663,新风光,2025-09-17 11:03:47,39.3,7771,39.31,D
sh688663,新风光,2025-09-17 11:03:50,39.29,7770,39.3,D
sh688663,新风光,2025-09-17 11:04:11,39.31,5270,39.19,U
sh688663,新风光,2025-09-17 11:06:14,39.22,10000,39.3,D
sh688663,新风光,2025-09-17 11:07:02,39.18,6307,39.18,D
sh688663,新风光,2025-09-17 11:07:23,39.08,23632,39.13,D
sh688663,新风光,2025-09-17 11:07:29,39.07,6882,39.12,D
sh688663,新风光,2025-09-17 11:09:50,39.13,5252,39.16,D
sh688663,新风光,2025-09-17 11:10:50,39.16,6023,39.2,D
sh688663,新风光,2025-09-17 11:11:23,39.16,40644,39.13,U
sh688663,新风光,2025-09-17 11:11:29,39.1,19000,39.16,D
sh688663,新风光,2025-09-17 11:14:23,39.09,5613,39.1,D
sh688663,新风光,2025-09-17 11:15:08,39.09,7609,39.07,U
sh688663,新风光,2025-09-17 11:15:20,39.09,9000,39.09,U
sh688663,新风光,2025-09-17 11:15:23,39.17,9796,39.09,U
sh688663,新风光,2025-09-17 11:16:17,39.09,5900,39.09,D
sh688663,新风光,2025-09-17 11:25:26,39.08,7272,39.1,D
sh688663,新风光,2025-09-17 11:25:32,39.06,8962,39.08,D
sh688663,新风光,2025-09-17 11:26:08,39.05,13655,39.07,D
sh688663,新风光,2025-09-17 13:00:17,39.18,7679,39.16,U
sh688663,新风光,2025-09-17 13:00:20,39.15,6372,39.18,D
sh688663,新风光,2025-09-17 13:00:23,39.18,5168,39.15,U
sh688663,新风光,2025-09-17 13:00:26,39.24,6795,39.18,U
sh688663,新风光,2025-09-17 13:00:38,39.29,5241,39.31,U
sh688663,新风光,2025-09-17 13:00:47,39.39,15700,39.2,U
sh688663,新风光,2025-09-17 13:01:08,39.44,15227,39.4,U
sh688663,新风光,2025-09-17 13:01:11,39.49,30582,39.44,U
sh688663,新风光,2025-09-17 13:01:14,39.49,25449,39.49,U
sh688663,新风光,2025-09-17 13:01:17,39.5,6567,39.49,E
sh688663,新风光,2025-09-17 13:01:23,39.48,11466,39.5,D
sh688663,新风光,2025-09-17 13:01:56,39.42,6943,39.37,U
sh688663,新风光,2025-09-17 13:07:32,39.35,5657,39.29,U
sh688663,新风光,2025-09-17 13:07:41,39.27,5872,39.28,D
sh688663,新风光,2025-09-17 13:07:44,39.23,5385,39.27,D
sh688663,新风光,2025-09-17 13:08:08,39.18,7252,39.13,U
sh688663,新风光,2025-09-17 13:08:38,39.18,5946,39.18,U
sh688663,新风光,2025-09-17 13:15:02,39.27,17135,39.16,U
sh688663,新风光,2025-09-17 13:15:14,39.3,12916,39.27,U
sh688663,新风光,2025-09-17 13:17:32,39.39,11700,39.4,D
sh688663,新风光,2025-09-17 13:18:14,39.47,11219,39.42,U
sh688663,新风光,2025-09-17 13:19:11,39.6,6800,39.6,U
sh688663,新风光,2025-09-17 13:19:20,39.66,5600,39.61,U
sh688663,新风光,2025-09-17 13:21:11,39.57,7185,39.58,D
sh688663,新风光,2025-09-17 13:21:23,39.57,8171,39.57,U
sh688663,新风光,2025-09-17 13:22:20,39.48,17819,39.48,U
sh688663,新风光,2025-09-17 13:28:47,39.32,16275,39.45,D
sh688663,新风光,2025-09-17 13:34:17,39.44,13917,39.58,D
sh688663,新风光,2025-09-17 13:37:38,39.66,11989,39.58,U
sh688663,新风光,2025-09-17 13:38:59,39.68,5464,39.68,U
sh688663,新风光,2025-09-17 13:40:05,39.54,39200,39.54,U
sh688663,新风光,2025-09-17 14:01:14,39.39,6067,39.4,D
sh688663,新风光,2025-09-17 14:05:41,39.37,5398,39.36,U
sh688663,新风光,2025-09-17 14:08:02,39.31,7832,39.32,D
sh688663,新风光,2025-09-17 14:12:20,39.33,88721,39.43,D
sh688663,新风光,2025-09-17 14:14:32,39.55,8783,39.55,U
sh688663,新风光,2025-09-17 14:15:50,39.54,14300,39.54,D
sh688663,新风光,2025-09-17 14:16:53,39.54,19455,39.54,D
sh688663,新风光,2025-09-17 14:16:59,39.54,6217,39.44,U
sh688663,新风光,2025-09-17 14:20:41,39.7,32979,39.67,U
sh688663,新风光,2025-09-17 14:20:44,39.7,9012,39.7,U
sh688663,新风光,2025-09-17 14:21:20,39.7,17362,39.7,U
sh688663,新风光,2025-09-17 14:21:29,39.71,8000,39.71,U
sh688663,新风光,2025-09-17 14:21:32,39.71,8082,39.71,U
sh688663,新风光,2025-09-17 14:21:56,39.66,6477,39.71,D
sh688663,新风光,2025-09-17 14:28:44,39.59,8556,39.59,D
sh688663,新风光,2025-09-17 14:40:50,39.48,12364,39.51,D
sh688663,新风光,2025-09-17 14:42:41,39.48,17641,39.46,U
sh688663,新风光,2025-09-17 14:44:38,39.44,15000,39.49,D
sh688663,新风光,2025-09-17 14:45:56,39.36,6565,39.41,D
sh688663,新风光,2025-09-17 14:48:05,39.35,8942,39.37,D
sh688663,新风光,2025-09-17 14:49:14,39.28,17800,39.27,U
sh688663,新风光,2025-09-17 14:49:35,39.2,12386,39.27,D
sh688663,新风光,2025-09-17 14:50:17,39.3,7193,39.23,U
sh688663,新风光,2025-09-17 14:50:47,39.28,10733,39.3,D
sh688663,新风光,2025-09-17 14:52:11,39.35,8115,39.37,D
sh688663,新风光,2025-09-17 14:52:32,39.3,6610,39.31,D
sh688663,新风光,2025-09-17 14:53:05,39.33,9084,39.34,D
sh688663,新风光,2025-09-17 14:53:47,39.31,5815,39.32,D
sh688663,新风光,2025-09-17 14:54:11,39.32,6345,39.31,U
sh688663,新风光,2025-09-17 14:54:20,39.36,9509,39.34,U
sh688663,新风光,2025-09-17 14:54:38,39.41,18566,39.35,U
sh688663,新风光,2025-09-17 14:55:50,39.49,7193,39.5,D
sh688663,新风光,2025-09-17 15:00:01,39.57,67752,39.6,U
