symbol,name,ticktime,price,volume,prev_price,kind
bj920720,吉冈精密,2025-10-10 09:25:05,14.98,26844,0.0,U
bj920720,吉冈精密,2025-10-10 09:33:35,15.2,13749,15.21,D
bj920720,吉冈精密,2025-10-10 09:33:50,15.23,17711,15.2,U
bj920720,吉冈精密,2025-10-10 09:35:08,15.27,18999,15.27,D
bj920720,吉冈精密,2025-10-10 09:35:11,15.27,14554,15.27,D
bj920720,吉冈精密,2025-10-10 09:36:23,15.28,16794,15.25,U
bj920720,吉冈精密,2025-10-10 09:36:26,15.31,33054,15.28,U
bj920720,吉冈精密,2025-10-10 09:37:29,15.34,22219,15.34,U
bj920720,吉冈精密,2025-10-10 09:37:41,15.35,18822,15.35,U
bj920720,吉冈精密,2025-10-10 09:37:44,15.35,27068,15.35,D
bj920720,吉冈精密,2025-10-10 09:37:50,15.38,28520,15.35,U
bj920720,吉冈精密,2025-10-10 09:37:56,15.37,21611,15.35,E
bj920720,吉冈精密,2025-10-10 09:38:05,15.4,29549,15.35,U
bj920720,吉冈精密,2025-10-10 09:38:59,15.39,17432,15.39,D
bj920720,吉冈精密,2025-10-10 09:42:05,15.46,14198,15.46,U
bj920720,吉冈精密,2025-10-10 09:42:20,15.49,20250,15.47,U
bj920720,吉冈精密,2025-10-10 09:44:59,15.48,15632,15.5,D
bj920720,吉冈精密,2025-10-10 09:45:08,15.56,16577,15.52,U
bj920720,吉冈精密,2025-10-10 09:45:20,15.62,23171,15.56,U
bj920720,吉冈精密,2025-10-10 09:45:23,15.57,16500,15.62,D
bj920720,吉冈精密,2025-10-10 09:45:35,15.62,18689,15.59,U
bj920720,吉冈精密,2025-10-10 09:46:08,15.66,13754,15.6,U
bj920720,吉冈精密,2025-10-10 09:46:44,15.88,15434,15.88,D
bj920720,吉冈精密,2025-10-10 09:46:47,15.88,48747,15.88,U
bj920720,吉冈精密,2025-10-10 09:46:50,15.88,17552,15.88,U
bj920720,吉冈精密,2025-10-10 09:46:53,15.88,13732,15.88,U
bj920720,吉冈精密,2025-10-10 09:47:14,15.8,21423,15.81,D
bj920720,吉冈精密,2025-10-10 09:47:17,15.8,34637,15.8,U
bj920720,吉冈精密,2025-10-10 09:47:23,15.8,18548,15.75,U
bj920720,吉冈精密,2025-10-10 09:47:29,15.8,21322,15.8,U
bj920720,吉冈精密,2025-10-10 09:47:47,15.79,14200,15.79,D
bj920720,吉冈精密,2025-10-10 09:47:59,15.86,41677,15.81,U
bj920720,吉冈精密,2025-10-10 09:48:05,15.88,20137,15.87,U
bj920720,吉冈精密,2025-10-10 09:48:08,15.9,40285,15.88,U
bj920720,吉冈精密,2025-10-10 09:48:11,15.89,27282,15.9,D
bj920720,吉冈精密,2025-10-10 09:48:26,15.97,35591,15.91,U
bj920720,吉冈精密,2025-10-10 09:48:35,15.96,49717,15.94,U
bj920720,吉冈精密,2025-10-10 09:48:38,15.97,18720,15.96,U
bj920720,吉冈精密,2025-10-10 09:48:44,15.97,32149,15.95,U
bj920720,吉冈精密,2025-10-10 09:48:47,15.97,12842,15.97,D
bj920720,吉冈精密,2025-10-10 09:48:53,15.99,17315,15.97,U
bj920720,吉冈精密,2025-10-10 09:48:56,15.99,17858,15.99,U
bj920720,吉冈精密,2025-10-10 09:49:02,15.99,14533,15.99,D
bj920720,吉冈精密,2025-10-10 09:49:23,16.11,19732,16.12,D
bj920720,吉冈精密,2025-10-10 09:49:26,16.11,87626,16.11,U
bj920720,吉冈精密,2025-10-10 09:49:35,16.13,88460,16.06,U
bj920720,吉冈精密,2025-10-10 09:49:38,16.03,25459,16.13,D
bj920720,吉冈精密,2025-10-10 09:49:47,16.06,50727,16.06,D
bj920720,吉冈精密,2025-10-10 09:49:53,16.04,14422,16.03,D
bj920720,吉冈精密,2025-10-10 09:49:56,16.04,19003,16.04,U
bj920720,吉冈精密,2025-10-10 09:50:05,15.97,14333,16.0,D
bj920720,吉冈精密,2025-10-10 09:50:56,15.84,13538,15.9,D
bj920720,吉冈精密,2025-10-10 09:51:53,15.93,12872,15.95,D
bj920720,吉冈精密,2025-10-10 09:51:56,15.95,13400,15.93,U
bj920720,吉冈精密,2025-10-10 09:52:41,15.81,19358,15.86,D
bj920720,吉冈精密,2025-10-10 09:53:05,15.78,16430,15.84,D
bj920720,吉冈精密,2025-10-10 09:53:38,15.79,13725,15.78,E
bj920720,吉冈精密,2025-10-10 09:53:47,15.79,22292,15.79,D
bj920720,吉冈精密,2025-10-10 09:55:50,15.73,24540,15.72,U
bj920720,吉冈精密,2025-10-10 09:56:29,15.77,12690,15.78,E
bj920720,吉冈精密,2025-10-10 10:00:20,15.8,20734,15.81,D
bj920720,吉冈精密,2025-10-10 10:02:56,15.8,17874,15.81,D
bj920720,吉冈精密,2025-10-10 10:08:11,15.86,19000,15.84,U
bj920720,吉冈精密,2025-10-10 10:08:14,15.89,40900,15.86,U
bj920720,吉冈精密,2025-10-10 10:08:20,15.95,18574,15.92,U
bj920720,吉冈精密,2025-10-10 10:08:35,16.0,25898,16.0,U
bj920720,吉冈精密,2025-10-10 10:09:11,16.08,39666,16.06,U
bj920720,吉冈精密,2025-10-10 10:09:29,16.09,22731,16.08,U
bj920720,吉冈精密,2025-10-10 10:09:35,16.09,19623,16.09,U
bj920720,吉冈精密,2025-10-10 10:09:38,16.1,16017,16.09,U
bj920720,吉冈精密,2025-10-10 10:09:41,16.1,14897,16.1,U
bj920720,吉冈精密,2025-10-10 10:10:02,16.13,13699,16.11,U
bj920720,吉冈精密,2025-10-10 10:10:17,16.13,13507,16.13,U
bj920720,吉冈精密,2025-10-10 10:11:41,16.07,15307,16.08,D
bj920720,吉冈精密,2025-10-10 10:27:29,16.0,17342,15.99,U
bj920720,吉冈精密,2025-10-10 10:30:47,16.04,16009,16.04,U
bj920720,吉冈精密,2025-10-10 10:35:20,15.91,30000,16.0,D
bj920720,吉冈精密,2025-10-10 10:47:11,15.98,19393,15.96,U
bj920720,吉冈精密,2025-10-10 11:06:56,15.94,19581,15.94,D
bj920720,吉冈精密,2025-10-10 13:50:14,15.88,12835,15.88,U
bj920720,吉冈精密,2025-10-10 13:50:32,15.88,22300,15.88,U
bj920720,吉冈精密,2025-10-10 13:51:14,15.94,25018,15.93,U
bj920720,吉冈精密,2025-10-10 14:11:17,15.79,18041,15.81,D
bj920720,吉冈精密,2025-10-10 14:12:32,15.79,12700,15.78,U
bj920720,吉冈精密,2025-10-10 14:14:17,15.82,16411,15.82,D
bj920720,吉冈精密,2025-10-10 14:20:29,15.85,31600,15.85,D
bj920720,吉冈精密,2025-10-10 14:22:47,15.87,18300,15.88,D
bj920720,吉冈精密,2025-10-10 14:35:53,15.83,17880,15.84,D
bj920720,吉冈精密,2025-10-10 14:40:26,15.78,12799,15.79,D
bj920720,吉冈精密,2025-10-10 14:42:17,15.7,15801,15.71,D
bj920720,吉冈精密,2025-10-10 14:48:56,15.68,14544,15.66,U
bj920720,吉冈精密,2025-10-10 14:51:38,15.7,27493,15.68,U
bj920720,吉冈精密,2025-10-10 14:52:29,15.75,13700,15.74,U
bj920720,吉冈精密,2025-10-10 14:53:20,15.78,23427,15.77,U
bj920720,吉冈精密,2025-10-10 14:54:41,15.83,28132,15.83,D
bj920720,吉冈精密,2025-10-10 14:54:47,15.85,32274,15.83,U
bj920720,吉冈精密,2025-10-10 14:54:59,15.84,14600,15.84,D
bj920720,吉冈精密,2025-10-10 14:56:17,15.82,15996,15.82,D
bj920720,吉冈精密,2025-10-10 14:56:41,15.82,12674,15.8,U
bj920720,吉冈精密,2025-10-10 15:00:05,15.74,65739,15.76,D
