symbol,name,ticktime,price,volume,prev_price,kind
bj920720,吉冈精密,2025-10-22 09:25:04,15.51,12693,0.0,D
bj920720,吉冈精密,2025-10-22 09:30:04,15.51,12311,15.51,D
bj920720,吉冈精密,2025-10-22 09:31:52,15.46,20382,15.48,D
bj920720,吉冈精密,2025-10-22 09:32:07,15.43,32629,15.51,D
bj920720,吉冈精密,2025-10-22 09:32:10,15.43,13770,15.43,U
bj920720,吉冈精密,2025-10-22 09:32:31,15.42,26679,15.46,D
bj920720,吉冈精密,2025-10-22 09:33:07,15.42,26479,15.48,D
bj920720,吉冈精密,2025-10-22 09:34:01,15.41,10000,15.46,D
bj920720,吉冈精密,2025-10-22 09:38:46,15.45,25500,15.42,U
bj920720,吉冈精密,2025-10-22 09:38:52,15.42,10658,15.42,D
bj920720,吉冈精密,2025-10-22 09:39:19,15.42,76310,15.43,D
bj920720,吉冈精密,2025-10-22 09:44:58,15.37,13957,15.39,D
bj920720,吉冈精密,2025-10-22 09:46:37,15.35,25300,15.41,D
bj920720,吉冈精密,2025-10-22 09:50:31,15.49,14930,15.42,U
bj920720,吉冈精密,2025-10-22 09:58:46,15.61,10257,15.61,U
bj920720,吉冈精密,2025-10-22 09:59:28,15.63,12610,15.64,D
bj920720,吉冈精密,2025-10-22 10:00:01,15.64,10753,15.65,D
bj920720,吉冈精密,2025-10-22 10:01:55,15.68,11712,15.69,D
bj920720,吉冈精密,2025-10-22 10:02:13,15.7,15957,15.7,D
bj920720,吉冈精密,2025-10-22 10:04:46,15.7,10400,15.69,U
bj920720,吉冈精密,2025-10-22 10:04:52,15.69,11046,15.7,D
bj920720,吉冈精密,2025-10-22 10:05:40,15.76,33382,15.74,U
bj920720,吉冈精密,2025-10-22 10:05:46,15.77,12347,15.8,D
bj920720,吉冈精密,2025-10-22 10:06:25,15.82,11548,15.85,D
bj920720,吉冈精密,2025-10-22 10:09:37,15.82,12100,15.82,U
bj920720,吉冈精密,2025-10-22 10:09:49,15.81,14368,15.82,D
bj920720,吉冈精密,2025-10-22 10:10:40,15.85,12700,15.88,D
bj920720,吉冈精密,2025-10-22 10:11:25,15.88,12093,15.88,U
bj920720,吉冈精密,2025-10-22 10:11:28,15.9,10028,15.88,U
bj920720,吉冈精密,2025-10-22 10:11:37,15.95,16681,15.94,U
bj920720,吉冈精密,2025-10-22 10:11:46,15.98,23814,15.97,U
bj920720,吉冈精密,2025-10-22 10:14:58,15.96,10000,15.95,U
bj920720,吉冈精密,2025-10-22 10:16:19,15.96,16100,15.94,U
bj920720,吉冈精密,2025-10-22 10:16:34,15.97,10189,15.99,D
bj920720,吉冈精密,2025-10-22 10:16:37,15.99,18074,15.97,U
bj920720,吉冈精密,2025-10-22 10:17:19,16.0,11141,15.99,U
bj920720,吉冈精密,2025-10-22 10:18:07,16.0,12500,15.98,U
bj920720,吉冈精密,2025-10-22 10:19:19,15.99,10269,16.0,D
bj920720,吉冈精密,2025-10-22 10:19:28,16.01,12152,15.99,U
bj920720,吉冈精密,2025-10-22 10:21:58,15.97,13050,15.96,U
bj920720,吉冈精密,2025-10-22 10:22:01,15.99,19599,15.97,U
bj920720,吉冈精密,2025-10-22 10:23:28,15.98,14929,15.94,U
bj920720,吉冈精密,2025-10-22 10:23:31,15.98,14601,15.98,D
bj920720,吉冈精密,2025-10-22 10:23:34,16.01,30228,15.98,U
bj920720,吉冈精密,2025-10-22 10:23:37,16.04,49853,16.01,U
bj920720,吉冈精密,2025-10-22 10:23:40,16.08,30031,16.04,U
bj920720,吉冈精密,2025-10-22 10:23:43,16.12,10583,16.08,U
bj920720,吉冈精密,2025-10-22 10:23:52,16.16,17928,16.16,U
bj920720,吉冈精密,2025-10-22 10:24:01,16.19,19672,16.15,U
bj920720,吉冈精密,2025-10-22 10:25:37,16.15,21281,16.14,U
bj920720,吉冈精密,2025-10-22 10:25:40,16.16,37774,16.15,U
bj920720,吉冈精密,2025-10-22 10:34:22,15.98,13230,16.01,D
bj920720,吉冈精密,2025-10-22 10:36:10,16.13,83138,16.03,U
bj920720,吉冈精密,2025-10-22 10:36:13,16.15,13644,16.13,U
bj920720,吉冈精密,2025-10-22 10:36:16,16.17,9902,16.15,U
bj920720,吉冈精密,2025-10-22 10:36:19,16.19,28358,16.17,U
bj920720,吉冈精密,2025-10-22 10:36:22,16.2,23187,16.19,U
bj920720,吉冈精密,2025-10-22 10:36:25,16.23,17371,16.2,U
bj920720,吉冈精密,2025-10-22 10:36:28,16.25,11700,16.23,U
bj920720,吉冈精密,2025-10-22 10:36:43,16.25,21357,16.23,D
bj920720,吉冈精密,2025-10-22 10:36:49,16.25,13418,16.29,D
bj920720,吉冈精密,2025-10-22 10:40:01,16.1,11090,16.11,D
bj920720,吉冈精密,2025-10-22 10:48:01,16.03,10000,16.03,D
bj920720,吉冈精密,2025-10-22 10:52:13,16.08,11503,16.08,D
bj920720,吉冈精密,2025-10-22 10:52:16,16.06,10306,16.08,U
bj920720,吉冈精密,2025-10-22 10:52:16,16.06,10306,16.08,D
bj920720,吉冈精密,2025-10-22 11:01:25,15.98,19305,15.98,D
bj920720,吉冈精密,2025-10-22 11:13:13,16.0,12426,15.99,U
bj920720,吉冈精密,2025-10-22 13:28:58,16.0,9850,16.0,U
bj920720,吉冈精密,2025-10-22 13:30:10,16.06,14224,16.04,U
bj920720,吉冈精密,2025-10-22 13:37:43,16.1,10000,16.1,D
bj920720,吉冈精密,2025-10-22 13:37:49,16.1,14362,16.1,D
bj920720,吉冈精密,2025-10-22 13:42:37,16.06,29150,16.06,D
bj920720,吉冈精密,2025-10-22 13:42:40,16.06,20170,16.06,D
bj920720,吉冈精密,2025-10-22 14:07:13,16.0,23600,16.0,U
bj920720,吉冈精密,2025-10-22 14:07:34,16.06,11435,16.05,U
bj920720,吉冈精密,2025-10-22 14:37:07,16.06,11483,16.06,D
bj920720,吉冈精密,2025-10-22 14:38:28,16.05,19348,16.06,D
bj920720,吉冈精密,2025-10-22 14:39:13,16.01,17680,16.04,D
bj920720,吉冈精密,2025-10-22 14:51:40,16.01,10000,16.01,U
bj920720,吉冈精密,2025-10-22 14:53:04,16.02,12599,16.02,U
bj920720,吉冈精密,2025-10-22 14:53:31,16.02,12000,16.02,U
bj920720,吉冈精密,2025-10-22 14:54:22,16.06,20000,16.04,U
bj920720,吉冈精密,2025-10-22 14:54:25,16.05,11000,16.06,D
bj920720,吉冈精密,2025-10-22 14:54:34,16.05,18218,16.05,D
bj920720,吉冈精密,2025-10-22 14:54:49,16.07,9864,16.07,U
bj920720,吉冈精密,2025-10-22 14:55:01,16.07,10872,16.07,D
bj920720,吉冈精密,2025-10-22 14:55:34,16.15,77019,16.09,U
bj920720,吉冈精密,2025-10-22 14:56:31,16.15,17911,16.15,U
bj920720,吉冈精密,2025-10-22 14:56:49,16.14,16746,16.14,U
bj920720,吉冈精密,2025-10-22 15:00:04,16.15,144592,16.15,U
