symbol,name,ticktime,price,volume,prev_price,kind
bj920720,吉冈精密,2025-10-29 09:25:05,15.5,13205,0.0,U
bj920720,吉冈精密,2025-10-29 09:30:05,15.53,19581,15.5,U
bj920720,吉冈精密,2025-10-29 09:30:56,15.49,15549,15.49,D
bj920720,吉冈精密,2025-10-29 09:32:56,15.35,17700,15.36,D
bj920720,吉冈精密,2025-10-29 09:35:26,15.3,10784,15.3,U
bj920720,吉冈精密,2025-10-29 09:45:23,15.42,31200,15.42,U
bj920720,吉冈精密,2025-10-29 09:52:23,15.32,20400,15.32,U
bj920720,吉冈精密,2025-10-29 09:52:32,15.32,11000,15.32,D
bj920720,吉冈精密,2025-10-29 09:53:05,15.33,11946,15.33,U
bj920720,吉冈精密,2025-10-29 09:56:50,15.25,15945,15.26,D
bj920720,吉冈精密,2025-10-29 10:00:20,15.24,10000,15.23,U
bj920720,吉冈精密,2025-10-29 10:04:05,15.25,10000,15.27,D
bj920720,吉冈精密,2025-10-29 10:04:53,15.24,16612,15.25,D
bj920720,吉冈精密,2025-10-29 10:05:02,15.27,11366,15.27,U
bj920720,吉冈精密,2025-10-29 10:05:05,15.3,15306,15.27,U
bj920720,吉冈精密,2025-10-29 10:05:14,15.32,10196,15.32,D
bj920720,吉冈精密,2025-10-29 10:07:17,15.31,10002,15.31,D
bj920720,吉冈精密,2025-10-29 10:14:50,15.26,10000,15.27,D
bj920720,吉冈精密,2025-10-29 10:17:59,15.26,11400,15.25,U
bj920720,吉冈精密,2025-10-29 10:20:23,15.38,16900,15.37,U
bj920720,吉冈精密,2025-10-29 10:21:08,15.4,10693,15.35,U
bj920720,吉冈精密,2025-10-29 10:52:53,15.52,22900,15.51,U
bj920720,吉冈精密,2025-10-29 11:02:59,15.48,16251,15.49,D
bj920720,吉冈精密,2025-10-29 11:10:53,15.45,10000,15.44,U
bj920720,吉冈精密,2025-10-29 11:13:41,15.41,19940,15.43,D
bj920720,吉冈精密,2025-10-29 11:15:59,15.52,36273,15.48,U
bj920720,吉冈精密,2025-10-29 11:16:11,15.53,10027,15.52,U
bj920720,吉冈精密,2025-10-29 11:21:35,15.48,18972,15.49,D
bj920720,吉冈精密,2025-10-29 11:23:38,15.52,17805,15.52,U
bj920720,吉冈精密,2025-10-29 13:00:05,15.57,30518,15.54,U
bj920720,吉冈精密,2025-10-29 13:05:32,15.57,11239,15.54,U
bj920720,吉冈精密,2025-10-29 13:05:56,15.58,10650,15.57,U
bj920720,吉冈精密,2025-10-29 13:07:47,15.67,15264,15.66,U
bj920720,吉冈精密,2025-10-29 13:12:02,15.7,10000,15.68,U
bj920720,吉冈精密,2025-10-29 13:12:23,15.7,16738,15.69,U
bj920720,吉冈精密,2025-10-29 13:13:29,15.7,10008,15.71,D
bj920720,吉冈精密,2025-10-29 13:14:17,15.68,30300,15.68,U
bj920720,吉冈精密,2025-10-29 13:15:14,15.72,12898,15.72,U
bj920720,吉冈精密,2025-10-29 13:17:02,15.74,12348,15.75,D
bj920720,吉冈精密,2025-10-29 13:17:29,15.77,11667,15.77,U
bj920720,吉冈精密,2025-10-29 13:21:20,15.72,10684,15.71,E
bj920720,吉冈精密,2025-10-29 13:25:56,15.71,10000,15.71,D
bj920720,吉冈精密,2025-10-29 13:31:11,15.73,38040,15.71,U
bj920720,吉冈精密,2025-10-29 13:34:38,15.74,28491,15.73,U
bj920720,吉冈精密,2025-10-29 13:41:23,15.8,13365,15.8,U
bj920720,吉冈精密,2025-10-29 13:42:29,15.85,11055,15.82,U
bj920720,吉冈精密,2025-10-29 13:42:47,15.85,24597,15.84,U
bj920720,吉冈精密,2025-10-29 13:43:17,15.85,30026,15.85,U
bj920720,吉冈精密,2025-10-29 13:44:08,15.85,13300,15.82,U
bj920720,吉冈精密,2025-10-29 13:46:05,15.9,30000,15.85,U
bj920720,吉冈精密,2025-10-29 13:47:41,15.87,10012,15.87,U
bj920720,吉冈精密,2025-10-29 13:54:56,15.86,22677,15.85,U
bj920720,吉冈精密,2025-10-29 13:54:59,15.87,11147,15.86,U
bj920720,吉冈精密,2025-10-29 13:55:02,15.89,30584,15.87,U
bj920720,吉冈精密,2025-10-29 13:55:05,15.9,20287,15.89,U
bj920720,吉冈精密,2025-10-29 13:55:08,15.92,22096,15.9,U
bj920720,吉冈精密,2025-10-29 13:55:29,15.97,13554,15.97,U
bj920720,吉冈精密,2025-10-29 13:56:32,15.94,10363,15.94,U
bj920720,吉冈精密,2025-10-29 14:02:02,15.9,18400,15.91,D
bj920720,吉冈精密,2025-10-29 14:06:35,15.92,10000,15.93,D
bj920720,吉冈精密,2025-10-29 14:07:35,15.94,13151,15.93,U
bj920720,吉冈精密,2025-10-29 14:08:17,15.95,10000,15.94,U
bj920720,吉冈精密,2025-10-29 14:08:23,15.96,10649,15.95,U
bj920720,吉冈精密,2025-10-29 14:08:56,15.97,11928,15.97,U
bj920720,吉冈精密,2025-10-29 14:09:56,15.98,16674,15.97,U
bj920720,吉冈精密,2025-10-29 14:10:02,15.97,10845,15.97,D
bj920720,吉冈精密,2025-10-29 14:10:14,15.99,13677,15.98,U
bj920720,吉冈精密,2025-10-29 14:10:17,15.97,28066,15.99,D
bj920720,吉冈精密,2025-10-29 14:10:20,15.99,24781,15.97,U
bj920720,吉冈精密,2025-10-29 14:11:17,15.99,16915,16.0,D
bj920720,吉冈精密,2025-10-29 14:11:38,16.05,14569,16.03,U
bj920720,吉冈精密,2025-10-29 14:13:53,16.04,10000,16.05,D
bj920720,吉冈精密,2025-10-29 14:15:14,16.09,13200,16.08,U
bj920720,吉冈精密,2025-10-29 14:15:26,16.09,10917,16.09,U
bj920720,吉冈精密,2025-10-29 14:16:35,16.14,15914,16.14,U
bj920720,吉冈精密,2025-10-29 14:16:47,16.15,10000,16.14,U
bj920720,吉冈精密,2025-10-29 14:17:02,16.15,12542,16.15,U
bj920720,吉冈精密,2025-10-29 14:17:05,16.14,10599,16.15,D
bj920720,吉冈精密,2025-10-29 14:17:17,16.15,10861,16.15,D
bj920720,吉冈精密,2025-10-29 14:17:26,16.16,22717,16.16,U
bj920720,吉冈精密,2025-10-29 14:17:38,16.18,10431,16.17,U
bj920720,吉冈精密,2025-10-29 14:17:41,16.19,12000,16.18,U
bj920720,吉冈精密,2025-10-29 14:18:14,16.25,15408,16.25,U
bj920720,吉冈精密,2025-10-29 14:18:32,16.27,29566,16.26,U
bj920720,吉冈精密,2025-10-29 14:18:38,16.24,10108,16.26,D
bj920720,吉冈精密,2025-10-29 14:18:41,16.29,30085,16.24,U
bj920720,吉冈精密,2025-10-29 14:18:44,16.29,25973,16.29,D
bj920720,吉冈精密,2025-10-29 14:18:47,16.25,29200,16.29,D
bj920720,吉冈精密,2025-10-29 14:19:14,16.25,12161,16.25,D
bj920720,吉冈精密,2025-10-29 14:19:26,16.25,10745,16.21,U
bj920720,吉冈精密,2025-10-29 14:19:38,16.25,10000,16.21,U
bj920720,吉冈精密,2025-10-29 14:20:32,16.2,28187,16.19,U
bj920720,吉冈精密,2025-10-29 14:20:47,16.25,18764,16.22,U
bj920720,吉冈精密,2025-10-29 14:20:53,16.29,26735,16.28,U
bj920720,吉冈精密,2025-10-29 14:20:56,16.3,40494,16.29,U
bj920720,吉冈精密,2025-10-29 14:20:59,16.33,19945,16.3,U
bj920720,吉冈精密,2025-10-29 14:21:02,16.37,26652,16.33,U
bj920720,吉冈精密,2025-10-29 14:22:53,16.26,29946,16.28,D
bj920720,吉冈精密,2025-10-29 14:24:11,16.31,16000,16.32,D
bj920720,吉冈精密,2025-10-29 14:24:59,16.34,31531,16.32,U
bj920720,吉冈精密,2025-10-29 14:25:02,16.32,18051,16.34,D
bj920720,吉冈精密,2025-10-29 14:25:17,16.32,11454,16.34,D
bj920720,吉冈精密,2025-10-29 14:25:38,16.33,12600,16.33,D
bj920720,吉冈精密,2025-10-29 14:25:41,16.32,18583,16.33,D
bj920720,吉冈精密,2025-10-29 14:25:53,16.31,20824,16.31,D
bj920720,吉冈精密,2025-10-29 14:26:20,16.29,12641,16.24,U
bj920720,吉冈精密,2025-10-29 14:26:38,16.21,22757,16.28,D
bj920720,吉冈精密,2025-10-29 14:28:08,16.27,17461,16.25,U
bj920720,吉冈精密,2025-10-29 14:28:35,16.24,18165,16.24,D
bj920720,吉冈精密,2025-10-29 14:30:14,16.3,175305,16.21,U
bj920720,吉冈精密,2025-10-29 14:30:26,16.33,21314,16.32,U
bj920720,吉冈精密,2025-10-29 14:30:29,16.33,17256,16.33,D
bj920720,吉冈精密,2025-10-29 14:31:44,16.36,37812,16.36,D
bj920720,吉冈精密,2025-10-29 14:32:20,16.49,10933,16.47,U
bj920720,吉冈精密,2025-10-29 14:32:35,16.49,11078,16.48,U
bj920720,吉冈精密,2025-10-29 14:32:41,16.5,47250,16.5,U
bj920720,吉冈精密,2025-10-29 14:32:50,16.5,38359,16.49,U
bj920720,吉冈精密,2025-10-29 14:33:17,16.5,10585,16.49,U
bj920720,吉冈精密,2025-10-29 14:33:29,16.5,42459,16.52,D
bj920720,吉冈精密,2025-10-29 14:33:38,16.49,10200,16.49,U
bj920720,吉冈精密,2025-10-29 14:34:23,16.48,10702,16.46,U
bj920720,吉冈精密,2025-10-29 14:34:53,16.42,18217,16.47,D
bj920720,吉冈精密,2025-10-29 14:35:20,16.4,38627,16.43,D
bj920720,吉冈精密,2025-10-29 14:35:38,16.41,32486,16.4,U
bj920720,吉冈精密,2025-10-29 14:37:20,16.38,27954,16.48,D
bj920720,吉冈精密,2025-10-29 14:37:32,16.37,10727,16.37,U
bj920720,吉冈精密,2025-10-29 14:37:38,16.37,51525,16.37,U
bj920720,吉冈精密,2025-10-29 14:37:41,16.37,12791,16.37,U
bj920720,吉冈精密,2025-10-29 14:37:44,16.37,16400,16.37,U
bj920720,吉冈精密,2025-10-29 14:37:50,16.37,71881,16.37,U
bj920720,吉冈精密,2025-10-29 14:38:20,16.45,12401,16.45,D
bj920720,吉冈精密,2025-10-29 14:38:29,16.47,16400,16.45,U
bj920720,吉冈精密,2025-10-29 14:38:53,16.47,25706,16.47,D
bj920720,吉冈精密,2025-10-29 14:40:29,16.45,15825,16.45,U
bj920720,吉冈精密,2025-10-29 14:40:38,16.44,20923,16.45,D
bj920720,吉冈精密,2025-10-29 14:40:41,16.45,23924,16.44,U
bj920720,吉冈精密,2025-10-29 14:40:44,16.44,17647,16.45,D
bj920720,吉冈精密,2025-10-29 14:40:47,16.44,11168,16.44,U
bj920720,吉冈精密,2025-10-29 14:41:17,16.48,10300,16.48,U
bj920720,吉冈精密,2025-10-29 14:41:32,16.46,13701,16.48,D
bj920720,吉冈精密,2025-10-29 14:41:47,16.48,12672,16.49,D
bj920720,吉冈精密,2025-10-29 14:42:59,16.5,12521,16.49,U
bj920720,吉冈精密,2025-10-29 14:43:02,16.5,10500,16.5,U
bj920720,吉冈精密,2025-10-29 14:44:38,16.5,20000,16.49,U
bj920720,吉冈精密,2025-10-29 14:44:41,16.5,27874,16.5,U
bj920720,吉冈精密,2025-10-29 14:44:44,16.49,17413,16.5,D
bj920720,吉冈精密,2025-10-29 14:45:08,16.55,40482,16.53,U
bj920720,吉冈精密,2025-10-29 14:46:08,16.58,20541,16.57,U
bj920720,吉冈精密,2025-10-29 14:46:11,16.58,19987,16.58,U
bj920720,吉冈精密,2025-10-29 14:46:59,16.58,11476,16.58,D
bj920720,吉冈精密,2025-10-29 14:47:14,16.6,15000,16.59,U
bj920720,吉冈精密,2025-10-29 14:47:20,16.6,26716,16.6,U
bj920720,吉冈精密,2025-10-29 14:47:26,16.6,14658,16.61,D
bj920720,吉冈精密,2025-10-29 14:47:47,16.62,15796,16.62,D
bj920720,吉冈精密,2025-10-29 14:47:56,16.66,34348,16.63,U
bj920720,吉冈精密,2025-10-29 14:48:26,16.7,10281,16.7,U
bj920720,吉冈精密,2025-10-29 14:48:38,16.72,13400,16.71,U
bj920720,吉冈精密,2025-10-29 14:48:41,16.71,10900,16.72,D
bj920720,吉冈精密,2025-10-29 14:48:44,16.74,16217,16.71,U
bj920720,吉冈精密,2025-10-29 14:49:17,16.78,12713,16.78,D
bj920720,吉冈精密,2025-10-29 14:49:20,16.79,10799,16.78,U
bj920720,吉冈精密,2025-10-29 14:49:29,16.76,10273,16.78,D
bj920720,吉冈精密,2025-10-29 14:49:35,16.79,22604,16.76,U
bj920720,吉冈精密,2025-10-29 14:49:41,16.75,16779,16.76,D
bj920720,吉冈精密,2025-10-29 14:49:59,16.76,14000,16.75,U
bj920720,吉冈精密,2025-10-29 14:50:11,16.77,16819,16.76,U
bj920720,吉冈精密,2025-10-29 14:50:23,16.77,15100,16.76,U
bj920720,吉冈精密,2025-10-29 14:50:38,16.77,30465,16.77,D
bj920720,吉冈精密,2025-10-29 14:50:44,16.77,10600,16.77,U
bj920720,吉冈精密,2025-10-29 14:51:05,16.75,30922,16.75,D
bj920720,吉冈精密,2025-10-29 14:51:20,16.76,26171,16.76,D
bj920720,吉冈精密,2025-10-29 14:51:32,16.76,19408,16.75,U
bj920720,吉冈精密,2025-10-29 14:51:41,16.71,12722,16.72,D
bj920720,吉冈精密,2025-10-29 14:51:59,16.69,10170,16.7,D
bj920720,吉冈精密,2025-10-29 14:52:11,16.66,16912,16.69,D
bj920720,吉冈精密,2025-10-29 14:52:14,16.7,20118,16.66,U
bj920720,吉冈精密,2025-10-29 14:52:23,16.68,10120,16.7,U
bj920720,吉冈精密,2025-10-29 14:52:26,16.66,23888,16.68,D
bj920720,吉冈精密,2025-10-29 14:52:29,16.68,18495,16.66,U
bj920720,吉冈精密,2025-10-29 14:53:20,16.64,57742,16.64,D
bj920720,吉冈精密,2025-10-29 14:53:38,16.66,14950,16.66,D
bj920720,吉冈精密,2025-10-29 14:54:11,16.66,14195,16.66,U
bj920720,吉冈精密,2025-10-29 14:54:20,16.66,21091,16.66,U
bj920720,吉冈精密,2025-10-29 14:54:26,16.64,17400,16.64,D
bj920720,吉冈精密,2025-10-29 14:54:29,16.64,14057,16.64,D
bj920720,吉冈精密,2025-10-29 14:54:41,16.64,9939,16.64,D
bj920720,吉冈精密,2025-10-29 14:54:50,16.64,17020,16.64,D
bj920720,吉冈精密,2025-10-29 14:55:47,16.57,17620,16.54,U
bj920720,吉冈精密,2025-10-29 14:56:08,16.58,51088,16.53,U
bj920720,吉冈精密,2025-10-29 14:56:17,16.58,12104,16.58,U
bj920720,吉冈精密,2025-10-29 14:56:59,16.58,14590,16.57,U
bj920720,吉冈精密,2025-10-29 15:00:05,16.59,187185,16.59,U
