symbol,name,ticktime,price,volume,prev_price,kind
sh688480,赛恩斯,2025-10-15 09:25:01,60.83,9903,0.0,U
sh688480,赛恩斯,2025-10-15 09:30:00,60.5,4297,60.83,D
sh688480,赛恩斯,2025-10-15 09:30:03,61.5,12539,60.5,U
sh688480,赛恩斯,2025-10-15 09:30:06,60.65,3794,61.5,D
sh688480,赛恩斯,2025-10-15 09:30:10,60.33,5774,60.65,D
sh688480,赛恩斯,2025-10-15 09:30:18,58.91,4863,59.5,D
sh688480,赛恩斯,2025-10-15 09:30:22,59.74,4579,58.91,U
sh688480,赛恩斯,2025-10-15 09:30:24,60.2,3383,59.74,U
sh688480,赛恩斯,2025-10-15 09:30:27,60.38,3375,60.2,U
sh688480,赛恩斯,2025-10-15 09:30:31,60.83,11606,60.38,U
sh688480,赛恩斯,2025-10-15 09:30:37,60.1,3881,60.2,D
sh688480,赛恩斯,2025-10-15 09:30:42,59.74,8076,59.75,D
sh688480,赛恩斯,2025-10-15 09:30:46,61.2,5344,59.74,U
sh688480,赛恩斯,2025-10-15 09:30:49,61.2,5749,61.2,D
sh688480,赛恩斯,2025-10-15 09:30:57,61.16,4265,61.2,D
sh688480,赛恩斯,2025-10-15 09:31:28,60.57,3811,60.45,U
sh688480,赛恩斯,2025-10-15 09:31:31,60.45,7046,60.57,D
sh688480,赛恩斯,2025-10-15 09:31:37,60.22,10000,60.45,D
sh688480,赛恩斯,2025-10-15 09:31:52,59.02,6456,59.87,D
sh688480,赛恩斯,2025-10-15 09:31:54,59.13,26933,59.02,U
sh688480,赛恩斯,2025-10-15 09:31:57,59.0,18013,59.13,D
sh688480,赛恩斯,2025-10-15 09:32:00,59.0,4936,59.0,U
sh688480,赛恩斯,2025-10-15 09:32:09,58.73,22614,59.13,D
sh688480,赛恩斯,2025-10-15 09:32:13,58.07,13588,58.73,D
sh688480,赛恩斯,2025-10-15 09:32:16,58.28,32627,58.07,U
sh688480,赛恩斯,2025-10-15 09:32:19,58.73,11986,58.28,U
sh688480,赛恩斯,2025-10-15 09:32:22,58.99,8930,58.73,U
sh688480,赛恩斯,2025-10-15 09:32:34,59.02,12354,58.76,U
sh688480,赛恩斯,2025-10-15 09:32:42,59.29,3830,59.02,D
sh688480,赛恩斯,2025-10-15 09:32:46,59.29,4780,59.29,U
sh688480,赛恩斯,2025-10-15 09:33:04,59.39,8810,59.64,D
sh688480,赛恩斯,2025-10-15 09:33:07,59.42,6000,59.39,E
sh688480,赛恩斯,2025-10-15 09:33:16,59.65,17100,59.07,U
sh688480,赛恩斯,2025-10-15 09:33:37,59.69,4200,60.01,D
sh688480,赛恩斯,2025-10-15 09:33:54,59.71,10896,59.8,E
sh688480,赛恩斯,2025-10-15 09:33:58,59.8,4298,59.71,U
sh688480,赛恩斯,2025-10-15 09:34:04,59.8,6815,59.8,U
sh688480,赛恩斯,2025-10-15 09:34:07,59.69,4485,59.8,U
sh688480,赛恩斯,2025-10-15 09:34:10,59.8,16590,59.69,U
sh688480,赛恩斯,2025-10-15 09:34:13,59.9,3600,59.8,E
sh688480,赛恩斯,2025-10-15 09:34:19,59.84,3456,59.84,D
sh688480,赛恩斯,2025-10-15 09:34:22,60.01,3891,59.84,D
sh688480,赛恩斯,2025-10-15 09:34:24,60.19,13252,60.01,U
sh688480,赛恩斯,2025-10-15 09:34:31,60.74,11800,60.43,U
sh688480,赛恩斯,2025-10-15 09:34:40,60.7,10400,60.25,U
sh688480,赛恩斯,2025-10-15 09:35:01,60.5,5445,60.49,U
sh688480,赛恩斯,2025-10-15 09:35:06,60.48,6000,59.89,D
sh688480,赛恩斯,2025-10-15 09:35:13,60.03,11420,60.48,E
sh688480,赛恩斯,2025-10-15 09:35:31,59.85,5804,60.17,D
sh688480,赛恩斯,2025-10-15 09:35:34,60.16,29305,59.85,U
sh688480,赛恩斯,2025-10-15 09:35:37,60.17,4294,60.16,U
sh688480,赛恩斯,2025-10-15 09:35:46,60.48,3715,60.39,U
sh688480,赛恩斯,2025-10-15 09:36:34,60.23,3900,60.22,U
sh688480,赛恩斯,2025-10-15 09:36:55,59.95,7285,59.95,U
sh688480,赛恩斯,2025-10-15 09:37:12,59.69,4339,59.69,D
sh688480,赛恩斯,2025-10-15 09:37:24,59.5,5806,59.5,D
sh688480,赛恩斯,2025-10-15 09:37:31,59.5,3671,59.5,D
sh688480,赛恩斯,2025-10-15 09:37:46,59.4,5600,59.32,U
sh688480,赛恩斯,2025-10-15 09:37:54,59.71,35263,59.68,U
sh688480,赛恩斯,2025-10-15 09:37:57,59.68,4398,59.71,E
sh688480,赛恩斯,2025-10-15 09:38:01,59.95,6303,59.68,U
sh688480,赛恩斯,2025-10-15 09:38:04,59.91,6200,59.95,E
sh688480,赛恩斯,2025-10-15 09:38:24,60.13,7641,60.05,E
sh688480,赛恩斯,2025-10-15 09:38:46,60.22,4142,59.95,U
sh688480,赛恩斯,2025-10-15 09:39:16,59.95,3700,59.96,D
sh688480,赛恩斯,2025-10-15 09:39:37,59.81,5200,60.1,D
sh688480,赛恩斯,2025-10-15 09:39:52,60.0,6125,59.81,U
sh688480,赛恩斯,2025-10-15 09:40:13,60.0,4458,60.0,D
sh688480,赛恩斯,2025-10-15 09:40:19,59.73,3499,59.8,D
sh688480,赛恩斯,2025-10-15 09:40:28,59.73,5454,59.72,U
sh688480,赛恩斯,2025-10-15 09:40:36,59.85,10939,59.7,U
sh688480,赛恩斯,2025-10-15 09:41:28,59.9,3366,59.89,D
sh688480,赛恩斯,2025-10-15 09:41:37,59.89,3400,59.99,D
sh688480,赛恩斯,2025-10-15 09:42:40,60.15,3346,60.17,D
sh688480,赛恩斯,2025-10-15 09:43:13,59.9,6082,60.18,D
sh688480,赛恩斯,2025-10-15 09:43:19,59.75,4200,59.82,D
sh688480,赛恩斯,2025-10-15 09:43:43,60.07,5200,60.06,U
sh688480,赛恩斯,2025-10-15 09:43:46,59.9,4969,60.07,D
sh688480,赛恩斯,2025-10-15 09:43:57,59.83,6188,59.85,D
sh688480,赛恩斯,2025-10-15 09:44:07,60.18,14074,59.83,U
sh688480,赛恩斯,2025-10-15 09:45:12,60.4,5593,60.41,D
sh688480,赛恩斯,2025-10-15 09:45:22,60.25,4390,60.38,D
sh688480,赛恩斯,2025-10-15 09:45:25,60.39,13363,60.25,U
sh688480,赛恩斯,2025-10-15 09:46:16,60.99,14080,60.83,U
sh688480,赛恩斯,2025-10-15 09:46:19,60.9,7011,60.99,D
sh688480,赛恩斯,2025-10-15 09:46:25,60.7,18088,60.89,D
sh688480,赛恩斯,2025-10-15 09:47:10,60.76,3548,60.77,D
sh688480,赛恩斯,2025-10-15 09:47:13,60.6,6642,60.76,D
sh688480,赛恩斯,2025-10-15 09:47:16,60.59,13829,60.6,D
sh688480,赛恩斯,2025-10-15 09:47:28,60.37,7172,60.37,E
sh688480,赛恩斯,2025-10-15 09:47:45,60.65,13225,60.5,U
sh688480,赛恩斯,2025-10-15 09:48:16,60.9,5800,60.79,U
sh688480,赛恩斯,2025-10-15 09:48:39,61.2,6056,60.99,U
sh688480,赛恩斯,2025-10-15 09:48:43,61.2,4374,61.2,U
sh688480,赛恩斯,2025-10-15 09:48:46,61.2,4872,61.2,U
sh688480,赛恩斯,2025-10-15 09:48:58,61.2,6227,61.2,U
sh688480,赛恩斯,2025-10-15 09:49:07,60.84,4414,61.01,D
sh688480,赛恩斯,2025-10-15 09:49:10,61.1,4325,60.84,E
sh688480,赛恩斯,2025-10-15 09:49:36,61.1,15200,61.19,U
sh688480,赛恩斯,2025-10-15 09:49:40,61.15,4600,61.1,U
sh688480,赛恩斯,2025-10-15 09:49:58,61.44,4843,61.21,U
sh688480,赛恩斯,2025-10-15 09:50:04,60.99,3818,61.19,D
sh688480,赛恩斯,2025-10-15 09:50:22,60.96,4658,60.97,U
sh688480,赛恩斯,2025-10-15 09:50:54,60.66,4500,60.81,D
sh688480,赛恩斯,2025-10-15 09:51:15,60.99,7075,60.84,U
sh688480,赛恩斯,2025-10-15 09:51:22,61.1,8955,60.99,U
sh688480,赛恩斯,2025-10-15 09:51:28,61.15,18297,61.1,E
sh688480,赛恩斯,2025-10-15 09:51:46,61.27,3646,61.25,U
sh688480,赛恩斯,2025-10-15 09:51:52,61.27,10763,61.21,U
sh688480,赛恩斯,2025-10-15 09:51:58,61.1,7700,61.27,D
sh688480,赛恩斯,2025-10-15 09:52:06,61.22,7208,61.33,D
sh688480,赛恩斯,2025-10-15 09:52:34,61.32,6200,61.32,U
sh688480,赛恩斯,2025-10-15 09:53:48,61.93,6270,61.97,U
sh688480,赛恩斯,2025-10-15 09:54:00,61.85,4650,61.71,E
sh688480,赛恩斯,2025-10-15 09:54:07,61.74,6376,61.85,E
sh688480,赛恩斯,2025-10-15 09:54:24,61.97,3330,61.89,U
sh688480,赛恩斯,2025-10-15 09:55:03,62.33,6400,62.29,U
sh688480,赛恩斯,2025-10-15 09:55:16,62.28,3983,62.28,D
sh688480,赛恩斯,2025-10-15 09:55:22,62.1,22042,62.1,D
sh688480,赛恩斯,2025-10-15 09:55:28,62.53,10407,62.1,U
sh688480,赛恩斯,2025-10-15 09:55:33,61.97,16823,62.13,D
sh688480,赛恩斯,2025-10-15 09:55:37,62.03,4644,61.97,U
sh688480,赛恩斯,2025-10-15 09:56:13,62.23,4900,62.03,D
sh688480,赛恩斯,2025-10-15 09:56:18,62.03,3587,62.03,D
sh688480,赛恩斯,2025-10-15 09:56:40,62.33,5416,62.29,U
sh688480,赛恩斯,2025-10-15 09:57:04,62.43,15678,62.53,D
sh688480,赛恩斯,2025-10-15 09:58:04,62.55,10369,62.38,U
sh688480,赛恩斯,2025-10-15 09:58:09,62.66,6700,62.37,U
sh688480,赛恩斯,2025-10-15 09:58:19,62.78,9708,62.7,U
sh688480,赛恩斯,2025-10-15 09:58:34,62.71,7096,62.83,D
sh688480,赛恩斯,2025-10-15 09:59:07,62.66,9670,62.6,U
sh688480,赛恩斯,2025-10-15 09:59:37,62.75,4165,62.84,E
sh688480,赛恩斯,2025-10-15 09:59:46,62.75,4855,62.72,U
sh688480,赛恩斯,2025-10-15 10:00:04,63.0,10200,62.97,U
sh688480,赛恩斯,2025-10-15 10:01:01,63.0,8166,62.91,D
sh688480,赛恩斯,2025-10-15 10:01:16,63.0,7757,62.89,U
sh688480,赛恩斯,2025-10-15 10:01:21,63.0,4000,63.0,U
sh688480,赛恩斯,2025-10-15 10:01:31,62.75,5388,62.85,D
sh688480,赛恩斯,2025-10-15 10:01:33,62.75,16104,62.75,D
sh688480,赛恩斯,2025-10-15 10:01:36,62.4,5000,62.75,D
sh688480,赛恩斯,2025-10-15 10:02:24,61.82,5300,62.18,D
sh688480,赛恩斯,2025-10-15 10:03:00,61.82,3722,61.82,D
sh688480,赛恩斯,2025-10-15 10:03:10,62.0,4712,61.82,U
sh688480,赛恩斯,2025-10-15 10:04:10,62.19,4207,62.36,D
sh688480,赛恩斯,2025-10-15 10:05:22,62.0,11500,62.01,D
sh688480,赛恩斯,2025-10-15 10:08:12,62.05,9458,62.01,U
sh688480,赛恩斯,2025-10-15 10:08:16,61.97,7068,62.05,D
sh688480,赛恩斯,2025-10-15 10:10:10,62.5,5136,62.38,U
sh688480,赛恩斯,2025-10-15 10:10:13,62.68,5194,62.5,U
sh688480,赛恩斯,2025-10-15 10:12:16,63.0,18864,62.95,U
sh688480,赛恩斯,2025-10-15 10:12:39,62.8,3861,63.0,D
sh688480,赛恩斯,2025-10-15 10:16:34,62.43,6400,62.72,D
sh688480,赛恩斯,2025-10-15 10:18:58,62.44,3610,62.48,D
sh688480,赛恩斯,2025-10-15 10:20:58,62.3,5662,62.62,D
sh688480,赛恩斯,2025-10-15 10:22:36,62.18,3402,62.31,D
sh688480,赛恩斯,2025-10-15 10:23:13,62.18,3280,62.17,U
sh688480,赛恩斯,2025-10-15 10:27:25,62.18,4786,62.2,D
sh688480,赛恩斯,2025-10-15 10:28:58,62.2,12428,62.01,U
sh688480,赛恩斯,2025-10-15 10:31:10,62.54,6164,62.37,U
sh688480,赛恩斯,2025-10-15 10:31:54,62.4,4138,62.54,D
sh688480,赛恩斯,2025-10-15 10:34:39,61.88,6945,62.02,D
sh688480,赛恩斯,2025-10-15 10:35:07,61.78,4400,61.7,U
sh688480,赛恩斯,2025-10-15 10:37:22,61.54,5000,61.7,D
sh688480,赛恩斯,2025-10-15 10:39:01,61.33,4442,61.33,D
sh688480,赛恩斯,2025-10-15 10:44:34,61.2,5400,61.2,U
sh688480,赛恩斯,2025-10-15 10:48:43,61.86,5275,61.7,U
sh688480,赛恩斯,2025-10-15 10:51:16,61.34,3800,61.3,D
sh688480,赛恩斯,2025-10-15 10:51:19,61.34,4408,61.34,U
sh688480,赛恩斯,2025-10-15 10:59:19,61.6,5661,61.6,D
sh688480,赛恩斯,2025-10-15 11:05:24,61.6,9855,61.82,D
sh688480,赛恩斯,2025-10-15 11:07:36,61.82,4193,61.82,U
sh688480,赛恩斯,2025-10-15 11:07:40,61.86,4872,61.82,U
sh688480,赛恩斯,2025-10-15 11:14:19,61.8,5191,61.93,D
sh688480,赛恩斯,2025-10-15 11:16:07,61.79,5460,62.0,D
sh688480,赛恩斯,2025-10-15 11:16:25,61.78,4450,61.78,D
sh688480,赛恩斯,2025-10-15 11:18:31,61.86,3617,61.86,U
sh688480,赛恩斯,2025-10-15 11:21:18,61.97,4017,61.99,D
sh688480,赛恩斯,2025-10-15 11:24:21,61.67,6124,61.84,D
sh688480,赛恩斯,2025-10-15 11:27:18,62.0,6470,62.0,U
sh688480,赛恩斯,2025-10-15 11:28:39,62.15,3354,62.17,D
sh688480,赛恩斯,2025-10-15 13:02:13,61.38,4100,61.51,D
sh688480,赛恩斯,2025-10-15 13:02:16,61.3,4453,61.38,D
sh688480,赛恩斯,2025-10-15 13:02:18,61.18,4498,61.3,D
sh688480,赛恩斯,2025-10-15 13:04:46,61.2,12978,61.18,D
sh688480,赛恩斯,2025-10-15 13:05:10,61.5,4000,61.5,U
sh688480,赛恩斯,2025-10-15 13:06:22,61.16,3700,61.2,D
sh688480,赛恩斯,2025-10-15 13:08:04,60.86,4017,60.93,D
sh688480,赛恩斯,2025-10-15 13:10:12,61.0,5500,60.99,U
sh688480,赛恩斯,2025-10-15 13:13:37,60.83,3444,60.87,D
sh688480,赛恩斯,2025-10-15 13:13:40,60.83,4500,60.83,U
sh688480,赛恩斯,2025-10-15 13:14:27,60.9,4644,61.06,U
sh688480,赛恩斯,2025-10-15 13:15:28,61.0,8409,60.81,U
sh688480,赛恩斯,2025-10-15 13:16:13,60.84,7000,60.97,D
sh688480,赛恩斯,2025-10-15 13:18:28,60.87,4170,60.89,D
sh688480,赛恩斯,2025-10-15 13:19:40,60.74,4482,60.83,D
sh688480,赛恩斯,2025-10-15 13:20:15,60.77,3794,60.78,D
sh688480,赛恩斯,2025-10-15 13:20:55,60.64,4400,60.67,E
sh688480,赛恩斯,2025-10-15 13:21:01,60.68,4184,60.62,U
sh688480,赛恩斯,2025-10-15 13:21:06,60.65,4000,60.67,D
sh688480,赛恩斯,2025-10-15 13:31:54,60.75,4699,60.71,U
sh688480,赛恩斯,2025-10-15 13:31:58,60.77,5129,60.75,U
sh688480,赛恩斯,2025-10-15 13:33:07,60.63,8757,60.63,U
sh688480,赛恩斯,2025-10-15 13:33:31,60.53,4354,60.53,U
sh688480,赛恩斯,2025-10-15 13:37:13,60.55,3876,60.5,U
sh688480,赛恩斯,2025-10-15 13:37:16,60.6,3868,60.55,U
sh688480,赛恩斯,2025-10-15 13:41:36,60.37,4200,60.51,D
sh688480,赛恩斯,2025-10-15 13:41:46,60.57,11534,60.51,U
sh688480,赛恩斯,2025-10-15 13:41:49,60.59,6567,60.57,E
sh688480,赛恩斯,2025-10-15 13:42:39,60.6,3803,60.6,U
sh688480,赛恩斯,2025-10-15 13:56:00,60.42,4565,60.34,U
sh688480,赛恩斯,2025-10-15 13:56:07,60.45,6136,60.43,U
sh688480,赛恩斯,2025-10-15 13:56:10,60.47,4464,60.45,U
sh688480,赛恩斯,2025-10-15 13:57:13,60.37,4940,60.39,D
sh688480,赛恩斯,2025-10-15 14:00:10,60.0,9987,60.26,D
sh688480,赛恩斯,2025-10-15 14:00:13,60.07,11982,60.0,U
sh688480,赛恩斯,2025-10-15 14:00:31,60.2,11500,60.26,D
sh688480,赛恩斯,2025-10-15 14:00:37,60.15,4480,60.36,D
sh688480,赛恩斯,2025-10-15 14:01:07,60.0,5108,60.05,D
sh688480,赛恩斯,2025-10-15 14:01:24,60.0,4170,60.0,U
sh688480,赛恩斯,2025-10-15 14:03:27,59.7,4893,59.7,D
sh688480,赛恩斯,2025-10-15 14:03:39,59.79,3443,59.79,U
sh688480,赛恩斯,2025-10-15 14:06:54,59.87,4933,59.79,U
sh688480,赛恩斯,2025-10-15 14:09:30,59.9,13587,59.89,U
sh688480,赛恩斯,2025-10-15 14:10:36,60.15,3500,60.04,U
sh688480,赛恩斯,2025-10-15 14:10:42,60.2,7664,60.15,U
sh688480,赛恩斯,2025-10-15 14:11:13,60.32,5000,60.33,D
sh688480,赛恩斯,2025-10-15 14:13:01,60.15,18192,60.26,D
sh688480,赛恩斯,2025-10-15 14:13:46,60.0,8142,60.14,D
sh688480,赛恩斯,2025-10-15 14:13:48,60.0,14168,60.0,U
sh688480,赛恩斯,2025-10-15 14:14:07,59.89,7287,60.0,D
sh688480,赛恩斯,2025-10-15 14:16:18,60.0,10200,59.89,U
sh688480,赛恩斯,2025-10-15 14:17:06,60.16,12700,60.09,U
sh688480,赛恩斯,2025-10-15 14:18:09,60.1,10400,60.1,U
sh688480,赛恩斯,2025-10-15 14:18:51,60.26,13350,60.1,U
sh688480,赛恩斯,2025-10-15 14:18:57,60.26,9174,60.26,U
sh688480,赛恩斯,2025-10-15 14:19:01,60.28,7086,60.26,U
sh688480,赛恩斯,2025-10-15 14:19:03,60.3,3697,60.28,U
sh688480,赛恩斯,2025-10-15 14:19:10,60.5,20900,60.3,U
sh688480,赛恩斯,2025-10-15 14:19:27,60.86,20200,60.56,U
sh688480,赛恩斯,2025-10-15 14:19:31,61.0,5715,60.86,U
sh688480,赛恩斯,2025-10-15 14:19:52,60.72,7600,60.9,D
sh688480,赛恩斯,2025-10-15 14:20:07,60.68,5860,60.72,D
sh688480,赛恩斯,2025-10-15 14:21:06,61.0,10000,60.68,U
sh688480,赛恩斯,2025-10-15 14:21:42,60.81,5010,60.99,D
sh688480,赛恩斯,2025-10-15 14:22:22,61.0,10000,60.83,U
sh688480,赛恩斯,2025-10-15 14:22:52,60.87,9540,61.0,D
sh688480,赛恩斯,2025-10-15 14:23:15,60.88,5152,60.88,D
sh688480,赛恩斯,2025-10-15 14:25:43,60.6,7824,60.79,D
sh688480,赛恩斯,2025-10-15 14:25:46,60.6,4310,60.6,U
sh688480,赛恩斯,2025-10-15 14:25:48,61.0,10000,60.6,U
sh688480,赛恩斯,2025-10-15 14:27:03,60.84,5200,60.85,U
sh688480,赛恩斯,2025-10-15 14:27:07,60.73,4944,60.84,D
sh688480,赛恩斯,2025-10-15 14:27:19,60.71,3510,60.73,D
sh688480,赛恩斯,2025-10-15 14:27:28,61.0,10872,60.7,U
sh688480,赛恩斯,2025-10-15 14:29:03,60.62,5906,60.83,D
sh688480,赛恩斯,2025-10-15 14:29:07,60.57,4952,60.62,D
sh688480,赛恩斯,2025-10-15 14:29:49,60.81,11400,60.82,E
sh688480,赛恩斯,2025-10-15 14:29:54,60.8,5424,60.8,U
sh688480,赛恩斯,2025-10-15 14:30:10,60.38,8312,60.66,D
sh688480,赛恩斯,2025-10-15 14:31:00,60.5,5089,60.5,U
sh688480,赛恩斯,2025-10-15 14:33:52,60.8,10000,60.47,U
sh688480,赛恩斯,2025-10-15 14:34:13,60.49,5159,60.8,D
sh688480,赛恩斯,2025-10-15 14:34:52,60.51,20000,60.49,D
sh688480,赛恩斯,2025-10-15 14:35:40,61.0,10000,60.54,U
sh688480,赛恩斯,2025-10-15 14:36:31,60.97,13600,60.84,U
sh688480,赛恩斯,2025-10-15 14:36:34,60.78,8226,60.97,D
sh688480,赛恩斯,2025-10-15 14:36:40,61.0,10000,60.78,U
sh688480,赛恩斯,2025-10-15 14:39:04,60.54,4303,60.6,D
sh688480,赛恩斯,2025-10-15 14:39:28,60.48,4960,60.54,D
sh688480,赛恩斯,2025-10-15 14:40:16,60.42,5200,60.42,U
sh688480,赛恩斯,2025-10-15 14:41:01,60.49,16742,60.48,U
sh688480,赛恩斯,2025-10-15 14:41:13,60.5,11995,60.6,D
sh688480,赛恩斯,2025-10-15 14:42:01,60.46,3600,60.47,E
sh688480,赛恩斯,2025-10-15 14:42:16,60.42,8753,60.46,D
sh688480,赛恩斯,2025-10-15 14:42:28,60.42,8600,60.42,U
sh688480,赛恩斯,2025-10-15 14:42:58,60.21,4982,60.42,D
sh688480,赛恩斯,2025-10-15 14:43:19,60.79,13687,60.42,U
sh688480,赛恩斯,2025-10-15 14:43:57,61.0,10000,60.74,U
sh688480,赛恩斯,2025-10-15 14:45:22,60.58,6253,60.63,D
sh688480,赛恩斯,2025-10-15 14:45:31,61.0,10000,60.6,U
sh688480,赛恩斯,2025-10-15 14:45:51,60.58,5168,60.61,D
sh688480,赛恩斯,2025-10-15 14:47:10,60.8,4107,60.77,U
sh688480,赛恩斯,2025-10-15 14:47:13,60.8,12533,60.8,U
sh688480,赛恩斯,2025-10-15 14:47:16,60.74,4701,60.8,D
sh688480,赛恩斯,2025-10-15 14:47:33,60.59,8127,60.58,U
sh688480,赛恩斯,2025-10-15 14:47:48,60.61,8456,60.61,U
sh688480,赛恩斯,2025-10-15 14:47:51,60.62,3600,60.61,E
sh688480,赛恩斯,2025-10-15 14:49:10,60.9,6819,60.87,U
sh688480,赛恩斯,2025-10-15 14:49:37,60.7,5591,60.9,D
sh688480,赛恩斯,2025-10-15 14:49:49,60.68,4948,60.7,D
sh688480,赛恩斯,2025-10-15 14:50:16,60.59,7371,60.64,D
sh688480,赛恩斯,2025-10-15 14:50:49,60.59,8775,60.43,U
sh688480,赛恩斯,2025-10-15 14:50:57,60.59,3655,60.65,D
sh688480,赛恩斯,2025-10-15 14:54:10,60.86,11389,60.88,D
sh688480,赛恩斯,2025-10-15 14:54:13,60.77,3695,60.86,D
sh688480,赛恩斯,2025-10-15 14:55:25,60.82,8299,60.85,D
sh688480,赛恩斯,2025-10-15 14:56:07,60.75,4014,60.76,D
sh688480,赛恩斯,2025-10-15 14:56:18,60.74,10927,60.74,U
sh688480,赛恩斯,2025-10-15 14:56:27,60.67,6633,60.74,D
sh688480,赛恩斯,2025-10-15 15:00:00,61.0,48162,60.44,U
