symbol,name,ticktime,price,volume,prev_price,kind
sh688480,赛恩斯,2025-10-16 09:25:01,61.0,13224,0.0,U
sh688480,赛恩斯,2025-10-16 09:30:15,60.23,3800,60.23,D
sh688480,赛恩斯,2025-10-16 09:30:18,60.0,5554,60.23,D
sh688480,赛恩斯,2025-10-16 09:30:30,60.0,5927,59.99,U
sh688480,赛恩斯,2025-10-16 09:30:36,60.5,7846,60.18,U
sh688480,赛恩斯,2025-10-16 09:31:00,59.86,10409,59.86,U
sh688480,赛恩斯,2025-10-16 09:31:03,59.76,9068,59.86,D
sh688480,赛恩斯,2025-10-16 09:31:06,59.88,3916,59.76,U
sh688480,赛恩斯,2025-10-16 09:31:18,60.39,4730,60.39,U
sh688480,赛恩斯,2025-10-16 09:31:21,60.5,5178,60.39,U
sh688480,赛恩斯,2025-10-16 09:32:03,60.0,3532,60.0,D
sh688480,赛恩斯,2025-10-16 09:32:09,59.84,7134,60.0,D
sh688480,赛恩斯,2025-10-16 09:32:15,59.77,3700,59.84,D
sh688480,赛恩斯,2025-10-16 09:32:18,59.45,5356,59.77,D
sh688480,赛恩斯,2025-10-16 09:32:27,59.45,3841,59.34,U
sh688480,赛恩斯,2025-10-16 09:32:36,59.05,6396,59.45,D
sh688480,赛恩斯,2025-10-16 09:32:45,59.05,8043,59.21,D
sh688480,赛恩斯,2025-10-16 09:32:48,59.0,3395,59.05,D
sh688480,赛恩斯,2025-10-16 09:33:06,59.19,3444,59.0,U
sh688480,赛恩斯,2025-10-16 09:33:12,59.03,12466,59.0,E
sh688480,赛恩斯,2025-10-16 09:33:24,59.08,3915,59.04,E
sh688480,赛恩斯,2025-10-16 09:33:51,59.2,5400,59.47,D
sh688480,赛恩斯,2025-10-16 09:33:57,59.22,6179,59.47,D
sh688480,赛恩斯,2025-10-16 09:34:00,59.69,10400,59.22,E
sh688480,赛恩斯,2025-10-16 09:34:12,59.67,11412,59.89,E
sh688480,赛恩斯,2025-10-16 09:34:18,59.58,7679,59.68,D
sh688480,赛恩斯,2025-10-16 09:34:27,59.58,4371,59.68,D
sh688480,赛恩斯,2025-10-16 09:34:33,59.4,5336,59.68,D
sh688480,赛恩斯,2025-10-16 09:34:42,59.38,15420,59.4,D
sh688480,赛恩斯,2025-10-16 09:35:54,59.18,3857,59.22,D
sh688480,赛恩斯,2025-10-16 09:36:06,58.88,12707,59.21,D
sh688480,赛恩斯,2025-10-16 09:36:09,59.16,8602,58.88,U
sh688480,赛恩斯,2025-10-16 09:36:15,58.88,11213,58.87,E
sh688480,赛恩斯,2025-10-16 09:36:24,58.89,7136,58.88,E
sh688480,赛恩斯,2025-10-16 09:36:27,58.88,8849,58.89,D
sh688480,赛恩斯,2025-10-16 09:36:45,58.58,13541,58.56,E
sh688480,赛恩斯,2025-10-16 09:36:54,58.59,5000,58.59,D
sh688480,赛恩斯,2025-10-16 09:37:00,58.84,5103,58.6,U
sh688480,赛恩斯,2025-10-16 09:37:15,58.87,4200,58.66,U
sh688480,赛恩斯,2025-10-16 09:37:30,59.18,10899,59.19,E
sh688480,赛恩斯,2025-10-16 09:37:39,58.58,10053,58.97,D
sh688480,赛恩斯,2025-10-16 09:39:06,58.83,6304,58.96,D
sh688480,赛恩斯,2025-10-16 09:39:12,58.96,16319,58.9,U
sh688480,赛恩斯,2025-10-16 09:39:27,58.96,8600,58.96,D
sh688480,赛恩斯,2025-10-16 09:39:45,58.72,5565,58.96,D
sh688480,赛恩斯,2025-10-16 09:39:48,58.6,4295,58.72,D
sh688480,赛恩斯,2025-10-16 09:40:03,58.3,6517,58.58,D
sh688480,赛恩斯,2025-10-16 09:40:06,58.71,17957,58.3,U
sh688480,赛恩斯,2025-10-16 09:40:09,58.71,7405,58.71,D
sh688480,赛恩斯,2025-10-16 09:40:12,58.71,14196,58.71,D
sh688480,赛恩斯,2025-10-16 09:40:24,58.69,11600,58.71,E
sh688480,赛恩斯,2025-10-16 09:40:45,58.49,9193,58.6,D
sh688480,赛恩斯,2025-10-16 09:40:57,58.6,8197,58.49,U
sh688480,赛恩斯,2025-10-16 09:41:09,58.6,11685,58.71,D
sh688480,赛恩斯,2025-10-16 09:41:33,58.36,4112,58.49,D
sh688480,赛恩斯,2025-10-16 09:41:54,58.3,4002,58.36,D
sh688480,赛恩斯,2025-10-16 09:41:57,58.0,10000,58.3,D
sh688480,赛恩斯,2025-10-16 09:42:00,58.01,22028,58.0,E
sh688480,赛恩斯,2025-10-16 09:42:09,57.8,5166,58.01,D
sh688480,赛恩斯,2025-10-16 09:42:27,58.0,3631,57.61,U
sh688480,赛恩斯,2025-10-16 09:42:33,57.66,5200,57.66,D
sh688480,赛恩斯,2025-10-16 09:42:36,57.63,12200,57.66,D
sh688480,赛恩斯,2025-10-16 09:42:39,57.66,6426,57.63,E
sh688480,赛恩斯,2025-10-16 09:42:45,57.5,9994,57.61,D
sh688480,赛恩斯,2025-10-16 09:43:03,57.06,5671,57.22,D
sh688480,赛恩斯,2025-10-16 09:43:12,57.22,23835,57.06,E
sh688480,赛恩斯,2025-10-16 09:43:15,57.22,6653,57.22,E
sh688480,赛恩斯,2025-10-16 09:43:21,57.63,29257,57.49,U
sh688480,赛恩斯,2025-10-16 09:43:24,57.66,13000,57.63,U
sh688480,赛恩斯,2025-10-16 09:43:27,57.5,9474,57.66,D
sh688480,赛恩斯,2025-10-16 09:43:30,57.22,32249,57.5,D
sh688480,赛恩斯,2025-10-16 09:43:33,57.66,35446,57.22,U
sh688480,赛恩斯,2025-10-16 09:43:36,57.5,5500,57.66,E
sh688480,赛恩斯,2025-10-16 09:44:03,57.22,6641,57.64,D
sh688480,赛恩斯,2025-10-16 09:44:12,57.09,5790,57.25,D
sh688480,赛恩斯,2025-10-16 09:44:15,57.06,6876,57.09,D
sh688480,赛恩斯,2025-10-16 09:44:24,56.81,6331,56.81,D
sh688480,赛恩斯,2025-10-16 09:44:54,56.49,13233,56.6,D
sh688480,赛恩斯,2025-10-16 09:45:03,56.47,9500,56.47,U
sh688480,赛恩斯,2025-10-16 09:45:06,56.45,22004,56.47,E
sh688480,赛恩斯,2025-10-16 09:45:09,56.58,16343,56.45,U
sh688480,赛恩斯,2025-10-16 09:45:12,56.59,6500,56.58,E
sh688480,赛恩斯,2025-10-16 09:45:15,56.57,26392,56.59,D
sh688480,赛恩斯,2025-10-16 09:45:48,56.63,7506,56.75,D
sh688480,赛恩斯,2025-10-16 09:46:12,57.23,10016,56.6,U
sh688480,赛恩斯,2025-10-16 09:48:09,57.11,17767,57.12,D
sh688480,赛恩斯,2025-10-16 09:49:21,57.0,3746,57.2,D
sh688480,赛恩斯,2025-10-16 09:50:18,57.2,6028,57.0,U
sh688480,赛恩斯,2025-10-16 09:50:21,57.3,12808,57.2,U
sh688480,赛恩斯,2025-10-16 09:50:51,57.61,7079,57.61,U
sh688480,赛恩斯,2025-10-16 09:50:54,58.54,45677,57.61,U
sh688480,赛恩斯,2025-10-16 09:50:57,57.68,5516,58.54,E
sh688480,赛恩斯,2025-10-16 09:51:15,58.58,43853,57.9,U
sh688480,赛恩斯,2025-10-16 09:51:18,58.02,3666,58.58,E
sh688480,赛恩斯,2025-10-16 09:51:24,58.58,12635,58.51,U
sh688480,赛恩斯,2025-10-16 09:51:45,58.6,11543,58.6,U
sh688480,赛恩斯,2025-10-16 09:52:06,58.6,6591,58.6,D
sh688480,赛恩斯,2025-10-16 09:52:09,58.6,6289,58.6,D
sh688480,赛恩斯,2025-10-16 09:52:24,58.88,4502,58.8,U
sh688480,赛恩斯,2025-10-16 09:52:33,58.88,4230,58.88,D
sh688480,赛恩斯,2025-10-16 09:52:39,59.0,14395,58.87,U
sh688480,赛恩斯,2025-10-16 09:52:57,58.93,10200,58.85,U
sh688480,赛恩斯,2025-10-16 09:54:18,58.68,5227,58.8,D
sh688480,赛恩斯,2025-10-16 09:54:27,58.8,4870,58.88,D
sh688480,赛恩斯,2025-10-16 09:54:48,58.97,4551,58.83,U
sh688480,赛恩斯,2025-10-16 09:55:21,59.0,4903,58.97,U
sh688480,赛恩斯,2025-10-16 09:55:48,59.52,4871,59.18,E
sh688480,赛恩斯,2025-10-16 09:56:30,59.3,9978,59.1,U
sh688480,赛恩斯,2025-10-16 09:57:42,59.6,14809,59.49,U
sh688480,赛恩斯,2025-10-16 09:58:18,59.76,5035,59.78,E
sh688480,赛恩斯,2025-10-16 09:58:27,59.78,17920,59.8,D
sh688480,赛恩斯,2025-10-16 09:59:21,59.89,5200,59.75,U
sh688480,赛恩斯,2025-10-16 09:59:51,59.76,10215,59.83,D
sh688480,赛恩斯,2025-10-16 10:00:33,59.8,3841,59.68,U
sh688480,赛恩斯,2025-10-16 10:01:09,59.91,15426,60.01,D
sh688480,赛恩斯,2025-10-16 10:02:33,59.56,3900,59.75,D
sh688480,赛恩斯,2025-10-16 10:02:45,59.32,6573,59.56,D
sh688480,赛恩斯,2025-10-16 10:02:51,59.59,3565,59.34,U
sh688480,赛恩斯,2025-10-16 10:04:27,59.33,11509,59.15,U
sh688480,赛恩斯,2025-10-16 10:06:30,59.15,3719,59.11,U
sh688480,赛恩斯,2025-10-16 10:09:21,58.6,42710,58.74,D
sh688480,赛恩斯,2025-10-16 10:10:03,58.77,5639,58.77,U
sh688480,赛恩斯,2025-10-16 10:13:09,58.92,10078,59.0,D
sh688480,赛恩斯,2025-10-16 10:13:30,58.76,4000,58.8,D
sh688480,赛恩斯,2025-10-16 10:18:27,58.99,3468,58.99,U
sh688480,赛恩斯,2025-10-16 10:18:45,58.98,3406,59.48,D
sh688480,赛恩斯,2025-10-16 10:19:27,58.81,5236,58.99,D
sh688480,赛恩斯,2025-10-16 10:20:51,58.95,5000,58.95,U
sh688480,赛恩斯,2025-10-16 10:20:57,58.86,5000,58.99,D
sh688480,赛恩斯,2025-10-16 10:21:27,58.62,17163,58.72,D
sh688480,赛恩斯,2025-10-16 10:22:00,58.34,19425,58.61,D
sh688480,赛恩斯,2025-10-16 10:22:12,58.34,12874,58.53,D
sh688480,赛恩斯,2025-10-16 10:22:15,58.34,5183,58.34,U
sh688480,赛恩斯,2025-10-16 10:22:24,58.53,12231,58.53,U
sh688480,赛恩斯,2025-10-16 10:22:30,58.53,16818,58.53,U
sh688480,赛恩斯,2025-10-16 10:33:57,58.14,3694,58.11,U
sh688480,赛恩斯,2025-10-16 10:34:42,57.76,14155,57.84,D
sh688480,赛恩斯,2025-10-16 10:35:15,57.53,9643,57.82,D
sh688480,赛恩斯,2025-10-16 10:36:03,57.89,16069,57.53,U
sh688480,赛恩斯,2025-10-16 10:38:30,57.93,3464,57.92,U
sh688480,赛恩斯,2025-10-16 10:42:09,57.85,6491,57.93,D
sh688480,赛恩斯,2025-10-16 10:42:42,57.77,9334,57.81,D
sh688480,赛恩斯,2025-10-16 10:43:54,57.44,4108,57.54,D
sh688480,赛恩斯,2025-10-16 10:45:12,57.38,3701,57.34,D
sh688480,赛恩斯,2025-10-16 10:45:15,57.38,3685,57.38,U
sh688480,赛恩斯,2025-10-16 10:45:33,57.38,5921,57.38,U
sh688480,赛恩斯,2025-10-16 10:45:39,57.38,7815,57.38,U
sh688480,赛恩斯,2025-10-16 10:46:42,57.05,6654,57.34,D
sh688480,赛恩斯,2025-10-16 10:47:03,57.4,4532,57.03,U
sh688480,赛恩斯,2025-10-16 10:47:12,57.39,6610,57.4,E
sh688480,赛恩斯,2025-10-16 10:47:21,57.4,17855,57.4,U
sh688480,赛恩斯,2025-10-16 10:47:24,57.38,4100,57.4,D
sh688480,赛恩斯,2025-10-16 10:49:12,57.36,6526,57.36,D
sh688480,赛恩斯,2025-10-16 10:49:15,57.32,11019,57.36,D
sh688480,赛恩斯,2025-10-16 10:49:33,57.2,20164,57.22,D
sh688480,赛恩斯,2025-10-16 10:49:45,57.1,5638,57.1,D
sh688480,赛恩斯,2025-10-16 10:49:57,57.1,3587,57.1,D
sh688480,赛恩斯,2025-10-16 10:50:00,57.1,8700,57.1,D
sh688480,赛恩斯,2025-10-16 10:52:03,56.92,7434,56.92,U
sh688480,赛恩斯,2025-10-16 10:52:24,56.89,5000,57.19,D
sh688480,赛恩斯,2025-10-16 10:54:27,57.19,6200,57.01,U
sh688480,赛恩斯,2025-10-16 10:54:36,57.0,5000,57.12,D
sh688480,赛恩斯,2025-10-16 10:56:42,57.01,5343,57.01,D
sh688480,赛恩斯,2025-10-16 10:59:57,57.05,30363,57.02,U
sh688480,赛恩斯,2025-10-16 11:00:00,56.89,3517,57.05,D
sh688480,赛恩斯,2025-10-16 11:00:21,56.85,3554,56.78,U
sh688480,赛恩斯,2025-10-16 11:01:18,56.84,8632,56.79,U
sh688480,赛恩斯,2025-10-16 11:03:33,56.97,7571,57.0,D
sh688480,赛恩斯,2025-10-16 11:04:00,56.91,4008,56.95,D
sh688480,赛恩斯,2025-10-16 11:04:06,56.96,23828,56.91,U
sh688480,赛恩斯,2025-10-16 11:05:12,56.94,5710,56.94,U
sh688480,赛恩斯,2025-10-16 11:05:33,57.19,3901,57.02,U
sh688480,赛恩斯,2025-10-16 11:07:48,57.2,8219,57.28,D
sh688480,赛恩斯,2025-10-16 11:11:54,56.98,7101,56.82,U
sh688480,赛恩斯,2025-10-16 11:12:51,57.81,11000,56.98,U
sh688480,赛恩斯,2025-10-16 11:13:18,57.51,10400,57.29,U
sh688480,赛恩斯,2025-10-16 11:19:42,57.86,8252,57.79,U
sh688480,赛恩斯,2025-10-16 11:19:57,57.99,6179,57.98,E
sh688480,赛恩斯,2025-10-16 11:20:00,58.0,4942,57.99,U
sh688480,赛恩斯,2025-10-16 11:20:54,58.0,10000,57.89,U
sh688480,赛恩斯,2025-10-16 11:21:12,58.0,3689,58.0,U
sh688480,赛恩斯,2025-10-16 13:00:09,57.84,6462,57.89,D
sh688480,赛恩斯,2025-10-16 13:00:12,57.84,3489,57.84,D
sh688480,赛恩斯,2025-10-16 13:00:18,58.01,12732,57.85,U
sh688480,赛恩斯,2025-10-16 13:00:24,58.6,7218,58.2,U
sh688480,赛恩斯,2025-10-16 13:02:12,58.37,4232,58.3,U
sh688480,赛恩斯,2025-10-16 13:05:30,58.25,14955,58.36,D
sh688480,赛恩斯,2025-10-16 13:07:57,57.51,5100,57.55,D
sh688480,赛恩斯,2025-10-16 13:08:39,57.3,16778,57.44,D
sh688480,赛恩斯,2025-10-16 13:08:57,57.15,8500,57.15,D
sh688480,赛恩斯,2025-10-16 13:09:06,57.2,10000,57.15,D
sh688480,赛恩斯,2025-10-16 13:09:09,57.3,3571,57.2,U
sh688480,赛恩斯,2025-10-16 13:12:42,57.12,6257,57.17,D
sh688480,赛恩斯,2025-10-16 13:12:51,57.01,6376,57.12,D
sh688480,赛恩斯,2025-10-16 13:14:12,56.81,4310,56.82,D
sh688480,赛恩斯,2025-10-16 13:15:06,56.67,11000,56.68,D
sh688480,赛恩斯,2025-10-16 13:17:21,56.99,4190,56.8,U
sh688480,赛恩斯,2025-10-16 13:17:33,56.99,6277,56.99,U
sh688480,赛恩斯,2025-10-16 13:17:45,56.99,4466,56.99,U
sh688480,赛恩斯,2025-10-16 13:21:54,56.61,3629,56.64,D
sh688480,赛恩斯,2025-10-16 13:21:57,56.53,11610,56.61,D
sh688480,赛恩斯,2025-10-16 13:22:03,56.47,14309,56.5,D
sh688480,赛恩斯,2025-10-16 13:22:36,56.34,19000,56.36,D
sh688480,赛恩斯,2025-10-16 13:25:39,56.42,4382,56.44,D
sh688480,赛恩斯,2025-10-16 13:25:45,56.38,10677,56.42,D
sh688480,赛恩斯,2025-10-16 13:27:15,56.23,6654,56.3,D
sh688480,赛恩斯,2025-10-16 13:33:51,56.6,4371,56.75,D
sh688480,赛恩斯,2025-10-16 13:37:12,56.57,7991,56.75,D
sh688480,赛恩斯,2025-10-16 13:38:33,56.27,8555,56.33,D
sh688480,赛恩斯,2025-10-16 13:38:51,56.24,12200,56.24,E
sh688480,赛恩斯,2025-10-16 13:39:51,56.16,9359,56.22,D
sh688480,赛恩斯,2025-10-16 13:48:57,56.0,12000,56.04,D
sh688480,赛恩斯,2025-10-16 13:50:21,55.78,8000,55.82,D
sh688480,赛恩斯,2025-10-16 13:50:45,55.82,4023,55.81,D
sh688480,赛恩斯,2025-10-16 13:54:18,56.14,5069,56.12,U
sh688480,赛恩斯,2025-10-16 13:57:00,56.16,4662,56.19,D
sh688480,赛恩斯,2025-10-16 14:01:24,56.21,5832,56.17,U
sh688480,赛恩斯,2025-10-16 14:16:27,56.19,6568,56.25,D
sh688480,赛恩斯,2025-10-16 14:18:03,56.03,6082,56.11,D
sh688480,赛恩斯,2025-10-16 14:18:15,56.06,8600,56.01,U
sh688480,赛恩斯,2025-10-16 14:19:57,55.8,4164,55.88,D
sh688480,赛恩斯,2025-10-16 14:22:45,55.74,4695,55.73,D
sh688480,赛恩斯,2025-10-16 14:23:30,55.84,6504,55.72,U
sh688480,赛恩斯,2025-10-16 14:37:33,56.14,5525,55.97,U
sh688480,赛恩斯,2025-10-16 14:40:09,56.09,10200,56.25,D
sh688480,赛恩斯,2025-10-16 14:41:54,56.29,3637,56.1,U
sh688480,赛恩斯,2025-10-16 14:45:45,56.19,5275,56.13,E
sh688480,赛恩斯,2025-10-16 14:48:45,56.33,4282,56.33,D
sh688480,赛恩斯,2025-10-16 14:49:03,56.34,3558,56.33,U
sh688480,赛恩斯,2025-10-16 14:49:09,56.19,8479,56.33,D
sh688480,赛恩斯,2025-10-16 14:51:00,56.5,3621,56.49,U
sh688480,赛恩斯,2025-10-16 14:51:36,56.75,7583,56.75,D
sh688480,赛恩斯,2025-10-16 14:52:45,57.3,30135,56.72,U
sh688480,赛恩斯,2025-10-16 14:53:06,56.75,10401,56.76,D
sh688480,赛恩斯,2025-10-16 14:53:12,56.7,4702,56.79,D
sh688480,赛恩斯,2025-10-16 14:53:27,57.4,9559,57.25,U
sh688480,赛恩斯,2025-10-16 14:53:36,57.25,26916,56.74,U
sh688480,赛恩斯,2025-10-16 14:54:45,56.75,6209,56.56,E
sh688480,赛恩斯,2025-10-16 14:54:57,56.5,3922,56.55,D
sh688480,赛恩斯,2025-10-16 15:00:00,56.42,67595,56.89,D
