symbol,name,ticktime,price,volume,prev_price,kind
sh688480,赛恩斯,2025-10-13 09:32:02,46.62,4752,46.62,D
sh688480,赛恩斯,2025-10-13 09:32:41,47.5,11704,46.81,U
sh688480,赛恩斯,2025-10-13 09:35:17,47.07,4800,47.2,D
sh688480,赛恩斯,2025-10-13 09:39:05,47.58,5179,47.52,U
sh688480,赛恩斯,2025-10-13 09:39:14,47.62,5398,47.6,D
sh688480,赛恩斯,2025-10-13 09:40:08,48.33,7041,48.31,U
sh688480,赛恩斯,2025-10-13 09:40:11,48.63,11317,48.33,U
sh688480,赛恩斯,2025-10-13 09:40:29,48.15,9557,48.31,D
sh688480,赛恩斯,2025-10-13 09:40:41,48.34,10917,48.28,U
sh688480,赛恩斯,2025-10-13 09:40:53,49.25,10152,48.35,U
sh688480,赛恩斯,2025-10-13 09:41:17,49.0,7303,48.81,U
sh688480,赛恩斯,2025-10-13 09:41:26,49.07,15464,49.24,D
sh688480,赛恩斯,2025-10-13 09:41:38,49.75,21946,48.85,U
sh688480,赛恩斯,2025-10-13 09:41:41,49.75,10695,49.75,U
sh688480,赛恩斯,2025-10-13 09:41:44,49.78,10020,49.75,U
sh688480,赛恩斯,2025-10-13 09:41:50,49.9,7296,49.16,U
sh688480,赛恩斯,2025-10-13 09:41:53,49.06,14371,49.9,D
sh688480,赛恩斯,2025-10-13 09:41:56,49.9,5628,49.06,U
sh688480,赛恩斯,2025-10-13 09:42:02,49.9,10020,49.07,U
sh688480,赛恩斯,2025-10-13 09:42:08,49.9,20220,49.16,U
sh688480,赛恩斯,2025-10-13 09:42:11,49.31,17300,49.9,D
sh688480,赛恩斯,2025-10-13 09:42:41,49.51,5927,49.52,D
sh688480,赛恩斯,2025-10-13 09:43:32,49.88,4258,49.72,U
sh688480,赛恩斯,2025-10-13 09:43:38,49.89,20489,49.87,U
sh688480,赛恩斯,2025-10-13 09:43:41,49.72,14166,49.89,D
sh688480,赛恩斯,2025-10-13 09:43:47,50.28,54285,49.97,U
sh688480,赛恩斯,2025-10-13 09:44:11,51.0,43464,50.21,U
sh688480,赛恩斯,2025-10-13 09:45:32,50.37,6357,50.21,U
sh688480,赛恩斯,2025-10-13 09:45:56,50.3,4961,50.5,D
sh688480,赛恩斯,2025-10-13 09:46:08,50.12,11467,50.21,E
sh688480,赛恩斯,2025-10-13 09:46:29,50.6,21707,50.42,U
sh688480,赛恩斯,2025-10-13 09:46:35,50.42,6000,50.6,E
sh688480,赛恩斯,2025-10-13 09:46:59,50.0,9800,50.02,D
sh688480,赛恩斯,2025-10-13 09:47:26,50.2,12071,50.0,U
sh688480,赛恩斯,2025-10-13 09:47:56,50.22,5200,50.42,D
sh688480,赛恩斯,2025-10-13 09:48:56,50.2,9156,50.21,D
sh688480,赛恩斯,2025-10-13 09:50:17,50.2,5800,50.24,D
sh688480,赛恩斯,2025-10-13 09:50:35,50.24,7043,50.15,U
sh688480,赛恩斯,2025-10-13 09:50:38,50.6,33250,50.24,U
sh688480,赛恩斯,2025-10-13 09:51:11,50.9,20828,50.62,U
sh688480,赛恩斯,2025-10-13 09:51:14,50.61,6000,50.9,D
sh688480,赛恩斯,2025-10-13 09:51:17,50.95,6009,50.61,U
sh688480,赛恩斯,2025-10-13 09:51:32,50.95,17483,50.61,U
sh688480,赛恩斯,2025-10-13 09:52:17,50.95,19790,50.67,U
sh688480,赛恩斯,2025-10-13 09:53:05,50.99,44000,50.85,U
sh688480,赛恩斯,2025-10-13 09:54:02,50.74,100400,50.81,E
sh688480,赛恩斯,2025-10-13 09:55:08,50.93,10808,50.93,U
sh688480,赛恩斯,2025-10-13 09:56:05,50.98,10000,50.94,U
sh688480,赛恩斯,2025-10-13 09:56:26,50.65,5642,50.64,D
sh688480,赛恩斯,2025-10-13 09:56:32,50.59,8270,50.65,D
sh688480,赛恩斯,2025-10-13 09:56:41,50.25,8464,50.59,D
sh688480,赛恩斯,2025-10-13 09:56:59,50.27,16848,50.58,D
sh688480,赛恩斯,2025-10-13 09:58:11,50.2,8868,50.4,D
sh688480,赛恩斯,2025-10-13 10:00:11,50.05,5400,49.83,U
sh688480,赛恩斯,2025-10-13 10:03:26,50.0,4880,50.0,U
sh688480,赛恩斯,2025-10-13 10:04:26,50.06,10350,50.17,D
sh688480,赛恩斯,2025-10-13 10:06:14,50.3,4300,50.29,U
sh688480,赛恩斯,2025-10-13 10:07:32,49.94,11731,50.0,D
sh688480,赛恩斯,2025-10-13 10:08:02,49.82,9400,49.87,D
sh688480,赛恩斯,2025-10-13 10:08:11,49.68,10600,49.84,D
sh688480,赛恩斯,2025-10-13 10:09:17,49.64,5000,49.71,D
sh688480,赛恩斯,2025-10-13 10:09:23,49.6,6250,49.64,D
sh688480,赛恩斯,2025-10-13 10:11:02,49.65,8000,49.63,U
sh688480,赛恩斯,2025-10-13 10:11:14,49.65,6800,49.53,U
sh688480,赛恩斯,2025-10-13 10:11:26,49.7,6051,49.65,U
sh688480,赛恩斯,2025-10-13 10:15:32,49.65,5716,49.65,U
sh688480,赛恩斯,2025-10-13 10:16:02,49.57,7299,49.58,D
sh688480,赛恩斯,2025-10-13 10:16:29,49.0,15000,49.5,D
sh688480,赛恩斯,2025-10-13 10:16:32,49.0,15800,49.0,D
sh688480,赛恩斯,2025-10-13 10:16:41,49.0,13000,49.61,D
sh688480,赛恩斯,2025-10-13 10:16:53,49.3,7000,49.53,D
sh688480,赛恩斯,2025-10-13 10:16:59,49.31,6921,49.31,U
sh688480,赛恩斯,2025-10-13 10:21:50,49.95,20020,49.7,U
sh688480,赛恩斯,2025-10-13 10:22:08,50.0,21053,49.96,U
sh688480,赛恩斯,2025-10-13 10:22:17,50.11,8336,50.0,D
sh688480,赛恩斯,2025-10-13 10:23:38,50.07,6742,50.02,U
sh688480,赛恩斯,2025-10-13 10:23:59,50.07,4506,50.07,U
sh688480,赛恩斯,2025-10-13 10:24:23,50.08,5000,50.48,D
sh688480,赛恩斯,2025-10-13 10:24:26,50.03,5000,50.08,D
sh688480,赛恩斯,2025-10-13 10:26:20,49.83,18813,49.96,D
sh688480,赛恩斯,2025-10-13 10:29:47,50.1,4907,49.97,U
sh688480,赛恩斯,2025-10-13 10:29:59,50.25,8038,50.1,U
sh688480,赛恩斯,2025-10-13 10:34:47,49.74,5000,49.73,D
sh688480,赛恩斯,2025-10-13 10:36:47,50.04,9337,49.74,U
sh688480,赛恩斯,2025-10-13 10:37:26,50.1,4213,50.1,U
sh688480,赛恩斯,2025-10-13 10:37:56,50.45,4000,50.45,U
sh688480,赛恩斯,2025-10-13 10:40:41,50.5,9912,50.43,U
sh688480,赛恩斯,2025-10-13 10:40:56,50.55,9891,50.5,U
sh688480,赛恩斯,2025-10-13 10:41:05,50.65,7417,50.55,U
sh688480,赛恩斯,2025-10-13 10:41:32,50.56,10224,50.65,D
sh688480,赛恩斯,2025-10-13 10:41:38,50.55,5000,50.56,D
sh688480,赛恩斯,2025-10-13 10:43:56,50.65,6800,50.65,D
sh688480,赛恩斯,2025-10-13 10:45:41,50.71,9700,50.55,U
sh688480,赛恩斯,2025-10-13 10:45:50,50.8,8444,50.77,U
sh688480,赛恩斯,2025-10-13 10:46:17,50.88,4753,50.8,U
sh688480,赛恩斯,2025-10-13 10:46:29,50.88,5275,50.88,D
sh688480,赛恩斯,2025-10-13 10:47:02,50.88,10000,50.79,U
sh688480,赛恩斯,2025-10-13 10:47:41,50.99,18286,50.92,U
sh688480,赛恩斯,2025-10-13 10:47:44,50.99,6786,50.99,U
sh688480,赛恩斯,2025-10-13 10:48:14,51.0,14824,50.99,U
sh688480,赛恩斯,2025-10-13 10:49:14,50.99,21554,50.99,U
sh688480,赛恩斯,2025-10-13 10:49:17,51.0,20000,50.99,U
sh688480,赛恩斯,2025-10-13 10:49:23,51.1,32897,51.0,U
sh688480,赛恩斯,2025-10-13 10:52:26,51.36,4000,51.23,U
sh688480,赛恩斯,2025-10-13 10:53:14,51.3,12494,51.38,D
sh688480,赛恩斯,2025-10-13 10:53:44,51.3,4000,51.3,U
sh688480,赛恩斯,2025-10-13 10:55:05,51.3,4014,51.3,U
sh688480,赛恩斯,2025-10-13 10:55:29,51.58,34796,51.49,U
sh688480,赛恩斯,2025-10-13 10:56:29,51.79,5000,51.79,U
sh688480,赛恩斯,2025-10-13 10:57:11,51.79,20000,51.69,U
sh688480,赛恩斯,2025-10-13 10:57:14,51.84,22411,51.79,U
sh688480,赛恩斯,2025-10-13 10:57:17,51.96,5649,51.84,U
sh688480,赛恩斯,2025-10-13 10:57:20,51.98,9267,51.96,U
sh688480,赛恩斯,2025-10-13 10:57:23,52.0,52700,51.98,U
sh688480,赛恩斯,2025-10-13 10:57:35,53.0,17708,52.5,U
sh688480,赛恩斯,2025-10-13 10:57:50,52.0,5000,52.98,D
sh688480,赛恩斯,2025-10-13 10:58:29,52.84,4000,52.86,U
sh688480,赛恩斯,2025-10-13 10:59:29,52.7,8876,52.1,U
sh688480,赛恩斯,2025-10-13 11:00:14,52.1,4863,52.48,D
sh688480,赛恩斯,2025-10-13 11:00:17,52.0,7900,52.1,D
sh688480,赛恩斯,2025-10-13 11:00:20,52.1,4000,52.0,U
sh688480,赛恩斯,2025-10-13 11:03:56,52.45,4140,52.45,D
sh688480,赛恩斯,2025-10-13 11:05:11,52.0,20000,52.1,D
sh688480,赛恩斯,2025-10-13 11:06:56,52.75,22866,52.18,U
sh688480,赛恩斯,2025-10-13 11:07:11,52.75,22446,52.75,U
sh688480,赛恩斯,2025-10-13 11:07:23,52.61,47624,52.24,E
sh688480,赛恩斯,2025-10-13 11:07:35,52.94,10000,52.61,U
sh688480,赛恩斯,2025-10-13 11:12:05,52.5,10000,52.5,D
sh688480,赛恩斯,2025-10-13 11:12:50,52.41,10800,52.38,D
sh688480,赛恩斯,2025-10-13 11:13:08,52.3,10000,52.41,D
sh688480,赛恩斯,2025-10-13 11:13:26,52.37,12330,52.3,D
sh688480,赛恩斯,2025-10-13 11:14:38,52.31,10000,52.68,D
sh688480,赛恩斯,2025-10-13 11:16:11,52.88,12583,52.56,U
sh688480,赛恩斯,2025-10-13 11:16:56,53.0,24524,52.93,U
sh688480,赛恩斯,2025-10-13 11:16:59,53.12,23127,53.0,U
sh688480,赛恩斯,2025-10-13 11:17:29,52.84,8099,52.87,D
sh688480,赛恩斯,2025-10-13 11:19:59,53.2,18768,53.12,U
sh688480,赛恩斯,2025-10-13 11:21:11,53.55,5012,53.55,D
sh688480,赛恩斯,2025-10-13 11:22:38,53.54,30000,53.23,U
sh688480,赛恩斯,2025-10-13 11:22:44,53.46,12400,53.54,E
sh688480,赛恩斯,2025-10-13 11:23:08,53.66,8838,53.66,D
sh688480,赛恩斯,2025-10-13 11:23:59,53.7,8773,53.1,U
sh688480,赛恩斯,2025-10-13 13:00:11,52.9,5200,52.9,D
sh688480,赛恩斯,2025-10-13 13:05:17,53.46,5477,53.29,U
sh688480,赛恩斯,2025-10-13 13:05:44,53.52,4207,53.49,U
sh688480,赛恩斯,2025-10-13 13:06:38,53.6,5658,53.59,U
sh688480,赛恩斯,2025-10-13 13:06:44,53.65,10800,53.6,U
sh688480,赛恩斯,2025-10-13 13:07:59,53.75,6248,53.79,D
sh688480,赛恩斯,2025-10-13 13:08:05,53.75,12777,53.75,D
sh688480,赛恩斯,2025-10-13 13:08:29,53.8,17234,53.75,U
sh688480,赛恩斯,2025-10-13 13:08:41,53.88,50343,53.74,U
sh688480,赛恩斯,2025-10-13 13:08:47,53.78,4571,53.8,D
sh688480,赛恩斯,2025-10-13 13:08:50,54.01,42440,53.78,U
sh688480,赛恩斯,2025-10-13 13:09:05,54.38,10060,54.39,E
sh688480,赛恩斯,2025-10-13 13:10:23,54.02,4582,54.0,U
sh688480,赛恩斯,2025-10-13 13:10:32,54.03,4100,54.02,E
sh688480,赛恩斯,2025-10-13 13:10:35,54.15,3961,54.03,U
sh688480,赛恩斯,2025-10-13 13:10:41,54.25,6154,54.15,U
sh688480,赛恩斯,2025-10-13 13:10:47,54.39,39401,54.02,U
sh688480,赛恩斯,2025-10-13 13:10:50,54.39,10918,54.39,D
sh688480,赛恩斯,2025-10-13 13:11:05,54.04,4459,54.39,D
sh688480,赛恩斯,2025-10-13 13:11:08,54.04,5190,54.04,D
sh688480,赛恩斯,2025-10-13 13:11:14,54.04,4989,54.04,U
sh688480,赛恩斯,2025-10-13 13:11:17,54.03,4000,54.04,E
sh688480,赛恩斯,2025-10-13 13:11:29,54.0,6034,54.03,D
sh688480,赛恩斯,2025-10-13 13:11:35,54.02,5171,54.02,D
sh688480,赛恩斯,2025-10-13 13:11:50,53.9,5655,54.0,D
sh688480,赛恩斯,2025-10-13 13:12:08,53.9,6274,53.89,U
sh688480,赛恩斯,2025-10-13 13:12:17,54.02,5400,53.9,U
sh688480,赛恩斯,2025-10-13 13:12:35,53.8,11589,53.91,D
sh688480,赛恩斯,2025-10-13 13:12:44,53.93,5000,53.8,D
sh688480,赛恩斯,2025-10-13 13:13:26,53.81,5000,53.93,D
sh688480,赛恩斯,2025-10-13 13:13:53,53.8,6000,53.81,D
sh688480,赛恩斯,2025-10-13 13:16:29,53.94,4568,53.76,U
sh688480,赛恩斯,2025-10-13 13:17:41,54.08,7874,53.99,U
sh688480,赛恩斯,2025-10-13 13:17:53,54.0,10000,54.01,D
sh688480,赛恩斯,2025-10-13 13:17:56,54.0,12300,54.0,D
sh688480,赛恩斯,2025-10-13 13:17:59,54.0,6519,54.0,U
sh688480,赛恩斯,2025-10-13 13:19:29,54.0,10689,54.01,D
sh688480,赛恩斯,2025-10-13 13:19:32,54.03,4241,54.0,U
sh688480,赛恩斯,2025-10-13 13:20:20,54.29,6853,54.29,D
sh688480,赛恩斯,2025-10-13 13:20:47,54.29,8613,54.1,U
sh688480,赛恩斯,2025-10-13 13:21:08,54.44,6326,54.5,D
sh688480,赛恩斯,2025-10-13 13:21:53,54.6,7166,54.54,U
sh688480,赛恩斯,2025-10-13 13:21:56,54.54,23044,54.6,D
sh688480,赛恩斯,2025-10-13 13:21:59,54.6,5358,54.54,U
sh688480,赛恩斯,2025-10-13 13:22:05,54.6,11197,54.68,D
sh688480,赛恩斯,2025-10-13 13:22:11,54.6,4375,54.8,D
sh688480,赛恩斯,2025-10-13 13:22:32,54.8,9077,54.8,U
sh688480,赛恩斯,2025-10-13 13:22:44,54.96,5011,54.95,U
sh688480,赛恩斯,2025-10-13 13:23:14,55.0,27288,54.98,U
sh688480,赛恩斯,2025-10-13 13:23:17,55.02,7462,55.0,U
sh688480,赛恩斯,2025-10-13 13:23:29,54.97,5000,55.02,D
sh688480,赛恩斯,2025-10-13 13:23:47,55.02,10222,54.99,U
sh688480,赛恩斯,2025-10-13 13:23:53,55.02,10000,55.5,D
sh688480,赛恩斯,2025-10-13 13:24:29,55.02,4221,55.35,D
sh688480,赛恩斯,2025-10-13 13:25:05,55.05,5000,55.34,D
sh688480,赛恩斯,2025-10-13 13:25:11,55.31,5260,55.3,U
sh688480,赛恩斯,2025-10-13 13:26:20,55.02,21600,55.25,D
sh688480,赛恩斯,2025-10-13 13:27:23,54.97,4325,55.08,D
sh688480,赛恩斯,2025-10-13 13:27:56,54.54,7800,54.89,D
sh688480,赛恩斯,2025-10-13 13:30:20,55.08,4028,55.08,D
sh688480,赛恩斯,2025-10-13 13:30:29,55.08,4117,55.08,D
sh688480,赛恩斯,2025-10-13 13:32:05,55.16,8573,54.91,U
sh688480,赛恩斯,2025-10-13 13:32:17,55.3,7431,55.22,U
sh688480,赛恩斯,2025-10-13 13:32:23,55.3,5925,55.3,U
sh688480,赛恩斯,2025-10-13 13:32:26,55.3,13100,55.3,U
sh688480,赛恩斯,2025-10-13 13:32:32,55.3,5219,55.3,U
sh688480,赛恩斯,2025-10-13 13:32:38,55.37,6634,55.33,U
sh688480,赛恩斯,2025-10-13 13:33:02,55.49,3632,55.45,U
sh688480,赛恩斯,2025-10-13 13:33:05,55.44,4421,55.49,D
sh688480,赛恩斯,2025-10-13 13:33:08,55.5,14943,55.44,U
sh688480,赛恩斯,2025-10-13 13:33:11,55.55,23944,55.5,U
sh688480,赛恩斯,2025-10-13 13:33:14,55.88,5000,55.55,U
sh688480,赛恩斯,2025-10-13 13:34:26,55.45,20000,55.59,D
sh688480,赛恩斯,2025-10-13 13:37:26,55.5,4626,55.49,U
sh688480,赛恩斯,2025-10-13 13:39:05,55.78,6831,55.59,U
sh688480,赛恩斯,2025-10-13 13:39:29,55.86,3676,55.88,D
sh688480,赛恩斯,2025-10-13 13:39:47,55.8,7000,55.86,D
sh688480,赛恩斯,2025-10-13 13:45:14,55.57,6000,55.63,D
sh688480,赛恩斯,2025-10-13 13:45:23,55.66,14856,55.57,U
sh688480,赛恩斯,2025-10-13 13:46:53,55.99,18551,55.96,U
sh688480,赛恩斯,2025-10-13 13:46:56,55.99,3851,55.99,U
sh688480,赛恩斯,2025-10-13 13:46:59,56.0,39532,55.99,U
sh688480,赛恩斯,2025-10-13 13:47:02,56.08,22209,56.0,U
sh688480,赛恩斯,2025-10-13 13:47:05,56.3,17614,56.08,U
sh688480,赛恩斯,2025-10-13 13:47:14,56.5,8008,56.5,U
sh688480,赛恩斯,2025-10-13 13:48:05,57.12,136768,56.75,U
sh688480,赛恩斯,2025-10-13 13:48:11,57.12,30000,57.12,D
sh688480,赛恩斯,2025-10-13 13:48:14,57.12,33469,57.12,D
sh688480,赛恩斯,2025-10-13 13:48:17,57.12,24100,57.12,D
sh688480,赛恩斯,2025-10-13 13:48:23,57.12,5200,57.12,D
sh688480,赛恩斯,2025-10-13 13:48:29,57.12,55000,57.12,D
sh688480,赛恩斯,2025-10-13 13:48:32,57.12,29600,57.12,D
sh688480,赛恩斯,2025-10-13 13:48:35,57.12,14200,57.12,D
sh688480,赛恩斯,2025-10-13 13:48:50,57.12,6500,57.12,D
sh688480,赛恩斯,2025-10-13 13:48:56,57.12,50000,57.12,D
sh688480,赛恩斯,2025-10-13 13:48:59,57.12,10263,57.12,D
sh688480,赛恩斯,2025-10-13 13:49:29,57.12,77000,57.12,D
sh688480,赛恩斯,2025-10-13 13:49:32,57.12,9000,57.12,D
sh688480,赛恩斯,2025-10-13 13:49:47,57.12,10000,57.12,D
sh688480,赛恩斯,2025-10-13 13:50:14,57.12,6500,57.12,D
sh688480,赛恩斯,2025-10-13 13:50:23,57.12,18830,57.12,U
sh688480,赛恩斯,2025-10-13 13:50:53,57.12,12241,57.06,U
sh688480,赛恩斯,2025-10-13 13:51:05,57.12,5200,57.12,D
sh688480,赛恩斯,2025-10-13 13:51:17,57.12,5979,57.12,U
sh688480,赛恩斯,2025-10-13 13:52:17,56.61,11911,56.75,D
sh688480,赛恩斯,2025-10-13 13:52:20,56.61,6069,56.61,D
sh688480,赛恩斯,2025-10-13 13:52:23,56.65,13356,56.61,U
sh688480,赛恩斯,2025-10-13 13:53:32,56.7,10827,56.71,D
sh688480,赛恩斯,2025-10-13 13:53:50,56.75,6918,56.75,U
sh688480,赛恩斯,2025-10-13 13:54:44,56.96,3930,56.96,D
sh688480,赛恩斯,2025-10-13 13:55:08,56.92,4765,56.96,D
sh688480,赛恩斯,2025-10-13 13:55:11,56.72,5501,56.92,D
sh688480,赛恩斯,2025-10-13 13:55:14,56.7,5383,56.72,D
sh688480,赛恩斯,2025-10-13 13:57:26,56.7,13999,56.72,D
sh688480,赛恩斯,2025-10-13 13:58:17,56.7,8035,56.7,U
sh688480,赛恩斯,2025-10-13 13:58:38,56.73,9976,56.73,U
sh688480,赛恩斯,2025-10-13 13:58:50,56.73,6648,56.73,U
sh688480,赛恩斯,2025-10-13 13:59:53,56.7,4993,56.73,D
sh688480,赛恩斯,2025-10-13 14:00:26,56.7,24814,56.7,D
sh688480,赛恩斯,2025-10-13 14:01:14,56.88,4100,56.7,U
sh688480,赛恩斯,2025-10-13 14:01:29,56.92,8110,56.89,U
sh688480,赛恩斯,2025-10-13 14:01:32,57.0,17273,56.92,U
sh688480,赛恩斯,2025-10-13 14:01:38,57.1,5500,57.1,U
sh688480,赛恩斯,2025-10-13 14:01:41,57.12,7549,57.1,U
sh688480,赛恩斯,2025-10-13 14:01:53,57.1,9493,57.1,D
sh688480,赛恩斯,2025-10-13 14:01:56,57.12,4261,57.1,U
sh688480,赛恩斯,2025-10-13 14:02:11,57.12,7102,57.11,U
sh688480,赛恩斯,2025-10-13 14:02:17,57.12,10920,57.1,U
sh688480,赛恩斯,2025-10-13 14:02:32,57.12,20000,57.1,U
sh688480,赛恩斯,2025-10-13 14:02:38,57.12,27783,57.12,U
sh688480,赛恩斯,2025-10-13 14:02:56,57.12,7949,57.12,D
sh688480,赛恩斯,2025-10-13 14:02:59,57.12,10368,57.12,U
sh688480,赛恩斯,2025-10-13 14:03:02,57.12,5600,57.12,U
sh688480,赛恩斯,2025-10-13 14:04:23,57.11,4178,57.1,U
sh688480,赛恩斯,2025-10-13 14:05:05,57.11,5585,57.1,U
sh688480,赛恩斯,2025-10-13 14:05:11,57.12,31630,57.11,U
sh688480,赛恩斯,2025-10-13 14:07:08,57.12,8000,57.12,D
sh688480,赛恩斯,2025-10-13 14:08:29,57.12,31746,57.12,D
sh688480,赛恩斯,2025-10-13 14:09:20,57.12,15000,57.12,D
sh688480,赛恩斯,2025-10-13 14:10:53,57.12,240000,57.12,D
sh688480,赛恩斯,2025-10-13 14:11:05,57.0,21140,57.12,D
sh688480,赛恩斯,2025-10-13 14:11:26,57.0,5987,57.0,D
sh688480,赛恩斯,2025-10-13 14:14:59,57.11,11433,57.11,D
sh688480,赛恩斯,2025-10-13 14:15:08,57.1,4987,57.11,D
sh688480,赛恩斯,2025-10-13 14:15:11,57.03,3572,57.1,D
sh688480,赛恩斯,2025-10-13 14:15:35,57.11,10781,57.12,D
sh688480,赛恩斯,2025-10-13 14:15:38,57.11,7865,57.11,D
sh688480,赛恩斯,2025-10-13 14:15:56,57.12,15333,57.12,U
sh688480,赛恩斯,2025-10-13 14:16:29,57.05,5200,57.05,D
sh688480,赛恩斯,2025-10-13 14:16:35,57.03,4000,57.05,D
sh688480,赛恩斯,2025-10-13 14:16:44,57.02,5000,57.03,D
sh688480,赛恩斯,2025-10-13 14:16:53,56.95,4850,57.02,D
sh688480,赛恩斯,2025-10-13 14:17:14,57.0,5000,57.05,D
sh688480,赛恩斯,2025-10-13 14:17:20,56.95,6359,57.0,D
sh688480,赛恩斯,2025-10-13 14:17:29,56.94,5500,56.95,D
sh688480,赛恩斯,2025-10-13 14:17:32,56.9,6350,56.94,D
sh688480,赛恩斯,2025-10-13 14:17:35,56.9,7280,56.9,D
sh688480,赛恩斯,2025-10-13 14:17:41,56.95,5400,56.9,U
sh688480,赛恩斯,2025-10-13 14:17:44,56.86,3972,56.95,D
sh688480,赛恩斯,2025-10-13 14:17:53,56.7,7100,56.8,D
sh688480,赛恩斯,2025-10-13 14:18:02,56.69,4600,56.7,D
sh688480,赛恩斯,2025-10-13 14:18:05,56.63,7364,56.69,D
sh688480,赛恩斯,2025-10-13 14:18:08,56.62,6050,56.63,D
sh688480,赛恩斯,2025-10-13 14:18:11,56.62,6969,56.62,D
sh688480,赛恩斯,2025-10-13 14:18:14,56.6,17999,56.62,D
sh688480,赛恩斯,2025-10-13 14:18:41,56.1,16200,56.06,D
sh688480,赛恩斯,2025-10-13 14:18:47,56.08,10000,56.17,D
sh688480,赛恩斯,2025-10-13 14:18:53,56.11,13409,56.6,D
sh688480,赛恩斯,2025-10-13 14:19:02,56.1,10000,56.11,D
sh688480,赛恩斯,2025-10-13 14:19:11,56.15,10000,56.1,E
sh688480,赛恩斯,2025-10-13 14:19:20,56.14,10000,56.15,D
sh688480,赛恩斯,2025-10-13 14:19:23,56.65,4500,56.14,U
sh688480,赛恩斯,2025-10-13 14:19:29,56.65,24318,56.65,D
sh688480,赛恩斯,2025-10-13 14:20:23,56.6,20000,56.65,D
sh688480,赛恩斯,2025-10-13 14:20:32,56.31,5100,56.31,D
sh688480,赛恩斯,2025-10-13 14:20:35,56.25,4900,56.31,U
sh688480,赛恩斯,2025-10-13 14:20:44,56.24,10000,56.26,D
sh688480,赛恩斯,2025-10-13 14:22:56,56.6,9865,56.6,D
sh688480,赛恩斯,2025-10-13 14:23:47,56.75,6647,56.52,U
sh688480,赛恩斯,2025-10-13 14:25:53,56.73,9527,56.73,D
sh688480,赛恩斯,2025-10-13 14:26:32,56.85,7564,56.75,U
sh688480,赛恩斯,2025-10-13 14:26:41,56.9,7872,56.85,U
sh688480,赛恩斯,2025-10-13 14:28:17,57.12,10084,57.12,U
sh688480,赛恩斯,2025-10-13 14:28:29,57.08,5910,57.12,D
sh688480,赛恩斯,2025-10-13 14:30:11,57.0,5000,57.1,D
sh688480,赛恩斯,2025-10-13 14:32:02,57.12,4300,57.12,U
sh688480,赛恩斯,2025-10-13 14:32:05,57.12,16464,57.12,U
sh688480,赛恩斯,2025-10-13 14:32:17,57.12,5000,57.12,D
sh688480,赛恩斯,2025-10-13 14:33:41,57.12,32000,57.12,D
sh688480,赛恩斯,2025-10-13 14:33:53,57.12,20000,57.12,D
sh688480,赛恩斯,2025-10-13 14:33:56,57.12,8330,57.12,U
sh688480,赛恩斯,2025-10-13 14:34:11,57.12,5667,57.12,U
sh688480,赛恩斯,2025-10-13 14:39:41,57.12,22872,57.12,D
sh688480,赛恩斯,2025-10-13 14:39:50,57.12,5927,57.12,U
sh688480,赛恩斯,2025-10-13 14:45:53,57.12,4900,57.12,D
sh688480,赛恩斯,2025-10-13 14:49:35,57.12,189163,57.12,U
sh688480,赛恩斯,2025-10-13 14:49:56,57.12,7200,57.11,U
sh688480,赛恩斯,2025-10-13 14:51:56,57.12,24834,57.12,U
sh688480,赛恩斯,2025-10-13 14:52:02,57.11,4660,57.12,D
sh688480,赛恩斯,2025-10-13 14:52:05,57.12,5200,57.11,U
sh688480,赛恩斯,2025-10-13 14:52:08,57.05,35141,57.12,D
sh688480,赛恩斯,2025-10-13 14:52:11,57.05,8591,57.05,U
sh688480,赛恩斯,2025-10-13 14:52:14,57.01,5000,57.05,D
sh688480,赛恩斯,2025-10-13 14:52:56,57.05,12239,57.05,U
sh688480,赛恩斯,2025-10-13 14:54:47,57.12,4526,57.11,U
sh688480,赛恩斯,2025-10-13 14:56:05,57.12,3800,57.1,U
sh688480,赛恩斯,2025-10-13 14:56:53,57.12,5000,57.12,D
sh688480,赛恩斯,2025-10-13 14:56:56,57.12,5000,57.12,D
sh688480,赛恩斯,2025-10-13 14:56:59,57.1,8000,57.12,D
sh688480,赛恩斯,2025-10-13 15:00:03,57.05,82700,57.1,U
