symbol,name,ticktime,price,volume,prev_price,kind
sh688480,赛恩斯,2025-10-14 09:25:00,58.76,116056,0.0,D
sh688480,赛恩斯,2025-10-14 09:30:03,57.43,13570,58.8,D
sh688480,赛恩斯,2025-10-14 09:30:09,57.33,14740,57.43,D
sh688480,赛恩斯,2025-10-14 09:30:12,58.59,11815,57.33,U
sh688480,赛恩斯,2025-10-14 09:30:15,58.75,27257,58.59,U
sh688480,赛恩斯,2025-10-14 09:30:21,59.0,74553,58.5,U
sh688480,赛恩斯,2025-10-14 09:30:24,59.0,24917,59.0,U
sh688480,赛恩斯,2025-10-14 09:30:27,59.0,6368,59.0,U
sh688480,赛恩斯,2025-10-14 09:30:30,59.05,29583,59.0,E
sh688480,赛恩斯,2025-10-14 09:30:33,59.0,6379,59.05,D
sh688480,赛恩斯,2025-10-14 09:30:36,59.18,11283,59.0,E
sh688480,赛恩斯,2025-10-14 09:30:42,59.19,11133,59.5,D
sh688480,赛恩斯,2025-10-14 09:30:48,60.0,16471,59.06,U
sh688480,赛恩斯,2025-10-14 09:30:51,60.3,9417,60.0,U
sh688480,赛恩斯,2025-10-14 09:30:54,60.47,14527,60.3,U
sh688480,赛恩斯,2025-10-14 09:30:57,59.95,9135,60.47,D
sh688480,赛恩斯,2025-10-14 09:31:00,59.95,11400,59.95,D
sh688480,赛恩斯,2025-10-14 09:31:03,59.95,34648,59.95,D
sh688480,赛恩斯,2025-10-14 09:31:06,60.3,4181,59.95,U
sh688480,赛恩斯,2025-10-14 09:31:09,60.3,26279,60.3,D
sh688480,赛恩斯,2025-10-14 09:31:12,59.94,9518,60.3,D
sh688480,赛恩斯,2025-10-14 09:31:15,59.93,5761,59.94,D
sh688480,赛恩斯,2025-10-14 09:31:18,59.95,29390,59.93,U
sh688480,赛恩斯,2025-10-14 09:31:21,59.95,17907,59.95,U
sh688480,赛恩斯,2025-10-14 09:31:24,59.93,9959,59.95,D
sh688480,赛恩斯,2025-10-14 09:31:27,60.0,18848,59.93,U
sh688480,赛恩斯,2025-10-14 09:31:30,59.98,8088,60.0,E
sh688480,赛恩斯,2025-10-14 09:31:33,59.59,3800,59.98,E
sh688480,赛恩斯,2025-10-14 09:31:36,59.2,8123,59.59,D
sh688480,赛恩斯,2025-10-14 09:31:42,59.94,6600,59.55,U
sh688480,赛恩斯,2025-10-14 09:31:48,59.57,5970,59.2,E
sh688480,赛恩斯,2025-10-14 09:31:51,59.23,5546,59.57,D
sh688480,赛恩斯,2025-10-14 09:31:54,59.57,13514,59.23,U
sh688480,赛恩斯,2025-10-14 09:32:12,59.33,3428,59.33,D
sh688480,赛恩斯,2025-10-14 09:32:21,59.33,3522,59.16,U
sh688480,赛恩斯,2025-10-14 09:32:27,59.33,21834,59.33,D
sh688480,赛恩斯,2025-10-14 09:32:36,59.64,4987,59.4,U
sh688480,赛恩斯,2025-10-14 09:32:39,59.4,6700,59.64,D
sh688480,赛恩斯,2025-10-14 09:33:03,59.45,7331,59.38,U
sh688480,赛恩斯,2025-10-14 09:33:09,59.4,4058,59.38,U
sh688480,赛恩斯,2025-10-14 09:33:15,59.38,4046,59.3,U
sh688480,赛恩斯,2025-10-14 09:33:18,59.3,5342,59.38,U
sh688480,赛恩斯,2025-10-14 09:33:21,59.33,5417,59.3,U
sh688480,赛恩斯,2025-10-14 09:33:24,59.35,7450,59.33,D
sh688480,赛恩斯,2025-10-14 09:33:27,59.35,7573,59.35,D
sh688480,赛恩斯,2025-10-14 09:33:30,59.04,28095,59.35,D
sh688480,赛恩斯,2025-10-14 09:33:33,59.33,11759,59.04,U
sh688480,赛恩斯,2025-10-14 09:33:39,59.01,6439,59.04,U
sh688480,赛恩斯,2025-10-14 09:33:45,59.1,6047,59.15,E
sh688480,赛恩斯,2025-10-14 09:33:48,59.5,9174,59.1,U
sh688480,赛恩斯,2025-10-14 09:33:51,59.6,3857,59.5,U
sh688480,赛恩斯,2025-10-14 09:33:57,59.87,8936,59.83,U
sh688480,赛恩斯,2025-10-14 09:34:00,59.97,9683,59.87,U
sh688480,赛恩斯,2025-10-14 09:34:03,60.11,42851,59.97,U
sh688480,赛恩斯,2025-10-14 09:34:06,60.3,3473,60.11,U
sh688480,赛恩斯,2025-10-14 09:34:09,59.97,27550,60.3,D
sh688480,赛恩斯,2025-10-14 09:34:12,60.47,8702,59.97,U
sh688480,赛恩斯,2025-10-14 09:34:21,60.98,9784,60.87,U
sh688480,赛恩斯,2025-10-14 09:34:24,60.89,7823,60.98,D
sh688480,赛恩斯,2025-10-14 09:34:27,60.89,23943,60.89,D
sh688480,赛恩斯,2025-10-14 09:34:30,60.91,4017,60.89,U
sh688480,赛恩斯,2025-10-14 09:34:39,61.02,10067,60.85,U
sh688480,赛恩斯,2025-10-14 09:34:42,61.01,13308,61.02,D
sh688480,赛恩斯,2025-10-14 09:34:45,61.01,8800,61.01,D
sh688480,赛恩斯,2025-10-14 09:34:51,61.53,7322,60.89,U
sh688480,赛恩斯,2025-10-14 09:34:54,61.6,4551,61.53,U
sh688480,赛恩斯,2025-10-14 09:34:57,61.57,23850,61.6,E
sh688480,赛恩斯,2025-10-14 09:35:03,61.48,6467,61.28,E
sh688480,赛恩斯,2025-10-14 09:35:06,61.14,15762,61.48,E
sh688480,赛恩斯,2025-10-14 09:35:18,60.71,8576,61.14,D
sh688480,赛恩斯,2025-10-14 09:35:21,60.74,9535,60.71,D
sh688480,赛恩斯,2025-10-14 09:35:33,60.9,7040,60.75,U
sh688480,赛恩斯,2025-10-14 09:35:36,61.0,16496,60.9,U
sh688480,赛恩斯,2025-10-14 09:35:42,61.0,15170,61.0,D
sh688480,赛恩斯,2025-10-14 09:35:45,60.81,16068,61.0,E
sh688480,赛恩斯,2025-10-14 09:35:54,61.2,4088,60.81,U
sh688480,赛恩斯,2025-10-14 09:36:00,61.38,14127,61.2,U
sh688480,赛恩斯,2025-10-14 09:36:03,61.2,12557,61.38,D
sh688480,赛恩斯,2025-10-14 09:36:06,61.48,17294,61.2,U
sh688480,赛恩斯,2025-10-14 09:36:09,61.49,5091,61.48,U
sh688480,赛恩斯,2025-10-14 09:36:12,61.97,12930,61.49,U
sh688480,赛恩斯,2025-10-14 09:36:15,62.63,17878,61.97,U
sh688480,赛恩斯,2025-10-14 09:36:18,62.0,5830,62.63,E
sh688480,赛恩斯,2025-10-14 09:36:21,62.11,26909,62.0,U
sh688480,赛恩斯,2025-10-14 09:36:24,62.1,7296,62.11,D
sh688480,赛恩斯,2025-10-14 09:36:27,62.59,14129,62.1,U
sh688480,赛恩斯,2025-10-14 09:36:30,62.59,13800,62.59,U
sh688480,赛恩斯,2025-10-14 09:36:36,62.31,5256,62.18,U
sh688480,赛恩斯,2025-10-14 09:36:39,62.31,5537,62.31,D
sh688480,赛恩斯,2025-10-14 09:36:42,62.63,14069,62.31,U
sh688480,赛恩斯,2025-10-14 09:36:45,62.31,9122,62.63,D
sh688480,赛恩斯,2025-10-14 09:36:48,62.59,13220,62.31,U
sh688480,赛恩斯,2025-10-14 09:36:51,62.59,14137,62.59,D
sh688480,赛恩斯,2025-10-14 09:36:54,62.75,27224,62.59,U
sh688480,赛恩斯,2025-10-14 09:37:00,62.62,4400,62.6,E
sh688480,赛恩斯,2025-10-14 09:37:03,62.3,15657,62.62,D
sh688480,赛恩斯,2025-10-14 09:37:12,62.61,3691,62.74,D
sh688480,赛恩斯,2025-10-14 09:37:15,62.6,9637,62.61,E
sh688480,赛恩斯,2025-10-14 09:37:18,62.58,4816,62.6,U
sh688480,赛恩斯,2025-10-14 09:37:24,62.47,3678,62.58,U
sh688480,赛恩斯,2025-10-14 09:37:39,62.24,3221,61.72,E
sh688480,赛恩斯,2025-10-14 09:37:54,61.91,4200,62.19,E
sh688480,赛恩斯,2025-10-14 09:38:45,61.9,3689,61.88,U
sh688480,赛恩斯,2025-10-14 09:38:57,60.0,48483,61.44,D
sh688480,赛恩斯,2025-10-14 09:39:03,61.4,4071,60.02,U
sh688480,赛恩斯,2025-10-14 09:39:09,61.2,9120,60.03,E
sh688480,赛恩斯,2025-10-14 09:39:15,61.2,11256,61.2,U
sh688480,赛恩斯,2025-10-14 09:39:21,61.21,3269,61.0,E
sh688480,赛恩斯,2025-10-14 09:39:24,61.2,6827,61.21,D
sh688480,赛恩斯,2025-10-14 09:39:33,61.4,24772,61.35,U
sh688480,赛恩斯,2025-10-14 09:39:36,61.2,12755,61.4,D
sh688480,赛恩斯,2025-10-14 09:39:45,61.2,8150,61.45,D
sh688480,赛恩斯,2025-10-14 09:39:51,61.3,7578,61.19,U
sh688480,赛恩斯,2025-10-14 09:40:30,60.5,33533,60.9,D
sh688480,赛恩斯,2025-10-14 09:40:54,60.17,3676,60.17,D
sh688480,赛恩斯,2025-10-14 09:41:12,60.66,3931,60.45,U
sh688480,赛恩斯,2025-10-14 09:41:15,60.67,8390,60.66,U
sh688480,赛恩斯,2025-10-14 09:41:27,61.09,5856,60.68,U
sh688480,赛恩斯,2025-10-14 09:41:30,60.68,22644,61.09,D
sh688480,赛恩斯,2025-10-14 09:42:24,60.87,3400,61.07,D
sh688480,赛恩斯,2025-10-14 09:42:27,61.1,13600,60.87,U
sh688480,赛恩斯,2025-10-14 09:43:09,61.1,4423,61.15,D
sh688480,赛恩斯,2025-10-14 09:43:12,61.1,6966,61.1,D
sh688480,赛恩斯,2025-10-14 09:43:15,61.13,33985,61.1,U
sh688480,赛恩斯,2025-10-14 09:43:36,61.14,6261,61.37,D
sh688480,赛恩斯,2025-10-14 09:44:54,60.66,25200,61.1,D
sh688480,赛恩斯,2025-10-14 09:45:06,61.1,12500,61.21,D
sh688480,赛恩斯,2025-10-14 09:45:12,61.21,6987,61.1,D
sh688480,赛恩斯,2025-10-14 09:45:21,61.3,5200,61.48,U
sh688480,赛恩斯,2025-10-14 09:45:48,61.31,4497,61.31,D
sh688480,赛恩斯,2025-10-14 09:46:30,61.26,4741,61.26,D
sh688480,赛恩斯,2025-10-14 09:46:57,61.26,4300,61.09,U
sh688480,赛恩斯,2025-10-14 09:47:03,61.26,7631,61.26,D
sh688480,赛恩斯,2025-10-14 09:47:18,61.26,3548,61.26,U
sh688480,赛恩斯,2025-10-14 09:47:21,61.41,5300,61.26,U
sh688480,赛恩斯,2025-10-14 09:47:24,61.47,6579,61.41,U
sh688480,赛恩斯,2025-10-14 09:47:27,61.45,5230,61.47,E
sh688480,赛恩斯,2025-10-14 09:47:54,61.45,4300,61.45,D
sh688480,赛恩斯,2025-10-14 09:47:57,61.65,29184,61.45,U
sh688480,赛恩斯,2025-10-14 09:48:00,62.01,21653,61.65,U
sh688480,赛恩斯,2025-10-14 09:48:03,62.0,7100,62.01,D
sh688480,赛恩斯,2025-10-14 09:48:06,62.0,10311,62.0,D
sh688480,赛恩斯,2025-10-14 09:48:09,62.0,8447,62.0,U
sh688480,赛恩斯,2025-10-14 09:48:18,62.12,8684,62.0,U
sh688480,赛恩斯,2025-10-14 09:48:39,61.6,3400,61.6,D
sh688480,赛恩斯,2025-10-14 09:48:54,61.79,3445,61.8,E
sh688480,赛恩斯,2025-10-14 09:49:36,61.59,3500,61.85,D
sh688480,赛恩斯,2025-10-14 09:50:06,61.5,3500,61.26,D
sh688480,赛恩斯,2025-10-14 09:50:51,61.4,7962,61.4,U
sh688480,赛恩斯,2025-10-14 09:50:54,61.4,5878,61.4,U
sh688480,赛恩斯,2025-10-14 09:50:57,61.55,5381,61.4,U
sh688480,赛恩斯,2025-10-14 09:52:42,61.32,3379,61.5,D
sh688480,赛恩斯,2025-10-14 09:53:42,61.62,24588,61.47,U
sh688480,赛恩斯,2025-10-14 09:54:51,61.49,4000,61.47,D
sh688480,赛恩斯,2025-10-14 09:55:18,61.7,5942,61.5,U
sh688480,赛恩斯,2025-10-14 09:55:21,61.78,6845,61.7,U
sh688480,赛恩斯,2025-10-14 09:55:24,61.85,8926,61.78,U
sh688480,赛恩斯,2025-10-14 09:55:27,61.99,7139,61.85,U
sh688480,赛恩斯,2025-10-14 09:55:30,62.12,17736,61.99,U
sh688480,赛恩斯,2025-10-14 09:55:33,62.13,6100,62.12,U
sh688480,赛恩斯,2025-10-14 09:55:36,62.0,7582,62.13,D
sh688480,赛恩斯,2025-10-14 09:55:48,62.13,6982,62.0,U
sh688480,赛恩斯,2025-10-14 09:55:54,62.0,7611,62.13,U
sh688480,赛恩斯,2025-10-14 09:56:36,62.0,3879,62.13,D
sh688480,赛恩斯,2025-10-14 09:57:12,62.13,3246,62.27,D
sh688480,赛恩斯,2025-10-14 09:57:18,62.74,5025,62.43,U
sh688480,赛恩斯,2025-10-14 09:57:45,62.74,7532,62.74,U
sh688480,赛恩斯,2025-10-14 09:58:12,62.75,11908,62.75,U
sh688480,赛恩斯,2025-10-14 09:58:15,62.75,29722,62.75,U
sh688480,赛恩斯,2025-10-14 09:58:18,62.88,13307,62.75,U
sh688480,赛恩斯,2025-10-14 09:58:48,63.0,5200,63.0,U
sh688480,赛恩斯,2025-10-14 09:59:00,63.0,7678,63.0,U
sh688480,赛恩斯,2025-10-14 09:59:03,63.29,11705,63.0,E
sh688480,赛恩斯,2025-10-14 09:59:06,62.98,5927,63.29,D
sh688480,赛恩斯,2025-10-14 09:59:18,62.68,35887,62.77,D
sh688480,赛恩斯,2025-10-14 09:59:42,62.52,4570,62.4,U
sh688480,赛恩斯,2025-10-14 10:01:03,63.62,15291,63.61,E
sh688480,赛恩斯,2025-10-14 10:01:06,63.63,3337,63.62,U
sh688480,赛恩斯,2025-10-14 10:01:15,64.0,65363,63.62,U
sh688480,赛恩斯,2025-10-14 10:01:18,63.62,6500,64.0,D
sh688480,赛恩斯,2025-10-14 10:01:27,64.95,9664,63.99,U
sh688480,赛恩斯,2025-10-14 10:01:33,63.96,6368,63.27,U
sh688480,赛恩斯,2025-10-14 10:01:39,63.96,5214,63.45,U
sh688480,赛恩斯,2025-10-14 10:01:51,63.9,24682,63.9,D
sh688480,赛恩斯,2025-10-14 10:01:54,63.61,3769,63.9,E
sh688480,赛恩斯,2025-10-14 10:01:57,63.52,4670,63.61,D
sh688480,赛恩斯,2025-10-14 10:02:03,63.45,9473,63.9,D
sh688480,赛恩斯,2025-10-14 10:02:06,63.42,20765,63.45,D
sh688480,赛恩斯,2025-10-14 10:02:09,63.54,21173,63.42,U
sh688480,赛恩斯,2025-10-14 10:02:12,63.31,5664,63.54,D
sh688480,赛恩斯,2025-10-14 10:02:15,63.54,3243,63.31,E
sh688480,赛恩斯,2025-10-14 10:02:39,63.7,3600,63.83,U
sh688480,赛恩斯,2025-10-14 10:02:48,63.7,4876,63.87,D
sh688480,赛恩斯,2025-10-14 10:03:03,63.78,8713,63.42,U
sh688480,赛恩斯,2025-10-14 10:03:06,63.87,7600,63.78,U
sh688480,赛恩斯,2025-10-14 10:03:24,64.31,12686,64.3,U
sh688480,赛恩斯,2025-10-14 10:04:09,64.96,14490,64.62,U
sh688480,赛恩斯,2025-10-14 10:04:42,64.82,11188,64.85,E
sh688480,赛恩斯,2025-10-14 10:04:48,64.33,4105,64.57,D
sh688480,赛恩斯,2025-10-14 10:04:51,64.3,5074,64.33,D
sh688480,赛恩斯,2025-10-14 10:04:54,63.28,14971,64.3,D
sh688480,赛恩斯,2025-10-14 10:06:00,63.5,13684,63.51,D
sh688480,赛恩斯,2025-10-14 10:06:03,63.3,6465,63.5,D
sh688480,赛恩斯,2025-10-14 10:06:39,63.01,10800,63.07,E
sh688480,赛恩斯,2025-10-14 10:06:51,63.0,6811,62.56,U
sh688480,赛恩斯,2025-10-14 10:07:42,63.0,6815,63.0,U
sh688480,赛恩斯,2025-10-14 10:08:06,63.0,7402,63.0,U
sh688480,赛恩斯,2025-10-14 10:09:12,63.5,8222,63.76,D
sh688480,赛恩斯,2025-10-14 10:09:15,63.75,9664,63.5,U
sh688480,赛恩斯,2025-10-14 10:09:21,63.76,9772,63.75,U
sh688480,赛恩斯,2025-10-14 10:09:24,63.5,10000,63.76,D
sh688480,赛恩斯,2025-10-14 10:09:36,63.5,4051,63.5,D
sh688480,赛恩斯,2025-10-14 10:10:27,64.23,7094,64.23,U
sh688480,赛恩斯,2025-10-14 10:10:30,64.23,4202,64.23,D
sh688480,赛恩斯,2025-10-14 10:10:48,64.23,23178,63.73,U
sh688480,赛恩斯,2025-10-14 10:10:57,64.17,11684,64.23,E
sh688480,赛恩斯,2025-10-14 10:11:03,63.5,8200,64.17,D
sh688480,赛恩斯,2025-10-14 10:11:09,64.17,13519,63.5,U
sh688480,赛恩斯,2025-10-14 10:11:27,63.77,3204,64.19,D
sh688480,赛恩斯,2025-10-14 10:11:33,64.5,8180,64.0,U
sh688480,赛恩斯,2025-10-14 10:11:48,63.63,8344,64.0,D
sh688480,赛恩斯,2025-10-14 10:12:12,63.96,3844,63.63,E
sh688480,赛恩斯,2025-10-14 10:12:42,63.5,4111,63.49,U
sh688480,赛恩斯,2025-10-14 10:13:18,63.49,7404,63.5,D
sh688480,赛恩斯,2025-10-14 10:14:12,62.9,20842,63.2,D
sh688480,赛恩斯,2025-10-14 10:14:30,62.0,6200,62.57,D
sh688480,赛恩斯,2025-10-14 10:15:12,62.19,6540,62.88,E
sh688480,赛恩斯,2025-10-14 10:16:00,62.22,8000,62.22,D
sh688480,赛恩斯,2025-10-14 10:16:06,62.21,4611,62.22,D
sh688480,赛恩斯,2025-10-14 10:16:27,62.22,5000,62.21,E
sh688480,赛恩斯,2025-10-14 10:16:33,62.22,5024,62.22,U
sh688480,赛恩斯,2025-10-14 10:16:36,62.21,4121,62.22,D
sh688480,赛恩斯,2025-10-14 10:16:45,62.22,4079,62.22,U
sh688480,赛恩斯,2025-10-14 10:16:48,62.24,10100,62.22,U
sh688480,赛恩斯,2025-10-14 10:16:54,62.23,6400,62.24,U
sh688480,赛恩斯,2025-10-14 10:17:03,62.22,4165,62.22,U
sh688480,赛恩斯,2025-10-14 10:17:33,61.92,10780,61.86,E
sh688480,赛恩斯,2025-10-14 10:17:54,61.91,7075,61.91,D
sh688480,赛恩斯,2025-10-14 10:17:57,61.91,5000,61.91,D
sh688480,赛恩斯,2025-10-14 10:18:00,61.93,9572,61.91,D
sh688480,赛恩斯,2025-10-14 10:18:03,61.91,7044,61.93,D
sh688480,赛恩斯,2025-10-14 10:18:15,61.93,4353,61.89,U
sh688480,赛恩斯,2025-10-14 10:18:24,61.9,6000,61.95,D
sh688480,赛恩斯,2025-10-14 10:18:48,62.22,7400,62.05,U
sh688480,赛恩斯,2025-10-14 10:18:51,61.96,5093,62.22,D
sh688480,赛恩斯,2025-10-14 10:18:54,62.23,9631,61.96,U
sh688480,赛恩斯,2025-10-14 10:20:09,62.24,13489,62.19,U
sh688480,赛恩斯,2025-10-14 10:20:12,62.26,8368,62.24,U
sh688480,赛恩斯,2025-10-14 10:20:36,62.43,5000,62.43,D
sh688480,赛恩斯,2025-10-14 10:20:39,62.43,5000,62.43,D
sh688480,赛恩斯,2025-10-14 10:21:15,62.98,5418,62.74,U
sh688480,赛恩斯,2025-10-14 10:21:57,62.51,10752,62.53,D
sh688480,赛恩斯,2025-10-14 10:23:06,62.43,5059,62.43,D
sh688480,赛恩斯,2025-10-14 10:24:48,62.12,5762,62.11,D
sh688480,赛恩斯,2025-10-14 10:26:45,62.3,4237,62.43,D
sh688480,赛恩斯,2025-10-14 10:27:18,62.09,3385,62.1,D
sh688480,赛恩斯,2025-10-14 10:27:21,62.0,3720,62.09,D
sh688480,赛恩斯,2025-10-14 10:29:30,61.6,4899,61.75,D
sh688480,赛恩斯,2025-10-14 10:29:42,61.6,3947,61.6,U
sh688480,赛恩斯,2025-10-14 10:31:51,61.61,7231,61.37,U
sh688480,赛恩斯,2025-10-14 10:31:54,61.61,6359,61.61,U
sh688480,赛恩斯,2025-10-14 10:32:06,61.38,8115,61.57,D
sh688480,赛恩斯,2025-10-14 10:32:09,61.3,4721,61.38,D
sh688480,赛恩斯,2025-10-14 10:33:06,61.26,18063,61.31,D
sh688480,赛恩斯,2025-10-14 10:33:09,61.38,20280,61.26,U
sh688480,赛恩斯,2025-10-14 10:33:12,61.05,4058,61.38,D
sh688480,赛恩斯,2025-10-14 10:33:21,61.01,42504,61.57,D
sh688480,赛恩斯,2025-10-14 10:33:24,61.05,3735,61.01,D
sh688480,赛恩斯,2025-10-14 10:33:42,61.07,8836,61.11,D
sh688480,赛恩斯,2025-10-14 10:34:03,61.3,10835,61.15,U
sh688480,赛恩斯,2025-10-14 10:34:12,61.31,4763,61.54,D
sh688480,赛恩斯,2025-10-14 10:34:15,61.16,10407,61.31,D
sh688480,赛恩斯,2025-10-14 10:34:21,61.07,7617,61.13,D
sh688480,赛恩斯,2025-10-14 10:34:27,61.07,3834,61.07,D
sh688480,赛恩斯,2025-10-14 10:35:15,61.0,9621,61.01,D
sh688480,赛恩斯,2025-10-14 10:35:18,61.0,7287,61.0,D
sh688480,赛恩斯,2025-10-14 10:35:27,61.17,14125,61.55,D
sh688480,赛恩斯,2025-10-14 10:36:45,61.5,3645,61.3,U
sh688480,赛恩斯,2025-10-14 10:36:48,61.0,10960,61.5,D
sh688480,赛恩斯,2025-10-14 10:40:33,61.91,4601,61.48,U
sh688480,赛恩斯,2025-10-14 10:40:51,61.98,5304,61.7,U
sh688480,赛恩斯,2025-10-14 10:41:06,61.97,7398,61.71,E
sh688480,赛恩斯,2025-10-14 10:41:12,61.58,4947,61.61,D
sh688480,赛恩斯,2025-10-14 10:41:18,61.6,3383,61.23,U
sh688480,赛恩斯,2025-10-14 10:41:54,61.59,5560,61.52,U
sh688480,赛恩斯,2025-10-14 10:42:12,61.87,8140,61.53,U
sh688480,赛恩斯,2025-10-14 10:43:03,62.07,12209,62.0,U
sh688480,赛恩斯,2025-10-14 10:45:06,61.5,4630,62.08,D
sh688480,赛恩斯,2025-10-14 10:45:24,62.28,3556,61.27,U
sh688480,赛恩斯,2025-10-14 10:47:54,62.0,19242,62.32,D
sh688480,赛恩斯,2025-10-14 10:48:06,62.25,3408,62.25,D
sh688480,赛恩斯,2025-10-14 10:48:18,62.42,5000,62.25,U
sh688480,赛恩斯,2025-10-14 10:48:36,62.5,10992,62.5,U
sh688480,赛恩斯,2025-10-14 10:48:39,62.52,3764,62.5,E
sh688480,赛恩斯,2025-10-14 10:49:15,62.93,8000,62.93,U
sh688480,赛恩斯,2025-10-14 10:49:24,62.76,6835,62.68,U
sh688480,赛恩斯,2025-10-14 10:49:27,62.76,6047,62.76,U
sh688480,赛恩斯,2025-10-14 10:50:00,62.79,3710,62.8,D
sh688480,赛恩斯,2025-10-14 10:50:09,62.78,21105,62.79,D
sh688480,赛恩斯,2025-10-14 10:50:12,62.76,13401,62.78,D
sh688480,赛恩斯,2025-10-14 10:50:39,62.94,5282,62.95,D
sh688480,赛恩斯,2025-10-14 10:50:54,62.94,11609,62.95,D
sh688480,赛恩斯,2025-10-14 10:52:12,62.76,5951,62.76,D
sh688480,赛恩斯,2025-10-14 10:52:15,62.89,4536,62.76,U
sh688480,赛恩斯,2025-10-14 11:01:36,62.0,4998,61.73,U
sh688480,赛恩斯,2025-10-14 11:08:15,61.9,5681,61.9,D
sh688480,赛恩斯,2025-10-14 11:08:27,61.66,5000,61.66,E
sh688480,赛恩斯,2025-10-14 11:09:09,61.6,6732,61.39,U
sh688480,赛恩斯,2025-10-14 11:09:12,61.66,9042,61.6,U
sh688480,赛恩斯,2025-10-14 11:10:12,61.55,5000,61.55,D
sh688480,赛恩斯,2025-10-14 11:10:57,61.56,5329,61.46,U
sh688480,赛恩斯,2025-10-14 11:13:48,62.0,7019,61.83,U
sh688480,赛恩斯,2025-10-14 11:15:27,61.91,9810,62.48,D
sh688480,赛恩斯,2025-10-14 11:17:24,62.2,3891,62.46,D
sh688480,赛恩斯,2025-10-14 11:24:21,61.23,3500,61.26,D
sh688480,赛恩斯,2025-10-14 11:25:45,61.24,9889,61.23,D
sh688480,赛恩斯,2025-10-14 11:26:27,61.35,10625,61.01,U
sh688480,赛恩斯,2025-10-14 11:26:30,61.35,6159,61.35,D
sh688480,赛恩斯,2025-10-14 11:26:36,61.36,5200,61.35,U
sh688480,赛恩斯,2025-10-14 11:27:33,61.45,5423,61.4,U
sh688480,赛恩斯,2025-10-14 11:27:36,61.36,16523,61.45,D
sh688480,赛恩斯,2025-10-14 11:27:57,61.35,15556,61.3,D
sh688480,赛恩斯,2025-10-14 11:28:15,61.12,9048,61.23,D
sh688480,赛恩斯,2025-10-14 11:28:21,61.35,8169,61.35,D
sh688480,赛恩斯,2025-10-14 11:28:24,61.06,8659,61.35,D
sh688480,赛恩斯,2025-10-14 11:28:51,61.2,17309,61.03,U
sh688480,赛恩斯,2025-10-14 11:28:57,61.02,22000,61.19,D
sh688480,赛恩斯,2025-10-14 11:29:00,61.0,3796,61.02,D
sh688480,赛恩斯,2025-10-14 11:29:36,61.2,18139,61.06,U
sh688480,赛恩斯,2025-10-14 11:29:39,61.15,28491,61.2,D
sh688480,赛恩斯,2025-10-14 11:29:42,61.0,4332,61.15,D
sh688480,赛恩斯,2025-10-14 11:29:54,61.0,10041,61.0,D
sh688480,赛恩斯,2025-10-14 13:00:00,61.2,12374,60.99,U
sh688480,赛恩斯,2025-10-14 13:00:03,61.2,3343,61.2,U
sh688480,赛恩斯,2025-10-14 13:00:06,60.99,17133,61.2,D
sh688480,赛恩斯,2025-10-14 13:00:12,61.4,7104,61.0,U
sh688480,赛恩斯,2025-10-14 13:00:27,61.25,10407,61.2,U
sh688480,赛恩斯,2025-10-14 13:00:42,60.99,5202,60.99,D
sh688480,赛恩斯,2025-10-14 13:02:03,61.08,8583,61.14,D
sh688480,赛恩斯,2025-10-14 13:02:27,60.91,5000,61.1,D
sh688480,赛恩斯,2025-10-14 13:02:39,60.91,6000,60.9,D
sh688480,赛恩斯,2025-10-14 13:03:00,61.14,3846,61.07,U
sh688480,赛恩斯,2025-10-14 13:03:03,61.14,8395,61.14,U
sh688480,赛恩斯,2025-10-14 13:03:15,61.5,3867,61.59,D
sh688480,赛恩斯,2025-10-14 13:03:18,61.5,7562,61.5,D
sh688480,赛恩斯,2025-10-14 13:07:06,61.99,3418,61.88,U
sh688480,赛恩斯,2025-10-14 13:07:09,62.0,3451,61.99,U
sh688480,赛恩斯,2025-10-14 13:07:45,62.06,5051,62.04,U
sh688480,赛恩斯,2025-10-14 13:08:03,62.04,10143,62.25,D
sh688480,赛恩斯,2025-10-14 13:08:30,62.13,5257,62.14,D
sh688480,赛恩斯,2025-10-14 13:10:33,62.1,4740,61.99,U
sh688480,赛恩斯,2025-10-14 13:13:57,61.54,8000,61.58,D
sh688480,赛恩斯,2025-10-14 13:14:00,61.02,25585,61.54,D
sh688480,赛恩斯,2025-10-14 13:14:36,61.13,4500,61.11,E
sh688480,赛恩斯,2025-10-14 13:14:54,61.54,7448,61.15,U
sh688480,赛恩斯,2025-10-14 13:14:57,61.15,5652,61.54,D
sh688480,赛恩斯,2025-10-14 13:15:21,61.3,12246,61.3,D
sh688480,赛恩斯,2025-10-14 13:15:42,60.9,5360,61.0,D
sh688480,赛恩斯,2025-10-14 13:16:03,60.86,6600,60.7,U
sh688480,赛恩斯,2025-10-14 13:17:12,60.66,6025,60.65,U
sh688480,赛恩斯,2025-10-14 13:17:18,60.65,8052,60.66,D
sh688480,赛恩斯,2025-10-14 13:18:21,60.6,8604,60.65,D
sh688480,赛恩斯,2025-10-14 13:19:33,60.42,8278,60.5,D
sh688480,赛恩斯,2025-10-14 13:19:39,60.4,8478,60.5,D
sh688480,赛恩斯,2025-10-14 13:19:45,60.4,9870,60.3,E
sh688480,赛恩斯,2025-10-14 13:19:57,60.4,8278,60.39,U
sh688480,赛恩斯,2025-10-14 13:20:00,60.58,43877,60.4,U
sh688480,赛恩斯,2025-10-14 13:20:03,60.58,9418,60.58,U
sh688480,赛恩斯,2025-10-14 13:20:06,60.54,11892,60.58,E
sh688480,赛恩斯,2025-10-14 13:22:12,60.65,3643,60.48,U
sh688480,赛恩斯,2025-10-14 13:23:27,60.44,6942,60.83,D
sh688480,赛恩斯,2025-10-14 13:25:24,60.86,4523,60.82,U
sh688480,赛恩斯,2025-10-14 13:26:15,61.0,12873,60.82,U
sh688480,赛恩斯,2025-10-14 13:26:18,60.84,3343,61.0,D
sh688480,赛恩斯,2025-10-14 13:26:48,61.0,5057,60.9,U
sh688480,赛恩斯,2025-10-14 13:26:51,61.0,11061,61.0,U
sh688480,赛恩斯,2025-10-14 13:26:54,60.98,3408,61.0,D
sh688480,赛恩斯,2025-10-14 13:28:18,61.29,3595,61.04,U
sh688480,赛恩斯,2025-10-14 13:33:06,61.15,9400,61.18,D
sh688480,赛恩斯,2025-10-14 13:35:33,60.98,5695,61.44,D
sh688480,赛恩斯,2025-10-14 13:37:54,61.0,3879,61.0,U
sh688480,赛恩斯,2025-10-14 13:38:06,61.0,14212,61.0,U
sh688480,赛恩斯,2025-10-14 13:38:09,61.0,5029,61.0,U
sh688480,赛恩斯,2025-10-14 13:39:51,61.0,4901,61.1,D
sh688480,赛恩斯,2025-10-14 13:40:21,60.86,3402,60.89,D
sh688480,赛恩斯,2025-10-14 13:42:09,60.86,4964,60.86,U
sh688480,赛恩斯,2025-10-14 13:45:54,60.71,5000,60.86,D
sh688480,赛恩斯,2025-10-14 13:46:12,60.68,5000,60.71,D
sh688480,赛恩斯,2025-10-14 13:47:45,60.62,7873,60.74,D
sh688480,赛恩斯,2025-10-14 13:47:48,60.62,9356,60.62,U
sh688480,赛恩斯,2025-10-14 14:00:12,60.0,10000,60.31,D
sh688480,赛恩斯,2025-10-14 14:00:15,60.01,3400,60.0,D
sh688480,赛恩斯,2025-10-14 14:00:42,60.14,8863,60.14,D
sh688480,赛恩斯,2025-10-14 14:01:48,59.57,4000,59.94,D
sh688480,赛恩斯,2025-10-14 14:02:03,59.57,5000,59.61,D
sh688480,赛恩斯,2025-10-14 14:02:09,59.5,3467,59.61,D
sh688480,赛恩斯,2025-10-14 14:02:30,59.31,20200,59.3,D
sh688480,赛恩斯,2025-10-14 14:02:33,59.33,9393,59.31,E
sh688480,赛恩斯,2025-10-14 14:02:36,59.31,13063,59.33,D
sh688480,赛恩斯,2025-10-14 14:02:39,59.3,13200,59.31,D
sh688480,赛恩斯,2025-10-14 14:02:42,59.06,51381,59.3,D
sh688480,赛恩斯,2025-10-14 14:02:45,59.16,9639,59.06,E
sh688480,赛恩斯,2025-10-14 14:02:48,59.36,5200,59.16,E
sh688480,赛恩斯,2025-10-14 14:03:24,59.39,9788,59.39,D
sh688480,赛恩斯,2025-10-14 14:03:27,59.37,4329,59.39,U
sh688480,赛恩斯,2025-10-14 14:03:48,59.39,4500,59.41,D
sh688480,赛恩斯,2025-10-14 14:04:09,59.55,4254,59.53,U
sh688480,赛恩斯,2025-10-14 14:06:12,59.73,3554,59.73,D
sh688480,赛恩斯,2025-10-14 14:10:45,59.77,8239,59.79,D
sh688480,赛恩斯,2025-10-14 14:17:57,59.58,5804,59.65,D
sh688480,赛恩斯,2025-10-14 14:20:24,59.66,3847,59.64,U
sh688480,赛恩斯,2025-10-14 14:20:57,59.66,5521,59.74,D
sh688480,赛恩斯,2025-10-14 14:22:12,59.52,3921,59.68,D
sh688480,赛恩斯,2025-10-14 14:22:33,59.39,4548,59.5,D
sh688480,赛恩斯,2025-10-14 14:22:39,59.52,4679,59.5,U
sh688480,赛恩斯,2025-10-14 14:24:06,59.5,3765,59.5,D
sh688480,赛恩斯,2025-10-14 14:28:48,59.5,7259,59.47,U
sh688480,赛恩斯,2025-10-14 14:30:57,59.79,3492,59.76,U
sh688480,赛恩斯,2025-10-14 14:32:27,60.0,5835,60.0,U
sh688480,赛恩斯,2025-10-14 14:32:30,59.97,8865,60.0,D
sh688480,赛恩斯,2025-10-14 14:32:33,60.0,16057,59.97,U
sh688480,赛恩斯,2025-10-14 14:33:09,60.1,8255,60.08,U
sh688480,赛恩斯,2025-10-14 14:34:15,60.15,10467,60.15,D
sh688480,赛恩斯,2025-10-14 14:34:57,59.77,10246,59.87,D
sh688480,赛恩斯,2025-10-14 14:35:09,59.69,9085,59.68,U
sh688480,赛恩斯,2025-10-14 14:35:15,59.57,8376,59.69,D
sh688480,赛恩斯,2025-10-14 14:35:48,59.54,5247,59.7,D
sh688480,赛恩斯,2025-10-14 14:35:57,59.01,11354,59.52,D
sh688480,赛恩斯,2025-10-14 14:36:18,59.05,6106,59.55,D
sh688480,赛恩斯,2025-10-14 14:38:51,59.55,3817,59.28,U
sh688480,赛恩斯,2025-10-14 14:41:45,60.0,4338,60.0,D
sh688480,赛恩斯,2025-10-14 14:42:36,59.7,8354,59.36,E
sh688480,赛恩斯,2025-10-14 14:42:45,59.88,4419,59.88,U
sh688480,赛恩斯,2025-10-14 14:48:57,59.88,3400,59.81,U
sh688480,赛恩斯,2025-10-14 14:50:33,59.8,4099,59.94,D
sh688480,赛恩斯,2025-10-14 14:50:36,59.87,5797,59.8,U
sh688480,赛恩斯,2025-10-14 14:52:51,60.07,6875,60.13,D
sh688480,赛恩斯,2025-10-14 14:52:54,60.12,8883,60.07,U
sh688480,赛恩斯,2025-10-14 14:53:00,60.18,3838,60.12,U
sh688480,赛恩斯,2025-10-14 14:53:24,60.3,7134,60.23,U
sh688480,赛恩斯,2025-10-14 14:55:12,60.35,7600,60.35,D
sh688480,赛恩斯,2025-10-14 14:55:24,60.33,7832,60.35,D
sh688480,赛恩斯,2025-10-14 14:55:30,60.38,16800,60.38,D
sh688480,赛恩斯,2025-10-14 14:55:36,60.33,4032,60.3,U
sh688480,赛恩斯,2025-10-14 14:56:09,60.48,3903,60.48,U
sh688480,赛恩斯,2025-10-14 14:56:30,60.5,7916,60.49,U
sh688480,赛恩斯,2025-10-14 14:56:42,60.5,3800,60.5,U
sh688480,赛恩斯,2025-10-14 15:00:03,60.83,35369,60.51,U
