symbol,name,ticktime,price,volume,prev_price,kind
sh603271,永杰新材,2025-09-18 09:25:02,41.25,4978,0.0,U
sh603271,永杰新材,2025-09-18 09:30:15,41.36,6700,41.28,U
sh603271,永杰新材,2025-09-18 09:30:30,41.24,8800,41.24,U
sh603271,永杰新材,2025-09-18 09:31:12,41.15,5500,41.14,U
sh603271,永杰新材,2025-09-18 09:31:18,41.09,5074,41.11,D
sh603271,永杰新材,2025-09-18 09:31:45,41.11,10200,41.06,U
sh603271,永杰新材,2025-09-18 09:31:48,41.04,5400,41.11,D
sh603271,永杰新材,2025-09-18 09:32:54,41.07,6000,41.09,D
sh603271,永杰新材,2025-09-18 09:33:12,41.06,5175,41.07,D
sh603271,永杰新材,2025-09-18 09:33:39,41.16,5500,41.1,U
sh603271,永杰新材,2025-09-18 09:35:00,41.05,14675,41.09,D
sh603271,永杰新材,2025-09-18 09:35:03,41.02,54400,41.05,D
sh603271,永杰新材,2025-09-18 09:36:03,40.98,7816,40.92,U
sh603271,永杰新材,2025-09-18 09:36:12,41.03,19700,40.96,U
sh603271,永杰新材,2025-09-18 09:36:57,41.03,16200,41.02,E
sh603271,永杰新材,2025-09-18 09:37:33,41.06,9042,41.04,U
sh603271,永杰新材,2025-09-18 09:38:33,41.0,7800,41.02,D
sh603271,永杰新材,2025-09-18 09:39:00,41.0,10100,40.99,U
sh603271,永杰新材,2025-09-18 09:39:03,41.02,8600,41.0,U
sh603271,永杰新材,2025-09-18 09:40:03,40.97,11200,40.98,D
sh603271,永杰新材,2025-09-18 09:40:42,41.05,13000,40.97,U
sh603271,永杰新材,2025-09-18 09:40:45,41.05,5600,41.05,U
sh603271,永杰新材,2025-09-18 09:42:30,41.0,16225,41.03,D
sh603271,永杰新材,2025-09-18 09:42:42,41.03,13375,41.0,U
sh603271,永杰新材,2025-09-18 09:43:15,41.09,5800,41.11,D
sh603271,永杰新材,2025-09-18 09:43:21,41.08,5022,41.11,D
sh603271,永杰新材,2025-09-18 09:44:21,41.1,5678,41.07,U
sh603271,永杰新材,2025-09-18 09:44:33,41.04,10000,41.08,D
sh603271,永杰新材,2025-09-18 09:44:42,41.08,8200,41.12,D
sh603271,永杰新材,2025-09-18 09:45:03,41.05,15222,41.05,D
sh603271,永杰新材,2025-09-18 09:45:36,41.03,5500,41.04,D
sh603271,永杰新材,2025-09-18 09:46:24,41.03,25600,41.01,U
sh603271,永杰新材,2025-09-18 09:46:27,41.02,18090,41.03,E
sh603271,永杰新材,2025-09-18 09:47:06,41.03,17425,41.03,E
sh603271,永杰新材,2025-09-18 09:47:12,40.95,23100,40.98,D
sh603271,永杰新材,2025-09-18 09:47:57,40.94,18500,40.94,U
sh603271,永杰新材,2025-09-18 09:48:03,40.94,5200,40.94,U
sh603271,永杰新材,2025-09-18 09:49:09,41.0,5500,40.92,U
sh603271,永杰新材,2025-09-18 09:52:36,41.0,10300,41.07,D
sh603271,永杰新材,2025-09-18 09:53:42,41.01,10000,41.05,D
sh603271,永杰新材,2025-09-18 09:54:15,40.99,19500,41.08,D
sh603271,永杰新材,2025-09-18 09:54:21,41.08,5800,41.07,U
sh603271,永杰新材,2025-09-18 09:57:03,41.05,8300,41.04,U
sh603271,永杰新材,2025-09-18 09:57:36,41.04,8700,41.05,U
sh603271,永杰新材,2025-09-18 09:58:24,41.08,5200,41.08,U
sh603271,永杰新材,2025-09-18 09:59:03,41.12,8800,41.11,U
sh603271,永杰新材,2025-09-18 09:59:15,41.15,15800,41.13,U
sh603271,永杰新材,2025-09-18 09:59:18,41.25,15800,41.15,U
sh603271,永杰新材,2025-09-18 10:00:03,41.31,13000,41.3,D
sh603271,永杰新材,2025-09-18 10:07:33,41.3,5332,41.26,U
sh603271,永杰新材,2025-09-18 10:09:48,41.16,10200,41.16,U
sh603271,永杰新材,2025-09-18 10:13:30,41.0,18400,41.17,D
sh603271,永杰新材,2025-09-18 10:14:12,41.09,21200,41.1,E
sh603271,永杰新材,2025-09-18 10:14:21,41.1,17400,41.06,U
sh603271,永杰新材,2025-09-18 10:15:12,41.15,4900,41.18,D
sh603271,永杰新材,2025-09-18 10:16:54,41.11,5200,41.11,U
sh603271,永杰新材,2025-09-18 10:17:30,41.0,19726,41.17,D
sh603271,永杰新材,2025-09-18 10:21:45,41.12,10900,41.11,E
sh603271,永杰新材,2025-09-18 10:21:54,41.11,5300,41.12,D
sh603271,永杰新材,2025-09-18 10:22:15,41.19,13900,41.12,U
sh603271,永杰新材,2025-09-18 10:22:18,41.22,7700,41.19,U
sh603271,永杰新材,2025-09-18 10:22:42,41.2,8100,41.22,D
sh603271,永杰新材,2025-09-18 10:24:42,41.19,5000,41.15,U
sh603271,永杰新材,2025-09-18 10:28:06,41.1,15100,41.18,D
sh603271,永杰新材,2025-09-18 10:28:30,41.1,9700,41.17,D
sh603271,永杰新材,2025-09-18 10:30:09,41.14,7200,41.16,D
sh603271,永杰新材,2025-09-18 10:30:21,41.22,15101,41.18,U
sh603271,永杰新材,2025-09-18 10:31:00,41.23,9500,41.21,U
sh603271,永杰新材,2025-09-18 10:31:18,41.35,19800,41.3,U
sh603271,永杰新材,2025-09-18 10:31:24,41.35,5200,41.35,U
sh603271,永杰新材,2025-09-18 10:36:48,41.18,5300,41.18,U
sh603271,永杰新材,2025-09-18 10:37:15,41.13,5400,41.16,D
sh603271,永杰新材,2025-09-18 10:45:06,41.19,9400,41.18,U
sh603271,永杰新材,2025-09-18 10:45:42,41.2,12900,41.19,U
sh603271,永杰新材,2025-09-18 10:48:00,41.11,8774,41.13,D
sh603271,永杰新材,2025-09-18 10:48:03,41.16,16526,41.11,U
sh603271,永杰新材,2025-09-18 10:52:33,41.16,5722,41.15,U
sh603271,永杰新材,2025-09-18 10:52:51,41.22,24339,41.19,U
sh603271,永杰新材,2025-09-18 10:53:51,41.23,6000,41.22,U
sh603271,永杰新材,2025-09-18 11:04:30,41.22,6600,41.18,U
sh603271,永杰新材,2025-09-18 11:05:06,41.22,7700,41.22,U
sh603271,永杰新材,2025-09-18 11:05:18,41.3,12100,41.25,U
sh603271,永杰新材,2025-09-18 11:05:24,41.3,13400,41.3,U
sh603271,永杰新材,2025-09-18 11:05:30,41.34,16800,41.3,U
sh603271,永杰新材,2025-09-18 11:06:06,41.39,14800,41.3,U
sh603271,永杰新材,2025-09-18 11:14:39,41.3,5100,41.28,U
sh603271,永杰新材,2025-09-18 11:15:42,41.36,5300,41.3,U
sh603271,永杰新材,2025-09-18 11:15:57,41.36,5200,41.36,U
sh603271,永杰新材,2025-09-18 11:16:00,41.35,5900,41.36,E
sh603271,永杰新材,2025-09-18 11:16:15,41.41,33000,41.37,U
sh603271,永杰新材,2025-09-18 11:16:18,41.45,13500,41.41,U
sh603271,永杰新材,2025-09-18 11:16:24,41.48,6600,41.46,U
sh603271,永杰新材,2025-09-18 11:16:33,41.48,4900,41.48,D
sh603271,永杰新材,2025-09-18 11:16:36,41.48,5600,41.48,D
sh603271,永杰新材,2025-09-18 11:16:42,41.54,7000,41.48,U
sh603271,永杰新材,2025-09-18 11:16:51,41.59,6000,41.55,U
sh603271,永杰新材,2025-09-18 11:16:57,41.81,51100,41.57,U
sh603271,永杰新材,2025-09-18 11:17:00,41.98,95700,41.81,U
sh603271,永杰新材,2025-09-18 11:17:03,42.0,22569,41.98,U
sh603271,永杰新材,2025-09-18 11:17:06,42.0,9300,42.0,D
sh603271,永杰新材,2025-09-18 11:17:09,41.96,9000,42.0,D
sh603271,永杰新材,2025-09-18 11:17:12,42.06,14800,41.96,U
sh603271,永杰新材,2025-09-18 11:17:18,42.1,6600,42.2,D
sh603271,永杰新材,2025-09-18 11:17:21,42.17,16700,42.1,U
sh603271,永杰新材,2025-09-18 11:17:24,42.11,9400,42.17,D
sh603271,永杰新材,2025-09-18 11:17:30,41.99,11000,42.0,D
sh603271,永杰新材,2025-09-18 11:17:33,42.0,6900,41.99,U
sh603271,永杰新材,2025-09-18 11:17:54,41.98,14000,41.99,D
sh603271,永杰新材,2025-09-18 11:18:18,41.89,8000,41.83,U
sh603271,永杰新材,2025-09-18 11:18:51,41.81,5500,41.75,U
sh603271,永杰新材,2025-09-18 11:19:00,41.83,10600,41.83,U
sh603271,永杰新材,2025-09-18 11:19:03,41.8,22800,41.83,D
sh603271,永杰新材,2025-09-18 11:19:06,41.83,4900,41.8,U
sh603271,永杰新材,2025-09-18 11:19:21,41.82,9100,41.84,D
sh603271,永杰新材,2025-09-18 11:19:39,41.82,4897,41.82,D
sh603271,永杰新材,2025-09-18 11:19:42,41.82,4900,41.82,U
sh603271,永杰新材,2025-09-18 11:20:18,41.74,18500,41.81,D
sh603271,永杰新材,2025-09-18 11:20:54,41.68,12400,41.73,D
sh603271,永杰新材,2025-09-18 11:22:18,41.69,5100,41.68,U
sh603271,永杰新材,2025-09-18 11:23:30,41.73,14000,41.72,U
sh603271,永杰新材,2025-09-18 11:24:36,41.74,5103,41.73,U
sh603271,永杰新材,2025-09-18 11:25:51,41.75,5000,41.75,D
sh603271,永杰新材,2025-09-18 11:26:18,41.7,13981,41.73,D
sh603271,永杰新材,2025-09-18 11:26:21,41.68,11616,41.7,D
sh603271,永杰新材,2025-09-18 11:29:15,41.6,5600,41.58,U
sh603271,永杰新材,2025-09-18 13:00:09,41.71,18400,41.66,U
sh603271,永杰新材,2025-09-18 13:00:18,41.71,7400,41.66,E
sh603271,永杰新材,2025-09-18 13:01:06,41.64,20101,41.69,D
sh603271,永杰新材,2025-09-18 13:02:12,41.74,10100,41.61,U
sh603271,永杰新材,2025-09-18 13:03:57,41.77,16189,41.74,U
sh603271,永杰新材,2025-09-18 13:04:00,41.84,6040,41.77,U
sh603271,永杰新材,2025-09-18 13:04:06,41.91,11000,41.88,U
sh603271,永杰新材,2025-09-18 13:04:12,42.0,34600,41.95,U
sh603271,永杰新材,2025-09-18 13:04:15,42.03,7600,42.0,U
sh603271,永杰新材,2025-09-18 13:04:18,42.01,5400,42.03,D
sh603271,永杰新材,2025-09-18 13:04:21,42.02,13100,42.01,U
sh603271,永杰新材,2025-09-18 13:06:42,41.89,8300,41.91,D
sh603271,永杰新材,2025-09-18 13:07:06,41.96,20400,41.89,U
sh603271,永杰新材,2025-09-18 13:07:09,42.0,9600,41.96,U
sh603271,永杰新材,2025-09-18 13:07:15,42.06,9000,42.02,U
sh603271,永杰新材,2025-09-18 13:07:45,41.9,12400,41.9,E
sh603271,永杰新材,2025-09-18 13:08:00,42.0,5600,41.98,U
sh603271,永杰新材,2025-09-18 13:08:21,41.99,10100,42.0,E
sh603271,永杰新材,2025-09-18 13:08:54,41.93,7400,41.97,D
sh603271,永杰新材,2025-09-18 13:09:18,41.92,6200,41.95,D
sh603271,永杰新材,2025-09-18 13:12:45,41.85,8200,41.82,U
sh603271,永杰新材,2025-09-18 13:13:03,41.86,4800,41.85,U
sh603271,永杰新材,2025-09-18 13:13:06,41.83,10100,41.86,D
sh603271,永杰新材,2025-09-18 13:13:51,41.79,18900,41.79,D
sh603271,永杰新材,2025-09-18 13:17:12,41.72,8521,41.76,D
sh603271,永杰新材,2025-09-18 13:20:24,41.62,6500,41.64,D
sh603271,永杰新材,2025-09-18 13:20:42,41.63,5100,41.62,U
sh603271,永杰新材,2025-09-18 13:20:45,41.62,4900,41.63,D
sh603271,永杰新材,2025-09-18 13:21:06,41.59,8681,41.6,D
sh603271,永杰新材,2025-09-18 13:21:48,41.57,6800,41.58,D
sh603271,永杰新材,2025-09-18 13:22:42,41.57,10265,41.54,U
sh603271,永杰新材,2025-09-18 13:24:03,41.59,5200,41.61,D
sh603271,永杰新材,2025-09-18 13:25:09,41.56,7400,41.59,D
sh603271,永杰新材,2025-09-18 13:25:12,41.55,7335,41.56,D
sh603271,永杰新材,2025-09-18 13:25:42,41.5,6900,41.51,D
sh603271,永杰新材,2025-09-18 13:27:24,41.42,11900,41.44,D
sh603271,永杰新材,2025-09-18 13:28:30,41.45,6300,41.44,U
sh603271,永杰新材,2025-09-18 13:28:48,41.44,15000,41.44,D
sh603271,永杰新材,2025-09-18 13:29:27,41.44,9700,41.42,U
sh603271,永杰新材,2025-09-18 13:29:48,41.42,11000,41.43,D
sh603271,永杰新材,2025-09-18 13:30:12,41.5,9300,41.45,U
sh603271,永杰新材,2025-09-18 13:33:21,41.43,8900,41.44,D
sh603271,永杰新材,2025-09-18 13:33:51,41.45,9900,41.45,D
sh603271,永杰新材,2025-09-18 13:38:09,41.48,14300,41.49,D
sh603271,永杰新材,2025-09-18 13:39:51,41.41,5600,41.43,D
sh603271,永杰新材,2025-09-18 13:43:15,41.45,18600,41.49,D
sh603271,永杰新材,2025-09-18 13:44:06,41.42,21800,41.44,D
sh603271,永杰新材,2025-09-18 13:44:27,41.39,9100,41.4,D
sh603271,永杰新材,2025-09-18 13:44:30,41.36,4900,41.39,D
sh603271,永杰新材,2025-09-18 13:53:51,41.35,16200,41.37,D
sh603271,永杰新材,2025-09-18 13:54:03,41.34,8400,41.35,D
sh603271,永杰新材,2025-09-18 13:54:48,41.31,7782,41.33,D
sh603271,永杰新材,2025-09-18 13:55:00,41.29,24300,41.3,D
sh603271,永杰新材,2025-09-18 13:58:06,41.28,8300,41.28,D
sh603271,永杰新材,2025-09-18 14:00:06,41.2,18900,41.24,D
sh603271,永杰新材,2025-09-18 14:00:09,41.15,6500,41.2,D
sh603271,永杰新材,2025-09-18 14:00:15,41.13,9300,41.15,D
sh603271,永杰新材,2025-09-18 14:01:39,41.11,6300,41.11,U
sh603271,永杰新材,2025-09-18 14:01:57,41.11,10481,41.11,U
sh603271,永杰新材,2025-09-18 14:02:51,41.23,6970,41.24,D
sh603271,永杰新材,2025-09-18 14:04:54,41.1,11300,41.12,D
sh603271,永杰新材,2025-09-18 14:06:09,41.08,5400,41.09,D
sh603271,永杰新材,2025-09-18 14:07:09,41.04,6400,41.07,D
sh603271,永杰新材,2025-09-18 14:07:24,41.01,5000,41.03,D
sh603271,永杰新材,2025-09-18 14:07:33,41.01,4900,41.01,D
sh603271,永杰新材,2025-09-18 14:07:54,41.0,11900,41.0,D
sh603271,永杰新材,2025-09-18 14:08:12,40.95,16500,40.93,U
sh603271,永杰新材,2025-09-18 14:08:21,40.98,10100,40.93,U
sh603271,永杰新材,2025-09-18 14:08:48,41.01,12500,40.97,U
sh603271,永杰新材,2025-09-18 14:09:36,41.08,8000,41.0,U
sh603271,永杰新材,2025-09-18 14:10:24,41.0,6400,41.02,D
sh603271,永杰新材,2025-09-18 14:10:33,41.0,6700,41.0,D
sh603271,永杰新材,2025-09-18 14:11:36,40.96,5800,40.97,D
sh603271,永杰新材,2025-09-18 14:11:54,40.91,7500,40.93,D
sh603271,永杰新材,2025-09-18 14:12:09,40.9,13800,40.9,D
sh603271,永杰新材,2025-09-18 14:12:12,40.86,9500,40.9,D
sh603271,永杰新材,2025-09-18 14:12:27,40.82,8000,40.85,D
sh603271,永杰新材,2025-09-18 14:12:48,40.8,5600,40.8,D
sh603271,永杰新材,2025-09-18 14:13:09,40.81,7500,40.82,D
sh603271,永杰新材,2025-09-18 14:13:42,40.87,5484,40.89,D
sh603271,永杰新材,2025-09-18 14:13:51,40.87,9116,40.87,U
sh603271,永杰新材,2025-09-18 14:14:27,40.87,5000,40.91,D
sh603271,永杰新材,2025-09-18 14:15:30,40.97,4900,40.97,U
sh603271,永杰新材,2025-09-18 14:15:33,40.94,8800,40.97,D
sh603271,永杰新材,2025-09-18 14:16:21,41.0,11000,40.96,U
sh603271,永杰新材,2025-09-18 14:17:21,41.1,8973,41.08,U
sh603271,永杰新材,2025-09-18 14:17:27,41.09,5900,41.1,D
sh603271,永杰新材,2025-09-18 14:28:00,40.9,4974,40.9,D
sh603271,永杰新材,2025-09-18 14:28:09,40.86,8000,40.88,D
sh603271,永杰新材,2025-09-18 14:29:03,40.81,8900,40.83,D
sh603271,永杰新材,2025-09-18 14:31:39,40.84,8700,40.85,D
sh603271,永杰新材,2025-09-18 14:32:33,40.9,11700,40.89,U
sh603271,永杰新材,2025-09-18 14:34:09,40.84,13118,40.84,D
sh603271,永杰新材,2025-09-18 14:35:42,40.82,15558,40.84,D
sh603271,永杰新材,2025-09-18 14:35:45,40.81,6800,40.82,D
sh603271,永杰新材,2025-09-18 14:35:48,40.81,5600,40.81,D
sh603271,永杰新材,2025-09-18 14:35:51,40.8,10284,40.81,D
sh603271,永杰新材,2025-09-18 14:35:57,40.77,45900,40.8,D
sh603271,永杰新材,2025-09-18 14:36:48,40.73,5000,40.73,D
sh603271,永杰新材,2025-09-18 14:36:57,40.7,10000,40.71,D
sh603271,永杰新材,2025-09-18 14:37:12,40.66,6396,40.66,D
sh603271,永杰新材,2025-09-18 14:37:18,40.65,8704,40.66,D
sh603271,永杰新材,2025-09-18 14:37:39,40.61,5100,40.62,D
sh603271,永杰新材,2025-09-18 14:37:48,40.6,9300,40.62,D
sh603271,永杰新材,2025-09-18 14:38:54,40.58,16500,40.66,D
sh603271,永杰新材,2025-09-18 14:39:24,40.55,6800,40.56,D
sh603271,永杰新材,2025-09-18 14:40:51,40.56,5728,40.57,D
sh603271,永杰新材,2025-09-18 14:41:18,40.55,16068,40.57,D
sh603271,永杰新材,2025-09-18 14:41:24,40.54,5389,40.55,D
sh603271,永杰新材,2025-09-18 14:41:36,40.5,41700,40.52,D
sh603271,永杰新材,2025-09-18 14:41:42,40.49,6600,40.5,D
sh603271,永杰新材,2025-09-18 14:42:09,40.41,10300,40.41,U
sh603271,永杰新材,2025-09-18 14:42:15,40.4,7100,40.41,D
sh603271,永杰新材,2025-09-18 14:45:12,40.55,5300,40.53,U
sh603271,永杰新材,2025-09-18 14:46:45,40.55,16200,40.55,D
sh603271,永杰新材,2025-09-18 14:47:42,40.57,11400,40.59,D
sh603271,永杰新材,2025-09-18 14:48:03,40.57,7400,40.56,U
sh603271,永杰新材,2025-09-18 14:49:27,40.65,5800,40.64,U
sh603271,永杰新材,2025-09-18 14:50:51,40.71,5474,40.71,D
sh603271,永杰新材,2025-09-18 14:50:54,40.71,6000,40.71,D
sh603271,永杰新材,2025-09-18 14:55:33,40.84,8400,40.84,D
sh603271,永杰新材,2025-09-18 14:56:15,40.8,7900,40.85,D
sh603271,永杰新材,2025-09-18 15:00:03,40.81,12900,40.81,U
