symbol,name,ticktime,price,volume,prev_price,kind
sh603271,永杰新材,2025-10-15 09:25:01,39.69,6200,0.0,U
sh603271,永杰新材,2025-10-15 09:33:08,39.85,5500,39.76,U
sh603271,永杰新材,2025-10-15 09:33:11,39.9,7000,39.85,U
sh603271,永杰新材,2025-10-15 09:33:14,39.91,5200,39.9,U
sh603271,永杰新材,2025-10-15 09:33:29,39.85,8800,39.91,D
sh603271,永杰新材,2025-10-15 09:35:29,39.73,5200,39.82,D
sh603271,永杰新材,2025-10-15 09:35:53,39.69,14000,39.71,D
sh603271,永杰新材,2025-10-15 09:36:41,39.6,10300,39.63,D
sh603271,永杰新材,2025-10-15 09:38:26,39.5,21700,39.55,D
sh603271,永杰新材,2025-10-15 09:38:32,39.55,11900,39.5,U
sh603271,永杰新材,2025-10-15 09:38:59,39.48,9300,39.53,D
sh603271,永杰新材,2025-10-15 09:39:02,39.63,13700,39.48,U
sh603271,永杰新材,2025-10-15 09:39:47,39.5,6600,39.56,D
sh603271,永杰新材,2025-10-15 09:39:59,39.52,5800,39.5,U
sh603271,永杰新材,2025-10-15 09:40:26,39.42,22100,39.52,D
sh603271,永杰新材,2025-10-15 09:41:05,39.4,8100,39.43,D
sh603271,永杰新材,2025-10-15 09:41:17,39.5,8900,39.4,U
sh603271,永杰新材,2025-10-15 09:42:11,39.45,6200,39.47,E
sh603271,永杰新材,2025-10-15 09:43:02,39.59,10100,39.51,U
sh603271,永杰新材,2025-10-15 09:45:59,39.85,10300,39.91,D
sh603271,永杰新材,2025-10-15 09:46:26,40.17,9500,40.15,U
sh603271,永杰新材,2025-10-15 09:46:50,40.06,5900,40.09,D
sh603271,永杰新材,2025-10-15 09:47:59,40.01,5200,40.07,D
sh603271,永杰新材,2025-10-15 09:48:53,40.0,9000,39.98,U
sh603271,永杰新材,2025-10-15 09:50:17,39.85,7000,39.9,D
sh603271,永杰新材,2025-10-15 10:06:44,40.03,10000,39.96,U
sh603271,永杰新材,2025-10-15 10:07:17,40.05,5000,40.01,U
sh603271,永杰新材,2025-10-15 10:07:35,40.07,5700,40.06,U
sh603271,永杰新材,2025-10-15 10:07:41,40.07,8000,40.07,U
sh603271,永杰新材,2025-10-15 10:10:05,40.09,5500,40.07,U
sh603271,永杰新材,2025-10-15 10:10:08,40.11,7400,40.09,U
sh603271,永杰新材,2025-10-15 10:10:14,40.24,31600,40.15,U
sh603271,永杰新材,2025-10-15 10:11:20,40.27,24800,40.2,U
sh603271,永杰新材,2025-10-15 10:11:23,40.32,12000,40.27,U
sh603271,永杰新材,2025-10-15 10:12:17,40.16,5100,40.21,D
sh603271,永杰新材,2025-10-15 10:13:11,40.4,39300,40.17,U
sh603271,永杰新材,2025-10-15 10:15:05,40.32,6000,40.32,D
sh603271,永杰新材,2025-10-15 10:16:14,40.38,5200,40.37,U
sh603271,永杰新材,2025-10-15 10:16:56,40.4,10700,40.38,U
sh603271,永杰新材,2025-10-15 10:18:05,40.39,6200,40.39,D
sh603271,永杰新材,2025-10-15 10:20:17,40.35,6600,40.32,U
sh603271,永杰新材,2025-10-15 10:22:35,40.27,19600,40.31,D
sh603271,永杰新材,2025-10-15 10:27:44,40.23,5900,40.23,U
sh603271,永杰新材,2025-10-15 10:33:59,40.07,5000,40.09,D
sh603271,永杰新材,2025-10-15 10:34:53,40.02,10000,40.03,D
sh603271,永杰新材,2025-10-15 10:39:20,40.0,16900,40.02,D
sh603271,永杰新材,2025-10-15 10:41:14,40.06,6000,40.01,U
sh603271,永杰新材,2025-10-15 10:49:56,39.9,19615,39.96,D
sh603271,永杰新材,2025-10-15 10:49:59,39.9,12500,39.9,D
sh603271,永杰新材,2025-10-15 10:55:38,39.94,7100,39.94,D
sh603271,永杰新材,2025-10-15 10:57:38,39.96,14600,39.95,U
sh603271,永杰新材,2025-10-15 11:13:08,39.91,6100,39.94,D
sh603271,永杰新材,2025-10-15 11:25:50,40.01,6200,39.99,U
sh603271,永杰新材,2025-10-15 13:00:20,40.17,7200,40.1,U
sh603271,永杰新材,2025-10-15 13:13:32,39.98,14000,40.0,D
sh603271,永杰新材,2025-10-15 13:29:05,40.17,23471,40.14,U
sh603271,永杰新材,2025-10-15 13:30:14,40.29,6800,40.27,U
sh603271,永杰新材,2025-10-15 13:30:20,40.4,21200,40.32,U
sh603271,永杰新材,2025-10-15 13:30:38,40.4,8200,40.42,D
sh603271,永杰新材,2025-10-15 13:30:44,40.41,5500,40.4,U
sh603271,永杰新材,2025-10-15 13:30:59,40.46,10400,40.41,U
sh603271,永杰新材,2025-10-15 13:31:08,40.52,8200,40.49,U
sh603271,永杰新材,2025-10-15 13:31:11,40.62,13900,40.52,U
sh603271,永杰新材,2025-10-15 13:31:14,40.75,27300,40.62,U
sh603271,永杰新材,2025-10-15 13:31:17,40.79,12000,40.75,U
sh603271,永杰新材,2025-10-15 13:31:20,40.83,5900,40.79,U
sh603271,永杰新材,2025-10-15 13:31:23,40.82,24800,40.83,D
sh603271,永杰新材,2025-10-15 13:31:41,40.7,10200,40.73,D
sh603271,永杰新材,2025-10-15 13:31:59,40.68,11000,40.68,D
sh603271,永杰新材,2025-10-15 13:32:05,40.68,27000,40.69,D
sh603271,永杰新材,2025-10-15 13:32:29,40.62,11000,40.54,U
sh603271,永杰新材,2025-10-15 13:35:59,40.58,10700,40.47,U
sh603271,永杰新材,2025-10-15 13:36:08,40.76,25300,40.6,U
sh603271,永杰新材,2025-10-15 13:36:26,40.67,16900,40.76,D
sh603271,永杰新材,2025-10-15 13:36:38,40.76,6000,40.65,U
sh603271,永杰新材,2025-10-15 13:37:26,40.78,13200,40.74,U
sh603271,永杰新材,2025-10-15 13:37:29,40.75,10500,40.78,D
sh603271,永杰新材,2025-10-15 13:38:11,40.79,61100,40.74,U
sh603271,永杰新材,2025-10-15 13:38:26,40.78,5800,40.79,D
sh603271,永杰新材,2025-10-15 13:38:59,40.7,23200,40.75,D
sh603271,永杰新材,2025-10-15 13:41:17,40.63,5900,40.64,D
sh603271,永杰新材,2025-10-15 13:42:14,40.67,15400,40.64,U
sh603271,永杰新材,2025-10-15 13:43:35,40.61,9900,40.58,U
sh603271,永杰新材,2025-10-15 13:43:50,40.54,5600,40.56,D
sh603271,永杰新材,2025-10-15 13:46:20,40.53,6900,40.54,D
sh603271,永杰新材,2025-10-15 14:00:08,40.48,12900,40.5,D
sh603271,永杰新材,2025-10-15 14:09:38,40.46,14700,40.44,U
sh603271,永杰新材,2025-10-15 14:09:47,40.5,8600,40.46,U
sh603271,永杰新材,2025-10-15 14:09:59,40.56,7200,40.52,U
sh603271,永杰新材,2025-10-15 14:16:56,40.64,6200,40.64,D
sh603271,永杰新材,2025-10-15 14:21:08,40.61,5000,40.58,U
sh603271,永杰新材,2025-10-15 14:25:56,40.65,12700,40.61,U
sh603271,永杰新材,2025-10-15 14:25:59,40.67,8200,40.65,U
sh603271,永杰新材,2025-10-15 14:26:02,40.7,5100,40.67,U
sh603271,永杰新材,2025-10-15 14:28:05,40.71,5500,40.69,U
sh603271,永杰新材,2025-10-15 14:30:29,40.7,7200,40.68,U
sh603271,永杰新材,2025-10-15 14:30:32,40.7,5200,40.7,U
sh603271,永杰新材,2025-10-15 14:30:53,40.67,6200,40.69,D
sh603271,永杰新材,2025-10-15 14:40:02,40.65,5000,40.64,U
sh603271,永杰新材,2025-10-15 14:40:11,40.65,7000,40.65,U
sh603271,永杰新材,2025-10-15 14:40:23,40.67,11400,40.65,U
sh603271,永杰新材,2025-10-15 14:42:05,40.69,5100,40.67,U
sh603271,永杰新材,2025-10-15 14:42:08,40.7,11100,40.69,U
sh603271,永杰新材,2025-10-15 14:42:11,40.7,6700,40.7,U
sh603271,永杰新材,2025-10-15 14:45:47,40.7,5800,40.69,U
sh603271,永杰新材,2025-10-15 14:46:14,40.7,7600,40.69,U
sh603271,永杰新材,2025-10-15 14:46:32,40.7,5500,40.7,U
sh603271,永杰新材,2025-10-15 14:47:11,40.71,6200,40.7,U
sh603271,永杰新材,2025-10-15 14:47:14,40.71,8500,40.71,U
sh603271,永杰新材,2025-10-15 14:47:17,40.71,35200,40.71,U
sh603271,永杰新材,2025-10-15 14:47:23,40.71,7800,40.71,U
sh603271,永杰新材,2025-10-15 14:49:02,40.72,7600,40.71,U
sh603271,永杰新材,2025-10-15 14:49:05,40.71,6600,40.72,D
sh603271,永杰新材,2025-10-15 14:50:17,40.76,9000,40.77,D
sh603271,永杰新材,2025-10-15 14:50:29,40.78,5600,40.76,U
sh603271,永杰新材,2025-10-15 14:51:08,40.77,8400,40.76,E
sh603271,永杰新材,2025-10-15 14:51:11,40.77,10100,40.77,E
sh603271,永杰新材,2025-10-15 14:51:14,40.74,6500,40.77,D
sh603271,永杰新材,2025-10-15 14:51:59,40.78,11200,40.75,U
sh603271,永杰新材,2025-10-15 14:52:08,40.77,7000,40.77,D
sh603271,永杰新材,2025-10-15 14:52:20,40.79,10300,40.78,U
sh603271,永杰新材,2025-10-15 14:52:35,40.78,6200,40.8,D
sh603271,永杰新材,2025-10-15 14:52:41,40.8,9700,40.8,U
sh603271,永杰新材,2025-10-15 14:53:08,40.84,5700,40.83,U
sh603271,永杰新材,2025-10-15 14:53:56,40.83,10100,40.81,U
sh603271,永杰新材,2025-10-15 14:53:59,40.83,11100,40.83,U
sh603271,永杰新材,2025-10-15 14:54:11,40.82,5900,40.83,D
sh603271,永杰新材,2025-10-15 14:54:41,40.82,11300,40.81,U
sh603271,永杰新材,2025-10-15 14:56:59,40.81,10000,40.81,U
sh603271,永杰新材,2025-10-15 15:00:03,40.8,48600,40.82,U
