symbol,name,ticktime,price,volume,prev_price,kind
sh603271,永杰新材,2025-10-14 09:25:01,40.21,30700,0.0,U
sh603271,永杰新材,2025-10-14 09:30:11,40.33,6100,40.29,U
sh603271,永杰新材,2025-10-14 09:30:26,40.39,6900,40.39,U
sh603271,永杰新材,2025-10-14 09:30:35,40.39,5600,40.39,D
sh603271,永杰新材,2025-10-14 09:31:41,40.56,12900,40.56,D
sh603271,永杰新材,2025-10-14 09:31:50,40.6,9200,40.57,U
sh603271,永杰新材,2025-10-14 09:32:17,40.6,8700,40.62,D
sh603271,永杰新材,2025-10-14 09:32:44,40.61,7200,40.59,U
sh603271,永杰新材,2025-10-14 09:32:47,40.55,11100,40.61,D
sh603271,永杰新材,2025-10-14 09:32:50,40.55,9642,40.55,U
sh603271,永杰新材,2025-10-14 09:32:56,40.51,7158,40.6,D
sh603271,永杰新材,2025-10-14 09:32:59,40.51,9000,40.51,U
sh603271,永杰新材,2025-10-14 09:33:05,40.55,6142,40.5,U
sh603271,永杰新材,2025-10-14 09:34:02,40.54,10300,40.58,D
sh603271,永杰新材,2025-10-14 09:34:20,40.6,5300,40.58,U
sh603271,永杰新材,2025-10-14 09:34:29,40.66,23500,40.62,U
sh603271,永杰新材,2025-10-14 09:34:35,40.72,10400,40.68,U
sh603271,永杰新材,2025-10-14 09:34:44,40.75,22800,40.72,U
sh603271,永杰新材,2025-10-14 09:34:47,40.78,8200,40.75,U
sh603271,永杰新材,2025-10-14 09:34:56,40.83,8700,40.79,U
sh603271,永杰新材,2025-10-14 09:35:08,40.92,8500,40.81,U
sh603271,永杰新材,2025-10-14 09:35:17,40.96,6700,40.96,D
sh603271,永杰新材,2025-10-14 09:35:23,40.93,6800,40.99,D
sh603271,永杰新材,2025-10-14 09:35:26,40.92,23000,40.93,D
sh603271,永杰新材,2025-10-14 09:35:32,40.93,14200,40.97,D
sh603271,永杰新材,2025-10-14 09:35:44,40.96,6100,40.93,U
sh603271,永杰新材,2025-10-14 09:35:47,40.98,10000,40.96,E
sh603271,永杰新材,2025-10-14 09:36:08,40.97,12700,40.96,U
sh603271,永杰新材,2025-10-14 09:36:11,41.04,25600,40.97,U
sh603271,永杰新材,2025-10-14 09:36:32,41.02,12800,41.06,D
sh603271,永杰新材,2025-10-14 09:36:47,40.95,15000,40.98,D
sh603271,永杰新材,2025-10-14 09:37:11,40.95,10200,40.97,D
sh603271,永杰新材,2025-10-14 09:37:47,41.04,42000,40.98,U
sh603271,永杰新材,2025-10-14 09:37:50,41.06,5000,41.04,U
sh603271,永杰新材,2025-10-14 09:38:53,40.98,11400,40.96,U
sh603271,永杰新材,2025-10-14 09:39:02,41.04,41700,40.99,U
sh603271,永杰新材,2025-10-14 09:39:41,40.91,7300,40.95,D
sh603271,永杰新材,2025-10-14 09:40:29,40.87,7100,40.9,D
sh603271,永杰新材,2025-10-14 09:43:17,40.81,5400,40.79,U
sh603271,永杰新材,2025-10-14 09:43:50,40.85,5000,40.83,U
sh603271,永杰新材,2025-10-14 09:44:14,40.9,4900,40.86,U
sh603271,永杰新材,2025-10-14 09:44:29,41.0,10500,40.89,U
sh603271,永杰新材,2025-10-14 09:44:32,41.15,60900,41.0,U
sh603271,永杰新材,2025-10-14 09:44:56,41.16,7100,41.15,U
sh603271,永杰新材,2025-10-14 09:45:11,41.07,6100,41.1,D
sh603271,永杰新材,2025-10-14 09:45:32,41.16,24800,41.05,U
sh603271,永杰新材,2025-10-14 09:45:35,41.25,33800,41.16,U
sh603271,永杰新材,2025-10-14 09:45:38,41.3,22200,41.25,U
sh603271,永杰新材,2025-10-14 09:45:41,41.35,10100,41.3,U
sh603271,永杰新材,2025-10-14 09:45:53,41.34,11600,41.35,E
sh603271,永杰新材,2025-10-14 09:46:17,41.27,6300,41.28,U
sh603271,永杰新材,2025-10-14 09:46:35,41.28,5000,41.22,U
sh603271,永杰新材,2025-10-14 09:46:38,41.26,7800,41.28,D
sh603271,永杰新材,2025-10-14 09:47:29,41.2,10500,41.22,D
sh603271,永杰新材,2025-10-14 09:47:56,41.2,5200,41.21,D
sh603271,永杰新材,2025-10-14 09:49:50,41.12,16500,41.11,U
sh603271,永杰新材,2025-10-14 09:49:53,41.18,30100,41.12,U
sh603271,永杰新材,2025-10-14 09:49:56,41.13,11200,41.18,D
sh603271,永杰新材,2025-10-14 09:50:38,41.21,5200,41.2,U
sh603271,永杰新材,2025-10-14 09:50:56,41.22,26100,41.19,U
sh603271,永杰新材,2025-10-14 09:51:02,41.28,23026,41.23,U
sh603271,永杰新材,2025-10-14 09:51:05,41.32,18300,41.28,U
sh603271,永杰新材,2025-10-14 09:52:17,41.25,7400,41.25,U
sh603271,永杰新材,2025-10-14 09:53:05,41.17,7374,41.21,D
sh603271,永杰新材,2025-10-14 09:56:11,41.1,8300,41.16,D
sh603271,永杰新材,2025-10-14 09:56:41,41.07,5000,41.08,D
sh603271,永杰新材,2025-10-14 09:57:41,41.2,6300,41.12,U
sh603271,永杰新材,2025-10-14 09:59:05,41.22,10400,41.18,U
sh603271,永杰新材,2025-10-14 10:01:08,41.13,5200,41.14,D
sh603271,永杰新材,2025-10-14 10:01:41,41.14,8226,41.12,U
sh603271,永杰新材,2025-10-14 10:01:47,41.14,9000,41.14,U
sh603271,永杰新材,2025-10-14 10:02:14,41.11,8100,41.1,U
sh603271,永杰新材,2025-10-14 10:04:02,41.04,9400,41.02,U
sh603271,永杰新材,2025-10-14 10:04:05,41.05,10300,41.04,U
sh603271,永杰新材,2025-10-14 10:06:05,41.06,6800,41.08,D
sh603271,永杰新材,2025-10-14 10:06:11,41.06,6500,41.06,D
sh603271,永杰新材,2025-10-14 10:07:17,41.06,7100,41.06,U
sh603271,永杰新材,2025-10-14 10:08:23,41.03,6200,41.05,D
sh603271,永杰新材,2025-10-14 10:08:26,41.04,6000,41.03,E
sh603271,永杰新材,2025-10-14 10:08:38,41.01,6300,41.03,D
sh603271,永杰新材,2025-10-14 10:10:23,40.92,6800,40.93,D
sh603271,永杰新材,2025-10-14 10:10:56,40.9,5100,40.95,D
sh603271,永杰新材,2025-10-14 10:12:17,40.89,7600,40.9,D
sh603271,永杰新材,2025-10-14 10:14:59,40.85,5400,40.84,U
sh603271,永杰新材,2025-10-14 10:15:29,40.83,4900,40.87,D
sh603271,永杰新材,2025-10-14 10:17:38,40.86,7600,40.88,D
sh603271,永杰新材,2025-10-14 10:19:26,40.81,12300,40.84,D
sh603271,永杰新材,2025-10-14 10:21:32,40.79,14000,40.8,D
sh603271,永杰新材,2025-10-14 10:21:44,40.75,6800,40.76,D
sh603271,永杰新材,2025-10-14 10:23:38,40.74,9400,40.78,D
sh603271,永杰新材,2025-10-14 10:24:02,40.71,6200,40.72,D
sh603271,永杰新材,2025-10-14 10:31:02,40.65,5200,40.63,U
sh603271,永杰新材,2025-10-14 10:32:50,40.67,5600,40.67,U
sh603271,永杰新材,2025-10-14 10:36:32,40.69,7500,40.68,U
sh603271,永杰新材,2025-10-14 10:39:23,40.7,5100,40.68,U
sh603271,永杰新材,2025-10-14 10:40:02,40.67,6200,40.69,D
sh603271,永杰新材,2025-10-14 10:40:20,40.61,10400,40.63,D
sh603271,永杰新材,2025-10-14 10:40:23,40.6,5900,40.61,D
sh603271,永杰新材,2025-10-14 10:47:35,40.56,5700,40.52,U
sh603271,永杰新材,2025-10-14 10:48:11,40.51,9900,40.52,D
sh603271,永杰新材,2025-10-14 10:50:14,40.51,9900,40.55,D
sh603271,永杰新材,2025-10-14 10:50:47,40.55,5900,40.55,D
sh603271,永杰新材,2025-10-14 10:53:26,40.51,5600,40.52,D
sh603271,永杰新材,2025-10-14 11:00:02,40.5,7400,40.51,D
sh603271,永杰新材,2025-10-14 11:01:56,40.5,5600,40.51,D
sh603271,永杰新材,2025-10-14 11:03:20,40.48,11700,40.51,D
sh603271,永杰新材,2025-10-14 11:05:11,40.48,7400,40.49,D
sh603271,永杰新材,2025-10-14 11:07:50,40.3,17100,40.4,D
sh603271,永杰新材,2025-10-14 11:08:35,40.27,15000,40.32,D
sh603271,永杰新材,2025-10-14 11:13:05,40.31,9100,40.26,U
sh603271,永杰新材,2025-10-14 11:13:11,40.36,6900,40.31,U
sh603271,永杰新材,2025-10-14 11:17:11,40.4,6800,40.44,D
sh603271,永杰新材,2025-10-14 11:17:20,40.43,9400,40.43,U
sh603271,永杰新材,2025-10-14 11:17:26,40.4,7200,40.43,U
sh603271,永杰新材,2025-10-14 11:19:14,40.31,5000,40.44,D
sh603271,永杰新材,2025-10-14 13:03:17,40.43,21500,40.45,D
sh603271,永杰新材,2025-10-14 13:08:02,40.3,7400,40.32,D
sh603271,永杰新材,2025-10-14 13:10:29,40.25,5400,40.24,E
sh603271,永杰新材,2025-10-14 13:23:17,40.35,5000,40.41,D
sh603271,永杰新材,2025-10-14 13:34:38,40.3,5000,40.29,U
sh603271,永杰新材,2025-10-14 13:35:50,40.26,10400,40.29,D
sh603271,永杰新材,2025-10-14 13:37:11,40.22,5317,40.26,D
sh603271,永杰新材,2025-10-14 13:39:05,40.21,7200,40.22,D
sh603271,永杰新材,2025-10-14 13:39:20,40.21,6000,40.21,D
sh603271,永杰新材,2025-10-14 13:40:02,40.14,17900,40.2,D
sh603271,永杰新材,2025-10-14 13:40:14,40.11,6000,40.11,D
sh603271,永杰新材,2025-10-14 13:48:59,40.1,5100,40.11,D
sh603271,永杰新材,2025-10-14 13:58:32,40.05,36800,40.08,D
sh603271,永杰新材,2025-10-14 13:58:35,40.04,13800,40.05,D
sh603271,永杰新材,2025-10-14 13:59:08,40.01,5700,40.02,D
sh603271,永杰新材,2025-10-14 13:59:32,40.0,7100,40.01,D
sh603271,永杰新材,2025-10-14 14:07:44,39.97,14000,39.99,D
sh603271,永杰新材,2025-10-14 14:12:47,39.92,5300,39.92,U
sh603271,永杰新材,2025-10-14 14:16:35,39.91,33844,39.93,D
sh603271,永杰新材,2025-10-14 14:16:38,39.91,10800,39.91,D
sh603271,永杰新材,2025-10-14 14:16:41,39.87,9500,39.91,D
sh603271,永杰新材,2025-10-14 14:24:56,39.8,18574,39.82,D
sh603271,永杰新材,2025-10-14 14:28:08,39.66,7400,39.71,D
sh603271,永杰新材,2025-10-14 14:28:11,39.66,6900,39.66,U
sh603271,永杰新材,2025-10-14 14:28:20,39.65,11500,39.66,D
sh603271,永杰新材,2025-10-14 14:28:50,39.7,12900,39.66,U
sh603271,永杰新材,2025-10-14 14:34:11,39.83,9300,39.88,D
sh603271,永杰新材,2025-10-14 14:35:35,39.79,6600,39.8,D
sh603271,永杰新材,2025-10-14 14:37:02,39.63,5300,39.67,D
sh603271,永杰新材,2025-10-14 14:38:26,39.6,22700,39.7,D
sh603271,永杰新材,2025-10-14 14:38:29,39.6,5100,39.6,U
sh603271,永杰新材,2025-10-14 14:44:32,39.55,8400,39.56,D
sh603271,永杰新材,2025-10-14 14:47:17,39.6,6200,39.56,U
sh603271,永杰新材,2025-10-14 14:47:20,39.6,27600,39.6,U
sh603271,永杰新材,2025-10-14 14:50:23,39.77,9169,39.63,U
sh603271,永杰新材,2025-10-14 14:50:29,39.79,6900,39.74,U
sh603271,永杰新材,2025-10-14 15:00:01,39.91,20100,39.9,U
