symbol,name,ticktime,price,volume,prev_price,kind
sh603271,永杰新材,2025-09-17 09:25:01,41.32,14500,0.0,U
sh603271,永杰新材,2025-09-17 09:30:16,41.31,12595,41.27,U
sh603271,永杰新材,2025-09-17 09:30:19,41.29,5106,41.31,E
sh603271,永杰新材,2025-09-17 09:30:28,41.31,4900,41.25,U
sh603271,永杰新材,2025-09-17 09:30:31,41.31,5256,41.31,U
sh603271,永杰新材,2025-09-17 09:30:34,41.33,18223,41.31,U
sh603271,永杰新材,2025-09-17 09:30:40,41.27,5094,41.33,D
sh603271,永杰新材,2025-09-17 09:31:01,41.33,5600,41.35,D
sh603271,永杰新材,2025-09-17 09:31:04,41.33,5051,41.33,U
sh603271,永杰新材,2025-09-17 09:31:07,41.36,5653,41.33,U
sh603271,永杰新材,2025-09-17 09:32:37,41.25,17249,41.35,D
sh603271,永杰新材,2025-09-17 09:33:19,41.25,5200,41.26,D
sh603271,永杰新材,2025-09-17 09:33:22,41.32,78402,41.25,U
sh603271,永杰新材,2025-09-17 09:33:28,41.36,5300,41.33,U
sh603271,永杰新材,2025-09-17 09:35:16,41.25,17195,41.25,D
sh603271,永杰新材,2025-09-17 09:35:28,41.25,7003,41.25,D
sh603271,永杰新材,2025-09-17 09:35:46,41.25,19397,41.22,U
sh603271,永杰新材,2025-09-17 09:36:28,41.26,6900,41.26,U
sh603271,永杰新材,2025-09-17 09:37:19,41.31,7300,41.28,U
sh603271,永杰新材,2025-09-17 09:39:01,41.38,15000,41.38,D
sh603271,永杰新材,2025-09-17 09:39:04,41.45,8900,41.38,U
sh603271,永杰新材,2025-09-17 09:39:22,41.48,9900,41.49,D
sh603271,永杰新材,2025-09-17 09:40:07,41.34,10200,41.48,D
sh603271,永杰新材,2025-09-17 09:40:10,41.49,9200,41.34,U
sh603271,永杰新材,2025-09-17 09:41:07,41.72,4900,41.66,U
sh603271,永杰新材,2025-09-17 09:41:16,41.75,15900,41.72,U
sh603271,永杰新材,2025-09-17 09:41:22,41.74,15000,41.75,E
sh603271,永杰新材,2025-09-17 09:41:25,41.6,10000,41.74,D
sh603271,永杰新材,2025-09-17 09:41:28,41.74,7600,41.6,E
sh603271,永杰新材,2025-09-17 09:41:49,41.71,5000,41.71,U
sh603271,永杰新材,2025-09-17 09:41:55,41.71,5740,41.7,U
sh603271,永杰新材,2025-09-17 09:42:01,41.7,9060,41.71,D
sh603271,永杰新材,2025-09-17 09:42:10,41.72,5000,41.68,U
sh603271,永杰新材,2025-09-17 09:42:28,41.69,13000,41.72,D
sh603271,永杰新材,2025-09-17 09:42:40,41.71,5200,41.68,U
sh603271,永杰新材,2025-09-17 09:44:10,41.6,17100,41.61,D
sh603271,永杰新材,2025-09-17 09:44:22,41.61,7800,41.61,U
sh603271,永杰新材,2025-09-17 09:45:31,41.53,5500,41.53,U
sh603271,永杰新材,2025-09-17 09:46:49,41.48,12000,41.51,D
sh603271,永杰新材,2025-09-17 09:47:40,41.53,11800,41.5,U
sh603271,永杰新材,2025-09-17 09:49:34,41.5,5600,41.49,U
sh603271,永杰新材,2025-09-17 09:49:37,41.5,5600,41.5,U
sh603271,永杰新材,2025-09-17 09:49:40,41.51,5100,41.5,U
sh603271,永杰新材,2025-09-17 09:50:10,41.48,6400,41.48,D
sh603271,永杰新材,2025-09-17 09:50:22,41.47,14500,41.49,D
sh603271,永杰新材,2025-09-17 09:51:01,41.58,6600,41.59,D
sh603271,永杰新材,2025-09-17 09:51:13,41.6,9200,41.58,U
sh603271,永杰新材,2025-09-17 09:52:13,41.61,7100,41.61,D
sh603271,永杰新材,2025-09-17 09:52:16,41.61,8500,41.61,U
sh603271,永杰新材,2025-09-17 09:52:19,41.67,15500,41.61,U
sh603271,永杰新材,2025-09-17 09:52:34,41.7,16600,41.66,U
sh603271,永杰新材,2025-09-17 09:52:43,41.62,14200,41.7,D
sh603271,永杰新材,2025-09-17 09:53:13,41.75,6900,41.73,U
sh603271,永杰新材,2025-09-17 09:53:25,41.75,6800,41.76,D
sh603271,永杰新材,2025-09-17 09:55:01,41.79,16400,41.71,U
sh603271,永杰新材,2025-09-17 09:55:04,41.8,7900,41.79,U
sh603271,永杰新材,2025-09-17 09:55:22,41.74,6500,41.71,U
sh603271,永杰新材,2025-09-17 09:55:46,41.74,6700,41.73,U
sh603271,永杰新材,2025-09-17 09:56:01,41.74,5700,41.72,U
sh603271,永杰新材,2025-09-17 09:56:28,41.7,8400,41.74,D
sh603271,永杰新材,2025-09-17 09:56:46,41.75,5500,41.74,U
sh603271,永杰新材,2025-09-17 09:57:04,41.74,5500,41.73,U
sh603271,永杰新材,2025-09-17 09:57:10,41.81,45012,41.74,U
sh603271,永杰新材,2025-09-17 09:57:13,41.87,10000,41.81,U
sh603271,永杰新材,2025-09-17 09:57:19,41.87,5300,41.87,U
sh603271,永杰新材,2025-09-17 09:57:25,41.88,17800,41.88,U
sh603271,永杰新材,2025-09-17 09:57:37,41.87,7900,41.85,U
sh603271,永杰新材,2025-09-17 09:57:46,41.82,6400,41.84,D
sh603271,永杰新材,2025-09-17 09:57:55,41.87,7600,41.84,U
sh603271,永杰新材,2025-09-17 09:58:01,41.88,7600,41.84,U
sh603271,永杰新材,2025-09-17 09:58:04,41.89,7000,41.88,U
sh603271,永杰新材,2025-09-17 09:58:16,41.9,8500,41.9,U
sh603271,永杰新材,2025-09-17 09:58:49,41.92,5200,41.92,U
sh603271,永杰新材,2025-09-17 09:58:52,41.92,5200,41.92,U
sh603271,永杰新材,2025-09-17 09:59:01,41.93,6400,41.93,U
sh603271,永杰新材,2025-09-17 10:00:01,41.86,7300,41.87,D
sh603271,永杰新材,2025-09-17 10:00:58,41.82,10600,41.84,E
sh603271,永杰新材,2025-09-17 10:01:01,41.88,5000,41.82,U
sh603271,永杰新材,2025-09-17 10:01:04,41.89,6200,41.88,U
sh603271,永杰新材,2025-09-17 10:02:28,41.85,8500,41.87,D
sh603271,永杰新材,2025-09-17 10:02:46,41.87,7800,41.82,U
sh603271,永杰新材,2025-09-17 10:02:55,41.9,11400,41.87,U
sh603271,永杰新材,2025-09-17 10:04:40,41.83,6100,41.81,U
sh603271,永杰新材,2025-09-17 10:07:13,41.71,7500,41.74,D
sh603271,永杰新材,2025-09-17 10:12:22,41.68,5700,41.68,D
sh603271,永杰新材,2025-09-17 10:12:25,41.75,5000,41.68,U
sh603271,永杰新材,2025-09-17 10:13:10,41.77,5200,41.7,U
sh603271,永杰新材,2025-09-17 10:17:04,41.71,11300,41.69,U
sh603271,永杰新材,2025-09-17 10:20:22,41.68,7100,41.69,D
sh603271,永杰新材,2025-09-17 10:22:16,41.6,8400,41.61,D
sh603271,永杰新材,2025-09-17 10:22:55,41.58,5300,41.58,U
sh603271,永杰新材,2025-09-17 10:23:31,41.55,11600,41.55,D
sh603271,永杰新材,2025-09-17 10:24:01,41.56,7182,41.55,E
sh603271,永杰新材,2025-09-17 10:25:10,41.56,5300,41.61,D
sh603271,永杰新材,2025-09-17 10:26:10,41.49,7200,41.51,D
sh603271,永杰新材,2025-09-17 10:26:58,41.48,5000,41.5,D
sh603271,永杰新材,2025-09-17 10:35:04,41.58,7500,41.6,D
sh603271,永杰新材,2025-09-17 10:41:04,41.64,5400,41.61,U
sh603271,永杰新材,2025-09-17 10:44:25,41.58,6500,41.59,D
sh603271,永杰新材,2025-09-17 10:45:19,41.56,9800,41.56,U
sh603271,永杰新材,2025-09-17 10:46:04,41.6,10100,41.6,D
sh603271,永杰新材,2025-09-17 10:57:40,41.62,5401,41.62,D
sh603271,永杰新材,2025-09-17 11:00:31,41.6,20300,41.58,U
sh603271,永杰新材,2025-09-17 11:02:16,41.56,6168,41.57,D
sh603271,永杰新材,2025-09-17 11:02:40,41.53,8200,41.55,D
sh603271,永杰新材,2025-09-17 11:03:13,41.53,5800,41.56,D
sh603271,永杰新材,2025-09-17 11:04:34,41.58,5100,41.57,U
sh603271,永杰新材,2025-09-17 11:05:10,41.61,26499,41.6,U
sh603271,永杰新材,2025-09-17 11:06:10,41.66,6900,41.65,U
sh603271,永杰新材,2025-09-17 11:06:22,41.67,14100,41.66,U
sh603271,永杰新材,2025-09-17 11:12:01,41.68,7500,41.66,U
sh603271,永杰新材,2025-09-17 11:23:58,41.64,5000,41.64,D
sh603271,永杰新材,2025-09-17 11:26:07,41.63,5200,41.63,E
sh603271,永杰新材,2025-09-17 13:00:16,41.67,7500,41.68,D
sh603271,永杰新材,2025-09-17 13:01:04,41.66,5400,41.66,D
sh603271,永杰新材,2025-09-17 13:02:10,41.62,12600,41.66,D
sh603271,永杰新材,2025-09-17 13:03:19,41.6,17000,41.61,D
sh603271,永杰新材,2025-09-17 13:08:10,41.59,7338,41.6,D
sh603271,永杰新材,2025-09-17 13:09:01,41.59,10300,41.58,U
sh603271,永杰新材,2025-09-17 13:11:16,41.56,5000,41.58,D
sh603271,永杰新材,2025-09-17 13:12:43,41.56,5001,41.56,D
sh603271,永杰新材,2025-09-17 13:17:13,41.51,11700,41.53,D
sh603271,永杰新材,2025-09-17 13:17:16,41.5,11860,41.51,D
sh603271,永杰新材,2025-09-17 13:19:34,41.53,16000,41.53,U
sh603271,永杰新材,2025-09-17 13:23:49,41.5,10882,41.5,D
sh603271,永杰新材,2025-09-17 13:24:07,41.49,6600,41.49,D
sh603271,永杰新材,2025-09-17 13:24:10,41.48,7800,41.49,D
sh603271,永杰新材,2025-09-17 13:24:19,41.45,34000,41.48,D
sh603271,永杰新材,2025-09-17 13:25:10,41.5,5300,41.48,U
sh603271,永杰新材,2025-09-17 13:28:10,41.45,8900,41.47,D
sh603271,永杰新材,2025-09-17 13:28:25,41.44,7200,41.45,D
sh603271,永杰新材,2025-09-17 13:29:37,41.41,8203,41.38,U
sh603271,永杰新材,2025-09-17 13:32:07,41.47,9000,41.43,U
sh603271,永杰新材,2025-09-17 13:33:16,41.39,5700,41.39,U
sh603271,永杰新材,2025-09-17 13:33:28,41.37,10600,41.39,D
sh603271,永杰新材,2025-09-17 13:33:55,41.36,7200,41.37,D
sh603271,永杰新材,2025-09-17 13:34:10,41.36,5000,41.38,D
sh603271,永杰新材,2025-09-17 13:34:19,41.38,5800,41.36,U
sh603271,永杰新材,2025-09-17 13:40:58,41.42,9800,41.42,U
sh603271,永杰新材,2025-09-17 13:46:52,41.43,5100,41.42,U
sh603271,永杰新材,2025-09-17 13:46:58,41.43,5000,41.43,U
sh603271,永杰新材,2025-09-17 13:48:52,41.51,12900,41.51,D
sh603271,永杰新材,2025-09-17 13:49:04,41.47,5974,41.5,D
sh603271,永杰新材,2025-09-17 14:06:16,41.46,5700,41.45,U
sh603271,永杰新材,2025-09-17 14:06:19,41.45,9800,41.46,D
sh603271,永杰新材,2025-09-17 14:08:49,41.45,8200,41.46,D
sh603271,永杰新材,2025-09-17 14:17:43,41.42,5100,41.42,U
sh603271,永杰新材,2025-09-17 14:17:55,41.4,7200,41.42,D
sh603271,永杰新材,2025-09-17 14:20:55,41.44,5900,41.42,U
sh603271,永杰新材,2025-09-17 14:22:37,41.42,5000,41.42,D
sh603271,永杰新材,2025-09-17 14:23:22,41.44,6781,41.44,U
sh603271,永杰新材,2025-09-17 14:23:28,41.44,5100,41.44,D
sh603271,永杰新材,2025-09-17 14:27:43,41.48,7300,41.48,D
sh603271,永杰新材,2025-09-17 14:28:28,41.46,8700,41.46,D
sh603271,永杰新材,2025-09-17 14:30:19,41.42,6000,41.45,D
sh603271,永杰新材,2025-09-17 14:31:01,41.41,6400,41.41,D
sh603271,永杰新材,2025-09-17 14:32:16,41.4,5100,41.4,D
sh603271,永杰新材,2025-09-17 14:36:49,41.36,15700,41.36,D
sh603271,永杰新材,2025-09-17 14:41:25,41.34,9060,41.34,U
sh603271,永杰新材,2025-09-17 14:47:43,41.39,5400,41.39,U
sh603271,永杰新材,2025-09-17 14:49:01,41.37,8800,41.38,D
sh603271,永杰新材,2025-09-17 14:50:07,41.35,13200,41.36,D
sh603271,永杰新材,2025-09-17 14:50:16,41.36,15100,41.35,U
sh603271,永杰新材,2025-09-17 14:51:31,41.37,12734,41.36,U
sh603271,永杰新材,2025-09-17 14:53:01,41.37,5200,41.37,U
sh603271,永杰新材,2025-09-17 14:55:43,41.36,6515,41.37,D
sh603271,永杰新材,2025-09-17 15:00:03,41.4,16600,41.4,U
