symbol,name,ticktime,price,volume,prev_price,kind
sh603271,永杰新材,2025-09-19 09:25:01,40.48,45900,0.0,U
sh603271,永杰新材,2025-09-19 09:30:01,40.41,29400,40.48,D
sh603271,永杰新材,2025-09-19 09:30:04,40.34,5100,40.41,D
sh603271,永杰新材,2025-09-19 09:30:07,40.45,13400,40.34,U
sh603271,永杰新材,2025-09-19 09:30:16,40.45,10400,40.43,E
sh603271,永杰新材,2025-09-19 09:30:31,40.47,7600,40.45,U
sh603271,永杰新材,2025-09-19 09:30:58,40.45,5400,40.45,U
sh603271,永杰新材,2025-09-19 09:31:10,40.43,23126,40.45,D
sh603271,永杰新材,2025-09-19 09:31:16,40.45,7700,40.47,D
sh603271,永杰新材,2025-09-19 09:31:19,40.45,5000,40.45,D
sh603271,永杰新材,2025-09-19 09:31:43,40.4,10522,40.42,D
sh603271,永杰新材,2025-09-19 09:31:55,40.35,5300,40.37,D
sh603271,永杰新材,2025-09-19 09:32:40,40.33,6400,40.37,D
sh603271,永杰新材,2025-09-19 09:33:13,40.36,6600,40.36,U
sh603271,永杰新材,2025-09-19 09:33:22,40.31,19500,40.36,D
sh603271,永杰新材,2025-09-19 09:33:25,40.3,13800,40.31,D
sh603271,永杰新材,2025-09-19 09:33:34,40.27,7900,40.3,D
sh603271,永杰新材,2025-09-19 09:33:37,40.23,6400,40.27,D
sh603271,永杰新材,2025-09-19 09:33:43,40.24,5100,40.26,E
sh603271,永杰新材,2025-09-19 09:33:52,40.33,13700,40.21,U
sh603271,永杰新材,2025-09-19 09:34:22,40.36,28700,40.35,U
sh603271,永杰新材,2025-09-19 09:34:25,40.36,10700,40.36,D
sh603271,永杰新材,2025-09-19 09:34:43,40.32,8800,40.39,D
sh603271,永杰新材,2025-09-19 09:35:10,40.43,14104,40.33,U
sh603271,永杰新材,2025-09-19 09:37:01,40.58,5000,40.58,D
sh603271,永杰新材,2025-09-19 09:38:31,40.41,24100,40.45,D
sh603271,永杰新材,2025-09-19 09:39:19,40.53,5700,40.5,U
sh603271,永杰新材,2025-09-19 09:40:10,40.6,5800,40.6,U
sh603271,永杰新材,2025-09-19 09:41:58,40.41,13600,40.43,D
sh603271,永杰新材,2025-09-19 09:42:07,40.37,5500,40.4,D
sh603271,永杰新材,2025-09-19 09:42:10,40.35,5100,40.37,D
sh603271,永杰新材,2025-09-19 09:42:52,40.34,6100,40.32,D
sh603271,永杰新材,2025-09-19 09:43:04,40.3,5200,40.38,D
sh603271,永杰新材,2025-09-19 09:43:07,40.32,35546,40.3,U
sh603271,永杰新材,2025-09-19 09:43:10,40.3,5354,40.32,D
sh603271,永杰新材,2025-09-19 09:43:13,40.27,5200,40.3,D
sh603271,永杰新材,2025-09-19 09:43:22,40.24,9700,40.27,D
sh603271,永杰新材,2025-09-19 09:43:40,40.21,5000,40.21,D
sh603271,永杰新材,2025-09-19 09:43:55,40.19,25200,40.22,D
sh603271,永杰新材,2025-09-19 09:44:37,40.17,8200,40.17,D
sh603271,永杰新材,2025-09-19 09:44:40,40.19,5846,40.17,E
sh603271,永杰新材,2025-09-19 09:46:04,40.24,5500,40.24,U
sh603271,永杰新材,2025-09-19 09:46:16,40.25,9800,40.23,U
sh603271,永杰新材,2025-09-19 09:46:19,40.23,11700,40.25,D
sh603271,永杰新材,2025-09-19 09:47:25,40.22,6326,40.24,D
sh603271,永杰新材,2025-09-19 09:47:58,40.22,5200,40.22,D
sh603271,永杰新材,2025-09-19 09:48:01,40.22,15100,40.22,E
sh603271,永杰新材,2025-09-19 09:48:04,40.19,11100,40.22,D
sh603271,永杰新材,2025-09-19 09:48:13,40.18,24774,40.19,D
sh603271,永杰新材,2025-09-19 09:48:16,40.15,9500,40.18,D
sh603271,永杰新材,2025-09-19 09:48:58,40.16,7901,40.15,U
sh603271,永杰新材,2025-09-19 09:49:16,40.15,13500,40.15,U
sh603271,永杰新材,2025-09-19 09:49:22,40.16,7226,40.15,U
sh603271,永杰新材,2025-09-19 09:50:10,40.2,5000,40.2,U
sh603271,永杰新材,2025-09-19 09:50:19,40.15,5100,40.16,D
sh603271,永杰新材,2025-09-19 09:50:25,40.13,16473,40.15,D
sh603271,永杰新材,2025-09-19 09:50:28,40.1,18500,40.13,D
sh603271,永杰新材,2025-09-19 09:50:31,40.12,8000,40.1,E
sh603271,永杰新材,2025-09-19 09:51:13,40.08,14500,40.07,U
sh603271,永杰新材,2025-09-19 09:53:25,40.11,12100,40.13,D
sh603271,永杰新材,2025-09-19 09:53:37,40.11,5700,40.11,D
sh603271,永杰新材,2025-09-19 09:54:07,40.12,9000,40.11,U
sh603271,永杰新材,2025-09-19 09:56:55,40.13,5500,40.17,D
sh603271,永杰新材,2025-09-19 09:56:58,40.13,7400,40.13,U
sh603271,永杰新材,2025-09-19 09:57:07,40.1,17300,40.13,D
sh603271,永杰新材,2025-09-19 10:00:04,40.13,20800,40.16,D
sh603271,永杰新材,2025-09-19 10:00:13,40.11,6600,40.13,D
sh603271,永杰新材,2025-09-19 10:00:22,40.08,9600,40.08,D
sh603271,永杰新材,2025-09-19 10:00:40,40.1,5800,40.07,U
sh603271,永杰新材,2025-09-19 10:01:04,40.11,15300,40.1,U
sh603271,永杰新材,2025-09-19 10:01:25,40.06,5100,40.07,D
sh603271,永杰新材,2025-09-19 10:02:22,40.03,10200,40.04,D
sh603271,永杰新材,2025-09-19 10:02:31,40.04,8583,40.03,U
sh603271,永杰新材,2025-09-19 10:02:37,40.09,7000,40.06,U
sh603271,永杰新材,2025-09-19 10:03:04,40.14,5600,40.12,E
sh603271,永杰新材,2025-09-19 10:03:46,40.13,13000,40.13,D
sh603271,永杰新材,2025-09-19 10:05:49,40.12,9400,40.12,D
sh603271,永杰新材,2025-09-19 10:10:43,40.25,30300,40.19,U
sh603271,永杰新材,2025-09-19 10:12:01,40.2,11600,40.21,D
sh603271,永杰新材,2025-09-19 10:12:31,40.18,9800,40.17,E
sh603271,永杰新材,2025-09-19 10:12:43,40.27,30300,40.18,U
sh603271,永杰新材,2025-09-19 10:12:46,40.29,16800,40.27,U
sh603271,永杰新材,2025-09-19 10:23:25,40.31,5689,40.31,D
sh603271,永杰新材,2025-09-19 10:24:37,40.3,10500,40.31,D
sh603271,永杰新材,2025-09-19 10:32:43,40.26,8000,40.31,D
sh603271,永杰新材,2025-09-19 10:35:49,40.25,11300,40.25,U
sh603271,永杰新材,2025-09-19 10:45:04,40.13,5400,40.18,D
sh603271,永杰新材,2025-09-19 10:46:25,40.14,7000,40.14,U
sh603271,永杰新材,2025-09-19 10:47:10,40.14,7726,40.14,U
sh603271,永杰新材,2025-09-19 10:48:13,40.16,5000,40.15,U
sh603271,永杰新材,2025-09-19 10:49:01,40.13,14200,40.17,D
sh603271,永杰新材,2025-09-19 10:50:40,40.1,6166,40.11,D
sh603271,永杰新材,2025-09-19 10:51:31,40.1,9396,40.11,D
sh603271,永杰新材,2025-09-19 10:54:37,40.03,7200,40.04,D
sh603271,永杰新材,2025-09-19 10:55:13,40.02,8300,40.02,D
sh603271,永杰新材,2025-09-19 10:55:28,40.0,30400,40.01,D
sh603271,永杰新材,2025-09-19 10:56:07,40.02,5016,40.01,U
sh603271,永杰新材,2025-09-19 10:56:10,40.0,10000,40.02,D
sh603271,永杰新材,2025-09-19 10:56:31,39.99,29784,40.0,D
sh603271,永杰新材,2025-09-19 10:57:13,39.98,6300,40.0,D
sh603271,永杰新材,2025-09-19 10:57:31,39.98,5016,39.98,U
sh603271,永杰新材,2025-09-19 10:58:34,39.98,5500,39.99,D
sh603271,永杰新材,2025-09-19 10:59:34,40.0,10400,40.0,D
sh603271,永杰新材,2025-09-19 11:00:10,40.04,7600,40.02,U
sh603271,永杰新材,2025-09-19 11:00:28,40.05,10000,40.07,D
sh603271,永杰新材,2025-09-19 11:02:25,40.05,8100,40.05,D
sh603271,永杰新材,2025-09-19 11:09:28,40.16,13900,40.16,D
sh603271,永杰新材,2025-09-19 13:04:28,40.33,5500,40.34,D
sh603271,永杰新材,2025-09-19 13:04:55,40.28,6000,40.31,D
sh603271,永杰新材,2025-09-19 13:06:46,40.34,5300,40.3,U
sh603271,永杰新材,2025-09-19 13:07:25,40.35,6200,40.37,D
sh603271,永杰新材,2025-09-19 13:10:01,40.32,5116,40.27,U
sh603271,永杰新材,2025-09-19 13:12:43,40.4,7000,40.38,U
sh603271,永杰新材,2025-09-19 13:14:22,40.4,5000,40.4,D
sh603271,永杰新材,2025-09-19 13:14:49,40.42,5100,40.42,D
sh603271,永杰新材,2025-09-19 13:16:55,40.49,15135,40.4,U
sh603271,永杰新材,2025-09-19 13:32:22,40.18,10000,40.16,U
sh603271,永杰新材,2025-09-19 13:32:46,40.14,13933,40.16,D
sh603271,永杰新材,2025-09-19 13:33:52,40.12,11000,40.12,U
sh603271,永杰新材,2025-09-19 13:40:19,40.1,9500,40.1,U
sh603271,永杰新材,2025-09-19 13:42:04,40.02,8100,40.04,D
sh603271,永杰新材,2025-09-19 13:42:13,40.0,36300,40.03,D
sh603271,永杰新材,2025-09-19 13:44:31,39.99,8100,40.0,D
sh603271,永杰新材,2025-09-19 13:48:46,40.07,5000,40.1,D
sh603271,永杰新材,2025-09-19 13:52:46,40.05,11100,40.09,D
sh603271,永杰新材,2025-09-19 13:53:49,40.05,6500,40.06,D
sh603271,永杰新材,2025-09-19 14:01:16,40.03,12000,40.01,U
sh603271,永杰新材,2025-09-19 14:04:10,40.12,18816,40.1,U
sh603271,永杰新材,2025-09-19 14:06:16,40.18,11000,40.18,U
sh603271,永杰新材,2025-09-19 14:08:40,40.21,11300,40.22,D
sh603271,永杰新材,2025-09-19 14:09:10,40.19,10300,40.19,U
sh603271,永杰新材,2025-09-19 14:12:37,40.18,8500,40.17,U
sh603271,永杰新材,2025-09-19 14:15:49,40.34,16900,40.29,U
sh603271,永杰新材,2025-09-19 14:23:01,40.3,7100,40.24,U
sh603271,永杰新材,2025-09-19 14:26:10,40.36,12100,40.34,U
sh603271,永杰新材,2025-09-19 14:28:19,40.39,5300,40.38,U
sh603271,永杰新材,2025-09-19 14:32:22,40.42,28420,40.39,U
sh603271,永杰新材,2025-09-19 14:32:25,40.44,6000,40.42,U
sh603271,永杰新材,2025-09-19 14:36:43,40.37,8000,40.36,U
sh603271,永杰新材,2025-09-19 14:44:31,40.35,5900,40.34,U
sh603271,永杰新材,2025-09-19 14:47:16,40.29,6500,40.29,U
sh603271,永杰新材,2025-09-19 15:00:04,40.2,38827,40.22,U
