symbol,name,ticktime,price,volume,prev_price,kind
sh603271,永杰新材,2025-10-13 09:25:03,39.87,67700,0.0,U
sh603271,永杰新材,2025-10-13 09:30:04,39.85,6800,39.89,D
sh603271,永杰新材,2025-10-13 09:30:07,39.7,6300,39.85,D
sh603271,永杰新材,2025-10-13 09:30:19,39.76,7100,39.7,U
sh603271,永杰新材,2025-10-13 09:30:22,39.0,38900,39.76,D
sh603271,永杰新材,2025-10-13 09:30:40,39.0,16500,38.89,U
sh603271,永杰新材,2025-10-13 09:30:43,38.87,17600,39.0,D
sh603271,永杰新材,2025-10-13 09:30:52,39.07,7700,39.4,E
sh603271,永杰新材,2025-10-13 09:30:58,39.69,13300,39.5,U
sh603271,永杰新材,2025-10-13 09:31:07,38.89,14000,39.01,D
sh603271,永杰新材,2025-10-13 09:31:22,38.87,15200,39.01,D
sh603271,永杰新材,2025-10-13 09:31:43,39.02,5500,39.08,D
sh603271,永杰新材,2025-10-13 09:31:46,39.12,20779,39.02,U
sh603271,永杰新材,2025-10-13 09:32:07,38.99,16721,39.05,D
sh603271,永杰新材,2025-10-13 09:32:10,38.98,8200,38.99,E
sh603271,永杰新材,2025-10-13 09:32:13,38.89,5800,38.98,D
sh603271,永杰新材,2025-10-13 09:32:16,38.98,12500,38.89,U
sh603271,永杰新材,2025-10-13 09:32:58,39.03,6000,39.03,U
sh603271,永杰新材,2025-10-13 09:33:04,39.01,7300,39.05,D
sh603271,永杰新材,2025-10-13 09:33:07,39.05,5300,39.01,U
sh603271,永杰新材,2025-10-13 09:33:19,39.05,14400,39.04,U
sh603271,永杰新材,2025-10-13 09:33:28,39.04,7400,39.02,U
sh603271,永杰新材,2025-10-13 09:33:40,39.01,5400,39.01,U
sh603271,永杰新材,2025-10-13 09:33:46,39.0,6646,39.01,D
sh603271,永杰新材,2025-10-13 09:34:01,39.05,12500,38.97,U
sh603271,永杰新材,2025-10-13 09:34:10,39.08,11000,39.01,U
sh603271,永杰新材,2025-10-13 09:34:13,39.1,5800,39.08,U
sh603271,永杰新材,2025-10-13 09:34:19,39.05,5300,39.08,D
sh603271,永杰新材,2025-10-13 09:34:34,39.06,8400,39.06,D
sh603271,永杰新材,2025-10-13 09:34:40,39.05,8100,39.06,D
sh603271,永杰新材,2025-10-13 09:34:43,39.01,5200,39.05,D
sh603271,永杰新材,2025-10-13 09:34:55,39.02,10600,39.01,U
sh603271,永杰新材,2025-10-13 09:35:04,38.99,6000,38.99,D
sh603271,永杰新材,2025-10-13 09:35:07,38.98,7000,38.99,D
sh603271,永杰新材,2025-10-13 09:35:22,39.06,7200,39.0,U
sh603271,永杰新材,2025-10-13 09:35:25,39.06,9600,39.06,U
sh603271,永杰新材,2025-10-13 09:35:28,39.08,5400,39.06,U
sh603271,永杰新材,2025-10-13 09:35:52,39.02,6100,39.03,D
sh603271,永杰新材,2025-10-13 09:35:58,39.0,22000,39.02,D
sh603271,永杰新材,2025-10-13 09:36:07,38.97,5300,38.99,D
sh603271,永杰新材,2025-10-13 09:36:28,39.03,11000,38.99,U
sh603271,永杰新材,2025-10-13 09:36:52,38.98,10500,39.02,D
sh603271,永杰新材,2025-10-13 09:37:04,39.13,17500,39.13,D
sh603271,永杰新材,2025-10-13 09:37:07,38.97,24400,39.13,D
sh603271,永杰新材,2025-10-13 09:39:07,39.19,9000,39.17,U
sh603271,永杰新材,2025-10-13 09:39:31,39.1,9600,39.19,D
sh603271,永杰新材,2025-10-13 09:39:37,39.05,5200,39.09,D
sh603271,永杰新材,2025-10-13 09:39:40,38.98,21500,39.05,D
sh603271,永杰新材,2025-10-13 09:39:43,38.95,9700,38.98,D
sh603271,永杰新材,2025-10-13 09:39:52,38.98,8900,38.97,U
sh603271,永杰新材,2025-10-13 09:40:19,39.2,24700,39.11,U
sh603271,永杰新材,2025-10-13 09:40:58,39.27,14600,39.12,U
sh603271,永杰新材,2025-10-13 09:41:43,39.3,7400,39.29,U
sh603271,永杰新材,2025-10-13 09:41:46,39.3,16700,39.3,U
sh603271,永杰新材,2025-10-13 09:41:52,39.47,12000,39.35,U
sh603271,永杰新材,2025-10-13 09:42:16,39.6,10900,39.47,U
sh603271,永杰新材,2025-10-13 09:42:58,39.54,6100,39.61,D
sh603271,永杰新材,2025-10-13 09:44:34,39.53,5300,39.53,U
sh603271,永杰新材,2025-10-13 09:44:37,39.56,8461,39.53,U
sh603271,永杰新材,2025-10-13 09:45:01,39.62,12826,39.55,U
sh603271,永杰新材,2025-10-13 09:45:04,39.65,13100,39.62,U
sh603271,永杰新材,2025-10-13 09:49:07,39.5,7900,39.56,D
sh603271,永杰新材,2025-10-13 09:50:19,39.47,6100,39.46,D
sh603271,永杰新材,2025-10-13 09:50:49,39.56,13200,39.47,U
sh603271,永杰新材,2025-10-13 09:50:52,39.48,9900,39.56,D
sh603271,永杰新材,2025-10-13 09:52:01,39.6,14000,39.55,U
sh603271,永杰新材,2025-10-13 09:52:10,39.61,6300,39.53,U
sh603271,永杰新材,2025-10-13 09:53:07,39.6,6900,39.63,D
sh603271,永杰新材,2025-10-13 09:55:10,39.5,7500,39.51,D
sh603271,永杰新材,2025-10-13 10:00:01,39.32,18200,39.4,D
sh603271,永杰新材,2025-10-13 10:02:01,39.32,5400,39.37,D
sh603271,永杰新材,2025-10-13 10:02:40,39.31,6900,39.31,D
sh603271,永杰新材,2025-10-13 10:04:19,39.32,11600,39.33,D
sh603271,永杰新材,2025-10-13 10:04:55,39.23,24400,39.31,D
sh603271,永杰新材,2025-10-13 10:05:37,39.22,10500,39.22,D
sh603271,永杰新材,2025-10-13 10:05:43,39.2,12600,39.3,D
sh603271,永杰新材,2025-10-13 10:08:34,39.2,6300,39.22,D
sh603271,永杰新材,2025-10-13 10:08:37,39.18,22100,39.2,D
sh603271,永杰新材,2025-10-13 10:10:01,39.13,10100,39.11,U
sh603271,永杰新材,2025-10-13 10:11:34,39.08,20300,39.18,D
sh603271,永杰新材,2025-10-13 10:13:19,39.08,14900,39.08,U
sh603271,永杰新材,2025-10-13 10:13:31,39.09,8600,39.08,U
sh603271,永杰新材,2025-10-13 10:13:37,39.09,11600,39.08,U
sh603271,永杰新材,2025-10-13 10:19:49,39.23,6000,39.28,D
sh603271,永杰新材,2025-10-13 10:21:49,39.34,5500,39.32,U
sh603271,永杰新材,2025-10-13 10:22:13,39.31,6700,39.31,D
sh603271,永杰新材,2025-10-13 10:22:55,39.3,5300,39.32,E
sh603271,永杰新材,2025-10-13 10:36:49,39.44,8900,39.43,U
sh603271,永杰新材,2025-10-13 10:40:10,39.48,5300,39.48,U
sh603271,永杰新材,2025-10-13 10:43:40,39.5,6500,39.5,U
sh603271,永杰新材,2025-10-13 10:45:10,39.6,7400,39.56,U
sh603271,永杰新材,2025-10-13 10:45:16,39.61,10100,39.61,U
sh603271,永杰新材,2025-10-13 10:45:22,39.61,8800,39.61,U
sh603271,永杰新材,2025-10-13 10:46:25,39.62,5200,39.64,D
sh603271,永杰新材,2025-10-13 10:52:40,39.6,7200,39.57,U
sh603271,永杰新材,2025-10-13 10:53:37,39.61,12400,39.59,U
sh603271,永杰新材,2025-10-13 11:11:16,39.42,5600,39.43,D
sh603271,永杰新材,2025-10-13 11:14:55,39.38,6900,39.42,D
sh603271,永杰新材,2025-10-13 11:21:49,39.45,6000,39.47,D
sh603271,永杰新材,2025-10-13 11:23:01,39.31,20600,39.4,D
sh603271,永杰新材,2025-10-13 11:23:04,39.31,26400,39.31,U
sh603271,永杰新材,2025-10-13 11:29:34,39.28,7000,39.25,U
sh603271,永杰新材,2025-10-13 13:00:07,39.2,5900,39.22,D
sh603271,永杰新材,2025-10-13 13:06:22,39.24,7500,39.2,U
sh603271,永杰新材,2025-10-13 13:07:19,39.24,6000,39.24,U
sh603271,永杰新材,2025-10-13 13:14:37,39.3,9600,39.28,U
sh603271,永杰新材,2025-10-13 13:26:01,39.43,5300,39.41,U
sh603271,永杰新材,2025-10-13 13:46:52,39.5,11300,39.53,D
sh603271,永杰新材,2025-10-13 13:50:37,39.6,9000,39.57,U
sh603271,永杰新材,2025-10-13 13:58:31,39.69,7300,39.67,U
sh603271,永杰新材,2025-10-13 13:59:10,39.76,6300,39.74,U
sh603271,永杰新材,2025-10-13 13:59:19,39.77,6200,39.76,U
sh603271,永杰新材,2025-10-13 14:00:13,39.81,11300,39.8,U
sh603271,永杰新材,2025-10-13 14:01:52,39.84,27900,39.85,D
sh603271,永杰新材,2025-10-13 14:18:28,39.8,9500,39.76,U
sh603271,永杰新材,2025-10-13 14:22:34,39.91,8300,39.9,U
sh603271,永杰新材,2025-10-13 14:26:16,40.0,10300,39.97,U
sh603271,永杰新材,2025-10-13 14:28:10,39.97,8400,40.0,D
sh603271,永杰新材,2025-10-13 14:35:34,40.21,7600,40.2,U
sh603271,永杰新材,2025-10-13 14:35:49,40.26,6355,40.26,D
sh603271,永杰新材,2025-10-13 14:37:10,40.19,19900,40.21,D
sh603271,永杰新材,2025-10-13 14:39:25,40.13,5100,40.15,D
sh603271,永杰新材,2025-10-13 14:39:37,40.11,5000,40.14,D
sh603271,永杰新材,2025-10-13 14:40:19,40.16,8400,40.12,U
sh603271,永杰新材,2025-10-13 14:46:16,40.19,11500,40.18,E
sh603271,永杰新材,2025-10-13 14:48:43,40.22,6300,40.22,D
sh603271,永杰新材,2025-10-13 14:50:16,40.21,5300,40.21,U
sh603271,永杰新材,2025-10-13 14:50:19,40.23,18400,40.21,U
sh603271,永杰新材,2025-10-13 14:51:04,40.16,6100,40.18,D
sh603271,永杰新材,2025-10-13 14:55:46,40.19,5300,40.2,D
sh603271,永杰新材,2025-10-13 15:00:03,40.21,15400,40.21,U
