symbol,name,ticktime,price,volume,prev_price,kind
sh603271,永杰新材,2025-09-30 09:25:00,40.15,10400,0.0,U
sh603271,永杰新材,2025-09-30 09:32:31,40.24,5100,40.27,D
sh603271,永杰新材,2025-09-30 09:33:07,40.31,6000,40.3,E
sh603271,永杰新材,2025-09-30 09:33:28,40.36,10500,40.31,U
sh603271,永杰新材,2025-09-30 09:35:16,40.55,18600,40.42,U
sh603271,永杰新材,2025-09-30 09:35:19,40.56,6100,40.55,E
sh603271,永杰新材,2025-09-30 09:35:43,40.55,5400,40.58,D
sh603271,永杰新材,2025-09-30 09:37:34,40.51,5300,40.5,E
sh603271,永杰新材,2025-09-30 09:37:40,40.6,12800,40.55,U
sh603271,永杰新材,2025-09-30 09:37:55,40.66,13800,40.59,U
sh603271,永杰新材,2025-09-30 09:37:58,40.69,5100,40.66,U
sh603271,永杰新材,2025-09-30 09:38:01,40.69,6800,40.69,D
sh603271,永杰新材,2025-09-30 09:38:16,40.98,21100,40.78,U
sh603271,永杰新材,2025-09-30 09:38:31,40.93,5300,40.93,E
sh603271,永杰新材,2025-09-30 09:38:52,40.91,5800,40.94,D
sh603271,永杰新材,2025-09-30 09:39:01,40.93,9900,40.91,U
sh603271,永杰新材,2025-09-30 09:39:04,40.98,34000,40.93,U
sh603271,永杰新材,2025-09-30 09:39:07,40.95,9900,40.98,D
sh603271,永杰新材,2025-09-30 09:39:10,40.93,9200,40.95,D
sh603271,永杰新材,2025-09-30 09:39:13,40.9,5400,40.93,D
sh603271,永杰新材,2025-09-30 09:39:58,40.77,5700,40.75,E
sh603271,永杰新材,2025-09-30 09:40:01,40.8,9900,40.77,U
sh603271,永杰新材,2025-09-30 09:40:04,40.77,6300,40.8,D
sh603271,永杰新材,2025-09-30 09:40:22,40.82,5500,40.82,D
sh603271,永杰新材,2025-09-30 09:42:10,40.75,5100,40.77,D
sh603271,永杰新材,2025-09-30 09:43:13,40.77,16800,40.71,U
sh603271,永杰新材,2025-09-30 09:43:16,40.72,6000,40.77,D
sh603271,永杰新材,2025-09-30 09:47:46,40.7,6926,40.67,U
sh603271,永杰新材,2025-09-30 09:50:28,40.63,5000,40.66,D
sh603271,永杰新材,2025-09-30 09:51:46,40.47,5900,40.48,D
sh603271,永杰新材,2025-09-30 09:52:07,40.48,11100,40.48,U
sh603271,永杰新材,2025-09-30 09:54:55,40.44,14600,40.46,D
sh603271,永杰新材,2025-09-30 09:54:58,40.43,5000,40.44,D
sh603271,永杰新材,2025-09-30 09:55:19,40.45,5700,40.42,U
sh603271,永杰新材,2025-09-30 09:56:25,40.45,6100,40.46,D
sh603271,永杰新材,2025-09-30 09:56:34,40.44,5200,40.43,U
sh603271,永杰新材,2025-09-30 09:57:34,40.42,8300,40.42,D
sh603271,永杰新材,2025-09-30 09:57:37,40.5,11419,40.42,U
sh603271,永杰新材,2025-09-30 09:57:43,40.5,9081,40.5,D
sh603271,永杰新材,2025-09-30 09:59:46,40.46,10400,40.46,U
sh603271,永杰新材,2025-09-30 10:01:55,40.43,5900,40.43,D
sh603271,永杰新材,2025-09-30 10:03:16,40.45,6000,40.44,U
sh603271,永杰新材,2025-09-30 10:04:19,40.38,41900,40.43,D
sh603271,永杰新材,2025-09-30 10:06:49,40.36,5300,40.37,D
sh603271,永杰新材,2025-09-30 10:06:52,40.36,6600,40.36,D
sh603271,永杰新材,2025-09-30 10:06:58,40.36,15500,40.36,E
sh603271,永杰新材,2025-09-30 10:11:40,40.39,5400,40.38,U
sh603271,永杰新材,2025-09-30 10:15:10,40.36,8800,40.37,D
sh603271,永杰新材,2025-09-30 10:15:13,40.36,6400,40.36,U
sh603271,永杰新材,2025-09-30 10:15:19,40.33,10300,40.34,D
sh603271,永杰新材,2025-09-30 10:15:34,40.33,5000,40.32,E
sh603271,永杰新材,2025-09-30 10:30:13,40.45,7200,40.43,U
sh603271,永杰新材,2025-09-30 10:34:58,40.4,20000,40.42,D
sh603271,永杰新材,2025-09-30 10:40:43,40.4,7374,40.4,D
sh603271,永杰新材,2025-09-30 10:48:22,40.38,6500,40.37,U
sh603271,永杰新材,2025-09-30 10:48:34,40.36,5600,40.38,D
sh603271,永杰新材,2025-09-30 11:18:04,40.46,5000,40.44,U
sh603271,永杰新材,2025-09-30 11:19:58,40.42,5300,40.44,D
sh603271,永杰新材,2025-09-30 13:00:22,40.39,6500,40.41,D
sh603271,永杰新材,2025-09-30 13:00:28,40.38,9200,40.39,D
sh603271,永杰新材,2025-09-30 13:00:31,40.36,5648,40.38,D
sh603271,永杰新材,2025-09-30 13:01:10,40.34,8900,40.36,D
sh603271,永杰新材,2025-09-30 13:02:46,40.34,9000,40.35,D
sh603271,永杰新材,2025-09-30 13:04:49,40.35,9500,40.33,U
sh603271,永杰新材,2025-09-30 13:09:13,40.31,11200,40.33,D
sh603271,永杰新材,2025-09-30 13:09:16,40.26,27100,40.31,D
sh603271,永杰新材,2025-09-30 13:09:19,40.25,6300,40.26,D
sh603271,永杰新材,2025-09-30 13:11:40,40.35,18700,40.33,U
sh603271,永杰新材,2025-09-30 13:11:43,40.37,9700,40.35,U
sh603271,永杰新材,2025-09-30 13:16:28,40.48,7700,40.44,U
sh603271,永杰新材,2025-09-30 13:17:16,40.53,8800,40.49,U
sh603271,永杰新材,2025-09-30 13:17:28,40.55,8600,40.51,U
sh603271,永杰新材,2025-09-30 13:17:31,40.68,19000,40.55,U
sh603271,永杰新材,2025-09-30 13:22:31,40.61,8700,40.6,U
sh603271,永杰新材,2025-09-30 13:22:34,40.68,7600,40.61,U
sh603271,永杰新材,2025-09-30 13:23:04,40.69,6300,40.64,U
sh603271,永杰新材,2025-09-30 13:24:28,40.76,8600,40.75,U
sh603271,永杰新材,2025-09-30 13:25:04,40.75,9700,40.7,U
sh603271,永杰新材,2025-09-30 13:25:13,40.78,20300,40.75,U
sh603271,永杰新材,2025-09-30 13:25:34,40.78,5000,40.77,U
sh603271,永杰新材,2025-09-30 13:42:58,40.54,5484,40.54,D
sh603271,永杰新材,2025-09-30 13:43:13,40.54,5916,40.54,U
sh603271,永杰新材,2025-09-30 14:01:19,40.48,9400,40.47,U
sh603271,永杰新材,2025-09-30 14:08:04,40.55,6474,40.58,D
sh603271,永杰新材,2025-09-30 14:31:13,40.5,13600,40.5,D
sh603271,永杰新材,2025-09-30 14:37:40,40.44,5000,40.45,D
sh603271,永杰新材,2025-09-30 14:39:40,40.42,6300,40.43,D
sh603271,永杰新材,2025-09-30 14:41:49,40.42,9200,40.43,D
sh603271,永杰新材,2025-09-30 14:43:46,40.42,5000,40.42,D
sh603271,永杰新材,2025-09-30 14:44:04,40.4,5900,40.42,D
sh603271,永杰新材,2025-09-30 14:44:19,40.4,9800,40.41,D
sh603271,永杰新材,2025-09-30 14:46:25,40.4,6300,40.4,D
sh603271,永杰新材,2025-09-30 14:50:04,40.36,7200,40.37,D
sh603271,永杰新材,2025-09-30 14:50:10,40.34,17700,40.36,D
sh603271,永杰新材,2025-09-30 14:51:01,40.3,8400,40.31,D
sh603271,永杰新材,2025-09-30 14:51:04,40.3,5400,40.3,D
sh603271,永杰新材,2025-09-30 14:52:43,40.31,8396,40.33,D
sh603271,永杰新材,2025-09-30 14:53:37,40.3,5900,40.32,D
sh603271,永杰新材,2025-09-30 14:55:19,40.3,8170,40.31,D
sh603271,永杰新材,2025-09-30 14:56:01,40.28,11800,40.28,D
sh603271,永杰新材,2025-09-30 14:56:04,40.29,11100,40.28,U
sh603271,永杰新材,2025-09-30 14:56:07,40.29,5000,40.29,D
sh603271,永杰新材,2025-09-30 15:00:04,40.3,22700,40.3,U
