symbol,name,ticktime,price,volume,prev_price,kind
sh600550,保变电气,2025-10-10 09:25:01,8.64,357600,0.0,U
sh600550,保变电气,2025-10-10 09:30:03,8.62,54400,8.64,D
sh600550,保变电气,2025-10-10 09:30:06,8.6,130600,8.62,D
sh600550,保变电气,2025-10-10 09:30:09,8.65,967600,8.6,U
sh600550,保变电气,2025-10-10 09:30:12,8.6,283600,8.65,D
sh600550,保变电气,2025-10-10 09:30:15,8.6,113900,8.6,D
sh600550,保变电气,2025-10-10 09:30:18,8.62,275600,8.6,U
sh600550,保变电气,2025-10-10 09:30:21,8.6,115100,8.62,E
sh600550,保变电气,2025-10-10 09:30:24,8.61,85900,8.6,U
sh600550,保变电气,2025-10-10 09:30:27,8.6,213300,8.61,E
sh600550,保变电气,2025-10-10 09:30:30,8.59,100100,8.6,E
sh600550,保变电气,2025-10-10 09:30:33,8.6,319900,8.59,U
sh600550,保变电气,2025-10-10 09:30:36,8.6,98500,8.6,U
sh600550,保变电气,2025-10-10 09:30:39,8.6,101000,8.6,U
sh600550,保变电气,2025-10-10 09:30:42,8.6,62700,8.6,D
sh600550,保变电气,2025-10-10 09:30:45,8.59,22600,8.6,D
sh600550,保变电气,2025-10-10 09:30:48,8.61,42700,8.59,U
sh600550,保变电气,2025-10-10 09:30:51,8.62,68800,8.61,U
sh600550,保变电气,2025-10-10 09:30:54,8.63,203100,8.62,U
sh600550,保变电气,2025-10-10 09:30:57,8.63,49800,8.63,D
sh600550,保变电气,2025-10-10 09:31:00,8.62,49902,8.63,D
sh600550,保变电气,2025-10-10 09:31:03,8.63,70000,8.62,U
sh600550,保变电气,2025-10-10 09:31:06,8.63,108400,8.63,U
sh600550,保变电气,2025-10-10 09:31:09,8.63,116100,8.63,U
sh600550,保变电气,2025-10-10 09:31:12,8.64,70500,8.63,U
sh600550,保变电气,2025-10-10 09:31:15,8.64,75000,8.64,D
sh600550,保变电气,2025-10-10 09:31:18,8.66,106400,8.64,U
sh600550,保变电气,2025-10-10 09:31:21,8.65,58000,8.66,D
sh600550,保变电气,2025-10-10 09:31:24,8.66,104300,8.65,U
sh600550,保变电气,2025-10-10 09:31:27,8.66,71500,8.66,U
sh600550,保变电气,2025-10-10 09:31:30,8.66,54900,8.66,U
sh600550,保变电气,2025-10-10 09:31:33,8.67,25400,8.66,U
sh600550,保变电气,2025-10-10 09:31:36,8.67,103100,8.67,U
sh600550,保变电气,2025-10-10 09:31:39,8.67,40600,8.67,U
sh600550,保变电气,2025-10-10 09:31:42,8.68,51400,8.67,U
sh600550,保变电气,2025-10-10 09:31:45,8.68,177800,8.68,U
sh600550,保变电气,2025-10-10 09:31:48,8.69,41200,8.68,U
sh600550,保变电气,2025-10-10 09:31:51,8.69,57300,8.69,U
sh600550,保变电气,2025-10-10 09:31:54,8.68,94100,8.69,D
sh600550,保变电气,2025-10-10 09:31:57,8.7,47900,8.68,U
sh600550,保变电气,2025-10-10 09:32:00,8.7,85500,8.7,U
sh600550,保变电气,2025-10-10 09:32:03,8.7,98600,8.7,U
sh600550,保变电气,2025-10-10 09:32:06,8.71,138300,8.7,U
sh600550,保变电气,2025-10-10 09:32:09,8.71,89600,8.71,U
sh600550,保变电气,2025-10-10 09:32:12,8.71,32700,8.71,D
sh600550,保变电气,2025-10-10 09:32:15,8.71,229800,8.71,D
sh600550,保变电气,2025-10-10 09:32:18,8.71,234400,8.71,D
sh600550,保变电气,2025-10-10 09:32:21,8.71,127700,8.71,D
sh600550,保变电气,2025-10-10 09:32:24,8.72,180600,8.71,U
sh600550,保变电气,2025-10-10 09:32:27,8.72,129800,8.72,U
sh600550,保变电气,2025-10-10 09:32:30,8.72,231000,8.72,D
sh600550,保变电气,2025-10-10 09:32:33,8.72,62400,8.72,D
sh600550,保变电气,2025-10-10 09:32:36,8.72,99700,8.72,D
sh600550,保变电气,2025-10-10 09:32:39,8.72,80900,8.72,D
sh600550,保变电气,2025-10-10 09:32:42,8.73,91600,8.72,U
sh600550,保变电气,2025-10-10 09:32:45,8.73,79600,8.73,D
sh600550,保变电气,2025-10-10 09:32:48,8.73,54900,8.73,D
sh600550,保变电气,2025-10-10 09:32:51,8.73,127700,8.73,D
sh600550,保变电气,2025-10-10 09:32:54,8.74,28800,8.73,U
sh600550,保变电气,2025-10-10 09:32:57,8.73,171500,8.74,D
sh600550,保变电气,2025-10-10 09:33:00,8.74,115900,8.73,E
sh600550,保变电气,2025-10-10 09:33:03,8.74,217200,8.74,D
sh600550,保变电气,2025-10-10 09:33:06,8.75,238031,8.74,U
sh600550,保变电气,2025-10-10 09:33:09,8.76,95300,8.75,U
sh600550,保变电气,2025-10-10 09:33:12,8.76,77900,8.76,U
sh600550,保变电气,2025-10-10 09:33:15,8.77,22300,8.76,U
sh600550,保变电气,2025-10-10 09:33:18,8.77,108200,8.77,U
sh600550,保变电气,2025-10-10 09:33:21,8.78,75500,8.77,U
sh600550,保变电气,2025-10-10 09:33:24,8.78,79900,8.78,U
sh600550,保变电气,2025-10-10 09:33:27,8.78,72700,8.78,D
sh600550,保变电气,2025-10-10 09:33:30,8.79,126700,8.78,U
sh600550,保变电气,2025-10-10 09:33:33,8.79,73200,8.79,U
sh600550,保变电气,2025-10-10 09:33:36,8.8,122000,8.79,U
sh600550,保变电气,2025-10-10 09:33:39,8.79,71300,8.8,D
sh600550,保变电气,2025-10-10 09:33:42,8.8,182200,8.79,U
sh600550,保变电气,2025-10-10 09:33:45,8.8,164600,8.8,U
sh600550,保变电气,2025-10-10 09:33:48,8.8,204700,8.8,U
sh600550,保变电气,2025-10-10 09:33:51,8.8,127600,8.8,U
sh600550,保变电气,2025-10-10 09:33:54,8.8,170400,8.8,D
sh600550,保变电气,2025-10-10 09:33:57,8.8,112200,8.8,U
sh600550,保变电气,2025-10-10 09:34:00,8.79,198800,8.8,D
sh600550,保变电气,2025-10-10 09:34:03,8.78,277200,8.79,D
sh600550,保变电气,2025-10-10 09:34:06,8.77,68200,8.78,U
sh600550,保变电气,2025-10-10 09:34:09,8.76,36200,8.77,U
sh600550,保变电气,2025-10-10 09:34:12,8.75,44600,8.76,D
sh600550,保变电气,2025-10-10 09:34:15,8.75,118300,8.75,U
sh600550,保变电气,2025-10-10 09:34:18,8.76,94500,8.75,U
sh600550,保变电气,2025-10-10 09:34:21,8.77,36000,8.76,U
sh600550,保变电气,2025-10-10 09:34:24,8.77,22700,8.77,D
sh600550,保变电气,2025-10-10 09:34:27,8.77,48900,8.77,D
sh600550,保变电气,2025-10-10 09:34:30,8.76,76900,8.77,D
sh600550,保变电气,2025-10-10 09:34:33,8.76,261300,8.76,D
sh600550,保变电气,2025-10-10 09:34:36,8.76,38600,8.76,U
sh600550,保变电气,2025-10-10 09:34:39,8.75,102700,8.76,D
sh600550,保变电气,2025-10-10 09:34:42,8.75,51000,8.75,U
sh600550,保变电气,2025-10-10 09:34:45,8.74,61400,8.75,D
sh600550,保变电气,2025-10-10 09:34:48,8.72,20700,8.74,D
sh600550,保变电气,2025-10-10 09:34:51,8.73,56900,8.72,E
sh600550,保变电气,2025-10-10 09:34:54,8.73,46000,8.73,D
sh600550,保变电气,2025-10-10 09:34:57,8.74,29500,8.73,U
sh600550,保变电气,2025-10-10 09:35:03,8.74,33900,8.73,U
sh600550,保变电气,2025-10-10 09:35:06,8.75,25900,8.74,U
sh600550,保变电气,2025-10-10 09:35:09,8.74,128600,8.75,D
sh600550,保变电气,2025-10-10 09:35:12,8.75,54200,8.74,U
sh600550,保变电气,2025-10-10 09:35:15,8.74,26600,8.75,D
sh600550,保变电气,2025-10-10 09:35:18,8.75,96490,8.74,U
sh600550,保变电气,2025-10-10 09:35:24,8.75,48100,8.75,U
sh600550,保变电气,2025-10-10 09:35:27,8.75,55100,8.75,D
sh600550,保变电气,2025-10-10 09:35:30,8.72,52000,8.75,D
sh600550,保变电气,2025-10-10 09:35:33,8.74,77200,8.72,U
sh600550,保变电气,2025-10-10 09:35:36,8.74,27100,8.74,U
sh600550,保变电气,2025-10-10 09:35:42,8.74,91000,8.74,U
sh600550,保变电气,2025-10-10 09:35:45,8.72,35700,8.74,D
sh600550,保变电气,2025-10-10 09:35:51,8.73,25900,8.74,D
sh600550,保变电气,2025-10-10 09:35:54,8.73,27200,8.73,D
sh600550,保变电气,2025-10-10 09:35:57,8.73,52700,8.73,D
sh600550,保变电气,2025-10-10 09:36:00,8.73,20600,8.73,U
sh600550,保变电气,2025-10-10 09:36:03,8.72,58200,8.73,D
sh600550,保变电气,2025-10-10 09:36:06,8.72,63600,8.72,D
sh600550,保变电气,2025-10-10 09:36:09,8.71,25210,8.72,D
sh600550,保变电气,2025-10-10 09:36:12,8.72,32390,8.71,U
sh600550,保变电气,2025-10-10 09:36:15,8.72,44100,8.72,D
sh600550,保变电气,2025-10-10 09:36:21,8.71,92100,8.72,D
sh600550,保变电气,2025-10-10 09:36:24,8.72,70500,8.71,U
sh600550,保变电气,2025-10-10 09:36:27,8.71,37900,8.72,D
sh600550,保变电气,2025-10-10 09:36:33,8.72,32400,8.71,U
sh600550,保变电气,2025-10-10 09:36:36,8.72,40100,8.72,D
sh600550,保变电气,2025-10-10 09:36:39,8.72,42500,8.72,D
sh600550,保变电气,2025-10-10 09:36:42,8.73,23800,8.72,U
sh600550,保变电气,2025-10-10 09:36:45,8.72,27000,8.73,U
sh600550,保变电气,2025-10-10 09:36:48,8.72,21900,8.72,D
sh600550,保变电气,2025-10-10 09:36:51,8.72,22300,8.72,D
sh600550,保变电气,2025-10-10 09:36:57,8.72,29900,8.72,D
sh600550,保变电气,2025-10-10 09:37:00,8.72,49600,8.72,D
sh600550,保变电气,2025-10-10 09:37:03,8.72,44000,8.72,D
sh600550,保变电气,2025-10-10 09:37:06,8.72,22400,8.72,U
sh600550,保变电气,2025-10-10 09:37:09,8.72,68000,8.72,U
sh600550,保变电气,2025-10-10 09:37:12,8.72,45000,8.72,D
sh600550,保变电气,2025-10-10 09:37:15,8.72,37000,8.72,D
sh600550,保变电气,2025-10-10 09:37:21,8.73,68000,8.72,U
sh600550,保变电气,2025-10-10 09:37:36,8.73,85200,8.73,U
sh600550,保变电气,2025-10-10 09:37:45,8.74,23400,8.73,U
sh600550,保变电气,2025-10-10 09:37:54,8.74,41200,8.73,U
sh600550,保变电气,2025-10-10 09:38:00,8.74,38000,8.73,U
sh600550,保变电气,2025-10-10 09:38:06,8.75,25900,8.75,U
sh600550,保变电气,2025-10-10 09:38:09,8.75,36000,8.75,U
sh600550,保变电气,2025-10-10 09:38:15,8.74,64600,8.75,D
sh600550,保变电气,2025-10-10 09:38:18,8.75,46600,8.74,U
sh600550,保变电气,2025-10-10 09:38:21,8.75,42700,8.75,U
sh600550,保变电气,2025-10-10 09:38:27,8.76,84600,8.75,U
sh600550,保变电气,2025-10-10 09:38:30,8.75,26600,8.76,D
sh600550,保变电气,2025-10-10 09:38:36,8.76,21100,8.75,U
sh600550,保变电气,2025-10-10 09:38:39,8.75,58800,8.76,D
sh600550,保变电气,2025-10-10 09:38:45,8.76,70600,8.76,U
sh600550,保变电气,2025-10-10 09:38:48,8.75,35300,8.76,E
sh600550,保变电气,2025-10-10 09:38:51,8.74,21300,8.75,D
sh600550,保变电气,2025-10-10 09:38:54,8.75,168600,8.74,U
sh600550,保变电气,2025-10-10 09:39:00,8.74,67900,8.75,D
sh600550,保变电气,2025-10-10 09:39:03,8.74,99300,8.74,D
sh600550,保变电气,2025-10-10 09:39:06,8.75,36400,8.74,U
sh600550,保变电气,2025-10-10 09:39:09,8.74,45100,8.75,D
sh600550,保变电气,2025-10-10 09:39:12,8.75,88200,8.74,U
sh600550,保变电气,2025-10-10 09:39:18,8.75,27100,8.75,D
sh600550,保变电气,2025-10-10 09:39:21,8.75,27900,8.75,D
sh600550,保变电气,2025-10-10 09:39:24,8.75,60500,8.75,U
sh600550,保变电气,2025-10-10 09:39:33,8.75,41800,8.74,U
sh600550,保变电气,2025-10-10 09:39:39,8.75,109500,8.75,D
sh600550,保变电气,2025-10-10 09:39:42,8.75,21200,8.75,D
sh600550,保变电气,2025-10-10 09:39:51,8.75,43200,8.75,U
sh600550,保变电气,2025-10-10 09:39:54,8.75,94100,8.75,U
sh600550,保变电气,2025-10-10 09:40:00,8.75,75200,8.74,U
sh600550,保变电气,2025-10-10 09:40:03,8.74,41100,8.75,D
sh600550,保变电气,2025-10-10 09:40:09,8.75,50500,8.74,U
sh600550,保变电气,2025-10-10 09:40:21,8.74,26300,8.74,U
sh600550,保变电气,2025-10-10 09:40:30,8.73,36600,8.73,D
sh600550,保变电气,2025-10-10 09:40:36,8.73,72400,8.73,D
sh600550,保变电气,2025-10-10 09:40:51,8.72,105200,8.72,D
sh600550,保变电气,2025-10-10 09:40:54,8.72,80700,8.72,U
sh600550,保变电气,2025-10-10 09:41:00,8.71,29400,8.71,D
sh600550,保变电气,2025-10-10 09:41:03,8.73,90000,8.71,U
sh600550,保变电气,2025-10-10 09:41:06,8.71,41000,8.73,D
sh600550,保变电气,2025-10-10 09:41:09,8.72,24600,8.71,E
sh600550,保变电气,2025-10-10 09:41:12,8.72,35780,8.72,D
sh600550,保变电气,2025-10-10 09:41:21,8.71,89930,8.71,D
sh600550,保变电气,2025-10-10 09:41:24,8.71,30370,8.71,U
sh600550,保变电气,2025-10-10 09:41:30,8.7,21300,8.71,D
sh600550,保变电气,2025-10-10 09:41:36,8.7,44000,8.7,D
sh600550,保变电气,2025-10-10 09:41:39,8.7,36700,8.7,D
sh600550,保变电气,2025-10-10 09:41:42,8.7,49200,8.7,D
sh600550,保变电气,2025-10-10 09:41:45,8.7,26890,8.7,D
sh600550,保变电气,2025-10-10 09:41:48,8.71,69500,8.7,U
sh600550,保变电气,2025-10-10 09:41:54,8.71,20200,8.71,U
sh600550,保变电气,2025-10-10 09:42:06,8.71,88200,8.71,U
sh600550,保变电气,2025-10-10 09:42:18,8.71,30200,8.71,D
sh600550,保变电气,2025-10-10 09:42:21,8.71,20100,8.71,U
sh600550,保变电气,2025-10-10 09:42:24,8.71,26000,8.71,D
sh600550,保变电气,2025-10-10 09:42:36,8.7,37300,8.7,D
sh600550,保变电气,2025-10-10 09:42:39,8.7,47100,8.7,D
sh600550,保变电气,2025-10-10 09:42:48,8.7,26000,8.7,D
sh600550,保变电气,2025-10-10 09:42:51,8.71,29900,8.7,U
sh600550,保变电气,2025-10-10 09:42:54,8.7,24000,8.71,D
sh600550,保变电气,2025-10-10 09:42:57,8.71,116300,8.7,U
sh600550,保变电气,2025-10-10 09:43:00,8.7,21400,8.71,D
sh600550,保变电气,2025-10-10 09:43:03,8.7,83810,8.7,D
sh600550,保变电气,2025-10-10 09:43:06,8.7,27400,8.7,U
sh600550,保变电气,2025-10-10 09:43:12,8.69,23100,8.7,D
sh600550,保变电气,2025-10-10 09:43:15,8.69,72100,8.69,D
sh600550,保变电气,2025-10-10 09:43:18,8.7,260990,8.69,U
sh600550,保变电气,2025-10-10 09:43:21,8.7,40000,8.7,D
sh600550,保变电气,2025-10-10 09:43:24,8.7,24300,8.7,D
sh600550,保变电气,2025-10-10 09:43:27,8.69,28600,8.7,D
sh600550,保变电气,2025-10-10 09:43:45,8.69,40300,8.69,D
sh600550,保变电气,2025-10-10 09:43:48,8.69,34348,8.69,D
sh600550,保变电气,2025-10-10 09:43:54,8.68,103400,8.68,D
sh600550,保变电气,2025-10-10 09:44:00,8.68,67700,8.68,D
sh600550,保变电气,2025-10-10 09:44:12,8.67,82500,8.67,D
sh600550,保变电气,2025-10-10 09:44:18,8.67,249500,8.66,U
sh600550,保变电气,2025-10-10 09:44:21,8.67,109500,8.67,D
sh600550,保变电气,2025-10-10 09:44:27,8.67,59600,8.67,D
sh600550,保变电气,2025-10-10 09:44:30,8.67,21100,8.67,D
sh600550,保变电气,2025-10-10 09:44:33,8.68,50100,8.67,U
sh600550,保变电气,2025-10-10 09:44:48,8.68,27900,8.68,D
sh600550,保变电气,2025-10-10 09:45:03,8.68,56900,8.68,U
sh600550,保变电气,2025-10-10 09:45:15,8.67,30300,8.67,D
sh600550,保变电气,2025-10-10 09:45:27,8.67,29900,8.67,D
sh600550,保变电气,2025-10-10 09:45:33,8.67,29700,8.68,D
sh600550,保变电气,2025-10-10 09:45:42,8.67,45400,8.68,D
sh600550,保变电气,2025-10-10 09:45:51,8.68,60000,8.68,U
sh600550,保变电气,2025-10-10 09:45:54,8.67,23800,8.68,D
sh600550,保变电气,2025-10-10 09:45:57,8.67,27500,8.67,D
sh600550,保变电气,2025-10-10 09:46:00,8.68,39000,8.67,U
sh600550,保变电气,2025-10-10 09:46:09,8.67,59000,8.68,D
sh600550,保变电气,2025-10-10 09:46:21,8.67,30600,8.67,D
sh600550,保变电气,2025-10-10 09:46:33,8.67,30000,8.67,D
sh600550,保变电气,2025-10-10 09:46:39,8.67,56800,8.66,U
sh600550,保变电气,2025-10-10 09:46:51,8.67,23400,8.67,D
sh600550,保变电气,2025-10-10 09:47:09,8.67,26500,8.67,U
sh600550,保变电气,2025-10-10 09:47:15,8.67,25300,8.67,D
sh600550,保变电气,2025-10-10 09:47:21,8.66,23600,8.67,D
sh600550,保变电气,2025-10-10 09:47:27,8.67,21900,8.67,U
sh600550,保变电气,2025-10-10 09:47:33,8.66,31500,8.66,D
sh600550,保变电气,2025-10-10 09:48:06,8.66,65900,8.67,D
sh600550,保变电气,2025-10-10 09:48:09,8.67,46200,8.66,U
sh600550,保变电气,2025-10-10 09:48:15,8.66,21100,8.66,D
sh600550,保变电气,2025-10-10 09:48:18,8.67,27500,8.66,U
sh600550,保变电气,2025-10-10 09:48:27,8.66,23900,8.67,D
sh600550,保变电气,2025-10-10 09:48:33,8.67,37600,8.67,U
sh600550,保变电气,2025-10-10 09:49:06,8.66,22400,8.67,D
sh600550,保变电气,2025-10-10 09:49:51,8.67,84600,8.67,D
sh600550,保变电气,2025-10-10 09:50:00,8.66,34900,8.67,D
sh600550,保变电气,2025-10-10 09:50:03,8.66,21300,8.66,D
sh600550,保变电气,2025-10-10 09:50:06,8.66,191200,8.66,D
sh600550,保变电气,2025-10-10 09:50:21,8.67,34700,8.65,U
sh600550,保变电气,2025-10-10 09:50:39,8.66,32200,8.65,U
sh600550,保变电气,2025-10-10 09:51:09,8.66,49500,8.65,U
sh600550,保变电气,2025-10-10 09:51:12,8.65,27500,8.66,D
sh600550,保变电气,2025-10-10 09:51:18,8.65,89000,8.66,D
sh600550,保变电气,2025-10-10 09:51:21,8.65,22000,8.65,D
sh600550,保变电气,2025-10-10 09:51:30,8.65,20800,8.66,D
sh600550,保变电气,2025-10-10 09:51:39,8.65,20900,8.65,D
sh600550,保变电气,2025-10-10 09:51:48,8.66,34700,8.65,U
sh600550,保变电气,2025-10-10 09:52:00,8.65,21800,8.65,D
sh600550,保变电气,2025-10-10 09:52:03,8.65,24600,8.65,D
sh600550,保变电气,2025-10-10 09:52:09,8.65,55600,8.65,D
sh600550,保变电气,2025-10-10 09:52:39,8.65,89600,8.66,D
sh600550,保变电气,2025-10-10 09:53:51,8.67,69500,8.67,U
sh600550,保变电气,2025-10-10 09:54:03,8.67,20500,8.66,U
sh600550,保变电气,2025-10-10 09:54:09,8.66,21900,8.67,D
sh600550,保变电气,2025-10-10 09:54:18,8.67,21000,8.66,U
sh600550,保变电气,2025-10-10 09:54:24,8.68,32200,8.67,U
sh600550,保变电气,2025-10-10 09:54:54,8.67,30600,8.67,D
sh600550,保变电气,2025-10-10 09:55:09,8.68,20200,8.67,U
sh600550,保变电气,2025-10-10 09:55:18,8.68,77700,8.68,U
sh600550,保变电气,2025-10-10 09:55:30,8.68,48900,8.69,D
sh600550,保变电气,2025-10-10 09:56:09,8.7,261500,8.7,U
sh600550,保变电气,2025-10-10 09:56:12,8.7,54400,8.7,U
sh600550,保变电气,2025-10-10 09:56:18,8.69,52100,8.7,D
sh600550,保变电气,2025-10-10 09:56:21,8.69,28600,8.69,U
sh600550,保变电气,2025-10-10 09:56:27,8.68,126300,8.69,D
sh600550,保变电气,2025-10-10 09:56:36,8.69,28700,8.69,U
sh600550,保变电气,2025-10-10 09:56:51,8.7,36300,8.69,U
sh600550,保变电气,2025-10-10 09:57:09,8.7,25500,8.7,D
sh600550,保变电气,2025-10-10 09:57:15,8.7,35000,8.7,D
sh600550,保变电气,2025-10-10 09:57:18,8.7,25300,8.7,D
sh600550,保变电气,2025-10-10 09:57:27,8.69,20700,8.7,D
sh600550,保变电气,2025-10-10 09:58:54,8.71,243900,8.7,U
sh600550,保变电气,2025-10-10 09:58:57,8.71,20400,8.71,D
sh600550,保变电气,2025-10-10 09:59:03,8.69,315700,8.72,D
sh600550,保变电气,2025-10-10 09:59:18,8.7,21659,8.7,D
sh600550,保变电气,2025-10-10 09:59:21,8.7,20641,8.7,D
sh600550,保变电气,2025-10-10 09:59:33,8.69,40800,8.7,D
sh600550,保变电气,2025-10-10 09:59:39,8.7,61700,8.7,U
sh600550,保变电气,2025-10-10 09:59:42,8.7,35400,8.7,D
sh600550,保变电气,2025-10-10 10:00:03,8.68,188300,8.7,D
sh600550,保变电气,2025-10-10 10:00:12,8.68,22900,8.68,D
sh600550,保变电气,2025-10-10 10:00:18,8.68,50600,8.68,D
sh600550,保变电气,2025-10-10 10:00:39,8.67,56300,8.67,D
sh600550,保变电气,2025-10-10 10:00:42,8.67,54000,8.67,D
sh600550,保变电气,2025-10-10 10:00:45,8.67,93400,8.67,D
sh600550,保变电气,2025-10-10 10:00:57,8.67,22900,8.67,U
sh600550,保变电气,2025-10-10 10:01:21,8.68,62100,8.68,U
sh600550,保变电气,2025-10-10 10:02:03,8.68,22600,8.67,U
sh600550,保变电气,2025-10-10 10:02:06,8.67,25500,8.68,D
sh600550,保变电气,2025-10-10 10:02:42,8.68,37600,8.67,U
sh600550,保变电气,2025-10-10 10:02:45,8.68,28300,8.68,D
sh600550,保变电气,2025-10-10 10:03:39,8.68,22200,8.69,D
sh600550,保变电气,2025-10-10 10:03:42,8.68,106300,8.68,D
sh600550,保变电气,2025-10-10 10:03:57,8.68,43200,8.69,D
sh600550,保变电气,2025-10-10 10:04:30,8.68,21200,8.68,U
sh600550,保变电气,2025-10-10 10:04:36,8.68,52600,8.68,D
sh600550,保变电气,2025-10-10 10:04:57,8.69,28300,8.68,U
sh600550,保变电气,2025-10-10 10:05:21,8.7,24300,8.69,U
sh600550,保变电气,2025-10-10 10:05:24,8.7,35400,8.7,U
sh600550,保变电气,2025-10-10 10:05:42,8.69,30000,8.7,D
sh600550,保变电气,2025-10-10 10:05:45,8.69,20500,8.69,D
sh600550,保变电气,2025-10-10 10:05:48,8.69,26400,8.69,D
sh600550,保变电气,2025-10-10 10:06:15,8.7,21900,8.69,U
sh600550,保变电气,2025-10-10 10:07:06,8.69,25500,8.69,D
sh600550,保变电气,2025-10-10 10:07:18,8.7,48600,8.69,U
sh600550,保变电气,2025-10-10 10:07:36,8.7,30700,8.7,U
sh600550,保变电气,2025-10-10 10:08:24,8.7,26900,8.69,U
sh600550,保变电气,2025-10-10 10:09:21,8.68,25790,8.69,D
sh600550,保变电气,2025-10-10 10:10:24,8.68,31700,8.68,D
sh600550,保变电气,2025-10-10 10:10:27,8.68,102300,8.68,D
sh600550,保变电气,2025-10-10 10:10:36,8.68,22700,8.67,U
sh600550,保变电气,2025-10-10 10:10:39,8.67,28200,8.68,D
sh600550,保变电气,2025-10-10 10:10:54,8.67,23800,8.68,D
sh600550,保变电气,2025-10-10 10:11:39,8.67,26900,8.67,D
sh600550,保变电气,2025-10-10 10:11:48,8.67,21600,8.68,D
sh600550,保变电气,2025-10-10 10:12:24,8.67,195500,8.67,D
sh600550,保变电气,2025-10-10 10:13:33,8.66,46900,8.66,D
sh600550,保变电气,2025-10-10 10:14:54,8.66,41500,8.66,D
sh600550,保变电气,2025-10-10 10:14:57,8.66,37900,8.66,D
sh600550,保变电气,2025-10-10 10:15:27,8.66,95690,8.66,D
sh600550,保变电气,2025-10-10 10:16:03,8.65,193100,8.66,D
sh600550,保变电气,2025-10-10 10:16:12,8.65,43300,8.65,D
sh600550,保变电气,2025-10-10 10:16:18,8.65,41900,8.65,D
sh600550,保变电气,2025-10-10 10:16:42,8.65,27100,8.65,D
sh600550,保变电气,2025-10-10 10:16:48,8.65,60200,8.65,D
sh600550,保变电气,2025-10-10 10:16:51,8.65,21100,8.65,D
sh600550,保变电气,2025-10-10 10:17:03,8.65,74100,8.65,D
sh600550,保变电气,2025-10-10 10:17:21,8.65,34400,8.64,U
sh600550,保变电气,2025-10-10 10:17:36,8.65,79900,8.64,U
sh600550,保变电气,2025-10-10 10:17:42,8.65,40100,8.65,D
sh600550,保变电气,2025-10-10 10:18:00,8.66,20600,8.66,U
sh600550,保变电气,2025-10-10 10:18:33,8.66,43100,8.66,U
sh600550,保变电气,2025-10-10 10:18:36,8.71,791300,8.66,U
sh600550,保变电气,2025-10-10 10:18:39,8.72,208800,8.71,U
sh600550,保变电气,2025-10-10 10:18:42,8.73,42000,8.72,U
sh600550,保变电气,2025-10-10 10:18:45,8.72,33400,8.73,D
sh600550,保变电气,2025-10-10 10:18:48,8.73,20600,8.72,U
sh600550,保变电气,2025-10-10 10:18:54,8.72,37200,8.73,E
sh600550,保变电气,2025-10-10 10:18:57,8.73,23000,8.72,U
sh600550,保变电气,2025-10-10 10:19:09,8.72,45700,8.73,E
sh600550,保变电气,2025-10-10 10:19:27,8.72,21100,8.71,U
sh600550,保变电气,2025-10-10 10:19:30,8.71,24800,8.72,D
sh600550,保变电气,2025-10-10 10:19:42,8.71,28500,8.71,D
sh600550,保变电气,2025-10-10 10:19:51,8.72,20100,8.71,U
sh600550,保变电气,2025-10-10 10:20:00,8.72,20000,8.72,U
sh600550,保变电气,2025-10-10 10:20:12,8.71,21900,8.71,D
sh600550,保变电气,2025-10-10 10:21:03,8.71,70600,8.72,D
sh600550,保变电气,2025-10-10 10:21:12,8.71,37100,8.71,D
sh600550,保变电气,2025-10-10 10:23:39,8.7,21300,8.7,U
sh600550,保变电气,2025-10-10 10:25:03,8.69,36800,8.7,D
sh600550,保变电气,2025-10-10 10:25:45,8.68,33000,8.68,D
sh600550,保变电气,2025-10-10 10:25:51,8.69,23600,8.69,U
sh600550,保变电气,2025-10-10 10:27:00,8.69,31100,8.69,U
sh600550,保变电气,2025-10-10 10:28:18,8.68,32000,8.69,D
sh600550,保变电气,2025-10-10 10:30:09,8.69,23300,8.7,D
sh600550,保变电气,2025-10-10 10:30:48,8.7,34400,8.69,U
sh600550,保变电气,2025-10-10 10:30:54,8.71,137600,8.7,U
sh600550,保变电气,2025-10-10 10:31:12,8.71,72300,8.71,U
sh600550,保变电气,2025-10-10 10:33:12,8.72,27700,8.72,U
sh600550,保变电气,2025-10-10 10:33:15,8.73,140900,8.72,U
sh600550,保变电气,2025-10-10 10:33:18,8.73,109600,8.73,U
sh600550,保变电气,2025-10-10 10:33:24,8.74,23700,8.74,U
sh600550,保变电气,2025-10-10 10:33:27,8.75,90800,8.74,U
sh600550,保变电气,2025-10-10 10:33:33,8.75,45900,8.75,U
sh600550,保变电气,2025-10-10 10:33:48,8.75,62600,8.75,U
sh600550,保变电气,2025-10-10 10:33:57,8.75,22500,8.75,U
sh600550,保变电气,2025-10-10 10:34:18,8.75,22000,8.75,U
sh600550,保变电气,2025-10-10 10:34:21,8.74,50300,8.75,D
sh600550,保变电气,2025-10-10 10:34:24,8.74,54900,8.74,D
sh600550,保变电气,2025-10-10 10:34:27,8.74,29200,8.74,D
sh600550,保变电气,2025-10-10 10:34:45,8.74,38900,8.74,D
sh600550,保变电气,2025-10-10 10:35:06,8.74,31800,8.74,U
sh600550,保变电气,2025-10-10 10:36:48,8.73,20500,8.73,U
sh600550,保变电气,2025-10-10 10:37:24,8.73,36200,8.72,U
sh600550,保变电气,2025-10-10 10:38:33,8.73,34500,8.73,U
sh600550,保变电气,2025-10-10 10:38:51,8.73,26000,8.73,U
sh600550,保变电气,2025-10-10 10:39:48,8.74,53100,8.74,U
sh600550,保变电气,2025-10-10 10:41:03,8.73,30700,8.73,D
sh600550,保变电气,2025-10-10 10:41:42,8.73,20700,8.73,D
sh600550,保变电气,2025-10-10 10:42:27,8.72,28700,8.72,D
sh600550,保变电气,2025-10-10 10:42:30,8.73,24000,8.72,U
sh600550,保变电气,2025-10-10 10:43:45,8.72,25100,8.72,D
sh600550,保变电气,2025-10-10 10:45:03,8.73,50000,8.73,U
sh600550,保变电气,2025-10-10 10:45:33,8.73,39500,8.73,U
sh600550,保变电气,2025-10-10 10:46:00,8.73,21900,8.73,U
sh600550,保变电气,2025-10-10 10:47:42,8.72,34200,8.72,D
sh600550,保变电气,2025-10-10 10:49:24,8.72,47300,8.73,D
sh600550,保变电气,2025-10-10 10:51:27,8.72,41200,8.72,D
sh600550,保变电气,2025-10-10 10:53:24,8.71,80800,8.71,D
sh600550,保变电气,2025-10-10 10:53:30,8.71,20100,8.71,D
sh600550,保变电气,2025-10-10 10:53:45,8.71,33200,8.71,D
sh600550,保变电气,2025-10-10 10:55:42,8.71,20200,8.71,U
sh600550,保变电气,2025-10-10 10:55:45,8.71,21800,8.71,U
sh600550,保变电气,2025-10-10 10:57:36,8.72,24900,8.72,U
sh600550,保变电气,2025-10-10 10:57:45,8.72,34500,8.72,U
sh600550,保变电气,2025-10-10 10:57:48,8.72,61340,8.72,U
sh600550,保变电气,2025-10-10 10:57:54,8.73,104400,8.72,U
sh600550,保变电气,2025-10-10 10:57:57,8.72,64200,8.73,D
sh600550,保变电气,2025-10-10 10:58:00,8.73,26900,8.72,U
sh600550,保变电气,2025-10-10 10:58:03,8.73,28600,8.73,U
sh600550,保变电气,2025-10-10 10:58:21,8.74,81600,8.73,U
sh600550,保变电气,2025-10-10 10:58:24,8.74,25800,8.74,U
sh600550,保变电气,2025-10-10 10:58:54,8.75,50000,8.74,U
sh600550,保变电气,2025-10-10 10:59:24,8.74,33000,8.75,D
sh600550,保变电气,2025-10-10 10:59:33,8.75,28800,8.74,U
sh600550,保变电气,2025-10-10 10:59:42,8.74,22500,8.74,D
sh600550,保变电气,2025-10-10 10:59:57,8.75,75700,8.74,U
sh600550,保变电气,2025-10-10 11:00:09,8.75,26800,8.75,U
sh600550,保变电气,2025-10-10 11:00:21,8.76,491836,8.75,U
sh600550,保变电气,2025-10-10 11:00:24,8.76,67700,8.76,U
sh600550,保变电气,2025-10-10 11:00:39,8.76,79500,8.76,U
sh600550,保变电气,2025-10-10 11:00:42,8.76,30800,8.76,U
sh600550,保变电气,2025-10-10 11:00:45,8.76,29000,8.76,U
sh600550,保变电气,2025-10-10 11:00:48,8.76,35300,8.76,U
sh600550,保变电气,2025-10-10 11:00:51,8.76,122500,8.76,U
sh600550,保变电气,2025-10-10 11:00:54,8.76,28054,8.76,U
sh600550,保变电气,2025-10-10 11:01:09,8.77,83000,8.77,U
sh600550,保变电气,2025-10-10 11:01:15,8.77,21400,8.77,U
sh600550,保变电气,2025-10-10 11:01:24,8.76,48100,8.77,D
sh600550,保变电气,2025-10-10 11:01:33,8.77,29000,8.77,U
sh600550,保变电气,2025-10-10 11:01:36,8.77,24900,8.77,U
sh600550,保变电气,2025-10-10 11:01:39,8.77,28400,8.77,U
sh600550,保变电气,2025-10-10 11:01:42,8.77,50200,8.77,U
sh600550,保变电气,2025-10-10 11:01:48,8.76,25200,8.77,D
sh600550,保变电气,2025-10-10 11:02:12,8.77,20600,8.76,U
sh600550,保变电气,2025-10-10 11:02:18,8.77,31600,8.77,U
sh600550,保变电气,2025-10-10 11:02:54,8.75,70200,8.75,D
sh600550,保变电气,2025-10-10 11:03:21,8.75,55600,8.75,D
sh600550,保变电气,2025-10-10 11:03:24,8.76,24900,8.75,U
sh600550,保变电气,2025-10-10 11:04:39,8.75,27700,8.75,D
sh600550,保变电气,2025-10-10 11:05:09,8.75,28600,8.75,D
sh600550,保变电气,2025-10-10 11:05:24,8.74,51000,8.74,D
sh600550,保变电气,2025-10-10 11:05:45,8.75,74400,8.75,U
sh600550,保变电气,2025-10-10 11:06:00,8.76,60200,8.76,U
sh600550,保变电气,2025-10-10 11:07:06,8.76,51400,8.75,U
sh600550,保变电气,2025-10-10 11:07:48,8.75,39400,8.76,D
sh600550,保变电气,2025-10-10 11:08:27,8.75,51700,8.76,D
sh600550,保变电气,2025-10-10 11:08:51,8.76,149000,8.75,U
sh600550,保变电气,2025-10-10 11:08:57,8.76,198400,8.76,U
sh600550,保变电气,2025-10-10 11:09:09,8.77,92000,8.76,U
sh600550,保变电气,2025-10-10 11:09:12,8.78,442206,8.77,U
sh600550,保变电气,2025-10-10 11:09:15,8.78,22500,8.78,U
sh600550,保变电气,2025-10-10 11:09:18,8.77,63200,8.78,D
sh600550,保变电气,2025-10-10 11:09:24,8.78,30100,8.78,U
sh600550,保变电气,2025-10-10 11:09:27,8.79,547480,8.78,U
sh600550,保变电气,2025-10-10 11:09:30,8.81,2826500,8.79,U
sh600550,保变电气,2025-10-10 11:09:33,8.82,331900,8.81,U
sh600550,保变电气,2025-10-10 11:09:36,8.83,33700,8.82,U
sh600550,保变电气,2025-10-10 11:09:39,8.83,161500,8.83,U
sh600550,保变电气,2025-10-10 11:09:42,8.84,38600,8.83,U
sh600550,保变电气,2025-10-10 11:09:45,8.84,80700,8.84,U
sh600550,保变电气,2025-10-10 11:09:48,8.85,148700,8.84,U
sh600550,保变电气,2025-10-10 11:09:51,8.85,146700,8.85,U
sh600550,保变电气,2025-10-10 11:09:54,8.85,173600,8.85,U
sh600550,保变电气,2025-10-10 11:09:57,8.85,237600,8.85,U
sh600550,保变电气,2025-10-10 11:10:00,8.86,54300,8.85,U
sh600550,保变电气,2025-10-10 11:10:03,8.86,87600,8.86,U
sh600550,保变电气,2025-10-10 11:10:06,8.85,200800,8.86,D
sh600550,保变电气,2025-10-10 11:10:09,8.85,337371,8.85,U
sh600550,保变电气,2025-10-10 11:10:12,8.85,102700,8.85,U
sh600550,保变电气,2025-10-10 11:10:15,8.85,50500,8.85,D
sh600550,保变电气,2025-10-10 11:10:18,8.85,150600,8.85,D
sh600550,保变电气,2025-10-10 11:10:21,8.85,61800,8.85,D
sh600550,保变电气,2025-10-10 11:10:24,8.85,54800,8.85,D
sh600550,保变电气,2025-10-10 11:10:27,8.85,34700,8.85,D
sh600550,保变电气,2025-10-10 11:10:30,8.85,35500,8.85,D
sh600550,保变电气,2025-10-10 11:10:33,8.85,185200,8.85,D
sh600550,保变电气,2025-10-10 11:10:36,8.85,101600,8.85,D
sh600550,保变电气,2025-10-10 11:10:39,8.86,43000,8.85,E
sh600550,保变电气,2025-10-10 11:10:42,8.85,37800,8.86,D
sh600550,保变电气,2025-10-10 11:10:45,8.86,36600,8.85,E
sh600550,保变电气,2025-10-10 11:10:51,8.86,140600,8.87,D
sh600550,保变电气,2025-10-10 11:10:54,8.87,194100,8.86,U
sh600550,保变电气,2025-10-10 11:10:57,8.87,123200,8.87,U
sh600550,保变电气,2025-10-10 11:11:00,8.87,69500,8.87,U
sh600550,保变电气,2025-10-10 11:11:03,8.87,75200,8.87,U
sh600550,保变电气,2025-10-10 11:11:06,8.88,39100,8.87,U
sh600550,保变电气,2025-10-10 11:11:09,8.88,631800,8.88,U
sh600550,保变电气,2025-10-10 11:11:12,8.89,249000,8.88,U
sh600550,保变电气,2025-10-10 11:11:15,8.88,28600,8.89,D
sh600550,保变电气,2025-10-10 11:11:18,8.88,129500,8.88,D
sh600550,保变电气,2025-10-10 11:11:21,8.89,23400,8.88,U
sh600550,保变电气,2025-10-10 11:11:24,8.89,42900,8.89,D
sh600550,保变电气,2025-10-10 11:11:27,8.89,83400,8.89,D
sh600550,保变电气,2025-10-10 11:11:30,8.89,143200,8.89,D
sh600550,保变电气,2025-10-10 11:11:33,8.89,343700,8.89,U
sh600550,保变电气,2025-10-10 11:11:36,8.9,247800,8.89,U
sh600550,保变电气,2025-10-10 11:11:39,8.9,68600,8.9,U
sh600550,保变电气,2025-10-10 11:11:42,8.89,67500,8.9,D
sh600550,保变电气,2025-10-10 11:11:45,8.89,133600,8.89,D
sh600550,保变电气,2025-10-10 11:11:48,8.88,97800,8.89,D
sh600550,保变电气,2025-10-10 11:11:51,8.88,98200,8.88,D
sh600550,保变电气,2025-10-10 11:11:54,8.89,90300,8.88,U
sh600550,保变电气,2025-10-10 11:11:57,8.89,39100,8.89,U
sh600550,保变电气,2025-10-10 11:12:00,8.88,55800,8.89,D
sh600550,保变电气,2025-10-10 11:12:03,8.88,231300,8.88,D
sh600550,保变电气,2025-10-10 11:12:06,8.87,27700,8.88,D
sh600550,保变电气,2025-10-10 11:12:09,8.88,34400,8.87,U
sh600550,保变电气,2025-10-10 11:12:15,8.88,98900,8.88,U
sh600550,保变电气,2025-10-10 11:12:18,8.87,43600,8.88,D
sh600550,保变电气,2025-10-10 11:12:21,8.88,210700,8.87,U
sh600550,保变电气,2025-10-10 11:12:27,8.88,23000,8.87,U
sh600550,保变电气,2025-10-10 11:12:30,8.88,25500,8.88,U
sh600550,保变电气,2025-10-10 11:12:33,8.87,40700,8.88,D
sh600550,保变电气,2025-10-10 11:12:36,8.87,21700,8.87,U
sh600550,保变电气,2025-10-10 11:12:42,8.87,49100,8.87,U
sh600550,保变电气,2025-10-10 11:12:45,8.87,30500,8.87,U
sh600550,保变电气,2025-10-10 11:12:54,8.86,23600,8.86,D
sh600550,保变电气,2025-10-10 11:12:57,8.86,45100,8.86,D
sh600550,保变电气,2025-10-10 11:13:00,8.86,81600,8.86,D
sh600550,保变电气,2025-10-10 11:13:03,8.86,76700,8.86,D
sh600550,保变电气,2025-10-10 11:13:09,8.86,24600,8.86,D
sh600550,保变电气,2025-10-10 11:13:15,8.87,36100,8.87,U
sh600550,保变电气,2025-10-10 11:13:18,8.87,30100,8.87,U
sh600550,保变电气,2025-10-10 11:13:21,8.86,76300,8.87,D
sh600550,保变电气,2025-10-10 11:13:24,8.87,36300,8.86,U
sh600550,保变电气,2025-10-10 11:13:27,8.88,91800,8.87,U
sh600550,保变电气,2025-10-10 11:13:30,8.87,26800,8.88,E
sh600550,保变电气,2025-10-10 11:13:33,8.87,44300,8.87,U
sh600550,保变电气,2025-10-10 11:13:39,8.88,31000,8.87,U
sh600550,保变电气,2025-10-10 11:13:45,8.88,112800,8.87,U
sh600550,保变电气,2025-10-10 11:13:48,8.88,46300,8.88,U
sh600550,保变电气,2025-10-10 11:13:51,8.88,27600,8.88,U
sh600550,保变电气,2025-10-10 11:13:57,8.88,48300,8.88,U
sh600550,保变电气,2025-10-10 11:14:00,8.88,32200,8.88,U
sh600550,保变电气,2025-10-10 11:14:03,8.88,45600,8.88,U
sh600550,保变电气,2025-10-10 11:14:06,8.88,38000,8.88,U
sh600550,保变电气,2025-10-10 11:14:09,8.88,57400,8.88,U
sh600550,保变电气,2025-10-10 11:14:12,8.87,71300,8.88,D
sh600550,保变电气,2025-10-10 11:14:15,8.88,50400,8.87,U
sh600550,保变电气,2025-10-10 11:14:21,8.88,141900,8.88,U
sh600550,保变电气,2025-10-10 11:14:24,8.87,50000,8.88,D
sh600550,保变电气,2025-10-10 11:14:27,8.88,90500,8.87,U
sh600550,保变电气,2025-10-10 11:14:33,8.88,25700,8.88,U
sh600550,保变电气,2025-10-10 11:14:36,8.87,21700,8.88,D
sh600550,保变电气,2025-10-10 11:14:42,8.88,56700,8.88,U
sh600550,保变电气,2025-10-10 11:14:45,8.87,59100,8.88,D
sh600550,保变电气,2025-10-10 11:14:48,8.88,143600,8.87,U
sh600550,保变电气,2025-10-10 11:14:54,8.87,23300,8.88,D
sh600550,保变电气,2025-10-10 11:14:57,8.88,29100,8.87,U
sh600550,保变电气,2025-10-10 11:15:00,8.88,24600,8.88,U
sh600550,保变电气,2025-10-10 11:15:06,8.87,66800,8.88,D
sh600550,保变电气,2025-10-10 11:15:09,8.87,27900,8.87,D
sh600550,保变电气,2025-10-10 11:15:15,8.87,25400,8.87,D
sh600550,保变电气,2025-10-10 11:15:18,8.86,364100,8.87,D
sh600550,保变电气,2025-10-10 11:15:27,8.86,42000,8.86,D
sh600550,保变电气,2025-10-10 11:15:30,8.86,37600,8.86,D
sh600550,保变电气,2025-10-10 11:15:45,8.86,22000,8.85,U
sh600550,保变电气,2025-10-10 11:15:54,8.85,30000,8.86,D
sh600550,保变电气,2025-10-10 11:16:03,8.85,20500,8.85,U
sh600550,保变电气,2025-10-10 11:16:12,8.85,28600,8.84,U
sh600550,保变电气,2025-10-10 11:16:15,8.85,21500,8.85,U
sh600550,保变电气,2025-10-10 11:16:27,8.85,31000,8.85,U
sh600550,保变电气,2025-10-10 11:16:30,8.84,39100,8.85,D
sh600550,保变电气,2025-10-10 11:16:54,8.83,34900,8.84,D
sh600550,保变电气,2025-10-10 11:17:09,8.83,43000,8.83,U
sh600550,保变电气,2025-10-10 11:17:18,8.84,29200,8.83,U
sh600550,保变电气,2025-10-10 11:17:30,8.84,50800,8.84,U
sh600550,保变电气,2025-10-10 11:17:33,8.83,24100,8.84,D
sh600550,保变电气,2025-10-10 11:17:36,8.84,43700,8.83,U
sh600550,保变电气,2025-10-10 11:17:39,8.84,50200,8.84,U
sh600550,保变电气,2025-10-10 11:17:54,8.85,23700,8.84,U
sh600550,保变电气,2025-10-10 11:18:06,8.84,21200,8.84,D
sh600550,保变电气,2025-10-10 11:18:18,8.85,27600,8.84,U
sh600550,保变电气,2025-10-10 11:18:33,8.85,115000,8.85,U
sh600550,保变电气,2025-10-10 11:18:48,8.85,125800,8.85,D
sh600550,保变电气,2025-10-10 11:19:03,8.86,102400,8.86,U
sh600550,保变电气,2025-10-10 11:19:18,8.86,88200,8.85,U
sh600550,保变电气,2025-10-10 11:19:21,8.86,43500,8.86,U
sh600550,保变电气,2025-10-10 11:19:48,8.85,22800,8.85,U
sh600550,保变电气,2025-10-10 11:19:51,8.86,33900,8.85,U
sh600550,保变电气,2025-10-10 11:20:06,8.85,29200,8.86,D
sh600550,保变电气,2025-10-10 11:20:21,8.84,50100,8.84,D
sh600550,保变电气,2025-10-10 11:20:24,8.84,42100,8.84,D
sh600550,保变电气,2025-10-10 11:20:27,8.84,43300,8.84,D
sh600550,保变电气,2025-10-10 11:20:36,8.84,30400,8.84,D
sh600550,保变电气,2025-10-10 11:20:39,8.84,33000,8.84,D
sh600550,保变电气,2025-10-10 11:21:00,8.84,30900,8.83,U
sh600550,保变电气,2025-10-10 11:21:12,8.84,22200,8.83,U
sh600550,保变电气,2025-10-10 11:21:48,8.84,21000,8.84,D
sh600550,保变电气,2025-10-10 11:21:57,8.84,20300,8.84,D
sh600550,保变电气,2025-10-10 11:22:06,8.84,74800,8.84,D
sh600550,保变电气,2025-10-10 11:22:12,8.84,69400,8.85,D
sh600550,保变电气,2025-10-10 11:22:27,8.84,85000,8.85,D
sh600550,保变电气,2025-10-10 11:22:36,8.84,22700,8.84,D
sh600550,保变电气,2025-10-10 11:22:57,8.82,80100,8.83,D
sh600550,保变电气,2025-10-10 11:23:42,8.83,69800,8.83,D
sh600550,保变电气,2025-10-10 11:23:57,8.83,41700,8.83,D
sh600550,保变电气,2025-10-10 11:24:12,8.84,36900,8.83,U
sh600550,保变电气,2025-10-10 11:24:21,8.84,92200,8.83,U
sh600550,保变电气,2025-10-10 11:24:24,8.83,29400,8.84,D
sh600550,保变电气,2025-10-10 11:24:51,8.85,104000,8.85,U
sh600550,保变电气,2025-10-10 11:26:03,8.83,163900,8.84,D
sh600550,保变电气,2025-10-10 11:26:15,8.85,110000,8.83,U
sh600550,保变电气,2025-10-10 11:26:36,8.85,71000,8.84,U
sh600550,保变电气,2025-10-10 11:26:39,8.85,95400,8.85,U
sh600550,保变电气,2025-10-10 11:26:42,8.85,40700,8.85,U
sh600550,保变电气,2025-10-10 11:26:51,8.85,95800,8.85,U
sh600550,保变电气,2025-10-10 11:26:54,8.85,24800,8.85,D
sh600550,保变电气,2025-10-10 11:27:09,8.85,40800,8.85,U
sh600550,保变电气,2025-10-10 11:27:18,8.85,20200,8.85,D
sh600550,保变电气,2025-10-10 11:27:27,8.86,49700,8.85,U
sh600550,保变电气,2025-10-10 11:27:36,8.86,51200,8.85,U
sh600550,保变电气,2025-10-10 11:27:39,8.86,63100,8.86,U
sh600550,保变电气,2025-10-10 11:27:51,8.87,29100,8.87,U
sh600550,保变电气,2025-10-10 11:28:00,8.87,117100,8.87,U
sh600550,保变电气,2025-10-10 11:28:03,8.87,29600,8.87,U
sh600550,保变电气,2025-10-10 11:28:06,8.86,27700,8.87,D
sh600550,保变电气,2025-10-10 11:28:33,8.87,32000,8.87,U
sh600550,保变电气,2025-10-10 11:28:51,8.87,26300,8.87,U
sh600550,保变电气,2025-10-10 11:28:57,8.87,21000,8.87,U
sh600550,保变电气,2025-10-10 11:29:03,8.86,24000,8.87,D
sh600550,保变电气,2025-10-10 11:29:09,8.86,27600,8.86,D
sh600550,保变电气,2025-10-10 11:29:59,8.87,165100,8.86,U
sh600550,保变电气,2025-10-10 13:00:00,8.87,24500,8.87,U
sh600550,保变电气,2025-10-10 13:00:03,8.87,84300,8.87,U
sh600550,保变电气,2025-10-10 13:00:06,8.87,277400,8.87,D
sh600550,保变电气,2025-10-10 13:00:09,8.87,169300,8.87,D
sh600550,保变电气,2025-10-10 13:00:12,8.86,266500,8.87,D
sh600550,保变电气,2025-10-10 13:00:15,8.84,83600,8.86,D
sh600550,保变电气,2025-10-10 13:00:54,8.84,62100,8.85,D
sh600550,保变电气,2025-10-10 13:01:12,8.83,42100,8.83,D
sh600550,保变电气,2025-10-10 13:01:15,8.83,50300,8.83,D
sh600550,保变电气,2025-10-10 13:01:18,8.83,25100,8.83,U
sh600550,保变电气,2025-10-10 13:01:27,8.82,23200,8.83,D
sh600550,保变电气,2025-10-10 13:01:30,8.83,26400,8.82,U
sh600550,保变电气,2025-10-10 13:01:42,8.82,21800,8.83,D
sh600550,保变电气,2025-10-10 13:01:48,8.83,33600,8.82,U
sh600550,保变电气,2025-10-10 13:02:00,8.84,38000,8.83,U
sh600550,保变电气,2025-10-10 13:02:54,8.83,57900,8.83,D
sh600550,保变电气,2025-10-10 13:03:00,8.83,37900,8.83,D
sh600550,保变电气,2025-10-10 13:03:24,8.83,22700,8.83,U
sh600550,保变电气,2025-10-10 13:03:33,8.83,20900,8.83,U
sh600550,保变电气,2025-10-10 13:03:39,8.82,22800,8.83,D
sh600550,保变电气,2025-10-10 13:04:03,8.83,37800,8.82,U
sh600550,保变电气,2025-10-10 13:04:15,8.82,60200,8.82,D
sh600550,保变电气,2025-10-10 13:04:51,8.81,29100,8.81,D
sh600550,保变电气,2025-10-10 13:05:12,8.81,40800,8.81,D
sh600550,保变电气,2025-10-10 13:05:21,8.8,77000,8.81,D
sh600550,保变电气,2025-10-10 13:05:30,8.8,20900,8.81,D
sh600550,保变电气,2025-10-10 13:05:33,8.8,74500,8.8,D
sh600550,保变电气,2025-10-10 13:05:48,8.8,25400,8.8,D
sh600550,保变电气,2025-10-10 13:05:54,8.8,202300,8.8,D
sh600550,保变电气,2025-10-10 13:06:03,8.8,34400,8.8,D
sh600550,保变电气,2025-10-10 13:06:09,8.81,33100,8.8,U
sh600550,保变电气,2025-10-10 13:06:24,8.81,22200,8.81,U
sh600550,保变电气,2025-10-10 13:06:36,8.81,37300,8.81,U
sh600550,保变电气,2025-10-10 13:06:42,8.8,35000,8.81,D
sh600550,保变电气,2025-10-10 13:07:00,8.81,48400,8.82,D
sh600550,保变电气,2025-10-10 13:07:39,8.82,43600,8.82,U
sh600550,保变电气,2025-10-10 13:08:57,8.83,41700,8.82,U
sh600550,保变电气,2025-10-10 13:10:03,8.83,54900,8.83,D
sh600550,保变电气,2025-10-10 13:10:06,8.84,29900,8.83,U
sh600550,保变电气,2025-10-10 13:10:09,8.83,20000,8.84,D
sh600550,保变电气,2025-10-10 13:10:12,8.83,126700,8.83,D
sh600550,保变电气,2025-10-10 13:10:18,8.83,40300,8.83,U
sh600550,保变电气,2025-10-10 13:11:00,8.83,20500,8.84,D
sh600550,保变电气,2025-10-10 13:11:03,8.84,45400,8.83,U
sh600550,保变电气,2025-10-10 13:11:33,8.82,61600,8.83,D
sh600550,保变电气,2025-10-10 13:12:09,8.82,25000,8.83,D
sh600550,保变电气,2025-10-10 13:12:12,8.83,20800,8.82,U
sh600550,保变电气,2025-10-10 13:12:39,8.83,42300,8.83,U
sh600550,保变电气,2025-10-10 13:13:06,8.83,45900,8.83,U
sh600550,保变电气,2025-10-10 13:13:27,8.83,23200,8.82,U
sh600550,保变电气,2025-10-10 13:13:39,8.83,32500,8.83,U
sh600550,保变电气,2025-10-10 13:13:45,8.83,20400,8.82,U
sh600550,保变电气,2025-10-10 13:14:48,8.83,66600,8.83,U
sh600550,保变电气,2025-10-10 13:15:09,8.83,48200,8.82,U
sh600550,保变电气,2025-10-10 13:15:51,8.83,22600,8.83,U
sh600550,保变电气,2025-10-10 13:17:27,8.83,30000,8.83,U
sh600550,保变电气,2025-10-10 13:17:54,8.82,22300,8.83,D
sh600550,保变电气,2025-10-10 13:18:42,8.83,94300,8.82,U
sh600550,保变电气,2025-10-10 13:19:36,8.82,41550,8.82,U
sh600550,保变电气,2025-10-10 13:19:42,8.83,52400,8.82,U
sh600550,保变电气,2025-10-10 13:20:06,8.82,21850,8.82,U
sh600550,保变电气,2025-10-10 13:21:30,8.82,39500,8.82,D
sh600550,保变电气,2025-10-10 13:21:48,8.82,43700,8.83,D
sh600550,保变电气,2025-10-10 13:22:51,8.83,34800,8.83,U
sh600550,保变电气,2025-10-10 13:22:54,8.83,23400,8.83,U
sh600550,保变电气,2025-10-10 13:23:06,8.82,26400,8.83,D
sh600550,保变电气,2025-10-10 13:23:48,8.82,137700,8.83,D
sh600550,保变电气,2025-10-10 13:24:51,8.82,63500,8.83,D
sh600550,保变电气,2025-10-10 13:27:27,8.81,31500,8.81,D
sh600550,保变电气,2025-10-10 13:27:51,8.82,37200,8.82,U
sh600550,保变电气,2025-10-10 13:28:21,8.82,57800,8.82,U
sh600550,保变电气,2025-10-10 13:28:33,8.82,112000,8.82,U
sh600550,保变电气,2025-10-10 13:28:48,8.82,50000,8.82,D
sh600550,保变电气,2025-10-10 13:29:15,8.82,20700,8.82,U
sh600550,保变电气,2025-10-10 13:29:42,8.81,39700,8.82,D
sh600550,保变电气,2025-10-10 13:29:57,8.81,32000,8.81,D
sh600550,保变电气,2025-10-10 13:31:00,8.81,27200,8.81,D
sh600550,保变电气,2025-10-10 13:31:30,8.82,29400,8.81,U
sh600550,保变电气,2025-10-10 13:31:42,8.82,63700,8.82,U
sh600550,保变电气,2025-10-10 13:31:51,8.81,34800,8.81,D
sh600550,保变电气,2025-10-10 13:32:09,8.82,30000,8.81,U
sh600550,保变电气,2025-10-10 13:32:12,8.82,24400,8.82,U
sh600550,保变电气,2025-10-10 13:32:27,8.81,47400,8.81,D
sh600550,保变电气,2025-10-10 13:32:45,8.81,37800,8.81,D
sh600550,保变电气,2025-10-10 13:33:06,8.82,36600,8.82,U
sh600550,保变电气,2025-10-10 13:34:00,8.82,25800,8.82,U
sh600550,保变电气,2025-10-10 13:34:18,8.82,20300,8.82,U
sh600550,保变电气,2025-10-10 13:35:06,8.82,23117,8.82,U
sh600550,保变电气,2025-10-10 13:36:03,8.82,53400,8.83,D
sh600550,保变电气,2025-10-10 13:37:09,8.82,35200,8.82,D
sh600550,保变电气,2025-10-10 13:38:36,8.81,44000,8.82,D
sh600550,保变电气,2025-10-10 13:39:18,8.82,26300,8.81,U
sh600550,保变电气,2025-10-10 13:39:33,8.81,36100,8.82,D
sh600550,保变电气,2025-10-10 13:40:00,8.81,40600,8.82,D
sh600550,保变电气,2025-10-10 13:41:00,8.81,25800,8.82,D
sh600550,保变电气,2025-10-10 13:41:09,8.82,24900,8.81,U
sh600550,保变电气,2025-10-10 13:41:24,8.82,36500,8.82,U
sh600550,保变电气,2025-10-10 13:42:03,8.82,25200,8.82,U
sh600550,保变电气,2025-10-10 13:42:36,8.82,20000,8.81,U
sh600550,保变电气,2025-10-10 13:42:48,8.81,21400,8.81,D
sh600550,保变电气,2025-10-10 13:42:57,8.81,139700,8.81,D
sh600550,保变电气,2025-10-10 13:43:00,8.8,40100,8.81,D
sh600550,保变电气,2025-10-10 13:43:03,8.81,21700,8.8,U
sh600550,保变电气,2025-10-10 13:43:42,8.81,20400,8.8,U
sh600550,保变电气,2025-10-10 13:44:15,8.8,23000,8.8,D
sh600550,保变电气,2025-10-10 13:44:45,8.8,27800,8.8,D
sh600550,保变电气,2025-10-10 13:44:48,8.8,67800,8.8,D
sh600550,保变电气,2025-10-10 13:44:51,8.8,77900,8.8,D
sh600550,保变电气,2025-10-10 13:44:54,8.8,20400,8.8,D
sh600550,保变电气,2025-10-10 13:45:42,8.79,92400,8.79,D
sh600550,保变电气,2025-10-10 13:45:48,8.79,59800,8.8,D
sh600550,保变电气,2025-10-10 13:46:00,8.8,47200,8.79,U
sh600550,保变电气,2025-10-10 13:46:03,8.8,81500,8.8,U
sh600550,保变电气,2025-10-10 13:46:06,8.8,24700,8.8,U
sh600550,保变电气,2025-10-10 13:47:03,8.8,27800,8.8,D
sh600550,保变电气,2025-10-10 13:47:48,8.81,36200,8.81,U
sh600550,保变电气,2025-10-10 13:48:00,8.8,29900,8.81,D
sh600550,保变电气,2025-10-10 13:48:24,8.81,44900,8.81,U
sh600550,保变电气,2025-10-10 13:48:57,8.8,28400,8.8,D
sh600550,保变电气,2025-10-10 13:49:03,8.81,20100,8.8,U
sh600550,保变电气,2025-10-10 13:49:06,8.8,28700,8.81,D
sh600550,保变电气,2025-10-10 13:49:54,8.8,53900,8.8,D
sh600550,保变电气,2025-10-10 13:50:00,8.8,29200,8.8,D
sh600550,保变电气,2025-10-10 13:50:03,8.81,44700,8.8,U
sh600550,保变电气,2025-10-10 13:50:15,8.81,34600,8.8,U
sh600550,保变电气,2025-10-10 13:50:24,8.81,42600,8.8,U
sh600550,保变电气,2025-10-10 13:51:03,8.82,40600,8.81,U
sh600550,保变电气,2025-10-10 13:52:03,8.82,39400,8.82,U
sh600550,保变电气,2025-10-10 13:52:12,8.81,57800,8.81,D
sh600550,保变电气,2025-10-10 13:52:30,8.81,23000,8.82,D
sh600550,保变电气,2025-10-10 13:52:36,8.81,28500,8.81,D
sh600550,保变电气,2025-10-10 13:53:12,8.81,43400,8.82,D
sh600550,保变电气,2025-10-10 13:53:27,8.81,38000,8.81,D
sh600550,保变电气,2025-10-10 13:54:03,8.82,83400,8.81,U
sh600550,保变电气,2025-10-10 13:54:06,8.82,47400,8.82,U
sh600550,保变电气,2025-10-10 13:54:09,8.83,31400,8.82,U
sh600550,保变电气,2025-10-10 13:54:12,8.82,45400,8.83,D
sh600550,保变电气,2025-10-10 13:54:15,8.83,50200,8.82,U
sh600550,保变电气,2025-10-10 13:54:18,8.82,81800,8.83,D
sh600550,保变电气,2025-10-10 13:54:21,8.83,37900,8.82,U
sh600550,保变电气,2025-10-10 13:54:27,8.83,22400,8.83,U
sh600550,保变电气,2025-10-10 13:54:42,8.84,26400,8.83,U
sh600550,保变电气,2025-10-10 13:55:00,8.84,38800,8.83,U
sh600550,保变电气,2025-10-10 13:55:21,8.83,66900,8.83,D
sh600550,保变电气,2025-10-10 13:55:24,8.84,48400,8.83,U
sh600550,保变电气,2025-10-10 13:55:48,8.84,23400,8.83,U
sh600550,保变电气,2025-10-10 13:56:18,8.84,45200,8.83,U
sh600550,保变电气,2025-10-10 13:56:27,8.83,22300,8.84,D
sh600550,保变电气,2025-10-10 13:56:33,8.83,27300,8.83,D
sh600550,保变电气,2025-10-10 13:56:45,8.83,76400,8.84,D
sh600550,保变电气,2025-10-10 13:57:24,8.83,40600,8.82,U
sh600550,保变电气,2025-10-10 13:57:45,8.82,21600,8.83,D
sh600550,保变电气,2025-10-10 13:57:54,8.83,24100,8.83,U
sh600550,保变电气,2025-10-10 13:57:57,8.82,26600,8.83,D
sh600550,保变电气,2025-10-10 13:58:03,8.83,28200,8.83,U
sh600550,保变电气,2025-10-10 13:58:51,8.82,112500,8.82,D
sh600550,保变电气,2025-10-10 13:59:03,8.83,28000,8.82,U
sh600550,保变电气,2025-10-10 13:59:15,8.82,60600,8.82,D
sh600550,保变电气,2025-10-10 13:59:18,8.83,52200,8.82,U
sh600550,保变电气,2025-10-10 13:59:30,8.82,161300,8.82,D
sh600550,保变电气,2025-10-10 14:00:06,8.82,46200,8.82,U
sh600550,保变电气,2025-10-10 14:00:21,8.82,20700,8.82,U
sh600550,保变电气,2025-10-10 14:00:30,8.82,39500,8.82,U
sh600550,保变电气,2025-10-10 14:00:36,8.82,49800,8.82,U
sh600550,保变电气,2025-10-10 14:00:48,8.82,28360,8.82,U
sh600550,保变电气,2025-10-10 14:01:21,8.82,93840,8.83,D
sh600550,保变电气,2025-10-10 14:01:45,8.82,20200,8.82,U
sh600550,保变电气,2025-10-10 14:01:57,8.82,41700,8.82,U
sh600550,保变电气,2025-10-10 14:02:03,8.82,34200,8.82,U
sh600550,保变电气,2025-10-10 14:04:12,8.82,32800,8.82,U
sh600550,保变电气,2025-10-10 14:05:18,8.83,82500,8.82,U
sh600550,保变电气,2025-10-10 14:06:45,8.81,22800,8.81,D
sh600550,保变电气,2025-10-10 14:06:54,8.82,26600,8.82,U
sh600550,保变电气,2025-10-10 14:07:12,8.82,24200,8.82,U
sh600550,保变电气,2025-10-10 14:09:03,8.81,41400,8.81,D
sh600550,保变电气,2025-10-10 14:09:06,8.81,46900,8.81,D
sh600550,保变电气,2025-10-10 14:09:09,8.81,25400,8.81,D
sh600550,保变电气,2025-10-10 14:09:42,8.81,23800,8.81,U
sh600550,保变电气,2025-10-10 14:10:27,8.8,74600,8.81,D
sh600550,保变电气,2025-10-10 14:10:42,8.8,49300,8.8,D
sh600550,保变电气,2025-10-10 14:10:45,8.8,46000,8.8,D
sh600550,保变电气,2025-10-10 14:10:48,8.8,42200,8.8,D
sh600550,保变电气,2025-10-10 14:10:51,8.8,98000,8.8,D
sh600550,保变电气,2025-10-10 14:10:57,8.79,37800,8.8,D
sh600550,保变电气,2025-10-10 14:11:33,8.79,120200,8.79,D
sh600550,保变电气,2025-10-10 14:12:18,8.79,27200,8.79,U
sh600550,保变电气,2025-10-10 14:14:15,8.79,21900,8.8,D
sh600550,保变电气,2025-10-10 14:14:57,8.8,28600,8.8,U
sh600550,保变电气,2025-10-10 14:15:03,8.79,35200,8.79,D
sh600550,保变电气,2025-10-10 14:15:18,8.79,32200,8.79,D
sh600550,保变电气,2025-10-10 14:15:33,8.79,23300,8.79,D
sh600550,保变电气,2025-10-10 14:16:30,8.78,20300,8.78,D
sh600550,保变电气,2025-10-10 14:16:57,8.78,28700,8.78,D
sh600550,保变电气,2025-10-10 14:17:03,8.79,30700,8.78,U
sh600550,保变电气,2025-10-10 14:17:15,8.78,20600,8.78,D
sh600550,保变电气,2025-10-10 14:17:21,8.78,40900,8.78,D
sh600550,保变电气,2025-10-10 14:17:27,8.78,41900,8.78,D
sh600550,保变电气,2025-10-10 14:18:09,8.77,21100,8.78,D
sh600550,保变电气,2025-10-10 14:18:15,8.77,20200,8.78,D
sh600550,保变电气,2025-10-10 14:18:21,8.77,91500,8.77,D
sh600550,保变电气,2025-10-10 14:18:39,8.77,291300,8.76,U
sh600550,保变电气,2025-10-10 14:18:51,8.77,211600,8.77,D
sh600550,保变电气,2025-10-10 14:19:24,8.76,25400,8.76,D
sh600550,保变电气,2025-10-10 14:22:30,8.76,24700,8.77,D
sh600550,保变电气,2025-10-10 14:22:36,8.76,21100,8.77,D
sh600550,保变电气,2025-10-10 14:22:51,8.77,20100,8.77,U
sh600550,保变电气,2025-10-10 14:24:06,8.77,24600,8.77,U
sh600550,保变电气,2025-10-10 14:24:15,8.77,36400,8.76,U
sh600550,保变电气,2025-10-10 14:24:45,8.76,39900,8.76,D
sh600550,保变电气,2025-10-10 14:26:03,8.77,23000,8.76,U
sh600550,保变电气,2025-10-10 14:28:12,8.76,50600,8.76,D
sh600550,保变电气,2025-10-10 14:28:36,8.76,60400,8.76,D
sh600550,保变电气,2025-10-10 14:28:39,8.76,89100,8.76,D
sh600550,保变电气,2025-10-10 14:28:42,8.76,47400,8.76,D
sh600550,保变电气,2025-10-10 14:28:45,8.76,24600,8.76,D
sh600550,保变电气,2025-10-10 14:29:09,8.76,21100,8.76,U
sh600550,保变电气,2025-10-10 14:29:12,8.75,53000,8.76,D
sh600550,保变电气,2025-10-10 14:29:18,8.75,53600,8.75,D
sh600550,保变电气,2025-10-10 14:29:45,8.75,25500,8.75,D
sh600550,保变电气,2025-10-10 14:30:00,8.75,28900,8.75,D
sh600550,保变电气,2025-10-10 14:30:18,8.75,26400,8.76,D
sh600550,保变电气,2025-10-10 14:30:33,8.76,30900,8.75,U
sh600550,保变电气,2025-10-10 14:31:00,8.75,24400,8.76,D
sh600550,保变电气,2025-10-10 14:31:24,8.75,30500,8.75,D
sh600550,保变电气,2025-10-10 14:31:51,8.75,77800,8.75,D
sh600550,保变电气,2025-10-10 14:32:09,8.75,25700,8.74,U
sh600550,保变电气,2025-10-10 14:32:12,8.75,42800,8.75,U
sh600550,保变电气,2025-10-10 14:32:54,8.75,84200,8.74,U
sh600550,保变电气,2025-10-10 14:33:24,8.76,56000,8.76,U
sh600550,保变电气,2025-10-10 14:33:27,8.75,68200,8.76,D
sh600550,保变电气,2025-10-10 14:33:30,8.76,33100,8.75,U
sh600550,保变电气,2025-10-10 14:33:36,8.76,31000,8.76,U
sh600550,保变电气,2025-10-10 14:33:57,8.77,84300,8.77,U
sh600550,保变电气,2025-10-10 14:34:00,8.77,22600,8.77,U
sh600550,保变电气,2025-10-10 14:34:12,8.77,59200,8.77,U
sh600550,保变电气,2025-10-10 14:34:15,8.77,30600,8.77,U
sh600550,保变电气,2025-10-10 14:34:18,8.77,23700,8.77,U
sh600550,保变电气,2025-10-10 14:35:00,8.78,48300,8.78,U
sh600550,保变电气,2025-10-10 14:35:12,8.78,59800,8.78,U
sh600550,保变电气,2025-10-10 14:35:27,8.78,50800,8.78,U
sh600550,保变电气,2025-10-10 14:35:48,8.78,30600,8.78,U
sh600550,保变电气,2025-10-10 14:36:06,8.79,52600,8.79,U
sh600550,保变电气,2025-10-10 14:36:27,8.79,60400,8.79,U
sh600550,保变电气,2025-10-10 14:36:48,8.79,29100,8.79,U
sh600550,保变电气,2025-10-10 14:37:24,8.8,114500,8.8,U
sh600550,保变电气,2025-10-10 14:37:51,8.8,68000,8.8,U
sh600550,保变电气,2025-10-10 14:38:06,8.8,31300,8.8,U
sh600550,保变电气,2025-10-10 14:38:12,8.8,54600,8.8,U
sh600550,保变电气,2025-10-10 14:38:57,8.79,20200,8.79,D
sh600550,保变电气,2025-10-10 14:39:00,8.79,25600,8.79,D
sh600550,保变电气,2025-10-10 14:39:27,8.79,44400,8.79,D
sh600550,保变电气,2025-10-10 14:39:30,8.79,20900,8.79,D
sh600550,保变电气,2025-10-10 14:39:45,8.79,64200,8.79,D
sh600550,保变电气,2025-10-10 14:39:57,8.79,23900,8.79,U
sh600550,保变电气,2025-10-10 14:40:03,8.79,43000,8.78,U
sh600550,保变电气,2025-10-10 14:40:30,8.78,68200,8.78,D
sh600550,保变电气,2025-10-10 14:40:54,8.78,46500,8.78,D
sh600550,保变电气,2025-10-10 14:41:39,8.77,20300,8.78,D
sh600550,保变电气,2025-10-10 14:42:21,8.77,57400,8.77,D
sh600550,保变电气,2025-10-10 14:42:30,8.78,23500,8.77,U
sh600550,保变电气,2025-10-10 14:42:33,8.77,58000,8.78,D
sh600550,保变电气,2025-10-10 14:42:51,8.77,50500,8.77,D
sh600550,保变电气,2025-10-10 14:43:12,8.78,62500,8.78,U
sh600550,保变电气,2025-10-10 14:43:18,8.78,39700,8.78,U
sh600550,保变电气,2025-10-10 14:43:27,8.78,24300,8.77,U
sh600550,保变电气,2025-10-10 14:43:45,8.77,127800,8.78,D
sh600550,保变电气,2025-10-10 14:44:24,8.78,21100,8.78,U
sh600550,保变电气,2025-10-10 14:44:27,8.78,28800,8.78,U
sh600550,保变电气,2025-10-10 14:45:03,8.78,23700,8.77,U
sh600550,保变电气,2025-10-10 14:45:21,8.77,71000,8.77,D
sh600550,保变电气,2025-10-10 14:45:33,8.78,97500,8.77,U
sh600550,保变电气,2025-10-10 14:45:42,8.77,22500,8.78,D
sh600550,保变电气,2025-10-10 14:45:48,8.77,21400,8.77,D
sh600550,保变电气,2025-10-10 14:45:51,8.76,266900,8.77,D
sh600550,保变电气,2025-10-10 14:45:57,8.78,22000,8.77,U
sh600550,保变电气,2025-10-10 14:46:18,8.76,32700,8.77,D
sh600550,保变电气,2025-10-10 14:46:39,8.77,35700,8.77,U
sh600550,保变电气,2025-10-10 14:47:03,8.76,34500,8.76,D
sh600550,保变电气,2025-10-10 14:47:06,8.76,34460,8.76,D
sh600550,保变电气,2025-10-10 14:47:27,8.76,24400,8.76,U
sh600550,保变电气,2025-10-10 14:47:42,8.76,25360,8.76,D
sh600550,保变电气,2025-10-10 14:48:03,8.76,40800,8.77,D
sh600550,保变电气,2025-10-10 14:48:12,8.77,48900,8.76,U
sh600550,保变电气,2025-10-10 14:48:15,8.76,31060,8.77,D
sh600550,保变电气,2025-10-10 14:48:21,8.75,31500,8.76,D
sh600550,保变电气,2025-10-10 14:48:42,8.76,24900,8.75,U
sh600550,保变电气,2025-10-10 14:48:51,8.76,30300,8.76,U
sh600550,保变电气,2025-10-10 14:49:03,8.76,32500,8.75,U
sh600550,保变电气,2025-10-10 14:50:00,8.75,26000,8.76,D
sh600550,保变电气,2025-10-10 14:50:15,8.76,25900,8.75,U
sh600550,保变电气,2025-10-10 14:50:24,8.76,51900,8.75,U
sh600550,保变电气,2025-10-10 14:50:30,8.75,24700,8.76,D
sh600550,保变电气,2025-10-10 14:50:39,8.76,38400,8.76,U
sh600550,保变电气,2025-10-10 14:50:48,8.76,25800,8.76,U
sh600550,保变电气,2025-10-10 14:50:51,8.76,67600,8.76,U
sh600550,保变电气,2025-10-10 14:50:57,8.75,75000,8.75,D
sh600550,保变电气,2025-10-10 14:51:00,8.76,20000,8.75,U
sh600550,保变电气,2025-10-10 14:51:09,8.76,25200,8.76,U
sh600550,保变电气,2025-10-10 14:51:18,8.76,22000,8.76,U
sh600550,保变电气,2025-10-10 14:51:36,8.76,28300,8.75,U
sh600550,保变电气,2025-10-10 14:51:39,8.76,23300,8.76,U
sh600550,保变电气,2025-10-10 14:51:42,8.76,66200,8.76,U
sh600550,保变电气,2025-10-10 14:51:51,8.76,48640,8.76,U
sh600550,保变电气,2025-10-10 14:51:57,8.76,28800,8.75,U
sh600550,保变电气,2025-10-10 14:52:15,8.76,21700,8.75,U
sh600550,保变电气,2025-10-10 14:52:24,8.76,35000,8.76,U
sh600550,保变电气,2025-10-10 14:52:27,8.75,24800,8.76,D
sh600550,保变电气,2025-10-10 14:52:30,8.76,20300,8.75,U
sh600550,保变电气,2025-10-10 14:52:45,8.75,41500,8.75,D
sh600550,保变电气,2025-10-10 14:52:51,8.76,33600,8.76,U
sh600550,保变电气,2025-10-10 14:53:00,8.76,33300,8.76,U
sh600550,保变电气,2025-10-10 14:53:09,8.76,30900,8.75,U
sh600550,保变电气,2025-10-10 14:53:24,8.76,29400,8.76,U
sh600550,保变电气,2025-10-10 14:53:30,8.76,24900,8.76,U
sh600550,保变电气,2025-10-10 14:53:36,8.76,105800,8.76,U
sh600550,保变电气,2025-10-10 14:53:48,8.76,41600,8.75,U
sh600550,保变电气,2025-10-10 14:53:57,8.76,45800,8.76,U
sh600550,保变电气,2025-10-10 14:54:00,8.76,36840,8.76,U
sh600550,保变电气,2025-10-10 14:54:18,8.77,25300,8.77,U
sh600550,保变电气,2025-10-10 14:54:21,8.77,80900,8.77,U
sh600550,保变电气,2025-10-10 14:54:24,8.77,43800,8.77,U
sh600550,保变电气,2025-10-10 14:54:27,8.76,32200,8.77,D
sh600550,保变电气,2025-10-10 14:54:36,8.77,426300,8.77,U
sh600550,保变电气,2025-10-10 14:54:48,8.77,47900,8.77,D
sh600550,保变电气,2025-10-10 14:55:03,8.78,23200,8.78,D
sh600550,保变电气,2025-10-10 14:55:24,8.79,60000,8.79,U
sh600550,保变电气,2025-10-10 14:55:27,8.79,56400,8.79,U
sh600550,保变电气,2025-10-10 14:55:33,8.79,44000,8.79,U
sh600550,保变电气,2025-10-10 14:55:36,8.79,35600,8.79,U
sh600550,保变电气,2025-10-10 14:55:48,8.78,48100,8.79,D
sh600550,保变电气,2025-10-10 14:55:54,8.79,122900,8.78,U
sh600550,保变电气,2025-10-10 14:55:57,8.79,25400,8.79,U
sh600550,保变电气,2025-10-10 14:56:06,8.79,39900,8.78,U
sh600550,保变电气,2025-10-10 14:56:15,8.79,102300,8.79,U
sh600550,保变电气,2025-10-10 14:56:21,8.79,27100,8.79,U
sh600550,保变电气,2025-10-10 14:56:24,8.79,75400,8.79,U
sh600550,保变电气,2025-10-10 14:56:27,8.79,39000,8.79,U
sh600550,保变电气,2025-10-10 14:56:36,8.8,39500,8.79,U
sh600550,保变电气,2025-10-10 14:56:51,8.8,43300,8.79,U
sh600550,保变电气,2025-10-10 14:56:54,8.8,57200,8.8,U
sh600550,保变电气,2025-10-10 14:57:00,8.8,26300,8.8,U
sh600550,保变电气,2025-10-10 15:00:03,8.8,955000,8.8,U
