symbol,name,ticktime,price,volume,prev_price,kind
sh600550,保变电气,2025-09-23 09:25:01,8.18,22200,0.0,U
sh600550,保变电气,2025-09-23 09:30:05,8.18,33000,8.19,D
sh600550,保变电气,2025-09-23 09:30:26,8.18,23200,8.18,U
sh600550,保变电气,2025-09-23 09:30:29,8.18,23700,8.18,U
sh600550,保变电气,2025-09-23 09:30:32,8.17,56900,8.18,D
sh600550,保变电气,2025-09-23 09:30:35,8.18,33500,8.17,U
sh600550,保变电气,2025-09-23 09:31:44,8.18,20200,8.18,D
sh600550,保变电气,2025-09-23 09:33:08,8.19,70300,8.19,U
sh600550,保变电气,2025-09-23 09:33:20,8.2,100100,8.2,U
sh600550,保变电气,2025-09-23 09:33:23,8.21,172334,8.2,U
sh600550,保变电气,2025-09-23 09:33:38,8.2,24300,8.2,D
sh600550,保变电气,2025-09-23 09:33:41,8.2,30000,8.2,U
sh600550,保变电气,2025-09-23 09:34:44,8.2,49600,8.21,D
sh600550,保变电气,2025-09-23 09:34:50,8.2,29700,8.21,E
sh600550,保变电气,2025-09-23 09:35:26,8.2,25000,8.2,D
sh600550,保变电气,2025-09-23 09:35:47,8.19,33400,8.2,D
sh600550,保变电气,2025-09-23 09:36:26,8.19,54640,8.2,D
sh600550,保变电气,2025-09-23 09:37:02,8.18,26400,8.2,D
sh600550,保变电气,2025-09-23 09:37:29,8.17,154200,8.18,D
sh600550,保变电气,2025-09-23 09:37:32,8.16,46400,8.17,D
sh600550,保变电气,2025-09-23 09:39:17,8.14,103300,8.15,D
sh600550,保变电气,2025-09-23 09:39:20,8.14,28800,8.14,D
sh600550,保变电气,2025-09-23 09:42:47,8.13,26600,8.13,D
sh600550,保变电气,2025-09-23 09:43:02,8.14,20200,8.14,U
sh600550,保变电气,2025-09-23 09:43:17,8.14,21500,8.14,D
sh600550,保变电气,2025-09-23 09:44:17,8.13,90300,8.14,D
sh600550,保变电气,2025-09-23 09:44:20,8.12,94800,8.13,D
sh600550,保变电气,2025-09-23 09:44:53,8.13,26400,8.12,U
sh600550,保变电气,2025-09-23 09:45:23,8.12,50400,8.13,D
sh600550,保变电气,2025-09-23 09:47:56,8.13,23300,8.12,D
sh600550,保变电气,2025-09-23 09:48:11,8.13,26000,8.13,U
sh600550,保变电气,2025-09-23 09:48:14,8.12,32600,8.13,D
sh600550,保变电气,2025-09-23 09:48:17,8.12,48100,8.12,D
sh600550,保变电气,2025-09-23 09:49:17,8.12,41000,8.12,D
sh600550,保变电气,2025-09-23 09:49:35,8.13,40600,8.13,U
sh600550,保变电气,2025-09-23 09:50:44,8.13,20400,8.13,D
sh600550,保变电气,2025-09-23 09:51:05,8.12,64800,8.12,D
sh600550,保变电气,2025-09-23 09:51:17,8.12,60408,8.12,D
sh600550,保变电气,2025-09-23 09:51:59,8.11,71200,8.11,D
sh600550,保变电气,2025-09-23 09:52:44,8.12,35400,8.12,U
sh600550,保变电气,2025-09-23 09:53:26,8.12,83100,8.11,U
sh600550,保变电气,2025-09-23 09:53:29,8.12,31700,8.12,U
sh600550,保变电气,2025-09-23 09:54:59,8.11,27800,8.11,D
sh600550,保变电气,2025-09-23 09:56:26,8.11,82000,8.11,U
sh600550,保变电气,2025-09-23 09:57:23,8.11,24200,8.11,U
sh600550,保变电气,2025-09-23 09:58:17,8.11,39200,8.11,U
sh600550,保变电气,2025-09-23 09:59:23,8.1,40900,8.1,D
sh600550,保变电气,2025-09-23 09:59:56,8.09,26000,8.1,D
sh600550,保变电气,2025-09-23 10:00:05,8.1,31000,8.09,U
sh600550,保变电气,2025-09-23 10:00:14,8.09,20800,8.09,D
sh600550,保变电气,2025-09-23 10:00:17,8.09,23900,8.09,D
sh600550,保变电气,2025-09-23 10:01:23,8.08,27900,8.08,D
sh600550,保变电气,2025-09-23 10:01:56,8.08,22400,8.08,D
sh600550,保变电气,2025-09-23 10:02:11,8.07,60600,8.08,D
sh600550,保变电气,2025-09-23 10:02:20,8.07,27300,8.07,D
sh600550,保变电气,2025-09-23 10:02:44,8.07,150000,8.07,U
sh600550,保变电气,2025-09-23 10:02:53,8.07,26200,8.07,U
sh600550,保变电气,2025-09-23 10:03:08,8.08,241189,8.08,U
sh600550,保变电气,2025-09-23 10:03:11,8.09,24500,8.08,U
sh600550,保变电气,2025-09-23 10:04:02,8.08,88900,8.09,D
sh600550,保变电气,2025-09-23 10:07:20,8.07,33300,8.07,D
sh600550,保变电气,2025-09-23 10:09:11,8.08,22500,8.08,U
sh600550,保变电气,2025-09-23 10:09:20,8.06,55700,8.07,D
sh600550,保变电气,2025-09-23 10:09:59,8.06,20000,8.06,D
sh600550,保变电气,2025-09-23 10:10:08,8.06,27500,8.06,D
sh600550,保变电气,2025-09-23 10:10:20,8.06,30000,8.06,D
sh600550,保变电气,2025-09-23 10:10:35,8.06,31500,8.06,D
sh600550,保变电气,2025-09-23 10:12:26,8.05,196900,8.06,D
sh600550,保变电气,2025-09-23 10:12:47,8.05,56500,8.05,D
sh600550,保变电气,2025-09-23 10:12:50,8.05,27200,8.05,D
sh600550,保变电气,2025-09-23 10:13:44,8.03,90500,8.04,D
sh600550,保变电气,2025-09-23 10:14:02,8.05,98300,8.05,U
sh600550,保变电气,2025-09-23 10:14:05,8.06,35400,8.05,U
sh600550,保变电气,2025-09-23 10:14:20,8.06,20300,8.05,U
sh600550,保变电气,2025-09-23 10:14:23,8.07,46400,8.06,U
sh600550,保变电气,2025-09-23 10:15:56,8.07,20300,8.08,D
sh600550,保变电气,2025-09-23 10:15:59,8.08,26400,8.07,U
sh600550,保变电气,2025-09-23 10:16:44,8.07,64400,8.08,D
sh600550,保变电气,2025-09-23 10:18:59,8.05,23600,8.05,U
sh600550,保变电气,2025-09-23 10:20:08,8.05,29800,8.05,U
sh600550,保变电气,2025-09-23 10:20:20,8.05,31200,8.05,D
sh600550,保变电气,2025-09-23 10:21:17,8.05,139400,8.03,U
sh600550,保变电气,2025-09-23 10:21:23,8.05,29000,8.05,D
sh600550,保变电气,2025-09-23 10:21:44,8.06,36000,8.06,U
sh600550,保变电气,2025-09-23 10:21:50,8.05,63900,8.06,D
sh600550,保变电气,2025-09-23 10:24:05,8.04,36500,8.04,D
sh600550,保变电气,2025-09-23 10:24:41,8.03,29400,8.04,D
sh600550,保变电气,2025-09-23 10:25:20,8.02,136500,8.04,D
sh600550,保变电气,2025-09-23 10:25:41,8.02,24900,8.02,D
sh600550,保变电气,2025-09-23 10:25:47,8.02,20800,8.02,D
sh600550,保变电气,2025-09-23 10:25:50,8.03,29100,8.02,U
sh600550,保变电气,2025-09-23 10:25:56,8.02,36500,8.01,U
sh600550,保变电气,2025-09-23 10:25:59,8.02,27200,8.02,U
sh600550,保变电气,2025-09-23 10:26:05,8.02,20100,8.01,D
sh600550,保变电气,2025-09-23 10:26:08,8.01,27800,8.02,D
sh600550,保变电气,2025-09-23 10:26:14,8.03,62500,8.03,U
sh600550,保变电气,2025-09-23 10:26:29,8.01,23500,8.02,D
sh600550,保变电气,2025-09-23 10:26:32,8.02,21500,8.01,D
sh600550,保变电气,2025-09-23 10:26:41,8.03,52700,8.02,U
sh600550,保变电气,2025-09-23 10:27:50,8.01,20000,8.02,D
sh600550,保变电气,2025-09-23 10:27:53,8.02,67300,8.01,U
sh600550,保变电气,2025-09-23 10:28:17,8.02,31200,8.02,U
sh600550,保变电气,2025-09-23 10:29:20,8.01,40400,8.02,D
sh600550,保变电气,2025-09-23 10:29:38,8.01,44600,8.01,D
sh600550,保变电气,2025-09-23 10:30:35,8.01,45900,8.02,D
sh600550,保变电气,2025-09-23 10:30:47,8.01,125000,8.01,D
sh600550,保变电气,2025-09-23 10:31:08,8.01,31400,8.0,U
sh600550,保变电气,2025-09-23 10:31:44,8.0,21500,8.01,D
sh600550,保变电气,2025-09-23 10:31:53,8.0,33900,8.0,D
sh600550,保变电气,2025-09-23 10:32:02,8.0,34200,8.01,D
sh600550,保变电气,2025-09-23 10:32:08,8.0,23000,8.0,D
sh600550,保变电气,2025-09-23 10:32:29,8.0,21500,8.01,D
sh600550,保变电气,2025-09-23 10:32:47,8.0,86200,8.0,D
sh600550,保变电气,2025-09-23 10:32:50,8.0,158500,8.0,D
sh600550,保变电气,2025-09-23 10:32:59,8.0,44900,8.0,U
sh600550,保变电气,2025-09-23 10:33:02,8.0,29200,8.0,U
sh600550,保变电气,2025-09-23 10:33:05,7.99,23100,8.0,D
sh600550,保变电气,2025-09-23 10:33:08,7.99,26300,7.99,D
sh600550,保变电气,2025-09-23 10:33:29,7.99,21900,7.99,U
sh600550,保变电气,2025-09-23 10:33:44,7.98,31500,7.98,D
sh600550,保变电气,2025-09-23 10:34:02,8.0,198200,7.98,U
sh600550,保变电气,2025-09-23 10:34:11,8.0,86100,8.0,U
sh600550,保变电气,2025-09-23 10:35:29,8.01,20600,8.01,U
sh600550,保变电气,2025-09-23 10:35:47,8.0,20500,8.0,D
sh600550,保变电气,2025-09-23 10:36:26,8.02,37300,8.02,U
sh600550,保变电气,2025-09-23 10:36:47,8.02,38100,8.02,D
sh600550,保变电气,2025-09-23 10:37:08,8.03,20900,8.03,U
sh600550,保变电气,2025-09-23 10:37:35,8.04,32900,8.04,U
sh600550,保变电气,2025-09-23 10:38:14,8.01,53800,8.02,D
sh600550,保变电气,2025-09-23 10:39:38,8.01,44800,8.02,D
sh600550,保变电气,2025-09-23 10:41:02,8.01,22500,8.02,D
sh600550,保变电气,2025-09-23 10:41:23,8.0,52900,8.01,D
sh600550,保变电气,2025-09-23 10:43:02,8.02,35900,8.01,U
sh600550,保变电气,2025-09-23 10:43:11,8.03,32000,8.03,U
sh600550,保变电气,2025-09-23 10:48:11,8.05,50000,8.05,U
sh600550,保变电气,2025-09-23 10:48:35,8.06,21400,8.06,D
sh600550,保变电气,2025-09-23 10:51:02,8.06,25400,8.05,U
sh600550,保变电气,2025-09-23 10:53:11,8.05,39000,8.05,D
sh600550,保变电气,2025-09-23 10:54:17,8.05,26600,8.05,U
sh600550,保变电气,2025-09-23 10:57:50,8.05,37400,8.05,U
sh600550,保变电气,2025-09-23 10:59:08,8.05,20300,8.05,U
sh600550,保变电气,2025-09-23 10:59:41,8.06,66600,8.06,U
sh600550,保变电气,2025-09-23 10:59:44,8.05,20000,8.06,D
sh600550,保变电气,2025-09-23 11:01:05,8.06,74100,8.05,U
sh600550,保变电气,2025-09-23 11:05:38,8.04,25700,8.05,D
sh600550,保变电气,2025-09-23 11:06:17,8.05,24000,8.05,U
sh600550,保变电气,2025-09-23 11:10:20,8.06,37300,8.05,U
sh600550,保变电气,2025-09-23 11:14:20,8.04,21000,8.04,D
sh600550,保变电气,2025-09-23 11:17:11,8.05,120700,8.03,U
sh600550,保变电气,2025-09-23 11:19:29,8.05,94700,8.04,U
sh600550,保变电气,2025-09-23 11:19:32,8.05,47800,8.05,U
sh600550,保变电气,2025-09-23 11:21:46,8.06,22700,8.05,U
sh600550,保变电气,2025-09-23 11:22:11,8.05,20200,8.06,D
sh600550,保变电气,2025-09-23 11:24:29,8.05,20000,8.04,U
sh600550,保变电气,2025-09-23 13:00:08,8.03,56900,8.03,U
sh600550,保变电气,2025-09-23 13:02:32,8.01,26800,8.01,D
sh600550,保变电气,2025-09-23 13:02:44,8.01,72600,8.01,D
sh600550,保变电气,2025-09-23 13:04:23,8.01,40500,8.0,U
sh600550,保变电气,2025-09-23 13:04:32,8.0,29200,8.0,D
sh600550,保变电气,2025-09-23 13:04:56,8.0,35600,8.0,D
sh600550,保变电气,2025-09-23 13:05:05,8.0,37500,8.0,D
sh600550,保变电气,2025-09-23 13:05:08,7.99,120700,8.0,D
sh600550,保变电气,2025-09-23 13:05:20,7.99,35000,8.0,D
sh600550,保变电气,2025-09-23 13:05:59,7.99,26300,7.99,D
sh600550,保变电气,2025-09-23 13:09:56,8.0,73700,8.0,U
sh600550,保变电气,2025-09-23 13:11:44,8.01,100400,8.01,U
sh600550,保变电气,2025-09-23 13:12:17,8.03,22600,8.01,U
sh600550,保变电气,2025-09-23 13:12:20,8.04,64200,8.03,U
sh600550,保变电气,2025-09-23 13:18:32,8.04,26900,8.04,U
sh600550,保变电气,2025-09-23 13:23:11,8.02,20800,8.02,D
sh600550,保变电气,2025-09-23 13:23:14,8.02,27100,8.02,U
sh600550,保变电气,2025-09-23 13:24:35,8.03,26800,8.03,U
sh600550,保变电气,2025-09-23 13:25:08,8.04,126100,8.03,U
sh600550,保变电气,2025-09-23 13:25:11,8.05,123200,8.04,U
sh600550,保变电气,2025-09-23 13:25:44,8.05,71872,8.05,U
sh600550,保变电气,2025-09-23 13:27:17,8.06,75800,8.06,U
sh600550,保变电气,2025-09-23 13:27:50,8.06,25500,8.06,U
sh600550,保变电气,2025-09-23 13:28:05,8.08,84400,8.07,U
sh600550,保变电气,2025-09-23 13:28:23,8.08,35900,8.08,U
sh600550,保变电气,2025-09-23 13:28:59,8.08,96800,8.08,U
sh600550,保变电气,2025-09-23 13:29:02,8.08,49800,8.08,D
sh600550,保变电气,2025-09-23 13:30:41,8.06,21000,8.07,D
sh600550,保变电气,2025-09-23 13:31:08,8.08,20300,8.08,U
sh600550,保变电气,2025-09-23 13:31:17,8.08,35100,8.08,U
sh600550,保变电气,2025-09-23 13:33:02,8.07,45700,8.09,D
sh600550,保变电气,2025-09-23 13:37:50,8.05,20700,8.06,D
sh600550,保变电气,2025-09-23 13:46:11,8.03,29700,8.03,D
sh600550,保变电气,2025-09-23 13:55:29,8.02,52000,8.04,D
sh600550,保变电气,2025-09-23 13:59:02,8.03,101400,8.04,D
sh600550,保变电气,2025-09-23 13:59:44,8.04,125200,8.04,U
sh600550,保变电气,2025-09-23 14:01:17,8.04,30900,8.04,D
sh600550,保变电气,2025-09-23 14:04:26,8.02,79900,8.02,D
sh600550,保变电气,2025-09-23 14:07:08,8.01,97700,8.02,D
sh600550,保变电气,2025-09-23 14:12:05,8.0,123200,8.0,D
sh600550,保变电气,2025-09-23 14:12:56,8.02,32700,8.01,U
sh600550,保变电气,2025-09-23 14:13:35,8.01,37700,8.02,D
sh600550,保变电气,2025-09-23 14:16:02,8.02,66800,8.01,U
sh600550,保变电气,2025-09-23 14:17:02,8.02,30800,8.01,U
sh600550,保变电气,2025-09-23 14:17:23,8.03,111000,8.01,U
sh600550,保变电气,2025-09-23 14:19:23,8.03,20000,8.04,D
sh600550,保变电气,2025-09-23 14:20:38,8.04,40500,8.04,U
sh600550,保变电气,2025-09-23 14:21:35,8.05,34200,8.04,U
sh600550,保变电气,2025-09-23 14:21:47,8.05,22100,8.05,U
sh600550,保变电气,2025-09-23 14:21:56,8.06,69800,8.05,U
sh600550,保变电气,2025-09-23 14:23:41,8.06,53700,8.05,U
sh600550,保变电气,2025-09-23 14:24:56,8.05,20000,8.06,D
sh600550,保变电气,2025-09-23 14:25:08,8.05,20200,8.06,D
sh600550,保变电气,2025-09-23 14:27:08,8.07,138400,8.06,U
sh600550,保变电气,2025-09-23 14:28:02,8.06,33500,8.06,D
sh600550,保变电气,2025-09-23 14:28:26,8.08,21400,8.08,U
sh600550,保变电气,2025-09-23 14:29:02,8.08,34500,8.07,U
sh600550,保变电气,2025-09-23 14:29:11,8.09,99300,8.08,U
sh600550,保变电气,2025-09-23 14:31:02,8.09,45000,8.08,U
sh600550,保变电气,2025-09-23 14:32:32,8.08,67500,8.08,D
sh600550,保变电气,2025-09-23 14:34:47,8.08,37700,8.08,U
sh600550,保变电气,2025-09-23 14:35:56,8.09,101200,8.09,U
sh600550,保变电气,2025-09-23 14:35:59,8.1,50900,8.09,U
sh600550,保变电气,2025-09-23 14:37:14,8.09,25400,8.09,D
sh600550,保变电气,2025-09-23 14:37:32,8.09,44300,8.08,U
sh600550,保变电气,2025-09-23 14:39:50,8.08,37300,8.08,D
sh600550,保变电气,2025-09-23 14:40:17,8.09,25000,8.09,U
sh600550,保变电气,2025-09-23 14:41:11,8.09,112100,8.09,U
sh600550,保变电气,2025-09-23 14:42:11,8.1,21000,8.1,U
sh600550,保变电气,2025-09-23 14:42:41,8.09,38900,8.09,D
sh600550,保变电气,2025-09-23 14:43:11,8.08,36700,8.09,D
sh600550,保变电气,2025-09-23 14:44:02,8.09,31200,8.09,U
sh600550,保变电气,2025-09-23 14:44:17,8.09,26700,8.09,D
sh600550,保变电气,2025-09-23 14:44:56,8.1,28400,8.1,U
sh600550,保变电气,2025-09-23 14:46:29,8.1,24800,8.1,U
sh600550,保变电气,2025-09-23 14:46:53,8.09,27500,8.1,D
sh600550,保变电气,2025-09-23 14:48:02,8.1,32200,8.1,U
sh600550,保变电气,2025-09-23 14:48:20,8.1,50100,8.1,U
sh600550,保变电气,2025-09-23 14:48:32,8.11,28900,8.1,U
sh600550,保变电气,2025-09-23 14:49:23,8.1,21400,8.11,D
sh600550,保变电气,2025-09-23 14:50:20,8.12,36500,8.12,U
sh600550,保变电气,2025-09-23 14:51:44,8.12,27300,8.13,D
sh600550,保变电气,2025-09-23 14:52:08,8.12,20600,8.13,D
sh600550,保变电气,2025-09-23 14:52:17,8.12,28200,8.13,D
sh600550,保变电气,2025-09-23 14:53:29,8.13,32300,8.13,U
sh600550,保变电气,2025-09-23 14:53:50,8.13,50200,8.13,U
sh600550,保变电气,2025-09-23 14:53:56,8.13,87100,8.14,D
sh600550,保变电气,2025-09-23 14:54:02,8.14,29200,8.14,U
sh600550,保变电气,2025-09-23 14:54:29,8.15,31000,8.15,U
sh600550,保变电气,2025-09-23 14:56:35,8.14,25900,8.14,U
sh600550,保变电气,2025-09-23 15:00:03,8.14,306000,8.14,U
