symbol,name,ticktime,price,volume,prev_price,kind
sh600550,保变电气,2025-10-09 09:25:01,8.32,392300,0.0,U
sh600550,保变电气,2025-10-09 09:30:02,8.34,86400,8.32,U
sh600550,保变电气,2025-10-09 09:30:05,8.35,38090,8.34,U
sh600550,保变电气,2025-10-09 09:30:08,8.35,32400,8.35,D
sh600550,保变电气,2025-10-09 09:30:11,8.36,22800,8.35,E
sh600550,保变电气,2025-10-09 09:30:14,8.36,28300,8.36,U
sh600550,保变电气,2025-10-09 09:30:17,8.38,73200,8.36,U
sh600550,保变电气,2025-10-09 09:30:23,8.38,56500,8.37,U
sh600550,保变电气,2025-10-09 09:30:26,8.37,120700,8.38,D
sh600550,保变电气,2025-10-09 09:30:29,8.38,92300,8.37,E
sh600550,保变电气,2025-10-09 09:30:32,8.37,73600,8.38,D
sh600550,保变电气,2025-10-09 09:30:35,8.39,31300,8.37,U
sh600550,保变电气,2025-10-09 09:30:38,8.39,37500,8.39,D
sh600550,保变电气,2025-10-09 09:30:41,8.39,53800,8.39,D
sh600550,保变电气,2025-10-09 09:30:44,8.39,46900,8.39,D
sh600550,保变电气,2025-10-09 09:30:47,8.4,59300,8.39,U
sh600550,保变电气,2025-10-09 09:30:50,8.39,69100,8.4,D
sh600550,保变电气,2025-10-09 09:30:53,8.4,32000,8.39,U
sh600550,保变电气,2025-10-09 09:30:56,8.4,122800,8.4,D
sh600550,保变电气,2025-10-09 09:30:59,8.4,31000,8.4,D
sh600550,保变电气,2025-10-09 09:31:02,8.4,65900,8.4,D
sh600550,保变电气,2025-10-09 09:31:05,8.41,35800,8.4,U
sh600550,保变电气,2025-10-09 09:31:08,8.41,38300,8.41,U
sh600550,保变电气,2025-10-09 09:31:11,8.41,34400,8.41,D
sh600550,保变电气,2025-10-09 09:31:14,8.42,54300,8.41,U
sh600550,保变电气,2025-10-09 09:31:17,8.43,48100,8.42,U
sh600550,保变电气,2025-10-09 09:31:20,8.43,72300,8.43,U
sh600550,保变电气,2025-10-09 09:31:23,8.43,109000,8.43,D
sh600550,保变电气,2025-10-09 09:31:26,8.43,28000,8.43,U
sh600550,保变电气,2025-10-09 09:31:29,8.43,43700,8.43,D
sh600550,保变电气,2025-10-09 09:31:32,8.44,70800,8.43,U
sh600550,保变电气,2025-10-09 09:31:35,8.44,275100,8.44,D
sh600550,保变电气,2025-10-09 09:31:41,8.44,42800,8.46,D
sh600550,保变电气,2025-10-09 09:31:44,8.45,34400,8.44,D
sh600550,保变电气,2025-10-09 09:31:50,8.45,33800,8.45,U
sh600550,保变电气,2025-10-09 09:31:53,8.45,41400,8.45,U
sh600550,保变电气,2025-10-09 09:31:56,8.45,49300,8.45,U
sh600550,保变电气,2025-10-09 09:31:59,8.44,69800,8.45,D
sh600550,保变电气,2025-10-09 09:32:02,8.44,195652,8.44,U
sh600550,保变电气,2025-10-09 09:32:05,8.44,150136,8.44,U
sh600550,保变电气,2025-10-09 09:32:08,8.45,99900,8.44,U
sh600550,保变电气,2025-10-09 09:32:11,8.46,160600,8.45,U
sh600550,保变电气,2025-10-09 09:32:14,8.46,48200,8.46,U
sh600550,保变电气,2025-10-09 09:32:17,8.46,103600,8.46,D
sh600550,保变电气,2025-10-09 09:32:20,8.45,29100,8.46,U
sh600550,保变电气,2025-10-09 09:32:23,8.46,30100,8.45,U
sh600550,保变电气,2025-10-09 09:32:26,8.45,29100,8.46,D
sh600550,保变电气,2025-10-09 09:32:29,8.45,27800,8.45,U
sh600550,保变电气,2025-10-09 09:32:32,8.45,39400,8.45,U
sh600550,保变电气,2025-10-09 09:32:35,8.44,50600,8.45,D
sh600550,保变电气,2025-10-09 09:32:50,8.42,24900,8.42,D
sh600550,保变电气,2025-10-09 09:32:53,8.43,55000,8.42,U
sh600550,保变电气,2025-10-09 09:32:56,8.43,54700,8.43,U
sh600550,保变电气,2025-10-09 09:33:05,8.41,35400,8.42,D
sh600550,保变电气,2025-10-09 09:33:11,8.41,32200,8.42,D
sh600550,保变电气,2025-10-09 09:33:14,8.41,36300,8.41,D
sh600550,保变电气,2025-10-09 09:33:17,8.41,71400,8.41,D
sh600550,保变电气,2025-10-09 09:33:23,8.41,144500,8.42,D
sh600550,保变电气,2025-10-09 09:33:32,8.41,36700,8.41,D
sh600550,保变电气,2025-10-09 09:33:35,8.41,38900,8.41,D
sh600550,保变电气,2025-10-09 09:33:38,8.41,36600,8.41,U
sh600550,保变电气,2025-10-09 09:33:41,8.43,68700,8.41,U
sh600550,保变电气,2025-10-09 09:33:44,8.41,35900,8.43,D
sh600550,保变电气,2025-10-09 09:33:50,8.42,37300,8.41,U
sh600550,保变电气,2025-10-09 09:33:53,8.42,27600,8.42,U
sh600550,保变电气,2025-10-09 09:33:56,8.42,29500,8.42,D
sh600550,保变电气,2025-10-09 09:33:59,8.41,49100,8.42,D
sh600550,保变电气,2025-10-09 09:34:02,8.42,21100,8.41,E
sh600550,保变电气,2025-10-09 09:34:05,8.43,45000,8.42,U
sh600550,保变电气,2025-10-09 09:34:11,8.44,53700,8.44,U
sh600550,保变电气,2025-10-09 09:34:14,8.44,25500,8.44,U
sh600550,保变电气,2025-10-09 09:34:17,8.46,391300,8.44,U
sh600550,保变电气,2025-10-09 09:34:20,8.45,72500,8.46,D
sh600550,保变电气,2025-10-09 09:34:26,8.46,21500,8.46,U
sh600550,保变电气,2025-10-09 09:34:29,8.46,66500,8.46,U
sh600550,保变电气,2025-10-09 09:34:32,8.45,65900,8.46,D
sh600550,保变电气,2025-10-09 09:34:35,8.45,70700,8.45,D
sh600550,保变电气,2025-10-09 09:34:38,8.45,31500,8.45,U
sh600550,保变电气,2025-10-09 09:34:41,8.45,38500,8.45,U
sh600550,保变电气,2025-10-09 09:34:44,8.45,49400,8.45,U
sh600550,保变电气,2025-10-09 09:34:47,8.45,55700,8.45,D
sh600550,保变电气,2025-10-09 09:34:56,8.46,55200,8.46,U
sh600550,保变电气,2025-10-09 09:34:59,8.46,33300,8.46,U
sh600550,保变电气,2025-10-09 09:35:02,8.46,90200,8.46,U
sh600550,保变电气,2025-10-09 09:35:05,8.46,29700,8.46,D
sh600550,保变电气,2025-10-09 09:35:08,8.45,106800,8.46,D
sh600550,保变电气,2025-10-09 09:35:11,8.46,24600,8.45,E
sh600550,保变电气,2025-10-09 09:35:14,8.46,85500,8.46,U
sh600550,保变电气,2025-10-09 09:35:17,8.45,75000,8.46,D
sh600550,保变电气,2025-10-09 09:35:20,8.45,70200,8.45,D
sh600550,保变电气,2025-10-09 09:35:23,8.45,93700,8.45,D
sh600550,保变电气,2025-10-09 09:35:26,8.45,90200,8.45,D
sh600550,保变电气,2025-10-09 09:35:29,8.44,45100,8.45,D
sh600550,保变电气,2025-10-09 09:35:32,8.44,22000,8.44,D
sh600550,保变电气,2025-10-09 09:35:38,8.44,29400,8.44,D
sh600550,保变电气,2025-10-09 09:35:41,8.44,27600,8.44,U
sh600550,保变电气,2025-10-09 09:35:47,8.44,138500,8.44,U
sh600550,保变电气,2025-10-09 09:35:50,8.44,88800,8.44,D
sh600550,保变电气,2025-10-09 09:35:53,8.46,169900,8.44,U
sh600550,保变电气,2025-10-09 09:36:05,8.46,53700,8.46,U
sh600550,保变电气,2025-10-09 09:36:08,8.46,49900,8.46,U
sh600550,保变电气,2025-10-09 09:36:26,8.46,37000,8.45,U
sh600550,保变电气,2025-10-09 09:36:29,8.46,136098,8.46,U
sh600550,保变电气,2025-10-09 09:36:32,8.45,47602,8.46,D
sh600550,保变电气,2025-10-09 09:36:38,8.45,54900,8.45,D
sh600550,保变电气,2025-10-09 09:36:41,8.46,60400,8.45,U
sh600550,保变电气,2025-10-09 09:36:44,8.46,181968,8.46,U
sh600550,保变电气,2025-10-09 09:36:53,8.47,58000,8.46,U
sh600550,保变电气,2025-10-09 09:36:56,8.47,288500,8.47,U
sh600550,保变电气,2025-10-09 09:37:02,8.48,95900,8.48,U
sh600550,保变电气,2025-10-09 09:37:05,8.48,40100,8.48,U
sh600550,保变电气,2025-10-09 09:37:08,8.48,66300,8.48,U
sh600550,保变电气,2025-10-09 09:37:11,8.47,23600,8.48,D
sh600550,保变电气,2025-10-09 09:37:14,8.47,23300,8.47,D
sh600550,保变电气,2025-10-09 09:37:17,8.47,62900,8.47,D
sh600550,保变电气,2025-10-09 09:37:20,8.47,20500,8.47,U
sh600550,保变电气,2025-10-09 09:37:29,8.47,72832,8.46,U
sh600550,保变电气,2025-10-09 09:37:35,8.45,96300,8.46,D
sh600550,保变电气,2025-10-09 09:37:38,8.46,21700,8.45,U
sh600550,保变电气,2025-10-09 09:37:59,8.46,102600,8.46,U
sh600550,保变电气,2025-10-09 09:38:11,8.46,28500,8.46,D
sh600550,保变电气,2025-10-09 09:38:14,8.46,107800,8.46,U
sh600550,保变电气,2025-10-09 09:38:20,8.45,23800,8.46,D
sh600550,保变电气,2025-10-09 09:38:32,8.46,102800,8.46,U
sh600550,保变电气,2025-10-09 09:38:35,8.47,122200,8.46,U
sh600550,保变电气,2025-10-09 09:38:38,8.47,77668,8.47,U
sh600550,保变电气,2025-10-09 09:38:56,8.47,41332,8.47,U
sh600550,保变电气,2025-10-09 09:39:02,8.46,20500,8.46,U
sh600550,保变电气,2025-10-09 09:39:20,8.46,73400,8.46,U
sh600550,保变电气,2025-10-09 09:39:32,8.46,22800,8.47,U
sh600550,保变电气,2025-10-09 09:39:38,8.46,39100,8.47,D
sh600550,保变电气,2025-10-09 09:39:53,8.46,31400,8.46,U
sh600550,保变电气,2025-10-09 09:39:56,8.46,34300,8.46,D
sh600550,保变电气,2025-10-09 09:39:59,8.47,23300,8.46,U
sh600550,保变电气,2025-10-09 09:40:05,8.46,20100,8.46,D
sh600550,保变电气,2025-10-09 09:40:08,8.47,29300,8.46,U
sh600550,保变电气,2025-10-09 09:40:11,8.46,37500,8.47,D
sh600550,保变电气,2025-10-09 09:40:14,8.46,75900,8.46,D
sh600550,保变电气,2025-10-09 09:40:29,8.46,72200,8.47,D
sh600550,保变电气,2025-10-09 09:40:38,8.46,38300,8.46,D
sh600550,保变电气,2025-10-09 09:40:44,8.46,37700,8.46,U
sh600550,保变电气,2025-10-09 09:40:50,8.46,39000,8.46,U
sh600550,保变电气,2025-10-09 09:40:53,8.46,26100,8.46,D
sh600550,保变电气,2025-10-09 09:41:05,8.46,27200,8.46,U
sh600550,保变电气,2025-10-09 09:41:20,8.46,101000,8.45,U
sh600550,保变电气,2025-10-09 09:41:32,8.47,181800,8.46,U
sh600550,保变电气,2025-10-09 09:41:44,8.47,24200,8.46,U
sh600550,保变电气,2025-10-09 09:41:56,8.47,101600,8.47,U
sh600550,保变电气,2025-10-09 09:41:59,8.47,60100,8.47,U
sh600550,保变电气,2025-10-09 09:42:02,8.47,40200,8.47,U
sh600550,保变电气,2025-10-09 09:42:44,8.47,29800,8.47,D
sh600550,保变电气,2025-10-09 09:42:56,8.48,21300,8.47,U
sh600550,保变电气,2025-10-09 09:43:05,8.48,340000,8.48,U
sh600550,保变电气,2025-10-09 09:43:14,8.49,27600,8.49,U
sh600550,保变电气,2025-10-09 09:43:17,8.49,263500,8.49,U
sh600550,保变电气,2025-10-09 09:43:20,8.51,710300,8.49,U
sh600550,保变电气,2025-10-09 09:43:23,8.51,86600,8.51,U
sh600550,保变电气,2025-10-09 09:43:26,8.52,29300,8.51,U
sh600550,保变电气,2025-10-09 09:43:32,8.52,70700,8.52,U
sh600550,保变电气,2025-10-09 09:43:35,8.52,67700,8.52,U
sh600550,保变电气,2025-10-09 09:43:38,8.52,61200,8.52,U
sh600550,保变电气,2025-10-09 09:43:41,8.52,55000,8.52,U
sh600550,保变电气,2025-10-09 09:43:44,8.52,47700,8.52,D
sh600550,保变电气,2025-10-09 09:43:47,8.52,53900,8.52,D
sh600550,保变电气,2025-10-09 09:43:50,8.53,133700,8.52,U
sh600550,保变电气,2025-10-09 09:43:53,8.53,67600,8.53,U
sh600550,保变电气,2025-10-09 09:43:56,8.54,39000,8.53,U
sh600550,保变电气,2025-10-09 09:43:59,8.54,72300,8.54,U
sh600550,保变电气,2025-10-09 09:44:02,8.54,118700,8.54,U
sh600550,保变电气,2025-10-09 09:44:05,8.54,89300,8.54,U
sh600550,保变电气,2025-10-09 09:44:08,8.54,41100,8.54,U
sh600550,保变电气,2025-10-09 09:44:11,8.54,95800,8.54,D
sh600550,保变电气,2025-10-09 09:44:14,8.52,267400,8.54,D
sh600550,保变电气,2025-10-09 09:44:17,8.51,139300,8.52,D
sh600550,保变电气,2025-10-09 09:44:20,8.52,82800,8.51,U
sh600550,保变电气,2025-10-09 09:44:23,8.51,44700,8.52,U
sh600550,保变电气,2025-10-09 09:44:26,8.5,144700,8.51,D
sh600550,保变电气,2025-10-09 09:44:29,8.5,20100,8.5,D
sh600550,保变电气,2025-10-09 09:44:38,8.51,20700,8.51,U
sh600550,保变电气,2025-10-09 09:44:41,8.51,32600,8.51,U
sh600550,保变电气,2025-10-09 09:44:47,8.5,24600,8.51,D
sh600550,保变电气,2025-10-09 09:44:50,8.51,54000,8.5,U
sh600550,保变电气,2025-10-09 09:44:53,8.51,21800,8.51,D
sh600550,保变电气,2025-10-09 09:44:56,8.51,26700,8.51,D
sh600550,保变电气,2025-10-09 09:45:02,8.52,30300,8.51,U
sh600550,保变电气,2025-10-09 09:45:14,8.52,42600,8.52,U
sh600550,保变电气,2025-10-09 09:45:17,8.51,115300,8.52,D
sh600550,保变电气,2025-10-09 09:45:20,8.51,219000,8.51,D
sh600550,保变电气,2025-10-09 09:45:26,8.51,22500,8.51,U
sh600550,保变电气,2025-10-09 09:45:29,8.5,32700,8.51,D
sh600550,保变电气,2025-10-09 09:45:32,8.51,38100,8.5,U
sh600550,保变电气,2025-10-09 09:45:35,8.5,21000,8.51,D
sh600550,保变电气,2025-10-09 09:45:44,8.5,50000,8.5,U
sh600550,保变电气,2025-10-09 09:45:50,8.51,25400,8.5,U
sh600550,保变电气,2025-10-09 09:46:02,8.51,64700,8.5,U
sh600550,保变电气,2025-10-09 09:46:17,8.49,70100,8.5,D
sh600550,保变电气,2025-10-09 09:46:20,8.49,29500,8.49,D
sh600550,保变电气,2025-10-09 09:46:23,8.48,67400,8.49,D
sh600550,保变电气,2025-10-09 09:46:29,8.49,37800,8.48,U
sh600550,保变电气,2025-10-09 09:46:41,8.48,20900,8.48,D
sh600550,保变电气,2025-10-09 09:46:47,8.48,21600,8.48,D
sh600550,保变电气,2025-10-09 09:46:53,8.49,28800,8.48,U
sh600550,保变电气,2025-10-09 09:47:05,8.49,26500,8.49,U
sh600550,保变电气,2025-10-09 09:47:08,8.49,45600,8.49,U
sh600550,保变电气,2025-10-09 09:47:20,8.5,20400,8.5,U
sh600550,保变电气,2025-10-09 09:47:32,8.49,28000,8.5,D
sh600550,保变电气,2025-10-09 09:47:44,8.5,139500,8.5,U
sh600550,保变电气,2025-10-09 09:47:47,8.5,22500,8.5,U
sh600550,保变电气,2025-10-09 09:47:53,8.51,126400,8.5,U
sh600550,保变电气,2025-10-09 09:47:56,8.5,23600,8.51,D
sh600550,保变电气,2025-10-09 09:48:05,8.52,42700,8.52,U
sh600550,保变电气,2025-10-09 09:48:08,8.52,44800,8.52,U
sh600550,保变电气,2025-10-09 09:48:17,8.52,37400,8.52,D
sh600550,保变电气,2025-10-09 09:48:20,8.52,45920,8.52,D
sh600550,保变电气,2025-10-09 09:48:29,8.51,111400,8.52,D
sh600550,保变电气,2025-10-09 09:48:38,8.49,139200,8.51,D
sh600550,保变电气,2025-10-09 09:48:41,8.5,22700,8.49,U
sh600550,保变电气,2025-10-09 09:48:44,8.5,113300,8.5,U
sh600550,保变电气,2025-10-09 09:48:50,8.51,24800,8.5,U
sh600550,保变电气,2025-10-09 09:48:59,8.51,39000,8.5,U
sh600550,保变电气,2025-10-09 09:49:11,8.51,43600,8.5,U
sh600550,保变电气,2025-10-09 09:49:29,8.52,27200,8.51,U
sh600550,保变电气,2025-10-09 09:49:41,8.51,71400,8.51,U
sh600550,保变电气,2025-10-09 09:49:56,8.51,26800,8.51,D
sh600550,保变电气,2025-10-09 09:50:02,8.51,37100,8.51,D
sh600550,保变电气,2025-10-09 09:50:26,8.51,64800,8.51,U
sh600550,保变电气,2025-10-09 09:50:44,8.51,24000,8.51,D
sh600550,保变电气,2025-10-09 09:50:50,8.52,31300,8.52,U
sh600550,保变电气,2025-10-09 09:50:56,8.52,26000,8.52,U
sh600550,保变电气,2025-10-09 09:51:02,8.52,77280,8.52,U
sh600550,保变电气,2025-10-09 09:51:08,8.52,21900,8.52,D
sh600550,保变电气,2025-10-09 09:51:11,8.52,71900,8.52,D
sh600550,保变电气,2025-10-09 09:51:17,8.53,69200,8.53,U
sh600550,保变电气,2025-10-09 09:51:23,8.53,64100,8.53,U
sh600550,保变电气,2025-10-09 09:51:29,8.53,59800,8.53,U
sh600550,保变电气,2025-10-09 09:51:32,8.53,21000,8.53,U
sh600550,保变电气,2025-10-09 09:51:38,8.52,63600,8.53,D
sh600550,保变电气,2025-10-09 09:51:44,8.52,21900,8.53,D
sh600550,保变电气,2025-10-09 09:51:56,8.52,80800,8.52,D
sh600550,保变电气,2025-10-09 09:52:02,8.53,118200,8.52,U
sh600550,保变电气,2025-10-09 09:52:05,8.53,24200,8.53,D
sh600550,保变电气,2025-10-09 09:52:11,8.53,39800,8.53,D
sh600550,保变电气,2025-10-09 09:52:17,8.53,45200,8.53,U
sh600550,保变电气,2025-10-09 09:52:20,8.52,106300,8.53,D
sh600550,保变电气,2025-10-09 09:52:23,8.54,23800,8.52,U
sh600550,保变电气,2025-10-09 09:52:32,8.53,132900,8.53,D
sh600550,保变电气,2025-10-09 09:52:35,8.53,23400,8.53,D
sh600550,保变电气,2025-10-09 09:52:38,8.53,26000,8.53,D
sh600550,保变电气,2025-10-09 09:52:53,8.54,48300,8.53,U
sh600550,保变电气,2025-10-09 09:52:59,8.54,104100,8.54,U
sh600550,保变电气,2025-10-09 09:53:02,8.54,46500,8.54,U
sh600550,保变电气,2025-10-09 09:53:08,8.53,73300,8.54,D
sh600550,保变电气,2025-10-09 09:53:11,8.53,41100,8.53,D
sh600550,保变电气,2025-10-09 09:53:17,8.53,200800,8.54,D
sh600550,保变电气,2025-10-09 09:53:20,8.54,36200,8.53,U
sh600550,保变电气,2025-10-09 09:53:23,8.54,37900,8.54,U
sh600550,保变电气,2025-10-09 09:53:32,8.53,30700,8.54,D
sh600550,保变电气,2025-10-09 09:53:35,8.54,120200,8.53,U
sh600550,保变电气,2025-10-09 09:53:38,8.54,104800,8.54,U
sh600550,保变电气,2025-10-09 09:53:41,8.54,24500,8.54,U
sh600550,保变电气,2025-10-09 09:53:44,8.54,33700,8.54,D
sh600550,保变电气,2025-10-09 09:53:53,8.53,77900,8.55,D
sh600550,保变电气,2025-10-09 09:53:56,8.54,26900,8.53,U
sh600550,保变电气,2025-10-09 09:54:05,8.53,54700,8.53,D
sh600550,保变电气,2025-10-09 09:54:08,8.54,23100,8.53,U
sh600550,保变电气,2025-10-09 09:54:14,8.54,34700,8.53,U
sh600550,保变电气,2025-10-09 09:54:26,8.53,37700,8.54,D
sh600550,保变电气,2025-10-09 09:54:29,8.53,82000,8.53,D
sh600550,保变电气,2025-10-09 09:54:41,8.53,26200,8.53,D
sh600550,保变电气,2025-10-09 09:54:50,8.53,24300,8.54,D
sh600550,保变电气,2025-10-09 09:54:53,8.54,53800,8.53,U
sh600550,保变电气,2025-10-09 09:55:02,8.54,181600,8.54,U
sh600550,保变电气,2025-10-09 09:55:05,8.53,48400,8.54,D
sh600550,保变电气,2025-10-09 09:55:35,8.52,38000,8.53,D
sh600550,保变电气,2025-10-09 09:55:44,8.52,22400,8.52,D
sh600550,保变电气,2025-10-09 09:56:02,8.53,65400,8.53,U
sh600550,保变电气,2025-10-09 09:56:29,8.51,37900,8.51,D
sh600550,保变电气,2025-10-09 09:56:53,8.51,27800,8.52,D
sh600550,保变电气,2025-10-09 09:57:02,8.51,59100,8.51,D
sh600550,保变电气,2025-10-09 09:57:26,8.52,193200,8.52,U
sh600550,保变电气,2025-10-09 09:57:29,8.52,118800,8.52,D
sh600550,保变电气,2025-10-09 09:57:32,8.53,26200,8.52,U
sh600550,保变电气,2025-10-09 09:57:35,8.53,21200,8.53,D
sh600550,保变电气,2025-10-09 09:57:38,8.54,22600,8.53,U
sh600550,保变电气,2025-10-09 09:57:44,8.54,37900,8.54,U
sh600550,保变电气,2025-10-09 09:57:47,8.54,183400,8.54,U
sh600550,保变电气,2025-10-09 09:57:50,8.54,25300,8.54,U
sh600550,保变电气,2025-10-09 09:58:26,8.55,29300,8.55,U
sh600550,保变电气,2025-10-09 09:58:32,8.55,40800,8.54,U
sh600550,保变电气,2025-10-09 09:58:38,8.55,39800,8.55,U
sh600550,保变电气,2025-10-09 09:58:56,8.55,27400,8.54,U
sh600550,保变电气,2025-10-09 09:59:02,8.55,126600,8.54,U
sh600550,保变电气,2025-10-09 09:59:05,8.55,35200,8.55,U
sh600550,保变电气,2025-10-09 09:59:08,8.55,219400,8.55,U
sh600550,保变电气,2025-10-09 09:59:11,8.55,540561,8.55,U
sh600550,保变电气,2025-10-09 09:59:29,8.56,25500,8.56,U
sh600550,保变电气,2025-10-09 09:59:32,8.55,37000,8.56,D
sh600550,保变电气,2025-10-09 09:59:38,8.55,36000,8.56,D
sh600550,保变电气,2025-10-09 09:59:50,8.56,78700,8.56,U
sh600550,保变电气,2025-10-09 09:59:59,8.55,28300,8.56,D
sh600550,保变电气,2025-10-09 10:00:08,8.55,55900,8.56,D
sh600550,保变电气,2025-10-09 10:00:11,8.56,23400,8.55,U
sh600550,保变电气,2025-10-09 10:00:14,8.56,39200,8.56,U
sh600550,保变电气,2025-10-09 10:00:20,8.55,48400,8.56,D
sh600550,保变电气,2025-10-09 10:00:23,8.56,32400,8.55,U
sh600550,保变电气,2025-10-09 10:00:29,8.56,31300,8.56,U
sh600550,保变电气,2025-10-09 10:00:32,8.56,28900,8.56,U
sh600550,保变电气,2025-10-09 10:00:35,8.56,29900,8.56,U
sh600550,保变电气,2025-10-09 10:00:38,8.55,23100,8.56,D
sh600550,保变电气,2025-10-09 10:00:41,8.56,33900,8.55,U
sh600550,保变电气,2025-10-09 10:00:44,8.56,42100,8.56,U
sh600550,保变电气,2025-10-09 10:00:47,8.56,39300,8.56,U
sh600550,保变电气,2025-10-09 10:00:50,8.56,28300,8.56,D
sh600550,保变电气,2025-10-09 10:00:56,8.56,22400,8.56,U
sh600550,保变电气,2025-10-09 10:00:59,8.56,46700,8.56,U
sh600550,保变电气,2025-10-09 10:01:17,8.56,32700,8.56,U
sh600550,保变电气,2025-10-09 10:01:35,8.56,26400,8.56,U
sh600550,保变电气,2025-10-09 10:01:41,8.55,67400,8.56,D
sh600550,保变电气,2025-10-09 10:01:53,8.56,30800,8.55,U
sh600550,保变电气,2025-10-09 10:01:59,8.55,70100,8.56,D
sh600550,保变电气,2025-10-09 10:02:11,8.54,181339,8.55,D
sh600550,保变电气,2025-10-09 10:02:23,8.54,64900,8.54,D
sh600550,保变电气,2025-10-09 10:02:53,8.54,24700,8.54,U
sh600550,保变电气,2025-10-09 10:03:08,8.53,50200,8.54,D
sh600550,保变电气,2025-10-09 10:03:26,8.54,32700,8.54,U
sh600550,保变电气,2025-10-09 10:03:29,8.54,20100,8.54,U
sh600550,保变电气,2025-10-09 10:03:53,8.53,144000,8.53,D
sh600550,保变电气,2025-10-09 10:04:05,8.53,25400,8.52,U
sh600550,保变电气,2025-10-09 10:04:11,8.52,32800,8.52,D
sh600550,保变电气,2025-10-09 10:04:17,8.53,52700,8.52,U
sh600550,保变电气,2025-10-09 10:04:41,8.52,25700,8.52,U
sh600550,保变电气,2025-10-09 10:05:05,8.52,25700,8.52,U
sh600550,保变电气,2025-10-09 10:05:26,8.52,65300,8.52,U
sh600550,保变电气,2025-10-09 10:05:29,8.52,30200,8.52,U
sh600550,保变电气,2025-10-09 10:05:41,8.53,48000,8.53,U
sh600550,保变电气,2025-10-09 10:05:56,8.52,24600,8.53,D
sh600550,保变电气,2025-10-09 10:05:59,8.52,22500,8.52,U
sh600550,保变电气,2025-10-09 10:06:23,8.52,24500,8.53,D
sh600550,保变电气,2025-10-09 10:07:17,8.53,21000,8.53,U
sh600550,保变电气,2025-10-09 10:07:32,8.52,83000,8.53,D
sh600550,保变电气,2025-10-09 10:07:47,8.53,273500,8.52,U
sh600550,保变电气,2025-10-09 10:07:56,8.54,36800,8.52,U
sh600550,保变电气,2025-10-09 10:07:59,8.56,181100,8.54,U
sh600550,保变电气,2025-10-09 10:08:23,8.56,43200,8.55,U
sh600550,保变电气,2025-10-09 10:08:32,8.56,120000,8.56,U
sh600550,保变电气,2025-10-09 10:09:08,8.55,40000,8.56,D
sh600550,保变电气,2025-10-09 10:09:11,8.55,28400,8.55,D
sh600550,保变电气,2025-10-09 10:09:17,8.56,146600,8.55,U
sh600550,保变电气,2025-10-09 10:09:38,8.56,32000,8.56,U
sh600550,保变电气,2025-10-09 10:09:59,8.56,32300,8.56,U
sh600550,保变电气,2025-10-09 10:10:14,8.56,22900,8.56,U
sh600550,保变电气,2025-10-09 10:10:17,8.56,43200,8.56,U
sh600550,保变电气,2025-10-09 10:10:23,8.56,56300,8.56,U
sh600550,保变电气,2025-10-09 10:10:35,8.56,26000,8.56,D
sh600550,保变电气,2025-10-09 10:10:44,8.56,68800,8.57,D
sh600550,保变电气,2025-10-09 10:10:50,8.56,41200,8.57,D
sh600550,保变电气,2025-10-09 10:10:53,8.57,162600,8.56,U
sh600550,保变电气,2025-10-09 10:10:59,8.57,23200,8.57,U
sh600550,保变电气,2025-10-09 10:11:05,8.57,46300,8.57,U
sh600550,保变电气,2025-10-09 10:11:08,8.58,22200,8.57,U
sh600550,保变电气,2025-10-09 10:11:29,8.58,111900,8.58,U
sh600550,保变电气,2025-10-09 10:11:35,8.58,20100,8.58,U
sh600550,保变电气,2025-10-09 10:11:41,8.58,40700,8.58,U
sh600550,保变电气,2025-10-09 10:12:02,8.57,27800,8.58,D
sh600550,保变电气,2025-10-09 10:12:05,8.58,38200,8.57,U
sh600550,保变电气,2025-10-09 10:12:11,8.57,101200,8.58,D
sh600550,保变电气,2025-10-09 10:12:23,8.58,25800,8.58,U
sh600550,保变电气,2025-10-09 10:12:26,8.58,33500,8.58,U
sh600550,保变电气,2025-10-09 10:12:29,8.57,21300,8.58,D
sh600550,保变电气,2025-10-09 10:12:44,8.57,150400,8.57,D
sh600550,保变电气,2025-10-09 10:12:47,8.57,27600,8.57,U
sh600550,保变电气,2025-10-09 10:12:50,8.57,21800,8.57,D
sh600550,保变电气,2025-10-09 10:12:56,8.57,34200,8.57,U
sh600550,保变电气,2025-10-09 10:13:14,8.57,21200,8.56,U
sh600550,保变电气,2025-10-09 10:13:53,8.57,39600,8.57,U
sh600550,保变电气,2025-10-09 10:14:50,8.56,278100,8.57,D
sh600550,保变电气,2025-10-09 10:15:17,8.56,37300,8.57,D
sh600550,保变电气,2025-10-09 10:15:20,8.56,57000,8.56,U
sh600550,保变电气,2025-10-09 10:15:47,8.56,22800,8.55,U
sh600550,保变电气,2025-10-09 10:16:20,8.56,42500,8.56,U
sh600550,保变电气,2025-10-09 10:16:32,8.57,24600,8.56,U
sh600550,保变电气,2025-10-09 10:18:14,8.57,21800,8.57,U
sh600550,保变电气,2025-10-09 10:18:41,8.56,33100,8.57,D
sh600550,保变电气,2025-10-09 10:19:29,8.57,126100,8.56,U
sh600550,保变电气,2025-10-09 10:20:11,8.57,25800,8.57,U
sh600550,保变电气,2025-10-09 10:20:17,8.57,40500,8.56,U
sh600550,保变电气,2025-10-09 10:20:41,8.56,28800,8.56,D
sh600550,保变电气,2025-10-09 10:20:44,8.56,35200,8.56,D
sh600550,保变电气,2025-10-09 10:20:47,8.56,40200,8.56,D
sh600550,保变电气,2025-10-09 10:20:50,8.56,58700,8.56,D
sh600550,保变电气,2025-10-09 10:20:53,8.56,254500,8.56,D
sh600550,保变电气,2025-10-09 10:20:59,8.56,24100,8.55,U
sh600550,保变电气,2025-10-09 10:23:14,8.55,35600,8.55,D
sh600550,保变电气,2025-10-09 10:23:26,8.55,22700,8.55,D
sh600550,保变电气,2025-10-09 10:25:47,8.55,47100,8.56,D
sh600550,保变电气,2025-10-09 10:25:53,8.55,27200,8.55,U
sh600550,保变电气,2025-10-09 10:26:14,8.54,22100,8.55,D
sh600550,保变电气,2025-10-09 10:26:41,8.55,63900,8.55,U
sh600550,保变电气,2025-10-09 10:26:56,8.55,20200,8.55,U
sh600550,保变电气,2025-10-09 10:27:47,8.54,56100,8.55,D
sh600550,保变电气,2025-10-09 10:28:38,8.55,32200,8.54,U
sh600550,保变电气,2025-10-09 10:28:41,8.54,79100,8.55,D
sh600550,保变电气,2025-10-09 10:28:47,8.55,87400,8.54,U
sh600550,保变电气,2025-10-09 10:30:02,8.54,25900,8.54,D
sh600550,保变电气,2025-10-09 10:30:23,8.54,33900,8.55,D
sh600550,保变电气,2025-10-09 10:31:05,8.54,27700,8.54,D
sh600550,保变电气,2025-10-09 10:31:44,8.54,35200,8.53,U
sh600550,保变电气,2025-10-09 10:31:50,8.54,24600,8.54,D
sh600550,保变电气,2025-10-09 10:32:08,8.54,56800,8.54,U
sh600550,保变电气,2025-10-09 10:32:11,8.54,20400,8.54,D
sh600550,保变电气,2025-10-09 10:33:23,8.54,30500,8.55,D
sh600550,保变电气,2025-10-09 10:33:29,8.55,21000,8.54,U
sh600550,保变电气,2025-10-09 10:34:26,8.54,114700,8.54,D
sh600550,保变电气,2025-10-09 10:36:08,8.54,30600,8.54,D
sh600550,保变电气,2025-10-09 10:37:50,8.54,48200,8.55,D
sh600550,保变电气,2025-10-09 10:37:56,8.54,29900,8.54,U
sh600550,保变电气,2025-10-09 10:38:08,8.53,27000,8.53,D
sh600550,保变电气,2025-10-09 10:40:05,8.53,24100,8.54,D
sh600550,保变电气,2025-10-09 10:40:11,8.53,148450,8.53,D
sh600550,保变电气,2025-10-09 10:40:29,8.52,20100,8.52,D
sh600550,保变电气,2025-10-09 10:40:32,8.52,35800,8.52,D
sh600550,保变电气,2025-10-09 10:40:47,8.52,21200,8.52,D
sh600550,保变电气,2025-10-09 10:40:53,8.53,204000,8.52,U
sh600550,保变电气,2025-10-09 10:42:26,8.53,23000,8.53,U
sh600550,保变电气,2025-10-09 10:42:29,8.52,59300,8.53,D
sh600550,保变电气,2025-10-09 10:42:32,8.52,23200,8.52,U
sh600550,保变电气,2025-10-09 10:43:02,8.53,21300,8.52,U
sh600550,保变电气,2025-10-09 10:43:29,8.53,47500,8.53,U
sh600550,保变电气,2025-10-09 10:45:47,8.54,64000,8.53,U
sh600550,保变电气,2025-10-09 10:47:50,8.54,25400,8.54,U
sh600550,保变电气,2025-10-09 10:47:53,8.54,65089,8.54,U
sh600550,保变电气,2025-10-09 10:50:23,8.55,24300,8.55,U
sh600550,保变电气,2025-10-09 10:51:44,8.54,20300,8.55,D
sh600550,保变电气,2025-10-09 10:51:47,8.54,22100,8.54,D
sh600550,保变电气,2025-10-09 10:51:50,8.54,22700,8.54,D
sh600550,保变电气,2025-10-09 10:52:32,8.54,20400,8.54,D
sh600550,保变电气,2025-10-09 10:52:50,8.55,58700,8.54,U
sh600550,保变电气,2025-10-09 10:53:02,8.54,25500,8.54,D
sh600550,保变电气,2025-10-09 10:53:05,8.55,89400,8.54,U
sh600550,保变电气,2025-10-09 10:53:11,8.54,20400,8.55,D
sh600550,保变电气,2025-10-09 10:53:20,8.55,40900,8.54,U
sh600550,保变电气,2025-10-09 10:53:29,8.55,35000,8.54,U
sh600550,保变电气,2025-10-09 10:57:44,8.55,158500,8.55,U
sh600550,保变电气,2025-10-09 10:58:53,8.55,25100,8.54,U
sh600550,保变电气,2025-10-09 11:00:32,8.54,40800,8.54,D
sh600550,保变电气,2025-10-09 11:02:44,8.55,29300,8.55,U
sh600550,保变电气,2025-10-09 11:04:56,8.55,34800,8.55,U
sh600550,保变电气,2025-10-09 11:05:59,8.54,34800,8.54,D
sh600550,保变电气,2025-10-09 11:06:02,8.54,40500,8.54,D
sh600550,保变电气,2025-10-09 11:07:29,8.54,23000,8.55,D
sh600550,保变电气,2025-10-09 11:11:02,8.55,20700,8.54,U
sh600550,保变电气,2025-10-09 11:11:20,8.54,53200,8.55,D
sh600550,保变电气,2025-10-09 11:11:41,8.55,26800,8.54,U
sh600550,保变电气,2025-10-09 11:16:47,8.54,93900,8.54,D
sh600550,保变电气,2025-10-09 11:16:50,8.54,40000,8.54,D
sh600550,保变电气,2025-10-09 11:17:05,8.53,84200,8.54,D
sh600550,保变电气,2025-10-09 11:18:11,8.54,35600,8.54,D
sh600550,保变电气,2025-10-09 11:19:56,8.55,29100,8.54,U
sh600550,保变电气,2025-10-09 11:22:02,8.54,20100,8.54,D
sh600550,保变电气,2025-10-09 11:26:17,8.54,29500,8.55,D
sh600550,保变电气,2025-10-09 11:26:38,8.55,31700,8.55,U
sh600550,保变电气,2025-10-09 13:00:05,8.55,33500,8.55,U
sh600550,保变电气,2025-10-09 13:00:08,8.55,68800,8.55,U
sh600550,保变电气,2025-10-09 13:00:11,8.55,73200,8.55,U
sh600550,保变电气,2025-10-09 13:00:23,8.55,35700,8.55,U
sh600550,保变电气,2025-10-09 13:00:44,8.56,39460,8.55,U
sh600550,保变电气,2025-10-09 13:00:56,8.56,372800,8.55,U
sh600550,保变电气,2025-10-09 13:00:59,8.57,75909,8.56,U
sh600550,保变电气,2025-10-09 13:01:05,8.56,31000,8.57,D
sh600550,保变电气,2025-10-09 13:02:02,8.57,161400,8.57,U
sh600550,保变电气,2025-10-09 13:03:14,8.57,64800,8.57,U
sh600550,保变电气,2025-10-09 13:03:17,8.57,36100,8.57,U
sh600550,保变电气,2025-10-09 13:03:20,8.57,34800,8.57,U
sh600550,保变电气,2025-10-09 13:03:23,8.56,60400,8.57,D
sh600550,保变电气,2025-10-09 13:03:53,8.57,61900,8.57,U
sh600550,保变电气,2025-10-09 13:04:26,8.57,30200,8.57,U
sh600550,保变电气,2025-10-09 13:05:47,8.57,30100,8.57,U
sh600550,保变电气,2025-10-09 13:06:20,8.57,57700,8.56,U
sh600550,保变电气,2025-10-09 13:08:11,8.58,103100,8.58,U
sh600550,保变电气,2025-10-09 13:09:02,8.58,59900,8.58,U
sh600550,保变电气,2025-10-09 13:09:11,8.57,28000,8.57,D
sh600550,保变电气,2025-10-09 13:10:05,8.58,40100,8.57,U
sh600550,保变电气,2025-10-09 13:10:17,8.57,29500,8.57,D
sh600550,保变电气,2025-10-09 13:11:47,8.57,62200,8.58,D
sh600550,保变电气,2025-10-09 13:11:50,8.57,21165,8.57,D
sh600550,保变电气,2025-10-09 13:11:56,8.57,24400,8.57,D
sh600550,保变电气,2025-10-09 13:12:02,8.58,28800,8.57,U
sh600550,保变电气,2025-10-09 13:12:47,8.57,225235,8.57,D
sh600550,保变电气,2025-10-09 13:14:02,8.57,29000,8.57,U
sh600550,保变电气,2025-10-09 13:15:32,8.56,22500,8.56,D
sh600550,保变电气,2025-10-09 13:15:38,8.56,25600,8.56,D
sh600550,保变电气,2025-10-09 13:15:41,8.57,85700,8.56,U
sh600550,保变电气,2025-10-09 13:15:50,8.57,27400,8.56,U
sh600550,保变电气,2025-10-09 13:17:17,8.57,91800,8.56,U
sh600550,保变电气,2025-10-09 13:19:02,8.56,52600,8.55,U
sh600550,保变电气,2025-10-09 13:19:59,8.56,23000,8.56,D
sh600550,保变电气,2025-10-09 13:20:02,8.58,998100,8.56,U
sh600550,保变电气,2025-10-09 13:20:05,8.58,504300,8.58,U
sh600550,保变电气,2025-10-09 13:20:08,8.59,92800,8.58,U
sh600550,保变电气,2025-10-09 13:20:11,8.59,82200,8.59,U
sh600550,保变电气,2025-10-09 13:20:41,8.58,159600,8.59,D
sh600550,保变电气,2025-10-09 13:20:47,8.59,112800,8.57,U
sh600550,保变电气,2025-10-09 13:21:44,8.59,28900,8.59,U
sh600550,保变电气,2025-10-09 13:22:14,8.59,54800,8.59,U
sh600550,保变电气,2025-10-09 13:22:53,8.58,29500,8.59,D
sh600550,保变电气,2025-10-09 13:23:02,8.58,24500,8.58,D
sh600550,保变电气,2025-10-09 13:23:20,8.58,136300,8.58,D
sh600550,保变电气,2025-10-09 13:23:26,8.57,57900,8.58,D
sh600550,保变电气,2025-10-09 13:23:29,8.57,27100,8.57,D
sh600550,保变电气,2025-10-09 13:23:56,8.57,43400,8.57,D
sh600550,保变电气,2025-10-09 13:24:11,8.57,379100,8.57,D
sh600550,保变电气,2025-10-09 13:24:26,8.57,35000,8.57,D
sh600550,保变电气,2025-10-09 13:24:41,8.58,21500,8.57,U
sh600550,保变电气,2025-10-09 13:26:11,8.57,20400,8.58,D
sh600550,保变电气,2025-10-09 13:27:23,8.58,177700,8.58,U
sh600550,保变电气,2025-10-09 13:27:56,8.59,124900,8.59,U
sh600550,保变电气,2025-10-09 13:28:29,8.59,23700,8.59,U
sh600550,保变电气,2025-10-09 13:28:38,8.59,20300,8.59,U
sh600550,保变电气,2025-10-09 13:28:41,8.59,32600,8.59,U
sh600550,保变电气,2025-10-09 13:28:44,8.59,68000,8.59,U
sh600550,保变电气,2025-10-09 13:28:47,8.59,63900,8.59,U
sh600550,保变电气,2025-10-09 13:29:11,8.59,45800,8.59,D
sh600550,保变电气,2025-10-09 13:30:02,8.59,20200,8.59,D
sh600550,保变电气,2025-10-09 13:30:32,8.59,39500,8.59,U
sh600550,保变电气,2025-10-09 13:30:38,8.59,21000,8.59,U
sh600550,保变电气,2025-10-09 13:30:59,8.59,21000,8.59,U
sh600550,保变电气,2025-10-09 13:31:53,8.59,38900,8.58,U
sh600550,保变电气,2025-10-09 13:31:56,8.59,23200,8.59,U
sh600550,保变电气,2025-10-09 13:32:44,8.59,43000,8.59,U
sh600550,保变电气,2025-10-09 13:32:53,8.58,44100,8.59,D
sh600550,保变电气,2025-10-09 13:33:17,8.59,20300,8.58,U
sh600550,保变电气,2025-10-09 13:34:23,8.59,34900,8.58,U
sh600550,保变电气,2025-10-09 13:35:44,8.58,32900,8.59,D
sh600550,保变电气,2025-10-09 13:35:56,8.58,34100,8.59,D
sh600550,保变电气,2025-10-09 13:36:23,8.58,23200,8.59,D
sh600550,保变电气,2025-10-09 13:38:35,8.59,61600,8.59,U
sh600550,保变电气,2025-10-09 13:38:41,8.59,123700,8.59,U
sh600550,保变电气,2025-10-09 13:38:44,8.59,53400,8.59,U
sh600550,保变电气,2025-10-09 13:38:47,8.59,42200,8.59,U
sh600550,保变电气,2025-10-09 13:38:50,8.59,49400,8.59,U
sh600550,保变电气,2025-10-09 13:39:20,8.59,20600,8.6,D
sh600550,保变电气,2025-10-09 13:39:32,8.59,25900,8.6,D
sh600550,保变电气,2025-10-09 13:42:26,8.59,30100,8.59,D
sh600550,保变电气,2025-10-09 13:43:02,8.59,81700,8.59,D
sh600550,保变电气,2025-10-09 13:43:05,8.59,140500,8.59,D
sh600550,保变电气,2025-10-09 13:44:53,8.58,20100,8.59,D
sh600550,保变电气,2025-10-09 13:45:02,8.58,58400,8.58,D
sh600550,保变电气,2025-10-09 13:45:29,8.58,38400,8.58,D
sh600550,保变电气,2025-10-09 13:45:32,8.58,33000,8.58,D
sh600550,保变电气,2025-10-09 13:45:50,8.58,123600,8.58,D
sh600550,保变电气,2025-10-09 13:45:53,8.58,152170,8.58,D
sh600550,保变电气,2025-10-09 13:46:32,8.58,83930,8.57,U
sh600550,保变电气,2025-10-09 13:46:44,8.58,28600,8.58,D
sh600550,保变电气,2025-10-09 13:47:47,8.57,29200,8.57,D
sh600550,保变电气,2025-10-09 13:47:59,8.57,29800,8.57,U
sh600550,保变电气,2025-10-09 13:48:50,8.55,128500,8.56,D
sh600550,保变电气,2025-10-09 13:49:20,8.55,25400,8.55,D
sh600550,保变电气,2025-10-09 13:49:53,8.55,25300,8.55,D
sh600550,保变电气,2025-10-09 13:50:53,8.55,23200,8.55,D
sh600550,保变电气,2025-10-09 13:52:17,8.55,22900,8.55,D
sh600550,保变电气,2025-10-09 13:52:23,8.55,29600,8.56,D
sh600550,保变电气,2025-10-09 13:52:47,8.56,40200,8.56,U
sh600550,保变电气,2025-10-09 13:52:50,8.56,40200,8.56,U
sh600550,保变电气,2025-10-09 13:54:49,8.56,23900,8.56,U
sh600550,保变电气,2025-10-09 13:55:05,8.56,52200,8.56,D
sh600550,保变电气,2025-10-09 13:56:53,8.57,27900,8.56,U
sh600550,保变电气,2025-10-09 13:59:41,8.57,38900,8.56,U
sh600550,保变电气,2025-10-09 14:00:32,8.57,21300,8.57,U
sh600550,保变电气,2025-10-09 14:01:59,8.57,40900,8.56,U
sh600550,保变电气,2025-10-09 14:02:26,8.57,27700,8.57,U
sh600550,保变电气,2025-10-09 14:04:44,8.57,47500,8.57,U
sh600550,保变电气,2025-10-09 14:06:26,8.57,120900,8.57,D
sh600550,保变电气,2025-10-09 14:06:29,8.58,84600,8.57,U
sh600550,保变电气,2025-10-09 14:10:38,8.57,30400,8.58,D
sh600550,保变电气,2025-10-09 14:13:05,8.57,30200,8.58,D
sh600550,保变电气,2025-10-09 14:16:29,8.58,22100,8.58,U
sh600550,保变电气,2025-10-09 14:16:47,8.58,35700,8.58,U
sh600550,保变电气,2025-10-09 14:17:02,8.58,55000,8.57,U
sh600550,保变电气,2025-10-09 14:20:20,8.58,96200,8.58,U
sh600550,保变电气,2025-10-09 14:20:23,8.57,30100,8.58,D
sh600550,保变电气,2025-10-09 14:20:32,8.57,153500,8.57,D
sh600550,保变电气,2025-10-09 14:20:56,8.58,46700,8.57,U
sh600550,保变电气,2025-10-09 14:21:05,8.58,22600,8.58,U
sh600550,保变电气,2025-10-09 14:23:29,8.57,68100,8.57,D
sh600550,保变电气,2025-10-09 14:26:35,8.57,25400,8.57,D
sh600550,保变电气,2025-10-09 14:27:11,8.58,23000,8.57,U
sh600550,保变电气,2025-10-09 14:32:53,8.58,46800,8.58,U
sh600550,保变电气,2025-10-09 14:33:29,8.58,53100,8.58,U
sh600550,保变电气,2025-10-09 14:33:38,8.58,44200,8.57,U
sh600550,保变电气,2025-10-09 14:34:08,8.58,24500,8.58,U
sh600550,保变电气,2025-10-09 14:34:11,8.58,34500,8.58,U
sh600550,保变电气,2025-10-09 14:34:17,8.58,219284,8.58,U
sh600550,保变电气,2025-10-09 14:34:32,8.58,22900,8.58,D
sh600550,保变电气,2025-10-09 14:34:44,8.59,102100,8.59,U
sh600550,保变电气,2025-10-09 14:35:41,8.59,26100,8.59,U
sh600550,保变电气,2025-10-09 14:36:02,8.59,34400,8.59,U
sh600550,保变电气,2025-10-09 14:36:08,8.59,96700,8.59,U
sh600550,保变电气,2025-10-09 14:36:38,8.59,75900,8.58,U
sh600550,保变电气,2025-10-09 14:37:02,8.59,43500,8.58,U
sh600550,保变电气,2025-10-09 14:37:17,8.59,23800,8.59,U
sh600550,保变电气,2025-10-09 14:38:23,8.59,23100,8.59,U
sh600550,保变电气,2025-10-09 14:39:08,8.59,33200,8.58,U
sh600550,保变电气,2025-10-09 14:39:14,8.58,24300,8.59,D
sh600550,保变电气,2025-10-09 14:41:17,8.59,21500,8.59,U
sh600550,保变电气,2025-10-09 14:41:44,8.59,68500,8.59,U
sh600550,保变电气,2025-10-09 14:41:53,8.59,40100,8.59,U
sh600550,保变电气,2025-10-09 14:43:08,8.59,25300,8.59,U
sh600550,保变电气,2025-10-09 14:43:20,8.59,20000,8.59,U
sh600550,保变电气,2025-10-09 14:43:32,8.58,22200,8.58,D
sh600550,保变电气,2025-10-09 14:43:59,8.59,21400,8.59,U
sh600550,保变电气,2025-10-09 14:44:14,8.59,38400,8.58,U
sh600550,保变电气,2025-10-09 14:44:23,8.59,73000,8.58,U
sh600550,保变电气,2025-10-09 14:44:26,8.59,28100,8.59,U
sh600550,保变电气,2025-10-09 14:44:41,8.59,20000,8.59,U
sh600550,保变电气,2025-10-09 14:44:56,8.59,27500,8.59,U
sh600550,保变电气,2025-10-09 14:44:59,8.59,23400,8.59,U
sh600550,保变电气,2025-10-09 14:45:17,8.59,41600,8.59,U
sh600550,保变电气,2025-10-09 14:45:26,8.59,58100,8.59,D
sh600550,保变电气,2025-10-09 14:45:29,8.6,30600,8.59,U
sh600550,保变电气,2025-10-09 14:45:38,8.59,29900,8.59,D
sh600550,保变电气,2025-10-09 14:45:44,8.59,24200,8.59,D
sh600550,保变电气,2025-10-09 14:45:53,8.59,39100,8.59,D
sh600550,保变电气,2025-10-09 14:46:08,8.59,30900,8.58,U
sh600550,保变电气,2025-10-09 14:46:14,8.59,45000,8.6,D
sh600550,保变电气,2025-10-09 14:46:29,8.59,36900,8.59,U
sh600550,保变电气,2025-10-09 14:46:35,8.59,28100,8.58,U
sh600550,保变电气,2025-10-09 14:46:41,8.59,26100,8.59,U
sh600550,保变电气,2025-10-09 14:46:44,8.59,33500,8.59,U
sh600550,保变电气,2025-10-09 14:46:47,8.59,20100,8.59,D
sh600550,保变电气,2025-10-09 14:47:02,8.6,20000,8.59,U
sh600550,保变电气,2025-10-09 14:47:26,8.59,43300,8.59,D
sh600550,保变电气,2025-10-09 14:47:44,8.6,26600,8.6,U
sh600550,保变电气,2025-10-09 14:47:59,8.59,33700,8.6,D
sh600550,保变电气,2025-10-09 14:48:35,8.6,20200,8.59,U
sh600550,保变电气,2025-10-09 14:49:32,8.6,27100,8.59,U
sh600550,保变电气,2025-10-09 14:49:38,8.59,315700,8.59,D
sh600550,保变电气,2025-10-09 14:49:41,8.59,30900,8.59,U
sh600550,保变电气,2025-10-09 14:49:50,8.59,27800,8.59,D
sh600550,保变电气,2025-10-09 14:50:02,8.59,45900,8.6,D
sh600550,保变电气,2025-10-09 14:50:05,8.59,24800,8.59,D
sh600550,保变电气,2025-10-09 14:50:41,8.58,56300,8.58,D
sh600550,保变电气,2025-10-09 14:50:50,8.58,69100,8.58,D
sh600550,保变电气,2025-10-09 14:51:02,8.58,31800,8.58,D
sh600550,保变电气,2025-10-09 14:51:05,8.59,73000,8.58,U
sh600550,保变电气,2025-10-09 14:51:20,8.58,25700,8.59,D
sh600550,保变电气,2025-10-09 14:51:44,8.59,90800,8.59,U
sh600550,保变电气,2025-10-09 14:52:17,8.59,45500,8.59,U
sh600550,保变电气,2025-10-09 14:52:38,8.58,40600,8.59,D
sh600550,保变电气,2025-10-09 14:52:41,8.58,44200,8.58,D
sh600550,保变电气,2025-10-09 14:52:53,8.58,37000,8.59,D
sh600550,保变电气,2025-10-09 14:52:56,8.59,24200,8.58,U
sh600550,保变电气,2025-10-09 14:53:23,8.59,94200,8.59,U
sh600550,保变电气,2025-10-09 14:53:50,8.58,32300,8.59,D
sh600550,保变电气,2025-10-09 14:54:17,8.59,44300,8.58,U
sh600550,保变电气,2025-10-09 14:54:26,8.59,46000,8.58,U
sh600550,保变电气,2025-10-09 14:54:38,8.59,39300,8.59,U
sh600550,保变电气,2025-10-09 14:54:50,8.59,34200,8.59,U
sh600550,保变电气,2025-10-09 14:55:08,8.59,43300,8.59,U
sh600550,保变电气,2025-10-09 14:55:11,8.59,24200,8.59,U
sh600550,保变电气,2025-10-09 14:55:14,8.59,38800,8.59,U
sh600550,保变电气,2025-10-09 14:55:17,8.59,50300,8.59,U
sh600550,保变电气,2025-10-09 14:55:20,8.59,20884,8.59,U
sh600550,保变电气,2025-10-09 14:55:38,8.59,60400,8.6,D
sh600550,保变电气,2025-10-09 14:55:50,8.6,30500,8.6,U
sh600550,保变电气,2025-10-09 14:55:53,8.6,27600,8.6,U
sh600550,保变电气,2025-10-09 14:55:56,8.6,107300,8.6,U
sh600550,保变电气,2025-10-09 14:56:02,8.59,20500,8.6,D
sh600550,保变电气,2025-10-09 14:56:05,8.59,34900,8.59,D
sh600550,保变电气,2025-10-09 14:56:14,8.6,34200,8.6,U
sh600550,保变电气,2025-10-09 14:56:20,8.6,56600,8.6,U
sh600550,保变电气,2025-10-09 14:56:41,8.6,27400,8.6,U
sh600550,保变电气,2025-10-09 14:56:47,8.6,35800,8.6,U
sh600550,保变电气,2025-10-09 14:56:50,8.6,35600,8.6,U
sh600550,保变电气,2025-10-09 14:56:53,8.6,31500,8.6,U
sh600550,保变电气,2025-10-09 14:56:56,8.6,26100,8.6,U
sh600550,保变电气,2025-10-09 14:56:59,8.6,51400,8.6,U
sh600550,保变电气,2025-10-09 15:00:01,8.6,1111700,8.6,U
