symbol,name,ticktime,price,volume,prev_price,kind
sh600550,保变电气,2025-10-15 09:25:01,8.74,212700,0.0,U
sh600550,保变电气,2025-10-15 09:30:03,8.7,23900,8.74,D
sh600550,保变电气,2025-10-15 09:30:06,8.7,32000,8.7,D
sh600550,保变电气,2025-10-15 09:30:18,8.71,52900,8.71,D
sh600550,保变电气,2025-10-15 09:30:24,8.69,42500,8.71,D
sh600550,保变电气,2025-10-15 09:30:27,8.67,67200,8.69,D
sh600550,保变电气,2025-10-15 09:30:33,8.67,59300,8.66,U
sh600550,保变电气,2025-10-15 09:30:39,8.65,29400,8.66,D
sh600550,保变电气,2025-10-15 09:30:42,8.66,48400,8.65,U
sh600550,保变电气,2025-10-15 09:30:45,8.66,20200,8.66,D
sh600550,保变电气,2025-10-15 09:30:48,8.67,35400,8.66,U
sh600550,保变电气,2025-10-15 09:30:57,8.69,33800,8.68,U
sh600550,保变电气,2025-10-15 09:31:00,8.7,21400,8.69,U
sh600550,保变电气,2025-10-15 09:31:03,8.69,28100,8.7,D
sh600550,保变电气,2025-10-15 09:31:09,8.69,28200,8.7,D
sh600550,保变电气,2025-10-15 09:31:12,8.69,43000,8.69,U
sh600550,保变电气,2025-10-15 09:31:21,8.67,32000,8.67,D
sh600550,保变电气,2025-10-15 09:31:24,8.67,52500,8.67,U
sh600550,保变电气,2025-10-15 09:31:30,8.65,28500,8.66,D
sh600550,保变电气,2025-10-15 09:31:33,8.65,29200,8.65,D
sh600550,保变电气,2025-10-15 09:31:36,8.65,34900,8.65,D
sh600550,保变电气,2025-10-15 09:31:39,8.65,59300,8.65,D
sh600550,保变电气,2025-10-15 09:31:42,8.65,20000,8.65,U
sh600550,保变电气,2025-10-15 09:31:45,8.65,25800,8.65,U
sh600550,保变电气,2025-10-15 09:31:57,8.64,20300,8.64,U
sh600550,保变电气,2025-10-15 09:32:00,8.64,21500,8.64,U
sh600550,保变电气,2025-10-15 09:32:03,8.66,98500,8.64,U
sh600550,保变电气,2025-10-15 09:32:06,8.67,31600,8.66,U
sh600550,保变电气,2025-10-15 09:32:09,8.66,40100,8.67,D
sh600550,保变电气,2025-10-15 09:32:18,8.67,30100,8.66,U
sh600550,保变电气,2025-10-15 09:32:21,8.67,51100,8.67,D
sh600550,保变电气,2025-10-15 09:32:24,8.67,41100,8.67,D
sh600550,保变电气,2025-10-15 09:32:30,8.66,35500,8.67,D
sh600550,保变电气,2025-10-15 09:32:36,8.66,25900,8.67,D
sh600550,保变电气,2025-10-15 09:32:39,8.66,22100,8.66,D
sh600550,保变电气,2025-10-15 09:32:45,8.66,36200,8.66,D
sh600550,保变电气,2025-10-15 09:32:48,8.66,30600,8.66,D
sh600550,保变电气,2025-10-15 09:32:54,8.65,21700,8.65,D
sh600550,保变电气,2025-10-15 09:32:57,8.65,37300,8.65,D
sh600550,保变电气,2025-10-15 09:33:00,8.66,23400,8.65,U
sh600550,保变电气,2025-10-15 09:33:18,8.65,48800,8.65,U
sh600550,保变电气,2025-10-15 09:33:21,8.65,34400,8.65,D
sh600550,保变电气,2025-10-15 09:33:36,8.66,20300,8.65,U
sh600550,保变电气,2025-10-15 09:33:45,8.65,115500,8.65,D
sh600550,保变电气,2025-10-15 09:33:48,8.65,24200,8.65,D
sh600550,保变电气,2025-10-15 09:33:57,8.65,20600,8.64,U
sh600550,保变电气,2025-10-15 09:34:00,8.64,32000,8.65,D
sh600550,保变电气,2025-10-15 09:34:03,8.64,34600,8.64,D
sh600550,保变电气,2025-10-15 09:34:06,8.64,31500,8.64,D
sh600550,保变电气,2025-10-15 09:34:12,8.64,43100,8.64,D
sh600550,保变电气,2025-10-15 09:34:15,8.64,21500,8.64,D
sh600550,保变电气,2025-10-15 09:34:21,8.64,125300,8.64,D
sh600550,保变电气,2025-10-15 09:34:30,8.64,55800,8.65,D
sh600550,保变电气,2025-10-15 09:34:45,8.64,34300,8.64,U
sh600550,保变电气,2025-10-15 09:35:00,8.64,20200,8.64,U
sh600550,保变电气,2025-10-15 09:35:03,8.65,56700,8.64,U
sh600550,保变电气,2025-10-15 09:35:06,8.65,32700,8.65,U
sh600550,保变电气,2025-10-15 09:35:21,8.64,60200,8.65,D
sh600550,保变电气,2025-10-15 09:35:24,8.65,30100,8.64,E
sh600550,保变电气,2025-10-15 09:35:27,8.66,20400,8.65,U
sh600550,保变电气,2025-10-15 09:35:30,8.66,32800,8.66,D
sh600550,保变电气,2025-10-15 09:35:39,8.67,20500,8.66,U
sh600550,保变电气,2025-10-15 09:36:00,8.66,31102,8.66,D
sh600550,保变电气,2025-10-15 09:36:15,8.66,103602,8.66,U
sh600550,保变电气,2025-10-15 09:36:21,8.66,30000,8.66,D
sh600550,保变电气,2025-10-15 09:36:30,8.67,45200,8.66,U
sh600550,保变电气,2025-10-15 09:36:33,8.68,213900,8.67,U
sh600550,保变电气,2025-10-15 09:36:36,8.68,20800,8.68,D
sh600550,保变电气,2025-10-15 09:36:42,8.68,44600,8.68,D
sh600550,保变电气,2025-10-15 09:36:48,8.68,32000,8.68,U
sh600550,保变电气,2025-10-15 09:36:54,8.68,20900,8.67,U
sh600550,保变电气,2025-10-15 09:37:03,8.67,26800,8.67,D
sh600550,保变电气,2025-10-15 09:37:06,8.67,35700,8.67,D
sh600550,保变电气,2025-10-15 09:37:15,8.69,42800,8.68,U
sh600550,保变电气,2025-10-15 09:37:18,8.71,56300,8.69,U
sh600550,保变电气,2025-10-15 09:38:03,8.7,26700,8.7,U
sh600550,保变电气,2025-10-15 09:38:30,8.69,22800,8.69,U
sh600550,保变电气,2025-10-15 09:39:06,8.69,38900,8.69,U
sh600550,保变电气,2025-10-15 09:39:18,8.69,93900,8.7,D
sh600550,保变电气,2025-10-15 09:39:24,8.69,20200,8.69,D
sh600550,保变电气,2025-10-15 09:39:51,8.67,22300,8.68,D
sh600550,保变电气,2025-10-15 09:40:09,8.66,56300,8.67,D
sh600550,保变电气,2025-10-15 09:40:15,8.65,80198,8.66,D
sh600550,保变电气,2025-10-15 09:40:21,8.63,178200,8.64,D
sh600550,保变电气,2025-10-15 09:40:24,8.64,40600,8.63,U
sh600550,保变电气,2025-10-15 09:40:27,8.63,32000,8.64,D
sh600550,保变电气,2025-10-15 09:40:33,8.63,74900,8.63,U
sh600550,保变电气,2025-10-15 09:40:42,8.64,29200,8.65,D
sh600550,保变电气,2025-10-15 09:40:51,8.63,60700,8.63,D
sh600550,保变电气,2025-10-15 09:41:12,8.62,23500,8.63,D
sh600550,保变电气,2025-10-15 09:41:15,8.62,25300,8.62,D
sh600550,保变电气,2025-10-15 09:41:21,8.63,29260,8.63,U
sh600550,保变电气,2025-10-15 09:41:33,8.62,41600,8.63,D
sh600550,保变电气,2025-10-15 09:41:36,8.61,34700,8.62,D
sh600550,保变电气,2025-10-15 09:41:42,8.61,29400,8.62,D
sh600550,保变电气,2025-10-15 09:41:51,8.62,45000,8.61,U
sh600550,保变电气,2025-10-15 09:41:54,8.61,22600,8.62,D
sh600550,保变电气,2025-10-15 09:42:03,8.62,27000,8.61,U
sh600550,保变电气,2025-10-15 09:42:12,8.62,112900,8.61,U
sh600550,保变电气,2025-10-15 09:42:15,8.61,140400,8.62,D
sh600550,保变电气,2025-10-15 09:43:33,8.66,59200,8.66,U
sh600550,保变电气,2025-10-15 09:43:51,8.65,31900,8.66,D
sh600550,保变电气,2025-10-15 09:44:36,8.66,45900,8.66,D
sh600550,保变电气,2025-10-15 09:44:39,8.67,21800,8.66,U
sh600550,保变电气,2025-10-15 09:45:00,8.67,52600,8.67,U
sh600550,保变电气,2025-10-15 09:45:09,8.68,37600,8.68,U
sh600550,保变电气,2025-10-15 09:45:24,8.68,53800,8.68,D
sh600550,保变电气,2025-10-15 09:45:42,8.69,217300,8.69,U
sh600550,保变电气,2025-10-15 09:45:57,8.68,50800,8.69,D
sh600550,保变电气,2025-10-15 09:46:09,8.69,155800,8.67,U
sh600550,保变电气,2025-10-15 09:46:12,8.69,30400,8.69,U
sh600550,保变电气,2025-10-15 09:46:27,8.68,23400,8.69,D
sh600550,保变电气,2025-10-15 09:46:57,8.67,34100,8.67,D
sh600550,保变电气,2025-10-15 09:47:00,8.68,26600,8.67,U
sh600550,保变电气,2025-10-15 09:47:45,8.68,22500,8.67,U
sh600550,保变电气,2025-10-15 09:47:51,8.67,29000,8.68,D
sh600550,保变电气,2025-10-15 09:48:21,8.65,214200,8.67,D
sh600550,保变电气,2025-10-15 09:48:24,8.65,260400,8.65,U
sh600550,保变电气,2025-10-15 09:48:45,8.66,22400,8.66,U
sh600550,保变电气,2025-10-15 09:49:03,8.67,54200,8.67,U
sh600550,保变电气,2025-10-15 09:49:06,8.65,31800,8.67,D
sh600550,保变电气,2025-10-15 09:49:09,8.66,30600,8.65,U
sh600550,保变电气,2025-10-15 09:49:39,8.65,72500,8.65,D
sh600550,保变电气,2025-10-15 09:50:09,8.64,52700,8.64,D
sh600550,保变电气,2025-10-15 09:50:30,8.63,54500,8.64,D
sh600550,保变电气,2025-10-15 09:51:30,8.63,82500,8.63,D
sh600550,保变电气,2025-10-15 09:51:33,8.63,22200,8.63,U
sh600550,保变电气,2025-10-15 09:51:39,8.62,122400,8.62,D
sh600550,保变电气,2025-10-15 09:51:48,8.62,36240,8.62,D
sh600550,保变电气,2025-10-15 09:51:57,8.59,449900,8.62,D
sh600550,保变电气,2025-10-15 09:52:12,8.58,86060,8.59,D
sh600550,保变电气,2025-10-15 09:52:15,8.59,66300,8.58,U
sh600550,保变电气,2025-10-15 09:52:18,8.6,273300,8.59,U
sh600550,保变电气,2025-10-15 09:52:24,8.59,153100,8.59,D
sh600550,保变电气,2025-10-15 09:52:33,8.59,130000,8.6,D
sh600550,保变电气,2025-10-15 09:52:42,8.59,25500,8.59,D
sh600550,保变电气,2025-10-15 09:52:48,8.59,41500,8.59,D
sh600550,保变电气,2025-10-15 09:52:54,8.59,27700,8.59,U
sh600550,保变电气,2025-10-15 09:53:06,8.58,44500,8.59,D
sh600550,保变电气,2025-10-15 09:53:09,8.59,21800,8.58,U
sh600550,保变电气,2025-10-15 09:53:33,8.58,79200,8.58,D
sh600550,保变电气,2025-10-15 09:53:36,8.58,64200,8.58,D
sh600550,保变电气,2025-10-15 09:53:39,8.58,34500,8.58,D
sh600550,保变电气,2025-10-15 09:53:42,8.57,123300,8.58,D
sh600550,保变电气,2025-10-15 09:53:45,8.57,20700,8.57,U
sh600550,保变电气,2025-10-15 09:53:51,8.56,48500,8.56,D
sh600550,保变电气,2025-10-15 09:53:54,8.56,209400,8.56,D
sh600550,保变电气,2025-10-15 09:53:57,8.56,28100,8.56,D
sh600550,保变电气,2025-10-15 09:54:00,8.56,87900,8.56,D
sh600550,保变电气,2025-10-15 09:54:03,8.55,192500,8.56,D
sh600550,保变电气,2025-10-15 09:54:06,8.55,24700,8.55,D
sh600550,保变电气,2025-10-15 09:54:12,8.58,90700,8.57,U
sh600550,保变电气,2025-10-15 09:54:15,8.57,21800,8.58,E
sh600550,保变电气,2025-10-15 09:54:18,8.57,21800,8.57,D
sh600550,保变电气,2025-10-15 09:54:24,8.57,26500,8.57,U
sh600550,保变电气,2025-10-15 09:54:27,8.55,133500,8.57,D
sh600550,保变电气,2025-10-15 09:54:33,8.56,67600,8.56,U
sh600550,保变电气,2025-10-15 09:54:48,8.57,31300,8.56,U
sh600550,保变电气,2025-10-15 09:54:51,8.57,22400,8.57,U
sh600550,保变电气,2025-10-15 09:54:54,8.56,23300,8.57,D
sh600550,保变电气,2025-10-15 09:55:06,8.56,48800,8.57,D
sh600550,保变电气,2025-10-15 09:55:09,8.57,138300,8.56,E
sh600550,保变电气,2025-10-15 09:55:12,8.57,24300,8.57,E
sh600550,保变电气,2025-10-15 09:55:21,8.57,24700,8.56,U
sh600550,保变电气,2025-10-15 09:55:30,8.57,40200,8.57,U
sh600550,保变电气,2025-10-15 09:55:39,8.56,25400,8.57,D
sh600550,保变电气,2025-10-15 09:55:42,8.56,20500,8.56,D
sh600550,保变电气,2025-10-15 09:55:51,8.57,27600,8.57,U
sh600550,保变电气,2025-10-15 09:55:54,8.56,21600,8.57,D
sh600550,保变电气,2025-10-15 09:56:09,8.57,32400,8.57,D
sh600550,保变电气,2025-10-15 09:56:39,8.57,25800,8.57,D
sh600550,保变电气,2025-10-15 09:56:54,8.57,69000,8.58,D
sh600550,保变电气,2025-10-15 09:57:09,8.57,21900,8.57,U
sh600550,保变电气,2025-10-15 09:57:42,8.57,67300,8.57,U
sh600550,保变电气,2025-10-15 09:58:12,8.57,29200,8.58,D
sh600550,保变电气,2025-10-15 09:58:42,8.57,60000,8.57,D
sh600550,保变电气,2025-10-15 09:58:51,8.57,22400,8.57,U
sh600550,保变电气,2025-10-15 09:59:09,8.57,31400,8.57,U
sh600550,保变电气,2025-10-15 09:59:21,8.59,139700,8.57,U
sh600550,保变电气,2025-10-15 09:59:36,8.6,23800,8.6,U
sh600550,保变电气,2025-10-15 09:59:39,8.6,32400,8.6,U
sh600550,保变电气,2025-10-15 10:00:18,8.6,96800,8.61,D
sh600550,保变电气,2025-10-15 10:00:45,8.59,22800,8.59,D
sh600550,保变电气,2025-10-15 10:00:54,8.58,51700,8.59,D
sh600550,保变电气,2025-10-15 10:01:06,8.58,55600,8.58,D
sh600550,保变电气,2025-10-15 10:01:12,8.59,23500,8.58,U
sh600550,保变电气,2025-10-15 10:02:12,8.58,26400,8.58,D
sh600550,保变电气,2025-10-15 10:02:15,8.6,24700,8.58,U
sh600550,保变电气,2025-10-15 10:02:18,8.6,31500,8.6,U
sh600550,保变电气,2025-10-15 10:03:21,8.58,353100,8.59,D
sh600550,保变电气,2025-10-15 10:03:39,8.6,113100,8.59,U
sh600550,保变电气,2025-10-15 10:03:48,8.63,203000,8.61,U
sh600550,保变电气,2025-10-15 10:04:39,8.61,37836,8.61,D
sh600550,保变电气,2025-10-15 10:04:42,8.62,29700,8.61,U
sh600550,保变电气,2025-10-15 10:05:09,8.64,165600,8.63,U
sh600550,保变电气,2025-10-15 10:06:45,8.65,57200,8.65,U
sh600550,保变电气,2025-10-15 10:07:15,8.65,63900,8.65,U
sh600550,保变电气,2025-10-15 10:07:30,8.64,20600,8.65,D
sh600550,保变电气,2025-10-15 10:07:45,8.65,54500,8.65,U
sh600550,保变电气,2025-10-15 10:08:15,8.65,20200,8.65,D
sh600550,保变电气,2025-10-15 10:08:48,8.65,60700,8.65,U
sh600550,保变电气,2025-10-15 10:09:00,8.65,27000,8.66,D
sh600550,保变电气,2025-10-15 10:09:06,8.66,35600,8.65,U
sh600550,保变电气,2025-10-15 10:09:15,8.65,29800,8.66,D
sh600550,保变电气,2025-10-15 10:09:24,8.65,110400,8.65,U
sh600550,保变电气,2025-10-15 10:10:03,8.66,83700,8.64,U
sh600550,保变电气,2025-10-15 10:10:09,8.66,22400,8.66,U
sh600550,保变电气,2025-10-15 10:10:27,8.68,101700,8.67,U
sh600550,保变电气,2025-10-15 10:10:36,8.69,82000,8.67,U
sh600550,保变电气,2025-10-15 10:10:42,8.69,31600,8.68,U
sh600550,保变电气,2025-10-15 10:10:45,8.69,26500,8.69,U
sh600550,保变电气,2025-10-15 10:10:54,8.68,22700,8.68,D
sh600550,保变电气,2025-10-15 10:11:24,8.67,87600,8.68,D
sh600550,保变电气,2025-10-15 10:12:57,8.68,26200,8.67,U
sh600550,保变电气,2025-10-15 10:13:03,8.69,132060,8.68,U
sh600550,保变电气,2025-10-15 10:13:06,8.69,123600,8.69,U
sh600550,保变电气,2025-10-15 10:13:24,8.68,46400,8.69,D
sh600550,保变电气,2025-10-15 10:13:27,8.69,27500,8.68,U
sh600550,保变电气,2025-10-15 10:13:45,8.68,26500,8.69,D
sh600550,保变电气,2025-10-15 10:14:03,8.68,49200,8.68,D
sh600550,保变电气,2025-10-15 10:14:06,8.68,22200,8.68,D
sh600550,保变电气,2025-10-15 10:16:12,8.67,48460,8.67,U
sh600550,保变电气,2025-10-15 10:17:03,8.68,33400,8.67,U
sh600550,保变电气,2025-10-15 10:17:15,8.68,20100,8.68,U
sh600550,保变电气,2025-10-15 10:18:00,8.69,44200,8.67,U
sh600550,保变电气,2025-10-15 10:18:03,8.68,31800,8.69,D
sh600550,保变电气,2025-10-15 10:18:48,8.68,32100,8.69,D
sh600550,保变电气,2025-10-15 10:20:15,8.68,123600,8.69,D
sh600550,保变电气,2025-10-15 10:20:57,8.67,30100,8.68,D
sh600550,保变电气,2025-10-15 10:21:00,8.67,23800,8.67,D
sh600550,保变电气,2025-10-15 10:22:03,8.66,39800,8.66,D
sh600550,保变电气,2025-10-15 10:22:24,8.66,26200,8.67,D
sh600550,保变电气,2025-10-15 10:22:48,8.66,59400,8.66,U
sh600550,保变电气,2025-10-15 10:23:00,8.66,33400,8.66,D
sh600550,保变电气,2025-10-15 10:23:03,8.67,31000,8.66,U
sh600550,保变电气,2025-10-15 10:23:30,8.66,22100,8.67,D
sh600550,保变电气,2025-10-15 10:23:39,8.66,37600,8.66,U
sh600550,保变电气,2025-10-15 10:24:00,8.66,22000,8.66,U
sh600550,保变电气,2025-10-15 10:24:03,8.67,40800,8.66,U
sh600550,保变电气,2025-10-15 10:24:42,8.66,21600,8.67,D
sh600550,保变电气,2025-10-15 10:25:12,8.66,24500,8.66,D
sh600550,保变电气,2025-10-15 10:26:21,8.65,87200,8.66,D
sh600550,保变电气,2025-10-15 10:27:03,8.63,24900,8.64,D
sh600550,保变电气,2025-10-15 10:27:12,8.64,36500,8.64,U
sh600550,保变电气,2025-10-15 10:27:15,8.64,21000,8.64,U
sh600550,保变电气,2025-10-15 10:27:48,8.64,29900,8.64,D
sh600550,保变电气,2025-10-15 10:28:27,8.65,50200,8.64,U
sh600550,保变电气,2025-10-15 10:29:27,8.64,23800,8.65,D
sh600550,保变电气,2025-10-15 10:30:48,8.66,26000,8.66,U
sh600550,保变电气,2025-10-15 10:31:09,8.65,121100,8.65,D
sh600550,保变电气,2025-10-15 10:31:12,8.64,282400,8.65,D
sh600550,保变电气,2025-10-15 10:31:15,8.63,27600,8.64,D
sh600550,保变电气,2025-10-15 10:32:09,8.64,54800,8.63,U
sh600550,保变电气,2025-10-15 10:32:33,8.62,20200,8.62,D
sh600550,保变电气,2025-10-15 10:32:36,8.62,21800,8.62,D
sh600550,保变电气,2025-10-15 10:33:48,8.62,44700,8.63,D
sh600550,保变电气,2025-10-15 10:34:45,8.61,22800,8.61,D
sh600550,保变电气,2025-10-15 10:35:18,8.62,31500,8.61,U
sh600550,保变电气,2025-10-15 10:36:33,8.61,69300,8.61,D
sh600550,保变电气,2025-10-15 10:36:54,8.6,112700,8.6,D
sh600550,保变电气,2025-10-15 10:36:57,8.61,105900,8.6,U
sh600550,保变电气,2025-10-15 10:37:00,8.6,28300,8.61,D
sh600550,保变电气,2025-10-15 10:37:24,8.6,25600,8.6,D
sh600550,保变电气,2025-10-15 10:37:48,8.62,101000,8.6,U
sh600550,保变电气,2025-10-15 10:38:00,8.62,92600,8.61,U
sh600550,保变电气,2025-10-15 10:39:09,8.6,20000,8.6,D
sh600550,保变电气,2025-10-15 10:39:12,8.6,45100,8.6,D
sh600550,保变电气,2025-10-15 10:39:27,8.6,388200,8.59,D
sh600550,保变电气,2025-10-15 10:39:42,8.6,28400,8.6,U
sh600550,保变电气,2025-10-15 10:39:54,8.6,151100,8.59,U
sh600550,保变电气,2025-10-15 10:40:30,8.59,29800,8.6,D
sh600550,保变电气,2025-10-15 10:41:03,8.6,34500,8.59,U
sh600550,保变电气,2025-10-15 10:45:06,8.6,73900,8.6,U
sh600550,保变电气,2025-10-15 10:45:09,8.6,33200,8.6,U
sh600550,保变电气,2025-10-15 10:45:57,8.6,28400,8.61,D
sh600550,保变电气,2025-10-15 10:46:00,8.6,29600,8.6,D
sh600550,保变电气,2025-10-15 10:48:24,8.6,35600,8.6,D
sh600550,保变电气,2025-10-15 10:49:21,8.6,27000,8.6,U
sh600550,保变电气,2025-10-15 10:51:30,8.59,74300,8.59,D
sh600550,保变电气,2025-10-15 10:54:12,8.6,35200,8.59,U
sh600550,保变电气,2025-10-15 10:55:15,8.6,24900,8.6,D
sh600550,保变电气,2025-10-15 10:56:00,8.59,32500,8.59,D
sh600550,保变电气,2025-10-15 10:56:06,8.59,88900,8.59,D
sh600550,保变电气,2025-10-15 10:57:42,8.59,28400,8.59,U
sh600550,保变电气,2025-10-15 10:57:54,8.58,25700,8.58,D
sh600550,保变电气,2025-10-15 10:57:57,8.58,54900,8.58,D
sh600550,保变电气,2025-10-15 10:58:03,8.58,35400,8.58,D
sh600550,保变电气,2025-10-15 11:04:48,8.59,21200,8.6,D
sh600550,保变电气,2025-10-15 11:05:21,8.59,49300,8.6,D
sh600550,保变电气,2025-10-15 11:05:45,8.59,32600,8.59,U
sh600550,保变电气,2025-10-15 11:05:57,8.59,38700,8.58,U
sh600550,保变电气,2025-10-15 11:07:30,8.58,278800,8.58,D
sh600550,保变电气,2025-10-15 11:09:57,8.58,34700,8.57,U
sh600550,保变电气,2025-10-15 11:13:03,8.58,45800,8.58,D
sh600550,保变电气,2025-10-15 11:14:33,8.58,80000,8.57,U
sh600550,保变电气,2025-10-15 11:14:39,8.59,21500,8.59,U
sh600550,保变电气,2025-10-15 11:19:15,8.58,25600,8.58,D
sh600550,保变电气,2025-10-15 11:19:18,8.59,20700,8.58,U
sh600550,保变电气,2025-10-15 11:26:00,8.6,44700,8.6,U
sh600550,保变电气,2025-10-15 13:00:06,8.63,51300,8.61,U
sh600550,保变电气,2025-10-15 13:00:09,8.62,43300,8.63,D
sh600550,保变电气,2025-10-15 13:00:12,8.61,25300,8.62,D
sh600550,保变电气,2025-10-15 13:00:21,8.63,28000,8.62,U
sh600550,保变电气,2025-10-15 13:00:33,8.63,20400,8.62,U
sh600550,保变电气,2025-10-15 13:00:42,8.67,349892,8.63,U
sh600550,保变电气,2025-10-15 13:00:45,8.67,108400,8.67,U
sh600550,保变电气,2025-10-15 13:00:57,8.68,131200,8.68,U
sh600550,保变电气,2025-10-15 13:01:03,8.69,146752,8.68,U
sh600550,保变电气,2025-10-15 13:01:21,8.71,334600,8.68,U
sh600550,保变电气,2025-10-15 13:01:33,8.72,22400,8.72,U
sh600550,保变电气,2025-10-15 13:02:18,8.7,51100,8.69,E
sh600550,保变电气,2025-10-15 13:02:33,8.7,20200,8.71,D
sh600550,保变电气,2025-10-15 13:02:48,8.71,20600,8.71,U
sh600550,保变电气,2025-10-15 13:03:03,8.72,226500,8.72,U
sh600550,保变电气,2025-10-15 13:03:15,8.73,46300,8.74,D
sh600550,保变电气,2025-10-15 13:03:21,8.73,30100,8.73,E
sh600550,保变电气,2025-10-15 13:03:39,8.74,27600,8.74,U
sh600550,保变电气,2025-10-15 13:03:51,8.72,26100,8.72,D
sh600550,保变电气,2025-10-15 13:04:00,8.72,26600,8.72,D
sh600550,保变电气,2025-10-15 13:04:03,8.72,21900,8.72,U
sh600550,保变电气,2025-10-15 13:04:27,8.73,21300,8.72,U
sh600550,保变电气,2025-10-15 13:04:30,8.73,21700,8.73,U
sh600550,保变电气,2025-10-15 13:04:36,8.75,373400,8.73,U
sh600550,保变电气,2025-10-15 13:04:39,8.77,399800,8.75,U
sh600550,保变电气,2025-10-15 13:04:42,8.77,20300,8.77,D
sh600550,保变电气,2025-10-15 13:04:45,8.81,463300,8.77,U
sh600550,保变电气,2025-10-15 13:04:48,8.78,23100,8.81,D
sh600550,保变电气,2025-10-15 13:04:51,8.79,92600,8.78,D
sh600550,保变电气,2025-10-15 13:04:57,8.82,60400,8.81,U
sh600550,保变电气,2025-10-15 13:05:00,8.83,43900,8.82,U
sh600550,保变电气,2025-10-15 13:05:03,8.82,90200,8.83,D
sh600550,保变电气,2025-10-15 13:05:12,8.81,41700,8.82,D
sh600550,保变电气,2025-10-15 13:05:15,8.81,24900,8.81,D
sh600550,保变电气,2025-10-15 13:05:18,8.81,60400,8.81,U
sh600550,保变电气,2025-10-15 13:05:24,8.81,29300,8.81,U
sh600550,保变电气,2025-10-15 13:05:27,8.8,26100,8.81,D
sh600550,保变电气,2025-10-15 13:05:36,8.79,74400,8.8,D
sh600550,保变电气,2025-10-15 13:05:48,8.8,32300,8.79,U
sh600550,保变电气,2025-10-15 13:05:51,8.79,20100,8.8,D
sh600550,保变电气,2025-10-15 13:06:00,8.78,26000,8.79,D
sh600550,保变电气,2025-10-15 13:06:03,8.78,34500,8.78,D
sh600550,保变电气,2025-10-15 13:06:15,8.78,33000,8.78,U
sh600550,保变电气,2025-10-15 13:06:18,8.78,20900,8.78,U
sh600550,保变电气,2025-10-15 13:06:24,8.78,21300,8.78,U
sh600550,保变电气,2025-10-15 13:06:30,8.77,21600,8.77,D
sh600550,保变电气,2025-10-15 13:07:09,8.76,77400,8.77,D
sh600550,保变电气,2025-10-15 13:07:15,8.77,20900,8.76,U
sh600550,保变电气,2025-10-15 13:07:33,8.76,20300,8.76,D
sh600550,保变电气,2025-10-15 13:07:39,8.77,57200,8.77,U
sh600550,保变电气,2025-10-15 13:07:54,8.77,25500,8.76,U
sh600550,保变电气,2025-10-15 13:08:00,8.77,21000,8.76,U
sh600550,保变电气,2025-10-15 13:08:03,8.77,54400,8.77,U
sh600550,保变电气,2025-10-15 13:08:06,8.78,36600,8.77,U
sh600550,保变电气,2025-10-15 13:08:12,8.78,41700,8.78,U
sh600550,保变电气,2025-10-15 13:08:18,8.76,270500,8.78,D
sh600550,保变电气,2025-10-15 13:08:21,8.75,34300,8.76,D
sh600550,保变电气,2025-10-15 13:08:27,8.75,38400,8.75,D
sh600550,保变电气,2025-10-15 13:08:36,8.75,22500,8.74,E
sh600550,保变电气,2025-10-15 13:09:06,8.72,23400,8.74,D
sh600550,保变电气,2025-10-15 13:09:45,8.75,45500,8.74,U
sh600550,保变电气,2025-10-15 13:09:48,8.75,72400,8.75,D
sh600550,保变电气,2025-10-15 13:10:00,8.77,29900,8.77,D
sh600550,保变电气,2025-10-15 13:10:03,8.77,26100,8.77,U
sh600550,保变电气,2025-10-15 13:10:09,8.77,45000,8.77,D
sh600550,保变电气,2025-10-15 13:10:39,8.76,20000,8.75,U
sh600550,保变电气,2025-10-15 13:10:57,8.75,56000,8.75,D
sh600550,保变电气,2025-10-15 13:11:51,8.74,26000,8.74,D
sh600550,保变电气,2025-10-15 13:12:21,8.73,102100,8.74,D
sh600550,保变电气,2025-10-15 13:13:09,8.72,32000,8.72,U
sh600550,保变电气,2025-10-15 13:14:24,8.71,24000,8.72,D
sh600550,保变电气,2025-10-15 13:15:03,8.71,41300,8.72,D
sh600550,保变电气,2025-10-15 13:15:57,8.72,26700,8.72,D
sh600550,保变电气,2025-10-15 13:16:09,8.73,96800,8.72,U
sh600550,保变电气,2025-10-15 13:17:21,8.72,50100,8.73,D
sh600550,保变电气,2025-10-15 13:17:36,8.73,30000,8.72,U
sh600550,保变电气,2025-10-15 13:18:18,8.72,112100,8.73,D
sh600550,保变电气,2025-10-15 13:18:57,8.72,50700,8.73,D
sh600550,保变电气,2025-10-15 13:19:03,8.7,77600,8.72,D
sh600550,保变电气,2025-10-15 13:19:33,8.7,29800,8.7,D
sh600550,保变电气,2025-10-15 13:19:39,8.69,26500,8.7,D
sh600550,保变电气,2025-10-15 13:22:27,8.69,38200,8.69,D
sh600550,保变电气,2025-10-15 13:22:51,8.68,30000,8.69,D
sh600550,保变电气,2025-10-15 13:24:54,8.7,23000,8.69,U
sh600550,保变电气,2025-10-15 13:25:54,8.69,39000,8.69,D
sh600550,保变电气,2025-10-15 13:29:12,8.69,25600,8.68,U
sh600550,保变电气,2025-10-15 13:31:36,8.69,27800,8.69,U
sh600550,保变电气,2025-10-15 13:31:45,8.68,36200,8.69,D
sh600550,保变电气,2025-10-15 13:32:03,8.69,40700,8.69,D
sh600550,保变电气,2025-10-15 13:32:36,8.69,26800,8.69,D
sh600550,保变电气,2025-10-15 13:32:48,8.69,41400,8.69,D
sh600550,保变电气,2025-10-15 13:33:36,8.69,50200,8.69,D
sh600550,保变电气,2025-10-15 13:35:06,8.69,30200,8.68,U
sh600550,保变电气,2025-10-15 13:35:12,8.69,65800,8.69,U
sh600550,保变电气,2025-10-15 13:37:15,8.69,28100,8.7,D
sh600550,保变电气,2025-10-15 13:39:03,8.69,82900,8.7,D
sh600550,保变电气,2025-10-15 13:39:51,8.68,56600,8.68,D
sh600550,保变电气,2025-10-15 13:39:54,8.68,23900,8.68,D
sh600550,保变电气,2025-10-15 13:41:00,8.69,39800,8.69,U
sh600550,保变电气,2025-10-15 13:41:12,8.69,36300,8.68,U
sh600550,保变电气,2025-10-15 13:41:15,8.69,52500,8.69,U
sh600550,保变电气,2025-10-15 13:41:21,8.68,25000,8.69,D
sh600550,保变电气,2025-10-15 13:41:24,8.68,112100,8.68,D
sh600550,保变电气,2025-10-15 13:42:24,8.7,43300,8.7,U
sh600550,保变电气,2025-10-15 13:43:39,8.7,21700,8.7,D
sh600550,保变电气,2025-10-15 13:44:00,8.69,59400,8.7,D
sh600550,保变电气,2025-10-15 13:44:30,8.69,67000,8.69,D
sh600550,保变电气,2025-10-15 13:49:15,8.68,52700,8.69,D
sh600550,保变电气,2025-10-15 13:49:18,8.68,30700,8.68,D
sh600550,保变电气,2025-10-15 13:51:06,8.69,51199,8.69,U
sh600550,保变电气,2025-10-15 13:52:21,8.7,48200,8.69,U
sh600550,保变电气,2025-10-15 13:52:48,8.69,36300,8.69,D
sh600550,保变电气,2025-10-15 13:53:42,8.71,73200,8.7,U
sh600550,保变电气,2025-10-15 13:53:45,8.72,96234,8.71,U
sh600550,保变电气,2025-10-15 13:53:51,8.73,31600,8.73,U
sh600550,保变电气,2025-10-15 13:54:57,8.73,29200,8.72,U
sh600550,保变电气,2025-10-15 13:55:42,8.72,23500,8.71,U
sh600550,保变电气,2025-10-15 13:57:12,8.73,59800,8.73,U
sh600550,保变电气,2025-10-15 13:57:33,8.74,32800,8.74,U
sh600550,保变电气,2025-10-15 13:57:39,8.74,36800,8.74,U
sh600550,保变电气,2025-10-15 13:57:45,8.74,27900,8.73,U
sh600550,保变电气,2025-10-15 13:57:57,8.75,22400,8.75,U
sh600550,保变电气,2025-10-15 13:58:03,8.75,32800,8.75,U
sh600550,保变电气,2025-10-15 13:58:15,8.75,40800,8.75,U
sh600550,保变电气,2025-10-15 13:58:18,8.75,72800,8.75,U
sh600550,保变电气,2025-10-15 13:58:33,8.75,20500,8.76,D
sh600550,保变电气,2025-10-15 13:58:39,8.76,21900,8.76,U
sh600550,保变电气,2025-10-15 13:59:21,8.76,43500,8.76,U
sh600550,保变电气,2025-10-15 13:59:51,8.75,40200,8.75,D
sh600550,保变电气,2025-10-15 14:00:12,8.74,20000,8.74,D
sh600550,保变电气,2025-10-15 14:00:27,8.75,20000,8.73,U
sh600550,保变电气,2025-10-15 14:03:06,8.74,50000,8.75,D
sh600550,保变电气,2025-10-15 14:04:03,8.74,25600,8.74,U
sh600550,保变电气,2025-10-15 14:06:00,8.75,20000,8.74,U
sh600550,保变电气,2025-10-15 14:06:03,8.75,21700,8.75,U
sh600550,保变电气,2025-10-15 14:06:39,8.74,63800,8.75,D
sh600550,保变电气,2025-10-15 14:07:09,8.74,29200,8.75,D
sh600550,保变电气,2025-10-15 14:08:24,8.74,64800,8.73,U
sh600550,保变电气,2025-10-15 14:09:15,8.74,60400,8.73,U
sh600550,保变电气,2025-10-15 14:09:18,8.74,23900,8.74,U
sh600550,保变电气,2025-10-15 14:09:45,8.75,22400,8.75,U
sh600550,保变电气,2025-10-15 14:10:00,8.75,53400,8.74,U
sh600550,保变电气,2025-10-15 14:10:21,8.74,20000,8.75,D
sh600550,保变电气,2025-10-15 14:11:06,8.75,31500,8.74,U
sh600550,保变电气,2025-10-15 14:11:57,8.74,31600,8.74,D
sh600550,保变电气,2025-10-15 14:12:03,8.75,23100,8.75,U
sh600550,保变电气,2025-10-15 14:12:06,8.75,27200,8.75,U
sh600550,保变电气,2025-10-15 14:12:27,8.75,38800,8.75,U
sh600550,保变电气,2025-10-15 14:14:09,8.74,61500,8.74,D
sh600550,保变电气,2025-10-15 14:15:54,8.74,34900,8.74,D
sh600550,保变电气,2025-10-15 14:17:27,8.74,93800,8.74,D
sh600550,保变电气,2025-10-15 14:17:51,8.74,26900,8.74,U
sh600550,保变电气,2025-10-15 14:21:12,8.74,79600,8.74,U
sh600550,保变电气,2025-10-15 14:21:27,8.75,21400,8.74,U
sh600550,保变电气,2025-10-15 14:21:30,8.74,20900,8.75,D
sh600550,保变电气,2025-10-15 14:21:42,8.74,54500,8.74,D
sh600550,保变电气,2025-10-15 14:22:00,8.74,35900,8.74,U
sh600550,保变电气,2025-10-15 14:22:06,8.74,20400,8.74,D
sh600550,保变电气,2025-10-15 14:22:09,8.74,26300,8.74,U
sh600550,保变电气,2025-10-15 14:22:12,8.74,30900,8.74,U
sh600550,保变电气,2025-10-15 14:22:54,8.75,61200,8.74,U
sh600550,保变电气,2025-10-15 14:23:03,8.74,62100,8.75,D
sh600550,保变电气,2025-10-15 14:23:09,8.75,94500,8.75,U
sh600550,保变电气,2025-10-15 14:23:12,8.76,535500,8.75,U
sh600550,保变电气,2025-10-15 14:23:15,8.76,63600,8.76,U
sh600550,保变电气,2025-10-15 14:23:33,8.76,26600,8.76,U
sh600550,保变电气,2025-10-15 14:24:09,8.77,72500,8.77,U
sh600550,保变电气,2025-10-15 14:25:12,8.77,29800,8.77,U
sh600550,保变电气,2025-10-15 14:25:18,8.76,21300,8.77,D
sh600550,保变电气,2025-10-15 14:26:30,8.76,29000,8.77,D
sh600550,保变电气,2025-10-15 14:26:36,8.76,37400,8.76,D
sh600550,保变电气,2025-10-15 14:27:30,8.77,27600,8.76,U
sh600550,保变电气,2025-10-15 14:28:33,8.77,41600,8.76,U
sh600550,保变电气,2025-10-15 14:29:00,8.76,55600,8.76,D
sh600550,保变电气,2025-10-15 14:29:03,8.76,56800,8.76,D
sh600550,保变电气,2025-10-15 14:29:30,8.77,63000,8.77,U
sh600550,保变电气,2025-10-15 14:29:42,8.77,28300,8.77,U
sh600550,保变电气,2025-10-15 14:29:57,8.76,21000,8.76,D
sh600550,保变电气,2025-10-15 14:30:48,8.77,30100,8.76,U
sh600550,保变电气,2025-10-15 14:31:12,8.76,24000,8.77,D
sh600550,保变电气,2025-10-15 14:31:36,8.76,28800,8.76,D
sh600550,保变电气,2025-10-15 14:32:24,8.75,79700,8.76,D
sh600550,保变电气,2025-10-15 14:32:33,8.75,79500,8.76,D
sh600550,保变电气,2025-10-15 14:33:03,8.76,23400,8.76,U
sh600550,保变电气,2025-10-15 14:33:48,8.75,97200,8.76,D
sh600550,保变电气,2025-10-15 14:33:54,8.75,24000,8.75,D
sh600550,保变电气,2025-10-15 14:33:57,8.76,24200,8.75,U
sh600550,保变电气,2025-10-15 14:34:15,8.76,24300,8.76,U
sh600550,保变电气,2025-10-15 14:34:54,8.76,22900,8.75,U
sh600550,保变电气,2025-10-15 14:35:09,8.75,41600,8.76,D
sh600550,保变电气,2025-10-15 14:35:30,8.76,23700,8.76,U
sh600550,保变电气,2025-10-15 14:35:42,8.76,96900,8.76,U
sh600550,保变电气,2025-10-15 14:37:15,8.76,21700,8.76,D
sh600550,保变电气,2025-10-15 14:37:51,8.76,25900,8.76,D
sh600550,保变电气,2025-10-15 14:39:39,8.77,33200,8.77,U
sh600550,保变电气,2025-10-15 14:40:09,8.76,35700,8.77,D
sh600550,保变电气,2025-10-15 14:40:12,8.76,24800,8.76,D
sh600550,保变电气,2025-10-15 14:40:18,8.77,121400,8.76,U
sh600550,保变电气,2025-10-15 14:40:33,8.76,89000,8.77,D
sh600550,保变电气,2025-10-15 14:41:15,8.77,45400,8.77,U
sh600550,保变电气,2025-10-15 14:41:30,8.77,32700,8.77,U
sh600550,保变电气,2025-10-15 14:42:03,8.77,50100,8.77,U
sh600550,保变电气,2025-10-15 14:42:09,8.76,65500,8.77,D
sh600550,保变电气,2025-10-15 14:42:33,8.77,83900,8.76,U
sh600550,保变电气,2025-10-15 14:43:03,8.77,53500,8.76,U
sh600550,保变电气,2025-10-15 14:43:42,8.76,34500,8.76,D
sh600550,保变电气,2025-10-15 14:43:51,8.76,33800,8.76,D
sh600550,保变电气,2025-10-15 14:44:03,8.77,52400,8.77,U
sh600550,保变电气,2025-10-15 14:44:06,8.77,66800,8.77,U
sh600550,保变电气,2025-10-15 14:44:18,8.76,31600,8.76,D
sh600550,保变电气,2025-10-15 14:44:21,8.76,50000,8.76,D
sh600550,保变电气,2025-10-15 14:44:30,8.76,54800,8.77,D
sh600550,保变电气,2025-10-15 14:44:45,8.76,76800,8.76,D
sh600550,保变电气,2025-10-15 14:45:06,8.77,101300,8.77,U
sh600550,保变电气,2025-10-15 14:45:15,8.76,85800,8.76,D
sh600550,保变电气,2025-10-15 14:45:36,8.76,25600,8.77,D
sh600550,保变电气,2025-10-15 14:45:42,8.77,50000,8.76,U
sh600550,保变电气,2025-10-15 14:45:45,8.77,136200,8.77,U
sh600550,保变电气,2025-10-15 14:45:51,8.77,35300,8.77,U
sh600550,保变电气,2025-10-15 14:46:03,8.77,56700,8.77,U
sh600550,保变电气,2025-10-15 14:46:06,8.77,22800,8.77,U
sh600550,保变电气,2025-10-15 14:47:03,8.77,37300,8.77,U
sh600550,保变电气,2025-10-15 14:47:12,8.77,43300,8.77,U
sh600550,保变电气,2025-10-15 14:47:15,8.76,21500,8.77,D
sh600550,保变电气,2025-10-15 14:47:36,8.77,46100,8.76,U
sh600550,保变电气,2025-10-15 14:48:03,8.77,419700,8.77,U
sh600550,保变电气,2025-10-15 14:48:06,8.78,21600,8.77,U
sh600550,保变电气,2025-10-15 14:48:09,8.78,23400,8.78,U
sh600550,保变电气,2025-10-15 14:48:42,8.78,134800,8.77,U
sh600550,保变电气,2025-10-15 14:48:48,8.78,27700,8.78,U
sh600550,保变电气,2025-10-15 14:48:51,8.77,20400,8.78,D
sh600550,保变电气,2025-10-15 14:49:03,8.77,27500,8.77,D
sh600550,保变电气,2025-10-15 14:49:24,8.77,25900,8.78,D
sh600550,保变电气,2025-10-15 14:49:33,8.77,25300,8.77,D
sh600550,保变电气,2025-10-15 14:49:36,8.77,24700,8.77,D
sh600550,保变电气,2025-10-15 14:49:39,8.78,23400,8.77,U
sh600550,保变电气,2025-10-15 14:50:00,8.77,34500,8.78,D
sh600550,保变电气,2025-10-15 14:50:03,8.77,106100,8.77,D
sh600550,保变电气,2025-10-15 14:50:33,8.77,23700,8.77,U
sh600550,保变电气,2025-10-15 14:50:39,8.76,52200,8.76,D
sh600550,保变电气,2025-10-15 14:50:42,8.77,35500,8.76,U
sh600550,保变电气,2025-10-15 14:50:45,8.77,34500,8.77,U
sh600550,保变电气,2025-10-15 14:51:00,8.77,30600,8.77,U
sh600550,保变电气,2025-10-15 14:51:09,8.77,32560,8.77,D
sh600550,保变电气,2025-10-15 14:51:12,8.77,20600,8.77,U
sh600550,保变电气,2025-10-15 14:51:15,8.77,32800,8.77,U
sh600550,保变电气,2025-10-15 14:51:42,8.77,28000,8.77,D
sh600550,保变电气,2025-10-15 14:51:51,8.77,28100,8.77,D
sh600550,保变电气,2025-10-15 14:52:18,8.77,23400,8.78,D
sh600550,保变电气,2025-10-15 14:52:24,8.77,92500,8.78,D
sh600550,保变电气,2025-10-15 14:52:30,8.78,29700,8.78,U
sh600550,保变电气,2025-10-15 14:53:03,8.78,37900,8.77,U
sh600550,保变电气,2025-10-15 14:53:24,8.77,43400,8.78,D
sh600550,保变电气,2025-10-15 14:53:36,8.78,25200,8.77,U
sh600550,保变电气,2025-10-15 14:54:00,8.78,70200,8.77,U
sh600550,保变电气,2025-10-15 14:54:03,8.77,39700,8.78,D
sh600550,保变电气,2025-10-15 14:54:36,8.77,21000,8.77,D
sh600550,保变电气,2025-10-15 14:55:30,8.78,65400,8.78,U
sh600550,保变电气,2025-10-15 14:55:45,8.78,43900,8.77,U
sh600550,保变电气,2025-10-15 14:55:51,8.78,142300,8.78,U
sh600550,保变电气,2025-10-15 14:55:54,8.78,32200,8.78,U
sh600550,保变电气,2025-10-15 14:56:00,8.78,22400,8.78,U
sh600550,保变电气,2025-10-15 14:56:09,8.79,74540,8.78,U
sh600550,保变电气,2025-10-15 14:56:15,8.78,21300,8.78,D
sh600550,保变电气,2025-10-15 14:56:18,8.79,29000,8.78,U
sh600550,保变电气,2025-10-15 14:56:21,8.79,51700,8.79,U
sh600550,保变电气,2025-10-15 14:56:39,8.79,28400,8.79,U
sh600550,保变电气,2025-10-15 14:56:57,8.79,51400,8.79,U
sh600550,保变电气,2025-10-15 14:57:00,8.78,22900,8.79,D
sh600550,保变电气,2025-10-15 15:00:03,8.79,573500,8.79,U
