symbol,name,ticktime,price,volume,prev_price,kind
sh600550,保变电气,2025-09-25 09:25:03,8.18,131900,0.0,U
sh600550,保变电气,2025-09-25 09:30:09,8.18,39100,8.16,U
sh600550,保变电气,2025-09-25 09:30:12,8.18,24500,8.18,U
sh600550,保变电气,2025-09-25 09:30:15,8.16,28500,8.18,D
sh600550,保变电气,2025-09-25 09:30:27,8.15,26100,8.15,D
sh600550,保变电气,2025-09-25 09:30:36,8.18,49300,8.18,U
sh600550,保变电气,2025-09-25 09:30:39,8.19,65100,8.18,U
sh600550,保变电气,2025-09-25 09:30:42,8.21,151800,8.19,U
sh600550,保变电气,2025-09-25 09:30:45,8.22,136300,8.21,U
sh600550,保变电气,2025-09-25 09:30:51,8.22,23000,8.22,U
sh600550,保变电气,2025-09-25 09:30:54,8.23,45200,8.22,U
sh600550,保变电气,2025-09-25 09:30:57,8.2,58700,8.23,D
sh600550,保变电气,2025-09-25 09:31:06,8.22,21300,8.22,D
sh600550,保变电气,2025-09-25 09:31:12,8.23,43800,8.22,U
sh600550,保变电气,2025-09-25 09:31:15,8.22,60200,8.23,D
sh600550,保变电气,2025-09-25 09:31:27,8.21,26400,8.22,D
sh600550,保变电气,2025-09-25 09:31:42,8.22,55000,8.22,U
sh600550,保变电气,2025-09-25 09:31:48,8.21,54100,8.22,D
sh600550,保变电气,2025-09-25 09:33:03,8.22,102600,8.22,U
sh600550,保变电气,2025-09-25 09:33:06,8.23,33600,8.22,U
sh600550,保变电气,2025-09-25 09:33:24,8.22,58000,8.23,D
sh600550,保变电气,2025-09-25 09:33:30,8.22,21200,8.22,U
sh600550,保变电气,2025-09-25 09:34:06,8.2,38800,8.22,D
sh600550,保变电气,2025-09-25 09:34:09,8.2,56100,8.2,D
sh600550,保变电气,2025-09-25 09:35:06,8.21,30900,8.21,U
sh600550,保变电气,2025-09-25 09:36:33,8.2,33700,8.2,D
sh600550,保变电气,2025-09-25 09:38:42,8.21,56900,8.2,U
sh600550,保变电气,2025-09-25 09:39:54,8.21,40500,8.2,U
sh600550,保变电气,2025-09-25 09:41:48,8.22,31500,8.22,U
sh600550,保变电气,2025-09-25 09:42:09,8.22,22300,8.22,U
sh600550,保变电气,2025-09-25 09:42:39,8.22,144900,8.22,U
sh600550,保变电气,2025-09-25 09:43:06,8.22,21500,8.22,D
sh600550,保变电气,2025-09-25 09:43:09,8.22,130000,8.22,D
sh600550,保变电气,2025-09-25 09:44:18,8.25,342600,8.22,U
sh600550,保变电气,2025-09-25 09:44:21,8.24,24400,8.25,D
sh600550,保变电气,2025-09-25 09:44:36,8.25,33200,8.25,U
sh600550,保变电气,2025-09-25 09:44:39,8.24,27400,8.25,D
sh600550,保变电气,2025-09-25 09:44:51,8.25,29200,8.25,U
sh600550,保变电气,2025-09-25 09:44:54,8.25,39600,8.25,U
sh600550,保变电气,2025-09-25 09:45:57,8.24,43000,8.24,D
sh600550,保变电气,2025-09-25 09:46:00,8.24,28700,8.24,D
sh600550,保变电气,2025-09-25 09:46:15,8.23,76900,8.24,D
sh600550,保变电气,2025-09-25 09:46:42,8.24,20500,8.23,U
sh600550,保变电气,2025-09-25 09:47:27,8.24,29200,8.23,U
sh600550,保变电气,2025-09-25 09:48:00,8.24,31400,8.24,U
sh600550,保变电气,2025-09-25 09:48:12,8.24,20400,8.24,U
sh600550,保变电气,2025-09-25 09:48:18,8.25,84800,8.24,U
sh600550,保变电气,2025-09-25 09:48:21,8.24,21100,8.25,D
sh600550,保变电气,2025-09-25 09:48:33,8.24,36600,8.24,D
sh600550,保变电气,2025-09-25 09:48:36,8.25,30000,8.24,U
sh600550,保变电气,2025-09-25 09:48:48,8.25,26400,8.24,U
sh600550,保变电气,2025-09-25 09:49:42,8.25,53000,8.25,U
sh600550,保变电气,2025-09-25 09:49:51,8.25,115500,8.25,U
sh600550,保变电气,2025-09-25 09:49:57,8.25,21600,8.26,D
sh600550,保变电气,2025-09-25 09:50:03,8.26,46800,8.26,U
sh600550,保变电气,2025-09-25 09:50:06,8.24,31200,8.26,D
sh600550,保变电气,2025-09-25 09:50:39,8.26,134900,8.26,U
sh600550,保变电气,2025-09-25 09:50:51,8.27,114000,8.26,U
sh600550,保变电气,2025-09-25 09:50:54,8.27,28300,8.27,D
sh600550,保变电气,2025-09-25 09:50:57,8.28,92300,8.27,U
sh600550,保变电气,2025-09-25 09:51:00,8.27,32500,8.28,E
sh600550,保变电气,2025-09-25 09:51:09,8.27,23200,8.27,U
sh600550,保变电气,2025-09-25 09:51:12,8.27,37400,8.27,U
sh600550,保变电气,2025-09-25 09:51:21,8.27,29900,8.27,U
sh600550,保变电气,2025-09-25 09:51:27,8.27,67400,8.26,U
sh600550,保变电气,2025-09-25 09:51:33,8.26,64800,8.27,D
sh600550,保变电气,2025-09-25 09:51:39,8.27,24300,8.26,U
sh600550,保变电气,2025-09-25 09:51:51,8.26,162200,8.27,D
sh600550,保变电气,2025-09-25 09:52:54,8.27,31800,8.27,U
sh600550,保变电气,2025-09-25 09:53:33,8.27,23000,8.27,U
sh600550,保变电气,2025-09-25 09:53:42,8.27,30600,8.27,U
sh600550,保变电气,2025-09-25 09:53:48,8.27,74200,8.27,U
sh600550,保变电气,2025-09-25 09:53:57,8.27,31900,8.27,U
sh600550,保变电气,2025-09-25 09:54:03,8.26,132100,8.26,D
sh600550,保变电气,2025-09-25 09:54:57,8.27,49200,8.27,U
sh600550,保变电气,2025-09-25 09:55:09,8.26,77100,8.27,D
sh600550,保变电气,2025-09-25 09:55:12,8.25,96000,8.26,D
sh600550,保变电气,2025-09-25 09:55:15,8.25,54600,8.25,D
sh600550,保变电气,2025-09-25 09:56:15,8.25,24800,8.25,U
sh600550,保变电气,2025-09-25 09:56:27,8.25,46400,8.25,U
sh600550,保变电气,2025-09-25 09:57:54,8.26,34100,8.26,U
sh600550,保变电气,2025-09-25 09:57:57,8.25,29900,8.26,D
sh600550,保变电气,2025-09-25 09:59:18,8.24,195600,8.25,D
sh600550,保变电气,2025-09-25 10:00:30,8.24,42900,8.25,D
sh600550,保变电气,2025-09-25 10:00:33,8.24,67500,8.24,D
sh600550,保变电气,2025-09-25 10:01:54,8.24,46030,8.24,D
sh600550,保变电气,2025-09-25 10:02:03,8.23,71900,8.23,D
sh600550,保变电气,2025-09-25 10:04:09,8.23,22300,8.24,D
sh600550,保变电气,2025-09-25 10:04:42,8.24,44000,8.24,U
sh600550,保变电气,2025-09-25 10:04:45,8.23,43600,8.24,D
sh600550,保变电气,2025-09-25 10:05:03,8.23,89900,8.24,D
sh600550,保变电气,2025-09-25 10:06:03,8.23,29200,8.22,U
sh600550,保变电气,2025-09-25 10:07:00,8.22,38500,8.22,D
sh600550,保变电气,2025-09-25 10:07:03,8.22,59700,8.22,D
sh600550,保变电气,2025-09-25 10:07:51,8.22,34400,8.22,D
sh600550,保变电气,2025-09-25 10:08:39,8.21,83100,8.21,D
sh600550,保变电气,2025-09-25 10:08:48,8.21,95870,8.21,U
sh600550,保变电气,2025-09-25 10:09:12,8.22,20100,8.22,U
sh600550,保变电气,2025-09-25 10:17:21,8.22,28000,8.23,D
sh600550,保变电气,2025-09-25 10:17:33,8.22,35500,8.22,D
sh600550,保变电气,2025-09-25 10:18:33,8.22,64300,8.22,D
sh600550,保变电气,2025-09-25 10:18:51,8.22,21000,8.22,U
sh600550,保变电气,2025-09-25 10:19:39,8.21,65300,8.21,D
sh600550,保变电气,2025-09-25 10:22:18,8.22,32300,8.21,U
sh600550,保变电气,2025-09-25 10:28:03,8.22,61800,8.22,D
sh600550,保变电气,2025-09-25 10:28:57,8.22,33300,8.22,D
sh600550,保变电气,2025-09-25 10:32:42,8.22,78600,8.22,D
sh600550,保变电气,2025-09-25 10:32:45,8.22,54800,8.22,D
sh600550,保变电气,2025-09-25 10:33:54,8.21,22200,8.21,D
sh600550,保变电气,2025-09-25 10:35:18,8.22,25500,8.21,U
sh600550,保变电气,2025-09-25 10:37:03,8.21,23200,8.22,D
sh600550,保变电气,2025-09-25 10:37:45,8.21,20000,8.22,D
sh600550,保变电气,2025-09-25 10:39:03,8.22,24700,8.21,U
sh600550,保变电气,2025-09-25 10:41:42,8.21,70900,8.21,D
sh600550,保变电气,2025-09-25 10:41:45,8.21,29580,8.21,D
sh600550,保变电气,2025-09-25 10:42:06,8.2,36100,8.2,D
sh600550,保变电气,2025-09-25 10:44:06,8.2,20100,8.21,D
sh600550,保变电气,2025-09-25 10:44:48,8.21,31120,8.21,U
sh600550,保变电气,2025-09-25 10:46:15,8.21,21000,8.22,D
sh600550,保变电气,2025-09-25 10:46:48,8.21,20500,8.21,D
sh600550,保变电气,2025-09-25 10:47:03,8.21,31100,8.21,U
sh600550,保变电气,2025-09-25 10:48:18,8.21,21400,8.21,D
sh600550,保变电气,2025-09-25 10:48:30,8.21,20900,8.22,D
sh600550,保变电气,2025-09-25 10:49:03,8.22,58100,8.21,U
sh600550,保变电气,2025-09-25 10:49:15,8.22,20000,8.22,U
sh600550,保变电气,2025-09-25 10:49:18,8.21,22200,8.22,D
sh600550,保变电气,2025-09-25 10:51:03,8.21,24500,8.21,D
sh600550,保变电气,2025-09-25 10:51:21,8.21,34100,8.21,D
sh600550,保变电气,2025-09-25 10:52:42,8.2,20500,8.21,D
sh600550,保变电气,2025-09-25 10:54:36,8.21,30900,8.22,D
sh600550,保变电气,2025-09-25 10:56:54,8.21,25400,8.21,D
sh600550,保变电气,2025-09-25 10:57:45,8.21,20000,8.21,D
sh600550,保变电气,2025-09-25 10:58:03,8.2,130800,8.21,D
sh600550,保变电气,2025-09-25 10:58:30,8.2,20300,8.2,D
sh600550,保变电气,2025-09-25 11:01:03,8.2,30200,8.2,D
sh600550,保变电气,2025-09-25 11:03:15,8.2,61500,8.2,D
sh600550,保变电气,2025-09-25 11:07:54,8.2,70700,8.21,D
sh600550,保变电气,2025-09-25 11:11:03,8.21,23600,8.2,U
sh600550,保变电气,2025-09-25 11:12:12,8.2,29300,8.2,D
sh600550,保变电气,2025-09-25 11:15:45,8.19,151919,8.21,D
sh600550,保变电气,2025-09-25 11:17:09,8.19,20400,8.19,D
sh600550,保变电气,2025-09-25 11:18:03,8.19,47200,8.2,D
sh600550,保变电气,2025-09-25 11:19:00,8.19,24500,8.19,D
sh600550,保变电气,2025-09-25 11:19:42,8.19,45900,8.19,D
sh600550,保变电气,2025-09-25 11:20:45,8.2,24200,8.19,U
sh600550,保变电气,2025-09-25 11:26:15,8.21,60500,8.2,U
sh600550,保变电气,2025-09-25 11:26:27,8.21,70500,8.2,U
sh600550,保变电气,2025-09-25 11:27:18,8.21,22300,8.2,U
sh600550,保变电气,2025-09-25 11:29:12,8.2,23800,8.21,D
sh600550,保变电气,2025-09-25 13:00:03,8.21,38500,8.19,U
sh600550,保变电气,2025-09-25 13:00:09,8.21,34900,8.21,D
sh600550,保变电气,2025-09-25 13:01:42,8.21,25100,8.21,U
sh600550,保变电气,2025-09-25 13:01:54,8.21,66200,8.21,D
sh600550,保变电气,2025-09-25 13:02:03,8.21,21200,8.21,U
sh600550,保变电气,2025-09-25 13:02:09,8.23,117900,8.21,U
sh600550,保变电气,2025-09-25 13:02:12,8.26,421240,8.23,U
sh600550,保变电气,2025-09-25 13:02:15,8.26,137700,8.26,U
sh600550,保变电气,2025-09-25 13:02:21,8.23,30500,8.25,D
sh600550,保变电气,2025-09-25 13:03:00,8.25,36500,8.24,U
sh600550,保变电气,2025-09-25 13:03:12,8.25,22900,8.25,U
sh600550,保变电气,2025-09-25 13:03:15,8.25,29100,8.25,U
sh600550,保变电气,2025-09-25 13:04:30,8.23,25800,8.24,D
sh600550,保变电气,2025-09-25 13:08:18,8.22,52700,8.22,D
sh600550,保变电气,2025-09-25 13:09:54,8.22,29500,8.22,D
sh600550,保变电气,2025-09-25 13:09:57,8.21,29022,8.22,D
sh600550,保变电气,2025-09-25 13:12:36,8.2,107900,8.21,D
sh600550,保变电气,2025-09-25 13:13:15,8.2,20300,8.2,D
sh600550,保变电气,2025-09-25 13:13:27,8.21,24200,8.2,U
sh600550,保变电气,2025-09-25 13:14:03,8.2,26100,8.2,D
sh600550,保变电气,2025-09-25 13:14:45,8.2,27500,8.2,D
sh600550,保变电气,2025-09-25 13:15:00,8.19,33000,8.2,D
sh600550,保变电气,2025-09-25 13:16:09,8.2,28000,8.2,U
sh600550,保变电气,2025-09-25 13:20:39,8.22,115200,8.21,U
sh600550,保变电气,2025-09-25 13:21:09,8.22,47700,8.22,U
sh600550,保变电气,2025-09-25 13:30:00,8.21,88000,8.21,D
sh600550,保变电气,2025-09-25 13:30:12,8.21,22000,8.21,U
sh600550,保变电气,2025-09-25 13:32:36,8.21,20000,8.21,U
sh600550,保变电气,2025-09-25 13:36:33,8.22,67700,8.22,U
sh600550,保变电气,2025-09-25 13:37:54,8.23,47500,8.22,U
sh600550,保变电气,2025-09-25 13:45:00,8.23,32100,8.23,D
sh600550,保变电气,2025-09-25 13:46:24,8.22,30000,8.23,D
sh600550,保变电气,2025-09-25 13:49:12,8.21,25500,8.22,D
sh600550,保变电气,2025-09-25 13:49:18,8.21,67600,8.21,D
sh600550,保变电气,2025-09-25 13:50:15,8.22,22000,8.21,U
sh600550,保变电气,2025-09-25 13:54:42,8.21,25700,8.21,D
sh600550,保变电气,2025-09-25 13:56:03,8.22,45600,8.21,U
sh600550,保变电气,2025-09-25 13:59:48,8.22,74000,8.22,U
sh600550,保变电气,2025-09-25 13:59:51,8.23,203132,8.22,U
sh600550,保变电气,2025-09-25 14:00:33,8.22,45000,8.23,D
sh600550,保变电气,2025-09-25 14:02:33,8.22,30600,8.22,D
sh600550,保变电气,2025-09-25 14:04:45,8.23,44500,8.23,U
sh600550,保变电气,2025-09-25 14:05:39,8.23,71500,8.22,U
sh600550,保变电气,2025-09-25 14:11:36,8.23,76100,8.23,U
sh600550,保变电气,2025-09-25 14:17:03,8.22,42500,8.22,D
sh600550,保变电气,2025-09-25 14:19:18,8.23,20000,8.23,U
sh600550,保变电气,2025-09-25 14:20:45,8.23,25600,8.23,U
sh600550,保变电气,2025-09-25 14:24:48,8.23,33600,8.22,U
sh600550,保变电气,2025-09-25 14:27:03,8.24,36800,8.23,U
sh600550,保变电气,2025-09-25 14:30:48,8.24,21600,8.24,U
sh600550,保变电气,2025-09-25 14:31:06,8.24,168500,8.24,U
sh600550,保变电气,2025-09-25 14:31:48,8.24,28200,8.25,D
sh600550,保变电气,2025-09-25 14:37:06,8.23,156500,8.23,D
sh600550,保变电气,2025-09-25 14:38:30,8.23,27200,8.22,U
sh600550,保变电气,2025-09-25 14:39:45,8.23,29800,8.23,U
sh600550,保变电气,2025-09-25 14:40:18,8.23,20600,8.23,U
sh600550,保变电气,2025-09-25 14:42:57,8.23,27200,8.22,U
sh600550,保变电气,2025-09-25 14:43:24,8.23,35700,8.23,U
sh600550,保变电气,2025-09-25 14:43:51,8.24,28200,8.23,U
sh600550,保变电气,2025-09-25 14:44:06,8.23,29000,8.23,D
sh600550,保变电气,2025-09-25 14:44:48,8.23,28600,8.23,U
sh600550,保变电气,2025-09-25 14:45:42,8.24,24500,8.23,U
sh600550,保变电气,2025-09-25 14:47:30,8.24,27200,8.23,U
sh600550,保变电气,2025-09-25 14:48:24,8.24,35100,8.23,U
sh600550,保变电气,2025-09-25 14:48:39,8.23,26400,8.23,D
sh600550,保变电气,2025-09-25 14:51:03,8.23,28500,8.23,D
sh600550,保变电气,2025-09-25 14:53:09,8.23,21000,8.23,D
sh600550,保变电气,2025-09-25 14:54:03,8.23,54100,8.23,D
sh600550,保变电气,2025-09-25 14:55:00,8.23,24200,8.24,D
sh600550,保变电气,2025-09-25 14:55:03,8.23,36400,8.23,D
sh600550,保变电气,2025-09-25 14:56:15,8.23,24000,8.23,D
sh600550,保变电气,2025-09-25 14:56:30,8.23,22300,8.23,D
sh600550,保变电气,2025-09-25 15:00:03,8.22,173712,8.23,U
