symbol,name,ticktime,price,volume,prev_price,kind
sh600584,长电科技,2025-09-15 09:25:00,38.58,901500,0.0,U
sh600584,长电科技,2025-09-15 09:30:00,38.6,24300,38.58,U
sh600584,长电科技,2025-09-15 09:30:03,38.6,97400,38.6,U
sh600584,长电科技,2025-09-15 09:30:06,38.62,130901,38.6,E
sh600584,长电科技,2025-09-15 09:30:09,38.7,232500,38.62,U
sh600584,长电科技,2025-09-15 09:30:12,38.72,109800,38.7,U
sh600584,长电科技,2025-09-15 09:30:15,38.69,107000,38.72,D
sh600584,长电科技,2025-09-15 09:30:18,38.62,130900,38.69,D
sh600584,长电科技,2025-09-15 09:30:21,38.69,98700,38.62,U
sh600584,长电科技,2025-09-15 09:30:24,38.64,154700,38.69,D
sh600584,长电科技,2025-09-15 09:30:27,38.75,182500,38.64,U
sh600584,长电科技,2025-09-15 09:30:30,38.63,162100,38.75,D
sh600584,长电科技,2025-09-15 09:30:33,38.69,163200,38.63,U
sh600584,长电科技,2025-09-15 09:30:36,38.65,426900,38.69,D
sh600584,长电科技,2025-09-15 09:30:39,38.7,242000,38.65,U
sh600584,长电科技,2025-09-15 09:30:42,38.68,251500,38.7,D
sh600584,长电科技,2025-09-15 09:30:45,38.7,315500,38.68,U
sh600584,长电科技,2025-09-15 09:30:48,38.7,212900,38.7,D
sh600584,长电科技,2025-09-15 09:30:51,38.68,201000,38.7,D
sh600584,长电科技,2025-09-15 09:30:54,38.7,237200,38.68,U
sh600584,长电科技,2025-09-15 09:30:57,38.7,104800,38.7,U
sh600584,长电科技,2025-09-15 09:31:00,38.69,137600,38.7,E
sh600584,长电科技,2025-09-15 09:31:03,38.67,439100,38.69,D
sh600584,长电科技,2025-09-15 09:31:06,38.65,120200,38.67,D
sh600584,长电科技,2025-09-15 09:31:09,38.62,180199,38.65,D
sh600584,长电科技,2025-09-15 09:31:12,38.61,70100,38.62,D
sh600584,长电科技,2025-09-15 09:31:15,38.59,916500,38.61,D
sh600584,长电科技,2025-09-15 09:31:18,38.58,408300,38.59,D
sh600584,长电科技,2025-09-15 09:31:21,38.57,238100,38.58,D
sh600584,长电科技,2025-09-15 09:31:24,38.56,117900,38.57,D
sh600584,长电科技,2025-09-15 09:31:27,38.55,114700,38.56,D
sh600584,长电科技,2025-09-15 09:31:30,38.53,58600,38.55,D
sh600584,长电科技,2025-09-15 09:31:33,38.53,115900,38.53,D
sh600584,长电科技,2025-09-15 09:31:36,38.51,173400,38.53,D
sh600584,长电科技,2025-09-15 09:31:39,38.5,877600,38.51,D
sh600584,长电科技,2025-09-15 09:31:42,38.47,74500,38.5,D
sh600584,长电科技,2025-09-15 09:31:45,38.45,28400,38.47,D
sh600584,长电科技,2025-09-15 09:31:48,38.44,57700,38.45,D
sh600584,长电科技,2025-09-15 09:31:51,38.39,28300,38.44,D
sh600584,长电科技,2025-09-15 09:31:54,38.37,56100,38.39,D
sh600584,长电科技,2025-09-15 09:31:57,38.34,20400,38.37,D
sh600584,长电科技,2025-09-15 09:32:00,38.3,83600,38.34,D
sh600584,长电科技,2025-09-15 09:32:03,38.29,34000,38.3,D
sh600584,长电科技,2025-09-15 09:32:06,38.29,66100,38.29,U
sh600584,长电科技,2025-09-15 09:32:09,38.25,50200,38.29,D
sh600584,长电科技,2025-09-15 09:32:12,38.25,73700,38.25,D
sh600584,长电科技,2025-09-15 09:32:15,38.22,70000,38.25,D
sh600584,长电科技,2025-09-15 09:32:18,38.18,92800,38.22,D
sh600584,长电科技,2025-09-15 09:32:21,38.16,64700,38.18,D
sh600584,长电科技,2025-09-15 09:32:24,38.11,61900,38.16,D
sh600584,长电科技,2025-09-15 09:32:27,38.16,78800,38.11,U
sh600584,长电科技,2025-09-15 09:32:30,38.18,245500,38.16,U
sh600584,长电科技,2025-09-15 09:32:33,38.2,92000,38.18,U
sh600584,长电科技,2025-09-15 09:32:36,38.23,141900,38.2,U
sh600584,长电科技,2025-09-15 09:32:39,38.23,140700,38.23,U
sh600584,长电科技,2025-09-15 09:32:42,38.2,103900,38.23,D
sh600584,长电科技,2025-09-15 09:32:45,38.25,114600,38.2,U
sh600584,长电科技,2025-09-15 09:32:48,38.25,59700,38.25,U
sh600584,长电科技,2025-09-15 09:32:51,38.25,48000,38.25,D
sh600584,长电科技,2025-09-15 09:32:54,38.28,40700,38.25,U
sh600584,长电科技,2025-09-15 09:32:57,38.27,32700,38.28,D
sh600584,长电科技,2025-09-15 09:33:00,38.3,35500,38.27,U
sh600584,长电科技,2025-09-15 09:33:03,38.29,48800,38.3,D
sh600584,长电科技,2025-09-15 09:33:06,38.3,116200,38.29,U
sh600584,长电科技,2025-09-15 09:33:09,38.29,105500,38.3,D
sh600584,长电科技,2025-09-15 09:33:12,38.28,146900,38.29,D
sh600584,长电科技,2025-09-15 09:33:15,38.27,70900,38.28,D
sh600584,长电科技,2025-09-15 09:33:18,38.26,53000,38.27,D
sh600584,长电科技,2025-09-15 09:33:21,38.24,100500,38.26,D
sh600584,长电科技,2025-09-15 09:33:24,38.23,41500,38.24,D
sh600584,长电科技,2025-09-15 09:33:27,38.23,34500,38.23,U
sh600584,长电科技,2025-09-15 09:33:30,38.21,63900,38.23,D
sh600584,长电科技,2025-09-15 09:33:33,38.2,97500,38.21,D
sh600584,长电科技,2025-09-15 09:33:36,38.19,110000,38.2,D
sh600584,长电科技,2025-09-15 09:33:39,38.18,80100,38.19,D
sh600584,长电科技,2025-09-15 09:33:42,38.15,75300,38.18,D
sh600584,长电科技,2025-09-15 09:33:45,38.14,79800,38.15,D
sh600584,长电科技,2025-09-15 09:33:48,38.14,40900,38.14,U
sh600584,长电科技,2025-09-15 09:33:51,38.12,31800,38.14,D
sh600584,长电科技,2025-09-15 09:33:54,38.12,27900,38.12,U
sh600584,长电科技,2025-09-15 09:33:57,38.11,56500,38.12,D
sh600584,长电科技,2025-09-15 09:34:00,38.08,115700,38.11,D
sh600584,长电科技,2025-09-15 09:34:03,38.05,38600,38.08,D
sh600584,长电科技,2025-09-15 09:34:06,38.05,47900,38.05,D
sh600584,长电科技,2025-09-15 09:34:09,38.06,65500,38.05,U
sh600584,长电科技,2025-09-15 09:34:12,38.06,126800,38.06,D
sh600584,长电科技,2025-09-15 09:34:15,38.1,150900,38.06,U
sh600584,长电科技,2025-09-15 09:34:18,38.1,89800,38.1,D
sh600584,长电科技,2025-09-15 09:34:21,38.18,105800,38.1,U
sh600584,长电科技,2025-09-15 09:34:24,38.14,21700,38.18,D
sh600584,长电科技,2025-09-15 09:34:27,38.17,28700,38.14,E
sh600584,长电科技,2025-09-15 09:34:30,38.17,28500,38.17,U
sh600584,长电科技,2025-09-15 09:34:33,38.17,156000,38.17,U
sh600584,长电科技,2025-09-15 09:34:36,38.18,52200,38.17,U
sh600584,长电科技,2025-09-15 09:34:39,38.21,21901,38.18,U
sh600584,长电科技,2025-09-15 09:34:42,38.22,28000,38.21,U
sh600584,长电科技,2025-09-15 09:34:45,38.22,9200,38.22,U
sh600584,长电科技,2025-09-15 09:34:48,38.23,15800,38.22,U
sh600584,长电科技,2025-09-15 09:34:51,38.23,56300,38.23,D
sh600584,长电科技,2025-09-15 09:34:54,38.21,243000,38.23,D
sh600584,长电科技,2025-09-15 09:34:57,38.22,109199,38.21,U
sh600584,长电科技,2025-09-15 09:35:00,38.21,105600,38.22,U
sh600584,长电科技,2025-09-15 09:35:03,38.16,96300,38.21,D
sh600584,长电科技,2025-09-15 09:35:06,38.16,46200,38.16,D
sh600584,长电科技,2025-09-15 09:35:09,38.17,20600,38.16,U
sh600584,长电科技,2025-09-15 09:35:12,38.17,30500,38.17,U
sh600584,长电科技,2025-09-15 09:35:15,38.16,52400,38.17,D
sh600584,长电科技,2025-09-15 09:35:18,38.17,18300,38.16,U
sh600584,长电科技,2025-09-15 09:35:21,38.17,41900,38.17,D
sh600584,长电科技,2025-09-15 09:35:24,38.16,21000,38.17,D
sh600584,长电科技,2025-09-15 09:35:27,38.17,28400,38.16,U
sh600584,长电科技,2025-09-15 09:35:30,38.17,58500,38.17,U
sh600584,长电科技,2025-09-15 09:35:33,38.17,17500,38.17,D
sh600584,长电科技,2025-09-15 09:35:36,38.14,116000,38.17,D
sh600584,长电科技,2025-09-15 09:35:39,38.15,26300,38.14,U
sh600584,长电科技,2025-09-15 09:35:42,38.16,36300,38.15,U
sh600584,长电科技,2025-09-15 09:35:45,38.15,25300,38.16,E
sh600584,长电科技,2025-09-15 09:35:48,38.14,49200,38.15,D
sh600584,长电科技,2025-09-15 09:35:51,38.13,30000,38.14,D
sh600584,长电科技,2025-09-15 09:35:54,38.13,20500,38.13,U
sh600584,长电科技,2025-09-15 09:35:57,38.13,30600,38.13,U
sh600584,长电科技,2025-09-15 09:36:00,38.13,30800,38.13,D
sh600584,长电科技,2025-09-15 09:36:03,38.13,103440,38.13,D
sh600584,长电科技,2025-09-15 09:36:06,38.13,69100,38.13,D
sh600584,长电科技,2025-09-15 09:36:09,38.13,17200,38.13,U
sh600584,长电科技,2025-09-15 09:36:12,38.15,20600,38.13,U
sh600584,长电科技,2025-09-15 09:36:15,38.19,92868,38.15,U
sh600584,长电科技,2025-09-15 09:36:18,38.14,157800,38.19,D
sh600584,长电科技,2025-09-15 09:36:21,38.19,13300,38.14,E
sh600584,长电科技,2025-09-15 09:36:24,38.21,74595,38.19,U
sh600584,长电科技,2025-09-15 09:36:27,38.19,24000,38.21,D
sh600584,长电科技,2025-09-15 09:36:30,38.2,7400,38.19,D
sh600584,长电科技,2025-09-15 09:36:33,38.21,21000,38.2,D
sh600584,长电科技,2025-09-15 09:36:36,38.23,28300,38.21,E
sh600584,长电科技,2025-09-15 09:36:39,38.24,14700,38.23,U
sh600584,长电科技,2025-09-15 09:36:42,38.22,30900,38.24,D
sh600584,长电科技,2025-09-15 09:36:45,38.22,52300,38.22,U
sh600584,长电科技,2025-09-15 09:36:48,38.22,30100,38.22,U
sh600584,长电科技,2025-09-15 09:36:51,38.24,48200,38.22,U
sh600584,长电科技,2025-09-15 09:36:54,38.23,25000,38.24,D
sh600584,长电科技,2025-09-15 09:36:57,38.25,18300,38.23,U
sh600584,长电科技,2025-09-15 09:37:00,38.26,17100,38.25,U
sh600584,长电科技,2025-09-15 09:37:03,38.26,32400,38.26,U
sh600584,长电科技,2025-09-15 09:37:06,38.26,21100,38.26,D
sh600584,长电科技,2025-09-15 09:37:09,38.27,22200,38.26,U
sh600584,长电科技,2025-09-15 09:37:12,38.27,10800,38.27,D
sh600584,长电科技,2025-09-15 09:37:15,38.28,9400,38.27,U
sh600584,长电科技,2025-09-15 09:37:18,38.28,38000,38.28,D
sh600584,长电科技,2025-09-15 09:37:21,38.29,24900,38.28,E
sh600584,长电科技,2025-09-15 09:37:24,38.3,61792,38.29,U
sh600584,长电科技,2025-09-15 09:37:27,38.31,12000,38.3,U
sh600584,长电科技,2025-09-15 09:37:30,38.34,15800,38.31,U
sh600584,长电科技,2025-09-15 09:37:33,38.28,219200,38.34,D
sh600584,长电科技,2025-09-15 09:37:36,38.27,82908,38.28,D
sh600584,长电科技,2025-09-15 09:37:39,38.28,52700,38.27,U
sh600584,长电科技,2025-09-15 09:37:42,38.3,10500,38.28,E
sh600584,长电科技,2025-09-15 09:37:45,38.3,23800,38.3,D
sh600584,长电科技,2025-09-15 09:37:48,38.3,25300,38.3,U
sh600584,长电科技,2025-09-15 09:37:51,38.3,36800,38.3,U
sh600584,长电科技,2025-09-15 09:37:54,38.31,16800,38.3,E
sh600584,长电科技,2025-09-15 09:37:57,38.32,25800,38.31,U
sh600584,长电科技,2025-09-15 09:38:00,38.33,25700,38.32,U
sh600584,长电科技,2025-09-15 09:38:03,38.34,11900,38.33,U
sh600584,长电科技,2025-09-15 09:38:06,38.34,48000,38.34,U
sh600584,长电科技,2025-09-15 09:38:09,38.32,48800,38.34,D
sh600584,长电科技,2025-09-15 09:38:12,38.33,36700,38.32,U
sh600584,长电科技,2025-09-15 09:38:15,38.32,65300,38.33,D
sh600584,长电科技,2025-09-15 09:38:18,38.29,99100,38.32,D
sh600584,长电科技,2025-09-15 09:38:21,38.3,46400,38.29,U
sh600584,长电科技,2025-09-15 09:38:24,38.29,30600,38.3,D
sh600584,长电科技,2025-09-15 09:38:27,38.29,35000,38.29,D
sh600584,长电科技,2025-09-15 09:38:30,38.26,115800,38.29,D
sh600584,长电科技,2025-09-15 09:38:33,38.25,109500,38.26,D
sh600584,长电科技,2025-09-15 09:38:36,38.26,53400,38.25,U
sh600584,长电科技,2025-09-15 09:38:39,38.24,50200,38.26,D
sh600584,长电科技,2025-09-15 09:38:42,38.23,23200,38.24,U
sh600584,长电科技,2025-09-15 09:38:45,38.23,13300,38.23,U
sh600584,长电科技,2025-09-15 09:38:48,38.24,17300,38.23,U
sh600584,长电科技,2025-09-15 09:38:51,38.24,11000,38.24,U
sh600584,长电科技,2025-09-15 09:38:54,38.23,29300,38.24,D
sh600584,长电科技,2025-09-15 09:38:57,38.23,18600,38.23,D
sh600584,长电科技,2025-09-15 09:39:00,38.24,32400,38.23,U
sh600584,长电科技,2025-09-15 09:39:03,38.23,120200,38.24,D
sh600584,长电科技,2025-09-15 09:39:06,38.22,26700,38.23,D
sh600584,长电科技,2025-09-15 09:39:09,38.23,8800,38.22,U
sh600584,长电科技,2025-09-15 09:39:12,38.26,28900,38.23,U
sh600584,长电科技,2025-09-15 09:39:15,38.28,15500,38.26,U
sh600584,长电科技,2025-09-15 09:39:18,38.26,8600,38.28,D
sh600584,长电科技,2025-09-15 09:39:21,38.28,23800,38.26,U
sh600584,长电科技,2025-09-15 09:39:24,38.28,15900,38.28,D
sh600584,长电科技,2025-09-15 09:39:27,38.28,11700,38.28,U
sh600584,长电科技,2025-09-15 09:39:30,38.27,41100,38.28,D
sh600584,长电科技,2025-09-15 09:39:33,38.29,20800,38.27,U
sh600584,长电科技,2025-09-15 09:39:36,38.29,22200,38.29,D
sh600584,长电科技,2025-09-15 09:39:39,38.3,70300,38.29,U
sh600584,长电科技,2025-09-15 09:39:42,38.3,36200,38.3,D
sh600584,长电科技,2025-09-15 09:39:45,38.27,19700,38.3,D
sh600584,长电科技,2025-09-15 09:39:48,38.28,24400,38.27,U
sh600584,长电科技,2025-09-15 09:39:51,38.27,28200,38.28,E
sh600584,长电科技,2025-09-15 09:39:54,38.28,25200,38.27,U
sh600584,长电科技,2025-09-15 09:39:57,38.27,41200,38.28,D
sh600584,长电科技,2025-09-15 09:40:00,38.28,25100,38.27,U
sh600584,长电科技,2025-09-15 09:40:03,38.27,24300,38.28,D
sh600584,长电科技,2025-09-15 09:40:06,38.27,26300,38.27,U
sh600584,长电科技,2025-09-15 09:40:09,38.25,109500,38.27,D
sh600584,长电科技,2025-09-15 09:40:12,38.23,83100,38.25,D
sh600584,长电科技,2025-09-15 09:40:15,38.22,22300,38.23,D
sh600584,长电科技,2025-09-15 09:40:18,38.22,25800,38.22,U
sh600584,长电科技,2025-09-15 09:40:21,38.25,19500,38.22,U
sh600584,长电科技,2025-09-15 09:40:24,38.21,60700,38.25,D
sh600584,长电科技,2025-09-15 09:40:27,38.22,14900,38.21,U
sh600584,长电科技,2025-09-15 09:40:30,38.2,34000,38.22,D
sh600584,长电科技,2025-09-15 09:40:33,38.21,44100,38.2,U
sh600584,长电科技,2025-09-15 09:40:36,38.19,21800,38.21,D
sh600584,长电科技,2025-09-15 09:40:39,38.18,42200,38.19,D
sh600584,长电科技,2025-09-15 09:40:42,38.18,19600,38.18,U
sh600584,长电科技,2025-09-15 09:40:45,38.15,36200,38.18,D
sh600584,长电科技,2025-09-15 09:40:48,38.16,20200,38.15,U
sh600584,长电科技,2025-09-15 09:40:51,38.15,25500,38.16,D
sh600584,长电科技,2025-09-15 09:40:54,38.15,55200,38.15,U
sh600584,长电科技,2025-09-15 09:40:57,38.15,28800,38.15,U
sh600584,长电科技,2025-09-15 09:41:00,38.14,31000,38.15,D
sh600584,长电科技,2025-09-15 09:41:03,38.14,26100,38.14,D
sh600584,长电科技,2025-09-15 09:41:06,38.13,44300,38.14,D
sh600584,长电科技,2025-09-15 09:41:09,38.15,60600,38.13,U
sh600584,长电科技,2025-09-15 09:41:12,38.13,24000,38.15,D
sh600584,长电科技,2025-09-15 09:41:15,38.15,48200,38.13,U
sh600584,长电科技,2025-09-15 09:41:18,38.16,32400,38.15,U
sh600584,长电科技,2025-09-15 09:41:21,38.14,13300,38.16,D
sh600584,长电科技,2025-09-15 09:41:24,38.14,12800,38.14,D
sh600584,长电科技,2025-09-15 09:41:27,38.15,12500,38.14,E
sh600584,长电科技,2025-09-15 09:41:30,38.14,115600,38.15,D
sh600584,长电科技,2025-09-15 09:41:33,38.15,18500,38.14,U
sh600584,长电科技,2025-09-15 09:41:36,38.14,47600,38.15,D
sh600584,长电科技,2025-09-15 09:41:39,38.13,69600,38.14,D
sh600584,长电科技,2025-09-15 09:41:42,38.11,9200,38.13,D
sh600584,长电科技,2025-09-15 09:41:45,38.1,182300,38.11,D
sh600584,长电科技,2025-09-15 09:41:48,38.08,38100,38.1,D
sh600584,长电科技,2025-09-15 09:41:51,38.08,23700,38.08,D
sh600584,长电科技,2025-09-15 09:41:54,38.08,30000,38.08,D
sh600584,长电科技,2025-09-15 09:41:57,38.08,16100,38.08,U
sh600584,长电科技,2025-09-15 09:42:00,38.06,22400,38.08,D
sh600584,长电科技,2025-09-15 09:42:03,38.06,6000,38.06,D
sh600584,长电科技,2025-09-15 09:42:06,38.06,37200,38.06,D
sh600584,长电科技,2025-09-15 09:42:09,38.05,126600,38.06,D
sh600584,长电科技,2025-09-15 09:42:12,38.05,20200,38.05,U
sh600584,长电科技,2025-09-15 09:42:15,38.04,10400,38.05,E
sh600584,长电科技,2025-09-15 09:42:18,38.03,35200,38.04,D
sh600584,长电科技,2025-09-15 09:42:21,38.03,37600,38.03,D
sh600584,长电科技,2025-09-15 09:42:24,38.04,35100,38.03,U
sh600584,长电科技,2025-09-15 09:42:27,38.04,26000,38.04,U
sh600584,长电科技,2025-09-15 09:42:30,38.04,30100,38.04,D
sh600584,长电科技,2025-09-15 09:42:33,38.05,75500,38.04,U
sh600584,长电科技,2025-09-15 09:42:36,38.05,114000,38.05,D
sh600584,长电科技,2025-09-15 09:42:39,38.07,11700,38.05,E
sh600584,长电科技,2025-09-15 09:42:45,38.08,46600,38.08,U
sh600584,长电科技,2025-09-15 09:42:48,38.07,18100,38.08,E
sh600584,长电科技,2025-09-15 09:42:51,38.07,10300,38.07,U
sh600584,长电科技,2025-09-15 09:42:54,38.07,15000,38.07,U
sh600584,长电科技,2025-09-15 09:42:57,38.08,19200,38.07,U
sh600584,长电科技,2025-09-15 09:43:00,38.06,20400,38.08,D
sh600584,长电科技,2025-09-15 09:43:03,38.04,84400,38.06,D
sh600584,长电科技,2025-09-15 09:43:06,38.04,71600,38.04,D
sh600584,长电科技,2025-09-15 09:43:09,38.03,20000,38.04,D
sh600584,长电科技,2025-09-15 09:43:12,38.03,40800,38.03,D
sh600584,长电科技,2025-09-15 09:43:15,38.03,34700,38.03,D
sh600584,长电科技,2025-09-15 09:43:18,38.03,26400,38.03,U
sh600584,长电科技,2025-09-15 09:43:21,38.01,62200,38.03,D
sh600584,长电科技,2025-09-15 09:43:24,38.02,412400,38.01,U
sh600584,长电科技,2025-09-15 09:43:27,38.0,111500,38.02,D
sh600584,长电科技,2025-09-15 09:43:30,38.0,21300,38.0,U
sh600584,长电科技,2025-09-15 09:43:33,38.0,12800,38.0,U
sh600584,长电科技,2025-09-15 09:43:36,37.98,18600,38.0,D
sh600584,长电科技,2025-09-15 09:43:39,37.98,15600,37.98,U
sh600584,长电科技,2025-09-15 09:43:42,37.97,27100,37.98,D
sh600584,长电科技,2025-09-15 09:43:45,37.97,53500,37.97,U
sh600584,长电科技,2025-09-15 09:43:48,37.96,30200,37.97,D
sh600584,长电科技,2025-09-15 09:43:51,37.96,10800,37.96,U
sh600584,长电科技,2025-09-15 09:43:54,37.95,39500,37.96,D
sh600584,长电科技,2025-09-15 09:43:57,37.96,32992,37.95,U
sh600584,长电科技,2025-09-15 09:44:00,37.96,21200,37.96,D
sh600584,长电科技,2025-09-15 09:44:03,38.02,104700,37.96,U
sh600584,长电科技,2025-09-15 09:44:06,38.02,7600,38.02,D
sh600584,长电科技,2025-09-15 09:44:09,38.02,13100,38.02,D
sh600584,长电科技,2025-09-15 09:44:12,38.02,26000,38.02,U
sh600584,长电科技,2025-09-15 09:44:15,38.04,32400,38.02,U
sh600584,长电科技,2025-09-15 09:44:18,38.05,8300,38.04,U
sh600584,长电科技,2025-09-15 09:44:21,38.07,46400,38.05,U
sh600584,长电科技,2025-09-15 09:44:24,38.09,8000,38.07,U
sh600584,长电科技,2025-09-15 09:44:27,38.07,56100,38.09,D
sh600584,长电科技,2025-09-15 09:44:30,38.09,14900,38.07,D
sh600584,长电科技,2025-09-15 09:44:33,38.12,7400,38.09,U
sh600584,长电科技,2025-09-15 09:44:36,38.12,14100,38.12,U
sh600584,长电科技,2025-09-15 09:44:39,38.08,56600,38.12,D
sh600584,长电科技,2025-09-15 09:44:42,38.09,10700,38.08,U
sh600584,长电科技,2025-09-15 09:44:45,38.09,27100,38.09,U
sh600584,长电科技,2025-09-15 09:44:48,38.09,21300,38.09,U
sh600584,长电科技,2025-09-15 09:44:51,38.08,29500,38.09,D
sh600584,长电科技,2025-09-15 09:44:54,38.05,42500,38.08,D
sh600584,长电科技,2025-09-15 09:44:57,38.04,20800,38.05,D
sh600584,长电科技,2025-09-15 09:45:00,38.04,8800,38.04,E
sh600584,长电科技,2025-09-15 09:45:03,38.04,61700,38.04,D
sh600584,长电科技,2025-09-15 09:45:06,38.02,20500,38.04,D
sh600584,长电科技,2025-09-15 09:45:09,38.03,20700,38.02,U
sh600584,长电科技,2025-09-15 09:45:12,38.01,72500,38.03,D
sh600584,长电科技,2025-09-15 09:45:15,38.0,40400,38.01,D
sh600584,长电科技,2025-09-15 09:45:18,38.0,69900,38.0,U
sh600584,长电科技,2025-09-15 09:45:21,37.99,13600,38.0,D
sh600584,长电科技,2025-09-15 09:45:24,37.98,20900,37.99,D
sh600584,长电科技,2025-09-15 09:45:27,37.99,16400,37.98,D
sh600584,长电科技,2025-09-15 09:45:30,37.99,16000,37.99,U
sh600584,长电科技,2025-09-15 09:45:33,37.98,9900,37.99,D
sh600584,长电科技,2025-09-15 09:45:36,37.99,20400,37.98,U
sh600584,长电科技,2025-09-15 09:45:39,37.99,19700,37.99,U
sh600584,长电科技,2025-09-15 09:45:42,37.97,42800,37.99,D
sh600584,长电科技,2025-09-15 09:45:45,37.99,35200,37.97,U
sh600584,长电科技,2025-09-15 09:45:48,37.99,14800,37.99,U
sh600584,长电科技,2025-09-15 09:45:51,37.99,10700,37.99,U
sh600584,长电科技,2025-09-15 09:45:54,37.98,6000,37.99,D
sh600584,长电科技,2025-09-15 09:45:57,37.98,9000,37.98,E
sh600584,长电科技,2025-09-15 09:46:00,37.98,11800,37.98,U
sh600584,长电科技,2025-09-15 09:46:03,37.98,48100,37.98,U
sh600584,长电科技,2025-09-15 09:46:06,37.99,25700,37.98,U
sh600584,长电科技,2025-09-15 09:46:09,37.99,12800,37.99,D
sh600584,长电科技,2025-09-15 09:46:12,37.99,11900,37.99,D
sh600584,长电科技,2025-09-15 09:46:15,38.0,72600,37.99,U
sh600584,长电科技,2025-09-15 09:46:18,38.0,16100,38.0,U
sh600584,长电科技,2025-09-15 09:46:21,38.0,17500,38.0,U
sh600584,长电科技,2025-09-15 09:46:24,38.0,6000,38.0,D
sh600584,长电科技,2025-09-15 09:46:27,38.0,25300,38.0,D
sh600584,长电科技,2025-09-15 09:46:30,38.01,6900,38.0,D
sh600584,长电科技,2025-09-15 09:46:33,38.03,7600,38.01,U
sh600584,长电科技,2025-09-15 09:46:36,38.03,13100,38.03,U
sh600584,长电科技,2025-09-15 09:46:42,38.03,14800,38.03,U
sh600584,长电科技,2025-09-15 09:46:45,38.02,15500,38.03,D
sh600584,长电科技,2025-09-15 09:46:54,38.04,15900,38.04,U
sh600584,长电科技,2025-09-15 09:47:00,38.05,10200,38.04,U
sh600584,长电科技,2025-09-15 09:47:03,38.08,6100,38.05,U
sh600584,长电科技,2025-09-15 09:47:06,38.07,16500,38.08,D
sh600584,长电科技,2025-09-15 09:47:09,38.05,6100,38.07,D
sh600584,长电科技,2025-09-15 09:47:12,38.05,8200,38.05,D
sh600584,长电科技,2025-09-15 09:47:15,38.08,30600,38.05,U
sh600584,长电科技,2025-09-15 09:47:18,38.11,27058,38.08,U
sh600584,长电科技,2025-09-15 09:47:21,38.08,12900,38.11,D
sh600584,长电科技,2025-09-15 09:47:24,38.1,8700,38.08,E
sh600584,长电科技,2025-09-15 09:47:27,38.11,9700,38.1,D
sh600584,长电科技,2025-09-15 09:47:30,38.11,6200,38.11,D
sh600584,长电科技,2025-09-15 09:47:33,38.13,15300,38.11,U
sh600584,长电科技,2025-09-15 09:47:36,38.14,9400,38.13,U
sh600584,长电科技,2025-09-15 09:47:39,38.11,34900,38.14,D
sh600584,长电科技,2025-09-15 09:47:42,38.13,9400,38.11,E
sh600584,长电科技,2025-09-15 09:47:45,38.08,39900,38.13,D
sh600584,长电科技,2025-09-15 09:47:48,38.1,21700,38.08,E
sh600584,长电科技,2025-09-15 09:47:51,38.08,13200,38.1,D
sh600584,长电科技,2025-09-15 09:47:54,38.1,9100,38.08,U
sh600584,长电科技,2025-09-15 09:47:57,38.11,7200,38.1,U
sh600584,长电科技,2025-09-15 09:48:00,38.11,12600,38.11,U
sh600584,长电科技,2025-09-15 09:48:03,38.1,7000,38.11,E
sh600584,长电科技,2025-09-15 09:48:06,38.12,37100,38.1,U
sh600584,长电科技,2025-09-15 09:48:09,38.11,7600,38.12,D
sh600584,长电科技,2025-09-15 09:48:12,38.12,10900,38.11,E
sh600584,长电科技,2025-09-15 09:48:15,38.15,71100,38.12,U
sh600584,长电科技,2025-09-15 09:48:18,38.15,7100,38.15,D
sh600584,长电科技,2025-09-15 09:48:21,38.15,10000,38.15,D
sh600584,长电科技,2025-09-15 09:48:24,38.12,24100,38.15,D
sh600584,长电科技,2025-09-15 09:48:27,38.12,16000,38.12,D
sh600584,长电科技,2025-09-15 09:48:30,38.11,114500,38.12,D
sh600584,长电科技,2025-09-15 09:48:33,38.12,9800,38.11,U
sh600584,长电科技,2025-09-15 09:48:36,38.12,7900,38.12,D
sh600584,长电科技,2025-09-15 09:48:39,38.11,10400,38.12,E
sh600584,长电科技,2025-09-15 09:48:42,38.09,12300,38.11,D
sh600584,长电科技,2025-09-15 09:48:45,38.12,13100,38.09,U
sh600584,长电科技,2025-09-15 09:48:48,38.12,10000,38.12,U
sh600584,长电科技,2025-09-15 09:48:51,38.12,11900,38.12,U
sh600584,长电科技,2025-09-15 09:48:54,38.12,49700,38.12,U
sh600584,长电科技,2025-09-15 09:48:57,38.1,16400,38.12,D
sh600584,长电科技,2025-09-15 09:49:03,38.11,12800,38.13,D
sh600584,长电科技,2025-09-15 09:49:06,38.12,14000,38.11,U
sh600584,长电科技,2025-09-15 09:49:09,38.12,8600,38.12,U
sh600584,长电科技,2025-09-15 09:49:12,38.1,27300,38.12,D
sh600584,长电科技,2025-09-15 09:49:15,38.1,28600,38.1,D
sh600584,长电科技,2025-09-15 09:49:18,38.08,41700,38.1,D
sh600584,长电科技,2025-09-15 09:49:21,38.09,19200,38.08,U
sh600584,长电科技,2025-09-15 09:49:24,38.07,9800,38.09,D
sh600584,长电科技,2025-09-15 09:49:27,38.07,8300,38.07,D
sh600584,长电科技,2025-09-15 09:49:30,38.06,42900,38.07,D
sh600584,长电科技,2025-09-15 09:49:33,38.06,45600,38.06,U
sh600584,长电科技,2025-09-15 09:49:36,38.04,22000,38.06,D
sh600584,长电科技,2025-09-15 09:49:42,38.03,19000,38.05,D
sh600584,长电科技,2025-09-15 09:49:45,38.04,20400,38.03,U
sh600584,长电科技,2025-09-15 09:49:48,38.04,43000,38.04,U
sh600584,长电科技,2025-09-15 09:49:51,38.04,6000,38.04,D
sh600584,长电科技,2025-09-15 09:49:54,38.03,13500,38.04,D
sh600584,长电科技,2025-09-15 09:49:57,38.05,54600,38.03,U
sh600584,长电科技,2025-09-15 09:50:00,38.1,47300,38.05,U
sh600584,长电科技,2025-09-15 09:50:03,38.13,8500,38.1,U
sh600584,长电科技,2025-09-15 09:50:06,38.1,171500,38.13,D
sh600584,长电科技,2025-09-15 09:50:09,38.1,5600,38.1,U
sh600584,长电科技,2025-09-15 09:50:12,38.1,11400,38.1,D
sh600584,长电科技,2025-09-15 09:50:18,38.15,21000,38.11,U
sh600584,长电科技,2025-09-15 09:50:24,38.15,8400,38.13,U
sh600584,长电科技,2025-09-15 09:50:27,38.14,5700,38.15,E
sh600584,长电科技,2025-09-15 09:50:30,38.15,9200,38.14,U
sh600584,长电科技,2025-09-15 09:50:33,38.15,14900,38.15,U
sh600584,长电科技,2025-09-15 09:50:36,38.15,16800,38.15,U
sh600584,长电科技,2025-09-15 09:50:39,38.14,18000,38.15,E
sh600584,长电科技,2025-09-15 09:50:42,38.13,20200,38.14,D
sh600584,长电科技,2025-09-15 09:50:45,38.15,16400,38.13,U
sh600584,长电科技,2025-09-15 09:50:51,38.14,8000,38.15,U
sh600584,长电科技,2025-09-15 09:50:54,38.14,28500,38.14,U
sh600584,长电科技,2025-09-15 09:50:57,38.15,61700,38.14,U
sh600584,长电科技,2025-09-15 09:51:00,38.14,16100,38.15,D
sh600584,长电科技,2025-09-15 09:51:03,38.13,6000,38.14,D
sh600584,长电科技,2025-09-15 09:51:06,38.14,8200,38.13,U
sh600584,长电科技,2025-09-15 09:51:09,38.13,6600,38.14,E
sh600584,长电科技,2025-09-15 09:51:12,38.12,13700,38.13,D
sh600584,长电科技,2025-09-15 09:51:15,38.13,7700,38.12,U
sh600584,长电科技,2025-09-15 09:51:24,38.14,29800,38.13,U
sh600584,长电科技,2025-09-15 09:51:33,38.13,8200,38.13,D
sh600584,长电科技,2025-09-15 09:51:36,38.14,13000,38.13,E
sh600584,长电科技,2025-09-15 09:51:39,38.14,8000,38.14,D
sh600584,长电科技,2025-09-15 09:51:42,38.15,8900,38.14,U
sh600584,长电科技,2025-09-15 09:51:45,38.15,9000,38.15,U
sh600584,长电科技,2025-09-15 09:51:51,38.17,7700,38.15,U
sh600584,长电科技,2025-09-15 09:51:54,38.15,87400,38.17,D
sh600584,长电科技,2025-09-15 09:51:57,38.16,30000,38.15,U
sh600584,长电科技,2025-09-15 09:52:00,38.15,9900,38.16,U
sh600584,长电科技,2025-09-15 09:52:03,38.16,11600,38.15,U
sh600584,长电科技,2025-09-15 09:52:12,38.14,32100,38.16,D
sh600584,长电科技,2025-09-15 09:52:15,38.12,14000,38.14,D
sh600584,长电科技,2025-09-15 09:52:18,38.11,17000,38.12,D
sh600584,长电科技,2025-09-15 09:52:21,38.11,46600,38.11,D
sh600584,长电科技,2025-09-15 09:52:24,38.11,8900,38.11,U
sh600584,长电科技,2025-09-15 09:52:27,38.1,12800,38.11,D
sh600584,长电科技,2025-09-15 09:52:30,38.1,6500,38.1,D
sh600584,长电科技,2025-09-15 09:52:33,38.1,7500,38.1,U
sh600584,长电科技,2025-09-15 09:52:36,38.1,28500,38.1,U
sh600584,长电科技,2025-09-15 09:52:39,38.1,20800,38.1,D
sh600584,长电科技,2025-09-15 09:52:42,38.08,10800,38.1,D
sh600584,长电科技,2025-09-15 09:52:48,38.07,5500,38.08,D
sh600584,长电科技,2025-09-15 09:52:57,38.06,9300,38.06,D
sh600584,长电科技,2025-09-15 09:53:00,38.04,15500,38.06,D
sh600584,长电科技,2025-09-15 09:53:03,38.04,6300,38.04,D
sh600584,长电科技,2025-09-15 09:53:09,38.04,12600,38.04,D
sh600584,长电科技,2025-09-15 09:53:12,38.04,15300,38.04,U
sh600584,长电科技,2025-09-15 09:53:15,38.03,26300,38.04,D
sh600584,长电科技,2025-09-15 09:53:18,38.06,11400,38.03,U
sh600584,长电科技,2025-09-15 09:53:21,38.03,12400,38.06,D
sh600584,长电科技,2025-09-15 09:53:27,38.06,26300,38.07,D
sh600584,长电科技,2025-09-15 09:53:30,38.09,34000,38.06,U
sh600584,长电科技,2025-09-15 09:53:33,38.07,19100,38.09,D
sh600584,长电科技,2025-09-15 09:53:36,38.07,11200,38.07,D
sh600584,长电科技,2025-09-15 09:53:39,38.09,11300,38.07,U
sh600584,长电科技,2025-09-15 09:53:48,38.13,7900,38.12,U
sh600584,长电科技,2025-09-15 09:53:54,38.13,9600,38.14,D
sh600584,长电科技,2025-09-15 09:53:57,38.13,8500,38.13,D
sh600584,长电科技,2025-09-15 09:54:00,38.13,6700,38.13,U
sh600584,长电科技,2025-09-15 09:54:03,38.14,7500,38.13,U
sh600584,长电科技,2025-09-15 09:54:06,38.12,11900,38.14,D
sh600584,长电科技,2025-09-15 09:54:09,38.13,6200,38.12,E
sh600584,长电科技,2025-09-15 09:54:12,38.12,32600,38.13,D
sh600584,长电科技,2025-09-15 09:54:15,38.12,22500,38.12,U
sh600584,长电科技,2025-09-15 09:54:18,38.08,10100,38.12,D
sh600584,长电科技,2025-09-15 09:54:24,38.08,8500,38.08,D
sh600584,长电科技,2025-09-15 09:54:30,38.08,19100,38.08,U
sh600584,长电科技,2025-09-15 09:54:33,38.08,8600,38.08,U
sh600584,长电科技,2025-09-15 09:54:36,38.08,9400,38.08,U
sh600584,长电科技,2025-09-15 09:54:48,38.09,6600,38.09,D
sh600584,长电科技,2025-09-15 09:54:57,38.09,7100,38.09,D
sh600584,长电科技,2025-09-15 09:55:00,38.09,9100,38.09,D
sh600584,长电科技,2025-09-15 09:55:03,38.1,9600,38.09,U
sh600584,长电科技,2025-09-15 09:55:06,38.09,10600,38.1,D
sh600584,长电科技,2025-09-15 09:55:09,38.09,15000,38.09,U
sh600584,长电科技,2025-09-15 09:55:12,38.08,32400,38.09,D
sh600584,长电科技,2025-09-15 09:55:15,38.09,7000,38.08,D
sh600584,长电科技,2025-09-15 09:55:18,38.08,12100,38.09,D
sh600584,长电科技,2025-09-15 09:55:27,38.08,15000,38.08,U
sh600584,长电科技,2025-09-15 09:55:39,38.1,10900,38.09,U
sh600584,长电科技,2025-09-15 09:55:42,38.08,19200,38.1,D
sh600584,长电科技,2025-09-15 09:55:45,38.09,16500,38.08,U
sh600584,长电科技,2025-09-15 09:55:48,38.09,10800,38.09,U
sh600584,长电科技,2025-09-15 09:55:54,38.09,9600,38.09,U
sh600584,长电科技,2025-09-15 09:55:57,38.09,5900,38.09,U
sh600584,长电科技,2025-09-15 09:56:00,38.09,7000,38.09,U
sh600584,长电科技,2025-09-15 09:56:09,38.1,17800,38.08,U
sh600584,长电科技,2025-09-15 09:56:12,38.08,5500,38.1,U
sh600584,长电科技,2025-09-15 09:56:18,38.1,32200,38.1,U
sh600584,长电科技,2025-09-15 09:56:24,38.09,6200,38.1,U
sh600584,长电科技,2025-09-15 09:56:27,38.08,19400,38.09,D
sh600584,长电科技,2025-09-15 09:56:30,38.1,5500,38.08,U
sh600584,长电科技,2025-09-15 09:56:33,38.1,11200,38.1,U
sh600584,长电科技,2025-09-15 09:56:39,38.08,7000,38.09,D
sh600584,长电科技,2025-09-15 09:56:42,38.08,20200,38.08,U
sh600584,长电科技,2025-09-15 09:56:45,38.08,7900,38.08,U
sh600584,长电科技,2025-09-15 09:56:51,38.07,10400,38.08,D
sh600584,长电科技,2025-09-15 09:56:54,38.08,7400,38.07,U
sh600584,长电科技,2025-09-15 09:56:57,38.07,11100,38.08,E
sh600584,长电科技,2025-09-15 09:57:00,38.06,7900,38.07,D
sh600584,长电科技,2025-09-15 09:57:03,38.06,48300,38.06,D
sh600584,长电科技,2025-09-15 09:57:06,38.05,33500,38.06,D
sh600584,长电科技,2025-09-15 09:57:09,38.05,9900,38.05,D
sh600584,长电科技,2025-09-15 09:57:15,38.04,10300,38.05,D
sh600584,长电科技,2025-09-15 09:57:24,38.03,11000,38.03,D
sh600584,长电科技,2025-09-15 09:57:27,38.03,5900,38.03,D
sh600584,长电科技,2025-09-15 09:57:30,38.03,15200,38.03,D
sh600584,长电科技,2025-09-15 09:57:33,38.03,12300,38.03,D
sh600584,长电科技,2025-09-15 09:57:36,38.03,12900,38.03,U
sh600584,长电科技,2025-09-15 09:57:39,38.02,10300,38.03,D
sh600584,长电科技,2025-09-15 09:57:42,38.02,5900,38.02,U
sh600584,长电科技,2025-09-15 09:57:48,38.02,5900,38.03,D
sh600584,长电科技,2025-09-15 09:57:51,38.02,5800,38.02,D
sh600584,长电科技,2025-09-15 09:57:54,38.02,12500,38.02,D
sh600584,长电科技,2025-09-15 09:57:57,38.01,6400,38.02,D
sh600584,长电科技,2025-09-15 09:58:00,38.02,30400,38.01,U
sh600584,长电科技,2025-09-15 09:58:03,38.02,15600,38.02,U
sh600584,长电科技,2025-09-15 09:58:06,38.02,12800,38.02,U
sh600584,长电科技,2025-09-15 09:58:09,38.01,25200,38.02,D
sh600584,长电科技,2025-09-15 09:58:12,38.01,32100,38.01,D
sh600584,长电科技,2025-09-15 09:58:15,38.02,18400,38.01,U
sh600584,长电科技,2025-09-15 09:58:18,38.05,6800,38.02,U
sh600584,长电科技,2025-09-15 09:58:24,38.03,6600,38.04,D
sh600584,长电科技,2025-09-15 09:58:30,38.03,12700,38.03,U
sh600584,长电科技,2025-09-15 09:58:33,38.03,15300,38.03,U
sh600584,长电科技,2025-09-15 09:58:36,38.02,19000,38.03,D
sh600584,长电科技,2025-09-15 09:58:39,38.01,30100,38.02,D
sh600584,长电科技,2025-09-15 09:58:42,38.03,15200,38.01,U
sh600584,长电科技,2025-09-15 09:58:57,38.02,31400,38.03,D
sh600584,长电科技,2025-09-15 09:59:00,38.02,15500,38.02,D
sh600584,长电科技,2025-09-15 09:59:06,38.01,5600,38.02,D
sh600584,长电科技,2025-09-15 09:59:12,38.02,12900,38.01,U
sh600584,长电科技,2025-09-15 09:59:15,38.02,11100,38.02,D
sh600584,长电科技,2025-09-15 09:59:18,38.02,11800,38.02,U
sh600584,长电科技,2025-09-15 09:59:21,38.02,17100,38.02,D
sh600584,长电科技,2025-09-15 09:59:24,38.03,9900,38.02,E
sh600584,长电科技,2025-09-15 09:59:27,38.03,8100,38.03,D
sh600584,长电科技,2025-09-15 09:59:30,38.03,5300,38.03,D
sh600584,长电科技,2025-09-15 09:59:36,38.03,7700,38.03,U
sh600584,长电科技,2025-09-15 09:59:39,38.02,8100,38.03,D
sh600584,长电科技,2025-09-15 09:59:42,38.03,13300,38.02,U
sh600584,长电科技,2025-09-15 09:59:45,38.03,7700,38.03,U
sh600584,长电科技,2025-09-15 09:59:48,38.03,7600,38.03,D
sh600584,长电科技,2025-09-15 09:59:54,38.04,15600,38.03,U
sh600584,长电科技,2025-09-15 09:59:57,38.03,5500,38.04,D
sh600584,长电科技,2025-09-15 10:00:03,38.03,6600,38.03,U
sh600584,长电科技,2025-09-15 10:00:06,38.03,11000,38.03,E
sh600584,长电科技,2025-09-15 10:00:09,38.03,14700,38.03,D
sh600584,长电科技,2025-09-15 10:00:12,38.03,8700,38.03,D
sh600584,长电科技,2025-09-15 10:00:15,38.03,12800,38.03,D
sh600584,长电科技,2025-09-15 10:00:18,38.03,14300,38.03,D
sh600584,长电科技,2025-09-15 10:00:21,38.02,19100,38.03,D
sh600584,长电科技,2025-09-15 10:00:24,38.03,12700,38.02,U
sh600584,长电科技,2025-09-15 10:00:39,38.03,17800,38.04,D
sh600584,长电科技,2025-09-15 10:00:48,38.04,26000,38.04,U
sh600584,长电科技,2025-09-15 10:00:51,38.04,8300,38.04,U
sh600584,长电科技,2025-09-15 10:00:54,38.04,21200,38.04,U
sh600584,长电科技,2025-09-15 10:00:57,38.04,19100,38.04,D
sh600584,长电科技,2025-09-15 10:01:06,38.05,5900,38.06,D
sh600584,长电科技,2025-09-15 10:01:09,38.05,23300,38.05,D
sh600584,长电科技,2025-09-15 10:01:12,38.03,10800,38.05,D
sh600584,长电科技,2025-09-15 10:01:18,38.04,9800,38.04,U
sh600584,长电科技,2025-09-15 10:01:21,38.03,17200,38.04,D
sh600584,长电科技,2025-09-15 10:01:24,38.03,23600,38.03,U
sh600584,长电科技,2025-09-15 10:01:27,38.02,8300,38.03,D
sh600584,长电科技,2025-09-15 10:01:30,38.01,87800,38.02,D
sh600584,长电科技,2025-09-15 10:01:33,38.02,13700,38.01,U
sh600584,长电科技,2025-09-15 10:01:36,38.02,21600,38.02,D
sh600584,长电科技,2025-09-15 10:01:39,38.01,5600,38.02,D
sh600584,长电科技,2025-09-15 10:01:42,38.02,6700,38.01,U
sh600584,长电科技,2025-09-15 10:01:45,38.01,27500,38.02,D
sh600584,长电科技,2025-09-15 10:01:51,38.0,27400,38.02,D
sh600584,长电科技,2025-09-15 10:02:00,38.0,15000,38.0,D
sh600584,长电科技,2025-09-15 10:02:03,38.0,20800,38.0,D
sh600584,长电科技,2025-09-15 10:02:06,38.0,10100,38.0,D
sh600584,长电科技,2025-09-15 10:02:09,38.0,9400,38.0,D
sh600584,长电科技,2025-09-15 10:02:12,38.01,14800,38.0,U
sh600584,长电科技,2025-09-15 10:02:15,38.0,28600,38.01,D
sh600584,长电科技,2025-09-15 10:02:18,38.0,19200,38.0,D
sh600584,长电科技,2025-09-15 10:02:21,38.0,23600,38.0,D
sh600584,长电科技,2025-09-15 10:02:24,38.0,17400,38.0,D
sh600584,长电科技,2025-09-15 10:02:27,38.02,45700,38.0,U
sh600584,长电科技,2025-09-15 10:02:30,38.03,32700,38.02,U
sh600584,长电科技,2025-09-15 10:02:33,38.05,20700,38.03,U
sh600584,长电科技,2025-09-15 10:02:45,38.03,9000,38.03,U
sh600584,长电科技,2025-09-15 10:02:51,38.02,10200,38.02,U
sh600584,长电科技,2025-09-15 10:02:57,38.01,8200,38.02,D
sh600584,长电科技,2025-09-15 10:03:03,38.01,8400,38.02,D
sh600584,长电科技,2025-09-15 10:03:06,38.01,17900,38.01,D
sh600584,长电科技,2025-09-15 10:03:09,38.01,5700,38.01,D
sh600584,长电科技,2025-09-15 10:03:12,38.02,5400,38.01,U
sh600584,长电科技,2025-09-15 10:03:15,38.01,7800,38.02,D
sh600584,长电科技,2025-09-15 10:03:18,38.01,8900,38.01,D
sh600584,长电科技,2025-09-15 10:03:21,38.01,7000,38.01,D
sh600584,长电科技,2025-09-15 10:03:33,38.03,8500,38.03,U
sh600584,长电科技,2025-09-15 10:03:42,38.03,12400,38.02,U
sh600584,长电科技,2025-09-15 10:03:51,38.03,13000,38.03,U
sh600584,长电科技,2025-09-15 10:03:54,38.04,5300,38.03,E
sh600584,长电科技,2025-09-15 10:04:00,38.04,5400,38.04,D
sh600584,长电科技,2025-09-15 10:04:03,38.04,21800,38.04,D
sh600584,长电科技,2025-09-15 10:04:09,38.03,26600,38.04,D
sh600584,长电科技,2025-09-15 10:04:21,38.04,15000,38.05,D
sh600584,长电科技,2025-09-15 10:04:24,38.04,11800,38.04,D
sh600584,长电科技,2025-09-15 10:04:30,38.03,10900,38.03,D
sh600584,长电科技,2025-09-15 10:04:36,38.04,11300,38.04,D
sh600584,长电科技,2025-09-15 10:04:39,38.05,8700,38.04,U
sh600584,长电科技,2025-09-15 10:04:42,38.04,6800,38.05,D
sh600584,长电科技,2025-09-15 10:04:45,38.03,9400,38.04,D
sh600584,长电科技,2025-09-15 10:04:57,38.04,16200,38.05,D
sh600584,长电科技,2025-09-15 10:05:03,38.03,12500,38.05,D
sh600584,长电科技,2025-09-15 10:05:06,38.06,120100,38.03,U
sh600584,长电科技,2025-09-15 10:05:09,38.05,9800,38.06,D
sh600584,长电科技,2025-09-15 10:05:15,38.04,28500,38.04,U
sh600584,长电科技,2025-09-15 10:05:21,38.04,10700,38.04,U
sh600584,长电科技,2025-09-15 10:05:24,38.04,13600,38.04,U
sh600584,长电科技,2025-09-15 10:05:27,38.03,12800,38.04,D
sh600584,长电科技,2025-09-15 10:05:33,38.04,6600,38.04,U
sh600584,长电科技,2025-09-15 10:05:39,38.05,21900,38.04,U
sh600584,长电科技,2025-09-15 10:05:54,38.05,10900,38.04,U
sh600584,长电科技,2025-09-15 10:06:06,38.05,16200,38.05,U
sh600584,长电科技,2025-09-15 10:06:09,38.05,6700,38.05,D
sh600584,长电科技,2025-09-15 10:06:12,38.07,48000,38.05,U
sh600584,长电科技,2025-09-15 10:06:15,38.08,38100,38.07,U
sh600584,长电科技,2025-09-15 10:06:21,38.09,12000,38.08,U
sh600584,长电科技,2025-09-15 10:06:24,38.09,7000,38.09,D
sh600584,长电科技,2025-09-15 10:06:27,38.1,19600,38.09,U
sh600584,长电科技,2025-09-15 10:06:30,38.11,14700,38.1,U
sh600584,长电科技,2025-09-15 10:06:33,38.11,6800,38.11,U
sh600584,长电科技,2025-09-15 10:06:39,38.1,9800,38.1,D
sh600584,长电科技,2025-09-15 10:06:42,38.11,8700,38.1,U
sh600584,长电科技,2025-09-15 10:06:48,38.12,13900,38.12,U
sh600584,长电科技,2025-09-15 10:06:51,38.12,19700,38.12,U
sh600584,长电科技,2025-09-15 10:06:54,38.12,11100,38.12,D
sh600584,长电科技,2025-09-15 10:06:57,38.13,25400,38.12,U
sh600584,长电科技,2025-09-15 10:07:00,38.12,17400,38.13,E
sh600584,长电科技,2025-09-15 10:07:03,38.12,8300,38.12,E
sh600584,长电科技,2025-09-15 10:07:06,38.12,15300,38.12,E
sh600584,长电科技,2025-09-15 10:07:09,38.13,14500,38.12,U
sh600584,长电科技,2025-09-15 10:07:12,38.13,7100,38.13,U
sh600584,长电科技,2025-09-15 10:07:15,38.13,16300,38.13,U
sh600584,长电科技,2025-09-15 10:07:18,38.13,13100,38.13,U
sh600584,长电科技,2025-09-15 10:07:21,38.13,7100,38.13,U
sh600584,长电科技,2025-09-15 10:07:24,38.12,6600,38.13,D
sh600584,长电科技,2025-09-15 10:07:27,38.11,5500,38.12,D
sh600584,长电科技,2025-09-15 10:07:30,38.11,6300,38.11,D
sh600584,长电科技,2025-09-15 10:07:33,38.11,32500,38.11,D
sh600584,长电科技,2025-09-15 10:07:36,38.12,9400,38.11,U
sh600584,长电科技,2025-09-15 10:07:39,38.11,11200,38.12,D
sh600584,长电科技,2025-09-15 10:07:45,38.1,16700,38.11,D
sh600584,长电科技,2025-09-15 10:07:48,38.1,29100,38.1,D
sh600584,长电科技,2025-09-15 10:07:51,38.11,12700,38.1,U
sh600584,长电科技,2025-09-15 10:07:54,38.11,5500,38.11,E
sh600584,长电科技,2025-09-15 10:07:57,38.1,8400,38.11,D
sh600584,长电科技,2025-09-15 10:08:00,38.11,7900,38.1,E
sh600584,长电科技,2025-09-15 10:08:09,38.12,7700,38.11,U
sh600584,长电科技,2025-09-15 10:08:12,38.12,13600,38.12,U
sh600584,长电科技,2025-09-15 10:08:15,38.12,10000,38.12,D
sh600584,长电科技,2025-09-15 10:08:18,38.12,23300,38.12,D
sh600584,长电科技,2025-09-15 10:08:21,38.12,29700,38.12,U
sh600584,长电科技,2025-09-15 10:08:24,38.12,10000,38.12,U
sh600584,长电科技,2025-09-15 10:08:27,38.12,14500,38.12,D
sh600584,长电科技,2025-09-15 10:08:30,38.12,12300,38.12,U
sh600584,长电科技,2025-09-15 10:08:39,38.12,8200,38.12,D
sh600584,长电科技,2025-09-15 10:08:45,38.13,5300,38.13,U
sh600584,长电科技,2025-09-15 10:08:51,38.13,13000,38.13,U
sh600584,长电科技,2025-09-15 10:08:54,38.13,10200,38.13,U
sh600584,长电科技,2025-09-15 10:08:57,38.12,6200,38.13,D
sh600584,长电科技,2025-09-15 10:09:00,38.12,28200,38.12,D
sh600584,长电科技,2025-09-15 10:09:03,38.13,35300,38.12,U
sh600584,长电科技,2025-09-15 10:09:06,38.13,15200,38.13,U
sh600584,长电科技,2025-09-15 10:09:12,38.13,7600,38.13,U
sh600584,长电科技,2025-09-15 10:09:15,38.11,10500,38.13,D
sh600584,长电科技,2025-09-15 10:09:18,38.11,5400,38.11,D
sh600584,长电科技,2025-09-15 10:09:24,38.12,5500,38.12,D
sh600584,长电科技,2025-09-15 10:09:33,38.12,8300,38.11,U
sh600584,长电科技,2025-09-15 10:09:36,38.12,15200,38.12,U
sh600584,长电科技,2025-09-15 10:09:39,38.12,18100,38.12,U
sh600584,长电科技,2025-09-15 10:09:45,38.11,15900,38.11,U
sh600584,长电科技,2025-09-15 10:09:51,38.1,6100,38.11,D
sh600584,长电科技,2025-09-15 10:09:54,38.11,8900,38.1,U
sh600584,长电科技,2025-09-15 10:10:00,38.11,5900,38.11,U
sh600584,长电科技,2025-09-15 10:10:03,38.1,23800,38.11,D
sh600584,长电科技,2025-09-15 10:10:06,38.12,5300,38.1,U
sh600584,长电科技,2025-09-15 10:10:15,38.1,20900,38.1,D
sh600584,长电科技,2025-09-15 10:10:18,38.1,6900,38.1,D
sh600584,长电科技,2025-09-15 10:10:21,38.1,13400,38.1,D
sh600584,长电科技,2025-09-15 10:10:39,38.1,6100,38.11,D
sh600584,长电科技,2025-09-15 10:10:42,38.1,12200,38.1,D
sh600584,长电科技,2025-09-15 10:10:48,38.1,11800,38.1,U
sh600584,长电科技,2025-09-15 10:10:54,38.1,15584,38.1,U
sh600584,长电科技,2025-09-15 10:10:57,38.09,16800,38.1,D
sh600584,长电科技,2025-09-15 10:11:00,38.1,15816,38.09,U
sh600584,长电科技,2025-09-15 10:11:03,38.09,30100,38.1,E
sh600584,长电科技,2025-09-15 10:11:06,38.08,10400,38.09,D
sh600584,长电科技,2025-09-15 10:11:12,38.09,5500,38.09,U
sh600584,长电科技,2025-09-15 10:11:18,38.08,12600,38.09,D
sh600584,长电科技,2025-09-15 10:11:21,38.09,9800,38.08,U
sh600584,长电科技,2025-09-15 10:11:24,38.08,15100,38.09,D
sh600584,长电科技,2025-09-15 10:11:33,38.08,9900,38.08,D
sh600584,长电科技,2025-09-15 10:11:45,38.08,8600,38.1,D
sh600584,长电科技,2025-09-15 10:11:51,38.07,42200,38.09,D
sh600584,长电科技,2025-09-15 10:11:54,38.07,25000,38.07,U
sh600584,长电科技,2025-09-15 10:11:57,38.07,9300,38.07,U
sh600584,长电科技,2025-09-15 10:12:00,38.08,8800,38.07,U
sh600584,长电科技,2025-09-15 10:12:03,38.09,6900,38.08,U
sh600584,长电科技,2025-09-15 10:12:06,38.08,7300,38.09,U
sh600584,长电科技,2025-09-15 10:12:15,38.08,53500,38.07,U
sh600584,长电科技,2025-09-15 10:12:18,38.08,5300,38.08,D
sh600584,长电科技,2025-09-15 10:12:21,38.08,7400,38.08,D
sh600584,长电科技,2025-09-15 10:12:27,38.08,8200,38.07,U
sh600584,长电科技,2025-09-15 10:12:36,38.08,38800,38.08,U
sh600584,长电科技,2025-09-15 10:12:45,38.05,53200,38.07,D
sh600584,长电科技,2025-09-15 10:12:51,38.05,21600,38.05,U
sh600584,长电科技,2025-09-15 10:12:54,38.04,8300,38.05,D
sh600584,长电科技,2025-09-15 10:12:57,38.05,9400,38.04,U
sh600584,长电科技,2025-09-15 10:13:06,38.05,11200,38.05,U
sh600584,长电科技,2025-09-15 10:13:12,38.02,32600,38.04,D
sh600584,长电科技,2025-09-15 10:13:18,38.02,9500,38.02,D
sh600584,长电科技,2025-09-15 10:13:21,38.03,11800,38.02,U
sh600584,长电科技,2025-09-15 10:13:27,38.04,12300,38.03,U
sh600584,长电科技,2025-09-15 10:13:33,38.03,33500,38.03,D
sh600584,长电科技,2025-09-15 10:13:48,38.02,9200,38.02,D
sh600584,长电科技,2025-09-15 10:13:51,38.02,6000,38.02,D
sh600584,长电科技,2025-09-15 10:13:54,38.02,25400,38.02,D
sh600584,长电科技,2025-09-15 10:14:00,38.01,32200,38.01,D
sh600584,长电科技,2025-09-15 10:14:03,38.01,11000,38.01,D
sh600584,长电科技,2025-09-15 10:14:06,38.01,29200,38.01,D
sh600584,长电科技,2025-09-15 10:14:12,38.01,6300,38.01,U
sh600584,长电科技,2025-09-15 10:14:15,38.01,6700,38.01,U
sh600584,长电科技,2025-09-15 10:14:18,38.0,18300,38.01,D
sh600584,长电科技,2025-09-15 10:14:24,38.0,14900,38.0,D
sh600584,长电科技,2025-09-15 10:14:27,38.01,24900,38.0,U
sh600584,长电科技,2025-09-15 10:14:30,38.01,18200,38.01,U
sh600584,长电科技,2025-09-15 10:14:36,38.01,7900,38.01,U
sh600584,长电科技,2025-09-15 10:14:42,38.0,9600,38.0,D
sh600584,长电科技,2025-09-15 10:14:45,38.0,12100,38.0,D
sh600584,长电科技,2025-09-15 10:14:48,38.0,19100,38.0,D
sh600584,长电科技,2025-09-15 10:14:54,38.02,160300,38.0,U
sh600584,长电科技,2025-09-15 10:15:00,38.04,6000,38.02,U
sh600584,长电科技,2025-09-15 10:15:06,38.02,8300,38.03,D
sh600584,长电科技,2025-09-15 10:15:09,38.04,14900,38.02,U
sh600584,长电科技,2025-09-15 10:15:12,38.04,6700,38.04,D
sh600584,长电科技,2025-09-15 10:15:18,38.02,5800,38.04,D
sh600584,长电科技,2025-09-15 10:15:21,38.02,14200,38.02,D
sh600584,长电科技,2025-09-15 10:15:24,38.02,6000,38.02,U
sh600584,长电科技,2025-09-15 10:15:30,38.01,20700,38.01,D
sh600584,长电科技,2025-09-15 10:15:33,38.02,11000,38.01,U
sh600584,长电科技,2025-09-15 10:15:42,38.0,21700,38.01,D
sh600584,长电科技,2025-09-15 10:15:45,38.01,11200,38.0,U
sh600584,长电科技,2025-09-15 10:15:48,38.01,20800,38.01,U
sh600584,长电科技,2025-09-15 10:15:51,38.01,8500,38.01,D
sh600584,长电科技,2025-09-15 10:15:57,38.0,112765,38.01,D
sh600584,长电科技,2025-09-15 10:16:00,38.0,28100,38.0,D
sh600584,长电科技,2025-09-15 10:16:03,38.0,36900,38.0,D
sh600584,长电科技,2025-09-15 10:16:06,38.0,8600,38.0,D
sh600584,长电科技,2025-09-15 10:16:09,38.01,12335,38.0,U
sh600584,长电科技,2025-09-15 10:16:12,37.99,13000,38.01,D
sh600584,长电科技,2025-09-15 10:16:15,37.99,6800,37.99,D
sh600584,长电科技,2025-09-15 10:16:18,37.99,19400,37.99,D
sh600584,长电科技,2025-09-15 10:16:24,38.0,18400,37.99,U
sh600584,长电科技,2025-09-15 10:16:27,37.99,21200,38.0,D
sh600584,长电科技,2025-09-15 10:16:30,37.99,11000,37.99,D
sh600584,长电科技,2025-09-15 10:16:33,37.98,6900,37.99,D
sh600584,长电科技,2025-09-15 10:16:36,37.98,6400,37.98,D
sh600584,长电科技,2025-09-15 10:16:39,37.98,7500,37.98,D
sh600584,长电科技,2025-09-15 10:16:42,37.98,13300,37.98,D
sh600584,长电科技,2025-09-15 10:16:48,37.98,9800,37.98,D
sh600584,长电科技,2025-09-15 10:16:51,37.98,6800,37.98,D
sh600584,长电科技,2025-09-15 10:16:54,37.98,17700,37.98,D
sh600584,长电科技,2025-09-15 10:16:57,37.98,10600,37.98,D
sh600584,长电科技,2025-09-15 10:17:00,37.99,6300,37.98,E
sh600584,长电科技,2025-09-15 10:17:03,37.99,7700,37.99,D
sh600584,长电科技,2025-09-15 10:17:06,37.99,21700,37.99,D
sh600584,长电科技,2025-09-15 10:17:09,38.01,81200,37.99,U
sh600584,长电科技,2025-09-15 10:17:12,38.02,15865,38.01,U
sh600584,长电科技,2025-09-15 10:17:15,38.01,7300,38.02,D
sh600584,长电科技,2025-09-15 10:17:24,38.01,8400,38.0,E
sh600584,长电科技,2025-09-15 10:17:30,38.02,17400,38.01,U
sh600584,长电科技,2025-09-15 10:17:42,38.02,15800,38.02,U
sh600584,长电科技,2025-09-15 10:17:48,38.02,7500,38.02,D
sh600584,长电科技,2025-09-15 10:17:51,38.02,9100,38.02,U
sh600584,长电科技,2025-09-15 10:17:54,38.02,6600,38.02,D
sh600584,长电科技,2025-09-15 10:17:57,38.01,7000,38.02,D
sh600584,长电科技,2025-09-15 10:18:03,38.02,6100,38.02,U
sh600584,长电科技,2025-09-15 10:18:06,38.01,14700,38.02,D
sh600584,长电科技,2025-09-15 10:18:09,38.02,8000,38.01,U
sh600584,长电科技,2025-09-15 10:18:12,38.08,73200,38.02,U
sh600584,长电科技,2025-09-15 10:18:15,38.07,10600,38.08,D
sh600584,长电科技,2025-09-15 10:18:24,38.07,5600,38.07,D
sh600584,长电科技,2025-09-15 10:18:30,38.08,6800,38.08,D
sh600584,长电科技,2025-09-15 10:18:33,38.09,8600,38.08,U
sh600584,长电科技,2025-09-15 10:18:36,38.08,10900,38.09,D
sh600584,长电科技,2025-09-15 10:18:39,38.09,8700,38.08,U
sh600584,长电科技,2025-09-15 10:18:45,38.08,6600,38.09,D
sh600584,长电科技,2025-09-15 10:18:54,38.09,7700,38.1,D
sh600584,长电科技,2025-09-15 10:18:57,38.09,6000,38.09,U
sh600584,长电科技,2025-09-15 10:19:00,38.09,5800,38.09,U
sh600584,长电科技,2025-09-15 10:19:06,38.09,6000,38.09,D
sh600584,长电科技,2025-09-15 10:19:09,38.09,8800,38.09,U
sh600584,长电科技,2025-09-15 10:19:12,38.09,36100,38.09,U
sh600584,长电科技,2025-09-15 10:19:15,38.02,10000,38.09,D
sh600584,长电科技,2025-09-15 10:19:18,38.02,6000,38.02,D
sh600584,长电科技,2025-09-15 10:19:30,38.03,8900,38.03,D
sh600584,长电科技,2025-09-15 10:19:36,38.07,5500,38.04,U
sh600584,长电科技,2025-09-15 10:19:39,38.08,8100,38.07,U
sh600584,长电科技,2025-09-15 10:19:42,38.09,12900,38.08,U
sh600584,长电科技,2025-09-15 10:19:45,38.09,12900,38.09,U
sh600584,长电科技,2025-09-15 10:19:51,38.09,10100,38.08,U
sh600584,长电科技,2025-09-15 10:19:57,38.07,9000,38.08,D
sh600584,长电科技,2025-09-15 10:20:00,38.08,37100,38.07,U
sh600584,长电科技,2025-09-15 10:20:03,38.07,15900,38.08,E
sh600584,长电科技,2025-09-15 10:20:21,38.04,12600,38.04,U
sh600584,长电科技,2025-09-15 10:20:24,38.04,21500,38.04,U
sh600584,长电科技,2025-09-15 10:20:33,38.04,14600,38.04,D
sh600584,长电科技,2025-09-15 10:20:39,38.05,8200,38.03,U
sh600584,长电科技,2025-09-15 10:20:42,38.05,5500,38.05,U
sh600584,长电科技,2025-09-15 10:20:45,38.05,8600,38.05,U
sh600584,长电科技,2025-09-15 10:20:54,38.05,5400,38.05,D
sh600584,长电科技,2025-09-15 10:21:03,38.06,23500,38.06,U
sh600584,长电科技,2025-09-15 10:21:06,38.09,6000,38.06,U
sh600584,长电科技,2025-09-15 10:21:30,38.09,10500,38.09,U
sh600584,长电科技,2025-09-15 10:21:33,38.1,9500,38.09,U
sh600584,长电科技,2025-09-15 10:21:36,38.09,12600,38.1,D
sh600584,长电科技,2025-09-15 10:21:39,38.09,16300,38.09,D
sh600584,长电科技,2025-09-15 10:21:45,38.09,8300,38.09,U
sh600584,长电科技,2025-09-15 10:21:51,38.09,8800,38.09,D
sh600584,长电科技,2025-09-15 10:21:57,38.1,19600,38.1,U
sh600584,长电科技,2025-09-15 10:22:00,38.1,19000,38.1,U
sh600584,长电科技,2025-09-15 10:22:06,38.09,6400,38.09,D
sh600584,长电科技,2025-09-15 10:22:15,38.1,5300,38.1,U
sh600584,长电科技,2025-09-15 10:22:18,38.09,21100,38.1,D
sh600584,长电科技,2025-09-15 10:22:21,38.1,6700,38.09,U
sh600584,长电科技,2025-09-15 10:22:24,38.1,16000,38.1,U
sh600584,长电科技,2025-09-15 10:22:27,38.09,14100,38.1,D
sh600584,长电科技,2025-09-15 10:22:39,38.1,20200,38.09,U
sh600584,长电科技,2025-09-15 10:22:45,38.1,14884,38.1,U
sh600584,长电科技,2025-09-15 10:22:54,38.1,45600,38.1,D
sh600584,长电科技,2025-09-15 10:22:57,38.1,9300,38.1,U
sh600584,长电科技,2025-09-15 10:23:09,38.1,11616,38.09,U
sh600584,长电科技,2025-09-15 10:23:12,38.08,12400,38.1,D
sh600584,长电科技,2025-09-15 10:23:15,38.1,32000,38.08,U
sh600584,长电科技,2025-09-15 10:23:18,38.09,5800,38.1,E
sh600584,长电科技,2025-09-15 10:23:21,38.09,14500,38.09,E
sh600584,长电科技,2025-09-15 10:23:24,38.07,9400,38.09,D
sh600584,长电科技,2025-09-15 10:23:27,38.07,9300,38.07,D
sh600584,长电科技,2025-09-15 10:23:33,38.07,17900,38.07,U
sh600584,长电科技,2025-09-15 10:23:51,38.05,16200,38.07,D
sh600584,长电科技,2025-09-15 10:23:54,38.05,6500,38.05,D
sh600584,长电科技,2025-09-15 10:23:57,38.05,12500,38.05,D
sh600584,长电科技,2025-09-15 10:24:00,38.05,30400,38.05,D
sh600584,长电科技,2025-09-15 10:24:03,38.02,56300,38.05,D
sh600584,长电科技,2025-09-15 10:24:06,38.0,179300,38.02,D
sh600584,长电科技,2025-09-15 10:24:09,38.06,12000,38.0,U
sh600584,长电科技,2025-09-15 10:24:12,38.05,6500,38.06,U
sh600584,长电科技,2025-09-15 10:24:15,38.0,8100,38.05,D
sh600584,长电科技,2025-09-15 10:24:24,38.05,8300,38.02,U
sh600584,长电科技,2025-09-15 10:24:36,38.04,8800,38.02,U
sh600584,长电科技,2025-09-15 10:24:39,38.02,28900,38.04,D
sh600584,长电科技,2025-09-15 10:24:42,38.02,9600,38.02,U
sh600584,长电科技,2025-09-15 10:24:45,38.02,8500,38.02,U
sh600584,长电科技,2025-09-15 10:24:48,38.02,10700,38.02,U
sh600584,长电科技,2025-09-15 10:24:51,38.01,9400,38.02,D
sh600584,长电科技,2025-09-15 10:25:06,38.01,11000,38.02,D
sh600584,长电科技,2025-09-15 10:25:09,38.01,12400,38.01,D
sh600584,长电科技,2025-09-15 10:25:12,38.0,6400,38.01,D
sh600584,长电科技,2025-09-15 10:25:15,38.01,21800,38.0,U
sh600584,长电科技,2025-09-15 10:25:21,38.01,7100,38.01,U
sh600584,长电科技,2025-09-15 10:25:27,38.01,9900,38.01,D
sh600584,长电科技,2025-09-15 10:25:30,38.01,6200,38.01,D
sh600584,长电科技,2025-09-15 10:25:33,38.01,15700,38.01,D
sh600584,长电科技,2025-09-15 10:25:36,38.01,14000,38.01,D
sh600584,长电科技,2025-09-15 10:25:39,38.01,6300,38.01,U
sh600584,长电科技,2025-09-15 10:25:45,38.01,8600,38.0,U
sh600584,长电科技,2025-09-15 10:25:48,38.0,11100,38.01,D
sh600584,长电科技,2025-09-15 10:25:51,38.01,28900,38.0,U
sh600584,长电科技,2025-09-15 10:25:54,38.01,9400,38.01,U
sh600584,长电科技,2025-09-15 10:25:57,38.01,5500,38.01,U
sh600584,长电科技,2025-09-15 10:26:00,38.01,10100,38.01,U
sh600584,长电科技,2025-09-15 10:26:03,38.01,5900,38.01,U
sh600584,长电科技,2025-09-15 10:26:09,38.01,9100,38.01,D
sh600584,长电科技,2025-09-15 10:26:15,38.02,19000,38.01,U
sh600584,长电科技,2025-09-15 10:26:27,38.01,11600,38.01,D
sh600584,长电科技,2025-09-15 10:26:30,38.01,5500,38.01,D
sh600584,长电科技,2025-09-15 10:26:39,38.02,6700,38.02,U
sh600584,长电科技,2025-09-15 10:26:48,38.01,8100,38.02,D
sh600584,长电科技,2025-09-15 10:26:51,38.01,7800,38.01,D
sh600584,长电科技,2025-09-15 10:26:54,38.01,11700,38.01,U
sh600584,长电科技,2025-09-15 10:27:00,38.02,60000,38.01,U
sh600584,长电科技,2025-09-15 10:27:09,38.01,5400,38.01,D
sh600584,长电科技,2025-09-15 10:27:12,38.03,119700,38.01,U
sh600584,长电科技,2025-09-15 10:27:18,38.03,5300,38.03,D
sh600584,长电科技,2025-09-15 10:27:24,38.03,6300,38.03,U
sh600584,长电科技,2025-09-15 10:27:33,38.05,5500,38.04,U
sh600584,长电科技,2025-09-15 10:27:36,38.04,6000,38.05,U
sh600584,长电科技,2025-09-15 10:27:45,38.04,5800,38.04,D
sh600584,长电科技,2025-09-15 10:27:54,38.05,11000,38.05,U
sh600584,长电科技,2025-09-15 10:28:00,38.04,10100,38.05,D
sh600584,长电科技,2025-09-15 10:28:06,38.04,8900,38.04,D
sh600584,长电科技,2025-09-15 10:28:12,38.04,13400,38.04,D
sh600584,长电科技,2025-09-15 10:28:33,38.05,22300,38.04,U
sh600584,长电科技,2025-09-15 10:28:48,38.05,23100,38.05,U
sh600584,长电科技,2025-09-15 10:28:54,38.06,5900,38.06,U
sh600584,长电科技,2025-09-15 10:28:57,38.07,40000,38.06,U
sh600584,长电科技,2025-09-15 10:29:03,38.1,7200,38.1,U
sh600584,长电科技,2025-09-15 10:29:06,38.1,6200,38.1,U
sh600584,长电科技,2025-09-15 10:29:09,38.1,9100,38.1,U
sh600584,长电科技,2025-09-15 10:29:12,38.06,6200,38.1,D
sh600584,长电科技,2025-09-15 10:29:15,38.12,122800,38.06,U
sh600584,长电科技,2025-09-15 10:29:18,38.18,166001,38.12,U
sh600584,长电科技,2025-09-15 10:29:24,38.19,11300,38.18,U
sh600584,长电科技,2025-09-15 10:29:27,38.19,5300,38.19,U
sh600584,长电科技,2025-09-15 10:29:30,38.18,7700,38.19,D
sh600584,长电科技,2025-09-15 10:29:33,38.18,9500,38.18,U
sh600584,长电科技,2025-09-15 10:29:36,38.16,10000,38.18,D
sh600584,长电科技,2025-09-15 10:29:39,38.16,11700,38.16,D
sh600584,长电科技,2025-09-15 10:29:45,38.18,14600,38.18,U
sh600584,长电科技,2025-09-15 10:29:48,38.2,10600,38.18,U
sh600584,长电科技,2025-09-15 10:29:54,38.19,6000,38.18,U
sh600584,长电科技,2025-09-15 10:29:57,38.18,35200,38.19,D
sh600584,长电科技,2025-09-15 10:30:00,38.18,23400,38.18,U
sh600584,长电科技,2025-09-15 10:30:03,38.2,18500,38.18,U
sh600584,长电科技,2025-09-15 10:30:06,38.2,11900,38.2,U
sh600584,长电科技,2025-09-15 10:30:09,38.15,17400,38.2,D
sh600584,长电科技,2025-09-15 10:30:12,38.18,20700,38.15,U
sh600584,长电科技,2025-09-15 10:30:15,38.16,9500,38.18,D
sh600584,长电科技,2025-09-15 10:30:18,38.18,6100,38.16,U
sh600584,长电科技,2025-09-15 10:30:21,38.16,6600,38.18,D
sh600584,长电科技,2025-09-15 10:30:30,38.17,7300,38.15,U
sh600584,长电科技,2025-09-15 10:30:36,38.16,32300,38.17,D
sh600584,长电科技,2025-09-15 10:30:39,38.17,9200,38.16,U
sh600584,长电科技,2025-09-15 10:30:42,38.17,16700,38.17,U
sh600584,长电科技,2025-09-15 10:30:45,38.17,6000,38.17,U
sh600584,长电科技,2025-09-15 10:30:48,38.18,10300,38.17,U
sh600584,长电科技,2025-09-15 10:30:54,38.19,40600,38.18,U
sh600584,长电科技,2025-09-15 10:30:57,38.19,34500,38.19,U
sh600584,长电科技,2025-09-15 10:31:00,38.2,27000,38.19,U
sh600584,长电科技,2025-09-15 10:31:03,38.2,17700,38.2,U
sh600584,长电科技,2025-09-15 10:31:06,38.2,18800,38.2,U
sh600584,长电科技,2025-09-15 10:31:09,38.21,14000,38.2,U
sh600584,长电科技,2025-09-15 10:31:12,38.22,6400,38.21,U
sh600584,长电科技,2025-09-15 10:31:15,38.23,8900,38.22,U
sh600584,长电科技,2025-09-15 10:31:21,38.25,15200,38.23,U
sh600584,长电科技,2025-09-15 10:31:24,38.25,10200,38.25,U
sh600584,长电科技,2025-09-15 10:31:27,38.25,9600,38.25,U
sh600584,长电科技,2025-09-15 10:31:30,38.25,5800,38.25,D
sh600584,长电科技,2025-09-15 10:31:33,38.25,15400,38.25,D
sh600584,长电科技,2025-09-15 10:31:36,38.26,22700,38.25,U
sh600584,长电科技,2025-09-15 10:31:39,38.25,13300,38.26,D
sh600584,长电科技,2025-09-15 10:31:42,38.26,32900,38.25,U
sh600584,长电科技,2025-09-15 10:31:45,38.27,8200,38.26,U
sh600584,长电科技,2025-09-15 10:31:48,38.26,32800,38.27,D
sh600584,长电科技,2025-09-15 10:31:51,38.26,14700,38.26,U
sh600584,长电科技,2025-09-15 10:31:54,38.26,9900,38.26,U
sh600584,长电科技,2025-09-15 10:31:57,38.26,8800,38.26,D
sh600584,长电科技,2025-09-15 10:32:00,38.26,17900,38.26,D
sh600584,长电科技,2025-09-15 10:32:03,38.26,6600,38.26,U
sh600584,长电科技,2025-09-15 10:32:06,38.26,14100,38.26,U
sh600584,长电科技,2025-09-15 10:32:09,38.26,28300,38.26,U
sh600584,长电科技,2025-09-15 10:32:12,38.26,14200,38.26,U
sh600584,长电科技,2025-09-15 10:32:15,38.27,8300,38.26,U
sh600584,长电科技,2025-09-15 10:32:18,38.27,14400,38.27,D
sh600584,长电科技,2025-09-15 10:32:21,38.27,9700,38.27,U
sh600584,长电科技,2025-09-15 10:32:24,38.28,18200,38.27,U
sh600584,长电科技,2025-09-15 10:32:27,38.29,8000,38.28,U
sh600584,长电科技,2025-09-15 10:32:30,38.28,16600,38.29,D
sh600584,长电科技,2025-09-15 10:32:33,38.28,18500,38.28,D
sh600584,长电科技,2025-09-15 10:32:36,38.3,9200,38.28,U
sh600584,长电科技,2025-09-15 10:32:39,38.29,7000,38.3,D
sh600584,长电科技,2025-09-15 10:32:42,38.29,17200,38.29,U
sh600584,长电科技,2025-09-15 10:32:45,38.3,31700,38.29,U
sh600584,长电科技,2025-09-15 10:32:48,38.29,64900,38.3,D
sh600584,长电科技,2025-09-15 10:32:51,38.29,37900,38.29,D
sh600584,长电科技,2025-09-15 10:32:54,38.29,26900,38.29,D
sh600584,长电科技,2025-09-15 10:32:57,38.3,15000,38.29,U
sh600584,长电科技,2025-09-15 10:33:00,38.3,19300,38.3,U
sh600584,长电科技,2025-09-15 10:33:03,38.3,7400,38.3,D
sh600584,长电科技,2025-09-15 10:33:06,38.3,8900,38.3,D
sh600584,长电科技,2025-09-15 10:33:09,38.31,13600,38.3,U
sh600584,长电科技,2025-09-15 10:33:12,38.31,14300,38.31,D
sh600584,长电科技,2025-09-15 10:33:15,38.31,10700,38.31,D
sh600584,长电科技,2025-09-15 10:33:18,38.32,29700,38.31,U
sh600584,长电科技,2025-09-15 10:33:21,38.31,62100,38.32,D
sh600584,长电科技,2025-09-15 10:33:24,38.31,6000,38.31,U
sh600584,长电科技,2025-09-15 10:33:27,38.3,9100,38.31,U
sh600584,长电科技,2025-09-15 10:33:30,38.3,5400,38.3,U
sh600584,长电科技,2025-09-15 10:33:33,38.3,27600,38.3,U
sh600584,长电科技,2025-09-15 10:33:36,38.3,14900,38.3,U
sh600584,长电科技,2025-09-15 10:33:39,38.3,12500,38.3,U
sh600584,长电科技,2025-09-15 10:33:42,38.3,5900,38.3,D
sh600584,长电科技,2025-09-15 10:33:45,38.3,11700,38.3,D
sh600584,长电科技,2025-09-15 10:33:48,38.3,15700,38.3,D
sh600584,长电科技,2025-09-15 10:33:51,38.3,21100,38.3,D
sh600584,长电科技,2025-09-15 10:33:54,38.3,9600,38.3,U
sh600584,长电科技,2025-09-15 10:33:57,38.3,15800,38.3,U
sh600584,长电科技,2025-09-15 10:34:00,38.3,15400,38.3,U
sh600584,长电科技,2025-09-15 10:34:03,38.3,9800,38.3,D
sh600584,长电科技,2025-09-15 10:34:09,38.3,14300,38.3,U
sh600584,长电科技,2025-09-15 10:34:12,38.3,18600,38.3,U
sh600584,长电科技,2025-09-15 10:34:15,38.29,49100,38.3,D
sh600584,长电科技,2025-09-15 10:34:18,38.28,29100,38.29,E
sh600584,长电科技,2025-09-15 10:34:21,38.27,5800,38.28,U
sh600584,长电科技,2025-09-15 10:34:24,38.25,21300,38.27,D
sh600584,长电科技,2025-09-15 10:34:27,38.25,8500,38.25,D
sh600584,长电科技,2025-09-15 10:34:30,38.28,15100,38.25,U
sh600584,长电科技,2025-09-15 10:34:33,38.25,20100,38.28,D
sh600584,长电科技,2025-09-15 10:34:36,38.25,19200,38.25,D
sh600584,长电科技,2025-09-15 10:34:39,38.25,29600,38.25,D
sh600584,长电科技,2025-09-15 10:34:42,38.25,6900,38.25,D
sh600584,长电科技,2025-09-15 10:34:45,38.25,6200,38.25,D
sh600584,长电科技,2025-09-15 10:34:48,38.25,14600,38.25,D
sh600584,长电科技,2025-09-15 10:34:54,38.24,11100,38.24,E
sh600584,长电科技,2025-09-15 10:34:57,38.24,12800,38.24,U
sh600584,长电科技,2025-09-15 10:35:00,38.23,6500,38.24,D
sh600584,长电科技,2025-09-15 10:35:06,38.23,11400,38.23,U
sh600584,长电科技,2025-09-15 10:35:09,38.23,11800,38.23,U
sh600584,长电科技,2025-09-15 10:35:12,38.23,5400,38.23,U
sh600584,长电科技,2025-09-15 10:35:27,38.23,16400,38.23,D
sh600584,长电科技,2025-09-15 10:35:30,38.24,16900,38.23,U
sh600584,长电科技,2025-09-15 10:35:33,38.23,12300,38.24,D
sh600584,长电科技,2025-09-15 10:35:36,38.23,8100,38.23,U
sh600584,长电科技,2025-09-15 10:35:39,38.28,65100,38.23,U
sh600584,长电科技,2025-09-15 10:35:45,38.28,11800,38.27,U
sh600584,长电科技,2025-09-15 10:35:48,38.27,20700,38.28,D
sh600584,长电科技,2025-09-15 10:35:51,38.29,7000,38.27,U
sh600584,长电科技,2025-09-15 10:35:54,38.29,13100,38.29,U
sh600584,长电科技,2025-09-15 10:36:00,38.3,37600,38.3,U
sh600584,长电科技,2025-09-15 10:36:03,38.33,104400,38.3,U
sh600584,长电科技,2025-09-15 10:36:06,38.31,9000,38.33,D
sh600584,长电科技,2025-09-15 10:36:09,38.31,10800,38.31,D
sh600584,长电科技,2025-09-15 10:36:12,38.33,8800,38.31,U
sh600584,长电科技,2025-09-15 10:36:15,38.31,11700,38.33,E
sh600584,长电科技,2025-09-15 10:36:18,38.32,39800,38.31,U
sh600584,长电科技,2025-09-15 10:36:21,38.33,13500,38.32,U
sh600584,长电科技,2025-09-15 10:36:24,38.32,22300,38.33,E
sh600584,长电科技,2025-09-15 10:36:27,38.32,5600,38.32,U
sh600584,长电科技,2025-09-15 10:36:33,38.33,38900,38.33,U
sh600584,长电科技,2025-09-15 10:36:36,38.34,9300,38.33,U
sh600584,长电科技,2025-09-15 10:36:39,38.32,10100,38.34,D
sh600584,长电科技,2025-09-15 10:36:42,38.34,6100,38.32,U
sh600584,长电科技,2025-09-15 10:36:45,38.34,7600,38.34,U
sh600584,长电科技,2025-09-15 10:36:48,38.33,16100,38.34,D
sh600584,长电科技,2025-09-15 10:36:51,38.33,9200,38.33,D
sh600584,长电科技,2025-09-15 10:36:54,38.34,14700,38.33,U
sh600584,长电科技,2025-09-15 10:36:57,38.34,24300,38.34,D
sh600584,长电科技,2025-09-15 10:37:00,38.35,5800,38.34,U
sh600584,长电科技,2025-09-15 10:37:03,38.34,10200,38.35,D
sh600584,长电科技,2025-09-15 10:37:06,38.35,24300,38.34,U
sh600584,长电科技,2025-09-15 10:37:09,38.33,23400,38.35,D
sh600584,长电科技,2025-09-15 10:37:12,38.31,75800,38.33,D
sh600584,长电科技,2025-09-15 10:37:18,38.3,12800,38.31,E
sh600584,长电科技,2025-09-15 10:37:21,38.3,20300,38.3,D
sh600584,长电科技,2025-09-15 10:37:24,38.28,13500,38.3,D
sh600584,长电科技,2025-09-15 10:37:30,38.28,6900,38.28,U
sh600584,长电科技,2025-09-15 10:37:36,38.28,24800,38.28,D
sh600584,长电科技,2025-09-15 10:37:42,38.29,5700,38.28,D
sh600584,长电科技,2025-09-15 10:37:45,38.3,7200,38.29,U
sh600584,长电科技,2025-09-15 10:37:48,38.29,5600,38.3,D
sh600584,长电科技,2025-09-15 10:37:51,38.32,9300,38.29,U
sh600584,长电科技,2025-09-15 10:37:54,38.33,12200,38.32,U
sh600584,长电科技,2025-09-15 10:37:57,38.33,14100,38.33,U
sh600584,长电科技,2025-09-15 10:38:00,38.33,6900,38.33,U
sh600584,长电科技,2025-09-15 10:38:06,38.3,10100,38.32,D
sh600584,长电科技,2025-09-15 10:38:12,38.33,10500,38.32,U
sh600584,长电科技,2025-09-15 10:38:18,38.32,7700,38.31,U
sh600584,长电科技,2025-09-15 10:38:24,38.33,7800,38.33,U
sh600584,长电科技,2025-09-15 10:38:30,38.32,31600,38.32,D
sh600584,长电科技,2025-09-15 10:38:39,38.32,8300,38.32,U
sh600584,长电科技,2025-09-15 10:38:42,38.31,8300,38.32,D
sh600584,长电科技,2025-09-15 10:38:51,38.3,18300,38.3,D
sh600584,长电科技,2025-09-15 10:38:54,38.3,10600,38.3,D
sh600584,长电科技,2025-09-15 10:38:57,38.29,14200,38.3,D
sh600584,长电科技,2025-09-15 10:39:09,38.29,6300,38.3,D
sh600584,长电科技,2025-09-15 10:39:12,38.28,12200,38.29,D
sh600584,长电科技,2025-09-15 10:39:15,38.29,37200,38.28,U
sh600584,长电科技,2025-09-15 10:39:18,38.28,7200,38.29,D
sh600584,长电科技,2025-09-15 10:39:21,38.29,10000,38.28,U
sh600584,长电科技,2025-09-15 10:39:33,38.28,5800,38.28,D
sh600584,长电科技,2025-09-15 10:39:39,38.29,17700,38.29,U
sh600584,长电科技,2025-09-15 10:39:45,38.29,6300,38.28,D
sh600584,长电科技,2025-09-15 10:39:48,38.28,10600,38.29,D
sh600584,长电科技,2025-09-15 10:39:51,38.28,5300,38.28,U
sh600584,长电科技,2025-09-15 10:40:06,38.28,10400,38.28,U
sh600584,长电科技,2025-09-15 10:40:09,38.27,5900,38.28,D
sh600584,长电科技,2025-09-15 10:40:12,38.28,7500,38.27,U
sh600584,长电科技,2025-09-15 10:40:15,38.28,6600,38.28,D
sh600584,长电科技,2025-09-15 10:40:18,38.29,6100,38.28,U
sh600584,长电科技,2025-09-15 10:40:21,38.29,7400,38.29,U
sh600584,长电科技,2025-09-15 10:40:24,38.28,13800,38.29,D
sh600584,长电科技,2025-09-15 10:40:27,38.29,5400,38.28,U
sh600584,长电科技,2025-09-15 10:40:36,38.28,6600,38.28,D
sh600584,长电科技,2025-09-15 10:40:42,38.29,11800,38.28,U
sh600584,长电科技,2025-09-15 10:41:03,38.27,9700,38.27,U
sh600584,长电科技,2025-09-15 10:41:12,38.26,8400,38.27,D
sh600584,长电科技,2025-09-15 10:41:15,38.25,25300,38.26,D
sh600584,长电科技,2025-09-15 10:41:18,38.26,15100,38.25,E
sh600584,长电科技,2025-09-15 10:41:21,38.26,14000,38.26,U
sh600584,长电科技,2025-09-15 10:41:27,38.25,6100,38.25,D
sh600584,长电科技,2025-09-15 10:41:33,38.23,9700,38.24,D
sh600584,长电科技,2025-09-15 10:41:39,38.22,5300,38.23,D
sh600584,长电科技,2025-09-15 10:41:42,38.21,11800,38.22,D
sh600584,长电科技,2025-09-15 10:41:51,38.2,7800,38.21,D
sh600584,长电科技,2025-09-15 10:41:54,38.2,17500,38.2,D
sh600584,长电科技,2025-09-15 10:41:57,38.2,10200,38.2,D
sh600584,长电科技,2025-09-15 10:42:06,38.19,8900,38.2,D
sh600584,长电科技,2025-09-15 10:42:09,38.17,24100,38.19,D
sh600584,长电科技,2025-09-15 10:42:18,38.16,5400,38.17,D
sh600584,长电科技,2025-09-15 10:42:21,38.18,10200,38.16,U
sh600584,长电科技,2025-09-15 10:42:24,38.18,15000,38.18,U
sh600584,长电科技,2025-09-15 10:42:27,38.18,21246,38.18,U
sh600584,长电科技,2025-09-15 10:42:33,38.2,13600,38.18,U
sh600584,长电科技,2025-09-15 10:42:39,38.19,8400,38.19,D
sh600584,长电科技,2025-09-15 10:42:45,38.19,6200,38.18,U
sh600584,长电科技,2025-09-15 10:42:48,38.2,55100,38.19,U
sh600584,长电科技,2025-09-15 10:42:51,38.2,8500,38.2,D
sh600584,长电科技,2025-09-15 10:42:57,38.19,25600,38.2,D
sh600584,长电科技,2025-09-15 10:43:21,38.22,5800,38.2,U
sh600584,长电科技,2025-09-15 10:43:24,38.2,10700,38.22,D
sh600584,长电科技,2025-09-15 10:43:27,38.22,7300,38.2,U
sh600584,长电科技,2025-09-15 10:43:30,38.21,5700,38.22,E
sh600584,长电科技,2025-09-15 10:43:42,38.24,7500,38.24,U
sh600584,长电科技,2025-09-15 10:43:54,38.23,5400,38.23,U
sh600584,长电科技,2025-09-15 10:44:03,38.22,7800,38.21,U
sh600584,长电科技,2025-09-15 10:44:06,38.2,6400,38.22,D
sh600584,长电科技,2025-09-15 10:44:09,38.2,20900,38.2,D
sh600584,长电科技,2025-09-15 10:44:12,38.2,36500,38.2,D
sh600584,长电科技,2025-09-15 10:44:15,38.19,6400,38.2,E
sh600584,长电科技,2025-09-15 10:44:24,38.19,5800,38.19,D
sh600584,长电科技,2025-09-15 10:44:27,38.19,7000,38.19,D
sh600584,长电科技,2025-09-15 10:44:30,38.18,6000,38.19,D
sh600584,长电科技,2025-09-15 10:44:33,38.18,9300,38.18,D
sh600584,长电科技,2025-09-15 10:44:42,38.2,8400,38.18,U
sh600584,长电科技,2025-09-15 10:44:51,38.19,14100,38.19,D
sh600584,长电科技,2025-09-15 10:45:00,38.18,7900,38.18,D
sh600584,长电科技,2025-09-15 10:45:09,38.19,9100,38.19,U
sh600584,长电科技,2025-09-15 10:45:12,38.2,12200,38.19,U
sh600584,长电科技,2025-09-15 10:45:36,38.2,9400,38.2,U
sh600584,长电科技,2025-09-15 10:45:45,38.2,8500,38.19,U
sh600584,长电科技,2025-09-15 10:45:48,38.19,6800,38.2,D
sh600584,长电科技,2025-09-15 10:46:06,38.21,9800,38.21,U
sh600584,长电科技,2025-09-15 10:46:09,38.2,18800,38.21,D
sh600584,长电科技,2025-09-15 10:46:18,38.2,11000,38.2,U
sh600584,长电科技,2025-09-15 10:46:27,38.2,9400,38.2,D
sh600584,长电科技,2025-09-15 10:46:33,38.2,8200,38.21,D
sh600584,长电科技,2025-09-15 10:46:39,38.22,5400,38.22,U
sh600584,长电科技,2025-09-15 10:46:48,38.21,17100,38.22,D
sh600584,长电科技,2025-09-15 10:47:12,38.23,5900,38.21,U
sh600584,长电科技,2025-09-15 10:47:15,38.23,7200,38.23,D
sh600584,长电科技,2025-09-15 10:47:18,38.21,15400,38.23,D
sh600584,长电科技,2025-09-15 10:47:21,38.21,47700,38.21,D
sh600584,长电科技,2025-09-15 10:47:24,38.21,7200,38.21,U
sh600584,长电科技,2025-09-15 10:47:42,38.22,9600,38.22,U
sh600584,长电科技,2025-09-15 10:47:48,38.21,12300,38.22,D
sh600584,长电科技,2025-09-15 10:48:09,38.22,7400,38.21,U
sh600584,长电科技,2025-09-15 10:48:15,38.22,17100,38.22,D
sh600584,长电科技,2025-09-15 10:48:18,38.21,6000,38.22,D
sh600584,长电科技,2025-09-15 10:48:21,38.21,8100,38.21,D
sh600584,长电科技,2025-09-15 10:48:24,38.22,7300,38.21,U
sh600584,长电科技,2025-09-15 10:48:27,38.21,26400,38.22,D
sh600584,长电科技,2025-09-15 10:48:42,38.22,11700,38.21,U
sh600584,长电科技,2025-09-15 10:48:45,38.21,8200,38.22,D
sh600584,长电科技,2025-09-15 10:48:51,38.21,6800,38.22,D
sh600584,长电科技,2025-09-15 10:49:09,38.21,15100,38.21,D
sh600584,长电科技,2025-09-15 10:49:12,38.21,51800,38.21,U
sh600584,长电科技,2025-09-15 10:49:15,38.21,8400,38.21,D
sh600584,长电科技,2025-09-15 10:49:24,38.22,24500,38.21,U
sh600584,长电科技,2025-09-15 10:49:39,38.19,16700,38.2,D
sh600584,长电科技,2025-09-15 10:49:54,38.21,5800,38.2,U
sh600584,长电科技,2025-09-15 10:50:00,38.2,6000,38.21,D
sh600584,长电科技,2025-09-15 10:50:09,38.21,9300,38.21,U
sh600584,长电科技,2025-09-15 10:50:12,38.21,7700,38.21,U
sh600584,长电科技,2025-09-15 10:50:15,38.21,8000,38.21,U
sh600584,长电科技,2025-09-15 10:50:27,38.2,10500,38.22,D
sh600584,长电科技,2025-09-15 10:50:42,38.2,10200,38.2,D
sh600584,长电科技,2025-09-15 10:50:48,38.19,36800,38.21,D
sh600584,长电科技,2025-09-15 10:50:51,38.2,26200,38.19,U
sh600584,长电科技,2025-09-15 10:50:54,38.19,22000,38.2,D
sh600584,长电科技,2025-09-15 10:51:00,38.18,6200,38.19,D
sh600584,长电科技,2025-09-15 10:51:03,38.2,6600,38.18,U
sh600584,长电科技,2025-09-15 10:51:09,38.2,8100,38.2,U
sh600584,长电科技,2025-09-15 10:51:12,38.19,6900,38.2,D
sh600584,长电科技,2025-09-15 10:51:15,38.19,5400,38.19,D
sh600584,长电科技,2025-09-15 10:51:27,38.2,16900,38.18,U
sh600584,长电科技,2025-09-15 10:51:30,38.2,13900,38.2,D
sh600584,长电科技,2025-09-15 10:51:39,38.2,6900,38.2,D
sh600584,长电科技,2025-09-15 10:51:51,38.21,11900,38.2,U
sh600584,长电科技,2025-09-15 10:51:57,38.2,9300,38.21,D
sh600584,长电科技,2025-09-15 10:52:00,38.21,11100,38.2,E
sh600584,长电科技,2025-09-15 10:52:09,38.21,9400,38.21,D
sh600584,长电科技,2025-09-15 10:52:12,38.21,10700,38.21,U
sh600584,长电科技,2025-09-15 10:52:27,38.22,6900,38.21,U
sh600584,长电科技,2025-09-15 10:52:30,38.21,10400,38.22,D
sh600584,长电科技,2025-09-15 10:52:33,38.21,13300,38.21,D
sh600584,长电科技,2025-09-15 10:52:36,38.21,9800,38.21,U
sh600584,长电科技,2025-09-15 10:52:39,38.21,17400,38.21,U
sh600584,长电科技,2025-09-15 10:52:42,38.19,118600,38.21,D
sh600584,长电科技,2025-09-15 10:52:45,38.19,21300,38.19,U
sh600584,长电科技,2025-09-15 10:52:48,38.19,16600,38.19,U
sh600584,长电科技,2025-09-15 10:52:51,38.17,62854,38.19,D
sh600584,长电科技,2025-09-15 10:52:54,38.17,6500,38.17,U
sh600584,长电科技,2025-09-15 10:52:57,38.15,6100,38.17,D
sh600584,长电科技,2025-09-15 10:53:00,38.18,31456,38.15,U
sh600584,长电科技,2025-09-15 10:53:24,38.17,12500,38.16,D
sh600584,长电科技,2025-09-15 10:53:30,38.16,14700,38.17,D
sh600584,长电科技,2025-09-15 10:53:51,38.16,7300,38.16,D
sh600584,长电科技,2025-09-15 10:54:03,38.16,7000,38.15,U
sh600584,长电科技,2025-09-15 10:54:06,38.16,11800,38.16,U
sh600584,长电科技,2025-09-15 10:54:09,38.15,7400,38.16,D
sh600584,长电科技,2025-09-15 10:54:15,38.15,8100,38.16,D
sh600584,长电科技,2025-09-15 10:54:18,38.13,28500,38.15,D
sh600584,长电科技,2025-09-15 10:54:24,38.13,9000,38.13,D
sh600584,长电科技,2025-09-15 10:54:30,38.16,5300,38.13,U
sh600584,长电科技,2025-09-15 10:54:42,38.15,5800,38.13,U
sh600584,长电科技,2025-09-15 10:54:45,38.15,5800,38.15,U
sh600584,长电科技,2025-09-15 10:54:51,38.15,5700,38.15,U
sh600584,长电科技,2025-09-15 10:55:21,38.13,7100,38.14,D
sh600584,长电科技,2025-09-15 10:55:33,38.12,11700,38.13,D
sh600584,长电科技,2025-09-15 10:55:42,38.12,34100,38.13,D
sh600584,长电科技,2025-09-15 10:55:45,38.12,10000,38.12,U
sh600584,长电科技,2025-09-15 10:56:03,38.12,9100,38.11,U
sh600584,长电科技,2025-09-15 10:56:09,38.11,6500,38.12,D
sh600584,长电科技,2025-09-15 10:56:18,38.11,15800,38.11,D
sh600584,长电科技,2025-09-15 10:56:42,38.12,35700,38.13,E
sh600584,长电科技,2025-09-15 10:56:51,38.12,5500,38.12,D
sh600584,长电科技,2025-09-15 10:57:06,38.13,17800,38.12,U
sh600584,长电科技,2025-09-15 10:57:18,38.11,7000,38.11,D
sh600584,长电科技,2025-09-15 10:57:21,38.11,16600,38.11,D
sh600584,长电科技,2025-09-15 10:57:24,38.09,116900,38.11,D
sh600584,长电科技,2025-09-15 10:57:30,38.08,6600,38.1,D
sh600584,长电科技,2025-09-15 10:57:33,38.08,8300,38.08,D
sh600584,长电科技,2025-09-15 10:57:51,38.09,19800,38.08,E
sh600584,长电科技,2025-09-15 10:58:03,38.06,12000,38.08,D
sh600584,长电科技,2025-09-15 10:58:06,38.07,13800,38.06,U
sh600584,长电科技,2025-09-15 10:58:09,38.05,10000,38.07,D
sh600584,长电科技,2025-09-15 10:58:12,38.05,5800,38.05,D
sh600584,长电科技,2025-09-15 10:58:24,38.06,8600,38.05,U
sh600584,长电科技,2025-09-15 10:58:27,38.05,28400,38.06,D
sh600584,长电科技,2025-09-15 10:58:30,38.03,8900,38.05,D
sh600584,长电科技,2025-09-15 10:58:42,38.03,7700,38.04,D
sh600584,长电科技,2025-09-15 10:58:45,38.03,10100,38.03,D
sh600584,长电科技,2025-09-15 10:58:48,38.03,13300,38.03,D
sh600584,长电科技,2025-09-15 10:58:51,38.04,9600,38.03,U
sh600584,长电科技,2025-09-15 10:58:54,38.05,7800,38.04,U
sh600584,长电科技,2025-09-15 10:59:00,38.05,27300,38.04,U
sh600584,长电科技,2025-09-15 10:59:03,38.04,8100,38.05,D
sh600584,长电科技,2025-09-15 10:59:06,38.05,11200,38.04,U
sh600584,长电科技,2025-09-15 10:59:09,38.04,8800,38.05,D
sh600584,长电科技,2025-09-15 10:59:27,38.05,12900,38.05,D
sh600584,长电科技,2025-09-15 10:59:30,38.05,18700,38.05,D
sh600584,长电科技,2025-09-15 10:59:39,38.06,11800,38.06,U
sh600584,长电科技,2025-09-15 10:59:45,38.06,8100,38.05,U
sh600584,长电科技,2025-09-15 11:00:00,38.07,6300,38.07,D
sh600584,长电科技,2025-09-15 11:00:03,38.08,9900,38.07,U
sh600584,长电科技,2025-09-15 11:00:06,38.08,7900,38.08,D
sh600584,长电科技,2025-09-15 11:00:12,38.07,10900,38.08,D
sh600584,长电科技,2025-09-15 11:00:15,38.08,5300,38.07,E
sh600584,长电科技,2025-09-15 11:00:24,38.08,5900,38.08,U
sh600584,长电科技,2025-09-15 11:00:33,38.08,17200,38.08,D
sh600584,长电科技,2025-09-15 11:00:51,38.09,11000,38.1,D
sh600584,长电科技,2025-09-15 11:00:57,38.1,8400,38.1,D
sh600584,长电科技,2025-09-15 11:01:00,38.1,5500,38.1,D
sh600584,长电科技,2025-09-15 11:01:03,38.09,6700,38.1,D
sh600584,长电科技,2025-09-15 11:01:06,38.09,8200,38.09,D
sh600584,长电科技,2025-09-15 11:01:09,38.09,6400,38.09,U
sh600584,长电科技,2025-09-15 11:01:12,38.08,6900,38.09,D
sh600584,长电科技,2025-09-15 11:01:30,38.09,14400,38.08,U
sh600584,长电科技,2025-09-15 11:01:48,38.11,17601,38.1,U
sh600584,长电科技,2025-09-15 11:02:03,38.12,9100,38.11,U
sh600584,长电科技,2025-09-15 11:02:15,38.12,22200,38.13,U
sh600584,长电科技,2025-09-15 11:02:27,38.13,8000,38.12,U
sh600584,长电科技,2025-09-15 11:02:33,38.1,18300,38.13,D
sh600584,长电科技,2025-09-15 11:02:48,38.11,21700,38.11,D
sh600584,长电科技,2025-09-15 11:02:57,38.1,11700,38.11,D
sh600584,长电科技,2025-09-15 11:03:09,38.09,6900,38.1,D
sh600584,长电科技,2025-09-15 11:03:18,38.1,5600,38.09,U
sh600584,长电科技,2025-09-15 11:03:24,38.1,19000,38.09,U
sh600584,长电科技,2025-09-15 11:03:42,38.1,11600,38.09,U
sh600584,长电科技,2025-09-15 11:04:30,38.09,5600,38.1,D
sh600584,长电科技,2025-09-15 11:05:15,38.1,11000,38.1,U
sh600584,长电科技,2025-09-15 11:05:18,38.09,11800,38.1,D
sh600584,长电科技,2025-09-15 11:05:36,38.1,5500,38.1,U
sh600584,长电科技,2025-09-15 11:05:39,38.09,13500,38.1,D
sh600584,长电科技,2025-09-15 11:05:57,38.1,5500,38.1,U
sh600584,长电科技,2025-09-15 11:06:12,38.09,15100,38.09,D
sh600584,长电科技,2025-09-15 11:06:30,38.09,14000,38.1,D
sh600584,长电科技,2025-09-15 11:06:36,38.08,13300,38.09,D
sh600584,长电科技,2025-09-15 11:06:39,38.08,13700,38.08,D
sh600584,长电科技,2025-09-15 11:06:45,38.08,11200,38.09,D
sh600584,长电科技,2025-09-15 11:06:48,38.09,12900,38.08,U
sh600584,长电科技,2025-09-15 11:07:00,38.08,7600,38.08,D
sh600584,长电科技,2025-09-15 11:07:03,38.08,9700,38.08,D
sh600584,长电科技,2025-09-15 11:07:36,38.1,5600,38.09,U
sh600584,长电科技,2025-09-15 11:07:54,38.09,5400,38.09,D
sh600584,长电科技,2025-09-15 11:08:24,38.1,5900,38.1,U
sh600584,长电科技,2025-09-15 11:08:33,38.11,10300,38.1,U
sh600584,长电科技,2025-09-15 11:08:42,38.09,5300,38.1,D
sh600584,长电科技,2025-09-15 11:08:45,38.11,38200,38.09,U
sh600584,长电科技,2025-09-15 11:09:03,38.09,7700,38.1,D
sh600584,长电科技,2025-09-15 11:09:12,38.09,5300,38.09,D
sh600584,长电科技,2025-09-15 11:09:18,38.09,7300,38.1,D
sh600584,长电科技,2025-09-15 11:09:24,38.1,10000,38.09,U
sh600584,长电科技,2025-09-15 11:09:42,38.09,6200,38.09,D
sh600584,长电科技,2025-09-15 11:10:00,38.1,8100,38.1,U
sh600584,长电科技,2025-09-15 11:10:12,38.09,6000,38.09,D
sh600584,长电科技,2025-09-15 11:10:24,38.09,10200,38.09,D
sh600584,长电科技,2025-09-15 11:10:30,38.1,5484,38.1,U
sh600584,长电科技,2025-09-15 11:10:54,38.1,6000,38.1,D
sh600584,长电科技,2025-09-15 11:11:00,38.09,15000,38.11,D
sh600584,长电科技,2025-09-15 11:11:03,38.09,10100,38.09,D
sh600584,长电科技,2025-09-15 11:11:15,38.09,16316,38.1,D
sh600584,长电科技,2025-09-15 11:11:21,38.08,12700,38.09,D
sh600584,长电科技,2025-09-15 11:11:24,38.08,5800,38.08,D
sh600584,长电科技,2025-09-15 11:11:27,38.08,15400,38.08,D
sh600584,长电科技,2025-09-15 11:11:30,38.07,140300,38.08,D
sh600584,长电科技,2025-09-15 11:11:33,38.08,13800,38.07,U
sh600584,长电科技,2025-09-15 11:11:51,38.06,6400,38.06,D
sh600584,长电科技,2025-09-15 11:12:06,38.06,19300,38.07,D
sh600584,长电科技,2025-09-15 11:12:18,38.07,17600,38.07,U
sh600584,长电科技,2025-09-15 11:12:21,38.07,7600,38.07,U
sh600584,长电科技,2025-09-15 11:12:33,38.06,7600,38.06,D
sh600584,长电科技,2025-09-15 11:12:42,38.06,9200,38.06,U
sh600584,长电科技,2025-09-15 11:13:09,38.05,5500,38.06,D
sh600584,长电科技,2025-09-15 11:13:12,38.06,9300,38.05,U
sh600584,长电科技,2025-09-15 11:13:21,38.06,5600,38.06,D
sh600584,长电科技,2025-09-15 11:13:42,38.05,8400,38.05,D
sh600584,长电科技,2025-09-15 11:13:45,38.05,12400,38.05,D
sh600584,长电科技,2025-09-15 11:13:48,38.05,6100,38.05,D
sh600584,长电科技,2025-09-15 11:13:51,38.05,5600,38.05,D
sh600584,长电科技,2025-09-15 11:14:06,38.05,8700,38.05,D
sh600584,长电科技,2025-09-15 11:14:15,38.06,9900,38.05,U
sh600584,长电科技,2025-09-15 11:14:21,38.06,12500,38.05,U
sh600584,长电科技,2025-09-15 11:14:33,38.05,11300,38.05,D
sh600584,长电科技,2025-09-15 11:14:45,38.05,7500,38.05,D
sh600584,长电科技,2025-09-15 11:15:09,38.05,5300,38.05,U
sh600584,长电科技,2025-09-15 11:15:12,38.05,6900,38.05,D
sh600584,长电科技,2025-09-15 11:15:15,38.05,5800,38.05,D
sh600584,长电科技,2025-09-15 11:15:18,38.04,10900,38.05,D
sh600584,长电科技,2025-09-15 11:15:39,38.05,12200,38.04,U
sh600584,长电科技,2025-09-15 11:16:00,38.03,18000,38.04,D
sh600584,长电科技,2025-09-15 11:16:03,38.04,16700,38.03,U
sh600584,长电科技,2025-09-15 11:16:09,38.03,14800,38.04,D
sh600584,长电科技,2025-09-15 11:16:24,38.02,16100,38.03,D
sh600584,长电科技,2025-09-15 11:16:27,38.02,6600,38.02,D
sh600584,长电科技,2025-09-15 11:16:36,38.02,7100,38.02,D
sh600584,长电科技,2025-09-15 11:16:42,38.02,18400,38.02,D
sh600584,长电科技,2025-09-15 11:16:54,38.01,12300,38.02,D
sh600584,长电科技,2025-09-15 11:17:06,38.01,10000,38.01,D
sh600584,长电科技,2025-09-15 11:17:12,38.01,10000,38.02,D
sh600584,长电科技,2025-09-15 11:17:27,38.02,5900,38.02,U
sh600584,长电科技,2025-09-15 11:18:36,38.03,5500,38.03,D
sh600584,长电科技,2025-09-15 11:19:09,38.02,8800,38.03,D
sh600584,长电科技,2025-09-15 11:19:12,38.02,6400,38.02,D
sh600584,长电科技,2025-09-15 11:19:33,38.04,5300,38.02,U
sh600584,长电科技,2025-09-15 11:19:51,38.02,5400,38.02,D
sh600584,长电科技,2025-09-15 11:19:57,38.02,14700,38.03,D
sh600584,长电科技,2025-09-15 11:20:00,38.02,32400,38.02,D
sh600584,长电科技,2025-09-15 11:20:12,38.04,5300,38.03,U
sh600584,长电科技,2025-09-15 11:20:51,38.04,7700,38.03,U
sh600584,长电科技,2025-09-15 11:21:03,38.05,7200,38.04,U
sh600584,长电科技,2025-09-15 11:21:33,38.05,9300,38.05,D
sh600584,长电科技,2025-09-15 11:21:54,38.07,6600,38.06,U
sh600584,长电科技,2025-09-15 11:22:00,38.07,5900,38.06,E
sh600584,长电科技,2025-09-15 11:22:06,38.07,6700,38.07,D
sh600584,长电科技,2025-09-15 11:22:09,38.05,8400,38.07,D
sh600584,长电科技,2025-09-15 11:22:12,38.06,5700,38.05,E
sh600584,长电科技,2025-09-15 11:22:21,38.05,9500,38.05,D
sh600584,长电科技,2025-09-15 11:22:24,38.07,14600,38.05,U
sh600584,长电科技,2025-09-15 11:22:51,38.06,7600,38.07,D
sh600584,长电科技,2025-09-15 11:23:36,38.06,6600,38.06,D
sh600584,长电科技,2025-09-15 11:23:54,38.06,6600,38.05,U
sh600584,长电科技,2025-09-15 11:24:06,38.06,5500,38.06,U
sh600584,长电科技,2025-09-15 11:24:12,38.05,17700,38.06,D
sh600584,长电科技,2025-09-15 11:24:18,38.06,10600,38.05,U
sh600584,长电科技,2025-09-15 11:24:24,38.07,8500,38.06,U
sh600584,长电科技,2025-09-15 11:25:09,38.09,5500,38.09,U
sh600584,长电科技,2025-09-15 11:25:21,38.08,25700,38.08,D
sh600584,长电科技,2025-09-15 11:25:30,38.06,6000,38.08,D
sh600584,长电科技,2025-09-15 11:25:36,38.07,13200,38.07,U
sh600584,长电科技,2025-09-15 11:25:39,38.06,6500,38.07,D
sh600584,长电科技,2025-09-15 11:25:45,38.07,5400,38.07,D
sh600584,长电科技,2025-09-15 11:25:51,38.06,5900,38.07,D
sh600584,长电科技,2025-09-15 11:26:00,38.06,11900,38.07,D
sh600584,长电科技,2025-09-15 11:26:03,38.06,25200,38.06,D
sh600584,长电科技,2025-09-15 11:26:06,38.05,40100,38.06,D
sh600584,长电科技,2025-09-15 11:26:15,38.04,12600,38.05,D
sh600584,长电科技,2025-09-15 11:26:24,38.04,21000,38.04,D
sh600584,长电科技,2025-09-15 11:26:36,38.04,5500,38.05,D
sh600584,长电科技,2025-09-15 11:26:39,38.04,5400,38.04,D
sh600584,长电科技,2025-09-15 11:26:45,38.04,13500,38.05,D
sh600584,长电科技,2025-09-15 11:26:54,38.04,7300,38.03,U
sh600584,长电科技,2025-09-15 11:27:00,38.05,6300,38.03,U
sh600584,长电科技,2025-09-15 11:27:03,38.04,7000,38.05,D
sh600584,长电科技,2025-09-15 11:27:09,38.06,26200,38.04,U
sh600584,长电科技,2025-09-15 11:27:21,38.06,6200,38.06,D
sh600584,长电科技,2025-09-15 11:27:24,38.06,11700,38.06,E
sh600584,长电科技,2025-09-15 11:27:30,38.04,13900,38.06,D
sh600584,长电科技,2025-09-15 11:27:57,38.04,6000,38.05,D
sh600584,长电科技,2025-09-15 11:28:03,38.03,14600,38.03,D
sh600584,长电科技,2025-09-15 11:28:15,38.04,6300,38.03,U
sh600584,长电科技,2025-09-15 11:28:21,38.03,18500,38.03,D
sh600584,长电科技,2025-09-15 11:28:24,38.03,6100,38.03,D
sh600584,长电科技,2025-09-15 11:28:30,38.04,6200,38.04,U
sh600584,长电科技,2025-09-15 11:29:09,38.03,28700,38.03,D
sh600584,长电科技,2025-09-15 11:29:12,38.02,7100,38.03,D
sh600584,长电科技,2025-09-15 11:29:15,38.03,6500,38.02,U
sh600584,长电科技,2025-09-15 11:29:27,38.02,8300,38.03,D
sh600584,长电科技,2025-09-15 11:29:42,38.03,9600,38.02,U
sh600584,长电科技,2025-09-15 11:29:45,38.02,6400,38.03,D
sh600584,长电科技,2025-09-15 11:29:48,38.02,8700,38.02,D
sh600584,长电科技,2025-09-15 11:29:51,38.02,5500,38.02,D
sh600584,长电科技,2025-09-15 11:29:59,38.02,5900,38.03,D
sh600584,长电科技,2025-09-15 13:00:03,38.03,59700,38.02,U
sh600584,长电科技,2025-09-15 13:00:06,38.03,62400,38.03,D
sh600584,长电科技,2025-09-15 13:00:09,38.03,44300,38.03,D
sh600584,长电科技,2025-09-15 13:00:12,38.03,18600,38.03,D
sh600584,长电科技,2025-09-15 13:00:15,38.03,122900,38.03,D
sh600584,长电科技,2025-09-15 13:00:18,38.02,15100,38.03,D
sh600584,长电科技,2025-09-15 13:00:24,38.02,9100,38.02,D
sh600584,长电科技,2025-09-15 13:00:30,38.03,7700,38.02,U
sh600584,长电科技,2025-09-15 13:00:36,38.03,13100,38.03,D
sh600584,长电科技,2025-09-15 13:00:39,38.02,6800,38.03,D
sh600584,长电科技,2025-09-15 13:00:45,38.02,14100,38.02,D
sh600584,长电科技,2025-09-15 13:00:48,38.02,6000,38.02,D
sh600584,长电科技,2025-09-15 13:00:51,38.02,5400,38.02,D
sh600584,长电科技,2025-09-15 13:00:54,38.02,31000,38.02,D
sh600584,长电科技,2025-09-15 13:00:57,38.02,77700,38.02,D
sh600584,长电科技,2025-09-15 13:01:00,38.02,6300,38.02,D
sh600584,长电科技,2025-09-15 13:01:03,38.03,9900,38.02,U
sh600584,长电科技,2025-09-15 13:01:06,38.01,53000,38.03,D
sh600584,长电科技,2025-09-15 13:01:09,38.01,79000,38.01,D
sh600584,长电科技,2025-09-15 13:01:12,38.02,6100,38.01,U
sh600584,长电科技,2025-09-15 13:01:21,38.0,7100,38.01,D
sh600584,长电科技,2025-09-15 13:01:24,38.0,30000,38.0,D
sh600584,长电科技,2025-09-15 13:01:27,38.0,10200,38.0,D
sh600584,长电科技,2025-09-15 13:01:30,38.0,106900,38.0,D
sh600584,长电科技,2025-09-15 13:01:33,38.0,208700,38.0,D
sh600584,长电科技,2025-09-15 13:01:36,37.97,458600,38.0,D
sh600584,长电科技,2025-09-15 13:01:39,37.98,14400,37.97,U
sh600584,长电科技,2025-09-15 13:01:42,37.96,13700,37.98,D
sh600584,长电科技,2025-09-15 13:01:45,37.98,18300,37.96,U
sh600584,长电科技,2025-09-15 13:01:51,37.98,9500,37.97,U
sh600584,长电科技,2025-09-15 13:01:57,37.95,99800,37.97,D
sh600584,长电科技,2025-09-15 13:02:00,37.98,5400,37.95,U
sh600584,长电科技,2025-09-15 13:02:06,37.95,63800,37.97,D
sh600584,长电科技,2025-09-15 13:02:09,37.95,5800,37.95,U
sh600584,长电科技,2025-09-15 13:02:18,37.97,10000,37.96,U
sh600584,长电科技,2025-09-15 13:02:21,37.97,5900,37.97,U
sh600584,长电科技,2025-09-15 13:02:24,37.96,5300,37.97,D
sh600584,长电科技,2025-09-15 13:02:27,37.96,6400,37.96,D
sh600584,长电科技,2025-09-15 13:02:30,37.96,6600,37.96,D
sh600584,长电科技,2025-09-15 13:02:33,37.96,6500,37.96,D
sh600584,长电科技,2025-09-15 13:02:39,37.97,8200,37.97,D
sh600584,长电科技,2025-09-15 13:02:45,37.98,5700,37.98,U
sh600584,长电科技,2025-09-15 13:02:57,37.99,6600,37.99,U
sh600584,长电科技,2025-09-15 13:03:00,37.98,14200,37.99,D
sh600584,长电科技,2025-09-15 13:03:03,38.0,23800,37.98,U
sh600584,长电科技,2025-09-15 13:03:06,38.01,9700,38.0,U
sh600584,长电科技,2025-09-15 13:03:09,37.99,8500,38.01,D
sh600584,长电科技,2025-09-15 13:03:15,37.98,14600,37.98,D
sh600584,长电科技,2025-09-15 13:03:18,37.97,19200,37.98,D
sh600584,长电科技,2025-09-15 13:03:33,37.96,7100,37.97,D
sh600584,长电科技,2025-09-15 13:03:39,37.96,30900,37.96,D
sh600584,长电科技,2025-09-15 13:03:57,37.99,12100,37.98,U
sh600584,长电科技,2025-09-15 13:04:00,37.98,5800,37.99,D
sh600584,长电科技,2025-09-15 13:04:09,37.98,6400,37.97,U
sh600584,长电科技,2025-09-15 13:04:12,37.97,16900,37.98,D
sh600584,长电科技,2025-09-15 13:04:18,37.97,8800,37.97,U
sh600584,长电科技,2025-09-15 13:04:24,37.97,9000,37.97,U
sh600584,长电科技,2025-09-15 13:04:27,37.98,10300,37.97,U
sh600584,长电科技,2025-09-15 13:04:36,37.98,6600,37.97,U
sh600584,长电科技,2025-09-15 13:04:39,37.98,5700,37.98,D
sh600584,长电科技,2025-09-15 13:04:42,37.97,16200,37.98,D
sh600584,长电科技,2025-09-15 13:04:45,37.99,18800,37.97,U
sh600584,长电科技,2025-09-15 13:04:54,37.99,9600,38.0,D
sh600584,长电科技,2025-09-15 13:05:00,37.99,5600,38.0,D
sh600584,长电科技,2025-09-15 13:05:03,38.0,22800,37.99,U
sh600584,长电科技,2025-09-15 13:05:06,37.98,9400,38.0,D
sh600584,长电科技,2025-09-15 13:05:09,37.97,9500,37.98,D
sh600584,长电科技,2025-09-15 13:05:12,37.96,9300,37.97,D
sh600584,长电科技,2025-09-15 13:05:15,37.96,8000,37.96,D
sh600584,长电科技,2025-09-15 13:05:18,37.97,6100,37.96,E
sh600584,长电科技,2025-09-15 13:05:27,37.96,14700,37.96,D
sh600584,长电科技,2025-09-15 13:05:30,37.96,7500,37.96,D
sh600584,长电科技,2025-09-15 13:05:33,37.95,38300,37.96,D
sh600584,长电科技,2025-09-15 13:05:36,37.95,72700,37.95,D
sh600584,长电科技,2025-09-15 13:05:39,37.96,15000,37.95,U
sh600584,长电科技,2025-09-15 13:05:42,37.95,27500,37.96,D
sh600584,长电科技,2025-09-15 13:05:48,37.95,7700,37.95,U
sh600584,长电科技,2025-09-15 13:05:54,37.94,6200,37.94,D
sh600584,长电科技,2025-09-15 13:06:00,37.93,14700,37.94,D
sh600584,长电科技,2025-09-15 13:06:06,37.94,14400,37.93,U
sh600584,长电科技,2025-09-15 13:06:09,37.93,5600,37.94,D
sh600584,长电科技,2025-09-15 13:06:12,37.94,9900,37.93,U
sh600584,长电科技,2025-09-15 13:06:15,37.94,15000,37.94,U
sh600584,长电科技,2025-09-15 13:06:18,37.94,9700,37.94,U
sh600584,长电科技,2025-09-15 13:06:24,37.93,23800,37.94,D
sh600584,长电科技,2025-09-15 13:06:27,37.95,9200,37.93,U
sh600584,长电科技,2025-09-15 13:06:39,37.94,20500,37.94,D
sh600584,长电科技,2025-09-15 13:06:42,37.94,7400,37.94,U
sh600584,长电科技,2025-09-15 13:06:45,37.93,9000,37.94,D
sh600584,长电科技,2025-09-15 13:06:51,37.93,10800,37.93,U
sh600584,长电科技,2025-09-15 13:07:03,37.94,5700,37.94,U
sh600584,长电科技,2025-09-15 13:07:06,37.93,10400,37.94,D
sh600584,长电科技,2025-09-15 13:07:12,37.93,6300,37.94,D
sh600584,长电科技,2025-09-15 13:07:15,37.93,18900,37.93,D
sh600584,长电科技,2025-09-15 13:07:21,37.94,16700,37.94,U
sh600584,长电科技,2025-09-15 13:07:27,37.94,7400,37.94,D
sh600584,长电科技,2025-09-15 13:07:54,37.96,12000,37.96,U
sh600584,长电科技,2025-09-15 13:07:57,37.95,8000,37.96,D
sh600584,长电科技,2025-09-15 13:08:03,37.96,13400,37.96,D
sh600584,长电科技,2025-09-15 13:08:15,37.97,6700,37.95,U
sh600584,长电科技,2025-09-15 13:08:24,37.96,13500,37.96,D
sh600584,长电科技,2025-09-15 13:08:27,37.97,5700,37.96,U
sh600584,长电科技,2025-09-15 13:08:39,37.96,7900,37.96,D
sh600584,长电科技,2025-09-15 13:08:48,37.96,6800,37.96,D
sh600584,长电科技,2025-09-15 13:08:57,37.98,7900,37.98,U
sh600584,长电科技,2025-09-15 13:09:03,37.97,14200,37.96,D
sh600584,长电科技,2025-09-15 13:09:06,37.97,9000,37.97,D
sh600584,长电科技,2025-09-15 13:09:12,37.97,9100,37.97,U
sh600584,长电科技,2025-09-15 13:09:15,37.97,9500,37.97,D
sh600584,长电科技,2025-09-15 13:09:18,37.96,37300,37.97,D
sh600584,长电科技,2025-09-15 13:09:21,37.95,9900,37.96,D
sh600584,长电科技,2025-09-15 13:09:24,37.95,9000,37.95,D
sh600584,长电科技,2025-09-15 13:09:36,37.98,7500,37.97,U
sh600584,长电科技,2025-09-15 13:09:45,37.98,5300,37.98,D
sh600584,长电科技,2025-09-15 13:09:54,37.99,8600,37.99,U
sh600584,长电科技,2025-09-15 13:09:57,38.0,6600,37.99,U
sh600584,长电科技,2025-09-15 13:10:00,38.0,24000,38.0,U
sh600584,长电科技,2025-09-15 13:10:09,38.01,8500,38.02,E
sh600584,长电科技,2025-09-15 13:10:15,38.01,11800,38.0,U
sh600584,长电科技,2025-09-15 13:10:24,38.01,12800,38.03,D
sh600584,长电科技,2025-09-15 13:10:30,38.01,6300,38.03,D
sh600584,长电科技,2025-09-15 13:10:33,38.0,12200,38.01,D
sh600584,长电科技,2025-09-15 13:10:36,38.01,6200,38.0,U
sh600584,长电科技,2025-09-15 13:10:39,38.01,19800,38.01,U
sh600584,长电科技,2025-09-15 13:10:42,38.0,7100,38.01,D
sh600584,长电科技,2025-09-15 13:10:45,38.01,5800,38.0,U
sh600584,长电科技,2025-09-15 13:10:51,38.01,8600,38.02,D
sh600584,长电科技,2025-09-15 13:11:03,38.01,20300,38.02,D
sh600584,长电科技,2025-09-15 13:11:06,38.02,7900,38.01,U
sh600584,长电科技,2025-09-15 13:11:09,38.02,8100,38.02,U
sh600584,长电科技,2025-09-15 13:11:12,38.01,11100,38.02,D
sh600584,长电科技,2025-09-15 13:11:18,38.0,5700,38.01,D
sh600584,长电科技,2025-09-15 13:11:24,38.01,15700,38.0,U
sh600584,长电科技,2025-09-15 13:11:27,38.01,8200,38.01,U
sh600584,长电科技,2025-09-15 13:11:42,38.0,9000,38.02,D
sh600584,长电科技,2025-09-15 13:11:54,38.02,11200,38.01,U
sh600584,长电科技,2025-09-15 13:12:09,38.02,6700,38.02,U
sh600584,长电科技,2025-09-15 13:12:12,38.01,6200,38.02,D
sh600584,长电科技,2025-09-15 13:12:18,38.01,13300,38.01,D
sh600584,长电科技,2025-09-15 13:12:21,38.01,6800,38.01,D
sh600584,长电科技,2025-09-15 13:12:45,38.03,5700,38.02,U
sh600584,长电科技,2025-09-15 13:12:54,38.03,5800,38.03,U
sh600584,长电科技,2025-09-15 13:13:24,38.04,16900,38.04,D
sh600584,长电科技,2025-09-15 13:13:27,38.04,7100,38.04,D
sh600584,长电科技,2025-09-15 13:13:39,38.02,21700,38.04,D
sh600584,长电科技,2025-09-15 13:13:42,38.02,21600,38.02,D
sh600584,长电科技,2025-09-15 13:13:45,38.01,24500,38.02,D
sh600584,长电科技,2025-09-15 13:13:51,38.02,8200,38.02,E
sh600584,长电科技,2025-09-15 13:13:57,38.02,7000,38.0,E
sh600584,长电科技,2025-09-15 13:14:27,38.0,6800,38.0,D
sh600584,长电科技,2025-09-15 13:14:30,38.01,7500,38.0,U
sh600584,长电科技,2025-09-15 13:14:42,38.0,21200,38.01,D
sh600584,长电科技,2025-09-15 13:14:54,38.0,15400,38.0,D
sh600584,长电科技,2025-09-15 13:14:57,38.01,36400,38.0,U
sh600584,长电科技,2025-09-15 13:15:06,38.01,8100,38.01,U
sh600584,长电科技,2025-09-15 13:15:15,38.0,14300,38.0,D
sh600584,长电科技,2025-09-15 13:15:18,38.01,38500,38.0,U
sh600584,长电科技,2025-09-15 13:15:24,38.01,6500,38.02,D
sh600584,长电科技,2025-09-15 13:15:36,38.01,5800,38.01,D
sh600584,长电科技,2025-09-15 13:15:42,38.01,7500,38.01,D
sh600584,长电科技,2025-09-15 13:15:45,38.01,8300,38.01,D
sh600584,长电科技,2025-09-15 13:15:48,38.02,13600,38.01,U
sh600584,长电科技,2025-09-15 13:16:00,38.0,18000,38.01,D
sh600584,长电科技,2025-09-15 13:16:03,38.01,9200,38.0,U
sh600584,长电科技,2025-09-15 13:16:06,38.01,9900,38.01,U
sh600584,长电科技,2025-09-15 13:16:15,38.02,8200,38.0,U
sh600584,长电科技,2025-09-15 13:16:30,38.02,7600,38.01,U
sh600584,长电科技,2025-09-15 13:16:36,38.01,32300,38.02,D
sh600584,长电科技,2025-09-15 13:16:48,38.01,6400,38.02,D
sh600584,长电科技,2025-09-15 13:17:03,38.01,11100,38.0,U
sh600584,长电科技,2025-09-15 13:17:06,38.01,40800,38.01,U
sh600584,长电科技,2025-09-15 13:17:09,38.02,7700,38.01,U
sh600584,长电科技,2025-09-15 13:17:15,38.01,8300,38.01,D
sh600584,长电科技,2025-09-15 13:17:18,37.99,77700,38.01,D
sh600584,长电科技,2025-09-15 13:17:21,37.99,19100,37.99,U
sh600584,长电科技,2025-09-15 13:17:27,37.97,7600,37.98,D
sh600584,长电科技,2025-09-15 13:17:30,37.97,5500,37.97,D
sh600584,长电科技,2025-09-15 13:17:33,37.97,15700,37.97,D
sh600584,长电科技,2025-09-15 13:17:36,38.0,23900,37.97,U
sh600584,长电科技,2025-09-15 13:17:39,37.99,8600,38.0,D
sh600584,长电科技,2025-09-15 13:17:42,37.99,14500,37.99,D
sh600584,长电科技,2025-09-15 13:17:48,37.99,6300,37.99,D
sh600584,长电科技,2025-09-15 13:18:03,37.99,20200,37.98,U
sh600584,长电科技,2025-09-15 13:18:06,37.99,6900,37.99,D
sh600584,长电科技,2025-09-15 13:18:15,37.99,13100,37.99,D
sh600584,长电科技,2025-09-15 13:18:18,37.99,8800,37.99,D
sh600584,长电科技,2025-09-15 13:18:21,37.99,8100,37.99,D
sh600584,长电科技,2025-09-15 13:18:24,37.99,17800,37.99,D
sh600584,长电科技,2025-09-15 13:18:33,37.98,6100,37.99,D
sh600584,长电科技,2025-09-15 13:18:36,37.98,8400,37.98,D
sh600584,长电科技,2025-09-15 13:18:39,37.98,7200,37.98,D
sh600584,长电科技,2025-09-15 13:18:48,37.98,15400,37.97,U
sh600584,长电科技,2025-09-15 13:19:06,37.96,20800,37.96,D
sh600584,长电科技,2025-09-15 13:19:21,37.96,6600,37.95,U
sh600584,长电科技,2025-09-15 13:19:30,37.96,5400,37.97,D
sh600584,长电科技,2025-09-15 13:19:42,37.96,10200,37.96,D
sh600584,长电科技,2025-09-15 13:19:48,37.96,7500,37.96,D
sh600584,长电科技,2025-09-15 13:19:54,37.96,9700,37.96,D
sh600584,长电科技,2025-09-15 13:20:03,37.96,9000,37.96,D
sh600584,长电科技,2025-09-15 13:20:06,37.97,7500,37.96,U
sh600584,长电科技,2025-09-15 13:20:09,37.97,6300,37.97,U
sh600584,长电科技,2025-09-15 13:20:12,37.97,17400,37.97,U
sh600584,长电科技,2025-09-15 13:20:15,37.95,10500,37.97,D
sh600584,长电科技,2025-09-15 13:20:18,37.96,7300,37.95,E
sh600584,长电科技,2025-09-15 13:20:27,37.96,38400,37.96,U
sh600584,长电科技,2025-09-15 13:20:33,37.95,16000,37.96,D
sh600584,长电科技,2025-09-15 13:20:39,37.96,5500,37.96,U
sh600584,长电科技,2025-09-15 13:20:45,37.95,10700,37.95,D
sh600584,长电科技,2025-09-15 13:20:48,37.95,39700,37.95,D
sh600584,长电科技,2025-09-15 13:20:51,37.95,13400,37.95,D
sh600584,长电科技,2025-09-15 13:20:54,37.95,28000,37.95,D
sh600584,长电科技,2025-09-15 13:21:03,37.95,8000,37.96,D
sh600584,长电科技,2025-09-15 13:21:12,37.96,23100,37.95,U
sh600584,长电科技,2025-09-15 13:21:18,37.97,13100,37.96,U
sh600584,长电科技,2025-09-15 13:21:24,37.97,5900,37.96,U
sh600584,长电科技,2025-09-15 13:21:33,37.95,8200,37.96,D
sh600584,长电科技,2025-09-15 13:21:39,37.96,14100,37.95,D
sh600584,长电科技,2025-09-15 13:21:48,37.96,14700,37.95,U
sh600584,长电科技,2025-09-15 13:22:03,37.96,11900,37.96,U
sh600584,长电科技,2025-09-15 13:22:09,37.95,6500,37.96,D
sh600584,长电科技,2025-09-15 13:22:12,37.95,6500,37.95,D
sh600584,长电科技,2025-09-15 13:22:18,37.96,10500,37.95,U
sh600584,长电科技,2025-09-15 13:22:24,37.96,6600,37.95,U
sh600584,长电科技,2025-09-15 13:22:27,37.96,10700,37.96,U
sh600584,长电科技,2025-09-15 13:22:33,37.97,7000,37.96,U
sh600584,长电科技,2025-09-15 13:22:45,37.96,7000,37.96,D
sh600584,长电科技,2025-09-15 13:22:51,37.96,5400,37.96,D
sh600584,长电科技,2025-09-15 13:22:54,37.96,5700,37.96,D
sh600584,长电科技,2025-09-15 13:22:57,37.96,6800,37.96,D
sh600584,长电科技,2025-09-15 13:23:00,37.96,9200,37.96,D
sh600584,长电科技,2025-09-15 13:23:12,37.96,6400,37.96,D
sh600584,长电科技,2025-09-15 13:23:15,37.98,12800,37.96,U
sh600584,长电科技,2025-09-15 13:23:24,38.0,26100,37.98,U
sh600584,长电科技,2025-09-15 13:23:42,37.98,10500,37.98,D
sh600584,长电科技,2025-09-15 13:23:45,37.98,6100,37.98,D
sh600584,长电科技,2025-09-15 13:23:48,37.98,5600,37.98,D
sh600584,长电科技,2025-09-15 13:23:51,37.99,10300,37.98,U
sh600584,长电科技,2025-09-15 13:23:54,37.99,16600,37.99,D
sh600584,长电科技,2025-09-15 13:23:57,37.99,12700,37.99,D
sh600584,长电科技,2025-09-15 13:24:09,37.99,13900,37.99,D
sh600584,长电科技,2025-09-15 13:24:12,37.97,5800,37.99,D
sh600584,长电科技,2025-09-15 13:24:30,38.0,7600,37.99,U
sh600584,长电科技,2025-09-15 13:24:42,37.99,13200,37.99,D
sh600584,长电科技,2025-09-15 13:24:48,37.98,15700,37.98,D
sh600584,长电科技,2025-09-15 13:25:00,37.98,9300,37.98,U
sh600584,长电科技,2025-09-15 13:25:15,37.97,6200,37.99,D
sh600584,长电科技,2025-09-15 13:25:45,37.97,5700,37.97,D
sh600584,长电科技,2025-09-15 13:25:51,37.98,6700,37.98,U
sh600584,长电科技,2025-09-15 13:25:54,37.98,6000,37.98,U
sh600584,长电科技,2025-09-15 13:25:57,37.98,6000,37.98,U
sh600584,长电科技,2025-09-15 13:26:03,37.99,9300,37.97,U
sh600584,长电科技,2025-09-15 13:26:06,37.99,7500,37.99,U
sh600584,长电科技,2025-09-15 13:26:09,37.99,5400,37.99,U
sh600584,长电科技,2025-09-15 13:26:21,37.98,13600,37.99,D
sh600584,长电科技,2025-09-15 13:26:33,37.98,7500,37.99,D
sh600584,长电科技,2025-09-15 13:26:36,38.0,7400,37.98,U
sh600584,长电科技,2025-09-15 13:26:48,38.0,7200,38.0,U
sh600584,长电科技,2025-09-15 13:27:21,37.99,5900,37.99,D
sh600584,长电科技,2025-09-15 13:27:24,37.99,5500,37.99,D
sh600584,长电科技,2025-09-15 13:27:30,38.0,10500,38.0,U
sh600584,长电科技,2025-09-15 13:28:03,38.01,6700,38.01,U
sh600584,长电科技,2025-09-15 13:28:06,38.01,5900,38.01,D
sh600584,长电科技,2025-09-15 13:28:09,38.0,19100,38.01,D
sh600584,长电科技,2025-09-15 13:28:12,37.99,10300,38.0,D
sh600584,长电科技,2025-09-15 13:28:15,37.99,5300,37.99,D
sh600584,长电科技,2025-09-15 13:28:21,37.99,14900,37.99,D
sh600584,长电科技,2025-09-15 13:28:24,37.98,6800,37.99,D
sh600584,长电科技,2025-09-15 13:28:39,37.99,6500,37.99,D
sh600584,长电科技,2025-09-15 13:28:54,38.0,6800,37.99,U
sh600584,长电科技,2025-09-15 13:28:57,38.0,11800,38.0,U
sh600584,长电科技,2025-09-15 13:29:06,38.01,5700,38.01,U
sh600584,长电科技,2025-09-15 13:29:18,38.02,11000,38.01,U
sh600584,长电科技,2025-09-15 13:29:51,38.03,17000,38.02,U
sh600584,长电科技,2025-09-15 13:29:54,38.03,9900,38.03,U
sh600584,长电科技,2025-09-15 13:29:57,38.03,6500,38.03,D
sh600584,长电科技,2025-09-15 13:30:09,38.03,13184,38.04,D
sh600584,长电科技,2025-09-15 13:30:18,38.04,6000,38.03,U
sh600584,长电科技,2025-09-15 13:30:21,38.04,6200,38.04,D
sh600584,长电科技,2025-09-15 13:30:24,38.04,10200,38.04,D
sh600584,长电科技,2025-09-15 13:30:45,38.07,15900,38.07,D
sh600584,长电科技,2025-09-15 13:30:48,38.07,11400,38.07,U
sh600584,长电科技,2025-09-15 13:30:51,38.06,14200,38.07,D
sh600584,长电科技,2025-09-15 13:31:03,38.06,9500,38.06,U
sh600584,长电科技,2025-09-15 13:31:06,38.03,50000,38.06,D
sh600584,长电科技,2025-09-15 13:31:15,38.04,5500,38.03,U
sh600584,长电科技,2025-09-15 13:31:21,38.04,23500,38.04,D
sh600584,长电科技,2025-09-15 13:31:24,38.04,25100,38.04,D
sh600584,长电科技,2025-09-15 13:31:54,38.03,15200,38.03,D
sh600584,长电科技,2025-09-15 13:31:57,38.03,6100,38.03,D
sh600584,长电科技,2025-09-15 13:32:03,38.02,19900,38.02,D
sh600584,长电科技,2025-09-15 13:32:06,38.03,16200,38.02,U
sh600584,长电科技,2025-09-15 13:32:12,38.02,7000,38.03,D
sh600584,长电科技,2025-09-15 13:32:39,38.02,6500,38.03,D
sh600584,长电科技,2025-09-15 13:33:03,38.01,12000,38.02,D
sh600584,长电科技,2025-09-15 13:33:18,38.01,5400,38.0,U
sh600584,长电科技,2025-09-15 13:33:39,38.01,5600,38.01,U
sh600584,长电科技,2025-09-15 13:33:57,38.0,5700,38.0,D
sh600584,长电科技,2025-09-15 13:34:03,38.0,5700,38.0,D
sh600584,长电科技,2025-09-15 13:34:42,38.0,15800,38.0,D
sh600584,长电科技,2025-09-15 13:35:15,38.0,17400,37.99,U
sh600584,长电科技,2025-09-15 13:35:21,38.0,15300,38.0,U
sh600584,长电科技,2025-09-15 13:35:30,38.0,7200,37.99,U
sh600584,长电科技,2025-09-15 13:35:33,37.99,5400,38.0,D
sh600584,长电科技,2025-09-15 13:35:39,37.99,7100,37.99,D
sh600584,长电科技,2025-09-15 13:35:45,37.99,10000,37.99,U
sh600584,长电科技,2025-09-15 13:35:57,37.99,10700,37.99,U
sh600584,长电科技,2025-09-15 13:36:00,37.98,7900,37.99,D
sh600584,长电科技,2025-09-15 13:36:21,37.99,20200,37.99,U
sh600584,长电科技,2025-09-15 13:36:33,37.98,9700,37.99,D
sh600584,长电科技,2025-09-15 13:36:39,37.98,12900,37.98,D
sh600584,长电科技,2025-09-15 13:36:54,37.99,5400,37.99,D
sh600584,长电科技,2025-09-15 13:37:06,37.98,6300,37.99,D
sh600584,长电科技,2025-09-15 13:37:21,37.99,5600,37.99,D
sh600584,长电科技,2025-09-15 13:37:39,37.99,12200,37.99,U
sh600584,长电科技,2025-09-15 13:38:00,37.97,25300,37.99,D
sh600584,长电科技,2025-09-15 13:38:03,37.96,83000,37.97,D
sh600584,长电科技,2025-09-15 13:38:06,37.96,7900,37.96,D
sh600584,长电科技,2025-09-15 13:38:12,37.96,8200,37.96,D
sh600584,长电科技,2025-09-15 13:38:18,37.95,22400,37.96,D
sh600584,长电科技,2025-09-15 13:38:21,37.95,22200,37.95,D
sh600584,长电科技,2025-09-15 13:38:24,37.96,19600,37.95,U
sh600584,长电科技,2025-09-15 13:38:27,37.95,25500,37.96,D
sh600584,长电科技,2025-09-15 13:38:30,37.95,5600,37.95,D
sh600584,长电科技,2025-09-15 13:38:33,37.94,44900,37.95,D
sh600584,长电科技,2025-09-15 13:38:36,37.94,10300,37.94,E
sh600584,长电科技,2025-09-15 13:38:42,37.93,11500,37.93,D
sh600584,长电科技,2025-09-15 13:38:45,37.93,15100,37.93,D
sh600584,长电科技,2025-09-15 13:38:48,37.93,13300,37.93,D
sh600584,长电科技,2025-09-15 13:38:51,37.93,9700,37.93,D
sh600584,长电科技,2025-09-15 13:38:54,37.93,10300,37.93,U
sh600584,长电科技,2025-09-15 13:38:57,37.92,6400,37.93,D
sh600584,长电科技,2025-09-15 13:39:00,37.93,7500,37.92,U
sh600584,长电科技,2025-09-15 13:39:12,37.93,7600,37.93,D
sh600584,长电科技,2025-09-15 13:39:15,37.93,5500,37.93,U
sh600584,长电科技,2025-09-15 13:39:21,37.92,11200,37.93,D
sh600584,长电科技,2025-09-15 13:39:24,37.93,12500,37.92,U
sh600584,长电科技,2025-09-15 13:39:30,37.94,11000,37.93,U
sh600584,长电科技,2025-09-15 13:39:33,37.93,8200,37.94,D
sh600584,长电科技,2025-09-15 13:39:57,37.93,18800,37.94,D
sh600584,长电科技,2025-09-15 13:40:03,37.94,8800,37.94,D
sh600584,长电科技,2025-09-15 13:40:21,37.94,7700,37.94,U
sh600584,长电科技,2025-09-15 13:40:27,37.94,12800,37.95,D
sh600584,长电科技,2025-09-15 13:40:36,37.95,12200,37.95,D
sh600584,长电科技,2025-09-15 13:40:51,37.96,12400,37.96,U
sh600584,长电科技,2025-09-15 13:41:15,37.96,8400,37.97,D
sh600584,长电科技,2025-09-15 13:41:18,37.98,13500,37.96,U
sh600584,长电科技,2025-09-15 13:41:36,37.97,6900,37.97,D
sh600584,长电科技,2025-09-15 13:41:51,37.97,19400,37.97,U
sh600584,长电科技,2025-09-15 13:42:12,37.97,11800,37.97,U
sh600584,长电科技,2025-09-15 13:42:24,37.97,7900,37.98,D
sh600584,长电科技,2025-09-15 13:42:27,37.97,15300,37.97,D
sh600584,长电科技,2025-09-15 13:42:30,37.98,19700,37.97,U
sh600584,长电科技,2025-09-15 13:42:42,37.98,10668,37.98,U
sh600584,长电科技,2025-09-15 13:42:51,37.97,5600,37.99,D
sh600584,长电科技,2025-09-15 13:42:54,37.97,13900,37.97,D
sh600584,长电科技,2025-09-15 13:42:57,37.97,8600,37.97,E
sh600584,长电科技,2025-09-15 13:43:06,37.97,12700,37.97,D
sh600584,长电科技,2025-09-15 13:43:09,37.96,14100,37.97,D
sh600584,长电科技,2025-09-15 13:43:12,37.98,6100,37.96,U
sh600584,长电科技,2025-09-15 13:43:42,37.97,6600,37.96,U
sh600584,长电科技,2025-09-15 13:43:48,37.97,18500,37.96,U
sh600584,长电科技,2025-09-15 13:43:57,37.97,9800,37.97,D
sh600584,长电科技,2025-09-15 13:44:03,37.97,14700,37.97,D
sh600584,长电科技,2025-09-15 13:44:06,37.97,5600,37.97,D
sh600584,长电科技,2025-09-15 13:44:57,37.96,9700,37.96,D
sh600584,长电科技,2025-09-15 13:45:09,37.96,12000,37.97,D
sh600584,长电科技,2025-09-15 13:45:15,37.95,5500,37.96,D
sh600584,长电科技,2025-09-15 13:45:24,37.95,8200,37.96,D
sh600584,长电科技,2025-09-15 13:45:30,37.95,6900,37.95,D
sh600584,长电科技,2025-09-15 13:45:39,37.95,6400,37.96,D
sh600584,长电科技,2025-09-15 13:45:54,37.95,17000,37.95,D
sh600584,长电科技,2025-09-15 13:45:57,37.96,15800,37.95,U
sh600584,长电科技,2025-09-15 13:46:03,37.95,18400,37.96,D
sh600584,长电科技,2025-09-15 13:46:15,37.94,6200,37.94,D
sh600584,长电科技,2025-09-15 13:46:18,37.94,8900,37.94,D
sh600584,长电科技,2025-09-15 13:46:21,37.93,17000,37.94,D
sh600584,长电科技,2025-09-15 13:46:24,37.93,17600,37.93,D
sh600584,长电科技,2025-09-15 13:46:27,37.92,35100,37.93,D
sh600584,长电科技,2025-09-15 13:46:30,37.93,11900,37.92,U
sh600584,长电科技,2025-09-15 13:46:39,37.92,8900,37.92,D
sh600584,长电科技,2025-09-15 13:46:45,37.93,7800,37.93,U
sh600584,长电科技,2025-09-15 13:46:51,37.92,6000,37.93,D
sh600584,长电科技,2025-09-15 13:46:54,37.92,6200,37.92,D
sh600584,长电科技,2025-09-15 13:46:57,37.92,18600,37.92,D
sh600584,长电科技,2025-09-15 13:47:00,37.92,16700,37.92,D
sh600584,长电科技,2025-09-15 13:47:03,37.92,5400,37.92,D
sh600584,长电科技,2025-09-15 13:47:06,37.92,19000,37.92,D
sh600584,长电科技,2025-09-15 13:47:09,37.92,33700,37.92,D
sh600584,长电科技,2025-09-15 13:47:15,37.92,5300,37.92,D
sh600584,长电科技,2025-09-15 13:47:21,37.93,5500,37.92,U
sh600584,长电科技,2025-09-15 13:47:24,37.92,5800,37.93,D
sh600584,长电科技,2025-09-15 13:47:33,37.93,6400,37.93,D
sh600584,长电科技,2025-09-15 13:47:36,37.93,10600,37.93,D
sh600584,长电科技,2025-09-15 13:47:45,37.92,13100,37.92,D
sh600584,长电科技,2025-09-15 13:47:48,37.92,5900,37.92,D
sh600584,长电科技,2025-09-15 13:47:51,37.93,6300,37.92,U
sh600584,长电科技,2025-09-15 13:47:54,37.92,42600,37.93,D
sh600584,长电科技,2025-09-15 13:48:00,37.92,6000,37.93,D
sh600584,长电科技,2025-09-15 13:48:12,37.92,5900,37.92,D
sh600584,长电科技,2025-09-15 13:48:24,37.92,5500,37.92,D
sh600584,长电科技,2025-09-15 13:48:39,37.93,6400,37.92,U
sh600584,长电科技,2025-09-15 13:48:42,37.93,9900,37.93,U
sh600584,长电科技,2025-09-15 13:48:48,37.92,10700,37.92,D
sh600584,长电科技,2025-09-15 13:48:57,37.92,10100,37.92,D
sh600584,长电科技,2025-09-15 13:49:03,37.93,7100,37.93,U
sh600584,长电科技,2025-09-15 13:49:06,37.93,98200,37.93,U
sh600584,长电科技,2025-09-15 13:49:12,37.93,16600,37.93,U
sh600584,长电科技,2025-09-15 13:49:15,37.92,7200,37.93,D
sh600584,长电科技,2025-09-15 13:49:33,37.93,9700,37.93,D
sh600584,长电科技,2025-09-15 13:49:45,37.93,13600,37.93,D
sh600584,长电科技,2025-09-15 13:49:54,37.93,17300,37.94,D
sh600584,长电科技,2025-09-15 13:50:15,37.93,5300,37.93,D
sh600584,长电科技,2025-09-15 13:50:39,37.93,23000,37.93,D
sh600584,长电科技,2025-09-15 13:51:03,37.93,10000,37.93,U
sh600584,长电科技,2025-09-15 13:51:06,37.95,149200,37.93,U
sh600584,长电科技,2025-09-15 13:51:12,37.94,21500,37.94,D
sh600584,长电科技,2025-09-15 13:51:15,37.93,10800,37.94,D
sh600584,长电科技,2025-09-15 13:51:51,37.94,7000,37.94,D
sh600584,长电科技,2025-09-15 13:51:54,37.93,5500,37.94,D
sh600584,长电科技,2025-09-15 13:51:57,37.94,12400,37.93,E
sh600584,长电科技,2025-09-15 13:52:21,37.95,8700,37.95,U
sh600584,长电科技,2025-09-15 13:52:36,37.95,9300,37.96,D
sh600584,长电科技,2025-09-15 13:52:42,37.96,8000,37.96,U
sh600584,长电科技,2025-09-15 13:52:48,37.96,6300,37.95,U
sh600584,长电科技,2025-09-15 13:53:03,37.96,5800,37.95,U
sh600584,长电科技,2025-09-15 13:53:06,37.95,11500,37.96,D
sh600584,长电科技,2025-09-15 13:53:09,37.96,7000,37.95,U
sh600584,长电科技,2025-09-15 13:53:15,37.96,6300,37.96,U
sh600584,长电科技,2025-09-15 13:53:18,37.95,20700,37.96,D
sh600584,长电科技,2025-09-15 13:53:33,37.94,22300,37.95,D
sh600584,长电科技,2025-09-15 13:54:24,37.94,6000,37.95,D
sh600584,长电科技,2025-09-15 13:54:30,37.94,6500,37.95,D
sh600584,长电科技,2025-09-15 13:54:39,37.94,9000,37.94,D
sh600584,长电科技,2025-09-15 13:55:36,37.94,7100,37.94,U
sh600584,长电科技,2025-09-15 13:55:45,37.94,10900,37.94,U
sh600584,长电科技,2025-09-15 13:56:12,37.95,5800,37.95,U
sh600584,长电科技,2025-09-15 13:56:24,37.94,6900,37.95,D
sh600584,长电科技,2025-09-15 13:56:36,37.96,12000,37.96,U
sh600584,长电科技,2025-09-15 13:56:39,37.94,11900,37.96,D
sh600584,长电科技,2025-09-15 13:56:42,37.94,55700,37.94,U
sh600584,长电科技,2025-09-15 13:57:21,37.94,18000,37.95,D
sh600584,长电科技,2025-09-15 13:57:36,37.95,7100,37.95,D
sh600584,长电科技,2025-09-15 13:57:42,37.96,8300,37.95,U
sh600584,长电科技,2025-09-15 13:57:57,37.96,6700,37.97,D
sh600584,长电科技,2025-09-15 13:58:12,37.95,41500,37.95,D
sh600584,长电科技,2025-09-15 13:58:18,37.96,7600,37.96,U
sh600584,长电科技,2025-09-15 13:58:21,37.95,12600,37.96,D
sh600584,长电科技,2025-09-15 13:58:24,37.95,8500,37.95,U
sh600584,长电科技,2025-09-15 13:58:27,37.96,41600,37.95,U
sh600584,长电科技,2025-09-15 13:58:30,37.96,105100,37.96,U
sh600584,长电科技,2025-09-15 13:58:33,37.96,19400,37.96,D
sh600584,长电科技,2025-09-15 13:58:36,37.96,6900,37.96,D
sh600584,长电科技,2025-09-15 13:58:42,37.96,23000,37.98,D
sh600584,长电科技,2025-09-15 13:58:45,37.95,12700,37.96,D
sh600584,长电科技,2025-09-15 13:58:51,37.96,12000,37.97,D
sh600584,长电科技,2025-09-15 13:58:57,37.97,8800,37.96,U
sh600584,长电科技,2025-09-15 13:59:06,37.97,20500,37.97,U
sh600584,长电科技,2025-09-15 13:59:12,37.97,5900,37.97,D
sh600584,长电科技,2025-09-15 13:59:15,37.96,22200,37.97,D
sh600584,长电科技,2025-09-15 13:59:18,37.96,9000,37.96,D
sh600584,长电科技,2025-09-15 13:59:21,37.96,6000,37.96,U
sh600584,长电科技,2025-09-15 13:59:33,37.95,6200,37.96,D
sh600584,长电科技,2025-09-15 13:59:36,37.97,8600,37.95,U
sh600584,长电科技,2025-09-15 13:59:42,37.97,6900,37.97,U
