symbol,name,ticktime,price,volume,prev_price,kind
sh600584,长电科技,2025-10-21 09:25:01,39.65,138000,0.0,U
sh600584,长电科技,2025-10-21 09:30:03,39.74,25100,39.68,U
sh600584,长电科技,2025-10-21 09:30:06,39.7,46300,39.74,D
sh600584,长电科技,2025-10-21 09:30:09,39.72,14600,39.7,E
sh600584,长电科技,2025-10-21 09:30:12,39.69,31500,39.72,D
sh600584,长电科技,2025-10-21 09:30:15,39.7,10500,39.69,E
sh600584,长电科技,2025-10-21 09:30:18,39.73,13600,39.7,E
sh600584,长电科技,2025-10-21 09:30:21,39.7,20800,39.73,D
sh600584,长电科技,2025-10-21 09:30:24,39.72,16600,39.7,E
sh600584,长电科技,2025-10-21 09:30:27,39.74,8400,39.72,U
sh600584,长电科技,2025-10-21 09:30:30,39.71,33400,39.74,D
sh600584,长电科技,2025-10-21 09:30:33,39.73,33100,39.71,U
sh600584,长电科技,2025-10-21 09:30:36,39.78,29800,39.73,U
sh600584,长电科技,2025-10-21 09:30:39,39.78,27800,39.78,U
sh600584,长电科技,2025-10-21 09:30:42,39.74,18500,39.78,D
sh600584,长电科技,2025-10-21 09:30:45,39.78,26700,39.74,U
sh600584,长电科技,2025-10-21 09:30:48,39.77,22100,39.78,D
sh600584,长电科技,2025-10-21 09:30:51,39.78,62100,39.77,U
sh600584,长电科技,2025-10-21 09:30:54,39.78,31400,39.78,D
sh600584,长电科技,2025-10-21 09:30:57,39.8,16200,39.78,U
sh600584,长电科技,2025-10-21 09:31:00,39.8,34300,39.8,D
sh600584,长电科技,2025-10-21 09:31:03,39.87,14500,39.8,U
sh600584,长电科技,2025-10-21 09:31:06,39.83,30600,39.87,D
sh600584,长电科技,2025-10-21 09:31:09,39.83,53900,39.83,U
sh600584,长电科技,2025-10-21 09:31:12,39.82,32100,39.83,D
sh600584,长电科技,2025-10-21 09:31:15,39.83,23600,39.82,U
sh600584,长电科技,2025-10-21 09:31:18,39.83,9400,39.83,D
sh600584,长电科技,2025-10-21 09:31:21,39.83,23600,39.83,D
sh600584,长电科技,2025-10-21 09:31:24,39.85,52000,39.83,U
sh600584,长电科技,2025-10-21 09:31:27,39.85,34100,39.85,D
sh600584,长电科技,2025-10-21 09:31:30,39.85,21500,39.85,U
sh600584,长电科技,2025-10-21 09:31:33,39.82,14300,39.85,D
sh600584,长电科技,2025-10-21 09:31:36,39.85,14600,39.82,U
sh600584,长电科技,2025-10-21 09:31:39,39.81,28000,39.85,D
sh600584,长电科技,2025-10-21 09:31:42,39.81,35500,39.81,U
sh600584,长电科技,2025-10-21 09:31:45,39.81,30900,39.81,U
sh600584,长电科技,2025-10-21 09:31:48,39.81,8000,39.81,D
sh600584,长电科技,2025-10-21 09:31:51,39.82,37644,39.81,U
sh600584,长电科技,2025-10-21 09:31:54,39.83,10600,39.82,U
sh600584,长电科技,2025-10-21 09:31:57,39.83,15900,39.83,E
sh600584,长电科技,2025-10-21 09:32:00,39.85,44700,39.83,U
sh600584,长电科技,2025-10-21 09:32:03,39.87,31600,39.85,U
sh600584,长电科技,2025-10-21 09:32:06,39.87,11000,39.87,D
sh600584,长电科技,2025-10-21 09:32:09,39.88,18500,39.87,U
sh600584,长电科技,2025-10-21 09:32:12,39.88,33800,39.88,U
sh600584,长电科技,2025-10-21 09:32:15,39.88,17900,39.88,U
sh600584,长电科技,2025-10-21 09:32:18,39.88,17100,39.88,U
sh600584,长电科技,2025-10-21 09:32:21,39.88,31000,39.88,D
sh600584,长电科技,2025-10-21 09:32:24,39.89,30400,39.88,E
sh600584,长电科技,2025-10-21 09:32:27,39.89,26200,39.89,U
sh600584,长电科技,2025-10-21 09:32:30,39.9,18200,39.89,U
sh600584,长电科技,2025-10-21 09:32:33,39.9,22900,39.9,U
sh600584,长电科技,2025-10-21 09:32:36,39.9,49200,39.9,U
sh600584,长电科技,2025-10-21 09:32:39,39.9,33800,39.9,D
sh600584,长电科技,2025-10-21 09:32:42,39.9,21000,39.9,D
sh600584,长电科技,2025-10-21 09:32:45,39.9,22400,39.9,D
sh600584,长电科技,2025-10-21 09:32:48,39.88,38700,39.9,D
sh600584,长电科技,2025-10-21 09:32:51,39.88,40300,39.88,U
sh600584,长电科技,2025-10-21 09:32:54,39.85,16500,39.88,D
sh600584,长电科技,2025-10-21 09:32:57,39.86,12400,39.85,U
sh600584,长电科技,2025-10-21 09:33:00,39.85,17900,39.86,D
sh600584,长电科技,2025-10-21 09:33:03,39.83,12800,39.85,D
sh600584,长电科技,2025-10-21 09:33:06,39.82,16300,39.83,D
sh600584,长电科技,2025-10-21 09:33:09,39.83,17036,39.82,D
sh600584,长电科技,2025-10-21 09:33:12,39.84,17600,39.83,U
sh600584,长电科技,2025-10-21 09:33:15,39.83,29800,39.84,D
sh600584,长电科技,2025-10-21 09:33:18,39.85,5600,39.83,U
sh600584,长电科技,2025-10-21 09:33:21,39.85,13100,39.85,D
sh600584,长电科技,2025-10-21 09:33:24,39.85,7500,39.85,D
sh600584,长电科技,2025-10-21 09:33:27,39.84,13300,39.85,D
sh600584,长电科技,2025-10-21 09:33:30,39.85,22600,39.84,E
sh600584,长电科技,2025-10-21 09:33:33,39.85,13700,39.85,U
sh600584,长电科技,2025-10-21 09:33:36,39.84,11600,39.85,D
sh600584,长电科技,2025-10-21 09:33:39,39.85,43000,39.84,U
sh600584,长电科技,2025-10-21 09:33:42,39.84,34800,39.85,E
sh600584,长电科技,2025-10-21 09:33:45,39.83,7900,39.84,E
sh600584,长电科技,2025-10-21 09:33:48,39.82,9100,39.83,D
sh600584,长电科技,2025-10-21 09:33:51,39.82,6564,39.82,D
sh600584,长电科技,2025-10-21 09:33:54,39.82,11600,39.82,U
sh600584,长电科技,2025-10-21 09:33:57,39.81,28300,39.82,D
sh600584,长电科技,2025-10-21 09:34:00,39.8,19000,39.81,D
sh600584,长电科技,2025-10-21 09:34:03,39.79,48700,39.8,D
sh600584,长电科技,2025-10-21 09:34:06,39.78,19000,39.79,D
sh600584,长电科技,2025-10-21 09:34:09,39.77,13700,39.78,D
sh600584,长电科技,2025-10-21 09:34:12,39.76,6300,39.77,D
sh600584,长电科技,2025-10-21 09:34:15,39.75,6200,39.76,D
sh600584,长电科技,2025-10-21 09:34:18,39.75,10100,39.75,D
sh600584,长电科技,2025-10-21 09:34:21,39.81,195900,39.75,U
sh600584,长电科技,2025-10-21 09:34:24,39.82,18300,39.81,U
sh600584,长电科技,2025-10-21 09:34:27,39.82,24536,39.82,D
sh600584,长电科技,2025-10-21 09:34:30,39.84,16700,39.82,U
sh600584,长电科技,2025-10-21 09:34:33,39.85,10700,39.84,U
sh600584,长电科技,2025-10-21 09:34:36,39.82,13800,39.85,D
sh600584,长电科技,2025-10-21 09:34:39,39.83,31400,39.82,U
sh600584,长电科技,2025-10-21 09:34:42,39.82,13700,39.83,D
sh600584,长电科技,2025-10-21 09:34:45,39.84,8100,39.82,U
sh600584,长电科技,2025-10-21 09:34:48,39.84,18500,39.84,U
sh600584,长电科技,2025-10-21 09:34:51,39.84,8100,39.84,U
sh600584,长电科技,2025-10-21 09:34:54,39.84,5600,39.84,U
sh600584,长电科技,2025-10-21 09:34:57,39.85,22100,39.84,U
sh600584,长电科技,2025-10-21 09:35:03,39.85,18300,39.85,U
sh600584,长电科技,2025-10-21 09:35:06,39.84,33100,39.85,D
sh600584,长电科技,2025-10-21 09:35:09,39.8,21800,39.84,D
sh600584,长电科技,2025-10-21 09:35:12,39.79,31000,39.8,D
sh600584,长电科技,2025-10-21 09:35:15,39.76,24300,39.79,D
sh600584,长电科技,2025-10-21 09:35:18,39.72,53100,39.76,D
sh600584,长电科技,2025-10-21 09:35:21,39.7,52800,39.72,D
sh600584,长电科技,2025-10-21 09:35:24,39.68,46500,39.7,D
sh600584,长电科技,2025-10-21 09:35:27,39.68,33800,39.68,D
sh600584,长电科技,2025-10-21 09:35:30,39.7,51300,39.68,E
sh600584,长电科技,2025-10-21 09:35:33,39.7,21800,39.7,D
sh600584,长电科技,2025-10-21 09:35:36,39.71,17300,39.7,E
sh600584,长电科技,2025-10-21 09:35:39,39.68,26900,39.71,D
sh600584,长电科技,2025-10-21 09:35:42,39.7,14900,39.68,U
sh600584,长电科技,2025-10-21 09:35:45,39.69,32200,39.7,E
sh600584,长电科技,2025-10-21 09:35:51,39.68,50300,39.69,D
sh600584,长电科技,2025-10-21 09:35:54,39.63,138600,39.68,D
sh600584,长电科技,2025-10-21 09:35:57,39.62,18700,39.63,D
sh600584,长电科技,2025-10-21 09:36:00,39.62,22100,39.62,E
sh600584,长电科技,2025-10-21 09:36:03,39.59,103500,39.62,D
sh600584,长电科技,2025-10-21 09:36:06,39.6,45000,39.59,U
sh600584,长电科技,2025-10-21 09:36:09,39.59,9000,39.6,D
sh600584,长电科技,2025-10-21 09:36:12,39.64,93900,39.59,U
sh600584,长电科技,2025-10-21 09:36:15,39.65,15200,39.64,U
sh600584,长电科技,2025-10-21 09:36:18,39.66,16000,39.65,U
sh600584,长电科技,2025-10-21 09:36:21,39.67,10000,39.66,U
sh600584,长电科技,2025-10-21 09:36:24,39.66,9500,39.67,D
sh600584,长电科技,2025-10-21 09:36:27,39.65,18000,39.66,D
sh600584,长电科技,2025-10-21 09:36:30,39.68,44100,39.65,U
sh600584,长电科技,2025-10-21 09:36:33,39.67,23200,39.68,D
sh600584,长电科技,2025-10-21 09:36:36,39.67,24000,39.67,D
sh600584,长电科技,2025-10-21 09:36:39,39.72,24000,39.67,E
sh600584,长电科技,2025-10-21 09:36:42,39.81,23800,39.72,U
sh600584,长电科技,2025-10-21 09:36:48,39.83,18300,39.79,U
sh600584,长电科技,2025-10-21 09:36:51,39.85,18000,39.83,U
sh600584,长电科技,2025-10-21 09:36:54,39.84,10900,39.85,U
sh600584,长电科技,2025-10-21 09:36:57,39.88,29600,39.84,U
sh600584,长电科技,2025-10-21 09:37:00,39.88,10600,39.88,U
sh600584,长电科技,2025-10-21 09:37:03,39.88,17300,39.88,U
sh600584,长电科技,2025-10-21 09:37:06,39.87,99664,39.88,D
sh600584,长电科技,2025-10-21 09:37:09,39.87,19000,39.87,E
sh600584,长电科技,2025-10-21 09:37:12,39.86,30200,39.87,D
sh600584,长电科技,2025-10-21 09:37:15,39.85,9700,39.86,D
sh600584,长电科技,2025-10-21 09:37:21,39.85,19100,39.85,U
sh600584,长电科技,2025-10-21 09:37:24,39.84,13300,39.85,D
sh600584,长电科技,2025-10-21 09:37:27,39.84,7200,39.84,U
sh600584,长电科技,2025-10-21 09:37:33,39.81,11500,39.83,D
sh600584,长电科技,2025-10-21 09:37:36,39.8,8900,39.81,D
sh600584,长电科技,2025-10-21 09:37:39,39.8,32945,39.8,U
sh600584,长电科技,2025-10-21 09:37:42,39.79,6300,39.8,D
sh600584,长电科技,2025-10-21 09:37:45,39.75,26000,39.79,D
sh600584,长电科技,2025-10-21 09:37:48,39.79,11200,39.75,U
sh600584,长电科技,2025-10-21 09:37:51,39.8,5800,39.79,U
sh600584,长电科技,2025-10-21 09:37:54,39.8,52800,39.8,U
sh600584,长电科技,2025-10-21 09:37:57,39.81,11300,39.8,E
sh600584,长电科技,2025-10-21 09:38:00,39.8,8100,39.81,D
sh600584,长电科技,2025-10-21 09:38:03,39.83,12500,39.8,U
sh600584,长电科技,2025-10-21 09:38:06,39.85,47100,39.83,U
sh600584,长电科技,2025-10-21 09:38:12,39.84,15700,39.85,D
sh600584,长电科技,2025-10-21 09:38:18,39.84,46600,39.85,D
sh600584,长电科技,2025-10-21 09:38:21,39.86,32300,39.84,U
sh600584,长电科技,2025-10-21 09:38:24,39.86,14700,39.86,D
sh600584,长电科技,2025-10-21 09:38:27,39.88,12200,39.86,U
sh600584,长电科技,2025-10-21 09:38:30,39.88,12100,39.88,D
sh600584,长电科技,2025-10-21 09:38:33,39.89,33400,39.88,U
sh600584,长电科技,2025-10-21 09:38:36,39.9,11800,39.89,U
sh600584,长电科技,2025-10-21 09:38:39,39.9,9200,39.9,D
sh600584,长电科技,2025-10-21 09:38:42,39.91,6400,39.9,U
sh600584,长电科技,2025-10-21 09:38:45,39.91,7300,39.91,D
sh600584,长电科技,2025-10-21 09:38:48,39.92,12900,39.91,U
sh600584,长电科技,2025-10-21 09:38:51,39.92,20400,39.92,U
sh600584,长电科技,2025-10-21 09:38:54,39.93,7500,39.92,U
sh600584,长电科技,2025-10-21 09:38:57,39.93,25400,39.93,U
sh600584,长电科技,2025-10-21 09:39:00,39.93,12800,39.93,D
sh600584,长电科技,2025-10-21 09:39:03,39.94,14900,39.93,U
sh600584,长电科技,2025-10-21 09:39:09,39.94,18500,39.94,D
sh600584,长电科技,2025-10-21 09:39:12,39.94,66500,39.94,D
sh600584,长电科技,2025-10-21 09:39:15,39.93,20100,39.94,D
sh600584,长电科技,2025-10-21 09:39:18,39.95,34200,39.93,U
sh600584,长电科技,2025-10-21 09:39:21,39.93,30800,39.95,D
sh600584,长电科技,2025-10-21 09:39:24,39.94,31200,39.93,U
sh600584,长电科技,2025-10-21 09:39:27,39.93,8600,39.94,D
sh600584,长电科技,2025-10-21 09:39:30,39.95,23000,39.93,U
sh600584,长电科技,2025-10-21 09:39:33,39.93,51300,39.95,D
sh600584,长电科技,2025-10-21 09:39:36,39.93,40200,39.93,U
sh600584,长电科技,2025-10-21 09:39:39,39.92,18900,39.93,U
sh600584,长电科技,2025-10-21 09:39:42,39.91,34000,39.92,D
sh600584,长电科技,2025-10-21 09:39:45,39.9,55200,39.91,D
sh600584,长电科技,2025-10-21 09:39:48,39.87,76200,39.9,D
sh600584,长电科技,2025-10-21 09:39:51,39.83,61100,39.87,D
sh600584,长电科技,2025-10-21 09:39:54,39.86,15300,39.83,U
sh600584,长电科技,2025-10-21 09:39:57,39.83,20500,39.86,D
sh600584,长电科技,2025-10-21 09:40:00,39.77,60600,39.83,D
sh600584,长电科技,2025-10-21 09:40:03,39.75,24600,39.77,D
sh600584,长电科技,2025-10-21 09:40:06,39.79,13700,39.75,U
sh600584,长电科技,2025-10-21 09:40:12,39.78,7600,39.76,U
sh600584,长电科技,2025-10-21 09:40:15,39.75,8200,39.78,D
sh600584,长电科技,2025-10-21 09:40:21,39.77,10400,39.79,D
sh600584,长电科技,2025-10-21 09:40:24,39.77,10700,39.77,U
sh600584,长电科技,2025-10-21 09:40:27,39.76,9000,39.77,D
sh600584,长电科技,2025-10-21 09:40:30,39.77,10200,39.76,U
sh600584,长电科技,2025-10-21 09:40:36,39.76,26700,39.77,D
sh600584,长电科技,2025-10-21 09:40:39,39.76,9800,39.76,D
sh600584,长电科技,2025-10-21 09:40:42,39.76,8900,39.76,D
sh600584,长电科技,2025-10-21 09:40:45,39.76,18600,39.76,D
sh600584,长电科技,2025-10-21 09:40:48,39.76,21000,39.76,D
sh600584,长电科技,2025-10-21 09:40:51,39.76,8400,39.76,E
sh600584,长电科技,2025-10-21 09:40:57,39.74,12100,39.75,D
sh600584,长电科技,2025-10-21 09:41:00,39.76,12200,39.74,U
sh600584,长电科技,2025-10-21 09:41:03,39.75,22500,39.76,D
sh600584,长电科技,2025-10-21 09:41:06,39.74,13200,39.75,D
sh600584,长电科技,2025-10-21 09:41:09,39.73,29100,39.74,D
sh600584,长电科技,2025-10-21 09:41:12,39.75,12300,39.73,U
sh600584,长电科技,2025-10-21 09:41:15,39.74,9400,39.75,D
sh600584,长电科技,2025-10-21 09:41:21,39.73,24600,39.75,D
sh600584,长电科技,2025-10-21 09:41:24,39.74,9900,39.73,D
sh600584,长电科技,2025-10-21 09:41:27,39.75,10100,39.74,E
sh600584,长电科技,2025-10-21 09:41:30,39.76,9900,39.75,U
sh600584,长电科技,2025-10-21 09:41:33,39.79,18600,39.76,U
sh600584,长电科技,2025-10-21 09:41:36,39.8,17000,39.79,U
sh600584,长电科技,2025-10-21 09:41:39,39.8,7800,39.8,U
sh600584,长电科技,2025-10-21 09:41:42,39.8,28200,39.8,U
sh600584,长电科技,2025-10-21 09:41:45,39.79,12200,39.8,D
sh600584,长电科技,2025-10-21 09:41:48,39.8,5800,39.79,U
sh600584,长电科技,2025-10-21 09:41:51,39.79,5400,39.8,U
sh600584,长电科技,2025-10-21 09:41:54,39.78,14000,39.79,D
sh600584,长电科技,2025-10-21 09:41:57,39.79,21100,39.78,U
sh600584,长电科技,2025-10-21 09:42:03,39.8,37500,39.79,U
sh600584,长电科技,2025-10-21 09:42:06,39.8,11500,39.8,U
sh600584,长电科技,2025-10-21 09:42:09,39.79,14500,39.8,D
sh600584,长电科技,2025-10-21 09:42:12,39.79,32500,39.79,D
sh600584,长电科技,2025-10-21 09:42:15,39.78,10700,39.79,E
sh600584,长电科技,2025-10-21 09:42:21,39.78,7200,39.76,D
sh600584,长电科技,2025-10-21 09:42:24,39.76,17200,39.78,D
sh600584,长电科技,2025-10-21 09:42:27,39.76,8700,39.76,D
sh600584,长电科技,2025-10-21 09:42:36,39.75,12300,39.76,D
sh600584,长电科技,2025-10-21 09:42:39,39.75,28600,39.75,D
sh600584,长电科技,2025-10-21 09:42:42,39.75,26600,39.75,D
sh600584,长电科技,2025-10-21 09:42:45,39.74,28500,39.75,D
sh600584,长电科技,2025-10-21 09:42:48,39.74,47900,39.74,E
sh600584,长电科技,2025-10-21 09:42:51,39.73,5600,39.74,D
sh600584,长电科技,2025-10-21 09:42:54,39.73,7500,39.73,D
sh600584,长电科技,2025-10-21 09:42:57,39.73,10000,39.73,D
sh600584,长电科技,2025-10-21 09:43:03,39.72,16000,39.73,D
sh600584,长电科技,2025-10-21 09:43:06,39.72,9400,39.72,D
sh600584,长电科技,2025-10-21 09:43:09,39.76,61000,39.72,U
sh600584,长电科技,2025-10-21 09:43:12,39.79,18200,39.76,U
sh600584,长电科技,2025-10-21 09:43:15,39.8,39200,39.79,U
sh600584,长电科技,2025-10-21 09:43:18,39.83,11000,39.8,U
sh600584,长电科技,2025-10-21 09:43:21,39.87,9700,39.83,U
sh600584,长电科技,2025-10-21 09:43:27,39.85,28400,39.88,D
sh600584,长电科技,2025-10-21 09:43:30,39.9,5600,39.85,U
sh600584,长电科技,2025-10-21 09:43:39,39.89,11700,39.9,E
sh600584,长电科技,2025-10-21 09:43:42,39.88,29000,39.89,D
sh600584,长电科技,2025-10-21 09:43:45,39.88,7800,39.88,E
sh600584,长电科技,2025-10-21 09:43:54,39.85,5800,39.85,D
sh600584,长电科技,2025-10-21 09:43:57,39.87,8400,39.85,U
sh600584,长电科技,2025-10-21 09:44:00,39.86,5600,39.87,E
sh600584,长电科技,2025-10-21 09:44:06,39.87,45700,39.87,U
sh600584,长电科技,2025-10-21 09:44:09,39.89,10200,39.87,E
sh600584,长电科技,2025-10-21 09:44:12,39.89,14800,39.89,U
sh600584,长电科技,2025-10-21 09:44:15,39.89,89700,39.89,E
sh600584,长电科技,2025-10-21 09:44:21,39.9,22900,39.9,D
sh600584,长电科技,2025-10-21 09:44:24,39.94,9600,39.9,U
sh600584,长电科技,2025-10-21 09:44:27,39.95,86200,39.94,U
sh600584,长电科技,2025-10-21 09:44:30,39.94,39600,39.95,D
sh600584,长电科技,2025-10-21 09:44:33,39.95,12200,39.94,E
sh600584,长电科技,2025-10-21 09:44:36,39.95,23000,39.95,U
sh600584,长电科技,2025-10-21 09:44:39,39.95,21500,39.95,D
sh600584,长电科技,2025-10-21 09:44:42,39.94,22000,39.95,D
sh600584,长电科技,2025-10-21 09:44:45,39.91,21800,39.94,D
sh600584,长电科技,2025-10-21 09:44:48,39.94,7000,39.91,U
sh600584,长电科技,2025-10-21 09:44:51,39.94,21900,39.94,U
sh600584,长电科技,2025-10-21 09:44:54,39.91,11700,39.94,D
sh600584,长电科技,2025-10-21 09:45:00,39.92,8300,39.94,D
sh600584,长电科技,2025-10-21 09:45:03,39.94,74200,39.92,U
sh600584,长电科技,2025-10-21 09:45:06,39.97,33100,39.94,U
sh600584,长电科技,2025-10-21 09:45:09,40.07,276100,39.97,U
sh600584,长电科技,2025-10-21 09:45:12,40.08,12600,40.07,U
sh600584,长电科技,2025-10-21 09:45:18,40.08,16900,40.07,U
sh600584,长电科技,2025-10-21 09:45:21,40.08,12600,40.08,D
sh600584,长电科技,2025-10-21 09:45:24,40.1,21400,40.08,U
sh600584,长电科技,2025-10-21 09:45:27,40.1,25200,40.1,U
sh600584,长电科技,2025-10-21 09:45:30,40.1,19800,40.1,D
sh600584,长电科技,2025-10-21 09:45:33,40.1,37200,40.1,D
sh600584,长电科技,2025-10-21 09:45:36,40.1,63300,40.1,D
sh600584,长电科技,2025-10-21 09:45:39,40.07,54600,40.1,D
sh600584,长电科技,2025-10-21 09:45:42,40.07,15800,40.07,U
sh600584,长电科技,2025-10-21 09:45:45,40.07,15100,40.07,U
sh600584,长电科技,2025-10-21 09:45:48,40.05,11100,40.07,E
sh600584,长电科技,2025-10-21 09:45:51,40.06,21500,40.05,U
sh600584,长电科技,2025-10-21 09:45:54,40.06,30500,40.06,D
sh600584,长电科技,2025-10-21 09:45:57,40.03,10500,40.06,D
sh600584,长电科技,2025-10-21 09:46:00,40.02,10200,40.03,D
sh600584,长电科技,2025-10-21 09:46:03,40.02,20000,40.02,U
sh600584,长电科技,2025-10-21 09:46:06,40.01,40900,40.02,D
sh600584,长电科技,2025-10-21 09:46:09,40.0,31300,40.01,D
sh600584,长电科技,2025-10-21 09:46:12,40.0,6800,40.0,U
sh600584,长电科技,2025-10-21 09:46:15,40.0,16900,40.0,U
sh600584,长电科技,2025-10-21 09:46:18,39.97,11500,40.0,E
sh600584,长电科技,2025-10-21 09:46:21,39.98,11900,39.97,U
sh600584,长电科技,2025-10-21 09:46:24,39.93,16600,39.98,D
sh600584,长电科技,2025-10-21 09:46:27,39.97,6700,39.93,E
sh600584,长电科技,2025-10-21 09:46:30,39.93,17800,39.97,D
sh600584,长电科技,2025-10-21 09:46:36,39.97,15400,39.97,U
sh600584,长电科技,2025-10-21 09:46:39,39.97,9100,39.97,D
sh600584,长电科技,2025-10-21 09:46:42,39.98,18600,39.97,U
sh600584,长电科技,2025-10-21 09:46:45,39.99,10000,39.98,E
sh600584,长电科技,2025-10-21 09:46:48,39.98,34900,39.99,D
sh600584,长电科技,2025-10-21 09:46:51,40.0,63700,39.98,U
sh600584,长电科技,2025-10-21 09:46:57,40.04,13700,40.04,D
sh600584,长电科技,2025-10-21 09:47:00,40.04,15800,40.04,U
sh600584,长电科技,2025-10-21 09:47:03,40.04,7600,40.04,U
sh600584,长电科技,2025-10-21 09:47:09,40.05,31100,40.05,U
sh600584,长电科技,2025-10-21 09:47:12,40.05,32200,40.05,U
sh600584,长电科技,2025-10-21 09:47:15,40.08,24300,40.05,U
sh600584,长电科技,2025-10-21 09:47:18,40.07,6300,40.08,D
sh600584,长电科技,2025-10-21 09:47:21,40.08,49100,40.07,E
sh600584,长电科技,2025-10-21 09:47:24,40.07,24000,40.08,D
sh600584,长电科技,2025-10-21 09:47:27,40.09,20000,40.07,U
sh600584,长电科技,2025-10-21 09:47:30,40.1,15400,40.09,U
sh600584,长电科技,2025-10-21 09:47:33,40.14,144600,40.1,U
sh600584,长电科技,2025-10-21 09:47:36,40.15,26100,40.14,U
sh600584,长电科技,2025-10-21 09:47:39,40.15,31100,40.15,U
sh600584,长电科技,2025-10-21 09:47:42,40.15,23000,40.15,U
sh600584,长电科技,2025-10-21 09:47:45,40.15,13900,40.15,U
sh600584,长电科技,2025-10-21 09:47:48,40.15,38500,40.15,E
sh600584,长电科技,2025-10-21 09:47:51,40.16,23400,40.15,U
sh600584,长电科技,2025-10-21 09:47:54,40.16,27800,40.16,U
sh600584,长电科技,2025-10-21 09:47:57,40.16,42300,40.16,D
sh600584,长电科技,2025-10-21 09:48:00,40.17,42400,40.16,U
sh600584,长电科技,2025-10-21 09:48:03,40.17,34400,40.17,U
sh600584,长电科技,2025-10-21 09:48:06,40.19,84400,40.17,U
sh600584,长电科技,2025-10-21 09:48:09,40.19,26300,40.19,U
sh600584,长电科技,2025-10-21 09:48:12,40.19,24600,40.19,U
sh600584,长电科技,2025-10-21 09:48:15,40.19,23400,40.19,U
sh600584,长电科技,2025-10-21 09:48:18,40.19,16600,40.19,U
sh600584,长电科技,2025-10-21 09:48:21,40.18,48900,40.19,D
sh600584,长电科技,2025-10-21 09:48:24,40.15,23500,40.18,D
sh600584,长电科技,2025-10-21 09:48:27,40.15,7700,40.15,U
sh600584,长电科技,2025-10-21 09:48:30,40.14,20500,40.15,U
sh600584,长电科技,2025-10-21 09:48:33,40.12,5600,40.14,E
sh600584,长电科技,2025-10-21 09:48:36,40.12,29700,40.12,U
sh600584,长电科技,2025-10-21 09:48:39,40.11,42200,40.12,D
sh600584,长电科技,2025-10-21 09:48:42,40.19,172800,40.11,U
sh600584,长电科技,2025-10-21 09:48:45,40.19,15000,40.19,D
sh600584,长电科技,2025-10-21 09:48:48,40.2,19200,40.19,U
sh600584,长电科技,2025-10-21 09:48:51,40.2,18100,40.2,U
sh600584,长电科技,2025-10-21 09:48:54,40.19,20600,40.2,D
sh600584,长电科技,2025-10-21 09:48:57,40.15,17200,40.19,D
sh600584,长电科技,2025-10-21 09:49:00,40.17,120600,40.15,E
sh600584,长电科技,2025-10-21 09:49:03,40.19,16400,40.17,U
sh600584,长电科技,2025-10-21 09:49:06,40.19,47200,40.19,U
sh600584,长电科技,2025-10-21 09:49:09,40.22,70200,40.19,U
sh600584,长电科技,2025-10-21 09:49:12,40.22,50400,40.22,D
sh600584,长电科技,2025-10-21 09:49:15,40.22,17200,40.22,D
sh600584,长电科技,2025-10-21 09:49:18,40.22,13700,40.22,U
sh600584,长电科技,2025-10-21 09:49:21,40.23,20300,40.22,U
sh600584,长电科技,2025-10-21 09:49:24,40.22,22000,40.23,D
sh600584,长电科技,2025-10-21 09:49:27,40.25,81900,40.22,U
sh600584,长电科技,2025-10-21 09:49:30,40.25,14200,40.25,D
sh600584,长电科技,2025-10-21 09:49:33,40.23,58700,40.25,D
sh600584,长电科技,2025-10-21 09:49:36,40.25,12800,40.23,E
sh600584,长电科技,2025-10-21 09:49:39,40.2,52300,40.25,D
sh600584,长电科技,2025-10-21 09:49:42,40.23,16100,40.2,U
sh600584,长电科技,2025-10-21 09:49:45,40.23,6100,40.23,U
sh600584,长电科技,2025-10-21 09:49:48,40.23,13000,40.23,U
sh600584,长电科技,2025-10-21 09:49:51,40.23,35800,40.23,D
sh600584,长电科技,2025-10-21 09:49:54,40.25,24600,40.23,U
sh600584,长电科技,2025-10-21 09:49:57,40.24,62400,40.25,E
sh600584,长电科技,2025-10-21 09:50:00,40.24,21800,40.24,U
sh600584,长电科技,2025-10-21 09:50:03,40.24,11300,40.24,D
sh600584,长电科技,2025-10-21 09:50:06,40.26,61700,40.24,U
sh600584,长电科技,2025-10-21 09:50:09,40.29,119100,40.26,U
sh600584,长电科技,2025-10-21 09:50:12,40.29,57400,40.29,D
sh600584,长电科技,2025-10-21 09:50:15,40.31,8200,40.29,U
sh600584,长电科技,2025-10-21 09:50:18,40.31,28500,40.31,U
sh600584,长电科技,2025-10-21 09:50:21,40.32,42500,40.31,U
sh600584,长电科技,2025-10-21 09:50:24,40.33,16700,40.32,E
sh600584,长电科技,2025-10-21 09:50:27,40.3,75000,40.33,D
sh600584,长电科技,2025-10-21 09:50:30,40.33,18700,40.3,E
sh600584,长电科技,2025-10-21 09:50:33,40.33,24100,40.33,D
sh600584,长电科技,2025-10-21 09:50:36,40.35,22100,40.33,U
sh600584,长电科技,2025-10-21 09:50:39,40.35,91000,40.35,U
sh600584,长电科技,2025-10-21 09:50:42,40.34,54700,40.35,D
sh600584,长电科技,2025-10-21 09:50:45,40.35,32900,40.34,U
sh600584,长电科技,2025-10-21 09:50:48,40.35,17800,40.35,U
sh600584,长电科技,2025-10-21 09:50:51,40.34,13800,40.35,D
sh600584,长电科技,2025-10-21 09:50:54,40.35,27100,40.34,U
sh600584,长电科技,2025-10-21 09:50:57,40.36,49200,40.35,U
sh600584,长电科技,2025-10-21 09:51:00,40.37,147100,40.36,U
sh600584,长电科技,2025-10-21 09:51:03,40.37,93600,40.37,U
sh600584,长电科技,2025-10-21 09:51:06,40.39,20100,40.37,U
sh600584,长电科技,2025-10-21 09:51:09,40.39,13700,40.39,U
sh600584,长电科技,2025-10-21 09:51:12,40.39,20000,40.39,D
sh600584,长电科技,2025-10-21 09:51:15,40.41,72100,40.39,U
sh600584,长电科技,2025-10-21 09:51:18,40.41,29884,40.41,U
sh600584,长电科技,2025-10-21 09:51:21,40.41,24600,40.41,D
sh600584,长电科技,2025-10-21 09:51:24,40.43,16800,40.41,U
sh600584,长电科技,2025-10-21 09:51:27,40.41,109116,40.43,D
sh600584,长电科技,2025-10-21 09:51:30,40.39,54300,40.41,E
sh600584,长电科技,2025-10-21 09:51:33,40.39,32400,40.39,U
sh600584,长电科技,2025-10-21 09:51:36,40.4,27700,40.39,U
sh600584,长电科技,2025-10-21 09:51:39,40.4,28300,40.4,U
sh600584,长电科技,2025-10-21 09:51:42,40.42,118300,40.4,U
sh600584,长电科技,2025-10-21 09:51:45,40.4,36400,40.42,D
sh600584,长电科技,2025-10-21 09:51:48,40.4,39300,40.4,D
sh600584,长电科技,2025-10-21 09:51:51,40.4,98400,40.4,D
sh600584,长电科技,2025-10-21 09:51:54,40.36,30800,40.4,D
sh600584,长电科技,2025-10-21 09:51:57,40.37,25100,40.36,U
sh600584,长电科技,2025-10-21 09:52:00,40.36,42300,40.37,D
sh600584,长电科技,2025-10-21 09:52:03,40.35,63400,40.36,D
sh600584,长电科技,2025-10-21 09:52:06,40.33,28100,40.35,D
sh600584,长电科技,2025-10-21 09:52:09,40.32,7800,40.33,D
sh600584,长电科技,2025-10-21 09:52:12,40.26,50400,40.32,D
sh600584,长电科技,2025-10-21 09:52:15,40.25,64500,40.26,D
sh600584,长电科技,2025-10-21 09:52:18,40.25,34300,40.25,U
sh600584,长电科技,2025-10-21 09:52:21,40.21,8800,40.25,D
sh600584,长电科技,2025-10-21 09:52:24,40.21,16400,40.21,D
sh600584,长电科技,2025-10-21 09:52:27,40.21,70700,40.21,D
sh600584,长电科技,2025-10-21 09:52:30,40.21,28600,40.21,U
sh600584,长电科技,2025-10-21 09:52:33,40.21,37500,40.21,U
sh600584,长电科技,2025-10-21 09:52:36,40.22,17300,40.21,E
sh600584,长电科技,2025-10-21 09:52:39,40.24,17600,40.22,E
sh600584,长电科技,2025-10-21 09:52:42,40.24,19500,40.24,D
sh600584,长电科技,2025-10-21 09:52:45,40.23,14300,40.24,D
sh600584,长电科技,2025-10-21 09:52:48,40.24,6500,40.23,U
sh600584,长电科技,2025-10-21 09:52:51,40.25,21300,40.24,U
sh600584,长电科技,2025-10-21 09:52:54,40.26,11200,40.25,U
sh600584,长电科技,2025-10-21 09:52:57,40.28,7700,40.26,U
sh600584,长电科技,2025-10-21 09:53:00,40.25,20000,40.28,D
sh600584,长电科技,2025-10-21 09:53:03,40.25,10500,40.25,D
sh600584,长电科技,2025-10-21 09:53:06,40.25,20600,40.25,D
sh600584,长电科技,2025-10-21 09:53:09,40.26,20200,40.25,U
sh600584,长电科技,2025-10-21 09:53:12,40.25,32300,40.26,D
sh600584,长电科技,2025-10-21 09:53:15,40.25,13300,40.25,U
sh600584,长电科技,2025-10-21 09:53:18,40.25,45600,40.25,U
sh600584,长电科技,2025-10-21 09:53:21,40.26,22800,40.25,U
sh600584,长电科技,2025-10-21 09:53:24,40.28,11400,40.26,U
sh600584,长电科技,2025-10-21 09:53:27,40.3,8600,40.28,U
sh600584,长电科技,2025-10-21 09:53:30,40.28,9400,40.3,E
sh600584,长电科技,2025-10-21 09:53:33,40.28,10800,40.28,U
sh600584,长电科技,2025-10-21 09:53:36,40.28,9300,40.28,U
sh600584,长电科技,2025-10-21 09:53:39,40.27,30100,40.28,D
sh600584,长电科技,2025-10-21 09:53:42,40.28,7900,40.27,E
sh600584,长电科技,2025-10-21 09:53:45,40.3,12600,40.28,U
sh600584,长电科技,2025-10-21 09:53:48,40.29,12500,40.3,D
sh600584,长电科技,2025-10-21 09:53:51,40.3,9200,40.29,U
sh600584,长电科技,2025-10-21 09:53:54,40.33,94100,40.3,U
sh600584,长电科技,2025-10-21 09:53:57,40.32,8500,40.33,D
sh600584,长电科技,2025-10-21 09:54:00,40.32,8300,40.32,D
sh600584,长电科技,2025-10-21 09:54:03,40.33,6300,40.32,U
sh600584,长电科技,2025-10-21 09:54:06,40.33,8500,40.33,D
sh600584,长电科技,2025-10-21 09:54:09,40.33,20400,40.33,D
sh600584,长电科技,2025-10-21 09:54:12,40.35,11200,40.33,U
sh600584,长电科技,2025-10-21 09:54:15,40.35,7700,40.35,U
sh600584,长电科技,2025-10-21 09:54:18,40.32,77300,40.35,D
sh600584,长电科技,2025-10-21 09:54:21,40.32,50800,40.32,U
sh600584,长电科技,2025-10-21 09:54:27,40.32,22600,40.32,U
sh600584,长电科技,2025-10-21 09:54:30,40.3,16300,40.32,D
sh600584,长电科技,2025-10-21 09:54:33,40.3,32200,40.3,D
sh600584,长电科技,2025-10-21 09:54:36,40.31,14200,40.3,U
sh600584,长电科技,2025-10-21 09:54:39,40.28,56600,40.31,D
sh600584,长电科技,2025-10-21 09:54:42,40.27,33800,40.28,D
sh600584,长电科技,2025-10-21 09:54:45,40.27,14600,40.27,D
sh600584,长电科技,2025-10-21 09:54:48,40.25,48600,40.27,D
sh600584,长电科技,2025-10-21 09:54:51,40.24,29900,40.25,D
sh600584,长电科技,2025-10-21 09:54:54,40.22,11200,40.24,D
sh600584,长电科技,2025-10-21 09:54:57,40.22,21000,40.22,D
sh600584,长电科技,2025-10-21 09:55:00,40.21,12200,40.22,D
sh600584,长电科技,2025-10-21 09:55:03,40.17,79800,40.21,D
sh600584,长电科技,2025-10-21 09:55:06,40.16,9700,40.17,D
sh600584,长电科技,2025-10-21 09:55:09,40.15,10800,40.16,D
sh600584,长电科技,2025-10-21 09:55:12,40.15,14300,40.15,D
sh600584,长电科技,2025-10-21 09:55:15,40.14,20000,40.15,E
sh600584,长电科技,2025-10-21 09:55:18,40.15,17200,40.14,U
sh600584,长电科技,2025-10-21 09:55:21,40.13,20000,40.15,E
sh600584,长电科技,2025-10-21 09:55:24,40.12,16300,40.13,E
sh600584,长电科技,2025-10-21 09:55:27,40.11,25300,40.12,D
sh600584,长电科技,2025-10-21 09:55:30,40.11,28500,40.11,U
sh600584,长电科技,2025-10-21 09:55:33,40.1,25200,40.11,D
sh600584,长电科技,2025-10-21 09:55:36,40.1,22900,40.1,D
sh600584,长电科技,2025-10-21 09:55:39,40.12,28900,40.1,U
sh600584,长电科技,2025-10-21 09:55:42,40.11,13900,40.12,D
sh600584,长电科技,2025-10-21 09:55:45,40.12,18600,40.11,U
sh600584,长电科技,2025-10-21 09:55:48,40.12,9200,40.12,U
sh600584,长电科技,2025-10-21 09:55:51,40.13,11300,40.12,U
sh600584,长电科技,2025-10-21 09:55:54,40.13,10600,40.13,D
sh600584,长电科技,2025-10-21 09:55:57,40.15,13000,40.13,U
sh600584,长电科技,2025-10-21 09:56:00,40.13,39300,40.15,D
sh600584,长电科技,2025-10-21 09:56:03,40.14,18900,40.13,U
sh600584,长电科技,2025-10-21 09:56:06,40.15,16400,40.14,U
sh600584,长电科技,2025-10-21 09:56:09,40.15,21100,40.15,U
sh600584,长电科技,2025-10-21 09:56:12,40.16,5300,40.15,U
sh600584,长电科技,2025-10-21 09:56:15,40.17,18100,40.16,U
sh600584,长电科技,2025-10-21 09:56:18,40.17,17800,40.17,D
sh600584,长电科技,2025-10-21 09:56:24,40.19,12800,40.17,U
sh600584,长电科技,2025-10-21 09:56:27,40.14,79600,40.19,D
sh600584,长电科技,2025-10-21 09:56:30,40.14,17900,40.14,U
sh600584,长电科技,2025-10-21 09:56:33,40.14,44300,40.14,U
sh600584,长电科技,2025-10-21 09:56:36,40.14,9000,40.14,U
sh600584,长电科技,2025-10-21 09:56:39,40.1,36900,40.14,D
sh600584,长电科技,2025-10-21 09:56:42,40.13,12500,40.1,D
sh600584,长电科技,2025-10-21 09:56:45,40.11,35000,40.13,D
sh600584,长电科技,2025-10-21 09:56:48,40.11,62400,40.11,D
sh600584,长电科技,2025-10-21 09:56:51,40.12,5600,40.11,U
sh600584,长电科技,2025-10-21 09:56:54,40.13,8700,40.12,U
sh600584,长电科技,2025-10-21 09:56:57,40.11,29400,40.13,D
sh600584,长电科技,2025-10-21 09:57:00,40.13,14500,40.11,U
sh600584,长电科技,2025-10-21 09:57:03,40.11,12700,40.13,E
sh600584,长电科技,2025-10-21 09:57:06,40.11,78100,40.11,D
sh600584,长电科技,2025-10-21 09:57:09,40.11,48000,40.11,D
sh600584,长电科技,2025-10-21 09:57:12,40.09,33900,40.11,D
sh600584,长电科技,2025-10-21 09:57:15,40.08,48800,40.09,D
sh600584,长电科技,2025-10-21 09:57:18,40.03,74900,40.08,D
sh600584,长电科技,2025-10-21 09:57:21,40.02,44500,40.03,D
sh600584,长电科技,2025-10-21 09:57:24,40.03,27400,40.02,U
sh600584,长电科技,2025-10-21 09:57:27,40.04,10600,40.03,U
sh600584,长电科技,2025-10-21 09:57:30,40.05,13100,40.04,U
sh600584,长电科技,2025-10-21 09:57:33,40.06,59800,40.05,U
sh600584,长电科技,2025-10-21 09:57:42,40.08,9700,40.06,E
sh600584,长电科技,2025-10-21 09:57:45,40.1,8400,40.08,U
sh600584,长电科技,2025-10-21 09:57:48,40.1,8300,40.1,U
sh600584,长电科技,2025-10-21 09:57:51,40.1,6100,40.1,D
sh600584,长电科技,2025-10-21 09:57:54,40.1,8400,40.1,D
sh600584,长电科技,2025-10-21 09:58:03,40.13,17300,40.11,U
sh600584,长电科技,2025-10-21 09:58:06,40.1,7300,40.13,D
sh600584,长电科技,2025-10-21 09:58:09,40.11,12900,40.1,U
sh600584,长电科技,2025-10-21 09:58:12,40.13,10000,40.11,U
sh600584,长电科技,2025-10-21 09:58:15,40.12,15100,40.13,E
sh600584,长电科技,2025-10-21 09:58:18,40.11,13900,40.12,D
sh600584,长电科技,2025-10-21 09:58:21,40.13,71300,40.11,U
sh600584,长电科技,2025-10-21 09:58:27,40.14,13000,40.14,U
sh600584,长电科技,2025-10-21 09:58:30,40.15,7600,40.14,U
sh600584,长电科技,2025-10-21 09:58:36,40.15,5700,40.15,D
sh600584,长电科技,2025-10-21 09:58:39,40.16,6300,40.15,U
sh600584,长电科技,2025-10-21 09:58:42,40.14,98600,40.16,D
sh600584,长电科技,2025-10-21 09:58:45,40.14,13100,40.14,U
sh600584,长电科技,2025-10-21 09:58:48,40.15,7000,40.14,U
sh600584,长电科技,2025-10-21 09:58:51,40.12,15500,40.15,D
sh600584,长电科技,2025-10-21 09:58:54,40.14,10400,40.12,D
sh600584,长电科技,2025-10-21 09:58:57,40.14,21500,40.14,U
sh600584,长电科技,2025-10-21 09:59:00,40.12,19400,40.14,E
sh600584,长电科技,2025-10-21 09:59:03,40.1,25200,40.12,D
sh600584,长电科技,2025-10-21 09:59:06,40.13,15000,40.1,U
sh600584,长电科技,2025-10-21 09:59:18,40.11,24100,40.12,D
sh600584,长电科技,2025-10-21 09:59:21,40.11,5400,40.11,U
sh600584,长电科技,2025-10-21 09:59:24,40.1,16900,40.11,D
sh600584,长电科技,2025-10-21 09:59:27,40.1,37600,40.1,D
sh600584,长电科技,2025-10-21 09:59:30,40.1,53000,40.1,D
sh600584,长电科技,2025-10-21 09:59:33,40.1,5800,40.1,U
sh600584,长电科技,2025-10-21 09:59:36,40.08,83200,40.1,D
sh600584,长电科技,2025-10-21 09:59:39,40.08,6000,40.08,D
sh600584,长电科技,2025-10-21 09:59:48,40.08,7500,40.08,U
sh600584,长电科技,2025-10-21 09:59:54,40.06,5000,40.07,D
sh600584,长电科技,2025-10-21 09:59:57,40.05,16200,40.06,D
sh600584,长电科技,2025-10-21 10:00:03,40.04,22600,40.05,D
sh600584,长电科技,2025-10-21 10:00:12,40.05,24900,40.04,U
sh600584,长电科技,2025-10-21 10:00:15,40.08,56600,40.05,U
sh600584,长电科技,2025-10-21 10:00:18,40.06,8900,40.08,D
sh600584,长电科技,2025-10-21 10:00:21,40.08,6600,40.06,U
sh600584,长电科技,2025-10-21 10:00:24,40.07,6800,40.08,E
sh600584,长电科技,2025-10-21 10:00:27,40.08,9000,40.07,U
sh600584,长电科技,2025-10-21 10:00:33,40.08,12800,40.08,U
sh600584,长电科技,2025-10-21 10:00:39,40.08,15600,40.09,D
sh600584,长电科技,2025-10-21 10:00:42,40.08,10900,40.08,D
sh600584,长电科技,2025-10-21 10:00:51,40.07,10300,40.08,D
sh600584,长电科技,2025-10-21 10:00:54,40.07,10000,40.07,D
sh600584,长电科技,2025-10-21 10:00:57,40.08,16200,40.07,U
sh600584,长电科技,2025-10-21 10:01:00,40.06,12200,40.08,D
sh600584,长电科技,2025-10-21 10:01:03,40.05,6500,40.06,D
sh600584,长电科技,2025-10-21 10:01:06,40.05,15000,40.05,D
sh600584,长电科技,2025-10-21 10:01:09,40.05,17800,40.05,D
sh600584,长电科技,2025-10-21 10:01:12,40.05,7000,40.05,U
sh600584,长电科技,2025-10-21 10:01:18,40.06,13000,40.05,U
sh600584,长电科技,2025-10-21 10:01:21,40.05,10200,40.06,D
sh600584,长电科技,2025-10-21 10:01:24,40.05,23400,40.05,D
sh600584,长电科技,2025-10-21 10:01:27,40.05,7600,40.05,D
sh600584,长电科技,2025-10-21 10:01:39,40.05,13600,40.05,U
sh600584,长电科技,2025-10-21 10:01:42,40.05,5700,40.05,U
sh600584,长电科技,2025-10-21 10:01:51,40.03,36200,40.05,D
sh600584,长电科技,2025-10-21 10:01:54,40.04,12600,40.03,U
sh600584,长电科技,2025-10-21 10:01:57,40.04,17000,40.04,U
sh600584,长电科技,2025-10-21 10:02:00,40.02,7900,40.04,D
sh600584,长电科技,2025-10-21 10:02:03,40.01,53000,40.02,D
sh600584,长电科技,2025-10-21 10:02:06,40.01,6100,40.01,D
sh600584,长电科技,2025-10-21 10:02:09,40.0,14300,40.01,D
sh600584,长电科技,2025-10-21 10:02:12,39.98,261000,40.0,D
sh600584,长电科技,2025-10-21 10:02:15,40.0,14900,39.98,U
sh600584,长电科技,2025-10-21 10:02:18,39.98,14200,40.0,D
sh600584,长电科技,2025-10-21 10:02:21,39.98,18500,39.98,U
sh600584,长电科技,2025-10-21 10:02:24,39.97,29297,39.98,D
sh600584,长电科技,2025-10-21 10:02:33,39.94,7200,39.95,D
sh600584,长电科技,2025-10-21 10:02:36,39.94,13400,39.94,D
sh600584,长电科技,2025-10-21 10:02:39,39.99,82400,39.94,U
sh600584,长电科技,2025-10-21 10:02:42,39.96,99900,39.99,D
sh600584,长电科技,2025-10-21 10:02:48,39.94,8600,39.96,D
sh600584,长电科技,2025-10-21 10:02:51,39.96,14000,39.94,U
sh600584,长电科技,2025-10-21 10:02:54,39.95,6200,39.96,D
sh600584,长电科技,2025-10-21 10:02:57,39.98,5300,39.95,U
sh600584,长电科技,2025-10-21 10:03:00,39.97,18900,39.98,E
sh600584,长电科技,2025-10-21 10:03:03,39.98,9900,39.97,U
sh600584,长电科技,2025-10-21 10:03:06,39.98,5900,39.98,D
sh600584,长电科技,2025-10-21 10:03:09,39.98,10600,39.98,U
sh600584,长电科技,2025-10-21 10:03:15,40.0,6000,40.0,U
sh600584,长电科技,2025-10-21 10:03:21,39.98,35500,39.99,D
sh600584,长电科技,2025-10-21 10:03:27,39.98,20400,39.98,D
sh600584,长电科技,2025-10-21 10:03:30,39.98,24100,39.98,U
sh600584,长电科技,2025-10-21 10:03:33,39.98,20700,39.98,D
sh600584,长电科技,2025-10-21 10:03:36,39.98,28600,39.98,U
sh600584,长电科技,2025-10-21 10:03:39,39.97,6400,39.98,E
sh600584,长电科技,2025-10-21 10:03:42,39.97,6600,39.97,D
sh600584,长电科技,2025-10-21 10:03:48,39.97,27800,39.97,D
sh600584,长电科技,2025-10-21 10:03:51,39.97,19700,39.97,D
sh600584,长电科技,2025-10-21 10:03:54,39.96,26800,39.97,D
sh600584,长电科技,2025-10-21 10:03:57,39.96,10000,39.96,D
sh600584,长电科技,2025-10-21 10:04:00,39.98,17200,39.96,U
sh600584,长电科技,2025-10-21 10:04:03,39.97,9400,39.98,D
sh600584,长电科技,2025-10-21 10:04:06,40.04,91500,39.97,U
sh600584,长电科技,2025-10-21 10:04:18,40.03,5300,40.04,D
sh600584,长电科技,2025-10-21 10:04:21,40.04,5800,40.03,U
sh600584,长电科技,2025-10-21 10:04:27,40.03,13400,40.04,D
sh600584,长电科技,2025-10-21 10:04:30,40.05,11200,40.03,U
sh600584,长电科技,2025-10-21 10:04:33,40.03,5600,40.05,D
sh600584,长电科技,2025-10-21 10:04:36,40.03,6600,40.03,D
sh600584,长电科技,2025-10-21 10:04:42,40.04,10000,40.03,E
sh600584,长电科技,2025-10-21 10:04:45,40.06,26600,40.04,U
sh600584,长电科技,2025-10-21 10:04:54,40.06,12200,40.07,D
sh600584,长电科技,2025-10-21 10:05:03,40.09,6400,40.09,U
sh600584,长电科技,2025-10-21 10:05:09,40.1,6900,40.09,U
sh600584,长电科技,2025-10-21 10:05:12,40.14,29600,40.1,U
sh600584,长电科技,2025-10-21 10:05:21,40.14,6800,40.14,E
sh600584,长电科技,2025-10-21 10:05:24,40.15,8200,40.14,U
sh600584,长电科技,2025-10-21 10:05:27,40.14,11300,40.15,E
sh600584,长电科技,2025-10-21 10:05:30,40.13,12000,40.14,D
sh600584,长电科技,2025-10-21 10:05:33,40.13,14800,40.13,U
sh600584,长电科技,2025-10-21 10:05:36,40.13,10200,40.13,U
sh600584,长电科技,2025-10-21 10:05:39,40.12,17700,40.13,D
sh600584,长电科技,2025-10-21 10:05:42,40.11,19100,40.12,D
sh600584,长电科技,2025-10-21 10:05:48,40.11,11000,40.1,U
sh600584,长电科技,2025-10-21 10:05:54,40.09,13700,40.1,D
sh600584,长电科技,2025-10-21 10:05:57,40.1,14600,40.09,U
sh600584,长电科技,2025-10-21 10:06:00,40.1,8500,40.1,U
sh600584,长电科技,2025-10-21 10:06:06,40.1,6600,40.1,D
sh600584,长电科技,2025-10-21 10:06:09,40.11,10300,40.1,U
sh600584,长电科技,2025-10-21 10:06:12,40.12,7300,40.11,U
sh600584,长电科技,2025-10-21 10:06:21,40.1,28700,40.11,D
sh600584,长电科技,2025-10-21 10:06:24,40.12,17800,40.1,U
sh600584,长电科技,2025-10-21 10:06:27,40.12,6500,40.12,D
sh600584,长电科技,2025-10-21 10:06:30,40.11,7400,40.12,D
sh600584,长电科技,2025-10-21 10:06:39,40.1,8300,40.1,D
sh600584,长电科技,2025-10-21 10:06:42,40.09,13600,40.1,D
sh600584,长电科技,2025-10-21 10:06:48,40.07,38100,40.1,D
sh600584,长电科技,2025-10-21 10:06:51,40.08,11700,40.07,U
sh600584,长电科技,2025-10-21 10:07:00,40.06,7300,40.06,D
sh600584,长电科技,2025-10-21 10:07:03,40.06,8400,40.06,D
sh600584,长电科技,2025-10-21 10:07:06,40.06,8500,40.06,U
sh600584,长电科技,2025-10-21 10:07:09,40.05,42200,40.06,D
sh600584,长电科技,2025-10-21 10:07:12,40.05,17100,40.05,D
sh600584,长电科技,2025-10-21 10:07:15,40.05,7700,40.05,U
sh600584,长电科技,2025-10-21 10:07:27,40.03,12800,40.04,D
sh600584,长电科技,2025-10-21 10:07:30,40.03,23700,40.03,D
sh600584,长电科技,2025-10-21 10:07:33,40.02,6200,40.03,D
sh600584,长电科技,2025-10-21 10:07:39,40.02,14100,40.03,D
sh600584,长电科技,2025-10-21 10:07:42,40.03,6600,40.02,U
sh600584,长电科技,2025-10-21 10:07:45,40.02,5900,40.03,D
sh600584,长电科技,2025-10-21 10:07:48,40.02,6400,40.02,U
sh600584,长电科技,2025-10-21 10:07:51,40.02,14800,40.02,U
sh600584,长电科技,2025-10-21 10:07:54,40.02,6900,40.02,U
sh600584,长电科技,2025-10-21 10:07:57,40.03,13300,40.02,U
sh600584,长电科技,2025-10-21 10:08:00,40.03,24700,40.03,U
sh600584,长电科技,2025-10-21 10:08:03,40.06,42000,40.03,U
sh600584,长电科技,2025-10-21 10:08:06,40.08,12300,40.06,U
sh600584,长电科技,2025-10-21 10:08:09,40.09,6400,40.08,U
sh600584,长电科技,2025-10-21 10:08:15,40.09,6400,40.09,U
sh600584,长电科技,2025-10-21 10:08:18,40.09,18100,40.09,U
sh600584,长电科技,2025-10-21 10:08:21,40.09,12400,40.09,U
sh600584,长电科技,2025-10-21 10:08:24,40.09,17400,40.09,D
sh600584,长电科技,2025-10-21 10:08:27,40.09,11400,40.09,D
sh600584,长电科技,2025-10-21 10:08:30,40.11,5700,40.09,U
sh600584,长电科技,2025-10-21 10:08:36,40.11,9300,40.09,U
sh600584,长电科技,2025-10-21 10:08:39,40.1,6700,40.11,D
sh600584,长电科技,2025-10-21 10:08:42,40.1,8300,40.1,U
sh600584,长电科技,2025-10-21 10:08:45,40.1,9500,40.1,U
sh600584,长电科技,2025-10-21 10:08:48,40.09,14900,40.1,D
sh600584,长电科技,2025-10-21 10:08:51,40.1,5800,40.09,U
sh600584,长电科技,2025-10-21 10:08:54,40.1,6600,40.1,U
sh600584,长电科技,2025-10-21 10:09:00,40.1,11700,40.1,U
sh600584,长电科技,2025-10-21 10:09:09,40.11,20000,40.12,E
sh600584,长电科技,2025-10-21 10:09:12,40.1,12800,40.11,D
sh600584,长电科技,2025-10-21 10:09:15,40.09,21000,40.1,D
sh600584,长电科技,2025-10-21 10:09:18,40.08,8400,40.09,D
sh600584,长电科技,2025-10-21 10:09:24,40.08,7800,40.1,D
sh600584,长电科技,2025-10-21 10:09:33,40.09,5700,40.08,U
sh600584,长电科技,2025-10-21 10:09:36,40.09,9000,40.09,U
sh600584,长电科技,2025-10-21 10:09:42,40.1,63800,40.09,U
sh600584,长电科技,2025-10-21 10:09:48,40.09,14700,40.1,D
sh600584,长电科技,2025-10-21 10:10:00,40.07,12250,40.09,D
sh600584,长电科技,2025-10-21 10:10:03,40.07,6550,40.07,D
sh600584,长电科技,2025-10-21 10:10:06,40.06,9800,40.07,D
sh600584,长电科技,2025-10-21 10:10:09,40.05,8500,40.06,D
sh600584,长电科技,2025-10-21 10:10:12,40.06,5200,40.05,U
sh600584,长电科技,2025-10-21 10:10:21,40.04,6300,40.05,D
sh600584,长电科技,2025-10-21 10:10:24,40.03,11500,40.04,D
sh600584,长电科技,2025-10-21 10:10:27,40.03,5700,40.03,D
sh600584,长电科技,2025-10-21 10:10:39,40.03,7400,40.03,U
sh600584,长电科技,2025-10-21 10:10:42,40.04,5000,40.03,U
sh600584,长电科技,2025-10-21 10:10:45,40.03,7200,40.04,D
sh600584,长电科技,2025-10-21 10:10:54,40.04,5600,40.03,U
sh600584,长电科技,2025-10-21 10:10:57,40.03,9600,40.04,D
sh600584,长电科技,2025-10-21 10:11:09,40.04,5400,40.04,U
sh600584,长电科技,2025-10-21 10:11:12,40.03,7300,40.04,D
sh600584,长电科技,2025-10-21 10:11:15,40.02,17900,40.03,D
sh600584,长电科技,2025-10-21 10:11:18,40.03,31700,40.02,U
sh600584,长电科技,2025-10-21 10:11:24,40.02,9600,40.03,D
sh600584,长电科技,2025-10-21 10:11:27,40.03,6900,40.02,U
sh600584,长电科技,2025-10-21 10:11:33,40.02,7200,40.02,D
sh600584,长电科技,2025-10-21 10:11:36,40.02,6300,40.02,U
sh600584,长电科技,2025-10-21 10:11:39,40.01,30300,40.02,D
sh600584,长电科技,2025-10-21 10:11:42,40.02,11900,40.01,U
sh600584,长电科技,2025-10-21 10:11:48,40.0,52100,40.0,D
sh600584,长电科技,2025-10-21 10:11:54,40.0,8400,40.01,D
sh600584,长电科技,2025-10-21 10:11:57,39.99,10400,40.0,D
sh600584,长电科技,2025-10-21 10:12:00,39.99,9000,39.99,D
sh600584,长电科技,2025-10-21 10:12:09,39.98,9300,39.98,D
sh600584,长电科技,2025-10-21 10:12:18,39.98,8300,39.98,U
sh600584,长电科技,2025-10-21 10:12:21,39.97,16400,39.98,D
sh600584,长电科技,2025-10-21 10:12:30,39.98,24400,39.98,D
sh600584,长电科技,2025-10-21 10:12:33,39.99,5400,39.98,E
sh600584,长电科技,2025-10-21 10:12:42,40.0,5100,40.0,U
sh600584,长电科技,2025-10-21 10:12:48,39.99,11200,39.99,D
sh600584,长电科技,2025-10-21 10:12:54,40.0,32800,40.0,U
sh600584,长电科技,2025-10-21 10:12:57,40.02,23100,40.0,U
sh600584,长电科技,2025-10-21 10:13:03,40.02,17800,40.01,E
sh600584,长电科技,2025-10-21 10:13:06,40.05,66700,40.02,U
sh600584,长电科技,2025-10-21 10:13:12,39.99,22100,40.04,D
sh600584,长电科技,2025-10-21 10:13:18,40.0,7300,40.02,D
sh600584,长电科技,2025-10-21 10:13:21,40.0,11400,40.0,D
sh600584,长电科技,2025-10-21 10:13:24,39.98,26800,40.0,D
sh600584,长电科技,2025-10-21 10:13:27,39.99,6900,39.98,U
sh600584,长电科技,2025-10-21 10:13:33,39.98,15700,39.98,D
sh600584,长电科技,2025-10-21 10:13:36,39.99,10900,39.98,U
sh600584,长电科技,2025-10-21 10:13:39,39.98,17400,39.99,D
sh600584,长电科技,2025-10-21 10:13:48,39.98,5100,39.97,D
sh600584,长电科技,2025-10-21 10:13:51,39.98,7100,39.98,D
sh600584,长电科技,2025-10-21 10:13:57,39.98,15600,39.98,U
sh600584,长电科技,2025-10-21 10:14:00,39.98,6200,39.98,D
sh600584,长电科技,2025-10-21 10:14:03,39.98,9300,39.98,D
sh600584,长电科技,2025-10-21 10:14:12,39.99,8600,39.99,U
sh600584,长电科技,2025-10-21 10:14:15,40.01,21900,39.99,U
sh600584,长电科技,2025-10-21 10:14:18,40.0,8300,40.01,D
sh600584,长电科技,2025-10-21 10:14:21,40.01,11200,40.0,U
sh600584,长电科技,2025-10-21 10:14:24,40.01,19500,40.01,D
sh600584,长电科技,2025-10-21 10:14:27,40.02,14900,40.01,U
sh600584,长电科技,2025-10-21 10:14:30,40.01,9000,40.02,D
sh600584,长电科技,2025-10-21 10:14:33,40.03,21000,40.01,U
sh600584,长电科技,2025-10-21 10:14:39,40.01,14700,40.02,D
sh600584,长电科技,2025-10-21 10:14:42,39.99,6100,40.01,D
sh600584,长电科技,2025-10-21 10:14:45,40.01,7700,39.99,D
sh600584,长电科技,2025-10-21 10:14:48,40.02,9900,40.01,U
sh600584,长电科技,2025-10-21 10:14:51,40.0,13700,40.02,D
sh600584,长电科技,2025-10-21 10:14:57,40.0,40700,40.03,D
sh600584,长电科技,2025-10-21 10:15:00,40.0,15200,40.0,D
sh600584,长电科技,2025-10-21 10:15:03,40.03,14400,40.0,U
sh600584,长电科技,2025-10-21 10:15:06,40.03,21100,40.03,U
sh600584,长电科技,2025-10-21 10:15:15,40.03,5200,40.04,D
sh600584,长电科技,2025-10-21 10:15:18,40.04,10700,40.03,U
sh600584,长电科技,2025-10-21 10:15:21,40.03,19400,40.04,D
sh600584,长电科技,2025-10-21 10:15:36,40.02,8400,40.02,U
sh600584,长电科技,2025-10-21 10:15:39,40.03,16600,40.02,U
sh600584,长电科技,2025-10-21 10:15:42,40.03,5100,40.03,U
sh600584,长电科技,2025-10-21 10:16:06,40.03,14600,40.04,D
sh600584,长电科技,2025-10-21 10:16:18,40.06,18100,40.04,U
sh600584,长电科技,2025-10-21 10:16:21,40.03,37500,40.06,D
sh600584,长电科技,2025-10-21 10:16:24,40.03,13200,40.03,U
sh600584,长电科技,2025-10-21 10:16:27,40.04,5400,40.03,U
sh600584,长电科技,2025-10-21 10:16:42,40.05,12800,40.04,U
sh600584,长电科技,2025-10-21 10:16:51,40.05,10400,40.06,D
sh600584,长电科技,2025-10-21 10:16:54,40.06,14800,40.05,U
sh600584,长电科技,2025-10-21 10:16:57,40.05,10400,40.06,D
sh600584,长电科技,2025-10-21 10:17:00,40.05,8700,40.05,D
sh600584,长电科技,2025-10-21 10:17:06,40.05,11800,40.06,D
sh600584,长电科技,2025-10-21 10:17:09,40.06,13600,40.05,U
sh600584,长电科技,2025-10-21 10:17:24,40.07,11200,40.06,E
sh600584,长电科技,2025-10-21 10:17:27,40.08,8200,40.07,U
sh600584,长电科技,2025-10-21 10:17:39,40.08,12800,40.09,D
sh600584,长电科技,2025-10-21 10:17:54,40.09,57700,40.09,D
sh600584,长电科技,2025-10-21 10:18:06,40.09,28300,40.1,D
sh600584,长电科技,2025-10-21 10:18:12,40.08,15500,40.09,D
sh600584,长电科技,2025-10-21 10:18:15,40.09,12800,40.08,U
sh600584,长电科技,2025-10-21 10:18:24,40.08,6100,40.07,U
sh600584,长电科技,2025-10-21 10:18:30,40.08,31700,40.08,U
sh600584,长电科技,2025-10-21 10:18:33,40.07,17400,40.08,D
sh600584,长电科技,2025-10-21 10:18:36,40.06,8400,40.07,D
sh600584,长电科技,2025-10-21 10:18:39,40.06,16700,40.06,D
sh600584,长电科技,2025-10-21 10:18:42,40.05,6000,40.06,D
sh600584,长电科技,2025-10-21 10:18:48,40.05,8600,40.05,U
sh600584,长电科技,2025-10-21 10:18:51,40.04,9500,40.05,D
sh600584,长电科技,2025-10-21 10:19:06,40.04,9900,40.04,U
sh600584,长电科技,2025-10-21 10:19:09,40.04,13900,40.04,U
sh600584,长电科技,2025-10-21 10:19:12,40.04,9400,40.04,U
sh600584,长电科技,2025-10-21 10:19:27,40.05,8600,40.05,U
sh600584,长电科技,2025-10-21 10:19:36,40.05,5100,40.05,D
sh600584,长电科技,2025-10-21 10:19:39,40.05,13300,40.05,D
sh600584,长电科技,2025-10-21 10:19:48,40.05,10400,40.05,D
sh600584,长电科技,2025-10-21 10:19:51,40.05,5500,40.05,U
sh600584,长电科技,2025-10-21 10:19:57,40.05,7000,40.05,U
sh600584,长电科技,2025-10-21 10:20:09,40.06,12600,40.06,U
sh600584,长电科技,2025-10-21 10:20:12,40.06,6800,40.06,D
sh600584,长电科技,2025-10-21 10:20:15,40.06,5200,40.06,D
sh600584,长电科技,2025-10-21 10:20:18,40.06,6500,40.06,D
sh600584,长电科技,2025-10-21 10:20:21,40.06,6600,40.06,D
sh600584,长电科技,2025-10-21 10:20:27,40.08,5700,40.07,U
sh600584,长电科技,2025-10-21 10:20:39,40.09,6500,40.09,U
sh600584,长电科技,2025-10-21 10:20:42,40.09,8100,40.09,U
sh600584,长电科技,2025-10-21 10:20:51,40.09,10000,40.09,U
sh600584,长电科技,2025-10-21 10:20:54,40.08,24400,40.09,D
sh600584,长电科技,2025-10-21 10:20:57,40.08,7200,40.08,U
sh600584,长电科技,2025-10-21 10:21:00,40.07,42698,40.08,D
sh600584,长电科技,2025-10-21 10:21:21,40.07,25600,40.08,D
sh600584,长电科技,2025-10-21 10:21:33,40.08,5700,40.07,U
sh600584,长电科技,2025-10-21 10:21:42,40.03,89000,40.07,D
sh600584,长电科技,2025-10-21 10:21:45,40.03,14500,40.03,U
sh600584,长电科技,2025-10-21 10:21:51,40.02,10600,40.03,D
sh600584,长电科技,2025-10-21 10:21:54,40.03,5800,40.02,U
sh600584,长电科技,2025-10-21 10:22:12,40.04,7800,40.03,E
sh600584,长电科技,2025-10-21 10:22:15,40.04,6800,40.04,U
sh600584,长电科技,2025-10-21 10:22:18,40.04,8400,40.04,U
sh600584,长电科技,2025-10-21 10:22:39,40.04,8800,40.05,D
sh600584,长电科技,2025-10-21 10:22:42,40.06,6000,40.04,U
sh600584,长电科技,2025-10-21 10:22:45,40.05,10000,40.06,D
sh600584,长电科技,2025-10-21 10:22:48,40.07,10500,40.05,U
sh600584,长电科技,2025-10-21 10:22:57,40.06,6600,40.06,D
sh600584,长电科技,2025-10-21 10:23:18,40.07,13100,40.08,D
sh600584,长电科技,2025-10-21 10:23:27,40.09,17000,40.08,U
sh600584,长电科技,2025-10-21 10:23:39,40.1,8000,40.09,U
sh600584,长电科技,2025-10-21 10:23:42,40.1,17000,40.1,U
sh600584,长电科技,2025-10-21 10:23:45,40.1,46300,40.1,U
sh600584,长电科技,2025-10-21 10:23:51,40.09,38800,40.1,D
sh600584,长电科技,2025-10-21 10:24:00,40.1,5900,40.1,U
sh600584,长电科技,2025-10-21 10:24:03,40.1,13900,40.1,U
sh600584,长电科技,2025-10-21 10:24:06,40.09,7200,40.1,D
sh600584,长电科技,2025-10-21 10:24:15,40.11,16600,40.11,U
sh600584,长电科技,2025-10-21 10:24:24,40.11,18300,40.11,D
sh600584,长电科技,2025-10-21 10:24:27,40.11,5100,40.11,D
sh600584,长电科技,2025-10-21 10:24:30,40.12,6000,40.11,U
sh600584,长电科技,2025-10-21 10:24:33,40.12,10400,40.12,D
sh600584,长电科技,2025-10-21 10:24:45,40.14,5300,40.13,U
sh600584,长电科技,2025-10-21 10:24:51,40.14,6100,40.13,U
sh600584,长电科技,2025-10-21 10:25:00,40.15,6000,40.14,U
sh600584,长电科技,2025-10-21 10:25:03,40.19,81500,40.15,U
sh600584,长电科技,2025-10-21 10:25:06,40.19,57400,40.19,U
sh600584,长电科技,2025-10-21 10:25:09,40.19,5200,40.19,U
sh600584,长电科技,2025-10-21 10:25:12,40.19,8400,40.19,U
sh600584,长电科技,2025-10-21 10:25:15,40.2,15800,40.19,U
sh600584,长电科技,2025-10-21 10:25:18,40.2,16700,40.2,U
sh600584,长电科技,2025-10-21 10:25:21,40.2,25100,40.2,U
sh600584,长电科技,2025-10-21 10:25:24,40.19,30000,40.2,D
sh600584,长电科技,2025-10-21 10:25:27,40.2,13400,40.19,U
sh600584,长电科技,2025-10-21 10:25:33,40.21,11000,40.2,U
sh600584,长电科技,2025-10-21 10:25:39,40.21,5400,40.22,D
sh600584,长电科技,2025-10-21 10:25:42,40.22,10100,40.21,U
sh600584,长电科技,2025-10-21 10:25:45,40.22,20100,40.22,D
sh600584,长电科技,2025-10-21 10:25:48,40.23,26500,40.22,U
sh600584,长电科技,2025-10-21 10:25:51,40.22,11900,40.23,D
sh600584,长电科技,2025-10-21 10:25:54,40.22,7200,40.22,U
sh600584,长电科技,2025-10-21 10:25:57,40.21,14300,40.22,D
sh600584,长电科技,2025-10-21 10:26:09,40.23,16500,40.22,U
sh600584,长电科技,2025-10-21 10:26:12,40.23,7600,40.23,D
sh600584,长电科技,2025-10-21 10:26:15,40.22,29500,40.23,D
sh600584,长电科技,2025-10-21 10:26:18,40.23,10100,40.22,U
sh600584,长电科技,2025-10-21 10:26:21,40.22,7500,40.23,D
sh600584,长电科技,2025-10-21 10:26:24,40.23,8700,40.22,U
sh600584,长电科技,2025-10-21 10:26:30,40.23,29200,40.23,D
sh600584,长电科技,2025-10-21 10:26:33,40.24,15700,40.23,U
sh600584,长电科技,2025-10-21 10:26:36,40.25,8200,40.24,U
sh600584,长电科技,2025-10-21 10:26:39,40.24,12300,40.25,D
sh600584,长电科技,2025-10-21 10:26:42,40.24,19300,40.24,D
sh600584,长电科技,2025-10-21 10:26:45,40.24,8400,40.24,D
sh600584,长电科技,2025-10-21 10:26:48,40.24,16700,40.24,U
sh600584,长电科技,2025-10-21 10:26:54,40.24,7800,40.24,U
sh600584,长电科技,2025-10-21 10:26:57,40.22,5800,40.24,D
sh600584,长电科技,2025-10-21 10:27:03,40.23,10600,40.22,U
sh600584,长电科技,2025-10-21 10:27:06,40.24,12800,40.23,U
sh600584,长电科技,2025-10-21 10:27:09,40.23,16900,40.24,D
sh600584,长电科技,2025-10-21 10:27:12,40.23,16100,40.23,D
sh600584,长电科技,2025-10-21 10:27:18,40.23,8100,40.23,D
sh600584,长电科技,2025-10-21 10:27:21,40.24,15600,40.23,U
sh600584,长电科技,2025-10-21 10:27:24,40.24,15300,40.24,U
sh600584,长电科技,2025-10-21 10:27:27,40.23,20600,40.24,D
sh600584,长电科技,2025-10-21 10:27:30,40.23,7600,40.23,U
sh600584,长电科技,2025-10-21 10:27:33,40.23,6200,40.23,U
sh600584,长电科技,2025-10-21 10:27:36,40.23,9900,40.23,D
sh600584,长电科技,2025-10-21 10:27:39,40.23,14700,40.23,D
sh600584,长电科技,2025-10-21 10:27:45,40.22,20700,40.23,D
sh600584,长电科技,2025-10-21 10:27:48,40.23,30100,40.22,U
sh600584,长电科技,2025-10-21 10:27:51,40.24,21900,40.23,U
sh600584,长电科技,2025-10-21 10:27:54,40.24,12400,40.24,U
sh600584,长电科技,2025-10-21 10:27:57,40.28,115600,40.24,U
sh600584,长电科技,2025-10-21 10:28:00,40.26,21700,40.28,D
sh600584,长电科技,2025-10-21 10:28:03,40.26,6700,40.26,D
sh600584,长电科技,2025-10-21 10:28:06,40.27,53300,40.26,U
sh600584,长电科技,2025-10-21 10:28:12,40.27,12600,40.28,D
sh600584,长电科技,2025-10-21 10:28:21,40.27,7200,40.27,E
sh600584,长电科技,2025-10-21 10:28:24,40.27,8900,40.27,U
sh600584,长电科技,2025-10-21 10:28:27,40.28,15100,40.27,U
sh600584,长电科技,2025-10-21 10:28:30,40.27,10800,40.28,D
sh600584,长电科技,2025-10-21 10:28:33,40.28,19900,40.27,U
sh600584,长电科技,2025-10-21 10:28:36,40.28,9800,40.28,U
sh600584,长电科技,2025-10-21 10:28:39,40.28,11900,40.28,U
sh600584,长电科技,2025-10-21 10:28:42,40.27,16800,40.28,D
sh600584,长电科技,2025-10-21 10:28:45,40.27,22100,40.27,U
sh600584,长电科技,2025-10-21 10:28:51,40.26,40200,40.26,D
sh600584,长电科技,2025-10-21 10:28:54,40.26,13400,40.26,D
sh600584,长电科技,2025-10-21 10:28:57,40.27,28400,40.26,U
sh600584,长电科技,2025-10-21 10:29:03,40.27,41600,40.27,D
sh600584,长电科技,2025-10-21 10:29:06,40.29,124500,40.27,U
sh600584,长电科技,2025-10-21 10:29:09,40.27,62800,40.29,D
sh600584,长电科技,2025-10-21 10:29:21,40.28,5600,40.28,U
sh600584,长电科技,2025-10-21 10:29:24,40.28,13700,40.28,U
sh600584,长电科技,2025-10-21 10:29:27,40.27,6900,40.28,D
sh600584,长电科技,2025-10-21 10:29:30,40.28,15700,40.27,U
sh600584,长电科技,2025-10-21 10:29:33,40.27,9000,40.28,D
sh600584,长电科技,2025-10-21 10:29:39,40.26,25000,40.27,D
sh600584,长电科技,2025-10-21 10:29:42,40.27,25100,40.26,U
sh600584,长电科技,2025-10-21 10:29:45,40.26,5000,40.27,E
sh600584,长电科技,2025-10-21 10:29:48,40.25,22500,40.26,D
sh600584,长电科技,2025-10-21 10:29:51,40.26,22200,40.25,U
sh600584,长电科技,2025-10-21 10:29:54,40.25,21900,40.26,D
sh600584,长电科技,2025-10-21 10:29:57,40.25,5500,40.25,D
sh600584,长电科技,2025-10-21 10:30:06,40.24,18300,40.25,D
sh600584,长电科技,2025-10-21 10:30:09,40.24,15100,40.24,D
sh600584,长电科技,2025-10-21 10:30:12,40.23,7500,40.24,D
sh600584,长电科技,2025-10-21 10:30:15,40.22,19500,40.23,D
sh600584,长电科技,2025-10-21 10:30:18,40.22,5200,40.22,U
sh600584,长电科技,2025-10-21 10:30:21,40.21,15900,40.22,D
sh600584,长电科技,2025-10-21 10:30:24,40.19,67800,40.21,D
sh600584,长电科技,2025-10-21 10:30:27,40.21,68700,40.19,U
sh600584,长电科技,2025-10-21 10:30:30,40.23,110800,40.21,U
sh600584,长电科技,2025-10-21 10:30:33,40.26,29000,40.23,U
sh600584,长电科技,2025-10-21 10:30:36,40.28,75500,40.26,U
sh600584,长电科技,2025-10-21 10:30:39,40.26,13800,40.28,D
sh600584,长电科技,2025-10-21 10:30:42,40.27,23100,40.26,E
sh600584,长电科技,2025-10-21 10:30:45,40.27,13500,40.27,U
sh600584,长电科技,2025-10-21 10:30:48,40.26,19800,40.27,D
sh600584,长电科技,2025-10-21 10:30:51,40.28,7700,40.26,U
sh600584,长电科技,2025-10-21 10:30:54,40.27,16000,40.28,E
sh600584,长电科技,2025-10-21 10:30:57,40.28,13300,40.27,U
sh600584,长电科技,2025-10-21 10:31:00,40.28,60200,40.28,U
sh600584,长电科技,2025-10-21 10:31:03,40.28,18700,40.28,D
sh600584,长电科技,2025-10-21 10:31:06,40.28,17600,40.28,D
sh600584,长电科技,2025-10-21 10:31:09,40.29,13000,40.28,U
sh600584,长电科技,2025-10-21 10:31:12,40.28,11300,40.29,D
sh600584,长电科技,2025-10-21 10:31:15,40.28,10600,40.28,D
sh600584,长电科技,2025-10-21 10:31:18,40.28,5500,40.28,D
sh600584,长电科技,2025-10-21 10:31:21,40.28,7300,40.28,D
sh600584,长电科技,2025-10-21 10:31:24,40.28,8700,40.28,D
sh600584,长电科技,2025-10-21 10:31:27,40.28,9000,40.28,D
sh600584,长电科技,2025-10-21 10:31:30,40.29,17700,40.28,U
sh600584,长电科技,2025-10-21 10:31:33,40.28,8700,40.29,D
sh600584,长电科技,2025-10-21 10:31:36,40.28,18100,40.28,U
sh600584,长电科技,2025-10-21 10:31:39,40.28,6900,40.28,U
sh600584,长电科技,2025-10-21 10:31:42,40.31,132800,40.28,U
sh600584,长电科技,2025-10-21 10:31:45,40.29,13400,40.31,D
sh600584,长电科技,2025-10-21 10:31:48,40.3,10100,40.29,E
sh600584,长电科技,2025-10-21 10:31:51,40.3,52100,40.3,D
sh600584,长电科技,2025-10-21 10:31:54,40.3,10500,40.3,U
sh600584,长电科技,2025-10-21 10:32:00,40.31,6900,40.31,U
sh600584,长电科技,2025-10-21 10:32:03,40.32,24300,40.31,U
sh600584,长电科技,2025-10-21 10:32:06,40.38,251700,40.32,U
sh600584,长电科技,2025-10-21 10:32:09,40.39,103800,40.38,U
sh600584,长电科技,2025-10-21 10:32:12,40.4,15100,40.39,U
sh600584,长电科技,2025-10-21 10:32:15,40.38,25000,40.4,D
sh600584,长电科技,2025-10-21 10:32:18,40.4,39900,40.38,U
sh600584,长电科技,2025-10-21 10:32:21,40.39,10200,40.4,E
sh600584,长电科技,2025-10-21 10:32:24,40.39,27100,40.39,D
sh600584,长电科技,2025-10-21 10:32:27,40.4,21100,40.39,U
sh600584,长电科技,2025-10-21 10:32:30,40.39,27500,40.4,D
sh600584,长电科技,2025-10-21 10:32:33,40.38,12600,40.39,D
sh600584,长电科技,2025-10-21 10:32:36,40.38,7200,40.38,U
sh600584,长电科技,2025-10-21 10:32:39,40.38,15800,40.38,D
sh600584,长电科技,2025-10-21 10:32:42,40.38,22700,40.38,U
sh600584,长电科技,2025-10-21 10:32:45,40.39,38400,40.38,U
sh600584,长电科技,2025-10-21 10:32:48,40.37,20800,40.39,D
sh600584,长电科技,2025-10-21 10:32:51,40.37,27000,40.37,D
sh600584,长电科技,2025-10-21 10:32:54,40.38,26000,40.37,E
sh600584,长电科技,2025-10-21 10:32:57,40.38,7700,40.38,D
sh600584,长电科技,2025-10-21 10:33:00,40.37,10200,40.38,D
sh600584,长电科技,2025-10-21 10:33:03,40.37,38100,40.37,D
sh600584,长电科技,2025-10-21 10:33:06,40.38,19500,40.37,U
sh600584,长电科技,2025-10-21 10:33:09,40.37,6900,40.38,U
sh600584,长电科技,2025-10-21 10:33:12,40.37,9400,40.37,U
sh600584,长电科技,2025-10-21 10:33:18,40.36,41000,40.36,D
sh600584,长电科技,2025-10-21 10:33:21,40.36,26100,40.36,D
sh600584,长电科技,2025-10-21 10:33:24,40.35,6100,40.36,D
sh600584,长电科技,2025-10-21 10:33:27,40.35,16200,40.35,D
sh600584,长电科技,2025-10-21 10:33:30,40.36,13500,40.35,U
sh600584,长电科技,2025-10-21 10:33:33,40.35,14800,40.36,D
sh600584,长电科技,2025-10-21 10:33:36,40.35,13500,40.35,D
sh600584,长电科技,2025-10-21 10:33:42,40.34,8400,40.35,U
sh600584,长电科技,2025-10-21 10:33:45,40.34,18200,40.34,U
sh600584,长电科技,2025-10-21 10:33:48,40.35,9800,40.34,U
sh600584,长电科技,2025-10-21 10:33:51,40.34,33400,40.35,D
sh600584,长电科技,2025-10-21 10:33:54,40.34,11900,40.34,D
sh600584,长电科技,2025-10-21 10:33:57,40.36,8500,40.34,U
sh600584,长电科技,2025-10-21 10:34:00,40.37,10900,40.36,U
sh600584,长电科技,2025-10-21 10:34:03,40.36,15600,40.37,D
sh600584,长电科技,2025-10-21 10:34:06,40.37,18800,40.36,U
sh600584,长电科技,2025-10-21 10:34:09,40.36,10800,40.37,D
sh600584,长电科技,2025-10-21 10:34:12,40.37,11100,40.36,U
sh600584,长电科技,2025-10-21 10:34:15,40.36,7700,40.37,D
sh600584,长电科技,2025-10-21 10:34:18,40.36,5000,40.36,D
sh600584,长电科技,2025-10-21 10:34:21,40.37,23300,40.36,U
sh600584,长电科技,2025-10-21 10:34:24,40.36,5800,40.37,D
sh600584,长电科技,2025-10-21 10:34:27,40.41,474099,40.36,U
sh600584,长电科技,2025-10-21 10:34:30,40.43,137900,40.41,U
sh600584,长电科技,2025-10-21 10:34:33,40.43,6300,40.43,U
sh600584,长电科技,2025-10-21 10:34:39,40.43,12400,40.43,U
sh600584,长电科技,2025-10-21 10:34:42,40.42,11500,40.43,D
sh600584,长电科技,2025-10-21 10:34:45,40.41,26400,40.42,E
sh600584,长电科技,2025-10-21 10:34:48,40.42,44900,40.41,U
sh600584,长电科技,2025-10-21 10:34:51,40.4,16100,40.42,D
sh600584,长电科技,2025-10-21 10:34:54,40.4,13200,40.4,D
sh600584,长电科技,2025-10-21 10:34:57,40.4,6100,40.4,D
sh600584,长电科技,2025-10-21 10:35:00,40.4,7400,40.4,U
sh600584,长电科技,2025-10-21 10:35:03,40.41,10000,40.4,U
sh600584,长电科技,2025-10-21 10:35:06,40.4,28500,40.41,D
sh600584,长电科技,2025-10-21 10:35:09,40.4,9600,40.4,D
sh600584,长电科技,2025-10-21 10:35:12,40.4,16300,40.4,D
sh600584,长电科技,2025-10-21 10:35:15,40.4,5200,40.4,U
sh600584,长电科技,2025-10-21 10:35:18,40.41,24800,40.4,U
sh600584,长电科技,2025-10-21 10:35:21,40.4,11100,40.41,D
sh600584,长电科技,2025-10-21 10:35:24,40.4,22400,40.4,D
sh600584,长电科技,2025-10-21 10:35:27,40.4,27500,40.4,D
sh600584,长电科技,2025-10-21 10:35:30,40.41,16100,40.4,U
sh600584,长电科技,2025-10-21 10:35:33,40.4,15900,40.41,E
sh600584,长电科技,2025-10-21 10:35:36,40.39,16000,40.4,D
sh600584,长电科技,2025-10-21 10:35:42,40.4,23400,40.39,U
sh600584,长电科技,2025-10-21 10:35:45,40.39,9900,40.4,D
sh600584,长电科技,2025-10-21 10:35:48,40.4,8800,40.39,U
sh600584,长电科技,2025-10-21 10:35:51,40.39,16100,40.4,D
sh600584,长电科技,2025-10-21 10:35:54,40.39,9700,40.39,D
sh600584,长电科技,2025-10-21 10:35:57,40.4,18100,40.39,U
sh600584,长电科技,2025-10-21 10:36:00,40.39,13900,40.4,D
sh600584,长电科技,2025-10-21 10:36:03,40.4,23200,40.39,U
sh600584,长电科技,2025-10-21 10:36:06,40.39,17600,40.4,D
sh600584,长电科技,2025-10-21 10:36:09,40.39,17000,40.39,D
sh600584,长电科技,2025-10-21 10:36:12,40.39,16100,40.39,D
sh600584,长电科技,2025-10-21 10:36:15,40.39,10300,40.39,D
sh600584,长电科技,2025-10-21 10:36:18,40.39,26300,40.39,D
sh600584,长电科技,2025-10-21 10:36:21,40.39,45500,40.39,D
sh600584,长电科技,2025-10-21 10:36:24,40.39,12300,40.39,D
sh600584,长电科技,2025-10-21 10:36:27,40.39,20800,40.39,D
sh600584,长电科技,2025-10-21 10:36:30,40.39,18700,40.39,D
sh600584,长电科技,2025-10-21 10:36:33,40.39,15400,40.39,D
sh600584,长电科技,2025-10-21 10:36:36,40.37,21700,40.39,D
sh600584,长电科技,2025-10-21 10:36:48,40.36,7000,40.37,D
sh600584,长电科技,2025-10-21 10:36:51,40.36,15400,40.36,D
sh600584,长电科技,2025-10-21 10:36:54,40.36,5100,40.36,D
sh600584,长电科技,2025-10-21 10:37:00,40.35,44400,40.36,D
sh600584,长电科技,2025-10-21 10:37:03,40.35,8900,40.35,D
sh600584,长电科技,2025-10-21 10:37:06,40.39,94200,40.35,U
sh600584,长电科技,2025-10-21 10:37:09,40.4,106900,40.39,U
sh600584,长电科技,2025-10-21 10:37:15,40.38,10900,40.39,D
sh600584,长电科技,2025-10-21 10:37:18,40.38,6200,40.38,D
sh600584,长电科技,2025-10-21 10:37:21,40.38,7900,40.38,U
sh600584,长电科技,2025-10-21 10:37:24,40.4,53800,40.38,U
sh600584,长电科技,2025-10-21 10:37:27,40.4,9600,40.4,U
sh600584,长电科技,2025-10-21 10:37:30,40.4,17400,40.4,U
sh600584,长电科技,2025-10-21 10:37:33,40.39,22000,40.4,D
sh600584,长电科技,2025-10-21 10:37:39,40.39,6700,40.4,D
sh600584,长电科技,2025-10-21 10:37:48,40.39,74900,40.39,U
sh600584,长电科技,2025-10-21 10:37:51,40.38,18600,40.39,D
sh600584,长电科技,2025-10-21 10:37:54,40.38,8100,40.38,D
sh600584,长电科技,2025-10-21 10:37:57,40.38,12900,40.38,D
sh600584,长电科技,2025-10-21 10:38:00,40.38,6500,40.38,D
sh600584,长电科技,2025-10-21 10:38:03,40.39,5100,40.38,U
sh600584,长电科技,2025-10-21 10:38:06,40.4,38600,40.39,U
sh600584,长电科技,2025-10-21 10:38:09,40.39,44200,40.4,D
sh600584,长电科技,2025-10-21 10:38:12,40.4,7100,40.39,U
sh600584,长电科技,2025-10-21 10:38:15,40.4,6500,40.4,U
sh600584,长电科技,2025-10-21 10:38:18,40.39,22800,40.4,D
sh600584,长电科技,2025-10-21 10:38:21,40.39,8100,40.39,D
sh600584,长电科技,2025-10-21 10:38:24,40.38,7600,40.39,D
sh600584,长电科技,2025-10-21 10:38:27,40.38,10800,40.38,D
sh600584,长电科技,2025-10-21 10:38:30,40.38,9900,40.38,U
sh600584,长电科技,2025-10-21 10:38:33,40.36,17400,40.38,D
sh600584,长电科技,2025-10-21 10:38:39,40.34,37800,40.36,D
sh600584,长电科技,2025-10-21 10:38:45,40.34,10800,40.34,D
sh600584,长电科技,2025-10-21 10:38:48,40.33,7600,40.34,D
sh600584,长电科技,2025-10-21 10:38:54,40.32,10100,40.34,D
sh600584,长电科技,2025-10-21 10:38:57,40.32,8400,40.32,D
sh600584,长电科技,2025-10-21 10:39:00,40.31,7300,40.32,D
sh600584,长电科技,2025-10-21 10:39:03,40.31,13800,40.31,D
sh600584,长电科技,2025-10-21 10:39:06,40.3,18600,40.31,D
sh600584,长电科技,2025-10-21 10:39:09,40.28,15500,40.3,D
sh600584,长电科技,2025-10-21 10:39:15,40.28,8000,40.3,U
sh600584,长电科技,2025-10-21 10:39:18,40.28,7000,40.28,D
sh600584,长电科技,2025-10-21 10:39:24,40.28,13000,40.28,U
sh600584,长电科技,2025-10-21 10:39:27,40.27,144400,40.28,D
sh600584,长电科技,2025-10-21 10:39:30,40.29,28300,40.27,U
sh600584,长电科技,2025-10-21 10:39:33,40.31,9000,40.29,U
sh600584,长电科技,2025-10-21 10:39:36,40.3,21100,40.31,D
sh600584,长电科技,2025-10-21 10:39:39,40.31,7700,40.3,U
sh600584,长电科技,2025-10-21 10:39:42,40.31,37700,40.31,U
sh600584,长电科技,2025-10-21 10:39:45,40.31,39600,40.31,U
sh600584,长电科技,2025-10-21 10:39:48,40.33,8100,40.31,U
sh600584,长电科技,2025-10-21 10:39:51,40.33,6600,40.33,U
sh600584,长电科技,2025-10-21 10:39:54,40.32,12300,40.33,U
sh600584,长电科技,2025-10-21 10:39:57,40.33,13700,40.32,U
sh600584,长电科技,2025-10-21 10:40:00,40.34,30300,40.33,U
sh600584,长电科技,2025-10-21 10:40:03,40.35,29700,40.34,U
sh600584,长电科技,2025-10-21 10:40:06,40.38,33000,40.35,U
sh600584,长电科技,2025-10-21 10:40:09,40.38,7800,40.38,D
sh600584,长电科技,2025-10-21 10:40:15,40.38,15700,40.38,U
sh600584,长电科技,2025-10-21 10:40:18,40.4,11300,40.38,U
sh600584,长电科技,2025-10-21 10:40:24,40.4,91200,40.39,U
sh600584,长电科技,2025-10-21 10:40:27,40.4,16500,40.4,D
sh600584,长电科技,2025-10-21 10:40:30,40.4,19300,40.4,D
sh600584,长电科技,2025-10-21 10:40:33,40.4,9500,40.4,U
sh600584,长电科技,2025-10-21 10:40:36,40.39,12200,40.4,D
sh600584,长电科技,2025-10-21 10:40:39,40.4,5900,40.39,U
sh600584,长电科技,2025-10-21 10:40:42,40.39,18200,40.4,E
sh600584,长电科技,2025-10-21 10:40:45,40.39,5400,40.39,U
sh600584,长电科技,2025-10-21 10:40:48,40.38,33100,40.39,D
sh600584,长电科技,2025-10-21 10:40:51,40.39,38100,40.38,U
sh600584,长电科技,2025-10-21 10:40:54,40.4,15100,40.39,U
sh600584,长电科技,2025-10-21 10:41:00,40.4,22100,40.39,U
sh600584,长电科技,2025-10-21 10:41:03,40.47,631200,40.4,U
sh600584,长电科技,2025-10-21 10:41:06,40.49,181900,40.47,U
sh600584,长电科技,2025-10-21 10:41:09,40.47,24100,40.49,D
sh600584,长电科技,2025-10-21 10:41:12,40.48,33900,40.47,U
sh600584,长电科技,2025-10-21 10:41:15,40.48,34700,40.48,U
sh600584,长电科技,2025-10-21 10:41:18,40.48,75200,40.48,D
sh600584,长电科技,2025-10-21 10:41:21,40.49,43300,40.48,U
sh600584,长电科技,2025-10-21 10:41:24,40.48,20400,40.49,E
sh600584,长电科技,2025-10-21 10:41:27,40.47,19500,40.48,D
sh600584,长电科技,2025-10-21 10:41:30,40.47,28300,40.47,U
sh600584,长电科技,2025-10-21 10:41:33,40.48,26500,40.47,U
sh600584,长电科技,2025-10-21 10:41:36,40.47,9900,40.48,E
sh600584,长电科技,2025-10-21 10:41:39,40.47,12300,40.47,U
sh600584,长电科技,2025-10-21 10:41:42,40.47,23900,40.47,U
sh600584,长电科技,2025-10-21 10:41:45,40.47,22500,40.47,D
sh600584,长电科技,2025-10-21 10:41:48,40.46,12400,40.47,D
sh600584,长电科技,2025-10-21 10:41:51,40.47,26500,40.46,U
sh600584,长电科技,2025-10-21 10:41:54,40.45,16700,40.47,D
sh600584,长电科技,2025-10-21 10:41:57,40.46,21600,40.45,E
sh600584,长电科技,2025-10-21 10:42:03,40.47,12200,40.47,U
sh600584,长电科技,2025-10-21 10:42:06,40.47,34400,40.47,U
sh600584,长电科技,2025-10-21 10:42:09,40.46,8100,40.47,E
sh600584,长电科技,2025-10-21 10:42:12,40.45,5900,40.46,U
sh600584,长电科技,2025-10-21 10:42:15,40.45,11000,40.45,U
sh600584,长电科技,2025-10-21 10:42:18,40.44,12500,40.45,E
sh600584,长电科技,2025-10-21 10:42:21,40.44,107300,40.44,U
sh600584,长电科技,2025-10-21 10:42:24,40.43,6600,40.44,D
sh600584,长电科技,2025-10-21 10:42:27,40.42,9100,40.43,D
sh600584,长电科技,2025-10-21 10:42:30,40.43,18900,40.42,U
sh600584,长电科技,2025-10-21 10:42:33,40.43,30000,40.43,D
sh600584,长电科技,2025-10-21 10:42:36,40.42,9400,40.43,D
sh600584,长电科技,2025-10-21 10:42:39,40.43,13600,40.42,U
sh600584,长电科技,2025-10-21 10:42:42,40.42,23400,40.43,D
sh600584,长电科技,2025-10-21 10:42:45,40.41,14200,40.42,D
sh600584,长电科技,2025-10-21 10:42:48,40.41,5600,40.41,D
sh600584,长电科技,2025-10-21 10:42:51,40.4,12900,40.41,D
sh600584,长电科技,2025-10-21 10:42:54,40.39,7300,40.4,D
sh600584,长电科技,2025-10-21 10:42:57,40.38,14100,40.39,D
sh600584,长电科技,2025-10-21 10:43:00,40.38,6900,40.38,D
sh600584,长电科技,2025-10-21 10:43:03,40.34,8600,40.38,D
sh600584,长电科技,2025-10-21 10:43:06,40.38,7400,40.34,U
sh600584,长电科技,2025-10-21 10:43:09,40.35,31500,40.38,D
sh600584,长电科技,2025-10-21 10:43:18,40.36,7200,40.36,D
sh600584,长电科技,2025-10-21 10:43:21,40.36,8200,40.36,D
sh600584,长电科技,2025-10-21 10:43:24,40.39,29700,40.36,U
sh600584,长电科技,2025-10-21 10:43:27,40.39,7800,40.39,D
sh600584,长电科技,2025-10-21 10:43:30,40.39,6500,40.39,D
sh600584,长电科技,2025-10-21 10:43:33,40.38,32800,40.39,D
sh600584,长电科技,2025-10-21 10:43:36,40.39,5900,40.38,E
sh600584,长电科技,2025-10-21 10:43:39,40.39,10500,40.39,U
sh600584,长电科技,2025-10-21 10:43:42,40.38,6400,40.39,D
sh600584,长电科技,2025-10-21 10:43:45,40.38,14800,40.38,U
sh600584,长电科技,2025-10-21 10:43:48,40.38,15800,40.38,U
sh600584,长电科技,2025-10-21 10:43:51,40.39,20500,40.38,U
sh600584,长电科技,2025-10-21 10:43:54,40.42,45000,40.39,U
sh600584,长电科技,2025-10-21 10:43:57,40.45,49200,40.42,U
sh600584,长电科技,2025-10-21 10:44:00,40.42,17500,40.45,D
sh600584,长电科技,2025-10-21 10:44:03,40.45,5700,40.42,U
sh600584,长电科技,2025-10-21 10:44:06,40.46,54100,40.45,U
sh600584,长电科技,2025-10-21 10:44:09,40.47,5500,40.46,U
sh600584,长电科技,2025-10-21 10:44:12,40.47,8500,40.47,U
sh600584,长电科技,2025-10-21 10:44:15,40.47,13000,40.47,U
sh600584,长电科技,2025-10-21 10:44:18,40.47,9000,40.47,U
sh600584,长电科技,2025-10-21 10:44:21,40.47,48900,40.47,U
sh600584,长电科技,2025-10-21 10:44:24,40.45,10300,40.47,D
sh600584,长电科技,2025-10-21 10:44:30,40.45,13100,40.47,D
sh600584,长电科技,2025-10-21 10:44:33,40.46,7800,40.45,D
sh600584,长电科技,2025-10-21 10:44:36,40.45,12200,40.46,D
sh600584,长电科技,2025-10-21 10:44:39,40.46,11600,40.45,U
sh600584,长电科技,2025-10-21 10:44:42,40.47,31200,40.46,U
sh600584,长电科技,2025-10-21 10:44:45,40.46,16300,40.47,D
sh600584,长电科技,2025-10-21 10:44:48,40.47,24900,40.46,U
sh600584,长电科技,2025-10-21 10:44:51,40.47,37100,40.47,U
sh600584,长电科技,2025-10-21 10:44:57,40.46,8400,40.47,D
sh600584,长电科技,2025-10-21 10:45:00,40.46,15500,40.46,D
sh600584,长电科技,2025-10-21 10:45:03,40.46,12100,40.46,D
sh600584,长电科技,2025-10-21 10:45:06,40.46,9800,40.46,U
sh600584,长电科技,2025-10-21 10:45:09,40.46,10100,40.46,U
sh600584,长电科技,2025-10-21 10:45:12,40.45,37400,40.46,D
sh600584,长电科技,2025-10-21 10:45:15,40.45,15700,40.45,U
sh600584,长电科技,2025-10-21 10:45:21,40.45,17800,40.45,U
sh600584,长电科技,2025-10-21 10:45:24,40.45,7100,40.45,D
sh600584,长电科技,2025-10-21 10:45:33,40.43,5400,40.43,D
sh600584,长电科技,2025-10-21 10:45:36,40.42,14900,40.43,D
sh600584,长电科技,2025-10-21 10:45:42,40.42,25100,40.42,D
sh600584,长电科技,2025-10-21 10:45:51,40.4,10200,40.42,D
sh600584,长电科技,2025-10-21 10:45:54,40.42,23100,40.4,U
sh600584,长电科技,2025-10-21 10:45:57,40.4,10500,40.42,D
sh600584,长电科技,2025-10-21 10:46:00,40.4,62800,40.4,D
sh600584,长电科技,2025-10-21 10:46:03,40.41,23500,40.4,U
sh600584,长电科技,2025-10-21 10:46:06,40.4,16500,40.41,D
sh600584,长电科技,2025-10-21 10:46:09,40.42,10400,40.4,U
sh600584,长电科技,2025-10-21 10:46:12,40.4,7200,40.42,D
sh600584,长电科技,2025-10-21 10:46:15,40.41,18600,40.4,U
sh600584,长电科技,2025-10-21 10:46:18,40.42,9400,40.41,U
sh600584,长电科技,2025-10-21 10:46:21,40.4,20900,40.42,D
sh600584,长电科技,2025-10-21 10:46:24,40.41,6300,40.4,U
sh600584,长电科技,2025-10-21 10:46:27,40.4,6800,40.41,D
sh600584,长电科技,2025-10-21 10:46:33,40.4,7400,40.41,D
sh600584,长电科技,2025-10-21 10:46:39,40.41,5900,40.4,U
sh600584,长电科技,2025-10-21 10:46:42,40.4,9200,40.41,D
sh600584,长电科技,2025-10-21 10:46:45,40.41,5500,40.4,U
sh600584,长电科技,2025-10-21 10:46:48,40.4,9800,40.41,D
sh600584,长电科技,2025-10-21 10:46:51,40.4,7900,40.4,D
sh600584,长电科技,2025-10-21 10:47:00,40.4,34800,40.4,U
sh600584,长电科技,2025-10-21 10:47:03,40.4,11200,40.4,D
sh600584,长电科技,2025-10-21 10:47:06,40.39,12300,40.4,D
sh600584,长电科技,2025-10-21 10:47:09,40.41,17700,40.39,U
sh600584,长电科技,2025-10-21 10:47:12,40.4,5900,40.41,D
sh600584,长电科技,2025-10-21 10:47:15,40.42,22500,40.4,U
sh600584,长电科技,2025-10-21 10:47:18,40.43,85400,40.42,U
sh600584,长电科技,2025-10-21 10:47:21,40.43,6600,40.43,D
sh600584,长电科技,2025-10-21 10:47:27,40.42,5800,40.42,D
sh600584,长电科技,2025-10-21 10:47:36,40.41,5600,40.42,D
sh600584,长电科技,2025-10-21 10:47:42,40.41,8100,40.41,U
sh600584,长电科技,2025-10-21 10:47:48,40.41,8200,40.41,D
sh600584,长电科技,2025-10-21 10:47:57,40.42,5000,40.41,U
sh600584,长电科技,2025-10-21 10:48:00,40.41,5900,40.42,D
sh600584,长电科技,2025-10-21 10:48:03,40.41,9200,40.41,D
sh600584,长电科技,2025-10-21 10:48:06,40.41,8400,40.41,D
sh600584,长电科技,2025-10-21 10:48:15,40.41,5100,40.41,U
sh600584,长电科技,2025-10-21 10:48:18,40.4,11700,40.41,D
sh600584,长电科技,2025-10-21 10:48:21,40.41,5900,40.4,U
sh600584,长电科技,2025-10-21 10:48:24,40.41,17600,40.41,U
sh600584,长电科技,2025-10-21 10:48:27,40.41,5600,40.41,U
sh600584,长电科技,2025-10-21 10:48:30,40.41,8500,40.41,U
sh600584,长电科技,2025-10-21 10:48:33,40.4,29200,40.41,D
sh600584,长电科技,2025-10-21 10:48:36,40.4,41500,40.4,D
sh600584,长电科技,2025-10-21 10:48:39,40.4,10300,40.4,D
sh600584,长电科技,2025-10-21 10:48:45,40.41,10800,40.4,U
sh600584,长电科技,2025-10-21 10:48:48,40.41,5400,40.41,U
sh600584,长电科技,2025-10-21 10:48:51,40.41,5300,40.41,D
sh600584,长电科技,2025-10-21 10:49:03,40.4,6000,40.4,U
sh600584,长电科技,2025-10-21 10:49:06,40.4,8200,40.4,D
sh600584,长电科技,2025-10-21 10:49:12,40.4,10500,40.4,U
sh600584,长电科技,2025-10-21 10:49:15,40.41,48300,40.4,U
sh600584,长电科技,2025-10-21 10:49:21,40.4,5500,40.4,D
sh600584,长电科技,2025-10-21 10:49:24,40.4,11500,40.4,D
sh600584,长电科技,2025-10-21 10:49:27,40.4,11200,40.4,D
sh600584,长电科技,2025-10-21 10:49:30,40.4,6100,40.4,D
sh600584,长电科技,2025-10-21 10:49:33,40.4,13200,40.4,D
sh600584,长电科技,2025-10-21 10:49:42,40.4,20100,40.39,U
sh600584,长电科技,2025-10-21 10:49:48,40.38,7500,40.39,D
sh600584,长电科技,2025-10-21 10:49:51,40.38,12700,40.38,D
sh600584,长电科技,2025-10-21 10:50:00,40.37,11600,40.39,D
sh600584,长电科技,2025-10-21 10:50:03,40.37,7200,40.37,D
sh600584,长电科技,2025-10-21 10:50:06,40.36,17700,40.37,D
sh600584,长电科技,2025-10-21 10:50:09,40.35,5500,40.36,D
sh600584,长电科技,2025-10-21 10:50:12,40.34,14400,40.35,D
sh600584,长电科技,2025-10-21 10:50:18,40.33,6500,40.33,D
sh600584,长电科技,2025-10-21 10:50:21,40.32,8300,40.33,D
sh600584,长电科技,2025-10-21 10:50:24,40.32,5800,40.32,D
sh600584,长电科技,2025-10-21 10:50:27,40.32,17100,40.32,D
sh600584,长电科技,2025-10-21 10:50:30,40.33,46900,40.32,U
sh600584,长电科技,2025-10-21 10:50:33,40.33,35100,40.33,U
sh600584,长电科技,2025-10-21 10:50:36,40.33,15700,40.33,D
sh600584,长电科技,2025-10-21 10:50:39,40.32,5600,40.33,D
sh600584,长电科技,2025-10-21 10:50:42,40.32,20200,40.32,U
sh600584,长电科技,2025-10-21 10:50:45,40.31,15400,40.32,E
sh600584,长电科技,2025-10-21 10:50:48,40.3,5600,40.31,D
sh600584,长电科技,2025-10-21 10:50:51,40.3,6000,40.3,D
sh600584,长电科技,2025-10-21 10:50:54,40.3,26800,40.3,D
sh600584,长电科技,2025-10-21 10:50:57,40.32,30800,40.3,U
sh600584,长电科技,2025-10-21 10:51:00,40.32,11400,40.32,D
sh600584,长电科技,2025-10-21 10:51:03,40.32,7600,40.32,D
sh600584,长电科技,2025-10-21 10:51:06,40.32,5300,40.32,D
sh600584,长电科技,2025-10-21 10:51:09,40.32,12500,40.32,U
sh600584,长电科技,2025-10-21 10:51:12,40.33,12000,40.32,U
sh600584,长电科技,2025-10-21 10:51:18,40.32,6100,40.32,D
sh600584,长电科技,2025-10-21 10:51:21,40.32,12700,40.32,D
sh600584,长电科技,2025-10-21 10:51:30,40.3,15000,40.3,D
sh600584,长电科技,2025-10-21 10:51:33,40.3,5300,40.3,D
sh600584,长电科技,2025-10-21 10:51:36,40.3,19600,40.3,D
sh600584,长电科技,2025-10-21 10:51:39,40.3,22800,40.3,D
sh600584,长电科技,2025-10-21 10:51:42,40.3,6200,40.3,D
sh600584,长电科技,2025-10-21 10:51:45,40.29,15000,40.3,D
sh600584,长电科技,2025-10-21 10:51:48,40.29,10700,40.29,D
sh600584,长电科技,2025-10-21 10:51:51,40.28,9200,40.29,D
sh600584,长电科技,2025-10-21 10:51:54,40.29,9700,40.28,U
sh600584,长电科技,2025-10-21 10:51:57,40.27,17000,40.29,D
sh600584,长电科技,2025-10-21 10:52:03,40.27,9000,40.28,D
sh600584,长电科技,2025-10-21 10:52:09,40.27,55900,40.27,U
sh600584,长电科技,2025-10-21 10:52:12,40.25,36400,40.27,D
sh600584,长电科技,2025-10-21 10:52:18,40.26,14600,40.26,D
sh600584,长电科技,2025-10-21 10:52:21,40.26,20300,40.26,D
sh600584,长电科技,2025-10-21 10:52:27,40.26,11700,40.25,E
sh600584,长电科技,2025-10-21 10:52:30,40.26,7170,40.26,U
sh600584,长电科技,2025-10-21 10:52:33,40.26,42900,40.26,D
sh600584,长电科技,2025-10-21 10:52:36,40.26,10100,40.26,D
sh600584,长电科技,2025-10-21 10:52:39,40.26,6700,40.26,D
sh600584,长电科技,2025-10-21 10:52:51,40.25,7600,40.25,D
sh600584,长电科技,2025-10-21 10:52:54,40.22,9000,40.25,D
sh600584,长电科技,2025-10-21 10:53:03,40.24,5600,40.22,U
sh600584,长电科技,2025-10-21 10:53:06,40.26,43200,40.24,U
sh600584,长电科技,2025-10-21 10:53:09,40.26,11800,40.26,U
sh600584,长电科技,2025-10-21 10:53:12,40.29,37300,40.26,U
sh600584,长电科技,2025-10-21 10:53:21,40.29,17400,40.28,U
sh600584,长电科技,2025-10-21 10:53:24,40.31,21800,40.29,U
sh600584,长电科技,2025-10-21 10:53:27,40.33,17100,40.31,U
sh600584,长电科技,2025-10-21 10:53:30,40.34,16300,40.33,U
sh600584,长电科技,2025-10-21 10:53:39,40.31,14700,40.34,D
sh600584,长电科技,2025-10-21 10:53:45,40.32,6000,40.33,D
sh600584,长电科技,2025-10-21 10:53:48,40.34,19000,40.32,D
sh600584,长电科技,2025-10-21 10:53:51,40.33,6000,40.34,D
sh600584,长电科技,2025-10-21 10:53:54,40.34,5100,40.33,U
sh600584,长电科技,2025-10-21 10:54:12,40.36,9300,40.35,U
sh600584,长电科技,2025-10-21 10:54:15,40.36,7900,40.36,U
sh600584,长电科技,2025-10-21 10:54:24,40.36,8800,40.36,D
sh600584,长电科技,2025-10-21 10:54:27,40.36,9200,40.36,D
sh600584,长电科技,2025-10-21 10:55:06,40.33,7000,40.33,D
sh600584,长电科技,2025-10-21 10:55:12,40.33,12100,40.33,U
sh600584,长电科技,2025-10-21 10:55:18,40.32,6100,40.31,E
sh600584,长电科技,2025-10-21 10:55:27,40.31,6500,40.31,D
sh600584,长电科技,2025-10-21 10:55:36,40.31,9700,40.3,U
sh600584,长电科技,2025-10-21 10:55:39,40.3,8600,40.31,D
sh600584,长电科技,2025-10-21 10:55:42,40.3,5400,40.3,U
sh600584,长电科技,2025-10-21 10:55:45,40.3,5700,40.3,U
sh600584,长电科技,2025-10-21 10:55:48,40.3,16900,40.3,U
sh600584,长电科技,2025-10-21 10:55:51,40.3,8400,40.3,U
sh600584,长电科技,2025-10-21 10:55:54,40.28,13600,40.3,D
sh600584,长电科技,2025-10-21 10:55:57,40.29,31600,40.28,U
sh600584,长电科技,2025-10-21 10:56:00,40.3,5700,40.29,U
sh600584,长电科技,2025-10-21 10:56:06,40.28,6200,40.29,D
sh600584,长电科技,2025-10-21 10:56:24,40.3,8500,40.3,U
sh600584,长电科技,2025-10-21 10:56:27,40.29,7300,40.3,D
sh600584,长电科技,2025-10-21 10:56:33,40.3,12300,40.31,D
sh600584,长电科技,2025-10-21 10:56:48,40.29,13400,40.3,D
sh600584,长电科技,2025-10-21 10:56:57,40.29,15000,40.29,U
sh600584,长电科技,2025-10-21 10:57:03,40.28,38900,40.29,D
sh600584,长电科技,2025-10-21 10:57:18,40.26,8100,40.26,D
sh600584,长电科技,2025-10-21 10:57:24,40.27,15100,40.26,U
sh600584,长电科技,2025-10-21 10:57:30,40.26,11000,40.25,D
sh600584,长电科技,2025-10-21 10:57:33,40.29,18400,40.26,U
sh600584,长电科技,2025-10-21 10:57:36,40.29,20200,40.29,D
sh600584,长电科技,2025-10-21 10:57:42,40.31,15500,40.29,U
sh600584,长电科技,2025-10-21 10:57:45,40.29,16800,40.31,D
sh600584,长电科技,2025-10-21 10:57:57,40.29,14800,40.28,U
sh600584,长电科技,2025-10-21 10:58:12,40.25,5300,40.26,D
sh600584,长电科技,2025-10-21 10:58:18,40.26,5200,40.28,D
sh600584,长电科技,2025-10-21 10:58:24,40.25,15300,40.27,D
sh600584,长电科技,2025-10-21 10:58:36,40.27,9800,40.25,U
sh600584,长电科技,2025-10-21 10:58:39,40.27,14600,40.27,U
sh600584,长电科技,2025-10-21 10:58:48,40.25,9500,40.25,D
sh600584,长电科技,2025-10-21 10:58:51,40.26,28500,40.25,U
sh600584,长电科技,2025-10-21 10:58:54,40.26,31000,40.26,U
sh600584,长电科技,2025-10-21 10:58:57,40.26,9100,40.26,D
sh600584,长电科技,2025-10-21 10:59:00,40.28,12700,40.26,U
sh600584,长电科技,2025-10-21 10:59:09,40.28,6300,40.28,D
sh600584,长电科技,2025-10-21 10:59:12,40.28,5700,40.28,U
sh600584,长电科技,2025-10-21 10:59:18,40.29,12600,40.28,U
sh600584,长电科技,2025-10-21 10:59:21,40.27,6400,40.29,D
sh600584,长电科技,2025-10-21 10:59:36,40.27,7800,40.28,D
sh600584,长电科技,2025-10-21 10:59:39,40.27,5900,40.27,U
sh600584,长电科技,2025-10-21 10:59:54,40.26,7200,40.26,D
sh600584,长电科技,2025-10-21 11:00:03,40.25,6500,40.26,D
sh600584,长电科技,2025-10-21 11:00:12,40.27,7900,40.26,U
sh600584,长电科技,2025-10-21 11:00:21,40.26,29900,40.28,D
sh600584,长电科技,2025-10-21 11:00:27,40.26,16600,40.26,U
sh600584,长电科技,2025-10-21 11:00:33,40.25,23200,40.26,D
sh600584,长电科技,2025-10-21 11:00:36,40.26,9800,40.25,U
sh600584,长电科技,2025-10-21 11:00:42,40.24,39500,40.24,D
sh600584,长电科技,2025-10-21 11:01:12,40.21,51700,40.22,D
sh600584,长电科技,2025-10-21 11:01:15,40.21,224700,40.21,U
sh600584,长电科技,2025-10-21 11:01:18,40.23,50700,40.21,U
sh600584,长电科技,2025-10-21 11:01:21,40.21,5700,40.23,D
sh600584,长电科技,2025-10-21 11:01:27,40.23,11700,40.21,U
sh600584,长电科技,2025-10-21 11:01:30,40.21,18500,40.23,D
sh600584,长电科技,2025-10-21 11:01:36,40.21,5400,40.21,D
sh600584,长电科技,2025-10-21 11:01:39,40.24,5700,40.21,U
sh600584,长电科技,2025-10-21 11:01:42,40.24,9270,40.24,U
sh600584,长电科技,2025-10-21 11:01:48,40.23,6000,40.25,D
sh600584,长电科技,2025-10-21 11:01:51,40.25,9600,40.23,U
sh600584,长电科技,2025-10-21 11:01:57,40.25,6200,40.24,U
sh600584,长电科技,2025-10-21 11:02:12,40.26,5800,40.25,U
sh600584,长电科技,2025-10-21 11:02:21,40.25,8300,40.25,D
sh600584,长电科技,2025-10-21 11:02:27,40.25,12500,40.25,D
sh600584,长电科技,2025-10-21 11:02:33,40.25,20600,40.26,D
sh600584,长电科技,2025-10-21 11:02:45,40.25,18100,40.25,U
sh600584,长电科技,2025-10-21 11:02:48,40.23,31500,40.25,D
sh600584,长电科技,2025-10-21 11:02:51,40.23,12900,40.23,U
sh600584,长电科技,2025-10-21 11:02:54,40.23,32100,40.23,U
sh600584,长电科技,2025-10-21 11:02:57,40.22,19500,40.23,D
sh600584,长电科技,2025-10-21 11:03:00,40.23,63000,40.22,U
sh600584,长电科技,2025-10-21 11:03:03,40.23,64100,40.23,U
sh600584,长电科技,2025-10-21 11:03:06,40.23,31500,40.23,U
sh600584,长电科技,2025-10-21 11:03:12,40.25,24300,40.22,U
sh600584,长电科技,2025-10-21 11:03:21,40.24,6300,40.24,U
sh600584,长电科技,2025-10-21 11:03:24,40.25,7000,40.24,U
sh600584,长电科技,2025-10-21 11:03:27,40.23,27200,40.25,D
sh600584,长电科技,2025-10-21 11:03:36,40.23,12800,40.24,D
sh600584,长电科技,2025-10-21 11:03:42,40.24,31852,40.24,D
sh600584,长电科技,2025-10-21 11:03:45,40.24,23200,40.24,D
sh600584,长电科技,2025-10-21 11:03:51,40.23,12448,40.24,D
sh600584,长电科技,2025-10-21 11:03:54,40.23,6700,40.23,U
sh600584,长电科技,2025-10-21 11:03:57,40.23,27000,40.23,U
sh600584,长电科技,2025-10-21 11:04:00,40.23,116300,40.23,U
sh600584,长电科技,2025-10-21 11:04:03,40.23,89952,40.23,U
sh600584,长电科技,2025-10-21 11:04:06,40.25,53800,40.23,U
sh600584,长电科技,2025-10-21 11:04:09,40.25,84800,40.25,U
sh600584,长电科技,2025-10-21 11:04:12,40.26,76100,40.25,U
sh600584,长电科技,2025-10-21 11:04:18,40.26,13200,40.26,U
sh600584,长电科技,2025-10-21 11:04:21,40.26,10800,40.26,U
sh600584,长电科技,2025-10-21 11:04:24,40.26,5100,40.26,U
sh600584,长电科技,2025-10-21 11:04:30,40.28,134200,40.26,U
sh600584,长电科技,2025-10-21 11:04:39,40.3,6500,40.29,U
sh600584,长电科技,2025-10-21 11:04:42,40.3,12700,40.3,U
sh600584,长电科技,2025-10-21 11:04:45,40.3,23400,40.3,U
sh600584,长电科技,2025-10-21 11:04:48,40.28,62300,40.3,D
sh600584,长电科技,2025-10-21 11:04:51,40.28,22900,40.28,U
sh600584,长电科技,2025-10-21 11:04:54,40.27,9600,40.28,D
sh600584,长电科技,2025-10-21 11:04:57,40.28,16200,40.27,U
sh600584,长电科技,2025-10-21 11:05:06,40.28,17400,40.28,U
sh600584,长电科技,2025-10-21 11:05:09,40.28,48200,40.28,U
sh600584,长电科技,2025-10-21 11:05:12,40.28,49900,40.28,U
sh600584,长电科技,2025-10-21 11:05:15,40.28,22900,40.28,U
sh600584,长电科技,2025-10-21 11:05:18,40.29,19000,40.28,U
sh600584,长电科技,2025-10-21 11:05:21,40.3,8400,40.29,U
sh600584,长电科技,2025-10-21 11:05:33,40.32,6600,40.32,U
sh600584,长电科技,2025-10-21 11:05:36,40.32,5200,40.32,U
sh600584,长电科技,2025-10-21 11:05:48,40.31,32000,40.32,D
sh600584,长电科技,2025-10-21 11:05:51,40.3,6400,40.31,D
sh600584,长电科技,2025-10-21 11:05:54,40.31,22000,40.3,U
sh600584,长电科技,2025-10-21 11:06:12,40.31,6900,40.31,U
sh600584,长电科技,2025-10-21 11:06:15,40.31,7800,40.31,U
sh600584,长电科技,2025-10-21 11:06:18,40.31,12700,40.31,U
sh600584,长电科技,2025-10-21 11:06:21,40.31,12600,40.31,U
sh600584,长电科技,2025-10-21 11:06:24,40.31,6000,40.31,U
sh600584,长电科技,2025-10-21 11:06:30,40.3,7600,40.31,D
sh600584,长电科技,2025-10-21 11:06:36,40.31,11000,40.31,U
sh600584,长电科技,2025-10-21 11:06:39,40.3,7700,40.31,D
sh600584,长电科技,2025-10-21 11:06:57,40.31,5200,40.31,U
sh600584,长电科技,2025-10-21 11:07:00,40.3,42700,40.31,D
sh600584,长电科技,2025-10-21 11:07:03,40.3,5000,40.3,U
sh600584,长电科技,2025-10-21 11:07:06,40.29,6600,40.3,D
sh600584,长电科技,2025-10-21 11:07:09,40.29,9800,40.29,D
sh600584,长电科技,2025-10-21 11:07:27,40.29,7700,40.29,U
sh600584,长电科技,2025-10-21 11:07:36,40.28,12700,40.28,D
sh600584,长电科技,2025-10-21 11:07:42,40.28,6600,40.28,D
sh600584,长电科技,2025-10-21 11:07:48,40.28,6800,40.28,U
sh600584,长电科技,2025-10-21 11:07:57,40.28,19700,40.28,D
sh600584,长电科技,2025-10-21 11:08:00,40.29,5400,40.28,U
sh600584,长电科技,2025-10-21 11:08:06,40.26,60900,40.29,D
sh600584,长电科技,2025-10-21 11:08:09,40.23,50100,40.26,D
sh600584,长电科技,2025-10-21 11:08:12,40.21,89352,40.23,D
sh600584,长电科技,2025-10-21 11:08:15,40.2,67200,40.21,D
sh600584,长电科技,2025-10-21 11:08:27,40.21,9700,40.21,U
sh600584,长电科技,2025-10-21 11:08:36,40.22,12900,40.21,U
sh600584,长电科技,2025-10-21 11:08:48,40.21,14200,40.21,D
sh600584,长电科技,2025-10-21 11:08:54,40.2,14000,40.21,D
sh600584,长电科技,2025-10-21 11:09:03,40.21,6700,40.21,U
sh600584,长电科技,2025-10-21 11:09:06,40.22,5000,40.21,U
sh600584,长电科技,2025-10-21 11:09:09,40.25,14900,40.22,U
sh600584,长电科技,2025-10-21 11:09:12,40.21,6500,40.25,D
sh600584,长电科技,2025-10-21 11:09:27,40.22,21600,40.22,U
sh600584,长电科技,2025-10-21 11:09:51,40.22,8800,40.22,D
sh600584,长电科技,2025-10-21 11:09:54,40.22,7000,40.22,U
sh600584,长电科技,2025-10-21 11:10:00,40.22,5200,40.21,U
sh600584,长电科技,2025-10-21 11:10:03,40.21,5700,40.22,D
sh600584,长电科技,2025-10-21 11:10:21,40.25,5500,40.25,U
sh600584,长电科技,2025-10-21 11:10:27,40.26,25800,40.25,U
sh600584,长电科技,2025-10-21 11:10:39,40.27,8000,40.23,U
sh600584,长电科技,2025-10-21 11:11:33,40.26,6100,40.26,U
sh600584,长电科技,2025-10-21 11:11:36,40.26,10000,40.26,U
sh600584,长电科技,2025-10-21 11:11:39,40.25,7100,40.26,D
sh600584,长电科技,2025-10-21 11:11:42,40.26,12100,40.25,U
sh600584,长电科技,2025-10-21 11:11:48,40.25,16400,40.27,D
sh600584,长电科技,2025-10-21 11:12:12,40.26,12500,40.27,D
sh600584,长电科技,2025-10-21 11:12:18,40.26,25000,40.26,U
sh600584,长电科技,2025-10-21 11:12:21,40.26,9800,40.26,U
sh600584,长电科技,2025-10-21 11:12:33,40.26,24600,40.25,U
sh600584,长电科技,2025-10-21 11:12:36,40.25,7900,40.26,D
sh600584,长电科技,2025-10-21 11:13:03,40.26,10200,40.26,U
sh600584,长电科技,2025-10-21 11:13:06,40.26,5200,40.26,U
sh600584,长电科技,2025-10-21 11:13:09,40.26,8600,40.26,U
sh600584,长电科技,2025-10-21 11:13:21,40.25,16000,40.26,D
sh600584,长电科技,2025-10-21 11:13:33,40.25,7400,40.25,U
sh600584,长电科技,2025-10-21 11:13:36,40.25,37600,40.25,U
sh600584,长电科技,2025-10-21 11:13:39,40.24,18700,40.25,D
sh600584,长电科技,2025-10-21 11:13:42,40.24,5200,40.24,U
sh600584,长电科技,2025-10-21 11:13:54,40.23,12900,40.23,D
sh600584,长电科技,2025-10-21 11:13:57,40.23,21500,40.23,U
sh600584,长电科技,2025-10-21 11:14:00,40.23,19400,40.23,U
sh600584,长电科技,2025-10-21 11:14:03,40.22,11900,40.23,D
sh600584,长电科技,2025-10-21 11:14:06,40.23,42400,40.22,U
sh600584,长电科技,2025-10-21 11:14:09,40.25,120600,40.23,U
sh600584,长电科技,2025-10-21 11:14:12,40.26,90400,40.25,U
sh600584,长电科技,2025-10-21 11:14:15,40.29,12600,40.26,U
sh600584,长电科技,2025-10-21 11:14:18,40.29,15800,40.29,U
sh600584,长电科技,2025-10-21 11:14:24,40.3,7300,40.3,U
sh600584,长电科技,2025-10-21 11:14:27,40.29,8800,40.3,D
sh600584,长电科技,2025-10-21 11:14:36,40.29,5000,40.3,D
sh600584,长电科技,2025-10-21 11:14:45,40.3,6900,40.3,U
sh600584,长电科技,2025-10-21 11:14:48,40.29,18400,40.3,D
sh600584,长电科技,2025-10-21 11:14:51,40.29,7800,40.29,D
sh600584,长电科技,2025-10-21 11:15:06,40.27,9000,40.3,D
sh600584,长电科技,2025-10-21 11:15:09,40.25,11500,40.27,D
sh600584,长电科技,2025-10-21 11:15:12,40.23,9600,40.25,D
sh600584,长电科技,2025-10-21 11:15:21,40.23,5200,40.23,D
sh600584,长电科技,2025-10-21 11:15:36,40.26,6800,40.25,U
sh600584,长电科技,2025-10-21 11:15:54,40.26,6800,40.26,U
sh600584,长电科技,2025-10-21 11:16:33,40.28,7600,40.28,D
sh600584,长电科技,2025-10-21 11:16:48,40.3,6100,40.29,U
sh600584,长电科技,2025-10-21 11:16:54,40.28,5500,40.28,D
sh600584,长电科技,2025-10-21 11:17:00,40.3,8600,40.29,U
sh600584,长电科技,2025-10-21 11:17:09,40.28,7800,40.28,U
sh600584,长电科技,2025-10-21 11:17:21,40.3,10500,40.29,U
sh600584,长电科技,2025-10-21 11:17:27,40.28,13800,40.29,D
sh600584,长电科技,2025-10-21 11:17:33,40.29,11700,40.29,U
sh600584,长电科技,2025-10-21 11:17:36,40.29,12500,40.29,U
sh600584,长电科技,2025-10-21 11:17:45,40.29,6300,40.28,U
sh600584,长电科技,2025-10-21 11:17:48,40.29,5000,40.29,U
sh600584,长电科技,2025-10-21 11:17:51,40.28,15000,40.29,D
sh600584,长电科技,2025-10-21 11:17:57,40.28,5300,40.28,U
sh600584,长电科技,2025-10-21 11:18:00,40.28,6600,40.28,D
sh600584,长电科技,2025-10-21 11:18:03,40.28,5700,40.28,D
sh600584,长电科技,2025-10-21 11:18:06,40.29,10600,40.28,D
sh600584,长电科技,2025-10-21 11:18:12,40.28,5500,40.29,D
sh600584,长电科技,2025-10-21 11:18:18,40.28,8100,40.28,D
sh600584,长电科技,2025-10-21 11:18:24,40.27,5300,40.28,D
sh600584,长电科技,2025-10-21 11:18:30,40.28,13600,40.28,U
sh600584,长电科技,2025-10-21 11:18:45,40.27,14300,40.28,D
sh600584,长电科技,2025-10-21 11:18:54,40.26,16700,40.28,D
sh600584,长电科技,2025-10-21 11:19:00,40.27,26100,40.27,U
sh600584,长电科技,2025-10-21 11:19:15,40.28,6900,40.26,U
sh600584,长电科技,2025-10-21 11:19:24,40.27,6700,40.27,U
sh600584,长电科技,2025-10-21 11:19:30,40.28,18400,40.27,U
sh600584,长电科技,2025-10-21 11:19:42,40.28,5100,40.27,U
sh600584,长电科技,2025-10-21 11:19:57,40.28,7800,40.29,D
sh600584,长电科技,2025-10-21 11:20:00,40.28,6100,40.28,D
sh600584,长电科技,2025-10-21 11:20:24,40.29,7700,40.29,U
sh600584,长电科技,2025-10-21 11:20:30,40.3,7100,40.29,U
sh600584,长电科技,2025-10-21 11:20:33,40.3,7200,40.3,U
sh600584,长电科技,2025-10-21 11:20:48,40.3,8100,40.3,U
sh600584,长电科技,2025-10-21 11:20:51,40.3,8300,40.3,U
sh600584,长电科技,2025-10-21 11:20:54,40.29,14900,40.3,D
sh600584,长电科技,2025-10-21 11:20:57,40.29,6800,40.29,U
sh600584,长电科技,2025-10-21 11:21:09,40.3,6300,40.3,U
sh600584,长电科技,2025-10-21 11:21:12,40.3,22800,40.3,U
sh600584,长电科技,2025-10-21 11:21:15,40.3,5400,40.3,D
sh600584,长电科技,2025-10-21 11:21:24,40.3,8400,40.3,D
sh600584,长电科技,2025-10-21 11:21:39,40.3,5700,40.3,D
sh600584,长电科技,2025-10-21 11:21:42,40.31,11300,40.3,U
sh600584,长电科技,2025-10-21 11:21:45,40.31,8700,40.31,U
sh600584,长电科技,2025-10-21 11:21:51,40.32,5200,40.32,U
sh600584,长电科技,2025-10-21 11:22:00,40.31,5300,40.32,D
sh600584,长电科技,2025-10-21 11:22:18,40.33,11000,40.33,U
sh600584,长电科技,2025-10-21 11:22:36,40.34,6200,40.33,U
sh600584,长电科技,2025-10-21 11:22:42,40.33,7900,40.33,D
sh600584,长电科技,2025-10-21 11:22:54,40.34,5300,40.34,U
sh600584,长电科技,2025-10-21 11:22:57,40.34,6000,40.34,U
sh600584,长电科技,2025-10-21 11:23:03,40.34,18500,40.34,D
sh600584,长电科技,2025-10-21 11:23:06,40.33,29000,40.34,D
sh600584,长电科技,2025-10-21 11:23:27,40.34,5800,40.34,U
sh600584,长电科技,2025-10-21 11:23:30,40.34,12400,40.34,U
sh600584,长电科技,2025-10-21 11:23:33,40.33,9700,40.34,D
sh600584,长电科技,2025-10-21 11:23:36,40.34,5200,40.33,U
sh600584,长电科技,2025-10-21 11:23:42,40.33,8300,40.34,D
sh600584,长电科技,2025-10-21 11:23:48,40.34,34900,40.33,U
sh600584,长电科技,2025-10-21 11:23:57,40.33,6300,40.34,D
sh600584,长电科技,2025-10-21 11:24:03,40.33,7400,40.34,D
sh600584,长电科技,2025-10-21 11:24:12,40.33,5300,40.33,U
sh600584,长电科技,2025-10-21 11:24:15,40.32,12300,40.33,D
sh600584,长电科技,2025-10-21 11:24:18,40.34,19800,40.32,U
sh600584,长电科技,2025-10-21 11:24:33,40.33,10400,40.32,U
sh600584,长电科技,2025-10-21 11:24:45,40.34,10600,40.34,U
sh600584,长电科技,2025-10-21 11:24:57,40.34,13300,40.33,U
sh600584,长电科技,2025-10-21 11:25:18,40.32,6100,40.33,D
sh600584,长电科技,2025-10-21 11:25:36,40.31,20400,40.32,D
sh600584,长电科技,2025-10-21 11:25:51,40.31,5900,40.3,U
sh600584,长电科技,2025-10-21 11:25:57,40.31,5000,40.3,U
sh600584,长电科技,2025-10-21 11:26:03,40.31,12800,40.31,U
sh600584,长电科技,2025-10-21 11:26:06,40.31,13400,40.31,U
sh600584,长电科技,2025-10-21 11:26:12,40.31,10700,40.31,D
sh600584,长电科技,2025-10-21 11:26:21,40.31,5500,40.3,U
sh600584,长电科技,2025-10-21 11:26:33,40.3,34200,40.3,D
sh600584,长电科技,2025-10-21 11:26:36,40.3,14300,40.3,D
sh600584,长电科技,2025-10-21 11:26:45,40.31,35000,40.3,U
sh600584,长电科技,2025-10-21 11:27:03,40.32,5700,40.32,U
sh600584,长电科技,2025-10-21 11:27:06,40.31,42300,40.32,D
sh600584,长电科技,2025-10-21 11:27:09,40.32,17900,40.31,U
sh600584,长电科技,2025-10-21 11:27:12,40.31,11100,40.32,D
sh600584,长电科技,2025-10-21 11:27:27,40.31,7600,40.31,D
sh600584,长电科技,2025-10-21 11:27:30,40.32,5800,40.31,U
sh600584,长电科技,2025-10-21 11:27:33,40.31,9200,40.32,D
sh600584,长电科技,2025-10-21 11:27:36,40.32,5500,40.31,U
sh600584,长电科技,2025-10-21 11:28:03,40.31,12000,40.31,U
sh600584,长电科技,2025-10-21 11:28:12,40.28,63200,40.3,D
sh600584,长电科技,2025-10-21 11:28:15,40.26,23400,40.28,D
sh600584,长电科技,2025-10-21 11:28:18,40.26,9800,40.26,D
sh600584,长电科技,2025-10-21 11:28:21,40.26,8000,40.26,D
sh600584,长电科技,2025-10-21 11:28:24,40.25,19300,40.26,D
sh600584,长电科技,2025-10-21 11:28:33,40.25,41800,40.25,D
sh600584,长电科技,2025-10-21 11:28:36,40.25,6900,40.25,U
sh600584,长电科技,2025-10-21 11:28:39,40.24,8400,40.25,D
sh600584,长电科技,2025-10-21 11:28:57,40.25,7300,40.25,E
sh600584,长电科技,2025-10-21 11:29:06,40.25,9500,40.25,U
sh600584,长电科技,2025-10-21 11:29:12,40.24,5600,40.25,D
sh600584,长电科技,2025-10-21 11:29:21,40.24,11500,40.24,D
sh600584,长电科技,2025-10-21 11:29:33,40.23,7300,40.26,D
sh600584,长电科技,2025-10-21 11:29:36,40.24,8600,40.23,U
sh600584,长电科技,2025-10-21 11:29:39,40.24,7600,40.24,U
sh600584,长电科技,2025-10-21 11:29:48,40.23,8700,40.23,D
sh600584,长电科技,2025-10-21 11:29:51,40.24,9200,40.23,E
sh600584,长电科技,2025-10-21 11:29:57,40.23,7600,40.23,D
sh600584,长电科技,2025-10-21 11:29:59,40.23,18100,40.23,D
sh600584,长电科技,2025-10-21 13:00:03,40.22,67800,40.22,D
sh600584,长电科技,2025-10-21 13:00:06,40.23,66100,40.22,U
sh600584,长电科技,2025-10-21 13:00:09,40.23,68200,40.23,D
sh600584,长电科技,2025-10-21 13:00:12,40.23,52900,40.23,D
sh600584,长电科技,2025-10-21 13:00:15,40.22,75800,40.23,D
sh600584,长电科技,2025-10-21 13:00:18,40.21,18900,40.22,D
sh600584,长电科技,2025-10-21 13:00:21,40.19,85200,40.21,D
sh600584,长电科技,2025-10-21 13:00:24,40.17,69300,40.19,D
sh600584,长电科技,2025-10-21 13:00:27,40.13,95000,40.17,D
sh600584,长电科技,2025-10-21 13:00:30,40.15,24200,40.13,U
sh600584,长电科技,2025-10-21 13:00:33,40.16,8800,40.15,U
sh600584,长电科技,2025-10-21 13:00:39,40.16,7900,40.11,U
sh600584,长电科技,2025-10-21 13:00:42,40.15,5500,40.16,D
sh600584,长电科技,2025-10-21 13:00:51,40.12,14300,40.16,D
sh600584,长电科技,2025-10-21 13:00:54,40.11,7800,40.12,D
sh600584,长电科技,2025-10-21 13:01:06,40.14,7100,40.13,U
sh600584,长电科技,2025-10-21 13:01:09,40.12,39800,40.14,D
sh600584,长电科技,2025-10-21 13:01:15,40.14,21500,40.12,D
sh600584,长电科技,2025-10-21 13:01:21,40.15,6900,40.14,U
sh600584,长电科技,2025-10-21 13:01:24,40.14,21700,40.15,D
sh600584,长电科技,2025-10-21 13:01:27,40.14,11400,40.14,U
sh600584,长电科技,2025-10-21 13:01:30,40.14,5500,40.14,D
sh600584,长电科技,2025-10-21 13:01:36,40.14,9500,40.14,U
sh600584,长电科技,2025-10-21 13:01:42,40.15,22900,40.14,D
sh600584,长电科技,2025-10-21 13:01:45,40.15,11303,40.15,U
sh600584,长电科技,2025-10-21 13:02:03,40.2,5800,40.19,U
sh600584,长电科技,2025-10-21 13:02:06,40.2,9700,40.2,D
sh600584,长电科技,2025-10-21 13:02:09,40.2,8200,40.2,U
sh600584,长电科技,2025-10-21 13:02:12,40.2,5100,40.2,U
sh600584,长电科技,2025-10-21 13:02:15,40.2,5900,40.2,U
sh600584,长电科技,2025-10-21 13:02:18,40.19,15700,40.2,E
sh600584,长电科技,2025-10-21 13:02:21,40.2,10300,40.19,U
sh600584,长电科技,2025-10-21 13:02:24,40.2,12600,40.2,U
sh600584,长电科技,2025-10-21 13:02:30,40.2,11200,40.2,D
sh600584,长电科技,2025-10-21 13:02:33,40.2,12800,40.2,U
sh600584,长电科技,2025-10-21 13:02:39,40.19,7200,40.2,D
sh600584,长电科技,2025-10-21 13:02:45,40.17,6800,40.19,D
sh600584,长电科技,2025-10-21 13:02:51,40.17,12700,40.17,D
sh600584,长电科技,2025-10-21 13:02:57,40.17,8600,40.17,D
sh600584,长电科技,2025-10-21 13:03:03,40.17,11700,40.17,U
sh600584,长电科技,2025-10-21 13:03:06,40.17,14500,40.17,U
sh600584,长电科技,2025-10-21 13:03:12,40.15,19300,40.17,D
sh600584,长电科技,2025-10-21 13:03:15,40.16,22500,40.15,U
sh600584,长电科技,2025-10-21 13:03:18,40.15,12100,40.16,D
sh600584,长电科技,2025-10-21 13:03:21,40.15,15800,40.15,U
sh600584,长电科技,2025-10-21 13:03:24,40.13,8700,40.15,D
sh600584,长电科技,2025-10-21 13:03:30,40.13,5400,40.14,D
sh600584,长电科技,2025-10-21 13:03:33,40.13,11800,40.13,D
sh600584,长电科技,2025-10-21 13:03:36,40.14,38000,40.13,U
sh600584,长电科技,2025-10-21 13:03:42,40.12,24800,40.13,D
sh600584,长电科技,2025-10-21 13:03:48,40.12,9400,40.12,U
sh600584,长电科技,2025-10-21 13:03:51,40.12,6000,40.12,U
sh600584,长电科技,2025-10-21 13:03:54,40.11,5900,40.12,D
sh600584,长电科技,2025-10-21 13:03:57,40.11,20700,40.11,D
sh600584,长电科技,2025-10-21 13:04:00,40.12,6700,40.11,U
sh600584,长电科技,2025-10-21 13:04:03,40.11,36100,40.12,U
sh600584,长电科技,2025-10-21 13:04:06,40.11,13800,40.11,U
sh600584,长电科技,2025-10-21 13:04:09,40.1,31100,40.11,D
sh600584,长电科技,2025-10-21 13:04:12,40.1,9800,40.1,D
sh600584,长电科技,2025-10-21 13:04:15,40.1,19100,40.1,D
sh600584,长电科技,2025-10-21 13:04:18,40.12,13000,40.1,U
sh600584,长电科技,2025-10-21 13:04:24,40.12,29000,40.11,U
sh600584,长电科技,2025-10-21 13:04:30,40.13,6900,40.11,U
sh600584,长电科技,2025-10-21 13:04:39,40.13,7600,40.12,U
sh600584,长电科技,2025-10-21 13:04:45,40.12,11800,40.12,D
sh600584,长电科技,2025-10-21 13:04:51,40.12,6800,40.13,D
sh600584,长电科技,2025-10-21 13:04:57,40.13,35800,40.13,U
sh600584,长电科技,2025-10-21 13:05:00,40.13,7600,40.13,U
sh600584,长电科技,2025-10-21 13:05:03,40.13,10100,40.13,U
sh600584,长电科技,2025-10-21 13:05:06,40.13,12100,40.13,U
sh600584,长电科技,2025-10-21 13:05:12,40.16,7600,40.13,U
sh600584,长电科技,2025-10-21 13:05:15,40.14,52600,40.16,D
sh600584,长电科技,2025-10-21 13:05:18,40.14,6400,40.14,D
sh600584,长电科技,2025-10-21 13:05:21,40.14,8900,40.14,D
sh600584,长电科技,2025-10-21 13:05:24,40.13,6900,40.14,D
sh600584,长电科技,2025-10-21 13:05:27,40.13,6000,40.13,D
sh600584,长电科技,2025-10-21 13:06:27,40.2,17800,40.2,U
sh600584,长电科技,2025-10-21 13:06:30,40.2,6700,40.2,U
sh600584,长电科技,2025-10-21 13:06:33,40.2,7500,40.2,D
sh600584,长电科技,2025-10-21 13:06:36,40.18,29000,40.2,D
sh600584,长电科技,2025-10-21 13:06:39,40.15,9300,40.18,D
sh600584,长电科技,2025-10-21 13:06:45,40.18,10200,40.16,U
sh600584,长电科技,2025-10-21 13:06:51,40.16,6100,40.16,D
sh600584,长电科技,2025-10-21 13:06:54,40.18,6100,40.16,U
sh600584,长电科技,2025-10-21 13:06:57,40.17,7300,40.18,E
sh600584,长电科技,2025-10-21 13:07:00,40.16,11900,40.17,D
sh600584,长电科技,2025-10-21 13:07:12,40.16,6300,40.16,D
sh600584,长电科技,2025-10-21 13:07:18,40.17,13100,40.17,D
sh600584,长电科技,2025-10-21 13:07:21,40.18,8500,40.17,U
sh600584,长电科技,2025-10-21 13:07:24,40.16,6000,40.18,D
sh600584,长电科技,2025-10-21 13:07:27,40.18,8400,40.16,U
sh600584,长电科技,2025-10-21 13:07:39,40.17,13200,40.18,D
sh600584,长电科技,2025-10-21 13:07:45,40.18,12600,40.18,D
sh600584,长电科技,2025-10-21 13:07:48,40.2,5800,40.18,U
sh600584,长电科技,2025-10-21 13:07:51,40.2,11000,40.2,U
sh600584,长电科技,2025-10-21 13:08:00,40.21,5700,40.21,E
sh600584,长电科技,2025-10-21 13:08:09,40.2,13500,40.21,D
sh600584,长电科技,2025-10-21 13:08:12,40.19,5000,40.2,D
sh600584,长电科技,2025-10-21 13:08:15,40.18,82900,40.19,D
sh600584,长电科技,2025-10-21 13:08:21,40.18,41800,40.19,D
sh600584,长电科技,2025-10-21 13:08:24,40.17,23600,40.18,D
sh600584,长电科技,2025-10-21 13:08:27,40.16,11300,40.17,D
sh600584,长电科技,2025-10-21 13:08:36,40.18,13100,40.17,U
sh600584,长电科技,2025-10-21 13:08:39,40.18,5900,40.18,D
sh600584,长电科技,2025-10-21 13:08:45,40.19,5700,40.18,U
sh600584,长电科技,2025-10-21 13:08:48,40.18,16000,40.19,D
sh600584,长电科技,2025-10-21 13:08:57,40.18,7800,40.18,D
sh600584,长电科技,2025-10-21 13:09:00,40.19,5700,40.18,U
sh600584,长电科技,2025-10-21 13:09:03,40.19,5700,40.19,U
sh600584,长电科技,2025-10-21 13:09:06,40.19,14400,40.19,U
sh600584,长电科技,2025-10-21 13:09:09,40.19,10400,40.19,U
sh600584,长电科技,2025-10-21 13:09:18,40.18,5200,40.2,D
sh600584,长电科技,2025-10-21 13:09:30,40.22,13200,40.21,U
sh600584,长电科技,2025-10-21 13:09:33,40.23,5300,40.22,U
sh600584,长电科技,2025-10-21 13:09:45,40.24,6600,40.24,U
sh600584,长电科技,2025-10-21 13:09:51,40.25,5500,40.24,U
sh600584,长电科技,2025-10-21 13:09:54,40.25,6500,40.25,U
sh600584,长电科技,2025-10-21 13:09:57,40.25,19600,40.25,U
sh600584,长电科技,2025-10-21 13:10:09,40.27,5600,40.25,U
sh600584,长电科技,2025-10-21 13:10:15,40.25,34000,40.27,D
sh600584,长电科技,2025-10-21 13:10:18,40.25,5100,40.25,U
sh600584,长电科技,2025-10-21 13:10:21,40.25,13500,40.25,U
sh600584,长电科技,2025-10-21 13:10:24,40.25,20600,40.25,U
sh600584,长电科技,2025-10-21 13:10:27,40.28,10300,40.25,U
sh600584,长电科技,2025-10-21 13:10:30,40.27,7200,40.28,E
sh600584,长电科技,2025-10-21 13:10:33,40.28,6100,40.27,U
sh600584,长电科技,2025-10-21 13:10:36,40.26,6200,40.28,E
sh600584,长电科技,2025-10-21 13:10:45,40.27,8500,40.26,U
sh600584,长电科技,2025-10-21 13:10:48,40.27,18500,40.27,U
sh600584,长电科技,2025-10-21 13:10:51,40.28,9400,40.27,U
sh600584,长电科技,2025-10-21 13:11:00,40.27,16700,40.28,D
sh600584,长电科技,2025-10-21 13:11:03,40.27,7800,40.27,D
sh600584,长电科技,2025-10-21 13:11:06,40.27,19500,40.27,U
sh600584,长电科技,2025-10-21 13:11:09,40.27,5700,40.27,U
sh600584,长电科技,2025-10-21 13:11:15,40.27,5300,40.27,U
sh600584,长电科技,2025-10-21 13:11:21,40.27,45800,40.26,U
sh600584,长电科技,2025-10-21 13:11:27,40.27,5100,40.26,U
sh600584,长电科技,2025-10-21 13:11:33,40.25,14600,40.26,D
sh600584,长电科技,2025-10-21 13:11:36,40.26,34900,40.25,U
sh600584,长电科技,2025-10-21 13:11:42,40.25,6800,40.25,D
sh600584,长电科技,2025-10-21 13:11:45,40.24,5700,40.25,D
sh600584,长电科技,2025-10-21 13:11:51,40.23,5100,40.24,D
sh600584,长电科技,2025-10-21 13:11:54,40.23,7300,40.23,U
sh600584,长电科技,2025-10-21 13:12:06,40.22,7900,40.23,D
sh600584,长电科技,2025-10-21 13:12:15,40.21,6200,40.22,D
sh600584,长电科技,2025-10-21 13:12:18,40.22,5900,40.21,U
sh600584,长电科技,2025-10-21 13:12:21,40.21,5000,40.22,D
sh600584,长电科技,2025-10-21 13:12:24,40.21,6800,40.21,D
sh600584,长电科技,2025-10-21 13:12:27,40.22,8200,40.21,U
sh600584,长电科技,2025-10-21 13:12:39,40.21,7300,40.22,D
sh600584,长电科技,2025-10-21 13:12:51,40.21,7300,40.2,U
sh600584,长电科技,2025-10-21 13:12:54,40.2,7000,40.21,D
sh600584,长电科技,2025-10-21 13:12:57,40.21,6400,40.2,U
sh600584,长电科技,2025-10-21 13:13:00,40.21,14100,40.21,U
sh600584,长电科技,2025-10-21 13:13:03,40.19,20600,40.21,D
sh600584,长电科技,2025-10-21 13:13:06,40.21,31700,40.19,U
sh600584,长电科技,2025-10-21 13:13:15,40.18,19200,40.19,D
sh600584,长电科技,2025-10-21 13:13:18,40.19,9700,40.18,U
sh600584,长电科技,2025-10-21 13:13:21,40.18,9100,40.19,U
sh600584,长电科技,2025-10-21 13:13:27,40.17,8900,40.19,D
sh600584,长电科技,2025-10-21 13:13:30,40.18,8900,40.17,U
sh600584,长电科技,2025-10-21 13:13:42,40.17,8900,40.18,D
sh600584,长电科技,2025-10-21 13:13:51,40.16,13600,40.16,D
sh600584,长电科技,2025-10-21 13:13:57,40.18,8500,40.18,U
sh600584,长电科技,2025-10-21 13:14:06,40.17,10300,40.18,D
sh600584,长电科技,2025-10-21 13:14:12,40.18,5400,40.17,U
sh600584,长电科技,2025-10-21 13:14:21,40.18,6300,40.18,U
sh600584,长电科技,2025-10-21 13:14:24,40.18,5400,40.18,U
sh600584,长电科技,2025-10-21 13:14:27,40.18,5000,40.18,U
sh600584,长电科技,2025-10-21 13:14:30,40.17,7500,40.18,D
sh600584,长电科技,2025-10-21 13:14:33,40.17,21000,40.17,U
sh600584,长电科技,2025-10-21 13:14:36,40.17,14600,40.17,U
sh600584,长电科技,2025-10-21 13:14:39,40.17,7800,40.17,U
sh600584,长电科技,2025-10-21 13:14:42,40.17,12500,40.17,D
sh600584,长电科技,2025-10-21 13:14:45,40.17,7100,40.17,U
sh600584,长电科技,2025-10-21 13:14:57,40.18,12700,40.18,U
sh600584,长电科技,2025-10-21 13:15:00,40.18,20600,40.18,U
sh600584,长电科技,2025-10-21 13:15:03,40.17,11100,40.18,E
sh600584,长电科技,2025-10-21 13:15:06,40.18,128000,40.17,U
sh600584,长电科技,2025-10-21 13:15:09,40.18,69600,40.18,U
sh600584,长电科技,2025-10-21 13:15:15,40.17,36600,40.17,D
sh600584,长电科技,2025-10-21 13:15:24,40.19,8200,40.18,U
sh600584,长电科技,2025-10-21 13:15:30,40.2,20200,40.19,U
sh600584,长电科技,2025-10-21 13:15:33,40.18,12200,40.2,D
sh600584,长电科技,2025-10-21 13:15:36,40.17,9600,40.18,D
sh600584,长电科技,2025-10-21 13:15:42,40.2,28100,40.19,U
sh600584,长电科技,2025-10-21 13:15:45,40.2,5100,40.2,D
sh600584,长电科技,2025-10-21 13:15:48,40.2,6400,40.2,U
sh600584,长电科技,2025-10-21 13:15:51,40.2,8200,40.2,U
sh600584,长电科技,2025-10-21 13:15:54,40.2,14100,40.2,U
sh600584,长电科技,2025-10-21 13:15:57,40.22,8400,40.2,U
sh600584,长电科技,2025-10-21 13:16:00,40.22,6100,40.22,U
sh600584,长电科技,2025-10-21 13:16:03,40.22,35400,40.22,U
sh600584,长电科技,2025-10-21 13:16:06,40.22,6200,40.22,U
sh600584,长电科技,2025-10-21 13:16:09,40.21,5400,40.22,D
sh600584,长电科技,2025-10-21 13:16:15,40.23,17900,40.23,U
sh600584,长电科技,2025-10-21 13:16:18,40.23,39200,40.23,U
sh600584,长电科技,2025-10-21 13:16:21,40.25,10600,40.23,U
sh600584,长电科技,2025-10-21 13:16:24,40.27,109300,40.25,U
sh600584,长电科技,2025-10-21 13:16:27,40.26,38800,40.27,D
sh600584,长电科技,2025-10-21 13:16:30,40.29,11300,40.26,U
sh600584,长电科技,2025-10-21 13:16:33,40.29,25500,40.29,U
sh600584,长电科技,2025-10-21 13:16:39,40.29,18600,40.29,D
sh600584,长电科技,2025-10-21 13:16:42,40.3,50600,40.29,U
sh600584,长电科技,2025-10-21 13:16:45,40.3,9200,40.3,D
sh600584,长电科技,2025-10-21 13:16:48,40.31,20500,40.3,U
sh600584,长电科技,2025-10-21 13:17:00,40.32,16200,40.31,U
sh600584,长电科技,2025-10-21 13:17:03,40.32,28500,40.32,U
sh600584,长电科技,2025-10-21 13:17:06,40.32,13000,40.32,D
sh600584,长电科技,2025-10-21 13:17:09,40.33,10300,40.32,U
sh600584,长电科技,2025-10-21 13:17:12,40.32,26500,40.33,D
sh600584,长电科技,2025-10-21 13:17:15,40.33,5500,40.32,U
sh600584,长电科技,2025-10-21 13:17:18,40.33,44200,40.33,D
sh600584,长电科技,2025-10-21 13:17:21,40.33,14000,40.33,D
sh600584,长电科技,2025-10-21 13:17:24,40.33,20600,40.33,U
sh600584,长电科技,2025-10-21 13:17:27,40.34,9800,40.33,U
sh600584,长电科技,2025-10-21 13:17:30,40.33,5900,40.34,D
sh600584,长电科技,2025-10-21 13:17:36,40.33,10100,40.33,U
sh600584,长电科技,2025-10-21 13:17:42,40.3,63300,40.33,D
sh600584,长电科技,2025-10-21 13:17:45,40.3,6300,40.3,U
sh600584,长电科技,2025-10-21 13:17:48,40.29,9500,40.3,D
sh600584,长电科技,2025-10-21 13:17:51,40.29,53700,40.29,U
sh600584,长电科技,2025-10-21 13:17:54,40.29,10300,40.29,U
sh600584,长电科技,2025-10-21 13:18:03,40.29,5800,40.27,U
sh600584,长电科技,2025-10-21 13:18:06,40.28,14200,40.29,E
sh600584,长电科技,2025-10-21 13:18:09,40.3,36800,40.28,U
sh600584,长电科技,2025-10-21 13:18:12,40.32,15500,40.3,U
sh600584,长电科技,2025-10-21 13:18:15,40.32,17400,40.32,U
sh600584,长电科技,2025-10-21 13:18:18,40.34,22600,40.32,U
sh600584,长电科技,2025-10-21 13:18:21,40.34,13000,40.34,U
sh600584,长电科技,2025-10-21 13:18:24,40.33,14500,40.34,E
sh600584,长电科技,2025-10-21 13:18:27,40.35,19200,40.33,U
sh600584,长电科技,2025-10-21 13:18:33,40.35,14800,40.34,U
sh600584,长电科技,2025-10-21 13:18:36,40.34,23200,40.35,D
sh600584,长电科技,2025-10-21 13:18:39,40.35,13700,40.34,U
sh600584,长电科技,2025-10-21 13:18:42,40.34,65800,40.35,D
sh600584,长电科技,2025-10-21 13:18:45,40.34,62900,40.34,U
sh600584,长电科技,2025-10-21 13:18:48,40.33,11800,40.34,E
