symbol,name,ticktime,price,volume,prev_price,kind
sh600584,长电科技,2025-09-18 09:25:01,38.99,538000,0.0,D
sh600584,长电科技,2025-09-18 09:30:02,38.82,145744,38.99,D
sh600584,长电科技,2025-09-18 09:30:05,38.9,64909,38.82,U
sh600584,长电科技,2025-09-18 09:30:08,38.89,119700,38.9,E
sh600584,长电科技,2025-09-18 09:30:11,38.91,92900,38.89,U
sh600584,长电科技,2025-09-18 09:30:14,38.94,94300,38.91,U
sh600584,长电科技,2025-09-18 09:30:17,38.95,174400,38.94,U
sh600584,长电科技,2025-09-18 09:30:20,38.9,67800,38.95,D
sh600584,长电科技,2025-09-18 09:30:23,38.98,123947,38.9,U
sh600584,长电科技,2025-09-18 09:30:26,38.97,78000,38.98,D
sh600584,长电科技,2025-09-18 09:30:29,38.98,82300,38.97,U
sh600584,长电科技,2025-09-18 09:30:32,38.9,168700,38.98,D
sh600584,长电科技,2025-09-18 09:30:35,38.97,115300,38.9,U
sh600584,长电科技,2025-09-18 09:30:38,38.91,69100,38.97,E
sh600584,长电科技,2025-09-18 09:30:41,38.9,101400,38.91,D
sh600584,长电科技,2025-09-18 09:30:44,38.81,52000,38.9,D
sh600584,长电科技,2025-09-18 09:30:47,38.96,87100,38.81,U
sh600584,长电科技,2025-09-18 09:30:50,38.91,68900,38.96,D
sh600584,长电科技,2025-09-18 09:30:53,38.9,97000,38.91,D
sh600584,长电科技,2025-09-18 09:30:56,38.94,118200,38.9,U
sh600584,长电科技,2025-09-18 09:30:59,38.9,66000,38.94,D
sh600584,长电科技,2025-09-18 09:31:02,38.9,67100,38.9,U
sh600584,长电科技,2025-09-18 09:31:05,38.9,62700,38.9,D
sh600584,长电科技,2025-09-18 09:31:08,38.84,33900,38.9,D
sh600584,长电科技,2025-09-18 09:31:11,38.81,39200,38.84,D
sh600584,长电科技,2025-09-18 09:31:14,38.8,24300,38.81,D
sh600584,长电科技,2025-09-18 09:31:17,38.85,64800,38.8,U
sh600584,长电科技,2025-09-18 09:31:20,38.8,65700,38.85,D
sh600584,长电科技,2025-09-18 09:31:23,38.82,83800,38.8,U
sh600584,长电科技,2025-09-18 09:31:26,38.8,28500,38.82,D
sh600584,长电科技,2025-09-18 09:31:29,38.85,72669,38.8,U
sh600584,长电科技,2025-09-18 09:31:32,38.85,54100,38.85,D
sh600584,长电科技,2025-09-18 09:31:35,38.82,51400,38.85,D
sh600584,长电科技,2025-09-18 09:31:38,38.78,92731,38.82,D
sh600584,长电科技,2025-09-18 09:31:41,38.82,35200,38.78,U
sh600584,长电科技,2025-09-18 09:31:44,38.8,53800,38.82,E
sh600584,长电科技,2025-09-18 09:31:47,38.77,56200,38.8,D
sh600584,长电科技,2025-09-18 09:31:50,38.82,47031,38.77,U
sh600584,长电科技,2025-09-18 09:31:53,38.82,42400,38.82,D
sh600584,长电科技,2025-09-18 09:31:56,38.82,67500,38.82,U
sh600584,长电科技,2025-09-18 09:31:59,38.82,66500,38.82,D
sh600584,长电科技,2025-09-18 09:32:02,38.82,17300,38.82,D
sh600584,长电科技,2025-09-18 09:32:05,38.82,28700,38.82,D
sh600584,长电科技,2025-09-18 09:32:08,38.85,20500,38.82,U
sh600584,长电科技,2025-09-18 09:32:11,38.93,23000,38.85,U
sh600584,长电科技,2025-09-18 09:32:14,38.92,52900,38.93,D
sh600584,长电科技,2025-09-18 09:32:17,38.96,12300,38.92,U
sh600584,长电科技,2025-09-18 09:32:20,38.97,72600,38.96,U
sh600584,长电科技,2025-09-18 09:32:23,38.99,124400,38.97,U
sh600584,长电科技,2025-09-18 09:32:26,38.99,97800,38.99,U
sh600584,长电科技,2025-09-18 09:32:29,38.99,198253,38.99,U
sh600584,长电科技,2025-09-18 09:32:32,39.0,121400,38.99,U
sh600584,长电科技,2025-09-18 09:32:35,39.06,108200,39.0,U
sh600584,长电科技,2025-09-18 09:32:38,39.08,32200,39.06,U
sh600584,长电科技,2025-09-18 09:32:41,39.08,19000,39.08,U
sh600584,长电科技,2025-09-18 09:32:44,39.08,40200,39.08,U
sh600584,长电科技,2025-09-18 09:32:47,39.09,64500,39.08,U
sh600584,长电科技,2025-09-18 09:32:50,39.1,46500,39.09,U
sh600584,长电科技,2025-09-18 09:32:53,39.1,123700,39.1,U
sh600584,长电科技,2025-09-18 09:32:56,39.09,108800,39.1,E
sh600584,长电科技,2025-09-18 09:32:59,39.11,47200,39.09,U
sh600584,长电科技,2025-09-18 09:33:02,39.1,53000,39.11,D
sh600584,长电科技,2025-09-18 09:33:05,39.07,83000,39.1,D
sh600584,长电科技,2025-09-18 09:33:08,39.1,55700,39.07,U
sh600584,长电科技,2025-09-18 09:33:11,39.09,21300,39.1,E
sh600584,长电科技,2025-09-18 09:33:14,39.07,55300,39.09,D
sh600584,长电科技,2025-09-18 09:33:17,39.07,97100,39.07,U
sh600584,长电科技,2025-09-18 09:33:20,39.04,24000,39.07,D
sh600584,长电科技,2025-09-18 09:33:23,39.04,9500,39.04,U
sh600584,长电科技,2025-09-18 09:33:26,39.01,79600,39.04,D
sh600584,长电科技,2025-09-18 09:33:29,39.03,119700,39.01,U
sh600584,长电科技,2025-09-18 09:33:32,39.04,37800,39.03,U
sh600584,长电科技,2025-09-18 09:33:35,39.03,32200,39.04,D
sh600584,长电科技,2025-09-18 09:33:38,39.03,12500,39.03,U
sh600584,长电科技,2025-09-18 09:33:41,39.03,101000,39.03,U
sh600584,长电科技,2025-09-18 09:33:44,39.03,24400,39.03,D
sh600584,长电科技,2025-09-18 09:33:47,39.04,34200,39.03,D
sh600584,长电科技,2025-09-18 09:33:50,39.17,338400,39.04,U
sh600584,长电科技,2025-09-18 09:33:53,39.16,149000,39.17,D
sh600584,长电科技,2025-09-18 09:33:56,39.2,100000,39.16,U
sh600584,长电科技,2025-09-18 09:33:59,39.23,19700,39.2,U
sh600584,长电科技,2025-09-18 09:34:02,39.24,49200,39.23,U
sh600584,长电科技,2025-09-18 09:34:05,39.25,64800,39.24,U
sh600584,长电科技,2025-09-18 09:34:08,39.28,88500,39.25,U
sh600584,长电科技,2025-09-18 09:34:11,39.29,78900,39.28,U
sh600584,长电科技,2025-09-18 09:34:14,39.29,140900,39.29,U
sh600584,长电科技,2025-09-18 09:34:17,39.29,93500,39.29,D
sh600584,长电科技,2025-09-18 09:34:20,39.29,92900,39.29,D
sh600584,长电科技,2025-09-18 09:34:23,39.28,135000,39.29,D
sh600584,长电科技,2025-09-18 09:34:26,39.27,77100,39.28,D
sh600584,长电科技,2025-09-18 09:34:29,39.27,74700,39.27,U
sh600584,长电科技,2025-09-18 09:34:32,39.27,124200,39.27,D
sh600584,长电科技,2025-09-18 09:34:35,39.27,77500,39.27,U
sh600584,长电科技,2025-09-18 09:34:38,39.28,83239,39.27,U
sh600584,长电科技,2025-09-18 09:34:41,39.32,335200,39.28,U
sh600584,长电科技,2025-09-18 09:34:44,39.38,116200,39.32,U
sh600584,长电科技,2025-09-18 09:34:47,39.32,31400,39.38,D
sh600584,长电科技,2025-09-18 09:34:50,39.38,109100,39.32,U
sh600584,长电科技,2025-09-18 09:34:53,39.39,49800,39.38,E
sh600584,长电科技,2025-09-18 09:34:56,39.38,37900,39.39,D
sh600584,长电科技,2025-09-18 09:34:59,39.4,80100,39.38,U
sh600584,长电科技,2025-09-18 09:35:02,39.35,180900,39.4,D
sh600584,长电科技,2025-09-18 09:35:05,39.4,57000,39.35,U
sh600584,长电科技,2025-09-18 09:35:08,39.35,59900,39.4,D
sh600584,长电科技,2025-09-18 09:35:11,39.39,69000,39.35,U
sh600584,长电科技,2025-09-18 09:35:14,39.37,93000,39.39,D
sh600584,长电科技,2025-09-18 09:35:17,39.36,81500,39.37,D
sh600584,长电科技,2025-09-18 09:35:20,39.35,78000,39.36,D
sh600584,长电科技,2025-09-18 09:35:23,39.35,75000,39.35,D
sh600584,长电科技,2025-09-18 09:35:26,39.35,49600,39.35,U
sh600584,长电科技,2025-09-18 09:35:29,39.33,61500,39.35,D
sh600584,长电科技,2025-09-18 09:35:32,39.3,50400,39.33,D
sh600584,长电科技,2025-09-18 09:35:35,39.3,45900,39.3,D
sh600584,长电科技,2025-09-18 09:35:38,39.29,34500,39.3,D
sh600584,长电科技,2025-09-18 09:35:41,39.25,263561,39.29,D
sh600584,长电科技,2025-09-18 09:35:44,39.21,68000,39.25,D
sh600584,长电科技,2025-09-18 09:35:47,39.2,31500,39.21,D
sh600584,长电科技,2025-09-18 09:35:50,39.23,74100,39.2,U
sh600584,长电科技,2025-09-18 09:35:53,39.23,71900,39.23,D
sh600584,长电科技,2025-09-18 09:35:56,39.24,91700,39.23,E
sh600584,长电科技,2025-09-18 09:35:59,39.29,123700,39.24,U
sh600584,长电科技,2025-09-18 09:36:02,39.31,68000,39.29,U
sh600584,长电科技,2025-09-18 09:36:05,39.31,42000,39.31,D
sh600584,长电科技,2025-09-18 09:36:08,39.33,35900,39.31,U
sh600584,长电科技,2025-09-18 09:36:11,39.33,25000,39.33,D
sh600584,长电科技,2025-09-18 09:36:14,39.33,44100,39.33,D
sh600584,长电科技,2025-09-18 09:36:17,39.44,604800,39.33,U
sh600584,长电科技,2025-09-18 09:36:20,39.4,41500,39.44,D
sh600584,长电科技,2025-09-18 09:36:23,39.4,32400,39.4,D
sh600584,长电科技,2025-09-18 09:36:26,39.4,87700,39.4,D
sh600584,长电科技,2025-09-18 09:36:29,39.4,37900,39.4,U
sh600584,长电科技,2025-09-18 09:36:32,39.4,36800,39.4,U
sh600584,长电科技,2025-09-18 09:36:35,39.41,63100,39.4,U
sh600584,长电科技,2025-09-18 09:36:38,39.4,138800,39.41,D
sh600584,长电科技,2025-09-18 09:36:41,39.4,37100,39.4,D
sh600584,长电科技,2025-09-18 09:36:44,39.39,65600,39.4,E
sh600584,长电科技,2025-09-18 09:36:47,39.37,90000,39.39,U
sh600584,长电科技,2025-09-18 09:36:50,39.32,36900,39.37,D
sh600584,长电科技,2025-09-18 09:36:53,39.34,82600,39.32,U
sh600584,长电科技,2025-09-18 09:36:56,39.34,44400,39.34,D
sh600584,长电科技,2025-09-18 09:36:59,39.37,38500,39.34,U
sh600584,长电科技,2025-09-18 09:37:02,39.36,39400,39.37,D
sh600584,长电科技,2025-09-18 09:37:05,39.34,51500,39.36,D
sh600584,长电科技,2025-09-18 09:37:08,39.34,26700,39.34,U
sh600584,长电科技,2025-09-18 09:37:11,39.33,49800,39.34,D
sh600584,长电科技,2025-09-18 09:37:14,39.33,104700,39.33,D
sh600584,长电科技,2025-09-18 09:37:17,39.3,46600,39.33,D
sh600584,长电科技,2025-09-18 09:37:20,39.26,21800,39.3,D
sh600584,长电科技,2025-09-18 09:37:23,39.24,27000,39.26,D
sh600584,长电科技,2025-09-18 09:37:26,39.25,17700,39.24,E
sh600584,长电科技,2025-09-18 09:37:29,39.23,14200,39.25,D
sh600584,长电科技,2025-09-18 09:37:32,39.22,58100,39.23,D
sh600584,长电科技,2025-09-18 09:37:35,39.22,41300,39.22,U
sh600584,长电科技,2025-09-18 09:37:38,39.2,25300,39.22,U
sh600584,长电科技,2025-09-18 09:37:41,39.2,38800,39.2,U
sh600584,长电科技,2025-09-18 09:37:44,39.18,76400,39.2,D
sh600584,长电科技,2025-09-18 09:37:47,39.18,30800,39.18,U
sh600584,长电科技,2025-09-18 09:37:50,39.17,33400,39.18,D
sh600584,长电科技,2025-09-18 09:37:53,39.16,26600,39.17,D
sh600584,长电科技,2025-09-18 09:37:56,39.16,48400,39.16,D
sh600584,长电科技,2025-09-18 09:37:59,39.16,12300,39.16,U
sh600584,长电科技,2025-09-18 09:38:02,39.15,64000,39.16,D
sh600584,长电科技,2025-09-18 09:38:05,39.15,102200,39.15,D
sh600584,长电科技,2025-09-18 09:38:08,39.15,48100,39.15,D
sh600584,长电科技,2025-09-18 09:38:11,39.15,30900,39.15,U
sh600584,长电科技,2025-09-18 09:38:14,39.14,46900,39.15,D
sh600584,长电科技,2025-09-18 09:38:17,39.14,13200,39.14,U
sh600584,长电科技,2025-09-18 09:38:20,39.14,24000,39.14,U
sh600584,长电科技,2025-09-18 09:38:23,39.12,52000,39.14,D
sh600584,长电科技,2025-09-18 09:38:26,39.14,28800,39.12,U
sh600584,长电科技,2025-09-18 09:38:29,39.14,14300,39.14,U
sh600584,长电科技,2025-09-18 09:38:32,39.14,10700,39.14,D
sh600584,长电科技,2025-09-18 09:38:35,39.14,33000,39.14,D
sh600584,长电科技,2025-09-18 09:38:38,39.14,13800,39.14,U
sh600584,长电科技,2025-09-18 09:38:41,39.14,12900,39.14,U
sh600584,长电科技,2025-09-18 09:38:44,39.14,65900,39.14,U
sh600584,长电科技,2025-09-18 09:38:47,39.12,20200,39.14,D
sh600584,长电科技,2025-09-18 09:38:50,39.12,27700,39.12,D
sh600584,长电科技,2025-09-18 09:38:53,39.13,25500,39.12,U
sh600584,长电科技,2025-09-18 09:38:56,39.14,42400,39.13,U
sh600584,长电科技,2025-09-18 09:38:59,39.17,126800,39.14,U
sh600584,长电科技,2025-09-18 09:39:02,39.18,7400,39.17,U
sh600584,长电科技,2025-09-18 09:39:05,39.17,31800,39.18,D
sh600584,长电科技,2025-09-18 09:39:08,39.18,13300,39.17,U
sh600584,长电科技,2025-09-18 09:39:11,39.18,11000,39.18,D
sh600584,长电科技,2025-09-18 09:39:14,39.2,35500,39.18,U
sh600584,长电科技,2025-09-18 09:39:17,39.19,52700,39.2,D
sh600584,长电科技,2025-09-18 09:39:20,39.19,51600,39.19,U
sh600584,长电科技,2025-09-18 09:39:23,39.18,48800,39.19,E
sh600584,长电科技,2025-09-18 09:39:26,39.19,56600,39.18,U
sh600584,长电科技,2025-09-18 09:39:29,39.18,57100,39.19,D
sh600584,长电科技,2025-09-18 09:39:32,39.18,25200,39.18,U
sh600584,长电科技,2025-09-18 09:39:35,39.18,54100,39.18,D
sh600584,长电科技,2025-09-18 09:39:38,39.17,78400,39.18,D
sh600584,长电科技,2025-09-18 09:39:41,39.17,28100,39.17,U
sh600584,长电科技,2025-09-18 09:39:44,39.17,12300,39.17,U
sh600584,长电科技,2025-09-18 09:39:47,39.17,18300,39.17,U
sh600584,长电科技,2025-09-18 09:39:50,39.17,74700,39.17,E
sh600584,长电科技,2025-09-18 09:39:53,39.17,30400,39.17,U
sh600584,长电科技,2025-09-18 09:39:56,39.15,16500,39.17,D
sh600584,长电科技,2025-09-18 09:39:59,39.16,48300,39.15,U
sh600584,长电科技,2025-09-18 09:40:02,39.15,115100,39.16,D
sh600584,长电科技,2025-09-18 09:40:05,39.15,19400,39.15,U
sh600584,长电科技,2025-09-18 09:40:08,39.16,6000,39.15,E
sh600584,长电科技,2025-09-18 09:40:11,39.14,24700,39.16,D
sh600584,长电科技,2025-09-18 09:40:14,39.14,50900,39.14,D
sh600584,长电科技,2025-09-18 09:40:17,39.14,16800,39.14,U
sh600584,长电科技,2025-09-18 09:40:20,39.14,15100,39.14,D
sh600584,长电科技,2025-09-18 09:40:23,39.14,26100,39.14,U
sh600584,长电科技,2025-09-18 09:40:26,39.13,21000,39.14,D
sh600584,长电科技,2025-09-18 09:40:29,39.14,23900,39.13,U
sh600584,长电科技,2025-09-18 09:40:32,39.14,17600,39.14,D
sh600584,长电科技,2025-09-18 09:40:35,39.15,15000,39.14,E
sh600584,长电科技,2025-09-18 09:40:38,39.16,31700,39.15,U
sh600584,长电科技,2025-09-18 09:40:41,39.2,95500,39.16,U
sh600584,长电科技,2025-09-18 09:40:44,39.21,32300,39.2,U
sh600584,长电科技,2025-09-18 09:40:47,39.21,15400,39.21,U
sh600584,长电科技,2025-09-18 09:40:50,39.21,9900,39.21,U
sh600584,长电科技,2025-09-18 09:40:53,39.22,28100,39.21,U
sh600584,长电科技,2025-09-18 09:40:56,39.28,139100,39.22,U
sh600584,长电科技,2025-09-18 09:40:59,39.34,96000,39.28,U
sh600584,长电科技,2025-09-18 09:41:02,39.33,18400,39.34,D
sh600584,长电科技,2025-09-18 09:41:05,39.34,29700,39.33,E
sh600584,长电科技,2025-09-18 09:41:08,39.33,35000,39.34,E
sh600584,长电科技,2025-09-18 09:41:11,39.33,29200,39.33,E
sh600584,长电科技,2025-09-18 09:41:14,39.34,29100,39.33,U
sh600584,长电科技,2025-09-18 09:41:17,39.33,17300,39.34,E
sh600584,长电科技,2025-09-18 09:41:20,39.34,51600,39.33,U
sh600584,长电科技,2025-09-18 09:41:23,39.34,21500,39.34,D
sh600584,长电科技,2025-09-18 09:41:26,39.33,57000,39.34,D
sh600584,长电科技,2025-09-18 09:41:29,39.34,28400,39.33,U
sh600584,长电科技,2025-09-18 09:41:32,39.34,45800,39.34,U
sh600584,长电科技,2025-09-18 09:41:35,39.33,36600,39.34,D
sh600584,长电科技,2025-09-18 09:41:38,39.33,21500,39.33,U
sh600584,长电科技,2025-09-18 09:41:41,39.34,31000,39.33,U
sh600584,长电科技,2025-09-18 09:41:44,39.32,15900,39.34,D
sh600584,长电科技,2025-09-18 09:41:47,39.32,30400,39.32,E
sh600584,长电科技,2025-09-18 09:41:50,39.33,22700,39.32,D
sh600584,长电科技,2025-09-18 09:41:53,39.33,38000,39.33,U
sh600584,长电科技,2025-09-18 09:41:56,39.32,18800,39.33,E
sh600584,长电科技,2025-09-18 09:41:59,39.31,22100,39.32,U
sh600584,长电科技,2025-09-18 09:42:02,39.31,16300,39.31,E
sh600584,长电科技,2025-09-18 09:42:05,39.3,43300,39.31,D
sh600584,长电科技,2025-09-18 09:42:08,39.29,29200,39.3,D
sh600584,长电科技,2025-09-18 09:42:11,39.29,14500,39.29,D
sh600584,长电科技,2025-09-18 09:42:14,39.29,22500,39.29,U
sh600584,长电科技,2025-09-18 09:42:17,39.26,97000,39.29,D
sh600584,长电科技,2025-09-18 09:42:20,39.26,12200,39.26,U
sh600584,长电科技,2025-09-18 09:42:23,39.27,69600,39.26,U
sh600584,长电科技,2025-09-18 09:42:26,39.28,8200,39.27,U
sh600584,长电科技,2025-09-18 09:42:29,39.27,9000,39.28,E
sh600584,长电科技,2025-09-18 09:42:32,39.24,17500,39.27,D
sh600584,长电科技,2025-09-18 09:42:35,39.24,11800,39.24,U
sh600584,长电科技,2025-09-18 09:42:38,39.24,61100,39.24,E
sh600584,长电科技,2025-09-18 09:42:41,39.24,11400,39.24,U
sh600584,长电科技,2025-09-18 09:42:44,39.25,29000,39.24,U
sh600584,长电科技,2025-09-18 09:42:47,39.24,19100,39.25,D
sh600584,长电科技,2025-09-18 09:42:50,39.24,33300,39.24,D
sh600584,长电科技,2025-09-18 09:42:53,39.25,45000,39.24,U
sh600584,长电科技,2025-09-18 09:42:56,39.25,47600,39.25,U
sh600584,长电科技,2025-09-18 09:42:59,39.25,23200,39.25,D
sh600584,长电科技,2025-09-18 09:43:02,39.26,25600,39.25,E
sh600584,长电科技,2025-09-18 09:43:05,39.26,8400,39.26,D
sh600584,长电科技,2025-09-18 09:43:08,39.26,26200,39.26,D
sh600584,长电科技,2025-09-18 09:43:11,39.29,39700,39.26,U
sh600584,长电科技,2025-09-18 09:43:17,39.35,164400,39.3,U
sh600584,长电科技,2025-09-18 09:43:20,39.35,85500,39.35,U
sh600584,长电科技,2025-09-18 09:43:23,39.35,61200,39.35,U
sh600584,长电科技,2025-09-18 09:43:26,39.35,19600,39.35,D
sh600584,长电科技,2025-09-18 09:43:29,39.36,52200,39.35,U
sh600584,长电科技,2025-09-18 09:43:32,39.36,29700,39.36,D
sh600584,长电科技,2025-09-18 09:43:35,39.36,26300,39.36,D
sh600584,长电科技,2025-09-18 09:43:38,39.37,45500,39.36,U
sh600584,长电科技,2025-09-18 09:43:41,39.38,17700,39.37,U
sh600584,长电科技,2025-09-18 09:43:44,39.38,34600,39.38,U
sh600584,长电科技,2025-09-18 09:43:47,39.36,41900,39.38,D
sh600584,长电科技,2025-09-18 09:43:50,39.37,52900,39.36,U
sh600584,长电科技,2025-09-18 09:43:53,39.38,29400,39.37,U
sh600584,长电科技,2025-09-18 09:43:56,39.38,31300,39.38,U
sh600584,长电科技,2025-09-18 09:43:59,39.38,44700,39.38,D
sh600584,长电科技,2025-09-18 09:44:02,39.39,30700,39.38,U
sh600584,长电科技,2025-09-18 09:44:05,39.39,52400,39.39,U
sh600584,长电科技,2025-09-18 09:44:08,39.39,23400,39.39,U
sh600584,长电科技,2025-09-18 09:44:11,39.39,38200,39.39,U
sh600584,长电科技,2025-09-18 09:44:14,39.39,39100,39.39,D
sh600584,长电科技,2025-09-18 09:44:17,39.39,32800,39.39,D
sh600584,长电科技,2025-09-18 09:44:20,39.39,42800,39.39,D
sh600584,长电科技,2025-09-18 09:44:23,39.39,29900,39.39,D
sh600584,长电科技,2025-09-18 09:44:26,39.38,34200,39.39,D
sh600584,长电科技,2025-09-18 09:44:29,39.39,67200,39.38,U
sh600584,长电科技,2025-09-18 09:44:32,39.37,79900,39.39,D
sh600584,长电科技,2025-09-18 09:44:35,39.39,48500,39.37,E
sh600584,长电科技,2025-09-18 09:44:38,39.39,20900,39.39,U
sh600584,长电科技,2025-09-18 09:44:41,39.38,22300,39.39,E
sh600584,长电科技,2025-09-18 09:44:44,39.38,19400,39.38,U
sh600584,长电科技,2025-09-18 09:44:47,39.37,29200,39.38,E
sh600584,长电科技,2025-09-18 09:44:50,39.36,36000,39.37,D
sh600584,长电科技,2025-09-18 09:44:53,39.35,48100,39.36,D
sh600584,长电科技,2025-09-18 09:44:56,39.35,9600,39.35,U
sh600584,长电科技,2025-09-18 09:44:59,39.34,11500,39.35,E
sh600584,长电科技,2025-09-18 09:45:02,39.35,20500,39.34,U
sh600584,长电科技,2025-09-18 09:45:05,39.3,46200,39.35,D
sh600584,长电科技,2025-09-18 09:45:08,39.31,33500,39.3,U
sh600584,长电科技,2025-09-18 09:45:11,39.3,13700,39.31,D
sh600584,长电科技,2025-09-18 09:45:14,39.33,7700,39.3,U
sh600584,长电科技,2025-09-18 09:45:17,39.33,17300,39.33,U
sh600584,长电科技,2025-09-18 09:45:20,39.3,65000,39.33,D
sh600584,长电科技,2025-09-18 09:45:23,39.31,48700,39.3,U
sh600584,长电科技,2025-09-18 09:45:26,39.36,34800,39.31,U
sh600584,长电科技,2025-09-18 09:45:29,39.34,18300,39.36,D
sh600584,长电科技,2025-09-18 09:45:32,39.36,21400,39.34,U
sh600584,长电科技,2025-09-18 09:45:35,39.35,50800,39.36,D
sh600584,长电科技,2025-09-18 09:45:38,39.36,13700,39.35,U
sh600584,长电科技,2025-09-18 09:45:41,39.35,31100,39.36,D
sh600584,长电科技,2025-09-18 09:45:44,39.36,14300,39.35,U
sh600584,长电科技,2025-09-18 09:45:47,39.37,17800,39.36,U
sh600584,长电科技,2025-09-18 09:45:50,39.36,23500,39.37,D
sh600584,长电科技,2025-09-18 09:45:53,39.37,36500,39.36,U
sh600584,长电科技,2025-09-18 09:45:56,39.37,48800,39.37,D
sh600584,长电科技,2025-09-18 09:45:59,39.36,24200,39.37,D
sh600584,长电科技,2025-09-18 09:46:02,39.38,12300,39.36,U
sh600584,长电科技,2025-09-18 09:46:05,39.38,23300,39.38,U
sh600584,长电科技,2025-09-18 09:46:08,39.37,44600,39.38,D
sh600584,长电科技,2025-09-18 09:46:11,39.37,50500,39.37,D
sh600584,长电科技,2025-09-18 09:46:14,39.38,41000,39.37,U
sh600584,长电科技,2025-09-18 09:46:17,39.38,21600,39.38,E
sh600584,长电科技,2025-09-18 09:46:20,39.39,44400,39.38,U
sh600584,长电科技,2025-09-18 09:46:23,39.39,21900,39.39,U
sh600584,长电科技,2025-09-18 09:46:26,39.38,38900,39.39,E
sh600584,长电科技,2025-09-18 09:46:29,39.38,31900,39.38,U
sh600584,长电科技,2025-09-18 09:46:32,39.38,40500,39.38,U
sh600584,长电科技,2025-09-18 09:46:35,39.39,18400,39.38,U
sh600584,长电科技,2025-09-18 09:46:38,39.38,44500,39.39,D
sh600584,长电科技,2025-09-18 09:46:41,39.38,124400,39.38,D
sh600584,长电科技,2025-09-18 09:46:44,39.38,90800,39.38,D
sh600584,长电科技,2025-09-18 09:46:47,39.35,54200,39.38,D
sh600584,长电科技,2025-09-18 09:46:50,39.36,105300,39.35,E
sh600584,长电科技,2025-09-18 09:46:53,39.34,8500,39.36,E
sh600584,长电科技,2025-09-18 09:46:56,39.37,13000,39.34,U
sh600584,长电科技,2025-09-18 09:46:59,39.37,17500,39.37,E
sh600584,长电科技,2025-09-18 09:47:02,39.3,130700,39.37,D
sh600584,长电科技,2025-09-18 09:47:05,39.31,77900,39.3,U
sh600584,长电科技,2025-09-18 09:47:08,39.3,6900,39.31,D
sh600584,长电科技,2025-09-18 09:47:11,39.3,10900,39.3,D
sh600584,长电科技,2025-09-18 09:47:14,39.3,23100,39.3,D
sh600584,长电科技,2025-09-18 09:47:17,39.3,15300,39.3,D
sh600584,长电科技,2025-09-18 09:47:20,39.29,18600,39.3,D
sh600584,长电科技,2025-09-18 09:47:23,39.3,33200,39.29,U
sh600584,长电科技,2025-09-18 09:47:26,39.3,22200,39.3,D
sh600584,长电科技,2025-09-18 09:47:29,39.28,32900,39.3,D
sh600584,长电科技,2025-09-18 09:47:32,39.3,83900,39.28,U
sh600584,长电科技,2025-09-18 09:47:35,39.28,12800,39.3,D
sh600584,长电科技,2025-09-18 09:47:38,39.28,29900,39.28,U
sh600584,长电科技,2025-09-18 09:47:41,39.26,16400,39.28,D
sh600584,长电科技,2025-09-18 09:47:44,39.25,32200,39.26,D
sh600584,长电科技,2025-09-18 09:47:47,39.25,13300,39.25,D
sh600584,长电科技,2025-09-18 09:47:50,39.24,21300,39.25,D
sh600584,长电科技,2025-09-18 09:47:53,39.23,14700,39.24,D
sh600584,长电科技,2025-09-18 09:47:56,39.24,34500,39.23,U
sh600584,长电科技,2025-09-18 09:47:59,39.22,21100,39.24,D
sh600584,长电科技,2025-09-18 09:48:02,39.21,21100,39.22,D
sh600584,长电科技,2025-09-18 09:48:05,39.21,12400,39.21,D
sh600584,长电科技,2025-09-18 09:48:08,39.2,19100,39.21,D
sh600584,长电科技,2025-09-18 09:48:11,39.2,43200,39.2,D
sh600584,长电科技,2025-09-18 09:48:14,39.2,40300,39.2,D
sh600584,长电科技,2025-09-18 09:48:17,39.2,13400,39.2,D
sh600584,长电科技,2025-09-18 09:48:20,39.2,51800,39.2,U
sh600584,长电科技,2025-09-18 09:48:23,39.19,24200,39.2,D
sh600584,长电科技,2025-09-18 09:48:26,39.19,17600,39.19,U
sh600584,长电科技,2025-09-18 09:48:29,39.19,29100,39.19,U
sh600584,长电科技,2025-09-18 09:48:32,39.2,126600,39.19,U
sh600584,长电科技,2025-09-18 09:48:35,39.18,36900,39.2,D
sh600584,长电科技,2025-09-18 09:48:38,39.2,9000,39.18,U
sh600584,长电科技,2025-09-18 09:48:41,39.19,12500,39.2,D
sh600584,长电科技,2025-09-18 09:48:44,39.2,26700,39.19,U
sh600584,长电科技,2025-09-18 09:48:47,39.19,20600,39.2,D
sh600584,长电科技,2025-09-18 09:48:50,39.19,11700,39.19,U
sh600584,长电科技,2025-09-18 09:48:53,39.19,13500,39.19,U
sh600584,长电科技,2025-09-18 09:48:56,39.18,25400,39.19,D
sh600584,长电科技,2025-09-18 09:48:59,39.18,9100,39.18,U
sh600584,长电科技,2025-09-18 09:49:02,39.17,39500,39.18,D
sh600584,长电科技,2025-09-18 09:49:05,39.19,28200,39.17,U
sh600584,长电科技,2025-09-18 09:49:08,39.17,25600,39.19,D
sh600584,长电科技,2025-09-18 09:49:11,39.19,97900,39.17,U
sh600584,长电科技,2025-09-18 09:49:14,39.18,12300,39.19,D
sh600584,长电科技,2025-09-18 09:49:17,39.19,5900,39.18,U
sh600584,长电科技,2025-09-18 09:49:20,39.2,17700,39.19,U
sh600584,长电科技,2025-09-18 09:49:23,39.18,24500,39.2,D
sh600584,长电科技,2025-09-18 09:49:26,39.22,6500,39.18,U
sh600584,长电科技,2025-09-18 09:49:29,39.2,17500,39.22,D
sh600584,长电科技,2025-09-18 09:49:32,39.2,9900,39.2,D
sh600584,长电科技,2025-09-18 09:49:35,39.23,22500,39.2,U
sh600584,长电科技,2025-09-18 09:49:38,39.22,14800,39.23,E
sh600584,长电科技,2025-09-18 09:49:41,39.2,52100,39.22,D
sh600584,长电科技,2025-09-18 09:49:44,39.21,12600,39.2,U
sh600584,长电科技,2025-09-18 09:49:47,39.2,26800,39.21,D
sh600584,长电科技,2025-09-18 09:49:50,39.21,51300,39.2,E
sh600584,长电科技,2025-09-18 09:49:53,39.2,36600,39.21,D
sh600584,长电科技,2025-09-18 09:49:56,39.2,28700,39.2,D
sh600584,长电科技,2025-09-18 09:49:59,39.22,22600,39.2,U
sh600584,长电科技,2025-09-18 09:50:02,39.2,98700,39.22,D
sh600584,长电科技,2025-09-18 09:50:05,39.17,71700,39.2,D
sh600584,长电科技,2025-09-18 09:50:08,39.2,55700,39.17,U
sh600584,长电科技,2025-09-18 09:50:11,39.2,16000,39.2,U
sh600584,长电科技,2025-09-18 09:50:14,39.21,14200,39.2,U
sh600584,长电科技,2025-09-18 09:50:17,39.19,5200,39.21,E
sh600584,长电科技,2025-09-18 09:50:20,39.19,29700,39.19,U
sh600584,长电科技,2025-09-18 09:50:23,39.18,12600,39.19,D
sh600584,长电科技,2025-09-18 09:50:26,39.19,23500,39.18,U
sh600584,长电科技,2025-09-18 09:50:29,39.19,25200,39.19,D
sh600584,长电科技,2025-09-18 09:50:32,39.16,137800,39.19,D
sh600584,长电科技,2025-09-18 09:50:35,39.17,44100,39.16,U
sh600584,长电科技,2025-09-18 09:50:38,39.16,28500,39.17,D
sh600584,长电科技,2025-09-18 09:50:41,39.14,105000,39.16,D
sh600584,长电科技,2025-09-18 09:50:44,39.13,26000,39.14,D
sh600584,长电科技,2025-09-18 09:50:47,39.12,15800,39.13,D
sh600584,长电科技,2025-09-18 09:50:50,39.12,14100,39.12,D
sh600584,长电科技,2025-09-18 09:50:53,39.12,15000,39.12,U
sh600584,长电科技,2025-09-18 09:50:56,39.11,14100,39.12,D
sh600584,长电科技,2025-09-18 09:50:59,39.11,19900,39.11,D
sh600584,长电科技,2025-09-18 09:51:02,39.11,50200,39.11,D
sh600584,长电科技,2025-09-18 09:51:05,39.11,24000,39.11,U
sh600584,长电科技,2025-09-18 09:51:08,39.1,57500,39.11,D
sh600584,长电科技,2025-09-18 09:51:11,39.1,81200,39.1,D
sh600584,长电科技,2025-09-18 09:51:14,39.12,26900,39.1,U
sh600584,长电科技,2025-09-18 09:51:17,39.16,68800,39.12,U
sh600584,长电科技,2025-09-18 09:51:20,39.16,12200,39.16,U
sh600584,长电科技,2025-09-18 09:51:23,39.2,27200,39.16,U
sh600584,长电科技,2025-09-18 09:51:26,39.18,6200,39.2,D
sh600584,长电科技,2025-09-18 09:51:29,39.2,31800,39.18,U
sh600584,长电科技,2025-09-18 09:51:32,39.2,7700,39.2,D
sh600584,长电科技,2025-09-18 09:51:35,39.21,22200,39.2,E
sh600584,长电科技,2025-09-18 09:51:38,39.21,27400,39.21,D
sh600584,长电科技,2025-09-18 09:51:41,39.2,13200,39.21,D
sh600584,长电科技,2025-09-18 09:51:44,39.21,7200,39.2,U
sh600584,长电科技,2025-09-18 09:51:47,39.21,6700,39.21,U
sh600584,长电科技,2025-09-18 09:51:50,39.21,15400,39.21,D
sh600584,长电科技,2025-09-18 09:51:53,39.21,33300,39.21,D
sh600584,长电科技,2025-09-18 09:51:56,39.22,14700,39.21,E
sh600584,长电科技,2025-09-18 09:51:59,39.23,23900,39.22,U
sh600584,长电科技,2025-09-18 09:52:02,39.22,15300,39.23,D
sh600584,长电科技,2025-09-18 09:52:08,39.23,10500,39.23,D
sh600584,长电科技,2025-09-18 09:52:11,39.23,9100,39.23,D
sh600584,长电科技,2025-09-18 09:52:14,39.24,21900,39.23,U
sh600584,长电科技,2025-09-18 09:52:17,39.23,7800,39.24,E
sh600584,长电科技,2025-09-18 09:52:20,39.23,7500,39.23,D
sh600584,长电科技,2025-09-18 09:52:23,39.24,17600,39.23,U
sh600584,长电科技,2025-09-18 09:52:26,39.24,13500,39.24,U
sh600584,长电科技,2025-09-18 09:52:29,39.23,21300,39.24,D
sh600584,长电科技,2025-09-18 09:52:32,39.24,9500,39.23,D
sh600584,长电科技,2025-09-18 09:52:35,39.24,23900,39.24,D
sh600584,长电科技,2025-09-18 09:52:41,39.25,23000,39.24,U
sh600584,长电科技,2025-09-18 09:52:44,39.25,25000,39.25,U
sh600584,长电科技,2025-09-18 09:52:47,39.24,21500,39.25,E
sh600584,长电科技,2025-09-18 09:52:50,39.23,23500,39.24,D
sh600584,长电科技,2025-09-18 09:52:53,39.24,8200,39.23,U
sh600584,长电科技,2025-09-18 09:52:56,39.24,20000,39.24,D
sh600584,长电科技,2025-09-18 09:52:59,39.24,20800,39.24,D
sh600584,长电科技,2025-09-18 09:53:02,39.25,5400,39.24,U
sh600584,长电科技,2025-09-18 09:53:05,39.25,28100,39.25,D
sh600584,长电科技,2025-09-18 09:53:08,39.24,43400,39.25,D
sh600584,长电科技,2025-09-18 09:53:11,39.23,20600,39.24,D
sh600584,长电科技,2025-09-18 09:53:14,39.23,15200,39.23,U
sh600584,长电科技,2025-09-18 09:53:17,39.23,10000,39.23,D
sh600584,长电科技,2025-09-18 09:53:20,39.23,30200,39.23,D
sh600584,长电科技,2025-09-18 09:53:23,39.23,13900,39.23,U
sh600584,长电科技,2025-09-18 09:53:26,39.24,44200,39.23,U
sh600584,长电科技,2025-09-18 09:53:35,39.23,15900,39.24,D
sh600584,长电科技,2025-09-18 09:53:38,39.24,10000,39.23,E
sh600584,长电科技,2025-09-18 09:53:41,39.24,8600,39.24,U
sh600584,长电科技,2025-09-18 09:53:44,39.24,37700,39.24,D
sh600584,长电科技,2025-09-18 09:53:47,39.24,53800,39.24,U
sh600584,长电科技,2025-09-18 09:53:50,39.24,47900,39.24,U
sh600584,长电科技,2025-09-18 09:53:53,39.24,9900,39.24,U
sh600584,长电科技,2025-09-18 09:53:56,39.24,17900,39.24,D
sh600584,长电科技,2025-09-18 09:53:59,39.25,20900,39.24,U
sh600584,长电科技,2025-09-18 09:54:02,39.24,10000,39.25,D
sh600584,长电科技,2025-09-18 09:54:05,39.26,40100,39.24,U
sh600584,长电科技,2025-09-18 09:54:08,39.26,12100,39.26,D
sh600584,长电科技,2025-09-18 09:54:11,39.26,9900,39.26,D
sh600584,长电科技,2025-09-18 09:54:14,39.26,15900,39.26,D
sh600584,长电科技,2025-09-18 09:54:17,39.32,151800,39.26,U
sh600584,长电科技,2025-09-18 09:54:20,39.3,11400,39.32,D
sh600584,长电科技,2025-09-18 09:54:26,39.3,6000,39.32,D
sh600584,长电科技,2025-09-18 09:54:29,39.31,29100,39.3,U
sh600584,长电科技,2025-09-18 09:54:32,39.31,5900,39.31,D
sh600584,长电科技,2025-09-18 09:54:35,39.33,12100,39.31,U
sh600584,长电科技,2025-09-18 09:54:38,39.3,33600,39.33,D
sh600584,长电科技,2025-09-18 09:54:41,39.34,6100,39.3,U
sh600584,长电科技,2025-09-18 09:54:47,39.31,29000,39.34,D
sh600584,长电科技,2025-09-18 09:54:50,39.34,29900,39.31,U
sh600584,长电科技,2025-09-18 09:54:53,39.34,9400,39.34,U
sh600584,长电科技,2025-09-18 09:54:56,39.33,27900,39.34,D
sh600584,长电科技,2025-09-18 09:54:59,39.33,41000,39.33,U
sh600584,长电科技,2025-09-18 09:55:02,39.33,20800,39.33,U
sh600584,长电科技,2025-09-18 09:55:05,39.33,18100,39.33,D
sh600584,长电科技,2025-09-18 09:55:08,39.34,34500,39.33,U
sh600584,长电科技,2025-09-18 09:55:11,39.35,24200,39.34,U
sh600584,长电科技,2025-09-18 09:55:14,39.34,19800,39.35,D
sh600584,长电科技,2025-09-18 09:55:17,39.34,36300,39.34,D
sh600584,长电科技,2025-09-18 09:55:20,39.34,13600,39.34,D
sh600584,长电科技,2025-09-18 09:55:23,39.35,14900,39.34,U
sh600584,长电科技,2025-09-18 09:55:26,39.35,20700,39.35,U
sh600584,长电科技,2025-09-18 09:55:29,39.35,23400,39.35,U
sh600584,长电科技,2025-09-18 09:55:32,39.34,73100,39.35,E
sh600584,长电科技,2025-09-18 09:55:35,39.35,7100,39.34,U
sh600584,长电科技,2025-09-18 09:55:38,39.34,16100,39.35,D
sh600584,长电科技,2025-09-18 09:55:41,39.34,17000,39.34,U
sh600584,长电科技,2025-09-18 09:55:44,39.34,14900,39.34,U
sh600584,长电科技,2025-09-18 09:55:47,39.34,12800,39.34,D
sh600584,长电科技,2025-09-18 09:55:50,39.34,28900,39.34,D
sh600584,长电科技,2025-09-18 09:55:53,39.34,26500,39.34,U
sh600584,长电科技,2025-09-18 09:55:56,39.34,5300,39.34,U
sh600584,长电科技,2025-09-18 09:55:59,39.35,10200,39.34,U
sh600584,长电科技,2025-09-18 09:56:02,39.34,38200,39.35,D
sh600584,长电科技,2025-09-18 09:56:05,39.34,8300,39.34,D
sh600584,长电科技,2025-09-18 09:56:08,39.34,31300,39.34,D
sh600584,长电科技,2025-09-18 09:56:11,39.32,22900,39.34,D
sh600584,长电科技,2025-09-18 09:56:14,39.32,23100,39.32,D
sh600584,长电科技,2025-09-18 09:56:17,39.33,17400,39.32,U
sh600584,长电科技,2025-09-18 09:56:20,39.31,10100,39.33,D
sh600584,长电科技,2025-09-18 09:56:23,39.32,21200,39.31,U
sh600584,长电科技,2025-09-18 09:56:26,39.3,28400,39.32,D
sh600584,长电科技,2025-09-18 09:56:29,39.31,21100,39.3,U
sh600584,长电科技,2025-09-18 09:56:32,39.31,14100,39.31,U
sh600584,长电科技,2025-09-18 09:56:35,39.3,27500,39.31,D
sh600584,长电科技,2025-09-18 09:56:38,39.3,22100,39.3,D
sh600584,长电科技,2025-09-18 09:56:41,39.3,12700,39.3,U
sh600584,长电科技,2025-09-18 09:56:44,39.29,7300,39.3,D
sh600584,长电科技,2025-09-18 09:56:47,39.29,11300,39.29,D
sh600584,长电科技,2025-09-18 09:56:50,39.29,16600,39.29,U
sh600584,长电科技,2025-09-18 09:56:53,39.29,14400,39.29,U
sh600584,长电科技,2025-09-18 09:56:56,39.28,14100,39.29,E
sh600584,长电科技,2025-09-18 09:56:59,39.28,9700,39.28,D
sh600584,长电科技,2025-09-18 09:57:02,39.27,14600,39.28,D
sh600584,长电科技,2025-09-18 09:57:11,39.27,16100,39.28,D
sh600584,长电科技,2025-09-18 09:57:14,39.27,7600,39.27,U
sh600584,长电科技,2025-09-18 09:57:17,39.25,47500,39.27,D
sh600584,长电科技,2025-09-18 09:57:23,39.24,8700,39.25,D
sh600584,长电科技,2025-09-18 09:57:26,39.25,46700,39.24,U
sh600584,长电科技,2025-09-18 09:57:29,39.25,84800,39.25,U
sh600584,长电科技,2025-09-18 09:57:32,39.25,35190,39.25,U
sh600584,长电科技,2025-09-18 09:57:35,39.25,32600,39.25,D
sh600584,长电科技,2025-09-18 09:57:38,39.26,8200,39.25,E
sh600584,长电科技,2025-09-18 09:57:41,39.27,7000,39.26,U
sh600584,长电科技,2025-09-18 09:57:44,39.27,19700,39.27,D
sh600584,长电科技,2025-09-18 09:57:47,39.28,42900,39.27,U
sh600584,长电科技,2025-09-18 09:57:50,39.28,6700,39.28,D
sh600584,长电科技,2025-09-18 09:57:53,39.28,17800,39.28,D
sh600584,长电科技,2025-09-18 09:57:56,39.28,27000,39.28,D
sh600584,长电科技,2025-09-18 09:57:59,39.3,11800,39.28,U
sh600584,长电科技,2025-09-18 09:58:02,39.29,23600,39.3,D
sh600584,长电科技,2025-09-18 09:58:05,39.28,17200,39.29,D
sh600584,长电科技,2025-09-18 09:58:08,39.29,19400,39.28,E
sh600584,长电科技,2025-09-18 09:58:11,39.31,25400,39.29,U
sh600584,长电科技,2025-09-18 09:58:14,39.32,69000,39.31,U
sh600584,长电科技,2025-09-18 09:58:20,39.33,50900,39.33,D
sh600584,长电科技,2025-09-18 09:58:23,39.35,33400,39.33,U
sh600584,长电科技,2025-09-18 09:58:26,39.35,13200,39.35,U
sh600584,长电科技,2025-09-18 09:58:29,39.35,19900,39.35,U
sh600584,长电科技,2025-09-18 09:58:32,39.36,185900,39.35,U
sh600584,长电科技,2025-09-18 09:58:35,39.38,216400,39.36,U
sh600584,长电科技,2025-09-18 09:58:38,39.39,46800,39.38,U
sh600584,长电科技,2025-09-18 09:58:41,39.39,32800,39.39,U
sh600584,长电科技,2025-09-18 09:58:44,39.39,32500,39.39,U
sh600584,长电科技,2025-09-18 09:58:47,39.38,35700,39.39,D
sh600584,长电科技,2025-09-18 09:58:50,39.39,32900,39.38,U
sh600584,长电科技,2025-09-18 09:58:53,39.38,26000,39.39,D
sh600584,长电科技,2025-09-18 09:58:56,39.38,29500,39.38,D
sh600584,长电科技,2025-09-18 09:58:59,39.38,19400,39.38,U
sh600584,长电科技,2025-09-18 09:59:02,39.37,30900,39.38,D
sh600584,长电科技,2025-09-18 09:59:05,39.38,20700,39.37,U
sh600584,长电科技,2025-09-18 09:59:08,39.38,46200,39.38,U
sh600584,长电科技,2025-09-18 09:59:14,39.39,45600,39.38,U
sh600584,长电科技,2025-09-18 09:59:17,39.39,34200,39.39,U
sh600584,长电科技,2025-09-18 09:59:20,39.39,22200,39.39,U
sh600584,长电科技,2025-09-18 09:59:23,39.39,50459,39.39,U
sh600584,长电科技,2025-09-18 09:59:26,39.4,6800,39.39,U
sh600584,长电科技,2025-09-18 09:59:29,39.39,18300,39.4,D
sh600584,长电科技,2025-09-18 09:59:32,39.39,97500,39.39,D
sh600584,长电科技,2025-09-18 09:59:35,39.39,93500,39.39,U
sh600584,长电科技,2025-09-18 09:59:41,39.4,49900,39.39,U
sh600584,长电科技,2025-09-18 09:59:44,39.39,17600,39.4,D
sh600584,长电科技,2025-09-18 09:59:47,39.4,50100,39.39,U
sh600584,长电科技,2025-09-18 09:59:50,39.39,26100,39.4,D
sh600584,长电科技,2025-09-18 09:59:53,39.4,77800,39.39,U
sh600584,长电科技,2025-09-18 09:59:56,39.4,42400,39.4,U
sh600584,长电科技,2025-09-18 09:59:59,39.39,23700,39.4,D
sh600584,长电科技,2025-09-18 10:00:02,39.4,68999,39.39,U
sh600584,长电科技,2025-09-18 10:00:05,39.4,49500,39.4,D
sh600584,长电科技,2025-09-18 10:00:08,39.4,18600,39.4,U
sh600584,长电科技,2025-09-18 10:00:11,39.4,12400,39.4,D
sh600584,长电科技,2025-09-18 10:00:14,39.4,19100,39.4,D
sh600584,长电科技,2025-09-18 10:00:17,39.39,25400,39.4,D
sh600584,长电科技,2025-09-18 10:00:20,39.4,14200,39.39,U
sh600584,长电科技,2025-09-18 10:00:23,39.4,6900,39.4,U
sh600584,长电科技,2025-09-18 10:00:26,39.39,16100,39.4,D
sh600584,长电科技,2025-09-18 10:00:29,39.38,56101,39.39,D
sh600584,长电科技,2025-09-18 10:00:32,39.39,20300,39.38,U
sh600584,长电科技,2025-09-18 10:00:35,39.39,7000,39.39,U
sh600584,长电科技,2025-09-18 10:00:38,39.38,50400,39.39,D
sh600584,长电科技,2025-09-18 10:00:41,39.38,24700,39.38,D
sh600584,长电科技,2025-09-18 10:00:44,39.38,21500,39.38,U
sh600584,长电科技,2025-09-18 10:00:47,39.37,59600,39.38,D
sh600584,长电科技,2025-09-18 10:00:50,39.38,9700,39.37,U
sh600584,长电科技,2025-09-18 10:00:53,39.4,24800,39.38,U
sh600584,长电科技,2025-09-18 10:00:56,39.39,5400,39.4,E
sh600584,长电科技,2025-09-18 10:00:59,39.4,16100,39.39,U
sh600584,长电科技,2025-09-18 10:01:02,39.4,134300,39.4,U
sh600584,长电科技,2025-09-18 10:01:05,39.4,108599,39.4,U
sh600584,长电科技,2025-09-18 10:01:08,39.39,12600,39.4,D
sh600584,长电科技,2025-09-18 10:01:11,39.39,7400,39.39,D
sh600584,长电科技,2025-09-18 10:01:14,39.39,15500,39.39,D
sh600584,长电科技,2025-09-18 10:01:17,39.4,11000,39.39,U
sh600584,长电科技,2025-09-18 10:01:20,39.4,41100,39.4,U
sh600584,长电科技,2025-09-18 10:01:23,39.4,23000,39.4,U
sh600584,长电科技,2025-09-18 10:01:26,39.4,23700,39.4,D
sh600584,长电科技,2025-09-18 10:01:29,39.4,13400,39.4,E
sh600584,长电科技,2025-09-18 10:01:32,39.41,24900,39.4,U
sh600584,长电科技,2025-09-18 10:01:35,39.4,18300,39.41,D
sh600584,长电科技,2025-09-18 10:01:38,39.42,18600,39.4,U
sh600584,长电科技,2025-09-18 10:01:41,39.4,20100,39.42,D
sh600584,长电科技,2025-09-18 10:01:44,39.42,35800,39.4,U
sh600584,长电科技,2025-09-18 10:01:47,39.41,18500,39.42,U
sh600584,长电科技,2025-09-18 10:01:50,39.42,8000,39.41,U
sh600584,长电科技,2025-09-18 10:01:53,39.42,10500,39.42,U
sh600584,长电科技,2025-09-18 10:01:56,39.42,24800,39.42,U
sh600584,长电科技,2025-09-18 10:01:59,39.42,14800,39.42,U
sh600584,长电科技,2025-09-18 10:02:02,39.42,10700,39.42,D
sh600584,长电科技,2025-09-18 10:02:05,39.43,35700,39.42,U
sh600584,长电科技,2025-09-18 10:02:08,39.43,78500,39.43,U
sh600584,长电科技,2025-09-18 10:02:11,39.42,10800,39.43,U
sh600584,长电科技,2025-09-18 10:02:14,39.42,29200,39.42,U
sh600584,长电科技,2025-09-18 10:02:17,39.42,36500,39.42,D
sh600584,长电科技,2025-09-18 10:02:20,39.38,98500,39.42,D
sh600584,长电科技,2025-09-18 10:02:23,39.4,21800,39.38,E
sh600584,长电科技,2025-09-18 10:02:26,39.4,9100,39.4,D
sh600584,长电科技,2025-09-18 10:02:29,39.4,8300,39.4,D
sh600584,长电科技,2025-09-18 10:02:35,39.4,12400,39.39,U
sh600584,长电科技,2025-09-18 10:02:38,39.4,12400,39.4,U
sh600584,长电科技,2025-09-18 10:02:41,39.39,12800,39.4,D
sh600584,长电科技,2025-09-18 10:02:44,39.38,20300,39.39,D
sh600584,长电科技,2025-09-18 10:02:47,39.39,63800,39.38,U
sh600584,长电科技,2025-09-18 10:02:53,39.39,71000,39.39,U
sh600584,长电科技,2025-09-18 10:02:56,39.38,23301,39.39,D
sh600584,长电科技,2025-09-18 10:02:59,39.38,8600,39.38,U
sh600584,长电科技,2025-09-18 10:03:02,39.37,58500,39.38,D
sh600584,长电科技,2025-09-18 10:03:05,39.37,20900,39.37,D
sh600584,长电科技,2025-09-18 10:03:08,39.35,15200,39.37,D
sh600584,长电科技,2025-09-18 10:03:14,39.35,9000,39.36,D
sh600584,长电科技,2025-09-18 10:03:17,39.35,22500,39.35,D
sh600584,长电科技,2025-09-18 10:03:20,39.36,35100,39.35,U
sh600584,长电科技,2025-09-18 10:03:23,39.35,7600,39.36,D
sh600584,长电科技,2025-09-18 10:03:26,39.35,19100,39.35,U
sh600584,长电科技,2025-09-18 10:03:29,39.34,15100,39.35,D
sh600584,长电科技,2025-09-18 10:03:32,39.34,17400,39.34,U
sh600584,长电科技,2025-09-18 10:03:35,39.34,11100,39.34,U
sh600584,长电科技,2025-09-18 10:03:38,39.33,17600,39.34,D
sh600584,长电科技,2025-09-18 10:03:41,39.34,6100,39.33,U
sh600584,长电科技,2025-09-18 10:03:44,39.33,9500,39.34,E
sh600584,长电科技,2025-09-18 10:03:47,39.34,5600,39.33,U
sh600584,长电科技,2025-09-18 10:03:50,39.33,11000,39.34,D
sh600584,长电科技,2025-09-18 10:03:53,39.33,9500,39.33,U
sh600584,长电科技,2025-09-18 10:03:56,39.33,11800,39.33,D
sh600584,长电科技,2025-09-18 10:03:59,39.33,8000,39.33,U
sh600584,长电科技,2025-09-18 10:04:02,39.33,10500,39.33,D
sh600584,长电科技,2025-09-18 10:04:05,39.34,5800,39.33,U
sh600584,长电科技,2025-09-18 10:04:08,39.34,17300,39.34,U
sh600584,长电科技,2025-09-18 10:04:11,39.34,20200,39.34,U
sh600584,长电科技,2025-09-18 10:04:14,39.33,13300,39.34,D
sh600584,长电科技,2025-09-18 10:04:17,39.33,10100,39.33,U
sh600584,长电科技,2025-09-18 10:04:20,39.33,28100,39.33,U
sh600584,长电科技,2025-09-18 10:04:23,39.32,22800,39.33,D
sh600584,长电科技,2025-09-18 10:04:26,39.32,25800,39.32,D
sh600584,长电科技,2025-09-18 10:04:29,39.32,14400,39.32,U
sh600584,长电科技,2025-09-18 10:04:32,39.32,21300,39.32,U
sh600584,长电科技,2025-09-18 10:04:35,39.32,16500,39.32,U
sh600584,长电科技,2025-09-18 10:04:38,39.32,34200,39.32,D
sh600584,长电科技,2025-09-18 10:04:41,39.32,17500,39.32,D
sh600584,长电科技,2025-09-18 10:04:47,39.33,28000,39.32,U
sh600584,长电科技,2025-09-18 10:04:50,39.33,9200,39.33,D
sh600584,长电科技,2025-09-18 10:04:53,39.33,21100,39.33,D
sh600584,长电科技,2025-09-18 10:04:59,39.32,9200,39.33,D
sh600584,长电科技,2025-09-18 10:05:02,39.32,14200,39.32,D
sh600584,长电科技,2025-09-18 10:05:05,39.34,91400,39.32,U
sh600584,长电科技,2025-09-18 10:05:08,39.32,17300,39.34,D
sh600584,长电科技,2025-09-18 10:05:11,39.32,6700,39.32,U
sh600584,长电科技,2025-09-18 10:05:14,39.32,17200,39.32,U
sh600584,长电科技,2025-09-18 10:05:17,39.31,16800,39.32,D
sh600584,长电科技,2025-09-18 10:05:20,39.32,14300,39.31,U
sh600584,长电科技,2025-09-18 10:05:23,39.32,20300,39.32,U
sh600584,长电科技,2025-09-18 10:05:29,39.33,11800,39.32,U
sh600584,长电科技,2025-09-18 10:05:32,39.32,21000,39.33,D
sh600584,长电科技,2025-09-18 10:05:35,39.32,25100,39.32,D
sh600584,长电科技,2025-09-18 10:05:38,39.33,16300,39.32,U
sh600584,长电科技,2025-09-18 10:05:41,39.33,12800,39.33,U
sh600584,长电科技,2025-09-18 10:05:47,39.35,71500,39.33,U
sh600584,长电科技,2025-09-18 10:05:56,39.34,24800,39.34,D
sh600584,长电科技,2025-09-18 10:05:59,39.34,11000,39.34,D
sh600584,长电科技,2025-09-18 10:06:02,39.35,85800,39.34,U
sh600584,长电科技,2025-09-18 10:06:05,39.36,11800,39.35,U
sh600584,长电科技,2025-09-18 10:06:08,39.36,11200,39.36,U
sh600584,长电科技,2025-09-18 10:06:11,39.36,8900,39.36,U
sh600584,长电科技,2025-09-18 10:06:14,39.36,56100,39.36,D
sh600584,长电科技,2025-09-18 10:06:17,39.36,8700,39.36,D
sh600584,长电科技,2025-09-18 10:06:20,39.38,12800,39.36,U
sh600584,长电科技,2025-09-18 10:06:23,39.37,21200,39.38,E
sh600584,长电科技,2025-09-18 10:06:26,39.39,34100,39.37,U
sh600584,长电科技,2025-09-18 10:06:32,39.4,6600,39.39,U
sh600584,长电科技,2025-09-18 10:06:35,39.39,44200,39.4,D
sh600584,长电科技,2025-09-18 10:06:38,39.4,15600,39.39,U
sh600584,长电科技,2025-09-18 10:06:41,39.4,49700,39.4,U
sh600584,长电科技,2025-09-18 10:06:44,39.41,40300,39.4,U
sh600584,长电科技,2025-09-18 10:06:47,39.4,7900,39.41,D
sh600584,长电科技,2025-09-18 10:06:50,39.4,16000,39.4,D
sh600584,长电科技,2025-09-18 10:06:53,39.41,49600,39.4,U
sh600584,长电科技,2025-09-18 10:06:56,39.41,6500,39.41,D
sh600584,长电科技,2025-09-18 10:06:59,39.41,40700,39.41,D
sh600584,长电科技,2025-09-18 10:07:02,39.42,29800,39.41,U
sh600584,长电科技,2025-09-18 10:07:05,39.42,27900,39.42,U
sh600584,长电科技,2025-09-18 10:07:08,39.41,12700,39.42,D
sh600584,长电科技,2025-09-18 10:07:11,39.41,13300,39.41,D
sh600584,长电科技,2025-09-18 10:07:14,39.41,29200,39.41,U
sh600584,长电科技,2025-09-18 10:07:17,39.41,10400,39.41,U
sh600584,长电科技,2025-09-18 10:07:20,39.42,83400,39.41,U
sh600584,长电科技,2025-09-18 10:07:23,39.42,10200,39.42,U
sh600584,长电科技,2025-09-18 10:07:26,39.41,26700,39.42,D
sh600584,长电科技,2025-09-18 10:07:29,39.41,23700,39.41,D
sh600584,长电科技,2025-09-18 10:07:32,39.41,20000,39.41,U
sh600584,长电科技,2025-09-18 10:07:35,39.41,20600,39.41,D
sh600584,长电科技,2025-09-18 10:07:38,39.42,10600,39.41,U
sh600584,长电科技,2025-09-18 10:07:41,39.42,9900,39.42,D
sh600584,长电科技,2025-09-18 10:07:44,39.42,21500,39.42,D
sh600584,长电科技,2025-09-18 10:07:47,39.43,40300,39.42,U
sh600584,长电科技,2025-09-18 10:07:50,39.43,37200,39.43,U
sh600584,长电科技,2025-09-18 10:07:53,39.43,70400,39.43,U
sh600584,长电科技,2025-09-18 10:07:56,39.43,22167,39.43,U
sh600584,长电科技,2025-09-18 10:08:02,39.44,140400,39.44,U
sh600584,长电科技,2025-09-18 10:08:05,39.46,464700,39.44,U
sh600584,长电科技,2025-09-18 10:08:08,39.47,93900,39.46,D
sh600584,长电科技,2025-09-18 10:08:11,39.48,33700,39.47,U
sh600584,长电科技,2025-09-18 10:08:14,39.48,12700,39.48,U
sh600584,长电科技,2025-09-18 10:08:17,39.49,110000,39.48,U
sh600584,长电科技,2025-09-18 10:08:20,39.5,22200,39.49,U
sh600584,长电科技,2025-09-18 10:08:23,39.5,21700,39.5,U
sh600584,长电科技,2025-09-18 10:08:26,39.5,472500,39.5,U
sh600584,长电科技,2025-09-18 10:08:29,39.5,141300,39.5,U
sh600584,长电科技,2025-09-18 10:08:32,39.5,163900,39.5,U
sh600584,长电科技,2025-09-18 10:08:35,39.51,30500,39.5,U
sh600584,长电科技,2025-09-18 10:08:38,39.51,38200,39.51,U
sh600584,长电科技,2025-09-18 10:08:41,39.52,21200,39.51,U
sh600584,长电科技,2025-09-18 10:08:44,39.52,125900,39.52,U
sh600584,长电科技,2025-09-18 10:08:47,39.53,21400,39.52,U
sh600584,长电科技,2025-09-18 10:08:50,39.54,14300,39.53,U
sh600584,长电科技,2025-09-18 10:08:53,39.54,62400,39.54,U
sh600584,长电科技,2025-09-18 10:08:56,39.54,45400,39.54,U
sh600584,长电科技,2025-09-18 10:08:59,39.55,27100,39.54,U
sh600584,长电科技,2025-09-18 10:09:02,39.54,62800,39.55,D
sh600584,长电科技,2025-09-18 10:09:05,39.55,30600,39.54,U
sh600584,长电科技,2025-09-18 10:09:08,39.55,22600,39.55,D
sh600584,长电科技,2025-09-18 10:09:11,39.56,80200,39.55,U
sh600584,长电科技,2025-09-18 10:09:14,39.56,84000,39.56,U
sh600584,长电科技,2025-09-18 10:09:17,39.56,18100,39.56,D
sh600584,长电科技,2025-09-18 10:09:20,39.57,37100,39.56,U
sh600584,长电科技,2025-09-18 10:09:23,39.57,46800,39.57,U
sh600584,长电科技,2025-09-18 10:09:26,39.57,115100,39.57,U
sh600584,长电科技,2025-09-18 10:09:29,39.57,37200,39.57,D
sh600584,长电科技,2025-09-18 10:09:32,39.58,46500,39.57,U
sh600584,长电科技,2025-09-18 10:09:35,39.57,76900,39.58,D
sh600584,长电科技,2025-09-18 10:09:38,39.58,34600,39.57,U
sh600584,长电科技,2025-09-18 10:09:41,39.58,47300,39.58,D
sh600584,长电科技,2025-09-18 10:09:44,39.59,110800,39.58,U
sh600584,长电科技,2025-09-18 10:09:47,39.59,140700,39.59,U
sh600584,长电科技,2025-09-18 10:09:50,39.59,47800,39.59,U
sh600584,长电科技,2025-09-18 10:09:53,39.6,264260,39.59,U
sh600584,长电科技,2025-09-18 10:09:56,39.61,18200,39.6,U
sh600584,长电科技,2025-09-18 10:09:59,39.62,19300,39.61,U
sh600584,长电科技,2025-09-18 10:10:02,39.62,48700,39.62,U
sh600584,长电科技,2025-09-18 10:10:05,39.62,49000,39.62,E
sh600584,长电科技,2025-09-18 10:10:08,39.63,17600,39.62,D
sh600584,长电科技,2025-09-18 10:10:11,39.65,156200,39.63,U
sh600584,长电科技,2025-09-18 10:10:14,39.65,19600,39.65,D
sh600584,长电科技,2025-09-18 10:10:17,39.65,89300,39.65,D
sh600584,长电科技,2025-09-18 10:10:20,39.66,44200,39.65,U
sh600584,长电科技,2025-09-18 10:10:23,39.67,141800,39.66,U
sh600584,长电科技,2025-09-18 10:10:26,39.68,45900,39.67,U
sh600584,长电科技,2025-09-18 10:10:29,39.68,118300,39.68,U
sh600584,长电科技,2025-09-18 10:10:32,39.67,121800,39.68,D
sh600584,长电科技,2025-09-18 10:10:35,39.68,82400,39.67,U
sh600584,长电科技,2025-09-18 10:10:38,39.69,59000,39.68,U
sh600584,长电科技,2025-09-18 10:10:41,39.69,35700,39.69,U
sh600584,长电科技,2025-09-18 10:10:44,39.7,97400,39.69,U
sh600584,长电科技,2025-09-18 10:10:47,39.7,130600,39.7,U
sh600584,长电科技,2025-09-18 10:10:50,39.7,36800,39.7,U
sh600584,长电科技,2025-09-18 10:10:53,39.71,55900,39.7,U
sh600584,长电科技,2025-09-18 10:10:56,39.72,69900,39.71,U
sh600584,长电科技,2025-09-18 10:10:59,39.72,29100,39.72,U
sh600584,长电科技,2025-09-18 10:11:02,39.72,30400,39.72,U
sh600584,长电科技,2025-09-18 10:11:05,39.73,36000,39.72,U
sh600584,长电科技,2025-09-18 10:11:08,39.75,37300,39.73,U
sh600584,长电科技,2025-09-18 10:11:11,39.75,49200,39.75,U
sh600584,长电科技,2025-09-18 10:11:14,39.74,68900,39.75,D
sh600584,长电科技,2025-09-18 10:11:17,39.75,60400,39.74,U
sh600584,长电科技,2025-09-18 10:11:20,39.76,133200,39.75,U
sh600584,长电科技,2025-09-18 10:11:23,39.77,91000,39.76,U
sh600584,长电科技,2025-09-18 10:11:26,39.77,46800,39.77,U
sh600584,长电科技,2025-09-18 10:11:29,39.76,223600,39.77,D
sh600584,长电科技,2025-09-18 10:11:32,39.75,299600,39.76,D
sh600584,长电科技,2025-09-18 10:11:35,39.71,166000,39.75,D
sh600584,长电科技,2025-09-18 10:11:38,39.71,49700,39.71,E
sh600584,长电科技,2025-09-18 10:11:41,39.71,187100,39.71,D
sh600584,长电科技,2025-09-18 10:11:44,39.71,30100,39.71,U
sh600584,长电科技,2025-09-18 10:11:47,39.69,115200,39.71,D
sh600584,长电科技,2025-09-18 10:11:50,39.67,49200,39.69,D
sh600584,长电科技,2025-09-18 10:11:53,39.69,50200,39.67,U
sh600584,长电科技,2025-09-18 10:11:56,39.69,35900,39.69,D
sh600584,长电科技,2025-09-18 10:11:59,39.69,48900,39.69,D
sh600584,长电科技,2025-09-18 10:12:02,39.69,29700,39.69,U
sh600584,长电科技,2025-09-18 10:12:05,39.69,36400,39.69,U
sh600584,长电科技,2025-09-18 10:12:08,39.69,28700,39.69,U
sh600584,长电科技,2025-09-18 10:12:11,39.68,20400,39.69,D
sh600584,长电科技,2025-09-18 10:12:14,39.67,32300,39.68,D
sh600584,长电科技,2025-09-18 10:12:17,39.67,35800,39.67,D
sh600584,长电科技,2025-09-18 10:12:20,39.68,37300,39.67,U
sh600584,长电科技,2025-09-18 10:12:23,39.68,28900,39.68,U
sh600584,长电科技,2025-09-18 10:12:26,39.67,22800,39.68,D
sh600584,长电科技,2025-09-18 10:12:29,39.66,45700,39.67,D
sh600584,长电科技,2025-09-18 10:12:32,39.65,11300,39.66,D
sh600584,长电科技,2025-09-18 10:12:35,39.65,50800,39.65,D
sh600584,长电科技,2025-09-18 10:12:38,39.65,25400,39.65,U
sh600584,长电科技,2025-09-18 10:12:41,39.65,23100,39.65,U
sh600584,长电科技,2025-09-18 10:12:44,39.64,48300,39.65,D
sh600584,长电科技,2025-09-18 10:12:47,39.63,17400,39.64,D
sh600584,长电科技,2025-09-18 10:12:50,39.63,9200,39.63,D
sh600584,长电科技,2025-09-18 10:12:53,39.63,15500,39.63,D
sh600584,长电科技,2025-09-18 10:12:56,39.62,20900,39.63,D
sh600584,长电科技,2025-09-18 10:12:59,39.62,20700,39.62,D
sh600584,长电科技,2025-09-18 10:13:02,39.61,7300,39.62,D
sh600584,长电科技,2025-09-18 10:13:05,39.61,30000,39.61,D
sh600584,长电科技,2025-09-18 10:13:08,39.62,24300,39.61,U
sh600584,长电科技,2025-09-18 10:13:11,39.61,27200,39.62,D
sh600584,长电科技,2025-09-18 10:13:14,39.61,7500,39.61,U
sh600584,长电科技,2025-09-18 10:13:17,39.61,19900,39.61,U
sh600584,长电科技,2025-09-18 10:13:20,39.61,28900,39.61,U
sh600584,长电科技,2025-09-18 10:13:23,39.6,29800,39.61,D
sh600584,长电科技,2025-09-18 10:13:26,39.62,20900,39.6,U
sh600584,长电科技,2025-09-18 10:13:29,39.6,120940,39.62,D
sh600584,长电科技,2025-09-18 10:13:32,39.61,11660,39.6,U
sh600584,长电科技,2025-09-18 10:13:35,39.62,24500,39.61,U
sh600584,长电科技,2025-09-18 10:13:38,39.62,29300,39.62,U
sh600584,长电科技,2025-09-18 10:13:41,39.63,27000,39.62,U
sh600584,长电科技,2025-09-18 10:13:44,39.64,39700,39.63,U
sh600584,长电科技,2025-09-18 10:13:47,39.64,8500,39.64,D
sh600584,长电科技,2025-09-18 10:13:50,39.64,21400,39.64,D
sh600584,长电科技,2025-09-18 10:13:53,39.65,25300,39.64,U
sh600584,长电科技,2025-09-18 10:13:56,39.65,50600,39.65,U
sh600584,长电科技,2025-09-18 10:13:59,39.67,32800,39.65,U
sh600584,长电科技,2025-09-18 10:14:02,39.67,18200,39.67,U
sh600584,长电科技,2025-09-18 10:14:05,39.7,58965,39.67,U
sh600584,长电科技,2025-09-18 10:14:08,39.7,13500,39.7,U
sh600584,长电科技,2025-09-18 10:14:11,39.7,20300,39.7,U
sh600584,长电科技,2025-09-18 10:14:14,39.72,79100,39.7,U
sh600584,长电科技,2025-09-18 10:14:17,39.75,28900,39.72,U
sh600584,长电科技,2025-09-18 10:14:20,39.75,36900,39.75,U
sh600584,长电科技,2025-09-18 10:14:23,39.76,44000,39.75,U
sh600584,长电科技,2025-09-18 10:14:26,39.76,11400,39.76,U
sh600584,长电科技,2025-09-18 10:14:29,39.76,24100,39.76,U
sh600584,长电科技,2025-09-18 10:14:32,39.77,45900,39.76,U
sh600584,长电科技,2025-09-18 10:14:35,39.77,63000,39.77,U
sh600584,长电科技,2025-09-18 10:14:38,39.77,29500,39.77,D
sh600584,长电科技,2025-09-18 10:14:41,39.78,41500,39.77,U
sh600584,长电科技,2025-09-18 10:14:44,39.76,137300,39.78,D
sh600584,长电科技,2025-09-18 10:14:47,39.78,68800,39.76,U
sh600584,长电科技,2025-09-18 10:14:50,39.76,78600,39.78,D
sh600584,长电科技,2025-09-18 10:14:53,39.77,64100,39.76,U
sh600584,长电科技,2025-09-18 10:14:56,39.76,133500,39.77,D
sh600584,长电科技,2025-09-18 10:14:59,39.77,40400,39.76,U
sh600584,长电科技,2025-09-18 10:15:02,39.77,30300,39.77,D
sh600584,长电科技,2025-09-18 10:15:05,39.78,35000,39.77,U
sh600584,长电科技,2025-09-18 10:15:08,39.76,55100,39.78,D
sh600584,长电科技,2025-09-18 10:15:11,39.77,48800,39.76,U
sh600584,长电科技,2025-09-18 10:15:14,39.76,24200,39.77,D
sh600584,长电科技,2025-09-18 10:15:17,39.77,76300,39.76,U
sh600584,长电科技,2025-09-18 10:15:20,39.77,20000,39.77,D
sh600584,长电科技,2025-09-18 10:15:23,39.78,38900,39.77,U
sh600584,长电科技,2025-09-18 10:15:26,39.78,121100,39.78,U
sh600584,长电科技,2025-09-18 10:15:29,39.78,29800,39.78,U
sh600584,长电科技,2025-09-18 10:15:32,39.77,25800,39.78,D
sh600584,长电科技,2025-09-18 10:15:35,39.78,46200,39.77,U
sh600584,长电科技,2025-09-18 10:15:38,39.77,48400,39.78,D
sh600584,长电科技,2025-09-18 10:15:41,39.78,42000,39.77,U
sh600584,长电科技,2025-09-18 10:15:44,39.78,22200,39.78,D
sh600584,长电科技,2025-09-18 10:15:47,39.78,115000,39.78,D
sh600584,长电科技,2025-09-18 10:15:50,39.79,64454,39.78,U
sh600584,长电科技,2025-09-18 10:15:53,39.8,21000,39.79,U
sh600584,长电科技,2025-09-18 10:15:56,39.8,38100,39.8,U
sh600584,长电科技,2025-09-18 10:15:59,39.79,65600,39.8,D
sh600584,长电科技,2025-09-18 10:16:02,39.79,100700,39.79,U
sh600584,长电科技,2025-09-18 10:16:05,39.8,30800,39.79,U
sh600584,长电科技,2025-09-18 10:16:08,39.79,47900,39.8,D
sh600584,长电科技,2025-09-18 10:16:11,39.79,90000,39.79,D
sh600584,长电科技,2025-09-18 10:16:14,39.8,34600,39.79,U
sh600584,长电科技,2025-09-18 10:16:17,39.79,31100,39.8,D
sh600584,长电科技,2025-09-18 10:16:20,39.79,43900,39.79,U
sh600584,长电科技,2025-09-18 10:16:23,39.8,17800,39.79,U
sh600584,长电科技,2025-09-18 10:16:26,39.8,37900,39.8,U
sh600584,长电科技,2025-09-18 10:16:29,39.8,42000,39.8,U
sh600584,长电科技,2025-09-18 10:16:32,39.8,68000,39.8,U
sh600584,长电科技,2025-09-18 10:16:35,39.8,21300,39.8,U
sh600584,长电科技,2025-09-18 10:16:38,39.79,43700,39.8,D
sh600584,长电科技,2025-09-18 10:16:41,39.8,56400,39.79,U
sh600584,长电科技,2025-09-18 10:16:44,39.79,40100,39.8,D
sh600584,长电科技,2025-09-18 10:16:47,39.79,94000,39.79,D
sh600584,长电科技,2025-09-18 10:16:50,39.79,85000,39.79,D
sh600584,长电科技,2025-09-18 10:16:53,39.75,179516,39.79,D
sh600584,长电科技,2025-09-18 10:16:56,39.75,39684,39.75,D
sh600584,长电科技,2025-09-18 10:16:59,39.74,22816,39.75,E
sh600584,长电科技,2025-09-18 10:17:02,39.74,14400,39.74,D
sh600584,长电科技,2025-09-18 10:17:05,39.74,18300,39.74,U
sh600584,长电科技,2025-09-18 10:17:08,39.74,21400,39.74,U
sh600584,长电科技,2025-09-18 10:17:11,39.72,25300,39.74,D
sh600584,长电科技,2025-09-18 10:17:14,39.72,14800,39.72,D
sh600584,长电科技,2025-09-18 10:17:17,39.71,63600,39.72,D
sh600584,长电科技,2025-09-18 10:17:20,39.7,10000,39.71,D
sh600584,长电科技,2025-09-18 10:17:23,39.71,27800,39.7,U
sh600584,长电科技,2025-09-18 10:17:26,39.71,23500,39.71,U
sh600584,长电科技,2025-09-18 10:17:29,39.7,32100,39.71,D
sh600584,长电科技,2025-09-18 10:17:32,39.7,17700,39.7,U
sh600584,长电科技,2025-09-18 10:17:35,39.69,10700,39.7,U
sh600584,长电科技,2025-09-18 10:17:38,39.7,21600,39.69,U
sh600584,长电科技,2025-09-18 10:17:41,39.69,36300,39.7,D
sh600584,长电科技,2025-09-18 10:17:44,39.69,18400,39.69,D
sh600584,长电科技,2025-09-18 10:17:47,39.69,26800,39.69,D
sh600584,长电科技,2025-09-18 10:17:50,39.68,21600,39.69,D
sh600584,长电科技,2025-09-18 10:17:53,39.68,9500,39.68,D
sh600584,长电科技,2025-09-18 10:17:56,39.69,33600,39.68,U
sh600584,长电科技,2025-09-18 10:17:59,39.69,22100,39.69,D
sh600584,长电科技,2025-09-18 10:18:02,39.69,58100,39.69,D
sh600584,长电科技,2025-09-18 10:18:05,39.69,30600,39.69,U
sh600584,长电科技,2025-09-18 10:18:08,39.69,21200,39.69,U
sh600584,长电科技,2025-09-18 10:18:11,39.7,30700,39.69,U
sh600584,长电科技,2025-09-18 10:18:14,39.7,16600,39.7,U
sh600584,长电科技,2025-09-18 10:18:17,39.7,26100,39.7,U
sh600584,长电科技,2025-09-18 10:18:20,39.7,41900,39.7,U
sh600584,长电科技,2025-09-18 10:18:23,39.7,16400,39.7,D
sh600584,长电科技,2025-09-18 10:18:26,39.71,33500,39.7,U
sh600584,长电科技,2025-09-18 10:18:29,39.72,9800,39.71,U
sh600584,长电科技,2025-09-18 10:18:32,39.72,17400,39.72,U
sh600584,长电科技,2025-09-18 10:18:35,39.72,22600,39.72,U
sh600584,长电科技,2025-09-18 10:18:38,39.72,18800,39.72,U
sh600584,长电科技,2025-09-18 10:18:41,39.72,18800,39.72,D
sh600584,长电科技,2025-09-18 10:18:44,39.72,48400,39.72,D
sh600584,长电科技,2025-09-18 10:18:47,39.73,13700,39.72,U
sh600584,长电科技,2025-09-18 10:18:50,39.72,62500,39.73,D
sh600584,长电科技,2025-09-18 10:18:53,39.74,20400,39.72,U
sh600584,长电科技,2025-09-18 10:18:56,39.74,23400,39.74,D
sh600584,长电科技,2025-09-18 10:18:59,39.75,14300,39.74,U
sh600584,长电科技,2025-09-18 10:19:02,39.75,19900,39.75,U
sh600584,长电科技,2025-09-18 10:19:05,39.75,24500,39.75,U
sh600584,长电科技,2025-09-18 10:19:08,39.75,16934,39.75,U
sh600584,长电科技,2025-09-18 10:19:11,39.75,83600,39.75,D
sh600584,长电科技,2025-09-18 10:19:14,39.7,399166,39.75,D
sh600584,长电科技,2025-09-18 10:19:17,39.74,25600,39.7,U
sh600584,长电科技,2025-09-18 10:19:20,39.7,10400,39.74,D
sh600584,长电科技,2025-09-18 10:19:23,39.7,22700,39.7,D
sh600584,长电科技,2025-09-18 10:19:26,39.69,36400,39.7,D
sh600584,长电科技,2025-09-18 10:19:29,39.69,12200,39.69,D
sh600584,长电科技,2025-09-18 10:19:32,39.69,25000,39.69,D
sh600584,长电科技,2025-09-18 10:19:35,39.68,20600,39.69,D
sh600584,长电科技,2025-09-18 10:19:38,39.69,28100,39.68,U
sh600584,长电科技,2025-09-18 10:19:41,39.68,18900,39.69,D
sh600584,长电科技,2025-09-18 10:19:44,39.68,11700,39.68,D
sh600584,长电科技,2025-09-18 10:19:47,39.68,28900,39.68,D
sh600584,长电科技,2025-09-18 10:19:50,39.68,21500,39.68,D
sh600584,长电科技,2025-09-18 10:19:53,39.68,23800,39.68,U
sh600584,长电科技,2025-09-18 10:19:56,39.67,18000,39.68,D
sh600584,长电科技,2025-09-18 10:19:59,39.66,29600,39.67,D
sh600584,长电科技,2025-09-18 10:20:02,39.66,16900,39.66,D
sh600584,长电科技,2025-09-18 10:20:05,39.66,21900,39.66,D
sh600584,长电科技,2025-09-18 10:20:08,39.65,28700,39.66,D
sh600584,长电科技,2025-09-18 10:20:11,39.66,24200,39.65,E
sh600584,长电科技,2025-09-18 10:20:14,39.66,29600,39.66,D
sh600584,长电科技,2025-09-18 10:20:17,39.65,21200,39.66,D
sh600584,长电科技,2025-09-18 10:20:20,39.65,22600,39.65,D
sh600584,长电科技,2025-09-18 10:20:23,39.65,25400,39.65,D
sh600584,长电科技,2025-09-18 10:20:26,39.66,43900,39.65,U
sh600584,长电科技,2025-09-18 10:20:29,39.65,38000,39.66,D
sh600584,长电科技,2025-09-18 10:20:32,39.66,37300,39.65,U
sh600584,长电科技,2025-09-18 10:20:35,39.67,22000,39.66,U
sh600584,长电科技,2025-09-18 10:20:38,39.67,12700,39.67,U
sh600584,长电科技,2025-09-18 10:20:41,39.67,14400,39.67,U
sh600584,长电科技,2025-09-18 10:20:44,39.66,25500,39.67,D
sh600584,长电科技,2025-09-18 10:20:47,39.66,9600,39.66,U
sh600584,长电科技,2025-09-18 10:20:50,39.66,39900,39.66,U
sh600584,长电科技,2025-09-18 10:20:53,39.66,27000,39.66,D
sh600584,长电科技,2025-09-18 10:20:56,39.66,34100,39.66,U
sh600584,长电科技,2025-09-18 10:20:59,39.66,25800,39.66,D
sh600584,长电科技,2025-09-18 10:21:02,39.67,39300,39.66,U
sh600584,长电科技,2025-09-18 10:21:05,39.68,84000,39.67,U
sh600584,长电科技,2025-09-18 10:21:08,39.71,47900,39.68,U
sh600584,长电科技,2025-09-18 10:21:14,39.71,8900,39.69,U
sh600584,长电科技,2025-09-18 10:21:17,39.75,102500,39.71,U
sh600584,长电科技,2025-09-18 10:21:20,39.76,9200,39.75,U
sh600584,长电科技,2025-09-18 10:21:23,39.75,8200,39.76,D
sh600584,长电科技,2025-09-18 10:21:26,39.76,13800,39.75,U
sh600584,长电科技,2025-09-18 10:21:29,39.76,10700,39.76,D
sh600584,长电科技,2025-09-18 10:21:32,39.78,37000,39.76,U
sh600584,长电科技,2025-09-18 10:21:35,39.77,11000,39.78,D
sh600584,长电科技,2025-09-18 10:21:38,39.78,10200,39.77,D
sh600584,长电科技,2025-09-18 10:21:41,39.78,13200,39.78,U
sh600584,长电科技,2025-09-18 10:21:44,39.78,34100,39.78,D
sh600584,长电科技,2025-09-18 10:21:47,39.78,27500,39.78,D
sh600584,长电科技,2025-09-18 10:21:50,39.79,16800,39.78,U
sh600584,长电科技,2025-09-18 10:21:53,39.8,42200,39.79,U
sh600584,长电科技,2025-09-18 10:21:56,39.79,20400,39.8,D
sh600584,长电科技,2025-09-18 10:21:59,39.8,18700,39.79,U
sh600584,长电科技,2025-09-18 10:22:02,39.8,106200,39.8,U
sh600584,长电科技,2025-09-18 10:22:05,39.8,33500,39.8,U
sh600584,长电科技,2025-09-18 10:22:08,39.79,38600,39.8,D
sh600584,长电科技,2025-09-18 10:22:11,39.8,51200,39.79,U
sh600584,长电科技,2025-09-18 10:22:14,39.8,45000,39.8,D
sh600584,长电科技,2025-09-18 10:22:17,39.8,30200,39.8,U
sh600584,长电科技,2025-09-18 10:22:20,39.79,45000,39.8,E
sh600584,长电科技,2025-09-18 10:22:23,39.79,33200,39.79,U
sh600584,长电科技,2025-09-18 10:22:26,39.79,14900,39.79,D
sh600584,长电科技,2025-09-18 10:22:29,39.8,14500,39.79,U
sh600584,长电科技,2025-09-18 10:22:32,39.8,20500,39.8,U
sh600584,长电科技,2025-09-18 10:22:35,39.8,20500,39.8,U
sh600584,长电科技,2025-09-18 10:22:38,39.8,55900,39.8,U
sh600584,长电科技,2025-09-18 10:22:41,39.8,22600,39.8,U
sh600584,长电科技,2025-09-18 10:22:44,39.79,9900,39.8,D
sh600584,长电科技,2025-09-18 10:22:47,39.8,23100,39.79,U
sh600584,长电科技,2025-09-18 10:22:50,39.8,24200,39.8,U
sh600584,长电科技,2025-09-18 10:22:53,39.8,36700,39.8,D
sh600584,长电科技,2025-09-18 10:22:56,39.8,15300,39.8,D
sh600584,长电科技,2025-09-18 10:22:59,39.81,75900,39.8,U
sh600584,长电科技,2025-09-18 10:23:02,39.82,28900,39.81,U
sh600584,长电科技,2025-09-18 10:23:05,39.81,17800,39.82,D
sh600584,长电科技,2025-09-18 10:23:08,39.8,36700,39.81,D
sh600584,长电科技,2025-09-18 10:23:11,39.79,35700,39.8,D
sh600584,长电科技,2025-09-18 10:23:14,39.79,20100,39.79,D
sh600584,长电科技,2025-09-18 10:23:17,39.8,19500,39.79,U
sh600584,长电科技,2025-09-18 10:23:20,39.79,26000,39.8,D
sh600584,长电科技,2025-09-18 10:23:23,39.8,13700,39.79,U
sh600584,长电科技,2025-09-18 10:23:26,39.79,16100,39.8,D
sh600584,长电科技,2025-09-18 10:23:29,39.8,34000,39.79,U
sh600584,长电科技,2025-09-18 10:23:32,39.8,33100,39.8,U
sh600584,长电科技,2025-09-18 10:23:35,39.8,8700,39.8,U
sh600584,长电科技,2025-09-18 10:23:38,39.8,25500,39.8,U
sh600584,长电科技,2025-09-18 10:23:41,39.79,47200,39.8,D
sh600584,长电科技,2025-09-18 10:23:44,39.8,25100,39.79,E
sh600584,长电科技,2025-09-18 10:23:47,39.79,13700,39.8,D
sh600584,长电科技,2025-09-18 10:23:50,39.79,8500,39.79,E
sh600584,长电科技,2025-09-18 10:23:53,39.79,16200,39.79,U
sh600584,长电科技,2025-09-18 10:23:56,39.79,13100,39.79,E
sh600584,长电科技,2025-09-18 10:23:59,39.79,18300,39.79,D
sh600584,长电科技,2025-09-18 10:24:02,39.79,15500,39.79,D
sh600584,长电科技,2025-09-18 10:24:05,39.79,8700,39.79,U
sh600584,长电科技,2025-09-18 10:24:08,39.78,15200,39.79,D
sh600584,长电科技,2025-09-18 10:24:11,39.78,16400,39.78,D
sh600584,长电科技,2025-09-18 10:24:14,39.79,48100,39.78,U
sh600584,长电科技,2025-09-18 10:24:17,39.79,12200,39.79,D
sh600584,长电科技,2025-09-18 10:24:20,39.79,7400,39.79,U
sh600584,长电科技,2025-09-18 10:24:23,39.79,14100,39.79,U
sh600584,长电科技,2025-09-18 10:24:26,39.79,24700,39.79,U
sh600584,长电科技,2025-09-18 10:24:29,39.78,26000,39.79,D
sh600584,长电科技,2025-09-18 10:24:32,39.77,22000,39.78,D
sh600584,长电科技,2025-09-18 10:24:35,39.78,9300,39.77,U
sh600584,长电科技,2025-09-18 10:24:38,39.78,8100,39.78,U
sh600584,长电科技,2025-09-18 10:24:41,39.78,15800,39.78,U
sh600584,长电科技,2025-09-18 10:24:44,39.78,12500,39.78,U
sh600584,长电科技,2025-09-18 10:24:47,39.78,9400,39.78,D
sh600584,长电科技,2025-09-18 10:24:50,39.77,20500,39.78,D
sh600584,长电科技,2025-09-18 10:24:53,39.79,20400,39.77,U
sh600584,长电科技,2025-09-18 10:24:56,39.78,11200,39.79,D
sh600584,长电科技,2025-09-18 10:24:59,39.78,9700,39.78,U
sh600584,长电科技,2025-09-18 10:25:02,39.79,11100,39.78,U
sh600584,长电科技,2025-09-18 10:25:05,39.78,13800,39.79,D
sh600584,长电科技,2025-09-18 10:25:08,39.8,78200,39.78,U
sh600584,长电科技,2025-09-18 10:25:11,39.8,73700,39.8,U
sh600584,长电科技,2025-09-18 10:25:14,39.8,19300,39.8,U
sh600584,长电科技,2025-09-18 10:25:17,39.8,54900,39.8,U
sh600584,长电科技,2025-09-18 10:25:20,39.8,19300,39.8,U
sh600584,长电科技,2025-09-18 10:25:23,39.81,39000,39.8,U
sh600584,长电科技,2025-09-18 10:25:26,39.81,6200,39.81,U
sh600584,长电科技,2025-09-18 10:25:29,39.81,7900,39.81,U
sh600584,长电科技,2025-09-18 10:25:32,39.81,49000,39.81,U
sh600584,长电科技,2025-09-18 10:25:35,39.81,37200,39.81,U
sh600584,长电科技,2025-09-18 10:25:38,39.82,21600,39.81,U
sh600584,长电科技,2025-09-18 10:25:41,39.82,39900,39.82,U
sh600584,长电科技,2025-09-18 10:25:44,39.82,62800,39.82,U
sh600584,长电科技,2025-09-18 10:25:47,39.82,20000,39.82,D
sh600584,长电科技,2025-09-18 10:25:50,39.83,25800,39.82,U
sh600584,长电科技,2025-09-18 10:25:53,39.83,71200,39.83,D
sh600584,长电科技,2025-09-18 10:25:56,39.84,17800,39.83,U
sh600584,长电科技,2025-09-18 10:25:59,39.84,65900,39.84,U
sh600584,长电科技,2025-09-18 10:26:02,39.85,106300,39.84,U
sh600584,长电科技,2025-09-18 10:26:05,39.85,43900,39.85,U
sh600584,长电科技,2025-09-18 10:26:08,39.86,11000,39.85,U
sh600584,长电科技,2025-09-18 10:26:11,39.85,49400,39.86,D
sh600584,长电科技,2025-09-18 10:26:14,39.86,153200,39.85,U
sh600584,长电科技,2025-09-18 10:26:17,39.86,59700,39.86,D
sh600584,长电科技,2025-09-18 10:26:23,39.88,64300,39.86,U
sh600584,长电科技,2025-09-18 10:26:26,39.88,53700,39.88,U
sh600584,长电科技,2025-09-18 10:26:29,39.88,53600,39.88,U
sh600584,长电科技,2025-09-18 10:26:32,39.88,186400,39.88,U
sh600584,长电科技,2025-09-18 10:26:35,39.89,17300,39.88,U
sh600584,长电科技,2025-09-18 10:26:38,39.89,25600,39.89,U
sh600584,长电科技,2025-09-18 10:26:41,39.89,48100,39.89,U
sh600584,长电科技,2025-09-18 10:26:44,39.87,150500,39.89,D
sh600584,长电科技,2025-09-18 10:26:47,39.87,49000,39.87,D
sh600584,长电科技,2025-09-18 10:26:50,39.86,62200,39.87,D
sh600584,长电科技,2025-09-18 10:26:53,39.86,61400,39.86,U
sh600584,长电科技,2025-09-18 10:26:56,39.87,72800,39.86,U
sh600584,长电科技,2025-09-18 10:26:59,39.85,47500,39.87,D
sh600584,长电科技,2025-09-18 10:27:02,39.84,82300,39.85,D
sh600584,长电科技,2025-09-18 10:27:05,39.84,95900,39.84,D
sh600584,长电科技,2025-09-18 10:27:08,39.83,67200,39.84,E
sh600584,长电科技,2025-09-18 10:27:11,39.79,176200,39.83,D
sh600584,长电科技,2025-09-18 10:27:14,39.79,25900,39.79,D
sh600584,长电科技,2025-09-18 10:27:17,39.79,43300,39.79,U
sh600584,长电科技,2025-09-18 10:27:20,39.78,40400,39.79,U
sh600584,长电科技,2025-09-18 10:27:23,39.75,109000,39.78,D
sh600584,长电科技,2025-09-18 10:27:26,39.75,92600,39.75,D
sh600584,长电科技,2025-09-18 10:27:29,39.73,18000,39.75,D
sh600584,长电科技,2025-09-18 10:27:32,39.75,14300,39.73,U
sh600584,长电科技,2025-09-18 10:27:35,39.72,15300,39.75,D
sh600584,长电科技,2025-09-18 10:27:38,39.73,13400,39.72,U
sh600584,长电科技,2025-09-18 10:27:41,39.73,22400,39.73,D
sh600584,长电科技,2025-09-18 10:27:44,39.71,34200,39.73,D
sh600584,长电科技,2025-09-18 10:27:47,39.72,20000,39.71,U
sh600584,长电科技,2025-09-18 10:27:50,39.71,44000,39.72,D
sh600584,长电科技,2025-09-18 10:27:53,39.71,44900,39.71,U
sh600584,长电科技,2025-09-18 10:27:56,39.66,123200,39.71,D
sh600584,长电科技,2025-09-18 10:27:59,39.66,27200,39.66,U
sh600584,长电科技,2025-09-18 10:28:02,39.67,16300,39.66,U
sh600584,长电科技,2025-09-18 10:28:05,39.65,21000,39.67,D
sh600584,长电科技,2025-09-18 10:28:08,39.66,15600,39.65,U
sh600584,长电科技,2025-09-18 10:28:11,39.65,32600,39.66,D
sh600584,长电科技,2025-09-18 10:28:14,39.65,21300,39.65,U
sh600584,长电科技,2025-09-18 10:28:17,39.66,26900,39.65,U
sh600584,长电科技,2025-09-18 10:28:20,39.67,46000,39.66,U
sh600584,长电科技,2025-09-18 10:28:23,39.66,40200,39.67,D
sh600584,长电科技,2025-09-18 10:28:26,39.67,32100,39.66,U
sh600584,长电科技,2025-09-18 10:28:29,39.65,32000,39.67,D
sh600584,长电科技,2025-09-18 10:28:32,39.68,35600,39.65,U
sh600584,长电科技,2025-09-18 10:28:35,39.67,60900,39.68,D
sh600584,长电科技,2025-09-18 10:28:38,39.7,13200,39.67,U
sh600584,长电科技,2025-09-18 10:28:41,39.7,6100,39.7,U
sh600584,长电科技,2025-09-18 10:28:44,39.7,35000,39.7,D
sh600584,长电科技,2025-09-18 10:28:47,39.7,20000,39.7,D
sh600584,长电科技,2025-09-18 10:28:50,39.7,14500,39.7,D
sh600584,长电科技,2025-09-18 10:28:53,39.7,16700,39.7,D
sh600584,长电科技,2025-09-18 10:28:56,39.71,52400,39.7,U
sh600584,长电科技,2025-09-18 10:28:59,39.71,8400,39.71,D
sh600584,长电科技,2025-09-18 10:29:02,39.72,21000,39.71,U
sh600584,长电科技,2025-09-18 10:29:05,39.72,12600,39.72,D
sh600584,长电科技,2025-09-18 10:29:08,39.72,12700,39.72,D
sh600584,长电科技,2025-09-18 10:29:11,39.73,20000,39.72,E
sh600584,长电科技,2025-09-18 10:29:14,39.74,30300,39.73,U
sh600584,长电科技,2025-09-18 10:29:17,39.73,37100,39.74,D
sh600584,长电科技,2025-09-18 10:29:20,39.73,26900,39.73,U
sh600584,长电科技,2025-09-18 10:29:23,39.73,20000,39.73,U
sh600584,长电科技,2025-09-18 10:29:26,39.73,25900,39.73,U
sh600584,长电科技,2025-09-18 10:29:32,39.76,26100,39.74,U
sh600584,长电科技,2025-09-18 10:29:35,39.76,32700,39.76,U
sh600584,长电科技,2025-09-18 10:29:38,39.79,9700,39.76,U
sh600584,长电科技,2025-09-18 10:29:41,39.76,15600,39.79,D
sh600584,长电科技,2025-09-18 10:29:44,39.79,10500,39.76,U
sh600584,长电科技,2025-09-18 10:29:47,39.79,8800,39.79,D
sh600584,长电科技,2025-09-18 10:29:50,39.79,30400,39.79,D
sh600584,长电科技,2025-09-18 10:29:53,39.79,20900,39.79,D
sh600584,长电科技,2025-09-18 10:29:56,39.8,7600,39.79,U
sh600584,长电科技,2025-09-18 10:29:59,39.82,11900,39.8,U
sh600584,长电科技,2025-09-18 10:30:02,39.81,7800,39.82,E
sh600584,长电科技,2025-09-18 10:30:05,39.82,40500,39.81,U
sh600584,长电科技,2025-09-18 10:30:08,39.82,19000,39.82,D
sh600584,长电科技,2025-09-18 10:30:11,39.83,13300,39.82,U
sh600584,长电科技,2025-09-18 10:30:14,39.83,10900,39.83,D
sh600584,长电科技,2025-09-18 10:30:17,39.82,28900,39.83,D
sh600584,长电科技,2025-09-18 10:30:20,39.84,43800,39.82,U
sh600584,长电科技,2025-09-18 10:30:23,39.84,60100,39.84,U
sh600584,长电科技,2025-09-18 10:30:26,39.83,23600,39.84,D
sh600584,长电科技,2025-09-18 10:30:29,39.8,37300,39.83,D
sh600584,长电科技,2025-09-18 10:30:32,39.83,51900,39.8,U
sh600584,长电科技,2025-09-18 10:30:35,39.83,30000,39.83,D
sh600584,长电科技,2025-09-18 10:30:38,39.81,45600,39.83,D
sh600584,长电科技,2025-09-18 10:30:41,39.83,49800,39.81,U
sh600584,长电科技,2025-09-18 10:30:44,39.83,19200,39.83,D
sh600584,长电科技,2025-09-18 10:30:47,39.83,12900,39.83,D
sh600584,长电科技,2025-09-18 10:30:53,39.83,30700,39.81,U
sh600584,长电科技,2025-09-18 10:30:56,39.82,14400,39.83,D
sh600584,长电科技,2025-09-18 10:30:59,39.83,9200,39.82,U
sh600584,长电科技,2025-09-18 10:31:02,39.81,35100,39.83,D
sh600584,长电科技,2025-09-18 10:31:05,39.8,78400,39.81,D
sh600584,长电科技,2025-09-18 10:31:08,39.81,85000,39.8,E
sh600584,长电科技,2025-09-18 10:31:11,39.79,18000,39.81,D
sh600584,长电科技,2025-09-18 10:31:14,39.8,32800,39.79,U
sh600584,长电科技,2025-09-18 10:31:17,39.8,40900,39.8,U
sh600584,长电科技,2025-09-18 10:31:20,39.79,24600,39.8,D
sh600584,长电科技,2025-09-18 10:31:23,39.79,39100,39.79,U
sh600584,长电科技,2025-09-18 10:31:26,39.79,9100,39.79,U
sh600584,长电科技,2025-09-18 10:31:29,39.77,15900,39.79,D
sh600584,长电科技,2025-09-18 10:31:32,39.78,6000,39.77,U
sh600584,长电科技,2025-09-18 10:31:35,39.77,7800,39.78,E
sh600584,长电科技,2025-09-18 10:31:38,39.75,20500,39.77,D
sh600584,长电科技,2025-09-18 10:31:41,39.74,15800,39.75,D
sh600584,长电科技,2025-09-18 10:31:44,39.75,19700,39.74,D
sh600584,长电科技,2025-09-18 10:31:47,39.74,59100,39.75,D
sh600584,长电科技,2025-09-18 10:31:50,39.74,35100,39.74,E
sh600584,长电科技,2025-09-18 10:31:53,39.74,27100,39.74,D
sh600584,长电科技,2025-09-18 10:31:56,39.76,20900,39.74,U
sh600584,长电科技,2025-09-18 10:31:59,39.76,19400,39.76,D
sh600584,长电科技,2025-09-18 10:32:02,39.76,65200,39.76,D
sh600584,长电科技,2025-09-18 10:32:05,39.77,7900,39.76,U
sh600584,长电科技,2025-09-18 10:32:08,39.77,20800,39.77,D
sh600584,长电科技,2025-09-18 10:32:11,39.76,7900,39.77,D
sh600584,长电科技,2025-09-18 10:32:14,39.77,12800,39.76,U
sh600584,长电科技,2025-09-18 10:32:17,39.76,36500,39.77,D
sh600584,长电科技,2025-09-18 10:32:23,39.75,10100,39.76,D
sh600584,长电科技,2025-09-18 10:32:26,39.75,31100,39.75,D
sh600584,长电科技,2025-09-18 10:32:29,39.74,41400,39.75,D
sh600584,长电科技,2025-09-18 10:32:32,39.75,11200,39.74,U
sh600584,长电科技,2025-09-18 10:32:35,39.76,29500,39.75,U
sh600584,长电科技,2025-09-18 10:32:38,39.76,69700,39.76,U
sh600584,长电科技,2025-09-18 10:32:41,39.76,12900,39.76,D
sh600584,长电科技,2025-09-18 10:32:44,39.76,31200,39.76,D
sh600584,长电科技,2025-09-18 10:32:47,39.75,5900,39.76,D
sh600584,长电科技,2025-09-18 10:32:50,39.75,42200,39.75,D
sh600584,长电科技,2025-09-18 10:32:53,39.75,20100,39.75,D
sh600584,长电科技,2025-09-18 10:32:56,39.75,47300,39.75,D
sh600584,长电科技,2025-09-18 10:32:59,39.75,51500,39.75,D
sh600584,长电科技,2025-09-18 10:33:02,39.75,26300,39.75,D
sh600584,长电科技,2025-09-18 10:33:05,39.76,33000,39.75,U
sh600584,长电科技,2025-09-18 10:33:08,39.77,51800,39.76,U
sh600584,长电科技,2025-09-18 10:33:11,39.77,7000,39.77,D
sh600584,长电科技,2025-09-18 10:33:14,39.77,20700,39.77,D
sh600584,长电科技,2025-09-18 10:33:17,39.76,11400,39.77,D
sh600584,长电科技,2025-09-18 10:33:20,39.77,28000,39.76,U
sh600584,长电科技,2025-09-18 10:33:23,39.76,5300,39.77,D
sh600584,长电科技,2025-09-18 10:33:29,39.75,11100,39.76,D
sh600584,长电科技,2025-09-18 10:33:32,39.76,15000,39.75,U
sh600584,长电科技,2025-09-18 10:33:35,39.75,28500,39.76,D
sh600584,长电科技,2025-09-18 10:33:38,39.75,19500,39.75,D
sh600584,长电科技,2025-09-18 10:33:41,39.73,82200,39.75,D
sh600584,长电科技,2025-09-18 10:33:47,39.73,11100,39.75,D
sh600584,长电科技,2025-09-18 10:33:50,39.73,14300,39.73,D
sh600584,长电科技,2025-09-18 10:33:53,39.73,14900,39.73,D
sh600584,长电科技,2025-09-18 10:33:56,39.73,18900,39.73,U
sh600584,长电科技,2025-09-18 10:33:59,39.72,14100,39.73,D
sh600584,长电科技,2025-09-18 10:34:02,39.72,32600,39.72,D
sh600584,长电科技,2025-09-18 10:34:05,39.71,14800,39.72,D
sh600584,长电科技,2025-09-18 10:34:08,39.71,7200,39.71,D
sh600584,长电科技,2025-09-18 10:34:11,39.72,28200,39.71,U
sh600584,长电科技,2025-09-18 10:34:14,39.7,12400,39.72,D
sh600584,长电科技,2025-09-18 10:34:17,39.69,59400,39.7,D
sh600584,长电科技,2025-09-18 10:34:20,39.7,5200,39.69,U
sh600584,长电科技,2025-09-18 10:34:23,39.69,7000,39.7,D
sh600584,长电科技,2025-09-18 10:34:26,39.69,13500,39.69,D
sh600584,长电科技,2025-09-18 10:34:29,39.68,12600,39.69,D
sh600584,长电科技,2025-09-18 10:34:32,39.67,29400,39.68,D
sh600584,长电科技,2025-09-18 10:34:35,39.68,15800,39.67,U
sh600584,长电科技,2025-09-18 10:34:38,39.66,66000,39.68,D
sh600584,长电科技,2025-09-18 10:34:41,39.66,10500,39.66,U
sh600584,长电科技,2025-09-18 10:34:44,39.66,11400,39.66,U
sh600584,长电科技,2025-09-18 10:34:47,39.65,36800,39.66,D
sh600584,长电科技,2025-09-18 10:34:50,39.65,8300,39.65,U
sh600584,长电科技,2025-09-18 10:34:53,39.64,13000,39.65,D
sh600584,长电科技,2025-09-18 10:34:56,39.63,29000,39.64,D
sh600584,长电科技,2025-09-18 10:34:59,39.63,42900,39.63,D
sh600584,长电科技,2025-09-18 10:35:02,39.63,212100,39.63,D
sh600584,长电科技,2025-09-18 10:35:05,39.61,33600,39.63,D
sh600584,长电科技,2025-09-18 10:35:08,39.61,68000,39.61,D
sh600584,长电科技,2025-09-18 10:35:11,39.61,47000,39.61,U
sh600584,长电科技,2025-09-18 10:35:14,39.65,90600,39.61,U
sh600584,长电科技,2025-09-18 10:35:17,39.61,75500,39.65,D
sh600584,长电科技,2025-09-18 10:35:20,39.64,14600,39.61,U
sh600584,长电科技,2025-09-18 10:35:23,39.64,39700,39.64,D
sh600584,长电科技,2025-09-18 10:35:26,39.65,21300,39.64,U
sh600584,长电科技,2025-09-18 10:35:29,39.64,10700,39.65,D
sh600584,长电科技,2025-09-18 10:35:32,39.66,20000,39.64,U
sh600584,长电科技,2025-09-18 10:35:35,39.65,13200,39.66,D
sh600584,长电科技,2025-09-18 10:35:38,39.65,26100,39.65,D
sh600584,长电科技,2025-09-18 10:35:41,39.66,13800,39.65,U
sh600584,长电科技,2025-09-18 10:35:44,39.66,11300,39.66,U
sh600584,长电科技,2025-09-18 10:35:47,39.66,24200,39.66,U
sh600584,长电科技,2025-09-18 10:35:50,39.65,25600,39.66,D
sh600584,长电科技,2025-09-18 10:35:53,39.66,17700,39.65,D
sh600584,长电科技,2025-09-18 10:35:56,39.66,14500,39.66,U
sh600584,长电科技,2025-09-18 10:35:59,39.65,10700,39.66,D
sh600584,长电科技,2025-09-18 10:36:02,39.66,17800,39.65,U
sh600584,长电科技,2025-09-18 10:36:05,39.65,11900,39.66,D
sh600584,长电科技,2025-09-18 10:36:08,39.65,28600,39.65,D
sh600584,长电科技,2025-09-18 10:36:11,39.66,21100,39.65,U
sh600584,长电科技,2025-09-18 10:36:14,39.65,19600,39.66,U
sh600584,长电科技,2025-09-18 10:36:17,39.65,17800,39.65,U
sh600584,长电科技,2025-09-18 10:36:20,39.65,8100,39.65,D
sh600584,长电科技,2025-09-18 10:36:23,39.65,17300,39.65,D
sh600584,长电科技,2025-09-18 10:36:26,39.65,34700,39.65,D
sh600584,长电科技,2025-09-18 10:36:29,39.65,13800,39.65,U
sh600584,长电科技,2025-09-18 10:36:32,39.65,13600,39.65,U
sh600584,长电科技,2025-09-18 10:36:35,39.66,10100,39.65,U
sh600584,长电科技,2025-09-18 10:36:38,39.65,31000,39.66,D
sh600584,长电科技,2025-09-18 10:36:41,39.66,11800,39.65,U
sh600584,长电科技,2025-09-18 10:36:44,39.66,16300,39.66,U
sh600584,长电科技,2025-09-18 10:36:47,39.65,12500,39.66,D
sh600584,长电科技,2025-09-18 10:36:50,39.64,28011,39.65,D
sh600584,长电科技,2025-09-18 10:36:53,39.66,7800,39.64,U
sh600584,长电科技,2025-09-18 10:36:56,39.64,19800,39.66,D
sh600584,长电科技,2025-09-18 10:37:02,39.65,12600,39.65,U
sh600584,长电科技,2025-09-18 10:37:05,39.64,44389,39.65,D
sh600584,长电科技,2025-09-18 10:37:08,39.63,18100,39.64,D
sh600584,长电科技,2025-09-18 10:37:11,39.63,37000,39.63,U
sh600584,长电科技,2025-09-18 10:37:14,39.64,29400,39.63,U
sh600584,长电科技,2025-09-18 10:37:17,39.64,19500,39.64,D
sh600584,长电科技,2025-09-18 10:37:20,39.64,8800,39.64,U
sh600584,长电科技,2025-09-18 10:37:26,39.62,9600,39.62,U
sh600584,长电科技,2025-09-18 10:37:29,39.62,15200,39.62,U
sh600584,长电科技,2025-09-18 10:37:32,39.61,17600,39.62,D
sh600584,长电科技,2025-09-18 10:37:35,39.61,29000,39.61,D
sh600584,长电科技,2025-09-18 10:37:41,39.59,62800,39.6,D
sh600584,长电科技,2025-09-18 10:37:44,39.59,13700,39.59,D
sh600584,长电科技,2025-09-18 10:37:47,39.58,15900,39.59,D
sh600584,长电科技,2025-09-18 10:37:50,39.58,8500,39.58,D
sh600584,长电科技,2025-09-18 10:37:53,39.58,33800,39.58,D
sh600584,长电科技,2025-09-18 10:37:56,39.58,10200,39.58,D
sh600584,长电科技,2025-09-18 10:37:59,39.57,16300,39.58,D
sh600584,长电科技,2025-09-18 10:38:02,39.56,24700,39.57,D
sh600584,长电科技,2025-09-18 10:38:05,39.56,13700,39.56,D
sh600584,长电科技,2025-09-18 10:38:08,39.55,20000,39.56,D
sh600584,长电科技,2025-09-18 10:38:11,39.55,33500,39.55,D
sh600584,长电科技,2025-09-18 10:38:14,39.55,21300,39.55,D
sh600584,长电科技,2025-09-18 10:38:17,39.55,30200,39.55,D
sh600584,长电科技,2025-09-18 10:38:20,39.55,41400,39.55,U
sh600584,长电科技,2025-09-18 10:38:23,39.56,67900,39.55,U
sh600584,长电科技,2025-09-18 10:38:26,39.54,66500,39.56,D
sh600584,长电科技,2025-09-18 10:38:29,39.56,69700,39.54,U
sh600584,长电科技,2025-09-18 10:38:32,39.56,22600,39.56,D
sh600584,长电科技,2025-09-18 10:38:35,39.54,12800,39.56,D
sh600584,长电科技,2025-09-18 10:38:38,39.55,32300,39.54,U
sh600584,长电科技,2025-09-18 10:38:41,39.54,14200,39.55,D
sh600584,长电科技,2025-09-18 10:38:44,39.54,33500,39.54,D
sh600584,长电科技,2025-09-18 10:38:47,39.54,14500,39.54,U
sh600584,长电科技,2025-09-18 10:38:50,39.54,15700,39.54,D
sh600584,长电科技,2025-09-18 10:38:53,39.54,31000,39.54,D
sh600584,长电科技,2025-09-18 10:38:56,39.54,15000,39.54,D
sh600584,长电科技,2025-09-18 10:38:59,39.54,21400,39.54,D
sh600584,长电科技,2025-09-18 10:39:02,39.54,19200,39.54,U
sh600584,长电科技,2025-09-18 10:39:05,39.53,10500,39.54,D
sh600584,长电科技,2025-09-18 10:39:08,39.53,15800,39.53,D
sh600584,长电科技,2025-09-18 10:39:11,39.54,20400,39.53,U
sh600584,长电科技,2025-09-18 10:39:14,39.53,18800,39.54,D
sh600584,长电科技,2025-09-18 10:39:17,39.54,14400,39.53,U
sh600584,长电科技,2025-09-18 10:39:20,39.54,12400,39.54,U
sh600584,长电科技,2025-09-18 10:39:23,39.54,17100,39.54,U
sh600584,长电科技,2025-09-18 10:39:26,39.53,19000,39.54,D
sh600584,长电科技,2025-09-18 10:39:29,39.53,15300,39.53,D
sh600584,长电科技,2025-09-18 10:39:32,39.54,12100,39.53,U
sh600584,长电科技,2025-09-18 10:39:35,39.53,10800,39.54,D
sh600584,长电科技,2025-09-18 10:39:38,39.54,9400,39.53,U
sh600584,长电科技,2025-09-18 10:39:41,39.53,30300,39.54,D
sh600584,长电科技,2025-09-18 10:39:44,39.53,13800,39.53,U
sh600584,长电科技,2025-09-18 10:39:47,39.52,17400,39.53,D
sh600584,长电科技,2025-09-18 10:39:50,39.53,29500,39.52,U
sh600584,长电科技,2025-09-18 10:39:53,39.52,19300,39.53,D
sh600584,长电科技,2025-09-18 10:39:56,39.52,25300,39.52,D
sh600584,长电科技,2025-09-18 10:39:59,39.53,21100,39.52,U
sh600584,长电科技,2025-09-18 10:40:02,39.52,23900,39.53,D
sh600584,长电科技,2025-09-18 10:40:08,39.53,7000,39.52,D
sh600584,长电科技,2025-09-18 10:40:11,39.53,12800,39.53,D
sh600584,长电科技,2025-09-18 10:40:14,39.55,67100,39.53,U
sh600584,长电科技,2025-09-18 10:40:17,39.55,31300,39.55,U
sh600584,长电科技,2025-09-18 10:40:20,39.57,21800,39.55,U
sh600584,长电科技,2025-09-18 10:40:23,39.58,20500,39.57,U
sh600584,长电科技,2025-09-18 10:40:26,39.59,9800,39.58,U
sh600584,长电科技,2025-09-18 10:40:32,39.59,14100,39.58,U
sh600584,长电科技,2025-09-18 10:40:35,39.6,24600,39.59,U
sh600584,长电科技,2025-09-18 10:40:38,39.6,10700,39.6,U
sh600584,长电科技,2025-09-18 10:40:41,39.6,40700,39.6,U
sh600584,长电科技,2025-09-18 10:40:44,39.6,25700,39.6,U
sh600584,长电科技,2025-09-18 10:40:47,39.61,12300,39.6,U
sh600584,长电科技,2025-09-18 10:40:53,39.61,8200,39.61,U
sh600584,长电科技,2025-09-18 10:40:56,39.61,5900,39.61,U
sh600584,长电科技,2025-09-18 10:40:59,39.61,5800,39.61,D
sh600584,长电科技,2025-09-18 10:41:02,39.62,20600,39.61,U
sh600584,长电科技,2025-09-18 10:41:05,39.62,5100,39.62,U
sh600584,长电科技,2025-09-18 10:41:08,39.62,6400,39.62,D
sh600584,长电科技,2025-09-18 10:41:11,39.63,7700,39.62,U
sh600584,长电科技,2025-09-18 10:41:17,39.63,8700,39.63,D
sh600584,长电科技,2025-09-18 10:41:20,39.64,8000,39.63,U
sh600584,长电科技,2025-09-18 10:41:23,39.64,6000,39.64,U
sh600584,长电科技,2025-09-18 10:41:26,39.64,19100,39.64,U
sh600584,长电科技,2025-09-18 10:41:32,39.65,5500,39.65,U
sh600584,长电科技,2025-09-18 10:41:35,39.65,6600,39.65,U
sh600584,长电科技,2025-09-18 10:41:44,39.66,18700,39.66,U
sh600584,长电科技,2025-09-18 10:41:47,39.66,16889,39.66,U
sh600584,长电科技,2025-09-18 10:41:53,39.67,20500,39.66,U
sh600584,长电科技,2025-09-18 10:41:56,39.67,15700,39.67,U
sh600584,长电科技,2025-09-18 10:41:59,39.67,28400,39.67,U
sh600584,长电科技,2025-09-18 10:42:02,39.67,21000,39.67,U
sh600584,长电科技,2025-09-18 10:42:05,39.67,12400,39.67,U
sh600584,长电科技,2025-09-18 10:42:08,39.67,27400,39.67,U
sh600584,长电科技,2025-09-18 10:42:11,39.67,81600,39.67,U
sh600584,长电科技,2025-09-18 10:42:14,39.67,18100,39.67,U
sh600584,长电科技,2025-09-18 10:42:26,39.69,22100,39.67,U
sh600584,长电科技,2025-09-18 10:42:32,39.69,8400,39.69,U
sh600584,长电科技,2025-09-18 10:42:35,39.69,9900,39.69,U
sh600584,长电科技,2025-09-18 10:42:38,39.69,34400,39.69,U
sh600584,长电科技,2025-09-18 10:42:41,39.7,21200,39.69,U
sh600584,长电科技,2025-09-18 10:42:44,39.7,5500,39.7,U
sh600584,长电科技,2025-09-18 10:42:47,39.7,5900,39.7,U
sh600584,长电科技,2025-09-18 10:42:50,39.7,11140,39.7,U
sh600584,长电科技,2025-09-18 10:42:53,39.7,18300,39.7,U
sh600584,长电科技,2025-09-18 10:42:56,39.7,5200,39.7,U
sh600584,长电科技,2025-09-18 10:42:59,39.7,35200,39.7,U
sh600584,长电科技,2025-09-18 10:43:02,39.7,26600,39.7,U
sh600584,长电科技,2025-09-18 10:43:05,39.69,15900,39.7,D
sh600584,长电科技,2025-09-18 10:43:08,39.7,20700,39.69,U
sh600584,长电科技,2025-09-18 10:43:11,39.7,6200,39.7,U
sh600584,长电科技,2025-09-18 10:43:14,39.7,22500,39.7,U
sh600584,长电科技,2025-09-18 10:43:17,39.7,28600,39.7,D
sh600584,长电科技,2025-09-18 10:43:20,39.7,15600,39.7,D
sh600584,长电科技,2025-09-18 10:43:23,39.7,17200,39.7,D
sh600584,长电科技,2025-09-18 10:43:26,39.71,10200,39.7,U
sh600584,长电科技,2025-09-18 10:43:29,39.72,5600,39.71,U
sh600584,长电科技,2025-09-18 10:43:35,39.7,16600,39.71,D
sh600584,长电科技,2025-09-18 10:43:38,39.73,40400,39.7,U
sh600584,长电科技,2025-09-18 10:43:41,39.71,18700,39.73,D
sh600584,长电科技,2025-09-18 10:43:44,39.71,16300,39.71,D
sh600584,长电科技,2025-09-18 10:43:47,39.7,5200,39.71,D
sh600584,长电科技,2025-09-18 10:43:50,39.74,23900,39.7,U
sh600584,长电科技,2025-09-18 10:43:56,39.74,6100,39.74,D
sh600584,长电科技,2025-09-18 10:43:59,39.75,5500,39.74,U
sh600584,长电科技,2025-09-18 10:44:02,39.75,15600,39.75,U
sh600584,长电科技,2025-09-18 10:44:05,39.75,13100,39.75,U
sh600584,长电科技,2025-09-18 10:44:08,39.76,27400,39.75,U
sh600584,长电科技,2025-09-18 10:44:11,39.75,27300,39.76,U
sh600584,长电科技,2025-09-18 10:44:14,39.77,32700,39.75,U
sh600584,长电科技,2025-09-18 10:44:20,39.76,5400,39.76,U
sh600584,长电科技,2025-09-18 10:44:23,39.77,7000,39.76,U
sh600584,长电科技,2025-09-18 10:44:29,39.77,21600,39.77,U
sh600584,长电科技,2025-09-18 10:44:32,39.77,24400,39.77,D
sh600584,长电科技,2025-09-18 10:44:35,39.78,5800,39.77,U
sh600584,长电科技,2025-09-18 10:44:38,39.76,10500,39.78,D
sh600584,长电科技,2025-09-18 10:44:41,39.78,35900,39.76,U
sh600584,长电科技,2025-09-18 10:44:44,39.78,13100,39.78,D
sh600584,长电科技,2025-09-18 10:44:47,39.78,28200,39.78,D
sh600584,长电科技,2025-09-18 10:44:50,39.79,12500,39.78,U
sh600584,长电科技,2025-09-18 10:44:53,39.79,11600,39.79,U
sh600584,长电科技,2025-09-18 10:44:56,39.79,20800,39.79,D
sh600584,长电科技,2025-09-18 10:44:59,39.79,11300,39.79,U
sh600584,长电科技,2025-09-18 10:45:02,39.79,27100,39.79,D
sh600584,长电科技,2025-09-18 10:45:05,39.79,16100,39.79,D
sh600584,长电科技,2025-09-18 10:45:08,39.79,22600,39.79,D
sh600584,长电科技,2025-09-18 10:45:11,39.79,26300,39.79,D
sh600584,长电科技,2025-09-18 10:45:14,39.8,27100,39.79,U
sh600584,长电科技,2025-09-18 10:45:17,39.79,56900,39.8,E
sh600584,长电科技,2025-09-18 10:45:20,39.78,33400,39.79,D
sh600584,长电科技,2025-09-18 10:45:23,39.79,9300,39.78,U
sh600584,长电科技,2025-09-18 10:45:26,39.79,24600,39.79,D
sh600584,长电科技,2025-09-18 10:45:29,39.79,18100,39.79,D
sh600584,长电科技,2025-09-18 10:45:32,39.79,15100,39.79,U
sh600584,长电科技,2025-09-18 10:45:35,39.79,15200,39.79,D
sh600584,长电科技,2025-09-18 10:45:38,39.79,40300,39.79,D
sh600584,长电科技,2025-09-18 10:45:41,39.79,18300,39.79,U
sh600584,长电科技,2025-09-18 10:45:44,39.78,28100,39.79,D
sh600584,长电科技,2025-09-18 10:45:47,39.78,40000,39.78,D
sh600584,长电科技,2025-09-18 10:45:50,39.78,32800,39.78,D
sh600584,长电科技,2025-09-18 10:45:53,39.78,30800,39.78,D
sh600584,长电科技,2025-09-18 10:45:56,39.78,38200,39.78,D
sh600584,长电科技,2025-09-18 10:45:59,39.77,9200,39.78,D
sh600584,长电科技,2025-09-18 10:46:05,39.76,48600,39.77,D
sh600584,长电科技,2025-09-18 10:46:08,39.78,41400,39.76,U
sh600584,长电科技,2025-09-18 10:46:11,39.81,329500,39.78,U
sh600584,长电科技,2025-09-18 10:46:14,39.83,77201,39.81,U
sh600584,长电科技,2025-09-18 10:46:17,39.85,36900,39.83,U
sh600584,长电科技,2025-09-18 10:46:20,39.85,15100,39.85,U
sh600584,长电科技,2025-09-18 10:46:23,39.85,31500,39.85,U
sh600584,长电科技,2025-09-18 10:46:26,39.89,412300,39.85,U
sh600584,长电科技,2025-09-18 10:46:29,39.89,112200,39.89,U
sh600584,长电科技,2025-09-18 10:46:32,39.9,18100,39.89,U
sh600584,长电科技,2025-09-18 10:46:35,39.89,197400,39.9,D
sh600584,长电科技,2025-09-18 10:46:38,39.89,62900,39.89,U
sh600584,长电科技,2025-09-18 10:46:41,39.89,98100,39.89,E
sh600584,长电科技,2025-09-18 10:46:44,39.92,278100,39.89,U
sh600584,长电科技,2025-09-18 10:46:47,39.93,50500,39.92,U
sh600584,长电科技,2025-09-18 10:46:50,39.93,27100,39.93,U
sh600584,长电科技,2025-09-18 10:46:53,39.93,36200,39.93,D
sh600584,长电科技,2025-09-18 10:46:56,39.95,34200,39.93,U
sh600584,长电科技,2025-09-18 10:46:59,39.95,127400,39.95,U
sh600584,长电科技,2025-09-18 10:47:02,39.98,523100,39.95,U
sh600584,长电科技,2025-09-18 10:47:05,39.99,957000,39.98,U
sh600584,长电科技,2025-09-18 10:47:08,40.08,1822799,39.99,U
sh600584,长电科技,2025-09-18 10:47:11,40.08,119200,40.08,U
sh600584,长电科技,2025-09-18 10:47:14,40.12,317700,40.08,U
sh600584,长电科技,2025-09-18 10:47:17,40.18,216600,40.12,U
sh600584,长电科技,2025-09-18 10:47:20,40.19,296700,40.18,U
sh600584,长电科技,2025-09-18 10:47:23,40.23,142400,40.19,U
sh600584,长电科技,2025-09-18 10:47:26,40.26,68000,40.23,U
sh600584,长电科技,2025-09-18 10:47:29,40.29,110300,40.26,U
sh600584,长电科技,2025-09-18 10:47:32,40.3,149500,40.29,U
sh600584,长电科技,2025-09-18 10:47:35,40.31,84200,40.3,U
sh600584,长电科技,2025-09-18 10:47:38,40.33,86800,40.31,U
sh600584,长电科技,2025-09-18 10:47:41,40.33,109100,40.33,U
sh600584,长电科技,2025-09-18 10:47:44,40.35,264000,40.33,U
sh600584,长电科技,2025-09-18 10:47:47,40.32,248800,40.35,D
sh600584,长电科技,2025-09-18 10:47:50,40.34,217700,40.32,E
sh600584,长电科技,2025-09-18 10:47:53,40.32,86100,40.34,D
sh600584,长电科技,2025-09-18 10:47:56,40.28,270200,40.32,D
sh600584,长电科技,2025-09-18 10:47:59,40.29,72600,40.28,E
sh600584,长电科技,2025-09-18 10:48:02,40.27,70600,40.29,E
sh600584,长电科技,2025-09-18 10:48:05,40.27,112800,40.27,U
sh600584,长电科技,2025-09-18 10:48:08,40.25,64400,40.27,D
sh600584,长电科技,2025-09-18 10:48:11,40.24,68100,40.25,D
sh600584,长电科技,2025-09-18 10:48:14,40.25,76700,40.24,U
sh600584,长电科技,2025-09-18 10:48:17,40.25,82600,40.25,D
sh600584,长电科技,2025-09-18 10:48:20,40.24,84600,40.25,D
sh600584,长电科技,2025-09-18 10:48:23,40.24,50400,40.24,D
sh600584,长电科技,2025-09-18 10:48:26,40.25,115600,40.24,U
sh600584,长电科技,2025-09-18 10:48:29,40.24,47900,40.25,E
sh600584,长电科技,2025-09-18 10:48:32,40.23,45800,40.24,D
sh600584,长电科技,2025-09-18 10:48:35,40.22,22900,40.23,D
sh600584,长电科技,2025-09-18 10:48:38,40.23,64500,40.22,U
sh600584,长电科技,2025-09-18 10:48:41,40.23,106500,40.23,U
sh600584,长电科技,2025-09-18 10:48:44,40.2,32800,40.23,D
sh600584,长电科技,2025-09-18 10:48:47,40.22,15600,40.2,U
sh600584,长电科技,2025-09-18 10:48:50,40.2,51000,40.22,E
sh600584,长电科技,2025-09-18 10:48:53,40.2,76000,40.2,U
sh600584,长电科技,2025-09-18 10:48:56,40.2,30800,40.2,D
sh600584,长电科技,2025-09-18 10:48:59,40.2,35400,40.2,D
sh600584,长电科技,2025-09-18 10:49:02,40.2,24500,40.2,U
sh600584,长电科技,2025-09-18 10:49:05,40.19,83400,40.2,D
sh600584,长电科技,2025-09-18 10:49:08,40.17,33200,40.19,D
sh600584,长电科技,2025-09-18 10:49:11,40.16,47300,40.17,D
sh600584,长电科技,2025-09-18 10:49:14,40.15,86800,40.16,D
sh600584,长电科技,2025-09-18 10:49:17,40.14,16900,40.15,D
sh600584,长电科技,2025-09-18 10:49:20,40.12,68900,40.14,D
sh600584,长电科技,2025-09-18 10:49:23,40.11,15000,40.12,D
sh600584,长电科技,2025-09-18 10:49:26,40.1,26500,40.11,D
sh600584,长电科技,2025-09-18 10:49:29,40.11,104900,40.1,U
sh600584,长电科技,2025-09-18 10:49:32,40.1,33700,40.11,D
sh600584,长电科技,2025-09-18 10:49:35,40.1,21200,40.1,U
sh600584,长电科技,2025-09-18 10:49:38,40.11,46700,40.1,U
sh600584,长电科技,2025-09-18 10:49:41,40.09,54600,40.11,D
sh600584,长电科技,2025-09-18 10:49:44,40.13,97100,40.09,U
sh600584,长电科技,2025-09-18 10:49:47,40.09,65800,40.13,U
sh600584,长电科技,2025-09-18 10:49:50,40.11,33200,40.09,U
sh600584,长电科技,2025-09-18 10:49:53,40.15,16600,40.11,U
sh600584,长电科技,2025-09-18 10:49:56,40.16,22100,40.15,U
sh600584,长电科技,2025-09-18 10:49:59,40.16,15300,40.16,U
sh600584,长电科技,2025-09-18 10:50:02,40.16,34100,40.16,U
sh600584,长电科技,2025-09-18 10:50:05,40.16,30400,40.16,U
sh600584,长电科技,2025-09-18 10:50:08,40.12,44300,40.16,D
sh600584,长电科技,2025-09-18 10:50:11,40.18,23500,40.12,U
sh600584,长电科技,2025-09-18 10:50:14,40.16,47900,40.18,D
sh600584,长电科技,2025-09-18 10:50:17,40.16,73800,40.16,D
sh600584,长电科技,2025-09-18 10:50:20,40.15,21700,40.16,D
sh600584,长电科技,2025-09-18 10:50:23,40.16,35900,40.15,U
sh600584,长电科技,2025-09-18 10:50:26,40.15,20600,40.16,D
sh600584,长电科技,2025-09-18 10:50:29,40.13,43800,40.15,D
sh600584,长电科技,2025-09-18 10:50:32,40.15,33600,40.13,U
sh600584,长电科技,2025-09-18 10:50:35,40.13,25600,40.15,D
sh600584,长电科技,2025-09-18 10:50:38,40.13,235600,40.13,U
sh600584,长电科技,2025-09-18 10:50:41,40.14,68000,40.13,U
sh600584,长电科技,2025-09-18 10:50:44,40.16,55600,40.14,U
sh600584,长电科技,2025-09-18 10:50:47,40.15,46200,40.16,D
sh600584,长电科技,2025-09-18 10:50:50,40.16,76100,40.15,U
sh600584,长电科技,2025-09-18 10:50:53,40.16,82400,40.16,U
sh600584,长电科技,2025-09-18 10:50:56,40.16,70600,40.16,D
sh600584,长电科技,2025-09-18 10:50:59,40.19,34100,40.16,U
sh600584,长电科技,2025-09-18 10:51:02,40.19,24700,40.19,D
sh600584,长电科技,2025-09-18 10:51:05,40.2,52700,40.19,U
sh600584,长电科技,2025-09-18 10:51:08,40.22,99100,40.2,U
sh600584,长电科技,2025-09-18 10:51:11,40.21,28800,40.22,D
sh600584,长电科技,2025-09-18 10:51:14,40.22,178100,40.21,U
sh600584,长电科技,2025-09-18 10:51:17,40.22,18900,40.22,D
sh600584,长电科技,2025-09-18 10:51:20,40.24,38700,40.22,U
sh600584,长电科技,2025-09-18 10:51:23,40.24,28700,40.24,D
sh600584,长电科技,2025-09-18 10:51:26,40.25,27800,40.24,U
sh600584,长电科技,2025-09-18 10:51:29,40.27,58500,40.25,U
sh600584,长电科技,2025-09-18 10:51:32,40.28,9900,40.27,U
sh600584,长电科技,2025-09-18 10:51:35,40.29,83400,40.28,U
sh600584,长电科技,2025-09-18 10:51:38,40.29,65300,40.29,U
sh600584,长电科技,2025-09-18 10:51:41,40.29,39900,40.29,D
sh600584,长电科技,2025-09-18 10:51:44,40.3,53600,40.29,U
sh600584,长电科技,2025-09-18 10:51:47,40.3,168173,40.3,U
sh600584,长电科技,2025-09-18 10:51:50,40.3,96900,40.3,D
sh600584,长电科技,2025-09-18 10:51:53,40.31,81600,40.3,E
sh600584,长电科技,2025-09-18 10:51:56,40.27,121627,40.31,D
sh600584,长电科技,2025-09-18 10:51:59,40.3,52000,40.27,U
sh600584,长电科技,2025-09-18 10:52:02,40.3,46400,40.3,U
sh600584,长电科技,2025-09-18 10:52:05,40.26,84300,40.3,U
sh600584,长电科技,2025-09-18 10:52:08,40.29,27800,40.26,U
sh600584,长电科技,2025-09-18 10:52:11,40.29,61869,40.29,U
sh600584,长电科技,2025-09-18 10:52:14,40.29,49700,40.29,U
sh600584,长电科技,2025-09-18 10:52:17,40.28,20400,40.29,D
sh600584,长电科技,2025-09-18 10:52:20,40.29,111200,40.28,U
sh600584,长电科技,2025-09-18 10:52:23,40.29,32600,40.29,U
sh600584,长电科技,2025-09-18 10:52:26,40.3,26000,40.29,U
sh600584,长电科技,2025-09-18 10:52:29,40.28,36700,40.3,D
sh600584,长电科技,2025-09-18 10:52:32,40.3,27300,40.28,U
sh600584,长电科技,2025-09-18 10:52:35,40.29,21400,40.3,D
sh600584,长电科技,2025-09-18 10:52:38,40.29,55000,40.29,U
sh600584,长电科技,2025-09-18 10:52:41,40.28,42600,40.29,E
sh600584,长电科技,2025-09-18 10:52:44,40.27,30000,40.28,D
sh600584,长电科技,2025-09-18 10:52:47,40.28,32600,40.27,E
sh600584,长电科技,2025-09-18 10:52:50,40.27,95431,40.28,U
sh600584,长电科技,2025-09-18 10:52:53,40.26,23000,40.27,D
sh600584,长电科技,2025-09-18 10:52:56,40.25,100300,40.26,D
sh600584,长电科技,2025-09-18 10:52:59,40.24,12600,40.25,D
sh600584,长电科技,2025-09-18 10:53:02,40.24,16200,40.24,D
sh600584,长电科技,2025-09-18 10:53:05,40.23,13800,40.24,D
sh600584,长电科技,2025-09-18 10:53:08,40.22,17700,40.23,D
sh600584,长电科技,2025-09-18 10:53:11,40.23,43400,40.22,E
sh600584,长电科技,2025-09-18 10:53:14,40.22,13500,40.23,D
sh600584,长电科技,2025-09-18 10:53:17,40.23,46000,40.22,D
sh600584,长电科技,2025-09-18 10:53:20,40.22,48200,40.23,D
sh600584,长电科技,2025-09-18 10:53:23,40.22,29400,40.22,U
sh600584,长电科技,2025-09-18 10:53:26,40.22,18600,40.22,D
sh600584,长电科技,2025-09-18 10:53:29,40.21,10100,40.22,D
sh600584,长电科技,2025-09-18 10:53:32,40.22,18500,40.21,U
sh600584,长电科技,2025-09-18 10:53:35,40.22,47600,40.22,U
sh600584,长电科技,2025-09-18 10:53:38,40.2,12400,40.22,D
sh600584,长电科技,2025-09-18 10:53:41,40.21,24000,40.2,U
sh600584,长电科技,2025-09-18 10:53:44,40.22,39300,40.21,U
sh600584,长电科技,2025-09-18 10:53:47,40.21,12800,40.22,D
sh600584,长电科技,2025-09-18 10:53:50,40.21,34600,40.21,U
sh600584,长电科技,2025-09-18 10:53:53,40.2,9100,40.21,D
sh600584,长电科技,2025-09-18 10:53:56,40.21,34000,40.2,U
sh600584,长电科技,2025-09-18 10:53:59,40.21,19900,40.21,D
sh600584,长电科技,2025-09-18 10:54:02,40.26,158945,40.21,U
sh600584,长电科技,2025-09-18 10:54:05,40.26,24800,40.26,D
sh600584,长电科技,2025-09-18 10:54:08,40.26,10400,40.26,D
sh600584,长电科技,2025-09-18 10:54:11,40.26,12400,40.26,D
sh600584,长电科技,2025-09-18 10:54:14,40.27,12900,40.26,U
sh600584,长电科技,2025-09-18 10:54:17,40.27,35800,40.27,D
sh600584,长电科技,2025-09-18 10:54:20,40.27,21900,40.27,D
sh600584,长电科技,2025-09-18 10:54:23,40.28,79800,40.27,U
sh600584,长电科技,2025-09-18 10:54:26,40.28,14900,40.28,U
sh600584,长电科技,2025-09-18 10:54:29,40.27,25500,40.28,D
sh600584,长电科技,2025-09-18 10:54:32,40.27,61800,40.27,D
sh600584,长电科技,2025-09-18 10:54:35,40.26,27655,40.27,D
sh600584,长电科技,2025-09-18 10:54:38,40.26,12700,40.26,U
sh600584,长电科技,2025-09-18 10:54:41,40.26,11700,40.26,U
sh600584,长电科技,2025-09-18 10:54:44,40.26,26100,40.26,D
sh600584,长电科技,2025-09-18 10:54:47,40.25,36100,40.26,D
sh600584,长电科技,2025-09-18 10:54:50,40.26,12100,40.25,U
sh600584,长电科技,2025-09-18 10:54:53,40.26,45100,40.26,U
sh600584,长电科技,2025-09-18 10:54:56,40.27,27300,40.26,U
sh600584,长电科技,2025-09-18 10:54:59,40.27,16600,40.27,D
sh600584,长电科技,2025-09-18 10:55:02,40.25,17300,40.27,D
sh600584,长电科技,2025-09-18 10:55:05,40.26,19500,40.25,U
sh600584,长电科技,2025-09-18 10:55:08,40.27,27600,40.26,U
sh600584,长电科技,2025-09-18 10:55:11,40.26,7000,40.27,D
sh600584,长电科技,2025-09-18 10:55:14,40.27,18700,40.26,U
sh600584,长电科技,2025-09-18 10:55:17,40.26,56100,40.27,D
sh600584,长电科技,2025-09-18 10:55:20,40.27,24100,40.26,U
sh600584,长电科技,2025-09-18 10:55:22,40.27,37900,40.27,U
sh600584,长电科技,2025-09-18 10:55:26,40.27,14200,40.27,D
sh600584,长电科技,2025-09-18 10:55:29,40.27,413800,40.27,D
sh600584,长电科技,2025-09-18 10:55:32,40.28,39300,40.27,U
sh600584,长电科技,2025-09-18 10:55:35,40.29,12400,40.28,U
sh600584,长电科技,2025-09-18 10:55:38,40.28,8900,40.29,D
sh600584,长电科技,2025-09-18 10:55:41,40.29,13300,40.28,U
sh600584,长电科技,2025-09-18 10:55:44,40.29,15100,40.29,D
sh600584,长电科技,2025-09-18 10:55:47,40.29,24000,40.29,D
sh600584,长电科技,2025-09-18 10:55:53,40.28,39400,40.29,D
sh600584,长电科技,2025-09-18 10:55:56,40.27,26500,40.28,D
sh600584,长电科技,2025-09-18 10:55:59,40.25,101900,40.27,D
sh600584,长电科技,2025-09-18 10:56:05,40.25,51200,40.26,D
sh600584,长电科技,2025-09-18 10:56:08,40.24,88000,40.25,D
sh600584,长电科技,2025-09-18 10:56:11,40.22,15800,40.24,D
sh600584,长电科技,2025-09-18 10:56:14,40.22,13400,40.22,D
sh600584,长电科技,2025-09-18 10:56:17,40.22,8800,40.22,D
sh600584,长电科技,2025-09-18 10:56:20,40.22,23200,40.22,D
sh600584,长电科技,2025-09-18 10:56:23,40.23,10100,40.22,U
sh600584,长电科技,2025-09-18 10:56:26,40.24,15500,40.23,E
sh600584,长电科技,2025-09-18 10:56:29,40.24,9700,40.24,D
sh600584,长电科技,2025-09-18 10:56:32,40.24,18100,40.24,D
sh600584,长电科技,2025-09-18 10:56:35,40.24,28900,40.24,U
sh600584,长电科技,2025-09-18 10:56:38,40.23,14200,40.24,D
sh600584,长电科技,2025-09-18 10:56:41,40.23,15400,40.23,U
sh600584,长电科技,2025-09-18 10:56:44,40.2,59900,40.23,D
sh600584,长电科技,2025-09-18 10:56:47,40.22,27600,40.2,U
sh600584,长电科技,2025-09-18 10:56:50,40.19,49300,40.22,D
sh600584,长电科技,2025-09-18 10:56:53,40.2,12500,40.19,U
sh600584,长电科技,2025-09-18 10:56:56,40.19,34200,40.2,E
sh600584,长电科技,2025-09-18 10:56:59,40.19,19500,40.19,D
sh600584,长电科技,2025-09-18 10:57:02,40.18,11014,40.19,D
sh600584,长电科技,2025-09-18 10:57:05,40.17,17786,40.18,D
sh600584,长电科技,2025-09-18 10:57:08,40.16,11000,40.17,D
sh600584,长电科技,2025-09-18 10:57:11,40.17,45500,40.16,U
sh600584,长电科技,2025-09-18 10:57:17,40.17,40700,40.13,U
sh600584,长电科技,2025-09-18 10:57:20,40.13,11700,40.17,U
sh600584,长电科技,2025-09-18 10:57:23,40.12,8100,40.13,D
sh600584,长电科技,2025-09-18 10:57:26,40.11,9200,40.12,D
sh600584,长电科技,2025-09-18 10:57:32,40.12,29500,40.11,U
sh600584,长电科技,2025-09-18 10:57:35,40.12,26500,40.12,D
sh600584,长电科技,2025-09-18 10:57:38,40.12,19400,40.12,U
sh600584,长电科技,2025-09-18 10:57:41,40.12,9800,40.12,U
sh600584,长电科技,2025-09-18 10:57:44,40.11,43900,40.12,D
sh600584,长电科技,2025-09-18 10:57:47,40.11,19400,40.11,D
sh600584,长电科技,2025-09-18 10:57:50,40.11,11500,40.11,U
sh600584,长电科技,2025-09-18 10:57:53,40.1,20400,40.11,D
sh600584,长电科技,2025-09-18 10:57:56,40.11,29400,40.1,U
sh600584,长电科技,2025-09-18 10:57:59,40.11,20300,40.11,U
sh600584,长电科技,2025-09-18 10:58:02,40.1,15400,40.11,D
sh600584,长电科技,2025-09-18 10:58:05,40.09,7200,40.1,D
sh600584,长电科技,2025-09-18 10:58:08,40.09,6600,40.09,D
sh600584,长电科技,2025-09-18 10:58:11,40.1,57400,40.09,U
sh600584,长电科技,2025-09-18 10:58:17,40.08,9800,40.08,D
sh600584,长电科技,2025-09-18 10:58:20,40.08,6000,40.08,D
sh600584,长电科技,2025-09-18 10:58:23,40.07,9500,40.08,D
sh600584,长电科技,2025-09-18 10:58:26,40.07,18900,40.07,D
sh600584,长电科技,2025-09-18 10:58:29,40.06,12300,40.07,D
sh600584,长电科技,2025-09-18 10:58:32,40.06,9400,40.06,D
sh600584,长电科技,2025-09-18 10:58:38,40.04,31000,40.06,D
sh600584,长电科技,2025-09-18 10:58:41,40.04,13100,40.04,U
sh600584,长电科技,2025-09-18 10:58:44,40.02,24200,40.04,D
sh600584,长电科技,2025-09-18 10:58:50,40.01,12500,40.02,D
sh600584,长电科技,2025-09-18 10:58:53,40.02,6000,40.01,U
sh600584,长电科技,2025-09-18 10:58:56,40.0,39900,40.02,D
sh600584,长电科技,2025-09-18 10:58:59,40.01,20200,40.0,U
sh600584,长电科技,2025-09-18 10:59:02,40.0,31100,40.01,D
sh600584,长电科技,2025-09-18 10:59:05,40.0,17600,40.0,D
sh600584,长电科技,2025-09-18 10:59:08,40.01,24600,40.0,U
sh600584,长电科技,2025-09-18 10:59:11,40.04,93000,40.01,U
sh600584,长电科技,2025-09-18 10:59:14,40.03,81300,40.04,D
sh600584,长电科技,2025-09-18 10:59:17,40.05,42700,40.03,U
sh600584,长电科技,2025-09-18 10:59:20,40.07,37700,40.05,U
sh600584,长电科技,2025-09-18 10:59:23,40.07,20200,40.07,U
sh600584,长电科技,2025-09-18 10:59:26,40.08,8200,40.07,U
sh600584,长电科技,2025-09-18 10:59:32,40.09,19100,40.08,U
sh600584,长电科技,2025-09-18 10:59:35,40.1,27500,40.09,U
sh600584,长电科技,2025-09-18 10:59:38,40.11,6800,40.1,U
sh600584,长电科技,2025-09-18 10:59:41,40.11,12900,40.11,U
sh600584,长电科技,2025-09-18 10:59:44,40.11,10600,40.11,D
sh600584,长电科技,2025-09-18 10:59:47,40.12,23100,40.11,U
sh600584,长电科技,2025-09-18 11:00:02,40.15,13900,40.13,U
sh600584,长电科技,2025-09-18 11:00:05,40.12,68900,40.15,D
sh600584,长电科技,2025-09-18 11:00:08,40.11,37700,40.12,D
sh600584,长电科技,2025-09-18 11:00:11,40.12,10000,40.11,U
sh600584,长电科技,2025-09-18 11:00:14,40.11,14400,40.12,E
sh600584,长电科技,2025-09-18 11:00:17,40.11,10100,40.11,D
sh600584,长电科技,2025-09-18 11:00:20,40.11,7600,40.11,D
sh600584,长电科技,2025-09-18 11:00:23,40.11,18200,40.11,D
sh600584,长电科技,2025-09-18 11:00:26,40.1,29600,40.11,D
sh600584,长电科技,2025-09-18 11:00:29,40.1,22300,40.1,D
sh600584,长电科技,2025-09-18 11:00:32,40.09,26000,40.1,D
sh600584,长电科技,2025-09-18 11:00:35,40.09,15300,40.09,D
sh600584,长电科技,2025-09-18 11:00:38,40.09,7800,40.09,D
sh600584,长电科技,2025-09-18 11:00:47,40.09,23300,40.08,U
sh600584,长电科技,2025-09-18 11:00:50,40.05,55400,40.09,D
sh600584,长电科技,2025-09-18 11:00:53,40.05,29900,40.05,U
sh600584,长电科技,2025-09-18 11:00:59,40.05,8900,40.05,U
sh600584,长电科技,2025-09-18 11:01:02,40.04,15100,40.05,D
sh600584,长电科技,2025-09-18 11:01:05,40.04,12300,40.04,U
sh600584,长电科技,2025-09-18 11:01:08,40.03,10100,40.04,D
sh600584,长电科技,2025-09-18 11:01:11,40.02,22200,40.03,D
sh600584,长电科技,2025-09-18 11:01:14,40.03,5600,40.02,E
sh600584,长电科技,2025-09-18 11:01:16,40.04,8900,40.03,U
sh600584,长电科技,2025-09-18 11:01:20,40.03,5600,40.04,D
sh600584,长电科技,2025-09-18 11:01:23,40.03,5800,40.03,U
sh600584,长电科技,2025-09-18 11:01:26,40.04,5500,40.03,D
sh600584,长电科技,2025-09-18 11:01:29,40.03,6700,40.04,D
sh600584,长电科技,2025-09-18 11:01:32,40.04,14400,40.03,U
sh600584,长电科技,2025-09-18 11:01:35,40.04,16500,40.04,U
sh600584,长电科技,2025-09-18 11:01:38,40.03,11500,40.04,D
sh600584,长电科技,2025-09-18 11:01:41,40.04,9200,40.03,U
sh600584,长电科技,2025-09-18 11:01:44,40.03,9400,40.04,D
sh600584,长电科技,2025-09-18 11:01:47,40.03,38500,40.03,D
sh600584,长电科技,2025-09-18 11:01:50,40.05,30900,40.03,U
sh600584,长电科技,2025-09-18 11:01:53,40.03,31700,40.05,D
sh600584,长电科技,2025-09-18 11:01:56,40.02,18000,40.03,D
sh600584,长电科技,2025-09-18 11:01:59,40.03,14000,40.02,U
sh600584,长电科技,2025-09-18 11:02:02,40.02,20500,40.03,D
sh600584,长电科技,2025-09-18 11:02:08,40.02,5600,40.03,D
sh600584,长电科技,2025-09-18 11:02:14,40.03,94000,40.03,D
sh600584,长电科技,2025-09-18 11:02:17,40.03,11000,40.03,U
sh600584,长电科技,2025-09-18 11:02:20,40.03,8700,40.03,U
sh600584,长电科技,2025-09-18 11:02:23,40.02,19700,40.03,D
sh600584,长电科技,2025-09-18 11:02:26,40.03,21000,40.02,U
sh600584,长电科技,2025-09-18 11:02:29,40.02,26600,40.03,D
sh600584,长电科技,2025-09-18 11:02:32,40.02,8500,40.02,U
sh600584,长电科技,2025-09-18 11:02:35,40.01,85000,40.02,D
sh600584,长电科技,2025-09-18 11:02:38,40.01,11600,40.01,U
sh600584,长电科技,2025-09-18 11:02:41,40.0,111100,40.01,D
sh600584,长电科技,2025-09-18 11:02:44,39.99,14000,40.0,D
sh600584,长电科技,2025-09-18 11:02:50,39.98,6400,39.98,D
sh600584,长电科技,2025-09-18 11:02:53,39.96,77000,39.98,D
sh600584,长电科技,2025-09-18 11:02:56,39.96,47400,39.96,D
sh600584,长电科技,2025-09-18 11:02:59,39.96,10200,39.96,U
sh600584,长电科技,2025-09-18 11:03:02,39.93,7100,39.96,D
sh600584,长电科技,2025-09-18 11:03:05,39.95,16600,39.93,U
sh600584,长电科技,2025-09-18 11:03:08,39.93,10400,39.95,E
sh600584,长电科技,2025-09-18 11:03:14,39.92,19400,39.91,U
sh600584,长电科技,2025-09-18 11:03:17,39.92,12500,39.92,D
sh600584,长电科技,2025-09-18 11:03:20,39.92,7700,39.92,D
sh600584,长电科技,2025-09-18 11:03:23,39.91,12700,39.92,D
sh600584,长电科技,2025-09-18 11:03:26,39.92,13100,39.91,U
sh600584,长电科技,2025-09-18 11:03:29,39.91,10200,39.92,D
sh600584,长电科技,2025-09-18 11:03:32,39.91,15000,39.91,U
sh600584,长电科技,2025-09-18 11:03:35,39.92,26800,39.91,U
sh600584,长电科技,2025-09-18 11:03:38,39.92,6400,39.92,D
sh600584,长电科技,2025-09-18 11:03:41,39.92,10600,39.92,D
sh600584,长电科技,2025-09-18 11:03:44,39.94,6400,39.92,U
sh600584,长电科技,2025-09-18 11:03:50,39.92,22200,39.94,D
sh600584,长电科技,2025-09-18 11:03:53,39.93,8800,39.92,U
sh600584,长电科技,2025-09-18 11:03:56,39.94,15300,39.93,U
sh600584,长电科技,2025-09-18 11:03:59,39.93,5500,39.94,E
sh600584,长电科技,2025-09-18 11:04:02,39.94,18700,39.93,U
sh600584,长电科技,2025-09-18 11:04:05,39.94,5200,39.94,U
sh600584,长电科技,2025-09-18 11:04:08,39.94,7300,39.94,E
sh600584,长电科技,2025-09-18 11:04:14,39.93,21900,39.94,D
sh600584,长电科技,2025-09-18 11:04:17,39.93,7000,39.93,D
sh600584,长电科技,2025-09-18 11:04:20,39.93,9400,39.93,D
sh600584,长电科技,2025-09-18 11:04:23,39.92,6900,39.93,D
sh600584,长电科技,2025-09-18 11:04:26,39.92,31000,39.92,D
sh600584,长电科技,2025-09-18 11:04:29,39.91,7100,39.92,D
sh600584,长电科技,2025-09-18 11:04:32,39.91,32600,39.91,D
sh600584,长电科技,2025-09-18 11:04:35,39.9,10400,39.91,D
sh600584,长电科技,2025-09-18 11:04:38,39.9,5400,39.9,D
sh600584,长电科技,2025-09-18 11:04:41,39.91,5900,39.9,U
sh600584,长电科技,2025-09-18 11:04:44,39.89,102800,39.91,D
sh600584,长电科技,2025-09-18 11:04:47,39.88,18600,39.89,D
sh600584,长电科技,2025-09-18 11:04:50,39.9,12000,39.88,U
sh600584,长电科技,2025-09-18 11:04:53,39.87,18200,39.9,D
sh600584,长电科技,2025-09-18 11:04:56,39.87,11200,39.87,D
sh600584,长电科技,2025-09-18 11:04:59,39.88,7000,39.87,U
sh600584,长电科技,2025-09-18 11:05:02,39.87,10200,39.88,D
sh600584,长电科技,2025-09-18 11:05:05,39.87,18400,39.87,U
sh600584,长电科技,2025-09-18 11:05:08,39.86,20100,39.87,D
sh600584,长电科技,2025-09-18 11:05:11,39.87,6000,39.86,U
sh600584,长电科技,2025-09-18 11:05:14,39.86,11300,39.87,D
sh600584,长电科技,2025-09-18 11:05:17,39.87,17200,39.86,U
sh600584,长电科技,2025-09-18 11:05:20,39.88,7200,39.87,U
sh600584,长电科技,2025-09-18 11:05:23,39.9,35400,39.88,U
sh600584,长电科技,2025-09-18 11:05:35,39.92,31900,39.91,U
sh600584,长电科技,2025-09-18 11:05:38,39.92,34200,39.92,U
sh600584,长电科技,2025-09-18 11:05:41,39.92,13500,39.92,D
sh600584,长电科技,2025-09-18 11:05:53,39.95,17600,39.94,U
sh600584,长电科技,2025-09-18 11:05:56,39.95,20500,39.95,U
sh600584,长电科技,2025-09-18 11:05:59,39.96,7000,39.95,U
sh600584,长电科技,2025-09-18 11:06:02,39.96,8100,39.96,U
sh600584,长电科技,2025-09-18 11:06:08,39.97,8400,39.97,U
sh600584,长电科技,2025-09-18 11:06:11,39.97,24000,39.97,D
sh600584,长电科技,2025-09-18 11:06:14,39.97,13900,39.97,U
sh600584,长电科技,2025-09-18 11:06:20,39.98,11900,39.98,U
sh600584,长电科技,2025-09-18 11:06:23,39.97,28300,39.98,D
sh600584,长电科技,2025-09-18 11:06:26,39.98,14100,39.97,U
sh600584,长电科技,2025-09-18 11:06:29,39.98,7000,39.98,E
sh600584,长电科技,2025-09-18 11:06:32,39.99,5600,39.98,U
sh600584,长电科技,2025-09-18 11:06:35,39.98,18300,39.99,D
sh600584,长电科技,2025-09-18 11:06:38,40.0,22800,39.98,U
sh600584,长电科技,2025-09-18 11:06:44,40.0,6400,39.99,U
sh600584,长电科技,2025-09-18 11:06:47,40.0,25400,40.0,U
sh600584,长电科技,2025-09-18 11:06:50,40.0,16600,40.0,U
sh600584,长电科技,2025-09-18 11:06:53,40.0,19800,40.0,U
sh600584,长电科技,2025-09-18 11:06:56,40.0,8200,40.0,U
sh600584,长电科技,2025-09-18 11:06:59,40.0,12404,40.0,U
sh600584,长电科技,2025-09-18 11:07:02,39.99,15296,40.0,D
