symbol,name,ticktime,price,volume,prev_price,kind
sh600584,长电科技,2025-10-17 09:25:01,41.05,331200,0.0,U
sh600584,长电科技,2025-10-17 09:30:03,41.08,48100,41.05,U
sh600584,长电科技,2025-10-17 09:30:06,41.07,44500,41.08,D
sh600584,长电科技,2025-10-17 09:30:09,41.1,98100,41.07,E
sh600584,长电科技,2025-10-17 09:30:11,41.19,43700,41.1,U
sh600584,长电科技,2025-10-17 09:30:15,41.09,37400,41.19,D
sh600584,长电科技,2025-10-17 09:30:18,41.11,41900,41.09,D
sh600584,长电科技,2025-10-17 09:30:21,41.2,34600,41.11,U
sh600584,长电科技,2025-10-17 09:30:24,41.26,25266,41.2,U
sh600584,长电科技,2025-10-17 09:30:27,41.11,37900,41.26,D
sh600584,长电科技,2025-10-17 09:30:29,41.18,42500,41.11,E
sh600584,长电科技,2025-10-17 09:30:33,41.33,28300,41.18,U
sh600584,长电科技,2025-10-17 09:30:36,41.33,35100,41.33,U
sh600584,长电科技,2025-10-17 09:30:38,41.3,47200,41.33,D
sh600584,长电科技,2025-10-17 09:30:41,41.3,33000,41.3,U
sh600584,长电科技,2025-10-17 09:30:45,41.3,29600,41.3,U
sh600584,长电科技,2025-10-17 09:30:48,41.26,27400,41.3,D
sh600584,长电科技,2025-10-17 09:30:51,41.3,23100,41.26,U
sh600584,长电科技,2025-10-17 09:30:54,41.3,38200,41.3,D
sh600584,长电科技,2025-10-17 09:30:56,41.3,31000,41.3,U
sh600584,长电科技,2025-10-17 09:30:59,41.32,44800,41.3,U
sh600584,长电科技,2025-10-17 09:31:02,41.38,50200,41.32,E
sh600584,长电科技,2025-10-17 09:31:06,41.38,16500,41.38,U
sh600584,长电科技,2025-10-17 09:31:09,41.41,29900,41.38,U
sh600584,长电科技,2025-10-17 09:31:12,41.4,26900,41.41,E
sh600584,长电科技,2025-10-17 09:31:14,41.41,8400,41.4,D
sh600584,长电科技,2025-10-17 09:31:17,41.45,17500,41.41,U
sh600584,长电科技,2025-10-17 09:31:21,41.43,59200,41.45,D
sh600584,长电科技,2025-10-17 09:31:23,41.44,53700,41.43,U
sh600584,长电科技,2025-10-17 09:31:27,41.45,24600,41.44,U
sh600584,长电科技,2025-10-17 09:31:30,41.45,29900,41.45,U
sh600584,长电科技,2025-10-17 09:31:33,41.46,109100,41.45,U
sh600584,长电科技,2025-10-17 09:31:35,41.46,47100,41.46,U
sh600584,长电科技,2025-10-17 09:31:39,41.48,108300,41.46,U
sh600584,长电科技,2025-10-17 09:31:41,41.48,18100,41.48,U
sh600584,长电科技,2025-10-17 09:31:45,41.5,18400,41.48,U
sh600584,长电科技,2025-10-17 09:31:48,41.5,26900,41.5,D
sh600584,长电科技,2025-10-17 09:31:51,41.52,15100,41.5,D
sh600584,长电科技,2025-10-17 09:31:54,41.5,46300,41.52,D
sh600584,长电科技,2025-10-17 09:31:57,41.41,130400,41.5,D
sh600584,长电科技,2025-10-17 09:32:00,41.47,52800,41.41,U
sh600584,长电科技,2025-10-17 09:32:06,41.44,26800,41.48,D
sh600584,长电科技,2025-10-17 09:32:08,41.45,21900,41.44,U
sh600584,长电科技,2025-10-17 09:32:12,41.4,44800,41.45,D
sh600584,长电科技,2025-10-17 09:32:15,41.4,17600,41.4,U
sh600584,长电科技,2025-10-17 09:32:18,41.41,30600,41.4,U
sh600584,长电科技,2025-10-17 09:32:21,41.42,51800,41.41,U
sh600584,长电科技,2025-10-17 09:32:23,41.47,32300,41.42,U
sh600584,长电科技,2025-10-17 09:32:26,41.41,13600,41.47,D
sh600584,长电科技,2025-10-17 09:32:30,41.42,15500,41.41,D
sh600584,长电科技,2025-10-17 09:32:33,41.41,16300,41.42,D
sh600584,长电科技,2025-10-17 09:32:36,41.4,148500,41.41,D
sh600584,长电科技,2025-10-17 09:32:39,41.4,54600,41.4,U
sh600584,长电科技,2025-10-17 09:32:42,41.4,22600,41.4,D
sh600584,长电科技,2025-10-17 09:32:45,41.4,11000,41.4,D
sh600584,长电科技,2025-10-17 09:32:47,41.39,88900,41.4,D
sh600584,长电科技,2025-10-17 09:32:51,41.39,17600,41.39,U
sh600584,长电科技,2025-10-17 09:32:53,41.36,15100,41.39,D
sh600584,长电科技,2025-10-17 09:33:00,41.31,38700,41.35,D
sh600584,长电科技,2025-10-17 09:33:03,41.3,25800,41.31,D
sh600584,长电科技,2025-10-17 09:33:06,41.27,10000,41.3,D
sh600584,长电科技,2025-10-17 09:33:12,41.23,15700,41.27,D
sh600584,长电科技,2025-10-17 09:33:15,41.23,6000,41.23,D
sh600584,长电科技,2025-10-17 09:33:18,41.24,46500,41.23,U
sh600584,长电科技,2025-10-17 09:33:21,41.27,146200,41.24,U
sh600584,长电科技,2025-10-17 09:33:24,41.3,58200,41.27,U
sh600584,长电科技,2025-10-17 09:33:27,41.29,9800,41.3,E
sh600584,长电科技,2025-10-17 09:33:30,41.27,21600,41.29,D
sh600584,长电科技,2025-10-17 09:33:33,41.27,7500,41.27,U
sh600584,长电科技,2025-10-17 09:33:35,41.27,26600,41.27,U
sh600584,长电科技,2025-10-17 09:33:39,41.26,22000,41.27,D
sh600584,长电科技,2025-10-17 09:33:42,41.27,15500,41.26,U
sh600584,长电科技,2025-10-17 09:33:45,41.26,14200,41.27,D
sh600584,长电科技,2025-10-17 09:33:48,41.26,8700,41.26,D
sh600584,长电科技,2025-10-17 09:33:51,41.28,16900,41.26,U
sh600584,长电科技,2025-10-17 09:33:53,41.27,9800,41.28,D
sh600584,长电科技,2025-10-17 09:33:56,41.27,9400,41.27,D
sh600584,长电科技,2025-10-17 09:34:00,41.3,179016,41.27,U
sh600584,长电科技,2025-10-17 09:34:03,41.3,12700,41.3,D
sh600584,长电科技,2025-10-17 09:34:09,41.31,13000,41.31,D
sh600584,长电科技,2025-10-17 09:34:12,41.33,15800,41.31,D
sh600584,长电科技,2025-10-17 09:34:15,41.34,14700,41.33,U
sh600584,长电科技,2025-10-17 09:34:18,41.38,25700,41.34,U
sh600584,长电科技,2025-10-17 09:34:21,41.36,9500,41.38,D
sh600584,长电科技,2025-10-17 09:34:24,41.4,13800,41.36,U
sh600584,长电科技,2025-10-17 09:34:30,41.43,7200,41.42,U
sh600584,长电科技,2025-10-17 09:34:33,41.46,10600,41.43,U
sh600584,长电科技,2025-10-17 09:34:39,41.5,9800,41.48,U
sh600584,长电科技,2025-10-17 09:34:42,41.5,20100,41.5,U
sh600584,长电科技,2025-10-17 09:34:45,41.47,73700,41.5,D
sh600584,长电科技,2025-10-17 09:34:48,41.47,49300,41.47,U
sh600584,长电科技,2025-10-17 09:34:51,41.44,18500,41.47,D
sh600584,长电科技,2025-10-17 09:34:54,41.41,13600,41.44,D
sh600584,长电科技,2025-10-17 09:34:57,41.46,7800,41.41,U
sh600584,长电科技,2025-10-17 09:35:00,41.39,38400,41.46,D
sh600584,长电科技,2025-10-17 09:35:03,41.37,74100,41.39,D
sh600584,长电科技,2025-10-17 09:35:06,41.33,22300,41.37,D
sh600584,长电科技,2025-10-17 09:35:09,41.33,9400,41.33,U
sh600584,长电科技,2025-10-17 09:35:12,41.32,9300,41.33,D
sh600584,长电科技,2025-10-17 09:35:14,41.32,27800,41.32,D
sh600584,长电科技,2025-10-17 09:35:18,41.32,22300,41.32,U
sh600584,长电科技,2025-10-17 09:35:21,41.31,44600,41.32,D
sh600584,长电科技,2025-10-17 09:35:23,41.31,11700,41.31,U
sh600584,长电科技,2025-10-17 09:35:27,41.31,35200,41.31,U
sh600584,长电科技,2025-10-17 09:35:30,41.29,35884,41.31,D
sh600584,长电科技,2025-10-17 09:35:33,41.31,14800,41.29,U
sh600584,长电科技,2025-10-17 09:35:35,41.29,14600,41.31,D
sh600584,长电科技,2025-10-17 09:35:39,41.29,18516,41.29,D
sh600584,长电科技,2025-10-17 09:35:42,41.31,6984,41.29,E
sh600584,长电科技,2025-10-17 09:35:45,41.31,5200,41.31,U
sh600584,长电科技,2025-10-17 09:35:48,41.3,16816,41.31,E
sh600584,长电科技,2025-10-17 09:35:51,41.3,11100,41.3,D
sh600584,长电科技,2025-10-17 09:35:54,41.31,44700,41.3,E
sh600584,长电科技,2025-10-17 09:35:56,41.31,11400,41.31,U
sh600584,长电科技,2025-10-17 09:36:00,41.3,16700,41.31,E
sh600584,长电科技,2025-10-17 09:36:03,41.31,7600,41.3,U
sh600584,长电科技,2025-10-17 09:36:06,41.31,11700,41.31,D
sh600584,长电科技,2025-10-17 09:36:09,41.31,14200,41.31,U
sh600584,长电科技,2025-10-17 09:36:12,41.3,20600,41.31,D
sh600584,长电科技,2025-10-17 09:36:15,41.31,13900,41.3,U
sh600584,长电科技,2025-10-17 09:36:18,41.31,11500,41.31,D
sh600584,长电科技,2025-10-17 09:36:20,41.37,11700,41.31,U
sh600584,长电科技,2025-10-17 09:36:27,41.33,11100,41.37,D
sh600584,长电科技,2025-10-17 09:36:29,41.38,85800,41.33,U
sh600584,长电科技,2025-10-17 09:36:33,41.4,19200,41.38,U
sh600584,长电科技,2025-10-17 09:36:39,41.41,18000,41.39,E
sh600584,长电科技,2025-10-17 09:36:41,41.43,10200,41.41,U
sh600584,长电科技,2025-10-17 09:36:45,41.46,16500,41.43,U
sh600584,长电科技,2025-10-17 09:36:51,41.45,17000,41.45,E
sh600584,长电科技,2025-10-17 09:36:54,41.44,31100,41.45,D
sh600584,长电科技,2025-10-17 09:36:56,41.43,13300,41.44,E
sh600584,长电科技,2025-10-17 09:36:59,41.41,19700,41.43,E
sh600584,长电科技,2025-10-17 09:37:03,41.4,21500,41.41,D
sh600584,长电科技,2025-10-17 09:37:05,41.4,10500,41.4,U
sh600584,长电科技,2025-10-17 09:37:09,41.39,13800,41.4,E
sh600584,长电科技,2025-10-17 09:37:15,41.41,11400,41.41,U
sh600584,长电科技,2025-10-17 09:37:18,41.4,15800,41.41,D
sh600584,长电科技,2025-10-17 09:37:21,41.4,21400,41.4,U
sh600584,长电科技,2025-10-17 09:37:24,41.39,12900,41.4,D
sh600584,长电科技,2025-10-17 09:37:27,41.39,18800,41.39,U
sh600584,长电科技,2025-10-17 09:37:30,41.39,11100,41.39,U
sh600584,长电科技,2025-10-17 09:37:33,41.39,9900,41.39,U
sh600584,长电科技,2025-10-17 09:37:36,41.4,27300,41.39,U
sh600584,长电科技,2025-10-17 09:37:39,41.4,17900,41.4,U
sh600584,长电科技,2025-10-17 09:37:41,41.4,24500,41.4,U
sh600584,长电科技,2025-10-17 09:37:44,41.39,45900,41.4,D
sh600584,长电科技,2025-10-17 09:37:48,41.39,19500,41.39,U
sh600584,长电科技,2025-10-17 09:37:51,41.39,8600,41.39,U
sh600584,长电科技,2025-10-17 09:37:53,41.39,26300,41.39,U
sh600584,长电科技,2025-10-17 09:37:56,41.39,14500,41.39,U
sh600584,长电科技,2025-10-17 09:38:00,41.37,27500,41.39,D
sh600584,长电科技,2025-10-17 09:38:03,41.34,41000,41.37,D
sh600584,长电科技,2025-10-17 09:38:06,41.31,25200,41.34,D
sh600584,长电科技,2025-10-17 09:38:09,41.25,224084,41.31,D
sh600584,长电科技,2025-10-17 09:38:12,41.22,28900,41.25,D
sh600584,长电科技,2025-10-17 09:38:15,41.19,100000,41.22,D
sh600584,长电科技,2025-10-17 09:38:17,41.18,55400,41.19,D
sh600584,长电科技,2025-10-17 09:38:21,41.18,17300,41.18,U
sh600584,长电科技,2025-10-17 09:38:24,41.15,34400,41.18,D
sh600584,长电科技,2025-10-17 09:38:26,41.14,7500,41.15,E
sh600584,长电科技,2025-10-17 09:38:30,41.12,25100,41.14,D
sh600584,长电科技,2025-10-17 09:38:33,41.12,11300,41.12,D
sh600584,长电科技,2025-10-17 09:38:36,41.11,69600,41.12,D
sh600584,长电科技,2025-10-17 09:38:39,41.11,30200,41.11,U
sh600584,长电科技,2025-10-17 09:38:42,41.11,52800,41.11,U
sh600584,长电科技,2025-10-17 09:38:45,41.11,45800,41.11,D
sh600584,长电科技,2025-10-17 09:38:47,41.11,30100,41.11,D
sh600584,长电科技,2025-10-17 09:38:51,41.11,29100,41.11,U
sh600584,长电科技,2025-10-17 09:38:54,41.11,20100,41.11,U
sh600584,长电科技,2025-10-17 09:38:57,41.1,46300,41.11,D
sh600584,长电科技,2025-10-17 09:39:00,41.09,28300,41.1,D
sh600584,长电科技,2025-10-17 09:39:03,41.01,499700,41.09,D
sh600584,长电科技,2025-10-17 09:39:06,41.03,77200,41.01,U
sh600584,长电科技,2025-10-17 09:39:09,41.01,20800,41.03,D
sh600584,长电科技,2025-10-17 09:39:12,41.01,38200,41.01,D
sh600584,长电科技,2025-10-17 09:39:15,41.02,52600,41.01,E
sh600584,长电科技,2025-10-17 09:39:18,41.06,32100,41.02,U
sh600584,长电科技,2025-10-17 09:39:21,41.06,85800,41.06,D
sh600584,长电科技,2025-10-17 09:39:23,41.05,38200,41.06,E
sh600584,长电科技,2025-10-17 09:39:27,41.12,158900,41.05,U
sh600584,长电科技,2025-10-17 09:39:30,41.12,32700,41.12,D
sh600584,长电科技,2025-10-17 09:39:32,41.12,14700,41.12,D
sh600584,长电科技,2025-10-17 09:39:36,41.12,65800,41.12,D
sh600584,长电科技,2025-10-17 09:39:39,41.12,15900,41.12,D
sh600584,长电科技,2025-10-17 09:39:41,41.15,31300,41.12,U
sh600584,长电科技,2025-10-17 09:39:45,41.15,13500,41.15,U
sh600584,长电科技,2025-10-17 09:39:48,41.15,10300,41.15,D
sh600584,长电科技,2025-10-17 09:39:51,41.19,15800,41.15,U
sh600584,长电科技,2025-10-17 09:39:53,41.23,8700,41.19,U
sh600584,长电科技,2025-10-17 09:39:57,41.18,10700,41.23,D
sh600584,长电科技,2025-10-17 09:40:00,41.18,20100,41.18,D
sh600584,长电科技,2025-10-17 09:40:03,41.17,33300,41.18,D
sh600584,长电科技,2025-10-17 09:40:05,41.17,80100,41.17,U
sh600584,长电科技,2025-10-17 09:40:09,41.16,10500,41.17,D
sh600584,长电科技,2025-10-17 09:40:12,41.16,10300,41.16,U
sh600584,长电科技,2025-10-17 09:40:15,41.1,38300,41.16,D
sh600584,长电科技,2025-10-17 09:40:18,41.1,11800,41.1,D
sh600584,长电科技,2025-10-17 09:40:21,41.06,32400,41.1,D
sh600584,长电科技,2025-10-17 09:40:24,41.06,54300,41.06,D
sh600584,长电科技,2025-10-17 09:40:27,41.06,14200,41.06,U
sh600584,长电科技,2025-10-17 09:40:30,41.03,20800,41.06,D
sh600584,长电科技,2025-10-17 09:40:33,41.03,60700,41.03,D
sh600584,长电科技,2025-10-17 09:40:35,41.03,16800,41.03,U
sh600584,长电科技,2025-10-17 09:40:39,41.02,47300,41.03,D
sh600584,长电科技,2025-10-17 09:40:41,41.0,135100,41.02,D
sh600584,长电科技,2025-10-17 09:40:45,41.01,37700,41.0,U
sh600584,长电科技,2025-10-17 09:40:48,41.0,41000,41.01,D
sh600584,长电科技,2025-10-17 09:40:51,41.01,32100,41.0,E
sh600584,长电科技,2025-10-17 09:40:54,41.01,88600,41.01,U
sh600584,长电科技,2025-10-17 09:40:57,41.0,137800,41.01,D
sh600584,长电科技,2025-10-17 09:41:00,40.99,91700,41.0,D
sh600584,长电科技,2025-10-17 09:41:03,40.98,71400,40.99,D
sh600584,长电科技,2025-10-17 09:41:06,40.94,29700,40.98,D
sh600584,长电科技,2025-10-17 09:41:09,40.93,10400,40.94,D
sh600584,长电科技,2025-10-17 09:41:12,40.92,35200,40.93,D
sh600584,长电科技,2025-10-17 09:41:15,40.91,14100,40.92,D
sh600584,长电科技,2025-10-17 09:41:18,40.88,83400,40.91,D
sh600584,长电科技,2025-10-17 09:41:21,40.87,44300,40.88,D
sh600584,长电科技,2025-10-17 09:41:23,40.86,38300,40.87,D
sh600584,长电科技,2025-10-17 09:41:27,40.89,171800,40.86,U
sh600584,长电科技,2025-10-17 09:41:30,40.95,213500,40.89,U
sh600584,长电科技,2025-10-17 09:41:33,40.89,26500,40.95,D
sh600584,长电科技,2025-10-17 09:41:36,40.9,39200,40.89,U
sh600584,长电科技,2025-10-17 09:41:39,40.9,21300,40.9,D
sh600584,长电科技,2025-10-17 09:41:42,40.9,77900,40.9,D
sh600584,长电科技,2025-10-17 09:41:45,40.9,23500,40.9,D
sh600584,长电科技,2025-10-17 09:41:47,40.89,16700,40.9,D
sh600584,长电科技,2025-10-17 09:41:51,40.88,28100,40.89,D
sh600584,长电科技,2025-10-17 09:41:54,40.87,31200,40.88,D
sh600584,长电科技,2025-10-17 09:41:57,40.87,32700,40.87,D
sh600584,长电科技,2025-10-17 09:42:00,40.87,21400,40.87,U
sh600584,长电科技,2025-10-17 09:42:03,40.87,29200,40.87,D
sh600584,长电科技,2025-10-17 09:42:06,40.87,33900,40.87,U
sh600584,长电科技,2025-10-17 09:42:09,40.88,56700,40.87,U
sh600584,长电科技,2025-10-17 09:42:12,40.88,60800,40.88,U
sh600584,长电科技,2025-10-17 09:42:15,40.88,45500,40.88,D
sh600584,长电科技,2025-10-17 09:42:18,40.88,26100,40.88,U
sh600584,长电科技,2025-10-17 09:42:20,40.9,20200,40.88,U
sh600584,长电科技,2025-10-17 09:42:24,40.88,49200,40.9,D
sh600584,长电科技,2025-10-17 09:42:27,40.87,11200,40.88,E
sh600584,长电科技,2025-10-17 09:42:30,40.87,12400,40.87,D
sh600584,长电科技,2025-10-17 09:42:33,40.86,21700,40.87,D
sh600584,长电科技,2025-10-17 09:42:36,40.86,32500,40.86,D
sh600584,长电科技,2025-10-17 09:42:39,40.86,52400,40.86,U
sh600584,长电科技,2025-10-17 09:42:42,40.87,59100,40.86,E
sh600584,长电科技,2025-10-17 09:42:45,40.86,22900,40.87,D
sh600584,长电科技,2025-10-17 09:42:48,40.85,35600,40.86,D
sh600584,长电科技,2025-10-17 09:42:51,40.85,62100,40.85,D
sh600584,长电科技,2025-10-17 09:42:54,40.8,77900,40.85,D
sh600584,长电科技,2025-10-17 09:42:56,40.84,15500,40.8,U
sh600584,长电科技,2025-10-17 09:43:00,40.8,13100,40.84,D
sh600584,长电科技,2025-10-17 09:43:02,40.81,46700,40.8,U
sh600584,长电科技,2025-10-17 09:43:06,40.81,20700,40.81,D
sh600584,长电科技,2025-10-17 09:43:09,40.84,88200,40.81,U
sh600584,长电科技,2025-10-17 09:43:12,40.86,105700,40.84,U
sh600584,长电科技,2025-10-17 09:43:15,40.85,17600,40.86,D
sh600584,长电科技,2025-10-17 09:43:18,40.88,12900,40.85,U
sh600584,长电科技,2025-10-17 09:43:21,40.86,13700,40.88,D
sh600584,长电科技,2025-10-17 09:43:24,40.88,11300,40.86,U
sh600584,长电科技,2025-10-17 09:43:27,40.86,22200,40.88,D
sh600584,长电科技,2025-10-17 09:43:30,40.86,16900,40.86,U
sh600584,长电科技,2025-10-17 09:43:33,40.86,27500,40.86,U
sh600584,长电科技,2025-10-17 09:43:36,40.85,48400,40.86,D
sh600584,长电科技,2025-10-17 09:43:39,40.85,16800,40.85,U
sh600584,长电科技,2025-10-17 09:43:41,40.84,15900,40.85,D
sh600584,长电科技,2025-10-17 09:43:45,40.83,10800,40.84,D
sh600584,长电科技,2025-10-17 09:43:48,40.82,54800,40.83,D
sh600584,长电科技,2025-10-17 09:43:51,40.82,5800,40.82,D
sh600584,长电科技,2025-10-17 09:43:53,40.82,23700,40.82,D
sh600584,长电科技,2025-10-17 09:43:57,40.82,25200,40.82,U
sh600584,长电科技,2025-10-17 09:44:00,40.82,40900,40.82,D
sh600584,长电科技,2025-10-17 09:44:03,40.81,101400,40.82,D
sh600584,长电科技,2025-10-17 09:44:05,40.81,16000,40.81,U
sh600584,长电科技,2025-10-17 09:44:09,40.8,29300,40.81,D
sh600584,长电科技,2025-10-17 09:44:12,40.81,45900,40.8,U
sh600584,长电科技,2025-10-17 09:44:14,40.76,146600,40.81,D
sh600584,长电科技,2025-10-17 09:44:17,40.76,23300,40.76,U
sh600584,长电科技,2025-10-17 09:44:21,40.78,28200,40.76,U
sh600584,长电科技,2025-10-17 09:44:24,40.76,30800,40.78,D
sh600584,长电科技,2025-10-17 09:44:27,40.75,48700,40.76,D
sh600584,长电科技,2025-10-17 09:44:30,40.75,34300,40.75,U
sh600584,长电科技,2025-10-17 09:44:33,40.74,22900,40.75,D
sh600584,长电科技,2025-10-17 09:44:36,40.74,14600,40.74,U
sh600584,长电科技,2025-10-17 09:44:39,40.73,15600,40.74,D
sh600584,长电科技,2025-10-17 09:44:42,40.73,171800,40.73,U
sh600584,长电科技,2025-10-17 09:44:45,40.72,106500,40.73,D
sh600584,长电科技,2025-10-17 09:44:48,40.71,12800,40.72,D
sh600584,长电科技,2025-10-17 09:44:50,40.7,38300,40.71,D
sh600584,长电科技,2025-10-17 09:44:54,40.7,59600,40.7,D
sh600584,长电科技,2025-10-17 09:44:57,40.73,200100,40.7,U
sh600584,长电科技,2025-10-17 09:45:00,40.7,62700,40.73,D
sh600584,长电科技,2025-10-17 09:45:03,40.7,54100,40.7,D
sh600584,长电科技,2025-10-17 09:45:06,40.71,41300,40.7,E
sh600584,长电科技,2025-10-17 09:45:08,40.7,18400,40.71,D
sh600584,长电科技,2025-10-17 09:45:12,40.71,56200,40.7,D
sh600584,长电科技,2025-10-17 09:45:15,40.71,71900,40.71,D
sh600584,长电科技,2025-10-17 09:45:18,40.71,27300,40.71,D
sh600584,长电科技,2025-10-17 09:45:21,40.71,22800,40.71,D
sh600584,长电科技,2025-10-17 09:45:24,40.71,49100,40.71,U
sh600584,长电科技,2025-10-17 09:45:26,40.7,19400,40.71,D
sh600584,长电科技,2025-10-17 09:45:30,40.7,12600,40.7,U
sh600584,长电科技,2025-10-17 09:45:33,40.7,29200,40.7,U
sh600584,长电科技,2025-10-17 09:45:36,40.68,45700,40.7,D
sh600584,长电科技,2025-10-17 09:45:39,40.68,13800,40.68,D
sh600584,长电科技,2025-10-17 09:45:42,40.68,26000,40.68,D
sh600584,长电科技,2025-10-17 09:45:45,40.67,15800,40.68,D
sh600584,长电科技,2025-10-17 09:45:47,40.66,72700,40.67,D
sh600584,长电科技,2025-10-17 09:45:51,40.65,43700,40.66,D
sh600584,长电科技,2025-10-17 09:45:53,40.65,19000,40.65,D
sh600584,长电科技,2025-10-17 09:45:57,40.63,16400,40.65,D
sh600584,长电科技,2025-10-17 09:46:00,40.61,18700,40.63,D
sh600584,长电科技,2025-10-17 09:46:03,40.63,100900,40.61,U
sh600584,长电科技,2025-10-17 09:46:06,40.6,46900,40.63,D
sh600584,长电科技,2025-10-17 09:46:09,40.61,18000,40.6,U
sh600584,长电科技,2025-10-17 09:46:12,40.6,74200,40.61,D
sh600584,长电科技,2025-10-17 09:46:15,40.6,25300,40.6,U
sh600584,长电科技,2025-10-17 09:46:18,40.59,25700,40.6,D
sh600584,长电科技,2025-10-17 09:46:20,40.58,47700,40.59,D
sh600584,长电科技,2025-10-17 09:46:23,40.56,21300,40.58,D
sh600584,长电科技,2025-10-17 09:46:27,40.56,10500,40.56,D
sh600584,长电科技,2025-10-17 09:46:29,40.55,33200,40.56,D
sh600584,长电科技,2025-10-17 09:46:33,40.55,28200,40.55,U
sh600584,长电科技,2025-10-17 09:46:36,40.53,88000,40.55,D
sh600584,长电科技,2025-10-17 09:46:39,40.52,15400,40.53,D
sh600584,长电科技,2025-10-17 09:46:42,40.52,38000,40.52,D
sh600584,长电科技,2025-10-17 09:46:45,40.52,183182,40.52,U
sh600584,长电科技,2025-10-17 09:46:48,40.55,111500,40.52,U
sh600584,长电科技,2025-10-17 09:46:51,40.56,50500,40.55,U
sh600584,长电科技,2025-10-17 09:46:54,40.61,426700,40.56,U
sh600584,长电科技,2025-10-17 09:46:56,40.63,54100,40.61,U
sh600584,长电科技,2025-10-17 09:47:00,40.61,35900,40.63,E
sh600584,长电科技,2025-10-17 09:47:03,40.58,16900,40.61,D
sh600584,长电科技,2025-10-17 09:47:06,40.61,42900,40.58,U
sh600584,长电科技,2025-10-17 09:47:09,40.58,23500,40.61,D
sh600584,长电科技,2025-10-17 09:47:11,40.59,21900,40.58,U
sh600584,长电科技,2025-10-17 09:47:15,40.59,13300,40.59,U
sh600584,长电科技,2025-10-17 09:47:18,40.58,26600,40.59,D
sh600584,长电科技,2025-10-17 09:47:21,40.58,37900,40.58,U
sh600584,长电科技,2025-10-17 09:47:24,40.56,36600,40.58,D
sh600584,长电科技,2025-10-17 09:47:27,40.57,40300,40.56,U
sh600584,长电科技,2025-10-17 09:47:30,40.56,12600,40.57,D
sh600584,长电科技,2025-10-17 09:47:33,40.56,19800,40.56,U
sh600584,长电科技,2025-10-17 09:47:36,40.54,46900,40.56,D
sh600584,长电科技,2025-10-17 09:47:39,40.55,14800,40.54,U
sh600584,长电科技,2025-10-17 09:47:42,40.53,14800,40.55,D
sh600584,长电科技,2025-10-17 09:47:45,40.54,45600,40.53,E
sh600584,长电科技,2025-10-17 09:47:47,40.53,38600,40.54,D
sh600584,长电科技,2025-10-17 09:47:51,40.54,17800,40.53,U
sh600584,长电科技,2025-10-17 09:47:53,40.53,34300,40.54,D
sh600584,长电科技,2025-10-17 09:47:57,40.52,35900,40.53,D
sh600584,长电科技,2025-10-17 09:48:00,40.53,12300,40.52,U
sh600584,长电科技,2025-10-17 09:48:03,40.52,44600,40.53,D
sh600584,长电科技,2025-10-17 09:48:06,40.52,16900,40.52,U
sh600584,长电科技,2025-10-17 09:48:09,40.52,31300,40.52,U
sh600584,长电科技,2025-10-17 09:48:12,40.51,58500,40.52,D
sh600584,长电科技,2025-10-17 09:48:15,40.51,15500,40.51,U
sh600584,长电科技,2025-10-17 09:48:18,40.51,83100,40.51,U
sh600584,长电科技,2025-10-17 09:48:20,40.51,246300,40.51,U
sh600584,长电科技,2025-10-17 09:48:24,40.5,55300,40.51,D
sh600584,长电科技,2025-10-17 09:48:27,40.5,16800,40.5,U
sh600584,长电科技,2025-10-17 09:48:29,40.5,18700,40.5,U
sh600584,长电科技,2025-10-17 09:48:33,40.49,28300,40.5,E
sh600584,长电科技,2025-10-17 09:48:36,40.48,49200,40.49,D
sh600584,长电科技,2025-10-17 09:48:39,40.49,35800,40.48,E
sh600584,长电科技,2025-10-17 09:48:42,40.48,17200,40.49,D
sh600584,长电科技,2025-10-17 09:48:45,40.48,11800,40.48,U
sh600584,长电科技,2025-10-17 09:48:48,40.47,39400,40.48,D
sh600584,长电科技,2025-10-17 09:48:51,40.46,21000,40.47,D
sh600584,长电科技,2025-10-17 09:48:53,40.45,17000,40.46,D
sh600584,长电科技,2025-10-17 09:48:57,40.45,16600,40.45,D
sh600584,长电科技,2025-10-17 09:49:00,40.44,16700,40.45,D
sh600584,长电科技,2025-10-17 09:49:03,40.48,351700,40.44,U
sh600584,长电科技,2025-10-17 09:49:06,40.44,77200,40.48,D
sh600584,长电科技,2025-10-17 09:49:09,40.51,56066,40.44,U
sh600584,长电科技,2025-10-17 09:49:12,40.52,161306,40.51,U
sh600584,长电科技,2025-10-17 09:49:15,40.57,32500,40.52,U
sh600584,长电科技,2025-10-17 09:49:18,40.51,28300,40.57,D
sh600584,长电科技,2025-10-17 09:49:21,40.57,16100,40.51,U
sh600584,长电科技,2025-10-17 09:49:24,40.54,24000,40.57,D
sh600584,长电科技,2025-10-17 09:49:27,40.57,29000,40.54,U
sh600584,长电科技,2025-10-17 09:49:33,40.59,15500,40.57,U
sh600584,长电科技,2025-10-17 09:49:36,40.6,17000,40.59,U
sh600584,长电科技,2025-10-17 09:49:39,40.61,31400,40.6,U
sh600584,长电科技,2025-10-17 09:49:42,40.63,11700,40.61,U
sh600584,长电科技,2025-10-17 09:49:45,40.6,33400,40.63,D
sh600584,长电科技,2025-10-17 09:49:47,40.63,16700,40.6,U
sh600584,长电科技,2025-10-17 09:49:51,40.65,33000,40.63,U
sh600584,长电科技,2025-10-17 09:49:54,40.63,66900,40.65,D
sh600584,长电科技,2025-10-17 09:49:57,40.63,35300,40.63,D
sh600584,长电科技,2025-10-17 09:50:00,40.65,23700,40.63,U
sh600584,长电科技,2025-10-17 09:50:03,40.65,10500,40.65,D
sh600584,长电科技,2025-10-17 09:50:06,40.65,81800,40.65,D
sh600584,长电科技,2025-10-17 09:50:09,40.65,29400,40.65,U
sh600584,长电科技,2025-10-17 09:50:12,40.63,18700,40.65,D
sh600584,长电科技,2025-10-17 09:50:15,40.65,27500,40.63,U
sh600584,长电科技,2025-10-17 09:50:18,40.65,16000,40.65,U
sh600584,长电科技,2025-10-17 09:50:20,40.63,24700,40.65,D
sh600584,长电科技,2025-10-17 09:50:23,40.65,24000,40.63,U
sh600584,长电科技,2025-10-17 09:50:27,40.62,47800,40.65,D
sh600584,长电科技,2025-10-17 09:50:30,40.61,40900,40.62,D
sh600584,长电科技,2025-10-17 09:50:33,40.61,16100,40.61,U
sh600584,长电科技,2025-10-17 09:50:36,40.58,93400,40.61,D
sh600584,长电科技,2025-10-17 09:50:39,40.54,71800,40.58,D
sh600584,长电科技,2025-10-17 09:50:42,40.52,12800,40.54,D
sh600584,长电科技,2025-10-17 09:50:45,40.52,8000,40.52,D
sh600584,长电科技,2025-10-17 09:50:50,40.5,78800,40.52,D
sh600584,长电科技,2025-10-17 09:50:54,40.47,24500,40.5,D
sh600584,长电科技,2025-10-17 09:50:57,40.47,29600,40.47,D
sh600584,长电科技,2025-10-17 09:50:59,40.46,17200,40.47,D
sh600584,长电科技,2025-10-17 09:51:03,40.45,36600,40.46,D
sh600584,长电科技,2025-10-17 09:51:06,40.45,39100,40.45,D
sh600584,长电科技,2025-10-17 09:51:09,40.45,20000,40.45,D
sh600584,长电科技,2025-10-17 09:51:12,40.45,41700,40.45,U
sh600584,长电科技,2025-10-17 09:51:15,40.45,47500,40.45,U
sh600584,长电科技,2025-10-17 09:51:18,40.43,16100,40.45,D
sh600584,长电科技,2025-10-17 09:51:20,40.43,44000,40.43,D
sh600584,长电科技,2025-10-17 09:51:24,40.43,38500,40.43,U
sh600584,长电科技,2025-10-17 09:51:27,40.42,51900,40.43,D
sh600584,长电科技,2025-10-17 09:51:30,40.42,34600,40.42,U
sh600584,长电科技,2025-10-17 09:51:33,40.4,125400,40.42,D
sh600584,长电科技,2025-10-17 09:51:36,40.41,32700,40.4,U
sh600584,长电科技,2025-10-17 09:51:39,40.41,58600,40.41,U
sh600584,长电科技,2025-10-17 09:51:42,40.39,26400,40.41,D
sh600584,长电科技,2025-10-17 09:51:45,40.4,17300,40.39,U
sh600584,长电科技,2025-10-17 09:51:47,40.39,71200,40.4,D
sh600584,长电科技,2025-10-17 09:51:51,40.38,13000,40.39,D
sh600584,长电科技,2025-10-17 09:51:54,40.38,17700,40.38,D
sh600584,长电科技,2025-10-17 09:51:57,40.38,32600,40.38,D
sh600584,长电科技,2025-10-17 09:52:00,40.38,32000,40.38,U
sh600584,长电科技,2025-10-17 09:52:02,40.36,19900,40.38,D
sh600584,长电科技,2025-10-17 09:52:06,40.39,303800,40.36,U
sh600584,长电科技,2025-10-17 09:52:09,40.44,403700,40.39,U
sh600584,长电科技,2025-10-17 09:52:11,40.45,94800,40.44,U
sh600584,长电科技,2025-10-17 09:52:15,40.43,38200,40.45,E
sh600584,长电科技,2025-10-17 09:52:18,40.44,60800,40.43,U
sh600584,长电科技,2025-10-17 09:52:21,40.45,285900,40.44,U
sh600584,长电科技,2025-10-17 09:52:24,40.47,34800,40.45,E
sh600584,长电科技,2025-10-17 09:52:27,40.52,18700,40.47,U
sh600584,长电科技,2025-10-17 09:52:30,40.5,57100,40.52,D
sh600584,长电科技,2025-10-17 09:52:33,40.5,8400,40.5,D
sh600584,长电科技,2025-10-17 09:52:36,40.52,9500,40.5,U
sh600584,长电科技,2025-10-17 09:52:39,40.56,26600,40.52,U
sh600584,长电科技,2025-10-17 09:52:42,40.56,15900,40.56,D
sh600584,长电科技,2025-10-17 09:52:45,40.54,24200,40.56,D
sh600584,长电科技,2025-10-17 09:52:48,40.55,30000,40.54,U
sh600584,长电科技,2025-10-17 09:52:51,40.55,18600,40.55,U
sh600584,长电科技,2025-10-17 09:52:54,40.55,12900,40.55,D
sh600584,长电科技,2025-10-17 09:52:56,40.55,40000,40.55,D
sh600584,长电科技,2025-10-17 09:53:00,40.56,28400,40.55,U
sh600584,长电科技,2025-10-17 09:53:03,40.55,31800,40.56,D
sh600584,长电科技,2025-10-17 09:53:06,40.56,12100,40.55,U
sh600584,长电科技,2025-10-17 09:53:09,40.55,17600,40.56,D
sh600584,长电科技,2025-10-17 09:53:12,40.56,6000,40.55,D
sh600584,长电科技,2025-10-17 09:53:15,40.56,8900,40.56,D
sh600584,长电科技,2025-10-17 09:53:18,40.57,26800,40.56,D
sh600584,长电科技,2025-10-17 09:53:21,40.57,13900,40.57,U
sh600584,长电科技,2025-10-17 09:53:24,40.57,18300,40.57,D
sh600584,长电科技,2025-10-17 09:53:27,40.58,20000,40.57,U
sh600584,长电科技,2025-10-17 09:53:30,40.52,154800,40.58,D
sh600584,长电科技,2025-10-17 09:53:33,40.5,163900,40.52,D
sh600584,长电科技,2025-10-17 09:53:36,40.46,11100,40.5,D
sh600584,长电科技,2025-10-17 09:53:39,40.46,9500,40.46,D
sh600584,长电科技,2025-10-17 09:53:42,40.44,60100,40.46,D
sh600584,长电科技,2025-10-17 09:53:45,40.45,21900,40.44,U
sh600584,长电科技,2025-10-17 09:53:48,40.42,18400,40.45,D
sh600584,长电科技,2025-10-17 09:53:51,40.42,15900,40.42,U
sh600584,长电科技,2025-10-17 09:53:54,40.41,32600,40.42,D
sh600584,长电科技,2025-10-17 09:53:57,40.42,23000,40.41,U
sh600584,长电科技,2025-10-17 09:54:00,40.42,16400,40.42,U
sh600584,长电科技,2025-10-17 09:54:03,40.42,79000,40.42,U
sh600584,长电科技,2025-10-17 09:54:06,40.4,60600,40.42,D
sh600584,长电科技,2025-10-17 09:54:08,40.39,25700,40.4,D
sh600584,长电科技,2025-10-17 09:54:12,40.39,32800,40.39,U
sh600584,长电科技,2025-10-17 09:54:15,40.39,16300,40.39,U
sh600584,长电科技,2025-10-17 09:54:18,40.39,31100,40.39,D
sh600584,长电科技,2025-10-17 09:54:21,40.39,77700,40.39,D
sh600584,长电科技,2025-10-17 09:54:23,40.39,61700,40.39,U
sh600584,长电科技,2025-10-17 09:54:27,40.39,27600,40.39,U
sh600584,长电科技,2025-10-17 09:54:30,40.38,67700,40.39,D
sh600584,长电科技,2025-10-17 09:54:33,40.38,26200,40.38,U
sh600584,长电科技,2025-10-17 09:54:35,40.38,26600,40.38,U
sh600584,长电科技,2025-10-17 09:54:39,40.38,26400,40.38,U
sh600584,长电科技,2025-10-17 09:54:42,40.39,27900,40.38,U
sh600584,长电科技,2025-10-17 09:54:45,40.38,33200,40.39,D
sh600584,长电科技,2025-10-17 09:54:48,40.39,12500,40.38,E
sh600584,长电科技,2025-10-17 09:54:51,40.4,27200,40.39,D
sh600584,长电科技,2025-10-17 09:54:53,40.41,13400,40.4,D
sh600584,长电科技,2025-10-17 09:54:56,40.4,12900,40.41,D
sh600584,长电科技,2025-10-17 09:55:00,40.4,24800,40.4,D
sh600584,长电科技,2025-10-17 09:55:02,40.4,11900,40.4,D
sh600584,长电科技,2025-10-17 09:55:06,40.42,41400,40.4,U
sh600584,长电科技,2025-10-17 09:55:08,40.42,18900,40.42,U
sh600584,长电科技,2025-10-17 09:55:12,40.42,12700,40.42,U
sh600584,长电科技,2025-10-17 09:55:15,40.42,25100,40.42,U
sh600584,长电科技,2025-10-17 09:55:18,40.42,16100,40.42,U
sh600584,长电科技,2025-10-17 09:55:21,40.41,34100,40.42,D
sh600584,长电科技,2025-10-17 09:55:24,40.42,48500,40.41,U
sh600584,长电科技,2025-10-17 09:55:27,40.42,9100,40.42,D
sh600584,长电科技,2025-10-17 09:55:30,40.42,17500,40.42,D
sh600584,长电科技,2025-10-17 09:55:32,40.42,27000,40.42,D
sh600584,长电科技,2025-10-17 09:55:36,40.43,18500,40.42,E
sh600584,长电科技,2025-10-17 09:55:39,40.42,10200,40.43,D
sh600584,长电科技,2025-10-17 09:55:42,40.41,58600,40.42,D
sh600584,长电科技,2025-10-17 09:55:45,40.43,14500,40.41,U
sh600584,长电科技,2025-10-17 09:55:47,40.42,18700,40.43,D
sh600584,长电科技,2025-10-17 09:55:51,40.41,23700,40.42,D
sh600584,长电科技,2025-10-17 09:55:54,40.43,40300,40.41,U
sh600584,长电科技,2025-10-17 09:55:57,40.42,10700,40.43,D
sh600584,长电科技,2025-10-17 09:56:00,40.45,10800,40.42,U
sh600584,长电科技,2025-10-17 09:56:02,40.42,46900,40.45,D
sh600584,长电科技,2025-10-17 09:56:06,40.42,47200,40.42,U
sh600584,长电科技,2025-10-17 09:56:08,40.42,24800,40.42,U
sh600584,长电科技,2025-10-17 09:56:11,40.42,11600,40.42,U
sh600584,长电科技,2025-10-17 09:56:15,40.42,7500,40.42,D
sh600584,长电科技,2025-10-17 09:56:18,40.42,11700,40.42,D
sh600584,长电科技,2025-10-17 09:56:21,40.43,8500,40.42,U
sh600584,长电科技,2025-10-17 09:56:24,40.42,16900,40.43,D
sh600584,长电科技,2025-10-17 09:56:27,40.43,18600,40.42,E
sh600584,长电科技,2025-10-17 09:56:30,40.43,7300,40.43,D
sh600584,长电科技,2025-10-17 09:56:32,40.43,10400,40.43,D
sh600584,长电科技,2025-10-17 09:56:36,40.43,18000,40.43,D
sh600584,长电科技,2025-10-17 09:56:39,40.41,232800,40.43,D
sh600584,长电科技,2025-10-17 09:56:42,40.39,77900,40.41,D
sh600584,长电科技,2025-10-17 09:56:45,40.38,53100,40.39,D
sh600584,长电科技,2025-10-17 09:56:47,40.37,87600,40.38,D
sh600584,长电科技,2025-10-17 09:56:51,40.35,137100,40.37,D
sh600584,长电科技,2025-10-17 09:56:54,40.38,32600,40.35,U
sh600584,长电科技,2025-10-17 09:56:56,40.36,8800,40.38,E
sh600584,长电科技,2025-10-17 09:56:59,40.34,21100,40.36,D
sh600584,长电科技,2025-10-17 09:57:02,40.33,28100,40.34,D
sh600584,长电科技,2025-10-17 09:57:06,40.33,14700,40.33,U
sh600584,长电科技,2025-10-17 09:57:08,40.31,39600,40.33,D
sh600584,长电科技,2025-10-17 09:57:12,40.31,14100,40.31,D
sh600584,长电科技,2025-10-17 09:57:15,40.33,62500,40.31,U
sh600584,长电科技,2025-10-17 09:57:18,40.44,157585,40.33,U
sh600584,长电科技,2025-10-17 09:57:21,40.44,26800,40.44,D
sh600584,长电科技,2025-10-17 09:57:24,40.44,41200,40.44,D
sh600584,长电科技,2025-10-17 09:57:26,40.44,16500,40.44,D
sh600584,长电科技,2025-10-17 09:57:29,40.44,25500,40.44,D
sh600584,长电科技,2025-10-17 09:57:33,40.47,13300,40.44,U
sh600584,长电科技,2025-10-17 09:57:36,40.48,42400,40.47,U
sh600584,长电科技,2025-10-17 09:57:39,40.52,9400,40.48,U
sh600584,长电科技,2025-10-17 09:57:42,40.48,14600,40.52,D
sh600584,长电科技,2025-10-17 09:57:45,40.52,14800,40.48,U
sh600584,长电科技,2025-10-17 09:57:47,40.52,15800,40.52,D
sh600584,长电科技,2025-10-17 09:57:51,40.5,20900,40.52,D
sh600584,长电科技,2025-10-17 09:57:54,40.49,13400,40.5,D
sh600584,长电科技,2025-10-17 09:57:57,40.52,10400,40.49,U
sh600584,长电科技,2025-10-17 09:58:00,40.5,38600,40.52,D
sh600584,长电科技,2025-10-17 09:58:03,40.49,32900,40.5,D
sh600584,长电科技,2025-10-17 09:58:06,40.49,31300,40.49,E
sh600584,长电科技,2025-10-17 09:58:09,40.48,7700,40.49,E
sh600584,长电科技,2025-10-17 09:58:12,40.48,9600,40.48,U
sh600584,长电科技,2025-10-17 09:58:15,40.48,8100,40.48,U
sh600584,长电科技,2025-10-17 09:58:17,40.46,11900,40.48,D
sh600584,长电科技,2025-10-17 09:58:21,40.45,49500,40.46,D
sh600584,长电科技,2025-10-17 09:58:23,40.44,19300,40.45,D
sh600584,长电科技,2025-10-17 09:58:27,40.44,7900,40.44,D
sh600584,长电科技,2025-10-17 09:58:29,40.4,41815,40.44,D
sh600584,长电科技,2025-10-17 09:58:33,40.4,8100,40.4,D
sh600584,长电科技,2025-10-17 09:58:35,40.4,6900,40.4,U
sh600584,长电科技,2025-10-17 09:58:38,40.39,5600,40.4,D
sh600584,长电科技,2025-10-17 09:58:42,40.41,11800,40.39,U
sh600584,长电科技,2025-10-17 09:58:45,40.39,8200,40.41,D
sh600584,长电科技,2025-10-17 09:58:48,40.37,11800,40.39,D
sh600584,长电科技,2025-10-17 09:58:51,40.38,11000,40.37,U
sh600584,长电科技,2025-10-17 09:58:54,40.37,10200,40.38,D
sh600584,长电科技,2025-10-17 09:58:57,40.37,22800,40.37,U
sh600584,长电科技,2025-10-17 09:59:00,40.38,31100,40.37,U
sh600584,长电科技,2025-10-17 09:59:03,40.38,20000,40.38,U
sh600584,长电科技,2025-10-17 09:59:06,40.38,16600,40.38,U
sh600584,长电科技,2025-10-17 09:59:09,40.38,31112,40.38,U
sh600584,长电科技,2025-10-17 09:59:11,40.4,58200,40.38,U
sh600584,长电科技,2025-10-17 09:59:15,40.4,11500,40.4,D
sh600584,长电科技,2025-10-17 09:59:18,40.4,12500,40.4,E
sh600584,长电科技,2025-10-17 09:59:21,40.4,10788,40.4,U
sh600584,长电科技,2025-10-17 09:59:24,40.4,10300,40.4,U
sh600584,长电科技,2025-10-17 09:59:27,40.4,16000,40.4,U
sh600584,长电科技,2025-10-17 09:59:29,40.4,10800,40.4,D
sh600584,长电科技,2025-10-17 09:59:32,40.4,12900,40.4,D
sh600584,长电科技,2025-10-17 09:59:36,40.4,14400,40.4,D
sh600584,长电科技,2025-10-17 09:59:39,40.4,10500,40.4,U
sh600584,长电科技,2025-10-17 09:59:41,40.4,8495,40.4,U
sh600584,长电科技,2025-10-17 09:59:45,40.44,10300,40.4,U
sh600584,长电科技,2025-10-17 09:59:48,40.4,14500,40.44,D
sh600584,长电科技,2025-10-17 09:59:51,40.4,10000,40.4,D
sh600584,长电科技,2025-10-17 09:59:54,40.42,17300,40.4,D
sh600584,长电科技,2025-10-17 09:59:57,40.45,34100,40.42,U
sh600584,长电科技,2025-10-17 10:00:00,40.42,40805,40.45,E
sh600584,长电科技,2025-10-17 10:00:03,40.4,119900,40.42,D
sh600584,长电科技,2025-10-17 10:00:06,40.39,22400,40.4,E
sh600584,长电科技,2025-10-17 10:00:09,40.38,31400,40.39,D
sh600584,长电科技,2025-10-17 10:00:12,40.33,167400,40.38,D
sh600584,长电科技,2025-10-17 10:00:14,40.31,158200,40.33,D
sh600584,长电科技,2025-10-17 10:00:18,40.28,123500,40.31,D
sh600584,长电科技,2025-10-17 10:00:21,40.24,114500,40.28,D
sh600584,长电科技,2025-10-17 10:00:24,40.23,29100,40.24,D
sh600584,长电科技,2025-10-17 10:00:27,40.23,38600,40.23,U
sh600584,长电科技,2025-10-17 10:00:29,40.2,36600,40.23,D
sh600584,长电科技,2025-10-17 10:00:33,40.2,56000,40.2,D
sh600584,长电科技,2025-10-17 10:00:36,40.19,34200,40.2,D
sh600584,长电科技,2025-10-17 10:00:39,40.15,23700,40.19,D
sh600584,长电科技,2025-10-17 10:00:42,40.18,24200,40.15,U
sh600584,长电科技,2025-10-17 10:00:44,40.13,40200,40.18,D
sh600584,长电科技,2025-10-17 10:00:48,40.13,90100,40.13,D
sh600584,长电科技,2025-10-17 10:00:51,40.13,32800,40.13,U
sh600584,长电科技,2025-10-17 10:00:54,40.12,60100,40.13,D
sh600584,长电科技,2025-10-17 10:00:57,40.1,94800,40.12,D
sh600584,长电科技,2025-10-17 10:01:00,40.1,95200,40.1,D
sh600584,长电科技,2025-10-17 10:01:03,40.1,67900,40.1,D
sh600584,长电科技,2025-10-17 10:01:06,40.09,203800,40.1,D
sh600584,长电科技,2025-10-17 10:01:08,40.05,16600,40.09,D
sh600584,长电科技,2025-10-17 10:01:12,40.08,151500,40.05,U
sh600584,长电科技,2025-10-17 10:01:15,40.07,62700,40.08,D
sh600584,长电科技,2025-10-17 10:01:18,40.06,67200,40.07,D
sh600584,长电科技,2025-10-17 10:01:21,40.07,67700,40.06,U
sh600584,长电科技,2025-10-17 10:01:24,40.1,183900,40.07,U
sh600584,长电科技,2025-10-17 10:01:27,40.07,80500,40.1,D
sh600584,长电科技,2025-10-17 10:01:30,40.07,38800,40.07,U
sh600584,长电科技,2025-10-17 10:01:33,40.06,42200,40.07,D
sh600584,长电科技,2025-10-17 10:01:36,40.08,16600,40.06,E
sh600584,长电科技,2025-10-17 10:01:39,40.08,79046,40.08,U
sh600584,长电科技,2025-10-17 10:01:41,40.07,135400,40.08,D
sh600584,长电科技,2025-10-17 10:01:45,40.07,24000,40.07,D
sh600584,长电科技,2025-10-17 10:01:47,40.04,82600,40.07,D
sh600584,长电科技,2025-10-17 10:01:51,40.07,65200,40.04,U
sh600584,长电科技,2025-10-17 10:01:54,40.05,96300,40.07,D
sh600584,长电科技,2025-10-17 10:01:56,40.07,51000,40.05,U
sh600584,长电科技,2025-10-17 10:02:00,40.06,86700,40.07,D
sh600584,长电科技,2025-10-17 10:02:02,40.06,25100,40.06,D
sh600584,长电科技,2025-10-17 10:02:06,40.05,28700,40.06,D
sh600584,长电科技,2025-10-17 10:02:09,40.11,88900,40.05,U
sh600584,长电科技,2025-10-17 10:02:11,40.11,25100,40.11,U
sh600584,长电科技,2025-10-17 10:02:15,40.13,84800,40.11,U
sh600584,长电科技,2025-10-17 10:02:18,40.13,14200,40.13,U
sh600584,长电科技,2025-10-17 10:02:21,40.18,88800,40.13,U
sh600584,长电科技,2025-10-17 10:02:24,40.11,42000,40.18,D
sh600584,长电科技,2025-10-17 10:02:26,40.13,13200,40.11,U
sh600584,长电科技,2025-10-17 10:02:30,40.14,17600,40.13,D
sh600584,长电科技,2025-10-17 10:02:33,40.18,30800,40.14,U
sh600584,长电科技,2025-10-17 10:02:35,40.19,13900,40.18,E
sh600584,长电科技,2025-10-17 10:02:39,40.2,11200,40.19,U
sh600584,长电科技,2025-10-17 10:02:41,40.2,58800,40.2,U
sh600584,长电科技,2025-10-17 10:02:45,40.21,20500,40.2,U
sh600584,长电科技,2025-10-17 10:02:47,40.21,17100,40.21,U
sh600584,长电科技,2025-10-17 10:02:50,40.24,17600,40.21,U
sh600584,长电科技,2025-10-17 10:02:54,40.22,14100,40.24,D
sh600584,长电科技,2025-10-17 10:02:57,40.25,20300,40.22,U
sh600584,长电科技,2025-10-17 10:03:00,40.25,49900,40.25,U
sh600584,长电科技,2025-10-17 10:03:03,40.24,22200,40.25,D
sh600584,长电科技,2025-10-17 10:03:06,40.22,40100,40.24,D
sh600584,长电科技,2025-10-17 10:03:08,40.24,42600,40.22,E
sh600584,长电科技,2025-10-17 10:03:12,40.24,20600,40.24,D
sh600584,长电科技,2025-10-17 10:03:15,40.24,18400,40.24,U
sh600584,长电科技,2025-10-17 10:03:18,40.22,26900,40.24,D
sh600584,长电科技,2025-10-17 10:03:21,40.22,30900,40.22,U
sh600584,长电科技,2025-10-17 10:03:24,40.22,14800,40.22,U
sh600584,长电科技,2025-10-17 10:03:26,40.22,5600,40.22,D
sh600584,长电科技,2025-10-17 10:03:30,40.22,32000,40.22,D
sh600584,长电科技,2025-10-17 10:03:33,40.22,14500,40.22,D
sh600584,长电科技,2025-10-17 10:03:36,40.23,25000,40.22,U
sh600584,长电科技,2025-10-17 10:03:39,40.22,7900,40.23,D
sh600584,长电科技,2025-10-17 10:03:42,40.23,6000,40.22,E
sh600584,长电科技,2025-10-17 10:03:45,40.24,26200,40.23,U
sh600584,长电科技,2025-10-17 10:03:48,40.22,25300,40.24,D
sh600584,长电科技,2025-10-17 10:03:51,40.23,16900,40.22,U
sh600584,长电科技,2025-10-17 10:03:53,40.21,11500,40.23,D
sh600584,长电科技,2025-10-17 10:03:57,40.23,24000,40.21,U
sh600584,长电科技,2025-10-17 10:04:00,40.23,6800,40.23,U
sh600584,长电科技,2025-10-17 10:04:03,40.21,42000,40.23,D
sh600584,长电科技,2025-10-17 10:04:06,40.21,8700,40.21,D
sh600584,长电科技,2025-10-17 10:04:09,40.21,12800,40.21,D
sh600584,长电科技,2025-10-17 10:04:11,40.21,16700,40.21,D
sh600584,长电科技,2025-10-17 10:04:15,40.21,18000,40.21,U
sh600584,长电科技,2025-10-17 10:04:18,40.21,28900,40.21,U
sh600584,长电科技,2025-10-17 10:04:20,40.2,32100,40.21,D
sh600584,长电科技,2025-10-17 10:04:24,40.2,14900,40.2,D
sh600584,长电科技,2025-10-17 10:04:27,40.2,30400,40.2,D
sh600584,长电科技,2025-10-17 10:04:30,40.2,18300,40.2,D
sh600584,长电科技,2025-10-17 10:04:33,40.21,15600,40.2,E
sh600584,长电科技,2025-10-17 10:04:36,40.21,11500,40.21,D
sh600584,长电科技,2025-10-17 10:04:39,40.21,9900,40.21,D
sh600584,长电科技,2025-10-17 10:04:42,40.21,13200,40.21,D
sh600584,长电科技,2025-10-17 10:04:45,40.22,7200,40.21,U
sh600584,长电科技,2025-10-17 10:04:48,40.21,8700,40.22,D
sh600584,长电科技,2025-10-17 10:04:51,40.22,13300,40.21,E
sh600584,长电科技,2025-10-17 10:04:53,40.22,30900,40.22,D
sh600584,长电科技,2025-10-17 10:04:57,40.26,28997,40.22,U
sh600584,长电科技,2025-10-17 10:05:00,40.27,11800,40.26,U
sh600584,长电科技,2025-10-17 10:05:03,40.27,12700,40.27,U
sh600584,长电科技,2025-10-17 10:05:09,40.31,26000,40.29,U
sh600584,长电科技,2025-10-17 10:05:12,40.31,5300,40.31,U
sh600584,长电科技,2025-10-17 10:05:17,40.36,6800,40.33,U
sh600584,长电科技,2025-10-17 10:05:21,40.37,14000,40.36,U
sh600584,长电科技,2025-10-17 10:05:27,40.37,37800,40.37,D
sh600584,长电科技,2025-10-17 10:05:30,40.37,73100,40.37,U
sh600584,长电科技,2025-10-17 10:05:33,40.37,33000,40.37,U
sh600584,长电科技,2025-10-17 10:05:35,40.37,21100,40.37,U
sh600584,长电科技,2025-10-17 10:05:39,40.38,31100,40.37,U
sh600584,长电科技,2025-10-17 10:05:42,40.38,5100,40.38,D
sh600584,长电科技,2025-10-17 10:05:45,40.4,17300,40.38,U
sh600584,长电科技,2025-10-17 10:05:48,40.39,11000,40.4,D
sh600584,长电科技,2025-10-17 10:05:51,40.4,11700,40.39,U
sh600584,长电科技,2025-10-17 10:05:54,40.4,8700,40.4,U
sh600584,长电科技,2025-10-17 10:05:59,40.42,7900,40.41,U
sh600584,长电科技,2025-10-17 10:06:03,40.42,15100,40.42,D
sh600584,长电科技,2025-10-17 10:06:06,40.39,65500,40.42,D
sh600584,长电科技,2025-10-17 10:06:09,40.39,26200,40.39,U
sh600584,长电科技,2025-10-17 10:06:12,40.39,11000,40.39,U
sh600584,长电科技,2025-10-17 10:06:15,40.38,14400,40.39,D
sh600584,长电科技,2025-10-17 10:06:18,40.37,18300,40.38,D
sh600584,长电科技,2025-10-17 10:06:24,40.36,10300,40.37,D
sh600584,长电科技,2025-10-17 10:06:30,40.34,9800,40.35,D
sh600584,长电科技,2025-10-17 10:06:32,40.33,12000,40.34,D
sh600584,长电科技,2025-10-17 10:06:36,40.32,24600,40.33,D
sh600584,长电科技,2025-10-17 10:06:39,40.3,34100,40.32,D
sh600584,长电科技,2025-10-17 10:06:42,40.3,7900,40.3,U
sh600584,长电科技,2025-10-17 10:06:45,40.27,13000,40.3,D
sh600584,长电科技,2025-10-17 10:06:48,40.28,7500,40.27,E
sh600584,长电科技,2025-10-17 10:06:50,40.28,9700,40.28,U
sh600584,长电科技,2025-10-17 10:07:00,40.25,8300,40.26,D
sh600584,长电科技,2025-10-17 10:07:06,40.25,8300,40.25,U
sh600584,长电科技,2025-10-17 10:07:09,40.25,48500,40.25,U
sh600584,长电科技,2025-10-17 10:07:12,40.28,30800,40.25,U
sh600584,长电科技,2025-10-17 10:07:15,40.28,44300,40.28,U
sh600584,长电科技,2025-10-17 10:07:17,40.28,15900,40.28,U
sh600584,长电科技,2025-10-17 10:07:24,40.29,41400,40.28,U
sh600584,长电科技,2025-10-17 10:07:27,40.29,19500,40.29,U
sh600584,长电科技,2025-10-17 10:07:30,40.3,12400,40.29,U
sh600584,长电科技,2025-10-17 10:07:33,40.31,29000,40.3,U
sh600584,长电科技,2025-10-17 10:07:35,40.32,15400,40.31,U
sh600584,长电科技,2025-10-17 10:07:38,40.31,8800,40.32,D
sh600584,长电科技,2025-10-17 10:07:42,40.31,12200,40.31,D
sh600584,长电科技,2025-10-17 10:07:45,40.31,12100,40.31,U
sh600584,长电科技,2025-10-17 10:07:47,40.32,13300,40.31,U
sh600584,长电科技,2025-10-17 10:07:51,40.32,20300,40.32,E
sh600584,长电科技,2025-10-17 10:07:54,40.33,25700,40.32,U
sh600584,长电科技,2025-10-17 10:07:57,40.31,26700,40.33,D
sh600584,长电科技,2025-10-17 10:08:00,40.33,25900,40.31,U
sh600584,长电科技,2025-10-17 10:08:05,40.32,12500,40.32,D
sh600584,长电科技,2025-10-17 10:08:09,40.32,14200,40.32,U
sh600584,长电科技,2025-10-17 10:08:11,40.32,15900,40.32,U
sh600584,长电科技,2025-10-17 10:08:15,40.3,15900,40.32,D
sh600584,长电科技,2025-10-17 10:08:17,40.3,18200,40.3,U
sh600584,长电科技,2025-10-17 10:08:21,40.3,9600,40.3,D
sh600584,长电科技,2025-10-17 10:08:24,40.29,9800,40.3,E
sh600584,长电科技,2025-10-17 10:08:27,40.33,14500,40.29,U
sh600584,长电科技,2025-10-17 10:08:36,40.33,14400,40.32,U
sh600584,长电科技,2025-10-17 10:08:42,40.33,15900,40.33,U
sh600584,长电科技,2025-10-17 10:08:44,40.34,5900,40.33,U
sh600584,长电科技,2025-10-17 10:08:54,40.34,24100,40.34,D
sh600584,长电科技,2025-10-17 10:08:57,40.33,31200,40.34,D
sh600584,长电科技,2025-10-17 10:09:00,40.33,13700,40.33,U
sh600584,长电科技,2025-10-17 10:09:03,40.32,23900,40.33,D
sh600584,长电科技,2025-10-17 10:09:06,40.32,11000,40.32,U
sh600584,长电科技,2025-10-17 10:09:09,40.32,20300,40.32,U
sh600584,长电科技,2025-10-17 10:09:11,40.32,8400,40.32,U
sh600584,长电科技,2025-10-17 10:09:15,40.32,13900,40.32,U
sh600584,长电科技,2025-10-17 10:09:18,40.31,27900,40.32,D
sh600584,长电科技,2025-10-17 10:09:21,40.32,27700,40.31,U
sh600584,长电科技,2025-10-17 10:09:23,40.32,15400,40.32,D
sh600584,长电科技,2025-10-17 10:09:29,40.32,8200,40.33,D
sh600584,长电科技,2025-10-17 10:09:33,40.33,6500,40.32,E
sh600584,长电科技,2025-10-17 10:09:39,40.32,8100,40.33,D
sh600584,长电科技,2025-10-17 10:09:42,40.32,27100,40.32,D
sh600584,长电科技,2025-10-17 10:09:47,40.33,9900,40.33,U
sh600584,长电科技,2025-10-17 10:09:51,40.33,10700,40.33,U
sh600584,长电科技,2025-10-17 10:09:54,40.33,11200,40.33,U
sh600584,长电科技,2025-10-17 10:09:57,40.33,11200,40.33,U
sh600584,长电科技,2025-10-17 10:10:00,40.33,83600,40.33,U
sh600584,长电科技,2025-10-17 10:10:03,40.33,18600,40.33,D
sh600584,长电科技,2025-10-17 10:10:11,40.34,9800,40.34,D
sh600584,长电科技,2025-10-17 10:10:15,40.34,10200,40.34,D
sh600584,长电科技,2025-10-17 10:10:17,40.34,11500,40.34,U
sh600584,长电科技,2025-10-17 10:10:21,40.34,21600,40.34,U
sh600584,长电科技,2025-10-17 10:10:24,40.34,35100,40.34,U
sh600584,长电科技,2025-10-17 10:10:33,40.34,7300,40.33,U
sh600584,长电科技,2025-10-17 10:10:36,40.34,14800,40.34,U
sh600584,长电科技,2025-10-17 10:10:42,40.34,10900,40.34,U
sh600584,长电科技,2025-10-17 10:10:45,40.33,14900,40.34,D
sh600584,长电科技,2025-10-17 10:10:48,40.33,8200,40.33,U
sh600584,长电科技,2025-10-17 10:10:54,40.33,11000,40.34,D
sh600584,长电科技,2025-10-17 10:11:00,40.33,5700,40.33,D
sh600584,长电科技,2025-10-17 10:11:02,40.34,7500,40.33,U
sh600584,长电科技,2025-10-17 10:11:05,40.33,8100,40.34,D
sh600584,长电科技,2025-10-17 10:11:09,40.34,16500,40.33,U
sh600584,长电科技,2025-10-17 10:11:12,40.33,10900,40.34,D
sh600584,长电科技,2025-10-17 10:11:18,40.33,7500,40.34,D
sh600584,长电科技,2025-10-17 10:11:21,40.35,5400,40.33,U
sh600584,长电科技,2025-10-17 10:11:24,40.34,9000,40.35,D
sh600584,长电科技,2025-10-17 10:11:26,40.34,16300,40.34,D
sh600584,长电科技,2025-10-17 10:11:30,40.35,15900,40.34,D
sh600584,长电科技,2025-10-17 10:11:33,40.34,8100,40.35,D
sh600584,长电科技,2025-10-17 10:11:45,40.34,11600,40.36,D
sh600584,长电科技,2025-10-17 10:11:48,40.35,10700,40.34,E
sh600584,长电科技,2025-10-17 10:11:54,40.36,8400,40.37,E
sh600584,长电科技,2025-10-17 10:11:57,40.35,17200,40.36,D
sh600584,长电科技,2025-10-17 10:12:00,40.36,15300,40.35,U
sh600584,长电科技,2025-10-17 10:12:06,40.36,18000,40.37,D
sh600584,长电科技,2025-10-17 10:12:09,40.32,103900,40.36,D
sh600584,长电科技,2025-10-17 10:12:12,40.31,64900,40.32,D
sh600584,长电科技,2025-10-17 10:12:15,40.3,62200,40.31,D
sh600584,长电科技,2025-10-17 10:12:17,40.29,37800,40.3,D
sh600584,长电科技,2025-10-17 10:12:20,40.27,27400,40.29,D
sh600584,长电科技,2025-10-17 10:12:24,40.28,5500,40.27,U
sh600584,长电科技,2025-10-17 10:12:27,40.27,9300,40.28,D
sh600584,长电科技,2025-10-17 10:12:29,40.27,20000,40.27,E
sh600584,长电科技,2025-10-17 10:12:33,40.27,9900,40.27,D
sh600584,长电科技,2025-10-17 10:12:35,40.27,36100,40.27,U
sh600584,长电科技,2025-10-17 10:12:39,40.26,30000,40.27,D
sh600584,长电科技,2025-10-17 10:12:42,40.3,51300,40.26,U
sh600584,长电科技,2025-10-17 10:12:44,40.28,22100,40.3,D
sh600584,长电科技,2025-10-17 10:12:47,40.28,12000,40.28,D
sh600584,长电科技,2025-10-17 10:12:51,40.31,13800,40.28,U
sh600584,长电科技,2025-10-17 10:12:54,40.29,33400,40.31,D
sh600584,长电科技,2025-10-17 10:12:56,40.3,5300,40.29,U
sh600584,长电科技,2025-10-17 10:13:00,40.31,21100,40.3,U
sh600584,长电科技,2025-10-17 10:13:02,40.3,9800,40.31,D
sh600584,长电科技,2025-10-17 10:13:06,40.29,27100,40.3,D
sh600584,长电科技,2025-10-17 10:13:09,40.35,27600,40.29,U
sh600584,长电科技,2025-10-17 10:13:12,40.35,11200,40.35,D
sh600584,长电科技,2025-10-17 10:13:15,40.35,5100,40.35,D
sh600584,长电科技,2025-10-17 10:13:18,40.31,34300,40.35,D
sh600584,长电科技,2025-10-17 10:13:20,40.38,20400,40.31,U
sh600584,长电科技,2025-10-17 10:13:24,40.43,55300,40.38,U
sh600584,长电科技,2025-10-17 10:13:27,40.42,14700,40.43,D
sh600584,长电科技,2025-10-17 10:13:30,40.43,32000,40.42,E
sh600584,长电科技,2025-10-17 10:13:32,40.44,8600,40.43,E
sh600584,长电科技,2025-10-17 10:13:35,40.48,7600,40.44,U
sh600584,长电科技,2025-10-17 10:13:39,40.49,9000,40.48,U
sh600584,长电科技,2025-10-17 10:13:42,40.49,13600,40.49,U
sh600584,长电科技,2025-10-17 10:13:45,40.49,16500,40.49,U
sh600584,长电科技,2025-10-17 10:13:48,40.49,10600,40.49,U
sh600584,长电科技,2025-10-17 10:13:51,40.49,12200,40.49,U
sh600584,长电科技,2025-10-17 10:13:53,40.49,10400,40.49,U
sh600584,长电科技,2025-10-17 10:13:57,40.5,7500,40.49,U
sh600584,长电科技,2025-10-17 10:14:03,40.5,17600,40.5,U
sh600584,长电科技,2025-10-17 10:14:06,40.52,11300,40.5,U
sh600584,长电科技,2025-10-17 10:14:08,40.5,7500,40.52,D
sh600584,长电科技,2025-10-17 10:14:12,40.48,90600,40.5,D
sh600584,长电科技,2025-10-17 10:14:15,40.49,21600,40.48,U
sh600584,长电科技,2025-10-17 10:14:18,40.48,20200,40.49,D
sh600584,长电科技,2025-10-17 10:14:24,40.48,5100,40.48,U
sh600584,长电科技,2025-10-17 10:14:30,40.48,14600,40.47,U
sh600584,长电科技,2025-10-17 10:14:33,40.47,7600,40.48,E
sh600584,长电科技,2025-10-17 10:14:38,40.48,8200,40.48,U
sh600584,长电科技,2025-10-17 10:14:42,40.49,8500,40.48,U
sh600584,长电科技,2025-10-17 10:14:48,40.49,8800,40.49,U
sh600584,长电科技,2025-10-17 10:14:51,40.49,11100,40.49,U
sh600584,长电科技,2025-10-17 10:14:56,40.5,9600,40.49,U
sh600584,长电科技,2025-10-17 10:15:00,40.48,78300,40.5,D
sh600584,长电科技,2025-10-17 10:15:03,40.44,30400,40.48,D
sh600584,长电科技,2025-10-17 10:15:05,40.45,8300,40.44,U
sh600584,长电科技,2025-10-17 10:15:08,40.45,6400,40.45,U
sh600584,长电科技,2025-10-17 10:15:11,40.4,17100,40.45,D
sh600584,长电科技,2025-10-17 10:15:14,40.41,5400,40.4,U
sh600584,长电科技,2025-10-17 10:15:18,40.4,8700,40.41,D
sh600584,长电科技,2025-10-17 10:15:21,40.4,6800,40.4,D
sh600584,长电科技,2025-10-17 10:15:27,40.38,5100,40.4,D
sh600584,长电科技,2025-10-17 10:15:30,40.37,16600,40.38,D
sh600584,长电科技,2025-10-17 10:15:35,40.36,20500,40.37,D
sh600584,长电科技,2025-10-17 10:15:39,40.37,10800,40.36,U
sh600584,长电科技,2025-10-17 10:15:45,40.36,7900,40.36,D
sh600584,长电科技,2025-10-17 10:15:48,40.39,6100,40.36,U
sh600584,长电科技,2025-10-17 10:15:51,40.36,11000,40.39,D
sh600584,长电科技,2025-10-17 10:15:56,40.39,6200,40.39,U
sh600584,长电科技,2025-10-17 10:16:00,40.38,6600,40.39,D
sh600584,长电科技,2025-10-17 10:16:02,40.4,7300,40.38,U
sh600584,长电科技,2025-10-17 10:16:05,40.41,22300,40.4,U
sh600584,长电科技,2025-10-17 10:16:18,40.43,5700,40.44,D
sh600584,长电科技,2025-10-17 10:16:24,40.45,8400,40.45,U
sh600584,长电科技,2025-10-17 10:16:27,40.46,7400,40.45,U
sh600584,长电科技,2025-10-17 10:16:30,40.46,5700,40.46,U
sh600584,长电科技,2025-10-17 10:16:33,40.45,6500,40.46,D
sh600584,长电科技,2025-10-17 10:16:36,40.47,14600,40.45,U
sh600584,长电科技,2025-10-17 10:16:41,40.47,6600,40.47,U
sh600584,长电科技,2025-10-17 10:16:44,40.48,35800,40.47,U
sh600584,长电科技,2025-10-17 10:16:48,40.48,5600,40.48,U
sh600584,长电科技,2025-10-17 10:16:54,40.46,29200,40.48,D
sh600584,长电科技,2025-10-17 10:16:57,40.42,8100,40.46,D
sh600584,长电科技,2025-10-17 10:17:00,40.46,13900,40.42,U
sh600584,长电科技,2025-10-17 10:17:03,40.46,8500,40.46,U
sh600584,长电科技,2025-10-17 10:17:11,40.48,11900,40.47,U
sh600584,长电科技,2025-10-17 10:17:15,40.48,14100,40.48,U
sh600584,长电科技,2025-10-17 10:17:18,40.49,5601,40.48,U
sh600584,长电科技,2025-10-17 10:17:21,40.49,5500,40.49,U
sh600584,长电科技,2025-10-17 10:17:24,40.49,16700,40.49,D
sh600584,长电科技,2025-10-17 10:17:26,40.5,6100,40.49,U
sh600584,长电科技,2025-10-17 10:17:30,40.5,6300,40.5,U
sh600584,长电科技,2025-10-17 10:17:32,40.51,7400,40.5,U
sh600584,长电科技,2025-10-17 10:17:44,40.51,9300,40.51,D
sh600584,长电科技,2025-10-17 10:17:48,40.52,7300,40.51,U
sh600584,长电科技,2025-10-17 10:17:51,40.52,9700,40.52,U
sh600584,长电科技,2025-10-17 10:17:54,40.51,43700,40.52,D
sh600584,长电科技,2025-10-17 10:17:56,40.49,17300,40.51,D
sh600584,长电科技,2025-10-17 10:17:59,40.48,15900,40.49,E
sh600584,长电科技,2025-10-17 10:18:03,40.48,7600,40.48,U
sh600584,长电科技,2025-10-17 10:18:06,40.48,6400,40.48,U
sh600584,长电科技,2025-10-17 10:18:15,40.45,53900,40.49,D
sh600584,长电科技,2025-10-17 10:18:18,40.44,13300,40.45,D
sh600584,长电科技,2025-10-17 10:18:27,40.42,21900,40.44,D
sh600584,长电科技,2025-10-17 10:18:30,40.43,15600,40.42,U
sh600584,长电科技,2025-10-17 10:18:32,40.39,78300,40.43,D
sh600584,长电科技,2025-10-17 10:18:39,40.39,6100,40.4,D
sh600584,长电科技,2025-10-17 10:18:42,40.39,10300,40.39,U
sh600584,长电科技,2025-10-17 10:18:44,40.4,13400,40.39,U
sh600584,长电科技,2025-10-17 10:18:53,40.39,14100,40.38,U
sh600584,长电科技,2025-10-17 10:18:57,40.38,10700,40.39,D
sh600584,长电科技,2025-10-17 10:18:59,40.37,6200,40.38,D
sh600584,长电科技,2025-10-17 10:19:11,40.39,8200,40.38,U
sh600584,长电科技,2025-10-17 10:19:14,40.38,7600,40.39,D
sh600584,长电科技,2025-10-17 10:19:26,40.37,20800,40.38,D
sh600584,长电科技,2025-10-17 10:19:30,40.38,5400,40.37,E
sh600584,长电科技,2025-10-17 10:19:32,40.38,17700,40.38,E
sh600584,长电科技,2025-10-17 10:19:36,40.37,10600,40.38,D
sh600584,长电科技,2025-10-17 10:19:39,40.38,5600,40.37,D
sh600584,长电科技,2025-10-17 10:19:45,40.37,29400,40.37,D
sh600584,长电科技,2025-10-17 10:19:51,40.36,15700,40.37,D
sh600584,长电科技,2025-10-17 10:19:57,40.36,6900,40.37,D
sh600584,长电科技,2025-10-17 10:20:00,40.36,21700,40.36,D
sh600584,长电科技,2025-10-17 10:20:12,40.34,7300,40.35,D
sh600584,长电科技,2025-10-17 10:20:18,40.34,6400,40.34,U
sh600584,长电科技,2025-10-17 10:20:20,40.33,6500,40.34,D
sh600584,长电科技,2025-10-17 10:20:24,40.36,20000,40.33,U
sh600584,长电科技,2025-10-17 10:20:26,40.36,8700,40.36,D
sh600584,长电科技,2025-10-17 10:20:29,40.34,17000,40.36,D
sh600584,长电科技,2025-10-17 10:20:36,40.36,12700,40.36,U
sh600584,长电科技,2025-10-17 10:20:41,40.34,6500,40.36,D
sh600584,长电科技,2025-10-17 10:20:50,40.33,5900,40.34,D
sh600584,长电科技,2025-10-17 10:20:54,40.32,13900,40.33,D
sh600584,长电科技,2025-10-17 10:21:03,40.32,6100,40.32,D
sh600584,长电科技,2025-10-17 10:21:06,40.33,8300,40.32,U
sh600584,长电科技,2025-10-17 10:21:12,40.32,7000,40.33,D
sh600584,长电科技,2025-10-17 10:21:18,40.32,7500,40.32,D
sh600584,长电科技,2025-10-17 10:21:21,40.33,5600,40.32,U
sh600584,长电科技,2025-10-17 10:21:24,40.33,8900,40.33,D
sh600584,长电科技,2025-10-17 10:21:26,40.34,24900,40.33,U
sh600584,长电科技,2025-10-17 10:21:33,40.34,9500,40.34,D
sh600584,长电科技,2025-10-17 10:21:45,40.34,28100,40.33,U
sh600584,长电科技,2025-10-17 10:21:51,40.32,7800,40.34,D
sh600584,长电科技,2025-10-17 10:21:59,40.33,7500,40.33,U
sh600584,长电科技,2025-10-17 10:22:03,40.33,15900,40.33,U
sh600584,长电科技,2025-10-17 10:22:09,40.33,19900,40.33,U
sh600584,长电科技,2025-10-17 10:22:12,40.32,9400,40.33,D
sh600584,长电科技,2025-10-17 10:22:15,40.35,31700,40.32,U
sh600584,长电科技,2025-10-17 10:22:18,40.35,13700,40.35,U
sh600584,长电科技,2025-10-17 10:22:21,40.36,8200,40.35,U
sh600584,长电科技,2025-10-17 10:22:27,40.36,5300,40.37,D
sh600584,长电科技,2025-10-17 10:22:30,40.37,13200,40.36,D
sh600584,长电科技,2025-10-17 10:22:33,40.38,20100,40.37,U
sh600584,长电科技,2025-10-17 10:22:36,40.37,27300,40.38,D
sh600584,长电科技,2025-10-17 10:22:39,40.37,5000,40.37,U
sh600584,长电科技,2025-10-17 10:22:42,40.37,6400,40.37,U
sh600584,长电科技,2025-10-17 10:22:45,40.37,12800,40.37,U
sh600584,长电科技,2025-10-17 10:22:51,40.36,16700,40.37,D
sh600584,长电科技,2025-10-17 10:22:54,40.36,12300,40.36,D
sh600584,长电科技,2025-10-17 10:23:00,40.38,14500,40.37,U
sh600584,长电科技,2025-10-17 10:23:03,40.37,16600,40.38,D
sh600584,长电科技,2025-10-17 10:23:08,40.37,21900,40.37,D
sh600584,长电科技,2025-10-17 10:23:12,40.37,28800,40.37,E
sh600584,长电科技,2025-10-17 10:23:15,40.35,12200,40.37,D
sh600584,长电科技,2025-10-17 10:23:18,40.35,9600,40.35,U
sh600584,长电科技,2025-10-17 10:23:26,40.34,20600,40.35,D
sh600584,长电科技,2025-10-17 10:23:42,40.35,7100,40.34,U
sh600584,长电科技,2025-10-17 10:23:44,40.34,10200,40.35,D
sh600584,长电科技,2025-10-17 10:23:47,40.34,5600,40.34,U
sh600584,长电科技,2025-10-17 10:24:02,40.34,9100,40.34,D
sh600584,长电科技,2025-10-17 10:24:06,40.33,17700,40.34,D
sh600584,长电科技,2025-10-17 10:24:12,40.32,5400,40.33,D
sh600584,长电科技,2025-10-17 10:24:15,40.32,8100,40.32,D
sh600584,长电科技,2025-10-17 10:24:20,40.33,23500,40.33,D
sh600584,长电科技,2025-10-17 10:24:23,40.33,7300,40.33,D
sh600584,长电科技,2025-10-17 10:24:32,40.33,16500,40.33,U
sh600584,长电科技,2025-10-17 10:24:42,40.33,11000,40.33,D
sh600584,长电科技,2025-10-17 10:24:51,40.32,7300,40.33,D
sh600584,长电科技,2025-10-17 10:24:57,40.32,21600,40.32,D
sh600584,长电科技,2025-10-17 10:25:00,40.32,32700,40.32,U
sh600584,长电科技,2025-10-17 10:25:06,40.31,20400,40.31,D
sh600584,长电科技,2025-10-17 10:25:09,40.31,15700,40.31,D
sh600584,长电科技,2025-10-17 10:25:12,40.32,10400,40.31,U
sh600584,长电科技,2025-10-17 10:25:18,40.31,12500,40.32,D
sh600584,长电科技,2025-10-17 10:25:20,40.31,7700,40.31,U
sh600584,长电科技,2025-10-17 10:25:23,40.31,6400,40.31,U
sh600584,长电科技,2025-10-17 10:25:27,40.3,9500,40.31,D
sh600584,长电科技,2025-10-17 10:25:30,40.3,7100,40.3,D
sh600584,长电科技,2025-10-17 10:25:33,40.32,5500,40.3,U
sh600584,长电科技,2025-10-17 10:25:35,40.32,46100,40.32,U
sh600584,长电科技,2025-10-17 10:25:42,40.31,6900,40.32,D
sh600584,长电科技,2025-10-17 10:25:45,40.32,5900,40.31,U
sh600584,长电科技,2025-10-17 10:25:48,40.31,15700,40.32,D
sh600584,长电科技,2025-10-17 10:25:51,40.3,12100,40.31,D
sh600584,长电科技,2025-10-17 10:25:54,40.3,8600,40.3,D
sh600584,长电科技,2025-10-17 10:25:59,40.31,11000,40.3,D
sh600584,长电科技,2025-10-17 10:26:03,40.3,9200,40.31,D
sh600584,长电科技,2025-10-17 10:26:06,40.31,5700,40.3,U
sh600584,长电科技,2025-10-17 10:26:12,40.31,23200,40.3,U
sh600584,长电科技,2025-10-17 10:26:15,40.31,5100,40.31,D
sh600584,长电科技,2025-10-17 10:26:17,40.31,13700,40.31,D
sh600584,长电科技,2025-10-17 10:26:21,40.31,5300,40.31,D
sh600584,长电科技,2025-10-17 10:26:24,40.31,9900,40.31,D
sh600584,长电科技,2025-10-17 10:26:29,40.32,25700,40.32,U
sh600584,长电科技,2025-10-17 10:26:32,40.32,9300,40.32,U
sh600584,长电科技,2025-10-17 10:26:36,40.32,6200,40.32,U
sh600584,长电科技,2025-10-17 10:26:39,40.32,28700,40.32,U
sh600584,长电科技,2025-10-17 10:26:42,40.32,9300,40.32,U
sh600584,长电科技,2025-10-17 10:26:45,40.33,7000,40.32,U
sh600584,长电科技,2025-10-17 10:26:47,40.33,5300,40.33,U
sh600584,长电科技,2025-10-17 10:26:54,40.32,17600,40.33,D
sh600584,长电科技,2025-10-17 10:27:00,40.33,15300,40.33,U
sh600584,长电科技,2025-10-17 10:27:03,40.36,85900,40.33,U
sh600584,长电科技,2025-10-17 10:27:06,40.37,14900,40.36,U
sh600584,长电科技,2025-10-17 10:27:12,40.36,21900,40.38,D
sh600584,长电科技,2025-10-17 10:27:15,40.38,7800,40.36,U
sh600584,长电科技,2025-10-17 10:27:21,40.38,15400,40.38,U
sh600584,长电科技,2025-10-17 10:27:24,40.42,37500,40.38,U
sh600584,长电科技,2025-10-17 10:27:30,40.42,12400,40.42,U
sh600584,长电科技,2025-10-17 10:27:33,40.42,6100,40.42,D
sh600584,长电科技,2025-10-17 10:27:35,40.42,17700,40.42,D
sh600584,长电科技,2025-10-17 10:27:39,40.42,20400,40.42,U
sh600584,长电科技,2025-10-17 10:27:42,40.44,6800,40.42,U
sh600584,长电科技,2025-10-17 10:27:48,40.44,17900,40.44,D
sh600584,长电科技,2025-10-17 10:27:54,40.42,10500,40.45,D
sh600584,长电科技,2025-10-17 10:27:57,40.48,7300,40.42,U
sh600584,长电科技,2025-10-17 10:28:00,40.49,5400,40.48,U
sh600584,长电科技,2025-10-17 10:28:02,40.5,5000,40.49,U
sh600584,长电科技,2025-10-17 10:28:06,40.5,21400,40.5,U
sh600584,长电科技,2025-10-17 10:28:12,40.53,110500,40.5,U
sh600584,长电科技,2025-10-17 10:28:15,40.52,18900,40.53,E
sh600584,长电科技,2025-10-17 10:28:18,40.53,6200,40.52,U
sh600584,长电科技,2025-10-17 10:28:21,40.53,14800,40.53,U
sh600584,长电科技,2025-10-17 10:28:24,40.55,7600,40.53,U
sh600584,长电科技,2025-10-17 10:28:26,40.53,14000,40.55,D
sh600584,长电科技,2025-10-17 10:28:30,40.55,20800,40.53,U
sh600584,长电科技,2025-10-17 10:28:33,40.54,76700,40.55,D
sh600584,长电科技,2025-10-17 10:28:36,40.52,57700,40.54,E
sh600584,长电科技,2025-10-17 10:28:39,40.56,40900,40.52,U
sh600584,长电科技,2025-10-17 10:28:42,40.56,11000,40.56,U
sh600584,长电科技,2025-10-17 10:28:45,40.56,15300,40.56,U
sh600584,长电科技,2025-10-17 10:28:51,40.57,33200,40.56,U
sh600584,长电科技,2025-10-17 10:28:56,40.57,23600,40.58,D
sh600584,长电科技,2025-10-17 10:29:00,40.57,74100,40.57,D
sh600584,长电科技,2025-10-17 10:29:03,40.53,18200,40.57,D
sh600584,长电科技,2025-10-17 10:29:06,40.53,19700,40.53,U
sh600584,长电科技,2025-10-17 10:29:09,40.53,7900,40.53,D
sh600584,长电科技,2025-10-17 10:29:11,40.53,31500,40.53,D
sh600584,长电科技,2025-10-17 10:29:20,40.55,8100,40.54,U
sh600584,长电科技,2025-10-17 10:29:23,40.53,30300,40.55,D
sh600584,长电科技,2025-10-17 10:29:27,40.52,13200,40.53,D
sh600584,长电科技,2025-10-17 10:29:30,40.51,6000,40.52,D
sh600584,长电科技,2025-10-17 10:29:33,40.51,15600,40.51,U
sh600584,长电科技,2025-10-17 10:29:36,40.5,21100,40.51,D
sh600584,长电科技,2025-10-17 10:29:39,40.5,13900,40.5,U
sh600584,长电科技,2025-10-17 10:29:45,40.52,37800,40.47,U
sh600584,长电科技,2025-10-17 10:29:47,40.5,16800,40.52,D
sh600584,长电科技,2025-10-17 10:29:54,40.5,7400,40.51,D
sh600584,长电科技,2025-10-17 10:30:00,40.5,12100,40.5,U
sh600584,长电科技,2025-10-17 10:30:03,40.5,7600,40.5,U
sh600584,长电科技,2025-10-17 10:30:09,40.48,6300,40.49,D
sh600584,长电科技,2025-10-17 10:30:11,40.49,5100,40.48,U
sh600584,长电科技,2025-10-17 10:30:21,40.5,5100,40.5,U
sh600584,长电科技,2025-10-17 10:30:30,40.49,32300,40.49,U
sh600584,长电科技,2025-10-17 10:30:33,40.5,24000,40.49,U
sh600584,长电科技,2025-10-17 10:30:36,40.49,6800,40.5,D
sh600584,长电科技,2025-10-17 10:30:44,40.5,8200,40.49,U
sh600584,长电科技,2025-10-17 10:30:56,40.49,20800,40.5,D
sh600584,长电科技,2025-10-17 10:31:00,40.49,7400,40.49,U
sh600584,长电科技,2025-10-17 10:31:12,40.46,11700,40.48,D
sh600584,长电科技,2025-10-17 10:31:17,40.48,7500,40.46,U
sh600584,长电科技,2025-10-17 10:31:30,40.51,41500,40.48,U
sh600584,长电科技,2025-10-17 10:31:32,40.52,19200,40.51,U
sh600584,长电科技,2025-10-17 10:31:36,40.52,5600,40.52,D
sh600584,长电科技,2025-10-17 10:31:41,40.55,20400,40.52,U
sh600584,长电科技,2025-10-17 10:31:47,40.57,7600,40.55,U
sh600584,长电科技,2025-10-17 10:31:51,40.57,7300,40.57,D
sh600584,长电科技,2025-10-17 10:31:54,40.59,31200,40.57,U
sh600584,长电科技,2025-10-17 10:32:03,40.6,12600,40.6,U
sh600584,长电科技,2025-10-17 10:32:06,40.61,38600,40.6,U
sh600584,长电科技,2025-10-17 10:32:09,40.61,46200,40.61,U
sh600584,长电科技,2025-10-17 10:32:12,40.6,5200,40.61,E
sh600584,长电科技,2025-10-17 10:32:15,40.6,7400,40.6,D
sh600584,长电科技,2025-10-17 10:32:18,40.61,7800,40.6,E
sh600584,长电科技,2025-10-17 10:32:21,40.63,11900,40.61,U
sh600584,长电科技,2025-10-17 10:32:27,40.65,11000,40.63,U
sh600584,长电科技,2025-10-17 10:32:33,40.65,38900,40.65,D
sh600584,长电科技,2025-10-17 10:32:36,40.66,19400,40.65,U
sh600584,长电科技,2025-10-17 10:32:39,40.65,10100,40.66,D
sh600584,长电科技,2025-10-17 10:32:41,40.65,17400,40.65,U
sh600584,长电科技,2025-10-17 10:32:45,40.65,44800,40.65,D
sh600584,长电科技,2025-10-17 10:32:48,40.66,18700,40.65,U
sh600584,长电科技,2025-10-17 10:32:51,40.65,13600,40.66,D
sh600584,长电科技,2025-10-17 10:32:54,40.65,8500,40.65,D
sh600584,长电科技,2025-10-17 10:33:00,40.66,7300,40.67,D
sh600584,长电科技,2025-10-17 10:33:03,40.67,8500,40.66,U
sh600584,长电科技,2025-10-17 10:33:06,40.66,24000,40.67,D
sh600584,长电科技,2025-10-17 10:33:09,40.66,37500,40.66,U
sh600584,长电科技,2025-10-17 10:33:12,40.65,10300,40.66,D
sh600584,长电科技,2025-10-17 10:33:14,40.64,8400,40.65,D
sh600584,长电科技,2025-10-17 10:33:18,40.64,7500,40.64,D
sh600584,长电科技,2025-10-17 10:33:20,40.64,9700,40.64,D
sh600584,长电科技,2025-10-17 10:33:24,40.64,8200,40.64,U
sh600584,长电科技,2025-10-17 10:33:29,40.63,6100,40.63,U
sh600584,长电科技,2025-10-17 10:33:33,40.62,6900,40.63,D
sh600584,长电科技,2025-10-17 10:33:35,40.6,40700,40.62,D
sh600584,长电科技,2025-10-17 10:33:38,40.6,8000,40.6,U
sh600584,长电科技,2025-10-17 10:33:41,40.58,5800,40.6,D
sh600584,长电科技,2025-10-17 10:33:48,40.58,13100,40.58,U
sh600584,长电科技,2025-10-17 10:33:57,40.56,15200,40.57,D
sh600584,长电科技,2025-10-17 10:33:59,40.56,5600,40.56,U
sh600584,长电科技,2025-10-17 10:34:03,40.55,5900,40.56,D
sh600584,长电科技,2025-10-17 10:34:14,40.52,5500,40.54,D
sh600584,长电科技,2025-10-17 10:34:21,40.52,7000,40.52,U
sh600584,长电科技,2025-10-17 10:34:24,40.51,6800,40.52,D
sh600584,长电科技,2025-10-17 10:34:30,40.51,7100,40.53,D
sh600584,长电科技,2025-10-17 10:34:32,40.53,5100,40.51,U
sh600584,长电科技,2025-10-17 10:34:36,40.52,21000,40.53,D
sh600584,长电科技,2025-10-17 10:34:38,40.54,5500,40.52,U
sh600584,长电科技,2025-10-17 10:34:47,40.56,66600,40.52,U
sh600584,长电科技,2025-10-17 10:34:50,40.56,32100,40.56,D
sh600584,长电科技,2025-10-17 10:35:02,40.55,9200,40.57,E
sh600584,长电科技,2025-10-17 10:35:09,40.59,8300,40.57,U
sh600584,长电科技,2025-10-17 10:35:15,40.61,22700,40.59,U
sh600584,长电科技,2025-10-17 10:35:21,40.6,8900,40.64,D
sh600584,长电科技,2025-10-17 10:35:23,40.65,5600,40.6,U
sh600584,长电科技,2025-10-17 10:35:27,40.62,6200,40.65,D
sh600584,长电科技,2025-10-17 10:35:29,40.65,8400,40.62,U
sh600584,长电科技,2025-10-17 10:35:33,40.64,12800,40.65,D
sh600584,长电科技,2025-10-17 10:35:38,40.64,5100,40.64,D
sh600584,长电科技,2025-10-17 10:35:42,40.65,7100,40.64,U
sh600584,长电科技,2025-10-17 10:35:51,40.65,8400,40.66,D
sh600584,长电科技,2025-10-17 10:35:54,40.66,8200,40.65,E
sh600584,长电科技,2025-10-17 10:35:56,40.65,22600,40.66,D
sh600584,长电科技,2025-10-17 10:36:00,40.66,5500,40.65,E
sh600584,长电科技,2025-10-17 10:36:03,40.66,8700,40.66,D
sh600584,长电科技,2025-10-17 10:36:06,40.65,15700,40.66,D
sh600584,长电科技,2025-10-17 10:36:09,40.67,10500,40.65,U
sh600584,长电科技,2025-10-17 10:36:12,40.67,73600,40.67,U
sh600584,长电科技,2025-10-17 10:36:15,40.66,19600,40.67,U
sh600584,长电科技,2025-10-17 10:36:18,40.64,5200,40.66,D
sh600584,长电科技,2025-10-17 10:36:24,40.67,13200,40.65,U
sh600584,长电科技,2025-10-17 10:36:27,40.66,6400,40.67,U
sh600584,长电科技,2025-10-17 10:36:30,40.65,17500,40.66,D
sh600584,长电科技,2025-10-17 10:36:32,40.67,6000,40.65,U
sh600584,长电科技,2025-10-17 10:36:36,40.65,15200,40.67,D
sh600584,长电科技,2025-10-17 10:36:39,40.64,5600,40.65,D
sh600584,长电科技,2025-10-17 10:36:41,40.64,15700,40.64,D
sh600584,长电科技,2025-10-17 10:36:45,40.6,47100,40.64,D
sh600584,长电科技,2025-10-17 10:36:54,40.62,13000,40.62,U
sh600584,长电科技,2025-10-17 10:37:00,40.62,7900,40.62,D
sh600584,长电科技,2025-10-17 10:37:09,40.61,103700,40.61,U
sh600584,长电科技,2025-10-17 10:37:12,40.6,24700,40.61,D
sh600584,长电科技,2025-10-17 10:37:15,40.6,10400,40.6,D
sh600584,长电科技,2025-10-17 10:37:18,40.61,12700,40.6,U
sh600584,长电科技,2025-10-17 10:37:30,40.61,15600,40.62,D
sh600584,长电科技,2025-10-17 10:37:36,40.61,6100,40.62,D
sh600584,长电科技,2025-10-17 10:37:39,40.61,8000,40.61,D
sh600584,长电科技,2025-10-17 10:37:42,40.62,6600,40.61,D
sh600584,长电科技,2025-10-17 10:37:48,40.64,8200,40.62,U
sh600584,长电科技,2025-10-17 10:37:57,40.62,6900,40.61,U
sh600584,长电科技,2025-10-17 10:37:59,40.61,9500,40.62,D
sh600584,长电科技,2025-10-17 10:38:06,40.61,71500,40.61,D
sh600584,长电科技,2025-10-17 10:38:09,40.61,14800,40.61,D
sh600584,长电科技,2025-10-17 10:38:12,40.6,6000,40.61,E
sh600584,长电科技,2025-10-17 10:38:15,40.6,7800,40.6,D
sh600584,长电科技,2025-10-17 10:38:18,40.6,7300,40.6,U
sh600584,长电科技,2025-10-17 10:38:24,40.6,5500,40.6,D
sh600584,长电科技,2025-10-17 10:38:26,40.61,7000,40.6,U
sh600584,长电科技,2025-10-17 10:38:33,40.6,5500,40.61,D
sh600584,长电科技,2025-10-17 10:38:39,40.6,6300,40.6,U
sh600584,长电科技,2025-10-17 10:38:54,40.59,6100,40.6,D
sh600584,长电科技,2025-10-17 10:38:59,40.59,6000,40.59,U
sh600584,长电科技,2025-10-17 10:39:05,40.58,13900,40.58,U
sh600584,长电科技,2025-10-17 10:39:23,40.57,14500,40.56,U
sh600584,长电科技,2025-10-17 10:39:30,40.57,33500,40.57,U
sh600584,长电科技,2025-10-17 10:39:33,40.6,18000,40.57,U
sh600584,长电科技,2025-10-17 10:39:41,40.56,23500,40.56,D
sh600584,长电科技,2025-10-17 10:39:54,40.55,5700,40.56,D
sh600584,长电科技,2025-10-17 10:39:56,40.55,5300,40.55,U
sh600584,长电科技,2025-10-17 10:40:00,40.54,5000,40.55,D
sh600584,长电科技,2025-10-17 10:40:09,40.54,7300,40.54,U
sh600584,长电科技,2025-10-17 10:40:12,40.57,56600,40.54,U
sh600584,长电科技,2025-10-17 10:40:14,40.57,21400,40.57,D
sh600584,长电科技,2025-10-17 10:40:17,40.59,5200,40.57,U
sh600584,长电科技,2025-10-17 10:40:21,40.59,11400,40.59,U
sh600584,长电科技,2025-10-17 10:40:24,40.6,45600,40.59,U
sh600584,长电科技,2025-10-17 10:40:27,40.63,58000,40.6,U
sh600584,长电科技,2025-10-17 10:40:29,40.61,12200,40.63,D
sh600584,长电科技,2025-10-17 10:40:33,40.59,27100,40.61,D
sh600584,长电科技,2025-10-17 10:40:35,40.65,19500,40.59,U
sh600584,长电科技,2025-10-17 10:40:41,40.65,41200,40.62,U
sh600584,长电科技,2025-10-17 10:40:45,40.65,39603,40.65,U
sh600584,长电科技,2025-10-17 10:40:47,40.64,5400,40.65,D
sh600584,长电科技,2025-10-17 10:40:57,40.65,7100,40.64,U
sh600584,长电科技,2025-10-17 10:41:03,40.64,39400,40.65,D
sh600584,长电科技,2025-10-17 10:41:09,40.64,35000,40.64,U
sh600584,长电科技,2025-10-17 10:41:14,40.64,11400,40.65,D
sh600584,长电科技,2025-10-17 10:41:23,40.63,7400,40.63,D
sh600584,长电科技,2025-10-17 10:41:35,40.63,7900,40.62,U
sh600584,长电科技,2025-10-17 10:41:54,40.63,6100,40.62,U
sh600584,长电科技,2025-10-17 10:42:06,40.62,11400,40.63,D
sh600584,长电科技,2025-10-17 10:42:09,40.62,5600,40.62,D
sh600584,长电科技,2025-10-17 10:42:17,40.62,5200,40.63,U
sh600584,长电科技,2025-10-17 10:42:33,40.6,7700,40.62,D
sh600584,长电科技,2025-10-17 10:42:35,40.57,28600,40.6,D
sh600584,长电科技,2025-10-17 10:42:39,40.57,5300,40.57,D
sh600584,长电科技,2025-10-17 10:42:41,40.57,17500,40.57,U
sh600584,长电科技,2025-10-17 10:42:45,40.6,7700,40.57,U
sh600584,长电科技,2025-10-17 10:42:59,40.57,94200,40.61,D
sh600584,长电科技,2025-10-17 10:43:03,40.6,8500,40.57,U
sh600584,长电科技,2025-10-17 10:43:15,40.57,6300,40.58,D
sh600584,长电科技,2025-10-17 10:43:21,40.56,5900,40.57,D
sh600584,长电科技,2025-10-17 10:43:36,40.55,5600,40.55,D
sh600584,长电科技,2025-10-17 10:43:54,40.55,7300,40.55,U
sh600584,长电科技,2025-10-17 10:43:57,40.54,7500,40.55,D
sh600584,长电科技,2025-10-17 10:44:00,40.55,30900,40.54,U
sh600584,长电科技,2025-10-17 10:44:11,40.53,19600,40.54,D
sh600584,长电科技,2025-10-17 10:44:24,40.53,6100,40.53,U
sh600584,长电科技,2025-10-17 10:44:26,40.52,6500,40.53,D
sh600584,长电科技,2025-10-17 10:44:30,40.51,15800,40.52,D
sh600584,长电科技,2025-10-17 10:44:33,40.5,64000,40.51,D
sh600584,长电科技,2025-10-17 10:44:35,40.52,5300,40.5,U
sh600584,长电科技,2025-10-17 10:44:38,40.51,5200,40.52,D
sh600584,长电科技,2025-10-17 10:44:44,40.5,9600,40.52,D
sh600584,长电科技,2025-10-17 10:44:50,40.5,5000,40.5,D
sh600584,长电科技,2025-10-17 10:44:56,40.5,17300,40.5,D
sh600584,长电科技,2025-10-17 10:44:59,40.49,54700,40.5,D
sh600584,长电科技,2025-10-17 10:45:02,40.48,5800,40.49,D
sh600584,长电科技,2025-10-17 10:45:21,40.46,7800,40.47,D
sh600584,长电科技,2025-10-17 10:45:38,40.46,5500,40.45,U
sh600584,长电科技,2025-10-17 10:45:41,40.46,9200,40.46,U
sh600584,长电科技,2025-10-17 10:45:48,40.45,7500,40.46,D
sh600584,长电科技,2025-10-17 10:45:51,40.46,5300,40.45,U
sh600584,长电科技,2025-10-17 10:45:53,40.44,7400,40.46,D
sh600584,长电科技,2025-10-17 10:46:03,40.44,28000,40.43,U
sh600584,长电科技,2025-10-17 10:46:09,40.43,26200,40.44,D
sh600584,长电科技,2025-10-17 10:46:17,40.43,15600,40.44,D
sh600584,长电科技,2025-10-17 10:46:20,40.46,52500,40.43,U
sh600584,长电科技,2025-10-17 10:46:27,40.45,11200,40.44,E
sh600584,长电科技,2025-10-17 10:46:30,40.45,5100,40.45,D
sh600584,长电科技,2025-10-17 10:46:33,40.48,13100,40.45,U
sh600584,长电科技,2025-10-17 10:46:45,40.49,14000,40.45,U
sh600584,长电科技,2025-10-17 10:47:02,40.48,11900,40.49,D
sh600584,长电科技,2025-10-17 10:47:21,40.49,10100,40.49,U
sh600584,长电科技,2025-10-17 10:47:23,40.48,6000,40.49,D
sh600584,长电科技,2025-10-17 10:47:38,40.47,12400,40.48,D
sh600584,长电科技,2025-10-17 10:48:00,40.49,5300,40.48,U
sh600584,长电科技,2025-10-17 10:48:38,40.47,5300,40.48,D
sh600584,长电科技,2025-10-17 10:48:44,40.48,10100,40.47,U
sh600584,长电科技,2025-10-17 10:48:47,40.48,86600,40.48,U
sh600584,长电科技,2025-10-17 10:48:53,40.48,7500,40.48,U
sh600584,长电科技,2025-10-17 10:49:12,40.47,7500,40.46,U
sh600584,长电科技,2025-10-17 10:49:15,40.46,25303,40.47,D
sh600584,长电科技,2025-10-17 10:49:21,40.47,8600,40.47,D
sh600584,长电科技,2025-10-17 10:49:35,40.47,5100,40.47,D
sh600584,长电科技,2025-10-17 10:49:41,40.47,8400,40.47,U
sh600584,长电科技,2025-10-17 10:49:48,40.48,7100,40.46,U
sh600584,长电科技,2025-10-17 10:49:57,40.47,8200,40.46,E
sh600584,长电科技,2025-10-17 10:50:03,40.45,8800,40.46,D
sh600584,长电科技,2025-10-17 10:50:18,40.45,6700,40.45,D
sh600584,长电科技,2025-10-17 10:50:21,40.47,17800,40.45,U
sh600584,长电科技,2025-10-17 10:50:30,40.45,14700,40.47,D
sh600584,长电科技,2025-10-17 10:50:44,40.45,8800,40.47,D
sh600584,长电科技,2025-10-17 10:50:48,40.44,5500,40.45,D
sh600584,长电科技,2025-10-17 10:50:53,40.45,6300,40.45,D
sh600584,长电科技,2025-10-17 10:51:06,40.44,6000,40.44,D
sh600584,长电科技,2025-10-17 10:51:12,40.43,19900,40.44,D
sh600584,长电科技,2025-10-17 10:51:15,40.42,12000,40.43,D
sh600584,长电科技,2025-10-17 10:51:27,40.43,6800,40.45,D
sh600584,长电科技,2025-10-17 10:51:45,40.42,26200,40.42,D
sh600584,长电科技,2025-10-17 10:51:47,40.42,9600,40.42,D
sh600584,长电科技,2025-10-17 10:52:05,40.45,6100,40.46,D
sh600584,长电科技,2025-10-17 10:52:09,40.45,11100,40.45,U
sh600584,长电科技,2025-10-17 10:52:12,40.45,9000,40.45,D
sh600584,长电科技,2025-10-17 10:52:23,40.45,5700,40.45,D
sh600584,长电科技,2025-10-17 10:52:29,40.44,9200,40.45,D
sh600584,长电科技,2025-10-17 10:52:35,40.44,5700,40.45,D
sh600584,长电科技,2025-10-17 10:52:48,40.45,5100,40.45,U
sh600584,长电科技,2025-10-17 10:52:57,40.45,12700,40.45,D
sh600584,长电科技,2025-10-17 10:53:03,40.49,6700,40.47,U
sh600584,长电科技,2025-10-17 10:53:24,40.5,15500,40.5,D
sh600584,长电科技,2025-10-17 10:53:29,40.5,7500,40.5,U
sh600584,长电科技,2025-10-17 10:54:18,40.56,7800,40.55,U
sh600584,长电科技,2025-10-17 10:54:23,40.56,5900,40.52,U
sh600584,长电科技,2025-10-17 10:54:27,40.57,12400,40.56,U
sh600584,长电科技,2025-10-17 10:54:33,40.52,9800,40.57,D
sh600584,长电科技,2025-10-17 10:54:36,40.55,5300,40.52,U
sh600584,长电科技,2025-10-17 10:54:39,40.51,9700,40.55,D
sh600584,长电科技,2025-10-17 10:54:51,40.52,11600,40.52,D
sh600584,长电科技,2025-10-17 10:55:12,40.55,33100,40.56,D
sh600584,长电科技,2025-10-17 10:55:33,40.55,6500,40.57,D
sh600584,长电科技,2025-10-17 10:55:45,40.55,5500,40.54,U
sh600584,长电科技,2025-10-17 10:55:48,40.51,15700,40.55,D
sh600584,长电科技,2025-10-17 10:55:51,40.48,16900,40.51,D
sh600584,长电科技,2025-10-17 10:56:06,40.45,17700,40.48,D
sh600584,长电科技,2025-10-17 10:56:21,40.47,9800,40.47,D
sh600584,长电科技,2025-10-17 10:56:27,40.48,6000,40.47,U
sh600584,长电科技,2025-10-17 10:56:38,40.49,6000,40.48,U
sh600584,长电科技,2025-10-17 10:56:51,40.49,8500,40.49,D
sh600584,长电科技,2025-10-17 10:57:08,40.49,7000,40.52,D
sh600584,长电科技,2025-10-17 10:57:51,40.5,8900,40.52,D
sh600584,长电科技,2025-10-17 10:58:14,40.56,8700,40.53,U
sh600584,长电科技,2025-10-17 10:58:27,40.53,11600,40.55,D
sh600584,长电科技,2025-10-17 10:58:45,40.55,5100,40.53,U
sh600584,长电科技,2025-10-17 10:58:48,40.55,14900,40.55,U
sh600584,长电科技,2025-10-17 10:58:53,40.56,10200,40.56,U
sh600584,长电科技,2025-10-17 10:59:11,40.59,7700,40.58,U
sh600584,长电科技,2025-10-17 10:59:20,40.59,14500,40.6,D
sh600584,长电科技,2025-10-17 10:59:24,40.6,52000,40.59,E
sh600584,长电科技,2025-10-17 10:59:33,40.61,7600,40.6,U
sh600584,长电科技,2025-10-17 10:59:36,40.6,7500,40.61,D
sh600584,长电科技,2025-10-17 10:59:39,40.6,15900,40.6,U
sh600584,长电科技,2025-10-17 10:59:48,40.61,6500,40.6,U
sh600584,长电科技,2025-10-17 10:59:50,40.6,70700,40.61,D
sh600584,长电科技,2025-10-17 10:59:53,40.61,14800,40.6,U
sh600584,长电科技,2025-10-17 10:59:57,40.61,5600,40.61,D
sh600584,长电科技,2025-10-17 11:00:06,40.58,7100,40.6,D
sh600584,长电科技,2025-10-17 11:00:09,40.56,12500,40.58,D
sh600584,长电科技,2025-10-17 11:00:27,40.58,7500,40.58,U
sh600584,长电科技,2025-10-17 11:00:36,40.55,8300,40.55,D
sh600584,长电科技,2025-10-17 11:00:39,40.5,22700,40.55,D
sh600584,长电科技,2025-10-17 11:01:02,40.55,5300,40.53,U
sh600584,长电科技,2025-10-17 11:01:08,40.5,40900,40.53,D
sh600584,长电科技,2025-10-17 11:01:12,40.48,12700,40.5,D
sh600584,长电科技,2025-10-17 11:01:14,40.48,14700,40.48,D
sh600584,长电科技,2025-10-17 11:01:27,40.46,16000,40.47,D
sh600584,长电科技,2025-10-17 11:01:33,40.47,18100,40.46,E
sh600584,长电科技,2025-10-17 11:01:38,40.45,7600,40.46,D
sh600584,长电科技,2025-10-17 11:01:48,40.45,7100,40.45,D
sh600584,长电科技,2025-10-17 11:01:51,40.46,25500,40.45,U
sh600584,长电科技,2025-10-17 11:01:53,40.46,8200,40.46,U
sh600584,长电科技,2025-10-17 11:01:57,40.46,13300,40.46,U
sh600584,长电科技,2025-10-17 11:02:06,40.44,33900,40.46,D
sh600584,长电科技,2025-10-17 11:02:09,40.43,12600,40.44,D
sh600584,长电科技,2025-10-17 11:02:20,40.4,27200,40.42,D
sh600584,长电科技,2025-10-17 11:02:23,40.4,15600,40.4,D
sh600584,长电科技,2025-10-17 11:02:27,40.4,19800,40.4,D
sh600584,长电科技,2025-10-17 11:02:29,40.42,12900,40.4,U
sh600584,长电科技,2025-10-17 11:02:42,40.42,24300,40.41,U
sh600584,长电科技,2025-10-17 11:02:57,40.42,11000,40.43,D
sh600584,长电科技,2025-10-17 11:03:03,40.41,23400,40.42,D
sh600584,长电科技,2025-10-17 11:03:06,40.4,9200,40.41,D
sh600584,长电科技,2025-10-17 11:03:08,40.39,10300,40.4,D
sh600584,长电科技,2025-10-17 11:03:15,40.39,43700,40.39,U
sh600584,长电科技,2025-10-17 11:03:17,40.35,35700,40.39,D
sh600584,长电科技,2025-10-17 11:03:26,40.35,7400,40.36,D
sh600584,长电科技,2025-10-17 11:03:38,40.35,5900,40.35,D
sh600584,长电科技,2025-10-17 11:03:42,40.35,5151,40.35,D
sh600584,长电科技,2025-10-17 11:03:48,40.35,6700,40.36,D
sh600584,长电科技,2025-10-17 11:04:02,40.38,5800,40.38,D
sh600584,长电科技,2025-10-17 11:04:05,40.37,6300,40.38,D
sh600584,长电科技,2025-10-17 11:04:21,40.37,5000,40.38,D
sh600584,长电科技,2025-10-17 11:04:27,40.35,68700,40.38,D
sh600584,长电科技,2025-10-17 11:04:29,40.37,6100,40.35,U
sh600584,长电科技,2025-10-17 11:04:36,40.35,10900,40.36,D
sh600584,长电科技,2025-10-17 11:05:00,40.33,9900,40.33,D
sh600584,长电科技,2025-10-17 11:05:02,40.31,40849,40.33,D
sh600584,长电科技,2025-10-17 11:05:12,40.31,5000,40.33,D
sh600584,长电科技,2025-10-17 11:05:30,40.32,8100,40.31,U
sh600584,长电科技,2025-10-17 11:05:33,40.32,6100,40.32,D
sh600584,长电科技,2025-10-17 11:05:38,40.33,8900,40.32,U
sh600584,长电科技,2025-10-17 11:05:42,40.32,14400,40.33,D
sh600584,长电科技,2025-10-17 11:05:47,40.32,5000,40.32,U
sh600584,长电科技,2025-10-17 11:05:50,40.31,18900,40.32,D
sh600584,长电科技,2025-10-17 11:05:54,40.3,5900,40.31,D
sh600584,长电科技,2025-10-17 11:06:00,40.31,21400,40.31,U
sh600584,长电科技,2025-10-17 11:06:03,40.3,8500,40.31,D
sh600584,长电科技,2025-10-17 11:06:05,40.31,5400,40.3,U
sh600584,长电科技,2025-10-17 11:06:11,40.3,5000,40.3,D
sh600584,长电科技,2025-10-17 11:06:17,40.3,5000,40.3,D
sh600584,长电科技,2025-10-17 11:06:21,40.3,16500,40.3,D
sh600584,长电科技,2025-10-17 11:06:24,40.31,5800,40.3,E
sh600584,长电科技,2025-10-17 11:06:29,40.3,5100,40.32,D
sh600584,长电科技,2025-10-17 11:06:33,40.31,13400,40.3,U
sh600584,长电科技,2025-10-17 11:06:39,40.31,8200,40.31,D
sh600584,长电科技,2025-10-17 11:06:42,40.3,16900,40.31,D
sh600584,长电科技,2025-10-17 11:06:45,40.3,5500,40.3,D
sh600584,长电科技,2025-10-17 11:06:53,40.32,9900,40.32,U
sh600584,长电科技,2025-10-17 11:07:00,40.31,9400,40.32,D
sh600584,长电科技,2025-10-17 11:07:02,40.31,6500,40.31,D
sh600584,长电科技,2025-10-17 11:07:06,40.31,13900,40.31,D
sh600584,长电科技,2025-10-17 11:07:09,40.32,6700,40.31,U
sh600584,长电科技,2025-10-17 11:07:11,40.31,8300,40.32,D
sh600584,长电科技,2025-10-17 11:07:21,40.32,35000,40.33,D
sh600584,长电科技,2025-10-17 11:07:24,40.31,12700,40.32,D
sh600584,长电科技,2025-10-17 11:07:26,40.31,11500,40.31,U
sh600584,长电科技,2025-10-17 11:07:39,40.3,60300,40.31,D
sh600584,长电科技,2025-10-17 11:07:41,40.3,6100,40.3,U
sh600584,长电科技,2025-10-17 11:07:47,40.3,6300,40.3,U
sh600584,长电科技,2025-10-17 11:07:51,40.3,9800,40.3,U
sh600584,长电科技,2025-10-17 11:07:54,40.3,7500,40.3,U
sh600584,长电科技,2025-10-17 11:08:08,40.3,9500,40.3,D
sh600584,长电科技,2025-10-17 11:08:12,40.3,10400,40.3,D
sh600584,长电科技,2025-10-17 11:08:24,40.28,20100,40.29,D
sh600584,长电科技,2025-10-17 11:08:33,40.29,52300,40.29,U
sh600584,长电科技,2025-10-17 11:08:39,40.29,14000,40.29,D
sh600584,长电科技,2025-10-17 11:08:42,40.29,11100,40.29,D
sh600584,长电科技,2025-10-17 11:08:47,40.33,14200,40.29,U
sh600584,长电科技,2025-10-17 11:09:00,40.29,18200,40.28,U
sh600584,长电科技,2025-10-17 11:09:03,40.29,7600,40.29,U
sh600584,长电科技,2025-10-17 11:09:15,40.29,10900,40.29,U
sh600584,长电科技,2025-10-17 11:09:18,40.28,8900,40.29,D
sh600584,长电科技,2025-10-17 11:09:39,40.29,7100,40.29,D
sh600584,长电科技,2025-10-17 11:09:41,40.28,11700,40.29,D
sh600584,长电科技,2025-10-17 11:09:54,40.3,6400,40.29,U
sh600584,长电科技,2025-10-17 11:09:59,40.3,9300,40.29,U
sh600584,长电科技,2025-10-17 11:10:03,40.31,10000,40.3,U
sh600584,长电科技,2025-10-17 11:10:06,40.29,7700,40.31,D
sh600584,长电科技,2025-10-17 11:10:09,40.29,6600,40.29,D
sh600584,长电科技,2025-10-17 11:10:15,40.29,5000,40.3,D
sh600584,长电科技,2025-10-17 11:10:29,40.28,8800,40.29,D
sh600584,长电科技,2025-10-17 11:10:32,40.29,5800,40.28,U
sh600584,长电科技,2025-10-17 11:10:42,40.3,20400,40.3,U
sh600584,长电科技,2025-10-17 11:10:51,40.29,10600,40.29,U
sh600584,长电科技,2025-10-17 11:10:54,40.28,12600,40.29,D
sh600584,长电科技,2025-10-17 11:10:56,40.29,8100,40.28,U
sh600584,长电科技,2025-10-17 11:11:03,40.28,5100,40.28,D
sh600584,长电科技,2025-10-17 11:11:15,40.28,16200,40.29,D
sh600584,长电科技,2025-10-17 11:11:17,40.28,14900,40.28,D
sh600584,长电科技,2025-10-17 11:11:21,40.28,5600,40.28,U
sh600584,长电科技,2025-10-17 11:11:30,40.27,46100,40.27,D
sh600584,长电科技,2025-10-17 11:11:36,40.27,11700,40.26,U
sh600584,长电科技,2025-10-17 11:11:38,40.25,12500,40.27,D
sh600584,长电科技,2025-10-17 11:11:48,40.26,18000,40.26,D
sh600584,长电科技,2025-10-17 11:11:51,40.25,36300,40.26,D
sh600584,长电科技,2025-10-17 11:11:56,40.24,8000,40.25,D
sh600584,长电科技,2025-10-17 11:12:00,40.24,6400,40.24,D
sh600584,长电科技,2025-10-17 11:12:08,40.23,7900,40.24,D
sh600584,长电科技,2025-10-17 11:12:12,40.25,23900,40.23,U
sh600584,长电科技,2025-10-17 11:12:15,40.25,11200,40.25,U
sh600584,长电科技,2025-10-17 11:12:33,40.23,17600,40.25,D
sh600584,长电科技,2025-10-17 11:12:42,40.24,8500,40.26,D
sh600584,长电科技,2025-10-17 11:12:57,40.24,5800,40.23,U
sh600584,长电科技,2025-10-17 11:13:11,40.24,15100,40.24,U
sh600584,长电科技,2025-10-17 11:13:15,40.24,7300,40.24,D
sh600584,长电科技,2025-10-17 11:13:24,40.24,5500,40.24,D
sh600584,长电科技,2025-10-17 11:13:36,40.25,16600,40.24,U
sh600584,长电科技,2025-10-17 11:13:39,40.24,7900,40.25,D
sh600584,长电科技,2025-10-17 11:13:48,40.24,36300,40.24,U
sh600584,长电科技,2025-10-17 11:13:51,40.24,11700,40.24,D
sh600584,长电科技,2025-10-17 11:13:57,40.24,14300,40.25,D
sh600584,长电科技,2025-10-17 11:14:02,40.23,6100,40.24,D
sh600584,长电科技,2025-10-17 11:14:09,40.25,5300,40.24,U
sh600584,长电科技,2025-10-17 11:14:12,40.24,5900,40.25,D
sh600584,长电科技,2025-10-17 11:14:15,40.24,7700,40.24,U
sh600584,长电科技,2025-10-17 11:14:21,40.23,6300,40.24,D
sh600584,长电科技,2025-10-17 11:14:30,40.24,13700,40.25,D
sh600584,长电科技,2025-10-17 11:14:38,40.23,10000,40.23,D
sh600584,长电科技,2025-10-17 11:14:45,40.25,20700,40.24,U
sh600584,长电科技,2025-10-17 11:14:54,40.25,9700,40.24,U
sh600584,长电科技,2025-10-17 11:15:27,40.28,9300,40.27,U
sh600584,长电科技,2025-10-17 11:15:30,40.27,7600,40.28,D
sh600584,长电科技,2025-10-17 11:15:35,40.28,6700,40.27,U
sh600584,长电科技,2025-10-17 11:15:39,40.27,8200,40.28,D
sh600584,长电科技,2025-10-17 11:16:00,40.28,20500,40.27,U
sh600584,长电科技,2025-10-17 11:16:08,40.28,5200,40.28,U
sh600584,长电科技,2025-10-17 11:16:12,40.28,5700,40.28,U
sh600584,长电科技,2025-10-17 11:16:14,40.28,21800,40.28,U
sh600584,长电科技,2025-10-17 11:16:17,40.28,8100,40.28,U
sh600584,长电科技,2025-10-17 11:16:23,40.27,12600,40.27,D
sh600584,长电科技,2025-10-17 11:16:32,40.27,5700,40.27,U
sh600584,长电科技,2025-10-17 11:16:38,40.26,6300,40.26,D
sh600584,长电科技,2025-10-17 11:16:44,40.28,8400,40.27,U
sh600584,长电科技,2025-10-17 11:17:03,40.28,5700,40.28,U
sh600584,长电科技,2025-10-17 11:17:05,40.28,12600,40.28,U
sh600584,长电科技,2025-10-17 11:17:08,40.28,89600,40.28,U
sh600584,长电科技,2025-10-17 11:17:12,40.3,76100,40.28,U
sh600584,长电科技,2025-10-17 11:17:15,40.31,23000,40.3,U
sh600584,长电科技,2025-10-17 11:17:23,40.35,12151,40.33,U
sh600584,长电科技,2025-10-17 11:17:45,40.35,13500,40.36,D
sh600584,长电科技,2025-10-17 11:17:51,40.34,12300,40.35,D
sh600584,长电科技,2025-10-17 11:17:56,40.33,8100,40.34,D
sh600584,长电科技,2025-10-17 11:18:12,40.32,16200,40.33,D
sh600584,长电科技,2025-10-17 11:18:21,40.31,6200,40.32,D
sh600584,长电科技,2025-10-17 11:18:30,40.32,7000,40.31,U
sh600584,长电科技,2025-10-17 11:18:38,40.31,11700,40.32,D
sh600584,长电科技,2025-10-17 11:18:45,40.31,6500,40.31,D
sh600584,长电科技,2025-10-17 11:18:53,40.3,8500,40.31,D
sh600584,长电科技,2025-10-17 11:18:56,40.3,7000,40.3,D
sh600584,长电科技,2025-10-17 11:19:03,40.3,5400,40.3,D
sh600584,长电科技,2025-10-17 11:19:05,40.29,17600,40.3,D
sh600584,长电科技,2025-10-17 11:19:15,40.25,68500,40.3,D
sh600584,长电科技,2025-10-17 11:19:17,40.25,14500,40.25,U
sh600584,长电科技,2025-10-17 11:19:24,40.24,11700,40.24,D
sh600584,长电科技,2025-10-17 11:19:26,40.25,62800,40.24,U
sh600584,长电科技,2025-10-17 11:20:12,40.28,7700,40.28,D
sh600584,长电科技,2025-10-17 11:20:18,40.29,9600,40.29,U
sh600584,长电科技,2025-10-17 11:20:21,40.29,10000,40.29,U
sh600584,长电科技,2025-10-17 11:20:27,40.29,11700,40.29,U
sh600584,长电科技,2025-10-17 11:20:33,40.3,6700,40.3,U
sh600584,长电科技,2025-10-17 11:21:14,40.32,28800,40.3,U
sh600584,长电科技,2025-10-17 11:21:20,40.31,5200,40.31,U
sh600584,长电科技,2025-10-17 11:21:24,40.32,18400,40.31,U
sh600584,长电科技,2025-10-17 11:21:26,40.32,5400,40.32,U
sh600584,长电科技,2025-10-17 11:21:29,40.31,8200,40.32,D
sh600584,长电科技,2025-10-17 11:21:35,40.35,27100,40.32,U
sh600584,长电科技,2025-10-17 11:21:38,40.36,6400,40.35,U
sh600584,长电科技,2025-10-17 11:21:50,40.36,14100,40.36,D
sh600584,长电科技,2025-10-17 11:21:57,40.36,8300,40.36,U
sh600584,长电科技,2025-10-17 11:22:05,40.36,25900,40.35,U
sh600584,长电科技,2025-10-17 11:22:32,40.38,10800,40.39,D
sh600584,长电科技,2025-10-17 11:22:35,40.38,8300,40.38,D
sh600584,长电科技,2025-10-17 11:22:42,40.35,27100,40.38,D
sh600584,长电科技,2025-10-17 11:22:47,40.37,31200,40.37,U
sh600584,长电科技,2025-10-17 11:23:02,40.34,6100,40.35,D
sh600584,长电科技,2025-10-17 11:23:06,40.31,5800,40.34,D
sh600584,长电科技,2025-10-17 11:23:09,40.35,6400,40.31,U
sh600584,长电科技,2025-10-17 11:23:41,40.31,15200,40.31,D
sh600584,长电科技,2025-10-17 11:24:06,40.33,12300,40.32,U
sh600584,长电科技,2025-10-17 11:24:48,40.31,39900,40.32,D
sh600584,长电科技,2025-10-17 11:24:57,40.29,16900,40.3,D
sh600584,长电科技,2025-10-17 11:24:59,40.27,27500,40.29,D
sh600584,长电科技,2025-10-17 11:25:03,40.27,20700,40.27,D
sh600584,长电科技,2025-10-17 11:25:17,40.25,5500,40.26,D
sh600584,长电科技,2025-10-17 11:25:21,40.25,10500,40.25,D
sh600584,长电科技,2025-10-17 11:25:23,40.26,6700,40.25,U
sh600584,长电科技,2025-10-17 11:25:26,40.25,6200,40.26,D
sh600584,长电科技,2025-10-17 11:25:36,40.25,12400,40.25,D
sh600584,长电科技,2025-10-17 11:26:05,40.25,5900,40.26,D
sh600584,长电科技,2025-10-17 11:26:09,40.25,44500,40.25,D
sh600584,长电科技,2025-10-17 11:26:17,40.24,7800,40.25,D
sh600584,长电科技,2025-10-17 11:26:27,40.23,5000,40.24,D
sh600584,长电科技,2025-10-17 11:26:29,40.23,13000,40.23,D
sh600584,长电科技,2025-10-17 11:26:35,40.24,10400,40.23,U
sh600584,长电科技,2025-10-17 11:26:42,40.23,9000,40.24,D
sh600584,长电科技,2025-10-17 11:26:50,40.23,17200,40.23,U
sh600584,长电科技,2025-10-17 11:27:05,40.23,8600,40.22,U
sh600584,长电科技,2025-10-17 11:27:09,40.22,6300,40.23,D
sh600584,长电科技,2025-10-17 11:27:12,40.22,13600,40.22,U
sh600584,长电科技,2025-10-17 11:27:14,40.22,6400,40.22,D
sh600584,长电科技,2025-10-17 11:27:18,40.22,6300,40.22,D
sh600584,长电科技,2025-10-17 11:27:21,40.22,35600,40.22,D
sh600584,长电科技,2025-10-17 11:27:27,40.2,303000,40.22,D
sh600584,长电科技,2025-10-17 11:27:30,40.21,8800,40.2,E
sh600584,长电科技,2025-10-17 11:27:33,40.2,16200,40.21,D
sh600584,长电科技,2025-10-17 11:27:39,40.2,5300,40.2,D
sh600584,长电科技,2025-10-17 11:27:45,40.19,12500,40.19,D
sh600584,长电科技,2025-10-17 11:27:50,40.19,11800,40.19,U
sh600584,长电科技,2025-10-17 11:27:54,40.18,63300,40.19,D
sh600584,长电科技,2025-10-17 11:27:57,40.19,11900,40.18,U
sh600584,长电科技,2025-10-17 11:27:59,40.19,10900,40.19,D
sh600584,长电科技,2025-10-17 11:28:03,40.19,6500,40.19,D
sh600584,长电科技,2025-10-17 11:28:06,40.2,6000,40.19,U
sh600584,长电科技,2025-10-17 11:28:12,40.19,11500,40.2,D
sh600584,长电科技,2025-10-17 11:28:14,40.21,16100,40.19,U
sh600584,长电科技,2025-10-17 11:28:32,40.2,5600,40.21,D
sh600584,长电科技,2025-10-17 11:28:42,40.22,5100,40.21,U
sh600584,长电科技,2025-10-17 11:28:45,40.21,10700,40.22,U
sh600584,长电科技,2025-10-17 11:28:47,40.2,13100,40.21,D
sh600584,长电科技,2025-10-17 11:28:54,40.2,18500,40.21,D
sh600584,长电科技,2025-10-17 11:28:59,40.2,5300,40.2,U
sh600584,长电科技,2025-10-17 11:29:03,40.2,15400,40.2,U
sh600584,长电科技,2025-10-17 11:29:12,40.19,7200,40.19,U
sh600584,长电科技,2025-10-17 11:29:15,40.16,35300,40.19,D
sh600584,长电科技,2025-10-17 11:29:23,40.16,93900,40.18,D
sh600584,长电科技,2025-10-17 11:29:42,40.14,16400,40.14,D
sh600584,长电科技,2025-10-17 11:29:45,40.14,53100,40.14,D
sh600584,长电科技,2025-10-17 11:29:48,40.15,21400,40.14,U
sh600584,长电科技,2025-10-17 11:29:50,40.14,10300,40.15,D
sh600584,长电科技,2025-10-17 11:29:53,40.14,9200,40.14,U
sh600584,长电科技,2025-10-17 13:00:03,40.11,72200,40.12,D
sh600584,长电科技,2025-10-17 13:00:05,40.11,210900,40.11,U
sh600584,长电科技,2025-10-17 13:00:09,40.12,71100,40.11,U
sh600584,长电科技,2025-10-17 13:00:11,40.1,94500,40.12,D
sh600584,长电科技,2025-10-17 13:00:14,40.1,26300,40.1,U
sh600584,长电科技,2025-10-17 13:00:21,40.08,9500,40.08,D
sh600584,长电科技,2025-10-17 13:00:24,40.08,19900,40.08,D
sh600584,长电科技,2025-10-17 13:00:27,40.08,11000,40.08,D
sh600584,长电科技,2025-10-17 13:00:30,40.07,6900,40.08,D
sh600584,长电科技,2025-10-17 13:00:33,40.07,7700,40.07,D
sh600584,长电科技,2025-10-17 13:00:36,40.07,9400,40.07,D
sh600584,长电科技,2025-10-17 13:00:39,40.07,6200,40.07,D
sh600584,长电科技,2025-10-17 13:00:41,40.08,7200,40.07,U
sh600584,长电科技,2025-10-17 13:00:45,40.08,17800,40.08,U
sh600584,长电科技,2025-10-17 13:00:48,40.07,6900,40.08,D
sh600584,长电科技,2025-10-17 13:00:51,40.07,33800,40.07,D
sh600584,长电科技,2025-10-17 13:00:57,40.06,15400,40.06,D
sh600584,长电科技,2025-10-17 13:00:59,40.06,45300,40.06,D
sh600584,长电科技,2025-10-17 13:01:03,40.06,8400,40.06,U
sh600584,长电科技,2025-10-17 13:01:06,40.05,36300,40.06,D
sh600584,长电科技,2025-10-17 13:01:08,40.05,24500,40.05,D
sh600584,长电科技,2025-10-17 13:01:12,40.04,189000,40.05,D
sh600584,长电科技,2025-10-17 13:01:18,40.03,54000,40.03,D
sh600584,长电科技,2025-10-17 13:01:21,40.03,6700,40.03,D
sh600584,长电科技,2025-10-17 13:01:24,40.03,103300,40.03,D
sh600584,长电科技,2025-10-17 13:01:27,40.02,16300,40.03,D
sh600584,长电科技,2025-10-17 13:01:30,40.02,14800,40.02,D
sh600584,长电科技,2025-10-17 13:01:33,40.01,106500,40.02,D
sh600584,长电科技,2025-10-17 13:01:36,40.02,51000,40.01,U
sh600584,长电科技,2025-10-17 13:01:38,40.01,30800,40.02,D
sh600584,长电科技,2025-10-17 13:01:42,40.02,50200,40.01,U
sh600584,长电科技,2025-10-17 13:01:45,40.02,11800,40.02,U
sh600584,长电科技,2025-10-17 13:01:48,40.02,16800,40.02,U
sh600584,长电科技,2025-10-17 13:01:51,40.02,11900,40.02,U
sh600584,长电科技,2025-10-17 13:01:54,40.02,22900,40.02,U
sh600584,长电科技,2025-10-17 13:01:57,40.02,8100,40.02,D
sh600584,长电科技,2025-10-17 13:02:00,40.02,15700,40.02,D
sh600584,长电科技,2025-10-17 13:02:03,40.02,21600,40.02,D
sh600584,长电科技,2025-10-17 13:02:06,40.03,9300,40.02,U
sh600584,长电科技,2025-10-17 13:02:09,40.01,22600,40.03,D
sh600584,长电科技,2025-10-17 13:02:12,40.02,16700,40.01,E
sh600584,长电科技,2025-10-17 13:02:15,40.02,49600,40.02,U
sh600584,长电科技,2025-10-17 13:02:17,40.01,37500,40.02,D
sh600584,长电科技,2025-10-17 13:02:21,40.01,166800,40.01,D
sh600584,长电科技,2025-10-17 13:02:24,40.02,24900,40.01,U
sh600584,长电科技,2025-10-17 13:02:27,40.01,5300,40.02,D
sh600584,长电科技,2025-10-17 13:02:30,40.01,197700,40.01,D
sh600584,长电科技,2025-10-17 13:02:33,40.01,61700,40.01,U
sh600584,长电科技,2025-10-17 13:02:36,40.0,9300,40.01,D
sh600584,长电科技,2025-10-17 13:02:38,40.0,129500,40.0,D
sh600584,长电科技,2025-10-17 13:02:42,40.0,160100,40.0,D
sh600584,长电科技,2025-10-17 13:02:45,40.01,28700,40.0,U
sh600584,长电科技,2025-10-17 13:02:47,40.01,39300,40.01,U
sh600584,长电科技,2025-10-17 13:02:51,40.01,291800,40.01,U
sh600584,长电科技,2025-10-17 13:02:54,40.01,38400,40.01,U
sh600584,长电科技,2025-10-17 13:02:57,40.0,45400,40.01,D
sh600584,长电科技,2025-10-17 13:03:00,40.01,52000,40.0,U
sh600584,长电科技,2025-10-17 13:03:03,40.01,58800,40.01,U
sh600584,长电科技,2025-10-17 13:03:06,40.01,28900,40.01,U
sh600584,长电科技,2025-10-17 13:03:09,40.0,10800,40.01,D
sh600584,长电科技,2025-10-17 13:03:12,40.01,9200,40.0,D
sh600584,长电科技,2025-10-17 13:03:15,40.01,14400,40.01,D
sh600584,长电科技,2025-10-17 13:03:18,40.01,5000,40.01,D
sh600584,长电科技,2025-10-17 13:03:21,40.02,14100,40.01,U
sh600584,长电科技,2025-10-17 13:03:24,40.02,12700,40.02,U
sh600584,长电科技,2025-10-17 13:03:27,40.02,6400,40.02,U
sh600584,长电科技,2025-10-17 13:03:30,40.02,7400,40.02,U
sh600584,长电科技,2025-10-17 13:03:33,40.03,6000,40.02,U
sh600584,长电科技,2025-10-17 13:03:54,40.06,16000,40.06,D
sh600584,长电科技,2025-10-17 13:04:02,40.09,16100,40.09,D
sh600584,长电科技,2025-10-17 13:04:06,40.09,12700,40.09,U
sh600584,长电科技,2025-10-17 13:04:11,40.1,10100,40.09,U
sh600584,长电科技,2025-10-17 13:04:15,40.09,7900,40.1,D
sh600584,长电科技,2025-10-17 13:04:18,40.1,18100,40.09,U
sh600584,长电科技,2025-10-17 13:04:20,40.09,7500,40.1,D
sh600584,长电科技,2025-10-17 13:04:24,40.09,9600,40.09,U
sh600584,长电科技,2025-10-17 13:04:27,40.07,10100,40.09,D
sh600584,长电科技,2025-10-17 13:04:29,40.05,41000,40.07,D
sh600584,长电科技,2025-10-17 13:04:33,40.05,18800,40.05,D
sh600584,长电科技,2025-10-17 13:04:35,40.07,26400,40.05,U
sh600584,长电科技,2025-10-17 13:04:39,40.08,15100,40.07,E
sh600584,长电科技,2025-10-17 13:04:42,40.07,12400,40.08,D
sh600584,长电科技,2025-10-17 13:04:45,40.07,6100,40.07,D
sh600584,长电科技,2025-10-17 13:04:50,40.1,15500,40.07,U
sh600584,长电科技,2025-10-17 13:04:57,40.08,10200,40.07,E
sh600584,长电科技,2025-10-17 13:04:59,40.07,7300,40.08,D
sh600584,长电科技,2025-10-17 13:05:03,40.08,19400,40.07,U
sh600584,长电科技,2025-10-17 13:05:09,40.08,7800,40.08,U
sh600584,长电科技,2025-10-17 13:05:15,40.1,22700,40.09,U
sh600584,长电科技,2025-10-17 13:05:18,40.09,13800,40.1,D
sh600584,长电科技,2025-10-17 13:05:20,40.09,8100,40.09,D
sh600584,长电科技,2025-10-17 13:05:23,40.08,7500,40.09,D
sh600584,长电科技,2025-10-17 13:05:27,40.08,10200,40.08,D
sh600584,长电科技,2025-10-17 13:05:30,40.09,14000,40.08,U
sh600584,长电科技,2025-10-17 13:05:32,40.08,12400,40.09,D
sh600584,长电科技,2025-10-17 13:05:39,40.09,8600,40.09,D
sh600584,长电科技,2025-10-17 13:05:47,40.09,8500,40.09,U
sh600584,长电科技,2025-10-17 13:05:50,40.09,7100,40.09,U
sh600584,长电科技,2025-10-17 13:05:53,40.08,7500,40.09,D
sh600584,长电科技,2025-10-17 13:05:57,40.08,10700,40.08,D
sh600584,长电科技,2025-10-17 13:05:59,40.08,7800,40.08,D
sh600584,长电科技,2025-10-17 13:06:08,40.12,260200,40.1,U
sh600584,长电科技,2025-10-17 13:06:11,40.14,9400,40.12,U
sh600584,长电科技,2025-10-17 13:06:23,40.15,11600,40.14,U
sh600584,长电科技,2025-10-17 13:06:27,40.15,8700,40.15,U
sh600584,长电科技,2025-10-17 13:06:29,40.15,12000,40.15,U
sh600584,长电科技,2025-10-17 13:06:33,40.14,7300,40.15,U
sh600584,长电科技,2025-10-17 13:06:36,40.14,11500,40.14,E
sh600584,长电科技,2025-10-17 13:06:39,40.11,6200,40.14,D
sh600584,长电科技,2025-10-17 13:06:41,40.12,5100,40.11,U
sh600584,长电科技,2025-10-17 13:06:51,40.13,7200,40.12,U
sh600584,长电科技,2025-10-17 13:06:54,40.12,12700,40.13,D
sh600584,长电科技,2025-10-17 13:06:56,40.12,5900,40.12,D
sh600584,长电科技,2025-10-17 13:06:59,40.13,15300,40.12,U
sh600584,长电科技,2025-10-17 13:07:03,40.05,146100,40.13,D
sh600584,长电科技,2025-10-17 13:07:05,40.05,28800,40.05,U
sh600584,长电科技,2025-10-17 13:07:12,40.05,6700,40.08,E
sh600584,长电科技,2025-10-17 13:07:26,40.06,28500,40.06,U
sh600584,长电科技,2025-10-17 13:07:30,40.06,7900,40.06,U
sh600584,长电科技,2025-10-17 13:07:35,40.05,8400,40.05,D
sh600584,长电科技,2025-10-17 13:07:42,40.05,16600,40.05,U
sh600584,长电科技,2025-10-17 13:07:44,40.04,44800,40.05,U
sh600584,长电科技,2025-10-17 13:07:47,40.04,8700,40.04,U
sh600584,长电科技,2025-10-17 13:07:54,40.02,51200,40.02,D
sh600584,长电科技,2025-10-17 13:07:59,40.02,10000,40.02,D
sh600584,长电科技,2025-10-17 13:08:03,40.02,5300,40.02,U
sh600584,长电科技,2025-10-17 13:08:06,40.02,20600,40.02,U
sh600584,长电科技,2025-10-17 13:08:09,40.02,16800,40.02,U
sh600584,长电科技,2025-10-17 13:08:11,40.01,10100,40.02,D
sh600584,长电科技,2025-10-17 13:08:15,40.02,12100,40.01,U
sh600584,长电科技,2025-10-17 13:08:18,40.01,31100,40.02,D
sh600584,长电科技,2025-10-17 13:08:21,40.01,17900,40.01,D
sh600584,长电科技,2025-10-17 13:08:24,40.01,18000,40.01,D
sh600584,长电科技,2025-10-17 13:08:30,40.0,12500,40.0,D
sh600584,长电科技,2025-10-17 13:08:35,40.01,9000,40.01,D
sh600584,长电科技,2025-10-17 13:08:38,40.01,14000,40.01,D
sh600584,长电科技,2025-10-17 13:08:42,40.0,10300,40.01,D
sh600584,长电科技,2025-10-17 13:08:48,40.01,17200,40.01,U
sh600584,长电科技,2025-10-17 13:08:51,40.01,9500,40.01,U
sh600584,长电科技,2025-10-17 13:08:54,40.01,48300,40.01,U
sh600584,长电科技,2025-10-17 13:08:57,40.01,8500,40.01,U
sh600584,长电科技,2025-10-17 13:09:00,40.01,13200,40.01,D
sh600584,长电科技,2025-10-17 13:09:03,40.0,10400,40.01,D
sh600584,长电科技,2025-10-17 13:09:06,40.0,14100,40.0,D
sh600584,长电科技,2025-10-17 13:09:08,40.0,55700,40.0,D
sh600584,长电科技,2025-10-17 13:09:12,40.01,10300,40.0,D
sh600584,长电科技,2025-10-17 13:09:14,40.01,22000,40.01,D
sh600584,长电科技,2025-10-17 13:09:18,40.01,14400,40.01,D
sh600584,长电科技,2025-10-17 13:09:21,40.01,5000,40.01,U
sh600584,长电科技,2025-10-17 13:09:36,40.02,30700,40.03,D
sh600584,长电科技,2025-10-17 13:09:42,40.03,5300,40.03,D
sh600584,长电科技,2025-10-17 13:09:45,40.03,6000,40.03,U
sh600584,长电科技,2025-10-17 13:09:48,40.05,5100,40.03,U
sh600584,长电科技,2025-10-17 13:09:51,40.05,5900,40.05,D
sh600584,长电科技,2025-10-17 13:09:53,40.06,10600,40.05,U
sh600584,长电科技,2025-10-17 13:09:59,40.07,6500,40.06,U
sh600584,长电科技,2025-10-17 13:10:06,40.09,9700,40.06,U
sh600584,长电科技,2025-10-17 13:10:14,40.08,9400,40.08,D
sh600584,长电科技,2025-10-17 13:10:21,40.05,53000,40.09,D
sh600584,长电科技,2025-10-17 13:10:24,40.05,16600,40.05,U
sh600584,长电科技,2025-10-17 13:10:30,40.06,6900,40.06,U
sh600584,长电科技,2025-10-17 13:10:39,40.05,8700,40.05,D
sh600584,长电科技,2025-10-17 13:10:41,40.05,8600,40.05,U
sh600584,长电科技,2025-10-17 13:10:45,40.05,6500,40.05,U
sh600584,长电科技,2025-10-17 13:10:48,40.03,13600,40.05,D
sh600584,长电科技,2025-10-17 13:10:51,40.05,22800,40.03,U
sh600584,长电科技,2025-10-17 13:10:54,40.03,11900,40.05,D
sh600584,长电科技,2025-10-17 13:10:57,40.04,6800,40.03,U
sh600584,长电科技,2025-10-17 13:11:00,40.03,12900,40.04,D
sh600584,长电科技,2025-10-17 13:11:03,40.04,16800,40.03,U
sh600584,长电科技,2025-10-17 13:11:05,40.03,7800,40.04,D
sh600584,长电科技,2025-10-17 13:11:08,40.03,11500,40.03,U
sh600584,长电科技,2025-10-17 13:11:12,40.03,18400,40.03,U
sh600584,长电科技,2025-10-17 13:11:15,40.02,18900,40.03,D
sh600584,长电科技,2025-10-17 13:11:18,40.02,11400,40.02,D
sh600584,长电科技,2025-10-17 13:11:20,40.02,9200,40.02,D
sh600584,长电科技,2025-10-17 13:11:24,40.03,21200,40.02,U
sh600584,长电科技,2025-10-17 13:11:26,40.02,6200,40.03,D
sh600584,长电科技,2025-10-17 13:11:30,40.02,10600,40.02,U
sh600584,长电科技,2025-10-17 13:11:32,40.01,8700,40.02,D
sh600584,长电科技,2025-10-17 13:11:36,40.02,13700,40.01,U
sh600584,长电科技,2025-10-17 13:11:39,40.02,16500,40.02,U
sh600584,长电科技,2025-10-17 13:11:42,40.01,10500,40.02,D
sh600584,长电科技,2025-10-17 13:11:45,40.02,7200,40.01,D
sh600584,长电科技,2025-10-17 13:11:48,40.01,23600,40.02,D
sh600584,长电科技,2025-10-17 13:11:54,40.02,8400,40.03,D
sh600584,长电科技,2025-10-17 13:11:57,40.01,9100,40.02,D
sh600584,长电科技,2025-10-17 13:11:59,40.02,7485,40.01,U
sh600584,长电科技,2025-10-17 13:12:12,40.03,9600,40.03,D
sh600584,长电科技,2025-10-17 13:12:15,40.03,20600,40.03,D
sh600584,长电科技,2025-10-17 13:12:18,40.04,6900,40.03,U
sh600584,长电科技,2025-10-17 13:12:21,40.03,23900,40.04,D
sh600584,长电科技,2025-10-17 13:12:24,40.03,8500,40.03,U
sh600584,长电科技,2025-10-17 13:12:27,40.03,11300,40.03,U
sh600584,长电科技,2025-10-17 13:12:30,40.02,10300,40.03,D
sh600584,长电科技,2025-10-17 13:12:33,40.01,80915,40.02,D
sh600584,长电科技,2025-10-17 13:12:35,40.02,23300,40.01,D
sh600584,长电科技,2025-10-17 13:12:39,40.02,12485,40.02,U
sh600584,长电科技,2025-10-17 13:12:41,40.02,8000,40.02,D
sh600584,长电科技,2025-10-17 13:12:51,40.02,21715,40.02,D
sh600584,长电科技,2025-10-17 13:12:57,40.02,5700,40.02,U
sh600584,长电科技,2025-10-17 13:13:00,40.02,14800,40.02,U
sh600584,长电科技,2025-10-17 13:13:03,40.01,7600,40.02,D
sh600584,长电科技,2025-10-17 13:13:06,40.01,10400,40.01,D
sh600584,长电科技,2025-10-17 13:13:12,40.01,6900,40.01,D
sh600584,长电科技,2025-10-17 13:13:15,40.02,5000,40.01,U
sh600584,长电科技,2025-10-17 13:13:23,40.02,9100,40.01,U
sh600584,长电科技,2025-10-17 13:13:27,40.02,7300,40.02,D
sh600584,长电科技,2025-10-17 13:13:30,40.02,8100,40.02,U
sh600584,长电科技,2025-10-17 13:13:33,40.02,6400,40.02,U
sh600584,长电科技,2025-10-17 13:13:36,40.02,11500,40.02,U
sh600584,长电科技,2025-10-17 13:13:39,40.02,8200,40.02,D
sh600584,长电科技,2025-10-17 13:13:54,40.03,11785,40.03,U
sh600584,长电科技,2025-10-17 13:14:03,40.03,6600,40.03,D
sh600584,长电科技,2025-10-17 13:14:06,40.02,9715,40.03,D
sh600584,长电科技,2025-10-17 13:14:09,40.02,12800,40.02,D
sh600584,长电科技,2025-10-17 13:14:24,40.02,32600,40.02,D
sh600584,长电科技,2025-10-17 13:14:29,40.03,11485,40.03,U
sh600584,长电科技,2025-10-17 13:14:45,40.03,6900,40.03,U
sh600584,长电科技,2025-10-17 13:14:47,40.04,9185,40.03,U
sh600584,长电科技,2025-10-17 13:14:57,40.04,20900,40.03,E
sh600584,长电科技,2025-10-17 13:15:15,40.04,12400,40.05,D
sh600584,长电科技,2025-10-17 13:15:18,40.06,11300,40.04,U
sh600584,长电科技,2025-10-17 13:15:20,40.08,17000,40.06,U
sh600584,长电科技,2025-10-17 13:15:33,40.1,7500,40.1,U
sh600584,长电科技,2025-10-17 13:15:36,40.12,8500,40.1,U
sh600584,长电科技,2025-10-17 13:15:41,40.11,8800,40.12,D
sh600584,长电科技,2025-10-17 13:15:45,40.12,6300,40.11,U
sh600584,长电科技,2025-10-17 13:15:48,40.12,17100,40.12,U
sh600584,长电科技,2025-10-17 13:15:54,40.12,16300,40.12,D
sh600584,长电科技,2025-10-17 13:16:00,40.11,11900,40.12,D
sh600584,长电科技,2025-10-17 13:16:03,40.09,46000,40.11,D
sh600584,长电科技,2025-10-17 13:16:05,40.09,5100,40.09,U
sh600584,长电科技,2025-10-17 13:16:09,40.09,7500,40.09,U
sh600584,长电科技,2025-10-17 13:16:12,40.09,7000,40.09,U
sh600584,长电科技,2025-10-17 13:16:15,40.09,8500,40.09,D
sh600584,长电科技,2025-10-17 13:16:20,40.06,5600,40.09,D
sh600584,长电科技,2025-10-17 13:16:24,40.01,97015,40.06,D
sh600584,长电科技,2025-10-17 13:16:27,40.01,11900,40.01,D
sh600584,长电科技,2025-10-17 13:16:29,40.02,7100,40.01,U
sh600584,长电科技,2025-10-17 13:16:32,40.02,6300,40.02,U
sh600584,长电科技,2025-10-17 13:16:39,40.01,15200,40.02,D
sh600584,长电科技,2025-10-17 13:16:45,40.01,19000,40.01,D
sh600584,长电科技,2025-10-17 13:16:48,40.01,5500,40.01,D
sh600584,长电科技,2025-10-17 13:16:54,40.02,32900,40.01,U
sh600584,长电科技,2025-10-17 13:16:56,40.01,8100,40.02,D
sh600584,长电科技,2025-10-17 13:17:03,40.02,17400,40.02,U
sh600584,长电科技,2025-10-17 13:17:09,40.02,5000,40.02,U
sh600584,长电科技,2025-10-17 13:17:14,40.01,19200,40.02,D
sh600584,长电科技,2025-10-17 13:17:18,40.01,16400,40.01,U
sh600584,长电科技,2025-10-17 13:17:20,40.01,50400,40.01,U
sh600584,长电科技,2025-10-17 13:17:27,40.01,20800,40.01,U
sh600584,长电科技,2025-10-17 13:17:30,40.01,7300,40.01,U
sh600584,长电科技,2025-10-17 13:17:33,40.0,10900,40.01,D
sh600584,长电科技,2025-10-17 13:17:36,40.0,26000,40.0,D
sh600584,长电科技,2025-10-17 13:17:42,40.01,15500,40.0,U
sh600584,长电科技,2025-10-17 13:17:44,40.0,26100,40.01,D
sh600584,长电科技,2025-10-17 13:17:48,40.0,11500,40.0,D
sh600584,长电科技,2025-10-17 13:17:50,40.0,11500,40.0,D
sh600584,长电科技,2025-10-17 13:17:54,40.01,11700,40.0,U
sh600584,长电科技,2025-10-17 13:17:57,40.0,47300,40.01,D
sh600584,长电科技,2025-10-17 13:18:00,40.0,23800,40.0,D
sh600584,长电科技,2025-10-17 13:18:02,40.01,11100,40.0,U
sh600584,长电科技,2025-10-17 13:18:06,40.0,26100,40.01,D
sh600584,长电科技,2025-10-17 13:18:12,40.0,10800,40.0,D
sh600584,长电科技,2025-10-17 13:18:15,40.01,10600,40.0,U
sh600584,长电科技,2025-10-17 13:18:17,40.0,14700,40.01,D
sh600584,长电科技,2025-10-17 13:18:21,40.01,5300,40.0,U
sh600584,长电科技,2025-10-17 13:18:26,40.01,6700,40.01,E
sh600584,长电科技,2025-10-17 13:18:29,40.01,5600,40.01,U
sh600584,长电科技,2025-10-17 13:18:35,40.01,7900,40.01,U
sh600584,长电科技,2025-10-17 13:18:42,40.02,17500,40.01,U
sh600584,长电科技,2025-10-17 13:18:48,40.01,5500,40.01,U
sh600584,长电科技,2025-10-17 13:18:50,40.01,8800,40.01,U
sh600584,长电科技,2025-10-17 13:18:53,39.99,325500,40.01,D
sh600584,长电科技,2025-10-17 13:18:57,39.98,137900,39.99,D
sh600584,长电科技,2025-10-17 13:18:59,39.98,53100,39.98,D
sh600584,长电科技,2025-10-17 13:19:03,39.97,27300,39.98,D
sh600584,长电科技,2025-10-17 13:19:05,39.97,16400,39.97,D
sh600584,长电科技,2025-10-17 13:19:09,39.98,19400,39.97,U
sh600584,长电科技,2025-10-17 13:19:12,39.97,19500,39.98,D
sh600584,长电科技,2025-10-17 13:19:15,39.96,22100,39.97,D
sh600584,长电科技,2025-10-17 13:19:18,39.97,20500,39.96,U
sh600584,长电科技,2025-10-17 13:19:20,39.96,20200,39.97,D
sh600584,长电科技,2025-10-17 13:19:24,39.96,7100,39.96,U
sh600584,长电科技,2025-10-17 13:19:27,39.95,10500,39.96,D
sh600584,长电科技,2025-10-17 13:19:30,39.96,48300,39.95,U
sh600584,长电科技,2025-10-17 13:19:32,39.96,43300,39.96,U
sh600584,长电科技,2025-10-17 13:19:35,39.95,9500,39.96,U
sh600584,长电科技,2025-10-17 13:19:39,39.93,8100,39.95,D
sh600584,长电科技,2025-10-17 13:19:42,39.94,8200,39.93,U
sh600584,长电科技,2025-10-17 13:19:45,39.93,17800,39.94,D
sh600584,长电科技,2025-10-17 13:19:48,39.93,17600,39.93,D
sh600584,长电科技,2025-10-17 13:19:51,39.93,8500,39.93,D
sh600584,长电科技,2025-10-17 13:19:54,39.92,7300,39.93,D
sh600584,长电科技,2025-10-17 13:19:57,39.92,36900,39.92,D
sh600584,长电科技,2025-10-17 13:19:59,39.93,218700,39.92,U
sh600584,长电科技,2025-10-17 13:20:03,39.94,34400,39.93,D
sh600584,长电科技,2025-10-17 13:20:06,39.93,9300,39.94,D
sh600584,长电科技,2025-10-17 13:20:12,39.94,12700,39.94,U
sh600584,长电科技,2025-10-17 13:20:15,39.94,26900,39.94,U
sh600584,长电科技,2025-10-17 13:20:17,39.93,15400,39.94,D
sh600584,长电科技,2025-10-17 13:20:21,39.93,33700,39.93,U
sh600584,长电科技,2025-10-17 13:20:24,39.92,19700,39.93,D
sh600584,长电科技,2025-10-17 13:20:27,39.92,48500,39.92,U
sh600584,长电科技,2025-10-17 13:20:30,39.92,40800,39.92,U
sh600584,长电科技,2025-10-17 13:20:33,39.94,194085,39.92,U
sh600584,长电科技,2025-10-17 13:20:36,39.94,16500,39.94,D
sh600584,长电科技,2025-10-17 13:20:39,39.94,31000,39.94,D
sh600584,长电科技,2025-10-17 13:20:41,39.95,5600,39.94,E
sh600584,长电科技,2025-10-17 13:20:45,39.94,18900,39.95,D
