symbol,name,ticktime,price,volume,prev_price,kind
sh600584,长电科技,2025-10-28 09:25:00,42.02,1084400,0.0,D
sh600584,长电科技,2025-10-28 09:30:00,42.01,14700,42.02,D
sh600584,长电科技,2025-10-28 09:30:03,42.01,220200,42.01,D
sh600584,长电科技,2025-10-28 09:30:06,41.9,133900,42.01,D
sh600584,长电科技,2025-10-28 09:30:09,41.89,147000,41.9,E
sh600584,长电科技,2025-10-28 09:30:12,41.92,124700,41.89,U
sh600584,长电科技,2025-10-28 09:30:15,41.9,123700,41.92,E
sh600584,长电科技,2025-10-28 09:30:18,41.94,197800,41.9,U
sh600584,长电科技,2025-10-28 09:30:21,41.81,85900,41.94,D
sh600584,长电科技,2025-10-28 09:30:24,41.9,125200,41.81,U
sh600584,长电科技,2025-10-28 09:30:27,41.88,126700,41.9,D
sh600584,长电科技,2025-10-28 09:30:30,41.94,398800,41.88,U
sh600584,长电科技,2025-10-28 09:30:33,41.91,161200,41.94,D
sh600584,长电科技,2025-10-28 09:30:36,42.01,724400,41.91,U
sh600584,长电科技,2025-10-28 09:30:39,42.06,729696,42.01,U
sh600584,长电科技,2025-10-28 09:30:42,42.08,270000,42.06,U
sh600584,长电科技,2025-10-28 09:30:45,42.11,163200,42.08,U
sh600584,长电科技,2025-10-28 09:30:48,42.14,46300,42.11,U
sh600584,长电科技,2025-10-28 09:30:51,42.19,70100,42.14,U
sh600584,长电科技,2025-10-28 09:30:54,42.22,70000,42.19,U
sh600584,长电科技,2025-10-28 09:30:57,42.26,97000,42.22,U
sh600584,长电科技,2025-10-28 09:31:00,42.32,50205,42.26,U
sh600584,长电科技,2025-10-28 09:31:03,42.33,61500,42.32,U
sh600584,长电科技,2025-10-28 09:31:06,42.37,67000,42.33,U
sh600584,长电科技,2025-10-28 09:31:09,42.41,117300,42.37,U
sh600584,长电科技,2025-10-28 09:31:12,42.41,90600,42.41,U
sh600584,长电科技,2025-10-28 09:31:15,42.45,59900,42.41,U
sh600584,长电科技,2025-10-28 09:31:18,42.44,108000,42.45,E
sh600584,长电科技,2025-10-28 09:31:21,42.44,144700,42.44,U
sh600584,长电科技,2025-10-28 09:31:24,42.46,118800,42.44,U
sh600584,长电科技,2025-10-28 09:31:27,42.48,150400,42.46,U
sh600584,长电科技,2025-10-28 09:31:30,42.49,150300,42.48,U
sh600584,长电科技,2025-10-28 09:31:33,42.5,141100,42.49,U
sh600584,长电科技,2025-10-28 09:31:36,42.55,82400,42.5,U
sh600584,长电科技,2025-10-28 09:31:39,42.57,110500,42.55,U
sh600584,长电科技,2025-10-28 09:31:42,42.58,113500,42.57,U
sh600584,长电科技,2025-10-28 09:31:45,42.63,208400,42.58,U
sh600584,长电科技,2025-10-28 09:31:48,42.64,70600,42.63,U
sh600584,长电科技,2025-10-28 09:31:51,42.66,106600,42.64,U
sh600584,长电科技,2025-10-28 09:31:54,42.75,92400,42.66,U
sh600584,长电科技,2025-10-28 09:31:57,42.75,156400,42.75,U
sh600584,长电科技,2025-10-28 09:32:00,42.86,108500,42.75,U
sh600584,长电科技,2025-10-28 09:32:03,42.86,159500,42.86,U
sh600584,长电科技,2025-10-28 09:32:06,42.88,184900,42.86,U
sh600584,长电科技,2025-10-28 09:32:09,42.9,119900,42.88,U
sh600584,长电科技,2025-10-28 09:32:12,42.9,389100,42.9,D
sh600584,长电科技,2025-10-28 09:32:15,42.86,382400,42.9,D
sh600584,长电科技,2025-10-28 09:32:18,42.77,504000,42.86,D
sh600584,长电科技,2025-10-28 09:32:21,42.77,210800,42.77,U
sh600584,长电科技,2025-10-28 09:32:24,42.68,211400,42.77,D
sh600584,长电科技,2025-10-28 09:32:27,42.75,95700,42.68,U
sh600584,长电科技,2025-10-28 09:32:30,42.68,140200,42.75,D
sh600584,长电科技,2025-10-28 09:32:33,42.68,84300,42.68,U
sh600584,长电科技,2025-10-28 09:32:36,42.68,152400,42.68,U
sh600584,长电科技,2025-10-28 09:32:39,42.7,140200,42.68,U
sh600584,长电科技,2025-10-28 09:32:42,42.7,99100,42.7,D
sh600584,长电科技,2025-10-28 09:32:45,42.7,128800,42.7,D
sh600584,长电科技,2025-10-28 09:32:48,42.68,169900,42.7,E
sh600584,长电科技,2025-10-28 09:32:51,42.66,99200,42.68,E
sh600584,长电科技,2025-10-28 09:32:54,42.61,122400,42.66,D
sh600584,长电科技,2025-10-28 09:32:57,42.61,181986,42.61,U
sh600584,长电科技,2025-10-28 09:33:00,42.65,154900,42.61,U
sh600584,长电科技,2025-10-28 09:33:03,42.65,175300,42.65,D
sh600584,长电科技,2025-10-28 09:33:06,42.65,85000,42.65,U
sh600584,长电科技,2025-10-28 09:33:09,42.66,131000,42.65,U
sh600584,长电科技,2025-10-28 09:33:12,42.68,112800,42.66,U
sh600584,长电科技,2025-10-28 09:33:15,42.68,88800,42.68,U
sh600584,长电科技,2025-10-28 09:33:18,42.7,139900,42.68,U
sh600584,长电科技,2025-10-28 09:33:21,42.73,76900,42.7,U
sh600584,长电科技,2025-10-28 09:33:24,42.75,36400,42.73,U
sh600584,长电科技,2025-10-28 09:33:27,42.76,61500,42.75,U
sh600584,长电科技,2025-10-28 09:33:30,42.76,64000,42.76,U
sh600584,长电科技,2025-10-28 09:33:33,42.74,184100,42.76,D
sh600584,长电科技,2025-10-28 09:33:36,42.7,337900,42.74,D
sh600584,长电科技,2025-10-28 09:33:39,42.64,233700,42.7,D
sh600584,长电科技,2025-10-28 09:33:42,42.67,99100,42.64,U
sh600584,长电科技,2025-10-28 09:33:45,42.64,97600,42.67,U
sh600584,长电科技,2025-10-28 09:33:48,42.64,62400,42.64,U
sh600584,长电科技,2025-10-28 09:33:51,42.64,84600,42.64,U
sh600584,长电科技,2025-10-28 09:33:54,42.64,126000,42.64,D
sh600584,长电科技,2025-10-28 09:33:57,42.64,95700,42.64,D
sh600584,长电科技,2025-10-28 09:34:00,42.66,97300,42.64,E
sh600584,长电科技,2025-10-28 09:34:03,42.68,82100,42.66,U
sh600584,长电科技,2025-10-28 09:34:06,42.68,49400,42.68,D
sh600584,长电科技,2025-10-28 09:34:09,42.68,94800,42.68,D
sh600584,长电科技,2025-10-28 09:34:12,42.68,72500,42.68,D
sh600584,长电科技,2025-10-28 09:34:15,42.64,215600,42.68,D
sh600584,长电科技,2025-10-28 09:34:18,42.62,64500,42.64,D
sh600584,长电科技,2025-10-28 09:34:21,42.62,72500,42.62,U
sh600584,长电科技,2025-10-28 09:34:24,42.58,42200,42.62,D
sh600584,长电科技,2025-10-28 09:34:27,42.57,163000,42.58,D
sh600584,长电科技,2025-10-28 09:34:30,42.55,48000,42.57,D
sh600584,长电科技,2025-10-28 09:34:33,42.56,34100,42.55,U
sh600584,长电科技,2025-10-28 09:34:36,42.55,88500,42.56,E
sh600584,长电科技,2025-10-28 09:34:39,42.55,174201,42.55,U
sh600584,长电科技,2025-10-28 09:34:42,42.57,141700,42.55,U
sh600584,长电科技,2025-10-28 09:34:45,42.56,59800,42.57,D
sh600584,长电科技,2025-10-28 09:34:48,42.64,153700,42.56,U
sh600584,长电科技,2025-10-28 09:34:51,42.6,45500,42.64,E
sh600584,长电科技,2025-10-28 09:34:54,42.58,27900,42.6,D
sh600584,长电科技,2025-10-28 09:34:57,42.57,66500,42.58,D
sh600584,长电科技,2025-10-28 09:35:00,42.57,158700,42.57,U
sh600584,长电科技,2025-10-28 09:35:03,42.55,44100,42.57,D
sh600584,长电科技,2025-10-28 09:35:06,42.56,150400,42.55,U
sh600584,长电科技,2025-10-28 09:35:09,42.55,125700,42.56,D
sh600584,长电科技,2025-10-28 09:35:12,42.55,61300,42.55,D
sh600584,长电科技,2025-10-28 09:35:15,42.58,137900,42.55,U
sh600584,长电科技,2025-10-28 09:35:18,42.65,104700,42.58,U
sh600584,长电科技,2025-10-28 09:35:21,42.67,220500,42.65,U
sh600584,长电科技,2025-10-28 09:35:24,42.69,199600,42.67,U
sh600584,长电科技,2025-10-28 09:35:27,42.7,115600,42.69,U
sh600584,长电科技,2025-10-28 09:35:30,42.7,39800,42.7,D
sh600584,长电科技,2025-10-28 09:35:33,42.72,26900,42.7,D
sh600584,长电科技,2025-10-28 09:35:36,42.73,74405,42.72,D
sh600584,长电科技,2025-10-28 09:35:39,42.73,83000,42.73,D
sh600584,长电科技,2025-10-28 09:35:42,42.72,215395,42.73,D
sh600584,长电科技,2025-10-28 09:35:45,42.7,107100,42.72,E
sh600584,长电科技,2025-10-28 09:35:48,42.72,53900,42.7,U
sh600584,长电科技,2025-10-28 09:35:51,42.7,97300,42.72,D
sh600584,长电科技,2025-10-28 09:35:54,42.7,50600,42.7,U
sh600584,长电科技,2025-10-28 09:35:57,42.72,83300,42.7,U
sh600584,长电科技,2025-10-28 09:36:00,42.7,56258,42.72,E
sh600584,长电科技,2025-10-28 09:36:03,42.7,81242,42.7,D
sh600584,长电科技,2025-10-28 09:36:06,42.69,29063,42.7,D
sh600584,长电科技,2025-10-28 09:36:09,42.67,79042,42.69,D
sh600584,长电科技,2025-10-28 09:36:12,42.63,70300,42.67,D
sh600584,长电科技,2025-10-28 09:36:15,42.6,135400,42.63,D
sh600584,长电科技,2025-10-28 09:36:18,42.58,58200,42.6,D
sh600584,长电科技,2025-10-28 09:36:21,42.54,109100,42.58,D
sh600584,长电科技,2025-10-28 09:36:24,42.54,37100,42.54,U
sh600584,长电科技,2025-10-28 09:36:27,42.52,52300,42.54,D
sh600584,长电科技,2025-10-28 09:36:30,42.52,36000,42.52,U
sh600584,长电科技,2025-10-28 09:36:33,42.52,27400,42.52,U
sh600584,长电科技,2025-10-28 09:36:36,42.52,61000,42.52,D
sh600584,长电科技,2025-10-28 09:36:39,42.54,68000,42.52,E
sh600584,长电科技,2025-10-28 09:36:42,42.56,18000,42.54,E
sh600584,长电科技,2025-10-28 09:36:45,42.56,31900,42.56,D
sh600584,长电科技,2025-10-28 09:36:48,42.57,41700,42.56,U
sh600584,长电科技,2025-10-28 09:36:51,42.57,65000,42.57,D
sh600584,长电科技,2025-10-28 09:36:54,42.65,40600,42.57,U
sh600584,长电科技,2025-10-28 09:36:57,42.6,19700,42.65,D
sh600584,长电科技,2025-10-28 09:37:00,42.6,17800,42.6,D
sh600584,长电科技,2025-10-28 09:37:03,42.61,22600,42.6,U
sh600584,长电科技,2025-10-28 09:37:06,42.61,83500,42.61,U
sh600584,长电科技,2025-10-28 09:37:09,42.62,31900,42.61,E
sh600584,长电科技,2025-10-28 09:37:12,42.63,26200,42.62,U
sh600584,长电科技,2025-10-28 09:37:15,42.63,25642,42.63,U
sh600584,长电科技,2025-10-28 09:37:18,42.64,23200,42.63,U
sh600584,长电科技,2025-10-28 09:37:21,42.64,77600,42.64,D
sh600584,长电科技,2025-10-28 09:37:24,42.65,26500,42.64,U
sh600584,长电科技,2025-10-28 09:37:27,42.67,20200,42.65,U
sh600584,长电科技,2025-10-28 09:37:30,42.67,18700,42.67,U
sh600584,长电科技,2025-10-28 09:37:33,42.65,58900,42.67,D
sh600584,长电科技,2025-10-28 09:37:36,42.64,36100,42.65,D
sh600584,长电科技,2025-10-28 09:37:39,42.65,41200,42.64,E
sh600584,长电科技,2025-10-28 09:37:42,42.65,94300,42.65,D
sh600584,长电科技,2025-10-28 09:37:45,42.67,32500,42.65,U
sh600584,长电科技,2025-10-28 09:37:48,42.66,66900,42.67,E
sh600584,长电科技,2025-10-28 09:37:51,42.66,28000,42.66,D
sh600584,长电科技,2025-10-28 09:37:54,42.66,21900,42.66,D
sh600584,长电科技,2025-10-28 09:37:57,42.67,43800,42.66,U
sh600584,长电科技,2025-10-28 09:38:00,42.67,108800,42.67,U
sh600584,长电科技,2025-10-28 09:38:03,42.67,53500,42.67,D
sh600584,长电科技,2025-10-28 09:38:06,42.67,25700,42.67,D
sh600584,长电科技,2025-10-28 09:38:09,42.66,96000,42.67,D
sh600584,长电科技,2025-10-28 09:38:12,42.64,77700,42.66,D
sh600584,长电科技,2025-10-28 09:38:15,42.62,91158,42.64,D
sh600584,长电科技,2025-10-28 09:38:18,42.54,539800,42.62,D
sh600584,长电科技,2025-10-28 09:38:21,42.54,32000,42.54,D
sh600584,长电科技,2025-10-28 09:38:24,42.53,37600,42.54,D
sh600584,长电科技,2025-10-28 09:38:27,42.53,42300,42.53,U
sh600584,长电科技,2025-10-28 09:38:30,42.53,30500,42.53,U
sh600584,长电科技,2025-10-28 09:38:33,42.52,86500,42.53,D
sh600584,长电科技,2025-10-28 09:38:36,42.51,107900,42.52,D
sh600584,长电科技,2025-10-28 09:38:39,42.51,42500,42.51,U
sh600584,长电科技,2025-10-28 09:38:42,42.5,87300,42.51,D
sh600584,长电科技,2025-10-28 09:38:45,42.49,123100,42.5,D
sh600584,长电科技,2025-10-28 09:38:48,42.49,18800,42.49,D
sh600584,长电科技,2025-10-28 09:38:51,42.48,94700,42.49,D
sh600584,长电科技,2025-10-28 09:38:54,42.53,126900,42.48,U
sh600584,长电科技,2025-10-28 09:38:57,42.49,49700,42.53,D
sh600584,长电科技,2025-10-28 09:39:00,42.52,18500,42.49,E
sh600584,长电科技,2025-10-28 09:39:03,42.51,16700,42.52,D
sh600584,长电科技,2025-10-28 09:39:06,42.51,56500,42.51,D
sh600584,长电科技,2025-10-28 09:39:09,42.51,43200,42.51,U
sh600584,长电科技,2025-10-28 09:39:12,42.51,93400,42.51,D
sh600584,长电科技,2025-10-28 09:39:15,42.52,66600,42.51,E
sh600584,长电科技,2025-10-28 09:39:18,42.52,24600,42.52,D
sh600584,长电科技,2025-10-28 09:39:21,42.57,35000,42.52,U
sh600584,长电科技,2025-10-28 09:39:24,42.57,53900,42.57,D
sh600584,长电科技,2025-10-28 09:39:27,42.59,38400,42.57,U
sh600584,长电科技,2025-10-28 09:39:30,42.61,11200,42.59,U
sh600584,长电科技,2025-10-28 09:39:33,42.63,7200,42.61,U
sh600584,长电科技,2025-10-28 09:39:36,42.63,14400,42.63,U
sh600584,长电科技,2025-10-28 09:39:39,42.63,17900,42.63,D
sh600584,长电科技,2025-10-28 09:39:42,42.63,22600,42.63,U
sh600584,长电科技,2025-10-28 09:39:45,42.63,27900,42.63,U
sh600584,长电科技,2025-10-28 09:39:48,42.62,36500,42.63,D
sh600584,长电科技,2025-10-28 09:39:51,42.63,60400,42.62,U
sh600584,长电科技,2025-10-28 09:39:54,42.62,49000,42.63,U
sh600584,长电科技,2025-10-28 09:39:57,42.6,11800,42.62,D
sh600584,长电科技,2025-10-28 09:40:00,42.6,35600,42.6,U
sh600584,长电科技,2025-10-28 09:40:03,42.58,30800,42.6,U
sh600584,长电科技,2025-10-28 09:40:06,42.56,20000,42.58,D
sh600584,长电科技,2025-10-28 09:40:09,42.56,50000,42.56,D
sh600584,长电科技,2025-10-28 09:40:12,42.5,118500,42.56,D
sh600584,长电科技,2025-10-28 09:40:15,42.52,76100,42.5,U
sh600584,长电科技,2025-10-28 09:40:18,42.52,14800,42.52,U
sh600584,长电科技,2025-10-28 09:40:21,42.52,17500,42.52,U
sh600584,长电科技,2025-10-28 09:40:24,42.54,68000,42.52,U
sh600584,长电科技,2025-10-28 09:40:27,42.54,48300,42.54,D
sh600584,长电科技,2025-10-28 09:40:30,42.53,10500,42.54,D
sh600584,长电科技,2025-10-28 09:40:33,42.53,27300,42.53,D
sh600584,长电科技,2025-10-28 09:40:36,42.53,28500,42.53,D
sh600584,长电科技,2025-10-28 09:40:39,42.52,37500,42.53,D
sh600584,长电科技,2025-10-28 09:40:42,42.52,41600,42.52,D
sh600584,长电科技,2025-10-28 09:40:45,42.5,10500,42.52,D
sh600584,长电科技,2025-10-28 09:40:48,42.5,29100,42.5,D
sh600584,长电科技,2025-10-28 09:40:51,42.5,22900,42.5,D
sh600584,长电科技,2025-10-28 09:40:54,42.51,54200,42.5,E
sh600584,长电科技,2025-10-28 09:40:57,42.51,49000,42.51,D
sh600584,长电科技,2025-10-28 09:41:00,42.51,40900,42.51,D
sh600584,长电科技,2025-10-28 09:41:03,42.5,45500,42.51,D
sh600584,长电科技,2025-10-28 09:41:06,42.5,29200,42.5,D
sh600584,长电科技,2025-10-28 09:41:09,42.51,59200,42.5,U
sh600584,长电科技,2025-10-28 09:41:12,42.5,15000,42.51,E
sh600584,长电科技,2025-10-28 09:41:15,42.5,67700,42.5,U
sh600584,长电科技,2025-10-28 09:41:18,42.5,101300,42.5,D
sh600584,长电科技,2025-10-28 09:41:21,42.49,130800,42.5,D
sh600584,长电科技,2025-10-28 09:41:24,42.5,23100,42.49,U
sh600584,长电科技,2025-10-28 09:41:27,42.49,40300,42.5,D
sh600584,长电科技,2025-10-28 09:41:30,42.5,72600,42.49,U
sh600584,长电科技,2025-10-28 09:41:33,42.49,17200,42.5,D
sh600584,长电科技,2025-10-28 09:41:36,42.48,43800,42.49,D
sh600584,长电科技,2025-10-28 09:41:39,42.48,19200,42.48,D
sh600584,长电科技,2025-10-28 09:41:42,42.48,8200,42.48,D
sh600584,长电科技,2025-10-28 09:41:45,42.48,25200,42.48,U
sh600584,长电科技,2025-10-28 09:41:48,42.47,23800,42.48,D
sh600584,长电科技,2025-10-28 09:41:51,42.46,16100,42.47,D
sh600584,长电科技,2025-10-28 09:41:54,42.46,42000,42.46,D
sh600584,长电科技,2025-10-28 09:41:57,42.46,45800,42.46,D
sh600584,长电科技,2025-10-28 09:42:00,42.46,42000,42.46,U
sh600584,长电科技,2025-10-28 09:42:03,42.45,16100,42.46,D
sh600584,长电科技,2025-10-28 09:42:06,42.4,132600,42.45,D
sh600584,长电科技,2025-10-28 09:42:09,42.38,17600,42.4,D
sh600584,长电科技,2025-10-28 09:42:12,42.37,19700,42.38,D
sh600584,长电科技,2025-10-28 09:42:15,42.36,15000,42.37,D
sh600584,长电科技,2025-10-28 09:42:18,42.36,21600,42.36,D
sh600584,长电科技,2025-10-28 09:42:21,42.35,53900,42.36,D
sh600584,长电科技,2025-10-28 09:42:24,42.34,13000,42.35,E
sh600584,长电科技,2025-10-28 09:42:27,42.33,92300,42.34,D
sh600584,长电科技,2025-10-28 09:42:30,42.41,210000,42.33,U
sh600584,长电科技,2025-10-28 09:42:33,42.37,71500,42.41,D
sh600584,长电科技,2025-10-28 09:42:36,42.37,15200,42.37,D
sh600584,长电科技,2025-10-28 09:42:39,42.37,25100,42.37,D
sh600584,长电科技,2025-10-28 09:42:42,42.2,538500,42.37,D
sh600584,长电科技,2025-10-28 09:42:45,42.37,31100,42.2,U
sh600584,长电科技,2025-10-28 09:42:48,42.38,56800,42.37,E
sh600584,长电科技,2025-10-28 09:42:51,42.4,46300,42.38,U
sh600584,长电科技,2025-10-28 09:42:54,42.47,98100,42.4,U
sh600584,长电科技,2025-10-28 09:42:57,42.48,133800,42.47,U
sh600584,长电科技,2025-10-28 09:43:00,42.43,10400,42.48,D
sh600584,长电科技,2025-10-28 09:43:03,42.46,37800,42.43,U
sh600584,长电科技,2025-10-28 09:43:06,42.45,14600,42.46,E
sh600584,长电科技,2025-10-28 09:43:09,42.46,15400,42.45,U
sh600584,长电科技,2025-10-28 09:43:12,42.45,26100,42.46,E
sh600584,长电科技,2025-10-28 09:43:15,42.44,35900,42.45,U
sh600584,长电科技,2025-10-28 09:43:18,42.44,15800,42.44,U
sh600584,长电科技,2025-10-28 09:43:21,42.4,26100,42.44,D
sh600584,长电科技,2025-10-28 09:43:24,42.4,35100,42.4,D
sh600584,长电科技,2025-10-28 09:43:27,42.39,15100,42.4,D
sh600584,长电科技,2025-10-28 09:43:30,42.4,60400,42.39,U
sh600584,长电科技,2025-10-28 09:43:33,42.38,13900,42.4,D
sh600584,长电科技,2025-10-28 09:43:36,42.38,17600,42.38,U
sh600584,长电科技,2025-10-28 09:43:39,42.37,36100,42.38,D
sh600584,长电科技,2025-10-28 09:43:42,42.36,37800,42.37,D
sh600584,长电科技,2025-10-28 09:43:45,42.35,40800,42.36,D
sh600584,长电科技,2025-10-28 09:43:48,42.35,104600,42.35,D
sh600584,长电科技,2025-10-28 09:43:51,42.35,38339,42.35,D
sh600584,长电科技,2025-10-28 09:43:54,42.38,43500,42.35,U
sh600584,长电科技,2025-10-28 09:43:57,42.35,40800,42.38,D
sh600584,长电科技,2025-10-28 09:44:00,42.37,18800,42.35,U
sh600584,长电科技,2025-10-28 09:44:03,42.37,52400,42.37,D
sh600584,长电科技,2025-10-28 09:44:06,42.37,21300,42.37,D
sh600584,长电科技,2025-10-28 09:44:09,42.39,29100,42.37,U
sh600584,长电科技,2025-10-28 09:44:12,42.4,68200,42.39,U
sh600584,长电科技,2025-10-28 09:44:15,42.42,30061,42.4,U
sh600584,长电科技,2025-10-28 09:44:18,42.45,8100,42.42,U
sh600584,长电科技,2025-10-28 09:44:21,42.41,19700,42.45,D
sh600584,长电科技,2025-10-28 09:44:27,42.45,10400,42.43,U
sh600584,长电科技,2025-10-28 09:44:30,42.45,6500,42.45,D
sh600584,长电科技,2025-10-28 09:44:33,42.45,8100,42.45,D
sh600584,长电科技,2025-10-28 09:44:36,42.45,13000,42.45,U
sh600584,长电科技,2025-10-28 09:44:39,42.45,14100,42.45,U
sh600584,长电科技,2025-10-28 09:44:42,42.46,55800,42.45,U
sh600584,长电科技,2025-10-28 09:44:45,42.45,14100,42.46,E
sh600584,长电科技,2025-10-28 09:44:48,42.46,15500,42.45,U
sh600584,长电科技,2025-10-28 09:44:51,42.43,27900,42.46,D
sh600584,长电科技,2025-10-28 09:44:54,42.43,11600,42.43,D
sh600584,长电科技,2025-10-28 09:44:57,42.43,12200,42.43,U
sh600584,长电科技,2025-10-28 09:45:00,42.42,20500,42.43,D
sh600584,长电科技,2025-10-28 09:45:03,42.42,17700,42.42,D
sh600584,长电科技,2025-10-28 09:45:06,42.42,36500,42.42,D
sh600584,长电科技,2025-10-28 09:45:09,42.42,30600,42.42,U
sh600584,长电科技,2025-10-28 09:45:12,42.42,12000,42.42,U
sh600584,长电科技,2025-10-28 09:45:15,42.4,29300,42.42,D
sh600584,长电科技,2025-10-28 09:45:18,42.41,16400,42.4,U
sh600584,长电科技,2025-10-28 09:45:21,42.4,24400,42.41,E
sh600584,长电科技,2025-10-28 09:45:24,42.38,25400,42.4,D
sh600584,长电科技,2025-10-28 09:45:27,42.38,13100,42.38,D
sh600584,长电科技,2025-10-28 09:45:30,42.38,38700,42.38,D
sh600584,长电科技,2025-10-28 09:45:33,42.38,17100,42.38,U
sh600584,长电科技,2025-10-28 09:45:36,42.38,25200,42.38,U
sh600584,长电科技,2025-10-28 09:45:39,42.37,22600,42.38,D
sh600584,长电科技,2025-10-28 09:45:42,42.37,14600,42.37,U
sh600584,长电科技,2025-10-28 09:45:45,42.36,25100,42.37,D
sh600584,长电科技,2025-10-28 09:45:48,42.36,21400,42.36,D
sh600584,长电科技,2025-10-28 09:45:51,42.37,45300,42.36,U
sh600584,长电科技,2025-10-28 09:45:54,42.37,32400,42.37,U
sh600584,长电科技,2025-10-28 09:45:57,42.36,12700,42.37,D
sh600584,长电科技,2025-10-28 09:46:00,42.36,56900,42.36,D
sh600584,长电科技,2025-10-28 09:46:03,42.36,29700,42.36,D
sh600584,长电科技,2025-10-28 09:46:06,42.36,67500,42.36,D
sh600584,长电科技,2025-10-28 09:46:09,42.36,23400,42.36,U
sh600584,长电科技,2025-10-28 09:46:12,42.36,79200,42.36,U
sh600584,长电科技,2025-10-28 09:46:15,42.36,19300,42.36,D
sh600584,长电科技,2025-10-28 09:46:18,42.36,16400,42.36,D
sh600584,长电科技,2025-10-28 09:46:21,42.36,104500,42.36,D
sh600584,长电科技,2025-10-28 09:46:24,42.38,40400,42.36,U
sh600584,长电科技,2025-10-28 09:46:27,42.38,34400,42.38,D
sh600584,长电科技,2025-10-28 09:46:30,42.39,21700,42.38,E
sh600584,长电科技,2025-10-28 09:46:33,42.38,20200,42.39,D
sh600584,长电科技,2025-10-28 09:46:36,42.39,10700,42.38,E
sh600584,长电科技,2025-10-28 09:46:39,42.4,11400,42.39,U
sh600584,长电科技,2025-10-28 09:46:42,42.43,42500,42.4,U
sh600584,长电科技,2025-10-28 09:46:45,42.45,94400,42.43,U
sh600584,长电科技,2025-10-28 09:46:48,42.45,12900,42.45,D
sh600584,长电科技,2025-10-28 09:46:51,42.45,12700,42.45,D
sh600584,长电科技,2025-10-28 09:46:54,42.46,9900,42.45,U
sh600584,长电科技,2025-10-28 09:46:57,42.46,10471,42.46,U
sh600584,长电科技,2025-10-28 09:47:00,42.47,90400,42.46,U
sh600584,长电科技,2025-10-28 09:47:03,42.47,11400,42.47,D
sh600584,长电科技,2025-10-28 09:47:06,42.5,9800,42.47,U
sh600584,长电科技,2025-10-28 09:47:09,42.5,13900,42.5,U
sh600584,长电科技,2025-10-28 09:47:12,42.5,22800,42.5,U
sh600584,长电科技,2025-10-28 09:47:15,42.5,58400,42.5,U
sh600584,长电科技,2025-10-28 09:47:18,42.5,30200,42.5,U
sh600584,长电科技,2025-10-28 09:47:21,42.48,22500,42.5,D
sh600584,长电科技,2025-10-28 09:47:24,42.47,54900,42.48,D
sh600584,长电科技,2025-10-28 09:47:27,42.46,20700,42.47,D
sh600584,长电科技,2025-10-28 09:47:30,42.44,22300,42.46,D
sh600584,长电科技,2025-10-28 09:47:33,42.44,24800,42.44,U
sh600584,长电科技,2025-10-28 09:47:39,42.45,47300,42.45,U
sh600584,长电科技,2025-10-28 09:47:42,42.46,20100,42.45,U
sh600584,长电科技,2025-10-28 09:47:45,42.46,7600,42.46,U
sh600584,长电科技,2025-10-28 09:47:48,42.45,11700,42.46,D
sh600584,长电科技,2025-10-28 09:47:51,42.45,24400,42.45,U
sh600584,长电科技,2025-10-28 09:47:54,42.45,16500,42.45,D
sh600584,长电科技,2025-10-28 09:47:57,42.46,7400,42.45,U
sh600584,长电科技,2025-10-28 09:48:00,42.45,46700,42.46,D
sh600584,长电科技,2025-10-28 09:48:03,42.46,15300,42.45,U
sh600584,长电科技,2025-10-28 09:48:06,42.46,10200,42.46,D
sh600584,长电科技,2025-10-28 09:48:09,42.46,20500,42.46,D
sh600584,长电科技,2025-10-28 09:48:12,42.46,13100,42.46,U
sh600584,长电科技,2025-10-28 09:48:15,42.45,31400,42.46,D
sh600584,长电科技,2025-10-28 09:48:18,42.45,13800,42.45,U
sh600584,长电科技,2025-10-28 09:48:21,42.45,12400,42.45,D
sh600584,长电科技,2025-10-28 09:48:24,42.45,21800,42.45,D
sh600584,长电科技,2025-10-28 09:48:27,42.45,36818,42.45,U
sh600584,长电科技,2025-10-28 09:48:30,42.45,6882,42.45,D
sh600584,长电科技,2025-10-28 09:48:33,42.45,18700,42.45,U
sh600584,长电科技,2025-10-28 09:48:36,42.44,11000,42.45,D
sh600584,长电科技,2025-10-28 09:48:39,42.45,20600,42.44,U
sh600584,长电科技,2025-10-28 09:48:42,42.45,24400,42.45,D
sh600584,长电科技,2025-10-28 09:48:45,42.45,24400,42.45,U
sh600584,长电科技,2025-10-28 09:48:48,42.45,31900,42.45,D
sh600584,长电科技,2025-10-28 09:48:51,42.46,18200,42.45,U
sh600584,长电科技,2025-10-28 09:48:54,42.46,49800,42.46,U
sh600584,长电科技,2025-10-28 09:48:57,42.45,11800,42.46,U
sh600584,长电科技,2025-10-28 09:49:00,42.46,22700,42.45,U
sh600584,长电科技,2025-10-28 09:49:03,42.46,22500,42.46,U
sh600584,长电科技,2025-10-28 09:49:06,42.46,15100,42.46,U
sh600584,长电科技,2025-10-28 09:49:09,42.45,15700,42.46,D
sh600584,长电科技,2025-10-28 09:49:12,42.46,20600,42.45,U
sh600584,长电科技,2025-10-28 09:49:15,42.43,72700,42.46,D
sh600584,长电科技,2025-10-28 09:49:18,42.4,32100,42.43,D
sh600584,长电科技,2025-10-28 09:49:21,42.42,43800,42.4,U
sh600584,长电科技,2025-10-28 09:49:24,42.41,18700,42.42,E
sh600584,长电科技,2025-10-28 09:49:27,42.42,16600,42.41,U
sh600584,长电科技,2025-10-28 09:49:30,42.4,4900,42.42,D
sh600584,长电科技,2025-10-28 09:49:33,42.39,13900,42.4,D
sh600584,长电科技,2025-10-28 09:49:36,42.39,18500,42.39,U
sh600584,长电科技,2025-10-28 09:49:39,42.34,257400,42.39,D
sh600584,长电科技,2025-10-28 09:49:42,42.34,10000,42.34,D
sh600584,长电科技,2025-10-28 09:49:45,42.33,13800,42.34,D
sh600584,长电科技,2025-10-28 09:49:51,42.32,6500,42.33,D
sh600584,长电科技,2025-10-28 09:49:54,42.3,40200,42.32,D
sh600584,长电科技,2025-10-28 09:49:57,42.3,31900,42.3,D
sh600584,长电科技,2025-10-28 09:50:00,42.27,39300,42.3,D
sh600584,长电科技,2025-10-28 09:50:03,42.26,12100,42.27,D
sh600584,长电科技,2025-10-28 09:50:06,42.26,7900,42.26,D
sh600584,长电科技,2025-10-28 09:50:09,42.25,10600,42.26,D
sh600584,长电科技,2025-10-28 09:50:12,42.25,10100,42.25,D
sh600584,长电科技,2025-10-28 09:50:15,42.24,81700,42.25,D
sh600584,长电科技,2025-10-28 09:50:18,42.24,33200,42.24,U
sh600584,长电科技,2025-10-28 09:50:21,42.23,19400,42.24,D
sh600584,长电科技,2025-10-28 09:50:24,42.23,11800,42.23,U
sh600584,长电科技,2025-10-28 09:50:27,42.26,111400,42.23,U
sh600584,长电科技,2025-10-28 09:50:30,42.27,31900,42.26,U
sh600584,长电科技,2025-10-28 09:50:33,42.27,51900,42.27,U
sh600584,长电科技,2025-10-28 09:50:36,42.25,23900,42.27,E
sh600584,长电科技,2025-10-28 09:50:39,42.25,37400,42.25,D
sh600584,长电科技,2025-10-28 09:50:42,42.26,18400,42.25,D
sh600584,长电科技,2025-10-28 09:50:45,42.27,48700,42.26,D
sh600584,长电科技,2025-10-28 09:50:48,42.31,92500,42.27,U
sh600584,长电科技,2025-10-28 09:50:51,42.31,16900,42.31,D
sh600584,长电科技,2025-10-28 09:50:57,42.3,22900,42.31,D
sh600584,长电科技,2025-10-28 09:51:00,42.3,11000,42.3,D
sh600584,长电科技,2025-10-28 09:51:03,42.31,22900,42.3,U
sh600584,长电科技,2025-10-28 09:51:06,42.31,42800,42.31,U
sh600584,长电科技,2025-10-28 09:51:09,42.3,27500,42.31,D
sh600584,长电科技,2025-10-28 09:51:12,42.3,22500,42.3,D
sh600584,长电科技,2025-10-28 09:51:15,42.31,10500,42.3,U
sh600584,长电科技,2025-10-28 09:51:18,42.32,14700,42.31,U
sh600584,长电科技,2025-10-28 09:51:21,42.32,5700,42.32,D
sh600584,长电科技,2025-10-28 09:51:24,42.32,5100,42.32,D
sh600584,长电科技,2025-10-28 09:51:27,42.31,24400,42.32,D
sh600584,长电科技,2025-10-28 09:51:30,42.31,15800,42.31,U
sh600584,长电科技,2025-10-28 09:51:33,42.31,56700,42.31,U
sh600584,长电科技,2025-10-28 09:51:36,42.31,6700,42.31,U
sh600584,长电科技,2025-10-28 09:51:39,42.32,42400,42.31,U
sh600584,长电科技,2025-10-28 09:51:42,42.31,11300,42.32,D
sh600584,长电科技,2025-10-28 09:51:45,42.31,34000,42.31,D
sh600584,长电科技,2025-10-28 09:51:48,42.32,45700,42.31,U
sh600584,长电科技,2025-10-28 09:51:51,42.32,8600,42.32,U
sh600584,长电科技,2025-10-28 09:51:54,42.34,10400,42.32,U
sh600584,长电科技,2025-10-28 09:51:57,42.37,27100,42.34,U
sh600584,长电科技,2025-10-28 09:52:03,42.38,11700,42.37,U
sh600584,长电科技,2025-10-28 09:52:06,42.39,11500,42.38,U
sh600584,长电科技,2025-10-28 09:52:09,42.4,18500,42.39,U
sh600584,长电科技,2025-10-28 09:52:12,42.4,8300,42.4,U
sh600584,长电科技,2025-10-28 09:52:15,42.4,10000,42.4,U
sh600584,长电科技,2025-10-28 09:52:18,42.41,27400,42.4,U
sh600584,长电科技,2025-10-28 09:52:24,42.41,52400,42.41,D
sh600584,长电科技,2025-10-28 09:52:30,42.41,8300,42.42,D
sh600584,长电科技,2025-10-28 09:52:33,42.43,8100,42.41,E
sh600584,长电科技,2025-10-28 09:52:36,42.44,34800,42.43,D
sh600584,长电科技,2025-10-28 09:52:42,42.42,11200,42.44,D
sh600584,长电科技,2025-10-28 09:52:45,42.43,10600,42.42,E
sh600584,长电科技,2025-10-28 09:52:48,42.44,14200,42.43,U
sh600584,长电科技,2025-10-28 09:52:51,42.44,5100,42.44,D
sh600584,长电科技,2025-10-28 09:52:54,42.45,10700,42.44,U
sh600584,长电科技,2025-10-28 09:52:57,42.45,18600,42.45,U
sh600584,长电科技,2025-10-28 09:53:00,42.45,17000,42.45,U
sh600584,长电科技,2025-10-28 09:53:03,42.45,5200,42.45,U
sh600584,长电科技,2025-10-28 09:53:06,42.45,20900,42.45,D
sh600584,长电科技,2025-10-28 09:53:09,42.45,11900,42.45,U
sh600584,长电科技,2025-10-28 09:53:12,42.44,13600,42.45,D
sh600584,长电科技,2025-10-28 09:53:15,42.46,8600,42.44,U
sh600584,长电科技,2025-10-28 09:53:18,42.47,126700,42.46,U
sh600584,长电科技,2025-10-28 09:53:21,42.46,11300,42.47,E
sh600584,长电科技,2025-10-28 09:53:27,42.47,11000,42.47,U
sh600584,长电科技,2025-10-28 09:53:30,42.47,7300,42.47,D
sh600584,长电科技,2025-10-28 09:53:33,42.48,13800,42.47,U
sh600584,长电科技,2025-10-28 09:53:36,42.48,18200,42.48,U
sh600584,长电科技,2025-10-28 09:53:39,42.49,15200,42.48,U
sh600584,长电科技,2025-10-28 09:53:42,42.48,17300,42.49,D
sh600584,长电科技,2025-10-28 09:53:45,42.48,17400,42.48,D
sh600584,长电科技,2025-10-28 09:53:48,42.49,23500,42.48,U
sh600584,长电科技,2025-10-28 09:53:51,42.49,16100,42.49,U
sh600584,长电科技,2025-10-28 09:53:54,42.49,21000,42.49,U
sh600584,长电科技,2025-10-28 09:53:57,42.49,6600,42.49,D
sh600584,长电科技,2025-10-28 09:54:00,42.49,32900,42.49,D
sh600584,长电科技,2025-10-28 09:54:03,42.5,20500,42.49,U
sh600584,长电科技,2025-10-28 09:54:06,42.5,68600,42.5,U
sh600584,长电科技,2025-10-28 09:54:09,42.5,43400,42.5,U
sh600584,长电科技,2025-10-28 09:54:12,42.49,36000,42.5,D
sh600584,长电科技,2025-10-28 09:54:15,42.5,28700,42.49,D
sh600584,长电科技,2025-10-28 09:54:18,42.5,7900,42.5,D
sh600584,长电科技,2025-10-28 09:54:21,42.51,7300,42.5,U
sh600584,长电科技,2025-10-28 09:54:24,42.48,29800,42.51,D
sh600584,长电科技,2025-10-28 09:54:27,42.5,11600,42.48,U
sh600584,长电科技,2025-10-28 09:54:30,42.51,10700,42.5,U
sh600584,长电科技,2025-10-28 09:54:33,42.5,35465,42.51,D
sh600584,长电科技,2025-10-28 09:54:36,42.5,13200,42.5,D
sh600584,长电科技,2025-10-28 09:54:39,42.5,12100,42.5,D
sh600584,长电科技,2025-10-28 09:54:42,42.5,15935,42.5,D
sh600584,长电科技,2025-10-28 09:54:45,42.5,18100,42.5,U
sh600584,长电科技,2025-10-28 09:54:48,42.5,13900,42.5,E
sh600584,长电科技,2025-10-28 09:54:51,42.5,23300,42.5,D
sh600584,长电科技,2025-10-28 09:54:54,42.5,16300,42.5,U
sh600584,长电科技,2025-10-28 09:54:57,42.51,51100,42.5,U
sh600584,长电科技,2025-10-28 09:55:00,42.53,54800,42.51,U
sh600584,长电科技,2025-10-28 09:55:06,42.52,12400,42.53,D
sh600584,长电科技,2025-10-28 09:55:09,42.53,9215,42.52,U
sh600584,长电科技,2025-10-28 09:55:12,42.53,4800,42.53,D
sh600584,长电科技,2025-10-28 09:55:15,42.54,17800,42.53,U
sh600584,长电科技,2025-10-28 09:55:18,42.54,8500,42.54,U
sh600584,长电科技,2025-10-28 09:55:21,42.54,14100,42.54,D
sh600584,长电科技,2025-10-28 09:55:24,42.56,31220,42.54,U
sh600584,长电科技,2025-10-28 09:55:27,42.56,14400,42.56,U
sh600584,长电科技,2025-10-28 09:55:30,42.57,9400,42.56,U
sh600584,长电科技,2025-10-28 09:55:33,42.57,46200,42.57,U
sh600584,长电科技,2025-10-28 09:55:36,42.59,77700,42.57,U
sh600584,长电科技,2025-10-28 09:55:39,42.61,44100,42.59,U
sh600584,长电科技,2025-10-28 09:55:42,42.61,12200,42.61,D
sh600584,长电科技,2025-10-28 09:55:45,42.64,40500,42.61,U
sh600584,长电科技,2025-10-28 09:55:48,42.65,23900,42.64,U
sh600584,长电科技,2025-10-28 09:55:51,42.65,24100,42.65,U
sh600584,长电科技,2025-10-28 09:55:54,42.65,21900,42.65,D
sh600584,长电科技,2025-10-28 09:55:57,42.67,154900,42.65,U
sh600584,长电科技,2025-10-28 09:56:00,42.68,17200,42.67,U
sh600584,长电科技,2025-10-28 09:56:03,42.69,14300,42.68,U
sh600584,长电科技,2025-10-28 09:56:06,42.69,23600,42.69,U
sh600584,长电科技,2025-10-28 09:56:09,42.69,27800,42.69,U
sh600584,长电科技,2025-10-28 09:56:12,42.67,87347,42.69,D
sh600584,长电科技,2025-10-28 09:56:15,42.63,140153,42.67,D
sh600584,长电科技,2025-10-28 09:56:18,42.6,35800,42.63,D
sh600584,长电科技,2025-10-28 09:56:21,42.62,30300,42.6,U
sh600584,长电科技,2025-10-28 09:56:24,42.63,36200,42.62,U
sh600584,长电科技,2025-10-28 09:56:27,42.63,41600,42.63,D
sh600584,长电科技,2025-10-28 09:56:30,42.65,30200,42.63,U
sh600584,长电科技,2025-10-28 09:56:33,42.64,42400,42.65,E
sh600584,长电科技,2025-10-28 09:56:36,42.65,28400,42.64,U
sh600584,长电科技,2025-10-28 09:56:39,42.64,22600,42.65,E
sh600584,长电科技,2025-10-28 09:56:42,42.64,16500,42.64,D
sh600584,长电科技,2025-10-28 09:56:45,42.63,21000,42.64,D
sh600584,长电科技,2025-10-28 09:56:48,42.63,17700,42.63,E
sh600584,长电科技,2025-10-28 09:56:51,42.62,34400,42.63,D
sh600584,长电科技,2025-10-28 09:56:54,42.61,26500,42.62,D
sh600584,长电科技,2025-10-28 09:56:57,42.61,8700,42.61,D
sh600584,长电科技,2025-10-28 09:57:00,42.6,17700,42.61,D
sh600584,长电科技,2025-10-28 09:57:03,42.61,36800,42.6,U
sh600584,长电科技,2025-10-28 09:57:06,42.6,14600,42.61,D
sh600584,长电科技,2025-10-28 09:57:09,42.6,25500,42.6,D
sh600584,长电科技,2025-10-28 09:57:15,42.6,35100,42.6,U
sh600584,长电科技,2025-10-28 09:57:18,42.6,50400,42.6,U
sh600584,长电科技,2025-10-28 09:57:21,42.6,58500,42.6,U
sh600584,长电科技,2025-10-28 09:57:24,42.6,77500,42.6,D
sh600584,长电科技,2025-10-28 09:57:27,42.58,55400,42.6,D
sh600584,长电科技,2025-10-28 09:57:30,42.61,36200,42.58,U
sh600584,长电科技,2025-10-28 09:57:33,42.6,10700,42.61,D
sh600584,长电科技,2025-10-28 09:57:36,42.61,19100,42.6,U
sh600584,长电科技,2025-10-28 09:57:39,42.59,25900,42.61,D
sh600584,长电科技,2025-10-28 09:57:42,42.62,18000,42.59,U
sh600584,长电科技,2025-10-28 09:57:45,42.61,13200,42.62,U
sh600584,长电科技,2025-10-28 09:57:48,42.61,45100,42.61,U
sh600584,长电科技,2025-10-28 09:57:51,42.6,29000,42.61,D
sh600584,长电科技,2025-10-28 09:57:54,42.6,14800,42.6,U
sh600584,长电科技,2025-10-28 09:57:57,42.61,104600,42.6,U
sh600584,长电科技,2025-10-28 09:58:00,42.64,132200,42.61,U
sh600584,长电科技,2025-10-28 09:58:03,42.65,30500,42.64,U
sh600584,长电科技,2025-10-28 09:58:06,42.64,15900,42.65,D
sh600584,长电科技,2025-10-28 09:58:09,42.65,80800,42.64,U
sh600584,长电科技,2025-10-28 09:58:12,42.68,135700,42.65,U
sh600584,长电科技,2025-10-28 09:58:15,42.68,9300,42.68,U
sh600584,长电科技,2025-10-28 09:58:18,42.68,17100,42.68,E
sh600584,长电科技,2025-10-28 09:58:21,42.7,187694,42.68,U
sh600584,长电科技,2025-10-28 09:58:24,42.71,28800,42.7,U
sh600584,长电科技,2025-10-28 09:58:27,42.71,43600,42.71,D
sh600584,长电科技,2025-10-28 09:58:30,42.72,34000,42.71,D
sh600584,长电科技,2025-10-28 09:58:33,42.72,25500,42.72,D
sh600584,长电科技,2025-10-28 09:58:36,42.74,25500,42.72,U
sh600584,长电科技,2025-10-28 09:58:39,42.74,13800,42.74,D
sh600584,长电科技,2025-10-28 09:58:42,42.75,18400,42.74,U
sh600584,长电科技,2025-10-28 09:58:45,42.75,68500,42.75,U
sh600584,长电科技,2025-10-28 09:58:48,42.75,27600,42.75,D
sh600584,长电科技,2025-10-28 09:58:51,42.75,39600,42.75,U
sh600584,长电科技,2025-10-28 09:58:54,42.75,48400,42.75,D
sh600584,长电科技,2025-10-28 09:58:57,42.75,49900,42.75,D
sh600584,长电科技,2025-10-28 09:59:00,42.76,36500,42.75,U
sh600584,长电科技,2025-10-28 09:59:03,42.76,34600,42.76,U
sh600584,长电科技,2025-10-28 09:59:06,42.75,41100,42.76,D
sh600584,长电科技,2025-10-28 09:59:09,42.76,33300,42.75,U
sh600584,长电科技,2025-10-28 09:59:12,42.71,30900,42.76,D
sh600584,长电科技,2025-10-28 09:59:15,42.75,29900,42.71,U
sh600584,长电科技,2025-10-28 09:59:18,42.73,28100,42.75,U
sh600584,长电科技,2025-10-28 09:59:21,42.73,12900,42.73,D
sh600584,长电科技,2025-10-28 09:59:24,42.73,29800,42.73,D
sh600584,长电科技,2025-10-28 09:59:27,42.72,10800,42.73,E
sh600584,长电科技,2025-10-28 09:59:30,42.71,38900,42.72,D
sh600584,长电科技,2025-10-28 09:59:33,42.75,187500,42.71,U
sh600584,长电科技,2025-10-28 09:59:36,42.75,53600,42.75,D
sh600584,长电科技,2025-10-28 09:59:39,42.75,62200,42.75,D
sh600584,长电科技,2025-10-28 09:59:42,42.75,56100,42.75,U
sh600584,长电科技,2025-10-28 09:59:45,42.77,21600,42.75,E
sh600584,长电科技,2025-10-28 09:59:48,42.77,39600,42.77,D
sh600584,长电科技,2025-10-28 09:59:51,42.77,35000,42.77,D
sh600584,长电科技,2025-10-28 09:59:54,42.77,16800,42.77,U
sh600584,长电科技,2025-10-28 09:59:57,42.77,38900,42.77,U
sh600584,长电科技,2025-10-28 10:00:00,42.77,56500,42.77,U
sh600584,长电科技,2025-10-28 10:00:03,42.77,67900,42.77,D
sh600584,长电科技,2025-10-28 10:00:06,42.77,56000,42.77,U
sh600584,长电科技,2025-10-28 10:00:09,42.77,16900,42.77,D
sh600584,长电科技,2025-10-28 10:00:12,42.78,54200,42.77,U
sh600584,长电科技,2025-10-28 10:00:15,42.77,16000,42.78,D
sh600584,长电科技,2025-10-28 10:00:18,42.75,39700,42.77,D
sh600584,长电科技,2025-10-28 10:00:21,42.75,18800,42.75,D
sh600584,长电科技,2025-10-28 10:00:24,42.77,49400,42.75,D
sh600584,长电科技,2025-10-28 10:00:27,42.77,17500,42.77,D
sh600584,长电科技,2025-10-28 10:00:30,42.77,34000,42.77,D
sh600584,长电科技,2025-10-28 10:00:33,42.77,29900,42.77,D
sh600584,长电科技,2025-10-28 10:00:36,42.75,53700,42.77,D
sh600584,长电科技,2025-10-28 10:00:39,42.74,74900,42.75,D
sh600584,长电科技,2025-10-28 10:00:42,42.74,19500,42.74,D
sh600584,长电科技,2025-10-28 10:00:45,42.75,30500,42.74,U
sh600584,长电科技,2025-10-28 10:00:48,42.73,32500,42.75,D
sh600584,长电科技,2025-10-28 10:00:51,42.72,68300,42.73,D
sh600584,长电科技,2025-10-28 10:00:54,42.71,20800,42.72,D
sh600584,长电科技,2025-10-28 10:00:57,42.71,6300,42.71,D
sh600584,长电科技,2025-10-28 10:01:00,42.7,13600,42.71,D
sh600584,长电科技,2025-10-28 10:01:03,42.71,48753,42.7,U
sh600584,长电科技,2025-10-28 10:01:06,42.7,29147,42.71,D
sh600584,长电科技,2025-10-28 10:01:09,42.69,24100,42.7,D
sh600584,长电科技,2025-10-28 10:01:12,42.69,51700,42.69,D
sh600584,长电科技,2025-10-28 10:01:15,42.69,19900,42.69,D
sh600584,长电科技,2025-10-28 10:01:18,42.68,23400,42.69,D
sh600584,长电科技,2025-10-28 10:01:21,42.68,26006,42.68,D
sh600584,长电科技,2025-10-28 10:01:24,42.68,14100,42.68,U
sh600584,长电科技,2025-10-28 10:01:27,42.67,27600,42.68,D
sh600584,长电科技,2025-10-28 10:01:30,42.67,32500,42.67,U
sh600584,长电科技,2025-10-28 10:01:33,42.67,29300,42.67,U
sh600584,长电科技,2025-10-28 10:01:36,42.67,53094,42.67,U
sh600584,长电科技,2025-10-28 10:01:39,42.67,10700,42.67,D
sh600584,长电科技,2025-10-28 10:01:42,42.69,19800,42.67,U
sh600584,长电科技,2025-10-28 10:01:45,42.67,9200,42.69,D
sh600584,长电科技,2025-10-28 10:01:48,42.67,6500,42.67,U
sh600584,长电科技,2025-10-28 10:01:51,42.67,5800,42.67,U
sh600584,长电科技,2025-10-28 10:01:54,42.68,50800,42.67,U
sh600584,长电科技,2025-10-28 10:01:57,42.67,32700,42.68,D
sh600584,长电科技,2025-10-28 10:02:00,42.67,17100,42.67,D
sh600584,长电科技,2025-10-28 10:02:03,42.67,31600,42.67,D
sh600584,长电科技,2025-10-28 10:02:06,42.67,28300,42.67,U
sh600584,长电科技,2025-10-28 10:02:09,42.66,22000,42.67,D
sh600584,长电科技,2025-10-28 10:02:12,42.69,9400,42.66,U
sh600584,长电科技,2025-10-28 10:02:15,42.67,16900,42.69,D
sh600584,长电科技,2025-10-28 10:02:18,42.69,69271,42.67,U
sh600584,长电科技,2025-10-28 10:02:21,42.69,7000,42.69,D
sh600584,长电科技,2025-10-28 10:02:24,42.69,25700,42.69,U
sh600584,长电科技,2025-10-28 10:02:27,42.69,14200,42.69,D
sh600584,长电科技,2025-10-28 10:02:30,42.69,9200,42.69,U
sh600584,长电科技,2025-10-28 10:02:33,42.69,15200,42.69,U
sh600584,长电科技,2025-10-28 10:02:36,42.69,13100,42.69,U
sh600584,长电科技,2025-10-28 10:02:39,42.69,15600,42.69,D
sh600584,长电科技,2025-10-28 10:02:42,42.68,28300,42.69,D
sh600584,长电科技,2025-10-28 10:02:45,42.7,9818,42.68,U
sh600584,长电科技,2025-10-28 10:02:48,42.68,42911,42.7,D
sh600584,长电科技,2025-10-28 10:02:51,42.68,11100,42.68,U
sh600584,长电科技,2025-10-28 10:02:54,42.69,7600,42.68,U
sh600584,长电科技,2025-10-28 10:02:57,42.69,16200,42.69,D
sh600584,长电科技,2025-10-28 10:03:03,42.7,11300,42.69,U
sh600584,长电科技,2025-10-28 10:03:06,42.7,13700,42.7,U
sh600584,长电科技,2025-10-28 10:03:09,42.7,15700,42.7,U
sh600584,长电科技,2025-10-28 10:03:12,42.7,13800,42.7,U
sh600584,长电科技,2025-10-28 10:03:15,42.7,12300,42.7,U
sh600584,长电科技,2025-10-28 10:03:18,42.68,22800,42.7,D
sh600584,长电科技,2025-10-28 10:03:21,42.67,19300,42.68,D
sh600584,长电科技,2025-10-28 10:03:24,42.65,61000,42.67,D
sh600584,长电科技,2025-10-28 10:03:27,42.67,25700,42.65,U
sh600584,长电科技,2025-10-28 10:03:30,42.67,7800,42.67,U
sh600584,长电科技,2025-10-28 10:03:33,42.66,13900,42.67,D
sh600584,长电科技,2025-10-28 10:03:36,42.65,10800,42.66,D
sh600584,长电科技,2025-10-28 10:03:39,42.65,20200,42.65,D
sh600584,长电科技,2025-10-28 10:03:42,42.65,7200,42.65,U
sh600584,长电科技,2025-10-28 10:03:45,42.63,44800,42.65,D
sh600584,长电科技,2025-10-28 10:03:51,42.63,11300,42.64,D
sh600584,长电科技,2025-10-28 10:03:54,42.63,22800,42.63,D
sh600584,长电科技,2025-10-28 10:03:57,42.63,18800,42.63,U
sh600584,长电科技,2025-10-28 10:04:00,42.63,30000,42.63,D
sh600584,长电科技,2025-10-28 10:04:03,42.62,11200,42.63,D
sh600584,长电科技,2025-10-28 10:04:06,42.63,30200,42.62,U
sh600584,长电科技,2025-10-28 10:04:09,42.63,31000,42.63,U
sh600584,长电科技,2025-10-28 10:04:12,42.62,18400,42.63,D
sh600584,长电科技,2025-10-28 10:04:15,42.62,6500,42.62,D
sh600584,长电科技,2025-10-28 10:04:21,42.62,19000,42.62,U
sh600584,长电科技,2025-10-28 10:04:24,42.61,19100,42.62,D
sh600584,长电科技,2025-10-28 10:04:27,42.6,12700,42.61,D
sh600584,长电科技,2025-10-28 10:04:30,42.61,20700,42.6,U
sh600584,长电科技,2025-10-28 10:04:33,42.61,8900,42.61,D
sh600584,长电科技,2025-10-28 10:04:36,42.61,19300,42.61,D
sh600584,长电科技,2025-10-28 10:04:39,42.62,30200,42.61,U
sh600584,长电科技,2025-10-28 10:04:42,42.61,11800,42.62,D
sh600584,长电科技,2025-10-28 10:04:45,42.61,36900,42.61,D
sh600584,长电科技,2025-10-28 10:04:48,42.62,33200,42.61,U
sh600584,长电科技,2025-10-28 10:04:51,42.6,81400,42.62,D
sh600584,长电科技,2025-10-28 10:04:54,42.61,11100,42.6,D
sh600584,长电科技,2025-10-28 10:04:57,42.61,13900,42.61,D
sh600584,长电科技,2025-10-28 10:05:00,42.61,4700,42.61,U
sh600584,长电科技,2025-10-28 10:05:03,42.61,12000,42.61,U
sh600584,长电科技,2025-10-28 10:05:06,42.61,11300,42.61,U
sh600584,长电科技,2025-10-28 10:05:12,42.59,19400,42.6,D
sh600584,长电科技,2025-10-28 10:05:15,42.59,7600,42.59,D
sh600584,长电科技,2025-10-28 10:05:18,42.59,8100,42.59,U
sh600584,长电科技,2025-10-28 10:05:21,42.58,10800,42.59,D
sh600584,长电科技,2025-10-28 10:05:24,42.59,30300,42.58,U
sh600584,长电科技,2025-10-28 10:05:27,42.58,15000,42.59,D
sh600584,长电科技,2025-10-28 10:05:30,42.58,26400,42.58,U
sh600584,长电科技,2025-10-28 10:05:33,42.55,8900,42.58,D
sh600584,长电科技,2025-10-28 10:05:36,42.57,38600,42.55,U
sh600584,长电科技,2025-10-28 10:05:42,42.55,22800,42.54,U
sh600584,长电科技,2025-10-28 10:05:51,42.55,38600,42.55,U
sh600584,长电科技,2025-10-28 10:05:54,42.54,21400,42.55,D
sh600584,长电科技,2025-10-28 10:05:57,42.54,9600,42.54,D
sh600584,长电科技,2025-10-28 10:06:00,42.56,7800,42.54,U
sh600584,长电科技,2025-10-28 10:06:03,42.54,13100,42.56,D
sh600584,长电科技,2025-10-28 10:06:06,42.56,7900,42.54,U
sh600584,长电科技,2025-10-28 10:06:09,42.55,6900,42.56,D
sh600584,长电科技,2025-10-28 10:06:12,42.56,17100,42.55,U
sh600584,长电科技,2025-10-28 10:06:15,42.55,16500,42.56,D
sh600584,长电科技,2025-10-28 10:06:18,42.56,10800,42.55,U
sh600584,长电科技,2025-10-28 10:06:21,42.56,8200,42.56,U
sh600584,长电科技,2025-10-28 10:06:24,42.56,26100,42.56,U
sh600584,长电科技,2025-10-28 10:06:27,42.56,14500,42.56,D
sh600584,长电科技,2025-10-28 10:06:30,42.57,9900,42.56,D
sh600584,长电科技,2025-10-28 10:06:39,42.57,6600,42.57,U
sh600584,长电科技,2025-10-28 10:06:42,42.57,20600,42.57,U
sh600584,长电科技,2025-10-28 10:06:45,42.58,11800,42.57,U
sh600584,长电科技,2025-10-28 10:06:48,42.58,7300,42.58,U
sh600584,长电科技,2025-10-28 10:06:51,42.57,17400,42.58,D
sh600584,长电科技,2025-10-28 10:06:54,42.57,25300,42.57,D
sh600584,长电科技,2025-10-28 10:07:00,42.58,6900,42.58,D
sh600584,长电科技,2025-10-28 10:07:03,42.58,6500,42.58,D
sh600584,长电科技,2025-10-28 10:07:06,42.58,7100,42.58,D
sh600584,长电科技,2025-10-28 10:07:09,42.57,34300,42.58,D
sh600584,长电科技,2025-10-28 10:07:12,42.54,125500,42.57,D
sh600584,长电科技,2025-10-28 10:07:15,42.55,33600,42.54,U
sh600584,长电科技,2025-10-28 10:07:18,42.54,9100,42.55,E
sh600584,长电科技,2025-10-28 10:07:21,42.55,14100,42.54,U
sh600584,长电科技,2025-10-28 10:07:24,42.55,13900,42.55,U
sh600584,长电科技,2025-10-28 10:07:27,42.55,12600,42.55,U
sh600584,长电科技,2025-10-28 10:07:33,42.56,6200,42.56,U
sh600584,长电科技,2025-10-28 10:07:36,42.56,12700,42.56,U
sh600584,长电科技,2025-10-28 10:07:39,42.56,14100,42.56,U
sh600584,长电科技,2025-10-28 10:07:42,42.55,22000,42.56,D
sh600584,长电科技,2025-10-28 10:07:45,42.56,7800,42.55,U
sh600584,长电科技,2025-10-28 10:07:48,42.55,4900,42.56,D
sh600584,长电科技,2025-10-28 10:07:51,42.55,19800,42.55,D
sh600584,长电科技,2025-10-28 10:07:54,42.56,17800,42.55,U
sh600584,长电科技,2025-10-28 10:07:57,42.56,18600,42.56,D
sh600584,长电科技,2025-10-28 10:08:00,42.56,9600,42.56,U
sh600584,长电科技,2025-10-28 10:08:03,42.56,36900,42.56,U
sh600584,长电科技,2025-10-28 10:08:06,42.56,10500,42.56,U
sh600584,长电科技,2025-10-28 10:08:09,42.56,30900,42.56,D
sh600584,长电科技,2025-10-28 10:08:12,42.56,8500,42.56,D
sh600584,长电科技,2025-10-28 10:08:15,42.56,10563,42.56,D
sh600584,长电科技,2025-10-28 10:08:21,42.56,21800,42.57,D
sh600584,长电科技,2025-10-28 10:08:24,42.57,9900,42.56,E
sh600584,长电科技,2025-10-28 10:08:27,42.57,21600,42.57,E
sh600584,长电科技,2025-10-28 10:08:30,42.56,11800,42.57,D
sh600584,长电科技,2025-10-28 10:08:33,42.56,6000,42.56,U
sh600584,长电科技,2025-10-28 10:08:36,42.56,9300,42.56,D
sh600584,长电科技,2025-10-28 10:08:39,42.58,14300,42.56,U
sh600584,长电科技,2025-10-28 10:08:42,42.56,28500,42.58,D
sh600584,长电科技,2025-10-28 10:08:45,42.59,5300,42.56,U
sh600584,长电科技,2025-10-28 10:08:48,42.59,5800,42.59,U
sh600584,长电科技,2025-10-28 10:08:54,42.58,8000,42.58,D
sh600584,长电科技,2025-10-28 10:08:57,42.58,9700,42.58,D
sh600584,长电科技,2025-10-28 10:09:00,42.59,11200,42.58,U
sh600584,长电科技,2025-10-28 10:09:03,42.59,5000,42.59,D
sh600584,长电科技,2025-10-28 10:09:06,42.59,9500,42.59,D
sh600584,长电科技,2025-10-28 10:09:09,42.59,28900,42.59,D
sh600584,长电科技,2025-10-28 10:09:12,42.59,5600,42.59,U
sh600584,长电科技,2025-10-28 10:09:15,42.59,9400,42.59,U
sh600584,长电科技,2025-10-28 10:09:18,42.58,36100,42.59,D
sh600584,长电科技,2025-10-28 10:09:21,42.58,5500,42.58,U
sh600584,长电科技,2025-10-28 10:09:24,42.58,21100,42.58,U
sh600584,长电科技,2025-10-28 10:09:27,42.54,112300,42.58,D
sh600584,长电科技,2025-10-28 10:09:30,42.55,23000,42.54,U
sh600584,长电科技,2025-10-28 10:09:33,42.51,67000,42.55,D
sh600584,长电科技,2025-10-28 10:09:36,42.5,32800,42.51,D
sh600584,长电科技,2025-10-28 10:09:39,42.5,136500,42.5,D
sh600584,长电科技,2025-10-28 10:09:42,42.49,10600,42.5,D
sh600584,长电科技,2025-10-28 10:09:45,42.49,11900,42.49,D
sh600584,长电科技,2025-10-28 10:09:54,42.48,42500,42.48,D
sh600584,长电科技,2025-10-28 10:09:57,42.47,25400,42.48,D
sh600584,长电科技,2025-10-28 10:10:00,42.46,9400,42.47,D
sh600584,长电科技,2025-10-28 10:10:03,42.46,13000,42.46,D
sh600584,长电科技,2025-10-28 10:10:06,42.47,24800,42.46,U
sh600584,长电科技,2025-10-28 10:10:09,42.46,25200,42.47,D
sh600584,长电科技,2025-10-28 10:10:12,42.46,27300,42.46,D
sh600584,长电科技,2025-10-28 10:10:15,42.45,6700,42.46,D
sh600584,长电科技,2025-10-28 10:10:18,42.47,33000,42.45,U
sh600584,长电科技,2025-10-28 10:10:21,42.47,29300,42.47,U
sh600584,长电科技,2025-10-28 10:10:24,42.46,12800,42.47,D
sh600584,长电科技,2025-10-28 10:10:27,42.47,5100,42.46,U
sh600584,长电科技,2025-10-28 10:10:30,42.47,28000,42.47,U
sh600584,长电科技,2025-10-28 10:10:33,42.47,6200,42.47,D
sh600584,长电科技,2025-10-28 10:10:36,42.47,11300,42.47,D
sh600584,长电科技,2025-10-28 10:10:39,42.47,14400,42.47,U
sh600584,长电科技,2025-10-28 10:10:42,42.48,67500,42.47,U
sh600584,长电科技,2025-10-28 10:10:48,42.49,7400,42.49,U
sh600584,长电科技,2025-10-28 10:10:51,42.48,68200,42.49,D
sh600584,长电科技,2025-10-28 10:10:54,42.47,6000,42.48,E
sh600584,长电科技,2025-10-28 10:10:57,42.46,6600,42.47,D
sh600584,长电科技,2025-10-28 10:11:00,42.48,9200,42.46,U
sh600584,长电科技,2025-10-28 10:11:03,42.48,26100,42.48,D
sh600584,长电科技,2025-10-28 10:11:06,42.49,17200,42.48,U
sh600584,长电科技,2025-10-28 10:11:09,42.49,18500,42.49,U
sh600584,长电科技,2025-10-28 10:11:12,42.49,8800,42.49,D
sh600584,长电科技,2025-10-28 10:11:18,42.5,9900,42.49,U
sh600584,长电科技,2025-10-28 10:11:21,42.5,38300,42.5,D
sh600584,长电科技,2025-10-28 10:11:24,42.51,11300,42.5,U
sh600584,长电科技,2025-10-28 10:11:27,42.51,5400,42.51,D
sh600584,长电科技,2025-10-28 10:11:30,42.53,6000,42.51,U
sh600584,长电科技,2025-10-28 10:11:33,42.52,8700,42.53,D
sh600584,长电科技,2025-10-28 10:11:39,42.54,14500,42.53,U
sh600584,长电科技,2025-10-28 10:11:42,42.55,5700,42.54,U
sh600584,长电科技,2025-10-28 10:11:48,42.54,61600,42.56,D
sh600584,长电科技,2025-10-28 10:11:51,42.54,17800,42.54,U
sh600584,长电科技,2025-10-28 10:11:54,42.56,4800,42.54,U
sh600584,长电科技,2025-10-28 10:12:03,42.56,19100,42.56,U
sh600584,长电科技,2025-10-28 10:12:06,42.56,7400,42.56,U
sh600584,长电科技,2025-10-28 10:12:09,42.56,17100,42.56,U
sh600584,长电科技,2025-10-28 10:12:12,42.57,18200,42.56,U
sh600584,长电科技,2025-10-28 10:12:15,42.58,6000,42.57,U
sh600584,长电科技,2025-10-28 10:12:21,42.6,11000,42.58,U
sh600584,长电科技,2025-10-28 10:12:24,42.6,4800,42.6,U
sh600584,长电科技,2025-10-28 10:12:30,42.6,44700,42.59,U
sh600584,长电科技,2025-10-28 10:12:33,42.59,10400,42.6,D
sh600584,长电科技,2025-10-28 10:12:36,42.6,10800,42.59,U
sh600584,长电科技,2025-10-28 10:12:39,42.61,15400,42.6,U
sh600584,长电科技,2025-10-28 10:12:45,42.6,18600,42.61,D
sh600584,长电科技,2025-10-28 10:12:48,42.73,267189,42.6,U
sh600584,长电科技,2025-10-28 10:12:51,42.75,16900,42.73,U
sh600584,长电科技,2025-10-28 10:12:54,42.75,63800,42.75,U
sh600584,长电科技,2025-10-28 10:12:57,42.75,28000,42.75,D
sh600584,长电科技,2025-10-28 10:13:00,42.77,33200,42.75,U
sh600584,长电科技,2025-10-28 10:13:03,42.77,20000,42.77,U
sh600584,长电科技,2025-10-28 10:13:06,42.79,59800,42.77,U
sh600584,长电科技,2025-10-28 10:13:09,42.77,30500,42.79,D
sh600584,长电科技,2025-10-28 10:13:12,42.77,39200,42.77,D
sh600584,长电科技,2025-10-28 10:13:15,42.76,105500,42.77,D
sh600584,长电科技,2025-10-28 10:13:18,42.76,60200,42.76,U
sh600584,长电科技,2025-10-28 10:13:21,42.73,103300,42.76,D
sh600584,长电科技,2025-10-28 10:13:24,42.74,31500,42.73,E
sh600584,长电科技,2025-10-28 10:13:27,42.76,108400,42.74,U
sh600584,长电科技,2025-10-28 10:13:30,42.76,26800,42.76,U
sh600584,长电科技,2025-10-28 10:13:33,42.74,20000,42.76,D
sh600584,长电科技,2025-10-28 10:13:36,42.73,41000,42.74,D
sh600584,长电科技,2025-10-28 10:13:39,42.73,40100,42.73,D
sh600584,长电科技,2025-10-28 10:13:42,42.74,18800,42.73,U
sh600584,长电科技,2025-10-28 10:13:45,42.74,94400,42.74,U
sh600584,长电科技,2025-10-28 10:13:48,42.73,59700,42.74,D
sh600584,长电科技,2025-10-28 10:13:51,42.7,27400,42.73,D
sh600584,长电科技,2025-10-28 10:13:54,42.69,13000,42.7,D
sh600584,长电科技,2025-10-28 10:13:57,42.73,9700,42.69,U
sh600584,长电科技,2025-10-28 10:14:00,42.71,7800,42.73,E
sh600584,长电科技,2025-10-28 10:14:03,42.73,11000,42.71,U
sh600584,长电科技,2025-10-28 10:14:06,42.71,5900,42.73,D
sh600584,长电科技,2025-10-28 10:14:09,42.73,16000,42.71,U
sh600584,长电科技,2025-10-28 10:14:12,42.73,7400,42.73,U
sh600584,长电科技,2025-10-28 10:14:15,42.71,12500,42.73,D
sh600584,长电科技,2025-10-28 10:14:18,42.71,10300,42.71,U
sh600584,长电科技,2025-10-28 10:14:21,42.73,21100,42.71,U
sh600584,长电科技,2025-10-28 10:14:24,42.73,14200,42.73,U
sh600584,长电科技,2025-10-28 10:14:27,42.73,15900,42.73,D
sh600584,长电科技,2025-10-28 10:14:30,42.73,11600,42.73,D
sh600584,长电科技,2025-10-28 10:14:33,42.71,7000,42.73,D
sh600584,长电科技,2025-10-28 10:14:36,42.71,8800,42.71,D
sh600584,长电科技,2025-10-28 10:14:39,42.72,8500,42.71,D
sh600584,长电科技,2025-10-28 10:14:42,42.72,7500,42.72,U
sh600584,长电科技,2025-10-28 10:14:45,42.71,19600,42.72,D
sh600584,长电科技,2025-10-28 10:14:48,42.71,12200,42.71,D
sh600584,长电科技,2025-10-28 10:14:51,42.71,11300,42.71,D
sh600584,长电科技,2025-10-28 10:14:54,42.71,17411,42.71,D
sh600584,长电科技,2025-10-28 10:14:57,42.7,13800,42.71,D
sh600584,长电科技,2025-10-28 10:15:03,42.7,6600,42.7,D
sh600584,长电科技,2025-10-28 10:15:06,42.7,9100,42.7,D
sh600584,长电科技,2025-10-28 10:15:09,42.69,12600,42.7,D
sh600584,长电科技,2025-10-28 10:15:12,42.69,25200,42.69,D
sh600584,长电科技,2025-10-28 10:15:15,42.67,6200,42.69,D
sh600584,长电科技,2025-10-28 10:15:18,42.69,23400,42.67,U
sh600584,长电科技,2025-10-28 10:15:21,42.65,13900,42.69,D
sh600584,长电科技,2025-10-28 10:15:24,42.65,8500,42.65,D
sh600584,长电科技,2025-10-28 10:15:30,42.63,6500,42.63,D
sh600584,长电科技,2025-10-28 10:15:33,42.63,9500,42.63,D
sh600584,长电科技,2025-10-28 10:15:36,42.65,6900,42.63,E
sh600584,长电科技,2025-10-28 10:15:39,42.64,21400,42.65,D
sh600584,长电科技,2025-10-28 10:15:42,42.63,6600,42.64,D
sh600584,长电科技,2025-10-28 10:15:48,42.63,15900,42.63,D
sh600584,长电科技,2025-10-28 10:15:54,42.64,14800,42.65,D
sh600584,长电科技,2025-10-28 10:15:57,42.64,5400,42.64,D
sh600584,长电科技,2025-10-28 10:16:00,42.64,7000,42.64,E
sh600584,长电科技,2025-10-28 10:16:09,42.66,27500,42.64,U
sh600584,长电科技,2025-10-28 10:16:12,42.65,32200,42.66,D
sh600584,长电科技,2025-10-28 10:16:15,42.65,11500,42.65,U
sh600584,长电科技,2025-10-28 10:16:18,42.63,79647,42.65,D
sh600584,长电科技,2025-10-28 10:16:21,42.62,14500,42.63,D
sh600584,长电科技,2025-10-28 10:16:24,42.62,7000,42.62,E
sh600584,长电科技,2025-10-28 10:16:27,42.62,11400,42.62,U
sh600584,长电科技,2025-10-28 10:16:30,42.62,6900,42.62,U
sh600584,长电科技,2025-10-28 10:16:33,42.6,16300,42.62,D
sh600584,长电科技,2025-10-28 10:16:36,42.61,54300,42.6,U
sh600584,长电科技,2025-10-28 10:16:39,42.6,24800,42.61,D
sh600584,长电科技,2025-10-28 10:16:42,42.6,13600,42.6,U
sh600584,长电科技,2025-10-28 10:16:45,42.6,9400,42.6,U
sh600584,长电科技,2025-10-28 10:16:48,42.6,35000,42.6,U
sh600584,长电科技,2025-10-28 10:16:51,42.6,11600,42.6,U
sh600584,长电科技,2025-10-28 10:16:54,42.6,21400,42.6,D
sh600584,长电科技,2025-10-28 10:16:57,42.6,6200,42.6,D
sh600584,长电科技,2025-10-28 10:17:00,42.6,7800,42.6,U
sh600584,长电科技,2025-10-28 10:17:03,42.61,6700,42.6,U
sh600584,长电科技,2025-10-28 10:17:12,42.61,9100,42.6,U
sh600584,长电科技,2025-10-28 10:17:15,42.6,8700,42.61,D
sh600584,长电科技,2025-10-28 10:17:18,42.6,10300,42.6,U
sh600584,长电科技,2025-10-28 10:17:21,42.59,15900,42.6,E
sh600584,长电科技,2025-10-28 10:17:24,42.61,5300,42.59,U
sh600584,长电科技,2025-10-28 10:17:27,42.6,23300,42.61,D
sh600584,长电科技,2025-10-28 10:17:30,42.6,23300,42.6,U
sh600584,长电科技,2025-10-28 10:17:33,42.6,7000,42.6,U
sh600584,长电科技,2025-10-28 10:17:36,42.6,17100,42.6,U
sh600584,长电科技,2025-10-28 10:17:39,42.6,20400,42.6,U
sh600584,长电科技,2025-10-28 10:17:42,42.6,39400,42.6,U
sh600584,长电科技,2025-10-28 10:17:45,42.6,10700,42.6,D
sh600584,长电科技,2025-10-28 10:17:48,42.6,12600,42.6,U
sh600584,长电科技,2025-10-28 10:17:54,42.59,15900,42.59,U
sh600584,长电科技,2025-10-28 10:17:57,42.59,12000,42.59,U
sh600584,长电科技,2025-10-28 10:18:00,42.56,9900,42.59,D
sh600584,长电科技,2025-10-28 10:18:03,42.55,47900,42.56,D
sh600584,长电科技,2025-10-28 10:18:06,42.54,17500,42.55,D
sh600584,长电科技,2025-10-28 10:18:09,42.55,26700,42.54,E
sh600584,长电科技,2025-10-28 10:18:12,42.54,18000,42.55,D
sh600584,长电科技,2025-10-28 10:18:15,42.54,5300,42.54,D
sh600584,长电科技,2025-10-28 10:18:18,42.54,49500,42.54,D
sh600584,长电科技,2025-10-28 10:18:21,42.55,5600,42.54,U
sh600584,长电科技,2025-10-28 10:18:24,42.54,8800,42.55,D
sh600584,长电科技,2025-10-28 10:18:27,42.54,9900,42.54,U
sh600584,长电科技,2025-10-28 10:18:33,42.54,19100,42.54,U
sh600584,长电科技,2025-10-28 10:18:36,42.54,12100,42.54,D
sh600584,长电科技,2025-10-28 10:18:39,42.54,7200,42.54,D
sh600584,长电科技,2025-10-28 10:18:42,42.55,18100,42.54,U
sh600584,长电科技,2025-10-28 10:18:45,42.55,15900,42.55,U
sh600584,长电科技,2025-10-28 10:18:48,42.54,5200,42.55,D
sh600584,长电科技,2025-10-28 10:18:54,42.55,14300,42.55,U
sh600584,长电科技,2025-10-28 10:18:57,42.53,62600,42.55,D
sh600584,长电科技,2025-10-28 10:19:00,42.53,54900,42.53,D
sh600584,长电科技,2025-10-28 10:19:03,42.53,54400,42.53,U
sh600584,长电科技,2025-10-28 10:19:06,42.53,16300,42.53,U
sh600584,长电科技,2025-10-28 10:19:09,42.49,120000,42.53,D
sh600584,长电科技,2025-10-28 10:19:12,42.5,13400,42.49,U
sh600584,长电科技,2025-10-28 10:19:15,42.49,14300,42.5,D
sh600584,长电科技,2025-10-28 10:19:18,42.48,8100,42.49,D
sh600584,长电科技,2025-10-28 10:19:21,42.48,16300,42.48,D
sh600584,长电科技,2025-10-28 10:19:24,42.48,50000,42.48,D
sh600584,长电科技,2025-10-28 10:19:27,42.47,20000,42.48,D
sh600584,长电科技,2025-10-28 10:19:30,42.47,7700,42.47,U
sh600584,长电科技,2025-10-28 10:19:33,42.46,15200,42.47,D
sh600584,长电科技,2025-10-28 10:19:36,42.46,7600,42.46,D
sh600584,长电科技,2025-10-28 10:19:39,42.46,29000,42.46,D
sh600584,长电科技,2025-10-28 10:19:42,42.45,9000,42.46,D
sh600584,长电科技,2025-10-28 10:19:45,42.45,36600,42.45,D
sh600584,长电科技,2025-10-28 10:19:48,42.45,16100,42.45,U
sh600584,长电科技,2025-10-28 10:19:51,42.46,11100,42.45,U
sh600584,长电科技,2025-10-28 10:19:54,42.45,26200,42.46,D
sh600584,长电科技,2025-10-28 10:19:57,42.37,447400,42.45,D
sh600584,长电科技,2025-10-28 10:20:00,42.37,81300,42.37,U
sh600584,长电科技,2025-10-28 10:20:03,42.36,65800,42.37,E
sh600584,长电科技,2025-10-28 10:20:06,42.38,32200,42.36,U
sh600584,长电科技,2025-10-28 10:20:09,42.34,33800,42.38,D
sh600584,长电科技,2025-10-28 10:20:12,42.42,20900,42.34,E
sh600584,长电科技,2025-10-28 10:20:15,42.37,11400,42.42,D
sh600584,长电科技,2025-10-28 10:20:18,42.39,9100,42.37,E
sh600584,长电科技,2025-10-28 10:20:21,42.43,14900,42.39,U
sh600584,长电科技,2025-10-28 10:20:24,42.41,21600,42.43,D
sh600584,长电科技,2025-10-28 10:20:27,42.41,23400,42.41,D
sh600584,长电科技,2025-10-28 10:20:30,42.41,6700,42.41,U
sh600584,长电科技,2025-10-28 10:20:33,42.44,36000,42.41,U
sh600584,长电科技,2025-10-28 10:20:36,42.45,11500,42.44,U
sh600584,长电科技,2025-10-28 10:20:39,42.41,28100,42.45,D
sh600584,长电科技,2025-10-28 10:20:42,42.44,6600,42.41,U
sh600584,长电科技,2025-10-28 10:20:51,42.44,6400,42.44,U
sh600584,长电科技,2025-10-28 10:20:54,42.42,25600,42.44,D
sh600584,长电科技,2025-10-28 10:20:57,42.41,5200,42.42,D
sh600584,长电科技,2025-10-28 10:21:00,42.42,22600,42.41,U
sh600584,长电科技,2025-10-28 10:21:03,42.42,7900,42.42,D
sh600584,长电科技,2025-10-28 10:21:06,42.42,5600,42.42,D
sh600584,长电科技,2025-10-28 10:21:09,42.42,8000,42.42,D
sh600584,长电科技,2025-10-28 10:21:15,42.43,14500,42.43,D
sh600584,长电科技,2025-10-28 10:21:18,42.41,157800,42.43,D
sh600584,长电科技,2025-10-28 10:21:21,42.41,11800,42.41,U
sh600584,长电科技,2025-10-28 10:21:24,42.4,27200,42.41,D
sh600584,长电科技,2025-10-28 10:21:27,42.41,64500,42.4,U
sh600584,长电科技,2025-10-28 10:21:30,42.42,10100,42.41,U
sh600584,长电科技,2025-10-28 10:21:33,42.4,25100,42.42,D
sh600584,长电科技,2025-10-28 10:21:39,42.41,5300,42.41,D
sh600584,长电科技,2025-10-28 10:21:42,42.42,12500,42.41,U
sh600584,长电科技,2025-10-28 10:21:45,42.42,14400,42.42,U
sh600584,长电科技,2025-10-28 10:21:48,42.42,20500,42.42,U
sh600584,长电科技,2025-10-28 10:21:51,42.42,26300,42.42,U
sh600584,长电科技,2025-10-28 10:21:54,42.42,5900,42.42,U
sh600584,长电科技,2025-10-28 10:21:57,42.41,5500,42.42,D
sh600584,长电科技,2025-10-28 10:22:03,42.42,14200,42.42,U
sh600584,长电科技,2025-10-28 10:22:06,42.42,25900,42.42,U
sh600584,长电科技,2025-10-28 10:22:09,42.42,14800,42.42,E
sh600584,长电科技,2025-10-28 10:22:12,42.43,11900,42.42,U
sh600584,长电科技,2025-10-28 10:22:15,42.43,8600,42.43,D
sh600584,长电科技,2025-10-28 10:22:18,42.43,8500,42.43,U
sh600584,长电科技,2025-10-28 10:22:21,42.42,31100,42.43,D
sh600584,长电科技,2025-10-28 10:22:24,42.41,25600,42.42,D
sh600584,长电科技,2025-10-28 10:22:27,42.39,126800,42.41,D
sh600584,长电科技,2025-10-28 10:22:30,42.41,16400,42.39,U
sh600584,长电科技,2025-10-28 10:22:33,42.41,9800,42.41,U
sh600584,长电科技,2025-10-28 10:22:36,42.4,7600,42.41,E
sh600584,长电科技,2025-10-28 10:22:39,42.4,36100,42.4,D
sh600584,长电科技,2025-10-28 10:22:45,42.4,13200,42.4,D
sh600584,长电科技,2025-10-28 10:22:48,42.39,35100,42.4,D
sh600584,长电科技,2025-10-28 10:22:51,42.39,13900,42.39,D
sh600584,长电科技,2025-10-28 10:22:57,42.39,53600,42.39,D
sh600584,长电科技,2025-10-28 10:23:00,42.4,17500,42.39,U
sh600584,长电科技,2025-10-28 10:23:03,42.4,25000,42.4,U
sh600584,长电科技,2025-10-28 10:23:06,42.4,23300,42.4,D
sh600584,长电科技,2025-10-28 10:23:09,42.41,6800,42.4,U
sh600584,长电科技,2025-10-28 10:23:12,42.4,18700,42.41,D
sh600584,长电科技,2025-10-28 10:23:15,42.4,12400,42.4,D
sh600584,长电科技,2025-10-28 10:23:21,42.4,39300,42.4,D
sh600584,长电科技,2025-10-28 10:23:24,42.4,13000,42.4,D
sh600584,长电科技,2025-10-28 10:23:27,42.4,9700,42.4,U
sh600584,长电科技,2025-10-28 10:23:30,42.4,14700,42.4,U
sh600584,长电科技,2025-10-28 10:23:33,42.4,15900,42.4,U
sh600584,长电科技,2025-10-28 10:23:36,42.4,7100,42.4,U
sh600584,长电科技,2025-10-28 10:23:39,42.4,18500,42.4,U
sh600584,长电科技,2025-10-28 10:23:42,42.39,6300,42.4,D
sh600584,长电科技,2025-10-28 10:23:45,42.4,5200,42.39,U
sh600584,长电科技,2025-10-28 10:23:48,42.39,33000,42.4,D
sh600584,长电科技,2025-10-28 10:23:51,42.39,4900,42.39,U
sh600584,长电科技,2025-10-28 10:23:54,42.39,4900,42.39,D
sh600584,长电科技,2025-10-28 10:23:57,42.4,10700,42.39,U
sh600584,长电科技,2025-10-28 10:24:00,42.4,24400,42.4,U
sh600584,长电科技,2025-10-28 10:24:03,42.39,19200,42.4,D
sh600584,长电科技,2025-10-28 10:24:06,42.4,14500,42.39,U
sh600584,长电科技,2025-10-28 10:24:09,42.4,54000,42.4,U
sh600584,长电科技,2025-10-28 10:24:12,42.4,42400,42.4,D
sh600584,长电科技,2025-10-28 10:24:18,42.4,10500,42.4,U
sh600584,长电科技,2025-10-28 10:24:21,42.39,9000,42.4,D
sh600584,长电科技,2025-10-28 10:24:24,42.4,6100,42.39,E
sh600584,长电科技,2025-10-28 10:24:27,42.39,11000,42.4,D
sh600584,长电科技,2025-10-28 10:24:30,42.39,5500,42.39,U
sh600584,长电科技,2025-10-28 10:24:36,42.39,10800,42.39,U
sh600584,长电科技,2025-10-28 10:24:39,42.39,26500,42.39,U
sh600584,长电科技,2025-10-28 10:24:42,42.39,13500,42.39,U
sh600584,长电科技,2025-10-28 10:24:51,42.39,25400,42.39,D
sh600584,长电科技,2025-10-28 10:24:54,42.4,13800,42.39,U
sh600584,长电科技,2025-10-28 10:24:57,42.39,17200,42.4,D
sh600584,长电科技,2025-10-28 10:25:00,42.39,10800,42.39,D
sh600584,长电科技,2025-10-28 10:25:03,42.39,10500,42.39,D
sh600584,长电科技,2025-10-28 10:25:06,42.38,16200,42.39,D
sh600584,长电科技,2025-10-28 10:25:09,42.39,5300,42.38,U
sh600584,长电科技,2025-10-28 10:25:12,42.39,8900,42.39,U
sh600584,长电科技,2025-10-28 10:25:15,42.4,12800,42.39,U
sh600584,长电科技,2025-10-28 10:25:18,42.39,21700,42.4,E
sh600584,长电科技,2025-10-28 10:25:24,42.39,7100,42.39,D
sh600584,长电科技,2025-10-28 10:25:27,42.39,6300,42.39,D
sh600584,长电科技,2025-10-28 10:25:30,42.39,14700,42.39,D
sh600584,长电科技,2025-10-28 10:25:33,42.39,12800,42.39,D
sh600584,长电科技,2025-10-28 10:25:36,42.39,18900,42.39,U
sh600584,长电科技,2025-10-28 10:25:39,42.39,15900,42.39,U
sh600584,长电科技,2025-10-28 10:25:42,42.39,13300,42.39,U
sh600584,长电科技,2025-10-28 10:25:45,42.39,18400,42.39,U
sh600584,长电科技,2025-10-28 10:25:48,42.38,14000,42.39,D
sh600584,长电科技,2025-10-28 10:25:51,42.39,5200,42.38,E
sh600584,长电科技,2025-10-28 10:26:00,42.39,55300,42.39,U
sh600584,长电科技,2025-10-28 10:26:03,42.39,6600,42.39,D
sh600584,长电科技,2025-10-28 10:26:09,42.39,8000,42.39,D
sh600584,长电科技,2025-10-28 10:26:15,42.4,5200,42.4,D
sh600584,长电科技,2025-10-28 10:26:21,42.4,6300,42.4,D
sh600584,长电科技,2025-10-28 10:26:24,42.41,18900,42.4,U
sh600584,长电科技,2025-10-28 10:26:33,42.41,5700,42.42,D
sh600584,长电科技,2025-10-28 10:26:36,42.42,7200,42.41,U
sh600584,长电科技,2025-10-28 10:26:39,42.41,8100,42.42,D
sh600584,长电科技,2025-10-28 10:26:42,42.41,7200,42.41,U
sh600584,长电科技,2025-10-28 10:26:45,42.42,12400,42.41,U
sh600584,长电科技,2025-10-28 10:26:48,42.41,6100,42.42,D
sh600584,长电科技,2025-10-28 10:26:51,42.41,12000,42.41,D
sh600584,长电科技,2025-10-28 10:26:54,42.41,11600,42.41,U
sh600584,长电科技,2025-10-28 10:26:57,42.42,12000,42.41,U
sh600584,长电科技,2025-10-28 10:27:00,42.41,9900,42.42,D
sh600584,长电科技,2025-10-28 10:27:03,42.42,19800,42.41,U
sh600584,长电科技,2025-10-28 10:27:06,42.41,10700,42.42,D
sh600584,长电科技,2025-10-28 10:27:09,42.41,5000,42.41,U
sh600584,长电科技,2025-10-28 10:27:12,42.42,22500,42.41,U
sh600584,长电科技,2025-10-28 10:27:18,42.41,7500,42.42,D
sh600584,长电科技,2025-10-28 10:27:21,42.41,7000,42.41,D
sh600584,长电科技,2025-10-28 10:27:24,42.41,7700,42.41,D
sh600584,长电科技,2025-10-28 10:27:27,42.41,8600,42.41,D
sh600584,长电科技,2025-10-28 10:27:39,42.43,6500,42.44,E
sh600584,长电科技,2025-10-28 10:27:42,42.45,9300,42.43,U
sh600584,长电科技,2025-10-28 10:27:45,42.45,6400,42.45,U
sh600584,长电科技,2025-10-28 10:27:48,42.44,15800,42.45,E
sh600584,长电科技,2025-10-28 10:28:00,42.46,6400,42.45,U
sh600584,长电科技,2025-10-28 10:28:03,42.46,6700,42.46,U
sh600584,长电科技,2025-10-28 10:28:06,42.46,5400,42.46,D
sh600584,长电科技,2025-10-28 10:28:09,42.46,15300,42.46,D
sh600584,长电科技,2025-10-28 10:28:12,42.4,180600,42.46,D
sh600584,长电科技,2025-10-28 10:28:15,42.38,50500,42.4,D
sh600584,长电科技,2025-10-28 10:28:18,42.38,7900,42.38,D
sh600584,长电科技,2025-10-28 10:28:21,42.37,54900,42.38,D
sh600584,长电科技,2025-10-28 10:28:24,42.37,31200,42.37,D
sh600584,长电科技,2025-10-28 10:28:30,42.36,62400,42.37,D
sh600584,长电科技,2025-10-28 10:28:33,42.35,52000,42.36,D
sh600584,长电科技,2025-10-28 10:28:36,42.34,17700,42.35,D
sh600584,长电科技,2025-10-28 10:28:42,42.34,13500,42.34,D
sh600584,长电科技,2025-10-28 10:28:45,42.34,9900,42.34,D
sh600584,长电科技,2025-10-28 10:28:48,42.34,5100,42.34,U
sh600584,长电科技,2025-10-28 10:28:51,42.34,8300,42.34,U
sh600584,长电科技,2025-10-28 10:28:54,42.32,25900,42.34,D
sh600584,长电科技,2025-10-28 10:28:57,42.33,18500,42.32,U
sh600584,长电科技,2025-10-28 10:29:00,42.31,12500,42.33,D
sh600584,长电科技,2025-10-28 10:29:03,42.32,14400,42.31,U
sh600584,长电科技,2025-10-28 10:29:06,42.31,6800,42.32,D
sh600584,长电科技,2025-10-28 10:29:09,42.31,6700,42.31,D
sh600584,长电科技,2025-10-28 10:29:12,42.31,14900,42.31,D
sh600584,长电科技,2025-10-28 10:29:15,42.31,15300,42.31,D
sh600584,长电科技,2025-10-28 10:29:18,42.32,15200,42.31,U
sh600584,长电科技,2025-10-28 10:29:21,42.32,26000,42.32,U
sh600584,长电科技,2025-10-28 10:29:24,42.32,40200,42.32,U
sh600584,长电科技,2025-10-28 10:29:27,42.32,5600,42.32,D
sh600584,长电科技,2025-10-28 10:29:30,42.32,15800,42.32,D
sh600584,长电科技,2025-10-28 10:29:33,42.32,20700,42.32,D
sh600584,长电科技,2025-10-28 10:29:36,42.33,31700,42.32,D
sh600584,长电科技,2025-10-28 10:29:39,42.32,5800,42.33,D
sh600584,长电科技,2025-10-28 10:29:42,42.33,6600,42.32,U
sh600584,长电科技,2025-10-28 10:29:45,42.32,12500,42.33,D
sh600584,长电科技,2025-10-28 10:29:48,42.33,25100,42.32,U
sh600584,长电科技,2025-10-28 10:29:51,42.32,28500,42.33,D
sh600584,长电科技,2025-10-28 10:29:54,42.32,11500,42.32,U
sh600584,长电科技,2025-10-28 10:29:57,42.32,9100,42.32,U
sh600584,长电科技,2025-10-28 10:30:00,42.31,11000,42.32,D
sh600584,长电科技,2025-10-28 10:30:03,42.31,22300,42.31,D
sh600584,长电科技,2025-10-28 10:30:06,42.32,5800,42.31,D
sh600584,长电科技,2025-10-28 10:30:09,42.34,13000,42.32,U
sh600584,长电科技,2025-10-28 10:30:12,42.33,7100,42.34,U
sh600584,长电科技,2025-10-28 10:30:15,42.32,6100,42.33,D
sh600584,长电科技,2025-10-28 10:30:24,42.33,6600,42.33,D
sh600584,长电科技,2025-10-28 10:30:30,42.34,11300,42.33,U
sh600584,长电科技,2025-10-28 10:30:33,42.35,15800,42.34,U
sh600584,长电科技,2025-10-28 10:30:39,42.35,9300,42.35,U
sh600584,长电科技,2025-10-28 10:30:42,42.35,13800,42.35,D
sh600584,长电科技,2025-10-28 10:30:51,42.37,8700,42.36,U
sh600584,长电科技,2025-10-28 10:30:57,42.36,5900,42.36,D
sh600584,长电科技,2025-10-28 10:31:00,42.37,13400,42.36,U
sh600584,长电科技,2025-10-28 10:31:03,42.37,11100,42.37,D
sh600584,长电科技,2025-10-28 10:31:06,42.38,15600,42.37,U
sh600584,长电科技,2025-10-28 10:31:09,42.37,5900,42.38,D
sh600584,长电科技,2025-10-28 10:31:12,42.39,15400,42.37,U
sh600584,长电科技,2025-10-28 10:31:18,42.4,13300,42.4,U
sh600584,长电科技,2025-10-28 10:31:24,42.4,12400,42.4,D
sh600584,长电科技,2025-10-28 10:31:27,42.41,4900,42.4,U
sh600584,长电科技,2025-10-28 10:31:30,42.41,15800,42.41,D
sh600584,长电科技,2025-10-28 10:31:33,42.39,34100,42.41,D
sh600584,长电科技,2025-10-28 10:31:36,42.4,8800,42.39,U
sh600584,长电科技,2025-10-28 10:31:39,42.39,9800,42.4,D
sh600584,长电科技,2025-10-28 10:31:42,42.4,4800,42.39,U
sh600584,长电科技,2025-10-28 10:31:45,42.4,7500,42.4,U
sh600584,长电科技,2025-10-28 10:31:48,42.39,11500,42.4,D
sh600584,长电科技,2025-10-28 10:31:51,42.38,9100,42.39,D
sh600584,长电科技,2025-10-28 10:31:54,42.38,7000,42.38,D
sh600584,长电科技,2025-10-28 10:31:57,42.36,61900,42.38,D
sh600584,长电科技,2025-10-28 10:32:00,42.36,21200,42.36,U
sh600584,长电科技,2025-10-28 10:32:03,42.35,5300,42.36,D
sh600584,长电科技,2025-10-28 10:32:06,42.35,7000,42.35,D
sh600584,长电科技,2025-10-28 10:32:09,42.34,12000,42.35,D
sh600584,长电科技,2025-10-28 10:32:12,42.35,21100,42.34,U
sh600584,长电科技,2025-10-28 10:32:15,42.34,5300,42.35,D
sh600584,长电科技,2025-10-28 10:32:21,42.34,18200,42.34,U
sh600584,长电科技,2025-10-28 10:32:24,42.34,27100,42.34,D
sh600584,长电科技,2025-10-28 10:32:27,42.34,6700,42.34,D
sh600584,长电科技,2025-10-28 10:32:30,42.33,4900,42.34,D
sh600584,长电科技,2025-10-28 10:32:33,42.34,5000,42.33,U
sh600584,长电科技,2025-10-28 10:32:36,42.34,9200,42.34,U
sh600584,长电科技,2025-10-28 10:32:39,42.34,11700,42.34,U
sh600584,长电科技,2025-10-28 10:32:42,42.34,14900,42.34,D
sh600584,长电科技,2025-10-28 10:32:45,42.34,7400,42.34,U
sh600584,长电科技,2025-10-28 10:32:51,42.34,5000,42.33,U
sh600584,长电科技,2025-10-28 10:32:54,42.33,8600,42.34,D
sh600584,长电科技,2025-10-28 10:32:57,42.33,18800,42.33,D
sh600584,长电科技,2025-10-28 10:33:03,42.33,12900,42.32,U
sh600584,长电科技,2025-10-28 10:33:06,42.33,8300,42.33,U
sh600584,长电科技,2025-10-28 10:33:09,42.32,15900,42.33,D
sh600584,长电科技,2025-10-28 10:33:12,42.32,15500,42.32,D
sh600584,长电科技,2025-10-28 10:33:15,42.32,10100,42.32,D
sh600584,长电科技,2025-10-28 10:33:18,42.32,14900,42.32,U
sh600584,长电科技,2025-10-28 10:33:21,42.31,34500,42.32,D
sh600584,长电科技,2025-10-28 10:33:24,42.31,149600,42.31,D
sh600584,长电科技,2025-10-28 10:33:27,42.3,8200,42.31,D
sh600584,长电科技,2025-10-28 10:33:30,42.31,15800,42.3,U
sh600584,长电科技,2025-10-28 10:33:33,42.31,95800,42.31,U
sh600584,长电科技,2025-10-28 10:33:36,42.3,23800,42.31,D
sh600584,长电科技,2025-10-28 10:33:39,42.31,19600,42.3,U
sh600584,长电科技,2025-10-28 10:33:42,42.3,57387,42.31,D
sh600584,长电科技,2025-10-28 10:33:45,42.3,35213,42.3,D
sh600584,长电科技,2025-10-28 10:33:48,42.3,15100,42.3,U
sh600584,长电科技,2025-10-28 10:33:51,42.29,22213,42.3,D
sh600584,长电科技,2025-10-28 10:33:54,42.29,8787,42.29,D
sh600584,长电科技,2025-10-28 10:33:57,42.28,10600,42.29,D
sh600584,长电科技,2025-10-28 10:34:00,42.27,47000,42.28,D
sh600584,长电科技,2025-10-28 10:34:03,42.26,13200,42.27,D
sh600584,长电科技,2025-10-28 10:34:06,42.27,6400,42.26,U
sh600584,长电科技,2025-10-28 10:34:09,42.27,17200,42.27,U
sh600584,长电科技,2025-10-28 10:34:12,42.26,22900,42.27,D
sh600584,长电科技,2025-10-28 10:34:15,42.26,7100,42.26,U
sh600584,长电科技,2025-10-28 10:34:18,42.26,16000,42.26,U
sh600584,长电科技,2025-10-28 10:34:21,42.27,121700,42.26,U
sh600584,长电科技,2025-10-28 10:34:24,42.26,45500,42.27,D
sh600584,长电科技,2025-10-28 10:34:27,42.27,14400,42.26,U
sh600584,长电科技,2025-10-28 10:34:30,42.27,15300,42.27,D
sh600584,长电科技,2025-10-28 10:34:33,42.27,11600,42.27,D
sh600584,长电科技,2025-10-28 10:34:36,42.26,6800,42.27,D
sh600584,长电科技,2025-10-28 10:34:39,42.26,18900,42.26,D
sh600584,长电科技,2025-10-28 10:34:42,42.26,23800,42.26,D
sh600584,长电科技,2025-10-28 10:34:45,42.25,8400,42.26,D
sh600584,长电科技,2025-10-28 10:34:48,42.26,16100,42.25,U
sh600584,长电科技,2025-10-28 10:34:51,42.25,18100,42.26,D
sh600584,长电科技,2025-10-28 10:34:54,42.25,15300,42.25,D
sh600584,长电科技,2025-10-28 10:34:57,42.25,21200,42.25,D
sh600584,长电科技,2025-10-28 10:35:00,42.25,33200,42.25,U
sh600584,长电科技,2025-10-28 10:35:03,42.25,9000,42.25,U
sh600584,长电科技,2025-10-28 10:35:06,42.26,46500,42.25,U
sh600584,长电科技,2025-10-28 10:35:09,42.26,7600,42.26,D
sh600584,长电科技,2025-10-28 10:35:12,42.28,12000,42.26,U
sh600584,长电科技,2025-10-28 10:35:15,42.28,6500,42.28,D
sh600584,长电科技,2025-10-28 10:35:18,42.28,6100,42.28,E
sh600584,长电科技,2025-10-28 10:35:21,42.3,10700,42.28,U
sh600584,长电科技,2025-10-28 10:35:24,42.31,14000,42.3,U
sh600584,长电科技,2025-10-28 10:35:27,42.28,23300,42.31,D
sh600584,长电科技,2025-10-28 10:35:33,42.31,11100,42.3,U
sh600584,长电科技,2025-10-28 10:35:39,42.31,12500,42.31,U
sh600584,长电科技,2025-10-28 10:35:45,42.3,8000,42.31,D
sh600584,长电科技,2025-10-28 10:35:48,42.31,9200,42.3,U
sh600584,长电科技,2025-10-28 10:35:51,42.3,8100,42.31,D
sh600584,长电科技,2025-10-28 10:35:54,42.3,17000,42.3,D
sh600584,长电科技,2025-10-28 10:35:57,42.3,16100,42.3,D
sh600584,长电科技,2025-10-28 10:36:00,42.3,12944,42.3,D
sh600584,长电科技,2025-10-28 10:36:03,42.3,6200,42.3,U
sh600584,长电科技,2025-10-28 10:36:06,42.3,12800,42.3,U
sh600584,长电科技,2025-10-28 10:36:12,42.29,12000,42.3,D
sh600584,长电科技,2025-10-28 10:36:15,42.29,37300,42.29,U
sh600584,长电科技,2025-10-28 10:36:18,42.29,8200,42.29,U
sh600584,长电科技,2025-10-28 10:36:24,42.29,4900,42.28,U
sh600584,长电科技,2025-10-28 10:36:27,42.28,22200,42.29,D
sh600584,长电科技,2025-10-28 10:36:30,42.29,8700,42.28,U
sh600584,长电科技,2025-10-28 10:36:33,42.29,14400,42.29,D
sh600584,长电科技,2025-10-28 10:36:36,42.29,7900,42.29,D
sh600584,长电科技,2025-10-28 10:36:39,42.29,17400,42.29,U
sh600584,长电科技,2025-10-28 10:36:42,42.28,8800,42.29,D
sh600584,长电科技,2025-10-28 10:36:45,42.29,29500,42.28,U
sh600584,长电科技,2025-10-28 10:36:51,42.29,7600,42.29,U
sh600584,长电科技,2025-10-28 10:36:54,42.29,7500,42.29,U
sh600584,长电科技,2025-10-28 10:36:57,42.29,13200,42.29,U
sh600584,长电科技,2025-10-28 10:37:00,42.28,11100,42.29,D
sh600584,长电科技,2025-10-28 10:37:03,42.3,149900,42.28,U
sh600584,长电科技,2025-10-28 10:37:06,42.29,24700,42.3,D
sh600584,长电科技,2025-10-28 10:37:09,42.29,14000,42.29,D
sh600584,长电科技,2025-10-28 10:37:12,42.29,10400,42.29,U
sh600584,长电科技,2025-10-28 10:37:15,42.28,40500,42.29,D
sh600584,长电科技,2025-10-28 10:37:18,42.28,10600,42.28,U
sh600584,长电科技,2025-10-28 10:37:21,42.28,20700,42.28,U
sh600584,长电科技,2025-10-28 10:37:24,42.28,9700,42.28,U
sh600584,长电科技,2025-10-28 10:37:27,42.28,23700,42.28,U
sh600584,长电科技,2025-10-28 10:37:39,42.29,7100,42.28,U
sh600584,长电科技,2025-10-28 10:37:42,42.25,107750,42.29,D
sh600584,长电科技,2025-10-28 10:37:48,42.28,8000,42.28,U
sh600584,长电科技,2025-10-28 10:37:54,42.26,10100,42.28,D
sh600584,长电科技,2025-10-28 10:37:57,42.28,9700,42.26,U
sh600584,长电科技,2025-10-28 10:38:00,42.26,11200,42.28,D
sh600584,长电科技,2025-10-28 10:38:03,42.26,16000,42.26,D
sh600584,长电科技,2025-10-28 10:38:06,42.25,29200,42.26,D
sh600584,长电科技,2025-10-28 10:38:09,42.26,8700,42.25,U
sh600584,长电科技,2025-10-28 10:38:12,42.28,54800,42.26,U
sh600584,长电科技,2025-10-28 10:38:15,42.26,17700,42.28,D
sh600584,长电科技,2025-10-28 10:38:18,42.26,8000,42.26,D
sh600584,长电科技,2025-10-28 10:38:21,42.28,28000,42.26,U
sh600584,长电科技,2025-10-28 10:38:27,42.28,8800,42.27,U
sh600584,长电科技,2025-10-28 10:38:33,42.28,14200,42.27,U
sh600584,长电科技,2025-10-28 10:38:36,42.27,11500,42.28,U
sh600584,长电科技,2025-10-28 10:38:39,42.26,19600,42.27,D
sh600584,长电科技,2025-10-28 10:38:42,42.27,8200,42.26,D
sh600584,长电科技,2025-10-28 10:38:45,42.27,26900,42.27,U
sh600584,长电科技,2025-10-28 10:38:48,42.28,13800,42.27,U
sh600584,长电科技,2025-10-28 10:38:51,42.27,17500,42.28,U
sh600584,长电科技,2025-10-28 10:38:54,42.27,29300,42.27,D
sh600584,长电科技,2025-10-28 10:38:57,42.27,6800,42.27,D
sh600584,长电科技,2025-10-28 10:39:03,42.26,5700,42.26,D
sh600584,长电科技,2025-10-28 10:39:12,42.27,8700,42.26,U
sh600584,长电科技,2025-10-28 10:39:15,42.27,51350,42.27,U
sh600584,长电科技,2025-10-28 10:39:21,42.27,12700,42.26,U
sh600584,长电科技,2025-10-28 10:39:24,42.26,18400,42.27,D
sh600584,长电科技,2025-10-28 10:39:27,42.26,8100,42.26,D
sh600584,长电科技,2025-10-28 10:39:30,42.27,8300,42.26,U
sh600584,长电科技,2025-10-28 10:39:33,42.25,4900,42.27,D
sh600584,长电科技,2025-10-28 10:39:36,42.26,16900,42.25,U
sh600584,长电科技,2025-10-28 10:39:42,42.26,5800,42.25,U
sh600584,长电科技,2025-10-28 10:39:45,42.26,9000,42.26,U
sh600584,长电科技,2025-10-28 10:39:48,42.25,6300,42.26,D
sh600584,长电科技,2025-10-28 10:39:54,42.25,22621,42.25,D
sh600584,长电科技,2025-10-28 10:39:57,42.26,16000,42.25,U
sh600584,长电科技,2025-10-28 10:40:00,42.25,14900,42.26,D
sh600584,长电科技,2025-10-28 10:40:03,42.26,6700,42.25,U
sh600584,长电科技,2025-10-28 10:40:06,42.25,16779,42.26,D
sh600584,长电科技,2025-10-28 10:40:09,42.25,10300,42.25,U
sh600584,长电科技,2025-10-28 10:40:12,42.25,7500,42.25,D
sh600584,长电科技,2025-10-28 10:40:15,42.24,11300,42.25,D
sh600584,长电科技,2025-10-28 10:40:18,42.23,88000,42.24,D
sh600584,长电科技,2025-10-28 10:40:21,42.23,8900,42.23,U
sh600584,长电科技,2025-10-28 10:40:27,42.22,16500,42.23,D
sh600584,长电科技,2025-10-28 10:40:30,42.22,14100,42.22,D
sh600584,长电科技,2025-10-28 10:40:36,42.21,28000,42.22,D
sh600584,长电科技,2025-10-28 10:40:39,42.21,19900,42.21,D
sh600584,长电科技,2025-10-28 10:40:42,42.21,5800,42.21,D
sh600584,长电科技,2025-10-28 10:40:48,42.21,92800,42.21,U
sh600584,长电科技,2025-10-28 10:40:51,42.22,73300,42.21,U
sh600584,长电科技,2025-10-28 10:40:54,42.22,26400,42.22,D
sh600584,长电科技,2025-10-28 10:40:57,42.22,16700,42.22,D
sh600584,长电科技,2025-10-28 10:41:00,42.23,30700,42.22,U
sh600584,长电科技,2025-10-28 10:41:03,42.25,80900,42.23,U
sh600584,长电科技,2025-10-28 10:41:06,42.25,36471,42.25,U
sh600584,长电科技,2025-10-28 10:41:12,42.28,7700,42.27,U
sh600584,长电科技,2025-10-28 10:41:15,42.27,12400,42.28,D
sh600584,长电科技,2025-10-28 10:41:18,42.27,6100,42.27,D
sh600584,长电科技,2025-10-28 10:41:30,42.3,31287,42.29,U
sh600584,长电科技,2025-10-28 10:41:33,42.33,39100,42.3,U
sh600584,长电科技,2025-10-28 10:41:36,42.33,12500,42.33,D
sh600584,长电科技,2025-10-28 10:41:39,42.35,13200,42.33,U
sh600584,长电科技,2025-10-28 10:41:45,42.37,8700,42.35,U
sh600584,长电科技,2025-10-28 10:41:54,42.38,7500,42.37,U
sh600584,长电科技,2025-10-28 10:42:00,42.37,12900,42.39,D
sh600584,长电科技,2025-10-28 10:42:03,42.37,5600,42.37,D
sh600584,长电科技,2025-10-28 10:42:06,42.37,58800,42.37,D
sh600584,长电科技,2025-10-28 10:42:09,42.37,6000,42.37,U
sh600584,长电科技,2025-10-28 10:42:18,42.36,7400,42.36,U
sh600584,长电科技,2025-10-28 10:42:24,42.36,5000,42.37,D
sh600584,长电科技,2025-10-28 10:42:27,42.37,5500,42.36,U
sh600584,长电科技,2025-10-28 10:42:39,42.36,6800,42.36,U
sh600584,长电科技,2025-10-28 10:42:42,42.36,12000,42.36,U
sh600584,长电科技,2025-10-28 10:42:48,42.37,14200,42.36,U
sh600584,长电科技,2025-10-28 10:42:51,42.36,5100,42.37,D
sh600584,长电科技,2025-10-28 10:42:54,42.36,6800,42.36,U
sh600584,长电科技,2025-10-28 10:42:57,42.36,7900,42.36,U
sh600584,长电科技,2025-10-28 10:43:03,42.36,12700,42.35,U
sh600584,长电科技,2025-10-28 10:43:06,42.35,6500,42.36,D
sh600584,长电科技,2025-10-28 10:43:09,42.35,6000,42.35,D
sh600584,长电科技,2025-10-28 10:43:12,42.34,19400,42.35,D
sh600584,长电科技,2025-10-28 10:43:15,42.35,5700,42.34,D
sh600584,长电科技,2025-10-28 10:43:24,42.35,6500,42.35,D
sh600584,长电科技,2025-10-28 10:43:27,42.36,12300,42.35,U
sh600584,长电科技,2025-10-28 10:43:30,42.36,5500,42.36,U
sh600584,长电科技,2025-10-28 10:43:33,42.38,97000,42.36,U
sh600584,长电科技,2025-10-28 10:43:42,42.37,14500,42.38,D
sh600584,长电科技,2025-10-28 10:43:48,42.38,5800,42.37,U
sh600584,长电科技,2025-10-28 10:43:51,42.39,5500,42.38,U
sh600584,长电科技,2025-10-28 10:44:06,42.38,6300,42.39,D
sh600584,长电科技,2025-10-28 10:44:12,42.39,7500,42.39,U
sh600584,长电科技,2025-10-28 10:44:15,42.39,5200,42.39,U
sh600584,长电科技,2025-10-28 10:44:21,42.38,12200,42.38,D
sh600584,长电科技,2025-10-28 10:44:24,42.38,25800,42.38,D
sh600584,长电科技,2025-10-28 10:44:27,42.38,7200,42.38,U
sh600584,长电科技,2025-10-28 10:44:30,42.38,4800,42.38,U
sh600584,长电科技,2025-10-28 10:44:33,42.37,8400,42.38,D
sh600584,长电科技,2025-10-28 10:44:36,42.37,5000,42.37,D
sh600584,长电科技,2025-10-28 10:44:39,42.37,5300,42.37,D
sh600584,长电科技,2025-10-28 10:44:45,42.38,5500,42.37,U
sh600584,长电科技,2025-10-28 10:44:48,42.38,11000,42.38,U
sh600584,长电科技,2025-10-28 10:44:51,42.38,9200,42.38,U
sh600584,长电科技,2025-10-28 10:44:54,42.39,5500,42.38,U
sh600584,长电科技,2025-10-28 10:44:57,42.38,15000,42.39,D
sh600584,长电科技,2025-10-28 10:45:03,42.39,7330,42.38,U
sh600584,长电科技,2025-10-28 10:45:06,42.39,20700,42.39,D
sh600584,长电科技,2025-10-28 10:45:09,42.39,20400,42.39,D
sh600584,长电科技,2025-10-28 10:45:12,42.39,7100,42.39,D
sh600584,长电科技,2025-10-28 10:45:15,42.4,26170,42.39,U
sh600584,长电科技,2025-10-28 10:45:18,42.39,7400,42.4,U
sh600584,长电科技,2025-10-28 10:45:21,42.4,14100,42.39,U
sh600584,长电科技,2025-10-28 10:45:24,42.39,16000,42.4,D
sh600584,长电科技,2025-10-28 10:45:27,42.38,10600,42.39,D
sh600584,长电科技,2025-10-28 10:45:30,42.37,6400,42.38,D
sh600584,长电科技,2025-10-28 10:45:42,42.38,7300,42.38,D
sh600584,长电科技,2025-10-28 10:45:45,42.38,5500,42.38,D
sh600584,长电科技,2025-10-28 10:45:48,42.38,27300,42.38,D
sh600584,长电科技,2025-10-28 10:45:51,42.39,5400,42.38,U
sh600584,长电科技,2025-10-28 10:45:57,42.39,7200,42.38,U
sh600584,长电科技,2025-10-28 10:46:03,42.38,8400,42.37,E
sh600584,长电科技,2025-10-28 10:46:06,42.38,7000,42.38,U
sh600584,长电科技,2025-10-28 10:46:18,42.39,5800,42.38,U
sh600584,长电科技,2025-10-28 10:46:24,42.39,6700,42.39,U
sh600584,长电科技,2025-10-28 10:46:30,42.39,7700,42.38,E
sh600584,长电科技,2025-10-28 10:46:33,42.39,14800,42.39,D
sh600584,长电科技,2025-10-28 10:46:42,42.39,7500,42.39,D
sh600584,长电科技,2025-10-28 10:46:45,42.37,20600,42.39,D
sh600584,长电科技,2025-10-28 10:46:57,42.36,43000,42.36,D
sh600584,长电科技,2025-10-28 10:47:03,42.35,5300,42.36,D
sh600584,长电科技,2025-10-28 10:47:06,42.33,16500,42.35,D
sh600584,长电科技,2025-10-28 10:47:09,42.33,31000,42.33,U
sh600584,长电科技,2025-10-28 10:47:12,42.3,8400,42.33,D
sh600584,长电科技,2025-10-28 10:47:21,42.3,11700,42.3,D
sh600584,长电科技,2025-10-28 10:47:24,42.31,5100,42.3,U
sh600584,长电科技,2025-10-28 10:47:39,42.31,14400,42.32,D
sh600584,长电科技,2025-10-28 10:47:45,42.31,9400,42.32,D
sh600584,长电科技,2025-10-28 10:47:54,42.31,5200,42.31,D
sh600584,长电科技,2025-10-28 10:47:57,42.31,16800,42.31,D
sh600584,长电科技,2025-10-28 10:48:06,42.3,7500,42.31,D
sh600584,长电科技,2025-10-28 10:48:09,42.3,7200,42.3,D
sh600584,长电科技,2025-10-28 10:48:12,42.3,12900,42.3,D
sh600584,长电科技,2025-10-28 10:48:15,42.31,13000,42.3,U
sh600584,长电科技,2025-10-28 10:48:18,42.31,5500,42.31,U
sh600584,长电科技,2025-10-28 10:48:24,42.31,15400,42.31,U
sh600584,长电科技,2025-10-28 10:48:27,42.31,38300,42.31,U
sh600584,长电科技,2025-10-28 10:48:33,42.3,5000,42.3,U
sh600584,长电科技,2025-10-28 10:48:36,42.29,16100,42.3,D
sh600584,长电科技,2025-10-28 10:48:39,42.29,76500,42.29,D
sh600584,长电科技,2025-10-28 10:48:45,42.3,8100,42.29,U
sh600584,长电科技,2025-10-28 10:48:48,42.27,66500,42.3,D
sh600584,长电科技,2025-10-28 10:48:51,42.26,11000,42.27,D
sh600584,长电科技,2025-10-28 10:48:54,42.27,13900,42.26,U
sh600584,长电科技,2025-10-28 10:48:57,42.27,5800,42.27,D
sh600584,长电科技,2025-10-28 10:49:03,42.26,9800,42.27,D
sh600584,长电科技,2025-10-28 10:49:12,42.26,5600,42.27,D
sh600584,长电科技,2025-10-28 10:49:15,42.26,16800,42.26,D
sh600584,长电科技,2025-10-28 10:49:18,42.26,9600,42.26,U
sh600584,长电科技,2025-10-28 10:49:24,42.25,9200,42.25,U
sh600584,长电科技,2025-10-28 10:49:27,42.25,13400,42.25,D
sh600584,长电科技,2025-10-28 10:49:30,42.25,8500,42.25,D
sh600584,长电科技,2025-10-28 10:49:42,42.25,10300,42.24,U
sh600584,长电科技,2025-10-28 10:49:45,42.24,8100,42.25,D
sh600584,长电科技,2025-10-28 10:49:48,42.25,5400,42.24,U
sh600584,长电科技,2025-10-28 10:49:51,42.24,13300,42.25,D
sh600584,长电科技,2025-10-28 10:49:54,42.23,11300,42.24,D
sh600584,长电科技,2025-10-28 10:49:57,42.23,14100,42.23,D
sh600584,长电科技,2025-10-28 10:50:00,42.24,29900,42.23,U
sh600584,长电科技,2025-10-28 10:50:03,42.23,6900,42.24,E
sh600584,长电科技,2025-10-28 10:50:06,42.23,5000,42.23,U
sh600584,长电科技,2025-10-28 10:50:09,42.22,12300,42.23,D
sh600584,长电科技,2025-10-28 10:50:12,42.22,9200,42.22,U
sh600584,长电科技,2025-10-28 10:50:15,42.24,25700,42.22,U
sh600584,长电科技,2025-10-28 10:50:18,42.25,42700,42.24,U
sh600584,长电科技,2025-10-28 10:50:21,42.26,19900,42.25,U
sh600584,长电科技,2025-10-28 10:50:30,42.26,9400,42.26,E
sh600584,长电科技,2025-10-28 10:50:33,42.26,7900,42.26,D
sh600584,长电科技,2025-10-28 10:50:36,42.26,5200,42.26,D
sh600584,长电科技,2025-10-28 10:50:39,42.26,7700,42.26,D
sh600584,长电科技,2025-10-28 10:50:45,42.25,6400,42.26,D
sh600584,长电科技,2025-10-28 10:50:48,42.26,17500,42.25,U
sh600584,长电科技,2025-10-28 10:50:51,42.26,4800,42.26,D
sh600584,长电科技,2025-10-28 10:50:54,42.26,9700,42.26,D
sh600584,长电科技,2025-10-28 10:51:03,42.25,42500,42.27,D
sh600584,长电科技,2025-10-28 10:51:06,42.25,8900,42.25,U
sh600584,长电科技,2025-10-28 10:51:12,42.25,7200,42.26,D
sh600584,长电科技,2025-10-28 10:51:21,42.25,15000,42.25,D
sh600584,长电科技,2025-10-28 10:51:24,42.26,7900,42.25,U
sh600584,长电科技,2025-10-28 10:51:27,42.26,5700,42.26,U
sh600584,长电科技,2025-10-28 10:51:30,42.24,12600,42.26,D
sh600584,长电科技,2025-10-28 10:51:33,42.25,4800,42.24,U
sh600584,长电科技,2025-10-28 10:51:36,42.24,7200,42.25,D
sh600584,长电科技,2025-10-28 10:51:42,42.24,5500,42.25,D
sh600584,长电科技,2025-10-28 10:51:45,42.24,15200,42.24,D
sh600584,长电科技,2025-10-28 10:51:51,42.24,28900,42.24,U
sh600584,长电科技,2025-10-28 10:51:54,42.23,4900,42.24,U
sh600584,长电科技,2025-10-28 10:51:57,42.22,6300,42.23,D
sh600584,长电科技,2025-10-28 10:52:00,42.22,36200,42.22,D
sh600584,长电科技,2025-10-28 10:52:03,42.22,14455,42.22,D
sh600584,长电科技,2025-10-28 10:52:12,42.24,36845,42.22,U
sh600584,长电科技,2025-10-28 10:52:15,42.23,6100,42.24,D
sh600584,长电科技,2025-10-28 10:52:18,42.23,22900,42.23,U
sh600584,长电科技,2025-10-28 10:52:24,42.22,35000,42.23,D
sh600584,长电科技,2025-10-28 10:52:27,42.23,14900,42.22,U
sh600584,长电科技,2025-10-28 10:52:30,42.25,88600,42.23,U
sh600584,长电科技,2025-10-28 10:52:36,42.27,21600,42.27,U
sh600584,长电科技,2025-10-28 10:52:54,42.24,4800,42.24,U
sh600584,长电科技,2025-10-28 10:52:57,42.24,16100,42.24,U
sh600584,长电科技,2025-10-28 10:53:00,42.24,5600,42.24,U
sh600584,长电科技,2025-10-28 10:53:03,42.24,6500,42.24,U
sh600584,长电科技,2025-10-28 10:53:06,42.24,7600,42.24,U
sh600584,长电科技,2025-10-28 10:53:09,42.24,9600,42.24,D
sh600584,长电科技,2025-10-28 10:53:12,42.24,6200,42.24,D
sh600584,长电科技,2025-10-28 10:53:15,42.24,7600,42.24,D
sh600584,长电科技,2025-10-28 10:53:18,42.24,4800,42.24,D
sh600584,长电科技,2025-10-28 10:53:27,42.26,5800,42.25,U
sh600584,长电科技,2025-10-28 10:53:36,42.25,5600,42.24,U
sh600584,长电科技,2025-10-28 10:53:42,42.24,7800,42.25,D
sh600584,长电科技,2025-10-28 10:53:51,42.25,5200,42.25,U
sh600584,长电科技,2025-10-28 10:54:00,42.26,5100,42.24,U
sh600584,长电科技,2025-10-28 10:54:12,42.26,9000,42.26,U
sh600584,长电科技,2025-10-28 10:54:30,42.25,7100,42.26,D
sh600584,长电科技,2025-10-28 10:54:39,42.25,7900,42.26,D
sh600584,长电科技,2025-10-28 10:54:42,42.26,11200,42.25,U
sh600584,长电科技,2025-10-28 10:54:45,42.25,6500,42.26,D
sh600584,长电科技,2025-10-28 10:54:48,42.26,6700,42.25,U
sh600584,长电科技,2025-10-28 10:54:51,42.26,23300,42.26,D
sh600584,长电科技,2025-10-28 10:54:57,42.27,6800,42.26,U
sh600584,长电科技,2025-10-28 10:55:03,42.26,12100,42.26,D
sh600584,长电科技,2025-10-28 10:55:06,42.27,11600,42.26,U
sh600584,长电科技,2025-10-28 10:55:12,42.26,12300,42.27,D
sh600584,长电科技,2025-10-28 10:55:15,42.27,11400,42.26,U
sh600584,长电科技,2025-10-28 10:55:18,42.24,117800,42.27,D
sh600584,长电科技,2025-10-28 10:55:33,42.24,12600,42.24,D
sh600584,长电科技,2025-10-28 10:55:36,42.24,4900,42.24,U
sh600584,长电科技,2025-10-28 10:55:39,42.23,13400,42.24,D
sh600584,长电科技,2025-10-28 10:55:45,42.24,12600,42.23,U
sh600584,长电科技,2025-10-28 10:55:51,42.24,21600,42.24,D
sh600584,长电科技,2025-10-28 10:55:54,42.25,10800,42.24,U
sh600584,长电科技,2025-10-28 10:55:57,42.25,9800,42.25,E
sh600584,长电科技,2025-10-28 10:56:00,42.23,61900,42.25,D
sh600584,长电科技,2025-10-28 10:56:03,42.23,38900,42.23,U
sh600584,长电科技,2025-10-28 10:56:06,42.22,15200,42.23,D
sh600584,长电科技,2025-10-28 10:56:09,42.21,6234,42.22,D
sh600584,长电科技,2025-10-28 10:56:15,42.21,9500,42.21,D
sh600584,长电科技,2025-10-28 10:56:18,42.22,9500,42.21,U
sh600584,长电科技,2025-10-28 10:56:21,42.21,22600,42.22,D
sh600584,长电科技,2025-10-28 10:56:24,42.21,26155,42.21,D
sh600584,长电科技,2025-10-28 10:56:30,42.2,34300,42.21,D
sh600584,长电科技,2025-10-28 10:56:33,42.2,21600,42.2,D
sh600584,长电科技,2025-10-28 10:56:36,42.2,13400,42.2,D
sh600584,长电科技,2025-10-28 10:56:39,42.2,29000,42.2,D
sh600584,长电科技,2025-10-28 10:56:42,42.2,17900,42.2,D
sh600584,长电科技,2025-10-28 10:56:45,42.19,72700,42.2,D
sh600584,长电科技,2025-10-28 10:56:51,42.19,10200,42.19,D
sh600584,长电科技,2025-10-28 10:56:54,42.19,16200,42.19,D
sh600584,长电科技,2025-10-28 10:56:57,42.19,5500,42.19,D
sh600584,长电科技,2025-10-28 10:57:00,42.19,13900,42.19,U
sh600584,长电科技,2025-10-28 10:57:03,42.19,69200,42.19,U
sh600584,长电科技,2025-10-28 10:57:06,42.19,11400,42.19,U
sh600584,长电科技,2025-10-28 10:57:09,42.19,29700,42.19,D
sh600584,长电科技,2025-10-28 10:57:12,42.19,5300,42.19,D
sh600584,长电科技,2025-10-28 10:57:15,42.19,8600,42.19,D
sh600584,长电科技,2025-10-28 10:57:18,42.19,16200,42.19,D
sh600584,长电科技,2025-10-28 10:57:21,42.18,20600,42.19,D
sh600584,长电科技,2025-10-28 10:57:24,42.19,6700,42.18,U
sh600584,长电科技,2025-10-28 10:57:27,42.18,12000,42.19,D
sh600584,长电科技,2025-10-28 10:57:30,42.18,11000,42.18,D
sh600584,长电科技,2025-10-28 10:57:33,42.18,5300,42.18,U
sh600584,长电科技,2025-10-28 10:57:36,42.15,206100,42.18,D
sh600584,长电科技,2025-10-28 10:57:39,42.15,7500,42.15,U
sh600584,长电科技,2025-10-28 10:57:45,42.14,18300,42.14,U
sh600584,长电科技,2025-10-28 10:57:48,42.14,25766,42.14,U
sh600584,长电科技,2025-10-28 10:57:51,42.13,20634,42.14,D
sh600584,长电科技,2025-10-28 10:57:54,42.12,14000,42.13,D
sh600584,长电科技,2025-10-28 10:58:00,42.13,48400,42.12,U
sh600584,长电科技,2025-10-28 10:58:03,42.11,52700,42.13,D
sh600584,长电科技,2025-10-28 10:58:06,42.12,49200,42.11,D
sh600584,长电科技,2025-10-28 10:58:09,42.14,50666,42.12,U
sh600584,长电科技,2025-10-28 10:58:12,42.14,20400,42.14,D
sh600584,长电科技,2025-10-28 10:58:18,42.15,15700,42.14,D
sh600584,长电科技,2025-10-28 10:58:21,42.15,12500,42.15,D
sh600584,长电科技,2025-10-28 10:58:24,42.19,45800,42.15,U
sh600584,长电科技,2025-10-28 10:58:27,42.19,39900,42.19,U
sh600584,长电科技,2025-10-28 10:58:36,42.19,9200,42.2,D
sh600584,长电科技,2025-10-28 10:58:39,42.2,10500,42.19,E
sh600584,长电科技,2025-10-28 10:58:42,42.2,15445,42.2,D
sh600584,长电科技,2025-10-28 10:58:45,42.22,6500,42.2,U
sh600584,长电科技,2025-10-28 10:58:57,42.24,22900,42.23,U
sh600584,长电科技,2025-10-28 10:59:00,42.25,46100,42.24,U
sh600584,长电科技,2025-10-28 10:59:06,42.25,5900,42.25,D
sh600584,长电科技,2025-10-28 10:59:09,42.27,37600,42.25,U
sh600584,长电科技,2025-10-28 10:59:12,42.28,17200,42.27,U
sh600584,长电科技,2025-10-28 10:59:18,42.27,9300,42.27,U
sh600584,长电科技,2025-10-28 10:59:21,42.28,4900,42.27,U
sh600584,长电科技,2025-10-28 10:59:33,42.28,25800,42.28,U
sh600584,长电科技,2025-10-28 10:59:36,42.27,11900,42.28,D
sh600584,长电科技,2025-10-28 10:59:45,42.28,8600,42.28,D
sh600584,长电科技,2025-10-28 10:59:54,42.26,5900,42.28,D
sh600584,长电科技,2025-10-28 10:59:57,42.28,11200,42.26,U
sh600584,长电科技,2025-10-28 11:00:06,42.28,4800,42.27,U
sh600584,长电科技,2025-10-28 11:00:12,42.27,5300,42.27,D
sh600584,长电科技,2025-10-28 11:00:15,42.27,8800,42.27,U
sh600584,长电科技,2025-10-28 11:00:18,42.29,62700,42.27,U
sh600584,长电科技,2025-10-28 11:00:21,42.3,11000,42.29,U
sh600584,长电科技,2025-10-28 11:00:24,42.3,5800,42.3,U
sh600584,长电科技,2025-10-28 11:00:27,42.3,7100,42.3,U
sh600584,长电科技,2025-10-28 11:00:33,42.3,20400,42.3,U
sh600584,长电科技,2025-10-28 11:00:36,42.3,7500,42.3,U
sh600584,长电科技,2025-10-28 11:00:39,42.29,5900,42.3,D
sh600584,长电科技,2025-10-28 11:00:42,42.29,10000,42.29,D
sh600584,长电科技,2025-10-28 11:00:51,42.29,4800,42.29,U
sh600584,长电科技,2025-10-28 11:01:00,42.29,6100,42.29,U
sh600584,长电科技,2025-10-28 11:01:03,42.29,8000,42.29,U
sh600584,长电科技,2025-10-28 11:01:06,42.29,5200,42.29,U
sh600584,长电科技,2025-10-28 11:01:09,42.3,44500,42.29,U
sh600584,长电科技,2025-10-28 11:01:12,42.31,10900,42.3,U
sh600584,长电科技,2025-10-28 11:01:15,42.31,4900,42.31,U
sh600584,长电科技,2025-10-28 11:01:18,42.31,23900,42.31,D
sh600584,长电科技,2025-10-28 11:01:21,42.32,13600,42.31,U
sh600584,长电科技,2025-10-28 11:01:33,42.34,9800,42.32,U
sh600584,长电科技,2025-10-28 11:01:36,42.35,8900,42.34,U
sh600584,长电科技,2025-10-28 11:01:45,42.36,7200,42.36,U
sh600584,长电科技,2025-10-28 11:01:48,42.36,10600,42.36,U
sh600584,长电科技,2025-10-28 11:01:51,42.37,14400,42.36,U
sh600584,长电科技,2025-10-28 11:01:54,42.37,5100,42.37,U
sh600584,长电科技,2025-10-28 11:02:06,42.38,15600,42.37,U
sh600584,长电科技,2025-10-28 11:02:09,42.37,8300,42.38,D
sh600584,长电科技,2025-10-28 11:02:12,42.38,14200,42.37,U
sh600584,长电科技,2025-10-28 11:02:15,42.38,12900,42.38,D
sh600584,长电科技,2025-10-28 11:02:18,42.37,7700,42.38,D
sh600584,长电科技,2025-10-28 11:02:21,42.38,6800,42.37,U
sh600584,长电科技,2025-10-28 11:02:24,42.37,6200,42.38,D
sh600584,长电科技,2025-10-28 11:02:27,42.39,5900,42.37,U
sh600584,长电科技,2025-10-28 11:02:33,42.38,23300,42.39,E
sh600584,长电科技,2025-10-28 11:02:36,42.37,6700,42.38,D
sh600584,长电科技,2025-10-28 11:02:42,42.37,13300,42.38,D
sh600584,长电科技,2025-10-28 11:02:45,42.38,7600,42.37,E
sh600584,长电科技,2025-10-28 11:02:48,42.39,6100,42.38,U
sh600584,长电科技,2025-10-28 11:02:51,42.38,6300,42.39,D
sh600584,长电科技,2025-10-28 11:02:54,42.4,68130,42.38,U
sh600584,长电科技,2025-10-28 11:03:00,42.41,4800,42.4,U
sh600584,长电科技,2025-10-28 11:03:06,42.41,5800,42.41,U
sh600584,长电科技,2025-10-28 11:03:12,42.41,15300,42.41,U
sh600584,长电科技,2025-10-28 11:03:15,42.41,19400,42.41,U
sh600584,长电科技,2025-10-28 11:03:18,42.41,14900,42.41,U
sh600584,长电科技,2025-10-28 11:03:24,42.41,5500,42.41,D
sh600584,长电科技,2025-10-28 11:03:27,42.41,13700,42.41,D
sh600584,长电科技,2025-10-28 11:03:33,42.42,12300,42.41,U
sh600584,长电科技,2025-10-28 11:03:39,42.41,6400,42.42,D
sh600584,长电科技,2025-10-28 11:03:45,42.42,7400,42.41,U
sh600584,长电科技,2025-10-28 11:03:48,42.43,4800,42.42,U
sh600584,长电科技,2025-10-28 11:03:51,42.43,6900,42.43,U
sh600584,长电科技,2025-10-28 11:03:54,42.43,8900,42.43,U
sh600584,长电科技,2025-10-28 11:03:57,42.44,13100,42.43,U
sh600584,长电科技,2025-10-28 11:04:06,42.45,9700,42.44,U
sh600584,长电科技,2025-10-28 11:04:09,42.45,14900,42.45,U
sh600584,长电科技,2025-10-28 11:04:12,42.44,5400,42.45,D
sh600584,长电科技,2025-10-28 11:04:15,42.45,4900,42.44,U
sh600584,长电科技,2025-10-28 11:04:18,42.44,12300,42.45,D
sh600584,长电科技,2025-10-28 11:04:21,42.44,12500,42.44,U
sh600584,长电科技,2025-10-28 11:04:24,42.43,8900,42.44,D
sh600584,长电科技,2025-10-28 11:04:27,42.42,7400,42.43,D
sh600584,长电科技,2025-10-28 11:04:30,42.43,10400,42.42,U
sh600584,长电科技,2025-10-28 11:04:33,42.42,5100,42.43,D
sh600584,长电科技,2025-10-28 11:04:39,42.41,5800,42.42,D
sh600584,长电科技,2025-10-28 11:04:42,42.41,7400,42.41,D
sh600584,长电科技,2025-10-28 11:04:45,42.41,9700,42.41,D
sh600584,长电科技,2025-10-28 11:04:48,42.4,10200,42.41,D
sh600584,长电科技,2025-10-28 11:04:54,42.4,17100,42.4,D
sh600584,长电科技,2025-10-28 11:04:57,42.4,10200,42.4,D
sh600584,长电科技,2025-10-28 11:05:00,42.41,23700,42.4,U
sh600584,长电科技,2025-10-28 11:05:03,42.42,28385,42.41,U
sh600584,长电科技,2025-10-28 11:05:06,42.42,5500,42.42,U
sh600584,长电科技,2025-10-28 11:05:09,42.42,6200,42.42,U
sh600584,长电科技,2025-10-28 11:05:12,42.42,9200,42.42,U
sh600584,长电科技,2025-10-28 11:05:15,42.42,24000,42.42,D
sh600584,长电科技,2025-10-28 11:05:18,42.43,8100,42.42,U
sh600584,长电科技,2025-10-28 11:05:21,42.42,6300,42.43,U
sh600584,长电科技,2025-10-28 11:05:24,42.42,11900,42.42,D
sh600584,长电科技,2025-10-28 11:05:27,42.42,5100,42.42,U
sh600584,长电科技,2025-10-28 11:05:39,42.41,21615,42.42,D
sh600584,长电科技,2025-10-28 11:05:45,42.42,11400,42.42,U
sh600584,长电科技,2025-10-28 11:05:48,42.41,6800,42.42,D
sh600584,长电科技,2025-10-28 11:05:51,42.41,6500,42.41,D
sh600584,长电科技,2025-10-28 11:05:54,42.41,13500,42.41,D
sh600584,长电科技,2025-10-28 11:06:03,42.43,29085,42.4,U
sh600584,长电科技,2025-10-28 11:06:06,42.45,91300,42.43,U
sh600584,长电科技,2025-10-28 11:06:09,42.45,9300,42.45,D
sh600584,长电科技,2025-10-28 11:06:12,42.45,5700,42.45,D
sh600584,长电科技,2025-10-28 11:06:15,42.46,9200,42.45,U
sh600584,长电科技,2025-10-28 11:06:18,42.46,5500,42.46,U
sh600584,长电科技,2025-10-28 11:06:21,42.46,6500,42.46,U
sh600584,长电科技,2025-10-28 11:06:24,42.45,6100,42.46,D
sh600584,长电科技,2025-10-28 11:06:30,42.45,11900,42.45,U
sh600584,长电科技,2025-10-28 11:06:33,42.45,6800,42.45,D
sh600584,长电科技,2025-10-28 11:06:36,42.47,7400,42.45,U
sh600584,长电科技,2025-10-28 11:06:42,42.48,72900,42.46,U
sh600584,长电科技,2025-10-28 11:06:51,42.48,127800,42.48,D
sh600584,长电科技,2025-10-28 11:06:54,42.52,48700,42.48,U
sh600584,长电科技,2025-10-28 11:07:00,42.54,6600,42.52,U
sh600584,长电科技,2025-10-28 11:07:03,42.54,8600,42.54,U
sh600584,长电科技,2025-10-28 11:07:06,42.54,8300,42.54,D
sh600584,长电科技,2025-10-28 11:07:12,42.56,6400,42.55,U
sh600584,长电科技,2025-10-28 11:07:15,42.55,4900,42.56,D
sh600584,长电科技,2025-10-28 11:07:18,42.56,10500,42.55,U
sh600584,长电科技,2025-10-28 11:07:21,42.55,17600,42.56,D
sh600584,长电科技,2025-10-28 11:07:24,42.56,9200,42.55,U
sh600584,长电科技,2025-10-28 11:07:27,42.55,11200,42.56,D
sh600584,长电科技,2025-10-28 11:07:30,42.56,15780,42.55,U
sh600584,长电科技,2025-10-28 11:07:36,42.56,9900,42.56,D
sh600584,长电科技,2025-10-28 11:07:39,42.56,8020,42.56,D
sh600584,长电科技,2025-10-28 11:07:45,42.55,10800,42.56,D
sh600584,长电科技,2025-10-28 11:07:48,42.56,11000,42.55,U
sh600584,长电科技,2025-10-28 11:07:54,42.55,27100,42.55,D
sh600584,长电科技,2025-10-28 11:08:00,42.56,32380,42.55,U
sh600584,长电科技,2025-10-28 11:08:03,42.56,10700,42.56,D
sh600584,长电科技,2025-10-28 11:08:09,42.56,6200,42.57,D
sh600584,长电科技,2025-10-28 11:08:12,42.56,12800,42.56,D
sh600584,长电科技,2025-10-28 11:08:15,42.56,5200,42.56,U
sh600584,长电科技,2025-10-28 11:08:21,42.56,13600,42.56,U
sh600584,长电科技,2025-10-28 11:08:24,42.56,9600,42.56,U
sh600584,长电科技,2025-10-28 11:08:27,42.56,20400,42.56,U
sh600584,长电科技,2025-10-28 11:08:30,42.53,54300,42.56,D
sh600584,长电科技,2025-10-28 11:08:33,42.54,16300,42.53,U
sh600584,长电科技,2025-10-28 11:08:39,42.53,44700,42.54,D
sh600584,长电科技,2025-10-28 11:08:42,42.53,13200,42.53,U
sh600584,长电科技,2025-10-28 11:08:45,42.53,9500,42.53,U
sh600584,长电科技,2025-10-28 11:08:48,42.52,13600,42.53,D
sh600584,长电科技,2025-10-28 11:08:51,42.52,13700,42.52,D
sh600584,长电科技,2025-10-28 11:09:00,42.53,32100,42.52,U
sh600584,长电科技,2025-10-28 11:09:03,42.52,5700,42.53,E
sh600584,长电科技,2025-10-28 11:09:06,42.52,12300,42.52,U
sh600584,长电科技,2025-10-28 11:09:09,42.53,11200,42.52,U
sh600584,长电科技,2025-10-28 11:09:15,42.52,20900,42.52,D
sh600584,长电科技,2025-10-28 11:09:18,42.52,12800,42.52,D
sh600584,长电科技,2025-10-28 11:09:21,42.52,5800,42.52,U
sh600584,长电科技,2025-10-28 11:09:27,42.51,20100,42.51,D
sh600584,长电科技,2025-10-28 11:09:30,42.52,15800,42.51,U
sh600584,长电科技,2025-10-28 11:09:33,42.51,6500,42.52,D
sh600584,长电科技,2025-10-28 11:09:36,42.51,10400,42.51,U
sh600584,长电科技,2025-10-28 11:09:45,42.5,7300,42.5,D
sh600584,长电科技,2025-10-28 11:09:48,42.5,6400,42.5,D
sh600584,长电科技,2025-10-28 11:09:51,42.5,7200,42.5,D
sh600584,长电科技,2025-10-28 11:10:00,42.5,9900,42.49,U
sh600584,长电科技,2025-10-28 11:10:03,42.49,10100,42.5,E
sh600584,长电科技,2025-10-28 11:10:06,42.49,16000,42.49,U
sh600584,长电科技,2025-10-28 11:10:09,42.5,43800,42.49,U
sh600584,长电科技,2025-10-28 11:10:12,42.51,6900,42.5,E
sh600584,长电科技,2025-10-28 11:10:15,42.51,5500,42.51,D
sh600584,长电科技,2025-10-28 11:10:24,42.5,7300,42.5,D
sh600584,长电科技,2025-10-28 11:10:27,42.5,7700,42.5,D
sh600584,长电科技,2025-10-28 11:10:30,42.5,12600,42.5,D
sh600584,长电科技,2025-10-28 11:10:33,42.5,9600,42.5,D
sh600584,长电科技,2025-10-28 11:10:36,42.5,14900,42.5,D
sh600584,长电科技,2025-10-28 11:10:42,42.49,6000,42.5,D
sh600584,长电科技,2025-10-28 11:10:45,42.49,8500,42.49,D
sh600584,长电科技,2025-10-28 11:10:48,42.5,7300,42.49,U
sh600584,长电科技,2025-10-28 11:10:51,42.48,6400,42.5,D
sh600584,长电科技,2025-10-28 11:10:54,42.48,23100,42.48,D
sh600584,长电科技,2025-10-28 11:10:57,42.48,11500,42.48,U
sh600584,长电科技,2025-10-28 11:11:00,42.48,15400,42.48,D
sh600584,长电科技,2025-10-28 11:11:03,42.48,19500,42.48,U
sh600584,长电科技,2025-10-28 11:11:15,42.48,8100,42.48,D
sh600584,长电科技,2025-10-28 11:11:24,42.48,5700,42.47,U
sh600584,长电科技,2025-10-28 11:11:27,42.47,6200,42.48,D
sh600584,长电科技,2025-10-28 11:11:30,42.47,5600,42.47,U
sh600584,长电科技,2025-10-28 11:11:33,42.47,10200,42.47,U
sh600584,长电科技,2025-10-28 11:11:36,42.47,5200,42.47,U
sh600584,长电科技,2025-10-28 11:11:39,42.47,47000,42.47,U
sh600584,长电科技,2025-10-28 11:11:42,42.44,10700,42.47,D
sh600584,长电科技,2025-10-28 11:11:48,42.45,6500,42.46,D
sh600584,长电科技,2025-10-28 11:11:51,42.46,5500,42.45,U
sh600584,长电科技,2025-10-28 11:11:54,42.45,13000,42.46,D
sh600584,长电科技,2025-10-28 11:11:57,42.49,98300,42.45,U
sh600584,长电科技,2025-10-28 11:12:00,42.5,11300,42.49,U
sh600584,长电科技,2025-10-28 11:12:03,42.5,4900,42.5,U
sh600584,长电科技,2025-10-28 11:12:06,42.48,14800,42.5,D
sh600584,长电科技,2025-10-28 11:12:18,42.49,6900,42.47,U
sh600584,长电科技,2025-10-28 11:12:21,42.48,5400,42.49,E
sh600584,长电科技,2025-10-28 11:12:33,42.47,5300,42.47,D
sh600584,长电科技,2025-10-28 11:12:36,42.48,7600,42.47,U
sh600584,长电科技,2025-10-28 11:12:39,42.48,40100,42.48,D
sh600584,长电科技,2025-10-28 11:12:42,42.47,5700,42.48,D
sh600584,长电科技,2025-10-28 11:12:54,42.46,29700,42.47,D
sh600584,长电科技,2025-10-28 11:12:57,42.46,13300,42.46,D
sh600584,长电科技,2025-10-28 11:13:00,42.48,11700,42.46,U
sh600584,长电科技,2025-10-28 11:13:03,42.46,7500,42.48,E
sh600584,长电科技,2025-10-28 11:13:15,42.45,6800,42.45,U
sh600584,长电科技,2025-10-28 11:13:18,42.44,42200,42.45,D
sh600584,长电科技,2025-10-28 11:13:21,42.47,55500,42.44,U
sh600584,长电科技,2025-10-28 11:13:24,42.45,21494,42.47,D
sh600584,长电科技,2025-10-28 11:13:30,42.45,7100,42.44,U
sh600584,长电科技,2025-10-28 11:13:33,42.44,24300,42.45,D
sh600584,长电科技,2025-10-28 11:13:36,42.44,6200,42.44,U
sh600584,长电科技,2025-10-28 11:13:39,42.45,8400,42.44,U
sh600584,长电科技,2025-10-28 11:13:42,42.43,17200,42.45,D
sh600584,长电科技,2025-10-28 11:13:57,42.45,17100,42.43,U
sh600584,长电科技,2025-10-28 11:14:00,42.46,22200,42.45,U
sh600584,长电科技,2025-10-28 11:14:03,42.47,12200,42.46,U
sh600584,长电科技,2025-10-28 11:14:09,42.47,13200,42.47,U
sh600584,长电科技,2025-10-28 11:14:12,42.47,6000,42.47,U
sh600584,长电科技,2025-10-28 11:14:18,42.46,16600,42.47,D
sh600584,长电科技,2025-10-28 11:14:21,42.45,6800,42.46,D
sh600584,长电科技,2025-10-28 11:14:24,42.45,4800,42.45,U
sh600584,长电科技,2025-10-28 11:14:36,42.42,5000,42.42,D
sh600584,长电科技,2025-10-28 11:14:39,42.42,7700,42.42,D
sh600584,长电科技,2025-10-28 11:14:42,42.43,14600,42.42,U
sh600584,长电科技,2025-10-28 11:14:51,42.4,8300,42.41,D
sh600584,长电科技,2025-10-28 11:14:54,42.4,4800,42.4,D
sh600584,长电科技,2025-10-28 11:14:57,42.38,50000,42.4,D
sh600584,长电科技,2025-10-28 11:15:03,42.36,6400,42.38,D
sh600584,长电科技,2025-10-28 11:15:06,42.36,6200,42.36,D
sh600584,长电科技,2025-10-28 11:15:09,42.36,5400,42.36,D
sh600584,长电科技,2025-10-28 11:15:27,42.34,5700,42.35,D
sh600584,长电科技,2025-10-28 11:15:30,42.34,6100,42.34,D
sh600584,长电科技,2025-10-28 11:15:36,42.33,57900,42.34,D
sh600584,长电科技,2025-10-28 11:15:39,42.34,16000,42.33,E
sh600584,长电科技,2025-10-28 11:15:42,42.35,15200,42.34,U
sh600584,长电科技,2025-10-28 11:15:45,42.37,12908,42.35,U
sh600584,长电科技,2025-10-28 11:15:48,42.36,23800,42.37,D
sh600584,长电科技,2025-10-28 11:15:54,42.36,17700,42.37,D
sh600584,长电科技,2025-10-28 11:15:57,42.39,6400,42.36,U
sh600584,长电科技,2025-10-28 11:16:00,42.4,14900,42.39,U
sh600584,长电科技,2025-10-28 11:16:03,42.4,20600,42.4,U
sh600584,长电科技,2025-10-28 11:16:12,42.4,9300,42.4,D
sh600584,长电科技,2025-10-28 11:16:15,42.42,8200,42.4,U
sh600584,长电科技,2025-10-28 11:16:18,42.42,7500,42.42,U
sh600584,长电科技,2025-10-28 11:16:21,42.39,7600,42.42,D
sh600584,长电科技,2025-10-28 11:16:24,42.43,17100,42.39,U
sh600584,长电科技,2025-10-28 11:16:36,42.4,16500,42.42,D
sh600584,长电科技,2025-10-28 11:16:39,42.42,5100,42.4,U
sh600584,长电科技,2025-10-28 11:17:00,42.42,6200,42.41,U
sh600584,长电科技,2025-10-28 11:17:03,42.42,29800,42.42,U
sh600584,长电科技,2025-10-28 11:17:06,42.41,9200,42.42,D
sh600584,长电科技,2025-10-28 11:17:12,42.42,6600,42.43,D
sh600584,长电科技,2025-10-28 11:17:18,42.44,28700,42.44,D
sh600584,长电科技,2025-10-28 11:17:30,42.44,11400,42.44,U
sh600584,长电科技,2025-10-28 11:17:33,42.44,6100,42.44,D
sh600584,长电科技,2025-10-28 11:17:36,42.43,8300,42.44,D
sh600584,长电科技,2025-10-28 11:17:51,42.44,13900,42.44,U
sh600584,长电科技,2025-10-28 11:17:54,42.44,5500,42.44,U
sh600584,长电科技,2025-10-28 11:18:03,42.45,5000,42.44,U
sh600584,长电科技,2025-10-28 11:18:06,42.45,10000,42.45,U
sh600584,长电科技,2025-10-28 11:18:09,42.45,8500,42.45,U
sh600584,长电科技,2025-10-28 11:18:12,42.46,5900,42.45,U
sh600584,长电科技,2025-10-28 11:18:18,42.45,10700,42.46,D
sh600584,长电科技,2025-10-28 11:18:21,42.47,7700,42.45,U
sh600584,长电科技,2025-10-28 11:18:30,42.47,11100,42.47,U
sh600584,长电科技,2025-10-28 11:18:36,42.48,5700,42.47,U
sh600584,长电科技,2025-10-28 11:18:39,42.48,27100,42.48,U
sh600584,长电科技,2025-10-28 11:18:42,42.47,9200,42.48,D
sh600584,长电科技,2025-10-28 11:18:45,42.48,30800,42.47,U
sh600584,长电科技,2025-10-28 11:18:51,42.5,20600,42.49,U
sh600584,长电科技,2025-10-28 11:19:00,42.49,5600,42.5,D
sh600584,长电科技,2025-10-28 11:19:03,42.5,12100,42.49,U
sh600584,长电科技,2025-10-28 11:19:06,42.5,27400,42.5,U
sh600584,长电科技,2025-10-28 11:19:09,42.5,4900,42.5,D
sh600584,长电科技,2025-10-28 11:19:12,42.51,21400,42.5,U
sh600584,长电科技,2025-10-28 11:19:15,42.51,10600,42.51,U
sh600584,长电科技,2025-10-28 11:19:21,42.51,5700,42.52,D
sh600584,长电科技,2025-10-28 11:19:24,42.51,9100,42.51,D
sh600584,长电科技,2025-10-28 11:19:27,42.52,7400,42.51,U
sh600584,长电科技,2025-10-28 11:19:30,42.52,12100,42.52,U
sh600584,长电科技,2025-10-28 11:19:33,42.51,42300,42.52,D
sh600584,长电科技,2025-10-28 11:19:36,42.51,14300,42.51,U
sh600584,长电科技,2025-10-28 11:19:42,42.51,25300,42.51,U
sh600584,长电科技,2025-10-28 11:19:45,42.51,18700,42.51,U
sh600584,长电科技,2025-10-28 11:19:48,42.51,4900,42.51,D
sh600584,长电科技,2025-10-28 11:19:51,42.5,25900,42.51,D
sh600584,长电科技,2025-10-28 11:19:54,42.49,58200,42.5,D
sh600584,长电科技,2025-10-28 11:19:57,42.5,8900,42.49,U
sh600584,长电科技,2025-10-28 11:20:00,42.47,22000,42.5,D
sh600584,长电科技,2025-10-28 11:20:03,42.43,46800,42.47,D
sh600584,长电科技,2025-10-28 11:20:09,42.43,15700,42.45,D
sh600584,长电科技,2025-10-28 11:20:12,42.43,9400,42.43,U
sh600584,长电科技,2025-10-28 11:20:15,42.43,7700,42.43,U
sh600584,长电科技,2025-10-28 11:20:18,42.42,8800,42.43,D
sh600584,长电科技,2025-10-28 11:20:21,42.43,10300,42.42,U
sh600584,长电科技,2025-10-28 11:20:33,42.43,5800,42.44,D
sh600584,长电科技,2025-10-28 11:20:39,42.43,9600,42.44,D
sh600584,长电科技,2025-10-28 11:20:45,42.45,9300,42.43,U
sh600584,长电科技,2025-10-28 11:20:48,42.44,8200,42.45,U
sh600584,长电科技,2025-10-28 11:20:51,42.43,19800,42.44,D
sh600584,长电科技,2025-10-28 11:20:54,42.42,9400,42.43,D
sh600584,长电科技,2025-10-28 11:20:57,42.42,5900,42.42,D
sh600584,长电科技,2025-10-28 11:21:00,42.4,39300,42.42,D
sh600584,长电科技,2025-10-28 11:21:06,42.38,11000,42.4,D
sh600584,长电科技,2025-10-28 11:21:15,42.38,5500,42.38,D
sh600584,长电科技,2025-10-28 11:21:18,42.38,6600,42.38,D
sh600584,长电科技,2025-10-28 11:21:21,42.38,9300,42.38,U
sh600584,长电科技,2025-10-28 11:21:24,42.38,9300,42.38,U
sh600584,长电科技,2025-10-28 11:21:27,42.39,10100,42.38,U
sh600584,长电科技,2025-10-28 11:21:30,42.38,4900,42.39,D
sh600584,长电科技,2025-10-28 11:21:33,42.38,6600,42.38,D
sh600584,长电科技,2025-10-28 11:21:36,42.38,19700,42.38,U
sh600584,长电科技,2025-10-28 11:21:39,42.38,15700,42.38,U
sh600584,长电科技,2025-10-28 11:21:48,42.38,12200,42.38,D
sh600584,长电科技,2025-10-28 11:22:00,42.38,9600,42.36,U
sh600584,长电科技,2025-10-28 11:22:03,42.37,7800,42.38,D
sh600584,长电科技,2025-10-28 11:22:06,42.37,11800,42.37,D
sh600584,长电科技,2025-10-28 11:22:15,42.36,4800,42.36,D
sh600584,长电科技,2025-10-28 11:22:18,42.36,21300,42.36,D
sh600584,长电科技,2025-10-28 11:22:30,42.36,18300,42.35,U
sh600584,长电科技,2025-10-28 11:22:33,42.35,7500,42.36,D
sh600584,长电科技,2025-10-28 11:22:36,42.37,20600,42.35,U
sh600584,长电科技,2025-10-28 11:22:51,42.37,17600,42.37,D
sh600584,长电科技,2025-10-28 11:23:00,42.37,7200,42.37,U
