symbol,name,ticktime,price,volume,prev_price,kind
sh600584,长电科技,2025-09-23 09:25:01,39.7,393100,0.0,U
sh600584,长电科技,2025-09-23 09:30:02,39.7,152800,39.7,D
sh600584,长电科技,2025-09-23 09:30:05,39.71,195600,39.7,D
sh600584,长电科技,2025-09-23 09:30:08,39.7,476800,39.71,D
sh600584,长电科技,2025-09-23 09:30:11,39.7,166900,39.7,U
sh600584,长电科技,2025-09-23 09:30:14,39.78,237400,39.7,U
sh600584,长电科技,2025-09-23 09:30:17,39.69,208800,39.78,D
sh600584,长电科技,2025-09-23 09:30:20,39.66,265400,39.69,D
sh600584,长电科技,2025-09-23 09:30:23,39.66,105100,39.66,U
sh600584,长电科技,2025-09-23 09:30:26,39.64,117600,39.66,E
sh600584,长电科技,2025-09-23 09:30:29,39.63,146200,39.64,E
sh600584,长电科技,2025-09-23 09:30:32,39.61,181400,39.63,D
sh600584,长电科技,2025-09-23 09:30:35,39.5,53000,39.61,D
sh600584,长电科技,2025-09-23 09:30:38,39.5,23000,39.5,D
sh600584,长电科技,2025-09-23 09:30:41,39.46,32200,39.5,D
sh600584,长电科技,2025-09-23 09:30:44,39.44,56300,39.46,D
sh600584,长电科技,2025-09-23 09:30:47,39.41,32600,39.44,D
sh600584,长电科技,2025-09-23 09:30:50,39.41,78800,39.41,D
sh600584,长电科技,2025-09-23 09:30:53,39.34,22500,39.41,D
sh600584,长电科技,2025-09-23 09:30:56,39.33,47500,39.34,D
sh600584,长电科技,2025-09-23 09:30:59,39.32,83600,39.33,D
sh600584,长电科技,2025-09-23 09:31:02,39.31,25200,39.32,D
sh600584,长电科技,2025-09-23 09:31:05,39.3,94300,39.31,D
sh600584,长电科技,2025-09-23 09:31:08,39.28,81700,39.3,D
sh600584,长电科技,2025-09-23 09:31:11,39.34,71200,39.28,U
sh600584,长电科技,2025-09-23 09:31:14,39.37,58406,39.34,U
sh600584,长电科技,2025-09-23 09:31:17,39.43,94000,39.37,U
sh600584,长电科技,2025-09-23 09:31:20,39.44,19700,39.43,U
sh600584,长电科技,2025-09-23 09:31:23,39.45,42200,39.44,U
sh600584,长电科技,2025-09-23 09:31:26,39.45,56300,39.45,D
sh600584,长电科技,2025-09-23 09:31:29,39.49,42100,39.45,U
sh600584,长电科技,2025-09-23 09:31:32,39.51,8400,39.49,E
sh600584,长电科技,2025-09-23 09:31:35,39.51,9700,39.51,D
sh600584,长电科技,2025-09-23 09:31:38,39.54,9900,39.51,E
sh600584,长电科技,2025-09-23 09:31:41,39.58,19700,39.54,U
sh600584,长电科技,2025-09-23 09:31:44,39.58,10100,39.58,D
sh600584,长电科技,2025-09-23 09:31:47,39.59,17200,39.58,U
sh600584,长电科技,2025-09-23 09:31:50,39.6,25100,39.59,U
sh600584,长电科技,2025-09-23 09:31:53,39.59,58400,39.6,D
sh600584,长电科技,2025-09-23 09:31:56,39.6,86716,39.59,U
sh600584,长电科技,2025-09-23 09:31:59,39.62,24000,39.6,U
sh600584,长电科技,2025-09-23 09:32:02,39.62,97000,39.62,U
sh600584,长电科技,2025-09-23 09:32:05,39.62,112100,39.62,U
sh600584,长电科技,2025-09-23 09:32:08,39.62,24700,39.62,D
sh600584,长电科技,2025-09-23 09:32:11,39.58,77484,39.62,D
sh600584,长电科技,2025-09-23 09:32:14,39.55,59300,39.58,D
sh600584,长电科技,2025-09-23 09:32:17,39.54,57700,39.55,D
sh600584,长电科技,2025-09-23 09:32:20,39.54,30400,39.54,D
sh600584,长电科技,2025-09-23 09:32:23,39.52,17100,39.54,D
sh600584,长电科技,2025-09-23 09:32:26,39.5,66500,39.52,D
sh600584,长电科技,2025-09-23 09:32:29,39.48,20400,39.5,D
sh600584,长电科技,2025-09-23 09:32:32,39.45,56200,39.48,D
sh600584,长电科技,2025-09-23 09:32:35,39.43,20900,39.45,D
sh600584,长电科技,2025-09-23 09:32:38,39.43,14300,39.43,D
sh600584,长电科技,2025-09-23 09:32:41,39.41,33800,39.43,D
sh600584,长电科技,2025-09-23 09:32:44,39.42,49700,39.41,U
sh600584,长电科技,2025-09-23 09:32:47,39.42,74000,39.42,D
sh600584,长电科技,2025-09-23 09:32:50,39.43,52100,39.42,U
sh600584,长电科技,2025-09-23 09:32:53,39.45,96000,39.43,U
sh600584,长电科技,2025-09-23 09:32:56,39.43,26800,39.45,D
sh600584,长电科技,2025-09-23 09:32:59,39.44,10700,39.43,E
sh600584,长电科技,2025-09-23 09:33:02,39.43,23700,39.44,D
sh600584,长电科技,2025-09-23 09:33:05,39.44,31300,39.43,U
sh600584,长电科技,2025-09-23 09:33:08,39.41,195200,39.44,D
sh600584,长电科技,2025-09-23 09:33:11,39.4,35200,39.41,D
sh600584,长电科技,2025-09-23 09:33:14,39.44,30500,39.4,U
sh600584,长电科技,2025-09-23 09:33:17,39.43,39500,39.44,E
sh600584,长电科技,2025-09-23 09:33:20,39.44,19400,39.43,U
sh600584,长电科技,2025-09-23 09:33:23,39.43,21700,39.44,D
sh600584,长电科技,2025-09-23 09:33:26,39.42,31800,39.43,D
sh600584,长电科技,2025-09-23 09:33:29,39.4,124800,39.42,D
sh600584,长电科技,2025-09-23 09:33:32,39.39,290900,39.4,D
sh600584,长电科技,2025-09-23 09:33:35,39.39,19700,39.39,U
sh600584,长电科技,2025-09-23 09:33:38,39.38,19400,39.39,D
sh600584,长电科技,2025-09-23 09:33:41,39.37,9400,39.38,D
sh600584,长电科技,2025-09-23 09:33:44,39.37,55600,39.37,D
sh600584,长电科技,2025-09-23 09:33:47,39.38,87200,39.37,U
sh600584,长电科技,2025-09-23 09:33:50,39.42,32000,39.38,U
sh600584,长电科技,2025-09-23 09:33:53,39.4,33600,39.42,E
sh600584,长电科技,2025-09-23 09:33:56,39.39,22900,39.4,D
sh600584,长电科技,2025-09-23 09:33:59,39.39,79800,39.39,U
sh600584,长电科技,2025-09-23 09:34:02,39.39,29100,39.39,D
sh600584,长电科技,2025-09-23 09:34:05,39.41,37500,39.39,U
sh600584,长电科技,2025-09-23 09:34:08,39.39,12100,39.41,D
sh600584,长电科技,2025-09-23 09:34:11,39.39,25500,39.39,U
sh600584,长电科技,2025-09-23 09:34:14,39.39,32300,39.39,D
sh600584,长电科技,2025-09-23 09:34:17,39.43,16700,39.39,U
sh600584,长电科技,2025-09-23 09:34:20,39.45,69784,39.43,U
sh600584,长电科技,2025-09-23 09:34:23,39.44,7600,39.45,D
sh600584,长电科技,2025-09-23 09:34:26,39.46,14000,39.44,U
sh600584,长电科技,2025-09-23 09:34:29,39.45,37000,39.46,D
sh600584,长电科技,2025-09-23 09:34:32,39.43,45500,39.45,D
sh600584,长电科技,2025-09-23 09:34:35,39.43,17600,39.43,D
sh600584,长电科技,2025-09-23 09:34:38,39.45,17700,39.43,U
sh600584,长电科技,2025-09-23 09:34:41,39.45,19900,39.45,D
sh600584,长电科技,2025-09-23 09:34:44,39.45,66800,39.45,D
sh600584,长电科技,2025-09-23 09:34:47,39.46,61700,39.45,E
sh600584,长电科技,2025-09-23 09:34:50,39.45,179500,39.46,D
sh600584,长电科技,2025-09-23 09:34:53,39.43,29300,39.45,D
sh600584,长电科技,2025-09-23 09:34:56,39.44,79500,39.43,U
sh600584,长电科技,2025-09-23 09:34:59,39.42,16000,39.44,U
sh600584,长电科技,2025-09-23 09:35:02,39.41,10200,39.42,E
sh600584,长电科技,2025-09-23 09:35:05,39.41,20700,39.41,D
sh600584,长电科技,2025-09-23 09:35:08,39.42,21000,39.41,U
sh600584,长电科技,2025-09-23 09:35:11,39.4,26600,39.42,D
sh600584,长电科技,2025-09-23 09:35:14,39.44,25900,39.4,U
sh600584,长电科技,2025-09-23 09:35:17,39.4,31800,39.44,D
sh600584,长电科技,2025-09-23 09:35:20,39.42,12000,39.4,D
sh600584,长电科技,2025-09-23 09:35:23,39.44,32000,39.42,U
sh600584,长电科技,2025-09-23 09:35:26,39.42,24700,39.44,D
sh600584,长电科技,2025-09-23 09:35:29,39.45,30000,39.42,U
sh600584,长电科技,2025-09-23 09:35:32,39.45,9400,39.45,D
sh600584,长电科技,2025-09-23 09:35:35,39.48,18100,39.45,U
sh600584,长电科技,2025-09-23 09:35:38,39.48,76100,39.48,U
sh600584,长电科技,2025-09-23 09:35:41,39.48,28400,39.48,U
sh600584,长电科技,2025-09-23 09:35:44,39.48,27600,39.48,D
sh600584,长电科技,2025-09-23 09:35:47,39.48,20500,39.48,E
sh600584,长电科技,2025-09-23 09:35:50,39.5,24700,39.48,U
sh600584,长电科技,2025-09-23 09:35:53,39.49,52100,39.5,D
sh600584,长电科技,2025-09-23 09:35:59,39.51,10700,39.53,D
sh600584,长电科技,2025-09-23 09:36:02,39.55,27300,39.51,U
sh600584,长电科技,2025-09-23 09:36:05,39.51,19300,39.55,D
sh600584,长电科技,2025-09-23 09:36:08,39.52,33700,39.51,U
sh600584,长电科技,2025-09-23 09:36:11,39.54,29400,39.52,U
sh600584,长电科技,2025-09-23 09:36:14,39.55,18100,39.54,U
sh600584,长电科技,2025-09-23 09:36:17,39.52,89800,39.55,D
sh600584,长电科技,2025-09-23 09:36:20,39.52,18300,39.52,U
sh600584,长电科技,2025-09-23 09:36:23,39.52,53400,39.52,U
sh600584,长电科技,2025-09-23 09:36:26,39.51,23900,39.52,D
sh600584,长电科技,2025-09-23 09:36:29,39.5,37800,39.51,D
sh600584,长电科技,2025-09-23 09:36:32,39.48,109500,39.5,D
sh600584,长电科技,2025-09-23 09:36:35,39.5,26500,39.48,U
sh600584,长电科技,2025-09-23 09:36:38,39.46,14900,39.5,E
sh600584,长电科技,2025-09-23 09:36:41,39.46,53200,39.46,U
sh600584,长电科技,2025-09-23 09:36:44,39.45,29300,39.46,D
sh600584,长电科技,2025-09-23 09:36:47,39.45,14200,39.45,U
sh600584,长电科技,2025-09-23 09:36:50,39.45,18800,39.45,U
sh600584,长电科技,2025-09-23 09:36:53,39.44,9400,39.45,D
sh600584,长电科技,2025-09-23 09:36:56,39.43,19000,39.44,D
sh600584,长电科技,2025-09-23 09:36:59,39.44,15300,39.43,U
sh600584,长电科技,2025-09-23 09:37:02,39.43,128500,39.44,D
sh600584,长电科技,2025-09-23 09:37:05,39.43,28800,39.43,D
sh600584,长电科技,2025-09-23 09:37:08,39.44,47900,39.43,U
sh600584,长电科技,2025-09-23 09:37:11,39.42,44800,39.44,D
sh600584,长电科技,2025-09-23 09:37:14,39.42,7900,39.42,U
sh600584,长电科技,2025-09-23 09:37:17,39.4,37000,39.42,D
sh600584,长电科技,2025-09-23 09:37:20,39.4,70900,39.4,D
sh600584,长电科技,2025-09-23 09:37:23,39.4,118700,39.4,D
sh600584,长电科技,2025-09-23 09:37:26,39.4,46600,39.4,U
sh600584,长电科技,2025-09-23 09:37:29,39.4,12300,39.4,U
sh600584,长电科技,2025-09-23 09:37:32,39.38,28600,39.4,D
sh600584,长电科技,2025-09-23 09:37:35,39.38,57500,39.38,D
sh600584,长电科技,2025-09-23 09:37:38,39.38,10600,39.38,U
sh600584,长电科技,2025-09-23 09:37:41,39.37,42900,39.38,D
sh600584,长电科技,2025-09-23 09:37:44,39.37,13500,39.37,U
sh600584,长电科技,2025-09-23 09:37:47,39.36,47100,39.37,D
sh600584,长电科技,2025-09-23 09:37:50,39.39,299100,39.36,U
sh600584,长电科技,2025-09-23 09:37:53,39.39,89000,39.39,D
sh600584,长电科技,2025-09-23 09:37:56,39.39,17200,39.39,D
sh600584,长电科技,2025-09-23 09:37:59,39.39,28100,39.39,U
sh600584,长电科技,2025-09-23 09:38:02,39.44,32800,39.39,U
sh600584,长电科技,2025-09-23 09:38:05,39.42,58200,39.44,D
sh600584,长电科技,2025-09-23 09:38:08,39.48,26300,39.42,U
sh600584,长电科技,2025-09-23 09:38:14,39.55,66800,39.46,U
sh600584,长电科技,2025-09-23 09:38:17,39.56,25000,39.55,U
sh600584,长电科技,2025-09-23 09:38:20,39.6,25500,39.56,U
sh600584,长电科技,2025-09-23 09:38:23,39.61,40500,39.6,U
sh600584,长电科技,2025-09-23 09:38:26,39.61,10100,39.61,U
sh600584,长电科技,2025-09-23 09:38:29,39.62,8600,39.61,U
sh600584,长电科技,2025-09-23 09:38:32,39.6,17300,39.62,D
sh600584,长电科技,2025-09-23 09:38:35,39.56,27600,39.6,D
sh600584,长电科技,2025-09-23 09:38:38,39.6,20600,39.56,E
sh600584,长电科技,2025-09-23 09:38:41,39.56,9200,39.6,D
sh600584,长电科技,2025-09-23 09:38:44,39.56,10500,39.56,U
sh600584,长电科技,2025-09-23 09:38:47,39.56,26500,39.56,D
sh600584,长电科技,2025-09-23 09:38:50,39.56,18800,39.56,D
sh600584,长电科技,2025-09-23 09:38:53,39.56,33000,39.56,D
sh600584,长电科技,2025-09-23 09:38:56,39.57,15000,39.56,U
sh600584,长电科技,2025-09-23 09:38:59,39.56,20900,39.57,D
sh600584,长电科技,2025-09-23 09:39:02,39.57,11700,39.56,E
sh600584,长电科技,2025-09-23 09:39:05,39.59,23800,39.57,U
sh600584,长电科技,2025-09-23 09:39:08,39.59,6600,39.59,U
sh600584,长电科技,2025-09-23 09:39:11,39.57,40900,39.59,D
sh600584,长电科技,2025-09-23 09:39:14,39.54,69900,39.57,D
sh600584,长电科技,2025-09-23 09:39:17,39.51,13900,39.54,D
sh600584,长电科技,2025-09-23 09:39:20,39.47,35100,39.51,D
sh600584,长电科技,2025-09-23 09:39:23,39.44,15100,39.47,D
sh600584,长电科技,2025-09-23 09:39:26,39.48,47000,39.44,U
sh600584,长电科技,2025-09-23 09:39:29,39.44,17400,39.48,U
sh600584,长电科技,2025-09-23 09:39:32,39.42,12700,39.44,E
sh600584,长电科技,2025-09-23 09:39:35,39.44,19600,39.42,U
sh600584,长电科技,2025-09-23 09:39:38,39.45,29300,39.44,U
sh600584,长电科技,2025-09-23 09:39:41,39.45,11700,39.45,D
sh600584,长电科技,2025-09-23 09:39:44,39.46,13300,39.45,U
sh600584,长电科技,2025-09-23 09:39:47,39.45,11000,39.46,D
sh600584,长电科技,2025-09-23 09:39:50,39.47,17500,39.45,U
sh600584,长电科技,2025-09-23 09:39:53,39.46,19900,39.47,D
sh600584,长电科技,2025-09-23 09:39:56,39.46,19400,39.46,U
sh600584,长电科技,2025-09-23 09:39:59,39.45,39900,39.46,D
sh600584,长电科技,2025-09-23 09:40:02,39.43,51100,39.45,D
sh600584,长电科技,2025-09-23 09:40:05,39.42,88900,39.43,D
sh600584,长电科技,2025-09-23 09:40:08,39.42,14500,39.42,U
sh600584,长电科技,2025-09-23 09:40:11,39.41,40700,39.42,D
sh600584,长电科技,2025-09-23 09:40:14,39.4,81200,39.41,D
sh600584,长电科技,2025-09-23 09:40:17,39.38,18500,39.4,D
sh600584,长电科技,2025-09-23 09:40:20,39.37,15900,39.38,D
sh600584,长电科技,2025-09-23 09:40:23,39.37,21000,39.37,D
sh600584,长电科技,2025-09-23 09:40:26,39.37,226900,39.37,U
sh600584,长电科技,2025-09-23 09:40:29,39.38,52100,39.37,U
sh600584,长电科技,2025-09-23 09:40:32,39.38,42100,39.38,D
sh600584,长电科技,2025-09-23 09:40:35,39.38,31900,39.38,D
sh600584,长电科技,2025-09-23 09:40:38,39.38,19100,39.38,U
sh600584,长电科技,2025-09-23 09:40:41,39.38,98500,39.38,U
sh600584,长电科技,2025-09-23 09:40:44,39.38,14000,39.38,D
sh600584,长电科技,2025-09-23 09:40:47,39.38,27200,39.38,D
sh600584,长电科技,2025-09-23 09:40:50,39.45,37900,39.38,U
sh600584,长电科技,2025-09-23 09:40:53,39.43,27400,39.45,U
sh600584,长电科技,2025-09-23 09:40:56,39.43,7900,39.43,E
sh600584,长电科技,2025-09-23 09:40:59,39.4,18600,39.43,D
sh600584,长电科技,2025-09-23 09:41:02,39.41,9200,39.4,E
sh600584,长电科技,2025-09-23 09:41:05,39.4,12700,39.41,D
sh600584,长电科技,2025-09-23 09:41:08,39.43,11800,39.4,U
sh600584,长电科技,2025-09-23 09:41:11,39.4,20700,39.43,D
sh600584,长电科技,2025-09-23 09:41:14,39.4,12300,39.4,U
sh600584,长电科技,2025-09-23 09:41:17,39.39,17900,39.4,D
sh600584,长电科技,2025-09-23 09:41:20,39.39,28300,39.39,D
sh600584,长电科技,2025-09-23 09:41:23,39.4,43900,39.39,U
sh600584,长电科技,2025-09-23 09:41:26,39.4,9300,39.4,U
sh600584,长电科技,2025-09-23 09:41:29,39.38,139900,39.4,D
sh600584,长电科技,2025-09-23 09:41:32,39.32,240500,39.38,D
sh600584,长电科技,2025-09-23 09:41:35,39.33,32500,39.32,U
sh600584,长电科技,2025-09-23 09:41:38,39.31,8700,39.33,D
sh600584,长电科技,2025-09-23 09:41:41,39.32,26800,39.31,U
sh600584,长电科技,2025-09-23 09:41:44,39.31,30800,39.32,D
sh600584,长电科技,2025-09-23 09:41:47,39.32,51600,39.31,U
sh600584,长电科技,2025-09-23 09:41:50,39.32,29400,39.32,D
sh600584,长电科技,2025-09-23 09:41:53,39.31,15000,39.32,D
sh600584,长电科技,2025-09-23 09:41:56,39.31,18300,39.31,D
sh600584,长电科技,2025-09-23 09:41:59,39.31,19200,39.31,D
sh600584,长电科技,2025-09-23 09:42:02,39.3,29400,39.31,D
sh600584,长电科技,2025-09-23 09:42:05,39.3,19100,39.3,D
sh600584,长电科技,2025-09-23 09:42:08,39.3,23458,39.3,D
sh600584,长电科技,2025-09-23 09:42:11,39.31,170700,39.3,U
sh600584,长电科技,2025-09-23 09:42:14,39.31,56600,39.31,U
sh600584,长电科技,2025-09-23 09:42:17,39.33,134500,39.31,U
sh600584,长电科技,2025-09-23 09:42:20,39.39,6500,39.33,U
sh600584,长电科技,2025-09-23 09:42:23,39.34,11800,39.39,D
sh600584,长电科技,2025-09-23 09:42:26,39.39,7900,39.34,U
sh600584,长电科技,2025-09-23 09:42:29,39.39,11900,39.39,U
sh600584,长电科技,2025-09-23 09:42:32,39.39,29500,39.39,U
sh600584,长电科技,2025-09-23 09:42:35,39.39,7600,39.39,D
sh600584,长电科技,2025-09-23 09:42:38,39.39,25500,39.39,D
sh600584,长电科技,2025-09-23 09:42:41,39.39,26000,39.39,D
sh600584,长电科技,2025-09-23 09:42:44,39.39,7800,39.39,U
sh600584,长电科技,2025-09-23 09:42:47,39.38,10200,39.39,D
sh600584,长电科技,2025-09-23 09:42:50,39.38,59100,39.38,U
sh600584,长电科技,2025-09-23 09:42:53,39.39,17700,39.38,U
sh600584,长电科技,2025-09-23 09:42:56,39.39,31100,39.39,U
sh600584,长电科技,2025-09-23 09:42:59,39.49,98842,39.39,U
sh600584,长电科技,2025-09-23 09:43:02,39.45,10300,39.49,D
sh600584,长电科技,2025-09-23 09:43:05,39.51,30000,39.45,U
sh600584,长电科技,2025-09-23 09:43:08,39.59,83600,39.51,U
sh600584,长电科技,2025-09-23 09:43:11,39.56,7600,39.59,E
sh600584,长电科技,2025-09-23 09:43:14,39.54,13700,39.56,D
sh600584,长电科技,2025-09-23 09:43:20,39.56,14000,39.54,U
sh600584,长电科技,2025-09-23 09:43:23,39.54,10500,39.56,D
sh600584,长电科技,2025-09-23 09:43:26,39.54,16600,39.54,U
sh600584,长电科技,2025-09-23 09:43:29,39.54,24400,39.54,U
sh600584,长电科技,2025-09-23 09:43:32,39.51,12700,39.54,E
sh600584,长电科技,2025-09-23 09:43:35,39.52,9400,39.51,E
sh600584,长电科技,2025-09-23 09:43:38,39.52,23200,39.52,D
sh600584,长电科技,2025-09-23 09:43:41,39.52,23100,39.52,U
sh600584,长电科技,2025-09-23 09:43:44,39.52,8100,39.52,U
sh600584,长电科技,2025-09-23 09:43:47,39.52,15700,39.52,U
sh600584,长电科技,2025-09-23 09:43:50,39.5,50900,39.52,D
sh600584,长电科技,2025-09-23 09:43:53,39.5,9100,39.5,D
sh600584,长电科技,2025-09-23 09:43:56,39.5,15300,39.5,D
sh600584,长电科技,2025-09-23 09:43:59,39.5,16300,39.5,U
sh600584,长电科技,2025-09-23 09:44:02,39.48,13200,39.5,D
sh600584,长电科技,2025-09-23 09:44:05,39.49,17000,39.48,E
sh600584,长电科技,2025-09-23 09:44:08,39.45,7600,39.49,D
sh600584,长电科技,2025-09-23 09:44:14,39.41,18700,39.44,D
sh600584,长电科技,2025-09-23 09:44:17,39.39,7800,39.41,D
sh600584,长电科技,2025-09-23 09:44:20,39.38,42200,39.39,D
sh600584,长电科技,2025-09-23 09:44:23,39.38,36600,39.38,D
sh600584,长电科技,2025-09-23 09:44:26,39.35,33300,39.38,E
sh600584,长电科技,2025-09-23 09:44:29,39.34,27900,39.35,D
sh600584,长电科技,2025-09-23 09:44:32,39.35,13500,39.34,U
sh600584,长电科技,2025-09-23 09:44:35,39.35,16800,39.35,U
sh600584,长电科技,2025-09-23 09:44:38,39.33,22600,39.35,D
sh600584,长电科技,2025-09-23 09:44:41,39.33,13800,39.33,U
sh600584,长电科技,2025-09-23 09:44:44,39.33,25200,39.33,U
sh600584,长电科技,2025-09-23 09:44:47,39.3,444142,39.33,D
sh600584,长电科技,2025-09-23 09:44:50,39.32,26400,39.3,U
sh600584,长电科技,2025-09-23 09:44:53,39.34,21000,39.32,U
sh600584,长电科技,2025-09-23 09:44:56,39.35,11300,39.34,U
sh600584,长电科技,2025-09-23 09:44:59,39.33,9300,39.35,U
sh600584,长电科技,2025-09-23 09:45:02,39.33,26100,39.33,U
sh600584,长电科技,2025-09-23 09:45:05,39.32,10800,39.33,E
sh600584,长电科技,2025-09-23 09:45:08,39.31,17100,39.32,D
sh600584,长电科技,2025-09-23 09:45:11,39.31,61800,39.31,U
sh600584,长电科技,2025-09-23 09:45:14,39.31,19600,39.31,U
sh600584,长电科技,2025-09-23 09:45:17,39.31,15900,39.31,D
sh600584,长电科技,2025-09-23 09:45:20,39.32,30700,39.31,U
sh600584,长电科技,2025-09-23 09:45:23,39.32,19400,39.32,D
sh600584,长电科技,2025-09-23 09:45:26,39.34,21200,39.32,U
sh600584,长电科技,2025-09-23 09:45:29,39.32,60800,39.34,D
sh600584,长电科技,2025-09-23 09:45:32,39.33,19300,39.32,U
sh600584,长电科技,2025-09-23 09:45:35,39.33,5100,39.33,D
sh600584,长电科技,2025-09-23 09:45:38,39.33,15200,39.33,U
sh600584,长电科技,2025-09-23 09:45:41,39.33,19000,39.33,U
sh600584,长电科技,2025-09-23 09:45:44,39.32,45700,39.33,D
sh600584,长电科技,2025-09-23 09:45:47,39.33,18300,39.32,U
sh600584,长电科技,2025-09-23 09:45:50,39.32,20700,39.33,E
sh600584,长电科技,2025-09-23 09:45:53,39.32,15500,39.32,U
sh600584,长电科技,2025-09-23 09:45:56,39.32,5100,39.32,D
sh600584,长电科技,2025-09-23 09:45:59,39.33,11600,39.32,U
sh600584,长电科技,2025-09-23 09:46:02,39.33,18200,39.33,U
sh600584,长电科技,2025-09-23 09:46:05,39.34,22700,39.33,U
sh600584,长电科技,2025-09-23 09:46:08,39.34,5400,39.34,U
sh600584,长电科技,2025-09-23 09:46:11,39.33,30900,39.34,D
sh600584,长电科技,2025-09-23 09:46:14,39.34,10000,39.33,U
sh600584,长电科技,2025-09-23 09:46:17,39.35,45800,39.34,U
sh600584,长电科技,2025-09-23 09:46:20,39.36,5700,39.35,U
sh600584,长电科技,2025-09-23 09:46:23,39.35,26800,39.36,D
sh600584,长电科技,2025-09-23 09:46:26,39.38,82300,39.35,U
sh600584,长电科技,2025-09-23 09:46:29,39.4,67400,39.38,U
sh600584,长电科技,2025-09-23 09:46:32,39.4,15500,39.4,U
sh600584,长电科技,2025-09-23 09:46:35,39.4,11000,39.4,U
sh600584,长电科技,2025-09-23 09:46:38,39.4,22400,39.4,U
sh600584,长电科技,2025-09-23 09:46:41,39.38,25100,39.4,D
sh600584,长电科技,2025-09-23 09:46:44,39.41,16800,39.38,U
sh600584,长电科技,2025-09-23 09:46:47,39.42,17800,39.41,E
sh600584,长电科技,2025-09-23 09:46:50,39.41,10100,39.42,D
sh600584,长电科技,2025-09-23 09:46:53,39.41,6200,39.41,U
sh600584,长电科技,2025-09-23 09:46:56,39.41,39800,39.41,U
sh600584,长电科技,2025-09-23 09:46:59,39.48,44600,39.41,U
sh600584,长电科技,2025-09-23 09:47:02,39.45,36600,39.48,E
sh600584,长电科技,2025-09-23 09:47:08,39.48,17300,39.48,D
sh600584,长电科技,2025-09-23 09:47:11,39.49,9200,39.48,U
sh600584,长电科技,2025-09-23 09:47:14,39.46,5400,39.49,D
sh600584,长电科技,2025-09-23 09:47:17,39.45,39100,39.46,D
sh600584,长电科技,2025-09-23 09:47:20,39.45,22200,39.45,D
sh600584,长电科技,2025-09-23 09:47:23,39.45,13300,39.45,U
sh600584,长电科技,2025-09-23 09:47:26,39.43,12700,39.45,E
sh600584,长电科技,2025-09-23 09:47:32,39.39,21800,39.42,D
sh600584,长电科技,2025-09-23 09:47:35,39.38,24900,39.39,D
sh600584,长电科技,2025-09-23 09:47:38,39.39,9200,39.38,U
sh600584,长电科技,2025-09-23 09:47:41,39.37,6800,39.39,D
sh600584,长电科技,2025-09-23 09:47:44,39.38,22700,39.37,U
sh600584,长电科技,2025-09-23 09:47:47,39.33,79800,39.38,D
sh600584,长电科技,2025-09-23 09:47:50,39.36,17200,39.33,E
sh600584,长电科技,2025-09-23 09:47:53,39.36,17500,39.36,U
sh600584,长电科技,2025-09-23 09:47:56,39.36,9900,39.36,U
sh600584,长电科技,2025-09-23 09:47:59,39.34,12100,39.36,D
sh600584,长电科技,2025-09-23 09:48:02,39.34,17200,39.34,E
sh600584,长电科技,2025-09-23 09:48:05,39.31,46000,39.34,D
sh600584,长电科技,2025-09-23 09:48:08,39.35,22300,39.31,U
sh600584,长电科技,2025-09-23 09:48:11,39.33,21600,39.35,E
sh600584,长电科技,2025-09-23 09:48:14,39.36,31800,39.33,U
sh600584,长电科技,2025-09-23 09:48:17,39.33,12400,39.36,D
sh600584,长电科技,2025-09-23 09:48:20,39.34,22800,39.33,U
sh600584,长电科技,2025-09-23 09:48:23,39.34,14900,39.34,D
sh600584,长电科技,2025-09-23 09:48:26,39.35,52700,39.34,U
sh600584,长电科技,2025-09-23 09:48:29,39.36,19800,39.35,U
sh600584,长电科技,2025-09-23 09:48:35,39.35,13200,39.35,D
sh600584,长电科技,2025-09-23 09:48:38,39.35,26200,39.35,D
sh600584,长电科技,2025-09-23 09:48:41,39.36,53900,39.35,U
sh600584,长电科技,2025-09-23 09:48:44,39.35,18400,39.36,E
sh600584,长电科技,2025-09-23 09:48:47,39.36,33600,39.35,U
sh600584,长电科技,2025-09-23 09:48:50,39.36,9200,39.36,D
sh600584,长电科技,2025-09-23 09:48:56,39.37,9100,39.38,D
sh600584,长电科技,2025-09-23 09:48:59,39.38,69700,39.37,E
sh600584,长电科技,2025-09-23 09:49:02,39.41,43200,39.38,U
sh600584,长电科技,2025-09-23 09:49:05,39.41,39400,39.41,U
sh600584,长电科技,2025-09-23 09:49:08,39.43,18400,39.41,U
sh600584,长电科技,2025-09-23 09:49:14,39.44,37000,39.44,D
sh600584,长电科技,2025-09-23 09:49:17,39.44,14000,39.44,D
sh600584,长电科技,2025-09-23 09:49:20,39.44,28600,39.44,U
sh600584,长电科技,2025-09-23 09:49:23,39.45,21000,39.44,U
sh600584,长电科技,2025-09-23 09:49:26,39.46,15400,39.45,U
sh600584,长电科技,2025-09-23 09:49:29,39.45,14900,39.46,D
sh600584,长电科技,2025-09-23 09:49:32,39.45,11700,39.45,D
sh600584,长电科技,2025-09-23 09:49:35,39.44,19800,39.45,D
sh600584,长电科技,2025-09-23 09:49:38,39.46,47700,39.44,U
sh600584,长电科技,2025-09-23 09:49:41,39.45,36100,39.46,D
sh600584,长电科技,2025-09-23 09:49:44,39.48,94500,39.45,U
sh600584,长电科技,2025-09-23 09:49:47,39.47,126200,39.48,D
sh600584,长电科技,2025-09-23 09:49:50,39.56,86200,39.47,U
sh600584,长电科技,2025-09-23 09:49:53,39.5,11100,39.56,D
sh600584,长电科技,2025-09-23 09:49:59,39.56,11000,39.52,U
sh600584,长电科技,2025-09-23 09:50:02,39.52,21500,39.56,E
sh600584,长电科技,2025-09-23 09:50:05,39.5,30700,39.52,D
sh600584,长电科技,2025-09-23 09:50:08,39.49,10500,39.5,D
sh600584,长电科技,2025-09-23 09:50:14,39.55,30300,39.49,U
sh600584,长电科技,2025-09-23 09:50:17,39.5,54301,39.55,D
sh600584,长电科技,2025-09-23 09:50:20,39.56,18900,39.5,U
sh600584,长电科技,2025-09-23 09:50:23,39.56,17300,39.56,D
sh600584,长电科技,2025-09-23 09:50:26,39.55,13800,39.56,E
sh600584,长电科技,2025-09-23 09:50:29,39.55,21400,39.55,U
sh600584,长电科技,2025-09-23 09:50:32,39.51,5300,39.55,D
sh600584,长电科技,2025-09-23 09:50:35,39.5,5500,39.51,D
sh600584,长电科技,2025-09-23 09:50:38,39.5,17600,39.5,D
sh600584,长电科技,2025-09-23 09:50:41,39.51,30700,39.5,U
sh600584,长电科技,2025-09-23 09:50:44,39.49,11799,39.51,D
sh600584,长电科技,2025-09-23 09:50:50,39.48,12600,39.49,D
sh600584,长电科技,2025-09-23 09:50:53,39.49,8800,39.48,U
sh600584,长电科技,2025-09-23 09:50:56,39.49,11700,39.49,U
sh600584,长电科技,2025-09-23 09:51:02,39.45,26100,39.48,D
sh600584,长电科技,2025-09-23 09:51:05,39.44,17500,39.45,D
sh600584,长电科技,2025-09-23 09:51:08,39.43,6000,39.44,D
sh600584,长电科技,2025-09-23 09:51:11,39.42,7100,39.43,D
sh600584,长电科技,2025-09-23 09:51:14,39.42,6100,39.42,D
sh600584,长电科技,2025-09-23 09:51:17,39.41,5300,39.42,D
sh600584,长电科技,2025-09-23 09:51:20,39.39,63100,39.41,D
sh600584,长电科技,2025-09-23 09:51:23,39.4,5500,39.39,U
sh600584,长电科技,2025-09-23 09:51:26,39.38,8800,39.4,D
sh600584,长电科技,2025-09-23 09:51:32,39.38,9600,39.37,U
sh600584,长电科技,2025-09-23 09:51:35,39.38,7600,39.38,U
sh600584,长电科技,2025-09-23 09:51:38,39.37,8000,39.38,D
sh600584,长电科技,2025-09-23 09:51:41,39.37,9000,39.37,U
sh600584,长电科技,2025-09-23 09:51:44,39.36,7600,39.37,D
sh600584,长电科技,2025-09-23 09:51:47,39.36,32200,39.36,D
sh600584,长电科技,2025-09-23 09:51:50,39.36,8800,39.36,U
sh600584,长电科技,2025-09-23 09:51:53,39.36,12900,39.36,U
sh600584,长电科技,2025-09-23 09:51:56,39.36,17900,39.36,U
sh600584,长电科技,2025-09-23 09:51:59,39.35,34800,39.36,D
sh600584,长电科技,2025-09-23 09:52:02,39.34,47700,39.35,D
sh600584,长电科技,2025-09-23 09:52:05,39.31,126100,39.34,D
sh600584,长电科技,2025-09-23 09:52:08,39.33,22900,39.31,U
sh600584,长电科技,2025-09-23 09:52:11,39.31,39900,39.33,D
sh600584,长电科技,2025-09-23 09:52:14,39.35,20900,39.31,U
sh600584,长电科技,2025-09-23 09:52:17,39.32,12100,39.35,D
sh600584,长电科技,2025-09-23 09:52:20,39.32,15100,39.32,D
sh600584,长电科技,2025-09-23 09:52:23,39.32,10300,39.32,U
sh600584,长电科技,2025-09-23 09:52:26,39.32,9700,39.32,D
sh600584,长电科技,2025-09-23 09:52:29,39.32,9600,39.32,D
sh600584,长电科技,2025-09-23 09:52:32,39.32,8900,39.32,U
sh600584,长电科技,2025-09-23 09:52:35,39.31,20400,39.32,D
sh600584,长电科技,2025-09-23 09:52:38,39.31,26200,39.31,D
sh600584,长电科技,2025-09-23 09:52:41,39.31,76100,39.31,D
sh600584,长电科技,2025-09-23 09:52:44,39.3,66200,39.31,D
sh600584,长电科技,2025-09-23 09:52:47,39.31,22100,39.3,U
sh600584,长电科技,2025-09-23 09:52:50,39.3,18500,39.31,D
sh600584,长电科技,2025-09-23 09:52:53,39.3,31400,39.3,D
sh600584,长电科技,2025-09-23 09:52:56,39.3,37700,39.3,D
sh600584,长电科技,2025-09-23 09:52:59,39.3,50600,39.3,D
sh600584,长电科技,2025-09-23 09:53:02,39.3,24400,39.3,D
sh600584,长电科技,2025-09-23 09:53:05,39.3,41300,39.3,D
sh600584,长电科技,2025-09-23 09:53:08,39.34,34000,39.3,U
sh600584,长电科技,2025-09-23 09:53:11,39.35,6800,39.34,U
sh600584,长电科技,2025-09-23 09:53:14,39.34,12600,39.35,D
sh600584,长电科技,2025-09-23 09:53:17,39.34,46400,39.34,U
sh600584,长电科技,2025-09-23 09:53:23,39.36,8200,39.34,U
sh600584,长电科技,2025-09-23 09:53:29,39.37,11600,39.36,U
sh600584,长电科技,2025-09-23 09:53:38,39.35,6900,39.34,E
sh600584,长电科技,2025-09-23 09:53:41,39.33,7100,39.35,D
sh600584,长电科技,2025-09-23 09:53:50,39.34,14800,39.34,D
sh600584,长电科技,2025-09-23 09:53:53,39.33,12600,39.34,D
sh600584,长电科技,2025-09-23 09:53:56,39.34,22100,39.33,U
sh600584,长电科技,2025-09-23 09:53:59,39.34,10000,39.34,U
sh600584,长电科技,2025-09-23 09:54:02,39.33,5300,39.34,U
sh600584,长电科技,2025-09-23 09:54:08,39.32,37400,39.33,D
sh600584,长电科技,2025-09-23 09:54:11,39.32,11600,39.32,U
sh600584,长电科技,2025-09-23 09:54:14,39.33,22700,39.32,U
sh600584,长电科技,2025-09-23 09:54:17,39.33,9700,39.33,D
sh600584,长电科技,2025-09-23 09:54:20,39.35,56400,39.33,U
sh600584,长电科技,2025-09-23 09:54:23,39.35,8200,39.35,D
sh600584,长电科技,2025-09-23 09:54:35,39.34,6900,39.35,D
sh600584,长电科技,2025-09-23 09:54:41,39.34,7100,39.33,U
sh600584,长电科技,2025-09-23 09:54:44,39.33,15000,39.34,D
sh600584,长电科技,2025-09-23 09:54:47,39.33,25800,39.33,U
sh600584,长电科技,2025-09-23 09:54:50,39.32,6900,39.33,D
sh600584,长电科技,2025-09-23 09:54:53,39.32,35000,39.32,D
sh600584,长电科技,2025-09-23 09:54:56,39.32,20200,39.32,D
sh600584,长电科技,2025-09-23 09:54:59,39.32,9700,39.32,D
sh600584,长电科技,2025-09-23 09:55:02,39.32,11800,39.32,D
sh600584,长电科技,2025-09-23 09:55:05,39.32,22300,39.32,U
sh600584,长电科技,2025-09-23 09:55:08,39.3,47900,39.32,D
sh600584,长电科技,2025-09-23 09:55:11,39.3,33900,39.3,D
sh600584,长电科技,2025-09-23 09:55:14,39.3,45500,39.3,D
sh600584,长电科技,2025-09-23 09:55:17,39.31,39800,39.3,U
sh600584,长电科技,2025-09-23 09:55:20,39.3,95300,39.31,D
sh600584,长电科技,2025-09-23 09:55:23,39.3,14300,39.3,U
sh600584,长电科技,2025-09-23 09:55:26,39.29,19100,39.3,D
sh600584,长电科技,2025-09-23 09:55:29,39.3,12500,39.29,U
sh600584,长电科技,2025-09-23 09:55:32,39.29,38600,39.3,D
sh600584,长电科技,2025-09-23 09:55:35,39.29,7500,39.29,U
sh600584,长电科技,2025-09-23 09:55:38,39.28,10200,39.29,D
sh600584,长电科技,2025-09-23 09:55:41,39.28,20700,39.28,D
sh600584,长电科技,2025-09-23 09:55:44,39.28,60500,39.28,D
sh600584,长电科技,2025-09-23 09:55:47,39.28,17000,39.28,D
sh600584,长电科技,2025-09-23 09:55:50,39.28,23100,39.28,D
sh600584,长电科技,2025-09-23 09:55:53,39.28,5300,39.28,U
sh600584,长电科技,2025-09-23 09:55:56,39.27,18900,39.28,D
sh600584,长电科技,2025-09-23 09:55:59,39.27,71000,39.27,D
sh600584,长电科技,2025-09-23 09:56:05,39.27,27300,39.27,U
sh600584,长电科技,2025-09-23 09:56:08,39.26,34000,39.27,D
sh600584,长电科技,2025-09-23 09:56:11,39.26,37000,39.26,D
sh600584,长电科技,2025-09-23 09:56:14,39.26,9500,39.26,U
sh600584,长电科技,2025-09-23 09:56:17,39.25,27200,39.26,D
sh600584,长电科技,2025-09-23 09:56:20,39.26,46100,39.25,U
sh600584,长电科技,2025-09-23 09:56:23,39.25,25900,39.26,D
sh600584,长电科技,2025-09-23 09:56:26,39.24,17400,39.25,D
sh600584,长电科技,2025-09-23 09:56:29,39.24,13800,39.24,D
sh600584,长电科技,2025-09-23 09:56:32,39.23,59200,39.24,D
sh600584,长电科技,2025-09-23 09:56:35,39.22,18000,39.23,D
sh600584,长电科技,2025-09-23 09:56:38,39.22,10900,39.22,D
sh600584,长电科技,2025-09-23 09:56:41,39.21,134800,39.22,D
sh600584,长电科技,2025-09-23 09:56:44,39.21,21200,39.21,D
sh600584,长电科技,2025-09-23 09:56:47,39.2,14000,39.21,D
sh600584,长电科技,2025-09-23 09:56:50,39.2,39000,39.2,D
sh600584,长电科技,2025-09-23 09:56:53,39.2,53600,39.2,D
sh600584,长电科技,2025-09-23 09:56:56,39.21,73300,39.2,U
sh600584,长电科技,2025-09-23 09:56:59,39.18,47300,39.21,D
sh600584,长电科技,2025-09-23 09:57:02,39.2,25200,39.18,U
sh600584,长电科技,2025-09-23 09:57:05,39.2,44000,39.2,U
sh600584,长电科技,2025-09-23 09:57:08,39.2,35200,39.2,U
sh600584,长电科技,2025-09-23 09:57:11,39.2,49600,39.2,U
sh600584,长电科技,2025-09-23 09:57:14,39.18,39400,39.2,D
sh600584,长电科技,2025-09-23 09:57:17,39.18,21300,39.18,U
sh600584,长电科技,2025-09-23 09:57:20,39.18,26500,39.18,U
sh600584,长电科技,2025-09-23 09:57:23,39.18,52100,39.18,U
sh600584,长电科技,2025-09-23 09:57:26,39.18,32400,39.18,D
sh600584,长电科技,2025-09-23 09:57:29,39.18,37900,39.18,D
sh600584,长电科技,2025-09-23 09:57:32,39.18,12900,39.18,U
sh600584,长电科技,2025-09-23 09:57:35,39.18,25500,39.18,U
sh600584,长电科技,2025-09-23 09:57:38,39.17,28400,39.18,D
sh600584,长电科技,2025-09-23 09:57:41,39.16,10500,39.17,D
sh600584,长电科技,2025-09-23 09:57:44,39.16,37700,39.16,D
sh600584,长电科技,2025-09-23 09:57:47,39.16,43500,39.16,D
sh600584,长电科技,2025-09-23 09:57:50,39.16,22600,39.16,U
sh600584,长电科技,2025-09-23 09:57:53,39.15,138100,39.16,D
sh600584,长电科技,2025-09-23 09:57:56,39.15,13900,39.15,U
sh600584,长电科技,2025-09-23 09:57:59,39.14,62700,39.15,D
sh600584,长电科技,2025-09-23 09:58:02,39.13,11200,39.14,D
sh600584,长电科技,2025-09-23 09:58:05,39.13,31600,39.13,D
sh600584,长电科技,2025-09-23 09:58:08,39.13,34800,39.13,U
sh600584,长电科技,2025-09-23 09:58:11,39.12,52700,39.13,D
sh600584,长电科技,2025-09-23 09:58:14,39.11,8500,39.12,D
sh600584,长电科技,2025-09-23 09:58:17,39.11,47700,39.11,D
sh600584,长电科技,2025-09-23 09:58:20,39.1,43300,39.11,D
sh600584,长电科技,2025-09-23 09:58:23,39.11,29400,39.1,U
sh600584,长电科技,2025-09-23 09:58:26,39.11,113400,39.11,U
sh600584,长电科技,2025-09-23 09:58:29,39.11,101000,39.11,U
sh600584,长电科技,2025-09-23 09:58:32,39.11,57300,39.11,D
sh600584,长电科技,2025-09-23 09:58:35,39.1,38100,39.11,U
sh600584,长电科技,2025-09-23 09:58:38,39.09,17500,39.1,D
sh600584,长电科技,2025-09-23 09:58:41,39.09,64500,39.09,D
sh600584,长电科技,2025-09-23 09:58:44,39.08,12600,39.09,D
sh600584,长电科技,2025-09-23 09:58:47,39.05,92400,39.08,D
sh600584,长电科技,2025-09-23 09:58:50,39.05,50400,39.05,D
sh600584,长电科技,2025-09-23 09:58:53,39.05,69100,39.05,D
sh600584,长电科技,2025-09-23 09:58:56,39.05,62800,39.05,D
sh600584,长电科技,2025-09-23 09:58:59,39.06,49200,39.05,U
sh600584,长电科技,2025-09-23 09:59:02,39.1,80100,39.06,U
sh600584,长电科技,2025-09-23 09:59:05,39.12,54800,39.1,U
sh600584,长电科技,2025-09-23 09:59:08,39.13,14200,39.12,U
sh600584,长电科技,2025-09-23 09:59:11,39.13,67700,39.13,U
sh600584,长电科技,2025-09-23 09:59:14,39.15,25100,39.13,U
sh600584,长电科技,2025-09-23 09:59:17,39.13,17900,39.15,D
sh600584,长电科技,2025-09-23 09:59:20,39.15,47000,39.13,U
sh600584,长电科技,2025-09-23 09:59:23,39.13,114500,39.15,D
sh600584,长电科技,2025-09-23 09:59:26,39.16,32900,39.13,U
sh600584,长电科技,2025-09-23 09:59:29,39.16,7900,39.16,U
sh600584,长电科技,2025-09-23 09:59:32,39.17,9000,39.16,U
sh600584,长电科技,2025-09-23 09:59:35,39.13,61500,39.17,D
sh600584,长电科技,2025-09-23 09:59:38,39.13,14200,39.13,U
sh600584,长电科技,2025-09-23 09:59:41,39.12,43600,39.13,D
sh600584,长电科技,2025-09-23 09:59:44,39.11,15100,39.12,D
sh600584,长电科技,2025-09-23 09:59:47,39.1,30200,39.11,D
sh600584,长电科技,2025-09-23 09:59:50,39.1,16700,39.1,D
sh600584,长电科技,2025-09-23 09:59:53,39.11,49300,39.1,U
sh600584,长电科技,2025-09-23 09:59:56,39.1,34800,39.11,D
sh600584,长电科技,2025-09-23 09:59:59,39.1,18200,39.1,U
sh600584,长电科技,2025-09-23 10:00:02,39.09,12500,39.1,D
sh600584,长电科技,2025-09-23 10:00:05,39.09,13500,39.09,D
sh600584,长电科技,2025-09-23 10:00:08,39.09,28400,39.09,U
sh600584,长电科技,2025-09-23 10:00:11,39.08,30800,39.09,D
sh600584,长电科技,2025-09-23 10:00:14,39.07,60400,39.08,D
sh600584,长电科技,2025-09-23 10:00:17,39.07,44700,39.07,D
sh600584,长电科技,2025-09-23 10:00:20,39.1,164900,39.07,U
sh600584,长电科技,2025-09-23 10:00:23,39.11,43800,39.1,U
sh600584,长电科技,2025-09-23 10:00:26,39.09,43300,39.11,D
sh600584,长电科技,2025-09-23 10:00:29,39.09,13800,39.09,D
sh600584,长电科技,2025-09-23 10:00:32,39.09,23200,39.09,U
sh600584,长电科技,2025-09-23 10:00:35,39.1,26600,39.09,U
sh600584,长电科技,2025-09-23 10:00:38,39.09,28400,39.1,D
sh600584,长电科技,2025-09-23 10:00:41,39.1,32200,39.09,U
sh600584,长电科技,2025-09-23 10:00:44,39.09,31700,39.1,D
sh600584,长电科技,2025-09-23 10:00:47,39.08,27200,39.09,D
sh600584,长电科技,2025-09-23 10:00:50,39.09,57600,39.08,U
sh600584,长电科技,2025-09-23 10:00:53,39.08,25800,39.09,D
sh600584,长电科技,2025-09-23 10:00:56,39.08,16600,39.08,U
sh600584,长电科技,2025-09-23 10:00:59,39.08,145100,39.08,U
sh600584,长电科技,2025-09-23 10:01:02,39.09,19200,39.08,U
sh600584,长电科技,2025-09-23 10:01:05,39.09,12200,39.09,U
sh600584,长电科技,2025-09-23 10:01:08,39.09,19800,39.09,U
sh600584,长电科技,2025-09-23 10:01:11,39.09,19300,39.09,U
sh600584,长电科技,2025-09-23 10:01:14,39.08,25800,39.09,D
sh600584,长电科技,2025-09-23 10:01:17,39.07,15600,39.08,D
sh600584,长电科技,2025-09-23 10:01:20,39.07,7100,39.07,D
sh600584,长电科技,2025-09-23 10:01:23,39.07,27500,39.07,U
sh600584,长电科技,2025-09-23 10:01:26,39.05,98800,39.07,D
sh600584,长电科技,2025-09-23 10:01:29,39.05,84900,39.05,D
sh600584,长电科技,2025-09-23 10:01:32,39.03,10900,39.05,D
sh600584,长电科技,2025-09-23 10:01:35,39.03,133000,39.03,D
sh600584,长电科技,2025-09-23 10:01:38,39.01,37000,39.03,D
sh600584,长电科技,2025-09-23 10:01:41,39.01,152400,39.01,D
sh600584,长电科技,2025-09-23 10:01:44,39.01,126400,39.01,U
sh600584,长电科技,2025-09-23 10:01:47,39.0,123900,39.01,D
sh600584,长电科技,2025-09-23 10:01:50,39.01,127000,39.0,D
sh600584,长电科技,2025-09-23 10:01:53,39.02,73000,39.01,E
sh600584,长电科技,2025-09-23 10:01:56,39.07,98100,39.02,U
sh600584,长电科技,2025-09-23 10:01:59,39.02,158600,39.07,D
sh600584,长电科技,2025-09-23 10:02:02,39.01,43800,39.02,D
sh600584,长电科技,2025-09-23 10:02:05,39.02,17100,39.01,E
sh600584,长电科技,2025-09-23 10:02:08,39.08,93100,39.02,U
sh600584,长电科技,2025-09-23 10:02:11,39.03,31700,39.08,D
sh600584,长电科技,2025-09-23 10:02:14,39.05,10100,39.03,E
sh600584,长电科技,2025-09-23 10:02:17,39.05,9430,39.05,D
sh600584,长电科技,2025-09-23 10:02:20,39.06,24700,39.05,E
sh600584,长电科技,2025-09-23 10:02:23,39.04,16600,39.06,D
sh600584,长电科技,2025-09-23 10:02:26,39.04,10870,39.04,D
sh600584,长电科技,2025-09-23 10:02:29,39.04,5200,39.04,U
sh600584,长电科技,2025-09-23 10:02:32,39.04,18500,39.04,U
sh600584,长电科技,2025-09-23 10:02:35,39.03,28100,39.04,E
sh600584,长电科技,2025-09-23 10:02:38,39.02,87800,39.03,D
sh600584,长电科技,2025-09-23 10:02:41,39.02,23500,39.02,U
sh600584,长电科技,2025-09-23 10:02:44,39.04,110100,39.02,U
sh600584,长电科技,2025-09-23 10:02:47,39.01,22200,39.04,D
sh600584,长电科技,2025-09-23 10:02:50,39.02,192200,39.01,U
sh600584,长电科技,2025-09-23 10:02:53,39.01,154400,39.02,E
sh600584,长电科技,2025-09-23 10:02:56,39.0,42800,39.01,D
sh600584,长电科技,2025-09-23 10:02:59,39.01,40900,39.0,U
sh600584,长电科技,2025-09-23 10:03:02,39.01,273600,39.01,U
sh600584,长电科技,2025-09-23 10:03:05,39.03,117900,39.01,U
sh600584,长电科技,2025-09-23 10:03:08,39.03,99400,39.03,U
sh600584,长电科技,2025-09-23 10:03:11,39.04,105100,39.03,U
sh600584,长电科技,2025-09-23 10:03:14,39.07,74530,39.04,U
sh600584,长电科技,2025-09-23 10:03:17,39.09,35300,39.07,U
sh600584,长电科技,2025-09-23 10:03:20,39.07,46000,39.09,E
sh600584,长电科技,2025-09-23 10:03:23,39.1,41100,39.07,U
sh600584,长电科技,2025-09-23 10:03:26,39.07,26900,39.1,D
sh600584,长电科技,2025-09-23 10:03:29,39.11,17100,39.07,U
sh600584,长电科技,2025-09-23 10:03:32,39.12,15200,39.11,U
sh600584,长电科技,2025-09-23 10:03:35,39.09,36400,39.12,D
sh600584,长电科技,2025-09-23 10:03:38,39.09,17700,39.09,U
sh600584,长电科技,2025-09-23 10:03:41,39.08,20500,39.09,D
sh600584,长电科技,2025-09-23 10:03:44,39.09,14100,39.08,U
sh600584,长电科技,2025-09-23 10:03:47,39.08,13700,39.09,U
sh600584,长电科技,2025-09-23 10:03:50,39.08,33100,39.08,U
sh600584,长电科技,2025-09-23 10:03:53,39.1,52700,39.08,U
sh600584,长电科技,2025-09-23 10:03:59,39.1,22200,39.1,D
sh600584,长电科技,2025-09-23 10:04:02,39.1,41700,39.1,U
sh600584,长电科技,2025-09-23 10:04:05,39.1,26800,39.1,U
sh600584,长电科技,2025-09-23 10:04:08,39.09,15800,39.1,D
sh600584,长电科技,2025-09-23 10:04:11,39.1,19500,39.09,U
sh600584,长电科技,2025-09-23 10:04:14,39.1,15600,39.1,U
sh600584,长电科技,2025-09-23 10:04:17,39.09,44100,39.1,D
sh600584,长电科技,2025-09-23 10:04:20,39.09,20200,39.09,U
sh600584,长电科技,2025-09-23 10:04:23,39.1,18600,39.09,U
sh600584,长电科技,2025-09-23 10:04:29,39.09,9500,39.09,D
sh600584,长电科技,2025-09-23 10:04:32,39.09,67800,39.09,D
sh600584,长电科技,2025-09-23 10:04:35,39.08,19200,39.09,D
sh600584,长电科技,2025-09-23 10:04:38,39.09,14600,39.08,U
sh600584,长电科技,2025-09-23 10:04:41,39.09,14700,39.09,U
sh600584,长电科技,2025-09-23 10:04:44,39.08,29300,39.09,D
sh600584,长电科技,2025-09-23 10:04:47,39.08,10300,39.08,U
sh600584,长电科技,2025-09-23 10:04:50,39.08,19800,39.08,U
sh600584,长电科技,2025-09-23 10:04:53,39.07,18800,39.08,D
sh600584,长电科技,2025-09-23 10:04:56,39.07,23182,39.07,D
sh600584,长电科技,2025-09-23 10:04:59,39.08,7300,39.07,E
sh600584,长电科技,2025-09-23 10:05:02,39.07,9718,39.08,D
sh600584,长电科技,2025-09-23 10:05:05,39.07,10382,39.07,U
sh600584,长电科技,2025-09-23 10:05:08,39.07,10618,39.07,D
sh600584,长电科技,2025-09-23 10:05:14,39.08,17400,39.08,U
sh600584,长电科技,2025-09-23 10:05:17,39.08,48818,39.08,D
sh600584,长电科技,2025-09-23 10:05:20,39.06,14700,39.08,D
sh600584,长电科技,2025-09-23 10:05:26,39.07,12900,39.07,U
sh600584,长电科技,2025-09-23 10:05:29,39.06,28800,39.07,D
sh600584,长电科技,2025-09-23 10:05:32,39.03,58300,39.06,D
sh600584,长电科技,2025-09-23 10:05:35,39.05,16000,39.03,U
sh600584,长电科技,2025-09-23 10:05:38,39.05,7400,39.05,U
sh600584,长电科技,2025-09-23 10:05:41,39.03,7000,39.05,D
sh600584,长电科技,2025-09-23 10:05:44,39.03,10300,39.03,U
sh600584,长电科技,2025-09-23 10:05:47,39.03,8100,39.03,U
sh600584,长电科技,2025-09-23 10:05:50,39.03,9500,39.03,D
sh600584,长电科技,2025-09-23 10:05:56,39.03,16000,39.04,D
sh600584,长电科技,2025-09-23 10:05:59,39.03,6400,39.03,D
sh600584,长电科技,2025-09-23 10:06:02,39.03,40400,39.03,U
sh600584,长电科技,2025-09-23 10:06:05,39.03,17600,39.03,D
sh600584,长电科技,2025-09-23 10:06:08,39.03,25500,39.03,U
sh600584,长电科技,2025-09-23 10:06:11,39.05,27100,39.03,U
sh600584,长电科技,2025-09-23 10:06:14,39.03,9300,39.05,D
sh600584,长电科技,2025-09-23 10:06:17,39.03,15300,39.03,U
sh600584,长电科技,2025-09-23 10:06:20,39.05,29600,39.03,U
sh600584,长电科技,2025-09-23 10:06:23,39.05,12900,39.05,D
sh600584,长电科技,2025-09-23 10:06:26,39.05,41600,39.05,D
sh600584,长电科技,2025-09-23 10:06:29,39.05,13800,39.05,U
sh600584,长电科技,2025-09-23 10:06:32,39.04,10500,39.05,D
sh600584,长电科技,2025-09-23 10:06:35,39.03,38000,39.04,D
sh600584,长电科技,2025-09-23 10:06:38,39.03,10200,39.03,D
sh600584,长电科技,2025-09-23 10:06:41,39.03,11100,39.03,U
sh600584,长电科技,2025-09-23 10:06:44,39.04,30200,39.03,U
sh600584,长电科技,2025-09-23 10:06:47,39.04,8400,39.04,U
sh600584,长电科技,2025-09-23 10:06:50,39.04,6300,39.04,U
sh600584,长电科技,2025-09-23 10:06:53,39.04,16300,39.04,D
sh600584,长电科技,2025-09-23 10:06:56,39.04,9700,39.04,D
sh600584,长电科技,2025-09-23 10:06:59,39.05,11200,39.04,U
sh600584,长电科技,2025-09-23 10:07:02,39.05,10100,39.05,U
sh600584,长电科技,2025-09-23 10:07:05,39.05,11200,39.05,U
sh600584,长电科技,2025-09-23 10:07:08,39.04,6800,39.05,D
sh600584,长电科技,2025-09-23 10:07:11,39.04,17300,39.04,D
sh600584,长电科技,2025-09-23 10:07:14,39.05,18200,39.04,U
sh600584,长电科技,2025-09-23 10:07:17,39.05,8700,39.05,U
sh600584,长电科技,2025-09-23 10:07:20,39.04,32900,39.05,D
sh600584,长电科技,2025-09-23 10:07:23,39.0,372000,39.04,D
sh600584,长电科技,2025-09-23 10:07:26,39.0,22900,39.0,D
sh600584,长电科技,2025-09-23 10:07:29,38.99,14300,39.0,D
sh600584,长电科技,2025-09-23 10:07:32,38.99,39700,38.99,U
sh600584,长电科技,2025-09-23 10:07:35,38.98,20900,38.99,D
sh600584,长电科技,2025-09-23 10:07:38,38.97,20600,38.98,D
sh600584,长电科技,2025-09-23 10:07:41,38.97,45700,38.97,D
sh600584,长电科技,2025-09-23 10:07:44,38.95,12900,38.97,D
sh600584,长电科技,2025-09-23 10:07:47,38.96,20500,38.95,U
sh600584,长电科技,2025-09-23 10:07:50,38.93,14700,38.96,D
sh600584,长电科技,2025-09-23 10:07:53,38.93,6300,38.93,D
sh600584,长电科技,2025-09-23 10:07:56,38.92,24600,38.93,D
sh600584,长电科技,2025-09-23 10:07:59,38.94,45300,38.92,U
sh600584,长电科技,2025-09-23 10:08:02,38.93,53300,38.94,D
sh600584,长电科技,2025-09-23 10:08:05,38.91,8200,38.93,D
sh600584,长电科技,2025-09-23 10:08:08,38.93,29900,38.91,U
sh600584,长电科技,2025-09-23 10:08:11,38.93,64400,38.93,U
sh600584,长电科技,2025-09-23 10:08:14,38.92,74500,38.93,D
sh600584,长电科技,2025-09-23 10:08:17,38.93,39300,38.92,U
sh600584,长电科技,2025-09-23 10:08:20,38.93,32000,38.93,D
sh600584,长电科技,2025-09-23 10:08:23,38.92,26600,38.93,D
sh600584,长电科技,2025-09-23 10:08:26,38.92,11800,38.92,U
sh600584,长电科技,2025-09-23 10:08:29,38.89,211900,38.92,D
sh600584,长电科技,2025-09-23 10:08:32,38.91,39500,38.89,U
sh600584,长电科技,2025-09-23 10:08:35,38.9,32000,38.91,D
sh600584,长电科技,2025-09-23 10:08:38,38.89,38000,38.9,D
sh600584,长电科技,2025-09-23 10:08:41,38.9,14200,38.89,U
sh600584,长电科技,2025-09-23 10:08:44,38.9,31700,38.9,U
sh600584,长电科技,2025-09-23 10:08:47,38.89,48400,38.9,D
sh600584,长电科技,2025-09-23 10:08:50,38.88,31800,38.89,D
sh600584,长电科技,2025-09-23 10:08:53,38.89,28600,38.88,U
sh600584,长电科技,2025-09-23 10:08:56,38.88,96400,38.89,D
sh600584,长电科技,2025-09-23 10:08:59,38.87,8900,38.88,D
sh600584,长电科技,2025-09-23 10:09:02,38.87,30700,38.87,D
sh600584,长电科技,2025-09-23 10:09:05,38.88,166500,38.87,U
sh600584,长电科技,2025-09-23 10:09:08,38.89,48900,38.88,E
sh600584,长电科技,2025-09-23 10:09:11,38.86,23000,38.89,D
sh600584,长电科技,2025-09-23 10:09:14,38.88,12000,38.86,U
sh600584,长电科技,2025-09-23 10:09:17,38.87,70400,38.88,D
sh600584,长电科技,2025-09-23 10:09:20,38.87,33100,38.87,U
sh600584,长电科技,2025-09-23 10:09:23,38.86,40800,38.87,D
sh600584,长电科技,2025-09-23 10:09:26,38.87,27700,38.86,U
sh600584,长电科技,2025-09-23 10:09:29,38.86,22500,38.87,D
sh600584,长电科技,2025-09-23 10:09:32,38.86,31000,38.86,D
sh600584,长电科技,2025-09-23 10:09:35,38.86,43800,38.86,U
sh600584,长电科技,2025-09-23 10:09:38,38.85,26800,38.86,D
sh600584,长电科技,2025-09-23 10:09:41,38.85,18300,38.85,U
sh600584,长电科技,2025-09-23 10:09:44,38.84,14200,38.85,D
sh600584,长电科技,2025-09-23 10:09:47,38.84,22500,38.84,D
sh600584,长电科技,2025-09-23 10:09:50,38.83,11900,38.84,D
sh600584,长电科技,2025-09-23 10:09:53,38.84,111400,38.83,U
sh600584,长电科技,2025-09-23 10:09:56,38.81,16500,38.84,D
sh600584,长电科技,2025-09-23 10:09:59,38.8,22600,38.81,D
sh600584,长电科技,2025-09-23 10:10:02,38.8,44600,38.8,D
sh600584,长电科技,2025-09-23 10:10:05,38.81,118500,38.8,D
sh600584,长电科技,2025-09-23 10:10:08,38.81,108500,38.81,D
sh600584,长电科技,2025-09-23 10:10:11,38.84,62400,38.81,U
sh600584,长电科技,2025-09-23 10:10:14,38.92,137000,38.84,U
sh600584,长电科技,2025-09-23 10:10:17,38.92,5800,38.92,D
sh600584,长电科技,2025-09-23 10:10:20,38.88,14100,38.92,D
sh600584,长电科技,2025-09-23 10:10:23,38.91,31100,38.88,U
sh600584,长电科技,2025-09-23 10:10:26,38.93,23300,38.91,U
sh600584,长电科技,2025-09-23 10:10:29,38.92,49900,38.93,D
sh600584,长电科技,2025-09-23 10:10:32,38.94,11900,38.92,U
sh600584,长电科技,2025-09-23 10:10:35,38.92,9200,38.94,D
sh600584,长电科技,2025-09-23 10:10:38,38.93,13100,38.92,U
sh600584,长电科技,2025-09-23 10:10:41,38.9,10700,38.93,D
sh600584,长电科技,2025-09-23 10:10:44,38.93,11200,38.9,U
sh600584,长电科技,2025-09-23 10:10:47,38.93,19200,38.93,U
sh600584,长电科技,2025-09-23 10:10:50,38.92,21100,38.93,D
sh600584,长电科技,2025-09-23 10:10:53,38.96,59000,38.92,U
sh600584,长电科技,2025-09-23 10:10:59,38.93,17400,38.92,U
sh600584,长电科技,2025-09-23 10:11:02,38.92,20800,38.93,D
sh600584,长电科技,2025-09-23 10:11:05,38.95,33600,38.92,U
sh600584,长电科技,2025-09-23 10:11:08,38.93,34500,38.95,D
sh600584,长电科技,2025-09-23 10:11:11,38.93,13300,38.93,D
sh600584,长电科技,2025-09-23 10:11:14,38.93,5800,38.93,U
sh600584,长电科技,2025-09-23 10:11:17,38.92,5500,38.93,D
sh600584,长电科技,2025-09-23 10:11:20,38.91,24100,38.92,D
sh600584,长电科技,2025-09-23 10:11:23,38.92,15900,38.91,U
sh600584,长电科技,2025-09-23 10:11:26,38.91,21000,38.92,D
sh600584,长电科技,2025-09-23 10:11:29,38.92,15200,38.91,U
sh600584,长电科技,2025-09-23 10:11:32,38.92,25500,38.92,U
sh600584,长电科技,2025-09-23 10:11:35,38.91,5300,38.92,D
sh600584,长电科技,2025-09-23 10:11:38,38.89,31400,38.91,D
sh600584,长电科技,2025-09-23 10:11:41,38.89,15600,38.89,D
sh600584,长电科技,2025-09-23 10:11:44,38.9,37000,38.89,U
sh600584,长电科技,2025-09-23 10:11:47,38.88,13300,38.9,D
sh600584,长电科技,2025-09-23 10:11:50,38.89,10400,38.88,U
sh600584,长电科技,2025-09-23 10:11:53,38.88,11100,38.89,D
sh600584,长电科技,2025-09-23 10:11:56,38.88,33200,38.88,U
sh600584,长电科技,2025-09-23 10:11:59,38.87,17900,38.88,D
sh600584,长电科技,2025-09-23 10:12:02,38.86,7500,38.87,D
sh600584,长电科技,2025-09-23 10:12:05,38.86,37500,38.86,D
sh600584,长电科技,2025-09-23 10:12:08,38.86,31900,38.86,U
sh600584,长电科技,2025-09-23 10:12:11,38.86,37700,38.86,U
sh600584,长电科技,2025-09-23 10:12:14,38.86,64200,38.86,U
sh600584,长电科技,2025-09-23 10:12:17,38.86,13800,38.86,D
sh600584,长电科技,2025-09-23 10:12:20,38.86,8300,38.86,D
sh600584,长电科技,2025-09-23 10:12:23,38.9,15400,38.86,U
sh600584,长电科技,2025-09-23 10:12:26,38.86,7800,38.9,D
sh600584,长电科技,2025-09-23 10:12:29,38.96,82500,38.86,U
sh600584,长电科技,2025-09-23 10:12:32,38.96,7900,38.96,D
sh600584,长电科技,2025-09-23 10:12:35,38.96,10800,38.96,D
sh600584,长电科技,2025-09-23 10:12:38,38.97,11100,38.96,E
sh600584,长电科技,2025-09-23 10:12:41,38.97,7400,38.97,D
sh600584,长电科技,2025-09-23 10:12:44,38.96,94200,38.97,D
sh600584,长电科技,2025-09-23 10:12:47,38.96,30400,38.96,U
sh600584,长电科技,2025-09-23 10:12:50,38.92,8500,38.96,E
sh600584,长电科技,2025-09-23 10:12:53,38.91,7900,38.92,D
sh600584,长电科技,2025-09-23 10:12:59,38.91,15100,38.91,U
sh600584,长电科技,2025-09-23 10:13:02,38.88,23100,38.91,D
sh600584,长电科技,2025-09-23 10:13:08,38.88,35000,38.9,D
sh600584,长电科技,2025-09-23 10:13:11,38.88,7800,38.88,D
sh600584,长电科技,2025-09-23 10:13:14,38.88,17800,38.88,U
sh600584,长电科技,2025-09-23 10:13:17,38.86,56900,38.88,D
sh600584,长电科技,2025-09-23 10:13:20,38.85,29000,38.86,E
sh600584,长电科技,2025-09-23 10:13:23,38.83,32700,38.85,D
sh600584,长电科技,2025-09-23 10:13:26,38.82,17000,38.83,E
sh600584,长电科技,2025-09-23 10:13:29,38.82,13300,38.82,U
sh600584,长电科技,2025-09-23 10:13:32,38.82,47500,38.82,U
sh600584,长电科技,2025-09-23 10:13:35,38.82,47500,38.82,U
sh600584,长电科技,2025-09-23 10:13:38,38.81,35300,38.82,D
sh600584,长电科技,2025-09-23 10:13:41,38.81,22700,38.81,U
sh600584,长电科技,2025-09-23 10:13:44,38.82,32000,38.81,U
sh600584,长电科技,2025-09-23 10:13:47,38.82,16000,38.82,U
sh600584,长电科技,2025-09-23 10:13:50,38.82,53900,38.82,U
sh600584,长电科技,2025-09-23 10:13:53,38.81,28300,38.82,D
sh600584,长电科技,2025-09-23 10:13:56,38.81,285700,38.81,U
sh600584,长电科技,2025-09-23 10:13:59,38.8,12500,38.81,D
sh600584,长电科技,2025-09-23 10:14:02,38.8,45500,38.8,D
sh600584,长电科技,2025-09-23 10:14:05,38.81,110545,38.8,U
sh600584,长电科技,2025-09-23 10:14:08,38.8,73900,38.81,D
sh600584,长电科技,2025-09-23 10:14:11,38.8,23800,38.8,U
sh600584,长电科技,2025-09-23 10:14:14,38.8,33700,38.8,U
sh600584,长电科技,2025-09-23 10:14:17,38.8,80200,38.8,U
sh600584,长电科技,2025-09-23 10:14:20,38.82,39100,38.8,E
sh600584,长电科技,2025-09-23 10:14:23,38.87,27100,38.82,U
sh600584,长电科技,2025-09-23 10:14:26,38.86,12600,38.87,D
sh600584,长电科技,2025-09-23 10:14:29,38.86,39900,38.86,D
sh600584,长电科技,2025-09-23 10:14:32,38.87,16900,38.86,U
sh600584,长电科技,2025-09-23 10:14:35,38.88,33300,38.87,U
sh600584,长电科技,2025-09-23 10:14:38,38.88,12700,38.88,D
sh600584,长电科技,2025-09-23 10:14:41,38.88,15400,38.88,D
sh600584,长电科技,2025-09-23 10:14:44,38.88,17700,38.88,U
sh600584,长电科技,2025-09-23 10:14:47,38.88,17000,38.88,U
sh600584,长电科技,2025-09-23 10:14:50,38.88,15700,38.88,U
sh600584,长电科技,2025-09-23 10:14:53,38.88,7100,38.88,D
sh600584,长电科技,2025-09-23 10:14:56,38.88,57300,38.88,D
sh600584,长电科技,2025-09-23 10:14:59,38.88,16200,38.88,U
sh600584,长电科技,2025-09-23 10:15:02,38.92,52200,38.88,U
sh600584,长电科技,2025-09-23 10:15:05,38.9,8500,38.92,D
sh600584,长电科技,2025-09-23 10:15:08,38.92,10300,38.9,U
sh600584,长电科技,2025-09-23 10:15:11,38.9,20600,38.92,D
sh600584,长电科技,2025-09-23 10:15:14,38.92,12900,38.9,U
sh600584,长电科技,2025-09-23 10:15:17,38.94,10800,38.92,E
sh600584,长电科技,2025-09-23 10:15:20,38.93,14000,38.94,D
sh600584,长电科技,2025-09-23 10:15:23,38.93,11100,38.93,D
sh600584,长电科技,2025-09-23 10:15:26,38.94,6500,38.93,E
sh600584,长电科技,2025-09-23 10:15:32,38.95,18200,38.96,D
sh600584,长电科技,2025-09-23 10:15:35,38.95,29900,38.95,U
sh600584,长电科技,2025-09-23 10:15:38,38.95,22100,38.95,U
sh600584,长电科技,2025-09-23 10:15:41,38.96,28900,38.95,U
sh600584,长电科技,2025-09-23 10:15:44,38.95,15800,38.96,D
sh600584,长电科技,2025-09-23 10:15:47,38.95,8200,38.95,D
sh600584,长电科技,2025-09-23 10:15:50,38.96,16300,38.95,U
sh600584,长电科技,2025-09-23 10:15:53,38.94,19100,38.96,D
sh600584,长电科技,2025-09-23 10:15:56,38.95,32000,38.94,U
sh600584,长电科技,2025-09-23 10:15:59,38.95,32700,38.95,U
sh600584,长电科技,2025-09-23 10:16:02,38.94,14700,38.95,D
sh600584,长电科技,2025-09-23 10:16:05,38.92,20500,38.94,D
sh600584,长电科技,2025-09-23 10:16:11,38.92,22000,38.9,U
sh600584,长电科技,2025-09-23 10:16:14,38.92,6100,38.92,D
sh600584,长电科技,2025-09-23 10:16:20,38.91,12800,38.92,D
sh600584,长电科技,2025-09-23 10:16:23,38.92,40800,38.91,U
sh600584,长电科技,2025-09-23 10:16:26,38.92,11200,38.92,D
sh600584,长电科技,2025-09-23 10:16:29,38.93,55900,38.92,U
sh600584,长电科技,2025-09-23 10:16:38,38.93,6000,38.93,U
sh600584,长电科技,2025-09-23 10:16:41,38.91,13200,38.93,D
sh600584,长电科技,2025-09-23 10:16:44,38.93,12600,38.91,U
sh600584,长电科技,2025-09-23 10:16:47,38.94,8000,38.93,U
sh600584,长电科技,2025-09-23 10:16:53,38.95,11400,38.92,U
sh600584,长电科技,2025-09-23 10:16:56,38.93,26700,38.95,E
sh600584,长电科技,2025-09-23 10:16:59,38.91,108600,38.93,D
sh600584,长电科技,2025-09-23 10:17:02,38.9,7500,38.91,D
sh600584,长电科技,2025-09-23 10:17:05,38.89,5600,38.9,D
sh600584,长电科技,2025-09-23 10:17:11,38.89,15500,38.89,D
sh600584,长电科技,2025-09-23 10:17:14,38.88,37300,38.89,D
sh600584,长电科技,2025-09-23 10:17:20,38.86,14600,38.88,D
sh600584,长电科技,2025-09-23 10:17:23,38.86,9600,38.86,D
sh600584,长电科技,2025-09-23 10:17:26,38.85,6000,38.86,D
sh600584,长电科技,2025-09-23 10:17:32,38.85,19200,38.86,D
sh600584,长电科技,2025-09-23 10:17:38,38.85,6900,38.85,D
sh600584,长电科技,2025-09-23 10:17:41,38.85,29700,38.85,D
sh600584,长电科技,2025-09-23 10:17:44,38.85,17400,38.85,D
sh600584,长电科技,2025-09-23 10:17:47,38.86,25500,38.85,U
sh600584,长电科技,2025-09-23 10:17:53,38.86,7700,38.85,U
sh600584,长电科技,2025-09-23 10:17:56,38.85,6200,38.86,D
sh600584,长电科技,2025-09-23 10:17:59,38.85,7800,38.85,U
sh600584,长电科技,2025-09-23 10:18:02,38.85,16000,38.85,D
sh600584,长电科技,2025-09-23 10:18:05,38.85,10100,38.85,D
sh600584,长电科技,2025-09-23 10:18:08,38.84,6700,38.85,D
sh600584,长电科技,2025-09-23 10:18:11,38.84,10700,38.84,D
sh600584,长电科技,2025-09-23 10:18:17,38.84,15900,38.84,D
sh600584,长电科技,2025-09-23 10:18:20,38.84,37200,38.84,U
sh600584,长电科技,2025-09-23 10:18:23,38.83,10600,38.84,D
sh600584,长电科技,2025-09-23 10:18:32,38.83,7800,38.82,U
sh600584,长电科技,2025-09-23 10:18:35,38.82,26000,38.83,D
sh600584,长电科技,2025-09-23 10:18:41,38.81,14600,38.81,D
sh600584,长电科技,2025-09-23 10:18:44,38.82,14500,38.81,U
sh600584,长电科技,2025-09-23 10:18:47,38.81,15200,38.82,D
sh600584,长电科技,2025-09-23 10:18:50,38.81,28000,38.81,D
sh600584,长电科技,2025-09-23 10:18:53,38.82,25600,38.81,U
sh600584,长电科技,2025-09-23 10:18:56,38.82,29100,38.82,U
sh600584,长电科技,2025-09-23 10:18:59,38.81,7300,38.82,U
sh600584,长电科技,2025-09-23 10:19:02,38.81,53700,38.81,U
sh600584,长电科技,2025-09-23 10:19:05,38.82,36600,38.81,U
sh600584,长电科技,2025-09-23 10:19:08,38.81,19400,38.82,D
sh600584,长电科技,2025-09-23 10:19:11,38.82,24300,38.81,U
sh600584,长电科技,2025-09-23 10:19:14,38.81,14500,38.82,E
sh600584,长电科技,2025-09-23 10:19:17,38.82,7300,38.81,E
sh600584,长电科技,2025-09-23 10:19:20,38.81,17500,38.82,D
sh600584,长电科技,2025-09-23 10:19:23,38.81,8300,38.81,D
sh600584,长电科技,2025-09-23 10:19:26,38.81,12800,38.81,D
sh600584,长电科技,2025-09-23 10:19:29,38.82,5400,38.81,U
sh600584,长电科技,2025-09-23 10:19:32,38.82,10800,38.82,D
sh600584,长电科技,2025-09-23 10:19:35,38.81,10000,38.82,D
sh600584,长电科技,2025-09-23 10:19:38,38.81,10400,38.81,D
sh600584,长电科技,2025-09-23 10:19:41,38.81,14700,38.81,D
sh600584,长电科技,2025-09-23 10:19:44,38.81,11200,38.81,D
sh600584,长电科技,2025-09-23 10:19:47,38.81,9700,38.81,D
sh600584,长电科技,2025-09-23 10:19:50,38.81,8300,38.81,U
sh600584,长电科技,2025-09-23 10:19:53,38.81,27500,38.81,U
sh600584,长电科技,2025-09-23 10:19:56,38.81,8600,38.81,D
sh600584,长电科技,2025-09-23 10:19:59,38.8,11100,38.81,D
sh600584,长电科技,2025-09-23 10:20:02,38.81,5600,38.8,E
sh600584,长电科技,2025-09-23 10:20:05,38.81,7800,38.81,U
sh600584,长电科技,2025-09-23 10:20:08,38.81,76700,38.81,U
sh600584,长电科技,2025-09-23 10:20:11,38.8,25200,38.81,D
sh600584,长电科技,2025-09-23 10:20:14,38.81,36700,38.8,U
sh600584,长电科技,2025-09-23 10:20:17,38.8,31100,38.81,D
sh600584,长电科技,2025-09-23 10:20:20,38.81,11500,38.8,U
sh600584,长电科技,2025-09-23 10:20:23,38.82,42400,38.81,U
sh600584,长电科技,2025-09-23 10:20:26,38.81,19600,38.82,D
sh600584,长电科技,2025-09-23 10:20:29,38.81,8700,38.81,D
sh600584,长电科技,2025-09-23 10:20:32,38.81,63300,38.81,D
sh600584,长电科技,2025-09-23 10:20:35,38.8,18700,38.81,D
sh600584,长电科技,2025-09-23 10:20:38,38.8,24400,38.8,D
sh600584,长电科技,2025-09-23 10:20:41,38.8,25000,38.8,D
sh600584,长电科技,2025-09-23 10:20:44,38.8,6500,38.8,D
sh600584,长电科技,2025-09-23 10:20:47,38.81,18500,38.8,U
sh600584,长电科技,2025-09-23 10:20:50,38.81,19700,38.81,U
sh600584,长电科技,2025-09-23 10:20:53,38.81,13600,38.81,D
sh600584,长电科技,2025-09-23 10:20:56,38.81,10100,38.81,D
sh600584,长电科技,2025-09-23 10:20:59,38.81,8500,38.81,U
sh600584,长电科技,2025-09-23 10:21:02,38.81,9400,38.81,U
sh600584,长电科技,2025-09-23 10:21:05,38.82,29100,38.81,U
sh600584,长电科技,2025-09-23 10:21:08,38.8,17500,38.82,D
sh600584,长电科技,2025-09-23 10:21:11,38.81,7700,38.8,U
sh600584,长电科技,2025-09-23 10:21:14,38.82,11900,38.81,U
sh600584,长电科技,2025-09-23 10:21:17,38.81,24900,38.82,D
sh600584,长电科技,2025-09-23 10:21:20,38.81,5700,38.81,U
sh600584,长电科技,2025-09-23 10:21:23,38.8,14300,38.81,D
sh600584,长电科技,2025-09-23 10:21:26,38.81,30000,38.8,U
sh600584,长电科技,2025-09-23 10:21:29,38.81,7000,38.81,U
sh600584,长电科技,2025-09-23 10:21:32,38.8,9300,38.81,D
sh600584,长电科技,2025-09-23 10:21:35,38.81,12100,38.8,U
sh600584,长电科技,2025-09-23 10:21:38,38.81,11800,38.81,D
sh600584,长电科技,2025-09-23 10:21:41,38.8,17100,38.81,D
sh600584,长电科技,2025-09-23 10:21:44,38.81,9500,38.8,E
sh600584,长电科技,2025-09-23 10:21:47,38.81,34200,38.81,D
sh600584,长电科技,2025-09-23 10:21:50,38.82,36300,38.81,E
sh600584,长电科技,2025-09-23 10:21:53,38.84,51000,38.82,U
sh600584,长电科技,2025-09-23 10:21:56,38.84,13000,38.84,D
sh600584,长电科技,2025-09-23 10:22:02,38.86,6100,38.85,U
sh600584,长电科技,2025-09-23 10:22:08,38.87,9700,38.85,U
sh600584,长电科技,2025-09-23 10:22:11,38.86,11800,38.87,D
sh600584,长电科技,2025-09-23 10:22:14,38.85,12600,38.86,D
sh600584,长电科技,2025-09-23 10:22:17,38.87,15100,38.85,U
sh600584,长电科技,2025-09-23 10:22:20,38.87,9700,38.87,D
sh600584,长电科技,2025-09-23 10:22:23,38.88,13500,38.87,U
sh600584,长电科技,2025-09-23 10:22:26,38.86,82500,38.88,D
sh600584,长电科技,2025-09-23 10:22:29,38.86,23100,38.86,D
sh600584,长电科技,2025-09-23 10:22:32,38.86,46600,38.86,U
sh600584,长电科技,2025-09-23 10:22:35,38.83,25400,38.86,D
sh600584,长电科技,2025-09-23 10:22:38,38.83,8600,38.83,U
sh600584,长电科技,2025-09-23 10:22:41,38.83,14900,38.83,D
sh600584,长电科技,2025-09-23 10:22:44,38.82,10700,38.83,D
sh600584,长电科技,2025-09-23 10:22:47,38.82,14000,38.82,U
sh600584,长电科技,2025-09-23 10:22:50,38.82,13200,38.82,U
sh600584,长电科技,2025-09-23 10:22:53,38.82,12200,38.82,U
sh600584,长电科技,2025-09-23 10:22:56,38.82,29200,38.82,D
sh600584,长电科技,2025-09-23 10:23:02,38.83,26700,38.83,U
sh600584,长电科技,2025-09-23 10:23:05,38.83,9700,38.83,U
sh600584,长电科技,2025-09-23 10:23:08,38.82,11700,38.83,D
sh600584,长电科技,2025-09-23 10:23:11,38.82,5900,38.82,D
sh600584,长电科技,2025-09-23 10:23:17,38.83,6700,38.82,U
sh600584,长电科技,2025-09-23 10:23:20,38.82,11700,38.83,D
sh600584,长电科技,2025-09-23 10:23:23,38.82,31300,38.82,D
sh600584,长电科技,2025-09-23 10:23:26,38.82,9400,38.82,D
sh600584,长电科技,2025-09-23 10:23:29,38.83,9200,38.82,E
sh600584,长电科技,2025-09-23 10:23:32,38.83,6000,38.83,D
sh600584,长电科技,2025-09-23 10:23:35,38.84,9500,38.83,U
sh600584,长电科技,2025-09-23 10:23:47,38.84,7300,38.83,U
sh600584,长电科技,2025-09-23 10:23:50,38.83,33300,38.84,D
sh600584,长电科技,2025-09-23 10:23:53,38.83,12300,38.83,U
sh600584,长电科技,2025-09-23 10:23:56,38.82,16400,38.83,D
sh600584,长电科技,2025-09-23 10:23:59,38.81,50600,38.82,D
sh600584,长电科技,2025-09-23 10:24:02,38.8,14500,38.81,D
sh600584,长电科技,2025-09-23 10:24:05,38.81,13100,38.8,E
sh600584,长电科技,2025-09-23 10:24:11,38.81,30600,38.81,U
sh600584,长电科技,2025-09-23 10:24:14,38.8,16700,38.81,D
sh600584,长电科技,2025-09-23 10:24:17,38.8,65900,38.8,D
sh600584,长电科技,2025-09-23 10:24:20,38.81,45600,38.8,U
sh600584,长电科技,2025-09-23 10:24:23,38.79,28400,38.81,D
sh600584,长电科技,2025-09-23 10:24:26,38.79,52000,38.79,D
sh600584,长电科技,2025-09-23 10:24:29,38.79,21700,38.79,D
sh600584,长电科技,2025-09-23 10:24:32,38.78,9500,38.79,D
sh600584,长电科技,2025-09-23 10:24:35,38.78,8100,38.78,D
sh600584,长电科技,2025-09-23 10:24:38,38.78,38600,38.78,D
sh600584,长电科技,2025-09-23 10:24:41,38.79,32300,38.78,U
sh600584,长电科技,2025-09-23 10:24:44,38.77,50700,38.79,D
sh600584,长电科技,2025-09-23 10:24:47,38.75,76700,38.77,D
sh600584,长电科技,2025-09-23 10:24:50,38.74,80400,38.75,D
sh600584,长电科技,2025-09-23 10:24:53,38.73,11800,38.74,U
sh600584,长电科技,2025-09-23 10:24:56,38.71,40800,38.73,D
sh600584,长电科技,2025-09-23 10:24:59,38.7,12600,38.71,D
sh600584,长电科技,2025-09-23 10:25:02,38.7,6700,38.7,D
sh600584,长电科技,2025-09-23 10:25:05,38.7,45200,38.7,D
sh600584,长电科技,2025-09-23 10:25:08,38.71,53500,38.7,U
sh600584,长电科技,2025-09-23 10:25:11,38.7,94100,38.71,D
sh600584,长电科技,2025-09-23 10:25:14,38.69,10700,38.7,E
sh600584,长电科技,2025-09-23 10:25:17,38.69,41100,38.69,U
sh600584,长电科技,2025-09-23 10:25:20,38.68,14900,38.69,D
sh600584,长电科技,2025-09-23 10:25:23,38.66,21400,38.68,D
sh600584,长电科技,2025-09-23 10:25:26,38.67,22100,38.66,U
sh600584,长电科技,2025-09-23 10:25:29,38.66,8300,38.67,D
sh600584,长电科技,2025-09-23 10:25:32,38.65,13000,38.66,D
sh600584,长电科技,2025-09-23 10:25:35,38.64,11100,38.65,D
sh600584,长电科技,2025-09-23 10:25:38,38.63,8000,38.64,D
sh600584,长电科技,2025-09-23 10:25:41,38.62,25700,38.63,D
sh600584,长电科技,2025-09-23 10:25:44,38.62,10000,38.62,D
sh600584,长电科技,2025-09-23 10:25:47,38.6,25100,38.62,D
sh600584,长电科技,2025-09-23 10:25:50,38.6,65700,38.6,D
sh600584,长电科技,2025-09-23 10:25:53,38.6,82500,38.6,D
sh600584,长电科技,2025-09-23 10:25:56,38.59,40000,38.6,D
sh600584,长电科技,2025-09-23 10:25:59,38.59,24300,38.59,U
sh600584,长电科技,2025-09-23 10:26:02,38.58,50700,38.59,D
sh600584,长电科技,2025-09-23 10:26:05,38.6,65900,38.58,U
sh600584,长电科技,2025-09-23 10:26:08,38.56,42300,38.6,D
sh600584,长电科技,2025-09-23 10:26:11,38.58,41800,38.56,U
sh600584,长电科技,2025-09-23 10:26:14,38.55,29000,38.58,D
sh600584,长电科技,2025-09-23 10:26:17,38.55,27700,38.55,D
sh600584,长电科技,2025-09-23 10:26:20,38.55,51900,38.55,D
sh600584,长电科技,2025-09-23 10:26:23,38.54,20200,38.55,E
sh600584,长电科技,2025-09-23 10:26:26,38.52,43500,38.54,D
sh600584,长电科技,2025-09-23 10:26:29,38.52,35400,38.52,D
sh600584,长电科技,2025-09-23 10:26:32,38.55,119000,38.52,U
sh600584,长电科技,2025-09-23 10:26:35,38.55,182400,38.55,U
sh600584,长电科技,2025-09-23 10:26:38,38.58,64800,38.55,U
sh600584,长电科技,2025-09-23 10:26:41,38.58,25800,38.58,U
sh600584,长电科技,2025-09-23 10:26:44,38.56,23400,38.58,D
sh600584,长电科技,2025-09-23 10:26:47,38.56,37094,38.56,D
sh600584,长电科技,2025-09-23 10:26:50,38.59,48200,38.56,U
sh600584,长电科技,2025-09-23 10:26:53,38.56,58800,38.59,D
sh600584,长电科技,2025-09-23 10:26:56,38.59,40000,38.56,U
sh600584,长电科技,2025-09-23 10:26:59,38.56,23600,38.59,D
sh600584,长电科技,2025-09-23 10:27:02,38.56,16302,38.56,U
sh600584,长电科技,2025-09-23 10:27:05,38.57,16600,38.56,D
sh600584,长电科技,2025-09-23 10:27:08,38.56,55000,38.57,D
sh600584,长电科技,2025-09-23 10:27:11,38.57,29600,38.56,U
sh600584,长电科技,2025-09-23 10:27:14,38.56,16400,38.57,D
sh600584,长电科技,2025-09-23 10:27:17,38.56,12700,38.56,U
sh600584,长电科技,2025-09-23 10:27:20,38.55,20700,38.56,D
sh600584,长电科技,2025-09-23 10:27:23,38.55,24600,38.55,U
sh600584,长电科技,2025-09-23 10:27:26,38.54,12800,38.55,D
sh600584,长电科技,2025-09-23 10:27:29,38.53,32700,38.54,D
sh600584,长电科技,2025-09-23 10:27:32,38.53,23100,38.53,D
sh600584,长电科技,2025-09-23 10:27:35,38.54,26000,38.53,U
sh600584,长电科技,2025-09-23 10:27:38,38.52,24000,38.54,D
sh600584,长电科技,2025-09-23 10:27:41,38.51,26500,38.52,D
sh600584,长电科技,2025-09-23 10:27:44,38.51,17300,38.51,D
sh600584,长电科技,2025-09-23 10:27:47,38.51,36800,38.51,D
sh600584,长电科技,2025-09-23 10:27:50,38.51,60900,38.51,D
sh600584,长电科技,2025-09-23 10:27:53,38.5,114200,38.51,D
sh600584,长电科技,2025-09-23 10:27:56,38.5,171400,38.5,D
sh600584,长电科技,2025-09-23 10:27:59,38.5,147400,38.5,D
sh600584,长电科技,2025-09-23 10:28:02,38.51,78000,38.5,U
sh600584,长电科技,2025-09-23 10:28:05,38.5,129900,38.51,D
sh600584,长电科技,2025-09-23 10:28:08,38.5,80000,38.5,U
sh600584,长电科技,2025-09-23 10:28:11,38.48,38000,38.5,D
sh600584,长电科技,2025-09-23 10:28:14,38.46,148300,38.48,D
sh600584,长电科技,2025-09-23 10:28:17,38.46,20700,38.46,U
sh600584,长电科技,2025-09-23 10:28:20,38.45,15300,38.46,D
sh600584,长电科技,2025-09-23 10:28:23,38.43,18400,38.45,D
sh600584,长电科技,2025-09-23 10:28:26,38.44,49500,38.43,E
sh600584,长电科技,2025-09-23 10:28:29,38.43,12100,38.44,D
sh600584,长电科技,2025-09-23 10:28:32,38.42,63500,38.43,D
sh600584,长电科技,2025-09-23 10:28:35,38.42,20200,38.42,E
sh600584,长电科技,2025-09-23 10:28:38,38.41,69500,38.42,D
sh600584,长电科技,2025-09-23 10:28:41,38.4,137000,38.41,D
sh600584,长电科技,2025-09-23 10:28:44,38.4,57100,38.4,D
sh600584,长电科技,2025-09-23 10:28:47,38.39,13200,38.4,D
sh600584,长电科技,2025-09-23 10:28:50,38.39,31800,38.39,D
sh600584,长电科技,2025-09-23 10:28:53,38.39,67400,38.39,U
sh600584,长电科技,2025-09-23 10:28:56,38.38,70000,38.39,D
sh600584,长电科技,2025-09-23 10:28:59,38.38,91600,38.38,U
sh600584,长电科技,2025-09-23 10:29:02,38.38,46500,38.38,U
sh600584,长电科技,2025-09-23 10:29:05,38.4,371700,38.38,U
sh600584,长电科技,2025-09-23 10:29:08,38.4,50900,38.4,U
sh600584,长电科技,2025-09-23 10:29:11,38.39,72600,38.4,D
sh600584,长电科技,2025-09-23 10:29:14,38.44,83700,38.39,U
sh600584,长电科技,2025-09-23 10:29:17,38.47,64700,38.44,U
sh600584,长电科技,2025-09-23 10:29:20,38.48,21900,38.47,U
sh600584,长电科技,2025-09-23 10:29:23,38.48,13000,38.48,U
sh600584,长电科技,2025-09-23 10:29:26,38.48,24800,38.48,U
sh600584,长电科技,2025-09-23 10:29:29,38.49,48700,38.48,U
sh600584,长电科技,2025-09-23 10:29:35,38.48,60900,38.5,D
sh600584,长电科技,2025-09-23 10:29:38,38.5,113800,38.48,U
sh600584,长电科技,2025-09-23 10:29:41,38.5,34300,38.5,D
sh600584,长电科技,2025-09-23 10:29:44,38.53,58400,38.5,U
sh600584,长电科技,2025-09-23 10:29:47,38.52,14500,38.53,D
sh600584,长电科技,2025-09-23 10:29:50,38.53,12000,38.52,E
sh600584,长电科技,2025-09-23 10:29:53,38.54,28200,38.53,D
sh600584,长电科技,2025-09-23 10:29:56,38.52,26100,38.54,D
sh600584,长电科技,2025-09-23 10:29:59,38.52,31100,38.52,D
sh600584,长电科技,2025-09-23 10:30:02,38.5,44700,38.52,D
sh600584,长电科技,2025-09-23 10:30:05,38.53,72700,38.5,U
sh600584,长电科技,2025-09-23 10:30:08,38.51,26200,38.53,D
sh600584,长电科技,2025-09-23 10:30:11,38.52,25700,38.51,U
sh600584,长电科技,2025-09-23 10:30:14,38.52,17600,38.52,U
sh600584,长电科技,2025-09-23 10:30:17,38.5,34000,38.52,D
sh600584,长电科技,2025-09-23 10:30:20,38.52,11000,38.5,U
sh600584,长电科技,2025-09-23 10:30:23,38.5,15300,38.52,D
sh600584,长电科技,2025-09-23 10:30:26,38.49,30200,38.5,D
sh600584,长电科技,2025-09-23 10:30:29,38.49,33600,38.49,D
sh600584,长电科技,2025-09-23 10:30:32,38.49,12500,38.49,U
sh600584,长电科技,2025-09-23 10:30:35,38.48,17500,38.49,D
sh600584,长电科技,2025-09-23 10:30:38,38.49,73800,38.48,U
sh600584,长电科技,2025-09-23 10:30:41,38.48,23600,38.49,D
sh600584,长电科技,2025-09-23 10:30:44,38.48,19600,38.48,D
sh600584,长电科技,2025-09-23 10:30:47,38.48,5300,38.48,U
sh600584,长电科技,2025-09-23 10:30:50,38.47,28400,38.48,D
sh600584,长电科技,2025-09-23 10:30:53,38.49,69300,38.47,U
sh600584,长电科技,2025-09-23 10:30:56,38.5,18700,38.49,U
sh600584,长电科技,2025-09-23 10:30:59,38.5,7500,38.5,U
sh600584,长电科技,2025-09-23 10:31:02,38.47,17600,38.5,D
sh600584,长电科技,2025-09-23 10:31:05,38.47,11100,38.47,D
sh600584,长电科技,2025-09-23 10:31:08,38.47,18900,38.47,D
sh600584,长电科技,2025-09-23 10:31:11,38.47,22000,38.47,D
sh600584,长电科技,2025-09-23 10:31:14,38.47,14800,38.47,D
sh600584,长电科技,2025-09-23 10:31:17,38.47,16100,38.47,U
sh600584,长电科技,2025-09-23 10:31:20,38.47,16900,38.47,U
sh600584,长电科技,2025-09-23 10:31:23,38.48,17100,38.47,U
sh600584,长电科技,2025-09-23 10:31:26,38.47,10700,38.48,D
sh600584,长电科技,2025-09-23 10:31:29,38.47,20700,38.47,D
sh600584,长电科技,2025-09-23 10:31:32,38.48,15800,38.47,U
sh600584,长电科技,2025-09-23 10:31:35,38.46,22400,38.48,D
sh600584,长电科技,2025-09-23 10:31:38,38.46,13400,38.46,U
sh600584,长电科技,2025-09-23 10:31:41,38.46,9000,38.46,U
sh600584,长电科技,2025-09-23 10:31:44,38.45,35100,38.46,D
sh600584,长电科技,2025-09-23 10:31:47,38.45,30200,38.45,D
sh600584,长电科技,2025-09-23 10:31:50,38.45,13000,38.45,D
sh600584,长电科技,2025-09-23 10:31:53,38.44,5600,38.45,D
sh600584,长电科技,2025-09-23 10:31:56,38.44,23800,38.44,D
sh600584,长电科技,2025-09-23 10:31:59,38.39,114100,38.44,D
sh600584,长电科技,2025-09-23 10:32:05,38.39,38900,38.39,D
sh600584,长电科技,2025-09-23 10:32:08,38.4,76600,38.39,U
sh600584,长电科技,2025-09-23 10:32:11,38.39,12800,38.4,E
sh600584,长电科技,2025-09-23 10:32:14,38.39,27400,38.39,U
sh600584,长电科技,2025-09-23 10:32:17,38.39,36200,38.39,D
sh600584,长电科技,2025-09-23 10:32:20,38.39,40400,38.39,U
sh600584,长电科技,2025-09-23 10:32:23,38.39,40300,38.39,D
sh600584,长电科技,2025-09-23 10:32:26,38.39,37900,38.39,U
sh600584,长电科技,2025-09-23 10:32:29,38.39,21800,38.39,U
sh600584,长电科技,2025-09-23 10:32:32,38.38,61500,38.39,D
sh600584,长电科技,2025-09-23 10:32:35,38.39,38700,38.38,U
sh600584,长电科技,2025-09-23 10:32:38,38.39,9500,38.39,D
sh600584,长电科技,2025-09-23 10:32:41,38.39,25600,38.39,D
sh600584,长电科技,2025-09-23 10:32:44,38.39,23100,38.39,U
sh600584,长电科技,2025-09-23 10:32:47,38.38,64200,38.39,D
sh600584,长电科技,2025-09-23 10:32:50,38.38,14700,38.38,D
sh600584,长电科技,2025-09-23 10:32:53,38.38,15300,38.38,U
sh600584,长电科技,2025-09-23 10:32:56,38.38,43600,38.38,U
sh600584,长电科技,2025-09-23 10:32:59,38.37,12100,38.38,D
sh600584,长电科技,2025-09-23 10:33:02,38.37,17300,38.37,U
sh600584,长电科技,2025-09-23 10:33:05,38.37,50500,38.37,U
sh600584,长电科技,2025-09-23 10:33:08,38.37,47460,38.37,U
sh600584,长电科技,2025-09-23 10:33:11,38.36,35600,38.37,E
sh600584,长电科技,2025-09-23 10:33:14,38.36,25700,38.36,D
sh600584,长电科技,2025-09-23 10:33:17,38.36,13300,38.36,U
sh600584,长电科技,2025-09-23 10:33:20,38.35,22000,38.36,D
sh600584,长电科技,2025-09-23 10:33:23,38.35,82400,38.35,D
sh600584,长电科技,2025-09-23 10:33:26,38.35,8040,38.35,D
sh600584,长电科技,2025-09-23 10:33:29,38.35,10300,38.35,U
sh600584,长电科技,2025-09-23 10:33:32,38.35,12100,38.35,U
sh600584,长电科技,2025-09-23 10:33:35,38.34,13400,38.35,D
sh600584,长电科技,2025-09-23 10:33:38,38.34,23500,38.34,U
sh600584,长电科技,2025-09-23 10:33:41,38.33,25900,38.34,D
sh600584,长电科技,2025-09-23 10:33:44,38.31,13800,38.33,D
sh600584,长电科技,2025-09-23 10:33:47,38.31,24500,38.31,D
sh600584,长电科技,2025-09-23 10:33:50,38.3,115400,38.31,D
sh600584,长电科技,2025-09-23 10:33:53,38.3,20400,38.3,D
sh600584,长电科技,2025-09-23 10:33:56,38.3,48600,38.3,D
sh600584,长电科技,2025-09-23 10:33:59,38.29,12700,38.3,D
sh600584,长电科技,2025-09-23 10:34:02,38.32,156300,38.29,U
sh600584,长电科技,2025-09-23 10:34:05,38.37,167360,38.32,U
sh600584,长电科技,2025-09-23 10:34:08,38.32,70840,38.37,D
sh600584,长电科技,2025-09-23 10:34:11,38.33,13600,38.32,E
sh600584,长电科技,2025-09-23 10:34:14,38.34,27200,38.33,E
sh600584,长电科技,2025-09-23 10:34:17,38.35,58200,38.34,E
sh600584,长电科技,2025-09-23 10:34:20,38.35,102200,38.35,D
sh600584,长电科技,2025-09-23 10:34:23,38.37,9600,38.35,U
sh600584,长电科技,2025-09-23 10:34:26,38.37,7600,38.37,D
sh600584,长电科技,2025-09-23 10:34:29,38.39,8900,38.37,U
sh600584,长电科技,2025-09-23 10:34:32,38.39,56760,38.39,U
sh600584,长电科技,2025-09-23 10:34:35,38.42,11100,38.39,U
sh600584,长电科技,2025-09-23 10:34:38,38.42,7100,38.42,D
sh600584,长电科技,2025-09-23 10:34:41,38.42,30200,38.42,U
sh600584,长电科技,2025-09-23 10:34:44,38.43,6600,38.42,U
sh600584,长电科技,2025-09-23 10:34:47,38.42,6900,38.43,D
sh600584,长电科技,2025-09-23 10:34:50,38.43,9500,38.42,E
sh600584,长电科技,2025-09-23 10:34:53,38.43,37600,38.43,D
sh600584,长电科技,2025-09-23 10:34:56,38.45,36800,38.43,U
sh600584,长电科技,2025-09-23 10:35:02,38.46,8700,38.45,U
sh600584,长电科技,2025-09-23 10:35:05,38.46,16500,38.46,U
sh600584,长电科技,2025-09-23 10:35:08,38.45,32600,38.46,D
sh600584,长电科技,2025-09-23 10:35:11,38.47,9400,38.45,U
sh600584,长电科技,2025-09-23 10:35:14,38.46,7400,38.47,D
sh600584,长电科技,2025-09-23 10:35:17,38.48,26000,38.46,U
sh600584,长电科技,2025-09-23 10:35:20,38.49,29900,38.48,U
sh600584,长电科技,2025-09-23 10:35:23,38.49,40400,38.49,U
sh600584,长电科技,2025-09-23 10:35:26,38.49,13900,38.49,U
sh600584,长电科技,2025-09-23 10:35:29,38.49,63600,38.49,U
sh600584,长电科技,2025-09-23 10:35:35,38.49,15000,38.5,D
sh600584,长电科技,2025-09-23 10:35:38,38.5,69000,38.49,U
sh600584,长电科技,2025-09-23 10:35:41,38.52,38200,38.5,U
sh600584,长电科技,2025-09-23 10:35:44,38.51,6500,38.52,U
sh600584,长电科技,2025-09-23 10:35:47,38.52,14200,38.51,U
sh600584,长电科技,2025-09-23 10:35:50,38.52,13700,38.52,U
sh600584,长电科技,2025-09-23 10:35:53,38.53,16700,38.52,U
sh600584,长电科技,2025-09-23 10:35:56,38.53,14900,38.53,U
sh600584,长电科技,2025-09-23 10:35:59,38.53,8800,38.53,U
sh600584,长电科技,2025-09-23 10:36:02,38.54,17200,38.53,U
sh600584,长电科技,2025-09-23 10:36:05,38.55,5900,38.54,U
sh600584,长电科技,2025-09-23 10:36:08,38.55,27800,38.55,U
sh600584,长电科技,2025-09-23 10:36:11,38.57,32300,38.55,U
sh600584,长电科技,2025-09-23 10:36:14,38.58,36500,38.57,U
sh600584,长电科技,2025-09-23 10:36:17,38.6,12000,38.58,U
sh600584,长电科技,2025-09-23 10:36:20,38.6,17300,38.6,U
sh600584,长电科技,2025-09-23 10:36:23,38.6,14600,38.6,D
sh600584,长电科技,2025-09-23 10:36:26,38.62,13800,38.6,U
sh600584,长电科技,2025-09-23 10:36:29,38.6,24500,38.62,D
sh600584,长电科技,2025-09-23 10:36:32,38.63,16700,38.6,U
sh600584,长电科技,2025-09-23 10:36:38,38.64,22500,38.63,U
sh600584,长电科技,2025-09-23 10:36:41,38.64,13500,38.64,U
sh600584,长电科技,2025-09-23 10:36:44,38.64,9200,38.64,D
sh600584,长电科技,2025-09-23 10:36:47,38.65,19400,38.64,U
sh600584,长电科技,2025-09-23 10:36:50,38.65,11500,38.65,E
sh600584,长电科技,2025-09-23 10:36:53,38.66,7000,38.65,U
sh600584,长电科技,2025-09-23 10:36:59,38.67,11700,38.66,U
sh600584,长电科技,2025-09-23 10:37:05,38.68,28800,38.67,U
sh600584,长电科技,2025-09-23 10:37:08,38.68,8200,38.68,U
sh600584,长电科技,2025-09-23 10:37:14,38.69,13600,38.69,U
sh600584,长电科技,2025-09-23 10:37:17,38.69,35100,38.69,U
sh600584,长电科技,2025-09-23 10:37:20,38.69,17100,38.69,D
sh600584,长电科技,2025-09-23 10:37:23,38.69,12600,38.69,D
sh600584,长电科技,2025-09-23 10:37:26,38.7,17300,38.69,U
sh600584,长电科技,2025-09-23 10:37:29,38.71,5500,38.7,U
sh600584,长电科技,2025-09-23 10:37:32,38.71,25600,38.71,U
sh600584,长电科技,2025-09-23 10:37:35,38.71,23800,38.71,U
sh600584,长电科技,2025-09-23 10:37:38,38.71,57000,38.71,U
sh600584,长电科技,2025-09-23 10:37:41,38.71,14400,38.71,U
sh600584,长电科技,2025-09-23 10:37:44,38.71,7700,38.71,D
sh600584,长电科技,2025-09-23 10:37:47,38.7,123400,38.71,D
sh600584,长电科技,2025-09-23 10:37:50,38.7,27100,38.7,U
sh600584,长电科技,2025-09-23 10:37:53,38.7,13400,38.7,U
sh600584,长电科技,2025-09-23 10:37:56,38.7,15100,38.7,U
sh600584,长电科技,2025-09-23 10:37:59,38.69,10300,38.7,E
sh600584,长电科技,2025-09-23 10:38:02,38.69,37600,38.69,D
sh600584,长电科技,2025-09-23 10:38:05,38.69,24800,38.69,D
sh600584,长电科技,2025-09-23 10:38:08,38.68,52900,38.69,D
sh600584,长电科技,2025-09-23 10:38:11,38.68,33700,38.68,D
sh600584,长电科技,2025-09-23 10:38:14,38.64,91700,38.68,D
sh600584,长电科技,2025-09-23 10:38:17,38.64,20300,38.64,D
sh600584,长电科技,2025-09-23 10:38:20,38.64,13800,38.64,U
sh600584,长电科技,2025-09-23 10:38:23,38.63,12700,38.64,D
sh600584,长电科技,2025-09-23 10:38:26,38.64,19100,38.63,U
sh600584,长电科技,2025-09-23 10:38:32,38.62,12400,38.63,D
sh600584,长电科技,2025-09-23 10:38:35,38.62,15500,38.62,D
sh600584,长电科技,2025-09-23 10:38:41,38.62,20600,38.61,U
sh600584,长电科技,2025-09-23 10:38:44,38.6,24900,38.62,D
sh600584,长电科技,2025-09-23 10:38:47,38.61,18800,38.6,U
sh600584,长电科技,2025-09-23 10:38:50,38.62,36800,38.61,U
sh600584,长电科技,2025-09-23 10:38:53,38.6,9500,38.62,D
sh600584,长电科技,2025-09-23 10:38:56,38.6,11600,38.6,D
sh600584,长电科技,2025-09-23 10:38:59,38.61,21100,38.6,U
sh600584,长电科技,2025-09-23 10:39:02,38.61,68800,38.61,U
sh600584,长电科技,2025-09-23 10:39:05,38.6,12900,38.61,D
sh600584,长电科技,2025-09-23 10:39:11,38.6,13000,38.6,U
sh600584,长电科技,2025-09-23 10:39:17,38.59,11700,38.59,D
sh600584,长电科技,2025-09-23 10:39:23,38.59,15400,38.58,U
sh600584,长电科技,2025-09-23 10:39:26,38.58,8400,38.59,D
sh600584,长电科技,2025-09-23 10:39:29,38.57,14800,38.58,D
sh600584,长电科技,2025-09-23 10:39:35,38.57,5800,38.57,U
sh600584,长电科技,2025-09-23 10:39:38,38.57,10400,38.57,U
sh600584,长电科技,2025-09-23 10:39:41,38.56,13400,38.57,D
sh600584,长电科技,2025-09-23 10:39:44,38.56,10500,38.56,U
sh600584,长电科技,2025-09-23 10:39:50,38.56,9600,38.57,D
sh600584,长电科技,2025-09-23 10:39:53,38.55,19900,38.56,D
sh600584,长电科技,2025-09-23 10:39:56,38.55,7800,38.55,U
sh600584,长电科技,2025-09-23 10:39:59,38.56,13800,38.55,U
sh600584,长电科技,2025-09-23 10:40:02,38.56,10800,38.56,U
sh600584,长电科技,2025-09-23 10:40:05,38.56,12100,38.56,U
sh600584,长电科技,2025-09-23 10:40:08,38.56,18000,38.56,U
sh600584,长电科技,2025-09-23 10:40:11,38.56,6600,38.56,U
sh600584,长电科技,2025-09-23 10:40:14,38.55,16400,38.56,D
sh600584,长电科技,2025-09-23 10:40:17,38.57,48500,38.55,U
sh600584,长电科技,2025-09-23 10:40:20,38.61,102600,38.57,U
sh600584,长电科技,2025-09-23 10:40:23,38.61,23200,38.61,D
sh600584,长电科技,2025-09-23 10:40:26,38.62,12900,38.61,U
sh600584,长电科技,2025-09-23 10:40:29,38.62,7600,38.62,D
sh600584,长电科技,2025-09-23 10:40:32,38.62,6500,38.62,D
sh600584,长电科技,2025-09-23 10:40:35,38.65,7900,38.62,U
sh600584,长电科技,2025-09-23 10:40:38,38.64,13700,38.65,D
sh600584,长电科技,2025-09-23 10:40:41,38.66,18300,38.64,U
sh600584,长电科技,2025-09-23 10:40:44,38.66,32100,38.66,D
sh600584,长电科技,2025-09-23 10:40:50,38.66,10600,38.66,D
sh600584,长电科技,2025-09-23 10:40:53,38.68,7400,38.66,U
sh600584,长电科技,2025-09-23 10:40:59,38.62,24400,38.67,D
sh600584,长电科技,2025-09-23 10:41:02,38.64,63400,38.62,U
sh600584,长电科技,2025-09-23 10:41:05,38.6,13400,38.64,E
sh600584,长电科技,2025-09-23 10:41:08,38.6,8400,38.6,E
sh600584,长电科技,2025-09-23 10:41:11,38.56,16200,38.6,D
sh600584,长电科技,2025-09-23 10:41:14,38.53,48600,38.56,D
sh600584,长电科技,2025-09-23 10:41:17,38.52,23500,38.53,D
sh600584,长电科技,2025-09-23 10:41:20,38.51,16900,38.52,D
sh600584,长电科技,2025-09-23 10:41:26,38.49,71200,38.52,D
sh600584,长电科技,2025-09-23 10:41:29,38.49,8300,38.49,U
sh600584,长电科技,2025-09-23 10:41:32,38.49,9000,38.49,U
sh600584,长电科技,2025-09-23 10:41:35,38.49,20000,38.49,U
sh600584,长电科技,2025-09-23 10:41:38,38.49,11300,38.49,D
sh600584,长电科技,2025-09-23 10:41:41,38.48,6800,38.49,D
sh600584,长电科技,2025-09-23 10:41:44,38.49,17100,38.48,U
sh600584,长电科技,2025-09-23 10:41:47,38.5,13400,38.49,U
sh600584,长电科技,2025-09-23 10:41:50,38.48,88000,38.5,D
sh600584,长电科技,2025-09-23 10:41:53,38.5,15100,38.48,U
sh600584,长电科技,2025-09-23 10:41:56,38.5,7900,38.5,U
sh600584,长电科技,2025-09-23 10:41:59,38.49,10800,38.5,U
sh600584,长电科技,2025-09-23 10:42:02,38.44,11500,38.49,D
sh600584,长电科技,2025-09-23 10:42:05,38.49,21900,38.44,U
sh600584,长电科技,2025-09-23 10:42:08,38.5,5200,38.49,U
sh600584,长电科技,2025-09-23 10:42:11,38.5,10100,38.5,U
sh600584,长电科技,2025-09-23 10:42:14,38.5,5400,38.5,U
sh600584,长电科技,2025-09-23 10:42:17,38.49,28300,38.5,D
sh600584,长电科技,2025-09-23 10:42:20,38.5,12600,38.49,U
sh600584,长电科技,2025-09-23 10:42:23,38.49,27300,38.5,D
sh600584,长电科技,2025-09-23 10:42:32,38.51,38200,38.49,U
sh600584,长电科技,2025-09-23 10:42:35,38.52,5200,38.51,U
sh600584,长电科技,2025-09-23 10:42:38,38.58,24500,38.52,U
sh600584,长电科技,2025-09-23 10:42:44,38.51,5200,38.53,D
sh600584,长电科技,2025-09-23 10:42:50,38.55,7400,38.58,D
sh600584,长电科技,2025-09-23 10:42:53,38.6,33000,38.55,U
sh600584,长电科技,2025-09-23 10:42:56,38.55,17800,38.6,D
sh600584,长电科技,2025-09-23 10:42:59,38.6,32300,38.55,U
sh600584,长电科技,2025-09-23 10:43:02,38.63,10700,38.6,U
sh600584,长电科技,2025-09-23 10:43:14,38.65,5400,38.63,U
sh600584,长电科技,2025-09-23 10:43:17,38.66,14000,38.65,U
sh600584,长电科技,2025-09-23 10:43:20,38.65,10900,38.66,D
sh600584,长电科技,2025-09-23 10:43:23,38.66,14900,38.65,U
sh600584,长电科技,2025-09-23 10:43:26,38.66,5300,38.66,U
sh600584,长电科技,2025-09-23 10:43:32,38.67,18200,38.66,U
sh600584,长电科技,2025-09-23 10:43:35,38.68,17400,38.67,U
sh600584,长电科技,2025-09-23 10:43:38,38.68,14400,38.68,U
sh600584,长电科技,2025-09-23 10:43:41,38.68,22300,38.68,U
sh600584,长电科技,2025-09-23 10:43:44,38.69,22500,38.68,U
sh600584,长电科技,2025-09-23 10:43:53,38.69,6300,38.7,D
sh600584,长电科技,2025-09-23 10:43:56,38.7,39100,38.69,U
sh600584,长电科技,2025-09-23 10:43:59,38.71,11100,38.7,U
sh600584,长电科技,2025-09-23 10:44:02,38.73,12400,38.71,U
sh600584,长电科技,2025-09-23 10:44:05,38.74,29100,38.73,U
sh600584,长电科技,2025-09-23 10:44:08,38.74,13200,38.74,U
sh600584,长电科技,2025-09-23 10:44:14,38.75,14400,38.75,U
sh600584,长电科技,2025-09-23 10:44:20,38.75,14300,38.78,D
sh600584,长电科技,2025-09-23 10:44:23,38.78,17200,38.75,U
sh600584,长电科技,2025-09-23 10:44:26,38.78,24400,38.78,U
sh600584,长电科技,2025-09-23 10:44:29,38.8,102365,38.78,U
sh600584,长电科技,2025-09-23 10:44:35,38.81,19300,38.8,U
sh600584,长电科技,2025-09-23 10:44:38,38.81,20500,38.81,U
sh600584,长电科技,2025-09-23 10:44:41,38.81,8400,38.81,U
sh600584,长电科技,2025-09-23 10:44:47,38.83,36400,38.82,U
sh600584,长电科技,2025-09-23 10:44:53,38.83,12500,38.82,U
sh600584,长电科技,2025-09-23 10:44:56,38.83,24900,38.83,D
sh600584,长电科技,2025-09-23 10:44:59,38.84,6700,38.83,U
sh600584,长电科技,2025-09-23 10:45:02,38.8,74900,38.84,D
sh600584,长电科技,2025-09-23 10:45:05,38.82,25100,38.8,U
sh600584,长电科技,2025-09-23 10:45:08,38.81,14700,38.82,E
sh600584,长电科技,2025-09-23 10:45:11,38.82,19300,38.81,U
sh600584,长电科技,2025-09-23 10:45:14,38.82,16000,38.82,D
sh600584,长电科技,2025-09-23 10:45:17,38.82,21300,38.82,D
sh600584,长电科技,2025-09-23 10:45:20,38.81,23400,38.82,D
sh600584,长电科技,2025-09-23 10:45:23,38.8,20000,38.81,D
sh600584,长电科技,2025-09-23 10:45:26,38.78,5400,38.8,D
sh600584,长电科技,2025-09-23 10:45:29,38.78,14800,38.78,D
sh600584,长电科技,2025-09-23 10:45:38,38.79,32600,38.78,U
sh600584,长电科技,2025-09-23 10:45:41,38.79,11100,38.79,U
sh600584,长电科技,2025-09-23 10:45:47,38.8,10600,38.79,U
sh600584,长电科技,2025-09-23 10:45:50,38.8,8900,38.8,U
sh600584,长电科技,2025-09-23 10:45:53,38.79,29800,38.8,D
sh600584,长电科技,2025-09-23 10:46:02,38.8,13500,38.79,U
sh600584,长电科技,2025-09-23 10:46:05,38.8,12244,38.8,U
sh600584,长电科技,2025-09-23 10:46:08,38.82,27600,38.8,U
sh600584,长电科技,2025-09-23 10:46:11,38.86,40000,38.82,U
sh600584,长电科技,2025-09-23 10:46:14,38.87,36300,38.86,U
sh600584,长电科技,2025-09-23 10:46:17,38.87,48200,38.87,D
sh600584,长电科技,2025-09-23 10:46:20,38.86,17200,38.87,D
sh600584,长电科技,2025-09-23 10:46:26,38.86,50700,38.87,D
sh600584,长电科技,2025-09-23 10:46:29,38.86,7200,38.86,U
sh600584,长电科技,2025-09-23 10:46:32,38.82,15200,38.86,D
sh600584,长电科技,2025-09-23 10:46:35,38.86,25074,38.82,U
sh600584,长电科技,2025-09-23 10:46:38,38.86,10400,38.86,D
sh600584,长电科技,2025-09-23 10:46:41,38.86,17200,38.86,U
sh600584,长电科技,2025-09-23 10:46:44,38.85,11600,38.86,D
sh600584,长电科技,2025-09-23 10:46:47,38.84,16600,38.85,E
sh600584,长电科技,2025-09-23 10:46:50,38.86,15300,38.84,U
sh600584,长电科技,2025-09-23 10:46:53,38.85,29900,38.86,E
sh600584,长电科技,2025-09-23 10:46:56,38.85,16400,38.85,U
sh600584,长电科技,2025-09-23 10:46:59,38.85,7000,38.85,D
sh600584,长电科技,2025-09-23 10:47:02,38.85,17300,38.85,D
sh600584,长电科技,2025-09-23 10:47:08,38.85,7600,38.86,D
sh600584,长电科技,2025-09-23 10:47:11,38.85,24000,38.85,D
sh600584,长电科技,2025-09-23 10:47:14,38.85,57926,38.85,D
sh600584,长电科技,2025-09-23 10:47:17,38.85,14000,38.85,U
sh600584,长电科技,2025-09-23 10:47:20,38.85,5400,38.85,U
sh600584,长电科技,2025-09-23 10:47:23,38.84,9400,38.85,E
sh600584,长电科技,2025-09-23 10:47:26,38.84,7200,38.84,D
sh600584,长电科技,2025-09-23 10:47:29,38.85,21300,38.84,U
sh600584,长电科技,2025-09-23 10:47:35,38.84,7600,38.84,U
sh600584,长电科技,2025-09-23 10:47:38,38.83,15100,38.84,E
sh600584,长电科技,2025-09-23 10:47:41,38.8,7600,38.83,D
sh600584,长电科技,2025-09-23 10:47:50,38.8,7500,38.8,D
sh600584,长电科技,2025-09-23 10:47:53,38.81,13900,38.8,U
sh600584,长电科技,2025-09-23 10:47:56,38.82,6900,38.81,U
sh600584,长电科技,2025-09-23 10:47:59,38.8,23800,38.82,D
sh600584,长电科技,2025-09-23 10:48:02,38.81,7200,38.8,D
sh600584,长电科技,2025-09-23 10:48:11,38.81,9800,38.82,D
sh600584,长电科技,2025-09-23 10:48:14,38.85,36474,38.81,U
sh600584,长电科技,2025-09-23 10:48:17,38.83,25800,38.85,D
sh600584,长电科技,2025-09-23 10:48:23,38.84,20700,38.85,D
sh600584,长电科技,2025-09-23 10:48:26,38.87,10000,38.84,U
sh600584,长电科技,2025-09-23 10:48:32,38.86,7600,38.86,D
sh600584,长电科技,2025-09-23 10:48:35,38.86,10500,38.86,D
sh600584,长电科技,2025-09-23 10:48:38,38.87,21500,38.86,U
sh600584,长电科技,2025-09-23 10:48:41,38.87,19056,38.87,U
sh600584,长电科技,2025-09-23 10:48:47,38.87,22400,38.87,D
sh600584,长电科技,2025-09-23 10:48:50,38.87,6000,38.87,D
sh600584,长电科技,2025-09-23 10:48:53,38.88,12300,38.87,U
sh600584,长电科技,2025-09-23 10:48:59,38.88,13600,38.88,D
sh600584,长电科技,2025-09-23 10:49:02,38.89,8800,38.88,U
sh600584,长电科技,2025-09-23 10:49:05,38.88,12500,38.89,D
sh600584,长电科技,2025-09-23 10:49:08,38.88,9400,38.88,D
sh600584,长电科技,2025-09-23 10:49:11,38.89,14200,38.88,U
sh600584,长电科技,2025-09-23 10:49:14,38.89,34600,38.89,D
sh600584,长电科技,2025-09-23 10:49:17,38.88,23500,38.89,D
sh600584,长电科技,2025-09-23 10:49:20,38.87,12700,38.88,D
sh600584,长电科技,2025-09-23 10:49:23,38.88,26300,38.87,U
sh600584,长电科技,2025-09-23 10:49:26,38.86,17444,38.88,D
sh600584,长电科技,2025-09-23 10:49:29,38.87,19100,38.86,U
sh600584,长电科技,2025-09-23 10:49:32,38.87,7400,38.87,U
sh600584,长电科技,2025-09-23 10:49:35,38.87,7700,38.87,D
sh600584,长电科技,2025-09-23 10:49:38,38.86,8400,38.87,D
sh600584,长电科技,2025-09-23 10:49:41,38.86,5700,38.86,D
sh600584,长电科技,2025-09-23 10:49:47,38.86,8200,38.87,D
sh600584,长电科技,2025-09-23 10:49:50,38.86,26300,38.86,D
sh600584,长电科技,2025-09-23 10:49:53,38.86,7800,38.86,U
sh600584,长电科技,2025-09-23 10:49:59,38.86,12900,38.85,U
sh600584,长电科技,2025-09-23 10:50:02,38.86,14200,38.86,U
sh600584,长电科技,2025-09-23 10:50:11,38.84,5900,38.85,D
sh600584,长电科技,2025-09-23 10:50:14,38.83,6000,38.84,D
sh600584,长电科技,2025-09-23 10:50:20,38.83,9500,38.83,D
sh600584,长电科技,2025-09-23 10:50:23,38.83,8400,38.83,D
sh600584,长电科技,2025-09-23 10:50:26,38.84,6900,38.83,U
sh600584,长电科技,2025-09-23 10:50:29,38.84,5500,38.84,U
sh600584,长电科技,2025-09-23 10:50:32,38.84,5800,38.84,D
sh600584,长电科技,2025-09-23 10:50:35,38.83,17200,38.84,D
sh600584,长电科技,2025-09-23 10:50:38,38.84,15100,38.83,U
sh600584,长电科技,2025-09-23 10:50:53,38.82,9700,38.81,U
sh600584,长电科技,2025-09-23 10:50:56,38.81,10500,38.82,D
sh600584,长电科技,2025-09-23 10:50:59,38.81,54800,38.81,U
sh600584,长电科技,2025-09-23 10:51:02,38.81,138300,38.81,D
sh600584,长电科技,2025-09-23 10:51:05,38.81,15300,38.81,U
sh600584,长电科技,2025-09-23 10:51:08,38.82,10300,38.81,U
sh600584,长电科技,2025-09-23 10:51:11,38.8,9100,38.82,D
sh600584,长电科技,2025-09-23 10:51:17,38.79,15000,38.8,D
sh600584,长电科技,2025-09-23 10:51:20,38.79,14400,38.79,D
sh600584,长电科技,2025-09-23 10:51:23,38.81,5700,38.79,U
sh600584,长电科技,2025-09-23 10:51:26,38.8,11200,38.81,D
sh600584,长电科技,2025-09-23 10:51:35,38.8,5400,38.81,D
sh600584,长电科技,2025-09-23 10:51:38,38.81,14200,38.8,U
sh600584,长电科技,2025-09-23 10:51:41,38.8,5900,38.81,D
sh600584,长电科技,2025-09-23 10:51:44,38.81,8000,38.8,U
sh600584,长电科技,2025-09-23 10:51:47,38.82,18300,38.81,U
sh600584,长电科技,2025-09-23 10:51:53,38.82,8200,38.82,U
sh600584,长电科技,2025-09-23 10:51:56,38.83,5400,38.82,U
sh600584,长电科技,2025-09-23 10:52:02,38.83,5500,38.83,U
sh600584,长电科技,2025-09-23 10:52:08,38.8,25100,38.82,D
sh600584,长电科技,2025-09-23 10:52:14,38.8,11200,38.8,D
sh600584,长电科技,2025-09-23 10:52:17,38.8,7300,38.8,D
sh600584,长电科技,2025-09-23 10:52:20,38.8,5800,38.8,D
sh600584,长电科技,2025-09-23 10:52:23,38.81,5400,38.8,U
sh600584,长电科技,2025-09-23 10:52:26,38.8,13200,38.81,D
sh600584,长电科技,2025-09-23 10:52:29,38.8,10300,38.8,D
sh600584,长电科技,2025-09-23 10:52:35,38.8,7600,38.8,U
sh600584,长电科技,2025-09-23 10:52:38,38.77,28800,38.8,D
sh600584,长电科技,2025-09-23 10:52:41,38.76,15900,38.77,D
sh600584,长电科技,2025-09-23 10:52:44,38.75,7500,38.76,D
sh600584,长电科技,2025-09-23 10:52:50,38.75,5300,38.76,D
sh600584,长电科技,2025-09-23 10:52:53,38.74,41900,38.75,D
sh600584,长电科技,2025-09-23 10:52:56,38.73,34600,38.74,D
sh600584,长电科技,2025-09-23 10:52:59,38.66,25300,38.73,D
sh600584,长电科技,2025-09-23 10:53:11,38.66,11000,38.65,U
sh600584,长电科技,2025-09-23 10:53:14,38.66,7800,38.66,D
sh600584,长电科技,2025-09-23 10:53:17,38.66,6500,38.66,D
sh600584,长电科技,2025-09-23 10:53:26,38.66,7900,38.66,U
sh600584,长电科技,2025-09-23 10:53:29,38.66,27600,38.66,U
sh600584,长电科技,2025-09-23 10:53:32,38.66,11900,38.66,D
sh600584,长电科技,2025-09-23 10:53:35,38.68,12200,38.66,E
sh600584,长电科技,2025-09-23 10:53:38,38.66,13288,38.68,D
sh600584,长电科技,2025-09-23 10:53:41,38.68,6500,38.66,U
sh600584,长电科技,2025-09-23 10:53:47,38.69,6300,38.69,U
sh600584,长电科技,2025-09-23 10:53:50,38.69,5200,38.69,U
sh600584,长电科技,2025-09-23 10:53:53,38.71,11500,38.69,U
sh600584,长电科技,2025-09-23 10:53:56,38.69,8400,38.71,E
sh600584,长电科技,2025-09-23 10:53:59,38.72,10300,38.69,U
sh600584,长电科技,2025-09-23 10:54:02,38.72,8600,38.72,D
sh600584,长电科技,2025-09-23 10:54:11,38.7,7000,38.71,D
sh600584,长电科技,2025-09-23 10:54:14,38.7,8200,38.7,D
sh600584,长电科技,2025-09-23 10:54:17,38.72,9900,38.7,U
sh600584,长电科技,2025-09-23 10:54:20,38.75,30900,38.72,U
sh600584,长电科技,2025-09-23 10:54:23,38.77,9900,38.75,U
sh600584,长电科技,2025-09-23 10:54:32,38.79,18000,38.78,U
sh600584,长电科技,2025-09-23 10:54:35,38.77,7600,38.79,D
sh600584,长电科技,2025-09-23 10:54:38,38.77,6500,38.77,D
sh600584,长电科技,2025-09-23 10:54:50,38.8,13000,38.79,U
sh600584,长电科技,2025-09-23 10:54:56,38.81,25800,38.81,U
sh600584,长电科技,2025-09-23 10:55:02,38.8,16100,38.81,D
sh600584,长电科技,2025-09-23 10:55:08,38.8,8700,38.81,D
sh600584,长电科技,2025-09-23 10:55:11,38.79,9300,38.8,E
sh600584,长电科技,2025-09-23 10:55:17,38.77,12000,38.78,D
sh600584,长电科技,2025-09-23 10:55:20,38.75,9200,38.77,D
sh600584,长电科技,2025-09-23 10:55:23,38.75,20300,38.75,D
sh600584,长电科技,2025-09-23 10:55:26,38.73,15000,38.75,D
sh600584,长电科技,2025-09-23 10:55:29,38.71,5500,38.73,D
sh600584,长电科技,2025-09-23 10:55:32,38.69,18500,38.71,D
sh600584,长电科技,2025-09-23 10:55:35,38.68,9800,38.69,D
sh600584,长电科技,2025-09-23 10:55:44,38.7,11300,38.68,U
sh600584,长电科技,2025-09-23 10:55:50,38.68,10500,38.7,D
sh600584,长电科技,2025-09-23 10:55:53,38.7,8500,38.68,U
sh600584,长电科技,2025-09-23 10:55:56,38.68,13400,38.7,D
sh600584,长电科技,2025-09-23 10:55:59,38.7,28500,38.68,U
sh600584,长电科技,2025-09-23 10:56:02,38.68,5300,38.7,D
sh600584,长电科技,2025-09-23 10:56:05,38.68,5300,38.68,U
sh600584,长电科技,2025-09-23 10:56:11,38.66,7400,38.68,D
sh600584,长电科技,2025-09-23 10:56:23,38.66,8300,38.67,D
sh600584,长电科技,2025-09-23 10:56:35,38.66,18600,38.66,U
sh600584,长电科技,2025-09-23 10:56:41,38.66,18600,38.66,D
sh600584,长电科技,2025-09-23 10:56:44,38.67,12000,38.66,U
sh600584,长电科技,2025-09-23 10:56:50,38.68,5300,38.67,U
sh600584,长电科技,2025-09-23 10:56:56,38.69,9100,38.68,U
sh600584,长电科技,2025-09-23 10:57:05,38.67,7000,38.67,D
sh600584,长电科技,2025-09-23 10:57:08,38.66,6100,38.67,D
sh600584,长电科技,2025-09-23 10:57:11,38.67,44500,38.66,U
sh600584,长电科技,2025-09-23 10:57:23,38.64,12100,38.65,D
sh600584,长电科技,2025-09-23 10:57:35,38.64,14900,38.64,D
sh600584,长电科技,2025-09-23 10:57:44,38.68,37000,38.65,U
sh600584,长电科技,2025-09-23 10:57:56,38.69,6400,38.69,U
sh600584,长电科技,2025-09-23 10:58:08,38.68,8600,38.67,U
sh600584,长电科技,2025-09-23 10:58:17,38.67,7100,38.66,U
sh600584,长电科技,2025-09-23 10:58:20,38.68,6600,38.67,U
sh600584,长电科技,2025-09-23 10:58:26,38.68,7400,38.68,D
sh600584,长电科技,2025-09-23 10:58:29,38.66,52100,38.68,D
sh600584,长电科技,2025-09-23 10:58:32,38.67,12400,38.66,E
sh600584,长电科技,2025-09-23 10:58:41,38.64,8600,38.65,D
sh600584,长电科技,2025-09-23 10:58:44,38.64,6500,38.64,D
sh600584,长电科技,2025-09-23 10:58:59,38.63,11900,38.64,D
sh600584,长电科技,2025-09-23 10:59:11,38.63,7000,38.64,D
sh600584,长电科技,2025-09-23 10:59:14,38.65,42100,38.63,U
sh600584,长电科技,2025-09-23 10:59:17,38.66,5500,38.65,U
sh600584,长电科技,2025-09-23 10:59:20,38.69,12400,38.66,U
sh600584,长电科技,2025-09-23 10:59:23,38.67,17200,38.69,D
sh600584,长电科技,2025-09-23 10:59:38,38.67,22000,38.7,D
sh600584,长电科技,2025-09-23 10:59:41,38.7,22000,38.67,U
sh600584,长电科技,2025-09-23 10:59:47,38.7,9500,38.69,U
sh600584,长电科技,2025-09-23 10:59:50,38.71,6300,38.7,U
sh600584,长电科技,2025-09-23 10:59:59,38.72,6200,38.72,U
sh600584,长电科技,2025-09-23 11:00:05,38.72,15700,38.72,D
sh600584,长电科技,2025-09-23 11:00:08,38.7,45600,38.72,D
sh600584,长电科技,2025-09-23 11:00:14,38.72,5700,38.73,E
sh600584,长电科技,2025-09-23 11:00:23,38.67,7700,38.71,D
sh600584,长电科技,2025-09-23 11:00:26,38.65,56800,38.67,D
sh600584,长电科技,2025-09-23 11:00:29,38.64,16900,38.65,D
sh600584,长电科技,2025-09-23 11:00:41,38.63,5400,38.64,D
sh600584,长电科技,2025-09-23 11:00:44,38.63,12700,38.63,D
sh600584,长电科技,2025-09-23 11:00:50,38.62,9400,38.63,D
sh600584,长电科技,2025-09-23 11:01:08,38.61,20000,38.62,D
sh600584,长电科技,2025-09-23 11:01:11,38.6,23700,38.61,D
sh600584,长电科技,2025-09-23 11:01:14,38.6,9600,38.6,D
sh600584,长电科技,2025-09-23 11:01:20,38.62,58500,38.6,U
sh600584,长电科技,2025-09-23 11:01:23,38.6,11200,38.62,D
sh600584,长电科技,2025-09-23 11:01:26,38.62,7500,38.6,U
sh600584,长电科技,2025-09-23 11:01:35,38.62,6300,38.61,U
sh600584,长电科技,2025-09-23 11:01:38,38.61,5600,38.62,D
sh600584,长电科技,2025-09-23 11:01:47,38.61,5200,38.61,D
sh600584,长电科技,2025-09-23 11:01:50,38.62,8100,38.61,U
sh600584,长电科技,2025-09-23 11:01:59,38.61,50400,38.61,U
sh600584,长电科技,2025-09-23 11:02:05,38.58,62900,38.6,D
sh600584,长电科技,2025-09-23 11:02:08,38.62,7400,38.58,U
sh600584,长电科技,2025-09-23 11:02:11,38.63,29700,38.62,U
sh600584,长电科技,2025-09-23 11:02:14,38.63,7400,38.63,D
sh600584,长电科技,2025-09-23 11:02:29,38.64,5400,38.64,D
sh600584,长电科技,2025-09-23 11:02:38,38.65,12900,38.64,U
sh600584,长电科技,2025-09-23 11:02:50,38.65,5300,38.65,U
sh600584,长电科技,2025-09-23 11:02:53,38.64,5300,38.65,D
sh600584,长电科技,2025-09-23 11:03:02,38.64,6600,38.63,U
sh600584,长电科技,2025-09-23 11:03:05,38.65,7700,38.64,U
sh600584,长电科技,2025-09-23 11:03:11,38.63,11000,38.64,D
sh600584,长电科技,2025-09-23 11:03:14,38.65,11700,38.63,U
sh600584,长电科技,2025-09-23 11:03:17,38.64,10800,38.65,D
sh600584,长电科技,2025-09-23 11:03:20,38.64,14800,38.64,D
sh600584,长电科技,2025-09-23 11:03:26,38.64,11000,38.64,U
sh600584,长电科技,2025-09-23 11:03:38,38.65,30400,38.64,U
sh600584,长电科技,2025-09-23 11:03:41,38.64,7600,38.65,D
sh600584,长电科技,2025-09-23 11:03:47,38.65,8800,38.64,U
sh600584,长电科技,2025-09-23 11:03:56,38.66,8300,38.65,U
sh600584,长电科技,2025-09-23 11:04:14,38.64,10300,38.64,D
sh600584,长电科技,2025-09-23 11:04:17,38.64,22300,38.64,D
sh600584,长电科技,2025-09-23 11:04:20,38.66,30900,38.64,U
sh600584,长电科技,2025-09-23 11:04:26,38.63,6200,38.64,D
sh600584,长电科技,2025-09-23 11:04:38,38.62,16000,38.65,D
sh600584,长电科技,2025-09-23 11:04:47,38.62,6900,38.61,U
sh600584,长电科技,2025-09-23 11:04:59,38.62,13200,38.61,U
sh600584,长电科技,2025-09-23 11:05:02,38.61,6500,38.62,D
sh600584,长电科技,2025-09-23 11:05:05,38.62,9900,38.61,U
sh600584,长电科技,2025-09-23 11:05:11,38.61,11900,38.61,D
sh600584,长电科技,2025-09-23 11:05:23,38.61,12000,38.61,U
sh600584,长电科技,2025-09-23 11:05:26,38.61,12500,38.61,U
sh600584,长电科技,2025-09-23 11:05:29,38.62,6000,38.61,U
sh600584,长电科技,2025-09-23 11:05:32,38.62,7900,38.62,U
sh600584,长电科技,2025-09-23 11:05:35,38.62,11500,38.62,U
sh600584,长电科技,2025-09-23 11:05:50,38.62,6000,38.62,U
sh600584,长电科技,2025-09-23 11:05:56,38.61,14700,38.62,D
sh600584,长电科技,2025-09-23 11:06:08,38.62,5800,38.62,D
sh600584,长电科技,2025-09-23 11:06:11,38.62,11900,38.62,D
sh600584,长电科技,2025-09-23 11:06:20,38.63,5500,38.62,U
sh600584,长电科技,2025-09-23 11:06:29,38.63,35900,38.62,U
sh600584,长电科技,2025-09-23 11:06:35,38.62,7400,38.63,D
sh600584,长电科技,2025-09-23 11:06:44,38.61,17800,38.62,D
sh600584,长电科技,2025-09-23 11:06:50,38.62,10500,38.62,D
sh600584,长电科技,2025-09-23 11:07:11,38.62,25600,38.62,D
sh600584,长电科技,2025-09-23 11:07:14,38.62,5300,38.62,D
sh600584,长电科技,2025-09-23 11:07:23,38.61,31900,38.61,D
sh600584,长电科技,2025-09-23 11:07:29,38.62,19400,38.62,D
sh600584,长电科技,2025-09-23 11:07:32,38.62,18000,38.62,D
sh600584,长电科技,2025-09-23 11:07:47,38.63,8900,38.62,U
sh600584,长电科技,2025-09-23 11:07:50,38.63,11200,38.63,D
sh600584,长电科技,2025-09-23 11:07:53,38.62,6800,38.63,D
sh600584,长电科技,2025-09-23 11:07:59,38.62,6200,38.63,D
sh600584,长电科技,2025-09-23 11:08:02,38.63,8800,38.62,U
sh600584,长电科技,2025-09-23 11:08:05,38.63,11700,38.63,U
sh600584,长电科技,2025-09-23 11:08:08,38.62,16100,38.63,D
sh600584,长电科技,2025-09-23 11:08:11,38.64,10800,38.62,U
sh600584,长电科技,2025-09-23 11:08:14,38.62,19600,38.64,D
sh600584,长电科技,2025-09-23 11:08:17,38.63,5300,38.62,D
sh600584,长电科技,2025-09-23 11:08:20,38.63,8400,38.63,U
sh600584,长电科技,2025-09-23 11:08:23,38.62,16100,38.63,D
sh600584,长电科技,2025-09-23 11:08:26,38.62,85700,38.62,D
sh600584,长电科技,2025-09-23 11:08:38,38.59,38100,38.61,D
sh600584,长电科技,2025-09-23 11:08:41,38.6,7100,38.59,U
sh600584,长电科技,2025-09-23 11:08:47,38.57,28100,38.58,D
sh600584,长电科技,2025-09-23 11:08:59,38.56,22600,38.57,D
sh600584,长电科技,2025-09-23 11:09:11,38.55,8000,38.55,D
sh600584,长电科技,2025-09-23 11:09:14,38.55,6400,38.55,D
sh600584,长电科技,2025-09-23 11:09:17,38.55,9400,38.55,D
sh600584,长电科技,2025-09-23 11:09:20,38.55,6700,38.55,D
sh600584,长电科技,2025-09-23 11:09:23,38.55,6700,38.55,U
sh600584,长电科技,2025-09-23 11:09:26,38.55,9300,38.55,D
sh600584,长电科技,2025-09-23 11:09:35,38.54,8200,38.55,U
sh600584,长电科技,2025-09-23 11:09:38,38.52,10500,38.54,D
sh600584,长电科技,2025-09-23 11:09:41,38.55,8800,38.52,U
sh600584,长电科技,2025-09-23 11:09:44,38.53,8700,38.55,D
sh600584,长电科技,2025-09-23 11:09:53,38.54,7100,38.54,D
sh600584,长电科技,2025-09-23 11:10:02,38.52,5400,38.53,D
sh600584,长电科技,2025-09-23 11:10:05,38.54,5900,38.52,U
sh600584,长电科技,2025-09-23 11:10:11,38.54,11000,38.53,U
sh600584,长电科技,2025-09-23 11:10:14,38.56,41000,38.54,U
sh600584,长电科技,2025-09-23 11:10:23,38.6,48000,38.58,U
sh600584,长电科技,2025-09-23 11:10:29,38.64,5400,38.6,U
sh600584,长电科技,2025-09-23 11:10:32,38.63,6500,38.64,D
sh600584,长电科技,2025-09-23 11:10:38,38.63,5400,38.65,D
sh600584,长电科技,2025-09-23 11:10:50,38.63,7000,38.64,D
sh600584,长电科技,2025-09-23 11:10:56,38.64,7900,38.64,D
sh600584,长电科技,2025-09-23 11:10:59,38.64,9200,38.64,U
sh600584,长电科技,2025-09-23 11:11:08,38.64,8200,38.63,U
sh600584,长电科技,2025-09-23 11:11:11,38.63,6000,38.64,D
sh600584,长电科技,2025-09-23 11:11:17,38.63,5600,38.63,U
sh600584,长电科技,2025-09-23 11:11:26,38.63,10200,38.64,D
sh600584,长电科技,2025-09-23 11:11:50,38.6,23400,38.61,D
sh600584,长电科技,2025-09-23 11:12:14,38.57,8200,38.56,U
sh600584,长电科技,2025-09-23 11:12:26,38.55,7900,38.55,U
sh600584,长电科技,2025-09-23 11:12:32,38.54,6200,38.55,D
sh600584,长电科技,2025-09-23 11:12:38,38.53,8300,38.54,D
sh600584,长电科技,2025-09-23 11:12:56,38.53,11300,38.53,U
sh600584,长电科技,2025-09-23 11:12:59,38.53,42300,38.53,U
sh600584,长电科技,2025-09-23 11:13:02,38.53,6200,38.53,D
sh600584,长电科技,2025-09-23 11:13:08,38.52,20500,38.53,D
sh600584,长电科技,2025-09-23 11:13:11,38.53,90300,38.52,U
sh600584,长电科技,2025-09-23 11:13:17,38.53,6200,38.52,U
sh600584,长电科技,2025-09-23 11:13:20,38.53,6700,38.53,U
sh600584,长电科技,2025-09-23 11:13:29,38.52,11900,38.52,D
sh600584,长电科技,2025-09-23 11:13:32,38.53,13500,38.52,U
sh600584,长电科技,2025-09-23 11:13:44,38.52,10500,38.52,D
sh600584,长电科技,2025-09-23 11:13:50,38.53,14200,38.52,U
sh600584,长电科技,2025-09-23 11:13:59,38.52,5600,38.53,D
sh600584,长电科技,2025-09-23 11:14:05,38.51,5300,38.51,D
sh600584,长电科技,2025-09-23 11:14:14,38.51,12000,38.52,D
sh600584,长电科技,2025-09-23 11:14:17,38.52,6400,38.51,U
sh600584,长电科技,2025-09-23 11:14:20,38.51,6600,38.52,D
sh600584,长电科技,2025-09-23 11:14:26,38.51,9200,38.51,D
sh600584,长电科技,2025-09-23 11:14:38,38.51,89500,38.5,U
sh600584,长电科技,2025-09-23 11:14:44,38.5,33000,38.5,D
sh600584,长电科技,2025-09-23 11:14:47,38.5,12500,38.5,D
sh600584,长电科技,2025-09-23 11:14:50,38.5,5800,38.5,U
sh600584,长电科技,2025-09-23 11:14:56,38.49,14900,38.5,D
sh600584,长电科技,2025-09-23 11:14:59,38.5,9800,38.49,U
sh600584,长电科技,2025-09-23 11:15:05,38.5,7100,38.5,U
sh600584,长电科技,2025-09-23 11:15:20,38.48,7600,38.49,D
sh600584,长电科技,2025-09-23 11:15:23,38.49,7500,38.48,D
sh600584,长电科技,2025-09-23 11:15:26,38.48,7200,38.49,D
sh600584,长电科技,2025-09-23 11:15:38,38.49,7100,38.49,U
sh600584,长电科技,2025-09-23 11:15:41,38.5,6200,38.49,U
sh600584,长电科技,2025-09-23 11:15:56,38.49,14500,38.49,U
sh600584,长电科技,2025-09-23 11:16:05,38.48,9000,38.48,D
sh600584,长电科技,2025-09-23 11:16:11,38.48,17800,38.47,U
sh600584,长电科技,2025-09-23 11:16:14,38.47,7300,38.48,D
sh600584,长电科技,2025-09-23 11:16:17,38.48,5400,38.47,U
sh600584,长电科技,2025-09-23 11:16:20,38.48,9600,38.48,D
sh600584,长电科技,2025-09-23 11:16:23,38.47,11000,38.48,D
sh600584,长电科技,2025-09-23 11:16:29,38.47,13200,38.48,D
sh600584,长电科技,2025-09-23 11:16:35,38.46,10300,38.47,D
sh600584,长电科技,2025-09-23 11:16:41,38.46,15500,38.46,D
sh600584,长电科技,2025-09-23 11:16:47,38.46,14500,38.46,U
sh600584,长电科技,2025-09-23 11:16:50,38.47,22100,38.46,U
sh600584,长电科技,2025-09-23 11:16:53,38.46,15100,38.47,D
sh600584,长电科技,2025-09-23 11:16:56,38.46,29900,38.46,D
sh600584,长电科技,2025-09-23 11:16:59,38.47,7800,38.46,U
sh600584,长电科技,2025-09-23 11:17:02,38.47,5800,38.47,D
sh600584,长电科技,2025-09-23 11:17:05,38.47,21700,38.47,D
sh600584,长电科技,2025-09-23 11:17:08,38.48,9400,38.47,U
sh600584,长电科技,2025-09-23 11:17:11,38.47,6600,38.48,D
sh600584,长电科技,2025-09-23 11:17:23,38.49,7600,38.49,U
sh600584,长电科技,2025-09-23 11:17:26,38.49,16500,38.49,U
sh600584,长电科技,2025-09-23 11:17:32,38.5,11600,38.49,U
sh600584,长电科技,2025-09-23 11:17:38,38.49,5300,38.49,U
sh600584,长电科技,2025-09-23 11:17:47,38.49,9700,38.5,D
sh600584,长电科技,2025-09-23 11:17:50,38.5,7100,38.49,U
sh600584,长电科技,2025-09-23 11:17:53,38.5,5800,38.5,D
sh600584,长电科技,2025-09-23 11:17:59,38.49,12600,38.51,D
sh600584,长电科技,2025-09-23 11:18:02,38.51,36100,38.49,U
sh600584,长电科技,2025-09-23 11:18:05,38.52,5600,38.51,U
sh600584,长电科技,2025-09-23 11:18:08,38.51,8100,38.52,D
sh600584,长电科技,2025-09-23 11:18:17,38.52,12600,38.51,U
sh600584,长电科技,2025-09-23 11:18:23,38.52,9500,38.52,D
sh600584,长电科技,2025-09-23 11:18:26,38.53,7000,38.52,U
sh600584,长电科技,2025-09-23 11:18:29,38.53,12900,38.53,U
sh600584,长电科技,2025-09-23 11:18:35,38.53,9500,38.52,U
sh600584,长电科技,2025-09-23 11:18:41,38.53,5700,38.53,D
sh600584,长电科技,2025-09-23 11:18:53,38.54,8100,38.55,D
sh600584,长电科技,2025-09-23 11:18:56,38.54,6200,38.54,U
sh600584,长电科技,2025-09-23 11:18:59,38.53,17500,38.54,D
sh600584,长电科技,2025-09-23 11:19:02,38.54,11100,38.53,U
sh600584,长电科技,2025-09-23 11:19:05,38.54,13500,38.54,D
sh600584,长电科技,2025-09-23 11:19:20,38.56,8200,38.55,U
sh600584,长电科技,2025-09-23 11:19:23,38.55,14500,38.56,D
sh600584,长电科技,2025-09-23 11:19:26,38.55,6200,38.55,U
sh600584,长电科技,2025-09-23 11:19:29,38.55,7400,38.55,U
sh600584,长电科技,2025-09-23 11:19:38,38.55,7500,38.55,U
sh600584,长电科技,2025-09-23 11:19:47,38.55,7800,38.55,D
sh600584,长电科技,2025-09-23 11:19:50,38.55,8000,38.55,D
sh600584,长电科技,2025-09-23 11:19:53,38.56,5700,38.55,U
sh600584,长电科技,2025-09-23 11:20:14,38.56,18200,38.56,D
sh600584,长电科技,2025-09-23 11:20:20,38.55,5800,38.56,D
sh600584,长电科技,2025-09-23 11:20:26,38.55,55500,38.56,D
sh600584,长电科技,2025-09-23 11:20:32,38.55,8000,38.55,D
sh600584,长电科技,2025-09-23 11:20:38,38.52,16700,38.55,D
sh600584,长电科技,2025-09-23 11:20:41,38.55,5200,38.52,U
sh600584,长电科技,2025-09-23 11:20:50,38.52,8100,38.53,D
sh600584,长电科技,2025-09-23 11:20:56,38.52,10000,38.52,D
sh600584,长电科技,2025-09-23 11:20:59,38.52,9400,38.52,D
sh600584,长电科技,2025-09-23 11:21:02,38.48,117800,38.52,D
sh600584,长电科技,2025-09-23 11:21:05,38.5,7800,38.48,U
sh600584,长电科技,2025-09-23 11:21:14,38.49,25700,38.48,D
sh600584,长电科技,2025-09-23 11:21:17,38.49,13200,38.49,U
sh600584,长电科技,2025-09-23 11:21:23,38.48,14500,38.49,D
sh600584,长电科技,2025-09-23 11:21:29,38.49,7800,38.48,U
sh600584,长电科技,2025-09-23 11:21:38,38.49,8800,38.49,U
sh600584,长电科技,2025-09-23 11:21:41,38.48,6300,38.49,D
sh600584,长电科技,2025-09-23 11:21:44,38.48,5800,38.48,D
sh600584,长电科技,2025-09-23 11:21:47,38.48,12300,38.48,D
sh600584,长电科技,2025-09-23 11:21:56,38.47,14500,38.48,D
sh600584,长电科技,2025-09-23 11:22:05,38.47,53900,38.47,E
sh600584,长电科技,2025-09-23 11:22:08,38.45,56400,38.47,D
sh600584,长电科技,2025-09-23 11:22:11,38.44,32900,38.45,D
sh600584,长电科技,2025-09-23 11:22:20,38.42,10500,38.43,D
sh600584,长电科技,2025-09-23 11:22:26,38.42,6700,38.41,U
sh600584,长电科技,2025-09-23 11:22:32,38.41,8200,38.41,D
sh600584,长电科技,2025-09-23 11:22:35,38.41,16900,38.41,D
sh600584,长电科技,2025-09-23 11:22:38,38.41,5300,38.41,U
sh600584,长电科技,2025-09-23 11:22:41,38.41,8400,38.41,U
sh600584,长电科技,2025-09-23 11:22:44,38.42,21100,38.41,U
sh600584,长电科技,2025-09-23 11:22:53,38.41,5900,38.41,U
sh600584,长电科技,2025-09-23 11:22:56,38.41,5800,38.41,U
sh600584,长电科技,2025-09-23 11:22:59,38.41,13600,38.41,U
sh600584,长电科技,2025-09-23 11:23:05,38.41,5300,38.41,U
sh600584,长电科技,2025-09-23 11:23:11,38.41,8000,38.41,D
sh600584,长电科技,2025-09-23 11:23:23,38.41,10100,38.41,D
sh600584,长电科技,2025-09-23 11:23:29,38.42,13800,38.41,U
sh600584,长电科技,2025-09-23 11:23:35,38.41,5900,38.41,D
sh600584,长电科技,2025-09-23 11:23:44,38.42,12100,38.41,U
sh600584,长电科技,2025-09-23 11:23:47,38.41,11900,38.42,D
sh600584,长电科技,2025-09-23 11:23:50,38.41,9400,38.41,D
sh600584,长电科技,2025-09-23 11:24:02,38.41,7700,38.41,U
sh600584,长电科技,2025-09-23 11:24:17,38.41,11400,38.41,D
sh600584,长电科技,2025-09-23 11:24:20,38.42,5700,38.41,U
sh600584,长电科技,2025-09-23 11:24:23,38.4,7100,38.42,D
sh600584,长电科技,2025-09-23 11:24:29,38.4,13900,38.4,D
sh600584,长电科技,2025-09-23 11:24:35,38.41,23900,38.41,U
sh600584,长电科技,2025-09-23 11:24:38,38.41,41900,38.41,D
sh600584,长电科技,2025-09-23 11:24:41,38.41,25700,38.41,E
sh600584,长电科技,2025-09-23 11:24:44,38.4,11200,38.41,D
sh600584,长电科技,2025-09-23 11:24:50,38.4,68600,38.4,D
sh600584,长电科技,2025-09-23 11:24:56,38.39,26800,38.4,D
sh600584,长电科技,2025-09-23 11:24:59,38.39,10500,38.39,U
sh600584,长电科技,2025-09-23 11:25:05,38.38,13200,38.38,D
sh600584,长电科技,2025-09-23 11:25:08,38.38,24400,38.38,D
sh600584,长电科技,2025-09-23 11:25:11,38.39,62000,38.38,U
sh600584,长电科技,2025-09-23 11:25:14,38.39,15400,38.39,U
sh600584,长电科技,2025-09-23 11:25:17,38.38,8300,38.39,D
sh600584,长电科技,2025-09-23 11:25:20,38.37,24100,38.38,D
