symbol,name,ticktime,price,volume,prev_price,kind
sh600584,长电科技,2025-10-24 09:25:01,40.4,788600,0.0,U
sh600584,长电科技,2025-10-24 09:30:00,40.29,14900,40.4,D
sh600584,长电科技,2025-10-24 09:30:03,40.3,141300,40.29,U
sh600584,长电科技,2025-10-24 09:30:06,40.33,98700,40.3,U
sh600584,长电科技,2025-10-24 09:30:09,40.37,97400,40.33,U
sh600584,长电科技,2025-10-24 09:30:12,40.2,124000,40.37,D
sh600584,长电科技,2025-10-24 09:30:15,40.2,185000,40.2,U
sh600584,长电科技,2025-10-24 09:30:18,40.25,74300,40.2,U
sh600584,长电科技,2025-10-24 09:30:21,40.36,73300,40.25,U
sh600584,长电科技,2025-10-24 09:30:24,40.3,119700,40.36,D
sh600584,长电科技,2025-10-24 09:30:27,40.32,68500,40.3,D
sh600584,长电科技,2025-10-24 09:30:30,40.33,119400,40.32,U
sh600584,长电科技,2025-10-24 09:30:33,40.38,84100,40.33,U
sh600584,长电科技,2025-10-24 09:30:37,40.36,99200,40.38,D
sh600584,长电科技,2025-10-24 09:30:39,40.38,88700,40.36,U
sh600584,长电科技,2025-10-24 09:30:42,40.37,74800,40.38,E
sh600584,长电科技,2025-10-24 09:30:45,40.37,62000,40.37,D
sh600584,长电科技,2025-10-24 09:30:48,40.37,102000,40.37,D
sh600584,长电科技,2025-10-24 09:30:51,40.38,64400,40.37,E
sh600584,长电科技,2025-10-24 09:30:54,40.37,39000,40.38,E
sh600584,长电科技,2025-10-24 09:30:57,40.38,148100,40.37,U
sh600584,长电科技,2025-10-24 09:31:00,40.37,48500,40.38,D
sh600584,长电科技,2025-10-24 09:31:03,40.39,36600,40.37,U
sh600584,长电科技,2025-10-24 09:31:06,40.4,22500,40.39,U
sh600584,长电科技,2025-10-24 09:31:09,40.39,30900,40.4,D
sh600584,长电科技,2025-10-24 09:31:12,40.42,28400,40.39,U
sh600584,长电科技,2025-10-24 09:31:15,40.42,35200,40.42,U
sh600584,长电科技,2025-10-24 09:31:18,40.45,50900,40.42,U
sh600584,长电科技,2025-10-24 09:31:21,40.46,96300,40.45,U
sh600584,长电科技,2025-10-24 09:31:24,40.46,44600,40.46,U
sh600584,长电科技,2025-10-24 09:31:27,40.48,94400,40.46,U
sh600584,长电科技,2025-10-24 09:31:30,40.48,29900,40.48,U
sh600584,长电科技,2025-10-24 09:31:33,40.49,48800,40.48,U
sh600584,长电科技,2025-10-24 09:31:36,40.49,188500,40.49,E
sh600584,长电科技,2025-10-24 09:31:39,40.49,60200,40.49,D
sh600584,长电科技,2025-10-24 09:31:42,40.5,94300,40.49,U
sh600584,长电科技,2025-10-24 09:31:45,40.5,40000,40.5,D
sh600584,长电科技,2025-10-24 09:31:48,40.51,12100,40.5,E
sh600584,长电科技,2025-10-24 09:31:51,40.52,40200,40.51,E
sh600584,长电科技,2025-10-24 09:31:54,40.53,37500,40.52,U
sh600584,长电科技,2025-10-24 09:31:57,40.53,28300,40.53,D
sh600584,长电科技,2025-10-24 09:32:00,40.52,175800,40.53,D
sh600584,长电科技,2025-10-24 09:32:03,40.51,109200,40.52,D
sh600584,长电科技,2025-10-24 09:32:06,40.5,166000,40.51,D
sh600584,长电科技,2025-10-24 09:32:09,40.5,73800,40.5,U
sh600584,长电科技,2025-10-24 09:32:12,40.49,46700,40.5,D
sh600584,长电科技,2025-10-24 09:32:15,40.48,89200,40.49,D
sh600584,长电科技,2025-10-24 09:32:18,40.48,33200,40.48,U
sh600584,长电科技,2025-10-24 09:32:21,40.45,26300,40.48,D
sh600584,长电科技,2025-10-24 09:32:24,40.45,42600,40.45,D
sh600584,长电科技,2025-10-24 09:32:27,40.44,20900,40.45,D
sh600584,长电科技,2025-10-24 09:32:30,40.44,11600,40.44,D
sh600584,长电科技,2025-10-24 09:32:33,40.45,82900,40.44,U
sh600584,长电科技,2025-10-24 09:32:36,40.45,52100,40.45,D
sh600584,长电科技,2025-10-24 09:32:39,40.45,33800,40.45,U
sh600584,长电科技,2025-10-24 09:32:42,40.44,48900,40.45,D
sh600584,长电科技,2025-10-24 09:32:45,40.44,22400,40.44,U
sh600584,长电科技,2025-10-24 09:32:48,40.43,35000,40.44,D
sh600584,长电科技,2025-10-24 09:32:51,40.43,41400,40.43,U
sh600584,长电科技,2025-10-24 09:32:54,40.42,55800,40.43,D
sh600584,长电科技,2025-10-24 09:32:57,40.43,26700,40.42,U
sh600584,长电科技,2025-10-24 09:33:00,40.4,52800,40.43,D
sh600584,长电科技,2025-10-24 09:33:03,40.42,20400,40.4,U
sh600584,长电科技,2025-10-24 09:33:06,40.42,50600,40.42,D
sh600584,长电科技,2025-10-24 09:33:09,40.46,141500,40.42,U
sh600584,长电科技,2025-10-24 09:33:12,40.47,23400,40.46,U
sh600584,长电科技,2025-10-24 09:33:15,40.46,28500,40.47,D
sh600584,长电科技,2025-10-24 09:33:18,40.46,22400,40.46,U
sh600584,长电科技,2025-10-24 09:33:21,40.44,34200,40.46,D
sh600584,长电科技,2025-10-24 09:33:24,40.48,30200,40.44,U
sh600584,长电科技,2025-10-24 09:33:27,40.46,13300,40.48,D
sh600584,长电科技,2025-10-24 09:33:30,40.48,68800,40.46,U
sh600584,长电科技,2025-10-24 09:33:33,40.49,171300,40.48,U
sh600584,长电科技,2025-10-24 09:33:36,40.51,27700,40.49,U
sh600584,长电科技,2025-10-24 09:33:39,40.51,27000,40.51,U
sh600584,长电科技,2025-10-24 09:33:42,40.5,34700,40.51,D
sh600584,长电科技,2025-10-24 09:33:45,40.51,40000,40.5,U
sh600584,长电科技,2025-10-24 09:33:48,40.51,32100,40.51,D
sh600584,长电科技,2025-10-24 09:33:51,40.51,20300,40.51,D
sh600584,长电科技,2025-10-24 09:33:54,40.53,24900,40.51,U
sh600584,长电科技,2025-10-24 09:33:57,40.53,17200,40.53,U
sh600584,长电科技,2025-10-24 09:34:00,40.52,25600,40.53,D
sh600584,长电科技,2025-10-24 09:34:03,40.5,191700,40.52,D
sh600584,长电科技,2025-10-24 09:34:06,40.5,58000,40.5,U
sh600584,长电科技,2025-10-24 09:34:09,40.5,36500,40.5,U
sh600584,长电科技,2025-10-24 09:34:12,40.5,18800,40.5,U
sh600584,长电科技,2025-10-24 09:34:15,40.49,36800,40.5,E
sh600584,长电科技,2025-10-24 09:34:18,40.49,47300,40.49,U
sh600584,长电科技,2025-10-24 09:34:21,40.47,36300,40.49,D
sh600584,长电科技,2025-10-24 09:34:24,40.47,25000,40.47,U
sh600584,长电科技,2025-10-24 09:34:27,40.45,21000,40.47,E
sh600584,长电科技,2025-10-24 09:34:30,40.47,10700,40.45,U
sh600584,长电科技,2025-10-24 09:34:33,40.45,26500,40.47,D
sh600584,长电科技,2025-10-24 09:34:36,40.46,39900,40.45,U
sh600584,长电科技,2025-10-24 09:34:39,40.46,48900,40.46,U
sh600584,长电科技,2025-10-24 09:34:42,40.47,22401,40.46,U
sh600584,长电科技,2025-10-24 09:34:45,40.47,23100,40.47,D
sh600584,长电科技,2025-10-24 09:34:48,40.47,37000,40.47,D
sh600584,长电科技,2025-10-24 09:34:51,40.48,7700,40.47,U
sh600584,长电科技,2025-10-24 09:34:54,40.48,47600,40.48,D
sh600584,长电科技,2025-10-24 09:34:57,40.5,137300,40.48,U
sh600584,长电科技,2025-10-24 09:35:00,40.5,91400,40.5,U
sh600584,长电科技,2025-10-24 09:35:03,40.5,19300,40.5,D
sh600584,长电科技,2025-10-24 09:35:06,40.5,49100,40.5,D
sh600584,长电科技,2025-10-24 09:35:09,40.5,54300,40.5,D
sh600584,长电科技,2025-10-24 09:35:12,40.5,74900,40.5,U
sh600584,长电科技,2025-10-24 09:35:15,40.5,19400,40.5,U
sh600584,长电科技,2025-10-24 09:35:18,40.5,16100,40.5,D
sh600584,长电科技,2025-10-24 09:35:21,40.51,35900,40.5,U
sh600584,长电科技,2025-10-24 09:35:24,40.49,39800,40.51,D
sh600584,长电科技,2025-10-24 09:35:27,40.5,46300,40.49,U
sh600584,长电科技,2025-10-24 09:35:30,40.5,40000,40.5,D
sh600584,长电科技,2025-10-24 09:35:33,40.5,18500,40.5,D
sh600584,长电科技,2025-10-24 09:35:36,40.49,47200,40.5,D
sh600584,长电科技,2025-10-24 09:35:39,40.5,51800,40.49,U
sh600584,长电科技,2025-10-24 09:35:42,40.47,46100,40.5,D
sh600584,长电科技,2025-10-24 09:35:45,40.49,173900,40.47,U
sh600584,长电科技,2025-10-24 09:35:48,40.48,16400,40.49,D
sh600584,长电科技,2025-10-24 09:35:51,40.49,18100,40.48,U
sh600584,长电科技,2025-10-24 09:35:54,40.44,131299,40.49,D
sh600584,长电科技,2025-10-24 09:35:57,40.44,27100,40.44,D
sh600584,长电科技,2025-10-24 09:36:00,40.41,68200,40.44,D
sh600584,长电科技,2025-10-24 09:36:03,40.39,70400,40.41,D
sh600584,长电科技,2025-10-24 09:36:06,40.35,68600,40.39,D
sh600584,长电科技,2025-10-24 09:36:09,40.34,23600,40.35,D
sh600584,长电科技,2025-10-24 09:36:12,40.33,10300,40.34,D
sh600584,长电科技,2025-10-24 09:36:15,40.32,25600,40.33,D
sh600584,长电科技,2025-10-24 09:36:18,40.3,33000,40.32,D
sh600584,长电科技,2025-10-24 09:36:21,40.3,31100,40.3,D
sh600584,长电科技,2025-10-24 09:36:24,40.28,24800,40.3,D
sh600584,长电科技,2025-10-24 09:36:27,40.3,34000,40.28,U
sh600584,长电科技,2025-10-24 09:36:30,40.3,18400,40.3,U
sh600584,长电科技,2025-10-24 09:36:33,40.3,25900,40.3,U
sh600584,长电科技,2025-10-24 09:36:36,40.29,37900,40.3,D
sh600584,长电科技,2025-10-24 09:36:39,40.26,49100,40.29,D
sh600584,长电科技,2025-10-24 09:36:42,40.27,23800,40.26,U
sh600584,长电科技,2025-10-24 09:36:45,40.28,13300,40.27,E
sh600584,长电科技,2025-10-24 09:36:48,40.27,28600,40.28,D
sh600584,长电科技,2025-10-24 09:36:51,40.27,20100,40.27,D
sh600584,长电科技,2025-10-24 09:36:54,40.28,44400,40.27,U
sh600584,长电科技,2025-10-24 09:36:57,40.27,170500,40.28,D
sh600584,长电科技,2025-10-24 09:37:00,40.32,56500,40.27,U
sh600584,长电科技,2025-10-24 09:37:03,40.32,13200,40.32,D
sh600584,长电科技,2025-10-24 09:37:06,40.39,57200,40.32,U
sh600584,长电科技,2025-10-24 09:37:09,40.39,20500,40.39,U
sh600584,长电科技,2025-10-24 09:37:12,40.41,30600,40.39,U
sh600584,长电科技,2025-10-24 09:37:15,40.42,5000,40.41,U
sh600584,长电科技,2025-10-24 09:37:18,40.48,78400,40.42,U
sh600584,长电科技,2025-10-24 09:37:21,40.47,12900,40.48,D
sh600584,长电科技,2025-10-24 09:37:24,40.44,14900,40.47,D
sh600584,长电科技,2025-10-24 09:37:27,40.47,36300,40.44,U
sh600584,长电科技,2025-10-24 09:37:30,40.48,9700,40.47,U
sh600584,长电科技,2025-10-24 09:37:33,40.48,20900,40.48,U
sh600584,长电科技,2025-10-24 09:37:36,40.54,477200,40.48,U
sh600584,长电科技,2025-10-24 09:37:39,40.55,60300,40.54,U
sh600584,长电科技,2025-10-24 09:37:42,40.54,19100,40.55,E
sh600584,长电科技,2025-10-24 09:37:45,40.52,14500,40.54,D
sh600584,长电科技,2025-10-24 09:37:48,40.53,23200,40.52,U
sh600584,长电科技,2025-10-24 09:37:51,40.53,12300,40.53,E
sh600584,长电科技,2025-10-24 09:37:54,40.54,44900,40.53,U
sh600584,长电科技,2025-10-24 09:37:57,40.52,25000,40.54,D
sh600584,长电科技,2025-10-24 09:38:00,40.52,9500,40.52,U
sh600584,长电科技,2025-10-24 09:38:03,40.5,41400,40.52,D
sh600584,长电科技,2025-10-24 09:38:06,40.52,21300,40.5,U
sh600584,长电科技,2025-10-24 09:38:09,40.5,16300,40.52,U
sh600584,长电科技,2025-10-24 09:38:12,40.52,24600,40.5,U
sh600584,长电科技,2025-10-24 09:38:15,40.51,19300,40.52,E
sh600584,长电科技,2025-10-24 09:38:18,40.51,28900,40.51,U
sh600584,长电科技,2025-10-24 09:38:21,40.5,26300,40.51,D
sh600584,长电科技,2025-10-24 09:38:24,40.5,14200,40.5,D
sh600584,长电科技,2025-10-24 09:38:27,40.49,49700,40.5,D
sh600584,长电科技,2025-10-24 09:38:30,40.5,33000,40.49,U
sh600584,长电科技,2025-10-24 09:38:33,40.47,15700,40.5,D
sh600584,长电科技,2025-10-24 09:38:36,40.5,62600,40.47,U
sh600584,长电科技,2025-10-24 09:38:39,40.49,24400,40.5,D
sh600584,长电科技,2025-10-24 09:38:42,40.5,29800,40.49,U
sh600584,长电科技,2025-10-24 09:38:48,40.51,110500,40.49,U
sh600584,长电科技,2025-10-24 09:38:51,40.54,82000,40.51,U
sh600584,长电科技,2025-10-24 09:38:54,40.55,126100,40.54,U
sh600584,长电科技,2025-10-24 09:38:57,40.57,55700,40.55,U
sh600584,长电科技,2025-10-24 09:39:00,40.56,72300,40.57,D
sh600584,长电科技,2025-10-24 09:39:03,40.57,14000,40.56,D
sh600584,长电科技,2025-10-24 09:39:06,40.59,15600,40.57,U
sh600584,长电科技,2025-10-24 09:39:09,40.58,41700,40.59,D
sh600584,长电科技,2025-10-24 09:39:12,40.59,18900,40.58,U
sh600584,长电科技,2025-10-24 09:39:15,40.6,37600,40.59,U
sh600584,长电科技,2025-10-24 09:39:18,40.6,29000,40.6,U
sh600584,长电科技,2025-10-24 09:39:21,40.6,61200,40.6,U
sh600584,长电科技,2025-10-24 09:39:24,40.6,88800,40.6,U
sh600584,长电科技,2025-10-24 09:39:27,40.6,82700,40.6,U
sh600584,长电科技,2025-10-24 09:39:30,40.59,32500,40.6,E
sh600584,长电科技,2025-10-24 09:39:33,40.59,36800,40.59,U
sh600584,长电科技,2025-10-24 09:39:36,40.58,28200,40.59,D
sh600584,长电科技,2025-10-24 09:39:39,40.59,23900,40.58,U
sh600584,长电科技,2025-10-24 09:39:42,40.58,27800,40.59,D
sh600584,长电科技,2025-10-24 09:39:45,40.59,22800,40.58,U
sh600584,长电科技,2025-10-24 09:39:48,40.57,46100,40.59,D
sh600584,长电科技,2025-10-24 09:39:51,40.58,44600,40.57,U
sh600584,长电科技,2025-10-24 09:39:54,40.59,17700,40.58,U
sh600584,长电科技,2025-10-24 09:39:57,40.57,14700,40.59,D
sh600584,长电科技,2025-10-24 09:40:00,40.57,14900,40.57,U
sh600584,长电科技,2025-10-24 09:40:03,40.58,38200,40.57,U
sh600584,长电科技,2025-10-24 09:40:06,40.57,32700,40.58,D
sh600584,长电科技,2025-10-24 09:40:09,40.57,56300,40.57,D
sh600584,长电科技,2025-10-24 09:40:12,40.57,17600,40.57,U
sh600584,长电科技,2025-10-24 09:40:15,40.57,60300,40.57,U
sh600584,长电科技,2025-10-24 09:40:18,40.57,60000,40.57,U
sh600584,长电科技,2025-10-24 09:40:21,40.57,27500,40.57,U
sh600584,长电科技,2025-10-24 09:40:24,40.57,22300,40.57,U
sh600584,长电科技,2025-10-24 09:40:27,40.57,11500,40.57,U
sh600584,长电科技,2025-10-24 09:40:30,40.57,24500,40.57,U
sh600584,长电科技,2025-10-24 09:40:33,40.55,7300,40.57,D
sh600584,长电科技,2025-10-24 09:40:36,40.57,27600,40.55,U
sh600584,长电科技,2025-10-24 09:40:39,40.56,14400,40.57,D
sh600584,长电科技,2025-10-24 09:40:42,40.56,14200,40.56,U
sh600584,长电科技,2025-10-24 09:40:45,40.54,23500,40.56,D
sh600584,长电科技,2025-10-24 09:40:48,40.54,13300,40.54,D
sh600584,长电科技,2025-10-24 09:40:51,40.56,27700,40.54,U
sh600584,长电科技,2025-10-24 09:40:54,40.54,16300,40.56,D
sh600584,长电科技,2025-10-24 09:40:57,40.54,7100,40.54,U
sh600584,长电科技,2025-10-24 09:41:00,40.53,22000,40.54,D
sh600584,长电科技,2025-10-24 09:41:03,40.52,16800,40.53,D
sh600584,长电科技,2025-10-24 09:41:06,40.52,16200,40.52,D
sh600584,长电科技,2025-10-24 09:41:09,40.53,20400,40.52,D
sh600584,长电科技,2025-10-24 09:41:12,40.55,18700,40.53,U
sh600584,长电科技,2025-10-24 09:41:15,40.55,65100,40.55,U
sh600584,长电科技,2025-10-24 09:41:18,40.55,142500,40.55,U
sh600584,长电科技,2025-10-24 09:41:21,40.55,10800,40.55,D
sh600584,长电科技,2025-10-24 09:41:24,40.62,123273,40.55,U
sh600584,长电科技,2025-10-24 09:41:27,40.66,123500,40.62,U
sh600584,长电科技,2025-10-24 09:41:30,40.68,13700,40.66,U
sh600584,长电科技,2025-10-24 09:41:33,40.68,19800,40.68,U
sh600584,长电科技,2025-10-24 09:41:36,40.66,27800,40.68,D
sh600584,长电科技,2025-10-24 09:41:39,40.68,22000,40.66,U
sh600584,长电科技,2025-10-24 09:41:42,40.68,21300,40.68,U
sh600584,长电科技,2025-10-24 09:41:45,40.68,34500,40.68,U
sh600584,长电科技,2025-10-24 09:41:48,40.68,41100,40.68,D
sh600584,长电科技,2025-10-24 09:41:51,40.7,49300,40.68,U
sh600584,长电科技,2025-10-24 09:41:54,40.69,84100,40.7,D
sh600584,长电科技,2025-10-24 09:41:57,40.7,15300,40.69,D
sh600584,长电科技,2025-10-24 09:42:00,40.73,38700,40.7,U
sh600584,长电科技,2025-10-24 09:42:03,40.73,27500,40.73,D
sh600584,长电科技,2025-10-24 09:42:06,40.74,43700,40.73,U
sh600584,长电科技,2025-10-24 09:42:09,40.73,146300,40.74,D
sh600584,长电科技,2025-10-24 09:42:12,40.71,46500,40.73,D
sh600584,长电科技,2025-10-24 09:42:15,40.65,107800,40.71,D
sh600584,长电科技,2025-10-24 09:42:18,40.69,71300,40.65,U
sh600584,长电科技,2025-10-24 09:42:21,40.65,17600,40.69,U
sh600584,长电科技,2025-10-24 09:42:24,40.65,24100,40.65,U
sh600584,长电科技,2025-10-24 09:42:27,40.65,23300,40.65,U
sh600584,长电科技,2025-10-24 09:42:30,40.66,17100,40.65,E
sh600584,长电科技,2025-10-24 09:42:33,40.66,22800,40.66,D
sh600584,长电科技,2025-10-24 09:42:36,40.69,49000,40.66,U
sh600584,长电科技,2025-10-24 09:42:39,40.68,29000,40.69,D
sh600584,长电科技,2025-10-24 09:42:42,40.69,25100,40.68,U
sh600584,长电科技,2025-10-24 09:42:45,40.69,32200,40.69,U
sh600584,长电科技,2025-10-24 09:42:48,40.68,17200,40.69,D
sh600584,长电科技,2025-10-24 09:42:51,40.69,33600,40.68,U
sh600584,长电科技,2025-10-24 09:42:54,40.69,44800,40.69,U
sh600584,长电科技,2025-10-24 09:42:57,40.68,188800,40.69,E
sh600584,长电科技,2025-10-24 09:43:00,40.67,41200,40.68,U
sh600584,长电科技,2025-10-24 09:43:03,40.68,15500,40.67,U
sh600584,长电科技,2025-10-24 09:43:06,40.69,49026,40.68,U
sh600584,长电科技,2025-10-24 09:43:09,40.69,15374,40.69,U
sh600584,长电科技,2025-10-24 09:43:12,40.69,26326,40.69,U
sh600584,长电科技,2025-10-24 09:43:15,40.7,19200,40.69,U
sh600584,长电科技,2025-10-24 09:43:18,40.7,26900,40.7,U
sh600584,长电科技,2025-10-24 09:43:21,40.7,22900,40.7,D
sh600584,长电科技,2025-10-24 09:43:24,40.69,32600,40.7,D
sh600584,长电科技,2025-10-24 09:43:27,40.7,26000,40.69,U
sh600584,长电科技,2025-10-24 09:43:30,40.7,27700,40.7,U
sh600584,长电科技,2025-10-24 09:43:33,40.71,37500,40.7,U
sh600584,长电科技,2025-10-24 09:43:36,40.7,32800,40.71,U
sh600584,长电科技,2025-10-24 09:43:39,40.71,27400,40.7,U
sh600584,长电科技,2025-10-24 09:43:42,40.7,15400,40.71,D
sh600584,长电科技,2025-10-24 09:43:45,40.7,39800,40.7,D
sh600584,长电科技,2025-10-24 09:43:48,40.7,26200,40.7,U
sh600584,长电科技,2025-10-24 09:43:51,40.7,12400,40.7,D
sh600584,长电科技,2025-10-24 09:43:54,40.71,41900,40.7,U
sh600584,长电科技,2025-10-24 09:43:57,40.7,19600,40.71,D
sh600584,长电科技,2025-10-24 09:44:00,40.7,14200,40.7,D
sh600584,长电科技,2025-10-24 09:44:03,40.7,11000,40.7,D
sh600584,长电科技,2025-10-24 09:44:06,40.69,26900,40.7,D
sh600584,长电科技,2025-10-24 09:44:09,40.65,93974,40.69,D
sh600584,长电科技,2025-10-24 09:44:12,40.62,51600,40.65,D
sh600584,长电科技,2025-10-24 09:44:15,40.58,44000,40.62,D
sh600584,长电科技,2025-10-24 09:44:18,40.58,18200,40.58,D
sh600584,长电科技,2025-10-24 09:44:21,40.57,8200,40.58,E
sh600584,长电科技,2025-10-24 09:44:24,40.58,12200,40.57,U
sh600584,长电科技,2025-10-24 09:44:27,40.58,15800,40.58,U
sh600584,长电科技,2025-10-24 09:44:30,40.58,7100,40.58,U
sh600584,长电科技,2025-10-24 09:44:33,40.58,23500,40.58,D
sh600584,长电科技,2025-10-24 09:44:36,40.57,40300,40.58,U
sh600584,长电科技,2025-10-24 09:44:39,40.56,45600,40.57,E
sh600584,长电科技,2025-10-24 09:44:42,40.58,6500,40.56,U
sh600584,长电科技,2025-10-24 09:44:45,40.58,15700,40.58,D
sh600584,长电科技,2025-10-24 09:44:48,40.59,9400,40.58,U
sh600584,长电科技,2025-10-24 09:44:51,40.6,66900,40.59,U
sh600584,长电科技,2025-10-24 09:44:54,40.61,9400,40.6,U
sh600584,长电科技,2025-10-24 09:45:00,40.6,12900,40.59,D
sh600584,长电科技,2025-10-24 09:45:06,40.59,21700,40.59,D
sh600584,长电科技,2025-10-24 09:45:09,40.61,23000,40.59,U
sh600584,长电科技,2025-10-24 09:45:12,40.62,49500,40.61,U
sh600584,长电科技,2025-10-24 09:45:15,40.6,15500,40.62,D
sh600584,长电科技,2025-10-24 09:45:18,40.62,8800,40.6,U
sh600584,长电科技,2025-10-24 09:45:21,40.62,6900,40.62,D
sh600584,长电科技,2025-10-24 09:45:24,40.63,9700,40.62,U
sh600584,长电科技,2025-10-24 09:45:27,40.63,10000,40.63,D
sh600584,长电科技,2025-10-24 09:45:30,40.65,11300,40.63,U
sh600584,长电科技,2025-10-24 09:45:33,40.65,6300,40.65,U
sh600584,长电科技,2025-10-24 09:45:36,40.65,9100,40.65,U
sh600584,长电科技,2025-10-24 09:45:39,40.65,21900,40.65,D
sh600584,长电科技,2025-10-24 09:45:42,40.66,24000,40.65,U
sh600584,长电科技,2025-10-24 09:45:45,40.66,12200,40.66,D
sh600584,长电科技,2025-10-24 09:45:48,40.67,24700,40.66,E
sh600584,长电科技,2025-10-24 09:45:51,40.67,73300,40.67,D
sh600584,长电科技,2025-10-24 09:45:54,40.67,25800,40.67,U
sh600584,长电科技,2025-10-24 09:45:57,40.66,27900,40.67,U
sh600584,长电科技,2025-10-24 09:46:00,40.64,87100,40.66,D
sh600584,长电科技,2025-10-24 09:46:03,40.67,49100,40.64,U
sh600584,长电科技,2025-10-24 09:46:09,40.66,42000,40.68,D
sh600584,长电科技,2025-10-24 09:46:12,40.62,77100,40.66,D
sh600584,长电科技,2025-10-24 09:46:15,40.56,126000,40.62,D
sh600584,长电科技,2025-10-24 09:46:18,40.52,82627,40.56,D
sh600584,长电科技,2025-10-24 09:46:21,40.51,39300,40.52,D
sh600584,长电科技,2025-10-24 09:46:24,40.51,45700,40.51,D
sh600584,长电科技,2025-10-24 09:46:27,40.51,51000,40.51,U
sh600584,长电科技,2025-10-24 09:46:30,40.5,35000,40.51,D
sh600584,长电科技,2025-10-24 09:46:33,40.5,24500,40.5,D
sh600584,长电科技,2025-10-24 09:46:36,40.51,23800,40.5,E
sh600584,长电科技,2025-10-24 09:46:39,40.51,25300,40.51,D
sh600584,长电科技,2025-10-24 09:46:42,40.52,6200,40.51,U
sh600584,长电科技,2025-10-24 09:46:45,40.51,45400,40.52,D
sh600584,长电科技,2025-10-24 09:46:48,40.55,12900,40.51,U
sh600584,长电科技,2025-10-24 09:46:54,40.55,6200,40.55,D
sh600584,长电科技,2025-10-24 09:46:57,40.55,5400,40.55,D
sh600584,长电科技,2025-10-24 09:47:00,40.54,10000,40.55,D
sh600584,长电科技,2025-10-24 09:47:03,40.56,19100,40.54,U
sh600584,长电科技,2025-10-24 09:47:06,40.54,45500,40.56,D
sh600584,长电科技,2025-10-24 09:47:09,40.53,11000,40.54,D
sh600584,长电科技,2025-10-24 09:47:12,40.54,8900,40.53,U
sh600584,长电科技,2025-10-24 09:47:15,40.56,41600,40.54,U
sh600584,长电科技,2025-10-24 09:47:21,40.59,7800,40.58,U
sh600584,长电科技,2025-10-24 09:47:24,40.6,12600,40.59,U
sh600584,长电科技,2025-10-24 09:47:30,40.62,15100,40.6,U
sh600584,长电科技,2025-10-24 09:47:33,40.62,7600,40.62,D
sh600584,长电科技,2025-10-24 09:47:36,40.63,28200,40.62,U
sh600584,长电科技,2025-10-24 09:47:39,40.63,19300,40.63,D
sh600584,长电科技,2025-10-24 09:47:42,40.64,11800,40.63,U
sh600584,长电科技,2025-10-24 09:47:45,40.66,29100,40.64,U
sh600584,长电科技,2025-10-24 09:47:48,40.65,5700,40.66,D
sh600584,长电科技,2025-10-24 09:47:51,40.66,38700,40.65,U
sh600584,长电科技,2025-10-24 09:47:54,40.66,6700,40.66,D
sh600584,长电科技,2025-10-24 09:47:57,40.67,5600,40.66,E
sh600584,长电科技,2025-10-24 09:48:00,40.68,20200,40.67,U
sh600584,长电科技,2025-10-24 09:48:03,40.67,13600,40.68,D
sh600584,长电科技,2025-10-24 09:48:06,40.68,22200,40.67,U
sh600584,长电科技,2025-10-24 09:48:09,40.67,33700,40.68,D
sh600584,长电科技,2025-10-24 09:48:12,40.65,134000,40.67,D
sh600584,长电科技,2025-10-24 09:48:15,40.67,85200,40.65,U
sh600584,长电科技,2025-10-24 09:48:18,40.67,9300,40.67,U
sh600584,长电科技,2025-10-24 09:48:21,40.65,14600,40.67,D
sh600584,长电科技,2025-10-24 09:48:24,40.65,50500,40.65,D
sh600584,长电科技,2025-10-24 09:48:27,40.67,33400,40.65,U
sh600584,长电科技,2025-10-24 09:48:30,40.65,9800,40.67,U
sh600584,长电科技,2025-10-24 09:48:33,40.67,10000,40.65,U
sh600584,长电科技,2025-10-24 09:48:36,40.67,14900,40.67,U
sh600584,长电科技,2025-10-24 09:48:39,40.65,19400,40.67,D
sh600584,长电科技,2025-10-24 09:48:42,40.67,19100,40.65,U
sh600584,长电科技,2025-10-24 09:48:45,40.67,22000,40.67,U
sh600584,长电科技,2025-10-24 09:48:48,40.68,24600,40.67,U
sh600584,长电科技,2025-10-24 09:48:51,40.67,50000,40.68,D
sh600584,长电科技,2025-10-24 09:48:54,40.67,48300,40.67,D
sh600584,长电科技,2025-10-24 09:48:57,40.67,8600,40.67,U
sh600584,长电科技,2025-10-24 09:49:00,40.65,9100,40.67,D
sh600584,长电科技,2025-10-24 09:49:03,40.66,9900,40.65,U
sh600584,长电科技,2025-10-24 09:49:09,40.63,31400,40.65,D
sh600584,长电科技,2025-10-24 09:49:12,40.62,9900,40.63,D
sh600584,长电科技,2025-10-24 09:49:15,40.65,13500,40.62,U
sh600584,长电科技,2025-10-24 09:49:18,40.61,8100,40.65,D
sh600584,长电科技,2025-10-24 09:49:21,40.61,6200,40.61,D
sh600584,长电科技,2025-10-24 09:49:24,40.61,36100,40.61,D
sh600584,长电科技,2025-10-24 09:49:30,40.63,16400,40.62,U
sh600584,长电科技,2025-10-24 09:49:33,40.62,8900,40.63,D
sh600584,长电科技,2025-10-24 09:49:36,40.63,15200,40.62,U
sh600584,长电科技,2025-10-24 09:49:42,40.62,15900,40.63,D
sh600584,长电科技,2025-10-24 09:49:45,40.63,52900,40.62,U
sh600584,长电科技,2025-10-24 09:49:48,40.63,33000,40.63,U
sh600584,长电科技,2025-10-24 09:49:51,40.62,16100,40.63,D
sh600584,长电科技,2025-10-24 09:49:54,40.63,62200,40.62,U
sh600584,长电科技,2025-10-24 09:49:57,40.63,11000,40.63,U
sh600584,长电科技,2025-10-24 09:50:00,40.61,6400,40.63,D
sh600584,长电科技,2025-10-24 09:50:03,40.62,6100,40.61,U
sh600584,长电科技,2025-10-24 09:50:06,40.61,25800,40.62,D
sh600584,长电科技,2025-10-24 09:50:09,40.59,92300,40.61,D
sh600584,长电科技,2025-10-24 09:50:12,40.58,8600,40.59,D
sh600584,长电科技,2025-10-24 09:50:15,40.58,9600,40.58,D
sh600584,长电科技,2025-10-24 09:50:18,40.6,34500,40.58,U
sh600584,长电科技,2025-10-24 09:50:21,40.57,17100,40.6,D
sh600584,长电科技,2025-10-24 09:50:24,40.56,30300,40.57,D
sh600584,长电科技,2025-10-24 09:50:27,40.55,7400,40.56,D
sh600584,长电科技,2025-10-24 09:50:30,40.56,12000,40.55,E
sh600584,长电科技,2025-10-24 09:50:33,40.55,17400,40.56,D
sh600584,长电科技,2025-10-24 09:50:36,40.55,11300,40.55,D
sh600584,长电科技,2025-10-24 09:50:39,40.55,16200,40.55,U
sh600584,长电科技,2025-10-24 09:50:42,40.54,30800,40.55,D
sh600584,长电科技,2025-10-24 09:50:45,40.54,12400,40.54,U
sh600584,长电科技,2025-10-24 09:50:48,40.54,10500,40.54,U
sh600584,长电科技,2025-10-24 09:50:51,40.54,17900,40.54,U
sh600584,长电科技,2025-10-24 09:50:54,40.56,59400,40.54,U
sh600584,长电科技,2025-10-24 09:50:57,40.56,21100,40.56,U
sh600584,长电科技,2025-10-24 09:51:00,40.56,115100,40.56,D
sh600584,长电科技,2025-10-24 09:51:03,40.56,12600,40.56,D
sh600584,长电科技,2025-10-24 09:51:06,40.56,32300,40.56,U
sh600584,长电科技,2025-10-24 09:51:09,40.58,13900,40.56,U
sh600584,长电科技,2025-10-24 09:51:12,40.59,7300,40.58,U
sh600584,长电科技,2025-10-24 09:51:15,40.57,8800,40.59,D
sh600584,长电科技,2025-10-24 09:51:21,40.6,14800,40.59,U
sh600584,长电科技,2025-10-24 09:51:24,40.6,23800,40.6,U
sh600584,长电科技,2025-10-24 09:51:27,40.59,10000,40.6,D
sh600584,长电科技,2025-10-24 09:51:30,40.6,11700,40.59,U
sh600584,长电科技,2025-10-24 09:51:36,40.58,6300,40.59,D
sh600584,长电科技,2025-10-24 09:51:39,40.59,13600,40.58,U
sh600584,长电科技,2025-10-24 09:51:42,40.58,14700,40.59,D
sh600584,长电科技,2025-10-24 09:51:45,40.57,17000,40.58,D
sh600584,长电科技,2025-10-24 09:51:48,40.56,19000,40.57,D
sh600584,长电科技,2025-10-24 09:51:51,40.57,9800,40.56,U
sh600584,长电科技,2025-10-24 09:51:54,40.56,13200,40.57,E
sh600584,长电科技,2025-10-24 09:51:57,40.57,6000,40.56,U
sh600584,长电科技,2025-10-24 09:52:00,40.56,34500,40.57,D
sh600584,长电科技,2025-10-24 09:52:03,40.55,7900,40.56,D
sh600584,长电科技,2025-10-24 09:52:06,40.55,9700,40.55,D
sh600584,长电科技,2025-10-24 09:52:09,40.55,7400,40.55,U
sh600584,长电科技,2025-10-24 09:52:12,40.55,37500,40.55,U
sh600584,长电科技,2025-10-24 09:52:15,40.53,10700,40.55,D
sh600584,长电科技,2025-10-24 09:52:18,40.54,8100,40.53,U
sh600584,长电科技,2025-10-24 09:52:24,40.53,6000,40.53,E
sh600584,长电科技,2025-10-24 09:52:27,40.52,14300,40.53,D
sh600584,长电科技,2025-10-24 09:52:30,40.52,21500,40.52,D
sh600584,长电科技,2025-10-24 09:52:33,40.52,6600,40.52,U
sh600584,长电科技,2025-10-24 09:52:36,40.52,6000,40.52,U
sh600584,长电科技,2025-10-24 09:52:39,40.51,58000,40.52,D
sh600584,长电科技,2025-10-24 09:52:42,40.51,104300,40.51,D
sh600584,长电科技,2025-10-24 09:52:45,40.51,8100,40.51,E
sh600584,长电科技,2025-10-24 09:52:48,40.5,59900,40.51,D
sh600584,长电科技,2025-10-24 09:52:54,40.48,42100,40.5,D
sh600584,长电科技,2025-10-24 09:52:57,40.49,7600,40.48,E
sh600584,长电科技,2025-10-24 09:53:00,40.48,45200,40.49,D
sh600584,长电科技,2025-10-24 09:53:03,40.48,25500,40.48,U
sh600584,长电科技,2025-10-24 09:53:06,40.47,23800,40.48,D
sh600584,长电科技,2025-10-24 09:53:12,40.46,20700,40.47,D
sh600584,长电科技,2025-10-24 09:53:15,40.46,7800,40.46,U
sh600584,长电科技,2025-10-24 09:53:18,40.45,10800,40.46,D
sh600584,长电科技,2025-10-24 09:53:21,40.45,29000,40.45,D
sh600584,长电科技,2025-10-24 09:53:24,40.44,33800,40.45,D
sh600584,长电科技,2025-10-24 09:53:27,40.44,16500,40.44,D
sh600584,长电科技,2025-10-24 09:53:30,40.43,6600,40.44,D
sh600584,长电科技,2025-10-24 09:53:33,40.43,21800,40.43,D
sh600584,长电科技,2025-10-24 09:53:36,40.44,14100,40.43,D
sh600584,长电科技,2025-10-24 09:53:39,40.46,33900,40.44,U
sh600584,长电科技,2025-10-24 09:53:42,40.44,28500,40.46,D
sh600584,长电科技,2025-10-24 09:53:45,40.48,123090,40.44,U
sh600584,长电科技,2025-10-24 09:53:48,40.46,8300,40.48,D
sh600584,长电科技,2025-10-24 09:53:54,40.49,18400,40.48,U
sh600584,长电科技,2025-10-24 09:53:57,40.47,8900,40.49,D
sh600584,长电科技,2025-10-24 09:54:00,40.48,7400,40.47,U
sh600584,长电科技,2025-10-24 09:54:03,40.48,17300,40.48,D
sh600584,长电科技,2025-10-24 09:54:06,40.48,9800,40.48,D
sh600584,长电科技,2025-10-24 09:54:15,40.5,10500,40.5,U
sh600584,长电科技,2025-10-24 09:54:18,40.5,19800,40.5,U
sh600584,长电科技,2025-10-24 09:54:21,40.5,11400,40.5,U
sh600584,长电科技,2025-10-24 09:54:24,40.5,13500,40.5,D
sh600584,长电科技,2025-10-24 09:54:27,40.51,17100,40.5,U
sh600584,长电科技,2025-10-24 09:54:30,40.52,6700,40.51,U
sh600584,长电科技,2025-10-24 09:54:33,40.52,36600,40.52,U
sh600584,长电科技,2025-10-24 09:54:36,40.51,48400,40.52,D
sh600584,长电科技,2025-10-24 09:54:39,40.53,5300,40.51,U
sh600584,长电科技,2025-10-24 09:54:42,40.53,140900,40.53,D
sh600584,长电科技,2025-10-24 09:54:45,40.52,23700,40.53,U
sh600584,长电科技,2025-10-24 09:54:48,40.53,11500,40.52,U
sh600584,长电科技,2025-10-24 09:54:51,40.53,10200,40.53,D
sh600584,长电科技,2025-10-24 09:54:54,40.52,16400,40.53,D
sh600584,长电科技,2025-10-24 09:55:00,40.51,14200,40.52,D
sh600584,长电科技,2025-10-24 09:55:03,40.51,6900,40.51,D
sh600584,长电科技,2025-10-24 09:55:06,40.52,20300,40.51,U
sh600584,长电科技,2025-10-24 09:55:12,40.52,55200,40.52,U
sh600584,长电科技,2025-10-24 09:55:15,40.51,6800,40.52,E
sh600584,长电科技,2025-10-24 09:55:18,40.51,10100,40.51,U
sh600584,长电科技,2025-10-24 09:55:21,40.51,20900,40.51,U
sh600584,长电科技,2025-10-24 09:55:27,40.52,66100,40.51,U
sh600584,长电科技,2025-10-24 09:55:30,40.51,8100,40.52,D
sh600584,长电科技,2025-10-24 09:55:33,40.51,16600,40.51,D
sh600584,长电科技,2025-10-24 09:55:36,40.51,19300,40.51,D
sh600584,长电科技,2025-10-24 09:55:39,40.51,18300,40.51,U
sh600584,长电科技,2025-10-24 09:55:42,40.5,8700,40.51,D
sh600584,长电科技,2025-10-24 09:55:45,40.5,14300,40.5,D
sh600584,长电科技,2025-10-24 09:55:48,40.5,7300,40.5,U
sh600584,长电科技,2025-10-24 09:55:57,40.49,11000,40.49,D
sh600584,长电科技,2025-10-24 09:56:00,40.5,20900,40.49,U
sh600584,长电科技,2025-10-24 09:56:03,40.5,6900,40.5,D
sh600584,长电科技,2025-10-24 09:56:06,40.52,137200,40.5,U
sh600584,长电科技,2025-10-24 09:56:09,40.53,22500,40.52,U
sh600584,长电科技,2025-10-24 09:56:15,40.52,10000,40.52,D
sh600584,长电科技,2025-10-24 09:56:18,40.52,8400,40.52,U
sh600584,长电科技,2025-10-24 09:56:21,40.52,11200,40.52,U
sh600584,长电科技,2025-10-24 09:56:24,40.53,7500,40.52,U
sh600584,长电科技,2025-10-24 09:56:27,40.55,52800,40.53,U
sh600584,长电科技,2025-10-24 09:56:30,40.55,8600,40.55,U
sh600584,长电科技,2025-10-24 09:56:36,40.55,20800,40.55,U
sh600584,长电科技,2025-10-24 09:56:39,40.56,8500,40.55,U
sh600584,长电科技,2025-10-24 09:56:45,40.56,6200,40.55,U
sh600584,长电科技,2025-10-24 09:56:48,40.56,17100,40.56,U
sh600584,长电科技,2025-10-24 09:56:51,40.56,6600,40.56,D
sh600584,长电科技,2025-10-24 09:56:54,40.57,10700,40.56,U
sh600584,长电科技,2025-10-24 09:56:57,40.56,24300,40.57,D
sh600584,长电科技,2025-10-24 09:57:00,40.56,27100,40.56,D
sh600584,长电科技,2025-10-24 09:57:03,40.56,5600,40.56,U
sh600584,长电科技,2025-10-24 09:57:09,40.56,30500,40.56,D
sh600584,长电科技,2025-10-24 09:57:12,40.56,26600,40.56,D
sh600584,长电科技,2025-10-24 09:57:15,40.57,13000,40.56,U
sh600584,长电科技,2025-10-24 09:57:18,40.57,10400,40.57,U
sh600584,长电科技,2025-10-24 09:57:21,40.56,38900,40.57,D
sh600584,长电科技,2025-10-24 09:57:24,40.56,9200,40.56,U
sh600584,长电科技,2025-10-24 09:57:27,40.55,71000,40.56,D
sh600584,长电科技,2025-10-24 09:57:30,40.55,5700,40.55,E
sh600584,长电科技,2025-10-24 09:57:33,40.55,26400,40.55,U
sh600584,长电科技,2025-10-24 09:57:36,40.54,12400,40.55,D
sh600584,长电科技,2025-10-24 09:57:39,40.54,9500,40.54,D
sh600584,长电科技,2025-10-24 09:57:42,40.54,7100,40.54,U
sh600584,长电科技,2025-10-24 09:57:48,40.57,95500,40.53,U
sh600584,长电科技,2025-10-24 09:57:54,40.57,13900,40.56,U
sh600584,长电科技,2025-10-24 09:57:57,40.57,6400,40.57,D
sh600584,长电科技,2025-10-24 09:58:00,40.57,5400,40.57,D
sh600584,长电科技,2025-10-24 09:58:06,40.55,5200,40.57,D
sh600584,长电科技,2025-10-24 09:58:09,40.55,20300,40.55,U
sh600584,长电科技,2025-10-24 09:58:12,40.55,8200,40.55,D
sh600584,长电科技,2025-10-24 09:58:15,40.55,6300,40.55,D
sh600584,长电科技,2025-10-24 09:58:18,40.55,20300,40.55,U
sh600584,长电科技,2025-10-24 09:58:21,40.54,7000,40.55,D
sh600584,长电科技,2025-10-24 09:58:24,40.54,6900,40.54,D
sh600584,长电科技,2025-10-24 09:58:27,40.55,13800,40.54,U
sh600584,长电科技,2025-10-24 09:58:30,40.54,5700,40.55,E
sh600584,长电科技,2025-10-24 09:58:36,40.54,7600,40.53,U
sh600584,长电科技,2025-10-24 09:58:39,40.58,278900,40.54,U
sh600584,长电科技,2025-10-24 09:58:45,40.58,17100,40.58,D
sh600584,长电科技,2025-10-24 09:58:48,40.59,11100,40.58,D
sh600584,长电科技,2025-10-24 09:58:51,40.59,9200,40.59,U
sh600584,长电科技,2025-10-24 09:58:54,40.6,10300,40.59,U
sh600584,长电科技,2025-10-24 09:58:57,40.59,14300,40.6,D
sh600584,长电科技,2025-10-24 09:59:00,40.59,15400,40.59,U
sh600584,长电科技,2025-10-24 09:59:03,40.61,61500,40.59,U
sh600584,长电科技,2025-10-24 09:59:06,40.61,14400,40.61,U
sh600584,长电科技,2025-10-24 09:59:09,40.62,6600,40.61,U
sh600584,长电科技,2025-10-24 09:59:12,40.6,12400,40.62,D
sh600584,长电科技,2025-10-24 09:59:15,40.6,5500,40.6,D
sh600584,长电科技,2025-10-24 09:59:18,40.61,9200,40.6,U
sh600584,长电科技,2025-10-24 09:59:21,40.61,8000,40.61,D
sh600584,长电科技,2025-10-24 09:59:24,40.61,19100,40.61,D
sh600584,长电科技,2025-10-24 09:59:27,40.62,7400,40.61,U
sh600584,长电科技,2025-10-24 09:59:33,40.61,7200,40.61,D
sh600584,长电科技,2025-10-24 09:59:36,40.62,17000,40.61,U
sh600584,长电科技,2025-10-24 09:59:39,40.63,7700,40.62,U
sh600584,长电科技,2025-10-24 09:59:45,40.62,28700,40.63,D
sh600584,长电科技,2025-10-24 09:59:48,40.61,19600,40.62,D
sh600584,长电科技,2025-10-24 09:59:51,40.62,10000,40.61,U
sh600584,长电科技,2025-10-24 09:59:54,40.63,26600,40.62,U
sh600584,长电科技,2025-10-24 09:59:57,40.62,6700,40.63,U
sh600584,长电科技,2025-10-24 10:00:00,40.62,11500,40.62,U
sh600584,长电科技,2025-10-24 10:00:07,40.62,12900,40.62,D
sh600584,长电科技,2025-10-24 10:00:09,40.63,20300,40.62,U
sh600584,长电科技,2025-10-24 10:00:12,40.62,16000,40.63,D
sh600584,长电科技,2025-10-24 10:00:15,40.62,11800,40.62,U
sh600584,长电科技,2025-10-24 10:00:18,40.62,28300,40.62,U
sh600584,长电科技,2025-10-24 10:00:21,40.62,14000,40.62,U
sh600584,长电科技,2025-10-24 10:00:24,40.62,21600,40.62,U
sh600584,长电科技,2025-10-24 10:00:27,40.62,26100,40.62,D
sh600584,长电科技,2025-10-24 10:00:30,40.62,16600,40.62,U
sh600584,长电科技,2025-10-24 10:00:33,40.63,32800,40.62,U
sh600584,长电科技,2025-10-24 10:00:36,40.62,103200,40.63,D
sh600584,长电科技,2025-10-24 10:00:42,40.62,21000,40.62,U
sh600584,长电科技,2025-10-24 10:00:45,40.6,5300,40.62,D
sh600584,长电科技,2025-10-24 10:00:48,40.6,8900,40.6,D
sh600584,长电科技,2025-10-24 10:00:51,40.61,23700,40.6,U
sh600584,长电科技,2025-10-24 10:00:54,40.59,15500,40.61,D
sh600584,长电科技,2025-10-24 10:00:57,40.6,6500,40.59,U
sh600584,长电科技,2025-10-24 10:01:00,40.59,7200,40.6,D
sh600584,长电科技,2025-10-24 10:01:03,40.59,16100,40.59,U
sh600584,长电科技,2025-10-24 10:01:06,40.58,5700,40.59,D
sh600584,长电科技,2025-10-24 10:01:09,40.58,8900,40.58,D
sh600584,长电科技,2025-10-24 10:01:12,40.58,5000,40.58,U
sh600584,长电科技,2025-10-24 10:01:15,40.57,5600,40.58,D
sh600584,长电科技,2025-10-24 10:01:21,40.56,7100,40.56,D
sh600584,长电科技,2025-10-24 10:01:24,40.54,57300,40.56,D
sh600584,长电科技,2025-10-24 10:01:30,40.54,13300,40.56,D
sh600584,长电科技,2025-10-24 10:01:36,40.59,119800,40.54,U
sh600584,长电科技,2025-10-24 10:01:39,40.58,16400,40.59,E
sh600584,长电科技,2025-10-24 10:01:42,40.6,11100,40.58,U
sh600584,长电科技,2025-10-24 10:01:45,40.59,44800,40.6,D
sh600584,长电科技,2025-10-24 10:01:48,40.61,9500,40.59,E
sh600584,长电科技,2025-10-24 10:01:51,40.64,130900,40.61,U
sh600584,长电科技,2025-10-24 10:01:55,40.62,18300,40.64,D
sh600584,长电科技,2025-10-24 10:01:57,40.65,5900,40.62,U
sh600584,长电科技,2025-10-24 10:02:03,40.64,46200,40.64,U
sh600584,长电科技,2025-10-24 10:02:06,40.63,14200,40.64,D
sh600584,长电科技,2025-10-24 10:02:09,40.64,10000,40.63,U
sh600584,长电科技,2025-10-24 10:02:12,40.64,14000,40.64,U
sh600584,长电科技,2025-10-24 10:02:15,40.63,11800,40.64,D
sh600584,长电科技,2025-10-24 10:02:18,40.68,329250,40.63,U
sh600584,长电科技,2025-10-24 10:02:21,40.68,8800,40.68,U
sh600584,长电科技,2025-10-24 10:02:27,40.67,20900,40.67,D
sh600584,长电科技,2025-10-24 10:02:30,40.68,30400,40.67,U
sh600584,长电科技,2025-10-24 10:02:33,40.68,13300,40.68,D
sh600584,长电科技,2025-10-24 10:02:36,40.68,10000,40.68,D
sh600584,长电科技,2025-10-24 10:02:39,40.69,9600,40.68,U
sh600584,长电科技,2025-10-24 10:02:42,40.69,26500,40.69,U
sh600584,长电科技,2025-10-24 10:02:45,40.69,22300,40.69,U
sh600584,长电科技,2025-10-24 10:02:48,40.68,37400,40.69,D
sh600584,长电科技,2025-10-24 10:02:51,40.7,15100,40.68,U
sh600584,长电科技,2025-10-24 10:02:54,40.69,13900,40.7,D
sh600584,长电科技,2025-10-24 10:02:57,40.7,27600,40.69,U
sh600584,长电科技,2025-10-24 10:03:00,40.7,30700,40.7,U
sh600584,长电科技,2025-10-24 10:03:03,40.69,52400,40.7,D
sh600584,长电科技,2025-10-24 10:03:06,40.7,99900,40.69,U
sh600584,长电科技,2025-10-24 10:03:09,40.7,10300,40.7,U
sh600584,长电科技,2025-10-24 10:03:12,40.7,23200,40.7,U
sh600584,长电科技,2025-10-24 10:03:15,40.7,32900,40.7,U
sh600584,长电科技,2025-10-24 10:03:18,40.7,42400,40.7,U
sh600584,长电科技,2025-10-24 10:03:21,40.7,50100,40.7,U
sh600584,长电科技,2025-10-24 10:03:24,40.7,15500,40.7,U
sh600584,长电科技,2025-10-24 10:03:27,40.7,11500,40.7,U
sh600584,长电科技,2025-10-24 10:03:30,40.7,11400,40.7,U
sh600584,长电科技,2025-10-24 10:03:33,40.7,26600,40.7,U
sh600584,长电科技,2025-10-24 10:03:36,40.7,14400,40.7,U
sh600584,长电科技,2025-10-24 10:03:39,40.7,16300,40.7,U
sh600584,长电科技,2025-10-24 10:03:42,40.67,84500,40.7,D
sh600584,长电科技,2025-10-24 10:03:45,40.68,13800,40.67,U
sh600584,长电科技,2025-10-24 10:03:48,40.68,14800,40.68,U
sh600584,长电科技,2025-10-24 10:03:51,40.68,14500,40.68,U
sh600584,长电科技,2025-10-24 10:03:54,40.69,9600,40.68,U
sh600584,长电科技,2025-10-24 10:03:57,40.69,14500,40.69,D
sh600584,长电科技,2025-10-24 10:04:00,40.7,8300,40.69,U
sh600584,长电科技,2025-10-24 10:04:03,40.69,7600,40.7,D
sh600584,长电科技,2025-10-24 10:04:06,40.7,5400,40.69,U
sh600584,长电科技,2025-10-24 10:04:09,40.73,172300,40.7,U
sh600584,长电科技,2025-10-24 10:04:12,40.74,152700,40.73,U
sh600584,长电科技,2025-10-24 10:04:15,40.75,16300,40.74,U
sh600584,长电科技,2025-10-24 10:04:18,40.75,31300,40.75,U
sh600584,长电科技,2025-10-24 10:04:21,40.72,68100,40.75,D
sh600584,长电科技,2025-10-24 10:04:24,40.72,14200,40.72,U
sh600584,长电科技,2025-10-24 10:04:27,40.7,21200,40.72,D
sh600584,长电科技,2025-10-24 10:04:30,40.74,7500,40.7,U
sh600584,长电科技,2025-10-24 10:04:33,40.7,96500,40.74,D
sh600584,长电科技,2025-10-24 10:04:36,40.7,16500,40.7,U
sh600584,长电科技,2025-10-24 10:04:39,40.7,58800,40.7,U
sh600584,长电科技,2025-10-24 10:04:42,40.69,67500,40.7,D
sh600584,长电科技,2025-10-24 10:04:45,40.7,13500,40.69,U
sh600584,长电科技,2025-10-24 10:04:48,40.69,37100,40.7,U
sh600584,长电科技,2025-10-24 10:04:51,40.7,26000,40.69,U
sh600584,长电科技,2025-10-24 10:04:54,40.69,11100,40.7,D
sh600584,长电科技,2025-10-24 10:04:57,40.69,12400,40.69,D
sh600584,长电科技,2025-10-24 10:05:00,40.7,60800,40.69,U
sh600584,长电科技,2025-10-24 10:05:03,40.71,52000,40.7,U
sh600584,长电科技,2025-10-24 10:05:06,40.74,32300,40.71,U
sh600584,长电科技,2025-10-24 10:05:09,40.73,35400,40.74,D
sh600584,长电科技,2025-10-24 10:05:12,40.73,7400,40.73,U
sh600584,长电科技,2025-10-24 10:05:15,40.73,19900,40.73,U
sh600584,长电科技,2025-10-24 10:05:18,40.74,16400,40.73,U
sh600584,长电科技,2025-10-24 10:05:21,40.74,23800,40.74,D
sh600584,长电科技,2025-10-24 10:05:24,40.74,21800,40.74,U
sh600584,长电科技,2025-10-24 10:05:27,40.74,44800,40.74,U
sh600584,长电科技,2025-10-24 10:05:30,40.74,18000,40.74,U
sh600584,长电科技,2025-10-24 10:05:33,40.73,37300,40.74,E
sh600584,长电科技,2025-10-24 10:05:36,40.74,21600,40.73,U
sh600584,长电科技,2025-10-24 10:05:39,40.73,6700,40.74,D
sh600584,长电科技,2025-10-24 10:05:42,40.74,21300,40.73,U
sh600584,长电科技,2025-10-24 10:05:45,40.74,8000,40.74,U
sh600584,长电科技,2025-10-24 10:05:48,40.75,32400,40.74,U
sh600584,长电科技,2025-10-24 10:05:51,40.73,163200,40.75,D
sh600584,长电科技,2025-10-24 10:05:54,40.75,10400,40.73,U
sh600584,长电科技,2025-10-24 10:05:57,40.74,10600,40.75,D
sh600584,长电科技,2025-10-24 10:06:00,40.73,28000,40.74,D
sh600584,长电科技,2025-10-24 10:06:03,40.73,12400,40.73,U
sh600584,长电科技,2025-10-24 10:06:06,40.73,39100,40.73,U
sh600584,长电科技,2025-10-24 10:06:09,40.73,13292,40.73,U
sh600584,长电科技,2025-10-24 10:06:12,40.72,55308,40.73,D
sh600584,长电科技,2025-10-24 10:06:15,40.72,22000,40.72,U
sh600584,长电科技,2025-10-24 10:06:18,40.72,27800,40.72,U
sh600584,长电科技,2025-10-24 10:06:21,40.71,14800,40.72,D
sh600584,长电科技,2025-10-24 10:06:24,40.72,9900,40.71,E
sh600584,长电科技,2025-10-24 10:06:27,40.73,14200,40.72,U
sh600584,长电科技,2025-10-24 10:06:30,40.72,11800,40.73,D
sh600584,长电科技,2025-10-24 10:06:33,40.73,36992,40.72,U
sh600584,长电科技,2025-10-24 10:06:36,40.73,6900,40.73,D
sh600584,长电科技,2025-10-24 10:06:39,40.74,13400,40.73,U
sh600584,长电科技,2025-10-24 10:06:42,40.73,14500,40.74,D
sh600584,长电科技,2025-10-24 10:06:45,40.73,12500,40.73,D
sh600584,长电科技,2025-10-24 10:06:48,40.74,7800,40.73,U
sh600584,长电科技,2025-10-24 10:06:51,40.74,44100,40.74,U
sh600584,长电科技,2025-10-24 10:06:54,40.74,18800,40.74,D
sh600584,长电科技,2025-10-24 10:06:57,40.75,21700,40.74,U
sh600584,长电科技,2025-10-24 10:07:00,40.75,8300,40.75,U
sh600584,长电科技,2025-10-24 10:07:03,40.74,42800,40.75,D
sh600584,长电科技,2025-10-24 10:07:06,40.74,43000,40.74,D
sh600584,长电科技,2025-10-24 10:07:09,40.74,12300,40.74,U
sh600584,长电科技,2025-10-24 10:07:15,40.75,14700,40.74,U
sh600584,长电科技,2025-10-24 10:07:18,40.75,44900,40.75,U
sh600584,长电科技,2025-10-24 10:07:21,40.76,9700,40.75,U
sh600584,长电科技,2025-10-24 10:07:24,40.75,22400,40.76,D
sh600584,长电科技,2025-10-24 10:07:27,40.75,6300,40.75,D
sh600584,长电科技,2025-10-24 10:07:30,40.75,24200,40.75,D
sh600584,长电科技,2025-10-24 10:07:33,40.76,9200,40.75,U
sh600584,长电科技,2025-10-24 10:07:36,40.76,30713,40.76,U
sh600584,长电科技,2025-10-24 10:07:39,40.76,12700,40.76,D
sh600584,长电科技,2025-10-24 10:07:45,40.77,12900,40.77,U
sh600584,长电科技,2025-10-24 10:07:48,40.77,21800,40.77,U
sh600584,长电科技,2025-10-24 10:07:51,40.76,20000,40.77,D
sh600584,长电科技,2025-10-24 10:07:54,40.77,15200,40.76,U
sh600584,长电科技,2025-10-24 10:07:57,40.77,26700,40.77,U
sh600584,长电科技,2025-10-24 10:08:00,40.77,12200,40.77,U
sh600584,长电科技,2025-10-24 10:08:03,40.77,33200,40.77,U
sh600584,长电科技,2025-10-24 10:08:06,40.77,43900,40.77,U
sh600584,长电科技,2025-10-24 10:08:09,40.77,22200,40.77,D
sh600584,长电科技,2025-10-24 10:08:12,40.78,28900,40.77,U
sh600584,长电科技,2025-10-24 10:08:18,40.79,67900,40.77,U
sh600584,长电科技,2025-10-24 10:08:21,40.78,14800,40.79,D
sh600584,长电科技,2025-10-24 10:08:27,40.78,18600,40.79,D
sh600584,长电科技,2025-10-24 10:08:30,40.78,30000,40.78,D
sh600584,长电科技,2025-10-24 10:08:33,40.79,79700,40.78,U
sh600584,长电科技,2025-10-24 10:08:36,40.79,56400,40.79,D
sh600584,长电科技,2025-10-24 10:08:39,40.79,12700,40.79,D
sh600584,长电科技,2025-10-24 10:08:42,40.8,21400,40.79,U
sh600584,长电科技,2025-10-24 10:08:45,40.8,39900,40.8,U
sh600584,长电科技,2025-10-24 10:08:48,40.79,29300,40.8,D
sh600584,长电科技,2025-10-24 10:08:51,40.79,28100,40.79,U
sh600584,长电科技,2025-10-24 10:08:54,40.8,10400,40.79,U
sh600584,长电科技,2025-10-24 10:08:57,40.8,260400,40.8,U
sh600584,长电科技,2025-10-24 10:09:00,40.81,35100,40.8,U
sh600584,长电科技,2025-10-24 10:09:03,40.82,32900,40.81,U
sh600584,长电科技,2025-10-24 10:09:06,40.82,20000,40.82,D
sh600584,长电科技,2025-10-24 10:09:09,40.84,27800,40.82,U
sh600584,长电科技,2025-10-24 10:09:12,40.85,23500,40.84,U
sh600584,长电科技,2025-10-24 10:09:18,40.85,80300,40.85,U
sh600584,长电科技,2025-10-24 10:09:21,40.85,18600,40.85,D
sh600584,长电科技,2025-10-24 10:09:24,40.85,53600,40.85,D
sh600584,长电科技,2025-10-24 10:09:27,40.85,96500,40.85,U
sh600584,长电科技,2025-10-24 10:09:30,40.84,46500,40.85,D
sh600584,长电科技,2025-10-24 10:09:33,40.85,20800,40.84,U
sh600584,长电科技,2025-10-24 10:09:36,40.84,34800,40.85,D
sh600584,长电科技,2025-10-24 10:09:39,40.85,13000,40.84,U
sh600584,长电科技,2025-10-24 10:09:42,40.85,16700,40.85,D
sh600584,长电科技,2025-10-24 10:09:45,40.87,161100,40.85,U
sh600584,长电科技,2025-10-24 10:09:48,40.86,12800,40.87,D
sh600584,长电科技,2025-10-24 10:09:51,40.89,28100,40.86,U
sh600584,长电科技,2025-10-24 10:09:54,40.89,8500,40.89,U
sh600584,长电科技,2025-10-24 10:09:57,40.89,31800,40.89,U
sh600584,长电科技,2025-10-24 10:10:00,40.89,27200,40.89,U
sh600584,长电科技,2025-10-24 10:10:03,40.9,41900,40.89,U
sh600584,长电科技,2025-10-24 10:10:06,40.9,198800,40.9,U
sh600584,长电科技,2025-10-24 10:10:09,40.9,14800,40.9,D
sh600584,长电科技,2025-10-24 10:10:12,40.9,28200,40.9,D
sh600584,长电科技,2025-10-24 10:10:15,40.92,15000,40.9,U
sh600584,长电科技,2025-10-24 10:10:18,40.91,8700,40.92,D
sh600584,长电科技,2025-10-24 10:10:21,40.92,22700,40.91,U
sh600584,长电科技,2025-10-24 10:10:24,40.92,87200,40.92,D
sh600584,长电科技,2025-10-24 10:10:28,40.92,98100,40.92,U
sh600584,长电科技,2025-10-24 10:10:30,40.92,53400,40.92,U
sh600584,长电科技,2025-10-24 10:10:33,40.89,93800,40.92,D
sh600584,长电科技,2025-10-24 10:10:36,40.91,38200,40.89,E
sh600584,长电科技,2025-10-24 10:10:39,40.92,9700,40.91,E
sh600584,长电科技,2025-10-24 10:10:42,40.92,23800,40.92,U
sh600584,长电科技,2025-10-24 10:10:45,40.92,19300,40.92,D
sh600584,长电科技,2025-10-24 10:10:48,40.93,28900,40.92,U
sh600584,长电科技,2025-10-24 10:10:51,40.93,15300,40.93,D
sh600584,长电科技,2025-10-24 10:10:54,40.94,34000,40.93,U
sh600584,长电科技,2025-10-24 10:10:57,40.94,28600,40.94,U
sh600584,长电科技,2025-10-24 10:11:00,40.98,288500,40.94,U
sh600584,长电科技,2025-10-24 10:11:03,41.06,884800,40.98,U
sh600584,长电科技,2025-10-24 10:11:06,41.06,60000,41.06,U
sh600584,长电科技,2025-10-24 10:11:09,41.08,38700,41.06,U
sh600584,长电科技,2025-10-24 10:11:12,41.07,50100,41.08,D
sh600584,长电科技,2025-10-24 10:11:15,41.08,70900,41.07,U
sh600584,长电科技,2025-10-24 10:11:18,41.06,40900,41.08,E
sh600584,长电科技,2025-10-24 10:11:21,41.01,123500,41.06,D
sh600584,长电科技,2025-10-24 10:11:24,41.0,71600,41.01,D
sh600584,长电科技,2025-10-24 10:11:27,41.05,45800,41.0,U
sh600584,长电科技,2025-10-24 10:11:30,41.05,27600,41.05,U
sh600584,长电科技,2025-10-24 10:11:33,41.03,39900,41.05,D
sh600584,长电科技,2025-10-24 10:11:36,41.03,132700,41.03,D
sh600584,长电科技,2025-10-24 10:11:39,41.05,58700,41.03,U
sh600584,长电科技,2025-10-24 10:11:42,41.03,52500,41.05,D
sh600584,长电科技,2025-10-24 10:11:45,41.05,19900,41.03,U
sh600584,长电科技,2025-10-24 10:11:48,41.07,74100,41.05,U
sh600584,长电科技,2025-10-24 10:11:51,41.07,29700,41.07,U
sh600584,长电科技,2025-10-24 10:11:54,41.09,64900,41.07,U
sh600584,长电科技,2025-10-24 10:11:57,41.09,97500,41.09,E
sh600584,长电科技,2025-10-24 10:12:00,41.09,36800,41.09,U
sh600584,长电科技,2025-10-24 10:12:03,41.08,63100,41.09,D
sh600584,长电科技,2025-10-24 10:12:06,41.03,122600,41.08,D
sh600584,长电科技,2025-10-24 10:12:09,41.01,79400,41.03,D
sh600584,长电科技,2025-10-24 10:12:12,40.99,30800,41.01,D
sh600584,长电科技,2025-10-24 10:12:15,40.99,52400,40.99,U
sh600584,长电科技,2025-10-24 10:12:18,40.99,48600,40.99,U
sh600584,长电科技,2025-10-24 10:12:21,40.98,28900,40.99,D
sh600584,长电科技,2025-10-24 10:12:24,40.99,27400,40.98,U
sh600584,长电科技,2025-10-24 10:12:27,41.02,65700,40.99,U
sh600584,长电科技,2025-10-24 10:12:30,41.03,61400,41.02,E
sh600584,长电科技,2025-10-24 10:12:33,41.03,31600,41.03,U
sh600584,长电科技,2025-10-24 10:12:36,41.03,21700,41.03,E
sh600584,长电科技,2025-10-24 10:12:39,41.04,36600,41.03,U
sh600584,长电科技,2025-10-24 10:12:42,41.03,37700,41.04,D
sh600584,长电科技,2025-10-24 10:12:45,41.03,31100,41.03,E
sh600584,长电科技,2025-10-24 10:12:48,41.03,21600,41.03,D
sh600584,长电科技,2025-10-24 10:12:51,41.02,71700,41.03,D
sh600584,长电科技,2025-10-24 10:12:54,41.01,29800,41.02,D
sh600584,长电科技,2025-10-24 10:12:57,41.01,10100,41.01,D
sh600584,长电科技,2025-10-24 10:13:00,41.01,20700,41.01,U
sh600584,长电科技,2025-10-24 10:13:03,41.01,75400,41.01,U
sh600584,长电科技,2025-10-24 10:13:06,41.0,118100,41.01,D
sh600584,长电科技,2025-10-24 10:13:09,41.0,10600,41.0,D
sh600584,长电科技,2025-10-24 10:13:12,40.98,82000,41.0,D
sh600584,长电科技,2025-10-24 10:13:15,40.98,20500,40.98,E
sh600584,长电科技,2025-10-24 10:13:18,40.96,14300,40.98,D
sh600584,长电科技,2025-10-24 10:13:21,40.95,17400,40.96,D
sh600584,长电科技,2025-10-24 10:13:24,40.94,12800,40.95,D
sh600584,长电科技,2025-10-24 10:13:27,40.94,37400,40.94,D
sh600584,长电科技,2025-10-24 10:13:30,40.94,15500,40.94,D
sh600584,长电科技,2025-10-24 10:13:33,40.93,81012,40.94,D
sh600584,长电科技,2025-10-24 10:13:36,40.92,31500,40.93,D
sh600584,长电科技,2025-10-24 10:13:39,40.92,9388,40.92,D
sh600584,长电科技,2025-10-24 10:13:42,40.92,16500,40.92,U
sh600584,长电科技,2025-10-24 10:13:45,40.93,41200,40.92,U
sh600584,长电科技,2025-10-24 10:13:48,40.9,40800,40.93,D
sh600584,长电科技,2025-10-24 10:13:51,40.91,13200,40.9,U
sh600584,长电科技,2025-10-24 10:13:54,40.91,43300,40.91,U
sh600584,长电科技,2025-10-24 10:13:57,40.92,9500,40.91,U
sh600584,长电科技,2025-10-24 10:14:00,40.92,20300,40.92,U
sh600584,长电科技,2025-10-24 10:14:03,40.92,25500,40.92,U
sh600584,长电科技,2025-10-24 10:14:06,40.92,28300,40.92,U
sh600584,长电科技,2025-10-24 10:14:09,40.91,31900,40.92,D
sh600584,长电科技,2025-10-24 10:14:12,40.91,15100,40.91,D
sh600584,长电科技,2025-10-24 10:14:15,40.91,25000,40.91,U
sh600584,长电科技,2025-10-24 10:14:18,40.92,23800,40.91,E
sh600584,长电科技,2025-10-24 10:14:21,40.91,21700,40.92,D
sh600584,长电科技,2025-10-24 10:14:24,40.93,77700,40.91,U
sh600584,长电科技,2025-10-24 10:14:27,40.92,7600,40.93,U
sh600584,长电科技,2025-10-24 10:14:30,40.91,16000,40.92,D
sh600584,长电科技,2025-10-24 10:14:33,40.91,19600,40.91,D
sh600584,长电科技,2025-10-24 10:14:36,40.92,13300,40.91,U
sh600584,长电科技,2025-10-24 10:14:39,40.91,26800,40.92,D
sh600584,长电科技,2025-10-24 10:14:42,40.92,14400,40.91,U
sh600584,长电科技,2025-10-24 10:14:45,40.91,12500,40.92,D
sh600584,长电科技,2025-10-24 10:14:48,40.91,22600,40.91,D
sh600584,长电科技,2025-10-24 10:14:51,40.91,9300,40.91,U
sh600584,长电科技,2025-10-24 10:14:54,40.91,11500,40.91,U
sh600584,长电科技,2025-10-24 10:14:57,40.9,23400,40.91,D
sh600584,长电科技,2025-10-24 10:15:00,40.9,22400,40.9,D
sh600584,长电科技,2025-10-24 10:15:03,40.9,44200,40.9,D
sh600584,长电科技,2025-10-24 10:15:06,40.9,22200,40.9,D
sh600584,长电科技,2025-10-24 10:15:09,40.9,36400,40.9,D
sh600584,长电科技,2025-10-24 10:15:12,40.94,71800,40.9,U
sh600584,长电科技,2025-10-24 10:15:15,40.91,20900,40.94,D
sh600584,长电科技,2025-10-24 10:15:18,40.94,26100,40.91,U
sh600584,长电科技,2025-10-24 10:15:21,40.94,7600,40.94,D
sh600584,长电科技,2025-10-24 10:15:24,40.91,41900,40.94,D
sh600584,长电科技,2025-10-24 10:15:27,40.92,9300,40.91,U
sh600584,长电科技,2025-10-24 10:15:30,40.9,51700,40.92,D
sh600584,长电科技,2025-10-24 10:15:33,40.86,183700,40.9,D
sh600584,长电科技,2025-10-24 10:15:36,40.85,10100,40.86,D
sh600584,长电科技,2025-10-24 10:15:39,40.84,7200,40.85,D
sh600584,长电科技,2025-10-24 10:15:42,40.84,10400,40.84,D
sh600584,长电科技,2025-10-24 10:15:45,40.82,15900,40.84,D
sh600584,长电科技,2025-10-24 10:15:48,40.81,25800,40.82,D
sh600584,长电科技,2025-10-24 10:15:51,40.79,82400,40.81,D
sh600584,长电科技,2025-10-24 10:15:57,40.77,24200,40.78,D
sh600584,长电科技,2025-10-24 10:16:00,40.77,11800,40.77,D
sh600584,长电科技,2025-10-24 10:16:03,40.77,13600,40.77,D
sh600584,长电科技,2025-10-24 10:16:06,40.78,40700,40.77,U
sh600584,长电科技,2025-10-24 10:16:09,40.8,38600,40.78,E
sh600584,长电科技,2025-10-24 10:16:12,40.86,31300,40.8,U
sh600584,长电科技,2025-10-24 10:16:18,40.9,6200,40.86,U
sh600584,长电科技,2025-10-24 10:16:21,40.9,16100,40.9,U
sh600584,长电科技,2025-10-24 10:16:24,40.87,10500,40.9,D
sh600584,长电科技,2025-10-24 10:16:27,40.91,11200,40.87,U
sh600584,长电科技,2025-10-24 10:16:30,40.88,14700,40.91,D
sh600584,长电科技,2025-10-24 10:16:33,40.88,13400,40.88,U
sh600584,长电科技,2025-10-24 10:16:36,40.88,17000,40.88,U
sh600584,长电科技,2025-10-24 10:16:39,40.89,13100,40.88,U
sh600584,长电科技,2025-10-24 10:16:42,40.88,34100,40.89,D
sh600584,长电科技,2025-10-24 10:16:45,40.88,13200,40.88,U
sh600584,长电科技,2025-10-24 10:16:48,40.9,26000,40.88,U
sh600584,长电科技,2025-10-24 10:16:51,40.88,15400,40.9,D
sh600584,长电科技,2025-10-24 10:16:54,40.88,31600,40.88,U
sh600584,长电科技,2025-10-24 10:16:57,40.87,10700,40.88,E
sh600584,长电科技,2025-10-24 10:17:00,40.86,16700,40.87,D
sh600584,长电科技,2025-10-24 10:17:03,40.86,12100,40.86,D
sh600584,长电科技,2025-10-24 10:17:06,40.85,5800,40.86,D
sh600584,长电科技,2025-10-24 10:17:09,40.86,14600,40.85,U
sh600584,长电科技,2025-10-24 10:17:12,40.85,14900,40.86,D
sh600584,长电科技,2025-10-24 10:17:15,40.86,14400,40.85,E
sh600584,长电科技,2025-10-24 10:17:18,40.85,10100,40.86,U
sh600584,长电科技,2025-10-24 10:17:21,40.85,13400,40.85,U
sh600584,长电科技,2025-10-24 10:17:24,40.85,18500,40.85,U
sh600584,长电科技,2025-10-24 10:17:27,40.84,5300,40.85,U
sh600584,长电科技,2025-10-24 10:17:30,40.86,17000,40.84,U
sh600584,长电科技,2025-10-24 10:17:36,40.85,10900,40.85,U
sh600584,长电科技,2025-10-24 10:17:39,40.83,53700,40.85,D
sh600584,长电科技,2025-10-24 10:17:42,40.85,21700,40.83,U
sh600584,长电科技,2025-10-24 10:17:45,40.83,6000,40.85,D
sh600584,长电科技,2025-10-24 10:17:57,40.83,13400,40.84,D
sh600584,长电科技,2025-10-24 10:18:00,40.85,27500,40.83,U
sh600584,长电科技,2025-10-24 10:18:03,40.86,10000,40.85,U
sh600584,长电科技,2025-10-24 10:18:09,40.86,16096,40.84,U
sh600584,长电科技,2025-10-24 10:18:12,40.85,7000,40.86,D
sh600584,长电科技,2025-10-24 10:18:15,40.85,17700,40.85,U
sh600584,长电科技,2025-10-24 10:18:18,40.85,7500,40.85,U
sh600584,长电科技,2025-10-24 10:18:21,40.86,33300,40.85,U
sh600584,长电科技,2025-10-24 10:18:30,40.86,9000,40.86,U
sh600584,长电科技,2025-10-24 10:18:36,40.86,8800,40.86,D
sh600584,长电科技,2025-10-24 10:18:39,40.87,13500,40.86,U
sh600584,长电科技,2025-10-24 10:18:42,40.86,17600,40.87,D
sh600584,长电科技,2025-10-24 10:18:51,40.88,12600,40.88,U
sh600584,长电科技,2025-10-24 10:18:54,40.89,34800,40.88,U
sh600584,长电科技,2025-10-24 10:18:57,40.89,5100,40.89,U
sh600584,长电科技,2025-10-24 10:19:03,40.89,16900,40.89,U
sh600584,长电科技,2025-10-24 10:19:06,40.89,116600,40.89,D
sh600584,长电科技,2025-10-24 10:19:09,40.89,5300,40.89,U
sh600584,长电科技,2025-10-24 10:19:12,40.89,30300,40.89,D
sh600584,长电科技,2025-10-24 10:19:15,40.9,18200,40.89,U
sh600584,长电科技,2025-10-24 10:19:21,40.9,6500,40.92,D
sh600584,长电科技,2025-10-24 10:19:24,40.91,11200,40.9,U
sh600584,长电科技,2025-10-24 10:19:27,40.91,16600,40.91,U
sh600584,长电科技,2025-10-24 10:19:30,40.92,10000,40.91,U
sh600584,长电科技,2025-10-24 10:19:33,40.92,6700,40.92,U
sh600584,长电科技,2025-10-24 10:19:36,40.92,21600,40.92,U
sh600584,长电科技,2025-10-24 10:19:39,40.92,29400,40.92,D
sh600584,长电科技,2025-10-24 10:19:45,40.92,17500,40.93,D
sh600584,长电科技,2025-10-24 10:19:51,40.93,14700,40.93,U
sh600584,长电科技,2025-10-24 10:19:54,40.93,18100,40.93,U
sh600584,长电科技,2025-10-24 10:19:57,40.93,15600,40.93,U
sh600584,长电科技,2025-10-24 10:20:00,40.93,5600,40.93,U
sh600584,长电科技,2025-10-24 10:20:03,40.93,12400,40.93,U
sh600584,长电科技,2025-10-24 10:20:06,40.92,18300,40.93,D
sh600584,长电科技,2025-10-24 10:20:09,40.92,15700,40.92,D
sh600584,长电科技,2025-10-24 10:20:12,40.91,18000,40.92,D
sh600584,长电科技,2025-10-24 10:20:15,40.89,183800,40.91,D
sh600584,长电科技,2025-10-24 10:20:18,40.88,5400,40.89,D
sh600584,长电科技,2025-10-24 10:20:21,40.91,20300,40.88,U
sh600584,长电科技,2025-10-24 10:20:24,40.87,8200,40.91,D
sh600584,长电科技,2025-10-24 10:20:27,40.88,7100,40.87,U
sh600584,长电科技,2025-10-24 10:20:30,40.85,36400,40.88,D
sh600584,长电科技,2025-10-24 10:20:36,40.87,20600,40.85,U
sh600584,长电科技,2025-10-24 10:20:39,40.86,5500,40.87,E
sh600584,长电科技,2025-10-24 10:20:42,40.86,11400,40.86,E
sh600584,长电科技,2025-10-24 10:20:45,40.86,12000,40.86,D
sh600584,长电科技,2025-10-24 10:20:48,40.87,17200,40.86,U
sh600584,长电科技,2025-10-24 10:20:51,40.86,5200,40.87,D
sh600584,长电科技,2025-10-24 10:20:54,40.86,5800,40.86,D
sh600584,长电科技,2025-10-24 10:20:57,40.86,6700,40.86,U
sh600584,长电科技,2025-10-24 10:21:00,40.86,11000,40.86,U
sh600584,长电科技,2025-10-24 10:21:03,40.86,13500,40.86,U
sh600584,长电科技,2025-10-24 10:21:06,40.86,5400,40.86,D
sh600584,长电科技,2025-10-24 10:21:09,40.86,11100,40.86,D
sh600584,长电科技,2025-10-24 10:21:12,40.86,11200,40.86,D
sh600584,长电科技,2025-10-24 10:21:15,40.86,10800,40.86,D
sh600584,长电科技,2025-10-24 10:21:27,40.87,5500,40.85,U
sh600584,长电科技,2025-10-24 10:21:30,40.85,5100,40.87,D
sh600584,长电科技,2025-10-24 10:21:33,40.86,10900,40.85,U
sh600584,长电科技,2025-10-24 10:21:36,40.86,29400,40.86,D
sh600584,长电科技,2025-10-24 10:21:39,40.86,10300,40.86,D
sh600584,长电科技,2025-10-24 10:21:42,40.86,7700,40.86,D
sh600584,长电科技,2025-10-24 10:21:45,40.87,9400,40.86,U
sh600584,长电科技,2025-10-24 10:21:48,40.86,9100,40.87,D
sh600584,长电科技,2025-10-24 10:21:51,40.85,5900,40.86,D
sh600584,长电科技,2025-10-24 10:21:54,40.85,39700,40.85,D
sh600584,长电科技,2025-10-24 10:22:00,40.84,5300,40.85,D
sh600584,长电科技,2025-10-24 10:22:03,40.84,83100,40.84,D
sh600584,长电科技,2025-10-24 10:22:09,40.83,5500,40.84,D
sh600584,长电科技,2025-10-24 10:22:15,40.83,12800,40.83,U
sh600584,长电科技,2025-10-24 10:22:18,40.83,8200,40.83,D
sh600584,长电科技,2025-10-24 10:22:24,40.84,5600,40.84,D
sh600584,长电科技,2025-10-24 10:22:27,40.84,14100,40.84,D
sh600584,长电科技,2025-10-24 10:22:33,40.82,51800,40.85,D
sh600584,长电科技,2025-10-24 10:22:45,40.83,9500,40.84,E
sh600584,长电科技,2025-10-24 10:22:48,40.82,5600,40.83,D
sh600584,长电科技,2025-10-24 10:22:51,40.83,10100,40.82,U
sh600584,长电科技,2025-10-24 10:22:54,40.83,12300,40.83,U
sh600584,长电科技,2025-10-24 10:22:57,40.82,26300,40.83,D
sh600584,长电科技,2025-10-24 10:23:06,40.82,10100,40.82,U
sh600584,长电科技,2025-10-24 10:23:09,40.82,38104,40.82,U
sh600584,长电科技,2025-10-24 10:23:12,40.82,4996,40.82,U
sh600584,长电科技,2025-10-24 10:23:27,40.81,16800,40.81,D
sh600584,长电科技,2025-10-24 10:23:30,40.81,20400,40.81,D
sh600584,长电科技,2025-10-24 10:23:33,40.81,8100,40.81,U
sh600584,长电科技,2025-10-24 10:23:42,40.85,41700,40.82,U
sh600584,长电科技,2025-10-24 10:23:45,40.82,7500,40.85,D
sh600584,长电科技,2025-10-24 10:23:48,40.85,15500,40.82,U
sh600584,长电科技,2025-10-24 10:23:51,40.85,5800,40.85,D
sh600584,长电科技,2025-10-24 10:24:00,40.86,11000,40.85,U
sh600584,长电科技,2025-10-24 10:24:03,40.85,11000,40.86,D
sh600584,长电科技,2025-10-24 10:24:06,40.85,5100,40.85,U
sh600584,长电科技,2025-10-24 10:24:24,40.83,14900,40.83,D
sh600584,长电科技,2025-10-24 10:24:27,40.83,7000,40.83,U
sh600584,长电科技,2025-10-24 10:24:30,40.84,7600,40.83,U
sh600584,长电科技,2025-10-24 10:24:33,40.84,29000,40.84,U
sh600584,长电科技,2025-10-24 10:24:36,40.84,4900,40.84,D
sh600584,长电科技,2025-10-24 10:24:48,40.83,18100,40.83,D
sh600584,长电科技,2025-10-24 10:24:51,40.82,4900,40.83,D
sh600584,长电科技,2025-10-24 10:24:54,40.82,11400,40.82,D
sh600584,长电科技,2025-10-24 10:24:57,40.82,29100,40.82,D
sh600584,长电科技,2025-10-24 10:25:00,40.83,5300,40.82,U
sh600584,长电科技,2025-10-24 10:25:03,40.82,5900,40.83,D
sh600584,长电科技,2025-10-24 10:25:09,40.82,19200,40.82,D
sh600584,长电科技,2025-10-24 10:25:12,40.82,24200,40.82,D
sh600584,长电科技,2025-10-24 10:25:15,40.83,36200,40.82,U
sh600584,长电科技,2025-10-24 10:25:18,40.84,9400,40.83,E
sh600584,长电科技,2025-10-24 10:25:21,40.85,19700,40.84,U
sh600584,长电科技,2025-10-24 10:25:24,40.85,6700,40.85,D
sh600584,长电科技,2025-10-24 10:25:27,40.86,12300,40.85,U
sh600584,长电科技,2025-10-24 10:25:30,40.85,22900,40.86,D
sh600584,长电科技,2025-10-24 10:25:33,40.85,6300,40.85,U
sh600584,长电科技,2025-10-24 10:25:36,40.85,5200,40.85,U
sh600584,长电科技,2025-10-24 10:25:39,40.84,32400,40.85,D
sh600584,长电科技,2025-10-24 10:25:45,40.84,6100,40.84,U
sh600584,长电科技,2025-10-24 10:25:48,40.84,6400,40.84,U
sh600584,长电科技,2025-10-24 10:25:54,40.84,10700,40.84,U
sh600584,长电科技,2025-10-24 10:25:57,40.83,9100,40.84,D
sh600584,长电科技,2025-10-24 10:26:00,40.83,17000,40.83,D
sh600584,长电科技,2025-10-24 10:26:03,40.83,9200,40.83,U
sh600584,长电科技,2025-10-24 10:26:06,40.82,8900,40.83,D
sh600584,长电科技,2025-10-24 10:26:09,40.83,16800,40.82,E
sh600584,长电科技,2025-10-24 10:26:12,40.81,9300,40.83,D
sh600584,长电科技,2025-10-24 10:26:18,40.81,34700,40.81,D
sh600584,长电科技,2025-10-24 10:26:21,40.81,18500,40.81,D
sh600584,长电科技,2025-10-24 10:26:24,40.81,14000,40.81,D
sh600584,长电科技,2025-10-24 10:26:27,40.81,15500,40.81,D
sh600584,长电科技,2025-10-24 10:26:30,40.78,146504,40.81,D
sh600584,长电科技,2025-10-24 10:26:33,40.78,5900,40.78,D
sh600584,长电科技,2025-10-24 10:26:36,40.77,5300,40.78,D
sh600584,长电科技,2025-10-24 10:26:42,40.77,24500,40.77,D
sh600584,长电科技,2025-10-24 10:26:45,40.76,12700,40.77,D
sh600584,长电科技,2025-10-24 10:26:51,40.76,8000,40.76,U
sh600584,长电科技,2025-10-24 10:26:54,40.75,39400,40.76,D
sh600584,长电科技,2025-10-24 10:27:03,40.74,9300,40.74,U
sh600584,长电科技,2025-10-24 10:27:09,40.73,14400,40.73,D
sh600584,长电科技,2025-10-24 10:27:15,40.72,11600,40.73,D
sh600584,长电科技,2025-10-24 10:27:18,40.73,28900,40.72,U
sh600584,长电科技,2025-10-24 10:27:21,40.73,38200,40.73,U
sh600584,长电科技,2025-10-24 10:27:24,40.74,6600,40.73,U
sh600584,长电科技,2025-10-24 10:27:27,40.74,47000,40.74,U
sh600584,长电科技,2025-10-24 10:27:30,40.74,13600,40.74,D
sh600584,长电科技,2025-10-24 10:27:33,40.74,8300,40.74,D
sh600584,长电科技,2025-10-24 10:27:36,40.74,10200,40.74,D
sh600584,长电科技,2025-10-24 10:27:39,40.73,11700,40.74,D
sh600584,长电科技,2025-10-24 10:27:42,40.73,20000,40.73,D
sh600584,长电科技,2025-10-24 10:27:51,40.73,12500,40.73,D
sh600584,长电科技,2025-10-24 10:27:54,40.74,19400,40.73,U
sh600584,长电科技,2025-10-24 10:27:57,40.73,5200,40.74,D
sh600584,长电科技,2025-10-24 10:28:00,40.73,7800,40.73,D
sh600584,长电科技,2025-10-24 10:28:03,40.73,28600,40.73,D
sh600584,长电科技,2025-10-24 10:28:06,40.73,9700,40.73,D
sh600584,长电科技,2025-10-24 10:28:09,40.73,12600,40.73,D
sh600584,长电科技,2025-10-24 10:28:12,40.74,5800,40.73,U
sh600584,长电科技,2025-10-24 10:28:15,40.73,17400,40.74,D
sh600584,长电科技,2025-10-24 10:28:18,40.73,5400,40.73,D
sh600584,长电科技,2025-10-24 10:28:21,40.73,63500,40.73,D
sh600584,长电科技,2025-10-24 10:28:24,40.73,11600,40.73,D
sh600584,长电科技,2025-10-24 10:28:27,40.73,8400,40.73,U
sh600584,长电科技,2025-10-24 10:28:30,40.73,11100,40.73,U
sh600584,长电科技,2025-10-24 10:28:33,40.72,43900,40.73,D
sh600584,长电科技,2025-10-24 10:28:39,40.72,14300,40.73,D
sh600584,长电科技,2025-10-24 10:28:42,40.72,7800,40.72,D
sh600584,长电科技,2025-10-24 10:28:45,40.72,15500,40.72,D
sh600584,长电科技,2025-10-24 10:28:48,40.71,15800,40.72,D
sh600584,长电科技,2025-10-24 10:28:51,40.71,11800,40.71,D
sh600584,长电科技,2025-10-24 10:28:54,40.71,10800,40.71,D
sh600584,长电科技,2025-10-24 10:28:57,40.72,60500,40.71,U
sh600584,长电科技,2025-10-24 10:29:00,40.71,22800,40.72,D
sh600584,长电科技,2025-10-24 10:29:03,40.71,9200,40.71,D
sh600584,长电科技,2025-10-24 10:29:06,40.76,182900,40.71,U
sh600584,长电科技,2025-10-24 10:29:09,40.76,6800,40.76,D
sh600584,长电科技,2025-10-24 10:29:12,40.78,14500,40.76,U
sh600584,长电科技,2025-10-24 10:29:15,40.79,47500,40.78,U
sh600584,长电科技,2025-10-24 10:29:18,40.8,5400,40.79,U
sh600584,长电科技,2025-10-24 10:29:21,40.81,19200,40.8,U
sh600584,长电科技,2025-10-24 10:29:36,40.81,10600,40.82,D
sh600584,长电科技,2025-10-24 10:29:39,40.82,11500,40.81,D
sh600584,长电科技,2025-10-24 10:29:42,40.81,55300,40.82,D
sh600584,长电科技,2025-10-24 10:29:45,40.82,23900,40.81,U
sh600584,长电科技,2025-10-24 10:29:48,40.81,7600,40.82,D
sh600584,长电科技,2025-10-24 10:29:51,40.8,12500,40.81,D
sh600584,长电科技,2025-10-24 10:29:54,40.78,14200,40.8,D
sh600584,长电科技,2025-10-24 10:29:57,40.77,49200,40.78,D
sh600584,长电科技,2025-10-24 10:30:00,40.76,6800,40.77,D
sh600584,长电科技,2025-10-24 10:30:06,40.76,12200,40.77,D
sh600584,长电科技,2025-10-24 10:30:09,40.78,13900,40.76,U
sh600584,长电科技,2025-10-24 10:30:12,40.79,14900,40.78,U
sh600584,长电科技,2025-10-24 10:30:15,40.77,6200,40.79,D
sh600584,长电科技,2025-10-24 10:30:18,40.77,6100,40.77,D
sh600584,长电科技,2025-10-24 10:30:24,40.77,6200,40.77,D
sh600584,长电科技,2025-10-24 10:30:27,40.78,8000,40.77,U
sh600584,长电科技,2025-10-24 10:30:30,40.78,13200,40.78,D
sh600584,长电科技,2025-10-24 10:30:33,40.78,7600,40.78,D
sh600584,长电科技,2025-10-24 10:30:36,40.78,7300,40.78,D
sh600584,长电科技,2025-10-24 10:30:39,40.78,7200,40.78,U
sh600584,长电科技,2025-10-24 10:30:45,40.78,5900,40.78,D
sh600584,长电科技,2025-10-24 10:30:51,40.78,38800,40.78,D
sh600584,长电科技,2025-10-24 10:30:54,40.78,15500,40.78,D
sh600584,长电科技,2025-10-24 10:30:57,40.78,9700,40.78,D
sh600584,长电科技,2025-10-24 10:31:00,40.78,12600,40.78,U
sh600584,长电科技,2025-10-24 10:31:03,40.78,70000,40.78,U
sh600584,长电科技,2025-10-24 10:31:09,40.79,36000,40.79,U
sh600584,长电科技,2025-10-24 10:31:13,40.79,6800,40.79,U
sh600584,长电科技,2025-10-24 10:31:15,40.79,10100,40.79,U
sh600584,长电科技,2025-10-24 10:31:18,40.78,6700,40.79,D
sh600584,长电科技,2025-10-24 10:31:21,40.79,13700,40.78,U
sh600584,长电科技,2025-10-24 10:31:27,40.79,8500,40.79,D
sh600584,长电科技,2025-10-24 10:31:30,40.8,43000,40.79,U
sh600584,长电科技,2025-10-24 10:31:33,40.8,7700,40.8,U
sh600584,长电科技,2025-10-24 10:31:42,40.81,14900,40.8,U
sh600584,长电科技,2025-10-24 10:31:45,40.81,15200,40.81,U
sh600584,长电科技,2025-10-24 10:31:48,40.8,33400,40.81,D
sh600584,长电科技,2025-10-24 10:31:51,40.81,5800,40.8,D
sh600584,长电科技,2025-10-24 10:31:54,40.81,6464,40.81,D
sh600584,长电科技,2025-10-24 10:32:03,40.82,9900,40.82,U
sh600584,长电科技,2025-10-24 10:32:06,40.8,77100,40.82,D
sh600584,长电科技,2025-10-24 10:32:15,40.81,9100,40.81,U
sh600584,长电科技,2025-10-24 10:32:18,40.8,10600,40.81,D
sh600584,长电科技,2025-10-24 10:32:21,40.79,9600,40.8,D
sh600584,长电科技,2025-10-24 10:32:33,40.79,7200,40.8,D
sh600584,长电科技,2025-10-24 10:32:39,40.79,5500,40.79,U
sh600584,长电科技,2025-10-24 10:32:48,40.79,7900,40.78,U
sh600584,长电科技,2025-10-24 10:32:57,40.78,64600,40.78,D
sh600584,长电科技,2025-10-24 10:33:09,40.8,27500,40.77,U
sh600584,长电科技,2025-10-24 10:33:12,40.8,45000,40.8,U
sh600584,长电科技,2025-10-24 10:33:18,40.8,5700,40.8,D
sh600584,长电科技,2025-10-24 10:33:24,40.8,11800,40.81,D
sh600584,长电科技,2025-10-24 10:33:27,40.8,5000,40.8,D
sh600584,长电科技,2025-10-24 10:33:33,40.8,6300,40.8,U
sh600584,长电科技,2025-10-24 10:33:42,40.79,5000,40.8,D
sh600584,长电科技,2025-10-24 10:33:45,40.78,7700,40.79,D
sh600584,长电科技,2025-10-24 10:33:48,40.78,5800,40.78,D
sh600584,长电科技,2025-10-24 10:33:54,40.76,5500,40.77,D
sh600584,长电科技,2025-10-24 10:34:00,40.75,9000,40.77,D
sh600584,长电科技,2025-10-24 10:34:03,40.73,13700,40.75,D
sh600584,长电科技,2025-10-24 10:34:06,40.72,8644,40.73,D
sh600584,长电科技,2025-10-24 10:34:09,40.75,8600,40.72,U
sh600584,长电科技,2025-10-24 10:34:12,40.73,6800,40.75,E
sh600584,长电科技,2025-10-24 10:34:15,40.73,12500,40.73,U
sh600584,长电科技,2025-10-24 10:34:18,40.72,13300,40.73,D
sh600584,长电科技,2025-10-24 10:34:21,40.72,5100,40.72,U
sh600584,长电科技,2025-10-24 10:34:24,40.71,7400,40.72,D
sh600584,长电科技,2025-10-24 10:34:27,40.7,134400,40.71,D
sh600584,长电科技,2025-10-24 10:34:30,40.67,110800,40.7,D
sh600584,长电科技,2025-10-24 10:34:36,40.67,12200,40.67,U
sh600584,长电科技,2025-10-24 10:34:39,40.66,10100,40.67,D
sh600584,长电科技,2025-10-24 10:34:42,40.67,20600,40.66,D
sh600584,长电科技,2025-10-24 10:34:45,40.66,14500,40.67,D
sh600584,长电科技,2025-10-24 10:34:48,40.68,19100,40.66,U
sh600584,长电科技,2025-10-24 10:34:51,40.66,5000,40.68,D
sh600584,长电科技,2025-10-24 10:34:54,40.68,21900,40.66,U
sh600584,长电科技,2025-10-24 10:34:57,40.67,50370,40.68,D
sh600584,长电科技,2025-10-24 10:35:00,40.68,6900,40.67,E
sh600584,长电科技,2025-10-24 10:35:03,40.67,6300,40.68,D
sh600584,长电科技,2025-10-24 10:35:06,40.67,13930,40.67,D
sh600584,长电科技,2025-10-24 10:35:09,40.67,12100,40.67,U
sh600584,长电科技,2025-10-24 10:35:12,40.67,13099,40.67,U
sh600584,长电科技,2025-10-24 10:35:15,40.66,12000,40.67,D
sh600584,长电科技,2025-10-24 10:35:18,40.67,21370,40.66,U
sh600584,长电科技,2025-10-24 10:35:21,40.66,9900,40.67,D
sh600584,长电科技,2025-10-24 10:35:24,40.67,6000,40.66,D
sh600584,长电科技,2025-10-24 10:35:27,40.68,17800,40.67,U
sh600584,长电科技,2025-10-24 10:35:30,40.67,11000,40.68,D
sh600584,长电科技,2025-10-24 10:35:33,40.68,54200,40.67,U
sh600584,长电科技,2025-10-24 10:35:36,40.68,13800,40.68,D
sh600584,长电科技,2025-10-24 10:35:42,40.7,5000,40.7,D
sh600584,长电科技,2025-10-24 10:35:45,40.7,6600,40.7,D
sh600584,长电科技,2025-10-24 10:35:48,40.7,8500,40.7,D
sh600584,长电科技,2025-10-24 10:35:54,40.7,8300,40.7,U
sh600584,长电科技,2025-10-24 10:36:00,40.7,9200,40.69,U
sh600584,长电科技,2025-10-24 10:36:03,40.7,10500,40.7,U
sh600584,长电科技,2025-10-24 10:36:06,40.69,10200,40.7,D
sh600584,长电科技,2025-10-24 10:36:18,40.69,8700,40.7,D
sh600584,长电科技,2025-10-24 10:36:21,40.7,6700,40.69,U
sh600584,长电科技,2025-10-24 10:36:24,40.69,81400,40.7,D
sh600584,长电科技,2025-10-24 10:36:27,40.7,10600,40.69,U
sh600584,长电科技,2025-10-24 10:36:30,40.69,16600,40.7,D
sh600584,长电科技,2025-10-24 10:36:33,40.69,12700,40.69,D
sh600584,长电科技,2025-10-24 10:36:36,40.7,6800,40.69,U
sh600584,长电科技,2025-10-24 10:36:39,40.7,7100,40.7,D
sh600584,长电科技,2025-10-24 10:36:42,40.71,7900,40.7,U
sh600584,长电科技,2025-10-24 10:36:45,40.71,5100,40.71,U
sh600584,长电科技,2025-10-24 10:36:48,40.69,59200,40.71,D
sh600584,长电科技,2025-10-24 10:36:51,40.68,49600,40.69,D
sh600584,长电科技,2025-10-24 10:36:54,40.68,6500,40.68,D
sh600584,长电科技,2025-10-24 10:36:57,40.69,19200,40.68,U
sh600584,长电科技,2025-10-24 10:37:03,40.69,8700,40.69,D
sh600584,长电科技,2025-10-24 10:37:06,40.7,11600,40.69,U
sh600584,长电科技,2025-10-24 10:37:09,40.7,7000,40.7,D
sh600584,长电科技,2025-10-24 10:37:12,40.7,169700,40.7,D
sh600584,长电科技,2025-10-24 10:37:21,40.69,5100,40.68,U
sh600584,长电科技,2025-10-24 10:37:27,40.68,5000,40.69,D
sh600584,长电科技,2025-10-24 10:37:30,40.69,6500,40.68,U
sh600584,长电科技,2025-10-24 10:37:33,40.69,6000,40.69,U
sh600584,长电科技,2025-10-24 10:37:36,40.69,18100,40.69,U
sh600584,长电科技,2025-10-24 10:37:42,40.68,6300,40.68,D
sh600584,长电科技,2025-10-24 10:37:48,40.69,8500,40.69,U
sh600584,长电科技,2025-10-24 10:37:51,40.69,12500,40.69,U
sh600584,长电科技,2025-10-24 10:37:54,40.7,18200,40.69,U
sh600584,长电科技,2025-10-24 10:37:57,40.7,15300,40.7,U
sh600584,长电科技,2025-10-24 10:38:00,40.71,11300,40.7,U
sh600584,长电科技,2025-10-24 10:38:03,40.71,15500,40.71,U
sh600584,长电科技,2025-10-24 10:38:06,40.72,13900,40.71,U
sh600584,长电科技,2025-10-24 10:38:09,40.73,36500,40.72,U
sh600584,长电科技,2025-10-24 10:38:12,40.71,7800,40.73,D
sh600584,长电科技,2025-10-24 10:38:30,40.76,9600,40.76,U
sh600584,长电科技,2025-10-24 10:38:39,40.78,9300,40.76,U
sh600584,长电科技,2025-10-24 10:38:42,40.77,5200,40.78,D
sh600584,长电科技,2025-10-24 10:38:45,40.78,5800,40.77,U
sh600584,长电科技,2025-10-24 10:38:48,40.78,6500,40.78,U
sh600584,长电科技,2025-10-24 10:38:57,40.78,5500,40.78,U
sh600584,长电科技,2025-10-24 10:39:09,40.79,6200,40.79,U
sh600584,长电科技,2025-10-24 10:39:12,40.79,5800,40.79,U
sh600584,长电科技,2025-10-24 10:39:21,40.8,5600,40.79,U
sh600584,长电科技,2025-10-24 10:39:24,40.79,17300,40.8,D
sh600584,长电科技,2025-10-24 10:39:27,40.79,7800,40.79,U
sh600584,长电科技,2025-10-24 10:39:33,40.8,6600,40.79,U
sh600584,长电科技,2025-10-24 10:39:42,40.79,7400,40.79,D
sh600584,长电科技,2025-10-24 10:39:45,40.79,8800,40.79,D
sh600584,长电科技,2025-10-24 10:39:51,40.8,18200,40.8,U
sh600584,长电科技,2025-10-24 10:39:57,40.77,21100,40.79,D
sh600584,长电科技,2025-10-24 10:40:00,40.75,18400,40.77,D
sh600584,长电科技,2025-10-24 10:40:03,40.75,9100,40.75,D
sh600584,长电科技,2025-10-24 10:40:06,40.76,9100,40.75,U
sh600584,长电科技,2025-10-24 10:40:18,40.76,15700,40.75,U
sh600584,长电科技,2025-10-24 10:40:24,40.75,6900,40.76,D
sh600584,长电科技,2025-10-24 10:40:30,40.78,20300,40.74,U
sh600584,长电科技,2025-10-24 10:40:36,40.75,189200,40.78,D
sh600584,长电科技,2025-10-24 10:40:39,40.73,7300,40.75,D
sh600584,长电科技,2025-10-24 10:40:42,40.74,85100,40.73,E
sh600584,长电科技,2025-10-24 10:41:12,40.71,7400,40.74,E
sh600584,长电科技,2025-10-24 10:41:24,40.69,90100,40.7,D
sh600584,长电科技,2025-10-24 10:41:27,40.71,18200,40.69,U
sh600584,长电科技,2025-10-24 10:41:33,40.71,6900,40.71,D
sh600584,长电科技,2025-10-24 10:41:45,40.7,7000,40.71,D
sh600584,长电科技,2025-10-24 10:41:48,40.71,6700,40.7,U
sh600584,长电科技,2025-10-24 10:42:00,40.7,9300,40.7,D
sh600584,长电科技,2025-10-24 10:42:06,40.69,36596,40.7,D
sh600584,长电科技,2025-10-24 10:42:12,40.69,19000,40.7,D
sh600584,长电科技,2025-10-24 10:42:15,40.69,20800,40.69,D
sh600584,长电科技,2025-10-24 10:42:18,40.7,13900,40.69,U
sh600584,长电科技,2025-10-24 10:42:21,40.69,45100,40.7,D
sh600584,长电科技,2025-10-24 10:42:27,40.7,10300,40.7,D
sh600584,长电科技,2025-10-24 10:42:30,40.7,29500,40.7,D
sh600584,长电科技,2025-10-24 10:42:33,40.68,49000,40.7,D
sh600584,长电科技,2025-10-24 10:42:36,40.68,9800,40.68,D
sh600584,长电科技,2025-10-24 10:42:45,40.68,15000,40.67,U
sh600584,长电科技,2025-10-24 10:42:54,40.68,7800,40.68,D
sh600584,长电科技,2025-10-24 10:42:57,40.65,285500,40.68,D
sh600584,长电科技,2025-10-24 10:43:03,40.67,29900,40.65,U
sh600584,长电科技,2025-10-24 10:43:06,40.67,6600,40.67,D
sh600584,长电科技,2025-10-24 10:43:09,40.67,5400,40.67,D
sh600584,长电科技,2025-10-24 10:43:12,40.65,90100,40.67,D
sh600584,长电科技,2025-10-24 10:43:24,40.65,11300,40.65,D
sh600584,长电科技,2025-10-24 10:43:27,40.66,6700,40.65,U
sh600584,长电科技,2025-10-24 10:43:30,40.66,8100,40.66,U
sh600584,长电科技,2025-10-24 10:43:33,40.66,14000,40.66,U
sh600584,长电科技,2025-10-24 10:43:39,40.65,12600,40.65,U
sh600584,长电科技,2025-10-24 10:43:42,40.65,9900,40.65,U
sh600584,长电科技,2025-10-24 10:43:45,40.65,7300,40.65,D
sh600584,长电科技,2025-10-24 10:43:48,40.65,18200,40.65,D
sh600584,长电科技,2025-10-24 10:43:54,40.64,6500,40.64,D
sh600584,长电科技,2025-10-24 10:43:57,40.64,8700,40.64,D
sh600584,长电科技,2025-10-24 10:44:00,40.64,24400,40.64,U
sh600584,长电科技,2025-10-24 10:44:03,40.64,6600,40.64,U
sh600584,长电科技,2025-10-24 10:44:06,40.63,20100,40.64,D
sh600584,长电科技,2025-10-24 10:44:12,40.63,10000,40.63,U
sh600584,长电科技,2025-10-24 10:44:15,40.63,11500,40.63,U
sh600584,长电科技,2025-10-24 10:44:18,40.62,5400,40.63,D
sh600584,长电科技,2025-10-24 10:44:21,40.61,9500,40.62,D
sh600584,长电科技,2025-10-24 10:44:24,40.63,38200,40.61,U
sh600584,长电科技,2025-10-24 10:44:27,40.64,8400,40.63,U
sh600584,长电科技,2025-10-24 10:44:30,40.63,19200,40.64,D
sh600584,长电科技,2025-10-24 10:44:33,40.63,7500,40.63,D
sh600584,长电科技,2025-10-24 10:44:36,40.64,40500,40.63,U
sh600584,长电科技,2025-10-24 10:44:39,40.61,11900,40.64,D
sh600584,长电科技,2025-10-24 10:44:42,40.62,6300,40.61,E
sh600584,长电科技,2025-10-24 10:44:45,40.61,5000,40.62,D
sh600584,长电科技,2025-10-24 10:44:51,40.61,7400,40.62,D
sh600584,长电科技,2025-10-24 10:44:54,40.62,5000,40.61,D
sh600584,长电科技,2025-10-24 10:45:06,40.63,10800,40.62,U
sh600584,长电科技,2025-10-24 10:45:09,40.63,6400,40.63,D
sh600584,长电科技,2025-10-24 10:45:12,40.63,5600,40.63,U
sh600584,长电科技,2025-10-24 10:45:18,40.63,7000,40.63,D
sh600584,长电科技,2025-10-24 10:45:24,40.64,79400,40.63,U
sh600584,长电科技,2025-10-24 10:45:27,40.63,6100,40.64,D
sh600584,长电科技,2025-10-24 10:45:33,40.63,11200,40.64,D
sh600584,长电科技,2025-10-24 10:45:36,40.63,10100,40.63,D
sh600584,长电科技,2025-10-24 10:45:39,40.64,5900,40.63,U
sh600584,长电科技,2025-10-24 10:45:48,40.64,5800,40.64,U
sh600584,长电科技,2025-10-24 10:45:51,40.63,8300,40.64,D
sh600584,长电科技,2025-10-24 10:45:57,40.63,9900,40.63,U
sh600584,长电科技,2025-10-24 10:46:00,40.63,12100,40.63,U
sh600584,长电科技,2025-10-24 10:46:03,40.63,26500,40.63,U
sh600584,长电科技,2025-10-24 10:46:06,40.63,54100,40.63,U
sh600584,长电科技,2025-10-24 10:46:12,40.63,8400,40.63,D
sh600584,长电科技,2025-10-24 10:46:15,40.63,9500,40.63,U
sh600584,长电科技,2025-10-24 10:46:18,40.62,12900,40.63,D
sh600584,长电科技,2025-10-24 10:46:21,40.61,11100,40.62,D
sh600584,长电科技,2025-10-24 10:46:24,40.62,12200,40.61,U
sh600584,长电科技,2025-10-24 10:46:27,40.61,6000,40.62,D
sh600584,长电科技,2025-10-24 10:46:30,40.61,8500,40.61,D
sh600584,长电科技,2025-10-24 10:46:36,40.61,23600,40.61,D
sh600584,长电科技,2025-10-24 10:46:39,40.61,5800,40.61,U
sh600584,长电科技,2025-10-24 10:46:42,40.61,138900,40.61,U
sh600584,长电科技,2025-10-24 10:46:45,40.61,8600,40.61,D
sh600584,长电科技,2025-10-24 10:46:48,40.61,6100,40.61,D
sh600584,长电科技,2025-10-24 10:46:51,40.61,58900,40.61,D
sh600584,长电科技,2025-10-24 10:46:54,40.61,30400,40.61,U
sh600584,长电科技,2025-10-24 10:47:01,40.6,14300,40.61,D
sh600584,长电科技,2025-10-24 10:47:03,40.6,6300,40.6,D
sh600584,长电科技,2025-10-24 10:47:06,40.6,13100,40.6,D
sh600584,长电科技,2025-10-24 10:47:15,40.59,8800,40.6,D
sh600584,长电科技,2025-10-24 10:47:18,40.59,6700,40.59,D
sh600584,长电科技,2025-10-24 10:47:27,40.59,7600,40.59,D
sh600584,长电科技,2025-10-24 10:47:30,40.59,5100,40.59,D
sh600584,长电科技,2025-10-24 10:47:33,40.59,19100,40.59,D
sh600584,长电科技,2025-10-24 10:47:36,40.59,9000,40.59,U
sh600584,长电科技,2025-10-24 10:47:42,40.58,13000,40.59,D
sh600584,长电科技,2025-10-24 10:47:48,40.58,6900,40.59,D
sh600584,长电科技,2025-10-24 10:47:51,40.59,8400,40.58,U
sh600584,长电科技,2025-10-24 10:47:54,40.58,12100,40.59,D
sh600584,长电科技,2025-10-24 10:47:57,40.58,11600,40.58,D
sh600584,长电科技,2025-10-24 10:48:00,40.59,23300,40.58,U
sh600584,长电科技,2025-10-24 10:48:03,40.61,43900,40.59,U
sh600584,长电科技,2025-10-24 10:48:06,40.58,19000,40.61,D
sh600584,长电科技,2025-10-24 10:48:24,40.62,21200,40.62,U
sh600584,长电科技,2025-10-24 10:48:27,40.63,7800,40.62,U
sh600584,长电科技,2025-10-24 10:48:30,40.63,5200,40.63,U
sh600584,长电科技,2025-10-24 10:48:36,40.63,5000,40.63,U
sh600584,长电科技,2025-10-24 10:48:42,40.63,10400,40.63,U
sh600584,长电科技,2025-10-24 10:48:54,40.63,18900,40.64,D
sh600584,长电科技,2025-10-24 10:48:57,40.64,10900,40.63,U
sh600584,长电科技,2025-10-24 10:49:09,40.64,15100,40.64,D
sh600584,长电科技,2025-10-24 10:49:12,40.65,16900,40.64,E
sh600584,长电科技,2025-10-24 10:49:27,40.67,5500,40.67,U
sh600584,长电科技,2025-10-24 10:49:30,40.67,5200,40.67,E
sh600584,长电科技,2025-10-24 10:49:33,40.68,6300,40.67,U
sh600584,长电科技,2025-10-24 10:49:36,40.68,9900,40.68,U
sh600584,长电科技,2025-10-24 10:49:39,40.67,15800,40.68,E
sh600584,长电科技,2025-10-24 10:49:42,40.66,7700,40.67,D
sh600584,长电科技,2025-10-24 10:49:45,40.66,21400,40.66,D
sh600584,长电科技,2025-10-24 10:49:48,40.68,8300,40.66,U
sh600584,长电科技,2025-10-24 10:49:54,40.68,12400,40.68,D
sh600584,长电科技,2025-10-24 10:49:57,40.69,10900,40.68,U
sh600584,长电科技,2025-10-24 10:50:06,40.68,8500,40.69,D
sh600584,长电科技,2025-10-24 10:50:09,40.68,9800,40.68,D
sh600584,长电科技,2025-10-24 10:50:12,40.67,11400,40.68,D
sh600584,长电科技,2025-10-24 10:50:21,40.67,15000,40.68,D
sh600584,长电科技,2025-10-24 10:50:24,40.67,14400,40.67,U
sh600584,长电科技,2025-10-24 10:50:36,40.67,6600,40.67,D
sh600584,长电科技,2025-10-24 10:50:54,40.66,13000,40.67,D
sh600584,长电科技,2025-10-24 10:51:03,40.67,20400,40.66,U
sh600584,长电科技,2025-10-24 10:51:12,40.67,14600,40.67,U
sh600584,长电科技,2025-10-24 10:51:15,40.67,14000,40.67,U
sh600584,长电科技,2025-10-24 10:51:18,40.68,74400,40.67,U
sh600584,长电科技,2025-10-24 10:51:21,40.67,20400,40.68,D
sh600584,长电科技,2025-10-24 10:51:36,40.69,10400,40.68,U
sh600584,长电科技,2025-10-24 10:51:48,40.68,21400,40.7,D
sh600584,长电科技,2025-10-24 10:51:51,40.68,11700,40.68,U
sh600584,长电科技,2025-10-24 10:51:54,40.67,7900,40.68,D
sh600584,长电科技,2025-10-24 10:52:00,40.68,6100,40.68,U
sh600584,长电科技,2025-10-24 10:52:03,40.68,8800,40.68,U
sh600584,长电科技,2025-10-24 10:52:15,40.7,15000,40.69,U
sh600584,长电科技,2025-10-24 10:52:24,40.71,6500,40.7,U
sh600584,长电科技,2025-10-24 10:52:27,40.71,5400,40.71,U
sh600584,长电科技,2025-10-24 10:52:30,40.7,6300,40.71,D
sh600584,长电科技,2025-10-24 10:52:37,40.71,5900,40.71,U
sh600584,长电科技,2025-10-24 10:52:45,40.7,6800,40.71,D
sh600584,长电科技,2025-10-24 10:52:57,40.71,8800,40.7,U
sh600584,长电科技,2025-10-24 10:53:03,40.71,8800,40.7,U
sh600584,长电科技,2025-10-24 10:53:06,40.7,12300,40.71,D
sh600584,长电科技,2025-10-24 10:53:09,40.7,7800,40.7,D
sh600584,长电科技,2025-10-24 10:53:12,40.71,6400,40.7,U
sh600584,长电科技,2025-10-24 10:53:24,40.71,5200,40.72,D
sh600584,长电科技,2025-10-24 10:53:36,40.71,5200,40.71,D
sh600584,长电科技,2025-10-24 10:53:42,40.71,7100,40.71,D
sh600584,长电科技,2025-10-24 10:53:45,40.71,10300,40.71,D
sh600584,长电科技,2025-10-24 10:53:48,40.7,7300,40.71,D
sh600584,长电科技,2025-10-24 10:53:51,40.68,29600,40.7,D
sh600584,长电科技,2025-10-24 10:53:57,40.69,9600,40.68,U
sh600584,长电科技,2025-10-24 10:54:12,40.68,6500,40.68,D
sh600584,长电科技,2025-10-24 10:54:21,40.67,5600,40.68,D
sh600584,长电科技,2025-10-24 10:54:24,40.67,5300,40.67,D
sh600584,长电科技,2025-10-24 10:54:33,40.66,6500,40.67,D
sh600584,长电科技,2025-10-24 10:54:45,40.67,13500,40.67,D
sh600584,长电科技,2025-10-24 10:54:57,40.68,5900,40.68,U
sh600584,长电科技,2025-10-24 10:55:12,40.69,6300,40.69,U
sh600584,长电科技,2025-10-24 10:55:42,40.7,13500,40.69,U
sh600584,长电科技,2025-10-24 10:55:51,40.71,10000,40.71,U
sh600584,长电科技,2025-10-24 10:56:03,40.72,8200,40.72,U
sh600584,长电科技,2025-10-24 10:56:09,40.73,11400,40.72,U
sh600584,长电科技,2025-10-24 10:56:12,40.73,14200,40.73,U
sh600584,长电科技,2025-10-24 10:56:15,40.73,5100,40.73,U
sh600584,长电科技,2025-10-24 10:56:24,40.73,42400,40.73,U
sh600584,长电科技,2025-10-24 10:56:30,40.73,11300,40.73,U
sh600584,长电科技,2025-10-24 10:56:36,40.73,29900,40.73,U
sh600584,长电科技,2025-10-24 10:56:39,40.73,5100,40.73,U
sh600584,长电科技,2025-10-24 10:56:51,40.73,6300,40.73,D
sh600584,长电科技,2025-10-24 10:56:54,40.73,7100,40.73,D
sh600584,长电科技,2025-10-24 10:57:00,40.72,8100,40.73,D
sh600584,长电科技,2025-10-24 10:57:18,40.73,8600,40.72,U
sh600584,长电科技,2025-10-24 10:57:27,40.72,7200,40.72,D
sh600584,长电科技,2025-10-24 10:57:36,40.72,8900,40.72,U
sh600584,长电科技,2025-10-24 10:57:39,40.72,7100,40.72,U
sh600584,长电科技,2025-10-24 10:57:55,40.71,8600,40.72,D
sh600584,长电科技,2025-10-24 10:58:03,40.72,11100,40.71,U
sh600584,长电科技,2025-10-24 10:58:06,40.71,6800,40.72,D
sh600584,长电科技,2025-10-24 10:58:12,40.73,5100,40.71,U
sh600584,长电科技,2025-10-24 10:58:15,40.73,7400,40.73,U
sh600584,长电科技,2025-10-24 10:58:18,40.73,5500,40.73,U
sh600584,长电科技,2025-10-24 10:58:21,40.73,8300,40.73,U
sh600584,长电科技,2025-10-24 10:58:24,40.74,10100,40.73,U
sh600584,长电科技,2025-10-24 10:58:27,40.74,9300,40.74,U
sh600584,长电科技,2025-10-24 10:58:57,40.75,9800,40.75,U
sh600584,长电科技,2025-10-24 10:59:03,40.75,8900,40.75,U
sh600584,长电科技,2025-10-24 10:59:15,40.74,6900,40.74,D
sh600584,长电科技,2025-10-24 10:59:27,40.74,5300,40.75,D
sh600584,长电科技,2025-10-24 10:59:42,40.74,5000,40.74,D
sh600584,长电科技,2025-10-24 10:59:45,40.75,5500,40.74,U
sh600584,长电科技,2025-10-24 11:00:00,40.74,5300,40.75,D
sh600584,长电科技,2025-10-24 11:00:09,40.74,11000,40.74,U
sh600584,长电科技,2025-10-24 11:00:12,40.74,16300,40.74,D
sh600584,长电科技,2025-10-24 11:00:30,40.74,21800,40.74,D
sh600584,长电科技,2025-10-24 11:00:33,40.75,5500,40.74,U
sh600584,长电科技,2025-10-24 11:00:45,40.75,20900,40.75,U
sh600584,长电科技,2025-10-24 11:00:51,40.75,6100,40.75,U
sh600584,长电科技,2025-10-24 11:00:57,40.75,8600,40.74,U
sh600584,长电科技,2025-10-24 11:01:03,40.74,18200,40.75,D
sh600584,长电科技,2025-10-24 11:01:15,40.76,6000,40.76,U
sh600584,长电科技,2025-10-24 11:01:21,40.76,6800,40.74,U
sh600584,长电科技,2025-10-24 11:01:24,40.75,5900,40.76,E
sh600584,长电科技,2025-10-24 11:01:57,40.75,6300,40.76,D
sh600584,长电科技,2025-10-24 11:02:09,40.76,5800,40.74,U
sh600584,长电科技,2025-10-24 11:02:12,40.75,13100,40.76,D
sh600584,长电科技,2025-10-24 11:02:21,40.74,12300,40.74,D
sh600584,长电科技,2025-10-24 11:02:30,40.74,16400,40.74,U
sh600584,长电科技,2025-10-24 11:02:36,40.73,7300,40.74,D
sh600584,长电科技,2025-10-24 11:02:48,40.73,6000,40.73,D
sh600584,长电科技,2025-10-24 11:02:51,40.74,7600,40.73,U
sh600584,长电科技,2025-10-24 11:03:15,40.73,5300,40.73,D
sh600584,长电科技,2025-10-24 11:03:33,40.72,35600,40.72,D
sh600584,长电科技,2025-10-24 11:03:39,40.7,23100,40.72,D
sh600584,长电科技,2025-10-24 11:03:42,40.69,36200,40.7,D
sh600584,长电科技,2025-10-24 11:03:45,40.67,32800,40.69,D
sh600584,长电科技,2025-10-24 11:03:51,40.66,5400,40.67,D
sh600584,长电科技,2025-10-24 11:03:54,40.67,9000,40.66,U
sh600584,长电科技,2025-10-24 11:04:09,40.67,10500,40.68,D
sh600584,长电科技,2025-10-24 11:04:21,40.68,6100,40.68,U
sh600584,长电科技,2025-10-24 11:04:33,40.67,7500,40.68,D
sh600584,长电科技,2025-10-24 11:04:39,40.67,6200,40.68,D
sh600584,长电科技,2025-10-24 11:04:51,40.67,13400,40.67,D
sh600584,长电科技,2025-10-24 11:04:54,40.68,5200,40.67,U
sh600584,长电科技,2025-10-24 11:04:57,40.68,9800,40.68,U
sh600584,长电科技,2025-10-24 11:05:27,40.68,39500,40.65,U
sh600584,长电科技,2025-10-24 11:05:30,40.66,5700,40.68,D
sh600584,长电科技,2025-10-24 11:05:39,40.69,11000,40.68,U
sh600584,长电科技,2025-10-24 11:05:57,40.7,16600,40.7,U
sh600584,长电科技,2025-10-24 11:06:00,40.7,7700,40.7,U
sh600584,长电科技,2025-10-24 11:06:09,40.72,5700,40.72,U
sh600584,长电科技,2025-10-24 11:07:00,40.72,10200,40.73,D
sh600584,长电科技,2025-10-24 11:07:03,40.74,10800,40.72,U
sh600584,长电科技,2025-10-24 11:07:48,40.75,36800,40.74,U
sh600584,长电科技,2025-10-24 11:08:09,40.76,5800,40.76,U
sh600584,长电科技,2025-10-24 11:08:15,40.76,7700,40.76,U
sh600584,长电科技,2025-10-24 11:08:24,40.77,7900,40.76,U
sh600584,长电科技,2025-10-24 11:08:27,40.76,9200,40.77,D
sh600584,长电科技,2025-10-24 11:08:30,40.77,9100,40.76,U
sh600584,长电科技,2025-10-24 11:08:36,40.76,5500,40.76,D
sh600584,长电科技,2025-10-24 11:08:39,40.76,21800,40.76,D
sh600584,长电科技,2025-10-24 11:08:48,40.76,11300,40.76,D
sh600584,长电科技,2025-10-24 11:09:00,40.78,100700,40.77,U
sh600584,长电科技,2025-10-24 11:09:24,40.78,6400,40.77,U
sh600584,长电科技,2025-10-24 11:09:33,40.77,8900,40.77,D
sh600584,长电科技,2025-10-24 11:09:48,40.77,5100,40.78,D
sh600584,长电科技,2025-10-24 11:09:57,40.77,14200,40.77,U
sh600584,长电科技,2025-10-24 11:10:06,40.76,5200,40.76,D
sh600584,长电科技,2025-10-24 11:10:12,40.77,7300,40.76,U
sh600584,长电科技,2025-10-24 11:10:18,40.78,10200,40.77,U
sh600584,长电科技,2025-10-24 11:10:24,40.78,9100,40.77,U
sh600584,长电科技,2025-10-24 11:10:48,40.77,6100,40.78,D
sh600584,长电科技,2025-10-24 11:11:00,40.76,51700,40.77,D
sh600584,长电科技,2025-10-24 11:11:18,40.73,7200,40.73,D
sh600584,长电科技,2025-10-24 11:11:21,40.7,28600,40.73,D
sh600584,长电科技,2025-10-24 11:11:24,40.73,16200,40.7,U
sh600584,长电科技,2025-10-24 11:11:42,40.7,6000,40.72,D
sh600584,长电科技,2025-10-24 11:11:51,40.7,16600,40.7,D
sh600584,长电科技,2025-10-24 11:12:00,40.68,22900,40.69,D
sh600584,长电科技,2025-10-24 11:12:09,40.68,6700,40.67,U
sh600584,长电科技,2025-10-24 11:12:15,40.68,8500,40.68,U
sh600584,长电科技,2025-10-24 11:12:36,40.69,5600,40.69,U
sh600584,长电科技,2025-10-24 11:12:39,40.7,8800,40.69,U
sh600584,长电科技,2025-10-24 11:12:42,40.72,109800,40.7,U
sh600584,长电科技,2025-10-24 11:12:45,40.73,46400,40.72,U
sh600584,长电科技,2025-10-24 11:12:57,40.76,6600,40.76,U
sh600584,长电科技,2025-10-24 11:13:18,40.75,7600,40.76,D
sh600584,长电科技,2025-10-24 11:13:21,40.76,12000,40.75,U
sh600584,长电科技,2025-10-24 11:13:27,40.77,5800,40.77,U
sh600584,长电科技,2025-10-24 11:13:45,40.76,8100,40.77,D
sh600584,长电科技,2025-10-24 11:13:48,40.77,10300,40.76,U
sh600584,长电科技,2025-10-24 11:13:51,40.76,14000,40.77,D
sh600584,长电科技,2025-10-24 11:14:03,40.77,7800,40.77,D
sh600584,长电科技,2025-10-24 11:14:06,40.77,18600,40.77,D
sh600584,长电科技,2025-10-24 11:14:21,40.77,5500,40.77,D
sh600584,长电科技,2025-10-24 11:14:30,40.77,8000,40.77,D
sh600584,长电科技,2025-10-24 11:14:42,40.76,5000,40.76,D
sh600584,长电科技,2025-10-24 11:15:03,40.77,10000,40.76,U
sh600584,长电科技,2025-10-24 11:15:06,40.76,17100,40.77,D
sh600584,长电科技,2025-10-24 11:15:12,40.76,10500,40.77,D
sh600584,长电科技,2025-10-24 11:15:15,40.77,9900,40.76,U
sh600584,长电科技,2025-10-24 11:15:18,40.77,15300,40.77,U
sh600584,长电科技,2025-10-24 11:15:39,40.76,8700,40.76,D
sh600584,长电科技,2025-10-24 11:15:48,40.77,7900,40.76,U
sh600584,长电科技,2025-10-24 11:16:03,40.76,8867,40.76,D
sh600584,长电科技,2025-10-24 11:16:30,40.77,8200,40.76,U
sh600584,长电科技,2025-10-24 11:16:33,40.8,110100,40.77,U
sh600584,长电科技,2025-10-24 11:16:36,40.77,26500,40.8,D
sh600584,长电科技,2025-10-24 11:16:48,40.77,12300,40.79,D
sh600584,长电科技,2025-10-24 11:16:57,40.77,6000,40.78,D
sh600584,长电科技,2025-10-24 11:17:00,40.77,10300,40.77,D
sh600584,长电科技,2025-10-24 11:17:06,40.78,9900,40.78,U
sh600584,长电科技,2025-10-24 11:17:09,40.76,19700,40.78,D
sh600584,长电科技,2025-10-24 11:17:15,40.78,7100,40.76,U
sh600584,长电科技,2025-10-24 11:17:24,40.73,15300,40.76,D
sh600584,长电科技,2025-10-24 11:17:27,40.75,7500,40.73,U
sh600584,长电科技,2025-10-24 11:17:48,40.72,18200,40.73,D
sh600584,长电科技,2025-10-24 11:17:51,40.7,27000,40.72,D
sh600584,长电科技,2025-10-24 11:18:00,40.73,28800,40.69,U
sh600584,长电科技,2025-10-24 11:18:06,40.69,6200,40.69,U
sh600584,长电科技,2025-10-24 11:18:09,40.68,9000,40.69,D
sh600584,长电科技,2025-10-24 11:18:12,40.68,23200,40.68,U
sh600584,长电科技,2025-10-24 11:18:15,40.68,20400,40.68,U
sh600584,长电科技,2025-10-24 11:18:18,40.68,5800,40.68,U
sh600584,长电科技,2025-10-24 11:18:21,40.68,67000,40.68,U
sh600584,长电科技,2025-10-24 11:18:30,40.68,41300,40.68,U
sh600584,长电科技,2025-10-24 11:18:39,40.69,6500,40.67,U
sh600584,长电科技,2025-10-24 11:18:42,40.67,6700,40.69,D
sh600584,长电科技,2025-10-24 11:18:54,40.66,21900,40.67,D
sh600584,长电科技,2025-10-24 11:18:57,40.66,7000,40.66,U
sh600584,长电科技,2025-10-24 11:19:00,40.66,5600,40.66,U
sh600584,长电科技,2025-10-24 11:19:06,40.67,7400,40.67,D
sh600584,长电科技,2025-10-24 11:19:12,40.69,6200,40.67,U
sh600584,长电科技,2025-10-24 11:19:27,40.69,6400,40.69,U
sh600584,长电科技,2025-10-24 11:19:36,40.7,6400,40.7,U
sh600584,长电科技,2025-10-24 11:19:39,40.7,19800,40.7,U
sh600584,长电科技,2025-10-24 11:19:42,40.71,8600,40.7,U
sh600584,长电科技,2025-10-24 11:19:45,40.68,37500,40.71,D
sh600584,长电科技,2025-10-24 11:20:00,40.7,5900,40.73,D
sh600584,长电科技,2025-10-24 11:20:36,40.73,5600,40.73,U
sh600584,长电科技,2025-10-24 11:20:54,40.74,5800,40.73,U
sh600584,长电科技,2025-10-24 11:21:00,40.72,5500,40.73,D
sh600584,长电科技,2025-10-24 11:21:18,40.75,6200,40.73,U
sh600584,长电科技,2025-10-24 11:21:45,40.76,16500,40.75,U
sh600584,长电科技,2025-10-24 11:21:48,40.75,18500,40.76,D
sh600584,长电科技,2025-10-24 11:21:51,40.76,16000,40.75,U
sh600584,长电科技,2025-10-24 11:21:54,40.76,7800,40.76,U
sh600584,长电科技,2025-10-24 11:22:00,40.76,7300,40.77,D
sh600584,长电科技,2025-10-24 11:22:06,40.79,17600,40.78,U
sh600584,长电科技,2025-10-24 11:22:24,40.79,11500,40.8,D
sh600584,长电科技,2025-10-24 11:22:27,40.8,7600,40.79,U
sh600584,长电科技,2025-10-24 11:22:30,40.8,8200,40.8,U
sh600584,长电科技,2025-10-24 11:22:36,40.8,6500,40.8,D
sh600584,长电科技,2025-10-24 11:22:39,40.79,15100,40.8,D
sh600584,长电科技,2025-10-24 11:22:42,40.79,5000,40.79,E
sh600584,长电科技,2025-10-24 11:22:48,40.77,14100,40.8,D
sh600584,长电科技,2025-10-24 11:22:51,40.79,5500,40.77,U
sh600584,长电科技,2025-10-24 11:22:57,40.8,9100,40.8,U
sh600584,长电科技,2025-10-24 11:23:00,40.8,6900,40.8,U
sh600584,长电科技,2025-10-24 11:23:06,40.8,5400,40.79,U
sh600584,长电科技,2025-10-24 11:23:21,40.8,6300,40.79,U
sh600584,长电科技,2025-10-24 11:23:30,40.78,15800,40.79,D
sh600584,长电科技,2025-10-24 11:23:33,40.8,5000,40.78,U
sh600584,长电科技,2025-10-24 11:23:36,40.8,10800,40.8,U
sh600584,长电科技,2025-10-24 11:24:03,40.79,6100,40.79,U
sh600584,长电科技,2025-10-24 11:24:12,40.79,7200,40.79,U
sh600584,长电科技,2025-10-24 11:24:33,40.79,8600,40.78,U
sh600584,长电科技,2025-10-24 11:24:39,40.79,14500,40.78,U
sh600584,长电科技,2025-10-24 11:24:45,40.79,7500,40.79,U
sh600584,长电科技,2025-10-24 11:25:03,40.78,5900,40.79,D
sh600584,长电科技,2025-10-24 11:25:09,40.79,18100,40.79,U
sh600584,长电科技,2025-10-24 11:25:12,40.79,12900,40.79,U
sh600584,长电科技,2025-10-24 11:25:15,40.79,7700,40.79,D
sh600584,长电科技,2025-10-24 11:25:24,40.79,11200,40.79,D
sh600584,长电科技,2025-10-24 11:25:27,40.79,6000,40.79,D
sh600584,长电科技,2025-10-24 11:25:33,40.8,24200,40.79,U
sh600584,长电科技,2025-10-24 11:25:42,40.8,8000,40.8,U
sh600584,长电科技,2025-10-24 11:25:48,40.8,5400,40.8,U
sh600584,长电科技,2025-10-24 11:25:57,40.8,6700,40.79,U
sh600584,长电科技,2025-10-24 11:26:03,40.8,41800,40.79,U
sh600584,长电科技,2025-10-24 11:26:09,40.84,84800,40.8,U
sh600584,长电科技,2025-10-24 11:26:12,40.82,7800,40.84,E
sh600584,长电科技,2025-10-24 11:26:15,40.84,33900,40.82,U
sh600584,长电科技,2025-10-24 11:26:24,40.84,15400,40.85,D
sh600584,长电科技,2025-10-24 11:26:27,40.86,14800,40.84,U
sh600584,长电科技,2025-10-24 11:26:30,40.88,30500,40.86,U
sh600584,长电科技,2025-10-24 11:26:33,40.88,5000,40.88,U
sh600584,长电科技,2025-10-24 11:26:36,40.88,4900,40.88,U
sh600584,长电科技,2025-10-24 11:26:39,40.88,8800,40.88,U
sh600584,长电科技,2025-10-24 11:26:42,40.88,5200,40.88,U
sh600584,长电科技,2025-10-24 11:26:45,40.88,5100,40.88,U
sh600584,长电科技,2025-10-24 11:26:48,40.88,12600,40.88,U
sh600584,长电科技,2025-10-24 11:26:51,40.88,9300,40.88,U
sh600584,长电科技,2025-10-24 11:26:54,40.88,16100,40.88,U
sh600584,长电科技,2025-10-24 11:26:57,40.87,13500,40.88,D
sh600584,长电科技,2025-10-24 11:27:06,40.86,13800,40.87,D
sh600584,长电科技,2025-10-24 11:27:18,40.86,15100,40.86,U
sh600584,长电科技,2025-10-24 11:27:30,40.85,4900,40.84,U
sh600584,长电科技,2025-10-24 11:27:36,40.82,19500,40.84,D
sh600584,长电科技,2025-10-24 11:27:45,40.82,6400,40.82,U
sh600584,长电科技,2025-10-24 11:27:48,40.82,14700,40.82,U
sh600584,长电科技,2025-10-24 11:27:57,40.82,5600,40.82,U
sh600584,长电科技,2025-10-24 11:28:00,40.82,30100,40.82,U
sh600584,长电科技,2025-10-24 11:28:03,40.82,6600,40.82,U
sh600584,长电科技,2025-10-24 11:28:09,40.82,6200,40.82,D
sh600584,长电科技,2025-10-24 11:28:12,40.83,21400,40.82,U
sh600584,长电科技,2025-10-24 11:28:18,40.83,9300,40.83,D
sh600584,长电科技,2025-10-24 11:28:27,40.83,5300,40.83,U
sh600584,长电科技,2025-10-24 11:28:30,40.84,10400,40.83,U
sh600584,长电科技,2025-10-24 11:28:39,40.83,5200,40.82,D
sh600584,长电科技,2025-10-24 11:28:42,40.83,6200,40.83,U
sh600584,长电科技,2025-10-24 11:29:06,40.83,9500,40.83,U
sh600584,长电科技,2025-10-24 11:29:09,40.82,18300,40.83,D
sh600584,长电科技,2025-10-24 11:29:12,40.81,11800,40.82,D
sh600584,长电科技,2025-10-24 11:29:15,40.82,19400,40.81,U
sh600584,长电科技,2025-10-24 11:29:18,40.81,8900,40.82,U
sh600584,长电科技,2025-10-24 11:29:27,40.8,19400,40.79,U
sh600584,长电科技,2025-10-24 11:29:30,40.75,73300,40.8,D
sh600584,长电科技,2025-10-24 13:00:00,40.77,11000,40.78,D
sh600584,长电科技,2025-10-24 13:00:03,40.78,29700,40.77,D
sh600584,长电科技,2025-10-24 13:00:06,40.8,36400,40.78,U
sh600584,长电科技,2025-10-24 13:00:09,40.78,44600,40.8,D
sh600584,长电科技,2025-10-24 13:00:12,40.81,8200,40.78,U
sh600584,长电科技,2025-10-24 13:00:15,40.78,33300,40.81,D
sh600584,长电科技,2025-10-24 13:00:18,40.8,11400,40.78,E
sh600584,长电科技,2025-10-24 13:00:21,40.81,6400,40.8,U
sh600584,长电科技,2025-10-24 13:00:27,40.8,6200,40.8,D
sh600584,长电科技,2025-10-24 13:00:36,40.82,9400,40.81,U
sh600584,长电科技,2025-10-24 13:00:39,40.82,9200,40.82,U
sh600584,长电科技,2025-10-24 13:01:00,40.86,5400,40.85,U
sh600584,长电科技,2025-10-24 13:01:06,40.86,15400,40.86,U
sh600584,长电科技,2025-10-24 13:01:09,40.86,20800,40.86,U
sh600584,长电科技,2025-10-24 13:01:12,40.87,13800,40.86,U
sh600584,长电科技,2025-10-24 13:01:15,40.9,35603,40.87,U
sh600584,长电科技,2025-10-24 13:01:18,40.9,9600,40.9,U
sh600584,长电科技,2025-10-24 13:01:27,40.9,14100,40.9,D
sh600584,长电科技,2025-10-24 13:01:30,40.92,13100,40.9,U
sh600584,长电科技,2025-10-24 13:01:33,40.9,16400,40.92,D
sh600584,长电科技,2025-10-24 13:01:36,40.91,5900,40.9,U
sh600584,长电科技,2025-10-24 13:01:39,40.92,15700,40.91,U
sh600584,长电科技,2025-10-24 13:01:42,40.92,18000,40.92,U
sh600584,长电科技,2025-10-24 13:01:48,40.93,21800,40.93,U
sh600584,长电科技,2025-10-24 13:01:51,40.92,9800,40.93,D
sh600584,长电科技,2025-10-24 13:01:57,40.92,6100,40.93,D
sh600584,长电科技,2025-10-24 13:02:03,40.92,8700,40.93,D
sh600584,长电科技,2025-10-24 13:02:06,40.92,18500,40.92,D
sh600584,长电科技,2025-10-24 13:02:12,40.91,45700,40.92,D
sh600584,长电科技,2025-10-24 13:02:15,40.9,37700,40.91,D
sh600584,长电科技,2025-10-24 13:02:21,40.9,6900,40.9,U
sh600584,长电科技,2025-10-24 13:02:24,40.91,5100,40.9,U
sh600584,长电科技,2025-10-24 13:02:30,40.92,11200,40.9,U
sh600584,长电科技,2025-10-24 13:02:33,40.92,7800,40.92,D
sh600584,长电科技,2025-10-24 13:02:39,40.92,10900,40.92,U
sh600584,长电科技,2025-10-24 13:02:42,40.93,5100,40.92,U
sh600584,长电科技,2025-10-24 13:02:45,40.92,17000,40.93,D
sh600584,长电科技,2025-10-24 13:02:48,40.93,11400,40.92,U
sh600584,长电科技,2025-10-24 13:02:51,40.93,5300,40.93,D
sh600584,长电科技,2025-10-24 13:02:54,40.95,31400,40.93,U
sh600584,长电科技,2025-10-24 13:02:57,40.94,6700,40.95,D
sh600584,长电科技,2025-10-24 13:03:00,40.93,67800,40.94,D
sh600584,长电科技,2025-10-24 13:03:03,40.92,21100,40.93,D
sh600584,长电科技,2025-10-24 13:03:06,40.92,13000,40.92,D
sh600584,长电科技,2025-10-24 13:03:09,40.92,6900,40.92,U
sh600584,长电科技,2025-10-24 13:03:15,40.92,26900,40.91,U
sh600584,长电科技,2025-10-24 13:03:18,40.92,5400,40.92,U
sh600584,长电科技,2025-10-24 13:03:21,40.92,36200,40.92,U
sh600584,长电科技,2025-10-24 13:03:24,40.92,19600,40.92,D
sh600584,长电科技,2025-10-24 13:03:27,40.92,12200,40.92,D
sh600584,长电科技,2025-10-24 13:03:30,40.93,7800,40.92,U
sh600584,长电科技,2025-10-24 13:03:42,40.91,5000,40.91,E
sh600584,长电科技,2025-10-24 13:03:51,40.9,5900,40.91,D
sh600584,长电科技,2025-10-24 13:03:54,40.91,6400,40.9,U
sh600584,长电科技,2025-10-24 13:03:57,40.92,16800,40.91,U
sh600584,长电科技,2025-10-24 13:04:00,40.92,5500,40.92,D
sh600584,长电科技,2025-10-24 13:04:06,40.92,9200,40.92,D
sh600584,长电科技,2025-10-24 13:04:09,40.92,7800,40.92,U
sh600584,长电科技,2025-10-24 13:04:18,40.92,7400,40.92,D
sh600584,长电科技,2025-10-24 13:04:21,40.91,6100,40.92,D
sh600584,长电科技,2025-10-24 13:04:24,40.93,8200,40.91,U
sh600584,长电科技,2025-10-24 13:04:27,40.92,5200,40.93,D
sh600584,长电科技,2025-10-24 13:04:30,40.92,12000,40.92,D
sh600584,长电科技,2025-10-24 13:04:42,40.93,24800,40.92,U
sh600584,长电科技,2025-10-24 13:04:48,40.93,153500,40.92,U
sh600584,长电科技,2025-10-24 13:04:54,40.93,54100,40.93,U
sh600584,长电科技,2025-10-24 13:04:57,40.89,12500,40.93,D
sh600584,长电科技,2025-10-24 13:05:03,40.89,23000,40.93,E
sh600584,长电科技,2025-10-24 13:05:12,40.9,8900,40.9,D
sh600584,长电科技,2025-10-24 13:05:15,40.9,7700,40.9,U
sh600584,长电科技,2025-10-24 13:05:18,40.9,8900,40.9,U
sh600584,长电科技,2025-10-24 13:05:27,40.89,6100,40.9,D
sh600584,长电科技,2025-10-24 13:05:30,40.9,9400,40.89,D
sh600584,长电科技,2025-10-24 13:05:36,40.9,6700,40.9,U
sh600584,长电科技,2025-10-24 13:05:39,40.9,8700,40.9,U
sh600584,长电科技,2025-10-24 13:05:42,40.89,5700,40.9,D
sh600584,长电科技,2025-10-24 13:05:45,40.9,6100,40.89,U
sh600584,长电科技,2025-10-24 13:05:48,40.9,15900,40.9,U
sh600584,长电科技,2025-10-24 13:05:51,40.9,7000,40.9,D
sh600584,长电科技,2025-10-24 13:05:54,40.9,5000,40.9,D
sh600584,长电科技,2025-10-24 13:05:57,40.9,9200,40.9,U
sh600584,长电科技,2025-10-24 13:06:00,40.9,7900,40.9,U
sh600584,长电科技,2025-10-24 13:06:09,40.91,10700,40.91,D
sh600584,长电科技,2025-10-24 13:06:12,40.9,5700,40.91,D
sh600584,长电科技,2025-10-24 13:06:15,40.91,6500,40.9,U
sh600584,长电科技,2025-10-24 13:06:24,40.91,11300,40.92,E
sh600584,长电科技,2025-10-24 13:06:33,40.91,5100,40.91,D
sh600584,长电科技,2025-10-24 13:06:39,40.91,5300,40.91,U
sh600584,长电科技,2025-10-24 13:06:42,40.91,12200,40.91,U
sh600584,长电科技,2025-10-24 13:06:48,40.91,20900,40.91,U
sh600584,长电科技,2025-10-24 13:06:54,40.92,7100,40.91,U
sh600584,长电科技,2025-10-24 13:07:03,40.93,20900,40.89,U
sh600584,长电科技,2025-10-24 13:07:09,40.91,5200,40.92,D
sh600584,长电科技,2025-10-24 13:07:15,40.92,16400,40.91,U
sh600584,长电科技,2025-10-24 13:07:18,40.92,8800,40.92,U
sh600584,长电科技,2025-10-24 13:07:21,40.93,7300,40.92,U
sh600584,长电科技,2025-10-24 13:07:27,40.91,6600,40.91,U
sh600584,长电科技,2025-10-24 13:07:30,40.91,7600,40.91,U
sh600584,长电科技,2025-10-24 13:07:39,40.91,6800,40.91,U
sh600584,长电科技,2025-10-24 13:07:54,40.92,9600,40.91,U
sh600584,长电科技,2025-10-24 13:07:57,40.9,7000,40.92,D
sh600584,长电科技,2025-10-24 13:08:09,40.92,20600,40.92,U
sh600584,长电科技,2025-10-24 13:08:15,40.92,13700,40.93,D
sh600584,长电科技,2025-10-24 13:08:21,40.92,13500,40.92,D
sh600584,长电科技,2025-10-24 13:08:24,40.92,8200,40.92,U
sh600584,长电科技,2025-10-24 13:08:27,40.92,16600,40.92,U
sh600584,长电科技,2025-10-24 13:08:33,40.92,12300,40.92,D
sh600584,长电科技,2025-10-24 13:08:36,40.93,6000,40.92,U
sh600584,长电科技,2025-10-24 13:08:39,40.93,6700,40.93,U
sh600584,长电科技,2025-10-24 13:08:42,40.93,12700,40.93,U
sh600584,长电科技,2025-10-24 13:08:45,40.93,7000,40.93,D
sh600584,长电科技,2025-10-24 13:08:48,40.93,5400,40.93,D
sh600584,长电科技,2025-10-24 13:08:51,40.93,6400,40.93,D
sh600584,长电科技,2025-10-24 13:08:54,40.93,7500,40.93,D
sh600584,长电科技,2025-10-24 13:09:00,40.94,6200,40.93,U
sh600584,长电科技,2025-10-24 13:09:03,40.94,13900,40.94,U
sh600584,长电科技,2025-10-24 13:09:06,40.94,9300,40.94,U
sh600584,长电科技,2025-10-24 13:09:15,40.94,12900,40.93,U
sh600584,长电科技,2025-10-24 13:09:21,40.94,15900,40.94,U
sh600584,长电科技,2025-10-24 13:09:24,40.94,5600,40.94,U
sh600584,长电科技,2025-10-24 13:09:27,40.93,11100,40.94,D
sh600584,长电科技,2025-10-24 13:09:30,40.94,16800,40.93,U
sh600584,长电科技,2025-10-24 13:09:36,40.94,13000,40.94,D
sh600584,长电科技,2025-10-24 13:09:39,40.95,6500,40.94,U
sh600584,长电科技,2025-10-24 13:09:42,40.95,6800,40.95,U
sh600584,长电科技,2025-10-24 13:09:45,40.94,8300,40.95,D
sh600584,长电科技,2025-10-24 13:09:51,40.95,8600,40.95,U
sh600584,长电科技,2025-10-24 13:09:57,40.95,18100,40.95,U
sh600584,长电科技,2025-10-24 13:10:00,40.95,11800,40.95,U
sh600584,长电科技,2025-10-24 13:10:03,40.95,26600,40.95,U
sh600584,长电科技,2025-10-24 13:10:12,40.96,25100,40.95,U
sh600584,长电科技,2025-10-24 13:10:18,40.96,35200,40.95,U
sh600584,长电科技,2025-10-24 13:10:24,40.95,7000,40.96,D
sh600584,长电科技,2025-10-24 13:10:27,40.96,8600,40.95,U
sh600584,长电科技,2025-10-24 13:10:30,40.95,9400,40.96,D
sh600584,长电科技,2025-10-24 13:10:33,40.96,5500,40.95,U
sh600584,长电科技,2025-10-24 13:10:39,40.96,11200,40.96,U
sh600584,长电科技,2025-10-24 13:10:45,40.96,21600,40.97,D
sh600584,长电科技,2025-10-24 13:10:54,40.97,5300,40.97,U
sh600584,长电科技,2025-10-24 13:10:57,40.96,9500,40.97,D
sh600584,长电科技,2025-10-24 13:11:00,40.97,6200,40.96,U
sh600584,长电科技,2025-10-24 13:11:03,40.97,8200,40.97,U
sh600584,长电科技,2025-10-24 13:11:06,40.95,60400,40.97,D
sh600584,长电科技,2025-10-24 13:11:09,40.94,21000,40.95,D
sh600584,长电科技,2025-10-24 13:11:15,40.94,15400,40.94,U
sh600584,长电科技,2025-10-24 13:11:18,40.94,9600,40.94,U
sh600584,长电科技,2025-10-24 13:11:21,40.94,10400,40.94,D
sh600584,长电科技,2025-10-24 13:11:24,40.95,5300,40.94,U
sh600584,长电科技,2025-10-24 13:11:27,40.95,5400,40.95,U
sh600584,长电科技,2025-10-24 13:11:36,40.94,8000,40.95,D
sh600584,长电科技,2025-10-24 13:11:39,40.94,6600,40.94,D
sh600584,长电科技,2025-10-24 13:11:42,40.94,7000,40.94,D
sh600584,长电科技,2025-10-24 13:11:48,40.95,5300,40.95,D
sh600584,长电科技,2025-10-24 13:11:51,40.95,23700,40.95,U
sh600584,长电科技,2025-10-24 13:11:54,40.95,17900,40.95,U
sh600584,长电科技,2025-10-24 13:11:57,40.95,5800,40.95,D
sh600584,长电科技,2025-10-24 13:12:00,40.95,6700,40.95,U
sh600584,长电科技,2025-10-24 13:12:03,40.95,16600,40.95,U
sh600584,长电科技,2025-10-24 13:12:06,40.95,6000,40.95,U
sh600584,长电科技,2025-10-24 13:12:09,40.94,12900,40.95,D
sh600584,长电科技,2025-10-24 13:12:12,40.95,7100,40.94,U
sh600584,长电科技,2025-10-24 13:12:15,40.94,16400,40.95,D
sh600584,长电科技,2025-10-24 13:12:18,40.95,21100,40.94,U
sh600584,长电科技,2025-10-24 13:12:21,40.95,8200,40.95,U
sh600584,长电科技,2025-10-24 13:12:24,40.94,5300,40.95,D
sh600584,长电科技,2025-10-24 13:12:30,40.94,9800,40.94,D
sh600584,长电科技,2025-10-24 13:12:33,40.95,10700,40.94,U
sh600584,长电科技,2025-10-24 13:12:36,40.94,12700,40.95,D
sh600584,长电科技,2025-10-24 13:12:39,40.94,21000,40.94,D
sh600584,长电科技,2025-10-24 13:12:42,40.94,28700,40.94,D
sh600584,长电科技,2025-10-24 13:12:45,40.95,5400,40.94,U
sh600584,长电科技,2025-10-24 13:12:54,40.94,26000,40.95,D
sh600584,长电科技,2025-10-24 13:13:03,40.93,15000,40.94,D
sh600584,长电科技,2025-10-24 13:13:12,40.92,5300,40.93,D
sh600584,长电科技,2025-10-24 13:13:15,40.92,9700,40.92,D
sh600584,长电科技,2025-10-24 13:13:18,40.92,24200,40.92,D
sh600584,长电科技,2025-10-24 13:13:24,40.92,5000,40.92,U
sh600584,长电科技,2025-10-24 13:13:30,40.91,20300,40.92,D
sh600584,长电科技,2025-10-24 13:13:36,40.9,6700,40.9,D
sh600584,长电科技,2025-10-24 13:13:39,40.9,7000,40.9,D
sh600584,长电科技,2025-10-24 13:13:42,40.9,11500,40.9,D
sh600584,长电科技,2025-10-24 13:13:48,40.9,18900,40.9,D
sh600584,长电科技,2025-10-24 13:13:51,40.9,46100,40.9,D
sh600584,长电科技,2025-10-24 13:14:00,40.89,9100,40.89,D
sh600584,长电科技,2025-10-24 13:14:09,40.89,9270,40.88,U
sh600584,长电科技,2025-10-24 13:14:12,40.88,9030,40.89,D
sh600584,长电科技,2025-10-24 13:14:15,40.88,22300,40.88,U
sh600584,长电科技,2025-10-24 13:14:18,40.88,21200,40.88,U
sh600584,长电科技,2025-10-24 13:14:27,40.86,35900,40.86,D
sh600584,长电科技,2025-10-24 13:14:30,40.87,6200,40.86,U
sh600584,长电科技,2025-10-24 13:14:33,40.86,19800,40.87,D
sh600584,长电科技,2025-10-24 13:14:36,40.86,15300,40.86,D
sh600584,长电科技,2025-10-24 13:14:39,40.85,8200,40.86,D
sh600584,长电科技,2025-10-24 13:14:42,40.85,6200,40.85,D
sh600584,长电科技,2025-10-24 13:14:48,40.84,10300,40.85,D
sh600584,长电科技,2025-10-24 13:14:54,40.84,8100,40.84,D
sh600584,长电科技,2025-10-24 13:15:00,40.84,8300,40.85,D
sh600584,长电科技,2025-10-24 13:15:03,40.83,13400,40.84,D
sh600584,长电科技,2025-10-24 13:15:15,40.82,6000,40.83,D
sh600584,长电科技,2025-10-24 13:15:18,40.82,4900,40.82,U
sh600584,长电科技,2025-10-24 13:15:21,40.81,7900,40.82,D
sh600584,长电科技,2025-10-24 13:15:27,40.82,17800,40.82,E
sh600584,长电科技,2025-10-24 13:15:30,40.81,7500,40.82,D
sh600584,长电科技,2025-10-24 13:15:33,40.83,14300,40.81,U
sh600584,长电科技,2025-10-24 13:15:36,40.82,20800,40.83,D
sh600584,长电科技,2025-10-24 13:15:42,40.84,8600,40.81,U
sh600584,长电科技,2025-10-24 13:15:45,40.84,13600,40.84,U
sh600584,长电科技,2025-10-24 13:15:48,40.85,5500,40.84,U
sh600584,长电科技,2025-10-24 13:15:51,40.86,20400,40.85,U
sh600584,长电科技,2025-10-24 13:16:00,40.86,8700,40.86,U
sh600584,长电科技,2025-10-24 13:16:06,40.86,8200,40.86,U
sh600584,长电科技,2025-10-24 13:16:24,40.86,25900,40.87,D
sh600584,长电科技,2025-10-24 13:16:30,40.87,6000,40.87,U
sh600584,长电科技,2025-10-24 13:16:36,40.87,12300,40.87,U
sh600584,长电科技,2025-10-24 13:16:39,40.87,5500,40.87,U
sh600584,长电科技,2025-10-24 13:16:48,40.86,7200,40.86,D
sh600584,长电科技,2025-10-24 13:16:57,40.86,12700,40.87,D
sh600584,长电科技,2025-10-24 13:17:00,40.87,6300,40.86,D
sh600584,长电科技,2025-10-24 13:17:15,40.86,11500,40.87,D
sh600584,长电科技,2025-10-24 13:17:21,40.86,15500,40.86,U
sh600584,长电科技,2025-10-24 13:17:27,40.85,6400,40.86,D
sh600584,长电科技,2025-10-24 13:17:30,40.86,17100,40.85,U
sh600584,长电科技,2025-10-24 13:17:51,40.85,7400,40.86,D
sh600584,长电科技,2025-10-24 13:17:54,40.86,8900,40.85,U
sh600584,长电科技,2025-10-24 13:17:57,40.85,7800,40.86,D
sh600584,长电科技,2025-10-24 13:18:00,40.85,9700,40.85,D
sh600584,长电科技,2025-10-24 13:18:03,40.85,7000,40.85,U
sh600584,长电科技,2025-10-24 13:18:06,40.84,7800,40.85,D
sh600584,长电科技,2025-10-24 13:18:09,40.85,6800,40.84,E
sh600584,长电科技,2025-10-24 13:18:15,40.86,9300,40.87,D
sh600584,长电科技,2025-10-24 13:18:18,40.85,6900,40.86,D
sh600584,长电科技,2025-10-24 13:18:27,40.85,20800,40.86,D
sh600584,长电科技,2025-10-24 13:18:39,40.87,6900,40.86,U
sh600584,长电科技,2025-10-24 13:18:45,40.86,18200,40.87,D
