symbol,name,ticktime,price,volume,prev_price,kind
sh600584,长电科技,2025-09-19 09:25:01,39.43,717100,0.0,U
sh600584,长电科技,2025-09-19 09:30:00,39.27,27900,39.43,D
sh600584,长电科技,2025-09-19 09:30:03,39.31,63000,39.27,U
sh600584,长电科技,2025-09-19 09:30:06,39.36,92700,39.31,E
sh600584,长电科技,2025-09-19 09:30:09,39.36,90600,39.36,U
sh600584,长电科技,2025-09-19 09:30:12,39.21,206700,39.36,D
sh600584,长电科技,2025-09-19 09:30:15,39.36,99200,39.21,U
sh600584,长电科技,2025-09-19 09:30:18,39.36,87000,39.36,U
sh600584,长电科技,2025-09-19 09:30:21,39.36,224600,39.36,U
sh600584,长电科技,2025-09-19 09:30:24,39.27,75100,39.36,E
sh600584,长电科技,2025-09-19 09:30:27,39.33,97600,39.27,U
sh600584,长电科技,2025-09-19 09:30:30,39.36,82700,39.33,U
sh600584,长电科技,2025-09-19 09:30:33,39.36,143100,39.36,D
sh600584,长电科技,2025-09-19 09:30:36,39.36,104700,39.36,D
sh600584,长电科技,2025-09-19 09:30:39,39.35,102700,39.36,U
sh600584,长电科技,2025-09-19 09:30:42,39.3,61700,39.35,U
sh600584,长电科技,2025-09-19 09:30:45,39.3,58400,39.3,U
sh600584,长电科技,2025-09-19 09:30:48,39.3,56700,39.3,D
sh600584,长电科技,2025-09-19 09:30:51,39.29,40100,39.3,U
sh600584,长电科技,2025-09-19 09:30:54,39.21,139800,39.29,D
sh600584,长电科技,2025-09-19 09:30:57,39.21,95353,39.21,D
sh600584,长电科技,2025-09-19 09:31:00,39.2,56034,39.21,D
sh600584,长电科技,2025-09-19 09:31:03,39.18,35713,39.2,D
sh600584,长电科技,2025-09-19 09:31:06,39.16,66800,39.18,D
sh600584,长电科技,2025-09-19 09:31:09,39.15,81500,39.16,D
sh600584,长电科技,2025-09-19 09:31:12,39.15,50800,39.15,U
sh600584,长电科技,2025-09-19 09:31:15,39.1,28200,39.15,D
sh600584,长电科技,2025-09-19 09:31:18,39.07,49200,39.1,D
sh600584,长电科技,2025-09-19 09:31:21,39.01,75200,39.07,D
sh600584,长电科技,2025-09-19 09:31:24,39.07,101700,39.01,U
sh600584,长电科技,2025-09-19 09:31:27,39.06,78200,39.07,D
sh600584,长电科技,2025-09-19 09:31:30,39.06,70300,39.06,U
sh600584,长电科技,2025-09-19 09:31:33,39.07,79200,39.06,U
sh600584,长电科技,2025-09-19 09:31:36,39.07,72000,39.07,D
sh600584,长电科技,2025-09-19 09:31:39,39.1,72900,39.07,U
sh600584,长电科技,2025-09-19 09:31:42,39.07,28000,39.1,D
sh600584,长电科技,2025-09-19 09:31:45,39.1,35300,39.07,U
sh600584,长电科技,2025-09-19 09:31:48,39.1,51700,39.1,D
sh600584,长电科技,2025-09-19 09:31:51,39.14,84600,39.1,U
sh600584,长电科技,2025-09-19 09:31:54,39.16,50900,39.14,U
sh600584,长电科技,2025-09-19 09:31:57,39.18,10200,39.16,U
sh600584,长电科技,2025-09-19 09:32:00,39.21,54400,39.18,U
sh600584,长电科技,2025-09-19 09:32:03,39.23,28500,39.21,U
sh600584,长电科技,2025-09-19 09:32:06,39.27,24300,39.23,U
sh600584,长电科技,2025-09-19 09:32:09,39.29,16100,39.27,U
sh600584,长电科技,2025-09-19 09:32:12,39.3,44700,39.29,U
sh600584,长电科技,2025-09-19 09:32:15,39.34,23300,39.3,U
sh600584,长电科技,2025-09-19 09:32:18,39.32,35900,39.34,D
sh600584,长电科技,2025-09-19 09:32:21,39.31,126900,39.32,D
sh600584,长电科技,2025-09-19 09:32:24,39.35,56300,39.31,U
sh600584,长电科技,2025-09-19 09:32:27,39.36,109000,39.35,U
sh600584,长电科技,2025-09-19 09:32:30,39.35,80300,39.36,D
sh600584,长电科技,2025-09-19 09:32:33,39.34,105200,39.35,D
sh600584,长电科技,2025-09-19 09:32:36,39.35,81700,39.34,U
sh600584,长电科技,2025-09-19 09:32:39,39.35,58300,39.35,D
sh600584,长电科技,2025-09-19 09:32:42,39.34,103200,39.35,U
sh600584,长电科技,2025-09-19 09:32:45,39.34,127300,39.34,D
sh600584,长电科技,2025-09-19 09:32:48,39.36,104272,39.34,U
sh600584,长电科技,2025-09-19 09:32:51,39.35,71100,39.36,D
sh600584,长电科技,2025-09-19 09:32:54,39.35,68800,39.35,D
sh600584,长电科技,2025-09-19 09:32:57,39.39,71100,39.35,U
sh600584,长电科技,2025-09-19 09:33:00,39.38,94200,39.39,U
sh600584,长电科技,2025-09-19 09:33:03,39.35,117928,39.38,D
sh600584,长电科技,2025-09-19 09:33:06,39.3,87400,39.35,D
sh600584,长电科技,2025-09-19 09:33:09,39.29,20900,39.3,D
sh600584,长电科技,2025-09-19 09:33:12,39.24,41300,39.29,D
sh600584,长电科技,2025-09-19 09:33:15,39.22,31300,39.24,D
sh600584,长电科技,2025-09-19 09:33:18,39.2,71500,39.22,D
sh600584,长电科技,2025-09-19 09:33:21,39.19,45200,39.2,D
sh600584,长电科技,2025-09-19 09:33:24,39.16,24900,39.19,D
sh600584,长电科技,2025-09-19 09:33:27,39.22,170800,39.16,U
sh600584,长电科技,2025-09-19 09:33:30,39.25,48400,39.22,U
sh600584,长电科技,2025-09-19 09:33:33,39.25,61800,39.25,D
sh600584,长电科技,2025-09-19 09:33:36,39.25,66800,39.25,D
sh600584,长电科技,2025-09-19 09:33:39,39.25,34200,39.25,U
sh600584,长电科技,2025-09-19 09:33:42,39.25,71800,39.25,U
sh600584,长电科技,2025-09-19 09:33:45,39.27,59000,39.25,U
sh600584,长电科技,2025-09-19 09:33:48,39.31,121111,39.27,U
sh600584,长电科技,2025-09-19 09:33:51,39.31,26000,39.31,U
sh600584,长电科技,2025-09-19 09:33:54,39.34,17700,39.31,U
sh600584,长电科技,2025-09-19 09:33:57,39.34,18600,39.34,U
sh600584,长电科技,2025-09-19 09:34:00,39.28,14000,39.34,D
sh600584,长电科技,2025-09-19 09:34:03,39.34,73700,39.28,U
sh600584,长电科技,2025-09-19 09:34:06,39.32,49800,39.34,E
sh600584,长电科技,2025-09-19 09:34:09,39.29,78900,39.32,D
sh600584,长电科技,2025-09-19 09:34:12,39.35,220600,39.29,U
sh600584,长电科技,2025-09-19 09:34:15,39.34,109500,39.35,D
sh600584,长电科技,2025-09-19 09:34:18,39.38,68000,39.34,U
sh600584,长电科技,2025-09-19 09:34:21,39.38,61600,39.38,U
sh600584,长电科技,2025-09-19 09:34:24,39.44,273438,39.38,U
sh600584,长电科技,2025-09-19 09:34:27,39.42,20200,39.44,D
sh600584,长电科技,2025-09-19 09:34:30,39.42,30900,39.42,D
sh600584,长电科技,2025-09-19 09:34:33,39.45,21600,39.42,U
sh600584,长电科技,2025-09-19 09:34:36,39.42,58800,39.45,D
sh600584,长电科技,2025-09-19 09:34:39,39.46,35000,39.42,U
sh600584,长电科技,2025-09-19 09:34:42,39.46,15000,39.46,D
sh600584,长电科技,2025-09-19 09:34:45,39.46,141500,39.46,D
sh600584,长电科技,2025-09-19 09:34:48,39.49,23300,39.46,U
sh600584,长电科技,2025-09-19 09:34:51,39.49,77500,39.49,U
sh600584,长电科技,2025-09-19 09:34:54,39.48,90200,39.49,E
sh600584,长电科技,2025-09-19 09:34:57,39.49,169800,39.48,U
sh600584,长电科技,2025-09-19 09:35:00,39.48,78800,39.49,D
sh600584,长电科技,2025-09-19 09:35:03,39.49,69200,39.48,U
sh600584,长电科技,2025-09-19 09:35:06,39.47,96300,39.49,E
sh600584,长电科技,2025-09-19 09:35:09,39.46,79700,39.47,D
sh600584,长电科技,2025-09-19 09:35:12,39.46,90300,39.46,E
sh600584,长电科技,2025-09-19 09:35:15,39.47,50400,39.46,U
sh600584,长电科技,2025-09-19 09:35:18,39.48,174200,39.47,U
sh600584,长电科技,2025-09-19 09:35:21,39.48,45300,39.48,U
sh600584,长电科技,2025-09-19 09:35:24,39.47,41000,39.48,E
sh600584,长电科技,2025-09-19 09:35:27,39.47,98100,39.47,U
sh600584,长电科技,2025-09-19 09:35:30,39.48,137200,39.47,U
sh600584,长电科技,2025-09-19 09:35:33,39.48,35700,39.48,D
sh600584,长电科技,2025-09-19 09:35:36,39.48,123100,39.48,D
sh600584,长电科技,2025-09-19 09:35:39,39.49,120600,39.48,U
sh600584,长电科技,2025-09-19 09:35:42,39.52,270400,39.49,U
sh600584,长电科技,2025-09-19 09:35:45,39.52,209100,39.52,U
sh600584,长电科技,2025-09-19 09:35:48,39.52,26000,39.52,U
sh600584,长电科技,2025-09-19 09:35:51,39.52,22400,39.52,U
sh600584,长电科技,2025-09-19 09:35:54,39.53,33000,39.52,U
sh600584,长电科技,2025-09-19 09:35:57,39.55,27000,39.53,U
sh600584,长电科技,2025-09-19 09:36:00,39.56,30400,39.55,U
sh600584,长电科技,2025-09-19 09:36:03,39.58,51700,39.56,U
sh600584,长电科技,2025-09-19 09:36:06,39.59,42100,39.58,U
sh600584,长电科技,2025-09-19 09:36:09,39.6,33200,39.59,U
sh600584,长电科技,2025-09-19 09:36:12,39.6,40100,39.6,U
sh600584,长电科技,2025-09-19 09:36:15,39.6,43800,39.6,U
sh600584,长电科技,2025-09-19 09:36:18,39.63,48000,39.6,U
sh600584,长电科技,2025-09-19 09:36:21,39.62,50900,39.63,D
sh600584,长电科技,2025-09-19 09:36:24,39.6,190100,39.62,D
sh600584,长电科技,2025-09-19 09:36:27,39.63,102600,39.6,U
sh600584,长电科技,2025-09-19 09:36:30,39.63,94400,39.63,U
sh600584,长电科技,2025-09-19 09:36:33,39.62,34200,39.63,D
sh600584,长电科技,2025-09-19 09:36:36,39.63,52100,39.62,U
sh600584,长电科技,2025-09-19 09:36:39,39.62,174400,39.63,D
sh600584,长电科技,2025-09-19 09:36:42,39.63,249800,39.62,U
sh600584,长电科技,2025-09-19 09:36:45,39.62,73600,39.63,D
sh600584,长电科技,2025-09-19 09:36:48,39.63,230500,39.62,U
sh600584,长电科技,2025-09-19 09:36:51,39.63,40700,39.63,D
sh600584,长电科技,2025-09-19 09:36:54,39.65,125400,39.63,U
sh600584,长电科技,2025-09-19 09:36:57,39.67,14700,39.65,U
sh600584,长电科技,2025-09-19 09:37:00,39.65,55900,39.67,D
sh600584,长电科技,2025-09-19 09:37:03,39.65,155000,39.65,U
sh600584,长电科技,2025-09-19 09:37:06,39.66,106200,39.65,U
sh600584,长电科技,2025-09-19 09:37:09,39.65,22200,39.66,D
sh600584,长电科技,2025-09-19 09:37:12,39.66,39300,39.65,E
sh600584,长电科技,2025-09-19 09:37:15,39.66,49100,39.66,U
sh600584,长电科技,2025-09-19 09:37:18,39.66,36100,39.66,D
sh600584,长电科技,2025-09-19 09:37:21,39.67,49300,39.66,U
sh600584,长电科技,2025-09-19 09:37:24,39.66,126600,39.67,D
sh600584,长电科技,2025-09-19 09:37:27,39.66,100400,39.66,U
sh600584,长电科技,2025-09-19 09:37:30,39.67,24700,39.66,D
sh600584,长电科技,2025-09-19 09:37:33,39.66,80900,39.67,D
sh600584,长电科技,2025-09-19 09:37:36,39.66,56700,39.66,E
sh600584,长电科技,2025-09-19 09:37:39,39.62,166700,39.66,D
sh600584,长电科技,2025-09-19 09:37:42,39.62,65300,39.62,U
sh600584,长电科技,2025-09-19 09:37:45,39.59,77300,39.62,D
sh600584,长电科技,2025-09-19 09:37:48,39.57,97200,39.59,D
sh600584,长电科技,2025-09-19 09:37:51,39.56,32600,39.57,D
sh600584,长电科技,2025-09-19 09:37:54,39.56,39700,39.56,D
sh600584,长电科技,2025-09-19 09:37:57,39.56,25100,39.56,U
sh600584,长电科技,2025-09-19 09:38:00,39.54,48300,39.56,D
sh600584,长电科技,2025-09-19 09:38:03,39.56,183100,39.54,U
sh600584,长电科技,2025-09-19 09:38:06,39.54,23200,39.56,D
sh600584,长电科技,2025-09-19 09:38:09,39.53,15800,39.54,D
sh600584,长电科技,2025-09-19 09:38:12,39.53,29100,39.53,U
sh600584,长电科技,2025-09-19 09:38:15,39.52,49200,39.53,D
sh600584,长电科技,2025-09-19 09:38:18,39.52,20100,39.52,D
sh600584,长电科技,2025-09-19 09:38:21,39.52,41600,39.52,U
sh600584,长电科技,2025-09-19 09:38:24,39.52,42600,39.52,U
sh600584,长电科技,2025-09-19 09:38:27,39.5,103000,39.52,D
sh600584,长电科技,2025-09-19 09:38:30,39.51,38600,39.5,U
sh600584,长电科技,2025-09-19 09:38:33,39.49,39800,39.51,D
sh600584,长电科技,2025-09-19 09:38:36,39.47,67400,39.49,D
sh600584,长电科技,2025-09-19 09:38:39,39.48,18900,39.47,E
sh600584,长电科技,2025-09-19 09:38:42,39.46,27600,39.48,D
sh600584,长电科技,2025-09-19 09:38:45,39.45,23100,39.46,D
sh600584,长电科技,2025-09-19 09:38:48,39.46,30300,39.45,U
sh600584,长电科技,2025-09-19 09:38:51,39.46,40700,39.46,D
sh600584,长电科技,2025-09-19 09:38:54,39.46,86700,39.46,U
sh600584,长电科技,2025-09-19 09:38:57,39.46,39100,39.46,D
sh600584,长电科技,2025-09-19 09:39:00,39.51,24300,39.46,U
sh600584,长电科技,2025-09-19 09:39:03,39.46,87500,39.51,D
sh600584,长电科技,2025-09-19 09:39:06,39.49,25400,39.46,U
sh600584,长电科技,2025-09-19 09:39:09,39.5,10800,39.49,U
sh600584,长电科技,2025-09-19 09:39:12,39.51,21600,39.5,U
sh600584,长电科技,2025-09-19 09:39:15,39.5,12800,39.51,D
sh600584,长电科技,2025-09-19 09:39:18,39.5,26700,39.5,D
sh600584,长电科技,2025-09-19 09:39:21,39.51,13800,39.5,E
sh600584,长电科技,2025-09-19 09:39:24,39.5,27100,39.51,D
sh600584,长电科技,2025-09-19 09:39:27,39.52,32400,39.5,U
sh600584,长电科技,2025-09-19 09:39:30,39.53,43800,39.52,U
sh600584,长电科技,2025-09-19 09:39:33,39.51,191400,39.53,D
sh600584,长电科技,2025-09-19 09:39:36,39.52,48600,39.51,U
sh600584,长电科技,2025-09-19 09:39:39,39.52,46700,39.52,U
sh600584,长电科技,2025-09-19 09:39:42,39.52,44400,39.52,D
sh600584,长电科技,2025-09-19 09:39:45,39.51,34500,39.52,U
sh600584,长电科技,2025-09-19 09:39:48,39.48,48700,39.51,D
sh600584,长电科技,2025-09-19 09:39:51,39.43,149300,39.48,D
sh600584,长电科技,2025-09-19 09:39:54,39.43,45800,39.43,D
sh600584,长电科技,2025-09-19 09:39:57,39.48,13400,39.43,U
sh600584,长电科技,2025-09-19 09:40:00,39.43,18500,39.48,D
sh600584,长电科技,2025-09-19 09:40:03,39.44,42500,39.43,E
sh600584,长电科技,2025-09-19 09:40:06,39.44,154100,39.44,D
sh600584,长电科技,2025-09-19 09:40:09,39.44,26000,39.44,D
sh600584,长电科技,2025-09-19 09:40:12,39.43,21100,39.44,D
sh600584,长电科技,2025-09-19 09:40:15,39.44,15900,39.43,U
sh600584,长电科技,2025-09-19 09:40:18,39.43,41000,39.44,D
sh600584,长电科技,2025-09-19 09:40:21,39.41,23300,39.43,D
sh600584,长电科技,2025-09-19 09:40:24,39.41,33400,39.41,D
sh600584,长电科技,2025-09-19 09:40:27,39.48,129000,39.41,U
sh600584,长电科技,2025-09-19 09:40:30,39.42,16600,39.48,D
sh600584,长电科技,2025-09-19 09:40:33,39.43,34000,39.42,D
sh600584,长电科技,2025-09-19 09:40:36,39.43,8900,39.43,D
sh600584,长电科技,2025-09-19 09:40:39,39.43,6200,39.43,D
sh600584,长电科技,2025-09-19 09:40:42,39.44,84300,39.43,E
sh600584,长电科技,2025-09-19 09:40:45,39.48,18500,39.44,U
sh600584,长电科技,2025-09-19 09:40:48,39.48,14500,39.48,U
sh600584,长电科技,2025-09-19 09:40:51,39.48,12500,39.48,D
sh600584,长电科技,2025-09-19 09:40:54,39.49,37600,39.48,U
sh600584,长电科技,2025-09-19 09:40:57,39.48,16500,39.49,D
sh600584,长电科技,2025-09-19 09:41:00,39.5,13800,39.48,U
sh600584,长电科技,2025-09-19 09:41:03,39.51,93900,39.5,U
sh600584,长电科技,2025-09-19 09:41:06,39.5,9100,39.51,D
sh600584,长电科技,2025-09-19 09:41:09,39.5,12500,39.5,D
sh600584,长电科技,2025-09-19 09:41:12,39.51,25500,39.5,U
sh600584,长电科技,2025-09-19 09:41:15,39.52,27900,39.51,E
sh600584,长电科技,2025-09-19 09:41:18,39.53,13400,39.52,U
sh600584,长电科技,2025-09-19 09:41:21,39.53,33500,39.53,D
sh600584,长电科技,2025-09-19 09:41:24,39.53,27900,39.53,D
sh600584,长电科技,2025-09-19 09:41:27,39.53,66200,39.53,U
sh600584,长电科技,2025-09-19 09:41:30,39.52,59700,39.53,E
sh600584,长电科技,2025-09-19 09:41:33,39.5,30200,39.52,D
sh600584,长电科技,2025-09-19 09:41:36,39.51,31400,39.5,U
sh600584,长电科技,2025-09-19 09:41:39,39.48,68900,39.51,D
sh600584,长电科技,2025-09-19 09:41:42,39.42,99800,39.48,D
sh600584,长电科技,2025-09-19 09:41:45,39.4,53800,39.42,D
sh600584,长电科技,2025-09-19 09:41:48,39.38,61500,39.4,D
sh600584,长电科技,2025-09-19 09:41:51,39.36,36800,39.38,D
sh600584,长电科技,2025-09-19 09:41:54,39.31,45700,39.36,D
sh600584,长电科技,2025-09-19 09:41:57,39.28,63200,39.31,D
sh600584,长电科技,2025-09-19 09:42:00,39.28,35600,39.28,D
sh600584,长电科技,2025-09-19 09:42:03,39.26,48800,39.28,D
sh600584,长电科技,2025-09-19 09:42:06,39.23,19700,39.26,D
sh600584,长电科技,2025-09-19 09:42:09,39.24,24260,39.23,E
sh600584,长电科技,2025-09-19 09:42:12,39.22,12800,39.24,E
sh600584,长电科技,2025-09-19 09:42:15,39.2,34240,39.22,D
sh600584,长电科技,2025-09-19 09:42:18,39.19,84600,39.2,D
sh600584,长电科技,2025-09-19 09:42:21,39.16,99400,39.19,D
sh600584,长电科技,2025-09-19 09:42:24,39.13,9000,39.16,D
sh600584,长电科技,2025-09-19 09:42:27,39.11,25900,39.13,D
sh600584,长电科技,2025-09-19 09:42:30,39.1,42700,39.11,D
sh600584,长电科技,2025-09-19 09:42:33,39.08,32300,39.1,D
sh600584,长电科技,2025-09-19 09:42:36,39.08,57300,39.08,U
sh600584,长电科技,2025-09-19 09:42:39,39.09,44000,39.08,E
sh600584,长电科技,2025-09-19 09:42:42,39.08,96700,39.09,D
sh600584,长电科技,2025-09-19 09:42:45,39.09,33300,39.08,U
sh600584,长电科技,2025-09-19 09:42:48,39.06,49660,39.09,D
sh600584,长电科技,2025-09-19 09:42:51,39.06,62040,39.06,D
sh600584,长电科技,2025-09-19 09:42:54,39.07,94360,39.06,U
sh600584,长电科技,2025-09-19 09:42:57,39.06,162100,39.07,D
sh600584,长电科技,2025-09-19 09:43:00,39.05,21300,39.06,E
sh600584,长电科技,2025-09-19 09:43:03,39.01,14100,39.05,D
sh600584,长电科技,2025-09-19 09:43:06,39.02,41000,39.01,E
sh600584,长电科技,2025-09-19 09:43:09,39.06,94900,39.02,U
sh600584,长电科技,2025-09-19 09:43:12,39.05,38200,39.06,E
sh600584,长电科技,2025-09-19 09:43:15,39.06,34900,39.05,E
sh600584,长电科技,2025-09-19 09:43:18,39.08,43500,39.06,U
sh600584,长电科技,2025-09-19 09:43:21,39.09,17500,39.08,U
sh600584,长电科技,2025-09-19 09:43:24,39.1,25100,39.09,U
sh600584,长电科技,2025-09-19 09:43:27,39.1,46500,39.1,U
sh600584,长电科技,2025-09-19 09:43:30,39.1,27700,39.1,D
sh600584,长电科技,2025-09-19 09:43:33,39.09,44500,39.1,D
sh600584,长电科技,2025-09-19 09:43:36,39.1,111900,39.09,U
sh600584,长电科技,2025-09-19 09:43:39,39.1,23100,39.1,D
sh600584,长电科技,2025-09-19 09:43:42,39.1,63800,39.1,U
sh600584,长电科技,2025-09-19 09:43:45,39.1,28000,39.1,U
sh600584,长电科技,2025-09-19 09:43:48,39.07,32800,39.1,D
sh600584,长电科技,2025-09-19 09:43:51,39.09,18400,39.07,U
sh600584,长电科技,2025-09-19 09:43:54,39.07,14300,39.09,D
sh600584,长电科技,2025-09-19 09:43:57,39.07,74200,39.07,D
sh600584,长电科技,2025-09-19 09:44:00,39.06,44800,39.07,D
sh600584,长电科技,2025-09-19 09:44:03,39.06,51500,39.06,D
sh600584,长电科技,2025-09-19 09:44:06,39.06,16200,39.06,U
sh600584,长电科技,2025-09-19 09:44:09,39.03,23700,39.06,D
sh600584,长电科技,2025-09-19 09:44:12,39.03,12100,39.03,D
sh600584,长电科技,2025-09-19 09:44:15,39.02,17800,39.03,D
sh600584,长电科技,2025-09-19 09:44:18,39.03,24000,39.02,U
sh600584,长电科技,2025-09-19 09:44:21,39.02,40100,39.03,D
sh600584,长电科技,2025-09-19 09:44:24,39.01,98600,39.02,D
sh600584,长电科技,2025-09-19 09:44:27,39.01,75700,39.01,D
sh600584,长电科技,2025-09-19 09:44:30,39.01,105000,39.01,D
sh600584,长电科技,2025-09-19 09:44:33,39.02,156200,39.01,U
sh600584,长电科技,2025-09-19 09:44:36,39.03,118000,39.02,U
sh600584,长电科技,2025-09-19 09:44:39,39.02,168100,39.03,D
sh600584,长电科技,2025-09-19 09:44:42,39.01,14000,39.02,D
sh600584,长电科技,2025-09-19 09:44:45,39.01,34300,39.01,D
sh600584,长电科技,2025-09-19 09:44:48,39.01,53200,39.01,U
sh600584,长电科技,2025-09-19 09:44:51,39.01,101300,39.01,U
sh600584,长电科技,2025-09-19 09:44:54,39.0,136640,39.01,D
sh600584,长电科技,2025-09-19 09:44:57,39.0,23400,39.0,U
sh600584,长电科技,2025-09-19 09:45:00,38.98,21500,39.0,D
sh600584,长电科技,2025-09-19 09:45:03,38.98,96000,38.98,D
sh600584,长电科技,2025-09-19 09:45:06,38.98,153400,38.98,U
sh600584,长电科技,2025-09-19 09:45:09,38.94,46300,38.98,D
sh600584,长电科技,2025-09-19 09:45:12,38.94,68000,38.94,D
sh600584,长电科技,2025-09-19 09:45:15,39.03,87460,38.94,U
sh600584,长电科技,2025-09-19 09:45:18,39.02,16600,39.03,D
sh600584,长电科技,2025-09-19 09:45:21,39.04,29600,39.02,E
sh600584,长电科技,2025-09-19 09:45:24,39.07,36700,39.04,U
sh600584,长电科技,2025-09-19 09:45:27,39.05,44300,39.07,D
sh600584,长电科技,2025-09-19 09:45:30,39.04,36600,39.05,E
sh600584,长电科技,2025-09-19 09:45:33,39.05,24500,39.04,E
sh600584,长电科技,2025-09-19 09:45:36,39.06,36900,39.05,U
sh600584,长电科技,2025-09-19 09:45:39,39.08,35800,39.06,U
sh600584,长电科技,2025-09-19 09:45:42,39.06,51100,39.08,D
sh600584,长电科技,2025-09-19 09:45:45,39.07,54000,39.06,U
sh600584,长电科技,2025-09-19 09:45:48,39.07,26300,39.07,U
sh600584,长电科技,2025-09-19 09:45:51,39.08,22600,39.07,U
sh600584,长电科技,2025-09-19 09:45:54,39.09,21400,39.08,U
sh600584,长电科技,2025-09-19 09:45:57,39.1,24400,39.09,U
sh600584,长电科技,2025-09-19 09:46:00,39.13,23800,39.1,U
sh600584,长电科技,2025-09-19 09:46:03,39.18,9000,39.13,U
sh600584,长电科技,2025-09-19 09:46:06,39.19,30100,39.18,U
sh600584,长电科技,2025-09-19 09:46:09,39.2,59700,39.19,U
sh600584,长电科技,2025-09-19 09:46:12,39.18,37400,39.2,D
sh600584,长电科技,2025-09-19 09:46:15,39.2,16300,39.18,E
sh600584,长电科技,2025-09-19 09:46:18,39.26,34700,39.2,U
sh600584,长电科技,2025-09-19 09:46:21,39.28,15000,39.26,U
sh600584,长电科技,2025-09-19 09:46:24,39.3,19100,39.28,U
sh600584,长电科技,2025-09-19 09:46:27,39.32,9100,39.3,E
sh600584,长电科技,2025-09-19 09:46:30,39.3,9900,39.32,D
sh600584,长电科技,2025-09-19 09:46:33,39.27,53400,39.3,D
sh600584,长电科技,2025-09-19 09:46:36,39.21,166500,39.27,D
sh600584,长电科技,2025-09-19 09:46:39,39.24,17600,39.21,E
sh600584,长电科技,2025-09-19 09:46:42,39.2,62900,39.24,D
sh600584,长电科技,2025-09-19 09:46:45,39.23,8100,39.2,U
sh600584,长电科技,2025-09-19 09:46:48,39.24,26000,39.23,U
sh600584,长电科技,2025-09-19 09:46:51,39.23,21100,39.24,D
sh600584,长电科技,2025-09-19 09:46:54,39.24,12400,39.23,U
sh600584,长电科技,2025-09-19 09:46:57,39.25,17400,39.24,U
sh600584,长电科技,2025-09-19 09:47:00,39.24,14900,39.25,D
sh600584,长电科技,2025-09-19 09:47:03,39.22,59300,39.24,D
sh600584,长电科技,2025-09-19 09:47:06,39.23,32800,39.22,U
sh600584,长电科技,2025-09-19 09:47:09,39.24,14300,39.23,U
sh600584,长电科技,2025-09-19 09:47:12,39.21,16000,39.24,D
sh600584,长电科技,2025-09-19 09:47:15,39.22,41500,39.21,U
sh600584,长电科技,2025-09-19 09:47:18,39.21,17800,39.22,D
sh600584,长电科技,2025-09-19 09:47:21,39.2,23700,39.21,D
sh600584,长电科技,2025-09-19 09:47:24,39.18,31100,39.2,D
sh600584,长电科技,2025-09-19 09:47:27,39.2,8400,39.18,U
sh600584,长电科技,2025-09-19 09:47:30,39.18,7700,39.2,D
sh600584,长电科技,2025-09-19 09:47:33,39.2,9900,39.18,U
sh600584,长电科技,2025-09-19 09:47:36,39.18,23900,39.2,D
sh600584,长电科技,2025-09-19 09:47:39,39.18,13500,39.18,U
sh600584,长电科技,2025-09-19 09:47:42,39.19,11500,39.18,U
sh600584,长电科技,2025-09-19 09:47:45,39.19,17500,39.19,U
sh600584,长电科技,2025-09-19 09:47:48,39.18,40800,39.19,D
sh600584,长电科技,2025-09-19 09:47:51,39.18,28700,39.18,U
sh600584,长电科技,2025-09-19 09:47:54,39.16,21300,39.18,D
sh600584,长电科技,2025-09-19 09:47:57,39.17,7000,39.16,U
sh600584,长电科技,2025-09-19 09:48:00,39.15,71100,39.17,D
sh600584,长电科技,2025-09-19 09:48:06,39.13,37000,39.13,D
sh600584,长电科技,2025-09-19 09:48:09,39.12,7700,39.13,D
sh600584,长电科技,2025-09-19 09:48:12,39.1,15900,39.12,D
sh600584,长电科技,2025-09-19 09:48:15,39.1,30000,39.1,D
sh600584,长电科技,2025-09-19 09:48:18,39.11,10400,39.1,E
sh600584,长电科技,2025-09-19 09:48:21,39.09,15500,39.11,D
sh600584,长电科技,2025-09-19 09:48:24,39.07,30200,39.09,D
sh600584,长电科技,2025-09-19 09:48:30,39.09,23100,39.07,U
sh600584,长电科技,2025-09-19 09:48:33,39.1,28300,39.09,U
sh600584,长电科技,2025-09-19 09:48:36,39.12,32700,39.1,U
sh600584,长电科技,2025-09-19 09:48:39,39.1,30400,39.12,E
sh600584,长电科技,2025-09-19 09:48:42,39.1,5700,39.1,U
sh600584,长电科技,2025-09-19 09:48:45,39.11,26200,39.1,U
sh600584,长电科技,2025-09-19 09:48:48,39.1,20400,39.11,D
sh600584,长电科技,2025-09-19 09:48:51,39.1,35300,39.1,U
sh600584,长电科技,2025-09-19 09:48:54,39.13,61000,39.1,U
sh600584,长电科技,2025-09-19 09:48:57,39.11,38600,39.13,E
sh600584,长电科技,2025-09-19 09:49:00,39.11,10600,39.11,D
sh600584,长电科技,2025-09-19 09:49:03,39.1,19600,39.11,D
sh600584,长电科技,2025-09-19 09:49:06,39.1,14100,39.1,D
sh600584,长电科技,2025-09-19 09:49:09,39.12,23900,39.1,E
sh600584,长电科技,2025-09-19 09:49:12,39.11,19200,39.12,D
sh600584,长电科技,2025-09-19 09:49:15,39.18,177900,39.11,U
sh600584,长电科技,2025-09-19 09:49:18,39.2,48400,39.18,U
sh600584,长电科技,2025-09-19 09:49:21,39.2,6700,39.2,U
sh600584,长电科技,2025-09-19 09:49:24,39.19,16000,39.2,D
sh600584,长电科技,2025-09-19 09:49:27,39.2,30600,39.19,U
sh600584,长电科技,2025-09-19 09:49:30,39.21,11100,39.2,U
sh600584,长电科技,2025-09-19 09:49:33,39.21,22600,39.21,U
sh600584,长电科技,2025-09-19 09:49:36,39.21,16800,39.21,D
sh600584,长电科技,2025-09-19 09:49:39,39.23,19800,39.21,U
sh600584,长电科技,2025-09-19 09:49:42,39.25,9700,39.23,U
sh600584,长电科技,2025-09-19 09:49:45,39.26,34700,39.25,U
sh600584,长电科技,2025-09-19 09:49:48,39.28,12400,39.26,U
sh600584,长电科技,2025-09-19 09:49:51,39.27,14500,39.28,E
sh600584,长电科技,2025-09-19 09:49:54,39.27,10800,39.27,U
sh600584,长电科技,2025-09-19 09:49:57,39.25,48800,39.27,D
sh600584,长电科技,2025-09-19 09:50:00,39.26,19100,39.25,U
sh600584,长电科技,2025-09-19 09:50:03,39.26,17900,39.26,U
sh600584,长电科技,2025-09-19 09:50:06,39.25,21100,39.26,D
sh600584,长电科技,2025-09-19 09:50:09,39.25,32500,39.25,U
sh600584,长电科技,2025-09-19 09:50:12,39.25,15000,39.25,U
sh600584,长电科技,2025-09-19 09:50:15,39.23,23200,39.25,D
sh600584,长电科技,2025-09-19 09:50:18,39.23,10500,39.23,U
sh600584,长电科技,2025-09-19 09:50:21,39.2,19300,39.23,D
sh600584,长电科技,2025-09-19 09:50:24,39.21,17400,39.2,U
sh600584,长电科技,2025-09-19 09:50:27,39.19,71700,39.21,D
sh600584,长电科技,2025-09-19 09:50:33,39.2,14800,39.19,U
sh600584,长电科技,2025-09-19 09:50:36,39.18,7300,39.2,U
sh600584,长电科技,2025-09-19 09:50:42,39.18,8400,39.18,U
sh600584,长电科技,2025-09-19 09:50:45,39.16,16400,39.18,D
sh600584,长电科技,2025-09-19 09:50:48,39.16,15200,39.16,D
sh600584,长电科技,2025-09-19 09:50:51,39.16,12900,39.16,U
sh600584,长电科技,2025-09-19 09:50:54,39.16,15000,39.16,U
sh600584,长电科技,2025-09-19 09:50:57,39.15,8300,39.16,D
sh600584,长电科技,2025-09-19 09:51:00,39.15,7500,39.15,U
sh600584,长电科技,2025-09-19 09:51:03,39.16,33300,39.15,U
sh600584,长电科技,2025-09-19 09:51:06,39.16,24400,39.16,U
sh600584,长电科技,2025-09-19 09:51:09,39.16,28800,39.16,U
sh600584,长电科技,2025-09-19 09:51:12,39.15,51000,39.16,D
sh600584,长电科技,2025-09-19 09:51:15,39.19,48200,39.15,U
sh600584,长电科技,2025-09-19 09:51:18,39.19,11900,39.19,U
sh600584,长电科技,2025-09-19 09:51:21,39.19,8000,39.19,U
sh600584,长电科技,2025-09-19 09:51:24,39.2,27100,39.19,U
sh600584,长电科技,2025-09-19 09:51:27,39.23,23499,39.2,U
sh600584,长电科技,2025-09-19 09:51:30,39.22,7600,39.23,D
sh600584,长电科技,2025-09-19 09:51:33,39.22,15100,39.22,D
sh600584,长电科技,2025-09-19 09:51:36,39.23,23400,39.22,U
sh600584,长电科技,2025-09-19 09:51:39,39.25,143665,39.23,U
sh600584,长电科技,2025-09-19 09:51:42,39.22,106335,39.25,D
sh600584,长电科技,2025-09-19 09:51:45,39.23,33400,39.22,U
sh600584,长电科技,2025-09-19 09:51:48,39.21,56200,39.23,D
sh600584,长电科技,2025-09-19 09:51:51,39.18,57800,39.21,D
sh600584,长电科技,2025-09-19 09:51:54,39.18,117600,39.18,D
sh600584,长电科技,2025-09-19 09:51:57,39.21,30700,39.18,E
sh600584,长电科技,2025-09-19 09:52:00,39.24,19400,39.21,U
sh600584,长电科技,2025-09-19 09:52:03,39.21,11000,39.24,D
sh600584,长电科技,2025-09-19 09:52:06,39.21,7200,39.21,U
sh600584,长电科技,2025-09-19 09:52:09,39.2,18000,39.21,D
sh600584,长电科技,2025-09-19 09:52:12,39.21,13100,39.2,U
sh600584,长电科技,2025-09-19 09:52:15,39.2,12900,39.21,D
sh600584,长电科技,2025-09-19 09:52:18,39.2,50500,39.2,U
sh600584,长电科技,2025-09-19 09:52:21,39.21,12500,39.2,U
sh600584,长电科技,2025-09-19 09:52:24,39.2,9100,39.21,D
sh600584,长电科技,2025-09-19 09:52:27,39.2,13100,39.2,D
sh600584,长电科技,2025-09-19 09:52:30,39.2,15900,39.2,D
sh600584,长电科技,2025-09-19 09:52:33,39.21,26700,39.2,U
sh600584,长电科技,2025-09-19 09:52:36,39.22,27600,39.21,U
sh600584,长电科技,2025-09-19 09:52:39,39.21,35800,39.22,D
sh600584,长电科技,2025-09-19 09:52:42,39.22,7300,39.21,U
sh600584,长电科技,2025-09-19 09:52:45,39.23,6100,39.22,U
sh600584,长电科技,2025-09-19 09:52:48,39.23,6800,39.23,U
sh600584,长电科技,2025-09-19 09:52:51,39.22,14200,39.23,D
sh600584,长电科技,2025-09-19 09:52:54,39.24,7200,39.22,U
sh600584,长电科技,2025-09-19 09:52:57,39.25,66200,39.24,U
sh600584,长电科技,2025-09-19 09:53:00,39.25,6200,39.25,D
sh600584,长电科技,2025-09-19 09:53:03,39.25,8400,39.25,D
sh600584,长电科技,2025-09-19 09:53:06,39.25,17200,39.25,D
sh600584,长电科技,2025-09-19 09:53:09,39.25,60900,39.25,D
sh600584,长电科技,2025-09-19 09:53:12,39.24,67100,39.25,D
sh600584,长电科技,2025-09-19 09:53:15,39.24,12500,39.24,U
sh600584,长电科技,2025-09-19 09:53:21,39.25,9200,39.24,U
sh600584,长电科技,2025-09-19 09:53:24,39.24,6500,39.25,D
sh600584,长电科技,2025-09-19 09:53:27,39.25,24300,39.24,U
sh600584,长电科技,2025-09-19 09:53:30,39.24,7100,39.25,E
sh600584,长电科技,2025-09-19 09:53:33,39.23,6800,39.24,D
sh600584,长电科技,2025-09-19 09:53:36,39.24,6200,39.23,U
sh600584,长电科技,2025-09-19 09:53:39,39.24,9900,39.24,U
sh600584,长电科技,2025-09-19 09:53:42,39.25,51200,39.24,U
sh600584,长电科技,2025-09-19 09:53:45,39.23,8000,39.25,D
sh600584,长电科技,2025-09-19 09:53:48,39.23,6900,39.23,D
sh600584,长电科技,2025-09-19 09:53:51,39.23,11500,39.23,D
sh600584,长电科技,2025-09-19 09:53:54,39.25,37400,39.23,U
sh600584,长电科技,2025-09-19 09:53:57,39.24,28500,39.25,D
sh600584,长电科技,2025-09-19 09:54:00,39.23,12500,39.24,D
sh600584,长电科技,2025-09-19 09:54:03,39.25,9100,39.23,U
sh600584,长电科技,2025-09-19 09:54:06,39.24,28700,39.25,D
sh600584,长电科技,2025-09-19 09:54:09,39.24,56300,39.24,U
sh600584,长电科技,2025-09-19 09:54:12,39.23,9000,39.24,E
sh600584,长电科技,2025-09-19 09:54:15,39.24,6900,39.23,U
sh600584,长电科技,2025-09-19 09:54:18,39.24,34300,39.24,U
sh600584,长电科技,2025-09-19 09:54:21,39.24,26900,39.24,U
sh600584,长电科技,2025-09-19 09:54:24,39.24,19900,39.24,D
sh600584,长电科技,2025-09-19 09:54:30,39.25,8800,39.25,U
sh600584,长电科技,2025-09-19 09:54:33,39.24,43400,39.25,D
sh600584,长电科技,2025-09-19 09:54:36,39.25,55700,39.24,U
sh600584,长电科技,2025-09-19 09:54:39,39.25,7600,39.25,D
sh600584,长电科技,2025-09-19 09:54:42,39.25,13900,39.25,D
sh600584,长电科技,2025-09-19 09:54:45,39.25,31200,39.25,U
sh600584,长电科技,2025-09-19 09:54:48,39.26,17000,39.25,U
sh600584,长电科技,2025-09-19 09:54:51,39.25,20000,39.26,D
sh600584,长电科技,2025-09-19 09:54:54,39.26,12700,39.25,U
sh600584,长电科技,2025-09-19 09:54:57,39.25,29500,39.26,D
sh600584,长电科技,2025-09-19 09:55:00,39.26,6800,39.25,E
sh600584,长电科技,2025-09-19 09:55:03,39.26,11900,39.26,D
sh600584,长电科技,2025-09-19 09:55:09,39.27,65100,39.26,U
sh600584,长电科技,2025-09-19 09:55:12,39.28,6600,39.27,U
sh600584,长电科技,2025-09-19 09:55:15,39.27,33600,39.28,D
sh600584,长电科技,2025-09-19 09:55:18,39.26,16100,39.27,D
sh600584,长电科技,2025-09-19 09:55:21,39.26,7700,39.26,D
sh600584,长电科技,2025-09-19 09:55:24,39.25,8900,39.26,D
sh600584,长电科技,2025-09-19 09:55:27,39.27,9300,39.25,U
sh600584,长电科技,2025-09-19 09:55:30,39.27,12900,39.27,D
sh600584,长电科技,2025-09-19 09:55:33,39.26,16800,39.27,D
sh600584,长电科技,2025-09-19 09:55:36,39.33,107600,39.26,U
sh600584,长电科技,2025-09-19 09:55:39,39.32,41100,39.33,D
sh600584,长电科技,2025-09-19 09:55:42,39.32,30700,39.32,D
sh600584,长电科技,2025-09-19 09:55:45,39.34,24800,39.32,U
sh600584,长电科技,2025-09-19 09:55:48,39.39,185300,39.34,U
sh600584,长电科技,2025-09-19 09:55:51,39.42,71100,39.39,U
sh600584,长电科技,2025-09-19 09:55:54,39.43,6600,39.42,U
sh600584,长电科技,2025-09-19 09:55:57,39.44,76300,39.43,U
sh600584,长电科技,2025-09-19 09:56:00,39.5,11400,39.44,U
sh600584,长电科技,2025-09-19 09:56:03,39.49,14500,39.5,E
sh600584,长电科技,2025-09-19 09:56:06,39.49,15900,39.49,E
sh600584,长电科技,2025-09-19 09:56:09,39.45,14400,39.49,D
sh600584,长电科技,2025-09-19 09:56:12,39.45,31700,39.45,D
sh600584,长电科技,2025-09-19 09:56:15,39.43,54600,39.45,D
sh600584,长电科技,2025-09-19 09:56:18,39.41,36500,39.43,D
sh600584,长电科技,2025-09-19 09:56:21,39.38,6800,39.41,E
sh600584,长电科技,2025-09-19 09:56:27,39.35,6200,39.39,D
sh600584,长电科技,2025-09-19 09:56:30,39.38,9100,39.35,E
sh600584,长电科技,2025-09-19 09:56:33,39.35,15900,39.38,E
sh600584,长电科技,2025-09-19 09:56:36,39.35,11800,39.35,U
sh600584,长电科技,2025-09-19 09:56:39,39.36,22500,39.35,U
sh600584,长电科技,2025-09-19 09:56:42,39.35,7200,39.36,E
sh600584,长电科技,2025-09-19 09:56:45,39.32,11800,39.35,D
sh600584,长电科技,2025-09-19 09:56:48,39.33,13300,39.32,U
sh600584,长电科技,2025-09-19 09:56:51,39.3,24000,39.33,D
sh600584,长电科技,2025-09-19 09:56:54,39.3,37700,39.3,D
sh600584,长电科技,2025-09-19 09:56:57,39.3,17400,39.3,U
sh600584,长电科技,2025-09-19 09:57:00,39.28,30300,39.3,U
sh600584,长电科技,2025-09-19 09:57:06,39.27,17100,39.27,D
sh600584,长电科技,2025-09-19 09:57:09,39.27,27900,39.27,D
sh600584,长电科技,2025-09-19 09:57:12,39.26,63500,39.27,D
sh600584,长电科技,2025-09-19 09:57:15,39.26,17100,39.26,U
sh600584,长电科技,2025-09-19 09:57:18,39.26,22300,39.26,D
sh600584,长电科技,2025-09-19 09:57:21,39.26,8300,39.26,D
sh600584,长电科技,2025-09-19 09:57:24,39.25,9500,39.26,D
sh600584,长电科技,2025-09-19 09:57:27,39.25,5800,39.25,U
sh600584,长电科技,2025-09-19 09:57:30,39.21,42500,39.25,D
sh600584,长电科技,2025-09-19 09:57:33,39.23,7000,39.21,U
sh600584,长电科技,2025-09-19 09:57:36,39.23,10600,39.23,U
sh600584,长电科技,2025-09-19 09:57:39,39.23,34100,39.23,U
sh600584,长电科技,2025-09-19 09:57:42,39.21,23200,39.23,D
sh600584,长电科技,2025-09-19 09:57:45,39.21,13800,39.21,U
sh600584,长电科技,2025-09-19 09:57:48,39.21,29700,39.21,U
sh600584,长电科技,2025-09-19 09:57:51,39.2,65000,39.21,D
sh600584,长电科技,2025-09-19 09:57:54,39.23,46000,39.2,U
sh600584,长电科技,2025-09-19 09:57:57,39.28,41200,39.23,U
sh600584,长电科技,2025-09-19 09:58:00,39.28,9200,39.28,U
sh600584,长电科技,2025-09-19 09:58:03,39.3,54500,39.28,U
sh600584,长电科技,2025-09-19 09:58:06,39.31,9800,39.3,E
sh600584,长电科技,2025-09-19 09:58:09,39.35,61600,39.31,U
sh600584,长电科技,2025-09-19 09:58:12,39.37,8000,39.35,U
sh600584,长电科技,2025-09-19 09:58:15,39.39,13000,39.37,U
sh600584,长电科技,2025-09-19 09:58:21,39.39,6800,39.39,U
sh600584,长电科技,2025-09-19 09:58:24,39.4,9800,39.39,U
sh600584,长电科技,2025-09-19 09:58:27,39.4,23400,39.4,U
sh600584,长电科技,2025-09-19 09:58:30,39.4,52300,39.4,U
sh600584,长电科技,2025-09-19 09:58:33,39.42,16300,39.4,U
sh600584,长电科技,2025-09-19 09:58:36,39.42,7300,39.42,D
sh600584,长电科技,2025-09-19 09:58:39,39.42,44400,39.42,D
sh600584,长电科技,2025-09-19 09:58:42,39.42,13000,39.42,D
sh600584,长电科技,2025-09-19 09:58:45,39.43,18200,39.42,U
sh600584,长电科技,2025-09-19 09:58:48,39.44,31600,39.43,U
sh600584,长电科技,2025-09-19 09:58:51,39.41,10400,39.44,E
sh600584,长电科技,2025-09-19 09:58:54,39.41,16200,39.41,D
sh600584,长电科技,2025-09-19 09:58:57,39.4,13500,39.41,E
sh600584,长电科技,2025-09-19 09:59:00,39.43,31600,39.4,U
sh600584,长电科技,2025-09-19 09:59:03,39.41,17300,39.43,E
sh600584,长电科技,2025-09-19 09:59:06,39.36,173500,39.41,D
sh600584,长电科技,2025-09-19 09:59:09,39.4,15900,39.36,U
sh600584,长电科技,2025-09-19 09:59:12,39.43,40200,39.4,U
sh600584,长电科技,2025-09-19 09:59:18,39.33,13800,39.3,U
sh600584,长电科技,2025-09-19 09:59:21,39.3,10600,39.33,D
sh600584,长电科技,2025-09-19 09:59:24,39.3,17400,39.3,D
sh600584,长电科技,2025-09-19 09:59:27,39.31,18300,39.3,U
sh600584,长电科技,2025-09-19 09:59:30,39.33,7800,39.31,U
sh600584,长电科技,2025-09-19 09:59:33,39.33,11800,39.33,U
sh600584,长电科技,2025-09-19 09:59:36,39.35,13000,39.33,U
sh600584,长电科技,2025-09-19 09:59:39,39.35,7000,39.35,U
sh600584,长电科技,2025-09-19 09:59:42,39.33,13600,39.35,D
sh600584,长电科技,2025-09-19 09:59:45,39.33,17900,39.33,D
sh600584,长电科技,2025-09-19 09:59:48,39.33,7000,39.33,U
sh600584,长电科技,2025-09-19 09:59:51,39.32,8900,39.33,D
sh600584,长电科技,2025-09-19 09:59:57,39.3,37300,39.31,D
sh600584,长电科技,2025-09-19 10:00:00,39.3,25100,39.3,D
sh600584,长电科技,2025-09-19 10:00:03,39.31,117600,39.3,U
sh600584,长电科技,2025-09-19 10:00:06,39.34,119700,39.31,U
sh600584,长电科技,2025-09-19 10:00:09,39.4,133500,39.34,U
sh600584,长电科技,2025-09-19 10:00:12,39.43,47000,39.4,U
sh600584,长电科技,2025-09-19 10:00:24,39.37,30500,39.37,D
sh600584,长电科技,2025-09-19 10:00:27,39.38,17600,39.37,U
sh600584,长电科技,2025-09-19 10:00:30,39.38,5900,39.38,U
sh600584,长电科技,2025-09-19 10:00:33,39.38,52200,39.38,D
sh600584,长电科技,2025-09-19 10:00:36,39.4,26900,39.38,U
sh600584,长电科技,2025-09-19 10:00:39,39.46,136700,39.4,U
sh600584,长电科技,2025-09-19 10:00:42,39.4,34200,39.46,D
sh600584,长电科技,2025-09-19 10:00:45,39.46,13300,39.4,U
sh600584,长电科技,2025-09-19 10:00:48,39.44,15500,39.46,E
sh600584,长电科技,2025-09-19 10:00:51,39.44,44400,39.44,U
sh600584,长电科技,2025-09-19 10:00:54,39.37,12900,39.44,D
sh600584,长电科技,2025-09-19 10:00:57,39.37,13000,39.37,D
sh600584,长电科技,2025-09-19 10:01:00,39.37,13600,39.37,D
sh600584,长电科技,2025-09-19 10:01:03,39.4,24600,39.37,U
sh600584,长电科技,2025-09-19 10:01:06,39.4,13100,39.4,E
sh600584,长电科技,2025-09-19 10:01:09,39.42,158000,39.4,U
sh600584,长电科技,2025-09-19 10:01:12,39.4,30300,39.42,D
sh600584,长电科技,2025-09-19 10:01:15,39.4,41600,39.4,U
sh600584,长电科技,2025-09-19 10:01:18,39.37,16200,39.4,E
sh600584,长电科技,2025-09-19 10:01:21,39.37,8800,39.37,U
sh600584,长电科技,2025-09-19 10:01:24,39.37,103200,39.37,D
sh600584,长电科技,2025-09-19 10:01:27,39.35,21400,39.37,D
sh600584,长电科技,2025-09-19 10:01:30,39.36,10800,39.35,E
sh600584,长电科技,2025-09-19 10:01:33,39.36,38700,39.36,U
sh600584,长电科技,2025-09-19 10:01:36,39.37,29500,39.36,U
sh600584,长电科技,2025-09-19 10:01:39,39.36,27900,39.37,E
sh600584,长电科技,2025-09-19 10:01:42,39.36,115700,39.36,D
sh600584,长电科技,2025-09-19 10:01:45,39.37,24700,39.36,U
sh600584,长电科技,2025-09-19 10:01:48,39.41,33200,39.37,U
sh600584,长电科技,2025-09-19 10:01:51,39.37,180100,39.41,D
sh600584,长电科技,2025-09-19 10:01:54,39.38,29400,39.37,U
sh600584,长电科技,2025-09-19 10:01:57,39.36,27900,39.38,D
sh600584,长电科技,2025-09-19 10:02:00,39.38,34400,39.36,U
sh600584,长电科技,2025-09-19 10:02:03,39.38,19600,39.38,U
sh600584,长电科技,2025-09-19 10:02:06,39.36,8800,39.38,D
sh600584,长电科技,2025-09-19 10:02:09,39.39,23000,39.36,U
sh600584,长电科技,2025-09-19 10:02:12,39.38,14400,39.39,D
sh600584,长电科技,2025-09-19 10:02:15,39.39,45800,39.38,U
sh600584,长电科技,2025-09-19 10:02:18,39.4,45000,39.39,U
sh600584,长电科技,2025-09-19 10:02:21,39.39,10200,39.4,D
sh600584,长电科技,2025-09-19 10:02:24,39.39,9000,39.39,D
sh600584,长电科技,2025-09-19 10:02:27,39.4,33800,39.39,U
sh600584,长电科技,2025-09-19 10:02:30,39.4,47600,39.4,D
sh600584,长电科技,2025-09-19 10:02:33,39.41,21300,39.4,E
sh600584,长电科技,2025-09-19 10:02:36,39.42,25100,39.41,U
sh600584,长电科技,2025-09-19 10:02:39,39.43,15000,39.42,U
sh600584,长电科技,2025-09-19 10:02:42,39.42,8500,39.43,D
sh600584,长电科技,2025-09-19 10:02:45,39.42,13300,39.42,U
sh600584,长电科技,2025-09-19 10:02:48,39.42,48700,39.42,U
sh600584,长电科技,2025-09-19 10:02:51,39.42,14200,39.42,D
sh600584,长电科技,2025-09-19 10:02:54,39.42,25900,39.42,D
sh600584,长电科技,2025-09-19 10:02:57,39.42,12800,39.42,D
sh600584,长电科技,2025-09-19 10:03:00,39.43,16900,39.42,U
sh600584,长电科技,2025-09-19 10:03:03,39.45,26200,39.43,U
sh600584,长电科技,2025-09-19 10:03:06,39.49,167559,39.45,U
sh600584,长电科技,2025-09-19 10:03:09,39.5,158600,39.49,U
sh600584,长电科技,2025-09-19 10:03:12,39.5,64900,39.5,U
sh600584,长电科技,2025-09-19 10:03:15,39.49,49700,39.5,D
sh600584,长电科技,2025-09-19 10:03:18,39.5,73000,39.49,U
sh600584,长电科技,2025-09-19 10:03:21,39.5,59900,39.5,U
sh600584,长电科技,2025-09-19 10:03:24,39.49,19500,39.5,D
sh600584,长电科技,2025-09-19 10:03:27,39.5,26400,39.49,U
sh600584,长电科技,2025-09-19 10:03:30,39.49,71200,39.5,E
sh600584,长电科技,2025-09-19 10:03:33,39.49,16400,39.49,U
sh600584,长电科技,2025-09-19 10:03:36,39.48,12100,39.49,D
sh600584,长电科技,2025-09-19 10:03:39,39.48,21900,39.48,U
sh600584,长电科技,2025-09-19 10:03:42,39.48,46200,39.48,U
sh600584,长电科技,2025-09-19 10:03:45,39.46,27700,39.48,D
sh600584,长电科技,2025-09-19 10:03:48,39.47,8100,39.46,U
sh600584,长电科技,2025-09-19 10:03:51,39.46,11200,39.47,E
sh600584,长电科技,2025-09-19 10:03:54,39.47,13700,39.46,U
sh600584,长电科技,2025-09-19 10:04:00,39.47,10900,39.47,U
sh600584,长电科技,2025-09-19 10:04:03,39.47,27900,39.47,D
sh600584,长电科技,2025-09-19 10:04:06,39.47,31500,39.47,D
sh600584,长电科技,2025-09-19 10:04:09,39.46,30100,39.47,D
sh600584,长电科技,2025-09-19 10:04:12,39.47,13200,39.46,D
sh600584,长电科技,2025-09-19 10:04:15,39.47,17300,39.47,D
sh600584,长电科技,2025-09-19 10:04:18,39.47,35900,39.47,U
sh600584,长电科技,2025-09-19 10:04:21,39.47,15500,39.47,U
sh600584,长电科技,2025-09-19 10:04:24,39.49,42700,39.47,U
sh600584,长电科技,2025-09-19 10:04:27,39.49,52800,39.49,D
sh600584,长电科技,2025-09-19 10:04:30,39.49,28000,39.49,U
sh600584,长电科技,2025-09-19 10:04:33,39.5,33100,39.49,U
sh600584,长电科技,2025-09-19 10:04:36,39.5,24300,39.5,U
sh600584,长电科技,2025-09-19 10:04:39,39.49,69000,39.5,D
sh600584,长电科技,2025-09-19 10:04:42,39.49,15000,39.49,U
sh600584,长电科技,2025-09-19 10:04:45,39.48,20200,39.49,D
sh600584,长电科技,2025-09-19 10:04:48,39.49,48100,39.48,U
sh600584,长电科技,2025-09-19 10:04:51,39.48,11600,39.49,D
sh600584,长电科技,2025-09-19 10:04:54,39.49,23900,39.48,U
sh600584,长电科技,2025-09-19 10:04:57,39.48,27700,39.49,D
sh600584,长电科技,2025-09-19 10:05:00,39.48,21600,39.48,D
sh600584,长电科技,2025-09-19 10:05:03,39.48,11900,39.48,D
sh600584,长电科技,2025-09-19 10:05:06,39.47,7800,39.48,D
sh600584,长电科技,2025-09-19 10:05:09,39.48,21900,39.47,U
sh600584,长电科技,2025-09-19 10:05:12,39.49,18200,39.48,U
sh600584,长电科技,2025-09-19 10:05:15,39.48,11600,39.49,D
sh600584,长电科技,2025-09-19 10:05:18,39.48,30700,39.48,D
sh600584,长电科技,2025-09-19 10:05:21,39.48,13500,39.48,D
sh600584,长电科技,2025-09-19 10:05:24,39.49,131300,39.48,U
sh600584,长电科技,2025-09-19 10:05:27,39.48,13800,39.49,D
sh600584,长电科技,2025-09-19 10:05:39,39.48,30500,39.48,D
sh600584,长电科技,2025-09-19 10:05:42,39.49,12700,39.48,U
sh600584,长电科技,2025-09-19 10:05:45,39.47,31200,39.49,D
sh600584,长电科技,2025-09-19 10:05:48,39.46,64200,39.47,D
sh600584,长电科技,2025-09-19 10:05:54,39.45,36500,39.46,D
sh600584,长电科技,2025-09-19 10:05:57,39.45,13700,39.45,D
sh600584,长电科技,2025-09-19 10:06:00,39.45,16300,39.45,U
sh600584,长电科技,2025-09-19 10:06:03,39.44,8900,39.45,E
sh600584,长电科技,2025-09-19 10:06:09,39.43,27800,39.43,D
sh600584,长电科技,2025-09-19 10:06:12,39.42,11000,39.43,D
sh600584,长电科技,2025-09-19 10:06:15,39.43,22500,39.42,U
sh600584,长电科技,2025-09-19 10:06:18,39.42,8800,39.43,D
sh600584,长电科技,2025-09-19 10:06:21,39.42,35400,39.42,U
sh600584,长电科技,2025-09-19 10:06:24,39.43,29300,39.42,U
sh600584,长电科技,2025-09-19 10:06:27,39.45,60200,39.43,U
sh600584,长电科技,2025-09-19 10:06:30,39.43,38900,39.45,D
sh600584,长电科技,2025-09-19 10:06:33,39.43,36900,39.43,D
sh600584,长电科技,2025-09-19 10:06:39,39.44,8000,39.43,D
sh600584,长电科技,2025-09-19 10:06:42,39.44,15000,39.44,U
sh600584,长电科技,2025-09-19 10:06:45,39.44,21500,39.44,D
sh600584,长电科技,2025-09-19 10:06:48,39.44,10400,39.44,D
sh600584,长电科技,2025-09-19 10:06:51,39.44,8500,39.44,U
sh600584,长电科技,2025-09-19 10:06:54,39.44,31200,39.44,U
sh600584,长电科技,2025-09-19 10:06:57,39.43,40500,39.44,E
sh600584,长电科技,2025-09-19 10:07:00,39.42,6300,39.43,D
sh600584,长电科技,2025-09-19 10:07:03,39.42,10400,39.42,U
sh600584,长电科技,2025-09-19 10:07:06,39.41,24800,39.42,D
sh600584,长电科技,2025-09-19 10:07:09,39.4,12300,39.41,D
sh600584,长电科技,2025-09-19 10:07:12,39.41,12200,39.4,U
sh600584,长电科技,2025-09-19 10:07:15,39.4,13900,39.41,D
sh600584,长电科技,2025-09-19 10:07:18,39.41,19900,39.4,U
sh600584,长电科技,2025-09-19 10:07:21,39.41,10600,39.41,D
sh600584,长电科技,2025-09-19 10:07:24,39.4,13800,39.41,D
sh600584,长电科技,2025-09-19 10:07:27,39.4,9500,39.4,D
sh600584,长电科技,2025-09-19 10:07:30,39.4,10700,39.4,D
sh600584,长电科技,2025-09-19 10:07:33,39.39,19100,39.4,D
sh600584,长电科技,2025-09-19 10:07:36,39.39,13000,39.39,D
sh600584,长电科技,2025-09-19 10:07:42,39.38,24400,39.38,D
sh600584,长电科技,2025-09-19 10:07:45,39.38,20700,39.38,D
sh600584,长电科技,2025-09-19 10:07:48,39.38,9700,39.38,D
sh600584,长电科技,2025-09-19 10:07:51,39.36,9700,39.38,D
sh600584,长电科技,2025-09-19 10:07:54,39.36,20000,39.36,D
sh600584,长电科技,2025-09-19 10:07:57,39.36,11900,39.36,D
sh600584,长电科技,2025-09-19 10:08:00,39.36,8700,39.36,D
sh600584,长电科技,2025-09-19 10:08:03,39.36,7100,39.36,D
sh600584,长电科技,2025-09-19 10:08:06,39.35,6000,39.36,D
sh600584,长电科技,2025-09-19 10:08:09,39.37,30000,39.35,U
sh600584,长电科技,2025-09-19 10:08:12,39.38,10200,39.37,U
sh600584,长电科技,2025-09-19 10:08:15,39.35,19700,39.38,D
sh600584,长电科技,2025-09-19 10:08:18,39.35,15900,39.35,U
sh600584,长电科技,2025-09-19 10:08:21,39.37,13700,39.35,U
sh600584,长电科技,2025-09-19 10:08:24,39.4,144400,39.37,U
sh600584,长电科技,2025-09-19 10:08:27,39.41,22600,39.4,U
sh600584,长电科技,2025-09-19 10:08:30,39.43,9100,39.41,U
sh600584,长电科技,2025-09-19 10:08:33,39.44,22700,39.43,U
sh600584,长电科技,2025-09-19 10:08:36,39.43,10100,39.44,D
sh600584,长电科技,2025-09-19 10:08:39,39.45,11700,39.43,D
sh600584,长电科技,2025-09-19 10:08:42,39.46,8600,39.45,E
sh600584,长电科技,2025-09-19 10:08:45,39.45,5800,39.46,U
sh600584,长电科技,2025-09-19 10:08:48,39.44,10600,39.45,E
sh600584,长电科技,2025-09-19 10:08:51,39.45,5700,39.44,U
sh600584,长电科技,2025-09-19 10:08:54,39.44,27200,39.45,U
sh600584,长电科技,2025-09-19 10:08:57,39.43,6900,39.44,D
sh600584,长电科技,2025-09-19 10:09:00,39.44,11100,39.43,U
sh600584,长电科技,2025-09-19 10:09:03,39.45,13700,39.44,U
sh600584,长电科技,2025-09-19 10:09:06,39.45,5500,39.45,D
sh600584,长电科技,2025-09-19 10:09:09,39.45,5800,39.45,U
sh600584,长电科技,2025-09-19 10:09:12,39.44,29800,39.45,D
sh600584,长电科技,2025-09-19 10:09:15,39.45,27500,39.44,E
sh600584,长电科技,2025-09-19 10:09:18,39.46,17600,39.45,U
sh600584,长电科技,2025-09-19 10:09:21,39.46,16100,39.46,D
sh600584,长电科技,2025-09-19 10:09:24,39.46,20100,39.46,D
sh600584,长电科技,2025-09-19 10:09:27,39.47,7400,39.46,U
sh600584,长电科技,2025-09-19 10:09:30,39.46,16500,39.47,D
sh600584,长电科技,2025-09-19 10:09:33,39.48,9400,39.46,U
sh600584,长电科技,2025-09-19 10:09:36,39.48,11400,39.48,U
sh600584,长电科技,2025-09-19 10:09:39,39.48,24400,39.48,U
sh600584,长电科技,2025-09-19 10:09:42,39.48,74600,39.48,D
sh600584,长电科技,2025-09-19 10:09:45,39.49,7100,39.48,U
sh600584,长电科技,2025-09-19 10:09:48,39.49,16600,39.49,D
sh600584,长电科技,2025-09-19 10:09:51,39.5,22600,39.49,U
sh600584,长电科技,2025-09-19 10:09:54,39.5,8700,39.5,U
sh600584,长电科技,2025-09-19 10:09:57,39.5,21500,39.5,U
sh600584,长电科技,2025-09-19 10:10:00,39.49,39300,39.5,D
sh600584,长电科技,2025-09-19 10:10:03,39.47,62500,39.49,D
sh600584,长电科技,2025-09-19 10:10:06,39.47,97300,39.47,D
sh600584,长电科技,2025-09-19 10:10:09,39.46,18700,39.47,U
sh600584,长电科技,2025-09-19 10:10:15,39.4,82600,39.43,D
sh600584,长电科技,2025-09-19 10:10:18,39.38,15700,39.4,D
sh600584,长电科技,2025-09-19 10:10:21,39.36,34600,39.38,D
sh600584,长电科技,2025-09-19 10:10:24,39.34,45000,39.36,D
sh600584,长电科技,2025-09-19 10:10:27,39.33,18800,39.34,D
sh600584,长电科技,2025-09-19 10:10:30,39.3,152100,39.33,D
sh600584,长电科技,2025-09-19 10:10:33,39.28,10900,39.3,D
sh600584,长电科技,2025-09-19 10:10:36,39.28,14800,39.28,D
sh600584,长电科技,2025-09-19 10:10:39,39.26,16700,39.28,D
sh600584,长电科技,2025-09-19 10:10:45,39.28,19700,39.26,U
sh600584,长电科技,2025-09-19 10:10:48,39.26,30700,39.28,D
sh600584,长电科技,2025-09-19 10:10:51,39.26,14000,39.26,U
sh600584,长电科技,2025-09-19 10:10:54,39.26,13300,39.26,U
sh600584,长电科技,2025-09-19 10:10:57,39.27,17700,39.26,U
sh600584,长电科技,2025-09-19 10:11:00,39.25,22400,39.27,D
sh600584,长电科技,2025-09-19 10:11:03,39.25,11600,39.25,U
sh600584,长电科技,2025-09-19 10:11:06,39.26,16900,39.25,U
sh600584,长电科技,2025-09-19 10:11:09,39.23,41800,39.26,D
sh600584,长电科技,2025-09-19 10:11:12,39.22,22200,39.23,D
sh600584,长电科技,2025-09-19 10:11:18,39.22,16300,39.22,U
sh600584,长电科技,2025-09-19 10:11:21,39.22,26100,39.22,U
sh600584,长电科技,2025-09-19 10:11:24,39.21,34600,39.22,D
sh600584,长电科技,2025-09-19 10:11:27,39.2,44000,39.21,D
sh600584,长电科技,2025-09-19 10:11:30,39.2,40400,39.2,D
sh600584,长电科技,2025-09-19 10:11:33,39.23,73300,39.2,U
sh600584,长电科技,2025-09-19 10:11:36,39.27,44100,39.23,U
sh600584,长电科技,2025-09-19 10:11:39,39.28,54900,39.27,U
sh600584,长电科技,2025-09-19 10:11:42,39.28,12800,39.28,D
sh600584,长电科技,2025-09-19 10:11:45,39.3,18800,39.28,E
sh600584,长电科技,2025-09-19 10:11:48,39.3,12100,39.3,D
sh600584,长电科技,2025-09-19 10:11:51,39.3,11300,39.3,D
sh600584,长电科技,2025-09-19 10:11:54,39.22,17800,39.3,D
sh600584,长电科技,2025-09-19 10:12:00,39.27,6400,39.27,D
sh600584,长电科技,2025-09-19 10:12:06,39.3,16900,39.28,U
sh600584,长电科技,2025-09-19 10:12:09,39.3,30500,39.3,E
sh600584,长电科技,2025-09-19 10:12:12,39.37,15300,39.3,U
sh600584,长电科技,2025-09-19 10:12:15,39.39,27100,39.37,U
sh600584,长电科技,2025-09-19 10:12:24,39.36,21600,39.39,D
sh600584,长电科技,2025-09-19 10:12:30,39.36,6500,39.36,U
sh600584,长电科技,2025-09-19 10:12:33,39.39,31000,39.36,U
sh600584,长电科技,2025-09-19 10:12:36,39.36,20200,39.39,D
sh600584,长电科技,2025-09-19 10:12:39,39.41,11900,39.36,U
sh600584,长电科技,2025-09-19 10:12:42,39.44,12500,39.41,U
sh600584,长电科技,2025-09-19 10:12:45,39.42,6700,39.44,D
sh600584,长电科技,2025-09-19 10:12:48,39.45,12900,39.42,U
sh600584,长电科技,2025-09-19 10:12:54,39.45,13100,39.45,D
sh600584,长电科技,2025-09-19 10:12:57,39.44,13700,39.45,D
sh600584,长电科技,2025-09-19 10:13:00,39.45,9500,39.44,U
sh600584,长电科技,2025-09-19 10:13:03,39.46,51200,39.45,U
sh600584,长电科技,2025-09-19 10:13:06,39.52,371500,39.46,U
sh600584,长电科技,2025-09-19 10:13:09,39.46,24100,39.52,D
sh600584,长电科技,2025-09-19 10:13:15,39.53,7800,39.51,U
sh600584,长电科技,2025-09-19 10:13:18,39.51,11500,39.53,D
sh600584,长电科技,2025-09-19 10:13:21,39.56,114100,39.51,U
sh600584,长电科技,2025-09-19 10:13:24,39.53,48700,39.56,D
sh600584,长电科技,2025-09-19 10:13:27,39.56,29500,39.53,U
sh600584,长电科技,2025-09-19 10:13:30,39.55,11000,39.56,D
sh600584,长电科技,2025-09-19 10:13:33,39.56,11500,39.55,U
sh600584,长电科技,2025-09-19 10:13:36,39.56,33900,39.56,U
sh600584,长电科技,2025-09-19 10:13:39,39.57,52600,39.56,U
sh600584,长电科技,2025-09-19 10:13:42,39.57,20300,39.57,D
sh600584,长电科技,2025-09-19 10:13:45,39.59,20100,39.57,U
sh600584,长电科技,2025-09-19 10:13:48,39.58,23400,39.59,D
sh600584,长电科技,2025-09-19 10:13:51,39.58,49000,39.58,U
sh600584,长电科技,2025-09-19 10:13:54,39.58,37400,39.58,D
sh600584,长电科技,2025-09-19 10:13:57,39.58,42500,39.58,U
sh600584,长电科技,2025-09-19 10:14:00,39.53,61300,39.58,D
sh600584,长电科技,2025-09-19 10:14:03,39.52,12600,39.53,D
sh600584,长电科技,2025-09-19 10:14:06,39.56,16800,39.52,U
sh600584,长电科技,2025-09-19 10:14:09,39.56,27200,39.56,U
sh600584,长电科技,2025-09-19 10:14:12,39.5,24200,39.56,D
sh600584,长电科技,2025-09-19 10:14:15,39.5,18800,39.5,D
sh600584,长电科技,2025-09-19 10:14:18,39.52,8100,39.5,E
sh600584,长电科技,2025-09-19 10:14:21,39.52,7800,39.52,U
sh600584,长电科技,2025-09-19 10:14:27,39.46,8800,39.46,E
sh600584,长电科技,2025-09-19 10:14:33,39.46,15500,39.46,D
sh600584,长电科技,2025-09-19 10:14:39,39.49,13400,39.46,E
sh600584,长电科技,2025-09-19 10:14:42,39.5,17500,39.49,D
sh600584,长电科技,2025-09-19 10:14:45,39.5,7100,39.5,D
sh600584,长电科技,2025-09-19 10:14:48,39.5,5300,39.5,D
sh600584,长电科技,2025-09-19 10:14:54,39.5,11200,39.5,U
sh600584,长电科技,2025-09-19 10:14:57,39.49,8600,39.5,D
sh600584,长电科技,2025-09-19 10:15:00,39.49,22900,39.49,D
sh600584,长电科技,2025-09-19 10:15:03,39.48,9300,39.49,D
sh600584,长电科技,2025-09-19 10:15:06,39.49,10900,39.48,U
sh600584,长电科技,2025-09-19 10:15:12,39.49,7700,39.49,U
sh600584,长电科技,2025-09-19 10:15:15,39.48,12800,39.49,D
sh600584,长电科技,2025-09-19 10:15:18,39.48,22300,39.48,D
sh600584,长电科技,2025-09-19 10:15:21,39.48,6000,39.48,U
sh600584,长电科技,2025-09-19 10:15:24,39.48,15200,39.48,U
sh600584,长电科技,2025-09-19 10:15:27,39.48,8909,39.48,U
sh600584,长电科技,2025-09-19 10:15:33,39.47,38400,39.48,D
sh600584,长电科技,2025-09-19 10:15:36,39.47,10300,39.47,D
sh600584,长电科技,2025-09-19 10:15:39,39.5,97000,39.47,U
sh600584,长电科技,2025-09-19 10:15:42,39.52,16800,39.5,U
sh600584,长电科技,2025-09-19 10:15:45,39.53,33400,39.52,U
sh600584,长电科技,2025-09-19 10:15:48,39.56,28100,39.53,U
sh600584,长电科技,2025-09-19 10:15:51,39.56,39800,39.56,U
sh600584,长电科技,2025-09-19 10:15:57,39.58,5700,39.57,U
sh600584,长电科技,2025-09-19 10:16:00,39.56,19100,39.58,D
sh600584,长电科技,2025-09-19 10:16:03,39.58,72900,39.56,U
sh600584,长电科技,2025-09-19 10:16:06,39.58,6600,39.58,D
sh600584,长电科技,2025-09-19 10:16:09,39.57,12600,39.58,D
sh600584,长电科技,2025-09-19 10:16:12,39.57,41500,39.57,D
sh600584,长电科技,2025-09-19 10:16:15,39.58,43500,39.57,U
sh600584,长电科技,2025-09-19 10:16:18,39.58,21100,39.58,U
sh600584,长电科技,2025-09-19 10:16:21,39.58,10200,39.58,U
sh600584,长电科技,2025-09-19 10:16:24,39.58,31700,39.58,U
sh600584,长电科技,2025-09-19 10:16:27,39.57,26500,39.58,D
sh600584,长电科技,2025-09-19 10:16:30,39.58,23200,39.57,U
sh600584,长电科技,2025-09-19 10:16:33,39.58,13400,39.58,U
sh600584,长电科技,2025-09-19 10:16:36,39.57,32800,39.58,D
sh600584,长电科技,2025-09-19 10:16:39,39.57,9200,39.57,U
sh600584,长电科技,2025-09-19 10:16:42,39.57,12900,39.57,U
sh600584,长电科技,2025-09-19 10:16:45,39.57,9500,39.57,U
sh600584,长电科技,2025-09-19 10:16:48,39.55,28700,39.57,D
sh600584,长电科技,2025-09-19 10:16:51,39.57,10700,39.55,U
sh600584,长电科技,2025-09-19 10:16:54,39.57,8700,39.57,U
sh600584,长电科技,2025-09-19 10:16:57,39.57,8600,39.57,D
sh600584,长电科技,2025-09-19 10:17:00,39.57,10100,39.57,D
sh600584,长电科技,2025-09-19 10:17:03,39.58,141800,39.57,U
sh600584,长电科技,2025-09-19 10:17:06,39.58,6400,39.58,U
sh600584,长电科技,2025-09-19 10:17:09,39.6,134000,39.58,U
sh600584,长电科技,2025-09-19 10:17:12,39.62,227600,39.6,U
sh600584,长电科技,2025-09-19 10:17:15,39.65,79900,39.62,U
sh600584,长电科技,2025-09-19 10:17:18,39.66,38900,39.65,U
sh600584,长电科技,2025-09-19 10:17:21,39.66,25000,39.66,U
sh600584,长电科技,2025-09-19 10:17:24,39.67,8600,39.66,U
sh600584,长电科技,2025-09-19 10:17:27,39.67,27300,39.67,U
sh600584,长电科技,2025-09-19 10:17:30,39.68,120500,39.67,U
sh600584,长电科技,2025-09-19 10:17:33,39.69,16400,39.68,U
sh600584,长电科技,2025-09-19 10:17:36,39.68,18800,39.69,D
sh600584,长电科技,2025-09-19 10:17:39,39.69,63000,39.68,U
sh600584,长电科技,2025-09-19 10:17:42,39.69,29600,39.69,D
sh600584,长电科技,2025-09-19 10:17:45,39.69,82200,39.69,D
sh600584,长电科技,2025-09-19 10:17:48,39.69,63100,39.69,D
sh600584,长电科技,2025-09-19 10:17:51,39.7,78100,39.69,U
sh600584,长电科技,2025-09-19 10:17:54,39.7,70500,39.7,U
sh600584,长电科技,2025-09-19 10:17:57,39.7,16400,39.7,U
sh600584,长电科技,2025-09-19 10:18:00,39.7,16200,39.7,D
sh600584,长电科技,2025-09-19 10:18:03,39.7,23100,39.7,D
sh600584,长电科技,2025-09-19 10:18:06,39.71,75600,39.7,U
sh600584,长电科技,2025-09-19 10:18:09,39.68,50200,39.71,D
sh600584,长电科技,2025-09-19 10:18:12,39.68,40400,39.68,D
sh600584,长电科技,2025-09-19 10:18:15,39.68,39600,39.68,D
sh600584,长电科技,2025-09-19 10:18:18,39.68,15500,39.68,U
sh600584,长电科技,2025-09-19 10:18:21,39.67,25200,39.68,U
sh600584,长电科技,2025-09-19 10:18:24,39.65,12600,39.67,D
sh600584,长电科技,2025-09-19 10:18:27,39.65,42900,39.65,D
sh600584,长电科技,2025-09-19 10:18:30,39.65,33900,39.65,D
sh600584,长电科技,2025-09-19 10:18:33,39.65,30000,39.65,D
sh600584,长电科技,2025-09-19 10:18:39,39.63,11200,39.65,D
sh600584,长电科技,2025-09-19 10:18:42,39.63,13900,39.63,D
sh600584,长电科技,2025-09-19 10:18:45,39.62,7500,39.63,D
sh600584,长电科技,2025-09-19 10:18:48,39.61,13600,39.62,E
sh600584,长电科技,2025-09-19 10:18:54,39.59,19200,39.6,D
sh600584,长电科技,2025-09-19 10:18:57,39.59,7300,39.59,U
sh600584,长电科技,2025-09-19 10:19:00,39.59,14600,39.59,U
sh600584,长电科技,2025-09-19 10:19:03,39.59,14400,39.59,U
sh600584,长电科技,2025-09-19 10:19:06,39.58,38000,39.59,U
sh600584,长电科技,2025-09-19 10:19:09,39.59,30700,39.58,U
sh600584,长电科技,2025-09-19 10:19:12,39.59,15700,39.59,D
sh600584,长电科技,2025-09-19 10:19:15,39.6,37800,39.59,U
sh600584,长电科技,2025-09-19 10:19:18,39.6,26000,39.6,U
sh600584,长电科技,2025-09-19 10:19:21,39.62,48100,39.6,U
sh600584,长电科技,2025-09-19 10:19:24,39.62,11600,39.62,U
sh600584,长电科技,2025-09-19 10:19:27,39.62,7400,39.62,U
sh600584,长电科技,2025-09-19 10:19:30,39.62,33000,39.62,U
sh600584,长电科技,2025-09-19 10:19:33,39.62,15400,39.62,D
sh600584,长电科技,2025-09-19 10:19:36,39.63,13600,39.62,U
sh600584,长电科技,2025-09-19 10:19:39,39.63,6100,39.63,D
sh600584,长电科技,2025-09-19 10:19:42,39.63,12700,39.63,D
sh600584,长电科技,2025-09-19 10:19:45,39.65,9800,39.63,U
sh600584,长电科技,2025-09-19 10:19:48,39.64,9900,39.65,D
sh600584,长电科技,2025-09-19 10:19:51,39.64,13600,39.64,U
sh600584,长电科技,2025-09-19 10:19:54,39.65,16900,39.64,U
sh600584,长电科技,2025-09-19 10:19:57,39.65,51200,39.65,U
sh600584,长电科技,2025-09-19 10:20:03,39.61,94000,39.65,D
sh600584,长电科技,2025-09-19 10:20:06,39.62,17900,39.61,U
sh600584,长电科技,2025-09-19 10:20:09,39.62,5600,39.62,U
sh600584,长电科技,2025-09-19 10:20:12,39.61,23100,39.62,E
sh600584,长电科技,2025-09-19 10:20:15,39.61,8200,39.61,D
sh600584,长电科技,2025-09-19 10:20:18,39.61,60000,39.61,U
sh600584,长电科技,2025-09-19 10:20:21,39.6,72754,39.61,D
sh600584,长电科技,2025-09-19 10:20:24,39.6,14000,39.6,U
sh600584,长电科技,2025-09-19 10:20:27,39.59,8100,39.6,D
sh600584,长电科技,2025-09-19 10:20:30,39.6,58246,39.59,U
sh600584,长电科技,2025-09-19 10:20:33,39.56,28800,39.6,D
sh600584,长电科技,2025-09-19 10:20:36,39.59,16600,39.56,U
sh600584,长电科技,2025-09-19 10:20:42,39.55,10500,39.55,U
sh600584,长电科技,2025-09-19 10:20:45,39.55,9300,39.55,U
sh600584,长电科技,2025-09-19 10:20:48,39.54,13000,39.55,D
sh600584,长电科技,2025-09-19 10:20:51,39.54,10400,39.54,U
sh600584,长电科技,2025-09-19 10:20:54,39.52,13200,39.54,D
sh600584,长电科技,2025-09-19 10:21:00,39.52,5200,39.52,U
sh600584,长电科技,2025-09-19 10:21:03,39.52,6100,39.52,U
sh600584,长电科技,2025-09-19 10:21:06,39.51,57900,39.52,D
sh600584,长电科技,2025-09-19 10:21:09,39.52,9700,39.51,U
sh600584,长电科技,2025-09-19 10:21:12,39.53,11700,39.52,U
sh600584,长电科技,2025-09-19 10:21:15,39.52,13100,39.53,D
sh600584,长电科技,2025-09-19 10:21:18,39.52,28900,39.52,D
sh600584,长电科技,2025-09-19 10:21:21,39.52,27900,39.52,U
sh600584,长电科技,2025-09-19 10:21:24,39.51,50500,39.52,D
sh600584,长电科技,2025-09-19 10:21:27,39.51,78400,39.51,D
sh600584,长电科技,2025-09-19 10:21:30,39.54,46564,39.51,U
sh600584,长电科技,2025-09-19 10:21:33,39.55,5800,39.54,U
sh600584,长电科技,2025-09-19 10:21:36,39.57,8700,39.55,U
sh600584,长电科技,2025-09-19 10:21:42,39.58,8800,39.58,U
sh600584,长电科技,2025-09-19 10:21:51,39.6,64900,39.6,U
sh600584,长电科技,2025-09-19 10:21:54,39.61,18300,39.6,U
sh600584,长电科技,2025-09-19 10:21:57,39.61,11600,39.61,U
sh600584,长电科技,2025-09-19 10:22:00,39.61,25400,39.61,U
sh600584,长电科技,2025-09-19 10:22:03,39.61,16200,39.61,U
sh600584,长电科技,2025-09-19 10:22:06,39.61,18000,39.61,D
sh600584,长电科技,2025-09-19 10:22:09,39.61,8100,39.61,D
sh600584,长电科技,2025-09-19 10:22:12,39.61,58300,39.61,D
sh600584,长电科技,2025-09-19 10:22:15,39.62,12200,39.61,U
sh600584,长电科技,2025-09-19 10:22:18,39.61,67500,39.62,D
sh600584,长电科技,2025-09-19 10:22:21,39.61,12600,39.61,U
sh600584,长电科技,2025-09-19 10:22:24,39.61,52300,39.61,U
sh600584,长电科技,2025-09-19 10:22:27,39.62,7700,39.61,U
sh600584,长电科技,2025-09-19 10:22:30,39.61,8900,39.62,D
sh600584,长电科技,2025-09-19 10:22:33,39.62,6000,39.61,D
sh600584,长电科技,2025-09-19 10:22:36,39.61,16500,39.62,D
sh600584,长电科技,2025-09-19 10:22:39,39.61,62700,39.61,D
sh600584,长电科技,2025-09-19 10:22:42,39.65,8500,39.61,U
sh600584,长电科技,2025-09-19 10:22:45,39.62,38800,39.65,D
sh600584,长电科技,2025-09-19 10:22:48,39.62,6700,39.62,U
sh600584,长电科技,2025-09-19 10:22:51,39.62,13000,39.62,U
sh600584,长电科技,2025-09-19 10:22:54,39.61,28000,39.62,D
sh600584,长电科技,2025-09-19 10:22:57,39.62,12900,39.61,U
sh600584,长电科技,2025-09-19 10:23:06,39.62,14700,39.63,D
sh600584,长电科技,2025-09-19 10:23:09,39.63,36600,39.62,E
sh600584,长电科技,2025-09-19 10:23:12,39.62,30500,39.63,D
sh600584,长电科技,2025-09-19 10:23:15,39.62,10000,39.62,D
sh600584,长电科技,2025-09-19 10:23:21,39.64,5500,39.65,U
sh600584,长电科技,2025-09-19 10:23:27,39.62,15900,39.64,D
sh600584,长电科技,2025-09-19 10:23:30,39.64,12414,39.62,E
sh600584,长电科技,2025-09-19 10:23:33,39.64,6200,39.64,D
sh600584,长电科技,2025-09-19 10:23:36,39.63,23686,39.64,D
sh600584,长电科技,2025-09-19 10:23:42,39.63,11000,39.63,D
sh600584,长电科技,2025-09-19 10:23:45,39.63,19000,39.63,D
sh600584,长电科技,2025-09-19 10:23:48,39.63,19800,39.63,D
sh600584,长电科技,2025-09-19 10:23:51,39.63,16600,39.63,U
sh600584,长电科技,2025-09-19 10:23:54,39.63,5300,39.63,D
sh600584,长电科技,2025-09-19 10:23:57,39.62,30300,39.63,D
sh600584,长电科技,2025-09-19 10:24:00,39.62,29700,39.62,U
sh600584,长电科技,2025-09-19 10:24:06,39.62,8900,39.62,D
sh600584,长电科技,2025-09-19 10:24:09,39.61,6000,39.62,D
sh600584,长电科技,2025-09-19 10:24:12,39.61,10700,39.61,D
sh600584,长电科技,2025-09-19 10:24:15,39.61,14800,39.61,U
sh600584,长电科技,2025-09-19 10:24:18,39.6,11700,39.61,D
sh600584,长电科技,2025-09-19 10:24:24,39.59,9300,39.6,D
sh600584,长电科技,2025-09-19 10:24:27,39.59,10600,39.59,D
sh600584,长电科技,2025-09-19 10:24:30,39.59,20000,39.59,U
sh600584,长电科技,2025-09-19 10:24:33,39.59,5800,39.59,U
sh600584,长电科技,2025-09-19 10:24:36,39.57,12900,39.59,D
sh600584,长电科技,2025-09-19 10:24:42,39.59,10100,39.58,U
sh600584,长电科技,2025-09-19 10:24:48,39.57,6900,39.57,D
sh600584,长电科技,2025-09-19 10:24:51,39.56,6400,39.57,D
sh600584,长电科技,2025-09-19 10:24:57,39.57,19800,39.56,U
sh600584,长电科技,2025-09-19 10:25:00,39.56,9700,39.57,E
sh600584,长电科技,2025-09-19 10:25:03,39.57,39400,39.56,U
sh600584,长电科技,2025-09-19 10:25:06,39.56,19800,39.57,D
sh600584,长电科技,2025-09-19 10:25:09,39.58,34014,39.56,U
sh600584,长电科技,2025-09-19 10:25:12,39.56,11286,39.58,D
sh600584,长电科技,2025-09-19 10:25:15,39.56,11114,39.56,U
sh600584,长电科技,2025-09-19 10:25:21,39.53,26900,39.57,D
sh600584,长电科技,2025-09-19 10:25:24,39.56,6000,39.53,U
sh600584,长电科技,2025-09-19 10:25:30,39.57,8400,39.56,U
sh600584,长电科技,2025-09-19 10:25:33,39.56,14000,39.57,D
sh600584,长电科技,2025-09-19 10:25:39,39.54,12900,39.56,D
sh600584,长电科技,2025-09-19 10:25:42,39.54,26600,39.54,D
sh600584,长电科技,2025-09-19 10:25:45,39.55,10000,39.54,U
sh600584,长电科技,2025-09-19 10:25:48,39.55,6200,39.55,U
sh600584,长电科技,2025-09-19 10:25:51,39.54,6300,39.55,D
sh600584,长电科技,2025-09-19 10:25:57,39.54,6100,39.54,D
sh600584,长电科技,2025-09-19 10:26:00,39.55,18000,39.54,U
sh600584,长电科技,2025-09-19 10:26:03,39.55,12900,39.55,D
sh600584,长电科技,2025-09-19 10:26:06,39.55,20000,39.55,D
sh600584,长电科技,2025-09-19 10:26:09,39.55,12600,39.55,E
sh600584,长电科技,2025-09-19 10:26:18,39.56,15500,39.55,U
sh600584,长电科技,2025-09-19 10:26:21,39.56,7900,39.56,D
sh600584,长电科技,2025-09-19 10:26:24,39.57,8694,39.56,U
sh600584,长电科技,2025-09-19 10:26:27,39.57,7100,39.57,D
sh600584,长电科技,2025-09-19 10:26:30,39.58,7600,39.57,U
sh600584,长电科技,2025-09-19 10:26:33,39.57,17806,39.58,D
sh600584,长电科技,2025-09-19 10:26:36,39.58,9694,39.57,U
sh600584,长电科技,2025-09-19 10:26:39,39.58,8000,39.58,D
sh600584,长电科技,2025-09-19 10:26:42,39.58,10706,39.58,D
sh600584,长电科技,2025-09-19 10:26:45,39.58,11800,39.58,U
sh600584,长电科技,2025-09-19 10:26:48,39.58,35100,39.58,U
sh600584,长电科技,2025-09-19 10:26:51,39.57,11500,39.58,D
sh600584,长电科技,2025-09-19 10:26:54,39.58,26200,39.57,U
sh600584,长电科技,2025-09-19 10:27:03,39.57,18800,39.56,U
sh600584,长电科技,2025-09-19 10:27:09,39.56,21300,39.57,D
sh600584,长电科技,2025-09-19 10:27:12,39.57,7200,39.56,U
sh600584,长电科技,2025-09-19 10:27:15,39.56,6700,39.57,D
sh600584,长电科技,2025-09-19 10:27:18,39.56,10100,39.56,D
sh600584,长电科技,2025-09-19 10:27:21,39.56,8000,39.56,D
sh600584,长电科技,2025-09-19 10:27:24,39.56,7900,39.56,D
sh600584,长电科技,2025-09-19 10:27:30,39.56,7200,39.56,E
sh600584,长电科技,2025-09-19 10:27:33,39.56,25000,39.56,D
sh600584,长电科技,2025-09-19 10:27:36,39.57,12400,39.56,U
sh600584,长电科技,2025-09-19 10:27:39,39.57,18200,39.57,U
sh600584,长电科技,2025-09-19 10:27:42,39.57,13300,39.57,U
sh600584,长电科技,2025-09-19 10:27:45,39.57,8300,39.57,U
sh600584,长电科技,2025-09-19 10:27:48,39.57,10400,39.57,U
sh600584,长电科技,2025-09-19 10:27:51,39.57,11600,39.57,U
sh600584,长电科技,2025-09-19 10:27:54,39.56,5200,39.57,D
sh600584,长电科技,2025-09-19 10:27:57,39.56,6900,39.56,U
sh600584,长电科技,2025-09-19 10:28:06,39.55,37700,39.55,D
sh600584,长电科技,2025-09-19 10:28:09,39.54,7900,39.55,D
sh600584,长电科技,2025-09-19 10:28:12,39.53,45886,39.54,D
sh600584,长电科技,2025-09-19 10:28:15,39.53,12500,39.53,U
sh600584,长电科技,2025-09-19 10:28:18,39.53,19100,39.53,U
sh600584,长电科技,2025-09-19 10:28:21,39.52,10900,39.53,D
sh600584,长电科技,2025-09-19 10:28:24,39.52,6600,39.52,D
sh600584,长电科技,2025-09-19 10:28:27,39.53,15800,39.52,U
sh600584,长电科技,2025-09-19 10:28:30,39.52,11600,39.53,D
sh600584,长电科技,2025-09-19 10:28:33,39.51,6200,39.52,D
sh600584,长电科技,2025-09-19 10:28:36,39.52,12200,39.51,U
sh600584,长电科技,2025-09-19 10:28:39,39.51,24300,39.52,D
sh600584,长电科技,2025-09-19 10:28:42,39.51,11300,39.51,D
sh600584,长电科技,2025-09-19 10:28:45,39.52,7300,39.51,U
sh600584,长电科技,2025-09-19 10:28:48,39.51,16700,39.52,D
sh600584,长电科技,2025-09-19 10:28:54,39.51,17200,39.52,D
sh600584,长电科技,2025-09-19 10:28:57,39.52,31800,39.51,U
sh600584,长电科技,2025-09-19 10:29:00,39.52,14100,39.52,U
sh600584,长电科技,2025-09-19 10:29:03,39.51,26100,39.52,D
sh600584,长电科技,2025-09-19 10:29:06,39.51,6600,39.51,D
sh600584,长电科技,2025-09-19 10:29:09,39.51,11600,39.51,D
sh600584,长电科技,2025-09-19 10:29:12,39.51,16700,39.51,D
sh600584,长电科技,2025-09-19 10:29:15,39.51,6300,39.51,D
sh600584,长电科技,2025-09-19 10:29:18,39.51,8600,39.51,D
sh600584,长电科技,2025-09-19 10:29:21,39.51,8400,39.51,D
sh600584,长电科技,2025-09-19 10:29:27,39.51,121000,39.51,D
sh600584,长电科技,2025-09-19 10:29:33,39.5,30014,39.51,D
sh600584,长电科技,2025-09-19 10:29:36,39.51,7300,39.5,U
sh600584,长电科技,2025-09-19 10:29:39,39.5,11900,39.51,D
sh600584,长电科技,2025-09-19 10:29:42,39.51,23400,39.5,U
sh600584,长电科技,2025-09-19 10:29:45,39.51,5794,39.51,U
sh600584,长电科技,2025-09-19 10:29:48,39.5,13800,39.51,D
sh600584,长电科技,2025-09-19 10:29:51,39.5,10400,39.5,D
sh600584,长电科技,2025-09-19 10:29:54,39.51,18000,39.5,U
sh600584,长电科技,2025-09-19 10:29:57,39.51,10000,39.51,U
sh600584,长电科技,2025-09-19 10:30:00,39.5,41800,39.51,D
sh600584,长电科技,2025-09-19 10:30:03,39.5,14700,39.5,D
sh600584,长电科技,2025-09-19 10:30:06,39.49,27992,39.5,D
sh600584,长电科技,2025-09-19 10:30:09,39.49,8900,39.49,D
sh600584,长电科技,2025-09-19 10:30:12,39.5,11000,39.49,U
sh600584,长电科技,2025-09-19 10:30:15,39.49,14200,39.5,D
sh600584,长电科技,2025-09-19 10:30:18,39.49,8800,39.49,D
sh600584,长电科技,2025-09-19 10:30:21,39.5,12400,39.49,U
sh600584,长电科技,2025-09-19 10:30:24,39.49,8300,39.5,D
sh600584,长电科技,2025-09-19 10:30:27,39.5,26800,39.49,U
sh600584,长电科技,2025-09-19 10:30:30,39.49,9900,39.5,D
sh600584,长电科技,2025-09-19 10:30:33,39.49,28600,39.49,D
sh600584,长电科技,2025-09-19 10:30:36,39.49,5800,39.49,D
sh600584,长电科技,2025-09-19 10:30:39,39.49,31000,39.49,D
sh600584,长电科技,2025-09-19 10:30:45,39.49,7400,39.49,U
sh600584,长电科技,2025-09-19 10:30:48,39.5,28300,39.49,U
sh600584,长电科技,2025-09-19 10:30:51,39.5,9600,39.5,D
sh600584,长电科技,2025-09-19 10:30:54,39.5,9300,39.5,D
sh600584,长电科技,2025-09-19 10:30:57,39.5,6408,39.5,D
sh600584,长电科技,2025-09-19 10:31:00,39.5,22392,39.5,D
sh600584,长电科技,2025-09-19 10:31:03,39.5,8500,39.5,U
sh600584,长电科技,2025-09-19 10:31:06,39.5,11300,39.5,U
sh600584,长电科技,2025-09-19 10:31:09,39.5,7800,39.5,U
sh600584,长电科技,2025-09-19 10:31:12,39.49,8200,39.5,D
sh600584,长电科技,2025-09-19 10:31:15,39.5,13800,39.49,U
sh600584,长电科技,2025-09-19 10:31:18,39.48,17800,39.5,D
sh600584,长电科技,2025-09-19 10:31:21,39.49,8500,39.48,D
sh600584,长电科技,2025-09-19 10:31:30,39.51,10000,39.5,U
sh600584,长电科技,2025-09-19 10:31:42,39.49,9500,39.5,D
sh600584,长电科技,2025-09-19 10:31:48,39.5,9200,39.49,U
sh600584,长电科技,2025-09-19 10:31:51,39.49,9800,39.5,D
sh600584,长电科技,2025-09-19 10:31:54,39.49,7900,39.49,U
sh600584,长电科技,2025-09-19 10:31:57,39.5,6200,39.49,U
sh600584,长电科技,2025-09-19 10:32:00,39.47,20100,39.5,D
sh600584,长电科技,2025-09-19 10:32:06,39.47,6400,39.49,D
sh600584,长电科技,2025-09-19 10:32:09,39.47,13400,39.47,D
sh600584,长电科技,2025-09-19 10:32:18,39.47,5200,39.47,D
sh600584,长电科技,2025-09-19 10:32:21,39.47,9100,39.47,D
sh600584,长电科技,2025-09-19 10:32:24,39.47,28200,39.47,U
sh600584,长电科技,2025-09-19 10:32:30,39.45,7900,39.46,D
sh600584,长电科技,2025-09-19 10:32:33,39.45,8400,39.45,D
sh600584,长电科技,2025-09-19 10:32:36,39.45,25400,39.45,U
sh600584,长电科技,2025-09-19 10:32:42,39.43,9300,39.44,D
sh600584,长电科技,2025-09-19 10:32:45,39.42,19100,39.43,D
sh600584,长电科技,2025-09-19 10:32:48,39.4,86500,39.42,D
sh600584,长电科技,2025-09-19 10:32:51,39.39,16565,39.4,D
sh600584,长电科技,2025-09-19 10:32:54,39.39,10135,39.39,D
sh600584,长电科技,2025-09-19 10:32:57,39.39,10600,39.39,U
sh600584,长电科技,2025-09-19 10:33:00,39.38,19600,39.39,D
sh600584,长电科技,2025-09-19 10:33:03,39.38,6200,39.38,D
sh600584,长电科技,2025-09-19 10:33:09,39.4,51300,39.38,U
sh600584,长电科技,2025-09-19 10:33:12,39.39,41400,39.4,D
sh600584,长电科技,2025-09-19 10:33:15,39.39,12000,39.39,D
sh600584,长电科技,2025-09-19 10:33:21,39.42,6500,39.42,D
sh600584,长电科技,2025-09-19 10:33:27,39.44,13600,39.42,U
sh600584,长电科技,2025-09-19 10:33:30,39.44,6000,39.44,D
sh600584,长电科技,2025-09-19 10:33:33,39.45,11300,39.44,U
sh600584,长电科技,2025-09-19 10:33:36,39.44,7000,39.45,D
sh600584,长电科技,2025-09-19 10:33:39,39.45,18800,39.44,U
sh600584,长电科技,2025-09-19 10:33:48,39.46,15600,39.46,U
sh600584,长电科技,2025-09-19 10:33:51,39.46,17400,39.46,U
sh600584,长电科技,2025-09-19 10:33:54,39.45,7000,39.46,D
sh600584,长电科技,2025-09-19 10:33:57,39.45,7100,39.45,D
sh600584,长电科技,2025-09-19 10:34:00,39.45,31300,39.45,E
sh600584,长电科技,2025-09-19 10:34:03,39.45,6200,39.45,U
sh600584,长电科技,2025-09-19 10:34:06,39.45,5700,39.45,D
sh600584,长电科技,2025-09-19 10:34:09,39.45,8400,39.45,D
sh600584,长电科技,2025-09-19 10:34:12,39.44,34900,39.45,D
sh600584,长电科技,2025-09-19 10:34:18,39.44,8600,39.44,D
sh600584,长电科技,2025-09-19 10:34:21,39.44,8100,39.44,D
sh600584,长电科技,2025-09-19 10:34:27,39.45,5500,39.44,E
sh600584,长电科技,2025-09-19 10:34:30,39.44,6800,39.45,D
sh600584,长电科技,2025-09-19 10:34:39,39.44,13600,39.44,U
sh600584,长电科技,2025-09-19 10:34:45,39.43,8800,39.43,D
sh600584,长电科技,2025-09-19 10:34:51,39.42,6100,39.43,D
sh600584,长电科技,2025-09-19 10:34:54,39.43,15700,39.42,U
sh600584,长电科技,2025-09-19 10:34:57,39.44,7900,39.43,U
sh600584,长电科技,2025-09-19 10:35:03,39.44,12700,39.43,U
sh600584,长电科技,2025-09-19 10:35:06,39.44,23800,39.44,U
sh600584,长电科技,2025-09-19 10:35:15,39.45,12500,39.44,U
sh600584,长电科技,2025-09-19 10:35:18,39.44,5200,39.45,D
sh600584,长电科技,2025-09-19 10:35:21,39.45,8100,39.44,U
sh600584,长电科技,2025-09-19 10:35:27,39.45,9100,39.44,U
sh600584,长电科技,2025-09-19 10:35:48,39.44,5500,39.45,D
sh600584,长电科技,2025-09-19 10:35:51,39.44,11100,39.44,D
sh600584,长电科技,2025-09-19 10:35:54,39.45,7500,39.44,U
sh600584,长电科技,2025-09-19 10:36:06,39.44,14600,39.45,D
sh600584,长电科技,2025-09-19 10:36:09,39.45,7200,39.44,U
sh600584,长电科技,2025-09-19 10:36:12,39.45,5200,39.45,D
sh600584,长电科技,2025-09-19 10:36:18,39.45,8100,39.45,D
sh600584,长电科技,2025-09-19 10:36:21,39.46,12200,39.45,U
sh600584,长电科技,2025-09-19 10:36:24,39.46,8500,39.46,U
sh600584,长电科技,2025-09-19 10:36:27,39.46,22600,39.46,U
sh600584,长电科技,2025-09-19 10:36:33,39.46,15700,39.46,D
sh600584,长电科技,2025-09-19 10:36:36,39.45,116100,39.46,D
sh600584,长电科技,2025-09-19 10:36:39,39.44,10900,39.45,U
sh600584,长电科技,2025-09-19 10:36:42,39.43,8600,39.44,U
sh600584,长电科技,2025-09-19 10:36:48,39.43,9000,39.43,D
sh600584,长电科技,2025-09-19 10:36:51,39.43,6800,39.43,E
sh600584,长电科技,2025-09-19 10:37:06,39.37,81300,39.42,D
sh600584,长电科技,2025-09-19 10:37:09,39.38,9400,39.37,U
sh600584,长电科技,2025-09-19 10:37:15,39.36,23100,39.37,D
sh600584,长电科技,2025-09-19 10:37:18,39.35,8300,39.36,D
sh600584,长电科技,2025-09-19 10:37:21,39.35,44500,39.35,D
sh600584,长电科技,2025-09-19 10:37:27,39.34,8000,39.34,U
sh600584,长电科技,2025-09-19 10:37:30,39.33,13600,39.34,D
sh600584,长电科技,2025-09-19 10:37:36,39.32,9400,39.32,D
sh600584,长电科技,2025-09-19 10:37:39,39.31,10500,39.32,D
sh600584,长电科技,2025-09-19 10:37:42,39.31,30200,39.31,D
sh600584,长电科技,2025-09-19 10:37:45,39.31,19200,39.31,U
sh600584,长电科技,2025-09-19 10:37:48,39.31,37500,39.31,U
sh600584,长电科技,2025-09-19 10:37:51,39.31,25800,39.31,U
sh600584,长电科技,2025-09-19 10:37:54,39.3,13500,39.31,D
sh600584,长电科技,2025-09-19 10:37:57,39.3,22700,39.3,D
sh600584,长电科技,2025-09-19 10:38:00,39.3,5900,39.3,D
sh600584,长电科技,2025-09-19 10:38:03,39.29,33800,39.3,D
sh600584,长电科技,2025-09-19 10:38:06,39.31,15300,39.29,U
sh600584,长电科技,2025-09-19 10:38:09,39.29,12200,39.31,D
sh600584,长电科技,2025-09-19 10:38:12,39.28,21800,39.29,D
sh600584,长电科技,2025-09-19 10:38:15,39.3,9700,39.28,U
sh600584,长电科技,2025-09-19 10:38:18,39.29,28100,39.3,D
sh600584,长电科技,2025-09-19 10:38:21,39.29,7900,39.29,U
sh600584,长电科技,2025-09-19 10:38:27,39.27,25600,39.27,D
sh600584,长电科技,2025-09-19 10:38:30,39.26,14400,39.27,D
sh600584,长电科技,2025-09-19 10:38:36,39.27,29400,39.27,U
sh600584,长电科技,2025-09-19 10:38:39,39.28,28800,39.27,E
sh600584,长电科技,2025-09-19 10:38:42,39.27,13300,39.28,D
sh600584,长电科技,2025-09-19 10:38:45,39.3,7200,39.27,U
sh600584,长电科技,2025-09-19 10:38:48,39.3,6200,39.3,D
sh600584,长电科技,2025-09-19 10:38:51,39.32,17700,39.3,U
sh600584,长电科技,2025-09-19 10:38:54,39.28,5200,39.32,D
sh600584,长电科技,2025-09-19 10:39:03,39.3,82900,39.34,D
sh600584,长电科技,2025-09-19 10:39:06,39.33,6300,39.3,U
sh600584,长电科技,2025-09-19 10:39:09,39.32,14300,39.33,D
sh600584,长电科技,2025-09-19 10:39:12,39.33,8100,39.32,U
sh600584,长电科技,2025-09-19 10:39:15,39.33,8700,39.33,U
sh600584,长电科技,2025-09-19 10:39:18,39.33,5100,39.33,U
sh600584,长电科技,2025-09-19 10:39:24,39.32,8900,39.32,E
sh600584,长电科技,2025-09-19 10:39:27,39.32,5900,39.32,U
sh600584,长电科技,2025-09-19 10:39:30,39.32,7800,39.32,U
sh600584,长电科技,2025-09-19 10:39:33,39.31,8200,39.32,D
sh600584,长电科技,2025-09-19 10:39:36,39.31,9200,39.31,D
sh600584,长电科技,2025-09-19 10:39:39,39.31,11100,39.31,D
sh600584,长电科技,2025-09-19 10:39:42,39.31,36300,39.31,D
sh600584,长电科技,2025-09-19 10:39:48,39.31,7500,39.31,U
sh600584,长电科技,2025-09-19 10:39:57,39.3,5200,39.3,D
sh600584,长电科技,2025-09-19 10:40:06,39.29,5700,39.3,D
sh600584,长电科技,2025-09-19 10:40:09,39.3,10600,39.29,U
sh600584,长电科技,2025-09-19 10:40:12,39.3,6500,39.3,U
sh600584,长电科技,2025-09-19 10:40:15,39.28,17000,39.3,D
sh600584,长电科技,2025-09-19 10:40:18,39.28,42400,39.28,D
sh600584,长电科技,2025-09-19 10:40:21,39.29,13500,39.28,U
sh600584,长电科技,2025-09-19 10:40:24,39.3,12800,39.29,U
sh600584,长电科技,2025-09-19 10:40:27,39.3,5900,39.3,D
sh600584,长电科技,2025-09-19 10:40:30,39.29,9600,39.3,D
sh600584,长电科技,2025-09-19 10:40:33,39.29,6100,39.29,U
sh600584,长电科技,2025-09-19 10:40:39,39.3,16900,39.29,U
sh600584,长电科技,2025-09-19 10:40:42,39.3,28900,39.3,U
sh600584,长电科技,2025-09-19 10:40:45,39.28,101800,39.3,D
sh600584,长电科技,2025-09-19 10:40:51,39.33,39000,39.3,U
sh600584,长电科技,2025-09-19 10:40:57,39.3,12100,39.3,U
sh600584,长电科技,2025-09-19 10:41:00,39.3,74900,39.3,D
sh600584,长电科技,2025-09-19 10:41:12,39.37,73400,39.32,U
sh600584,长电科技,2025-09-19 10:41:15,39.42,175800,39.37,U
sh600584,长电科技,2025-09-19 10:41:18,39.45,9600,39.42,U
sh600584,长电科技,2025-09-19 10:41:21,39.39,7700,39.45,D
sh600584,长电科技,2025-09-19 10:41:27,39.45,17700,39.4,U
sh600584,长电科技,2025-09-19 10:41:39,39.44,6400,39.44,U
sh600584,长电科技,2025-09-19 10:41:42,39.44,5300,39.44,D
sh600584,长电科技,2025-09-19 10:41:45,39.44,8500,39.44,U
sh600584,长电科技,2025-09-19 10:41:51,39.43,5700,39.44,D
sh600584,长电科技,2025-09-19 10:42:00,39.41,32800,39.44,D
sh600584,长电科技,2025-09-19 10:42:06,39.44,19300,39.43,U
sh600584,长电科技,2025-09-19 10:42:09,39.44,12900,39.44,D
sh600584,长电科技,2025-09-19 10:42:12,39.45,5500,39.44,U
sh600584,长电科技,2025-09-19 10:42:15,39.44,6800,39.45,E
sh600584,长电科技,2025-09-19 10:42:18,39.44,5500,39.44,U
sh600584,长电科技,2025-09-19 10:42:30,39.42,11500,39.42,D
sh600584,长电科技,2025-09-19 10:42:33,39.42,7700,39.42,D
sh600584,长电科技,2025-09-19 10:42:39,39.41,6100,39.42,D
sh600584,长电科技,2025-09-19 10:42:42,39.43,16500,39.41,U
sh600584,长电科技,2025-09-19 10:42:45,39.43,6400,39.43,U
sh600584,长电科技,2025-09-19 10:42:57,39.41,7200,39.42,D
sh600584,长电科技,2025-09-19 10:43:00,39.41,6700,39.41,D
sh600584,长电科技,2025-09-19 10:43:03,39.41,9500,39.41,D
sh600584,长电科技,2025-09-19 10:43:06,39.4,26800,39.41,D
sh600584,长电科技,2025-09-19 10:43:09,39.36,10700,39.4,D
sh600584,长电科技,2025-09-19 10:43:36,39.35,7800,39.37,D
sh600584,长电科技,2025-09-19 10:43:42,39.35,14800,39.36,D
sh600584,长电科技,2025-09-19 10:43:45,39.35,9500,39.35,D
sh600584,长电科技,2025-09-19 10:43:48,39.35,7300,39.35,D
sh600584,长电科技,2025-09-19 10:43:54,39.36,6200,39.36,U
sh600584,长电科技,2025-09-19 10:43:57,39.35,6000,39.36,D
sh600584,长电科技,2025-09-19 10:44:06,39.35,5400,39.35,U
sh600584,长电科技,2025-09-19 10:44:09,39.34,8300,39.35,D
sh600584,长电科技,2025-09-19 10:44:18,39.34,7800,39.35,E
sh600584,长电科技,2025-09-19 10:44:21,39.34,14100,39.34,U
sh600584,长电科技,2025-09-19 10:44:36,39.32,12700,39.32,D
sh600584,长电科技,2025-09-19 10:44:42,39.32,11800,39.32,D
sh600584,长电科技,2025-09-19 10:44:45,39.33,23200,39.32,E
sh600584,长电科技,2025-09-19 10:44:48,39.33,18600,39.33,D
sh600584,长电科技,2025-09-19 10:44:54,39.34,13700,39.34,U
sh600584,长电科技,2025-09-19 10:45:03,39.34,9100,39.35,D
sh600584,长电科技,2025-09-19 10:45:06,39.35,7700,39.34,U
sh600584,长电科技,2025-09-19 10:45:09,39.34,13200,39.35,D
sh600584,长电科技,2025-09-19 10:45:12,39.35,6000,39.34,U
sh600584,长电科技,2025-09-19 10:45:18,39.35,5900,39.35,U
sh600584,长电科技,2025-09-19 10:45:36,39.35,9600,39.34,U
sh600584,长电科技,2025-09-19 10:45:45,39.34,7700,39.34,D
sh600584,长电科技,2025-09-19 10:45:51,39.33,15200,39.34,D
sh600584,长电科技,2025-09-19 10:45:54,39.33,19400,39.33,D
sh600584,长电科技,2025-09-19 10:45:57,39.32,7700,39.33,D
sh600584,长电科技,2025-09-19 10:46:03,39.32,8500,39.33,D
sh600584,长电科技,2025-09-19 10:46:06,39.32,5200,39.32,D
sh600584,长电科技,2025-09-19 10:46:09,39.32,7500,39.32,D
sh600584,长电科技,2025-09-19 10:46:12,39.32,7100,39.32,D
sh600584,长电科技,2025-09-19 10:46:18,39.32,10000,39.32,U
sh600584,长电科技,2025-09-19 10:46:24,39.32,6500,39.32,U
sh600584,长电科技,2025-09-19 10:46:36,39.31,7300,39.31,D
sh600584,长电科技,2025-09-19 10:46:39,39.35,102500,39.31,U
sh600584,长电科技,2025-09-19 10:46:42,39.3,20300,39.35,D
sh600584,长电科技,2025-09-19 10:46:48,39.33,26900,39.31,U
sh600584,长电科技,2025-09-19 10:46:54,39.34,9300,39.34,U
sh600584,长电科技,2025-09-19 10:47:00,39.33,10200,39.34,D
sh600584,长电科技,2025-09-19 10:47:06,39.3,16400,39.31,D
sh600584,长电科技,2025-09-19 10:47:09,39.33,5200,39.3,U
sh600584,长电科技,2025-09-19 10:47:15,39.32,5900,39.32,D
sh600584,长电科技,2025-09-19 10:47:21,39.32,11700,39.33,D
sh600584,长电科技,2025-09-19 10:47:24,39.34,35100,39.32,U
sh600584,长电科技,2025-09-19 10:47:36,39.35,14900,39.35,U
sh600584,长电科技,2025-09-19 10:47:42,39.34,20300,39.35,D
sh600584,长电科技,2025-09-19 10:47:54,39.36,5900,39.36,U
sh600584,长电科技,2025-09-19 10:48:03,39.37,15000,39.36,U
sh600584,长电科技,2025-09-19 10:48:06,39.37,6300,39.37,U
sh600584,长电科技,2025-09-19 10:48:09,39.35,21900,39.37,D
sh600584,长电科技,2025-09-19 10:48:12,39.35,22500,39.35,U
sh600584,长电科技,2025-09-19 10:48:18,39.33,14000,39.35,D
sh600584,长电科技,2025-09-19 10:48:21,39.33,6200,39.33,U
sh600584,长电科技,2025-09-19 10:48:33,39.33,15400,39.33,D
sh600584,长电科技,2025-09-19 10:48:36,39.32,6100,39.33,D
sh600584,长电科技,2025-09-19 10:48:39,39.32,18400,39.32,D
sh600584,长电科技,2025-09-19 10:48:48,39.31,7100,39.32,D
sh600584,长电科技,2025-09-19 10:49:00,39.28,176000,39.32,D
sh600584,长电科技,2025-09-19 10:49:03,39.26,22700,39.28,D
sh600584,长电科技,2025-09-19 10:49:06,39.27,18200,39.26,U
sh600584,长电科技,2025-09-19 10:49:09,39.26,8600,39.27,D
sh600584,长电科技,2025-09-19 10:49:12,39.26,12000,39.26,D
sh600584,长电科技,2025-09-19 10:49:15,39.26,18900,39.26,D
sh600584,长电科技,2025-09-19 10:49:18,39.26,27300,39.26,D
sh600584,长电科技,2025-09-19 10:49:24,39.26,8900,39.25,U
sh600584,长电科技,2025-09-19 10:49:27,39.25,7400,39.26,D
sh600584,长电科技,2025-09-19 10:49:30,39.25,39300,39.25,D
sh600584,长电科技,2025-09-19 10:49:33,39.25,25000,39.25,D
sh600584,长电科技,2025-09-19 10:49:36,39.25,10000,39.25,D
sh600584,长电科技,2025-09-19 10:49:45,39.24,59500,39.24,U
sh600584,长电科技,2025-09-19 10:49:48,39.23,6100,39.24,E
sh600584,长电科技,2025-09-19 10:49:51,39.22,7300,39.23,E
sh600584,长电科技,2025-09-19 10:49:54,39.21,22600,39.22,D
sh600584,长电科技,2025-09-19 10:49:57,39.22,8400,39.21,U
sh600584,长电科技,2025-09-19 10:50:00,39.2,13700,39.22,D
sh600584,长电科技,2025-09-19 10:50:03,39.2,24000,39.2,D
sh600584,长电科技,2025-09-19 10:50:06,39.2,16400,39.2,D
sh600584,长电科技,2025-09-19 10:50:09,39.21,26900,39.2,U
sh600584,长电科技,2025-09-19 10:50:12,39.2,6600,39.21,D
sh600584,长电科技,2025-09-19 10:50:15,39.2,20500,39.2,D
sh600584,长电科技,2025-09-19 10:50:18,39.2,19300,39.2,D
sh600584,长电科技,2025-09-19 10:50:21,39.23,46300,39.2,U
sh600584,长电科技,2025-09-19 10:50:24,39.23,11800,39.23,D
sh600584,长电科技,2025-09-19 10:50:27,39.22,7000,39.23,D
sh600584,长电科技,2025-09-19 10:50:30,39.23,13400,39.22,U
sh600584,长电科技,2025-09-19 10:50:33,39.23,10800,39.23,U
sh600584,长电科技,2025-09-19 10:50:36,39.23,16000,39.23,D
sh600584,长电科技,2025-09-19 10:50:39,39.22,11700,39.23,D
sh600584,长电科技,2025-09-19 10:50:48,39.22,5400,39.21,U
sh600584,长电科技,2025-09-19 10:50:51,39.22,14200,39.22,U
sh600584,长电科技,2025-09-19 10:50:54,39.22,12200,39.22,D
sh600584,长电科技,2025-09-19 10:50:57,39.22,16800,39.22,D
sh600584,长电科技,2025-09-19 10:51:00,39.23,18100,39.22,U
sh600584,长电科技,2025-09-19 10:51:03,39.22,12400,39.23,D
sh600584,长电科技,2025-09-19 10:51:09,39.24,15600,39.24,U
sh600584,长电科技,2025-09-19 10:51:12,39.24,13300,39.24,D
sh600584,长电科技,2025-09-19 10:51:24,39.24,58900,39.24,D
sh600584,长电科技,2025-09-19 10:51:27,39.22,26900,39.24,D
sh600584,长电科技,2025-09-19 10:51:30,39.25,7100,39.22,U
sh600584,长电科技,2025-09-19 10:51:33,39.25,6500,39.25,D
sh600584,长电科技,2025-09-19 10:51:36,39.25,5100,39.25,D
sh600584,长电科技,2025-09-19 10:51:42,39.25,9900,39.25,U
sh600584,长电科技,2025-09-19 10:51:48,39.26,54500,39.24,U
sh600584,长电科技,2025-09-19 10:51:51,39.24,10000,39.26,D
sh600584,长电科技,2025-09-19 10:51:54,39.24,8800,39.24,U
sh600584,长电科技,2025-09-19 10:52:03,39.25,8800,39.24,U
sh600584,长电科技,2025-09-19 10:52:06,39.24,5800,39.25,D
sh600584,长电科技,2025-09-19 10:52:09,39.25,5900,39.24,E
sh600584,长电科技,2025-09-19 10:52:12,39.24,13100,39.25,D
sh600584,长电科技,2025-09-19 10:52:15,39.24,7700,39.24,D
sh600584,长电科技,2025-09-19 10:52:21,39.23,20700,39.25,D
sh600584,长电科技,2025-09-19 10:52:27,39.24,10400,39.23,U
sh600584,长电科技,2025-09-19 10:52:33,39.24,6400,39.24,D
sh600584,长电科技,2025-09-19 10:52:39,39.26,6900,39.25,U
sh600584,长电科技,2025-09-19 10:52:42,39.25,11200,39.26,D
sh600584,长电科技,2025-09-19 10:52:45,39.25,6400,39.25,D
sh600584,长电科技,2025-09-19 10:52:48,39.25,56800,39.25,D
sh600584,长电科技,2025-09-19 10:52:51,39.25,14200,39.25,D
sh600584,长电科技,2025-09-19 10:53:03,39.24,12200,39.24,D
sh600584,长电科技,2025-09-19 10:53:09,39.22,64700,39.23,D
sh600584,长电科技,2025-09-19 10:53:12,39.21,8700,39.22,D
sh600584,长电科技,2025-09-19 10:53:15,39.21,23000,39.21,D
sh600584,长电科技,2025-09-19 10:53:18,39.2,10600,39.21,D
sh600584,长电科技,2025-09-19 10:53:21,39.2,75534,39.2,D
sh600584,长电科技,2025-09-19 10:53:24,39.2,18266,39.2,D
sh600584,长电科技,2025-09-19 10:53:30,39.19,22234,39.2,D
sh600584,长电科技,2025-09-19 10:53:33,39.18,18000,39.19,D
sh600584,长电科技,2025-09-19 10:53:36,39.17,75500,39.18,D
sh600584,长电科技,2025-09-19 10:53:42,39.18,18000,39.17,U
sh600584,长电科技,2025-09-19 10:53:45,39.16,14500,39.18,D
sh600584,长电科技,2025-09-19 10:53:51,39.15,26800,39.16,D
sh600584,长电科技,2025-09-19 10:53:54,39.15,17000,39.15,D
sh600584,长电科技,2025-09-19 10:53:57,39.15,15200,39.15,D
sh600584,长电科技,2025-09-19 10:54:03,39.14,7800,39.15,D
sh600584,长电科技,2025-09-19 10:54:06,39.13,23500,39.14,D
sh600584,长电科技,2025-09-19 10:54:09,39.13,49400,39.13,D
sh600584,长电科技,2025-09-19 10:54:12,39.12,13600,39.13,D
sh600584,长电科技,2025-09-19 10:54:15,39.11,14100,39.12,D
sh600584,长电科技,2025-09-19 10:54:18,39.11,6200,39.11,D
sh600584,长电科技,2025-09-19 10:54:21,39.11,552800,39.11,D
sh600584,长电科技,2025-09-19 10:54:24,39.03,7200,39.11,E
sh600584,长电科技,2025-09-19 10:54:30,39.05,13534,39.03,E
sh600584,长电科技,2025-09-19 10:54:33,39.03,12666,39.05,D
sh600584,长电科技,2025-09-19 10:54:36,39.03,115234,39.03,U
sh600584,长电科技,2025-09-19 10:54:39,39.01,45200,39.03,D
sh600584,长电科技,2025-09-19 10:54:42,39.01,19100,39.01,D
sh600584,长电科技,2025-09-19 10:54:45,39.02,15900,39.01,U
sh600584,长电科技,2025-09-19 10:54:48,39.03,14300,39.02,E
sh600584,长电科技,2025-09-19 10:54:51,39.03,22600,39.03,D
sh600584,长电科技,2025-09-19 10:54:54,39.03,8800,39.03,U
sh600584,长电科技,2025-09-19 10:54:57,39.03,25500,39.03,D
sh600584,长电科技,2025-09-19 10:55:00,39.04,36000,39.03,U
sh600584,长电科技,2025-09-19 10:55:03,39.03,13300,39.04,D
sh600584,长电科技,2025-09-19 10:55:06,39.04,47900,39.03,U
sh600584,长电科技,2025-09-19 10:55:09,39.04,7900,39.04,D
sh600584,长电科技,2025-09-19 10:55:12,39.05,27800,39.04,E
sh600584,长电科技,2025-09-19 10:55:15,39.08,10600,39.05,U
sh600584,长电科技,2025-09-19 10:55:18,39.08,29700,39.08,U
sh600584,长电科技,2025-09-19 10:55:21,39.09,5800,39.08,U
sh600584,长电科技,2025-09-19 10:55:24,39.08,7000,39.09,D
sh600584,长电科技,2025-09-19 10:55:27,39.09,5400,39.08,D
sh600584,长电科技,2025-09-19 10:55:33,39.1,10100,39.09,D
sh600584,长电科技,2025-09-19 10:55:36,39.09,28000,39.1,D
sh600584,长电科技,2025-09-19 10:55:39,39.1,23200,39.09,U
sh600584,长电科技,2025-09-19 10:55:42,39.11,10000,39.1,U
sh600584,长电科技,2025-09-19 10:55:45,39.11,9600,39.11,U
sh600584,长电科技,2025-09-19 10:55:48,39.12,20700,39.11,U
sh600584,长电科技,2025-09-19 10:55:51,39.11,18500,39.12,D
sh600584,长电科技,2025-09-19 10:55:54,39.12,12100,39.11,U
sh600584,长电科技,2025-09-19 10:56:03,39.12,15200,39.13,D
sh600584,长电科技,2025-09-19 10:56:06,39.13,6500,39.12,U
sh600584,长电科技,2025-09-19 10:56:09,39.13,14700,39.13,D
sh600584,长电科技,2025-09-19 10:56:15,39.13,8300,39.13,U
sh600584,长电科技,2025-09-19 10:56:18,39.13,18900,39.13,D
sh600584,长电科技,2025-09-19 10:56:21,39.14,17500,39.13,U
sh600584,长电科技,2025-09-19 10:56:27,39.14,17400,39.14,D
sh600584,长电科技,2025-09-19 10:56:30,39.13,17700,39.14,D
sh600584,长电科技,2025-09-19 10:56:33,39.14,25800,39.13,U
sh600584,长电科技,2025-09-19 10:56:36,39.14,7700,39.14,D
sh600584,长电科技,2025-09-19 10:56:39,39.14,26500,39.14,D
sh600584,长电科技,2025-09-19 10:56:42,39.14,9100,39.14,D
sh600584,长电科技,2025-09-19 10:56:45,39.14,30800,39.14,D
sh600584,长电科技,2025-09-19 10:56:48,39.14,15700,39.14,U
sh600584,长电科技,2025-09-19 10:56:51,39.13,17800,39.14,D
sh600584,长电科技,2025-09-19 10:56:54,39.13,34900,39.13,D
sh600584,长电科技,2025-09-19 10:56:57,39.13,29500,39.13,D
sh600584,长电科技,2025-09-19 10:57:00,39.13,33900,39.13,D
sh600584,长电科技,2025-09-19 10:57:03,39.14,11200,39.13,E
sh600584,长电科技,2025-09-19 10:57:09,39.14,12300,39.14,U
sh600584,长电科技,2025-09-19 10:57:12,39.15,8700,39.14,U
sh600584,长电科技,2025-09-19 10:57:15,39.14,8100,39.15,U
sh600584,长电科技,2025-09-19 10:57:21,39.15,5200,39.14,U
sh600584,长电科技,2025-09-19 10:57:24,39.15,6600,39.15,U
sh600584,长电科技,2025-09-19 10:57:27,39.15,26200,39.15,U
sh600584,长电科技,2025-09-19 10:57:33,39.16,7300,39.16,U
sh600584,长电科技,2025-09-19 10:57:39,39.16,9400,39.16,U
sh600584,长电科技,2025-09-19 10:57:42,39.16,6600,39.16,D
sh600584,长电科技,2025-09-19 10:57:45,39.16,9200,39.16,U
sh600584,长电科技,2025-09-19 10:57:48,39.15,22300,39.16,D
sh600584,长电科技,2025-09-19 10:57:54,39.15,40000,39.15,U
sh600584,长电科技,2025-09-19 10:57:57,39.12,97800,39.15,D
sh600584,长电科技,2025-09-19 10:58:00,39.12,86600,39.12,U
sh600584,长电科技,2025-09-19 10:58:03,39.1,9500,39.12,D
sh600584,长电科技,2025-09-19 10:58:12,39.1,22500,39.1,D
sh600584,长电科技,2025-09-19 10:58:21,39.08,7500,39.08,D
sh600584,长电科技,2025-09-19 10:58:24,39.07,16600,39.08,D
sh600584,长电科技,2025-09-19 10:58:27,39.08,67000,39.07,U
sh600584,长电科技,2025-09-19 10:58:30,39.08,19700,39.08,U
sh600584,长电科技,2025-09-19 10:58:33,39.08,26100,39.08,U
sh600584,长电科技,2025-09-19 10:58:36,39.08,18500,39.08,E
sh600584,长电科技,2025-09-19 10:58:39,39.07,11500,39.08,D
sh600584,长电科技,2025-09-19 10:58:42,39.07,8500,39.07,U
sh600584,长电科技,2025-09-19 10:58:48,39.07,166600,39.06,U
sh600584,长电科技,2025-09-19 10:58:51,39.06,10500,39.07,D
sh600584,长电科技,2025-09-19 10:58:54,39.06,5500,39.06,U
sh600584,长电科技,2025-09-19 10:59:00,39.06,38400,39.05,U
sh600584,长电科技,2025-09-19 10:59:03,39.05,9100,39.06,U
sh600584,长电科技,2025-09-19 10:59:06,39.09,35600,39.05,U
sh600584,长电科技,2025-09-19 10:59:09,39.1,35800,39.09,U
sh600584,长电科技,2025-09-19 10:59:12,39.1,18700,39.1,E
sh600584,长电科技,2025-09-19 10:59:18,39.11,8400,39.13,E
sh600584,长电科技,2025-09-19 10:59:27,39.1,8300,39.11,D
sh600584,长电科技,2025-09-19 10:59:30,39.11,24300,39.1,U
sh600584,长电科技,2025-09-19 10:59:36,39.1,8200,39.11,D
sh600584,长电科技,2025-09-19 10:59:39,39.12,8200,39.1,D
sh600584,长电科技,2025-09-19 10:59:42,39.13,16000,39.12,U
sh600584,长电科技,2025-09-19 10:59:45,39.13,12700,39.13,U
sh600584,长电科技,2025-09-19 10:59:48,39.13,48600,39.13,D
sh600584,长电科技,2025-09-19 10:59:51,39.15,37700,39.13,U
sh600584,长电科技,2025-09-19 10:59:54,39.16,9100,39.15,U
sh600584,长电科技,2025-09-19 10:59:57,39.17,18500,39.16,U
sh600584,长电科技,2025-09-19 11:00:06,39.17,20100,39.17,D
sh600584,长电科技,2025-09-19 11:00:21,39.2,8700,39.2,U
sh600584,长电科技,2025-09-19 11:00:24,39.2,14466,39.2,U
sh600584,长电科技,2025-09-19 11:00:27,39.2,9900,39.2,D
sh600584,长电科技,2025-09-19 11:00:30,39.2,9600,39.2,U
sh600584,长电科技,2025-09-19 11:00:33,39.2,8100,39.2,U
sh600584,长电科技,2025-09-19 11:00:39,39.2,8500,39.2,U
sh600584,长电科技,2025-09-19 11:00:42,39.19,9600,39.2,D
sh600584,长电科技,2025-09-19 11:00:45,39.2,15134,39.19,U
sh600584,长电科技,2025-09-19 11:00:57,39.19,70700,39.19,D
sh600584,长电科技,2025-09-19 11:01:03,39.18,10300,39.2,D
sh600584,长电科技,2025-09-19 11:01:06,39.18,16700,39.18,D
sh600584,长电科技,2025-09-19 11:01:09,39.17,7700,39.18,D
sh600584,长电科技,2025-09-19 11:01:18,39.16,46900,39.19,D
sh600584,长电科技,2025-09-19 11:01:30,39.16,9400,39.17,D
sh600584,长电科技,2025-09-19 11:01:39,39.15,10500,39.15,D
sh600584,长电科技,2025-09-19 11:01:42,39.15,30500,39.15,D
sh600584,长电科技,2025-09-19 11:01:48,39.14,7600,39.15,D
sh600584,长电科技,2025-09-19 11:01:51,39.15,7300,39.14,U
sh600584,长电科技,2025-09-19 11:02:03,39.13,6100,39.13,D
sh600584,长电科技,2025-09-19 11:02:06,39.12,9300,39.13,D
sh600584,长电科技,2025-09-19 11:02:09,39.13,24500,39.12,U
sh600584,长电科技,2025-09-19 11:02:24,39.12,15800,39.13,D
sh600584,长电科技,2025-09-19 11:02:30,39.12,5500,39.11,U
sh600584,长电科技,2025-09-19 11:02:33,39.12,7600,39.12,U
sh600584,长电科技,2025-09-19 11:02:39,39.11,13600,39.12,D
sh600584,长电科技,2025-09-19 11:02:48,39.1,8300,39.11,D
sh600584,长电科技,2025-09-19 11:02:51,39.1,6900,39.1,D
sh600584,长电科技,2025-09-19 11:02:57,39.1,14400,39.1,D
sh600584,长电科技,2025-09-19 11:03:00,39.11,17800,39.1,U
sh600584,长电科技,2025-09-19 11:03:03,39.1,6600,39.11,D
sh600584,长电科技,2025-09-19 11:03:09,39.11,33600,39.1,U
sh600584,长电科技,2025-09-19 11:03:12,39.13,35600,39.11,D
sh600584,长电科技,2025-09-19 11:03:15,39.13,22400,39.13,D
sh600584,长电科技,2025-09-19 11:03:18,39.15,10900,39.13,U
sh600584,长电科技,2025-09-19 11:03:27,39.18,6300,39.15,U
sh600584,长电科技,2025-09-19 11:03:30,39.17,9200,39.18,E
sh600584,长电科技,2025-09-19 11:03:42,39.17,11300,39.17,U
sh600584,长电科技,2025-09-19 11:03:45,39.17,9300,39.17,U
sh600584,长电科技,2025-09-19 11:03:48,39.17,7700,39.17,U
sh600584,长电科技,2025-09-19 11:03:51,39.17,6400,39.17,D
sh600584,长电科技,2025-09-19 11:03:54,39.17,6300,39.17,D
sh600584,长电科技,2025-09-19 11:03:57,39.17,5500,39.17,D
sh600584,长电科技,2025-09-19 11:04:00,39.18,6900,39.17,U
sh600584,长电科技,2025-09-19 11:04:06,39.17,6700,39.18,D
sh600584,长电科技,2025-09-19 11:04:12,39.17,6500,39.17,D
sh600584,长电科技,2025-09-19 11:04:15,39.17,10900,39.17,D
sh600584,长电科技,2025-09-19 11:04:18,39.18,7900,39.17,U
sh600584,长电科技,2025-09-19 11:04:21,39.17,11446,39.18,D
sh600584,长电科技,2025-09-19 11:04:24,39.18,7900,39.17,U
sh600584,长电科技,2025-09-19 11:04:30,39.16,6354,39.17,D
sh600584,长电科技,2025-09-19 11:04:33,39.17,33600,39.16,U
sh600584,长电科技,2025-09-19 11:04:39,39.17,6500,39.16,U
sh600584,长电科技,2025-09-19 11:04:42,39.16,8200,39.17,D
sh600584,长电科技,2025-09-19 11:04:45,39.16,5500,39.16,D
sh600584,长电科技,2025-09-19 11:04:48,39.17,32700,39.16,U
sh600584,长电科技,2025-09-19 11:04:54,39.16,8700,39.16,U
sh600584,长电科技,2025-09-19 11:04:57,39.15,9900,39.16,D
sh600584,长电科技,2025-09-19 11:05:03,39.15,5800,39.15,U
sh600584,长电科技,2025-09-19 11:05:21,39.16,7300,39.14,U
sh600584,长电科技,2025-09-19 11:05:24,39.16,8000,39.16,U
sh600584,长电科技,2025-09-19 11:05:33,39.16,19000,39.16,U
sh600584,长电科技,2025-09-19 11:05:36,39.17,69000,39.16,U
sh600584,长电科技,2025-09-19 11:05:39,39.18,46246,39.17,U
sh600584,长电科技,2025-09-19 11:05:42,39.19,32100,39.18,U
sh600584,长电科技,2025-09-19 11:05:45,39.19,11200,39.19,D
sh600584,长电科技,2025-09-19 11:05:51,39.19,7200,39.19,E
sh600584,长电科技,2025-09-19 11:05:54,39.2,5800,39.19,U
sh600584,长电科技,2025-09-19 11:05:57,39.2,5600,39.2,U
sh600584,长电科技,2025-09-19 11:06:00,39.22,20900,39.2,U
sh600584,长电科技,2025-09-19 11:06:03,39.23,5700,39.22,U
sh600584,长电科技,2025-09-19 11:06:06,39.24,11666,39.23,U
sh600584,长电科技,2025-09-19 11:06:12,39.23,8800,39.24,D
sh600584,长电科技,2025-09-19 11:06:15,39.24,9800,39.23,U
sh600584,长电科技,2025-09-19 11:06:18,39.23,6200,39.24,D
sh600584,长电科技,2025-09-19 11:06:21,39.23,12900,39.23,D
sh600584,长电科技,2025-09-19 11:06:27,39.22,25500,39.22,D
sh600584,长电科技,2025-09-19 11:06:33,39.22,5200,39.22,U
sh600584,长电科技,2025-09-19 11:06:48,39.22,5900,39.22,U
sh600584,长电科技,2025-09-19 11:07:00,39.22,7500,39.22,U
sh600584,长电科技,2025-09-19 11:07:12,39.22,6000,39.22,D
sh600584,长电科技,2025-09-19 11:07:15,39.23,5700,39.22,U
sh600584,长电科技,2025-09-19 11:07:18,39.22,15300,39.23,D
sh600584,长电科技,2025-09-19 11:07:24,39.24,11400,39.21,U
sh600584,长电科技,2025-09-19 11:07:39,39.22,5800,39.22,D
sh600584,长电科技,2025-09-19 11:07:45,39.23,6900,39.23,U
sh600584,长电科技,2025-09-19 11:07:54,39.25,16100,39.24,U
sh600584,长电科技,2025-09-19 11:07:57,39.24,17400,39.25,D
sh600584,长电科技,2025-09-19 11:08:00,39.25,10900,39.24,U
sh600584,长电科技,2025-09-19 11:08:03,39.25,13900,39.25,U
sh600584,长电科技,2025-09-19 11:08:06,39.32,62600,39.25,U
sh600584,长电科技,2025-09-19 11:08:09,39.33,6900,39.32,U
sh600584,长电科技,2025-09-19 11:08:12,39.34,7800,39.33,U
sh600584,长电科技,2025-09-19 11:08:18,39.35,5900,39.34,U
sh600584,长电科技,2025-09-19 11:08:21,39.36,16100,39.35,U
sh600584,长电科技,2025-09-19 11:08:24,39.36,6200,39.36,U
sh600584,长电科技,2025-09-19 11:08:30,39.35,9000,39.36,D
sh600584,长电科技,2025-09-19 11:08:33,39.36,60300,39.35,E
sh600584,长电科技,2025-09-19 11:08:36,39.35,7900,39.36,E
sh600584,长电科技,2025-09-19 11:08:39,39.34,5700,39.35,D
sh600584,长电科技,2025-09-19 11:08:42,39.35,5100,39.34,U
sh600584,长电科技,2025-09-19 11:08:45,39.34,5400,39.35,D
sh600584,长电科技,2025-09-19 11:08:48,39.34,10000,39.34,D
sh600584,长电科技,2025-09-19 11:08:51,39.33,7100,39.34,D
sh600584,长电科技,2025-09-19 11:09:06,39.32,15000,39.32,U
sh600584,长电科技,2025-09-19 11:09:21,39.29,11100,39.3,U
sh600584,长电科技,2025-09-19 11:09:27,39.27,8200,39.27,D
sh600584,长电科技,2025-09-19 11:09:30,39.27,6800,39.27,U
sh600584,长电科技,2025-09-19 11:09:33,39.27,22000,39.27,U
sh600584,长电科技,2025-09-19 11:09:39,39.26,13800,39.27,D
sh600584,长电科技,2025-09-19 11:09:51,39.24,6300,39.25,D
sh600584,长电科技,2025-09-19 11:09:57,39.25,10000,39.24,U
sh600584,长电科技,2025-09-19 11:10:06,39.23,15100,39.25,D
sh600584,长电科技,2025-09-19 11:10:21,39.23,10900,39.22,U
sh600584,长电科技,2025-09-19 11:10:36,39.23,6900,39.22,U
sh600584,长电科技,2025-09-19 11:10:42,39.23,8400,39.22,U
sh600584,长电科技,2025-09-19 11:10:51,39.23,5700,39.23,D
sh600584,长电科技,2025-09-19 11:11:24,39.23,19300,39.22,U
sh600584,长电科技,2025-09-19 11:11:27,39.23,23500,39.23,D
sh600584,长电科技,2025-09-19 11:11:36,39.22,6500,39.23,D
sh600584,长电科技,2025-09-19 11:11:48,39.21,9000,39.22,D
sh600584,长电科技,2025-09-19 11:11:57,39.21,10700,39.22,D
sh600584,长电科技,2025-09-19 11:12:00,39.2,6600,39.21,D
sh600584,长电科技,2025-09-19 11:12:09,39.21,19300,39.21,U
sh600584,长电科技,2025-09-19 11:12:15,39.2,6000,39.2,D
sh600584,长电科技,2025-09-19 11:12:21,39.21,20100,39.2,U
sh600584,长电科技,2025-09-19 11:12:27,39.19,11134,39.2,D
sh600584,长电科技,2025-09-19 11:12:48,39.19,9100,39.18,U
sh600584,长电科技,2025-09-19 11:12:51,39.18,5500,39.19,D
sh600584,长电科技,2025-09-19 11:13:21,39.13,45600,39.16,D
sh600584,长电科技,2025-09-19 11:13:30,39.13,11200,39.12,U
sh600584,长电科技,2025-09-19 11:13:33,39.12,10900,39.13,D
sh600584,长电科技,2025-09-19 11:13:36,39.12,5400,39.12,D
sh600584,长电科技,2025-09-19 11:13:39,39.12,8600,39.12,D
sh600584,长电科技,2025-09-19 11:14:00,39.17,19200,39.15,U
sh600584,长电科技,2025-09-19 11:14:03,39.19,10700,39.17,U
sh600584,长电科技,2025-09-19 11:14:06,39.15,12900,39.19,D
sh600584,长电科技,2025-09-19 11:14:09,39.15,15000,39.15,D
sh600584,长电科技,2025-09-19 11:14:39,39.19,7000,39.18,U
sh600584,长电科技,2025-09-19 11:14:42,39.18,10400,39.19,D
sh600584,长电科技,2025-09-19 11:14:54,39.2,7400,39.2,U
sh600584,长电科技,2025-09-19 11:14:57,39.19,25300,39.2,D
sh600584,长电科技,2025-09-19 11:15:00,39.18,13300,39.19,D
sh600584,长电科技,2025-09-19 11:15:03,39.18,9100,39.18,U
sh600584,长电科技,2025-09-19 11:15:09,39.18,6500,39.17,U
sh600584,长电科技,2025-09-19 11:15:15,39.19,7400,39.18,U
sh600584,长电科技,2025-09-19 11:15:18,39.18,21500,39.19,D
sh600584,长电科技,2025-09-19 11:15:21,39.18,37800,39.18,D
sh600584,长电科技,2025-09-19 11:15:24,39.17,6100,39.18,D
sh600584,长电科技,2025-09-19 11:15:27,39.16,16100,39.17,D
sh600584,长电科技,2025-09-19 11:15:36,39.15,11900,39.15,D
sh600584,长电科技,2025-09-19 11:15:39,39.15,10700,39.15,D
sh600584,长电科技,2025-09-19 11:15:48,39.16,6500,39.15,U
sh600584,长电科技,2025-09-19 11:15:57,39.2,33200,39.15,U
sh600584,长电科技,2025-09-19 11:16:00,39.2,7300,39.2,D
sh600584,长电科技,2025-09-19 11:16:03,39.21,7100,39.2,U
sh600584,长电科技,2025-09-19 11:16:06,39.21,6900,39.21,U
sh600584,长电科技,2025-09-19 11:16:18,39.21,17400,39.21,D
sh600584,长电科技,2025-09-19 11:16:24,39.21,5900,39.21,U
sh600584,长电科技,2025-09-19 11:16:42,39.2,6100,39.17,U
sh600584,长电科技,2025-09-19 11:17:09,39.18,5200,39.17,U
sh600584,长电科技,2025-09-19 11:17:12,39.17,7700,39.18,D
sh600584,长电科技,2025-09-19 11:17:15,39.17,5900,39.17,D
sh600584,长电科技,2025-09-19 11:17:21,39.16,13600,39.16,D
sh600584,长电科技,2025-09-19 11:17:24,39.16,22600,39.16,D
sh600584,长电科技,2025-09-19 11:17:30,39.15,5900,39.15,D
sh600584,长电科技,2025-09-19 11:17:36,39.15,8100,39.15,D
sh600584,长电科技,2025-09-19 11:17:39,39.13,12600,39.15,D
sh600584,长电科技,2025-09-19 11:17:51,39.13,11700,39.14,D
sh600584,长电科技,2025-09-19 11:18:09,39.13,6600,39.13,D
sh600584,长电科技,2025-09-19 11:18:12,39.13,8700,39.13,D
sh600584,长电科技,2025-09-19 11:18:15,39.13,5500,39.13,D
sh600584,长电科技,2025-09-19 11:18:18,39.13,10700,39.13,U
sh600584,长电科技,2025-09-19 11:18:21,39.14,18600,39.13,U
sh600584,长电科技,2025-09-19 11:18:36,39.15,20600,39.15,U
sh600584,长电科技,2025-09-19 11:18:39,39.14,11300,39.15,D
sh600584,长电科技,2025-09-19 11:18:57,39.14,30300,39.15,D
sh600584,长电科技,2025-09-19 11:19:00,39.14,5600,39.14,U
sh600584,长电科技,2025-09-19 11:19:06,39.15,10900,39.14,U
sh600584,长电科技,2025-09-19 11:19:21,39.14,11900,39.15,E
sh600584,长电科技,2025-09-19 11:19:45,39.13,5700,39.13,D
sh600584,长电科技,2025-09-19 11:19:51,39.14,6500,39.14,U
sh600584,长电科技,2025-09-19 11:19:54,39.13,9100,39.14,D
sh600584,长电科技,2025-09-19 11:19:57,39.13,7300,39.13,D
sh600584,长电科技,2025-09-19 11:20:03,39.14,16400,39.13,U
sh600584,长电科技,2025-09-19 11:20:06,39.13,16700,39.14,D
sh600584,长电科技,2025-09-19 11:20:15,39.13,5800,39.14,D
sh600584,长电科技,2025-09-19 11:20:21,39.13,19200,39.14,D
sh600584,长电科技,2025-09-19 11:20:24,39.13,6200,39.13,U
sh600584,长电科技,2025-09-19 11:20:30,39.13,5600,39.13,D
sh600584,长电科技,2025-09-19 11:20:39,39.12,12700,39.12,D
sh600584,长电科技,2025-09-19 11:20:42,39.13,13600,39.12,U
sh600584,长电科技,2025-09-19 11:20:48,39.12,48600,39.13,D
sh600584,长电科技,2025-09-19 11:20:54,39.11,20700,39.12,D
sh600584,长电科技,2025-09-19 11:21:06,39.11,5800,39.12,D
sh600584,长电科技,2025-09-19 11:21:09,39.12,11300,39.11,U
sh600584,长电科技,2025-09-19 11:21:12,39.11,8500,39.12,D
sh600584,长电科技,2025-09-19 11:21:33,39.12,5600,39.12,U
sh600584,长电科技,2025-09-19 11:21:36,39.12,10900,39.12,U
sh600584,长电科技,2025-09-19 11:21:42,39.12,10300,39.12,D
sh600584,长电科技,2025-09-19 11:21:48,39.12,7100,39.12,D
sh600584,长电科技,2025-09-19 11:22:03,39.16,50200,39.11,U
sh600584,长电科技,2025-09-19 11:22:15,39.16,5400,39.12,U
sh600584,长电科技,2025-09-19 11:22:18,39.12,7600,39.16,D
sh600584,长电科技,2025-09-19 11:22:21,39.12,5200,39.12,D
sh600584,长电科技,2025-09-19 11:22:24,39.16,6300,39.12,U
sh600584,长电科技,2025-09-19 11:23:09,39.15,7900,39.14,U
sh600584,长电科技,2025-09-19 11:23:27,39.15,9000,39.16,D
sh600584,长电科技,2025-09-19 11:23:30,39.15,11000,39.15,D
sh600584,长电科技,2025-09-19 11:23:36,39.17,12500,39.17,U
sh600584,长电科技,2025-09-19 11:23:39,39.17,8900,39.17,U
sh600584,长电科技,2025-09-19 11:23:42,39.18,15500,39.17,U
sh600584,长电科技,2025-09-19 11:23:48,39.2,12700,39.17,U
sh600584,长电科技,2025-09-19 11:23:51,39.2,5800,39.2,U
sh600584,长电科技,2025-09-19 11:24:03,39.2,13500,39.2,U
sh600584,长电科技,2025-09-19 11:24:06,39.21,5900,39.2,U
sh600584,长电科技,2025-09-19 11:24:12,39.22,9800,39.2,U
sh600584,长电科技,2025-09-19 11:24:27,39.22,10000,39.21,U
sh600584,长电科技,2025-09-19 11:24:30,39.22,5100,39.22,U
sh600584,长电科技,2025-09-19 11:24:42,39.23,10700,39.22,U
sh600584,长电科技,2025-09-19 11:24:45,39.23,22700,39.23,E
sh600584,长电科技,2025-09-19 11:24:48,39.23,18800,39.23,U
sh600584,长电科技,2025-09-19 11:24:51,39.22,5500,39.23,D
sh600584,长电科技,2025-09-19 11:24:57,39.22,37000,39.21,U
sh600584,长电科技,2025-09-19 11:25:00,39.2,14600,39.22,D
sh600584,长电科技,2025-09-19 11:25:03,39.22,22100,39.2,U
sh600584,长电科技,2025-09-19 11:25:06,39.21,7000,39.22,E
sh600584,长电科技,2025-09-19 11:25:09,39.2,34500,39.21,D
sh600584,长电科技,2025-09-19 11:25:33,39.2,10000,39.2,D
sh600584,长电科技,2025-09-19 11:25:36,39.2,24400,39.2,D
sh600584,长电科技,2025-09-19 11:25:57,39.18,11600,39.19,D
sh600584,长电科技,2025-09-19 11:26:03,39.17,7400,39.17,D
sh600584,长电科技,2025-09-19 11:26:09,39.18,12800,39.17,U
sh600584,长电科技,2025-09-19 11:26:12,39.15,6600,39.18,D
sh600584,长电科技,2025-09-19 11:26:30,39.16,6000,39.16,U
sh600584,长电科技,2025-09-19 11:26:33,39.16,6100,39.16,D
sh600584,长电科技,2025-09-19 11:26:45,39.16,5200,39.17,D
sh600584,长电科技,2025-09-19 11:27:03,39.14,7500,39.15,D
sh600584,长电科技,2025-09-19 11:27:27,39.14,5400,39.14,D
sh600584,长电科技,2025-09-19 11:27:33,39.15,24400,39.15,U
sh600584,长电科技,2025-09-19 11:27:51,39.16,14600,39.16,U
sh600584,长电科技,2025-09-19 11:28:00,39.16,12500,39.16,D
sh600584,长电科技,2025-09-19 11:28:12,39.17,6900,39.16,U
sh600584,长电科技,2025-09-19 11:28:18,39.17,5600,39.17,D
sh600584,长电科技,2025-09-19 11:28:21,39.18,6300,39.17,U
sh600584,长电科技,2025-09-19 11:28:24,39.18,6300,39.18,U
sh600584,长电科技,2025-09-19 11:28:36,39.18,5900,39.18,U
sh600584,长电科技,2025-09-19 11:29:00,39.17,5200,39.18,D
sh600584,长电科技,2025-09-19 11:29:09,39.19,8500,39.19,U
sh600584,长电科技,2025-09-19 11:29:21,39.19,5400,39.19,D
sh600584,长电科技,2025-09-19 11:29:30,39.2,9300,39.19,U
sh600584,长电科技,2025-09-19 11:29:33,39.19,17200,39.2,D
sh600584,长电科技,2025-09-19 11:29:45,39.19,9000,39.19,U
sh600584,长电科技,2025-09-19 11:29:48,39.21,15900,39.19,U
sh600584,长电科技,2025-09-19 11:29:57,39.19,27900,39.21,D
sh600584,长电科技,2025-09-19 13:00:03,39.19,33900,39.19,U
sh600584,长电科技,2025-09-19 13:00:06,39.22,39700,39.19,U
sh600584,长电科技,2025-09-19 13:00:09,39.16,233900,39.22,D
sh600584,长电科技,2025-09-19 13:00:12,39.18,48000,39.16,U
sh600584,长电科技,2025-09-19 13:00:15,39.15,16900,39.18,D
sh600584,长电科技,2025-09-19 13:00:21,39.19,7100,39.18,U
sh600584,长电科技,2025-09-19 13:00:24,39.14,13100,39.19,D
sh600584,长电科技,2025-09-19 13:00:27,39.16,5900,39.14,D
sh600584,长电科技,2025-09-19 13:00:30,39.17,8600,39.16,U
sh600584,长电科技,2025-09-19 13:00:39,39.14,16900,39.17,D
sh600584,长电科技,2025-09-19 13:01:09,39.15,5700,39.14,U
sh600584,长电科技,2025-09-19 13:01:15,39.15,9100,39.15,D
sh600584,长电科技,2025-09-19 13:01:24,39.15,13200,39.16,D
sh600584,长电科技,2025-09-19 13:01:30,39.16,6400,39.16,U
sh600584,长电科技,2025-09-19 13:01:36,39.17,24000,39.15,U
sh600584,长电科技,2025-09-19 13:01:48,39.16,5400,39.16,D
sh600584,长电科技,2025-09-19 13:01:51,39.15,10500,39.16,D
sh600584,长电科技,2025-09-19 13:01:54,39.17,7400,39.15,U
sh600584,长电科技,2025-09-19 13:01:57,39.2,12100,39.17,U
sh600584,长电科技,2025-09-19 13:02:00,39.2,10400,39.2,U
sh600584,长电科技,2025-09-19 13:02:03,39.21,12900,39.2,U
sh600584,长电科技,2025-09-19 13:02:09,39.24,14700,39.23,U
sh600584,长电科技,2025-09-19 13:02:18,39.27,10500,39.24,U
sh600584,长电科技,2025-09-19 13:02:39,39.28,19800,39.28,D
sh600584,长电科技,2025-09-19 13:02:42,39.27,7000,39.28,D
sh600584,长电科技,2025-09-19 13:02:45,39.29,14500,39.27,U
sh600584,长电科技,2025-09-19 13:03:03,39.3,19200,39.3,U
sh600584,长电科技,2025-09-19 13:03:06,39.3,12700,39.3,D
sh600584,长电科技,2025-09-19 13:03:09,39.31,15100,39.3,E
sh600584,长电科技,2025-09-19 13:03:12,39.3,105600,39.31,E
sh600584,长电科技,2025-09-19 13:03:18,39.33,27400,39.3,U
sh600584,长电科技,2025-09-19 13:03:21,39.31,6000,39.33,D
sh600584,长电科技,2025-09-19 13:03:33,39.32,11200,39.31,U
sh600584,长电科技,2025-09-19 13:03:36,39.32,9000,39.32,U
sh600584,长电科技,2025-09-19 13:03:39,39.31,7300,39.32,D
sh600584,长电科技,2025-09-19 13:03:42,39.32,5200,39.31,U
sh600584,长电科技,2025-09-19 13:04:06,39.32,20600,39.32,U
sh600584,长电科技,2025-09-19 13:04:12,39.33,5900,39.32,U
sh600584,长电科技,2025-09-19 13:04:18,39.33,11000,39.33,U
sh600584,长电科技,2025-09-19 13:04:21,39.33,9800,39.33,U
sh600584,长电科技,2025-09-19 13:04:24,39.33,12900,39.33,U
sh600584,长电科技,2025-09-19 13:04:30,39.33,12100,39.33,U
sh600584,长电科技,2025-09-19 13:04:33,39.32,5500,39.33,D
sh600584,长电科技,2025-09-19 13:04:36,39.33,5400,39.32,U
sh600584,长电科技,2025-09-19 13:04:42,39.32,9700,39.33,D
sh600584,长电科技,2025-09-19 13:04:54,39.32,22000,39.33,D
sh600584,长电科技,2025-09-19 13:04:57,39.32,7800,39.32,U
sh600584,长电科技,2025-09-19 13:05:06,39.3,29400,39.32,D
sh600584,长电科技,2025-09-19 13:05:09,39.31,11900,39.3,U
sh600584,长电科技,2025-09-19 13:05:12,39.33,28700,39.31,U
sh600584,长电科技,2025-09-19 13:05:15,39.34,46100,39.33,U
sh600584,长电科技,2025-09-19 13:05:18,39.33,8100,39.34,E
sh600584,长电科技,2025-09-19 13:05:21,39.34,21700,39.33,U
sh600584,长电科技,2025-09-19 13:05:24,39.36,28400,39.34,U
sh600584,长电科技,2025-09-19 13:05:30,39.36,6000,39.36,U
sh600584,长电科技,2025-09-19 13:05:33,39.36,11400,39.36,U
sh600584,长电科技,2025-09-19 13:05:36,39.37,5400,39.36,U
sh600584,长电科技,2025-09-19 13:05:42,39.37,17600,39.36,U
sh600584,长电科技,2025-09-19 13:05:45,39.37,7200,39.37,U
sh600584,长电科技,2025-09-19 13:05:48,39.37,13300,39.37,U
sh600584,长电科技,2025-09-19 13:05:51,39.37,5900,39.37,U
sh600584,长电科技,2025-09-19 13:05:54,39.36,11800,39.37,D
sh600584,长电科技,2025-09-19 13:05:57,39.37,9800,39.36,D
sh600584,长电科技,2025-09-19 13:06:00,39.36,17800,39.37,D
sh600584,长电科技,2025-09-19 13:06:03,39.36,10600,39.36,U
sh600584,长电科技,2025-09-19 13:06:06,39.37,14300,39.36,U
sh600584,长电科技,2025-09-19 13:06:09,39.36,8200,39.37,D
sh600584,长电科技,2025-09-19 13:06:12,39.36,11300,39.36,D
