symbol,name,ticktime,price,volume,prev_price,kind
sh600584,长电科技,2025-09-17 09:25:01,38.58,306000,0.0,U
sh600584,长电科技,2025-09-17 09:30:03,38.5,65000,38.59,D
sh600584,长电科技,2025-09-17 09:30:06,38.5,87000,38.5,D
sh600584,长电科技,2025-09-17 09:30:09,38.48,26900,38.5,D
sh600584,长电科技,2025-09-17 09:30:12,38.48,31600,38.48,U
sh600584,长电科技,2025-09-17 09:30:15,38.46,19800,38.48,E
sh600584,长电科技,2025-09-17 09:30:18,38.42,78300,38.46,D
sh600584,长电科技,2025-09-17 09:30:21,38.43,36600,38.42,E
sh600584,长电科技,2025-09-17 09:30:24,38.41,75100,38.43,D
sh600584,长电科技,2025-09-17 09:30:27,38.41,55200,38.41,U
sh600584,长电科技,2025-09-17 09:30:30,38.37,49600,38.41,D
sh600584,长电科技,2025-09-17 09:30:33,38.37,72800,38.37,U
sh600584,长电科技,2025-09-17 09:30:36,38.31,25900,38.37,D
sh600584,长电科技,2025-09-17 09:30:39,38.32,40400,38.31,E
sh600584,长电科技,2025-09-17 09:30:42,38.3,78500,38.32,D
sh600584,长电科技,2025-09-17 09:30:45,38.28,165700,38.3,D
sh600584,长电科技,2025-09-17 09:30:48,38.25,69800,38.28,D
sh600584,长电科技,2025-09-17 09:30:51,38.23,21500,38.25,D
sh600584,长电科技,2025-09-17 09:30:54,38.22,19100,38.23,D
sh600584,长电科技,2025-09-17 09:30:57,38.25,86600,38.22,U
sh600584,长电科技,2025-09-17 09:31:00,38.25,144700,38.25,D
sh600584,长电科技,2025-09-17 09:31:03,38.25,49700,38.25,U
sh600584,长电科技,2025-09-17 09:31:06,38.21,191900,38.25,D
sh600584,长电科技,2025-09-17 09:31:09,38.21,94700,38.21,U
sh600584,长电科技,2025-09-17 09:31:12,38.2,42200,38.21,E
sh600584,长电科技,2025-09-17 09:31:15,38.2,65100,38.2,D
sh600584,长电科技,2025-09-17 09:31:18,38.19,42700,38.2,D
sh600584,长电科技,2025-09-17 09:31:21,38.18,50700,38.19,D
sh600584,长电科技,2025-09-17 09:31:24,38.19,52900,38.18,U
sh600584,长电科技,2025-09-17 09:31:27,38.18,73300,38.19,D
sh600584,长电科技,2025-09-17 09:31:30,38.18,69200,38.18,D
sh600584,长电科技,2025-09-17 09:31:33,38.18,117500,38.18,D
sh600584,长电科技,2025-09-17 09:31:36,38.16,35200,38.18,D
sh600584,长电科技,2025-09-17 09:31:39,38.16,43800,38.16,D
sh600584,长电科技,2025-09-17 09:31:42,38.16,25600,38.16,D
sh600584,长电科技,2025-09-17 09:31:45,38.16,25200,38.16,U
sh600584,长电科技,2025-09-17 09:31:48,38.16,42200,38.16,D
sh600584,长电科技,2025-09-17 09:31:51,38.18,42700,38.16,U
sh600584,长电科技,2025-09-17 09:31:54,38.19,51700,38.18,E
sh600584,长电科技,2025-09-17 09:31:57,38.2,14100,38.19,D
sh600584,长电科技,2025-09-17 09:32:00,38.2,36900,38.2,D
sh600584,长电科技,2025-09-17 09:32:03,38.17,127800,38.2,D
sh600584,长电科技,2025-09-17 09:32:06,38.22,123800,38.17,U
sh600584,长电科技,2025-09-17 09:32:09,38.18,21500,38.22,D
sh600584,长电科技,2025-09-17 09:32:12,38.19,49000,38.18,D
sh600584,长电科技,2025-09-17 09:32:15,38.19,57100,38.19,U
sh600584,长电科技,2025-09-17 09:32:18,38.18,39800,38.19,D
sh600584,长电科技,2025-09-17 09:32:21,38.18,37700,38.18,D
sh600584,长电科技,2025-09-17 09:32:24,38.19,53400,38.18,E
sh600584,长电科技,2025-09-17 09:32:27,38.2,53700,38.19,U
sh600584,长电科技,2025-09-17 09:32:30,38.19,62800,38.2,D
sh600584,长电科技,2025-09-17 09:32:33,38.18,61700,38.19,D
sh600584,长电科技,2025-09-17 09:32:36,38.18,142000,38.18,D
sh600584,长电科技,2025-09-17 09:32:39,38.18,20500,38.18,U
sh600584,长电科技,2025-09-17 09:32:42,38.16,26000,38.18,D
sh600584,长电科技,2025-09-17 09:32:45,38.18,52000,38.16,U
sh600584,长电科技,2025-09-17 09:32:48,38.17,71000,38.18,E
sh600584,长电科技,2025-09-17 09:32:51,38.16,68500,38.17,D
sh600584,长电科技,2025-09-17 09:32:54,38.12,219100,38.16,D
sh600584,长电科技,2025-09-17 09:32:57,38.14,360000,38.12,U
sh600584,长电科技,2025-09-17 09:33:00,38.13,12200,38.14,D
sh600584,长电科技,2025-09-17 09:33:03,38.11,13100,38.13,D
sh600584,长电科技,2025-09-17 09:33:06,38.12,20700,38.11,E
sh600584,长电科技,2025-09-17 09:33:09,38.12,28500,38.12,D
sh600584,长电科技,2025-09-17 09:33:12,38.11,40800,38.12,D
sh600584,长电科技,2025-09-17 09:33:15,38.11,25200,38.11,D
sh600584,长电科技,2025-09-17 09:33:18,38.11,34100,38.11,U
sh600584,长电科技,2025-09-17 09:33:21,38.11,25100,38.11,D
sh600584,长电科技,2025-09-17 09:33:24,38.11,28200,38.11,D
sh600584,长电科技,2025-09-17 09:33:27,38.12,9000,38.11,E
sh600584,长电科技,2025-09-17 09:33:30,38.13,14300,38.12,U
sh600584,长电科技,2025-09-17 09:33:33,38.15,20700,38.13,U
sh600584,长电科技,2025-09-17 09:33:36,38.17,16700,38.15,U
sh600584,长电科技,2025-09-17 09:33:39,38.15,41000,38.17,D
sh600584,长电科技,2025-09-17 09:33:42,38.16,24800,38.15,D
sh600584,长电科技,2025-09-17 09:33:45,38.17,31900,38.16,U
sh600584,长电科技,2025-09-17 09:33:48,38.17,23800,38.17,E
sh600584,长电科技,2025-09-17 09:33:51,38.18,60300,38.17,D
sh600584,长电科技,2025-09-17 09:33:54,38.18,43800,38.18,D
sh600584,长电科技,2025-09-17 09:33:57,38.18,15500,38.18,D
sh600584,长电科技,2025-09-17 09:34:00,38.2,44000,38.18,D
sh600584,长电科技,2025-09-17 09:34:03,38.21,86000,38.2,U
sh600584,长电科技,2025-09-17 09:34:06,38.2,46300,38.21,D
sh600584,长电科技,2025-09-17 09:34:09,38.21,18300,38.2,U
sh600584,长电科技,2025-09-17 09:34:12,38.22,51600,38.21,U
sh600584,长电科技,2025-09-17 09:34:15,38.23,26500,38.22,U
sh600584,长电科技,2025-09-17 09:34:18,38.25,41800,38.23,U
sh600584,长电科技,2025-09-17 09:34:21,38.22,68700,38.25,D
sh600584,长电科技,2025-09-17 09:34:24,38.24,21600,38.22,U
sh600584,长电科技,2025-09-17 09:34:27,38.22,40400,38.24,D
sh600584,长电科技,2025-09-17 09:34:30,38.25,16600,38.22,U
sh600584,长电科技,2025-09-17 09:34:33,38.25,9500,38.25,D
sh600584,长电科技,2025-09-17 09:34:36,38.24,22100,38.25,D
sh600584,长电科技,2025-09-17 09:34:39,38.24,55500,38.24,D
sh600584,长电科技,2025-09-17 09:34:42,38.24,152200,38.24,U
sh600584,长电科技,2025-09-17 09:34:45,38.24,23900,38.24,U
sh600584,长电科技,2025-09-17 09:34:48,38.23,31900,38.24,E
sh600584,长电科技,2025-09-17 09:34:51,38.2,23400,38.23,D
sh600584,长电科技,2025-09-17 09:34:54,38.19,100100,38.2,D
sh600584,长电科技,2025-09-17 09:34:57,38.19,51200,38.19,D
sh600584,长电科技,2025-09-17 09:35:00,38.14,142400,38.19,D
sh600584,长电科技,2025-09-17 09:35:03,38.14,27600,38.14,U
sh600584,长电科技,2025-09-17 09:35:06,38.14,41200,38.14,U
sh600584,长电科技,2025-09-17 09:35:09,38.14,28800,38.14,D
sh600584,长电科技,2025-09-17 09:35:12,38.14,29800,38.14,D
sh600584,长电科技,2025-09-17 09:35:15,38.14,52400,38.14,D
sh600584,长电科技,2025-09-17 09:35:18,38.13,45000,38.14,D
sh600584,长电科技,2025-09-17 09:35:21,38.15,43900,38.13,U
sh600584,长电科技,2025-09-17 09:35:24,38.14,37000,38.15,D
sh600584,长电科技,2025-09-17 09:35:27,38.14,22300,38.14,D
sh600584,长电科技,2025-09-17 09:35:30,38.17,16300,38.14,U
sh600584,长电科技,2025-09-17 09:35:33,38.15,18400,38.17,D
sh600584,长电科技,2025-09-17 09:35:36,38.14,21700,38.15,D
sh600584,长电科技,2025-09-17 09:35:39,38.14,19000,38.14,D
sh600584,长电科技,2025-09-17 09:35:42,38.15,55800,38.14,E
sh600584,长电科技,2025-09-17 09:35:45,38.15,54500,38.15,U
sh600584,长电科技,2025-09-17 09:35:48,38.14,18400,38.15,D
sh600584,长电科技,2025-09-17 09:35:51,38.14,37600,38.14,U
sh600584,长电科技,2025-09-17 09:35:54,38.13,53800,38.14,D
sh600584,长电科技,2025-09-17 09:35:57,38.14,17800,38.13,U
sh600584,长电科技,2025-09-17 09:36:00,38.14,30900,38.14,U
sh600584,长电科技,2025-09-17 09:36:03,38.16,41900,38.14,U
sh600584,长电科技,2025-09-17 09:36:06,38.16,20700,38.16,U
sh600584,长电科技,2025-09-17 09:36:09,38.15,15900,38.16,D
sh600584,长电科技,2025-09-17 09:36:12,38.16,17500,38.15,U
sh600584,长电科技,2025-09-17 09:36:15,38.19,48909,38.16,U
sh600584,长电科技,2025-09-17 09:36:18,38.2,82500,38.19,U
sh600584,长电科技,2025-09-17 09:36:21,38.2,7000,38.2,D
sh600584,长电科技,2025-09-17 09:36:24,38.25,14391,38.2,U
sh600584,长电科技,2025-09-17 09:36:27,38.25,8100,38.25,U
sh600584,长电科技,2025-09-17 09:36:30,38.25,19900,38.25,U
sh600584,长电科技,2025-09-17 09:36:33,38.27,6500,38.25,U
sh600584,长电科技,2025-09-17 09:36:36,38.25,18400,38.27,D
sh600584,长电科技,2025-09-17 09:36:39,38.26,14300,38.25,E
sh600584,长电科技,2025-09-17 09:36:42,38.29,37100,38.26,U
sh600584,长电科技,2025-09-17 09:36:45,38.29,12000,38.29,U
sh600584,长电科技,2025-09-17 09:36:48,38.3,7700,38.29,U
sh600584,长电科技,2025-09-17 09:36:51,38.3,26700,38.3,U
sh600584,长电科技,2025-09-17 09:36:54,38.3,17200,38.3,U
sh600584,长电科技,2025-09-17 09:36:57,38.31,69200,38.3,U
sh600584,长电科技,2025-09-17 09:37:00,38.31,13700,38.31,E
sh600584,长电科技,2025-09-17 09:37:03,38.29,166500,38.31,D
sh600584,长电科技,2025-09-17 09:37:06,38.3,16500,38.29,U
sh600584,长电科技,2025-09-17 09:37:09,38.3,10600,38.3,U
sh600584,长电科技,2025-09-17 09:37:12,38.27,23400,38.3,D
sh600584,长电科技,2025-09-17 09:37:15,38.29,24000,38.27,U
sh600584,长电科技,2025-09-17 09:37:18,38.29,61700,38.29,D
sh600584,长电科技,2025-09-17 09:37:21,38.28,12200,38.29,U
sh600584,长电科技,2025-09-17 09:37:24,38.3,27400,38.28,U
sh600584,长电科技,2025-09-17 09:37:27,38.28,19700,38.3,D
sh600584,长电科技,2025-09-17 09:37:30,38.28,43200,38.28,U
sh600584,长电科技,2025-09-17 09:37:33,38.28,22100,38.28,U
sh600584,长电科技,2025-09-17 09:37:36,38.28,20000,38.28,D
sh600584,长电科技,2025-09-17 09:37:39,38.29,27500,38.28,U
sh600584,长电科技,2025-09-17 09:37:42,38.28,27400,38.29,D
sh600584,长电科技,2025-09-17 09:37:45,38.3,27900,38.28,U
sh600584,长电科技,2025-09-17 09:37:48,38.24,83000,38.3,D
sh600584,长电科技,2025-09-17 09:37:51,38.25,36200,38.24,U
sh600584,长电科技,2025-09-17 09:37:54,38.23,14900,38.25,D
sh600584,长电科技,2025-09-17 09:37:57,38.23,15700,38.23,U
sh600584,长电科技,2025-09-17 09:38:00,38.23,8900,38.23,U
sh600584,长电科技,2025-09-17 09:38:03,38.23,48200,38.23,D
sh600584,长电科技,2025-09-17 09:38:06,38.23,10300,38.23,U
sh600584,长电科技,2025-09-17 09:38:09,38.22,46000,38.23,U
sh600584,长电科技,2025-09-17 09:38:12,38.23,21000,38.22,U
sh600584,长电科技,2025-09-17 09:38:15,38.23,13200,38.23,U
sh600584,长电科技,2025-09-17 09:38:21,38.23,5800,38.22,U
sh600584,长电科技,2025-09-17 09:38:24,38.22,18900,38.23,D
sh600584,长电科技,2025-09-17 09:38:27,38.22,9800,38.22,U
sh600584,长电科技,2025-09-17 09:38:30,38.23,21800,38.22,U
sh600584,长电科技,2025-09-17 09:38:33,38.23,15600,38.23,U
sh600584,长电科技,2025-09-17 09:38:36,38.23,8200,38.23,U
sh600584,长电科技,2025-09-17 09:38:39,38.23,62200,38.23,D
sh600584,长电科技,2025-09-17 09:38:42,38.23,6300,38.23,D
sh600584,长电科技,2025-09-17 09:38:45,38.26,6000,38.23,U
sh600584,长电科技,2025-09-17 09:38:48,38.26,23900,38.26,U
sh600584,长电科技,2025-09-17 09:38:51,38.31,38400,38.26,U
sh600584,长电科技,2025-09-17 09:38:54,38.32,27200,38.31,U
sh600584,长电科技,2025-09-17 09:38:57,38.34,14800,38.32,E
sh600584,长电科技,2025-09-17 09:39:00,38.37,83400,38.34,U
sh600584,长电科技,2025-09-17 09:39:03,38.39,20700,38.37,U
sh600584,长电科技,2025-09-17 09:39:06,38.4,7700,38.39,U
sh600584,长电科技,2025-09-17 09:39:09,38.41,63200,38.4,U
sh600584,长电科技,2025-09-17 09:39:12,38.41,26100,38.41,D
sh600584,长电科技,2025-09-17 09:39:15,38.42,13200,38.41,U
sh600584,长电科技,2025-09-17 09:39:18,38.41,50900,38.42,U
sh600584,长电科技,2025-09-17 09:39:21,38.35,44000,38.41,D
sh600584,长电科技,2025-09-17 09:39:24,38.34,22100,38.35,D
sh600584,长电科技,2025-09-17 09:39:27,38.32,29400,38.34,D
sh600584,长电科技,2025-09-17 09:39:30,38.35,9000,38.32,E
sh600584,长电科技,2025-09-17 09:39:33,38.36,30400,38.35,E
sh600584,长电科技,2025-09-17 09:39:36,38.36,16000,38.36,U
sh600584,长电科技,2025-09-17 09:39:39,38.34,18800,38.36,D
sh600584,长电科技,2025-09-17 09:39:42,38.35,15100,38.34,E
sh600584,长电科技,2025-09-17 09:39:45,38.36,32600,38.35,U
sh600584,长电科技,2025-09-17 09:39:48,38.35,24200,38.36,D
sh600584,长电科技,2025-09-17 09:39:51,38.32,52700,38.35,D
sh600584,长电科技,2025-09-17 09:39:54,38.31,69200,38.32,D
sh600584,长电科技,2025-09-17 09:39:57,38.32,29300,38.31,D
sh600584,长电科技,2025-09-17 09:40:00,38.32,17300,38.32,D
sh600584,长电科技,2025-09-17 09:40:03,38.36,26400,38.32,U
sh600584,长电科技,2025-09-17 09:40:06,38.37,14000,38.36,U
sh600584,长电科技,2025-09-17 09:40:09,38.37,10400,38.37,U
sh600584,长电科技,2025-09-17 09:40:12,38.37,34100,38.37,D
sh600584,长电科技,2025-09-17 09:40:15,38.4,23000,38.37,U
sh600584,长电科技,2025-09-17 09:40:18,38.39,13700,38.4,D
sh600584,长电科技,2025-09-17 09:40:21,38.39,5300,38.39,D
sh600584,长电科技,2025-09-17 09:40:24,38.43,50600,38.39,U
sh600584,长电科技,2025-09-17 09:40:30,38.44,5400,38.43,U
sh600584,长电科技,2025-09-17 09:40:33,38.44,22200,38.44,U
sh600584,长电科技,2025-09-17 09:40:36,38.43,14700,38.44,D
sh600584,长电科技,2025-09-17 09:40:39,38.44,64700,38.43,U
sh600584,长电科技,2025-09-17 09:40:42,38.43,19300,38.44,D
sh600584,长电科技,2025-09-17 09:40:45,38.43,29300,38.43,D
sh600584,长电科技,2025-09-17 09:40:48,38.44,24300,38.43,U
sh600584,长电科技,2025-09-17 09:40:51,38.44,31900,38.44,U
sh600584,长电科技,2025-09-17 09:40:54,38.44,9300,38.44,U
sh600584,长电科技,2025-09-17 09:40:57,38.45,8500,38.44,U
sh600584,长电科技,2025-09-17 09:41:00,38.44,30700,38.45,D
sh600584,长电科技,2025-09-17 09:41:03,38.47,25600,38.44,U
sh600584,长电科技,2025-09-17 09:41:06,38.45,9700,38.47,D
sh600584,长电科技,2025-09-17 09:41:09,38.45,9100,38.45,D
sh600584,长电科技,2025-09-17 09:41:12,38.46,10800,38.45,U
sh600584,长电科技,2025-09-17 09:41:15,38.46,10100,38.46,D
sh600584,长电科技,2025-09-17 09:41:18,38.46,28300,38.46,D
sh600584,长电科技,2025-09-17 09:41:21,38.47,18400,38.46,U
sh600584,长电科技,2025-09-17 09:41:24,38.47,6400,38.47,U
sh600584,长电科技,2025-09-17 09:41:27,38.5,49700,38.47,U
sh600584,长电科技,2025-09-17 09:41:30,38.5,9500,38.5,D
sh600584,长电科技,2025-09-17 09:41:33,38.48,24400,38.5,D
sh600584,长电科技,2025-09-17 09:41:36,38.48,119200,38.48,U
sh600584,长电科技,2025-09-17 09:41:39,38.48,37400,38.48,D
sh600584,长电科技,2025-09-17 09:41:42,38.47,18500,38.48,E
sh600584,长电科技,2025-09-17 09:41:45,38.46,32400,38.47,E
sh600584,长电科技,2025-09-17 09:41:48,38.44,35000,38.46,D
sh600584,长电科技,2025-09-17 09:41:51,38.47,34900,38.44,D
sh600584,长电科技,2025-09-17 09:41:54,38.48,8700,38.47,U
sh600584,长电科技,2025-09-17 09:41:57,38.46,17900,38.48,D
sh600584,长电科技,2025-09-17 09:42:00,38.48,33900,38.46,U
sh600584,长电科技,2025-09-17 09:42:03,38.41,96300,38.48,D
sh600584,长电科技,2025-09-17 09:42:06,38.4,36600,38.41,E
sh600584,长电科技,2025-09-17 09:42:12,38.4,10600,38.38,U
sh600584,长电科技,2025-09-17 09:42:15,38.4,13610,38.4,U
sh600584,长电科技,2025-09-17 09:42:18,38.38,11400,38.4,D
sh600584,长电科技,2025-09-17 09:42:21,38.4,18100,38.38,U
sh600584,长电科技,2025-09-17 09:42:24,38.4,13000,38.4,D
sh600584,长电科技,2025-09-17 09:42:27,38.39,22800,38.4,D
sh600584,长电科技,2025-09-17 09:42:30,38.4,8900,38.39,U
sh600584,长电科技,2025-09-17 09:42:33,38.38,59500,38.4,D
sh600584,长电科技,2025-09-17 09:42:36,38.39,43600,38.38,U
sh600584,长电科技,2025-09-17 09:42:39,38.4,14800,38.39,U
sh600584,长电科技,2025-09-17 09:42:42,38.41,6900,38.4,U
sh600584,长电科技,2025-09-17 09:42:45,38.41,8300,38.41,U
sh600584,长电科技,2025-09-17 09:42:51,38.41,36300,38.41,D
sh600584,长电科技,2025-09-17 09:42:54,38.39,7900,38.41,E
sh600584,长电科技,2025-09-17 09:42:57,38.41,71100,38.39,U
sh600584,长电科技,2025-09-17 09:43:00,38.4,36900,38.41,E
sh600584,长电科技,2025-09-17 09:43:03,38.4,30300,38.4,U
sh600584,长电科技,2025-09-17 09:43:06,38.41,14500,38.4,U
sh600584,长电科技,2025-09-17 09:43:09,38.41,11800,38.41,U
sh600584,长电科技,2025-09-17 09:43:12,38.4,18000,38.41,D
sh600584,长电科技,2025-09-17 09:43:15,38.4,14000,38.4,D
sh600584,长电科技,2025-09-17 09:43:18,38.39,10000,38.4,D
sh600584,长电科技,2025-09-17 09:43:21,38.4,16500,38.39,E
sh600584,长电科技,2025-09-17 09:43:24,38.39,89100,38.4,D
sh600584,长电科技,2025-09-17 09:43:27,38.39,6600,38.39,U
sh600584,长电科技,2025-09-17 09:43:30,38.39,7700,38.39,D
sh600584,长电科技,2025-09-17 09:43:33,38.39,13300,38.39,D
sh600584,长电科技,2025-09-17 09:43:36,38.39,9600,38.39,D
sh600584,长电科技,2025-09-17 09:43:39,38.39,67700,38.39,U
sh600584,长电科技,2025-09-17 09:43:42,38.37,16590,38.39,D
sh600584,长电科技,2025-09-17 09:43:45,38.38,17700,38.37,U
sh600584,长电科技,2025-09-17 09:43:48,38.4,48210,38.38,U
sh600584,长电科技,2025-09-17 09:43:51,38.41,25200,38.4,U
sh600584,长电科技,2025-09-17 09:43:54,38.4,7300,38.41,D
sh600584,长电科技,2025-09-17 09:43:57,38.38,6800,38.4,D
sh600584,长电科技,2025-09-17 09:44:00,38.39,39700,38.38,D
sh600584,长电科技,2025-09-17 09:44:03,38.39,16600,38.39,D
sh600584,长电科技,2025-09-17 09:44:06,38.4,14700,38.39,U
sh600584,长电科技,2025-09-17 09:44:09,38.4,5800,38.4,D
sh600584,长电科技,2025-09-17 09:44:15,38.4,29300,38.41,D
sh600584,长电科技,2025-09-17 09:44:18,38.41,8600,38.4,E
sh600584,长电科技,2025-09-17 09:44:21,38.43,21900,38.41,U
sh600584,长电科技,2025-09-17 09:44:24,38.44,15000,38.43,U
sh600584,长电科技,2025-09-17 09:44:27,38.43,5600,38.44,D
sh600584,长电科技,2025-09-17 09:44:30,38.47,32900,38.43,U
sh600584,长电科技,2025-09-17 09:44:33,38.47,38000,38.47,U
sh600584,长电科技,2025-09-17 09:44:36,38.49,9600,38.47,U
sh600584,长电科技,2025-09-17 09:44:39,38.5,48900,38.49,U
sh600584,长电科技,2025-09-17 09:44:42,38.52,13800,38.5,U
sh600584,长电科技,2025-09-17 09:44:45,38.55,10400,38.52,U
sh600584,长电科技,2025-09-17 09:44:48,38.53,12400,38.55,D
sh600584,长电科技,2025-09-17 09:44:51,38.54,12200,38.53,D
sh600584,长电科技,2025-09-17 09:44:54,38.56,38600,38.54,U
sh600584,长电科技,2025-09-17 09:44:57,38.56,48200,38.56,U
sh600584,长电科技,2025-09-17 09:45:00,38.6,92900,38.56,U
sh600584,长电科技,2025-09-17 09:45:03,38.6,22400,38.6,U
sh600584,长电科技,2025-09-17 09:45:09,38.61,16300,38.61,D
sh600584,长电科技,2025-09-17 09:45:12,38.6,122900,38.61,D
sh600584,长电科技,2025-09-17 09:45:15,38.61,63300,38.6,U
sh600584,长电科技,2025-09-17 09:45:18,38.6,28900,38.61,D
sh600584,长电科技,2025-09-17 09:45:21,38.56,65300,38.6,D
sh600584,长电科技,2025-09-17 09:45:24,38.55,42200,38.56,D
sh600584,长电科技,2025-09-17 09:45:27,38.56,10100,38.55,U
sh600584,长电科技,2025-09-17 09:45:30,38.56,10600,38.56,D
sh600584,长电科技,2025-09-17 09:45:33,38.56,21000,38.56,D
sh600584,长电科技,2025-09-17 09:45:36,38.55,25200,38.56,D
sh600584,长电科技,2025-09-17 09:45:39,38.55,12100,38.55,D
sh600584,长电科技,2025-09-17 09:45:42,38.59,12700,38.55,U
sh600584,长电科技,2025-09-17 09:45:45,38.57,13100,38.59,D
sh600584,长电科技,2025-09-17 09:45:48,38.57,10400,38.57,D
sh600584,长电科技,2025-09-17 09:45:51,38.55,57900,38.57,D
sh600584,长电科技,2025-09-17 09:45:54,38.56,28000,38.55,U
sh600584,长电科技,2025-09-17 09:45:57,38.54,17900,38.56,E
sh600584,长电科技,2025-09-17 09:46:00,38.55,16600,38.54,U
sh600584,长电科技,2025-09-17 09:46:03,38.57,9700,38.55,U
sh600584,长电科技,2025-09-17 09:46:06,38.56,19200,38.57,E
sh600584,长电科技,2025-09-17 09:46:09,38.57,12500,38.56,U
sh600584,长电科技,2025-09-17 09:46:12,38.57,5600,38.57,U
sh600584,长电科技,2025-09-17 09:46:15,38.57,21600,38.57,D
sh600584,长电科技,2025-09-17 09:46:18,38.58,90800,38.57,E
sh600584,长电科技,2025-09-17 09:46:21,38.58,49800,38.58,D
sh600584,长电科技,2025-09-17 09:46:24,38.61,39100,38.58,U
sh600584,长电科技,2025-09-17 09:46:27,38.62,87200,38.61,U
sh600584,长电科技,2025-09-17 09:46:30,38.62,20400,38.62,D
sh600584,长电科技,2025-09-17 09:46:33,38.65,9900,38.62,U
sh600584,长电科技,2025-09-17 09:46:36,38.65,16200,38.65,U
sh600584,长电科技,2025-09-17 09:46:39,38.65,37000,38.65,D
sh600584,长电科技,2025-09-17 09:46:42,38.66,14900,38.65,U
sh600584,长电科技,2025-09-17 09:46:45,38.65,25200,38.66,D
sh600584,长电科技,2025-09-17 09:46:48,38.65,24300,38.65,U
sh600584,长电科技,2025-09-17 09:46:51,38.66,8000,38.65,E
sh600584,长电科技,2025-09-17 09:46:54,38.67,10400,38.66,U
sh600584,长电科技,2025-09-17 09:46:57,38.66,11400,38.67,D
sh600584,长电科技,2025-09-17 09:47:00,38.67,23500,38.66,U
sh600584,长电科技,2025-09-17 09:47:03,38.68,59800,38.67,U
sh600584,长电科技,2025-09-17 09:47:06,38.68,38700,38.68,E
sh600584,长电科技,2025-09-17 09:47:09,38.66,34200,38.68,D
sh600584,长电科技,2025-09-17 09:47:12,38.65,43500,38.66,D
sh600584,长电科技,2025-09-17 09:47:15,38.65,12400,38.65,U
sh600584,长电科技,2025-09-17 09:47:18,38.65,28300,38.65,U
sh600584,长电科技,2025-09-17 09:47:21,38.64,38300,38.65,E
sh600584,长电科技,2025-09-17 09:47:24,38.65,7044,38.64,U
sh600584,长电科技,2025-09-17 09:47:30,38.65,5700,38.65,D
sh600584,长电科技,2025-09-17 09:47:33,38.67,13900,38.65,U
sh600584,长电科技,2025-09-17 09:47:36,38.65,63300,38.67,D
sh600584,长电科技,2025-09-17 09:47:39,38.68,55200,38.65,U
sh600584,长电科技,2025-09-17 09:47:42,38.66,20800,38.68,D
sh600584,长电科技,2025-09-17 09:47:45,38.68,16700,38.66,U
sh600584,长电科技,2025-09-17 09:47:48,38.67,9600,38.68,U
sh600584,长电科技,2025-09-17 09:47:51,38.68,24700,38.67,U
sh600584,长电科技,2025-09-17 09:47:54,38.67,14400,38.68,E
sh600584,长电科技,2025-09-17 09:47:57,38.7,59000,38.67,U
sh600584,长电科技,2025-09-17 09:48:00,38.74,116300,38.7,U
sh600584,长电科技,2025-09-17 09:48:03,38.74,14200,38.74,U
sh600584,长电科技,2025-09-17 09:48:06,38.74,20800,38.74,U
sh600584,长电科技,2025-09-17 09:48:09,38.74,34300,38.74,D
sh600584,长电科技,2025-09-17 09:48:12,38.74,70800,38.74,D
sh600584,长电科技,2025-09-17 09:48:15,38.74,48500,38.74,D
sh600584,长电科技,2025-09-17 09:48:18,38.71,46200,38.74,D
sh600584,长电科技,2025-09-17 09:48:21,38.75,80400,38.71,U
sh600584,长电科技,2025-09-17 09:48:24,38.72,65700,38.75,E
sh600584,长电科技,2025-09-17 09:48:27,38.68,35000,38.72,E
sh600584,长电科技,2025-09-17 09:48:30,38.67,30400,38.68,D
sh600584,长电科技,2025-09-17 09:48:33,38.71,33400,38.67,D
sh600584,长电科技,2025-09-17 09:48:36,38.67,47400,38.71,D
sh600584,长电科技,2025-09-17 09:48:39,38.62,72800,38.67,D
sh600584,长电科技,2025-09-17 09:48:42,38.67,25300,38.62,U
sh600584,长电科技,2025-09-17 09:48:45,38.67,21700,38.67,D
sh600584,长电科技,2025-09-17 09:48:48,38.67,55500,38.67,D
sh600584,长电科技,2025-09-17 09:48:51,38.67,13500,38.67,U
sh600584,长电科技,2025-09-17 09:48:54,38.66,15900,38.67,D
sh600584,长电科技,2025-09-17 09:48:57,38.64,25500,38.66,D
sh600584,长电科技,2025-09-17 09:49:00,38.63,17500,38.64,D
sh600584,长电科技,2025-09-17 09:49:03,38.62,10800,38.63,D
sh600584,长电科技,2025-09-17 09:49:06,38.63,14300,38.62,U
sh600584,长电科技,2025-09-17 09:49:09,38.62,51300,38.63,D
sh600584,长电科技,2025-09-17 09:49:12,38.6,10800,38.62,D
sh600584,长电科技,2025-09-17 09:49:15,38.6,13900,38.6,D
sh600584,长电科技,2025-09-17 09:49:18,38.6,10300,38.6,D
sh600584,长电科技,2025-09-17 09:49:21,38.61,15500,38.6,U
sh600584,长电科技,2025-09-17 09:49:24,38.59,21300,38.61,D
sh600584,长电科技,2025-09-17 09:49:27,38.65,51400,38.59,U
sh600584,长电科技,2025-09-17 09:49:30,38.62,7100,38.65,D
sh600584,长电科技,2025-09-17 09:49:36,38.65,7400,38.65,U
sh600584,长电科技,2025-09-17 09:49:39,38.65,12300,38.65,D
sh600584,长电科技,2025-09-17 09:49:42,38.65,7200,38.65,D
sh600584,长电科技,2025-09-17 09:49:45,38.66,13300,38.65,E
sh600584,长电科技,2025-09-17 09:49:51,38.68,10400,38.67,U
sh600584,长电科技,2025-09-17 09:49:54,38.69,48500,38.68,U
sh600584,长电科技,2025-09-17 09:49:57,38.73,81900,38.69,U
sh600584,长电科技,2025-09-17 09:50:00,38.74,5800,38.73,U
sh600584,长电科技,2025-09-17 09:50:03,38.76,60800,38.74,U
sh600584,长电科技,2025-09-17 09:50:06,38.76,11900,38.76,U
sh600584,长电科技,2025-09-17 09:50:09,38.77,17600,38.76,U
sh600584,长电科技,2025-09-17 09:50:12,38.78,66100,38.77,U
sh600584,长电科技,2025-09-17 09:50:15,38.79,13500,38.78,U
sh600584,长电科技,2025-09-17 09:50:18,38.8,24100,38.79,U
sh600584,长电科技,2025-09-17 09:50:21,38.8,17500,38.8,U
sh600584,长电科技,2025-09-17 09:50:24,38.8,40800,38.8,U
sh600584,长电科技,2025-09-17 09:50:27,38.82,17600,38.8,U
sh600584,长电科技,2025-09-17 09:50:30,38.82,21800,38.82,U
sh600584,长电科技,2025-09-17 09:50:33,38.83,10400,38.82,U
sh600584,长电科技,2025-09-17 09:50:36,38.84,16500,38.83,U
sh600584,长电科技,2025-09-17 09:50:39,38.85,36700,38.84,U
sh600584,长电科技,2025-09-17 09:50:42,38.85,43500,38.85,U
sh600584,长电科技,2025-09-17 09:50:45,38.87,36300,38.85,U
sh600584,长电科技,2025-09-17 09:50:48,38.87,20700,38.87,D
sh600584,长电科技,2025-09-17 09:50:51,38.84,108700,38.87,D
sh600584,长电科技,2025-09-17 09:50:54,38.84,61100,38.84,D
sh600584,长电科技,2025-09-17 09:50:57,38.85,46500,38.84,U
sh600584,长电科技,2025-09-17 09:51:00,38.85,31500,38.85,D
sh600584,长电科技,2025-09-17 09:51:03,38.85,64200,38.85,U
sh600584,长电科技,2025-09-17 09:51:06,38.85,46500,38.85,D
sh600584,长电科技,2025-09-17 09:51:09,38.85,36700,38.85,D
sh600584,长电科技,2025-09-17 09:51:12,38.85,44700,38.85,D
sh600584,长电科技,2025-09-17 09:51:15,38.84,67100,38.85,D
sh600584,长电科技,2025-09-17 09:51:18,38.84,64800,38.84,U
sh600584,长电科技,2025-09-17 09:51:21,38.82,165500,38.84,E
sh600584,长电科技,2025-09-17 09:51:24,38.84,39500,38.82,U
sh600584,长电科技,2025-09-17 09:51:27,38.82,22300,38.84,U
sh600584,长电科技,2025-09-17 09:51:30,38.8,10800,38.82,E
sh600584,长电科技,2025-09-17 09:51:33,38.79,14200,38.8,D
sh600584,长电科技,2025-09-17 09:51:36,38.8,24300,38.79,U
sh600584,长电科技,2025-09-17 09:51:39,38.81,29000,38.8,E
sh600584,长电科技,2025-09-17 09:51:42,38.81,35300,38.81,U
sh600584,长电科技,2025-09-17 09:51:45,38.8,40700,38.81,D
sh600584,长电科技,2025-09-17 09:51:48,38.79,9800,38.8,D
sh600584,长电科技,2025-09-17 09:51:51,38.8,28900,38.79,U
sh600584,长电科技,2025-09-17 09:51:54,38.79,27000,38.8,D
sh600584,长电科技,2025-09-17 09:51:57,38.8,32700,38.79,U
sh600584,长电科技,2025-09-17 09:52:00,38.8,18100,38.8,U
sh600584,长电科技,2025-09-17 09:52:03,38.81,79000,38.8,U
sh600584,长电科技,2025-09-17 09:52:06,38.83,58200,38.81,U
sh600584,长电科技,2025-09-17 09:52:09,38.83,16200,38.83,D
sh600584,长电科技,2025-09-17 09:52:12,38.84,10400,38.83,U
sh600584,长电科技,2025-09-17 09:52:15,38.84,12900,38.84,D
sh600584,长电科技,2025-09-17 09:52:18,38.85,40300,38.84,U
sh600584,长电科技,2025-09-17 09:52:21,38.86,54000,38.85,U
sh600584,长电科技,2025-09-17 09:52:24,38.85,9400,38.86,D
sh600584,长电科技,2025-09-17 09:52:27,38.85,22500,38.85,D
sh600584,长电科技,2025-09-17 09:52:30,38.86,45100,38.85,U
sh600584,长电科技,2025-09-17 09:52:33,38.86,22500,38.86,D
sh600584,长电科技,2025-09-17 09:52:36,38.89,66600,38.86,U
sh600584,长电科技,2025-09-17 09:52:39,38.87,58200,38.89,D
sh600584,长电科技,2025-09-17 09:52:42,38.89,22100,38.87,U
sh600584,长电科技,2025-09-17 09:52:45,38.89,16000,38.89,U
sh600584,长电科技,2025-09-17 09:52:48,38.89,43000,38.89,U
sh600584,长电科技,2025-09-17 09:52:51,38.89,49100,38.89,D
sh600584,长电科技,2025-09-17 09:52:54,38.88,168800,38.89,D
sh600584,长电科技,2025-09-17 09:52:57,38.86,44700,38.88,E
sh600584,长电科技,2025-09-17 09:53:00,38.86,20800,38.86,U
sh600584,长电科技,2025-09-17 09:53:03,38.8,27300,38.86,D
sh600584,长电科技,2025-09-17 09:53:06,38.83,18100,38.8,U
sh600584,长电科技,2025-09-17 09:53:09,38.81,21600,38.83,D
sh600584,长电科技,2025-09-17 09:53:12,38.86,75300,38.81,U
sh600584,长电科技,2025-09-17 09:53:15,38.87,6400,38.86,E
sh600584,长电科技,2025-09-17 09:53:18,38.86,11000,38.87,D
sh600584,长电科技,2025-09-17 09:53:21,38.87,36000,38.86,U
sh600584,长电科技,2025-09-17 09:53:24,38.84,24100,38.87,D
sh600584,长电科技,2025-09-17 09:53:27,38.87,40900,38.84,U
sh600584,长电科技,2025-09-17 09:53:30,38.87,11800,38.87,U
sh600584,长电科技,2025-09-17 09:53:33,38.86,14900,38.87,E
sh600584,长电科技,2025-09-17 09:53:36,38.86,15000,38.86,U
sh600584,长电科技,2025-09-17 09:53:39,38.85,44500,38.86,D
sh600584,长电科技,2025-09-17 09:53:42,38.85,13500,38.85,U
sh600584,长电科技,2025-09-17 09:53:45,38.85,9200,38.85,U
sh600584,长电科技,2025-09-17 09:53:48,38.84,25800,38.85,D
sh600584,长电科技,2025-09-17 09:53:51,38.85,18200,38.84,U
sh600584,长电科技,2025-09-17 09:53:54,38.85,34400,38.85,U
sh600584,长电科技,2025-09-17 09:53:57,38.85,36700,38.85,U
sh600584,长电科技,2025-09-17 09:54:00,38.85,6500,38.85,D
sh600584,长电科技,2025-09-17 09:54:03,38.85,31000,38.85,D
sh600584,长电科技,2025-09-17 09:54:06,38.85,19400,38.85,D
sh600584,长电科技,2025-09-17 09:54:09,38.84,61200,38.85,D
sh600584,长电科技,2025-09-17 09:54:12,38.85,64900,38.84,U
sh600584,长电科技,2025-09-17 09:54:15,38.84,19800,38.85,E
sh600584,长电科技,2025-09-17 09:54:18,38.84,16800,38.84,U
sh600584,长电科技,2025-09-17 09:54:21,38.81,9600,38.84,D
sh600584,长电科技,2025-09-17 09:54:24,38.81,17000,38.81,D
sh600584,长电科技,2025-09-17 09:54:27,38.81,23900,38.81,D
sh600584,长电科技,2025-09-17 09:54:30,38.8,12500,38.81,D
sh600584,长电科技,2025-09-17 09:54:33,38.8,12100,38.8,D
sh600584,长电科技,2025-09-17 09:54:36,38.81,27900,38.8,U
sh600584,长电科技,2025-09-17 09:54:39,38.8,18000,38.81,D
sh600584,长电科技,2025-09-17 09:54:42,38.8,59900,38.8,D
sh600584,长电科技,2025-09-17 09:54:45,38.8,35200,38.8,D
sh600584,长电科技,2025-09-17 09:54:48,38.8,7100,38.8,U
sh600584,长电科技,2025-09-17 09:54:51,38.79,35800,38.8,D
sh600584,长电科技,2025-09-17 09:54:54,38.8,49000,38.79,U
sh600584,长电科技,2025-09-17 09:54:57,38.81,64800,38.8,U
sh600584,长电科技,2025-09-17 09:55:00,38.8,51100,38.81,E
sh600584,长电科技,2025-09-17 09:55:03,38.8,10200,38.8,D
sh600584,长电科技,2025-09-17 09:55:06,38.8,6500,38.8,U
sh600584,长电科技,2025-09-17 09:55:09,38.79,13600,38.8,D
sh600584,长电科技,2025-09-17 09:55:12,38.79,34600,38.79,U
sh600584,长电科技,2025-09-17 09:55:15,38.75,113200,38.79,D
sh600584,长电科技,2025-09-17 09:55:18,38.74,37400,38.75,D
sh600584,长电科技,2025-09-17 09:55:21,38.74,8100,38.74,U
sh600584,长电科技,2025-09-17 09:55:24,38.72,11000,38.74,D
sh600584,长电科技,2025-09-17 09:55:27,38.72,8200,38.72,D
sh600584,长电科技,2025-09-17 09:55:30,38.72,10400,38.72,U
sh600584,长电科技,2025-09-17 09:55:33,38.72,17800,38.72,U
sh600584,长电科技,2025-09-17 09:55:36,38.72,25400,38.72,U
sh600584,长电科技,2025-09-17 09:55:39,38.72,12900,38.72,D
sh600584,长电科技,2025-09-17 09:55:42,38.73,11600,38.72,E
sh600584,长电科技,2025-09-17 09:55:45,38.73,64900,38.73,E
sh600584,长电科技,2025-09-17 09:55:48,38.73,21900,38.73,D
sh600584,长电科技,2025-09-17 09:55:51,38.72,14300,38.73,D
sh600584,长电科技,2025-09-17 09:55:54,38.72,8100,38.72,U
sh600584,长电科技,2025-09-17 09:55:57,38.7,58900,38.72,D
sh600584,长电科技,2025-09-17 09:56:00,38.7,7400,38.7,U
sh600584,长电科技,2025-09-17 09:56:03,38.69,11900,38.7,D
sh600584,长电科技,2025-09-17 09:56:09,38.7,28000,38.69,U
sh600584,长电科技,2025-09-17 09:56:12,38.7,13900,38.7,D
sh600584,长电科技,2025-09-17 09:56:15,38.7,15300,38.7,D
sh600584,长电科技,2025-09-17 09:56:18,38.71,16900,38.7,U
sh600584,长电科技,2025-09-17 09:56:21,38.7,37100,38.71,D
sh600584,长电科技,2025-09-17 09:56:24,38.71,6900,38.7,E
sh600584,长电科技,2025-09-17 09:56:27,38.72,30600,38.71,U
sh600584,长电科技,2025-09-17 09:56:30,38.71,45200,38.72,D
sh600584,长电科技,2025-09-17 09:56:33,38.7,26000,38.71,D
sh600584,长电科技,2025-09-17 09:56:36,38.7,21000,38.7,U
sh600584,长电科技,2025-09-17 09:56:39,38.69,12600,38.7,D
sh600584,长电科技,2025-09-17 09:56:42,38.7,17200,38.69,U
sh600584,长电科技,2025-09-17 09:56:45,38.7,10900,38.7,D
sh600584,长电科技,2025-09-17 09:56:48,38.71,17400,38.7,U
sh600584,长电科技,2025-09-17 09:56:51,38.7,12200,38.71,D
sh600584,长电科技,2025-09-17 09:56:54,38.71,8500,38.7,U
sh600584,长电科技,2025-09-17 09:56:57,38.71,7100,38.71,U
sh600584,长电科技,2025-09-17 09:57:00,38.7,20900,38.71,D
sh600584,长电科技,2025-09-17 09:57:03,38.67,82800,38.7,D
sh600584,长电科技,2025-09-17 09:57:06,38.68,17500,38.67,U
sh600584,长电科技,2025-09-17 09:57:09,38.65,26300,38.68,D
sh600584,长电科技,2025-09-17 09:57:12,38.67,13600,38.65,U
sh600584,长电科技,2025-09-17 09:57:15,38.65,18000,38.67,D
sh600584,长电科技,2025-09-17 09:57:18,38.67,10600,38.65,U
sh600584,长电科技,2025-09-17 09:57:21,38.64,21800,38.67,D
sh600584,长电科技,2025-09-17 09:57:27,38.65,9500,38.63,U
sh600584,长电科技,2025-09-17 09:57:30,38.62,16400,38.65,D
sh600584,长电科技,2025-09-17 09:57:33,38.63,23500,38.62,U
sh600584,长电科技,2025-09-17 09:57:36,38.62,7300,38.63,D
sh600584,长电科技,2025-09-17 09:57:42,38.63,37400,38.62,U
sh600584,长电科技,2025-09-17 09:57:45,38.62,17800,38.63,D
sh600584,长电科技,2025-09-17 09:57:48,38.62,14600,38.62,D
sh600584,长电科技,2025-09-17 09:57:51,38.62,108500,38.62,D
sh600584,长电科技,2025-09-17 09:57:54,38.6,13800,38.62,D
sh600584,长电科技,2025-09-17 09:58:00,38.61,13000,38.61,U
sh600584,长电科技,2025-09-17 09:58:03,38.63,56200,38.61,U
sh600584,长电科技,2025-09-17 09:58:06,38.61,31100,38.63,D
sh600584,长电科技,2025-09-17 09:58:09,38.62,12800,38.61,E
sh600584,长电科技,2025-09-17 09:58:12,38.65,66100,38.62,U
sh600584,长电科技,2025-09-17 09:58:15,38.67,7400,38.65,U
sh600584,长电科技,2025-09-17 09:58:24,38.66,5300,38.66,E
sh600584,长电科技,2025-09-17 09:58:27,38.66,11500,38.66,U
sh600584,长电科技,2025-09-17 09:58:30,38.64,39200,38.66,D
sh600584,长电科技,2025-09-17 09:58:33,38.66,18500,38.64,E
sh600584,长电科技,2025-09-17 09:58:42,38.64,6500,38.62,U
sh600584,长电科技,2025-09-17 09:58:48,38.63,13300,38.64,D
sh600584,长电科技,2025-09-17 09:58:51,38.64,15800,38.63,U
sh600584,长电科技,2025-09-17 09:58:54,38.64,124300,38.64,U
sh600584,长电科技,2025-09-17 09:58:57,38.64,10300,38.64,U
sh600584,长电科技,2025-09-17 09:59:00,38.63,6400,38.64,U
sh600584,长电科技,2025-09-17 09:59:03,38.62,16800,38.63,D
sh600584,长电科技,2025-09-17 09:59:09,38.62,14400,38.63,D
sh600584,长电科技,2025-09-17 09:59:12,38.62,6500,38.62,D
sh600584,长电科技,2025-09-17 09:59:15,38.63,6100,38.62,U
sh600584,长电科技,2025-09-17 09:59:21,38.64,13800,38.63,U
sh600584,长电科技,2025-09-17 09:59:24,38.63,10800,38.64,D
sh600584,长电科技,2025-09-17 09:59:30,38.63,6200,38.63,D
sh600584,长电科技,2025-09-17 09:59:33,38.63,13700,38.63,D
sh600584,长电科技,2025-09-17 09:59:36,38.63,12700,38.63,D
sh600584,长电科技,2025-09-17 09:59:39,38.61,30500,38.63,D
sh600584,长电科技,2025-09-17 09:59:42,38.6,66200,38.61,D
sh600584,长电科技,2025-09-17 09:59:45,38.6,17400,38.6,D
sh600584,长电科技,2025-09-17 09:59:48,38.59,31600,38.6,D
sh600584,长电科技,2025-09-17 09:59:51,38.6,6100,38.59,D
sh600584,长电科技,2025-09-17 09:59:54,38.58,25600,38.6,D
sh600584,长电科技,2025-09-17 09:59:57,38.58,8400,38.58,D
sh600584,长电科技,2025-09-17 10:00:00,38.58,28200,38.58,D
sh600584,长电科技,2025-09-17 10:00:03,38.55,99000,38.58,D
sh600584,长电科技,2025-09-17 10:00:06,38.55,8900,38.55,D
sh600584,长电科技,2025-09-17 10:00:12,38.55,20000,38.55,D
sh600584,长电科技,2025-09-17 10:00:15,38.56,15600,38.55,D
sh600584,长电科技,2025-09-17 10:00:18,38.55,12700,38.56,D
sh600584,长电科技,2025-09-17 10:00:21,38.55,8300,38.55,D
sh600584,长电科技,2025-09-17 10:00:24,38.55,27800,38.55,D
sh600584,长电科技,2025-09-17 10:00:27,38.58,42200,38.55,U
sh600584,长电科技,2025-09-17 10:00:30,38.55,146100,38.58,D
sh600584,长电科技,2025-09-17 10:00:36,38.58,22700,38.58,D
sh600584,长电科技,2025-09-17 10:00:39,38.55,19500,38.58,D
sh600584,长电科技,2025-09-17 10:00:48,38.58,18900,38.57,U
sh600584,长电科技,2025-09-17 10:00:51,38.57,5400,38.58,U
sh600584,长电科技,2025-09-17 10:00:57,38.56,5700,38.56,D
sh600584,长电科技,2025-09-17 10:01:00,38.62,86900,38.56,U
sh600584,长电科技,2025-09-17 10:01:03,38.63,45300,38.62,U
sh600584,长电科技,2025-09-17 10:01:06,38.62,50200,38.63,E
sh600584,长电科技,2025-09-17 10:01:09,38.62,7000,38.62,D
sh600584,长电科技,2025-09-17 10:01:12,38.64,6400,38.62,E
sh600584,长电科技,2025-09-17 10:01:15,38.65,6800,38.64,E
sh600584,长电科技,2025-09-17 10:01:18,38.66,5400,38.65,D
sh600584,长电科技,2025-09-17 10:01:21,38.7,34900,38.66,U
sh600584,长电科技,2025-09-17 10:01:24,38.71,56675,38.7,U
sh600584,长电科技,2025-09-17 10:01:27,38.72,5900,38.71,U
sh600584,长电科技,2025-09-17 10:01:30,38.72,13100,38.72,U
sh600584,长电科技,2025-09-17 10:01:33,38.71,5825,38.72,D
sh600584,长电科技,2025-09-17 10:01:36,38.73,35800,38.71,U
sh600584,长电科技,2025-09-17 10:01:39,38.73,7100,38.73,U
sh600584,长电科技,2025-09-17 10:01:42,38.71,53600,38.73,D
sh600584,长电科技,2025-09-17 10:01:45,38.7,18700,38.71,D
sh600584,长电科技,2025-09-17 10:01:48,38.7,17100,38.7,U
sh600584,长电科技,2025-09-17 10:01:51,38.7,5700,38.7,D
sh600584,长电科技,2025-09-17 10:01:57,38.71,7300,38.71,U
sh600584,长电科技,2025-09-17 10:02:00,38.71,11600,38.71,U
sh600584,长电科技,2025-09-17 10:02:03,38.71,10400,38.71,U
sh600584,长电科技,2025-09-17 10:02:06,38.72,32300,38.71,U
sh600584,长电科技,2025-09-17 10:02:12,38.7,13400,38.71,D
sh600584,长电科技,2025-09-17 10:02:15,38.7,28200,38.7,D
sh600584,长电科技,2025-09-17 10:02:18,38.68,46200,38.7,D
sh600584,长电科技,2025-09-17 10:02:21,38.69,15900,38.68,U
sh600584,长电科技,2025-09-17 10:02:24,38.68,5300,38.69,E
sh600584,长电科技,2025-09-17 10:02:30,38.67,9300,38.67,U
sh600584,长电科技,2025-09-17 10:02:36,38.65,6100,38.66,D
sh600584,长电科技,2025-09-17 10:02:39,38.65,7300,38.65,D
sh600584,长电科技,2025-09-17 10:02:45,38.64,10500,38.65,D
sh600584,长电科技,2025-09-17 10:02:48,38.64,8800,38.64,D
sh600584,长电科技,2025-09-17 10:02:51,38.64,6800,38.64,D
sh600584,长电科技,2025-09-17 10:02:57,38.64,10200,38.64,U
sh600584,长电科技,2025-09-17 10:03:00,38.64,87800,38.64,U
sh600584,长电科技,2025-09-17 10:03:03,38.66,72800,38.64,U
sh600584,长电科技,2025-09-17 10:03:06,38.62,51944,38.66,D
sh600584,长电科技,2025-09-17 10:03:09,38.68,14300,38.62,U
sh600584,长电科技,2025-09-17 10:03:12,38.73,73200,38.68,U
sh600584,长电科技,2025-09-17 10:03:15,38.73,12400,38.73,D
sh600584,长电科技,2025-09-17 10:03:18,38.88,317475,38.73,U
sh600584,长电科技,2025-09-17 10:03:21,39.03,1360900,38.88,U
sh600584,长电科技,2025-09-17 10:03:24,38.9,201600,39.03,D
sh600584,长电科技,2025-09-17 10:03:27,39.0,7500,38.9,U
sh600584,长电科技,2025-09-17 10:03:36,38.99,27500,38.92,U
sh600584,长电科技,2025-09-17 10:03:39,38.97,132600,38.99,D
sh600584,长电科技,2025-09-17 10:03:42,38.96,27500,38.97,E
sh600584,长电科技,2025-09-17 10:03:45,38.99,62600,38.96,U
sh600584,长电科技,2025-09-17 10:03:48,38.99,56000,38.99,U
sh600584,长电科技,2025-09-17 10:03:51,39.0,39300,38.99,U
sh600584,长电科技,2025-09-17 10:03:54,39.02,35800,39.0,U
sh600584,长电科技,2025-09-17 10:03:57,39.02,70000,39.02,U
sh600584,长电科技,2025-09-17 10:04:00,39.03,49100,39.02,U
sh600584,长电科技,2025-09-17 10:04:03,38.98,61700,39.03,D
sh600584,长电科技,2025-09-17 10:04:06,39.02,32900,38.98,U
sh600584,长电科技,2025-09-17 10:04:09,38.98,22200,39.02,E
sh600584,长电科技,2025-09-17 10:04:12,38.96,58800,38.98,D
sh600584,长电科技,2025-09-17 10:04:15,38.99,57400,38.96,U
sh600584,长电科技,2025-09-17 10:04:18,38.98,32900,38.99,D
sh600584,长电科技,2025-09-17 10:04:21,38.96,20900,38.98,D
sh600584,长电科技,2025-09-17 10:04:24,38.96,24000,38.96,U
sh600584,长电科技,2025-09-17 10:04:27,38.95,13900,38.96,E
sh600584,长电科技,2025-09-17 10:04:30,38.95,20700,38.95,U
sh600584,长电科技,2025-09-17 10:04:33,38.91,51500,38.95,D
sh600584,长电科技,2025-09-17 10:04:36,38.91,39900,38.91,U
sh600584,长电科技,2025-09-17 10:04:39,38.9,24300,38.91,D
sh600584,长电科技,2025-09-17 10:04:42,38.9,19300,38.9,U
sh600584,长电科技,2025-09-17 10:04:45,38.91,31700,38.9,U
sh600584,长电科技,2025-09-17 10:04:48,38.9,17900,38.91,D
sh600584,长电科技,2025-09-17 10:04:51,38.91,16100,38.9,E
sh600584,长电科技,2025-09-17 10:04:54,38.89,21000,38.91,E
sh600584,长电科技,2025-09-17 10:04:57,38.9,38500,38.89,D
sh600584,长电科技,2025-09-17 10:05:00,38.94,110600,38.9,U
sh600584,长电科技,2025-09-17 10:05:03,38.94,46800,38.94,D
sh600584,长电科技,2025-09-17 10:05:06,38.96,31400,38.94,U
sh600584,长电科技,2025-09-17 10:05:09,38.94,47400,38.96,D
sh600584,长电科技,2025-09-17 10:05:12,38.99,60200,38.94,U
sh600584,长电科技,2025-09-17 10:05:15,38.99,22500,38.99,U
sh600584,长电科技,2025-09-17 10:05:18,38.98,24800,38.99,D
sh600584,长电科技,2025-09-17 10:05:21,38.98,83600,38.98,U
sh600584,长电科技,2025-09-17 10:05:24,38.96,17600,38.98,D
sh600584,长电科技,2025-09-17 10:05:27,38.99,41600,38.96,U
sh600584,长电科技,2025-09-17 10:05:30,38.98,26000,38.99,D
sh600584,长电科技,2025-09-17 10:05:33,38.96,108000,38.98,D
sh600584,长电科技,2025-09-17 10:05:36,38.96,76200,38.96,U
sh600584,长电科技,2025-09-17 10:05:39,38.96,12500,38.96,D
sh600584,长电科技,2025-09-17 10:05:42,38.96,36800,38.96,D
sh600584,长电科技,2025-09-17 10:05:45,38.98,15600,38.96,U
sh600584,长电科技,2025-09-17 10:05:48,38.98,83200,38.98,U
sh600584,长电科技,2025-09-17 10:05:51,38.98,9600,38.98,D
sh600584,长电科技,2025-09-17 10:05:54,38.96,25500,38.98,D
sh600584,长电科技,2025-09-17 10:05:57,38.98,33500,38.96,U
sh600584,长电科技,2025-09-17 10:06:00,38.98,32200,38.98,U
sh600584,长电科技,2025-09-17 10:06:03,38.98,29600,38.98,U
sh600584,长电科技,2025-09-17 10:06:06,38.98,26700,38.98,D
sh600584,长电科技,2025-09-17 10:06:09,38.98,23900,38.98,U
sh600584,长电科技,2025-09-17 10:06:12,38.99,42300,38.98,U
sh600584,长电科技,2025-09-17 10:06:15,39.01,93500,38.99,U
sh600584,长电科技,2025-09-17 10:06:18,39.0,11800,39.01,D
sh600584,长电科技,2025-09-17 10:06:21,39.01,83400,39.0,U
sh600584,长电科技,2025-09-17 10:06:24,38.97,164400,39.01,D
sh600584,长电科技,2025-09-17 10:06:27,38.96,26400,38.97,U
sh600584,长电科技,2025-09-17 10:06:30,38.95,6500,38.96,U
sh600584,长电科技,2025-09-17 10:06:33,38.91,119700,38.95,D
sh600584,长电科技,2025-09-17 10:06:36,38.93,11100,38.91,U
sh600584,长电科技,2025-09-17 10:06:39,38.92,6500,38.93,U
sh600584,长电科技,2025-09-17 10:06:42,38.95,12700,38.92,U
sh600584,长电科技,2025-09-17 10:06:48,38.91,18800,38.91,D
sh600584,长电科技,2025-09-17 10:06:51,38.92,17300,38.91,E
sh600584,长电科技,2025-09-17 10:06:54,38.89,67000,38.92,D
sh600584,长电科技,2025-09-17 10:06:57,38.89,12600,38.89,D
sh600584,长电科技,2025-09-17 10:07:00,38.89,37000,38.89,D
sh600584,长电科技,2025-09-17 10:07:03,38.86,22900,38.89,D
sh600584,长电科技,2025-09-17 10:07:06,38.88,81300,38.86,U
sh600584,长电科技,2025-09-17 10:07:09,38.87,98500,38.88,E
sh600584,长电科技,2025-09-17 10:07:12,38.85,25300,38.87,D
sh600584,长电科技,2025-09-17 10:07:15,38.84,6400,38.85,D
sh600584,长电科技,2025-09-17 10:07:18,38.84,11400,38.84,D
sh600584,长电科技,2025-09-17 10:07:21,38.83,15700,38.84,D
sh600584,长电科技,2025-09-17 10:07:30,38.82,10900,38.82,D
sh600584,长电科技,2025-09-17 10:07:33,38.82,20700,38.82,D
sh600584,长电科技,2025-09-17 10:07:36,38.81,26900,38.82,D
sh600584,长电科技,2025-09-17 10:07:39,38.8,19500,38.81,D
sh600584,长电科技,2025-09-17 10:07:42,38.81,7400,38.8,D
sh600584,长电科技,2025-09-17 10:07:45,38.8,25200,38.81,D
sh600584,长电科技,2025-09-17 10:07:48,38.81,50300,38.8,U
sh600584,长电科技,2025-09-17 10:07:51,38.81,8200,38.81,D
sh600584,长电科技,2025-09-17 10:07:54,38.81,20400,38.81,D
sh600584,长电科技,2025-09-17 10:07:57,38.81,10500,38.81,U
sh600584,长电科技,2025-09-17 10:08:00,38.81,18700,38.81,U
sh600584,长电科技,2025-09-17 10:08:03,38.83,54300,38.81,U
sh600584,长电科技,2025-09-17 10:08:06,38.81,26700,38.83,D
sh600584,长电科技,2025-09-17 10:08:09,38.85,8300,38.81,U
sh600584,长电科技,2025-09-17 10:08:12,38.86,19500,38.85,U
sh600584,长电科技,2025-09-17 10:08:15,38.89,13600,38.86,U
sh600584,长电科技,2025-09-17 10:08:18,38.9,49300,38.89,U
sh600584,长电科技,2025-09-17 10:08:24,38.92,16600,38.9,U
sh600584,长电科技,2025-09-17 10:08:30,38.91,14200,38.93,U
sh600584,长电科技,2025-09-17 10:08:33,38.93,8200,38.91,U
sh600584,长电科技,2025-09-17 10:08:36,38.91,57300,38.93,D
sh600584,长电科技,2025-09-17 10:08:39,38.91,8700,38.91,D
sh600584,长电科技,2025-09-17 10:08:42,38.9,40700,38.91,D
sh600584,长电科技,2025-09-17 10:08:45,38.9,24300,38.9,U
sh600584,长电科技,2025-09-17 10:08:48,38.9,8300,38.9,U
sh600584,长电科技,2025-09-17 10:08:51,38.88,13200,38.9,D
sh600584,长电科技,2025-09-17 10:08:54,38.89,8200,38.88,U
sh600584,长电科技,2025-09-17 10:08:57,38.89,31300,38.89,U
sh600584,长电科技,2025-09-17 10:09:00,38.9,13700,38.89,U
sh600584,长电科技,2025-09-17 10:09:03,38.89,10800,38.9,D
sh600584,长电科技,2025-09-17 10:09:06,38.9,8900,38.89,U
sh600584,长电科技,2025-09-17 10:09:09,38.9,24300,38.9,D
sh600584,长电科技,2025-09-17 10:09:12,38.82,101200,38.9,D
sh600584,长电科技,2025-09-17 10:09:15,38.88,10500,38.82,U
sh600584,长电科技,2025-09-17 10:09:18,38.88,12700,38.88,U
sh600584,长电科技,2025-09-17 10:09:21,38.87,6400,38.88,D
sh600584,长电科技,2025-09-17 10:09:24,38.87,8200,38.87,U
sh600584,长电科技,2025-09-17 10:09:27,38.88,10800,38.87,U
sh600584,长电科技,2025-09-17 10:09:30,38.85,6700,38.88,D
sh600584,长电科技,2025-09-17 10:09:33,38.85,11700,38.85,E
sh600584,长电科技,2025-09-17 10:09:36,38.87,12000,38.85,U
sh600584,长电科技,2025-09-17 10:09:39,38.88,36300,38.87,U
sh600584,长电科技,2025-09-17 10:09:42,38.86,11200,38.88,D
sh600584,长电科技,2025-09-17 10:09:45,38.86,16200,38.86,E
sh600584,长电科技,2025-09-17 10:09:48,38.86,8300,38.86,U
sh600584,长电科技,2025-09-17 10:09:51,38.83,10100,38.86,D
sh600584,长电科技,2025-09-17 10:09:54,38.85,10700,38.83,U
sh600584,长电科技,2025-09-17 10:09:57,38.83,20900,38.85,D
sh600584,长电科技,2025-09-17 10:10:00,38.83,26500,38.83,U
sh600584,长电科技,2025-09-17 10:10:03,38.82,22600,38.83,E
sh600584,长电科技,2025-09-17 10:10:09,38.82,8700,38.84,D
sh600584,长电科技,2025-09-17 10:10:12,38.82,27600,38.82,U
sh600584,长电科技,2025-09-17 10:10:15,38.82,6000,38.82,U
sh600584,长电科技,2025-09-17 10:10:18,38.82,29300,38.82,U
sh600584,长电科技,2025-09-17 10:10:21,38.82,18500,38.82,D
sh600584,长电科技,2025-09-17 10:10:24,38.79,66900,38.82,D
sh600584,长电科技,2025-09-17 10:10:27,38.82,57600,38.79,U
sh600584,长电科技,2025-09-17 10:10:33,38.78,13600,38.79,D
sh600584,长电科技,2025-09-17 10:10:36,38.77,12600,38.78,D
sh600584,长电科技,2025-09-17 10:10:39,38.76,12000,38.77,D
sh600584,长电科技,2025-09-17 10:10:42,38.76,17400,38.76,U
sh600584,长电科技,2025-09-17 10:10:45,38.76,10100,38.76,U
sh600584,长电科技,2025-09-17 10:10:48,38.75,13100,38.76,U
sh600584,长电科技,2025-09-17 10:10:54,38.72,9700,38.74,D
sh600584,长电科技,2025-09-17 10:10:57,38.72,14400,38.72,U
sh600584,长电科技,2025-09-17 10:11:00,38.72,9500,38.72,D
sh600584,长电科技,2025-09-17 10:11:03,38.74,29300,38.72,U
sh600584,长电科技,2025-09-17 10:11:06,38.75,30200,38.74,U
sh600584,长电科技,2025-09-17 10:11:09,38.76,12000,38.75,U
sh600584,长电科技,2025-09-17 10:11:15,38.75,8100,38.75,E
sh600584,长电科技,2025-09-17 10:11:18,38.76,9800,38.75,U
sh600584,长电科技,2025-09-17 10:11:24,38.74,7700,38.75,U
sh600584,长电科技,2025-09-17 10:11:27,38.75,9200,38.74,U
sh600584,长电科技,2025-09-17 10:11:33,38.77,32000,38.76,U
sh600584,长电科技,2025-09-17 10:11:36,38.78,9800,38.77,U
sh600584,长电科技,2025-09-17 10:11:42,38.8,7200,38.8,U
sh600584,长电科技,2025-09-17 10:11:51,38.81,25400,38.8,U
sh600584,长电科技,2025-09-17 10:11:57,38.81,30200,38.81,D
sh600584,长电科技,2025-09-17 10:12:00,38.83,7200,38.81,U
sh600584,长电科技,2025-09-17 10:12:03,38.82,11300,38.83,U
sh600584,长电科技,2025-09-17 10:12:06,38.83,6400,38.82,U
sh600584,长电科技,2025-09-17 10:12:15,38.84,24600,38.83,U
sh600584,长电科技,2025-09-17 10:12:21,38.83,13300,38.84,D
sh600584,长电科技,2025-09-17 10:12:33,38.82,15000,38.83,D
sh600584,长电科技,2025-09-17 10:12:36,38.82,41600,38.82,D
sh600584,长电科技,2025-09-17 10:12:39,38.82,10100,38.82,D
sh600584,长电科技,2025-09-17 10:12:42,38.82,13800,38.82,U
sh600584,长电科技,2025-09-17 10:12:45,38.83,9700,38.82,U
sh600584,长电科技,2025-09-17 10:12:48,38.82,11000,38.83,D
sh600584,长电科技,2025-09-17 10:12:51,38.81,8800,38.82,D
sh600584,长电科技,2025-09-17 10:12:54,38.8,162500,38.81,D
sh600584,长电科技,2025-09-17 10:12:57,38.8,22400,38.8,D
sh600584,长电科技,2025-09-17 10:13:00,38.8,40500,38.8,D
sh600584,长电科技,2025-09-17 10:13:06,38.8,16600,38.8,U
sh600584,长电科技,2025-09-17 10:13:15,38.78,5400,38.78,D
sh600584,长电科技,2025-09-17 10:13:18,38.78,20200,38.78,D
sh600584,长电科技,2025-09-17 10:13:27,38.76,10800,38.77,D
sh600584,长电科技,2025-09-17 10:13:30,38.75,30900,38.76,D
sh600584,长电科技,2025-09-17 10:13:33,38.78,62200,38.75,U
sh600584,长电科技,2025-09-17 10:13:36,38.78,5800,38.78,D
sh600584,长电科技,2025-09-17 10:13:39,38.79,8100,38.78,U
sh600584,长电科技,2025-09-17 10:13:48,38.75,6500,38.75,D
sh600584,长电科技,2025-09-17 10:13:51,38.76,6100,38.75,D
sh600584,长电科技,2025-09-17 10:13:57,38.79,23100,38.79,D
sh600584,长电科技,2025-09-17 10:14:06,38.79,7300,38.8,D
sh600584,长电科技,2025-09-17 10:14:12,38.79,9000,38.79,D
sh600584,长电科技,2025-09-17 10:14:15,38.79,11700,38.79,D
sh600584,长电科技,2025-09-17 10:14:18,38.78,15300,38.79,D
sh600584,长电科技,2025-09-17 10:14:24,38.78,6500,38.78,D
sh600584,长电科技,2025-09-17 10:14:27,38.79,12000,38.78,U
sh600584,长电科技,2025-09-17 10:14:30,38.78,5700,38.79,D
sh600584,长电科技,2025-09-17 10:14:33,38.79,16500,38.78,U
sh600584,长电科技,2025-09-17 10:14:36,38.79,24000,38.79,U
sh600584,长电科技,2025-09-17 10:14:39,38.79,27400,38.79,U
sh600584,长电科技,2025-09-17 10:14:42,38.81,45200,38.79,U
sh600584,长电科技,2025-09-17 10:14:48,38.81,12600,38.8,U
sh600584,长电科技,2025-09-17 10:14:51,38.81,6600,38.81,D
sh600584,长电科技,2025-09-17 10:14:54,38.81,10500,38.81,D
sh600584,长电科技,2025-09-17 10:14:57,38.81,10100,38.81,U
sh600584,长电科技,2025-09-17 10:15:03,38.81,8100,38.81,D
sh600584,长电科技,2025-09-17 10:15:09,38.82,7200,38.82,D
sh600584,长电科技,2025-09-17 10:15:12,38.83,54100,38.82,U
sh600584,长电科技,2025-09-17 10:15:15,38.82,93000,38.83,D
sh600584,长电科技,2025-09-17 10:15:18,38.82,14800,38.82,U
sh600584,长电科技,2025-09-17 10:15:24,38.8,7900,38.8,D
sh600584,长电科技,2025-09-17 10:15:27,38.8,8900,38.8,D
sh600584,长电科技,2025-09-17 10:15:30,38.81,22300,38.8,U
sh600584,长电科技,2025-09-17 10:15:33,38.81,10400,38.81,U
sh600584,长电科技,2025-09-17 10:15:36,38.8,8300,38.81,D
sh600584,长电科技,2025-09-17 10:15:39,38.81,5600,38.8,U
sh600584,长电科技,2025-09-17 10:15:42,38.81,8800,38.81,D
sh600584,长电科技,2025-09-17 10:15:51,38.82,16300,38.81,U
sh600584,长电科技,2025-09-17 10:15:57,38.82,8900,38.82,D
sh600584,长电科技,2025-09-17 10:16:00,38.83,8600,38.82,U
sh600584,长电科技,2025-09-17 10:16:06,38.83,6400,38.84,D
sh600584,长电科技,2025-09-17 10:16:12,38.83,11200,38.83,U
sh600584,长电科技,2025-09-17 10:16:15,38.84,21000,38.83,U
sh600584,长电科技,2025-09-17 10:16:18,38.83,14800,38.84,D
sh600584,长电科技,2025-09-17 10:16:21,38.84,7400,38.83,U
sh600584,长电科技,2025-09-17 10:16:24,38.84,21300,38.84,U
sh600584,长电科技,2025-09-17 10:16:27,38.85,37600,38.84,U
sh600584,长电科技,2025-09-17 10:16:30,38.85,5800,38.85,D
sh600584,长电科技,2025-09-17 10:16:33,38.86,10200,38.85,D
sh600584,长电科技,2025-09-17 10:16:36,38.88,6400,38.86,U
sh600584,长电科技,2025-09-17 10:16:39,38.85,7500,38.88,D
sh600584,长电科技,2025-09-17 10:16:42,38.88,18700,38.85,U
sh600584,长电科技,2025-09-17 10:16:45,38.88,9400,38.88,U
sh600584,长电科技,2025-09-17 10:16:48,38.86,5300,38.88,D
sh600584,长电科技,2025-09-17 10:16:51,38.87,7800,38.86,U
sh600584,长电科技,2025-09-17 10:16:54,38.87,44200,38.87,U
sh600584,长电科技,2025-09-17 10:17:00,38.86,6600,38.86,D
sh600584,长电科技,2025-09-17 10:17:06,38.86,16400,38.86,D
sh600584,长电科技,2025-09-17 10:17:15,38.86,6600,38.88,D
sh600584,长电科技,2025-09-17 10:17:18,38.88,17700,38.86,U
sh600584,长电科技,2025-09-17 10:17:21,38.87,5700,38.88,E
sh600584,长电科技,2025-09-17 10:17:24,38.88,15100,38.87,U
sh600584,长电科技,2025-09-17 10:17:27,38.86,13900,38.88,D
sh600584,长电科技,2025-09-17 10:17:33,38.86,49400,38.88,D
sh600584,长电科技,2025-09-17 10:17:36,38.84,18800,38.86,D
sh600584,长电科技,2025-09-17 10:17:39,38.84,7000,38.84,U
sh600584,长电科技,2025-09-17 10:17:45,38.84,6700,38.83,U
sh600584,长电科技,2025-09-17 10:17:51,38.84,9000,38.84,U
sh600584,长电科技,2025-09-17 10:17:54,38.84,6500,38.84,U
sh600584,长电科技,2025-09-17 10:17:57,38.8,46800,38.84,D
sh600584,长电科技,2025-09-17 10:18:00,38.8,37000,38.8,D
sh600584,长电科技,2025-09-17 10:18:03,38.81,48300,38.8,D
sh600584,长电科技,2025-09-17 10:18:06,38.81,7000,38.81,D
sh600584,长电科技,2025-09-17 10:18:09,38.81,20900,38.81,D
sh600584,长电科技,2025-09-17 10:18:15,38.81,27900,38.81,D
sh600584,长电科技,2025-09-17 10:18:21,38.81,10300,38.81,U
sh600584,长电科技,2025-09-17 10:18:27,38.8,9200,38.8,D
sh600584,长电科技,2025-09-17 10:18:30,38.8,13300,38.8,U
sh600584,长电科技,2025-09-17 10:18:33,38.8,17900,38.8,U
sh600584,长电科技,2025-09-17 10:18:36,38.8,7900,38.8,U
sh600584,长电科技,2025-09-17 10:18:39,38.8,6200,38.8,D
sh600584,长电科技,2025-09-17 10:18:42,38.79,16600,38.8,D
sh600584,长电科技,2025-09-17 10:18:48,38.78,7300,38.79,D
sh600584,长电科技,2025-09-17 10:18:51,38.78,18200,38.78,D
sh600584,长电科技,2025-09-17 10:18:54,38.78,13600,38.78,D
sh600584,长电科技,2025-09-17 10:19:00,38.78,20900,38.78,U
sh600584,长电科技,2025-09-17 10:19:12,38.77,15500,38.77,D
sh600584,长电科技,2025-09-17 10:19:18,38.77,13400,38.76,U
sh600584,长电科技,2025-09-17 10:19:24,38.77,15300,38.76,U
sh600584,长电科技,2025-09-17 10:19:30,38.76,11300,38.76,D
sh600584,长电科技,2025-09-17 10:19:33,38.77,9300,38.76,U
sh600584,长电科技,2025-09-17 10:19:36,38.77,11000,38.77,U
sh600584,长电科技,2025-09-17 10:19:39,38.76,8300,38.77,D
sh600584,长电科技,2025-09-17 10:19:45,38.76,9300,38.77,D
sh600584,长电科技,2025-09-17 10:19:48,38.77,5700,38.76,U
sh600584,长电科技,2025-09-17 10:19:54,38.76,10700,38.76,D
sh600584,长电科技,2025-09-17 10:19:57,38.78,17800,38.76,U
sh600584,长电科技,2025-09-17 10:20:00,38.76,11800,38.78,D
sh600584,长电科技,2025-09-17 10:20:06,38.76,19700,38.77,D
sh600584,长电科技,2025-09-17 10:20:09,38.78,16000,38.76,E
sh600584,长电科技,2025-09-17 10:20:12,38.79,10000,38.78,U
sh600584,长电科技,2025-09-17 10:20:15,38.78,5900,38.79,D
sh600584,长电科技,2025-09-17 10:20:18,38.78,16200,38.78,D
sh600584,长电科技,2025-09-17 10:20:21,38.77,24700,38.78,D
sh600584,长电科技,2025-09-17 10:20:24,38.77,26800,38.77,U
sh600584,长电科技,2025-09-17 10:20:27,38.76,14400,38.77,E
sh600584,长电科技,2025-09-17 10:20:30,38.78,64100,38.76,U
sh600584,长电科技,2025-09-17 10:20:36,38.77,10200,38.78,D
sh600584,长电科技,2025-09-17 10:20:42,38.79,7800,38.78,U
sh600584,长电科技,2025-09-17 10:20:48,38.79,12200,38.79,U
sh600584,长电科技,2025-09-17 10:21:00,38.76,22000,38.77,D
sh600584,长电科技,2025-09-17 10:21:03,38.77,9000,38.76,U
sh600584,长电科技,2025-09-17 10:21:06,38.74,11700,38.77,D
sh600584,长电科技,2025-09-17 10:21:09,38.75,28200,38.74,U
sh600584,长电科技,2025-09-17 10:21:15,38.73,14900,38.74,D
sh600584,长电科技,2025-09-17 10:21:18,38.73,8600,38.73,D
sh600584,长电科技,2025-09-17 10:21:24,38.73,6700,38.73,U
sh600584,长电科技,2025-09-17 10:21:27,38.72,17500,38.73,D
sh600584,长电科技,2025-09-17 10:21:30,38.72,24700,38.72,D
sh600584,长电科技,2025-09-17 10:21:33,38.75,6300,38.72,U
sh600584,长电科技,2025-09-17 10:21:36,38.72,19700,38.75,D
sh600584,长电科技,2025-09-17 10:21:39,38.71,5700,38.72,D
sh600584,长电科技,2025-09-17 10:21:45,38.71,13100,38.71,D
sh600584,长电科技,2025-09-17 10:21:48,38.72,5500,38.71,E
sh600584,长电科技,2025-09-17 10:21:51,38.71,21500,38.72,D
sh600584,长电科技,2025-09-17 10:21:57,38.71,10500,38.71,U
sh600584,长电科技,2025-09-17 10:22:00,38.7,36500,38.71,D
sh600584,长电科技,2025-09-17 10:22:03,38.7,42900,38.7,D
sh600584,长电科技,2025-09-17 10:22:06,38.71,10200,38.7,U
sh600584,长电科技,2025-09-17 10:22:09,38.7,51700,38.71,D
sh600584,长电科技,2025-09-17 10:22:15,38.68,23500,38.7,D
sh600584,长电科技,2025-09-17 10:22:18,38.69,12300,38.68,U
sh600584,长电科技,2025-09-17 10:22:21,38.67,20500,38.69,D
sh600584,长电科技,2025-09-17 10:22:30,38.66,24500,38.67,D
sh600584,长电科技,2025-09-17 10:22:33,38.66,6200,38.66,D
sh600584,长电科技,2025-09-17 10:22:36,38.65,21200,38.66,D
sh600584,长电科技,2025-09-17 10:22:39,38.66,7100,38.65,U
sh600584,长电科技,2025-09-17 10:22:42,38.65,6300,38.66,E
sh600584,长电科技,2025-09-17 10:22:45,38.63,23900,38.65,D
sh600584,长电科技,2025-09-17 10:22:48,38.61,20512,38.63,D
sh600584,长电科技,2025-09-17 10:22:54,38.61,32200,38.61,D
sh600584,长电科技,2025-09-17 10:23:03,38.6,21700,38.6,D
sh600584,长电科技,2025-09-17 10:23:06,38.6,28000,38.6,D
sh600584,长电科技,2025-09-17 10:23:09,38.6,52900,38.6,D
sh600584,长电科技,2025-09-17 10:23:12,38.6,25500,38.6,D
sh600584,长电科技,2025-09-17 10:23:15,38.6,15900,38.6,D
sh600584,长电科技,2025-09-17 10:23:21,38.6,7600,38.59,U
sh600584,长电科技,2025-09-17 10:23:24,38.59,10800,38.6,D
sh600584,长电科技,2025-09-17 10:23:27,38.59,9300,38.59,D
sh600584,长电科技,2025-09-17 10:23:30,38.59,16300,38.59,D
sh600584,长电科技,2025-09-17 10:23:33,38.59,20000,38.59,D
sh600584,长电科技,2025-09-17 10:23:36,38.59,96500,38.59,U
sh600584,长电科技,2025-09-17 10:23:39,38.61,18912,38.59,U
sh600584,长电科技,2025-09-17 10:23:42,38.62,80300,38.61,U
sh600584,长电科技,2025-09-17 10:23:45,38.62,8400,38.62,D
sh600584,长电科技,2025-09-17 10:23:48,38.62,11600,38.62,D
sh600584,长电科技,2025-09-17 10:23:51,38.61,5300,38.62,D
sh600584,长电科技,2025-09-17 10:23:57,38.59,12700,38.62,D
sh600584,长电科技,2025-09-17 10:24:00,38.6,23300,38.59,U
sh600584,长电科技,2025-09-17 10:24:03,38.62,27000,38.6,U
sh600584,长电科技,2025-09-17 10:24:06,38.61,12600,38.62,D
sh600584,长电科技,2025-09-17 10:24:09,38.6,19200,38.61,D
sh600584,长电科技,2025-09-17 10:24:15,38.65,6100,38.63,U
sh600584,长电科技,2025-09-17 10:24:18,38.66,17100,38.65,U
sh600584,长电科技,2025-09-17 10:24:21,38.64,8200,38.66,D
sh600584,长电科技,2025-09-17 10:24:24,38.66,25800,38.64,U
sh600584,长电科技,2025-09-17 10:24:27,38.67,22400,38.66,E
sh600584,长电科技,2025-09-17 10:24:36,38.69,9000,38.69,U
sh600584,长电科技,2025-09-17 10:24:39,38.69,12300,38.69,D
sh600584,长电科技,2025-09-17 10:24:42,38.68,8700,38.69,D
sh600584,长电科技,2025-09-17 10:24:45,38.68,5700,38.68,D
sh600584,长电科技,2025-09-17 10:24:48,38.68,5600,38.68,D
sh600584,长电科技,2025-09-17 10:24:51,38.68,12900,38.68,D
sh600584,长电科技,2025-09-17 10:25:00,38.68,9500,38.66,U
sh600584,长电科技,2025-09-17 10:25:06,38.66,31800,38.68,D
sh600584,长电科技,2025-09-17 10:25:12,38.66,7400,38.66,U
sh600584,长电科技,2025-09-17 10:25:15,38.64,16500,38.66,D
sh600584,长电科技,2025-09-17 10:25:18,38.62,13200,38.64,D
sh600584,长电科技,2025-09-17 10:25:21,38.64,23200,38.62,U
sh600584,长电科技,2025-09-17 10:25:27,38.62,6400,38.62,U
sh600584,长电科技,2025-09-17 10:25:30,38.62,8100,38.62,D
sh600584,长电科技,2025-09-17 10:25:39,38.62,6800,38.62,D
sh600584,长电科技,2025-09-17 10:25:42,38.62,22800,38.62,U
sh600584,长电科技,2025-09-17 10:25:45,38.61,18600,38.62,D
sh600584,长电科技,2025-09-17 10:25:51,38.61,7000,38.61,U
sh600584,长电科技,2025-09-17 10:25:54,38.6,20300,38.61,D
sh600584,长电科技,2025-09-17 10:25:57,38.61,40600,38.6,U
sh600584,长电科技,2025-09-17 10:26:00,38.59,31300,38.61,D
sh600584,长电科技,2025-09-17 10:26:03,38.59,21500,38.59,U
sh600584,长电科技,2025-09-17 10:26:06,38.58,22900,38.59,D
sh600584,长电科技,2025-09-17 10:26:09,38.57,11500,38.58,D
sh600584,长电科技,2025-09-17 10:26:12,38.57,6300,38.57,U
sh600584,长电科技,2025-09-17 10:26:15,38.56,13900,38.57,D
sh600584,长电科技,2025-09-17 10:26:18,38.56,44300,38.56,D
sh600584,长电科技,2025-09-17 10:26:24,38.56,31500,38.55,U
sh600584,长电科技,2025-09-17 10:26:27,38.55,19100,38.56,D
sh600584,长电科技,2025-09-17 10:26:30,38.55,41100,38.55,D
sh600584,长电科技,2025-09-17 10:26:33,38.53,10000,38.55,D
sh600584,长电科技,2025-09-17 10:26:36,38.54,8900,38.53,U
sh600584,长电科技,2025-09-17 10:26:39,38.53,12200,38.54,D
sh600584,长电科技,2025-09-17 10:26:45,38.52,6000,38.52,D
sh600584,长电科技,2025-09-17 10:26:48,38.51,10300,38.52,D
sh600584,长电科技,2025-09-17 10:26:51,38.52,10500,38.51,U
sh600584,长电科技,2025-09-17 10:26:54,38.51,10600,38.52,D
sh600584,长电科技,2025-09-17 10:26:57,38.51,26200,38.51,D
sh600584,长电科技,2025-09-17 10:27:00,38.51,14200,38.51,D
sh600584,长电科技,2025-09-17 10:27:03,38.51,7700,38.51,U
sh600584,长电科技,2025-09-17 10:27:06,38.51,36800,38.51,U
sh600584,长电科技,2025-09-17 10:27:09,38.51,69600,38.51,U
sh600584,长电科技,2025-09-17 10:27:12,38.5,15700,38.51,D
sh600584,长电科技,2025-09-17 10:27:15,38.5,20600,38.5,D
sh600584,长电科技,2025-09-17 10:27:18,38.5,40400,38.5,D
sh600584,长电科技,2025-09-17 10:27:21,38.49,32100,38.5,D
sh600584,长电科技,2025-09-17 10:27:24,38.49,17100,38.49,D
sh600584,长电科技,2025-09-17 10:27:27,38.5,15400,38.49,U
sh600584,长电科技,2025-09-17 10:27:30,38.49,6200,38.5,D
sh600584,长电科技,2025-09-17 10:27:36,38.49,66200,38.49,U
sh600584,长电科技,2025-09-17 10:27:39,38.49,96400,38.49,D
sh600584,长电科技,2025-09-17 10:27:42,38.5,45300,38.49,U
sh600584,长电科技,2025-09-17 10:27:45,38.5,22800,38.5,D
sh600584,长电科技,2025-09-17 10:27:48,38.49,9500,38.5,D
sh600584,长电科技,2025-09-17 10:27:51,38.5,26000,38.49,U
sh600584,长电科技,2025-09-17 10:27:54,38.5,19900,38.5,U
sh600584,长电科技,2025-09-17 10:27:57,38.5,14200,38.5,U
sh600584,长电科技,2025-09-17 10:28:03,38.48,19200,38.49,D
sh600584,长电科技,2025-09-17 10:28:06,38.53,155000,38.48,U
sh600584,长电科技,2025-09-17 10:28:12,38.5,9400,38.52,D
sh600584,长电科技,2025-09-17 10:28:15,38.52,6800,38.5,E
sh600584,长电科技,2025-09-17 10:28:18,38.53,9700,38.52,U
sh600584,长电科技,2025-09-17 10:28:21,38.53,6200,38.53,D
sh600584,长电科技,2025-09-17 10:28:27,38.53,5400,38.52,E
sh600584,长电科技,2025-09-17 10:28:30,38.52,10800,38.53,D
sh600584,长电科技,2025-09-17 10:28:39,38.53,14200,38.53,D
sh600584,长电科技,2025-09-17 10:28:42,38.54,8400,38.53,U
sh600584,长电科技,2025-09-17 10:28:48,38.55,8600,38.54,U
sh600584,长电科技,2025-09-17 10:28:51,38.55,16800,38.55,D
sh600584,长电科技,2025-09-17 10:28:54,38.55,7100,38.55,D
sh600584,长电科技,2025-09-17 10:29:03,38.57,7600,38.57,U
sh600584,长电科技,2025-09-17 10:29:06,38.57,14300,38.57,D
sh600584,长电科技,2025-09-17 10:29:09,38.57,20500,38.57,D
sh600584,长电科技,2025-09-17 10:29:12,38.57,15600,38.57,U
sh600584,长电科技,2025-09-17 10:29:15,38.55,24100,38.57,D
sh600584,长电科技,2025-09-17 10:29:18,38.57,19200,38.55,U
sh600584,长电科技,2025-09-17 10:29:21,38.58,8400,38.57,U
sh600584,长电科技,2025-09-17 10:29:24,38.58,12600,38.58,D
sh600584,长电科技,2025-09-17 10:29:27,38.57,31400,38.58,D
sh600584,长电科技,2025-09-17 10:29:30,38.58,8200,38.57,U
sh600584,长电科技,2025-09-17 10:29:33,38.57,6400,38.58,E
sh600584,长电科技,2025-09-17 10:29:36,38.56,9300,38.57,U
sh600584,长电科技,2025-09-17 10:29:39,38.56,8700,38.56,U
sh600584,长电科技,2025-09-17 10:29:42,38.56,7500,38.56,U
sh600584,长电科技,2025-09-17 10:29:45,38.55,15800,38.56,D
sh600584,长电科技,2025-09-17 10:29:48,38.55,8900,38.55,U
sh600584,长电科技,2025-09-17 10:29:51,38.55,28300,38.55,U
sh600584,长电科技,2025-09-17 10:29:54,38.52,52600,38.55,D
sh600584,长电科技,2025-09-17 10:30:00,38.52,5700,38.52,U
sh600584,长电科技,2025-09-17 10:30:03,38.52,11500,38.52,U
sh600584,长电科技,2025-09-17 10:30:06,38.51,16800,38.52,D
sh600584,长电科技,2025-09-17 10:30:09,38.51,6700,38.51,U
sh600584,长电科技,2025-09-17 10:30:15,38.51,16900,38.51,U
sh600584,长电科技,2025-09-17 10:30:18,38.51,8100,38.51,U
sh600584,长电科技,2025-09-17 10:30:24,38.5,12300,38.51,D
sh600584,长电科技,2025-09-17 10:30:27,38.5,8200,38.5,D
sh600584,长电科技,2025-09-17 10:30:30,38.5,7600,38.5,D
sh600584,长电科技,2025-09-17 10:30:33,38.5,8800,38.5,D
sh600584,长电科技,2025-09-17 10:30:36,38.5,5400,38.5,D
sh600584,长电科技,2025-09-17 10:30:39,38.5,6300,38.5,D
sh600584,长电科技,2025-09-17 10:30:42,38.51,17200,38.5,U
sh600584,长电科技,2025-09-17 10:30:45,38.5,9900,38.51,D
sh600584,长电科技,2025-09-17 10:30:48,38.51,32600,38.5,U
sh600584,长电科技,2025-09-17 10:30:51,38.51,10400,38.51,D
sh600584,长电科技,2025-09-17 10:30:57,38.51,11800,38.51,D
sh600584,长电科技,2025-09-17 10:31:00,38.5,17600,38.51,D
sh600584,长电科技,2025-09-17 10:31:03,38.51,10400,38.5,U
sh600584,长电科技,2025-09-17 10:31:06,38.51,8700,38.51,U
sh600584,长电科技,2025-09-17 10:31:09,38.5,14000,38.51,D
sh600584,长电科技,2025-09-17 10:31:12,38.52,21200,38.5,U
sh600584,长电科技,2025-09-17 10:31:15,38.52,24700,38.52,D
sh600584,长电科技,2025-09-17 10:31:18,38.52,7700,38.52,D
sh600584,长电科技,2025-09-17 10:31:21,38.51,13600,38.52,D
sh600584,长电科技,2025-09-17 10:31:30,38.52,28700,38.51,U
sh600584,长电科技,2025-09-17 10:31:33,38.52,7700,38.52,D
sh600584,长电科技,2025-09-17 10:31:36,38.54,6600,38.52,U
sh600584,长电科技,2025-09-17 10:31:39,38.52,5300,38.54,D
sh600584,长电科技,2025-09-17 10:31:45,38.54,23600,38.54,U
sh600584,长电科技,2025-09-17 10:31:51,38.54,9500,38.54,U
sh600584,长电科技,2025-09-17 10:31:57,38.54,12000,38.54,U
sh600584,长电科技,2025-09-17 10:32:00,38.55,8400,38.54,U
sh600584,长电科技,2025-09-17 10:32:03,38.55,7200,38.55,D
sh600584,长电科技,2025-09-17 10:32:06,38.55,8000,38.55,D
sh600584,长电科技,2025-09-17 10:32:09,38.55,9800,38.55,D
sh600584,长电科技,2025-09-17 10:32:15,38.56,6400,38.57,D
sh600584,长电科技,2025-09-17 10:32:18,38.56,14200,38.56,D
sh600584,长电科技,2025-09-17 10:32:21,38.57,18101,38.56,U
sh600584,长电科技,2025-09-17 10:32:24,38.57,10499,38.57,D
sh600584,长电科技,2025-09-17 10:32:33,38.58,6900,38.57,U
sh600584,长电科技,2025-09-17 10:32:39,38.58,7100,38.58,U
sh600584,长电科技,2025-09-17 10:32:42,38.58,11800,38.58,U
sh600584,长电科技,2025-09-17 10:32:48,38.58,5300,38.59,D
sh600584,长电科技,2025-09-17 10:32:51,38.59,6700,38.58,U
sh600584,长电科技,2025-09-17 10:33:00,38.6,9800,38.6,U
sh600584,长电科技,2025-09-17 10:33:15,38.62,16600,38.62,D
sh600584,长电科技,2025-09-17 10:33:21,38.63,5700,38.63,D
sh600584,长电科技,2025-09-17 10:33:27,38.64,20200,38.63,U
sh600584,长电科技,2025-09-17 10:33:30,38.64,13900,38.64,D
sh600584,长电科技,2025-09-17 10:33:33,38.63,54300,38.64,D
sh600584,长电科技,2025-09-17 10:33:36,38.62,9300,38.63,D
sh600584,长电科技,2025-09-17 10:33:39,38.61,53300,38.62,D
sh600584,长电科技,2025-09-17 10:33:42,38.6,12300,38.61,D
sh600584,长电科技,2025-09-17 10:33:48,38.61,10600,38.62,D
sh600584,长电科技,2025-09-17 10:33:51,38.61,6500,38.61,D
sh600584,长电科技,2025-09-17 10:33:54,38.61,6900,38.61,D
sh600584,长电科技,2025-09-17 10:34:00,38.62,20300,38.61,U
sh600584,长电科技,2025-09-17 10:34:03,38.61,11000,38.62,D
sh600584,长电科技,2025-09-17 10:34:06,38.61,9300,38.61,U
sh600584,长电科技,2025-09-17 10:34:15,38.62,18100,38.62,D
sh600584,长电科技,2025-09-17 10:34:21,38.62,5700,38.63,D
sh600584,长电科技,2025-09-17 10:34:24,38.61,23100,38.62,D
sh600584,长电科技,2025-09-17 10:34:27,38.62,28900,38.61,U
sh600584,长电科技,2025-09-17 10:34:30,38.61,12600,38.62,E
sh600584,长电科技,2025-09-17 10:34:36,38.6,9300,38.61,D
sh600584,长电科技,2025-09-17 10:34:48,38.6,12100,38.6,U
sh600584,长电科技,2025-09-17 10:34:51,38.59,5300,38.6,D
sh600584,长电科技,2025-09-17 10:34:54,38.59,5400,38.59,D
sh600584,长电科技,2025-09-17 10:34:57,38.59,5800,38.59,D
sh600584,长电科技,2025-09-17 10:35:00,38.58,17100,38.59,D
sh600584,长电科技,2025-09-17 10:35:03,38.57,37000,38.58,D
sh600584,长电科技,2025-09-17 10:35:06,38.59,11800,38.57,U
sh600584,长电科技,2025-09-17 10:35:09,38.56,7300,38.59,D
sh600584,长电科技,2025-09-17 10:35:12,38.57,16800,38.56,U
sh600584,长电科技,2025-09-17 10:35:24,38.56,11000,38.57,D
sh600584,长电科技,2025-09-17 10:35:27,38.55,8800,38.56,D
sh600584,长电科技,2025-09-17 10:35:33,38.55,8300,38.55,D
sh600584,长电科技,2025-09-17 10:35:39,38.55,12200,38.55,D
sh600584,长电科技,2025-09-17 10:35:48,38.55,11600,38.55,D
sh600584,长电科技,2025-09-17 10:35:51,38.55,15399,38.55,D
sh600584,长电科技,2025-09-17 10:36:03,38.55,8400,38.53,U
sh600584,长电科技,2025-09-17 10:36:09,38.53,6600,38.53,D
sh600584,长电科技,2025-09-17 10:36:12,38.53,5400,38.53,D
sh600584,长电科技,2025-09-17 10:36:15,38.53,10700,38.53,D
sh600584,长电科技,2025-09-17 10:36:24,38.53,16300,38.53,U
sh600584,长电科技,2025-09-17 10:36:30,38.52,13500,38.52,D
sh600584,长电科技,2025-09-17 10:36:33,38.53,11800,38.52,U
sh600584,长电科技,2025-09-17 10:36:42,38.54,7300,38.53,U
sh600584,长电科技,2025-09-17 10:36:45,38.52,11100,38.54,D
sh600584,长电科技,2025-09-17 10:36:54,38.53,7601,38.53,U
sh600584,长电科技,2025-09-17 10:36:57,38.52,7200,38.53,D
sh600584,长电科技,2025-09-17 10:37:09,38.53,6200,38.53,D
sh600584,长电科技,2025-09-17 10:37:21,38.52,6000,38.53,D
sh600584,长电科技,2025-09-17 10:37:24,38.53,16200,38.52,U
sh600584,长电科技,2025-09-17 10:37:27,38.52,5200,38.53,D
sh600584,长电科技,2025-09-17 10:37:30,38.52,6300,38.52,D
sh600584,长电科技,2025-09-17 10:37:39,38.52,12200,38.52,D
sh600584,长电科技,2025-09-17 10:38:00,38.55,45900,38.53,U
sh600584,长电科技,2025-09-17 10:38:03,38.52,8100,38.55,D
sh600584,长电科技,2025-09-17 10:38:09,38.53,5200,38.54,D
sh600584,长电科技,2025-09-17 10:38:18,38.55,10800,38.54,U
sh600584,长电科技,2025-09-17 10:38:24,38.55,12200,38.54,U
sh600584,长电科技,2025-09-17 10:38:27,38.55,5600,38.55,U
sh600584,长电科技,2025-09-17 10:38:30,38.55,5200,38.55,U
sh600584,长电科技,2025-09-17 10:38:33,38.55,5500,38.55,U
sh600584,长电科技,2025-09-17 10:38:36,38.55,14600,38.55,U
sh600584,长电科技,2025-09-17 10:38:39,38.54,20100,38.55,D
sh600584,长电科技,2025-09-17 10:38:42,38.55,5900,38.54,U
sh600584,长电科技,2025-09-17 10:38:45,38.54,9400,38.55,D
sh600584,长电科技,2025-09-17 10:38:51,38.54,16600,38.54,U
sh600584,长电科技,2025-09-17 10:38:57,38.55,6400,38.55,U
sh600584,长电科技,2025-09-17 10:39:00,38.54,17000,38.55,D
sh600584,长电科技,2025-09-17 10:39:03,38.53,5700,38.54,D
sh600584,长电科技,2025-09-17 10:39:06,38.53,14700,38.53,D
sh600584,长电科技,2025-09-17 10:39:12,38.54,47900,38.53,U
sh600584,长电科技,2025-09-17 10:39:15,38.57,16200,38.54,U
sh600584,长电科技,2025-09-17 10:39:18,38.54,8095,38.57,D
sh600584,长电科技,2025-09-17 10:39:24,38.54,17200,38.55,D
sh600584,长电科技,2025-09-17 10:39:33,38.58,19200,38.58,U
sh600584,长电科技,2025-09-17 10:39:36,38.58,27300,38.58,U
sh600584,长电科技,2025-09-17 10:39:39,38.59,11500,38.58,U
sh600584,长电科技,2025-09-17 10:39:48,38.6,8500,38.59,U
sh600584,长电科技,2025-09-17 10:39:57,38.6,11200,38.6,U
sh600584,长电科技,2025-09-17 10:40:03,38.58,27500,38.6,D
sh600584,长电科技,2025-09-17 10:40:06,38.6,10400,38.58,U
sh600584,长电科技,2025-09-17 10:40:12,38.59,8200,38.59,U
sh600584,长电科技,2025-09-17 10:40:15,38.59,6000,38.59,E
sh600584,长电科技,2025-09-17 10:40:18,38.59,7500,38.59,U
sh600584,长电科技,2025-09-17 10:40:24,38.59,8200,38.59,D
sh600584,长电科技,2025-09-17 10:40:27,38.59,10900,38.59,D
sh600584,长电科技,2025-09-17 10:40:33,38.58,5400,38.58,D
sh600584,长电科技,2025-09-17 10:40:36,38.58,16900,38.58,D
sh600584,长电科技,2025-09-17 10:40:39,38.58,10500,38.58,D
sh600584,长电科技,2025-09-17 10:40:48,38.56,5200,38.56,D
sh600584,长电科技,2025-09-17 10:40:54,38.56,6900,38.56,D
sh600584,长电科技,2025-09-17 10:41:00,38.55,7200,38.56,D
sh600584,长电科技,2025-09-17 10:41:03,38.55,9200,38.55,D
sh600584,长电科技,2025-09-17 10:41:06,38.54,6300,38.55,D
sh600584,长电科技,2025-09-17 10:41:09,38.55,6200,38.54,U
sh600584,长电科技,2025-09-17 10:41:15,38.54,9100,38.54,U
sh600584,长电科技,2025-09-17 10:41:18,38.53,18200,38.54,D
sh600584,长电科技,2025-09-17 10:41:33,38.52,8700,38.52,D
sh600584,长电科技,2025-09-17 10:41:36,38.52,7600,38.52,D
sh600584,长电科技,2025-09-17 10:41:42,38.52,7200,38.52,D
sh600584,长电科技,2025-09-17 10:41:45,38.53,30099,38.52,U
sh600584,长电科技,2025-09-17 10:41:51,38.52,5400,38.52,U
sh600584,长电科技,2025-09-17 10:41:54,38.52,6600,38.52,U
sh600584,长电科技,2025-09-17 10:41:57,38.52,15000,38.52,D
sh600584,长电科技,2025-09-17 10:42:03,38.52,6200,38.52,D
sh600584,长电科技,2025-09-17 10:42:06,38.52,8300,38.52,D
sh600584,长电科技,2025-09-17 10:42:09,38.54,9201,38.52,U
sh600584,长电科技,2025-09-17 10:42:30,38.53,7100,38.53,D
sh600584,长电科技,2025-09-17 10:42:33,38.53,7400,38.53,D
sh600584,长电科技,2025-09-17 10:42:36,38.53,5600,38.53,D
sh600584,长电科技,2025-09-17 10:42:39,38.54,10500,38.53,U
sh600584,长电科技,2025-09-17 10:42:45,38.54,11700,38.54,D
sh600584,长电科技,2025-09-17 10:42:48,38.54,8800,38.54,D
sh600584,长电科技,2025-09-17 10:42:51,38.53,7000,38.54,D
sh600584,长电科技,2025-09-17 10:43:00,38.53,9300,38.54,D
sh600584,长电科技,2025-09-17 10:43:06,38.53,8200,38.53,D
sh600584,长电科技,2025-09-17 10:43:12,38.54,8300,38.55,U
sh600584,长电科技,2025-09-17 10:43:15,38.52,27699,38.54,D
sh600584,长电科技,2025-09-17 10:43:18,38.52,6200,38.52,D
sh600584,长电科技,2025-09-17 10:43:21,38.52,6200,38.52,D
sh600584,长电科技,2025-09-17 10:43:24,38.53,9500,38.52,U
sh600584,长电科技,2025-09-17 10:43:36,38.52,16500,38.53,D
sh600584,长电科技,2025-09-17 10:43:39,38.51,63000,38.52,D
sh600584,长电科技,2025-09-17 10:43:42,38.51,9900,38.51,D
sh600584,长电科技,2025-09-17 10:43:48,38.52,9000,38.52,U
sh600584,长电科技,2025-09-17 10:43:51,38.52,8000,38.52,U
sh600584,长电科技,2025-09-17 10:43:54,38.52,7400,38.52,U
sh600584,长电科技,2025-09-17 10:43:57,38.51,7500,38.52,D
sh600584,长电科技,2025-09-17 10:44:00,38.51,5400,38.51,D
sh600584,长电科技,2025-09-17 10:44:03,38.51,11500,38.51,D
sh600584,长电科技,2025-09-17 10:44:09,38.51,56200,38.51,D
sh600584,长电科技,2025-09-17 10:44:12,38.51,6900,38.51,D
sh600584,长电科技,2025-09-17 10:44:15,38.51,15900,38.51,U
sh600584,长电科技,2025-09-17 10:44:18,38.51,7400,38.51,U
sh600584,长电科技,2025-09-17 10:44:21,38.5,59700,38.51,D
sh600584,长电科技,2025-09-17 10:44:24,38.5,9100,38.5,D
sh600584,长电科技,2025-09-17 10:44:27,38.5,5300,38.5,D
sh600584,长电科技,2025-09-17 10:44:30,38.51,11500,38.5,U
sh600584,长电科技,2025-09-17 10:44:33,38.5,37100,38.51,D
sh600584,长电科技,2025-09-17 10:44:36,38.51,16300,38.5,U
sh600584,长电科技,2025-09-17 10:44:39,38.51,8400,38.51,D
sh600584,长电科技,2025-09-17 10:44:42,38.51,5700,38.51,D
sh600584,长电科技,2025-09-17 10:44:48,38.5,6700,38.51,D
sh600584,长电科技,2025-09-17 10:44:51,38.5,23700,38.5,D
sh600584,长电科技,2025-09-17 10:44:54,38.51,23900,38.5,U
sh600584,长电科技,2025-09-17 10:44:57,38.51,6700,38.51,D
sh600584,长电科技,2025-09-17 10:45:00,38.51,7100,38.51,D
sh600584,长电科技,2025-09-17 10:45:09,38.51,5200,38.51,D
sh600584,长电科技,2025-09-17 10:45:18,38.51,5200,38.51,U
sh600584,长电科技,2025-09-17 10:45:21,38.51,11300,38.51,U
sh600584,长电科技,2025-09-17 10:45:27,38.51,7900,38.51,D
sh600584,长电科技,2025-09-17 10:45:30,38.51,14000,38.51,U
sh600584,长电科技,2025-09-17 10:45:42,38.52,8000,38.52,D
sh600584,长电科技,2025-09-17 10:46:15,38.53,10200,38.53,U
sh600584,长电科技,2025-09-17 10:46:18,38.52,25400,38.53,D
sh600584,长电科技,2025-09-17 10:46:36,38.53,9200,38.54,D
sh600584,长电科技,2025-09-17 10:46:39,38.55,6200,38.53,U
sh600584,长电科技,2025-09-17 10:46:42,38.55,6100,38.55,D
sh600584,长电科技,2025-09-17 10:46:57,38.55,8800,38.55,U
sh600584,长电科技,2025-09-17 10:47:09,38.56,16200,38.55,U
sh600584,长电科技,2025-09-17 10:47:18,38.55,10400,38.56,D
sh600584,长电科技,2025-09-17 10:47:27,38.55,17800,38.54,U
sh600584,长电科技,2025-09-17 10:47:39,38.57,5800,38.56,U
sh600584,长电科技,2025-09-17 10:47:42,38.58,25200,38.57,U
sh600584,长电科技,2025-09-17 10:47:51,38.6,26100,38.59,U
sh600584,长电科技,2025-09-17 10:48:06,38.6,9700,38.61,D
sh600584,长电科技,2025-09-17 10:48:09,38.61,11100,38.6,U
sh600584,长电科技,2025-09-17 10:48:12,38.61,5900,38.61,D
sh600584,长电科技,2025-09-17 10:48:15,38.61,8200,38.61,U
sh600584,长电科技,2025-09-17 10:48:27,38.62,12300,38.62,U
sh600584,长电科技,2025-09-17 10:48:30,38.63,6300,38.62,U
sh600584,长电科技,2025-09-17 10:48:33,38.63,8900,38.63,U
sh600584,长电科技,2025-09-17 10:48:39,38.63,8900,38.63,U
sh600584,长电科技,2025-09-17 10:48:51,38.65,6900,38.64,U
sh600584,长电科技,2025-09-17 10:48:57,38.64,13900,38.65,D
sh600584,长电科技,2025-09-17 10:49:09,38.65,10700,38.66,D
sh600584,长电科技,2025-09-17 10:49:18,38.64,23200,38.65,D
sh600584,长电科技,2025-09-17 10:49:24,38.62,14900,38.65,D
sh600584,长电科技,2025-09-17 10:49:30,38.63,14500,38.62,U
sh600584,长电科技,2025-09-17 10:50:00,38.62,11200,38.62,U
sh600584,长电科技,2025-09-17 10:50:15,38.62,9500,38.61,U
sh600584,长电科技,2025-09-17 10:50:18,38.62,10400,38.62,D
sh600584,长电科技,2025-09-17 10:50:21,38.61,7900,38.62,D
sh600584,长电科技,2025-09-17 10:50:30,38.61,5600,38.61,U
sh600584,长电科技,2025-09-17 10:50:36,38.61,6900,38.61,D
sh600584,长电科技,2025-09-17 10:50:42,38.6,7500,38.61,D
sh600584,长电科技,2025-09-17 10:51:03,38.62,10400,38.61,U
sh600584,长电科技,2025-09-17 10:51:06,38.63,13000,38.62,U
sh600584,长电科技,2025-09-17 10:51:09,38.65,8800,38.63,U
sh600584,长电科技,2025-09-17 10:51:12,38.65,7400,38.65,U
sh600584,长电科技,2025-09-17 10:51:18,38.65,5200,38.65,U
sh600584,长电科技,2025-09-17 10:51:24,38.67,24500,38.65,U
sh600584,长电科技,2025-09-17 10:51:54,38.69,11200,38.68,U
sh600584,长电科技,2025-09-17 10:52:06,38.66,62300,38.7,D
sh600584,长电科技,2025-09-17 10:52:09,38.65,24200,38.66,D
sh600584,长电科技,2025-09-17 10:52:24,38.65,8500,38.66,D
sh600584,长电科技,2025-09-17 10:52:30,38.64,12500,38.65,D
sh600584,长电科技,2025-09-17 10:52:45,38.66,8300,38.65,E
sh600584,长电科技,2025-09-17 10:52:48,38.67,11100,38.66,U
sh600584,长电科技,2025-09-17 10:53:03,38.65,30000,38.67,D
sh600584,长电科技,2025-09-17 10:53:15,38.63,10000,38.62,E
sh600584,长电科技,2025-09-17 10:53:21,38.62,33100,38.61,U
sh600584,长电科技,2025-09-17 10:53:33,38.59,32100,38.6,D
sh600584,长电科技,2025-09-17 10:53:45,38.58,34200,38.58,D
sh600584,长电科技,2025-09-17 10:53:54,38.58,11700,38.6,D
sh600584,长电科技,2025-09-17 10:53:57,38.59,8100,38.58,U
sh600584,长电科技,2025-09-17 10:54:03,38.62,14232,38.59,U
sh600584,长电科技,2025-09-17 10:54:27,38.59,50800,38.64,D
sh600584,长电科技,2025-09-17 10:54:30,38.65,8600,38.59,U
sh600584,长电科技,2025-09-17 10:54:42,38.62,5900,38.62,D
sh600584,长电科技,2025-09-17 10:54:45,38.65,17600,38.62,U
sh600584,长电科技,2025-09-17 10:54:54,38.65,20900,38.64,U
sh600584,长电科技,2025-09-17 10:55:12,38.64,6000,38.65,D
sh600584,长电科技,2025-09-17 10:55:21,38.63,25100,38.64,D
sh600584,长电科技,2025-09-17 10:55:24,38.64,9600,38.63,U
sh600584,长电科技,2025-09-17 10:55:27,38.62,6600,38.64,D
sh600584,长电科技,2025-09-17 10:55:48,38.61,6900,38.6,U
sh600584,长电科技,2025-09-17 10:55:51,38.62,7300,38.61,U
sh600584,长电科技,2025-09-17 10:56:06,38.62,6200,38.62,U
sh600584,长电科技,2025-09-17 10:56:12,38.62,6800,38.61,U
sh600584,长电科技,2025-09-17 10:56:15,38.62,20900,38.62,U
sh600584,长电科技,2025-09-17 10:56:21,38.6,5200,38.61,D
sh600584,长电科技,2025-09-17 10:56:27,38.61,5600,38.61,U
sh600584,长电科技,2025-09-17 10:56:39,38.61,11700,38.61,D
sh600584,长电科技,2025-09-17 10:56:45,38.6,15300,38.61,D
sh600584,长电科技,2025-09-17 10:56:51,38.61,10100,38.61,U
sh600584,长电科技,2025-09-17 10:57:03,38.6,6300,38.6,D
sh600584,长电科技,2025-09-17 10:57:15,38.58,36100,38.6,D
sh600584,长电科技,2025-09-17 10:57:39,38.57,12400,38.57,D
sh600584,长电科技,2025-09-17 10:57:45,38.57,7700,38.57,D
sh600584,长电科技,2025-09-17 10:57:51,38.58,26300,38.58,U
sh600584,长电科技,2025-09-17 10:58:00,38.57,7900,38.57,U
sh600584,长电科技,2025-09-17 10:58:06,38.57,6300,38.56,U
sh600584,长电科技,2025-09-17 10:58:09,38.57,13000,38.57,D
sh600584,长电科技,2025-09-17 10:58:12,38.56,7300,38.57,D
sh600584,长电科技,2025-09-17 10:58:18,38.57,7700,38.58,D
sh600584,长电科技,2025-09-17 10:58:27,38.57,5300,38.57,D
sh600584,长电科技,2025-09-17 10:58:33,38.57,7600,38.57,D
sh600584,长电科技,2025-09-17 10:58:39,38.57,6200,38.57,U
sh600584,长电科技,2025-09-17 10:58:42,38.56,19400,38.57,D
sh600584,长电科技,2025-09-17 10:58:48,38.56,49000,38.56,U
sh600584,长电科技,2025-09-17 10:59:00,38.55,25300,38.54,U
sh600584,长电科技,2025-09-17 10:59:03,38.59,32200,38.55,U
sh600584,长电科技,2025-09-17 10:59:06,38.58,5300,38.59,D
sh600584,长电科技,2025-09-17 10:59:12,38.6,56900,38.59,U
sh600584,长电科技,2025-09-17 10:59:33,38.6,6100,38.6,U
sh600584,长电科技,2025-09-17 10:59:45,38.59,8100,38.6,D
sh600584,长电科技,2025-09-17 10:59:51,38.6,14300,38.59,U
sh600584,长电科技,2025-09-17 11:00:15,38.6,5800,38.59,U
sh600584,长电科技,2025-09-17 11:00:27,38.59,12100,38.59,D
sh600584,长电科技,2025-09-17 11:00:30,38.59,5300,38.59,U
sh600584,长电科技,2025-09-17 11:00:39,38.59,5800,38.6,D
sh600584,长电科技,2025-09-17 11:00:45,38.58,9200,38.59,D
sh600584,长电科技,2025-09-17 11:00:48,38.58,11000,38.58,D
sh600584,长电科技,2025-09-17 11:00:57,38.59,8100,38.58,U
sh600584,长电科技,2025-09-17 11:01:03,38.58,6600,38.59,D
sh600584,长电科技,2025-09-17 11:01:36,38.58,7700,38.59,D
sh600584,长电科技,2025-09-17 11:01:45,38.58,11100,38.58,D
sh600584,长电科技,2025-09-17 11:01:51,38.59,5600,38.58,U
sh600584,长电科技,2025-09-17 11:02:03,38.6,19700,38.6,U
sh600584,长电科技,2025-09-17 11:02:15,38.57,43900,38.58,D
sh600584,长电科技,2025-09-17 11:02:24,38.57,5400,38.57,D
sh600584,长电科技,2025-09-17 11:02:27,38.57,10800,38.57,D
sh600584,长电科技,2025-09-17 11:02:30,38.58,7400,38.57,U
sh600584,长电科技,2025-09-17 11:02:33,38.56,8800,38.58,D
sh600584,长电科技,2025-09-17 11:02:42,38.56,14700,38.56,U
sh600584,长电科技,2025-09-17 11:02:51,38.54,11300,38.54,D
sh600584,长电科技,2025-09-17 11:03:03,38.55,23800,38.54,U
sh600584,长电科技,2025-09-17 11:03:06,38.55,16100,38.55,D
sh600584,长电科技,2025-09-17 11:03:18,38.56,10300,38.55,U
sh600584,长电科技,2025-09-17 11:03:33,38.56,7200,38.55,U
sh600584,长电科技,2025-09-17 11:03:39,38.55,5900,38.55,D
sh600584,长电科技,2025-09-17 11:03:45,38.55,12600,38.55,D
sh600584,长电科技,2025-09-17 11:03:48,38.55,6700,38.55,U
sh600584,长电科技,2025-09-17 11:03:57,38.55,12100,38.55,U
sh600584,长电科技,2025-09-17 11:04:03,38.55,11900,38.55,U
sh600584,长电科技,2025-09-17 11:04:12,38.56,50300,38.55,U
sh600584,长电科技,2025-09-17 11:04:27,38.55,9800,38.55,D
sh600584,长电科技,2025-09-17 11:04:30,38.55,10200,38.55,D
sh600584,长电科技,2025-09-17 11:04:36,38.6,11700,38.57,U
sh600584,长电科技,2025-09-17 11:04:39,38.6,37000,38.6,U
sh600584,长电科技,2025-09-17 11:04:45,38.62,28300,38.6,U
sh600584,长电科技,2025-09-17 11:05:00,38.65,6800,38.66,D
sh600584,长电科技,2025-09-17 11:05:06,38.64,53400,38.65,D
sh600584,长电科技,2025-09-17 11:05:12,38.66,8500,38.66,U
sh600584,长电科技,2025-09-17 11:05:33,38.67,7300,38.67,D
sh600584,长电科技,2025-09-17 11:05:39,38.67,11600,38.68,D
sh600584,长电科技,2025-09-17 11:05:51,38.68,14500,38.67,U
sh600584,长电科技,2025-09-17 11:06:03,38.69,5700,38.68,U
sh600584,长电科技,2025-09-17 11:06:12,38.69,20400,38.69,U
sh600584,长电科技,2025-09-17 11:06:21,38.69,14400,38.7,E
sh600584,长电科技,2025-09-17 11:06:24,38.65,9600,38.69,D
sh600584,长电科技,2025-09-17 11:06:27,38.67,31100,38.65,U
sh600584,长电科技,2025-09-17 11:06:36,38.67,7400,38.69,D
sh600584,长电科技,2025-09-17 11:06:45,38.67,10000,38.68,D
sh600584,长电科技,2025-09-17 11:06:54,38.66,5700,38.68,D
sh600584,长电科技,2025-09-17 11:07:00,38.66,8700,38.67,D
sh600584,长电科技,2025-09-17 11:07:06,38.67,6000,38.67,U
sh600584,长电科技,2025-09-17 11:07:15,38.66,6300,38.66,D
sh600584,长电科技,2025-09-17 11:07:18,38.67,7300,38.66,U
sh600584,长电科技,2025-09-17 11:07:21,38.66,6600,38.67,D
sh600584,长电科技,2025-09-17 11:07:30,38.66,5700,38.66,D
sh600584,长电科技,2025-09-17 11:07:33,38.66,8000,38.66,D
sh600584,长电科技,2025-09-17 11:07:36,38.66,20100,38.66,D
sh600584,长电科技,2025-09-17 11:07:45,38.66,12800,38.66,U
sh600584,长电科技,2025-09-17 11:07:48,38.65,7900,38.66,D
sh600584,长电科技,2025-09-17 11:08:00,38.66,7400,38.65,U
sh600584,长电科技,2025-09-17 11:08:06,38.65,6900,38.65,U
sh600584,长电科技,2025-09-17 11:08:09,38.65,5600,38.65,U
sh600584,长电科技,2025-09-17 11:08:21,38.65,10000,38.64,U
sh600584,长电科技,2025-09-17 11:08:30,38.64,7300,38.65,U
sh600584,长电科技,2025-09-17 11:08:36,38.62,8400,38.64,D
sh600584,长电科技,2025-09-17 11:08:42,38.61,15600,38.62,D
sh600584,长电科技,2025-09-17 11:08:51,38.62,11400,38.62,D
sh600584,长电科技,2025-09-17 11:09:12,38.6,5200,38.61,D
sh600584,长电科技,2025-09-17 11:09:42,38.6,13800,38.61,D
sh600584,长电科技,2025-09-17 11:09:51,38.59,14600,38.6,D
sh600584,长电科技,2025-09-17 11:10:00,38.59,6200,38.59,D
sh600584,长电科技,2025-09-17 11:10:27,38.6,17900,38.59,U
sh600584,长电科技,2025-09-17 11:10:30,38.59,8500,38.6,D
sh600584,长电科技,2025-09-17 11:10:33,38.6,8800,38.59,U
sh600584,长电科技,2025-09-17 11:10:42,38.6,13600,38.6,D
sh600584,长电科技,2025-09-17 11:11:06,38.6,11900,38.6,D
sh600584,长电科技,2025-09-17 11:11:15,38.59,13600,38.59,D
sh600584,长电科技,2025-09-17 11:11:18,38.59,6500,38.59,U
sh600584,长电科技,2025-09-17 11:11:21,38.6,16200,38.59,U
sh600584,长电科技,2025-09-17 11:11:24,38.6,8400,38.6,U
sh600584,长电科技,2025-09-17 11:11:36,38.59,7800,38.59,D
sh600584,长电科技,2025-09-17 11:11:39,38.59,5600,38.59,U
sh600584,长电科技,2025-09-17 11:11:51,38.58,9900,38.58,D
sh600584,长电科技,2025-09-17 11:11:54,38.58,6300,38.58,D
sh600584,长电科技,2025-09-17 11:11:57,38.57,10400,38.58,D
sh600584,长电科技,2025-09-17 11:12:06,38.57,19700,38.57,D
sh600584,长电科技,2025-09-17 11:12:09,38.55,20000,38.57,D
sh600584,长电科技,2025-09-17 11:12:24,38.55,11700,38.56,D
sh600584,长电科技,2025-09-17 11:12:27,38.55,29700,38.55,D
sh600584,长电科技,2025-09-17 11:12:39,38.54,5900,38.54,D
sh600584,长电科技,2025-09-17 11:12:45,38.55,6900,38.55,U
sh600584,长电科技,2025-09-17 11:12:48,38.54,8700,38.55,D
sh600584,长电科技,2025-09-17 11:12:57,38.54,6900,38.54,U
sh600584,长电科技,2025-09-17 11:13:03,38.54,6800,38.53,U
sh600584,长电科技,2025-09-17 11:13:06,38.56,62600,38.54,U
sh600584,长电科技,2025-09-17 11:13:12,38.58,18300,38.57,U
sh600584,长电科技,2025-09-17 11:13:15,38.57,5800,38.58,D
sh600584,长电科技,2025-09-17 11:13:18,38.58,12000,38.57,U
sh600584,长电科技,2025-09-17 11:13:21,38.59,7100,38.58,U
sh600584,长电科技,2025-09-17 11:13:45,38.59,5400,38.58,U
sh600584,长电科技,2025-09-17 11:13:54,38.59,15400,38.58,U
sh600584,长电科技,2025-09-17 11:14:03,38.58,16300,38.59,D
sh600584,长电科技,2025-09-17 11:14:21,38.6,20400,38.6,U
sh600584,长电科技,2025-09-17 11:14:24,38.6,19800,38.6,D
sh600584,长电科技,2025-09-17 11:14:39,38.62,31800,38.62,U
sh600584,长电科技,2025-09-17 11:14:48,38.66,42000,38.6,U
sh600584,长电科技,2025-09-17 11:14:51,38.64,11800,38.66,D
sh600584,长电科技,2025-09-17 11:15:18,38.64,7800,38.65,U
sh600584,长电科技,2025-09-17 11:15:27,38.62,6000,38.64,D
sh600584,长电科技,2025-09-17 11:15:39,38.65,22600,38.62,U
sh600584,长电科技,2025-09-17 11:15:42,38.65,5200,38.65,D
sh600584,长电科技,2025-09-17 11:15:54,38.61,9300,38.64,D
sh600584,长电科技,2025-09-17 11:16:06,38.61,7500,38.6,U
sh600584,长电科技,2025-09-17 11:16:12,38.61,6300,38.61,U
sh600584,长电科技,2025-09-17 11:16:15,38.6,7300,38.61,D
sh600584,长电科技,2025-09-17 11:16:21,38.61,33000,38.6,U
sh600584,长电科技,2025-09-17 11:16:54,38.61,9500,38.6,U
sh600584,长电科技,2025-09-17 11:17:09,38.64,5200,38.62,U
sh600584,长电科技,2025-09-17 11:17:21,38.64,12500,38.64,U
sh600584,长电科技,2025-09-17 11:17:27,38.63,5200,38.63,U
sh600584,长电科技,2025-09-17 11:17:33,38.63,5800,38.63,D
sh600584,长电科技,2025-09-17 11:17:36,38.63,16500,38.63,D
sh600584,长电科技,2025-09-17 11:17:51,38.62,7100,38.63,D
sh600584,长电科技,2025-09-17 11:17:54,38.63,39500,38.62,U
sh600584,长电科技,2025-09-17 11:17:57,38.65,57100,38.63,U
sh600584,长电科技,2025-09-17 11:18:00,38.67,9200,38.65,U
sh600584,长电科技,2025-09-17 11:18:03,38.68,28800,38.67,U
sh600584,长电科技,2025-09-17 11:18:09,38.68,5900,38.68,U
sh600584,长电科技,2025-09-17 11:18:12,38.69,13000,38.68,U
sh600584,长电科技,2025-09-17 11:18:15,38.68,25600,38.69,D
sh600584,长电科技,2025-09-17 11:18:18,38.71,72000,38.68,U
sh600584,长电科技,2025-09-17 11:18:21,38.71,7200,38.71,U
sh600584,长电科技,2025-09-17 11:18:27,38.71,22700,38.71,U
sh600584,长电科技,2025-09-17 11:18:36,38.75,15400,38.72,U
sh600584,长电科技,2025-09-17 11:18:39,38.77,24400,38.75,U
sh600584,长电科技,2025-09-17 11:18:42,38.77,5300,38.77,U
sh600584,长电科技,2025-09-17 11:18:45,38.78,10600,38.77,U
sh600584,长电科技,2025-09-17 11:18:48,38.77,29500,38.78,D
sh600584,长电科技,2025-09-17 11:18:51,38.78,12600,38.77,E
sh600584,长电科技,2025-09-17 11:18:54,38.78,5500,38.78,D
sh600584,长电科技,2025-09-17 11:19:00,38.8,12300,38.79,U
sh600584,长电科技,2025-09-17 11:19:03,38.79,12100,38.8,D
sh600584,长电科技,2025-09-17 11:19:06,38.79,13600,38.79,D
sh600584,长电科技,2025-09-17 11:19:09,38.8,22100,38.79,U
sh600584,长电科技,2025-09-17 11:19:12,38.81,7400,38.8,U
sh600584,长电科技,2025-09-17 11:19:15,38.8,11400,38.81,D
sh600584,长电科技,2025-09-17 11:19:18,38.81,31300,38.8,U
sh600584,长电科技,2025-09-17 11:19:21,38.81,8400,38.81,U
sh600584,长电科技,2025-09-17 11:19:24,38.81,79300,38.81,E
sh600584,长电科技,2025-09-17 11:19:27,38.8,6300,38.81,E
sh600584,长电科技,2025-09-17 11:19:30,38.8,15600,38.8,U
sh600584,长电科技,2025-09-17 11:19:33,38.8,7500,38.8,U
sh600584,长电科技,2025-09-17 11:19:36,38.82,32900,38.8,U
sh600584,长电科技,2025-09-17 11:19:39,38.81,5700,38.82,D
sh600584,长电科技,2025-09-17 11:19:42,38.82,28900,38.81,U
sh600584,长电科技,2025-09-17 11:19:45,38.81,16800,38.82,E
sh600584,长电科技,2025-09-17 11:19:48,38.81,30800,38.81,U
sh600584,长电科技,2025-09-17 11:19:51,38.8,9100,38.81,E
sh600584,长电科技,2025-09-17 11:19:57,38.81,8800,38.81,U
sh600584,长电科技,2025-09-17 11:20:00,38.8,18300,38.81,E
sh600584,长电科技,2025-09-17 11:20:03,38.8,12200,38.8,U
sh600584,长电科技,2025-09-17 11:20:09,38.8,7100,38.8,U
sh600584,长电科技,2025-09-17 11:20:15,38.78,16900,38.78,D
sh600584,长电科技,2025-09-17 11:20:21,38.78,8400,38.79,D
sh600584,长电科技,2025-09-17 11:20:30,38.78,21800,38.75,U
sh600584,长电科技,2025-09-17 11:20:39,38.75,11100,38.76,D
sh600584,长电科技,2025-09-17 11:20:45,38.75,10000,38.76,D
sh600584,长电科技,2025-09-17 11:20:51,38.75,6000,38.75,D
sh600584,长电科技,2025-09-17 11:20:54,38.75,10800,38.75,D
sh600584,长电科技,2025-09-17 11:21:00,38.76,6300,38.75,U
sh600584,长电科技,2025-09-17 11:21:06,38.77,11400,38.76,U
sh600584,长电科技,2025-09-17 11:21:09,38.76,5400,38.77,D
sh600584,长电科技,2025-09-17 11:21:12,38.76,6700,38.76,D
sh600584,长电科技,2025-09-17 11:21:18,38.76,5300,38.76,D
sh600584,长电科技,2025-09-17 11:21:24,38.79,54800,38.78,U
sh600584,长电科技,2025-09-17 11:21:33,38.78,5500,38.78,U
sh600584,长电科技,2025-09-17 11:21:36,38.79,7300,38.78,U
sh600584,长电科技,2025-09-17 11:21:48,38.79,9400,38.78,U
sh600584,长电科技,2025-09-17 11:21:54,38.79,9500,38.79,D
sh600584,长电科技,2025-09-17 11:21:57,38.79,11900,38.79,U
sh600584,长电科技,2025-09-17 11:22:03,38.79,7300,38.78,U
sh600584,长电科技,2025-09-17 11:22:09,38.79,9600,38.79,D
sh600584,长电科技,2025-09-17 11:22:12,38.79,8400,38.79,D
sh600584,长电科技,2025-09-17 11:22:18,38.8,5200,38.79,U
sh600584,长电科技,2025-09-17 11:22:24,38.8,17700,38.79,U
sh600584,长电科技,2025-09-17 11:22:27,38.8,43300,38.8,U
sh600584,长电科技,2025-09-17 11:22:30,38.81,11500,38.8,U
sh600584,长电科技,2025-09-17 11:22:33,38.81,7900,38.81,D
sh600584,长电科技,2025-09-17 11:22:36,38.82,5200,38.81,U
sh600584,长电科技,2025-09-17 11:22:42,38.81,9000,38.81,U
sh600584,长电科技,2025-09-17 11:22:45,38.81,10600,38.81,U
sh600584,长电科技,2025-09-17 11:22:48,38.81,13900,38.81,D
sh600584,长电科技,2025-09-17 11:22:51,38.82,37400,38.81,U
sh600584,长电科技,2025-09-17 11:22:54,38.83,15900,38.82,U
sh600584,长电科技,2025-09-17 11:23:00,38.83,10700,38.82,U
sh600584,长电科技,2025-09-17 11:23:03,38.82,9600,38.83,E
sh600584,长电科技,2025-09-17 11:23:09,38.83,13900,38.83,D
sh600584,长电科技,2025-09-17 11:23:12,38.83,9700,38.83,U
sh600584,长电科技,2025-09-17 11:23:15,38.84,12700,38.83,U
sh600584,长电科技,2025-09-17 11:23:18,38.84,6000,38.84,D
sh600584,长电科技,2025-09-17 11:23:21,38.84,7400,38.84,D
sh600584,长电科技,2025-09-17 11:23:24,38.85,20900,38.84,U
sh600584,长电科技,2025-09-17 11:23:27,38.84,27200,38.85,D
sh600584,长电科技,2025-09-17 11:23:30,38.84,10100,38.84,D
sh600584,长电科技,2025-09-17 11:23:33,38.83,16200,38.84,D
sh600584,长电科技,2025-09-17 11:23:36,38.83,6000,38.83,D
sh600584,长电科技,2025-09-17 11:23:39,38.85,29600,38.83,U
sh600584,长电科技,2025-09-17 11:23:42,38.84,8100,38.85,U
sh600584,长电科技,2025-09-17 11:23:45,38.85,13800,38.84,U
sh600584,长电科技,2025-09-17 11:23:48,38.84,10000,38.85,D
sh600584,长电科技,2025-09-17 11:23:51,38.84,8400,38.84,D
sh600584,长电科技,2025-09-17 11:23:54,38.84,8800,38.84,D
sh600584,长电科技,2025-09-17 11:23:57,38.83,8100,38.84,D
sh600584,长电科技,2025-09-17 11:24:00,38.83,10600,38.83,D
sh600584,长电科技,2025-09-17 11:24:03,38.84,34600,38.83,U
sh600584,长电科技,2025-09-17 11:24:06,38.83,6200,38.84,D
sh600584,长电科技,2025-09-17 11:24:09,38.83,38800,38.83,D
sh600584,长电科技,2025-09-17 11:24:12,38.83,8900,38.83,U
sh600584,长电科技,2025-09-17 11:24:15,38.85,13600,38.83,U
sh600584,长电科技,2025-09-17 11:24:18,38.83,14200,38.85,D
sh600584,长电科技,2025-09-17 11:24:21,38.85,59600,38.83,U
sh600584,长电科技,2025-09-17 11:24:24,38.84,25500,38.85,U
sh600584,长电科技,2025-09-17 11:24:27,38.81,9800,38.84,D
sh600584,长电科技,2025-09-17 11:24:30,38.83,7100,38.81,E
sh600584,长电科技,2025-09-17 11:24:36,38.84,9900,38.83,U
sh600584,长电科技,2025-09-17 11:24:39,38.82,8300,38.84,D
sh600584,长电科技,2025-09-17 11:24:42,38.82,8000,38.82,U
sh600584,长电科技,2025-09-17 11:24:45,38.82,8900,38.82,D
sh600584,长电科技,2025-09-17 11:24:48,38.82,5400,38.82,D
sh600584,长电科技,2025-09-17 11:24:54,38.81,20900,38.82,D
sh600584,长电科技,2025-09-17 11:25:00,38.8,9700,38.81,D
sh600584,长电科技,2025-09-17 11:25:03,38.81,6000,38.8,U
sh600584,长电科技,2025-09-17 11:25:06,38.82,12000,38.81,U
sh600584,长电科技,2025-09-17 11:25:15,38.81,11100,38.81,U
sh600584,长电科技,2025-09-17 11:25:21,38.79,111400,38.81,D
sh600584,长电科技,2025-09-17 11:25:24,38.79,14400,38.79,D
sh600584,长电科技,2025-09-17 11:25:27,38.79,111200,38.79,U
sh600584,长电科技,2025-09-17 11:25:30,38.76,24400,38.79,D
sh600584,长电科技,2025-09-17 11:25:36,38.74,15200,38.76,D
sh600584,长电科技,2025-09-17 11:25:39,38.75,5300,38.74,U
sh600584,长电科技,2025-09-17 11:25:51,38.72,54100,38.72,D
sh600584,长电科技,2025-09-17 11:25:54,38.72,11900,38.72,U
sh600584,长电科技,2025-09-17 11:25:57,38.71,9700,38.72,D
sh600584,长电科技,2025-09-17 11:26:03,38.7,9600,38.71,D
sh600584,长电科技,2025-09-17 11:26:06,38.7,27400,38.7,D
sh600584,长电科技,2025-09-17 11:26:18,38.7,20200,38.7,D
sh600584,长电科技,2025-09-17 11:26:24,38.7,29000,38.7,D
sh600584,长电科技,2025-09-17 11:26:27,38.7,5300,38.7,U
sh600584,长电科技,2025-09-17 11:26:33,38.7,5600,38.7,U
sh600584,长电科技,2025-09-17 11:26:36,38.69,8100,38.7,D
sh600584,长电科技,2025-09-17 11:26:42,38.69,5200,38.69,D
sh600584,长电科技,2025-09-17 11:26:48,38.7,11700,38.7,U
sh600584,长电科技,2025-09-17 11:26:51,38.68,41600,38.7,D
sh600584,长电科技,2025-09-17 11:26:54,38.7,5300,38.68,U
sh600584,长电科技,2025-09-17 11:27:12,38.72,20100,38.7,U
sh600584,长电科技,2025-09-17 11:27:18,38.72,10800,38.72,U
sh600584,长电科技,2025-09-17 11:27:33,38.71,5200,38.71,U
sh600584,长电科技,2025-09-17 11:27:39,38.71,8800,38.71,D
sh600584,长电科技,2025-09-17 11:27:51,38.71,5500,38.71,U
sh600584,长电科技,2025-09-17 11:27:54,38.7,7100,38.71,D
sh600584,长电科技,2025-09-17 11:27:57,38.7,23600,38.7,D
sh600584,长电科技,2025-09-17 11:28:00,38.7,10100,38.7,U
sh600584,长电科技,2025-09-17 11:28:06,38.69,11400,38.69,D
sh600584,长电科技,2025-09-17 11:28:21,38.68,13900,38.69,D
sh600584,长电科技,2025-09-17 11:28:36,38.7,13000,38.69,U
sh600584,长电科技,2025-09-17 11:28:39,38.69,12200,38.7,D
sh600584,长电科技,2025-09-17 11:28:45,38.68,42000,38.7,D
sh600584,长电科技,2025-09-17 11:28:54,38.68,9400,38.67,U
sh600584,长电科技,2025-09-17 11:29:00,38.68,8500,38.68,D
sh600584,长电科技,2025-09-17 11:29:15,38.68,13000,38.69,D
sh600584,长电科技,2025-09-17 11:29:18,38.68,14100,38.68,D
sh600584,长电科技,2025-09-17 11:29:21,38.69,15000,38.68,U
sh600584,长电科技,2025-09-17 11:29:36,38.69,39600,38.7,D
sh600584,长电科技,2025-09-17 11:29:51,38.68,111200,38.7,D
sh600584,长电科技,2025-09-17 11:29:57,38.68,10500,38.68,U
sh600584,长电科技,2025-09-17 13:00:03,38.7,82200,38.67,U
sh600584,长电科技,2025-09-17 13:00:06,38.68,31900,38.7,D
sh600584,长电科技,2025-09-17 13:00:09,38.69,40300,38.68,E
sh600584,长电科技,2025-09-17 13:00:12,38.72,34402,38.69,U
sh600584,长电科技,2025-09-17 13:00:15,38.69,23500,38.72,D
sh600584,长电科技,2025-09-17 13:00:24,38.7,5300,38.72,D
sh600584,长电科技,2025-09-17 13:00:30,38.72,41700,38.72,U
sh600584,长电科技,2025-09-17 13:00:39,38.74,9500,38.72,U
sh600584,长电科技,2025-09-17 13:00:42,38.75,5900,38.74,U
sh600584,长电科技,2025-09-17 13:00:48,38.74,22100,38.76,D
sh600584,长电科技,2025-09-17 13:00:51,38.75,5200,38.74,U
sh600584,长电科技,2025-09-17 13:01:03,38.76,7100,38.75,U
sh600584,长电科技,2025-09-17 13:01:06,38.76,5600,38.76,U
sh600584,长电科技,2025-09-17 13:01:09,38.77,9600,38.76,U
sh600584,长电科技,2025-09-17 13:01:15,38.77,27200,38.77,D
sh600584,长电科技,2025-09-17 13:01:21,38.76,6500,38.76,U
sh600584,长电科技,2025-09-17 13:01:27,38.74,8000,38.76,D
sh600584,长电科技,2025-09-17 13:01:30,38.76,18900,38.74,U
sh600584,长电科技,2025-09-17 13:01:36,38.74,6200,38.75,D
sh600584,长电科技,2025-09-17 13:01:51,38.74,7900,38.74,U
sh600584,长电科技,2025-09-17 13:01:54,38.75,7286,38.74,U
sh600584,长电科技,2025-09-17 13:01:57,38.75,16800,38.75,U
sh600584,长电科技,2025-09-17 13:02:00,38.75,18000,38.75,U
sh600584,长电科技,2025-09-17 13:02:06,38.74,13500,38.75,D
sh600584,长电科技,2025-09-17 13:02:09,38.75,5800,38.74,U
sh600584,长电科技,2025-09-17 13:02:24,38.74,26800,38.74,D
sh600584,长电科技,2025-09-17 13:02:27,38.73,11314,38.74,D
sh600584,长电科技,2025-09-17 13:02:36,38.72,7200,38.72,D
sh600584,长电科技,2025-09-17 13:02:42,38.72,11600,38.73,D
sh600584,长电科技,2025-09-17 13:02:48,38.73,23100,38.72,U
sh600584,长电科技,2025-09-17 13:02:57,38.73,14400,38.72,U
sh600584,长电科技,2025-09-17 13:03:06,38.73,6500,38.73,D
sh600584,长电科技,2025-09-17 13:03:09,38.73,7300,38.73,U
sh600584,长电科技,2025-09-17 13:03:15,38.77,21986,38.74,U
sh600584,长电科技,2025-09-17 13:03:21,38.78,5500,38.78,U
sh600584,长电科技,2025-09-17 13:03:33,38.79,8400,38.79,U
sh600584,长电科技,2025-09-17 13:03:39,38.8,6800,38.79,U
sh600584,长电科技,2025-09-17 13:03:45,38.79,8200,38.79,D
sh600584,长电科技,2025-09-17 13:03:51,38.8,29900,38.79,U
sh600584,长电科技,2025-09-17 13:03:54,38.8,11400,38.8,U
sh600584,长电科技,2025-09-17 13:04:06,38.81,8500,38.81,U
sh600584,长电科技,2025-09-17 13:04:09,38.81,12700,38.81,D
sh600584,长电科技,2025-09-17 13:04:12,38.81,17200,38.81,U
sh600584,长电科技,2025-09-17 13:04:15,38.81,5500,38.81,U
sh600584,长电科技,2025-09-17 13:04:21,38.81,7800,38.79,U
sh600584,长电科技,2025-09-17 13:04:30,38.8,10700,38.81,E
sh600584,长电科技,2025-09-17 13:04:33,38.79,11300,38.8,D
sh600584,长电科技,2025-09-17 13:04:39,38.79,31400,38.78,U
sh600584,长电科技,2025-09-17 13:04:42,38.8,6600,38.79,U
sh600584,长电科技,2025-09-17 13:04:45,38.8,12700,38.8,U
sh600584,长电科技,2025-09-17 13:04:48,38.79,10700,38.8,D
sh600584,长电科技,2025-09-17 13:04:51,38.8,6800,38.79,U
sh600584,长电科技,2025-09-17 13:04:54,38.8,5800,38.8,D
sh600584,长电科技,2025-09-17 13:05:00,38.8,28200,38.8,D
sh600584,长电科技,2025-09-17 13:05:06,38.79,11700,38.8,D
sh600584,长电科技,2025-09-17 13:05:15,38.81,6100,38.8,U
sh600584,长电科技,2025-09-17 13:05:18,38.8,6400,38.81,D
sh600584,长电科技,2025-09-17 13:05:24,38.79,5400,38.8,D
sh600584,长电科技,2025-09-17 13:05:27,38.8,19100,38.79,U
sh600584,长电科技,2025-09-17 13:05:39,38.8,11000,38.79,U
sh600584,长电科技,2025-09-17 13:05:48,38.79,8300,38.8,D
sh600584,长电科技,2025-09-17 13:05:54,38.78,22400,38.79,D
sh600584,长电科技,2025-09-17 13:06:03,38.78,5600,38.78,U
sh600584,长电科技,2025-09-17 13:06:09,38.78,6500,38.77,U
sh600584,长电科技,2025-09-17 13:06:15,38.76,5400,38.77,D
sh600584,长电科技,2025-09-17 13:06:24,38.77,11000,38.77,U
sh600584,长电科技,2025-09-17 13:06:27,38.77,6400,38.77,U
sh600584,长电科技,2025-09-17 13:06:39,38.76,12000,38.76,U
sh600584,长电科技,2025-09-17 13:06:57,38.75,6000,38.75,U
sh600584,长电科技,2025-09-17 13:07:06,38.72,7800,38.74,D
sh600584,长电科技,2025-09-17 13:07:18,38.72,10500,38.73,D
sh600584,长电科技,2025-09-17 13:07:24,38.69,42900,38.71,D
sh600584,长电科技,2025-09-17 13:07:27,38.71,13200,38.69,E
sh600584,长电科技,2025-09-17 13:07:33,38.7,6900,38.71,E
sh600584,长电科技,2025-09-17 13:07:36,38.69,14900,38.7,D
sh600584,长电科技,2025-09-17 13:07:48,38.69,7200,38.69,U
sh600584,长电科技,2025-09-17 13:07:51,38.69,35700,38.69,U
sh600584,长电科技,2025-09-17 13:08:00,38.7,32500,38.69,U
sh600584,长电科技,2025-09-17 13:08:03,38.7,17400,38.7,E
sh600584,长电科技,2025-09-17 13:08:21,38.71,18100,38.7,U
sh600584,长电科技,2025-09-17 13:08:33,38.71,28600,38.71,D
sh600584,长电科技,2025-09-17 13:08:42,38.71,11000,38.72,D
sh600584,长电科技,2025-09-17 13:08:45,38.73,13900,38.71,U
sh600584,长电科技,2025-09-17 13:08:48,38.72,9700,38.73,D
sh600584,长电科技,2025-09-17 13:08:54,38.71,12300,38.72,D
sh600584,长电科技,2025-09-17 13:08:57,38.71,16100,38.71,D
sh600584,长电科技,2025-09-17 13:09:03,38.72,6800,38.72,D
sh600584,长电科技,2025-09-17 13:09:06,38.71,41600,38.72,D
sh600584,长电科技,2025-09-17 13:09:09,38.72,5500,38.71,U
sh600584,长电科技,2025-09-17 13:09:12,38.7,35200,38.72,D
sh600584,长电科技,2025-09-17 13:09:15,38.7,17500,38.7,U
sh600584,长电科技,2025-09-17 13:09:18,38.69,8600,38.7,D
sh600584,长电科技,2025-09-17 13:09:21,38.69,11800,38.69,D
sh600584,长电科技,2025-09-17 13:09:24,38.69,19300,38.69,U
sh600584,长电科技,2025-09-17 13:09:27,38.69,11000,38.69,U
sh600584,长电科技,2025-09-17 13:09:30,38.69,5900,38.69,U
sh600584,长电科技,2025-09-17 13:09:33,38.69,24300,38.69,D
sh600584,长电科技,2025-09-17 13:09:48,38.7,10000,38.7,U
sh600584,长电科技,2025-09-17 13:09:51,38.7,7700,38.7,D
sh600584,长电科技,2025-09-17 13:09:57,38.68,74500,38.69,D
sh600584,长电科技,2025-09-17 13:10:06,38.68,10500,38.68,D
sh600584,长电科技,2025-09-17 13:10:18,38.68,7400,38.68,D
sh600584,长电科技,2025-09-17 13:10:27,38.69,5200,38.69,D
sh600584,长电科技,2025-09-17 13:10:54,38.69,16000,38.69,D
sh600584,长电科技,2025-09-17 13:11:03,38.7,9400,38.69,U
sh600584,长电科技,2025-09-17 13:11:09,38.69,16400,38.7,D
sh600584,长电科技,2025-09-17 13:11:12,38.7,8300,38.69,U
sh600584,长电科技,2025-09-17 13:11:24,38.7,6700,38.7,U
sh600584,长电科技,2025-09-17 13:11:30,38.69,15700,38.7,D
sh600584,长电科技,2025-09-17 13:11:36,38.7,5300,38.69,U
sh600584,长电科技,2025-09-17 13:11:48,38.7,23900,38.7,U
sh600584,长电科技,2025-09-17 13:11:57,38.7,7600,38.7,D
sh600584,长电科技,2025-09-17 13:12:00,38.7,7800,38.7,U
sh600584,长电科技,2025-09-17 13:12:03,38.71,8500,38.7,U
sh600584,长电科技,2025-09-17 13:12:15,38.72,7700,38.72,U
sh600584,长电科技,2025-09-17 13:12:18,38.72,23300,38.72,U
sh600584,长电科技,2025-09-17 13:12:21,38.72,31338,38.72,U
sh600584,长电科技,2025-09-17 13:12:27,38.71,7000,38.71,U
sh600584,长电科技,2025-09-17 13:12:42,38.71,5300,38.72,D
sh600584,长电科技,2025-09-17 13:12:48,38.73,7200,38.72,U
sh600584,长电科技,2025-09-17 13:12:51,38.76,86100,38.73,U
sh600584,长电科技,2025-09-17 13:12:54,38.77,41800,38.76,U
sh600584,长电科技,2025-09-17 13:12:57,38.78,19100,38.77,U
sh600584,长电科技,2025-09-17 13:13:06,38.79,12400,38.79,U
sh600584,长电科技,2025-09-17 13:13:09,38.8,15200,38.79,U
sh600584,长电科技,2025-09-17 13:13:12,38.79,5200,38.8,D
sh600584,长电科技,2025-09-17 13:13:15,38.8,5500,38.79,U
sh600584,长电科技,2025-09-17 13:13:21,38.8,50300,38.79,U
sh600584,长电科技,2025-09-17 13:13:24,38.8,14100,38.8,U
sh600584,长电科技,2025-09-17 13:13:27,38.8,5500,38.8,U
sh600584,长电科技,2025-09-17 13:13:30,38.8,8200,38.8,U
sh600584,长电科技,2025-09-17 13:13:33,38.8,12600,38.8,U
sh600584,长电科技,2025-09-17 13:13:39,38.8,20100,38.8,U
sh600584,长电科技,2025-09-17 13:13:45,38.8,7600,38.8,D
sh600584,长电科技,2025-09-17 13:13:48,38.8,6600,38.8,D
sh600584,长电科技,2025-09-17 13:13:54,38.79,6500,38.8,D
sh600584,长电科技,2025-09-17 13:13:57,38.8,6600,38.79,U
sh600584,长电科技,2025-09-17 13:14:06,38.79,17000,38.79,D
sh600584,长电科技,2025-09-17 13:14:33,38.79,13800,38.78,U
sh600584,长电科技,2025-09-17 13:14:36,38.73,20800,38.79,D
sh600584,长电科技,2025-09-17 13:14:51,38.73,9100,38.74,D
sh600584,长电科技,2025-09-17 13:14:57,38.73,13400,38.73,U
sh600584,长电科技,2025-09-17 13:15:00,38.73,7900,38.73,U
sh600584,长电科技,2025-09-17 13:15:06,38.75,132600,38.73,U
sh600584,长电科技,2025-09-17 13:15:15,38.8,7300,38.8,U
sh600584,长电科技,2025-09-17 13:15:18,38.79,5600,38.8,E
sh600584,长电科技,2025-09-17 13:15:21,38.82,120800,38.79,U
sh600584,长电科技,2025-09-17 13:15:24,38.83,26603,38.82,U
sh600584,长电科技,2025-09-17 13:15:27,38.83,9800,38.83,U
sh600584,长电科技,2025-09-17 13:15:30,38.83,13100,38.83,U
sh600584,长电科技,2025-09-17 13:15:33,38.81,20900,38.83,D
sh600584,长电科技,2025-09-17 13:15:39,38.8,7800,38.83,D
sh600584,长电科技,2025-09-17 13:15:45,38.83,5500,38.8,U
sh600584,长电科技,2025-09-17 13:15:48,38.81,20000,38.83,D
sh600584,长电科技,2025-09-17 13:15:54,38.81,5800,38.81,U
sh600584,长电科技,2025-09-17 13:15:57,38.8,7500,38.81,D
sh600584,长电科技,2025-09-17 13:16:00,38.82,14600,38.8,U
sh600584,长电科技,2025-09-17 13:16:03,38.82,5400,38.82,U
sh600584,长电科技,2025-09-17 13:16:06,38.81,7100,38.82,D
sh600584,长电科技,2025-09-17 13:16:09,38.82,10200,38.81,E
sh600584,长电科技,2025-09-17 13:16:18,38.82,23900,38.82,U
sh600584,长电科技,2025-09-17 13:16:24,38.82,13400,38.82,U
sh600584,长电科技,2025-09-17 13:16:30,38.82,10000,38.82,U
sh600584,长电科技,2025-09-17 13:16:33,38.82,8000,38.82,D
sh600584,长电科技,2025-09-17 13:16:39,38.82,20000,38.82,U
sh600584,长电科技,2025-09-17 13:16:42,38.81,25500,38.82,D
sh600584,长电科技,2025-09-17 13:16:45,38.81,28700,38.81,D
sh600584,长电科技,2025-09-17 13:16:51,38.8,9300,38.79,U
sh600584,长电科技,2025-09-17 13:16:57,38.79,5597,38.79,D
sh600584,长电科技,2025-09-17 13:17:00,38.78,15700,38.79,D
sh600584,长电科技,2025-09-17 13:17:09,38.77,8603,38.77,D
sh600584,长电科技,2025-09-17 13:17:15,38.77,5497,38.79,D
sh600584,长电科技,2025-09-17 13:17:27,38.79,12800,38.77,U
sh600584,长电科技,2025-09-17 13:17:42,38.78,8700,38.79,D
sh600584,长电科技,2025-09-17 13:17:48,38.78,11400,38.78,D
sh600584,长电科技,2025-09-17 13:18:00,38.78,9300,38.78,D
sh600584,长电科技,2025-09-17 13:18:12,38.78,7800,38.77,U
sh600584,长电科技,2025-09-17 13:18:15,38.78,17600,38.78,U
sh600584,长电科技,2025-09-17 13:18:21,38.78,7200,38.78,D
sh600584,长电科技,2025-09-17 13:18:42,38.78,5200,38.78,D
sh600584,长电科技,2025-09-17 13:19:03,38.78,13600,38.78,U
sh600584,长电科技,2025-09-17 13:19:06,38.77,21962,38.78,D
sh600584,长电科技,2025-09-17 13:19:15,38.77,15100,38.77,D
sh600584,长电科技,2025-09-17 13:19:18,38.78,5200,38.77,U
sh600584,长电科技,2025-09-17 13:19:24,38.78,9800,38.78,U
sh600584,长电科技,2025-09-17 13:19:33,38.78,11800,38.78,U
sh600584,长电科技,2025-09-17 13:19:51,38.78,21500,38.77,U
sh600584,长电科技,2025-09-17 13:20:00,38.77,7338,38.77,D
sh600584,长电科技,2025-09-17 13:20:03,38.78,10862,38.77,U
sh600584,长电科技,2025-09-17 13:20:18,38.77,13000,38.77,U
sh600584,长电科技,2025-09-17 13:20:24,38.77,8100,38.76,U
sh600584,长电科技,2025-09-17 13:20:30,38.76,5600,38.76,D
sh600584,长电科技,2025-09-17 13:20:33,38.76,9000,38.76,D
sh600584,长电科技,2025-09-17 13:20:36,38.77,7300,38.76,U
sh600584,长电科技,2025-09-17 13:20:39,38.77,5400,38.77,D
sh600584,长电科技,2025-09-17 13:20:48,38.77,13300,38.77,U
sh600584,长电科技,2025-09-17 13:20:54,38.76,9000,38.77,D
sh600584,长电科技,2025-09-17 13:21:00,38.77,7100,38.76,U
sh600584,长电科技,2025-09-17 13:21:12,38.76,11600,38.76,U
sh600584,长电科技,2025-09-17 13:21:36,38.78,6100,38.77,U
sh600584,长电科技,2025-09-17 13:21:42,38.78,17300,38.77,U
sh600584,长电科技,2025-09-17 13:21:48,38.79,6400,38.78,U
sh600584,长电科技,2025-09-17 13:22:00,38.78,5600,38.78,D
sh600584,长电科技,2025-09-17 13:22:06,38.78,9100,38.79,D
sh600584,长电科技,2025-09-17 13:22:09,38.78,6600,38.78,D
sh600584,长电科技,2025-09-17 13:22:12,38.79,31900,38.78,U
sh600584,长电科技,2025-09-17 13:22:15,38.8,9462,38.79,U
sh600584,长电科技,2025-09-17 13:22:21,38.8,41438,38.79,U
sh600584,长电科技,2025-09-17 13:22:30,38.78,6500,38.79,D
sh600584,长电科技,2025-09-17 13:22:42,38.8,6500,38.79,U
sh600584,长电科技,2025-09-17 13:22:48,38.79,7400,38.8,D
sh600584,长电科技,2025-09-17 13:22:51,38.78,10000,38.79,D
sh600584,长电科技,2025-09-17 13:22:57,38.79,9300,38.79,U
sh600584,长电科技,2025-09-17 13:23:03,38.8,6500,38.78,U
sh600584,长电科技,2025-09-17 13:23:09,38.8,6600,38.8,U
sh600584,长电科技,2025-09-17 13:23:12,38.79,38200,38.8,D
sh600584,长电科技,2025-09-17 13:23:18,38.8,13400,38.8,U
sh600584,长电科技,2025-09-17 13:23:24,38.8,5900,38.8,U
sh600584,长电科技,2025-09-17 13:23:27,38.8,16000,38.8,U
sh600584,长电科技,2025-09-17 13:23:30,38.8,11600,38.8,U
sh600584,长电科技,2025-09-17 13:23:33,38.8,32562,38.8,U
sh600584,长电科技,2025-09-17 13:23:36,38.8,7800,38.8,D
sh600584,长电科技,2025-09-17 13:23:45,38.79,6900,38.8,D
sh600584,长电科技,2025-09-17 13:23:48,38.8,5300,38.79,U
sh600584,长电科技,2025-09-17 13:23:54,38.8,10400,38.8,U
sh600584,长电科技,2025-09-17 13:23:57,38.8,8000,38.8,U
sh600584,长电科技,2025-09-17 13:24:00,38.8,6000,38.8,U
sh600584,长电科技,2025-09-17 13:24:09,38.8,16600,38.8,U
sh600584,长电科技,2025-09-17 13:24:24,38.8,9400,38.8,U
sh600584,长电科技,2025-09-17 13:24:27,38.79,21700,38.8,D
sh600584,长电科技,2025-09-17 13:24:36,38.79,5538,38.79,D
sh600584,长电科技,2025-09-17 13:24:42,38.79,6600,38.79,U
sh600584,长电科技,2025-09-17 13:24:51,38.78,9800,38.78,D
sh600584,长电科技,2025-09-17 13:25:00,38.79,7300,38.79,U
sh600584,长电科技,2025-09-17 13:25:03,38.79,5200,38.79,U
sh600584,长电科技,2025-09-17 13:25:06,38.79,20562,38.79,U
sh600584,长电科技,2025-09-17 13:25:09,38.8,22200,38.79,U
sh600584,长电科技,2025-09-17 13:25:12,38.79,10500,38.8,D
sh600584,长电科技,2025-09-17 13:25:15,38.8,7400,38.79,U
sh600584,长电科技,2025-09-17 13:25:24,38.8,16400,38.79,U
sh600584,长电科技,2025-09-17 13:25:27,38.8,8200,38.8,U
sh600584,长电科技,2025-09-17 13:25:30,38.8,8000,38.8,U
sh600584,长电科技,2025-09-17 13:25:45,38.8,15700,38.8,U
