symbol,name,ticktime,price,volume,prev_price,kind
sh600584,长电科技,2025-09-16 09:25:01,37.75,158700,0.0,U
sh600584,长电科技,2025-09-16 09:30:05,37.74,44040,37.75,E
sh600584,长电科技,2025-09-16 09:30:08,37.74,31300,37.74,U
sh600584,长电科技,2025-09-16 09:30:11,37.74,32500,37.74,U
sh600584,长电科技,2025-09-16 09:30:14,37.74,29800,37.74,U
sh600584,长电科技,2025-09-16 09:30:17,37.71,52500,37.74,D
sh600584,长电科技,2025-09-16 09:30:20,37.71,38800,37.71,U
sh600584,长电科技,2025-09-16 09:30:23,37.7,41100,37.71,D
sh600584,长电科技,2025-09-16 09:30:26,37.7,55500,37.7,D
sh600584,长电科技,2025-09-16 09:30:29,37.7,73800,37.7,D
sh600584,长电科技,2025-09-16 09:30:32,37.7,46360,37.7,D
sh600584,长电科技,2025-09-16 09:30:35,37.7,21900,37.7,U
sh600584,长电科技,2025-09-16 09:30:38,37.7,41800,37.7,U
sh600584,长电科技,2025-09-16 09:30:41,37.69,50800,37.7,D
sh600584,长电科技,2025-09-16 09:30:44,37.7,37000,37.69,U
sh600584,长电科技,2025-09-16 09:30:47,37.71,59440,37.7,U
sh600584,长电科技,2025-09-16 09:30:50,37.72,94900,37.71,E
sh600584,长电科技,2025-09-16 09:30:53,37.78,18400,37.72,U
sh600584,长电科技,2025-09-16 09:30:56,37.81,35900,37.78,U
sh600584,长电科技,2025-09-16 09:30:59,37.81,9000,37.81,U
sh600584,长电科技,2025-09-16 09:31:02,37.8,29300,37.81,D
sh600584,长电科技,2025-09-16 09:31:05,37.81,69800,37.8,E
sh600584,长电科技,2025-09-16 09:31:08,37.82,21300,37.81,U
sh600584,长电科技,2025-09-16 09:31:11,37.86,13600,37.82,U
sh600584,长电科技,2025-09-16 09:31:14,37.86,9300,37.86,U
sh600584,长电科技,2025-09-16 09:31:17,37.88,13200,37.86,U
sh600584,长电科技,2025-09-16 09:31:20,37.88,9300,37.88,D
sh600584,长电科技,2025-09-16 09:31:23,37.89,11000,37.88,U
sh600584,长电科技,2025-09-16 09:31:26,37.93,20100,37.89,U
sh600584,长电科技,2025-09-16 09:31:29,37.9,6100,37.93,E
sh600584,长电科技,2025-09-16 09:31:32,37.94,18000,37.9,U
sh600584,长电科技,2025-09-16 09:31:35,37.94,14000,37.94,E
sh600584,长电科技,2025-09-16 09:31:38,37.94,20700,37.94,D
sh600584,长电科技,2025-09-16 09:31:41,37.86,95200,37.94,D
sh600584,长电科技,2025-09-16 09:31:44,37.86,18200,37.86,D
sh600584,长电科技,2025-09-16 09:31:47,37.94,51200,37.86,U
sh600584,长电科技,2025-09-16 09:31:50,37.9,15300,37.94,D
sh600584,长电科技,2025-09-16 09:31:53,37.9,10200,37.9,D
sh600584,长电科技,2025-09-16 09:31:56,37.9,9600,37.9,E
sh600584,长电科技,2025-09-16 09:31:59,37.93,29200,37.9,U
sh600584,长电科技,2025-09-16 09:32:02,37.91,16700,37.93,D
sh600584,长电科技,2025-09-16 09:32:05,37.92,14300,37.91,U
sh600584,长电科技,2025-09-16 09:32:08,37.93,28600,37.92,U
sh600584,长电科技,2025-09-16 09:32:11,37.93,29800,37.93,D
sh600584,长电科技,2025-09-16 09:32:14,37.93,59600,37.93,D
sh600584,长电科技,2025-09-16 09:32:17,37.96,26700,37.93,U
sh600584,长电科技,2025-09-16 09:32:20,37.97,8200,37.96,U
sh600584,长电科技,2025-09-16 09:32:23,38.0,20300,37.97,U
sh600584,长电科技,2025-09-16 09:32:26,37.99,99000,38.0,D
sh600584,长电科技,2025-09-16 09:32:29,38.0,21100,37.99,U
sh600584,长电科技,2025-09-16 09:32:32,38.0,17600,38.0,U
sh600584,长电科技,2025-09-16 09:32:35,37.98,82500,38.0,D
sh600584,长电科技,2025-09-16 09:32:38,37.96,39400,37.98,D
sh600584,长电科技,2025-09-16 09:32:41,37.97,30800,37.96,U
sh600584,长电科技,2025-09-16 09:32:44,37.99,15200,37.97,U
sh600584,长电科技,2025-09-16 09:32:47,37.98,16100,37.99,E
sh600584,长电科技,2025-09-16 09:32:50,37.99,12600,37.98,U
sh600584,长电科技,2025-09-16 09:32:53,37.99,17800,37.99,D
sh600584,长电科技,2025-09-16 09:32:56,37.97,44200,37.99,D
sh600584,长电科技,2025-09-16 09:32:59,37.98,20700,37.97,U
sh600584,长电科技,2025-09-16 09:33:02,37.98,55000,37.98,D
sh600584,长电科技,2025-09-16 09:33:05,37.98,17600,37.98,D
sh600584,长电科技,2025-09-16 09:33:08,37.99,12000,37.98,E
sh600584,长电科技,2025-09-16 09:33:11,37.99,35300,37.99,U
sh600584,长电科技,2025-09-16 09:33:14,38.0,39500,37.99,U
sh600584,长电科技,2025-09-16 09:33:17,37.98,19800,38.0,D
sh600584,长电科技,2025-09-16 09:33:20,37.95,70000,37.98,D
sh600584,长电科技,2025-09-16 09:33:23,37.92,24300,37.95,D
sh600584,长电科技,2025-09-16 09:33:26,37.93,8100,37.92,U
sh600584,长电科技,2025-09-16 09:33:29,37.92,12800,37.93,D
sh600584,长电科技,2025-09-16 09:33:32,37.93,20000,37.92,E
sh600584,长电科技,2025-09-16 09:33:35,37.92,22100,37.93,D
sh600584,长电科技,2025-09-16 09:33:38,37.92,8500,37.92,U
sh600584,长电科技,2025-09-16 09:33:41,37.92,22500,37.92,U
sh600584,长电科技,2025-09-16 09:33:44,37.92,30100,37.92,D
sh600584,长电科技,2025-09-16 09:33:47,37.92,37900,37.92,U
sh600584,长电科技,2025-09-16 09:33:50,37.95,21800,37.92,U
sh600584,长电科技,2025-09-16 09:33:53,37.95,12500,37.95,E
sh600584,长电科技,2025-09-16 09:33:56,37.95,6000,37.95,D
sh600584,长电科技,2025-09-16 09:33:59,37.95,5800,37.95,D
sh600584,长电科技,2025-09-16 09:34:02,37.95,9300,37.95,U
sh600584,长电科技,2025-09-16 09:34:05,37.94,7300,37.95,D
sh600584,长电科技,2025-09-16 09:34:08,37.96,27400,37.94,U
sh600584,长电科技,2025-09-16 09:34:11,37.94,13900,37.96,E
sh600584,长电科技,2025-09-16 09:34:14,37.93,5600,37.94,D
sh600584,长电科技,2025-09-16 09:34:17,37.93,17900,37.93,U
sh600584,长电科技,2025-09-16 09:34:20,37.92,12200,37.93,D
sh600584,长电科技,2025-09-16 09:34:23,37.92,38300,37.92,D
sh600584,长电科技,2025-09-16 09:34:26,37.9,84300,37.92,D
sh600584,长电科技,2025-09-16 09:34:29,37.92,6300,37.9,U
sh600584,长电科技,2025-09-16 09:34:32,37.9,22300,37.92,D
sh600584,长电科技,2025-09-16 09:34:35,37.91,22000,37.9,D
sh600584,长电科技,2025-09-16 09:34:38,37.92,40000,37.91,D
sh600584,长电科技,2025-09-16 09:34:41,37.93,15200,37.92,U
sh600584,长电科技,2025-09-16 09:34:44,37.95,28600,37.93,U
sh600584,长电科技,2025-09-16 09:34:47,37.97,84200,37.95,U
sh600584,长电科技,2025-09-16 09:34:50,37.99,16100,37.97,U
sh600584,长电科技,2025-09-16 09:34:53,37.97,8100,37.99,D
sh600584,长电科技,2025-09-16 09:34:56,37.98,7600,37.97,U
sh600584,长电科技,2025-09-16 09:34:59,37.99,6000,37.98,U
sh600584,长电科技,2025-09-16 09:35:02,37.99,37500,37.99,U
sh600584,长电科技,2025-09-16 09:35:05,37.99,8600,37.99,D
sh600584,长电科技,2025-09-16 09:35:08,37.99,14200,37.99,D
sh600584,长电科技,2025-09-16 09:35:11,37.99,10400,37.99,D
sh600584,长电科技,2025-09-16 09:35:14,38.0,42100,37.99,U
sh600584,长电科技,2025-09-16 09:35:17,37.99,9900,38.0,D
sh600584,长电科技,2025-09-16 09:35:20,38.01,7600,37.99,U
sh600584,长电科技,2025-09-16 09:35:23,38.01,24200,38.01,U
sh600584,长电科技,2025-09-16 09:35:26,38.02,31500,38.01,U
sh600584,长电科技,2025-09-16 09:35:29,38.01,17500,38.02,D
sh600584,长电科技,2025-09-16 09:35:32,38.04,14600,38.01,U
sh600584,长电科技,2025-09-16 09:35:35,38.03,30400,38.04,E
sh600584,长电科技,2025-09-16 09:35:38,38.03,13700,38.03,U
sh600584,长电科技,2025-09-16 09:35:41,37.97,149800,38.03,D
sh600584,长电科技,2025-09-16 09:35:44,38.0,12400,37.97,E
sh600584,长电科技,2025-09-16 09:35:47,38.0,10700,38.0,U
sh600584,长电科技,2025-09-16 09:35:50,37.98,8100,38.0,D
sh600584,长电科技,2025-09-16 09:35:53,38.0,12300,37.98,E
sh600584,长电科技,2025-09-16 09:35:56,37.98,17300,38.0,D
sh600584,长电科技,2025-09-16 09:35:59,37.98,11900,37.98,U
sh600584,长电科技,2025-09-16 09:36:02,37.98,15300,37.98,U
sh600584,长电科技,2025-09-16 09:36:05,37.98,23700,37.98,U
sh600584,长电科技,2025-09-16 09:36:08,37.98,34700,37.98,U
sh600584,长电科技,2025-09-16 09:36:11,37.98,11000,37.98,D
sh600584,长电科技,2025-09-16 09:36:14,37.98,5700,37.98,D
sh600584,长电科技,2025-09-16 09:36:17,37.98,15800,37.98,D
sh600584,长电科技,2025-09-16 09:36:20,37.98,17700,37.98,D
sh600584,长电科技,2025-09-16 09:36:23,37.96,8900,37.98,D
sh600584,长电科技,2025-09-16 09:36:29,37.96,21000,37.96,D
sh600584,长电科技,2025-09-16 09:36:32,37.95,28200,37.96,D
sh600584,长电科技,2025-09-16 09:36:38,37.94,10900,37.95,D
sh600584,长电科技,2025-09-16 09:36:41,37.95,38300,37.94,U
sh600584,长电科技,2025-09-16 09:36:44,37.98,35000,37.95,U
sh600584,长电科技,2025-09-16 09:36:47,38.0,20200,37.98,U
sh600584,长电科技,2025-09-16 09:36:50,37.96,8700,38.0,D
sh600584,长电科技,2025-09-16 09:36:53,37.98,26600,37.96,E
sh600584,长电科技,2025-09-16 09:36:56,37.98,14900,37.98,U
sh600584,长电科技,2025-09-16 09:36:59,37.99,8100,37.98,U
sh600584,长电科技,2025-09-16 09:37:02,38.0,25600,37.99,U
sh600584,长电科技,2025-09-16 09:37:08,38.0,28700,37.99,U
sh600584,长电科技,2025-09-16 09:37:11,37.99,13200,38.0,D
sh600584,长电科技,2025-09-16 09:37:14,37.99,15100,37.99,U
sh600584,长电科技,2025-09-16 09:37:17,38.0,15600,37.99,U
sh600584,长电科技,2025-09-16 09:37:20,38.0,25500,38.0,U
sh600584,长电科技,2025-09-16 09:37:23,38.0,8200,38.0,D
sh600584,长电科技,2025-09-16 09:37:26,38.0,32900,38.0,U
sh600584,长电科技,2025-09-16 09:37:29,38.0,27100,38.0,U
sh600584,长电科技,2025-09-16 09:37:32,38.01,9000,38.0,U
sh600584,长电科技,2025-09-16 09:37:35,38.0,45500,38.01,D
sh600584,长电科技,2025-09-16 09:37:38,37.99,10600,38.0,D
sh600584,长电科技,2025-09-16 09:37:41,38.0,37700,37.99,U
sh600584,长电科技,2025-09-16 09:37:44,38.0,58000,38.0,U
sh600584,长电科技,2025-09-16 09:37:47,38.02,114400,38.0,U
sh600584,长电科技,2025-09-16 09:37:50,38.02,12100,38.02,U
sh600584,长电科技,2025-09-16 09:37:53,38.02,11600,38.02,U
sh600584,长电科技,2025-09-16 09:37:56,38.02,13000,38.02,D
sh600584,长电科技,2025-09-16 09:37:59,38.02,15400,38.02,D
sh600584,长电科技,2025-09-16 09:38:02,38.03,32200,38.02,U
sh600584,长电科技,2025-09-16 09:38:05,38.09,95700,38.03,U
sh600584,长电科技,2025-09-16 09:38:08,38.08,81000,38.09,D
sh600584,长电科技,2025-09-16 09:38:11,38.11,7600,38.08,U
sh600584,长电科技,2025-09-16 09:38:14,38.11,15500,38.11,D
sh600584,长电科技,2025-09-16 09:38:17,38.12,9600,38.11,U
sh600584,长电科技,2025-09-16 09:38:20,38.12,16800,38.12,D
sh600584,长电科技,2025-09-16 09:38:23,38.12,34000,38.12,D
sh600584,长电科技,2025-09-16 09:38:26,38.13,33600,38.12,U
sh600584,长电科技,2025-09-16 09:38:29,38.14,15600,38.13,U
sh600584,长电科技,2025-09-16 09:38:32,38.13,20100,38.14,E
sh600584,长电科技,2025-09-16 09:38:35,38.14,25200,38.13,U
sh600584,长电科技,2025-09-16 09:38:38,38.14,31500,38.14,D
sh600584,长电科技,2025-09-16 09:38:41,38.15,24000,38.14,E
sh600584,长电科技,2025-09-16 09:38:44,38.16,20900,38.15,U
sh600584,长电科技,2025-09-16 09:38:47,38.14,45900,38.16,D
sh600584,长电科技,2025-09-16 09:38:50,38.15,16600,38.14,U
sh600584,长电科技,2025-09-16 09:38:53,38.15,37400,38.15,U
sh600584,长电科技,2025-09-16 09:38:56,38.14,23800,38.15,D
sh600584,长电科技,2025-09-16 09:38:59,38.15,16000,38.14,E
sh600584,长电科技,2025-09-16 09:39:02,38.14,40400,38.15,D
sh600584,长电科技,2025-09-16 09:39:05,38.16,46500,38.14,U
sh600584,长电科技,2025-09-16 09:39:08,38.16,71000,38.16,D
sh600584,长电科技,2025-09-16 09:39:11,38.17,16100,38.16,E
sh600584,长电科技,2025-09-16 09:39:14,38.17,13300,38.17,D
sh600584,长电科技,2025-09-16 09:39:17,38.12,353000,38.17,D
sh600584,长电科技,2025-09-16 09:39:20,38.09,20600,38.12,D
sh600584,长电科技,2025-09-16 09:39:23,38.12,36600,38.09,U
sh600584,长电科技,2025-09-16 09:39:26,38.09,16400,38.12,E
sh600584,长电科技,2025-09-16 09:39:29,38.12,12700,38.09,U
sh600584,长电科技,2025-09-16 09:39:32,38.09,13000,38.12,D
sh600584,长电科技,2025-09-16 09:39:35,38.11,12600,38.09,U
sh600584,长电科技,2025-09-16 09:39:38,38.11,11400,38.11,U
sh600584,长电科技,2025-09-16 09:39:41,38.11,18900,38.11,D
sh600584,长电科技,2025-09-16 09:39:44,38.11,44100,38.11,D
sh600584,长电科技,2025-09-16 09:39:47,38.11,17800,38.11,D
sh600584,长电科技,2025-09-16 09:39:50,38.11,6500,38.11,U
sh600584,长电科技,2025-09-16 09:39:53,38.1,7600,38.11,D
sh600584,长电科技,2025-09-16 09:39:56,38.1,17000,38.1,U
sh600584,长电科技,2025-09-16 09:39:59,38.1,11000,38.1,U
sh600584,长电科技,2025-09-16 09:40:02,38.09,17700,38.1,D
sh600584,长电科技,2025-09-16 09:40:05,38.1,27800,38.09,U
sh600584,长电科技,2025-09-16 09:40:08,38.1,7600,38.1,U
sh600584,长电科技,2025-09-16 09:40:11,38.07,11300,38.1,D
sh600584,长电科技,2025-09-16 09:40:14,38.07,9000,38.07,U
sh600584,长电科技,2025-09-16 09:40:20,38.05,37100,38.06,D
sh600584,长电科技,2025-09-16 09:40:29,38.04,10300,38.03,E
sh600584,长电科技,2025-09-16 09:40:32,38.03,15400,38.04,D
sh600584,长电科技,2025-09-16 09:40:35,38.03,12600,38.03,U
sh600584,长电科技,2025-09-16 09:40:38,38.02,30200,38.03,D
sh600584,长电科技,2025-09-16 09:40:41,38.01,33200,38.02,D
sh600584,长电科技,2025-09-16 09:40:44,38.0,29900,38.01,D
sh600584,长电科技,2025-09-16 09:40:47,38.0,41500,38.0,D
sh600584,长电科技,2025-09-16 09:40:50,38.0,7000,38.0,U
sh600584,长电科技,2025-09-16 09:40:53,38.0,9800,38.0,U
sh600584,长电科技,2025-09-16 09:40:56,37.99,10900,38.0,E
sh600584,长电科技,2025-09-16 09:40:59,37.99,5300,37.99,U
sh600584,长电科技,2025-09-16 09:41:02,37.98,8500,37.99,D
sh600584,长电科技,2025-09-16 09:41:05,37.98,12000,37.98,D
sh600584,长电科技,2025-09-16 09:41:08,38.02,114900,37.98,U
sh600584,长电科技,2025-09-16 09:41:11,38.01,16300,38.02,D
sh600584,长电科技,2025-09-16 09:41:17,38.04,24900,38.0,U
sh600584,长电科技,2025-09-16 09:41:20,38.05,15800,38.04,U
sh600584,长电科技,2025-09-16 09:41:23,38.06,6900,38.05,U
sh600584,长电科技,2025-09-16 09:41:26,38.05,11300,38.06,E
sh600584,长电科技,2025-09-16 09:41:29,38.06,9800,38.05,U
sh600584,长电科技,2025-09-16 09:41:32,38.06,14600,38.06,D
sh600584,长电科技,2025-09-16 09:41:35,38.07,20900,38.06,U
sh600584,长电科技,2025-09-16 09:41:38,38.07,26900,38.07,D
sh600584,长电科技,2025-09-16 09:41:41,38.07,14400,38.07,D
sh600584,长电科技,2025-09-16 09:41:44,38.07,8700,38.07,U
sh600584,长电科技,2025-09-16 09:41:47,38.06,39700,38.07,D
sh600584,长电科技,2025-09-16 09:41:50,38.02,14400,38.06,D
sh600584,长电科技,2025-09-16 09:41:56,38.06,18600,38.06,U
sh600584,长电科技,2025-09-16 09:41:59,38.06,21200,38.06,U
sh600584,长电科技,2025-09-16 09:42:02,38.05,17300,38.06,D
sh600584,长电科技,2025-09-16 09:42:05,38.05,10200,38.05,U
sh600584,长电科技,2025-09-16 09:42:08,38.02,5600,38.05,D
sh600584,长电科技,2025-09-16 09:42:11,37.99,32500,38.02,D
sh600584,长电科技,2025-09-16 09:42:14,38.01,27200,37.99,U
sh600584,长电科技,2025-09-16 09:42:17,37.98,11500,38.01,D
sh600584,长电科技,2025-09-16 09:42:20,37.98,17200,37.98,D
sh600584,长电科技,2025-09-16 09:42:23,37.96,48300,37.98,D
sh600584,长电科技,2025-09-16 09:42:26,37.95,31600,37.96,D
sh600584,长电科技,2025-09-16 09:42:32,37.93,5600,37.95,D
sh600584,长电科技,2025-09-16 09:42:38,37.92,24700,37.92,D
sh600584,长电科技,2025-09-16 09:42:41,37.92,21200,37.92,D
sh600584,长电科技,2025-09-16 09:42:44,37.91,13100,37.92,D
sh600584,长电科技,2025-09-16 09:42:47,37.9,21100,37.91,D
sh600584,长电科技,2025-09-16 09:42:50,37.9,21500,37.9,D
sh600584,长电科技,2025-09-16 09:42:53,37.9,25900,37.9,D
sh600584,长电科技,2025-09-16 09:42:56,37.91,6100,37.9,U
sh600584,长电科技,2025-09-16 09:42:59,37.91,15000,37.91,U
sh600584,长电科技,2025-09-16 09:43:02,37.9,66400,37.91,U
sh600584,长电科技,2025-09-16 09:43:05,37.89,25700,37.9,D
sh600584,长电科技,2025-09-16 09:43:08,37.89,13800,37.89,U
sh600584,长电科技,2025-09-16 09:43:11,37.9,23300,37.89,U
sh600584,长电科技,2025-09-16 09:43:14,37.89,17000,37.9,D
sh600584,长电科技,2025-09-16 09:43:17,37.88,11000,37.89,D
sh600584,长电科技,2025-09-16 09:43:20,37.89,15900,37.88,U
sh600584,长电科技,2025-09-16 09:43:23,37.89,16900,37.89,D
sh600584,长电科技,2025-09-16 09:43:26,37.92,6800,37.89,U
sh600584,长电科技,2025-09-16 09:43:29,37.9,17500,37.92,E
sh600584,长电科技,2025-09-16 09:43:32,37.92,17000,37.9,U
sh600584,长电科技,2025-09-16 09:43:35,37.89,10500,37.92,D
sh600584,长电科技,2025-09-16 09:43:38,37.93,10600,37.89,U
sh600584,长电科技,2025-09-16 09:43:44,37.92,17800,37.92,D
sh600584,长电科技,2025-09-16 09:43:47,37.92,13800,37.92,U
sh600584,长电科技,2025-09-16 09:43:50,37.9,13800,37.92,D
sh600584,长电科技,2025-09-16 09:43:53,37.89,26300,37.9,D
sh600584,长电科技,2025-09-16 09:43:56,37.89,7900,37.89,D
sh600584,长电科技,2025-09-16 09:43:59,37.89,30900,37.89,U
sh600584,长电科技,2025-09-16 09:44:02,37.86,22000,37.89,D
sh600584,长电科技,2025-09-16 09:44:05,37.87,8600,37.86,U
sh600584,长电科技,2025-09-16 09:44:08,37.88,18200,37.87,U
sh600584,长电科技,2025-09-16 09:44:11,37.87,22500,37.88,E
sh600584,长电科技,2025-09-16 09:44:14,37.87,13900,37.87,D
sh600584,长电科技,2025-09-16 09:44:17,37.87,29500,37.87,D
sh600584,长电科技,2025-09-16 09:44:20,37.88,25700,37.87,U
sh600584,长电科技,2025-09-16 09:44:26,37.88,28900,37.88,U
sh600584,长电科技,2025-09-16 09:44:29,37.87,8200,37.88,U
sh600584,长电科技,2025-09-16 09:44:32,37.87,8900,37.87,U
sh600584,长电科技,2025-09-16 09:44:35,37.86,20800,37.87,D
sh600584,长电科技,2025-09-16 09:44:38,37.87,8600,37.86,U
sh600584,长电科技,2025-09-16 09:44:41,37.87,16900,37.87,D
sh600584,长电科技,2025-09-16 09:44:44,37.88,11000,37.87,U
sh600584,长电科技,2025-09-16 09:44:47,37.86,18900,37.88,D
sh600584,长电科技,2025-09-16 09:44:50,37.88,18600,37.86,U
sh600584,长电科技,2025-09-16 09:44:53,37.88,12500,37.88,U
sh600584,长电科技,2025-09-16 09:44:56,37.87,12900,37.88,D
sh600584,长电科技,2025-09-16 09:44:59,37.85,44400,37.87,D
sh600584,长电科技,2025-09-16 09:45:02,37.85,6200,37.85,D
sh600584,长电科技,2025-09-16 09:45:05,37.87,6500,37.85,U
sh600584,长电科技,2025-09-16 09:45:08,37.86,11900,37.87,E
sh600584,长电科技,2025-09-16 09:45:11,37.87,9500,37.86,U
sh600584,长电科技,2025-09-16 09:45:14,37.87,14900,37.87,U
sh600584,长电科技,2025-09-16 09:45:17,37.87,19800,37.87,U
sh600584,长电科技,2025-09-16 09:45:20,37.89,20000,37.87,U
sh600584,长电科技,2025-09-16 09:45:23,37.9,9400,37.89,U
sh600584,长电科技,2025-09-16 09:45:26,37.9,21700,37.9,U
sh600584,长电科技,2025-09-16 09:45:32,37.93,5800,37.93,U
sh600584,长电科技,2025-09-16 09:45:38,37.94,30700,37.92,U
sh600584,长电科技,2025-09-16 09:45:41,37.94,5500,37.94,D
sh600584,长电科技,2025-09-16 09:45:44,37.93,5700,37.94,D
sh600584,长电科技,2025-09-16 09:45:47,37.94,8100,37.93,U
sh600584,长电科技,2025-09-16 09:45:50,37.95,12600,37.94,U
sh600584,长电科技,2025-09-16 09:45:53,37.97,6600,37.95,U
sh600584,长电科技,2025-09-16 09:45:59,37.99,10100,37.98,U
sh600584,长电科技,2025-09-16 09:46:02,38.05,77200,37.99,U
sh600584,长电科技,2025-09-16 09:46:05,38.1,118500,38.05,U
sh600584,长电科技,2025-09-16 09:46:08,38.08,7000,38.1,D
sh600584,长电科技,2025-09-16 09:46:11,38.1,22700,38.08,U
sh600584,长电科技,2025-09-16 09:46:14,38.1,18000,38.1,U
sh600584,长电科技,2025-09-16 09:46:17,38.1,14900,38.1,U
sh600584,长电科技,2025-09-16 09:46:20,38.1,19600,38.1,U
sh600584,长电科技,2025-09-16 09:46:23,38.1,12200,38.1,U
sh600584,长电科技,2025-09-16 09:46:29,38.09,8500,38.07,U
sh600584,长电科技,2025-09-16 09:46:32,38.06,8000,38.09,D
sh600584,长电科技,2025-09-16 09:46:35,38.07,10700,38.06,U
sh600584,长电科技,2025-09-16 09:46:38,38.07,9000,38.07,D
sh600584,长电科技,2025-09-16 09:46:44,38.08,15200,38.08,D
sh600584,长电科技,2025-09-16 09:46:47,38.09,13000,38.08,U
sh600584,长电科技,2025-09-16 09:46:50,38.08,9700,38.09,D
sh600584,长电科技,2025-09-16 09:46:53,38.08,5300,38.08,U
sh600584,长电科技,2025-09-16 09:46:56,38.08,17800,38.08,U
sh600584,长电科技,2025-09-16 09:46:59,38.07,6200,38.08,D
sh600584,长电科技,2025-09-16 09:47:02,38.07,14100,38.07,D
sh600584,长电科技,2025-09-16 09:47:05,38.08,46500,38.07,U
sh600584,长电科技,2025-09-16 09:47:08,38.11,202100,38.08,U
sh600584,长电科技,2025-09-16 09:47:11,38.12,20500,38.11,U
sh600584,长电科技,2025-09-16 09:47:17,38.12,33400,38.12,D
sh600584,长电科技,2025-09-16 09:47:20,38.12,5900,38.12,D
sh600584,长电科技,2025-09-16 09:47:23,38.12,12900,38.12,U
sh600584,长电科技,2025-09-16 09:47:26,38.12,10400,38.12,U
sh600584,长电科技,2025-09-16 09:47:29,38.12,9400,38.12,U
sh600584,长电科技,2025-09-16 09:47:35,38.1,10400,38.08,E
sh600584,长电科技,2025-09-16 09:47:41,38.1,5800,38.1,U
sh600584,长电科技,2025-09-16 09:47:44,38.09,6600,38.1,D
sh600584,长电科技,2025-09-16 09:47:47,38.1,16100,38.09,U
sh600584,长电科技,2025-09-16 09:47:50,38.09,5500,38.1,E
sh600584,长电科技,2025-09-16 09:47:53,38.09,7200,38.09,E
sh600584,长电科技,2025-09-16 09:47:56,38.09,24300,38.09,U
sh600584,长电科技,2025-09-16 09:47:59,38.08,14700,38.09,D
sh600584,长电科技,2025-09-16 09:48:02,38.09,16900,38.08,U
sh600584,长电科技,2025-09-16 09:48:05,38.09,8500,38.09,U
sh600584,长电科技,2025-09-16 09:48:08,38.08,18500,38.09,D
sh600584,长电科技,2025-09-16 09:48:14,38.08,11800,38.08,U
sh600584,长电科技,2025-09-16 09:48:17,38.07,12800,38.08,D
sh600584,长电科技,2025-09-16 09:48:23,38.08,18200,38.08,U
sh600584,长电科技,2025-09-16 09:48:26,38.1,123600,38.08,U
sh600584,长电科技,2025-09-16 09:48:29,38.1,5800,38.1,D
sh600584,长电科技,2025-09-16 09:48:32,38.1,9300,38.1,D
sh600584,长电科技,2025-09-16 09:48:38,38.11,25500,38.11,U
sh600584,长电科技,2025-09-16 09:48:41,38.11,19900,38.11,D
sh600584,长电科技,2025-09-16 09:48:44,38.11,23200,38.11,D
sh600584,长电科技,2025-09-16 09:48:47,38.1,18600,38.11,D
sh600584,长电科技,2025-09-16 09:48:50,38.1,10000,38.1,U
sh600584,长电科技,2025-09-16 09:48:53,38.08,5600,38.1,D
sh600584,长电科技,2025-09-16 09:48:59,38.08,15100,38.08,U
sh600584,长电科技,2025-09-16 09:49:02,38.08,25400,38.08,D
sh600584,长电科技,2025-09-16 09:49:05,38.07,20700,38.08,D
sh600584,长电科技,2025-09-16 09:49:08,38.07,16900,38.07,D
sh600584,长电科技,2025-09-16 09:49:11,38.08,17100,38.07,U
sh600584,长电科技,2025-09-16 09:49:17,38.06,12100,38.07,D
sh600584,长电科技,2025-09-16 09:49:20,38.07,6900,38.06,D
sh600584,长电科技,2025-09-16 09:49:23,38.07,11200,38.07,D
sh600584,长电科技,2025-09-16 09:49:26,38.07,21600,38.07,D
sh600584,长电科技,2025-09-16 09:49:29,38.06,21500,38.07,D
sh600584,长电科技,2025-09-16 09:49:32,38.08,35600,38.06,U
sh600584,长电科技,2025-09-16 09:49:35,38.08,34400,38.08,U
sh600584,长电科技,2025-09-16 09:49:38,38.08,13500,38.08,D
sh600584,长电科技,2025-09-16 09:49:41,38.08,10200,38.08,D
sh600584,长电科技,2025-09-16 09:49:47,38.06,9400,38.06,D
sh600584,长电科技,2025-09-16 09:49:50,38.08,50300,38.06,U
sh600584,长电科技,2025-09-16 09:49:53,38.12,79300,38.08,U
sh600584,长电科技,2025-09-16 09:49:56,38.12,89700,38.12,U
sh600584,长电科技,2025-09-16 09:50:02,38.09,29900,38.09,D
sh600584,长电科技,2025-09-16 09:50:11,38.1,13500,38.1,D
sh600584,长电科技,2025-09-16 09:50:14,38.11,5803,38.1,U
sh600584,长电科技,2025-09-16 09:50:17,38.11,51700,38.11,U
sh600584,长电科技,2025-09-16 09:50:20,38.11,20800,38.11,U
sh600584,长电科技,2025-09-16 09:50:23,38.09,18100,38.11,D
sh600584,长电科技,2025-09-16 09:50:29,38.11,12700,38.11,U
sh600584,长电科技,2025-09-16 09:50:32,38.09,5300,38.11,D
sh600584,长电科技,2025-09-16 09:50:38,38.09,24097,38.09,D
sh600584,长电科技,2025-09-16 09:50:41,38.11,20600,38.09,U
sh600584,长电科技,2025-09-16 09:50:44,38.09,35900,38.11,D
sh600584,长电科技,2025-09-16 09:50:47,38.13,76900,38.09,U
sh600584,长电科技,2025-09-16 09:50:50,38.18,539600,38.13,U
sh600584,长电科技,2025-09-16 09:50:53,38.18,166500,38.18,U
sh600584,长电科技,2025-09-16 09:50:56,38.18,25700,38.18,D
sh600584,长电科技,2025-09-16 09:50:59,38.18,14000,38.18,D
sh600584,长电科技,2025-09-16 09:51:02,38.18,22300,38.18,U
sh600584,长电科技,2025-09-16 09:51:05,38.16,10800,38.18,D
sh600584,长电科技,2025-09-16 09:51:08,38.16,11700,38.16,U
sh600584,长电科技,2025-09-16 09:51:11,38.17,41000,38.16,U
sh600584,长电科技,2025-09-16 09:51:14,38.18,22600,38.17,U
sh600584,长电科技,2025-09-16 09:51:17,38.17,34400,38.18,D
sh600584,长电科技,2025-09-16 09:51:20,38.17,15500,38.17,U
sh600584,长电科技,2025-09-16 09:51:23,38.17,71800,38.17,U
sh600584,长电科技,2025-09-16 09:51:26,38.17,13900,38.17,E
sh600584,长电科技,2025-09-16 09:51:29,38.16,9400,38.17,D
sh600584,长电科技,2025-09-16 09:51:32,38.16,13400,38.16,D
sh600584,长电科技,2025-09-16 09:51:35,38.16,10800,38.16,D
sh600584,长电科技,2025-09-16 09:51:38,38.15,16100,38.16,D
sh600584,长电科技,2025-09-16 09:51:41,38.16,15900,38.15,U
sh600584,长电科技,2025-09-16 09:51:44,38.16,9200,38.16,U
sh600584,长电科技,2025-09-16 09:51:50,38.15,27400,38.14,U
sh600584,长电科技,2025-09-16 09:51:53,38.14,30300,38.15,D
sh600584,长电科技,2025-09-16 09:51:56,38.12,30000,38.14,D
sh600584,长电科技,2025-09-16 09:51:59,38.11,26700,38.12,D
sh600584,长电科技,2025-09-16 09:52:02,38.11,12100,38.11,D
sh600584,长电科技,2025-09-16 09:52:08,38.11,7600,38.12,D
sh600584,长电科技,2025-09-16 09:52:11,38.12,27200,38.11,U
sh600584,长电科技,2025-09-16 09:52:14,38.12,9400,38.12,U
sh600584,长电科技,2025-09-16 09:52:17,38.11,17800,38.12,D
sh600584,长电科技,2025-09-16 09:52:20,38.12,26500,38.11,U
sh600584,长电科技,2025-09-16 09:52:23,38.12,16300,38.12,D
sh600584,长电科技,2025-09-16 09:52:26,38.12,7600,38.12,U
sh600584,长电科技,2025-09-16 09:52:29,38.11,9800,38.12,D
sh600584,长电科技,2025-09-16 09:52:32,38.12,15800,38.11,U
sh600584,长电科技,2025-09-16 09:52:38,38.11,7400,38.11,D
sh600584,长电科技,2025-09-16 09:52:44,38.11,38300,38.11,U
sh600584,长电科技,2025-09-16 09:52:50,38.09,47300,38.1,D
sh600584,长电科技,2025-09-16 09:52:53,38.08,8100,38.09,D
sh600584,长电科技,2025-09-16 09:52:56,38.08,13600,38.08,D
sh600584,长电科技,2025-09-16 09:52:59,38.08,27100,38.08,D
sh600584,长电科技,2025-09-16 09:53:02,38.08,9600,38.08,D
sh600584,长电科技,2025-09-16 09:53:05,38.08,9400,38.08,D
sh600584,长电科技,2025-09-16 09:53:11,38.09,8400,38.1,D
sh600584,长电科技,2025-09-16 09:53:14,38.07,126100,38.09,D
sh600584,长电科技,2025-09-16 09:53:17,38.03,63200,38.07,D
sh600584,长电科技,2025-09-16 09:53:20,38.02,8800,38.03,D
sh600584,长电科技,2025-09-16 09:53:29,38.01,9900,38.02,D
sh600584,长电科技,2025-09-16 09:53:32,38.02,17800,38.01,U
sh600584,长电科技,2025-09-16 09:53:35,38.02,9500,38.02,U
sh600584,长电科技,2025-09-16 09:53:41,38.02,10700,38.02,U
sh600584,长电科技,2025-09-16 09:53:44,38.01,8000,38.02,D
sh600584,长电科技,2025-09-16 09:53:50,38.02,19900,38.02,D
sh600584,长电科技,2025-09-16 09:53:53,38.01,15100,38.02,D
sh600584,长电科技,2025-09-16 09:53:59,38.02,18600,38.01,U
sh600584,长电科技,2025-09-16 09:54:02,38.04,11100,38.02,U
sh600584,长电科技,2025-09-16 09:54:05,38.06,15100,38.04,U
sh600584,长电科技,2025-09-16 09:54:11,38.05,23000,38.03,D
sh600584,长电科技,2025-09-16 09:54:14,38.06,74400,38.05,U
sh600584,长电科技,2025-09-16 09:54:17,38.09,9500,38.06,U
sh600584,长电科技,2025-09-16 09:54:20,38.07,38000,38.09,D
sh600584,长电科技,2025-09-16 09:54:26,38.1,8500,38.09,E
sh600584,长电科技,2025-09-16 09:54:32,38.11,8000,38.11,U
sh600584,长电科技,2025-09-16 09:54:35,38.08,6000,38.11,D
sh600584,长电科技,2025-09-16 09:54:38,38.11,20800,38.08,U
sh600584,长电科技,2025-09-16 09:54:41,38.1,18700,38.11,D
sh600584,长电科技,2025-09-16 09:54:44,38.08,7300,38.1,D
sh600584,长电科技,2025-09-16 09:54:47,38.1,6100,38.08,U
sh600584,长电科技,2025-09-16 09:54:56,38.1,25700,38.1,U
sh600584,长电科技,2025-09-16 09:55:02,38.1,52100,38.1,U
sh600584,长电科技,2025-09-16 09:55:05,38.1,12900,38.1,U
sh600584,长电科技,2025-09-16 09:55:08,38.1,6500,38.1,U
sh600584,长电科技,2025-09-16 09:55:17,38.08,7100,38.1,D
sh600584,长电科技,2025-09-16 09:55:20,38.08,8000,38.08,D
sh600584,长电科技,2025-09-16 09:55:23,38.07,5500,38.08,D
sh600584,长电科技,2025-09-16 09:55:29,38.08,9200,38.08,U
sh600584,长电科技,2025-09-16 09:55:32,38.07,10800,38.08,D
sh600584,长电科技,2025-09-16 09:55:35,38.07,21100,38.07,D
sh600584,长电科技,2025-09-16 09:55:41,38.07,5800,38.07,U
sh600584,长电科技,2025-09-16 09:55:44,38.06,12800,38.07,D
sh600584,长电科技,2025-09-16 09:55:47,38.04,15800,38.06,D
sh600584,长电科技,2025-09-16 09:55:50,38.05,7000,38.04,U
sh600584,长电科技,2025-09-16 09:55:53,38.04,6800,38.05,D
sh600584,长电科技,2025-09-16 09:55:56,38.06,15600,38.04,U
sh600584,长电科技,2025-09-16 09:56:14,38.05,6000,38.06,D
sh600584,长电科技,2025-09-16 09:56:17,38.04,9700,38.05,D
sh600584,长电科技,2025-09-16 09:56:23,38.05,7300,38.05,U
sh600584,长电科技,2025-09-16 09:56:26,38.05,10700,38.05,U
sh600584,长电科技,2025-09-16 09:56:32,38.06,8500,38.05,U
sh600584,长电科技,2025-09-16 09:56:50,38.06,9900,38.06,D
sh600584,长电科技,2025-09-16 09:56:53,38.06,43500,38.06,D
sh600584,长电科技,2025-09-16 09:56:56,38.05,10500,38.06,D
sh600584,长电科技,2025-09-16 09:57:05,38.03,64300,38.06,D
sh600584,长电科技,2025-09-16 09:57:08,38.0,49100,38.03,D
sh600584,长电科技,2025-09-16 09:57:11,37.99,97300,38.0,D
sh600584,长电科技,2025-09-16 09:57:17,38.0,5300,38.0,U
sh600584,长电科技,2025-09-16 09:57:29,37.99,19800,38.02,D
sh600584,长电科技,2025-09-16 09:57:38,37.97,5300,37.99,D
sh600584,长电科技,2025-09-16 09:57:41,37.99,17000,37.97,U
sh600584,长电科技,2025-09-16 09:57:47,37.97,8100,37.97,D
sh600584,长电科技,2025-09-16 09:57:50,37.96,7500,37.97,D
sh600584,长电科技,2025-09-16 09:57:53,37.97,14600,37.96,U
sh600584,长电科技,2025-09-16 09:57:56,37.97,6400,37.97,D
sh600584,长电科技,2025-09-16 09:58:02,37.96,10200,37.97,D
sh600584,长电科技,2025-09-16 09:58:11,37.97,12100,37.96,U
sh600584,长电科技,2025-09-16 09:58:14,37.97,18700,37.97,D
sh600584,长电科技,2025-09-16 09:58:17,37.97,13300,37.97,D
sh600584,长电科技,2025-09-16 09:58:20,37.96,11400,37.97,D
sh600584,长电科技,2025-09-16 09:58:23,37.96,9500,37.96,D
sh600584,长电科技,2025-09-16 09:58:26,37.96,6800,37.96,U
sh600584,长电科技,2025-09-16 09:58:29,37.96,6200,37.96,U
sh600584,长电科技,2025-09-16 09:58:32,37.96,9700,37.96,U
sh600584,长电科技,2025-09-16 09:58:38,37.96,10700,37.95,U
sh600584,长电科技,2025-09-16 09:58:44,37.95,5700,37.95,D
sh600584,长电科技,2025-09-16 09:58:47,37.93,6300,37.95,D
sh600584,长电科技,2025-09-16 09:58:56,37.93,19600,37.95,D
sh600584,长电科技,2025-09-16 09:58:59,37.95,16000,37.93,U
sh600584,长电科技,2025-09-16 09:59:05,37.93,6500,37.93,D
sh600584,长电科技,2025-09-16 09:59:08,37.9,74100,37.93,D
sh600584,长电科技,2025-09-16 09:59:11,37.93,7900,37.9,U
sh600584,长电科技,2025-09-16 09:59:14,37.93,11200,37.93,D
sh600584,长电科技,2025-09-16 09:59:20,37.92,13100,37.92,D
sh600584,长电科技,2025-09-16 09:59:23,37.93,9200,37.92,U
sh600584,长电科技,2025-09-16 09:59:29,37.93,9200,37.92,U
sh600584,长电科技,2025-09-16 09:59:32,37.92,6500,37.93,D
sh600584,长电科技,2025-09-16 09:59:35,37.93,9400,37.92,U
sh600584,长电科技,2025-09-16 09:59:38,37.92,23300,37.93,D
sh600584,长电科技,2025-09-16 09:59:41,37.93,6800,37.92,U
sh600584,长电科技,2025-09-16 09:59:44,37.92,27000,37.93,D
sh600584,长电科技,2025-09-16 09:59:47,37.93,6700,37.92,U
sh600584,长电科技,2025-09-16 09:59:50,37.93,7500,37.93,U
sh600584,长电科技,2025-09-16 09:59:53,37.94,9400,37.93,U
sh600584,长电科技,2025-09-16 09:59:56,37.93,10700,37.94,D
sh600584,长电科技,2025-09-16 09:59:59,37.93,16600,37.93,D
sh600584,长电科技,2025-09-16 10:00:02,37.93,6500,37.93,U
sh600584,长电科技,2025-09-16 10:00:05,37.93,11600,37.93,D
sh600584,长电科技,2025-09-16 10:00:14,37.95,6600,37.95,U
sh600584,长电科技,2025-09-16 10:00:20,37.96,13100,37.95,U
sh600584,长电科技,2025-09-16 10:00:23,37.97,20400,37.96,U
sh600584,长电科技,2025-09-16 10:00:29,37.97,12500,37.96,U
sh600584,长电科技,2025-09-16 10:00:32,37.96,42000,37.97,D
sh600584,长电科技,2025-09-16 10:00:35,37.94,20100,37.96,D
sh600584,长电科技,2025-09-16 10:00:38,37.94,9600,37.94,D
sh600584,长电科技,2025-09-16 10:00:41,37.95,15200,37.94,U
sh600584,长电科技,2025-09-16 10:00:47,37.95,8100,37.95,D
sh600584,长电科技,2025-09-16 10:00:56,37.94,19800,37.96,D
sh600584,长电科技,2025-09-16 10:00:59,37.95,53400,37.94,U
sh600584,长电科技,2025-09-16 10:01:02,37.97,5500,37.95,U
sh600584,长电科技,2025-09-16 10:01:08,37.97,6800,37.97,U
sh600584,长电科技,2025-09-16 10:01:14,37.97,10000,37.97,U
sh600584,长电科技,2025-09-16 10:01:26,37.97,15400,37.97,D
sh600584,长电科技,2025-09-16 10:01:29,37.97,12300,37.97,D
sh600584,长电科技,2025-09-16 10:01:32,37.97,21600,37.97,D
sh600584,长电科技,2025-09-16 10:01:35,37.95,13400,37.97,D
sh600584,长电科技,2025-09-16 10:01:44,37.97,6100,37.97,D
sh600584,长电科技,2025-09-16 10:01:53,37.96,6600,37.97,D
sh600584,长电科技,2025-09-16 10:01:56,37.97,6300,37.96,E
sh600584,长电科技,2025-09-16 10:01:59,37.97,7500,37.97,D
sh600584,长电科技,2025-09-16 10:02:02,38.0,27600,37.97,U
sh600584,长电科技,2025-09-16 10:02:08,38.0,5900,38.01,D
sh600584,长电科技,2025-09-16 10:02:11,38.01,7700,38.0,E
sh600584,长电科技,2025-09-16 10:02:14,38.02,11300,38.01,E
sh600584,长电科技,2025-09-16 10:02:17,38.03,8100,38.02,D
sh600584,长电科技,2025-09-16 10:02:20,38.02,7900,38.03,D
sh600584,长电科技,2025-09-16 10:02:26,38.03,9200,38.03,U
sh600584,长电科技,2025-09-16 10:02:35,38.04,5300,38.03,U
sh600584,长电科技,2025-09-16 10:02:38,38.03,9400,38.04,D
sh600584,长电科技,2025-09-16 10:02:41,38.03,5900,38.03,D
sh600584,长电科技,2025-09-16 10:02:44,38.05,19100,38.03,U
sh600584,长电科技,2025-09-16 10:02:50,38.05,15600,38.04,U
sh600584,长电科技,2025-09-16 10:02:53,38.05,39900,38.05,U
sh600584,长电科技,2025-09-16 10:03:08,38.06,14300,38.05,U
sh600584,长电科技,2025-09-16 10:03:14,38.06,8000,38.06,D
sh600584,长电科技,2025-09-16 10:03:17,38.07,24700,38.06,U
sh600584,长电科技,2025-09-16 10:03:20,38.07,10200,38.07,D
sh600584,长电科技,2025-09-16 10:03:23,38.07,7300,38.07,U
sh600584,长电科技,2025-09-16 10:03:26,38.06,6000,38.07,D
sh600584,长电科技,2025-09-16 10:03:29,38.05,22200,38.06,D
sh600584,长电科技,2025-09-16 10:03:32,38.05,23600,38.05,D
sh600584,长电科技,2025-09-16 10:03:35,38.03,8400,38.05,D
sh600584,长电科技,2025-09-16 10:03:44,38.03,10900,38.04,D
sh600584,长电科技,2025-09-16 10:03:50,38.04,33400,38.04,D
sh600584,长电科技,2025-09-16 10:03:53,38.03,8100,38.04,D
sh600584,长电科技,2025-09-16 10:03:56,38.02,19000,38.03,D
sh600584,长电科技,2025-09-16 10:04:08,38.03,54800,38.02,U
sh600584,长电科技,2025-09-16 10:04:17,38.02,11400,38.04,D
sh600584,长电科技,2025-09-16 10:04:23,38.03,6000,38.03,D
sh600584,长电科技,2025-09-16 10:04:26,38.04,52600,38.03,U
sh600584,长电科技,2025-09-16 10:04:35,38.06,30100,38.04,U
sh600584,长电科技,2025-09-16 10:04:38,38.04,8800,38.06,D
sh600584,长电科技,2025-09-16 10:04:53,38.05,31600,38.04,E
sh600584,长电科技,2025-09-16 10:04:56,38.04,9800,38.05,D
sh600584,长电科技,2025-09-16 10:05:05,38.04,10400,38.05,D
sh600584,长电科技,2025-09-16 10:05:08,38.05,14600,38.04,U
sh600584,长电科技,2025-09-16 10:05:14,38.04,22200,38.05,D
sh600584,长电科技,2025-09-16 10:05:17,38.04,11000,38.04,D
sh600584,长电科技,2025-09-16 10:05:20,38.05,28700,38.04,U
sh600584,长电科技,2025-09-16 10:05:23,38.05,71400,38.05,U
sh600584,长电科技,2025-09-16 10:05:32,38.05,6600,38.04,U
sh600584,长电科技,2025-09-16 10:05:38,38.04,7200,38.04,U
sh600584,长电科技,2025-09-16 10:05:41,38.04,14100,38.04,U
sh600584,长电科技,2025-09-16 10:05:53,38.04,25500,38.04,D
sh600584,长电科技,2025-09-16 10:05:56,38.04,10800,38.04,D
sh600584,长电科技,2025-09-16 10:05:59,38.03,7600,38.04,D
sh600584,长电科技,2025-09-16 10:06:08,38.03,7900,38.04,D
sh600584,长电科技,2025-09-16 10:06:11,38.06,5700,38.03,U
sh600584,长电科技,2025-09-16 10:06:23,38.05,7500,38.05,U
sh600584,长电科技,2025-09-16 10:06:26,38.04,11300,38.05,D
sh600584,长电科技,2025-09-16 10:06:38,38.05,6800,38.04,U
sh600584,长电科技,2025-09-16 10:06:41,38.05,8600,38.05,U
sh600584,长电科技,2025-09-16 10:06:50,38.05,24600,38.05,U
sh600584,长电科技,2025-09-16 10:06:53,38.05,6300,38.05,U
sh600584,长电科技,2025-09-16 10:06:59,38.05,23100,38.05,U
sh600584,长电科技,2025-09-16 10:07:02,38.05,5800,38.05,U
sh600584,长电科技,2025-09-16 10:07:05,38.05,5300,38.05,D
sh600584,长电科技,2025-09-16 10:07:11,38.06,14800,38.04,U
sh600584,长电科技,2025-09-16 10:07:17,38.04,42300,38.05,D
sh600584,长电科技,2025-09-16 10:07:20,38.02,30800,38.04,D
sh600584,长电科技,2025-09-16 10:07:23,38.02,7300,38.02,D
sh600584,长电科技,2025-09-16 10:07:26,38.02,15800,38.02,D
sh600584,长电科技,2025-09-16 10:07:38,38.02,14800,38.01,U
sh600584,长电科技,2025-09-16 10:07:41,38.02,7200,38.02,U
sh600584,长电科技,2025-09-16 10:07:44,38.01,6700,38.02,D
sh600584,长电科技,2025-09-16 10:07:47,38.01,6400,38.01,D
sh600584,长电科技,2025-09-16 10:07:50,38.01,10700,38.01,D
sh600584,长电科技,2025-09-16 10:07:53,38.01,6200,38.01,D
sh600584,长电科技,2025-09-16 10:08:02,38.0,6400,38.01,D
sh600584,长电科技,2025-09-16 10:08:05,38.0,22400,38.0,D
sh600584,长电科技,2025-09-16 10:08:08,38.0,16300,38.0,D
sh600584,长电科技,2025-09-16 10:08:17,38.0,27900,37.99,U
sh600584,长电科技,2025-09-16 10:08:20,38.02,77700,38.0,U
sh600584,长电科技,2025-09-16 10:08:23,38.02,5700,38.02,D
sh600584,长电科技,2025-09-16 10:08:32,38.0,6600,38.02,D
sh600584,长电科技,2025-09-16 10:08:35,38.02,11200,38.0,U
sh600584,长电科技,2025-09-16 10:08:38,38.04,15900,38.02,U
sh600584,长电科技,2025-09-16 10:08:47,38.05,10000,38.04,U
sh600584,长电科技,2025-09-16 10:08:59,38.03,6100,38.04,D
sh600584,长电科技,2025-09-16 10:09:08,38.02,5600,38.04,D
sh600584,长电科技,2025-09-16 10:09:14,38.07,88500,38.04,U
sh600584,长电科技,2025-09-16 10:09:17,38.06,5900,38.07,D
sh600584,长电科技,2025-09-16 10:09:23,38.05,7300,38.05,D
sh600584,长电科技,2025-09-16 10:09:41,38.07,16500,38.06,U
sh600584,长电科技,2025-09-16 10:09:50,38.06,6200,38.07,D
sh600584,长电科技,2025-09-16 10:10:02,38.07,28900,38.07,U
sh600584,长电科技,2025-09-16 10:10:05,38.07,8800,38.07,U
sh600584,长电科技,2025-09-16 10:10:11,38.07,8200,38.06,U
sh600584,长电科技,2025-09-16 10:10:14,38.06,15100,38.07,D
sh600584,长电科技,2025-09-16 10:10:17,38.06,6800,38.06,D
sh600584,长电科技,2025-09-16 10:10:26,38.06,9300,38.07,D
sh600584,长电科技,2025-09-16 10:10:32,38.07,7200,38.07,U
sh600584,长电科技,2025-09-16 10:10:35,38.07,28700,38.07,U
sh600584,长电科技,2025-09-16 10:10:38,38.06,17100,38.07,D
sh600584,长电科技,2025-09-16 10:10:47,38.06,6200,38.06,U
sh600584,长电科技,2025-09-16 10:10:53,38.06,9800,38.05,D
sh600584,长电科技,2025-09-16 10:11:02,38.06,9400,38.05,U
sh600584,长电科技,2025-09-16 10:11:14,38.05,9500,38.06,D
sh600584,长电科技,2025-09-16 10:11:17,38.05,26200,38.05,D
sh600584,长电科技,2025-09-16 10:11:20,38.06,6300,38.05,U
sh600584,长电科技,2025-09-16 10:11:23,38.06,18800,38.06,U
sh600584,长电科技,2025-09-16 10:11:26,38.06,6800,38.06,D
sh600584,长电科技,2025-09-16 10:11:38,38.05,10700,38.06,D
sh600584,长电科技,2025-09-16 10:11:50,38.05,6000,38.05,U
sh600584,长电科技,2025-09-16 10:11:59,38.04,17600,38.05,D
sh600584,长电科技,2025-09-16 10:12:02,38.03,37600,38.04,D
sh600584,长电科技,2025-09-16 10:12:08,38.04,8900,38.03,U
sh600584,长电科技,2025-09-16 10:12:11,38.04,7600,38.04,U
sh600584,长电科技,2025-09-16 10:12:26,38.03,11400,38.03,U
sh600584,长电科技,2025-09-16 10:12:32,38.03,23900,38.03,D
sh600584,长电科技,2025-09-16 10:12:35,38.03,12200,38.03,D
sh600584,长电科技,2025-09-16 10:12:38,38.03,16000,38.03,D
sh600584,长电科技,2025-09-16 10:12:41,38.03,13100,38.03,U
sh600584,长电科技,2025-09-16 10:12:47,38.02,40000,38.03,D
sh600584,长电科技,2025-09-16 10:12:50,38.01,15200,38.02,D
sh600584,长电科技,2025-09-16 10:12:53,38.01,16400,38.01,D
sh600584,长电科技,2025-09-16 10:12:56,38.0,17100,38.01,D
sh600584,长电科技,2025-09-16 10:12:59,38.01,34000,38.0,U
sh600584,长电科技,2025-09-16 10:13:02,37.99,7500,38.01,D
sh600584,长电科技,2025-09-16 10:13:05,37.98,16300,37.99,D
sh600584,长电科技,2025-09-16 10:13:08,37.98,7800,37.98,D
sh600584,长电科技,2025-09-16 10:13:20,37.98,9900,37.97,U
sh600584,长电科技,2025-09-16 10:13:35,37.96,7600,37.97,D
sh600584,长电科技,2025-09-16 10:13:38,37.96,7200,37.96,D
sh600584,长电科技,2025-09-16 10:13:47,37.95,7600,37.95,D
sh600584,长电科技,2025-09-16 10:13:50,37.96,9200,37.95,U
sh600584,长电科技,2025-09-16 10:13:53,37.96,18200,37.96,U
sh600584,长电科技,2025-09-16 10:13:56,37.98,95400,37.96,U
sh600584,长电科技,2025-09-16 10:13:59,37.97,14200,37.98,D
sh600584,长电科技,2025-09-16 10:14:02,37.97,6000,37.97,D
sh600584,长电科技,2025-09-16 10:14:17,37.99,10600,37.98,U
sh600584,长电科技,2025-09-16 10:14:20,37.98,10900,37.99,D
sh600584,长电科技,2025-09-16 10:14:32,37.98,6800,37.99,D
sh600584,长电科技,2025-09-16 10:14:35,37.98,11700,37.98,D
sh600584,长电科技,2025-09-16 10:14:41,37.98,8100,37.98,U
sh600584,长电科技,2025-09-16 10:14:59,37.97,10600,37.97,D
sh600584,长电科技,2025-09-16 10:15:02,37.97,13500,37.97,D
sh600584,长电科技,2025-09-16 10:15:08,37.98,6000,37.98,D
sh600584,长电科技,2025-09-16 10:15:17,37.97,10200,37.97,U
sh600584,长电科技,2025-09-16 10:15:20,37.97,11100,37.97,U
sh600584,长电科技,2025-09-16 10:15:23,37.97,9100,37.97,U
sh600584,长电科技,2025-09-16 10:15:26,37.99,52700,37.97,U
sh600584,长电科技,2025-09-16 10:15:29,37.98,5800,37.99,U
sh600584,长电科技,2025-09-16 10:15:44,37.98,5300,37.98,E
sh600584,长电科技,2025-09-16 10:15:47,37.98,23300,37.98,U
sh600584,长电科技,2025-09-16 10:16:02,37.99,7700,37.99,U
sh600584,长电科技,2025-09-16 10:16:05,37.98,12500,37.99,D
sh600584,长电科技,2025-09-16 10:16:20,37.98,5700,37.97,U
sh600584,长电科技,2025-09-16 10:16:23,37.96,6700,37.98,D
sh600584,长电科技,2025-09-16 10:16:29,37.95,24700,37.96,D
sh600584,长电科技,2025-09-16 10:16:32,37.94,14000,37.95,D
sh600584,长电科技,2025-09-16 10:16:35,37.94,8900,37.94,D
sh600584,长电科技,2025-09-16 10:16:38,37.94,9800,37.94,U
sh600584,长电科技,2025-09-16 10:16:41,37.93,7900,37.94,D
sh600584,长电科技,2025-09-16 10:16:47,37.93,12200,37.93,D
sh600584,长电科技,2025-09-16 10:16:50,37.92,23300,37.93,D
sh600584,长电科技,2025-09-16 10:16:53,37.93,26800,37.92,U
sh600584,长电科技,2025-09-16 10:16:59,37.93,23400,37.93,D
sh600584,长电科技,2025-09-16 10:17:02,37.93,11900,37.93,U
sh600584,长电科技,2025-09-16 10:17:05,37.98,45800,37.93,U
sh600584,长电科技,2025-09-16 10:17:08,37.92,9300,37.98,D
sh600584,长电科技,2025-09-16 10:17:14,37.94,12600,37.94,D
sh600584,长电科技,2025-09-16 10:17:17,37.93,5600,37.94,D
sh600584,长电科技,2025-09-16 10:17:23,37.93,19100,37.94,D
sh600584,长电科技,2025-09-16 10:17:29,37.94,7700,37.94,D
sh600584,长电科技,2025-09-16 10:17:32,37.94,11500,37.94,D
sh600584,长电科技,2025-09-16 10:17:35,37.94,23000,37.94,D
sh600584,长电科技,2025-09-16 10:17:38,37.94,14500,37.94,D
sh600584,长电科技,2025-09-16 10:17:41,37.94,26200,37.94,D
sh600584,长电科技,2025-09-16 10:17:47,37.93,15300,37.94,D
sh600584,长电科技,2025-09-16 10:17:50,37.94,14100,37.93,U
sh600584,长电科技,2025-09-16 10:17:56,37.93,15800,37.93,D
sh600584,长电科技,2025-09-16 10:17:59,37.93,7100,37.93,D
sh600584,长电科技,2025-09-16 10:18:02,37.92,26600,37.93,D
sh600584,长电科技,2025-09-16 10:18:08,37.94,34300,37.93,U
sh600584,长电科技,2025-09-16 10:18:11,37.93,10200,37.94,D
sh600584,长电科技,2025-09-16 10:18:17,37.95,6500,37.93,U
sh600584,长电科技,2025-09-16 10:18:23,37.94,22200,37.95,D
sh600584,长电科技,2025-09-16 10:18:32,37.94,8800,37.94,U
sh600584,长电科技,2025-09-16 10:18:35,37.95,22000,37.94,U
sh600584,长电科技,2025-09-16 10:18:38,37.96,16600,37.95,U
sh600584,长电科技,2025-09-16 10:18:44,37.96,9200,37.96,D
sh600584,长电科技,2025-09-16 10:18:50,37.98,5700,37.96,U
sh600584,长电科技,2025-09-16 10:18:53,37.96,6800,37.98,D
sh600584,长电科技,2025-09-16 10:18:56,37.98,31500,37.96,U
sh600584,长电科技,2025-09-16 10:19:11,37.98,16200,37.98,D
sh600584,长电科技,2025-09-16 10:19:14,38.04,174700,37.98,U
sh600584,长电科技,2025-09-16 10:19:17,38.04,28300,38.04,D
sh600584,长电科技,2025-09-16 10:19:26,38.05,6600,38.05,U
sh600584,长电科技,2025-09-16 10:19:29,38.04,10500,38.05,D
sh600584,长电科技,2025-09-16 10:19:32,38.05,13300,38.04,U
sh600584,长电科技,2025-09-16 10:19:41,38.05,5800,38.05,U
sh600584,长电科技,2025-09-16 10:19:44,38.04,5800,38.05,D
sh600584,长电科技,2025-09-16 10:19:47,38.04,35100,38.04,D
sh600584,长电科技,2025-09-16 10:19:50,38.05,6100,38.04,E
sh600584,长电科技,2025-09-16 10:19:53,38.05,27800,38.05,U
sh600584,长电科技,2025-09-16 10:19:59,38.01,14800,38.04,D
sh600584,长电科技,2025-09-16 10:20:05,38.05,17500,38.04,U
sh600584,长电科技,2025-09-16 10:20:14,38.05,16600,38.05,U
sh600584,长电科技,2025-09-16 10:20:17,38.05,5500,38.05,D
sh600584,长电科技,2025-09-16 10:20:20,38.03,30800,38.05,D
sh600584,长电科技,2025-09-16 10:20:23,38.03,8600,38.03,D
sh600584,长电科技,2025-09-16 10:20:26,38.04,13900,38.03,U
sh600584,长电科技,2025-09-16 10:20:32,38.02,8900,38.03,D
sh600584,长电科技,2025-09-16 10:20:35,38.04,6400,38.02,U
sh600584,长电科技,2025-09-16 10:20:44,38.02,5400,38.03,D
sh600584,长电科技,2025-09-16 10:20:47,38.02,6200,38.02,U
sh600584,长电科技,2025-09-16 10:20:53,38.01,7000,38.01,D
sh600584,长电科技,2025-09-16 10:20:56,38.01,14500,38.01,D
sh600584,长电科技,2025-09-16 10:20:59,38.04,18900,38.01,U
sh600584,长电科技,2025-09-16 10:21:08,38.02,13000,38.02,D
sh600584,长电科技,2025-09-16 10:21:11,38.02,13500,38.02,D
sh600584,长电科技,2025-09-16 10:21:29,38.01,8800,38.02,D
sh600584,长电科技,2025-09-16 10:21:41,38.0,19300,38.0,D
sh600584,长电科技,2025-09-16 10:21:53,37.99,7600,37.99,D
sh600584,长电科技,2025-09-16 10:21:56,38.03,111300,37.99,U
sh600584,长电科技,2025-09-16 10:21:59,38.04,19600,38.03,U
sh600584,长电科技,2025-09-16 10:22:11,38.03,10500,38.03,U
sh600584,长电科技,2025-09-16 10:22:20,38.01,14300,38.02,D
sh600584,长电科技,2025-09-16 10:22:23,38.01,10300,38.01,D
sh600584,长电科技,2025-09-16 10:22:26,38.03,62400,38.01,U
sh600584,长电科技,2025-09-16 10:22:29,38.02,7800,38.03,D
sh600584,长电科技,2025-09-16 10:22:32,38.01,5500,38.02,D
sh600584,长电科技,2025-09-16 10:22:38,38.0,7000,38.0,D
sh600584,长电科技,2025-09-16 10:22:41,37.99,6900,38.0,D
sh600584,长电科技,2025-09-16 10:22:53,37.99,6100,37.99,D
sh600584,长电科技,2025-09-16 10:23:02,37.98,8800,37.98,D
sh600584,长电科技,2025-09-16 10:23:08,38.0,74400,37.99,U
sh600584,长电科技,2025-09-16 10:23:11,38.02,5700,38.0,U
sh600584,长电科技,2025-09-16 10:23:14,37.99,21700,38.02,D
sh600584,长电科技,2025-09-16 10:23:23,38.01,7200,38.01,E
sh600584,长电科技,2025-09-16 10:23:32,38.04,55700,38.02,U
sh600584,长电科技,2025-09-16 10:23:35,38.04,76200,38.04,U
sh600584,长电科技,2025-09-16 10:23:41,38.04,13400,38.04,D
sh600584,长电科技,2025-09-16 10:23:44,38.04,19100,38.04,D
sh600584,长电科技,2025-09-16 10:23:50,38.04,43100,38.04,D
sh600584,长电科技,2025-09-16 10:23:53,38.06,29000,38.04,U
sh600584,长电科技,2025-09-16 10:23:56,38.09,143900,38.06,U
sh600584,长电科技,2025-09-16 10:23:59,38.09,11200,38.09,D
sh600584,长电科技,2025-09-16 10:24:02,38.09,6100,38.09,D
sh600584,长电科技,2025-09-16 10:24:05,38.09,18200,38.09,E
sh600584,长电科技,2025-09-16 10:24:11,38.08,7700,38.08,D
sh600584,长电科技,2025-09-16 10:24:20,38.05,11100,38.08,D
sh600584,长电科技,2025-09-16 10:24:35,38.07,5800,38.06,U
sh600584,长电科技,2025-09-16 10:24:38,38.08,9100,38.07,U
sh600584,长电科技,2025-09-16 10:24:41,38.08,10700,38.08,U
sh600584,长电科技,2025-09-16 10:24:44,38.11,155400,38.08,U
sh600584,长电科技,2025-09-16 10:24:47,38.09,24400,38.11,D
sh600584,长电科技,2025-09-16 10:24:50,38.11,8200,38.09,E
sh600584,长电科技,2025-09-16 10:24:53,38.11,7200,38.11,D
sh600584,长电科技,2025-09-16 10:24:59,38.11,10300,38.11,U
sh600584,长电科技,2025-09-16 10:25:02,38.1,7000,38.11,E
sh600584,长电科技,2025-09-16 10:25:05,38.09,7600,38.1,D
sh600584,长电科技,2025-09-16 10:25:08,38.1,19200,38.09,U
sh600584,长电科技,2025-09-16 10:25:14,38.13,64100,38.11,U
sh600584,长电科技,2025-09-16 10:25:17,38.15,140400,38.13,U
sh600584,长电科技,2025-09-16 10:25:20,38.16,95000,38.15,U
sh600584,长电科技,2025-09-16 10:25:23,38.16,7200,38.16,D
sh600584,长电科技,2025-09-16 10:25:26,38.17,7800,38.16,U
sh600584,长电科技,2025-09-16 10:25:29,38.17,20100,38.17,U
sh600584,长电科技,2025-09-16 10:25:32,38.15,41100,38.17,D
sh600584,长电科技,2025-09-16 10:25:35,38.17,37400,38.15,D
sh600584,长电科技,2025-09-16 10:25:38,38.16,32200,38.17,E
sh600584,长电科技,2025-09-16 10:25:41,38.15,22000,38.16,D
sh600584,长电科技,2025-09-16 10:25:44,38.15,8200,38.15,U
sh600584,长电科技,2025-09-16 10:25:47,38.15,30600,38.15,U
sh600584,长电科技,2025-09-16 10:25:50,38.15,10600,38.15,D
sh600584,长电科技,2025-09-16 10:25:53,38.15,8900,38.15,U
sh600584,长电科技,2025-09-16 10:25:56,38.14,15300,38.15,D
sh600584,长电科技,2025-09-16 10:25:59,38.15,18500,38.14,U
sh600584,长电科技,2025-09-16 10:26:02,38.15,6900,38.15,U
sh600584,长电科技,2025-09-16 10:26:05,38.14,33000,38.15,D
sh600584,长电科技,2025-09-16 10:26:08,38.15,10500,38.14,U
sh600584,长电科技,2025-09-16 10:26:11,38.14,26500,38.15,D
sh600584,长电科技,2025-09-16 10:26:14,38.14,12300,38.14,D
sh600584,长电科技,2025-09-16 10:26:17,38.14,13300,38.14,D
sh600584,长电科技,2025-09-16 10:26:23,38.14,12100,38.13,U
sh600584,长电科技,2025-09-16 10:26:29,38.14,9500,38.14,U
sh600584,长电科技,2025-09-16 10:26:32,38.13,17000,38.14,D
sh600584,长电科技,2025-09-16 10:26:35,38.14,8000,38.13,U
sh600584,长电科技,2025-09-16 10:26:41,38.13,10600,38.14,D
sh600584,长电科技,2025-09-16 10:26:50,38.12,9700,38.13,D
sh600584,长电科技,2025-09-16 10:26:53,38.11,12100,38.12,D
sh600584,长电科技,2025-09-16 10:26:56,38.11,47900,38.11,D
sh600584,长电科技,2025-09-16 10:26:59,38.11,163700,38.11,U
sh600584,长电科技,2025-09-16 10:27:11,38.1,31600,38.1,U
sh600584,长电科技,2025-09-16 10:27:14,38.1,9100,38.1,U
sh600584,长电科技,2025-09-16 10:27:20,38.1,11600,38.1,D
sh600584,长电科技,2025-09-16 10:27:23,38.1,20200,38.1,D
sh600584,长电科技,2025-09-16 10:27:26,38.1,21800,38.1,D
sh600584,长电科技,2025-09-16 10:27:38,38.09,14400,38.1,D
sh600584,长电科技,2025-09-16 10:27:44,38.13,70000,38.09,U
sh600584,长电科技,2025-09-16 10:27:47,38.14,40500,38.13,U
sh600584,长电科技,2025-09-16 10:27:50,38.13,30500,38.14,D
sh600584,长电科技,2025-09-16 10:27:53,38.14,7200,38.13,U
sh600584,长电科技,2025-09-16 10:27:56,38.15,28500,38.14,E
sh600584,长电科技,2025-09-16 10:27:59,38.16,11300,38.15,U
sh600584,长电科技,2025-09-16 10:28:05,38.16,17300,38.15,U
sh600584,长电科技,2025-09-16 10:28:08,38.16,12300,38.16,D
sh600584,长电科技,2025-09-16 10:28:11,38.16,11700,38.16,D
sh600584,长电科技,2025-09-16 10:28:14,38.16,15500,38.16,D
sh600584,长电科技,2025-09-16 10:28:17,38.16,18800,38.16,D
sh600584,长电科技,2025-09-16 10:28:20,38.16,10200,38.16,D
sh600584,长电科技,2025-09-16 10:28:26,38.16,32900,38.16,U
sh600584,长电科技,2025-09-16 10:28:32,38.15,7800,38.16,U
sh600584,长电科技,2025-09-16 10:28:41,38.15,11900,38.14,U
sh600584,长电科技,2025-09-16 10:28:44,38.15,20100,38.15,U
sh600584,长电科技,2025-09-16 10:28:47,38.16,152000,38.15,U
sh600584,长电科技,2025-09-16 10:28:50,38.19,344000,38.16,U
sh600584,长电科技,2025-09-16 10:28:53,38.19,162100,38.19,U
sh600584,长电科技,2025-09-16 10:28:56,38.19,47900,38.19,U
sh600584,长电科技,2025-09-16 10:28:59,38.24,607996,38.19,U
sh600584,长电科技,2025-09-16 10:29:02,38.26,109700,38.24,U
sh600584,长电科技,2025-09-16 10:29:05,38.28,60600,38.26,U
sh600584,长电科技,2025-09-16 10:29:08,38.28,20200,38.28,U
sh600584,长电科技,2025-09-16 10:29:11,38.3,84500,38.28,U
sh600584,长电科技,2025-09-16 10:29:14,38.29,55500,38.3,D
sh600584,长电科技,2025-09-16 10:29:17,38.29,75300,38.29,D
sh600584,长电科技,2025-09-16 10:29:20,38.3,45500,38.29,U
sh600584,长电科技,2025-09-16 10:29:23,38.29,106900,38.3,D
sh600584,长电科技,2025-09-16 10:29:26,38.29,59200,38.29,U
sh600584,长电科技,2025-09-16 10:29:29,38.3,29400,38.29,U
sh600584,长电科技,2025-09-16 10:29:32,38.3,81500,38.3,D
sh600584,长电科技,2025-09-16 10:29:35,38.31,64200,38.3,U
sh600584,长电科技,2025-09-16 10:29:38,38.34,109300,38.31,U
sh600584,长电科技,2025-09-16 10:29:41,38.35,79500,38.34,U
sh600584,长电科技,2025-09-16 10:29:44,38.37,27300,38.35,U
sh600584,长电科技,2025-09-16 10:29:47,38.38,85100,38.37,U
sh600584,长电科技,2025-09-16 10:29:50,38.38,69600,38.38,U
sh600584,长电科技,2025-09-16 10:29:53,38.39,66300,38.38,U
sh600584,长电科技,2025-09-16 10:29:56,38.47,635700,38.39,U
sh600584,长电科技,2025-09-16 10:29:59,38.62,383900,38.47,U
sh600584,长电科技,2025-09-16 10:30:02,38.6,65500,38.62,D
sh600584,长电科技,2025-09-16 10:30:05,38.54,127600,38.6,D
sh600584,长电科技,2025-09-16 10:30:08,38.46,89500,38.54,D
sh600584,长电科技,2025-09-16 10:30:11,38.46,55200,38.46,D
sh600584,长电科技,2025-09-16 10:30:14,38.51,29700,38.46,U
sh600584,长电科技,2025-09-16 10:30:17,38.49,82700,38.51,D
sh600584,长电科技,2025-09-16 10:30:20,38.52,74700,38.49,U
sh600584,长电科技,2025-09-16 10:30:23,38.55,59400,38.52,U
sh600584,长电科技,2025-09-16 10:30:26,38.55,92000,38.55,D
sh600584,长电科技,2025-09-16 10:30:29,38.55,89300,38.55,U
sh600584,长电科技,2025-09-16 10:30:32,38.55,138100,38.55,U
sh600584,长电科技,2025-09-16 10:30:35,38.53,103300,38.55,D
sh600584,长电科技,2025-09-16 10:30:38,38.54,57000,38.53,U
sh600584,长电科技,2025-09-16 10:30:41,38.51,43700,38.54,D
sh600584,长电科技,2025-09-16 10:30:44,38.5,51200,38.51,D
sh600584,长电科技,2025-09-16 10:30:47,38.5,67500,38.5,U
sh600584,长电科技,2025-09-16 10:30:50,38.48,52000,38.5,E
sh600584,长电科技,2025-09-16 10:30:53,38.5,37500,38.48,U
sh600584,长电科技,2025-09-16 10:30:56,38.48,99100,38.5,D
sh600584,长电科技,2025-09-16 10:30:59,38.45,90300,38.48,D
sh600584,长电科技,2025-09-16 10:31:02,38.48,59800,38.45,E
sh600584,长电科技,2025-09-16 10:31:05,38.49,75700,38.48,U
sh600584,长电科技,2025-09-16 10:31:08,38.49,60100,38.49,D
sh600584,长电科技,2025-09-16 10:31:11,38.48,41600,38.49,U
sh600584,长电科技,2025-09-16 10:31:14,38.49,75100,38.48,U
sh600584,长电科技,2025-09-16 10:31:17,38.42,66500,38.49,D
sh600584,长电科技,2025-09-16 10:31:20,38.46,106000,38.42,U
sh600584,长电科技,2025-09-16 10:31:23,38.45,52100,38.46,D
sh600584,长电科技,2025-09-16 10:31:26,38.46,41500,38.45,U
sh600584,长电科技,2025-09-16 10:31:29,38.43,24300,38.46,D
sh600584,长电科技,2025-09-16 10:31:32,38.45,54500,38.43,U
sh600584,长电科技,2025-09-16 10:31:35,38.45,23000,38.45,D
sh600584,长电科技,2025-09-16 10:31:38,38.45,14200,38.45,U
sh600584,长电科技,2025-09-16 10:31:41,38.44,46200,38.45,D
sh600584,长电科技,2025-09-16 10:31:44,38.45,27900,38.44,U
sh600584,长电科技,2025-09-16 10:31:47,38.44,31500,38.45,D
sh600584,长电科技,2025-09-16 10:31:50,38.46,72700,38.44,U
sh600584,长电科技,2025-09-16 10:31:53,38.46,38500,38.46,D
sh600584,长电科技,2025-09-16 10:31:56,38.46,49300,38.46,D
sh600584,长电科技,2025-09-16 10:31:59,38.47,25300,38.46,D
sh600584,长电科技,2025-09-16 10:32:02,38.47,58800,38.47,D
sh600584,长电科技,2025-09-16 10:32:05,38.47,46700,38.47,D
sh600584,长电科技,2025-09-16 10:32:08,38.47,119800,38.47,D
sh600584,长电科技,2025-09-16 10:32:11,38.45,117400,38.47,D
sh600584,长电科技,2025-09-16 10:32:14,38.44,55900,38.45,D
sh600584,长电科技,2025-09-16 10:32:17,38.44,6000,38.44,D
sh600584,长电科技,2025-09-16 10:32:20,38.44,36000,38.44,U
sh600584,长电科技,2025-09-16 10:32:23,38.43,38600,38.44,D
sh600584,长电科技,2025-09-16 10:32:26,38.44,56700,38.43,U
sh600584,长电科技,2025-09-16 10:32:29,38.42,21000,38.44,D
sh600584,长电科技,2025-09-16 10:32:32,38.41,28300,38.42,D
sh600584,长电科技,2025-09-16 10:32:35,38.4,24800,38.41,D
sh600584,长电科技,2025-09-16 10:32:38,38.4,39846,38.4,D
sh600584,长电科技,2025-09-16 10:32:41,38.39,16554,38.4,D
sh600584,长电科技,2025-09-16 10:32:44,38.39,17400,38.39,D
sh600584,长电科技,2025-09-16 10:32:47,38.5,582400,38.39,U
sh600584,长电科技,2025-09-16 10:32:50,38.44,50400,38.5,U
sh600584,长电科技,2025-09-16 10:32:53,38.42,60600,38.44,D
sh600584,长电科技,2025-09-16 10:32:56,38.43,27100,38.42,E
sh600584,长电科技,2025-09-16 10:32:59,38.44,18700,38.43,E
sh600584,长电科技,2025-09-16 10:33:02,38.47,19200,38.44,E
sh600584,长电科技,2025-09-16 10:33:05,38.47,44600,38.47,D
sh600584,长电科技,2025-09-16 10:33:08,38.47,48300,38.47,E
sh600584,长电科技,2025-09-16 10:33:11,38.45,22400,38.47,D
sh600584,长电科技,2025-09-16 10:33:14,38.46,12900,38.45,U
sh600584,长电科技,2025-09-16 10:33:17,38.45,10200,38.46,D
sh600584,长电科技,2025-09-16 10:33:20,38.46,23400,38.45,E
sh600584,长电科技,2025-09-16 10:33:23,38.45,28400,38.46,D
sh600584,长电科技,2025-09-16 10:33:26,38.46,50700,38.45,U
sh600584,长电科技,2025-09-16 10:33:29,38.43,10100,38.46,D
sh600584,长电科技,2025-09-16 10:33:32,38.43,25800,38.43,U
sh600584,长电科技,2025-09-16 10:33:35,38.43,8200,38.43,U
sh600584,长电科技,2025-09-16 10:33:38,38.42,23400,38.43,D
sh600584,长电科技,2025-09-16 10:33:41,38.42,26800,38.42,D
sh600584,长电科技,2025-09-16 10:33:44,38.41,17600,38.42,D
sh600584,长电科技,2025-09-16 10:33:47,38.41,14200,38.41,D
sh600584,长电科技,2025-09-16 10:33:50,38.4,24100,38.41,D
sh600584,长电科技,2025-09-16 10:33:53,38.4,58500,38.4,D
sh600584,长电科技,2025-09-16 10:33:56,38.4,12300,38.4,U
sh600584,长电科技,2025-09-16 10:33:59,38.39,7300,38.4,D
sh600584,长电科技,2025-09-16 10:34:02,38.38,22500,38.39,D
sh600584,长电科技,2025-09-16 10:34:05,38.37,20500,38.38,D
sh600584,长电科技,2025-09-16 10:34:08,38.38,6300,38.37,U
sh600584,长电科技,2025-09-16 10:34:11,38.37,13000,38.38,D
sh600584,长电科技,2025-09-16 10:34:14,38.37,21500,38.37,U
sh600584,长电科技,2025-09-16 10:34:17,38.36,10600,38.37,D
sh600584,长电科技,2025-09-16 10:34:20,38.36,7800,38.36,U
sh600584,长电科技,2025-09-16 10:34:23,38.35,43800,38.36,D
sh600584,长电科技,2025-09-16 10:34:26,38.35,6300,38.35,U
sh600584,长电科技,2025-09-16 10:34:29,38.33,11300,38.35,U
sh600584,长电科技,2025-09-16 10:34:32,38.32,49600,38.33,D
sh600584,长电科技,2025-09-16 10:34:35,38.32,33700,38.32,D
sh600584,长电科技,2025-09-16 10:34:38,38.33,22500,38.32,U
sh600584,长电科技,2025-09-16 10:34:41,38.31,47300,38.33,D
sh600584,长电科技,2025-09-16 10:34:44,38.33,71200,38.31,U
sh600584,长电科技,2025-09-16 10:34:47,38.33,41500,38.33,D
sh600584,长电科技,2025-09-16 10:34:50,38.34,29800,38.33,E
sh600584,长电科技,2025-09-16 10:34:53,38.33,32300,38.34,D
sh600584,长电科技,2025-09-16 10:34:56,38.33,30300,38.33,D
sh600584,长电科技,2025-09-16 10:34:59,38.34,27200,38.33,U
sh600584,长电科技,2025-09-16 10:35:02,38.34,21900,38.34,D
sh600584,长电科技,2025-09-16 10:35:05,38.34,40900,38.34,U
sh600584,长电科技,2025-09-16 10:35:08,38.34,46000,38.34,U
sh600584,长电科技,2025-09-16 10:35:11,38.35,28900,38.34,U
sh600584,长电科技,2025-09-16 10:35:14,38.35,20100,38.35,U
sh600584,长电科技,2025-09-16 10:35:17,38.36,41400,38.35,U
sh600584,长电科技,2025-09-16 10:35:20,38.35,16000,38.36,D
sh600584,长电科技,2025-09-16 10:35:23,38.35,41500,38.35,U
sh600584,长电科技,2025-09-16 10:35:26,38.35,14900,38.35,U
sh600584,长电科技,2025-09-16 10:35:29,38.34,15000,38.35,D
sh600584,长电科技,2025-09-16 10:35:32,38.35,17600,38.34,U
sh600584,长电科技,2025-09-16 10:35:35,38.36,14700,38.35,U
sh600584,长电科技,2025-09-16 10:35:38,38.35,6500,38.36,D
sh600584,长电科技,2025-09-16 10:35:41,38.35,18300,38.35,D
sh600584,长电科技,2025-09-16 10:35:44,38.34,65900,38.35,D
sh600584,长电科技,2025-09-16 10:35:47,38.35,15900,38.34,U
sh600584,长电科技,2025-09-16 10:35:50,38.33,53700,38.35,D
sh600584,长电科技,2025-09-16 10:35:56,38.32,9900,38.33,D
sh600584,长电科技,2025-09-16 10:35:59,38.32,9000,38.32,D
sh600584,长电科技,2025-09-16 10:36:02,38.32,20000,38.32,U
sh600584,长电科技,2025-09-16 10:36:05,38.31,15000,38.32,D
sh600584,长电科技,2025-09-16 10:36:08,38.31,14800,38.31,D
sh600584,长电科技,2025-09-16 10:36:11,38.31,9700,38.31,D
sh600584,长电科技,2025-09-16 10:36:14,38.3,14000,38.31,D
sh600584,长电科技,2025-09-16 10:36:17,38.31,18300,38.3,U
sh600584,长电科技,2025-09-16 10:36:20,38.3,41500,38.31,D
sh600584,长电科技,2025-09-16 10:36:23,38.3,20400,38.3,D
sh600584,长电科技,2025-09-16 10:36:26,38.3,23700,38.3,D
sh600584,长电科技,2025-09-16 10:36:32,38.29,10400,38.29,D
sh600584,长电科技,2025-09-16 10:36:35,38.29,15900,38.29,D
sh600584,长电科技,2025-09-16 10:36:41,38.28,21400,38.28,D
sh600584,长电科技,2025-09-16 10:36:44,38.28,8400,38.28,D
sh600584,长电科技,2025-09-16 10:36:47,38.27,18800,38.28,D
sh600584,长电科技,2025-09-16 10:36:50,38.27,6600,38.27,D
sh600584,长电科技,2025-09-16 10:36:59,38.26,8600,38.26,D
sh600584,长电科技,2025-09-16 10:37:05,38.25,9600,38.26,D
sh600584,长电科技,2025-09-16 10:37:08,38.25,47600,38.25,D
sh600584,长电科技,2025-09-16 10:37:11,38.26,101100,38.25,U
sh600584,长电科技,2025-09-16 10:37:14,38.25,17500,38.26,D
sh600584,长电科技,2025-09-16 10:37:17,38.28,15400,38.25,U
sh600584,长电科技,2025-09-16 10:37:20,38.29,41400,38.28,U
sh600584,长电科技,2025-09-16 10:37:23,38.29,72800,38.29,D
sh600584,长电科技,2025-09-16 10:37:29,38.35,7000,38.32,U
sh600584,长电科技,2025-09-16 10:37:32,38.33,74200,38.35,E
sh600584,长电科技,2025-09-16 10:37:35,38.38,25600,38.33,U
sh600584,长电科技,2025-09-16 10:37:38,38.38,13500,38.38,U
sh600584,长电科技,2025-09-16 10:37:41,38.38,18200,38.38,U
sh600584,长电科技,2025-09-16 10:37:44,38.38,47800,38.38,D
sh600584,长电科技,2025-09-16 10:37:47,38.39,25000,38.38,E
sh600584,长电科技,2025-09-16 10:37:50,38.4,35700,38.39,U
sh600584,长电科技,2025-09-16 10:37:53,38.4,7500,38.4,D
sh600584,长电科技,2025-09-16 10:37:56,38.41,14600,38.4,U
sh600584,长电科技,2025-09-16 10:37:59,38.41,11000,38.41,D
sh600584,长电科技,2025-09-16 10:38:02,38.42,6800,38.41,U
sh600584,长电科技,2025-09-16 10:38:05,38.42,28800,38.42,U
sh600584,长电科技,2025-09-16 10:38:08,38.39,87000,38.42,D
sh600584,长电科技,2025-09-16 10:38:11,38.39,48000,38.39,D
sh600584,长电科技,2025-09-16 10:38:14,38.38,20900,38.39,D
sh600584,长电科技,2025-09-16 10:38:17,38.35,26800,38.38,D
sh600584,长电科技,2025-09-16 10:38:20,38.35,24300,38.35,D
sh600584,长电科技,2025-09-16 10:38:23,38.36,14500,38.35,E
sh600584,长电科技,2025-09-16 10:38:26,38.36,85400,38.36,D
sh600584,长电科技,2025-09-16 10:38:29,38.35,17100,38.36,E
sh600584,长电科技,2025-09-16 10:38:32,38.33,6700,38.35,D
sh600584,长电科技,2025-09-16 10:38:35,38.33,14600,38.33,D
sh600584,长电科技,2025-09-16 10:38:38,38.33,8400,38.33,D
sh600584,长电科技,2025-09-16 10:38:44,38.32,16900,38.33,D
sh600584,长电科技,2025-09-16 10:38:47,38.3,13700,38.32,D
sh600584,长电科技,2025-09-16 10:38:50,38.3,6800,38.3,D
sh600584,长电科技,2025-09-16 10:38:53,38.3,15600,38.3,D
sh600584,长电科技,2025-09-16 10:38:56,38.28,6500,38.3,D
sh600584,长电科技,2025-09-16 10:38:59,38.29,17600,38.28,D
sh600584,长电科技,2025-09-16 10:39:02,38.29,10700,38.29,U
sh600584,长电科技,2025-09-16 10:39:05,38.27,9100,38.29,D
sh600584,长电科技,2025-09-16 10:39:08,38.27,11200,38.27,U
sh600584,长电科技,2025-09-16 10:39:11,38.27,16800,38.27,U
sh600584,长电科技,2025-09-16 10:39:14,38.26,26200,38.27,E
sh600584,长电科技,2025-09-16 10:39:17,38.25,71900,38.26,D
sh600584,长电科技,2025-09-16 10:39:20,38.25,38100,38.25,D
sh600584,长电科技,2025-09-16 10:39:23,38.27,34200,38.25,U
sh600584,长电科技,2025-09-16 10:39:26,38.25,16500,38.27,D
sh600584,长电科技,2025-09-16 10:39:29,38.25,12000,38.25,U
sh600584,长电科技,2025-09-16 10:39:32,38.24,28800,38.25,D
sh600584,长电科技,2025-09-16 10:39:38,38.23,30700,38.23,D
sh600584,长电科技,2025-09-16 10:39:41,38.23,10300,38.23,D
sh600584,长电科技,2025-09-16 10:39:44,38.23,6800,38.23,U
sh600584,长电科技,2025-09-16 10:39:47,38.22,8300,38.23,E
sh600584,长电科技,2025-09-16 10:39:50,38.22,16300,38.22,U
sh600584,长电科技,2025-09-16 10:39:53,38.23,98500,38.22,U
sh600584,长电科技,2025-09-16 10:39:56,38.25,29000,38.23,U
sh600584,长电科技,2025-09-16 10:39:59,38.25,22600,38.25,U
sh600584,长电科技,2025-09-16 10:40:02,38.24,38700,38.25,D
sh600584,长电科技,2025-09-16 10:40:05,38.24,22900,38.24,D
sh600584,长电科技,2025-09-16 10:40:08,38.24,12900,38.24,U
sh600584,长电科技,2025-09-16 10:40:11,38.24,27600,38.24,U
sh600584,长电科技,2025-09-16 10:40:14,38.24,15400,38.24,U
sh600584,长电科技,2025-09-16 10:40:17,38.24,27100,38.24,U
sh600584,长电科技,2025-09-16 10:40:20,38.22,32500,38.24,D
sh600584,长电科技,2025-09-16 10:40:23,38.23,18800,38.22,E
sh600584,长电科技,2025-09-16 10:40:26,38.23,9800,38.23,D
sh600584,长电科技,2025-09-16 10:40:29,38.23,15000,38.23,U
sh600584,长电科技,2025-09-16 10:40:32,38.23,17400,38.23,U
sh600584,长电科技,2025-09-16 10:40:35,38.22,28800,38.23,D
sh600584,长电科技,2025-09-16 10:40:38,38.23,32500,38.22,U
sh600584,长电科技,2025-09-16 10:40:41,38.24,10600,38.23,U
sh600584,长电科技,2025-09-16 10:40:44,38.24,19300,38.24,U
sh600584,长电科技,2025-09-16 10:40:47,38.26,35400,38.24,U
sh600584,长电科技,2025-09-16 10:40:50,38.27,6400,38.26,U
sh600584,长电科技,2025-09-16 10:40:53,38.26,7400,38.27,D
sh600584,长电科技,2025-09-16 10:40:56,38.28,78200,38.26,U
sh600584,长电科技,2025-09-16 10:40:59,38.29,6800,38.28,U
sh600584,长电科技,2025-09-16 10:41:02,38.29,28100,38.29,U
sh600584,长电科技,2025-09-16 10:41:05,38.29,7800,38.29,U
sh600584,长电科技,2025-09-16 10:41:08,38.3,8600,38.29,U
sh600584,长电科技,2025-09-16 10:41:11,38.3,12100,38.3,U
sh600584,长电科技,2025-09-16 10:41:14,38.3,29800,38.3,U
sh600584,长电科技,2025-09-16 10:41:17,38.3,40900,38.3,U
sh600584,长电科技,2025-09-16 10:41:20,38.3,19800,38.3,U
sh600584,长电科技,2025-09-16 10:41:23,38.3,16800,38.3,D
sh600584,长电科技,2025-09-16 10:41:26,38.3,42800,38.3,D
sh600584,长电科技,2025-09-16 10:41:29,38.3,11800,38.3,U
sh600584,长电科技,2025-09-16 10:41:32,38.31,45900,38.3,U
sh600584,长电科技,2025-09-16 10:41:38,38.32,35300,38.31,U
sh600584,长电科技,2025-09-16 10:41:41,38.3,16000,38.32,D
sh600584,长电科技,2025-09-16 10:41:44,38.31,12800,38.3,U
sh600584,长电科技,2025-09-16 10:41:47,38.28,105100,38.31,D
sh600584,长电科技,2025-09-16 10:41:50,38.26,18300,38.28,D
sh600584,长电科技,2025-09-16 10:41:53,38.3,18700,38.26,U
sh600584,长电科技,2025-09-16 10:41:59,38.3,11500,38.26,U
sh600584,长电科技,2025-09-16 10:42:02,38.3,16000,38.3,D
sh600584,长电科技,2025-09-16 10:42:17,38.29,24500,38.29,U
sh600584,长电科技,2025-09-16 10:42:20,38.29,6900,38.29,U
sh600584,长电科技,2025-09-16 10:42:23,38.3,7100,38.29,U
sh600584,长电科技,2025-09-16 10:42:26,38.3,33900,38.3,U
sh600584,长电科技,2025-09-16 10:42:29,38.29,21300,38.3,D
sh600584,长电科技,2025-09-16 10:42:35,38.3,8900,38.3,D
sh600584,长电科技,2025-09-16 10:42:38,38.31,12800,38.3,U
sh600584,长电科技,2025-09-16 10:42:41,38.3,15000,38.31,D
sh600584,长电科技,2025-09-16 10:42:44,38.31,21900,38.3,U
sh600584,长电科技,2025-09-16 10:42:53,38.31,6700,38.31,D
sh600584,长电科技,2025-09-16 10:42:56,38.32,8100,38.31,U
sh600584,长电科技,2025-09-16 10:43:02,38.31,10600,38.31,D
sh600584,长电科技,2025-09-16 10:43:05,38.31,18700,38.31,D
sh600584,长电科技,2025-09-16 10:43:08,38.31,9400,38.31,D
sh600584,长电科技,2025-09-16 10:43:11,38.32,37000,38.31,U
sh600584,长电科技,2025-09-16 10:43:14,38.31,7500,38.32,E
sh600584,长电科技,2025-09-16 10:43:17,38.31,10800,38.31,D
sh600584,长电科技,2025-09-16 10:43:20,38.32,7000,38.31,U
sh600584,长电科技,2025-09-16 10:43:23,38.29,45200,38.32,D
sh600584,长电科技,2025-09-16 10:43:26,38.26,77200,38.29,D
sh600584,长电科技,2025-09-16 10:43:29,38.27,7000,38.26,U
sh600584,长电科技,2025-09-16 10:43:35,38.26,7000,38.26,U
sh600584,长电科技,2025-09-16 10:43:41,38.27,5600,38.27,D
sh600584,长电科技,2025-09-16 10:43:44,38.26,20600,38.27,D
sh600584,长电科技,2025-09-16 10:43:47,38.27,32500,38.26,U
sh600584,长电科技,2025-09-16 10:43:50,38.26,16100,38.27,D
sh600584,长电科技,2025-09-16 10:43:56,38.26,10000,38.27,D
sh600584,长电科技,2025-09-16 10:43:59,38.26,8800,38.26,D
sh600584,长电科技,2025-09-16 10:44:08,38.27,17400,38.27,U
sh600584,长电科技,2025-09-16 10:44:14,38.27,6400,38.27,D
sh600584,长电科技,2025-09-16 10:44:20,38.26,71800,38.27,D
sh600584,长电科技,2025-09-16 10:44:23,38.27,17400,38.26,U
sh600584,长电科技,2025-09-16 10:44:32,38.27,8400,38.27,U
sh600584,长电科技,2025-09-16 10:44:35,38.26,6300,38.27,D
sh600584,长电科技,2025-09-16 10:44:38,38.24,23600,38.26,D
sh600584,长电科技,2025-09-16 10:44:44,38.25,8000,38.25,D
sh600584,长电科技,2025-09-16 10:44:47,38.25,35300,38.25,D
sh600584,长电科技,2025-09-16 10:44:50,38.25,6200,38.25,U
sh600584,长电科技,2025-09-16 10:45:02,38.25,6400,38.24,U
sh600584,长电科技,2025-09-16 10:45:05,38.24,47100,38.25,D
sh600584,长电科技,2025-09-16 10:45:08,38.24,5900,38.24,U
sh600584,长电科技,2025-09-16 10:45:11,38.23,11500,38.24,D
sh600584,长电科技,2025-09-16 10:45:14,38.23,30200,38.23,D
sh600584,长电科技,2025-09-16 10:45:17,38.23,15000,38.23,D
sh600584,长电科技,2025-09-16 10:45:20,38.24,8600,38.23,E
sh600584,长电科技,2025-09-16 10:45:23,38.23,17500,38.24,D
sh600584,长电科技,2025-09-16 10:45:32,38.24,57200,38.24,U
sh600584,长电科技,2025-09-16 10:45:35,38.23,5500,38.24,D
sh600584,长电科技,2025-09-16 10:45:38,38.24,6700,38.23,E
sh600584,长电科技,2025-09-16 10:45:53,38.25,15600,38.25,D
sh600584,长电科技,2025-09-16 10:45:56,38.25,6900,38.25,U
sh600584,长电科技,2025-09-16 10:45:59,38.24,12800,38.25,D
sh600584,长电科技,2025-09-16 10:46:08,38.23,24700,38.23,D
sh600584,长电科技,2025-09-16 10:46:11,38.23,8700,38.23,D
sh600584,长电科技,2025-09-16 10:46:14,38.22,10200,38.23,D
sh600584,长电科技,2025-09-16 10:46:20,38.22,82000,38.23,D
sh600584,长电科技,2025-09-16 10:46:29,38.22,5500,38.24,D
sh600584,长电科技,2025-09-16 10:46:32,38.22,5800,38.22,D
sh600584,长电科技,2025-09-16 10:46:38,38.23,10300,38.23,D
sh600584,长电科技,2025-09-16 10:46:41,38.24,14400,38.23,E
sh600584,长电科技,2025-09-16 10:46:44,38.23,10900,38.24,D
sh600584,长电科技,2025-09-16 10:46:47,38.23,28800,38.23,U
sh600584,长电科技,2025-09-16 10:46:50,38.23,9800,38.23,U
sh600584,长电科技,2025-09-16 10:46:53,38.23,16300,38.23,D
sh600584,长电科技,2025-09-16 10:47:05,38.27,6100,38.26,U
sh600584,长电科技,2025-09-16 10:47:11,38.27,5700,38.26,U
sh600584,长电科技,2025-09-16 10:47:14,38.27,15800,38.27,U
sh600584,长电科技,2025-09-16 10:47:17,38.26,8100,38.27,D
sh600584,长电科技,2025-09-16 10:47:20,38.27,12500,38.26,E
sh600584,长电科技,2025-09-16 10:47:23,38.29,26400,38.27,U
sh600584,长电科技,2025-09-16 10:47:32,38.29,14100,38.29,U
sh600584,长电科技,2025-09-16 10:47:35,38.29,6900,38.29,U
sh600584,长电科技,2025-09-16 10:47:41,38.3,52300,38.3,U
sh600584,长电科技,2025-09-16 10:47:44,38.3,41200,38.3,U
sh600584,长电科技,2025-09-16 10:47:50,38.32,12900,38.3,U
sh600584,长电科技,2025-09-16 10:47:53,38.32,9600,38.32,U
sh600584,长电科技,2025-09-16 10:47:59,38.32,11300,38.32,U
sh600584,长电科技,2025-09-16 10:48:02,38.32,7900,38.32,U
sh600584,长电科技,2025-09-16 10:48:08,38.32,8400,38.32,U
sh600584,长电科技,2025-09-16 10:48:11,38.32,5700,38.32,U
sh600584,长电科技,2025-09-16 10:48:14,38.32,28200,38.32,U
sh600584,长电科技,2025-09-16 10:48:17,38.32,30500,38.32,U
sh600584,长电科技,2025-09-16 10:48:20,38.31,12900,38.32,D
sh600584,长电科技,2025-09-16 10:48:23,38.32,15400,38.31,U
sh600584,长电科技,2025-09-16 10:48:26,38.32,6200,38.32,U
sh600584,长电科技,2025-09-16 10:48:29,38.32,26800,38.32,U
sh600584,长电科技,2025-09-16 10:48:32,38.31,28700,38.32,E
sh600584,长电科技,2025-09-16 10:48:35,38.32,28800,38.31,U
sh600584,长电科技,2025-09-16 10:48:38,38.32,30200,38.32,D
sh600584,长电科技,2025-09-16 10:48:41,38.32,6000,38.32,D
sh600584,长电科技,2025-09-16 10:48:44,38.33,11500,38.32,U
sh600584,长电科技,2025-09-16 10:48:47,38.34,11100,38.33,U
sh600584,长电科技,2025-09-16 10:48:50,38.33,6500,38.34,D
sh600584,长电科技,2025-09-16 10:48:56,38.35,14200,38.34,U
sh600584,长电科技,2025-09-16 10:49:02,38.35,8200,38.35,U
sh600584,长电科技,2025-09-16 10:49:05,38.35,19200,38.35,U
sh600584,长电科技,2025-09-16 10:49:08,38.35,108800,38.35,U
sh600584,长电科技,2025-09-16 10:49:23,38.38,5800,38.38,D
sh600584,长电科技,2025-09-16 10:49:26,38.38,15900,38.38,D
sh600584,长电科技,2025-09-16 10:49:29,38.39,27000,38.38,U
sh600584,长电科技,2025-09-16 10:49:32,38.38,10400,38.39,D
sh600584,长电科技,2025-09-16 10:49:35,38.39,10300,38.38,U
sh600584,长电科技,2025-09-16 10:49:38,38.39,8400,38.39,U
sh600584,长电科技,2025-09-16 10:49:41,38.4,13600,38.39,U
sh600584,长电科技,2025-09-16 10:49:44,38.4,24700,38.4,U
sh600584,长电科技,2025-09-16 10:49:47,38.4,15000,38.4,U
sh600584,长电科技,2025-09-16 10:49:50,38.4,15200,38.4,U
sh600584,长电科技,2025-09-16 10:49:53,38.41,35400,38.4,U
sh600584,长电科技,2025-09-16 10:49:56,38.41,26300,38.41,U
sh600584,长电科技,2025-09-16 10:50:02,38.41,13800,38.43,D
sh600584,长电科技,2025-09-16 10:50:05,38.43,19200,38.41,U
sh600584,长电科技,2025-09-16 10:50:08,38.42,10800,38.43,D
sh600584,长电科技,2025-09-16 10:50:11,38.43,49600,38.42,U
sh600584,长电科技,2025-09-16 10:50:14,38.42,7700,38.43,D
sh600584,长电科技,2025-09-16 10:50:17,38.43,18200,38.42,U
sh600584,长电科技,2025-09-16 10:50:20,38.42,18600,38.43,U
sh600584,长电科技,2025-09-16 10:50:23,38.42,9100,38.42,U
sh600584,长电科技,2025-09-16 10:50:26,38.4,19000,38.42,D
sh600584,长电科技,2025-09-16 10:50:29,38.4,42500,38.4,D
sh600584,长电科技,2025-09-16 10:50:32,38.42,64100,38.4,U
sh600584,长电科技,2025-09-16 10:50:35,38.42,9900,38.42,U
sh600584,长电科技,2025-09-16 10:50:38,38.4,18300,38.42,D
sh600584,长电科技,2025-09-16 10:50:41,38.41,13700,38.4,E
sh600584,长电科技,2025-09-16 10:50:44,38.42,16400,38.41,U
sh600584,长电科技,2025-09-16 10:50:47,38.42,30900,38.42,U
sh600584,长电科技,2025-09-16 10:50:50,38.43,29300,38.42,U
sh600584,长电科技,2025-09-16 10:50:53,38.43,19100,38.43,U
sh600584,长电科技,2025-09-16 10:50:56,38.45,165800,38.43,U
sh600584,长电科技,2025-09-16 10:50:59,38.49,149200,38.45,U
sh600584,长电科技,2025-09-16 10:51:02,38.5,40800,38.49,U
sh600584,长电科技,2025-09-16 10:51:05,38.5,18700,38.5,U
sh600584,长电科技,2025-09-16 10:51:08,38.5,93900,38.5,U
sh600584,长电科技,2025-09-16 10:51:11,38.5,244300,38.5,U
sh600584,长电科技,2025-09-16 10:51:14,38.52,11000,38.5,U
sh600584,长电科技,2025-09-16 10:51:17,38.53,25600,38.52,U
sh600584,长电科技,2025-09-16 10:51:20,38.54,48200,38.53,U
sh600584,长电科技,2025-09-16 10:51:23,38.54,8900,38.54,U
sh600584,长电科技,2025-09-16 10:51:26,38.54,61600,38.54,D
sh600584,长电科技,2025-09-16 10:51:29,38.55,31600,38.54,U
sh600584,长电科技,2025-09-16 10:51:32,38.54,98600,38.55,D
sh600584,长电科技,2025-09-16 10:51:35,38.55,43200,38.54,U
sh600584,长电科技,2025-09-16 10:51:38,38.55,28100,38.55,D
sh600584,长电科技,2025-09-16 10:51:41,38.57,59600,38.55,U
sh600584,长电科技,2025-09-16 10:51:44,38.58,127300,38.57,U
sh600584,长电科技,2025-09-16 10:51:47,38.59,231883,38.58,U
sh600584,长电科技,2025-09-16 10:51:50,38.59,37500,38.59,D
sh600584,长电科技,2025-09-16 10:51:53,38.6,97600,38.59,U
sh600584,长电科技,2025-09-16 10:51:56,38.6,109500,38.6,U
sh600584,长电科技,2025-09-16 10:51:59,38.6,96600,38.6,U
sh600584,长电科技,2025-09-16 10:52:02,38.61,109703,38.6,U
sh600584,长电科技,2025-09-16 10:52:05,38.61,36800,38.61,D
sh600584,长电科技,2025-09-16 10:52:08,38.61,44600,38.61,D
sh600584,长电科技,2025-09-16 10:52:11,38.61,139300,38.61,U
sh600584,长电科技,2025-09-16 10:52:14,38.6,43700,38.61,D
sh600584,长电科技,2025-09-16 10:52:17,38.6,50100,38.6,D
sh600584,长电科技,2025-09-16 10:52:20,38.6,116914,38.6,D
sh600584,长电科技,2025-09-16 10:52:23,38.59,49400,38.6,D
sh600584,长电科技,2025-09-16 10:52:26,38.59,22900,38.59,D
sh600584,长电科技,2025-09-16 10:52:29,38.58,16600,38.59,D
sh600584,长电科技,2025-09-16 10:52:32,38.58,41100,38.58,D
sh600584,长电科技,2025-09-16 10:52:35,38.56,32400,38.58,D
sh600584,长电科技,2025-09-16 10:52:38,38.56,27700,38.56,D
sh600584,长电科技,2025-09-16 10:52:41,38.69,1493386,38.56,U
sh600584,长电科技,2025-09-16 10:52:44,38.74,424400,38.69,U
sh600584,长电科技,2025-09-16 10:52:47,38.78,266900,38.74,U
sh600584,长电科技,2025-09-16 10:52:50,38.8,222400,38.78,U
sh600584,长电科技,2025-09-16 10:52:53,38.84,311800,38.8,U
sh600584,长电科技,2025-09-16 10:52:56,38.86,202600,38.84,U
sh600584,长电科技,2025-09-16 10:52:59,38.91,466300,38.86,U
sh600584,长电科技,2025-09-16 10:53:02,38.93,218300,38.91,U
sh600584,长电科技,2025-09-16 10:53:05,38.99,536900,38.93,U
sh600584,长电科技,2025-09-16 10:53:08,38.98,72700,38.99,D
sh600584,长电科技,2025-09-16 10:53:11,38.99,402700,38.98,U
sh600584,长电科技,2025-09-16 10:53:14,38.98,386600,38.99,D
sh600584,长电科技,2025-09-16 10:53:17,38.93,376300,38.98,D
sh600584,长电科技,2025-09-16 10:53:20,38.91,125600,38.93,E
sh600584,长电科技,2025-09-16 10:53:23,38.9,41100,38.91,E
sh600584,长电科技,2025-09-16 10:53:26,38.9,51000,38.9,U
sh600584,长电科技,2025-09-16 10:53:29,38.85,82000,38.9,D
sh600584,长电科技,2025-09-16 10:53:32,38.85,37900,38.85,U
sh600584,长电科技,2025-09-16 10:53:35,38.84,28400,38.85,E
sh600584,长电科技,2025-09-16 10:53:38,38.83,116300,38.84,D
sh600584,长电科技,2025-09-16 10:53:41,38.81,38300,38.83,E
sh600584,长电科技,2025-09-16 10:53:44,38.81,104300,38.81,D
sh600584,长电科技,2025-09-16 10:53:47,38.8,157000,38.81,D
sh600584,长电科技,2025-09-16 10:53:50,38.8,51600,38.8,U
sh600584,长电科技,2025-09-16 10:53:53,38.79,20400,38.8,D
sh600584,长电科技,2025-09-16 10:53:56,38.78,25200,38.79,D
sh600584,长电科技,2025-09-16 10:53:59,38.79,97600,38.78,U
sh600584,长电科技,2025-09-16 10:54:02,38.78,39100,38.79,D
sh600584,长电科技,2025-09-16 10:54:05,38.76,32300,38.78,E
sh600584,长电科技,2025-09-16 10:54:08,38.78,48900,38.76,U
sh600584,长电科技,2025-09-16 10:54:11,38.75,26800,38.78,D
sh600584,长电科技,2025-09-16 10:54:14,38.75,37200,38.75,U
sh600584,长电科技,2025-09-16 10:54:17,38.74,30900,38.75,D
sh600584,长电科技,2025-09-16 10:54:20,38.74,53100,38.74,U
sh600584,长电科技,2025-09-16 10:54:23,38.77,36800,38.74,U
sh600584,长电科技,2025-09-16 10:54:26,38.75,24600,38.77,D
sh600584,长电科技,2025-09-16 10:54:29,38.76,38200,38.75,U
sh600584,长电科技,2025-09-16 10:54:32,38.76,96900,38.76,U
sh600584,长电科技,2025-09-16 10:54:35,38.75,34300,38.76,D
sh600584,长电科技,2025-09-16 10:54:38,38.76,40500,38.75,E
sh600584,长电科技,2025-09-16 10:54:41,38.77,50100,38.76,U
sh600584,长电科技,2025-09-16 10:54:44,38.76,41200,38.77,D
sh600584,长电科技,2025-09-16 10:54:47,38.74,133600,38.76,D
sh600584,长电科技,2025-09-16 10:54:50,38.76,75200,38.74,U
sh600584,长电科技,2025-09-16 10:54:53,38.76,37600,38.76,U
sh600584,长电科技,2025-09-16 10:54:56,38.76,20200,38.76,U
sh600584,长电科技,2025-09-16 10:54:59,38.75,64800,38.76,D
sh600584,长电科技,2025-09-16 10:55:02,38.75,34300,38.75,D
sh600584,长电科技,2025-09-16 10:55:05,38.75,105200,38.75,D
sh600584,长电科技,2025-09-16 10:55:08,38.74,82400,38.75,U
sh600584,长电科技,2025-09-16 10:55:11,38.7,62200,38.74,D
sh600584,长电科技,2025-09-16 10:55:14,38.71,39200,38.7,U
sh600584,长电科技,2025-09-16 10:55:17,38.68,22500,38.71,E
sh600584,长电科技,2025-09-16 10:55:20,38.64,21400,38.68,D
sh600584,长电科技,2025-09-16 10:55:23,38.63,29500,38.64,D
sh600584,长电科技,2025-09-16 10:55:26,38.64,17000,38.63,E
sh600584,长电科技,2025-09-16 10:55:29,38.63,12400,38.64,E
sh600584,长电科技,2025-09-16 10:55:32,38.62,27400,38.63,D
sh600584,长电科技,2025-09-16 10:55:35,38.62,36000,38.62,D
sh600584,长电科技,2025-09-16 10:55:38,38.6,22100,38.62,D
sh600584,长电科技,2025-09-16 10:55:41,38.6,20700,38.6,D
sh600584,长电科技,2025-09-16 10:55:44,38.6,17500,38.6,D
sh600584,长电科技,2025-09-16 10:55:47,38.59,8200,38.6,D
sh600584,长电科技,2025-09-16 10:55:50,38.59,9400,38.59,U
sh600584,长电科技,2025-09-16 10:55:53,38.59,18100,38.59,U
sh600584,长电科技,2025-09-16 10:55:56,38.6,27200,38.59,U
sh600584,长电科技,2025-09-16 10:55:59,38.6,35400,38.6,U
sh600584,长电科技,2025-09-16 10:56:02,38.6,19100,38.6,U
sh600584,长电科技,2025-09-16 10:56:05,38.61,30800,38.6,E
sh600584,长电科技,2025-09-16 10:56:08,38.63,5900,38.61,U
sh600584,长电科技,2025-09-16 10:56:11,38.63,110700,38.63,D
sh600584,长电科技,2025-09-16 10:56:14,38.62,24000,38.63,E
sh600584,长电科技,2025-09-16 10:56:17,38.61,17100,38.62,D
sh600584,长电科技,2025-09-16 10:56:20,38.63,32900,38.61,U
sh600584,长电科技,2025-09-16 10:56:23,38.61,26300,38.63,D
sh600584,长电科技,2025-09-16 10:56:26,38.6,34800,38.61,D
sh600584,长电科技,2025-09-16 10:56:29,38.62,17700,38.6,U
sh600584,长电科技,2025-09-16 10:56:32,38.62,13400,38.62,D
sh600584,长电科技,2025-09-16 10:56:35,38.62,16200,38.62,U
sh600584,长电科技,2025-09-16 10:56:38,38.62,18300,38.62,U
sh600584,长电科技,2025-09-16 10:56:41,38.62,18500,38.62,D
sh600584,长电科技,2025-09-16 10:56:44,38.63,24600,38.62,U
sh600584,长电科技,2025-09-16 10:56:47,38.63,6400,38.63,D
sh600584,长电科技,2025-09-16 10:56:50,38.64,8200,38.63,U
sh600584,长电科技,2025-09-16 10:56:53,38.65,23420,38.64,U
sh600584,长电科技,2025-09-16 10:56:56,38.66,65100,38.65,U
sh600584,长电科技,2025-09-16 10:56:59,38.65,18000,38.66,D
sh600584,长电科技,2025-09-16 10:57:02,38.68,6500,38.65,E
sh600584,长电科技,2025-09-16 10:57:05,38.65,99080,38.68,D
sh600584,长电科技,2025-09-16 10:57:08,38.63,39400,38.65,D
sh600584,长电科技,2025-09-16 10:57:11,38.66,29900,38.63,U
sh600584,长电科技,2025-09-16 10:57:14,38.64,26000,38.66,D
sh600584,长电科技,2025-09-16 10:57:17,38.64,15700,38.64,D
sh600584,长电科技,2025-09-16 10:57:20,38.65,11520,38.64,U
sh600584,长电科技,2025-09-16 10:57:23,38.65,48200,38.65,U
sh600584,长电科技,2025-09-16 10:57:26,38.65,9500,38.65,D
sh600584,长电科技,2025-09-16 10:57:29,38.65,22500,38.65,D
sh600584,长电科技,2025-09-16 10:57:32,38.64,125980,38.65,D
sh600584,长电科技,2025-09-16 10:57:35,38.63,33300,38.64,U
sh600584,长电科技,2025-09-16 10:57:38,38.65,11600,38.63,U
sh600584,长电科技,2025-09-16 10:57:41,38.64,9100,38.65,D
sh600584,长电科技,2025-09-16 10:57:44,38.63,9000,38.64,D
sh600584,长电科技,2025-09-16 10:57:47,38.63,21900,38.63,D
sh600584,长电科技,2025-09-16 10:57:50,38.63,33100,38.63,D
sh600584,长电科技,2025-09-16 10:57:53,38.63,77400,38.63,D
sh600584,长电科技,2025-09-16 10:57:56,38.63,11200,38.63,D
sh600584,长电科技,2025-09-16 10:57:59,38.63,36500,38.63,D
sh600584,长电科技,2025-09-16 10:58:02,38.63,5900,38.63,U
sh600584,长电科技,2025-09-16 10:58:05,38.63,27000,38.63,U
sh600584,长电科技,2025-09-16 10:58:08,38.63,27600,38.63,U
sh600584,长电科技,2025-09-16 10:58:11,38.63,22100,38.63,U
sh600584,长电科技,2025-09-16 10:58:14,38.62,21500,38.63,U
sh600584,长电科技,2025-09-16 10:58:17,38.61,25300,38.62,D
sh600584,长电科技,2025-09-16 10:58:20,38.61,30600,38.61,D
sh600584,长电科技,2025-09-16 10:58:23,38.61,14200,38.61,D
sh600584,长电科技,2025-09-16 10:58:26,38.61,27300,38.61,U
sh600584,长电科技,2025-09-16 10:58:29,38.6,26000,38.61,D
sh600584,长电科技,2025-09-16 10:58:32,38.6,11600,38.6,D
sh600584,长电科技,2025-09-16 10:58:35,38.6,28400,38.6,D
sh600584,长电科技,2025-09-16 10:58:38,38.61,16800,38.6,U
sh600584,长电科技,2025-09-16 10:58:41,38.61,19300,38.61,D
sh600584,长电科技,2025-09-16 10:58:44,38.62,14700,38.61,U
sh600584,长电科技,2025-09-16 10:58:47,38.61,15700,38.62,D
sh600584,长电科技,2025-09-16 10:58:50,38.61,8400,38.61,D
sh600584,长电科技,2025-09-16 10:58:56,38.6,20100,38.61,D
sh600584,长电科技,2025-09-16 10:58:59,38.6,13600,38.6,D
sh600584,长电科技,2025-09-16 10:59:02,38.6,38100,38.6,D
sh600584,长电科技,2025-09-16 10:59:05,38.6,11200,38.6,U
sh600584,长电科技,2025-09-16 10:59:08,38.6,22300,38.6,U
sh600584,长电科技,2025-09-16 10:59:11,38.58,98100,38.6,D
sh600584,长电科技,2025-09-16 10:59:14,38.58,6700,38.58,U
sh600584,长电科技,2025-09-16 10:59:17,38.58,26800,38.58,U
sh600584,长电科技,2025-09-16 10:59:20,38.58,7400,38.58,D
sh600584,长电科技,2025-09-16 10:59:23,38.57,16300,38.58,D
sh600584,长电科技,2025-09-16 10:59:26,38.58,18700,38.57,U
sh600584,长电科技,2025-09-16 10:59:35,38.57,21700,38.57,D
sh600584,长电科技,2025-09-16 10:59:38,38.57,9100,38.57,U
sh600584,长电科技,2025-09-16 10:59:41,38.55,64400,38.57,D
sh600584,长电科技,2025-09-16 10:59:47,38.55,7100,38.55,U
sh600584,长电科技,2025-09-16 10:59:50,38.54,11300,38.55,D
sh600584,长电科技,2025-09-16 10:59:53,38.54,18500,38.54,D
sh600584,长电科技,2025-09-16 10:59:56,38.55,13900,38.54,U
sh600584,长电科技,2025-09-16 10:59:59,38.55,10100,38.55,E
sh600584,长电科技,2025-09-16 11:00:05,38.54,9300,38.55,D
sh600584,长电科技,2025-09-16 11:00:11,38.55,11400,38.54,U
sh600584,长电科技,2025-09-16 11:00:14,38.55,11000,38.55,U
sh600584,长电科技,2025-09-16 11:00:17,38.55,7800,38.55,U
sh600584,长电科技,2025-09-16 11:00:20,38.56,16400,38.55,U
sh600584,长电科技,2025-09-16 11:00:23,38.55,9200,38.56,D
sh600584,长电科技,2025-09-16 11:00:26,38.55,14900,38.55,D
sh600584,长电科技,2025-09-16 11:00:29,38.56,16600,38.55,U
sh600584,长电科技,2025-09-16 11:00:35,38.56,25700,38.56,U
sh600584,长电科技,2025-09-16 11:00:38,38.58,48200,38.56,U
sh600584,长电科技,2025-09-16 11:00:41,38.57,13100,38.58,D
sh600584,长电科技,2025-09-16 11:00:47,38.58,6400,38.58,U
sh600584,长电科技,2025-09-16 11:00:50,38.58,8600,38.58,U
sh600584,长电科技,2025-09-16 11:00:53,38.59,14600,38.58,U
sh600584,长电科技,2025-09-16 11:00:56,38.59,12900,38.59,U
sh600584,长电科技,2025-09-16 11:00:59,38.6,15500,38.59,U
sh600584,长电科技,2025-09-16 11:01:02,38.6,19300,38.6,U
sh600584,长电科技,2025-09-16 11:01:05,38.61,11600,38.6,U
sh600584,长电科技,2025-09-16 11:01:11,38.62,12100,38.61,U
sh600584,长电科技,2025-09-16 11:01:17,38.62,12400,38.63,D
sh600584,长电科技,2025-09-16 11:01:20,38.62,13500,38.62,D
sh600584,长电科技,2025-09-16 11:01:23,38.63,22900,38.62,U
sh600584,长电科技,2025-09-16 11:01:26,38.63,28100,38.63,U
sh600584,长电科技,2025-09-16 11:01:29,38.63,6100,38.63,U
sh600584,长电科技,2025-09-16 11:01:32,38.64,19700,38.63,U
sh600584,长电科技,2025-09-16 11:01:35,38.64,14700,38.64,U
sh600584,长电科技,2025-09-16 11:01:38,38.64,97500,38.64,D
sh600584,长电科技,2025-09-16 11:01:41,38.63,36200,38.64,D
sh600584,长电科技,2025-09-16 11:01:44,38.62,16600,38.63,D
sh600584,长电科技,2025-09-16 11:01:47,38.6,59600,38.62,D
sh600584,长电科技,2025-09-16 11:01:50,38.62,43000,38.6,U
sh600584,长电科技,2025-09-16 11:01:53,38.59,7700,38.62,D
sh600584,长电科技,2025-09-16 11:01:56,38.59,12900,38.59,D
sh600584,长电科技,2025-09-16 11:01:59,38.59,8300,38.59,D
sh600584,长电科技,2025-09-16 11:02:02,38.59,32800,38.59,D
sh600584,长电科技,2025-09-16 11:02:05,38.59,5900,38.59,D
sh600584,长电科技,2025-09-16 11:02:08,38.59,13500,38.59,D
sh600584,长电科技,2025-09-16 11:02:11,38.6,21900,38.59,U
sh600584,长电科技,2025-09-16 11:02:14,38.6,5600,38.6,D
sh600584,长电科技,2025-09-16 11:02:17,38.6,20600,38.6,D
sh600584,长电科技,2025-09-16 11:02:20,38.61,7900,38.6,U
sh600584,长电科技,2025-09-16 11:02:26,38.6,28500,38.61,D
sh600584,长电科技,2025-09-16 11:02:29,38.6,8300,38.6,U
sh600584,长电科技,2025-09-16 11:02:35,38.6,24000,38.6,D
sh600584,长电科技,2025-09-16 11:02:38,38.6,9200,38.6,D
sh600584,长电科技,2025-09-16 11:02:41,38.61,16300,38.6,U
sh600584,长电科技,2025-09-16 11:02:47,38.61,11100,38.61,D
sh600584,长电科技,2025-09-16 11:02:50,38.62,13000,38.61,U
sh600584,长电科技,2025-09-16 11:02:53,38.62,6400,38.62,D
sh600584,长电科技,2025-09-16 11:02:56,38.63,12200,38.62,U
sh600584,长电科技,2025-09-16 11:02:59,38.63,6100,38.63,U
sh600584,长电科技,2025-09-16 11:03:05,38.65,25300,38.64,U
sh600584,长电科技,2025-09-16 11:03:11,38.66,77800,38.65,U
sh600584,长电科技,2025-09-16 11:03:14,38.67,6300,38.66,U
sh600584,长电科技,2025-09-16 11:03:17,38.66,15800,38.67,D
sh600584,长电科技,2025-09-16 11:03:23,38.69,16600,38.67,U
sh600584,长电科技,2025-09-16 11:03:26,38.68,19100,38.69,D
sh600584,长电科技,2025-09-16 11:03:29,38.7,15600,38.68,U
sh600584,长电科技,2025-09-16 11:03:32,38.7,5500,38.7,U
sh600584,长电科技,2025-09-16 11:03:35,38.7,52900,38.7,U
sh600584,长电科技,2025-09-16 11:03:38,38.71,9200,38.7,U
sh600584,长电科技,2025-09-16 11:03:41,38.71,7100,38.71,D
sh600584,长电科技,2025-09-16 11:03:44,38.72,27500,38.71,U
sh600584,长电科技,2025-09-16 11:03:47,38.71,53200,38.72,D
sh600584,长电科技,2025-09-16 11:03:50,38.71,95300,38.71,D
sh600584,长电科技,2025-09-16 11:03:53,38.71,17000,38.71,U
sh600584,长电科技,2025-09-16 11:03:56,38.71,43400,38.71,U
sh600584,长电科技,2025-09-16 11:03:59,38.7,28800,38.71,D
sh600584,长电科技,2025-09-16 11:04:02,38.72,92500,38.7,U
sh600584,长电科技,2025-09-16 11:04:05,38.71,14900,38.72,D
sh600584,长电科技,2025-09-16 11:04:08,38.72,10600,38.71,U
sh600584,长电科技,2025-09-16 11:04:11,38.72,10700,38.72,D
sh600584,长电科技,2025-09-16 11:04:14,38.73,12100,38.72,U
sh600584,长电科技,2025-09-16 11:04:20,38.74,38800,38.73,U
sh600584,长电科技,2025-09-16 11:04:23,38.74,20600,38.74,U
sh600584,长电科技,2025-09-16 11:04:26,38.75,5300,38.74,U
sh600584,长电科技,2025-09-16 11:04:29,38.74,7900,38.75,D
sh600584,长电科技,2025-09-16 11:04:32,38.75,19800,38.74,U
sh600584,长电科技,2025-09-16 11:04:35,38.75,32000,38.75,U
sh600584,长电科技,2025-09-16 11:04:38,38.74,99200,38.75,D
sh600584,长电科技,2025-09-16 11:04:41,38.75,48400,38.74,U
sh600584,长电科技,2025-09-16 11:04:44,38.76,39200,38.75,U
sh600584,长电科技,2025-09-16 11:04:47,38.76,10500,38.76,U
sh600584,长电科技,2025-09-16 11:04:50,38.76,37200,38.76,U
sh600584,长电科技,2025-09-16 11:04:53,38.76,25900,38.76,D
sh600584,长电科技,2025-09-16 11:04:56,38.75,38000,38.76,D
sh600584,长电科技,2025-09-16 11:04:59,38.76,12700,38.75,U
sh600584,长电科技,2025-09-16 11:05:02,38.76,55100,38.76,D
sh600584,长电科技,2025-09-16 11:05:05,38.78,33600,38.76,U
sh600584,长电科技,2025-09-16 11:05:08,38.76,23700,38.78,D
sh600584,长电科技,2025-09-16 11:05:11,38.76,21300,38.76,U
sh600584,长电科技,2025-09-16 11:05:14,38.74,51800,38.76,D
sh600584,长电科技,2025-09-16 11:05:17,38.72,107100,38.74,D
sh600584,长电科技,2025-09-16 11:05:23,38.72,14900,38.72,D
sh600584,长电科技,2025-09-16 11:05:26,38.73,11600,38.72,U
sh600584,长电科技,2025-09-16 11:05:29,38.72,16800,38.73,U
sh600584,长电科技,2025-09-16 11:05:32,38.72,32400,38.72,D
sh600584,长电科技,2025-09-16 11:05:35,38.72,17800,38.72,D
sh600584,长电科技,2025-09-16 11:05:38,38.72,18100,38.72,D
sh600584,长电科技,2025-09-16 11:05:41,38.72,24100,38.72,U
sh600584,长电科技,2025-09-16 11:05:44,38.72,26400,38.72,D
sh600584,长电科技,2025-09-16 11:05:47,38.72,11200,38.72,U
sh600584,长电科技,2025-09-16 11:05:50,38.72,15700,38.72,D
sh600584,长电科技,2025-09-16 11:05:53,38.72,49700,38.72,D
sh600584,长电科技,2025-09-16 11:05:56,38.73,23100,38.72,U
sh600584,长电科技,2025-09-16 11:05:59,38.73,13400,38.73,U
sh600584,长电科技,2025-09-16 11:06:02,38.73,11600,38.73,D
sh600584,长电科技,2025-09-16 11:06:05,38.72,7600,38.73,D
sh600584,长电科技,2025-09-16 11:06:08,38.72,13200,38.72,E
sh600584,长电科技,2025-09-16 11:06:11,38.72,7700,38.72,U
sh600584,长电科技,2025-09-16 11:06:14,38.71,47900,38.72,D
sh600584,长电科技,2025-09-16 11:06:17,38.72,18400,38.71,U
sh600584,长电科技,2025-09-16 11:06:20,38.7,69300,38.72,D
sh600584,长电科技,2025-09-16 11:06:23,38.69,5400,38.7,D
sh600584,长电科技,2025-09-16 11:06:26,38.7,8200,38.69,U
sh600584,长电科技,2025-09-16 11:06:29,38.69,60900,38.7,D
sh600584,长电科技,2025-09-16 11:06:32,38.68,14500,38.69,D
sh600584,长电科技,2025-09-16 11:06:38,38.7,9800,38.7,U
sh600584,长电科技,2025-09-16 11:06:41,38.7,15800,38.7,D
sh600584,长电科技,2025-09-16 11:06:44,38.69,36500,38.7,D
sh600584,长电科技,2025-09-16 11:06:47,38.68,10500,38.69,D
sh600584,长电科技,2025-09-16 11:06:50,38.69,11300,38.68,E
sh600584,长电科技,2025-09-16 11:06:53,38.68,5900,38.69,D
sh600584,长电科技,2025-09-16 11:06:56,38.68,32700,38.68,D
sh600584,长电科技,2025-09-16 11:06:59,38.68,14200,38.68,U
sh600584,长电科技,2025-09-16 11:07:02,38.67,15700,38.68,D
sh600584,长电科技,2025-09-16 11:07:05,38.68,7800,38.67,U
sh600584,长电科技,2025-09-16 11:07:08,38.67,5700,38.68,E
sh600584,长电科技,2025-09-16 11:07:11,38.68,15200,38.67,U
sh600584,长电科技,2025-09-16 11:07:14,38.68,20100,38.68,U
sh600584,长电科技,2025-09-16 11:07:17,38.66,18300,38.68,D
sh600584,长电科技,2025-09-16 11:07:20,38.64,20800,38.66,D
sh600584,长电科技,2025-09-16 11:07:26,38.65,14800,38.66,U
sh600584,长电科技,2025-09-16 11:07:32,38.65,18900,38.66,E
sh600584,长电科技,2025-09-16 11:07:35,38.65,10100,38.65,D
sh600584,长电科技,2025-09-16 11:07:41,38.66,8100,38.65,U
sh600584,长电科技,2025-09-16 11:07:44,38.66,11600,38.66,U
sh600584,长电科技,2025-09-16 11:07:47,38.66,83500,38.66,U
sh600584,长电科技,2025-09-16 11:07:50,38.68,9100,38.66,U
sh600584,长电科技,2025-09-16 11:07:53,38.69,9400,38.68,U
sh600584,长电科技,2025-09-16 11:07:56,38.69,12600,38.69,U
sh600584,长电科技,2025-09-16 11:07:59,38.69,6900,38.69,U
sh600584,长电科技,2025-09-16 11:08:02,38.69,7400,38.69,U
sh600584,长电科技,2025-09-16 11:08:05,38.7,21800,38.69,U
sh600584,长电科技,2025-09-16 11:08:08,38.69,27800,38.7,D
sh600584,长电科技,2025-09-16 11:08:11,38.7,21200,38.69,U
sh600584,长电科技,2025-09-16 11:08:14,38.71,12400,38.7,U
sh600584,长电科技,2025-09-16 11:08:17,38.72,19400,38.71,U
sh600584,长电科技,2025-09-16 11:08:20,38.72,27700,38.72,U
sh600584,长电科技,2025-09-16 11:08:23,38.72,10000,38.72,D
sh600584,长电科技,2025-09-16 11:08:26,38.73,21000,38.72,U
sh600584,长电科技,2025-09-16 11:08:32,38.73,11600,38.73,D
sh600584,长电科技,2025-09-16 11:08:35,38.74,13100,38.73,U
sh600584,长电科技,2025-09-16 11:08:38,38.73,17700,38.74,D
sh600584,长电科技,2025-09-16 11:08:41,38.73,7900,38.73,U
sh600584,长电科技,2025-09-16 11:08:44,38.73,6400,38.73,U
sh600584,长电科技,2025-09-16 11:08:47,38.73,17300,38.73,U
sh600584,长电科技,2025-09-16 11:08:50,38.72,12300,38.73,D
sh600584,长电科技,2025-09-16 11:08:53,38.71,20400,38.72,D
sh600584,长电科技,2025-09-16 11:08:59,38.74,36100,38.73,U
sh600584,长电科技,2025-09-16 11:09:05,38.73,13200,38.72,U
sh600584,长电科技,2025-09-16 11:09:08,38.73,16900,38.73,U
sh600584,长电科技,2025-09-16 11:09:11,38.72,9700,38.73,D
sh600584,长电科技,2025-09-16 11:09:14,38.69,103300,38.72,D
sh600584,长电科技,2025-09-16 11:09:17,38.7,17900,38.69,U
sh600584,长电科技,2025-09-16 11:09:23,38.67,15200,38.72,D
sh600584,长电科技,2025-09-16 11:09:29,38.69,7500,38.72,E
sh600584,长电科技,2025-09-16 11:09:32,38.68,7300,38.69,D
sh600584,长电科技,2025-09-16 11:09:35,38.71,6700,38.68,E
sh600584,长电科技,2025-09-16 11:09:41,38.71,11000,38.69,U
sh600584,长电科技,2025-09-16 11:09:47,38.7,44900,38.71,E
sh600584,长电科技,2025-09-16 11:09:56,38.71,10900,38.71,D
sh600584,长电科技,2025-09-16 11:09:59,38.71,10400,38.71,U
sh600584,长电科技,2025-09-16 11:10:02,38.7,9000,38.71,D
sh600584,长电科技,2025-09-16 11:10:05,38.71,9100,38.7,U
sh600584,长电科技,2025-09-16 11:10:11,38.71,26100,38.71,D
sh600584,长电科技,2025-09-16 11:10:20,38.71,17100,38.7,U
sh600584,长电科技,2025-09-16 11:10:23,38.71,24400,38.71,D
sh600584,长电科技,2025-09-16 11:10:26,38.71,7900,38.71,D
sh600584,长电科技,2025-09-16 11:10:29,38.72,8300,38.71,U
sh600584,长电科技,2025-09-16 11:10:32,38.72,20400,38.72,U
sh600584,长电科技,2025-09-16 11:10:41,38.72,6900,38.71,U
sh600584,长电科技,2025-09-16 11:10:44,38.72,8000,38.72,D
sh600584,长电科技,2025-09-16 11:10:47,38.72,9700,38.72,U
sh600584,长电科技,2025-09-16 11:10:50,38.72,10100,38.72,U
sh600584,长电科技,2025-09-16 11:10:53,38.72,10300,38.72,U
sh600584,长电科技,2025-09-16 11:10:59,38.73,16700,38.72,U
sh600584,长电科技,2025-09-16 11:11:02,38.72,11900,38.73,D
sh600584,长电科技,2025-09-16 11:11:05,38.72,5900,38.72,D
sh600584,长电科技,2025-09-16 11:11:08,38.73,24300,38.72,U
sh600584,长电科技,2025-09-16 11:11:11,38.73,9900,38.73,D
sh600584,长电科技,2025-09-16 11:11:14,38.73,7400,38.73,U
sh600584,长电科技,2025-09-16 11:11:17,38.73,22300,38.73,U
sh600584,长电科技,2025-09-16 11:11:23,38.72,8900,38.73,D
sh600584,长电科技,2025-09-16 11:11:26,38.73,9100,38.72,E
sh600584,长电科技,2025-09-16 11:11:32,38.74,9000,38.73,U
sh600584,长电科技,2025-09-16 11:11:35,38.73,14300,38.74,E
sh600584,长电科技,2025-09-16 11:11:38,38.73,7000,38.73,D
sh600584,长电科技,2025-09-16 11:11:41,38.73,41700,38.73,D
sh600584,长电科技,2025-09-16 11:11:44,38.72,12400,38.73,D
sh600584,长电科技,2025-09-16 11:11:47,38.72,7500,38.72,D
sh600584,长电科技,2025-09-16 11:11:50,38.73,8400,38.72,U
sh600584,长电科技,2025-09-16 11:11:53,38.73,17000,38.73,D
sh600584,长电科技,2025-09-16 11:11:56,38.72,10200,38.73,D
sh600584,长电科技,2025-09-16 11:11:59,38.72,18200,38.72,U
sh600584,长电科技,2025-09-16 11:12:02,38.72,9100,38.72,U
sh600584,长电科技,2025-09-16 11:12:05,38.72,5800,38.72,D
sh600584,长电科技,2025-09-16 11:12:08,38.72,12000,38.72,D
sh600584,长电科技,2025-09-16 11:12:11,38.73,12300,38.72,U
sh600584,长电科技,2025-09-16 11:12:17,38.73,7000,38.72,U
sh600584,长电科技,2025-09-16 11:12:20,38.72,10000,38.73,D
sh600584,长电科技,2025-09-16 11:12:23,38.73,9700,38.72,U
sh600584,长电科技,2025-09-16 11:12:26,38.73,30300,38.73,U
sh600584,长电科技,2025-09-16 11:12:35,38.73,8800,38.73,U
sh600584,长电科技,2025-09-16 11:12:38,38.73,9600,38.73,D
sh600584,长电科技,2025-09-16 11:12:41,38.72,11000,38.73,D
sh600584,长电科技,2025-09-16 11:12:47,38.72,9500,38.72,U
sh600584,长电科技,2025-09-16 11:12:56,38.72,16600,38.72,U
sh600584,长电科技,2025-09-16 11:12:59,38.72,6400,38.72,U
sh600584,长电科技,2025-09-16 11:13:02,38.72,9800,38.72,D
sh600584,长电科技,2025-09-16 11:13:05,38.72,5400,38.72,D
sh600584,长电科技,2025-09-16 11:13:11,38.72,12500,38.72,U
sh600584,长电科技,2025-09-16 11:13:20,38.71,10100,38.72,D
sh600584,长电科技,2025-09-16 11:13:23,38.72,10200,38.71,U
sh600584,长电科技,2025-09-16 11:13:32,38.71,9000,38.7,U
sh600584,长电科技,2025-09-16 11:13:41,38.71,9900,38.71,U
sh600584,长电科技,2025-09-16 11:13:44,38.71,13000,38.71,U
sh600584,长电科技,2025-09-16 11:13:47,38.71,5500,38.71,U
sh600584,长电科技,2025-09-16 11:13:50,38.71,8700,38.71,U
sh600584,长电科技,2025-09-16 11:13:53,38.7,44900,38.71,D
sh600584,长电科技,2025-09-16 11:13:59,38.69,24200,38.7,D
sh600584,长电科技,2025-09-16 11:14:02,38.7,18300,38.69,U
sh600584,长电科技,2025-09-16 11:14:05,38.7,7300,38.7,U
sh600584,长电科技,2025-09-16 11:14:11,38.69,9700,38.69,U
sh600584,长电科技,2025-09-16 11:14:17,38.69,5500,38.69,D
sh600584,长电科技,2025-09-16 11:14:23,38.69,6200,38.69,D
sh600584,长电科技,2025-09-16 11:14:26,38.7,24100,38.69,U
sh600584,长电科技,2025-09-16 11:14:32,38.7,7000,38.69,U
sh600584,长电科技,2025-09-16 11:14:41,38.69,14700,38.68,U
sh600584,长电科技,2025-09-16 11:14:47,38.69,8600,38.69,D
sh600584,长电科技,2025-09-16 11:14:56,38.68,9500,38.69,D
sh600584,长电科技,2025-09-16 11:14:59,38.68,29600,38.68,D
sh600584,长电科技,2025-09-16 11:15:02,38.69,23800,38.68,D
sh600584,长电科技,2025-09-16 11:15:23,38.66,32000,38.67,D
sh600584,长电科技,2025-09-16 11:15:26,38.67,9800,38.66,U
sh600584,长电科技,2025-09-16 11:15:32,38.67,8400,38.67,U
sh600584,长电科技,2025-09-16 11:15:35,38.65,13300,38.67,D
sh600584,长电科技,2025-09-16 11:15:38,38.66,20600,38.65,U
sh600584,长电科技,2025-09-16 11:15:41,38.66,7800,38.66,D
sh600584,长电科技,2025-09-16 11:15:44,38.64,10300,38.66,D
sh600584,长电科技,2025-09-16 11:15:53,38.64,7700,38.65,E
sh600584,长电科技,2025-09-16 11:15:56,38.63,11200,38.64,D
sh600584,长电科技,2025-09-16 11:15:59,38.63,7300,38.63,U
sh600584,长电科技,2025-09-16 11:16:02,38.61,29800,38.63,D
sh600584,长电科技,2025-09-16 11:16:05,38.6,38700,38.61,D
sh600584,长电科技,2025-09-16 11:16:08,38.6,35600,38.6,D
sh600584,长电科技,2025-09-16 11:16:11,38.59,8200,38.6,D
sh600584,长电科技,2025-09-16 11:16:14,38.59,9800,38.59,D
sh600584,长电科技,2025-09-16 11:16:17,38.59,9000,38.59,D
sh600584,长电科技,2025-09-16 11:16:20,38.6,13800,38.59,U
sh600584,长电科技,2025-09-16 11:16:23,38.6,19900,38.6,D
sh600584,长电科技,2025-09-16 11:16:26,38.59,8100,38.6,D
sh600584,长电科技,2025-09-16 11:16:29,38.6,16000,38.59,U
sh600584,长电科技,2025-09-16 11:16:38,38.6,11600,38.6,D
sh600584,长电科技,2025-09-16 11:16:44,38.6,6600,38.59,U
sh600584,长电科技,2025-09-16 11:16:47,38.59,54700,38.6,D
sh600584,长电科技,2025-09-16 11:16:50,38.59,13700,38.59,U
sh600584,长电科技,2025-09-16 11:16:53,38.58,25600,38.59,D
sh600584,长电科技,2025-09-16 11:16:56,38.58,12800,38.58,U
sh600584,长电科技,2025-09-16 11:16:59,38.57,10200,38.58,D
sh600584,长电科技,2025-09-16 11:17:02,38.57,22500,38.57,D
sh600584,长电科技,2025-09-16 11:17:05,38.56,5600,38.57,D
sh600584,长电科技,2025-09-16 11:17:14,38.56,6600,38.56,D
sh600584,长电科技,2025-09-16 11:17:17,38.57,16000,38.56,U
sh600584,长电科技,2025-09-16 11:17:26,38.57,15400,38.57,D
sh600584,长电科技,2025-09-16 11:17:29,38.58,14900,38.57,U
sh600584,长电科技,2025-09-16 11:17:35,38.58,22300,38.57,U
sh600584,长电科技,2025-09-16 11:17:41,38.57,20500,38.58,D
sh600584,长电科技,2025-09-16 11:17:44,38.58,7000,38.57,U
sh600584,长电科技,2025-09-16 11:17:47,38.58,9400,38.58,U
sh600584,长电科技,2025-09-16 11:17:50,38.57,13206,38.58,D
sh600584,长电科技,2025-09-16 11:17:56,38.59,30400,38.58,U
sh600584,长电科技,2025-09-16 11:17:59,38.59,25300,38.59,U
sh600584,长电科技,2025-09-16 11:18:02,38.59,38300,38.59,U
sh600584,长电科技,2025-09-16 11:18:05,38.6,9100,38.59,U
sh600584,长电科技,2025-09-16 11:18:14,38.62,5200,38.62,U
sh600584,长电科技,2025-09-16 11:18:23,38.64,9200,38.62,U
sh600584,长电科技,2025-09-16 11:18:26,38.64,13900,38.64,U
sh600584,长电科技,2025-09-16 11:18:29,38.62,22700,38.64,D
sh600584,长电科技,2025-09-16 11:18:38,38.64,8100,38.64,D
sh600584,长电科技,2025-09-16 11:18:41,38.64,14100,38.64,D
sh600584,长电科技,2025-09-16 11:18:44,38.63,5200,38.64,D
sh600584,长电科技,2025-09-16 11:18:53,38.64,7800,38.64,D
sh600584,长电科技,2025-09-16 11:18:59,38.64,14900,38.65,D
sh600584,长电科技,2025-09-16 11:19:02,38.65,5600,38.64,U
sh600584,长电科技,2025-09-16 11:19:14,38.65,5400,38.65,U
sh600584,长电科技,2025-09-16 11:19:26,38.65,7300,38.66,D
sh600584,长电科技,2025-09-16 11:19:35,38.65,7100,38.66,D
sh600584,长电科技,2025-09-16 11:19:38,38.66,20400,38.65,U
sh600584,长电科技,2025-09-16 11:19:41,38.66,7400,38.66,U
sh600584,长电科技,2025-09-16 11:19:44,38.66,12900,38.66,U
sh600584,长电科技,2025-09-16 11:19:50,38.66,23000,38.66,D
sh600584,长电科技,2025-09-16 11:19:53,38.66,23900,38.66,D
sh600584,长电科技,2025-09-16 11:19:56,38.63,9400,38.66,D
sh600584,长电科技,2025-09-16 11:20:02,38.65,16600,38.65,U
sh600584,长电科技,2025-09-16 11:20:05,38.65,9600,38.65,U
sh600584,长电科技,2025-09-16 11:20:08,38.64,5300,38.65,D
sh600584,长电科技,2025-09-16 11:20:11,38.63,7200,38.64,D
sh600584,长电科技,2025-09-16 11:20:14,38.63,111900,38.63,D
sh600584,长电科技,2025-09-16 11:20:35,38.61,6100,38.62,D
sh600584,长电科技,2025-09-16 11:20:38,38.61,6800,38.61,D
sh600584,长电科技,2025-09-16 11:20:44,38.62,26600,38.62,U
sh600584,长电科技,2025-09-16 11:21:02,38.63,5200,38.62,U
sh600584,长电科技,2025-09-16 11:21:11,38.62,14400,38.63,D
sh600584,长电科技,2025-09-16 11:21:14,38.62,43100,38.62,U
sh600584,长电科技,2025-09-16 11:21:17,38.61,8700,38.62,D
sh600584,长电科技,2025-09-16 11:21:20,38.62,13200,38.61,U
sh600584,长电科技,2025-09-16 11:21:23,38.63,34100,38.62,U
sh600584,长电科技,2025-09-16 11:21:29,38.64,10100,38.63,U
sh600584,长电科技,2025-09-16 11:21:32,38.64,8600,38.64,U
sh600584,长电科技,2025-09-16 11:21:35,38.65,21600,38.64,U
sh600584,长电科技,2025-09-16 11:21:38,38.66,10200,38.65,U
sh600584,长电科技,2025-09-16 11:21:44,38.63,14600,38.67,D
sh600584,长电科技,2025-09-16 11:21:47,38.62,11200,38.63,D
sh600584,长电科技,2025-09-16 11:21:59,38.64,14200,38.64,U
sh600584,长电科技,2025-09-16 11:22:05,38.65,6100,38.65,U
sh600584,长电科技,2025-09-16 11:22:08,38.66,6100,38.65,U
sh600584,长电科技,2025-09-16 11:22:11,38.62,57200,38.66,D
sh600584,长电科技,2025-09-16 11:22:26,38.66,14800,38.67,D
sh600584,长电科技,2025-09-16 11:22:32,38.66,13500,38.67,D
sh600584,长电科技,2025-09-16 11:22:38,38.65,7400,38.66,D
sh600584,长电科技,2025-09-16 11:22:44,38.65,5600,38.66,E
sh600584,长电科技,2025-09-16 11:22:56,38.66,9900,38.66,U
sh600584,长电科技,2025-09-16 11:22:59,38.65,27200,38.66,D
sh600584,长电科技,2025-09-16 11:23:02,38.66,13800,38.65,U
sh600584,长电科技,2025-09-16 11:23:11,38.66,12700,38.66,U
sh600584,长电科技,2025-09-16 11:23:17,38.65,9100,38.65,D
sh600584,长电科技,2025-09-16 11:23:20,38.66,18100,38.65,U
sh600584,长电科技,2025-09-16 11:23:29,38.67,7700,38.66,U
sh600584,长电科技,2025-09-16 11:23:35,38.67,5600,38.66,U
sh600584,长电科技,2025-09-16 11:23:38,38.66,11700,38.67,D
sh600584,长电科技,2025-09-16 11:23:44,38.68,33300,38.68,U
sh600584,长电科技,2025-09-16 11:23:47,38.67,8000,38.68,D
sh600584,长电科技,2025-09-16 11:23:56,38.69,7800,38.69,U
sh600584,长电科技,2025-09-16 11:24:02,38.69,6913,38.69,U
sh600584,长电科技,2025-09-16 11:24:05,38.68,7200,38.69,D
sh600584,长电科技,2025-09-16 11:24:08,38.69,7300,38.68,U
sh600584,长电科技,2025-09-16 11:24:11,38.69,9700,38.69,E
sh600584,长电科技,2025-09-16 11:24:14,38.69,8500,38.69,D
sh600584,长电科技,2025-09-16 11:24:17,38.68,12387,38.69,D
sh600584,长电科技,2025-09-16 11:24:20,38.68,19600,38.68,U
sh600584,长电科技,2025-09-16 11:24:26,38.69,5300,38.68,U
sh600584,长电科技,2025-09-16 11:24:29,38.69,5200,38.69,D
sh600584,长电科技,2025-09-16 11:24:32,38.69,13300,38.69,D
sh600584,长电科技,2025-09-16 11:24:38,38.69,5800,38.7,D
sh600584,长电科技,2025-09-16 11:24:41,38.69,10900,38.69,U
sh600584,长电科技,2025-09-16 11:24:44,38.7,8100,38.69,U
sh600584,长电科技,2025-09-16 11:24:47,38.69,8900,38.7,D
sh600584,长电科技,2025-09-16 11:24:50,38.7,6200,38.69,U
sh600584,长电科技,2025-09-16 11:24:53,38.7,63313,38.7,U
sh600584,长电科技,2025-09-16 11:24:56,38.71,11300,38.7,U
sh600584,长电科技,2025-09-16 11:24:59,38.71,18400,38.71,U
sh600584,长电科技,2025-09-16 11:25:08,38.71,11800,38.7,U
sh600584,长电科技,2025-09-16 11:25:11,38.7,28487,38.71,D
sh600584,长电科技,2025-09-16 11:25:14,38.71,9713,38.7,U
sh600584,长电科技,2025-09-16 11:25:20,38.71,9800,38.71,D
sh600584,长电科技,2025-09-16 11:25:23,38.72,9900,38.71,U
sh600584,长电科技,2025-09-16 11:25:29,38.72,22900,38.71,U
sh600584,长电科技,2025-09-16 11:25:32,38.72,16600,38.72,U
sh600584,长电科技,2025-09-16 11:25:35,38.72,9400,38.72,U
sh600584,长电科技,2025-09-16 11:25:38,38.72,12500,38.72,U
sh600584,长电科技,2025-09-16 11:25:41,38.72,6800,38.72,U
sh600584,长电科技,2025-09-16 11:25:44,38.71,16900,38.72,D
sh600584,长电科技,2025-09-16 11:25:47,38.72,5700,38.71,U
sh600584,长电科技,2025-09-16 11:25:50,38.72,11000,38.72,U
sh600584,长电科技,2025-09-16 11:25:56,38.71,9000,38.72,D
sh600584,长电科技,2025-09-16 11:25:59,38.72,10100,38.71,U
sh600584,长电科技,2025-09-16 11:26:02,38.72,9800,38.72,U
sh600584,长电科技,2025-09-16 11:26:08,38.71,112500,38.71,D
sh600584,长电科技,2025-09-16 11:26:11,38.7,7200,38.71,D
sh600584,长电科技,2025-09-16 11:26:14,38.7,10300,38.7,D
sh600584,长电科技,2025-09-16 11:26:17,38.69,22987,38.7,D
sh600584,长电科技,2025-09-16 11:26:20,38.68,5200,38.69,D
sh600584,长电科技,2025-09-16 11:26:23,38.67,6700,38.68,D
sh600584,长电科技,2025-09-16 11:26:29,38.66,7200,38.67,D
sh600584,长电科技,2025-09-16 11:26:32,38.66,7600,38.66,D
sh600584,长电科技,2025-09-16 11:26:35,38.66,6800,38.66,D
sh600584,长电科技,2025-09-16 11:26:41,38.67,6600,38.67,U
sh600584,长电科技,2025-09-16 11:26:53,38.68,15400,38.68,U
sh600584,长电科技,2025-09-16 11:26:56,38.67,11900,38.68,D
sh600584,长电科技,2025-09-16 11:27:02,38.68,14300,38.66,U
sh600584,长电科技,2025-09-16 11:27:08,38.69,5800,38.68,U
sh600584,长电科技,2025-09-16 11:27:32,38.66,5600,38.67,D
sh600584,长电科技,2025-09-16 11:27:35,38.67,5600,38.66,D
sh600584,长电科技,2025-09-16 11:27:38,38.67,13700,38.67,U
sh600584,长电科技,2025-09-16 11:27:41,38.68,15600,38.67,U
sh600584,长电科技,2025-09-16 11:27:50,38.68,5600,38.67,U
sh600584,长电科技,2025-09-16 11:28:02,38.67,7300,38.67,U
sh600584,长电科技,2025-09-16 11:28:05,38.66,6200,38.67,D
sh600584,长电科技,2025-09-16 11:28:08,38.66,9200,38.66,D
sh600584,长电科技,2025-09-16 11:28:11,38.65,12800,38.66,D
sh600584,长电科技,2025-09-16 11:28:14,38.66,6200,38.65,U
sh600584,长电科技,2025-09-16 11:28:23,38.66,11200,38.66,U
sh600584,长电科技,2025-09-16 11:28:26,38.66,6800,38.66,U
sh600584,长电科技,2025-09-16 11:28:35,38.66,6800,38.65,U
sh600584,长电科技,2025-09-16 11:29:23,38.65,5300,38.64,U
sh600584,长电科技,2025-09-16 11:29:41,38.64,6200,38.65,D
sh600584,长电科技,2025-09-16 11:29:50,38.64,6400,38.64,D
sh600584,长电科技,2025-09-16 11:29:59,38.65,7600,38.64,U
sh600584,长电科技,2025-09-16 13:00:02,38.65,27300,38.65,U
sh600584,长电科技,2025-09-16 13:00:05,38.68,51261,38.65,U
sh600584,长电科技,2025-09-16 13:00:08,38.65,70400,38.68,D
sh600584,长电科技,2025-09-16 13:00:11,38.66,30600,38.65,E
sh600584,长电科技,2025-09-16 13:00:14,38.65,20900,38.66,D
sh600584,长电科技,2025-09-16 13:00:17,38.65,6800,38.65,D
sh600584,长电科技,2025-09-16 13:00:23,38.65,29300,38.66,D
sh600584,长电科技,2025-09-16 13:00:26,38.65,240039,38.65,D
sh600584,长电科技,2025-09-16 13:00:32,38.66,13900,38.65,U
sh600584,长电科技,2025-09-16 13:00:38,38.66,8400,38.66,D
sh600584,长电科技,2025-09-16 13:00:44,38.6,70900,38.67,D
sh600584,长电科技,2025-09-16 13:00:53,38.65,7800,38.6,U
sh600584,长电科技,2025-09-16 13:00:56,38.65,5800,38.65,U
sh600584,长电科技,2025-09-16 13:01:14,38.64,5300,38.62,U
sh600584,长电科技,2025-09-16 13:01:29,38.64,6500,38.64,D
sh600584,长电科技,2025-09-16 13:01:32,38.69,66000,38.64,U
sh600584,长电科技,2025-09-16 13:01:41,38.64,12000,38.64,D
sh600584,长电科技,2025-09-16 13:01:50,38.64,9100,38.65,D
sh600584,长电科技,2025-09-16 13:02:05,38.66,5200,38.67,D
sh600584,长电科技,2025-09-16 13:02:11,38.63,9000,38.65,D
sh600584,长电科技,2025-09-16 13:02:14,38.62,7100,38.63,D
sh600584,长电科技,2025-09-16 13:02:17,38.62,6600,38.62,D
sh600584,长电科技,2025-09-16 13:02:23,38.62,7500,38.63,D
sh600584,长电科技,2025-09-16 13:02:26,38.62,16900,38.62,D
sh600584,长电科技,2025-09-16 13:02:35,38.62,9100,38.62,U
sh600584,长电科技,2025-09-16 13:02:38,38.61,10800,38.62,D
sh600584,长电科技,2025-09-16 13:02:44,38.6,69000,38.61,D
sh600584,长电科技,2025-09-16 13:02:47,38.6,9300,38.6,D
sh600584,长电科技,2025-09-16 13:02:50,38.59,12000,38.6,D
sh600584,长电科技,2025-09-16 13:02:56,38.6,20700,38.59,U
sh600584,长电科技,2025-09-16 13:02:59,38.59,31600,38.6,U
sh600584,长电科技,2025-09-16 13:03:02,38.59,24313,38.59,U
sh600584,长电科技,2025-09-16 13:03:11,38.58,6500,38.59,D
sh600584,长电科技,2025-09-16 13:03:23,38.61,42200,38.58,U
sh600584,长电科技,2025-09-16 13:03:26,38.6,9200,38.61,D
sh600584,长电科技,2025-09-16 13:03:53,38.61,10600,38.62,D
sh600584,长电科技,2025-09-16 13:04:05,38.61,12400,38.62,D
sh600584,长电科技,2025-09-16 13:04:11,38.62,10400,38.61,U
sh600584,长电科技,2025-09-16 13:04:14,38.61,41800,38.62,D
sh600584,长电科技,2025-09-16 13:04:29,38.61,7900,38.62,D
sh600584,长电科技,2025-09-16 13:04:41,38.62,5900,38.62,U
sh600584,长电科技,2025-09-16 13:04:50,38.61,8900,38.61,U
sh600584,长电科技,2025-09-16 13:04:59,38.61,17200,38.6,U
sh600584,长电科技,2025-09-16 13:05:11,38.6,13300,38.6,D
sh600584,长电科技,2025-09-16 13:05:17,38.61,13100,38.6,U
sh600584,长电科技,2025-09-16 13:05:20,38.61,11600,38.61,U
sh600584,长电科技,2025-09-16 13:05:29,38.6,14300,38.6,D
sh600584,长电科技,2025-09-16 13:05:38,38.61,11000,38.6,U
sh600584,长电科技,2025-09-16 13:05:50,38.61,33900,38.61,D
sh600584,长电科技,2025-09-16 13:05:53,38.62,5400,38.61,U
