symbol,name,ticktime,price,volume,prev_price,kind
sh600584,长电科技,2025-10-15 09:25:01,41.03,349154,0.0,U
sh600584,长电科技,2025-10-15 09:30:04,41.07,39100,41.04,U
sh600584,长电科技,2025-10-15 09:30:07,41.08,32800,41.07,D
sh600584,长电科技,2025-10-15 09:30:10,41.05,45600,41.08,D
sh600584,长电科技,2025-10-15 09:30:13,41.05,114100,41.05,D
sh600584,长电科技,2025-10-15 09:30:16,41.1,16720,41.05,E
sh600584,长电科技,2025-10-15 09:30:19,41.04,97300,41.1,D
sh600584,长电科技,2025-10-15 09:30:22,41.06,51100,41.04,E
sh600584,长电科技,2025-10-15 09:30:25,41.04,123400,41.06,D
sh600584,长电科技,2025-10-15 09:30:27,41.1,215704,41.04,U
sh600584,长电科技,2025-10-15 09:30:31,41.1,79000,41.1,D
sh600584,长电科技,2025-10-15 09:30:34,41.1,59300,41.1,D
sh600584,长电科技,2025-10-15 09:30:37,41.13,168600,41.1,U
sh600584,长电科技,2025-10-15 09:30:40,41.13,73800,41.13,U
sh600584,长电科技,2025-10-15 09:30:42,41.1,49400,41.13,D
sh600584,长电科技,2025-10-15 09:30:46,41.1,118700,41.1,U
sh600584,长电科技,2025-10-15 09:30:49,41.09,93700,41.1,E
sh600584,长电科技,2025-10-15 09:30:52,41.1,219800,41.09,U
sh600584,长电科技,2025-10-15 09:30:55,41.07,188000,41.1,D
sh600584,长电科技,2025-10-15 09:30:58,41.05,272400,41.07,D
sh600584,长电科技,2025-10-15 09:31:01,41.02,104800,41.05,D
sh600584,长电科技,2025-10-15 09:31:03,40.99,167746,41.02,D
sh600584,长电科技,2025-10-15 09:31:07,40.98,47600,40.99,D
sh600584,长电科技,2025-10-15 09:31:10,40.94,125500,40.98,D
sh600584,长电科技,2025-10-15 09:31:13,40.9,55000,40.94,D
sh600584,长电科技,2025-10-15 09:31:16,40.8,238200,40.9,D
sh600584,长电科技,2025-10-15 09:31:19,40.8,34800,40.8,D
sh600584,长电科技,2025-10-15 09:31:22,40.79,62400,40.8,D
sh600584,长电科技,2025-10-15 09:31:25,40.76,32200,40.79,D
sh600584,长电科技,2025-10-15 09:31:28,40.72,28200,40.76,D
sh600584,长电科技,2025-10-15 09:31:31,40.71,19300,40.72,D
sh600584,长电科技,2025-10-15 09:31:34,40.68,36600,40.71,D
sh600584,长电科技,2025-10-15 09:31:37,40.67,11800,40.68,D
sh600584,长电科技,2025-10-15 09:31:40,40.62,30400,40.67,D
sh600584,长电科技,2025-10-15 09:31:43,40.61,37400,40.62,D
sh600584,长电科技,2025-10-15 09:31:46,40.59,67400,40.61,D
sh600584,长电科技,2025-10-15 09:31:49,40.56,33900,40.59,D
sh600584,长电科技,2025-10-15 09:31:52,40.55,37700,40.56,D
sh600584,长电科技,2025-10-15 09:31:55,40.52,147400,40.55,D
sh600584,长电科技,2025-10-15 09:31:58,40.53,177100,40.52,E
sh600584,长电科技,2025-10-15 09:32:01,40.55,233300,40.53,U
sh600584,长电科技,2025-10-15 09:32:04,40.59,140800,40.55,U
sh600584,长电科技,2025-10-15 09:32:07,40.58,215700,40.59,D
sh600584,长电科技,2025-10-15 09:32:10,40.61,85700,40.58,U
sh600584,长电科技,2025-10-15 09:32:13,40.66,34600,40.61,U
sh600584,长电科技,2025-10-15 09:32:16,40.66,58600,40.66,U
sh600584,长电科技,2025-10-15 09:32:19,40.7,51200,40.66,U
sh600584,长电科技,2025-10-15 09:32:22,40.7,55100,40.7,U
sh600584,长电科技,2025-10-15 09:32:25,40.7,28000,40.7,U
sh600584,长电科技,2025-10-15 09:32:28,40.73,34600,40.7,U
sh600584,长电科技,2025-10-15 09:32:31,40.75,15400,40.73,U
sh600584,长电科技,2025-10-15 09:32:34,40.73,20100,40.75,E
sh600584,长电科技,2025-10-15 09:32:37,40.73,23200,40.73,U
sh600584,长电科技,2025-10-15 09:32:40,40.72,62200,40.73,U
sh600584,长电科技,2025-10-15 09:32:43,40.7,45400,40.72,D
sh600584,长电科技,2025-10-15 09:32:46,40.67,63100,40.7,D
sh600584,长电科技,2025-10-15 09:32:49,40.63,86100,40.67,D
sh600584,长电科技,2025-10-15 09:32:52,40.61,11400,40.63,D
sh600584,长电科技,2025-10-15 09:32:55,40.6,69300,40.61,D
sh600584,长电科技,2025-10-15 09:32:58,40.59,51700,40.6,D
sh600584,长电科技,2025-10-15 09:33:01,40.57,50900,40.59,D
sh600584,长电科技,2025-10-15 09:33:04,40.57,56600,40.57,D
sh600584,长电科技,2025-10-15 09:33:07,40.53,78600,40.57,D
sh600584,长电科技,2025-10-15 09:33:10,40.52,52400,40.53,D
sh600584,长电科技,2025-10-15 09:33:13,40.51,124200,40.52,D
sh600584,长电科技,2025-10-15 09:33:16,40.49,65000,40.51,D
sh600584,长电科技,2025-10-15 09:33:19,40.46,27500,40.49,D
sh600584,长电科技,2025-10-15 09:33:22,40.42,52200,40.46,D
sh600584,长电科技,2025-10-15 09:33:25,40.45,56300,40.42,U
sh600584,长电科技,2025-10-15 09:33:28,40.38,70000,40.45,D
sh600584,长电科技,2025-10-15 09:33:31,40.36,43000,40.38,D
sh600584,长电科技,2025-10-15 09:33:34,40.3,59700,40.36,D
sh600584,长电科技,2025-10-15 09:33:37,40.28,51800,40.3,D
sh600584,长电科技,2025-10-15 09:33:40,40.35,141700,40.28,U
sh600584,长电科技,2025-10-15 09:33:43,40.25,136700,40.35,D
sh600584,长电科技,2025-10-15 09:33:46,40.31,72700,40.25,U
sh600584,长电科技,2025-10-15 09:33:49,40.25,125000,40.31,D
sh600584,长电科技,2025-10-15 09:33:52,40.25,59700,40.25,D
sh600584,长电科技,2025-10-15 09:33:55,40.22,64600,40.25,D
sh600584,长电科技,2025-10-15 09:33:58,40.18,38200,40.22,D
sh600584,长电科技,2025-10-15 09:34:01,40.2,28000,40.18,U
sh600584,长电科技,2025-10-15 09:34:04,40.19,80400,40.2,E
sh600584,长电科技,2025-10-15 09:34:07,40.32,430600,40.19,U
sh600584,长电科技,2025-10-15 09:34:10,40.38,128500,40.32,U
sh600584,长电科技,2025-10-15 09:34:13,40.38,45500,40.38,U
sh600584,长电科技,2025-10-15 09:34:16,40.38,77700,40.38,D
sh600584,长电科技,2025-10-15 09:34:19,40.35,35900,40.38,E
sh600584,长电科技,2025-10-15 09:34:22,40.35,23900,40.35,D
sh600584,长电科技,2025-10-15 09:34:25,40.35,48500,40.35,D
sh600584,长电科技,2025-10-15 09:34:28,40.36,47700,40.35,U
sh600584,长电科技,2025-10-15 09:34:31,40.38,28900,40.36,U
sh600584,长电科技,2025-10-15 09:34:34,40.35,31500,40.38,D
sh600584,长电科技,2025-10-15 09:34:37,40.36,31600,40.35,E
sh600584,长电科技,2025-10-15 09:34:40,40.36,29000,40.36,D
sh600584,长电科技,2025-10-15 09:34:43,40.36,29500,40.36,D
sh600584,长电科技,2025-10-15 09:34:46,40.37,48864,40.36,U
sh600584,长电科技,2025-10-15 09:34:49,40.36,64300,40.37,D
sh600584,长电科技,2025-10-15 09:34:52,40.38,73900,40.36,U
sh600584,长电科技,2025-10-15 09:34:55,40.37,16500,40.38,E
sh600584,长电科技,2025-10-15 09:34:58,40.38,13600,40.37,U
sh600584,长电科技,2025-10-15 09:35:01,40.4,35600,40.38,E
sh600584,长电科技,2025-10-15 09:35:04,40.43,17000,40.4,E
sh600584,长电科技,2025-10-15 09:35:07,40.44,38800,40.43,E
sh600584,长电科技,2025-10-15 09:35:10,40.4,10300,40.44,D
sh600584,长电科技,2025-10-15 09:35:13,40.4,42500,40.4,D
sh600584,长电科技,2025-10-15 09:35:16,40.4,30700,40.4,U
sh600584,长电科技,2025-10-15 09:35:19,40.4,36500,40.4,U
sh600584,长电科技,2025-10-15 09:35:22,40.38,7400,40.4,U
sh600584,长电科技,2025-10-15 09:35:25,40.38,31600,40.38,U
sh600584,长电科技,2025-10-15 09:35:28,40.38,27600,40.38,U
sh600584,长电科技,2025-10-15 09:35:31,40.38,20100,40.38,U
sh600584,长电科技,2025-10-15 09:35:34,40.38,13900,40.38,D
sh600584,长电科技,2025-10-15 09:35:37,40.37,32800,40.38,D
sh600584,长电科技,2025-10-15 09:35:40,40.37,46300,40.37,D
sh600584,长电科技,2025-10-15 09:35:43,40.35,73136,40.37,D
sh600584,长电科技,2025-10-15 09:35:46,40.34,38300,40.35,D
sh600584,长电科技,2025-10-15 09:35:49,40.31,10900,40.34,D
sh600584,长电科技,2025-10-15 09:35:52,40.31,28000,40.31,D
sh600584,长电科技,2025-10-15 09:35:55,40.29,35900,40.31,D
sh600584,长电科技,2025-10-15 09:35:58,40.29,25700,40.29,D
sh600584,长电科技,2025-10-15 09:36:01,40.28,5700,40.29,D
sh600584,长电科技,2025-10-15 09:36:04,40.27,35400,40.28,U
sh600584,长电科技,2025-10-15 09:36:07,40.24,9700,40.27,D
sh600584,长电科技,2025-10-15 09:36:10,40.24,121000,40.24,D
sh600584,长电科技,2025-10-15 09:36:13,40.23,71800,40.24,D
sh600584,长电科技,2025-10-15 09:36:16,40.22,55200,40.23,D
sh600584,长电科技,2025-10-15 09:36:19,40.22,37000,40.22,D
sh600584,长电科技,2025-10-15 09:36:22,40.21,41400,40.22,D
sh600584,长电科技,2025-10-15 09:36:25,40.22,59900,40.21,U
sh600584,长电科技,2025-10-15 09:36:28,40.21,74200,40.22,D
sh600584,长电科技,2025-10-15 09:36:31,40.2,53600,40.21,D
sh600584,长电科技,2025-10-15 09:36:34,40.2,79500,40.2,D
sh600584,长电科技,2025-10-15 09:36:37,40.19,51400,40.2,D
sh600584,长电科技,2025-10-15 09:36:40,40.16,85800,40.19,D
sh600584,长电科技,2025-10-15 09:36:43,40.15,35100,40.16,E
sh600584,长电科技,2025-10-15 09:36:46,40.14,23000,40.15,D
sh600584,长电科技,2025-10-15 09:36:49,40.11,38300,40.14,D
sh600584,长电科技,2025-10-15 09:36:52,40.11,29400,40.11,D
sh600584,长电科技,2025-10-15 09:36:55,40.1,44400,40.11,D
sh600584,长电科技,2025-10-15 09:36:58,40.07,88800,40.1,D
sh600584,长电科技,2025-10-15 09:37:01,40.03,69600,40.07,D
sh600584,长电科技,2025-10-15 09:37:04,40.02,19900,40.03,D
sh600584,长电科技,2025-10-15 09:37:07,40.01,35200,40.02,D
sh600584,长电科技,2025-10-15 09:37:10,40.0,353400,40.01,D
sh600584,长电科技,2025-10-15 09:37:13,39.99,183600,40.0,D
sh600584,长电科技,2025-10-15 09:37:16,40.0,443500,39.99,U
sh600584,长电科技,2025-10-15 09:37:19,39.98,124800,40.0,D
sh600584,长电科技,2025-10-15 09:37:22,39.98,62100,39.98,U
sh600584,长电科技,2025-10-15 09:37:25,39.97,180700,39.98,D
sh600584,长电科技,2025-10-15 09:37:28,39.96,155700,39.97,D
sh600584,长电科技,2025-10-15 09:37:31,39.96,58200,39.96,D
sh600584,长电科技,2025-10-15 09:37:34,39.95,150800,39.96,D
sh600584,长电科技,2025-10-15 09:37:37,39.95,290400,39.95,U
sh600584,长电科技,2025-10-15 09:37:40,39.95,136300,39.95,D
sh600584,长电科技,2025-10-15 09:37:43,39.94,65600,39.95,D
sh600584,长电科技,2025-10-15 09:37:46,39.95,171732,39.94,U
sh600584,长电科技,2025-10-15 09:37:49,39.96,69700,39.95,E
sh600584,长电科技,2025-10-15 09:37:52,39.95,57600,39.96,D
sh600584,长电科技,2025-10-15 09:37:55,39.99,51300,39.95,E
sh600584,长电科技,2025-10-15 09:37:58,40.0,45700,39.99,D
sh600584,长电科技,2025-10-15 09:38:01,39.96,48100,40.0,D
sh600584,长电科技,2025-10-15 09:38:04,40.0,50900,39.96,U
sh600584,长电科技,2025-10-15 09:38:07,40.0,112900,40.0,D
sh600584,长电科技,2025-10-15 09:38:10,40.02,37900,40.0,U
sh600584,长电科技,2025-10-15 09:38:13,40.01,63200,40.02,D
sh600584,长电科技,2025-10-15 09:38:16,40.05,102800,40.01,U
sh600584,长电科技,2025-10-15 09:38:19,40.05,17800,40.05,D
sh600584,长电科技,2025-10-15 09:38:22,40.06,71000,40.05,U
sh600584,长电科技,2025-10-15 09:38:25,40.07,14200,40.06,U
sh600584,长电科技,2025-10-15 09:38:28,40.1,29700,40.07,U
sh600584,长电科技,2025-10-15 09:38:31,40.1,69400,40.1,U
sh600584,长电科技,2025-10-15 09:38:34,40.07,40800,40.1,D
sh600584,长电科技,2025-10-15 09:38:37,40.09,118400,40.07,U
sh600584,长电科技,2025-10-15 09:38:40,40.08,29900,40.09,D
sh600584,长电科技,2025-10-15 09:38:43,40.05,117800,40.08,D
sh600584,长电科技,2025-10-15 09:38:46,40.03,71300,40.05,D
sh600584,长电科技,2025-10-15 09:38:49,40.03,37300,40.03,U
sh600584,长电科技,2025-10-15 09:38:52,40.02,44100,40.03,D
sh600584,长电科技,2025-10-15 09:38:55,40.03,51900,40.02,U
sh600584,长电科技,2025-10-15 09:38:58,40.02,23000,40.03,U
sh600584,长电科技,2025-10-15 09:39:01,40.02,63700,40.02,U
sh600584,长电科技,2025-10-15 09:39:04,40.03,275900,40.02,U
sh600584,长电科技,2025-10-15 09:39:07,40.05,35900,40.03,U
sh600584,长电科技,2025-10-15 09:39:10,40.05,39300,40.05,D
sh600584,长电科技,2025-10-15 09:39:13,40.07,17900,40.05,U
sh600584,长电科技,2025-10-15 09:39:16,40.05,22600,40.07,D
sh600584,长电科技,2025-10-15 09:39:19,40.05,25600,40.05,U
sh600584,长电科技,2025-10-15 09:39:22,40.06,23700,40.05,U
sh600584,长电科技,2025-10-15 09:39:25,40.05,50000,40.06,D
sh600584,长电科技,2025-10-15 09:39:28,40.06,69800,40.05,U
sh600584,长电科技,2025-10-15 09:39:31,40.05,29200,40.06,D
sh600584,长电科技,2025-10-15 09:39:34,40.07,36800,40.05,U
sh600584,长电科技,2025-10-15 09:39:37,40.05,26000,40.07,D
sh600584,长电科技,2025-10-15 09:39:40,40.06,21200,40.05,U
sh600584,长电科技,2025-10-15 09:39:43,40.04,80300,40.06,D
sh600584,长电科技,2025-10-15 09:39:46,40.06,57200,40.04,U
sh600584,长电科技,2025-10-15 09:39:49,40.05,32000,40.06,D
sh600584,长电科技,2025-10-15 09:39:52,40.06,19800,40.05,U
sh600584,长电科技,2025-10-15 09:39:55,40.07,46100,40.06,U
sh600584,长电科技,2025-10-15 09:39:58,40.07,53900,40.07,E
sh600584,长电科技,2025-10-15 09:40:01,40.11,68900,40.07,U
sh600584,长电科技,2025-10-15 09:40:04,40.1,67900,40.11,D
sh600584,长电科技,2025-10-15 09:40:07,40.14,29200,40.1,U
sh600584,长电科技,2025-10-15 09:40:10,40.17,17100,40.14,U
sh600584,长电科技,2025-10-15 09:40:13,40.15,31400,40.17,D
sh600584,长电科技,2025-10-15 09:40:16,40.13,31500,40.15,D
sh600584,长电科技,2025-10-15 09:40:19,40.08,18800,40.13,D
sh600584,长电科技,2025-10-15 09:40:22,40.1,26400,40.08,E
sh600584,长电科技,2025-10-15 09:40:25,40.12,68000,40.1,E
sh600584,长电科技,2025-10-15 09:40:28,40.08,27700,40.12,D
sh600584,长电科技,2025-10-15 09:40:31,40.08,24300,40.08,U
sh600584,长电科技,2025-10-15 09:40:34,40.1,45700,40.08,U
sh600584,长电科技,2025-10-15 09:40:37,40.1,10500,40.1,U
sh600584,长电科技,2025-10-15 09:40:40,40.12,15700,40.1,E
sh600584,长电科技,2025-10-15 09:40:43,40.12,13300,40.12,U
sh600584,长电科技,2025-10-15 09:40:46,40.12,17700,40.12,U
sh600584,长电科技,2025-10-15 09:40:49,40.12,17900,40.12,U
sh600584,长电科技,2025-10-15 09:40:52,40.1,26600,40.12,D
sh600584,长电科技,2025-10-15 09:40:55,40.11,23200,40.1,U
sh600584,长电科技,2025-10-15 09:40:58,40.1,22500,40.11,D
sh600584,长电科技,2025-10-15 09:41:01,40.07,71100,40.1,D
sh600584,长电科技,2025-10-15 09:41:04,40.05,132900,40.07,D
sh600584,长电科技,2025-10-15 09:41:07,40.04,7800,40.05,E
sh600584,长电科技,2025-10-15 09:41:10,40.02,38500,40.04,D
sh600584,长电科技,2025-10-15 09:41:13,40.02,14600,40.02,D
sh600584,长电科技,2025-10-15 09:41:16,40.02,25500,40.02,U
sh600584,长电科技,2025-10-15 09:41:19,40.01,64900,40.02,D
sh600584,长电科技,2025-10-15 09:41:22,40.02,65100,40.01,U
sh600584,长电科技,2025-10-15 09:41:25,40.02,84600,40.02,U
sh600584,长电科技,2025-10-15 09:41:28,40.01,52800,40.02,D
sh600584,长电科技,2025-10-15 09:41:31,40.02,44500,40.01,D
sh600584,长电科技,2025-10-15 09:41:34,40.02,57900,40.02,D
sh600584,长电科技,2025-10-15 09:41:37,40.09,46200,40.02,U
sh600584,长电科技,2025-10-15 09:41:40,40.05,35700,40.09,E
sh600584,长电科技,2025-10-15 09:41:43,40.03,23900,40.05,D
sh600584,长电科技,2025-10-15 09:41:46,40.05,23300,40.03,E
sh600584,长电科技,2025-10-15 09:41:49,40.05,37800,40.05,D
sh600584,长电科技,2025-10-15 09:41:52,40.05,20000,40.05,D
sh600584,长电科技,2025-10-15 09:41:55,40.15,38400,40.05,U
sh600584,长电科技,2025-10-15 09:41:58,40.15,72300,40.15,D
sh600584,长电科技,2025-10-15 09:42:01,40.15,58200,40.15,U
sh600584,长电科技,2025-10-15 09:42:04,40.15,8700,40.15,D
sh600584,长电科技,2025-10-15 09:42:07,40.16,12700,40.15,U
sh600584,长电科技,2025-10-15 09:42:10,40.21,8800,40.16,U
sh600584,长电科技,2025-10-15 09:42:13,40.22,12000,40.21,U
sh600584,长电科技,2025-10-15 09:42:16,40.23,11900,40.22,U
sh600584,长电科技,2025-10-15 09:42:19,40.23,59800,40.23,U
sh600584,长电科技,2025-10-15 09:42:22,40.26,23700,40.23,U
sh600584,长电科技,2025-10-15 09:42:25,40.27,7800,40.26,U
sh600584,长电科技,2025-10-15 09:42:28,40.28,10200,40.27,U
sh600584,长电科技,2025-10-15 09:42:31,40.28,22600,40.28,D
sh600584,长电科技,2025-10-15 09:42:34,40.3,23300,40.28,U
sh600584,长电科技,2025-10-15 09:42:37,40.29,41200,40.3,D
sh600584,长电科技,2025-10-15 09:42:40,40.28,64600,40.29,D
sh600584,长电科技,2025-10-15 09:42:43,40.24,47400,40.28,D
sh600584,长电科技,2025-10-15 09:42:46,40.24,19500,40.24,D
sh600584,长电科技,2025-10-15 09:42:49,40.28,6300,40.24,E
sh600584,长电科技,2025-10-15 09:42:52,40.29,22100,40.28,U
sh600584,长电科技,2025-10-15 09:42:55,40.3,23100,40.29,U
sh600584,长电科技,2025-10-15 09:42:58,40.3,6900,40.3,U
sh600584,长电科技,2025-10-15 09:43:01,40.31,37400,40.3,U
sh600584,长电科技,2025-10-15 09:43:04,40.31,28600,40.31,U
sh600584,长电科技,2025-10-15 09:43:07,40.3,78700,40.31,D
sh600584,长电科技,2025-10-15 09:43:10,40.29,68300,40.3,D
sh600584,长电科技,2025-10-15 09:43:13,40.28,14800,40.29,E
sh600584,长电科技,2025-10-15 09:43:16,40.29,20900,40.28,U
sh600584,长电科技,2025-10-15 09:43:19,40.29,47700,40.29,U
sh600584,长电科技,2025-10-15 09:43:22,40.32,30000,40.29,U
sh600584,长电科技,2025-10-15 09:43:25,40.31,15600,40.32,D
sh600584,长电科技,2025-10-15 09:43:28,40.42,41300,40.31,U
sh600584,长电科技,2025-10-15 09:43:31,40.48,53400,40.42,U
sh600584,长电科技,2025-10-15 09:43:34,40.47,11400,40.48,D
sh600584,长电科技,2025-10-15 09:43:37,40.49,80800,40.47,U
sh600584,长电科技,2025-10-15 09:43:40,40.56,41100,40.49,U
sh600584,长电科技,2025-10-15 09:43:43,40.57,10100,40.56,U
sh600584,长电科技,2025-10-15 09:43:46,40.58,19600,40.57,E
sh600584,长电科技,2025-10-15 09:43:49,40.61,16500,40.58,U
sh600584,长电科技,2025-10-15 09:43:52,40.67,31300,40.61,U
sh600584,长电科技,2025-10-15 09:43:55,40.67,14800,40.67,D
sh600584,长电科技,2025-10-15 09:43:58,40.68,21000,40.67,E
sh600584,长电科技,2025-10-15 09:44:01,40.7,20400,40.68,U
sh600584,长电科技,2025-10-15 09:44:04,40.71,21400,40.7,U
sh600584,长电科技,2025-10-15 09:44:07,40.72,161600,40.71,U
sh600584,长电科技,2025-10-15 09:44:10,40.72,60600,40.72,D
sh600584,长电科技,2025-10-15 09:44:13,40.71,75300,40.72,E
sh600584,长电科技,2025-10-15 09:44:16,40.7,62300,40.71,U
sh600584,长电科技,2025-10-15 09:44:19,40.72,33200,40.7,U
sh600584,长电科技,2025-10-15 09:44:22,40.71,23800,40.72,D
sh600584,长电科技,2025-10-15 09:44:25,40.72,22900,40.71,U
sh600584,长电科技,2025-10-15 09:44:28,40.81,71100,40.72,U
sh600584,长电科技,2025-10-15 09:44:30,40.82,21400,40.81,U
sh600584,长电科技,2025-10-15 09:44:34,40.8,16400,40.82,D
sh600584,长电科技,2025-10-15 09:44:37,40.83,24400,40.8,U
sh600584,长电科技,2025-10-15 09:44:40,40.89,56000,40.83,U
sh600584,长电科技,2025-10-15 09:44:43,40.89,25500,40.89,U
sh600584,长电科技,2025-10-15 09:44:49,40.93,17200,40.91,U
sh600584,长电科技,2025-10-15 09:44:52,40.93,33700,40.93,U
sh600584,长电科技,2025-10-15 09:44:55,40.96,28500,40.93,E
sh600584,长电科技,2025-10-15 09:44:58,41.0,157700,40.96,U
sh600584,长电科技,2025-10-15 09:45:01,41.01,61200,41.0,U
sh600584,长电科技,2025-10-15 09:45:04,41.02,23600,41.01,U
sh600584,长电科技,2025-10-15 09:45:07,40.93,217000,41.02,D
sh600584,长电科技,2025-10-15 09:45:10,40.96,96900,40.93,U
sh600584,长电科技,2025-10-15 09:45:13,40.91,54900,40.96,D
sh600584,长电科技,2025-10-15 09:45:16,40.9,44600,40.91,D
sh600584,长电科技,2025-10-15 09:45:19,40.83,108500,40.9,D
sh600584,长电科技,2025-10-15 09:45:22,40.82,38300,40.83,D
sh600584,长电科技,2025-10-15 09:45:25,40.82,16700,40.82,U
sh600584,长电科技,2025-10-15 09:45:28,40.8,34500,40.82,E
sh600584,长电科技,2025-10-15 09:45:31,40.8,34600,40.8,U
sh600584,长电科技,2025-10-15 09:45:34,40.8,42800,40.8,D
sh600584,长电科技,2025-10-15 09:45:37,40.8,31600,40.8,D
sh600584,长电科技,2025-10-15 09:45:40,40.79,23600,40.8,D
sh600584,长电科技,2025-10-15 09:45:43,40.8,25700,40.79,U
sh600584,长电科技,2025-10-15 09:45:46,40.8,12200,40.8,D
sh600584,长电科技,2025-10-15 09:45:49,40.81,61800,40.8,D
sh600584,长电科技,2025-10-15 09:45:52,40.8,35000,40.81,D
sh600584,长电科技,2025-10-15 09:45:55,40.81,66600,40.8,U
sh600584,长电科技,2025-10-15 09:45:58,40.85,83600,40.81,U
sh600584,长电科技,2025-10-15 09:46:01,40.88,40000,40.85,U
sh600584,长电科技,2025-10-15 09:46:04,40.89,52700,40.88,U
sh600584,长电科技,2025-10-15 09:46:07,40.9,6600,40.89,U
sh600584,长电科技,2025-10-15 09:46:10,40.95,13900,40.9,U
sh600584,长电科技,2025-10-15 09:46:13,40.96,9000,40.95,U
sh600584,长电科技,2025-10-15 09:46:16,40.98,13600,40.96,U
sh600584,长电科技,2025-10-15 09:46:19,40.9,96100,40.98,D
sh600584,长电科技,2025-10-15 09:46:22,40.9,77600,40.9,U
sh600584,长电科技,2025-10-15 09:46:25,40.92,29400,40.9,U
sh600584,长电科技,2025-10-15 09:46:28,40.85,72100,40.92,D
sh600584,长电科技,2025-10-15 09:46:31,40.88,14100,40.85,U
sh600584,长电科技,2025-10-15 09:46:34,40.85,76200,40.88,E
sh600584,长电科技,2025-10-15 09:46:37,40.88,14600,40.85,E
sh600584,长电科技,2025-10-15 09:46:40,40.88,30000,40.88,D
sh600584,长电科技,2025-10-15 09:46:43,40.9,31600,40.88,U
sh600584,长电科技,2025-10-15 09:46:46,40.91,25200,40.9,U
sh600584,长电科技,2025-10-15 09:46:49,40.9,12600,40.91,D
sh600584,长电科技,2025-10-15 09:46:52,40.91,74700,40.9,U
sh600584,长电科技,2025-10-15 09:46:55,40.91,23100,40.91,D
sh600584,长电科技,2025-10-15 09:46:58,40.9,33000,40.91,D
sh600584,长电科技,2025-10-15 09:47:01,40.92,28200,40.9,U
sh600584,长电科技,2025-10-15 09:47:04,40.85,102700,40.92,D
sh600584,长电科技,2025-10-15 09:47:07,40.82,19100,40.85,D
sh600584,长电科技,2025-10-15 09:47:10,40.82,8900,40.82,D
sh600584,长电科技,2025-10-15 09:47:13,40.8,54900,40.82,D
sh600584,长电科技,2025-10-15 09:47:16,40.8,56900,40.8,D
sh600584,长电科技,2025-10-15 09:47:19,40.79,27800,40.8,D
sh600584,长电科技,2025-10-15 09:47:22,40.78,14900,40.79,D
sh600584,长电科技,2025-10-15 09:47:25,40.78,26800,40.78,D
sh600584,长电科技,2025-10-15 09:47:28,40.78,37700,40.78,D
sh600584,长电科技,2025-10-15 09:47:31,40.78,17700,40.78,U
sh600584,长电科技,2025-10-15 09:47:34,40.78,13100,40.78,D
sh600584,长电科技,2025-10-15 09:47:37,40.8,17200,40.78,U
sh600584,长电科技,2025-10-15 09:47:40,40.79,8300,40.8,D
sh600584,长电科技,2025-10-15 09:47:43,40.77,23000,40.79,D
sh600584,长电科技,2025-10-15 09:47:46,40.77,12500,40.77,U
sh600584,长电科技,2025-10-15 09:47:49,40.77,23300,40.77,U
sh600584,长电科技,2025-10-15 09:47:55,40.78,19900,40.79,D
sh600584,长电科技,2025-10-15 09:47:58,40.8,11100,40.78,U
sh600584,长电科技,2025-10-15 09:48:01,40.77,12900,40.8,D
sh600584,长电科技,2025-10-15 09:48:04,40.77,10800,40.77,U
sh600584,长电科技,2025-10-15 09:48:07,40.75,9000,40.77,D
sh600584,长电科技,2025-10-15 09:48:10,40.78,5800,40.75,E
sh600584,长电科技,2025-10-15 09:48:16,40.75,17400,40.77,D
sh600584,长电科技,2025-10-15 09:48:19,40.77,19100,40.75,U
sh600584,长电科技,2025-10-15 09:48:22,40.75,43900,40.77,E
sh600584,长电科技,2025-10-15 09:48:25,40.75,10100,40.75,D
sh600584,长电科技,2025-10-15 09:48:28,40.76,20600,40.75,U
sh600584,长电科技,2025-10-15 09:48:31,40.72,39900,40.76,D
sh600584,长电科技,2025-10-15 09:48:34,40.69,31800,40.72,D
sh600584,长电科技,2025-10-15 09:48:37,40.69,20200,40.69,D
sh600584,长电科技,2025-10-15 09:48:40,40.67,8700,40.69,D
sh600584,长电科技,2025-10-15 09:48:43,40.66,7600,40.67,D
sh600584,长电科技,2025-10-15 09:48:46,40.66,19966,40.66,D
sh600584,长电科技,2025-10-15 09:48:49,40.66,16100,40.66,U
sh600584,长电科技,2025-10-15 09:48:52,40.62,6634,40.66,D
sh600584,长电科技,2025-10-15 09:48:55,40.62,30700,40.62,D
sh600584,长电科技,2025-10-15 09:48:58,40.61,42300,40.62,D
sh600584,长电科技,2025-10-15 09:49:01,40.6,10400,40.61,D
sh600584,长电科技,2025-10-15 09:49:04,40.6,35900,40.6,U
sh600584,长电科技,2025-10-15 09:49:07,40.6,8800,40.6,U
sh600584,长电科技,2025-10-15 09:49:10,40.58,25300,40.6,E
sh600584,长电科技,2025-10-15 09:49:13,40.58,28400,40.58,U
sh600584,长电科技,2025-10-15 09:49:16,40.59,15400,40.58,U
sh600584,长电科技,2025-10-15 09:49:19,40.6,27600,40.59,E
sh600584,长电科技,2025-10-15 09:49:22,40.58,6800,40.6,D
sh600584,长电科技,2025-10-15 09:49:25,40.58,22200,40.58,D
sh600584,长电科技,2025-10-15 09:49:28,40.58,13800,40.58,U
sh600584,长电科技,2025-10-15 09:49:34,40.55,40700,40.56,D
sh600584,长电科技,2025-10-15 09:49:37,40.55,16600,40.55,U
sh600584,长电科技,2025-10-15 09:49:40,40.54,8900,40.55,D
sh600584,长电科技,2025-10-15 09:49:43,40.53,5700,40.54,D
sh600584,长电科技,2025-10-15 09:49:49,40.51,8600,40.52,D
sh600584,长电科技,2025-10-15 09:49:52,40.51,58400,40.51,D
sh600584,长电科技,2025-10-15 09:49:55,40.55,76800,40.51,U
sh600584,长电科技,2025-10-15 09:49:58,40.61,25900,40.55,U
sh600584,长电科技,2025-10-15 09:50:01,40.6,10666,40.61,D
sh600584,长电科技,2025-10-15 09:50:04,40.61,10100,40.6,E
sh600584,长电科技,2025-10-15 09:50:07,40.59,10100,40.61,D
sh600584,长电科技,2025-10-15 09:50:13,40.55,15200,40.6,D
sh600584,长电科技,2025-10-15 09:50:16,40.61,10500,40.55,U
sh600584,长电科技,2025-10-15 09:50:19,40.6,17600,40.61,D
sh600584,长电科技,2025-10-15 09:50:22,40.6,8000,40.6,D
sh600584,长电科技,2025-10-15 09:50:25,40.6,10600,40.6,D
sh600584,长电科技,2025-10-15 09:50:28,40.62,6200,40.6,U
sh600584,长电科技,2025-10-15 09:50:31,40.61,6200,40.62,D
sh600584,长电科技,2025-10-15 09:50:37,40.6,7100,40.62,D
sh600584,长电科技,2025-10-15 09:50:40,40.64,5000,40.6,U
sh600584,长电科技,2025-10-15 09:50:43,40.62,27600,40.64,D
sh600584,长电科技,2025-10-15 09:50:49,40.65,10200,40.63,U
sh600584,长电科技,2025-10-15 09:50:52,40.64,36900,40.65,D
sh600584,长电科技,2025-10-15 09:50:55,40.64,5000,40.64,D
sh600584,长电科技,2025-10-15 09:51:01,40.65,14735,40.65,U
sh600584,长电科技,2025-10-15 09:51:04,40.65,17300,40.65,D
sh600584,长电科技,2025-10-15 09:51:07,40.68,11900,40.65,U
sh600584,长电科技,2025-10-15 09:51:10,40.67,31400,40.68,D
sh600584,长电科技,2025-10-15 09:51:13,40.71,8100,40.67,U
sh600584,长电科技,2025-10-15 09:51:22,40.71,6500,40.69,U
sh600584,长电科技,2025-10-15 09:51:25,40.66,13800,40.71,D
sh600584,长电科技,2025-10-15 09:51:28,40.69,7800,40.66,U
sh600584,长电科技,2025-10-15 09:51:31,40.68,9400,40.69,D
sh600584,长电科技,2025-10-15 09:51:34,40.68,5100,40.68,U
sh600584,长电科技,2025-10-15 09:51:37,40.68,5800,40.68,U
sh600584,长电科技,2025-10-15 09:51:40,40.68,16100,40.68,U
sh600584,长电科技,2025-10-15 09:51:43,40.69,19988,40.68,U
sh600584,长电科技,2025-10-15 09:51:46,40.68,5700,40.69,D
sh600584,长电科技,2025-10-15 09:51:49,40.7,9200,40.68,U
sh600584,长电科技,2025-10-15 09:51:52,40.7,12700,40.7,U
sh600584,长电科技,2025-10-15 09:51:55,40.7,9500,40.7,U
sh600584,长电科技,2025-10-15 09:51:58,40.71,47600,40.7,U
sh600584,长电科技,2025-10-15 09:52:04,40.72,5000,40.71,U
sh600584,长电科技,2025-10-15 09:52:07,40.71,12700,40.72,D
sh600584,长电科技,2025-10-15 09:52:16,40.72,9300,40.72,D
sh600584,长电科技,2025-10-15 09:52:19,40.73,6100,40.72,D
sh600584,长电科技,2025-10-15 09:52:22,40.68,402212,40.73,D
sh600584,长电科技,2025-10-15 09:52:25,40.66,31800,40.68,D
sh600584,长电科技,2025-10-15 09:52:31,40.66,7400,40.66,D
sh600584,长电科技,2025-10-15 09:52:37,40.7,36700,40.68,E
sh600584,长电科技,2025-10-15 09:52:40,40.68,7600,40.7,E
sh600584,长电科技,2025-10-15 09:52:43,40.66,17000,40.68,D
sh600584,长电科技,2025-10-15 09:52:46,40.68,10700,40.66,E
sh600584,长电科技,2025-10-15 09:52:49,40.68,9100,40.68,D
sh600584,长电科技,2025-10-15 09:52:52,40.68,27400,40.68,D
sh600584,长电科技,2025-10-15 09:52:55,40.62,37800,40.68,D
sh600584,长电科技,2025-10-15 09:52:58,40.62,14900,40.62,D
sh600584,长电科技,2025-10-15 09:53:04,40.62,8100,40.61,U
sh600584,长电科技,2025-10-15 09:53:07,40.61,19265,40.62,D
sh600584,长电科技,2025-10-15 09:53:10,40.6,28800,40.61,D
sh600584,长电科技,2025-10-15 09:53:13,40.6,64500,40.6,D
sh600584,长电科技,2025-10-15 09:53:19,40.58,5100,40.6,D
sh600584,长电科技,2025-10-15 09:53:25,40.6,46500,40.58,U
sh600584,长电科技,2025-10-15 09:53:28,40.6,11935,40.6,U
sh600584,长电科技,2025-10-15 09:53:31,40.62,6300,40.6,U
sh600584,长电科技,2025-10-15 09:53:34,40.58,7565,40.62,D
sh600584,长电科技,2025-10-15 09:53:37,40.6,6400,40.58,U
sh600584,长电科技,2025-10-15 09:53:40,40.58,7900,40.6,D
sh600584,长电科技,2025-10-15 09:53:43,40.57,8500,40.58,D
sh600584,长电科技,2025-10-15 09:53:46,40.57,8500,40.57,D
sh600584,长电科技,2025-10-15 09:53:49,40.57,5300,40.57,U
sh600584,长电科技,2025-10-15 09:53:55,40.57,5500,40.57,D
sh600584,长电科技,2025-10-15 09:54:01,40.59,10200,40.57,U
sh600584,长电科技,2025-10-15 09:54:04,40.57,17800,40.59,D
sh600584,长电科技,2025-10-15 09:54:07,40.65,102700,40.57,U
sh600584,长电科技,2025-10-15 09:54:10,40.59,16400,40.65,D
sh600584,长电科技,2025-10-15 09:54:22,40.63,11800,40.65,E
sh600584,长电科技,2025-10-15 09:54:25,40.66,28500,40.63,U
sh600584,长电科技,2025-10-15 09:54:28,40.64,17500,40.66,D
sh600584,长电科技,2025-10-15 09:54:31,40.64,7200,40.64,U
sh600584,长电科技,2025-10-15 09:54:34,40.63,8300,40.64,D
sh600584,长电科技,2025-10-15 09:54:37,40.62,12800,40.63,D
sh600584,长电科技,2025-10-15 09:54:46,40.64,5835,40.63,U
sh600584,长电科技,2025-10-15 09:54:49,40.63,5965,40.64,D
sh600584,长电科技,2025-10-15 09:54:58,40.63,7700,40.64,D
sh600584,长电科技,2025-10-15 09:55:01,40.61,38965,40.63,D
sh600584,长电科技,2025-10-15 09:55:04,40.6,10700,40.61,D
sh600584,长电科技,2025-10-15 09:55:07,40.6,14300,40.6,D
sh600584,长电科技,2025-10-15 09:55:10,40.62,5700,40.6,U
sh600584,长电科技,2025-10-15 09:55:13,40.62,37700,40.62,D
sh600584,长电科技,2025-10-15 09:55:16,40.62,20700,40.62,D
sh600584,长电科技,2025-10-15 09:55:22,40.61,6100,40.62,D
sh600584,长电科技,2025-10-15 09:55:25,40.61,5700,40.61,U
sh600584,长电科技,2025-10-15 09:55:28,40.6,15600,40.61,D
sh600584,长电科技,2025-10-15 09:55:31,40.61,5900,40.6,U
sh600584,长电科技,2025-10-15 09:55:33,40.61,6000,40.61,U
sh600584,长电科技,2025-10-15 09:55:37,40.6,5300,40.61,D
sh600584,长电科技,2025-10-15 09:55:43,40.6,5700,40.6,U
sh600584,长电科技,2025-10-15 09:55:46,40.6,19600,40.6,U
sh600584,长电科技,2025-10-15 09:55:49,40.6,12800,40.6,U
sh600584,长电科技,2025-10-15 09:55:52,40.6,23100,40.6,U
sh600584,长电科技,2025-10-15 09:55:55,40.58,32291,40.6,D
sh600584,长电科技,2025-10-15 09:55:58,40.6,19000,40.58,D
sh600584,长电科技,2025-10-15 09:56:01,40.62,15900,40.6,U
sh600584,长电科技,2025-10-15 09:56:04,40.65,105235,40.62,U
sh600584,长电科技,2025-10-15 09:56:07,40.65,40900,40.65,U
sh600584,长电科技,2025-10-15 09:56:10,40.65,7200,40.65,D
sh600584,长电科技,2025-10-15 09:56:16,40.68,16100,40.68,U
sh600584,长电科技,2025-10-15 09:56:25,40.68,16900,40.67,U
sh600584,长电科技,2025-10-15 09:56:31,40.68,16900,40.68,D
sh600584,长电科技,2025-10-15 09:56:43,40.69,61500,40.7,D
sh600584,长电科技,2025-10-15 09:56:46,40.67,20700,40.69,D
sh600584,长电科技,2025-10-15 09:56:49,40.65,29000,40.67,D
sh600584,长电科技,2025-10-15 09:56:52,40.64,14100,40.65,D
sh600584,长电科技,2025-10-15 09:56:55,40.63,26200,40.64,D
sh600584,长电科技,2025-10-15 09:56:58,40.61,11200,40.63,D
sh600584,长电科技,2025-10-15 09:57:01,40.6,22200,40.61,D
sh600584,长电科技,2025-10-15 09:57:04,40.6,15100,40.6,D
sh600584,长电科技,2025-10-15 09:57:07,40.6,15800,40.6,D
sh600584,长电科技,2025-10-15 09:57:10,40.6,26100,40.6,U
sh600584,长电科技,2025-10-15 09:57:13,40.6,5700,40.6,U
sh600584,长电科技,2025-10-15 09:57:16,40.6,11300,40.6,U
sh600584,长电科技,2025-10-15 09:57:19,40.6,11900,40.6,U
sh600584,长电科技,2025-10-15 09:57:22,40.6,6200,40.6,E
sh600584,长电科技,2025-10-15 09:57:25,40.61,5900,40.6,U
sh600584,长电科技,2025-10-15 09:57:28,40.61,6300,40.61,D
sh600584,长电科技,2025-10-15 09:57:31,40.61,9400,40.61,D
sh600584,长电科技,2025-10-15 09:57:40,40.62,9298,40.62,D
sh600584,长电科技,2025-10-15 09:57:46,40.61,15500,40.62,D
sh600584,长电科技,2025-10-15 09:57:55,40.62,9500,40.63,D
sh600584,长电科技,2025-10-15 09:57:58,40.64,19800,40.62,U
sh600584,长电科技,2025-10-15 09:58:10,40.64,6600,40.64,U
sh600584,长电科技,2025-10-15 09:58:19,40.67,9000,40.64,U
sh600584,长电科技,2025-10-15 09:58:22,40.67,7000,40.67,D
sh600584,长电科技,2025-10-15 09:58:25,40.67,6900,40.67,D
sh600584,长电科技,2025-10-15 09:58:28,40.66,13700,40.67,D
sh600584,长电科技,2025-10-15 09:58:31,40.68,6200,40.66,U
sh600584,长电科技,2025-10-15 09:58:37,40.67,11800,40.68,U
sh600584,长电科技,2025-10-15 09:58:43,40.68,9000,40.69,E
sh600584,长电科技,2025-10-15 09:58:46,40.68,29800,40.68,D
sh600584,长电科技,2025-10-15 09:58:49,40.69,16800,40.68,U
sh600584,长电科技,2025-10-15 09:58:52,40.68,6200,40.69,D
sh600584,长电科技,2025-10-15 09:58:55,40.68,11200,40.68,U
sh600584,长电科技,2025-10-15 09:58:58,40.69,7600,40.68,E
sh600584,长电科技,2025-10-15 09:59:01,40.68,7300,40.69,D
sh600584,长电科技,2025-10-15 09:59:04,40.69,11600,40.68,U
sh600584,长电科技,2025-10-15 09:59:07,40.7,8500,40.69,U
sh600584,长电科技,2025-10-15 09:59:10,40.71,10200,40.7,U
sh600584,长电科技,2025-10-15 09:59:13,40.73,5000,40.71,U
sh600584,长电科技,2025-10-15 09:59:19,40.73,8800,40.71,E
sh600584,长电科技,2025-10-15 09:59:22,40.68,57700,40.73,D
sh600584,长电科技,2025-10-15 09:59:25,40.71,32800,40.68,U
sh600584,长电科技,2025-10-15 09:59:28,40.73,6300,40.71,U
sh600584,长电科技,2025-10-15 09:59:34,40.67,53700,40.75,D
sh600584,长电科技,2025-10-15 09:59:37,40.73,45200,40.67,U
sh600584,长电科技,2025-10-15 09:59:49,40.73,6100,40.73,U
sh600584,长电科技,2025-10-15 09:59:52,40.72,12800,40.73,E
sh600584,长电科技,2025-10-15 09:59:55,40.73,22400,40.72,U
sh600584,长电科技,2025-10-15 09:59:58,40.73,12500,40.73,U
sh600584,长电科技,2025-10-15 10:00:01,40.73,14700,40.73,D
sh600584,长电科技,2025-10-15 10:00:04,40.76,7700,40.73,U
sh600584,长电科技,2025-10-15 10:00:10,40.77,5800,40.74,U
sh600584,长电科技,2025-10-15 10:00:16,40.77,5600,40.77,U
sh600584,长电科技,2025-10-15 10:00:19,40.76,5400,40.77,D
sh600584,长电科技,2025-10-15 10:00:22,40.77,34200,40.76,E
sh600584,长电科技,2025-10-15 10:00:25,40.77,7600,40.77,D
sh600584,长电科技,2025-10-15 10:00:31,40.77,17200,40.77,D
sh600584,长电科技,2025-10-15 10:00:34,40.78,18300,40.77,U
sh600584,长电科技,2025-10-15 10:00:40,40.78,38000,40.78,D
sh600584,长电科技,2025-10-15 10:00:43,40.75,62800,40.78,D
sh600584,长电科技,2025-10-15 10:00:46,40.78,43300,40.75,U
sh600584,长电科技,2025-10-15 10:00:49,40.76,13600,40.78,D
sh600584,长电科技,2025-10-15 10:00:52,40.77,6400,40.76,U
sh600584,长电科技,2025-10-15 10:00:58,40.77,8400,40.75,U
sh600584,长电科技,2025-10-15 10:01:04,40.76,28300,40.76,D
sh600584,长电科技,2025-10-15 10:01:07,40.77,7600,40.76,E
sh600584,长电科技,2025-10-15 10:01:10,40.76,7800,40.77,D
sh600584,长电科技,2025-10-15 10:01:13,40.77,24600,40.76,U
sh600584,长电科技,2025-10-15 10:01:16,40.76,6900,40.77,D
sh600584,长电科技,2025-10-15 10:01:19,40.77,14100,40.76,U
sh600584,长电科技,2025-10-15 10:01:25,40.75,8500,40.77,D
sh600584,长电科技,2025-10-15 10:01:28,40.77,15000,40.75,U
sh600584,长电科技,2025-10-15 10:01:34,40.77,12300,40.77,U
sh600584,长电科技,2025-10-15 10:01:37,40.75,9100,40.77,D
sh600584,长电科技,2025-10-15 10:01:40,40.75,10300,40.75,D
sh600584,长电科技,2025-10-15 10:01:43,40.75,5900,40.75,U
sh600584,长电科技,2025-10-15 10:01:49,40.74,10600,40.75,D
sh600584,长电科技,2025-10-15 10:01:52,40.74,12800,40.74,D
sh600584,长电科技,2025-10-15 10:01:55,40.74,10600,40.74,D
sh600584,长电科技,2025-10-15 10:01:58,40.74,6300,40.74,D
sh600584,长电科技,2025-10-15 10:02:01,40.74,8100,40.74,D
sh600584,长电科技,2025-10-15 10:02:04,40.73,7400,40.74,D
sh600584,长电科技,2025-10-15 10:02:07,40.73,20100,40.73,D
sh600584,长电科技,2025-10-15 10:02:13,40.71,9200,40.73,D
sh600584,长电科技,2025-10-15 10:02:22,40.7,14300,40.71,D
sh600584,长电科技,2025-10-15 10:02:31,40.68,12300,40.69,D
sh600584,长电科技,2025-10-15 10:02:37,40.69,9200,40.68,U
sh600584,长电科技,2025-10-15 10:02:40,40.68,9300,40.69,U
sh600584,长电科技,2025-10-15 10:02:43,40.68,5500,40.68,U
sh600584,长电科技,2025-10-15 10:02:46,40.68,17000,40.68,D
sh600584,长电科技,2025-10-15 10:02:49,40.68,8100,40.68,U
sh600584,长电科技,2025-10-15 10:02:55,40.66,22300,40.67,D
sh600584,长电科技,2025-10-15 10:03:01,40.65,8800,40.66,D
sh600584,长电科技,2025-10-15 10:03:04,40.66,5100,40.65,U
sh600584,长电科技,2025-10-15 10:03:07,40.65,7800,40.66,D
sh600584,长电科技,2025-10-15 10:03:10,40.65,24700,40.65,U
sh600584,长电科技,2025-10-15 10:03:13,40.71,40400,40.65,U
sh600584,长电科技,2025-10-15 10:03:16,40.72,7200,40.71,U
sh600584,长电科技,2025-10-15 10:03:19,40.71,6800,40.72,D
sh600584,长电科技,2025-10-15 10:03:25,40.69,20400,40.71,D
sh600584,长电科技,2025-10-15 10:03:28,40.71,9100,40.69,U
sh600584,长电科技,2025-10-15 10:03:31,40.71,7200,40.71,D
sh600584,长电科技,2025-10-15 10:03:43,40.7,17100,40.7,D
sh600584,长电科技,2025-10-15 10:03:46,40.7,7400,40.7,D
sh600584,长电科技,2025-10-15 10:03:49,40.71,16600,40.7,U
sh600584,长电科技,2025-10-15 10:03:52,40.71,56200,40.71,D
sh600584,长电科技,2025-10-15 10:03:55,40.71,10000,40.71,D
sh600584,长电科技,2025-10-15 10:04:07,40.71,9500,40.72,D
sh600584,长电科技,2025-10-15 10:04:13,40.72,11300,40.71,U
sh600584,长电科技,2025-10-15 10:04:16,40.7,8600,40.72,D
sh600584,长电科技,2025-10-15 10:04:19,40.7,22100,40.7,D
sh600584,长电科技,2025-10-15 10:04:22,40.7,14500,40.7,D
sh600584,长电科技,2025-10-15 10:04:28,40.71,10300,40.71,U
sh600584,长电科技,2025-10-15 10:04:31,40.71,24400,40.71,U
sh600584,长电科技,2025-10-15 10:04:37,40.71,8000,40.72,D
sh600584,长电科技,2025-10-15 10:04:40,40.72,6800,40.71,U
sh600584,长电科技,2025-10-15 10:04:43,40.72,11500,40.72,U
sh600584,长电科技,2025-10-15 10:04:46,40.73,22600,40.72,U
sh600584,长电科技,2025-10-15 10:04:49,40.74,7600,40.73,E
sh600584,长电科技,2025-10-15 10:04:55,40.74,19600,40.73,U
sh600584,长电科技,2025-10-15 10:05:01,40.77,7200,40.75,U
sh600584,长电科技,2025-10-15 10:05:10,40.78,8200,40.78,U
sh600584,长电科技,2025-10-15 10:05:16,40.78,9700,40.78,U
sh600584,长电科技,2025-10-15 10:05:22,40.78,12900,40.78,U
sh600584,长电科技,2025-10-15 10:05:28,40.79,9400,40.78,U
sh600584,长电科技,2025-10-15 10:05:31,40.8,6400,40.79,U
sh600584,长电科技,2025-10-15 10:05:34,40.8,10600,40.8,U
sh600584,长电科技,2025-10-15 10:05:37,40.8,13500,40.8,U
sh600584,长电科技,2025-10-15 10:05:40,40.8,34300,40.8,U
sh600584,长电科技,2025-10-15 10:05:43,40.8,25900,40.8,U
sh600584,长电科技,2025-10-15 10:05:46,40.8,12600,40.8,D
sh600584,长电科技,2025-10-15 10:05:49,40.81,7800,40.8,E
sh600584,长电科技,2025-10-15 10:05:52,40.83,11900,40.81,U
sh600584,长电科技,2025-10-15 10:06:01,40.86,20900,40.84,U
sh600584,长电科技,2025-10-15 10:06:04,40.84,7300,40.86,D
sh600584,长电科技,2025-10-15 10:06:07,40.87,15200,40.84,U
sh600584,长电科技,2025-10-15 10:06:10,40.87,22400,40.87,D
sh600584,长电科技,2025-10-15 10:06:13,40.87,27800,40.87,D
sh600584,长电科技,2025-10-15 10:06:16,40.88,26900,40.87,U
sh600584,长电科技,2025-10-15 10:06:19,40.87,14300,40.88,D
sh600584,长电科技,2025-10-15 10:06:22,40.8,96800,40.87,D
sh600584,长电科技,2025-10-15 10:06:25,40.83,123100,40.8,U
sh600584,长电科技,2025-10-15 10:06:28,40.82,11300,40.83,E
sh600584,长电科技,2025-10-15 10:06:31,40.81,5800,40.82,D
sh600584,长电科技,2025-10-15 10:06:34,40.81,32300,40.81,D
sh600584,长电科技,2025-10-15 10:06:37,40.82,22600,40.81,U
sh600584,长电科技,2025-10-15 10:06:40,40.84,25400,40.82,U
sh600584,长电科技,2025-10-15 10:06:43,40.81,9500,40.84,D
sh600584,长电科技,2025-10-15 10:06:46,40.82,15500,40.81,U
sh600584,长电科技,2025-10-15 10:06:49,40.8,22000,40.82,D
sh600584,长电科技,2025-10-15 10:06:52,40.8,11800,40.8,U
sh600584,长电科技,2025-10-15 10:06:55,40.8,12400,40.8,U
sh600584,长电科技,2025-10-15 10:06:58,40.82,4900,40.8,E
sh600584,长电科技,2025-10-15 10:07:01,40.8,14400,40.82,D
sh600584,长电科技,2025-10-15 10:07:04,40.8,10300,40.8,D
sh600584,长电科技,2025-10-15 10:07:07,40.81,9800,40.8,U
sh600584,长电科技,2025-10-15 10:07:10,40.81,14000,40.81,U
sh600584,长电科技,2025-10-15 10:07:13,40.8,16000,40.81,D
sh600584,长电科技,2025-10-15 10:07:16,40.81,8000,40.8,U
sh600584,长电科技,2025-10-15 10:07:19,40.8,15800,40.81,D
sh600584,长电科技,2025-10-15 10:07:22,40.8,5600,40.8,D
sh600584,长电科技,2025-10-15 10:07:25,40.83,13800,40.8,U
sh600584,长电科技,2025-10-15 10:07:28,40.81,12300,40.83,D
sh600584,长电科技,2025-10-15 10:07:31,40.81,12700,40.81,D
sh600584,长电科技,2025-10-15 10:07:34,40.81,12500,40.81,D
sh600584,长电科技,2025-10-15 10:07:37,40.84,29800,40.81,U
sh600584,长电科技,2025-10-15 10:07:40,40.86,20300,40.84,U
sh600584,长电科技,2025-10-15 10:07:43,40.89,68000,40.86,U
sh600584,长电科技,2025-10-15 10:07:46,40.9,27300,40.89,U
sh600584,长电科技,2025-10-15 10:07:49,40.94,7100,40.9,U
sh600584,长电科技,2025-10-15 10:07:55,40.95,28900,40.94,U
sh600584,长电科技,2025-10-15 10:07:58,40.96,9200,40.95,U
sh600584,长电科技,2025-10-15 10:08:01,40.96,13000,40.96,U
sh600584,长电科技,2025-10-15 10:08:04,40.97,30000,40.96,U
sh600584,长电科技,2025-10-15 10:08:07,40.98,28300,40.97,U
sh600584,长电科技,2025-10-15 10:08:10,40.96,124000,40.98,D
sh600584,长电科技,2025-10-15 10:08:13,40.96,26600,40.96,D
sh600584,长电科技,2025-10-15 10:08:16,40.96,56500,40.96,U
sh600584,长电科技,2025-10-15 10:08:19,40.95,61000,40.96,E
sh600584,长电科技,2025-10-15 10:08:22,40.96,203000,40.95,U
sh600584,长电科技,2025-10-15 10:08:25,40.96,55100,40.96,D
sh600584,长电科技,2025-10-15 10:08:28,40.96,21900,40.96,U
sh600584,长电科技,2025-10-15 10:08:31,40.96,43000,40.96,D
sh600584,长电科技,2025-10-15 10:08:34,40.94,46100,40.96,E
sh600584,长电科技,2025-10-15 10:08:37,40.96,11700,40.94,U
sh600584,长电科技,2025-10-15 10:08:40,40.96,20700,40.96,U
sh600584,长电科技,2025-10-15 10:08:43,40.96,15800,40.96,U
sh600584,长电科技,2025-10-15 10:08:46,40.96,15600,40.96,D
sh600584,长电科技,2025-10-15 10:08:49,40.98,21500,40.96,U
sh600584,长电科技,2025-10-15 10:08:52,40.97,15000,40.98,D
sh600584,长电科技,2025-10-15 10:08:55,40.96,22800,40.97,D
sh600584,长电科技,2025-10-15 10:09:01,40.97,9400,40.98,E
sh600584,长电科技,2025-10-15 10:09:04,40.97,31400,40.97,U
sh600584,长电科技,2025-10-15 10:09:07,40.96,45800,40.97,D
sh600584,长电科技,2025-10-15 10:09:10,40.92,164600,40.96,D
sh600584,长电科技,2025-10-15 10:09:13,40.94,12300,40.92,U
sh600584,长电科技,2025-10-15 10:09:16,40.93,13400,40.94,D
sh600584,长电科技,2025-10-15 10:09:19,40.95,114400,40.93,U
sh600584,长电科技,2025-10-15 10:09:22,41.03,39500,40.95,U
sh600584,长电科技,2025-10-15 10:09:31,41.03,6700,41.02,U
sh600584,长电科技,2025-10-15 10:09:34,41.02,16100,41.03,D
sh600584,长电科技,2025-10-15 10:09:37,41.03,9500,41.02,U
sh600584,长电科技,2025-10-15 10:09:40,41.03,6500,41.03,D
sh600584,长电科技,2025-10-15 10:09:43,41.03,11000,41.03,U
sh600584,长电科技,2025-10-15 10:09:46,41.04,29500,41.03,D
sh600584,长电科技,2025-10-15 10:09:49,41.05,25500,41.04,U
sh600584,长电科技,2025-10-15 10:09:52,41.04,8100,41.05,D
sh600584,长电科技,2025-10-15 10:09:55,41.05,21300,41.04,U
sh600584,长电科技,2025-10-15 10:10:01,41.06,83200,41.07,E
sh600584,长电科技,2025-10-15 10:10:04,41.09,67500,41.06,U
sh600584,长电科技,2025-10-15 10:10:07,41.07,21700,41.09,D
sh600584,长电科技,2025-10-15 10:10:10,41.07,20600,41.07,U
sh600584,长电科技,2025-10-15 10:10:13,41.09,14100,41.07,U
sh600584,长电科技,2025-10-15 10:10:16,41.07,64649,41.09,D
sh600584,长电科技,2025-10-15 10:10:19,41.08,24000,41.07,E
sh600584,长电科技,2025-10-15 10:10:22,41.03,96851,41.08,D
sh600584,长电科技,2025-10-15 10:10:25,41.02,66900,41.03,D
sh600584,长电科技,2025-10-15 10:10:28,41.03,11200,41.02,U
sh600584,长电科技,2025-10-15 10:10:31,41.03,18800,41.03,U
sh600584,长电科技,2025-10-15 10:10:34,41.03,10500,41.03,D
sh600584,长电科技,2025-10-15 10:10:37,41.03,26800,41.03,D
sh600584,长电科技,2025-10-15 10:10:40,41.0,30500,41.03,D
sh600584,长电科技,2025-10-15 10:10:46,41.0,23300,41.01,D
sh600584,长电科技,2025-10-15 10:10:49,41.0,7400,41.0,U
sh600584,长电科技,2025-10-15 10:10:52,41.0,18700,41.0,U
sh600584,长电科技,2025-10-15 10:10:55,41.0,8200,41.0,U
sh600584,长电科技,2025-10-15 10:10:58,41.0,20500,41.0,U
sh600584,长电科技,2025-10-15 10:11:01,40.97,19900,41.0,U
sh600584,长电科技,2025-10-15 10:11:04,40.97,12800,40.97,D
sh600584,长电科技,2025-10-15 10:11:07,40.97,8000,40.97,U
sh600584,长电科技,2025-10-15 10:11:13,40.96,8000,40.96,E
sh600584,长电科技,2025-10-15 10:11:16,40.95,11300,40.96,D
sh600584,长电科技,2025-10-15 10:11:19,40.95,7100,40.95,D
sh600584,长电科技,2025-10-15 10:11:22,40.93,15800,40.95,D
sh600584,长电科技,2025-10-15 10:11:25,40.95,11100,40.93,U
sh600584,长电科技,2025-10-15 10:11:31,40.92,7600,40.93,D
sh600584,长电科技,2025-10-15 10:11:37,40.91,11400,40.91,D
sh600584,长电科技,2025-10-15 10:11:40,40.91,8600,40.91,U
sh600584,长电科技,2025-10-15 10:11:43,40.9,10000,40.91,D
sh600584,长电科技,2025-10-15 10:11:46,40.93,10100,40.9,U
sh600584,长电科技,2025-10-15 10:11:52,40.95,5700,40.93,U
sh600584,长电科技,2025-10-15 10:11:55,40.93,53700,40.95,D
sh600584,长电科技,2025-10-15 10:12:01,41.0,70000,40.94,U
sh600584,长电科技,2025-10-15 10:12:04,41.0,7900,41.0,U
sh600584,长电科技,2025-10-15 10:12:07,41.0,9700,41.0,U
sh600584,长电科技,2025-10-15 10:12:13,41.0,28300,41.01,D
sh600584,长电科技,2025-10-15 10:12:16,41.0,18000,41.0,D
sh600584,长电科技,2025-10-15 10:12:19,41.0,12500,41.0,D
sh600584,长电科技,2025-10-15 10:12:22,41.01,32400,41.0,U
sh600584,长电科技,2025-10-15 10:12:25,41.01,7000,41.01,U
sh600584,长电科技,2025-10-15 10:12:27,41.01,9800,41.01,D
sh600584,长电科技,2025-10-15 10:12:31,41.01,33400,41.01,D
sh600584,长电科技,2025-10-15 10:12:34,41.03,5200,41.01,E
sh600584,长电科技,2025-10-15 10:12:37,41.01,25000,41.03,D
sh600584,长电科技,2025-10-15 10:12:43,41.04,6800,41.03,U
sh600584,长电科技,2025-10-15 10:12:46,41.03,12300,41.04,D
sh600584,长电科技,2025-10-15 10:12:49,41.04,7500,41.03,U
sh600584,长电科技,2025-10-15 10:12:52,41.04,11300,41.04,D
sh600584,长电科技,2025-10-15 10:12:55,41.05,27600,41.04,U
sh600584,长电科技,2025-10-15 10:12:58,41.05,33500,41.05,D
sh600584,长电科技,2025-10-15 10:13:01,41.04,70400,41.05,D
sh600584,长电科技,2025-10-15 10:13:04,41.03,15700,41.04,U
sh600584,长电科技,2025-10-15 10:13:07,41.02,15700,41.03,D
sh600584,长电科技,2025-10-15 10:13:10,41.03,14600,41.02,E
sh600584,长电科技,2025-10-15 10:13:13,41.03,14000,41.03,U
sh600584,长电科技,2025-10-15 10:13:16,41.05,21905,41.03,U
sh600584,长电科技,2025-10-15 10:13:19,41.04,13600,41.05,D
sh600584,长电科技,2025-10-15 10:13:22,41.06,30100,41.04,U
sh600584,长电科技,2025-10-15 10:13:25,41.07,14200,41.06,U
sh600584,长电科技,2025-10-15 10:13:28,41.07,42700,41.07,D
sh600584,长电科技,2025-10-15 10:13:31,41.08,7900,41.07,D
sh600584,长电科技,2025-10-15 10:13:34,41.09,48000,41.08,U
sh600584,长电科技,2025-10-15 10:13:37,41.09,6000,41.09,U
sh600584,长电科技,2025-10-15 10:13:40,41.12,150649,41.09,U
sh600584,长电科技,2025-10-15 10:13:43,41.1,75151,41.12,D
sh600584,长电科技,2025-10-15 10:13:46,41.11,8500,41.1,E
sh600584,长电科技,2025-10-15 10:13:49,41.11,80300,41.11,E
sh600584,长电科技,2025-10-15 10:13:52,41.13,12900,41.11,U
sh600584,长电科技,2025-10-15 10:13:58,41.17,17000,41.14,U
sh600584,长电科技,2025-10-15 10:14:01,41.15,29300,41.17,D
sh600584,长电科技,2025-10-15 10:14:04,41.16,96300,41.15,U
sh600584,长电科技,2025-10-15 10:14:07,41.16,11700,41.16,D
sh600584,长电科技,2025-10-15 10:14:10,41.16,67400,41.16,D
sh600584,长电科技,2025-10-15 10:14:13,41.17,55400,41.16,U
sh600584,长电科技,2025-10-15 10:14:16,41.18,81100,41.17,U
sh600584,长电科技,2025-10-15 10:14:19,41.19,96300,41.18,U
sh600584,长电科技,2025-10-15 10:14:22,41.2,14300,41.19,U
sh600584,长电科技,2025-10-15 10:14:25,41.19,42000,41.2,D
sh600584,长电科技,2025-10-15 10:14:28,41.19,101600,41.19,D
sh600584,长电科技,2025-10-15 10:14:31,41.2,29000,41.19,U
sh600584,长电科技,2025-10-15 10:14:34,41.19,47400,41.2,D
sh600584,长电科技,2025-10-15 10:14:37,41.2,140800,41.19,U
sh600584,长电科技,2025-10-15 10:14:40,41.19,52600,41.2,D
sh600584,长电科技,2025-10-15 10:14:43,41.2,18400,41.19,U
sh600584,长电科技,2025-10-15 10:14:46,41.19,42300,41.2,D
sh600584,长电科技,2025-10-15 10:14:49,41.19,20200,41.19,D
sh600584,长电科技,2025-10-15 10:14:52,41.19,14700,41.19,U
sh600584,长电科技,2025-10-15 10:14:55,41.19,19400,41.19,D
sh600584,长电科技,2025-10-15 10:14:58,41.19,27800,41.19,D
sh600584,长电科技,2025-10-15 10:15:01,41.19,37600,41.19,U
sh600584,长电科技,2025-10-15 10:15:04,41.19,37900,41.19,D
sh600584,长电科技,2025-10-15 10:15:07,41.19,19100,41.19,D
sh600584,长电科技,2025-10-15 10:15:10,41.18,69500,41.19,D
sh600584,长电科技,2025-10-15 10:15:13,41.19,75800,41.18,U
sh600584,长电科技,2025-10-15 10:15:16,41.16,56900,41.19,D
sh600584,长电科技,2025-10-15 10:15:19,41.14,64500,41.16,D
sh600584,长电科技,2025-10-15 10:15:22,41.14,14800,41.14,D
sh600584,长电科技,2025-10-15 10:15:25,41.14,11500,41.14,E
sh600584,长电科技,2025-10-15 10:15:28,41.16,26400,41.14,U
sh600584,长电科技,2025-10-15 10:15:31,41.14,12800,41.16,D
sh600584,长电科技,2025-10-15 10:15:37,41.16,34900,41.15,U
sh600584,长电科技,2025-10-15 10:15:40,41.17,19012,41.16,U
sh600584,长电科技,2025-10-15 10:15:43,41.19,55500,41.17,U
sh600584,长电科技,2025-10-15 10:15:46,41.18,27300,41.19,D
sh600584,长电科技,2025-10-15 10:15:49,41.2,39700,41.18,U
sh600584,长电科技,2025-10-15 10:15:52,41.19,20200,41.2,E
sh600584,长电科技,2025-10-15 10:15:55,41.2,13500,41.19,U
sh600584,长电科技,2025-10-15 10:15:58,41.2,61600,41.2,U
sh600584,长电科技,2025-10-15 10:16:01,41.2,22300,41.2,U
sh600584,长电科技,2025-10-15 10:16:04,41.2,62300,41.2,U
sh600584,长电科技,2025-10-15 10:16:07,41.2,36600,41.2,U
sh600584,长电科技,2025-10-15 10:16:10,41.19,21800,41.2,E
sh600584,长电科技,2025-10-15 10:16:13,41.19,42100,41.19,D
sh600584,长电科技,2025-10-15 10:16:16,41.21,13200,41.19,U
sh600584,长电科技,2025-10-15 10:16:19,41.2,35100,41.21,D
sh600584,长电科技,2025-10-15 10:16:22,41.2,35900,41.2,D
sh600584,长电科技,2025-10-15 10:16:25,41.2,30500,41.2,U
sh600584,长电科技,2025-10-15 10:16:28,41.2,44000,41.2,U
sh600584,长电科技,2025-10-15 10:16:31,41.2,13500,41.2,D
sh600584,长电科技,2025-10-15 10:16:34,41.2,12800,41.2,D
sh600584,长电科技,2025-10-15 10:16:37,41.2,41100,41.2,D
sh600584,长电科技,2025-10-15 10:16:40,41.2,26200,41.2,D
sh600584,长电科技,2025-10-15 10:16:43,41.2,10600,41.2,U
sh600584,长电科技,2025-10-15 10:16:46,41.2,24000,41.2,U
sh600584,长电科技,2025-10-15 10:16:49,41.19,38800,41.2,D
sh600584,长电科技,2025-10-15 10:16:52,41.2,19900,41.19,E
sh600584,长电科技,2025-10-15 10:16:55,41.2,9900,41.2,U
sh600584,长电科技,2025-10-15 10:16:58,41.2,19900,41.2,U
sh600584,长电科技,2025-10-15 10:17:01,41.19,16500,41.2,D
sh600584,长电科技,2025-10-15 10:17:04,41.19,18900,41.19,U
sh600584,长电科技,2025-10-15 10:17:07,41.18,13000,41.19,D
sh600584,长电科技,2025-10-15 10:17:10,41.2,9200,41.18,U
sh600584,长电科技,2025-10-15 10:17:13,41.2,25500,41.2,U
sh600584,长电科技,2025-10-15 10:17:16,41.19,11600,41.2,D
sh600584,长电科技,2025-10-15 10:17:19,41.19,8500,41.19,U
sh600584,长电科技,2025-10-15 10:17:22,41.2,21800,41.19,U
sh600584,长电科技,2025-10-15 10:17:25,41.2,5600,41.2,U
sh600584,长电科技,2025-10-15 10:17:28,41.19,9100,41.2,D
sh600584,长电科技,2025-10-15 10:17:31,41.19,22400,41.19,D
sh600584,长电科技,2025-10-15 10:17:34,41.2,12300,41.19,D
sh600584,长电科技,2025-10-15 10:17:37,41.19,9400,41.2,D
sh600584,长电科技,2025-10-15 10:17:40,41.2,22800,41.19,U
sh600584,长电科技,2025-10-15 10:17:43,41.2,12000,41.2,U
sh600584,长电科技,2025-10-15 10:17:46,41.2,16100,41.2,U
sh600584,长电科技,2025-10-15 10:17:49,41.18,74200,41.2,D
sh600584,长电科技,2025-10-15 10:17:52,41.17,62400,41.18,D
sh600584,长电科技,2025-10-15 10:17:55,41.18,38900,41.17,U
sh600584,长电科技,2025-10-15 10:18:01,41.2,17300,41.19,U
sh600584,长电科技,2025-10-15 10:18:04,41.2,27700,41.2,D
sh600584,长电科技,2025-10-15 10:18:07,41.2,6900,41.2,U
sh600584,长电科技,2025-10-15 10:18:10,41.2,31800,41.2,U
sh600584,长电科技,2025-10-15 10:18:13,41.19,6100,41.2,D
sh600584,长电科技,2025-10-15 10:18:16,41.19,25200,41.19,D
sh600584,长电科技,2025-10-15 10:18:19,41.2,41200,41.19,U
sh600584,长电科技,2025-10-15 10:18:22,41.19,16900,41.2,U
sh600584,长电科技,2025-10-15 10:18:25,41.18,12200,41.19,D
sh600584,长电科技,2025-10-15 10:18:28,41.18,20400,41.18,U
sh600584,长电科技,2025-10-15 10:18:31,41.18,11700,41.18,U
sh600584,长电科技,2025-10-15 10:18:34,41.14,20700,41.18,D
sh600584,长电科技,2025-10-15 10:18:37,41.15,14400,41.14,E
sh600584,长电科技,2025-10-15 10:18:43,41.14,12000,41.14,U
sh600584,长电科技,2025-10-15 10:18:46,41.13,9500,41.14,D
sh600584,长电科技,2025-10-15 10:18:49,41.13,6100,41.13,U
sh600584,长电科技,2025-10-15 10:18:52,41.11,6400,41.13,D
sh600584,长电科技,2025-10-15 10:18:55,41.11,8200,41.11,D
sh600584,长电科技,2025-10-15 10:18:58,41.11,22300,41.11,U
sh600584,长电科技,2025-10-15 10:19:01,41.13,33900,41.11,U
sh600584,长电科技,2025-10-15 10:19:04,41.11,19800,41.13,E
sh600584,长电科技,2025-10-15 10:19:07,41.16,34900,41.11,U
sh600584,长电科技,2025-10-15 10:19:10,41.11,26700,41.16,D
sh600584,长电科技,2025-10-15 10:19:13,41.16,13800,41.11,U
sh600584,长电科技,2025-10-15 10:19:19,41.13,8000,41.13,D
sh600584,长电科技,2025-10-15 10:19:22,41.16,57100,41.13,U
sh600584,长电科技,2025-10-15 10:19:28,41.13,21300,41.14,D
sh600584,长电科技,2025-10-15 10:19:37,41.15,25500,41.15,U
sh600584,长电科技,2025-10-15 10:19:40,41.15,11100,41.15,D
sh600584,长电科技,2025-10-15 10:19:43,41.15,4900,41.15,D
sh600584,长电科技,2025-10-15 10:19:46,41.16,26900,41.15,E
sh600584,长电科技,2025-10-15 10:19:49,41.17,6600,41.16,U
sh600584,长电科技,2025-10-15 10:19:52,41.2,52800,41.17,U
sh600584,长电科技,2025-10-15 10:19:55,41.18,6100,41.2,D
sh600584,长电科技,2025-10-15 10:19:58,41.2,63500,41.18,U
sh600584,长电科技,2025-10-15 10:20:01,41.2,5800,41.2,U
sh600584,长电科技,2025-10-15 10:20:07,41.2,6300,41.19,D
sh600584,长电科技,2025-10-15 10:20:10,41.2,27300,41.2,D
sh600584,长电科技,2025-10-15 10:20:16,41.22,7400,41.21,U
sh600584,长电科技,2025-10-15 10:20:19,41.22,13300,41.22,U
sh600584,长电科技,2025-10-15 10:20:22,41.22,8600,41.22,U
sh600584,长电科技,2025-10-15 10:20:25,41.22,32000,41.22,U
sh600584,长电科技,2025-10-15 10:20:28,41.22,7700,41.22,D
sh600584,长电科技,2025-10-15 10:20:31,41.22,13000,41.22,D
sh600584,长电科技,2025-10-15 10:20:34,41.21,24700,41.22,D
sh600584,长电科技,2025-10-15 10:20:37,41.22,8300,41.21,E
sh600584,长电科技,2025-10-15 10:20:40,41.22,21500,41.22,E
sh600584,长电科技,2025-10-15 10:20:43,41.18,23000,41.22,D
sh600584,长电科技,2025-10-15 10:20:46,41.19,15300,41.18,U
sh600584,长电科技,2025-10-15 10:20:49,41.18,15600,41.19,D
sh600584,长电科技,2025-10-15 10:20:52,41.18,29589,41.18,U
sh600584,长电科技,2025-10-15 10:20:55,41.17,4900,41.18,E
sh600584,长电科技,2025-10-15 10:20:58,41.16,8400,41.17,D
sh600584,长电科技,2025-10-15 10:21:01,41.16,29711,41.16,E
sh600584,长电科技,2025-10-15 10:21:04,41.17,40900,41.16,U
sh600584,长电科技,2025-10-15 10:21:07,41.17,16800,41.17,U
sh600584,长电科技,2025-10-15 10:21:10,41.17,5300,41.17,U
sh600584,长电科技,2025-10-15 10:21:13,41.16,9800,41.17,D
sh600584,长电科技,2025-10-15 10:21:16,41.15,8500,41.16,D
sh600584,长电科技,2025-10-15 10:21:19,41.15,5900,41.15,D
sh600584,长电科技,2025-10-15 10:21:22,41.1,49600,41.15,D
sh600584,长电科技,2025-10-15 10:21:28,41.1,36700,41.1,D
sh600584,长电科技,2025-10-15 10:21:31,41.1,16600,41.1,U
sh600584,长电科技,2025-10-15 10:21:36,41.1,8400,41.09,U
sh600584,长电科技,2025-10-15 10:21:40,41.1,12000,41.1,D
sh600584,长电科技,2025-10-15 10:21:43,41.1,21100,41.1,E
sh600584,长电科技,2025-10-15 10:21:46,41.1,9800,41.1,U
sh600584,长电科技,2025-10-15 10:21:49,41.1,18100,41.1,U
sh600584,长电科技,2025-10-15 10:21:52,41.1,23200,41.1,D
sh600584,长电科技,2025-10-15 10:21:55,41.08,8800,41.1,D
sh600584,长电科技,2025-10-15 10:21:58,41.08,4900,41.08,U
sh600584,长电科技,2025-10-15 10:22:04,41.11,62700,41.06,U
sh600584,长电科技,2025-10-15 10:22:07,41.06,16200,41.11,D
sh600584,长电科技,2025-10-15 10:22:10,41.1,7900,41.06,E
sh600584,长电科技,2025-10-15 10:22:13,41.1,7400,41.1,D
sh600584,长电科技,2025-10-15 10:22:16,41.09,8100,41.1,E
sh600584,长电科技,2025-10-15 10:22:19,41.08,10100,41.09,D
sh600584,长电科技,2025-10-15 10:22:22,41.07,8700,41.08,D
sh600584,长电科技,2025-10-15 10:22:25,41.08,6500,41.07,U
sh600584,长电科技,2025-10-15 10:22:28,41.07,7400,41.08,U
sh600584,长电科技,2025-10-15 10:22:31,41.06,7700,41.07,E
sh600584,长电科技,2025-10-15 10:22:34,41.06,8400,41.06,U
sh600584,长电科技,2025-10-15 10:22:37,41.05,8700,41.06,D
sh600584,长电科技,2025-10-15 10:22:40,41.05,15700,41.05,D
sh600584,长电科技,2025-10-15 10:22:46,41.04,9300,41.05,D
sh600584,长电科技,2025-10-15 10:22:52,41.04,14400,41.04,U
sh600584,长电科技,2025-10-15 10:22:55,41.03,7000,41.04,D
sh600584,长电科技,2025-10-15 10:22:58,41.02,19900,41.03,D
sh600584,长电科技,2025-10-15 10:23:01,41.02,5100,41.02,D
sh600584,长电科技,2025-10-15 10:23:04,41.02,13800,41.02,E
sh600584,长电科技,2025-10-15 10:23:07,41.01,22400,41.02,D
sh600584,长电科技,2025-10-15 10:23:16,41.0,113500,41.01,D
sh600584,长电科技,2025-10-15 10:23:22,40.98,7300,41.0,D
sh600584,长电科技,2025-10-15 10:23:25,40.98,16900,40.98,D
sh600584,长电科技,2025-10-15 10:23:28,40.96,6200,40.98,D
sh600584,长电科技,2025-10-15 10:23:31,40.95,11600,40.96,D
sh600584,长电科技,2025-10-15 10:23:34,40.95,5300,40.95,D
sh600584,长电科技,2025-10-15 10:23:36,40.94,6500,40.95,D
sh600584,长电科技,2025-10-15 10:23:43,40.93,18200,40.94,D
sh600584,长电科技,2025-10-15 10:23:49,40.92,19000,40.93,D
sh600584,长电科技,2025-10-15 10:23:52,40.92,5900,40.92,D
sh600584,长电科技,2025-10-15 10:23:55,40.91,8100,40.92,D
sh600584,长电科技,2025-10-15 10:24:01,40.9,18600,40.91,D
sh600584,长电科技,2025-10-15 10:24:04,40.91,11900,40.9,U
sh600584,长电科技,2025-10-15 10:24:07,40.9,18600,40.91,D
sh600584,长电科技,2025-10-15 10:24:10,40.91,19500,40.9,U
sh600584,长电科技,2025-10-15 10:24:13,40.9,21500,40.91,D
sh600584,长电科技,2025-10-15 10:24:16,40.93,86100,40.9,U
sh600584,长电科技,2025-10-15 10:24:19,40.93,43700,40.93,D
sh600584,长电科技,2025-10-15 10:24:22,40.94,6900,40.93,U
sh600584,长电科技,2025-10-15 10:24:25,40.95,6800,40.94,U
sh600584,长电科技,2025-10-15 10:24:31,40.97,10800,40.96,U
sh600584,长电科技,2025-10-15 10:24:37,40.98,14600,40.97,U
sh600584,长电科技,2025-10-15 10:24:52,41.0,15000,40.99,U
sh600584,长电科技,2025-10-15 10:24:55,40.99,5800,41.0,D
sh600584,长电科技,2025-10-15 10:24:58,40.97,27800,40.99,D
sh600584,长电科技,2025-10-15 10:25:01,40.99,13200,40.97,U
sh600584,长电科技,2025-10-15 10:25:04,40.99,9600,40.99,U
sh600584,长电科技,2025-10-15 10:25:07,41.0,52800,40.99,U
sh600584,长电科技,2025-10-15 10:25:19,41.01,11000,41.0,U
sh600584,长电科技,2025-10-15 10:25:22,41.01,5300,41.01,D
sh600584,长电科技,2025-10-15 10:25:25,41.02,6300,41.01,U
sh600584,长电科技,2025-10-15 10:25:28,41.01,5600,41.02,D
sh600584,长电科技,2025-10-15 10:25:31,41.03,5100,41.01,U
sh600584,长电科技,2025-10-15 10:25:37,41.03,32000,41.03,U
sh600584,长电科技,2025-10-15 10:25:40,41.03,70300,41.03,U
sh600584,长电科技,2025-10-15 10:25:43,41.04,16000,41.03,U
sh600584,长电科技,2025-10-15 10:25:49,41.05,12500,41.04,U
sh600584,长电科技,2025-10-15 10:25:52,41.04,6391,41.05,D
sh600584,长电科技,2025-10-15 10:26:04,41.11,38500,41.08,U
sh600584,长电科技,2025-10-15 10:26:10,41.09,58900,41.11,D
sh600584,长电科技,2025-10-15 10:26:13,41.1,16400,41.09,U
sh600584,长电科技,2025-10-15 10:26:16,41.09,7400,41.1,U
sh600584,长电科技,2025-10-15 10:26:22,41.11,48600,41.09,U
sh600584,长电科技,2025-10-15 10:26:25,41.13,5500,41.11,U
sh600584,长电科技,2025-10-15 10:26:46,41.14,7400,41.13,U
sh600584,长电科技,2025-10-15 10:26:49,41.12,26000,41.14,D
sh600584,长电科技,2025-10-15 10:26:58,41.12,9600,41.11,U
sh600584,长电科技,2025-10-15 10:27:07,41.13,8400,41.13,U
sh600584,长电科技,2025-10-15 10:27:10,41.12,31900,41.13,D
sh600584,长电科技,2025-10-15 10:27:16,41.07,53300,41.12,D
sh600584,长电科技,2025-10-15 10:27:19,41.08,8900,41.07,U
sh600584,长电科技,2025-10-15 10:27:22,41.07,5400,41.08,E
sh600584,长电科技,2025-10-15 10:27:31,41.06,4900,41.05,U
sh600584,长电科技,2025-10-15 10:27:34,41.05,5800,41.06,D
sh600584,长电科技,2025-10-15 10:27:43,41.04,7400,41.05,D
sh600584,长电科技,2025-10-15 10:27:46,41.05,15200,41.04,U
sh600584,长电科技,2025-10-15 10:27:49,41.06,23600,41.05,U
sh600584,长电科技,2025-10-15 10:27:55,41.06,7900,41.06,D
sh600584,长电科技,2025-10-15 10:28:04,41.06,11500,41.06,U
sh600584,长电科技,2025-10-15 10:28:10,41.06,14800,41.05,E
sh600584,长电科技,2025-10-15 10:28:13,41.06,8900,41.06,U
sh600584,长电科技,2025-10-15 10:28:16,41.07,16500,41.06,U
sh600584,长电科技,2025-10-15 10:28:28,41.1,8100,41.1,U
sh600584,长电科技,2025-10-15 10:28:31,41.11,18600,41.1,U
sh600584,长电科技,2025-10-15 10:28:36,41.1,15700,41.1,D
sh600584,长电科技,2025-10-15 10:28:40,41.17,136000,41.1,U
sh600584,长电科技,2025-10-15 10:28:43,41.13,18200,41.17,D
sh600584,长电科技,2025-10-15 10:28:46,41.18,4900,41.13,E
sh600584,长电科技,2025-10-15 10:28:49,41.19,8400,41.18,U
sh600584,长电科技,2025-10-15 10:28:52,41.2,20900,41.19,U
sh600584,长电科技,2025-10-15 10:28:55,41.22,119800,41.2,U
sh600584,长电科技,2025-10-15 10:28:58,41.24,128600,41.22,U
sh600584,长电科技,2025-10-15 10:29:01,41.21,29100,41.24,D
sh600584,长电科技,2025-10-15 10:29:04,41.26,17500,41.21,E
sh600584,长电科技,2025-10-15 10:29:07,41.24,11600,41.26,D
sh600584,长电科技,2025-10-15 10:29:10,41.26,37100,41.24,U
sh600584,长电科技,2025-10-15 10:29:12,41.27,40800,41.26,U
sh600584,长电科技,2025-10-15 10:29:16,41.22,48800,41.27,D
sh600584,长电科技,2025-10-15 10:29:19,41.24,12300,41.22,U
sh600584,长电科技,2025-10-15 10:29:22,41.22,15000,41.24,D
sh600584,长电科技,2025-10-15 10:29:25,41.24,5600,41.22,E
sh600584,长电科技,2025-10-15 10:29:28,41.24,28500,41.24,U
sh600584,长电科技,2025-10-15 10:29:31,41.2,52400,41.24,D
sh600584,长电科技,2025-10-15 10:29:34,41.24,35600,41.2,U
sh600584,长电科技,2025-10-15 10:29:37,41.19,54000,41.24,D
sh600584,长电科技,2025-10-15 10:29:40,41.18,7400,41.19,D
sh600584,长电科技,2025-10-15 10:29:43,41.19,7500,41.18,U
sh600584,长电科技,2025-10-15 10:29:49,41.18,6300,41.2,D
sh600584,长电科技,2025-10-15 10:29:52,41.18,7300,41.18,E
sh600584,长电科技,2025-10-15 10:29:55,41.19,5200,41.18,U
sh600584,长电科技,2025-10-15 10:29:58,41.17,6700,41.19,D
sh600584,长电科技,2025-10-15 10:30:01,41.16,34500,41.17,D
sh600584,长电科技,2025-10-15 10:30:04,41.16,6400,41.16,U
sh600584,长电科技,2025-10-15 10:30:07,41.16,11500,41.16,U
sh600584,长电科技,2025-10-15 10:30:10,41.12,15200,41.16,D
sh600584,长电科技,2025-10-15 10:30:13,41.1,28800,41.12,D
sh600584,长电科技,2025-10-15 10:30:16,41.12,12600,41.1,D
sh600584,长电科技,2025-10-15 10:30:19,41.1,9200,41.12,D
sh600584,长电科技,2025-10-15 10:30:22,41.12,5900,41.1,E
sh600584,长电科技,2025-10-15 10:30:25,41.12,22200,41.12,U
sh600584,长电科技,2025-10-15 10:30:31,41.12,27100,41.12,U
sh600584,长电科技,2025-10-15 10:30:37,41.1,8900,41.11,D
sh600584,长电科技,2025-10-15 10:30:40,41.1,6800,41.1,D
sh600584,长电科技,2025-10-15 10:30:43,41.1,7300,41.1,U
sh600584,长电科技,2025-10-15 10:30:49,41.08,11600,41.1,D
sh600584,长电科技,2025-10-15 10:30:52,41.08,12800,41.08,U
sh600584,长电科技,2025-10-15 10:30:55,41.06,7000,41.08,D
sh600584,长电科技,2025-10-15 10:30:58,41.1,16788,41.06,U
sh600584,长电科技,2025-10-15 10:31:04,41.06,4900,41.09,D
sh600584,长电科技,2025-10-15 10:31:07,41.08,14012,41.06,U
sh600584,长电科技,2025-10-15 10:31:13,41.06,22200,41.05,U
sh600584,长电科技,2025-10-15 10:31:16,41.04,20709,41.06,D
sh600584,长电科技,2025-10-15 10:31:19,41.0,84000,41.04,D
sh600584,长电科技,2025-10-15 10:31:22,40.98,47400,41.0,D
sh600584,长电科技,2025-10-15 10:31:25,40.98,7500,40.98,D
sh600584,长电科技,2025-10-15 10:31:28,40.98,6900,40.98,D
sh600584,长电科技,2025-10-15 10:31:31,40.97,10300,40.98,D
sh600584,长电科技,2025-10-15 10:31:34,40.97,11400,40.97,U
sh600584,长电科技,2025-10-15 10:31:40,40.96,12400,40.96,U
sh600584,长电科技,2025-10-15 10:31:43,40.97,15600,40.96,U
sh600584,长电科技,2025-10-15 10:31:46,40.97,24900,40.97,U
sh600584,长电科技,2025-10-15 10:31:49,40.95,11900,40.97,D
sh600584,长电科技,2025-10-15 10:31:58,40.91,12300,40.91,D
sh600584,长电科技,2025-10-15 10:32:01,40.92,10000,40.91,U
sh600584,长电科技,2025-10-15 10:32:04,40.91,8300,40.92,D
sh600584,长电科技,2025-10-15 10:32:10,40.96,19000,40.95,U
sh600584,长电科技,2025-10-15 10:32:13,40.92,12600,40.96,D
sh600584,长电科技,2025-10-15 10:32:16,40.95,8500,40.92,D
sh600584,长电科技,2025-10-15 10:32:22,40.97,9100,40.98,D
sh600584,长电科技,2025-10-15 10:32:28,41.0,8800,40.98,U
sh600584,长电科技,2025-10-15 10:32:31,41.0,9000,41.0,U
sh600584,长电科技,2025-10-15 10:32:34,41.0,49500,41.0,U
sh600584,长电科技,2025-10-15 10:32:46,41.04,7600,41.03,U
sh600584,长电科技,2025-10-15 10:32:52,41.05,13800,41.05,U
sh600584,长电科技,2025-10-15 10:32:55,41.06,9200,41.05,U
sh600584,长电科技,2025-10-15 10:32:58,41.06,14600,41.06,D
sh600584,长电科技,2025-10-15 10:33:01,41.03,25500,41.06,D
sh600584,长电科技,2025-10-15 10:33:04,41.06,22700,41.03,U
sh600584,长电科技,2025-10-15 10:33:07,41.05,11100,41.06,E
sh600584,长电科技,2025-10-15 10:33:10,41.06,10900,41.05,U
sh600584,长电科技,2025-10-15 10:33:16,41.04,7500,41.05,D
sh600584,长电科技,2025-10-15 10:33:19,41.04,9400,41.04,U
sh600584,长电科技,2025-10-15 10:33:22,41.02,11700,41.04,D
sh600584,长电科技,2025-10-15 10:33:28,41.04,21500,41.02,U
sh600584,长电科技,2025-10-15 10:33:31,41.02,41700,41.04,D
sh600584,长电科技,2025-10-15 10:33:34,41.03,5600,41.02,U
sh600584,长电科技,2025-10-15 10:33:40,41.04,27799,41.03,U
sh600584,长电科技,2025-10-15 10:33:43,41.04,10200,41.04,D
sh600584,长电科技,2025-10-15 10:33:46,41.06,11100,41.04,U
sh600584,长电科技,2025-10-15 10:33:49,41.04,34001,41.06,D
sh600584,长电科技,2025-10-15 10:34:07,41.02,8600,41.02,D
sh600584,长电科技,2025-10-15 10:34:10,41.02,5700,41.02,D
sh600584,长电科技,2025-10-15 10:34:13,41.03,18900,41.02,U
sh600584,长电科技,2025-10-15 10:34:16,41.03,18700,41.03,D
sh600584,长电科技,2025-10-15 10:34:19,41.02,21200,41.03,D
sh600584,长电科技,2025-10-15 10:34:22,41.02,8200,41.02,U
sh600584,长电科技,2025-10-15 10:34:25,41.0,48700,41.02,D
sh600584,长电科技,2025-10-15 10:34:28,40.98,16100,41.0,D
sh600584,长电科技,2025-10-15 10:34:31,40.99,9400,40.98,U
sh600584,长电科技,2025-10-15 10:34:39,40.98,6000,40.98,D
sh600584,长电科技,2025-10-15 10:34:43,40.98,76500,40.98,U
sh600584,长电科技,2025-10-15 10:34:46,40.98,12200,40.98,D
sh600584,长电科技,2025-10-15 10:34:52,40.97,12200,40.98,D
sh600584,长电科技,2025-10-15 10:34:58,40.97,11900,40.97,D
sh600584,长电科技,2025-10-15 10:35:01,40.97,36500,40.97,D
sh600584,长电科技,2025-10-15 10:35:07,40.98,9500,40.98,D
sh600584,长电科技,2025-10-15 10:35:13,40.97,12900,40.98,D
sh600584,长电科技,2025-10-15 10:35:16,41.0,5900,40.97,U
sh600584,长电科技,2025-10-15 10:35:19,40.99,5300,41.0,D
sh600584,长电科技,2025-10-15 10:35:37,40.97,7400,40.98,D
sh600584,长电科技,2025-10-15 10:35:40,40.97,9300,40.97,U
sh600584,长电科技,2025-10-15 10:35:43,40.97,9100,40.97,U
sh600584,长电科技,2025-10-15 10:35:46,40.96,17200,40.97,D
sh600584,长电科技,2025-10-15 10:35:52,40.95,14300,40.96,D
sh600584,长电科技,2025-10-15 10:35:55,40.95,21700,40.95,D
sh600584,长电科技,2025-10-15 10:35:58,40.93,9300,40.95,D
sh600584,长电科技,2025-10-15 10:36:04,40.93,9000,40.94,D
sh600584,长电科技,2025-10-15 10:36:10,40.92,6100,40.93,D
sh600584,长电科技,2025-10-15 10:36:13,40.92,12500,40.92,D
sh600584,长电科技,2025-10-15 10:36:16,40.93,10300,40.92,U
sh600584,长电科技,2025-10-15 10:36:19,40.92,17500,40.93,D
sh600584,长电科技,2025-10-15 10:36:22,40.92,8600,40.92,D
sh600584,长电科技,2025-10-15 10:36:28,40.92,13000,40.92,U
sh600584,长电科技,2025-10-15 10:36:31,40.91,9500,40.92,D
sh600584,长电科技,2025-10-15 10:36:37,40.92,17500,40.92,U
sh600584,长电科技,2025-10-15 10:36:40,40.94,15100,40.92,U
sh600584,长电科技,2025-10-15 10:36:43,40.92,17800,40.94,D
sh600584,长电科技,2025-10-15 10:36:49,40.95,21499,40.94,D
sh600584,长电科技,2025-10-15 10:36:55,40.95,10000,40.94,E
sh600584,长电科技,2025-10-15 10:36:58,40.95,35800,40.95,U
sh600584,长电科技,2025-10-15 10:37:07,40.96,5600,40.96,U
sh600584,长电科技,2025-10-15 10:37:10,40.96,11500,40.96,U
sh600584,长电科技,2025-10-15 10:37:13,40.97,6800,40.96,U
sh600584,长电科技,2025-10-15 10:37:16,40.99,7300,40.97,U
sh600584,长电科技,2025-10-15 10:37:19,41.0,19000,40.99,U
sh600584,长电科技,2025-10-15 10:37:22,41.02,35500,41.0,U
sh600584,长电科技,2025-10-15 10:37:25,41.02,7500,41.02,U
sh600584,长电科技,2025-10-15 10:37:28,41.03,4900,41.02,U
sh600584,长电科技,2025-10-15 10:37:34,41.04,8000,41.03,U
sh600584,长电科技,2025-10-15 10:37:37,41.03,7700,41.04,D
sh600584,长电科技,2025-10-15 10:37:43,41.03,36100,41.04,D
sh600584,长电科技,2025-10-15 10:37:46,41.04,18800,41.03,U
sh600584,长电科技,2025-10-15 10:37:49,41.02,29400,41.04,D
sh600584,长电科技,2025-10-15 10:37:52,41.0,33200,41.02,D
sh600584,长电科技,2025-10-15 10:37:58,41.0,8900,41.01,E
sh600584,长电科技,2025-10-15 10:38:01,41.0,8200,41.0,D
sh600584,长电科技,2025-10-15 10:38:04,40.98,6300,41.0,E
sh600584,长电科技,2025-10-15 10:38:13,40.99,6300,40.97,U
sh600584,长电科技,2025-10-15 10:38:28,40.98,6300,40.98,D
sh600584,长电科技,2025-10-15 10:38:31,40.98,7200,40.98,D
sh600584,长电科技,2025-10-15 10:38:37,40.98,5300,40.98,U
sh600584,长电科技,2025-10-15 10:38:46,40.98,11800,40.98,D
sh600584,长电科技,2025-10-15 10:38:49,40.98,7300,40.98,D
sh600584,长电科技,2025-10-15 10:38:58,40.97,5900,40.97,D
sh600584,长电科技,2025-10-15 10:39:01,40.98,17000,40.97,E
sh600584,长电科技,2025-10-15 10:39:04,40.98,7000,40.98,D
sh600584,长电科技,2025-10-15 10:39:10,40.98,12500,40.98,U
sh600584,长电科技,2025-10-15 10:39:13,40.98,7300,40.98,U
sh600584,长电科技,2025-10-15 10:39:22,40.99,15900,40.98,U
sh600584,长电科技,2025-10-15 10:39:25,40.99,40900,40.99,U
sh600584,长电科技,2025-10-15 10:39:31,40.99,6400,40.99,D
sh600584,长电科技,2025-10-15 10:39:34,41.0,7200,40.99,U
sh600584,长电科技,2025-10-15 10:39:46,41.01,26000,41.01,U
sh600584,长电科技,2025-10-15 10:40:01,41.04,8300,41.02,U
sh600584,长电科技,2025-10-15 10:40:04,41.04,6600,41.04,U
sh600584,长电科技,2025-10-15 10:40:07,41.03,11300,41.04,E
sh600584,长电科技,2025-10-15 10:40:10,41.04,9400,41.03,D
sh600584,长电科技,2025-10-15 10:40:13,41.04,8300,41.04,D
sh600584,长电科技,2025-10-15 10:40:16,41.05,22500,41.04,U
sh600584,长电科技,2025-10-15 10:40:18,41.06,11200,41.05,U
sh600584,长电科技,2025-10-15 10:40:34,41.09,17300,41.07,U
sh600584,长电科技,2025-10-15 10:40:40,41.1,20600,41.1,U
sh600584,长电科技,2025-10-15 10:40:43,41.09,5400,41.1,E
sh600584,长电科技,2025-10-15 10:40:49,41.1,14300,41.1,U
sh600584,长电科技,2025-10-15 10:40:52,41.11,9400,41.1,U
sh600584,长电科技,2025-10-15 10:40:55,41.09,13700,41.11,D
sh600584,长电科技,2025-10-15 10:41:01,41.1,16000,41.1,D
sh600584,长电科技,2025-10-15 10:41:04,41.1,11800,41.1,D
sh600584,长电科技,2025-10-15 10:41:07,41.1,12300,41.1,D
sh600584,长电科技,2025-10-15 10:41:10,41.09,8000,41.1,D
sh600584,长电科技,2025-10-15 10:41:16,41.08,5700,41.08,D
sh600584,长电科技,2025-10-15 10:41:19,41.08,5300,41.08,U
sh600584,长电科技,2025-10-15 10:41:22,41.07,5000,41.08,D
sh600584,长电科技,2025-10-15 10:41:28,41.06,5900,41.07,D
sh600584,长电科技,2025-10-15 10:41:37,41.03,19900,41.05,D
sh600584,长电科技,2025-10-15 10:41:40,41.03,12400,41.03,D
sh600584,长电科技,2025-10-15 10:41:43,41.01,4900,41.03,D
sh600584,长电科技,2025-10-15 10:41:52,41.01,6000,41.01,D
sh600584,长电科技,2025-10-15 10:41:55,41.0,9400,41.01,D
sh600584,长电科技,2025-10-15 10:41:58,41.0,7300,41.0,D
sh600584,长电科技,2025-10-15 10:42:01,41.0,5600,41.0,D
sh600584,长电科技,2025-10-15 10:42:07,40.99,12700,41.0,D
sh600584,长电科技,2025-10-15 10:42:13,40.98,7600,40.98,D
sh600584,长电科技,2025-10-15 10:42:16,40.96,23600,40.98,D
sh600584,长电科技,2025-10-15 10:42:19,40.94,48200,40.96,D
sh600584,长电科技,2025-10-15 10:42:22,40.93,6100,40.94,D
sh600584,长电科技,2025-10-15 10:42:28,40.93,5395,40.93,D
sh600584,长电科技,2025-10-15 10:42:34,40.91,16706,40.93,D
sh600584,长电科技,2025-10-15 10:42:37,40.91,10700,40.91,D
sh600584,长电科技,2025-10-15 10:42:40,40.87,127100,40.91,D
sh600584,长电科技,2025-10-15 10:42:43,40.87,9500,40.87,D
sh600584,长电科技,2025-10-15 10:42:49,40.85,14000,40.85,D
sh600584,长电科技,2025-10-15 10:42:52,40.85,13300,40.85,U
sh600584,长电科技,2025-10-15 10:42:55,40.84,10200,40.85,D
sh600584,长电科技,2025-10-15 10:42:58,40.83,6200,40.84,D
sh600584,长电科技,2025-10-15 10:43:01,40.83,5200,40.83,D
sh600584,长电科技,2025-10-15 10:43:04,40.83,19300,40.83,U
sh600584,长电科技,2025-10-15 10:43:07,40.83,13200,40.83,E
sh600584,长电科技,2025-10-15 10:43:10,40.81,9600,40.83,D
sh600584,长电科技,2025-10-15 10:43:13,40.83,12700,40.81,U
sh600584,长电科技,2025-10-15 10:43:16,40.81,11700,40.83,D
sh600584,长电科技,2025-10-15 10:43:19,40.83,10600,40.81,U
sh600584,长电科技,2025-10-15 10:43:22,40.81,10700,40.83,D
sh600584,长电科技,2025-10-15 10:43:25,40.81,26700,40.81,U
sh600584,长电科技,2025-10-15 10:43:28,40.8,20200,40.81,D
sh600584,长电科技,2025-10-15 10:43:31,40.8,42100,40.8,D
sh600584,长电科技,2025-10-15 10:43:40,40.79,10300,40.79,D
sh600584,长电科技,2025-10-15 10:43:43,40.79,19600,40.79,U
sh600584,长电科技,2025-10-15 10:43:49,40.77,5700,40.77,D
sh600584,长电科技,2025-10-15 10:43:52,40.77,5400,40.77,D
sh600584,长电科技,2025-10-15 10:43:58,40.77,13500,40.77,U
sh600584,长电科技,2025-10-15 10:44:01,40.77,8100,40.77,U
sh600584,长电科技,2025-10-15 10:44:04,40.75,6100,40.77,D
sh600584,长电科技,2025-10-15 10:44:07,40.75,5700,40.75,D
sh600584,长电科技,2025-10-15 10:44:10,40.75,9600,40.75,D
sh600584,长电科技,2025-10-15 10:44:13,40.75,7900,40.75,U
sh600584,长电科技,2025-10-15 10:44:16,40.74,18300,40.75,E
sh600584,长电科技,2025-10-15 10:44:19,40.73,22300,40.74,D
sh600584,长电科技,2025-10-15 10:44:22,40.72,6700,40.73,D
sh600584,长电科技,2025-10-15 10:44:25,40.72,16000,40.72,D
sh600584,长电科技,2025-10-15 10:44:31,40.72,13400,40.72,U
sh600584,长电科技,2025-10-15 10:44:34,40.71,6200,40.72,D
sh600584,长电科技,2025-10-15 10:44:37,40.72,17086,40.71,D
sh600584,长电科技,2025-10-15 10:44:40,40.72,18900,40.72,D
sh600584,长电科技,2025-10-15 10:44:43,40.74,21300,40.72,E
sh600584,长电科技,2025-10-15 10:44:46,40.73,8100,40.74,E
sh600584,长电科技,2025-10-15 10:44:49,40.73,8814,40.73,D
sh600584,长电科技,2025-10-15 10:44:52,40.73,7900,40.73,D
sh600584,长电科技,2025-10-15 10:44:55,40.73,6200,40.73,D
sh600584,长电科技,2025-10-15 10:45:01,40.73,23700,40.73,U
sh600584,长电科技,2025-10-15 10:45:04,40.78,66386,40.73,U
sh600584,长电科技,2025-10-15 10:45:07,40.8,14500,40.78,U
sh600584,长电科技,2025-10-15 10:45:10,40.81,9000,40.8,U
sh600584,长电科技,2025-10-15 10:45:13,40.83,38000,40.81,U
sh600584,长电科技,2025-10-15 10:45:16,40.84,22100,40.83,U
sh600584,长电科技,2025-10-15 10:45:19,40.86,20300,40.84,U
sh600584,长电科技,2025-10-15 10:45:25,40.88,12700,40.88,D
sh600584,长电科技,2025-10-15 10:45:28,40.91,7600,40.88,U
sh600584,长电科技,2025-10-15 10:45:31,40.9,7000,40.91,E
sh600584,长电科技,2025-10-15 10:45:34,40.91,9200,40.9,U
sh600584,长电科技,2025-10-15 10:45:37,40.91,28200,40.91,D
sh600584,长电科技,2025-10-15 10:45:40,40.9,24500,40.91,D
sh600584,长电科技,2025-10-15 10:45:43,40.9,6200,40.9,U
sh600584,长电科技,2025-10-15 10:45:46,40.91,4900,40.9,U
sh600584,长电科技,2025-10-15 10:45:49,40.9,7300,40.91,D
sh600584,长电科技,2025-10-15 10:45:52,40.86,22600,40.9,D
sh600584,长电科技,2025-10-15 10:45:55,40.88,12100,40.86,U
sh600584,长电科技,2025-10-15 10:46:10,40.88,10600,40.9,D
sh600584,长电科技,2025-10-15 10:46:13,40.91,17800,40.88,U
sh600584,长电科技,2025-10-15 10:46:19,40.92,10000,40.91,U
sh600584,长电科技,2025-10-15 10:46:28,40.92,5800,40.93,D
sh600584,长电科技,2025-10-15 10:46:34,40.91,5800,40.92,D
sh600584,长电科技,2025-10-15 10:46:37,40.9,57900,40.91,D
sh600584,长电科技,2025-10-15 10:46:49,40.89,6700,40.88,U
sh600584,长电科技,2025-10-15 10:46:52,40.88,5500,40.89,D
sh600584,长电科技,2025-10-15 10:46:58,40.88,5400,40.89,U
sh600584,长电科技,2025-10-15 10:47:01,40.89,6600,40.88,U
sh600584,长电科技,2025-10-15 10:47:13,40.9,8200,40.89,U
sh600584,长电科技,2025-10-15 10:47:16,40.89,11900,40.9,D
sh600584,长电科技,2025-10-15 10:47:19,40.9,5100,40.89,U
sh600584,长电科技,2025-10-15 10:47:25,40.9,6700,40.9,D
sh600584,长电科技,2025-10-15 10:47:34,40.9,7200,40.9,U
sh600584,长电科技,2025-10-15 10:47:40,40.91,6800,40.91,U
sh600584,长电科技,2025-10-15 10:47:43,40.91,13100,40.91,U
sh600584,长电科技,2025-10-15 10:47:52,40.91,7500,40.91,U
sh600584,长电科技,2025-10-15 10:47:55,40.9,12300,40.91,D
sh600584,长电科技,2025-10-15 10:48:07,40.89,6400,40.9,E
sh600584,长电科技,2025-10-15 10:48:19,40.9,5700,40.91,U
sh600584,长电科技,2025-10-15 10:48:43,40.89,16300,40.88,U
sh600584,长电科技,2025-10-15 10:48:46,40.85,7000,40.89,D
sh600584,长电科技,2025-10-15 10:48:49,40.88,8000,40.85,U
sh600584,长电科技,2025-10-15 10:49:04,40.88,40900,40.87,U
sh600584,长电科技,2025-10-15 10:49:13,40.86,6200,40.86,U
sh600584,长电科技,2025-10-15 10:49:34,40.87,8100,40.86,U
sh600584,长电科技,2025-10-15 10:49:49,40.85,7800,40.85,D
sh600584,长电科技,2025-10-15 10:50:04,40.84,5200,40.83,U
sh600584,长电科技,2025-10-15 10:50:07,40.79,28700,40.84,D
sh600584,长电科技,2025-10-15 10:50:10,40.78,5200,40.79,D
sh600584,长电科技,2025-10-15 10:50:22,40.74,28000,40.77,D
sh600584,长电科技,2025-10-15 10:50:28,40.75,5900,40.75,U
sh600584,长电科技,2025-10-15 10:50:31,40.75,9100,40.75,D
sh600584,长电科技,2025-10-15 10:50:46,40.75,5000,40.76,D
sh600584,长电科技,2025-10-15 10:50:49,40.75,78500,40.75,D
sh600584,长电科技,2025-10-15 10:50:58,40.75,5800,40.75,D
sh600584,长电科技,2025-10-15 10:51:07,40.76,13900,40.76,U
sh600584,长电科技,2025-10-15 10:51:10,40.81,27200,40.76,U
sh600584,长电科技,2025-10-15 10:51:22,40.82,17700,40.83,D
sh600584,长电科技,2025-10-15 10:51:25,40.82,5200,40.82,U
sh600584,长电科技,2025-10-15 10:51:43,40.82,8800,40.78,U
sh600584,长电科技,2025-10-15 10:51:46,40.81,10100,40.82,E
sh600584,长电科技,2025-10-15 10:51:49,40.82,7500,40.81,U
sh600584,长电科技,2025-10-15 10:51:52,40.81,8000,40.82,U
sh600584,长电科技,2025-10-15 10:52:04,40.81,11600,40.81,U
sh600584,长电科技,2025-10-15 10:52:16,40.79,6000,40.79,D
sh600584,长电科技,2025-10-15 10:52:34,40.79,5900,40.79,D
sh600584,长电科技,2025-10-15 10:52:43,40.79,12000,40.8,D
sh600584,长电科技,2025-10-15 10:52:46,40.78,11800,40.79,D
sh600584,长电科技,2025-10-15 10:52:52,40.79,6500,40.79,D
sh600584,长电科技,2025-10-15 10:52:55,40.78,6600,40.79,D
sh600584,长电科技,2025-10-15 10:52:58,40.79,17600,40.78,U
sh600584,长电科技,2025-10-15 10:53:01,40.79,34000,40.79,U
sh600584,长电科技,2025-10-15 10:53:04,40.79,7200,40.79,D
sh600584,长电科技,2025-10-15 10:53:07,40.79,11100,40.79,D
sh600584,长电科技,2025-10-15 10:53:10,40.81,24600,40.79,U
sh600584,长电科技,2025-10-15 10:53:22,40.78,11700,40.78,D
sh600584,长电科技,2025-10-15 10:53:28,40.77,8800,40.78,D
sh600584,长电科技,2025-10-15 10:53:31,40.77,9000,40.77,D
sh600584,长电科技,2025-10-15 10:53:34,40.78,20000,40.77,D
sh600584,长电科技,2025-10-15 10:53:37,40.78,6600,40.78,D
sh600584,长电科技,2025-10-15 10:53:43,40.79,8800,40.81,D
sh600584,长电科技,2025-10-15 10:53:52,40.8,27200,40.81,E
sh600584,长电科技,2025-10-15 10:53:58,40.81,6000,40.8,U
sh600584,长电科技,2025-10-15 10:54:07,40.82,7300,40.81,U
sh600584,长电科技,2025-10-15 10:54:10,40.82,100500,40.82,U
sh600584,长电科技,2025-10-15 10:54:13,40.83,27000,40.82,U
sh600584,长电科技,2025-10-15 10:54:22,40.84,5400,40.85,D
sh600584,长电科技,2025-10-15 10:54:25,40.85,8000,40.84,U
sh600584,长电科技,2025-10-15 10:54:28,40.86,7500,40.85,U
sh600584,长电科技,2025-10-15 10:54:34,40.86,9600,40.86,D
sh600584,长电科技,2025-10-15 10:54:37,40.87,6600,40.86,U
sh600584,长电科技,2025-10-15 10:54:43,40.85,56600,40.87,D
sh600584,长电科技,2025-10-15 10:54:46,40.87,18200,40.85,U
sh600584,长电科技,2025-10-15 10:54:58,40.87,5600,40.85,U
sh600584,长电科技,2025-10-15 10:55:13,40.88,10300,40.88,U
sh600584,长电科技,2025-10-15 10:55:16,40.87,15800,40.88,D
sh600584,长电科技,2025-10-15 10:55:22,40.87,8300,40.85,U
sh600584,长电科技,2025-10-15 10:55:37,40.84,5800,40.85,D
sh600584,长电科技,2025-10-15 10:55:58,40.8,26500,40.82,D
sh600584,长电科技,2025-10-15 10:56:31,40.82,22689,40.79,U
sh600584,长电科技,2025-10-15 10:56:34,40.85,26900,40.82,U
sh600584,长电科技,2025-10-15 10:56:37,40.83,10200,40.85,E
sh600584,长电科技,2025-10-15 10:56:43,40.85,30200,40.83,U
sh600584,长电科技,2025-10-15 10:56:49,40.8,8200,40.85,D
sh600584,长电科技,2025-10-15 10:56:52,40.8,15200,40.8,U
sh600584,长电科技,2025-10-15 10:56:55,40.85,13800,40.8,U
sh600584,长电科技,2025-10-15 10:57:01,40.8,6400,40.79,D
sh600584,长电科技,2025-10-15 10:57:13,40.8,6700,40.8,U
sh600584,长电科技,2025-10-15 10:57:16,40.79,10000,40.8,D
sh600584,长电科技,2025-10-15 10:57:22,40.79,15200,40.79,D
sh600584,长电科技,2025-10-15 10:57:25,40.79,7400,40.79,D
sh600584,长电科技,2025-10-15 10:57:31,40.78,10200,40.79,D
sh600584,长电科技,2025-10-15 10:57:34,40.77,57200,40.78,D
sh600584,长电科技,2025-10-15 10:57:37,40.76,5500,40.77,D
sh600584,长电科技,2025-10-15 10:57:40,40.75,11600,40.76,D
sh600584,长电科技,2025-10-15 10:57:43,40.75,9400,40.75,D
sh600584,长电科技,2025-10-15 10:57:46,40.78,19100,40.75,U
sh600584,长电科技,2025-10-15 10:57:58,40.73,6000,40.74,E
sh600584,长电科技,2025-10-15 10:58:01,40.73,9600,40.73,U
sh600584,长电科技,2025-10-15 10:58:04,40.71,7300,40.73,D
sh600584,长电科技,2025-10-15 10:58:07,40.7,5600,40.71,D
sh600584,长电科技,2025-10-15 10:58:10,40.7,9400,40.7,D
sh600584,长电科技,2025-10-15 10:58:13,40.7,7600,40.7,D
sh600584,长电科技,2025-10-15 10:58:16,40.7,30900,40.7,D
sh600584,长电科技,2025-10-15 10:58:19,40.7,12800,40.7,D
sh600584,长电科技,2025-10-15 10:58:22,40.7,22300,40.7,D
sh600584,长电科技,2025-10-15 10:58:25,40.7,24900,40.7,U
sh600584,长电科技,2025-10-15 10:58:28,40.7,18200,40.7,D
sh600584,长电科技,2025-10-15 10:58:34,40.69,23600,40.7,D
sh600584,长电科技,2025-10-15 10:58:37,40.7,15700,40.69,U
sh600584,长电科技,2025-10-15 10:58:43,40.68,15700,40.69,D
sh600584,长电科技,2025-10-15 10:58:49,40.68,52800,40.68,D
sh600584,长电科技,2025-10-15 10:58:52,40.67,13800,40.68,D
sh600584,长电科技,2025-10-15 10:58:55,40.66,21700,40.67,D
sh600584,长电科技,2025-10-15 10:58:58,40.65,14500,40.66,D
sh600584,长电科技,2025-10-15 10:59:01,40.64,12100,40.65,D
sh600584,长电科技,2025-10-15 10:59:07,40.62,19400,40.64,D
sh600584,长电科技,2025-10-15 10:59:10,40.61,10500,40.62,D
sh600584,长电科技,2025-10-15 10:59:13,40.61,51500,40.61,D
sh600584,长电科技,2025-10-15 10:59:16,40.6,17500,40.61,D
sh600584,长电科技,2025-10-15 10:59:19,40.6,16100,40.6,D
sh600584,长电科技,2025-10-15 10:59:22,40.58,22900,40.6,D
sh600584,长电科技,2025-10-15 10:59:28,40.57,34100,40.58,D
sh600584,长电科技,2025-10-15 10:59:31,40.55,12100,40.57,D
sh600584,长电科技,2025-10-15 10:59:34,40.56,17200,40.55,U
sh600584,长电科技,2025-10-15 10:59:37,40.55,25800,40.56,D
sh600584,长电科技,2025-10-15 10:59:40,40.54,8900,40.55,D
sh600584,长电科技,2025-10-15 10:59:43,40.54,13000,40.54,U
sh600584,长电科技,2025-10-15 10:59:46,40.53,13500,40.54,D
sh600584,长电科技,2025-10-15 10:59:49,40.53,38400,40.53,D
sh600584,长电科技,2025-10-15 10:59:52,40.53,16600,40.53,U
sh600584,长电科技,2025-10-15 10:59:55,40.53,9400,40.53,U
sh600584,长电科技,2025-10-15 10:59:58,40.53,26000,40.53,U
sh600584,长电科技,2025-10-15 11:00:01,40.54,151100,40.53,U
sh600584,长电科技,2025-10-15 11:00:04,40.54,36800,40.54,D
sh600584,长电科技,2025-10-15 11:00:07,40.55,18600,40.54,E
sh600584,长电科技,2025-10-15 11:00:10,40.58,37500,40.55,U
sh600584,长电科技,2025-10-15 11:00:16,40.62,5900,40.63,D
sh600584,长电科技,2025-10-15 11:00:19,40.64,12300,40.62,U
sh600584,长电科技,2025-10-15 11:00:31,40.64,7600,40.65,D
sh600584,长电科技,2025-10-15 11:00:34,40.68,7300,40.64,U
sh600584,长电科技,2025-10-15 11:00:37,40.67,5400,40.68,D
sh600584,长电科技,2025-10-15 11:00:46,40.67,46800,40.68,D
sh600584,长电科技,2025-10-15 11:00:49,40.65,9000,40.67,D
sh600584,长电科技,2025-10-15 11:00:52,40.65,5000,40.65,D
sh600584,长电科技,2025-10-15 11:01:13,40.66,6400,40.66,D
sh600584,长电科技,2025-10-15 11:01:16,40.65,16600,40.66,D
sh600584,长电科技,2025-10-15 11:01:19,40.65,11139,40.65,D
sh600584,长电科技,2025-10-15 11:01:25,40.65,9700,40.65,U
sh600584,长电科技,2025-10-15 11:01:28,40.63,5600,40.65,D
sh600584,长电科技,2025-10-15 11:01:42,40.63,8500,40.63,U
sh600584,长电科技,2025-10-15 11:01:55,40.63,7200,40.64,D
sh600584,长电科技,2025-10-15 11:01:58,40.63,11200,40.63,D
sh600584,长电科技,2025-10-15 11:02:01,40.64,7600,40.63,U
sh600584,长电科技,2025-10-15 11:02:07,40.64,5400,40.63,D
sh600584,长电科技,2025-10-15 11:02:16,40.65,7300,40.65,D
sh600584,长电科技,2025-10-15 11:02:25,40.66,6400,40.66,U
sh600584,长电科技,2025-10-15 11:02:34,40.65,46500,40.65,D
sh600584,长电科技,2025-10-15 11:02:43,40.66,12100,40.61,U
sh600584,长电科技,2025-10-15 11:03:19,40.61,13900,40.62,D
sh600584,长电科技,2025-10-15 11:03:22,40.6,10700,40.61,D
sh600584,长电科技,2025-10-15 11:03:31,40.61,21500,40.6,U
sh600584,长电科技,2025-10-15 11:03:34,40.6,8400,40.61,D
sh600584,长电科技,2025-10-15 11:03:43,40.59,13200,40.59,D
sh600584,长电科技,2025-10-15 11:03:46,40.6,26400,40.59,U
sh600584,长电科技,2025-10-15 11:03:52,40.6,16300,40.6,D
sh600584,长电科技,2025-10-15 11:03:55,40.6,6000,40.6,D
sh600584,长电科技,2025-10-15 11:04:01,40.6,5700,40.61,D
sh600584,长电科技,2025-10-15 11:04:04,40.63,28900,40.6,U
sh600584,长电科技,2025-10-15 11:04:10,40.62,8600,40.62,D
sh600584,长电科技,2025-10-15 11:04:13,40.62,53800,40.62,D
sh600584,长电科技,2025-10-15 11:04:19,40.65,8600,40.63,U
sh600584,长电科技,2025-10-15 11:04:25,40.65,22100,40.65,D
sh600584,长电科技,2025-10-15 11:04:40,40.65,10600,40.66,D
sh600584,长电科技,2025-10-15 11:04:58,40.65,6200,40.66,D
sh600584,长电科技,2025-10-15 11:05:04,40.66,20700,40.66,U
sh600584,长电科技,2025-10-15 11:05:07,40.63,7400,40.66,D
sh600584,长电科技,2025-10-15 11:05:10,40.62,17200,40.63,D
sh600584,长电科技,2025-10-15 11:05:16,40.62,7000,40.61,U
sh600584,长电科技,2025-10-15 11:05:19,40.6,6800,40.62,D
sh600584,长电科技,2025-10-15 11:05:25,40.6,10147,40.61,D
sh600584,长电科技,2025-10-15 11:05:31,40.62,14500,40.61,U
sh600584,长电科技,2025-10-15 11:05:40,40.62,8300,40.62,U
sh600584,长电科技,2025-10-15 11:05:43,40.62,8200,40.62,U
sh600584,长电科技,2025-10-15 11:05:52,40.65,6300,40.65,U
sh600584,长电科技,2025-10-15 11:05:58,40.63,7200,40.65,D
sh600584,长电科技,2025-10-15 11:06:10,40.63,7800,40.63,D
sh600584,长电科技,2025-10-15 11:06:13,40.64,5500,40.63,U
sh600584,长电科技,2025-10-15 11:06:19,40.63,10300,40.64,D
sh600584,长电科技,2025-10-15 11:06:31,40.62,12800,40.63,D
sh600584,长电科技,2025-10-15 11:06:34,40.6,29953,40.62,D
sh600584,长电科技,2025-10-15 11:06:37,40.6,10900,40.6,U
sh600584,长电科技,2025-10-15 11:07:07,40.59,12500,40.59,D
sh600584,长电科技,2025-10-15 11:07:19,40.59,11800,40.6,D
sh600584,长电科技,2025-10-15 11:07:25,40.57,26500,40.59,D
sh600584,长电科技,2025-10-15 11:07:28,40.6,9647,40.57,U
sh600584,长电科技,2025-10-15 11:07:34,40.6,5000,40.57,U
sh600584,长电科技,2025-10-15 11:07:45,40.6,5000,40.62,E
sh600584,长电科技,2025-10-15 11:08:19,40.59,8900,40.6,D
sh600584,长电科技,2025-10-15 11:08:22,40.59,5500,40.59,U
sh600584,长电科技,2025-10-15 11:08:37,40.6,14700,40.59,U
sh600584,长电科技,2025-10-15 11:08:49,40.61,8600,40.6,U
sh600584,长电科技,2025-10-15 11:08:52,40.6,17500,40.61,U
sh600584,长电科技,2025-10-15 11:09:33,40.64,5500,40.64,D
sh600584,长电科技,2025-10-15 11:09:37,40.63,9100,40.64,D
sh600584,长电科技,2025-10-15 11:09:43,40.61,7800,40.61,D
sh600584,长电科技,2025-10-15 11:09:49,40.6,43100,40.61,D
sh600584,长电科技,2025-10-15 11:09:55,40.58,58100,40.6,D
sh600584,长电科技,2025-10-15 11:10:01,40.57,6900,40.58,D
sh600584,长电科技,2025-10-15 11:10:12,40.6,5100,40.58,U
sh600584,长电科技,2025-10-15 11:10:43,40.59,7700,40.59,U
sh600584,长电科技,2025-10-15 11:10:52,40.6,35800,40.6,U
sh600584,长电科技,2025-10-15 11:11:07,40.6,9400,40.59,U
sh600584,长电科技,2025-10-15 11:11:25,40.6,7200,40.6,U
sh600584,长电科技,2025-10-15 11:12:19,40.62,6800,40.62,D
sh600584,长电科技,2025-10-15 11:12:34,40.61,17000,40.63,D
sh600584,长电科技,2025-10-15 11:12:43,40.61,31000,40.62,D
sh600584,长电科技,2025-10-15 11:12:52,40.61,10000,40.61,U
sh600584,长电科技,2025-10-15 11:12:58,40.61,6800,40.61,U
sh600584,长电科技,2025-10-15 11:13:04,40.55,165953,40.61,D
sh600584,长电科技,2025-10-15 11:13:07,40.53,6300,40.55,D
sh600584,长电科技,2025-10-15 11:13:10,40.53,12700,40.53,D
sh600584,长电科技,2025-10-15 11:13:13,40.52,6600,40.53,D
sh600584,长电科技,2025-10-15 11:13:16,40.51,12400,40.52,D
sh600584,长电科技,2025-10-15 11:13:19,40.5,8900,40.51,D
sh600584,长电科技,2025-10-15 11:13:22,40.5,21500,40.5,D
sh600584,长电科技,2025-10-15 11:13:28,40.49,7800,40.5,D
sh600584,长电科技,2025-10-15 11:13:37,40.47,20400,40.49,D
sh600584,长电科技,2025-10-15 11:13:46,40.45,10600,40.46,D
sh600584,长电科技,2025-10-15 11:13:49,40.45,13400,40.45,D
sh600584,长电科技,2025-10-15 11:13:52,40.44,6300,40.45,D
sh600584,长电科技,2025-10-15 11:14:01,40.42,6900,40.43,D
sh600584,长电科技,2025-10-15 11:14:04,40.42,14800,40.42,U
sh600584,长电科技,2025-10-15 11:14:07,40.45,60600,40.42,U
sh600584,长电科技,2025-10-15 11:14:10,40.43,35300,40.45,D
sh600584,长电科技,2025-10-15 11:14:13,40.45,96800,40.43,U
sh600584,长电科技,2025-10-15 11:14:16,40.42,5800,40.45,D
sh600584,长电科技,2025-10-15 11:14:22,40.43,13800,40.43,D
sh600584,长电科技,2025-10-15 11:14:25,40.43,19000,40.43,D
sh600584,长电科技,2025-10-15 11:14:28,40.43,17100,40.43,D
sh600584,长电科技,2025-10-15 11:14:31,40.43,77800,40.43,U
sh600584,长电科技,2025-10-15 11:14:34,40.5,84100,40.43,U
sh600584,长电科技,2025-10-15 11:14:37,40.45,65600,40.5,D
sh600584,长电科技,2025-10-15 11:14:46,40.46,5400,40.45,E
sh600584,长电科技,2025-10-15 11:14:49,40.45,7500,40.46,D
sh600584,长电科技,2025-10-15 11:14:55,40.45,10300,40.46,D
sh600584,长电科技,2025-10-15 11:14:58,40.45,11000,40.45,U
sh600584,长电科技,2025-10-15 11:15:04,40.45,5500,40.45,U
sh600584,长电科技,2025-10-15 11:15:10,40.45,19900,40.45,U
sh600584,长电科技,2025-10-15 11:15:13,40.44,5300,40.45,D
sh600584,长电科技,2025-10-15 11:15:16,40.45,5500,40.44,U
sh600584,长电科技,2025-10-15 11:15:40,40.44,5600,40.44,D
sh600584,长电科技,2025-10-15 11:15:43,40.45,8300,40.44,U
sh600584,长电科技,2025-10-15 11:15:55,40.44,14900,40.45,D
sh600584,长电科技,2025-10-15 11:15:58,40.45,8100,40.44,U
sh600584,长电科技,2025-10-15 11:16:04,40.44,5700,40.44,U
sh600584,长电科技,2025-10-15 11:16:07,40.44,6200,40.44,D
sh600584,长电科技,2025-10-15 11:16:10,40.44,5000,40.44,D
sh600584,长电科技,2025-10-15 11:16:19,40.44,7300,40.43,U
sh600584,长电科技,2025-10-15 11:16:22,40.43,11700,40.44,D
sh600584,长电科技,2025-10-15 11:16:31,40.44,6900,40.44,U
sh600584,长电科技,2025-10-15 11:16:34,40.44,11900,40.44,D
sh600584,长电科技,2025-10-15 11:16:55,40.43,15800,40.43,D
sh600584,长电科技,2025-10-15 11:16:58,40.43,21900,40.43,U
sh600584,长电科技,2025-10-15 11:17:01,40.43,7900,40.43,U
sh600584,长电科技,2025-10-15 11:17:04,40.44,33400,40.43,U
sh600584,长电科技,2025-10-15 11:17:07,40.46,11658,40.44,U
sh600584,长电科技,2025-10-15 11:17:10,40.45,36800,40.46,D
sh600584,长电科技,2025-10-15 11:17:22,40.44,11700,40.46,D
sh600584,长电科技,2025-10-15 11:17:25,40.44,9500,40.44,U
sh600584,长电科技,2025-10-15 11:17:28,40.44,13300,40.44,U
sh600584,长电科技,2025-10-15 11:17:40,40.44,5100,40.44,D
sh600584,长电科技,2025-10-15 11:17:45,40.43,5200,40.44,D
sh600584,长电科技,2025-10-15 11:17:49,40.44,7200,40.43,U
sh600584,长电科技,2025-10-15 11:18:04,40.44,15300,40.44,U
sh600584,长电科技,2025-10-15 11:18:07,40.45,10500,40.44,U
sh600584,长电科技,2025-10-15 11:18:13,40.45,7300,40.45,D
sh600584,长电科技,2025-10-15 11:18:16,40.46,8400,40.45,D
sh600584,长电科技,2025-10-15 11:18:37,40.46,9400,40.48,D
sh600584,长电科技,2025-10-15 11:18:40,40.45,5100,40.46,D
sh600584,长电科技,2025-10-15 11:18:43,40.44,8500,40.45,D
sh600584,长电科技,2025-10-15 11:18:49,40.45,8900,40.44,D
sh600584,长电科技,2025-10-15 11:19:01,40.44,8300,40.48,D
sh600584,长电科技,2025-10-15 11:19:07,40.44,13500,40.47,D
sh600584,长电科技,2025-10-15 11:19:13,40.44,12100,40.44,U
sh600584,长电科技,2025-10-15 11:19:19,40.44,5100,40.43,U
sh600584,长电科技,2025-10-15 11:19:22,40.45,8394,40.44,U
sh600584,长电科技,2025-10-15 11:19:25,40.43,5400,40.45,D
sh600584,长电科技,2025-10-15 11:19:31,40.5,22900,40.45,U
sh600584,长电科技,2025-10-15 11:19:37,40.5,5898,40.5,D
sh600584,长电科技,2025-10-15 11:19:43,40.5,13200,40.52,D
sh600584,长电科技,2025-10-15 11:19:49,40.52,15500,40.52,U
sh600584,长电科技,2025-10-15 11:19:52,40.52,8300,40.52,U
sh600584,长电科技,2025-10-15 11:19:55,40.5,7700,40.52,U
sh600584,长电科技,2025-10-15 11:20:10,40.51,8000,40.51,U
sh600584,长电科技,2025-10-15 11:20:22,40.52,7000,40.51,U
sh600584,长电科技,2025-10-15 11:20:28,40.52,36000,40.52,D
sh600584,长电科技,2025-10-15 11:20:43,40.51,11900,40.52,D
sh600584,长电科技,2025-10-15 11:20:46,40.5,16000,40.51,D
sh600584,长电科技,2025-10-15 11:20:55,40.5,5200,40.5,D
sh600584,长电科技,2025-10-15 11:21:13,40.52,8300,40.52,U
sh600584,长电科技,2025-10-15 11:21:25,40.5,59000,40.52,D
sh600584,长电科技,2025-10-15 11:21:46,40.46,6400,40.47,D
sh600584,长电科技,2025-10-15 11:21:49,40.46,7700,40.46,U
sh600584,长电科技,2025-10-15 11:21:55,40.45,11100,40.45,D
sh600584,长电科技,2025-10-15 11:21:58,40.47,9600,40.45,U
sh600584,长电科技,2025-10-15 11:22:25,40.47,5300,40.46,U
sh600584,长电科技,2025-10-15 11:23:43,40.5,8500,40.5,U
sh600584,长电科技,2025-10-15 11:23:46,40.49,7100,40.5,D
sh600584,长电科技,2025-10-15 11:23:49,40.49,6300,40.49,U
sh600584,长电科技,2025-10-15 11:23:52,40.5,6800,40.49,U
sh600584,长电科技,2025-10-15 11:23:55,40.49,13700,40.5,D
sh600584,长电科技,2025-10-15 11:23:58,40.5,16700,40.49,U
sh600584,长电科技,2025-10-15 11:24:04,40.51,13100,40.52,E
sh600584,长电科技,2025-10-15 11:24:31,40.53,11500,40.54,D
sh600584,长电科技,2025-10-15 11:24:34,40.53,8700,40.53,U
sh600584,长电科技,2025-10-15 11:24:46,40.53,6100,40.53,D
sh600584,长电科技,2025-10-15 11:24:49,40.52,8700,40.53,D
sh600584,长电科技,2025-10-15 11:24:55,40.53,5000,40.52,U
sh600584,长电科技,2025-10-15 11:25:07,40.53,26600,40.52,U
sh600584,长电科技,2025-10-15 11:25:18,40.53,18600,40.54,D
sh600584,长电科技,2025-10-15 11:25:25,40.54,7400,40.55,D
sh600584,长电科技,2025-10-15 11:25:30,40.52,8800,40.54,D
sh600584,长电科技,2025-10-15 11:25:37,40.53,6200,40.52,U
sh600584,长电科技,2025-10-15 11:25:43,40.53,6500,40.53,D
sh600584,长电科技,2025-10-15 11:25:46,40.54,13700,40.53,U
sh600584,长电科技,2025-10-15 11:25:49,40.52,10900,40.54,D
sh600584,长电科技,2025-10-15 11:25:52,40.52,6300,40.52,U
sh600584,长电科技,2025-10-15 11:26:07,40.54,8300,40.54,U
sh600584,长电科技,2025-10-15 11:26:10,40.59,26900,40.54,U
sh600584,长电科技,2025-10-15 11:26:22,40.59,5500,40.6,D
sh600584,长电科技,2025-10-15 11:27:01,40.63,7500,40.65,D
sh600584,长电科技,2025-10-15 11:27:22,40.66,6100,40.69,D
sh600584,长电科技,2025-10-15 11:27:46,40.69,8500,40.69,U
sh600584,长电科技,2025-10-15 11:27:52,40.7,11300,40.69,U
sh600584,长电科技,2025-10-15 11:27:55,40.68,11000,40.7,D
sh600584,长电科技,2025-10-15 11:28:07,40.7,6700,40.69,U
sh600584,长电科技,2025-10-15 11:28:16,40.75,21700,40.71,U
sh600584,长电科技,2025-10-15 11:28:28,40.7,71500,40.75,D
sh600584,长电科技,2025-10-15 11:28:30,40.72,9000,40.7,U
sh600584,长电科技,2025-10-15 11:28:40,40.72,6000,40.72,U
sh600584,长电科技,2025-10-15 11:28:43,40.72,10300,40.72,U
sh600584,长电科技,2025-10-15 11:28:46,40.72,5600,40.72,D
sh600584,长电科技,2025-10-15 11:28:49,40.7,28300,40.72,D
sh600584,长电科技,2025-10-15 11:28:52,40.72,7000,40.7,U
sh600584,长电科技,2025-10-15 11:29:04,40.68,15100,40.72,D
sh600584,长电科技,2025-10-15 11:29:10,40.69,5400,40.68,U
sh600584,长电科技,2025-10-15 11:29:46,40.62,15800,40.66,D
sh600584,长电科技,2025-10-15 13:00:00,40.65,5400,40.65,U
sh600584,长电科技,2025-10-15 13:00:03,40.65,67800,40.65,D
sh600584,长电科技,2025-10-15 13:00:07,40.65,63100,40.65,D
sh600584,长电科技,2025-10-15 13:00:10,40.65,41600,40.65,U
sh600584,长电科技,2025-10-15 13:00:19,40.64,9000,40.62,U
sh600584,长电科技,2025-10-15 13:00:22,40.64,17000,40.64,U
sh600584,长电科技,2025-10-15 13:00:28,40.61,12500,40.62,D
sh600584,长电科技,2025-10-15 13:00:31,40.61,5100,40.61,U
sh600584,长电科技,2025-10-15 13:00:37,40.64,8800,40.62,U
sh600584,长电科技,2025-10-15 13:00:40,40.65,32400,40.64,U
sh600584,长电科技,2025-10-15 13:00:46,40.69,19000,40.67,U
sh600584,长电科技,2025-10-15 13:00:52,40.68,11000,40.69,D
sh600584,长电科技,2025-10-15 13:01:01,40.69,17800,40.68,U
sh600584,长电科技,2025-10-15 13:01:04,40.71,6700,40.69,U
sh600584,长电科技,2025-10-15 13:01:07,40.75,12200,40.71,U
sh600584,长电科技,2025-10-15 13:01:22,40.77,6200,40.77,U
sh600584,长电科技,2025-10-15 13:01:37,40.79,11000,40.78,U
sh600584,长电科技,2025-10-15 13:01:43,40.8,6000,40.8,U
sh600584,长电科技,2025-10-15 13:01:46,40.8,6800,40.8,U
sh600584,长电科技,2025-10-15 13:01:49,40.79,5000,40.8,D
sh600584,长电科技,2025-10-15 13:01:55,40.81,5500,40.81,U
sh600584,长电科技,2025-10-15 13:02:01,40.81,8400,40.81,U
sh600584,长电科技,2025-10-15 13:02:10,40.83,8400,40.83,D
sh600584,长电科技,2025-10-15 13:02:13,40.85,8200,40.83,U
sh600584,长电科技,2025-10-15 13:02:16,40.83,10900,40.85,D
sh600584,长电科技,2025-10-15 13:02:19,40.79,64600,40.83,D
sh600584,长电科技,2025-10-15 13:02:22,40.78,8500,40.79,D
sh600584,长电科技,2025-10-15 13:02:25,40.8,5400,40.78,U
sh600584,长电科技,2025-10-15 13:02:31,40.8,10100,40.77,U
sh600584,长电科技,2025-10-15 13:02:37,40.8,5000,40.78,U
sh600584,长电科技,2025-10-15 13:02:43,40.78,8000,40.78,D
sh600584,长电科技,2025-10-15 13:02:46,40.79,17800,40.78,U
sh600584,长电科技,2025-10-15 13:02:55,40.79,5200,40.79,D
sh600584,长电科技,2025-10-15 13:03:04,40.82,42200,40.79,U
sh600584,长电科技,2025-10-15 13:03:07,40.84,23300,40.82,U
sh600584,长电科技,2025-10-15 13:03:09,40.86,14900,40.84,U
sh600584,长电科技,2025-10-15 13:03:13,40.85,6500,40.86,D
sh600584,长电科技,2025-10-15 13:03:16,40.86,6900,40.85,E
sh600584,长电科技,2025-10-15 13:03:19,40.87,6200,40.86,U
sh600584,长电科技,2025-10-15 13:03:25,40.88,7500,40.87,U
sh600584,长电科技,2025-10-15 13:03:27,40.88,5600,40.88,U
sh600584,长电科技,2025-10-15 13:03:31,40.89,8500,40.88,U
sh600584,长电科技,2025-10-15 13:03:34,40.89,13300,40.89,U
sh600584,长电科技,2025-10-15 13:03:37,40.9,29400,40.89,U
sh600584,长电科技,2025-10-15 13:03:40,40.9,4900,40.9,U
sh600584,长电科技,2025-10-15 13:03:52,40.92,29000,40.91,U
sh600584,长电科技,2025-10-15 13:03:58,40.92,5700,40.93,D
sh600584,长电科技,2025-10-15 13:04:01,40.9,46800,40.92,D
sh600584,长电科技,2025-10-15 13:04:04,40.92,44800,40.9,U
sh600584,长电科技,2025-10-15 13:04:07,40.92,7900,40.92,U
sh600584,长电科技,2025-10-15 13:04:10,40.92,24500,40.92,U
sh600584,长电科技,2025-10-15 13:04:12,40.92,16300,40.92,D
sh600584,长电科技,2025-10-15 13:04:25,40.92,4900,40.91,U
sh600584,长电科技,2025-10-15 13:04:31,40.9,8700,40.92,D
sh600584,长电科技,2025-10-15 13:04:34,40.9,17800,40.9,D
sh600584,长电科技,2025-10-15 13:04:37,40.9,22700,40.9,U
sh600584,长电科技,2025-10-15 13:04:40,40.91,5300,40.9,U
sh600584,长电科技,2025-10-15 13:04:43,40.92,7400,40.91,U
sh600584,长电科技,2025-10-15 13:04:46,40.93,13800,40.92,U
sh600584,长电科技,2025-10-15 13:04:52,40.93,6300,40.93,U
sh600584,长电科技,2025-10-15 13:05:01,40.95,4900,40.94,U
sh600584,长电科技,2025-10-15 13:05:04,40.95,5100,40.95,U
sh600584,长电科技,2025-10-15 13:05:07,40.95,14400,40.95,U
sh600584,长电科技,2025-10-15 13:05:10,40.96,35000,40.95,U
sh600584,长电科技,2025-10-15 13:05:15,40.95,5300,40.96,D
sh600584,长电科技,2025-10-15 13:05:19,40.95,5800,40.95,D
sh600584,长电科技,2025-10-15 13:05:25,40.93,11100,40.93,D
sh600584,长电科技,2025-10-15 13:05:40,40.94,4900,40.94,U
sh600584,长电科技,2025-10-15 13:05:43,40.94,7000,40.94,U
sh600584,长电科技,2025-10-15 13:05:46,40.94,6200,40.94,U
sh600584,长电科技,2025-10-15 13:05:55,40.95,10300,40.94,U
sh600584,长电科技,2025-10-15 13:06:01,40.94,8300,40.94,U
sh600584,长电科技,2025-10-15 13:06:04,40.94,9100,40.94,U
sh600584,长电科技,2025-10-15 13:06:13,40.91,53900,40.94,D
sh600584,长电科技,2025-10-15 13:06:16,40.9,5500,40.91,D
sh600584,长电科技,2025-10-15 13:06:25,40.88,10300,40.89,D
sh600584,长电科技,2025-10-15 13:06:31,40.87,11800,40.88,D
sh600584,长电科技,2025-10-15 13:06:37,40.86,6600,40.86,E
sh600584,长电科技,2025-10-15 13:06:46,40.85,6500,40.85,E
sh600584,长电科技,2025-10-15 13:06:49,40.85,7100,40.85,U
sh600584,长电科技,2025-10-15 13:06:52,40.87,13400,40.85,U
sh600584,长电科技,2025-10-15 13:06:58,40.86,5300,40.86,D
sh600584,长电科技,2025-10-15 13:07:04,40.87,13400,40.85,U
sh600584,长电科技,2025-10-15 13:07:10,40.87,6200,40.87,D
sh600584,长电科技,2025-10-15 13:07:25,40.88,6629,40.88,D
sh600584,长电科技,2025-10-15 13:07:31,40.87,6700,40.88,D
sh600584,长电科技,2025-10-15 13:07:33,40.9,8600,40.87,U
sh600584,长电科技,2025-10-15 13:07:43,40.91,12200,40.9,U
sh600584,长电科技,2025-10-15 13:07:49,40.93,6200,40.91,U
sh600584,长电科技,2025-10-15 13:08:01,40.94,13100,40.93,U
sh600584,长电科技,2025-10-15 13:08:04,40.95,5600,40.94,U
sh600584,长电科技,2025-10-15 13:08:07,40.96,13488,40.95,U
sh600584,长电科技,2025-10-15 13:08:10,40.96,7300,40.96,U
sh600584,长电科技,2025-10-15 13:08:19,40.97,6000,40.96,U
sh600584,长电科技,2025-10-15 13:08:22,40.96,12900,40.97,D
sh600584,长电科技,2025-10-15 13:08:25,40.95,17700,40.96,D
sh600584,长电科技,2025-10-15 13:08:28,40.95,5900,40.95,U
sh600584,长电科技,2025-10-15 13:08:37,40.95,5229,40.96,D
sh600584,长电科技,2025-10-15 13:08:40,40.97,11600,40.95,U
sh600584,长电科技,2025-10-15 13:08:43,40.96,9900,40.97,D
sh600584,长电科技,2025-10-15 13:08:52,40.98,22000,40.97,U
sh600584,长电科技,2025-10-15 13:08:58,40.98,12000,40.98,D
sh600584,长电科技,2025-10-15 13:09:01,40.98,47529,40.98,U
sh600584,长电科技,2025-10-15 13:09:04,40.98,8600,40.98,U
sh600584,长电科技,2025-10-15 13:09:07,40.96,20100,40.98,E
sh600584,长电科技,2025-10-15 13:09:10,40.92,37000,40.96,D
sh600584,长电科技,2025-10-15 13:09:16,40.9,46100,40.91,D
sh600584,长电科技,2025-10-15 13:09:19,40.85,8971,40.9,D
sh600584,长电科技,2025-10-15 13:09:40,40.86,9800,40.88,D
sh600584,长电科技,2025-10-15 13:09:46,40.86,13200,40.87,E
sh600584,长电科技,2025-10-15 13:09:49,40.86,6771,40.86,D
sh600584,长电科技,2025-10-15 13:10:13,40.85,5100,40.83,U
sh600584,长电科技,2025-10-15 13:10:19,40.85,5300,40.84,E
sh600584,长电科技,2025-10-15 13:10:22,40.83,7400,40.85,D
sh600584,长电科技,2025-10-15 13:10:25,40.82,8300,40.83,D
sh600584,长电科技,2025-10-15 13:10:37,40.81,5000,40.8,U
sh600584,长电科技,2025-10-15 13:10:39,40.81,5600,40.81,U
sh600584,长电科技,2025-10-15 13:11:07,40.8,6500,40.81,D
sh600584,长电科技,2025-10-15 13:11:25,40.8,9100,40.81,D
sh600584,长电科技,2025-10-15 13:11:31,40.79,12000,40.81,D
sh600584,长电科技,2025-10-15 13:11:34,40.79,5000,40.79,D
sh600584,长电科技,2025-10-15 13:11:40,40.78,13300,40.79,D
sh600584,长电科技,2025-10-15 13:11:43,40.75,8900,40.78,D
sh600584,长电科技,2025-10-15 13:11:55,40.79,52700,40.8,D
sh600584,长电科技,2025-10-15 13:11:58,40.79,5400,40.79,U
sh600584,长电科技,2025-10-15 13:12:19,40.77,7200,40.77,U
sh600584,长电科技,2025-10-15 13:12:25,40.76,11300,40.77,D
sh600584,长电科技,2025-10-15 13:12:37,40.78,5100,40.77,U
sh600584,长电科技,2025-10-15 13:12:40,40.78,8000,40.78,U
sh600584,长电科技,2025-10-15 13:12:49,40.79,8700,40.78,E
sh600584,长电科技,2025-10-15 13:13:01,40.79,10700,40.79,D
sh600584,长电科技,2025-10-15 13:13:15,40.78,27800,40.78,D
sh600584,长电科技,2025-10-15 13:13:28,40.82,24100,40.8,U
sh600584,长电科技,2025-10-15 13:13:58,40.82,5100,40.84,D
sh600584,长电科技,2025-10-15 13:14:13,40.84,9600,40.84,U
sh600584,长电科技,2025-10-15 13:14:16,40.84,7400,40.84,U
sh600584,长电科技,2025-10-15 13:14:25,40.84,5700,40.84,U
sh600584,长电科技,2025-10-15 13:14:28,40.84,7000,40.84,U
sh600584,长电科技,2025-10-15 13:14:37,40.83,7800,40.84,U
sh600584,长电科技,2025-10-15 13:14:40,40.84,9000,40.83,U
sh600584,长电科技,2025-10-15 13:14:49,40.84,20200,40.85,D
sh600584,长电科技,2025-10-15 13:14:52,40.85,10700,40.84,U
sh600584,长电科技,2025-10-15 13:14:58,40.85,12100,40.86,E
sh600584,长电科技,2025-10-15 13:15:01,40.89,29200,40.85,U
sh600584,长电科技,2025-10-15 13:15:04,40.88,9600,40.89,D
sh600584,长电科技,2025-10-15 13:15:16,40.89,10300,40.89,U
sh600584,长电科技,2025-10-15 13:15:19,40.89,5700,40.89,D
sh600584,长电科技,2025-10-15 13:15:22,40.9,8800,40.89,U
sh600584,长电科技,2025-10-15 13:15:25,40.9,8200,40.9,U
sh600584,长电科技,2025-10-15 13:15:28,40.9,7400,40.9,D
sh600584,长电科技,2025-10-15 13:15:40,40.93,11200,40.93,U
sh600584,长电科技,2025-10-15 13:15:43,40.94,10600,40.93,U
sh600584,长电科技,2025-10-15 13:15:46,40.94,5500,40.94,U
sh600584,长电科技,2025-10-15 13:15:52,40.96,10300,40.95,U
sh600584,长电科技,2025-10-15 13:15:55,40.96,13400,40.96,D
sh600584,长电科技,2025-10-15 13:15:58,40.95,17800,40.96,D
sh600584,长电科技,2025-10-15 13:16:01,40.94,19900,40.95,D
sh600584,长电科技,2025-10-15 13:16:04,40.94,7600,40.94,U
sh600584,长电科技,2025-10-15 13:16:10,40.94,7900,40.94,D
sh600584,长电科技,2025-10-15 13:16:13,40.94,7300,40.94,U
sh600584,长电科技,2025-10-15 13:16:25,40.95,5900,40.95,D
sh600584,长电科技,2025-10-15 13:16:28,40.96,28300,40.95,U
sh600584,长电科技,2025-10-15 13:16:34,40.95,5500,40.95,D
sh600584,长电科技,2025-10-15 13:16:40,40.95,9300,40.95,D
sh600584,长电科技,2025-10-15 13:16:49,40.92,35000,40.95,D
sh600584,长电科技,2025-10-15 13:16:52,40.95,11700,40.92,U
sh600584,长电科技,2025-10-15 13:17:01,40.93,11800,40.93,U
sh600584,长电科技,2025-10-15 13:17:13,40.93,6800,40.93,U
sh600584,长电科技,2025-10-15 13:17:19,40.93,9000,40.93,D
sh600584,长电科技,2025-10-15 13:17:37,40.93,6500,40.93,U
sh600584,长电科技,2025-10-15 13:17:43,40.93,12300,40.93,D
sh600584,长电科技,2025-10-15 13:17:46,40.93,13200,40.93,D
sh600584,长电科技,2025-10-15 13:17:52,40.94,8600,40.94,U
sh600584,长电科技,2025-10-15 13:18:01,40.93,20800,40.93,D
sh600584,长电科技,2025-10-15 13:18:04,40.93,5600,40.93,D
sh600584,长电科技,2025-10-15 13:18:10,40.93,5200,40.94,D
sh600584,长电科技,2025-10-15 13:18:25,40.94,5400,40.94,U
sh600584,长电科技,2025-10-15 13:18:28,40.93,6200,40.94,D
sh600584,长电科技,2025-10-15 13:18:31,40.91,14100,40.93,D
sh600584,长电科技,2025-10-15 13:18:43,40.91,6700,40.91,D
sh600584,长电科技,2025-10-15 13:18:46,40.91,5600,40.91,D
sh600584,长电科技,2025-10-15 13:18:49,40.9,6300,40.91,D
sh600584,长电科技,2025-10-15 13:19:01,40.91,20100,40.91,U
sh600584,长电科技,2025-10-15 13:19:04,40.91,11900,40.91,D
sh600584,长电科技,2025-10-15 13:19:10,40.92,11600,40.92,U
sh600584,长电科技,2025-10-15 13:19:13,40.92,106700,40.92,U
sh600584,长电科技,2025-10-15 13:19:16,40.92,11000,40.92,D
sh600584,长电科技,2025-10-15 13:19:25,40.93,5600,40.94,D
sh600584,长电科技,2025-10-15 13:19:28,40.94,6400,40.93,U
sh600584,长电科技,2025-10-15 13:19:37,40.94,11500,40.94,D
sh600584,长电科技,2025-10-15 13:19:43,40.94,8100,40.95,D
sh600584,长电科技,2025-10-15 13:19:49,40.95,10200,40.95,U
sh600584,长电科技,2025-10-15 13:19:58,40.96,9100,40.95,U
sh600584,长电科技,2025-10-15 13:20:01,40.96,6200,40.96,U
sh600584,长电科技,2025-10-15 13:20:04,40.96,39800,40.96,U
sh600584,长电科技,2025-10-15 13:20:07,40.95,26700,40.96,D
sh600584,长电科技,2025-10-15 13:20:13,40.98,12200,40.98,U
sh600584,长电科技,2025-10-15 13:20:16,40.99,8500,40.98,U
sh600584,长电科技,2025-10-15 13:20:19,40.99,5600,40.99,U
sh600584,长电科技,2025-10-15 13:20:22,40.99,7100,40.99,U
sh600584,长电科技,2025-10-15 13:20:25,40.99,14200,40.99,U
sh600584,长电科技,2025-10-15 13:20:28,40.99,10900,40.99,U
sh600584,长电科技,2025-10-15 13:20:31,40.99,13600,40.99,U
sh600584,长电科技,2025-10-15 13:20:34,41.01,206016,40.99,U
sh600584,长电科技,2025-10-15 13:20:37,41.01,10000,41.01,D
sh600584,长电科技,2025-10-15 13:20:40,41.01,5300,41.01,D
sh600584,长电科技,2025-10-15 13:20:46,41.03,11200,41.03,U
sh600584,长电科技,2025-10-15 13:20:49,41.03,25000,41.03,D
sh600584,长电科技,2025-10-15 13:20:52,41.04,12000,41.03,U
sh600584,长电科技,2025-10-15 13:20:55,41.02,12300,41.04,D
sh600584,长电科技,2025-10-15 13:20:58,41.02,9200,41.02,U
sh600584,长电科技,2025-10-15 13:21:01,41.04,39000,41.02,U
sh600584,长电科技,2025-10-15 13:21:04,41.05,6500,41.04,U
sh600584,长电科技,2025-10-15 13:21:07,41.04,8100,41.05,U
sh600584,长电科技,2025-10-15 13:21:10,41.04,7800,41.04,U
sh600584,长电科技,2025-10-15 13:21:19,41.05,9000,41.05,U
sh600584,长电科技,2025-10-15 13:21:22,41.05,15800,41.05,U
sh600584,长电科技,2025-10-15 13:21:25,41.05,20100,41.05,U
sh600584,长电科技,2025-10-15 13:21:28,41.06,11600,41.05,U
sh600584,长电科技,2025-10-15 13:21:31,41.07,15900,41.06,U
sh600584,长电科技,2025-10-15 13:21:34,41.06,8400,41.07,D
sh600584,长电科技,2025-10-15 13:21:37,41.07,9800,41.06,U
sh600584,长电科技,2025-10-15 13:21:40,41.08,9800,41.07,U
sh600584,长电科技,2025-10-15 13:21:43,41.07,21300,41.08,D
sh600584,长电科技,2025-10-15 13:21:46,41.08,6200,41.07,U
sh600584,长电科技,2025-10-15 13:21:49,41.08,17300,41.08,D
sh600584,长电科技,2025-10-15 13:21:52,41.09,10200,41.08,U
sh600584,长电科技,2025-10-15 13:21:55,41.08,33500,41.09,D
sh600584,长电科技,2025-10-15 13:21:58,41.09,13600,41.08,D
sh600584,长电科技,2025-10-15 13:22:01,41.1,45100,41.09,U
sh600584,长电科技,2025-10-15 13:22:04,41.1,9300,41.1,U
sh600584,长电科技,2025-10-15 13:22:07,41.11,9400,41.1,U
sh600584,长电科技,2025-10-15 13:22:10,41.12,14800,41.11,U
sh600584,长电科技,2025-10-15 13:22:13,41.13,10500,41.12,U
sh600584,长电科技,2025-10-15 13:22:16,41.14,14400,41.13,U
sh600584,长电科技,2025-10-15 13:22:19,41.12,6600,41.14,D
sh600584,长电科技,2025-10-15 13:22:22,41.12,57000,41.12,D
sh600584,长电科技,2025-10-15 13:22:25,41.12,31149,41.12,U
sh600584,长电科技,2025-10-15 13:22:28,41.12,84400,41.12,U
sh600584,长电科技,2025-10-15 13:22:31,41.12,32000,41.12,U
sh600584,长电科技,2025-10-15 13:22:34,41.13,34300,41.12,U
sh600584,长电科技,2025-10-15 13:22:37,41.12,11800,41.13,D
sh600584,长电科技,2025-10-15 13:22:40,41.13,19400,41.12,U
sh600584,长电科技,2025-10-15 13:22:43,41.13,17200,41.13,U
sh600584,长电科技,2025-10-15 13:22:46,41.13,7800,41.13,D
sh600584,长电科技,2025-10-15 13:22:49,41.13,5200,41.13,D
sh600584,长电科技,2025-10-15 13:22:52,41.13,38700,41.13,D
sh600584,长电科技,2025-10-15 13:22:55,41.12,11700,41.13,D
sh600584,长电科技,2025-10-15 13:22:58,41.13,11000,41.12,U
sh600584,长电科技,2025-10-15 13:23:01,41.14,8100,41.13,U
sh600584,长电科技,2025-10-15 13:23:04,41.13,35200,41.14,D
sh600584,长电科技,2025-10-15 13:23:07,41.13,7700,41.13,U
sh600584,长电科技,2025-10-15 13:23:10,41.14,17700,41.13,U
sh600584,长电科技,2025-10-15 13:23:13,41.12,5600,41.14,D
sh600584,长电科技,2025-10-15 13:23:16,41.13,10500,41.12,U
sh600584,长电科技,2025-10-15 13:23:19,41.12,10700,41.13,D
sh600584,长电科技,2025-10-15 13:23:22,41.13,6800,41.12,U
sh600584,长电科技,2025-10-15 13:23:25,41.11,31300,41.13,D
sh600584,长电科技,2025-10-15 13:23:28,41.07,12500,41.11,D
sh600584,长电科技,2025-10-15 13:23:37,41.08,9500,41.08,U
sh600584,长电科技,2025-10-15 13:23:40,41.1,7700,41.08,U
