symbol,name,ticktime,price,volume,prev_price,kind
sh600584,长电科技,2025-10-14 09:25:00,44.3,594800,0.0,D
sh600584,长电科技,2025-10-14 09:30:01,44.3,90500,44.3,D
sh600584,长电科技,2025-10-14 09:30:04,44.35,174600,44.3,U
sh600584,长电科技,2025-10-14 09:30:07,44.36,208800,44.35,U
sh600584,长电科技,2025-10-14 09:30:10,44.33,215000,44.36,E
sh600584,长电科技,2025-10-14 09:30:13,44.36,98698,44.33,E
sh600584,长电科技,2025-10-14 09:30:16,44.31,190200,44.36,D
sh600584,长电科技,2025-10-14 09:30:19,44.43,136800,44.31,U
sh600584,长电科技,2025-10-14 09:30:22,44.38,139800,44.43,D
sh600584,长电科技,2025-10-14 09:30:25,44.35,303200,44.38,D
sh600584,长电科技,2025-10-14 09:30:28,44.4,179000,44.35,U
sh600584,长电科技,2025-10-14 09:30:31,44.35,145800,44.4,D
sh600584,长电科技,2025-10-14 09:30:34,44.36,211700,44.35,U
sh600584,长电科技,2025-10-14 09:30:37,44.32,124000,44.36,D
sh600584,长电科技,2025-10-14 09:30:40,44.36,207200,44.32,U
sh600584,长电科技,2025-10-14 09:30:43,44.33,411700,44.36,D
sh600584,长电科技,2025-10-14 09:30:46,44.29,185002,44.33,D
sh600584,长电科技,2025-10-14 09:30:49,44.26,187800,44.29,D
sh600584,长电科技,2025-10-14 09:30:52,44.2,169700,44.26,D
sh600584,长电科技,2025-10-14 09:30:55,44.19,124100,44.2,D
sh600584,长电科技,2025-10-14 09:30:58,44.17,60700,44.19,D
sh600584,长电科技,2025-10-14 09:31:01,44.14,85600,44.17,D
sh600584,长电科技,2025-10-14 09:31:04,44.13,143600,44.14,D
sh600584,长电科技,2025-10-14 09:31:07,44.07,168200,44.13,D
sh600584,长电科技,2025-10-14 09:31:10,44.06,73000,44.07,D
sh600584,长电科技,2025-10-14 09:31:13,44.04,74400,44.06,U
sh600584,长电科技,2025-10-14 09:31:16,44.0,72900,44.04,D
sh600584,长电科技,2025-10-14 09:31:19,44.0,120500,44.0,D
sh600584,长电科技,2025-10-14 09:31:22,43.99,154200,44.0,D
sh600584,长电科技,2025-10-14 09:31:25,43.98,46800,43.99,D
sh600584,长电科技,2025-10-14 09:31:28,43.95,32400,43.98,D
sh600584,长电科技,2025-10-14 09:31:31,43.89,40800,43.95,D
sh600584,长电科技,2025-10-14 09:31:34,43.88,124200,43.89,D
sh600584,长电科技,2025-10-14 09:31:37,43.85,164800,43.88,D
sh600584,长电科技,2025-10-14 09:31:40,43.85,76600,43.85,U
sh600584,长电科技,2025-10-14 09:31:43,43.88,356500,43.85,U
sh600584,长电科技,2025-10-14 09:31:46,43.85,149300,43.88,D
sh600584,长电科技,2025-10-14 09:31:49,43.82,52900,43.85,D
sh600584,长电科技,2025-10-14 09:31:52,43.77,77300,43.82,D
sh600584,长电科技,2025-10-14 09:31:55,43.77,68400,43.77,D
sh600584,长电科技,2025-10-14 09:31:58,43.76,40400,43.77,D
sh600584,长电科技,2025-10-14 09:32:01,43.74,37700,43.76,D
sh600584,长电科技,2025-10-14 09:32:04,43.73,66500,43.74,D
sh600584,长电科技,2025-10-14 09:32:07,43.73,47900,43.73,D
sh600584,长电科技,2025-10-14 09:32:10,43.71,41400,43.73,D
sh600584,长电科技,2025-10-14 09:32:13,43.7,71300,43.71,D
sh600584,长电科技,2025-10-14 09:32:16,43.67,43000,43.7,D
sh600584,长电科技,2025-10-14 09:32:19,43.67,66200,43.67,D
sh600584,长电科技,2025-10-14 09:32:22,43.66,90600,43.67,D
sh600584,长电科技,2025-10-14 09:32:25,43.65,156100,43.66,D
sh600584,长电科技,2025-10-14 09:32:28,43.65,45200,43.65,U
sh600584,长电科技,2025-10-14 09:32:31,43.61,132400,43.65,D
sh600584,长电科技,2025-10-14 09:32:34,43.61,60400,43.61,D
sh600584,长电科技,2025-10-14 09:32:37,43.6,59300,43.61,D
sh600584,长电科技,2025-10-14 09:32:40,43.59,104300,43.6,D
sh600584,长电科技,2025-10-14 09:32:43,43.58,71700,43.59,D
sh600584,长电科技,2025-10-14 09:32:46,43.56,60500,43.58,D
sh600584,长电科技,2025-10-14 09:32:49,43.56,50600,43.56,U
sh600584,长电科技,2025-10-14 09:32:52,43.56,65100,43.56,D
sh600584,长电科技,2025-10-14 09:32:55,43.53,43100,43.56,D
sh600584,长电科技,2025-10-14 09:32:58,43.51,99000,43.53,D
sh600584,长电科技,2025-10-14 09:33:01,43.5,207600,43.51,D
sh600584,长电科技,2025-10-14 09:33:04,43.44,44700,43.5,D
sh600584,长电科技,2025-10-14 09:33:07,43.48,91500,43.44,E
sh600584,长电科技,2025-10-14 09:33:10,43.44,110900,43.48,E
sh600584,长电科技,2025-10-14 09:33:13,43.48,134900,43.44,U
sh600584,长电科技,2025-10-14 09:33:16,43.49,44000,43.48,E
sh600584,长电科技,2025-10-14 09:33:19,43.58,57100,43.49,U
sh600584,长电科技,2025-10-14 09:33:22,43.5,85646,43.58,D
sh600584,长电科技,2025-10-14 09:33:25,43.6,45000,43.5,D
sh600584,长电科技,2025-10-14 09:33:28,43.63,34300,43.6,U
sh600584,长电科技,2025-10-14 09:33:31,43.65,35900,43.63,E
sh600584,长电科技,2025-10-14 09:33:34,43.67,61800,43.65,U
sh600584,长电科技,2025-10-14 09:33:37,43.71,37800,43.67,U
sh600584,长电科技,2025-10-14 09:33:40,43.71,21500,43.71,D
sh600584,长电科技,2025-10-14 09:33:43,43.73,42800,43.71,U
sh600584,长电科技,2025-10-14 09:33:46,43.76,43200,43.73,U
sh600584,长电科技,2025-10-14 09:33:49,43.74,53100,43.76,D
sh600584,长电科技,2025-10-14 09:33:52,43.76,96800,43.74,D
sh600584,长电科技,2025-10-14 09:33:55,43.75,154800,43.76,D
sh600584,长电科技,2025-10-14 09:33:58,43.74,136500,43.75,D
sh600584,长电科技,2025-10-14 09:34:01,43.71,167700,43.74,D
sh600584,长电科技,2025-10-14 09:34:04,43.7,269800,43.71,D
sh600584,长电科技,2025-10-14 09:34:07,43.68,30300,43.7,D
sh600584,长电科技,2025-10-14 09:34:10,43.6,56600,43.68,D
sh600584,长电科技,2025-10-14 09:34:13,43.55,129100,43.6,D
sh600584,长电科技,2025-10-14 09:34:16,43.55,17400,43.55,D
sh600584,长电科技,2025-10-14 09:34:19,43.53,46100,43.55,D
sh600584,长电科技,2025-10-14 09:34:22,43.51,110300,43.53,D
sh600584,长电科技,2025-10-14 09:34:25,43.48,109400,43.51,D
sh600584,长电科技,2025-10-14 09:34:28,43.44,82800,43.48,D
sh600584,长电科技,2025-10-14 09:34:31,43.41,47600,43.44,D
sh600584,长电科技,2025-10-14 09:34:34,43.39,136500,43.41,D
sh600584,长电科技,2025-10-14 09:34:37,43.3,91800,43.39,D
sh600584,长电科技,2025-10-14 09:34:40,43.31,65400,43.3,U
sh600584,长电科技,2025-10-14 09:34:43,43.42,258616,43.31,U
sh600584,长电科技,2025-10-14 09:34:46,43.54,274600,43.42,U
sh600584,长电科技,2025-10-14 09:34:49,43.54,72700,43.54,D
sh600584,长电科技,2025-10-14 09:34:52,43.5,24700,43.54,D
sh600584,长电科技,2025-10-14 09:34:55,43.48,92300,43.5,E
sh600584,长电科技,2025-10-14 09:34:58,43.5,104100,43.48,U
sh600584,长电科技,2025-10-14 09:35:01,43.52,65900,43.5,U
sh600584,长电科技,2025-10-14 09:35:04,43.52,66700,43.52,E
sh600584,长电科技,2025-10-14 09:35:07,43.56,32900,43.52,E
sh600584,长电科技,2025-10-14 09:35:10,43.59,45700,43.56,U
sh600584,长电科技,2025-10-14 09:35:13,43.59,19700,43.59,D
sh600584,长电科技,2025-10-14 09:35:16,43.68,40700,43.59,U
sh600584,长电科技,2025-10-14 09:35:19,43.69,38600,43.68,U
sh600584,长电科技,2025-10-14 09:35:22,43.68,33400,43.69,E
sh600584,长电科技,2025-10-14 09:35:25,43.67,52100,43.68,E
sh600584,长电科技,2025-10-14 09:35:28,43.68,116900,43.67,U
sh600584,长电科技,2025-10-14 09:35:31,43.71,53700,43.68,U
sh600584,长电科技,2025-10-14 09:35:34,43.75,71200,43.71,U
sh600584,长电科技,2025-10-14 09:35:37,43.8,82500,43.75,U
sh600584,长电科技,2025-10-14 09:35:40,43.79,68800,43.8,D
sh600584,长电科技,2025-10-14 09:35:43,43.74,95400,43.79,D
sh600584,长电科技,2025-10-14 09:35:46,43.79,37500,43.74,U
sh600584,长电科技,2025-10-14 09:35:49,43.8,49100,43.79,U
sh600584,长电科技,2025-10-14 09:35:52,43.81,48800,43.8,U
sh600584,长电科技,2025-10-14 09:35:55,43.79,66500,43.81,D
sh600584,长电科技,2025-10-14 09:35:58,43.78,136200,43.79,D
sh600584,长电科技,2025-10-14 09:36:01,43.8,22600,43.78,D
sh600584,长电科技,2025-10-14 09:36:04,43.78,46400,43.8,D
sh600584,长电科技,2025-10-14 09:36:07,43.8,40500,43.78,U
sh600584,长电科技,2025-10-14 09:36:10,43.8,69800,43.8,U
sh600584,长电科技,2025-10-14 09:36:13,43.81,50900,43.8,E
sh600584,长电科技,2025-10-14 09:36:16,43.81,50900,43.81,U
sh600584,长电科技,2025-10-14 09:36:19,43.81,156200,43.81,D
sh600584,长电科技,2025-10-14 09:36:22,43.8,63200,43.81,D
sh600584,长电科技,2025-10-14 09:36:25,43.8,28600,43.8,D
sh600584,长电科技,2025-10-14 09:36:28,43.89,229300,43.8,U
sh600584,长电科技,2025-10-14 09:36:31,43.89,136000,43.89,U
sh600584,长电科技,2025-10-14 09:36:34,43.91,90000,43.89,U
sh600584,长电科技,2025-10-14 09:36:37,43.92,25100,43.91,U
sh600584,长电科技,2025-10-14 09:36:40,43.94,37100,43.92,U
sh600584,长电科技,2025-10-14 09:36:43,43.92,87100,43.94,D
sh600584,长电科技,2025-10-14 09:36:46,43.9,58700,43.92,D
sh600584,长电科技,2025-10-14 09:36:49,43.88,44700,43.9,E
sh600584,长电科技,2025-10-14 09:36:52,43.86,32900,43.88,D
sh600584,长电科技,2025-10-14 09:36:55,43.79,156200,43.86,D
sh600584,长电科技,2025-10-14 09:36:58,43.78,148500,43.79,D
sh600584,长电科技,2025-10-14 09:37:01,43.73,29100,43.78,D
sh600584,长电科技,2025-10-14 09:37:04,43.78,128800,43.73,U
sh600584,长电科技,2025-10-14 09:37:07,43.73,86400,43.78,E
sh600584,长电科技,2025-10-14 09:37:10,43.7,26000,43.73,D
sh600584,长电科技,2025-10-14 09:37:13,43.73,53900,43.7,U
sh600584,长电科技,2025-10-14 09:37:16,43.73,35100,43.73,U
sh600584,长电科技,2025-10-14 09:37:19,43.73,32500,43.73,D
sh600584,长电科技,2025-10-14 09:37:22,43.73,31300,43.73,D
sh600584,长电科技,2025-10-14 09:37:25,43.73,25500,43.73,D
sh600584,长电科技,2025-10-14 09:37:28,43.73,26700,43.73,D
sh600584,长电科技,2025-10-14 09:37:31,43.71,27500,43.73,D
sh600584,长电科技,2025-10-14 09:37:34,43.71,20300,43.71,D
sh600584,长电科技,2025-10-14 09:37:37,43.71,19200,43.71,U
sh600584,长电科技,2025-10-14 09:37:40,43.73,106400,43.71,U
sh600584,长电科技,2025-10-14 09:37:43,43.78,64100,43.73,U
sh600584,长电科技,2025-10-14 09:37:46,43.76,23300,43.78,U
sh600584,长电科技,2025-10-14 09:37:49,43.78,17000,43.76,U
sh600584,长电科技,2025-10-14 09:37:52,43.77,29200,43.78,D
sh600584,长电科技,2025-10-14 09:37:55,43.77,32200,43.77,D
sh600584,长电科技,2025-10-14 09:37:58,43.76,21800,43.77,D
sh600584,长电科技,2025-10-14 09:38:01,43.79,33600,43.76,U
sh600584,长电科技,2025-10-14 09:38:04,43.78,30800,43.79,D
sh600584,长电科技,2025-10-14 09:38:07,43.78,18300,43.78,U
sh600584,长电科技,2025-10-14 09:38:10,43.79,38400,43.78,U
sh600584,长电科技,2025-10-14 09:38:13,43.78,14600,43.79,D
sh600584,长电科技,2025-10-14 09:38:16,43.78,77600,43.78,D
sh600584,长电科技,2025-10-14 09:38:19,43.8,36400,43.78,U
sh600584,长电科技,2025-10-14 09:38:22,43.84,14400,43.8,U
sh600584,长电科技,2025-10-14 09:38:25,43.84,22900,43.84,U
sh600584,长电科技,2025-10-14 09:38:28,43.84,33400,43.84,D
sh600584,长电科技,2025-10-14 09:38:31,43.85,28500,43.84,E
sh600584,长电科技,2025-10-14 09:38:34,43.89,36600,43.85,U
sh600584,长电科技,2025-10-14 09:38:37,43.86,22400,43.89,D
sh600584,长电科技,2025-10-14 09:38:40,43.89,21000,43.86,U
sh600584,长电科技,2025-10-14 09:38:43,43.87,31200,43.89,D
sh600584,长电科技,2025-10-14 09:38:46,43.89,141300,43.87,U
sh600584,长电科技,2025-10-14 09:38:49,43.9,20500,43.89,U
sh600584,长电科技,2025-10-14 09:38:52,43.9,32700,43.9,U
sh600584,长电科技,2025-10-14 09:38:55,43.87,198100,43.9,D
sh600584,长电科技,2025-10-14 09:38:58,43.87,55300,43.87,U
sh600584,长电科技,2025-10-14 09:39:01,43.89,20100,43.87,U
sh600584,长电科技,2025-10-14 09:39:04,43.82,75300,43.89,D
sh600584,长电科技,2025-10-14 09:39:07,43.75,160400,43.82,D
sh600584,长电科技,2025-10-14 09:39:10,43.78,19800,43.75,U
sh600584,长电科技,2025-10-14 09:39:13,43.8,23900,43.78,U
sh600584,长电科技,2025-10-14 09:39:16,43.75,19700,43.8,D
sh600584,长电科技,2025-10-14 09:39:19,43.75,77300,43.75,D
sh600584,长电科技,2025-10-14 09:39:22,43.73,138400,43.75,D
sh600584,长电科技,2025-10-14 09:39:25,43.71,19600,43.73,E
sh600584,长电科技,2025-10-14 09:39:28,43.7,18200,43.71,D
sh600584,长电科技,2025-10-14 09:39:31,43.7,34100,43.7,U
sh600584,长电科技,2025-10-14 09:39:34,43.7,18000,43.7,U
sh600584,长电科技,2025-10-14 09:39:37,43.68,65800,43.7,U
sh600584,长电科技,2025-10-14 09:39:40,43.65,34100,43.68,D
sh600584,长电科技,2025-10-14 09:39:43,43.65,83100,43.65,U
sh600584,长电科技,2025-10-14 09:39:46,43.61,24300,43.65,D
sh600584,长电科技,2025-10-14 09:39:49,43.6,27500,43.61,D
sh600584,长电科技,2025-10-14 09:39:52,43.59,26700,43.6,D
sh600584,长电科技,2025-10-14 09:39:55,43.56,45500,43.59,D
sh600584,长电科技,2025-10-14 09:39:58,43.55,9700,43.56,D
sh600584,长电科技,2025-10-14 09:40:01,43.55,26100,43.55,D
sh600584,长电科技,2025-10-14 09:40:04,43.5,135900,43.55,D
sh600584,长电科技,2025-10-14 09:40:07,43.49,68900,43.5,D
sh600584,长电科技,2025-10-14 09:40:10,43.49,41000,43.49,D
sh600584,长电科技,2025-10-14 09:40:13,43.47,49300,43.49,D
sh600584,长电科技,2025-10-14 09:40:16,43.46,61900,43.47,D
sh600584,长电科技,2025-10-14 09:40:19,43.46,120500,43.46,U
sh600584,长电科技,2025-10-14 09:40:22,43.44,33800,43.46,D
sh600584,长电科技,2025-10-14 09:40:25,43.44,47900,43.44,U
sh600584,长电科技,2025-10-14 09:40:28,43.4,62400,43.44,D
sh600584,长电科技,2025-10-14 09:40:31,43.41,24400,43.4,U
sh600584,长电科技,2025-10-14 09:40:34,43.42,36811,43.41,E
sh600584,长电科技,2025-10-14 09:40:37,43.41,88100,43.42,D
sh600584,长电科技,2025-10-14 09:40:40,43.42,40500,43.41,U
sh600584,长电科技,2025-10-14 09:40:43,43.42,92100,43.42,D
sh600584,长电科技,2025-10-14 09:40:46,43.41,84300,43.42,D
sh600584,长电科技,2025-10-14 09:40:49,43.42,34300,43.41,U
sh600584,长电科技,2025-10-14 09:40:52,43.42,92200,43.42,U
sh600584,长电科技,2025-10-14 09:40:55,43.41,70500,43.42,E
sh600584,长电科技,2025-10-14 09:40:58,43.42,45000,43.41,U
sh600584,长电科技,2025-10-14 09:41:01,43.42,72900,43.42,U
sh600584,长电科技,2025-10-14 09:41:04,43.41,41300,43.42,D
sh600584,长电科技,2025-10-14 09:41:07,43.42,41900,43.41,E
sh600584,长电科技,2025-10-14 09:41:10,43.42,58200,43.42,D
sh600584,长电科技,2025-10-14 09:41:13,43.42,66700,43.42,D
sh600584,长电科技,2025-10-14 09:41:16,43.42,47900,43.42,U
sh600584,长电科技,2025-10-14 09:41:19,43.43,47100,43.42,D
sh600584,长电科技,2025-10-14 09:41:22,43.42,34900,43.43,D
sh600584,长电科技,2025-10-14 09:41:25,43.43,27800,43.42,U
sh600584,长电科技,2025-10-14 09:41:28,43.42,63200,43.43,D
sh600584,长电科技,2025-10-14 09:41:31,43.43,65800,43.42,U
sh600584,长电科技,2025-10-14 09:41:34,43.42,52400,43.43,D
sh600584,长电科技,2025-10-14 09:41:37,43.43,22200,43.42,U
sh600584,长电科技,2025-10-14 09:41:40,43.43,41800,43.43,D
sh600584,长电科技,2025-10-14 09:41:43,43.43,65000,43.43,U
sh600584,长电科技,2025-10-14 09:41:46,43.42,44700,43.43,D
sh600584,长电科技,2025-10-14 09:41:49,43.43,14900,43.42,D
sh600584,长电科技,2025-10-14 09:41:52,43.43,48500,43.43,D
sh600584,长电科技,2025-10-14 09:41:55,43.43,61000,43.43,U
sh600584,长电科技,2025-10-14 09:41:58,43.43,40400,43.43,U
sh600584,长电科技,2025-10-14 09:42:01,43.42,23300,43.43,D
sh600584,长电科技,2025-10-14 09:42:04,43.41,47900,43.42,D
sh600584,长电科技,2025-10-14 09:42:07,43.42,45300,43.41,U
sh600584,长电科技,2025-10-14 09:42:10,43.42,45300,43.42,D
sh600584,长电科技,2025-10-14 09:42:13,43.42,35800,43.42,D
sh600584,长电科技,2025-10-14 09:42:16,43.41,24300,43.42,D
sh600584,长电科技,2025-10-14 09:42:19,43.4,47400,43.41,D
sh600584,长电科技,2025-10-14 09:42:22,43.41,11900,43.4,U
sh600584,长电科技,2025-10-14 09:42:25,43.41,77600,43.41,U
sh600584,长电科技,2025-10-14 09:42:28,43.4,64200,43.41,D
sh600584,长电科技,2025-10-14 09:42:31,43.4,23300,43.4,D
sh600584,长电科技,2025-10-14 09:42:34,43.41,59700,43.4,U
sh600584,长电科技,2025-10-14 09:42:37,43.41,36300,43.41,D
sh600584,长电科技,2025-10-14 09:42:40,43.4,64700,43.41,D
sh600584,长电科技,2025-10-14 09:42:43,43.39,25300,43.4,D
sh600584,长电科技,2025-10-14 09:42:46,43.4,25600,43.39,U
sh600584,长电科技,2025-10-14 09:42:49,43.39,49189,43.4,D
sh600584,长电科技,2025-10-14 09:42:52,43.39,16400,43.39,D
sh600584,长电科技,2025-10-14 09:42:55,43.38,27800,43.39,D
sh600584,长电科技,2025-10-14 09:42:58,43.38,37700,43.38,D
sh600584,长电科技,2025-10-14 09:43:01,43.38,68200,43.38,D
sh600584,长电科技,2025-10-14 09:43:04,43.38,155500,43.38,U
sh600584,长电科技,2025-10-14 09:43:07,43.42,76511,43.38,U
sh600584,长电科技,2025-10-14 09:43:10,43.46,62500,43.42,U
sh600584,长电科技,2025-10-14 09:43:13,43.52,43800,43.46,U
sh600584,长电科技,2025-10-14 09:43:16,43.53,46900,43.52,U
sh600584,长电科技,2025-10-14 09:43:19,43.61,47400,43.53,U
sh600584,长电科技,2025-10-14 09:43:22,43.67,58200,43.61,U
sh600584,长电科技,2025-10-14 09:43:25,43.68,24900,43.67,U
sh600584,长电科技,2025-10-14 09:43:28,43.74,5400,43.68,U
sh600584,长电科技,2025-10-14 09:43:31,43.73,19000,43.74,D
sh600584,长电科技,2025-10-14 09:43:34,43.74,25300,43.73,U
sh600584,长电科技,2025-10-14 09:43:37,43.72,35900,43.74,D
sh600584,长电科技,2025-10-14 09:43:40,43.72,78800,43.72,U
sh600584,长电科技,2025-10-14 09:43:43,43.72,19500,43.72,U
sh600584,长电科技,2025-10-14 09:43:46,43.7,24400,43.72,E
sh600584,长电科技,2025-10-14 09:43:49,43.66,95500,43.7,D
sh600584,长电科技,2025-10-14 09:43:52,43.75,53100,43.66,U
sh600584,长电科技,2025-10-14 09:43:55,43.72,24100,43.75,D
sh600584,长电科技,2025-10-14 09:43:58,43.72,64600,43.72,U
sh600584,长电科技,2025-10-14 09:44:01,43.75,25900,43.72,U
sh600584,长电科技,2025-10-14 09:44:04,43.72,31800,43.75,D
sh600584,长电科技,2025-10-14 09:44:07,43.75,35400,43.72,U
sh600584,长电科技,2025-10-14 09:44:10,43.73,28300,43.75,D
sh600584,长电科技,2025-10-14 09:44:13,43.73,41900,43.73,D
sh600584,长电科技,2025-10-14 09:44:16,43.72,13800,43.73,D
sh600584,长电科技,2025-10-14 09:44:19,43.72,46800,43.72,D
sh600584,长电科技,2025-10-14 09:44:22,43.75,30300,43.72,U
sh600584,长电科技,2025-10-14 09:44:25,43.73,44000,43.75,D
sh600584,长电科技,2025-10-14 09:44:28,43.74,13600,43.73,U
sh600584,长电科技,2025-10-14 09:44:31,43.72,99600,43.74,D
sh600584,长电科技,2025-10-14 09:44:34,43.72,18100,43.72,D
sh600584,长电科技,2025-10-14 09:44:37,43.7,71300,43.72,D
sh600584,长电科技,2025-10-14 09:44:40,43.71,28400,43.7,U
sh600584,长电科技,2025-10-14 09:44:46,43.7,16000,43.69,U
sh600584,长电科技,2025-10-14 09:44:49,43.69,18300,43.7,D
sh600584,长电科技,2025-10-14 09:44:52,43.7,32100,43.69,U
sh600584,长电科技,2025-10-14 09:44:55,43.67,23700,43.7,D
sh600584,长电科技,2025-10-14 09:44:58,43.67,18400,43.67,U
sh600584,长电科技,2025-10-14 09:45:01,43.67,12300,43.67,U
sh600584,长电科技,2025-10-14 09:45:04,43.66,16700,43.67,D
sh600584,长电科技,2025-10-14 09:45:07,43.66,23100,43.66,U
sh600584,长电科技,2025-10-14 09:45:10,43.65,113000,43.66,D
sh600584,长电科技,2025-10-14 09:45:13,43.67,34900,43.65,U
sh600584,长电科技,2025-10-14 09:45:16,43.69,59500,43.67,U
sh600584,长电科技,2025-10-14 09:45:19,43.68,56600,43.69,D
sh600584,长电科技,2025-10-14 09:45:22,43.68,35800,43.68,D
sh600584,长电科技,2025-10-14 09:45:25,43.68,34900,43.68,D
sh600584,长电科技,2025-10-14 09:45:28,43.68,27500,43.68,D
sh600584,长电科技,2025-10-14 09:45:31,43.68,7800,43.68,U
sh600584,长电科技,2025-10-14 09:45:34,43.67,12500,43.68,E
sh600584,长电科技,2025-10-14 09:45:37,43.65,24800,43.67,D
sh600584,长电科技,2025-10-14 09:45:40,43.63,25400,43.65,D
sh600584,长电科技,2025-10-14 09:45:43,43.64,11600,43.63,E
sh600584,长电科技,2025-10-14 09:45:46,43.63,14400,43.64,D
sh600584,长电科技,2025-10-14 09:45:52,43.63,7900,43.62,U
sh600584,长电科技,2025-10-14 09:45:55,43.61,15200,43.63,D
sh600584,长电科技,2025-10-14 09:45:58,43.61,16500,43.61,U
sh600584,长电科技,2025-10-14 09:46:01,43.61,29100,43.61,D
sh600584,长电科技,2025-10-14 09:46:04,43.61,9200,43.61,U
sh600584,长电科技,2025-10-14 09:46:07,43.6,20100,43.61,D
sh600584,长电科技,2025-10-14 09:46:10,43.58,21200,43.6,D
sh600584,长电科技,2025-10-14 09:46:13,43.57,21500,43.58,D
sh600584,长电科技,2025-10-14 09:46:16,43.53,18900,43.57,D
sh600584,长电科技,2025-10-14 09:46:19,43.51,16000,43.53,D
sh600584,长电科技,2025-10-14 09:46:22,43.53,5700,43.51,U
sh600584,长电科技,2025-10-14 09:46:25,43.52,13200,43.53,E
sh600584,长电科技,2025-10-14 09:46:28,43.55,79200,43.52,U
sh600584,长电科技,2025-10-14 09:46:31,43.56,63000,43.55,U
sh600584,长电科技,2025-10-14 09:46:34,43.62,78200,43.56,U
sh600584,长电科技,2025-10-14 09:46:37,43.66,43900,43.62,U
sh600584,长电科技,2025-10-14 09:46:40,43.65,5100,43.66,D
sh600584,长电科技,2025-10-14 09:46:46,43.63,6100,43.66,D
sh600584,长电科技,2025-10-14 09:46:49,43.63,12500,43.63,U
sh600584,长电科技,2025-10-14 09:46:52,43.63,40900,43.63,U
sh600584,长电科技,2025-10-14 09:46:55,43.63,16900,43.63,U
sh600584,长电科技,2025-10-14 09:46:58,43.63,35900,43.63,D
sh600584,长电科技,2025-10-14 09:47:01,43.63,34900,43.63,U
sh600584,长电科技,2025-10-14 09:47:04,43.63,21800,43.63,U
sh600584,长电科技,2025-10-14 09:47:07,43.63,32000,43.63,U
sh600584,长电科技,2025-10-14 09:47:10,43.61,14200,43.63,E
sh600584,长电科技,2025-10-14 09:47:13,43.59,9100,43.61,D
sh600584,长电科技,2025-10-14 09:47:16,43.56,34000,43.59,D
sh600584,长电科技,2025-10-14 09:47:19,43.56,15000,43.56,D
sh600584,长电科技,2025-10-14 09:47:22,43.54,15000,43.56,D
sh600584,长电科技,2025-10-14 09:47:25,43.49,83700,43.54,D
sh600584,长电科技,2025-10-14 09:47:28,43.49,10200,43.49,D
sh600584,长电科技,2025-10-14 09:47:31,43.49,19600,43.49,U
sh600584,长电科技,2025-10-14 09:47:34,43.48,28300,43.49,D
sh600584,长电科技,2025-10-14 09:47:37,43.45,23400,43.48,D
sh600584,长电科技,2025-10-14 09:47:40,43.44,21500,43.45,D
sh600584,长电科技,2025-10-14 09:47:43,43.43,19800,43.44,D
sh600584,长电科技,2025-10-14 09:47:46,43.43,42100,43.43,D
sh600584,长电科技,2025-10-14 09:47:49,43.44,69200,43.43,U
sh600584,长电科技,2025-10-14 09:47:52,43.43,22900,43.44,D
sh600584,长电科技,2025-10-14 09:47:55,43.42,51000,43.43,D
sh600584,长电科技,2025-10-14 09:47:58,43.45,9600,43.42,E
sh600584,长电科技,2025-10-14 09:48:01,43.48,35300,43.45,U
sh600584,长电科技,2025-10-14 09:48:04,43.45,32300,43.48,D
sh600584,长电科技,2025-10-14 09:48:07,43.47,44800,43.45,U
sh600584,长电科技,2025-10-14 09:48:10,43.5,19100,43.47,U
sh600584,长电科技,2025-10-14 09:48:13,43.47,6200,43.5,D
sh600584,长电科技,2025-10-14 09:48:16,43.48,14200,43.47,D
sh600584,长电科技,2025-10-14 09:48:19,43.47,41200,43.48,D
sh600584,长电科技,2025-10-14 09:48:22,43.47,29500,43.47,D
sh600584,长电科技,2025-10-14 09:48:25,43.5,31300,43.47,E
sh600584,长电科技,2025-10-14 09:48:28,43.47,44100,43.5,D
sh600584,长电科技,2025-10-14 09:48:31,43.52,42000,43.47,U
sh600584,长电科技,2025-10-14 09:48:34,43.47,22700,43.52,D
sh600584,长电科技,2025-10-14 09:48:37,43.49,31900,43.47,U
sh600584,长电科技,2025-10-14 09:48:40,43.48,11100,43.49,D
sh600584,长电科技,2025-10-14 09:48:43,43.5,32500,43.48,U
sh600584,长电科技,2025-10-14 09:48:46,43.47,14400,43.5,D
sh600584,长电科技,2025-10-14 09:48:49,43.48,17400,43.47,U
sh600584,长电科技,2025-10-14 09:48:52,43.48,27000,43.48,D
sh600584,长电科技,2025-10-14 09:48:55,43.48,25900,43.48,U
sh600584,长电科技,2025-10-14 09:48:58,43.47,84200,43.48,D
sh600584,长电科技,2025-10-14 09:49:01,43.48,71400,43.47,U
sh600584,长电科技,2025-10-14 09:49:04,43.48,56700,43.48,D
sh600584,长电科技,2025-10-14 09:49:07,43.48,16600,43.48,D
sh600584,长电科技,2025-10-14 09:49:10,43.48,8000,43.48,D
sh600584,长电科技,2025-10-14 09:49:13,43.48,32500,43.48,D
sh600584,长电科技,2025-10-14 09:49:16,43.48,9700,43.48,U
sh600584,长电科技,2025-10-14 09:49:19,43.49,60800,43.48,D
sh600584,长电科技,2025-10-14 09:49:22,43.46,17200,43.49,D
sh600584,长电科技,2025-10-14 09:49:25,43.5,36100,43.46,U
sh600584,长电科技,2025-10-14 09:49:28,43.49,9400,43.5,D
sh600584,长电科技,2025-10-14 09:49:34,43.48,19500,43.5,D
sh600584,长电科技,2025-10-14 09:49:37,43.48,10100,43.48,U
sh600584,长电科技,2025-10-14 09:49:40,43.46,75600,43.48,D
sh600584,长电科技,2025-10-14 09:49:43,43.48,7500,43.46,U
sh600584,长电科技,2025-10-14 09:49:46,43.48,18000,43.48,D
sh600584,长电科技,2025-10-14 09:49:49,43.48,14100,43.48,U
sh600584,长电科技,2025-10-14 09:49:52,43.48,14200,43.48,U
sh600584,长电科技,2025-10-14 09:49:55,43.47,13600,43.48,D
sh600584,长电科技,2025-10-14 09:49:58,43.47,59700,43.47,U
sh600584,长电科技,2025-10-14 09:50:01,43.46,27700,43.47,D
sh600584,长电科技,2025-10-14 09:50:04,43.46,21600,43.46,D
sh600584,长电科技,2025-10-14 09:50:07,43.45,23800,43.46,D
sh600584,长电科技,2025-10-14 09:50:10,43.46,25700,43.45,U
sh600584,长电科技,2025-10-14 09:50:13,43.45,66100,43.46,D
sh600584,长电科技,2025-10-14 09:50:16,43.45,28900,43.45,U
sh600584,长电科技,2025-10-14 09:50:19,43.43,21900,43.45,D
sh600584,长电科技,2025-10-14 09:50:22,43.43,10300,43.43,D
sh600584,长电科技,2025-10-14 09:50:25,43.42,16900,43.43,D
sh600584,长电科技,2025-10-14 09:50:28,43.42,20200,43.42,D
sh600584,长电科技,2025-10-14 09:50:31,43.41,49000,43.42,D
sh600584,长电科技,2025-10-14 09:50:34,43.41,8600,43.41,D
sh600584,长电科技,2025-10-14 09:50:37,43.41,40885,43.41,D
sh600584,长电科技,2025-10-14 09:50:40,43.41,22600,43.41,D
sh600584,长电科技,2025-10-14 09:50:43,43.41,13400,43.41,U
sh600584,长电科技,2025-10-14 09:50:46,43.41,12200,43.41,U
sh600584,长电科技,2025-10-14 09:50:49,43.4,22800,43.41,D
sh600584,长电科技,2025-10-14 09:50:52,43.4,34700,43.4,D
sh600584,长电科技,2025-10-14 09:50:55,43.4,81604,43.4,D
sh600584,长电科技,2025-10-14 09:50:58,43.39,18796,43.4,D
sh600584,长电科技,2025-10-14 09:51:01,43.39,30900,43.39,D
sh600584,长电科技,2025-10-14 09:51:04,43.39,62196,43.39,D
sh600584,长电科技,2025-10-14 09:51:07,43.39,69104,43.39,D
sh600584,长电科技,2025-10-14 09:51:10,43.39,84400,43.39,U
sh600584,长电科技,2025-10-14 09:51:13,43.38,25700,43.39,U
sh600584,长电科技,2025-10-14 09:51:16,43.37,52100,43.38,D
sh600584,长电科技,2025-10-14 09:51:19,43.37,62089,43.37,D
sh600584,长电科技,2025-10-14 09:51:22,43.37,55300,43.37,U
sh600584,长电科技,2025-10-14 09:51:25,43.36,32600,43.37,D
sh600584,长电科技,2025-10-14 09:51:28,43.36,60100,43.36,D
sh600584,长电科技,2025-10-14 09:51:31,43.35,15900,43.36,D
sh600584,长电科技,2025-10-14 09:51:34,43.35,40900,43.35,D
sh600584,长电科技,2025-10-14 09:51:37,43.35,158900,43.35,D
sh600584,长电科技,2025-10-14 09:51:40,43.35,24300,43.35,U
sh600584,长电科技,2025-10-14 09:51:43,43.35,167100,43.35,U
sh600584,长电科技,2025-10-14 09:51:46,43.3,408500,43.35,D
sh600584,长电科技,2025-10-14 09:51:49,43.3,111500,43.3,U
sh600584,长电科技,2025-10-14 09:51:52,43.28,108100,43.3,E
sh600584,长电科技,2025-10-14 09:51:55,43.25,14200,43.28,D
sh600584,长电科技,2025-10-14 09:51:58,43.22,32800,43.25,D
sh600584,长电科技,2025-10-14 09:52:01,43.22,41500,43.22,D
sh600584,长电科技,2025-10-14 09:52:04,43.22,59600,43.22,U
sh600584,长电科技,2025-10-14 09:52:07,43.25,79900,43.22,U
sh600584,长电科技,2025-10-14 09:52:10,43.24,117400,43.25,E
sh600584,长电科技,2025-10-14 09:52:13,43.26,83400,43.24,U
sh600584,长电科技,2025-10-14 09:52:16,43.28,92752,43.26,D
sh600584,长电科技,2025-10-14 09:52:19,43.25,27100,43.28,D
sh600584,长电科技,2025-10-14 09:52:22,43.28,22200,43.25,U
sh600584,长电科技,2025-10-14 09:52:25,43.26,39500,43.28,D
sh600584,长电科技,2025-10-14 09:52:28,43.26,31400,43.26,D
sh600584,长电科技,2025-10-14 09:52:31,43.26,26500,43.26,D
sh600584,长电科技,2025-10-14 09:52:34,43.27,23000,43.26,E
sh600584,长电科技,2025-10-14 09:52:37,43.28,33400,43.27,U
sh600584,长电科技,2025-10-14 09:52:40,43.28,27300,43.28,D
sh600584,长电科技,2025-10-14 09:52:43,43.3,19700,43.28,E
sh600584,长电科技,2025-10-14 09:52:46,43.31,18600,43.3,U
sh600584,长电科技,2025-10-14 09:52:49,43.3,24300,43.31,D
sh600584,长电科技,2025-10-14 09:52:52,43.32,17200,43.3,E
sh600584,长电科技,2025-10-14 09:52:55,43.32,71700,43.32,D
sh600584,长电科技,2025-10-14 09:52:58,43.31,21200,43.32,D
sh600584,长电科技,2025-10-14 09:53:01,43.3,15300,43.31,D
sh600584,长电科技,2025-10-14 09:53:04,43.3,35600,43.3,D
sh600584,长电科技,2025-10-14 09:53:07,43.27,141400,43.3,D
sh600584,长电科技,2025-10-14 09:53:10,43.26,61500,43.27,D
sh600584,长电科技,2025-10-14 09:53:13,43.26,65300,43.26,D
sh600584,长电科技,2025-10-14 09:53:16,43.25,110448,43.26,D
sh600584,长电科技,2025-10-14 09:53:19,43.25,55900,43.25,U
sh600584,长电科技,2025-10-14 09:53:22,43.24,36600,43.25,U
sh600584,长电科技,2025-10-14 09:53:25,43.23,50000,43.24,U
sh600584,长电科技,2025-10-14 09:53:28,43.22,35000,43.23,D
sh600584,长电科技,2025-10-14 09:53:31,43.21,33100,43.22,D
sh600584,长电科技,2025-10-14 09:53:34,43.21,26200,43.21,D
sh600584,长电科技,2025-10-14 09:53:37,43.21,70800,43.21,D
sh600584,长电科技,2025-10-14 09:53:40,43.2,56800,43.21,D
sh600584,长电科技,2025-10-14 09:53:43,43.2,87100,43.2,D
sh600584,长电科技,2025-10-14 09:53:46,43.2,85200,43.2,D
sh600584,长电科技,2025-10-14 09:53:49,43.21,77200,43.2,U
sh600584,长电科技,2025-10-14 09:53:52,43.2,23900,43.21,D
sh600584,长电科技,2025-10-14 09:53:55,43.21,42100,43.2,U
sh600584,长电科技,2025-10-14 09:53:58,43.21,171400,43.21,U
sh600584,长电科技,2025-10-14 09:54:01,43.18,264052,43.21,D
sh600584,长电科技,2025-10-14 09:54:04,43.18,67048,43.18,D
sh600584,长电科技,2025-10-14 09:54:07,43.16,81700,43.18,D
sh600584,长电科技,2025-10-14 09:54:10,43.15,13900,43.16,U
sh600584,长电科技,2025-10-14 09:54:13,43.12,26200,43.15,D
sh600584,长电科技,2025-10-14 09:54:16,43.12,36500,43.12,D
sh600584,长电科技,2025-10-14 09:54:19,43.11,30600,43.12,D
sh600584,长电科技,2025-10-14 09:54:22,43.1,44600,43.11,D
sh600584,长电科技,2025-10-14 09:54:25,43.1,49400,43.1,D
sh600584,长电科技,2025-10-14 09:54:28,43.09,32800,43.1,D
sh600584,长电科技,2025-10-14 09:54:31,43.08,36100,43.09,D
sh600584,长电科技,2025-10-14 09:54:34,43.08,19500,43.08,U
sh600584,长电科技,2025-10-14 09:54:37,43.06,37000,43.08,D
sh600584,长电科技,2025-10-14 09:54:40,43.07,59100,43.06,U
sh600584,长电科技,2025-10-14 09:54:43,43.06,135200,43.07,D
sh600584,长电科技,2025-10-14 09:54:46,43.08,112800,43.06,U
sh600584,长电科技,2025-10-14 09:54:49,43.08,311400,43.08,D
sh600584,长电科技,2025-10-14 09:54:52,43.12,43000,43.08,E
sh600584,长电科技,2025-10-14 09:54:55,43.21,88500,43.12,U
sh600584,长电科技,2025-10-14 09:54:58,43.21,38300,43.21,D
sh600584,长电科技,2025-10-14 09:55:01,43.22,46200,43.21,D
sh600584,长电科技,2025-10-14 09:55:04,43.22,21800,43.22,D
sh600584,长电科技,2025-10-14 09:55:07,43.25,118300,43.22,U
sh600584,长电科技,2025-10-14 09:55:10,43.35,36000,43.25,U
sh600584,长电科技,2025-10-14 09:55:13,43.37,256211,43.35,U
sh600584,长电科技,2025-10-14 09:55:16,43.41,42500,43.37,U
sh600584,长电科技,2025-10-14 09:55:19,43.45,21600,43.41,U
sh600584,长电科技,2025-10-14 09:55:22,43.41,26700,43.45,D
sh600584,长电科技,2025-10-14 09:55:25,43.4,44200,43.41,D
sh600584,长电科技,2025-10-14 09:55:28,43.39,34400,43.4,D
sh600584,长电科技,2025-10-14 09:55:31,43.39,11900,43.39,U
sh600584,长电科技,2025-10-14 09:55:34,43.4,20600,43.39,U
sh600584,长电科技,2025-10-14 09:55:37,43.4,32100,43.4,U
sh600584,长电科技,2025-10-14 09:55:40,43.4,31400,43.4,E
sh600584,长电科技,2025-10-14 09:55:43,43.42,57200,43.4,U
sh600584,长电科技,2025-10-14 09:55:46,43.45,32600,43.42,U
sh600584,长电科技,2025-10-14 09:55:52,43.44,15300,43.45,D
sh600584,长电科技,2025-10-14 09:55:55,43.44,29900,43.44,D
sh600584,长电科技,2025-10-14 09:55:58,43.42,50800,43.44,D
sh600584,长电科技,2025-10-14 09:56:01,43.41,16400,43.42,D
sh600584,长电科技,2025-10-14 09:56:04,43.39,53700,43.41,D
sh600584,长电科技,2025-10-14 09:56:07,43.36,23900,43.39,D
sh600584,长电科技,2025-10-14 09:56:10,43.3,11700,43.36,D
sh600584,长电科技,2025-10-14 09:56:13,43.28,7300,43.3,D
sh600584,长电科技,2025-10-14 09:56:16,43.28,10600,43.28,U
sh600584,长电科技,2025-10-14 09:56:19,43.27,14300,43.28,E
sh600584,长电科技,2025-10-14 09:56:22,43.25,10300,43.27,D
sh600584,长电科技,2025-10-14 09:56:25,43.25,10000,43.25,U
sh600584,长电科技,2025-10-14 09:56:28,43.23,20900,43.25,D
sh600584,长电科技,2025-10-14 09:56:31,43.22,10200,43.23,D
sh600584,长电科技,2025-10-14 09:56:34,43.21,19300,43.22,D
sh600584,长电科技,2025-10-14 09:56:37,43.2,26900,43.21,D
sh600584,长电科技,2025-10-14 09:56:40,43.19,7300,43.2,D
sh600584,长电科技,2025-10-14 09:56:43,43.18,15900,43.19,D
sh600584,长电科技,2025-10-14 09:56:46,43.19,12400,43.18,U
sh600584,长电科技,2025-10-14 09:56:49,43.19,7900,43.19,U
sh600584,长电科技,2025-10-14 09:56:52,43.18,14100,43.19,D
sh600584,长电科技,2025-10-14 09:56:55,43.17,25700,43.18,D
sh600584,长电科技,2025-10-14 09:56:58,43.17,21300,43.17,D
sh600584,长电科技,2025-10-14 09:57:01,43.18,24900,43.17,U
sh600584,长电科技,2025-10-14 09:57:04,43.19,35700,43.18,U
sh600584,长电科技,2025-10-14 09:57:07,43.18,19700,43.19,D
sh600584,长电科技,2025-10-14 09:57:10,43.18,42500,43.18,U
sh600584,长电科技,2025-10-14 09:57:13,43.18,39600,43.18,U
sh600584,长电科技,2025-10-14 09:57:16,43.19,33900,43.18,U
sh600584,长电科技,2025-10-14 09:57:19,43.18,20100,43.19,D
sh600584,长电科技,2025-10-14 09:57:22,43.18,50700,43.18,D
sh600584,长电科技,2025-10-14 09:57:25,43.18,43100,43.18,U
sh600584,长电科技,2025-10-14 09:57:28,43.18,25900,43.18,U
sh600584,长电科技,2025-10-14 09:57:31,43.17,29200,43.18,D
sh600584,长电科技,2025-10-14 09:57:34,43.16,32000,43.17,D
sh600584,长电科技,2025-10-14 09:57:37,43.14,170400,43.16,D
sh600584,长电科技,2025-10-14 09:57:40,43.16,23300,43.14,U
sh600584,长电科技,2025-10-14 09:57:43,43.15,11600,43.16,D
sh600584,长电科技,2025-10-14 09:57:46,43.15,12500,43.15,D
sh600584,长电科技,2025-10-14 09:57:49,43.14,20800,43.15,D
sh600584,长电科技,2025-10-14 09:57:52,43.15,31000,43.14,U
sh600584,长电科技,2025-10-14 09:57:55,43.13,42900,43.15,D
sh600584,长电科技,2025-10-14 09:57:58,43.13,9700,43.13,U
sh600584,长电科技,2025-10-14 09:58:01,43.14,27000,43.13,U
sh600584,长电科技,2025-10-14 09:58:04,43.14,27900,43.14,U
sh600584,长电科技,2025-10-14 09:58:07,43.13,20300,43.14,D
sh600584,长电科技,2025-10-14 09:58:10,43.13,39500,43.13,U
sh600584,长电科技,2025-10-14 09:58:13,43.13,22700,43.13,U
sh600584,长电科技,2025-10-14 09:58:16,43.13,24200,43.13,D
sh600584,长电科技,2025-10-14 09:58:19,43.13,35100,43.13,U
sh600584,长电科技,2025-10-14 09:58:22,43.12,47000,43.13,D
sh600584,长电科技,2025-10-14 09:58:25,43.11,27600,43.12,D
sh600584,长电科技,2025-10-14 09:58:28,43.09,89500,43.11,D
sh600584,长电科技,2025-10-14 09:58:31,43.1,101800,43.09,U
sh600584,长电科技,2025-10-14 09:58:34,43.09,13800,43.1,U
sh600584,长电科技,2025-10-14 09:58:37,43.09,27500,43.09,U
sh600584,长电科技,2025-10-14 09:58:40,43.08,27100,43.09,D
sh600584,长电科技,2025-10-14 09:58:43,43.08,28100,43.08,D
sh600584,长电科技,2025-10-14 09:58:46,43.08,47300,43.08,D
sh600584,长电科技,2025-10-14 09:58:49,43.07,9100,43.08,D
sh600584,长电科技,2025-10-14 09:58:52,43.07,36600,43.07,D
sh600584,长电科技,2025-10-14 09:58:55,43.06,11500,43.07,D
sh600584,长电科技,2025-10-14 09:58:58,43.06,63100,43.06,D
sh600584,长电科技,2025-10-14 09:59:01,43.06,91600,43.06,D
sh600584,长电科技,2025-10-14 09:59:04,43.06,37200,43.06,U
sh600584,长电科技,2025-10-14 09:59:07,43.06,48500,43.06,U
sh600584,长电科技,2025-10-14 09:59:10,43.06,43500,43.06,U
sh600584,长电科技,2025-10-14 09:59:13,43.06,38400,43.06,U
sh600584,长电科技,2025-10-14 09:59:16,43.06,42500,43.06,U
sh600584,长电科技,2025-10-14 09:59:19,43.06,28800,43.06,D
sh600584,长电科技,2025-10-14 09:59:22,43.07,20300,43.06,U
sh600584,长电科技,2025-10-14 09:59:25,43.06,21100,43.07,D
sh600584,长电科技,2025-10-14 09:59:28,43.07,19400,43.06,U
sh600584,长电科技,2025-10-14 09:59:31,43.06,30100,43.07,D
sh600584,长电科技,2025-10-14 09:59:34,43.07,72100,43.06,U
sh600584,长电科技,2025-10-14 09:59:37,43.07,97100,43.07,U
sh600584,长电科技,2025-10-14 09:59:40,43.07,11700,43.07,U
sh600584,长电科技,2025-10-14 09:59:43,43.08,11100,43.07,U
sh600584,长电科技,2025-10-14 09:59:46,43.08,69800,43.08,U
sh600584,长电科技,2025-10-14 09:59:49,43.07,38700,43.08,D
sh600584,长电科技,2025-10-14 09:59:52,43.07,59400,43.07,U
sh600584,长电科技,2025-10-14 09:59:55,43.07,38700,43.07,U
sh600584,长电科技,2025-10-14 09:59:58,43.07,29300,43.07,U
sh600584,长电科技,2025-10-14 10:00:01,43.07,33400,43.07,U
sh600584,长电科技,2025-10-14 10:00:04,43.08,61900,43.07,U
sh600584,长电科技,2025-10-14 10:00:07,43.07,34600,43.08,D
sh600584,长电科技,2025-10-14 10:00:10,43.1,38800,43.07,U
sh600584,长电科技,2025-10-14 10:00:13,43.08,31400,43.1,D
sh600584,长电科技,2025-10-14 10:00:16,43.08,39200,43.08,D
sh600584,长电科技,2025-10-14 10:00:19,43.08,85300,43.08,U
sh600584,长电科技,2025-10-14 10:00:22,43.06,41800,43.08,D
sh600584,长电科技,2025-10-14 10:00:25,43.06,55400,43.06,D
sh600584,长电科技,2025-10-14 10:00:28,43.06,42400,43.06,D
sh600584,长电科技,2025-10-14 10:00:31,43.06,35000,43.06,D
sh600584,长电科技,2025-10-14 10:00:34,43.06,39900,43.06,U
sh600584,长电科技,2025-10-14 10:00:37,43.06,88400,43.06,U
sh600584,长电科技,2025-10-14 10:00:40,43.05,65800,43.06,D
sh600584,长电科技,2025-10-14 10:00:43,43.06,46100,43.05,U
sh600584,长电科技,2025-10-14 10:00:46,43.05,41200,43.06,D
sh600584,长电科技,2025-10-14 10:00:49,43.05,28500,43.05,D
sh600584,长电科技,2025-10-14 10:00:52,43.06,57000,43.05,U
sh600584,长电科技,2025-10-14 10:00:55,43.05,38300,43.06,D
sh600584,长电科技,2025-10-14 10:00:58,43.06,68800,43.05,U
sh600584,长电科技,2025-10-14 10:01:01,43.03,250000,43.06,D
sh600584,长电科技,2025-10-14 10:01:04,43.02,96600,43.03,D
sh600584,长电科技,2025-10-14 10:01:07,43.0,182000,43.02,D
sh600584,长电科技,2025-10-14 10:01:10,42.95,808600,43.0,D
sh600584,长电科技,2025-10-14 10:01:13,42.94,12100,42.95,D
sh600584,长电科技,2025-10-14 10:01:16,42.93,11700,42.94,E
sh600584,长电科技,2025-10-14 10:01:19,42.91,39500,42.93,D
sh600584,长电科技,2025-10-14 10:01:22,42.9,47500,42.91,D
sh600584,长电科技,2025-10-14 10:01:25,42.9,40400,42.9,D
sh600584,长电科技,2025-10-14 10:01:28,42.9,39700,42.9,U
sh600584,长电科技,2025-10-14 10:01:31,42.89,70400,42.9,U
sh600584,长电科技,2025-10-14 10:01:34,42.89,78600,42.89,U
sh600584,长电科技,2025-10-14 10:01:37,42.9,68500,42.89,U
sh600584,长电科技,2025-10-14 10:01:40,42.89,143400,42.9,D
sh600584,长电科技,2025-10-14 10:01:43,42.88,59400,42.89,D
sh600584,长电科技,2025-10-14 10:01:46,42.88,54500,42.88,U
sh600584,长电科技,2025-10-14 10:01:49,42.91,57425,42.88,U
sh600584,长电科技,2025-10-14 10:01:52,42.9,46200,42.91,D
sh600584,长电科技,2025-10-14 10:01:55,42.88,30800,42.9,D
sh600584,长电科技,2025-10-14 10:01:58,42.88,23800,42.88,D
sh600584,长电科技,2025-10-14 10:02:01,42.88,118700,42.88,D
sh600584,长电科技,2025-10-14 10:02:04,42.88,77900,42.88,D
sh600584,长电科技,2025-10-14 10:02:07,42.9,30600,42.88,D
sh600584,长电科技,2025-10-14 10:02:10,42.9,21800,42.9,D
sh600584,长电科技,2025-10-14 10:02:13,42.9,45400,42.9,U
sh600584,长电科技,2025-10-14 10:02:16,42.93,28200,42.9,U
sh600584,长电科技,2025-10-14 10:02:19,42.91,27400,42.93,D
sh600584,长电科技,2025-10-14 10:02:22,42.92,51000,42.91,U
sh600584,长电科技,2025-10-14 10:02:25,42.92,30400,42.92,D
sh600584,长电科技,2025-10-14 10:02:28,42.93,25900,42.92,U
sh600584,长电科技,2025-10-14 10:02:31,42.91,17600,42.93,D
sh600584,长电科技,2025-10-14 10:02:34,42.91,80800,42.91,D
sh600584,长电科技,2025-10-14 10:02:37,42.91,28600,42.91,U
sh600584,长电科技,2025-10-14 10:02:40,42.91,29800,42.91,U
sh600584,长电科技,2025-10-14 10:02:43,42.9,31300,42.91,D
sh600584,长电科技,2025-10-14 10:02:46,43.01,132100,42.9,U
sh600584,长电科技,2025-10-14 10:02:49,43.01,47700,43.01,D
sh600584,长电科技,2025-10-14 10:02:52,43.01,19600,43.01,U
sh600584,长电科技,2025-10-14 10:02:55,43.01,39400,43.01,D
sh600584,长电科技,2025-10-14 10:02:58,43.01,22500,43.01,U
sh600584,长电科技,2025-10-14 10:03:01,43.0,48000,43.01,D
sh600584,长电科技,2025-10-14 10:03:04,43.0,54000,43.0,D
sh600584,长电科技,2025-10-14 10:03:07,43.01,37300,43.0,E
sh600584,长电科技,2025-10-14 10:03:10,43.0,31300,43.01,D
sh600584,长电科技,2025-10-14 10:03:13,43.0,9000,43.0,U
sh600584,长电科技,2025-10-14 10:03:19,42.94,11100,42.97,D
sh600584,长电科技,2025-10-14 10:03:22,42.94,14300,42.94,D
sh600584,长电科技,2025-10-14 10:03:25,42.94,24200,42.94,D
sh600584,长电科技,2025-10-14 10:03:28,42.94,23700,42.94,D
sh600584,长电科技,2025-10-14 10:03:31,42.94,19100,42.94,D
sh600584,长电科技,2025-10-14 10:03:34,42.94,9600,42.94,U
sh600584,长电科技,2025-10-14 10:03:37,42.93,11500,42.94,D
sh600584,长电科技,2025-10-14 10:03:40,42.93,25200,42.93,U
sh600584,长电科技,2025-10-14 10:03:43,42.92,16600,42.93,D
sh600584,长电科技,2025-10-14 10:03:46,42.92,19900,42.92,D
sh600584,长电科技,2025-10-14 10:03:52,42.92,26400,42.91,U
sh600584,长电科技,2025-10-14 10:03:55,42.92,28889,42.92,U
sh600584,长电科技,2025-10-14 10:03:58,42.91,26400,42.92,D
sh600584,长电科技,2025-10-14 10:04:01,42.91,64400,42.91,D
sh600584,长电科技,2025-10-14 10:04:04,42.93,45000,42.91,U
sh600584,长电科技,2025-10-14 10:04:07,42.93,55000,42.93,D
sh600584,长电科技,2025-10-14 10:04:10,42.95,7100,42.93,E
sh600584,长电科技,2025-10-14 10:04:13,42.97,26400,42.95,U
sh600584,长电科技,2025-10-14 10:04:16,42.95,9700,42.97,E
sh600584,长电科技,2025-10-14 10:04:19,42.97,18100,42.95,D
sh600584,长电科技,2025-10-14 10:04:22,42.97,12300,42.97,D
sh600584,长电科技,2025-10-14 10:04:25,42.97,9000,42.97,E
sh600584,长电科技,2025-10-14 10:04:28,42.97,13400,42.97,D
sh600584,长电科技,2025-10-14 10:04:31,42.98,24543,42.97,D
sh600584,长电科技,2025-10-14 10:04:34,43.0,51300,42.98,U
sh600584,长电科技,2025-10-14 10:04:37,43.01,83431,43.0,U
sh600584,长电科技,2025-10-14 10:04:40,43.02,10300,43.01,U
sh600584,长电科技,2025-10-14 10:04:43,43.02,9200,43.02,U
sh600584,长电科技,2025-10-14 10:04:46,43.02,27900,43.02,U
sh600584,长电科技,2025-10-14 10:04:49,43.02,26500,43.02,U
sh600584,长电科技,2025-10-14 10:04:52,43.03,71300,43.02,U
sh600584,长电科技,2025-10-14 10:04:55,43.03,13700,43.03,U
sh600584,长电科技,2025-10-14 10:04:58,43.03,7600,43.03,U
sh600584,长电科技,2025-10-14 10:05:04,43.04,8000,43.03,U
sh600584,长电科技,2025-10-14 10:05:07,43.04,36100,43.04,D
sh600584,长电科技,2025-10-14 10:05:10,43.05,27400,43.04,U
sh600584,长电科技,2025-10-14 10:05:13,43.05,101600,43.05,U
sh600584,长电科技,2025-10-14 10:05:16,43.05,23700,43.05,U
sh600584,长电科技,2025-10-14 10:05:19,43.06,15300,43.05,U
sh600584,长电科技,2025-10-14 10:05:22,43.06,51400,43.06,U
sh600584,长电科技,2025-10-14 10:05:25,43.05,19100,43.06,D
sh600584,长电科技,2025-10-14 10:05:28,43.07,16200,43.05,U
sh600584,长电科技,2025-10-14 10:05:31,43.06,16700,43.07,D
sh600584,长电科技,2025-10-14 10:05:34,43.06,28000,43.06,D
sh600584,长电科技,2025-10-14 10:05:37,43.08,22100,43.06,U
sh600584,长电科技,2025-10-14 10:05:40,43.07,32000,43.08,D
sh600584,长电科技,2025-10-14 10:05:43,43.07,23000,43.07,D
sh600584,长电科技,2025-10-14 10:05:46,43.05,51400,43.07,D
sh600584,长电科技,2025-10-14 10:05:49,43.01,35000,43.05,D
sh600584,长电科技,2025-10-14 10:05:52,43.0,97769,43.01,D
sh600584,长电科技,2025-10-14 10:05:55,42.99,17700,43.0,D
sh600584,长电科技,2025-10-14 10:05:58,43.0,17700,42.99,U
sh600584,长电科技,2025-10-14 10:06:01,42.97,21457,43.0,D
sh600584,长电科技,2025-10-14 10:06:04,42.98,26400,42.97,E
sh600584,长电科技,2025-10-14 10:06:07,42.96,31700,42.98,E
sh600584,长电科技,2025-10-14 10:06:10,42.96,6500,42.96,U
sh600584,长电科技,2025-10-14 10:06:13,42.95,11600,42.96,E
sh600584,长电科技,2025-10-14 10:06:16,42.94,9900,42.95,D
sh600584,长电科技,2025-10-14 10:06:19,42.96,24500,42.94,U
sh600584,长电科技,2025-10-14 10:06:22,42.93,17100,42.96,D
sh600584,长电科技,2025-10-14 10:06:25,42.93,5000,42.93,U
sh600584,长电科技,2025-10-14 10:06:28,42.93,45200,42.93,U
sh600584,长电科技,2025-10-14 10:06:31,42.92,33800,42.93,D
sh600584,长电科技,2025-10-14 10:06:34,42.92,19200,42.92,D
sh600584,长电科技,2025-10-14 10:06:37,42.92,28700,42.92,U
sh600584,长电科技,2025-10-14 10:06:40,42.91,22600,42.92,D
sh600584,长电科技,2025-10-14 10:06:43,42.91,36200,42.91,D
sh600584,长电科技,2025-10-14 10:06:46,42.91,31800,42.91,U
sh600584,长电科技,2025-10-14 10:06:49,42.91,23300,42.91,D
sh600584,长电科技,2025-10-14 10:06:52,42.9,71000,42.91,D
sh600584,长电科技,2025-10-14 10:06:55,42.89,73500,42.9,D
sh600584,长电科技,2025-10-14 10:06:58,42.89,26400,42.89,D
sh600584,长电科技,2025-10-14 10:07:01,42.89,41600,42.89,U
sh600584,长电科技,2025-10-14 10:07:04,42.89,57500,42.89,U
sh600584,长电科技,2025-10-14 10:07:07,42.88,32100,42.89,D
sh600584,长电科技,2025-10-14 10:07:10,42.88,25100,42.88,U
sh600584,长电科技,2025-10-14 10:07:13,42.87,70200,42.88,D
sh600584,长电科技,2025-10-14 10:07:16,42.87,40700,42.87,D
sh600584,长电科技,2025-10-14 10:07:19,42.87,31700,42.87,D
sh600584,长电科技,2025-10-14 10:07:22,42.88,21400,42.87,U
sh600584,长电科技,2025-10-14 10:07:25,42.88,56400,42.88,U
sh600584,长电科技,2025-10-14 10:07:28,42.89,36400,42.88,E
sh600584,长电科技,2025-10-14 10:07:31,42.89,13100,42.89,D
sh600584,长电科技,2025-10-14 10:07:34,42.9,18557,42.89,U
sh600584,长电科技,2025-10-14 10:07:37,42.91,66300,42.9,U
sh600584,长电科技,2025-10-14 10:07:40,42.89,25600,42.91,D
sh600584,长电科技,2025-10-14 10:07:43,42.9,11700,42.89,U
sh600584,长电科技,2025-10-14 10:07:46,42.89,11800,42.9,U
sh600584,长电科技,2025-10-14 10:07:49,42.91,13100,42.89,U
sh600584,长电科技,2025-10-14 10:07:52,42.89,12500,42.91,D
sh600584,长电科技,2025-10-14 10:07:55,42.89,31300,42.89,D
sh600584,长电科技,2025-10-14 10:07:58,42.9,58300,42.89,U
sh600584,长电科技,2025-10-14 10:08:01,42.9,20400,42.9,U
sh600584,长电科技,2025-10-14 10:08:04,42.9,11400,42.9,U
sh600584,长电科技,2025-10-14 10:08:07,42.89,44200,42.9,D
sh600584,长电科技,2025-10-14 10:08:10,42.87,88543,42.89,D
sh600584,长电科技,2025-10-14 10:08:13,42.85,83700,42.87,D
sh600584,长电科技,2025-10-14 10:08:16,42.85,29400,42.85,D
sh600584,长电科技,2025-10-14 10:08:19,42.86,108400,42.85,U
sh600584,长电科技,2025-10-14 10:08:22,42.84,57000,42.86,D
sh600584,长电科技,2025-10-14 10:08:25,42.85,26600,42.84,U
sh600584,长电科技,2025-10-14 10:08:28,42.88,98900,42.85,U
sh600584,长电科技,2025-10-14 10:08:31,42.89,106800,42.88,U
sh600584,长电科技,2025-10-14 10:08:34,42.88,8700,42.89,E
sh600584,长电科技,2025-10-14 10:08:37,42.86,11300,42.88,D
sh600584,长电科技,2025-10-14 10:08:40,42.86,63000,42.86,D
sh600584,长电科技,2025-10-14 10:08:43,42.86,26600,42.86,U
sh600584,长电科技,2025-10-14 10:08:46,42.9,121500,42.86,U
sh600584,长电科技,2025-10-14 10:08:49,42.9,93200,42.9,U
sh600584,长电科技,2025-10-14 10:08:52,42.91,11300,42.9,U
sh600584,长电科技,2025-10-14 10:08:55,42.9,49300,42.91,E
sh600584,长电科技,2025-10-14 10:08:58,42.91,9700,42.9,E
sh600584,长电科技,2025-10-14 10:09:01,42.93,82200,42.91,D
sh600584,长电科技,2025-10-14 10:09:04,42.95,8000,42.93,U
sh600584,长电科技,2025-10-14 10:09:07,42.92,24100,42.95,D
sh600584,长电科技,2025-10-14 10:09:10,42.92,12500,42.92,E
sh600584,长电科技,2025-10-14 10:09:13,42.9,32000,42.92,D
sh600584,长电科技,2025-10-14 10:09:16,42.88,29100,42.9,D
sh600584,长电科技,2025-10-14 10:09:19,42.87,28600,42.88,D
sh600584,长电科技,2025-10-14 10:09:22,42.9,40000,42.87,U
sh600584,长电科技,2025-10-14 10:09:25,42.9,9500,42.9,D
sh600584,长电科技,2025-10-14 10:09:28,42.91,9400,42.9,U
sh600584,长电科技,2025-10-14 10:09:31,42.89,4900,42.91,D
sh600584,长电科技,2025-10-14 10:09:34,42.91,21200,42.89,U
sh600584,长电科技,2025-10-14 10:09:37,42.91,60300,42.91,E
sh600584,长电科技,2025-10-14 10:09:40,42.91,31900,42.91,D
sh600584,长电科技,2025-10-14 10:09:43,42.96,8800,42.91,U
sh600584,长电科技,2025-10-14 10:09:46,42.95,21000,42.96,D
sh600584,长电科技,2025-10-14 10:09:49,42.97,27900,42.95,U
sh600584,长电科技,2025-10-14 10:09:52,42.94,6700,42.97,D
sh600584,长电科技,2025-10-14 10:09:55,42.94,9500,42.94,D
sh600584,长电科技,2025-10-14 10:09:58,42.96,29900,42.94,U
sh600584,长电科技,2025-10-14 10:10:01,42.94,20700,42.96,D
sh600584,长电科技,2025-10-14 10:10:04,42.95,14800,42.94,U
sh600584,长电科技,2025-10-14 10:10:07,42.94,24800,42.95,D
sh600584,长电科技,2025-10-14 10:10:10,42.94,12700,42.94,D
sh600584,长电科技,2025-10-14 10:10:13,42.93,19200,42.94,D
sh600584,长电科技,2025-10-14 10:10:16,42.93,10200,42.93,D
sh600584,长电科技,2025-10-14 10:10:19,42.92,19600,42.93,D
sh600584,长电科技,2025-10-14 10:10:22,42.91,11900,42.92,D
sh600584,长电科技,2025-10-14 10:10:25,42.91,17000,42.91,D
sh600584,长电科技,2025-10-14 10:10:28,42.91,7100,42.91,U
sh600584,长电科技,2025-10-14 10:10:31,42.91,34300,42.91,U
sh600584,长电科技,2025-10-14 10:10:34,42.91,23000,42.91,U
sh600584,长电科技,2025-10-14 10:10:37,42.9,9400,42.91,D
sh600584,长电科技,2025-10-14 10:10:40,42.89,16400,42.9,D
sh600584,长电科技,2025-10-14 10:10:43,42.89,18000,42.89,D
sh600584,长电科技,2025-10-14 10:10:46,42.9,49200,42.89,U
sh600584,长电科技,2025-10-14 10:10:49,42.9,20900,42.9,D
sh600584,长电科技,2025-10-14 10:10:52,42.9,7300,42.9,E
sh600584,长电科技,2025-10-14 10:10:55,42.89,14100,42.9,D
sh600584,长电科技,2025-10-14 10:10:58,42.89,14900,42.89,D
sh600584,长电科技,2025-10-14 10:11:01,42.89,10700,42.89,D
sh600584,长电科技,2025-10-14 10:11:04,42.89,78500,42.89,U
sh600584,长电科技,2025-10-14 10:11:07,42.88,29600,42.89,D
sh600584,长电科技,2025-10-14 10:11:10,42.87,23100,42.88,D
sh600584,长电科技,2025-10-14 10:11:16,42.86,21700,42.87,D
sh600584,长电科技,2025-10-14 10:11:19,42.86,47900,42.86,D
sh600584,长电科技,2025-10-14 10:11:22,42.85,41300,42.86,D
sh600584,长电科技,2025-10-14 10:11:25,42.85,23800,42.85,D
sh600584,长电科技,2025-10-14 10:11:28,42.84,66000,42.85,D
sh600584,长电科技,2025-10-14 10:11:31,42.84,15700,42.84,D
sh600584,长电科技,2025-10-14 10:11:34,42.83,24800,42.84,D
sh600584,长电科技,2025-10-14 10:11:37,42.83,17500,42.83,D
sh600584,长电科技,2025-10-14 10:11:40,42.83,49200,42.83,D
sh600584,长电科技,2025-10-14 10:11:43,42.82,23000,42.83,D
sh600584,长电科技,2025-10-14 10:11:46,42.81,52000,42.82,D
sh600584,长电科技,2025-10-14 10:11:49,42.8,56300,42.81,D
sh600584,长电科技,2025-10-14 10:11:52,42.8,15100,42.8,D
sh600584,长电科技,2025-10-14 10:11:55,42.81,71000,42.8,U
sh600584,长电科技,2025-10-14 10:11:58,42.8,55100,42.81,D
sh600584,长电科技,2025-10-14 10:12:01,42.8,75088,42.8,D
sh600584,长电科技,2025-10-14 10:12:04,42.8,112100,42.8,D
sh600584,长电科技,2025-10-14 10:12:07,42.81,59700,42.8,E
sh600584,长电科技,2025-10-14 10:12:10,42.8,77400,42.81,D
sh600584,长电科技,2025-10-14 10:12:13,42.84,137200,42.8,U
sh600584,长电科技,2025-10-14 10:12:16,42.82,81300,42.84,D
sh600584,长电科技,2025-10-14 10:12:19,42.82,15400,42.82,D
sh600584,长电科技,2025-10-14 10:12:22,42.85,31100,42.82,U
sh600584,长电科技,2025-10-14 10:12:25,42.85,16200,42.85,D
sh600584,长电科技,2025-10-14 10:12:28,42.84,25600,42.85,D
sh600584,长电科技,2025-10-14 10:12:31,42.84,16900,42.84,U
sh600584,长电科技,2025-10-14 10:12:34,42.84,61600,42.84,U
sh600584,长电科技,2025-10-14 10:12:37,42.85,60800,42.84,U
sh600584,长电科技,2025-10-14 10:12:40,42.84,7000,42.85,D
sh600584,长电科技,2025-10-14 10:12:43,42.83,17500,42.84,D
sh600584,长电科技,2025-10-14 10:12:46,42.83,30400,42.83,D
sh600584,长电科技,2025-10-14 10:12:49,42.8,41000,42.83,D
sh600584,长电科技,2025-10-14 10:12:52,42.8,46400,42.8,D
sh600584,长电科技,2025-10-14 10:12:55,42.8,18200,42.8,D
sh600584,长电科技,2025-10-14 10:12:58,42.8,22000,42.8,U
sh600584,长电科技,2025-10-14 10:13:01,42.79,20200,42.8,D
sh600584,长电科技,2025-10-14 10:13:04,42.79,39300,42.79,D
sh600584,长电科技,2025-10-14 10:13:07,42.78,58000,42.79,D
sh600584,长电科技,2025-10-14 10:13:10,42.77,39200,42.78,D
sh600584,长电科技,2025-10-14 10:13:13,42.76,35000,42.77,D
sh600584,长电科技,2025-10-14 10:13:16,42.76,10600,42.76,D
sh600584,长电科技,2025-10-14 10:13:19,42.76,51700,42.76,D
sh600584,长电科技,2025-10-14 10:13:22,42.75,20400,42.76,D
sh600584,长电科技,2025-10-14 10:13:25,42.76,32500,42.75,U
sh600584,长电科技,2025-10-14 10:13:28,42.75,47600,42.76,D
sh600584,长电科技,2025-10-14 10:13:31,42.75,22200,42.75,U
sh600584,长电科技,2025-10-14 10:13:34,42.74,33400,42.75,D
sh600584,长电科技,2025-10-14 10:13:37,42.73,37400,42.74,D
sh600584,长电科技,2025-10-14 10:13:40,42.72,22700,42.73,D
sh600584,长电科技,2025-10-14 10:13:43,42.72,58700,42.72,D
sh600584,长电科技,2025-10-14 10:13:46,42.71,95400,42.72,D
sh600584,长电科技,2025-10-14 10:13:49,42.71,139900,42.71,D
sh600584,长电科技,2025-10-14 10:13:52,42.71,133800,42.71,D
sh600584,长电科技,2025-10-14 10:13:55,42.71,95396,42.71,U
sh600584,长电科技,2025-10-14 10:13:58,42.7,152100,42.71,D
sh600584,长电科技,2025-10-14 10:14:01,42.71,86200,42.7,U
sh600584,长电科技,2025-10-14 10:14:04,42.7,88804,42.71,D
sh600584,长电科技,2025-10-14 10:14:07,42.7,59800,42.7,U
sh600584,长电科技,2025-10-14 10:14:10,42.72,50100,42.7,U
sh600584,长电科技,2025-10-14 10:14:13,42.7,21900,42.72,D
sh600584,长电科技,2025-10-14 10:14:16,42.7,90400,42.7,D
sh600584,长电科技,2025-10-14 10:14:19,42.72,84100,42.7,U
sh600584,长电科技,2025-10-14 10:14:22,42.76,93500,42.72,U
sh600584,长电科技,2025-10-14 10:14:25,42.74,25900,42.76,D
sh600584,长电科技,2025-10-14 10:14:28,42.74,115400,42.74,D
sh600584,长电科技,2025-10-14 10:14:31,42.74,24300,42.74,D
sh600584,长电科技,2025-10-14 10:14:34,42.74,17200,42.74,U
sh600584,长电科技,2025-10-14 10:14:37,42.74,12600,42.74,U
sh600584,长电科技,2025-10-14 10:14:40,42.74,25000,42.74,U
sh600584,长电科技,2025-10-14 10:14:43,42.75,30200,42.74,U
sh600584,长电科技,2025-10-14 10:14:46,42.76,24600,42.75,U
sh600584,长电科技,2025-10-14 10:14:49,42.75,11400,42.76,D
sh600584,长电科技,2025-10-14 10:14:52,42.74,29300,42.75,D
sh600584,长电科技,2025-10-14 10:14:55,42.76,32700,42.74,U
sh600584,长电科技,2025-10-14 10:14:58,42.75,49900,42.76,D
sh600584,长电科技,2025-10-14 10:15:01,42.75,55600,42.75,D
sh600584,长电科技,2025-10-14 10:15:04,42.75,25600,42.75,U
sh600584,长电科技,2025-10-14 10:15:07,42.76,9200,42.75,U
sh600584,长电科技,2025-10-14 10:15:10,42.76,8600,42.76,D
sh600584,长电科技,2025-10-14 10:15:13,42.78,19900,42.76,U
sh600584,长电科技,2025-10-14 10:15:16,42.8,53432,42.78,U
sh600584,长电科技,2025-10-14 10:15:19,42.81,18100,42.8,U
sh600584,长电科技,2025-10-14 10:15:22,42.82,17800,42.81,U
sh600584,长电科技,2025-10-14 10:15:25,42.81,9600,42.82,D
sh600584,长电科技,2025-10-14 10:15:28,42.82,20700,42.81,U
sh600584,长电科技,2025-10-14 10:15:31,42.82,7700,42.82,D
sh600584,长电科技,2025-10-14 10:15:34,42.81,47400,42.82,D
sh600584,长电科技,2025-10-14 10:15:37,42.8,38900,42.81,D
sh600584,长电科技,2025-10-14 10:15:40,42.82,20300,42.8,U
sh600584,长电科技,2025-10-14 10:15:43,42.82,13100,42.82,U
sh600584,长电科技,2025-10-14 10:15:46,42.81,24900,42.82,D
sh600584,长电科技,2025-10-14 10:15:49,42.84,12500,42.81,U
sh600584,长电科技,2025-10-14 10:15:52,42.82,52300,42.84,D
sh600584,长电科技,2025-10-14 10:15:55,42.85,20200,42.82,U
sh600584,长电科技,2025-10-14 10:16:01,42.85,7500,42.85,D
sh600584,长电科技,2025-10-14 10:16:04,42.86,41200,42.85,U
sh600584,长电科技,2025-10-14 10:16:10,42.87,23200,42.87,U
sh600584,长电科技,2025-10-14 10:16:13,42.88,90600,42.87,U
sh600584,长电科技,2025-10-14 10:16:16,42.88,18100,42.88,U
sh600584,长电科技,2025-10-14 10:16:19,42.89,26100,42.88,U
sh600584,长电科技,2025-10-14 10:16:22,42.9,12700,42.89,U
sh600584,长电科技,2025-10-14 10:16:25,42.89,23500,42.9,D
sh600584,长电科技,2025-10-14 10:16:28,42.9,14600,42.89,U
sh600584,长电科技,2025-10-14 10:16:31,42.91,11100,42.9,U
sh600584,长电科技,2025-10-14 10:16:34,42.9,7200,42.91,D
sh600584,长电科技,2025-10-14 10:16:37,42.88,59900,42.9,D
sh600584,长电科技,2025-10-14 10:16:40,42.88,61200,42.88,D
sh600584,长电科技,2025-10-14 10:16:43,42.88,22500,42.88,D
sh600584,长电科技,2025-10-14 10:16:46,42.88,13800,42.88,D
sh600584,长电科技,2025-10-14 10:16:52,42.89,27100,42.9,D
sh600584,长电科技,2025-10-14 10:16:55,42.9,11200,42.89,U
sh600584,长电科技,2025-10-14 10:16:58,42.9,4900,42.9,D
sh600584,长电科技,2025-10-14 10:17:01,42.91,19300,42.9,U
sh600584,长电科技,2025-10-14 10:17:07,42.92,5100,42.93,D
sh600584,长电科技,2025-10-14 10:17:10,42.93,12400,42.92,U
sh600584,长电科技,2025-10-14 10:17:13,42.94,21800,42.93,U
sh600584,长电科技,2025-10-14 10:17:16,42.92,20800,42.94,D
sh600584,长电科技,2025-10-14 10:17:19,42.94,42500,42.92,U
sh600584,长电科技,2025-10-14 10:17:22,42.92,26500,42.94,E
sh600584,长电科技,2025-10-14 10:17:25,42.92,17200,42.92,U
sh600584,长电科技,2025-10-14 10:17:28,42.92,17800,42.92,U
sh600584,长电科技,2025-10-14 10:17:31,42.92,10500,42.92,D
sh600584,长电科技,2025-10-14 10:17:34,42.93,27400,42.92,E
sh600584,长电科技,2025-10-14 10:17:37,42.93,17200,42.93,E
sh600584,长电科技,2025-10-14 10:17:43,42.94,12200,42.93,U
sh600584,长电科技,2025-10-14 10:17:46,42.94,11900,42.94,U
sh600584,长电科技,2025-10-14 10:17:49,42.94,18600,42.94,D
sh600584,长电科技,2025-10-14 10:17:52,42.94,14700,42.94,D
sh600584,长电科技,2025-10-14 10:17:55,42.95,11800,42.94,U
sh600584,长电科技,2025-10-14 10:17:58,42.95,8100,42.95,D
sh600584,长电科技,2025-10-14 10:18:01,42.96,14900,42.95,U
sh600584,长电科技,2025-10-14 10:18:04,42.96,7500,42.96,U
sh600584,长电科技,2025-10-14 10:18:07,42.97,5600,42.96,U
sh600584,长电科技,2025-10-14 10:18:10,42.98,29800,42.97,U
sh600584,长电科技,2025-10-14 10:18:13,42.98,16700,42.98,U
sh600584,长电科技,2025-10-14 10:18:16,42.99,25400,42.98,U
sh600584,长电科技,2025-10-14 10:18:19,42.98,57600,42.99,D
sh600584,长电科技,2025-10-14 10:18:22,42.99,24900,42.98,U
sh600584,长电科技,2025-10-14 10:18:25,42.99,9000,42.99,U
sh600584,长电科技,2025-10-14 10:18:28,42.99,9100,42.99,D
sh600584,长电科技,2025-10-14 10:18:31,42.98,25500,42.99,D
sh600584,长电科技,2025-10-14 10:18:34,42.99,34700,42.98,D
sh600584,长电科技,2025-10-14 10:18:37,42.98,18100,42.99,D
sh600584,长电科技,2025-10-14 10:18:40,42.96,40000,42.98,D
sh600584,长电科技,2025-10-14 10:18:43,42.96,25900,42.96,D
sh600584,长电科技,2025-10-14 10:18:46,42.96,66200,42.96,U
sh600584,长电科技,2025-10-14 10:18:52,42.97,5400,42.96,E
sh600584,长电科技,2025-10-14 10:18:55,42.99,19700,42.97,E
sh600584,长电科技,2025-10-14 10:18:58,42.97,19600,42.99,D
sh600584,长电科技,2025-10-14 10:19:01,42.97,5700,42.97,U
sh600584,长电科技,2025-10-14 10:19:04,42.98,9100,42.97,U
sh600584,长电科技,2025-10-14 10:19:10,43.03,47500,42.98,U
sh600584,长电科技,2025-10-14 10:19:13,43.04,28300,43.03,U
sh600584,长电科技,2025-10-14 10:19:16,43.1,22600,43.04,U
sh600584,长电科技,2025-10-14 10:19:22,43.11,29000,43.1,U
sh600584,长电科技,2025-10-14 10:19:25,43.11,21000,43.11,D
sh600584,长电科技,2025-10-14 10:19:28,43.12,15000,43.11,E
sh600584,长电科技,2025-10-14 10:19:31,43.1,29700,43.12,D
sh600584,长电科技,2025-10-14 10:19:34,43.13,23100,43.1,U
sh600584,长电科技,2025-10-14 10:19:37,43.13,6200,43.13,U
sh600584,长电科技,2025-10-14 10:19:40,43.11,68600,43.13,D
sh600584,长电科技,2025-10-14 10:19:43,43.13,17800,43.11,U
sh600584,长电科技,2025-10-14 10:19:46,43.13,7000,43.13,D
sh600584,长电科技,2025-10-14 10:19:49,43.11,19100,43.13,D
sh600584,长电科技,2025-10-14 10:19:52,43.11,23300,43.11,E
sh600584,长电科技,2025-10-14 10:19:55,43.12,10600,43.11,E
sh600584,长电科技,2025-10-14 10:19:58,43.12,13200,43.12,U
sh600584,长电科技,2025-10-14 10:20:01,43.11,11300,43.12,D
sh600584,长电科技,2025-10-14 10:20:04,43.12,26000,43.11,U
sh600584,长电科技,2025-10-14 10:20:07,43.08,14700,43.12,D
sh600584,长电科技,2025-10-14 10:20:10,43.09,11300,43.08,U
sh600584,长电科技,2025-10-14 10:20:13,43.1,10200,43.09,U
sh600584,长电科技,2025-10-14 10:20:19,43.06,12300,43.06,U
sh600584,长电科技,2025-10-14 10:20:22,43.09,14900,43.06,U
sh600584,长电科技,2025-10-14 10:20:28,43.05,10800,43.08,D
sh600584,长电科技,2025-10-14 10:20:31,43.0,61200,43.05,D
sh600584,长电科技,2025-10-14 10:20:34,43.03,71500,43.0,U
sh600584,长电科技,2025-10-14 10:20:37,42.99,59800,43.03,D
sh600584,长电科技,2025-10-14 10:20:40,43.03,6200,42.99,U
sh600584,长电科技,2025-10-14 10:20:43,43.02,6800,43.03,D
sh600584,长电科技,2025-10-14 10:20:49,43.04,24000,43.05,U
sh600584,长电科技,2025-10-14 10:20:52,43.03,8200,43.04,D
sh600584,长电科技,2025-10-14 10:20:58,43.05,22800,43.04,U
sh600584,长电科技,2025-10-14 10:21:01,43.04,20100,43.05,D
sh600584,长电科技,2025-10-14 10:21:04,43.06,12300,43.04,U
sh600584,长电科技,2025-10-14 10:21:07,43.05,9200,43.06,D
sh600584,长电科技,2025-10-14 10:21:10,43.05,19200,43.05,D
sh600584,长电科技,2025-10-14 10:21:13,43.05,7600,43.05,U
sh600584,长电科技,2025-10-14 10:21:16,43.05,22700,43.05,U
sh600584,长电科技,2025-10-14 10:21:19,43.04,19300,43.05,D
sh600584,长电科技,2025-10-14 10:21:22,43.05,13500,43.04,U
sh600584,长电科技,2025-10-14 10:21:25,43.05,5400,43.05,D
sh600584,长电科技,2025-10-14 10:21:28,43.04,47300,43.05,D
sh600584,长电科技,2025-10-14 10:21:31,43.04,9300,43.04,D
sh600584,长电科技,2025-10-14 10:21:34,43.02,11200,43.04,D
sh600584,长电科技,2025-10-14 10:21:37,43.01,17600,43.02,D
sh600584,长电科技,2025-10-14 10:21:40,43.01,10900,43.01,D
sh600584,长电科技,2025-10-14 10:21:43,43.01,29100,43.01,D
sh600584,长电科技,2025-10-14 10:21:46,43.01,42300,43.01,U
sh600584,长电科技,2025-10-14 10:21:49,43.0,13100,43.01,E
sh600584,长电科技,2025-10-14 10:21:52,42.93,39900,43.0,D
sh600584,长电科技,2025-10-14 10:21:55,42.93,32400,42.93,U
sh600584,长电科技,2025-10-14 10:21:58,42.93,14100,42.93,D
sh600584,长电科技,2025-10-14 10:22:01,42.99,9500,42.93,U
sh600584,长电科技,2025-10-14 10:22:04,42.96,11400,42.99,D
sh600584,长电科技,2025-10-14 10:22:07,42.91,12800,42.96,D
sh600584,长电科技,2025-10-14 10:22:10,42.91,58500,42.91,D
sh600584,长电科技,2025-10-14 10:22:13,42.87,36100,42.91,D
sh600584,长电科技,2025-10-14 10:22:16,42.85,17800,42.87,D
sh600584,长电科技,2025-10-14 10:22:19,42.82,18900,42.85,D
sh600584,长电科技,2025-10-14 10:22:22,42.81,5800,42.82,D
sh600584,长电科技,2025-10-14 10:22:25,42.81,69300,42.81,U
sh600584,长电科技,2025-10-14 10:22:28,42.81,24200,42.81,U
sh600584,长电科技,2025-10-14 10:22:31,42.81,26700,42.81,U
sh600584,长电科技,2025-10-14 10:22:34,42.81,22700,42.81,U
sh600584,长电科技,2025-10-14 10:22:37,42.81,23200,42.81,D
sh600584,长电科技,2025-10-14 10:22:40,42.81,9500,42.81,D
sh600584,长电科技,2025-10-14 10:22:43,42.81,13300,42.81,U
sh600584,长电科技,2025-10-14 10:22:46,42.81,14600,42.81,U
sh600584,长电科技,2025-10-14 10:22:49,42.8,24100,42.81,D
sh600584,长电科技,2025-10-14 10:22:52,42.81,19000,42.8,U
sh600584,长电科技,2025-10-14 10:22:55,42.8,20100,42.81,D
sh600584,长电科技,2025-10-14 10:22:58,42.81,28100,42.8,U
sh600584,长电科技,2025-10-14 10:23:01,42.81,12200,42.81,D
sh600584,长电科技,2025-10-14 10:23:04,42.8,13000,42.81,D
sh600584,长电科技,2025-10-14 10:23:07,42.8,6000,42.8,D
sh600584,长电科技,2025-10-14 10:23:10,42.81,20800,42.8,U
sh600584,长电科技,2025-10-14 10:23:13,42.8,21600,42.81,D
sh600584,长电科技,2025-10-14 10:23:16,42.81,30200,42.8,U
sh600584,长电科技,2025-10-14 10:23:19,42.82,11900,42.81,U
sh600584,长电科技,2025-10-14 10:23:22,42.81,13200,42.82,D
sh600584,长电科技,2025-10-14 10:23:25,42.82,6600,42.81,U
sh600584,长电科技,2025-10-14 10:23:28,42.81,21300,42.82,D
sh600584,长电科技,2025-10-14 10:23:31,42.81,18500,42.81,D
sh600584,长电科技,2025-10-14 10:23:34,42.78,89500,42.81,D
sh600584,长电科技,2025-10-14 10:23:37,42.76,63000,42.78,D
sh600584,长电科技,2025-10-14 10:23:40,42.75,22100,42.76,D
sh600584,长电科技,2025-10-14 10:23:43,42.76,19300,42.75,U
sh600584,长电科技,2025-10-14 10:23:46,42.76,32900,42.76,U
sh600584,长电科技,2025-10-14 10:23:49,42.76,26800,42.76,U
sh600584,长电科技,2025-10-14 10:23:52,42.77,19700,42.76,U
sh600584,长电科技,2025-10-14 10:23:55,42.76,8700,42.77,D
sh600584,长电科技,2025-10-14 10:23:58,42.77,18900,42.76,U
sh600584,长电科技,2025-10-14 10:24:01,42.77,24300,42.77,U
sh600584,长电科技,2025-10-14 10:24:04,42.77,41500,42.77,U
sh600584,长电科技,2025-10-14 10:24:07,42.76,21200,42.77,D
sh600584,长电科技,2025-10-14 10:24:10,42.76,24000,42.76,D
sh600584,长电科技,2025-10-14 10:24:13,42.77,13100,42.76,U
sh600584,长电科技,2025-10-14 10:24:16,42.77,22600,42.77,U
sh600584,长电科技,2025-10-14 10:24:19,42.76,7200,42.77,D
sh600584,长电科技,2025-10-14 10:24:22,42.76,9300,42.76,D
sh600584,长电科技,2025-10-14 10:24:25,42.77,20000,42.76,U
sh600584,长电科技,2025-10-14 10:24:28,42.77,26000,42.77,U
sh600584,长电科技,2025-10-14 10:24:31,42.77,49374,42.77,D
sh600584,长电科技,2025-10-14 10:24:34,42.76,32926,42.77,D
sh600584,长电科技,2025-10-14 10:24:37,42.75,48200,42.76,D
sh600584,长电科技,2025-10-14 10:24:40,42.75,33500,42.75,D
sh600584,长电科技,2025-10-14 10:24:43,42.75,22700,42.75,D
sh600584,长电科技,2025-10-14 10:24:46,42.76,22700,42.75,U
sh600584,长电科技,2025-10-14 10:24:49,42.75,26100,42.76,D
sh600584,长电科技,2025-10-14 10:24:52,42.75,23900,42.75,U
sh600584,长电科技,2025-10-14 10:24:55,42.76,17900,42.75,U
sh600584,长电科技,2025-10-14 10:24:58,42.75,11200,42.76,D
sh600584,长电科技,2025-10-14 10:25:01,42.75,7900,42.75,E
sh600584,长电科技,2025-10-14 10:25:04,42.74,32000,42.75,D
sh600584,长电科技,2025-10-14 10:25:07,42.74,26000,42.74,D
sh600584,长电科技,2025-10-14 10:25:10,42.74,15400,42.74,U
sh600584,长电科技,2025-10-14 10:25:13,42.73,23800,42.74,D
sh600584,长电科技,2025-10-14 10:25:16,42.74,44900,42.73,U
sh600584,长电科技,2025-10-14 10:25:22,42.73,17000,42.73,U
sh600584,长电科技,2025-10-14 10:25:28,42.73,11400,42.74,D
sh600584,长电科技,2025-10-14 10:25:31,42.73,20600,42.73,U
sh600584,长电科技,2025-10-14 10:25:34,42.73,9800,42.73,U
sh600584,长电科技,2025-10-14 10:25:37,42.72,33400,42.73,D
sh600584,长电科技,2025-10-14 10:25:40,42.73,24100,42.72,U
sh600584,长电科技,2025-10-14 10:25:43,42.72,17500,42.73,U
sh600584,长电科技,2025-10-14 10:25:46,42.72,29900,42.72,U
sh600584,长电科技,2025-10-14 10:25:49,42.73,6000,42.72,U
sh600584,长电科技,2025-10-14 10:25:52,42.72,13900,42.73,D
sh600584,长电科技,2025-10-14 10:25:55,42.73,16800,42.72,U
sh600584,长电科技,2025-10-14 10:25:58,42.73,6100,42.73,U
sh600584,长电科技,2025-10-14 10:26:07,42.73,7600,42.74,D
sh600584,长电科技,2025-10-14 10:26:10,42.74,37200,42.73,U
sh600584,长电科技,2025-10-14 10:26:13,42.75,4900,42.74,U
sh600584,长电科技,2025-10-14 10:26:16,42.75,7500,42.75,U
sh600584,长电科技,2025-10-14 10:26:19,42.74,21100,42.75,D
sh600584,长电科技,2025-10-14 10:26:25,42.8,6400,42.77,U
sh600584,长电科技,2025-10-14 10:26:28,42.76,24700,42.8,D
sh600584,长电科技,2025-10-14 10:26:31,42.78,25700,42.76,U
sh600584,长电科技,2025-10-14 10:26:37,42.78,12100,42.78,D
sh600584,长电科技,2025-10-14 10:26:40,42.78,17300,42.78,U
sh600584,长电科技,2025-10-14 10:26:43,42.78,32800,42.78,U
sh600584,长电科技,2025-10-14 10:26:46,42.77,39700,42.78,D
sh600584,长电科技,2025-10-14 10:26:49,42.78,17000,42.77,U
sh600584,长电科技,2025-10-14 10:26:52,42.77,10900,42.78,D
sh600584,长电科技,2025-10-14 10:26:55,42.77,11400,42.77,D
sh600584,长电科技,2025-10-14 10:26:58,42.78,76700,42.77,U
sh600584,长电科技,2025-10-14 10:27:01,42.78,11400,42.78,U
sh600584,长电科技,2025-10-14 10:27:07,42.79,16400,42.79,U
sh600584,长电科技,2025-10-14 10:27:13,42.8,5100,42.8,U
sh600584,长电科技,2025-10-14 10:27:22,42.78,90100,42.81,D
sh600584,长电科技,2025-10-14 10:27:25,42.74,102100,42.78,D
sh600584,长电科技,2025-10-14 10:27:28,42.73,52000,42.74,D
sh600584,长电科技,2025-10-14 10:27:31,42.74,8500,42.73,U
sh600584,长电科技,2025-10-14 10:27:34,42.74,4700,42.74,D
sh600584,长电科技,2025-10-14 10:27:37,42.75,12300,42.74,E
sh600584,长电科技,2025-10-14 10:27:40,42.74,6700,42.75,D
sh600584,长电科技,2025-10-14 10:27:43,42.74,34500,42.74,U
sh600584,长电科技,2025-10-14 10:27:46,42.74,18400,42.74,U
sh600584,长电科技,2025-10-14 10:27:49,42.74,21900,42.74,U
sh600584,长电科技,2025-10-14 10:27:52,42.74,5600,42.74,U
sh600584,长电科技,2025-10-14 10:28:01,42.74,19600,42.74,D
sh600584,长电科技,2025-10-14 10:28:04,42.75,41900,42.74,U
sh600584,长电科技,2025-10-14 10:28:07,42.74,23600,42.75,D
sh600584,长电科技,2025-10-14 10:28:10,42.74,15200,42.74,D
sh600584,长电科技,2025-10-14 10:28:13,42.74,16700,42.74,D
sh600584,长电科技,2025-10-14 10:28:16,42.75,17900,42.74,U
sh600584,长电科技,2025-10-14 10:28:19,42.74,23400,42.75,D
sh600584,长电科技,2025-10-14 10:28:22,42.74,33400,42.74,D
sh600584,长电科技,2025-10-14 10:28:25,42.72,103800,42.74,D
sh600584,长电科技,2025-10-14 10:28:28,42.72,21700,42.72,D
sh600584,长电科技,2025-10-14 10:28:31,42.71,14500,42.72,D
sh600584,长电科技,2025-10-14 10:28:34,42.71,22400,42.71,D
sh600584,长电科技,2025-10-14 10:28:37,42.72,55700,42.71,U
sh600584,长电科技,2025-10-14 10:28:40,42.71,16900,42.72,D
sh600584,长电科技,2025-10-14 10:28:43,42.72,42200,42.71,U
sh600584,长电科技,2025-10-14 10:28:46,42.71,27000,42.72,D
sh600584,长电科技,2025-10-14 10:28:49,42.71,76500,42.71,U
sh600584,长电科技,2025-10-14 10:28:52,42.71,28700,42.71,U
sh600584,长电科技,2025-10-14 10:28:55,42.7,66800,42.71,D
sh600584,长电科技,2025-10-14 10:28:58,42.7,64500,42.7,D
sh600584,长电科技,2025-10-14 10:29:01,42.71,28000,42.7,U
sh600584,长电科技,2025-10-14 10:29:04,42.7,50000,42.71,D
sh600584,长电科技,2025-10-14 10:29:07,42.71,56100,42.7,U
sh600584,长电科技,2025-10-14 10:29:10,42.7,21300,42.71,D
sh600584,长电科技,2025-10-14 10:29:13,42.69,149300,42.7,D
sh600584,长电科技,2025-10-14 10:29:16,42.69,13800,42.69,D
sh600584,长电科技,2025-10-14 10:29:19,42.68,64400,42.69,D
sh600584,长电科技,2025-10-14 10:29:22,42.69,21100,42.68,U
sh600584,长电科技,2025-10-14 10:29:25,42.69,11200,42.69,D
sh600584,长电科技,2025-10-14 10:29:28,42.68,12700,42.69,D
sh600584,长电科技,2025-10-14 10:29:31,42.69,46700,42.68,U
sh600584,长电科技,2025-10-14 10:29:34,42.68,11900,42.69,D
sh600584,长电科技,2025-10-14 10:29:37,42.69,16800,42.68,U
sh600584,长电科技,2025-10-14 10:29:40,42.68,20600,42.69,D
sh600584,长电科技,2025-10-14 10:29:43,42.68,24000,42.68,D
sh600584,长电科技,2025-10-14 10:29:46,42.69,10800,42.68,D
sh600584,长电科技,2025-10-14 10:29:49,42.68,66400,42.69,D
sh600584,长电科技,2025-10-14 10:29:52,42.68,6800,42.68,D
sh600584,长电科技,2025-10-14 10:29:55,42.68,59300,42.68,D
sh600584,长电科技,2025-10-14 10:29:58,42.68,43600,42.68,D
sh600584,长电科技,2025-10-14 10:30:01,42.69,53200,42.68,U
sh600584,长电科技,2025-10-14 10:30:04,42.68,13000,42.69,D
sh600584,长电科技,2025-10-14 10:30:07,42.68,19800,42.68,D
sh600584,长电科技,2025-10-14 10:30:10,42.71,142600,42.68,U
sh600584,长电科技,2025-10-14 10:30:13,42.69,15600,42.71,D
sh600584,长电科技,2025-10-14 10:30:16,42.7,5700,42.69,E
sh600584,长电科技,2025-10-14 10:30:19,42.74,110200,42.7,U
sh600584,长电科技,2025-10-14 10:30:25,42.69,18400,42.7,D
sh600584,长电科技,2025-10-14 10:30:28,42.69,7000,42.69,U
sh600584,长电科技,2025-10-14 10:30:31,42.69,25900,42.69,U
sh600584,长电科技,2025-10-14 10:30:34,42.68,25300,42.69,D
sh600584,长电科技,2025-10-14 10:30:37,42.69,7800,42.68,D
sh600584,长电科技,2025-10-14 10:30:40,42.69,21300,42.69,D
sh600584,长电科技,2025-10-14 10:30:43,42.69,58500,42.69,D
sh600584,长电科技,2025-10-14 10:30:46,42.7,77300,42.69,U
sh600584,长电科技,2025-10-14 10:30:52,42.69,23700,42.69,D
sh600584,长电科技,2025-10-14 10:30:55,42.7,52000,42.69,U
sh600584,长电科技,2025-10-14 10:30:58,42.68,35400,42.7,D
sh600584,长电科技,2025-10-14 10:31:01,42.67,59500,42.68,D
sh600584,长电科技,2025-10-14 10:31:04,42.66,62100,42.67,D
sh600584,长电科技,2025-10-14 10:31:07,42.65,48100,42.66,D
sh600584,长电科技,2025-10-14 10:31:10,42.65,10800,42.65,D
sh600584,长电科技,2025-10-14 10:31:13,42.67,42500,42.65,U
sh600584,长电科技,2025-10-14 10:31:16,42.66,46800,42.67,D
sh600584,长电科技,2025-10-14 10:31:19,42.67,132000,42.66,E
sh600584,长电科技,2025-10-14 10:31:22,42.67,24500,42.67,D
sh600584,长电科技,2025-10-14 10:31:25,42.82,16000,42.67,U
sh600584,长电科技,2025-10-14 10:31:28,42.76,34600,42.82,E
sh600584,长电科技,2025-10-14 10:31:31,42.75,13700,42.76,E
sh600584,长电科技,2025-10-14 10:31:34,42.75,9900,42.75,U
sh600584,长电科技,2025-10-14 10:31:37,42.7,7200,42.75,E
sh600584,长电科技,2025-10-14 10:31:40,42.74,17200,42.7,U
sh600584,长电科技,2025-10-14 10:31:43,42.72,8100,42.74,E
sh600584,长电科技,2025-10-14 10:31:46,42.74,13100,42.72,U
sh600584,长电科技,2025-10-14 10:31:49,42.71,14200,42.74,D
sh600584,长电科技,2025-10-14 10:31:52,42.7,7100,42.71,D
sh600584,长电科技,2025-10-14 10:31:55,42.7,16900,42.7,D
sh600584,长电科技,2025-10-14 10:31:58,42.72,5400,42.7,U
sh600584,长电科技,2025-10-14 10:32:01,42.73,10500,42.72,U
sh600584,长电科技,2025-10-14 10:32:04,42.73,9100,42.73,D
sh600584,长电科技,2025-10-14 10:32:07,42.73,5000,42.73,D
sh600584,长电科技,2025-10-14 10:32:10,42.72,11600,42.73,D
sh600584,长电科技,2025-10-14 10:32:13,42.73,13700,42.72,U
sh600584,长电科技,2025-10-14 10:32:16,42.71,16400,42.73,D
sh600584,长电科技,2025-10-14 10:32:19,42.71,11300,42.71,D
sh600584,长电科技,2025-10-14 10:32:22,42.7,27800,42.71,D
sh600584,长电科技,2025-10-14 10:32:28,42.69,24100,42.69,D
sh600584,长电科技,2025-10-14 10:32:31,42.69,10400,42.69,U
sh600584,长电科技,2025-10-14 10:32:34,42.67,23200,42.69,D
sh600584,长电科技,2025-10-14 10:32:37,42.69,25800,42.67,U
sh600584,长电科技,2025-10-14 10:32:40,42.71,11100,42.69,E
sh600584,长电科技,2025-10-14 10:32:43,42.69,5100,42.71,E
sh600584,长电科技,2025-10-14 10:32:46,42.71,29800,42.69,E
sh600584,长电科技,2025-10-14 10:32:52,42.69,16100,42.71,D
sh600584,长电科技,2025-10-14 10:32:55,42.7,11900,42.69,U
sh600584,长电科技,2025-10-14 10:32:58,42.71,13000,42.7,U
sh600584,长电科技,2025-10-14 10:33:01,42.7,63500,42.71,D
sh600584,长电科技,2025-10-14 10:33:04,42.68,28400,42.7,D
sh600584,长电科技,2025-10-14 10:33:07,42.7,9300,42.68,E
sh600584,长电科技,2025-10-14 10:33:10,42.69,9800,42.7,D
sh600584,长电科技,2025-10-14 10:33:13,42.68,28000,42.69,D
sh600584,长电科技,2025-10-14 10:33:16,42.67,74500,42.68,D
sh600584,长电科技,2025-10-14 10:33:19,42.68,11700,42.67,U
sh600584,长电科技,2025-10-14 10:33:22,42.68,8700,42.68,D
sh600584,长电科技,2025-10-14 10:33:25,42.68,27400,42.68,U
sh600584,长电科技,2025-10-14 10:33:28,42.66,78600,42.68,D
sh600584,长电科技,2025-10-14 10:33:31,42.66,29600,42.66,U
sh600584,长电科技,2025-10-14 10:33:34,42.66,49500,42.66,U
sh600584,长电科技,2025-10-14 10:33:37,42.65,23500,42.66,D
sh600584,长电科技,2025-10-14 10:33:40,42.65,9200,42.65,D
sh600584,长电科技,2025-10-14 10:33:43,42.66,16500,42.65,U
sh600584,长电科技,2025-10-14 10:33:46,42.65,27500,42.66,D
sh600584,长电科技,2025-10-14 10:33:49,42.65,4800,42.65,D
sh600584,长电科技,2025-10-14 10:33:52,42.65,10100,42.65,U
sh600584,长电科技,2025-10-14 10:33:55,42.65,19200,42.65,U
sh600584,长电科技,2025-10-14 10:33:58,42.65,36300,42.65,D
sh600584,长电科技,2025-10-14 10:34:01,42.65,19300,42.65,D
sh600584,长电科技,2025-10-14 10:34:04,42.64,29400,42.65,D
sh600584,长电科技,2025-10-14 10:34:07,42.65,11900,42.64,U
sh600584,长电科技,2025-10-14 10:34:10,42.64,38700,42.65,E
sh600584,长电科技,2025-10-14 10:34:13,42.62,235600,42.64,D
sh600584,长电科技,2025-10-14 10:34:16,42.63,26200,42.62,U
sh600584,长电科技,2025-10-14 10:34:19,42.61,5300,42.63,D
sh600584,长电科技,2025-10-14 10:34:22,42.61,27200,42.61,U
sh600584,长电科技,2025-10-14 10:34:25,42.61,33200,42.61,U
sh600584,长电科技,2025-10-14 10:34:28,42.6,64200,42.61,D
sh600584,长电科技,2025-10-14 10:34:31,42.6,17700,42.6,U
sh600584,长电科技,2025-10-14 10:34:34,42.58,11700,42.6,D
sh600584,长电科技,2025-10-14 10:34:37,42.57,62700,42.58,D
sh600584,长电科技,2025-10-14 10:34:40,42.57,26200,42.57,U
sh600584,长电科技,2025-10-14 10:34:43,42.56,63900,42.57,U
sh600584,长电科技,2025-10-14 10:34:46,42.57,54600,42.56,U
sh600584,长电科技,2025-10-14 10:34:49,42.56,24600,42.57,D
sh600584,长电科技,2025-10-14 10:34:52,42.57,26200,42.56,U
sh600584,长电科技,2025-10-14 10:34:55,42.55,12300,42.57,D
sh600584,长电科技,2025-10-14 10:34:58,42.56,61700,42.55,U
sh600584,长电科技,2025-10-14 10:35:01,42.55,35400,42.56,D
sh600584,长电科技,2025-10-14 10:35:04,42.55,27500,42.55,U
sh600584,长电科技,2025-10-14 10:35:07,42.54,26900,42.55,E
sh600584,长电科技,2025-10-14 10:35:10,42.53,20900,42.54,D
sh600584,长电科技,2025-10-14 10:35:13,42.52,12600,42.53,D
sh600584,长电科技,2025-10-14 10:35:16,42.52,21800,42.52,D
sh600584,长电科技,2025-10-14 10:35:19,42.51,17400,42.52,D
sh600584,长电科技,2025-10-14 10:35:22,42.52,29900,42.51,U
sh600584,长电科技,2025-10-14 10:35:25,42.51,215900,42.52,D
sh600584,长电科技,2025-10-14 10:35:28,42.5,56200,42.51,D
sh600584,长电科技,2025-10-14 10:35:31,42.49,174700,42.5,D
sh600584,长电科技,2025-10-14 10:35:34,42.49,11200,42.49,D
sh600584,长电科技,2025-10-14 10:35:37,42.49,48200,42.49,U
sh600584,长电科技,2025-10-14 10:35:40,42.51,225300,42.49,U
sh600584,长电科技,2025-10-14 10:35:43,42.53,95600,42.51,U
sh600584,长电科技,2025-10-14 10:35:46,42.52,26300,42.53,D
sh600584,长电科技,2025-10-14 10:35:49,42.52,20900,42.52,D
sh600584,长电科技,2025-10-14 10:35:52,42.52,65400,42.52,U
sh600584,长电科技,2025-10-14 10:35:55,42.51,22100,42.52,E
sh600584,长电科技,2025-10-14 10:35:58,42.5,64700,42.51,D
sh600584,长电科技,2025-10-14 10:36:01,42.5,19300,42.5,U
sh600584,长电科技,2025-10-14 10:36:04,42.47,16200,42.5,D
sh600584,长电科技,2025-10-14 10:36:07,42.45,59100,42.47,D
sh600584,长电科技,2025-10-14 10:36:10,42.44,58700,42.45,D
sh600584,长电科技,2025-10-14 10:36:13,42.43,37300,42.44,D
sh600584,长电科技,2025-10-14 10:36:16,42.46,196300,42.43,U
sh600584,长电科技,2025-10-14 10:36:19,42.46,72600,42.46,D
sh600584,长电科技,2025-10-14 10:36:22,42.46,72600,42.46,D
sh600584,长电科技,2025-10-14 10:36:25,42.44,11500,42.46,D
sh600584,长电科技,2025-10-14 10:36:28,42.45,23700,42.44,U
sh600584,长电科技,2025-10-14 10:36:31,42.46,100500,42.45,U
sh600584,长电科技,2025-10-14 10:36:34,42.43,30900,42.46,D
sh600584,长电科技,2025-10-14 10:36:37,42.43,24600,42.43,D
sh600584,长电科技,2025-10-14 10:36:40,42.43,48100,42.43,U
sh600584,长电科技,2025-10-14 10:36:43,42.5,90100,42.43,U
sh600584,长电科技,2025-10-14 10:36:46,42.41,30500,42.5,D
sh600584,长电科技,2025-10-14 10:36:49,42.49,28600,42.41,U
sh600584,长电科技,2025-10-14 10:36:52,42.49,13400,42.49,U
sh600584,长电科技,2025-10-14 10:36:55,42.43,22200,42.49,D
sh600584,长电科技,2025-10-14 10:36:58,42.43,40200,42.43,D
sh600584,长电科技,2025-10-14 10:37:01,42.43,25800,42.43,D
sh600584,长电科技,2025-10-14 10:37:04,42.44,35900,42.43,D
sh600584,长电科技,2025-10-14 10:37:07,42.44,65200,42.44,D
sh600584,长电科技,2025-10-14 10:37:10,42.45,67659,42.44,U
sh600584,长电科技,2025-10-14 10:37:13,42.45,21800,42.45,D
sh600584,长电科技,2025-10-14 10:37:16,42.49,36100,42.45,U
sh600584,长电科技,2025-10-14 10:37:19,42.5,63870,42.49,U
sh600584,长电科技,2025-10-14 10:37:22,42.45,54500,42.5,D
sh600584,长电科技,2025-10-14 10:37:25,42.48,14100,42.45,E
sh600584,长电科技,2025-10-14 10:37:28,42.46,37200,42.48,D
sh600584,长电科技,2025-10-14 10:37:31,42.51,26600,42.46,U
sh600584,长电科技,2025-10-14 10:37:34,42.49,33800,42.51,E
sh600584,长电科技,2025-10-14 10:37:37,42.49,29300,42.49,U
sh600584,长电科技,2025-10-14 10:37:40,42.46,30000,42.49,D
sh600584,长电科技,2025-10-14 10:37:43,42.44,35230,42.46,D
sh600584,长电科技,2025-10-14 10:37:46,42.45,21200,42.44,U
sh600584,长电科技,2025-10-14 10:37:49,42.43,51100,42.45,D
sh600584,长电科技,2025-10-14 10:37:52,42.44,7100,42.43,U
sh600584,长电科技,2025-10-14 10:37:55,42.44,42300,42.44,U
sh600584,长电科技,2025-10-14 10:37:58,42.42,12300,42.44,D
sh600584,长电科技,2025-10-14 10:38:01,42.43,32200,42.42,U
sh600584,长电科技,2025-10-14 10:38:04,42.43,31700,42.43,U
sh600584,长电科技,2025-10-14 10:38:07,42.44,19200,42.43,U
sh600584,长电科技,2025-10-14 10:38:10,42.43,29900,42.44,D
sh600584,长电科技,2025-10-14 10:38:13,42.43,28600,42.43,U
sh600584,长电科技,2025-10-14 10:38:16,42.43,34700,42.43,U
sh600584,长电科技,2025-10-14 10:38:19,42.43,70300,42.43,U
sh600584,长电科技,2025-10-14 10:38:22,42.44,68000,42.43,U
sh600584,长电科技,2025-10-14 10:38:25,42.44,22400,42.44,U
sh600584,长电科技,2025-10-14 10:38:28,42.43,51800,42.44,D
sh600584,长电科技,2025-10-14 10:38:31,42.43,24600,42.43,D
sh600584,长电科技,2025-10-14 10:38:34,42.42,30400,42.43,D
sh600584,长电科技,2025-10-14 10:38:37,42.43,29300,42.42,E
sh600584,长电科技,2025-10-14 10:38:40,42.42,14100,42.43,D
sh600584,长电科技,2025-10-14 10:38:43,42.43,32700,42.42,U
sh600584,长电科技,2025-10-14 10:38:46,42.42,8900,42.43,D
sh600584,长电科技,2025-10-14 10:38:49,42.43,32900,42.42,U
sh600584,长电科技,2025-10-14 10:38:52,42.43,77200,42.43,D
sh600584,长电科技,2025-10-14 10:38:55,42.43,17000,42.43,U
sh600584,长电科技,2025-10-14 10:38:58,42.43,51000,42.43,U
sh600584,长电科技,2025-10-14 10:39:01,42.43,24100,42.43,D
sh600584,长电科技,2025-10-14 10:39:04,42.42,86100,42.43,D
sh600584,长电科技,2025-10-14 10:39:07,42.43,13300,42.42,U
sh600584,长电科技,2025-10-14 10:39:10,42.42,18100,42.43,D
sh600584,长电科技,2025-10-14 10:39:13,42.41,17600,42.42,D
sh600584,长电科技,2025-10-14 10:39:16,42.43,11900,42.41,U
sh600584,长电科技,2025-10-14 10:39:19,42.42,10300,42.43,D
sh600584,长电科技,2025-10-14 10:39:22,42.42,24400,42.42,D
sh600584,长电科技,2025-10-14 10:39:25,42.43,51600,42.42,U
sh600584,长电科技,2025-10-14 10:39:28,42.42,27800,42.43,D
sh600584,长电科技,2025-10-14 10:39:31,42.42,20300,42.42,D
sh600584,长电科技,2025-10-14 10:39:34,42.42,24200,42.42,D
sh600584,长电科技,2025-10-14 10:39:37,42.42,20500,42.42,U
sh600584,长电科技,2025-10-14 10:39:40,42.42,27000,42.42,U
sh600584,长电科技,2025-10-14 10:39:43,42.41,13900,42.42,D
sh600584,长电科技,2025-10-14 10:39:46,42.42,17000,42.41,U
sh600584,长电科技,2025-10-14 10:39:49,42.42,10300,42.42,D
sh600584,长电科技,2025-10-14 10:39:52,42.42,9800,42.42,U
sh600584,长电科技,2025-10-14 10:39:55,42.42,19400,42.42,U
sh600584,长电科技,2025-10-14 10:39:58,42.42,18400,42.42,U
sh600584,长电科技,2025-10-14 10:40:01,42.42,17400,42.42,D
sh600584,长电科技,2025-10-14 10:40:04,42.42,64000,42.42,D
sh600584,长电科技,2025-10-14 10:40:07,42.4,176000,42.42,D
sh600584,长电科技,2025-10-14 10:40:10,42.4,112200,42.4,D
sh600584,长电科技,2025-10-14 10:40:13,42.4,17200,42.4,U
sh600584,长电科技,2025-10-14 10:40:16,42.38,36000,42.4,D
sh600584,长电科技,2025-10-14 10:40:19,42.37,44400,42.38,D
sh600584,长电科技,2025-10-14 10:40:22,42.38,17300,42.37,U
sh600584,长电科技,2025-10-14 10:40:25,42.36,24500,42.38,D
sh600584,长电科技,2025-10-14 10:40:28,42.36,24500,42.36,D
sh600584,长电科技,2025-10-14 10:40:31,42.35,10400,42.36,D
sh600584,长电科技,2025-10-14 10:40:34,42.34,82900,42.35,D
sh600584,长电科技,2025-10-14 10:40:37,42.31,11400,42.34,D
sh600584,长电科技,2025-10-14 10:40:40,42.3,38300,42.31,D
sh600584,长电科技,2025-10-14 10:40:43,42.3,54200,42.3,D
sh600584,长电科技,2025-10-14 10:40:46,42.28,34088,42.3,D
sh600584,长电科技,2025-10-14 10:40:49,42.28,20812,42.28,D
sh600584,长电科技,2025-10-14 10:40:52,42.28,16300,42.28,D
sh600584,长电科技,2025-10-14 10:40:55,42.26,13100,42.28,D
sh600584,长电科技,2025-10-14 10:40:58,42.25,24200,42.26,D
sh600584,长电科技,2025-10-14 10:41:01,42.25,24800,42.25,D
sh600584,长电科技,2025-10-14 10:41:04,42.25,47400,42.25,D
sh600584,长电科技,2025-10-14 10:41:07,42.24,29600,42.25,D
sh600584,长电科技,2025-10-14 10:41:10,42.21,51700,42.24,D
sh600584,长电科技,2025-10-14 10:41:13,42.22,19800,42.21,E
sh600584,长电科技,2025-10-14 10:41:16,42.23,207000,42.22,U
sh600584,长电科技,2025-10-14 10:41:19,42.21,109700,42.23,D
sh600584,长电科技,2025-10-14 10:41:22,42.23,36800,42.21,U
sh600584,长电科技,2025-10-14 10:41:25,42.23,58300,42.23,D
sh600584,长电科技,2025-10-14 10:41:28,42.23,39900,42.23,D
sh600584,长电科技,2025-10-14 10:41:31,42.24,176500,42.23,E
sh600584,长电科技,2025-10-14 10:41:34,42.28,66100,42.24,U
sh600584,长电科技,2025-10-14 10:41:37,42.31,53700,42.28,U
sh600584,长电科技,2025-10-14 10:41:40,42.31,20000,42.31,U
sh600584,长电科技,2025-10-14 10:41:43,42.28,15400,42.31,D
sh600584,长电科技,2025-10-14 10:41:46,42.32,27700,42.28,U
sh600584,长电科技,2025-10-14 10:41:49,42.31,9800,42.32,D
sh600584,长电科技,2025-10-14 10:41:52,42.31,15600,42.31,D
sh600584,长电科技,2025-10-14 10:41:55,42.34,12600,42.31,E
sh600584,长电科技,2025-10-14 10:41:58,42.35,28400,42.34,U
sh600584,长电科技,2025-10-14 10:42:01,42.35,14100,42.35,U
sh600584,长电科技,2025-10-14 10:42:04,42.35,32600,42.35,U
sh600584,长电科技,2025-10-14 10:42:07,42.34,21200,42.35,E
sh600584,长电科技,2025-10-14 10:42:10,42.34,23500,42.34,U
sh600584,长电科技,2025-10-14 10:42:13,42.33,35700,42.34,D
sh600584,长电科技,2025-10-14 10:42:16,42.38,66200,42.33,U
sh600584,长电科技,2025-10-14 10:42:19,42.37,7600,42.38,D
sh600584,长电科技,2025-10-14 10:42:22,42.38,27300,42.37,U
sh600584,长电科技,2025-10-14 10:42:25,42.42,7100,42.38,U
sh600584,长电科技,2025-10-14 10:42:28,42.4,6600,42.42,E
sh600584,长电科技,2025-10-14 10:42:34,42.38,33500,42.39,D
sh600584,长电科技,2025-10-14 10:42:37,42.4,21300,42.38,U
sh600584,长电科技,2025-10-14 10:42:40,42.4,17800,42.4,U
sh600584,长电科技,2025-10-14 10:42:43,42.41,7600,42.4,U
sh600584,长电科技,2025-10-14 10:42:46,42.41,7000,42.41,U
sh600584,长电科技,2025-10-14 10:42:49,42.42,13200,42.41,U
sh600584,长电科技,2025-10-14 10:42:55,42.42,20700,42.41,U
sh600584,长电科技,2025-10-14 10:42:58,42.43,13900,42.42,U
sh600584,长电科技,2025-10-14 10:43:01,42.42,11500,42.43,D
sh600584,长电科技,2025-10-14 10:43:07,42.43,9400,42.44,D
sh600584,长电科技,2025-10-14 10:43:10,42.45,28900,42.43,U
sh600584,长电科技,2025-10-14 10:43:13,42.46,5200,42.45,U
sh600584,长电科技,2025-10-14 10:43:16,42.45,8900,42.46,U
sh600584,长电科技,2025-10-14 10:43:19,42.45,41600,42.45,U
sh600584,长电科技,2025-10-14 10:43:22,42.45,27100,42.45,D
sh600584,长电科技,2025-10-14 10:43:25,42.45,21900,42.45,D
sh600584,长电科技,2025-10-14 10:43:28,42.45,12700,42.45,D
sh600584,长电科技,2025-10-14 10:43:31,42.46,58400,42.45,U
sh600584,长电科技,2025-10-14 10:43:34,42.46,13500,42.46,U
sh600584,长电科技,2025-10-14 10:43:37,42.46,7900,42.46,D
sh600584,长电科技,2025-10-14 10:43:40,42.47,11500,42.46,U
sh600584,长电科技,2025-10-14 10:43:43,42.45,93200,42.47,D
sh600584,长电科技,2025-10-14 10:43:46,42.43,30500,42.45,D
sh600584,长电科技,2025-10-14 10:43:49,42.45,5900,42.43,U
sh600584,长电科技,2025-10-14 10:43:52,42.43,9200,42.45,E
sh600584,长电科技,2025-10-14 10:43:55,42.44,5900,42.43,U
sh600584,长电科技,2025-10-14 10:43:58,42.44,11500,42.44,D
sh600584,长电科技,2025-10-14 10:44:01,42.45,9400,42.44,U
sh600584,长电科技,2025-10-14 10:44:04,42.45,30800,42.45,U
sh600584,长电科技,2025-10-14 10:44:07,42.44,18300,42.45,D
sh600584,长电科技,2025-10-14 10:44:10,42.45,24500,42.44,U
sh600584,长电科技,2025-10-14 10:44:13,42.44,15500,42.45,D
sh600584,长电科技,2025-10-14 10:44:16,42.45,8300,42.44,U
sh600584,长电科技,2025-10-14 10:44:19,42.44,11500,42.45,D
sh600584,长电科技,2025-10-14 10:44:22,42.44,14700,42.44,D
sh600584,长电科技,2025-10-14 10:44:25,42.43,32000,42.44,D
sh600584,长电科技,2025-10-14 10:44:31,42.43,8300,42.44,D
sh600584,长电科技,2025-10-14 10:44:34,42.44,14100,42.43,U
sh600584,长电科技,2025-10-14 10:44:40,42.44,10100,42.44,D
sh600584,长电科技,2025-10-14 10:44:46,42.44,10300,42.43,U
sh600584,长电科技,2025-10-14 10:44:49,42.44,23100,42.44,U
sh600584,长电科技,2025-10-14 10:44:52,42.44,25100,42.44,D
sh600584,长电科技,2025-10-14 10:44:55,42.44,24300,42.44,D
sh600584,长电科技,2025-10-14 10:44:58,42.44,5200,42.44,U
sh600584,长电科技,2025-10-14 10:45:01,42.43,44300,42.44,D
sh600584,长电科技,2025-10-14 10:45:04,42.42,20600,42.43,E
sh600584,长电科技,2025-10-14 10:45:07,42.4,19200,42.42,D
sh600584,长电科技,2025-10-14 10:45:10,42.39,27100,42.4,D
sh600584,长电科技,2025-10-14 10:45:13,42.39,11200,42.39,D
sh600584,长电科技,2025-10-14 10:45:16,42.39,28100,42.39,D
sh600584,长电科技,2025-10-14 10:45:19,42.39,8100,42.39,U
sh600584,长电科技,2025-10-14 10:45:22,42.38,6600,42.39,D
sh600584,长电科技,2025-10-14 10:45:28,42.37,8800,42.37,D
sh600584,长电科技,2025-10-14 10:45:31,42.36,6900,42.37,D
sh600584,长电科技,2025-10-14 10:45:37,42.35,7800,42.35,D
sh600584,长电科技,2025-10-14 10:45:40,42.35,14400,42.35,D
sh600584,长电科技,2025-10-14 10:45:46,42.33,7800,42.35,D
sh600584,长电科技,2025-10-14 10:45:49,42.32,21100,42.33,D
sh600584,长电科技,2025-10-14 10:45:52,42.32,32800,42.32,D
sh600584,长电科技,2025-10-14 10:45:55,42.33,8800,42.32,E
sh600584,长电科技,2025-10-14 10:45:58,42.32,6100,42.33,E
sh600584,长电科技,2025-10-14 10:46:01,42.32,13600,42.32,D
sh600584,长电科技,2025-10-14 10:46:04,42.32,35900,42.32,U
sh600584,长电科技,2025-10-14 10:46:07,42.32,19600,42.32,U
sh600584,长电科技,2025-10-14 10:46:10,42.32,7000,42.32,U
sh600584,长电科技,2025-10-14 10:46:13,42.29,36800,42.32,D
sh600584,长电科技,2025-10-14 10:46:16,42.3,9600,42.29,U
sh600584,长电科技,2025-10-14 10:46:19,42.29,9700,42.3,D
sh600584,长电科技,2025-10-14 10:46:22,42.3,6600,42.29,U
sh600584,长电科技,2025-10-14 10:46:25,42.29,20100,42.3,D
sh600584,长电科技,2025-10-14 10:46:28,42.29,7300,42.29,D
sh600584,长电科技,2025-10-14 10:46:31,42.29,11800,42.29,U
sh600584,长电科技,2025-10-14 10:46:34,42.28,19600,42.29,D
sh600584,长电科技,2025-10-14 10:46:37,42.28,17700,42.28,D
sh600584,长电科技,2025-10-14 10:46:40,42.28,5600,42.28,U
sh600584,长电科技,2025-10-14 10:46:43,42.28,19400,42.28,U
sh600584,长电科技,2025-10-14 10:46:46,42.28,12900,42.28,U
sh600584,长电科技,2025-10-14 10:46:49,42.27,12200,42.28,D
sh600584,长电科技,2025-10-14 10:46:52,42.27,14100,42.27,U
sh600584,长电科技,2025-10-14 10:46:55,42.28,68100,42.27,U
sh600584,长电科技,2025-10-14 10:46:58,42.32,51900,42.28,U
sh600584,长电科技,2025-10-14 10:47:01,42.28,26400,42.32,D
sh600584,长电科技,2025-10-14 10:47:04,42.32,4900,42.28,E
sh600584,长电科技,2025-10-14 10:47:07,42.32,10600,42.32,U
sh600584,长电科技,2025-10-14 10:47:10,42.3,14700,42.32,E
sh600584,长电科技,2025-10-14 10:47:13,42.28,9500,42.3,D
sh600584,长电科技,2025-10-14 10:47:16,42.28,7800,42.28,D
sh600584,长电科技,2025-10-14 10:47:19,42.29,4900,42.28,U
sh600584,长电科技,2025-10-14 10:47:22,42.28,14000,42.29,D
sh600584,长电科技,2025-10-14 10:47:25,42.28,19600,42.28,D
sh600584,长电科技,2025-10-14 10:47:28,42.29,16100,42.28,E
sh600584,长电科技,2025-10-14 10:47:31,42.28,32100,42.29,D
sh600584,长电科技,2025-10-14 10:47:34,42.28,8800,42.28,U
sh600584,长电科技,2025-10-14 10:47:37,42.28,20300,42.28,U
sh600584,长电科技,2025-10-14 10:47:40,42.27,33600,42.28,D
sh600584,长电科技,2025-10-14 10:47:43,42.27,20400,42.27,U
sh600584,长电科技,2025-10-14 10:47:46,42.26,26000,42.27,D
sh600584,长电科技,2025-10-14 10:47:49,42.26,18500,42.26,D
sh600584,长电科技,2025-10-14 10:47:52,42.27,25200,42.26,U
sh600584,长电科技,2025-10-14 10:47:55,42.26,9400,42.27,U
sh600584,长电科技,2025-10-14 10:47:58,42.25,64900,42.26,D
sh600584,长电科技,2025-10-14 10:48:01,42.23,14800,42.25,D
sh600584,长电科技,2025-10-14 10:48:04,42.23,10100,42.23,D
sh600584,长电科技,2025-10-14 10:48:07,42.23,16300,42.23,D
sh600584,长电科技,2025-10-14 10:48:10,42.22,16100,42.23,D
sh600584,长电科技,2025-10-14 10:48:13,42.22,14600,42.22,D
sh600584,长电科技,2025-10-14 10:48:16,42.22,17600,42.22,U
sh600584,长电科技,2025-10-14 10:48:19,42.22,74700,42.22,U
sh600584,长电科技,2025-10-14 10:48:22,42.23,24000,42.22,U
sh600584,长电科技,2025-10-14 10:48:25,42.23,18700,42.23,U
sh600584,长电科技,2025-10-14 10:48:28,42.22,33400,42.23,D
sh600584,长电科技,2025-10-14 10:48:31,42.21,14700,42.22,D
sh600584,长电科技,2025-10-14 10:48:34,42.21,19800,42.21,D
sh600584,长电科技,2025-10-14 10:48:37,42.21,122300,42.21,D
sh600584,长电科技,2025-10-14 10:48:40,42.21,10900,42.21,U
sh600584,长电科技,2025-10-14 10:48:43,42.22,66500,42.21,U
sh600584,长电科技,2025-10-14 10:48:46,42.22,22400,42.22,D
sh600584,长电科技,2025-10-14 10:48:49,42.22,8400,42.22,U
sh600584,长电科技,2025-10-14 10:48:52,42.21,11400,42.22,D
sh600584,长电科技,2025-10-14 10:48:55,42.21,62400,42.21,U
sh600584,长电科技,2025-10-14 10:48:58,42.2,19000,42.21,D
sh600584,长电科技,2025-10-14 10:49:01,42.2,29800,42.2,D
sh600584,长电科技,2025-10-14 10:49:04,42.2,17800,42.2,D
sh600584,长电科技,2025-10-14 10:49:07,42.22,24000,42.2,U
sh600584,长电科技,2025-10-14 10:49:10,42.21,20600,42.22,E
sh600584,长电科技,2025-10-14 10:49:13,42.21,37400,42.21,U
sh600584,长电科技,2025-10-14 10:49:16,42.21,31100,42.21,U
sh600584,长电科技,2025-10-14 10:49:19,42.21,10600,42.21,D
sh600584,长电科技,2025-10-14 10:49:22,42.21,14400,42.21,D
sh600584,长电科技,2025-10-14 10:49:25,42.2,14300,42.21,D
sh600584,长电科技,2025-10-14 10:49:28,42.21,13900,42.2,U
sh600584,长电科技,2025-10-14 10:49:31,42.21,19346,42.21,D
sh600584,长电科技,2025-10-14 10:49:34,42.21,12900,42.21,D
sh600584,长电科技,2025-10-14 10:49:37,42.2,11900,42.21,D
sh600584,长电科技,2025-10-14 10:49:40,42.21,17400,42.2,U
sh600584,长电科技,2025-10-14 10:49:43,42.21,45200,42.21,U
sh600584,长电科技,2025-10-14 10:49:46,42.19,14654,42.21,D
sh600584,长电科技,2025-10-14 10:49:49,42.2,26900,42.19,U
sh600584,长电科技,2025-10-14 10:49:55,42.2,14500,42.2,U
sh600584,长电科技,2025-10-14 10:49:58,42.19,26000,42.2,D
sh600584,长电科技,2025-10-14 10:50:01,42.2,29900,42.19,U
sh600584,长电科技,2025-10-14 10:50:04,42.2,33700,42.2,U
sh600584,长电科技,2025-10-14 10:50:07,42.2,44000,42.2,U
sh600584,长电科技,2025-10-14 10:50:10,42.2,13100,42.2,D
sh600584,长电科技,2025-10-14 10:50:13,42.19,12500,42.2,D
sh600584,长电科技,2025-10-14 10:50:16,42.2,11100,42.19,U
sh600584,长电科技,2025-10-14 10:50:19,42.21,29500,42.2,U
sh600584,长电科技,2025-10-14 10:50:22,42.21,10800,42.21,U
sh600584,长电科技,2025-10-14 10:50:25,42.2,33500,42.21,D
sh600584,长电科技,2025-10-14 10:50:28,42.21,9300,42.2,U
sh600584,长电科技,2025-10-14 10:50:31,42.2,17900,42.21,D
sh600584,长电科技,2025-10-14 10:50:34,42.21,13100,42.2,U
sh600584,长电科技,2025-10-14 10:50:40,42.21,13500,42.21,U
sh600584,长电科技,2025-10-14 10:50:43,42.2,21300,42.21,D
sh600584,长电科技,2025-10-14 10:50:46,42.2,6100,42.2,U
sh600584,长电科技,2025-10-14 10:50:49,42.19,11200,42.2,D
sh600584,长电科技,2025-10-14 10:50:52,42.19,45500,42.19,D
sh600584,长电科技,2025-10-14 10:50:55,42.18,24500,42.19,D
sh600584,长电科技,2025-10-14 10:50:58,42.18,30700,42.18,D
sh600584,长电科技,2025-10-14 10:51:01,42.19,22300,42.18,U
sh600584,长电科技,2025-10-14 10:51:04,42.19,16700,42.19,U
sh600584,长电科技,2025-10-14 10:51:07,42.18,35500,42.19,D
sh600584,长电科技,2025-10-14 10:51:10,42.18,66000,42.18,U
sh600584,长电科技,2025-10-14 10:51:16,42.18,28100,42.19,D
sh600584,长电科技,2025-10-14 10:51:19,42.17,8000,42.18,D
sh600584,长电科技,2025-10-14 10:51:22,42.17,9600,42.17,D
sh600584,长电科技,2025-10-14 10:51:25,42.17,41700,42.17,D
sh600584,长电科技,2025-10-14 10:51:28,42.16,8100,42.17,D
sh600584,长电科技,2025-10-14 10:51:31,42.16,7000,42.16,U
sh600584,长电科技,2025-10-14 10:51:34,42.15,89500,42.16,D
sh600584,长电科技,2025-10-14 10:51:37,42.18,80000,42.15,U
sh600584,长电科技,2025-10-14 10:51:40,42.18,42500,42.18,U
sh600584,长电科技,2025-10-14 10:51:46,42.2,32800,42.19,U
sh600584,长电科技,2025-10-14 10:51:52,42.18,8000,42.19,D
sh600584,长电科技,2025-10-14 10:51:55,42.18,11600,42.18,U
sh600584,长电科技,2025-10-14 10:51:58,42.15,42800,42.18,D
sh600584,长电科技,2025-10-14 10:52:01,42.19,7100,42.15,E
sh600584,长电科技,2025-10-14 10:52:04,42.17,13400,42.19,D
sh600584,长电科技,2025-10-14 10:52:07,42.17,25400,42.17,U
sh600584,长电科技,2025-10-14 10:52:10,42.17,21400,42.17,D
sh600584,长电科技,2025-10-14 10:52:13,42.17,49100,42.17,D
sh600584,长电科技,2025-10-14 10:52:16,42.18,56200,42.17,U
sh600584,长电科技,2025-10-14 10:52:19,42.18,20800,42.18,D
sh600584,长电科技,2025-10-14 10:52:22,42.17,214300,42.18,D
sh600584,长电科技,2025-10-14 10:52:25,42.17,9800,42.17,U
sh600584,长电科技,2025-10-14 10:52:28,42.17,9900,42.17,D
sh600584,长电科技,2025-10-14 10:52:34,42.17,24400,42.16,U
sh600584,长电科技,2025-10-14 10:52:37,42.17,17400,42.17,D
sh600584,长电科技,2025-10-14 10:52:40,42.16,9000,42.17,D
sh600584,长电科技,2025-10-14 10:52:46,42.16,18700,42.16,U
sh600584,长电科技,2025-10-14 10:52:49,42.15,11200,42.16,D
sh600584,长电科技,2025-10-14 10:52:52,42.15,12700,42.15,D
sh600584,长电科技,2025-10-14 10:52:55,42.15,10900,42.15,D
sh600584,长电科技,2025-10-14 10:52:58,42.15,13500,42.15,D
sh600584,长电科技,2025-10-14 10:53:01,42.14,15600,42.15,D
sh600584,长电科技,2025-10-14 10:53:04,42.16,114000,42.14,U
sh600584,长电科技,2025-10-14 10:53:07,42.15,7400,42.16,D
sh600584,长电科技,2025-10-14 10:53:10,42.15,17200,42.15,D
sh600584,长电科技,2025-10-14 10:53:13,42.16,22100,42.15,U
sh600584,长电科技,2025-10-14 10:53:16,42.14,16400,42.16,D
sh600584,长电科技,2025-10-14 10:53:19,42.13,12000,42.14,D
sh600584,长电科技,2025-10-14 10:53:22,42.14,29500,42.13,U
sh600584,长电科技,2025-10-14 10:53:25,42.12,4800,42.14,D
sh600584,长电科技,2025-10-14 10:53:28,42.11,57200,42.12,D
sh600584,长电科技,2025-10-14 10:53:31,42.12,11300,42.11,U
sh600584,长电科技,2025-10-14 10:53:34,42.11,16800,42.12,D
sh600584,长电科技,2025-10-14 10:53:37,42.1,28800,42.11,D
sh600584,长电科技,2025-10-14 10:53:40,42.1,11300,42.1,D
sh600584,长电科技,2025-10-14 10:53:43,42.1,59600,42.1,D
sh600584,长电科技,2025-10-14 10:53:46,42.1,7900,42.1,U
sh600584,长电科技,2025-10-14 10:53:49,42.09,13400,42.1,D
sh600584,长电科技,2025-10-14 10:53:52,42.08,30100,42.09,D
sh600584,长电科技,2025-10-14 10:53:55,42.08,27600,42.08,D
sh600584,长电科技,2025-10-14 10:53:58,42.08,5000,42.08,U
sh600584,长电科技,2025-10-14 10:54:01,42.08,26900,42.08,U
sh600584,长电科技,2025-10-14 10:54:04,42.06,34500,42.08,D
sh600584,长电科技,2025-10-14 10:54:07,42.06,11200,42.06,D
sh600584,长电科技,2025-10-14 10:54:10,42.06,29700,42.06,U
sh600584,长电科技,2025-10-14 10:54:13,42.05,28200,42.06,D
sh600584,长电科技,2025-10-14 10:54:16,42.04,8700,42.05,E
sh600584,长电科技,2025-10-14 10:54:19,42.03,22400,42.04,D
sh600584,长电科技,2025-10-14 10:54:22,42.04,40300,42.03,D
sh600584,长电科技,2025-10-14 10:54:25,42.02,8500,42.04,D
sh600584,长电科技,2025-10-14 10:54:28,42.02,43300,42.02,D
sh600584,长电科技,2025-10-14 10:54:31,42.04,246700,42.02,U
sh600584,长电科技,2025-10-14 10:54:34,42.04,48000,42.04,D
sh600584,长电科技,2025-10-14 10:54:37,42.04,129546,42.04,D
sh600584,长电科技,2025-10-14 10:54:40,42.04,46300,42.04,D
sh600584,长电科技,2025-10-14 10:54:43,42.05,17900,42.04,D
sh600584,长电科技,2025-10-14 10:54:46,42.05,23300,42.05,D
sh600584,长电科技,2025-10-14 10:54:49,42.05,36100,42.05,D
sh600584,长电科技,2025-10-14 10:54:52,42.05,10200,42.05,D
sh600584,长电科技,2025-10-14 10:54:55,42.06,10400,42.05,E
sh600584,长电科技,2025-10-14 10:54:58,42.06,31200,42.06,D
sh600584,长电科技,2025-10-14 10:55:01,42.08,41600,42.06,U
sh600584,长电科技,2025-10-14 10:55:04,42.15,88700,42.08,U
sh600584,长电科技,2025-10-14 10:55:07,42.15,10200,42.15,U
sh600584,长电科技,2025-10-14 10:55:10,42.15,8000,42.15,U
sh600584,长电科技,2025-10-14 10:55:13,42.1,41400,42.15,D
sh600584,长电科技,2025-10-14 10:55:16,42.12,19300,42.1,U
sh600584,长电科技,2025-10-14 10:55:19,42.14,31300,42.12,E
sh600584,长电科技,2025-10-14 10:55:22,42.13,16400,42.14,E
sh600584,长电科技,2025-10-14 10:55:25,42.13,17000,42.13,U
sh600584,长电科技,2025-10-14 10:55:28,42.13,16600,42.13,D
sh600584,长电科技,2025-10-14 10:55:31,42.15,25900,42.13,U
sh600584,长电科技,2025-10-14 10:55:37,42.16,18200,42.16,U
sh600584,长电科技,2025-10-14 10:55:40,42.19,17400,42.16,U
sh600584,长电科技,2025-10-14 10:55:43,42.19,12800,42.19,D
sh600584,长电科技,2025-10-14 10:55:46,42.19,12100,42.19,D
sh600584,长电科技,2025-10-14 10:55:49,42.2,11200,42.19,U
sh600584,长电科技,2025-10-14 10:55:52,42.2,17800,42.2,U
sh600584,长电科技,2025-10-14 10:55:55,42.2,11200,42.2,D
sh600584,长电科技,2025-10-14 10:55:58,42.2,15100,42.2,U
sh600584,长电科技,2025-10-14 10:56:01,42.19,20600,42.2,D
sh600584,长电科技,2025-10-14 10:56:04,42.21,19000,42.19,U
sh600584,长电科技,2025-10-14 10:56:07,42.19,28700,42.21,D
sh600584,长电科技,2025-10-14 10:56:10,42.2,10500,42.19,U
sh600584,长电科技,2025-10-14 10:56:13,42.19,11700,42.2,D
sh600584,长电科技,2025-10-14 10:56:16,42.18,6100,42.19,D
sh600584,长电科技,2025-10-14 10:56:19,42.17,8300,42.18,D
sh600584,长电科技,2025-10-14 10:56:22,42.17,8000,42.17,D
sh600584,长电科技,2025-10-14 10:56:25,42.17,9200,42.17,U
sh600584,长电科技,2025-10-14 10:56:28,42.16,10000,42.17,D
sh600584,长电科技,2025-10-14 10:56:31,42.16,13400,42.16,U
sh600584,长电科技,2025-10-14 10:56:34,42.14,15300,42.16,D
sh600584,长电科技,2025-10-14 10:56:37,42.15,19100,42.14,U
sh600584,长电科技,2025-10-14 10:56:40,42.14,5100,42.15,E
sh600584,长电科技,2025-10-14 10:56:43,42.1,54000,42.14,D
sh600584,长电科技,2025-10-14 10:56:46,42.1,8800,42.1,D
sh600584,长电科技,2025-10-14 10:56:49,42.1,20200,42.1,D
sh600584,长电科技,2025-10-14 10:56:52,42.1,48800,42.1,U
sh600584,长电科技,2025-10-14 10:56:55,42.11,135700,42.1,U
sh600584,长电科技,2025-10-14 10:56:58,42.13,43600,42.11,U
sh600584,长电科技,2025-10-14 10:57:01,42.11,26300,42.13,D
sh600584,长电科技,2025-10-14 10:57:04,42.14,10000,42.11,U
sh600584,长电科技,2025-10-14 10:57:07,42.11,5800,42.14,D
sh600584,长电科技,2025-10-14 10:57:13,42.11,6200,42.14,D
sh600584,长电科技,2025-10-14 10:57:16,42.11,6400,42.11,U
sh600584,长电科技,2025-10-14 10:57:19,42.1,12600,42.11,D
sh600584,长电科技,2025-10-14 10:57:22,42.1,20000,42.1,D
sh600584,长电科技,2025-10-14 10:57:25,42.11,7100,42.1,U
sh600584,长电科技,2025-10-14 10:57:28,42.1,5300,42.11,D
sh600584,长电科技,2025-10-14 10:57:31,42.1,9800,42.1,U
sh600584,长电科技,2025-10-14 10:57:34,42.09,7800,42.1,D
sh600584,长电科技,2025-10-14 10:57:40,42.08,8300,42.09,D
sh600584,长电科技,2025-10-14 10:57:43,42.08,69300,42.08,D
sh600584,长电科技,2025-10-14 10:57:46,42.08,9100,42.08,U
sh600584,长电科技,2025-10-14 10:57:49,42.07,11500,42.08,D
sh600584,长电科技,2025-10-14 10:57:55,42.08,18200,42.07,U
sh600584,长电科技,2025-10-14 10:58:01,42.05,24400,42.06,D
sh600584,长电科技,2025-10-14 10:58:04,42.05,5000,42.05,D
sh600584,长电科技,2025-10-14 10:58:07,42.06,20700,42.05,U
sh600584,长电科技,2025-10-14 10:58:10,42.05,11400,42.06,D
sh600584,长电科技,2025-10-14 10:58:13,42.05,11100,42.05,D
sh600584,长电科技,2025-10-14 10:58:16,42.05,25100,42.05,D
sh600584,长电科技,2025-10-14 10:58:19,42.05,8300,42.05,U
sh600584,长电科技,2025-10-14 10:58:22,42.04,23400,42.05,D
sh600584,长电科技,2025-10-14 10:58:25,42.04,8200,42.04,U
sh600584,长电科技,2025-10-14 10:58:28,42.04,15400,42.04,U
sh600584,长电科技,2025-10-14 10:58:31,42.03,33800,42.04,D
sh600584,长电科技,2025-10-14 10:58:34,42.03,23000,42.03,U
sh600584,长电科技,2025-10-14 10:58:37,42.02,22800,42.03,D
sh600584,长电科技,2025-10-14 10:58:40,42.02,51700,42.02,D
sh600584,长电科技,2025-10-14 10:58:43,42.02,57700,42.02,D
sh600584,长电科技,2025-10-14 10:58:46,42.03,32200,42.02,D
sh600584,长电科技,2025-10-14 10:58:49,42.04,37600,42.03,U
sh600584,长电科技,2025-10-14 10:58:52,42.03,12900,42.04,D
sh600584,长电科技,2025-10-14 10:58:55,42.02,11800,42.03,D
sh600584,长电科技,2025-10-14 10:58:58,42.02,12500,42.02,D
sh600584,长电科技,2025-10-14 10:59:01,42.02,25800,42.02,D
sh600584,长电科技,2025-10-14 10:59:04,42.03,12700,42.02,U
sh600584,长电科技,2025-10-14 10:59:07,42.03,11200,42.03,U
sh600584,长电科技,2025-10-14 10:59:10,42.03,39200,42.03,U
sh600584,长电科技,2025-10-14 10:59:13,42.02,132300,42.03,D
sh600584,长电科技,2025-10-14 10:59:16,42.02,41800,42.02,U
sh600584,长电科技,2025-10-14 10:59:19,42.02,32800,42.02,U
sh600584,长电科技,2025-10-14 10:59:22,42.03,22800,42.02,U
sh600584,长电科技,2025-10-14 10:59:25,42.02,25000,42.03,D
sh600584,长电科技,2025-10-14 10:59:28,42.02,19900,42.02,U
sh600584,长电科技,2025-10-14 10:59:31,42.01,18900,42.02,D
sh600584,长电科技,2025-10-14 10:59:34,42.01,23600,42.01,D
sh600584,长电科技,2025-10-14 10:59:37,42.01,27100,42.01,D
sh600584,长电科技,2025-10-14 10:59:40,42.01,22800,42.01,D
sh600584,长电科技,2025-10-14 10:59:43,42.01,16200,42.01,U
sh600584,长电科技,2025-10-14 10:59:46,42.0,40900,42.01,D
sh600584,长电科技,2025-10-14 10:59:49,42.0,231100,42.0,D
sh600584,长电科技,2025-10-14 10:59:52,42.01,199100,42.0,U
sh600584,长电科技,2025-10-14 10:59:55,42.0,50100,42.01,D
sh600584,长电科技,2025-10-14 10:59:58,42.01,107900,42.0,U
sh600584,长电科技,2025-10-14 11:00:01,42.0,31500,42.01,D
sh600584,长电科技,2025-10-14 11:00:04,42.0,32200,42.0,D
sh600584,长电科技,2025-10-14 11:00:07,42.0,75300,42.0,D
sh600584,长电科技,2025-10-14 11:00:10,42.0,45400,42.0,D
sh600584,长电科技,2025-10-14 11:00:13,42.0,76400,42.0,D
sh600584,长电科技,2025-10-14 11:00:16,42.0,54000,42.0,D
sh600584,长电科技,2025-10-14 11:00:19,42.01,60700,42.0,U
sh600584,长电科技,2025-10-14 11:00:22,42.01,34100,42.01,U
sh600584,长电科技,2025-10-14 11:00:25,42.01,24600,42.01,U
sh600584,长电科技,2025-10-14 11:00:28,42.01,21500,42.01,D
sh600584,长电科技,2025-10-14 11:00:31,42.01,17700,42.01,D
sh600584,长电科技,2025-10-14 11:00:34,42.01,13600,42.01,U
sh600584,长电科技,2025-10-14 11:00:37,42.01,23300,42.01,D
sh600584,长电科技,2025-10-14 11:00:40,42.01,48700,42.01,D
sh600584,长电科技,2025-10-14 11:00:43,42.01,16700,42.01,D
sh600584,长电科技,2025-10-14 11:00:46,42.02,24000,42.01,E
sh600584,长电科技,2025-10-14 11:00:49,42.02,22500,42.02,D
sh600584,长电科技,2025-10-14 11:00:55,42.02,29900,42.03,D
sh600584,长电科技,2025-10-14 11:00:58,42.06,8500,42.02,U
sh600584,长电科技,2025-10-14 11:01:01,42.07,10300,42.06,U
sh600584,长电科技,2025-10-14 11:01:04,42.08,31100,42.07,U
sh600584,长电科技,2025-10-14 11:01:07,42.08,11300,42.08,D
sh600584,长电科技,2025-10-14 11:01:13,42.14,5500,42.13,U
sh600584,长电科技,2025-10-14 11:01:19,42.14,35700,42.14,U
sh600584,长电科技,2025-10-14 11:01:22,42.12,14100,42.14,D
sh600584,长电科技,2025-10-14 11:01:25,42.14,12800,42.12,U
sh600584,长电科技,2025-10-14 11:01:28,42.14,6600,42.14,U
sh600584,长电科技,2025-10-14 11:01:31,42.12,6800,42.14,D
sh600584,长电科技,2025-10-14 11:01:34,42.14,5300,42.12,U
sh600584,长电科技,2025-10-14 11:01:37,42.14,14200,42.14,D
sh600584,长电科技,2025-10-14 11:01:40,42.15,10700,42.14,U
sh600584,长电科技,2025-10-14 11:01:43,42.17,20300,42.15,U
sh600584,长电科技,2025-10-14 11:01:49,42.16,18000,42.17,D
sh600584,长电科技,2025-10-14 11:01:52,42.18,6600,42.16,U
sh600584,长电科技,2025-10-14 11:01:55,42.17,7800,42.18,D
sh600584,长电科技,2025-10-14 11:01:58,42.16,24000,42.17,D
sh600584,长电科技,2025-10-14 11:02:01,42.17,31200,42.16,U
sh600584,长电科技,2025-10-14 11:02:04,42.17,5200,42.17,D
sh600584,长电科技,2025-10-14 11:02:07,42.16,20600,42.17,D
sh600584,长电科技,2025-10-14 11:02:10,42.17,23100,42.16,U
sh600584,长电科技,2025-10-14 11:02:13,42.18,15900,42.17,U
sh600584,长电科技,2025-10-14 11:02:16,42.18,5600,42.18,U
sh600584,长电科技,2025-10-14 11:02:19,42.18,6500,42.18,U
sh600584,长电科技,2025-10-14 11:02:22,42.18,11400,42.18,U
sh600584,长电科技,2025-10-14 11:02:25,42.18,9600,42.18,D
sh600584,长电科技,2025-10-14 11:02:28,42.18,21900,42.18,D
sh600584,长电科技,2025-10-14 11:02:37,42.19,14000,42.19,D
sh600584,长电科技,2025-10-14 11:02:40,42.2,8800,42.19,E
sh600584,长电科技,2025-10-14 11:02:43,42.21,10500,42.2,U
sh600584,长电科技,2025-10-14 11:02:46,42.22,9800,42.21,U
sh600584,长电科技,2025-10-14 11:02:52,42.22,19000,42.21,U
sh600584,长电科技,2025-10-14 11:02:58,42.22,12500,42.22,U
sh600584,长电科技,2025-10-14 11:03:04,42.22,11500,42.22,D
sh600584,长电科技,2025-10-14 11:03:07,42.19,135000,42.22,D
sh600584,长电科技,2025-10-14 11:03:10,42.11,239600,42.19,D
sh600584,长电科技,2025-10-14 11:03:13,42.07,71400,42.11,D
sh600584,长电科技,2025-10-14 11:03:16,42.1,8800,42.07,U
sh600584,长电科技,2025-10-14 11:03:19,42.07,7500,42.1,E
sh600584,长电科技,2025-10-14 11:03:22,42.07,9700,42.07,D
sh600584,长电科技,2025-10-14 11:03:25,42.09,9600,42.07,E
sh600584,长电科技,2025-10-14 11:03:28,42.07,19100,42.09,D
sh600584,长电科技,2025-10-14 11:03:31,42.1,7300,42.07,U
sh600584,长电科技,2025-10-14 11:03:40,42.11,5200,42.09,U
sh600584,长电科技,2025-10-14 11:03:46,42.1,8700,42.13,D
sh600584,长电科技,2025-10-14 11:03:49,42.13,6700,42.1,U
sh600584,长电科技,2025-10-14 11:03:52,42.17,11000,42.13,U
sh600584,长电科技,2025-10-14 11:03:55,42.13,6500,42.17,E
sh600584,长电科技,2025-10-14 11:04:04,42.13,34500,42.14,D
sh600584,长电科技,2025-10-14 11:04:07,42.14,10100,42.13,U
sh600584,长电科技,2025-10-14 11:04:10,42.14,12600,42.14,D
sh600584,长电科技,2025-10-14 11:04:13,42.16,7800,42.14,U
sh600584,长电科技,2025-10-14 11:04:16,42.15,6900,42.16,E
sh600584,长电科技,2025-10-14 11:04:25,42.18,12200,42.17,U
sh600584,长电科技,2025-10-14 11:04:28,42.17,5000,42.18,D
sh600584,长电科技,2025-10-14 11:04:31,42.18,15700,42.17,E
sh600584,长电科技,2025-10-14 11:04:34,42.17,21500,42.18,D
sh600584,长电科技,2025-10-14 11:04:37,42.17,20400,42.17,U
sh600584,长电科技,2025-10-14 11:04:40,42.18,15600,42.17,U
sh600584,长电科技,2025-10-14 11:04:43,42.18,5400,42.18,U
sh600584,长电科技,2025-10-14 11:04:46,42.18,9700,42.18,U
sh600584,长电科技,2025-10-14 11:04:49,42.18,47300,42.18,U
sh600584,长电科技,2025-10-14 11:04:52,42.18,10600,42.18,D
sh600584,长电科技,2025-10-14 11:04:58,42.19,12800,42.19,U
sh600584,长电科技,2025-10-14 11:05:01,42.19,43400,42.19,D
sh600584,长电科技,2025-10-14 11:05:04,42.19,30500,42.19,U
sh600584,长电科技,2025-10-14 11:05:07,42.17,17200,42.19,D
sh600584,长电科技,2025-10-14 11:05:10,42.19,16700,42.17,U
sh600584,长电科技,2025-10-14 11:05:13,42.17,24200,42.19,D
sh600584,长电科技,2025-10-14 11:05:16,42.13,83400,42.17,D
sh600584,长电科技,2025-10-14 11:05:19,42.14,6000,42.13,U
sh600584,长电科技,2025-10-14 11:05:28,42.12,29700,42.12,D
sh600584,长电科技,2025-10-14 11:05:31,42.1,42300,42.12,D
sh600584,长电科技,2025-10-14 11:05:34,42.09,34500,42.1,D
sh600584,长电科技,2025-10-14 11:05:37,42.1,14200,42.09,U
sh600584,长电科技,2025-10-14 11:05:40,42.09,13800,42.1,D
sh600584,长电科技,2025-10-14 11:05:43,42.09,8600,42.09,D
sh600584,长电科技,2025-10-14 11:05:46,42.09,15200,42.09,D
sh600584,长电科技,2025-10-14 11:05:49,42.08,7100,42.09,D
sh600584,长电科技,2025-10-14 11:05:52,42.08,8700,42.08,D
sh600584,长电科技,2025-10-14 11:05:55,42.08,6600,42.08,D
sh600584,长电科技,2025-10-14 11:06:01,42.06,25400,42.07,D
sh600584,长电科技,2025-10-14 11:06:04,42.05,48000,42.06,D
sh600584,长电科技,2025-10-14 11:06:10,42.03,16800,42.03,D
sh600584,长电科技,2025-10-14 11:06:13,42.03,7100,42.03,U
sh600584,长电科技,2025-10-14 11:06:16,42.03,21900,42.03,U
sh600584,长电科技,2025-10-14 11:06:19,42.02,21300,42.03,D
sh600584,长电科技,2025-10-14 11:06:22,42.02,5300,42.02,U
sh600584,长电科技,2025-10-14 11:06:25,42.02,7800,42.02,U
sh600584,长电科技,2025-10-14 11:06:28,42.02,18500,42.02,D
sh600584,长电科技,2025-10-14 11:06:31,42.02,6200,42.02,D
sh600584,长电科技,2025-10-14 11:06:34,42.02,12400,42.02,D
sh600584,长电科技,2025-10-14 11:06:37,42.02,13700,42.02,U
sh600584,长电科技,2025-10-14 11:06:40,42.02,25000,42.02,U
sh600584,长电科技,2025-10-14 11:06:43,42.01,15200,42.02,D
sh600584,长电科技,2025-10-14 11:06:46,42.01,6900,42.01,D
sh600584,长电科技,2025-10-14 11:06:49,42.01,12900,42.01,D
sh600584,长电科技,2025-10-14 11:06:52,42.0,16000,42.01,D
sh600584,长电科技,2025-10-14 11:06:55,42.0,150800,42.0,D
