symbol,name,ticktime,price,volume,prev_price,kind
sh600584,长电科技,2025-10-20 09:25:01,40.25,470874,0.0,U
sh600584,长电科技,2025-10-20 09:30:02,40.26,33000,40.25,U
sh600584,长电科技,2025-10-20 09:30:05,40.29,122500,40.26,U
sh600584,长电科技,2025-10-20 09:30:08,40.26,123800,40.29,D
sh600584,长电科技,2025-10-20 09:30:11,40.28,95100,40.26,E
sh600584,长电科技,2025-10-20 09:30:14,40.28,134600,40.28,D
sh600584,长电科技,2025-10-20 09:30:17,40.26,207900,40.28,D
sh600584,长电科技,2025-10-20 09:30:20,40.31,115200,40.26,D
sh600584,长电科技,2025-10-20 09:30:23,40.34,191100,40.31,U
sh600584,长电科技,2025-10-20 09:30:26,40.33,83300,40.34,E
sh600584,长电科技,2025-10-20 09:30:29,40.3,144500,40.33,D
sh600584,长电科技,2025-10-20 09:30:32,40.28,103900,40.3,D
sh600584,长电科技,2025-10-20 09:30:35,40.27,135500,40.28,D
sh600584,长电科技,2025-10-20 09:30:38,40.3,147800,40.27,U
sh600584,长电科技,2025-10-20 09:30:41,40.26,281300,40.3,D
sh600584,长电科技,2025-10-20 09:30:44,40.27,97700,40.26,E
sh600584,长电科技,2025-10-20 09:30:47,40.26,261800,40.27,D
sh600584,长电科技,2025-10-20 09:30:50,40.23,241726,40.26,D
sh600584,长电科技,2025-10-20 09:30:53,40.2,135700,40.23,D
sh600584,长电科技,2025-10-20 09:30:56,40.19,165100,40.2,D
sh600584,长电科技,2025-10-20 09:30:59,40.19,60900,40.19,D
sh600584,长电科技,2025-10-20 09:31:02,40.15,72700,40.19,D
sh600584,长电科技,2025-10-20 09:31:05,40.11,146500,40.15,D
sh600584,长电科技,2025-10-20 09:31:08,40.09,96900,40.11,D
sh600584,长电科技,2025-10-20 09:31:11,40.03,60000,40.09,D
sh600584,长电科技,2025-10-20 09:31:14,40.03,30900,40.03,D
sh600584,长电科技,2025-10-20 09:31:17,40.01,65500,40.03,D
sh600584,长电科技,2025-10-20 09:31:20,40.01,188400,40.01,U
sh600584,长电科技,2025-10-20 09:31:23,39.99,51600,40.01,U
sh600584,长电科技,2025-10-20 09:31:26,39.99,78600,39.99,D
sh600584,长电科技,2025-10-20 09:31:29,39.98,35800,39.99,E
sh600584,长电科技,2025-10-20 09:31:32,39.96,40300,39.98,E
sh600584,长电科技,2025-10-20 09:31:35,39.95,33800,39.96,E
sh600584,长电科技,2025-10-20 09:31:38,39.91,29200,39.95,D
sh600584,长电科技,2025-10-20 09:31:41,39.95,63400,39.91,U
sh600584,长电科技,2025-10-20 09:31:44,39.96,88900,39.95,U
sh600584,长电科技,2025-10-20 09:31:47,39.98,75600,39.96,U
sh600584,长电科技,2025-10-20 09:31:50,40.02,200400,39.98,U
sh600584,长电科技,2025-10-20 09:31:53,40.02,41945,40.02,U
sh600584,长电科技,2025-10-20 09:31:56,40.05,24400,40.02,U
sh600584,长电科技,2025-10-20 09:31:59,40.05,43200,40.05,D
sh600584,长电科技,2025-10-20 09:32:02,40.05,72300,40.05,U
sh600584,长电科技,2025-10-20 09:32:05,40.06,48800,40.05,D
sh600584,长电科技,2025-10-20 09:32:08,40.09,54700,40.06,U
sh600584,长电科技,2025-10-20 09:32:11,40.08,63900,40.09,D
sh600584,长电科技,2025-10-20 09:32:14,40.13,57000,40.08,U
sh600584,长电科技,2025-10-20 09:32:17,40.12,16300,40.13,D
sh600584,长电科技,2025-10-20 09:32:20,40.12,51400,40.12,D
sh600584,长电科技,2025-10-20 09:32:23,40.13,79400,40.12,U
sh600584,长电科技,2025-10-20 09:32:26,40.12,73000,40.13,D
sh600584,长电科技,2025-10-20 09:32:29,40.09,47100,40.12,D
sh600584,长电科技,2025-10-20 09:32:32,40.13,48700,40.09,U
sh600584,长电科技,2025-10-20 09:32:35,40.12,20500,40.13,E
sh600584,长电科技,2025-10-20 09:32:38,40.12,46000,40.12,D
sh600584,长电科技,2025-10-20 09:32:41,40.12,41100,40.12,U
sh600584,长电科技,2025-10-20 09:32:44,40.11,35000,40.12,E
sh600584,长电科技,2025-10-20 09:32:47,40.12,43100,40.11,U
sh600584,长电科技,2025-10-20 09:32:50,40.1,63300,40.12,D
sh600584,长电科技,2025-10-20 09:32:53,40.09,28900,40.1,D
sh600584,长电科技,2025-10-20 09:32:56,40.08,58500,40.09,D
sh600584,长电科技,2025-10-20 09:32:59,40.06,26100,40.08,D
sh600584,长电科技,2025-10-20 09:33:02,40.04,29300,40.06,D
sh600584,长电科技,2025-10-20 09:33:05,40.02,41500,40.04,D
sh600584,长电科技,2025-10-20 09:33:08,40.0,58900,40.02,D
sh600584,长电科技,2025-10-20 09:33:11,39.98,29600,40.0,D
sh600584,长电科技,2025-10-20 09:33:14,39.96,48700,39.98,D
sh600584,长电科技,2025-10-20 09:33:17,39.95,18800,39.96,D
sh600584,长电科技,2025-10-20 09:33:20,39.93,39000,39.95,D
sh600584,长电科技,2025-10-20 09:33:23,39.98,170600,39.93,U
sh600584,长电科技,2025-10-20 09:33:26,40.0,98800,39.98,U
sh600584,长电科技,2025-10-20 09:33:29,40.0,16900,40.0,D
sh600584,长电科技,2025-10-20 09:33:32,40.01,32300,40.0,E
sh600584,长电科技,2025-10-20 09:33:35,39.98,18100,40.01,D
sh600584,长电科技,2025-10-20 09:33:38,39.98,40300,39.98,U
sh600584,长电科技,2025-10-20 09:33:41,39.99,44700,39.98,E
sh600584,长电科技,2025-10-20 09:33:44,40.04,22100,39.99,U
sh600584,长电科技,2025-10-20 09:33:47,40.0,24900,40.04,D
sh600584,长电科技,2025-10-20 09:33:50,40.01,34000,40.0,E
sh600584,长电科技,2025-10-20 09:33:53,40.0,35200,40.01,D
sh600584,长电科技,2025-10-20 09:33:56,39.99,72000,40.0,D
sh600584,长电科技,2025-10-20 09:33:59,39.98,81600,39.99,D
sh600584,长电科技,2025-10-20 09:34:02,39.99,29700,39.98,U
sh600584,长电科技,2025-10-20 09:34:05,39.93,33600,39.99,D
sh600584,长电科技,2025-10-20 09:34:08,39.95,11900,39.93,U
sh600584,长电科技,2025-10-20 09:34:11,39.93,47600,39.95,D
sh600584,长电科技,2025-10-20 09:34:14,39.93,16100,39.93,D
sh600584,长电科技,2025-10-20 09:34:17,39.93,100167,39.93,U
sh600584,长电科技,2025-10-20 09:34:20,39.92,64400,39.93,D
sh600584,长电科技,2025-10-20 09:34:23,39.95,31800,39.92,E
sh600584,长电科技,2025-10-20 09:34:26,39.93,24700,39.95,D
sh600584,长电科技,2025-10-20 09:34:29,39.95,21700,39.93,E
sh600584,长电科技,2025-10-20 09:34:32,39.94,16700,39.95,E
sh600584,长电科技,2025-10-20 09:34:35,39.93,29400,39.94,D
sh600584,长电科技,2025-10-20 09:34:38,39.94,61900,39.93,U
sh600584,长电科技,2025-10-20 09:34:41,39.92,30400,39.94,D
sh600584,长电科技,2025-10-20 09:34:44,39.92,16900,39.92,D
sh600584,长电科技,2025-10-20 09:34:47,39.92,32100,39.92,D
sh600584,长电科技,2025-10-20 09:34:50,39.92,35500,39.92,D
sh600584,长电科技,2025-10-20 09:34:53,39.92,60800,39.92,U
sh600584,长电科技,2025-10-20 09:34:56,39.92,16200,39.92,D
sh600584,长电科技,2025-10-20 09:34:59,39.97,52000,39.92,U
sh600584,长电科技,2025-10-20 09:35:02,39.93,24400,39.97,E
sh600584,长电科技,2025-10-20 09:35:05,39.92,13800,39.93,D
sh600584,长电科技,2025-10-20 09:35:08,39.96,8800,39.92,U
sh600584,长电科技,2025-10-20 09:35:11,39.92,69000,39.96,D
sh600584,长电科技,2025-10-20 09:35:14,39.96,14200,39.92,U
sh600584,长电科技,2025-10-20 09:35:17,39.95,56100,39.96,E
sh600584,长电科技,2025-10-20 09:35:20,39.93,53500,39.95,D
sh600584,长电科技,2025-10-20 09:35:23,39.93,14400,39.93,U
sh600584,长电科技,2025-10-20 09:35:26,39.93,18400,39.93,D
sh600584,长电科技,2025-10-20 09:35:29,39.93,26300,39.93,D
sh600584,长电科技,2025-10-20 09:35:32,39.93,85900,39.93,D
sh600584,长电科技,2025-10-20 09:35:35,39.93,52300,39.93,D
sh600584,长电科技,2025-10-20 09:35:38,39.92,22000,39.93,D
sh600584,长电科技,2025-10-20 09:35:41,39.92,39000,39.92,U
sh600584,长电科技,2025-10-20 09:35:44,39.92,47700,39.92,U
sh600584,长电科技,2025-10-20 09:35:47,39.92,82800,39.92,D
sh600584,长电科技,2025-10-20 09:35:50,39.92,46600,39.92,D
sh600584,长电科技,2025-10-20 09:35:53,39.97,40900,39.92,U
sh600584,长电科技,2025-10-20 09:35:56,39.93,25100,39.97,D
sh600584,长电科技,2025-10-20 09:35:59,39.97,8900,39.93,E
sh600584,长电科技,2025-10-20 09:36:02,39.93,20200,39.97,D
sh600584,长电科技,2025-10-20 09:36:05,39.97,37100,39.93,U
sh600584,长电科技,2025-10-20 09:36:08,39.97,32500,39.97,U
sh600584,长电科技,2025-10-20 09:36:11,39.97,20500,39.97,D
sh600584,长电科技,2025-10-20 09:36:14,39.97,23200,39.97,U
sh600584,长电科技,2025-10-20 09:36:17,39.99,23800,39.97,U
sh600584,长电科技,2025-10-20 09:36:20,39.97,16300,39.99,D
sh600584,长电科技,2025-10-20 09:36:23,39.99,18100,39.97,D
sh600584,长电科技,2025-10-20 09:36:26,39.98,41800,39.99,D
sh600584,长电科技,2025-10-20 09:36:29,40.0,71400,39.98,U
sh600584,长电科技,2025-10-20 09:36:32,40.0,27700,40.0,U
sh600584,长电科技,2025-10-20 09:36:35,39.99,25000,40.0,U
sh600584,长电科技,2025-10-20 09:36:38,39.97,41200,39.99,D
sh600584,长电科技,2025-10-20 09:36:41,39.99,24600,39.97,U
sh600584,长电科技,2025-10-20 09:36:44,39.98,20600,39.99,E
sh600584,长电科技,2025-10-20 09:36:47,39.93,139300,39.98,D
sh600584,长电科技,2025-10-20 09:36:50,39.9,82500,39.93,D
sh600584,长电科技,2025-10-20 09:36:53,39.89,162733,39.9,D
sh600584,长电科技,2025-10-20 09:36:56,39.88,67200,39.89,E
sh600584,长电科技,2025-10-20 09:36:59,39.86,14100,39.88,E
sh600584,长电科技,2025-10-20 09:37:02,39.85,14500,39.86,D
sh600584,长电科技,2025-10-20 09:37:05,39.82,76700,39.85,D
sh600584,长电科技,2025-10-20 09:37:08,39.82,25000,39.82,D
sh600584,长电科技,2025-10-20 09:37:11,39.8,58800,39.82,D
sh600584,长电科技,2025-10-20 09:37:14,39.84,36200,39.8,U
sh600584,长电科技,2025-10-20 09:37:17,39.84,86900,39.84,D
sh600584,长电科技,2025-10-20 09:37:20,39.84,31300,39.84,D
sh600584,长电科技,2025-10-20 09:37:23,39.85,26600,39.84,U
sh600584,长电科技,2025-10-20 09:37:26,39.9,37200,39.85,U
sh600584,长电科技,2025-10-20 09:37:29,39.89,5700,39.9,D
sh600584,长电科技,2025-10-20 09:37:32,39.89,8800,39.89,U
sh600584,长电科技,2025-10-20 09:37:35,39.87,13100,39.89,D
sh600584,长电科技,2025-10-20 09:37:38,39.89,36100,39.87,U
sh600584,长电科技,2025-10-20 09:37:41,39.9,38000,39.89,U
sh600584,长电科技,2025-10-20 09:37:44,39.9,43000,39.9,U
sh600584,长电科技,2025-10-20 09:37:47,39.9,8900,39.9,D
sh600584,长电科技,2025-10-20 09:37:50,39.95,11900,39.9,U
sh600584,长电科技,2025-10-20 09:37:53,39.95,7100,39.95,D
sh600584,长电科技,2025-10-20 09:37:56,39.92,7700,39.95,D
sh600584,长电科技,2025-10-20 09:37:59,39.95,22400,39.92,U
sh600584,长电科技,2025-10-20 09:38:02,39.91,14200,39.95,D
sh600584,长电科技,2025-10-20 09:38:05,39.94,32800,39.91,U
sh600584,长电科技,2025-10-20 09:38:08,39.94,17300,39.94,U
sh600584,长电科技,2025-10-20 09:38:11,39.92,13100,39.94,E
sh600584,长电科技,2025-10-20 09:38:14,39.91,85200,39.92,D
sh600584,长电科技,2025-10-20 09:38:17,39.92,26100,39.91,U
sh600584,长电科技,2025-10-20 09:38:20,39.92,45800,39.92,D
sh600584,长电科技,2025-10-20 09:38:23,39.92,16100,39.92,U
sh600584,长电科技,2025-10-20 09:38:26,39.92,15100,39.92,D
sh600584,长电科技,2025-10-20 09:38:29,39.91,8400,39.92,D
sh600584,长电科技,2025-10-20 09:38:32,39.92,17200,39.91,U
sh600584,长电科技,2025-10-20 09:38:35,39.91,13100,39.92,D
sh600584,长电科技,2025-10-20 09:38:38,39.88,52900,39.91,D
sh600584,长电科技,2025-10-20 09:38:41,39.88,11600,39.88,U
sh600584,长电科技,2025-10-20 09:38:44,39.89,7300,39.88,U
sh600584,长电科技,2025-10-20 09:38:47,39.89,15400,39.89,U
sh600584,长电科技,2025-10-20 09:38:53,39.88,15000,39.88,D
sh600584,长电科技,2025-10-20 09:38:56,39.88,15200,39.88,D
sh600584,长电科技,2025-10-20 09:38:59,39.87,45000,39.88,D
sh600584,长电科技,2025-10-20 09:39:02,39.86,16000,39.87,D
sh600584,长电科技,2025-10-20 09:39:05,39.86,9800,39.86,D
sh600584,长电科技,2025-10-20 09:39:08,39.83,48500,39.86,D
sh600584,长电科技,2025-10-20 09:39:11,39.8,117800,39.83,D
sh600584,长电科技,2025-10-20 09:39:14,39.83,60700,39.8,U
sh600584,长电科技,2025-10-20 09:39:17,39.8,11200,39.83,D
sh600584,长电科技,2025-10-20 09:39:20,39.8,26900,39.8,D
sh600584,长电科技,2025-10-20 09:39:23,39.8,23000,39.8,D
sh600584,长电科技,2025-10-20 09:39:26,39.8,37100,39.8,D
sh600584,长电科技,2025-10-20 09:39:29,39.8,37700,39.8,D
sh600584,长电科技,2025-10-20 09:39:32,39.81,48200,39.8,E
sh600584,长电科技,2025-10-20 09:39:35,39.81,11000,39.81,D
sh600584,长电科技,2025-10-20 09:39:38,39.81,29500,39.81,D
sh600584,长电科技,2025-10-20 09:39:41,39.82,11400,39.81,E
sh600584,长电科技,2025-10-20 09:39:44,39.82,35100,39.82,D
sh600584,长电科技,2025-10-20 09:39:47,39.81,27600,39.82,D
sh600584,长电科技,2025-10-20 09:39:50,39.83,28800,39.81,E
sh600584,长电科技,2025-10-20 09:39:53,39.82,65100,39.83,D
sh600584,长电科技,2025-10-20 09:39:56,39.82,6200,39.82,U
sh600584,长电科技,2025-10-20 09:39:59,39.81,38900,39.82,D
sh600584,长电科技,2025-10-20 09:40:02,39.8,56500,39.81,D
sh600584,长电科技,2025-10-20 09:40:05,39.8,6700,39.8,D
sh600584,长电科技,2025-10-20 09:40:08,39.79,10600,39.8,D
sh600584,长电科技,2025-10-20 09:40:11,39.8,20300,39.79,U
sh600584,长电科技,2025-10-20 09:40:14,39.81,42700,39.8,U
sh600584,长电科技,2025-10-20 09:40:17,39.75,45800,39.81,D
sh600584,长电科技,2025-10-20 09:40:20,39.79,58400,39.75,U
sh600584,长电科技,2025-10-20 09:40:23,39.74,9100,39.79,D
sh600584,长电科技,2025-10-20 09:40:26,39.76,20100,39.74,E
sh600584,长电科技,2025-10-20 09:40:29,39.74,6500,39.76,D
sh600584,长电科技,2025-10-20 09:40:32,39.77,26400,39.74,U
sh600584,长电科技,2025-10-20 09:40:35,39.77,46100,39.77,U
sh600584,长电科技,2025-10-20 09:40:38,39.77,12400,39.77,U
sh600584,长电科技,2025-10-20 09:40:41,39.77,12200,39.77,D
sh600584,长电科技,2025-10-20 09:40:44,39.79,26100,39.77,U
sh600584,长电科技,2025-10-20 09:40:47,39.77,31400,39.79,D
sh600584,长电科技,2025-10-20 09:40:50,39.78,15100,39.77,U
sh600584,长电科技,2025-10-20 09:40:53,39.79,11900,39.78,U
sh600584,长电科技,2025-10-20 09:40:56,39.78,25900,39.79,D
sh600584,长电科技,2025-10-20 09:40:59,39.78,22900,39.78,U
sh600584,长电科技,2025-10-20 09:41:02,39.78,13200,39.78,D
sh600584,长电科技,2025-10-20 09:41:05,39.83,113200,39.78,U
sh600584,长电科技,2025-10-20 09:41:08,39.81,23600,39.83,D
sh600584,长电科技,2025-10-20 09:41:11,39.82,36764,39.81,E
sh600584,长电科技,2025-10-20 09:41:14,39.85,16900,39.82,E
sh600584,长电科技,2025-10-20 09:41:17,39.81,15700,39.85,D
sh600584,长电科技,2025-10-20 09:41:20,39.82,16300,39.81,D
sh600584,长电科技,2025-10-20 09:41:26,39.85,19100,39.85,U
sh600584,长电科技,2025-10-20 09:41:29,39.81,26700,39.85,D
sh600584,长电科技,2025-10-20 09:41:32,39.81,22300,39.81,U
sh600584,长电科技,2025-10-20 09:41:35,39.8,47400,39.81,D
sh600584,长电科技,2025-10-20 09:41:38,39.8,30600,39.8,U
sh600584,长电科技,2025-10-20 09:41:41,39.8,18100,39.8,U
sh600584,长电科技,2025-10-20 09:41:44,39.79,7700,39.8,D
sh600584,长电科技,2025-10-20 09:41:47,39.78,9300,39.79,D
sh600584,长电科技,2025-10-20 09:41:50,39.78,40700,39.78,D
sh600584,长电科技,2025-10-20 09:41:53,39.77,7300,39.78,D
sh600584,长电科技,2025-10-20 09:41:56,39.77,39100,39.77,D
sh600584,长电科技,2025-10-20 09:41:59,39.77,27900,39.77,D
sh600584,长电科技,2025-10-20 09:42:02,39.76,50900,39.77,D
sh600584,长电科技,2025-10-20 09:42:05,39.75,16600,39.76,D
sh600584,长电科技,2025-10-20 09:42:08,39.75,22900,39.75,D
sh600584,长电科技,2025-10-20 09:42:11,39.75,36800,39.75,D
sh600584,长电科技,2025-10-20 09:42:17,39.75,8800,39.75,U
sh600584,长电科技,2025-10-20 09:42:20,39.75,21500,39.75,U
sh600584,长电科技,2025-10-20 09:42:23,39.74,42700,39.75,D
sh600584,长电科技,2025-10-20 09:42:26,39.74,27200,39.74,U
sh600584,长电科技,2025-10-20 09:42:29,39.73,19000,39.74,D
sh600584,长电科技,2025-10-20 09:42:32,39.73,9400,39.73,D
sh600584,长电科技,2025-10-20 09:42:35,39.72,55600,39.73,D
sh600584,长电科技,2025-10-20 09:42:38,39.72,16200,39.72,D
sh600584,长电科技,2025-10-20 09:42:41,39.72,16700,39.72,D
sh600584,长电科技,2025-10-20 09:42:44,39.71,20800,39.72,D
sh600584,长电科技,2025-10-20 09:42:47,39.7,21900,39.71,D
sh600584,长电科技,2025-10-20 09:42:50,39.71,13700,39.7,U
sh600584,长电科技,2025-10-20 09:42:53,39.7,23400,39.71,D
sh600584,长电科技,2025-10-20 09:42:56,39.67,44900,39.7,D
sh600584,长电科技,2025-10-20 09:42:59,39.7,43900,39.67,U
sh600584,长电科技,2025-10-20 09:43:02,39.66,14600,39.7,D
sh600584,长电科技,2025-10-20 09:43:05,39.66,6200,39.66,D
sh600584,长电科技,2025-10-20 09:43:08,39.66,15000,39.66,D
sh600584,长电科技,2025-10-20 09:43:11,39.66,58200,39.66,D
sh600584,长电科技,2025-10-20 09:43:14,39.64,99200,39.66,E
sh600584,长电科技,2025-10-20 09:43:17,39.68,30200,39.64,U
sh600584,长电科技,2025-10-20 09:43:20,39.64,34100,39.68,D
sh600584,长电科技,2025-10-20 09:43:23,39.68,19146,39.64,U
sh600584,长电科技,2025-10-20 09:43:26,39.66,10454,39.68,D
sh600584,长电科技,2025-10-20 09:43:29,39.66,20700,39.66,U
sh600584,长电科技,2025-10-20 09:43:32,39.66,16500,39.66,U
sh600584,长电科技,2025-10-20 09:43:35,39.65,16100,39.66,D
sh600584,长电科技,2025-10-20 09:43:38,39.64,11300,39.65,D
sh600584,长电科技,2025-10-20 09:43:41,39.64,13100,39.64,D
sh600584,长电科技,2025-10-20 09:43:44,39.63,20300,39.64,D
sh600584,长电科技,2025-10-20 09:43:47,39.67,94900,39.63,U
sh600584,长电科技,2025-10-20 09:43:50,39.68,34100,39.67,U
sh600584,长电科技,2025-10-20 09:43:53,39.69,50400,39.68,U
sh600584,长电科技,2025-10-20 09:43:56,39.64,5900,39.69,D
sh600584,长电科技,2025-10-20 09:43:59,39.73,375346,39.64,U
sh600584,长电科技,2025-10-20 09:44:02,39.75,23800,39.73,U
sh600584,长电科技,2025-10-20 09:44:05,39.69,29000,39.75,D
sh600584,长电科技,2025-10-20 09:44:08,39.75,6500,39.69,U
sh600584,长电科技,2025-10-20 09:44:11,39.73,5900,39.75,D
sh600584,长电科技,2025-10-20 09:44:14,39.75,35700,39.73,U
sh600584,长电科技,2025-10-20 09:44:17,39.73,23900,39.75,D
sh600584,长电科技,2025-10-20 09:44:20,39.76,15700,39.73,U
sh600584,长电科技,2025-10-20 09:44:23,39.75,21200,39.76,E
sh600584,长电科技,2025-10-20 09:44:26,39.75,7500,39.75,U
sh600584,长电科技,2025-10-20 09:44:29,39.76,16900,39.75,U
sh600584,长电科技,2025-10-20 09:44:32,39.77,28300,39.76,U
sh600584,长电科技,2025-10-20 09:44:35,39.84,94000,39.77,U
sh600584,长电科技,2025-10-20 09:44:38,39.84,8000,39.84,U
sh600584,长电科技,2025-10-20 09:44:41,39.87,80200,39.84,U
sh600584,长电科技,2025-10-20 09:44:44,39.88,112600,39.87,U
sh600584,长电科技,2025-10-20 09:44:47,39.9,29900,39.88,U
sh600584,长电科技,2025-10-20 09:44:50,39.91,46000,39.9,U
sh600584,长电科技,2025-10-20 09:44:56,39.95,18900,39.93,U
sh600584,长电科技,2025-10-20 09:44:59,39.95,15100,39.95,U
sh600584,长电科技,2025-10-20 09:45:02,39.98,23000,39.95,U
sh600584,长电科技,2025-10-20 09:45:05,39.99,10500,39.98,U
sh600584,长电科技,2025-10-20 09:45:08,39.98,48700,39.99,D
sh600584,长电科技,2025-10-20 09:45:11,39.97,9100,39.98,D
sh600584,长电科技,2025-10-20 09:45:14,39.95,33600,39.97,D
sh600584,长电科技,2025-10-20 09:45:17,39.92,55300,39.95,D
sh600584,长电科技,2025-10-20 09:45:20,39.92,15300,39.92,D
sh600584,长电科技,2025-10-20 09:45:23,39.91,41300,39.92,D
sh600584,长电科技,2025-10-20 09:45:26,39.9,11900,39.91,U
sh600584,长电科技,2025-10-20 09:45:29,39.87,5600,39.9,D
sh600584,长电科技,2025-10-20 09:45:32,39.87,7400,39.87,D
sh600584,长电科技,2025-10-20 09:45:35,39.87,11500,39.87,U
sh600584,长电科技,2025-10-20 09:45:38,39.87,18600,39.87,U
sh600584,长电科技,2025-10-20 09:45:41,39.87,21600,39.87,U
sh600584,长电科技,2025-10-20 09:45:44,39.86,13300,39.87,U
sh600584,长电科技,2025-10-20 09:45:47,39.86,20400,39.86,U
sh600584,长电科技,2025-10-20 09:45:50,39.86,36200,39.86,U
sh600584,长电科技,2025-10-20 09:45:53,39.85,28400,39.86,E
sh600584,长电科技,2025-10-20 09:45:56,39.87,9600,39.85,E
sh600584,长电科技,2025-10-20 09:45:59,39.86,13400,39.87,D
sh600584,长电科技,2025-10-20 09:46:05,39.83,37300,39.87,D
sh600584,长电科技,2025-10-20 09:46:08,39.87,30400,39.83,U
sh600584,长电科技,2025-10-20 09:46:11,39.86,17100,39.87,D
sh600584,长电科技,2025-10-20 09:46:14,39.86,7000,39.86,U
sh600584,长电科技,2025-10-20 09:46:17,39.86,13500,39.86,D
sh600584,长电科技,2025-10-20 09:46:20,39.87,18100,39.86,U
sh600584,长电科技,2025-10-20 09:46:23,39.87,18600,39.87,U
sh600584,长电科技,2025-10-20 09:46:26,39.86,51600,39.87,D
sh600584,长电科技,2025-10-20 09:46:29,39.89,10700,39.86,U
sh600584,长电科技,2025-10-20 09:46:32,39.87,12800,39.89,D
sh600584,长电科技,2025-10-20 09:46:35,39.91,39500,39.87,U
sh600584,长电科技,2025-10-20 09:46:38,39.91,86000,39.91,U
sh600584,长电科技,2025-10-20 09:46:44,39.98,23500,39.97,U
sh600584,长电科技,2025-10-20 09:46:47,39.98,6600,39.98,U
sh600584,长电科技,2025-10-20 09:46:50,39.97,26100,39.98,D
sh600584,长电科技,2025-10-20 09:46:53,39.97,18200,39.97,U
sh600584,长电科技,2025-10-20 09:46:56,39.98,63100,39.97,U
sh600584,长电科技,2025-10-20 09:46:59,39.97,71100,39.98,D
sh600584,长电科技,2025-10-20 09:47:02,39.97,25900,39.97,D
sh600584,长电科技,2025-10-20 09:47:05,39.98,21500,39.97,U
sh600584,长电科技,2025-10-20 09:47:08,39.98,26300,39.98,U
sh600584,长电科技,2025-10-20 09:47:11,39.98,12600,39.98,U
sh600584,长电科技,2025-10-20 09:47:14,39.96,19200,39.98,D
sh600584,长电科技,2025-10-20 09:47:17,39.98,10500,39.96,U
sh600584,长电科技,2025-10-20 09:47:20,39.96,11000,39.98,E
sh600584,长电科技,2025-10-20 09:47:23,39.96,81800,39.96,D
sh600584,长电科技,2025-10-20 09:47:26,39.96,23400,39.96,D
sh600584,长电科技,2025-10-20 09:47:29,39.96,14900,39.96,U
sh600584,长电科技,2025-10-20 09:47:32,39.96,9900,39.96,U
sh600584,长电科技,2025-10-20 09:47:35,39.96,19200,39.96,U
sh600584,长电科技,2025-10-20 09:47:38,39.96,35700,39.96,U
sh600584,长电科技,2025-10-20 09:47:41,39.97,5900,39.96,U
sh600584,长电科技,2025-10-20 09:47:47,40.0,162800,39.98,U
sh600584,长电科技,2025-10-20 09:47:50,40.03,106100,40.0,U
sh600584,长电科技,2025-10-20 09:47:53,40.04,10000,40.03,U
sh600584,长电科技,2025-10-20 09:47:56,40.05,7100,40.04,U
sh600584,长电科技,2025-10-20 09:47:59,40.05,112200,40.05,U
sh600584,长电科技,2025-10-20 09:48:02,40.08,32500,40.05,U
sh600584,长电科技,2025-10-20 09:48:05,40.08,15600,40.08,U
sh600584,长电科技,2025-10-20 09:48:11,40.1,10000,40.09,U
sh600584,长电科技,2025-10-20 09:48:14,40.09,36400,40.1,D
sh600584,长电科技,2025-10-20 09:48:17,40.1,13000,40.09,U
sh600584,长电科技,2025-10-20 09:48:20,40.1,24400,40.1,U
sh600584,长电科技,2025-10-20 09:48:23,40.1,8800,40.1,D
sh600584,长电科技,2025-10-20 09:48:26,40.11,30600,40.1,U
sh600584,长电科技,2025-10-20 09:48:32,40.11,41100,40.11,D
sh600584,长电科技,2025-10-20 09:48:35,40.13,28300,40.11,U
sh600584,长电科技,2025-10-20 09:48:38,40.13,6600,40.13,D
sh600584,长电科技,2025-10-20 09:48:41,40.15,18900,40.13,U
sh600584,长电科技,2025-10-20 09:48:44,40.16,28400,40.15,U
sh600584,长电科技,2025-10-20 09:48:47,40.17,55400,40.16,U
sh600584,长电科技,2025-10-20 09:48:50,40.17,15300,40.17,U
sh600584,长电科技,2025-10-20 09:48:53,40.17,37200,40.17,U
sh600584,长电科技,2025-10-20 09:48:56,40.17,11100,40.17,U
sh600584,长电科技,2025-10-20 09:48:59,40.17,22200,40.17,D
sh600584,长电科技,2025-10-20 09:49:02,40.17,27800,40.17,D
sh600584,长电科技,2025-10-20 09:49:05,40.17,22200,40.17,D
sh600584,长电科技,2025-10-20 09:49:08,40.17,60600,40.17,D
sh600584,长电科技,2025-10-20 09:49:11,40.17,18200,40.17,D
sh600584,长电科技,2025-10-20 09:49:14,40.18,71200,40.17,U
sh600584,长电科技,2025-10-20 09:49:17,40.19,27400,40.18,U
sh600584,长电科技,2025-10-20 09:49:20,40.18,34000,40.19,D
sh600584,长电科技,2025-10-20 09:49:23,40.19,35000,40.18,U
sh600584,长电科技,2025-10-20 09:49:26,40.18,12400,40.19,D
sh600584,长电科技,2025-10-20 09:49:29,40.19,15300,40.18,U
sh600584,长电科技,2025-10-20 09:49:32,40.19,29700,40.19,D
sh600584,长电科技,2025-10-20 09:49:35,40.19,66100,40.19,D
sh600584,长电科技,2025-10-20 09:49:38,40.2,22700,40.19,U
sh600584,长电科技,2025-10-20 09:49:41,40.19,15300,40.2,E
sh600584,长电科技,2025-10-20 09:49:44,40.18,49200,40.19,D
sh600584,长电科技,2025-10-20 09:49:47,40.16,16100,40.18,D
sh600584,长电科技,2025-10-20 09:49:50,40.16,13900,40.16,D
sh600584,长电科技,2025-10-20 09:49:53,40.17,24400,40.16,U
sh600584,长电科技,2025-10-20 09:49:56,40.16,25700,40.17,D
sh600584,长电科技,2025-10-20 09:49:59,40.16,44600,40.16,D
sh600584,长电科技,2025-10-20 09:50:02,40.16,20100,40.16,D
sh600584,长电科技,2025-10-20 09:50:05,40.15,10300,40.16,D
sh600584,长电科技,2025-10-20 09:50:08,40.14,13900,40.15,D
sh600584,长电科技,2025-10-20 09:50:11,40.14,27400,40.14,D
sh600584,长电科技,2025-10-20 09:50:14,40.14,59100,40.14,U
sh600584,长电科技,2025-10-20 09:50:17,40.14,26600,40.14,D
sh600584,长电科技,2025-10-20 09:50:20,40.14,9500,40.14,D
sh600584,长电科技,2025-10-20 09:50:23,40.15,21800,40.14,E
sh600584,长电科技,2025-10-20 09:50:26,40.14,11400,40.15,D
sh600584,长电科技,2025-10-20 09:50:29,40.14,6200,40.14,D
sh600584,长电科技,2025-10-20 09:50:32,40.13,11900,40.14,D
sh600584,长电科技,2025-10-20 09:50:35,40.13,7500,40.13,D
sh600584,长电科技,2025-10-20 09:50:38,40.13,13300,40.13,D
sh600584,长电科技,2025-10-20 09:50:41,40.12,46500,40.13,D
sh600584,长电科技,2025-10-20 09:50:44,40.12,6000,40.12,U
sh600584,长电科技,2025-10-20 09:50:47,40.12,11100,40.12,U
sh600584,长电科技,2025-10-20 09:50:50,40.12,12100,40.12,U
sh600584,长电科技,2025-10-20 09:50:53,40.11,25100,40.12,D
sh600584,长电科技,2025-10-20 09:50:56,40.11,13600,40.11,U
sh600584,长电科技,2025-10-20 09:50:59,40.1,13900,40.11,D
sh600584,长电科技,2025-10-20 09:51:02,40.1,32000,40.1,U
sh600584,长电科技,2025-10-20 09:51:05,40.1,114000,40.1,U
sh600584,长电科技,2025-10-20 09:51:08,40.09,34900,40.1,D
sh600584,长电科技,2025-10-20 09:51:11,40.09,11000,40.09,D
sh600584,长电科技,2025-10-20 09:51:14,40.08,36400,40.09,D
sh600584,长电科技,2025-10-20 09:51:17,40.06,21600,40.08,D
sh600584,长电科技,2025-10-20 09:51:20,40.07,6800,40.06,U
sh600584,长电科技,2025-10-20 09:51:23,40.03,13700,40.07,D
sh600584,长电科技,2025-10-20 09:51:26,40.04,9300,40.03,D
sh600584,长电科技,2025-10-20 09:51:29,40.03,18300,40.04,D
sh600584,长电科技,2025-10-20 09:51:35,40.03,14546,40.03,U
sh600584,长电科技,2025-10-20 09:51:38,40.03,15300,40.03,D
sh600584,长电科技,2025-10-20 09:51:41,40.02,22800,40.03,D
sh600584,长电科技,2025-10-20 09:51:44,40.02,12000,40.02,U
sh600584,长电科技,2025-10-20 09:51:47,40.03,9400,40.02,E
sh600584,长电科技,2025-10-20 09:51:53,40.05,5000,40.03,U
sh600584,长电科技,2025-10-20 09:51:56,40.07,10800,40.05,U
sh600584,长电科技,2025-10-20 09:52:05,40.08,17500,40.06,U
sh600584,长电科技,2025-10-20 09:52:08,40.06,13800,40.08,D
sh600584,长电科技,2025-10-20 09:52:11,40.07,15300,40.06,U
sh600584,长电科技,2025-10-20 09:52:14,40.06,14300,40.07,D
sh600584,长电科技,2025-10-20 09:52:17,40.06,11700,40.06,D
sh600584,长电科技,2025-10-20 09:52:20,40.06,20900,40.06,D
sh600584,长电科技,2025-10-20 09:52:23,40.06,18500,40.06,D
sh600584,长电科技,2025-10-20 09:52:26,40.05,68400,40.06,D
sh600584,长电科技,2025-10-20 09:52:29,40.06,11600,40.05,U
sh600584,长电科技,2025-10-20 09:52:32,40.05,12200,40.06,E
sh600584,长电科技,2025-10-20 09:52:35,40.06,10900,40.05,U
sh600584,长电科技,2025-10-20 09:52:38,40.06,6100,40.06,U
sh600584,长电科技,2025-10-20 09:52:44,40.05,6200,40.05,D
sh600584,长电科技,2025-10-20 09:52:47,40.05,9400,40.05,D
sh600584,长电科技,2025-10-20 09:52:50,40.04,8600,40.05,D
sh600584,长电科技,2025-10-20 09:52:53,40.04,14000,40.04,D
sh600584,长电科技,2025-10-20 09:52:56,40.01,48900,40.04,D
sh600584,长电科技,2025-10-20 09:52:59,40.01,12900,40.01,D
sh600584,长电科技,2025-10-20 09:53:02,40.01,15500,40.01,D
sh600584,长电科技,2025-10-20 09:53:05,40.01,21200,40.01,U
sh600584,长电科技,2025-10-20 09:53:11,40.01,28400,40.01,D
sh600584,长电科技,2025-10-20 09:53:14,40.01,12000,40.01,U
sh600584,长电科技,2025-10-20 09:53:17,40.01,23100,40.01,D
sh600584,长电科技,2025-10-20 09:53:20,40.04,14800,40.01,U
sh600584,长电科技,2025-10-20 09:53:23,40.03,13100,40.04,D
sh600584,长电科技,2025-10-20 09:53:26,40.04,19800,40.03,U
sh600584,长电科技,2025-10-20 09:53:29,40.11,105300,40.04,U
sh600584,长电科技,2025-10-20 09:53:32,40.08,16600,40.11,D
sh600584,长电科技,2025-10-20 09:53:41,40.1,11500,40.11,D
sh600584,长电科技,2025-10-20 09:53:44,40.1,8300,40.1,D
sh600584,长电科技,2025-10-20 09:53:47,40.1,10800,40.1,D
sh600584,长电科技,2025-10-20 09:53:50,40.08,22200,40.1,D
sh600584,长电科技,2025-10-20 09:53:53,40.06,13400,40.08,D
sh600584,长电科技,2025-10-20 09:53:56,40.05,43300,40.06,D
sh600584,长电科技,2025-10-20 09:54:02,40.06,6000,40.06,U
sh600584,长电科技,2025-10-20 09:54:05,40.02,55700,40.06,D
sh600584,长电科技,2025-10-20 09:54:08,40.04,9000,40.02,U
sh600584,长电科技,2025-10-20 09:54:11,40.03,5700,40.04,E
sh600584,长电科技,2025-10-20 09:54:14,40.04,6800,40.03,E
sh600584,长电科技,2025-10-20 09:54:17,40.03,7500,40.04,D
sh600584,长电科技,2025-10-20 09:54:20,40.02,10000,40.03,D
sh600584,长电科技,2025-10-20 09:54:23,40.02,20700,40.02,U
sh600584,长电科技,2025-10-20 09:54:29,40.0,45200,40.01,D
sh600584,长电科技,2025-10-20 09:54:32,40.01,9100,40.0,U
sh600584,长电科技,2025-10-20 09:54:35,40.01,112500,40.01,U
sh600584,长电科技,2025-10-20 09:54:38,40.01,11500,40.01,D
sh600584,长电科技,2025-10-20 09:54:44,40.02,20900,40.01,D
sh600584,长电科技,2025-10-20 09:54:50,40.02,14000,40.02,D
sh600584,长电科技,2025-10-20 09:54:53,40.02,23100,40.02,D
sh600584,长电科技,2025-10-20 09:54:56,40.02,8800,40.02,U
sh600584,长电科技,2025-10-20 09:54:59,40.02,14200,40.02,U
sh600584,长电科技,2025-10-20 09:55:02,40.02,15600,40.02,U
sh600584,长电科技,2025-10-20 09:55:05,40.06,12000,40.02,U
sh600584,长电科技,2025-10-20 09:55:08,40.04,6300,40.06,D
sh600584,长电科技,2025-10-20 09:55:14,40.06,5900,40.06,D
sh600584,长电科技,2025-10-20 09:55:17,40.05,10300,40.06,D
sh600584,长电科技,2025-10-20 09:55:23,40.04,15000,40.05,D
sh600584,长电科技,2025-10-20 09:55:26,40.06,15200,40.04,U
sh600584,长电科技,2025-10-20 09:55:32,40.08,5100,40.06,U
sh600584,长电科技,2025-10-20 09:55:35,40.07,9500,40.08,D
sh600584,长电科技,2025-10-20 09:55:38,40.09,10900,40.07,U
sh600584,长电科技,2025-10-20 09:55:41,40.09,26100,40.09,D
sh600584,长电科技,2025-10-20 09:55:44,40.09,9800,40.09,D
sh600584,长电科技,2025-10-20 09:55:47,40.1,15300,40.09,U
sh600584,长电科技,2025-10-20 09:55:53,40.11,6600,40.11,U
sh600584,长电科技,2025-10-20 09:55:56,40.11,14900,40.11,U
sh600584,长电科技,2025-10-20 09:55:59,40.11,101600,40.11,U
sh600584,长电科技,2025-10-20 09:56:05,40.11,12200,40.11,U
sh600584,长电科技,2025-10-20 09:56:08,40.11,24200,40.11,U
sh600584,长电科技,2025-10-20 09:56:11,40.12,12600,40.11,D
sh600584,长电科技,2025-10-20 09:56:14,40.12,11400,40.12,D
sh600584,长电科技,2025-10-20 09:56:20,40.13,84400,40.11,U
sh600584,长电科技,2025-10-20 09:56:23,40.12,10500,40.13,D
sh600584,长电科技,2025-10-20 09:56:26,40.11,10200,40.12,U
sh600584,长电科技,2025-10-20 09:56:29,40.1,7200,40.11,D
sh600584,长电科技,2025-10-20 09:56:32,40.09,30400,40.1,D
sh600584,长电科技,2025-10-20 09:56:35,40.09,15400,40.09,U
sh600584,长电科技,2025-10-20 09:56:38,40.08,8100,40.09,D
sh600584,长电科技,2025-10-20 09:56:41,40.09,9100,40.08,U
sh600584,长电科技,2025-10-20 09:56:44,40.09,10200,40.09,D
sh600584,长电科技,2025-10-20 09:56:47,40.08,18200,40.09,D
sh600584,长电科技,2025-10-20 09:56:53,40.08,10500,40.08,U
sh600584,长电科技,2025-10-20 09:57:02,40.05,17500,40.07,D
sh600584,长电科技,2025-10-20 09:57:05,40.07,5900,40.05,U
sh600584,长电科技,2025-10-20 09:57:11,40.12,68300,40.07,U
sh600584,长电科技,2025-10-20 09:57:14,40.13,23300,40.12,U
sh600584,长电科技,2025-10-20 09:57:23,40.15,28500,40.14,U
sh600584,长电科技,2025-10-20 09:57:29,40.15,19300,40.15,U
sh600584,长电科技,2025-10-20 09:57:32,40.16,6200,40.15,U
sh600584,长电科技,2025-10-20 09:57:35,40.16,15000,40.16,U
sh600584,长电科技,2025-10-20 09:57:38,40.15,12100,40.16,D
sh600584,长电科技,2025-10-20 09:57:41,40.15,15300,40.15,D
sh600584,长电科技,2025-10-20 09:57:44,40.15,10800,40.15,D
sh600584,长电科技,2025-10-20 09:57:47,40.15,9800,40.15,U
sh600584,长电科技,2025-10-20 09:57:50,40.15,7200,40.15,U
sh600584,长电科技,2025-10-20 09:57:53,40.15,9300,40.15,D
sh600584,长电科技,2025-10-20 09:57:56,40.16,12600,40.15,U
sh600584,长电科技,2025-10-20 09:57:59,40.18,34100,40.16,U
sh600584,长电科技,2025-10-20 09:58:02,40.18,6100,40.18,U
sh600584,长电科技,2025-10-20 09:58:05,40.18,24500,40.18,U
sh600584,长电科技,2025-10-20 09:58:08,40.17,16300,40.18,D
sh600584,长电科技,2025-10-20 09:58:11,40.18,48100,40.17,U
sh600584,长电科技,2025-10-20 09:58:14,40.18,58100,40.18,D
sh600584,长电科技,2025-10-20 09:58:17,40.16,22300,40.18,D
sh600584,长电科技,2025-10-20 09:58:20,40.16,8500,40.16,D
sh600584,长电科技,2025-10-20 09:58:23,40.15,7700,40.16,D
sh600584,长电科技,2025-10-20 09:58:26,40.14,63100,40.15,D
sh600584,长电科技,2025-10-20 09:58:29,40.15,32300,40.14,U
sh600584,长电科技,2025-10-20 09:58:35,40.13,8800,40.13,U
sh600584,长电科技,2025-10-20 09:58:41,40.13,7100,40.12,U
sh600584,长电科技,2025-10-20 09:58:56,40.14,8500,40.14,U
sh600584,长电科技,2025-10-20 09:59:05,40.15,15400,40.15,U
sh600584,长电科技,2025-10-20 09:59:08,40.14,28500,40.15,D
sh600584,长电科技,2025-10-20 09:59:11,40.14,6800,40.14,D
sh600584,长电科技,2025-10-20 09:59:14,40.15,6800,40.14,D
sh600584,长电科技,2025-10-20 09:59:17,40.16,21600,40.15,U
sh600584,长电科技,2025-10-20 09:59:20,40.16,9300,40.16,U
sh600584,长电科技,2025-10-20 09:59:29,40.16,7500,40.16,D
sh600584,长电科技,2025-10-20 09:59:32,40.17,5100,40.16,U
sh600584,长电科技,2025-10-20 09:59:35,40.17,11900,40.17,D
sh600584,长电科技,2025-10-20 09:59:38,40.18,62700,40.17,U
sh600584,长电科技,2025-10-20 09:59:41,40.17,16800,40.18,E
sh600584,长电科技,2025-10-20 09:59:44,40.18,7800,40.17,U
sh600584,长电科技,2025-10-20 09:59:47,40.18,11500,40.18,U
sh600584,长电科技,2025-10-20 09:59:50,40.18,12600,40.18,D
sh600584,长电科技,2025-10-20 09:59:53,40.18,48900,40.18,D
sh600584,长电科技,2025-10-20 09:59:56,40.19,9500,40.18,U
sh600584,长电科技,2025-10-20 09:59:59,40.19,10100,40.19,U
sh600584,长电科技,2025-10-20 10:00:02,40.19,20100,40.19,U
sh600584,长电科技,2025-10-20 10:00:05,40.22,108500,40.19,U
sh600584,长电科技,2025-10-20 10:00:08,40.2,65300,40.22,D
sh600584,长电科技,2025-10-20 10:00:11,40.23,28500,40.2,U
sh600584,长电科技,2025-10-20 10:00:14,40.22,16500,40.23,D
sh600584,长电科技,2025-10-20 10:00:17,40.23,10500,40.22,U
sh600584,长电科技,2025-10-20 10:00:20,40.24,28800,40.23,U
sh600584,长电科技,2025-10-20 10:00:23,40.24,8100,40.24,D
sh600584,长电科技,2025-10-20 10:00:26,40.26,102600,40.24,U
sh600584,长电科技,2025-10-20 10:00:29,40.26,21300,40.26,U
sh600584,长电科技,2025-10-20 10:00:32,40.26,27900,40.26,U
sh600584,长电科技,2025-10-20 10:00:35,40.26,11200,40.26,U
sh600584,长电科技,2025-10-20 10:00:38,40.26,16200,40.26,U
sh600584,长电科技,2025-10-20 10:00:41,40.26,14500,40.26,U
sh600584,长电科技,2025-10-20 10:00:44,40.25,8500,40.26,D
sh600584,长电科技,2025-10-20 10:00:47,40.26,7500,40.25,U
sh600584,长电科技,2025-10-20 10:00:50,40.26,23500,40.26,U
sh600584,长电科技,2025-10-20 10:00:53,40.26,17300,40.26,U
sh600584,长电科技,2025-10-20 10:00:56,40.25,12100,40.26,D
sh600584,长电科技,2025-10-20 10:00:59,40.26,14800,40.25,U
sh600584,长电科技,2025-10-20 10:01:02,40.26,13000,40.26,U
sh600584,长电科技,2025-10-20 10:01:05,40.26,10200,40.26,U
sh600584,长电科技,2025-10-20 10:01:08,40.26,49200,40.26,D
sh600584,长电科技,2025-10-20 10:01:11,40.26,73200,40.26,D
sh600584,长电科技,2025-10-20 10:01:14,40.26,21700,40.26,D
sh600584,长电科技,2025-10-20 10:01:17,40.26,22400,40.26,D
sh600584,长电科技,2025-10-20 10:01:20,40.25,90300,40.26,D
sh600584,长电科技,2025-10-20 10:01:23,40.22,14000,40.25,D
sh600584,长电科技,2025-10-20 10:01:26,40.22,20000,40.22,D
sh600584,长电科技,2025-10-20 10:01:29,40.22,6400,40.22,D
sh600584,长电科技,2025-10-20 10:01:32,40.21,13900,40.22,D
sh600584,长电科技,2025-10-20 10:01:35,40.21,7800,40.21,D
sh600584,长电科技,2025-10-20 10:01:38,40.22,5900,40.21,U
sh600584,长电科技,2025-10-20 10:01:41,40.2,21700,40.22,D
sh600584,长电科技,2025-10-20 10:01:47,40.19,8100,40.19,D
sh600584,长电科技,2025-10-20 10:01:50,40.2,9000,40.19,U
sh600584,长电科技,2025-10-20 10:01:59,40.21,26300,40.18,U
sh600584,长电科技,2025-10-20 10:02:02,40.19,8400,40.21,E
sh600584,长电科技,2025-10-20 10:02:05,40.21,21900,40.19,D
sh600584,长电科技,2025-10-20 10:02:08,40.2,6500,40.21,D
sh600584,长电科技,2025-10-20 10:02:11,40.22,8500,40.2,U
sh600584,长电科技,2025-10-20 10:02:14,40.23,7600,40.22,U
sh600584,长电科技,2025-10-20 10:02:17,40.24,30700,40.23,U
sh600584,长电科技,2025-10-20 10:02:26,40.26,47300,40.23,U
sh600584,长电科技,2025-10-20 10:02:29,40.27,36800,40.26,U
sh600584,长电科技,2025-10-20 10:02:35,40.29,20700,40.28,U
sh600584,长电科技,2025-10-20 10:02:38,40.29,14900,40.29,U
sh600584,长电科技,2025-10-20 10:02:41,40.3,64900,40.29,U
sh600584,长电科技,2025-10-20 10:02:44,40.3,23700,40.3,U
sh600584,长电科技,2025-10-20 10:02:47,40.3,25300,40.3,U
sh600584,长电科技,2025-10-20 10:02:50,40.3,38600,40.3,U
sh600584,长电科技,2025-10-20 10:02:53,40.29,31000,40.3,D
sh600584,长电科技,2025-10-20 10:02:56,40.3,10000,40.29,U
sh600584,长电科技,2025-10-20 10:02:59,40.28,23400,40.3,D
sh600584,长电科技,2025-10-20 10:03:02,40.29,19600,40.28,U
sh600584,长电科技,2025-10-20 10:03:05,40.29,27500,40.29,U
sh600584,长电科技,2025-10-20 10:03:08,40.29,8000,40.29,D
sh600584,长电科技,2025-10-20 10:03:11,40.29,19600,40.29,U
sh600584,长电科技,2025-10-20 10:03:14,40.29,20800,40.29,U
sh600584,长电科技,2025-10-20 10:03:17,40.28,41800,40.29,E
sh600584,长电科技,2025-10-20 10:03:20,40.28,21100,40.28,U
sh600584,长电科技,2025-10-20 10:03:23,40.28,34200,40.28,U
sh600584,长电科技,2025-10-20 10:03:26,40.28,75000,40.28,D
sh600584,长电科技,2025-10-20 10:03:29,40.28,14000,40.28,U
sh600584,长电科技,2025-10-20 10:03:32,40.28,23000,40.28,U
sh600584,长电科技,2025-10-20 10:03:35,40.26,5200,40.28,D
sh600584,长电科技,2025-10-20 10:03:38,40.26,12400,40.26,U
sh600584,长电科技,2025-10-20 10:03:41,40.26,10600,40.26,U
sh600584,长电科技,2025-10-20 10:03:44,40.25,15900,40.26,D
sh600584,长电科技,2025-10-20 10:03:47,40.26,10600,40.25,U
sh600584,长电科技,2025-10-20 10:03:50,40.26,5800,40.26,D
sh600584,长电科技,2025-10-20 10:03:53,40.27,17000,40.26,U
sh600584,长电科技,2025-10-20 10:03:56,40.27,10400,40.27,E
sh600584,长电科技,2025-10-20 10:03:59,40.28,22900,40.27,U
sh600584,长电科技,2025-10-20 10:04:02,40.29,30100,40.28,U
sh600584,长电科技,2025-10-20 10:04:05,40.29,13800,40.29,U
sh600584,长电科技,2025-10-20 10:04:08,40.3,18300,40.29,U
sh600584,长电科技,2025-10-20 10:04:11,40.3,13476,40.3,U
sh600584,长电科技,2025-10-20 10:04:14,40.3,6100,40.3,U
sh600584,长电科技,2025-10-20 10:04:17,40.29,23224,40.3,D
sh600584,长电科技,2025-10-20 10:04:20,40.31,65776,40.29,U
sh600584,长电科技,2025-10-20 10:04:23,40.32,12300,40.31,U
sh600584,长电科技,2025-10-20 10:04:26,40.32,153800,40.32,U
sh600584,长电科技,2025-10-20 10:04:29,40.35,23400,40.32,U
sh600584,长电科技,2025-10-20 10:04:32,40.34,122600,40.35,D
sh600584,长电科技,2025-10-20 10:04:35,40.38,17700,40.34,U
sh600584,长电科技,2025-10-20 10:04:38,40.36,13800,40.38,D
sh600584,长电科技,2025-10-20 10:04:41,40.38,11600,40.36,U
sh600584,长电科技,2025-10-20 10:04:44,40.39,12600,40.38,U
sh600584,长电科技,2025-10-20 10:04:47,40.39,101600,40.39,D
sh600584,长电科技,2025-10-20 10:04:50,40.4,52600,40.39,U
sh600584,长电科技,2025-10-20 10:04:53,40.4,23200,40.4,U
sh600584,长电科技,2025-10-20 10:04:56,40.43,32500,40.4,U
sh600584,长电科技,2025-10-20 10:04:59,40.42,6100,40.43,D
sh600584,长电科技,2025-10-20 10:05:02,40.43,91400,40.42,U
sh600584,长电科技,2025-10-20 10:05:05,40.42,38400,40.43,D
sh600584,长电科技,2025-10-20 10:05:08,40.42,44800,40.42,U
sh600584,长电科技,2025-10-20 10:05:11,40.44,43600,40.42,U
sh600584,长电科技,2025-10-20 10:05:14,40.44,33200,40.44,U
sh600584,长电科技,2025-10-20 10:05:17,40.42,99200,40.44,D
sh600584,长电科技,2025-10-20 10:05:20,40.44,79900,40.42,U
sh600584,长电科技,2025-10-20 10:05:23,40.43,10300,40.44,D
sh600584,长电科技,2025-10-20 10:05:26,40.44,23900,40.43,U
sh600584,长电科技,2025-10-20 10:05:29,40.43,35600,40.44,D
sh600584,长电科技,2025-10-20 10:05:32,40.43,30900,40.43,D
sh600584,长电科技,2025-10-20 10:05:35,40.44,46600,40.43,U
sh600584,长电科技,2025-10-20 10:05:38,40.43,40900,40.44,D
sh600584,长电科技,2025-10-20 10:05:41,40.44,21100,40.43,E
sh600584,长电科技,2025-10-20 10:05:44,40.43,26300,40.44,D
sh600584,长电科技,2025-10-20 10:05:47,40.44,39000,40.43,U
sh600584,长电科技,2025-10-20 10:05:50,40.43,42500,40.44,D
sh600584,长电科技,2025-10-20 10:05:53,40.44,34200,40.43,U
sh600584,长电科技,2025-10-20 10:05:56,40.42,31800,40.44,D
sh600584,长电科技,2025-10-20 10:05:59,40.43,14300,40.42,D
sh600584,长电科技,2025-10-20 10:06:02,40.43,30000,40.43,U
sh600584,长电科技,2025-10-20 10:06:05,40.42,20600,40.43,U
sh600584,长电科技,2025-10-20 10:06:08,40.42,25100,40.42,U
sh600584,长电科技,2025-10-20 10:06:11,40.42,20700,40.42,U
sh600584,长电科技,2025-10-20 10:06:14,40.42,30500,40.42,D
sh600584,长电科技,2025-10-20 10:06:17,40.42,16300,40.42,U
sh600584,长电科技,2025-10-20 10:06:20,40.42,22500,40.42,U
sh600584,长电科技,2025-10-20 10:06:23,40.41,5500,40.42,E
sh600584,长电科技,2025-10-20 10:06:26,40.42,37500,40.41,U
sh600584,长电科技,2025-10-20 10:06:29,40.41,30400,40.42,E
sh600584,长电科技,2025-10-20 10:06:32,40.4,7600,40.41,D
sh600584,长电科技,2025-10-20 10:06:35,40.4,9500,40.4,U
sh600584,长电科技,2025-10-20 10:06:38,40.38,23600,40.4,D
sh600584,长电科技,2025-10-20 10:06:41,40.37,5900,40.38,D
sh600584,长电科技,2025-10-20 10:06:44,40.37,14200,40.37,D
sh600584,长电科技,2025-10-20 10:06:47,40.36,32000,40.37,D
sh600584,长电科技,2025-10-20 10:06:50,40.36,14200,40.36,D
sh600584,长电科技,2025-10-20 10:06:53,40.36,46200,40.36,U
sh600584,长电科技,2025-10-20 10:07:02,40.33,20900,40.33,D
sh600584,长电科技,2025-10-20 10:07:08,40.33,31300,40.32,U
sh600584,长电科技,2025-10-20 10:07:11,40.34,29100,40.33,U
sh600584,长电科技,2025-10-20 10:07:14,40.35,41200,40.34,U
sh600584,长电科技,2025-10-20 10:07:17,40.39,93300,40.35,U
sh600584,长电科技,2025-10-20 10:07:20,40.42,60700,40.39,U
sh600584,长电科技,2025-10-20 10:07:23,40.42,11200,40.42,U
sh600584,长电科技,2025-10-20 10:07:26,40.42,15600,40.42,U
sh600584,长电科技,2025-10-20 10:07:29,40.41,14300,40.42,E
sh600584,长电科技,2025-10-20 10:07:32,40.42,13400,40.41,U
sh600584,长电科技,2025-10-20 10:07:35,40.42,19500,40.42,U
sh600584,长电科技,2025-10-20 10:07:38,40.41,6900,40.42,U
sh600584,长电科技,2025-10-20 10:07:41,40.4,36000,40.41,D
sh600584,长电科技,2025-10-20 10:07:44,40.41,17200,40.4,U
sh600584,长电科技,2025-10-20 10:07:47,40.41,13200,40.41,U
sh600584,长电科技,2025-10-20 10:07:50,40.41,9700,40.41,D
sh600584,长电科技,2025-10-20 10:07:53,40.42,25900,40.41,U
sh600584,长电科技,2025-10-20 10:07:59,40.42,26500,40.42,D
sh600584,长电科技,2025-10-20 10:08:02,40.38,52000,40.42,D
sh600584,长电科技,2025-10-20 10:08:05,40.38,21800,40.38,D
sh600584,长电科技,2025-10-20 10:08:08,40.38,6600,40.38,U
sh600584,长电科技,2025-10-20 10:08:11,40.38,6500,40.38,U
sh600584,长电科技,2025-10-20 10:08:14,40.38,31000,40.38,D
sh600584,长电科技,2025-10-20 10:08:17,40.36,17800,40.38,E
sh600584,长电科技,2025-10-20 10:08:20,40.36,10300,40.36,U
sh600584,长电科技,2025-10-20 10:08:23,40.39,45300,40.36,U
sh600584,长电科技,2025-10-20 10:08:26,40.37,32840,40.39,U
sh600584,长电科技,2025-10-20 10:08:29,40.36,26160,40.37,D
sh600584,长电科技,2025-10-20 10:08:32,40.36,12700,40.36,U
sh600584,长电科技,2025-10-20 10:08:35,40.38,42800,40.36,U
sh600584,长电科技,2025-10-20 10:08:38,40.38,24000,40.38,D
sh600584,长电科技,2025-10-20 10:08:41,40.37,10000,40.38,D
sh600584,长电科技,2025-10-20 10:08:47,40.37,6700,40.38,D
sh600584,长电科技,2025-10-20 10:08:50,40.38,8600,40.37,U
sh600584,长电科技,2025-10-20 10:08:53,40.37,37700,40.38,U
sh600584,长电科技,2025-10-20 10:08:56,40.36,31300,40.37,D
sh600584,长电科技,2025-10-20 10:08:59,40.37,85900,40.36,U
sh600584,长电科技,2025-10-20 10:09:02,40.37,18600,40.37,D
sh600584,长电科技,2025-10-20 10:09:05,40.38,29700,40.37,U
sh600584,长电科技,2025-10-20 10:09:08,40.39,26800,40.38,U
sh600584,长电科技,2025-10-20 10:09:11,40.43,104528,40.39,U
sh600584,长电科技,2025-10-20 10:09:14,40.43,10100,40.43,U
sh600584,长电科技,2025-10-20 10:09:17,40.43,53100,40.43,U
sh600584,长电科技,2025-10-20 10:09:20,40.44,48100,40.43,U
sh600584,长电科技,2025-10-20 10:09:23,40.44,9100,40.44,D
sh600584,长电科技,2025-10-20 10:09:26,40.44,9200,40.44,D
sh600584,长电科技,2025-10-20 10:09:29,40.43,32300,40.44,D
sh600584,长电科技,2025-10-20 10:09:32,40.43,16400,40.43,D
sh600584,长电科技,2025-10-20 10:09:35,40.44,78400,40.43,U
sh600584,长电科技,2025-10-20 10:09:38,40.46,74100,40.44,U
sh600584,长电科技,2025-10-20 10:09:41,40.48,98500,40.46,U
sh600584,长电科技,2025-10-20 10:09:44,40.49,39200,40.48,U
sh600584,长电科技,2025-10-20 10:09:47,40.49,44700,40.49,U
sh600584,长电科技,2025-10-20 10:09:50,40.49,44000,40.49,U
sh600584,长电科技,2025-10-20 10:09:53,40.51,181000,40.49,U
sh600584,长电科技,2025-10-20 10:09:56,40.52,73300,40.51,U
sh600584,长电科技,2025-10-20 10:09:59,40.53,24400,40.52,E
sh600584,长电科技,2025-10-20 10:10:02,40.56,9500,40.53,U
sh600584,长电科技,2025-10-20 10:10:05,40.55,11900,40.56,D
sh600584,长电科技,2025-10-20 10:10:08,40.55,122900,40.55,D
sh600584,长电科技,2025-10-20 10:10:11,40.55,56800,40.55,U
sh600584,长电科技,2025-10-20 10:10:14,40.54,22500,40.55,D
sh600584,长电科技,2025-10-20 10:10:17,40.54,35300,40.54,D
sh600584,长电科技,2025-10-20 10:10:20,40.54,39900,40.54,U
sh600584,长电科技,2025-10-20 10:10:23,40.54,61200,40.54,U
sh600584,长电科技,2025-10-20 10:10:26,40.54,22500,40.54,U
sh600584,长电科技,2025-10-20 10:10:29,40.54,18200,40.54,U
sh600584,长电科技,2025-10-20 10:10:32,40.54,13000,40.54,U
sh600584,长电科技,2025-10-20 10:10:35,40.53,11100,40.54,D
sh600584,长电科技,2025-10-20 10:10:38,40.54,14200,40.53,U
sh600584,长电科技,2025-10-20 10:10:41,40.54,32400,40.54,U
sh600584,长电科技,2025-10-20 10:10:44,40.54,7200,40.54,U
sh600584,长电科技,2025-10-20 10:10:47,40.54,10800,40.54,U
sh600584,长电科技,2025-10-20 10:10:50,40.53,24900,40.54,D
sh600584,长电科技,2025-10-20 10:10:53,40.54,29700,40.53,U
sh600584,长电科技,2025-10-20 10:10:56,40.54,33400,40.54,U
sh600584,长电科技,2025-10-20 10:10:59,40.53,20700,40.54,D
sh600584,长电科技,2025-10-20 10:11:02,40.53,16900,40.53,U
sh600584,长电科技,2025-10-20 10:11:05,40.52,26500,40.53,E
sh600584,长电科技,2025-10-20 10:11:08,40.51,12100,40.52,D
sh600584,长电科技,2025-10-20 10:11:11,40.52,7700,40.51,U
sh600584,长电科技,2025-10-20 10:11:14,40.51,13300,40.52,D
sh600584,长电科技,2025-10-20 10:11:17,40.5,8400,40.51,D
sh600584,长电科技,2025-10-20 10:11:20,40.5,73700,40.5,D
sh600584,长电科技,2025-10-20 10:11:26,40.49,30100,40.49,D
sh600584,长电科技,2025-10-20 10:11:29,40.49,15400,40.49,U
sh600584,长电科技,2025-10-20 10:11:32,40.47,13200,40.49,D
sh600584,长电科技,2025-10-20 10:11:38,40.46,17500,40.46,U
sh600584,长电科技,2025-10-20 10:11:41,40.45,26100,40.46,D
sh600584,长电科技,2025-10-20 10:11:44,40.45,14100,40.45,D
sh600584,长电科技,2025-10-20 10:11:47,40.44,11600,40.45,D
sh600584,长电科技,2025-10-20 10:11:50,40.44,19600,40.44,D
sh600584,长电科技,2025-10-20 10:11:53,40.45,24600,40.44,E
sh600584,长电科技,2025-10-20 10:11:59,40.41,43500,40.43,D
sh600584,长电科技,2025-10-20 10:12:02,40.4,15800,40.41,D
sh600584,长电科技,2025-10-20 10:12:08,40.39,9500,40.39,D
sh600584,长电科技,2025-10-20 10:12:11,40.38,9100,40.39,D
sh600584,长电科技,2025-10-20 10:12:14,40.43,54200,40.38,U
sh600584,长电科技,2025-10-20 10:12:17,40.48,42800,40.43,U
sh600584,长电科技,2025-10-20 10:12:20,40.47,20300,40.48,E
sh600584,长电科技,2025-10-20 10:12:23,40.48,26400,40.47,U
sh600584,长电科技,2025-10-20 10:12:26,40.48,34400,40.48,D
sh600584,长电科技,2025-10-20 10:12:29,40.48,9500,40.48,D
sh600584,长电科技,2025-10-20 10:12:32,40.45,22500,40.48,D
sh600584,长电科技,2025-10-20 10:12:35,40.45,40100,40.45,D
sh600584,长电科技,2025-10-20 10:12:41,40.45,8200,40.45,U
sh600584,长电科技,2025-10-20 10:12:44,40.45,5300,40.45,D
sh600584,长电科技,2025-10-20 10:12:47,40.45,6600,40.45,D
sh600584,长电科技,2025-10-20 10:12:50,40.46,18600,40.45,U
sh600584,长电科技,2025-10-20 10:12:53,40.45,19700,40.46,D
sh600584,长电科技,2025-10-20 10:12:56,40.39,14300,40.45,D
sh600584,长电科技,2025-10-20 10:12:59,40.41,10000,40.39,U
sh600584,长电科技,2025-10-20 10:13:05,40.4,8800,40.41,D
sh600584,长电科技,2025-10-20 10:13:08,40.39,20300,40.4,D
sh600584,长电科技,2025-10-20 10:13:11,40.39,11600,40.39,D
sh600584,长电科技,2025-10-20 10:13:14,40.4,6700,40.39,U
sh600584,长电科技,2025-10-20 10:13:17,40.39,9800,40.4,D
sh600584,长电科技,2025-10-20 10:13:20,40.39,6500,40.39,D
sh600584,长电科技,2025-10-20 10:13:26,40.38,9900,40.38,D
sh600584,长电科技,2025-10-20 10:13:29,40.38,26000,40.38,D
sh600584,长电科技,2025-10-20 10:13:32,40.39,29900,40.38,U
sh600584,长电科技,2025-10-20 10:13:35,40.38,22900,40.39,D
sh600584,长电科技,2025-10-20 10:13:41,40.37,13600,40.37,D
sh600584,长电科技,2025-10-20 10:13:44,40.38,25100,40.37,U
sh600584,长电科技,2025-10-20 10:13:47,40.36,5100,40.38,D
sh600584,长电科技,2025-10-20 10:13:50,40.36,15100,40.36,D
sh600584,长电科技,2025-10-20 10:13:53,40.35,13700,40.36,D
sh600584,长电科技,2025-10-20 10:13:56,40.33,21800,40.35,D
sh600584,长电科技,2025-10-20 10:13:59,40.31,33200,40.33,D
sh600584,长电科技,2025-10-20 10:14:02,40.29,74300,40.31,D
sh600584,长电科技,2025-10-20 10:14:05,40.3,21600,40.29,U
sh600584,长电科技,2025-10-20 10:14:08,40.29,14300,40.3,D
sh600584,长电科技,2025-10-20 10:14:11,40.28,26900,40.29,D
sh600584,长电科技,2025-10-20 10:14:14,40.33,46200,40.28,U
sh600584,长电科技,2025-10-20 10:14:17,40.34,18600,40.33,E
sh600584,长电科技,2025-10-20 10:14:20,40.39,45900,40.34,U
sh600584,长电科技,2025-10-20 10:14:23,40.38,13400,40.39,E
sh600584,长电科技,2025-10-20 10:14:26,40.38,9500,40.38,U
sh600584,长电科技,2025-10-20 10:14:29,40.38,5300,40.38,U
sh600584,长电科技,2025-10-20 10:14:32,40.39,21600,40.38,U
sh600584,长电科技,2025-10-20 10:14:35,40.36,13800,40.39,D
sh600584,长电科技,2025-10-20 10:14:41,40.38,13900,40.38,D
sh600584,长电科技,2025-10-20 10:14:44,40.36,25000,40.38,D
sh600584,长电科技,2025-10-20 10:14:47,40.36,35600,40.36,U
sh600584,长电科技,2025-10-20 10:14:50,40.36,14700,40.36,U
sh600584,长电科技,2025-10-20 10:14:53,40.39,102700,40.36,U
sh600584,长电科技,2025-10-20 10:14:56,40.4,15700,40.39,U
sh600584,长电科技,2025-10-20 10:14:59,40.4,15200,40.4,D
sh600584,长电科技,2025-10-20 10:15:02,40.4,5600,40.4,D
sh600584,长电科技,2025-10-20 10:15:05,40.4,13600,40.4,D
sh600584,长电科技,2025-10-20 10:15:11,40.36,8300,40.39,D
sh600584,长电科技,2025-10-20 10:15:17,40.31,9800,40.34,D
sh600584,长电科技,2025-10-20 10:15:26,40.35,7300,40.35,U
sh600584,长电科技,2025-10-20 10:15:32,40.32,21900,40.32,U
sh600584,长电科技,2025-10-20 10:15:35,40.31,10100,40.32,D
sh600584,长电科技,2025-10-20 10:15:38,40.32,16500,40.31,U
sh600584,长电科技,2025-10-20 10:15:41,40.31,7400,40.32,D
sh600584,长电科技,2025-10-20 10:15:47,40.31,9100,40.31,D
sh600584,长电科技,2025-10-20 10:15:50,40.3,22300,40.31,D
sh600584,长电科技,2025-10-20 10:15:53,40.31,5800,40.3,U
sh600584,长电科技,2025-10-20 10:15:56,40.29,14600,40.31,D
sh600584,长电科技,2025-10-20 10:15:59,40.3,5500,40.29,U
sh600584,长电科技,2025-10-20 10:16:02,40.29,10400,40.3,D
sh600584,长电科技,2025-10-20 10:16:05,40.29,9400,40.29,U
sh600584,长电科技,2025-10-20 10:16:11,40.29,28400,40.28,U
sh600584,长电科技,2025-10-20 10:16:14,40.28,25000,40.29,D
sh600584,长电科技,2025-10-20 10:16:17,40.27,13800,40.28,D
sh600584,长电科技,2025-10-20 10:16:23,40.27,21200,40.28,D
sh600584,长电科技,2025-10-20 10:16:26,40.27,11400,40.27,U
sh600584,长电科技,2025-10-20 10:16:29,40.27,9000,40.27,D
sh600584,长电科技,2025-10-20 10:16:32,40.27,5500,40.27,D
sh600584,长电科技,2025-10-20 10:16:35,40.29,12400,40.27,U
sh600584,长电科技,2025-10-20 10:16:38,40.29,5500,40.29,D
sh600584,长电科技,2025-10-20 10:16:41,40.29,23400,40.29,D
sh600584,长电科技,2025-10-20 10:16:56,40.27,7900,40.28,D
sh600584,长电科技,2025-10-20 10:17:02,40.27,10200,40.26,U
sh600584,长电科技,2025-10-20 10:17:08,40.27,8300,40.27,U
sh600584,长电科技,2025-10-20 10:17:11,40.27,9000,40.27,D
sh600584,长电科技,2025-10-20 10:17:14,40.27,7200,40.27,D
sh600584,长电科技,2025-10-20 10:17:17,40.27,6800,40.27,U
sh600584,长电科技,2025-10-20 10:17:26,40.26,8600,40.26,D
sh600584,长电科技,2025-10-20 10:17:29,40.27,10700,40.26,U
sh600584,长电科技,2025-10-20 10:17:38,40.26,8900,40.27,D
sh600584,长电科技,2025-10-20 10:17:41,40.26,6700,40.26,D
sh600584,长电科技,2025-10-20 10:17:47,40.26,9400,40.27,D
sh600584,长电科技,2025-10-20 10:17:53,40.25,6700,40.26,D
sh600584,长电科技,2025-10-20 10:17:59,40.25,8300,40.26,D
sh600584,长电科技,2025-10-20 10:18:02,40.25,5400,40.25,D
sh600584,长电科技,2025-10-20 10:18:05,40.23,44700,40.25,D
sh600584,长电科技,2025-10-20 10:18:08,40.24,7300,40.23,U
sh600584,长电科技,2025-10-20 10:18:11,40.23,5700,40.24,D
sh600584,长电科技,2025-10-20 10:18:17,40.23,17500,40.23,D
sh600584,长电科技,2025-10-20 10:18:20,40.22,5600,40.23,D
sh600584,长电科技,2025-10-20 10:18:23,40.22,14000,40.22,D
sh600584,长电科技,2025-10-20 10:18:26,40.22,5300,40.22,D
sh600584,长电科技,2025-10-20 10:18:32,40.22,16300,40.22,U
sh600584,长电科技,2025-10-20 10:18:35,40.22,13500,40.22,D
sh600584,长电科技,2025-10-20 10:18:41,40.22,7300,40.23,D
sh600584,长电科技,2025-10-20 10:18:44,40.22,12600,40.22,D
sh600584,长电科技,2025-10-20 10:18:47,40.24,8400,40.22,U
sh600584,长电科技,2025-10-20 10:18:50,40.22,7600,40.24,D
sh600584,长电科技,2025-10-20 10:18:53,40.24,7000,40.22,U
sh600584,长电科技,2025-10-20 10:19:05,40.24,6000,40.24,D
sh600584,长电科技,2025-10-20 10:19:11,40.22,62300,40.24,D
sh600584,长电科技,2025-10-20 10:19:14,40.24,13700,40.22,U
sh600584,长电科技,2025-10-20 10:19:17,40.23,10800,40.24,D
sh600584,长电科技,2025-10-20 10:19:20,40.24,11200,40.23,U
sh600584,长电科技,2025-10-20 10:19:26,40.25,14500,40.24,U
sh600584,长电科技,2025-10-20 10:19:29,40.26,5100,40.25,U
sh600584,长电科技,2025-10-20 10:19:32,40.27,6200,40.26,U
sh600584,长电科技,2025-10-20 10:19:35,40.26,5500,40.27,E
sh600584,长电科技,2025-10-20 10:19:38,40.29,21900,40.26,U
sh600584,长电科技,2025-10-20 10:19:41,40.29,9400,40.29,U
sh600584,长电科技,2025-10-20 10:19:44,40.3,35300,40.29,U
sh600584,长电科技,2025-10-20 10:19:50,40.31,6700,40.32,D
sh600584,长电科技,2025-10-20 10:19:56,40.32,25000,40.32,U
sh600584,长电科技,2025-10-20 10:20:02,40.36,5200,40.32,U
sh600584,长电科技,2025-10-20 10:20:08,40.37,7200,40.37,U
sh600584,长电科技,2025-10-20 10:20:11,40.36,10700,40.37,D
sh600584,长电科技,2025-10-20 10:20:14,40.35,17000,40.36,E
sh600584,长电科技,2025-10-20 10:20:17,40.35,6100,40.35,E
sh600584,长电科技,2025-10-20 10:20:23,40.33,5000,40.34,D
sh600584,长电科技,2025-10-20 10:20:26,40.33,5300,40.33,D
sh600584,长电科技,2025-10-20 10:20:32,40.33,6400,40.33,D
sh600584,长电科技,2025-10-20 10:20:35,40.32,8600,40.33,D
sh600584,长电科技,2025-10-20 10:20:41,40.33,9900,40.33,D
sh600584,长电科技,2025-10-20 10:20:47,40.33,5200,40.34,D
sh600584,长电科技,2025-10-20 10:20:59,40.35,6400,40.35,D
sh600584,长电科技,2025-10-20 10:21:02,40.36,5400,40.35,U
sh600584,长电科技,2025-10-20 10:21:08,40.35,14000,40.35,D
sh600584,长电科技,2025-10-20 10:21:17,40.35,13500,40.35,D
sh600584,长电科技,2025-10-20 10:21:20,40.33,5700,40.35,D
sh600584,长电科技,2025-10-20 10:21:23,40.32,32600,40.33,D
sh600584,长电科技,2025-10-20 10:21:26,40.35,24400,40.32,U
sh600584,长电科技,2025-10-20 10:21:32,40.34,6200,40.34,D
sh600584,长电科技,2025-10-20 10:21:35,40.33,5100,40.34,E
sh600584,长电科技,2025-10-20 10:21:44,40.33,6500,40.33,D
sh600584,长电科技,2025-10-20 10:21:53,40.33,14500,40.33,D
sh600584,长电科技,2025-10-20 10:21:56,40.33,8500,40.33,D
sh600584,长电科技,2025-10-20 10:22:05,40.33,5000,40.32,U
sh600584,长电科技,2025-10-20 10:22:08,40.33,19500,40.33,U
sh600584,长电科技,2025-10-20 10:22:11,40.35,19600,40.33,U
sh600584,长电科技,2025-10-20 10:22:17,40.34,13700,40.34,D
sh600584,长电科技,2025-10-20 10:22:29,40.36,18600,40.35,U
sh600584,长电科技,2025-10-20 10:22:38,40.36,6900,40.36,D
sh600584,长电科技,2025-10-20 10:22:41,40.36,29400,40.36,D
sh600584,长电科技,2025-10-20 10:22:47,40.33,9700,40.36,D
sh600584,长电科技,2025-10-20 10:22:50,40.32,8900,40.33,D
sh600584,长电科技,2025-10-20 10:22:53,40.29,18700,40.32,D
sh600584,长电科技,2025-10-20 10:22:56,40.33,13900,40.29,U
sh600584,长电科技,2025-10-20 10:23:05,40.3,7700,40.3,U
sh600584,长电科技,2025-10-20 10:23:11,40.27,10500,40.3,D
sh600584,长电科技,2025-10-20 10:23:14,40.3,5200,40.27,U
sh600584,长电科技,2025-10-20 10:23:17,40.29,14000,40.3,D
sh600584,长电科技,2025-10-20 10:23:23,40.31,9700,40.31,U
sh600584,长电科技,2025-10-20 10:23:32,40.31,7000,40.31,U
sh600584,长电科技,2025-10-20 10:23:35,40.31,10200,40.31,D
sh600584,长电科技,2025-10-20 10:23:44,40.31,6900,40.32,D
sh600584,长电科技,2025-10-20 10:23:47,40.3,26400,40.31,D
sh600584,长电科技,2025-10-20 10:23:50,40.3,11100,40.3,U
sh600584,长电科技,2025-10-20 10:23:59,40.3,7700,40.31,D
sh600584,长电科技,2025-10-20 10:24:02,40.3,8400,40.3,U
sh600584,长电科技,2025-10-20 10:24:05,40.31,25600,40.3,D
sh600584,长电科技,2025-10-20 10:24:08,40.3,6200,40.31,D
sh600584,长电科技,2025-10-20 10:24:14,40.29,49500,40.3,D
sh600584,长电科技,2025-10-20 10:24:17,40.27,5400,40.29,D
sh600584,长电科技,2025-10-20 10:24:20,40.26,25700,40.27,D
sh600584,长电科技,2025-10-20 10:24:26,40.28,11500,40.25,U
sh600584,长电科技,2025-10-20 10:24:32,40.26,5600,40.26,E
sh600584,长电科技,2025-10-20 10:24:35,40.28,21000,40.26,U
sh600584,长电科技,2025-10-20 10:24:41,40.26,26400,40.28,D
sh600584,长电科技,2025-10-20 10:24:53,40.23,6700,40.23,D
sh600584,长电科技,2025-10-20 10:24:59,40.23,6100,40.23,D
sh600584,长电科技,2025-10-20 10:25:05,40.22,10600,40.23,D
sh600584,长电科技,2025-10-20 10:25:08,40.23,9800,40.22,U
sh600584,长电科技,2025-10-20 10:25:11,40.27,15000,40.23,U
sh600584,长电科技,2025-10-20 10:25:14,40.29,11400,40.27,U
sh600584,长电科技,2025-10-20 10:25:17,40.31,26800,40.29,U
sh600584,长电科技,2025-10-20 10:25:20,40.3,19200,40.31,D
sh600584,长电科技,2025-10-20 10:25:26,40.31,7400,40.32,U
sh600584,长电科技,2025-10-20 10:25:29,40.32,10400,40.31,U
sh600584,长电科技,2025-10-20 10:25:32,40.34,5300,40.32,U
sh600584,长电科技,2025-10-20 10:25:35,40.37,51700,40.34,U
sh600584,长电科技,2025-10-20 10:25:38,40.37,11200,40.37,U
sh600584,长电科技,2025-10-20 10:25:41,40.34,9100,40.37,D
sh600584,长电科技,2025-10-20 10:25:44,40.36,5400,40.34,U
sh600584,长电科技,2025-10-20 10:26:02,40.32,12800,40.32,D
sh600584,长电科技,2025-10-20 10:26:11,40.35,7000,40.32,U
sh600584,长电科技,2025-10-20 10:26:14,40.32,27100,40.35,U
sh600584,长电科技,2025-10-20 10:26:17,40.32,5800,40.32,U
sh600584,长电科技,2025-10-20 10:26:23,40.32,7200,40.3,U
sh600584,长电科技,2025-10-20 10:26:38,40.32,10200,40.31,U
sh600584,长电科技,2025-10-20 10:26:47,40.33,13400,40.32,U
sh600584,长电科技,2025-10-20 10:27:02,40.32,6200,40.31,U
sh600584,长电科技,2025-10-20 10:27:08,40.3,8200,40.32,D
sh600584,长电科技,2025-10-20 10:27:11,40.28,28600,40.3,D
sh600584,长电科技,2025-10-20 10:27:23,40.27,9100,40.27,D
sh600584,长电科技,2025-10-20 10:27:32,40.26,6700,40.28,D
sh600584,长电科技,2025-10-20 10:27:38,40.26,7100,40.27,D
sh600584,长电科技,2025-10-20 10:27:44,40.27,13200,40.26,U
sh600584,长电科技,2025-10-20 10:27:47,40.26,15800,40.27,D
sh600584,长电科技,2025-10-20 10:28:02,40.25,15500,40.25,D
sh600584,长电科技,2025-10-20 10:28:11,40.27,20400,40.25,U
sh600584,长电科技,2025-10-20 10:28:14,40.29,10800,40.27,D
sh600584,长电科技,2025-10-20 10:28:23,40.29,8300,40.29,D
sh600584,长电科技,2025-10-20 10:28:26,40.3,7400,40.29,U
sh600584,长电科技,2025-10-20 10:28:29,40.32,12000,40.3,U
sh600584,长电科技,2025-10-20 10:28:32,40.31,8600,40.32,D
sh600584,长电科技,2025-10-20 10:28:35,40.35,14700,40.31,U
sh600584,长电科技,2025-10-20 10:28:38,40.33,5800,40.35,D
sh600584,长电科技,2025-10-20 10:28:44,40.35,9000,40.33,U
sh600584,长电科技,2025-10-20 10:28:47,40.36,9200,40.35,U
sh600584,长电科技,2025-10-20 10:28:50,40.35,5000,40.36,D
sh600584,长电科技,2025-10-20 10:28:53,40.37,9800,40.35,U
sh600584,长电科技,2025-10-20 10:28:59,40.37,18100,40.36,U
sh600584,长电科技,2025-10-20 10:29:02,40.36,7700,40.37,D
sh600584,长电科技,2025-10-20 10:29:05,40.35,5100,40.36,D
sh600584,长电科技,2025-10-20 10:29:08,40.35,13600,40.35,D
sh600584,长电科技,2025-10-20 10:29:11,40.35,7100,40.35,D
sh600584,长电科技,2025-10-20 10:29:20,40.33,82200,40.35,D
sh600584,长电科技,2025-10-20 10:29:23,40.34,5500,40.33,U
sh600584,长电科技,2025-10-20 10:29:29,40.33,7200,40.34,D
sh600584,长电科技,2025-10-20 10:29:35,40.34,11803,40.33,U
sh600584,长电科技,2025-10-20 10:29:41,40.34,6197,40.34,D
sh600584,长电科技,2025-10-20 10:29:59,40.31,28100,40.32,D
sh600584,长电科技,2025-10-20 10:30:05,40.31,9000,40.32,D
sh600584,长电科技,2025-10-20 10:30:08,40.33,5000,40.31,E
sh600584,长电科技,2025-10-20 10:30:14,40.31,31000,40.32,D
sh600584,长电科技,2025-10-20 10:30:17,40.33,34100,40.31,U
sh600584,长电科技,2025-10-20 10:30:23,40.32,5900,40.31,U
sh600584,长电科技,2025-10-20 10:30:35,40.3,8100,40.3,D
sh600584,长电科技,2025-10-20 10:30:41,40.31,10400,40.3,U
sh600584,长电科技,2025-10-20 10:30:44,40.3,5600,40.31,D
sh600584,长电科技,2025-10-20 10:30:56,40.3,6100,40.3,U
sh600584,长电科技,2025-10-20 10:31:02,40.28,8100,40.3,D
sh600584,长电科技,2025-10-20 10:31:11,40.27,5000,40.29,D
sh600584,长电科技,2025-10-20 10:31:17,40.28,8800,40.27,U
sh600584,长电科技,2025-10-20 10:31:26,40.28,5400,40.28,U
sh600584,长电科技,2025-10-20 10:31:44,40.25,11700,40.27,D
sh600584,长电科技,2025-10-20 10:31:59,40.24,10500,40.25,D
sh600584,长电科技,2025-10-20 10:32:02,40.22,18300,40.24,D
sh600584,长电科技,2025-10-20 10:32:05,40.22,8100,40.22,D
sh600584,长电科技,2025-10-20 10:32:11,40.21,6729,40.22,D
sh600584,长电科技,2025-10-20 10:32:26,40.24,5700,40.24,D
sh600584,长电科技,2025-10-20 10:32:56,40.27,5300,40.25,U
sh600584,长电科技,2025-10-20 10:32:59,40.26,5800,40.27,D
sh600584,长电科技,2025-10-20 10:33:08,40.28,7600,40.27,E
sh600584,长电科技,2025-10-20 10:33:20,40.3,8000,40.29,U
sh600584,长电科技,2025-10-20 10:33:26,40.3,11100,40.3,U
sh600584,长电科技,2025-10-20 10:33:29,40.3,7800,40.3,U
sh600584,长电科技,2025-10-20 10:33:38,40.3,9100,40.29,U
sh600584,长电科技,2025-10-20 10:33:41,40.29,7400,40.3,D
sh600584,长电科技,2025-10-20 10:34:08,40.32,5300,40.31,U
sh600584,长电科技,2025-10-20 10:34:32,40.33,5700,40.33,U
sh600584,长电科技,2025-10-20 10:34:38,40.34,6200,40.33,U
sh600584,长电科技,2025-10-20 10:34:50,40.34,5900,40.35,D
sh600584,长电科技,2025-10-20 10:34:53,40.35,10500,40.34,U
sh600584,长电科技,2025-10-20 10:34:56,40.34,22300,40.35,D
sh600584,长电科技,2025-10-20 10:35:02,40.36,29050,40.35,U
sh600584,长电科技,2025-10-20 10:35:05,40.38,45300,40.36,U
sh600584,长电科技,2025-10-20 10:35:17,40.39,7800,40.39,U
sh600584,长电科技,2025-10-20 10:35:26,40.39,6100,40.38,U
sh600584,长电科技,2025-10-20 10:35:29,40.38,9800,40.39,D
sh600584,长电科技,2025-10-20 10:35:32,40.38,32900,40.38,U
sh600584,长电科技,2025-10-20 10:35:35,40.38,6100,40.38,U
sh600584,长电科技,2025-10-20 10:35:50,40.4,14700,40.4,U
sh600584,长电科技,2025-10-20 10:35:53,40.4,50500,40.4,U
sh600584,长电科技,2025-10-20 10:35:56,40.4,8900,40.4,D
sh600584,长电科技,2025-10-20 10:35:59,40.41,6300,40.4,U
sh600584,长电科技,2025-10-20 10:36:05,40.42,6100,40.42,U
sh600584,长电科技,2025-10-20 10:36:08,40.42,26400,40.42,U
sh600584,长电科技,2025-10-20 10:36:20,40.38,62900,40.39,D
sh600584,长电科技,2025-10-20 10:36:26,40.38,5000,40.38,U
sh600584,长电科技,2025-10-20 10:36:35,40.37,24000,40.38,D
sh600584,长电科技,2025-10-20 10:36:50,40.36,5700,40.37,D
sh600584,长电科技,2025-10-20 10:37:02,40.31,24297,40.35,D
sh600584,长电科技,2025-10-20 10:37:05,40.3,32300,40.31,D
sh600584,长电科技,2025-10-20 10:37:08,40.3,7100,40.3,U
sh600584,长电科技,2025-10-20 10:37:11,40.3,5100,40.3,E
sh600584,长电科技,2025-10-20 10:37:14,40.29,9000,40.3,D
sh600584,长电科技,2025-10-20 10:37:23,40.3,7600,40.3,U
sh600584,长电科技,2025-10-20 10:37:26,40.3,8600,40.3,U
sh600584,长电科技,2025-10-20 10:37:32,40.29,13200,40.3,D
sh600584,长电科技,2025-10-20 10:37:35,40.29,14000,40.29,D
sh600584,长电科技,2025-10-20 10:37:44,40.3,19000,40.28,U
sh600584,长电科技,2025-10-20 10:37:50,40.36,61200,40.29,U
sh600584,长电科技,2025-10-20 10:37:56,40.31,6500,40.31,D
sh600584,长电科技,2025-10-20 10:38:26,40.32,5900,40.32,U
sh600584,长电科技,2025-10-20 10:38:29,40.31,8000,40.32,D
sh600584,长电科技,2025-10-20 10:38:41,40.31,6900,40.32,D
sh600584,长电科技,2025-10-20 10:38:44,40.32,6200,40.31,U
sh600584,长电科技,2025-10-20 10:38:53,40.33,5200,40.33,U
sh600584,长电科技,2025-10-20 10:38:59,40.33,10400,40.34,D
sh600584,长电科技,2025-10-20 10:39:14,40.31,8200,40.34,D
sh600584,长电科技,2025-10-20 10:39:38,40.31,31300,40.32,D
sh600584,长电科技,2025-10-20 10:40:02,40.34,12100,40.32,U
sh600584,长电科技,2025-10-20 10:40:05,40.32,18500,40.34,D
sh600584,长电科技,2025-10-20 10:40:17,40.32,9100,40.32,U
sh600584,长电科技,2025-10-20 10:40:20,40.32,6100,40.32,U
sh600584,长电科技,2025-10-20 10:40:38,40.33,11200,40.33,U
sh600584,长电科技,2025-10-20 10:40:41,40.33,6000,40.33,E
sh600584,长电科技,2025-10-20 10:40:50,40.33,26100,40.32,E
sh600584,长电科技,2025-10-20 10:40:53,40.32,7500,40.33,D
sh600584,长电科技,2025-10-20 10:41:02,40.34,24700,40.33,U
sh600584,长电科技,2025-10-20 10:41:32,40.33,7300,40.34,D
sh600584,长电科技,2025-10-20 10:41:38,40.33,10100,40.33,D
sh600584,长电科技,2025-10-20 10:41:50,40.33,11300,40.34,D
sh600584,长电科技,2025-10-20 10:42:02,40.35,20800,40.33,U
sh600584,长电科技,2025-10-20 10:42:05,40.35,6500,40.35,D
sh600584,长电科技,2025-10-20 10:42:11,40.35,5200,40.36,D
sh600584,长电科技,2025-10-20 10:42:14,40.37,7300,40.35,U
sh600584,长电科技,2025-10-20 10:42:20,40.37,6400,40.34,U
sh600584,长电科技,2025-10-20 10:42:38,40.37,26900,40.38,D
sh600584,长电科技,2025-10-20 10:42:44,40.37,7900,40.38,D
sh600584,长电科技,2025-10-20 10:42:47,40.37,38300,40.37,U
sh600584,长电科技,2025-10-20 10:42:50,40.37,6200,40.37,U
sh600584,长电科技,2025-10-20 10:43:02,40.38,8000,40.4,D
sh600584,长电科技,2025-10-20 10:43:05,40.38,9600,40.38,D
sh600584,长电科技,2025-10-20 10:43:20,40.39,5100,40.38,U
sh600584,长电科技,2025-10-20 10:43:29,40.38,24000,40.38,D
sh600584,长电科技,2025-10-20 10:43:53,40.38,7100,40.37,U
sh600584,长电科技,2025-10-20 10:43:56,40.37,12600,40.38,D
sh600584,长电科技,2025-10-20 10:44:08,40.37,6900,40.36,U
sh600584,长电科技,2025-10-20 10:44:17,40.37,8200,40.37,U
sh600584,长电科技,2025-10-20 10:44:20,40.35,6900,40.37,D
sh600584,长电科技,2025-10-20 10:44:23,40.37,13700,40.35,U
sh600584,长电科技,2025-10-20 10:44:26,40.36,6800,40.37,U
sh600584,长电科技,2025-10-20 10:44:29,40.35,6400,40.36,E
sh600584,长电科技,2025-10-20 10:44:44,40.37,5100,40.37,D
sh600584,长电科技,2025-10-20 10:44:53,40.37,12800,40.38,D
sh600584,长电科技,2025-10-20 10:44:59,40.38,17100,40.38,U
sh600584,长电科技,2025-10-20 10:45:05,40.37,51600,40.37,D
sh600584,长电科技,2025-10-20 10:45:11,40.37,7600,40.37,U
sh600584,长电科技,2025-10-20 10:45:23,40.35,5200,40.36,D
sh600584,长电科技,2025-10-20 10:45:29,40.36,9500,40.36,U
sh600584,长电科技,2025-10-20 10:45:38,40.36,6000,40.35,U
sh600584,长电科技,2025-10-20 10:45:56,40.36,6800,40.35,U
sh600584,长电科技,2025-10-20 10:45:59,40.35,34300,40.36,D
sh600584,长电科技,2025-10-20 10:46:14,40.36,13600,40.36,D
sh600584,长电科技,2025-10-20 10:46:20,40.35,5700,40.36,D
sh600584,长电科技,2025-10-20 10:46:35,40.35,14200,40.34,U
sh600584,长电科技,2025-10-20 10:46:38,40.34,7400,40.35,D
sh600584,长电科技,2025-10-20 10:46:44,40.34,26300,40.36,D
sh600584,长电科技,2025-10-20 10:46:53,40.35,5800,40.35,U
sh600584,长电科技,2025-10-20 10:47:02,40.39,118300,40.35,U
sh600584,长电科技,2025-10-20 10:47:08,40.4,6200,40.39,U
sh600584,长电科技,2025-10-20 10:47:11,40.39,6100,40.4,D
sh600584,长电科技,2025-10-20 10:47:23,40.39,15100,40.37,U
sh600584,长电科技,2025-10-20 10:48:14,40.37,21700,40.37,U
sh600584,长电科技,2025-10-20 10:48:17,40.37,8500,40.37,U
sh600584,长电科技,2025-10-20 10:48:20,40.38,13500,40.37,U
sh600584,长电科技,2025-10-20 10:48:32,40.35,26400,40.36,D
sh600584,长电科技,2025-10-20 10:48:35,40.34,6500,40.35,D
sh600584,长电科技,2025-10-20 10:48:38,40.33,10300,40.34,D
sh600584,长电科技,2025-10-20 10:48:44,40.32,11500,40.32,D
sh600584,长电科技,2025-10-20 10:48:50,40.33,15400,40.32,U
sh600584,长电科技,2025-10-20 10:48:56,40.32,20400,40.32,U
sh600584,长电科技,2025-10-20 10:48:59,40.32,8600,40.32,U
sh600584,长电科技,2025-10-20 10:49:02,40.32,6300,40.32,U
sh600584,长电科技,2025-10-20 10:49:11,40.32,16300,40.31,U
sh600584,长电科技,2025-10-20 10:49:14,40.35,13800,40.32,U
sh600584,长电科技,2025-10-20 10:49:50,40.33,5100,40.33,D
sh600584,长电科技,2025-10-20 10:50:02,40.33,50500,40.32,U
sh600584,长电科技,2025-10-20 10:50:11,40.32,6000,40.32,U
sh600584,长电科技,2025-10-20 10:50:20,40.35,31700,40.31,U
sh600584,长电科技,2025-10-20 10:50:35,40.31,7900,40.31,D
sh600584,长电科技,2025-10-20 10:50:38,40.33,11800,40.31,U
sh600584,长电科技,2025-10-20 10:50:41,40.3,5400,40.33,D
sh600584,长电科技,2025-10-20 10:50:47,40.28,52700,40.3,D
sh600584,长电科技,2025-10-20 10:50:53,40.27,9400,40.28,D
sh600584,长电科技,2025-10-20 10:51:05,40.26,7800,40.27,D
sh600584,长电科技,2025-10-20 10:51:08,40.26,11400,40.26,U
sh600584,长电科技,2025-10-20 10:51:11,40.26,64500,40.26,U
sh600584,长电科技,2025-10-20 10:51:14,40.28,11000,40.26,U
sh600584,长电科技,2025-10-20 10:51:38,40.28,7800,40.28,D
sh600584,长电科技,2025-10-20 10:51:41,40.27,12000,40.28,D
sh600584,长电科技,2025-10-20 10:51:44,40.28,17300,40.27,U
sh600584,长电科技,2025-10-20 10:51:53,40.26,5300,40.28,D
sh600584,长电科技,2025-10-20 10:51:56,40.26,9300,40.26,D
sh600584,长电科技,2025-10-20 10:52:02,40.25,41600,40.26,D
sh600584,长电科技,2025-10-20 10:52:11,40.25,16900,40.25,D
sh600584,长电科技,2025-10-20 10:52:17,40.24,15000,40.25,D
sh600584,长电科技,2025-10-20 10:52:20,40.24,6000,40.24,D
sh600584,长电科技,2025-10-20 10:52:23,40.24,33400,40.24,D
sh600584,长电科技,2025-10-20 10:52:26,40.25,14700,40.24,U
sh600584,长电科技,2025-10-20 10:52:29,40.24,10400,40.25,D
sh600584,长电科技,2025-10-20 10:52:41,40.24,15200,40.24,D
sh600584,长电科技,2025-10-20 10:52:44,40.25,11100,40.24,D
sh600584,长电科技,2025-10-20 10:52:53,40.25,6800,40.27,D
sh600584,长电科技,2025-10-20 10:53:08,40.25,42900,40.26,D
sh600584,长电科技,2025-10-20 10:53:11,40.25,7000,40.25,U
sh600584,长电科技,2025-10-20 10:53:14,40.24,7000,40.25,D
sh600584,长电科技,2025-10-20 10:53:17,40.24,5400,40.24,D
sh600584,长电科技,2025-10-20 10:53:20,40.24,8300,40.24,D
sh600584,长电科技,2025-10-20 10:53:23,40.24,10500,40.24,D
sh600584,长电科技,2025-10-20 10:53:26,40.24,7300,40.24,D
sh600584,长电科技,2025-10-20 10:53:29,40.24,16500,40.24,D
sh600584,长电科技,2025-10-20 10:53:35,40.24,10800,40.24,U
sh600584,长电科技,2025-10-20 10:53:47,40.23,5600,40.23,D
sh600584,长电科技,2025-10-20 10:53:53,40.23,9300,40.23,D
sh600584,长电科技,2025-10-20 10:53:56,40.23,5800,40.23,D
sh600584,长电科技,2025-10-20 10:54:05,40.23,10400,40.22,U
sh600584,长电科技,2025-10-20 10:54:08,40.22,7200,40.23,D
sh600584,长电科技,2025-10-20 10:54:20,40.22,6600,40.21,U
sh600584,长电科技,2025-10-20 10:54:23,40.21,9600,40.22,D
sh600584,长电科技,2025-10-20 10:54:26,40.22,17000,40.21,U
sh600584,长电科技,2025-10-20 10:54:29,40.22,6300,40.22,D
sh600584,长电科技,2025-10-20 10:54:32,40.21,24000,40.22,D
sh600584,长电科技,2025-10-20 10:54:35,40.21,10900,40.21,U
sh600584,长电科技,2025-10-20 10:54:41,40.21,6100,40.21,U
sh600584,长电科技,2025-10-20 10:54:44,40.2,5600,40.21,D
sh600584,长电科技,2025-10-20 10:54:47,40.21,13500,40.2,U
sh600584,长电科技,2025-10-20 10:54:53,40.2,69500,40.21,D
sh600584,长电科技,2025-10-20 10:55:05,40.19,5200,40.19,D
sh600584,长电科技,2025-10-20 10:55:14,40.19,10700,40.18,U
sh600584,长电科技,2025-10-20 10:55:17,40.18,5400,40.19,D
sh600584,长电科技,2025-10-20 10:55:23,40.19,10000,40.18,U
sh600584,长电科技,2025-10-20 10:55:26,40.18,9100,40.19,D
sh600584,长电科技,2025-10-20 10:55:32,40.18,16200,40.19,D
sh600584,长电科技,2025-10-20 10:55:35,40.18,10100,40.18,D
sh600584,长电科技,2025-10-20 10:55:44,40.18,5200,40.17,U
sh600584,长电科技,2025-10-20 10:55:50,40.18,24000,40.17,U
sh600584,长电科技,2025-10-20 10:55:53,40.16,7100,40.18,D
sh600584,长电科技,2025-10-20 10:55:59,40.17,15200,40.16,U
sh600584,长电科技,2025-10-20 10:56:02,40.16,8500,40.17,D
sh600584,长电科技,2025-10-20 10:56:05,40.17,8300,40.16,U
sh600584,长电科技,2025-10-20 10:56:08,40.16,26300,40.17,D
sh600584,长电科技,2025-10-20 10:56:11,40.15,30300,40.16,D
sh600584,长电科技,2025-10-20 10:56:14,40.15,23100,40.15,D
sh600584,长电科技,2025-10-20 10:56:17,40.16,22400,40.15,U
sh600584,长电科技,2025-10-20 10:56:20,40.14,14700,40.16,D
sh600584,长电科技,2025-10-20 10:56:23,40.13,5500,40.14,D
sh600584,长电科技,2025-10-20 10:56:26,40.1,73800,40.13,D
sh600584,长电科技,2025-10-20 10:56:29,40.08,62400,40.1,D
sh600584,长电科技,2025-10-20 10:56:32,40.09,8300,40.08,D
sh600584,长电科技,2025-10-20 10:56:35,40.11,97000,40.09,E
sh600584,长电科技,2025-10-20 10:56:38,40.11,100200,40.11,D
sh600584,长电科技,2025-10-20 10:56:41,40.15,10800,40.11,U
sh600584,长电科技,2025-10-20 10:56:44,40.1,23100,40.15,D
sh600584,长电科技,2025-10-20 10:56:47,40.11,34400,40.1,U
sh600584,长电科技,2025-10-20 10:56:50,40.11,23500,40.11,D
sh600584,长电科技,2025-10-20 10:56:53,40.11,11200,40.11,D
sh600584,长电科技,2025-10-20 10:56:59,40.1,17000,40.11,D
sh600584,长电科技,2025-10-20 10:57:05,40.1,23200,40.1,U
sh600584,长电科技,2025-10-20 10:57:11,40.1,8800,40.1,U
sh600584,长电科技,2025-10-20 10:57:14,40.1,13800,40.1,D
sh600584,长电科技,2025-10-20 10:57:17,40.1,10300,40.1,D
sh600584,长电科技,2025-10-20 10:57:20,40.11,7900,40.1,U
sh600584,长电科技,2025-10-20 10:57:26,40.1,8100,40.13,D
sh600584,长电科技,2025-10-20 10:57:41,40.12,8000,40.11,D
sh600584,长电科技,2025-10-20 10:57:59,40.13,53600,40.12,U
sh600584,长电科技,2025-10-20 10:58:02,40.13,41600,40.13,D
sh600584,长电科技,2025-10-20 10:58:08,40.14,7900,40.13,E
sh600584,长电科技,2025-10-20 10:58:26,40.15,10200,40.15,D
sh600584,长电科技,2025-10-20 10:58:29,40.15,8100,40.15,D
sh600584,长电科技,2025-10-20 10:58:44,40.17,41600,40.16,U
sh600584,长电科技,2025-10-20 10:58:47,40.17,8000,40.17,D
sh600584,长电科技,2025-10-20 10:58:50,40.17,9000,40.17,D
sh600584,长电科技,2025-10-20 10:58:53,40.16,39000,40.17,D
sh600584,长电科技,2025-10-20 10:58:56,40.15,67300,40.16,D
sh600584,长电科技,2025-10-20 10:59:11,40.15,6600,40.15,U
sh600584,长电科技,2025-10-20 10:59:23,40.16,9500,40.14,U
sh600584,长电科技,2025-10-20 10:59:29,40.17,5400,40.16,U
sh600584,长电科技,2025-10-20 10:59:44,40.18,6900,40.18,U
sh600584,长电科技,2025-10-20 10:59:47,40.18,12700,40.18,U
sh600584,长电科技,2025-10-20 10:59:50,40.17,5400,40.18,D
sh600584,长电科技,2025-10-20 10:59:53,40.18,5500,40.17,U
sh600584,长电科技,2025-10-20 11:00:05,40.17,13500,40.18,D
sh600584,长电科技,2025-10-20 11:00:11,40.19,6000,40.17,U
sh600584,长电科技,2025-10-20 11:00:17,40.19,5300,40.19,U
sh600584,长电科技,2025-10-20 11:00:23,40.18,5200,40.18,U
sh600584,长电科技,2025-10-20 11:00:29,40.19,5400,40.19,U
sh600584,长电科技,2025-10-20 11:00:32,40.19,5100,40.19,U
sh600584,长电科技,2025-10-20 11:00:53,40.18,14800,40.19,D
sh600584,长电科技,2025-10-20 11:00:59,40.18,31100,40.19,D
sh600584,长电科技,2025-10-20 11:01:02,40.14,53000,40.18,D
sh600584,长电科技,2025-10-20 11:01:05,40.13,13200,40.14,D
sh600584,长电科技,2025-10-20 11:01:08,40.14,13100,40.13,U
sh600584,长电科技,2025-10-20 11:01:26,40.13,6200,40.12,U
sh600584,长电科技,2025-10-20 11:01:29,40.12,12700,40.13,D
sh600584,长电科技,2025-10-20 11:01:35,40.12,22100,40.12,U
sh600584,长电科技,2025-10-20 11:01:41,40.1,11400,40.11,D
sh600584,长电科技,2025-10-20 11:01:47,40.11,16300,40.1,U
sh600584,长电科技,2025-10-20 11:01:50,40.09,17900,40.11,D
sh600584,长电科技,2025-10-20 11:02:11,40.08,13700,40.09,D
sh600584,长电科技,2025-10-20 11:02:14,40.08,24800,40.08,D
sh600584,长电科技,2025-10-20 11:02:20,40.08,11500,40.08,U
sh600584,长电科技,2025-10-20 11:02:23,40.1,29100,40.08,U
sh600584,长电科技,2025-10-20 11:02:26,40.1,20100,40.1,U
sh600584,长电科技,2025-10-20 11:02:41,40.08,5800,40.09,D
sh600584,长电科技,2025-10-20 11:02:44,40.09,9000,40.08,U
sh600584,长电科技,2025-10-20 11:02:47,40.08,9000,40.09,D
sh600584,长电科技,2025-10-20 11:02:50,40.08,12500,40.08,D
sh600584,长电科技,2025-10-20 11:03:05,40.09,107400,40.07,U
sh600584,长电科技,2025-10-20 11:03:08,40.08,6900,40.09,D
sh600584,长电科技,2025-10-20 11:03:17,40.1,7000,40.09,E
sh600584,长电科技,2025-10-20 11:03:32,40.1,8400,40.11,D
sh600584,长电科技,2025-10-20 11:03:38,40.1,6100,40.09,U
sh600584,长电科技,2025-10-20 11:03:41,40.1,12700,40.1,U
sh600584,长电科技,2025-10-20 11:03:50,40.09,14500,40.1,D
sh600584,长电科技,2025-10-20 11:03:56,40.09,8900,40.09,U
sh600584,长电科技,2025-10-20 11:04:05,40.09,18600,40.09,D
sh600584,长电科技,2025-10-20 11:04:08,40.09,5700,40.09,U
sh600584,长电科技,2025-10-20 11:04:14,40.08,22800,40.08,D
sh600584,长电科技,2025-10-20 11:04:20,40.06,24000,40.08,D
sh600584,长电科技,2025-10-20 11:04:32,40.06,10600,40.06,D
sh600584,长电科技,2025-10-20 11:04:41,40.05,38200,40.05,D
sh600584,长电科技,2025-10-20 11:04:44,40.06,8900,40.05,U
sh600584,长电科技,2025-10-20 11:04:50,40.04,15700,40.05,D
sh600584,长电科技,2025-10-20 11:04:53,40.04,6600,40.04,D
sh600584,长电科技,2025-10-20 11:04:56,40.04,25400,40.04,U
sh600584,长电科技,2025-10-20 11:05:17,40.03,7700,40.03,D
sh600584,长电科技,2025-10-20 11:05:20,40.03,12600,40.03,D
sh600584,长电科技,2025-10-20 11:05:26,40.02,9500,40.03,D
sh600584,长电科技,2025-10-20 11:05:29,40.03,6200,40.02,U
sh600584,长电科技,2025-10-20 11:05:32,40.02,5200,40.03,D
sh600584,长电科技,2025-10-20 11:05:35,40.03,6600,40.02,U
sh600584,长电科技,2025-10-20 11:05:38,40.03,5400,40.03,U
sh600584,长电科技,2025-10-20 11:05:44,40.03,14700,40.02,U
sh600584,长电科技,2025-10-20 11:05:47,40.01,7400,40.03,D
sh600584,长电科技,2025-10-20 11:05:50,40.02,14400,40.01,E
sh600584,长电科技,2025-10-20 11:05:53,40.01,5700,40.02,D
sh600584,长电科技,2025-10-20 11:05:56,40.02,6700,40.01,U
sh600584,长电科技,2025-10-20 11:05:59,40.02,8100,40.02,U
sh600584,长电科技,2025-10-20 11:06:02,40.02,9000,40.02,E
sh600584,长电科技,2025-10-20 11:06:05,40.03,6500,40.02,U
sh600584,长电科技,2025-10-20 11:06:23,40.04,9300,40.03,U
sh600584,长电科技,2025-10-20 11:06:26,40.03,23500,40.04,U
sh600584,长电科技,2025-10-20 11:06:29,40.04,13300,40.03,U
sh600584,长电科技,2025-10-20 11:06:53,40.03,5100,40.03,D
sh600584,长电科技,2025-10-20 11:06:59,40.04,20400,40.03,U
sh600584,长电科技,2025-10-20 11:07:20,40.03,6800,40.03,D
sh600584,长电科技,2025-10-20 11:07:29,40.03,20900,40.03,U
sh600584,长电科技,2025-10-20 11:07:32,40.02,6100,40.03,D
sh600584,长电科技,2025-10-20 11:07:35,40.02,21600,40.02,D
sh600584,长电科技,2025-10-20 11:07:41,40.02,9700,40.02,U
sh600584,长电科技,2025-10-20 11:07:50,40.01,5100,40.02,D
sh600584,长电科技,2025-10-20 11:07:53,40.02,5100,40.01,U
sh600584,长电科技,2025-10-20 11:08:02,40.02,7300,40.02,U
sh600584,长电科技,2025-10-20 11:08:05,40.02,12000,40.02,D
sh600584,长电科技,2025-10-20 11:08:11,40.02,6200,40.02,D
sh600584,长电科技,2025-10-20 11:08:14,40.02,6200,40.02,D
sh600584,长电科技,2025-10-20 11:08:23,40.02,8300,40.02,U
sh600584,长电科技,2025-10-20 11:08:26,40.02,10800,40.02,U
sh600584,长电科技,2025-10-20 11:08:29,40.02,23700,40.02,U
sh600584,长电科技,2025-10-20 11:08:32,40.02,21500,40.02,U
sh600584,长电科技,2025-10-20 11:08:35,40.02,5600,40.02,U
sh600584,长电科技,2025-10-20 11:08:38,40.02,6800,40.02,U
sh600584,长电科技,2025-10-20 11:08:53,40.03,9900,40.03,U
sh600584,长电科技,2025-10-20 11:08:56,40.06,17700,40.03,U
sh600584,长电科技,2025-10-20 11:08:59,40.07,6400,40.06,U
sh600584,长电科技,2025-10-20 11:09:17,40.08,5200,40.08,U
sh600584,长电科技,2025-10-20 11:09:20,40.07,6600,40.08,D
sh600584,长电科技,2025-10-20 11:10:14,40.09,6400,40.09,D
sh600584,长电科技,2025-10-20 11:10:17,40.1,7300,40.09,U
sh600584,长电科技,2025-10-20 11:10:20,40.09,23000,40.1,D
sh600584,长电科技,2025-10-20 11:10:32,40.1,5500,40.09,U
sh600584,长电科技,2025-10-20 11:10:35,40.1,10100,40.1,U
sh600584,长电科技,2025-10-20 11:10:44,40.09,7100,40.1,D
sh600584,长电科技,2025-10-20 11:10:56,40.1,5000,40.1,U
sh600584,长电科技,2025-10-20 11:10:59,40.1,6800,40.1,U
sh600584,长电科技,2025-10-20 11:11:11,40.11,6700,40.1,U
sh600584,长电科技,2025-10-20 11:11:14,40.1,7700,40.11,D
sh600584,长电科技,2025-10-20 11:11:17,40.09,6200,40.1,D
sh600584,长电科技,2025-10-20 11:11:32,40.12,5800,40.11,U
sh600584,长电科技,2025-10-20 11:11:41,40.11,8000,40.11,D
sh600584,长电科技,2025-10-20 11:11:50,40.1,12400,40.11,D
sh600584,长电科技,2025-10-20 11:11:59,40.11,5800,40.1,U
sh600584,长电科技,2025-10-20 11:12:05,40.12,17900,40.11,U
sh600584,长电科技,2025-10-20 11:12:23,40.09,7400,40.1,D
sh600584,长电科技,2025-10-20 11:12:26,40.1,12300,40.09,U
sh600584,长电科技,2025-10-20 11:12:35,40.1,7400,40.1,D
sh600584,长电科技,2025-10-20 11:12:38,40.11,21400,40.1,U
sh600584,长电科技,2025-10-20 11:12:44,40.11,8800,40.11,U
sh600584,长电科技,2025-10-20 11:12:53,40.09,5000,40.11,D
sh600584,长电科技,2025-10-20 11:13:08,40.11,11100,40.12,D
sh600584,长电科技,2025-10-20 11:13:44,40.11,5300,40.11,D
sh600584,长电科技,2025-10-20 11:13:56,40.08,29799,40.11,D
sh600584,长电科技,2025-10-20 11:14:02,40.06,8600,40.07,D
sh600584,长电科技,2025-10-20 11:14:32,40.06,5100,40.06,D
sh600584,长电科技,2025-10-20 11:14:56,40.06,7000,40.06,U
sh600584,长电科技,2025-10-20 11:14:59,40.06,12300,40.06,U
sh600584,长电科技,2025-10-20 11:15:17,40.04,6600,40.05,D
sh600584,长电科技,2025-10-20 11:15:20,40.04,5300,40.04,U
sh600584,长电科技,2025-10-20 11:15:35,40.05,6700,40.05,U
sh600584,长电科技,2025-10-20 11:15:44,40.04,11500,40.04,U
sh600584,长电科技,2025-10-20 11:15:50,40.04,9800,40.04,U
sh600584,长电科技,2025-10-20 11:15:59,40.03,7800,40.02,U
sh600584,长电科技,2025-10-20 11:16:02,40.03,5000,40.03,U
sh600584,长电科技,2025-10-20 11:16:05,40.03,6000,40.03,D
sh600584,长电科技,2025-10-20 11:16:08,40.03,13900,40.03,U
sh600584,长电科技,2025-10-20 11:16:11,40.05,28600,40.03,U
sh600584,长电科技,2025-10-20 11:16:14,40.03,9900,40.05,D
sh600584,长电科技,2025-10-20 11:16:17,40.03,6100,40.03,U
sh600584,长电科技,2025-10-20 11:16:20,40.02,6300,40.03,D
sh600584,长电科技,2025-10-20 11:16:23,40.04,16400,40.02,U
sh600584,长电科技,2025-10-20 11:16:26,40.08,22900,40.04,U
sh600584,长电科技,2025-10-20 11:16:59,40.08,11900,40.07,U
sh600584,长电科技,2025-10-20 11:17:14,40.07,5800,40.08,D
sh600584,长电科技,2025-10-20 11:17:17,40.09,5600,40.07,U
sh600584,长电科技,2025-10-20 11:17:35,40.1,6800,40.1,U
sh600584,长电科技,2025-10-20 11:17:50,40.1,7400,40.11,D
sh600584,长电科技,2025-10-20 11:18:05,40.11,5000,40.1,U
sh600584,长电科技,2025-10-20 11:18:29,40.11,18800,40.1,U
sh600584,长电科技,2025-10-20 11:18:56,40.12,32200,40.11,U
sh600584,长电科技,2025-10-20 11:18:59,40.13,32700,40.12,U
sh600584,长电科技,2025-10-20 11:19:50,40.1,8900,40.1,U
sh600584,长电科技,2025-10-20 11:19:56,40.11,10200,40.1,U
sh600584,长电科技,2025-10-20 11:20:38,40.1,5500,40.11,D
sh600584,长电科技,2025-10-20 11:20:53,40.1,5100,40.1,U
sh600584,长电科技,2025-10-20 11:20:56,40.13,21500,40.1,U
sh600584,长电科技,2025-10-20 11:20:59,40.12,8400,40.13,D
sh600584,长电科技,2025-10-20 11:21:32,40.13,8800,40.13,U
sh600584,长电科技,2025-10-20 11:21:35,40.14,7700,40.13,U
sh600584,长电科技,2025-10-20 11:21:50,40.13,9700,40.13,D
sh600584,长电科技,2025-10-20 11:21:56,40.11,5800,40.13,D
sh600584,长电科技,2025-10-20 11:22:05,40.11,5400,40.12,D
sh600584,长电科技,2025-10-20 11:22:41,40.15,17400,40.12,U
sh600584,长电科技,2025-10-20 11:23:14,40.15,21400,40.13,U
sh600584,长电科技,2025-10-20 11:24:05,40.13,15500,40.14,D
sh600584,长电科技,2025-10-20 11:24:14,40.11,12000,40.13,D
sh600584,长电科技,2025-10-20 11:24:17,40.1,17700,40.11,D
sh600584,长电科技,2025-10-20 11:24:23,40.1,6100,40.11,D
sh600584,长电科技,2025-10-20 11:24:38,40.09,8100,40.1,D
sh600584,长电科技,2025-10-20 11:25:17,40.07,12500,40.07,D
sh600584,长电科技,2025-10-20 11:25:35,40.07,7400,40.09,D
sh600584,长电科技,2025-10-20 11:26:02,40.05,24400,40.07,D
sh600584,长电科技,2025-10-20 11:26:08,40.04,5700,40.05,D
sh600584,长电科技,2025-10-20 11:26:50,40.05,10611,40.07,D
sh600584,长电科技,2025-10-20 11:26:53,40.05,5089,40.05,U
sh600584,长电科技,2025-10-20 11:26:59,40.05,31211,40.05,D
sh600584,长电科技,2025-10-20 11:27:02,40.07,59289,40.05,U
sh600584,长电科技,2025-10-20 11:27:08,40.08,6900,40.06,U
sh600584,长电科技,2025-10-20 11:27:35,40.09,15300,40.09,U
sh600584,长电科技,2025-10-20 11:27:41,40.09,7700,40.09,D
sh600584,长电科技,2025-10-20 11:27:59,40.08,15300,40.08,D
sh600584,长电科技,2025-10-20 11:28:20,40.08,12800,40.08,D
sh600584,长电科技,2025-10-20 11:28:35,40.08,108400,40.09,D
sh600584,长电科技,2025-10-20 11:28:47,40.08,13200,40.08,U
sh600584,长电科技,2025-10-20 11:29:14,40.08,20700,40.08,U
sh600584,长电科技,2025-10-20 11:29:17,40.07,5800,40.08,E
sh600584,长电科技,2025-10-20 13:00:02,40.07,14500,40.07,D
sh600584,长电科技,2025-10-20 13:00:05,40.07,67600,40.07,D
sh600584,长电科技,2025-10-20 13:00:08,40.07,56000,40.07,D
sh600584,长电科技,2025-10-20 13:00:11,40.07,10100,40.07,U
sh600584,长电科技,2025-10-20 13:00:14,40.06,11600,40.07,D
sh600584,长电科技,2025-10-20 13:00:23,40.05,6600,40.05,D
sh600584,长电科技,2025-10-20 13:00:32,40.04,12700,40.04,D
sh600584,长电科技,2025-10-20 13:00:35,40.02,5600,40.04,D
sh600584,长电科技,2025-10-20 13:00:41,40.02,12000,40.02,D
sh600584,长电科技,2025-10-20 13:00:44,40.01,7500,40.02,D
sh600584,长电科技,2025-10-20 13:00:47,40.03,13000,40.01,U
sh600584,长电科技,2025-10-20 13:00:53,40.01,12900,40.01,D
sh600584,长电科技,2025-10-20 13:00:56,40.01,32300,40.01,D
sh600584,长电科技,2025-10-20 13:01:02,40.01,9600,40.01,U
sh600584,长电科技,2025-10-20 13:01:05,40.0,5700,40.01,D
sh600584,长电科技,2025-10-20 13:01:08,40.01,9300,40.0,U
sh600584,长电科技,2025-10-20 13:01:17,40.01,12700,40.0,U
sh600584,长电科技,2025-10-20 13:01:20,40.0,6900,40.01,D
sh600584,长电科技,2025-10-20 13:01:26,40.01,7800,40.0,U
sh600584,长电科技,2025-10-20 13:01:32,40.0,13300,40.02,D
sh600584,长电科技,2025-10-20 13:01:50,40.0,11800,40.01,D
sh600584,长电科技,2025-10-20 13:02:14,40.01,5100,40.01,U
sh600584,长电科技,2025-10-20 13:02:23,40.0,36700,40.0,D
sh600584,长电科技,2025-10-20 13:02:29,40.01,12400,40.01,U
sh600584,长电科技,2025-10-20 13:02:32,40.0,7300,40.01,D
sh600584,长电科技,2025-10-20 13:02:38,39.99,262354,40.0,D
sh600584,长电科技,2025-10-20 13:02:41,39.97,7800,39.99,D
sh600584,长电科技,2025-10-20 13:02:56,39.96,16800,39.96,D
sh600584,长电科技,2025-10-20 13:02:59,39.96,13700,39.96,D
sh600584,长电科技,2025-10-20 13:03:02,39.96,26600,39.96,D
sh600584,长电科技,2025-10-20 13:03:05,39.97,5100,39.96,D
sh600584,长电科技,2025-10-20 13:03:17,40.0,8100,39.99,U
sh600584,长电科技,2025-10-20 13:03:20,40.01,7500,40.0,E
sh600584,长电科技,2025-10-20 13:03:32,40.0,7500,40.05,D
sh600584,长电科技,2025-10-20 13:03:35,40.01,7700,40.0,U
sh600584,长电科技,2025-10-20 13:03:41,40.04,7900,40.01,U
sh600584,长电科技,2025-10-20 13:03:50,40.05,6100,40.05,U
sh600584,长电科技,2025-10-20 13:03:59,40.06,12700,40.05,U
sh600584,长电科技,2025-10-20 13:04:05,40.05,5000,40.05,U
sh600584,长电科技,2025-10-20 13:04:14,40.0,22800,40.02,D
sh600584,长电科技,2025-10-20 13:04:29,40.01,10100,40.01,U
sh600584,长电科技,2025-10-20 13:05:08,40.03,14000,40.02,U
sh600584,长电科技,2025-10-20 13:05:11,40.02,6600,40.03,D
sh600584,长电科技,2025-10-20 13:05:17,40.01,8600,40.02,D
sh600584,长电科技,2025-10-20 13:05:23,40.0,10200,40.01,D
sh600584,长电科技,2025-10-20 13:05:26,39.98,11400,40.0,D
sh600584,长电科技,2025-10-20 13:05:29,39.98,10100,39.98,D
sh600584,长电科技,2025-10-20 13:05:35,39.97,14800,39.97,D
sh600584,长电科技,2025-10-20 13:05:53,39.95,13700,39.96,D
sh600584,长电科技,2025-10-20 13:05:56,39.95,10900,39.95,D
sh600584,长电科技,2025-10-20 13:06:02,39.96,7600,39.96,U
sh600584,长电科技,2025-10-20 13:06:05,39.94,12600,39.96,D
sh600584,长电科技,2025-10-20 13:06:17,39.94,7000,39.94,U
sh600584,长电科技,2025-10-20 13:06:20,39.94,17700,39.94,D
sh600584,长电科技,2025-10-20 13:06:26,39.94,26900,39.94,U
sh600584,长电科技,2025-10-20 13:06:29,39.93,9600,39.94,D
sh600584,长电科技,2025-10-20 13:06:32,39.92,5800,39.93,D
sh600584,长电科技,2025-10-20 13:06:35,39.92,15600,39.92,U
sh600584,长电科技,2025-10-20 13:06:41,39.92,12500,39.92,D
sh600584,长电科技,2025-10-20 13:06:50,39.93,6600,39.91,U
sh600584,长电科技,2025-10-20 13:06:53,39.94,12100,39.93,U
sh600584,长电科技,2025-10-20 13:07:05,39.94,28800,39.92,U
sh600584,长电科技,2025-10-20 13:07:23,39.95,5400,39.95,U
sh600584,长电科技,2025-10-20 13:07:38,39.94,5100,39.93,D
sh600584,长电科技,2025-10-20 13:07:41,39.94,8000,39.94,U
sh600584,长电科技,2025-10-20 13:08:02,39.92,8100,39.93,D
sh600584,长电科技,2025-10-20 13:08:17,39.92,14000,39.92,D
sh600584,长电科技,2025-10-20 13:08:23,39.91,6000,39.92,D
sh600584,长电科技,2025-10-20 13:08:32,39.91,6800,39.91,D
sh600584,长电科技,2025-10-20 13:08:35,39.91,15800,39.91,D
sh600584,长电科技,2025-10-20 13:08:41,39.92,9700,39.91,U
sh600584,长电科技,2025-10-20 13:08:47,39.91,6300,39.91,U
sh600584,长电科技,2025-10-20 13:08:50,39.9,7700,39.91,D
sh600584,长电科技,2025-10-20 13:08:56,39.91,10200,39.9,U
sh600584,长电科技,2025-10-20 13:08:59,39.91,7000,39.91,U
sh600584,长电科技,2025-10-20 13:09:08,39.91,9800,39.91,U
sh600584,长电科技,2025-10-20 13:09:17,39.92,14400,39.91,U
sh600584,长电科技,2025-10-20 13:09:26,39.92,22600,39.93,D
sh600584,长电科技,2025-10-20 13:09:32,39.94,27900,39.93,U
sh600584,长电科技,2025-10-20 13:09:35,39.95,9400,39.94,U
sh600584,长电科技,2025-10-20 13:09:47,39.96,8700,39.96,D
sh600584,长电科技,2025-10-20 13:09:59,39.95,23200,39.95,D
sh600584,长电科技,2025-10-20 13:10:05,39.93,8000,39.94,D
sh600584,长电科技,2025-10-20 13:10:11,39.92,5800,39.93,D
sh600584,长电科技,2025-10-20 13:10:26,39.92,6800,39.92,D
sh600584,长电科技,2025-10-20 13:10:41,39.93,6500,39.92,U
sh600584,长电科技,2025-10-20 13:10:50,39.92,5800,39.92,D
sh600584,长电科技,2025-10-20 13:10:59,39.92,6600,39.92,U
sh600584,长电科技,2025-10-20 13:11:05,39.91,14200,39.91,D
sh600584,长电科技,2025-10-20 13:11:11,39.91,8300,39.9,U
sh600584,长电科技,2025-10-20 13:11:17,39.91,6800,39.9,U
sh600584,长电科技,2025-10-20 13:11:20,39.91,7800,39.91,U
sh600584,长电科技,2025-10-20 13:11:23,39.91,9800,39.91,U
sh600584,长电科技,2025-10-20 13:11:26,39.9,7100,39.91,D
sh600584,长电科技,2025-10-20 13:11:41,39.9,5300,39.91,D
sh600584,长电科技,2025-10-20 13:11:44,39.9,48600,39.9,D
sh600584,长电科技,2025-10-20 13:11:50,39.9,11000,39.9,D
sh600584,长电科技,2025-10-20 13:11:53,39.9,13100,39.9,D
sh600584,长电科技,2025-10-20 13:11:56,39.9,14200,39.9,D
sh600584,长电科技,2025-10-20 13:12:05,39.89,6000,39.89,D
sh600584,长电科技,2025-10-20 13:12:11,39.89,5700,39.89,D
sh600584,长电科技,2025-10-20 13:12:14,39.89,5600,39.89,D
sh600584,长电科技,2025-10-20 13:12:20,39.89,5900,39.89,D
sh600584,长电科技,2025-10-20 13:12:23,39.88,7000,39.89,D
sh600584,长电科技,2025-10-20 13:12:26,39.89,29100,39.88,U
sh600584,长电科技,2025-10-20 13:12:29,39.87,82400,39.89,D
sh600584,长电科技,2025-10-20 13:12:38,39.86,13700,39.87,D
sh600584,长电科技,2025-10-20 13:12:41,39.86,11200,39.86,D
sh600584,长电科技,2025-10-20 13:12:44,39.85,14600,39.86,D
sh600584,长电科技,2025-10-20 13:12:56,39.83,6000,39.84,D
sh600584,长电科技,2025-10-20 13:12:59,39.83,7800,39.83,D
sh600584,长电科技,2025-10-20 13:13:02,39.83,32800,39.83,D
sh600584,长电科技,2025-10-20 13:13:05,39.83,21300,39.83,D
sh600584,长电科技,2025-10-20 13:13:08,39.83,6200,39.83,D
sh600584,长电科技,2025-10-20 13:13:17,39.82,7700,39.83,D
sh600584,长电科技,2025-10-20 13:13:23,39.82,9300,39.82,D
sh600584,长电科技,2025-10-20 13:13:26,39.83,8400,39.82,U
sh600584,长电科技,2025-10-20 13:13:41,39.81,7100,39.81,D
sh600584,长电科技,2025-10-20 13:13:44,39.81,53000,39.81,D
sh600584,长电科技,2025-10-20 13:13:47,39.84,81300,39.81,U
sh600584,长电科技,2025-10-20 13:13:50,39.84,5400,39.84,D
sh600584,长电科技,2025-10-20 13:13:59,39.85,5300,39.85,D
sh600584,长电科技,2025-10-20 13:14:02,39.86,6500,39.85,U
sh600584,长电科技,2025-10-20 13:14:23,39.87,5200,39.88,D
sh600584,长电科技,2025-10-20 13:14:32,39.86,45500,39.87,D
sh600584,长电科技,2025-10-20 13:14:44,39.85,5800,39.86,D
sh600584,长电科技,2025-10-20 13:14:50,39.84,11700,39.85,D
sh600584,长电科技,2025-10-20 13:14:56,39.84,5800,39.85,D
sh600584,长电科技,2025-10-20 13:15:02,39.85,6600,39.84,E
sh600584,长电科技,2025-10-20 13:15:05,39.84,6900,39.85,D
sh600584,长电科技,2025-10-20 13:15:20,39.84,7500,39.84,D
sh600584,长电科技,2025-10-20 13:15:38,39.82,14100,39.83,D
sh600584,长电科技,2025-10-20 13:15:47,39.81,7100,39.81,D
sh600584,长电科技,2025-10-20 13:15:56,39.83,12600,39.82,U
sh600584,长电科技,2025-10-20 13:15:59,39.81,13400,39.83,D
sh600584,长电科技,2025-10-20 13:16:08,39.82,8200,39.81,U
sh600584,长电科技,2025-10-20 13:16:11,39.82,6900,39.82,U
sh600584,长电科技,2025-10-20 13:16:20,39.82,27000,39.83,D
sh600584,长电科技,2025-10-20 13:16:44,39.82,22900,39.81,U
sh600584,长电科技,2025-10-20 13:16:56,39.82,23400,39.81,U
sh600584,长电科技,2025-10-20 13:16:59,39.81,14000,39.82,D
sh600584,长电科技,2025-10-20 13:17:05,39.82,8000,39.82,D
sh600584,长电科技,2025-10-20 13:17:11,39.82,5600,39.82,D
sh600584,长电科技,2025-10-20 13:17:17,39.83,7800,39.83,U
sh600584,长电科技,2025-10-20 13:17:26,39.82,6400,39.83,D
sh600584,长电科技,2025-10-20 13:17:29,39.82,27000,39.82,D
sh600584,长电科技,2025-10-20 13:17:35,39.82,10400,39.82,D
sh600584,长电科技,2025-10-20 13:17:44,39.81,6600,39.82,D
sh600584,长电科技,2025-10-20 13:17:47,39.82,11000,39.81,U
sh600584,长电科技,2025-10-20 13:17:50,39.81,5500,39.82,D
sh600584,长电科技,2025-10-20 13:17:53,39.81,10300,39.81,D
sh600584,长电科技,2025-10-20 13:18:02,39.78,191400,39.81,D
sh600584,长电科技,2025-10-20 13:18:05,39.74,30100,39.78,D
sh600584,长电科技,2025-10-20 13:18:08,39.78,13600,39.74,U
sh600584,长电科技,2025-10-20 13:18:23,39.75,5600,39.76,D
sh600584,长电科技,2025-10-20 13:18:26,39.75,10600,39.75,D
sh600584,长电科技,2025-10-20 13:18:32,39.74,7100,39.75,D
sh600584,长电科技,2025-10-20 13:18:38,39.73,9600,39.74,D
sh600584,长电科技,2025-10-20 13:18:44,39.73,12300,39.73,D
sh600584,长电科技,2025-10-20 13:18:53,39.72,14500,39.73,D
sh600584,长电科技,2025-10-20 13:18:56,39.72,56600,39.72,U
sh600584,长电科技,2025-10-20 13:19:02,39.72,33900,39.73,D
sh600584,长电科技,2025-10-20 13:19:05,39.72,28300,39.72,D
sh600584,长电科技,2025-10-20 13:19:08,39.72,5900,39.72,D
sh600584,长电科技,2025-10-20 13:19:11,39.72,13800,39.72,D
sh600584,长电科技,2025-10-20 13:19:14,39.73,13200,39.72,U
sh600584,长电科技,2025-10-20 13:19:17,39.72,23600,39.73,D
sh600584,长电科技,2025-10-20 13:19:20,39.72,102200,39.72,D
sh600584,长电科技,2025-10-20 13:19:23,39.71,6200,39.72,D
sh600584,长电科技,2025-10-20 13:19:26,39.71,9100,39.71,D
sh600584,长电科技,2025-10-20 13:19:29,39.73,55900,39.71,U
sh600584,长电科技,2025-10-20 13:19:32,39.72,6300,39.73,E
sh600584,长电科技,2025-10-20 13:19:35,39.73,6500,39.72,U
sh600584,长电科技,2025-10-20 13:19:38,39.71,27500,39.73,D
sh600584,长电科技,2025-10-20 13:19:44,39.72,6000,39.72,U
sh600584,长电科技,2025-10-20 13:19:50,39.71,20300,39.72,D
sh600584,长电科技,2025-10-20 13:19:53,39.71,7400,39.71,U
sh600584,长电科技,2025-10-20 13:19:56,39.71,6600,39.71,D
sh600584,长电科技,2025-10-20 13:20:02,39.72,5700,39.71,U
sh600584,长电科技,2025-10-20 13:20:08,39.72,13800,39.72,U
sh600584,长电科技,2025-10-20 13:20:11,39.71,6300,39.72,D
sh600584,长电科技,2025-10-20 13:20:14,39.71,16500,39.71,U
sh600584,长电科技,2025-10-20 13:20:17,39.71,16300,39.71,U
sh600584,长电科技,2025-10-20 13:20:35,39.71,6800,39.71,U
sh600584,长电科技,2025-10-20 13:20:38,39.72,18600,39.71,U
sh600584,长电科技,2025-10-20 13:20:41,39.74,47600,39.72,U
sh600584,长电科技,2025-10-20 13:20:47,39.72,7800,39.74,D
sh600584,长电科技,2025-10-20 13:20:50,39.72,14500,39.72,U
sh600584,长电科技,2025-10-20 13:20:56,39.72,24200,39.72,U
sh600584,长电科技,2025-10-20 13:20:59,39.71,30100,39.72,D
sh600584,长电科技,2025-10-20 13:21:05,39.73,8800,39.73,U
sh600584,长电科技,2025-10-20 13:21:08,39.72,99400,39.73,D
sh600584,长电科技,2025-10-20 13:21:11,39.74,36600,39.72,E
sh600584,长电科技,2025-10-20 13:21:14,39.72,11800,39.74,D
sh600584,长电科技,2025-10-20 13:21:17,39.72,6900,39.72,D
sh600584,长电科技,2025-10-20 13:21:20,39.73,5700,39.72,U
sh600584,长电科技,2025-10-20 13:21:32,39.75,6500,39.75,U
sh600584,长电科技,2025-10-20 13:21:35,39.74,14100,39.75,D
sh600584,长电科技,2025-10-20 13:21:38,39.75,15000,39.74,U
sh600584,长电科技,2025-10-20 13:21:41,39.75,9300,39.75,U
sh600584,长电科技,2025-10-20 13:21:44,39.75,11700,39.75,D
sh600584,长电科技,2025-10-20 13:21:47,39.76,9600,39.75,U
sh600584,长电科技,2025-10-20 13:21:50,39.75,20900,39.76,D
sh600584,长电科技,2025-10-20 13:21:53,39.75,7600,39.75,U
sh600584,长电科技,2025-10-20 13:21:56,39.75,9300,39.75,U
sh600584,长电科技,2025-10-20 13:21:59,39.74,19600,39.75,D
sh600584,长电科技,2025-10-20 13:22:02,39.74,12900,39.74,U
sh600584,长电科技,2025-10-20 13:22:05,39.75,6300,39.74,U
sh600584,长电科技,2025-10-20 13:22:08,39.74,6400,39.75,D
sh600584,长电科技,2025-10-20 13:22:14,39.74,7900,39.75,D
sh600584,长电科技,2025-10-20 13:22:17,39.73,10900,39.74,D
sh600584,长电科技,2025-10-20 13:22:20,39.73,12900,39.73,U
sh600584,长电科技,2025-10-20 13:22:23,39.72,10600,39.73,D
sh600584,长电科技,2025-10-20 13:22:26,39.72,6200,39.72,U
sh600584,长电科技,2025-10-20 13:22:29,39.72,25000,39.72,D
sh600584,长电科技,2025-10-20 13:22:32,39.71,21500,39.72,D
sh600584,长电科技,2025-10-20 13:22:35,39.71,21000,39.71,U
sh600584,长电科技,2025-10-20 13:22:53,39.73,49300,39.72,U
sh600584,长电科技,2025-10-20 13:22:59,39.72,6500,39.73,D
sh600584,长电科技,2025-10-20 13:23:02,39.73,9000,39.72,U
sh600584,长电科技,2025-10-20 13:23:08,39.72,20200,39.72,D
sh600584,长电科技,2025-10-20 13:23:11,39.72,7800,39.72,D
sh600584,长电科技,2025-10-20 13:23:17,39.73,9400,39.73,U
sh600584,长电科技,2025-10-20 13:23:23,39.72,12400,39.73,D
sh600584,长电科技,2025-10-20 13:23:26,39.72,6700,39.72,U
sh600584,长电科技,2025-10-20 13:23:32,39.72,9300,39.72,U
sh600584,长电科技,2025-10-20 13:23:35,39.72,13500,39.72,U
sh600584,长电科技,2025-10-20 13:23:38,39.71,17500,39.72,D
sh600584,长电科技,2025-10-20 13:23:41,39.7,13600,39.71,D
sh600584,长电科技,2025-10-20 13:23:44,39.71,6700,39.7,U
sh600584,长电科技,2025-10-20 13:23:47,39.69,79500,39.71,D
sh600584,长电科技,2025-10-20 13:23:50,39.68,10300,39.69,D
sh600584,长电科技,2025-10-20 13:23:53,39.68,36400,39.68,D
sh600584,长电科技,2025-10-20 13:23:56,39.66,40000,39.68,D
sh600584,长电科技,2025-10-20 13:23:59,39.67,6700,39.66,E
sh600584,长电科技,2025-10-20 13:24:02,39.66,45600,39.67,D
sh600584,长电科技,2025-10-20 13:24:08,39.65,23000,39.65,D
sh600584,长电科技,2025-10-20 13:24:11,39.66,17600,39.65,U
sh600584,长电科技,2025-10-20 13:24:14,39.65,5200,39.66,U
sh600584,长电科技,2025-10-20 13:24:20,39.65,6000,39.65,U
sh600584,长电科技,2025-10-20 13:24:23,39.64,6300,39.65,D
sh600584,长电科技,2025-10-20 13:24:26,39.64,14200,39.64,U
sh600584,长电科技,2025-10-20 13:24:29,39.64,6100,39.64,U
sh600584,长电科技,2025-10-20 13:24:32,39.63,15200,39.64,D
sh600584,长电科技,2025-10-20 13:24:35,39.63,31700,39.63,D
sh600584,长电科技,2025-10-20 13:24:38,39.63,11100,39.63,D
sh600584,长电科技,2025-10-20 13:24:44,39.63,6600,39.63,U
sh600584,长电科技,2025-10-20 13:24:50,39.63,16200,39.62,U
sh600584,长电科技,2025-10-20 13:24:53,39.62,15500,39.63,U
sh600584,长电科技,2025-10-20 13:24:56,39.62,8500,39.62,E
sh600584,长电科技,2025-10-20 13:24:59,39.63,5500,39.62,U
sh600584,长电科技,2025-10-20 13:25:02,39.62,5200,39.63,D
sh600584,长电科技,2025-10-20 13:25:05,39.62,12400,39.62,D
sh600584,长电科技,2025-10-20 13:25:08,39.63,21800,39.62,U
sh600584,长电科技,2025-10-20 13:25:11,39.64,28700,39.63,U
sh600584,长电科技,2025-10-20 13:25:14,39.64,15700,39.64,U
sh600584,长电科技,2025-10-20 13:25:20,39.64,6500,39.64,U
sh600584,长电科技,2025-10-20 13:25:23,39.63,8500,39.64,D
sh600584,长电科技,2025-10-20 13:25:26,39.64,8900,39.63,U
sh600584,长电科技,2025-10-20 13:25:38,39.64,8700,39.63,U
sh600584,长电科技,2025-10-20 13:25:41,39.64,8800,39.64,U
sh600584,长电科技,2025-10-20 13:25:47,39.63,7500,39.63,U
sh600584,长电科技,2025-10-20 13:25:53,39.62,10500,39.62,D
sh600584,长电科技,2025-10-20 13:25:56,39.62,12400,39.62,D
sh600584,长电科技,2025-10-20 13:26:02,39.64,14300,39.63,U
sh600584,长电科技,2025-10-20 13:26:05,39.67,28000,39.64,U
sh600584,长电科技,2025-10-20 13:26:20,39.66,6400,39.64,U
sh600584,长电科技,2025-10-20 13:26:23,39.66,5700,39.66,D
sh600584,长电科技,2025-10-20 13:26:29,39.66,5200,39.67,D
sh600584,长电科技,2025-10-20 13:26:38,39.68,6800,39.67,D
sh600584,长电科技,2025-10-20 13:26:44,39.69,5900,39.69,U
sh600584,长电科技,2025-10-20 13:26:53,39.7,6500,39.7,U
sh600584,长电科技,2025-10-20 13:27:08,39.71,8700,39.71,U
sh600584,长电科技,2025-10-20 13:27:26,39.71,42900,39.72,D
sh600584,长电科技,2025-10-20 13:27:32,39.72,7300,39.71,U
sh600584,长电科技,2025-10-20 13:27:38,39.72,13500,39.71,U
sh600584,长电科技,2025-10-20 13:27:53,39.72,6600,39.72,D
sh600584,长电科技,2025-10-20 13:28:05,39.73,5600,39.73,U
sh600584,长电科技,2025-10-20 13:28:23,39.72,14400,39.71,U
sh600584,长电科技,2025-10-20 13:28:26,39.68,54400,39.72,D
sh600584,长电科技,2025-10-20 13:28:32,39.67,7600,39.68,D
sh600584,长电科技,2025-10-20 13:28:35,39.66,5200,39.67,D
sh600584,长电科技,2025-10-20 13:28:41,39.66,7700,39.66,U
sh600584,长电科技,2025-10-20 13:28:44,39.66,8500,39.66,U
sh600584,长电科技,2025-10-20 13:28:59,39.64,6100,39.65,D
sh600584,长电科技,2025-10-20 13:29:11,39.64,15400,39.63,U
sh600584,长电科技,2025-10-20 13:29:14,39.63,6500,39.64,D
sh600584,长电科技,2025-10-20 13:29:17,39.62,5400,39.63,D
sh600584,长电科技,2025-10-20 13:29:32,39.63,6600,39.63,U
sh600584,长电科技,2025-10-20 13:29:35,39.64,7000,39.63,U
sh600584,长电科技,2025-10-20 13:29:44,39.62,13600,39.63,D
sh600584,长电科技,2025-10-20 13:29:47,39.65,37800,39.62,U
sh600584,长电科技,2025-10-20 13:29:50,39.67,20900,39.65,U
sh600584,长电科技,2025-10-20 13:30:02,39.66,6500,39.67,D
sh600584,长电科技,2025-10-20 13:30:05,39.67,7200,39.66,U
sh600584,长电科技,2025-10-20 13:30:32,39.7,7300,39.7,U
sh600584,长电科技,2025-10-20 13:30:38,39.71,9600,39.71,U
sh600584,长电科技,2025-10-20 13:30:53,39.71,19900,39.7,U
sh600584,长电科技,2025-10-20 13:30:59,39.72,7100,39.71,U
sh600584,长电科技,2025-10-20 13:31:14,39.72,9100,39.72,U
sh600584,长电科技,2025-10-20 13:31:17,39.72,10000,39.72,U
sh600584,长电科技,2025-10-20 13:31:23,39.71,6700,39.71,D
sh600584,长电科技,2025-10-20 13:31:26,39.7,6800,39.71,D
sh600584,长电科技,2025-10-20 13:31:29,39.71,10600,39.7,U
sh600584,长电科技,2025-10-20 13:31:32,39.71,5200,39.71,U
sh600584,长电科技,2025-10-20 13:31:38,39.7,25800,39.7,D
sh600584,长电科技,2025-10-20 13:31:41,39.7,9200,39.7,U
sh600584,长电科技,2025-10-20 13:31:44,39.7,9300,39.7,E
sh600584,长电科技,2025-10-20 13:31:59,39.67,5800,39.69,D
sh600584,长电科技,2025-10-20 13:32:02,39.66,22900,39.67,D
sh600584,长电科技,2025-10-20 13:32:05,39.65,6000,39.66,D
sh600584,长电科技,2025-10-20 13:32:20,39.65,9900,39.65,D
sh600584,长电科技,2025-10-20 13:32:26,39.65,7900,39.65,U
sh600584,长电科技,2025-10-20 13:32:29,39.64,6200,39.65,D
sh600584,长电科技,2025-10-20 13:32:32,39.63,12100,39.64,D
sh600584,长电科技,2025-10-20 13:32:38,39.63,5400,39.64,D
sh600584,长电科技,2025-10-20 13:32:44,39.63,7200,39.63,D
sh600584,长电科技,2025-10-20 13:32:47,39.63,8300,39.63,U
sh600584,长电科技,2025-10-20 13:32:59,39.62,5800,39.62,D
sh600584,长电科技,2025-10-20 13:33:02,39.62,21100,39.62,D
sh600584,长电科技,2025-10-20 13:33:05,39.62,24200,39.62,D
sh600584,长电科技,2025-10-20 13:33:14,39.61,13100,39.62,D
sh600584,长电科技,2025-10-20 13:33:17,39.62,10200,39.61,U
sh600584,长电科技,2025-10-20 13:33:20,39.62,10600,39.62,D
sh600584,长电科技,2025-10-20 13:33:26,39.62,14300,39.62,D
sh600584,长电科技,2025-10-20 13:33:35,39.62,5400,39.63,D
sh600584,长电科技,2025-10-20 13:33:44,39.62,17700,39.63,D
sh600584,长电科技,2025-10-20 13:33:47,39.62,7500,39.62,D
sh600584,长电科技,2025-10-20 13:33:56,39.61,6300,39.61,D
sh600584,长电科技,2025-10-20 13:34:02,39.62,17100,39.61,U
sh600584,长电科技,2025-10-20 13:34:05,39.61,19400,39.62,D
sh600584,长电科技,2025-10-20 13:34:08,39.62,12700,39.61,U
sh600584,长电科技,2025-10-20 13:34:11,39.61,9700,39.62,D
sh600584,长电科技,2025-10-20 13:34:17,39.61,17800,39.61,D
sh600584,长电科技,2025-10-20 13:34:20,39.61,17300,39.61,D
sh600584,长电科技,2025-10-20 13:34:23,39.61,7000,39.61,U
sh600584,长电科技,2025-10-20 13:34:26,39.6,6700,39.61,D
sh600584,长电科技,2025-10-20 13:34:29,39.61,10600,39.6,U
sh600584,长电科技,2025-10-20 13:34:35,39.59,143800,39.6,D
sh600584,长电科技,2025-10-20 13:34:44,39.58,34700,39.58,D
sh600584,长电科技,2025-10-20 13:34:47,39.58,7800,39.58,U
sh600584,长电科技,2025-10-20 13:34:50,39.57,10900,39.58,D
sh600584,长电科技,2025-10-20 13:34:56,39.58,66800,39.57,U
sh600584,长电科技,2025-10-20 13:34:59,39.58,69600,39.58,U
sh600584,长电科技,2025-10-20 13:35:02,39.62,11200,39.58,U
sh600584,长电科技,2025-10-20 13:35:08,39.65,84000,39.59,U
sh600584,长电科技,2025-10-20 13:35:11,39.66,12100,39.65,U
sh600584,长电科技,2025-10-20 13:35:14,39.64,11600,39.66,D
sh600584,长电科技,2025-10-20 13:35:17,39.7,7300,39.64,U
sh600584,长电科技,2025-10-20 13:35:38,39.71,11800,39.71,U
sh600584,长电科技,2025-10-20 13:35:59,39.71,8900,39.71,U
sh600584,长电科技,2025-10-20 13:36:05,39.71,7200,39.71,U
sh600584,长电科技,2025-10-20 13:36:17,39.71,7000,39.72,D
sh600584,长电科技,2025-10-20 13:36:23,39.69,20600,39.71,D
sh600584,长电科技,2025-10-20 13:36:29,39.7,31000,39.7,U
sh600584,长电科技,2025-10-20 13:36:35,39.7,10300,39.7,U
sh600584,长电科技,2025-10-20 13:37:05,39.72,66300,39.69,U
sh600584,长电科技,2025-10-20 13:37:29,39.74,5900,39.74,D
sh600584,长电科技,2025-10-20 13:37:41,39.75,5100,39.75,U
sh600584,长电科技,2025-10-20 13:37:47,39.73,10500,39.75,D
sh600584,长电科技,2025-10-20 13:37:59,39.75,5800,39.75,U
sh600584,长电科技,2025-10-20 13:38:05,39.76,8600,39.76,U
sh600584,长电科技,2025-10-20 13:38:08,39.75,14700,39.76,D
sh600584,长电科技,2025-10-20 13:38:11,39.75,10300,39.75,D
sh600584,长电科技,2025-10-20 13:38:17,39.72,5500,39.75,D
sh600584,长电科技,2025-10-20 13:38:20,39.71,17300,39.72,D
sh600584,长电科技,2025-10-20 13:38:26,39.69,6700,39.67,E
sh600584,长电科技,2025-10-20 13:38:38,39.71,8400,39.7,U
sh600584,长电科技,2025-10-20 13:38:50,39.71,6200,39.7,U
sh600584,长电科技,2025-10-20 13:38:59,39.7,19900,39.7,D
sh600584,长电科技,2025-10-20 13:39:02,39.71,22500,39.7,E
sh600584,长电科技,2025-10-20 13:39:05,39.71,9200,39.71,D
sh600584,长电科技,2025-10-20 13:39:08,39.71,9400,39.71,D
sh600584,长电科技,2025-10-20 13:39:26,39.69,6100,39.7,D
sh600584,长电科技,2025-10-20 13:39:29,39.68,14000,39.69,D
sh600584,长电科技,2025-10-20 13:39:47,39.68,8400,39.68,D
sh600584,长电科技,2025-10-20 13:39:53,39.66,18900,39.68,D
sh600584,长电科技,2025-10-20 13:40:05,39.66,31200,39.66,U
sh600584,长电科技,2025-10-20 13:40:11,39.66,7200,39.66,D
sh600584,长电科技,2025-10-20 13:40:14,39.66,5700,39.66,U
sh600584,长电科技,2025-10-20 13:41:02,39.69,6700,39.69,D
sh600584,长电科技,2025-10-20 13:41:17,39.69,11295,39.7,D
sh600584,长电科技,2025-10-20 13:42:35,39.68,19900,39.69,D
sh600584,长电科技,2025-10-20 13:42:38,39.68,8300,39.68,D
sh600584,长电科技,2025-10-20 13:43:08,39.68,5100,39.67,U
sh600584,长电科技,2025-10-20 13:43:17,39.67,23200,39.68,D
sh600584,长电科技,2025-10-20 13:43:23,39.68,6300,39.67,U
sh600584,长电科技,2025-10-20 13:43:29,39.65,13200,39.68,D
sh600584,长电科技,2025-10-20 13:43:38,39.64,11100,39.64,D
sh600584,长电科技,2025-10-20 13:43:41,39.62,12600,39.64,D
sh600584,长电科技,2025-10-20 13:43:53,39.61,7000,39.62,D
sh600584,长电科技,2025-10-20 13:43:59,39.62,21900,39.62,U
sh600584,长电科技,2025-10-20 13:44:05,39.62,6200,39.62,D
sh600584,长电科技,2025-10-20 13:44:23,39.64,5600,39.63,U
sh600584,长电科技,2025-10-20 13:44:44,39.63,9600,39.63,D
sh600584,长电科技,2025-10-20 13:44:59,39.6,80800,39.62,D
sh600584,长电科技,2025-10-20 13:45:05,39.58,9600,39.6,D
sh600584,长电科技,2025-10-20 13:45:23,39.59,6600,39.59,D
sh600584,长电科技,2025-10-20 13:45:29,39.58,8600,39.59,D
sh600584,长电科技,2025-10-20 13:45:47,39.58,7600,39.58,D
sh600584,长电科技,2025-10-20 13:45:56,39.58,8400,39.58,D
sh600584,长电科技,2025-10-20 13:45:59,39.58,5800,39.58,D
sh600584,长电科技,2025-10-20 13:46:02,39.58,6700,39.58,D
sh600584,长电科技,2025-10-20 13:46:05,39.62,60800,39.58,U
sh600584,长电科技,2025-10-20 13:46:08,39.62,22100,39.62,U
sh600584,长电科技,2025-10-20 13:46:26,39.64,15100,39.63,U
sh600584,长电科技,2025-10-20 13:46:44,39.63,9900,39.64,D
sh600584,长电科技,2025-10-20 13:46:50,39.63,8500,39.63,U
sh600584,长电科技,2025-10-20 13:47:05,39.62,13000,39.63,D
sh600584,长电科技,2025-10-20 13:47:11,39.63,18000,39.62,U
sh600584,长电科技,2025-10-20 13:47:14,39.64,7600,39.63,U
sh600584,长电科技,2025-10-20 13:47:20,39.63,6200,39.65,D
sh600584,长电科技,2025-10-20 13:47:26,39.65,6800,39.64,U
sh600584,长电科技,2025-10-20 13:47:29,39.63,31300,39.65,D
sh600584,长电科技,2025-10-20 13:47:38,39.66,31200,39.65,U
sh600584,长电科技,2025-10-20 13:47:47,39.68,6100,39.66,U
sh600584,长电科技,2025-10-20 13:47:50,39.69,29500,39.68,U
sh600584,长电科技,2025-10-20 13:48:29,39.71,15800,39.71,D
sh600584,长电科技,2025-10-20 13:48:35,39.7,8500,39.7,D
sh600584,长电科技,2025-10-20 13:48:38,39.69,8500,39.7,D
sh600584,长电科技,2025-10-20 13:48:41,39.67,11900,39.69,D
sh600584,长电科技,2025-10-20 13:48:44,39.66,7600,39.67,D
sh600584,长电科技,2025-10-20 13:49:14,39.67,5100,39.67,D
sh600584,长电科技,2025-10-20 13:49:26,39.66,9400,39.66,D
sh600584,长电科技,2025-10-20 13:49:47,39.66,14700,39.68,D
sh600584,长电科技,2025-10-20 13:49:53,39.66,6600,39.65,E
sh600584,长电科技,2025-10-20 13:50:26,39.7,7000,39.69,U
sh600584,长电科技,2025-10-20 13:50:32,39.7,7200,39.7,D
sh600584,长电科技,2025-10-20 13:50:44,39.7,8200,39.7,U
sh600584,长电科技,2025-10-20 13:50:50,39.71,11300,39.7,U
sh600584,长电科技,2025-10-20 13:50:53,39.71,8900,39.71,U
sh600584,长电科技,2025-10-20 13:51:08,39.71,5500,39.73,D
sh600584,长电科技,2025-10-20 13:51:29,39.75,7100,39.74,U
sh600584,长电科技,2025-10-20 13:51:35,39.75,11500,39.74,U
sh600584,长电科技,2025-10-20 13:51:44,39.75,5500,39.76,D
sh600584,长电科技,2025-10-20 13:51:53,39.76,33900,39.76,E
sh600584,长电科技,2025-10-20 13:51:56,39.74,10900,39.76,D
sh600584,长电科技,2025-10-20 13:52:02,39.76,7300,39.76,U
sh600584,长电科技,2025-10-20 13:52:05,39.76,15700,39.76,U
