symbol,name,ticktime,price,volume,prev_price,kind
sh600584,长电科技,2025-10-23 09:25:00,39.6,396700,0.0,U
sh600584,长电科技,2025-10-23 09:30:01,39.59,44000,39.6,D
sh600584,长电科技,2025-10-23 09:30:04,39.65,20800,39.59,U
sh600584,长电科技,2025-10-23 09:30:07,39.63,68600,39.65,D
sh600584,长电科技,2025-10-23 09:30:10,39.7,31100,39.63,U
sh600584,长电科技,2025-10-23 09:30:13,39.71,34100,39.7,E
sh600584,长电科技,2025-10-23 09:30:16,39.7,17000,39.71,D
sh600584,长电科技,2025-10-23 09:30:19,39.8,28700,39.7,U
sh600584,长电科技,2025-10-23 09:30:22,39.76,12400,39.8,D
sh600584,长电科技,2025-10-23 09:30:25,39.68,41000,39.76,D
sh600584,长电科技,2025-10-23 09:30:28,39.8,37700,39.68,U
sh600584,长电科技,2025-10-23 09:30:31,39.72,22000,39.8,D
sh600584,长电科技,2025-10-23 09:30:34,39.68,27600,39.72,D
sh600584,长电科技,2025-10-23 09:30:37,39.75,24300,39.68,U
sh600584,长电科技,2025-10-23 09:30:40,39.67,63900,39.75,D
sh600584,长电科技,2025-10-23 09:30:43,39.7,8800,39.67,U
sh600584,长电科技,2025-10-23 09:30:46,39.66,27000,39.7,D
sh600584,长电科技,2025-10-23 09:30:49,39.67,12800,39.66,U
sh600584,长电科技,2025-10-23 09:30:55,39.7,16300,39.73,E
sh600584,长电科技,2025-10-23 09:30:58,39.67,9000,39.7,D
sh600584,长电科技,2025-10-23 09:31:01,39.67,70500,39.67,U
sh600584,长电科技,2025-10-23 09:31:04,39.66,22800,39.67,D
sh600584,长电科技,2025-10-23 09:31:07,39.65,81500,39.66,D
sh600584,长电科技,2025-10-23 09:31:10,39.64,35600,39.65,D
sh600584,长电科技,2025-10-23 09:31:13,39.6,60700,39.64,D
sh600584,长电科技,2025-10-23 09:31:16,39.6,127200,39.6,D
sh600584,长电科技,2025-10-23 09:31:19,39.6,11200,39.6,D
sh600584,长电科技,2025-10-23 09:31:22,39.62,70200,39.6,U
sh600584,长电科技,2025-10-23 09:31:25,39.59,27700,39.62,D
sh600584,长电科技,2025-10-23 09:31:28,39.6,30800,39.59,U
sh600584,长电科技,2025-10-23 09:31:31,39.57,12200,39.6,D
sh600584,长电科技,2025-10-23 09:31:34,39.59,31800,39.57,E
sh600584,长电科技,2025-10-23 09:31:37,39.58,18500,39.59,D
sh600584,长电科技,2025-10-23 09:31:40,39.58,20800,39.58,D
sh600584,长电科技,2025-10-23 09:31:43,39.59,18000,39.58,E
sh600584,长电科技,2025-10-23 09:31:49,39.58,17400,39.6,D
sh600584,长电科技,2025-10-23 09:31:52,39.58,15400,39.58,U
sh600584,长电科技,2025-10-23 09:31:55,39.57,22500,39.58,D
sh600584,长电科技,2025-10-23 09:31:58,39.59,53300,39.57,U
sh600584,长电科技,2025-10-23 09:32:01,39.59,38400,39.59,U
sh600584,长电科技,2025-10-23 09:32:04,39.59,11800,39.59,D
sh600584,长电科技,2025-10-23 09:32:07,39.61,18400,39.59,U
sh600584,长电科技,2025-10-23 09:32:10,39.61,24100,39.61,E
sh600584,长电科技,2025-10-23 09:32:13,39.6,17300,39.61,D
sh600584,长电科技,2025-10-23 09:32:16,39.61,10700,39.6,U
sh600584,长电科技,2025-10-23 09:32:19,39.61,11400,39.61,U
sh600584,长电科技,2025-10-23 09:32:22,39.59,13200,39.61,D
sh600584,长电科技,2025-10-23 09:32:25,39.59,14200,39.59,D
sh600584,长电科技,2025-10-23 09:32:28,39.6,19200,39.59,E
sh600584,长电科技,2025-10-23 09:32:31,39.6,26700,39.6,U
sh600584,长电科技,2025-10-23 09:32:34,39.6,30700,39.6,U
sh600584,长电科技,2025-10-23 09:32:37,39.56,205900,39.6,D
sh600584,长电科技,2025-10-23 09:32:40,39.58,32000,39.56,U
sh600584,长电科技,2025-10-23 09:32:43,39.58,17000,39.58,U
sh600584,长电科技,2025-10-23 09:32:49,39.57,17700,39.56,U
sh600584,长电科技,2025-10-23 09:32:52,39.58,15100,39.57,U
sh600584,长电科技,2025-10-23 09:32:55,39.58,18000,39.58,U
sh600584,长电科技,2025-10-23 09:33:01,39.58,18600,39.57,U
sh600584,长电科技,2025-10-23 09:33:04,39.58,12500,39.58,D
sh600584,长电科技,2025-10-23 09:33:07,39.58,16900,39.58,D
sh600584,长电科技,2025-10-23 09:33:10,39.55,74300,39.58,D
sh600584,长电科技,2025-10-23 09:33:13,39.58,58100,39.55,U
sh600584,长电科技,2025-10-23 09:33:16,39.58,14600,39.58,U
sh600584,长电科技,2025-10-23 09:33:19,39.58,23600,39.58,U
sh600584,长电科技,2025-10-23 09:33:22,39.58,8900,39.58,U
sh600584,长电科技,2025-10-23 09:33:25,39.58,15500,39.58,U
sh600584,长电科技,2025-10-23 09:33:28,39.58,28600,39.58,U
sh600584,长电科技,2025-10-23 09:33:31,39.58,21100,39.58,D
sh600584,长电科技,2025-10-23 09:33:34,39.6,7800,39.58,U
sh600584,长电科技,2025-10-23 09:33:37,39.58,30100,39.6,D
sh600584,长电科技,2025-10-23 09:33:40,39.58,18800,39.58,U
sh600584,长电科技,2025-10-23 09:33:43,39.6,37100,39.58,U
sh600584,长电科技,2025-10-23 09:33:46,39.58,6200,39.6,D
sh600584,长电科技,2025-10-23 09:33:52,39.6,15300,39.6,U
sh600584,长电科技,2025-10-23 09:33:55,39.61,15200,39.6,U
sh600584,长电科技,2025-10-23 09:34:01,39.61,6500,39.61,U
sh600584,长电科技,2025-10-23 09:34:04,39.61,14100,39.61,U
sh600584,长电科技,2025-10-23 09:34:07,39.6,41100,39.61,D
sh600584,长电科技,2025-10-23 09:34:10,39.6,30500,39.6,U
sh600584,长电科技,2025-10-23 09:34:19,39.6,5700,39.6,D
sh600584,长电科技,2025-10-23 09:34:22,39.6,12100,39.6,D
sh600584,长电科技,2025-10-23 09:34:25,39.59,41100,39.6,D
sh600584,长电科技,2025-10-23 09:34:28,39.6,8300,39.59,U
sh600584,长电科技,2025-10-23 09:34:31,39.58,35900,39.6,D
sh600584,长电科技,2025-10-23 09:34:34,39.59,15700,39.58,U
sh600584,长电科技,2025-10-23 09:34:37,39.59,6400,39.59,E
sh600584,长电科技,2025-10-23 09:34:40,39.58,6800,39.59,D
sh600584,长电科技,2025-10-23 09:34:43,39.58,31900,39.58,U
sh600584,长电科技,2025-10-23 09:34:46,39.57,14200,39.58,D
sh600584,长电科技,2025-10-23 09:34:49,39.55,56600,39.57,D
sh600584,长电科技,2025-10-23 09:34:52,39.53,61200,39.55,D
sh600584,长电科技,2025-10-23 09:34:55,39.53,41200,39.53,D
sh600584,长电科技,2025-10-23 09:34:58,39.53,56400,39.53,D
sh600584,长电科技,2025-10-23 09:35:01,39.5,293000,39.53,D
sh600584,长电科技,2025-10-23 09:35:04,39.49,32300,39.5,D
sh600584,长电科技,2025-10-23 09:35:07,39.48,33600,39.49,D
sh600584,长电科技,2025-10-23 09:35:10,39.48,16600,39.48,U
sh600584,长电科技,2025-10-23 09:35:13,39.46,23300,39.48,D
sh600584,长电科技,2025-10-23 09:35:16,39.46,42700,39.46,D
sh600584,长电科技,2025-10-23 09:35:19,39.46,51900,39.46,U
sh600584,长电科技,2025-10-23 09:35:22,39.46,20200,39.46,U
sh600584,长电科技,2025-10-23 09:35:25,39.45,16400,39.46,D
sh600584,长电科技,2025-10-23 09:35:28,39.45,16100,39.45,U
sh600584,长电科技,2025-10-23 09:35:31,39.41,55500,39.45,D
sh600584,长电科技,2025-10-23 09:35:34,39.44,18800,39.41,U
sh600584,长电科技,2025-10-23 09:35:37,39.42,10100,39.44,D
sh600584,长电科技,2025-10-23 09:35:40,39.42,39600,39.42,D
sh600584,长电科技,2025-10-23 09:35:43,39.41,53500,39.42,D
sh600584,长电科技,2025-10-23 09:35:46,39.41,31900,39.41,D
sh600584,长电科技,2025-10-23 09:35:49,39.42,14400,39.41,U
sh600584,长电科技,2025-10-23 09:35:52,39.41,13500,39.42,D
sh600584,长电科技,2025-10-23 09:35:55,39.41,22600,39.41,D
sh600584,长电科技,2025-10-23 09:35:58,39.41,32400,39.41,D
sh600584,长电科技,2025-10-23 09:36:01,39.38,148200,39.41,D
sh600584,长电科技,2025-10-23 09:36:04,39.34,40600,39.38,D
sh600584,长电科技,2025-10-23 09:36:07,39.36,20600,39.34,U
sh600584,长电科技,2025-10-23 09:36:10,39.34,14800,39.36,D
sh600584,长电科技,2025-10-23 09:36:13,39.36,72800,39.34,U
sh600584,长电科技,2025-10-23 09:36:16,39.35,63800,39.36,E
sh600584,长电科技,2025-10-23 09:36:19,39.34,136100,39.35,D
sh600584,长电科技,2025-10-23 09:36:22,39.33,42900,39.34,D
sh600584,长电科技,2025-10-23 09:36:25,39.33,10100,39.33,U
sh600584,长电科技,2025-10-23 09:36:28,39.31,31000,39.33,D
sh600584,长电科技,2025-10-23 09:36:31,39.32,147700,39.31,U
sh600584,长电科技,2025-10-23 09:36:34,39.33,91600,39.32,U
sh600584,长电科技,2025-10-23 09:36:37,39.33,34800,39.33,U
sh600584,长电科技,2025-10-23 09:36:40,39.33,37000,39.33,D
sh600584,长电科技,2025-10-23 09:36:43,39.33,23800,39.33,U
sh600584,长电科技,2025-10-23 09:36:46,39.33,19800,39.33,D
sh600584,长电科技,2025-10-23 09:36:49,39.33,30200,39.33,D
sh600584,长电科技,2025-10-23 09:36:52,39.33,8700,39.33,D
sh600584,长电科技,2025-10-23 09:36:55,39.33,15300,39.33,U
sh600584,长电科技,2025-10-23 09:36:58,39.33,9400,39.33,D
sh600584,长电科技,2025-10-23 09:37:01,39.33,26100,39.33,D
sh600584,长电科技,2025-10-23 09:37:04,39.32,18300,39.33,D
sh600584,长电科技,2025-10-23 09:37:07,39.33,27600,39.32,U
sh600584,长电科技,2025-10-23 09:37:10,39.34,28500,39.33,U
sh600584,长电科技,2025-10-23 09:37:13,39.31,42600,39.34,D
sh600584,长电科技,2025-10-23 09:37:16,39.29,128500,39.31,D
sh600584,长电科技,2025-10-23 09:37:19,39.29,46500,39.29,U
sh600584,长电科技,2025-10-23 09:37:22,39.28,21900,39.29,D
sh600584,长电科技,2025-10-23 09:37:25,39.27,9300,39.28,E
sh600584,长电科技,2025-10-23 09:37:28,39.26,30300,39.27,D
sh600584,长电科技,2025-10-23 09:37:31,39.26,24600,39.26,U
sh600584,长电科技,2025-10-23 09:37:34,39.26,32700,39.26,D
sh600584,长电科技,2025-10-23 09:37:37,39.25,72800,39.26,D
sh600584,长电科技,2025-10-23 09:37:40,39.23,11200,39.25,E
sh600584,长电科技,2025-10-23 09:37:43,39.23,72900,39.23,D
sh600584,长电科技,2025-10-23 09:37:49,39.21,30900,39.21,D
sh600584,长电科技,2025-10-23 09:37:52,39.2,38700,39.21,D
sh600584,长电科技,2025-10-23 09:37:55,39.19,15200,39.2,D
sh600584,长电科技,2025-10-23 09:37:58,39.21,171300,39.19,U
sh600584,长电科技,2025-10-23 09:38:01,39.2,30600,39.21,D
sh600584,长电科技,2025-10-23 09:38:04,39.21,21400,39.2,D
sh600584,长电科技,2025-10-23 09:38:07,39.21,119000,39.21,D
sh600584,长电科技,2025-10-23 09:38:10,39.19,12600,39.21,D
sh600584,长电科技,2025-10-23 09:38:13,39.19,15400,39.19,U
sh600584,长电科技,2025-10-23 09:38:16,39.17,18200,39.19,D
sh600584,长电科技,2025-10-23 09:38:19,39.17,36700,39.17,D
sh600584,长电科技,2025-10-23 09:38:22,39.17,10200,39.17,U
sh600584,长电科技,2025-10-23 09:38:25,39.17,13500,39.17,E
sh600584,长电科技,2025-10-23 09:38:28,39.17,34500,39.17,U
sh600584,长电科技,2025-10-23 09:38:31,39.17,29477,39.17,U
sh600584,长电科技,2025-10-23 09:38:34,39.16,23323,39.17,D
sh600584,长电科技,2025-10-23 09:38:37,39.15,50000,39.16,D
sh600584,长电科技,2025-10-23 09:38:40,39.15,14700,39.15,U
sh600584,长电科技,2025-10-23 09:38:43,39.19,152000,39.15,U
sh600584,长电科技,2025-10-23 09:38:46,39.17,29500,39.19,D
sh600584,长电科技,2025-10-23 09:38:49,39.18,27700,39.17,E
sh600584,长电科技,2025-10-23 09:38:52,39.17,29500,39.18,D
sh600584,长电科技,2025-10-23 09:38:55,39.17,114500,39.17,D
sh600584,长电科技,2025-10-23 09:38:58,39.18,10900,39.17,U
sh600584,长电科技,2025-10-23 09:39:01,39.15,23300,39.18,D
sh600584,长电科技,2025-10-23 09:39:04,39.17,30000,39.15,E
sh600584,长电科技,2025-10-23 09:39:07,39.16,51500,39.17,E
sh600584,长电科技,2025-10-23 09:39:10,39.17,28000,39.16,E
sh600584,长电科技,2025-10-23 09:39:13,39.16,18800,39.17,D
sh600584,长电科技,2025-10-23 09:39:16,39.18,12100,39.16,E
sh600584,长电科技,2025-10-23 09:39:19,39.16,39400,39.18,D
sh600584,长电科技,2025-10-23 09:39:22,39.18,19700,39.16,U
sh600584,长电科技,2025-10-23 09:39:25,39.18,9100,39.18,D
sh600584,长电科技,2025-10-23 09:39:28,39.18,18600,39.18,D
sh600584,长电科技,2025-10-23 09:39:31,39.18,10600,39.18,D
sh600584,长电科技,2025-10-23 09:39:34,39.18,12700,39.18,D
sh600584,长电科技,2025-10-23 09:39:37,39.2,32700,39.18,U
sh600584,长电科技,2025-10-23 09:39:40,39.2,39700,39.2,U
sh600584,长电科技,2025-10-23 09:39:43,39.18,49900,39.2,D
sh600584,长电科技,2025-10-23 09:39:46,39.18,15900,39.18,U
sh600584,长电科技,2025-10-23 09:39:49,39.18,15100,39.18,U
sh600584,长电科技,2025-10-23 09:39:52,39.18,14100,39.18,D
sh600584,长电科技,2025-10-23 09:39:55,39.17,62700,39.18,D
sh600584,长电科技,2025-10-23 09:39:58,39.15,165500,39.17,D
sh600584,长电科技,2025-10-23 09:40:01,39.12,92200,39.15,D
sh600584,长电科技,2025-10-23 09:40:04,39.1,25500,39.12,D
sh600584,长电科技,2025-10-23 09:40:07,39.1,29000,39.1,D
sh600584,长电科技,2025-10-23 09:40:10,39.07,138300,39.1,D
sh600584,长电科技,2025-10-23 09:40:13,39.07,29600,39.07,U
sh600584,长电科技,2025-10-23 09:40:16,39.07,49900,39.07,E
sh600584,长电科技,2025-10-23 09:40:19,39.07,26600,39.07,D
sh600584,长电科技,2025-10-23 09:40:22,39.06,26000,39.07,D
sh600584,长电科技,2025-10-23 09:40:25,39.05,18400,39.06,D
sh600584,长电科技,2025-10-23 09:40:28,39.05,13600,39.05,D
sh600584,长电科技,2025-10-23 09:40:34,39.03,28700,39.04,D
sh600584,长电科技,2025-10-23 09:40:37,39.04,37600,39.03,U
sh600584,长电科技,2025-10-23 09:40:40,39.03,63100,39.04,D
sh600584,长电科技,2025-10-23 09:40:43,39.03,20700,39.03,D
sh600584,长电科技,2025-10-23 09:40:46,39.03,50300,39.03,U
sh600584,长电科技,2025-10-23 09:40:49,39.03,22100,39.03,U
sh600584,长电科技,2025-10-23 09:40:52,39.02,115500,39.03,D
sh600584,长电科技,2025-10-23 09:40:55,39.03,43000,39.02,E
sh600584,长电科技,2025-10-23 09:40:58,39.02,44600,39.03,D
sh600584,长电科技,2025-10-23 09:41:01,39.03,17600,39.02,U
sh600584,长电科技,2025-10-23 09:41:04,39.06,274302,39.03,U
sh600584,长电科技,2025-10-23 09:41:07,39.06,68600,39.06,D
sh600584,长电科技,2025-10-23 09:41:10,39.06,31300,39.06,D
sh600584,长电科技,2025-10-23 09:41:13,39.07,13400,39.06,U
sh600584,长电科技,2025-10-23 09:41:16,39.11,85400,39.07,U
sh600584,长电科技,2025-10-23 09:41:19,39.11,19400,39.11,D
sh600584,长电科技,2025-10-23 09:41:22,39.16,6200,39.11,U
sh600584,长电科技,2025-10-23 09:41:25,39.16,13600,39.16,U
sh600584,长电科技,2025-10-23 09:41:28,39.16,29300,39.16,U
sh600584,长电科技,2025-10-23 09:41:31,39.17,28400,39.16,U
sh600584,长电科技,2025-10-23 09:41:34,39.18,20200,39.17,U
sh600584,长电科技,2025-10-23 09:41:37,39.18,19100,39.18,U
sh600584,长电科技,2025-10-23 09:41:40,39.17,17700,39.18,E
sh600584,长电科技,2025-10-23 09:41:43,39.19,6500,39.17,U
sh600584,长电科技,2025-10-23 09:41:46,39.18,17900,39.19,D
sh600584,长电科技,2025-10-23 09:41:49,39.18,29800,39.18,D
sh600584,长电科技,2025-10-23 09:41:52,39.17,26400,39.18,D
sh600584,长电科技,2025-10-23 09:41:55,39.19,24600,39.17,U
sh600584,长电科技,2025-10-23 09:41:58,39.19,14200,39.19,U
sh600584,长电科技,2025-10-23 09:42:01,39.18,10500,39.19,D
sh600584,长电科技,2025-10-23 09:42:04,39.19,16600,39.18,D
sh600584,长电科技,2025-10-23 09:42:07,39.2,11900,39.19,U
sh600584,长电科技,2025-10-23 09:42:10,39.18,28300,39.2,D
sh600584,长电科技,2025-10-23 09:42:13,39.19,5300,39.18,U
sh600584,长电科技,2025-10-23 09:42:16,39.19,18705,39.19,U
sh600584,长电科技,2025-10-23 09:42:19,39.19,9700,39.19,D
sh600584,长电科技,2025-10-23 09:42:22,39.19,15300,39.19,D
sh600584,长电科技,2025-10-23 09:42:25,39.2,10100,39.19,U
sh600584,长电科技,2025-10-23 09:42:28,39.19,15100,39.2,D
sh600584,长电科技,2025-10-23 09:42:31,39.19,24895,39.19,D
sh600584,长电科技,2025-10-23 09:42:34,39.18,38800,39.19,D
sh600584,长电科技,2025-10-23 09:42:37,39.17,36600,39.18,D
sh600584,长电科技,2025-10-23 09:42:40,39.14,28800,39.17,D
sh600584,长电科技,2025-10-23 09:42:43,39.17,5800,39.14,U
sh600584,长电科技,2025-10-23 09:42:46,39.12,7600,39.17,D
sh600584,长电科技,2025-10-23 09:42:49,39.12,15000,39.12,D
sh600584,长电科技,2025-10-23 09:42:52,39.1,7200,39.12,D
sh600584,长电科技,2025-10-23 09:42:55,39.12,21300,39.1,U
sh600584,长电科技,2025-10-23 09:42:58,39.1,32600,39.12,D
sh600584,长电科技,2025-10-23 09:43:01,39.09,108700,39.1,D
sh600584,长电科技,2025-10-23 09:43:04,39.05,8400,39.09,D
sh600584,长电科技,2025-10-23 09:43:07,39.05,8300,39.05,D
sh600584,长电科技,2025-10-23 09:43:10,39.05,15000,39.05,D
sh600584,长电科技,2025-10-23 09:43:13,39.05,11100,39.05,U
sh600584,长电科技,2025-10-23 09:43:16,39.05,29500,39.05,U
sh600584,长电科技,2025-10-23 09:43:19,39.05,14400,39.05,D
sh600584,长电科技,2025-10-23 09:43:22,39.08,20000,39.05,U
sh600584,长电科技,2025-10-23 09:43:25,39.09,31800,39.08,U
sh600584,长电科技,2025-10-23 09:43:28,39.05,21300,39.09,D
sh600584,长电科技,2025-10-23 09:43:31,39.05,30000,39.05,U
sh600584,长电科技,2025-10-23 09:43:34,39.09,28200,39.05,U
sh600584,长电科技,2025-10-23 09:43:37,39.06,20000,39.09,D
sh600584,长电科技,2025-10-23 09:43:40,39.05,9000,39.06,D
sh600584,长电科技,2025-10-23 09:43:43,39.05,13900,39.05,D
sh600584,长电科技,2025-10-23 09:43:46,39.05,10700,39.05,D
sh600584,长电科技,2025-10-23 09:43:49,39.06,38200,39.05,U
sh600584,长电科技,2025-10-23 09:43:52,39.05,25800,39.06,D
sh600584,长电科技,2025-10-23 09:43:55,39.05,10500,39.05,U
sh600584,长电科技,2025-10-23 09:43:58,39.05,40100,39.05,U
sh600584,长电科技,2025-10-23 09:44:01,39.05,27800,39.05,U
sh600584,长电科技,2025-10-23 09:44:04,39.04,44700,39.05,D
sh600584,长电科技,2025-10-23 09:44:07,39.03,16000,39.04,D
sh600584,长电科技,2025-10-23 09:44:10,39.05,12600,39.03,U
sh600584,长电科技,2025-10-23 09:44:13,39.06,37444,39.05,U
sh600584,长电科技,2025-10-23 09:44:16,39.05,21700,39.06,E
sh600584,长电科技,2025-10-23 09:44:19,39.05,14800,39.05,E
sh600584,长电科技,2025-10-23 09:44:22,39.05,21900,39.05,U
sh600584,长电科技,2025-10-23 09:44:25,39.06,36000,39.05,E
sh600584,长电科技,2025-10-23 09:44:28,39.05,8800,39.06,D
sh600584,长电科技,2025-10-23 09:44:31,39.05,9300,39.05,U
sh600584,长电科技,2025-10-23 09:44:34,39.05,12000,39.05,U
sh600584,长电科技,2025-10-23 09:44:37,39.05,29600,39.05,U
sh600584,长电科技,2025-10-23 09:44:40,39.06,20800,39.05,U
sh600584,长电科技,2025-10-23 09:44:43,39.06,8300,39.06,U
sh600584,长电科技,2025-10-23 09:44:46,39.05,20500,39.06,D
sh600584,长电科技,2025-10-23 09:44:49,39.06,24500,39.05,U
sh600584,长电科技,2025-10-23 09:44:52,39.08,21400,39.06,U
sh600584,长电科技,2025-10-23 09:44:55,39.08,16600,39.08,D
sh600584,长电科技,2025-10-23 09:44:58,39.04,154700,39.08,D
sh600584,长电科技,2025-10-23 09:45:01,39.03,75756,39.04,D
sh600584,长电科技,2025-10-23 09:45:04,39.01,386500,39.03,D
sh600584,长电科技,2025-10-23 09:45:07,39.01,101900,39.01,U
sh600584,长电科技,2025-10-23 09:45:10,39.02,27600,39.01,U
sh600584,长电科技,2025-10-23 09:45:13,39.01,26400,39.02,D
sh600584,长电科技,2025-10-23 09:45:16,39.01,61800,39.01,U
sh600584,长电科技,2025-10-23 09:45:19,39.01,47900,39.01,D
sh600584,长电科技,2025-10-23 09:45:22,39.01,29300,39.01,D
sh600584,长电科技,2025-10-23 09:45:25,39.02,26900,39.01,U
sh600584,长电科技,2025-10-23 09:45:28,39.01,78100,39.02,D
sh600584,长电科技,2025-10-23 09:45:31,39.01,57000,39.01,U
sh600584,长电科技,2025-10-23 09:45:34,39.01,17500,39.01,D
sh600584,长电科技,2025-10-23 09:45:37,39.02,38800,39.01,U
sh600584,长电科技,2025-10-23 09:45:40,39.02,28200,39.02,U
sh600584,长电科技,2025-10-23 09:45:43,39.01,19100,39.02,E
sh600584,长电科技,2025-10-23 09:45:46,39.01,18600,39.01,U
sh600584,长电科技,2025-10-23 09:45:49,39.01,60200,39.01,U
sh600584,长电科技,2025-10-23 09:45:52,39.01,17200,39.01,D
sh600584,长电科技,2025-10-23 09:45:55,39.01,145100,39.01,D
sh600584,长电科技,2025-10-23 09:45:58,39.01,13200,39.01,D
sh600584,长电科技,2025-10-23 09:46:01,39.01,145100,39.01,U
sh600584,长电科技,2025-10-23 09:46:04,39.0,9400,39.01,U
sh600584,长电科技,2025-10-23 09:46:07,38.98,63800,39.0,D
sh600584,长电科技,2025-10-23 09:46:10,38.96,65200,38.98,D
sh600584,长电科技,2025-10-23 09:46:13,38.95,44700,38.96,D
sh600584,长电科技,2025-10-23 09:46:16,38.96,11300,38.95,U
sh600584,长电科技,2025-10-23 09:46:19,38.92,14000,38.96,D
sh600584,长电科技,2025-10-23 09:46:22,38.92,7200,38.92,D
sh600584,长电科技,2025-10-23 09:46:25,38.92,17500,38.92,D
sh600584,长电科技,2025-10-23 09:46:28,38.9,59600,38.92,D
sh600584,长电科技,2025-10-23 09:46:31,38.9,53400,38.9,D
sh600584,长电科技,2025-10-23 09:46:34,38.89,16100,38.9,D
sh600584,长电科技,2025-10-23 09:46:37,38.89,55400,38.89,D
sh600584,长电科技,2025-10-23 09:46:40,38.88,49000,38.89,D
sh600584,长电科技,2025-10-23 09:46:43,38.89,49500,38.88,U
sh600584,长电科技,2025-10-23 09:46:46,38.88,101171,38.89,D
sh600584,长电科技,2025-10-23 09:46:49,38.87,38929,38.88,D
sh600584,长电科技,2025-10-23 09:46:52,38.87,17400,38.87,D
sh600584,长电科技,2025-10-23 09:46:55,38.88,141371,38.87,U
sh600584,长电科技,2025-10-23 09:46:58,38.89,44600,38.88,D
sh600584,长电科技,2025-10-23 09:47:01,38.89,42800,38.89,D
sh600584,长电科技,2025-10-23 09:47:04,38.89,10900,38.89,D
sh600584,长电科技,2025-10-23 09:47:07,38.89,15000,38.89,U
sh600584,长电科技,2025-10-23 09:47:10,38.9,35200,38.89,U
sh600584,长电科技,2025-10-23 09:47:13,38.91,29200,38.9,U
sh600584,长电科技,2025-10-23 09:47:16,38.91,10900,38.91,U
sh600584,长电科技,2025-10-23 09:47:19,38.89,64300,38.91,D
sh600584,长电科技,2025-10-23 09:47:22,38.89,20500,38.89,U
sh600584,长电科技,2025-10-23 09:47:25,38.9,21300,38.89,E
sh600584,长电科技,2025-10-23 09:47:28,38.9,42400,38.9,D
sh600584,长电科技,2025-10-23 09:47:31,38.9,17000,38.9,D
sh600584,长电科技,2025-10-23 09:47:34,38.9,19000,38.9,U
sh600584,长电科技,2025-10-23 09:47:37,38.9,22100,38.9,U
sh600584,长电科技,2025-10-23 09:47:40,38.9,37800,38.9,U
sh600584,长电科技,2025-10-23 09:47:43,38.88,9900,38.9,D
sh600584,长电科技,2025-10-23 09:47:46,38.88,32200,38.88,D
sh600584,长电科技,2025-10-23 09:47:49,38.89,23700,38.88,U
sh600584,长电科技,2025-10-23 09:47:52,38.9,55900,38.89,U
sh600584,长电科技,2025-10-23 09:47:55,38.88,14800,38.9,D
sh600584,长电科技,2025-10-23 09:47:58,38.89,8200,38.88,D
sh600584,长电科技,2025-10-23 09:48:04,38.89,25600,38.89,U
sh600584,长电科技,2025-10-23 09:48:07,38.88,36700,38.89,D
sh600584,长电科技,2025-10-23 09:48:10,38.88,14300,38.88,U
sh600584,长电科技,2025-10-23 09:48:13,38.87,37200,38.88,D
sh600584,长电科技,2025-10-23 09:48:16,38.88,57600,38.87,U
sh600584,长电科技,2025-10-23 09:48:19,38.87,14100,38.88,D
sh600584,长电科技,2025-10-23 09:48:22,38.87,19105,38.87,U
sh600584,长电科技,2025-10-23 09:48:25,38.87,32400,38.87,D
sh600584,长电科技,2025-10-23 09:48:28,38.86,12200,38.87,D
sh600584,长电科技,2025-10-23 09:48:31,38.87,32900,38.86,E
sh600584,长电科技,2025-10-23 09:48:34,38.88,65200,38.87,U
sh600584,长电科技,2025-10-23 09:48:37,38.89,16900,38.88,U
sh600584,长电科技,2025-10-23 09:48:40,38.88,17300,38.89,D
sh600584,长电科技,2025-10-23 09:48:43,38.88,16200,38.88,U
sh600584,长电科技,2025-10-23 09:48:46,38.88,13000,38.88,U
sh600584,长电科技,2025-10-23 09:48:49,38.87,12300,38.88,D
sh600584,长电科技,2025-10-23 09:48:52,38.9,136400,38.87,U
sh600584,长电科技,2025-10-23 09:48:55,38.93,81600,38.9,U
sh600584,长电科技,2025-10-23 09:48:58,38.95,6100,38.93,U
sh600584,长电科技,2025-10-23 09:49:04,38.99,34100,38.96,U
sh600584,长电科技,2025-10-23 09:49:07,38.97,9800,38.99,D
sh600584,长电科技,2025-10-23 09:49:13,38.96,9900,38.97,D
sh600584,长电科技,2025-10-23 09:49:19,38.96,30300,38.99,D
sh600584,长电科技,2025-10-23 09:49:22,38.97,13600,38.96,U
sh600584,长电科技,2025-10-23 09:49:25,38.96,9700,38.97,D
sh600584,长电科技,2025-10-23 09:49:28,38.95,58400,38.96,D
sh600584,长电科技,2025-10-23 09:49:31,38.96,7300,38.95,U
sh600584,长电科技,2025-10-23 09:49:34,38.97,8600,38.96,U
sh600584,长电科技,2025-10-23 09:49:37,38.96,9700,38.97,E
sh600584,长电科技,2025-10-23 09:49:40,38.96,10900,38.96,U
sh600584,长电科技,2025-10-23 09:49:43,38.95,63300,38.96,D
sh600584,长电科技,2025-10-23 09:49:49,38.97,27900,38.98,D
sh600584,长电科技,2025-10-23 09:49:52,38.97,18400,38.97,D
sh600584,长电科技,2025-10-23 09:49:55,38.98,27300,38.97,U
sh600584,长电科技,2025-10-23 09:49:58,38.98,15700,38.98,D
sh600584,长电科技,2025-10-23 09:50:01,39.0,35700,38.98,U
sh600584,长电科技,2025-10-23 09:50:04,39.0,10100,39.0,D
sh600584,长电科技,2025-10-23 09:50:07,39.02,24800,39.0,U
sh600584,长电科技,2025-10-23 09:50:10,39.02,14600,39.02,U
sh600584,长电科技,2025-10-23 09:50:13,39.05,5300,39.02,U
sh600584,长电科技,2025-10-23 09:50:16,39.06,11600,39.05,U
sh600584,长电科技,2025-10-23 09:50:22,39.11,64700,39.09,U
sh600584,长电科技,2025-10-23 09:50:28,39.09,18800,39.11,D
sh600584,长电科技,2025-10-23 09:50:31,39.09,34400,39.09,U
sh600584,长电科技,2025-10-23 09:50:34,39.09,17200,39.09,E
sh600584,长电科技,2025-10-23 09:50:37,39.05,12700,39.09,D
sh600584,长电科技,2025-10-23 09:50:40,39.05,30200,39.05,D
sh600584,长电科技,2025-10-23 09:50:43,39.06,20800,39.05,U
sh600584,长电科技,2025-10-23 09:50:46,39.05,11500,39.06,D
sh600584,长电科技,2025-10-23 09:50:49,39.05,7200,39.05,U
sh600584,长电科技,2025-10-23 09:50:52,39.06,16000,39.05,U
sh600584,长电科技,2025-10-23 09:50:55,39.05,5700,39.06,D
sh600584,长电科技,2025-10-23 09:50:58,39.04,35700,39.05,D
sh600584,长电科技,2025-10-23 09:51:01,39.05,13700,39.04,U
sh600584,长电科技,2025-10-23 09:51:04,39.04,9100,39.05,D
sh600584,长电科技,2025-10-23 09:51:10,39.04,14100,39.04,U
sh600584,长电科技,2025-10-23 09:51:16,39.03,14000,39.02,U
sh600584,长电科技,2025-10-23 09:51:19,39.0,6400,39.03,D
sh600584,长电科技,2025-10-23 09:51:22,39.01,5400,39.0,E
sh600584,长电科技,2025-10-23 09:51:25,39.01,5800,39.01,D
sh600584,长电科技,2025-10-23 09:51:28,39.01,8300,39.01,D
sh600584,长电科技,2025-10-23 09:51:34,39.01,10300,39.01,D
sh600584,长电科技,2025-10-23 09:51:37,39.03,14100,39.01,U
sh600584,长电科技,2025-10-23 09:51:40,39.02,10300,39.03,D
sh600584,长电科技,2025-10-23 09:51:43,39.02,5400,39.02,D
sh600584,长电科技,2025-10-23 09:51:49,39.03,17900,39.02,U
sh600584,长电科技,2025-10-23 09:51:55,39.03,5900,39.03,D
sh600584,长电科技,2025-10-23 09:51:58,39.03,67700,39.03,D
sh600584,长电科技,2025-10-23 09:52:01,39.04,32600,39.03,U
sh600584,长电科技,2025-10-23 09:52:07,39.05,17500,39.01,U
sh600584,长电科技,2025-10-23 09:52:13,39.03,12300,39.03,D
sh600584,长电科技,2025-10-23 09:52:16,39.02,8200,39.03,U
sh600584,长电科技,2025-10-23 09:52:22,39.01,11300,39.02,D
sh600584,长电科技,2025-10-23 09:52:28,39.01,10000,39.01,D
sh600584,长电科技,2025-10-23 09:52:31,39.01,7900,39.01,U
sh600584,长电科技,2025-10-23 09:52:34,39.01,13600,39.01,D
sh600584,长电科技,2025-10-23 09:52:37,39.0,21800,39.01,D
sh600584,长电科技,2025-10-23 09:52:40,39.0,12800,39.0,D
sh600584,长电科技,2025-10-23 09:52:43,38.99,107900,39.0,D
sh600584,长电科技,2025-10-23 09:52:46,38.99,7400,38.99,U
sh600584,长电科技,2025-10-23 09:52:49,38.97,7100,38.99,D
sh600584,长电科技,2025-10-23 09:52:52,38.97,18300,38.97,D
sh600584,长电科技,2025-10-23 09:52:55,38.96,7500,38.97,E
sh600584,长电科技,2025-10-23 09:52:58,38.95,6100,38.96,D
sh600584,长电科技,2025-10-23 09:53:01,38.95,18200,38.95,D
sh600584,长电科技,2025-10-23 09:53:07,38.92,12400,38.94,D
sh600584,长电科技,2025-10-23 09:53:13,38.91,93400,38.93,D
sh600584,长电科技,2025-10-23 09:53:16,38.91,10200,38.91,D
sh600584,长电科技,2025-10-23 09:53:22,38.91,25700,38.92,D
sh600584,长电科技,2025-10-23 09:53:25,38.91,24500,38.91,D
sh600584,长电科技,2025-10-23 09:53:28,38.92,72300,38.91,U
sh600584,长电科技,2025-10-23 09:53:31,38.92,21400,38.92,D
sh600584,长电科技,2025-10-23 09:53:34,38.92,20800,38.92,D
sh600584,长电科技,2025-10-23 09:53:37,38.91,8100,38.92,D
sh600584,长电科技,2025-10-23 09:53:40,38.92,12700,38.91,U
sh600584,长电科技,2025-10-23 09:53:43,38.92,16900,38.92,D
sh600584,长电科技,2025-10-23 09:53:46,38.93,23200,38.92,E
sh600584,长电科技,2025-10-23 09:53:49,38.95,34200,38.93,D
sh600584,长电科技,2025-10-23 09:53:52,38.97,6900,38.95,U
sh600584,长电科技,2025-10-23 09:53:55,38.95,9000,38.97,D
sh600584,长电科技,2025-10-23 09:53:58,38.97,6500,38.95,E
sh600584,长电科技,2025-10-23 09:54:01,39.01,59800,38.97,U
sh600584,长电科技,2025-10-23 09:54:04,39.04,22400,39.01,U
sh600584,长电科技,2025-10-23 09:54:10,39.05,116700,39.01,U
sh600584,长电科技,2025-10-23 09:54:13,39.07,37900,39.05,U
sh600584,长电科技,2025-10-23 09:54:16,39.08,17900,39.07,U
sh600584,长电科技,2025-10-23 09:54:19,39.1,6000,39.08,U
sh600584,长电科技,2025-10-23 09:54:25,39.1,12300,39.1,U
sh600584,长电科技,2025-10-23 09:54:28,39.1,6400,39.1,U
sh600584,长电科技,2025-10-23 09:54:31,39.1,28600,39.1,D
sh600584,长电科技,2025-10-23 09:54:34,39.1,11800,39.1,E
sh600584,长电科技,2025-10-23 09:54:37,39.09,70400,39.1,U
sh600584,长电科技,2025-10-23 09:54:40,39.11,18900,39.09,U
sh600584,长电科技,2025-10-23 09:54:43,39.08,10900,39.11,D
sh600584,长电科技,2025-10-23 09:54:46,39.08,8000,39.08,U
sh600584,长电科技,2025-10-23 09:54:49,39.1,7700,39.08,U
sh600584,长电科技,2025-10-23 09:54:58,39.09,38500,39.1,D
sh600584,长电科技,2025-10-23 09:55:01,39.09,13300,39.09,U
sh600584,长电科技,2025-10-23 09:55:04,39.07,22000,39.09,D
sh600584,长电科技,2025-10-23 09:55:07,39.09,20100,39.07,U
sh600584,长电科技,2025-10-23 09:55:10,39.08,6400,39.09,U
sh600584,长电科技,2025-10-23 09:55:13,39.08,8800,39.08,D
sh600584,长电科技,2025-10-23 09:55:16,39.05,10400,39.08,D
sh600584,长电科技,2025-10-23 09:55:25,39.04,5800,39.05,D
sh600584,长电科技,2025-10-23 09:55:28,39.03,14900,39.04,D
sh600584,长电科技,2025-10-23 09:55:31,39.03,7700,39.03,D
sh600584,长电科技,2025-10-23 09:55:34,39.03,6900,39.03,D
sh600584,长电科技,2025-10-23 09:55:37,39.03,20300,39.03,D
sh600584,长电科技,2025-10-23 09:55:46,39.03,12800,39.02,U
sh600584,长电科技,2025-10-23 09:55:49,39.03,13300,39.03,U
sh600584,长电科技,2025-10-23 09:55:52,39.03,5900,39.03,U
sh600584,长电科技,2025-10-23 09:55:55,39.02,6900,39.03,D
sh600584,长电科技,2025-10-23 09:56:10,39.01,9800,39.01,D
sh600584,长电科技,2025-10-23 09:56:13,39.05,123000,39.01,U
sh600584,长电科技,2025-10-23 09:56:16,39.05,40000,39.05,U
sh600584,长电科技,2025-10-23 09:56:19,39.05,7500,39.05,U
sh600584,长电科技,2025-10-23 09:56:25,39.09,36900,39.07,U
sh600584,长电科技,2025-10-23 09:56:28,39.13,70700,39.09,U
sh600584,长电科技,2025-10-23 09:56:34,39.15,5600,39.14,U
sh600584,长电科技,2025-10-23 09:56:37,39.14,7100,39.15,D
sh600584,长电科技,2025-10-23 09:56:40,39.2,92800,39.14,U
sh600584,长电科技,2025-10-23 09:56:43,39.21,15200,39.2,U
sh600584,长电科技,2025-10-23 09:56:46,39.21,10400,39.21,U
sh600584,长电科技,2025-10-23 09:56:49,39.17,31500,39.21,D
sh600584,长电科技,2025-10-23 09:56:52,39.16,6700,39.17,D
sh600584,长电科技,2025-10-23 09:56:55,39.18,35800,39.16,U
sh600584,长电科技,2025-10-23 09:56:58,39.16,9500,39.18,D
sh600584,长电科技,2025-10-23 09:57:04,39.18,12500,39.19,D
sh600584,长电科技,2025-10-23 09:57:07,39.19,14400,39.18,U
sh600584,长电科技,2025-10-23 09:57:10,39.19,9000,39.19,U
sh600584,长电科技,2025-10-23 09:57:13,39.17,17000,39.19,E
sh600584,长电科技,2025-10-23 09:57:16,39.17,33400,39.17,U
sh600584,长电科技,2025-10-23 09:57:19,39.11,7900,39.17,D
sh600584,长电科技,2025-10-23 09:57:22,39.08,16900,39.11,D
sh600584,长电科技,2025-10-23 09:57:31,39.07,8400,39.08,D
sh600584,长电科技,2025-10-23 09:57:34,39.07,10000,39.07,D
sh600584,长电科技,2025-10-23 09:57:37,39.06,24900,39.07,D
sh600584,长电科技,2025-10-23 09:57:40,39.06,6100,39.06,U
sh600584,长电科技,2025-10-23 09:57:43,39.05,32600,39.06,E
sh600584,长电科技,2025-10-23 09:57:52,39.02,12400,39.02,U
sh600584,长电科技,2025-10-23 09:57:55,39.02,13200,39.02,U
sh600584,长电科技,2025-10-23 09:57:58,39.02,8400,39.02,U
sh600584,长电科技,2025-10-23 09:58:01,38.99,105800,39.02,D
sh600584,长电科技,2025-10-23 09:58:04,38.95,25300,38.99,D
sh600584,长电科技,2025-10-23 09:58:07,38.94,21300,38.95,D
sh600584,长电科技,2025-10-23 09:58:10,38.94,19200,38.94,U
sh600584,长电科技,2025-10-23 09:58:13,38.96,5600,38.94,U
sh600584,长电科技,2025-10-23 09:58:16,38.94,9400,38.96,D
sh600584,长电科技,2025-10-23 09:58:19,38.96,6000,38.94,U
sh600584,长电科技,2025-10-23 09:58:22,38.95,24200,38.96,D
sh600584,长电科技,2025-10-23 09:58:25,38.98,28100,38.95,U
sh600584,长电科技,2025-10-23 09:58:31,39.0,84600,38.96,U
sh600584,长电科技,2025-10-23 09:58:34,38.98,12600,39.0,D
sh600584,长电科技,2025-10-23 09:58:40,38.95,6800,38.95,D
sh600584,长电科技,2025-10-23 09:58:43,38.97,6400,38.95,U
sh600584,长电科技,2025-10-23 09:58:49,38.95,15400,38.96,D
sh600584,长电科技,2025-10-23 09:58:52,38.95,12600,38.95,U
sh600584,长电科技,2025-10-23 09:58:55,38.95,9200,38.95,D
sh600584,长电科技,2025-10-23 09:58:58,38.95,6000,38.95,U
sh600584,长电科技,2025-10-23 09:59:01,38.95,33100,38.95,U
sh600584,长电科技,2025-10-23 09:59:04,38.95,10300,38.95,D
sh600584,长电科技,2025-10-23 09:59:07,38.95,121400,38.95,D
sh600584,长电科技,2025-10-23 09:59:10,38.95,16400,38.95,U
sh600584,长电科技,2025-10-23 09:59:16,38.94,5500,38.94,U
sh600584,长电科技,2025-10-23 09:59:19,38.95,9500,38.94,U
sh600584,长电科技,2025-10-23 09:59:25,38.94,15800,38.94,U
sh600584,长电科技,2025-10-23 09:59:28,38.93,10200,38.94,D
sh600584,长电科技,2025-10-23 09:59:31,38.93,8600,38.93,D
sh600584,长电科技,2025-10-23 09:59:34,38.92,34900,38.93,D
sh600584,长电科技,2025-10-23 09:59:37,38.93,8500,38.92,U
sh600584,长电科技,2025-10-23 09:59:40,38.92,35500,38.93,D
sh600584,长电科技,2025-10-23 09:59:43,38.92,11600,38.92,D
sh600584,长电科技,2025-10-23 09:59:46,38.92,64600,38.92,D
sh600584,长电科技,2025-10-23 09:59:49,38.93,9200,38.92,U
sh600584,长电科技,2025-10-23 09:59:52,38.92,130700,38.93,D
sh600584,长电科技,2025-10-23 09:59:55,38.92,14200,38.92,U
sh600584,长电科技,2025-10-23 09:59:58,38.95,121100,38.92,U
sh600584,长电科技,2025-10-23 10:00:04,38.93,12900,38.95,D
sh600584,长电科技,2025-10-23 10:00:07,38.95,9800,38.93,U
sh600584,长电科技,2025-10-23 10:00:10,38.94,6200,38.95,E
sh600584,长电科技,2025-10-23 10:00:16,38.93,16900,38.94,E
sh600584,长电科技,2025-10-23 10:00:19,38.93,6100,38.93,U
sh600584,长电科技,2025-10-23 10:00:22,38.92,14300,38.93,D
sh600584,长电科技,2025-10-23 10:00:25,38.93,7800,38.92,E
sh600584,长电科技,2025-10-23 10:00:28,38.94,72300,38.93,U
sh600584,长电科技,2025-10-23 10:00:37,38.94,17300,38.95,D
sh600584,长电科技,2025-10-23 10:00:49,38.92,8200,38.92,D
sh600584,长电科技,2025-10-23 10:00:52,38.91,10200,38.92,D
sh600584,长电科技,2025-10-23 10:00:55,38.92,23400,38.91,U
sh600584,长电科技,2025-10-23 10:01:01,38.91,6500,38.92,D
sh600584,长电科技,2025-10-23 10:01:04,38.91,15900,38.91,D
sh600584,长电科技,2025-10-23 10:01:07,38.9,19100,38.91,D
sh600584,长电科技,2025-10-23 10:01:10,38.9,18600,38.9,D
sh600584,长电科技,2025-10-23 10:01:13,38.91,49100,38.9,U
sh600584,长电科技,2025-10-23 10:01:16,38.9,7300,38.91,D
sh600584,长电科技,2025-10-23 10:01:19,38.9,10100,38.9,D
sh600584,长电科技,2025-10-23 10:01:22,38.9,26500,38.9,D
sh600584,长电科技,2025-10-23 10:01:25,38.88,178400,38.9,D
sh600584,长电科技,2025-10-23 10:01:31,38.9,10600,38.9,U
sh600584,长电科技,2025-10-23 10:01:34,38.89,79700,38.9,E
sh600584,长电科技,2025-10-23 10:01:37,38.89,7600,38.89,D
sh600584,长电科技,2025-10-23 10:01:40,38.89,5200,38.89,U
sh600584,长电科技,2025-10-23 10:01:46,38.89,18600,38.88,U
sh600584,长电科技,2025-10-23 10:01:49,38.89,23400,38.89,U
sh600584,长电科技,2025-10-23 10:01:52,38.88,10700,38.89,D
sh600584,长电科技,2025-10-23 10:01:55,38.89,37200,38.88,U
sh600584,长电科技,2025-10-23 10:01:58,38.88,7500,38.89,D
sh600584,长电科技,2025-10-23 10:02:01,38.9,61600,38.88,U
sh600584,长电科技,2025-10-23 10:02:04,38.92,20800,38.9,U
sh600584,长电科技,2025-10-23 10:02:07,38.89,61400,38.92,D
sh600584,长电科技,2025-10-23 10:02:10,38.92,9500,38.89,D
sh600584,长电科技,2025-10-23 10:02:16,38.92,6900,38.9,U
sh600584,长电科技,2025-10-23 10:02:22,38.92,15500,38.92,U
sh600584,长电科技,2025-10-23 10:02:25,38.92,17100,38.92,U
sh600584,长电科技,2025-10-23 10:02:28,38.92,19700,38.92,D
sh600584,长电科技,2025-10-23 10:02:34,38.93,16600,38.92,U
sh600584,长电科技,2025-10-23 10:02:40,38.95,34600,38.93,U
sh600584,长电科技,2025-10-23 10:02:43,38.97,22400,38.95,U
sh600584,长电科技,2025-10-23 10:02:52,38.97,13500,38.97,U
sh600584,长电科技,2025-10-23 10:02:58,38.98,28100,38.98,U
sh600584,长电科技,2025-10-23 10:03:01,38.97,12200,38.98,E
sh600584,长电科技,2025-10-23 10:03:04,38.96,34300,38.97,D
sh600584,长电科技,2025-10-23 10:03:13,38.94,7600,38.96,D
sh600584,长电科技,2025-10-23 10:03:22,38.93,29500,38.94,D
sh600584,长电科技,2025-10-23 10:03:25,38.92,32100,38.93,D
sh600584,长电科技,2025-10-23 10:03:28,38.92,9800,38.92,E
sh600584,长电科技,2025-10-23 10:03:31,38.91,53700,38.92,D
sh600584,长电科技,2025-10-23 10:03:34,38.91,15600,38.91,D
sh600584,长电科技,2025-10-23 10:03:37,38.91,8000,38.91,D
sh600584,长电科技,2025-10-23 10:03:43,38.91,10200,38.92,D
sh600584,长电科技,2025-10-23 10:03:49,38.91,6300,38.91,D
sh600584,长电科技,2025-10-23 10:03:52,38.92,15500,38.91,U
sh600584,长电科技,2025-10-23 10:03:55,38.91,6300,38.92,D
sh600584,长电科技,2025-10-23 10:03:58,38.91,11600,38.91,U
sh600584,长电科技,2025-10-23 10:04:01,38.9,5800,38.91,D
sh600584,长电科技,2025-10-23 10:04:04,38.9,12000,38.9,D
sh600584,长电科技,2025-10-23 10:04:07,38.92,33500,38.9,U
sh600584,长电科技,2025-10-23 10:04:10,38.9,8100,38.92,D
sh600584,长电科技,2025-10-23 10:04:13,38.9,7000,38.9,D
sh600584,长电科技,2025-10-23 10:04:16,38.9,9000,38.9,U
sh600584,长电科技,2025-10-23 10:04:19,38.91,13300,38.9,U
sh600584,长电科技,2025-10-23 10:04:22,38.9,6400,38.91,D
sh600584,长电科技,2025-10-23 10:04:25,38.9,7900,38.9,D
sh600584,长电科技,2025-10-23 10:04:28,38.91,73800,38.9,U
sh600584,长电科技,2025-10-23 10:04:34,38.9,5200,38.9,U
sh600584,长电科技,2025-10-23 10:04:37,38.91,10300,38.9,U
sh600584,长电科技,2025-10-23 10:04:40,38.9,7300,38.91,D
sh600584,长电科技,2025-10-23 10:04:43,38.9,15400,38.9,U
sh600584,长电科技,2025-10-23 10:04:46,38.9,23800,38.9,D
sh600584,长电科技,2025-10-23 10:04:49,38.91,12100,38.9,U
sh600584,长电科技,2025-10-23 10:04:52,38.9,7400,38.91,D
sh600584,长电科技,2025-10-23 10:04:58,38.94,43800,38.91,U
sh600584,长电科技,2025-10-23 10:05:01,38.91,18500,38.94,D
sh600584,长电科技,2025-10-23 10:05:07,38.92,79700,38.92,D
sh600584,长电科技,2025-10-23 10:05:16,38.91,5500,38.92,D
sh600584,长电科技,2025-10-23 10:05:19,38.9,55300,38.91,D
sh600584,长电科技,2025-10-23 10:05:22,38.9,5400,38.9,D
sh600584,长电科技,2025-10-23 10:05:28,38.9,7100,38.91,D
sh600584,长电科技,2025-10-23 10:05:31,38.91,71400,38.9,U
sh600584,长电科技,2025-10-23 10:05:34,38.91,8900,38.91,D
sh600584,长电科技,2025-10-23 10:05:37,38.91,9700,38.91,U
sh600584,长电科技,2025-10-23 10:05:43,38.9,6200,38.91,D
sh600584,长电科技,2025-10-23 10:05:46,38.91,10200,38.9,U
sh600584,长电科技,2025-10-23 10:05:49,38.9,30100,38.91,D
sh600584,长电科技,2025-10-23 10:05:52,38.9,10400,38.9,U
sh600584,长电科技,2025-10-23 10:05:55,38.89,6700,38.9,D
sh600584,长电科技,2025-10-23 10:05:58,38.9,31000,38.89,U
sh600584,长电科技,2025-10-23 10:06:01,38.9,60100,38.9,U
sh600584,长电科技,2025-10-23 10:06:04,38.9,11600,38.9,U
sh600584,长电科技,2025-10-23 10:06:07,38.9,16900,38.9,U
sh600584,长电科技,2025-10-23 10:06:10,38.89,19900,38.9,D
sh600584,长电科技,2025-10-23 10:06:13,38.9,8100,38.89,U
sh600584,长电科技,2025-10-23 10:06:19,38.9,8000,38.9,D
sh600584,长电科技,2025-10-23 10:06:22,38.9,5700,38.9,U
sh600584,长电科技,2025-10-23 10:06:28,38.9,11900,38.9,U
sh600584,长电科技,2025-10-23 10:06:31,38.9,12900,38.9,U
sh600584,长电科技,2025-10-23 10:06:34,38.9,11100,38.9,U
sh600584,长电科技,2025-10-23 10:06:37,38.91,22500,38.9,U
sh600584,长电科技,2025-10-23 10:06:40,38.9,6300,38.91,D
sh600584,长电科技,2025-10-23 10:06:43,38.91,66800,38.9,U
sh600584,长电科技,2025-10-23 10:06:46,38.9,5600,38.91,D
sh600584,长电科技,2025-10-23 10:06:52,38.91,11600,38.91,U
sh600584,长电科技,2025-10-23 10:06:55,38.91,24700,38.91,D
sh600584,长电科技,2025-10-23 10:06:58,38.94,47000,38.91,U
sh600584,长电科技,2025-10-23 10:07:01,38.97,41400,38.94,U
sh600584,长电科技,2025-10-23 10:07:04,38.99,19800,38.97,U
sh600584,长电科技,2025-10-23 10:07:07,38.99,7600,38.99,D
sh600584,长电科技,2025-10-23 10:07:13,39.0,10700,39.0,D
sh600584,长电科技,2025-10-23 10:07:16,39.0,9700,39.0,U
sh600584,长电科技,2025-10-23 10:07:19,38.99,9400,39.0,E
sh600584,长电科技,2025-10-23 10:07:22,39.0,18900,38.99,U
sh600584,长电科技,2025-10-23 10:07:25,38.98,7200,39.0,D
sh600584,长电科技,2025-10-23 10:07:28,38.99,12300,38.98,U
sh600584,长电科技,2025-10-23 10:07:31,38.98,6400,38.99,D
sh600584,长电科技,2025-10-23 10:07:34,38.98,9800,38.98,U
sh600584,长电科技,2025-10-23 10:07:37,38.98,33500,38.98,D
sh600584,长电科技,2025-10-23 10:07:40,38.99,5700,38.98,U
sh600584,长电科技,2025-10-23 10:07:43,38.97,7600,38.99,D
sh600584,长电科技,2025-10-23 10:07:46,38.98,14400,38.97,U
sh600584,长电科技,2025-10-23 10:07:52,38.99,30700,38.98,U
sh600584,长电科技,2025-10-23 10:07:58,39.0,5900,39.0,U
sh600584,长电科技,2025-10-23 10:08:04,39.01,9600,39.0,U
sh600584,长电科技,2025-10-23 10:08:07,39.0,30000,39.01,D
sh600584,长电科技,2025-10-23 10:08:13,39.01,6300,39.0,U
sh600584,长电科技,2025-10-23 10:08:16,39.01,5200,39.01,U
sh600584,长电科技,2025-10-23 10:08:22,39.01,6600,39.01,U
sh600584,长电科技,2025-10-23 10:08:25,39.01,8200,39.01,U
sh600584,长电科技,2025-10-23 10:08:28,39.01,11300,39.01,U
sh600584,长电科技,2025-10-23 10:08:34,39.01,5700,39.01,U
sh600584,长电科技,2025-10-23 10:08:37,39.01,13700,39.01,U
sh600584,长电科技,2025-10-23 10:08:46,39.04,11900,39.03,U
sh600584,长电科技,2025-10-23 10:08:49,39.01,23000,39.04,D
sh600584,长电科技,2025-10-23 10:08:55,39.01,37000,39.0,U
sh600584,长电科技,2025-10-23 10:09:07,39.01,7200,39.01,U
sh600584,长电科技,2025-10-23 10:09:10,39.01,22700,39.01,U
sh600584,长电科技,2025-10-23 10:09:13,39.01,89200,39.01,D
sh600584,长电科技,2025-10-23 10:09:16,39.0,22200,39.01,E
sh600584,长电科技,2025-10-23 10:09:28,39.0,8400,39.0,D
sh600584,长电科技,2025-10-23 10:09:31,39.0,7200,39.0,D
sh600584,长电科技,2025-10-23 10:09:34,38.97,52200,39.0,D
sh600584,长电科技,2025-10-23 10:09:37,38.94,38800,38.97,D
sh600584,长电科技,2025-10-23 10:09:46,38.94,14200,38.93,U
sh600584,长电科技,2025-10-23 10:09:55,38.93,8400,38.94,D
sh600584,长电科技,2025-10-23 10:10:01,38.92,6400,38.94,D
sh600584,长电科技,2025-10-23 10:10:07,38.94,77297,38.92,U
sh600584,长电科技,2025-10-23 10:10:10,38.91,241600,38.94,D
sh600584,长电科技,2025-10-23 10:10:22,38.9,30800,38.9,D
sh600584,长电科技,2025-10-23 10:10:25,38.9,41600,38.9,U
sh600584,长电科技,2025-10-23 10:10:28,38.92,11700,38.9,U
sh600584,长电科技,2025-10-23 10:10:34,38.91,13400,38.91,D
sh600584,长电科技,2025-10-23 10:10:37,38.87,142803,38.91,D
sh600584,长电科技,2025-10-23 10:10:40,38.87,18100,38.87,U
sh600584,长电科技,2025-10-23 10:10:46,38.86,6000,38.87,D
sh600584,长电科技,2025-10-23 10:10:49,38.86,9900,38.86,D
sh600584,长电科技,2025-10-23 10:10:52,38.86,18000,38.86,D
sh600584,长电科技,2025-10-23 10:10:55,38.91,25297,38.86,U
sh600584,长电科技,2025-10-23 10:11:13,38.88,9700,38.88,D
sh600584,长电科技,2025-10-23 10:11:16,38.88,7200,38.88,D
sh600584,长电科技,2025-10-23 10:11:19,38.88,42300,38.88,D
sh600584,长电科技,2025-10-23 10:11:22,38.88,19800,38.88,D
sh600584,长电科技,2025-10-23 10:11:31,38.9,52400,38.89,U
sh600584,长电科技,2025-10-23 10:11:34,38.91,15000,38.9,U
sh600584,长电科技,2025-10-23 10:11:37,38.9,11400,38.91,D
sh600584,长电科技,2025-10-23 10:11:43,38.9,36100,38.9,U
sh600584,长电科技,2025-10-23 10:11:46,38.9,7100,38.9,D
sh600584,长电科技,2025-10-23 10:11:52,38.91,6400,38.92,E
sh600584,长电科技,2025-10-23 10:11:55,38.92,29400,38.91,U
sh600584,长电科技,2025-10-23 10:11:58,38.91,15000,38.92,D
sh600584,长电科技,2025-10-23 10:12:01,38.91,6800,38.91,U
sh600584,长电科技,2025-10-23 10:12:04,38.92,12500,38.91,U
sh600584,长电科技,2025-10-23 10:12:07,38.91,16900,38.92,D
sh600584,长电科技,2025-10-23 10:12:25,38.94,9000,38.95,D
sh600584,长电科技,2025-10-23 10:12:31,38.93,5400,38.95,D
sh600584,长电科技,2025-10-23 10:12:37,38.95,7100,38.95,U
sh600584,长电科技,2025-10-23 10:12:40,38.96,13400,38.95,U
sh600584,长电科技,2025-10-23 10:12:46,38.97,6800,38.95,U
sh600584,长电科技,2025-10-23 10:12:49,39.04,56300,38.97,U
sh600584,长电科技,2025-10-23 10:12:52,39.02,7400,39.04,D
sh600584,长电科技,2025-10-23 10:12:55,39.01,8100,39.02,D
sh600584,长电科技,2025-10-23 10:13:13,39.1,16600,39.07,U
sh600584,长电科技,2025-10-23 10:13:16,39.08,17500,39.1,D
sh600584,长电科技,2025-10-23 10:13:25,39.11,5600,39.1,D
sh600584,长电科技,2025-10-23 10:13:34,39.14,24600,39.1,U
sh600584,长电科技,2025-10-23 10:13:37,39.1,37300,39.14,D
sh600584,长电科技,2025-10-23 10:13:43,39.14,5400,39.11,U
sh600584,长电科技,2025-10-23 10:13:46,39.11,14300,39.14,D
sh600584,长电科技,2025-10-23 10:13:49,39.14,10100,39.11,U
sh600584,长电科技,2025-10-23 10:13:58,39.11,8800,39.13,D
sh600584,长电科技,2025-10-23 10:14:01,39.13,5900,39.11,U
sh600584,长电科技,2025-10-23 10:14:04,39.11,9800,39.13,D
sh600584,长电科技,2025-10-23 10:14:10,39.12,7800,39.13,D
sh600584,长电科技,2025-10-23 10:14:19,39.09,33500,39.13,D
sh600584,长电科技,2025-10-23 10:14:28,39.09,10100,39.09,D
sh600584,长电科技,2025-10-23 10:14:37,39.1,8200,39.08,U
sh600584,长电科技,2025-10-23 10:15:10,39.06,9000,39.07,D
sh600584,长电科技,2025-10-23 10:15:22,39.06,22800,39.06,U
sh600584,长电科技,2025-10-23 10:15:25,39.07,54200,39.06,U
sh600584,长电科技,2025-10-23 10:15:34,39.05,21300,39.06,D
sh600584,长电科技,2025-10-23 10:15:40,39.05,10100,39.07,D
sh600584,长电科技,2025-10-23 10:15:43,39.06,14300,39.05,U
sh600584,长电科技,2025-10-23 10:16:04,39.04,7500,39.04,D
sh600584,长电科技,2025-10-23 10:16:10,39.03,10500,39.04,D
sh600584,长电科技,2025-10-23 10:16:16,39.03,5200,39.05,D
sh600584,长电科技,2025-10-23 10:16:22,39.08,66300,39.05,U
sh600584,长电科技,2025-10-23 10:16:31,39.04,51300,39.08,D
sh600584,长电科技,2025-10-23 10:16:40,39.08,8500,39.06,U
sh600584,长电科技,2025-10-23 10:16:52,39.09,5200,39.1,E
sh600584,长电科技,2025-10-23 10:16:58,39.1,9800,39.1,U
sh600584,长电科技,2025-10-23 10:17:04,39.1,24000,39.1,U
sh600584,长电科技,2025-10-23 10:17:10,39.1,6900,39.1,D
sh600584,长电科技,2025-10-23 10:17:16,39.11,13000,39.11,U
sh600584,长电科技,2025-10-23 10:17:19,39.12,7800,39.11,U
sh600584,长电科技,2025-10-23 10:17:25,39.12,92800,39.12,U
sh600584,长电科技,2025-10-23 10:17:37,39.15,9800,39.14,U
sh600584,长电科技,2025-10-23 10:17:40,39.15,6300,39.15,U
sh600584,长电科技,2025-10-23 10:17:52,39.15,9200,39.14,U
sh600584,长电科技,2025-10-23 10:17:58,39.14,7600,39.15,D
sh600584,长电科技,2025-10-23 10:18:04,39.14,5900,39.14,D
sh600584,长电科技,2025-10-23 10:18:07,39.15,8300,39.14,U
sh600584,长电科技,2025-10-23 10:18:13,39.15,6800,39.14,U
sh600584,长电科技,2025-10-23 10:18:19,39.14,13500,39.15,D
sh600584,长电科技,2025-10-23 10:18:25,39.13,5800,39.13,D
sh600584,长电科技,2025-10-23 10:18:31,39.14,7000,39.13,U
sh600584,长电科技,2025-10-23 10:18:37,39.14,16000,39.13,U
sh600584,长电科技,2025-10-23 10:18:52,39.12,43200,39.12,D
sh600584,长电科技,2025-10-23 10:19:13,39.12,9200,39.12,U
sh600584,长电科技,2025-10-23 10:19:19,39.13,6400,39.13,U
sh600584,长电科技,2025-10-23 10:19:22,39.12,5400,39.13,D
sh600584,长电科技,2025-10-23 10:19:28,39.13,6900,39.12,U
sh600584,长电科技,2025-10-23 10:19:34,39.13,35800,39.13,U
sh600584,长电科技,2025-10-23 10:19:40,39.17,65300,39.13,U
sh600584,长电科技,2025-10-23 10:19:43,39.17,5200,39.17,U
sh600584,长电科技,2025-10-23 10:19:58,39.17,6700,39.18,D
sh600584,长电科技,2025-10-23 10:20:01,39.18,18000,39.17,U
sh600584,长电科技,2025-10-23 10:20:07,39.19,5900,39.18,U
sh600584,长电科技,2025-10-23 10:20:10,39.19,13200,39.19,U
sh600584,长电科技,2025-10-23 10:20:13,39.18,25900,39.19,D
sh600584,长电科技,2025-10-23 10:20:16,39.18,10400,39.18,U
sh600584,长电科技,2025-10-23 10:20:19,39.17,47900,39.18,D
sh600584,长电科技,2025-10-23 10:20:22,39.17,6400,39.17,U
sh600584,长电科技,2025-10-23 10:20:25,39.16,5800,39.17,D
sh600584,长电科技,2025-10-23 10:20:34,39.14,22600,39.15,D
sh600584,长电科技,2025-10-23 10:20:37,39.15,12200,39.14,U
sh600584,长电科技,2025-10-23 10:20:49,39.15,9500,39.15,D
sh600584,长电科技,2025-10-23 10:20:52,39.14,14100,39.15,D
sh600584,长电科技,2025-10-23 10:21:01,39.14,11600,39.14,D
sh600584,长电科技,2025-10-23 10:21:04,39.13,34900,39.14,D
sh600584,长电科技,2025-10-23 10:21:07,39.12,9700,39.13,D
sh600584,长电科技,2025-10-23 10:21:13,39.12,9600,39.12,D
sh600584,长电科技,2025-10-23 10:21:16,39.12,9100,39.12,D
sh600584,长电科技,2025-10-23 10:21:25,39.11,7700,39.11,D
sh600584,长电科技,2025-10-23 10:21:31,39.1,10300,39.11,D
sh600584,长电科技,2025-10-23 10:21:43,39.09,24300,39.1,D
sh600584,长电科技,2025-10-23 10:21:46,39.09,7400,39.09,U
sh600584,长电科技,2025-10-23 10:22:10,39.06,8800,39.07,D
sh600584,长电科技,2025-10-23 10:22:22,39.06,5400,39.06,U
sh600584,长电科技,2025-10-23 10:22:31,39.07,10100,39.05,U
sh600584,长电科技,2025-10-23 10:22:37,39.06,14600,39.07,D
sh600584,长电科技,2025-10-23 10:23:04,39.06,11900,39.06,U
sh600584,长电科技,2025-10-23 10:23:13,39.06,24200,39.07,D
sh600584,长电科技,2025-10-23 10:23:25,39.07,12200,39.07,U
sh600584,长电科技,2025-10-23 10:23:37,39.07,11900,39.09,D
sh600584,长电科技,2025-10-23 10:23:43,39.07,10900,39.08,D
sh600584,长电科技,2025-10-23 10:23:49,39.07,11300,39.06,U
sh600584,长电科技,2025-10-23 10:24:28,39.07,19900,39.06,U
sh600584,长电科技,2025-10-23 10:24:31,39.05,6500,39.07,D
sh600584,长电科技,2025-10-23 10:24:49,39.07,17200,39.06,U
sh600584,长电科技,2025-10-23 10:24:55,39.07,7600,39.07,D
sh600584,长电科技,2025-10-23 10:25:25,39.08,7000,39.06,U
sh600584,长电科技,2025-10-23 10:25:28,39.07,10400,39.08,D
sh600584,长电科技,2025-10-23 10:25:31,39.07,6300,39.07,D
sh600584,长电科技,2025-10-23 10:25:34,39.06,24800,39.07,D
sh600584,长电科技,2025-10-23 10:25:40,39.05,10500,39.07,D
sh600584,长电科技,2025-10-23 10:25:55,39.08,7000,39.06,U
sh600584,长电科技,2025-10-23 10:25:58,39.08,27000,39.08,D
sh600584,长电科技,2025-10-23 10:26:16,39.1,5800,39.1,U
sh600584,长电科技,2025-10-23 10:26:22,39.07,10900,39.11,D
sh600584,长电科技,2025-10-23 10:26:49,39.08,8400,39.07,U
sh600584,长电科技,2025-10-23 10:27:01,39.13,17000,39.08,U
sh600584,长电科技,2025-10-23 10:27:04,39.16,16400,39.13,U
sh600584,长电科技,2025-10-23 10:27:16,39.16,7500,39.13,U
sh600584,长电科技,2025-10-23 10:27:40,39.16,13500,39.16,U
sh600584,长电科技,2025-10-23 10:27:46,39.16,12000,39.16,U
sh600584,长电科技,2025-10-23 10:27:52,39.16,30100,39.17,D
sh600584,长电科技,2025-10-23 10:27:55,39.17,7400,39.16,U
sh600584,长电科技,2025-10-23 10:27:58,39.17,7900,39.17,D
sh600584,长电科技,2025-10-23 10:28:01,39.18,10800,39.17,U
sh600584,长电科技,2025-10-23 10:28:10,39.18,12300,39.19,D
sh600584,长电科技,2025-10-23 10:28:13,39.18,6300,39.18,U
sh600584,长电科技,2025-10-23 10:28:16,39.18,8800,39.18,U
sh600584,长电科技,2025-10-23 10:28:19,39.18,14300,39.18,D
sh600584,长电科技,2025-10-23 10:28:28,39.18,5600,39.18,U
sh600584,长电科技,2025-10-23 10:28:31,39.2,36000,39.18,U
sh600584,长电科技,2025-10-23 10:28:37,39.2,11200,39.19,U
sh600584,长电科技,2025-10-23 10:28:52,39.2,14200,39.2,U
sh600584,长电科技,2025-10-23 10:28:55,39.2,41700,39.2,U
sh600584,长电科技,2025-10-23 10:29:16,39.2,8800,39.21,D
sh600584,长电科技,2025-10-23 10:29:19,39.21,8500,39.2,U
sh600584,长电科技,2025-10-23 10:29:22,39.2,10800,39.21,D
sh600584,长电科技,2025-10-23 10:29:25,39.21,13000,39.2,U
sh600584,长电科技,2025-10-23 10:29:31,39.2,5600,39.2,U
sh600584,长电科技,2025-10-23 10:29:37,39.2,16000,39.2,D
sh600584,长电科技,2025-10-23 10:29:40,39.2,6700,39.2,D
sh600584,长电科技,2025-10-23 10:29:43,39.21,12800,39.2,U
sh600584,长电科技,2025-10-23 10:29:55,39.21,6500,39.21,U
sh600584,长电科技,2025-10-23 10:30:04,39.21,5300,39.21,U
sh600584,长电科技,2025-10-23 10:30:10,39.22,25800,39.21,U
sh600584,长电科技,2025-10-23 10:30:13,39.22,25600,39.22,U
sh600584,长电科技,2025-10-23 10:30:16,39.22,6500,39.22,D
sh600584,长电科技,2025-10-23 10:30:25,39.24,6600,39.22,U
sh600584,长电科技,2025-10-23 10:30:34,39.25,7400,39.25,U
sh600584,长电科技,2025-10-23 10:30:43,39.24,8500,39.24,U
sh600584,长电科技,2025-10-23 10:30:49,39.23,12400,39.24,D
sh600584,长电科技,2025-10-23 10:30:55,39.24,6300,39.24,U
sh600584,长电科技,2025-10-23 10:30:58,39.23,9000,39.24,D
sh600584,长电科技,2025-10-23 10:31:01,39.23,8900,39.23,U
sh600584,长电科技,2025-10-23 10:31:16,39.23,9900,39.23,D
sh600584,长电科技,2025-10-23 10:31:19,39.22,5800,39.23,D
sh600584,长电科技,2025-10-23 10:31:31,39.23,5500,39.23,U
sh600584,长电科技,2025-10-23 10:31:40,39.23,6300,39.23,D
sh600584,长电科技,2025-10-23 10:31:43,39.23,6300,39.23,D
sh600584,长电科技,2025-10-23 10:31:49,39.25,11300,39.25,U
sh600584,长电科技,2025-10-23 10:31:52,39.25,15900,39.25,U
sh600584,长电科技,2025-10-23 10:31:55,39.25,7800,39.25,U
sh600584,长电科技,2025-10-23 10:31:58,39.26,5700,39.25,U
sh600584,长电科技,2025-10-23 10:32:01,39.28,37000,39.26,U
sh600584,长电科技,2025-10-23 10:32:04,39.33,106300,39.28,U
sh600584,长电科技,2025-10-23 10:32:13,39.35,9700,39.34,U
sh600584,长电科技,2025-10-23 10:32:16,39.36,10300,39.35,U
sh600584,长电科技,2025-10-23 10:32:19,39.35,31500,39.36,D
sh600584,长电科技,2025-10-23 10:32:22,39.34,6800,39.35,E
sh600584,长电科技,2025-10-23 10:32:25,39.35,9600,39.34,U
sh600584,长电科技,2025-10-23 10:32:28,39.35,19800,39.35,U
sh600584,长电科技,2025-10-23 10:32:31,39.34,19200,39.35,E
sh600584,长电科技,2025-10-23 10:32:40,39.32,5500,39.33,D
sh600584,长电科技,2025-10-23 10:32:43,39.31,20500,39.32,D
sh600584,长电科技,2025-10-23 10:32:46,39.32,7800,39.31,U
sh600584,长电科技,2025-10-23 10:32:49,39.34,17500,39.32,U
sh600584,长电科技,2025-10-23 10:32:52,39.33,7500,39.34,U
sh600584,长电科技,2025-10-23 10:32:58,39.33,22500,39.33,U
sh600584,长电科技,2025-10-23 10:33:04,39.32,11000,39.3,U
sh600584,长电科技,2025-10-23 10:33:10,39.3,14300,39.33,D
sh600584,长电科技,2025-10-23 10:33:16,39.31,6600,39.32,D
sh600584,长电科技,2025-10-23 10:33:19,39.32,13900,39.31,E
sh600584,长电科技,2025-10-23 10:33:31,39.33,9800,39.33,U
sh600584,长电科技,2025-10-23 10:33:37,39.33,11600,39.33,U
sh600584,长电科技,2025-10-23 10:33:49,39.32,5800,39.32,E
sh600584,长电科技,2025-10-23 10:33:55,39.31,9700,39.31,D
sh600584,长电科技,2025-10-23 10:34:01,39.31,12200,39.31,U
sh600584,长电科技,2025-10-23 10:34:04,39.3,13300,39.31,D
sh600584,长电科技,2025-10-23 10:34:07,39.3,8700,39.3,D
sh600584,长电科技,2025-10-23 10:34:16,39.33,13900,39.32,U
sh600584,长电科技,2025-10-23 10:34:34,39.34,6500,39.33,U
sh600584,长电科技,2025-10-23 10:34:37,39.34,7500,39.34,U
sh600584,长电科技,2025-10-23 10:34:49,39.35,21600,39.35,D
sh600584,长电科技,2025-10-23 10:34:52,39.34,14300,39.35,U
sh600584,长电科技,2025-10-23 10:34:58,39.35,5100,39.35,U
sh600584,长电科技,2025-10-23 10:35:01,39.35,8200,39.35,D
sh600584,长电科技,2025-10-23 10:35:13,39.34,10500,39.35,D
sh600584,长电科技,2025-10-23 10:35:16,39.34,10400,39.34,D
sh600584,长电科技,2025-10-23 10:35:22,39.33,7800,39.34,D
sh600584,长电科技,2025-10-23 10:35:28,39.35,7800,39.35,U
sh600584,长电科技,2025-10-23 10:35:31,39.33,5500,39.35,D
sh600584,长电科技,2025-10-23 10:35:34,39.37,71400,39.33,U
sh600584,长电科技,2025-10-23 10:35:37,39.37,7300,39.37,D
sh600584,长电科技,2025-10-23 10:35:43,39.35,33700,39.37,D
sh600584,长电科技,2025-10-23 10:35:52,39.37,7400,39.37,U
sh600584,长电科技,2025-10-23 10:36:01,39.36,8800,39.36,D
sh600584,长电科技,2025-10-23 10:36:10,39.35,9000,39.35,D
sh600584,长电科技,2025-10-23 10:36:13,39.35,6700,39.35,D
sh600584,长电科技,2025-10-23 10:36:16,39.38,77900,39.35,U
sh600584,长电科技,2025-10-23 10:36:28,39.36,12200,39.36,D
sh600584,长电科技,2025-10-23 10:36:43,39.38,11300,39.37,U
sh600584,长电科技,2025-10-23 10:36:49,39.37,5900,39.36,U
sh600584,长电科技,2025-10-23 10:36:52,39.37,6500,39.37,D
sh600584,长电科技,2025-10-23 10:36:55,39.38,6600,39.37,U
sh600584,长电科技,2025-10-23 10:36:58,39.37,13300,39.38,D
sh600584,长电科技,2025-10-23 10:37:04,39.38,6000,39.37,U
sh600584,长电科技,2025-10-23 10:37:07,39.37,9800,39.38,D
sh600584,长电科技,2025-10-23 10:37:10,39.37,9800,39.37,D
sh600584,长电科技,2025-10-23 10:37:13,39.36,42400,39.37,D
sh600584,长电科技,2025-10-23 10:37:19,39.37,5300,39.36,U
sh600584,长电科技,2025-10-23 10:37:22,39.35,21200,39.37,D
sh600584,长电科技,2025-10-23 10:37:31,39.34,14000,39.35,D
sh600584,长电科技,2025-10-23 10:37:34,39.35,28400,39.34,U
sh600584,长电科技,2025-10-23 10:37:37,39.33,8300,39.35,D
sh600584,长电科技,2025-10-23 10:37:49,39.33,27900,39.33,D
sh600584,长电科技,2025-10-23 10:37:52,39.31,24700,39.33,D
sh600584,长电科技,2025-10-23 10:37:55,39.31,7300,39.31,D
sh600584,长电科技,2025-10-23 10:37:58,39.31,11900,39.31,D
sh600584,长电科技,2025-10-23 10:38:01,39.3,8300,39.31,D
sh600584,长电科技,2025-10-23 10:38:04,39.29,13200,39.3,D
sh600584,长电科技,2025-10-23 10:38:13,39.28,5500,39.29,D
sh600584,长电科技,2025-10-23 10:38:16,39.28,6400,39.28,D
sh600584,长电科技,2025-10-23 10:38:19,39.28,8500,39.28,U
sh600584,长电科技,2025-10-23 10:38:22,39.28,5800,39.28,D
sh600584,长电科技,2025-10-23 10:38:34,39.3,52800,39.27,U
sh600584,长电科技,2025-10-23 10:38:40,39.28,7200,39.29,D
sh600584,长电科技,2025-10-23 10:39:13,39.28,11000,39.28,D
sh600584,长电科技,2025-10-23 10:39:31,39.29,12100,39.27,U
sh600584,长电科技,2025-10-23 10:39:34,39.29,10700,39.29,U
sh600584,长电科技,2025-10-23 10:39:37,39.29,32200,39.29,D
sh600584,长电科技,2025-10-23 10:39:40,39.3,53900,39.29,U
sh600584,长电科技,2025-10-23 10:39:55,39.31,7100,39.31,D
sh600584,长电科技,2025-10-23 10:40:28,39.32,5400,39.32,U
sh600584,长电科技,2025-10-23 10:40:37,39.32,9000,39.32,D
sh600584,长电科技,2025-10-23 10:40:40,39.3,11500,39.32,D
sh600584,长电科技,2025-10-23 10:40:55,39.29,5300,39.29,U
sh600584,长电科技,2025-10-23 10:41:25,39.27,5800,39.27,D
sh600584,长电科技,2025-10-23 10:41:31,39.3,35600,39.27,U
sh600584,长电科技,2025-10-23 10:41:34,39.32,16200,39.3,U
sh600584,长电科技,2025-10-23 10:41:49,39.33,9900,39.32,U
sh600584,长电科技,2025-10-23 10:42:22,39.33,10000,39.33,U
sh600584,长电科技,2025-10-23 10:42:31,39.33,8800,39.33,D
sh600584,长电科技,2025-10-23 10:42:34,39.34,11900,39.33,D
sh600584,长电科技,2025-10-23 10:42:40,39.35,7900,39.35,U
sh600584,长电科技,2025-10-23 10:43:10,39.35,9900,39.34,U
sh600584,长电科技,2025-10-23 10:43:19,39.35,8200,39.34,U
sh600584,长电科技,2025-10-23 10:43:31,39.35,27500,39.35,U
sh600584,长电科技,2025-10-23 10:43:34,39.33,36600,39.35,E
sh600584,长电科技,2025-10-23 10:43:37,39.33,7600,39.33,U
sh600584,长电科技,2025-10-23 10:43:52,39.29,12900,39.3,D
sh600584,长电科技,2025-10-23 10:43:55,39.28,6600,39.29,D
sh600584,长电科技,2025-10-23 10:44:07,39.26,6900,39.27,D
sh600584,长电科技,2025-10-23 10:44:13,39.26,28900,39.26,D
sh600584,长电科技,2025-10-23 10:44:49,39.22,5200,39.22,U
sh600584,长电科技,2025-10-23 10:45:01,39.22,7900,39.21,U
sh600584,长电科技,2025-10-23 10:45:07,39.22,9800,39.21,U
sh600584,长电科技,2025-10-23 10:45:10,39.19,50900,39.22,D
sh600584,长电科技,2025-10-23 10:45:40,39.21,5300,39.22,D
sh600584,长电科技,2025-10-23 10:45:46,39.21,20500,39.21,D
sh600584,长电科技,2025-10-23 10:45:49,39.22,11100,39.21,U
sh600584,长电科技,2025-10-23 10:45:55,39.2,33500,39.21,D
sh600584,长电科技,2025-10-23 10:46:13,39.19,7900,39.2,D
sh600584,长电科技,2025-10-23 10:46:40,39.2,9800,39.19,U
sh600584,长电科技,2025-10-23 10:47:25,39.2,9100,39.2,D
sh600584,长电科技,2025-10-23 10:47:37,39.2,10400,39.2,D
sh600584,长电科技,2025-10-23 10:47:40,39.2,5600,39.2,D
sh600584,长电科技,2025-10-23 10:47:43,39.2,13100,39.2,D
sh600584,长电科技,2025-10-23 10:47:49,39.21,6100,39.21,D
sh600584,长电科技,2025-10-23 10:48:19,39.21,9000,39.22,D
sh600584,长电科技,2025-10-23 10:48:49,39.21,10000,39.21,D
sh600584,长电科技,2025-10-23 10:48:55,39.21,7000,39.21,U
sh600584,长电科技,2025-10-23 10:49:01,39.2,26000,39.21,D
sh600584,长电科技,2025-10-23 10:49:37,39.2,5800,39.21,D
sh600584,长电科技,2025-10-23 10:49:40,39.2,8500,39.2,D
sh600584,长电科技,2025-10-23 10:49:43,39.2,5200,39.2,D
sh600584,长电科技,2025-10-23 10:49:46,39.21,6600,39.2,U
sh600584,长电科技,2025-10-23 10:49:49,39.2,11900,39.21,D
sh600584,长电科技,2025-10-23 10:49:52,39.2,5600,39.2,D
sh600584,长电科技,2025-10-23 10:49:58,39.19,56800,39.2,D
sh600584,长电科技,2025-10-23 10:50:07,39.19,6900,39.19,D
sh600584,长电科技,2025-10-23 10:50:25,39.19,10000,39.19,D
sh600584,长电科技,2025-10-23 10:50:28,39.18,26500,39.19,D
sh600584,长电科技,2025-10-23 10:50:43,39.17,57300,39.18,D
sh600584,长电科技,2025-10-23 10:51:01,39.17,6200,39.17,D
sh600584,长电科技,2025-10-23 10:51:07,39.16,8800,39.16,D
sh600584,长电科技,2025-10-23 10:51:10,39.14,24500,39.16,D
sh600584,长电科技,2025-10-23 10:51:16,39.14,6400,39.16,D
sh600584,长电科技,2025-10-23 10:51:58,39.14,10900,39.12,U
sh600584,长电科技,2025-10-23 10:52:07,39.14,5500,39.14,U
sh600584,长电科技,2025-10-23 10:52:34,39.15,6900,39.15,D
sh600584,长电科技,2025-10-23 10:53:46,39.19,5800,39.19,D
sh600584,长电科技,2025-10-23 10:53:49,39.2,5500,39.19,U
sh600584,长电科技,2025-10-23 10:53:52,39.21,27200,39.2,U
sh600584,长电科技,2025-10-23 10:54:07,39.21,12400,39.21,D
sh600584,长电科技,2025-10-23 10:54:10,39.21,9500,39.21,U
sh600584,长电科技,2025-10-23 10:54:16,39.21,8000,39.21,U
sh600584,长电科技,2025-10-23 10:54:55,39.15,5900,39.15,D
sh600584,长电科技,2025-10-23 10:55:25,39.16,16200,39.15,U
sh600584,长电科技,2025-10-23 10:56:07,39.16,19000,39.16,D
sh600584,长电科技,2025-10-23 10:56:22,39.16,5400,39.16,D
sh600584,长电科技,2025-10-23 10:56:28,39.16,8400,39.16,D
sh600584,长电科技,2025-10-23 10:56:43,39.15,12100,39.15,D
sh600584,长电科技,2025-10-23 10:56:46,39.15,18600,39.15,D
sh600584,长电科技,2025-10-23 10:57:04,39.15,7300,39.14,U
sh600584,长电科技,2025-10-23 10:57:10,39.14,7100,39.14,D
sh600584,长电科技,2025-10-23 10:57:13,39.15,5800,39.14,U
sh600584,长电科技,2025-10-23 10:57:19,39.14,6000,39.15,D
sh600584,长电科技,2025-10-23 10:57:22,39.15,5600,39.14,U
sh600584,长电科技,2025-10-23 10:57:43,39.14,12100,39.14,D
sh600584,长电科技,2025-10-23 10:58:16,39.15,11500,39.15,U
sh600584,长电科技,2025-10-23 10:58:55,39.14,18800,39.15,D
sh600584,长电科技,2025-10-23 10:59:01,39.14,6100,39.13,U
sh600584,长电科技,2025-10-23 10:59:04,39.13,20100,39.14,D
sh600584,长电科技,2025-10-23 10:59:16,39.14,9500,39.13,U
sh600584,长电科技,2025-10-23 10:59:43,39.12,15800,39.12,D
sh600584,长电科技,2025-10-23 10:59:58,39.11,7000,39.11,D
sh600584,长电科技,2025-10-23 11:00:13,39.1,30800,39.11,D
sh600584,长电科技,2025-10-23 11:00:28,39.09,14800,39.09,D
sh600584,长电科技,2025-10-23 11:00:34,39.08,10100,39.08,D
sh600584,长电科技,2025-10-23 11:00:49,39.08,6200,39.08,U
sh600584,长电科技,2025-10-23 11:01:40,39.08,28100,39.08,D
sh600584,长电科技,2025-10-23 11:01:52,39.08,11400,39.08,U
sh600584,长电科技,2025-10-23 11:01:58,39.07,21700,39.08,D
sh600584,长电科技,2025-10-23 11:02:04,39.06,12300,39.07,D
sh600584,长电科技,2025-10-23 11:02:10,39.06,12900,39.07,D
sh600584,长电科技,2025-10-23 11:02:16,39.06,5300,39.07,D
sh600584,长电科技,2025-10-23 11:03:13,39.06,5400,39.06,D
sh600584,长电科技,2025-10-23 11:03:22,39.07,5500,39.06,E
sh600584,长电科技,2025-10-23 11:03:49,39.06,20800,39.06,D
sh600584,长电科技,2025-10-23 11:04:10,39.05,13500,39.05,D
sh600584,长电科技,2025-10-23 11:04:13,39.05,7900,39.05,D
sh600584,长电科技,2025-10-23 11:04:19,39.04,8700,39.05,D
sh600584,长电科技,2025-10-23 11:04:22,39.04,11300,39.04,D
sh600584,长电科技,2025-10-23 11:04:28,39.05,13600,39.04,U
sh600584,长电科技,2025-10-23 11:04:40,39.07,13300,39.05,U
sh600584,长电科技,2025-10-23 11:04:49,39.06,28200,39.07,D
sh600584,长电科技,2025-10-23 11:05:25,39.07,5900,39.08,D
sh600584,长电科技,2025-10-23 11:05:40,39.1,5500,39.1,U
sh600584,长电科技,2025-10-23 11:05:43,39.1,6700,39.1,U
sh600584,长电科技,2025-10-23 11:05:49,39.1,18200,39.1,U
sh600584,长电科技,2025-10-23 11:05:55,39.09,5300,39.09,D
sh600584,长电科技,2025-10-23 11:06:10,39.08,7200,39.08,D
sh600584,长电科技,2025-10-23 11:06:31,39.07,13600,39.07,D
sh600584,长电科技,2025-10-23 11:07:13,39.08,8200,39.07,U
sh600584,长电科技,2025-10-23 11:07:19,39.07,5900,39.07,D
sh600584,长电科技,2025-10-23 11:08:01,39.06,10200,39.07,D
sh600584,长电科技,2025-10-23 11:08:19,39.06,13500,39.07,D
sh600584,长电科技,2025-10-23 11:08:28,39.06,9300,39.07,D
sh600584,长电科技,2025-10-23 11:08:31,39.07,6500,39.06,U
sh600584,长电科技,2025-10-23 11:08:34,39.06,22100,39.07,D
sh600584,长电科技,2025-10-23 11:08:37,39.06,8600,39.06,D
sh600584,长电科技,2025-10-23 11:09:07,39.05,11400,39.06,D
sh600584,长电科技,2025-10-23 11:09:16,39.06,8400,39.06,U
sh600584,长电科技,2025-10-23 11:09:31,39.07,9800,39.06,U
sh600584,长电科技,2025-10-23 11:09:34,39.09,7500,39.07,U
sh600584,长电科技,2025-10-23 11:09:37,39.1,14700,39.09,U
sh600584,长电科技,2025-10-23 11:09:43,39.11,37900,39.1,U
sh600584,长电科技,2025-10-23 11:09:46,39.09,9500,39.11,D
sh600584,长电科技,2025-10-23 11:09:49,39.1,7100,39.09,D
sh600584,长电科技,2025-10-23 11:10:04,39.12,5600,39.12,D
sh600584,长电科技,2025-10-23 11:11:01,39.19,8600,39.14,U
sh600584,长电科技,2025-10-23 11:11:19,39.17,20000,39.18,D
sh600584,长电科技,2025-10-23 11:11:25,39.18,14400,39.17,U
sh600584,长电科技,2025-10-23 11:11:34,39.17,6700,39.18,D
sh600584,长电科技,2025-10-23 11:12:04,39.16,7800,39.18,D
sh600584,长电科技,2025-10-23 11:12:28,39.19,15500,39.18,U
sh600584,长电科技,2025-10-23 11:12:37,39.2,6300,39.19,U
sh600584,长电科技,2025-10-23 11:13:04,39.25,9300,39.22,U
sh600584,长电科技,2025-10-23 11:13:10,39.24,35600,39.25,U
sh600584,长电科技,2025-10-23 11:13:13,39.24,12500,39.24,D
sh600584,长电科技,2025-10-23 11:13:16,39.24,11100,39.24,D
sh600584,长电科技,2025-10-23 11:13:31,39.26,18200,39.24,U
sh600584,长电科技,2025-10-23 11:13:34,39.26,5600,39.26,U
sh600584,长电科技,2025-10-23 11:13:40,39.26,5700,39.26,U
sh600584,长电科技,2025-10-23 11:14:13,39.2,22900,39.2,D
sh600584,长电科技,2025-10-23 11:14:16,39.2,5400,39.2,D
sh600584,长电科技,2025-10-23 11:14:28,39.2,5400,39.21,D
sh600584,长电科技,2025-10-23 11:14:34,39.2,6800,39.2,D
sh600584,长电科技,2025-10-23 11:14:58,39.18,8300,39.18,D
sh600584,长电科技,2025-10-23 11:15:01,39.2,20200,39.18,U
sh600584,长电科技,2025-10-23 11:15:07,39.17,16500,39.17,D
sh600584,长电科技,2025-10-23 11:16:10,39.16,21300,39.15,U
sh600584,长电科技,2025-10-23 11:16:49,39.19,29200,39.19,D
sh600584,长电科技,2025-10-23 11:17:16,39.22,6000,39.21,U
sh600584,长电科技,2025-10-23 11:17:46,39.23,8200,39.23,U
sh600584,长电科技,2025-10-23 11:17:52,39.23,7600,39.23,D
sh600584,长电科技,2025-10-23 11:18:01,39.24,5200,39.24,D
sh600584,长电科技,2025-10-23 11:18:07,39.26,28600,39.24,U
sh600584,长电科技,2025-10-23 11:18:10,39.29,8500,39.26,U
sh600584,长电科技,2025-10-23 11:18:19,39.3,25600,39.3,U
sh600584,长电科技,2025-10-23 11:18:22,39.3,6500,39.3,U
sh600584,长电科技,2025-10-23 11:19:10,39.25,5100,39.28,D
sh600584,长电科技,2025-10-23 11:19:16,39.24,15800,39.26,D
sh600584,长电科技,2025-10-23 11:19:28,39.25,6300,39.24,U
sh600584,长电科技,2025-10-23 11:19:52,39.26,5900,39.26,U
sh600584,长电科技,2025-10-23 11:20:28,39.26,5200,39.25,U
sh600584,长电科技,2025-10-23 11:20:31,39.24,5700,39.26,D
sh600584,长电科技,2025-10-23 11:22:22,39.35,134700,39.25,U
sh600584,长电科技,2025-10-23 11:22:25,39.35,11400,39.35,U
sh600584,长电科技,2025-10-23 11:22:28,39.32,5100,39.35,D
sh600584,长电科技,2025-10-23 11:22:31,39.35,7300,39.32,U
sh600584,长电科技,2025-10-23 11:22:40,39.32,8400,39.34,D
sh600584,长电科技,2025-10-23 11:22:43,39.35,14500,39.32,U
sh600584,长电科技,2025-10-23 11:22:52,39.32,6200,39.33,D
sh600584,长电科技,2025-10-23 11:23:13,39.33,5300,39.32,U
sh600584,长电科技,2025-10-23 11:23:58,39.35,59600,39.33,U
sh600584,长电科技,2025-10-23 11:24:04,39.36,8800,39.35,D
sh600584,长电科技,2025-10-23 11:24:16,39.35,11800,39.36,D
sh600584,长电科技,2025-10-23 11:24:25,39.35,6500,39.35,D
sh600584,长电科技,2025-10-23 11:24:49,39.34,6900,39.34,U
sh600584,长电科技,2025-10-23 11:24:55,39.33,6500,39.34,D
sh600584,长电科技,2025-10-23 11:24:58,39.33,15500,39.33,D
sh600584,长电科技,2025-10-23 11:26:10,39.26,10800,39.27,D
sh600584,长电科技,2025-10-23 11:26:13,39.27,5100,39.26,U
sh600584,长电科技,2025-10-23 11:26:40,39.26,8000,39.26,D
sh600584,长电科技,2025-10-23 11:26:55,39.25,14400,39.25,D
sh600584,长电科技,2025-10-23 11:27:25,39.26,8100,39.24,U
sh600584,长电科技,2025-10-23 11:28:04,39.23,14000,39.23,D
sh600584,长电科技,2025-10-23 11:28:40,39.21,5300,39.21,D
sh600584,长电科技,2025-10-23 11:29:37,39.21,6000,39.21,U
sh600584,长电科技,2025-10-23 11:29:59,39.19,6200,39.21,D
sh600584,长电科技,2025-10-23 13:00:04,39.19,40900,39.19,D
sh600584,长电科技,2025-10-23 13:00:07,39.16,36700,39.19,D
sh600584,长电科技,2025-10-23 13:00:10,39.18,21200,39.16,U
sh600584,长电科技,2025-10-23 13:00:19,39.2,59400,39.14,U
sh600584,长电科技,2025-10-23 13:00:31,39.2,8700,39.2,U
sh600584,长电科技,2025-10-23 13:00:37,39.22,10400,39.2,U
sh600584,长电科技,2025-10-23 13:00:40,39.29,12700,39.22,U
sh600584,长电科技,2025-10-23 13:00:43,39.32,31100,39.29,U
sh600584,长电科技,2025-10-23 13:00:49,39.33,7600,39.31,U
sh600584,长电科技,2025-10-23 13:00:52,39.3,13200,39.33,D
sh600584,长电科技,2025-10-23 13:00:55,39.25,6000,39.3,D
sh600584,长电科技,2025-10-23 13:01:04,39.31,18700,39.26,U
sh600584,长电科技,2025-10-23 13:01:10,39.3,11000,39.3,D
sh600584,长电科技,2025-10-23 13:01:25,39.3,20200,39.3,D
sh600584,长电科技,2025-10-23 13:01:58,39.25,6300,39.24,U
sh600584,长电科技,2025-10-23 13:02:19,39.2,8800,39.21,D
sh600584,长电科技,2025-10-23 13:02:55,39.18,14100,39.18,U
sh600584,长电科技,2025-10-23 13:03:01,39.19,6300,39.17,U
sh600584,长电科技,2025-10-23 13:03:25,39.21,7000,39.2,E
sh600584,长电科技,2025-10-23 13:04:16,39.21,6000,39.21,D
sh600584,长电科技,2025-10-23 13:04:25,39.25,27900,39.21,U
sh600584,长电科技,2025-10-23 13:04:28,39.25,8700,39.25,U
sh600584,长电科技,2025-10-23 13:04:43,39.26,6200,39.26,U
sh600584,长电科技,2025-10-23 13:06:28,39.2,13000,39.2,D
sh600584,长电科技,2025-10-23 13:06:31,39.2,5500,39.2,U
sh600584,长电科技,2025-10-23 13:06:43,39.19,6400,39.19,D
sh600584,长电科技,2025-10-23 13:06:46,39.2,5300,39.19,U
sh600584,长电科技,2025-10-23 13:06:52,39.19,18400,39.19,D
sh600584,长电科技,2025-10-23 13:07:19,39.17,6000,39.17,U
sh600584,长电科技,2025-10-23 13:07:58,39.17,5300,39.17,D
sh600584,长电科技,2025-10-23 13:08:28,39.16,5700,39.17,D
sh600584,长电科技,2025-10-23 13:08:34,39.17,5800,39.17,U
sh600584,长电科技,2025-10-23 13:08:37,39.16,7500,39.17,D
sh600584,长电科技,2025-10-23 13:08:58,39.16,12600,39.15,U
sh600584,长电科技,2025-10-23 13:09:19,39.18,19500,39.15,U
sh600584,长电科技,2025-10-23 13:09:22,39.2,25900,39.18,U
sh600584,长电科技,2025-10-23 13:10:13,39.18,9400,39.19,D
sh600584,长电科技,2025-10-23 13:10:22,39.18,5300,39.18,U
sh600584,长电科技,2025-10-23 13:10:58,39.18,11200,39.19,D
sh600584,长电科技,2025-10-23 13:12:22,39.14,5400,39.15,D
sh600584,长电科技,2025-10-23 13:12:46,39.16,6300,39.16,U
sh600584,长电科技,2025-10-23 13:12:49,39.15,21200,39.16,D
sh600584,长电科技,2025-10-23 13:12:52,39.16,55400,39.15,U
sh600584,长电科技,2025-10-23 13:13:58,39.18,6300,39.18,U
sh600584,长电科技,2025-10-23 13:14:13,39.17,7000,39.16,U
sh600584,长电科技,2025-10-23 13:14:58,39.19,9100,39.18,U
sh600584,长电科技,2025-10-23 13:15:16,39.2,9400,39.19,U
sh600584,长电科技,2025-10-23 13:15:19,39.2,15400,39.2,U
sh600584,长电科技,2025-10-23 13:15:22,39.2,8700,39.2,U
sh600584,长电科技,2025-10-23 13:16:22,39.22,8200,39.22,U
sh600584,长电科技,2025-10-23 13:16:34,39.2,9000,39.2,D
sh600584,长电科技,2025-10-23 13:16:55,39.19,9900,39.2,D
sh600584,长电科技,2025-10-23 13:17:16,39.19,13900,39.2,D
sh600584,长电科技,2025-10-23 13:17:40,39.2,5700,39.19,U
sh600584,长电科技,2025-10-23 13:18:28,39.18,8800,39.18,D
sh600584,长电科技,2025-10-23 13:18:52,39.18,13300,39.18,U
sh600584,长电科技,2025-10-23 13:19:16,39.2,50000,39.17,U
sh600584,长电科技,2025-10-23 13:19:19,39.21,9400,39.2,U
sh600584,长电科技,2025-10-23 13:19:25,39.19,7200,39.22,D
sh600584,长电科技,2025-10-23 13:20:28,39.22,13100,39.21,U
sh600584,长电科技,2025-10-23 13:20:31,39.26,50200,39.22,U
sh600584,长电科技,2025-10-23 13:20:46,39.26,6300,39.26,D
sh600584,长电科技,2025-10-23 13:21:01,39.26,5400,39.26,D
sh600584,长电科技,2025-10-23 13:21:04,39.27,6300,39.26,U
sh600584,长电科技,2025-10-23 13:21:10,39.26,7100,39.27,D
sh600584,长电科技,2025-10-23 13:21:28,39.26,6800,39.26,D
sh600584,长电科技,2025-10-23 13:22:10,39.24,6100,39.25,D
sh600584,长电科技,2025-10-23 13:22:25,39.24,5200,39.25,D
sh600584,长电科技,2025-10-23 13:22:28,39.25,10700,39.24,U
sh600584,长电科技,2025-10-23 13:23:58,39.19,6000,39.21,D
sh600584,长电科技,2025-10-23 13:24:19,39.19,7100,39.19,D
sh600584,长电科技,2025-10-23 13:24:37,39.19,6900,39.18,U
sh600584,长电科技,2025-10-23 13:25:16,39.17,19200,39.17,D
sh600584,长电科技,2025-10-23 13:25:19,39.17,11500,39.17,U
sh600584,长电科技,2025-10-23 13:25:28,39.19,9300,39.18,U
sh600584,长电科技,2025-10-23 13:25:37,39.19,9200,39.19,D
sh600584,长电科技,2025-10-23 13:26:13,39.21,5300,39.21,U
sh600584,长电科技,2025-10-23 13:26:16,39.21,8700,39.21,U
sh600584,长电科技,2025-10-23 13:26:19,39.21,12800,39.21,D
sh600584,长电科技,2025-10-23 13:27:49,39.2,12000,39.2,D
sh600584,长电科技,2025-10-23 13:27:58,39.2,6400,39.2,U
sh600584,长电科技,2025-10-23 13:28:25,39.18,5500,39.19,D
sh600584,长电科技,2025-10-23 13:29:07,39.19,5800,39.19,U
sh600584,长电科技,2025-10-23 13:29:10,39.21,24500,39.19,U
sh600584,长电科技,2025-10-23 13:29:13,39.2,10100,39.21,E
sh600584,长电科技,2025-10-23 13:30:52,39.18,8700,39.19,D
sh600584,长电科技,2025-10-23 13:31:10,39.19,8100,39.18,U
sh600584,长电科技,2025-10-23 13:31:28,39.18,5900,39.19,D
sh600584,长电科技,2025-10-23 13:31:58,39.19,5300,39.18,U
sh600584,长电科技,2025-10-23 13:33:01,39.18,5700,39.18,D
sh600584,长电科技,2025-10-23 13:33:31,39.17,8100,39.17,D
sh600584,长电科技,2025-10-23 13:33:37,39.17,6600,39.17,D
sh600584,长电科技,2025-10-23 13:33:40,39.17,9000,39.17,D
sh600584,长电科技,2025-10-23 13:33:43,39.17,7100,39.17,D
sh600584,长电科技,2025-10-23 13:33:55,39.17,27800,39.17,U
sh600584,长电科技,2025-10-23 13:34:07,39.16,8500,39.17,D
sh600584,长电科技,2025-10-23 13:34:10,39.16,14200,39.16,U
sh600584,长电科技,2025-10-23 13:34:34,39.15,6800,39.16,D
sh600584,长电科技,2025-10-23 13:35:07,39.16,13800,39.15,E
sh600584,长电科技,2025-10-23 13:35:37,39.16,8000,39.15,D
sh600584,长电科技,2025-10-23 13:35:40,39.16,6900,39.16,D
sh600584,长电科技,2025-10-23 13:36:07,39.16,6700,39.16,U
sh600584,长电科技,2025-10-23 13:36:16,39.16,5500,39.16,U
sh600584,长电科技,2025-10-23 13:36:43,39.15,7300,39.15,D
sh600584,长电科技,2025-10-23 13:36:46,39.14,34800,39.15,D
sh600584,长电科技,2025-10-23 13:36:49,39.14,5500,39.14,D
sh600584,长电科技,2025-10-23 13:37:01,39.13,9400,39.13,D
sh600584,长电科技,2025-10-23 13:37:07,39.12,6000,39.13,D
sh600584,长电科技,2025-10-23 13:37:10,39.12,7800,39.12,D
sh600584,长电科技,2025-10-23 13:37:19,39.12,22100,39.12,U
sh600584,长电科技,2025-10-23 13:37:22,39.11,5900,39.12,D
sh600584,长电科技,2025-10-23 13:37:34,39.1,39700,39.11,D
sh600584,长电科技,2025-10-23 13:37:37,39.1,5600,39.1,D
sh600584,长电科技,2025-10-23 13:37:40,39.1,10100,39.1,D
sh600584,长电科技,2025-10-23 13:37:43,39.1,5700,39.1,D
sh600584,长电科技,2025-10-23 13:37:49,39.1,5400,39.09,D
sh600584,长电科技,2025-10-23 13:37:58,39.09,29500,39.09,D
sh600584,长电科技,2025-10-23 13:38:04,39.09,5400,39.09,D
sh600584,长电科技,2025-10-23 13:38:13,39.1,24700,39.09,D
sh600584,长电科技,2025-10-23 13:38:34,39.11,8400,39.1,U
sh600584,长电科技,2025-10-23 13:38:43,39.09,29300,39.11,D
sh600584,长电科技,2025-10-23 13:39:19,39.1,8500,39.1,D
sh600584,长电科技,2025-10-23 13:39:37,39.1,8200,39.1,U
sh600584,长电科技,2025-10-23 13:40:01,39.11,9400,39.1,U
sh600584,长电科技,2025-10-23 13:40:10,39.11,5900,39.11,D
sh600584,长电科技,2025-10-23 13:40:22,39.11,7300,39.11,U
sh600584,长电科技,2025-10-23 13:40:40,39.12,19900,39.11,U
sh600584,长电科技,2025-10-23 13:41:01,39.12,8800,39.12,D
sh600584,长电科技,2025-10-23 13:41:28,39.13,7100,39.12,U
sh600584,长电科技,2025-10-23 13:41:37,39.12,6000,39.12,D
sh600584,长电科技,2025-10-23 13:41:43,39.12,10100,39.12,D
sh600584,长电科技,2025-10-23 13:42:01,39.12,5200,39.12,D
sh600584,长电科技,2025-10-23 13:42:46,39.11,6100,39.12,D
sh600584,长电科技,2025-10-23 13:43:01,39.11,6700,39.11,D
sh600584,长电科技,2025-10-23 13:43:07,39.11,11800,39.11,D
sh600584,长电科技,2025-10-23 13:43:40,39.1,7100,39.11,D
sh600584,长电科技,2025-10-23 13:44:28,39.1,11900,39.1,D
sh600584,长电科技,2025-10-23 13:44:31,39.1,12500,39.1,D
sh600584,长电科技,2025-10-23 13:44:49,39.09,12600,39.1,D
sh600584,长电科技,2025-10-23 13:44:55,39.09,5600,39.1,D
sh600584,长电科技,2025-10-23 13:45:07,39.11,7600,39.1,U
sh600584,长电科技,2025-10-23 13:45:10,39.1,8800,39.11,D
sh600584,长电科技,2025-10-23 13:45:16,39.1,11400,39.11,D
sh600584,长电科技,2025-10-23 13:45:19,39.13,5300,39.1,U
sh600584,长电科技,2025-10-23 13:45:37,39.11,6700,39.11,U
sh600584,长电科技,2025-10-23 13:45:49,39.1,8100,39.1,D
sh600584,长电科技,2025-10-23 13:46:10,39.1,29800,39.1,D
sh600584,长电科技,2025-10-23 13:46:40,39.09,15300,39.1,D
sh600584,长电科技,2025-10-23 13:46:52,39.09,5200,39.08,U
sh600584,长电科技,2025-10-23 13:47:22,39.09,6300,39.09,U
sh600584,长电科技,2025-10-23 13:47:28,39.08,18700,39.08,D
sh600584,长电科技,2025-10-23 13:47:31,39.09,7500,39.08,U
sh600584,长电科技,2025-10-23 13:47:52,39.09,6900,39.08,U
sh600584,长电科技,2025-10-23 13:47:58,39.09,17800,39.09,D
sh600584,长电科技,2025-10-23 13:48:28,39.11,11100,39.09,U
sh600584,长电科技,2025-10-23 13:48:31,39.11,9300,39.11,E
sh600584,长电科技,2025-10-23 13:48:40,39.12,5300,39.11,E
sh600584,长电科技,2025-10-23 13:49:28,39.13,5700,39.12,U
sh600584,长电科技,2025-10-23 13:49:43,39.14,6400,39.13,U
sh600584,长电科技,2025-10-23 13:50:16,39.15,9500,39.14,U
sh600584,长电科技,2025-10-23 13:50:25,39.16,9600,39.15,U
sh600584,长电科技,2025-10-23 13:50:34,39.13,8600,39.15,D
sh600584,长电科技,2025-10-23 13:50:37,39.13,6100,39.13,D
sh600584,长电科技,2025-10-23 13:51:28,39.14,8700,39.14,U
sh600584,长电科技,2025-10-23 13:51:55,39.12,20000,39.14,D
sh600584,长电科技,2025-10-23 13:52:07,39.14,5300,39.13,U
sh600584,长电科技,2025-10-23 13:52:31,39.14,5200,39.15,D
sh600584,长电科技,2025-10-23 13:52:40,39.15,10400,39.14,U
sh600584,长电科技,2025-10-23 13:52:49,39.14,7500,39.13,U
sh600584,长电科技,2025-10-23 13:54:07,39.16,34300,39.14,U
sh600584,长电科技,2025-10-23 13:54:19,39.15,11900,39.16,D
sh600584,长电科技,2025-10-23 13:54:28,39.16,5300,39.15,U
sh600584,长电科技,2025-10-23 13:54:52,39.2,23400,39.17,U
sh600584,长电科技,2025-10-23 13:55:25,39.18,5700,39.18,D
sh600584,长电科技,2025-10-23 13:55:43,39.17,8000,39.18,D
sh600584,长电科技,2025-10-23 13:56:19,39.16,5500,39.16,D
sh600584,长电科技,2025-10-23 13:57:07,39.16,8800,39.16,D
sh600584,长电科技,2025-10-23 13:57:13,39.16,7900,39.17,D
sh600584,长电科技,2025-10-23 13:57:34,39.17,140300,39.15,U
sh600584,长电科技,2025-10-23 13:57:43,39.18,6000,39.18,U
sh600584,长电科技,2025-10-23 13:57:46,39.17,8900,39.18,U
sh600584,长电科技,2025-10-23 13:58:01,39.2,58400,39.18,U
sh600584,长电科技,2025-10-23 13:58:04,39.22,6700,39.2,U
sh600584,长电科技,2025-10-23 13:58:07,39.22,6100,39.22,U
sh600584,长电科技,2025-10-23 13:58:25,39.25,6700,39.23,U
sh600584,长电科技,2025-10-23 13:58:31,39.24,31600,39.23,U
sh600584,长电科技,2025-10-23 13:58:40,39.26,11100,39.26,D
sh600584,长电科技,2025-10-23 13:58:58,39.29,10000,39.3,D
sh600584,长电科技,2025-10-23 13:59:10,39.3,9300,39.3,U
sh600584,长电科技,2025-10-23 13:59:13,39.28,5300,39.3,D
sh600584,长电科技,2025-10-23 13:59:25,39.27,5500,39.26,E
sh600584,长电科技,2025-10-23 13:59:28,39.26,5300,39.27,D
sh600584,长电科技,2025-10-23 13:59:43,39.26,10400,39.26,D
sh600584,长电科技,2025-10-23 13:59:49,39.26,5700,39.26,D
sh600584,长电科技,2025-10-23 14:00:07,39.26,5800,39.27,D
sh600584,长电科技,2025-10-23 14:00:28,39.25,10500,39.25,D
sh600584,长电科技,2025-10-23 14:00:55,39.23,7300,39.24,D
sh600584,长电科技,2025-10-23 14:01:31,39.26,6700,39.25,U
sh600584,长电科技,2025-10-23 14:02:07,39.22,18900,39.24,D
sh600584,长电科技,2025-10-23 14:02:34,39.24,7000,39.22,U
sh600584,长电科技,2025-10-23 14:02:37,39.26,17200,39.24,U
sh600584,长电科技,2025-10-23 14:02:40,39.25,14400,39.26,D
sh600584,长电科技,2025-10-23 14:03:07,39.24,5500,39.25,D
sh600584,长电科技,2025-10-23 14:03:28,39.26,7900,39.27,D
sh600584,长电科技,2025-10-23 14:03:43,39.27,40500,39.28,D
sh600584,长电科技,2025-10-23 14:03:46,39.31,22400,39.27,U
sh600584,长电科技,2025-10-23 14:03:49,39.31,25100,39.31,U
sh600584,长电科技,2025-10-23 14:04:10,39.34,12700,39.31,U
sh600584,长电科技,2025-10-23 14:04:22,39.33,13500,39.34,D
sh600584,长电科技,2025-10-23 14:04:37,39.33,5900,39.34,D
sh600584,长电科技,2025-10-23 14:04:40,39.33,6400,39.33,U
sh600584,长电科技,2025-10-23 14:04:43,39.33,11200,39.33,U
sh600584,长电科技,2025-10-23 14:04:52,39.33,10000,39.33,D
sh600584,长电科技,2025-10-23 14:04:55,39.34,5800,39.33,U
sh600584,长电科技,2025-10-23 14:05:01,39.33,9800,39.33,U
sh600584,长电科技,2025-10-23 14:05:07,39.33,5900,39.33,D
sh600584,长电科技,2025-10-23 14:05:22,39.33,7800,39.33,D
sh600584,长电科技,2025-10-23 14:05:25,39.33,5300,39.33,U
sh600584,长电科技,2025-10-23 14:05:31,39.32,6300,39.32,D
sh600584,长电科技,2025-10-23 14:05:55,39.3,13300,39.3,D
sh600584,长电科技,2025-10-23 14:06:04,39.29,13200,39.29,D
sh600584,长电科技,2025-10-23 14:06:10,39.3,32600,39.29,U
sh600584,长电科技,2025-10-23 14:06:13,39.31,18500,39.3,E
sh600584,长电科技,2025-10-23 14:06:19,39.31,8000,39.31,D
sh600584,长电科技,2025-10-23 14:06:22,39.31,6600,39.31,U
sh600584,长电科技,2025-10-23 14:06:28,39.34,32600,39.32,U
sh600584,长电科技,2025-10-23 14:06:40,39.34,14900,39.34,U
sh600584,长电科技,2025-10-23 14:06:43,39.34,33100,39.34,U
sh600584,长电科技,2025-10-23 14:06:49,39.33,57900,39.34,D
sh600584,长电科技,2025-10-23 14:07:07,39.39,116700,39.35,U
sh600584,长电科技,2025-10-23 14:07:10,39.4,20600,39.39,U
sh600584,长电科技,2025-10-23 14:07:19,39.39,6400,39.39,U
sh600584,长电科技,2025-10-23 14:07:31,39.4,10200,39.39,U
sh600584,长电科技,2025-10-23 14:07:40,39.4,6300,39.39,U
sh600584,长电科技,2025-10-23 14:07:43,39.4,5500,39.4,U
sh600584,长电科技,2025-10-23 14:07:49,39.39,9600,39.39,U
sh600584,长电科技,2025-10-23 14:07:52,39.39,5700,39.39,U
sh600584,长电科技,2025-10-23 14:07:55,39.38,10600,39.39,D
sh600584,长电科技,2025-10-23 14:08:07,39.39,11300,39.39,U
sh600584,长电科技,2025-10-23 14:08:10,39.38,45700,39.39,D
sh600584,长电科技,2025-10-23 14:08:13,39.43,52900,39.38,U
sh600584,长电科技,2025-10-23 14:08:19,39.42,8100,39.43,D
sh600584,长电科技,2025-10-23 14:08:28,39.43,15700,39.43,U
sh600584,长电科技,2025-10-23 14:08:31,39.43,8300,39.43,U
sh600584,长电科技,2025-10-23 14:08:37,39.43,8600,39.43,D
sh600584,长电科技,2025-10-23 14:08:40,39.44,12100,39.43,U
sh600584,长电科技,2025-10-23 14:08:49,39.45,7600,39.45,U
sh600584,长电科技,2025-10-23 14:08:52,39.45,16700,39.45,U
sh600584,长电科技,2025-10-23 14:09:01,39.46,10900,39.45,U
sh600584,长电科技,2025-10-23 14:09:04,39.45,10100,39.46,D
sh600584,长电科技,2025-10-23 14:09:07,39.45,5100,39.45,D
sh600584,长电科技,2025-10-23 14:09:10,39.46,11800,39.45,U
sh600584,长电科技,2025-10-23 14:09:13,39.45,9900,39.46,D
sh600584,长电科技,2025-10-23 14:09:16,39.45,13000,39.45,D
sh600584,长电科技,2025-10-23 14:09:19,39.44,5800,39.45,D
sh600584,长电科技,2025-10-23 14:09:22,39.43,10200,39.44,D
sh600584,长电科技,2025-10-23 14:09:28,39.42,9000,39.42,D
sh600584,长电科技,2025-10-23 14:09:34,39.41,6200,39.42,U
sh600584,长电科技,2025-10-23 14:09:37,39.4,5400,39.41,D
sh600584,长电科技,2025-10-23 14:09:40,39.4,5100,39.4,D
sh600584,长电科技,2025-10-23 14:09:43,39.42,18800,39.4,U
sh600584,长电科技,2025-10-23 14:09:49,39.44,9700,39.4,U
sh600584,长电科技,2025-10-23 14:09:55,39.42,8400,39.44,D
sh600584,长电科技,2025-10-23 14:09:58,39.44,6600,39.42,U
sh600584,长电科技,2025-10-23 14:10:01,39.44,14500,39.44,U
sh600584,长电科技,2025-10-23 14:10:04,39.46,58300,39.44,U
sh600584,长电科技,2025-10-23 14:10:07,39.46,5300,39.46,D
sh600584,长电科技,2025-10-23 14:10:10,39.48,13800,39.46,U
sh600584,长电科技,2025-10-23 14:10:19,39.47,11200,39.48,D
sh600584,长电科技,2025-10-23 14:10:34,39.49,44800,39.49,U
sh600584,长电科技,2025-10-23 14:10:40,39.49,7900,39.49,U
sh600584,长电科技,2025-10-23 14:10:46,39.48,15000,39.49,D
sh600584,长电科技,2025-10-23 14:10:52,39.48,11100,39.49,D
sh600584,长电科技,2025-10-23 14:10:55,39.49,33900,39.48,U
sh600584,长电科技,2025-10-23 14:10:58,39.49,10800,39.49,D
sh600584,长电科技,2025-10-23 14:11:01,39.5,92900,39.49,U
sh600584,长电科技,2025-10-23 14:11:04,39.48,19600,39.5,D
sh600584,长电科技,2025-10-23 14:11:07,39.48,15400,39.48,U
sh600584,长电科技,2025-10-23 14:11:10,39.48,5200,39.48,U
sh600584,长电科技,2025-10-23 14:11:13,39.46,22600,39.48,D
sh600584,长电科技,2025-10-23 14:11:16,39.45,12900,39.46,D
sh600584,长电科技,2025-10-23 14:11:28,39.41,5200,39.43,D
sh600584,长电科技,2025-10-23 14:11:40,39.4,9100,39.41,D
sh600584,长电科技,2025-10-23 14:11:43,39.39,7800,39.4,D
sh600584,长电科技,2025-10-23 14:11:55,39.38,78000,39.39,D
sh600584,长电科技,2025-10-23 14:11:58,39.39,8000,39.38,U
sh600584,长电科技,2025-10-23 14:12:01,39.39,11700,39.39,D
sh600584,长电科技,2025-10-23 14:12:10,39.39,7200,39.38,U
sh600584,长电科技,2025-10-23 14:12:13,39.38,5600,39.39,D
sh600584,长电科技,2025-10-23 14:12:37,39.37,5700,39.37,D
sh600584,长电科技,2025-10-23 14:12:43,39.37,5600,39.37,U
sh600584,长电科技,2025-10-23 14:12:55,39.36,7000,39.36,D
sh600584,长电科技,2025-10-23 14:13:01,39.35,7000,39.36,D
sh600584,长电科技,2025-10-23 14:13:04,39.36,7300,39.35,U
sh600584,长电科技,2025-10-23 14:13:19,39.35,14400,39.35,D
sh600584,长电科技,2025-10-23 14:13:22,39.35,8200,39.35,D
sh600584,长电科技,2025-10-23 14:13:25,39.35,7900,39.35,D
sh600584,长电科技,2025-10-23 14:13:55,39.37,58200,39.35,U
sh600584,长电科技,2025-10-23 14:13:58,39.39,6800,39.37,U
sh600584,长电科技,2025-10-23 14:14:04,39.4,12400,39.37,U
sh600584,长电科技,2025-10-23 14:14:07,39.42,38400,39.4,U
sh600584,长电科技,2025-10-23 14:14:25,39.42,5300,39.43,D
sh600584,长电科技,2025-10-23 14:14:37,39.43,29800,39.42,U
sh600584,长电科技,2025-10-23 14:15:04,39.43,6100,39.43,D
sh600584,长电科技,2025-10-23 14:15:13,39.41,15300,39.43,D
sh600584,长电科技,2025-10-23 14:15:16,39.42,5800,39.41,U
sh600584,长电科技,2025-10-23 14:15:25,39.39,7700,39.4,D
sh600584,长电科技,2025-10-23 14:16:01,39.34,12600,39.36,D
sh600584,长电科技,2025-10-23 14:16:04,39.33,8200,39.34,D
sh600584,长电科技,2025-10-23 14:16:19,39.35,7900,39.33,U
sh600584,长电科技,2025-10-23 14:16:28,39.34,6300,39.34,D
sh600584,长电科技,2025-10-23 14:16:37,39.34,12900,39.34,U
sh600584,长电科技,2025-10-23 14:16:49,39.34,16900,39.33,U
sh600584,长电科技,2025-10-23 14:16:52,39.33,5200,39.34,D
sh600584,长电科技,2025-10-23 14:17:19,39.33,5400,39.32,U
sh600584,长电科技,2025-10-23 14:17:22,39.33,8100,39.33,U
sh600584,长电科技,2025-10-23 14:17:25,39.34,22000,39.33,U
sh600584,长电科技,2025-10-23 14:17:31,39.35,24600,39.34,U
sh600584,长电科技,2025-10-23 14:17:55,39.4,17800,39.37,U
sh600584,长电科技,2025-10-23 14:18:16,39.42,9700,39.41,U
sh600584,长电科技,2025-10-23 14:18:40,39.38,12300,39.41,D
sh600584,长电科技,2025-10-23 14:18:43,39.38,19100,39.38,U
sh600584,长电科技,2025-10-23 14:18:46,39.39,50900,39.38,U
sh600584,长电科技,2025-10-23 14:18:55,39.41,6200,39.4,U
sh600584,长电科技,2025-10-23 14:19:01,39.42,10700,39.41,U
sh600584,长电科技,2025-10-23 14:19:16,39.44,42200,39.42,U
sh600584,长电科技,2025-10-23 14:19:22,39.45,7600,39.44,U
sh600584,长电科技,2025-10-23 14:19:25,39.45,9600,39.45,U
sh600584,长电科技,2025-10-23 14:19:28,39.46,13800,39.45,U
sh600584,长电科技,2025-10-23 14:19:40,39.47,33200,39.47,U
sh600584,长电科技,2025-10-23 14:19:49,39.46,7800,39.46,D
sh600584,长电科技,2025-10-23 14:19:52,39.46,7100,39.46,D
sh600584,长电科技,2025-10-23 14:19:55,39.46,6400,39.46,D
sh600584,长电科技,2025-10-23 14:20:01,39.43,20300,39.46,D
sh600584,长电科技,2025-10-23 14:20:04,39.46,8400,39.43,U
sh600584,长电科技,2025-10-23 14:20:16,39.46,6000,39.46,U
sh600584,长电科技,2025-10-23 14:20:19,39.46,9500,39.46,D
sh600584,长电科技,2025-10-23 14:20:31,39.48,27200,39.47,U
sh600584,长电科技,2025-10-23 14:20:40,39.48,5100,39.48,U
sh600584,长电科技,2025-10-23 14:20:55,39.46,6200,39.47,D
sh600584,长电科技,2025-10-23 14:20:58,39.47,9800,39.46,D
sh600584,长电科技,2025-10-23 14:21:10,39.47,6400,39.47,U
sh600584,长电科技,2025-10-23 14:21:22,39.48,7000,39.48,U
sh600584,长电科技,2025-10-23 14:21:25,39.48,6300,39.48,U
sh600584,长电科技,2025-10-23 14:21:28,39.48,5900,39.48,U
sh600584,长电科技,2025-10-23 14:21:34,39.48,40400,39.48,D
sh600584,长电科技,2025-10-23 14:21:49,39.49,8900,39.49,U
sh600584,长电科技,2025-10-23 14:21:52,39.48,10400,39.49,D
sh600584,长电科技,2025-10-23 14:21:55,39.48,7300,39.48,D
sh600584,长电科技,2025-10-23 14:22:01,39.47,12700,39.48,D
sh600584,长电科技,2025-10-23 14:22:04,39.47,14300,39.47,U
sh600584,长电科技,2025-10-23 14:22:19,39.45,6200,39.45,D
sh600584,长电科技,2025-10-23 14:22:25,39.45,9000,39.44,U
sh600584,长电科技,2025-10-23 14:22:28,39.45,6100,39.45,D
sh600584,长电科技,2025-10-23 14:22:31,39.46,12800,39.45,U
sh600584,长电科技,2025-10-23 14:22:37,39.46,5600,39.46,D
sh600584,长电科技,2025-10-23 14:23:01,39.43,33600,39.44,D
sh600584,长电科技,2025-10-23 14:23:25,39.4,9900,39.4,D
sh600584,长电科技,2025-10-23 14:23:31,39.39,7200,39.39,D
sh600584,长电科技,2025-10-23 14:23:40,39.4,8200,39.4,D
sh600584,长电科技,2025-10-23 14:23:46,39.4,10200,39.41,D
sh600584,长电科技,2025-10-23 14:24:43,39.43,8200,39.43,D
sh600584,长电科技,2025-10-23 14:24:52,39.44,5700,39.43,U
sh600584,长电科技,2025-10-23 14:25:13,39.44,7100,39.44,U
sh600584,长电科技,2025-10-23 14:25:28,39.45,5100,39.44,U
sh600584,长电科技,2025-10-23 14:25:37,39.44,9600,39.44,D
sh600584,长电科技,2025-10-23 14:25:55,39.45,17900,39.44,U
sh600584,长电科技,2025-10-23 14:26:22,39.46,8300,39.46,U
sh600584,长电科技,2025-10-23 14:26:25,39.46,6800,39.46,U
sh600584,长电科技,2025-10-23 14:26:28,39.45,63400,39.46,D
sh600584,长电科技,2025-10-23 14:26:31,39.48,5300,39.45,U
sh600584,长电科技,2025-10-23 14:26:34,39.53,206000,39.48,U
sh600584,长电科技,2025-10-23 14:26:37,39.55,57300,39.53,U
sh600584,长电科技,2025-10-23 14:26:40,39.55,13500,39.55,U
sh600584,长电科技,2025-10-23 14:26:43,39.56,6000,39.55,U
sh600584,长电科技,2025-10-23 14:26:49,39.56,8100,39.56,U
sh600584,长电科技,2025-10-23 14:26:55,39.57,19300,39.56,U
sh600584,长电科技,2025-10-23 14:26:58,39.57,6200,39.57,U
sh600584,长电科技,2025-10-23 14:27:01,39.57,5500,39.57,U
sh600584,长电科技,2025-10-23 14:27:07,39.57,107300,39.57,D
sh600584,长电科技,2025-10-23 14:27:13,39.6,6000,39.58,U
sh600584,长电科技,2025-10-23 14:27:16,39.55,80200,39.6,D
sh600584,长电科技,2025-10-23 14:27:28,39.59,7100,39.59,U
sh600584,长电科技,2025-10-23 14:27:31,39.58,15700,39.59,D
sh600584,长电科技,2025-10-23 14:27:34,39.59,5900,39.58,E
sh600584,长电科技,2025-10-23 14:27:37,39.6,6800,39.59,U
sh600584,长电科技,2025-10-23 14:27:43,39.59,5800,39.6,D
sh600584,长电科技,2025-10-23 14:27:49,39.6,13000,39.6,U
sh600584,长电科技,2025-10-23 14:27:52,39.6,5600,39.6,D
sh600584,长电科技,2025-10-23 14:28:01,39.61,9500,39.61,U
sh600584,长电科技,2025-10-23 14:28:04,39.6,17900,39.61,D
sh600584,长电科技,2025-10-23 14:28:10,39.61,5500,39.61,U
sh600584,长电科技,2025-10-23 14:28:16,39.6,16300,39.6,D
sh600584,长电科技,2025-10-23 14:28:19,39.61,20300,39.6,U
sh600584,长电科技,2025-10-23 14:28:22,39.6,12000,39.61,E
sh600584,长电科技,2025-10-23 14:28:25,39.6,6800,39.6,D
sh600584,长电科技,2025-10-23 14:28:31,39.6,14900,39.6,U
sh600584,长电科技,2025-10-23 14:28:34,39.6,7200,39.6,U
sh600584,长电科技,2025-10-23 14:28:37,39.59,7000,39.6,D
sh600584,长电科技,2025-10-23 14:28:40,39.6,9600,39.59,U
sh600584,长电科技,2025-10-23 14:28:43,39.59,11100,39.6,D
sh600584,长电科技,2025-10-23 14:28:46,39.59,10000,39.59,D
sh600584,长电科技,2025-10-23 14:28:49,39.59,18000,39.59,D
sh600584,长电科技,2025-10-23 14:28:52,39.59,19500,39.59,D
sh600584,长电科技,2025-10-23 14:28:55,39.59,9800,39.59,D
sh600584,长电科技,2025-10-23 14:28:58,39.59,13500,39.59,U
sh600584,长电科技,2025-10-23 14:29:01,39.57,32600,39.59,D
sh600584,长电科技,2025-10-23 14:29:16,39.55,33500,39.57,D
sh600584,长电科技,2025-10-23 14:29:25,39.54,6100,39.55,D
sh600584,长电科技,2025-10-23 14:29:37,39.53,7900,39.54,D
sh600584,长电科技,2025-10-23 14:29:46,39.52,5900,39.52,U
sh600584,长电科技,2025-10-23 14:29:52,39.5,11800,39.51,D
sh600584,长电科技,2025-10-23 14:30:10,39.51,10100,39.51,U
sh600584,长电科技,2025-10-23 14:30:13,39.52,6100,39.51,U
sh600584,长电科技,2025-10-23 14:30:16,39.52,7800,39.52,U
sh600584,长电科技,2025-10-23 14:30:19,39.52,6400,39.52,U
sh600584,长电科技,2025-10-23 14:30:22,39.53,5100,39.52,U
sh600584,长电科技,2025-10-23 14:30:28,39.53,6800,39.52,U
sh600584,长电科技,2025-10-23 14:30:37,39.53,10100,39.53,U
sh600584,长电科技,2025-10-23 14:30:40,39.53,5500,39.53,U
sh600584,长电科技,2025-10-23 14:30:43,39.52,6200,39.53,D
sh600584,长电科技,2025-10-23 14:30:49,39.53,18600,39.53,D
sh600584,长电科技,2025-10-23 14:30:55,39.53,23800,39.53,U
sh600584,长电科技,2025-10-23 14:31:01,39.54,6500,39.54,U
sh600584,长电科技,2025-10-23 14:31:04,39.54,5800,39.54,U
sh600584,长电科技,2025-10-23 14:31:13,39.51,76400,39.54,D
sh600584,长电科技,2025-10-23 14:31:16,39.53,11900,39.51,U
sh600584,长电科技,2025-10-23 14:31:19,39.5,5200,39.53,D
sh600584,长电科技,2025-10-23 14:31:22,39.49,20700,39.5,D
sh600584,长电科技,2025-10-23 14:31:25,39.52,23300,39.49,U
sh600584,长电科技,2025-10-23 14:31:31,39.48,7300,39.5,D
sh600584,长电科技,2025-10-23 14:31:34,39.47,9000,39.48,D
sh600584,长电科技,2025-10-23 14:31:49,39.48,10200,39.49,D
sh600584,长电科技,2025-10-23 14:31:52,39.48,8100,39.48,U
sh600584,长电科技,2025-10-23 14:32:07,39.46,8000,39.47,D
sh600584,长电科技,2025-10-23 14:32:13,39.46,9300,39.46,D
sh600584,长电科技,2025-10-23 14:32:16,39.48,5100,39.46,U
sh600584,长电科技,2025-10-23 14:32:37,39.47,12700,39.47,U
sh600584,长电科技,2025-10-23 14:32:46,39.46,13800,39.46,D
sh600584,长电科技,2025-10-23 14:32:52,39.47,5700,39.46,U
sh600584,长电科技,2025-10-23 14:32:55,39.46,5600,39.47,D
sh600584,长电科技,2025-10-23 14:32:58,39.46,5700,39.46,D
sh600584,长电科技,2025-10-23 14:33:01,39.47,11500,39.46,U
sh600584,长电科技,2025-10-23 14:33:07,39.5,17600,39.48,U
sh600584,长电科技,2025-10-23 14:33:10,39.51,19600,39.5,U
sh600584,长电科技,2025-10-23 14:33:34,39.52,28300,39.52,U
sh600584,长电科技,2025-10-23 14:34:04,39.53,5100,39.54,D
sh600584,长电科技,2025-10-23 14:34:10,39.54,8100,39.53,U
sh600584,长电科技,2025-10-23 14:34:16,39.53,9900,39.53,U
sh600584,长电科技,2025-10-23 14:34:19,39.54,6000,39.53,U
sh600584,长电科技,2025-10-23 14:34:22,39.54,17700,39.54,U
sh600584,长电科技,2025-10-23 14:34:28,39.55,5400,39.54,U
sh600584,长电科技,2025-10-23 14:34:37,39.56,30100,39.55,U
sh600584,长电科技,2025-10-23 14:34:58,39.58,5300,39.58,D
sh600584,长电科技,2025-10-23 14:35:04,39.58,10500,39.58,D
sh600584,长电科技,2025-10-23 14:35:07,39.59,6000,39.58,U
sh600584,长电科技,2025-10-23 14:35:31,39.6,6200,39.59,U
sh600584,长电科技,2025-10-23 14:35:34,39.6,32000,39.6,U
sh600584,长电科技,2025-10-23 14:35:37,39.61,12700,39.6,U
sh600584,长电科技,2025-10-23 14:35:40,39.62,28000,39.61,U
sh600584,长电科技,2025-10-23 14:35:43,39.62,8600,39.62,U
sh600584,长电科技,2025-10-23 14:35:49,39.63,53400,39.62,U
sh600584,长电科技,2025-10-23 14:35:55,39.63,11300,39.63,U
sh600584,长电科技,2025-10-23 14:36:01,39.64,7800,39.63,U
sh600584,长电科技,2025-10-23 14:36:04,39.64,6900,39.64,U
sh600584,长电科技,2025-10-23 14:36:07,39.63,15100,39.64,D
sh600584,长电科技,2025-10-23 14:36:10,39.64,7700,39.63,U
sh600584,长电科技,2025-10-23 14:36:13,39.64,19000,39.64,D
sh600584,长电科技,2025-10-23 14:36:16,39.64,22800,39.64,D
sh600584,长电科技,2025-10-23 14:36:19,39.66,125400,39.64,U
sh600584,长电科技,2025-10-23 14:36:22,39.64,7300,39.66,D
sh600584,长电科技,2025-10-23 14:36:31,39.65,5300,39.65,D
sh600584,长电科技,2025-10-23 14:36:34,39.67,14400,39.65,U
sh600584,长电科技,2025-10-23 14:36:46,39.68,20500,39.67,U
sh600584,长电科技,2025-10-23 14:36:55,39.68,9000,39.67,U
sh600584,长电科技,2025-10-23 14:36:58,39.67,6000,39.68,D
sh600584,长电科技,2025-10-23 14:37:01,39.67,20500,39.67,D
sh600584,长电科技,2025-10-23 14:37:04,39.68,5800,39.67,U
sh600584,长电科技,2025-10-23 14:37:07,39.69,7300,39.68,U
sh600584,长电科技,2025-10-23 14:37:13,39.69,6200,39.69,U
sh600584,长电科技,2025-10-23 14:37:16,39.68,14100,39.69,D
sh600584,长电科技,2025-10-23 14:37:19,39.68,27500,39.68,D
sh600584,长电科技,2025-10-23 14:37:25,39.68,9600,39.69,D
sh600584,长电科技,2025-10-23 14:37:28,39.69,9100,39.68,U
sh600584,长电科技,2025-10-23 14:37:31,39.69,6100,39.69,U
sh600584,长电科技,2025-10-23 14:37:34,39.69,6400,39.69,U
sh600584,长电科技,2025-10-23 14:37:40,39.69,6200,39.69,D
sh600584,长电科技,2025-10-23 14:37:46,39.69,7300,39.69,D
sh600584,长电科技,2025-10-23 14:37:52,39.7,7600,39.7,U
sh600584,长电科技,2025-10-23 14:37:55,39.7,34600,39.7,U
sh600584,长电科技,2025-10-23 14:37:58,39.7,9800,39.7,U
sh600584,长电科技,2025-10-23 14:38:01,39.7,5800,39.7,U
sh600584,长电科技,2025-10-23 14:38:07,39.7,12300,39.71,D
sh600584,长电科技,2025-10-23 14:38:10,39.7,6200,39.7,U
sh600584,长电科技,2025-10-23 14:38:13,39.7,11400,39.7,U
sh600584,长电科技,2025-10-23 14:38:16,39.71,10800,39.7,U
sh600584,长电科技,2025-10-23 14:38:28,39.71,27900,39.7,U
sh600584,长电科技,2025-10-23 14:38:34,39.71,10000,39.71,U
sh600584,长电科技,2025-10-23 14:38:40,39.71,29700,39.7,U
sh600584,长电科技,2025-10-23 14:38:46,39.71,11900,39.7,U
sh600584,长电科技,2025-10-23 14:38:49,39.71,20700,39.71,D
sh600584,长电科技,2025-10-23 14:38:58,39.72,8000,39.72,U
sh600584,长电科技,2025-10-23 14:39:01,39.72,9600,39.72,D
sh600584,长电科技,2025-10-23 14:39:04,39.72,7900,39.72,D
sh600584,长电科技,2025-10-23 14:39:07,39.75,109600,39.72,U
sh600584,长电科技,2025-10-23 14:39:10,39.73,7500,39.75,D
sh600584,长电科技,2025-10-23 14:39:16,39.74,5400,39.73,E
sh600584,长电科技,2025-10-23 14:39:19,39.75,11700,39.74,U
sh600584,长电科技,2025-10-23 14:39:22,39.73,11100,39.75,D
sh600584,长电科技,2025-10-23 14:39:25,39.75,19800,39.73,U
sh600584,长电科技,2025-10-23 14:39:28,39.72,37600,39.75,D
sh600584,长电科技,2025-10-23 14:39:31,39.75,16400,39.72,U
sh600584,长电科技,2025-10-23 14:39:34,39.74,16100,39.75,E
sh600584,长电科技,2025-10-23 14:39:37,39.74,14600,39.74,U
sh600584,长电科技,2025-10-23 14:39:40,39.72,21600,39.74,E
sh600584,长电科技,2025-10-23 14:39:43,39.72,15600,39.72,D
sh600584,长电科技,2025-10-23 14:39:46,39.71,29700,39.72,D
sh600584,长电科技,2025-10-23 14:39:49,39.7,11500,39.71,D
sh600584,长电科技,2025-10-23 14:39:52,39.7,31200,39.7,D
sh600584,长电科技,2025-10-23 14:39:55,39.69,5400,39.7,D
sh600584,长电科技,2025-10-23 14:39:58,39.69,5200,39.69,D
sh600584,长电科技,2025-10-23 14:40:07,39.68,5700,39.69,D
sh600584,长电科技,2025-10-23 14:40:10,39.68,16400,39.68,D
sh600584,长电科技,2025-10-23 14:40:13,39.67,6600,39.68,D
sh600584,长电科技,2025-10-23 14:40:16,39.69,45300,39.67,U
sh600584,长电科技,2025-10-23 14:40:19,39.69,16200,39.69,D
sh600584,长电科技,2025-10-23 14:40:22,39.69,50600,39.69,U
sh600584,长电科技,2025-10-23 14:40:25,39.7,14600,39.69,D
sh600584,长电科技,2025-10-23 14:40:28,39.7,12200,39.7,D
sh600584,长电科技,2025-10-23 14:40:34,39.69,17300,39.7,D
sh600584,长电科技,2025-10-23 14:40:37,39.7,6100,39.69,U
sh600584,长电科技,2025-10-23 14:40:46,39.7,6200,39.69,U
sh600584,长电科技,2025-10-23 14:40:49,39.7,16500,39.7,U
sh600584,长电科技,2025-10-23 14:40:52,39.7,38100,39.7,D
sh600584,长电科技,2025-10-23 14:40:55,39.71,5900,39.7,U
sh600584,长电科技,2025-10-23 14:40:58,39.7,5100,39.71,D
sh600584,长电科技,2025-10-23 14:41:04,39.73,9700,39.72,U
sh600584,长电科技,2025-10-23 14:41:13,39.73,8400,39.72,U
sh600584,长电科技,2025-10-23 14:41:19,39.73,11900,39.73,U
sh600584,长电科技,2025-10-23 14:41:34,39.74,18200,39.73,U
sh600584,长电科技,2025-10-23 14:41:37,39.74,5400,39.74,D
sh600584,长电科技,2025-10-23 14:41:43,39.74,17200,39.75,D
sh600584,长电科技,2025-10-23 14:41:49,39.75,18200,39.75,U
sh600584,长电科技,2025-10-23 14:41:52,39.75,13200,39.75,U
sh600584,长电科技,2025-10-23 14:41:55,39.75,12900,39.75,U
sh600584,长电科技,2025-10-23 14:42:01,39.75,13600,39.75,U
sh600584,长电科技,2025-10-23 14:42:04,39.75,37600,39.75,D
sh600584,长电科技,2025-10-23 14:42:07,39.75,9200,39.75,D
sh600584,长电科技,2025-10-23 14:42:10,39.75,9900,39.75,U
sh600584,长电科技,2025-10-23 14:42:13,39.74,7700,39.75,D
sh600584,长电科技,2025-10-23 14:42:16,39.76,12300,39.74,U
sh600584,长电科技,2025-10-23 14:42:19,39.75,5900,39.76,D
sh600584,长电科技,2025-10-23 14:42:22,39.75,27800,39.75,D
sh600584,长电科技,2025-10-23 14:42:31,39.75,14700,39.75,U
sh600584,长电科技,2025-10-23 14:42:37,39.75,6100,39.74,U
sh600584,长电科技,2025-10-23 14:42:43,39.74,11900,39.74,D
sh600584,长电科技,2025-10-23 14:42:46,39.74,5800,39.74,D
sh600584,长电科技,2025-10-23 14:42:49,39.74,6600,39.74,D
sh600584,长电科技,2025-10-23 14:42:52,39.74,12400,39.74,D
sh600584,长电科技,2025-10-23 14:42:55,39.75,28400,39.74,U
sh600584,长电科技,2025-10-23 14:43:04,39.76,11900,39.75,U
sh600584,长电科技,2025-10-23 14:43:07,39.75,21800,39.76,D
sh600584,长电科技,2025-10-23 14:43:10,39.74,5600,39.75,D
sh600584,长电科技,2025-10-23 14:43:13,39.74,8100,39.74,D
sh600584,长电科技,2025-10-23 14:43:16,39.73,71700,39.74,D
sh600584,长电科技,2025-10-23 14:43:19,39.7,40300,39.73,D
sh600584,长电科技,2025-10-23 14:43:22,39.71,18200,39.7,U
sh600584,长电科技,2025-10-23 14:43:25,39.7,6100,39.71,D
sh600584,长电科技,2025-10-23 14:43:31,39.7,21700,39.7,D
sh600584,长电科技,2025-10-23 14:43:34,39.7,7000,39.7,U
sh600584,长电科技,2025-10-23 14:43:37,39.69,7600,39.7,D
sh600584,长电科技,2025-10-23 14:43:43,39.68,5672,39.68,D
sh600584,长电科技,2025-10-23 14:43:46,39.69,10300,39.68,U
sh600584,长电科技,2025-10-23 14:44:07,39.69,12600,39.69,D
sh600584,长电科技,2025-10-23 14:44:10,39.69,9800,39.69,D
sh600584,长电科技,2025-10-23 14:44:13,39.69,7000,39.69,U
sh600584,长电科技,2025-10-23 14:44:16,39.69,8900,39.69,U
sh600584,长电科技,2025-10-23 14:44:25,39.69,30900,39.69,U
sh600584,长电科技,2025-10-23 14:44:31,39.69,5200,39.69,D
sh600584,长电科技,2025-10-23 14:44:34,39.69,12600,39.69,D
sh600584,长电科技,2025-10-23 14:44:49,39.7,5800,39.69,U
sh600584,长电科技,2025-10-23 14:44:52,39.7,10000,39.7,U
sh600584,长电科技,2025-10-23 14:44:55,39.72,43600,39.7,U
sh600584,长电科技,2025-10-23 14:45:01,39.7,8100,39.7,D
sh600584,长电科技,2025-10-23 14:45:16,39.72,6000,39.73,D
sh600584,长电科技,2025-10-23 14:45:22,39.74,5700,39.72,U
sh600584,长电科技,2025-10-23 14:45:25,39.74,6200,39.74,U
sh600584,长电科技,2025-10-23 14:45:28,39.74,6800,39.74,U
sh600584,长电科技,2025-10-23 14:45:46,39.74,6500,39.75,D
sh600584,长电科技,2025-10-23 14:45:49,39.75,6400,39.74,U
sh600584,长电科技,2025-10-23 14:45:52,39.74,11400,39.75,D
sh600584,长电科技,2025-10-23 14:45:55,39.75,22100,39.74,U
sh600584,长电科技,2025-10-23 14:45:58,39.75,21700,39.75,D
sh600584,长电科技,2025-10-23 14:46:10,39.76,14000,39.76,U
sh600584,长电科技,2025-10-23 14:46:13,39.77,5100,39.76,U
sh600584,长电科技,2025-10-23 14:46:16,39.76,5700,39.77,D
sh600584,长电科技,2025-10-23 14:46:19,39.78,27400,39.76,U
sh600584,长电科技,2025-10-23 14:46:25,39.78,15800,39.77,U
sh600584,长电科技,2025-10-23 14:46:28,39.77,17800,39.78,D
sh600584,长电科技,2025-10-23 14:46:31,39.78,10700,39.77,U
sh600584,长电科技,2025-10-23 14:46:40,39.8,129500,39.79,U
sh600584,长电科技,2025-10-23 14:46:43,39.8,19601,39.8,U
sh600584,长电科技,2025-10-23 14:46:52,39.82,28500,39.81,U
sh600584,长电科技,2025-10-23 14:46:55,39.81,13300,39.82,D
sh600584,长电科技,2025-10-23 14:46:58,39.81,17500,39.81,D
sh600584,长电科技,2025-10-23 14:47:01,39.81,21600,39.81,D
sh600584,长电科技,2025-10-23 14:47:04,39.81,19000,39.81,D
sh600584,长电科技,2025-10-23 14:47:07,39.81,12500,39.81,D
sh600584,长电科技,2025-10-23 14:47:10,39.81,5800,39.81,D
sh600584,长电科技,2025-10-23 14:47:13,39.8,29300,39.81,D
sh600584,长电科技,2025-10-23 14:47:16,39.82,6900,39.8,U
sh600584,长电科技,2025-10-23 14:47:22,39.82,9300,39.81,U
sh600584,长电科技,2025-10-23 14:47:25,39.82,7400,39.82,U
sh600584,长电科技,2025-10-23 14:47:28,39.79,58900,39.82,D
sh600584,长电科技,2025-10-23 14:47:31,39.79,11900,39.79,U
sh600584,长电科技,2025-10-23 14:47:34,39.78,5900,39.79,D
sh600584,长电科技,2025-10-23 14:47:37,39.79,55500,39.78,U
sh600584,长电科技,2025-10-23 14:47:40,39.79,11100,39.79,U
sh600584,长电科技,2025-10-23 14:47:43,39.79,23400,39.79,U
sh600584,长电科技,2025-10-23 14:47:49,39.79,6900,39.79,D
sh600584,长电科技,2025-10-23 14:47:52,39.79,6500,39.79,D
sh600584,长电科技,2025-10-23 14:47:58,39.8,10700,39.79,U
sh600584,长电科技,2025-10-23 14:48:01,39.79,8000,39.8,D
sh600584,长电科技,2025-10-23 14:48:04,39.79,6700,39.79,U
sh600584,长电科技,2025-10-23 14:48:13,39.79,17400,39.79,D
sh600584,长电科技,2025-10-23 14:48:16,39.8,28500,39.79,U
sh600584,长电科技,2025-10-23 14:48:19,39.8,14000,39.8,U
sh600584,长电科技,2025-10-23 14:48:22,39.8,5300,39.8,U
sh600584,长电科技,2025-10-23 14:48:25,39.8,9300,39.8,D
sh600584,长电科技,2025-10-23 14:48:28,39.79,17000,39.8,D
sh600584,长电科技,2025-10-23 14:48:34,39.79,5700,39.8,D
sh600584,长电科技,2025-10-23 14:48:37,39.8,13000,39.79,U
sh600584,长电科技,2025-10-23 14:48:40,39.81,11000,39.8,U
sh600584,长电科技,2025-10-23 14:48:43,39.82,19600,39.81,U
sh600584,长电科技,2025-10-23 14:48:46,39.82,5100,39.82,U
sh600584,长电科技,2025-10-23 14:48:52,39.82,20100,39.82,U
sh600584,长电科技,2025-10-23 14:48:58,39.83,16800,39.82,U
sh600584,长电科技,2025-10-23 14:49:01,39.83,11000,39.83,U
sh600584,长电科技,2025-10-23 14:49:04,39.82,10100,39.83,D
sh600584,长电科技,2025-10-23 14:49:07,39.82,21000,39.82,U
sh600584,长电科技,2025-10-23 14:49:10,39.82,8700,39.82,U
sh600584,长电科技,2025-10-23 14:49:13,39.82,6500,39.82,U
sh600584,长电科技,2025-10-23 14:49:19,39.82,11200,39.82,D
sh600584,长电科技,2025-10-23 14:49:22,39.83,7400,39.82,U
sh600584,长电科技,2025-10-23 14:49:25,39.83,16100,39.83,U
sh600584,长电科技,2025-10-23 14:49:28,39.82,23300,39.83,D
sh600584,长电科技,2025-10-23 14:49:31,39.82,15700,39.82,U
sh600584,长电科技,2025-10-23 14:49:34,39.81,39363,39.82,D
sh600584,长电科技,2025-10-23 14:49:37,39.81,9900,39.81,U
sh600584,长电科技,2025-10-23 14:49:43,39.81,13500,39.81,U
sh600584,长电科技,2025-10-23 14:49:46,39.81,9100,39.81,U
sh600584,长电科技,2025-10-23 14:49:49,39.81,15700,39.81,U
sh600584,长电科技,2025-10-23 14:49:52,39.8,12200,39.81,D
sh600584,长电科技,2025-10-23 14:49:55,39.81,19837,39.8,U
sh600584,长电科技,2025-10-23 14:49:58,39.81,8200,39.81,D
sh600584,长电科技,2025-10-23 14:50:01,39.81,8600,39.81,U
sh600584,长电科技,2025-10-23 14:50:04,39.8,20963,39.81,D
sh600584,长电科技,2025-10-23 14:50:10,39.8,8200,39.81,D
sh600584,长电科技,2025-10-23 14:50:13,39.79,22200,39.8,D
sh600584,长电科技,2025-10-23 14:50:19,39.8,6200,39.8,U
sh600584,长电科技,2025-10-23 14:50:22,39.79,5200,39.8,D
sh600584,长电科技,2025-10-23 14:50:25,39.79,6300,39.79,D
sh600584,长电科技,2025-10-23 14:50:28,39.79,8000,39.79,D
sh600584,长电科技,2025-10-23 14:50:31,39.8,34700,39.79,U
sh600584,长电科技,2025-10-23 14:50:34,39.8,14800,39.8,U
sh600584,长电科技,2025-10-23 14:50:37,39.8,17300,39.8,U
sh600584,长电科技,2025-10-23 14:50:49,39.8,9600,39.8,U
sh600584,长电科技,2025-10-23 14:50:52,39.8,17200,39.8,U
sh600584,长电科技,2025-10-23 14:50:55,39.8,39000,39.8,D
sh600584,长电科技,2025-10-23 14:50:58,39.8,10900,39.8,U
sh600584,长电科技,2025-10-23 14:51:01,39.79,34347,39.8,D
sh600584,长电科技,2025-10-23 14:51:04,39.8,61553,39.79,U
sh600584,长电科技,2025-10-23 14:51:10,39.79,17700,39.78,U
sh600584,长电科技,2025-10-23 14:51:13,39.78,50700,39.79,D
sh600584,长电科技,2025-10-23 14:51:22,39.77,5200,39.77,D
sh600584,长电科技,2025-10-23 14:51:28,39.78,7100,39.77,U
sh600584,长电科技,2025-10-23 14:51:31,39.8,9800,39.78,U
sh600584,长电科技,2025-10-23 14:51:34,39.78,17900,39.8,D
sh600584,长电科技,2025-10-23 14:51:40,39.79,6900,39.78,U
sh600584,长电科技,2025-10-23 14:51:49,39.8,9000,39.8,U
sh600584,长电科技,2025-10-23 14:51:52,39.8,5700,39.8,U
sh600584,长电科技,2025-10-23 14:51:55,39.81,41400,39.8,U
sh600584,长电科技,2025-10-23 14:51:58,39.81,7500,39.81,U
sh600584,长电科技,2025-10-23 14:52:01,39.8,14900,39.81,D
sh600584,长电科技,2025-10-23 14:52:07,39.8,25800,39.81,D
sh600584,长电科技,2025-10-23 14:52:13,39.8,24200,39.8,U
sh600584,长电科技,2025-10-23 14:52:19,39.8,21800,39.8,U
sh600584,长电科技,2025-10-23 14:52:22,39.8,6900,39.8,U
sh600584,长电科技,2025-10-23 14:52:25,39.8,16800,39.8,U
sh600584,长电科技,2025-10-23 14:52:28,39.79,8500,39.8,D
sh600584,长电科技,2025-10-23 14:52:31,39.8,43400,39.79,U
sh600584,长电科技,2025-10-23 14:52:34,39.8,7800,39.8,U
sh600584,长电科技,2025-10-23 14:52:40,39.79,16500,39.79,U
sh600584,长电科技,2025-10-23 14:52:43,39.79,17800,39.79,U
sh600584,长电科技,2025-10-23 14:52:46,39.8,7700,39.79,U
sh600584,长电科技,2025-10-23 14:52:52,39.79,8600,39.79,D
sh600584,长电科技,2025-10-23 14:52:55,39.8,11800,39.79,U
sh600584,长电科技,2025-10-23 14:52:58,39.81,93073,39.8,U
sh600584,长电科技,2025-10-23 14:53:01,39.81,8600,39.81,D
sh600584,长电科技,2025-10-23 14:53:04,39.82,10900,39.81,E
sh600584,长电科技,2025-10-23 14:53:07,39.82,14000,39.82,D
sh600584,长电科技,2025-10-23 14:53:13,39.82,28500,39.82,D
sh600584,长电科技,2025-10-23 14:53:16,39.83,55600,39.82,U
sh600584,长电科技,2025-10-23 14:53:19,39.83,6700,39.83,D
sh600584,长电科技,2025-10-23 14:53:22,39.84,9600,39.83,U
sh600584,长电科技,2025-10-23 14:53:28,39.82,32300,39.82,D
sh600584,长电科技,2025-10-23 14:53:31,39.83,31500,39.82,U
sh600584,长电科技,2025-10-23 14:53:37,39.82,31700,39.82,U
sh600584,长电科技,2025-10-23 14:53:40,39.82,11300,39.82,U
sh600584,长电科技,2025-10-23 14:53:43,39.81,10500,39.82,D
sh600584,长电科技,2025-10-23 14:53:46,39.82,13427,39.81,U
sh600584,长电科技,2025-10-23 14:53:52,39.82,18800,39.82,U
sh600584,长电科技,2025-10-23 14:53:55,39.81,17000,39.82,D
sh600584,长电科技,2025-10-23 14:53:58,39.82,11373,39.81,U
sh600584,长电科技,2025-10-23 14:54:01,39.82,11100,39.82,D
sh600584,长电科技,2025-10-23 14:54:04,39.8,33827,39.82,D
sh600584,长电科技,2025-10-23 14:54:07,39.81,13300,39.8,U
sh600584,长电科技,2025-10-23 14:54:10,39.81,11800,39.81,D
sh600584,长电科技,2025-10-23 14:54:13,39.81,17800,39.81,U
sh600584,长电科技,2025-10-23 14:54:16,39.81,8000,39.81,D
sh600584,长电科技,2025-10-23 14:54:19,39.82,14400,39.81,U
sh600584,长电科技,2025-10-23 14:54:22,39.82,18000,39.82,U
sh600584,长电科技,2025-10-23 14:54:25,39.82,13700,39.82,D
sh600584,长电科技,2025-10-23 14:54:28,39.82,8400,39.82,D
sh600584,长电科技,2025-10-23 14:54:31,39.82,8500,39.82,D
sh600584,长电科技,2025-10-23 14:54:34,39.82,7800,39.82,U
sh600584,长电科技,2025-10-23 14:54:37,39.82,23000,39.82,U
sh600584,长电科技,2025-10-23 14:54:40,39.82,28700,39.82,D
sh600584,长电科技,2025-10-23 14:54:46,39.83,20900,39.83,U
sh600584,长电科技,2025-10-23 14:54:49,39.83,15500,39.83,U
