symbol,name,ticktime,price,volume,prev_price,kind
sh600584,长电科技,2025-10-16 09:25:01,41.7,378400,0.0,U
sh600584,长电科技,2025-10-16 09:30:02,41.54,29800,41.7,D
sh600584,长电科技,2025-10-16 09:30:05,41.54,43400,41.54,U
sh600584,长电科技,2025-10-16 09:30:08,41.54,24600,41.54,U
sh600584,长电科技,2025-10-16 09:30:11,41.5,56000,41.54,D
sh600584,长电科技,2025-10-16 09:30:14,41.49,50000,41.5,D
sh600584,长电科技,2025-10-16 09:30:17,41.46,45200,41.49,D
sh600584,长电科技,2025-10-16 09:30:20,41.5,18400,41.46,U
sh600584,长电科技,2025-10-16 09:30:23,41.41,61200,41.5,D
sh600584,长电科技,2025-10-16 09:30:26,41.5,42400,41.41,U
sh600584,长电科技,2025-10-16 09:30:29,41.48,66000,41.5,E
sh600584,长电科技,2025-10-16 09:30:32,41.41,56900,41.48,E
sh600584,长电科技,2025-10-16 09:30:35,41.46,86600,41.41,U
sh600584,长电科技,2025-10-16 09:30:38,41.41,48100,41.46,D
sh600584,长电科技,2025-10-16 09:30:41,41.4,70100,41.41,D
sh600584,长电科技,2025-10-16 09:30:44,41.43,60600,41.4,E
sh600584,长电科技,2025-10-16 09:30:47,41.41,52200,41.43,D
sh600584,长电科技,2025-10-16 09:30:50,41.43,55100,41.41,U
sh600584,长电科技,2025-10-16 09:30:53,41.43,72400,41.43,U
sh600584,长电科技,2025-10-16 09:30:56,41.42,51400,41.43,E
sh600584,长电科技,2025-10-16 09:30:59,41.42,43000,41.42,U
sh600584,长电科技,2025-10-16 09:31:02,41.41,39700,41.42,D
sh600584,长电科技,2025-10-16 09:31:05,41.43,34200,41.41,U
sh600584,长电科技,2025-10-16 09:31:08,41.44,100300,41.43,E
sh600584,长电科技,2025-10-16 09:31:11,41.46,83000,41.44,U
sh600584,长电科技,2025-10-16 09:31:14,41.46,35100,41.46,D
sh600584,长电科技,2025-10-16 09:31:17,41.5,46200,41.46,U
sh600584,长电科技,2025-10-16 09:31:20,41.51,55300,41.5,U
sh600584,长电科技,2025-10-16 09:31:23,41.54,18400,41.51,U
sh600584,长电科技,2025-10-16 09:31:26,41.56,19800,41.54,U
sh600584,长电科技,2025-10-16 09:31:29,41.58,31800,41.56,U
sh600584,长电科技,2025-10-16 09:31:32,41.6,45500,41.58,U
sh600584,长电科技,2025-10-16 09:31:35,41.6,43180,41.6,U
sh600584,长电科技,2025-10-16 09:31:38,41.6,16900,41.6,D
sh600584,长电科技,2025-10-16 09:31:41,41.61,26600,41.6,D
sh600584,长电科技,2025-10-16 09:31:44,41.63,28900,41.61,U
sh600584,长电科技,2025-10-16 09:31:47,41.63,43800,41.63,U
sh600584,长电科技,2025-10-16 09:31:50,41.62,62400,41.63,D
sh600584,长电科技,2025-10-16 09:31:53,41.6,110000,41.62,D
sh600584,长电科技,2025-10-16 09:31:56,41.56,65400,41.6,D
sh600584,长电科技,2025-10-16 09:31:59,41.57,13100,41.56,E
sh600584,长电科技,2025-10-16 09:32:02,41.54,36820,41.57,D
sh600584,长电科技,2025-10-16 09:32:05,41.53,39300,41.54,D
sh600584,长电科技,2025-10-16 09:32:08,41.52,32700,41.53,E
sh600584,长电科技,2025-10-16 09:32:11,41.5,38900,41.52,D
sh600584,长电科技,2025-10-16 09:32:14,41.5,42600,41.5,D
sh600584,长电科技,2025-10-16 09:32:17,41.48,41900,41.5,D
sh600584,长电科技,2025-10-16 09:32:20,41.47,73000,41.48,D
sh600584,长电科技,2025-10-16 09:32:23,41.47,59000,41.47,U
sh600584,长电科技,2025-10-16 09:32:26,41.49,148180,41.47,U
sh600584,长电科技,2025-10-16 09:32:29,41.59,118300,41.49,U
sh600584,长电科技,2025-10-16 09:32:32,41.56,25100,41.59,D
sh600584,长电科技,2025-10-16 09:32:35,41.65,90100,41.56,U
sh600584,长电科技,2025-10-16 09:32:38,41.62,46700,41.65,D
sh600584,长电科技,2025-10-16 09:32:41,41.67,7000,41.62,U
sh600584,长电科技,2025-10-16 09:32:44,41.67,17800,41.67,U
sh600584,长电科技,2025-10-16 09:32:47,41.67,43700,41.67,U
sh600584,长电科技,2025-10-16 09:32:50,41.68,79300,41.67,U
sh600584,长电科技,2025-10-16 09:32:53,41.73,183307,41.68,U
sh600584,长电科技,2025-10-16 09:32:56,41.75,16900,41.73,U
sh600584,长电科技,2025-10-16 09:32:59,41.75,18400,41.75,U
sh600584,长电科技,2025-10-16 09:33:02,41.79,25700,41.75,U
sh600584,长电科技,2025-10-16 09:33:05,41.79,10800,41.79,U
sh600584,长电科技,2025-10-16 09:33:08,41.8,16800,41.79,U
sh600584,长电科技,2025-10-16 09:33:11,41.79,47100,41.8,D
sh600584,长电科技,2025-10-16 09:33:14,41.78,99000,41.79,D
sh600584,长电科技,2025-10-16 09:33:17,41.7,34800,41.78,D
sh600584,长电科技,2025-10-16 09:33:20,41.7,32700,41.7,U
sh600584,长电科技,2025-10-16 09:33:23,41.7,17700,41.7,D
sh600584,长电科技,2025-10-16 09:33:26,41.7,37200,41.7,U
sh600584,长电科技,2025-10-16 09:33:29,41.7,16500,41.7,D
sh600584,长电科技,2025-10-16 09:33:32,41.7,11600,41.7,D
sh600584,长电科技,2025-10-16 09:33:35,41.7,27900,41.7,D
sh600584,长电科技,2025-10-16 09:33:38,41.7,35000,41.7,U
sh600584,长电科技,2025-10-16 09:33:41,41.68,25000,41.7,D
sh600584,长电科技,2025-10-16 09:33:44,41.66,44300,41.68,D
sh600584,长电科技,2025-10-16 09:33:47,41.67,21600,41.66,U
sh600584,长电科技,2025-10-16 09:33:50,41.65,14700,41.67,U
sh600584,长电科技,2025-10-16 09:33:53,41.63,24100,41.65,D
sh600584,长电科技,2025-10-16 09:33:56,41.61,10300,41.63,D
sh600584,长电科技,2025-10-16 09:33:59,41.66,61400,41.61,U
sh600584,长电科技,2025-10-16 09:34:02,41.63,36600,41.66,D
sh600584,长电科技,2025-10-16 09:34:05,41.61,11600,41.63,D
sh600584,长电科技,2025-10-16 09:34:08,41.61,15800,41.61,D
sh600584,长电科技,2025-10-16 09:34:11,41.61,75000,41.61,D
sh600584,长电科技,2025-10-16 09:34:14,41.61,24500,41.61,U
sh600584,长电科技,2025-10-16 09:34:17,41.65,45800,41.61,U
sh600584,长电科技,2025-10-16 09:34:20,41.58,16000,41.65,D
sh600584,长电科技,2025-10-16 09:34:23,41.65,25000,41.58,U
sh600584,长电科技,2025-10-16 09:34:26,41.62,8900,41.65,E
sh600584,长电科技,2025-10-16 09:34:29,41.7,49500,41.62,U
sh600584,长电科技,2025-10-16 09:34:32,41.68,28200,41.7,E
sh600584,长电科技,2025-10-16 09:34:35,41.69,18500,41.68,E
sh600584,长电科技,2025-10-16 09:34:38,41.7,25800,41.69,U
sh600584,长电科技,2025-10-16 09:34:41,41.74,11400,41.7,U
sh600584,长电科技,2025-10-16 09:34:44,41.74,16800,41.74,D
sh600584,长电科技,2025-10-16 09:34:47,41.75,11400,41.74,U
sh600584,长电科技,2025-10-16 09:34:50,41.76,6900,41.75,U
sh600584,长电科技,2025-10-16 09:34:53,41.76,17200,41.76,U
sh600584,长电科技,2025-10-16 09:34:56,41.76,11700,41.76,D
sh600584,长电科技,2025-10-16 09:34:59,41.76,180600,41.76,D
sh600584,长电科技,2025-10-16 09:35:02,41.7,177500,41.76,D
sh600584,长电科技,2025-10-16 09:35:05,41.7,31600,41.7,U
sh600584,长电科技,2025-10-16 09:35:08,41.7,19700,41.7,U
sh600584,长电科技,2025-10-16 09:35:11,41.75,28000,41.7,U
sh600584,长电科技,2025-10-16 09:35:14,41.71,22600,41.75,E
sh600584,长电科技,2025-10-16 09:35:17,41.71,46900,41.71,U
sh600584,长电科技,2025-10-16 09:35:20,41.74,26600,41.71,U
sh600584,长电科技,2025-10-16 09:35:23,41.73,9400,41.74,E
sh600584,长电科技,2025-10-16 09:35:26,41.71,17500,41.73,D
sh600584,长电科技,2025-10-16 09:35:29,41.71,20700,41.71,D
sh600584,长电科技,2025-10-16 09:35:32,41.71,15900,41.71,U
sh600584,长电科技,2025-10-16 09:35:35,41.71,12500,41.71,U
sh600584,长电科技,2025-10-16 09:35:38,41.75,114500,41.71,U
sh600584,长电科技,2025-10-16 09:35:41,41.83,161400,41.75,U
sh600584,长电科技,2025-10-16 09:35:44,41.81,90200,41.83,D
sh600584,长电科技,2025-10-16 09:35:47,41.76,116800,41.81,D
sh600584,长电科技,2025-10-16 09:35:50,41.81,8300,41.76,D
sh600584,长电科技,2025-10-16 09:35:53,41.81,21700,41.81,D
sh600584,长电科技,2025-10-16 09:35:56,41.81,31100,41.81,D
sh600584,长电科技,2025-10-16 09:35:59,41.84,9700,41.81,E
sh600584,长电科技,2025-10-16 09:36:02,41.81,42300,41.84,D
sh600584,长电科技,2025-10-16 09:36:05,41.83,44700,41.81,U
sh600584,长电科技,2025-10-16 09:36:08,41.81,40800,41.83,D
sh600584,长电科技,2025-10-16 09:36:11,41.81,29400,41.81,E
sh600584,长电科技,2025-10-16 09:36:14,41.8,58900,41.81,D
sh600584,长电科技,2025-10-16 09:36:17,41.7,98100,41.8,D
sh600584,长电科技,2025-10-16 09:36:20,41.74,28400,41.7,U
sh600584,长电科技,2025-10-16 09:36:23,41.74,74500,41.74,U
sh600584,长电科技,2025-10-16 09:36:26,41.74,7300,41.74,E
sh600584,长电科技,2025-10-16 09:36:29,41.75,39800,41.74,U
sh600584,长电科技,2025-10-16 09:36:32,41.71,23000,41.75,D
sh600584,长电科技,2025-10-16 09:36:35,41.75,12900,41.71,U
sh600584,长电科技,2025-10-16 09:36:38,41.79,16400,41.75,U
sh600584,长电科技,2025-10-16 09:36:41,41.75,25000,41.79,E
sh600584,长电科技,2025-10-16 09:36:44,41.75,58800,41.75,U
sh600584,长电科技,2025-10-16 09:36:47,41.74,16400,41.75,D
sh600584,长电科技,2025-10-16 09:36:50,41.74,42700,41.74,U
sh600584,长电科技,2025-10-16 09:36:53,41.74,29000,41.74,U
sh600584,长电科技,2025-10-16 09:36:56,41.74,37300,41.74,U
sh600584,长电科技,2025-10-16 09:36:59,41.73,45400,41.74,E
sh600584,长电科技,2025-10-16 09:37:02,41.73,36800,41.73,D
sh600584,长电科技,2025-10-16 09:37:05,41.74,22900,41.73,U
sh600584,长电科技,2025-10-16 09:37:08,41.79,24200,41.74,U
sh600584,长电科技,2025-10-16 09:37:11,41.8,24500,41.79,U
sh600584,长电科技,2025-10-16 09:37:14,41.82,41700,41.8,U
sh600584,长电科技,2025-10-16 09:37:17,41.81,14700,41.82,D
sh600584,长电科技,2025-10-16 09:37:20,41.81,7300,41.81,U
sh600584,长电科技,2025-10-16 09:37:23,41.81,29400,41.81,D
sh600584,长电科技,2025-10-16 09:37:26,41.84,11820,41.81,U
sh600584,长电科技,2025-10-16 09:37:29,41.83,17100,41.84,D
sh600584,长电科技,2025-10-16 09:37:32,41.84,53380,41.83,U
sh600584,长电科技,2025-10-16 09:37:35,41.84,78120,41.84,U
sh600584,长电科技,2025-10-16 09:37:38,41.83,76280,41.84,D
sh600584,长电科技,2025-10-16 09:37:41,41.84,31320,41.83,U
sh600584,长电科技,2025-10-16 09:37:44,41.78,52180,41.84,D
sh600584,长电科技,2025-10-16 09:37:47,41.83,36900,41.78,E
sh600584,长电科技,2025-10-16 09:37:50,41.8,13300,41.83,D
sh600584,长电科技,2025-10-16 09:37:53,41.8,10000,41.8,D
sh600584,长电科技,2025-10-16 09:37:56,41.8,16700,41.8,U
sh600584,长电科技,2025-10-16 09:37:59,41.83,16200,41.8,U
sh600584,长电科技,2025-10-16 09:38:02,41.83,32500,41.83,U
sh600584,长电科技,2025-10-16 09:38:05,41.83,34700,41.83,U
sh600584,长电科技,2025-10-16 09:38:11,41.84,38200,41.84,D
sh600584,长电科技,2025-10-16 09:38:14,41.84,59400,41.84,U
sh600584,长电科技,2025-10-16 09:38:17,41.79,77700,41.84,D
sh600584,长电科技,2025-10-16 09:38:20,41.79,32100,41.79,U
sh600584,长电科技,2025-10-16 09:38:23,41.77,49900,41.79,E
sh600584,长电科技,2025-10-16 09:38:26,41.78,69500,41.77,U
sh600584,长电科技,2025-10-16 09:38:29,41.77,14000,41.78,E
sh600584,长电科技,2025-10-16 09:38:32,41.78,20300,41.77,E
sh600584,长电科技,2025-10-16 09:38:35,41.8,32400,41.78,U
sh600584,长电科技,2025-10-16 09:38:38,41.78,64900,41.8,D
sh600584,长电科技,2025-10-16 09:38:41,41.81,17400,41.78,U
sh600584,长电科技,2025-10-16 09:38:44,41.78,5200,41.81,D
sh600584,长电科技,2025-10-16 09:38:47,41.79,5800,41.78,E
sh600584,长电科技,2025-10-16 09:38:50,41.8,11500,41.79,U
sh600584,长电科技,2025-10-16 09:38:53,41.81,18500,41.8,U
sh600584,长电科技,2025-10-16 09:38:56,41.8,15800,41.81,D
sh600584,长电科技,2025-10-16 09:38:59,41.81,11900,41.8,U
sh600584,长电科技,2025-10-16 09:39:02,41.81,14600,41.81,D
sh600584,长电科技,2025-10-16 09:39:05,41.81,12600,41.81,D
sh600584,长电科技,2025-10-16 09:39:08,41.81,21100,41.81,D
sh600584,长电科技,2025-10-16 09:39:11,41.81,17100,41.81,U
sh600584,长电科技,2025-10-16 09:39:14,41.8,24000,41.81,D
sh600584,长电科技,2025-10-16 09:39:17,41.82,23800,41.8,U
sh600584,长电科技,2025-10-16 09:39:20,41.81,6300,41.82,D
sh600584,长电科技,2025-10-16 09:39:23,41.82,19600,41.81,U
sh600584,长电科技,2025-10-16 09:39:26,41.82,13000,41.82,E
sh600584,长电科技,2025-10-16 09:39:29,41.84,17100,41.82,U
sh600584,长电科技,2025-10-16 09:39:32,41.84,7100,41.84,U
sh600584,长电科技,2025-10-16 09:39:35,41.83,23700,41.84,E
sh600584,长电科技,2025-10-16 09:39:38,41.84,17700,41.83,U
sh600584,长电科技,2025-10-16 09:39:41,41.85,36900,41.84,U
sh600584,长电科技,2025-10-16 09:39:44,41.82,37400,41.85,D
sh600584,长电科技,2025-10-16 09:39:47,41.84,14700,41.82,U
sh600584,长电科技,2025-10-16 09:39:50,41.81,86700,41.84,D
sh600584,长电科技,2025-10-16 09:39:53,41.8,95800,41.81,D
sh600584,长电科技,2025-10-16 09:39:56,41.83,40400,41.8,U
sh600584,长电科技,2025-10-16 09:39:59,41.81,34600,41.83,D
sh600584,长电科技,2025-10-16 09:40:02,41.81,11100,41.81,D
sh600584,长电科技,2025-10-16 09:40:05,41.81,24400,41.81,U
sh600584,长电科技,2025-10-16 09:40:08,41.81,37100,41.81,U
sh600584,长电科技,2025-10-16 09:40:11,41.81,53400,41.81,U
sh600584,长电科技,2025-10-16 09:40:14,41.8,19800,41.81,U
sh600584,长电科技,2025-10-16 09:40:17,41.77,26200,41.8,D
sh600584,长电科技,2025-10-16 09:40:20,41.75,24800,41.77,D
sh600584,长电科技,2025-10-16 09:40:26,41.74,12800,41.73,U
sh600584,长电科技,2025-10-16 09:40:29,41.73,19200,41.74,D
sh600584,长电科技,2025-10-16 09:40:32,41.74,29000,41.73,U
sh600584,长电科技,2025-10-16 09:40:35,41.73,5700,41.74,D
sh600584,长电科技,2025-10-16 09:40:38,41.72,66000,41.73,D
sh600584,长电科技,2025-10-16 09:40:41,41.72,10600,41.72,D
sh600584,长电科技,2025-10-16 09:40:44,41.74,8800,41.72,U
sh600584,长电科技,2025-10-16 09:40:47,41.72,13700,41.74,D
sh600584,长电科技,2025-10-16 09:40:50,41.73,9200,41.72,U
sh600584,长电科技,2025-10-16 09:40:53,41.73,47900,41.73,U
sh600584,长电科技,2025-10-16 09:40:56,41.74,15800,41.73,U
sh600584,长电科技,2025-10-16 09:40:59,41.74,31900,41.74,D
sh600584,长电科技,2025-10-16 09:41:02,41.73,17900,41.74,D
sh600584,长电科技,2025-10-16 09:41:05,41.74,7200,41.73,U
sh600584,长电科技,2025-10-16 09:41:08,41.73,76900,41.74,D
sh600584,长电科技,2025-10-16 09:41:11,41.78,14400,41.73,U
sh600584,长电科技,2025-10-16 09:41:14,41.75,12300,41.78,D
sh600584,长电科技,2025-10-16 09:41:17,41.75,9500,41.75,D
sh600584,长电科技,2025-10-16 09:41:20,41.82,26200,41.75,U
sh600584,长电科技,2025-10-16 09:41:23,41.75,22000,41.82,U
sh600584,长电科技,2025-10-16 09:41:26,41.78,17300,41.75,U
sh600584,长电科技,2025-10-16 09:41:29,41.78,7800,41.78,U
sh600584,长电科技,2025-10-16 09:41:32,41.77,11100,41.78,E
sh600584,长电科技,2025-10-16 09:41:35,41.78,6300,41.77,U
sh600584,长电科技,2025-10-16 09:41:38,41.78,6100,41.78,D
sh600584,长电科技,2025-10-16 09:41:41,41.79,11100,41.78,E
sh600584,长电科技,2025-10-16 09:41:44,41.8,113300,41.79,D
sh600584,长电科技,2025-10-16 09:41:47,41.78,16500,41.8,D
sh600584,长电科技,2025-10-16 09:41:50,41.78,9800,41.78,U
sh600584,长电科技,2025-10-16 09:41:53,41.77,11300,41.78,D
sh600584,长电科技,2025-10-16 09:41:56,41.78,23300,41.77,U
sh600584,长电科技,2025-10-16 09:41:59,41.77,13500,41.78,E
sh600584,长电科技,2025-10-16 09:42:02,41.77,54700,41.77,U
sh600584,长电科技,2025-10-16 09:42:05,41.78,8100,41.77,U
sh600584,长电科技,2025-10-16 09:42:08,41.75,8000,41.78,D
sh600584,长电科技,2025-10-16 09:42:11,41.75,24700,41.75,U
sh600584,长电科技,2025-10-16 09:42:14,41.73,62400,41.75,D
sh600584,长电科技,2025-10-16 09:42:20,41.71,6100,41.71,D
sh600584,长电科技,2025-10-16 09:42:23,41.68,33600,41.71,D
sh600584,长电科技,2025-10-16 09:42:29,41.68,15600,41.69,D
sh600584,长电科技,2025-10-16 09:42:32,41.68,6900,41.68,D
sh600584,长电科技,2025-10-16 09:42:35,41.68,14100,41.68,U
sh600584,长电科技,2025-10-16 09:42:38,41.67,11100,41.68,D
sh600584,长电科技,2025-10-16 09:42:44,41.67,97500,41.66,U
sh600584,长电科技,2025-10-16 09:42:47,41.67,60900,41.67,D
sh600584,长电科技,2025-10-16 09:42:50,41.7,30900,41.67,E
sh600584,长电科技,2025-10-16 09:42:53,41.68,30800,41.7,D
sh600584,长电科技,2025-10-16 09:42:56,41.68,13700,41.68,D
sh600584,长电科技,2025-10-16 09:42:59,41.7,24100,41.68,E
sh600584,长电科技,2025-10-16 09:43:02,41.68,21600,41.7,D
sh600584,长电科技,2025-10-16 09:43:05,41.68,14200,41.68,U
sh600584,长电科技,2025-10-16 09:43:08,41.68,19400,41.68,U
sh600584,长电科技,2025-10-16 09:43:11,41.73,91500,41.68,U
sh600584,长电科技,2025-10-16 09:43:14,41.75,140700,41.73,E
sh600584,长电科技,2025-10-16 09:43:17,41.74,13100,41.75,D
sh600584,长电科技,2025-10-16 09:43:20,41.69,29500,41.74,D
sh600584,长电科技,2025-10-16 09:43:23,41.7,6500,41.69,E
sh600584,长电科技,2025-10-16 09:43:26,41.69,13600,41.7,D
sh600584,长电科技,2025-10-16 09:43:29,41.69,14400,41.69,U
sh600584,长电科技,2025-10-16 09:43:32,41.68,12100,41.69,D
sh600584,长电科技,2025-10-16 09:43:35,41.69,9900,41.68,U
sh600584,长电科技,2025-10-16 09:43:38,41.69,14000,41.69,U
sh600584,长电科技,2025-10-16 09:43:41,41.66,19794,41.69,D
sh600584,长电科技,2025-10-16 09:43:44,41.61,48506,41.66,D
sh600584,长电科技,2025-10-16 09:43:47,41.61,31300,41.61,D
sh600584,长电科技,2025-10-16 09:43:50,41.6,19100,41.61,D
sh600584,长电科技,2025-10-16 09:43:53,41.6,31800,41.6,D
sh600584,长电科技,2025-10-16 09:43:56,41.59,22500,41.6,D
sh600584,长电科技,2025-10-16 09:43:59,41.59,41500,41.59,U
sh600584,长电科技,2025-10-16 09:44:02,41.62,56200,41.59,U
sh600584,长电科技,2025-10-16 09:44:05,41.6,84100,41.62,D
sh600584,长电科技,2025-10-16 09:44:11,41.6,12900,41.6,U
sh600584,长电科技,2025-10-16 09:44:14,41.6,25400,41.6,U
sh600584,长电科技,2025-10-16 09:44:17,41.6,19600,41.6,U
sh600584,长电科技,2025-10-16 09:44:20,41.6,8600,41.6,D
sh600584,长电科技,2025-10-16 09:44:23,41.6,23500,41.6,D
sh600584,长电科技,2025-10-16 09:44:26,41.62,34200,41.6,U
sh600584,长电科技,2025-10-16 09:44:29,41.6,42200,41.62,D
sh600584,长电科技,2025-10-16 09:44:32,41.6,10500,41.6,U
sh600584,长电科技,2025-10-16 09:44:35,41.6,22500,41.6,D
sh600584,长电科技,2025-10-16 09:44:38,41.57,44600,41.6,D
sh600584,长电科技,2025-10-16 09:44:41,41.56,28000,41.57,D
sh600584,长电科技,2025-10-16 09:44:44,41.57,13500,41.56,U
sh600584,长电科技,2025-10-16 09:44:47,41.52,26600,41.57,D
sh600584,长电科技,2025-10-16 09:44:50,41.54,5100,41.52,U
sh600584,长电科技,2025-10-16 09:44:53,41.51,7100,41.54,D
sh600584,长电科技,2025-10-16 09:44:56,41.53,8400,41.51,U
sh600584,长电科技,2025-10-16 09:44:59,41.51,20700,41.53,D
sh600584,长电科技,2025-10-16 09:45:02,41.52,15100,41.51,U
sh600584,长电科技,2025-10-16 09:45:05,41.5,19900,41.52,D
sh600584,长电科技,2025-10-16 09:45:08,41.52,60500,41.5,D
sh600584,长电科技,2025-10-16 09:45:11,41.5,8200,41.52,D
sh600584,长电科技,2025-10-16 09:45:14,41.49,18000,41.5,D
sh600584,长电科技,2025-10-16 09:45:20,41.48,18700,41.48,D
sh600584,长电科技,2025-10-16 09:45:23,41.48,9500,41.48,D
sh600584,长电科技,2025-10-16 09:45:26,41.47,6900,41.48,D
sh600584,长电科技,2025-10-16 09:45:29,41.47,22100,41.47,U
sh600584,长电科技,2025-10-16 09:45:32,41.47,18500,41.47,U
sh600584,长电科技,2025-10-16 09:45:35,41.46,13200,41.47,D
sh600584,长电科技,2025-10-16 09:45:38,41.46,20000,41.46,U
sh600584,长电科技,2025-10-16 09:45:41,41.45,17000,41.46,D
sh600584,长电科技,2025-10-16 09:45:44,41.45,16800,41.45,D
sh600584,长电科技,2025-10-16 09:45:47,41.45,21700,41.45,U
sh600584,长电科技,2025-10-16 09:45:50,41.46,88100,41.45,U
sh600584,长电科技,2025-10-16 09:45:53,41.46,35100,41.46,D
sh600584,长电科技,2025-10-16 09:45:56,41.48,17700,41.46,U
sh600584,长电科技,2025-10-16 09:45:59,41.46,6900,41.48,D
sh600584,长电科技,2025-10-16 09:46:02,41.5,81400,41.46,U
sh600584,长电科技,2025-10-16 09:46:05,41.45,30000,41.5,D
sh600584,长电科技,2025-10-16 09:46:08,41.46,5700,41.45,D
sh600584,长电科技,2025-10-16 09:46:11,41.5,23800,41.46,U
sh600584,长电科技,2025-10-16 09:46:14,41.5,15600,41.5,D
sh600584,长电科技,2025-10-16 09:46:17,41.52,10400,41.5,U
sh600584,长电科技,2025-10-16 09:46:20,41.56,28700,41.52,U
sh600584,长电科技,2025-10-16 09:46:23,41.58,55900,41.56,U
sh600584,长电科技,2025-10-16 09:46:26,41.58,17400,41.58,E
sh600584,长电科技,2025-10-16 09:46:29,41.6,5205,41.58,U
sh600584,长电科技,2025-10-16 09:46:32,41.6,17400,41.6,D
sh600584,长电科技,2025-10-16 09:46:35,41.6,5600,41.6,D
sh600584,长电科技,2025-10-16 09:46:38,41.6,7000,41.6,D
sh600584,长电科技,2025-10-16 09:46:41,41.63,5900,41.6,U
sh600584,长电科技,2025-10-16 09:46:44,41.66,24200,41.63,U
sh600584,长电科技,2025-10-16 09:46:47,41.58,44200,41.66,D
sh600584,长电科技,2025-10-16 09:46:50,41.66,8200,41.58,U
sh600584,长电科技,2025-10-16 09:46:53,41.63,26800,41.66,D
sh600584,长电科技,2025-10-16 09:46:56,41.63,5000,41.63,U
sh600584,长电科技,2025-10-16 09:46:59,41.6,11800,41.63,D
sh600584,长电科技,2025-10-16 09:47:02,41.61,17200,41.6,U
sh600584,长电科技,2025-10-16 09:47:05,41.65,18300,41.61,U
sh600584,长电科技,2025-10-16 09:47:08,41.65,15700,41.65,U
sh600584,长电科技,2025-10-16 09:47:11,41.65,44000,41.65,D
sh600584,长电科技,2025-10-16 09:47:14,41.65,51100,41.65,D
sh600584,长电科技,2025-10-16 09:47:17,41.68,8200,41.65,U
sh600584,长电科技,2025-10-16 09:47:20,41.65,6100,41.68,U
sh600584,长电科技,2025-10-16 09:47:26,41.63,20400,41.65,D
sh600584,长电科技,2025-10-16 09:47:29,41.67,12900,41.63,U
sh600584,长电科技,2025-10-16 09:47:35,41.65,10100,41.66,D
sh600584,长电科技,2025-10-16 09:47:38,41.65,6600,41.65,U
sh600584,长电科技,2025-10-16 09:47:41,41.65,15000,41.65,U
sh600584,长电科技,2025-10-16 09:47:44,41.64,14200,41.65,E
sh600584,长电科技,2025-10-16 09:47:47,41.65,24000,41.64,E
sh600584,长电科技,2025-10-16 09:47:50,41.63,8400,41.65,D
sh600584,长电科技,2025-10-16 09:47:53,41.63,6600,41.63,U
sh600584,长电科技,2025-10-16 09:47:59,41.62,9400,41.62,U
sh600584,长电科技,2025-10-16 09:48:02,41.61,36500,41.62,D
sh600584,长电科技,2025-10-16 09:48:05,41.61,9100,41.61,U
sh600584,长电科技,2025-10-16 09:48:08,41.57,25700,41.61,D
sh600584,长电科技,2025-10-16 09:48:11,41.54,8700,41.57,D
sh600584,长电科技,2025-10-16 09:48:14,41.56,6100,41.54,U
sh600584,长电科技,2025-10-16 09:48:17,41.55,11300,41.56,E
sh600584,长电科技,2025-10-16 09:48:20,41.6,12000,41.55,U
sh600584,长电科技,2025-10-16 09:48:23,41.56,11200,41.6,E
sh600584,长电科技,2025-10-16 09:48:26,41.55,6700,41.56,D
sh600584,长电科技,2025-10-16 09:48:29,41.55,7000,41.55,D
sh600584,长电科技,2025-10-16 09:48:32,41.55,11700,41.55,D
sh600584,长电科技,2025-10-16 09:48:35,41.55,4900,41.55,U
sh600584,长电科技,2025-10-16 09:48:38,41.54,11600,41.55,D
sh600584,长电科技,2025-10-16 09:48:44,41.52,11900,41.54,D
sh600584,长电科技,2025-10-16 09:48:50,41.52,11700,41.52,D
sh600584,长电科技,2025-10-16 09:48:53,41.51,11400,41.52,E
sh600584,长电科技,2025-10-16 09:48:56,41.51,10500,41.51,D
sh600584,长电科技,2025-10-16 09:49:02,41.5,24400,41.51,D
sh600584,长电科技,2025-10-16 09:49:14,41.48,6200,41.49,D
sh600584,长电科技,2025-10-16 09:49:17,41.49,34400,41.48,U
sh600584,长电科技,2025-10-16 09:49:20,41.48,23500,41.49,D
sh600584,长电科技,2025-10-16 09:49:23,41.48,20200,41.48,D
sh600584,长电科技,2025-10-16 09:49:26,41.48,29600,41.48,U
sh600584,长电科技,2025-10-16 09:49:29,41.49,12500,41.48,U
sh600584,长电科技,2025-10-16 09:49:35,41.5,26900,41.49,U
sh600584,长电科技,2025-10-16 09:49:38,41.5,30500,41.5,U
sh600584,长电科技,2025-10-16 09:49:41,41.5,8600,41.5,U
sh600584,长电科技,2025-10-16 09:49:44,41.5,41500,41.5,D
sh600584,长电科技,2025-10-16 09:49:50,41.52,9000,41.51,U
sh600584,长电科技,2025-10-16 09:49:53,41.52,30600,41.52,D
sh600584,长电科技,2025-10-16 09:49:56,41.52,8500,41.52,U
sh600584,长电科技,2025-10-16 09:49:59,41.51,10500,41.52,D
sh600584,长电科技,2025-10-16 09:50:05,41.52,37800,41.51,U
sh600584,长电科技,2025-10-16 09:50:11,41.54,14600,41.52,U
sh600584,长电科技,2025-10-16 09:50:14,41.55,13100,41.54,E
sh600584,长电科技,2025-10-16 09:50:17,41.55,53300,41.55,D
sh600584,长电科技,2025-10-16 09:50:20,41.56,8000,41.55,E
sh600584,长电科技,2025-10-16 09:50:23,41.55,22200,41.56,D
sh600584,长电科技,2025-10-16 09:50:32,41.57,15300,41.56,U
sh600584,长电科技,2025-10-16 09:50:35,41.54,4900,41.57,D
sh600584,长电科技,2025-10-16 09:50:38,41.57,11000,41.54,U
sh600584,长电科技,2025-10-16 09:50:44,41.55,8300,41.56,U
sh600584,长电科技,2025-10-16 09:50:47,41.54,12200,41.55,D
sh600584,长电科技,2025-10-16 09:50:50,41.54,11500,41.54,U
sh600584,长电科技,2025-10-16 09:50:53,41.54,11900,41.54,U
sh600584,长电科技,2025-10-16 09:50:56,41.54,24900,41.54,D
sh600584,长电科技,2025-10-16 09:50:59,41.54,6500,41.54,D
sh600584,长电科技,2025-10-16 09:51:02,41.53,9300,41.54,D
sh600584,长电科技,2025-10-16 09:51:05,41.54,18800,41.53,U
sh600584,长电科技,2025-10-16 09:51:11,41.52,7900,41.53,D
sh600584,长电科技,2025-10-16 09:51:14,41.53,17200,41.52,U
sh600584,长电科技,2025-10-16 09:51:17,41.52,5300,41.53,D
sh600584,长电科技,2025-10-16 09:51:20,41.5,34600,41.52,D
sh600584,长电科技,2025-10-16 09:51:23,41.51,7698,41.5,U
sh600584,长电科技,2025-10-16 09:51:26,41.5,11202,41.51,D
sh600584,长电科技,2025-10-16 09:51:29,41.5,52200,41.5,D
sh600584,长电科技,2025-10-16 09:51:32,41.5,16400,41.5,U
sh600584,长电科技,2025-10-16 09:51:38,41.48,27800,41.5,D
sh600584,长电科技,2025-10-16 09:51:41,41.44,126600,41.48,D
sh600584,长电科技,2025-10-16 09:51:47,41.44,6300,41.43,U
sh600584,长电科技,2025-10-16 09:51:50,41.43,10600,41.44,D
sh600584,长电科技,2025-10-16 09:51:53,41.43,30800,41.43,D
sh600584,长电科技,2025-10-16 09:51:56,41.44,39300,41.43,U
sh600584,长电科技,2025-10-16 09:51:59,41.42,41500,41.44,D
sh600584,长电科技,2025-10-16 09:52:02,41.44,12600,41.42,U
sh600584,长电科技,2025-10-16 09:52:05,41.44,17500,41.44,U
sh600584,长电科技,2025-10-16 09:52:08,41.43,17400,41.44,D
sh600584,长电科技,2025-10-16 09:52:11,41.44,14200,41.43,U
sh600584,长电科技,2025-10-16 09:52:14,41.48,17800,41.44,U
sh600584,长电科技,2025-10-16 09:52:17,41.48,16200,41.48,U
sh600584,长电科技,2025-10-16 09:52:20,41.5,54800,41.48,U
sh600584,长电科技,2025-10-16 09:52:23,41.5,22800,41.5,E
sh600584,长电科技,2025-10-16 09:52:29,41.5,16000,41.51,D
sh600584,长电科技,2025-10-16 09:52:32,41.48,13300,41.5,D
sh600584,长电科技,2025-10-16 09:52:38,41.5,23100,41.49,U
sh600584,长电科技,2025-10-16 09:52:44,41.48,49800,41.49,D
sh600584,长电科技,2025-10-16 09:52:47,41.49,175800,41.48,U
sh600584,长电科技,2025-10-16 09:52:50,41.48,6900,41.49,D
sh600584,长电科技,2025-10-16 09:52:53,41.5,40100,41.48,U
sh600584,长电科技,2025-10-16 09:52:56,41.49,22700,41.5,D
sh600584,长电科技,2025-10-16 09:52:59,41.52,5100,41.49,U
sh600584,长电科技,2025-10-16 09:53:02,41.53,22300,41.52,U
sh600584,长电科技,2025-10-16 09:53:05,41.56,7800,41.53,U
sh600584,长电科技,2025-10-16 09:53:11,41.54,12000,41.55,D
sh600584,长电科技,2025-10-16 09:53:14,41.54,5700,41.54,D
sh600584,长电科技,2025-10-16 09:53:17,41.57,7500,41.54,U
sh600584,长电科技,2025-10-16 09:53:20,41.58,10400,41.57,U
sh600584,长电科技,2025-10-16 09:53:26,41.58,4900,41.58,D
sh600584,长电科技,2025-10-16 09:53:29,41.59,12900,41.58,E
sh600584,长电科技,2025-10-16 09:53:32,41.58,9200,41.59,D
sh600584,长电科技,2025-10-16 09:53:35,41.6,11000,41.58,U
sh600584,长电科技,2025-10-16 09:53:38,41.6,12000,41.6,U
sh600584,长电科技,2025-10-16 09:53:41,41.6,18300,41.6,E
sh600584,长电科技,2025-10-16 09:53:44,41.6,16200,41.6,D
sh600584,长电科技,2025-10-16 09:53:47,41.6,26100,41.6,D
sh600584,长电科技,2025-10-16 09:53:50,41.61,16300,41.6,U
sh600584,长电科技,2025-10-16 09:53:53,41.59,43000,41.61,D
sh600584,长电科技,2025-10-16 09:53:56,41.58,27400,41.59,D
sh600584,长电科技,2025-10-16 09:53:59,41.6,10300,41.58,U
sh600584,长电科技,2025-10-16 09:54:05,41.59,6600,41.6,D
sh600584,长电科技,2025-10-16 09:54:11,41.59,22200,41.59,U
sh600584,长电科技,2025-10-16 09:54:14,41.59,16600,41.59,U
sh600584,长电科技,2025-10-16 09:54:17,41.58,12100,41.59,D
sh600584,长电科技,2025-10-16 09:54:20,41.57,6200,41.58,D
sh600584,长电科技,2025-10-16 09:54:23,41.57,31500,41.57,D
sh600584,长电科技,2025-10-16 09:54:32,41.56,15900,41.56,D
sh600584,长电科技,2025-10-16 09:54:35,41.58,38700,41.56,U
sh600584,长电科技,2025-10-16 09:54:38,41.56,25500,41.58,D
sh600584,长电科技,2025-10-16 09:54:41,41.59,9400,41.56,E
sh600584,长电科技,2025-10-16 09:54:44,41.59,7700,41.59,D
sh600584,长电科技,2025-10-16 09:54:47,41.58,6900,41.59,D
sh600584,长电科技,2025-10-16 09:54:50,41.57,24600,41.58,D
sh600584,长电科技,2025-10-16 09:54:53,41.58,6700,41.57,E
sh600584,长电科技,2025-10-16 09:54:56,41.57,9300,41.58,D
sh600584,长电科技,2025-10-16 09:54:59,41.57,14800,41.57,D
sh600584,长电科技,2025-10-16 09:55:02,41.57,9600,41.57,U
sh600584,长电科技,2025-10-16 09:55:05,41.56,6300,41.57,D
sh600584,长电科技,2025-10-16 09:55:08,41.58,12300,41.56,U
sh600584,长电科技,2025-10-16 09:55:11,41.58,19100,41.58,U
sh600584,长电科技,2025-10-16 09:55:14,41.61,54200,41.58,U
sh600584,长电科技,2025-10-16 09:55:17,41.65,44600,41.61,U
sh600584,长电科技,2025-10-16 09:55:23,41.65,6600,41.65,D
sh600584,长电科技,2025-10-16 09:55:29,41.66,6600,41.66,D
sh600584,长电科技,2025-10-16 09:55:32,41.68,21300,41.66,U
sh600584,长电科技,2025-10-16 09:55:38,41.68,16600,41.69,D
sh600584,长电科技,2025-10-16 09:55:41,41.69,8000,41.68,U
sh600584,长电科技,2025-10-16 09:55:47,41.69,9300,41.7,D
sh600584,长电科技,2025-10-16 09:55:50,41.7,8000,41.69,U
sh600584,长电科技,2025-10-16 09:55:53,41.7,8400,41.7,D
sh600584,长电科技,2025-10-16 09:55:56,41.7,8000,41.7,D
sh600584,长电科技,2025-10-16 09:55:59,41.7,9400,41.7,U
sh600584,长电科技,2025-10-16 09:56:02,41.69,4800,41.7,D
sh600584,长电科技,2025-10-16 09:56:05,41.7,5200,41.69,U
sh600584,长电科技,2025-10-16 09:56:08,41.69,9900,41.7,D
sh600584,长电科技,2025-10-16 09:56:11,41.68,9700,41.69,D
sh600584,长电科技,2025-10-16 09:56:14,41.67,15400,41.68,D
sh600584,长电科技,2025-10-16 09:56:32,41.62,11400,41.65,D
sh600584,长电科技,2025-10-16 09:56:50,41.62,5600,41.61,U
sh600584,长电科技,2025-10-16 09:56:56,41.6,39700,41.61,D
sh600584,长电科技,2025-10-16 09:56:59,41.61,5900,41.6,E
sh600584,长电科技,2025-10-16 09:57:14,41.62,48500,41.59,U
sh600584,长电科技,2025-10-16 09:57:17,41.6,12500,41.62,D
sh600584,长电科技,2025-10-16 09:57:23,41.6,6500,41.6,D
sh600584,长电科技,2025-10-16 09:57:29,41.61,5800,41.62,D
sh600584,长电科技,2025-10-16 09:57:35,41.62,16700,41.61,U
sh600584,长电科技,2025-10-16 09:57:38,41.65,5800,41.62,U
sh600584,长电科技,2025-10-16 09:57:41,41.65,6700,41.65,U
sh600584,长电科技,2025-10-16 09:57:47,41.67,10500,41.65,U
sh600584,长电科技,2025-10-16 09:57:53,41.67,7900,41.67,D
sh600584,长电科技,2025-10-16 09:57:56,41.69,10400,41.67,U
sh600584,长电科技,2025-10-16 09:58:02,41.69,13100,41.67,U
sh600584,长电科技,2025-10-16 09:58:05,41.67,7300,41.69,D
sh600584,长电科技,2025-10-16 09:58:11,41.67,21700,41.69,D
sh600584,长电科技,2025-10-16 09:58:14,41.7,10800,41.67,U
sh600584,长电科技,2025-10-16 09:58:20,41.7,5400,41.69,U
sh600584,长电科技,2025-10-16 09:58:23,41.7,6200,41.7,U
sh600584,长电科技,2025-10-16 09:58:26,41.7,5400,41.7,U
sh600584,长电科技,2025-10-16 09:58:29,41.69,28300,41.7,D
sh600584,长电科技,2025-10-16 09:58:32,41.68,20700,41.69,D
sh600584,长电科技,2025-10-16 09:58:35,41.68,6200,41.68,D
sh600584,长电科技,2025-10-16 09:58:38,41.68,9300,41.68,U
sh600584,长电科技,2025-10-16 09:58:41,41.67,11500,41.68,D
sh600584,长电科技,2025-10-16 09:58:47,41.65,5800,41.67,D
sh600584,长电科技,2025-10-16 09:58:50,41.65,5700,41.65,D
sh600584,长电科技,2025-10-16 09:58:53,41.65,9400,41.65,D
sh600584,长电科技,2025-10-16 09:58:56,41.65,9600,41.65,U
sh600584,长电科技,2025-10-16 09:58:59,41.67,11000,41.65,U
sh600584,长电科技,2025-10-16 09:59:05,41.66,12000,41.67,E
sh600584,长电科技,2025-10-16 09:59:08,41.64,51900,41.66,D
sh600584,长电科技,2025-10-16 09:59:14,41.6,29200,41.62,D
sh600584,长电科技,2025-10-16 09:59:17,41.56,89800,41.6,D
sh600584,长电科技,2025-10-16 09:59:20,41.55,9600,41.56,D
sh600584,长电科技,2025-10-16 09:59:23,41.55,32500,41.55,D
sh600584,长电科技,2025-10-16 09:59:26,41.55,7000,41.55,U
sh600584,长电科技,2025-10-16 09:59:29,41.52,11800,41.55,D
sh600584,长电科技,2025-10-16 09:59:32,41.51,5700,41.52,D
sh600584,长电科技,2025-10-16 09:59:35,41.49,42800,41.51,D
sh600584,长电科技,2025-10-16 09:59:38,41.55,25100,41.49,U
sh600584,长电科技,2025-10-16 09:59:41,41.49,39200,41.55,D
sh600584,长电科技,2025-10-16 09:59:47,41.49,21100,41.51,D
sh600584,长电科技,2025-10-16 09:59:53,41.5,8400,41.5,U
sh600584,长电科技,2025-10-16 09:59:56,41.5,13700,41.5,U
sh600584,长电科技,2025-10-16 09:59:59,41.5,11000,41.5,U
sh600584,长电科技,2025-10-16 10:00:02,41.49,12900,41.5,D
sh600584,长电科技,2025-10-16 10:00:05,41.5,8600,41.49,E
sh600584,长电科技,2025-10-16 10:00:08,41.54,15700,41.5,U
sh600584,长电科技,2025-10-16 10:00:11,41.52,24300,41.54,E
sh600584,长电科技,2025-10-16 10:00:17,41.55,25000,41.53,U
sh600584,长电科技,2025-10-16 10:00:20,41.59,8500,41.55,U
sh600584,长电科技,2025-10-16 10:00:23,41.59,5000,41.59,U
sh600584,长电科技,2025-10-16 10:00:26,41.59,22900,41.59,U
sh600584,长电科技,2025-10-16 10:00:29,41.59,13700,41.59,U
sh600584,长电科技,2025-10-16 10:00:32,41.55,13800,41.59,D
sh600584,长电科技,2025-10-16 10:00:47,41.54,11900,41.54,U
sh600584,长电科技,2025-10-16 10:00:53,41.55,72400,41.53,U
sh600584,长电科技,2025-10-16 10:00:59,41.53,16900,41.53,U
sh600584,长电科技,2025-10-16 10:01:02,41.52,6400,41.53,D
sh600584,长电科技,2025-10-16 10:01:05,41.52,5000,41.52,D
sh600584,长电科技,2025-10-16 10:01:08,41.5,35400,41.52,D
sh600584,长电科技,2025-10-16 10:01:11,41.53,9000,41.5,U
sh600584,长电科技,2025-10-16 10:01:14,41.52,16300,41.53,D
sh600584,长电科技,2025-10-16 10:01:17,41.52,8700,41.52,D
sh600584,长电科技,2025-10-16 10:01:20,41.52,10700,41.52,D
sh600584,长电科技,2025-10-16 10:01:23,41.52,13400,41.52,D
sh600584,长电科技,2025-10-16 10:01:26,41.53,54700,41.52,U
sh600584,长电科技,2025-10-16 10:01:29,41.52,5000,41.53,D
sh600584,长电科技,2025-10-16 10:01:32,41.52,6100,41.52,U
sh600584,长电科技,2025-10-16 10:01:35,41.51,7500,41.52,D
sh600584,长电科技,2025-10-16 10:01:38,41.52,10300,41.51,U
sh600584,长电科技,2025-10-16 10:01:41,41.51,23000,41.52,D
sh600584,长电科技,2025-10-16 10:01:44,41.51,15200,41.51,D
sh600584,长电科技,2025-10-16 10:01:47,41.52,8100,41.51,U
sh600584,长电科技,2025-10-16 10:01:50,41.51,20200,41.52,D
sh600584,长电科技,2025-10-16 10:01:53,41.51,9900,41.51,U
sh600584,长电科技,2025-10-16 10:01:56,41.51,34700,41.51,U
sh600584,长电科技,2025-10-16 10:01:59,41.5,5500,41.51,D
sh600584,长电科技,2025-10-16 10:02:02,41.51,6500,41.5,E
sh600584,长电科技,2025-10-16 10:02:05,41.51,6700,41.51,D
sh600584,长电科技,2025-10-16 10:02:08,41.51,13800,41.51,D
sh600584,长电科技,2025-10-16 10:02:11,41.52,6400,41.51,U
sh600584,长电科技,2025-10-16 10:02:14,41.52,8600,41.52,U
sh600584,长电科技,2025-10-16 10:02:17,41.51,6800,41.52,U
sh600584,长电科技,2025-10-16 10:02:20,41.51,9500,41.51,D
sh600584,长电科技,2025-10-16 10:02:26,41.5,10300,41.51,D
sh600584,长电科技,2025-10-16 10:02:29,41.51,11915,41.5,U
sh600584,长电科技,2025-10-16 10:02:32,41.51,6800,41.51,D
sh600584,长电科技,2025-10-16 10:02:35,41.51,6685,41.51,D
sh600584,长电科技,2025-10-16 10:02:38,41.51,15000,41.51,U
sh600584,长电科技,2025-10-16 10:02:44,41.5,6200,41.51,D
sh600584,长电科技,2025-10-16 10:02:47,41.5,18500,41.5,D
sh600584,长电科技,2025-10-16 10:02:50,41.5,25200,41.5,D
sh600584,长电科技,2025-10-16 10:02:53,41.5,9700,41.5,D
sh600584,长电科技,2025-10-16 10:02:56,41.5,27800,41.5,U
sh600584,长电科技,2025-10-16 10:02:59,41.44,120800,41.5,D
sh600584,长电科技,2025-10-16 10:03:02,41.46,12500,41.44,U
sh600584,长电科技,2025-10-16 10:03:05,41.42,40200,41.46,D
sh600584,长电科技,2025-10-16 10:03:08,41.43,6000,41.42,U
sh600584,长电科技,2025-10-16 10:03:11,41.45,39500,41.43,U
sh600584,长电科技,2025-10-16 10:03:14,41.45,16000,41.45,U
sh600584,长电科技,2025-10-16 10:03:17,41.43,43700,41.45,D
sh600584,长电科技,2025-10-16 10:03:20,41.44,12800,41.43,D
sh600584,长电科技,2025-10-16 10:03:23,41.45,25200,41.44,U
sh600584,长电科技,2025-10-16 10:03:26,41.44,6000,41.45,D
sh600584,长电科技,2025-10-16 10:03:32,41.45,9800,41.45,D
sh600584,长电科技,2025-10-16 10:03:38,41.44,15200,41.45,D
sh600584,长电科技,2025-10-16 10:03:41,41.41,47100,41.44,D
sh600584,长电科技,2025-10-16 10:03:50,41.42,36000,41.42,D
sh600584,长电科技,2025-10-16 10:03:53,41.43,16200,41.42,U
sh600584,长电科技,2025-10-16 10:03:56,41.41,7900,41.43,D
sh600584,长电科技,2025-10-16 10:03:59,41.42,30800,41.41,U
sh600584,长电科技,2025-10-16 10:04:02,41.45,107260,41.42,U
sh600584,长电科技,2025-10-16 10:04:05,41.43,9300,41.45,D
sh600584,长电科技,2025-10-16 10:04:08,41.45,7800,41.43,E
sh600584,长电科技,2025-10-16 10:04:11,41.44,81400,41.45,D
sh600584,长电科技,2025-10-16 10:04:14,41.44,15000,41.44,D
sh600584,长电科技,2025-10-16 10:04:20,41.48,15300,41.48,U
sh600584,长电科技,2025-10-16 10:04:23,41.5,56015,41.48,U
sh600584,长电科技,2025-10-16 10:04:26,41.53,10400,41.5,U
sh600584,长电科技,2025-10-16 10:04:29,41.5,11300,41.53,D
sh600584,长电科技,2025-10-16 10:04:35,41.53,10900,41.53,D
sh600584,长电科技,2025-10-16 10:04:44,41.51,5400,41.51,U
sh600584,长电科技,2025-10-16 10:04:47,41.5,11700,41.51,D
sh600584,长电科技,2025-10-16 10:04:50,41.54,14300,41.5,U
sh600584,长电科技,2025-10-16 10:04:56,41.53,12600,41.51,U
sh600584,长电科技,2025-10-16 10:04:59,41.54,15800,41.53,U
sh600584,长电科技,2025-10-16 10:05:02,41.53,7800,41.54,E
sh600584,长电科技,2025-10-16 10:05:08,41.53,9600,41.53,U
sh600584,长电科技,2025-10-16 10:05:11,41.53,10700,41.53,U
sh600584,长电科技,2025-10-16 10:05:14,41.56,21800,41.53,U
sh600584,长电科技,2025-10-16 10:05:17,41.55,22500,41.56,D
sh600584,长电科技,2025-10-16 10:05:26,41.57,28800,41.56,E
sh600584,长电科技,2025-10-16 10:05:29,41.56,6700,41.57,E
sh600584,长电科技,2025-10-16 10:05:35,41.56,14300,41.56,U
sh600584,长电科技,2025-10-16 10:05:38,41.55,7800,41.56,D
sh600584,长电科技,2025-10-16 10:05:44,41.55,8200,41.55,U
sh600584,长电科技,2025-10-16 10:05:47,41.51,11000,41.55,D
sh600584,长电科技,2025-10-16 10:05:53,41.55,15000,41.53,U
sh600584,长电科技,2025-10-16 10:05:56,41.53,14500,41.55,E
sh600584,长电科技,2025-10-16 10:05:59,41.52,5800,41.53,D
sh600584,长电科技,2025-10-16 10:06:02,41.53,13100,41.52,U
sh600584,长电科技,2025-10-16 10:06:14,41.5,5400,41.51,D
sh600584,长电科技,2025-10-16 10:06:17,41.5,4900,41.5,D
sh600584,长电科技,2025-10-16 10:06:20,41.5,33700,41.5,D
sh600584,长电科技,2025-10-16 10:06:23,41.49,29400,41.5,D
sh600584,长电科技,2025-10-16 10:06:29,41.49,15800,41.5,D
sh600584,长电科技,2025-10-16 10:06:38,41.49,7200,41.49,U
sh600584,长电科技,2025-10-16 10:06:41,41.48,6900,41.49,D
sh600584,长电科技,2025-10-16 10:06:44,41.48,5600,41.48,D
sh600584,长电科技,2025-10-16 10:06:50,41.5,5900,41.49,U
sh600584,长电科技,2025-10-16 10:06:59,41.49,7800,41.49,D
sh600584,长电科技,2025-10-16 10:07:08,41.48,5300,41.48,D
sh600584,长电科技,2025-10-16 10:07:11,41.47,7300,41.48,D
sh600584,长电科技,2025-10-16 10:07:17,41.48,15100,41.47,U
sh600584,长电科技,2025-10-16 10:07:23,41.46,21300,41.47,D
sh600584,长电科技,2025-10-16 10:07:32,41.46,15300,41.45,U
sh600584,长电科技,2025-10-16 10:07:35,41.46,8700,41.46,D
sh600584,长电科技,2025-10-16 10:07:38,41.46,8000,41.46,D
sh600584,长电科技,2025-10-16 10:07:41,41.46,51500,41.46,D
sh600584,长电科技,2025-10-16 10:07:44,41.48,7400,41.46,U
sh600584,长电科技,2025-10-16 10:07:47,41.48,14900,41.48,U
sh600584,长电科技,2025-10-16 10:07:50,41.49,16400,41.48,U
sh600584,长电科技,2025-10-16 10:07:53,41.49,20400,41.49,U
sh600584,长电科技,2025-10-16 10:07:56,41.49,8700,41.49,U
sh600584,长电科技,2025-10-16 10:07:59,41.48,61385,41.49,D
sh600584,长电科技,2025-10-16 10:08:02,41.48,10800,41.48,D
sh600584,长电科技,2025-10-16 10:08:05,41.47,12300,41.48,D
sh600584,长电科技,2025-10-16 10:08:08,41.5,39800,41.47,U
sh600584,长电科技,2025-10-16 10:08:11,41.53,64000,41.5,U
sh600584,长电科技,2025-10-16 10:08:14,41.5,12400,41.53,D
sh600584,长电科技,2025-10-16 10:08:17,41.56,25000,41.5,U
sh600584,长电科技,2025-10-16 10:08:35,41.55,21300,41.55,D
sh600584,长电科技,2025-10-16 10:08:38,41.55,8000,41.55,U
sh600584,长电科技,2025-10-16 10:08:41,41.55,6600,41.55,U
sh600584,长电科技,2025-10-16 10:08:47,41.56,7800,41.55,U
sh600584,长电科技,2025-10-16 10:08:50,41.57,12400,41.56,U
sh600584,长电科技,2025-10-16 10:08:56,41.58,9600,41.57,U
sh600584,长电科技,2025-10-16 10:08:59,41.58,5000,41.58,U
sh600584,长电科技,2025-10-16 10:09:02,41.59,9500,41.58,U
sh600584,长电科技,2025-10-16 10:09:08,41.59,6600,41.58,U
sh600584,长电科技,2025-10-16 10:09:14,41.59,12500,41.59,D
sh600584,长电科技,2025-10-16 10:09:17,41.6,5800,41.59,U
sh600584,长电科技,2025-10-16 10:09:20,41.6,13400,41.6,U
sh600584,长电科技,2025-10-16 10:09:29,41.61,6500,41.61,U
sh600584,长电科技,2025-10-16 10:09:38,41.62,50400,41.61,U
sh600584,长电科技,2025-10-16 10:09:41,41.6,8200,41.62,E
sh600584,长电科技,2025-10-16 10:09:50,41.61,57100,41.61,U
sh600584,长电科技,2025-10-16 10:09:56,41.62,21200,41.61,U
sh600584,长电科技,2025-10-16 10:09:59,41.61,33000,41.62,D
sh600584,长电科技,2025-10-16 10:10:05,41.6,10600,41.6,D
sh600584,长电科技,2025-10-16 10:10:11,41.6,5600,41.6,D
sh600584,长电科技,2025-10-16 10:10:14,41.61,6200,41.6,U
sh600584,长电科技,2025-10-16 10:10:20,41.61,7800,41.6,U
sh600584,长电科技,2025-10-16 10:10:26,41.63,8700,41.58,U
sh600584,长电科技,2025-10-16 10:10:29,41.62,6400,41.63,E
sh600584,长电科技,2025-10-16 10:10:35,41.63,9600,41.63,D
sh600584,长电科技,2025-10-16 10:10:38,41.65,4900,41.63,D
sh600584,长电科技,2025-10-16 10:10:41,41.63,5900,41.65,D
sh600584,长电科技,2025-10-16 10:10:44,41.6,14900,41.63,D
sh600584,长电科技,2025-10-16 10:10:50,41.6,10700,41.6,D
sh600584,长电科技,2025-10-16 10:10:56,41.63,23700,41.6,U
sh600584,长电科技,2025-10-16 10:10:59,41.64,16200,41.63,U
sh600584,长电科技,2025-10-16 10:11:02,41.62,13000,41.64,E
sh600584,长电科技,2025-10-16 10:11:05,41.64,7900,41.62,U
sh600584,长电科技,2025-10-16 10:11:08,41.63,6700,41.64,D
sh600584,长电科技,2025-10-16 10:11:11,41.65,6900,41.63,U
sh600584,长电科技,2025-10-16 10:11:14,41.65,6500,41.65,U
sh600584,长电科技,2025-10-16 10:11:17,41.66,22300,41.65,U
sh600584,长电科技,2025-10-16 10:11:20,41.67,6100,41.66,U
sh600584,长电科技,2025-10-16 10:11:26,41.66,5300,41.66,D
sh600584,长电科技,2025-10-16 10:11:29,41.67,11600,41.66,U
sh600584,长电科技,2025-10-16 10:11:32,41.67,12600,41.67,U
sh600584,长电科技,2025-10-16 10:11:35,41.66,8100,41.67,E
sh600584,长电科技,2025-10-16 10:11:41,41.67,6300,41.67,D
sh600584,长电科技,2025-10-16 10:11:44,41.65,32000,41.67,D
sh600584,长电科技,2025-10-16 10:11:47,41.66,7200,41.65,U
sh600584,长电科技,2025-10-16 10:11:50,41.67,5600,41.66,U
sh600584,长电科技,2025-10-16 10:11:53,41.66,8800,41.67,D
sh600584,长电科技,2025-10-16 10:11:56,41.66,16900,41.66,D
sh600584,长电科技,2025-10-16 10:11:59,41.65,15900,41.66,D
sh600584,长电科技,2025-10-16 10:12:02,41.67,13700,41.65,U
sh600584,长电科技,2025-10-16 10:12:08,41.65,13200,41.65,D
sh600584,长电科技,2025-10-16 10:12:11,41.66,13700,41.65,U
sh600584,长电科技,2025-10-16 10:12:14,41.67,17200,41.66,U
sh600584,长电科技,2025-10-16 10:12:20,41.65,9700,41.65,U
sh600584,长电科技,2025-10-16 10:12:23,41.64,6000,41.65,D
sh600584,长电科技,2025-10-16 10:12:26,41.64,5900,41.64,U
sh600584,长电科技,2025-10-16 10:12:29,41.63,16300,41.64,D
sh600584,长电科技,2025-10-16 10:12:32,41.64,17800,41.63,U
sh600584,长电科技,2025-10-16 10:12:35,41.62,13400,41.64,D
sh600584,长电科技,2025-10-16 10:12:38,41.61,20700,41.62,D
sh600584,长电科技,2025-10-16 10:12:41,41.61,6800,41.61,D
sh600584,长电科技,2025-10-16 10:12:44,41.61,5300,41.61,D
sh600584,长电科技,2025-10-16 10:12:47,41.6,7900,41.61,D
sh600584,长电科技,2025-10-16 10:12:53,41.59,8600,41.61,D
sh600584,长电科技,2025-10-16 10:12:59,41.59,8700,41.59,D
sh600584,长电科技,2025-10-16 10:13:02,41.58,12300,41.59,D
sh600584,长电科技,2025-10-16 10:13:05,41.57,22600,41.58,D
sh600584,长电科技,2025-10-16 10:13:08,41.6,14100,41.57,U
sh600584,长电科技,2025-10-16 10:13:11,41.6,9600,41.6,U
sh600584,长电科技,2025-10-16 10:13:14,41.62,51300,41.6,U
sh600584,长电科技,2025-10-16 10:13:17,41.66,18900,41.62,U
sh600584,长电科技,2025-10-16 10:13:20,41.66,5100,41.66,U
sh600584,长电科技,2025-10-16 10:13:23,41.67,36200,41.66,U
sh600584,长电科技,2025-10-16 10:13:29,41.66,7800,41.67,D
sh600584,长电科技,2025-10-16 10:13:35,41.68,19100,41.64,U
sh600584,长电科技,2025-10-16 10:13:38,41.67,7600,41.68,D
sh600584,长电科技,2025-10-16 10:13:41,41.64,34500,41.67,D
sh600584,长电科技,2025-10-16 10:13:47,41.66,7300,41.67,D
sh600584,长电科技,2025-10-16 10:13:50,41.68,14900,41.66,U
sh600584,长电科技,2025-10-16 10:13:53,41.66,4900,41.68,U
sh600584,长电科技,2025-10-16 10:13:56,41.66,11800,41.66,E
sh600584,长电科技,2025-10-16 10:14:02,41.66,35600,41.67,D
sh600584,长电科技,2025-10-16 10:14:17,41.63,7600,41.65,D
sh600584,长电科技,2025-10-16 10:14:23,41.62,6800,41.63,D
sh600584,长电科技,2025-10-16 10:14:35,41.62,9700,41.62,U
sh600584,长电科技,2025-10-16 10:14:44,41.63,5500,41.63,D
sh600584,长电科技,2025-10-16 10:14:50,41.64,16600,41.63,U
sh600584,长电科技,2025-10-16 10:14:53,41.64,51900,41.64,U
sh600584,长电科技,2025-10-16 10:15:02,41.64,28100,41.65,D
sh600584,长电科技,2025-10-16 10:15:11,41.65,6900,41.65,D
sh600584,长电科技,2025-10-16 10:15:14,41.66,50800,41.65,U
sh600584,长电科技,2025-10-16 10:15:17,41.65,12700,41.66,U
sh600584,长电科技,2025-10-16 10:15:32,41.65,50200,41.63,U
sh600584,长电科技,2025-10-16 10:15:35,41.7,116400,41.65,U
sh600584,长电科技,2025-10-16 10:15:38,41.7,37400,41.7,U
sh600584,长电科技,2025-10-16 10:15:41,41.7,5300,41.7,U
sh600584,长电科技,2025-10-16 10:15:47,41.68,7600,41.68,D
sh600584,长电科技,2025-10-16 10:15:50,41.68,5000,41.68,D
sh600584,长电科技,2025-10-16 10:15:56,41.68,7100,41.68,U
sh600584,长电科技,2025-10-16 10:16:02,41.72,14600,41.68,U
sh600584,长电科技,2025-10-16 10:16:20,41.72,24700,41.71,U
sh600584,长电科技,2025-10-16 10:16:23,41.77,95300,41.72,U
sh600584,长电科技,2025-10-16 10:16:29,41.72,19600,41.74,D
sh600584,长电科技,2025-10-16 10:16:35,41.77,5500,41.78,D
sh600584,长电科技,2025-10-16 10:16:38,41.78,9500,41.77,U
sh600584,长电科技,2025-10-16 10:16:41,41.78,10900,41.78,U
sh600584,长电科技,2025-10-16 10:16:44,41.79,18400,41.78,U
sh600584,长电科技,2025-10-16 10:16:47,41.8,13200,41.79,U
sh600584,长电科技,2025-10-16 10:16:50,41.79,5600,41.8,D
sh600584,长电科技,2025-10-16 10:16:53,41.8,11700,41.79,U
sh600584,长电科技,2025-10-16 10:16:56,41.79,9200,41.8,E
sh600584,长电科技,2025-10-16 10:16:59,41.78,51200,41.79,D
sh600584,长电科技,2025-10-16 10:17:02,41.8,35400,41.78,U
sh600584,长电科技,2025-10-16 10:17:05,41.8,16900,41.8,D
sh600584,长电科技,2025-10-16 10:17:08,41.8,8900,41.8,U
sh600584,长电科技,2025-10-16 10:17:11,41.8,10400,41.8,U
sh600584,长电科技,2025-10-16 10:17:14,41.8,25600,41.8,D
sh600584,长电科技,2025-10-16 10:17:17,41.8,5600,41.8,U
sh600584,长电科技,2025-10-16 10:17:20,41.8,9700,41.8,U
sh600584,长电科技,2025-10-16 10:17:23,41.79,8400,41.8,D
sh600584,长电科技,2025-10-16 10:17:29,41.8,12700,41.79,U
sh600584,长电科技,2025-10-16 10:17:32,41.8,8500,41.8,U
sh600584,长电科技,2025-10-16 10:17:35,41.79,31300,41.8,D
sh600584,长电科技,2025-10-16 10:17:38,41.79,5200,41.79,U
sh600584,长电科技,2025-10-16 10:17:41,41.82,22800,41.79,U
sh600584,长电科技,2025-10-16 10:17:47,41.82,8900,41.79,U
sh600584,长电科技,2025-10-16 10:17:50,41.85,41400,41.82,U
sh600584,长电科技,2025-10-16 10:17:53,41.85,33000,41.85,U
sh600584,长电科技,2025-10-16 10:17:56,41.85,6400,41.85,E
sh600584,长电科技,2025-10-16 10:17:59,41.86,18700,41.85,U
sh600584,长电科技,2025-10-16 10:18:02,41.86,5000,41.86,U
sh600584,长电科技,2025-10-16 10:18:05,41.87,5200,41.86,U
sh600584,长电科技,2025-10-16 10:18:08,41.85,56800,41.87,D
sh600584,长电科技,2025-10-16 10:18:11,41.84,15200,41.85,D
sh600584,长电科技,2025-10-16 10:18:14,41.86,17600,41.84,U
sh600584,长电科技,2025-10-16 10:18:17,41.84,8500,41.86,D
sh600584,长电科技,2025-10-16 10:18:20,41.84,25400,41.84,U
sh600584,长电科技,2025-10-16 10:18:23,41.83,10700,41.84,D
sh600584,长电科技,2025-10-16 10:18:26,41.84,5900,41.83,E
sh600584,长电科技,2025-10-16 10:18:29,41.84,9600,41.84,D
sh600584,长电科技,2025-10-16 10:18:32,41.84,13500,41.84,U
sh600584,长电科技,2025-10-16 10:18:35,41.81,6200,41.84,D
sh600584,长电科技,2025-10-16 10:18:38,41.83,33900,41.81,U
sh600584,长电科技,2025-10-16 10:18:41,41.81,6900,41.83,D
sh600584,长电科技,2025-10-16 10:18:47,41.8,6900,41.81,D
sh600584,长电科技,2025-10-16 10:18:50,41.8,14000,41.8,D
sh600584,长电科技,2025-10-16 10:18:53,41.8,7700,41.8,D
sh600584,长电科技,2025-10-16 10:18:56,41.8,9700,41.8,D
sh600584,长电科技,2025-10-16 10:18:59,41.8,5100,41.8,D
sh600584,长电科技,2025-10-16 10:19:05,41.75,45200,41.8,D
sh600584,长电科技,2025-10-16 10:19:11,41.75,4900,41.77,D
sh600584,长电科技,2025-10-16 10:19:17,41.73,6200,41.75,D
sh600584,长电科技,2025-10-16 10:19:20,41.73,5800,41.73,D
sh600584,长电科技,2025-10-16 10:19:32,41.72,17400,41.72,U
sh600584,长电科技,2025-10-16 10:19:38,41.72,7200,41.71,U
sh600584,长电科技,2025-10-16 10:19:41,41.7,15100,41.72,D
sh600584,长电科技,2025-10-16 10:19:44,41.7,5100,41.7,D
sh600584,长电科技,2025-10-16 10:19:47,41.72,10000,41.7,U
sh600584,长电科技,2025-10-16 10:19:50,41.72,6900,41.72,D
sh600584,长电科技,2025-10-16 10:19:53,41.7,5500,41.72,D
sh600584,长电科技,2025-10-16 10:19:56,41.71,13700,41.7,D
sh600584,长电科技,2025-10-16 10:20:02,41.72,6700,41.71,U
sh600584,长电科技,2025-10-16 10:20:05,41.71,7100,41.72,D
sh600584,长电科技,2025-10-16 10:20:08,41.71,11000,41.71,U
sh600584,长电科技,2025-10-16 10:20:11,41.72,5200,41.71,U
sh600584,长电科技,2025-10-16 10:20:14,41.71,6900,41.72,D
sh600584,长电科技,2025-10-16 10:20:23,41.71,7200,41.72,D
sh600584,长电科技,2025-10-16 10:20:26,41.72,14100,41.71,U
sh600584,长电科技,2025-10-16 10:20:29,41.72,6200,41.72,D
sh600584,长电科技,2025-10-16 10:20:32,41.72,5000,41.72,U
sh600584,长电科技,2025-10-16 10:20:38,41.74,6900,41.74,U
sh600584,长电科技,2025-10-16 10:20:47,41.74,12900,41.74,D
sh600584,长电科技,2025-10-16 10:20:50,41.73,6800,41.74,D
sh600584,长电科技,2025-10-16 10:20:53,41.75,7300,41.73,U
sh600584,长电科技,2025-10-16 10:21:02,41.76,8600,41.75,U
sh600584,长电科技,2025-10-16 10:21:05,41.75,15100,41.76,D
sh600584,长电科技,2025-10-16 10:21:14,41.74,7700,41.75,D
sh600584,长电科技,2025-10-16 10:21:17,41.77,5900,41.74,U
sh600584,长电科技,2025-10-16 10:21:20,41.75,5500,41.77,D
sh600584,长电科技,2025-10-16 10:21:29,41.75,5100,41.75,U
sh600584,长电科技,2025-10-16 10:21:32,41.75,4800,41.75,U
sh600584,长电科技,2025-10-16 10:21:41,41.8,95100,41.76,U
sh600584,长电科技,2025-10-16 10:21:44,41.84,28500,41.8,U
sh600584,长电科技,2025-10-16 10:21:50,41.86,13400,41.84,U
sh600584,长电科技,2025-10-16 10:21:56,41.86,10000,41.85,U
sh600584,长电科技,2025-10-16 10:21:59,41.86,9600,41.86,U
sh600584,长电科技,2025-10-16 10:22:02,41.84,9000,41.86,D
sh600584,长电科技,2025-10-16 10:22:05,41.84,44700,41.84,U
sh600584,长电科技,2025-10-16 10:22:08,41.83,9900,41.84,D
sh600584,长电科技,2025-10-16 10:22:11,41.79,9700,41.83,D
sh600584,长电科技,2025-10-16 10:22:20,41.78,10900,41.78,U
sh600584,长电科技,2025-10-16 10:22:26,41.8,8900,41.77,U
sh600584,长电科技,2025-10-16 10:22:29,41.82,14600,41.8,U
sh600584,长电科技,2025-10-16 10:22:32,41.77,6300,41.82,D
sh600584,长电科技,2025-10-16 10:22:38,41.8,4800,41.78,U
sh600584,长电科技,2025-10-16 10:22:41,41.78,5400,41.8,E
sh600584,长电科技,2025-10-16 10:22:44,41.8,7200,41.78,E
sh600584,长电科技,2025-10-16 10:22:47,41.78,6500,41.8,U
sh600584,长电科技,2025-10-16 10:22:50,41.78,17100,41.78,D
sh600584,长电科技,2025-10-16 10:22:53,41.78,8900,41.78,D
sh600584,长电科技,2025-10-16 10:22:56,41.78,5000,41.78,D
sh600584,长电科技,2025-10-16 10:22:59,41.76,28300,41.78,D
sh600584,长电科技,2025-10-16 10:23:02,41.77,10800,41.76,U
sh600584,长电科技,2025-10-16 10:23:05,41.77,14700,41.77,U
sh600584,长电科技,2025-10-16 10:23:08,41.75,6600,41.77,D
sh600584,长电科技,2025-10-16 10:23:11,41.77,7089,41.75,U
sh600584,长电科技,2025-10-16 10:23:17,41.77,12700,41.76,U
sh600584,长电科技,2025-10-16 10:23:20,41.86,140800,41.77,U
sh600584,长电科技,2025-10-16 10:23:23,41.83,16100,41.86,D
sh600584,长电科技,2025-10-16 10:23:26,41.77,12200,41.83,D
sh600584,长电科技,2025-10-16 10:23:32,41.86,5300,41.86,U
sh600584,长电科技,2025-10-16 10:23:35,41.86,8500,41.86,U
sh600584,长电科技,2025-10-16 10:23:38,41.85,8900,41.86,E
sh600584,长电科技,2025-10-16 10:23:41,41.83,8000,41.85,D
sh600584,长电科技,2025-10-16 10:23:44,41.84,6700,41.83,U
sh600584,长电科技,2025-10-16 10:23:47,41.85,4900,41.84,U
sh600584,长电科技,2025-10-16 10:23:50,41.86,8800,41.85,U
sh600584,长电科技,2025-10-16 10:23:53,41.85,9400,41.86,D
sh600584,长电科技,2025-10-16 10:23:56,41.85,11400,41.85,U
sh600584,长电科技,2025-10-16 10:23:59,41.84,23300,41.85,D
sh600584,长电科技,2025-10-16 10:24:02,41.84,6100,41.84,D
sh600584,长电科技,2025-10-16 10:24:05,41.85,28200,41.84,U
sh600584,长电科技,2025-10-16 10:24:08,41.86,16300,41.85,U
sh600584,长电科技,2025-10-16 10:24:11,41.85,8100,41.86,D
sh600584,长电科技,2025-10-16 10:24:14,41.86,5100,41.85,U
sh600584,长电科技,2025-10-16 10:24:17,41.85,13200,41.86,D
sh600584,长电科技,2025-10-16 10:24:20,41.85,5200,41.85,D
sh600584,长电科技,2025-10-16 10:24:23,41.86,11100,41.85,U
sh600584,长电科技,2025-10-16 10:24:26,41.86,10600,41.86,U
sh600584,长电科技,2025-10-16 10:24:29,41.86,17900,41.86,U
sh600584,长电科技,2025-10-16 10:24:32,41.87,23800,41.86,U
sh600584,长电科技,2025-10-16 10:24:35,41.91,126400,41.87,U
sh600584,长电科技,2025-10-16 10:24:38,41.86,35400,41.91,D
sh600584,长电科技,2025-10-16 10:24:41,41.9,19300,41.86,U
sh600584,长电科技,2025-10-16 10:24:44,41.91,6300,41.9,U
sh600584,长电科技,2025-10-16 10:24:50,41.91,24400,41.92,D
sh600584,长电科技,2025-10-16 10:24:53,41.92,16300,41.91,U
sh600584,长电科技,2025-10-16 10:24:56,41.92,8600,41.92,U
sh600584,长电科技,2025-10-16 10:24:59,41.92,53600,41.92,U
sh600584,长电科技,2025-10-16 10:25:02,41.93,21200,41.92,U
sh600584,长电科技,2025-10-16 10:25:05,41.93,38800,41.93,U
sh600584,长电科技,2025-10-16 10:25:08,41.93,27500,41.93,D
sh600584,长电科技,2025-10-16 10:25:11,41.93,20400,41.93,D
sh600584,长电科技,2025-10-16 10:25:14,41.94,17400,41.93,U
sh600584,长电科技,2025-10-16 10:25:17,41.93,22800,41.94,D
sh600584,长电科技,2025-10-16 10:25:20,41.94,46200,41.93,U
sh600584,长电科技,2025-10-16 10:25:23,41.93,28500,41.94,U
sh600584,长电科技,2025-10-16 10:25:26,41.94,190400,41.93,U
sh600584,长电科技,2025-10-16 10:25:29,41.94,33600,41.94,U
sh600584,长电科技,2025-10-16 10:25:32,41.96,10000,41.94,E
sh600584,长电科技,2025-10-16 10:25:35,41.94,20400,41.96,D
sh600584,长电科技,2025-10-16 10:25:38,41.94,19200,41.94,D
sh600584,长电科技,2025-10-16 10:25:41,41.97,20600,41.94,U
sh600584,长电科技,2025-10-16 10:25:44,41.97,13500,41.97,U
sh600584,长电科技,2025-10-16 10:25:47,41.97,27400,41.97,U
sh600584,长电科技,2025-10-16 10:25:50,41.96,42000,41.97,D
sh600584,长电科技,2025-10-16 10:25:53,41.96,47600,41.96,U
sh600584,长电科技,2025-10-16 10:25:56,41.96,23000,41.96,U
sh600584,长电科技,2025-10-16 10:25:59,41.96,80781,41.96,U
sh600584,长电科技,2025-10-16 10:26:02,41.97,33100,41.96,U
sh600584,长电科技,2025-10-16 10:26:05,41.98,27569,41.97,U
sh600584,长电科技,2025-10-16 10:26:08,41.98,12500,41.98,U
sh600584,长电科技,2025-10-16 10:26:11,41.98,54900,41.98,U
sh600584,长电科技,2025-10-16 10:26:14,41.99,21800,41.98,U
sh600584,长电科技,2025-10-16 10:26:17,42.03,271583,41.99,U
sh600584,长电科技,2025-10-16 10:26:20,42.09,23800,42.03,U
sh600584,长电科技,2025-10-16 10:26:23,42.08,11700,42.09,D
sh600584,长电科技,2025-10-16 10:26:26,42.09,47800,42.08,E
sh600584,长电科技,2025-10-16 10:26:29,42.09,55200,42.09,U
sh600584,长电科技,2025-10-16 10:26:32,42.05,73700,42.09,E
sh600584,长电科技,2025-10-16 10:26:35,42.02,36900,42.05,E
sh600584,长电科技,2025-10-16 10:26:38,42.05,44100,42.02,U
sh600584,长电科技,2025-10-16 10:26:41,42.08,33600,42.05,U
sh600584,长电科技,2025-10-16 10:26:44,42.05,20100,42.08,E
sh600584,长电科技,2025-10-16 10:26:47,42.05,81200,42.05,D
sh600584,长电科技,2025-10-16 10:26:50,42.05,64000,42.05,D
sh600584,长电科技,2025-10-16 10:26:53,42.06,90300,42.05,U
sh600584,长电科技,2025-10-16 10:26:56,42.05,55000,42.06,D
sh600584,长电科技,2025-10-16 10:26:59,42.07,51200,42.05,U
sh600584,长电科技,2025-10-16 10:27:02,42.08,23528,42.07,U
sh600584,长电科技,2025-10-16 10:27:05,42.06,112700,42.08,D
sh600584,长电科技,2025-10-16 10:27:08,42.09,38800,42.06,E
sh600584,长电科技,2025-10-16 10:27:11,42.1,23400,42.09,U
sh600584,长电科技,2025-10-16 10:27:14,42.08,45700,42.1,D
sh600584,长电科技,2025-10-16 10:27:17,42.07,40200,42.08,D
sh600584,长电科技,2025-10-16 10:27:20,42.09,99600,42.07,U
sh600584,长电科技,2025-10-16 10:27:23,42.1,64100,42.09,U
sh600584,长电科技,2025-10-16 10:27:26,42.09,24800,42.1,E
sh600584,长电科技,2025-10-16 10:27:29,42.09,71100,42.09,U
sh600584,长电科技,2025-10-16 10:27:32,42.1,29300,42.09,U
sh600584,长电科技,2025-10-16 10:27:35,42.08,37200,42.1,D
sh600584,长电科技,2025-10-16 10:27:38,42.11,46300,42.08,U
sh600584,长电科技,2025-10-16 10:27:41,42.1,54400,42.11,U
sh600584,长电科技,2025-10-16 10:27:44,42.1,32900,42.1,U
sh600584,长电科技,2025-10-16 10:27:47,42.1,26200,42.1,U
sh600584,长电科技,2025-10-16 10:27:50,42.12,41100,42.1,U
sh600584,长电科技,2025-10-16 10:27:53,42.12,20200,42.12,D
sh600584,长电科技,2025-10-16 10:27:56,42.13,33800,42.12,U
sh600584,长电科技,2025-10-16 10:27:59,42.14,40200,42.13,U
sh600584,长电科技,2025-10-16 10:28:02,42.11,188900,42.14,D
sh600584,长电科技,2025-10-16 10:28:05,42.05,370372,42.11,D
sh600584,长电科技,2025-10-16 10:28:08,42.08,93700,42.05,U
sh600584,长电科技,2025-10-16 10:28:11,42.02,59900,42.08,E
sh600584,长电科技,2025-10-16 10:28:14,41.97,49331,42.02,D
sh600584,长电科技,2025-10-16 10:28:17,41.96,7219,41.97,D
sh600584,长电科技,2025-10-16 10:28:20,41.93,53000,41.96,D
sh600584,长电科技,2025-10-16 10:28:23,41.91,22000,41.93,D
sh600584,长电科技,2025-10-16 10:28:26,41.9,8100,41.91,E
sh600584,长电科技,2025-10-16 10:28:29,41.87,21000,41.9,D
sh600584,长电科技,2025-10-16 10:28:32,41.91,17900,41.87,E
sh600584,长电科技,2025-10-16 10:28:35,41.87,23000,41.91,D
sh600584,长电科技,2025-10-16 10:28:38,41.91,17300,41.87,E
sh600584,长电科技,2025-10-16 10:28:41,41.91,9100,41.91,D
sh600584,长电科技,2025-10-16 10:28:44,41.93,31900,41.91,U
sh600584,长电科技,2025-10-16 10:28:47,41.92,21800,41.93,D
sh600584,长电科技,2025-10-16 10:28:50,41.91,19000,41.92,D
sh600584,长电科技,2025-10-16 10:28:53,41.92,18000,41.91,U
sh600584,长电科技,2025-10-16 10:28:56,41.93,8600,41.92,U
sh600584,长电科技,2025-10-16 10:28:59,41.94,11700,41.93,U
sh600584,长电科技,2025-10-16 10:29:02,41.95,19900,41.94,U
sh600584,长电科技,2025-10-16 10:29:05,41.97,18300,41.95,U
sh600584,长电科技,2025-10-16 10:29:08,41.96,57900,41.97,D
sh600584,长电科技,2025-10-16 10:29:11,41.96,11700,41.96,U
sh600584,长电科技,2025-10-16 10:29:14,41.97,18800,41.96,U
sh600584,长电科技,2025-10-16 10:29:17,41.99,36800,41.97,U
sh600584,长电科技,2025-10-16 10:29:20,41.99,5500,41.99,U
sh600584,长电科技,2025-10-16 10:29:23,41.99,57900,41.99,U
sh600584,长电科技,2025-10-16 10:29:26,41.99,10700,41.99,D
sh600584,长电科技,2025-10-16 10:29:29,42.0,10700,41.99,U
sh600584,长电科技,2025-10-16 10:29:32,42.0,13700,42.0,D
sh600584,长电科技,2025-10-16 10:29:35,42.02,10100,42.0,U
sh600584,长电科技,2025-10-16 10:29:38,42.03,7400,42.02,U
sh600584,长电科技,2025-10-16 10:29:41,42.0,69700,42.03,D
sh600584,长电科技,2025-10-16 10:29:44,42.04,10700,42.0,U
sh600584,长电科技,2025-10-16 10:29:47,42.04,13100,42.04,D
sh600584,长电科技,2025-10-16 10:29:50,42.1,23500,42.04,U
sh600584,长电科技,2025-10-16 10:29:53,42.13,37700,42.1,U
sh600584,长电科技,2025-10-16 10:29:56,42.11,7000,42.13,E
sh600584,长电科技,2025-10-16 10:29:59,42.1,25800,42.11,D
sh600584,长电科技,2025-10-16 10:30:02,42.14,20300,42.1,U
sh600584,长电科技,2025-10-16 10:30:05,42.14,28300,42.14,U
sh600584,长电科技,2025-10-16 10:30:08,42.12,24100,42.14,D
sh600584,长电科技,2025-10-16 10:30:11,42.12,75600,42.12,D
sh600584,长电科技,2025-10-16 10:30:14,42.11,22800,42.12,D
sh600584,长电科技,2025-10-16 10:30:17,42.11,21900,42.11,U
sh600584,长电科技,2025-10-16 10:30:20,42.11,14400,42.11,U
sh600584,长电科技,2025-10-16 10:30:23,42.1,29500,42.11,D
sh600584,长电科技,2025-10-16 10:30:26,42.07,7400,42.1,D
sh600584,长电科技,2025-10-16 10:30:29,42.06,14100,42.07,D
sh600584,长电科技,2025-10-16 10:30:32,42.1,28700,42.06,U
sh600584,长电科技,2025-10-16 10:30:35,42.06,22100,42.1,D
sh600584,长电科技,2025-10-16 10:30:38,42.09,12300,42.06,U
sh600584,长电科技,2025-10-16 10:30:41,42.05,48300,42.09,D
sh600584,长电科技,2025-10-16 10:30:44,42.07,15700,42.05,U
sh600584,长电科技,2025-10-16 10:30:47,42.07,25500,42.07,U
sh600584,长电科技,2025-10-16 10:30:50,42.07,21100,42.07,D
sh600584,长电科技,2025-10-16 10:30:53,42.08,22000,42.07,U
sh600584,长电科技,2025-10-16 10:30:56,42.09,8800,42.08,U
sh600584,长电科技,2025-10-16 10:30:59,42.08,7400,42.09,D
sh600584,长电科技,2025-10-16 10:31:02,42.07,41200,42.08,D
sh600584,长电科技,2025-10-16 10:31:05,42.08,28200,42.07,U
sh600584,长电科技,2025-10-16 10:31:08,42.06,40700,42.08,D
sh600584,长电科技,2025-10-16 10:31:11,42.07,16600,42.06,U
sh600584,长电科技,2025-10-16 10:31:14,42.04,84600,42.07,D
sh600584,长电科技,2025-10-16 10:31:17,42.05,9500,42.04,E
sh600584,长电科技,2025-10-16 10:31:20,42.04,14200,42.05,D
sh600584,长电科技,2025-10-16 10:31:23,42.03,7300,42.04,D
sh600584,长电科技,2025-10-16 10:31:26,42.03,39400,42.03,D
sh600584,长电科技,2025-10-16 10:31:29,42.03,49200,42.03,U
sh600584,长电科技,2025-10-16 10:31:32,42.01,42700,42.03,E
sh600584,长电科技,2025-10-16 10:31:35,41.99,17600,42.01,D
sh600584,长电科技,2025-10-16 10:31:38,41.99,7600,41.99,U
sh600584,长电科技,2025-10-16 10:31:44,41.97,12300,41.97,D
sh600584,长电科技,2025-10-16 10:31:47,41.97,43500,41.97,D
sh600584,长电科技,2025-10-16 10:31:53,41.97,36300,41.96,U
sh600584,长电科技,2025-10-16 10:31:56,41.98,18300,41.97,U
sh600584,长电科技,2025-10-16 10:31:59,41.96,7400,41.98,D
sh600584,长电科技,2025-10-16 10:32:02,41.95,11100,41.96,D
sh600584,长电科技,2025-10-16 10:32:05,41.96,41600,41.95,U
sh600584,长电科技,2025-10-16 10:32:08,41.96,17500,41.96,D
sh600584,长电科技,2025-10-16 10:32:11,41.96,8600,41.96,D
sh600584,长电科技,2025-10-16 10:32:17,41.95,24900,41.96,D
sh600584,长电科技,2025-10-16 10:32:20,41.95,18500,41.95,D
sh600584,长电科技,2025-10-16 10:32:23,41.96,8700,41.95,U
sh600584,长电科技,2025-10-16 10:32:26,41.95,11100,41.96,D
sh600584,长电科技,2025-10-16 10:32:29,41.95,30200,41.95,D
sh600584,长电科技,2025-10-16 10:32:32,41.95,17800,41.95,U
sh600584,长电科技,2025-10-16 10:32:35,41.96,49100,41.95,U
sh600584,长电科技,2025-10-16 10:32:38,41.95,13800,41.96,D
sh600584,长电科技,2025-10-16 10:32:44,41.97,9300,41.96,U
sh600584,长电科技,2025-10-16 10:32:47,41.98,11600,41.97,U
sh600584,长电科技,2025-10-16 10:32:50,41.96,4800,41.98,D
sh600584,长电科技,2025-10-16 10:32:53,41.96,20900,41.96,U
sh600584,长电科技,2025-10-16 10:32:59,41.93,6700,41.93,D
sh600584,长电科技,2025-10-16 10:33:02,41.92,10500,41.93,D
sh600584,长电科技,2025-10-16 10:33:05,41.93,8000,41.92,U
sh600584,长电科技,2025-10-16 10:33:11,41.95,10800,41.93,U
sh600584,长电科技,2025-10-16 10:33:14,41.95,27300,41.95,U
sh600584,长电科技,2025-10-16 10:33:17,41.95,18200,41.95,D
sh600584,长电科技,2025-10-16 10:33:20,41.95,13600,41.95,D
sh600584,长电科技,2025-10-16 10:33:23,41.96,5700,41.95,E
sh600584,长电科技,2025-10-16 10:33:26,41.97,13300,41.96,U
sh600584,长电科技,2025-10-16 10:33:29,41.98,5600,41.97,U
sh600584,长电科技,2025-10-16 10:33:35,42.0,11500,41.98,U
sh600584,长电科技,2025-10-16 10:33:38,42.0,6700,42.0,U
sh600584,长电科技,2025-10-16 10:33:41,41.98,6600,42.0,D
sh600584,长电科技,2025-10-16 10:33:47,42.0,10900,41.99,U
sh600584,长电科技,2025-10-16 10:33:50,42.0,7100,42.0,U
sh600584,长电科技,2025-10-16 10:33:53,42.01,33300,42.0,U
sh600584,长电科技,2025-10-16 10:33:56,42.0,18100,42.01,E
sh600584,长电科技,2025-10-16 10:33:59,41.99,17100,42.0,D
sh600584,长电科技,2025-10-16 10:34:02,42.0,64300,41.99,U
sh600584,长电科技,2025-10-16 10:34:05,42.0,25500,42.0,D
sh600584,长电科技,2025-10-16 10:34:08,42.0,11200,42.0,U
sh600584,长电科技,2025-10-16 10:34:11,41.96,60000,42.0,D
sh600584,长电科技,2025-10-16 10:34:14,41.95,36700,41.96,D
sh600584,长电科技,2025-10-16 10:34:17,41.92,17900,41.95,D
sh600584,长电科技,2025-10-16 10:34:20,41.9,39100,41.92,D
sh600584,长电科技,2025-10-16 10:34:23,41.92,32200,41.9,U
sh600584,长电科技,2025-10-16 10:34:32,41.89,9300,41.89,D
sh600584,长电科技,2025-10-16 10:34:35,41.89,5000,41.89,D
sh600584,长电科技,2025-10-16 10:34:38,41.89,10800,41.89,U
sh600584,长电科技,2025-10-16 10:34:41,41.88,5300,41.89,D
sh600584,长电科技,2025-10-16 10:34:44,41.88,7700,41.88,U
sh600584,长电科技,2025-10-16 10:34:47,41.87,23500,41.88,D
sh600584,长电科技,2025-10-16 10:34:53,41.86,30800,41.86,D
sh600584,长电科技,2025-10-16 10:34:56,41.84,37200,41.86,D
sh600584,长电科技,2025-10-16 10:34:59,41.84,32700,41.84,D
sh600584,长电科技,2025-10-16 10:35:02,41.83,16600,41.84,D
sh600584,长电科技,2025-10-16 10:35:05,41.85,68900,41.83,U
sh600584,长电科技,2025-10-16 10:35:08,41.83,11900,41.85,D
sh600584,长电科技,2025-10-16 10:35:11,41.83,26900,41.83,U
sh600584,长电科技,2025-10-16 10:35:14,41.86,47600,41.83,U
sh600584,长电科技,2025-10-16 10:35:17,41.85,7500,41.86,D
sh600584,长电科技,2025-10-16 10:35:23,41.87,14900,41.85,U
sh600584,长电科技,2025-10-16 10:35:26,41.88,16900,41.87,U
sh600584,长电科技,2025-10-16 10:35:29,41.84,20400,41.88,D
sh600584,长电科技,2025-10-16 10:35:35,41.85,7300,41.88,D
sh600584,长电科技,2025-10-16 10:35:41,41.85,11000,41.85,D
sh600584,长电科技,2025-10-16 10:35:44,41.86,11700,41.85,U
sh600584,长电科技,2025-10-16 10:35:47,41.86,23700,41.86,D
sh600584,长电科技,2025-10-16 10:35:50,41.86,5200,41.86,U
sh600584,长电科技,2025-10-16 10:35:53,41.85,10700,41.86,D
sh600584,长电科技,2025-10-16 10:35:56,41.84,11200,41.85,D
sh600584,长电科技,2025-10-16 10:36:02,41.86,10000,41.85,U
sh600584,长电科技,2025-10-16 10:36:05,41.86,17200,41.86,D
sh600584,长电科技,2025-10-16 10:36:08,41.9,26000,41.86,U
sh600584,长电科技,2025-10-16 10:36:11,41.92,25000,41.9,U
sh600584,长电科技,2025-10-16 10:36:14,41.92,13400,41.92,D
sh600584,长电科技,2025-10-16 10:36:23,41.95,14700,41.92,D
sh600584,长电科技,2025-10-16 10:36:32,41.96,11500,41.96,D
sh600584,长电科技,2025-10-16 10:36:35,41.95,41000,41.96,D
sh600584,长电科技,2025-10-16 10:36:38,41.95,6000,41.95,U
sh600584,长电科技,2025-10-16 10:36:44,41.95,9800,41.94,U
sh600584,长电科技,2025-10-16 10:36:47,41.95,6500,41.95,U
sh600584,长电科技,2025-10-16 10:36:50,41.95,9600,41.95,U
sh600584,长电科技,2025-10-16 10:36:53,41.95,9500,41.95,U
sh600584,长电科技,2025-10-16 10:36:56,41.94,14200,41.95,E
sh600584,长电科技,2025-10-16 10:36:59,41.94,14100,41.94,U
sh600584,长电科技,2025-10-16 10:37:05,41.95,6300,41.94,U
sh600584,长电科技,2025-10-16 10:37:11,41.93,11200,41.94,D
sh600584,长电科技,2025-10-16 10:37:17,41.92,30500,41.94,D
sh600584,长电科技,2025-10-16 10:37:20,41.93,16400,41.92,E
sh600584,长电科技,2025-10-16 10:37:23,41.92,5100,41.93,D
sh600584,长电科技,2025-10-16 10:37:29,41.94,20200,41.93,U
sh600584,长电科技,2025-10-16 10:37:32,41.92,8400,41.94,D
sh600584,长电科技,2025-10-16 10:37:38,41.94,6300,41.95,D
sh600584,长电科技,2025-10-16 10:37:44,41.96,25800,41.94,U
sh600584,长电科技,2025-10-16 10:37:47,41.98,39500,41.96,E
sh600584,长电科技,2025-10-16 10:37:50,41.97,40200,41.98,D
sh600584,长电科技,2025-10-16 10:37:53,42.0,25000,41.97,U
sh600584,长电科技,2025-10-16 10:37:56,41.99,34200,42.0,E
sh600584,长电科技,2025-10-16 10:37:59,42.01,9400,41.99,U
sh600584,长电科技,2025-10-16 10:38:02,42.07,74300,42.01,U
sh600584,长电科技,2025-10-16 10:38:05,42.08,8200,42.07,U
sh600584,长电科技,2025-10-16 10:38:08,42.09,10300,42.08,U
sh600584,长电科技,2025-10-16 10:38:14,42.1,10500,42.09,U
sh600584,长电科技,2025-10-16 10:38:17,42.09,16400,42.1,U
sh600584,长电科技,2025-10-16 10:38:20,42.09,10700,42.09,U
sh600584,长电科技,2025-10-16 10:38:23,42.1,11600,42.09,U
sh600584,长电科技,2025-10-16 10:38:26,42.09,15300,42.1,D
sh600584,长电科技,2025-10-16 10:38:29,42.09,21000,42.09,D
sh600584,长电科技,2025-10-16 10:38:32,42.1,80611,42.09,U
sh600584,长电科技,2025-10-16 10:38:35,42.11,23700,42.1,U
sh600584,长电科技,2025-10-16 10:38:38,42.11,23500,42.11,U
sh600584,长电科技,2025-10-16 10:38:41,42.11,37100,42.11,U
sh600584,长电科技,2025-10-16 10:38:44,42.11,5100,42.11,D
sh600584,长电科技,2025-10-16 10:38:47,42.12,29600,42.11,U
sh600584,长电科技,2025-10-16 10:38:50,42.12,15200,42.12,U
sh600584,长电科技,2025-10-16 10:38:53,42.11,9900,42.12,D
sh600584,长电科技,2025-10-16 10:38:56,42.11,10700,42.11,D
sh600584,长电科技,2025-10-16 10:38:59,42.13,19300,42.11,U
sh600584,长电科技,2025-10-16 10:39:02,42.13,113300,42.13,U
sh600584,长电科技,2025-10-16 10:39:05,42.13,4900,42.13,D
sh600584,长电科技,2025-10-16 10:39:08,42.11,27700,42.13,D
sh600584,长电科技,2025-10-16 10:39:11,42.13,13100,42.11,U
sh600584,长电科技,2025-10-16 10:39:14,42.11,6900,42.13,D
sh600584,长电科技,2025-10-16 10:39:17,42.13,42700,42.11,U
sh600584,长电科技,2025-10-16 10:39:20,42.13,34400,42.13,D
sh600584,长电科技,2025-10-16 10:39:23,42.13,39000,42.13,E
sh600584,长电科技,2025-10-16 10:39:26,42.12,15600,42.13,D
sh600584,长电科技,2025-10-16 10:39:32,42.12,58400,42.12,U
sh600584,长电科技,2025-10-16 10:39:35,42.12,22800,42.12,D
sh600584,长电科技,2025-10-16 10:39:38,42.13,26100,42.12,U
sh600584,长电科技,2025-10-16 10:39:41,42.11,6300,42.13,D
sh600584,长电科技,2025-10-16 10:39:44,42.13,17000,42.11,U
sh600584,长电科技,2025-10-16 10:39:47,42.13,12200,42.13,U
sh600584,长电科技,2025-10-16 10:39:50,42.12,62700,42.13,D
sh600584,长电科技,2025-10-16 10:39:53,42.16,108400,42.12,U
sh600584,长电科技,2025-10-16 10:39:56,42.17,19000,42.16,U
sh600584,长电科技,2025-10-16 10:39:59,42.18,49800,42.17,U
sh600584,长电科技,2025-10-16 10:40:02,42.19,51800,42.18,U
sh600584,长电科技,2025-10-16 10:40:05,42.24,259300,42.19,U
sh600584,长电科技,2025-10-16 10:40:08,42.24,10400,42.24,U
sh600584,长电科技,2025-10-16 10:40:11,42.24,27200,42.24,U
sh600584,长电科技,2025-10-16 10:40:14,42.25,50300,42.24,U
sh600584,长电科技,2025-10-16 10:40:17,42.25,19100,42.25,D
sh600584,长电科技,2025-10-16 10:40:20,42.27,33800,42.25,U
sh600584,长电科技,2025-10-16 10:40:23,42.28,34300,42.27,U
sh600584,长电科技,2025-10-16 10:40:26,42.29,61300,42.28,U
sh600584,长电科技,2025-10-16 10:40:29,42.3,15900,42.29,U
sh600584,长电科技,2025-10-16 10:40:32,42.3,67200,42.3,U
sh600584,长电科技,2025-10-16 10:40:35,42.31,67200,42.3,U
sh600584,长电科技,2025-10-16 10:40:38,42.33,14800,42.31,U
sh600584,长电科技,2025-10-16 10:40:41,42.33,24300,42.33,U
sh600584,长电科技,2025-10-16 10:40:44,42.32,221200,42.33,D
sh600584,长电科技,2025-10-16 10:40:47,42.3,82700,42.32,E
sh600584,长电科技,2025-10-16 10:40:50,42.28,42700,42.3,D
sh600584,长电科技,2025-10-16 10:40:53,42.29,54000,42.28,E
sh600584,长电科技,2025-10-16 10:40:56,42.28,23600,42.29,U
sh600584,长电科技,2025-10-16 10:40:59,42.3,42500,42.28,U
sh600584,长电科技,2025-10-16 10:41:02,42.3,40100,42.3,D
sh600584,长电科技,2025-10-16 10:41:05,42.3,28800,42.3,D
sh600584,长电科技,2025-10-16 10:41:08,42.3,45500,42.3,D
sh600584,长电科技,2025-10-16 10:41:11,42.32,52200,42.3,U
sh600584,长电科技,2025-10-16 10:41:14,42.3,40500,42.32,D
sh600584,长电科技,2025-10-16 10:41:17,42.3,19400,42.3,D
sh600584,长电科技,2025-10-16 10:41:20,42.3,33900,42.3,U
sh600584,长电科技,2025-10-16 10:41:23,42.28,37100,42.3,D
sh600584,长电科技,2025-10-16 10:41:26,42.29,34000,42.28,U
sh600584,长电科技,2025-10-16 10:41:29,42.31,40300,42.29,U
sh600584,长电科技,2025-10-16 10:41:32,42.29,24300,42.31,D
sh600584,长电科技,2025-10-16 10:41:35,42.3,17500,42.29,U
sh600584,长电科技,2025-10-16 10:41:38,42.27,16000,42.3,D
sh600584,长电科技,2025-10-16 10:41:41,42.29,7900,42.27,U
sh600584,长电科技,2025-10-16 10:41:44,42.3,80700,42.29,U
sh600584,长电科技,2025-10-16 10:41:47,42.3,52400,42.3,D
sh600584,长电科技,2025-10-16 10:41:50,42.29,45500,42.3,D
sh600584,长电科技,2025-10-16 10:41:53,42.3,25200,42.29,U
sh600584,长电科技,2025-10-16 10:41:56,42.29,30300,42.3,D
sh600584,长电科技,2025-10-16 10:41:59,42.3,39600,42.29,U
sh600584,长电科技,2025-10-16 10:42:02,42.29,84200,42.3,D
sh600584,长电科技,2025-10-16 10:42:05,42.29,22800,42.29,D
sh600584,长电科技,2025-10-16 10:42:08,42.28,25000,42.29,D
sh600584,长电科技,2025-10-16 10:42:11,42.27,71300,42.28,D
sh600584,长电科技,2025-10-16 10:42:14,42.26,39600,42.27,D
sh600584,长电科技,2025-10-16 10:42:17,42.26,10100,42.26,D
sh600584,长电科技,2025-10-16 10:42:20,42.26,24300,42.26,D
sh600584,长电科技,2025-10-16 10:42:23,42.24,50900,42.26,D
sh600584,长电科技,2025-10-16 10:42:26,42.24,32500,42.24,D
sh600584,长电科技,2025-10-16 10:42:29,42.25,24400,42.24,U
sh600584,长电科技,2025-10-16 10:42:32,42.24,18300,42.25,D
sh600584,长电科技,2025-10-16 10:42:35,42.24,8800,42.24,U
sh600584,长电科技,2025-10-16 10:42:38,42.24,16200,42.24,U
sh600584,长电科技,2025-10-16 10:42:41,42.24,29600,42.24,D
sh600584,长电科技,2025-10-16 10:42:44,42.24,13600,42.24,D
sh600584,长电科技,2025-10-16 10:42:47,42.24,20400,42.24,D
sh600584,长电科技,2025-10-16 10:42:50,42.24,14800,42.24,D
sh600584,长电科技,2025-10-16 10:42:53,42.24,38000,42.24,D
sh600584,长电科技,2025-10-16 10:42:59,42.23,5500,42.24,D
sh600584,长电科技,2025-10-16 10:43:02,42.24,10900,42.23,U
sh600584,长电科技,2025-10-16 10:43:05,42.21,11900,42.24,D
sh600584,长电科技,2025-10-16 10:43:08,42.24,10100,42.21,U
sh600584,长电科技,2025-10-16 10:43:11,42.24,7900,42.24,U
sh600584,长电科技,2025-10-16 10:43:14,42.24,65686,42.24,U
sh600584,长电科技,2025-10-16 10:43:17,42.24,13400,42.24,D
sh600584,长电科技,2025-10-16 10:43:20,42.25,11200,42.24,U
sh600584,长电科技,2025-10-16 10:43:23,42.25,5100,42.25,U
sh600584,长电科技,2025-10-16 10:43:26,42.24,15400,42.25,D
sh600584,长电科技,2025-10-16 10:43:29,42.25,7100,42.24,U
sh600584,长电科技,2025-10-16 10:43:35,42.25,27000,42.26,D
sh600584,长电科技,2025-10-16 10:43:38,42.26,22100,42.25,U
sh600584,长电科技,2025-10-16 10:43:41,42.26,50000,42.26,U
sh600584,长电科技,2025-10-16 10:43:44,42.26,56000,42.26,U
sh600584,长电科技,2025-10-16 10:43:47,42.26,45500,42.26,U
sh600584,长电科技,2025-10-16 10:43:53,42.27,12900,42.27,D
sh600584,长电科技,2025-10-16 10:43:56,42.28,6000,42.27,U
sh600584,长电科技,2025-10-16 10:43:59,42.28,37300,42.28,D
sh600584,长电科技,2025-10-16 10:44:02,42.29,10800,42.28,U
sh600584,长电科技,2025-10-16 10:44:05,42.29,23900,42.29,U
sh600584,长电科技,2025-10-16 10:44:08,42.3,5700,42.29,U
sh600584,长电科技,2025-10-16 10:44:11,42.3,22200,42.3,U
sh600584,长电科技,2025-10-16 10:44:14,42.3,18300,42.3,U
sh600584,长电科技,2025-10-16 10:44:17,42.3,7500,42.3,D
sh600584,长电科技,2025-10-16 10:44:20,42.3,22800,42.3,D
sh600584,长电科技,2025-10-16 10:44:23,42.31,18673,42.3,U
sh600584,长电科技,2025-10-16 10:44:26,42.32,11700,42.31,U
sh600584,长电科技,2025-10-16 10:44:29,42.32,23900,42.32,U
sh600584,长电科技,2025-10-16 10:44:32,42.33,22600,42.32,U
sh600584,长电科技,2025-10-16 10:44:35,42.32,10400,42.33,D
sh600584,长电科技,2025-10-16 10:44:38,42.32,42300,42.32,D
sh600584,长电科技,2025-10-16 10:44:41,42.33,43500,42.32,U
sh600584,长电科技,2025-10-16 10:44:44,42.33,17300,42.33,U
sh600584,长电科技,2025-10-16 10:44:47,42.34,49800,42.33,U
sh600584,长电科技,2025-10-16 10:44:50,42.33,157700,42.34,D
sh600584,长电科技,2025-10-16 10:44:53,42.29,122827,42.33,D
sh600584,长电科技,2025-10-16 10:44:56,42.3,20200,42.29,U
sh600584,长电科技,2025-10-16 10:44:59,42.33,10500,42.3,U
sh600584,长电科技,2025-10-16 10:45:02,42.3,12100,42.33,E
sh600584,长电科技,2025-10-16 10:45:05,42.28,87100,42.3,D
sh600584,长电科技,2025-10-16 10:45:08,42.29,25400,42.28,U
sh600584,长电科技,2025-10-16 10:45:11,42.28,29100,42.29,E
sh600584,长电科技,2025-10-16 10:45:14,42.28,28200,42.28,D
sh600584,长电科技,2025-10-16 10:45:17,42.26,70600,42.28,D
sh600584,长电科技,2025-10-16 10:45:20,42.25,29600,42.26,D
sh600584,长电科技,2025-10-16 10:45:23,42.24,22300,42.25,D
sh600584,长电科技,2025-10-16 10:45:26,42.23,8500,42.24,D
sh600584,长电科技,2025-10-16 10:45:29,42.25,9200,42.23,U
sh600584,长电科技,2025-10-16 10:45:32,42.24,8700,42.25,D
sh600584,长电科技,2025-10-16 10:45:35,42.26,23900,42.24,U
sh600584,长电科技,2025-10-16 10:45:41,42.26,16900,42.25,U
sh600584,长电科技,2025-10-16 10:45:44,42.25,11200,42.26,D
sh600584,长电科技,2025-10-16 10:45:47,42.25,7500,42.25,D
sh600584,长电科技,2025-10-16 10:45:50,42.25,10600,42.25,D
sh600584,长电科技,2025-10-16 10:45:53,42.27,12100,42.25,U
sh600584,长电科技,2025-10-16 10:45:56,42.26,20700,42.27,D
sh600584,长电科技,2025-10-16 10:45:59,42.27,10200,42.26,U
sh600584,长电科技,2025-10-16 10:46:02,42.28,35900,42.27,U
sh600584,长电科技,2025-10-16 10:46:05,42.32,38200,42.28,U
sh600584,长电科技,2025-10-16 10:46:08,42.32,15800,42.32,U
sh600584,长电科技,2025-10-16 10:46:14,42.32,26600,42.32,D
sh600584,长电科技,2025-10-16 10:46:17,42.33,10188,42.32,U
sh600584,长电科技,2025-10-16 10:46:20,42.34,14700,42.33,U
sh600584,长电科技,2025-10-16 10:46:23,42.34,35700,42.34,U
sh600584,长电科技,2025-10-16 10:46:26,42.34,8400,42.34,U
sh600584,长电科技,2025-10-16 10:46:29,42.34,18600,42.34,D
sh600584,长电科技,2025-10-16 10:46:32,42.35,85500,42.34,U
sh600584,长电科技,2025-10-16 10:46:35,42.35,24900,42.35,U
sh600584,长电科技,2025-10-16 10:46:38,42.36,37500,42.35,U
sh600584,长电科技,2025-10-16 10:46:41,42.36,18800,42.36,U
sh600584,长电科技,2025-10-16 10:46:44,42.37,32500,42.36,U
sh600584,长电科技,2025-10-16 10:46:47,42.37,29000,42.37,U
sh600584,长电科技,2025-10-16 10:46:50,42.37,9400,42.37,U
sh600584,长电科技,2025-10-16 10:46:53,42.38,28100,42.37,U
sh600584,长电科技,2025-10-16 10:46:56,42.38,25300,42.38,U
sh600584,长电科技,2025-10-16 10:46:59,42.39,34300,42.38,U
sh600584,长电科技,2025-10-16 10:47:02,42.38,56300,42.39,D
sh600584,长电科技,2025-10-16 10:47:05,42.38,22800,42.38,D
sh600584,长电科技,2025-10-16 10:47:08,42.4,53500,42.38,U
sh600584,长电科技,2025-10-16 10:47:11,42.4,14500,42.4,U
sh600584,长电科技,2025-10-16 10:47:14,42.4,15400,42.4,U
sh600584,长电科技,2025-10-16 10:47:17,42.4,44100,42.4,U
sh600584,长电科技,2025-10-16 10:47:20,42.39,47400,42.4,D
sh600584,长电科技,2025-10-16 10:47:23,42.39,67400,42.39,U
sh600584,长电科技,2025-10-16 10:47:26,42.39,17800,42.39,U
sh600584,长电科技,2025-10-16 10:47:29,42.39,25900,42.39,U
sh600584,长电科技,2025-10-16 10:47:32,42.39,27600,42.39,U
sh600584,长电科技,2025-10-16 10:47:35,42.39,20100,42.39,U
sh600584,长电科技,2025-10-16 10:47:38,42.39,19600,42.39,D
sh600584,长电科技,2025-10-16 10:47:41,42.39,31800,42.39,D
sh600584,长电科技,2025-10-16 10:47:44,42.37,40500,42.39,D
sh600584,长电科技,2025-10-16 10:47:47,42.37,45800,42.37,D
sh600584,长电科技,2025-10-16 10:47:50,42.35,16600,42.37,D
sh600584,长电科技,2025-10-16 10:47:53,42.36,8000,42.35,E
sh600584,长电科技,2025-10-16 10:47:56,42.37,33800,42.36,U
sh600584,长电科技,2025-10-16 10:47:59,42.35,18200,42.37,D
sh600584,长电科技,2025-10-16 10:48:02,42.38,35400,42.35,U
sh600584,长电科技,2025-10-16 10:48:05,42.38,6700,42.38,D
sh600584,长电科技,2025-10-16 10:48:08,42.38,37700,42.38,D
sh600584,长电科技,2025-10-16 10:48:11,42.38,20300,42.38,D
sh600584,长电科技,2025-10-16 10:48:14,42.38,25400,42.38,D
sh600584,长电科技,2025-10-16 10:48:17,42.38,38100,42.38,D
sh600584,长电科技,2025-10-16 10:48:20,42.38,26200,42.38,D
sh600584,长电科技,2025-10-16 10:48:23,42.39,43700,42.38,U
sh600584,长电科技,2025-10-16 10:48:26,42.39,13800,42.39,U
sh600584,长电科技,2025-10-16 10:48:29,42.4,32700,42.39,U
sh600584,长电科技,2025-10-16 10:48:32,42.38,87400,42.4,D
sh600584,长电科技,2025-10-16 10:48:35,42.4,56200,42.38,U
sh600584,长电科技,2025-10-16 10:48:38,42.47,176400,42.4,U
sh600584,长电科技,2025-10-16 10:48:41,42.47,101100,42.47,D
sh600584,长电科技,2025-10-16 10:48:44,42.48,6900,42.47,E
sh600584,长电科技,2025-10-16 10:48:47,42.48,17300,42.48,D
sh600584,长电科技,2025-10-16 10:48:50,42.48,46300,42.48,U
sh600584,长电科技,2025-10-16 10:48:53,42.49,22600,42.48,U
sh600584,长电科技,2025-10-16 10:48:56,42.49,25900,42.49,U
sh600584,长电科技,2025-10-16 10:48:59,42.5,36300,42.49,U
sh600584,长电科技,2025-10-16 10:49:02,42.49,73900,42.5,D
sh600584,长电科技,2025-10-16 10:49:05,42.49,72400,42.49,U
sh600584,长电科技,2025-10-16 10:49:08,42.48,40800,42.49,D
sh600584,长电科技,2025-10-16 10:49:11,42.49,52600,42.48,U
sh600584,长电科技,2025-10-16 10:49:14,42.49,49200,42.49,D
sh600584,长电科技,2025-10-16 10:49:17,42.49,34500,42.49,D
sh600584,长电科技,2025-10-16 10:49:20,42.49,43000,42.49,D
sh600584,长电科技,2025-10-16 10:49:23,42.49,36600,42.49,D
sh600584,长电科技,2025-10-16 10:49:26,42.49,37300,42.49,U
sh600584,长电科技,2025-10-16 10:49:29,42.49,33700,42.49,U
sh600584,长电科技,2025-10-16 10:49:32,42.5,21400,42.49,U
sh600584,长电科技,2025-10-16 10:49:35,42.5,41400,42.5,U
sh600584,长电科技,2025-10-16 10:49:38,42.49,22500,42.5,D
sh600584,长电科技,2025-10-16 10:49:41,42.5,29200,42.49,U
sh600584,长电科技,2025-10-16 10:49:44,42.5,86100,42.5,U
sh600584,长电科技,2025-10-16 10:49:47,42.49,105700,42.5,D
sh600584,长电科技,2025-10-16 10:49:50,42.5,23700,42.49,U
sh600584,长电科技,2025-10-16 10:49:53,42.5,23600,42.5,U
sh600584,长电科技,2025-10-16 10:49:56,42.51,63200,42.5,U
sh600584,长电科技,2025-10-16 10:49:59,42.51,14400,42.51,D
sh600584,长电科技,2025-10-16 10:50:02,42.51,21900,42.51,D
sh600584,长电科技,2025-10-16 10:50:05,42.52,12100,42.51,U
sh600584,长电科技,2025-10-16 10:50:08,42.52,40500,42.52,D
sh600584,长电科技,2025-10-16 10:50:11,42.52,80400,42.52,D
sh600584,长电科技,2025-10-16 10:50:14,42.51,121500,42.52,D
sh600584,长电科技,2025-10-16 10:50:17,42.49,26800,42.51,D
sh600584,长电科技,2025-10-16 10:50:20,42.5,19500,42.49,U
sh600584,长电科技,2025-10-16 10:50:23,42.49,17900,42.5,D
sh600584,长电科技,2025-10-16 10:50:26,42.5,30500,42.49,U
sh600584,长电科技,2025-10-16 10:50:29,42.5,24200,42.5,U
sh600584,长电科技,2025-10-16 10:50:32,42.48,89800,42.5,D
sh600584,长电科技,2025-10-16 10:50:35,42.46,35900,42.48,D
sh600584,长电科技,2025-10-16 10:50:38,42.48,18600,42.46,U
sh600584,长电科技,2025-10-16 10:50:41,42.45,15200,42.48,D
sh600584,长电科技,2025-10-16 10:50:44,42.44,19700,42.45,D
sh600584,长电科技,2025-10-16 10:50:47,42.44,10300,42.44,D
sh600584,长电科技,2025-10-16 10:50:50,42.43,13700,42.44,D
sh600584,长电科技,2025-10-16 10:50:53,42.44,31400,42.43,U
sh600584,长电科技,2025-10-16 10:50:56,42.42,12500,42.44,D
sh600584,长电科技,2025-10-16 10:50:59,42.42,64000,42.42,U
sh600584,长电科技,2025-10-16 10:51:02,42.41,14000,42.42,D
sh600584,长电科技,2025-10-16 10:51:05,42.41,5700,42.41,U
sh600584,长电科技,2025-10-16 10:51:08,42.41,21600,42.41,U
sh600584,长电科技,2025-10-16 10:51:11,42.4,19400,42.41,D
sh600584,长电科技,2025-10-16 10:51:14,42.41,65700,42.4,U
sh600584,长电科技,2025-10-16 10:51:17,42.41,18200,42.41,D
sh600584,长电科技,2025-10-16 10:51:20,42.41,14400,42.41,D
sh600584,长电科技,2025-10-16 10:51:23,42.42,25600,42.41,U
sh600584,长电科技,2025-10-16 10:51:26,42.42,6800,42.42,D
sh600584,长电科技,2025-10-16 10:51:29,42.42,14100,42.42,D
sh600584,长电科技,2025-10-16 10:51:32,42.41,44700,42.42,D
sh600584,长电科技,2025-10-16 10:51:35,42.43,28300,42.41,U
sh600584,长电科技,2025-10-16 10:51:38,42.43,8900,42.43,D
sh600584,长电科技,2025-10-16 10:51:41,42.45,9000,42.43,U
sh600584,长电科技,2025-10-16 10:51:44,42.45,6600,42.45,D
sh600584,长电科技,2025-10-16 10:51:47,42.46,10800,42.45,U
sh600584,长电科技,2025-10-16 10:51:50,42.47,7100,42.46,U
sh600584,长电科技,2025-10-16 10:51:53,42.47,14500,42.47,U
sh600584,长电科技,2025-10-16 10:51:56,42.47,8300,42.47,D
sh600584,长电科技,2025-10-16 10:51:59,42.48,8200,42.47,U
sh600584,长电科技,2025-10-16 10:52:02,42.48,17100,42.48,U
sh600584,长电科技,2025-10-16 10:52:05,42.49,21600,42.48,U
sh600584,长电科技,2025-10-16 10:52:11,42.5,14400,42.49,U
sh600584,长电科技,2025-10-16 10:52:14,42.51,97900,42.5,U
sh600584,长电科技,2025-10-16 10:52:17,42.51,9200,42.51,U
sh600584,长电科技,2025-10-16 10:52:20,42.52,13000,42.51,U
sh600584,长电科技,2025-10-16 10:52:23,42.52,58400,42.52,U
sh600584,长电科技,2025-10-16 10:52:26,42.53,14100,42.52,E
sh600584,长电科技,2025-10-16 10:52:29,42.54,32400,42.53,U
sh600584,长电科技,2025-10-16 10:52:32,42.54,6000,42.54,U
sh600584,长电科技,2025-10-16 10:52:35,42.54,18000,42.54,D
sh600584,长电科技,2025-10-16 10:52:38,42.54,45700,42.54,D
sh600584,长电科技,2025-10-16 10:52:41,42.56,49400,42.54,U
sh600584,长电科技,2025-10-16 10:52:44,42.56,30400,42.56,U
sh600584,长电科技,2025-10-16 10:52:47,42.58,20900,42.56,U
sh600584,长电科技,2025-10-16 10:52:50,42.58,7600,42.58,U
sh600584,长电科技,2025-10-16 10:52:53,42.58,50700,42.58,U
sh600584,长电科技,2025-10-16 10:52:56,42.59,30700,42.58,U
sh600584,长电科技,2025-10-16 10:52:59,42.59,31400,42.59,U
sh600584,长电科技,2025-10-16 10:53:02,42.59,31100,42.59,U
sh600584,长电科技,2025-10-16 10:53:05,42.59,212800,42.59,U
sh600584,长电科技,2025-10-16 10:53:08,42.59,42000,42.59,U
sh600584,长电科技,2025-10-16 10:53:11,42.58,95200,42.59,D
sh600584,长电科技,2025-10-16 10:53:14,42.58,39600,42.58,U
sh600584,长电科技,2025-10-16 10:53:17,42.58,17700,42.58,U
sh600584,长电科技,2025-10-16 10:53:20,42.55,29700,42.58,D
sh600584,长电科技,2025-10-16 10:53:23,42.56,51400,42.55,E
sh600584,长电科技,2025-10-16 10:53:26,42.54,41200,42.56,D
sh600584,长电科技,2025-10-16 10:53:29,42.55,72472,42.54,E
sh600584,长电科技,2025-10-16 10:53:32,42.53,27200,42.55,E
sh600584,长电科技,2025-10-16 10:53:35,42.52,9200,42.53,E
sh600584,长电科技,2025-10-16 10:53:38,42.5,63428,42.52,D
sh600584,长电科技,2025-10-16 10:53:41,42.49,23200,42.5,D
sh600584,长电科技,2025-10-16 10:53:44,42.49,41000,42.49,D
sh600584,长电科技,2025-10-16 10:53:47,42.47,15200,42.49,D
sh600584,长电科技,2025-10-16 10:53:50,42.47,30000,42.47,D
sh600584,长电科技,2025-10-16 10:53:53,42.45,20100,42.47,D
sh600584,长电科技,2025-10-16 10:53:56,42.45,28400,42.45,U
sh600584,长电科技,2025-10-16 10:53:59,42.45,12800,42.45,U
sh600584,长电科技,2025-10-16 10:54:02,42.44,19700,42.45,E
sh600584,长电科技,2025-10-16 10:54:05,42.47,11800,42.44,U
sh600584,长电科技,2025-10-16 10:54:08,42.47,30200,42.47,D
sh600584,长电科技,2025-10-16 10:54:11,42.48,7100,42.47,U
sh600584,长电科技,2025-10-16 10:54:14,42.48,43600,42.48,U
sh600584,长电科技,2025-10-16 10:54:17,42.49,32300,42.48,U
sh600584,长电科技,2025-10-16 10:54:20,42.49,31300,42.49,D
sh600584,长电科技,2025-10-16 10:54:23,42.53,26872,42.49,U
sh600584,长电科技,2025-10-16 10:54:26,42.53,15100,42.53,U
sh600584,长电科技,2025-10-16 10:54:29,42.53,21800,42.53,D
sh600584,长电科技,2025-10-16 10:54:32,42.53,27600,42.53,U
sh600584,长电科技,2025-10-16 10:54:35,42.5,24100,42.53,D
sh600584,长电科技,2025-10-16 10:54:38,42.53,7700,42.5,U
sh600584,长电科技,2025-10-16 10:54:41,42.53,12600,42.53,U
sh600584,长电科技,2025-10-16 10:54:44,42.54,15600,42.53,U
sh600584,长电科技,2025-10-16 10:54:47,42.54,15900,42.54,U
sh600584,长电科技,2025-10-16 10:54:50,42.54,11600,42.54,D
sh600584,长电科技,2025-10-16 10:54:53,42.55,15000,42.54,U
sh600584,长电科技,2025-10-16 10:54:56,42.55,17900,42.55,U
sh600584,长电科技,2025-10-16 10:54:59,42.53,44800,42.55,D
sh600584,长电科技,2025-10-16 10:55:02,42.53,48100,42.53,D
sh600584,长电科技,2025-10-16 10:55:05,42.52,24000,42.53,D
sh600584,长电科技,2025-10-16 10:55:08,42.52,16000,42.52,U
sh600584,长电科技,2025-10-16 10:55:11,42.52,16900,42.52,U
sh600584,长电科技,2025-10-16 10:55:14,42.51,27400,42.52,D
sh600584,长电科技,2025-10-16 10:55:17,42.5,14900,42.51,D
sh600584,长电科技,2025-10-16 10:55:20,42.5,28000,42.5,D
sh600584,长电科技,2025-10-16 10:55:23,42.49,10800,42.5,D
sh600584,长电科技,2025-10-16 10:55:26,42.5,15000,42.49,U
sh600584,长电科技,2025-10-16 10:55:29,42.5,10600,42.5,D
sh600584,长电科技,2025-10-16 10:55:32,42.5,24200,42.5,U
sh600584,长电科技,2025-10-16 10:55:35,42.5,16900,42.5,D
sh600584,长电科技,2025-10-16 10:55:38,42.5,21300,42.5,U
sh600584,长电科技,2025-10-16 10:55:41,42.5,10000,42.5,U
sh600584,长电科技,2025-10-16 10:55:44,42.5,21500,42.5,U
sh600584,长电科技,2025-10-16 10:55:47,42.5,15300,42.5,D
sh600584,长电科技,2025-10-16 10:55:50,42.5,31300,42.5,U
sh600584,长电科技,2025-10-16 10:55:53,42.49,17000,42.5,D
sh600584,长电科技,2025-10-16 10:55:56,42.49,15400,42.49,D
sh600584,长电科技,2025-10-16 10:55:59,42.48,35200,42.49,D
sh600584,长电科技,2025-10-16 10:56:02,42.49,14100,42.48,U
sh600584,长电科技,2025-10-16 10:56:05,42.5,14200,42.49,U
sh600584,长电科技,2025-10-16 10:56:08,42.49,8400,42.5,D
sh600584,长电科技,2025-10-16 10:56:11,42.48,27500,42.49,D
sh600584,长电科技,2025-10-16 10:56:14,42.49,11400,42.48,D
sh600584,长电科技,2025-10-16 10:56:20,42.49,23800,42.49,U
sh600584,长电科技,2025-10-16 10:56:23,42.48,25400,42.49,D
sh600584,长电科技,2025-10-16 10:56:26,42.46,114100,42.48,D
sh600584,长电科技,2025-10-16 10:56:29,42.47,47000,42.46,U
sh600584,长电科技,2025-10-16 10:56:32,42.47,6400,42.47,U
sh600584,长电科技,2025-10-16 10:56:35,42.47,8800,42.47,U
sh600584,长电科技,2025-10-16 10:56:38,42.48,10400,42.47,U
sh600584,长电科技,2025-10-16 10:56:41,42.48,15500,42.48,U
sh600584,长电科技,2025-10-16 10:56:47,42.47,9000,42.47,U
sh600584,长电科技,2025-10-16 10:56:50,42.46,23200,42.47,D
sh600584,长电科技,2025-10-16 10:56:53,42.46,6000,42.46,U
sh600584,长电科技,2025-10-16 10:56:56,42.46,15200,42.46,U
sh600584,长电科技,2025-10-16 10:56:59,42.45,14300,42.46,E
sh600584,长电科技,2025-10-16 10:57:02,42.45,16900,42.45,U
sh600584,长电科技,2025-10-16 10:57:14,42.43,9500,42.44,D
sh600584,长电科技,2025-10-16 10:57:17,42.43,6400,42.43,U
sh600584,长电科技,2025-10-16 10:57:20,42.43,10000,42.43,U
sh600584,长电科技,2025-10-16 10:57:23,42.42,28700,42.43,D
sh600584,长电科技,2025-10-16 10:57:26,42.42,11500,42.42,U
sh600584,长电科技,2025-10-16 10:57:29,42.42,40200,42.42,U
sh600584,长电科技,2025-10-16 10:57:35,42.4,20300,42.41,D
sh600584,长电科技,2025-10-16 10:57:38,42.4,9200,42.4,D
sh600584,长电科技,2025-10-16 10:57:41,42.4,14700,42.4,D
sh600584,长电科技,2025-10-16 10:57:44,42.4,30200,42.4,D
sh600584,长电科技,2025-10-16 10:57:47,42.4,23000,42.4,D
sh600584,长电科技,2025-10-16 10:57:50,42.39,22400,42.4,D
sh600584,长电科技,2025-10-16 10:57:53,42.39,61900,42.39,D
sh600584,长电科技,2025-10-16 10:57:56,42.39,13600,42.39,U
sh600584,长电科技,2025-10-16 10:57:59,42.39,12200,42.39,D
sh600584,长电科技,2025-10-16 10:58:02,42.38,5200,42.39,D
sh600584,长电科技,2025-10-16 10:58:05,42.39,30000,42.38,U
sh600584,长电科技,2025-10-16 10:58:08,42.38,23800,42.39,U
sh600584,长电科技,2025-10-16 10:58:11,42.39,13000,42.38,U
sh600584,长电科技,2025-10-16 10:58:14,42.39,15200,42.39,D
sh600584,长电科技,2025-10-16 10:58:17,42.4,11900,42.39,U
sh600584,长电科技,2025-10-16 10:58:20,42.39,6400,42.4,D
sh600584,长电科技,2025-10-16 10:58:26,42.38,42600,42.39,D
sh600584,长电科技,2025-10-16 10:58:29,42.38,11800,42.38,D
sh600584,长电科技,2025-10-16 10:58:32,42.38,16300,42.38,D
sh600584,长电科技,2025-10-16 10:58:35,42.38,6700,42.38,U
sh600584,长电科技,2025-10-16 10:58:38,42.38,5600,42.38,U
sh600584,长电科技,2025-10-16 10:58:41,42.38,12800,42.38,U
sh600584,长电科技,2025-10-16 10:58:44,42.38,8700,42.38,U
sh600584,长电科技,2025-10-16 10:58:47,42.38,9400,42.38,U
sh600584,长电科技,2025-10-16 10:58:50,42.38,15000,42.38,D
sh600584,长电科技,2025-10-16 10:58:53,42.38,19900,42.38,U
sh600584,长电科技,2025-10-16 10:58:56,42.37,23900,42.38,D
sh600584,长电科技,2025-10-16 10:58:59,42.38,14200,42.37,U
sh600584,长电科技,2025-10-16 10:59:02,42.35,73600,42.38,D
sh600584,长电科技,2025-10-16 10:59:11,42.34,10600,42.34,D
sh600584,长电科技,2025-10-16 10:59:14,42.33,8300,42.34,D
sh600584,长电科技,2025-10-16 10:59:20,42.33,7900,42.34,D
sh600584,长电科技,2025-10-16 10:59:23,42.33,11200,42.33,D
sh600584,长电科技,2025-10-16 10:59:26,42.33,29000,42.33,U
sh600584,长电科技,2025-10-16 10:59:29,42.34,21300,42.33,U
sh600584,长电科技,2025-10-16 10:59:32,42.34,11300,42.34,D
sh600584,长电科技,2025-10-16 10:59:35,42.34,5900,42.34,U
sh600584,长电科技,2025-10-16 10:59:41,42.33,6700,42.34,D
sh600584,长电科技,2025-10-16 10:59:44,42.33,9800,42.33,U
sh600584,长电科技,2025-10-16 10:59:47,42.33,19400,42.33,U
sh600584,长电科技,2025-10-16 10:59:50,42.33,7600,42.33,D
sh600584,长电科技,2025-10-16 10:59:53,42.34,14300,42.33,D
sh600584,长电科技,2025-10-16 10:59:56,42.36,8800,42.34,U
sh600584,长电科技,2025-10-16 10:59:59,42.33,14300,42.36,D
sh600584,长电科技,2025-10-16 11:00:02,42.36,8800,42.33,U
sh600584,长电科技,2025-10-16 11:00:08,42.36,14500,42.34,U
sh600584,长电科技,2025-10-16 11:00:11,42.35,9300,42.36,D
sh600584,长电科技,2025-10-16 11:00:14,42.37,17200,42.35,U
sh600584,长电科技,2025-10-16 11:00:17,42.36,5500,42.37,E
sh600584,长电科技,2025-10-16 11:00:20,42.37,15100,42.36,U
sh600584,长电科技,2025-10-16 11:00:23,42.39,7200,42.37,U
sh600584,长电科技,2025-10-16 11:00:26,42.39,5600,42.39,U
sh600584,长电科技,2025-10-16 11:00:29,42.4,10600,42.39,U
sh600584,长电科技,2025-10-16 11:00:32,42.41,12900,42.4,U
sh600584,长电科技,2025-10-16 11:00:38,42.41,6900,42.41,D
sh600584,长电科技,2025-10-16 11:00:41,42.42,24600,42.41,U
sh600584,长电科技,2025-10-16 11:00:50,42.44,66300,42.42,U
sh600584,长电科技,2025-10-16 11:00:53,42.43,39537,42.44,D
sh600584,长电科技,2025-10-16 11:00:56,42.43,34800,42.43,D
sh600584,长电科技,2025-10-16 11:00:59,42.43,41100,42.43,U
sh600584,长电科技,2025-10-16 11:01:02,42.44,17700,42.43,U
sh600584,长电科技,2025-10-16 11:01:05,42.45,12300,42.44,U
sh600584,长电科技,2025-10-16 11:01:11,42.45,17000,42.44,U
sh600584,长电科技,2025-10-16 11:01:14,42.43,20300,42.45,D
sh600584,长电科技,2025-10-16 11:01:17,42.42,11400,42.43,D
sh600584,长电科技,2025-10-16 11:01:23,42.45,23500,42.42,E
sh600584,长电科技,2025-10-16 11:01:26,42.46,9300,42.45,U
sh600584,长电科技,2025-10-16 11:01:29,42.46,26100,42.46,U
sh600584,长电科技,2025-10-16 11:01:32,42.46,9500,42.46,D
sh600584,长电科技,2025-10-16 11:01:38,42.46,8800,42.46,D
sh600584,长电科技,2025-10-16 11:01:41,42.45,37500,42.46,D
sh600584,长电科技,2025-10-16 11:01:44,42.47,13600,42.45,U
sh600584,长电科技,2025-10-16 11:01:50,42.44,9700,42.45,D
sh600584,长电科技,2025-10-16 11:01:53,42.43,17200,42.44,D
sh600584,长电科技,2025-10-16 11:01:56,42.42,10500,42.43,E
sh600584,长电科技,2025-10-16 11:01:59,42.42,12900,42.42,U
sh600584,长电科技,2025-10-16 11:02:02,42.42,45700,42.42,U
sh600584,长电科技,2025-10-16 11:02:08,42.42,11400,42.42,D
sh600584,长电科技,2025-10-16 11:02:11,42.43,16300,42.42,U
sh600584,长电科技,2025-10-16 11:02:14,42.43,12175,42.43,D
sh600584,长电科技,2025-10-16 11:02:20,42.43,25425,42.44,D
sh600584,长电科技,2025-10-16 11:02:23,42.42,7500,42.43,D
sh600584,长电科技,2025-10-16 11:02:26,42.43,5700,42.42,U
sh600584,长电科技,2025-10-16 11:02:29,42.44,58648,42.43,U
sh600584,长电科技,2025-10-16 11:02:32,42.45,12400,42.44,U
sh600584,长电科技,2025-10-16 11:02:35,42.45,6100,42.45,U
sh600584,长电科技,2025-10-16 11:02:38,42.45,11400,42.45,U
sh600584,长电科技,2025-10-16 11:02:47,42.45,5700,42.46,D
sh600584,长电科技,2025-10-16 11:02:50,42.45,11700,42.45,D
sh600584,长电科技,2025-10-16 11:02:53,42.46,11200,42.45,U
sh600584,长电科技,2025-10-16 11:02:56,42.46,11100,42.46,U
sh600584,长电科技,2025-10-16 11:03:02,42.46,16000,42.46,D
sh600584,长电科技,2025-10-16 11:03:05,42.49,27800,42.46,U
sh600584,长电科技,2025-10-16 11:03:08,42.5,62900,42.49,U
sh600584,长电科技,2025-10-16 11:03:11,42.5,87700,42.5,U
sh600584,长电科技,2025-10-16 11:03:14,42.5,7800,42.5,U
sh600584,长电科技,2025-10-16 11:03:17,42.5,12300,42.5,D
sh600584,长电科技,2025-10-16 11:03:20,42.5,6300,42.5,D
sh600584,长电科技,2025-10-16 11:03:23,42.5,13800,42.5,D
sh600584,长电科技,2025-10-16 11:03:26,42.51,10400,42.5,U
sh600584,长电科技,2025-10-16 11:03:35,42.52,19500,42.52,U
sh600584,长电科技,2025-10-16 11:03:38,42.52,7400,42.52,D
sh600584,长电科技,2025-10-16 11:03:41,42.53,15700,42.52,U
sh600584,长电科技,2025-10-16 11:03:47,42.54,13600,42.53,U
sh600584,长电科技,2025-10-16 11:03:53,42.55,29200,42.54,U
sh600584,长电科技,2025-10-16 11:03:59,42.56,20800,42.56,U
sh600584,长电科技,2025-10-16 11:04:02,42.57,13200,42.56,U
sh600584,长电科技,2025-10-16 11:04:05,42.57,39600,42.57,U
sh600584,长电科技,2025-10-16 11:04:08,42.57,13700,42.57,U
sh600584,长电科技,2025-10-16 11:04:11,42.58,15900,42.57,U
sh600584,长电科技,2025-10-16 11:04:14,42.58,13900,42.58,U
sh600584,长电科技,2025-10-16 11:04:17,42.58,35200,42.58,U
sh600584,长电科技,2025-10-16 11:04:23,42.58,22300,42.58,U
sh600584,长电科技,2025-10-16 11:04:26,42.56,28700,42.58,D
sh600584,长电科技,2025-10-16 11:04:29,42.56,9200,42.56,U
sh600584,长电科技,2025-10-16 11:04:32,42.56,19500,42.56,U
sh600584,长电科技,2025-10-16 11:04:35,42.57,18100,42.56,U
sh600584,长电科技,2025-10-16 11:04:38,42.56,7900,42.57,E
sh600584,长电科技,2025-10-16 11:04:41,42.55,20200,42.56,D
sh600584,长电科技,2025-10-16 11:04:44,42.55,27300,42.55,D
sh600584,长电科技,2025-10-16 11:04:47,42.55,20900,42.55,D
sh600584,长电科技,2025-10-16 11:04:50,42.56,15100,42.55,U
sh600584,长电科技,2025-10-16 11:04:53,42.55,13200,42.56,D
sh600584,长电科技,2025-10-16 11:04:56,42.55,16400,42.55,D
sh600584,长电科技,2025-10-16 11:05:05,42.53,23100,42.54,D
sh600584,长电科技,2025-10-16 11:05:08,42.52,20200,42.53,D
sh600584,长电科技,2025-10-16 11:05:14,42.5,7300,42.51,D
sh600584,长电科技,2025-10-16 11:05:17,42.49,14000,42.5,D
sh600584,长电科技,2025-10-16 11:05:23,42.49,5400,42.49,D
sh600584,长电科技,2025-10-16 11:05:26,42.48,7300,42.49,D
sh600584,长电科技,2025-10-16 11:05:29,42.48,24100,42.48,D
sh600584,长电科技,2025-10-16 11:05:32,42.47,11200,42.48,D
sh600584,长电科技,2025-10-16 11:05:35,42.46,7000,42.47,D
sh600584,长电科技,2025-10-16 11:05:41,42.46,6900,42.48,D
sh600584,长电科技,2025-10-16 11:05:44,42.46,11200,42.46,U
sh600584,长电科技,2025-10-16 11:05:47,42.46,10800,42.46,D
sh600584,长电科技,2025-10-16 11:05:50,42.46,10200,42.46,U
sh600584,长电科技,2025-10-16 11:05:53,42.46,15400,42.46,D
sh600584,长电科技,2025-10-16 11:05:56,42.47,41200,42.46,U
sh600584,长电科技,2025-10-16 11:05:59,42.46,11700,42.47,D
sh600584,长电科技,2025-10-16 11:06:02,42.47,5100,42.46,U
sh600584,长电科技,2025-10-16 11:06:05,42.46,17100,42.47,D
sh600584,长电科技,2025-10-16 11:06:08,42.48,13600,42.46,U
sh600584,长电科技,2025-10-16 11:06:14,42.49,12900,42.49,U
sh600584,长电科技,2025-10-16 11:06:23,42.48,8600,42.48,U
sh600584,长电科技,2025-10-16 11:06:32,42.5,86700,42.49,U
sh600584,长电科技,2025-10-16 11:06:35,42.51,29100,42.5,U
sh600584,长电科技,2025-10-16 11:06:38,42.51,15900,42.51,D
sh600584,长电科技,2025-10-16 11:06:41,42.51,8400,42.51,U
sh600584,长电科技,2025-10-16 11:06:47,42.53,5300,42.53,U
sh600584,长电科技,2025-10-16 11:06:53,42.54,17200,42.53,U
sh600584,长电科技,2025-10-16 11:06:56,42.52,9800,42.54,E
sh600584,长电科技,2025-10-16 11:06:59,42.52,6700,42.52,E
sh600584,长电科技,2025-10-16 11:07:02,42.52,8200,42.52,U
sh600584,长电科技,2025-10-16 11:07:05,42.52,20600,42.52,D
sh600584,长电科技,2025-10-16 11:07:08,42.54,14800,42.52,U
sh600584,长电科技,2025-10-16 11:07:11,42.53,10600,42.54,D
sh600584,长电科技,2025-10-16 11:07:14,42.54,14500,42.53,U
sh600584,长电科技,2025-10-16 11:07:17,42.53,28000,42.54,D
sh600584,长电科技,2025-10-16 11:07:20,42.55,15500,42.53,U
sh600584,长电科技,2025-10-16 11:07:23,42.55,9000,42.55,U
sh600584,长电科技,2025-10-16 11:07:26,42.54,10600,42.55,D
sh600584,长电科技,2025-10-16 11:07:29,42.52,58200,42.54,D
sh600584,长电科技,2025-10-16 11:07:32,42.5,32300,42.52,D
sh600584,长电科技,2025-10-16 11:07:35,42.49,20900,42.5,D
sh600584,长电科技,2025-10-16 11:07:38,42.49,15700,42.49,U
sh600584,长电科技,2025-10-16 11:07:47,42.47,20100,42.48,D
sh600584,长电科技,2025-10-16 11:07:50,42.46,42100,42.47,D
sh600584,长电科技,2025-10-16 11:07:53,42.46,8600,42.46,D
sh600584,长电科技,2025-10-16 11:07:56,42.46,15600,42.46,D
sh600584,长电科技,2025-10-16 11:07:59,42.46,7000,42.46,D
sh600584,长电科技,2025-10-16 11:08:02,42.45,5600,42.46,D
sh600584,长电科技,2025-10-16 11:08:05,42.45,10600,42.45,D
sh600584,长电科技,2025-10-16 11:08:08,42.46,7600,42.45,U
sh600584,长电科技,2025-10-16 11:08:14,42.45,5900,42.45,U
sh600584,长电科技,2025-10-16 11:08:17,42.44,4900,42.45,D
sh600584,长电科技,2025-10-16 11:08:20,42.44,26952,42.44,D
sh600584,长电科技,2025-10-16 11:08:23,42.41,27600,42.44,D
sh600584,长电科技,2025-10-16 11:08:29,42.41,8300,42.41,U
sh600584,长电科技,2025-10-16 11:08:32,42.41,5700,42.41,U
sh600584,长电科技,2025-10-16 11:08:38,42.41,5900,42.4,U
sh600584,长电科技,2025-10-16 11:08:41,42.41,7200,42.41,D
sh600584,长电科技,2025-10-16 11:08:44,42.4,6600,42.41,D
sh600584,长电科技,2025-10-16 11:08:47,42.41,15800,42.4,U
sh600584,长电科技,2025-10-16 11:08:50,42.41,16700,42.41,U
sh600584,长电科技,2025-10-16 11:08:53,42.41,15300,42.41,D
sh600584,长电科技,2025-10-16 11:08:56,42.41,67100,42.41,D
sh600584,长电科技,2025-10-16 11:09:02,42.39,5600,42.4,D
sh600584,长电科技,2025-10-16 11:09:05,42.39,6300,42.39,D
sh600584,长电科技,2025-10-16 11:09:08,42.39,6200,42.39,D
sh600584,长电科技,2025-10-16 11:09:11,42.39,6800,42.39,D
sh600584,长电科技,2025-10-16 11:09:14,42.39,8900,42.39,D
sh600584,长电科技,2025-10-16 11:09:17,42.39,6300,42.39,U
sh600584,长电科技,2025-10-16 11:09:20,42.38,13000,42.39,D
sh600584,长电科技,2025-10-16 11:09:26,42.39,18000,42.38,U
sh600584,长电科技,2025-10-16 11:09:29,42.38,22400,42.39,D
sh600584,长电科技,2025-10-16 11:09:35,42.37,7400,42.37,D
sh600584,长电科技,2025-10-16 11:09:41,42.37,6900,42.38,D
sh600584,长电科技,2025-10-16 11:09:44,42.36,15100,42.37,D
sh600584,长电科技,2025-10-16 11:09:47,42.37,18000,42.36,D
sh600584,长电科技,2025-10-16 11:09:50,42.37,6500,42.37,U
sh600584,长电科技,2025-10-16 11:09:56,42.36,7200,42.37,D
sh600584,长电科技,2025-10-16 11:10:02,42.35,40700,42.36,D
sh600584,长电科技,2025-10-16 11:10:05,42.35,6200,42.35,U
sh600584,长电科技,2025-10-16 11:10:08,42.34,5700,42.35,D
sh600584,长电科技,2025-10-16 11:10:11,42.34,22900,42.34,D
sh600584,长电科技,2025-10-16 11:10:17,42.33,15500,42.33,D
sh600584,长电科技,2025-10-16 11:10:23,42.32,9400,42.33,D
sh600584,长电科技,2025-10-16 11:10:26,42.31,6600,42.32,D
sh600584,长电科技,2025-10-16 11:10:29,42.31,18100,42.31,D
sh600584,长电科技,2025-10-16 11:10:32,42.31,10100,42.31,D
sh600584,长电科技,2025-10-16 11:10:35,42.3,4800,42.31,D
sh600584,长电科技,2025-10-16 11:10:38,42.31,36900,42.3,U
sh600584,长电科技,2025-10-16 11:10:41,42.33,6600,42.31,U
sh600584,长电科技,2025-10-16 11:10:44,42.3,35800,42.33,D
sh600584,长电科技,2025-10-16 11:10:47,42.34,25400,42.3,U
sh600584,长电科技,2025-10-16 11:10:50,42.35,23000,42.34,U
sh600584,长电科技,2025-10-16 11:10:53,42.34,9300,42.35,D
sh600584,长电科技,2025-10-16 11:11:02,42.35,10200,42.34,U
sh600584,长电科技,2025-10-16 11:11:05,42.34,17400,42.35,D
sh600584,长电科技,2025-10-16 11:11:08,42.36,14200,42.34,U
sh600584,长电科技,2025-10-16 11:11:11,42.35,6000,42.36,D
sh600584,长电科技,2025-10-16 11:11:14,42.37,4916,42.35,U
sh600584,长电科技,2025-10-16 11:11:17,42.35,14300,42.37,D
sh600584,长电科技,2025-10-16 11:11:23,42.39,7700,42.37,U
sh600584,长电科技,2025-10-16 11:11:26,42.38,5500,42.39,D
sh600584,长电科技,2025-10-16 11:11:29,42.4,11800,42.38,U
sh600584,长电科技,2025-10-16 11:11:32,42.41,7200,42.4,U
sh600584,长电科技,2025-10-16 11:11:35,42.41,7200,42.41,U
sh600584,长电科技,2025-10-16 11:11:38,42.41,11400,42.41,U
sh600584,长电科技,2025-10-16 11:11:41,42.44,12500,42.41,U
sh600584,长电科技,2025-10-16 11:11:53,42.44,5400,42.43,U
sh600584,长电科技,2025-10-16 11:11:56,42.46,40600,42.44,U
sh600584,长电科技,2025-10-16 11:12:02,42.45,10500,42.46,D
sh600584,长电科技,2025-10-16 11:12:05,42.45,8900,42.45,U
sh600584,长电科技,2025-10-16 11:12:11,42.47,9900,42.45,U
sh600584,长电科技,2025-10-16 11:12:14,42.47,5200,42.47,D
sh600584,长电科技,2025-10-16 11:12:17,42.48,6700,42.47,U
sh600584,长电科技,2025-10-16 11:12:20,42.48,4900,42.48,U
sh600584,长电科技,2025-10-16 11:12:23,42.48,5500,42.48,E
sh600584,长电科技,2025-10-16 11:12:26,42.49,5500,42.48,U
sh600584,长电科技,2025-10-16 11:12:29,42.49,5700,42.49,U
sh600584,长电科技,2025-10-16 11:12:41,42.5,14200,42.5,U
sh600584,长电科技,2025-10-16 11:12:44,42.49,8800,42.5,D
sh600584,长电科技,2025-10-16 11:12:47,42.5,31100,42.49,U
sh600584,长电科技,2025-10-16 11:12:50,42.49,137200,42.5,D
sh600584,长电科技,2025-10-16 11:12:53,42.49,17100,42.49,D
sh600584,长电科技,2025-10-16 11:12:56,42.47,13900,42.49,D
sh600584,长电科技,2025-10-16 11:13:08,42.46,9800,42.47,D
sh600584,长电科技,2025-10-16 11:13:11,42.46,8600,42.46,D
sh600584,长电科技,2025-10-16 11:13:14,42.46,34400,42.46,U
sh600584,长电科技,2025-10-16 11:13:17,42.46,4900,42.46,D
sh600584,长电科技,2025-10-16 11:13:29,42.47,7800,42.46,U
sh600584,长电科技,2025-10-16 11:13:32,42.46,12100,42.47,D
sh600584,长电科技,2025-10-16 11:13:44,42.45,6500,42.46,D
sh600584,长电科技,2025-10-16 11:13:47,42.45,11100,42.45,U
sh600584,长电科技,2025-10-16 11:13:53,42.41,54200,42.45,D
sh600584,长电科技,2025-10-16 11:13:56,42.44,7600,42.41,U
sh600584,长电科技,2025-10-16 11:14:02,42.43,7500,42.44,D
sh600584,长电科技,2025-10-16 11:14:11,42.43,6300,42.43,U
sh600584,长电科技,2025-10-16 11:14:14,42.43,15600,42.43,U
sh600584,长电科技,2025-10-16 11:14:17,42.43,17500,42.43,D
sh600584,长电科技,2025-10-16 11:14:26,42.42,12200,42.42,U
sh600584,长电科技,2025-10-16 11:14:29,42.42,20300,42.42,U
sh600584,长电科技,2025-10-16 11:14:32,42.44,11700,42.42,U
sh600584,长电科技,2025-10-16 11:14:38,42.45,5800,42.42,U
sh600584,长电科技,2025-10-16 11:14:44,42.45,7200,42.44,U
sh600584,长电科技,2025-10-16 11:14:47,42.45,20600,42.45,U
sh600584,长电科技,2025-10-16 11:14:50,42.45,9900,42.45,D
sh600584,长电科技,2025-10-16 11:14:53,42.46,20500,42.45,U
sh600584,长电科技,2025-10-16 11:14:56,42.45,7200,42.46,D
sh600584,长电科技,2025-10-16 11:14:59,42.45,10300,42.45,D
sh600584,长电科技,2025-10-16 11:15:11,42.43,16400,42.45,D
sh600584,长电科技,2025-10-16 11:15:23,42.4,118600,42.43,D
sh600584,长电科技,2025-10-16 11:15:32,42.42,5200,42.39,U
sh600584,长电科技,2025-10-16 11:15:35,42.39,8500,42.42,D
sh600584,长电科技,2025-10-16 11:15:38,42.39,6400,42.39,D
sh600584,长电科技,2025-10-16 11:15:41,42.39,18000,42.39,U
sh600584,长电科技,2025-10-16 11:15:44,42.39,11000,42.39,D
sh600584,长电科技,2025-10-16 11:15:47,42.38,17000,42.39,D
sh600584,长电科技,2025-10-16 11:15:56,42.36,11700,42.37,D
sh600584,长电科技,2025-10-16 11:16:02,42.36,11500,42.36,D
sh600584,长电科技,2025-10-16 11:16:11,42.37,7000,42.36,U
sh600584,长电科技,2025-10-16 11:16:14,42.37,45800,42.37,U
sh600584,长电科技,2025-10-16 11:16:17,42.35,7900,42.37,D
sh600584,长电科技,2025-10-16 11:16:20,42.38,12100,42.35,U
sh600584,长电科技,2025-10-16 11:16:26,42.39,8500,42.38,U
sh600584,长电科技,2025-10-16 11:16:29,42.39,5600,42.39,D
sh600584,长电科技,2025-10-16 11:16:38,42.38,7200,42.39,D
sh600584,长电科技,2025-10-16 11:16:41,42.39,8100,42.38,U
sh600584,长电科技,2025-10-16 11:16:50,42.41,14300,42.39,U
sh600584,长电科技,2025-10-16 11:16:53,42.4,7800,42.41,D
sh600584,长电科技,2025-10-16 11:17:02,42.39,16300,42.39,D
sh600584,长电科技,2025-10-16 11:17:05,42.39,7300,42.39,D
sh600584,长电科技,2025-10-16 11:17:14,42.4,5800,42.39,U
sh600584,长电科技,2025-10-16 11:17:20,42.4,18200,42.39,U
sh600584,长电科技,2025-10-16 11:17:26,42.4,13600,42.4,U
sh600584,长电科技,2025-10-16 11:17:29,42.39,6200,42.4,D
sh600584,长电科技,2025-10-16 11:17:32,42.4,13500,42.39,U
sh600584,长电科技,2025-10-16 11:17:41,42.39,6600,42.4,D
sh600584,长电科技,2025-10-16 11:17:44,42.39,5800,42.39,D
sh600584,长电科技,2025-10-16 11:17:47,42.39,5100,42.39,D
sh600584,长电科技,2025-10-16 11:17:53,42.39,7600,42.39,D
sh600584,长电科技,2025-10-16 11:17:56,42.4,6500,42.39,U
sh600584,长电科技,2025-10-16 11:17:59,42.39,20500,42.4,D
sh600584,长电科技,2025-10-16 11:18:11,42.38,19900,42.39,D
sh600584,长电科技,2025-10-16 11:18:14,42.38,5100,42.38,U
sh600584,长电科技,2025-10-16 11:18:17,42.38,7700,42.38,U
sh600584,长电科技,2025-10-16 11:18:20,42.37,14200,42.38,D
sh600584,长电科技,2025-10-16 11:18:23,42.37,6400,42.37,U
sh600584,长电科技,2025-10-16 11:18:26,42.37,5500,42.37,U
sh600584,长电科技,2025-10-16 11:18:29,42.37,7800,42.37,U
sh600584,长电科技,2025-10-16 11:18:32,42.37,13300,42.37,U
sh600584,长电科技,2025-10-16 11:18:50,42.36,13400,42.35,U
sh600584,长电科技,2025-10-16 11:18:53,42.36,17000,42.36,D
sh600584,长电科技,2025-10-16 11:18:56,42.37,44400,42.36,U
sh600584,长电科技,2025-10-16 11:19:02,42.35,34400,42.35,D
sh600584,长电科技,2025-10-16 11:19:05,42.35,9600,42.35,D
sh600584,长电科技,2025-10-16 11:19:11,42.34,22900,42.34,D
sh600584,长电科技,2025-10-16 11:19:17,42.33,25200,42.34,D
sh600584,长电科技,2025-10-16 11:19:23,42.31,17500,42.32,D
sh600584,长电科技,2025-10-16 11:19:26,42.31,270600,42.31,D
sh600584,长电科技,2025-10-16 11:19:29,42.3,12300,42.31,D
sh600584,长电科技,2025-10-16 11:19:35,42.29,18800,42.3,D
sh600584,长电科技,2025-10-16 11:19:38,42.29,10000,42.29,D
sh600584,长电科技,2025-10-16 11:19:44,42.28,4800,42.29,D
sh600584,长电科技,2025-10-16 11:19:47,42.29,12900,42.28,U
sh600584,长电科技,2025-10-16 11:19:50,42.27,27400,42.29,D
sh600584,长电科技,2025-10-16 11:19:53,42.27,29800,42.27,U
sh600584,长电科技,2025-10-16 11:19:56,42.26,6500,42.27,D
sh600584,长电科技,2025-10-16 11:20:02,42.25,28200,42.26,D
sh600584,长电科技,2025-10-16 11:20:05,42.25,20500,42.25,D
sh600584,长电科技,2025-10-16 11:20:08,42.25,4900,42.25,U
sh600584,长电科技,2025-10-16 11:20:17,42.24,15900,42.24,U
sh600584,长电科技,2025-10-16 11:20:20,42.23,8300,42.24,D
sh600584,长电科技,2025-10-16 11:20:23,42.23,64300,42.23,D
sh600584,长电科技,2025-10-16 11:20:26,42.23,13400,42.23,U
sh600584,长电科技,2025-10-16 11:20:29,42.22,8400,42.23,U
sh600584,长电科技,2025-10-16 11:20:32,42.22,7400,42.22,U
sh600584,长电科技,2025-10-16 11:20:35,42.2,8300,42.22,D
sh600584,长电科技,2025-10-16 11:20:38,42.21,19700,42.2,U
sh600584,长电科技,2025-10-16 11:20:41,42.21,7600,42.21,D
sh600584,长电科技,2025-10-16 11:20:44,42.21,8600,42.21,D
sh600584,长电科技,2025-10-16 11:20:47,42.2,18500,42.21,D
sh600584,长电科技,2025-10-16 11:20:50,42.21,19900,42.2,U
sh600584,长电科技,2025-10-16 11:20:53,42.2,6400,42.21,D
sh600584,长电科技,2025-10-16 11:20:56,42.2,15700,42.2,D
sh600584,长电科技,2025-10-16 11:20:59,42.2,11300,42.2,D
sh600584,长电科技,2025-10-16 11:21:02,42.21,25900,42.2,U
sh600584,长电科技,2025-10-16 11:21:05,42.2,22100,42.21,D
sh600584,长电科技,2025-10-16 11:21:08,42.2,19700,42.2,D
sh600584,长电科技,2025-10-16 11:21:11,42.2,12600,42.2,D
sh600584,长电科技,2025-10-16 11:21:14,42.22,16900,42.2,U
sh600584,长电科技,2025-10-16 11:21:17,42.21,6800,42.22,D
sh600584,长电科技,2025-10-16 11:21:20,42.22,7200,42.21,U
sh600584,长电科技,2025-10-16 11:21:23,42.23,47700,42.22,U
sh600584,长电科技,2025-10-16 11:21:26,42.24,5900,42.23,U
sh600584,长电科技,2025-10-16 11:21:29,42.24,7200,42.24,U
