symbol,name,ticktime,price,volume,prev_price,kind
sh600584,长电科技,2025-10-22 09:25:01,40.19,229900,0.0,U
sh600584,长电科技,2025-10-22 09:30:02,40.17,20300,40.19,D
sh600584,长电科技,2025-10-22 09:30:05,40.18,88400,40.17,U
sh600584,长电科技,2025-10-22 09:30:08,40.15,45400,40.18,U
sh600584,长电科技,2025-10-22 09:30:11,40.07,90100,40.15,D
sh600584,长电科技,2025-10-22 09:30:14,40.12,65800,40.07,U
sh600584,长电科技,2025-10-22 09:30:17,40.13,27200,40.12,U
sh600584,长电科技,2025-10-22 09:30:20,40.12,49000,40.13,E
sh600584,长电科技,2025-10-22 09:30:23,40.07,36500,40.12,D
sh600584,长电科技,2025-10-22 09:30:26,40.07,33000,40.07,D
sh600584,长电科技,2025-10-22 09:30:29,40.11,34200,40.07,U
sh600584,长电科技,2025-10-22 09:30:32,40.04,30900,40.11,D
sh600584,长电科技,2025-10-22 09:30:35,40.04,30900,40.04,U
sh600584,长电科技,2025-10-22 09:30:38,40.03,81900,40.04,D
sh600584,长电科技,2025-10-22 09:30:41,40.02,70600,40.03,D
sh600584,长电科技,2025-10-22 09:30:44,40.02,46100,40.02,U
sh600584,长电科技,2025-10-22 09:30:47,40.01,47300,40.02,D
sh600584,长电科技,2025-10-22 09:30:50,40.01,61800,40.01,D
sh600584,长电科技,2025-10-22 09:30:53,40.0,145200,40.01,D
sh600584,长电科技,2025-10-22 09:30:56,40.0,53200,40.0,D
sh600584,长电科技,2025-10-22 09:30:59,40.0,67200,40.0,U
sh600584,长电科技,2025-10-22 09:31:02,39.99,103200,40.0,D
sh600584,长电科技,2025-10-22 09:31:05,39.97,80600,39.99,E
sh600584,长电科技,2025-10-22 09:31:08,39.97,27700,39.97,U
sh600584,长电科技,2025-10-22 09:31:11,39.96,48800,39.97,E
sh600584,长电科技,2025-10-22 09:31:14,39.95,75600,39.96,U
sh600584,长电科技,2025-10-22 09:31:17,39.97,105600,39.95,D
sh600584,长电科技,2025-10-22 09:31:20,40.01,36900,39.97,E
sh600584,长电科技,2025-10-22 09:31:23,40.0,27300,40.01,D
sh600584,长电科技,2025-10-22 09:31:26,40.0,19200,40.0,U
sh600584,长电科技,2025-10-22 09:31:29,40.0,17400,40.0,D
sh600584,长电科技,2025-10-22 09:31:32,40.0,35400,40.0,U
sh600584,长电科技,2025-10-22 09:31:35,40.01,29100,40.0,U
sh600584,长电科技,2025-10-22 09:31:38,40.01,16300,40.01,D
sh600584,长电科技,2025-10-22 09:31:41,40.06,14200,40.01,U
sh600584,长电科技,2025-10-22 09:31:44,40.06,36100,40.06,D
sh600584,长电科技,2025-10-22 09:31:47,40.1,36300,40.06,U
sh600584,长电科技,2025-10-22 09:31:50,40.09,15800,40.1,D
sh600584,长电科技,2025-10-22 09:31:53,40.13,13500,40.09,U
sh600584,长电科技,2025-10-22 09:31:56,40.14,18500,40.13,U
sh600584,长电科技,2025-10-22 09:31:59,40.1,75600,40.14,D
sh600584,长电科技,2025-10-22 09:32:02,40.14,22500,40.1,D
sh600584,长电科技,2025-10-22 09:32:05,40.13,33000,40.14,D
sh600584,长电科技,2025-10-22 09:32:08,40.13,20900,40.13,U
sh600584,长电科技,2025-10-22 09:32:11,40.13,30100,40.13,U
sh600584,长电科技,2025-10-22 09:32:14,40.14,100400,40.13,E
sh600584,长电科技,2025-10-22 09:32:17,40.14,29600,40.14,U
sh600584,长电科技,2025-10-22 09:32:20,40.13,44600,40.14,D
sh600584,长电科技,2025-10-22 09:32:23,40.12,30200,40.13,D
sh600584,长电科技,2025-10-22 09:32:26,40.1,50100,40.12,D
sh600584,长电科技,2025-10-22 09:32:29,40.08,54800,40.1,D
sh600584,长电科技,2025-10-22 09:32:32,40.06,19600,40.08,D
sh600584,长电科技,2025-10-22 09:32:35,40.05,12600,40.06,D
sh600584,长电科技,2025-10-22 09:32:38,40.04,13100,40.05,D
sh600584,长电科技,2025-10-22 09:32:41,40.04,22200,40.04,U
sh600584,长电科技,2025-10-22 09:32:44,40.04,45200,40.04,U
sh600584,长电科技,2025-10-22 09:32:47,40.02,11400,40.04,D
sh600584,长电科技,2025-10-22 09:32:50,40.02,32400,40.02,U
sh600584,长电科技,2025-10-22 09:32:53,40.01,25700,40.02,D
sh600584,长电科技,2025-10-22 09:32:56,40.01,29500,40.01,D
sh600584,长电科技,2025-10-22 09:32:59,40.0,75400,40.01,D
sh600584,长电科技,2025-10-22 09:33:02,39.99,120900,40.0,D
sh600584,长电科技,2025-10-22 09:33:05,39.99,24800,39.99,U
sh600584,长电科技,2025-10-22 09:33:08,39.97,14300,39.99,D
sh600584,长电科技,2025-10-22 09:33:11,39.95,100500,39.97,D
sh600584,长电科技,2025-10-22 09:33:14,39.95,24800,39.95,U
sh600584,长电科技,2025-10-22 09:33:17,39.93,26600,39.95,D
sh600584,长电科技,2025-10-22 09:33:20,39.96,30200,39.93,U
sh600584,长电科技,2025-10-22 09:33:23,39.96,50800,39.96,U
sh600584,长电科技,2025-10-22 09:33:26,39.96,39600,39.96,U
sh600584,长电科技,2025-10-22 09:33:29,39.99,30800,39.96,U
sh600584,长电科技,2025-10-22 09:33:32,39.97,16300,39.99,D
sh600584,长电科技,2025-10-22 09:33:35,39.99,35400,39.97,E
sh600584,长电科技,2025-10-22 09:33:38,39.97,15800,39.99,D
sh600584,长电科技,2025-10-22 09:33:41,39.97,24300,39.97,D
sh600584,长电科技,2025-10-22 09:33:44,39.98,33200,39.97,E
sh600584,长电科技,2025-10-22 09:33:47,40.0,41100,39.98,U
sh600584,长电科技,2025-10-22 09:33:50,39.98,17200,40.0,E
sh600584,长电科技,2025-10-22 09:33:53,39.97,77000,39.98,D
sh600584,长电科技,2025-10-22 09:33:56,40.0,60900,39.97,U
sh600584,长电科技,2025-10-22 09:33:59,40.0,10900,40.0,D
sh600584,长电科技,2025-10-22 09:34:02,40.04,17900,40.0,U
sh600584,长电科技,2025-10-22 09:34:05,40.05,20900,40.04,U
sh600584,长电科技,2025-10-22 09:34:08,40.04,41400,40.05,D
sh600584,长电科技,2025-10-22 09:34:11,40.05,13700,40.04,E
sh600584,长电科技,2025-10-22 09:34:14,40.09,37500,40.05,U
sh600584,长电科技,2025-10-22 09:34:17,40.07,20100,40.09,D
sh600584,长电科技,2025-10-22 09:34:20,40.09,21300,40.07,U
sh600584,长电科技,2025-10-22 09:34:23,40.02,39800,40.09,D
sh600584,长电科技,2025-10-22 09:34:26,40.02,25800,40.02,D
sh600584,长电科技,2025-10-22 09:34:29,40.03,55100,40.02,U
sh600584,长电科技,2025-10-22 09:34:32,40.05,21500,40.03,E
sh600584,长电科技,2025-10-22 09:34:35,40.03,39700,40.05,D
sh600584,长电科技,2025-10-22 09:34:38,40.03,16900,40.03,U
sh600584,长电科技,2025-10-22 09:34:41,40.0,27400,40.03,D
sh600584,长电科技,2025-10-22 09:34:44,40.01,27300,40.0,E
sh600584,长电科技,2025-10-22 09:34:47,40.0,23900,40.01,D
sh600584,长电科技,2025-10-22 09:34:50,40.0,46600,40.0,U
sh600584,长电科技,2025-10-22 09:34:53,39.99,51200,40.0,D
sh600584,长电科技,2025-10-22 09:34:56,39.98,78200,39.99,D
sh600584,长电科技,2025-10-22 09:34:59,39.99,29200,39.98,U
sh600584,长电科技,2025-10-22 09:35:02,39.98,54400,39.99,E
sh600584,长电科技,2025-10-22 09:35:05,39.96,112800,39.98,D
sh600584,长电科技,2025-10-22 09:35:08,39.95,67100,39.96,D
sh600584,长电科技,2025-10-22 09:35:11,39.96,37088,39.95,U
sh600584,长电科技,2025-10-22 09:35:14,39.97,15900,39.96,U
sh600584,长电科技,2025-10-22 09:35:17,39.96,26700,39.97,D
sh600584,长电科技,2025-10-22 09:35:20,39.96,21000,39.96,D
sh600584,长电科技,2025-10-22 09:35:23,39.96,22400,39.96,U
sh600584,长电科技,2025-10-22 09:35:26,39.96,34900,39.96,D
sh600584,长电科技,2025-10-22 09:35:29,39.97,20700,39.96,U
sh600584,长电科技,2025-10-22 09:35:32,39.97,21700,39.97,D
sh600584,长电科技,2025-10-22 09:35:35,39.97,12400,39.97,D
sh600584,长电科技,2025-10-22 09:35:38,39.97,15000,39.97,U
sh600584,长电科技,2025-10-22 09:35:41,39.97,17600,39.97,E
sh600584,长电科技,2025-10-22 09:35:44,39.96,26800,39.97,D
sh600584,长电科技,2025-10-22 09:35:47,39.96,21500,39.96,D
sh600584,长电科技,2025-10-22 09:35:50,39.96,32900,39.96,U
sh600584,长电科技,2025-10-22 09:35:53,39.97,15200,39.96,U
sh600584,长电科技,2025-10-22 09:35:56,39.99,26000,39.97,U
sh600584,长电科技,2025-10-22 09:35:59,39.98,11330,39.99,D
sh600584,长电科技,2025-10-22 09:36:02,39.97,6600,39.98,D
sh600584,长电科技,2025-10-22 09:36:05,39.97,20700,39.97,D
sh600584,长电科技,2025-10-22 09:36:08,39.96,160982,39.97,D
sh600584,长电科技,2025-10-22 09:36:11,39.93,41700,39.96,D
sh600584,长电科技,2025-10-22 09:36:14,39.92,134200,39.93,D
sh600584,长电科技,2025-10-22 09:36:17,39.85,396300,39.92,D
sh600584,长电科技,2025-10-22 09:36:20,39.88,35400,39.85,U
sh600584,长电科技,2025-10-22 09:36:23,39.84,15300,39.88,D
sh600584,长电科技,2025-10-22 09:36:26,39.82,34000,39.84,D
sh600584,长电科技,2025-10-22 09:36:29,39.82,33300,39.82,U
sh600584,长电科技,2025-10-22 09:36:32,39.8,56200,39.82,D
sh600584,长电科技,2025-10-22 09:36:35,39.81,44900,39.8,U
sh600584,长电科技,2025-10-22 09:36:38,39.81,179900,39.81,U
sh600584,长电科技,2025-10-22 09:36:41,39.81,55900,39.81,U
sh600584,长电科技,2025-10-22 09:36:44,39.81,80200,39.81,U
sh600584,长电科技,2025-10-22 09:36:47,39.81,14500,39.81,D
sh600584,长电科技,2025-10-22 09:36:50,39.82,80900,39.81,U
sh600584,长电科技,2025-10-22 09:36:53,39.82,56470,39.82,U
sh600584,长电科技,2025-10-22 09:36:56,39.82,92700,39.82,D
sh600584,长电科技,2025-10-22 09:36:59,39.81,80330,39.82,D
sh600584,长电科技,2025-10-22 09:37:02,39.81,26000,39.81,U
sh600584,长电科技,2025-10-22 09:37:05,39.82,44700,39.81,U
sh600584,长电科技,2025-10-22 09:37:08,39.81,58600,39.82,U
sh600584,长电科技,2025-10-22 09:37:11,39.81,49400,39.81,D
sh600584,长电科技,2025-10-22 09:37:14,39.82,53100,39.81,U
sh600584,长电科技,2025-10-22 09:37:17,39.82,50800,39.82,U
sh600584,长电科技,2025-10-22 09:37:20,39.82,64370,39.82,U
sh600584,长电科技,2025-10-22 09:37:23,39.81,103330,39.82,D
sh600584,长电科技,2025-10-22 09:37:26,39.77,280100,39.81,D
sh600584,长电科技,2025-10-22 09:37:29,39.73,46300,39.77,D
sh600584,长电科技,2025-10-22 09:37:32,39.72,57300,39.73,D
sh600584,长电科技,2025-10-22 09:37:35,39.7,54600,39.72,D
sh600584,长电科技,2025-10-22 09:37:38,39.69,79900,39.7,D
sh600584,长电科技,2025-10-22 09:37:41,39.68,33900,39.69,D
sh600584,长电科技,2025-10-22 09:37:44,39.68,57400,39.68,D
sh600584,长电科技,2025-10-22 09:37:47,39.69,59300,39.68,U
sh600584,长电科技,2025-10-22 09:37:50,39.67,55500,39.69,D
sh600584,长电科技,2025-10-22 09:37:53,39.68,94600,39.67,U
sh600584,长电科技,2025-10-22 09:37:56,39.68,34000,39.68,D
sh600584,长电科技,2025-10-22 09:37:59,39.69,54200,39.68,U
sh600584,长电科技,2025-10-22 09:38:02,39.67,59300,39.69,D
sh600584,长电科技,2025-10-22 09:38:05,39.68,30700,39.67,E
sh600584,长电科技,2025-10-22 09:38:08,39.68,20500,39.68,D
sh600584,长电科技,2025-10-22 09:38:11,39.68,39600,39.68,U
sh600584,长电科技,2025-10-22 09:38:14,39.69,12500,39.68,E
sh600584,长电科技,2025-10-22 09:38:17,39.68,27300,39.69,D
sh600584,长电科技,2025-10-22 09:38:20,39.68,16400,39.68,D
sh600584,长电科技,2025-10-22 09:38:23,39.7,21600,39.68,D
sh600584,长电科技,2025-10-22 09:38:26,39.72,43500,39.7,U
sh600584,长电科技,2025-10-22 09:38:29,39.7,17300,39.72,D
sh600584,长电科技,2025-10-22 09:38:32,39.7,27700,39.7,U
sh600584,长电科技,2025-10-22 09:38:35,39.72,34900,39.7,U
sh600584,长电科技,2025-10-22 09:38:38,39.72,14700,39.72,U
sh600584,长电科技,2025-10-22 09:38:41,39.75,7700,39.72,U
sh600584,长电科技,2025-10-22 09:38:44,39.76,9200,39.75,U
sh600584,长电科技,2025-10-22 09:38:47,39.77,14100,39.76,U
sh600584,长电科技,2025-10-22 09:38:50,39.77,13500,39.77,U
sh600584,长电科技,2025-10-22 09:38:53,39.78,22800,39.77,U
sh600584,长电科技,2025-10-22 09:38:56,39.77,32700,39.78,D
sh600584,长电科技,2025-10-22 09:38:59,39.77,37700,39.77,D
sh600584,长电科技,2025-10-22 09:39:02,39.77,38100,39.77,U
sh600584,长电科技,2025-10-22 09:39:05,39.78,12100,39.77,U
sh600584,长电科技,2025-10-22 09:39:08,39.78,12900,39.78,U
sh600584,长电科技,2025-10-22 09:39:11,39.78,17300,39.78,D
sh600584,长电科技,2025-10-22 09:39:14,39.77,36000,39.78,U
sh600584,长电科技,2025-10-22 09:39:17,39.75,18300,39.77,D
sh600584,长电科技,2025-10-22 09:39:20,39.74,34200,39.75,D
sh600584,长电科技,2025-10-22 09:39:23,39.73,15700,39.74,E
sh600584,长电科技,2025-10-22 09:39:26,39.74,14800,39.73,U
sh600584,长电科技,2025-10-22 09:39:29,39.74,7700,39.74,U
sh600584,长电科技,2025-10-22 09:39:32,39.73,13200,39.74,D
sh600584,长电科技,2025-10-22 09:39:35,39.73,13300,39.73,U
sh600584,长电科技,2025-10-22 09:39:38,39.74,29700,39.73,U
sh600584,长电科技,2025-10-22 09:39:41,39.74,17718,39.74,D
sh600584,长电科技,2025-10-22 09:39:44,39.73,31082,39.74,D
sh600584,长电科技,2025-10-22 09:39:47,39.72,12300,39.73,D
sh600584,长电科技,2025-10-22 09:39:50,39.71,31500,39.72,D
sh600584,长电科技,2025-10-22 09:39:53,39.71,19600,39.71,D
sh600584,长电科技,2025-10-22 09:39:56,39.7,87500,39.71,D
sh600584,长电科技,2025-10-22 09:39:59,39.69,78700,39.7,D
sh600584,长电科技,2025-10-22 09:40:02,39.68,20700,39.69,D
sh600584,长电科技,2025-10-22 09:40:05,39.68,69000,39.68,D
sh600584,长电科技,2025-10-22 09:40:08,39.68,14100,39.68,D
sh600584,长电科技,2025-10-22 09:40:11,39.67,42800,39.68,D
sh600584,长电科技,2025-10-22 09:40:14,39.67,23200,39.67,U
sh600584,长电科技,2025-10-22 09:40:17,39.67,36600,39.67,U
sh600584,长电科技,2025-10-22 09:40:20,39.67,33900,39.67,U
sh600584,长电科技,2025-10-22 09:40:23,39.67,24900,39.67,D
sh600584,长电科技,2025-10-22 09:40:26,39.67,18700,39.67,D
sh600584,长电科技,2025-10-22 09:40:29,39.67,38300,39.67,D
sh600584,长电科技,2025-10-22 09:40:32,39.66,45500,39.67,D
sh600584,长电科技,2025-10-22 09:40:35,39.67,32700,39.66,U
sh600584,长电科技,2025-10-22 09:40:38,39.66,72100,39.67,D
sh600584,长电科技,2025-10-22 09:40:41,39.66,40200,39.66,U
sh600584,长电科技,2025-10-22 09:40:44,39.66,31600,39.66,D
sh600584,长电科技,2025-10-22 09:40:47,39.66,18900,39.66,D
sh600584,长电科技,2025-10-22 09:40:50,39.66,14300,39.66,U
sh600584,长电科技,2025-10-22 09:40:53,39.66,26200,39.66,D
sh600584,长电科技,2025-10-22 09:40:56,39.66,31500,39.66,U
sh600584,长电科技,2025-10-22 09:40:59,39.65,15400,39.66,D
sh600584,长电科技,2025-10-22 09:41:02,39.65,10300,39.65,D
sh600584,长电科技,2025-10-22 09:41:05,39.68,114500,39.65,U
sh600584,长电科技,2025-10-22 09:41:08,39.66,29000,39.68,D
sh600584,长电科技,2025-10-22 09:41:11,39.67,11800,39.66,E
sh600584,长电科技,2025-10-22 09:41:14,39.68,6000,39.67,U
sh600584,长电科技,2025-10-22 09:41:17,39.66,22200,39.68,D
sh600584,长电科技,2025-10-22 09:41:20,39.68,23200,39.66,U
sh600584,长电科技,2025-10-22 09:41:23,39.69,7800,39.68,U
sh600584,长电科技,2025-10-22 09:41:29,39.69,19000,39.68,U
sh600584,长电科技,2025-10-22 09:41:32,39.69,11600,39.69,D
sh600584,长电科技,2025-10-22 09:41:35,39.69,9000,39.69,D
sh600584,长电科技,2025-10-22 09:41:38,39.7,7700,39.69,U
sh600584,长电科技,2025-10-22 09:41:41,39.78,256000,39.7,U
sh600584,长电科技,2025-10-22 09:41:44,39.79,25300,39.78,U
sh600584,长电科技,2025-10-22 09:41:47,39.78,30300,39.79,D
sh600584,长电科技,2025-10-22 09:41:50,39.75,8200,39.78,E
sh600584,长电科技,2025-10-22 09:41:53,39.76,5500,39.75,U
sh600584,长电科技,2025-10-22 09:41:56,39.76,5400,39.76,U
sh600584,长电科技,2025-10-22 09:41:59,39.76,9700,39.76,D
sh600584,长电科技,2025-10-22 09:42:02,39.77,14200,39.76,U
sh600584,长电科技,2025-10-22 09:42:05,39.77,44000,39.77,U
sh600584,长电科技,2025-10-22 09:42:08,39.77,35600,39.77,U
sh600584,长电科技,2025-10-22 09:42:11,39.78,16200,39.77,U
sh600584,长电科技,2025-10-22 09:42:14,39.75,24700,39.78,D
sh600584,长电科技,2025-10-22 09:42:17,39.74,33000,39.75,D
sh600584,长电科技,2025-10-22 09:42:20,39.74,11700,39.74,U
sh600584,长电科技,2025-10-22 09:42:23,39.71,15900,39.74,D
sh600584,长电科技,2025-10-22 09:42:26,39.69,65800,39.71,D
sh600584,长电科技,2025-10-22 09:42:29,39.69,11600,39.69,D
sh600584,长电科技,2025-10-22 09:42:32,39.69,39900,39.69,U
sh600584,长电科技,2025-10-22 09:42:35,39.69,11500,39.69,D
sh600584,长电科技,2025-10-22 09:42:38,39.7,11000,39.69,U
sh600584,长电科技,2025-10-22 09:42:41,39.69,27200,39.7,D
sh600584,长电科技,2025-10-22 09:42:44,39.7,12000,39.69,U
sh600584,长电科技,2025-10-22 09:42:47,39.7,32900,39.7,U
sh600584,长电科技,2025-10-22 09:42:50,39.69,50100,39.7,D
sh600584,长电科技,2025-10-22 09:42:53,39.69,19300,39.69,U
sh600584,长电科技,2025-10-22 09:42:56,39.7,26200,39.69,U
sh600584,长电科技,2025-10-22 09:42:59,39.67,55100,39.7,D
sh600584,长电科技,2025-10-22 09:43:02,39.66,32200,39.67,D
sh600584,长电科技,2025-10-22 09:43:05,39.66,130500,39.66,D
sh600584,长电科技,2025-10-22 09:43:08,39.66,23900,39.66,U
sh600584,长电科技,2025-10-22 09:43:11,39.66,31300,39.66,U
sh600584,长电科技,2025-10-22 09:43:14,39.66,17500,39.66,U
sh600584,长电科技,2025-10-22 09:43:17,39.67,11200,39.66,U
sh600584,长电科技,2025-10-22 09:43:20,39.66,20500,39.67,D
sh600584,长电科技,2025-10-22 09:43:23,39.67,31500,39.66,U
sh600584,长电科技,2025-10-22 09:43:26,39.66,23600,39.67,D
sh600584,长电科技,2025-10-22 09:43:29,39.66,12700,39.66,D
sh600584,长电科技,2025-10-22 09:43:32,39.67,32800,39.66,U
sh600584,长电科技,2025-10-22 09:43:35,39.66,26900,39.67,D
sh600584,长电科技,2025-10-22 09:43:38,39.67,34200,39.66,D
sh600584,长电科技,2025-10-22 09:43:41,39.67,6200,39.67,U
sh600584,长电科技,2025-10-22 09:43:44,39.67,20400,39.67,D
sh600584,长电科技,2025-10-22 09:43:47,39.68,10700,39.67,U
sh600584,长电科技,2025-10-22 09:43:50,39.68,8200,39.68,U
sh600584,长电科技,2025-10-22 09:43:53,39.68,37000,39.68,U
sh600584,长电科技,2025-10-22 09:43:56,39.68,11000,39.68,U
sh600584,长电科技,2025-10-22 09:44:05,39.69,13100,39.69,U
sh600584,长电科技,2025-10-22 09:44:08,39.68,20600,39.69,D
sh600584,长电科技,2025-10-22 09:44:11,39.68,6800,39.68,D
sh600584,长电科技,2025-10-22 09:44:14,39.7,18300,39.68,U
sh600584,长电科技,2025-10-22 09:44:17,39.69,7200,39.7,D
sh600584,长电科技,2025-10-22 09:44:20,39.69,28600,39.69,D
sh600584,长电科技,2025-10-22 09:44:23,39.7,14900,39.69,U
sh600584,长电科技,2025-10-22 09:44:26,39.69,6300,39.7,D
sh600584,长电科技,2025-10-22 09:44:29,39.71,12900,39.69,U
sh600584,长电科技,2025-10-22 09:44:32,39.71,13700,39.71,U
sh600584,长电科技,2025-10-22 09:44:35,39.71,11400,39.71,U
sh600584,长电科技,2025-10-22 09:44:38,39.71,20400,39.71,U
sh600584,长电科技,2025-10-22 09:44:41,39.71,9400,39.71,D
sh600584,长电科技,2025-10-22 09:44:44,39.71,5500,39.71,U
sh600584,长电科技,2025-10-22 09:44:47,39.72,6200,39.71,U
sh600584,长电科技,2025-10-22 09:44:50,39.71,31200,39.72,D
sh600584,长电科技,2025-10-22 09:44:53,39.73,7100,39.71,U
sh600584,长电科技,2025-10-22 09:44:56,39.74,13200,39.73,U
sh600584,长电科技,2025-10-22 09:45:02,39.74,11400,39.74,U
sh600584,长电科技,2025-10-22 09:45:05,39.74,8600,39.74,D
sh600584,长电科技,2025-10-22 09:45:08,39.74,11000,39.74,U
sh600584,长电科技,2025-10-22 09:45:11,39.73,30700,39.74,D
sh600584,长电科技,2025-10-22 09:45:14,39.71,68800,39.73,D
sh600584,长电科技,2025-10-22 09:45:17,39.71,39200,39.71,U
sh600584,长电科技,2025-10-22 09:45:20,39.71,42900,39.71,D
sh600584,长电科技,2025-10-22 09:45:23,39.67,275400,39.71,D
sh600584,长电科技,2025-10-22 09:45:26,39.66,43700,39.67,D
sh600584,长电科技,2025-10-22 09:45:29,39.65,240300,39.66,D
sh600584,长电科技,2025-10-22 09:45:32,39.65,23800,39.65,D
sh600584,长电科技,2025-10-22 09:45:35,39.6,417200,39.65,D
sh600584,长电科技,2025-10-22 09:45:38,39.58,22100,39.6,D
sh600584,长电科技,2025-10-22 09:45:41,39.59,9900,39.58,U
sh600584,长电科技,2025-10-22 09:45:44,39.59,52400,39.59,U
sh600584,长电科技,2025-10-22 09:45:47,39.58,40100,39.59,D
sh600584,长电科技,2025-10-22 09:45:50,39.59,29400,39.58,U
sh600584,长电科技,2025-10-22 09:45:53,39.58,8600,39.59,E
sh600584,长电科技,2025-10-22 09:45:56,39.58,22800,39.58,U
sh600584,长电科技,2025-10-22 09:45:59,39.58,21100,39.58,D
sh600584,长电科技,2025-10-22 09:46:02,39.58,31400,39.58,U
sh600584,长电科技,2025-10-22 09:46:05,39.58,19200,39.58,U
sh600584,长电科技,2025-10-22 09:46:08,39.59,51100,39.58,U
sh600584,长电科技,2025-10-22 09:46:11,39.57,25400,39.59,D
sh600584,长电科技,2025-10-22 09:46:14,39.58,65300,39.57,U
sh600584,长电科技,2025-10-22 09:46:17,39.59,10700,39.58,E
sh600584,长电科技,2025-10-22 09:46:20,39.6,9900,39.59,E
sh600584,长电科技,2025-10-22 09:46:23,39.58,14100,39.6,D
sh600584,长电科技,2025-10-22 09:46:26,39.58,12100,39.58,U
sh600584,长电科技,2025-10-22 09:46:29,39.58,10300,39.58,D
sh600584,长电科技,2025-10-22 09:46:32,39.59,12500,39.58,U
sh600584,长电科技,2025-10-22 09:46:35,39.6,15908,39.59,U
sh600584,长电科技,2025-10-22 09:46:38,39.6,6200,39.6,D
sh600584,长电科技,2025-10-22 09:46:41,39.6,5100,39.6,D
sh600584,长电科技,2025-10-22 09:46:44,39.6,7000,39.6,D
sh600584,长电科技,2025-10-22 09:46:50,39.61,6000,39.61,D
sh600584,长电科技,2025-10-22 09:46:53,39.61,6500,39.61,U
sh600584,长电科技,2025-10-22 09:46:56,39.61,18700,39.61,U
sh600584,长电科技,2025-10-22 09:46:59,39.63,7800,39.61,U
sh600584,长电科技,2025-10-22 09:47:02,39.64,13200,39.63,U
sh600584,长电科技,2025-10-22 09:47:05,39.61,14000,39.64,D
sh600584,长电科技,2025-10-22 09:47:08,39.63,11600,39.61,U
sh600584,长电科技,2025-10-22 09:47:11,39.63,10400,39.63,D
sh600584,长电科技,2025-10-22 09:47:14,39.62,21400,39.63,D
sh600584,长电科技,2025-10-22 09:47:17,39.62,8900,39.62,U
sh600584,长电科技,2025-10-22 09:47:20,39.62,11700,39.62,U
sh600584,长电科技,2025-10-22 09:47:23,39.64,30100,39.62,U
sh600584,长电科技,2025-10-22 09:47:26,39.64,7300,39.64,U
sh600584,长电科技,2025-10-22 09:47:32,39.63,6100,39.64,D
sh600584,长电科技,2025-10-22 09:47:35,39.63,7100,39.63,E
sh600584,长电科技,2025-10-22 09:47:38,39.64,9600,39.63,D
sh600584,长电科技,2025-10-22 09:47:41,39.64,9800,39.64,D
sh600584,长电科技,2025-10-22 09:47:44,39.65,13100,39.64,U
sh600584,长电科技,2025-10-22 09:47:47,39.64,14700,39.65,U
sh600584,长电科技,2025-10-22 09:47:50,39.63,9100,39.64,D
sh600584,长电科技,2025-10-22 09:47:53,39.64,23200,39.63,E
sh600584,长电科技,2025-10-22 09:47:56,39.64,9300,39.64,D
sh600584,长电科技,2025-10-22 09:47:59,39.65,8600,39.64,U
sh600584,长电科技,2025-10-22 09:48:02,39.65,7300,39.65,U
sh600584,长电科技,2025-10-22 09:48:05,39.65,32600,39.65,D
sh600584,长电科技,2025-10-22 09:48:08,39.65,9100,39.65,D
sh600584,长电科技,2025-10-22 09:48:11,39.65,8600,39.65,D
sh600584,长电科技,2025-10-22 09:48:14,39.65,10200,39.65,D
sh600584,长电科技,2025-10-22 09:48:17,39.67,28500,39.65,U
sh600584,长电科技,2025-10-22 09:48:23,39.68,5900,39.67,U
sh600584,长电科技,2025-10-22 09:48:26,39.68,9600,39.68,D
sh600584,长电科技,2025-10-22 09:48:29,39.68,6800,39.68,D
sh600584,长电科技,2025-10-22 09:48:32,39.7,36400,39.68,U
sh600584,长电科技,2025-10-22 09:48:44,39.73,9300,39.71,U
sh600584,长电科技,2025-10-22 09:48:47,39.73,9700,39.73,U
sh600584,长电科技,2025-10-22 09:48:50,39.75,39100,39.73,U
sh600584,长电科技,2025-10-22 09:48:53,39.74,14200,39.75,E
sh600584,长电科技,2025-10-22 09:48:56,39.75,8500,39.74,U
sh600584,长电科技,2025-10-22 09:48:59,39.75,10300,39.75,U
sh600584,长电科技,2025-10-22 09:49:02,39.76,11100,39.75,U
sh600584,长电科技,2025-10-22 09:49:05,39.76,5800,39.76,U
sh600584,长电科技,2025-10-22 09:49:08,39.77,100700,39.76,U
sh600584,长电科技,2025-10-22 09:49:11,39.76,16300,39.77,D
sh600584,长电科技,2025-10-22 09:49:14,39.75,10300,39.76,D
sh600584,长电科技,2025-10-22 09:49:17,39.76,14500,39.75,U
sh600584,长电科技,2025-10-22 09:49:20,39.74,10300,39.76,D
sh600584,长电科技,2025-10-22 09:49:23,39.74,7500,39.74,U
sh600584,长电科技,2025-10-22 09:49:26,39.73,7400,39.74,D
sh600584,长电科技,2025-10-22 09:49:29,39.74,27300,39.73,D
sh600584,长电科技,2025-10-22 09:49:32,39.73,9700,39.74,D
sh600584,长电科技,2025-10-22 09:49:38,39.74,5073,39.74,D
sh600584,长电科技,2025-10-22 09:49:41,39.74,7600,39.74,D
sh600584,长电科技,2025-10-22 09:49:44,39.75,13599,39.74,U
sh600584,长电科技,2025-10-22 09:49:47,39.74,9900,39.75,D
sh600584,长电科技,2025-10-22 09:49:53,39.75,16600,39.75,D
sh600584,长电科技,2025-10-22 09:49:56,39.77,14700,39.75,U
sh600584,长电科技,2025-10-22 09:49:59,39.77,6100,39.77,U
sh600584,长电科技,2025-10-22 09:50:02,39.77,21600,39.77,U
sh600584,长电科技,2025-10-22 09:50:05,39.78,8900,39.77,U
sh600584,长电科技,2025-10-22 09:50:08,39.78,14200,39.78,U
sh600584,长电科技,2025-10-22 09:50:11,39.79,6400,39.78,U
sh600584,长电科技,2025-10-22 09:50:14,39.78,14600,39.79,D
sh600584,长电科技,2025-10-22 09:50:17,39.8,15300,39.78,U
sh600584,长电科技,2025-10-22 09:50:20,39.83,14300,39.8,U
sh600584,长电科技,2025-10-22 09:50:29,39.84,8800,39.84,D
sh600584,长电科技,2025-10-22 09:50:32,39.84,10600,39.84,U
sh600584,长电科技,2025-10-22 09:50:35,39.85,18900,39.84,U
sh600584,长电科技,2025-10-22 09:50:38,39.85,7500,39.85,U
sh600584,长电科技,2025-10-22 09:50:41,39.84,22800,39.85,E
sh600584,长电科技,2025-10-22 09:50:44,39.83,8400,39.84,E
sh600584,长电科技,2025-10-22 09:50:47,39.81,13700,39.83,D
sh600584,长电科技,2025-10-22 09:50:53,39.82,9700,39.83,D
sh600584,长电科技,2025-10-22 09:50:56,39.84,34127,39.82,U
sh600584,长电科技,2025-10-22 09:50:59,39.82,18300,39.84,E
sh600584,长电科技,2025-10-22 09:51:02,39.83,10600,39.82,U
sh600584,长电科技,2025-10-22 09:51:05,39.82,8800,39.83,D
sh600584,长电科技,2025-10-22 09:51:08,39.83,10700,39.82,U
sh600584,长电科技,2025-10-22 09:51:11,39.82,6500,39.83,D
sh600584,长电科技,2025-10-22 09:51:14,39.83,16900,39.82,D
sh600584,长电科技,2025-10-22 09:51:17,39.82,16900,39.83,D
sh600584,长电科技,2025-10-22 09:51:20,39.83,6600,39.82,U
sh600584,长电科技,2025-10-22 09:51:23,39.83,46500,39.83,U
sh600584,长电科技,2025-10-22 09:51:26,39.81,13100,39.83,D
sh600584,长电科技,2025-10-22 09:51:29,39.81,7900,39.81,D
sh600584,长电科技,2025-10-22 09:51:38,39.83,16500,39.84,D
sh600584,长电科技,2025-10-22 09:51:44,39.83,6100,39.83,U
sh600584,长电科技,2025-10-22 09:51:47,39.82,5300,39.83,D
sh600584,长电科技,2025-10-22 09:51:50,39.82,7200,39.82,D
sh600584,长电科技,2025-10-22 09:52:02,39.81,45573,39.81,D
sh600584,长电科技,2025-10-22 09:52:05,39.81,11300,39.81,D
sh600584,长电科技,2025-10-22 09:52:11,39.8,17100,39.81,D
sh600584,长电科技,2025-10-22 09:52:14,39.8,37900,39.8,U
sh600584,长电科技,2025-10-22 09:52:17,39.79,11000,39.8,D
sh600584,长电科技,2025-10-22 09:52:23,39.75,91400,39.79,D
sh600584,长电科技,2025-10-22 09:52:29,39.75,13700,39.75,D
sh600584,长电科技,2025-10-22 09:52:35,39.76,8300,39.78,E
sh600584,长电科技,2025-10-22 09:52:38,39.75,8700,39.76,D
sh600584,长电科技,2025-10-22 09:52:44,39.75,18800,39.75,D
sh600584,长电科技,2025-10-22 09:52:47,39.75,7800,39.75,D
sh600584,长电科技,2025-10-22 09:52:50,39.75,7500,39.75,D
sh600584,长电科技,2025-10-22 09:52:53,39.75,11500,39.75,D
sh600584,长电科技,2025-10-22 09:53:02,39.74,13300,39.74,D
sh600584,长电科技,2025-10-22 09:53:11,39.74,15500,39.73,U
sh600584,长电科技,2025-10-22 09:53:14,39.75,72400,39.74,U
sh600584,长电科技,2025-10-22 09:53:17,39.78,15700,39.75,U
sh600584,长电科技,2025-10-22 09:53:20,39.78,6200,39.78,U
sh600584,长电科技,2025-10-22 09:53:23,39.78,7100,39.78,U
sh600584,长电科技,2025-10-22 09:53:26,39.76,9400,39.78,D
sh600584,长电科技,2025-10-22 09:53:29,39.76,11600,39.76,U
sh600584,长电科技,2025-10-22 09:53:32,39.77,36300,39.76,U
sh600584,长电科技,2025-10-22 09:53:35,39.79,32000,39.77,U
sh600584,长电科技,2025-10-22 09:53:38,39.78,54600,39.79,D
sh600584,长电科技,2025-10-22 09:53:41,39.8,6900,39.78,D
sh600584,长电科技,2025-10-22 09:53:44,39.88,102827,39.8,U
sh600584,长电科技,2025-10-22 09:53:47,39.9,14200,39.88,U
sh600584,长电科技,2025-10-22 09:53:53,39.92,14400,39.9,U
sh600584,长电科技,2025-10-22 09:53:59,39.93,12200,39.93,U
sh600584,长电科技,2025-10-22 09:54:02,39.94,12500,39.93,U
sh600584,长电科技,2025-10-22 09:54:05,39.93,9800,39.94,D
sh600584,长电科技,2025-10-22 09:54:08,39.94,14500,39.93,U
sh600584,长电科技,2025-10-22 09:54:11,39.94,16400,39.94,U
sh600584,长电科技,2025-10-22 09:54:14,39.94,16100,39.94,U
sh600584,长电科技,2025-10-22 09:54:17,39.93,25100,39.94,D
sh600584,长电科技,2025-10-22 09:54:20,39.94,8000,39.93,U
sh600584,长电科技,2025-10-22 09:54:23,39.95,22300,39.94,U
sh600584,长电科技,2025-10-22 09:54:26,39.95,6600,39.95,D
sh600584,长电科技,2025-10-22 09:54:29,39.94,7000,39.95,D
sh600584,长电科技,2025-10-22 09:54:32,39.94,16300,39.94,U
sh600584,长电科技,2025-10-22 09:54:38,39.94,13800,39.94,U
sh600584,长电科技,2025-10-22 09:54:41,39.93,8200,39.94,D
sh600584,长电科技,2025-10-22 09:54:47,39.92,5600,39.93,D
sh600584,长电科技,2025-10-22 09:54:50,39.92,7600,39.92,U
sh600584,长电科技,2025-10-22 09:54:59,39.91,7800,39.92,D
sh600584,长电科技,2025-10-22 09:55:02,39.92,15600,39.91,U
sh600584,长电科技,2025-10-22 09:55:05,39.92,5500,39.92,D
sh600584,长电科技,2025-10-22 09:55:08,39.92,8700,39.92,U
sh600584,长电科技,2025-10-22 09:55:14,39.92,16900,39.93,D
sh600584,长电科技,2025-10-22 09:55:17,39.92,7800,39.92,D
sh600584,长电科技,2025-10-22 09:55:23,39.92,9700,39.92,U
sh600584,长电科技,2025-10-22 09:55:26,39.91,11500,39.92,D
sh600584,长电科技,2025-10-22 09:55:29,39.92,9600,39.91,U
sh600584,长电科技,2025-10-22 09:55:32,39.91,11600,39.92,D
sh600584,长电科技,2025-10-22 09:55:41,39.91,5800,39.91,D
sh600584,长电科技,2025-10-22 09:55:44,39.91,13500,39.91,D
sh600584,长电科技,2025-10-22 09:55:47,39.93,26300,39.91,U
sh600584,长电科技,2025-10-22 09:55:50,39.91,32200,39.93,D
sh600584,长电科技,2025-10-22 09:55:56,39.92,80200,39.91,U
sh600584,长电科技,2025-10-22 09:55:59,39.91,10900,39.92,D
sh600584,长电科技,2025-10-22 09:56:02,39.93,15200,39.91,U
sh600584,长电科技,2025-10-22 09:56:05,39.92,5900,39.93,D
sh600584,长电科技,2025-10-22 09:56:08,39.93,22500,39.92,U
sh600584,长电科技,2025-10-22 09:56:14,39.93,9300,39.93,D
sh600584,长电科技,2025-10-22 09:56:17,39.92,6000,39.93,D
sh600584,长电科技,2025-10-22 09:56:23,39.93,8400,39.94,D
sh600584,长电科技,2025-10-22 09:56:29,39.95,8100,39.93,U
sh600584,长电科技,2025-10-22 09:56:32,39.98,78400,39.95,U
sh600584,长电科技,2025-10-22 09:56:35,39.98,12000,39.98,D
sh600584,长电科技,2025-10-22 09:56:38,39.98,20900,39.98,D
sh600584,长电科技,2025-10-22 09:56:44,40.0,58500,39.99,U
sh600584,长电科技,2025-10-22 09:56:56,40.01,9200,40.01,D
sh600584,长电科技,2025-10-22 09:56:59,40.02,32100,40.01,U
sh600584,长电科技,2025-10-22 09:57:02,40.01,26100,40.02,D
sh600584,长电科技,2025-10-22 09:57:05,40.02,11100,40.01,U
sh600584,长电科技,2025-10-22 09:57:08,40.03,12500,40.02,U
sh600584,长电科技,2025-10-22 09:57:11,40.03,23800,40.03,U
sh600584,长电科技,2025-10-22 09:57:14,40.04,7800,40.03,U
sh600584,长电科技,2025-10-22 09:57:17,40.03,28900,40.04,D
sh600584,长电科技,2025-10-22 09:57:20,40.02,9100,40.03,E
sh600584,长电科技,2025-10-22 09:57:23,40.0,15500,40.02,D
sh600584,长电科技,2025-10-22 09:57:35,40.0,13300,40.0,D
sh600584,长电科技,2025-10-22 09:57:38,40.0,9000,40.0,D
sh600584,长电科技,2025-10-22 09:57:41,40.01,17700,40.0,U
sh600584,长电科技,2025-10-22 09:57:44,40.0,10900,40.01,D
sh600584,长电科技,2025-10-22 09:57:50,39.99,8700,40.0,D
sh600584,长电科技,2025-10-22 09:57:53,39.99,16500,39.99,D
sh600584,长电科技,2025-10-22 09:57:56,40.0,21200,39.99,U
sh600584,长电科技,2025-10-22 09:58:11,40.0,49100,39.99,U
sh600584,长电科技,2025-10-22 09:58:14,40.0,31500,40.0,D
sh600584,长电科技,2025-10-22 09:58:17,39.99,6600,40.0,D
sh600584,长电科技,2025-10-22 09:58:20,39.99,5100,39.99,D
sh600584,长电科技,2025-10-22 09:58:23,40.0,120700,39.99,U
sh600584,长电科技,2025-10-22 09:58:26,39.99,8700,40.0,D
sh600584,长电科技,2025-10-22 09:58:35,39.99,29900,39.99,U
sh600584,长电科技,2025-10-22 09:58:38,39.98,16800,39.99,D
sh600584,长电科技,2025-10-22 09:58:41,40.0,16100,39.98,U
sh600584,长电科技,2025-10-22 09:58:47,40.02,19700,39.99,U
sh600584,长电科技,2025-10-22 09:58:50,40.01,70100,40.02,D
sh600584,长电科技,2025-10-22 09:59:02,40.01,10300,40.02,D
sh600584,长电科技,2025-10-22 09:59:08,40.01,7200,40.01,U
sh600584,长电科技,2025-10-22 09:59:11,40.02,6500,40.01,U
sh600584,长电科技,2025-10-22 09:59:14,40.0,11500,40.02,D
sh600584,长电科技,2025-10-22 09:59:17,40.02,11600,40.0,U
sh600584,长电科技,2025-10-22 09:59:20,40.02,9100,40.02,D
sh600584,长电科技,2025-10-22 09:59:29,40.02,8800,40.01,U
sh600584,长电科技,2025-10-22 09:59:32,40.01,5200,40.02,D
sh600584,长电科技,2025-10-22 09:59:38,40.01,11400,40.0,U
sh600584,长电科技,2025-10-22 09:59:41,39.99,7500,40.01,D
sh600584,长电科技,2025-10-22 09:59:44,39.98,16100,39.99,D
sh600584,长电科技,2025-10-22 09:59:50,39.99,11200,39.99,U
sh600584,长电科技,2025-10-22 09:59:53,39.98,58200,39.99,D
sh600584,长电科技,2025-10-22 09:59:59,39.96,12900,39.98,D
sh600584,长电科技,2025-10-22 10:00:02,39.93,32400,39.96,D
sh600584,长电科技,2025-10-22 10:00:05,39.92,5700,39.93,D
sh600584,长电科技,2025-10-22 10:00:11,39.92,14900,39.92,D
sh600584,长电科技,2025-10-22 10:00:14,39.92,12600,39.92,D
sh600584,长电科技,2025-10-22 10:00:23,39.91,9900,39.92,D
sh600584,长电科技,2025-10-22 10:00:29,39.92,5700,39.91,U
sh600584,长电科技,2025-10-22 10:00:32,39.92,9700,39.92,U
sh600584,长电科技,2025-10-22 10:00:35,39.91,7000,39.92,D
sh600584,长电科技,2025-10-22 10:00:41,39.9,14300,39.91,D
sh600584,长电科技,2025-10-22 10:00:44,39.9,20100,39.9,D
sh600584,长电科技,2025-10-22 10:00:47,39.9,8500,39.9,D
sh600584,长电科技,2025-10-22 10:00:50,39.9,23100,39.9,D
sh600584,长电科技,2025-10-22 10:00:53,39.91,27000,39.9,U
sh600584,长电科技,2025-10-22 10:00:56,39.92,18300,39.91,U
sh600584,长电科技,2025-10-22 10:01:02,39.95,13000,39.9,U
sh600584,长电科技,2025-10-22 10:01:17,39.96,6500,39.96,U
sh600584,长电科技,2025-10-22 10:01:23,39.96,13200,39.96,U
sh600584,长电科技,2025-10-22 10:01:38,39.96,27100,39.96,U
sh600584,长电科技,2025-10-22 10:01:41,39.95,10500,39.96,D
sh600584,长电科技,2025-10-22 10:01:47,39.96,16300,39.96,D
sh600584,长电科技,2025-10-22 10:01:50,39.95,10500,39.96,D
sh600584,长电科技,2025-10-22 10:01:56,39.95,6000,39.95,D
sh600584,长电科技,2025-10-22 10:01:59,39.96,8100,39.95,U
sh600584,长电科技,2025-10-22 10:02:05,39.97,7100,39.96,U
sh600584,长电科技,2025-10-22 10:02:08,39.96,7100,39.97,D
sh600584,长电科技,2025-10-22 10:02:11,39.97,10200,39.96,U
sh600584,长电科技,2025-10-22 10:02:14,39.97,8000,39.97,D
sh600584,长电科技,2025-10-22 10:02:17,39.97,8500,39.97,D
sh600584,长电科技,2025-10-22 10:02:20,39.97,8100,39.97,U
sh600584,长电科技,2025-10-22 10:02:26,39.97,7900,39.97,U
sh600584,长电科技,2025-10-22 10:02:41,39.97,6800,39.97,U
sh600584,长电科技,2025-10-22 10:02:44,39.97,5100,39.97,U
sh600584,长电科技,2025-10-22 10:02:53,39.97,14600,39.96,U
sh600584,长电科技,2025-10-22 10:02:56,39.97,13400,39.97,U
sh600584,长电科技,2025-10-22 10:03:02,39.98,5500,39.97,U
sh600584,长电科技,2025-10-22 10:03:05,39.98,5200,39.98,U
sh600584,长电科技,2025-10-22 10:03:08,39.97,6700,39.98,D
sh600584,长电科技,2025-10-22 10:03:17,39.97,39900,39.97,D
sh600584,长电科技,2025-10-22 10:03:26,39.97,8200,39.97,U
sh600584,长电科技,2025-10-22 10:03:32,39.96,16400,39.97,D
sh600584,长电科技,2025-10-22 10:03:41,39.96,18700,39.96,U
sh600584,长电科技,2025-10-22 10:03:44,39.95,6000,39.96,D
sh600584,长电科技,2025-10-22 10:03:50,39.97,39500,39.95,U
sh600584,长电科技,2025-10-22 10:03:53,39.98,57200,39.97,U
sh600584,长电科技,2025-10-22 10:03:56,39.99,153800,39.98,U
sh600584,长电科技,2025-10-22 10:04:02,39.98,16200,39.99,E
sh600584,长电科技,2025-10-22 10:04:05,40.0,12400,39.98,U
sh600584,长电科技,2025-10-22 10:04:08,40.0,6500,40.0,U
sh600584,长电科技,2025-10-22 10:04:11,40.0,32000,40.0,U
sh600584,长电科技,2025-10-22 10:04:14,40.01,222314,40.0,U
sh600584,长电科技,2025-10-22 10:04:20,40.03,6900,40.02,U
sh600584,长电科技,2025-10-22 10:04:23,40.02,40500,40.03,D
sh600584,长电科技,2025-10-22 10:04:26,40.02,5300,40.02,U
sh600584,长电科技,2025-10-22 10:04:38,40.02,6800,40.02,U
sh600584,长电科技,2025-10-22 10:04:44,40.02,13200,40.01,E
sh600584,长电科技,2025-10-22 10:04:47,40.02,6300,40.02,U
sh600584,长电科技,2025-10-22 10:04:53,40.02,8200,40.01,U
sh600584,长电科技,2025-10-22 10:04:56,40.02,10800,40.02,U
sh600584,长电科技,2025-10-22 10:04:59,40.02,7500,40.02,U
sh600584,长电科技,2025-10-22 10:05:02,40.02,7100,40.02,U
sh600584,长电科技,2025-10-22 10:05:05,40.03,5400,40.02,U
sh600584,长电科技,2025-10-22 10:05:08,40.02,51800,40.03,E
sh600584,长电科技,2025-10-22 10:05:11,40.05,38800,40.02,U
sh600584,长电科技,2025-10-22 10:05:17,40.06,16900,40.06,U
sh600584,长电科技,2025-10-22 10:05:23,40.07,5700,40.06,U
sh600584,长电科技,2025-10-22 10:05:26,40.06,6200,40.07,D
sh600584,长电科技,2025-10-22 10:05:29,40.07,22000,40.06,U
sh600584,长电科技,2025-10-22 10:05:32,40.07,30600,40.07,D
sh600584,长电科技,2025-10-22 10:05:35,40.07,6100,40.07,U
sh600584,长电科技,2025-10-22 10:05:38,40.07,8500,40.07,D
sh600584,长电科技,2025-10-22 10:05:41,40.07,10800,40.07,U
sh600584,长电科技,2025-10-22 10:05:44,40.05,10700,40.07,D
sh600584,长电科技,2025-10-22 10:05:47,40.07,17000,40.05,U
sh600584,长电科技,2025-10-22 10:05:56,40.06,5800,40.06,D
sh600584,长电科技,2025-10-22 10:05:59,40.07,10100,40.06,U
sh600584,长电科技,2025-10-22 10:06:02,40.07,7800,40.07,U
sh600584,长电科技,2025-10-22 10:06:05,40.06,8100,40.07,D
sh600584,长电科技,2025-10-22 10:06:08,40.06,11800,40.06,D
sh600584,长电科技,2025-10-22 10:06:14,40.07,5200,40.06,D
sh600584,长电科技,2025-10-22 10:06:17,40.06,41000,40.07,D
sh600584,长电科技,2025-10-22 10:06:20,40.06,27400,40.06,D
sh600584,长电科技,2025-10-22 10:06:23,40.04,8900,40.06,D
sh600584,长电科技,2025-10-22 10:06:26,40.02,7400,40.04,D
sh600584,长电科技,2025-10-22 10:06:41,40.03,8400,40.02,U
sh600584,长电科技,2025-10-22 10:06:44,40.02,7000,40.03,U
sh600584,长电科技,2025-10-22 10:06:47,39.99,56800,40.02,D
sh600584,长电科技,2025-10-22 10:06:53,39.98,9500,39.99,D
sh600584,长电科技,2025-10-22 10:06:59,39.99,7400,39.98,U
sh600584,长电科技,2025-10-22 10:07:05,39.99,7000,39.99,U
sh600584,长电科技,2025-10-22 10:07:11,39.98,8100,39.98,U
sh600584,长电科技,2025-10-22 10:07:17,39.99,8900,39.98,U
sh600584,长电科技,2025-10-22 10:07:23,39.98,6800,39.98,U
sh600584,长电科技,2025-10-22 10:07:29,39.97,5100,39.97,D
sh600584,长电科技,2025-10-22 10:07:32,39.98,7400,39.97,U
sh600584,长电科技,2025-10-22 10:07:35,39.97,9600,39.98,D
sh600584,长电科技,2025-10-22 10:07:38,39.98,11800,39.97,U
sh600584,长电科技,2025-10-22 10:07:44,40.02,41400,39.98,U
sh600584,长电科技,2025-10-22 10:07:56,40.02,12400,40.02,D
sh600584,长电科技,2025-10-22 10:08:08,40.0,5800,40.0,D
sh600584,长电科技,2025-10-22 10:08:11,40.04,14900,40.0,U
sh600584,长电科技,2025-10-22 10:08:20,40.08,27000,40.04,U
sh600584,长电科技,2025-10-22 10:08:29,40.06,7500,40.05,U
sh600584,长电科技,2025-10-22 10:08:32,40.06,9600,40.06,U
sh600584,长电科技,2025-10-22 10:08:38,40.07,11600,40.06,U
sh600584,长电科技,2025-10-22 10:08:44,40.07,21900,40.07,U
sh600584,长电科技,2025-10-22 10:08:50,40.08,21000,40.08,U
sh600584,长电科技,2025-10-22 10:08:53,40.12,91600,40.08,U
sh600584,长电科技,2025-10-22 10:08:59,40.13,8700,40.12,U
sh600584,长电科技,2025-10-22 10:09:08,40.11,8400,40.13,D
sh600584,长电科技,2025-10-22 10:09:20,40.1,6600,40.11,D
sh600584,长电科技,2025-10-22 10:09:23,40.1,6500,40.1,U
sh600584,长电科技,2025-10-22 10:09:26,40.11,6600,40.1,U
sh600584,长电科技,2025-10-22 10:09:29,40.1,5400,40.11,E
sh600584,长电科技,2025-10-22 10:09:32,40.14,96400,40.1,U
sh600584,长电科技,2025-10-22 10:09:35,40.13,6000,40.14,D
sh600584,长电科技,2025-10-22 10:09:44,40.14,8100,40.14,U
sh600584,长电科技,2025-10-22 10:09:47,40.13,8600,40.14,D
sh600584,长电科技,2025-10-22 10:09:50,40.14,7500,40.13,U
sh600584,长电科技,2025-10-22 10:09:53,40.14,6400,40.14,U
sh600584,长电科技,2025-10-22 10:09:56,40.14,7200,40.14,U
sh600584,长电科技,2025-10-22 10:09:59,40.14,27000,40.14,U
sh600584,长电科技,2025-10-22 10:10:08,40.14,10000,40.13,U
sh600584,长电科技,2025-10-22 10:10:11,40.14,13600,40.14,U
sh600584,长电科技,2025-10-22 10:10:17,40.13,7800,40.13,D
sh600584,长电科技,2025-10-22 10:10:20,40.13,26800,40.13,D
sh600584,长电科技,2025-10-22 10:10:23,40.12,5500,40.13,D
sh600584,长电科技,2025-10-22 10:10:26,40.12,13400,40.12,D
sh600584,长电科技,2025-10-22 10:10:29,40.12,36600,40.12,D
sh600584,长电科技,2025-10-22 10:10:32,40.13,14600,40.12,U
sh600584,长电科技,2025-10-22 10:10:38,40.11,11900,40.12,D
sh600584,长电科技,2025-10-22 10:10:47,40.1,17200,40.1,D
sh600584,长电科技,2025-10-22 10:10:50,40.09,11400,40.1,D
sh600584,长电科技,2025-10-22 10:10:59,40.09,32300,40.09,U
sh600584,长电科技,2025-10-22 10:11:02,40.08,9900,40.09,D
sh600584,长电科技,2025-10-22 10:11:05,40.08,12400,40.08,D
sh600584,长电科技,2025-10-22 10:11:14,40.07,15800,40.08,D
sh600584,长电科技,2025-10-22 10:11:17,40.08,9400,40.07,U
sh600584,长电科技,2025-10-22 10:11:26,40.08,14500,40.07,U
sh600584,长电科技,2025-10-22 10:11:29,40.07,13724,40.08,D
sh600584,长电科技,2025-10-22 10:11:38,40.06,12400,40.06,D
sh600584,长电科技,2025-10-22 10:11:44,40.05,9100,40.05,D
sh600584,长电科技,2025-10-22 10:11:47,40.05,9000,40.05,D
sh600584,长电科技,2025-10-22 10:11:53,40.05,18800,40.05,D
sh600584,长电科技,2025-10-22 10:12:08,40.04,40600,40.03,U
sh600584,长电科技,2025-10-22 10:12:11,40.08,29876,40.04,U
sh600584,长电科技,2025-10-22 10:12:14,40.08,6300,40.08,D
sh600584,长电科技,2025-10-22 10:12:38,40.08,6500,40.07,U
sh600584,长电科技,2025-10-22 10:12:41,40.06,7800,40.08,D
sh600584,长电科技,2025-10-22 10:12:47,40.14,101400,40.09,U
sh600584,长电科技,2025-10-22 10:12:50,40.12,20300,40.14,D
sh600584,长电科技,2025-10-22 10:13:02,40.13,31300,40.13,U
sh600584,长电科技,2025-10-22 10:13:05,40.13,14500,40.13,U
sh600584,长电科技,2025-10-22 10:13:17,40.12,5100,40.12,U
sh600584,长电科技,2025-10-22 10:13:20,40.1,10500,40.12,D
sh600584,长电科技,2025-10-22 10:13:23,40.11,10200,40.1,U
sh600584,长电科技,2025-10-22 10:13:32,40.13,17000,40.11,U
sh600584,长电科技,2025-10-22 10:13:35,40.13,7400,40.13,U
sh600584,长电科技,2025-10-22 10:13:50,40.13,13000,40.12,U
sh600584,长电科技,2025-10-22 10:14:02,40.11,9400,40.12,D
sh600584,长电科技,2025-10-22 10:14:05,40.11,5600,40.11,D
sh600584,长电科技,2025-10-22 10:14:08,40.12,25800,40.11,U
sh600584,长电科技,2025-10-22 10:14:11,40.14,66700,40.12,U
sh600584,长电科技,2025-10-22 10:14:14,40.13,38600,40.14,D
sh600584,长电科技,2025-10-22 10:14:29,40.14,7600,40.14,D
sh600584,长电科技,2025-10-22 10:14:32,40.15,5100,40.14,U
sh600584,长电科技,2025-10-22 10:14:41,40.15,16600,40.15,D
sh600584,长电科技,2025-10-22 10:14:50,40.15,15400,40.16,D
sh600584,长电科技,2025-10-22 10:15:02,40.15,21400,40.16,D
sh600584,长电科技,2025-10-22 10:15:08,40.15,6600,40.15,D
sh600584,长电科技,2025-10-22 10:15:11,40.16,10600,40.15,D
sh600584,长电科技,2025-10-22 10:15:14,40.17,5700,40.16,U
sh600584,长电科技,2025-10-22 10:15:26,40.15,9000,40.15,D
sh600584,长电科技,2025-10-22 10:15:29,40.17,14300,40.15,U
sh600584,长电科技,2025-10-22 10:15:32,40.16,6100,40.17,D
sh600584,长电科技,2025-10-22 10:15:38,40.15,31800,40.15,E
sh600584,长电科技,2025-10-22 10:15:41,40.16,9700,40.15,U
sh600584,长电科技,2025-10-22 10:15:44,40.15,16800,40.16,D
sh600584,长电科技,2025-10-22 10:15:47,40.17,5000,40.15,U
sh600584,长电科技,2025-10-22 10:15:56,40.15,5900,40.16,D
sh600584,长电科技,2025-10-22 10:15:59,40.15,11400,40.15,D
sh600584,长电科技,2025-10-22 10:16:11,40.15,6700,40.15,U
sh600584,长电科技,2025-10-22 10:16:14,40.15,7100,40.15,D
sh600584,长电科技,2025-10-22 10:16:17,40.17,67700,40.15,U
sh600584,长电科技,2025-10-22 10:16:20,40.18,72300,40.17,U
sh600584,长电科技,2025-10-22 10:16:23,40.17,20200,40.18,D
sh600584,长电科技,2025-10-22 10:16:26,40.16,13800,40.17,D
sh600584,长电科技,2025-10-22 10:16:38,40.14,5100,40.15,D
sh600584,长电科技,2025-10-22 10:16:41,40.15,5700,40.14,U
sh600584,长电科技,2025-10-22 10:16:47,40.15,5100,40.16,D
sh600584,长电科技,2025-10-22 10:16:56,40.15,10000,40.15,U
sh600584,长电科技,2025-10-22 10:17:23,40.12,5100,40.13,D
sh600584,长电科技,2025-10-22 10:17:26,40.11,18100,40.12,D
sh600584,长电科技,2025-10-22 10:17:38,40.11,14800,40.11,D
sh600584,长电科技,2025-10-22 10:17:41,40.11,5800,40.11,D
sh600584,长电科技,2025-10-22 10:17:44,40.11,21400,40.11,D
sh600584,长电科技,2025-10-22 10:17:47,40.12,8500,40.11,U
sh600584,长电科技,2025-10-22 10:17:50,40.11,15500,40.12,D
sh600584,长电科技,2025-10-22 10:17:53,40.11,6800,40.11,D
sh600584,长电科技,2025-10-22 10:18:02,40.1,6600,40.11,D
sh600584,长电科技,2025-10-22 10:18:08,40.1,13000,40.1,D
sh600584,长电科技,2025-10-22 10:18:11,40.09,24000,40.1,D
sh600584,长电科技,2025-10-22 10:18:17,40.08,5500,40.1,D
sh600584,长电科技,2025-10-22 10:18:23,40.06,8700,40.07,D
sh600584,长电科技,2025-10-22 10:18:26,40.07,41000,40.06,E
sh600584,长电科技,2025-10-22 10:18:29,40.08,19000,40.07,D
sh600584,长电科技,2025-10-22 10:18:32,40.07,6700,40.08,D
sh600584,长电科技,2025-10-22 10:18:35,40.07,11700,40.07,U
sh600584,长电科技,2025-10-22 10:18:38,40.07,9300,40.07,D
sh600584,长电科技,2025-10-22 10:18:41,40.07,9400,40.07,D
sh600584,长电科技,2025-10-22 10:18:47,40.09,77600,40.08,E
sh600584,长电科技,2025-10-22 10:18:50,40.09,29500,40.09,D
sh600584,长电科技,2025-10-22 10:18:53,40.09,6700,40.09,D
sh600584,长电科技,2025-10-22 10:18:56,40.11,14000,40.09,U
sh600584,长电科技,2025-10-22 10:19:08,40.12,6500,40.11,U
sh600584,长电科技,2025-10-22 10:19:11,40.12,7300,40.12,U
sh600584,长电科技,2025-10-22 10:19:14,40.12,5300,40.12,U
sh600584,长电科技,2025-10-22 10:19:17,40.12,5800,40.12,U
sh600584,长电科技,2025-10-22 10:19:20,40.12,11500,40.12,U
sh600584,长电科技,2025-10-22 10:19:23,40.11,25600,40.12,D
sh600584,长电科技,2025-10-22 10:19:26,40.11,7000,40.11,D
sh600584,长电科技,2025-10-22 10:19:29,40.11,5300,40.11,D
sh600584,长电科技,2025-10-22 10:19:32,40.11,8200,40.11,D
sh600584,长电科技,2025-10-22 10:19:35,40.11,7100,40.11,D
sh600584,长电科技,2025-10-22 10:19:38,40.11,11800,40.11,D
sh600584,长电科技,2025-10-22 10:19:50,40.11,7500,40.11,D
sh600584,长电科技,2025-10-22 10:19:53,40.1,17200,40.11,D
sh600584,长电科技,2025-10-22 10:19:56,40.12,28100,40.1,U
sh600584,长电科技,2025-10-22 10:19:59,40.12,6400,40.12,D
sh600584,长电科技,2025-10-22 10:20:02,40.12,6000,40.12,D
sh600584,长电科技,2025-10-22 10:20:05,40.11,9900,40.12,D
sh600584,长电科技,2025-10-22 10:20:08,40.1,9600,40.11,D
sh600584,长电科技,2025-10-22 10:20:20,40.09,5600,40.09,D
sh600584,长电科技,2025-10-22 10:20:29,40.08,7400,40.09,D
sh600584,长电科技,2025-10-22 10:20:47,40.12,144100,40.06,U
sh600584,长电科技,2025-10-22 10:20:50,40.11,15300,40.12,D
sh600584,长电科技,2025-10-22 10:21:17,40.09,5700,40.1,D
sh600584,长电科技,2025-10-22 10:21:20,40.08,11700,40.09,D
sh600584,长电科技,2025-10-22 10:21:26,40.08,10500,40.08,U
sh600584,长电科技,2025-10-22 10:21:29,40.08,15000,40.08,E
sh600584,长电科技,2025-10-22 10:21:38,40.09,14600,40.1,D
sh600584,长电科技,2025-10-22 10:21:44,40.1,23900,40.09,U
sh600584,长电科技,2025-10-22 10:21:47,40.11,48400,40.1,U
sh600584,长电科技,2025-10-22 10:21:50,40.14,22200,40.11,U
sh600584,长电科技,2025-10-22 10:22:23,40.12,5100,40.13,D
sh600584,长电科技,2025-10-22 10:22:26,40.12,5100,40.12,D
sh600584,长电科技,2025-10-22 10:22:44,40.1,20700,40.1,D
sh600584,长电科技,2025-10-22 10:23:05,40.08,10400,40.08,D
sh600584,长电科技,2025-10-22 10:23:11,40.11,30300,40.08,U
sh600584,长电科技,2025-10-22 10:23:14,40.12,20900,40.11,U
sh600584,长电科技,2025-10-22 10:23:26,40.11,10500,40.12,D
sh600584,长电科技,2025-10-22 10:23:29,40.14,6900,40.11,U
sh600584,长电科技,2025-10-22 10:23:38,40.14,7300,40.13,U
sh600584,长电科技,2025-10-22 10:23:56,40.15,11200,40.14,U
sh600584,长电科技,2025-10-22 10:23:59,40.18,114400,40.15,U
sh600584,长电科技,2025-10-22 10:24:02,40.15,12900,40.18,D
sh600584,长电科技,2025-10-22 10:24:11,40.17,7500,40.17,U
sh600584,长电科技,2025-10-22 10:24:14,40.17,15100,40.17,D
sh600584,长电科技,2025-10-22 10:24:23,40.18,14200,40.18,U
sh600584,长电科技,2025-10-22 10:24:35,40.18,24500,40.18,U
sh600584,长电科技,2025-10-22 10:24:38,40.17,11600,40.18,E
sh600584,长电科技,2025-10-22 10:24:41,40.18,7800,40.17,U
sh600584,长电科技,2025-10-22 10:24:50,40.17,6200,40.18,D
sh600584,长电科技,2025-10-22 10:25:17,40.17,5300,40.17,D
sh600584,长电科技,2025-10-22 10:25:35,40.17,6000,40.17,D
sh600584,长电科技,2025-10-22 10:25:38,40.17,11700,40.17,D
sh600584,长电科技,2025-10-22 10:25:47,40.17,14800,40.17,D
sh600584,长电科技,2025-10-22 10:25:53,40.16,6500,40.17,D
sh600584,长电科技,2025-10-22 10:26:11,40.15,8800,40.16,D
sh600584,长电科技,2025-10-22 10:26:14,40.15,5200,40.15,D
sh600584,长电科技,2025-10-22 10:26:41,40.13,20600,40.14,D
sh600584,长电科技,2025-10-22 10:27:17,40.13,7100,40.13,U
sh600584,长电科技,2025-10-22 10:27:20,40.13,6400,40.13,D
sh600584,长电科技,2025-10-22 10:27:50,40.13,9300,40.13,U
sh600584,长电科技,2025-10-22 10:27:53,40.13,6900,40.13,U
sh600584,长电科技,2025-10-22 10:27:59,40.12,11800,40.12,D
sh600584,长电科技,2025-10-22 10:28:29,40.11,10700,40.11,U
sh600584,长电科技,2025-10-22 10:28:32,40.13,18400,40.11,U
sh600584,长电科技,2025-10-22 10:28:38,40.14,7800,40.12,U
sh600584,长电科技,2025-10-22 10:29:02,40.17,20900,40.15,U
sh600584,长电科技,2025-10-22 10:29:08,40.16,7200,40.17,D
sh600584,长电科技,2025-10-22 10:29:14,40.16,5700,40.17,D
sh600584,长电科技,2025-10-22 10:29:17,40.17,5300,40.16,U
sh600584,长电科技,2025-10-22 10:29:35,40.17,7100,40.16,U
sh600584,长电科技,2025-10-22 10:29:41,40.17,6400,40.17,U
sh600584,长电科技,2025-10-22 10:29:44,40.16,7600,40.17,D
sh600584,长电科技,2025-10-22 10:29:47,40.17,8000,40.16,U
sh600584,长电科技,2025-10-22 10:30:05,40.17,20700,40.17,U
sh600584,长电科技,2025-10-22 10:30:11,40.17,9700,40.17,D
sh600584,长电科技,2025-10-22 10:30:14,40.17,5600,40.17,D
sh600584,长电科技,2025-10-22 10:30:17,40.17,20400,40.17,D
sh600584,长电科技,2025-10-22 10:30:23,40.18,20100,40.17,U
sh600584,长电科技,2025-10-22 10:30:38,40.18,8400,40.17,U
sh600584,长电科技,2025-10-22 10:30:44,40.18,5600,40.17,U
sh600584,长电科技,2025-10-22 10:31:29,40.2,160000,40.18,U
sh600584,长电科技,2025-10-22 10:31:32,40.21,37189,40.2,U
sh600584,长电科技,2025-10-22 10:31:41,40.22,5600,40.22,U
sh600584,长电科技,2025-10-22 10:31:44,40.22,14900,40.22,U
sh600584,长电科技,2025-10-22 10:31:50,40.22,8300,40.22,U
sh600584,长电科技,2025-10-22 10:31:53,40.22,13100,40.22,D
sh600584,长电科技,2025-10-22 10:31:59,40.23,8900,40.23,D
sh600584,长电科技,2025-10-22 10:32:05,40.19,13600,40.23,D
sh600584,长电科技,2025-10-22 10:32:14,40.18,5500,40.19,D
sh600584,长电科技,2025-10-22 10:32:20,40.14,23700,40.18,D
sh600584,长电科技,2025-10-22 10:32:41,40.13,11000,40.13,D
sh600584,长电科技,2025-10-22 10:32:50,40.12,20300,40.12,D
sh600584,长电科技,2025-10-22 10:32:53,40.13,9200,40.12,U
sh600584,长电科技,2025-10-22 10:33:02,40.11,7800,40.11,D
sh600584,长电科技,2025-10-22 10:33:05,40.11,7600,40.11,D
sh600584,长电科技,2025-10-22 10:33:14,40.11,27900,40.1,U
sh600584,长电科技,2025-10-22 10:33:17,40.11,10400,40.11,D
sh600584,长电科技,2025-10-22 10:33:38,40.14,9700,40.11,U
sh600584,长电科技,2025-10-22 10:33:53,40.15,26100,40.14,U
sh600584,长电科技,2025-10-22 10:33:59,40.13,13300,40.17,D
sh600584,长电科技,2025-10-22 10:34:05,40.14,6500,40.13,D
sh600584,长电科技,2025-10-22 10:34:26,40.14,10300,40.15,D
sh600584,长电科技,2025-10-22 10:34:29,40.15,7500,40.14,U
sh600584,长电科技,2025-10-22 10:34:44,40.16,7800,40.15,U
sh600584,长电科技,2025-10-22 10:35:05,40.13,12400,40.15,D
sh600584,长电科技,2025-10-22 10:35:11,40.18,33600,40.13,U
sh600584,长电科技,2025-10-22 10:35:20,40.17,7000,40.17,U
sh600584,长电科技,2025-10-22 10:35:23,40.2,16200,40.17,U
sh600584,长电科技,2025-10-22 10:35:26,40.15,8200,40.2,D
sh600584,长电科技,2025-10-22 10:35:29,40.2,11000,40.15,U
sh600584,长电科技,2025-10-22 10:35:32,40.21,19200,40.2,U
sh600584,长电科技,2025-10-22 10:35:44,40.21,6300,40.21,U
sh600584,长电科技,2025-10-22 10:35:47,40.21,29100,40.21,U
sh600584,长电科技,2025-10-22 10:35:50,40.21,10600,40.21,D
sh600584,长电科技,2025-10-22 10:35:59,40.24,13200,40.24,U
sh600584,长电科技,2025-10-22 10:36:02,40.24,19100,40.24,U
sh600584,长电科技,2025-10-22 10:36:14,40.24,7900,40.24,D
sh600584,长电科技,2025-10-22 10:36:17,40.25,7900,40.24,U
sh600584,长电科技,2025-10-22 10:36:41,40.23,5400,40.23,U
sh600584,长电科技,2025-10-22 10:36:50,40.22,16000,40.23,D
sh600584,长电科技,2025-10-22 10:37:05,40.21,11600,40.21,D
sh600584,长电科技,2025-10-22 10:37:11,40.22,10500,40.21,U
sh600584,长电科技,2025-10-22 10:37:23,40.2,6800,40.21,D
sh600584,长电科技,2025-10-22 10:37:26,40.21,7900,40.2,U
sh600584,长电科技,2025-10-22 10:37:35,40.2,5400,40.2,D
sh600584,长电科技,2025-10-22 10:37:38,40.22,20900,40.2,U
sh600584,长电科技,2025-10-22 10:37:41,40.21,7300,40.22,E
sh600584,长电科技,2025-10-22 10:37:47,40.21,5400,40.21,D
sh600584,长电科技,2025-10-22 10:37:53,40.21,5100,40.22,D
sh600584,长电科技,2025-10-22 10:38:08,40.19,55100,40.2,D
sh600584,长电科技,2025-10-22 10:38:11,40.21,48900,40.19,U
sh600584,长电科技,2025-10-22 10:38:14,40.19,10800,40.21,D
sh600584,长电科技,2025-10-22 10:38:26,40.19,7500,40.18,U
sh600584,长电科技,2025-10-22 10:38:35,40.2,7600,40.19,U
sh600584,长电科技,2025-10-22 10:38:53,40.15,41000,40.18,D
sh600584,长电科技,2025-10-22 10:38:56,40.15,6900,40.15,D
sh600584,长电科技,2025-10-22 10:39:05,40.2,33700,40.15,U
sh600584,长电科技,2025-10-22 10:39:11,40.15,16200,40.16,D
sh600584,长电科技,2025-10-22 10:39:14,40.16,14700,40.15,E
sh600584,长电科技,2025-10-22 10:39:26,40.16,7000,40.16,D
sh600584,长电科技,2025-10-22 10:39:32,40.16,6200,40.16,E
sh600584,长电科技,2025-10-22 10:39:59,40.14,8300,40.15,D
sh600584,长电科技,2025-10-22 10:40:05,40.15,9200,40.14,U
sh600584,长电科技,2025-10-22 10:40:44,40.13,11700,40.12,U
sh600584,长电科技,2025-10-22 10:40:47,40.13,23200,40.13,U
sh600584,长电科技,2025-10-22 10:40:50,40.13,6800,40.13,E
sh600584,长电科技,2025-10-22 10:41:02,40.12,7513,40.13,D
sh600584,长电科技,2025-10-22 10:41:05,40.15,17100,40.12,U
sh600584,长电科技,2025-10-22 10:41:08,40.16,16900,40.15,U
sh600584,长电科技,2025-10-22 10:41:11,40.15,10800,40.16,D
sh600584,长电科技,2025-10-22 10:41:44,40.13,7400,40.12,U
sh600584,长电科技,2025-10-22 10:41:47,40.12,5100,40.13,D
sh600584,长电科技,2025-10-22 10:41:50,40.12,7600,40.12,D
sh600584,长电科技,2025-10-22 10:41:56,40.16,15100,40.13,U
sh600584,长电科技,2025-10-22 10:41:59,40.18,7500,40.16,U
sh600584,长电科技,2025-10-22 10:42:14,40.23,227800,40.18,U
sh600584,长电科技,2025-10-22 10:42:17,40.24,16900,40.23,U
sh600584,长电科技,2025-10-22 10:42:32,40.23,6500,40.23,D
sh600584,长电科技,2025-10-22 10:42:56,40.23,5200,40.23,U
sh600584,长电科技,2025-10-22 10:43:05,40.23,11300,40.23,D
sh600584,长电科技,2025-10-22 10:43:11,40.23,10900,40.23,D
sh600584,长电科技,2025-10-22 10:43:38,40.19,11100,40.2,D
sh600584,长电科技,2025-10-22 10:43:50,40.19,16400,40.19,D
sh600584,长电科技,2025-10-22 10:43:56,40.2,12200,40.18,U
sh600584,长电科技,2025-10-22 10:44:02,40.2,26400,40.18,U
sh600584,长电科技,2025-10-22 10:44:05,40.23,9400,40.2,U
sh600584,长电科技,2025-10-22 10:44:11,40.22,12600,40.23,D
sh600584,长电科技,2025-10-22 10:44:17,40.24,5500,40.22,U
sh600584,长电科技,2025-10-22 10:44:35,40.23,5900,40.23,D
sh600584,长电科技,2025-10-22 10:44:47,40.23,8500,40.22,U
sh600584,长电科技,2025-10-22 10:44:50,40.23,6500,40.23,D
sh600584,长电科技,2025-10-22 10:44:53,40.23,6200,40.23,D
sh600584,长电科技,2025-10-22 10:44:56,40.24,8100,40.23,U
sh600584,长电科技,2025-10-22 10:45:02,40.22,7500,40.23,D
sh600584,长电科技,2025-10-22 10:45:08,40.21,12400,40.22,D
sh600584,长电科技,2025-10-22 10:45:11,40.21,5400,40.21,D
sh600584,长电科技,2025-10-22 10:45:17,40.21,5400,40.21,U
sh600584,长电科技,2025-10-22 10:45:26,40.21,5600,40.2,U
sh600584,长电科技,2025-10-22 10:45:32,40.19,5700,40.2,D
sh600584,长电科技,2025-10-22 10:45:59,40.17,5500,40.17,D
sh600584,长电科技,2025-10-22 10:46:02,40.19,7200,40.17,U
sh600584,长电科技,2025-10-22 10:46:05,40.17,5000,40.19,E
sh600584,长电科技,2025-10-22 10:46:08,40.18,13800,40.17,U
sh600584,长电科技,2025-10-22 10:46:14,40.22,20000,40.18,U
sh600584,长电科技,2025-10-22 10:46:17,40.22,5200,40.22,U
sh600584,长电科技,2025-10-22 10:46:20,40.21,5200,40.22,D
sh600584,长电科技,2025-10-22 10:46:23,40.23,5500,40.21,U
sh600584,长电科技,2025-10-22 10:46:29,40.22,5900,40.22,D
sh600584,长电科技,2025-10-22 10:46:32,40.22,18100,40.22,U
sh600584,长电科技,2025-10-22 10:46:41,40.21,6000,40.22,D
sh600584,长电科技,2025-10-22 10:47:05,40.23,75500,40.19,U
sh600584,长电科技,2025-10-22 10:47:14,40.22,5500,40.23,D
sh600584,长电科技,2025-10-22 10:47:23,40.22,52700,40.21,U
sh600584,长电科技,2025-10-22 10:47:26,40.22,7700,40.22,U
sh600584,长电科技,2025-10-22 10:47:32,40.23,5800,40.23,U
sh600584,长电科技,2025-10-22 10:47:35,40.23,9400,40.23,U
sh600584,长电科技,2025-10-22 10:47:38,40.24,7500,40.23,U
sh600584,长电科技,2025-10-22 10:47:44,40.23,12000,40.23,D
sh600584,长电科技,2025-10-22 10:47:53,40.23,9300,40.24,D
sh600584,长电科技,2025-10-22 10:47:59,40.23,11200,40.23,U
sh600584,长电科技,2025-10-22 10:48:02,40.24,11000,40.23,U
sh600584,长电科技,2025-10-22 10:48:11,40.24,6000,40.24,E
sh600584,长电科技,2025-10-22 10:48:17,40.24,5300,40.24,U
sh600584,长电科技,2025-10-22 10:48:20,40.22,5600,40.24,D
sh600584,长电科技,2025-10-22 10:48:23,40.22,8700,40.22,U
sh600584,长电科技,2025-10-22 10:48:26,40.2,7600,40.22,D
sh600584,长电科技,2025-10-22 10:48:41,40.18,10400,40.19,D
sh600584,长电科技,2025-10-22 10:48:44,40.18,6800,40.18,U
sh600584,长电科技,2025-10-22 10:49:11,40.22,6600,40.21,U
sh600584,长电科技,2025-10-22 10:49:14,40.24,12000,40.22,U
sh600584,长电科技,2025-10-22 10:49:17,40.22,11200,40.24,D
sh600584,长电科技,2025-10-22 10:49:23,40.21,8300,40.23,D
sh600584,长电科技,2025-10-22 10:49:26,40.2,5300,40.21,D
sh600584,长电科技,2025-10-22 10:49:32,40.2,6700,40.2,U
sh600584,长电科技,2025-10-22 10:49:35,40.19,8700,40.2,D
sh600584,长电科技,2025-10-22 10:49:41,40.2,8500,40.2,U
sh600584,长电科技,2025-10-22 10:49:50,40.2,5900,40.19,U
sh600584,长电科技,2025-10-22 10:49:56,40.19,8200,40.2,D
sh600584,长电科技,2025-10-22 10:50:08,40.2,6500,40.2,D
sh600584,长电科技,2025-10-22 10:50:11,40.21,6000,40.2,U
sh600584,长电科技,2025-10-22 10:50:29,40.19,5800,40.21,D
sh600584,长电科技,2025-10-22 10:50:41,40.19,10700,40.2,D
sh600584,长电科技,2025-10-22 10:50:44,40.2,5000,40.19,U
sh600584,长电科技,2025-10-22 10:50:47,40.19,9400,40.2,E
sh600584,长电科技,2025-10-22 10:50:56,40.19,6600,40.19,U
sh600584,长电科技,2025-10-22 10:50:59,40.17,7200,40.19,D
sh600584,长电科技,2025-10-22 10:51:02,40.17,5500,40.17,D
sh600584,长电科技,2025-10-22 10:51:08,40.14,20800,40.17,D
sh600584,长电科技,2025-10-22 10:51:23,40.12,13787,40.12,D
sh600584,长电科技,2025-10-22 10:51:29,40.11,12200,40.12,D
sh600584,长电科技,2025-10-22 10:51:38,40.1,9600,40.1,D
sh600584,长电科技,2025-10-22 10:51:41,40.1,16900,40.1,D
sh600584,长电科技,2025-10-22 10:51:50,40.09,7200,40.09,D
sh600584,长电科技,2025-10-22 10:51:53,40.08,5100,40.09,D
sh600584,长电科技,2025-10-22 10:51:59,40.08,10300,40.08,D
sh600584,长电科技,2025-10-22 10:52:11,40.07,29800,40.07,D
sh600584,长电科技,2025-10-22 10:52:14,40.07,17900,40.07,U
sh600584,长电科技,2025-10-22 10:52:32,40.1,7500,40.09,U
sh600584,长电科技,2025-10-22 10:52:35,40.09,6900,40.1,D
sh600584,长电科技,2025-10-22 10:52:53,40.09,5300,40.08,U
sh600584,长电科技,2025-10-22 10:53:02,40.08,7100,40.08,D
sh600584,长电科技,2025-10-22 10:53:11,40.08,19700,40.09,D
sh600584,长电科技,2025-10-22 10:53:14,40.09,16800,40.08,U
sh600584,长电科技,2025-10-22 10:53:35,40.12,12200,40.1,U
sh600584,长电科技,2025-10-22 10:53:59,40.12,5700,40.12,U
sh600584,长电科技,2025-10-22 10:54:05,40.11,11000,40.13,D
sh600584,长电科技,2025-10-22 10:54:14,40.14,6300,40.15,D
sh600584,长电科技,2025-10-22 10:54:26,40.18,6100,40.15,U
sh600584,长电科技,2025-10-22 10:54:56,40.17,5300,40.17,D
sh600584,长电科技,2025-10-22 10:55:05,40.14,5100,40.17,D
sh600584,长电科技,2025-10-22 10:55:17,40.16,5600,40.16,D
sh600584,长电科技,2025-10-22 10:55:38,40.15,11700,40.16,D
sh600584,长电科技,2025-10-22 10:56:41,40.11,7900,40.11,D
sh600584,长电科技,2025-10-22 10:56:50,40.11,8800,40.1,E
sh600584,长电科技,2025-10-22 10:57:02,40.13,7400,40.11,U
sh600584,长电科技,2025-10-22 10:57:08,40.11,6500,40.12,D
sh600584,长电科技,2025-10-22 10:57:26,40.12,10600,40.13,D
sh600584,长电科技,2025-10-22 10:57:44,40.12,5300,40.12,D
sh600584,长电科技,2025-10-22 10:57:47,40.1,10200,40.12,D
sh600584,长电科技,2025-10-22 10:57:59,40.1,5900,40.1,D
sh600584,长电科技,2025-10-22 10:58:02,40.1,9400,40.1,D
sh600584,长电科技,2025-10-22 10:58:08,40.1,6100,40.1,D
sh600584,长电科技,2025-10-22 10:58:20,40.09,10600,40.09,D
sh600584,长电科技,2025-10-22 10:58:38,40.1,13300,40.09,U
sh600584,长电科技,2025-10-22 10:58:50,40.08,13100,40.08,D
sh600584,长电科技,2025-10-22 10:58:56,40.07,13000,40.07,D
sh600584,长电科技,2025-10-22 10:59:05,40.05,22600,40.06,D
sh600584,长电科技,2025-10-22 10:59:14,40.05,38100,40.05,U
sh600584,长电科技,2025-10-22 10:59:17,40.04,59500,40.05,D
sh600584,长电科技,2025-10-22 10:59:20,40.04,20600,40.04,D
sh600584,长电科技,2025-10-22 10:59:23,40.03,20802,40.04,D
sh600584,长电科技,2025-10-22 10:59:32,40.02,25002,40.02,D
sh600584,长电科技,2025-10-22 10:59:35,40.02,14800,40.02,D
sh600584,长电科技,2025-10-22 10:59:38,40.03,20300,40.02,E
sh600584,长电科技,2025-10-22 10:59:41,40.03,13800,40.03,D
sh600584,长电科技,2025-10-22 10:59:47,40.02,18400,40.02,D
sh600584,长电科技,2025-10-22 10:59:50,40.01,5100,40.02,D
sh600584,长电科技,2025-10-22 10:59:53,40.03,28600,40.01,U
sh600584,长电科技,2025-10-22 11:00:02,40.04,28600,40.02,U
sh600584,长电科技,2025-10-22 11:00:05,40.02,7800,40.04,D
sh600584,长电科技,2025-10-22 11:00:11,40.05,6600,40.03,E
sh600584,长电科技,2025-10-22 11:00:14,40.06,26100,40.05,U
sh600584,长电科技,2025-10-22 11:00:17,40.08,43500,40.06,U
sh600584,长电科技,2025-10-22 11:00:35,40.06,5100,40.05,U
sh600584,长电科技,2025-10-22 11:00:38,40.07,5200,40.06,U
sh600584,长电科技,2025-10-22 11:01:14,40.01,6600,40.03,D
sh600584,长电科技,2025-10-22 11:01:23,40.01,20100,40.01,D
sh600584,长电科技,2025-10-22 11:01:26,40.01,7900,40.01,D
sh600584,长电科技,2025-10-22 11:01:35,40.0,11400,40.0,D
sh600584,长电科技,2025-10-22 11:01:38,40.0,6800,40.0,D
sh600584,长电科技,2025-10-22 11:01:41,40.0,8700,40.0,D
sh600584,长电科技,2025-10-22 11:01:44,40.0,17000,40.0,D
sh600584,长电科技,2025-10-22 11:01:47,40.0,16400,40.0,D
sh600584,长电科技,2025-10-22 11:01:53,40.0,24000,40.0,D
sh600584,长电科技,2025-10-22 11:01:56,40.0,15100,40.0,D
sh600584,长电科技,2025-10-22 11:01:59,40.0,9800,40.0,D
sh600584,长电科技,2025-10-22 11:02:02,40.0,7600,40.0,D
sh600584,长电科技,2025-10-22 11:02:05,40.01,10800,40.0,U
sh600584,长电科技,2025-10-22 11:02:08,40.0,13400,40.01,D
sh600584,长电科技,2025-10-22 11:02:11,40.0,23400,40.0,U
sh600584,长电科技,2025-10-22 11:02:17,40.0,17200,40.01,D
sh600584,长电科技,2025-10-22 11:02:26,40.0,10700,40.0,D
sh600584,长电科技,2025-10-22 11:02:38,39.99,6300,40.0,D
sh600584,长电科技,2025-10-22 11:02:44,40.0,9791,39.99,U
sh600584,长电科技,2025-10-22 11:02:53,39.99,9400,39.99,D
sh600584,长电科技,2025-10-22 11:02:56,39.99,10909,39.99,D
sh600584,长电科技,2025-10-22 11:03:08,39.99,6100,39.99,D
sh600584,长电科技,2025-10-22 11:03:11,39.99,17100,39.99,D
sh600584,长电科技,2025-10-22 11:03:14,39.99,10200,39.99,U
sh600584,长电科技,2025-10-22 11:03:17,39.99,14900,39.99,U
sh600584,长电科技,2025-10-22 11:03:23,39.99,14100,39.99,D
sh600584,长电科技,2025-10-22 11:03:26,39.98,6900,39.99,D
sh600584,长电科技,2025-10-22 11:03:38,40.0,21100,39.99,U
sh600584,长电科技,2025-10-22 11:03:41,39.99,8400,40.0,E
sh600584,长电科技,2025-10-22 11:03:44,40.01,15700,39.99,U
sh600584,长电科技,2025-10-22 11:03:47,40.0,6500,40.01,D
sh600584,长电科技,2025-10-22 11:04:14,40.0,8600,40.0,D
sh600584,长电科技,2025-10-22 11:04:23,39.99,24800,40.0,D
sh600584,长电科技,2025-10-22 11:04:29,40.0,5300,39.99,D
sh600584,长电科技,2025-10-22 11:04:35,40.01,19300,40.0,U
sh600584,长电科技,2025-10-22 11:04:38,39.99,8800,40.01,D
sh600584,长电科技,2025-10-22 11:04:44,40.0,11000,40.0,D
sh600584,长电科技,2025-10-22 11:04:53,40.0,12900,40.0,U
sh600584,长电科技,2025-10-22 11:05:11,40.0,6500,40.0,U
sh600584,长电科技,2025-10-22 11:05:38,39.98,10400,39.99,D
sh600584,长电科技,2025-10-22 11:05:53,39.97,9209,39.98,D
sh600584,长电科技,2025-10-22 11:06:05,39.98,6000,39.97,U
sh600584,长电科技,2025-10-22 11:06:17,39.97,9300,39.96,U
sh600584,长电科技,2025-10-22 11:06:32,39.95,21100,39.97,D
sh600584,长电科技,2025-10-22 11:06:41,39.96,8500,39.95,U
sh600584,长电科技,2025-10-22 11:06:44,39.95,13900,39.96,D
sh600584,长电科技,2025-10-22 11:06:50,39.94,5800,39.95,D
sh600584,长电科技,2025-10-22 11:07:02,39.95,31800,39.94,U
sh600584,长电科技,2025-10-22 11:07:29,39.94,23300,39.96,D
sh600584,长电科技,2025-10-22 11:07:35,39.95,5100,39.96,D
sh600584,长电科技,2025-10-22 11:07:41,39.96,5400,39.95,U
sh600584,长电科技,2025-10-22 11:07:47,39.94,16000,39.96,D
sh600584,长电科技,2025-10-22 11:07:50,39.97,23600,39.94,U
sh600584,长电科技,2025-10-22 11:08:23,39.98,10300,39.98,D
sh600584,长电科技,2025-10-22 11:08:32,40.0,5900,39.98,U
sh600584,长电科技,2025-10-22 11:08:56,40.0,5400,39.99,U
sh600584,长电科技,2025-10-22 11:08:59,40.0,22800,40.0,U
sh600584,长电科技,2025-10-22 11:09:08,40.0,7800,40.0,D
sh600584,长电科技,2025-10-22 11:09:20,40.0,23200,40.02,D
sh600584,长电科技,2025-10-22 11:09:23,40.0,11400,40.0,D
sh600584,长电科技,2025-10-22 11:09:26,40.02,9200,40.0,U
sh600584,长电科技,2025-10-22 11:09:29,40.0,5100,40.02,D
sh600584,长电科技,2025-10-22 11:09:35,40.03,21500,40.01,U
sh600584,长电科技,2025-10-22 11:09:47,40.03,15200,40.03,D
sh600584,长电科技,2025-10-22 11:10:11,40.01,8000,40.02,D
sh600584,长电科技,2025-10-22 11:10:17,40.0,20100,40.02,D
sh600584,长电科技,2025-10-22 11:10:20,40.01,6500,40.0,E
sh600584,长电科技,2025-10-22 11:10:29,40.0,5500,40.0,D
sh600584,长电科技,2025-10-22 11:10:32,40.01,7200,40.0,U
sh600584,长电科技,2025-10-22 11:10:38,40.0,11700,40.01,D
sh600584,长电科技,2025-10-22 11:11:08,39.98,6000,39.99,D
sh600584,长电科技,2025-10-22 11:11:32,39.98,13000,39.99,D
sh600584,长电科技,2025-10-22 11:11:41,39.98,5700,39.99,D
sh600584,长电科技,2025-10-22 11:11:44,39.99,20600,39.98,U
sh600584,长电科技,2025-10-22 11:11:47,39.99,5600,39.99,U
sh600584,长电科技,2025-10-22 11:11:53,39.99,6900,39.99,D
sh600584,长电科技,2025-10-22 11:11:56,40.01,6300,39.99,U
sh600584,长电科技,2025-10-22 11:11:59,40.0,12500,40.01,D
sh600584,长电科技,2025-10-22 11:12:05,40.0,8200,40.01,D
sh600584,长电科技,2025-10-22 11:12:29,40.0,5600,40.0,U
sh600584,长电科技,2025-10-22 11:12:56,40.01,18300,40.01,U
sh600584,长电科技,2025-10-22 11:14:05,40.05,6800,40.04,U
sh600584,长电科技,2025-10-22 11:14:23,40.05,5600,40.03,U
sh600584,长电科技,2025-10-22 11:14:26,40.03,6600,40.05,D
sh600584,长电科技,2025-10-22 11:15:32,40.04,10900,40.05,D
sh600584,长电科技,2025-10-22 11:15:44,40.02,7900,40.04,D
sh600584,长电科技,2025-10-22 11:15:50,40.06,8800,40.03,U
sh600584,长电科技,2025-10-22 11:15:53,40.07,7700,40.06,U
sh600584,长电科技,2025-10-22 11:16:08,40.08,5400,40.07,U
sh600584,长电科技,2025-10-22 11:17:08,40.04,6200,40.05,D
sh600584,长电科技,2025-10-22 11:17:17,40.04,5000,40.03,U
sh600584,长电科技,2025-10-22 11:17:29,40.03,7400,40.05,D
sh600584,长电科技,2025-10-22 11:17:59,40.03,16900,40.04,D
sh600584,长电科技,2025-10-22 11:18:05,40.07,8600,40.04,U
sh600584,长电科技,2025-10-22 11:18:08,40.08,24600,40.07,U
sh600584,长电科技,2025-10-22 11:18:23,40.09,6600,40.09,U
sh600584,长电科技,2025-10-22 11:18:29,40.08,9500,40.09,D
sh600584,长电科技,2025-10-22 11:18:50,40.08,10200,40.07,U
sh600584,长电科技,2025-10-22 11:19:05,40.05,9200,40.07,D
sh600584,长电科技,2025-10-22 11:20:05,40.01,10400,40.01,U
sh600584,长电科技,2025-10-22 11:20:08,40.01,30900,40.01,U
sh600584,长电科技,2025-10-22 11:20:17,40.0,8400,40.01,D
sh600584,长电科技,2025-10-22 11:20:35,39.99,5500,39.99,D
sh600584,长电科技,2025-10-22 11:20:38,40.02,25600,39.99,U
sh600584,长电科技,2025-10-22 11:20:41,40.03,7000,40.02,U
sh600584,长电科技,2025-10-22 11:21:29,40.01,8300,40.02,D
sh600584,长电科技,2025-10-22 11:21:50,39.99,7200,39.99,D
sh600584,长电科技,2025-10-22 11:22:02,39.97,31500,39.99,D
sh600584,长电科技,2025-10-22 11:22:14,39.98,10800,39.97,U
sh600584,长电科技,2025-10-22 11:22:23,39.96,23500,39.98,D
sh600584,长电科技,2025-10-22 11:22:29,39.96,6000,39.97,D
sh600584,长电科技,2025-10-22 11:22:32,39.96,14400,39.96,U
sh600584,长电科技,2025-10-22 11:22:41,39.96,7500,39.97,D
sh600584,长电科技,2025-10-22 11:22:53,39.97,19700,39.96,U
sh600584,长电科技,2025-10-22 11:23:02,39.97,6900,39.96,U
sh600584,长电科技,2025-10-22 11:23:05,40.0,24600,39.97,U
sh600584,长电科技,2025-10-22 11:23:08,40.0,9600,40.0,U
sh600584,长电科技,2025-10-22 11:23:23,40.0,6000,40.01,D
sh600584,长电科技,2025-10-22 11:23:41,40.0,5100,40.0,U
sh600584,长电科技,2025-10-22 11:24:05,40.01,23900,40.0,U
sh600584,长电科技,2025-10-22 11:24:11,40.02,34200,40.02,D
sh600584,长电科技,2025-10-22 11:24:14,40.02,15200,40.02,U
sh600584,长电科技,2025-10-22 11:24:56,40.01,8800,40.01,U
sh600584,长电科技,2025-10-22 11:25:02,40.0,6500,40.01,D
sh600584,长电科技,2025-10-22 11:25:05,40.01,12900,40.0,U
sh600584,长电科技,2025-10-22 11:25:17,40.01,10300,40.01,D
sh600584,长电科技,2025-10-22 11:25:23,40.01,7300,40.01,D
sh600584,长电科技,2025-10-22 11:25:32,40.0,12500,40.01,D
sh600584,长电科技,2025-10-22 11:25:38,40.0,5000,40.0,D
sh600584,长电科技,2025-10-22 11:25:44,40.01,10200,40.0,U
sh600584,长电科技,2025-10-22 11:25:47,40.0,7200,40.01,D
sh600584,长电科技,2025-10-22 11:26:05,39.99,6300,39.99,U
sh600584,长电科技,2025-10-22 11:26:23,40.0,6100,39.99,U
sh600584,长电科技,2025-10-22 11:26:29,40.0,5500,39.98,U
sh600584,长电科技,2025-10-22 11:26:35,39.97,10500,40.0,D
sh600584,长电科技,2025-10-22 11:26:41,39.98,7500,39.98,U
sh600584,长电科技,2025-10-22 11:26:44,39.97,21800,39.98,D
sh600584,长电科技,2025-10-22 11:26:53,39.97,5700,39.97,D
sh600584,长电科技,2025-10-22 11:27:02,39.97,6200,39.98,D
sh600584,长电科技,2025-10-22 11:27:08,39.98,5600,39.98,U
sh600584,长电科技,2025-10-22 11:27:35,39.97,5500,39.97,D
sh600584,长电科技,2025-10-22 11:27:41,39.98,10900,39.97,U
sh600584,长电科技,2025-10-22 11:27:47,39.99,20800,39.98,U
sh600584,长电科技,2025-10-22 11:27:53,39.99,19500,39.98,U
sh600584,长电科技,2025-10-22 11:28:14,39.99,7600,39.99,U
sh600584,长电科技,2025-10-22 11:28:26,39.96,7000,39.98,D
sh600584,长电科技,2025-10-22 11:28:38,39.98,7700,39.98,U
sh600584,长电科技,2025-10-22 11:28:47,39.96,7200,39.96,D
sh600584,长电科技,2025-10-22 11:29:02,39.96,13200,39.95,U
sh600584,长电科技,2025-10-22 11:29:17,39.95,26700,39.96,D
sh600584,长电科技,2025-10-22 11:29:23,39.94,21200,39.95,D
sh600584,长电科技,2025-10-22 11:29:32,39.95,10100,39.94,U
sh600584,长电科技,2025-10-22 11:29:44,39.93,7100,39.93,D
sh600584,长电科技,2025-10-22 11:29:56,39.92,8700,39.92,D
sh600584,长电科技,2025-10-22 13:00:02,39.91,14000,39.91,D
sh600584,长电科技,2025-10-22 13:00:05,39.89,200700,39.91,D
sh600584,长电科技,2025-10-22 13:00:08,39.89,28000,39.89,U
sh600584,长电科技,2025-10-22 13:00:11,39.87,16100,39.89,D
sh600584,长电科技,2025-10-22 13:00:23,39.86,17500,39.86,D
sh600584,长电科技,2025-10-22 13:00:32,39.85,17000,39.86,D
sh600584,长电科技,2025-10-22 13:00:35,39.85,19000,39.85,D
sh600584,长电科技,2025-10-22 13:00:44,39.86,89200,39.85,U
sh600584,长电科技,2025-10-22 13:00:47,39.86,13000,39.86,D
sh600584,长电科技,2025-10-22 13:00:53,39.86,18500,39.86,U
sh600584,长电科技,2025-10-22 13:00:56,39.85,12100,39.86,D
sh600584,长电科技,2025-10-22 13:00:59,39.86,34200,39.85,U
sh600584,长电科技,2025-10-22 13:01:02,39.89,71400,39.86,U
sh600584,长电科技,2025-10-22 13:01:05,39.89,6700,39.89,U
sh600584,长电科技,2025-10-22 13:01:08,39.92,337000,39.89,U
sh600584,长电科技,2025-10-22 13:01:17,39.92,8300,39.93,D
sh600584,长电科技,2025-10-22 13:01:23,39.94,15100,39.93,U
sh600584,长电科技,2025-10-22 13:01:29,39.94,5500,39.94,U
sh600584,长电科技,2025-10-22 13:01:32,39.92,7200,39.94,D
sh600584,长电科技,2025-10-22 13:01:41,39.91,19400,39.91,U
sh600584,长电科技,2025-10-22 13:01:53,39.9,22400,39.9,U
sh600584,长电科技,2025-10-22 13:01:59,39.88,5800,39.9,D
sh600584,长电科技,2025-10-22 13:02:02,39.89,5700,39.88,U
sh600584,长电科技,2025-10-22 13:02:14,39.85,36100,39.87,D
sh600584,长电科技,2025-10-22 13:02:23,39.83,48200,39.85,D
sh600584,长电科技,2025-10-22 13:02:29,39.83,8500,39.83,U
sh600584,长电科技,2025-10-22 13:02:32,39.81,5400,39.83,D
sh600584,长电科技,2025-10-22 13:02:41,39.81,20000,39.82,D
sh600584,长电科技,2025-10-22 13:02:44,39.83,22400,39.81,U
sh600584,长电科技,2025-10-22 13:02:47,39.81,8400,39.83,D
sh600584,长电科技,2025-10-22 13:02:50,39.84,69000,39.81,U
sh600584,长电科技,2025-10-22 13:02:56,39.82,5700,39.83,D
sh600584,长电科技,2025-10-22 13:03:08,39.83,32300,39.83,U
sh600584,长电科技,2025-10-22 13:03:11,39.85,23100,39.83,U
sh600584,长电科技,2025-10-22 13:03:20,39.87,29500,39.87,U
sh600584,长电科技,2025-10-22 13:03:23,39.87,16300,39.87,U
sh600584,长电科技,2025-10-22 13:03:26,39.87,17900,39.87,D
sh600584,长电科技,2025-10-22 13:03:29,39.9,7900,39.87,U
sh600584,长电科技,2025-10-22 13:03:32,39.85,17100,39.9,D
sh600584,长电科技,2025-10-22 13:03:53,39.89,5500,39.89,U
sh600584,长电科技,2025-10-22 13:04:14,39.89,8000,39.9,D
sh600584,长电科技,2025-10-22 13:04:26,39.9,8700,39.9,U
sh600584,长电科技,2025-10-22 13:04:29,39.9,20500,39.9,D
sh600584,长电科技,2025-10-22 13:04:53,39.9,23600,39.91,D
sh600584,长电科技,2025-10-22 13:05:02,39.87,17200,39.88,D
sh600584,长电科技,2025-10-22 13:05:08,39.86,12800,39.87,D
sh600584,长电科技,2025-10-22 13:06:08,39.9,5300,39.91,D
sh600584,长电科技,2025-10-22 13:06:23,39.89,6600,39.89,U
sh600584,长电科技,2025-10-22 13:07:02,39.91,7800,39.9,U
sh600584,长电科技,2025-10-22 13:07:11,39.95,41100,39.92,U
sh600584,长电科技,2025-10-22 13:07:23,39.97,7600,39.98,U
sh600584,长电科技,2025-10-22 13:07:29,39.98,5500,39.98,U
sh600584,长电科技,2025-10-22 13:07:56,39.94,11100,39.93,U
sh600584,长电科技,2025-10-22 13:08:08,39.95,24000,39.95,U
sh600584,长电科技,2025-10-22 13:08:14,39.96,11500,39.95,U
sh600584,长电科技,2025-10-22 13:08:23,39.94,7500,39.94,D
sh600584,长电科技,2025-10-22 13:08:26,39.94,8000,39.94,U
sh600584,长电科技,2025-10-22 13:08:47,39.92,7200,39.93,D
sh600584,长电科技,2025-10-22 13:08:59,39.92,15300,39.92,U
sh600584,长电科技,2025-10-22 13:09:08,39.91,37300,39.92,D
sh600584,长电科技,2025-10-22 13:09:20,39.9,6000,39.9,D
sh600584,长电科技,2025-10-22 13:09:35,39.9,6600,39.89,U
sh600584,长电科技,2025-10-22 13:09:44,39.93,7900,39.92,U
sh600584,长电科技,2025-10-22 13:11:08,39.89,11300,39.89,D
sh600584,长电科技,2025-10-22 13:11:11,39.91,44700,39.89,U
sh600584,长电科技,2025-10-22 13:11:44,39.89,7500,39.89,U
sh600584,长电科技,2025-10-22 13:12:23,39.89,9900,39.89,E
sh600584,长电科技,2025-10-22 13:12:41,39.88,7900,39.88,D
sh600584,长电科技,2025-10-22 13:12:47,39.89,10500,39.88,U
sh600584,长电科技,2025-10-22 13:13:08,39.89,5100,39.89,D
sh600584,长电科技,2025-10-22 13:13:17,39.89,7700,39.91,D
sh600584,长电科技,2025-10-22 13:13:29,39.89,17200,39.89,U
sh600584,长电科技,2025-10-22 13:13:41,39.9,5200,39.89,U
sh600584,长电科技,2025-10-22 13:13:56,39.9,9500,39.91,D
sh600584,长电科技,2025-10-22 13:13:59,39.9,11000,39.9,D
sh600584,长电科技,2025-10-22 13:14:08,39.9,81500,39.91,D
sh600584,长电科技,2025-10-22 13:14:32,39.93,6400,39.93,D
sh600584,长电科技,2025-10-22 13:15:05,39.93,6000,39.94,D
sh600584,长电科技,2025-10-22 13:15:14,39.95,6300,39.95,U
sh600584,长电科技,2025-10-22 13:15:17,39.95,11400,39.95,D
sh600584,长电科技,2025-10-22 13:15:35,39.98,8800,39.98,U
sh600584,长电科技,2025-10-22 13:15:56,39.98,5800,39.99,D
sh600584,长电科技,2025-10-22 13:16:05,39.98,24500,39.99,D
sh600584,长电科技,2025-10-22 13:16:08,39.99,5800,39.98,U
sh600584,长电科技,2025-10-22 13:16:26,39.99,10600,39.98,U
sh600584,长电科技,2025-10-22 13:16:35,39.99,6300,39.99,U
sh600584,长电科技,2025-10-22 13:16:50,39.99,14600,39.99,D
sh600584,长电科技,2025-10-22 13:16:53,39.99,7100,39.99,U
sh600584,长电科技,2025-10-22 13:17:14,39.98,16500,39.97,U
sh600584,长电科技,2025-10-22 13:17:20,39.99,9000,39.99,D
sh600584,长电科技,2025-10-22 13:17:23,39.98,7300,39.99,D
sh600584,长电科技,2025-10-22 13:17:29,39.99,5400,40.0,D
sh600584,长电科技,2025-10-22 13:17:44,39.98,7600,39.99,D
sh600584,长电科技,2025-10-22 13:17:50,39.97,5400,39.98,D
sh600584,长电科技,2025-10-22 13:17:59,39.98,5300,39.98,U
sh600584,长电科技,2025-10-22 13:18:14,39.97,9400,39.97,D
sh600584,长电科技,2025-10-22 13:18:26,39.96,11100,39.96,D
sh600584,长电科技,2025-10-22 13:18:32,39.96,10500,39.96,D
sh600584,长电科技,2025-10-22 13:19:29,39.96,7500,39.96,D
sh600584,长电科技,2025-10-22 13:19:32,39.96,5900,39.96,D
sh600584,长电科技,2025-10-22 13:19:53,39.95,6400,39.96,D
sh600584,长电科技,2025-10-22 13:20:20,39.96,18900,39.96,U
sh600584,长电科技,2025-10-22 13:20:23,39.96,5500,39.96,U
sh600584,长电科技,2025-10-22 13:20:29,39.99,41200,39.96,U
sh600584,长电科技,2025-10-22 13:20:35,39.99,7500,39.99,D
sh600584,长电科技,2025-10-22 13:20:59,39.99,11400,39.99,U
sh600584,长电科技,2025-10-22 13:21:02,40.02,67700,39.99,U
sh600584,长电科技,2025-10-22 13:21:14,40.03,7700,40.02,U
sh600584,长电科技,2025-10-22 13:21:32,40.05,5000,40.05,U
sh600584,长电科技,2025-10-22 13:21:50,40.06,8100,40.06,U
sh600584,长电科技,2025-10-22 13:22:05,40.07,5400,40.07,U
sh600584,长电科技,2025-10-22 13:22:11,40.08,42500,40.07,U
sh600584,长电科技,2025-10-22 13:22:14,40.1,11200,40.08,U
sh600584,长电科技,2025-10-22 13:22:17,40.1,12000,40.1,U
sh600584,长电科技,2025-10-22 13:22:20,40.09,12500,40.1,D
sh600584,长电科技,2025-10-22 13:22:32,40.1,16500,40.1,U
sh600584,长电科技,2025-10-22 13:22:35,40.09,11600,40.1,D
sh600584,长电科技,2025-10-22 13:22:41,40.1,10900,40.1,U
sh600584,长电科技,2025-10-22 13:22:50,40.1,26300,40.11,D
sh600584,长电科技,2025-10-22 13:22:53,40.1,10300,40.1,U
sh600584,长电科技,2025-10-22 13:22:56,40.1,8700,40.1,U
sh600584,长电科技,2025-10-22 13:22:59,40.1,8200,40.1,U
sh600584,长电科技,2025-10-22 13:23:02,40.1,7100,40.1,U
sh600584,长电科技,2025-10-22 13:23:17,40.1,12100,40.1,U
sh600584,长电科技,2025-10-22 13:23:20,40.09,9400,40.1,D
sh600584,长电科技,2025-10-22 13:23:26,40.09,8800,40.1,D
sh600584,长电科技,2025-10-22 13:23:35,40.08,7100,40.09,D
sh600584,长电科技,2025-10-22 13:23:56,40.08,8900,40.08,U
sh600584,长电科技,2025-10-22 13:24:05,40.07,14300,40.06,U
sh600584,长电科技,2025-10-22 13:24:11,40.09,6800,40.08,U
sh600584,长电科技,2025-10-22 13:24:17,40.09,6600,40.09,D
sh600584,长电科技,2025-10-22 13:24:29,40.11,5900,40.09,U
sh600584,长电科技,2025-10-22 13:24:41,40.13,18900,40.11,U
sh600584,长电科技,2025-10-22 13:24:50,40.13,6900,40.13,U
sh600584,长电科技,2025-10-22 13:24:53,40.16,63100,40.13,U
sh600584,长电科技,2025-10-22 13:24:56,40.17,5200,40.16,U
sh600584,长电科技,2025-10-22 13:25:02,40.16,6500,40.17,D
sh600584,长电科技,2025-10-22 13:25:05,40.18,9200,40.16,U
sh600584,长电科技,2025-10-22 13:25:08,40.18,6200,40.18,U
sh600584,长电科技,2025-10-22 13:25:11,40.22,106600,40.18,U
sh600584,长电科技,2025-10-22 13:25:14,40.22,10400,40.22,U
sh600584,长电科技,2025-10-22 13:25:20,40.22,17700,40.22,U
sh600584,长电科技,2025-10-22 13:25:23,40.22,15400,40.22,D
sh600584,长电科技,2025-10-22 13:25:26,40.23,17200,40.22,U
sh600584,长电科技,2025-10-22 13:25:29,40.2,8800,40.23,D
sh600584,长电科技,2025-10-22 13:25:32,40.22,16600,40.2,U
sh600584,长电科技,2025-10-22 13:25:41,40.2,13000,40.18,U
sh600584,长电科技,2025-10-22 13:25:50,40.19,9600,40.2,D
sh600584,长电科技,2025-10-22 13:25:53,40.19,14000,40.19,U
sh600584,长电科技,2025-10-22 13:26:02,40.18,7700,40.19,D
sh600584,长电科技,2025-10-22 13:26:08,40.18,10300,40.18,U
sh600584,长电科技,2025-10-22 13:26:23,40.18,9500,40.19,D
sh600584,长电科技,2025-10-22 13:26:26,40.18,10400,40.18,D
sh600584,长电科技,2025-10-22 13:26:29,40.19,46100,40.18,U
sh600584,长电科技,2025-10-22 13:26:32,40.18,6200,40.19,U
sh600584,长电科技,2025-10-22 13:26:44,40.17,5200,40.18,D
sh600584,长电科技,2025-10-22 13:26:47,40.18,18000,40.17,U
sh600584,长电科技,2025-10-22 13:26:56,40.18,5300,40.18,D
sh600584,长电科技,2025-10-22 13:26:59,40.19,5600,40.18,U
sh600584,长电科技,2025-10-22 13:27:08,40.19,6100,40.18,U
sh600584,长电科技,2025-10-22 13:27:11,40.17,10400,40.19,D
sh600584,长电科技,2025-10-22 13:27:20,40.17,31000,40.18,D
sh600584,长电科技,2025-10-22 13:27:23,40.16,72700,40.17,D
sh600584,长电科技,2025-10-22 13:27:38,40.14,12700,40.13,U
sh600584,长电科技,2025-10-22 13:27:41,40.13,28700,40.14,D
sh600584,长电科技,2025-10-22 13:27:47,40.14,12600,40.14,D
sh600584,长电科技,2025-10-22 13:27:59,40.16,14500,40.15,U
sh600584,长电科技,2025-10-22 13:28:02,40.22,143800,40.16,U
sh600584,长电科技,2025-10-22 13:28:05,40.2,43700,40.22,D
sh600584,长电科技,2025-10-22 13:28:08,40.22,6400,40.2,E
sh600584,长电科技,2025-10-22 13:28:11,40.22,12100,40.22,D
sh600584,长电科技,2025-10-22 13:28:17,40.2,5700,40.21,D
sh600584,长电科技,2025-10-22 13:28:23,40.22,11900,40.22,U
sh600584,长电科技,2025-10-22 13:28:26,40.22,10400,40.22,U
sh600584,长电科技,2025-10-22 13:28:29,40.23,10900,40.22,U
sh600584,长电科技,2025-10-22 13:28:32,40.22,5600,40.23,D
sh600584,长电科技,2025-10-22 13:28:35,40.23,7900,40.22,U
sh600584,长电科技,2025-10-22 13:28:41,40.22,11400,40.23,D
sh600584,长电科技,2025-10-22 13:28:44,40.23,5400,40.22,U
sh600584,长电科技,2025-10-22 13:28:47,40.24,27500,40.23,U
sh600584,长电科技,2025-10-22 13:28:53,40.24,23500,40.24,U
sh600584,长电科技,2025-10-22 13:28:56,40.24,9900,40.24,U
sh600584,长电科技,2025-10-22 13:28:59,40.24,31500,40.24,U
sh600584,长电科技,2025-10-22 13:29:02,40.24,35600,40.24,D
sh600584,长电科技,2025-10-22 13:29:05,40.25,18800,40.24,U
sh600584,长电科技,2025-10-22 13:29:08,40.24,18000,40.25,D
sh600584,长电科技,2025-10-22 13:29:11,40.25,13000,40.24,U
sh600584,长电科技,2025-10-22 13:29:14,40.25,12000,40.25,E
sh600584,长电科技,2025-10-22 13:29:20,40.25,33600,40.25,U
sh600584,长电科技,2025-10-22 13:29:23,40.26,5500,40.25,U
sh600584,长电科技,2025-10-22 13:29:29,40.26,26500,40.27,D
sh600584,长电科技,2025-10-22 13:29:32,40.27,33600,40.26,U
sh600584,长电科技,2025-10-22 13:29:41,40.27,17800,40.28,D
sh600584,长电科技,2025-10-22 13:29:47,40.28,12300,40.27,U
sh600584,长电科技,2025-10-22 13:29:50,40.28,20000,40.28,U
sh600584,长电科技,2025-10-22 13:29:53,40.28,5700,40.28,U
sh600584,长电科技,2025-10-22 13:29:56,40.27,21800,40.28,D
sh600584,长电科技,2025-10-22 13:29:59,40.27,11600,40.27,U
sh600584,长电科技,2025-10-22 13:30:02,40.28,79900,40.27,U
sh600584,长电科技,2025-10-22 13:30:05,40.28,16900,40.28,E
sh600584,长电科技,2025-10-22 13:30:08,40.28,20100,40.28,D
sh600584,长电科技,2025-10-22 13:30:11,40.29,21100,40.28,U
sh600584,长电科技,2025-10-22 13:30:14,40.29,5700,40.29,D
sh600584,长电科技,2025-10-22 13:30:17,40.29,11000,40.29,D
sh600584,长电科技,2025-10-22 13:30:20,40.29,23200,40.29,D
sh600584,长电科技,2025-10-22 13:30:23,40.28,25600,40.29,D
sh600584,长电科技,2025-10-22 13:30:29,40.28,10400,40.28,D
sh600584,长电科技,2025-10-22 13:30:32,40.27,12400,40.28,D
sh600584,长电科技,2025-10-22 13:30:35,40.27,8500,40.27,E
sh600584,长电科技,2025-10-22 13:30:38,40.24,7600,40.27,D
sh600584,长电科技,2025-10-22 13:30:41,40.25,17300,40.24,E
sh600584,长电科技,2025-10-22 13:30:44,40.24,7700,40.25,D
sh600584,长电科技,2025-10-22 13:30:47,40.24,13800,40.24,D
sh600584,长电科技,2025-10-22 13:30:53,40.22,9800,40.24,D
sh600584,长电科技,2025-10-22 13:30:59,40.22,8800,40.22,D
sh600584,长电科技,2025-10-22 13:31:02,40.23,10100,40.22,U
sh600584,长电科技,2025-10-22 13:31:05,40.21,16900,40.23,D
sh600584,长电科技,2025-10-22 13:31:11,40.21,7800,40.21,D
sh600584,长电科技,2025-10-22 13:31:17,40.21,11200,40.21,U
sh600584,长电科技,2025-10-22 13:31:20,40.23,14100,40.21,U
sh600584,长电科技,2025-10-22 13:31:23,40.24,16500,40.23,U
sh600584,长电科技,2025-10-22 13:31:26,40.25,13100,40.24,U
sh600584,长电科技,2025-10-22 13:31:29,40.25,24400,40.25,U
sh600584,长电科技,2025-10-22 13:31:35,40.25,5200,40.25,D
sh600584,长电科技,2025-10-22 13:31:41,40.26,7900,40.27,D
sh600584,长电科技,2025-10-22 13:31:47,40.27,12300,40.27,U
sh600584,长电科技,2025-10-22 13:31:50,40.27,5300,40.27,U
sh600584,长电科技,2025-10-22 13:31:53,40.26,21600,40.27,D
sh600584,长电科技,2025-10-22 13:31:56,40.27,13600,40.26,U
sh600584,长电科技,2025-10-22 13:31:59,40.28,55100,40.27,U
sh600584,长电科技,2025-10-22 13:32:05,40.3,144500,40.27,U
sh600584,长电科技,2025-10-22 13:32:08,40.32,7400,40.3,U
sh600584,长电科技,2025-10-22 13:32:11,40.32,11200,40.32,U
sh600584,长电科技,2025-10-22 13:32:14,40.32,18800,40.32,U
sh600584,长电科技,2025-10-22 13:32:17,40.32,22800,40.32,D
sh600584,长电科技,2025-10-22 13:32:26,40.35,7000,40.35,U
sh600584,长电科技,2025-10-22 13:32:29,40.35,15400,40.35,U
sh600584,长电科技,2025-10-22 13:32:32,40.35,20800,40.35,U
sh600584,长电科技,2025-10-22 13:32:35,40.34,26800,40.35,D
sh600584,长电科技,2025-10-22 13:32:38,40.35,15500,40.34,D
sh600584,长电科技,2025-10-22 13:32:41,40.34,19900,40.35,D
sh600584,长电科技,2025-10-22 13:32:44,40.35,20900,40.34,U
sh600584,长电科技,2025-10-22 13:32:47,40.35,6500,40.35,D
sh600584,长电科技,2025-10-22 13:32:50,40.35,16800,40.35,D
sh600584,长电科技,2025-10-22 13:32:53,40.35,7400,40.35,U
sh600584,长电科技,2025-10-22 13:32:59,40.35,9400,40.34,U
sh600584,长电科技,2025-10-22 13:33:02,40.35,36000,40.35,U
sh600584,长电科技,2025-10-22 13:33:05,40.34,10200,40.35,D
sh600584,长电科技,2025-10-22 13:33:08,40.35,10300,40.34,U
sh600584,长电科技,2025-10-22 13:33:11,40.35,53200,40.35,U
sh600584,长电科技,2025-10-22 13:33:14,40.4,160200,40.35,U
sh600584,长电科技,2025-10-22 13:33:17,40.44,18100,40.4,U
sh600584,长电科技,2025-10-22 13:33:20,40.43,19000,40.44,E
sh600584,长电科技,2025-10-22 13:33:23,40.41,25200,40.43,D
sh600584,长电科技,2025-10-22 13:33:26,40.44,6000,40.41,U
sh600584,长电科技,2025-10-22 13:33:29,40.46,12000,40.44,U
sh600584,长电科技,2025-10-22 13:33:32,40.45,12600,40.46,U
sh600584,长电科技,2025-10-22 13:33:35,40.46,8000,40.45,U
sh600584,长电科技,2025-10-22 13:33:38,40.46,17700,40.46,U
sh600584,长电科技,2025-10-22 13:33:41,40.45,14800,40.46,E
sh600584,长电科技,2025-10-22 13:33:44,40.46,7100,40.45,E
sh600584,长电科技,2025-10-22 13:33:47,40.47,22900,40.46,U
sh600584,长电科技,2025-10-22 13:33:50,40.47,20600,40.47,U
sh600584,长电科技,2025-10-22 13:33:53,40.48,5400,40.47,U
sh600584,长电科技,2025-10-22 13:33:56,40.48,61500,40.48,U
sh600584,长电科技,2025-10-22 13:33:59,40.48,27200,40.48,U
sh600584,长电科技,2025-10-22 13:34:02,40.48,23500,40.48,D
sh600584,长电科技,2025-10-22 13:34:05,40.48,24400,40.48,D
sh600584,长电科技,2025-10-22 13:34:08,40.49,7100,40.48,U
sh600584,长电科技,2025-10-22 13:34:11,40.49,45400,40.49,U
sh600584,长电科技,2025-10-22 13:34:14,40.49,17800,40.49,D
sh600584,长电科技,2025-10-22 13:34:17,40.5,26300,40.49,U
sh600584,长电科技,2025-10-22 13:34:20,40.5,29100,40.5,U
sh600584,长电科技,2025-10-22 13:34:23,40.5,24700,40.5,U
sh600584,长电科技,2025-10-22 13:34:26,40.49,9700,40.5,D
sh600584,长电科技,2025-10-22 13:34:29,40.5,15600,40.49,U
sh600584,长电科技,2025-10-22 13:34:32,40.5,9300,40.5,U
sh600584,长电科技,2025-10-22 13:34:35,40.49,15700,40.5,E
sh600584,长电科技,2025-10-22 13:34:38,40.48,6500,40.49,D
sh600584,长电科技,2025-10-22 13:34:41,40.48,14400,40.48,D
sh600584,长电科技,2025-10-22 13:34:44,40.48,23400,40.48,D
sh600584,长电科技,2025-10-22 13:34:47,40.48,6200,40.48,U
sh600584,长电科技,2025-10-22 13:34:53,40.46,10900,40.47,D
sh600584,长电科技,2025-10-22 13:34:56,40.46,11200,40.46,D
sh600584,长电科技,2025-10-22 13:35:02,40.46,120200,40.45,U
sh600584,长电科技,2025-10-22 13:35:05,40.46,8200,40.46,D
sh600584,长电科技,2025-10-22 13:35:08,40.45,8900,40.46,D
sh600584,长电科技,2025-10-22 13:35:11,40.46,24200,40.45,E
sh600584,长电科技,2025-10-22 13:35:14,40.4,42200,40.46,D
sh600584,长电科技,2025-10-22 13:35:17,40.38,12300,40.4,D
sh600584,长电科技,2025-10-22 13:35:20,40.36,6600,40.38,D
sh600584,长电科技,2025-10-22 13:35:26,40.35,5700,40.35,D
sh600584,长电科技,2025-10-22 13:35:32,40.4,12300,40.38,U
sh600584,长电科技,2025-10-22 13:35:44,40.43,6500,40.42,U
sh600584,长电科技,2025-10-22 13:35:47,40.4,5200,40.43,D
sh600584,长电科技,2025-10-22 13:35:50,40.4,10100,40.4,D
sh600584,长电科技,2025-10-22 13:35:53,40.41,5800,40.4,E
sh600584,长电科技,2025-10-22 13:35:59,40.4,16900,40.4,D
sh600584,长电科技,2025-10-22 13:36:02,40.4,6900,40.4,U
sh600584,长电科技,2025-10-22 13:36:11,40.38,18800,40.38,D
sh600584,长电科技,2025-10-22 13:36:20,40.36,10700,40.36,U
sh600584,长电科技,2025-10-22 13:36:23,40.35,17600,40.36,D
sh600584,长电科技,2025-10-22 13:36:29,40.33,8400,40.34,D
sh600584,长电科技,2025-10-22 13:36:32,40.34,6700,40.33,U
sh600584,长电科技,2025-10-22 13:36:35,40.33,5200,40.34,D
sh600584,长电科技,2025-10-22 13:36:38,40.32,6600,40.33,D
sh600584,长电科技,2025-10-22 13:36:47,40.31,9000,40.31,D
sh600584,长电科技,2025-10-22 13:36:50,40.31,10900,40.31,D
sh600584,长电科技,2025-10-22 13:36:53,40.3,6900,40.31,D
sh600584,长电科技,2025-10-22 13:37:05,40.28,10800,40.29,D
sh600584,长电科技,2025-10-22 13:37:08,40.3,50600,40.28,U
sh600584,长电科技,2025-10-22 13:37:32,40.3,9200,40.29,U
sh600584,长电科技,2025-10-22 13:37:38,40.3,7400,40.3,D
sh600584,长电科技,2025-10-22 13:37:41,40.3,10800,40.3,D
sh600584,长电科技,2025-10-22 13:37:44,40.31,10100,40.3,U
sh600584,长电科技,2025-10-22 13:37:50,40.32,6900,40.31,U
sh600584,长电科技,2025-10-22 13:37:56,40.31,5200,40.32,D
sh600584,长电科技,2025-10-22 13:38:05,40.32,7100,40.32,U
sh600584,长电科技,2025-10-22 13:38:08,40.3,6600,40.32,D
sh600584,长电科技,2025-10-22 13:38:11,40.3,19200,40.3,D
sh600584,长电科技,2025-10-22 13:38:14,40.3,8300,40.3,D
sh600584,长电科技,2025-10-22 13:38:17,40.3,8670,40.3,D
sh600584,长电科技,2025-10-22 13:38:20,40.3,11900,40.3,D
sh600584,长电科技,2025-10-22 13:38:23,40.3,5300,40.3,D
sh600584,长电科技,2025-10-22 13:38:26,40.27,76500,40.3,D
sh600584,长电科技,2025-10-22 13:38:32,40.25,6300,40.26,D
sh600584,长电科技,2025-10-22 13:38:35,40.25,13900,40.25,D
sh600584,长电科技,2025-10-22 13:38:38,40.25,13700,40.25,D
sh600584,长电科技,2025-10-22 13:38:47,40.24,5100,40.24,U
sh600584,长电科技,2025-10-22 13:38:53,40.24,10700,40.24,U
sh600584,长电科技,2025-10-22 13:39:08,40.26,50200,40.24,U
sh600584,长电科技,2025-10-22 13:39:11,40.29,132700,40.26,U
sh600584,长电科技,2025-10-22 13:39:14,40.3,8000,40.29,U
sh600584,长电科技,2025-10-22 13:39:23,40.28,5500,40.28,D
sh600584,长电科技,2025-10-22 13:39:38,40.28,7200,40.28,U
sh600584,长电科技,2025-10-22 13:39:47,40.3,5800,40.28,U
sh600584,长电科技,2025-10-22 13:39:59,40.27,8200,40.29,D
sh600584,长电科技,2025-10-22 13:40:02,40.28,12000,40.27,U
sh600584,长电科技,2025-10-22 13:40:11,40.26,13300,40.28,D
sh600584,长电科技,2025-10-22 13:40:14,40.27,12400,40.26,U
sh600584,长电科技,2025-10-22 13:40:29,40.27,6700,40.26,U
sh600584,长电科技,2025-10-22 13:40:32,40.25,7400,40.27,D
sh600584,长电科技,2025-10-22 13:40:41,40.25,7200,40.25,D
sh600584,长电科技,2025-10-22 13:40:44,40.26,5400,40.25,U
sh600584,长电科技,2025-10-22 13:40:56,40.24,7700,40.26,D
sh600584,长电科技,2025-10-22 13:40:59,40.24,7900,40.24,D
sh600584,长电科技,2025-10-22 13:41:23,40.24,15000,40.24,D
sh600584,长电科技,2025-10-22 13:41:26,40.24,6100,40.24,D
sh600584,长电科技,2025-10-22 13:41:32,40.24,5300,40.24,D
sh600584,长电科技,2025-10-22 13:41:38,40.24,5800,40.24,U
sh600584,长电科技,2025-10-22 13:41:47,40.24,10000,40.24,D
sh600584,长电科技,2025-10-22 13:41:59,40.23,5700,40.25,D
sh600584,长电科技,2025-10-22 13:42:02,40.23,6400,40.23,D
sh600584,长电科技,2025-10-22 13:42:08,40.22,12800,40.23,D
sh600584,长电科技,2025-10-22 13:42:11,40.22,5300,40.22,U
sh600584,长电科技,2025-10-22 13:42:23,40.22,7000,40.21,U
sh600584,长电科技,2025-10-22 13:42:26,40.22,8600,40.22,U
sh600584,长电科技,2025-10-22 13:42:29,40.22,11400,40.22,D
sh600584,长电科技,2025-10-22 13:42:44,40.21,13700,40.21,D
sh600584,长电科技,2025-10-22 13:42:47,40.19,66800,40.21,D
sh600584,长电科技,2025-10-22 13:42:56,40.18,6800,40.18,D
sh600584,长电科技,2025-10-22 13:42:59,40.18,7600,40.18,U
sh600584,长电科技,2025-10-22 13:43:02,40.18,5400,40.18,U
sh600584,长电科技,2025-10-22 13:43:05,40.17,5300,40.18,D
sh600584,长电科技,2025-10-22 13:43:08,40.15,7600,40.17,D
sh600584,长电科技,2025-10-22 13:43:11,40.14,17000,40.15,D
sh600584,长电科技,2025-10-22 13:43:14,40.1,43000,40.14,D
sh600584,长电科技,2025-10-22 13:43:17,40.11,13900,40.1,E
sh600584,长电科技,2025-10-22 13:43:26,40.13,11500,40.13,U
sh600584,长电科技,2025-10-22 13:43:44,40.17,8200,40.18,D
sh600584,长电科技,2025-10-22 13:43:53,40.14,12600,40.17,D
sh600584,长电科技,2025-10-22 13:44:02,40.14,6900,40.15,D
sh600584,长电科技,2025-10-22 13:44:14,40.14,7600,40.14,D
sh600584,长电科技,2025-10-22 13:44:17,40.14,6500,40.14,D
sh600584,长电科技,2025-10-22 13:44:20,40.13,16400,40.14,D
sh600584,长电科技,2025-10-22 13:44:26,40.15,13700,40.14,U
sh600584,长电科技,2025-10-22 13:44:29,40.14,5200,40.15,D
sh600584,长电科技,2025-10-22 13:44:41,40.14,6400,40.13,U
sh600584,长电科技,2025-10-22 13:44:47,40.12,10200,40.12,D
sh600584,长电科技,2025-10-22 13:44:59,40.12,47100,40.13,D
sh600584,长电科技,2025-10-22 13:45:05,40.12,10500,40.12,D
sh600584,长电科技,2025-10-22 13:45:08,40.11,50600,40.12,D
sh600584,长电科技,2025-10-22 13:45:11,40.11,7000,40.11,D
sh600584,长电科技,2025-10-22 13:45:20,40.11,39800,40.11,D
sh600584,长电科技,2025-10-22 13:45:23,40.1,24800,40.11,D
sh600584,长电科技,2025-10-22 13:45:26,40.11,10600,40.1,U
sh600584,长电科技,2025-10-22 13:45:35,40.09,11000,40.1,D
sh600584,长电科技,2025-10-22 13:45:44,40.1,13800,40.09,U
sh600584,长电科技,2025-10-22 13:45:53,40.11,5900,40.11,U
sh600584,长电科技,2025-10-22 13:46:08,40.12,8900,40.11,U
sh600584,长电科技,2025-10-22 13:46:17,40.11,5900,40.12,D
sh600584,长电科技,2025-10-22 13:46:20,40.11,35600,40.11,D
sh600584,长电科技,2025-10-22 13:46:23,40.09,39000,40.11,E
sh600584,长电科技,2025-10-22 13:46:29,40.09,8900,40.07,U
sh600584,长电科技,2025-10-22 13:46:38,40.08,11400,40.08,D
sh600584,长电科技,2025-10-22 13:47:08,40.1,9800,40.08,U
sh600584,长电科技,2025-10-22 13:47:14,40.1,5300,40.09,E
sh600584,长电科技,2025-10-22 13:47:38,40.12,6600,40.13,D
sh600584,长电科技,2025-10-22 13:47:44,40.14,7100,40.14,U
sh600584,长电科技,2025-10-22 13:47:47,40.14,7100,40.14,D
sh600584,长电科技,2025-10-22 13:47:50,40.13,6700,40.14,D
sh600584,长电科技,2025-10-22 13:47:59,40.16,6184,40.15,U
sh600584,长电科技,2025-10-22 13:48:02,40.15,9900,40.16,D
sh600584,长电科技,2025-10-22 13:48:05,40.12,16116,40.15,D
sh600584,长电科技,2025-10-22 13:48:08,40.11,25600,40.12,D
sh600584,长电科技,2025-10-22 13:48:26,40.13,6600,40.14,D
sh600584,长电科技,2025-10-22 13:49:14,40.14,9800,40.14,D
sh600584,长电科技,2025-10-22 13:49:29,40.15,5500,40.15,D
sh600584,长电科技,2025-10-22 13:49:35,40.16,14600,40.14,U
sh600584,长电科技,2025-10-22 13:49:44,40.15,5300,40.15,U
sh600584,长电科技,2025-10-22 13:49:47,40.15,6100,40.15,D
sh600584,长电科技,2025-10-22 13:49:53,40.15,5600,40.15,U
sh600584,长电科技,2025-10-22 13:50:11,40.15,8200,40.15,D
sh600584,长电科技,2025-10-22 13:50:14,40.13,24000,40.15,D
sh600584,长电科技,2025-10-22 13:50:23,40.15,5200,40.14,U
sh600584,长电科技,2025-10-22 13:51:02,40.15,5500,40.15,U
sh600584,长电科技,2025-10-22 13:51:26,40.15,6000,40.15,D
sh600584,长电科技,2025-10-22 13:51:29,40.14,11900,40.15,D
sh600584,长电科技,2025-10-22 13:51:50,40.15,6200,40.14,U
sh600584,长电科技,2025-10-22 13:52:20,40.13,5200,40.14,D
sh600584,长电科技,2025-10-22 13:52:23,40.15,8600,40.13,U
sh600584,长电科技,2025-10-22 13:52:44,40.15,7200,40.13,U
sh600584,长电科技,2025-10-22 13:52:53,40.15,6200,40.15,U
sh600584,长电科技,2025-10-22 13:52:59,40.14,6300,40.15,U
sh600584,长电科技,2025-10-22 13:53:05,40.14,10300,40.15,D
sh600584,长电科技,2025-10-22 13:53:44,40.14,6600,40.15,D
sh600584,长电科技,2025-10-22 13:53:47,40.14,10400,40.14,D
sh600584,长电科技,2025-10-22 13:54:02,40.15,6800,40.14,U
sh600584,长电科技,2025-10-22 13:54:05,40.14,5500,40.15,D
sh600584,长电科技,2025-10-22 13:55:02,40.13,10600,40.14,D
sh600584,长电科技,2025-10-22 13:55:32,40.15,6100,40.13,U
sh600584,长电科技,2025-10-22 13:55:44,40.13,5200,40.13,D
sh600584,长电科技,2025-10-22 13:55:50,40.12,23500,40.13,D
sh600584,长电科技,2025-10-22 13:55:53,40.1,87400,40.12,D
sh600584,长电科技,2025-10-22 13:55:56,40.1,5600,40.1,U
sh600584,长电科技,2025-10-22 13:57:05,40.1,6400,40.1,D
sh600584,长电科技,2025-10-22 13:57:08,40.1,7600,40.1,D
sh600584,长电科技,2025-10-22 13:57:35,40.08,6700,40.08,D
sh600584,长电科技,2025-10-22 13:58:08,40.09,6100,40.09,U
sh600584,长电科技,2025-10-22 13:58:17,40.08,5300,40.08,D
sh600584,长电科技,2025-10-22 13:58:26,40.08,6400,40.09,D
sh600584,长电科技,2025-10-22 13:58:35,40.08,41700,40.07,U
sh600584,长电科技,2025-10-22 13:58:38,40.08,6000,40.08,U
sh600584,长电科技,2025-10-22 13:58:41,40.08,10300,40.08,U
sh600584,长电科技,2025-10-22 13:58:59,40.09,5200,40.09,D
sh600584,长电科技,2025-10-22 13:59:02,40.09,8700,40.09,D
sh600584,长电科技,2025-10-22 13:59:11,40.07,6800,40.09,D
sh600584,长电科技,2025-10-22 13:59:32,40.07,15284,40.07,D
sh600584,长电科技,2025-10-22 13:59:53,40.06,8195,40.06,D
sh600584,长电科技,2025-10-22 13:59:59,40.05,14500,40.06,D
sh600584,长电科技,2025-10-22 14:00:02,40.04,8100,40.05,D
sh600584,长电科技,2025-10-22 14:00:20,40.02,8200,40.02,D
sh600584,长电科技,2025-10-22 14:00:23,40.01,11300,40.02,D
sh600584,长电科技,2025-10-22 14:00:26,40.02,7100,40.01,U
sh600584,长电科技,2025-10-22 14:00:29,40.01,19100,40.02,D
sh600584,长电科技,2025-10-22 14:00:35,40.02,9600,40.02,D
sh600584,长电科技,2025-10-22 14:00:50,40.02,14000,40.01,U
sh600584,长电科技,2025-10-22 14:00:59,40.04,9900,40.02,U
sh600584,长电科技,2025-10-22 14:01:02,40.05,12400,40.04,U
sh600584,长电科技,2025-10-22 14:01:08,40.08,10000,40.06,U
sh600584,长电科技,2025-10-22 14:01:17,40.08,10500,40.06,U
sh600584,长电科技,2025-10-22 14:01:47,40.05,7600,40.06,D
sh600584,长电科技,2025-10-22 14:02:11,40.05,6000,40.06,D
sh600584,长电科技,2025-10-22 14:02:32,40.06,12700,40.07,D
sh600584,长电科技,2025-10-22 14:02:38,40.07,5000,40.07,U
sh600584,长电科技,2025-10-22 14:03:05,40.07,14200,40.08,D
sh600584,长电科技,2025-10-22 14:03:08,40.07,13000,40.07,D
sh600584,长电科技,2025-10-22 14:03:11,40.07,5800,40.07,E
sh600584,长电科技,2025-10-22 14:03:14,40.06,10200,40.07,D
sh600584,长电科技,2025-10-22 14:03:41,40.06,5400,40.06,D
sh600584,长电科技,2025-10-22 14:04:05,40.05,5900,40.06,D
sh600584,长电科技,2025-10-22 14:04:11,40.07,12400,40.05,U
sh600584,长电科技,2025-10-22 14:04:32,40.1,11700,40.08,U
sh600584,长电科技,2025-10-22 14:04:47,40.12,12200,40.11,U
sh600584,长电科技,2025-10-22 14:04:53,40.12,9300,40.11,U
sh600584,长电科技,2025-10-22 14:05:05,40.08,8900,40.11,D
sh600584,长电科技,2025-10-22 14:05:11,40.06,7300,40.09,D
sh600584,长电科技,2025-10-22 14:05:26,40.06,10000,40.09,D
sh600584,长电科技,2025-10-22 14:06:02,40.09,14100,40.09,U
sh600584,长电科技,2025-10-22 14:06:08,40.09,11200,40.09,D
sh600584,长电科技,2025-10-22 14:06:26,40.08,8800,40.09,D
sh600584,长电科技,2025-10-22 14:06:41,40.09,9400,40.09,U
sh600584,长电科技,2025-10-22 14:06:47,40.1,12200,40.09,U
sh600584,长电科技,2025-10-22 14:07:11,40.11,7650,40.11,U
sh600584,长电科技,2025-10-22 14:07:35,40.12,7900,40.12,U
sh600584,长电科技,2025-10-22 14:07:44,40.12,6400,40.11,U
sh600584,长电科技,2025-10-22 14:07:50,40.12,5100,40.12,U
sh600584,长电科技,2025-10-22 14:07:56,40.13,9200,40.12,U
sh600584,长电科技,2025-10-22 14:08:50,40.15,23800,40.15,U
sh600584,长电科技,2025-10-22 14:09:08,40.11,6600,40.13,D
sh600584,长电科技,2025-10-22 14:09:11,40.12,7300,40.11,U
sh600584,长电科技,2025-10-22 14:09:23,40.12,6300,40.12,U
sh600584,长电科技,2025-10-22 14:09:32,40.11,16000,40.11,D
sh600584,长电科技,2025-10-22 14:09:35,40.12,55400,40.11,U
sh600584,长电科技,2025-10-22 14:10:05,40.1,5300,40.11,D
sh600584,长电科技,2025-10-22 14:10:14,40.1,5100,40.11,D
sh600584,长电科技,2025-10-22 14:10:35,40.11,8000,40.1,U
sh600584,长电科技,2025-10-22 14:11:14,40.1,17200,40.11,D
sh600584,长电科技,2025-10-22 14:12:08,40.13,18200,40.11,U
sh600584,长电科技,2025-10-22 14:12:29,40.15,5100,40.14,U
sh600584,长电科技,2025-10-22 14:12:44,40.2,32300,40.14,U
sh600584,长电科技,2025-10-22 14:13:17,40.2,6900,40.21,D
sh600584,长电科技,2025-10-22 14:13:38,40.19,7000,40.2,D
sh600584,长电科技,2025-10-22 14:13:41,40.2,5000,40.19,U
sh600584,长电科技,2025-10-22 14:13:53,40.19,5400,40.2,D
sh600584,长电科技,2025-10-22 14:13:56,40.2,13800,40.19,U
sh600584,长电科技,2025-10-22 14:13:59,40.2,7300,40.2,U
sh600584,长电科技,2025-10-22 14:14:11,40.21,8400,40.21,U
sh600584,长电科技,2025-10-22 14:14:20,40.18,22100,40.2,D
sh600584,长电科技,2025-10-22 14:14:23,40.16,12000,40.18,D
sh600584,长电科技,2025-10-22 14:14:38,40.17,6600,40.18,U
sh600584,长电科技,2025-10-22 14:14:47,40.16,6300,40.16,D
sh600584,长电科技,2025-10-22 14:15:20,40.15,44400,40.16,D
sh600584,长电科技,2025-10-22 14:15:29,40.16,5000,40.16,D
sh600584,长电科技,2025-10-22 14:15:38,40.13,10200,40.15,D
sh600584,长电科技,2025-10-22 14:16:05,40.13,5600,40.13,D
sh600584,长电科技,2025-10-22 14:16:11,40.11,35200,40.13,D
sh600584,长电科技,2025-10-22 14:16:14,40.07,122500,40.11,D
sh600584,长电科技,2025-10-22 14:16:20,40.07,5000,40.07,D
sh600584,长电科技,2025-10-22 14:16:47,40.09,8400,40.09,U
sh600584,长电科技,2025-10-22 14:16:50,40.09,5100,40.09,U
sh600584,长电科技,2025-10-22 14:17:05,40.1,7600,40.08,U
sh600584,长电科技,2025-10-22 14:17:14,40.11,8900,40.11,U
sh600584,长电科技,2025-10-22 14:17:32,40.11,7600,40.11,D
sh600584,长电科技,2025-10-22 14:17:44,40.1,7400,40.1,D
sh600584,长电科技,2025-10-22 14:18:05,40.09,8900,40.09,D
sh600584,长电科技,2025-10-22 14:18:26,40.09,5400,40.09,D
sh600584,长电科技,2025-10-22 14:18:53,40.1,7000,40.11,D
sh600584,长电科技,2025-10-22 14:18:56,40.11,9200,40.1,U
sh600584,长电科技,2025-10-22 14:18:59,40.09,7900,40.11,D
sh600584,长电科技,2025-10-22 14:19:02,40.09,12500,40.09,D
sh600584,长电科技,2025-10-22 14:19:14,40.08,15600,40.09,D
sh600584,长电科技,2025-10-22 14:19:23,40.06,5000,40.06,D
sh600584,长电科技,2025-10-22 14:19:26,40.06,15700,40.06,D
sh600584,长电科技,2025-10-22 14:19:32,40.05,12300,40.06,D
sh600584,长电科技,2025-10-22 14:19:47,40.06,5800,40.05,U
sh600584,长电科技,2025-10-22 14:20:17,40.06,7200,40.06,D
sh600584,长电科技,2025-10-22 14:20:20,40.06,18700,40.06,D
sh600584,长电科技,2025-10-22 14:20:32,40.05,16800,40.05,D
sh600584,长电科技,2025-10-22 14:20:41,40.05,11000,40.05,U
sh600584,长电科技,2025-10-22 14:20:44,40.05,5100,40.05,U
sh600584,长电科技,2025-10-22 14:20:50,40.05,9700,40.05,U
sh600584,长电科技,2025-10-22 14:20:53,40.04,6500,40.05,D
sh600584,长电科技,2025-10-22 14:20:59,40.04,7200,40.04,D
sh600584,长电科技,2025-10-22 14:21:05,40.04,10500,40.04,U
sh600584,长电科技,2025-10-22 14:21:08,40.04,5900,40.04,U
sh600584,长电科技,2025-10-22 14:21:11,40.04,6000,40.04,D
sh600584,长电科技,2025-10-22 14:21:32,40.05,14000,40.05,U
sh600584,长电科技,2025-10-22 14:21:38,40.05,8900,40.04,U
sh600584,长电科技,2025-10-22 14:22:29,40.07,5400,40.07,D
sh600584,长电科技,2025-10-22 14:22:35,40.06,10300,40.07,D
sh600584,长电科技,2025-10-22 14:22:44,40.07,5100,40.06,U
sh600584,长电科技,2025-10-22 14:23:11,40.07,5600,40.08,D
sh600584,长电科技,2025-10-22 14:23:29,40.07,5600,40.06,U
sh600584,长电科技,2025-10-22 14:24:11,40.09,5700,40.08,U
sh600584,长电科技,2025-10-22 14:24:20,40.09,7700,40.09,D
sh600584,长电科技,2025-10-22 14:24:35,40.1,6200,40.09,U
sh600584,长电科技,2025-10-22 14:25:17,40.09,5700,40.09,D
sh600584,长电科技,2025-10-22 14:25:32,40.09,5000,40.1,D
sh600584,长电科技,2025-10-22 14:25:44,40.09,6100,40.09,U
sh600584,长电科技,2025-10-22 14:25:59,40.06,55300,40.09,D
sh600584,长电科技,2025-10-22 14:26:11,40.06,5900,40.06,D
sh600584,长电科技,2025-10-22 14:26:41,40.06,5200,40.06,D
sh600584,长电科技,2025-10-22 14:27:44,40.06,42200,40.07,D
sh600584,长电科技,2025-10-22 14:27:56,40.06,8000,40.07,D
sh600584,长电科技,2025-10-22 14:29:02,40.07,40900,40.07,D
sh600584,长电科技,2025-10-22 14:29:35,40.06,19600,40.07,D
sh600584,长电科技,2025-10-22 14:29:38,40.05,6200,40.06,D
sh600584,长电科技,2025-10-22 14:29:59,40.07,8800,40.06,U
sh600584,长电科技,2025-10-22 14:30:02,40.06,6100,40.07,E
sh600584,长电科技,2025-10-22 14:30:05,40.06,23900,40.06,E
sh600584,长电科技,2025-10-22 14:30:17,40.08,17800,40.06,U
sh600584,长电科技,2025-10-22 14:30:44,40.09,5300,40.09,U
sh600584,长电科技,2025-10-22 14:30:53,40.09,5500,40.09,D
sh600584,长电科技,2025-10-22 14:31:02,40.1,12000,40.09,U
sh600584,长电科技,2025-10-22 14:31:08,40.09,6000,40.1,D
sh600584,长电科技,2025-10-22 14:31:17,40.11,5000,40.1,U
sh600584,长电科技,2025-10-22 14:31:20,40.1,8500,40.11,D
sh600584,长电科技,2025-10-22 14:31:29,40.09,25400,40.1,D
sh600584,长电科技,2025-10-22 14:31:41,40.06,57300,40.1,D
sh600584,长电科技,2025-10-22 14:31:56,40.05,21000,40.07,D
sh600584,长电科技,2025-10-22 14:32:05,40.05,9000,40.05,D
sh600584,长电科技,2025-10-22 14:32:08,40.05,6400,40.05,D
sh600584,长电科技,2025-10-22 14:32:14,40.05,11500,40.05,D
sh600584,长电科技,2025-10-22 14:32:29,40.05,7200,40.05,D
sh600584,长电科技,2025-10-22 14:32:32,40.05,41400,40.05,D
sh600584,长电科技,2025-10-22 14:32:38,40.05,19500,40.05,U
sh600584,长电科技,2025-10-22 14:32:47,40.03,11100,40.04,D
sh600584,长电科技,2025-10-22 14:32:59,40.02,16700,40.03,D
sh600584,长电科技,2025-10-22 14:33:05,40.02,7400,40.03,D
sh600584,长电科技,2025-10-22 14:33:11,40.02,12800,40.02,D
sh600584,长电科技,2025-10-22 14:33:14,40.02,6800,40.02,D
sh600584,长电科技,2025-10-22 14:33:17,40.03,21200,40.02,U
sh600584,长电科技,2025-10-22 14:33:20,40.03,9500,40.03,U
sh600584,长电科技,2025-10-22 14:33:23,40.02,7300,40.03,D
sh600584,长电科技,2025-10-22 14:33:26,40.03,6100,40.02,U
sh600584,长电科技,2025-10-22 14:33:29,40.02,9800,40.03,U
sh600584,长电科技,2025-10-22 14:33:32,40.02,28900,40.02,D
sh600584,长电科技,2025-10-22 14:33:41,40.02,5400,40.02,U
sh600584,长电科技,2025-10-22 14:33:44,40.02,12700,40.02,D
sh600584,长电科技,2025-10-22 14:34:02,40.02,11100,40.02,D
sh600584,长电科技,2025-10-22 14:34:20,40.03,12400,40.02,U
sh600584,长电科技,2025-10-22 14:34:26,40.03,10000,40.02,U
sh600584,长电科技,2025-10-22 14:34:29,40.02,14500,40.03,D
sh600584,长电科技,2025-10-22 14:34:38,40.02,12200,40.02,U
sh600584,长电科技,2025-10-22 14:34:50,40.03,9600,40.03,U
sh600584,长电科技,2025-10-22 14:34:56,40.01,9800,40.02,D
sh600584,长电科技,2025-10-22 14:35:05,40.01,18900,40.02,D
sh600584,长电科技,2025-10-22 14:35:20,40.02,10600,40.02,U
sh600584,长电科技,2025-10-22 14:35:47,40.01,21420,40.02,D
sh600584,长电科技,2025-10-22 14:35:50,40.01,5400,40.01,U
sh600584,长电科技,2025-10-22 14:35:53,40.01,5000,40.01,U
sh600584,长电科技,2025-10-22 14:35:59,40.0,29900,40.0,D
sh600584,长电科技,2025-10-22 14:36:02,40.0,6300,40.0,D
sh600584,长电科技,2025-10-22 14:36:08,40.0,6500,40.01,D
sh600584,长电科技,2025-10-22 14:36:11,40.0,37100,40.0,D
sh600584,长电科技,2025-10-22 14:36:14,40.0,11800,40.0,D
sh600584,长电科技,2025-10-22 14:36:17,40.0,7400,40.0,D
sh600584,长电科技,2025-10-22 14:36:23,39.97,199500,40.0,D
sh600584,长电科技,2025-10-22 14:36:29,39.97,13200,39.97,D
sh600584,长电科技,2025-10-22 14:36:32,39.97,8400,39.97,U
sh600584,长电科技,2025-10-22 14:36:35,39.97,14800,39.97,U
sh600584,长电科技,2025-10-22 14:36:38,39.96,29000,39.97,D
sh600584,长电科技,2025-10-22 14:36:47,39.96,7500,39.96,U
sh600584,长电科技,2025-10-22 14:36:50,39.94,24900,39.96,D
sh600584,长电科技,2025-10-22 14:36:59,39.94,12800,39.94,D
sh600584,长电科技,2025-10-22 14:37:02,39.95,5300,39.94,U
sh600584,长电科技,2025-10-22 14:37:05,39.96,12000,39.95,U
sh600584,长电科技,2025-10-22 14:37:08,39.97,12100,39.96,U
sh600584,长电科技,2025-10-22 14:37:17,39.97,7600,39.96,U
sh600584,长电科技,2025-10-22 14:37:20,39.97,10300,39.97,U
sh600584,长电科技,2025-10-22 14:37:26,39.97,5100,39.97,U
sh600584,长电科技,2025-10-22 14:37:32,39.97,7700,39.97,U
sh600584,长电科技,2025-10-22 14:37:35,39.97,5200,39.97,U
sh600584,长电科技,2025-10-22 14:37:50,39.97,5900,39.98,D
sh600584,长电科技,2025-10-22 14:37:59,39.97,10000,39.98,D
sh600584,长电科技,2025-10-22 14:38:14,39.98,43600,39.98,D
sh600584,长电科技,2025-10-22 14:38:20,39.98,5600,39.98,D
sh600584,长电科技,2025-10-22 14:38:23,39.98,5300,39.98,D
sh600584,长电科技,2025-10-22 14:38:26,39.98,24700,39.98,D
sh600584,长电科技,2025-10-22 14:38:29,39.98,13900,39.98,D
sh600584,长电科技,2025-10-22 14:38:35,39.98,27100,39.98,D
sh600584,长电科技,2025-10-22 14:38:50,39.97,9500,39.97,U
sh600584,长电科技,2025-10-22 14:38:53,39.97,7100,39.97,D
sh600584,长电科技,2025-10-22 14:39:02,39.97,7800,39.98,D
sh600584,长电科技,2025-10-22 14:39:08,39.98,5600,39.97,U
sh600584,长电科技,2025-10-22 14:39:11,39.97,7800,39.98,D
sh600584,长电科技,2025-10-22 14:39:20,39.97,6600,39.97,D
sh600584,长电科技,2025-10-22 14:39:29,39.97,9400,39.98,D
sh600584,长电科技,2025-10-22 14:39:38,39.97,12000,39.97,U
sh600584,长电科技,2025-10-22 14:39:44,39.97,6200,39.97,U
sh600584,长电科技,2025-10-22 14:39:50,39.97,11500,39.97,D
sh600584,长电科技,2025-10-22 14:40:05,39.96,22600,39.97,D
sh600584,长电科技,2025-10-22 14:40:14,39.95,21200,39.96,D
sh600584,长电科技,2025-10-22 14:40:17,39.96,7600,39.95,U
sh600584,长电科技,2025-10-22 14:40:20,39.95,5100,39.96,D
sh600584,长电科技,2025-10-22 14:40:26,39.95,5200,39.95,D
sh600584,长电科技,2025-10-22 14:40:29,39.95,6000,39.95,D
sh600584,长电科技,2025-10-22 14:40:32,39.96,7200,39.95,U
sh600584,长电科技,2025-10-22 14:40:35,39.96,14200,39.96,U
sh600584,长电科技,2025-10-22 14:40:38,39.95,5200,39.96,D
sh600584,长电科技,2025-10-22 14:40:41,39.96,13200,39.95,U
sh600584,长电科技,2025-10-22 14:40:44,39.95,8100,39.96,D
sh600584,长电科技,2025-10-22 14:40:59,39.94,9300,39.94,D
sh600584,长电科技,2025-10-22 14:41:02,39.94,6400,39.94,D
sh600584,长电科技,2025-10-22 14:41:05,39.93,6200,39.94,D
sh600584,长电科技,2025-10-22 14:41:23,39.93,17800,39.93,D
sh600584,长电科技,2025-10-22 14:41:26,39.92,8600,39.93,D
sh600584,长电科技,2025-10-22 14:41:32,39.93,9600,39.93,U
sh600584,长电科技,2025-10-22 14:41:35,39.92,5600,39.93,D
sh600584,长电科技,2025-10-22 14:41:38,39.92,11900,39.92,D
sh600584,长电科技,2025-10-22 14:41:41,39.92,8200,39.92,D
sh600584,长电科技,2025-10-22 14:41:44,39.92,11800,39.92,D
sh600584,长电科技,2025-10-22 14:41:47,39.92,6300,39.92,U
sh600584,长电科技,2025-10-22 14:41:50,39.92,24800,39.92,U
sh600584,长电科技,2025-10-22 14:41:53,39.91,5800,39.92,D
sh600584,长电科技,2025-10-22 14:41:56,39.91,10300,39.91,D
sh600584,长电科技,2025-10-22 14:41:59,39.92,5600,39.91,U
sh600584,长电科技,2025-10-22 14:42:05,39.91,62400,39.91,U
sh600584,长电科技,2025-10-22 14:42:08,39.9,30900,39.91,D
sh600584,长电科技,2025-10-22 14:42:11,39.9,8400,39.9,D
sh600584,长电科技,2025-10-22 14:42:17,39.89,16600,39.9,D
sh600584,长电科技,2025-10-22 14:42:26,39.9,34600,39.89,U
sh600584,长电科技,2025-10-22 14:42:29,39.89,31700,39.9,D
sh600584,长电科技,2025-10-22 14:42:38,39.89,16600,39.89,D
sh600584,长电科技,2025-10-22 14:42:44,39.89,7600,39.9,D
sh600584,长电科技,2025-10-22 14:42:47,39.89,17000,39.89,D
sh600584,长电科技,2025-10-22 14:42:50,39.89,14000,39.89,D
