symbol,name,ticktime,price,volume,prev_price,kind
sh600584,长电科技,2025-09-30 09:25:00,41.84,948800,0.0,U
sh600584,长电科技,2025-09-30 09:30:02,41.89,175097,41.84,U
sh600584,长电科技,2025-09-30 09:30:05,41.85,268700,41.89,D
sh600584,长电科技,2025-09-30 09:30:08,41.85,315100,41.85,D
sh600584,长电科技,2025-09-30 09:30:11,41.85,186000,41.85,D
sh600584,长电科技,2025-09-30 09:30:14,41.85,301400,41.85,D
sh600584,长电科技,2025-09-30 09:30:17,41.85,382600,41.85,D
sh600584,长电科技,2025-09-30 09:30:20,41.89,216900,41.85,U
sh600584,长电科技,2025-09-30 09:30:23,41.88,217100,41.89,D
sh600584,长电科技,2025-09-30 09:30:26,41.86,276700,41.88,D
sh600584,长电科技,2025-09-30 09:30:29,41.85,302113,41.86,D
sh600584,长电科技,2025-09-30 09:30:32,41.87,297300,41.85,U
sh600584,长电科技,2025-09-30 09:30:35,41.87,529400,41.87,E
sh600584,长电科技,2025-09-30 09:30:38,41.87,260400,41.87,D
sh600584,长电科技,2025-09-30 09:30:41,41.85,469700,41.87,D
sh600584,长电科技,2025-09-30 09:30:44,41.82,443390,41.85,D
sh600584,长电科技,2025-09-30 09:30:47,41.81,209500,41.82,D
sh600584,长电科技,2025-09-30 09:30:50,41.79,155700,41.81,D
sh600584,长电科技,2025-09-30 09:30:53,41.74,77100,41.79,D
sh600584,长电科技,2025-09-30 09:30:56,41.73,122600,41.74,D
sh600584,长电科技,2025-09-30 09:30:59,41.71,99800,41.73,D
sh600584,长电科技,2025-09-30 09:31:02,41.65,138300,41.71,D
sh600584,长电科技,2025-09-30 09:31:05,41.65,66900,41.65,D
sh600584,长电科技,2025-09-30 09:31:08,41.64,104900,41.65,D
sh600584,长电科技,2025-09-30 09:31:11,41.61,136700,41.64,D
sh600584,长电科技,2025-09-30 09:31:14,41.6,66700,41.61,D
sh600584,长电科技,2025-09-30 09:31:17,41.6,239200,41.6,D
sh600584,长电科技,2025-09-30 09:31:20,41.59,73600,41.6,E
sh600584,长电科技,2025-09-30 09:31:23,41.56,80100,41.59,D
sh600584,长电科技,2025-09-30 09:31:26,41.53,203200,41.56,E
sh600584,长电科技,2025-09-30 09:31:29,41.5,107000,41.53,D
sh600584,长电科技,2025-09-30 09:31:32,41.49,35000,41.5,E
sh600584,长电科技,2025-09-30 09:31:35,41.4,139200,41.49,D
sh600584,长电科技,2025-09-30 09:31:38,41.47,85300,41.4,U
sh600584,长电科技,2025-09-30 09:31:41,41.5,117900,41.47,U
sh600584,长电科技,2025-09-30 09:31:44,41.54,106700,41.5,U
sh600584,长电科技,2025-09-30 09:31:47,41.58,146400,41.54,U
sh600584,长电科技,2025-09-30 09:31:50,41.62,254300,41.58,U
sh600584,长电科技,2025-09-30 09:31:53,41.64,101800,41.62,U
sh600584,长电科技,2025-09-30 09:31:56,41.69,63600,41.64,U
sh600584,长电科技,2025-09-30 09:31:59,41.71,183900,41.69,U
sh600584,长电科技,2025-09-30 09:32:02,41.77,189177,41.71,U
sh600584,长电科技,2025-09-30 09:32:05,41.72,165023,41.77,D
sh600584,长电科技,2025-09-30 09:32:08,41.66,223300,41.72,D
sh600584,长电科技,2025-09-30 09:32:11,41.74,527800,41.66,U
sh600584,长电科技,2025-09-30 09:32:14,41.72,216996,41.74,D
sh600584,长电科技,2025-09-30 09:32:17,41.78,89700,41.72,E
sh600584,长电科技,2025-09-30 09:32:20,41.95,402810,41.78,U
sh600584,长电科技,2025-09-30 09:32:23,42.07,682500,41.95,U
sh600584,长电科技,2025-09-30 09:32:26,42.07,82700,42.07,D
sh600584,长电科技,2025-09-30 09:32:29,42.07,102500,42.07,U
sh600584,长电科技,2025-09-30 09:32:32,42.07,121300,42.07,U
sh600584,长电科技,2025-09-30 09:32:35,42.07,302100,42.07,D
sh600584,长电科技,2025-09-30 09:32:38,42.08,83500,42.07,U
sh600584,长电科技,2025-09-30 09:32:41,42.09,89700,42.08,U
sh600584,长电科技,2025-09-30 09:32:44,42.1,65400,42.09,U
sh600584,长电科技,2025-09-30 09:32:47,42.14,123200,42.1,U
sh600584,长电科技,2025-09-30 09:32:50,42.17,70900,42.14,U
sh600584,长电科技,2025-09-30 09:32:53,42.18,68000,42.17,U
sh600584,长电科技,2025-09-30 09:32:56,42.23,120800,42.18,U
sh600584,长电科技,2025-09-30 09:32:59,42.23,201600,42.23,U
sh600584,长电科技,2025-09-30 09:33:02,42.23,242500,42.23,D
sh600584,长电科技,2025-09-30 09:33:05,42.18,135300,42.23,E
sh600584,长电科技,2025-09-30 09:33:08,42.08,187300,42.18,D
sh600584,长电科技,2025-09-30 09:33:11,42.01,253900,42.08,D
sh600584,长电科技,2025-09-30 09:33:14,42.01,136900,42.01,U
sh600584,长电科技,2025-09-30 09:33:17,42.03,59200,42.01,E
sh600584,长电科技,2025-09-30 09:33:20,42.05,94200,42.03,E
sh600584,长电科技,2025-09-30 09:33:23,42.01,99400,42.05,D
sh600584,长电科技,2025-09-30 09:33:26,42.0,77600,42.01,D
sh600584,长电科技,2025-09-30 09:33:29,42.03,78300,42.0,U
sh600584,长电科技,2025-09-30 09:33:32,42.01,61500,42.03,U
sh600584,长电科技,2025-09-30 09:33:35,42.01,72900,42.01,U
sh600584,长电科技,2025-09-30 09:33:38,41.99,176100,42.01,D
sh600584,长电科技,2025-09-30 09:33:41,41.99,72800,41.99,U
sh600584,长电科技,2025-09-30 09:33:44,41.97,69000,41.99,E
sh600584,长电科技,2025-09-30 09:33:47,41.96,50500,41.97,D
sh600584,长电科技,2025-09-30 09:33:50,41.96,78200,41.96,U
sh600584,长电科技,2025-09-30 09:33:53,41.95,80100,41.96,D
sh600584,长电科技,2025-09-30 09:33:56,41.97,78800,41.95,U
sh600584,长电科技,2025-09-30 09:33:59,41.98,50100,41.97,D
sh600584,长电科技,2025-09-30 09:34:02,41.98,67600,41.98,D
sh600584,长电科技,2025-09-30 09:34:05,41.98,38100,41.98,D
sh600584,长电科技,2025-09-30 09:34:08,42.01,103400,41.98,U
sh600584,长电科技,2025-09-30 09:34:11,42.01,81000,42.01,D
sh600584,长电科技,2025-09-30 09:34:14,42.05,65300,42.01,U
sh600584,长电科技,2025-09-30 09:34:17,42.06,43100,42.05,U
sh600584,长电科技,2025-09-30 09:34:20,42.07,32400,42.06,U
sh600584,长电科技,2025-09-30 09:34:23,42.05,88700,42.07,D
sh600584,长电科技,2025-09-30 09:34:26,42.02,217400,42.05,D
sh600584,长电科技,2025-09-30 09:34:29,42.02,42900,42.02,U
sh600584,长电科技,2025-09-30 09:34:32,42.03,63900,42.02,U
sh600584,长电科技,2025-09-30 09:34:35,42.0,225300,42.03,D
sh600584,长电科技,2025-09-30 09:34:38,42.01,56800,42.0,U
sh600584,长电科技,2025-09-30 09:34:41,41.99,90600,42.01,D
sh600584,长电科技,2025-09-30 09:34:44,41.97,89700,41.99,D
sh600584,长电科技,2025-09-30 09:34:47,41.97,73000,41.97,U
sh600584,长电科技,2025-09-30 09:34:50,41.96,42100,41.97,D
sh600584,长电科技,2025-09-30 09:34:53,41.97,58200,41.96,U
sh600584,长电科技,2025-09-30 09:34:56,41.95,53800,41.97,D
sh600584,长电科技,2025-09-30 09:34:59,41.96,56100,41.95,U
sh600584,长电科技,2025-09-30 09:35:02,41.93,65200,41.96,D
sh600584,长电科技,2025-09-30 09:35:05,41.94,45800,41.93,E
sh600584,长电科技,2025-09-30 09:35:08,41.94,54900,41.94,D
sh600584,长电科技,2025-09-30 09:35:11,41.95,42900,41.94,U
sh600584,长电科技,2025-09-30 09:35:14,41.95,42100,41.95,D
sh600584,长电科技,2025-09-30 09:35:17,41.94,25500,41.95,D
sh600584,长电科技,2025-09-30 09:35:20,41.94,62700,41.94,D
sh600584,长电科技,2025-09-30 09:35:23,41.94,38000,41.94,U
sh600584,长电科技,2025-09-30 09:35:26,41.94,49800,41.94,U
sh600584,长电科技,2025-09-30 09:35:29,41.95,32200,41.94,U
sh600584,长电科技,2025-09-30 09:35:32,41.94,28200,41.95,E
sh600584,长电科技,2025-09-30 09:35:35,41.94,28000,41.94,U
sh600584,长电科技,2025-09-30 09:35:38,41.93,45700,41.94,D
sh600584,长电科技,2025-09-30 09:35:41,41.94,18700,41.93,U
sh600584,长电科技,2025-09-30 09:35:44,41.95,23800,41.94,U
sh600584,长电科技,2025-09-30 09:35:47,41.95,32700,41.95,D
sh600584,长电科技,2025-09-30 09:35:50,41.98,39600,41.95,U
sh600584,长电科技,2025-09-30 09:35:53,41.98,52100,41.98,U
sh600584,长电科技,2025-09-30 09:35:56,41.99,34900,41.98,U
sh600584,长电科技,2025-09-30 09:35:59,41.9,299900,41.99,D
sh600584,长电科技,2025-09-30 09:36:02,41.93,72400,41.9,U
sh600584,长电科技,2025-09-30 09:36:05,41.9,31600,41.93,D
sh600584,长电科技,2025-09-30 09:36:08,41.91,30400,41.9,U
sh600584,长电科技,2025-09-30 09:36:11,41.9,47200,41.91,D
sh600584,长电科技,2025-09-30 09:36:14,41.88,76900,41.9,D
sh600584,长电科技,2025-09-30 09:36:17,41.88,36400,41.88,U
sh600584,长电科技,2025-09-30 09:36:20,41.88,37300,41.88,D
sh600584,长电科技,2025-09-30 09:36:23,41.88,56800,41.88,D
sh600584,长电科技,2025-09-30 09:36:26,41.88,35400,41.88,D
sh600584,长电科技,2025-09-30 09:36:29,41.88,26100,41.88,U
sh600584,长电科技,2025-09-30 09:36:32,41.87,31000,41.88,D
sh600584,长电科技,2025-09-30 09:36:35,41.86,65600,41.87,D
sh600584,长电科技,2025-09-30 09:36:38,41.85,40400,41.86,D
sh600584,长电科技,2025-09-30 09:36:41,41.83,42800,41.85,D
sh600584,长电科技,2025-09-30 09:36:44,41.83,28500,41.83,D
sh600584,长电科技,2025-09-30 09:36:47,41.82,30700,41.83,D
sh600584,长电科技,2025-09-30 09:36:50,41.8,35200,41.82,D
sh600584,长电科技,2025-09-30 09:36:53,41.77,97800,41.8,D
sh600584,长电科技,2025-09-30 09:36:56,41.76,17600,41.77,D
sh600584,长电科技,2025-09-30 09:36:59,41.73,14400,41.76,E
sh600584,长电科技,2025-09-30 09:37:02,41.75,240800,41.73,E
sh600584,长电科技,2025-09-30 09:37:05,41.8,183800,41.75,U
sh600584,长电科技,2025-09-30 09:37:08,41.82,56500,41.8,U
sh600584,长电科技,2025-09-30 09:37:11,41.85,14300,41.82,U
sh600584,长电科技,2025-09-30 09:37:14,41.87,27100,41.85,U
sh600584,长电科技,2025-09-30 09:37:17,41.87,27000,41.87,U
sh600584,长电科技,2025-09-30 09:37:20,41.88,55500,41.87,E
sh600584,长电科技,2025-09-30 09:37:23,41.91,27400,41.88,U
sh600584,长电科技,2025-09-30 09:37:26,41.9,48800,41.91,E
sh600584,长电科技,2025-09-30 09:37:29,41.89,120800,41.9,U
sh600584,长电科技,2025-09-30 09:37:32,41.9,41800,41.89,U
sh600584,长电科技,2025-09-30 09:37:35,41.88,53400,41.9,D
sh600584,长电科技,2025-09-30 09:37:38,41.86,42100,41.88,D
sh600584,长电科技,2025-09-30 09:37:41,41.86,69899,41.86,U
sh600584,长电科技,2025-09-30 09:37:44,41.86,106800,41.86,U
sh600584,长电科技,2025-09-30 09:37:47,41.88,32611,41.86,U
sh600584,长电科技,2025-09-30 09:37:50,41.89,18300,41.88,E
sh600584,长电科技,2025-09-30 09:37:53,41.9,49600,41.89,U
sh600584,长电科技,2025-09-30 09:37:56,41.91,37300,41.9,U
sh600584,长电科技,2025-09-30 09:37:59,41.94,31000,41.91,U
sh600584,长电科技,2025-09-30 09:38:02,41.95,41500,41.94,U
sh600584,长电科技,2025-09-30 09:38:05,41.99,88600,41.95,U
sh600584,长电科技,2025-09-30 09:38:08,41.95,44100,41.99,E
sh600584,长电科技,2025-09-30 09:38:11,41.99,229100,41.95,U
sh600584,长电科技,2025-09-30 09:38:14,42.0,42600,41.99,U
sh600584,长电科技,2025-09-30 09:38:17,42.0,22600,42.0,D
sh600584,长电科技,2025-09-30 09:38:20,42.0,54900,42.0,D
sh600584,长电科技,2025-09-30 09:38:23,42.01,79100,42.0,E
sh600584,长电科技,2025-09-30 09:38:26,42.01,59400,42.01,D
sh600584,长电科技,2025-09-30 09:38:29,42.04,46700,42.01,U
sh600584,长电科技,2025-09-30 09:38:32,42.03,81600,42.04,D
sh600584,长电科技,2025-09-30 09:38:35,42.03,42400,42.03,D
sh600584,长电科技,2025-09-30 09:38:38,41.99,121600,42.03,D
sh600584,长电科技,2025-09-30 09:38:41,41.97,105800,41.99,D
sh600584,长电科技,2025-09-30 09:38:44,41.97,22300,41.97,U
sh600584,长电科技,2025-09-30 09:38:47,41.93,23900,41.97,E
sh600584,长电科技,2025-09-30 09:38:50,41.9,90100,41.93,D
sh600584,长电科技,2025-09-30 09:38:53,41.92,16300,41.9,U
sh600584,长电科技,2025-09-30 09:38:56,41.92,23900,41.92,D
sh600584,长电科技,2025-09-30 09:38:59,41.9,42100,41.92,D
sh600584,长电科技,2025-09-30 09:39:02,41.9,90800,41.9,U
sh600584,长电科技,2025-09-30 09:39:05,41.82,143689,41.9,D
sh600584,长电科技,2025-09-30 09:39:08,41.78,130200,41.82,D
sh600584,长电科技,2025-09-30 09:39:11,41.78,49500,41.78,U
sh600584,长电科技,2025-09-30 09:39:14,41.74,39200,41.78,D
sh600584,长电科技,2025-09-30 09:39:17,41.71,49800,41.74,D
sh600584,长电科技,2025-09-30 09:39:20,41.68,89700,41.71,D
sh600584,长电科技,2025-09-30 09:39:23,41.66,55500,41.68,D
sh600584,长电科技,2025-09-30 09:39:26,41.66,33700,41.66,D
sh600584,长电科技,2025-09-30 09:39:29,41.65,59500,41.66,D
sh600584,长电科技,2025-09-30 09:39:32,41.66,60900,41.65,U
sh600584,长电科技,2025-09-30 09:39:35,41.68,42600,41.66,E
sh600584,长电科技,2025-09-30 09:39:38,41.66,48900,41.68,D
sh600584,长电科技,2025-09-30 09:39:41,41.66,48400,41.66,D
sh600584,长电科技,2025-09-30 09:39:44,41.67,47500,41.66,U
sh600584,长电科技,2025-09-30 09:39:47,41.72,32500,41.67,U
sh600584,长电科技,2025-09-30 09:39:50,41.68,55900,41.72,D
sh600584,长电科技,2025-09-30 09:39:53,41.73,24200,41.68,E
sh600584,长电科技,2025-09-30 09:39:56,41.75,20600,41.73,E
sh600584,长电科技,2025-09-30 09:39:59,41.79,38100,41.75,U
sh600584,长电科技,2025-09-30 09:40:02,41.82,8900,41.79,U
sh600584,长电科技,2025-09-30 09:40:05,41.82,51300,41.82,U
sh600584,长电科技,2025-09-30 09:40:08,41.82,20500,41.82,U
sh600584,长电科技,2025-09-30 09:40:11,41.82,18600,41.82,U
sh600584,长电科技,2025-09-30 09:40:14,41.81,27700,41.82,D
sh600584,长电科技,2025-09-30 09:40:17,41.82,36700,41.81,U
sh600584,长电科技,2025-09-30 09:40:20,41.8,50800,41.82,D
sh600584,长电科技,2025-09-30 09:40:23,41.83,28000,41.8,U
sh600584,长电科技,2025-09-30 09:40:26,41.82,14600,41.83,D
sh600584,长电科技,2025-09-30 09:40:29,41.81,44700,41.82,D
sh600584,长电科技,2025-09-30 09:40:32,41.81,58400,41.81,U
sh600584,长电科技,2025-09-30 09:40:35,41.8,28500,41.81,D
sh600584,长电科技,2025-09-30 09:40:38,41.8,25000,41.8,U
sh600584,长电科技,2025-09-30 09:40:41,41.75,37200,41.8,D
sh600584,长电科技,2025-09-30 09:40:44,41.73,33000,41.75,D
sh600584,长电科技,2025-09-30 09:40:47,41.72,19500,41.73,D
sh600584,长电科技,2025-09-30 09:40:50,41.71,31500,41.72,D
sh600584,长电科技,2025-09-30 09:40:53,41.73,26700,41.71,U
sh600584,长电科技,2025-09-30 09:40:56,41.76,27700,41.73,U
sh600584,长电科技,2025-09-30 09:40:59,41.73,27100,41.76,D
sh600584,长电科技,2025-09-30 09:41:02,41.75,28500,41.73,D
sh600584,长电科技,2025-09-30 09:41:05,41.77,22900,41.75,U
sh600584,长电科技,2025-09-30 09:41:08,41.75,16700,41.77,D
sh600584,长电科技,2025-09-30 09:41:11,41.77,26600,41.75,U
sh600584,长电科技,2025-09-30 09:41:14,41.78,18000,41.77,E
sh600584,长电科技,2025-09-30 09:41:17,41.79,20800,41.78,U
sh600584,长电科技,2025-09-30 09:41:20,41.79,25500,41.79,D
sh600584,长电科技,2025-09-30 09:41:23,41.78,34700,41.79,D
sh600584,长电科技,2025-09-30 09:41:26,41.79,15600,41.78,D
sh600584,长电科技,2025-09-30 09:41:29,41.79,33600,41.79,D
sh600584,长电科技,2025-09-30 09:41:32,41.8,41200,41.79,U
sh600584,长电科技,2025-09-30 09:41:35,41.8,11200,41.8,D
sh600584,长电科技,2025-09-30 09:41:38,41.82,54600,41.8,U
sh600584,长电科技,2025-09-30 09:41:41,41.85,19100,41.82,E
sh600584,长电科技,2025-09-30 09:41:44,41.87,17000,41.85,U
sh600584,长电科技,2025-09-30 09:41:47,41.88,11000,41.87,U
sh600584,长电科技,2025-09-30 09:41:50,41.87,16000,41.88,D
sh600584,长电科技,2025-09-30 09:41:53,41.88,33300,41.87,U
sh600584,长电科技,2025-09-30 09:41:56,41.87,44800,41.88,D
sh600584,长电科技,2025-09-30 09:41:59,41.87,32500,41.87,U
sh600584,长电科技,2025-09-30 09:42:02,41.87,40300,41.87,U
sh600584,长电科技,2025-09-30 09:42:05,41.82,48900,41.87,D
sh600584,长电科技,2025-09-30 09:42:08,41.87,39800,41.82,U
sh600584,长电科技,2025-09-30 09:42:11,41.88,27100,41.87,U
sh600584,长电科技,2025-09-30 09:42:14,41.87,38200,41.88,E
sh600584,长电科技,2025-09-30 09:42:17,41.88,38400,41.87,E
sh600584,长电科技,2025-09-30 09:42:20,41.85,34700,41.88,D
sh600584,长电科技,2025-09-30 09:42:23,41.85,36800,41.85,U
sh600584,长电科技,2025-09-30 09:42:26,41.86,13100,41.85,E
sh600584,长电科技,2025-09-30 09:42:29,41.84,39100,41.86,D
sh600584,长电科技,2025-09-30 09:42:32,41.86,14800,41.84,U
sh600584,长电科技,2025-09-30 09:42:35,41.85,19300,41.86,D
sh600584,长电科技,2025-09-30 09:42:38,41.85,11800,41.85,D
sh600584,长电科技,2025-09-30 09:42:41,41.84,15600,41.85,D
sh600584,长电科技,2025-09-30 09:42:44,41.77,108000,41.84,D
sh600584,长电科技,2025-09-30 09:42:47,41.74,99800,41.77,D
sh600584,长电科技,2025-09-30 09:42:50,41.74,6100,41.74,U
sh600584,长电科技,2025-09-30 09:42:53,41.73,58500,41.74,D
sh600584,长电科技,2025-09-30 09:42:56,41.74,13600,41.73,U
sh600584,长电科技,2025-09-30 09:42:59,41.76,13600,41.74,U
sh600584,长电科技,2025-09-30 09:43:02,41.74,95000,41.76,D
sh600584,长电科技,2025-09-30 09:43:05,41.74,27800,41.74,U
sh600584,长电科技,2025-09-30 09:43:08,41.79,19300,41.74,U
sh600584,长电科技,2025-09-30 09:43:11,41.78,19100,41.79,D
sh600584,长电科技,2025-09-30 09:43:14,41.79,10000,41.78,E
sh600584,长电科技,2025-09-30 09:43:17,41.8,8800,41.79,U
sh600584,长电科技,2025-09-30 09:43:20,41.8,22300,41.8,U
sh600584,长电科技,2025-09-30 09:43:23,41.8,12800,41.8,U
sh600584,长电科技,2025-09-30 09:43:26,41.8,46600,41.8,D
sh600584,长电科技,2025-09-30 09:43:29,41.8,89600,41.8,U
sh600584,长电科技,2025-09-30 09:43:32,41.8,27300,41.8,U
sh600584,长电科技,2025-09-30 09:43:35,41.8,16600,41.8,D
sh600584,长电科技,2025-09-30 09:43:38,41.81,14800,41.8,U
sh600584,长电科技,2025-09-30 09:43:41,41.8,47200,41.81,D
sh600584,长电科技,2025-09-30 09:43:44,41.78,22900,41.8,D
sh600584,长电科技,2025-09-30 09:43:47,41.74,31700,41.78,D
sh600584,长电科技,2025-09-30 09:43:50,41.76,21000,41.74,E
sh600584,长电科技,2025-09-30 09:43:53,41.77,8700,41.76,U
sh600584,长电科技,2025-09-30 09:43:56,41.78,8800,41.77,U
sh600584,长电科技,2025-09-30 09:43:59,41.77,10700,41.78,U
sh600584,长电科技,2025-09-30 09:44:02,41.77,11600,41.77,D
sh600584,长电科技,2025-09-30 09:44:05,41.78,26800,41.77,U
sh600584,长电科技,2025-09-30 09:44:08,41.78,10600,41.78,D
sh600584,长电科技,2025-09-30 09:44:11,41.77,13400,41.78,D
sh600584,长电科技,2025-09-30 09:44:14,41.79,19200,41.77,U
sh600584,长电科技,2025-09-30 09:44:17,41.79,7700,41.79,U
sh600584,长电科技,2025-09-30 09:44:20,41.72,215300,41.79,D
sh600584,长电科技,2025-09-30 09:44:23,41.71,45400,41.72,D
sh600584,长电科技,2025-09-30 09:44:26,41.72,24200,41.71,U
sh600584,长电科技,2025-09-30 09:44:29,41.71,8400,41.72,D
sh600584,长电科技,2025-09-30 09:44:32,41.7,43700,41.71,D
sh600584,长电科技,2025-09-30 09:44:35,41.7,14200,41.7,D
sh600584,长电科技,2025-09-30 09:44:38,41.68,216400,41.7,D
sh600584,长电科技,2025-09-30 09:44:41,41.65,125900,41.68,D
sh600584,长电科技,2025-09-30 09:44:44,41.64,25300,41.65,D
sh600584,长电科技,2025-09-30 09:44:47,41.64,53200,41.64,U
sh600584,长电科技,2025-09-30 09:44:50,41.64,17700,41.64,U
sh600584,长电科技,2025-09-30 09:44:53,41.61,48200,41.64,D
sh600584,长电科技,2025-09-30 09:44:56,41.61,40000,41.61,D
sh600584,长电科技,2025-09-30 09:44:59,41.64,40600,41.61,U
sh600584,长电科技,2025-09-30 09:45:02,41.63,29400,41.64,D
sh600584,长电科技,2025-09-30 09:45:05,41.61,35200,41.63,D
sh600584,长电科技,2025-09-30 09:45:08,41.61,22000,41.61,U
sh600584,长电科技,2025-09-30 09:45:11,41.6,50600,41.61,D
sh600584,长电科技,2025-09-30 09:45:14,41.62,36700,41.6,U
sh600584,长电科技,2025-09-30 09:45:17,41.65,57900,41.62,U
sh600584,长电科技,2025-09-30 09:45:20,41.65,14400,41.65,U
sh600584,长电科技,2025-09-30 09:45:23,41.66,28500,41.65,E
sh600584,长电科技,2025-09-30 09:45:26,41.65,30000,41.66,U
sh600584,长电科技,2025-09-30 09:45:29,41.66,14200,41.65,E
sh600584,长电科技,2025-09-30 09:45:32,41.66,18500,41.66,D
sh600584,长电科技,2025-09-30 09:45:35,41.7,51600,41.66,U
sh600584,长电科技,2025-09-30 09:45:38,41.68,20800,41.7,D
sh600584,长电科技,2025-09-30 09:45:41,41.68,9300,41.68,D
sh600584,长电科技,2025-09-30 09:45:44,41.69,9500,41.68,U
sh600584,长电科技,2025-09-30 09:45:47,41.7,11600,41.69,U
sh600584,长电科技,2025-09-30 09:45:50,41.69,18500,41.7,D
sh600584,长电科技,2025-09-30 09:45:53,41.7,12300,41.69,E
sh600584,长电科技,2025-09-30 09:45:56,41.7,33200,41.7,D
sh600584,长电科技,2025-09-30 09:45:59,41.71,34100,41.7,U
sh600584,长电科技,2025-09-30 09:46:02,41.71,16400,41.71,D
sh600584,长电科技,2025-09-30 09:46:05,41.7,53300,41.71,D
sh600584,长电科技,2025-09-30 09:46:08,41.68,41700,41.7,D
sh600584,长电科技,2025-09-30 09:46:11,41.69,16900,41.68,U
sh600584,长电科技,2025-09-30 09:46:14,41.67,101400,41.69,D
sh600584,长电科技,2025-09-30 09:46:17,41.62,200600,41.67,D
sh600584,长电科技,2025-09-30 09:46:20,41.61,44600,41.62,D
sh600584,长电科技,2025-09-30 09:46:23,41.6,55400,41.61,D
sh600584,长电科技,2025-09-30 09:46:26,41.56,242900,41.6,D
sh600584,长电科技,2025-09-30 09:46:29,41.56,35500,41.56,U
sh600584,长电科技,2025-09-30 09:46:32,41.52,15200,41.56,D
sh600584,长电科技,2025-09-30 09:46:35,41.51,62200,41.52,D
sh600584,长电科技,2025-09-30 09:46:38,41.49,144900,41.51,D
sh600584,长电科技,2025-09-30 09:46:41,41.47,77800,41.49,D
sh600584,长电科技,2025-09-30 09:46:44,41.47,18900,41.47,D
sh600584,长电科技,2025-09-30 09:46:47,41.5,91900,41.47,U
sh600584,长电科技,2025-09-30 09:46:50,41.54,122100,41.5,U
sh600584,长电科技,2025-09-30 09:46:53,41.54,45200,41.54,D
sh600584,长电科技,2025-09-30 09:46:56,41.54,108300,41.54,D
sh600584,长电科技,2025-09-30 09:46:59,41.58,31600,41.54,U
sh600584,长电科技,2025-09-30 09:47:02,41.55,29300,41.58,D
sh600584,长电科技,2025-09-30 09:47:05,41.57,9600,41.55,E
sh600584,长电科技,2025-09-30 09:47:08,41.58,36200,41.57,U
sh600584,长电科技,2025-09-30 09:47:11,41.59,35300,41.58,U
sh600584,长电科技,2025-09-30 09:47:14,41.58,27600,41.59,D
sh600584,长电科技,2025-09-30 09:47:17,41.59,55221,41.58,D
sh600584,长电科技,2025-09-30 09:47:20,41.59,31900,41.59,D
sh600584,长电科技,2025-09-30 09:47:23,41.59,23279,41.59,D
sh600584,长电科技,2025-09-30 09:47:26,41.59,22600,41.59,U
sh600584,长电科技,2025-09-30 09:47:29,41.58,25400,41.59,E
sh600584,长电科技,2025-09-30 09:47:32,41.58,16600,41.58,D
sh600584,长电科技,2025-09-30 09:47:35,41.58,17500,41.58,D
sh600584,长电科技,2025-09-30 09:47:38,41.57,18300,41.58,U
sh600584,长电科技,2025-09-30 09:47:41,41.57,23500,41.57,D
sh600584,长电科技,2025-09-30 09:47:44,41.58,37100,41.57,U
sh600584,长电科技,2025-09-30 09:47:47,41.57,53400,41.58,D
sh600584,长电科技,2025-09-30 09:47:50,41.57,23000,41.57,E
sh600584,长电科技,2025-09-30 09:47:53,41.56,19800,41.57,U
sh600584,长电科技,2025-09-30 09:47:56,41.55,12900,41.56,D
sh600584,长电科技,2025-09-30 09:47:59,41.54,9100,41.55,D
sh600584,长电科技,2025-09-30 09:48:02,41.55,56800,41.54,U
sh600584,长电科技,2025-09-30 09:48:05,41.53,40500,41.55,D
sh600584,长电科技,2025-09-30 09:48:08,41.52,14300,41.53,D
sh600584,长电科技,2025-09-30 09:48:11,41.52,7800,41.52,D
sh600584,长电科技,2025-09-30 09:48:14,41.52,17000,41.52,D
sh600584,长电科技,2025-09-30 09:48:17,41.52,44200,41.52,U
sh600584,长电科技,2025-09-30 09:48:20,41.53,35600,41.52,U
sh600584,长电科技,2025-09-30 09:48:23,41.54,24800,41.53,U
sh600584,长电科技,2025-09-30 09:48:26,41.53,9500,41.54,D
sh600584,长电科技,2025-09-30 09:48:29,41.55,105200,41.53,U
sh600584,长电科技,2025-09-30 09:48:32,41.55,19200,41.55,D
sh600584,长电科技,2025-09-30 09:48:35,41.58,23100,41.55,U
sh600584,长电科技,2025-09-30 09:48:38,41.55,18000,41.58,D
sh600584,长电科技,2025-09-30 09:48:41,41.55,19100,41.55,D
sh600584,长电科技,2025-09-30 09:48:44,41.57,13000,41.55,U
sh600584,长电科技,2025-09-30 09:48:47,41.56,50000,41.57,D
sh600584,长电科技,2025-09-30 09:48:50,41.58,9200,41.56,U
sh600584,长电科技,2025-09-30 09:48:53,41.58,6100,41.58,D
sh600584,长电科技,2025-09-30 09:48:56,41.59,43203,41.58,U
sh600584,长电科技,2025-09-30 09:48:59,41.59,9300,41.59,D
sh600584,长电科技,2025-09-30 09:49:02,41.58,20397,41.59,D
sh600584,长电科技,2025-09-30 09:49:05,41.59,35000,41.58,E
sh600584,长电科技,2025-09-30 09:49:08,41.61,22403,41.59,U
sh600584,长电科技,2025-09-30 09:49:14,41.62,10200,41.63,D
sh600584,长电科技,2025-09-30 09:49:17,41.62,10300,41.62,U
sh600584,长电科技,2025-09-30 09:49:20,41.63,26727,41.62,E
sh600584,长电科技,2025-09-30 09:49:23,41.63,29200,41.63,D
sh600584,长电科技,2025-09-30 09:49:26,41.64,11100,41.63,U
sh600584,长电科技,2025-09-30 09:49:29,41.64,36200,41.64,D
sh600584,长电科技,2025-09-30 09:49:32,41.65,12000,41.64,U
sh600584,长电科技,2025-09-30 09:49:35,41.64,16800,41.65,D
sh600584,长电科技,2025-09-30 09:49:38,41.65,15000,41.64,U
sh600584,长电科技,2025-09-30 09:49:41,41.65,15400,41.65,D
sh600584,长电科技,2025-09-30 09:49:44,41.65,34100,41.65,D
sh600584,长电科技,2025-09-30 09:49:47,41.65,14500,41.65,U
sh600584,长电科技,2025-09-30 09:49:50,41.65,9700,41.65,U
sh600584,长电科技,2025-09-30 09:49:53,41.65,34200,41.65,D
sh600584,长电科技,2025-09-30 09:49:56,41.67,59700,41.65,U
sh600584,长电科技,2025-09-30 09:49:59,41.66,13000,41.67,D
sh600584,长电科技,2025-09-30 09:50:02,41.67,11000,41.66,E
sh600584,长电科技,2025-09-30 09:50:05,41.66,19000,41.67,D
sh600584,长电科技,2025-09-30 09:50:08,41.67,33500,41.66,U
sh600584,长电科技,2025-09-30 09:50:11,41.68,16300,41.67,U
sh600584,长电科技,2025-09-30 09:50:17,41.68,12300,41.68,D
sh600584,长电科技,2025-09-30 09:50:20,41.68,27100,41.68,D
sh600584,长电科技,2025-09-30 09:50:23,41.68,16100,41.68,U
sh600584,长电科技,2025-09-30 09:50:26,41.68,13800,41.68,U
sh600584,长电科技,2025-09-30 09:50:29,41.68,22000,41.68,D
sh600584,长电科技,2025-09-30 09:50:32,41.66,119900,41.68,D
sh600584,长电科技,2025-09-30 09:50:35,41.65,47600,41.66,D
sh600584,长电科技,2025-09-30 09:50:38,41.64,10300,41.65,E
sh600584,长电科技,2025-09-30 09:50:41,41.64,10600,41.64,U
sh600584,长电科技,2025-09-30 09:50:44,41.62,16900,41.64,D
sh600584,长电科技,2025-09-30 09:50:47,41.62,112200,41.62,D
sh600584,长电科技,2025-09-30 09:50:50,41.62,12000,41.62,D
sh600584,长电科技,2025-09-30 09:50:53,41.63,18500,41.62,U
sh600584,长电科技,2025-09-30 09:50:56,41.63,14800,41.63,D
sh600584,长电科技,2025-09-30 09:50:59,41.63,32600,41.63,D
sh600584,长电科技,2025-09-30 09:51:02,41.65,16800,41.63,U
sh600584,长电科技,2025-09-30 09:51:05,41.66,29100,41.65,U
sh600584,长电科技,2025-09-30 09:51:08,41.65,5300,41.66,D
sh600584,长电科技,2025-09-30 09:51:11,41.66,18000,41.65,U
sh600584,长电科技,2025-09-30 09:51:14,41.66,23400,41.66,U
sh600584,长电科技,2025-09-30 09:51:17,41.65,11300,41.66,D
sh600584,长电科技,2025-09-30 09:51:20,41.63,59000,41.65,D
sh600584,长电科技,2025-09-30 09:51:23,41.62,38673,41.63,D
sh600584,长电科技,2025-09-30 09:51:26,41.63,20800,41.62,U
sh600584,长电科技,2025-09-30 09:51:29,41.6,18100,41.63,D
sh600584,长电科技,2025-09-30 09:51:32,41.61,9400,41.6,U
sh600584,长电科技,2025-09-30 09:51:35,41.62,6700,41.61,U
sh600584,长电科技,2025-09-30 09:51:38,41.61,27100,41.62,D
sh600584,长电科技,2025-09-30 09:51:41,41.61,13600,41.61,U
sh600584,长电科技,2025-09-30 09:51:44,41.61,29400,41.61,U
sh600584,长电科技,2025-09-30 09:51:47,41.62,9100,41.61,U
sh600584,长电科技,2025-09-30 09:51:50,41.61,11900,41.62,D
sh600584,长电科技,2025-09-30 09:51:53,41.61,26700,41.61,D
sh600584,长电科技,2025-09-30 09:51:56,41.62,7600,41.61,E
sh600584,长电科技,2025-09-30 09:51:59,41.63,24300,41.62,U
sh600584,长电科技,2025-09-30 09:52:02,41.61,6600,41.63,D
sh600584,长电科技,2025-09-30 09:52:05,41.63,20600,41.61,U
sh600584,长电科技,2025-09-30 09:52:08,41.63,25400,41.63,D
sh600584,长电科技,2025-09-30 09:52:11,41.63,32900,41.63,D
sh600584,长电科技,2025-09-30 09:52:14,41.62,14500,41.63,D
sh600584,长电科技,2025-09-30 09:52:17,41.62,9800,41.62,U
sh600584,长电科技,2025-09-30 09:52:20,41.62,18800,41.62,U
sh600584,长电科技,2025-09-30 09:52:23,41.62,16000,41.62,D
sh600584,长电科技,2025-09-30 09:52:26,41.63,21800,41.62,E
sh600584,长电科技,2025-09-30 09:52:29,41.63,54100,41.63,D
sh600584,长电科技,2025-09-30 09:52:32,41.63,26500,41.63,D
sh600584,长电科技,2025-09-30 09:52:35,41.66,42927,41.63,U
sh600584,长电科技,2025-09-30 09:52:38,41.66,12800,41.66,U
sh600584,长电科技,2025-09-30 09:52:41,41.65,109200,41.66,D
sh600584,长电科技,2025-09-30 09:52:44,41.67,13800,41.65,U
sh600584,长电科技,2025-09-30 09:52:47,41.67,9900,41.67,U
sh600584,长电科技,2025-09-30 09:52:50,41.67,49600,41.67,U
sh600584,长电科技,2025-09-30 09:52:53,41.65,27400,41.67,D
sh600584,长电科技,2025-09-30 09:52:56,41.67,20800,41.65,U
sh600584,长电科技,2025-09-30 09:52:59,41.66,29573,41.67,D
sh600584,长电科技,2025-09-30 09:53:02,41.65,26300,41.66,D
sh600584,长电科技,2025-09-30 09:53:05,41.65,7700,41.65,U
sh600584,长电科技,2025-09-30 09:53:08,41.61,124900,41.65,D
sh600584,长电科技,2025-09-30 09:53:11,41.56,283797,41.61,D
sh600584,长电科技,2025-09-30 09:53:14,41.56,14700,41.56,U
sh600584,长电科技,2025-09-30 09:53:17,41.56,21400,41.56,U
sh600584,长电科技,2025-09-30 09:53:20,41.54,21700,41.56,D
sh600584,长电科技,2025-09-30 09:53:23,41.54,10600,41.54,U
sh600584,长电科技,2025-09-30 09:53:26,41.54,19200,41.54,U
sh600584,长电科技,2025-09-30 09:53:29,41.53,49700,41.54,D
sh600584,长电科技,2025-09-30 09:53:32,41.51,12400,41.53,D
sh600584,长电科技,2025-09-30 09:53:35,41.51,16600,41.51,D
sh600584,长电科技,2025-09-30 09:53:38,41.51,64300,41.51,D
sh600584,长电科技,2025-09-30 09:53:41,41.51,24000,41.51,U
sh600584,长电科技,2025-09-30 09:53:44,41.5,189900,41.51,D
sh600584,长电科技,2025-09-30 09:53:47,41.5,56100,41.5,U
sh600584,长电科技,2025-09-30 09:53:50,41.5,16200,41.5,D
sh600584,长电科技,2025-09-30 09:53:53,41.5,26400,41.5,U
sh600584,长电科技,2025-09-30 09:53:56,41.47,23800,41.5,D
sh600584,长电科技,2025-09-30 09:53:59,41.46,28600,41.47,D
sh600584,长电科技,2025-09-30 09:54:02,41.45,16300,41.46,D
sh600584,长电科技,2025-09-30 09:54:05,41.45,11800,41.45,U
sh600584,长电科技,2025-09-30 09:54:08,41.43,35700,41.45,D
sh600584,长电科技,2025-09-30 09:54:11,41.43,75500,41.43,D
sh600584,长电科技,2025-09-30 09:54:14,41.45,45000,41.43,U
sh600584,长电科技,2025-09-30 09:54:17,41.43,34900,41.45,D
sh600584,长电科技,2025-09-30 09:54:20,41.45,58100,41.43,U
sh600584,长电科技,2025-09-30 09:54:23,41.45,39000,41.45,U
sh600584,长电科技,2025-09-30 09:54:26,41.45,47000,41.45,D
sh600584,长电科技,2025-09-30 09:54:29,41.46,109200,41.45,U
sh600584,长电科技,2025-09-30 09:54:32,41.46,15600,41.46,D
sh600584,长电科技,2025-09-30 09:54:35,41.48,16800,41.46,U
sh600584,长电科技,2025-09-30 09:54:38,41.45,21900,41.48,D
sh600584,长电科技,2025-09-30 09:54:41,41.46,36100,41.45,U
sh600584,长电科技,2025-09-30 09:54:44,41.45,14500,41.46,D
sh600584,长电科技,2025-09-30 09:54:47,41.46,22700,41.45,E
sh600584,长电科技,2025-09-30 09:54:50,41.48,30100,41.46,U
sh600584,长电科技,2025-09-30 09:54:53,41.48,50300,41.48,D
sh600584,长电科技,2025-09-30 09:54:56,41.49,10000,41.48,U
sh600584,长电科技,2025-09-30 09:54:59,41.49,13500,41.49,D
sh600584,长电科技,2025-09-30 09:55:02,41.48,88600,41.49,D
sh600584,长电科技,2025-09-30 09:55:05,41.49,9300,41.48,U
sh600584,长电科技,2025-09-30 09:55:08,41.48,12100,41.49,D
sh600584,长电科技,2025-09-30 09:55:11,41.48,22100,41.48,U
sh600584,长电科技,2025-09-30 09:55:14,41.48,46600,41.48,D
sh600584,长电科技,2025-09-30 09:55:17,41.49,16200,41.48,U
sh600584,长电科技,2025-09-30 09:55:20,41.48,20100,41.49,D
sh600584,长电科技,2025-09-30 09:55:23,41.49,13700,41.48,U
sh600584,长电科技,2025-09-30 09:55:26,41.48,16700,41.49,E
sh600584,长电科技,2025-09-30 09:55:29,41.47,24000,41.48,D
sh600584,长电科技,2025-09-30 09:55:32,41.48,40300,41.47,U
sh600584,长电科技,2025-09-30 09:55:35,41.47,22100,41.48,D
sh600584,长电科技,2025-09-30 09:55:38,41.47,21300,41.47,D
sh600584,长电科技,2025-09-30 09:55:41,41.47,43200,41.47,U
sh600584,长电科技,2025-09-30 09:55:44,41.47,20500,41.47,U
sh600584,长电科技,2025-09-30 09:55:47,41.46,17100,41.47,E
sh600584,长电科技,2025-09-30 09:55:50,41.46,8400,41.46,D
sh600584,长电科技,2025-09-30 09:55:53,41.46,6800,41.46,U
sh600584,长电科技,2025-09-30 09:55:56,41.46,33900,41.46,U
sh600584,长电科技,2025-09-30 09:55:59,41.44,38800,41.46,D
sh600584,长电科技,2025-09-30 09:56:02,41.44,11200,41.44,U
sh600584,长电科技,2025-09-30 09:56:05,41.43,10100,41.44,D
sh600584,长电科技,2025-09-30 09:56:08,41.43,22000,41.43,D
sh600584,长电科技,2025-09-30 09:56:11,41.42,13200,41.43,D
sh600584,长电科技,2025-09-30 09:56:14,41.41,69200,41.42,D
sh600584,长电科技,2025-09-30 09:56:17,41.41,99600,41.41,D
sh600584,长电科技,2025-09-30 09:56:20,41.39,21500,41.41,D
sh600584,长电科技,2025-09-30 09:56:23,41.37,36100,41.39,D
sh600584,长电科技,2025-09-30 09:56:26,41.36,20500,41.37,D
sh600584,长电科技,2025-09-30 09:56:29,41.37,28000,41.36,U
sh600584,长电科技,2025-09-30 09:56:32,41.34,28100,41.37,D
sh600584,长电科技,2025-09-30 09:56:35,41.34,35100,41.34,U
sh600584,长电科技,2025-09-30 09:56:38,41.34,41400,41.34,D
sh600584,长电科技,2025-09-30 09:56:41,41.34,40000,41.34,U
sh600584,长电科技,2025-09-30 09:56:44,41.34,44600,41.34,D
sh600584,长电科技,2025-09-30 09:56:47,41.33,63700,41.34,D
sh600584,长电科技,2025-09-30 09:56:50,41.33,21100,41.33,E
sh600584,长电科技,2025-09-30 09:56:53,41.33,213000,41.33,U
sh600584,长电科技,2025-09-30 09:56:56,41.32,91200,41.33,D
sh600584,长电科技,2025-09-30 09:56:59,41.33,58700,41.32,U
sh600584,长电科技,2025-09-30 09:57:02,41.33,25800,41.33,D
sh600584,长电科技,2025-09-30 09:57:05,41.33,36800,41.33,D
sh600584,长电科技,2025-09-30 09:57:08,41.33,34800,41.33,U
sh600584,长电科技,2025-09-30 09:57:11,41.32,59600,41.33,D
sh600584,长电科技,2025-09-30 09:57:14,41.34,15600,41.32,U
sh600584,长电科技,2025-09-30 09:57:17,41.33,12500,41.34,D
sh600584,长电科技,2025-09-30 09:57:20,41.34,16100,41.33,E
sh600584,长电科技,2025-09-30 09:57:23,41.37,14400,41.34,U
sh600584,长电科技,2025-09-30 09:57:26,41.37,20700,41.37,U
sh600584,长电科技,2025-09-30 09:57:29,41.37,12500,41.37,D
sh600584,长电科技,2025-09-30 09:57:32,41.38,15800,41.37,E
sh600584,长电科技,2025-09-30 09:57:35,41.38,23100,41.38,D
sh600584,长电科技,2025-09-30 09:57:38,41.39,30300,41.38,U
sh600584,长电科技,2025-09-30 09:57:41,41.39,12800,41.39,U
sh600584,长电科技,2025-09-30 09:57:44,41.37,26100,41.39,D
sh600584,长电科技,2025-09-30 09:57:47,41.38,13900,41.37,U
sh600584,长电科技,2025-09-30 09:57:50,41.36,64500,41.38,D
sh600584,长电科技,2025-09-30 09:57:53,41.37,11900,41.36,U
sh600584,长电科技,2025-09-30 09:57:56,41.37,36300,41.37,D
sh600584,长电科技,2025-09-30 09:57:59,41.36,48300,41.37,D
sh600584,长电科技,2025-09-30 09:58:02,41.35,12300,41.36,E
sh600584,长电科技,2025-09-30 09:58:05,41.34,35800,41.35,D
sh600584,长电科技,2025-09-30 09:58:08,41.36,16400,41.34,U
sh600584,长电科技,2025-09-30 09:58:11,41.32,57000,41.36,D
sh600584,长电科技,2025-09-30 09:58:14,41.32,26400,41.32,D
sh600584,长电科技,2025-09-30 09:58:17,41.33,23200,41.32,U
sh600584,长电科技,2025-09-30 09:58:20,41.32,43500,41.33,D
sh600584,长电科技,2025-09-30 09:58:23,41.32,23600,41.32,U
sh600584,长电科技,2025-09-30 09:58:26,41.32,27600,41.32,D
sh600584,长电科技,2025-09-30 09:58:29,41.32,59300,41.32,D
sh600584,长电科技,2025-09-30 09:58:32,41.32,41900,41.32,U
sh600584,长电科技,2025-09-30 09:58:35,41.31,30600,41.32,D
sh600584,长电科技,2025-09-30 09:58:38,41.3,11300,41.31,D
sh600584,长电科技,2025-09-30 09:58:41,41.3,31700,41.3,D
sh600584,长电科技,2025-09-30 09:58:44,41.28,156900,41.3,D
sh600584,长电科技,2025-09-30 09:58:47,41.29,15100,41.28,U
sh600584,长电科技,2025-09-30 09:58:50,41.26,9800,41.29,D
sh600584,长电科技,2025-09-30 09:58:53,41.24,60800,41.26,D
sh600584,长电科技,2025-09-30 09:58:56,41.21,37000,41.24,D
sh600584,长电科技,2025-09-30 09:58:59,41.21,72800,41.21,D
sh600584,长电科技,2025-09-30 09:59:02,41.21,31000,41.21,U
sh600584,长电科技,2025-09-30 09:59:05,41.2,123400,41.21,D
sh600584,长电科技,2025-09-30 09:59:08,41.21,93400,41.2,U
sh600584,长电科技,2025-09-30 09:59:11,41.21,54800,41.21,D
sh600584,长电科技,2025-09-30 09:59:14,41.22,116100,41.21,E
sh600584,长电科技,2025-09-30 09:59:17,41.26,28600,41.22,U
sh600584,长电科技,2025-09-30 09:59:20,41.25,34100,41.26,E
sh600584,长电科技,2025-09-30 09:59:23,41.27,14400,41.25,U
sh600584,长电科技,2025-09-30 09:59:26,41.26,25300,41.27,D
sh600584,长电科技,2025-09-30 09:59:29,41.26,14400,41.26,D
sh600584,长电科技,2025-09-30 09:59:32,41.25,12400,41.26,D
sh600584,长电科技,2025-09-30 09:59:35,41.25,40400,41.25,U
sh600584,长电科技,2025-09-30 09:59:38,41.28,41400,41.25,U
sh600584,长电科技,2025-09-30 09:59:41,41.25,19000,41.28,D
sh600584,长电科技,2025-09-30 09:59:44,41.27,11500,41.25,U
sh600584,长电科技,2025-09-30 09:59:47,41.25,22300,41.27,D
sh600584,长电科技,2025-09-30 09:59:50,41.26,25700,41.25,U
sh600584,长电科技,2025-09-30 09:59:53,41.26,12600,41.26,D
sh600584,长电科技,2025-09-30 09:59:56,41.26,13900,41.26,D
sh600584,长电科技,2025-09-30 09:59:59,41.27,30600,41.26,U
sh600584,长电科技,2025-09-30 10:00:02,41.27,16700,41.27,D
sh600584,长电科技,2025-09-30 10:00:05,41.27,8900,41.27,D
sh600584,长电科技,2025-09-30 10:00:08,41.28,22900,41.27,U
sh600584,长电科技,2025-09-30 10:00:11,41.28,17800,41.28,U
sh600584,长电科技,2025-09-30 10:00:14,41.28,63200,41.28,D
sh600584,长电科技,2025-09-30 10:00:17,41.24,158500,41.28,D
sh600584,长电科技,2025-09-30 10:00:20,41.22,33400,41.24,D
sh600584,长电科技,2025-09-30 10:00:23,41.2,96500,41.22,D
sh600584,长电科技,2025-09-30 10:00:26,41.24,24100,41.2,U
sh600584,长电科技,2025-09-30 10:00:29,41.22,13800,41.24,U
sh600584,长电科技,2025-09-30 10:00:32,41.2,37100,41.22,D
sh600584,长电科技,2025-09-30 10:00:35,41.2,46600,41.2,D
sh600584,长电科技,2025-09-30 10:00:38,41.2,22700,41.2,U
sh600584,长电科技,2025-09-30 10:00:41,41.19,46000,41.2,D
sh600584,长电科技,2025-09-30 10:00:44,41.18,15100,41.19,D
sh600584,长电科技,2025-09-30 10:00:47,41.17,46500,41.18,D
sh600584,长电科技,2025-09-30 10:00:50,41.18,15500,41.17,U
sh600584,长电科技,2025-09-30 10:00:53,41.17,19700,41.18,D
sh600584,长电科技,2025-09-30 10:00:56,41.16,27600,41.17,D
sh600584,长电科技,2025-09-30 10:00:59,41.16,116100,41.16,D
sh600584,长电科技,2025-09-30 10:01:02,41.16,79700,41.16,U
sh600584,长电科技,2025-09-30 10:01:05,41.19,19600,41.16,U
sh600584,长电科技,2025-09-30 10:01:08,41.19,94100,41.19,U
sh600584,长电科技,2025-09-30 10:01:11,41.2,49700,41.19,U
sh600584,长电科技,2025-09-30 10:01:14,41.22,31800,41.2,U
sh600584,长电科技,2025-09-30 10:01:17,41.24,6800,41.22,U
sh600584,长电科技,2025-09-30 10:01:20,41.24,7900,41.24,U
sh600584,长电科技,2025-09-30 10:01:23,41.25,13400,41.24,U
sh600584,长电科技,2025-09-30 10:01:26,41.25,8400,41.25,U
sh600584,长电科技,2025-09-30 10:01:29,41.25,8000,41.25,D
sh600584,长电科技,2025-09-30 10:01:32,41.26,14800,41.25,U
sh600584,长电科技,2025-09-30 10:01:35,41.25,16900,41.26,D
sh600584,长电科技,2025-09-30 10:01:38,41.26,87100,41.25,U
sh600584,长电科技,2025-09-30 10:01:41,41.25,52100,41.26,E
sh600584,长电科技,2025-09-30 10:01:44,41.25,23400,41.25,U
sh600584,长电科技,2025-09-30 10:01:47,41.25,45900,41.25,U
sh600584,长电科技,2025-09-30 10:01:50,41.25,31100,41.25,U
sh600584,长电科技,2025-09-30 10:01:53,41.25,48800,41.25,D
sh600584,长电科技,2025-09-30 10:01:56,41.25,24500,41.25,U
sh600584,长电科技,2025-09-30 10:01:59,41.24,15400,41.25,E
sh600584,长电科技,2025-09-30 10:02:02,41.25,22200,41.24,U
sh600584,长电科技,2025-09-30 10:02:05,41.23,11600,41.25,D
sh600584,长电科技,2025-09-30 10:02:08,41.25,13900,41.23,U
sh600584,长电科技,2025-09-30 10:02:11,41.27,11900,41.25,U
sh600584,长电科技,2025-09-30 10:02:14,41.27,8500,41.27,U
sh600584,长电科技,2025-09-30 10:02:17,41.27,20781,41.27,U
sh600584,长电科技,2025-09-30 10:02:20,41.3,62200,41.27,U
sh600584,长电科技,2025-09-30 10:02:23,41.3,10600,41.3,D
sh600584,长电科技,2025-09-30 10:02:26,41.33,17100,41.3,U
sh600584,长电科技,2025-09-30 10:02:29,41.34,8200,41.33,U
sh600584,长电科技,2025-09-30 10:02:32,41.34,22900,41.34,U
sh600584,长电科技,2025-09-30 10:02:35,41.34,48000,41.34,D
sh600584,长电科技,2025-09-30 10:02:41,41.36,11500,41.35,U
sh600584,长电科技,2025-09-30 10:02:44,41.36,73700,41.36,D
sh600584,长电科技,2025-09-30 10:02:47,41.38,8900,41.36,U
sh600584,长电科技,2025-09-30 10:02:53,41.38,13000,41.39,D
sh600584,长电科技,2025-09-30 10:02:56,41.38,37600,41.38,D
sh600584,长电科技,2025-09-30 10:02:59,41.38,43900,41.38,D
sh600584,长电科技,2025-09-30 10:03:02,41.39,42900,41.38,U
sh600584,长电科技,2025-09-30 10:03:05,41.38,12600,41.39,D
sh600584,长电科技,2025-09-30 10:03:08,41.4,12700,41.38,U
sh600584,长电科技,2025-09-30 10:03:11,41.4,8900,41.4,D
sh600584,长电科技,2025-09-30 10:03:14,41.37,257000,41.4,D
sh600584,长电科技,2025-09-30 10:03:17,41.37,47300,41.37,U
sh600584,长电科技,2025-09-30 10:03:20,41.37,12300,41.37,E
sh600584,长电科技,2025-09-30 10:03:23,41.37,33300,41.37,U
sh600584,长电科技,2025-09-30 10:03:26,41.34,22200,41.37,D
sh600584,长电科技,2025-09-30 10:03:29,41.33,61400,41.34,D
sh600584,长电科技,2025-09-30 10:03:32,41.35,24700,41.33,U
sh600584,长电科技,2025-09-30 10:03:38,41.36,8100,41.36,D
sh600584,长电科技,2025-09-30 10:03:41,41.36,8700,41.36,D
sh600584,长电科技,2025-09-30 10:03:44,41.35,12300,41.36,D
sh600584,长电科技,2025-09-30 10:03:47,41.37,18200,41.35,E
sh600584,长电科技,2025-09-30 10:03:50,41.38,12500,41.37,U
sh600584,长电科技,2025-09-30 10:03:53,41.36,25200,41.38,D
sh600584,长电科技,2025-09-30 10:03:56,41.37,36800,41.36,U
sh600584,长电科技,2025-09-30 10:03:59,41.39,5500,41.37,U
sh600584,长电科技,2025-09-30 10:04:02,41.38,21000,41.39,D
sh600584,长电科技,2025-09-30 10:04:05,41.39,6000,41.38,U
sh600584,长电科技,2025-09-30 10:04:08,41.39,15000,41.39,U
sh600584,长电科技,2025-09-30 10:04:11,41.4,14900,41.39,U
sh600584,长电科技,2025-09-30 10:04:14,41.38,31900,41.4,D
sh600584,长电科技,2025-09-30 10:04:20,41.4,8700,41.4,D
sh600584,长电科技,2025-09-30 10:04:23,41.41,5200,41.4,U
sh600584,长电科技,2025-09-30 10:04:26,41.41,20900,41.41,D
sh600584,长电科技,2025-09-30 10:04:29,41.43,23900,41.41,U
sh600584,长电科技,2025-09-30 10:04:32,41.45,50300,41.43,U
sh600584,长电科技,2025-09-30 10:04:35,41.44,10600,41.45,D
sh600584,长电科技,2025-09-30 10:04:38,41.47,6300,41.44,U
sh600584,长电科技,2025-09-30 10:04:41,41.47,17800,41.47,U
sh600584,长电科技,2025-09-30 10:04:44,41.47,10200,41.47,U
sh600584,长电科技,2025-09-30 10:04:47,41.47,36100,41.47,U
sh600584,长电科技,2025-09-30 10:04:50,41.47,23300,41.47,D
sh600584,长电科技,2025-09-30 10:04:53,41.48,27600,41.47,U
sh600584,长电科技,2025-09-30 10:04:56,41.48,7500,41.48,U
sh600584,长电科技,2025-09-30 10:05:02,41.48,19400,41.49,D
sh600584,长电科技,2025-09-30 10:05:05,41.48,70200,41.48,D
sh600584,长电科技,2025-09-30 10:05:08,41.5,32000,41.48,U
sh600584,长电科技,2025-09-30 10:05:11,41.5,48900,41.5,U
sh600584,长电科技,2025-09-30 10:05:14,41.51,23600,41.5,U
sh600584,长电科技,2025-09-30 10:05:17,41.52,19400,41.51,U
sh600584,长电科技,2025-09-30 10:05:20,41.53,25100,41.52,U
sh600584,长电科技,2025-09-30 10:05:23,41.53,19700,41.53,U
sh600584,长电科技,2025-09-30 10:05:26,41.53,45000,41.53,U
sh600584,长电科技,2025-09-30 10:05:29,41.52,21700,41.53,D
sh600584,长电科技,2025-09-30 10:05:32,41.53,29300,41.52,U
sh600584,长电科技,2025-09-30 10:05:35,41.55,36400,41.53,U
sh600584,长电科技,2025-09-30 10:05:41,41.58,8000,41.56,U
sh600584,长电科技,2025-09-30 10:05:44,41.57,15000,41.58,E
sh600584,长电科技,2025-09-30 10:05:47,41.56,22500,41.57,D
sh600584,长电科技,2025-09-30 10:05:50,41.58,21600,41.56,U
sh600584,长电科技,2025-09-30 10:05:53,41.58,34100,41.58,D
sh600584,长电科技,2025-09-30 10:05:56,41.68,69300,41.58,U
sh600584,长电科技,2025-09-30 10:05:59,41.67,8500,41.68,E
sh600584,长电科技,2025-09-30 10:06:02,41.67,5200,41.67,U
sh600584,长电科技,2025-09-30 10:06:05,41.66,23900,41.67,D
sh600584,长电科技,2025-09-30 10:06:08,41.63,43800,41.66,E
sh600584,长电科技,2025-09-30 10:06:11,41.66,28300,41.63,U
sh600584,长电科技,2025-09-30 10:06:14,41.63,39300,41.66,D
sh600584,长电科技,2025-09-30 10:06:17,41.63,34300,41.63,U
sh600584,长电科技,2025-09-30 10:06:20,41.61,10700,41.63,D
sh600584,长电科技,2025-09-30 10:06:23,41.59,12900,41.61,D
sh600584,长电科技,2025-09-30 10:06:26,41.6,55700,41.59,D
sh600584,长电科技,2025-09-30 10:06:29,41.67,146300,41.6,U
sh600584,长电科技,2025-09-30 10:06:32,41.78,261127,41.67,U
sh600584,长电科技,2025-09-30 10:06:35,41.8,76900,41.78,U
sh600584,长电科技,2025-09-30 10:06:38,41.82,61200,41.8,U
sh600584,长电科技,2025-09-30 10:06:41,41.85,52800,41.82,U
sh600584,长电科技,2025-09-30 10:06:44,41.86,80200,41.85,U
sh600584,长电科技,2025-09-30 10:06:47,41.84,92300,41.86,D
sh600584,长电科技,2025-09-30 10:06:50,41.84,100800,41.84,U
sh600584,长电科技,2025-09-30 10:06:53,41.8,52800,41.84,D
sh600584,长电科技,2025-09-30 10:06:56,41.78,46100,41.8,D
sh600584,长电科技,2025-09-30 10:06:59,41.78,43700,41.78,U
sh600584,长电科技,2025-09-30 10:07:02,41.78,27500,41.78,U
sh600584,长电科技,2025-09-30 10:07:05,41.78,39200,41.78,D
sh600584,长电科技,2025-09-30 10:07:08,41.78,32000,41.78,D
sh600584,长电科技,2025-09-30 10:07:11,41.74,37900,41.78,D
sh600584,长电科技,2025-09-30 10:07:14,41.74,6400,41.74,U
sh600584,长电科技,2025-09-30 10:07:17,41.73,26600,41.74,D
sh600584,长电科技,2025-09-30 10:07:20,41.7,12500,41.73,D
sh600584,长电科技,2025-09-30 10:07:23,41.7,17400,41.7,D
sh600584,长电科技,2025-09-30 10:07:26,41.69,10900,41.7,D
sh600584,长电科技,2025-09-30 10:07:29,41.65,23100,41.69,D
sh600584,长电科技,2025-09-30 10:07:32,41.73,83500,41.65,U
sh600584,长电科技,2025-09-30 10:07:35,41.72,67400,41.73,D
sh600584,长电科技,2025-09-30 10:07:38,41.75,15100,41.72,U
sh600584,长电科技,2025-09-30 10:07:41,41.76,22800,41.75,U
sh600584,长电科技,2025-09-30 10:07:44,41.76,41600,41.76,D
sh600584,长电科技,2025-09-30 10:07:47,41.75,21200,41.76,D
sh600584,长电科技,2025-09-30 10:07:50,41.76,19900,41.75,U
sh600584,长电科技,2025-09-30 10:07:53,41.75,28800,41.76,D
sh600584,长电科技,2025-09-30 10:07:56,41.72,44800,41.75,D
sh600584,长电科技,2025-09-30 10:07:59,41.66,36200,41.72,D
sh600584,长电科技,2025-09-30 10:08:02,41.66,10000,41.66,D
sh600584,长电科技,2025-09-30 10:08:05,41.65,13500,41.66,D
sh600584,长电科技,2025-09-30 10:08:08,41.66,22800,41.65,U
sh600584,长电科技,2025-09-30 10:08:11,41.67,14300,41.66,U
sh600584,长电科技,2025-09-30 10:08:14,41.67,14300,41.67,D
sh600584,长电科技,2025-09-30 10:08:17,41.68,12200,41.67,E
sh600584,长电科技,2025-09-30 10:08:20,41.67,52600,41.68,D
sh600584,长电科技,2025-09-30 10:08:23,41.67,37100,41.67,U
sh600584,长电科技,2025-09-30 10:08:26,41.67,19500,41.67,D
sh600584,长电科技,2025-09-30 10:08:29,41.65,161400,41.67,D
sh600584,长电科技,2025-09-30 10:08:32,41.65,87200,41.65,U
sh600584,长电科技,2025-09-30 10:08:35,41.66,40300,41.65,E
sh600584,长电科技,2025-09-30 10:08:38,41.66,16700,41.66,D
sh600584,长电科技,2025-09-30 10:08:41,41.65,15600,41.66,D
sh600584,长电科技,2025-09-30 10:08:44,41.64,73800,41.65,D
sh600584,长电科技,2025-09-30 10:08:47,41.66,31000,41.64,U
sh600584,长电科技,2025-09-30 10:08:50,41.65,58500,41.66,D
sh600584,长电科技,2025-09-30 10:08:53,41.67,73700,41.65,U
sh600584,长电科技,2025-09-30 10:08:56,41.69,27200,41.67,U
sh600584,长电科技,2025-09-30 10:08:59,41.72,21900,41.69,U
sh600584,长电科技,2025-09-30 10:09:02,41.7,14100,41.72,E
sh600584,长电科技,2025-09-30 10:09:05,41.72,19900,41.7,U
sh600584,长电科技,2025-09-30 10:09:08,41.72,70400,41.72,U
sh600584,长电科技,2025-09-30 10:09:11,41.7,13300,41.72,E
sh600584,长电科技,2025-09-30 10:09:14,41.7,22800,41.7,D
sh600584,长电科技,2025-09-30 10:09:17,41.65,55900,41.7,D
sh600584,长电科技,2025-09-30 10:09:20,41.66,12400,41.65,D
sh600584,长电科技,2025-09-30 10:09:23,41.65,14300,41.66,D
sh600584,长电科技,2025-09-30 10:09:26,41.6,20200,41.65,D
sh600584,长电科技,2025-09-30 10:09:29,41.55,54600,41.6,D
sh600584,长电科技,2025-09-30 10:09:32,41.6,8400,41.55,U
sh600584,长电科技,2025-09-30 10:09:38,41.56,20200,41.57,E
sh600584,长电科技,2025-09-30 10:09:41,41.55,39000,41.56,D
sh600584,长电科技,2025-09-30 10:09:47,41.54,32100,41.56,D
sh600584,长电科技,2025-09-30 10:09:50,41.55,36200,41.54,U
sh600584,长电科技,2025-09-30 10:09:53,41.53,7500,41.55,E
sh600584,长电科技,2025-09-30 10:09:56,41.52,38400,41.53,D
sh600584,长电科技,2025-09-30 10:09:59,41.54,12700,41.52,U
sh600584,长电科技,2025-09-30 10:10:02,41.52,16000,41.54,D
sh600584,长电科技,2025-09-30 10:10:05,41.51,6200,41.52,D
sh600584,长电科技,2025-09-30 10:10:08,41.51,9500,41.51,D
sh600584,长电科技,2025-09-30 10:10:11,41.51,27600,41.51,D
sh600584,长电科技,2025-09-30 10:10:14,41.51,6000,41.51,U
sh600584,长电科技,2025-09-30 10:10:17,41.51,34300,41.51,U
sh600584,长电科技,2025-09-30 10:10:20,41.51,38700,41.51,D
sh600584,长电科技,2025-09-30 10:10:23,41.52,16300,41.51,E
sh600584,长电科技,2025-09-30 10:10:29,41.54,5000,41.53,U
sh600584,长电科技,2025-09-30 10:10:32,41.54,15900,41.54,U
sh600584,长电科技,2025-09-30 10:10:35,41.54,13200,41.54,D
sh600584,长电科技,2025-09-30 10:10:38,41.55,30700,41.54,U
sh600584,长电科技,2025-09-30 10:10:41,41.57,16500,41.55,U
sh600584,长电科技,2025-09-30 10:10:47,41.58,7900,41.57,D
sh600584,长电科技,2025-09-30 10:10:50,41.58,17700,41.58,D
sh600584,长电科技,2025-09-30 10:10:53,41.59,14000,41.58,U
sh600584,长电科技,2025-09-30 10:10:56,41.58,17400,41.59,D
sh600584,长电科技,2025-09-30 10:10:59,41.59,8300,41.58,D
sh600584,长电科技,2025-09-30 10:11:02,41.61,8900,41.59,U
sh600584,长电科技,2025-09-30 10:11:05,41.6,7100,41.61,D
sh600584,长电科技,2025-09-30 10:11:08,41.63,12800,41.6,U
sh600584,长电科技,2025-09-30 10:11:11,41.63,10500,41.63,U
sh600584,长电科技,2025-09-30 10:11:14,41.65,14800,41.63,U
sh600584,长电科技,2025-09-30 10:11:17,41.64,9900,41.65,U
sh600584,长电科技,2025-09-30 10:11:20,41.66,5400,41.64,U
sh600584,长电科技,2025-09-30 10:11:23,41.65,8200,41.66,D
sh600584,长电科技,2025-09-30 10:11:26,41.65,17200,41.65,D
sh600584,长电科技,2025-09-30 10:11:29,41.65,53700,41.65,D
sh600584,长电科技,2025-09-30 10:11:32,41.65,10900,41.65,D
sh600584,长电科技,2025-09-30 10:11:35,41.64,33900,41.65,E
sh600584,长电科技,2025-09-30 10:11:38,41.63,21800,41.64,E
sh600584,长电科技,2025-09-30 10:11:41,41.63,14400,41.63,U
sh600584,长电科技,2025-09-30 10:11:44,41.63,19900,41.63,U
sh600584,长电科技,2025-09-30 10:11:47,41.69,17700,41.63,U
sh600584,长电科技,2025-09-30 10:11:50,41.69,32100,41.69,U
sh600584,长电科技,2025-09-30 10:11:53,41.69,36500,41.69,D
sh600584,长电科技,2025-09-30 10:11:56,41.69,11700,41.69,U
sh600584,长电科技,2025-09-30 10:11:59,41.67,7900,41.69,D
sh600584,长电科技,2025-09-30 10:12:02,41.68,22600,41.67,U
sh600584,长电科技,2025-09-30 10:12:05,41.69,33500,41.68,D
sh600584,长电科技,2025-09-30 10:12:08,41.69,20200,41.69,U
sh600584,长电科技,2025-09-30 10:12:11,41.69,27800,41.69,U
sh600584,长电科技,2025-09-30 10:12:14,41.68,62900,41.69,D
sh600584,长电科技,2025-09-30 10:12:17,41.67,18500,41.68,D
sh600584,长电科技,2025-09-30 10:12:20,41.7,18200,41.67,U
sh600584,长电科技,2025-09-30 10:12:23,41.71,19900,41.7,U
sh600584,长电科技,2025-09-30 10:12:26,41.68,12800,41.71,D
sh600584,长电科技,2025-09-30 10:12:29,41.69,20200,41.68,U
sh600584,长电科技,2025-09-30 10:12:32,41.71,18000,41.69,U
sh600584,长电科技,2025-09-30 10:12:35,41.71,33100,41.71,U
sh600584,长电科技,2025-09-30 10:12:38,41.71,12500,41.71,U
sh600584,长电科技,2025-09-30 10:12:41,41.7,12800,41.71,D
sh600584,长电科技,2025-09-30 10:12:44,41.7,6200,41.7,U
sh600584,长电科技,2025-09-30 10:12:47,41.7,51800,41.7,U
sh600584,长电科技,2025-09-30 10:12:50,41.71,21200,41.7,U
sh600584,长电科技,2025-09-30 10:12:53,41.7,15000,41.71,D
sh600584,长电科技,2025-09-30 10:12:56,41.68,33400,41.7,D
sh600584,长电科技,2025-09-30 10:12:59,41.68,24300,41.68,D
sh600584,长电科技,2025-09-30 10:13:02,41.67,17000,41.68,D
sh600584,长电科技,2025-09-30 10:13:05,41.7,8200,41.67,U
sh600584,长电科技,2025-09-30 10:13:08,41.68,14000,41.7,D
sh600584,长电科技,2025-09-30 10:13:11,41.68,19900,41.68,D
sh600584,长电科技,2025-09-30 10:13:14,41.69,22600,41.68,U
sh600584,长电科技,2025-09-30 10:13:17,41.69,6200,41.69,U
sh600584,长电科技,2025-09-30 10:13:20,41.7,32000,41.69,U
sh600584,长电科技,2025-09-30 10:13:23,41.71,120300,41.7,U
sh600584,长电科技,2025-09-30 10:13:26,41.72,44900,41.71,U
sh600584,长电科技,2025-09-30 10:13:29,41.73,8500,41.72,U
sh600584,长电科技,2025-09-30 10:13:32,41.75,39700,41.73,U
sh600584,长电科技,2025-09-30 10:13:35,41.76,43400,41.75,U
sh600584,长电科技,2025-09-30 10:13:38,41.77,14300,41.76,U
sh600584,长电科技,2025-09-30 10:13:41,41.76,14800,41.77,D
sh600584,长电科技,2025-09-30 10:13:44,41.77,16800,41.76,U
sh600584,长电科技,2025-09-30 10:13:47,41.73,54400,41.77,D
sh600584,长电科技,2025-09-30 10:13:50,41.73,22600,41.73,D
sh600584,长电科技,2025-09-30 10:13:53,41.73,10100,41.73,U
sh600584,长电科技,2025-09-30 10:13:56,41.75,14300,41.73,U
sh600584,长电科技,2025-09-30 10:13:59,41.75,9600,41.75,D
sh600584,长电科技,2025-09-30 10:14:02,41.76,8000,41.75,U
sh600584,长电科技,2025-09-30 10:14:05,41.77,21900,41.76,U
sh600584,长电科技,2025-09-30 10:14:08,41.77,18600,41.77,U
sh600584,长电科技,2025-09-30 10:14:11,41.76,14000,41.77,D
sh600584,长电科技,2025-09-30 10:14:14,41.74,52700,41.76,D
sh600584,长电科技,2025-09-30 10:14:17,41.73,70500,41.74,E
sh600584,长电科技,2025-09-30 10:14:20,41.7,5100,41.73,E
sh600584,长电科技,2025-09-30 10:14:23,41.73,26700,41.7,U
sh600584,长电科技,2025-09-30 10:14:26,41.68,5300,41.73,D
sh600584,长电科技,2025-09-30 10:14:29,41.7,10500,41.68,E
sh600584,长电科技,2025-09-30 10:14:32,41.68,61700,41.7,D
sh600584,长电科技,2025-09-30 10:14:35,41.67,26100,41.68,D
sh600584,长电科技,2025-09-30 10:14:38,41.72,59100,41.67,U
sh600584,长电科技,2025-09-30 10:14:41,41.69,33300,41.72,D
sh600584,长电科技,2025-09-30 10:14:44,41.73,12900,41.69,U
sh600584,长电科技,2025-09-30 10:14:47,41.7,17200,41.73,D
sh600584,长电科技,2025-09-30 10:14:50,41.7,9200,41.7,D
sh600584,长电科技,2025-09-30 10:14:53,41.72,10400,41.7,U
sh600584,长电科技,2025-09-30 10:14:56,41.72,94700,41.72,U
sh600584,长电科技,2025-09-30 10:14:59,41.72,20600,41.72,D
sh600584,长电科技,2025-09-30 10:15:02,41.79,258300,41.72,U
sh600584,长电科技,2025-09-30 10:15:05,41.81,102800,41.79,U
sh600584,长电科技,2025-09-30 10:15:08,41.86,58300,41.81,U
sh600584,长电科技,2025-09-30 10:15:11,41.85,24600,41.86,U
sh600584,长电科技,2025-09-30 10:15:14,41.81,22000,41.85,D
sh600584,长电科技,2025-09-30 10:15:17,41.85,51800,41.81,U
sh600584,长电科技,2025-09-30 10:15:20,41.8,9600,41.85,E
sh600584,长电科技,2025-09-30 10:15:23,41.77,9400,41.8,E
sh600584,长电科技,2025-09-30 10:15:26,41.78,38400,41.77,U
sh600584,长电科技,2025-09-30 10:15:29,41.8,28000,41.78,U
sh600584,长电科技,2025-09-30 10:15:32,41.78,16000,41.8,E
sh600584,长电科技,2025-09-30 10:15:35,41.77,17000,41.78,D
sh600584,长电科技,2025-09-30 10:15:38,41.77,47200,41.77,D
sh600584,长电科技,2025-09-30 10:15:41,41.78,39700,41.77,D
sh600584,长电科技,2025-09-30 10:15:44,41.77,33200,41.78,D
sh600584,长电科技,2025-09-30 10:15:47,41.79,26200,41.77,U
sh600584,长电科技,2025-09-30 10:15:50,41.77,20400,41.79,D
sh600584,长电科技,2025-09-30 10:15:53,41.77,33900,41.77,U
sh600584,长电科技,2025-09-30 10:15:56,41.77,14800,41.77,U
sh600584,长电科技,2025-09-30 10:15:59,41.77,25400,41.77,D
sh600584,长电科技,2025-09-30 10:16:02,41.79,41600,41.77,U
sh600584,长电科技,2025-09-30 10:16:05,41.74,37500,41.79,D
sh600584,长电科技,2025-09-30 10:16:08,41.74,10500,41.74,U
sh600584,长电科技,2025-09-30 10:16:11,41.76,31800,41.74,D
sh600584,长电科技,2025-09-30 10:16:14,41.77,7100,41.76,U
sh600584,长电科技,2025-09-30 10:16:17,41.76,24100,41.77,D
sh600584,长电科技,2025-09-30 10:16:20,41.78,28600,41.76,U
sh600584,长电科技,2025-09-30 10:16:23,41.78,17000,41.78,D
sh600584,长电科技,2025-09-30 10:16:26,41.83,124600,41.78,U
sh600584,长电科技,2025-09-30 10:16:29,41.83,19100,41.83,D
sh600584,长电科技,2025-09-30 10:16:32,41.84,34900,41.83,U
sh600584,长电科技,2025-09-30 10:16:35,41.83,154700,41.84,D
sh600584,长电科技,2025-09-30 10:16:38,41.83,57700,41.83,U
sh600584,长电科技,2025-09-30 10:16:41,41.83,27100,41.83,D
sh600584,长电科技,2025-09-30 10:16:44,41.86,21100,41.83,U
sh600584,长电科技,2025-09-30 10:16:47,41.86,41100,41.86,U
sh600584,长电科技,2025-09-30 10:16:50,41.85,42400,41.86,D
sh600584,长电科技,2025-09-30 10:16:53,41.86,100900,41.85,U
sh600584,长电科技,2025-09-30 10:16:56,41.85,129500,41.86,E
sh600584,长电科技,2025-09-30 10:16:59,41.86,59000,41.85,U
sh600584,长电科技,2025-09-30 10:17:02,41.84,24000,41.86,D
sh600584,长电科技,2025-09-30 10:17:05,41.84,23200,41.84,U
sh600584,长电科技,2025-09-30 10:17:08,41.83,27200,41.84,D
sh600584,长电科技,2025-09-30 10:17:11,41.82,17600,41.83,D
sh600584,长电科技,2025-09-30 10:17:14,41.83,19700,41.82,U
sh600584,长电科技,2025-09-30 10:17:17,41.83,24400,41.83,U
sh600584,长电科技,2025-09-30 10:17:20,41.83,17800,41.83,U
sh600584,长电科技,2025-09-30 10:17:23,41.87,133500,41.83,U
sh600584,长电科技,2025-09-30 10:17:26,41.83,14800,41.87,D
sh600584,长电科技,2025-09-30 10:17:29,41.85,6300,41.83,U
sh600584,长电科技,2025-09-30 10:17:32,41.83,17100,41.85,D
sh600584,长电科技,2025-09-30 10:17:35,41.85,44100,41.83,U
sh600584,长电科技,2025-09-30 10:17:38,41.85,30400,41.85,D
sh600584,长电科技,2025-09-30 10:17:41,41.87,86800,41.85,U
sh600584,长电科技,2025-09-30 10:17:44,41.87,93000,41.87,D
sh600584,长电科技,2025-09-30 10:17:47,41.88,89400,41.87,U
sh600584,长电科技,2025-09-30 10:17:50,41.87,14000,41.88,D
sh600584,长电科技,2025-09-30 10:17:53,41.87,15900,41.87,U
sh600584,长电科技,2025-09-30 10:17:56,41.88,32494,41.87,U
sh600584,长电科技,2025-09-30 10:17:59,41.87,47300,41.88,D
sh600584,长电科技,2025-09-30 10:18:02,41.87,31400,41.87,D
sh600584,长电科技,2025-09-30 10:18:05,41.88,9800,41.87,U
sh600584,长电科技,2025-09-30 10:18:08,41.84,33606,41.88,D
sh600584,长电科技,2025-09-30 10:18:11,41.83,39200,41.84,D
sh600584,长电科技,2025-09-30 10:18:14,41.82,10500,41.83,D
sh600584,长电科技,2025-09-30 10:18:17,41.83,8000,41.82,U
sh600584,长电科技,2025-09-30 10:18:20,41.82,16200,41.83,U
sh600584,长电科技,2025-09-30 10:18:23,41.79,30000,41.82,D
sh600584,长电科技,2025-09-30 10:18:26,41.81,12500,41.79,E
sh600584,长电科技,2025-09-30 10:18:29,41.82,22900,41.81,U
sh600584,长电科技,2025-09-30 10:18:32,41.82,31900,41.82,D
sh600584,长电科技,2025-09-30 10:18:35,41.82,27100,41.82,U
sh600584,长电科技,2025-09-30 10:18:38,41.89,128600,41.82,U
sh600584,长电科技,2025-09-30 10:18:41,41.9,155000,41.89,U
sh600584,长电科技,2025-09-30 10:18:44,41.94,25800,41.9,U
sh600584,长电科技,2025-09-30 10:18:47,41.97,190600,41.94,U
sh600584,长电科技,2025-09-30 10:18:50,41.98,27100,41.97,U
sh600584,长电科技,2025-09-30 10:18:53,41.98,20000,41.98,U
sh600584,长电科技,2025-09-30 10:18:56,41.98,21500,41.98,U
sh600584,长电科技,2025-09-30 10:18:59,41.98,36800,41.98,U
sh600584,长电科技,2025-09-30 10:19:02,42.0,266300,41.98,U
sh600584,长电科技,2025-09-30 10:19:05,42.04,681300,42.0,U
sh600584,长电科技,2025-09-30 10:19:08,42.05,33100,42.04,U
sh600584,长电科技,2025-09-30 10:19:11,42.07,62900,42.05,U
sh600584,长电科技,2025-09-30 10:19:14,42.06,111700,42.07,U
sh600584,长电科技,2025-09-30 10:19:17,42.06,88400,42.06,D
sh600584,长电科技,2025-09-30 10:19:20,42.07,30700,42.06,U
sh600584,长电科技,2025-09-30 10:19:23,42.07,69200,42.07,D
sh600584,长电科技,2025-09-30 10:19:26,42.06,46300,42.07,D
sh600584,长电科技,2025-09-30 10:19:29,42.09,129500,42.06,U
sh600584,长电科技,2025-09-30 10:19:32,42.08,48700,42.09,D
sh600584,长电科技,2025-09-30 10:19:35,42.09,71200,42.08,U
sh600584,长电科技,2025-09-30 10:19:38,42.07,43600,42.09,D
sh600584,长电科技,2025-09-30 10:19:41,42.07,67772,42.07,E
sh600584,长电科技,2025-09-30 10:19:44,42.07,31800,42.07,D
sh600584,长电科技,2025-09-30 10:19:47,42.07,116000,42.07,U
sh600584,长电科技,2025-09-30 10:19:50,42.06,37700,42.07,D
sh600584,长电科技,2025-09-30 10:19:53,42.07,48500,42.06,U
sh600584,长电科技,2025-09-30 10:19:56,42.06,61400,42.07,D
sh600584,长电科技,2025-09-30 10:19:59,42.06,33800,42.06,D
sh600584,长电科技,2025-09-30 10:20:02,42.09,71500,42.06,U
sh600584,长电科技,2025-09-30 10:20:05,42.14,336500,42.09,U
sh600584,长电科技,2025-09-30 10:20:08,42.16,79300,42.14,U
sh600584,长电科技,2025-09-30 10:20:11,42.18,203300,42.16,U
sh600584,长电科技,2025-09-30 10:20:14,42.2,82000,42.18,U
sh600584,长电科技,2025-09-30 10:20:17,42.2,270300,42.2,U
sh600584,长电科技,2025-09-30 10:20:20,42.2,139600,42.2,U
sh600584,长电科技,2025-09-30 10:20:23,42.2,59900,42.2,U
sh600584,长电科技,2025-09-30 10:20:26,42.2,66300,42.2,D
sh600584,长电科技,2025-09-30 10:20:29,42.22,121500,42.2,U
sh600584,长电科技,2025-09-30 10:20:32,42.2,131700,42.22,D
sh600584,长电科技,2025-09-30 10:20:35,42.22,84200,42.2,D
sh600584,长电科技,2025-09-30 10:20:38,42.22,125700,42.22,U
sh600584,长电科技,2025-09-30 10:20:41,42.22,75700,42.22,U
sh600584,长电科技,2025-09-30 10:20:44,42.22,160800,42.22,U
sh600584,长电科技,2025-09-30 10:20:47,42.22,59200,42.22,D
sh600584,长电科技,2025-09-30 10:20:50,42.25,313549,42.22,U
sh600584,长电科技,2025-09-30 10:20:53,42.24,147600,42.25,E
sh600584,长电科技,2025-09-30 10:20:56,42.24,88100,42.24,U
sh600584,长电科技,2025-09-30 10:20:59,42.23,77300,42.24,D
sh600584,长电科技,2025-09-30 10:21:02,42.28,124301,42.23,U
sh600584,长电科技,2025-09-30 10:21:05,42.24,33000,42.28,E
sh600584,长电科技,2025-09-30 10:21:08,42.28,93100,42.24,U
sh600584,长电科技,2025-09-30 10:21:11,42.25,168000,42.28,E
sh600584,长电科技,2025-09-30 10:21:14,42.26,57200,42.25,E
sh600584,长电科技,2025-09-30 10:21:17,42.26,120500,42.26,U
sh600584,长电科技,2025-09-30 10:21:20,42.27,81000,42.26,U
sh600584,长电科技,2025-09-30 10:21:23,42.27,60700,42.27,U
sh600584,长电科技,2025-09-30 10:21:26,42.28,92900,42.27,U
sh600584,长电科技,2025-09-30 10:21:29,42.28,117800,42.28,D
sh600584,长电科技,2025-09-30 10:21:32,42.28,66700,42.28,D
sh600584,长电科技,2025-09-30 10:21:35,42.29,94600,42.28,U
sh600584,长电科技,2025-09-30 10:21:38,42.33,322100,42.29,U
sh600584,长电科技,2025-09-30 10:21:41,42.37,166401,42.33,U
sh600584,长电科技,2025-09-30 10:21:44,42.4,228100,42.37,U
sh600584,长电科技,2025-09-30 10:21:47,42.42,56800,42.4,U
sh600584,长电科技,2025-09-30 10:21:50,42.43,94200,42.42,U
sh600584,长电科技,2025-09-30 10:21:53,42.45,33200,42.43,U
sh600584,长电科技,2025-09-30 10:21:56,42.46,89000,42.45,U
sh600584,长电科技,2025-09-30 10:21:59,42.4,476700,42.46,D
sh600584,长电科技,2025-09-30 10:22:02,42.36,159100,42.4,D
sh600584,长电科技,2025-09-30 10:22:05,42.29,110600,42.36,D
sh600584,长电科技,2025-09-30 10:22:08,42.27,160499,42.29,D
sh600584,长电科技,2025-09-30 10:22:11,42.18,33100,42.27,D
sh600584,长电科技,2025-09-30 10:22:14,42.21,17200,42.18,E
sh600584,长电科技,2025-09-30 10:22:17,42.22,40800,42.21,U
sh600584,长电科技,2025-09-30 10:22:20,42.2,77100,42.22,D
sh600584,长电科技,2025-09-30 10:22:23,42.14,120100,42.2,D
sh600584,长电科技,2025-09-30 10:22:26,42.17,54700,42.14,U
sh600584,长电科技,2025-09-30 10:22:29,42.18,33500,42.17,U
sh600584,长电科技,2025-09-30 10:22:32,42.17,26200,42.18,D
sh600584,长电科技,2025-09-30 10:22:35,42.14,56000,42.17,D
sh600584,长电科技,2025-09-30 10:22:38,42.17,21700,42.14,U
sh600584,长电科技,2025-09-30 10:22:41,42.14,24500,42.17,D
sh600584,长电科技,2025-09-30 10:22:44,42.15,53500,42.14,U
sh600584,长电科技,2025-09-30 10:22:47,42.14,26000,42.15,D
sh600584,长电科技,2025-09-30 10:22:50,42.15,39700,42.14,U
sh600584,长电科技,2025-09-30 10:22:53,42.13,38600,42.15,D
sh600584,长电科技,2025-09-30 10:22:56,42.13,45100,42.13,U
sh600584,长电科技,2025-09-30 10:22:59,42.16,76400,42.13,U
sh600584,长电科技,2025-09-30 10:23:02,42.21,185600,42.16,U
sh600584,长电科技,2025-09-30 10:23:05,42.18,26700,42.21,D
sh600584,长电科技,2025-09-30 10:23:08,42.17,97500,42.18,D
sh600584,长电科技,2025-09-30 10:23:11,42.14,50100,42.17,D
sh600584,长电科技,2025-09-30 10:23:14,42.17,15600,42.14,U
sh600584,长电科技,2025-09-30 10:23:17,42.14,36300,42.17,D
sh600584,长电科技,2025-09-30 10:23:20,42.14,81200,42.14,D
sh600584,长电科技,2025-09-30 10:23:23,42.14,57100,42.14,U
sh600584,长电科技,2025-09-30 10:23:26,42.15,48300,42.14,U
sh600584,长电科技,2025-09-30 10:23:29,42.13,34500,42.15,D
sh600584,长电科技,2025-09-30 10:23:32,42.05,193051,42.13,D
sh600584,长电科技,2025-09-30 10:23:35,42.04,45400,42.05,D
sh600584,长电科技,2025-09-30 10:23:38,42.08,10200,42.04,U
sh600584,长电科技,2025-09-30 10:23:41,42.08,36300,42.08,U
sh600584,长电科技,2025-09-30 10:23:44,42.06,30200,42.08,D
sh600584,长电科技,2025-09-30 10:23:47,42.08,33600,42.06,U
sh600584,长电科技,2025-09-30 10:23:50,42.05,76100,42.08,D
sh600584,长电科技,2025-09-30 10:23:53,42.05,23300,42.05,U
sh600584,长电科技,2025-09-30 10:23:56,42.05,13400,42.05,D
sh600584,长电科技,2025-09-30 10:23:59,42.05,17300,42.05,D
sh600584,长电科技,2025-09-30 10:24:02,42.06,45200,42.05,E
sh600584,长电科技,2025-09-30 10:24:05,42.07,25900,42.06,U
sh600584,长电科技,2025-09-30 10:24:08,42.08,26300,42.07,U
sh600584,长电科技,2025-09-30 10:24:11,42.07,22400,42.08,U
sh600584,长电科技,2025-09-30 10:24:14,42.07,8400,42.07,U
sh600584,长电科技,2025-09-30 10:24:17,42.07,15800,42.07,D
sh600584,长电科技,2025-09-30 10:24:20,42.06,86600,42.07,D
sh600584,长电科技,2025-09-30 10:24:23,42.05,39100,42.06,D
sh600584,长电科技,2025-09-30 10:24:26,42.05,125500,42.05,U
sh600584,长电科技,2025-09-30 10:24:29,42.03,77200,42.05,D
sh600584,长电科技,2025-09-30 10:24:32,42.05,14800,42.03,D
sh600584,长电科技,2025-09-30 10:24:35,42.05,11400,42.05,D
sh600584,长电科技,2025-09-30 10:24:38,42.04,17400,42.05,D
sh600584,长电科技,2025-09-30 10:24:41,42.05,13100,42.04,U
sh600584,长电科技,2025-09-30 10:24:44,42.05,38900,42.05,U
sh600584,长电科技,2025-09-30 10:24:47,42.05,31500,42.05,U
sh600584,长电科技,2025-09-30 10:24:50,42.05,16900,42.05,D
sh600584,长电科技,2025-09-30 10:24:53,42.05,22700,42.05,D
sh600584,长电科技,2025-09-30 10:24:56,42.06,23000,42.05,E
sh600584,长电科技,2025-09-30 10:24:59,42.07,34300,42.06,E
sh600584,长电科技,2025-09-30 10:25:02,42.07,13500,42.07,U
sh600584,长电科技,2025-09-30 10:25:05,42.04,69000,42.07,D
sh600584,长电科技,2025-09-30 10:25:08,42.02,101000,42.04,D
sh600584,长电科技,2025-09-30 10:25:11,42.02,30000,42.02,D
sh600584,长电科技,2025-09-30 10:25:14,42.04,14100,42.02,U
sh600584,长电科技,2025-09-30 10:25:17,42.07,37200,42.04,U
sh600584,长电科技,2025-09-30 10:25:20,42.07,38700,42.07,U
sh600584,长电科技,2025-09-30 10:25:23,42.04,21700,42.07,D
sh600584,长电科技,2025-09-30 10:25:26,42.04,19900,42.04,U
sh600584,长电科技,2025-09-30 10:25:29,42.05,61300,42.04,U
sh600584,长电科技,2025-09-30 10:25:32,42.05,8900,42.05,U
sh600584,长电科技,2025-09-30 10:25:35,42.06,34700,42.05,U
sh600584,长电科技,2025-09-30 10:25:38,42.03,25100,42.06,D
sh600584,长电科技,2025-09-30 10:25:41,42.02,42400,42.03,D
sh600584,长电科技,2025-09-30 10:25:44,42.03,8900,42.02,U
sh600584,长电科技,2025-09-30 10:25:47,42.03,22100,42.03,D
sh600584,长电科技,2025-09-30 10:25:50,42.03,49300,42.03,D
sh600584,长电科技,2025-09-30 10:25:53,42.03,13100,42.03,U
sh600584,长电科技,2025-09-30 10:25:56,42.02,17500,42.03,D
sh600584,长电科技,2025-09-30 10:25:59,42.0,173600,42.02,D
sh600584,长电科技,2025-09-30 10:26:02,41.95,62900,42.0,D
sh600584,长电科技,2025-09-30 10:26:05,41.93,31900,41.95,D
sh600584,长电科技,2025-09-30 10:26:08,41.97,10800,41.93,U
sh600584,长电科技,2025-09-30 10:26:11,41.94,30100,41.97,D
sh600584,长电科技,2025-09-30 10:26:14,41.94,59800,41.94,D
sh600584,长电科技,2025-09-30 10:26:17,41.94,51600,41.94,D
sh600584,长电科技,2025-09-30 10:26:20,41.97,21100,41.94,U
sh600584,长电科技,2025-09-30 10:26:23,41.97,39100,41.97,U
sh600584,长电科技,2025-09-30 10:26:26,41.96,17600,41.97,E
sh600584,长电科技,2025-09-30 10:26:29,41.97,25500,41.96,U
sh600584,长电科技,2025-09-30 10:26:32,41.94,25700,41.97,D
sh600584,长电科技,2025-09-30 10:26:35,41.95,16300,41.94,U
sh600584,长电科技,2025-09-30 10:26:38,41.93,12100,41.95,D
sh600584,长电科技,2025-09-30 10:26:41,41.94,25900,41.93,U
sh600584,长电科技,2025-09-30 10:26:44,41.91,7800,41.94,D
sh600584,长电科技,2025-09-30 10:26:47,41.93,31000,41.91,U
sh600584,长电科技,2025-09-30 10:26:50,41.91,13700,41.93,D
sh600584,长电科技,2025-09-30 10:26:53,41.92,53900,41.91,U
sh600584,长电科技,2025-09-30 10:26:56,41.91,14000,41.92,D
sh600584,长电科技,2025-09-30 10:26:59,41.9,37200,41.91,D
sh600584,长电科技,2025-09-30 10:27:02,41.89,55600,41.9,D
sh600584,长电科技,2025-09-30 10:27:05,41.88,37000,41.89,D
sh600584,长电科技,2025-09-30 10:27:08,41.87,42300,41.88,D
sh600584,长电科技,2025-09-30 10:27:11,41.87,15500,41.87,D
sh600584,长电科技,2025-09-30 10:27:14,41.87,22700,41.87,U
sh600584,长电科技,2025-09-30 10:27:17,41.86,30400,41.87,D
sh600584,长电科技,2025-09-30 10:27:20,41.87,129100,41.86,U
sh600584,长电科技,2025-09-30 10:27:23,41.88,79800,41.87,U
sh600584,长电科技,2025-09-30 10:27:26,41.89,18900,41.88,U
sh600584,长电科技,2025-09-30 10:27:29,41.88,40100,41.89,D
sh600584,长电科技,2025-09-30 10:27:32,41.88,15400,41.88,U
sh600584,长电科技,2025-09-30 10:27:35,41.89,27200,41.88,U
sh600584,长电科技,2025-09-30 10:27:38,41.88,39100,41.89,D
sh600584,长电科技,2025-09-30 10:27:41,41.88,28700,41.88,D
sh600584,长电科技,2025-09-30 10:27:44,41.9,30300,41.88,U
sh600584,长电科技,2025-09-30 10:27:47,41.91,23900,41.9,U
sh600584,长电科技,2025-09-30 10:27:50,41.92,8200,41.91,U
sh600584,长电科技,2025-09-30 10:27:53,41.92,18400,41.92,U
sh600584,长电科技,2025-09-30 10:27:56,41.93,9900,41.92,U
sh600584,长电科技,2025-09-30 10:27:59,41.93,22300,41.93,U
sh600584,长电科技,2025-09-30 10:28:02,41.93,14500,41.93,D
sh600584,长电科技,2025-09-30 10:28:05,41.93,12900,41.93,D
sh600584,长电科技,2025-09-30 10:28:08,41.94,30100,41.93,U
sh600584,长电科技,2025-09-30 10:28:11,41.94,35600,41.94,D
sh600584,长电科技,2025-09-30 10:28:14,41.96,26000,41.94,U
sh600584,长电科技,2025-09-30 10:28:17,41.97,34800,41.96,U
sh600584,长电科技,2025-09-30 10:28:20,41.95,28600,41.97,D
sh600584,长电科技,2025-09-30 10:28:23,41.97,37900,41.95,U
sh600584,长电科技,2025-09-30 10:28:26,41.98,39500,41.97,U
sh600584,长电科技,2025-09-30 10:28:29,41.98,36100,41.98,U
sh600584,长电科技,2025-09-30 10:28:32,41.98,34500,41.98,U
sh600584,长电科技,2025-09-30 10:28:35,41.98,31900,41.98,U
sh600584,长电科技,2025-09-30 10:28:38,41.98,35900,41.98,U
sh600584,长电科技,2025-09-30 10:28:41,41.97,32801,41.98,D
sh600584,长电科技,2025-09-30 10:28:44,41.97,54299,41.97,D
sh600584,长电科技,2025-09-30 10:28:47,41.98,60500,41.97,U
sh600584,长电科技,2025-09-30 10:28:50,41.98,53400,41.98,U
sh600584,长电科技,2025-09-30 10:28:53,41.97,24200,41.98,D
sh600584,长电科技,2025-09-30 10:28:56,41.97,91600,41.97,D
sh600584,长电科技,2025-09-30 10:28:59,41.97,44600,41.97,U
sh600584,长电科技,2025-09-30 10:29:02,41.97,16800,41.97,U
sh600584,长电科技,2025-09-30 10:29:05,41.98,59100,41.97,U
sh600584,长电科技,2025-09-30 10:29:08,42.02,109101,41.98,U
sh600584,长电科技,2025-09-30 10:29:11,42.03,25100,42.02,U
sh600584,长电科技,2025-09-30 10:29:14,42.06,13100,42.03,U
sh600584,长电科技,2025-09-30 10:29:17,42.08,42700,42.06,U
sh600584,长电科技,2025-09-30 10:29:20,42.08,27200,42.08,U
sh600584,长电科技,2025-09-30 10:29:23,42.1,78200,42.08,U
sh600584,长电科技,2025-09-30 10:29:26,42.11,19300,42.1,U
sh600584,长电科技,2025-09-30 10:29:29,42.14,18100,42.11,U
sh600584,长电科技,2025-09-30 10:29:32,42.16,25600,42.14,U
sh600584,长电科技,2025-09-30 10:29:35,42.15,19500,42.16,D
sh600584,长电科技,2025-09-30 10:29:38,42.18,45100,42.15,U
sh600584,长电科技,2025-09-30 10:29:41,42.2,85900,42.18,U
sh600584,长电科技,2025-09-30 10:29:44,42.19,25300,42.2,E
sh600584,长电科技,2025-09-30 10:29:47,42.2,58700,42.19,U
sh600584,长电科技,2025-09-30 10:29:50,42.19,84100,42.2,D
sh600584,长电科技,2025-09-30 10:29:53,42.19,51800,42.19,D
sh600584,长电科技,2025-09-30 10:29:56,42.2,55200,42.19,U
sh600584,长电科技,2025-09-30 10:29:59,42.18,34100,42.2,D
sh600584,长电科技,2025-09-30 10:30:02,42.19,100300,42.18,U
sh600584,长电科技,2025-09-30 10:30:05,42.19,39600,42.19,U
sh600584,长电科技,2025-09-30 10:30:08,42.19,114500,42.19,D
sh600584,长电科技,2025-09-30 10:30:11,42.21,81900,42.19,U
sh600584,长电科技,2025-09-30 10:30:14,42.23,44300,42.21,U
sh600584,长电科技,2025-09-30 10:30:17,42.24,93100,42.23,U
sh600584,长电科技,2025-09-30 10:30:20,42.25,27974,42.24,U
sh600584,长电科技,2025-09-30 10:30:23,42.25,38100,42.25,D
sh600584,长电科技,2025-09-30 10:30:26,42.23,46800,42.25,D
sh600584,长电科技,2025-09-30 10:30:29,42.21,98900,42.23,D
sh600584,长电科技,2025-09-30 10:30:32,42.21,34200,42.21,U
sh600584,长电科技,2025-09-30 10:30:35,42.18,59100,42.21,D
sh600584,长电科技,2025-09-30 10:30:38,42.16,88200,42.18,D
sh600584,长电科技,2025-09-30 10:30:41,42.15,48600,42.16,D
sh600584,长电科技,2025-09-30 10:30:44,42.15,44200,42.15,U
sh600584,长电科技,2025-09-30 10:30:47,42.14,69700,42.15,D
sh600584,长电科技,2025-09-30 10:30:50,42.17,97800,42.14,U
sh600584,长电科技,2025-09-30 10:30:53,42.19,66700,42.17,E
sh600584,长电科技,2025-09-30 10:30:56,42.19,42400,42.19,D
sh600584,长电科技,2025-09-30 10:30:59,42.17,82500,42.19,D
sh600584,长电科技,2025-09-30 10:31:02,42.19,62200,42.17,U
sh600584,长电科技,2025-09-30 10:31:05,42.19,57600,42.19,U
sh600584,长电科技,2025-09-30 10:31:08,42.18,14900,42.19,D
sh600584,长电科技,2025-09-30 10:31:11,42.18,25600,42.18,D
sh600584,长电科技,2025-09-30 10:31:14,42.14,49400,42.18,D
sh600584,长电科技,2025-09-30 10:31:17,42.13,57000,42.14,D
sh600584,长电科技,2025-09-30 10:31:20,42.1,76700,42.13,D
sh600584,长电科技,2025-09-30 10:31:23,42.1,24200,42.1,U
sh600584,长电科技,2025-09-30 10:31:26,42.12,48500,42.1,U
sh600584,长电科技,2025-09-30 10:31:29,42.14,86200,42.12,U
sh600584,长电科技,2025-09-30 10:31:32,42.15,35800,42.14,U
sh600584,长电科技,2025-09-30 10:31:35,42.19,148700,42.15,U
sh600584,长电科技,2025-09-30 10:31:38,42.2,108200,42.19,U
sh600584,长电科技,2025-09-30 10:31:41,42.2,26000,42.2,D
sh600584,长电科技,2025-09-30 10:31:47,42.19,18300,42.2,E
sh600584,长电科技,2025-09-30 10:31:50,42.19,41500,42.19,D
sh600584,长电科技,2025-09-30 10:31:53,42.18,83800,42.19,D
sh600584,长电科技,2025-09-30 10:31:56,42.15,146100,42.18,D
sh600584,长电科技,2025-09-30 10:31:59,42.14,43400,42.15,D
sh600584,长电科技,2025-09-30 10:32:02,42.18,36600,42.14,E
sh600584,长电科技,2025-09-30 10:32:05,42.2,228100,42.18,U
sh600584,长电科技,2025-09-30 10:32:08,42.22,77200,42.2,U
sh600584,长电科技,2025-09-30 10:32:11,42.23,47000,42.22,U
sh600584,长电科技,2025-09-30 10:32:14,42.24,64000,42.23,U
sh600584,长电科技,2025-09-30 10:32:17,42.26,59100,42.24,U
sh600584,长电科技,2025-09-30 10:32:20,42.26,61300,42.26,U
sh600584,长电科技,2025-09-30 10:32:23,42.29,62400,42.26,U
sh600584,长电科技,2025-09-30 10:32:26,42.3,61400,42.29,U
sh600584,长电科技,2025-09-30 10:32:29,42.31,103600,42.3,U
sh600584,长电科技,2025-09-30 10:32:32,42.34,14200,42.31,U
sh600584,长电科技,2025-09-30 10:32:35,42.34,32400,42.34,U
sh600584,长电科技,2025-09-30 10:32:38,42.35,36800,42.34,U
sh600584,长电科技,2025-09-30 10:32:41,42.35,45700,42.35,U
sh600584,长电科技,2025-09-30 10:32:44,42.35,69900,42.35,D
sh600584,长电科技,2025-09-30 10:32:47,42.36,103451,42.35,U
sh600584,长电科技,2025-09-30 10:32:50,42.38,29600,42.36,U
sh600584,长电科技,2025-09-30 10:32:53,42.38,41900,42.38,D
sh600584,长电科技,2025-09-30 10:32:56,42.38,82100,42.38,D
sh600584,长电科技,2025-09-30 10:32:59,42.37,99100,42.38,E
sh600584,长电科技,2025-09-30 10:33:02,42.32,104849,42.37,D
sh600584,长电科技,2025-09-30 10:33:05,42.31,47300,42.32,D
sh600584,长电科技,2025-09-30 10:33:08,42.31,97900,42.31,D
sh600584,长电科技,2025-09-30 10:33:11,42.3,76700,42.31,E
sh600584,长电科技,2025-09-30 10:33:14,42.28,26100,42.3,D
sh600584,长电科技,2025-09-30 10:33:17,42.28,70400,42.28,D
sh600584,长电科技,2025-09-30 10:33:20,42.28,18100,42.28,U
sh600584,长电科技,2025-09-30 10:33:23,42.27,34500,42.28,D
sh600584,长电科技,2025-09-30 10:33:26,42.27,27900,42.27,D
sh600584,长电科技,2025-09-30 10:33:29,42.25,24500,42.27,E
sh600584,长电科技,2025-09-30 10:33:32,42.23,36100,42.25,D
sh600584,长电科技,2025-09-30 10:33:35,42.23,94600,42.23,D
sh600584,长电科技,2025-09-30 10:33:38,42.28,122200,42.23,U
sh600584,长电科技,2025-09-30 10:33:41,42.3,222400,42.28,U
sh600584,长电科技,2025-09-30 10:33:44,42.31,22800,42.3,U
sh600584,长电科技,2025-09-30 10:33:47,42.32,26600,42.31,U
sh600584,长电科技,2025-09-30 10:33:50,42.34,31700,42.32,U
sh600584,长电科技,2025-09-30 10:33:53,42.37,49300,42.34,U
sh600584,长电科技,2025-09-30 10:33:56,42.37,88900,42.37,E
sh600584,长电科技,2025-09-30 10:33:59,42.38,256600,42.37,U
sh600584,长电科技,2025-09-30 10:34:02,42.43,269200,42.38,U
sh600584,长电科技,2025-09-30 10:34:05,42.45,136300,42.43,U
sh600584,长电科技,2025-09-30 10:34:08,42.46,119200,42.45,U
sh600584,长电科技,2025-09-30 10:34:11,42.47,179500,42.46,U
sh600584,长电科技,2025-09-30 10:34:14,42.49,145600,42.47,U
sh600584,长电科技,2025-09-30 10:34:17,42.5,342200,42.49,U
sh600584,长电科技,2025-09-30 10:34:20,42.5,81400,42.5,U
sh600584,长电科技,2025-09-30 10:34:23,42.5,109900,42.5,U
sh600584,长电科技,2025-09-30 10:34:26,42.49,265000,42.5,D
sh600584,长电科技,2025-09-30 10:34:29,42.49,133700,42.49,D
sh600584,长电科技,2025-09-30 10:34:32,42.5,135400,42.49,U
sh600584,长电科技,2025-09-30 10:34:35,42.5,85500,42.5,U
sh600584,长电科技,2025-09-30 10:34:38,42.5,52900,42.5,U
sh600584,长电科技,2025-09-30 10:34:41,42.49,70600,42.5,D
sh600584,长电科技,2025-09-30 10:34:44,42.45,159100,42.49,D
sh600584,长电科技,2025-09-30 10:34:47,42.45,31100,42.45,D
sh600584,长电科技,2025-09-30 10:34:50,42.4,33600,42.45,D
sh600584,长电科技,2025-09-30 10:34:53,42.4,41200,42.4,D
sh600584,长电科技,2025-09-30 10:34:56,42.4,41500,42.4,D
sh600584,长电科技,2025-09-30 10:34:59,42.4,34800,42.4,D
sh600584,长电科技,2025-09-30 10:35:02,42.4,43900,42.4,U
sh600584,长电科技,2025-09-30 10:35:05,42.39,139400,42.4,D
sh600584,长电科技,2025-09-30 10:35:08,42.4,58300,42.39,U
sh600584,长电科技,2025-09-30 10:35:11,42.4,29100,42.4,D
sh600584,长电科技,2025-09-30 10:35:14,42.41,37600,42.4,U
sh600584,长电科技,2025-09-30 10:35:17,42.4,31600,42.41,D
sh600584,长电科技,2025-09-30 10:35:20,42.42,35200,42.4,U
sh600584,长电科技,2025-09-30 10:35:23,42.44,41600,42.42,U
sh600584,长电科技,2025-09-30 10:35:26,42.45,43300,42.44,U
sh600584,长电科技,2025-09-30 10:35:29,42.45,28100,42.45,D
sh600584,长电科技,2025-09-30 10:35:32,42.46,35400,42.45,E
sh600584,长电科技,2025-09-30 10:35:35,42.49,71900,42.46,U
sh600584,长电科技,2025-09-30 10:35:38,42.49,72100,42.49,U
sh600584,长电科技,2025-09-30 10:35:41,42.5,62300,42.49,U
sh600584,长电科技,2025-09-30 10:35:44,42.49,83400,42.5,D
sh600584,长电科技,2025-09-30 10:35:47,42.5,43500,42.49,U
sh600584,长电科技,2025-09-30 10:35:50,42.48,42000,42.5,D
sh600584,长电科技,2025-09-30 10:35:53,42.48,56200,42.48,D
sh600584,长电科技,2025-09-30 10:35:56,42.49,71900,42.48,U
sh600584,长电科技,2025-09-30 10:35:59,42.49,40200,42.49,D
sh600584,长电科技,2025-09-30 10:36:02,42.48,98700,42.49,D
sh600584,长电科技,2025-09-30 10:36:05,42.49,51300,42.48,U
sh600584,长电科技,2025-09-30 10:36:08,42.48,80200,42.49,D
sh600584,长电科技,2025-09-30 10:36:11,42.44,159400,42.48,D
sh600584,长电科技,2025-09-30 10:36:14,42.45,28100,42.44,U
sh600584,长电科技,2025-09-30 10:36:17,42.43,11800,42.45,D
sh600584,长电科技,2025-09-30 10:36:20,42.43,28800,42.43,D
sh600584,长电科技,2025-09-30 10:36:23,42.43,14900,42.43,D
sh600584,长电科技,2025-09-30 10:36:26,42.43,33800,42.43,U
sh600584,长电科技,2025-09-30 10:36:29,42.42,10800,42.43,D
sh600584,长电科技,2025-09-30 10:36:32,42.41,26500,42.42,U
sh600584,长电科技,2025-09-30 10:36:35,42.4,57300,42.41,D
sh600584,长电科技,2025-09-30 10:36:38,42.4,13900,42.4,U
sh600584,长电科技,2025-09-30 10:36:41,42.38,20100,42.4,D
sh600584,长电科技,2025-09-30 10:36:44,42.37,36100,42.38,D
sh600584,长电科技,2025-09-30 10:36:47,42.35,27300,42.37,D
sh600584,长电科技,2025-09-30 10:36:50,42.34,48000,42.35,D
sh600584,长电科技,2025-09-30 10:36:53,42.37,33100,42.34,U
sh600584,长电科技,2025-09-30 10:36:56,42.34,37900,42.37,D
sh600584,长电科技,2025-09-30 10:36:59,42.34,53500,42.34,D
sh600584,长电科技,2025-09-30 10:37:02,42.36,23100,42.34,U
sh600584,长电科技,2025-09-30 10:37:05,42.37,47200,42.36,U
sh600584,长电科技,2025-09-30 10:37:08,42.36,19800,42.37,D
sh600584,长电科技,2025-09-30 10:37:11,42.37,11000,42.36,D
sh600584,长电科技,2025-09-30 10:37:14,42.39,15900,42.37,U
sh600584,长电科技,2025-09-30 10:37:17,42.38,37000,42.39,D
sh600584,长电科技,2025-09-30 10:37:20,42.39,14400,42.38,U
sh600584,长电科技,2025-09-30 10:37:23,42.39,17500,42.39,D
sh600584,长电科技,2025-09-30 10:37:26,42.4,46200,42.39,U
sh600584,长电科技,2025-09-30 10:37:29,42.39,21800,42.4,D
sh600584,长电科技,2025-09-30 10:37:32,42.39,13900,42.39,D
sh600584,长电科技,2025-09-30 10:37:35,42.39,14700,42.39,U
sh600584,长电科技,2025-09-30 10:37:38,42.37,35800,42.39,D
sh600584,长电科技,2025-09-30 10:37:41,42.37,53100,42.37,D
sh600584,长电科技,2025-09-30 10:37:44,42.37,46700,42.37,U
sh600584,长电科技,2025-09-30 10:37:47,42.37,10600,42.37,U
sh600584,长电科技,2025-09-30 10:37:50,42.37,13500,42.37,D
sh600584,长电科技,2025-09-30 10:37:53,42.36,15300,42.37,E
sh600584,长电科技,2025-09-30 10:37:56,42.37,5400,42.36,U
sh600584,长电科技,2025-09-30 10:37:59,42.37,16800,42.37,U
sh600584,长电科技,2025-09-30 10:38:02,42.36,14500,42.37,D
sh600584,长电科技,2025-09-30 10:38:05,42.36,14900,42.36,U
sh600584,长电科技,2025-09-30 10:38:08,42.35,13200,42.36,D
sh600584,长电科技,2025-09-30 10:38:11,42.33,22500,42.35,D
sh600584,长电科技,2025-09-30 10:38:14,42.34,28300,42.33,D
sh600584,长电科技,2025-09-30 10:38:17,42.34,51100,42.34,U
sh600584,长电科技,2025-09-30 10:38:20,42.34,28200,42.34,U
sh600584,长电科技,2025-09-30 10:38:23,42.32,9200,42.34,D
sh600584,长电科技,2025-09-30 10:38:26,42.34,15900,42.32,U
sh600584,长电科技,2025-09-30 10:38:29,42.33,8800,42.34,E
sh600584,长电科技,2025-09-30 10:38:32,42.33,10900,42.33,E
sh600584,长电科技,2025-09-30 10:38:35,42.32,20500,42.33,D
sh600584,长电科技,2025-09-30 10:38:38,42.31,13100,42.32,D
sh600584,长电科技,2025-09-30 10:38:41,42.31,11900,42.31,D
sh600584,长电科技,2025-09-30 10:38:44,42.31,20000,42.31,D
sh600584,长电科技,2025-09-30 10:38:47,42.32,57400,42.31,E
sh600584,长电科技,2025-09-30 10:38:50,42.3,30300,42.32,D
sh600584,长电科技,2025-09-30 10:38:53,42.31,13000,42.3,U
sh600584,长电科技,2025-09-30 10:38:59,42.3,17700,42.31,D
sh600584,长电科技,2025-09-30 10:39:02,42.3,33300,42.3,D
sh600584,长电科技,2025-09-30 10:39:05,42.29,16000,42.3,E
sh600584,长电科技,2025-09-30 10:39:08,42.3,58100,42.29,U
sh600584,长电科技,2025-09-30 10:39:11,42.32,61400,42.3,U
sh600584,长电科技,2025-09-30 10:39:14,42.33,28800,42.32,U
sh600584,长电科技,2025-09-30 10:39:17,42.34,15600,42.33,U
sh600584,长电科技,2025-09-30 10:39:20,42.33,11900,42.34,D
sh600584,长电科技,2025-09-30 10:39:23,42.32,15800,42.33,D
sh600584,长电科技,2025-09-30 10:39:26,42.32,30300,42.32,D
sh600584,长电科技,2025-09-30 10:39:29,42.32,62500,42.32,D
sh600584,长电科技,2025-09-30 10:39:32,42.32,17400,42.32,U
sh600584,长电科技,2025-09-30 10:39:35,42.31,11300,42.32,D
sh600584,长电科技,2025-09-30 10:39:38,42.32,12900,42.31,U
sh600584,长电科技,2025-09-30 10:39:41,42.33,20600,42.32,U
sh600584,长电科技,2025-09-30 10:39:44,42.34,9800,42.33,U
sh600584,长电科技,2025-09-30 10:39:47,42.33,9500,42.34,D
sh600584,长电科技,2025-09-30 10:39:50,42.34,33700,42.33,U
sh600584,长电科技,2025-09-30 10:39:53,42.34,58300,42.34,U
sh600584,长电科技,2025-09-30 10:39:56,42.37,14700,42.34,U
sh600584,长电科技,2025-09-30 10:39:59,42.34,10600,42.37,D
sh600584,长电科技,2025-09-30 10:40:05,42.35,31200,42.36,D
sh600584,长电科技,2025-09-30 10:40:08,42.38,48200,42.35,U
sh600584,长电科技,2025-09-30 10:40:11,42.39,8600,42.38,U
sh600584,长电科技,2025-09-30 10:40:14,42.39,25400,42.39,D
sh600584,长电科技,2025-09-30 10:40:17,42.37,23300,42.39,D
sh600584,长电科技,2025-09-30 10:40:20,42.33,38000,42.37,D
sh600584,长电科技,2025-09-30 10:40:23,42.32,55500,42.33,D
sh600584,长电科技,2025-09-30 10:40:26,42.29,55300,42.32,D
sh600584,长电科技,2025-09-30 10:40:29,42.23,26800,42.29,D
sh600584,长电科技,2025-09-30 10:40:32,42.23,12200,42.23,D
sh600584,长电科技,2025-09-30 10:40:35,42.21,9200,42.23,D
sh600584,长电科技,2025-09-30 10:40:38,42.21,26200,42.21,D
sh600584,长电科技,2025-09-30 10:40:41,42.18,34300,42.21,D
sh600584,长电科技,2025-09-30 10:40:47,42.16,24900,42.17,D
sh600584,长电科技,2025-09-30 10:40:50,42.17,8700,42.16,U
sh600584,长电科技,2025-09-30 10:40:53,42.17,16100,42.17,U
sh600584,长电科技,2025-09-30 10:40:56,42.15,10300,42.17,E
sh600584,长电科技,2025-09-30 10:40:59,42.12,26400,42.15,D
sh600584,长电科技,2025-09-30 10:41:02,42.11,45600,42.12,D
sh600584,长电科技,2025-09-30 10:41:05,42.1,47100,42.11,D
sh600584,长电科技,2025-09-30 10:41:08,42.1,28900,42.1,E
sh600584,长电科技,2025-09-30 10:41:11,42.1,19600,42.1,D
sh600584,长电科技,2025-09-30 10:41:14,42.1,22800,42.1,U
sh600584,长电科技,2025-09-30 10:41:17,42.08,28600,42.1,D
sh600584,长电科技,2025-09-30 10:41:20,42.08,50000,42.08,U
sh600584,长电科技,2025-09-30 10:41:23,42.08,39000,42.08,D
sh600584,长电科技,2025-09-30 10:41:26,42.08,21300,42.08,D
sh600584,长电科技,2025-09-30 10:41:29,42.08,22400,42.08,U
sh600584,长电科技,2025-09-30 10:41:32,42.08,13600,42.08,D
sh600584,长电科技,2025-09-30 10:41:35,42.06,5700,42.08,E
sh600584,长电科技,2025-09-30 10:41:38,42.08,52100,42.06,U
sh600584,长电科技,2025-09-30 10:41:41,42.07,24200,42.08,E
sh600584,长电科技,2025-09-30 10:41:44,42.08,12900,42.07,U
sh600584,长电科技,2025-09-30 10:41:47,42.1,18200,42.08,U
sh600584,长电科技,2025-09-30 10:41:50,42.1,16000,42.1,U
sh600584,长电科技,2025-09-30 10:41:53,42.1,14800,42.1,E
sh600584,长电科技,2025-09-30 10:41:56,42.08,19400,42.1,D
sh600584,长电科技,2025-09-30 10:41:59,42.1,23100,42.08,U
sh600584,长电科技,2025-09-30 10:42:02,42.09,12200,42.1,D
sh600584,长电科技,2025-09-30 10:42:05,42.08,47900,42.09,D
sh600584,长电科技,2025-09-30 10:42:08,42.08,17600,42.08,U
sh600584,长电科技,2025-09-30 10:42:11,42.08,9000,42.08,U
sh600584,长电科技,2025-09-30 10:42:14,42.08,14000,42.08,D
sh600584,长电科技,2025-09-30 10:42:17,42.09,12400,42.08,U
sh600584,长电科技,2025-09-30 10:42:20,42.1,14500,42.09,U
sh600584,长电科技,2025-09-30 10:42:23,42.1,13000,42.1,U
sh600584,长电科技,2025-09-30 10:42:26,42.09,20200,42.1,D
sh600584,长电科技,2025-09-30 10:42:29,42.09,15000,42.09,U
sh600584,长电科技,2025-09-30 10:42:32,42.09,12400,42.09,U
sh600584,长电科技,2025-09-30 10:42:35,42.09,18700,42.09,U
sh600584,长电科技,2025-09-30 10:42:38,42.1,10600,42.09,U
sh600584,长电科技,2025-09-30 10:42:47,42.1,9700,42.1,D
sh600584,长电科技,2025-09-30 10:42:50,42.12,26100,42.1,U
sh600584,长电科技,2025-09-30 10:42:53,42.16,87500,42.12,U
sh600584,长电科技,2025-09-30 10:42:56,42.12,5200,42.16,E
sh600584,长电科技,2025-09-30 10:42:59,42.15,12900,42.12,U
sh600584,长电科技,2025-09-30 10:43:02,42.13,16300,42.15,E
sh600584,长电科技,2025-09-30 10:43:05,42.14,15400,42.13,D
sh600584,长电科技,2025-09-30 10:43:08,42.15,25200,42.14,U
sh600584,长电科技,2025-09-30 10:43:11,42.14,37200,42.15,D
sh600584,长电科技,2025-09-30 10:43:14,42.16,32800,42.14,U
sh600584,长电科技,2025-09-30 10:43:17,42.16,27700,42.16,U
sh600584,长电科技,2025-09-30 10:43:20,42.16,19100,42.16,D
sh600584,长电科技,2025-09-30 10:43:23,42.14,34400,42.16,D
sh600584,长电科技,2025-09-30 10:43:26,42.15,18000,42.14,U
sh600584,长电科技,2025-09-30 10:43:29,42.15,30900,42.15,U
sh600584,长电科技,2025-09-30 10:43:32,42.16,8900,42.15,U
sh600584,长电科技,2025-09-30 10:43:35,42.16,16200,42.16,D
sh600584,长电科技,2025-09-30 10:43:38,42.16,9400,42.16,U
sh600584,长电科技,2025-09-30 10:43:41,42.16,18200,42.16,U
sh600584,长电科技,2025-09-30 10:43:44,42.16,14100,42.16,D
sh600584,长电科技,2025-09-30 10:43:47,42.16,16100,42.16,D
sh600584,长电科技,2025-09-30 10:43:50,42.17,29200,42.16,D
sh600584,长电科技,2025-09-30 10:43:53,42.18,9100,42.17,U
sh600584,长电科技,2025-09-30 10:43:56,42.2,36900,42.18,U
sh600584,长电科技,2025-09-30 10:43:59,42.21,7000,42.2,U
sh600584,长电科技,2025-09-30 10:44:02,42.17,69300,42.21,D
sh600584,长电科技,2025-09-30 10:44:05,42.14,79000,42.17,E
sh600584,长电科技,2025-09-30 10:44:08,42.13,13100,42.14,E
sh600584,长电科技,2025-09-30 10:44:14,42.12,41100,42.12,D
sh600584,长电科技,2025-09-30 10:44:20,42.14,6300,42.13,U
sh600584,长电科技,2025-09-30 10:44:23,42.15,5300,42.14,U
sh600584,长电科技,2025-09-30 10:44:26,42.15,8400,42.15,U
sh600584,长电科技,2025-09-30 10:44:29,42.13,16100,42.15,D
sh600584,长电科技,2025-09-30 10:44:32,42.13,19200,42.13,D
sh600584,长电科技,2025-09-30 10:44:35,42.14,6900,42.13,U
sh600584,长电科技,2025-09-30 10:44:38,42.13,32000,42.14,D
sh600584,长电科技,2025-09-30 10:44:41,42.14,13700,42.13,U
sh600584,长电科技,2025-09-30 10:44:44,42.13,11600,42.14,D
sh600584,长电科技,2025-09-30 10:44:47,42.18,42003,42.13,U
sh600584,长电科技,2025-09-30 10:44:50,42.18,9500,42.18,D
sh600584,长电科技,2025-09-30 10:44:53,42.19,9800,42.18,U
sh600584,长电科技,2025-09-30 10:44:56,42.19,4800,42.19,U
sh600584,长电科技,2025-09-30 10:45:02,42.19,7800,42.19,D
sh600584,长电科技,2025-09-30 10:45:05,42.19,25800,42.19,D
sh600584,长电科技,2025-09-30 10:45:11,42.19,20900,42.19,U
sh600584,长电科技,2025-09-30 10:45:14,42.2,42000,42.19,U
sh600584,长电科技,2025-09-30 10:45:20,42.2,13800,42.21,D
sh600584,长电科技,2025-09-30 10:45:23,42.2,4800,42.2,U
sh600584,长电科技,2025-09-30 10:45:26,42.2,9800,42.2,U
sh600584,长电科技,2025-09-30 10:45:29,42.2,5400,42.2,U
sh600584,长电科技,2025-09-30 10:45:32,42.21,30800,42.2,U
sh600584,长电科技,2025-09-30 10:45:35,42.2,22000,42.21,D
sh600584,长电科技,2025-09-30 10:45:38,42.17,10900,42.2,D
sh600584,长电科技,2025-09-30 10:45:41,42.2,5600,42.17,U
sh600584,长电科技,2025-09-30 10:45:44,42.15,10700,42.2,D
sh600584,长电科技,2025-09-30 10:45:47,42.15,20400,42.15,U
sh600584,长电科技,2025-09-30 10:45:50,42.14,17400,42.15,D
sh600584,长电科技,2025-09-30 10:45:53,42.14,12400,42.14,U
sh600584,长电科技,2025-09-30 10:45:56,42.12,9900,42.14,D
sh600584,长电科技,2025-09-30 10:46:02,42.12,27500,42.13,D
sh600584,长电科技,2025-09-30 10:46:05,42.12,32900,42.12,U
sh600584,长电科技,2025-09-30 10:46:08,42.12,11900,42.12,U
sh600584,长电科技,2025-09-30 10:46:11,42.11,5200,42.12,E
sh600584,长电科技,2025-09-30 10:46:14,42.1,8100,42.11,D
sh600584,长电科技,2025-09-30 10:46:17,42.1,7300,42.1,D
sh600584,长电科技,2025-09-30 10:46:20,42.1,6400,42.1,D
sh600584,长电科技,2025-09-30 10:46:23,42.11,5500,42.1,E
sh600584,长电科技,2025-09-30 10:46:26,42.1,18800,42.11,D
sh600584,长电科技,2025-09-30 10:46:29,42.11,18300,42.1,E
sh600584,长电科技,2025-09-30 10:46:32,42.09,263200,42.11,D
sh600584,长电科技,2025-09-30 10:46:35,42.09,5800,42.09,U
sh600584,长电科技,2025-09-30 10:46:38,42.1,93200,42.09,U
sh600584,长电科技,2025-09-30 10:46:41,42.12,5700,42.1,U
sh600584,长电科技,2025-09-30 10:46:47,42.12,11400,42.13,D
sh600584,长电科技,2025-09-30 10:47:02,42.1,16600,42.11,D
sh600584,长电科技,2025-09-30 10:47:05,42.1,21600,42.1,D
sh600584,长电科技,2025-09-30 10:47:08,42.1,19400,42.1,D
sh600584,长电科技,2025-09-30 10:47:11,42.11,24700,42.1,U
sh600584,长电科技,2025-09-30 10:47:14,42.11,9300,42.11,D
sh600584,长电科技,2025-09-30 10:47:17,42.11,5200,42.11,D
sh600584,长电科技,2025-09-30 10:47:20,42.15,26000,42.11,U
sh600584,长电科技,2025-09-30 10:47:23,42.11,17000,42.15,D
sh600584,长电科技,2025-09-30 10:47:26,42.11,8200,42.11,D
sh600584,长电科技,2025-09-30 10:47:32,42.12,14200,42.11,E
sh600584,长电科技,2025-09-30 10:47:44,42.15,13700,42.15,U
sh600584,长电科技,2025-09-30 10:47:47,42.15,15300,42.15,U
sh600584,长电科技,2025-09-30 10:47:50,42.13,8300,42.15,D
sh600584,长电科技,2025-09-30 10:47:53,42.14,4900,42.13,E
sh600584,长电科技,2025-09-30 10:47:56,42.14,9700,42.14,U
sh600584,长电科技,2025-09-30 10:47:59,42.14,12300,42.14,D
sh600584,长电科技,2025-09-30 10:48:02,42.15,6700,42.14,U
sh600584,长电科技,2025-09-30 10:48:05,42.16,6200,42.15,U
sh600584,长电科技,2025-09-30 10:48:08,42.14,13400,42.16,D
sh600584,长电科技,2025-09-30 10:48:11,42.14,31700,42.14,U
sh600584,长电科技,2025-09-30 10:48:14,42.14,13400,42.14,U
sh600584,长电科技,2025-09-30 10:48:17,42.13,7700,42.14,E
sh600584,长电科技,2025-09-30 10:48:20,42.09,190900,42.13,D
sh600584,长电科技,2025-09-30 10:48:23,42.08,40400,42.09,D
sh600584,长电科技,2025-09-30 10:48:29,42.09,14600,42.07,U
sh600584,长电科技,2025-09-30 10:48:35,42.1,8300,42.09,U
sh600584,长电科技,2025-09-30 10:48:38,42.09,12500,42.1,D
sh600584,长电科技,2025-09-30 10:48:41,42.1,7600,42.09,E
sh600584,长电科技,2025-09-30 10:48:44,42.09,21500,42.1,D
sh600584,长电科技,2025-09-30 10:48:47,42.09,8300,42.09,D
sh600584,长电科技,2025-09-30 10:48:50,42.06,53700,42.09,D
sh600584,长电科技,2025-09-30 10:48:53,42.06,18700,42.06,D
sh600584,长电科技,2025-09-30 10:48:56,42.05,85300,42.06,D
sh600584,长电科技,2025-09-30 10:49:02,42.03,4800,42.03,D
sh600584,长电科技,2025-09-30 10:49:05,42.02,17500,42.03,D
sh600584,长电科技,2025-09-30 10:49:08,42.02,16500,42.02,D
sh600584,长电科技,2025-09-30 10:49:11,42.02,9800,42.02,U
sh600584,长电科技,2025-09-30 10:49:14,42.02,6200,42.02,U
sh600584,长电科技,2025-09-30 10:49:17,42.02,27600,42.02,U
sh600584,长电科技,2025-09-30 10:49:20,42.02,23800,42.02,D
sh600584,长电科技,2025-09-30 10:49:23,42.03,7100,42.02,E
sh600584,长电科技,2025-09-30 10:49:26,42.02,24700,42.03,D
sh600584,长电科技,2025-09-30 10:49:29,42.03,9400,42.02,U
sh600584,长电科技,2025-09-30 10:49:32,42.02,6500,42.03,D
sh600584,长电科技,2025-09-30 10:49:38,42.02,45600,42.03,D
sh600584,长电科技,2025-09-30 10:49:41,42.02,8200,42.02,D
sh600584,长电科技,2025-09-30 10:49:44,42.02,6600,42.02,U
sh600584,长电科技,2025-09-30 10:49:50,42.02,22700,42.02,D
sh600584,长电科技,2025-09-30 10:49:53,42.01,13400,42.02,D
sh600584,长电科技,2025-09-30 10:49:56,42.02,7800,42.01,U
sh600584,长电科技,2025-09-30 10:50:02,42.03,17200,42.02,U
sh600584,长电科技,2025-09-30 10:50:05,42.0,211200,42.03,D
sh600584,长电科技,2025-09-30 10:50:08,42.01,12400,42.0,U
sh600584,长电科技,2025-09-30 10:50:11,41.97,63600,42.01,D
sh600584,长电科技,2025-09-30 10:50:14,41.96,41800,41.97,D
sh600584,长电科技,2025-09-30 10:50:17,41.96,9300,41.96,D
sh600584,长电科技,2025-09-30 10:50:20,41.96,18000,41.96,D
sh600584,长电科技,2025-09-30 10:50:23,41.96,8600,41.96,E
sh600584,长电科技,2025-09-30 10:50:26,41.95,11600,41.96,D
sh600584,长电科技,2025-09-30 10:50:29,41.95,16700,41.95,D
sh600584,长电科技,2025-09-30 10:50:32,41.95,13100,41.95,U
sh600584,长电科技,2025-09-30 10:50:35,41.95,37600,41.95,U
sh600584,长电科技,2025-09-30 10:50:38,41.95,29000,41.95,U
sh600584,长电科技,2025-09-30 10:50:41,41.95,7900,41.95,D
sh600584,长电科技,2025-09-30 10:50:47,41.95,49500,41.97,D
sh600584,长电科技,2025-09-30 10:50:50,41.95,43300,41.95,D
sh600584,长电科技,2025-09-30 10:50:53,41.95,20200,41.95,U
sh600584,长电科技,2025-09-30 10:50:56,41.95,9800,41.95,U
sh600584,长电科技,2025-09-30 10:50:59,41.95,21800,41.95,U
sh600584,长电科技,2025-09-30 10:51:05,41.97,15500,41.95,U
sh600584,长电科技,2025-09-30 10:51:08,41.95,10700,41.97,D
sh600584,长电科技,2025-09-30 10:51:11,41.97,15500,41.95,U
sh600584,长电科技,2025-09-30 10:51:20,41.99,35300,41.99,U
sh600584,长电科技,2025-09-30 10:51:29,42.0,24100,41.99,U
sh600584,长电科技,2025-09-30 10:51:32,42.0,14500,42.0,U
sh600584,长电科技,2025-09-30 10:51:35,42.01,12100,42.0,U
sh600584,长电科技,2025-09-30 10:51:41,42.02,5800,42.01,U
sh600584,长电科技,2025-09-30 10:51:44,42.05,7700,42.02,U
sh600584,长电科技,2025-09-30 10:51:53,42.05,9200,42.06,D
sh600584,长电科技,2025-09-30 10:51:59,42.07,12600,42.06,E
sh600584,长电科技,2025-09-30 10:52:02,42.0,135500,42.07,D
sh600584,长电科技,2025-09-30 10:52:05,42.01,35800,42.0,U
sh600584,长电科技,2025-09-30 10:52:08,42.0,7700,42.01,E
sh600584,长电科技,2025-09-30 10:52:11,42.0,13500,42.0,U
sh600584,长电科技,2025-09-30 10:52:14,42.01,12800,42.0,U
sh600584,长电科技,2025-09-30 10:52:17,42.01,13700,42.01,U
sh600584,长电科技,2025-09-30 10:52:20,42.03,26800,42.01,U
sh600584,长电科技,2025-09-30 10:52:32,42.03,15700,42.04,D
sh600584,长电科技,2025-09-30 10:52:35,42.03,7800,42.03,U
sh600584,长电科技,2025-09-30 10:52:41,42.04,5800,42.03,U
sh600584,长电科技,2025-09-30 10:52:44,42.05,6000,42.04,U
sh600584,长电科技,2025-09-30 10:52:47,42.04,8000,42.05,D
sh600584,长电科技,2025-09-30 10:52:50,42.04,29400,42.04,D
sh600584,长电科技,2025-09-30 10:52:53,42.01,20600,42.04,D
sh600584,长电科技,2025-09-30 10:52:56,42.0,92000,42.01,D
sh600584,长电科技,2025-09-30 10:52:59,42.01,9100,42.0,U
sh600584,长电科技,2025-09-30 10:53:02,42.0,5800,42.01,E
sh600584,长电科技,2025-09-30 10:53:05,42.01,6700,42.0,U
sh600584,长电科技,2025-09-30 10:53:29,42.01,5100,42.01,D
sh600584,长电科技,2025-09-30 10:53:32,42.01,7700,42.01,D
sh600584,长电科技,2025-09-30 10:53:38,42.01,6700,42.01,D
sh600584,长电科技,2025-09-30 10:53:41,42.01,7500,42.01,D
sh600584,长电科技,2025-09-30 10:53:44,42.01,9000,42.01,D
sh600584,长电科技,2025-09-30 10:53:47,42.02,7200,42.01,U
sh600584,长电科技,2025-09-30 10:53:50,42.01,6000,42.02,D
sh600584,长电科技,2025-09-30 10:53:56,42.02,9500,42.02,U
sh600584,长电科技,2025-09-30 10:54:02,42.03,6900,42.02,U
sh600584,长电科技,2025-09-30 10:54:05,42.02,33900,42.03,D
sh600584,长电科技,2025-09-30 10:54:11,42.02,15000,42.04,D
sh600584,长电科技,2025-09-30 10:54:14,42.02,6000,42.02,U
sh600584,长电科技,2025-09-30 10:54:17,42.03,13100,42.02,U
sh600584,长电科技,2025-09-30 10:54:23,42.03,8300,42.03,U
sh600584,长电科技,2025-09-30 10:54:32,42.03,6400,42.04,D
sh600584,长电科技,2025-09-30 10:54:35,42.03,10100,42.03,D
sh600584,长电科技,2025-09-30 10:54:38,42.04,5700,42.03,U
sh600584,长电科技,2025-09-30 10:54:41,42.01,221900,42.04,D
sh600584,长电科技,2025-09-30 10:54:44,42.02,13700,42.01,U
sh600584,长电科技,2025-09-30 10:54:56,42.02,14600,42.02,U
sh600584,长电科技,2025-09-30 10:54:59,42.02,11100,42.02,U
sh600584,长电科技,2025-09-30 10:55:02,42.02,10600,42.02,U
sh600584,长电科技,2025-09-30 10:55:05,42.02,10500,42.02,U
sh600584,长电科技,2025-09-30 10:55:08,42.01,16800,42.02,D
sh600584,长电科技,2025-09-30 10:55:11,42.0,14200,42.01,D
sh600584,长电科技,2025-09-30 10:55:14,42.02,21300,42.0,U
sh600584,长电科技,2025-09-30 10:55:20,42.02,8700,42.01,U
sh600584,长电科技,2025-09-30 10:55:23,42.01,8000,42.02,D
sh600584,长电科技,2025-09-30 10:55:26,42.02,7300,42.01,U
sh600584,长电科技,2025-09-30 10:55:32,42.03,14500,42.02,U
sh600584,长电科技,2025-09-30 10:55:41,42.04,6000,42.04,U
sh600584,长电科技,2025-09-30 10:55:50,42.03,13800,42.04,D
sh600584,长电科技,2025-09-30 10:55:56,42.04,6200,42.04,U
sh600584,长电科技,2025-09-30 10:55:59,42.03,4900,42.04,D
sh600584,长电科技,2025-09-30 10:56:02,42.04,7500,42.03,U
sh600584,长电科技,2025-09-30 10:56:05,42.04,5900,42.04,D
sh600584,长电科技,2025-09-30 10:56:08,42.05,33700,42.04,U
sh600584,长电科技,2025-09-30 10:56:11,42.04,16300,42.05,D
sh600584,长电科技,2025-09-30 10:56:14,42.05,51000,42.04,U
sh600584,长电科技,2025-09-30 10:56:23,42.05,12700,42.05,D
sh600584,长电科技,2025-09-30 10:56:26,42.04,28000,42.05,D
sh600584,长电科技,2025-09-30 10:56:29,42.03,6300,42.04,D
sh600584,长电科技,2025-09-30 10:56:32,42.03,8400,42.03,U
sh600584,长电科技,2025-09-30 10:56:35,42.03,11100,42.03,U
sh600584,长电科技,2025-09-30 10:56:38,42.05,7300,42.03,U
sh600584,长电科技,2025-09-30 10:56:41,42.05,6200,42.05,U
sh600584,长电科技,2025-09-30 10:56:47,42.05,4800,42.05,D
sh600584,长电科技,2025-09-30 10:56:50,42.06,8000,42.05,U
sh600584,长电科技,2025-09-30 10:56:53,42.06,5100,42.06,U
sh600584,长电科技,2025-09-30 10:56:56,42.06,17600,42.06,U
sh600584,长电科技,2025-09-30 10:56:59,42.06,9100,42.06,U
sh600584,长电科技,2025-09-30 10:57:02,42.07,7500,42.06,U
sh600584,长电科技,2025-09-30 10:57:11,42.07,5500,42.08,D
sh600584,长电科技,2025-09-30 10:57:14,42.08,16400,42.07,U
sh600584,长电科技,2025-09-30 10:57:17,42.08,8700,42.08,U
sh600584,长电科技,2025-09-30 10:57:20,42.08,9300,42.08,U
sh600584,长电科技,2025-09-30 10:57:23,42.09,8900,42.08,U
sh600584,长电科技,2025-09-30 10:57:26,42.1,22765,42.09,U
sh600584,长电科技,2025-09-30 10:57:35,42.12,15600,42.11,U
sh600584,长电科技,2025-09-30 10:57:38,42.14,11100,42.12,U
sh600584,长电科技,2025-09-30 10:57:44,42.15,27400,42.14,U
sh600584,长电科技,2025-09-30 10:57:50,42.18,5500,42.16,U
sh600584,长电科技,2025-09-30 10:57:53,42.16,15300,42.18,D
sh600584,长电科技,2025-09-30 10:57:56,42.16,41200,42.16,D
sh600584,长电科技,2025-09-30 10:57:59,42.17,14200,42.16,U
sh600584,长电科技,2025-09-30 10:58:02,42.18,17300,42.17,U
sh600584,长电科技,2025-09-30 10:58:05,42.18,6800,42.18,U
sh600584,长电科技,2025-09-30 10:58:11,42.18,10000,42.18,D
sh600584,长电科技,2025-09-30 10:58:14,42.19,37300,42.18,U
sh600584,长电科技,2025-09-30 10:58:17,42.17,28100,42.19,D
sh600584,长电科技,2025-09-30 10:58:20,42.17,15800,42.17,D
sh600584,长电科技,2025-09-30 10:58:23,42.14,32100,42.17,D
sh600584,长电科技,2025-09-30 10:58:26,42.17,23400,42.14,U
sh600584,长电科技,2025-09-30 10:58:32,42.14,14600,42.14,U
sh600584,长电科技,2025-09-30 10:58:35,42.13,6200,42.14,E
sh600584,长电科技,2025-09-30 10:58:38,42.15,5700,42.13,U
sh600584,长电科技,2025-09-30 10:58:50,42.14,49400,42.15,D
sh600584,长电科技,2025-09-30 10:58:53,42.13,12600,42.14,D
sh600584,长电科技,2025-09-30 10:58:56,42.14,6100,42.13,U
sh600584,长电科技,2025-09-30 10:58:59,42.11,35800,42.14,D
sh600584,长电科技,2025-09-30 10:59:02,42.09,47600,42.11,D
sh600584,长电科技,2025-09-30 10:59:08,42.06,43000,42.08,D
sh600584,长电科技,2025-09-30 10:59:17,42.06,7700,42.06,U
sh600584,长电科技,2025-09-30 10:59:20,42.06,13600,42.06,D
sh600584,长电科技,2025-09-30 10:59:23,42.06,13000,42.06,D
sh600584,长电科技,2025-09-30 10:59:26,42.07,6200,42.06,U
sh600584,长电科技,2025-09-30 10:59:29,42.06,6300,42.07,D
sh600584,长电科技,2025-09-30 10:59:35,42.07,5300,42.07,D
sh600584,长电科技,2025-09-30 10:59:38,42.07,13300,42.07,D
sh600584,长电科技,2025-09-30 10:59:41,42.07,30400,42.07,D
sh600584,长电科技,2025-09-30 10:59:44,42.06,4800,42.07,D
sh600584,长电科技,2025-09-30 10:59:56,42.07,5100,42.07,U
sh600584,长电科技,2025-09-30 10:59:59,42.06,7700,42.07,D
sh600584,长电科技,2025-09-30 11:00:02,42.06,5700,42.06,D
sh600584,长电科技,2025-09-30 11:00:05,42.07,6200,42.06,U
sh600584,长电科技,2025-09-30 11:00:08,42.09,12600,42.07,U
sh600584,长电科技,2025-09-30 11:00:11,42.06,7100,42.09,D
sh600584,长电科技,2025-09-30 11:00:17,42.07,7200,42.06,U
sh600584,长电科技,2025-09-30 11:00:20,42.07,9400,42.07,U
sh600584,长电科技,2025-09-30 11:00:23,42.05,9600,42.07,D
sh600584,长电科技,2025-09-30 11:00:26,42.04,10700,42.05,D
sh600584,长电科技,2025-09-30 11:00:29,42.02,20300,42.04,D
sh600584,长电科技,2025-09-30 11:00:32,42.01,43900,42.02,D
sh600584,长电科技,2025-09-30 11:00:35,42.01,17400,42.01,D
sh600584,长电科技,2025-09-30 11:00:38,42.0,6300,42.01,D
sh600584,长电科技,2025-09-30 11:00:41,42.0,13700,42.0,D
sh600584,长电科技,2025-09-30 11:00:44,42.0,9800,42.0,D
sh600584,长电科技,2025-09-30 11:00:53,42.02,5200,42.02,U
sh600584,长电科技,2025-09-30 11:00:56,42.02,5700,42.02,U
sh600584,长电科技,2025-09-30 11:00:59,42.02,6400,42.02,U
sh600584,长电科技,2025-09-30 11:01:02,42.01,15300,42.02,D
sh600584,长电科技,2025-09-30 11:01:11,42.01,6100,42.01,D
sh600584,长电科技,2025-09-30 11:01:14,42.01,10700,42.01,D
sh600584,长电科技,2025-09-30 11:01:17,42.02,7200,42.01,U
sh600584,长电科技,2025-09-30 11:01:26,42.03,8400,42.02,U
sh600584,长电科技,2025-09-30 11:01:29,42.03,9400,42.03,U
sh600584,长电科技,2025-09-30 11:01:32,42.03,5500,42.03,D
sh600584,长电科技,2025-09-30 11:01:44,42.05,7800,42.05,D
sh600584,长电科技,2025-09-30 11:01:47,42.05,6000,42.05,D
sh600584,长电科技,2025-09-30 11:01:50,42.05,12200,42.05,D
sh600584,长电科技,2025-09-30 11:01:53,42.05,14000,42.05,U
sh600584,长电科技,2025-09-30 11:01:56,42.05,7600,42.05,D
sh600584,长电科技,2025-09-30 11:02:08,42.04,10500,42.04,U
sh600584,长电科技,2025-09-30 11:02:11,42.03,22000,42.04,D
sh600584,长电科技,2025-09-30 11:02:14,42.03,6800,42.03,U
sh600584,长电科技,2025-09-30 11:02:20,42.03,6500,42.03,D
sh600584,长电科技,2025-09-30 11:02:23,42.04,4900,42.03,U
sh600584,长电科技,2025-09-30 11:02:26,42.04,10700,42.04,U
sh600584,长电科技,2025-09-30 11:02:29,42.04,6700,42.04,U
sh600584,长电科技,2025-09-30 11:02:47,42.05,6000,42.04,U
sh600584,长电科技,2025-09-30 11:02:50,42.0,191900,42.05,D
sh600584,长电科技,2025-09-30 11:02:53,42.01,52800,42.0,U
sh600584,长电科技,2025-09-30 11:02:59,42.01,7900,42.0,U
sh600584,长电科技,2025-09-30 11:03:02,42.01,5400,42.01,U
sh600584,长电科技,2025-09-30 11:03:08,42.0,11200,42.01,D
sh600584,长电科技,2025-09-30 11:03:14,42.0,43500,42.0,D
sh600584,长电科技,2025-09-30 11:03:17,42.0,15300,42.0,D
sh600584,长电科技,2025-09-30 11:03:20,42.01,25800,42.0,U
sh600584,长电科技,2025-09-30 11:03:26,42.01,28800,42.02,D
sh600584,长电科技,2025-09-30 11:03:29,42.01,35000,42.01,U
sh600584,长电科技,2025-09-30 11:03:32,42.02,8000,42.01,D
sh600584,长电科技,2025-09-30 11:03:38,42.03,34300,42.02,E
sh600584,长电科技,2025-09-30 11:03:41,42.05,6600,42.03,U
sh600584,长电科技,2025-09-30 11:03:47,42.03,35000,42.05,D
sh600584,长电科技,2025-09-30 11:03:59,42.01,5600,42.05,D
sh600584,长电科技,2025-09-30 11:04:11,42.03,14100,42.04,E
sh600584,长电科技,2025-09-30 11:04:14,42.09,33600,42.03,U
sh600584,长电科技,2025-09-30 11:04:23,42.09,10400,42.04,U
sh600584,长电科技,2025-09-30 11:04:26,42.11,6200,42.09,U
sh600584,长电科技,2025-09-30 11:04:32,42.11,5500,42.11,U
sh600584,长电科技,2025-09-30 11:04:38,42.11,9400,42.11,D
sh600584,长电科技,2025-09-30 11:04:44,42.12,28700,42.11,U
sh600584,长电科技,2025-09-30 11:04:47,42.11,20300,42.12,D
sh600584,长电科技,2025-09-30 11:04:50,42.09,94100,42.11,D
sh600584,长电科技,2025-09-30 11:04:53,42.11,9100,42.09,U
sh600584,长电科技,2025-09-30 11:04:59,42.12,5200,42.12,U
sh600584,长电科技,2025-09-30 11:05:20,42.17,26200,42.15,U
sh600584,长电科技,2025-09-30 11:05:26,42.18,7200,42.17,U
sh600584,长电科技,2025-09-30 11:05:29,42.19,14700,42.18,U
sh600584,长电科技,2025-09-30 11:05:32,42.2,94200,42.19,U
sh600584,长电科技,2025-09-30 11:05:35,42.2,5300,42.2,U
sh600584,长电科技,2025-09-30 11:05:38,42.23,28400,42.2,U
sh600584,长电科技,2025-09-30 11:05:41,42.27,19300,42.23,U
sh600584,长电科技,2025-09-30 11:05:44,42.31,115800,42.27,U
sh600584,长电科技,2025-09-30 11:05:47,42.31,34600,42.31,U
sh600584,长电科技,2025-09-30 11:05:50,42.35,92100,42.31,U
sh600584,长电科技,2025-09-30 11:05:53,42.37,16900,42.35,U
sh600584,长电科技,2025-09-30 11:05:56,42.38,128800,42.37,U
sh600584,长电科技,2025-09-30 11:05:59,42.43,118300,42.38,U
sh600584,长电科技,2025-09-30 11:06:02,42.42,50300,42.43,D
sh600584,长电科技,2025-09-30 11:06:05,42.41,48500,42.42,D
sh600584,长电科技,2025-09-30 11:06:08,42.38,15900,42.41,D
sh600584,长电科技,2025-09-30 11:06:11,42.37,31100,42.38,D
sh600584,长电科技,2025-09-30 11:06:14,42.34,10600,42.37,D
sh600584,长电科技,2025-09-30 11:06:17,42.34,64200,42.34,D
sh600584,长电科技,2025-09-30 11:06:20,42.37,36800,42.34,U
sh600584,长电科技,2025-09-30 11:06:23,42.36,8800,42.37,E
sh600584,长电科技,2025-09-30 11:06:26,42.34,11500,42.36,D
sh600584,长电科技,2025-09-30 11:06:29,42.33,5100,42.34,D
sh600584,长电科技,2025-09-30 11:06:32,42.34,13800,42.33,U
sh600584,长电科技,2025-09-30 11:06:35,42.33,5400,42.34,U
sh600584,长电科技,2025-09-30 11:06:38,42.31,31100,42.33,D
sh600584,长电科技,2025-09-30 11:06:41,42.3,12800,42.31,D
sh600584,长电科技,2025-09-30 11:06:44,42.3,23300,42.3,E
sh600584,长电科技,2025-09-30 11:06:47,42.3,7900,42.3,D
sh600584,长电科技,2025-09-30 11:06:50,42.3,14800,42.3,D
sh600584,长电科技,2025-09-30 11:06:53,42.34,53101,42.3,U
sh600584,长电科技,2025-09-30 11:06:56,42.37,17100,42.34,U
sh600584,长电科技,2025-09-30 11:06:59,42.38,50400,42.37,U
sh600584,长电科技,2025-09-30 11:07:02,42.41,90100,42.38,U
sh600584,长电科技,2025-09-30 11:07:05,42.48,202500,42.41,U
sh600584,长电科技,2025-09-30 11:07:08,42.48,29200,42.48,U
sh600584,长电科技,2025-09-30 11:07:11,42.48,14200,42.48,U
sh600584,长电科技,2025-09-30 11:07:14,42.47,83000,42.48,U
sh600584,长电科技,2025-09-30 11:07:17,42.4,83400,42.47,D
sh600584,长电科技,2025-09-30 11:07:20,42.41,13200,42.4,U
sh600584,长电科技,2025-09-30 11:07:23,42.42,25800,42.41,U
sh600584,长电科技,2025-09-30 11:07:26,42.45,56400,42.42,U
sh600584,长电科技,2025-09-30 11:07:29,42.43,10400,42.45,D
sh600584,长电科技,2025-09-30 11:07:35,42.45,15300,42.43,U
sh600584,长电科技,2025-09-30 11:07:38,42.41,26400,42.45,D
sh600584,长电科技,2025-09-30 11:07:41,42.43,16000,42.41,U
sh600584,长电科技,2025-09-30 11:07:44,42.43,10300,42.43,U
sh600584,长电科技,2025-09-30 11:07:47,42.42,20600,42.43,D
sh600584,长电科技,2025-09-30 11:07:50,42.42,35500,42.42,U
sh600584,长电科技,2025-09-30 11:07:53,42.45,50800,42.42,U
sh600584,长电科技,2025-09-30 11:07:56,42.46,43800,42.45,U
sh600584,长电科技,2025-09-30 11:07:59,42.45,59000,42.46,U
sh600584,长电科技,2025-09-30 11:08:02,42.45,51800,42.45,U
sh600584,长电科技,2025-09-30 11:08:05,42.45,59900,42.45,D
sh600584,长电科技,2025-09-30 11:08:08,42.47,100600,42.45,E
sh600584,长电科技,2025-09-30 11:08:11,42.45,17300,42.47,D
sh600584,长电科技,2025-09-30 11:08:14,42.46,16800,42.45,E
sh600584,长电科技,2025-09-30 11:08:17,42.45,30600,42.46,D
sh600584,长电科技,2025-09-30 11:08:20,42.48,756900,42.45,U
sh600584,长电科技,2025-09-30 11:08:23,42.48,160000,42.48,U
sh600584,长电科技,2025-09-30 11:08:26,42.51,244400,42.48,U
sh600584,长电科技,2025-09-30 11:08:29,42.53,34200,42.51,U
sh600584,长电科技,2025-09-30 11:08:32,42.55,64600,42.53,U
sh600584,长电科技,2025-09-30 11:08:35,42.55,119700,42.55,U
sh600584,长电科技,2025-09-30 11:08:38,42.54,31100,42.55,D
sh600584,长电科技,2025-09-30 11:08:41,42.55,53000,42.54,U
sh600584,长电科技,2025-09-30 11:08:44,42.55,52900,42.55,U
sh600584,长电科技,2025-09-30 11:08:47,42.55,44700,42.55,D
sh600584,长电科技,2025-09-30 11:08:50,42.55,73200,42.55,D
sh600584,长电科技,2025-09-30 11:08:53,42.54,92400,42.55,D
sh600584,长电科技,2025-09-30 11:08:56,42.53,35200,42.54,D
sh600584,长电科技,2025-09-30 11:08:59,42.51,114000,42.53,D
sh600584,长电科技,2025-09-30 11:09:02,42.49,61500,42.51,E
sh600584,长电科技,2025-09-30 11:09:05,42.49,6800,42.49,U
sh600584,长电科技,2025-09-30 11:09:08,42.49,22200,42.49,D
sh600584,长电科技,2025-09-30 11:09:11,42.49,21900,42.49,D
sh600584,长电科技,2025-09-30 11:09:14,42.49,10900,42.49,U
sh600584,长电科技,2025-09-30 11:09:17,42.49,23800,42.49,U
sh600584,长电科技,2025-09-30 11:09:20,42.47,15700,42.49,D
sh600584,长电科技,2025-09-30 11:09:23,42.46,6600,42.47,D
sh600584,长电科技,2025-09-30 11:09:26,42.46,18000,42.46,D
sh600584,长电科技,2025-09-30 11:09:29,42.45,16700,42.46,D
sh600584,长电科技,2025-09-30 11:09:35,42.43,17200,42.45,D
sh600584,长电科技,2025-09-30 11:09:38,42.45,8200,42.43,U
sh600584,长电科技,2025-09-30 11:09:41,42.44,29500,42.45,E
sh600584,长电科技,2025-09-30 11:09:44,42.43,29800,42.44,D
sh600584,长电科技,2025-09-30 11:09:47,42.44,24100,42.43,E
sh600584,长电科技,2025-09-30 11:09:50,42.56,404040,42.44,U
sh600584,长电科技,2025-09-30 11:09:53,42.57,100100,42.56,U
sh600584,长电科技,2025-09-30 11:09:56,42.57,90500,42.57,U
sh600584,长电科技,2025-09-30 11:09:59,42.57,88600,42.57,D
sh600584,长电科技,2025-09-30 11:10:02,42.59,54900,42.57,U
sh600584,长电科技,2025-09-30 11:10:05,42.59,78900,42.59,U
