symbol,name,ticktime,price,volume,prev_price,kind
sh600584,XD长电科,2025-09-26 09:25:01,42.4,1243872,0.0,U
sh600584,XD长电科,2025-09-26 09:30:02,42.49,201000,42.4,U
sh600584,XD长电科,2025-09-26 09:30:05,42.41,206300,42.49,D
sh600584,XD长电科,2025-09-26 09:30:08,42.38,213300,42.41,D
sh600584,XD长电科,2025-09-26 09:30:11,42.6,489900,42.38,U
sh600584,XD长电科,2025-09-26 09:30:14,42.5,213300,42.6,E
sh600584,XD长电科,2025-09-26 09:30:17,42.6,404100,42.5,E
sh600584,XD长电科,2025-09-26 09:30:20,42.35,307800,42.6,D
sh600584,XD长电科,2025-09-26 09:30:23,42.32,440300,42.35,E
sh600584,XD长电科,2025-09-26 09:30:26,42.38,178400,42.32,U
sh600584,XD长电科,2025-09-26 09:30:29,42.39,294400,42.38,U
sh600584,XD长电科,2025-09-26 09:30:32,42.38,198800,42.39,D
sh600584,XD长电科,2025-09-26 09:30:35,42.45,206900,42.38,U
sh600584,XD长电科,2025-09-26 09:30:38,42.5,117200,42.45,U
sh600584,XD长电科,2025-09-26 09:30:41,42.5,366800,42.5,U
sh600584,XD长电科,2025-09-26 09:30:44,42.54,118000,42.5,E
sh600584,XD长电科,2025-09-26 09:30:47,42.65,171200,42.54,U
sh600584,XD长电科,2025-09-26 09:30:50,42.67,140300,42.65,U
sh600584,XD长电科,2025-09-26 09:30:53,42.71,273300,42.67,U
sh600584,XD长电科,2025-09-26 09:30:56,42.8,153700,42.71,U
sh600584,XD长电科,2025-09-26 09:30:59,42.81,123800,42.8,U
sh600584,XD长电科,2025-09-26 09:31:02,42.87,91600,42.81,U
sh600584,XD长电科,2025-09-26 09:31:05,42.9,136600,42.87,U
sh600584,XD长电科,2025-09-26 09:31:08,42.99,184500,42.9,U
sh600584,XD长电科,2025-09-26 09:31:11,42.98,97700,42.99,E
sh600584,XD长电科,2025-09-26 09:31:14,42.99,273500,42.98,U
sh600584,XD长电科,2025-09-26 09:31:17,42.98,194400,42.99,D
sh600584,XD长电科,2025-09-26 09:31:20,42.96,254600,42.98,D
sh600584,XD长电科,2025-09-26 09:31:23,42.92,448900,42.96,D
sh600584,XD长电科,2025-09-26 09:31:26,42.97,168700,42.92,U
sh600584,XD长电科,2025-09-26 09:31:29,42.92,91100,42.97,D
sh600584,XD长电科,2025-09-26 09:31:32,42.94,212500,42.92,U
sh600584,XD长电科,2025-09-26 09:31:35,42.92,91600,42.94,D
sh600584,XD长电科,2025-09-26 09:31:38,42.94,193500,42.92,U
sh600584,XD长电科,2025-09-26 09:31:41,42.92,161700,42.94,D
sh600584,XD长电科,2025-09-26 09:31:44,42.92,139500,42.92,D
sh600584,XD长电科,2025-09-26 09:31:47,42.92,116800,42.92,U
sh600584,XD长电科,2025-09-26 09:31:50,42.92,155700,42.92,U
sh600584,XD长电科,2025-09-26 09:31:53,42.88,136900,42.92,U
sh600584,XD长电科,2025-09-26 09:31:56,42.83,102700,42.88,D
sh600584,XD长电科,2025-09-26 09:31:59,42.82,103600,42.83,E
sh600584,XD长电科,2025-09-26 09:32:02,42.81,92800,42.82,D
sh600584,XD长电科,2025-09-26 09:32:05,42.81,225500,42.81,U
sh600584,XD长电科,2025-09-26 09:32:08,42.66,113100,42.81,E
sh600584,XD长电科,2025-09-26 09:32:11,42.82,203300,42.66,U
sh600584,XD长电科,2025-09-26 09:32:14,42.84,172000,42.82,U
sh600584,XD长电科,2025-09-26 09:32:17,42.97,238800,42.84,U
sh600584,XD长电科,2025-09-26 09:32:20,43.02,200200,42.97,U
sh600584,XD长电科,2025-09-26 09:32:23,43.09,85800,43.02,U
sh600584,XD长电科,2025-09-26 09:32:26,43.14,70200,43.09,U
sh600584,XD长电科,2025-09-26 09:32:29,43.09,142300,43.14,D
sh600584,XD长电科,2025-09-26 09:32:32,43.08,239800,43.09,D
sh600584,XD长电科,2025-09-26 09:32:35,43.07,157000,43.08,U
sh600584,XD长电科,2025-09-26 09:32:38,43.0,132700,43.07,D
sh600584,XD长电科,2025-09-26 09:32:41,43.0,100300,43.0,U
sh600584,XD长电科,2025-09-26 09:32:44,42.9,108800,43.0,D
sh600584,XD长电科,2025-09-26 09:32:47,42.86,63500,42.9,E
sh600584,XD长电科,2025-09-26 09:32:50,42.9,53600,42.86,U
sh600584,XD长电科,2025-09-26 09:32:53,42.9,245900,42.9,D
sh600584,XD长电科,2025-09-26 09:32:56,42.89,104200,42.9,D
sh600584,XD长电科,2025-09-26 09:32:59,42.84,102400,42.89,D
sh600584,XD长电科,2025-09-26 09:33:02,42.83,123200,42.84,D
sh600584,XD长电科,2025-09-26 09:33:05,42.78,89500,42.83,D
sh600584,XD长电科,2025-09-26 09:33:08,42.73,87900,42.78,D
sh600584,XD长电科,2025-09-26 09:33:11,42.7,87600,42.73,D
sh600584,XD长电科,2025-09-26 09:33:14,42.67,66400,42.7,D
sh600584,XD长电科,2025-09-26 09:33:17,42.62,147600,42.67,D
sh600584,XD长电科,2025-09-26 09:33:20,42.57,71600,42.62,D
sh600584,XD长电科,2025-09-26 09:33:23,42.57,100600,42.57,U
sh600584,XD长电科,2025-09-26 09:33:26,42.51,180200,42.57,D
sh600584,XD长电科,2025-09-26 09:33:29,42.51,87400,42.51,U
sh600584,XD长电科,2025-09-26 09:33:32,42.49,171100,42.51,D
sh600584,XD长电科,2025-09-26 09:33:35,42.48,221900,42.49,D
sh600584,XD长电科,2025-09-26 09:33:38,42.48,227200,42.48,D
sh600584,XD长电科,2025-09-26 09:33:41,42.4,100000,42.48,D
sh600584,XD长电科,2025-09-26 09:33:44,42.4,65700,42.4,D
sh600584,XD长电科,2025-09-26 09:33:47,42.44,110000,42.4,E
sh600584,XD长电科,2025-09-26 09:33:50,42.47,125300,42.44,U
sh600584,XD长电科,2025-09-26 09:33:53,42.44,290100,42.47,D
sh600584,XD长电科,2025-09-26 09:33:56,42.41,156300,42.44,E
sh600584,XD长电科,2025-09-26 09:33:59,42.44,60500,42.41,U
sh600584,XD长电科,2025-09-26 09:34:02,42.44,107300,42.44,D
sh600584,XD长电科,2025-09-26 09:34:05,42.39,108700,42.44,D
sh600584,XD长电科,2025-09-26 09:34:08,42.39,99400,42.39,U
sh600584,XD长电科,2025-09-26 09:34:11,42.39,47700,42.39,D
sh600584,XD长电科,2025-09-26 09:34:14,42.38,78300,42.39,D
sh600584,XD长电科,2025-09-26 09:34:17,42.3,787500,42.38,D
sh600584,XD长电科,2025-09-26 09:34:20,42.3,80400,42.3,U
sh600584,XD长电科,2025-09-26 09:34:23,42.3,121400,42.3,D
sh600584,XD长电科,2025-09-26 09:34:26,42.38,89300,42.3,U
sh600584,XD长电科,2025-09-26 09:34:29,42.39,222520,42.38,U
sh600584,XD长电科,2025-09-26 09:34:32,42.36,184300,42.39,D
sh600584,XD长电科,2025-09-26 09:34:35,42.36,94204,42.36,U
sh600584,XD长电科,2025-09-26 09:34:38,42.4,98500,42.36,U
sh600584,XD长电科,2025-09-26 09:34:41,42.4,77195,42.4,D
sh600584,XD长电科,2025-09-26 09:34:44,42.51,67000,42.4,U
sh600584,XD长电科,2025-09-26 09:34:47,42.47,61500,42.51,D
sh600584,XD长电科,2025-09-26 09:34:50,42.52,48900,42.47,U
sh600584,XD长电科,2025-09-26 09:34:53,42.52,56900,42.52,D
sh600584,XD长电科,2025-09-26 09:34:56,42.49,36500,42.52,D
sh600584,XD长电科,2025-09-26 09:34:59,42.49,82000,42.49,D
sh600584,XD长电科,2025-09-26 09:35:02,42.49,113000,42.49,U
sh600584,XD长电科,2025-09-26 09:35:05,42.5,42200,42.49,U
sh600584,XD长电科,2025-09-26 09:35:08,42.52,41000,42.5,U
sh600584,XD长电科,2025-09-26 09:35:11,42.52,70900,42.52,D
sh600584,XD长电科,2025-09-26 09:35:14,42.5,114100,42.52,D
sh600584,XD长电科,2025-09-26 09:35:17,42.5,112800,42.5,D
sh600584,XD长电科,2025-09-26 09:35:20,42.45,134800,42.5,D
sh600584,XD长电科,2025-09-26 09:35:23,42.5,56900,42.45,U
sh600584,XD长电科,2025-09-26 09:35:26,42.44,35600,42.5,D
sh600584,XD长电科,2025-09-26 09:35:29,42.43,23900,42.44,E
sh600584,XD长电科,2025-09-26 09:35:32,42.43,44200,42.43,D
sh600584,XD长电科,2025-09-26 09:35:35,42.43,124600,42.43,U
sh600584,XD长电科,2025-09-26 09:35:38,42.41,73200,42.43,D
sh600584,XD长电科,2025-09-26 09:35:41,42.42,39200,42.41,U
sh600584,XD长电科,2025-09-26 09:35:44,42.4,39100,42.42,D
sh600584,XD长电科,2025-09-26 09:35:47,42.4,36300,42.4,U
sh600584,XD长电科,2025-09-26 09:35:50,42.38,53605,42.4,D
sh600584,XD长电科,2025-09-26 09:35:53,42.38,38700,42.38,U
sh600584,XD长电科,2025-09-26 09:35:56,42.38,97096,42.38,U
sh600584,XD长电科,2025-09-26 09:35:59,42.38,242299,42.38,U
sh600584,XD长电科,2025-09-26 09:36:02,42.49,119000,42.38,U
sh600584,XD长电科,2025-09-26 09:36:05,42.43,24900,42.49,D
sh600584,XD长电科,2025-09-26 09:36:08,42.48,65100,42.43,U
sh600584,XD长电科,2025-09-26 09:36:11,42.49,34500,42.48,U
sh600584,XD长电科,2025-09-26 09:36:14,42.54,147400,42.49,U
sh600584,XD长电科,2025-09-26 09:36:17,42.56,29600,42.54,U
sh600584,XD长电科,2025-09-26 09:36:20,42.57,169400,42.56,U
sh600584,XD长电科,2025-09-26 09:36:23,42.69,73200,42.57,U
sh600584,XD长电科,2025-09-26 09:36:26,42.64,30600,42.69,D
sh600584,XD长电科,2025-09-26 09:36:29,42.77,65200,42.64,U
sh600584,XD长电科,2025-09-26 09:36:32,42.76,56600,42.77,E
sh600584,XD长电科,2025-09-26 09:36:35,42.77,55800,42.76,U
sh600584,XD长电科,2025-09-26 09:36:38,42.8,66100,42.77,U
sh600584,XD长电科,2025-09-26 09:36:41,42.73,89600,42.8,D
sh600584,XD长电科,2025-09-26 09:36:44,42.73,101100,42.73,D
sh600584,XD长电科,2025-09-26 09:36:47,42.77,89700,42.73,U
sh600584,XD长电科,2025-09-26 09:36:50,42.73,42800,42.77,D
sh600584,XD长电科,2025-09-26 09:36:53,42.76,70300,42.73,U
sh600584,XD长电科,2025-09-26 09:36:56,42.78,390500,42.76,U
sh600584,XD长电科,2025-09-26 09:36:59,42.76,225600,42.78,D
sh600584,XD长电科,2025-09-26 09:37:02,42.67,174500,42.76,D
sh600584,XD长电科,2025-09-26 09:37:05,42.62,88100,42.67,D
sh600584,XD长电科,2025-09-26 09:37:08,42.59,53600,42.62,E
sh600584,XD长电科,2025-09-26 09:37:11,42.51,55300,42.59,D
sh600584,XD长电科,2025-09-26 09:37:14,42.5,44800,42.51,D
sh600584,XD长电科,2025-09-26 09:37:17,42.51,36200,42.5,U
sh600584,XD长电科,2025-09-26 09:37:20,42.52,45300,42.51,U
sh600584,XD长电科,2025-09-26 09:37:23,42.57,49300,42.52,U
sh600584,XD长电科,2025-09-26 09:37:26,42.52,40900,42.57,U
sh600584,XD长电科,2025-09-26 09:37:29,42.44,193900,42.52,D
sh600584,XD长电科,2025-09-26 09:37:32,42.41,87600,42.44,D
sh600584,XD长电科,2025-09-26 09:37:35,42.41,65600,42.41,D
sh600584,XD长电科,2025-09-26 09:37:38,42.41,44800,42.41,U
sh600584,XD长电科,2025-09-26 09:37:41,42.44,36500,42.41,U
sh600584,XD长电科,2025-09-26 09:37:44,42.44,78500,42.44,U
sh600584,XD长电科,2025-09-26 09:37:47,42.43,35100,42.44,D
sh600584,XD长电科,2025-09-26 09:37:50,42.43,25900,42.43,D
sh600584,XD长电科,2025-09-26 09:37:53,42.47,89600,42.43,U
sh600584,XD长电科,2025-09-26 09:37:56,42.47,50000,42.47,U
sh600584,XD长电科,2025-09-26 09:37:59,42.48,48500,42.47,E
sh600584,XD长电科,2025-09-26 09:38:02,42.48,58000,42.48,U
sh600584,XD长电科,2025-09-26 09:38:05,42.49,100700,42.48,U
sh600584,XD长电科,2025-09-26 09:38:08,42.58,149900,42.49,U
sh600584,XD长电科,2025-09-26 09:38:11,42.59,28300,42.58,U
sh600584,XD长电科,2025-09-26 09:38:14,42.61,45600,42.59,U
sh600584,XD长电科,2025-09-26 09:38:17,42.67,16600,42.61,U
sh600584,XD长电科,2025-09-26 09:38:20,42.61,53100,42.67,D
sh600584,XD长电科,2025-09-26 09:38:23,42.67,13600,42.61,E
sh600584,XD长电科,2025-09-26 09:38:26,42.71,22700,42.67,U
sh600584,XD长电科,2025-09-26 09:38:29,42.75,81000,42.71,U
sh600584,XD长电科,2025-09-26 09:38:32,42.76,37800,42.75,U
sh600584,XD长电科,2025-09-26 09:38:35,42.77,41400,42.76,U
sh600584,XD长电科,2025-09-26 09:38:38,42.77,61700,42.77,U
sh600584,XD长电科,2025-09-26 09:38:41,42.77,98800,42.77,U
sh600584,XD长电科,2025-09-26 09:38:44,42.76,98200,42.77,E
sh600584,XD长电科,2025-09-26 09:38:47,42.64,84600,42.76,D
sh600584,XD长电科,2025-09-26 09:38:50,42.67,41600,42.64,D
sh600584,XD长电科,2025-09-26 09:38:53,42.69,58000,42.67,D
sh600584,XD长电科,2025-09-26 09:38:56,42.69,42100,42.69,U
sh600584,XD长电科,2025-09-26 09:38:59,42.69,24800,42.69,U
sh600584,XD长电科,2025-09-26 09:39:02,42.57,142400,42.69,D
sh600584,XD长电科,2025-09-26 09:39:05,42.58,84700,42.57,U
sh600584,XD长电科,2025-09-26 09:39:08,42.59,36800,42.58,U
sh600584,XD长电科,2025-09-26 09:39:11,42.57,25300,42.59,D
sh600584,XD长电科,2025-09-26 09:39:14,42.57,34600,42.57,U
sh600584,XD长电科,2025-09-26 09:39:17,42.53,35600,42.57,D
sh600584,XD长电科,2025-09-26 09:39:20,42.5,48300,42.53,D
sh600584,XD长电科,2025-09-26 09:39:23,42.52,29200,42.5,U
sh600584,XD长电科,2025-09-26 09:39:26,42.49,33200,42.52,D
sh600584,XD长电科,2025-09-26 09:39:29,42.48,129600,42.49,D
sh600584,XD长电科,2025-09-26 09:39:32,42.5,53800,42.48,U
sh600584,XD长电科,2025-09-26 09:39:35,42.45,100400,42.5,D
sh600584,XD长电科,2025-09-26 09:39:38,42.4,133400,42.45,D
sh600584,XD长电科,2025-09-26 09:39:41,42.44,96300,42.4,U
sh600584,XD长电科,2025-09-26 09:39:44,42.42,25200,42.44,D
sh600584,XD长电科,2025-09-26 09:39:47,42.43,36600,42.42,U
sh600584,XD长电科,2025-09-26 09:39:50,42.42,80300,42.43,E
sh600584,XD长电科,2025-09-26 09:39:53,42.44,46500,42.42,U
sh600584,XD长电科,2025-09-26 09:39:56,42.44,42400,42.44,D
sh600584,XD长电科,2025-09-26 09:39:59,42.45,31100,42.44,E
sh600584,XD长电科,2025-09-26 09:40:02,42.45,37900,42.45,D
sh600584,XD长电科,2025-09-26 09:40:05,42.51,100500,42.45,U
sh600584,XD长电科,2025-09-26 09:40:08,42.53,25300,42.51,E
sh600584,XD长电科,2025-09-26 09:40:11,42.52,27300,42.53,D
sh600584,XD长电科,2025-09-26 09:40:14,42.54,27000,42.52,E
sh600584,XD长电科,2025-09-26 09:40:17,42.6,85300,42.54,U
sh600584,XD长电科,2025-09-26 09:40:20,42.69,103600,42.6,U
sh600584,XD长电科,2025-09-26 09:40:23,42.59,90800,42.69,D
sh600584,XD长电科,2025-09-26 09:40:26,42.59,12800,42.59,U
sh600584,XD长电科,2025-09-26 09:40:29,42.61,45300,42.59,U
sh600584,XD长电科,2025-09-26 09:40:32,42.6,40400,42.61,D
sh600584,XD长电科,2025-09-26 09:40:35,42.61,122600,42.6,E
sh600584,XD长电科,2025-09-26 09:40:38,42.6,110100,42.61,D
sh600584,XD长电科,2025-09-26 09:40:41,42.64,95400,42.6,U
sh600584,XD长电科,2025-09-26 09:40:44,42.61,45500,42.64,D
sh600584,XD长电科,2025-09-26 09:40:47,42.6,34100,42.61,D
sh600584,XD长电科,2025-09-26 09:40:50,42.6,45500,42.6,U
sh600584,XD长电科,2025-09-26 09:40:53,42.6,64400,42.6,U
sh600584,XD长电科,2025-09-26 09:40:56,42.53,70300,42.6,D
sh600584,XD长电科,2025-09-26 09:40:59,42.57,39700,42.53,U
sh600584,XD长电科,2025-09-26 09:41:02,42.55,41000,42.57,D
sh600584,XD长电科,2025-09-26 09:41:05,42.56,71000,42.55,U
sh600584,XD长电科,2025-09-26 09:41:08,42.59,109600,42.56,U
sh600584,XD长电科,2025-09-26 09:41:11,42.6,81900,42.59,U
sh600584,XD长电科,2025-09-26 09:41:14,42.59,46600,42.6,U
sh600584,XD长电科,2025-09-26 09:41:17,42.57,59300,42.59,D
sh600584,XD长电科,2025-09-26 09:41:20,42.57,28000,42.57,D
sh600584,XD长电科,2025-09-26 09:41:23,42.59,39400,42.57,U
sh600584,XD长电科,2025-09-26 09:41:26,42.56,81300,42.59,D
sh600584,XD长电科,2025-09-26 09:41:29,42.56,32700,42.56,U
sh600584,XD长电科,2025-09-26 09:41:32,42.56,37100,42.56,D
sh600584,XD长电科,2025-09-26 09:41:35,42.56,53300,42.56,D
sh600584,XD长电科,2025-09-26 09:41:38,42.62,131700,42.56,U
sh600584,XD长电科,2025-09-26 09:41:41,42.65,73600,42.62,U
sh600584,XD长电科,2025-09-26 09:41:44,42.65,10400,42.65,D
sh600584,XD长电科,2025-09-26 09:41:47,42.59,34500,42.65,D
sh600584,XD长电科,2025-09-26 09:41:50,42.59,23500,42.59,D
sh600584,XD长电科,2025-09-26 09:41:53,42.59,38000,42.59,D
sh600584,XD长电科,2025-09-26 09:41:56,42.53,132900,42.59,D
sh600584,XD长电科,2025-09-26 09:41:59,42.52,61000,42.53,D
sh600584,XD长电科,2025-09-26 09:42:02,42.5,108700,42.52,D
sh600584,XD长电科,2025-09-26 09:42:05,42.41,328600,42.5,D
sh600584,XD长电科,2025-09-26 09:42:08,42.4,131000,42.41,D
sh600584,XD长电科,2025-09-26 09:42:11,42.4,54900,42.4,U
sh600584,XD长电科,2025-09-26 09:42:14,42.39,102200,42.4,D
sh600584,XD长电科,2025-09-26 09:42:17,42.39,115553,42.39,U
sh600584,XD长电科,2025-09-26 09:42:20,42.39,65000,42.39,D
sh600584,XD长电科,2025-09-26 09:42:23,42.38,37800,42.39,D
sh600584,XD长电科,2025-09-26 09:42:26,42.39,29000,42.38,U
sh600584,XD长电科,2025-09-26 09:42:29,42.37,57647,42.39,D
sh600584,XD长电科,2025-09-26 09:42:32,42.33,179100,42.37,D
sh600584,XD长电科,2025-09-26 09:42:35,42.33,40500,42.33,D
sh600584,XD长电科,2025-09-26 09:42:38,42.33,70500,42.33,U
sh600584,XD长电科,2025-09-26 09:42:41,42.34,189900,42.33,E
sh600584,XD长电科,2025-09-26 09:42:44,42.34,221800,42.34,D
sh600584,XD长电科,2025-09-26 09:42:47,42.34,146100,42.34,D
sh600584,XD长电科,2025-09-26 09:42:50,42.33,79100,42.34,D
sh600584,XD长电科,2025-09-26 09:42:53,42.32,133700,42.33,D
sh600584,XD长电科,2025-09-26 09:42:56,42.31,81600,42.32,E
sh600584,XD长电科,2025-09-26 09:42:59,42.29,296100,42.31,D
sh600584,XD长电科,2025-09-26 09:43:02,42.24,145600,42.29,D
sh600584,XD长电科,2025-09-26 09:43:05,42.2,127400,42.24,D
sh600584,XD长电科,2025-09-26 09:43:08,42.21,158700,42.2,U
sh600584,XD长电科,2025-09-26 09:43:11,42.22,148900,42.21,U
sh600584,XD长电科,2025-09-26 09:43:14,42.22,248900,42.22,D
sh600584,XD长电科,2025-09-26 09:43:17,42.23,92600,42.22,E
sh600584,XD长电科,2025-09-26 09:43:20,42.36,208000,42.23,U
sh600584,XD长电科,2025-09-26 09:43:23,42.36,80600,42.36,D
sh600584,XD长电科,2025-09-26 09:43:26,42.43,34400,42.36,E
sh600584,XD长电科,2025-09-26 09:43:29,42.4,41500,42.43,D
sh600584,XD长电科,2025-09-26 09:43:32,42.4,29600,42.4,U
sh600584,XD长电科,2025-09-26 09:43:35,42.43,46400,42.4,U
sh600584,XD长电科,2025-09-26 09:43:38,42.43,37453,42.43,D
sh600584,XD长电科,2025-09-26 09:43:41,42.4,37200,42.43,D
sh600584,XD长电科,2025-09-26 09:43:44,42.41,39400,42.4,E
sh600584,XD长电科,2025-09-26 09:43:47,42.39,139900,42.41,D
sh600584,XD长电科,2025-09-26 09:43:50,42.37,113600,42.39,D
sh600584,XD长电科,2025-09-26 09:43:53,42.37,307800,42.37,U
sh600584,XD长电科,2025-09-26 09:43:56,42.39,56100,42.37,U
sh600584,XD长电科,2025-09-26 09:43:59,42.39,46300,42.39,D
sh600584,XD长电科,2025-09-26 09:44:02,42.39,30800,42.39,U
sh600584,XD长电科,2025-09-26 09:44:05,42.4,39200,42.39,U
sh600584,XD长电科,2025-09-26 09:44:08,42.41,27800,42.4,U
sh600584,XD长电科,2025-09-26 09:44:11,42.44,38000,42.41,U
sh600584,XD长电科,2025-09-26 09:44:14,42.45,19800,42.44,U
sh600584,XD长电科,2025-09-26 09:44:17,42.42,31000,42.45,D
sh600584,XD长电科,2025-09-26 09:44:20,42.41,26500,42.42,D
sh600584,XD长电科,2025-09-26 09:44:23,42.41,17100,42.41,D
sh600584,XD长电科,2025-09-26 09:44:26,42.41,36900,42.41,D
sh600584,XD长电科,2025-09-26 09:44:29,42.41,46500,42.41,D
sh600584,XD长电科,2025-09-26 09:44:32,42.44,25900,42.41,U
sh600584,XD长电科,2025-09-26 09:44:35,42.41,22700,42.44,D
sh600584,XD长电科,2025-09-26 09:44:38,42.42,29500,42.41,U
sh600584,XD长电科,2025-09-26 09:44:41,42.42,36800,42.42,D
sh600584,XD长电科,2025-09-26 09:44:44,42.44,31400,42.42,U
sh600584,XD长电科,2025-09-26 09:44:47,42.42,22800,42.44,E
sh600584,XD长电科,2025-09-26 09:44:50,42.41,60200,42.42,D
sh600584,XD长电科,2025-09-26 09:44:53,42.4,131800,42.41,D
sh600584,XD长电科,2025-09-26 09:44:56,42.41,84800,42.4,E
sh600584,XD长电科,2025-09-26 09:44:59,42.38,32500,42.41,D
sh600584,XD长电科,2025-09-26 09:45:02,42.39,84400,42.38,E
sh600584,XD长电科,2025-09-26 09:45:05,42.36,78200,42.39,D
sh600584,XD长电科,2025-09-26 09:45:08,42.38,31400,42.36,U
sh600584,XD长电科,2025-09-26 09:45:11,42.36,21900,42.38,D
sh600584,XD长电科,2025-09-26 09:45:14,42.35,9400,42.36,U
sh600584,XD长电科,2025-09-26 09:45:17,42.3,81500,42.35,D
sh600584,XD长电科,2025-09-26 09:45:20,42.3,125200,42.3,E
sh600584,XD长电科,2025-09-26 09:45:23,42.29,53000,42.3,E
sh600584,XD长电科,2025-09-26 09:45:26,42.28,25900,42.29,D
sh600584,XD长电科,2025-09-26 09:45:29,42.24,44700,42.28,D
sh600584,XD长电科,2025-09-26 09:45:32,42.24,41800,42.24,D
sh600584,XD长电科,2025-09-26 09:45:35,42.24,37400,42.24,D
sh600584,XD长电科,2025-09-26 09:45:38,42.24,81300,42.24,D
sh600584,XD长电科,2025-09-26 09:45:41,42.24,54100,42.24,D
sh600584,XD长电科,2025-09-26 09:45:44,42.27,186000,42.24,U
sh600584,XD长电科,2025-09-26 09:45:47,42.29,133100,42.27,U
sh600584,XD长电科,2025-09-26 09:45:50,42.26,62600,42.29,D
sh600584,XD长电科,2025-09-26 09:45:53,42.29,46500,42.26,E
sh600584,XD长电科,2025-09-26 09:45:56,42.35,144900,42.29,U
sh600584,XD长电科,2025-09-26 09:45:59,42.33,105000,42.35,E
sh600584,XD长电科,2025-09-26 09:46:02,42.32,55847,42.33,D
sh600584,XD长电科,2025-09-26 09:46:05,42.32,54800,42.32,D
sh600584,XD长电科,2025-09-26 09:46:08,42.3,34700,42.32,D
sh600584,XD长电科,2025-09-26 09:46:11,42.3,24000,42.3,D
sh600584,XD长电科,2025-09-26 09:46:14,42.3,49200,42.3,D
sh600584,XD长电科,2025-09-26 09:46:17,42.31,45500,42.3,U
sh600584,XD长电科,2025-09-26 09:46:20,42.31,57200,42.31,U
sh600584,XD长电科,2025-09-26 09:46:23,42.29,28400,42.31,D
sh600584,XD长电科,2025-09-26 09:46:26,42.3,43900,42.29,U
sh600584,XD长电科,2025-09-26 09:46:29,42.3,29400,42.3,D
sh600584,XD长电科,2025-09-26 09:46:32,42.3,87900,42.3,D
sh600584,XD长电科,2025-09-26 09:46:35,42.29,57400,42.3,D
sh600584,XD长电科,2025-09-26 09:46:38,42.29,61400,42.29,D
sh600584,XD长电科,2025-09-26 09:46:41,42.29,71900,42.29,U
sh600584,XD长电科,2025-09-26 09:46:44,42.29,48300,42.29,U
sh600584,XD长电科,2025-09-26 09:46:47,42.28,59300,42.29,E
sh600584,XD长电科,2025-09-26 09:46:50,42.28,48000,42.28,U
sh600584,XD长电科,2025-09-26 09:46:53,42.27,46400,42.28,D
sh600584,XD长电科,2025-09-26 09:46:56,42.26,220300,42.27,D
sh600584,XD长电科,2025-09-26 09:46:59,42.26,36700,42.26,D
sh600584,XD长电科,2025-09-26 09:47:02,42.26,48700,42.26,U
sh600584,XD长电科,2025-09-26 09:47:05,42.25,24500,42.26,D
sh600584,XD长电科,2025-09-26 09:47:08,42.23,27100,42.25,D
sh600584,XD长电科,2025-09-26 09:47:11,42.23,36100,42.23,D
sh600584,XD长电科,2025-09-26 09:47:14,42.27,111800,42.23,U
sh600584,XD长电科,2025-09-26 09:47:17,42.3,202800,42.27,U
sh600584,XD长电科,2025-09-26 09:47:20,42.29,44900,42.3,D
sh600584,XD长电科,2025-09-26 09:47:23,42.3,29400,42.29,E
sh600584,XD长电科,2025-09-26 09:47:26,42.29,63100,42.3,D
sh600584,XD长电科,2025-09-26 09:47:29,42.33,67500,42.29,U
sh600584,XD长电科,2025-09-26 09:47:32,42.29,43200,42.33,D
sh600584,XD长电科,2025-09-26 09:47:35,42.29,27900,42.29,U
sh600584,XD长电科,2025-09-26 09:47:38,42.3,53100,42.29,U
sh600584,XD长电科,2025-09-26 09:47:41,42.29,22400,42.3,D
sh600584,XD长电科,2025-09-26 09:47:44,42.32,32900,42.29,U
sh600584,XD长电科,2025-09-26 09:47:47,42.31,46700,42.32,E
sh600584,XD长电科,2025-09-26 09:47:50,42.3,30500,42.31,D
sh600584,XD长电科,2025-09-26 09:47:53,42.31,50400,42.3,U
sh600584,XD长电科,2025-09-26 09:47:56,42.32,30000,42.31,U
sh600584,XD长电科,2025-09-26 09:47:59,42.31,29700,42.32,D
sh600584,XD长电科,2025-09-26 09:48:02,42.31,35600,42.31,D
sh600584,XD长电科,2025-09-26 09:48:05,42.32,27700,42.31,U
sh600584,XD长电科,2025-09-26 09:48:08,42.31,36000,42.32,D
sh600584,XD长电科,2025-09-26 09:48:11,42.31,106100,42.31,D
sh600584,XD长电科,2025-09-26 09:48:14,42.31,56200,42.31,U
sh600584,XD长电科,2025-09-26 09:48:17,42.3,16200,42.31,D
sh600584,XD长电科,2025-09-26 09:48:20,42.3,33300,42.3,U
sh600584,XD长电科,2025-09-26 09:48:23,42.3,42700,42.3,U
sh600584,XD长电科,2025-09-26 09:48:26,42.3,32600,42.3,D
sh600584,XD长电科,2025-09-26 09:48:29,42.31,73300,42.3,U
sh600584,XD长电科,2025-09-26 09:48:32,42.3,46500,42.31,D
sh600584,XD长电科,2025-09-26 09:48:35,42.3,61600,42.3,D
sh600584,XD长电科,2025-09-26 09:48:38,42.29,20400,42.3,D
sh600584,XD长电科,2025-09-26 09:48:41,42.3,50900,42.29,U
sh600584,XD长电科,2025-09-26 09:48:44,42.29,113200,42.3,D
sh600584,XD长电科,2025-09-26 09:48:47,42.29,54600,42.29,U
sh600584,XD长电科,2025-09-26 09:48:50,42.28,29600,42.29,D
sh600584,XD长电科,2025-09-26 09:48:53,42.28,72900,42.28,D
sh600584,XD长电科,2025-09-26 09:48:56,42.28,35900,42.28,U
sh600584,XD长电科,2025-09-26 09:48:59,42.28,28500,42.28,U
sh600584,XD长电科,2025-09-26 09:49:02,42.28,49300,42.28,U
sh600584,XD长电科,2025-09-26 09:49:05,42.32,83600,42.28,U
sh600584,XD长电科,2025-09-26 09:49:08,42.34,106300,42.32,U
sh600584,XD长电科,2025-09-26 09:49:11,42.37,14300,42.34,U
sh600584,XD长电科,2025-09-26 09:49:14,42.37,31600,42.37,U
sh600584,XD长电科,2025-09-26 09:49:17,42.38,14200,42.37,U
sh600584,XD长电科,2025-09-26 09:49:20,42.39,21200,42.38,U
sh600584,XD长电科,2025-09-26 09:49:23,42.46,157400,42.39,U
sh600584,XD长电科,2025-09-26 09:49:26,42.48,23700,42.46,U
sh600584,XD长电科,2025-09-26 09:49:29,42.5,24100,42.48,U
sh600584,XD长电科,2025-09-26 09:49:32,42.49,17300,42.5,D
sh600584,XD长电科,2025-09-26 09:49:35,42.51,70900,42.49,U
sh600584,XD长电科,2025-09-26 09:49:38,42.5,11900,42.51,D
sh600584,XD长电科,2025-09-26 09:49:41,42.51,30400,42.5,U
sh600584,XD长电科,2025-09-26 09:49:44,42.51,14500,42.51,E
sh600584,XD长电科,2025-09-26 09:49:47,42.49,69300,42.51,D
sh600584,XD长电科,2025-09-26 09:49:50,42.51,23100,42.49,U
sh600584,XD长电科,2025-09-26 09:49:53,42.49,19600,42.51,D
sh600584,XD长电科,2025-09-26 09:49:56,42.48,14400,42.49,D
sh600584,XD长电科,2025-09-26 09:49:59,42.48,39900,42.48,U
sh600584,XD长电科,2025-09-26 09:50:02,42.44,39800,42.48,D
sh600584,XD长电科,2025-09-26 09:50:05,42.41,12400,42.44,D
sh600584,XD长电科,2025-09-26 09:50:08,42.41,12700,42.41,D
sh600584,XD长电科,2025-09-26 09:50:11,42.4,16200,42.41,D
sh600584,XD长电科,2025-09-26 09:50:14,42.39,99000,42.4,D
sh600584,XD长电科,2025-09-26 09:50:17,42.35,85200,42.39,E
sh600584,XD长电科,2025-09-26 09:50:20,42.35,12500,42.35,U
sh600584,XD长电科,2025-09-26 09:50:23,42.29,19500,42.35,D
sh600584,XD长电科,2025-09-26 09:50:26,42.3,26000,42.29,U
sh600584,XD长电科,2025-09-26 09:50:29,42.26,93600,42.3,D
sh600584,XD长电科,2025-09-26 09:50:32,42.22,98200,42.26,D
sh600584,XD长电科,2025-09-26 09:50:35,42.21,25900,42.22,D
sh600584,XD长电科,2025-09-26 09:50:38,42.22,54600,42.21,U
sh600584,XD长电科,2025-09-26 09:50:41,42.23,187100,42.22,U
sh600584,XD长电科,2025-09-26 09:50:44,42.2,193200,42.23,D
sh600584,XD长电科,2025-09-26 09:50:47,42.2,194700,42.2,D
sh600584,XD长电科,2025-09-26 09:50:50,42.2,56400,42.2,U
sh600584,XD长电科,2025-09-26 09:50:53,42.2,56100,42.2,U
sh600584,XD长电科,2025-09-26 09:50:56,42.18,67000,42.2,D
sh600584,XD长电科,2025-09-26 09:50:59,42.19,95800,42.18,U
sh600584,XD长电科,2025-09-26 09:51:02,42.15,44000,42.19,D
sh600584,XD长电科,2025-09-26 09:51:05,42.19,68500,42.15,U
sh600584,XD长电科,2025-09-26 09:51:08,42.18,91500,42.19,E
sh600584,XD长电科,2025-09-26 09:51:11,42.18,66500,42.18,U
sh600584,XD长电科,2025-09-26 09:51:14,42.19,35700,42.18,U
sh600584,XD长电科,2025-09-26 09:51:17,42.18,57100,42.19,D
sh600584,XD长电科,2025-09-26 09:51:20,42.18,29300,42.18,D
sh600584,XD长电科,2025-09-26 09:51:23,42.14,57300,42.18,D
sh600584,XD长电科,2025-09-26 09:51:26,42.13,50800,42.14,D
sh600584,XD长电科,2025-09-26 09:51:29,42.12,32300,42.13,D
sh600584,XD长电科,2025-09-26 09:51:32,42.11,88800,42.12,D
sh600584,XD长电科,2025-09-26 09:51:35,42.12,83900,42.11,U
sh600584,XD长电科,2025-09-26 09:51:38,42.1,144200,42.12,D
sh600584,XD长电科,2025-09-26 09:51:41,42.1,39600,42.1,D
sh600584,XD长电科,2025-09-26 09:51:44,42.11,303590,42.1,U
sh600584,XD长电科,2025-09-26 09:51:47,42.13,104600,42.11,D
sh600584,XD长电科,2025-09-26 09:51:50,42.13,50400,42.13,D
sh600584,XD长电科,2025-09-26 09:51:53,42.1,71400,42.13,D
sh600584,XD长电科,2025-09-26 09:51:56,42.11,113900,42.1,U
sh600584,XD长电科,2025-09-26 09:51:59,42.1,39300,42.11,D
sh600584,XD长电科,2025-09-26 09:52:02,42.09,62100,42.1,D
sh600584,XD长电科,2025-09-26 09:52:05,42.1,111900,42.09,U
sh600584,XD长电科,2025-09-26 09:52:08,42.1,130600,42.1,U
sh600584,XD长电科,2025-09-26 09:52:11,42.08,85700,42.1,D
sh600584,XD长电科,2025-09-26 09:52:14,42.16,141250,42.08,U
sh600584,XD长电科,2025-09-26 09:52:17,42.09,141150,42.16,D
sh600584,XD长电科,2025-09-26 09:52:20,42.1,415400,42.09,U
sh600584,XD长电科,2025-09-26 09:52:23,42.11,551750,42.1,U
sh600584,XD长电科,2025-09-26 09:52:26,42.12,121000,42.11,U
sh600584,XD长电科,2025-09-26 09:52:29,42.12,27800,42.12,D
sh600584,XD长电科,2025-09-26 09:52:32,42.15,33400,42.12,U
sh600584,XD长电科,2025-09-26 09:52:35,42.16,29600,42.15,U
sh600584,XD长电科,2025-09-26 09:52:38,42.16,58700,42.16,U
sh600584,XD长电科,2025-09-26 09:52:41,42.11,69700,42.16,D
sh600584,XD长电科,2025-09-26 09:52:44,42.11,37000,42.11,U
sh600584,XD长电科,2025-09-26 09:52:47,42.11,177500,42.11,U
sh600584,XD长电科,2025-09-26 09:52:50,42.11,40000,42.11,E
sh600584,XD长电科,2025-09-26 09:52:53,42.12,83400,42.11,E
sh600584,XD长电科,2025-09-26 09:52:56,42.12,39500,42.12,D
sh600584,XD长电科,2025-09-26 09:52:59,42.15,59900,42.12,U
sh600584,XD长电科,2025-09-26 09:53:02,42.12,64200,42.15,D
sh600584,XD长电科,2025-09-26 09:53:05,42.14,25000,42.12,D
sh600584,XD长电科,2025-09-26 09:53:08,42.14,46800,42.14,U
sh600584,XD长电科,2025-09-26 09:53:11,42.15,20300,42.14,U
sh600584,XD长电科,2025-09-26 09:53:14,42.13,8700,42.15,D
sh600584,XD长电科,2025-09-26 09:53:17,42.13,39600,42.13,D
sh600584,XD长电科,2025-09-26 09:53:20,42.1,95100,42.13,D
sh600584,XD长电科,2025-09-26 09:53:23,42.12,42100,42.1,U
sh600584,XD长电科,2025-09-26 09:53:26,42.11,38200,42.12,E
sh600584,XD长电科,2025-09-26 09:53:29,42.12,71800,42.11,U
sh600584,XD长电科,2025-09-26 09:53:32,42.1,36400,42.12,D
sh600584,XD长电科,2025-09-26 09:53:35,42.1,41100,42.1,D
sh600584,XD长电科,2025-09-26 09:53:38,42.1,61400,42.1,U
sh600584,XD长电科,2025-09-26 09:53:41,42.09,34400,42.1,D
sh600584,XD长电科,2025-09-26 09:53:44,42.09,102900,42.09,U
sh600584,XD长电科,2025-09-26 09:53:47,42.07,31200,42.09,D
sh600584,XD长电科,2025-09-26 09:53:50,42.07,49600,42.07,D
sh600584,XD长电科,2025-09-26 09:53:53,42.07,115800,42.07,D
sh600584,XD长电科,2025-09-26 09:53:56,42.06,53600,42.07,E
sh600584,XD长电科,2025-09-26 09:53:59,42.05,15900,42.06,D
sh600584,XD长电科,2025-09-26 09:54:02,42.01,577700,42.05,D
sh600584,XD长电科,2025-09-26 09:54:05,42.0,114800,42.01,D
sh600584,XD长电科,2025-09-26 09:54:08,42.01,129100,42.0,U
sh600584,XD长电科,2025-09-26 09:54:11,42.0,94800,42.01,D
sh600584,XD长电科,2025-09-26 09:54:14,41.98,34900,42.0,D
sh600584,XD长电科,2025-09-26 09:54:17,42.0,383600,41.98,U
sh600584,XD长电科,2025-09-26 09:54:20,42.0,135300,42.0,D
sh600584,XD长电科,2025-09-26 09:54:23,41.96,187200,42.0,D
sh600584,XD长电科,2025-09-26 09:54:26,41.96,19800,41.96,D
sh600584,XD长电科,2025-09-26 09:54:29,41.95,56900,41.96,D
sh600584,XD长电科,2025-09-26 09:54:32,41.95,63600,41.95,D
sh600584,XD长电科,2025-09-26 09:54:35,41.94,136200,41.95,D
sh600584,XD长电科,2025-09-26 09:54:38,41.93,60800,41.94,D
sh600584,XD长电科,2025-09-26 09:54:41,41.93,33900,41.93,D
sh600584,XD长电科,2025-09-26 09:54:44,41.92,39800,41.93,D
sh600584,XD长电科,2025-09-26 09:54:47,41.91,65000,41.92,D
sh600584,XD长电科,2025-09-26 09:54:50,41.9,86900,41.91,D
sh600584,XD长电科,2025-09-26 09:54:53,41.89,77600,41.9,D
sh600584,XD长电科,2025-09-26 09:54:56,41.86,354500,41.89,D
sh600584,XD长电科,2025-09-26 09:54:59,41.89,160500,41.86,U
sh600584,XD长电科,2025-09-26 09:55:02,41.9,183400,41.89,U
sh600584,XD长电科,2025-09-26 09:55:05,41.92,420570,41.9,U
sh600584,XD长电科,2025-09-26 09:55:08,41.92,94000,41.92,D
sh600584,XD长电科,2025-09-26 09:55:11,41.92,98300,41.92,D
sh600584,XD长电科,2025-09-26 09:55:14,41.98,179625,41.92,U
sh600584,XD长电科,2025-09-26 09:55:17,41.95,82000,41.98,D
sh600584,XD长电科,2025-09-26 09:55:20,41.95,26900,41.95,D
sh600584,XD长电科,2025-09-26 09:55:23,41.98,36100,41.95,U
sh600584,XD长电科,2025-09-26 09:55:26,41.97,144300,41.98,E
sh600584,XD长电科,2025-09-26 09:55:29,42.01,205000,41.97,U
sh600584,XD长电科,2025-09-26 09:55:32,41.99,60100,42.01,D
sh600584,XD长电科,2025-09-26 09:55:35,41.99,89200,41.99,D
sh600584,XD长电科,2025-09-26 09:55:38,41.99,12600,41.99,U
sh600584,XD长电科,2025-09-26 09:55:41,41.97,57800,41.99,D
sh600584,XD长电科,2025-09-26 09:55:44,41.97,25600,41.97,D
sh600584,XD长电科,2025-09-26 09:55:47,41.97,33000,41.97,D
sh600584,XD长电科,2025-09-26 09:55:50,41.98,47000,41.97,U
sh600584,XD长电科,2025-09-26 09:55:53,41.97,28900,41.98,D
sh600584,XD长电科,2025-09-26 09:55:56,41.98,50000,41.97,E
sh600584,XD长电科,2025-09-26 09:55:59,41.98,82500,41.98,D
sh600584,XD长电科,2025-09-26 09:56:02,41.98,42300,41.98,U
sh600584,XD长电科,2025-09-26 09:56:05,41.97,64500,41.98,D
sh600584,XD长电科,2025-09-26 09:56:08,41.97,25100,41.97,D
sh600584,XD长电科,2025-09-26 09:56:11,41.98,36400,41.97,U
sh600584,XD长电科,2025-09-26 09:56:14,41.97,35700,41.98,D
sh600584,XD长电科,2025-09-26 09:56:17,41.98,19000,41.97,D
sh600584,XD长电科,2025-09-26 09:56:20,41.98,28000,41.98,U
sh600584,XD长电科,2025-09-26 09:56:23,41.98,44800,41.98,U
sh600584,XD长电科,2025-09-26 09:56:26,41.99,19700,41.98,U
sh600584,XD长电科,2025-09-26 09:56:29,41.99,24900,41.99,U
sh600584,XD长电科,2025-09-26 09:56:32,41.99,21300,41.99,U
sh600584,XD长电科,2025-09-26 09:56:35,42.0,180400,41.99,U
sh600584,XD长电科,2025-09-26 09:56:38,42.0,240500,42.0,U
sh600584,XD长电科,2025-09-26 09:56:41,41.97,80200,42.0,D
sh600584,XD长电科,2025-09-26 09:56:44,42.02,60000,41.97,U
sh600584,XD长电科,2025-09-26 09:56:47,42.02,35100,42.02,D
sh600584,XD长电科,2025-09-26 09:56:50,42.02,44500,42.02,U
sh600584,XD长电科,2025-09-26 09:56:53,42.02,30600,42.02,D
sh600584,XD长电科,2025-09-26 09:56:56,42.06,55500,42.02,U
sh600584,XD长电科,2025-09-26 09:56:59,42.05,9700,42.06,D
sh600584,XD长电科,2025-09-26 09:57:02,42.05,60200,42.05,D
sh600584,XD长电科,2025-09-26 09:57:05,42.03,25800,42.05,E
sh600584,XD长电科,2025-09-26 09:57:08,42.03,30000,42.03,U
sh600584,XD长电科,2025-09-26 09:57:11,42.02,47800,42.03,D
sh600584,XD长电科,2025-09-26 09:57:14,42.02,48900,42.02,U
sh600584,XD长电科,2025-09-26 09:57:17,42.02,48000,42.02,U
sh600584,XD长电科,2025-09-26 09:57:20,42.02,30900,42.02,D
sh600584,XD长电科,2025-09-26 09:57:23,42.02,15000,42.02,U
sh600584,XD长电科,2025-09-26 09:57:26,42.02,26100,42.02,U
sh600584,XD长电科,2025-09-26 09:57:29,42.01,19200,42.02,D
sh600584,XD长电科,2025-09-26 09:57:32,42.01,18600,42.01,U
sh600584,XD长电科,2025-09-26 09:57:35,42.0,21100,42.01,D
sh600584,XD长电科,2025-09-26 09:57:38,42.0,17100,42.0,U
sh600584,XD长电科,2025-09-26 09:57:41,41.99,40200,42.0,D
sh600584,XD长电科,2025-09-26 09:57:44,42.03,146300,41.99,U
sh600584,XD长电科,2025-09-26 09:57:47,42.03,69100,42.03,D
sh600584,XD长电科,2025-09-26 09:57:50,42.03,31700,42.03,D
sh600584,XD长电科,2025-09-26 09:57:53,42.0,15800,42.03,D
sh600584,XD长电科,2025-09-26 09:57:56,42.01,12800,42.0,U
sh600584,XD长电科,2025-09-26 09:57:59,42.01,15300,42.01,U
sh600584,XD长电科,2025-09-26 09:58:02,42.0,45000,42.01,D
sh600584,XD长电科,2025-09-26 09:58:05,42.0,27000,42.0,D
sh600584,XD长电科,2025-09-26 09:58:08,42.0,16300,42.0,U
sh600584,XD长电科,2025-09-26 09:58:11,41.99,16800,42.0,D
sh600584,XD长电科,2025-09-26 09:58:14,41.99,20300,41.99,U
sh600584,XD长电科,2025-09-26 09:58:17,41.99,79000,41.99,U
sh600584,XD长电科,2025-09-26 09:58:20,42.0,144100,41.99,U
sh600584,XD长电科,2025-09-26 09:58:23,42.0,67200,42.0,D
sh600584,XD长电科,2025-09-26 09:58:26,42.03,66100,42.0,U
sh600584,XD长电科,2025-09-26 09:58:29,41.99,41200,42.03,D
sh600584,XD长电科,2025-09-26 09:58:32,42.0,69100,41.99,U
sh600584,XD长电科,2025-09-26 09:58:35,41.98,31400,42.0,D
sh600584,XD长电科,2025-09-26 09:58:38,41.99,39500,41.98,U
sh600584,XD长电科,2025-09-26 09:58:41,41.99,37500,41.99,D
sh600584,XD长电科,2025-09-26 09:58:44,41.99,18500,41.99,U
sh600584,XD长电科,2025-09-26 09:58:47,41.97,50200,41.99,D
sh600584,XD长电科,2025-09-26 09:58:50,41.98,74800,41.97,E
sh600584,XD长电科,2025-09-26 09:58:53,41.98,31900,41.98,D
sh600584,XD长电科,2025-09-26 09:58:56,42.0,27900,41.98,U
sh600584,XD长电科,2025-09-26 09:58:59,42.02,116700,42.0,U
sh600584,XD长电科,2025-09-26 09:59:02,42.06,187000,42.02,U
sh600584,XD长电科,2025-09-26 09:59:05,42.09,91700,42.06,U
sh600584,XD长电科,2025-09-26 09:59:08,42.1,50300,42.09,U
sh600584,XD长电科,2025-09-26 09:59:11,42.1,36800,42.1,U
sh600584,XD长电科,2025-09-26 09:59:14,42.1,26200,42.1,D
sh600584,XD长电科,2025-09-26 09:59:17,42.12,21300,42.1,U
sh600584,XD长电科,2025-09-26 09:59:20,42.13,13900,42.12,U
sh600584,XD长电科,2025-09-26 09:59:23,42.15,12600,42.13,U
sh600584,XD长电科,2025-09-26 09:59:26,42.15,38400,42.15,U
sh600584,XD长电科,2025-09-26 09:59:29,42.15,19800,42.15,U
sh600584,XD长电科,2025-09-26 09:59:32,42.16,16900,42.15,U
sh600584,XD长电科,2025-09-26 09:59:35,42.18,50500,42.16,U
sh600584,XD长电科,2025-09-26 09:59:38,42.19,26700,42.18,U
sh600584,XD长电科,2025-09-26 09:59:41,42.18,103700,42.19,D
sh600584,XD长电科,2025-09-26 09:59:44,42.17,51300,42.18,D
sh600584,XD长电科,2025-09-26 09:59:47,42.17,43500,42.17,U
sh600584,XD长电科,2025-09-26 09:59:50,42.17,28500,42.17,U
sh600584,XD长电科,2025-09-26 09:59:53,42.16,28800,42.17,D
sh600584,XD长电科,2025-09-26 09:59:56,42.13,24500,42.16,D
sh600584,XD长电科,2025-09-26 09:59:59,42.14,15300,42.13,U
sh600584,XD长电科,2025-09-26 10:00:02,42.14,65800,42.14,U
sh600584,XD长电科,2025-09-26 10:00:05,42.14,30600,42.14,D
sh600584,XD长电科,2025-09-26 10:00:08,42.16,22700,42.14,U
sh600584,XD长电科,2025-09-26 10:00:11,42.15,31200,42.16,D
sh600584,XD长电科,2025-09-26 10:00:14,42.15,23500,42.15,U
sh600584,XD长电科,2025-09-26 10:00:17,42.15,26800,42.15,U
sh600584,XD长电科,2025-09-26 10:00:20,42.16,82600,42.15,U
sh600584,XD长电科,2025-09-26 10:00:23,42.15,38300,42.16,D
sh600584,XD长电科,2025-09-26 10:00:26,42.14,30600,42.15,E
sh600584,XD长电科,2025-09-26 10:00:29,42.1,21200,42.14,D
sh600584,XD长电科,2025-09-26 10:00:32,42.15,91100,42.1,U
sh600584,XD长电科,2025-09-26 10:00:35,42.16,32400,42.15,E
sh600584,XD长电科,2025-09-26 10:00:38,42.14,19600,42.16,D
sh600584,XD长电科,2025-09-26 10:00:41,42.15,12000,42.14,U
sh600584,XD长电科,2025-09-26 10:00:44,42.15,11600,42.15,U
sh600584,XD长电科,2025-09-26 10:00:47,42.14,11000,42.15,D
sh600584,XD长电科,2025-09-26 10:00:50,42.11,18700,42.14,D
sh600584,XD长电科,2025-09-26 10:00:53,42.12,7400,42.11,E
sh600584,XD长电科,2025-09-26 10:00:56,42.11,18700,42.12,D
sh600584,XD长电科,2025-09-26 10:00:59,42.12,14000,42.11,E
sh600584,XD长电科,2025-09-26 10:01:02,42.12,19700,42.12,E
sh600584,XD长电科,2025-09-26 10:01:05,42.13,29800,42.12,U
sh600584,XD长电科,2025-09-26 10:01:08,42.14,29400,42.13,U
sh600584,XD长电科,2025-09-26 10:01:11,42.15,30800,42.14,U
sh600584,XD长电科,2025-09-26 10:01:14,42.19,52700,42.15,U
sh600584,XD长电科,2025-09-26 10:01:17,42.23,155600,42.19,U
sh600584,XD长电科,2025-09-26 10:01:20,42.27,66300,42.23,U
sh600584,XD长电科,2025-09-26 10:01:23,42.28,36100,42.27,U
sh600584,XD长电科,2025-09-26 10:01:26,42.31,49800,42.28,U
sh600584,XD长电科,2025-09-26 10:01:29,42.34,27400,42.31,U
sh600584,XD长电科,2025-09-26 10:01:32,42.35,32000,42.34,U
sh600584,XD长电科,2025-09-26 10:01:35,42.36,22200,42.35,U
sh600584,XD长电科,2025-09-26 10:01:38,42.36,34900,42.36,D
sh600584,XD长电科,2025-09-26 10:01:41,42.32,63600,42.36,D
sh600584,XD长电科,2025-09-26 10:01:44,42.29,75100,42.32,D
sh600584,XD长电科,2025-09-26 10:01:47,42.3,32600,42.29,U
sh600584,XD长电科,2025-09-26 10:01:50,42.3,21900,42.3,U
sh600584,XD长电科,2025-09-26 10:01:53,42.32,13500,42.3,U
sh600584,XD长电科,2025-09-26 10:01:56,42.32,26300,42.32,U
sh600584,XD长电科,2025-09-26 10:01:59,42.32,18900,42.32,U
sh600584,XD长电科,2025-09-26 10:02:02,42.33,21800,42.32,E
sh600584,XD长电科,2025-09-26 10:02:05,42.3,26200,42.33,D
sh600584,XD长电科,2025-09-26 10:02:08,42.3,15600,42.3,D
sh600584,XD长电科,2025-09-26 10:02:11,42.31,40500,42.3,E
sh600584,XD长电科,2025-09-26 10:02:14,42.23,60800,42.31,D
sh600584,XD长电科,2025-09-26 10:02:17,42.23,39600,42.23,D
sh600584,XD长电科,2025-09-26 10:02:20,42.31,88000,42.23,U
sh600584,XD长电科,2025-09-26 10:02:23,42.31,27800,42.31,U
sh600584,XD长电科,2025-09-26 10:02:26,42.31,14700,42.31,D
sh600584,XD长电科,2025-09-26 10:02:29,42.3,28800,42.31,D
sh600584,XD长电科,2025-09-26 10:02:32,42.3,21700,42.3,U
sh600584,XD长电科,2025-09-26 10:02:35,42.31,35200,42.3,U
sh600584,XD长电科,2025-09-26 10:02:38,42.31,45300,42.31,D
sh600584,XD长电科,2025-09-26 10:02:41,42.26,66800,42.31,D
sh600584,XD长电科,2025-09-26 10:02:44,42.3,34900,42.26,U
sh600584,XD长电科,2025-09-26 10:02:47,42.25,22600,42.3,D
sh600584,XD长电科,2025-09-26 10:02:50,42.24,9600,42.25,D
sh600584,XD长电科,2025-09-26 10:02:53,42.24,14600,42.24,U
sh600584,XD长电科,2025-09-26 10:02:56,42.26,33200,42.24,U
sh600584,XD长电科,2025-09-26 10:02:59,42.25,22000,42.26,D
sh600584,XD长电科,2025-09-26 10:03:02,42.28,13900,42.25,U
sh600584,XD长电科,2025-09-26 10:03:05,42.28,54000,42.28,E
sh600584,XD长电科,2025-09-26 10:03:08,42.28,68800,42.28,D
sh600584,XD长电科,2025-09-26 10:03:11,42.31,40100,42.28,U
sh600584,XD长电科,2025-09-26 10:03:14,42.31,55000,42.31,D
sh600584,XD长电科,2025-09-26 10:03:17,42.31,29700,42.31,D
sh600584,XD长电科,2025-09-26 10:03:20,42.29,49700,42.31,D
sh600584,XD长电科,2025-09-26 10:03:23,42.28,31900,42.29,D
sh600584,XD长电科,2025-09-26 10:03:26,42.27,22600,42.28,D
sh600584,XD长电科,2025-09-26 10:03:29,42.27,62900,42.27,U
sh600584,XD长电科,2025-09-26 10:03:32,42.24,40300,42.27,D
sh600584,XD长电科,2025-09-26 10:03:35,42.23,71800,42.24,D
sh600584,XD长电科,2025-09-26 10:03:38,42.24,22100,42.23,U
sh600584,XD长电科,2025-09-26 10:03:41,42.23,11300,42.24,D
sh600584,XD长电科,2025-09-26 10:03:44,42.21,17100,42.23,E
sh600584,XD长电科,2025-09-26 10:03:47,42.25,32800,42.21,U
sh600584,XD长电科,2025-09-26 10:03:50,42.25,36600,42.25,D
sh600584,XD长电科,2025-09-26 10:03:53,42.25,21800,42.25,D
sh600584,XD长电科,2025-09-26 10:03:56,42.3,76000,42.25,U
sh600584,XD长电科,2025-09-26 10:03:59,42.28,37900,42.3,E
sh600584,XD长电科,2025-09-26 10:04:02,42.31,32800,42.28,U
sh600584,XD长电科,2025-09-26 10:04:05,42.32,41401,42.31,E
sh600584,XD长电科,2025-09-26 10:04:08,42.41,189500,42.32,U
sh600584,XD长电科,2025-09-26 10:04:11,42.42,55300,42.41,U
sh600584,XD长电科,2025-09-26 10:04:14,42.47,46200,42.42,U
sh600584,XD长电科,2025-09-26 10:04:17,42.48,36300,42.47,U
sh600584,XD长电科,2025-09-26 10:04:20,42.5,39700,42.48,U
sh600584,XD长电科,2025-09-26 10:04:23,42.49,74300,42.5,D
sh600584,XD长电科,2025-09-26 10:04:26,42.5,35300,42.49,U
sh600584,XD长电科,2025-09-26 10:04:29,42.49,31000,42.5,D
sh600584,XD长电科,2025-09-26 10:04:32,42.48,67800,42.49,E
sh600584,XD长电科,2025-09-26 10:04:35,42.49,35200,42.48,U
sh600584,XD长电科,2025-09-26 10:04:38,42.42,17000,42.49,D
sh600584,XD长电科,2025-09-26 10:04:41,42.54,106200,42.42,U
sh600584,XD长电科,2025-09-26 10:04:44,42.55,88700,42.54,U
sh600584,XD长电科,2025-09-26 10:04:47,42.52,67200,42.55,D
sh600584,XD长电科,2025-09-26 10:04:50,42.51,55700,42.52,D
sh600584,XD长电科,2025-09-26 10:04:53,42.45,40000,42.51,D
sh600584,XD长电科,2025-09-26 10:04:56,42.46,15800,42.45,U
sh600584,XD长电科,2025-09-26 10:04:59,42.45,42400,42.46,D
sh600584,XD长电科,2025-09-26 10:05:02,42.4,93200,42.45,D
sh600584,XD长电科,2025-09-26 10:05:05,42.39,40100,42.4,D
sh600584,XD长电科,2025-09-26 10:05:08,42.32,41800,42.39,D
sh600584,XD长电科,2025-09-26 10:05:11,42.33,25100,42.32,U
sh600584,XD长电科,2025-09-26 10:05:14,42.27,69800,42.33,D
sh600584,XD长电科,2025-09-26 10:05:17,42.3,23400,42.27,U
sh600584,XD长电科,2025-09-26 10:05:20,42.29,44800,42.3,D
sh600584,XD长电科,2025-09-26 10:05:23,42.25,63300,42.29,D
sh600584,XD长电科,2025-09-26 10:05:26,42.27,11300,42.25,U
sh600584,XD长电科,2025-09-26 10:05:29,42.25,44900,42.27,D
sh600584,XD长电科,2025-09-26 10:05:32,42.25,34900,42.25,D
sh600584,XD长电科,2025-09-26 10:05:35,42.23,39900,42.25,D
sh600584,XD长电科,2025-09-26 10:05:38,42.18,76600,42.23,D
sh600584,XD长电科,2025-09-26 10:05:41,42.2,88700,42.18,U
sh600584,XD长电科,2025-09-26 10:05:44,42.15,84100,42.2,D
sh600584,XD长电科,2025-09-26 10:05:47,42.2,32700,42.15,U
sh600584,XD长电科,2025-09-26 10:05:50,42.15,13700,42.2,D
sh600584,XD长电科,2025-09-26 10:05:53,42.15,16800,42.15,D
sh600584,XD长电科,2025-09-26 10:05:56,42.15,18400,42.15,D
sh600584,XD长电科,2025-09-26 10:05:59,42.15,22400,42.15,U
sh600584,XD长电科,2025-09-26 10:06:02,42.16,29700,42.15,U
sh600584,XD长电科,2025-09-26 10:06:05,42.2,25900,42.16,U
sh600584,XD长电科,2025-09-26 10:06:08,42.2,59800,42.2,U
sh600584,XD长电科,2025-09-26 10:06:11,42.22,17200,42.2,U
sh600584,XD长电科,2025-09-26 10:06:14,42.2,38900,42.22,D
sh600584,XD长电科,2025-09-26 10:06:17,42.22,10000,42.2,E
sh600584,XD长电科,2025-09-26 10:06:20,42.26,21200,42.22,U
sh600584,XD长电科,2025-09-26 10:06:23,42.3,19900,42.26,U
sh600584,XD长电科,2025-09-26 10:06:26,42.32,20600,42.3,U
sh600584,XD长电科,2025-09-26 10:06:29,42.32,10900,42.32,U
sh600584,XD长电科,2025-09-26 10:06:32,42.34,22500,42.32,E
sh600584,XD长电科,2025-09-26 10:06:35,42.35,11300,42.34,U
sh600584,XD长电科,2025-09-26 10:06:38,42.35,23200,42.35,D
sh600584,XD长电科,2025-09-26 10:06:41,42.36,18100,42.35,E
sh600584,XD长电科,2025-09-26 10:06:44,42.37,19600,42.36,U
sh600584,XD长电科,2025-09-26 10:06:47,42.36,60300,42.37,D
sh600584,XD长电科,2025-09-26 10:06:50,42.38,69300,42.36,U
sh600584,XD长电科,2025-09-26 10:06:53,42.37,17400,42.38,D
sh600584,XD长电科,2025-09-26 10:06:56,42.38,16000,42.37,U
sh600584,XD长电科,2025-09-26 10:06:59,42.39,17400,42.38,U
sh600584,XD长电科,2025-09-26 10:07:02,42.41,37500,42.39,U
sh600584,XD长电科,2025-09-26 10:07:05,42.41,102100,42.41,D
sh600584,XD长电科,2025-09-26 10:07:08,42.4,19600,42.41,D
sh600584,XD长电科,2025-09-26 10:07:11,42.39,58200,42.4,D
sh600584,XD长电科,2025-09-26 10:07:14,42.38,30300,42.39,D
sh600584,XD长电科,2025-09-26 10:07:17,42.38,12100,42.38,U
sh600584,XD长电科,2025-09-26 10:07:20,42.31,7000,42.38,D
sh600584,XD长电科,2025-09-26 10:07:23,42.32,9000,42.31,E
sh600584,XD长电科,2025-09-26 10:07:26,42.31,15300,42.32,D
sh600584,XD长电科,2025-09-26 10:07:29,42.32,12700,42.31,U
sh600584,XD长电科,2025-09-26 10:07:32,42.31,11700,42.32,D
sh600584,XD长电科,2025-09-26 10:07:35,42.31,8072,42.31,D
sh600584,XD长电科,2025-09-26 10:07:38,42.3,35728,42.31,D
sh600584,XD长电科,2025-09-26 10:07:41,42.31,16900,42.3,U
sh600584,XD长电科,2025-09-26 10:07:44,42.31,29600,42.31,D
sh600584,XD长电科,2025-09-26 10:07:47,42.32,7300,42.31,E
sh600584,XD长电科,2025-09-26 10:07:50,42.3,23500,42.32,D
sh600584,XD长电科,2025-09-26 10:07:53,42.31,11900,42.3,D
sh600584,XD长电科,2025-09-26 10:07:56,42.32,41000,42.31,U
sh600584,XD长电科,2025-09-26 10:07:59,42.34,19200,42.32,U
sh600584,XD长电科,2025-09-26 10:08:02,42.33,27100,42.34,D
sh600584,XD长电科,2025-09-26 10:08:05,42.32,33800,42.33,D
sh600584,XD长电科,2025-09-26 10:08:08,42.33,60900,42.32,U
sh600584,XD长电科,2025-09-26 10:08:11,42.33,37700,42.33,D
sh600584,XD长电科,2025-09-26 10:08:14,42.33,47000,42.33,D
sh600584,XD长电科,2025-09-26 10:08:17,42.34,9400,42.33,U
sh600584,XD长电科,2025-09-26 10:08:20,42.35,10200,42.34,U
sh600584,XD长电科,2025-09-26 10:08:23,42.36,25100,42.35,U
sh600584,XD长电科,2025-09-26 10:08:26,42.34,14100,42.36,D
sh600584,XD长电科,2025-09-26 10:08:29,42.36,10000,42.34,D
sh600584,XD长电科,2025-09-26 10:08:32,42.35,6700,42.36,D
sh600584,XD长电科,2025-09-26 10:08:35,42.35,8900,42.35,U
sh600584,XD长电科,2025-09-26 10:08:38,42.36,36100,42.35,U
sh600584,XD长电科,2025-09-26 10:08:41,42.35,42900,42.36,D
sh600584,XD长电科,2025-09-26 10:08:44,42.36,21900,42.35,U
sh600584,XD长电科,2025-09-26 10:08:47,42.36,7700,42.36,D
sh600584,XD长电科,2025-09-26 10:08:50,42.36,6100,42.36,D
sh600584,XD长电科,2025-09-26 10:08:53,42.37,20200,42.36,U
sh600584,XD长电科,2025-09-26 10:08:56,42.4,40400,42.37,U
sh600584,XD长电科,2025-09-26 10:08:59,42.4,18900,42.4,U
sh600584,XD长电科,2025-09-26 10:09:02,42.42,50200,42.4,U
sh600584,XD长电科,2025-09-26 10:09:05,42.43,16700,42.42,U
sh600584,XD长电科,2025-09-26 10:09:08,42.41,26300,42.43,D
sh600584,XD长电科,2025-09-26 10:09:11,42.38,59100,42.41,D
sh600584,XD长电科,2025-09-26 10:09:14,42.37,17800,42.38,D
sh600584,XD长电科,2025-09-26 10:09:17,42.41,24500,42.37,U
sh600584,XD长电科,2025-09-26 10:09:20,42.42,35400,42.41,U
sh600584,XD长电科,2025-09-26 10:09:23,42.41,26700,42.42,D
sh600584,XD长电科,2025-09-26 10:09:26,42.42,13000,42.41,E
sh600584,XD长电科,2025-09-26 10:09:29,42.43,40600,42.42,U
sh600584,XD长电科,2025-09-26 10:09:32,42.43,16101,42.43,D
sh600584,XD长电科,2025-09-26 10:09:35,42.45,16000,42.43,U
sh600584,XD长电科,2025-09-26 10:09:38,42.45,25400,42.45,U
sh600584,XD长电科,2025-09-26 10:09:41,42.46,6000,42.45,U
sh600584,XD长电科,2025-09-26 10:09:44,42.47,25400,42.46,U
sh600584,XD长电科,2025-09-26 10:09:47,42.46,22400,42.47,D
sh600584,XD长电科,2025-09-26 10:09:50,42.46,24600,42.46,D
sh600584,XD长电科,2025-09-26 10:09:53,42.46,29700,42.46,D
sh600584,XD长电科,2025-09-26 10:09:56,42.47,51200,42.46,U
sh600584,XD长电科,2025-09-26 10:09:59,42.47,21200,42.47,D
sh600584,XD长电科,2025-09-26 10:10:02,42.45,110800,42.47,D
sh600584,XD长电科,2025-09-26 10:10:05,42.43,41099,42.45,D
sh600584,XD长电科,2025-09-26 10:10:08,42.42,121900,42.43,D
sh600584,XD长电科,2025-09-26 10:10:11,42.42,9200,42.42,U
sh600584,XD长电科,2025-09-26 10:10:14,42.38,28500,42.42,D
sh600584,XD长电科,2025-09-26 10:10:17,42.37,29800,42.38,D
sh600584,XD长电科,2025-09-26 10:10:23,42.34,31900,42.34,D
sh600584,XD长电科,2025-09-26 10:10:26,42.36,10600,42.34,U
sh600584,XD长电科,2025-09-26 10:10:29,42.36,15800,42.36,U
sh600584,XD长电科,2025-09-26 10:10:32,42.35,25200,42.36,D
sh600584,XD长电科,2025-09-26 10:10:35,42.35,34400,42.35,U
sh600584,XD长电科,2025-09-26 10:10:38,42.35,29501,42.35,U
sh600584,XD长电科,2025-09-26 10:10:41,42.34,18300,42.35,D
sh600584,XD长电科,2025-09-26 10:10:44,42.34,6099,42.34,D
sh600584,XD长电科,2025-09-26 10:10:47,42.33,20300,42.34,D
sh600584,XD长电科,2025-09-26 10:10:50,42.33,14000,42.33,D
sh600584,XD长电科,2025-09-26 10:10:53,42.32,28700,42.33,D
sh600584,XD长电科,2025-09-26 10:10:56,42.29,37600,42.32,D
sh600584,XD长电科,2025-09-26 10:10:59,42.3,5200,42.29,U
sh600584,XD长电科,2025-09-26 10:11:05,42.29,16400,42.28,U
sh600584,XD长电科,2025-09-26 10:11:08,42.3,26100,42.29,U
sh600584,XD长电科,2025-09-26 10:11:11,42.3,12300,42.3,D
sh600584,XD长电科,2025-09-26 10:11:14,42.31,15300,42.3,U
sh600584,XD长电科,2025-09-26 10:11:17,42.32,24500,42.31,U
sh600584,XD长电科,2025-09-26 10:11:20,42.32,14500,42.32,D
sh600584,XD长电科,2025-09-26 10:11:23,42.33,13200,42.32,U
sh600584,XD长电科,2025-09-26 10:11:26,42.33,17400,42.33,U
sh600584,XD长电科,2025-09-26 10:11:29,42.35,40700,42.33,U
sh600584,XD长电科,2025-09-26 10:11:32,42.38,25400,42.35,U
sh600584,XD长电科,2025-09-26 10:11:35,42.38,5700,42.38,D
sh600584,XD长电科,2025-09-26 10:11:38,42.39,11600,42.38,D
sh600584,XD长电科,2025-09-26 10:11:41,42.39,8700,42.39,D
sh600584,XD长电科,2025-09-26 10:11:44,42.36,46900,42.39,D
sh600584,XD长电科,2025-09-26 10:11:47,42.35,50000,42.36,D
sh600584,XD长电科,2025-09-26 10:11:50,42.35,7500,42.35,D
sh600584,XD长电科,2025-09-26 10:11:53,42.34,8100,42.35,D
sh600584,XD长电科,2025-09-26 10:11:56,42.33,58400,42.34,D
sh600584,XD长电科,2025-09-26 10:11:59,42.33,46400,42.33,D
sh600584,XD长电科,2025-09-26 10:12:05,42.34,11400,42.33,U
sh600584,XD长电科,2025-09-26 10:12:08,42.33,21500,42.34,E
sh600584,XD长电科,2025-09-26 10:12:11,42.32,18300,42.33,D
sh600584,XD长电科,2025-09-26 10:12:14,42.34,14900,42.32,U
sh600584,XD长电科,2025-09-26 10:12:17,42.34,16900,42.34,D
sh600584,XD长电科,2025-09-26 10:12:20,42.33,9100,42.34,D
sh600584,XD长电科,2025-09-26 10:12:23,42.33,73600,42.33,D
sh600584,XD长电科,2025-09-26 10:12:29,42.32,15200,42.33,D
sh600584,XD长电科,2025-09-26 10:12:35,42.23,649100,42.32,D
sh600584,XD长电科,2025-09-26 10:12:38,42.24,76300,42.23,E
sh600584,XD长电科,2025-09-26 10:12:41,42.24,7900,42.24,E
sh600584,XD长电科,2025-09-26 10:12:44,42.24,23600,42.24,D
sh600584,XD长电科,2025-09-26 10:12:47,42.25,14300,42.24,U
sh600584,XD长电科,2025-09-26 10:12:50,42.24,12900,42.25,D
sh600584,XD长电科,2025-09-26 10:12:53,42.24,9500,42.24,D
sh600584,XD长电科,2025-09-26 10:12:56,42.25,29900,42.24,U
sh600584,XD长电科,2025-09-26 10:12:59,42.28,20100,42.25,U
sh600584,XD长电科,2025-09-26 10:13:02,42.29,8800,42.28,U
sh600584,XD长电科,2025-09-26 10:13:08,42.27,23900,42.28,D
sh600584,XD长电科,2025-09-26 10:13:11,42.28,509800,42.27,U
sh600584,XD长电科,2025-09-26 10:13:14,42.28,46200,42.28,U
sh600584,XD长电科,2025-09-26 10:13:17,42.25,40800,42.28,D
sh600584,XD长电科,2025-09-26 10:13:20,42.25,15000,42.25,U
sh600584,XD长电科,2025-09-26 10:13:23,42.23,6900,42.25,E
sh600584,XD长电科,2025-09-26 10:13:26,42.21,5200,42.23,D
sh600584,XD长电科,2025-09-26 10:13:29,42.21,517100,42.21,D
sh600584,XD长电科,2025-09-26 10:13:32,42.21,39200,42.21,U
sh600584,XD长电科,2025-09-26 10:13:35,42.12,140400,42.21,D
sh600584,XD长电科,2025-09-26 10:13:38,42.12,78400,42.12,U
sh600584,XD长电科,2025-09-26 10:13:41,42.13,19400,42.12,U
sh600584,XD长电科,2025-09-26 10:13:44,42.14,7700,42.13,E
sh600584,XD长电科,2025-09-26 10:13:47,42.14,778100,42.14,D
sh600584,XD长电科,2025-09-26 10:13:50,42.13,73100,42.14,E
sh600584,XD长电科,2025-09-26 10:13:53,42.11,7500,42.13,E
sh600584,XD长电科,2025-09-26 10:13:56,42.1,71700,42.11,E
sh600584,XD长电科,2025-09-26 10:13:59,42.05,16500,42.1,D
sh600584,XD长电科,2025-09-26 10:14:02,42.11,25900,42.05,U
sh600584,XD长电科,2025-09-26 10:14:05,42.11,26500,42.11,U
sh600584,XD长电科,2025-09-26 10:14:08,42.11,56900,42.11,U
sh600584,XD长电科,2025-09-26 10:14:11,42.11,24000,42.11,D
sh600584,XD长电科,2025-09-26 10:14:14,42.14,37400,42.11,E
sh600584,XD长电科,2025-09-26 10:14:17,42.15,11300,42.14,E
sh600584,XD长电科,2025-09-26 10:14:20,42.21,8900,42.15,U
sh600584,XD长电科,2025-09-26 10:14:23,42.2,5600,42.21,D
sh600584,XD长电科,2025-09-26 10:14:26,42.23,8900,42.2,E
sh600584,XD长电科,2025-09-26 10:14:29,42.22,6300,42.23,D
sh600584,XD长电科,2025-09-26 10:14:32,42.28,16600,42.22,U
sh600584,XD长电科,2025-09-26 10:14:35,42.3,130300,42.28,U
sh600584,XD长电科,2025-09-26 10:14:38,42.31,6600,42.3,U
sh600584,XD长电科,2025-09-26 10:14:41,42.31,18200,42.31,U
sh600584,XD长电科,2025-09-26 10:14:44,42.31,8600,42.31,D
sh600584,XD长电科,2025-09-26 10:14:50,42.28,6100,42.28,D
sh600584,XD长电科,2025-09-26 10:14:53,42.28,21500,42.28,D
sh600584,XD长电科,2025-09-26 10:14:56,42.26,9300,42.28,D
sh600584,XD长电科,2025-09-26 10:14:59,42.26,30800,42.26,D
sh600584,XD长电科,2025-09-26 10:15:02,42.26,10000,42.26,D
sh600584,XD长电科,2025-09-26 10:15:05,42.21,11800,42.26,D
sh600584,XD长电科,2025-09-26 10:15:08,42.24,15700,42.21,D
sh600584,XD长电科,2025-09-26 10:15:11,42.25,10000,42.24,E
sh600584,XD长电科,2025-09-26 10:15:14,42.23,13800,42.25,D
sh600584,XD长电科,2025-09-26 10:15:17,42.22,16500,42.23,D
sh600584,XD长电科,2025-09-26 10:15:20,42.23,28400,42.22,U
sh600584,XD长电科,2025-09-26 10:15:23,42.26,73100,42.23,U
sh600584,XD长电科,2025-09-26 10:15:26,42.28,108100,42.26,U
sh600584,XD长电科,2025-09-26 10:15:29,42.25,6800,42.28,D
sh600584,XD长电科,2025-09-26 10:15:32,42.28,22600,42.25,U
sh600584,XD长电科,2025-09-26 10:15:35,42.29,15500,42.28,U
sh600584,XD长电科,2025-09-26 10:15:38,42.3,19600,42.29,U
sh600584,XD长电科,2025-09-26 10:15:41,42.33,25100,42.3,U
sh600584,XD长电科,2025-09-26 10:15:44,42.33,13800,42.33,D
sh600584,XD长电科,2025-09-26 10:15:47,42.33,8300,42.33,D
sh600584,XD长电科,2025-09-26 10:15:50,42.3,54800,42.33,D
sh600584,XD长电科,2025-09-26 10:15:53,42.33,21000,42.3,U
sh600584,XD长电科,2025-09-26 10:15:56,42.29,7500,42.33,E
sh600584,XD长电科,2025-09-26 10:15:59,42.28,19300,42.29,D
sh600584,XD长电科,2025-09-26 10:16:02,42.3,117600,42.28,U
sh600584,XD长电科,2025-09-26 10:16:05,42.29,21900,42.3,U
sh600584,XD长电科,2025-09-26 10:16:14,42.27,21900,42.27,D
sh600584,XD长电科,2025-09-26 10:16:17,42.27,31000,42.27,D
sh600584,XD长电科,2025-09-26 10:16:20,42.26,25400,42.27,D
sh600584,XD长电科,2025-09-26 10:16:23,42.26,11700,42.26,D
sh600584,XD长电科,2025-09-26 10:16:26,42.25,13200,42.26,D
sh600584,XD长电科,2025-09-26 10:16:29,42.25,7200,42.25,D
sh600584,XD长电科,2025-09-26 10:16:35,42.24,6500,42.25,E
sh600584,XD长电科,2025-09-26 10:16:41,42.23,6400,42.22,U
sh600584,XD长电科,2025-09-26 10:16:44,42.22,21000,42.23,D
sh600584,XD长电科,2025-09-26 10:16:47,42.23,27200,42.22,U
sh600584,XD长电科,2025-09-26 10:16:50,42.24,17100,42.23,E
sh600584,XD长电科,2025-09-26 10:16:53,42.23,12300,42.24,D
sh600584,XD长电科,2025-09-26 10:16:56,42.23,20400,42.23,D
sh600584,XD长电科,2025-09-26 10:16:59,42.23,20700,42.23,D
sh600584,XD长电科,2025-09-26 10:17:05,42.2,25700,42.22,D
sh600584,XD长电科,2025-09-26 10:17:08,42.2,26100,42.2,D
sh600584,XD长电科,2025-09-26 10:17:11,42.18,4900,42.2,D
sh600584,XD长电科,2025-09-26 10:17:14,42.18,7000,42.18,U
sh600584,XD长电科,2025-09-26 10:17:17,42.17,8700,42.18,D
sh600584,XD长电科,2025-09-26 10:17:26,42.16,37100,42.15,U
sh600584,XD长电科,2025-09-26 10:17:29,42.15,20700,42.16,D
sh600584,XD长电科,2025-09-26 10:17:32,42.15,9800,42.15,D
sh600584,XD长电科,2025-09-26 10:17:35,42.15,27200,42.15,D
sh600584,XD长电科,2025-09-26 10:17:38,42.14,5000,42.15,D
sh600584,XD长电科,2025-09-26 10:17:41,42.13,23800,42.14,D
sh600584,XD长电科,2025-09-26 10:17:44,42.12,8600,42.13,D
sh600584,XD长电科,2025-09-26 10:17:47,42.11,20700,42.12,D
sh600584,XD长电科,2025-09-26 10:17:50,42.1,11000,42.11,D
sh600584,XD长电科,2025-09-26 10:17:53,42.1,26200,42.1,D
sh600584,XD长电科,2025-09-26 10:17:56,42.09,9000,42.1,D
sh600584,XD长电科,2025-09-26 10:17:59,42.09,47400,42.09,D
sh600584,XD长电科,2025-09-26 10:18:02,42.08,95400,42.09,D
sh600584,XD长电科,2025-09-26 10:18:05,42.06,8800,42.08,D
sh600584,XD长电科,2025-09-26 10:18:08,42.02,38900,42.06,D
sh600584,XD长电科,2025-09-26 10:18:11,42.02,26100,42.02,U
sh600584,XD长电科,2025-09-26 10:18:14,41.97,223001,42.02,D
sh600584,XD长电科,2025-09-26 10:18:17,41.97,21700,41.97,D
sh600584,XD长电科,2025-09-26 10:18:20,41.97,52500,41.97,D
sh600584,XD长电科,2025-09-26 10:18:23,42.01,50500,41.97,U
sh600584,XD长电科,2025-09-26 10:18:26,42.0,65700,42.01,D
sh600584,XD长电科,2025-09-26 10:18:29,42.06,35700,42.0,U
sh600584,XD长电科,2025-09-26 10:18:32,41.98,47500,42.06,D
sh600584,XD长电科,2025-09-26 10:18:35,41.97,152500,41.98,D
sh600584,XD长电科,2025-09-26 10:18:38,41.97,56700,41.97,D
sh600584,XD长电科,2025-09-26 10:18:41,41.97,13300,41.97,D
sh600584,XD长电科,2025-09-26 10:18:44,41.96,30100,41.97,D
sh600584,XD长电科,2025-09-26 10:18:47,41.97,50900,41.96,U
sh600584,XD长电科,2025-09-26 10:18:50,41.96,37199,41.97,E
sh600584,XD长电科,2025-09-26 10:18:53,41.97,50000,41.96,U
sh600584,XD长电科,2025-09-26 10:18:56,41.96,22800,41.97,D
sh600584,XD长电科,2025-09-26 10:18:59,41.98,47794,41.96,U
sh600584,XD长电科,2025-09-26 10:19:02,42.01,193000,41.98,U
sh600584,XD长电科,2025-09-26 10:19:05,42.02,33400,42.01,U
sh600584,XD长电科,2025-09-26 10:19:08,42.04,12000,42.02,U
sh600584,XD长电科,2025-09-26 10:19:11,42.04,32200,42.04,U
sh600584,XD长电科,2025-09-26 10:19:14,42.04,25100,42.04,D
sh600584,XD长电科,2025-09-26 10:19:17,42.02,54000,42.04,D
sh600584,XD长电科,2025-09-26 10:19:20,42.04,11800,42.02,U
sh600584,XD长电科,2025-09-26 10:19:23,42.03,7500,42.04,D
sh600584,XD长电科,2025-09-26 10:19:26,42.01,32600,42.03,D
sh600584,XD长电科,2025-09-26 10:19:29,42.01,26200,42.01,U
sh600584,XD长电科,2025-09-26 10:19:32,42.01,12100,42.01,U
sh600584,XD长电科,2025-09-26 10:19:35,42.0,11300,42.01,E
sh600584,XD长电科,2025-09-26 10:19:38,41.99,10800,42.0,D
sh600584,XD长电科,2025-09-26 10:19:41,41.99,10800,41.99,U
sh600584,XD长电科,2025-09-26 10:19:44,41.98,41600,41.99,D
sh600584,XD长电科,2025-09-26 10:19:47,41.98,13800,41.98,D
sh600584,XD长电科,2025-09-26 10:19:50,41.97,22900,41.98,D
sh600584,XD长电科,2025-09-26 10:19:53,41.98,18200,41.97,U
sh600584,XD长电科,2025-09-26 10:19:56,41.97,32800,41.98,U
sh600584,XD长电科,2025-09-26 10:19:59,41.98,76600,41.97,U
sh600584,XD长电科,2025-09-26 10:20:02,41.96,33000,41.98,D
sh600584,XD长电科,2025-09-26 10:20:05,42.0,88500,41.96,U
sh600584,XD长电科,2025-09-26 10:20:08,41.99,12400,42.0,E
sh600584,XD长电科,2025-09-26 10:20:11,41.98,14500,41.99,U
sh600584,XD长电科,2025-09-26 10:20:14,41.98,11200,41.98,D
sh600584,XD长电科,2025-09-26 10:20:17,42.03,122100,41.98,U
sh600584,XD长电科,2025-09-26 10:20:20,42.06,26600,42.03,U
sh600584,XD长电科,2025-09-26 10:20:23,42.05,17400,42.06,D
sh600584,XD长电科,2025-09-26 10:20:26,42.05,9900,42.05,D
sh600584,XD长电科,2025-09-26 10:20:29,42.03,27100,42.05,D
sh600584,XD长电科,2025-09-26 10:20:32,42.05,22300,42.03,U
sh600584,XD长电科,2025-09-26 10:20:35,42.03,22500,42.05,D
sh600584,XD长电科,2025-09-26 10:20:38,42.04,11400,42.03,U
sh600584,XD长电科,2025-09-26 10:20:41,42.02,11200,42.04,D
sh600584,XD长电科,2025-09-26 10:20:44,42.04,17700,42.02,U
sh600584,XD长电科,2025-09-26 10:20:47,42.02,39400,42.04,D
sh600584,XD长电科,2025-09-26 10:20:50,42.02,17500,42.02,U
sh600584,XD长电科,2025-09-26 10:20:53,42.02,14200,42.02,D
sh600584,XD长电科,2025-09-26 10:20:56,42.02,9100,42.02,D
sh600584,XD长电科,2025-09-26 10:20:59,42.02,25400,42.02,D
sh600584,XD长电科,2025-09-26 10:21:02,42.02,29900,42.02,D
sh600584,XD长电科,2025-09-26 10:21:05,42.02,28900,42.02,U
sh600584,XD长电科,2025-09-26 10:21:08,42.02,13100,42.02,U
sh600584,XD长电科,2025-09-26 10:21:11,42.02,7600,42.02,E
sh600584,XD长电科,2025-09-26 10:21:14,42.03,12500,42.02,U
sh600584,XD长电科,2025-09-26 10:21:20,42.03,161700,42.03,U
sh600584,XD长电科,2025-09-26 10:21:23,42.02,20300,42.03,D
sh600584,XD长电科,2025-09-26 10:21:26,42.01,5400,42.02,D
sh600584,XD长电科,2025-09-26 10:21:29,42.02,29400,42.01,E
sh600584,XD长电科,2025-09-26 10:21:35,42.02,9900,42.03,D
sh600584,XD长电科,2025-09-26 10:21:38,42.02,9300,42.02,U
sh600584,XD长电科,2025-09-26 10:21:41,42.01,5900,42.02,D
sh600584,XD长电科,2025-09-26 10:21:47,42.0,38400,42.0,D
sh600584,XD长电科,2025-09-26 10:21:50,41.98,7300,42.0,D
sh600584,XD长电科,2025-09-26 10:21:53,41.98,13900,41.98,D
sh600584,XD长电科,2025-09-26 10:21:56,41.98,13900,41.98,D
sh600584,XD长电科,2025-09-26 10:21:59,41.97,8300,41.98,D
sh600584,XD长电科,2025-09-26 10:22:02,41.99,67300,41.97,U
sh600584,XD长电科,2025-09-26 10:22:05,42.0,65600,41.99,U
sh600584,XD长电科,2025-09-26 10:22:08,42.0,15200,42.0,D
sh600584,XD长电科,2025-09-26 10:22:11,42.0,15200,42.0,D
sh600584,XD长电科,2025-09-26 10:22:14,42.01,10600,42.0,E
sh600584,XD长电科,2025-09-26 10:22:17,42.0,28588,42.01,D
sh600584,XD长电科,2025-09-26 10:22:20,41.99,7500,42.0,D
sh600584,XD长电科,2025-09-26 10:22:23,41.99,9400,41.99,D
sh600584,XD长电科,2025-09-26 10:22:26,41.99,44000,41.99,D
sh600584,XD长电科,2025-09-26 10:22:29,41.99,6300,41.99,D
sh600584,XD长电科,2025-09-26 10:22:32,41.98,8300,41.99,D
sh600584,XD长电科,2025-09-26 10:22:35,41.98,26500,41.98,D
sh600584,XD长电科,2025-09-26 10:22:38,41.98,7400,41.98,U
sh600584,XD长电科,2025-09-26 10:22:41,41.97,17900,41.98,D
sh600584,XD长电科,2025-09-26 10:22:44,41.98,29900,41.97,U
sh600584,XD长电科,2025-09-26 10:22:47,41.98,46500,41.98,D
sh600584,XD长电科,2025-09-26 10:22:50,41.99,16100,41.98,E
sh600584,XD长电科,2025-09-26 10:22:53,41.98,46112,41.99,D
sh600584,XD长电科,2025-09-26 10:22:56,41.98,13400,41.98,U
sh600584,XD长电科,2025-09-26 10:22:59,41.98,16700,41.98,D
sh600584,XD长电科,2025-09-26 10:23:02,41.98,34900,41.98,U
sh600584,XD长电科,2025-09-26 10:23:05,41.97,10400,41.98,E
sh600584,XD长电科,2025-09-26 10:23:08,41.97,11900,41.97,U
sh600584,XD长电科,2025-09-26 10:23:11,41.97,10500,41.97,D
sh600584,XD长电科,2025-09-26 10:23:14,41.97,9700,41.97,D
sh600584,XD长电科,2025-09-26 10:23:17,41.96,127700,41.97,D
sh600584,XD长电科,2025-09-26 10:23:20,41.96,16300,41.96,U
sh600584,XD长电科,2025-09-26 10:23:23,41.95,10406,41.96,D
sh600584,XD长电科,2025-09-26 10:23:26,41.95,6900,41.95,U
sh600584,XD长电科,2025-09-26 10:23:29,41.93,19100,41.95,D
sh600584,XD长电科,2025-09-26 10:23:32,41.92,32700,41.93,D
sh600584,XD长电科,2025-09-26 10:23:35,41.93,20600,41.92,U
sh600584,XD长电科,2025-09-26 10:23:38,41.93,26700,41.93,U
sh600584,XD长电科,2025-09-26 10:23:41,41.92,32600,41.93,D
sh600584,XD长电科,2025-09-26 10:23:44,41.91,6800,41.92,D
sh600584,XD长电科,2025-09-26 10:23:47,41.91,120500,41.91,D
sh600584,XD长电科,2025-09-26 10:23:50,41.9,31300,41.91,D
sh600584,XD长电科,2025-09-26 10:23:53,41.9,66000,41.9,D
sh600584,XD长电科,2025-09-26 10:23:56,41.9,117700,41.9,D
sh600584,XD长电科,2025-09-26 10:23:59,41.89,25900,41.9,D
sh600584,XD长电科,2025-09-26 10:24:02,41.89,56700,41.89,D
sh600584,XD长电科,2025-09-26 10:24:05,41.89,40900,41.89,D
sh600584,XD长电科,2025-09-26 10:24:08,41.89,35000,41.89,D
sh600584,XD长电科,2025-09-26 10:24:11,41.89,34400,41.89,D
sh600584,XD长电科,2025-09-26 10:24:14,41.9,73900,41.89,E
sh600584,XD长电科,2025-09-26 10:24:17,41.91,17300,41.9,U
sh600584,XD长电科,2025-09-26 10:24:20,41.92,23700,41.91,U
sh600584,XD长电科,2025-09-26 10:24:23,41.91,32700,41.92,D
sh600584,XD长电科,2025-09-26 10:24:26,41.93,79100,41.91,U
sh600584,XD长电科,2025-09-26 10:24:29,41.92,49200,41.93,D
sh600584,XD长电科,2025-09-26 10:24:32,41.93,64800,41.92,U
sh600584,XD长电科,2025-09-26 10:24:35,41.94,12900,41.93,D
sh600584,XD长电科,2025-09-26 10:24:38,41.95,7000,41.94,U
sh600584,XD长电科,2025-09-26 10:24:41,41.95,11400,41.95,U
sh600584,XD长电科,2025-09-26 10:24:44,41.95,21194,41.95,U
sh600584,XD长电科,2025-09-26 10:24:47,41.95,16700,41.95,D
sh600584,XD长电科,2025-09-26 10:24:50,41.96,14000,41.95,U
sh600584,XD长电科,2025-09-26 10:24:53,41.95,26200,41.96,D
sh600584,XD长电科,2025-09-26 10:24:56,41.98,12000,41.95,U
sh600584,XD长电科,2025-09-26 10:24:59,41.98,19700,41.98,U
sh600584,XD长电科,2025-09-26 10:25:02,41.96,36700,41.98,D
sh600584,XD长电科,2025-09-26 10:25:05,41.96,23700,41.96,U
sh600584,XD长电科,2025-09-26 10:25:08,41.96,23500,41.96,D
sh600584,XD长电科,2025-09-26 10:25:11,41.97,12800,41.96,U
sh600584,XD长电科,2025-09-26 10:25:14,41.97,29700,41.97,U
sh600584,XD长电科,2025-09-26 10:25:17,41.98,19200,41.97,U
sh600584,XD长电科,2025-09-26 10:25:20,41.98,17000,41.98,U
sh600584,XD长电科,2025-09-26 10:25:23,42.0,17300,41.98,U
sh600584,XD长电科,2025-09-26 10:25:26,41.99,10000,42.0,D
sh600584,XD长电科,2025-09-26 10:25:29,42.0,20332,41.99,U
sh600584,XD长电科,2025-09-26 10:25:32,42.01,19600,42.0,U
sh600584,XD长电科,2025-09-26 10:25:35,42.02,10800,42.01,U
sh600584,XD长电科,2025-09-26 10:25:38,42.02,16100,42.02,D
sh600584,XD长电科,2025-09-26 10:25:41,42.03,10200,42.02,U
sh600584,XD长电科,2025-09-26 10:25:44,42.03,25600,42.03,D
sh600584,XD长电科,2025-09-26 10:25:47,42.02,29300,42.03,D
sh600584,XD长电科,2025-09-26 10:25:50,42.01,13700,42.02,E
sh600584,XD长电科,2025-09-26 10:25:53,41.97,110468,42.01,D
sh600584,XD长电科,2025-09-26 10:25:56,41.97,14500,41.97,U
sh600584,XD长电科,2025-09-26 10:25:59,41.97,16800,41.97,U
sh600584,XD长电科,2025-09-26 10:26:02,41.97,27700,41.97,U
sh600584,XD长电科,2025-09-26 10:26:05,41.97,28700,41.97,U
sh600584,XD长电科,2025-09-26 10:26:08,41.97,34500,41.97,U
sh600584,XD长电科,2025-09-26 10:26:11,41.97,29700,41.97,U
sh600584,XD长电科,2025-09-26 10:26:14,41.97,25300,41.97,U
sh600584,XD长电科,2025-09-26 10:26:17,41.97,20620,41.97,U
sh600584,XD长电科,2025-09-26 10:26:20,41.97,19200,41.97,U
sh600584,XD长电科,2025-09-26 10:26:23,41.97,6932,41.97,U
sh600584,XD长电科,2025-09-26 10:26:32,41.99,8000,41.97,U
sh600584,XD长电科,2025-09-26 10:26:35,42.0,7200,41.99,U
sh600584,XD长电科,2025-09-26 10:26:38,42.0,10400,42.0,U
sh600584,XD长电科,2025-09-26 10:26:41,42.01,5500,42.0,U
sh600584,XD长电科,2025-09-26 10:26:44,42.01,24700,42.01,U
sh600584,XD长电科,2025-09-26 10:26:47,42.02,5700,42.01,U
sh600584,XD长电科,2025-09-26 10:26:53,42.02,6700,42.02,D
sh600584,XD长电科,2025-09-26 10:26:56,42.02,23700,42.02,D
sh600584,XD长电科,2025-09-26 10:26:59,42.03,18100,42.02,U
sh600584,XD长电科,2025-09-26 10:27:02,42.03,77900,42.03,D
sh600584,XD长电科,2025-09-26 10:27:05,42.02,13900,42.03,E
sh600584,XD长电科,2025-09-26 10:27:08,42.01,36900,42.02,E
sh600584,XD长电科,2025-09-26 10:27:11,42.01,13900,42.01,U
sh600584,XD长电科,2025-09-26 10:27:17,42.03,9900,42.01,U
sh600584,XD长电科,2025-09-26 10:27:20,42.02,13800,42.03,E
sh600584,XD长电科,2025-09-26 10:27:23,42.03,8700,42.02,D
sh600584,XD长电科,2025-09-26 10:27:26,42.03,4800,42.03,D
sh600584,XD长电科,2025-09-26 10:27:29,42.03,7400,42.03,U
sh600584,XD长电科,2025-09-26 10:27:32,42.02,5200,42.03,U
sh600584,XD长电科,2025-09-26 10:27:35,42.01,8200,42.02,D
sh600584,XD长电科,2025-09-26 10:27:38,42.02,5700,42.01,U
sh600584,XD长电科,2025-09-26 10:27:41,42.02,22600,42.02,U
sh600584,XD长电科,2025-09-26 10:27:44,42.02,5800,42.02,U
sh600584,XD长电科,2025-09-26 10:27:47,42.01,10400,42.02,D
sh600584,XD长电科,2025-09-26 10:27:50,42.01,9800,42.01,D
sh600584,XD长电科,2025-09-26 10:27:53,42.01,6600,42.01,D
sh600584,XD长电科,2025-09-26 10:27:56,42.02,10000,42.01,U
sh600584,XD长电科,2025-09-26 10:27:59,42.02,45100,42.02,U
sh600584,XD长电科,2025-09-26 10:28:02,42.02,19100,42.02,U
sh600584,XD长电科,2025-09-26 10:28:05,42.03,18400,42.02,U
sh600584,XD长电科,2025-09-26 10:28:08,42.05,66900,42.03,U
sh600584,XD长电科,2025-09-26 10:28:11,42.05,35100,42.05,U
sh600584,XD长电科,2025-09-26 10:28:14,42.04,10100,42.05,D
sh600584,XD长电科,2025-09-26 10:28:17,42.04,5300,42.04,U
sh600584,XD长电科,2025-09-26 10:28:20,42.04,19100,42.04,U
sh600584,XD长电科,2025-09-26 10:28:23,42.04,27300,42.04,U
sh600584,XD长电科,2025-09-26 10:28:26,42.04,26100,42.04,D
sh600584,XD长电科,2025-09-26 10:28:29,42.04,10500,42.04,D
sh600584,XD长电科,2025-09-26 10:28:32,42.04,9100,42.04,U
sh600584,XD长电科,2025-09-26 10:28:35,42.04,6500,42.04,U
sh600584,XD长电科,2025-09-26 10:28:38,42.05,14700,42.04,U
sh600584,XD长电科,2025-09-26 10:28:41,42.05,6500,42.05,U
sh600584,XD长电科,2025-09-26 10:28:44,42.05,6000,42.05,E
sh600584,XD长电科,2025-09-26 10:28:47,42.04,13200,42.05,D
sh600584,XD长电科,2025-09-26 10:28:50,42.02,10100,42.04,D
sh600584,XD长电科,2025-09-26 10:28:53,42.03,6800,42.02,U
sh600584,XD长电科,2025-09-26 10:28:56,42.02,10100,42.03,E
sh600584,XD长电科,2025-09-26 10:28:59,42.0,72500,42.02,D
sh600584,XD长电科,2025-09-26 10:29:02,42.01,40800,42.0,U
sh600584,XD长电科,2025-09-26 10:29:05,41.99,6300,42.01,D
sh600584,XD长电科,2025-09-26 10:29:08,41.99,23800,41.99,D
sh600584,XD长电科,2025-09-26 10:29:11,41.99,4900,41.99,U
sh600584,XD长电科,2025-09-26 10:29:14,41.98,57300,41.99,D
sh600584,XD长电科,2025-09-26 10:29:17,41.98,11400,41.98,D
sh600584,XD长电科,2025-09-26 10:29:20,41.99,36700,41.98,U
sh600584,XD长电科,2025-09-26 10:29:23,41.98,11900,41.99,D
sh600584,XD长电科,2025-09-26 10:29:29,41.97,21900,41.98,D
sh600584,XD长电科,2025-09-26 10:29:32,41.97,17500,41.97,U
sh600584,XD长电科,2025-09-26 10:29:35,41.98,24300,41.97,U
sh600584,XD长电科,2025-09-26 10:29:38,41.98,26700,41.98,D
sh600584,XD长电科,2025-09-26 10:29:41,41.99,7400,41.98,E
sh600584,XD长电科,2025-09-26 10:29:53,42.0,10000,42.0,U
sh600584,XD长电科,2025-09-26 10:29:56,42.0,5100,42.0,U
sh600584,XD长电科,2025-09-26 10:29:59,42.0,6000,42.0,U
sh600584,XD长电科,2025-09-26 10:30:02,41.99,16700,42.0,D
sh600584,XD长电科,2025-09-26 10:30:05,42.01,19500,41.99,U
sh600584,XD长电科,2025-09-26 10:30:11,42.0,5000,42.01,D
sh600584,XD长电科,2025-09-26 10:30:14,42.0,29400,42.0,D
sh600584,XD长电科,2025-09-26 10:30:17,41.99,11500,42.0,D
sh600584,XD长电科,2025-09-26 10:30:23,42.03,6300,42.03,U
sh600584,XD长电科,2025-09-26 10:30:26,42.03,20100,42.03,U
sh600584,XD长电科,2025-09-26 10:30:29,42.07,26800,42.03,U
sh600584,XD长电科,2025-09-26 10:30:32,42.09,25300,42.07,U
sh600584,XD长电科,2025-09-26 10:30:35,42.09,7400,42.09,U
sh600584,XD长电科,2025-09-26 10:30:38,42.1,20200,42.09,U
sh600584,XD长电科,2025-09-26 10:30:41,42.09,6300,42.1,D
sh600584,XD长电科,2025-09-26 10:30:44,42.12,4900,42.09,U
sh600584,XD长电科,2025-09-26 10:30:50,42.14,8000,42.12,U
sh600584,XD长电科,2025-09-26 10:30:53,42.15,13900,42.14,U
sh600584,XD长电科,2025-09-26 10:30:56,42.14,5100,42.15,D
sh600584,XD长电科,2025-09-26 10:31:02,42.14,8500,42.15,D
sh600584,XD长电科,2025-09-26 10:31:05,42.16,12600,42.14,U
sh600584,XD长电科,2025-09-26 10:31:08,42.14,17600,42.16,D
sh600584,XD长电科,2025-09-26 10:31:11,42.14,8300,42.14,U
sh600584,XD长电科,2025-09-26 10:31:14,42.14,26000,42.14,U
sh600584,XD长电科,2025-09-26 10:31:17,42.14,25500,42.14,D
sh600584,XD长电科,2025-09-26 10:31:20,42.1,7700,42.14,D
sh600584,XD长电科,2025-09-26 10:31:23,42.12,8300,42.1,U
sh600584,XD长电科,2025-09-26 10:31:29,42.09,8500,42.12,D
sh600584,XD长电科,2025-09-26 10:31:44,42.08,10300,42.07,U
sh600584,XD长电科,2025-09-26 10:31:47,42.08,6200,42.08,D
sh600584,XD长电科,2025-09-26 10:31:50,42.07,6600,42.08,D
sh600584,XD长电科,2025-09-26 10:31:53,42.06,9500,42.07,D
sh600584,XD长电科,2025-09-26 10:31:56,42.07,12800,42.06,U
sh600584,XD长电科,2025-09-26 10:31:59,42.09,11600,42.07,U
sh600584,XD长电科,2025-09-26 10:32:02,42.1,22700,42.09,U
sh600584,XD长电科,2025-09-26 10:32:05,42.11,9600,42.1,U
sh600584,XD长电科,2025-09-26 10:32:08,42.12,12700,42.11,U
sh600584,XD长电科,2025-09-26 10:32:14,42.1,12400,42.1,U
sh600584,XD长电科,2025-09-26 10:32:21,42.11,20900,42.1,U
sh600584,XD长电科,2025-09-26 10:32:23,42.1,30400,42.11,E
sh600584,XD长电科,2025-09-26 10:32:26,42.09,9500,42.1,D
sh600584,XD长电科,2025-09-26 10:32:29,42.09,7100,42.09,U
sh600584,XD长电科,2025-09-26 10:32:32,42.09,28300,42.09,U
sh600584,XD长电科,2025-09-26 10:32:35,42.1,5400,42.09,D
sh600584,XD长电科,2025-09-26 10:32:38,42.09,10600,42.1,D
sh600584,XD长电科,2025-09-26 10:32:44,42.11,9900,42.11,D
sh600584,XD长电科,2025-09-26 10:32:47,42.12,26300,42.11,U
sh600584,XD长电科,2025-09-26 10:32:50,42.14,31800,42.12,U
sh600584,XD长电科,2025-09-26 10:32:53,42.16,22200,42.14,U
sh600584,XD长电科,2025-09-26 10:32:56,42.17,7800,42.16,U
sh600584,XD长电科,2025-09-26 10:32:59,42.19,21600,42.17,U
sh600584,XD长电科,2025-09-26 10:33:02,42.2,6800,42.19,U
sh600584,XD长电科,2025-09-26 10:33:05,42.19,10600,42.2,E
sh600584,XD长电科,2025-09-26 10:33:08,42.19,6700,42.19,U
sh600584,XD长电科,2025-09-26 10:33:11,42.19,9000,42.19,D
sh600584,XD长电科,2025-09-26 10:33:14,42.19,5600,42.19,D
sh600584,XD长电科,2025-09-26 10:33:17,42.17,27100,42.19,D
sh600584,XD长电科,2025-09-26 10:33:20,42.15,19800,42.17,D
sh600584,XD长电科,2025-09-26 10:33:23,42.15,8000,42.15,D
sh600584,XD长电科,2025-09-26 10:33:26,42.15,38700,42.15,U
sh600584,XD长电科,2025-09-26 10:33:29,42.16,13300,42.15,U
sh600584,XD长电科,2025-09-26 10:33:35,42.12,4900,42.11,D
sh600584,XD长电科,2025-09-26 10:33:38,42.12,7400,42.12,D
sh600584,XD长电科,2025-09-26 10:33:41,42.12,8800,42.12,D
sh600584,XD长电科,2025-09-26 10:33:47,42.12,11200,42.11,U
sh600584,XD长电科,2025-09-26 10:33:53,42.13,20500,42.12,U
sh600584,XD长电科,2025-09-26 10:33:56,42.12,5500,42.13,D
sh600584,XD长电科,2025-09-26 10:33:59,42.13,5200,42.12,U
sh600584,XD长电科,2025-09-26 10:34:02,42.13,12600,42.13,U
sh600584,XD长电科,2025-09-26 10:34:05,42.13,9100,42.13,U
sh600584,XD长电科,2025-09-26 10:34:08,42.13,11600,42.13,U
sh600584,XD长电科,2025-09-26 10:34:14,42.15,4800,42.15,U
sh600584,XD长电科,2025-09-26 10:34:17,42.15,12800,42.15,U
sh600584,XD长电科,2025-09-26 10:34:26,42.16,14500,42.15,U
sh600584,XD长电科,2025-09-26 10:34:29,42.18,9000,42.16,U
sh600584,XD长电科,2025-09-26 10:34:35,42.17,8100,42.16,U
sh600584,XD长电科,2025-09-26 10:34:44,42.16,10200,42.19,D
sh600584,XD长电科,2025-09-26 10:34:47,42.18,7600,42.16,U
sh600584,XD长电科,2025-09-26 10:34:50,42.17,7200,42.18,D
sh600584,XD长电科,2025-09-26 10:34:53,42.17,5900,42.17,U
sh600584,XD长电科,2025-09-26 10:34:59,42.16,10200,42.16,D
sh600584,XD长电科,2025-09-26 10:35:05,42.15,6800,42.15,D
sh600584,XD长电科,2025-09-26 10:35:08,42.16,11100,42.15,U
sh600584,XD长电科,2025-09-26 10:35:11,42.17,5000,42.16,U
sh600584,XD长电科,2025-09-26 10:35:14,42.13,32900,42.17,D
sh600584,XD长电科,2025-09-26 10:35:17,42.13,8900,42.13,D
sh600584,XD长电科,2025-09-26 10:35:20,42.14,6800,42.13,U
sh600584,XD长电科,2025-09-26 10:35:23,42.16,26300,42.14,U
sh600584,XD长电科,2025-09-26 10:35:26,42.13,10000,42.16,D
sh600584,XD长电科,2025-09-26 10:35:29,42.14,9400,42.13,U
sh600584,XD长电科,2025-09-26 10:35:41,42.13,5000,42.13,D
sh600584,XD长电科,2025-09-26 10:35:44,42.13,10400,42.13,U
sh600584,XD长电科,2025-09-26 10:35:47,42.11,18400,42.13,D
sh600584,XD长电科,2025-09-26 10:35:50,42.09,36100,42.11,D
sh600584,XD长电科,2025-09-26 10:35:53,42.09,5700,42.09,D
sh600584,XD长电科,2025-09-26 10:35:56,42.06,21800,42.09,D
sh600584,XD长电科,2025-09-26 10:35:59,42.03,6300,42.06,D
sh600584,XD长电科,2025-09-26 10:36:05,42.03,6000,42.03,D
sh600584,XD长电科,2025-09-26 10:36:08,42.03,5000,42.03,D
sh600584,XD长电科,2025-09-26 10:36:14,42.02,11500,42.02,U
sh600584,XD长电科,2025-09-26 10:36:17,42.0,18500,42.02,D
sh600584,XD长电科,2025-09-26 10:36:20,41.99,73500,42.0,D
sh600584,XD长电科,2025-09-26 10:36:23,41.98,6000,41.99,D
sh600584,XD长电科,2025-09-26 10:36:26,41.98,7000,41.98,D
sh600584,XD长电科,2025-09-26 10:36:29,41.99,9500,41.98,E
sh600584,XD长电科,2025-09-26 10:36:32,41.98,8700,41.99,D
sh600584,XD长电科,2025-09-26 10:36:35,41.98,7700,41.98,D
sh600584,XD长电科,2025-09-26 10:36:38,41.98,6500,41.98,D
sh600584,XD长电科,2025-09-26 10:36:41,41.98,6700,41.98,U
sh600584,XD长电科,2025-09-26 10:36:44,41.98,20400,41.98,U
sh600584,XD长电科,2025-09-26 10:36:47,41.98,9400,41.98,D
sh600584,XD长电科,2025-09-26 10:36:50,41.98,16000,41.98,D
sh600584,XD长电科,2025-09-26 10:36:53,41.98,12400,41.98,D
sh600584,XD长电科,2025-09-26 10:36:56,41.97,12300,41.98,D
sh600584,XD长电科,2025-09-26 10:36:59,41.97,29400,41.97,D
sh600584,XD长电科,2025-09-26 10:37:02,41.97,22300,41.97,U
sh600584,XD长电科,2025-09-26 10:37:05,41.95,83100,41.97,D
sh600584,XD长电科,2025-09-26 10:37:11,41.94,33100,41.96,D
sh600584,XD长电科,2025-09-26 10:37:14,41.96,5200,41.94,U
sh600584,XD长电科,2025-09-26 10:37:17,41.95,8900,41.96,D
sh600584,XD长电科,2025-09-26 10:37:20,41.97,37300,41.95,U
sh600584,XD长电科,2025-09-26 10:37:23,41.97,20800,41.97,D
sh600584,XD长电科,2025-09-26 10:37:26,41.97,9700,41.97,D
sh600584,XD长电科,2025-09-26 10:37:41,42.0,8900,41.98,U
sh600584,XD长电科,2025-09-26 10:37:44,42.0,5300,42.0,U
sh600584,XD长电科,2025-09-26 10:37:47,42.0,6900,42.0,U
sh600584,XD长电科,2025-09-26 10:37:50,41.99,6800,42.0,E
sh600584,XD长电科,2025-09-26 10:37:53,41.98,9400,41.99,D
sh600584,XD长电科,2025-09-26 10:37:56,41.98,8100,41.98,D
sh600584,XD长电科,2025-09-26 10:37:59,41.98,14500,41.98,D
sh600584,XD长电科,2025-09-26 10:38:02,41.94,100700,41.98,D
sh600584,XD长电科,2025-09-26 10:38:05,41.98,16900,41.94,U
sh600584,XD长电科,2025-09-26 10:38:08,41.94,10100,41.98,D
sh600584,XD长电科,2025-09-26 10:38:11,41.95,5600,41.94,U
sh600584,XD长电科,2025-09-26 10:38:14,41.92,58700,41.95,D
sh600584,XD长电科,2025-09-26 10:38:17,41.92,17200,41.92,U
sh600584,XD长电科,2025-09-26 10:38:20,41.92,43300,41.92,U
sh600584,XD长电科,2025-09-26 10:38:23,41.94,17300,41.92,U
sh600584,XD长电科,2025-09-26 10:38:26,41.91,23700,41.94,D
sh600584,XD长电科,2025-09-26 10:38:29,41.95,17900,41.91,U
sh600584,XD长电科,2025-09-26 10:38:32,41.93,24500,41.95,D
sh600584,XD长电科,2025-09-26 10:38:35,41.97,4800,41.93,U
sh600584,XD长电科,2025-09-26 10:38:38,41.96,17200,41.97,D
sh600584,XD长电科,2025-09-26 10:38:41,41.97,6200,41.96,E
sh600584,XD长电科,2025-09-26 10:38:44,41.98,9800,41.97,U
sh600584,XD长电科,2025-09-26 10:38:47,41.98,5500,41.98,D
sh600584,XD长电科,2025-09-26 10:38:50,41.98,6300,41.98,D
sh600584,XD长电科,2025-09-26 10:38:53,41.98,12900,41.98,D
sh600584,XD长电科,2025-09-26 10:38:56,41.98,15500,41.98,U
sh600584,XD长电科,2025-09-26 10:39:05,41.98,5900,41.98,D
sh600584,XD长电科,2025-09-26 10:39:08,41.98,12900,41.98,D
sh600584,XD长电科,2025-09-26 10:39:11,42.05,42300,41.98,U
sh600584,XD长电科,2025-09-26 10:39:14,42.06,6700,42.05,U
sh600584,XD长电科,2025-09-26 10:39:17,42.06,11800,42.06,D
sh600584,XD长电科,2025-09-26 10:39:20,42.04,5100,42.06,D
sh600584,XD长电科,2025-09-26 10:39:23,42.02,4900,42.04,D
sh600584,XD长电科,2025-09-26 10:39:26,42.03,17400,42.02,U
sh600584,XD长电科,2025-09-26 10:39:29,42.03,5700,42.03,U
sh600584,XD长电科,2025-09-26 10:39:35,42.02,11200,42.02,D
sh600584,XD长电科,2025-09-26 10:39:38,42.03,13800,42.02,U
sh600584,XD长电科,2025-09-26 10:39:41,42.03,9900,42.03,D
sh600584,XD长电科,2025-09-26 10:39:47,42.04,27200,42.04,D
sh600584,XD长电科,2025-09-26 10:39:53,42.05,6000,42.04,U
sh600584,XD长电科,2025-09-26 10:39:56,42.08,47700,42.05,U
sh600584,XD长电科,2025-09-26 10:39:59,42.12,37400,42.08,U
sh600584,XD长电科,2025-09-26 10:40:02,42.12,8200,42.12,U
sh600584,XD长电科,2025-09-26 10:40:05,42.1,38700,42.12,D
sh600584,XD长电科,2025-09-26 10:40:11,42.09,9800,42.1,D
sh600584,XD长电科,2025-09-26 10:40:14,42.1,13500,42.09,U
sh600584,XD长电科,2025-09-26 10:40:17,42.1,17100,42.1,U
sh600584,XD长电科,2025-09-26 10:40:20,42.1,6000,42.1,D
sh600584,XD长电科,2025-09-26 10:40:26,42.08,25400,42.08,D
sh600584,XD长电科,2025-09-26 10:40:29,42.04,14500,42.08,D
sh600584,XD长电科,2025-09-26 10:40:35,42.03,15700,42.04,D
sh600584,XD长电科,2025-09-26 10:40:38,42.05,8200,42.03,U
sh600584,XD长电科,2025-09-26 10:40:41,42.03,5700,42.05,D
sh600584,XD长电科,2025-09-26 10:40:44,42.02,18600,42.03,D
sh600584,XD长电科,2025-09-26 10:40:50,42.03,9400,42.02,U
sh600584,XD长电科,2025-09-26 10:40:53,42.05,5900,42.03,U
sh600584,XD长电科,2025-09-26 10:40:56,42.05,6500,42.05,U
sh600584,XD长电科,2025-09-26 10:41:02,42.03,14700,42.03,D
sh600584,XD长电科,2025-09-26 10:41:05,42.02,16500,42.03,D
sh600584,XD长电科,2025-09-26 10:41:11,42.03,7600,42.02,U
sh600584,XD长电科,2025-09-26 10:41:14,42.01,25700,42.03,D
sh600584,XD长电科,2025-09-26 10:41:17,42.02,14700,42.01,U
sh600584,XD长电科,2025-09-26 10:41:20,42.0,67700,42.02,D
sh600584,XD长电科,2025-09-26 10:41:23,42.01,12000,42.0,U
sh600584,XD长电科,2025-09-26 10:41:26,42.02,10100,42.01,U
sh600584,XD长电科,2025-09-26 10:41:29,42.05,26500,42.02,U
sh600584,XD长电科,2025-09-26 10:41:32,42.05,13900,42.05,D
sh600584,XD长电科,2025-09-26 10:41:38,42.05,9200,42.05,U
sh600584,XD长电科,2025-09-26 10:41:50,42.05,13300,42.03,U
sh600584,XD长电科,2025-09-26 10:41:53,42.04,9900,42.05,D
sh600584,XD长电科,2025-09-26 10:41:56,42.03,9800,42.04,D
sh600584,XD长电科,2025-09-26 10:41:59,42.03,8900,42.03,U
sh600584,XD长电科,2025-09-26 10:42:02,42.03,10100,42.03,D
sh600584,XD长电科,2025-09-26 10:42:05,42.03,5800,42.03,U
sh600584,XD长电科,2025-09-26 10:42:08,42.01,20900,42.03,D
sh600584,XD长电科,2025-09-26 10:42:11,42.01,7700,42.01,D
sh600584,XD长电科,2025-09-26 10:42:17,42.01,24100,42.01,D
sh600584,XD长电科,2025-09-26 10:42:23,42.02,17700,42.01,U
sh600584,XD长电科,2025-09-26 10:42:29,42.03,6800,42.02,U
sh600584,XD长电科,2025-09-26 10:42:32,42.02,4800,42.03,E
sh600584,XD长电科,2025-09-26 10:42:38,42.02,8800,42.03,D
sh600584,XD长电科,2025-09-26 10:42:41,42.02,6100,42.02,U
sh600584,XD长电科,2025-09-26 10:42:44,42.01,5400,42.02,D
sh600584,XD长电科,2025-09-26 10:42:50,42.01,30400,42.01,D
sh600584,XD长电科,2025-09-26 10:42:53,42.0,5900,42.01,D
sh600584,XD长电科,2025-09-26 10:42:56,42.0,5300,42.0,D
sh600584,XD长电科,2025-09-26 10:42:59,42.0,16800,42.0,D
sh600584,XD长电科,2025-09-26 10:43:02,41.99,21700,42.0,D
sh600584,XD长电科,2025-09-26 10:43:05,41.98,5000,41.99,D
sh600584,XD长电科,2025-09-26 10:43:08,41.98,10100,41.98,D
sh600584,XD长电科,2025-09-26 10:43:14,41.97,10000,41.98,D
sh600584,XD长电科,2025-09-26 10:43:20,41.96,8500,41.96,D
sh600584,XD长电科,2025-09-26 10:43:23,41.95,31400,41.96,D
sh600584,XD长电科,2025-09-26 10:43:29,41.96,13200,41.95,U
sh600584,XD长电科,2025-09-26 10:43:32,41.95,27900,41.96,D
sh600584,XD长电科,2025-09-26 10:43:35,41.95,13300,41.95,D
sh600584,XD长电科,2025-09-26 10:43:38,41.96,11500,41.95,U
sh600584,XD长电科,2025-09-26 10:43:41,41.95,20500,41.96,D
sh600584,XD长电科,2025-09-26 10:43:44,41.95,15700,41.95,D
sh600584,XD长电科,2025-09-26 10:43:47,41.95,16300,41.95,U
sh600584,XD长电科,2025-09-26 10:43:50,41.94,5700,41.95,D
sh600584,XD长电科,2025-09-26 10:43:53,41.94,10500,41.94,D
sh600584,XD长电科,2025-09-26 10:43:56,41.94,9400,41.94,U
sh600584,XD长电科,2025-09-26 10:43:59,41.94,5100,41.94,U
sh600584,XD长电科,2025-09-26 10:44:02,41.94,14900,41.94,U
sh600584,XD长电科,2025-09-26 10:44:05,41.97,54300,41.94,U
sh600584,XD长电科,2025-09-26 10:44:08,41.96,23400,41.97,D
sh600584,XD长电科,2025-09-26 10:44:11,41.98,57400,41.96,U
sh600584,XD长电科,2025-09-26 10:44:14,41.97,7400,41.98,D
sh600584,XD长电科,2025-09-26 10:44:20,41.97,10400,41.98,D
sh600584,XD长电科,2025-09-26 10:44:23,41.98,23500,41.97,U
sh600584,XD长电科,2025-09-26 10:44:26,42.01,5400,41.98,U
sh600584,XD长电科,2025-09-26 10:44:29,42.01,4800,42.01,U
sh600584,XD长电科,2025-09-26 10:44:32,42.01,5600,42.01,U
sh600584,XD长电科,2025-09-26 10:44:38,42.01,9900,42.01,U
sh600584,XD长电科,2025-09-26 10:44:41,42.01,6700,42.01,U
sh600584,XD长电科,2025-09-26 10:44:50,42.01,11800,42.01,U
sh600584,XD长电科,2025-09-26 10:44:56,42.01,13200,42.01,D
sh600584,XD长电科,2025-09-26 10:44:59,42.02,12900,42.01,U
sh600584,XD长电科,2025-09-26 10:45:02,42.01,7500,42.02,D
sh600584,XD长电科,2025-09-26 10:45:05,42.02,6100,42.01,U
sh600584,XD长电科,2025-09-26 10:45:11,42.02,5700,42.01,U
sh600584,XD长电科,2025-09-26 10:45:17,42.04,46900,42.02,U
sh600584,XD长电科,2025-09-26 10:45:20,42.05,7200,42.04,U
sh600584,XD长电科,2025-09-26 10:45:29,42.06,8900,42.05,U
sh600584,XD长电科,2025-09-26 10:45:32,42.06,16600,42.06,U
sh600584,XD长电科,2025-09-26 10:45:38,42.05,17900,42.06,D
sh600584,XD长电科,2025-09-26 10:45:41,42.06,8100,42.05,U
sh600584,XD长电科,2025-09-26 10:45:44,42.05,21000,42.06,D
sh600584,XD长电科,2025-09-26 10:45:47,42.05,10200,42.05,U
sh600584,XD长电科,2025-09-26 10:45:50,42.05,31100,42.05,U
sh600584,XD长电科,2025-09-26 10:45:53,42.05,7900,42.05,D
sh600584,XD长电科,2025-09-26 10:45:56,42.05,17300,42.05,D
sh600584,XD长电科,2025-09-26 10:45:59,42.05,9100,42.05,D
sh600584,XD长电科,2025-09-26 10:46:02,42.05,20200,42.05,D
sh600584,XD长电科,2025-09-26 10:46:05,42.06,13500,42.05,U
sh600584,XD长电科,2025-09-26 10:46:11,42.06,11800,42.05,U
sh600584,XD长电科,2025-09-26 10:46:14,42.07,10000,42.06,U
sh600584,XD长电科,2025-09-26 10:46:17,42.08,7100,42.07,U
sh600584,XD长电科,2025-09-26 10:46:20,42.11,23900,42.08,U
sh600584,XD长电科,2025-09-26 10:46:23,42.12,5000,42.11,U
sh600584,XD长电科,2025-09-26 10:46:29,42.15,28100,42.13,U
sh600584,XD长电科,2025-09-26 10:46:32,42.15,5000,42.15,U
sh600584,XD长电科,2025-09-26 10:46:35,42.14,31200,42.15,D
sh600584,XD长电科,2025-09-26 10:46:38,42.13,24000,42.14,D
sh600584,XD长电科,2025-09-26 10:46:41,42.13,7900,42.13,U
sh600584,XD长电科,2025-09-26 10:46:44,42.13,6000,42.13,U
sh600584,XD长电科,2025-09-26 10:46:47,42.12,11100,42.13,D
sh600584,XD长电科,2025-09-26 10:46:50,42.11,6000,42.12,D
sh600584,XD长电科,2025-09-26 10:46:53,42.1,7800,42.11,D
sh600584,XD长电科,2025-09-26 10:46:56,42.12,10000,42.1,U
sh600584,XD长电科,2025-09-26 10:46:59,42.11,9100,42.12,D
sh600584,XD长电科,2025-09-26 10:47:02,42.1,25100,42.11,D
sh600584,XD长电科,2025-09-26 10:47:05,42.11,7900,42.1,D
sh600584,XD长电科,2025-09-26 10:47:11,42.12,11700,42.11,U
sh600584,XD长电科,2025-09-26 10:47:14,42.12,20700,42.12,U
sh600584,XD长电科,2025-09-26 10:47:17,42.1,19900,42.12,D
sh600584,XD长电科,2025-09-26 10:47:20,42.1,14300,42.1,U
sh600584,XD长电科,2025-09-26 10:47:23,42.1,37800,42.1,U
sh600584,XD长电科,2025-09-26 10:47:29,42.09,10100,42.1,D
sh600584,XD长电科,2025-09-26 10:47:32,42.1,44277,42.09,U
sh600584,XD长电科,2025-09-26 10:47:35,42.07,5400,42.1,E
sh600584,XD长电科,2025-09-26 10:47:41,42.09,5415,42.1,D
sh600584,XD长电科,2025-09-26 10:47:47,42.09,8600,42.1,D
sh600584,XD长电科,2025-09-26 10:47:50,42.09,10700,42.09,U
sh600584,XD长电科,2025-09-26 10:47:53,42.08,8400,42.09,D
sh600584,XD长电科,2025-09-26 10:47:56,42.08,7000,42.08,U
sh600584,XD长电科,2025-09-26 10:47:59,42.09,30500,42.08,U
sh600584,XD长电科,2025-09-26 10:48:02,42.12,182123,42.09,U
sh600584,XD长电科,2025-09-26 10:48:05,42.15,36000,42.12,U
sh600584,XD长电科,2025-09-26 10:48:08,42.15,17800,42.15,U
sh600584,XD长电科,2025-09-26 10:48:11,42.16,18100,42.15,U
sh600584,XD长电科,2025-09-26 10:48:14,42.16,6400,42.16,U
sh600584,XD长电科,2025-09-26 10:48:17,42.17,15100,42.16,U
sh600584,XD长电科,2025-09-26 10:48:20,42.19,6100,42.17,U
sh600584,XD长电科,2025-09-26 10:48:23,42.2,10400,42.19,U
sh600584,XD长电科,2025-09-26 10:48:26,42.21,38600,42.2,U
sh600584,XD长电科,2025-09-26 10:48:29,42.21,10300,42.21,U
sh600584,XD长电科,2025-09-26 10:48:32,42.23,25700,42.21,U
sh600584,XD长电科,2025-09-26 10:48:35,42.24,10900,42.23,U
sh600584,XD长电科,2025-09-26 10:48:38,42.25,5400,42.24,U
sh600584,XD长电科,2025-09-26 10:48:41,42.26,22000,42.25,U
sh600584,XD长电科,2025-09-26 10:48:44,42.26,9000,42.26,D
sh600584,XD长电科,2025-09-26 10:48:47,42.28,84900,42.26,U
sh600584,XD长电科,2025-09-26 10:48:50,42.28,29100,42.28,U
sh600584,XD长电科,2025-09-26 10:48:53,42.32,136100,42.28,U
sh600584,XD长电科,2025-09-26 10:48:56,42.36,57600,42.32,U
sh600584,XD长电科,2025-09-26 10:48:59,42.33,78900,42.36,D
sh600584,XD长电科,2025-09-26 10:49:02,42.34,37000,42.33,E
sh600584,XD长电科,2025-09-26 10:49:05,42.34,12400,42.34,U
sh600584,XD长电科,2025-09-26 10:49:08,42.34,28800,42.34,D
sh600584,XD长电科,2025-09-26 10:49:11,42.35,55700,42.34,E
sh600584,XD长电科,2025-09-26 10:49:14,42.29,41500,42.35,D
sh600584,XD长电科,2025-09-26 10:49:17,42.28,69200,42.29,D
sh600584,XD长电科,2025-09-26 10:49:20,42.27,57600,42.28,D
sh600584,XD长电科,2025-09-26 10:49:23,42.25,17100,42.27,D
sh600584,XD长电科,2025-09-26 10:49:26,42.25,11600,42.25,D
sh600584,XD长电科,2025-09-26 10:49:29,42.22,9700,42.25,D
sh600584,XD长电科,2025-09-26 10:49:32,42.22,8300,42.22,U
sh600584,XD长电科,2025-09-26 10:49:35,42.21,17400,42.22,D
sh600584,XD长电科,2025-09-26 10:49:41,42.21,11700,42.21,U
sh600584,XD长电科,2025-09-26 10:49:47,42.2,20000,42.2,D
sh600584,XD长电科,2025-09-26 10:49:50,42.2,18900,42.2,D
sh600584,XD长电科,2025-09-26 10:49:53,42.21,8900,42.2,U
sh600584,XD长电科,2025-09-26 10:49:56,42.2,16900,42.21,D
sh600584,XD长电科,2025-09-26 10:49:59,42.21,8400,42.2,U
sh600584,XD长电科,2025-09-26 10:50:05,42.2,15800,42.2,D
sh600584,XD长电科,2025-09-26 10:50:08,42.22,5800,42.2,U
sh600584,XD长电科,2025-09-26 10:50:11,42.21,16600,42.22,D
sh600584,XD长电科,2025-09-26 10:50:14,42.24,11200,42.21,U
sh600584,XD长电科,2025-09-26 10:50:17,42.24,6600,42.24,U
sh600584,XD长电科,2025-09-26 10:50:23,42.25,15600,42.25,U
sh600584,XD长电科,2025-09-26 10:50:26,42.26,22300,42.25,U
sh600584,XD长电科,2025-09-26 10:50:29,42.27,10700,42.26,E
sh600584,XD长电科,2025-09-26 10:50:32,42.27,5800,42.27,D
sh600584,XD长电科,2025-09-26 10:50:35,42.29,16600,42.27,U
sh600584,XD长电科,2025-09-26 10:50:38,42.26,11000,42.29,D
sh600584,XD长电科,2025-09-26 10:50:41,42.29,9800,42.26,U
sh600584,XD长电科,2025-09-26 10:50:44,42.3,10900,42.29,U
sh600584,XD长电科,2025-09-26 10:50:50,42.32,5100,42.3,U
sh600584,XD长电科,2025-09-26 10:50:53,42.31,8800,42.32,E
sh600584,XD长电科,2025-09-26 10:50:59,42.23,91000,42.32,D
sh600584,XD长电科,2025-09-26 10:51:02,42.27,12000,42.23,U
sh600584,XD长电科,2025-09-26 10:51:05,42.27,9700,42.27,U
sh600584,XD长电科,2025-09-26 10:51:08,42.27,7800,42.27,U
sh600584,XD长电科,2025-09-26 10:51:14,42.26,12700,42.27,E
sh600584,XD长电科,2025-09-26 10:51:17,42.26,28700,42.26,U
sh600584,XD长电科,2025-09-26 10:51:20,42.26,5800,42.26,D
sh600584,XD长电科,2025-09-26 10:51:23,42.27,9400,42.26,U
sh600584,XD长电科,2025-09-26 10:51:26,42.26,15500,42.27,D
sh600584,XD长电科,2025-09-26 10:51:29,42.25,6600,42.26,D
sh600584,XD长电科,2025-09-26 10:51:32,42.26,5500,42.25,U
sh600584,XD长电科,2025-09-26 10:51:35,42.25,11300,42.26,D
sh600584,XD长电科,2025-09-26 10:51:38,42.25,6300,42.25,U
sh600584,XD长电科,2025-09-26 10:51:41,42.26,7700,42.25,U
sh600584,XD长电科,2025-09-26 10:51:44,42.26,8200,42.26,U
sh600584,XD长电科,2025-09-26 10:51:47,42.25,5800,42.26,D
sh600584,XD长电科,2025-09-26 10:51:50,42.26,16300,42.25,U
sh600584,XD长电科,2025-09-26 10:51:53,42.26,6400,42.26,D
sh600584,XD长电科,2025-09-26 10:51:56,42.26,13900,42.26,D
sh600584,XD长电科,2025-09-26 10:51:59,42.26,11700,42.26,U
sh600584,XD长电科,2025-09-26 10:52:08,42.27,23400,42.27,U
sh600584,XD长电科,2025-09-26 10:52:14,42.28,5800,42.28,U
sh600584,XD长电科,2025-09-26 10:52:17,42.29,7900,42.28,U
sh600584,XD长电科,2025-09-26 10:52:20,42.27,37300,42.29,D
sh600584,XD长电科,2025-09-26 10:52:23,42.24,49500,42.27,D
sh600584,XD长电科,2025-09-26 10:52:26,42.25,28200,42.24,U
sh600584,XD长电科,2025-09-26 10:52:41,42.24,56100,42.24,D
sh600584,XD长电科,2025-09-26 10:52:47,42.23,7800,42.23,U
sh600584,XD长电科,2025-09-26 10:52:50,42.2,6800,42.23,D
sh600584,XD长电科,2025-09-26 10:52:53,42.21,50900,42.2,E
sh600584,XD长电科,2025-09-26 10:52:56,42.2,11200,42.21,D
sh600584,XD长电科,2025-09-26 10:52:59,42.19,7800,42.2,E
sh600584,XD长电科,2025-09-26 10:53:02,42.19,8100,42.19,U
sh600584,XD长电科,2025-09-26 10:53:08,42.16,18000,42.15,E
sh600584,XD长电科,2025-09-26 10:53:14,42.16,4800,42.16,D
sh600584,XD长电科,2025-09-26 10:53:20,42.16,11700,42.16,U
sh600584,XD长电科,2025-09-26 10:53:23,42.16,6400,42.16,U
sh600584,XD长电科,2025-09-26 10:53:26,42.17,40200,42.16,U
sh600584,XD长电科,2025-09-26 10:53:35,42.11,33100,42.16,D
sh600584,XD长电科,2025-09-26 10:53:41,42.15,13300,42.11,U
sh600584,XD长电科,2025-09-26 10:53:47,42.11,6100,42.11,D
sh600584,XD长电科,2025-09-26 10:53:50,42.11,15400,42.11,D
sh600584,XD长电科,2025-09-26 10:53:53,42.15,12400,42.11,U
sh600584,XD长电科,2025-09-26 10:54:02,42.1,19200,42.1,D
sh600584,XD长电科,2025-09-26 10:54:05,42.07,13000,42.1,D
sh600584,XD长电科,2025-09-26 10:54:08,42.07,7900,42.07,D
sh600584,XD长电科,2025-09-26 10:54:11,42.06,9800,42.07,D
sh600584,XD长电科,2025-09-26 10:54:14,42.05,11500,42.06,D
sh600584,XD长电科,2025-09-26 10:54:17,42.04,5600,42.05,D
sh600584,XD长电科,2025-09-26 10:54:20,42.04,21600,42.04,U
sh600584,XD长电科,2025-09-26 10:54:23,42.05,6800,42.04,U
sh600584,XD长电科,2025-09-26 10:54:26,42.07,8400,42.05,U
sh600584,XD长电科,2025-09-26 10:54:29,42.09,6600,42.07,U
sh600584,XD长电科,2025-09-26 10:54:38,42.06,6400,42.09,D
sh600584,XD长电科,2025-09-26 10:54:41,42.06,6100,42.06,D
sh600584,XD长电科,2025-09-26 10:54:47,42.06,14200,42.08,D
sh600584,XD长电科,2025-09-26 10:54:50,42.07,7400,42.06,E
sh600584,XD长电科,2025-09-26 10:54:53,42.06,5100,42.07,D
sh600584,XD长电科,2025-09-26 10:55:02,42.06,8400,42.06,D
sh600584,XD长电科,2025-09-26 10:55:05,42.07,8700,42.06,D
sh600584,XD长电科,2025-09-26 10:55:11,42.09,7100,42.07,U
sh600584,XD长电科,2025-09-26 10:55:14,42.08,11200,42.09,D
sh600584,XD长电科,2025-09-26 10:55:17,42.03,41100,42.08,D
sh600584,XD长电科,2025-09-26 10:55:20,42.03,17900,42.03,U
sh600584,XD长电科,2025-09-26 10:55:26,42.01,50500,42.03,D
sh600584,XD长电科,2025-09-26 10:55:32,42.02,11400,42.01,U
sh600584,XD长电科,2025-09-26 10:55:35,42.01,9400,42.02,D
sh600584,XD长电科,2025-09-26 10:55:41,42.01,73600,42.01,D
sh600584,XD长电科,2025-09-26 10:55:47,42.0,7600,42.01,D
sh600584,XD长电科,2025-09-26 10:55:50,42.0,7000,42.0,D
sh600584,XD长电科,2025-09-26 10:55:53,42.0,13500,42.0,D
sh600584,XD长电科,2025-09-26 10:55:59,42.01,7700,42.0,U
sh600584,XD长电科,2025-09-26 10:56:02,42.01,16200,42.01,U
sh600584,XD长电科,2025-09-26 10:56:08,42.01,7800,42.01,U
sh600584,XD长电科,2025-09-26 10:56:11,42.01,33000,42.01,U
sh600584,XD长电科,2025-09-26 10:56:14,42.02,9700,42.01,U
sh600584,XD长电科,2025-09-26 10:56:17,42.01,4900,42.02,D
sh600584,XD长电科,2025-09-26 10:56:26,42.04,29600,42.02,U
sh600584,XD长电科,2025-09-26 10:56:38,42.03,5300,42.03,U
sh600584,XD长电科,2025-09-26 10:56:41,42.03,9200,42.03,D
sh600584,XD长电科,2025-09-26 10:56:44,42.03,17900,42.03,U
sh600584,XD长电科,2025-09-26 10:56:47,42.02,11200,42.03,D
sh600584,XD长电科,2025-09-26 10:56:50,42.02,73200,42.02,U
sh600584,XD长电科,2025-09-26 10:56:53,42.01,51500,42.02,D
sh600584,XD长电科,2025-09-26 10:56:56,42.01,139200,42.01,D
sh600584,XD长电科,2025-09-26 10:56:59,42.0,31000,42.01,D
sh600584,XD长电科,2025-09-26 10:57:02,41.99,41600,42.0,D
sh600584,XD长电科,2025-09-26 10:57:05,42.0,6000,41.99,U
sh600584,XD长电科,2025-09-26 10:57:08,41.99,17700,42.0,D
sh600584,XD长电科,2025-09-26 10:57:11,42.0,5300,41.99,E
sh600584,XD长电科,2025-09-26 10:57:20,42.0,5200,42.01,D
sh600584,XD长电科,2025-09-26 10:57:26,42.01,25200,42.01,U
sh600584,XD长电科,2025-09-26 10:57:29,42.02,15600,42.01,U
sh600584,XD长电科,2025-09-26 10:57:32,42.03,17600,42.02,E
sh600584,XD长电科,2025-09-26 10:57:41,42.05,14700,42.07,D
sh600584,XD长电科,2025-09-26 10:57:44,42.09,8400,42.05,U
sh600584,XD长电科,2025-09-26 10:58:08,42.11,4800,42.1,U
sh600584,XD长电科,2025-09-26 10:58:23,42.11,7500,42.11,D
sh600584,XD长电科,2025-09-26 10:58:32,42.11,9800,42.11,U
sh600584,XD长电科,2025-09-26 10:58:44,42.12,5000,42.11,U
sh600584,XD长电科,2025-09-26 10:58:47,42.12,8200,42.12,U
sh600584,XD长电科,2025-09-26 10:58:56,42.12,9700,42.12,D
sh600584,XD长电科,2025-09-26 10:59:05,42.1,39100,42.13,D
sh600584,XD长电科,2025-09-26 10:59:08,42.12,11500,42.1,U
sh600584,XD长电科,2025-09-26 10:59:23,42.12,6300,42.12,D
sh600584,XD长电科,2025-09-26 10:59:29,42.12,21100,42.11,U
sh600584,XD长电科,2025-09-26 10:59:38,42.1,10300,42.1,D
sh600584,XD长电科,2025-09-26 10:59:44,42.12,11400,42.11,U
sh600584,XD长电科,2025-09-26 10:59:47,42.11,5500,42.12,D
sh600584,XD长电科,2025-09-26 10:59:50,42.08,53300,42.11,D
sh600584,XD长电科,2025-09-26 10:59:53,42.1,10300,42.08,U
sh600584,XD长电科,2025-09-26 10:59:59,42.08,14400,42.1,D
sh600584,XD长电科,2025-09-26 11:00:05,42.08,29900,42.08,D
sh600584,XD长电科,2025-09-26 11:00:08,42.09,48900,42.08,U
sh600584,XD长电科,2025-09-26 11:00:11,42.08,14600,42.09,D
sh600584,XD长电科,2025-09-26 11:00:17,42.09,15800,42.09,U
sh600584,XD长电科,2025-09-26 11:00:20,42.09,14700,42.09,U
sh600584,XD长电科,2025-09-26 11:00:23,42.08,16900,42.09,D
sh600584,XD长电科,2025-09-26 11:00:26,42.08,24700,42.08,D
sh600584,XD长电科,2025-09-26 11:00:32,42.09,6800,42.09,U
sh600584,XD长电科,2025-09-26 11:00:35,42.1,22600,42.09,U
sh600584,XD长电科,2025-09-26 11:00:38,42.08,10400,42.1,D
sh600584,XD长电科,2025-09-26 11:00:41,42.08,5300,42.08,U
sh600584,XD长电科,2025-09-26 11:00:47,42.09,7400,42.08,U
sh600584,XD长电科,2025-09-26 11:00:50,42.09,10200,42.09,U
sh600584,XD长电科,2025-09-26 11:00:53,42.12,15500,42.09,U
sh600584,XD长电科,2025-09-26 11:01:17,42.16,15100,42.15,U
sh600584,XD长电科,2025-09-26 11:01:20,42.16,6000,42.16,U
sh600584,XD长电科,2025-09-26 11:01:32,42.16,14700,42.17,D
sh600584,XD长电科,2025-09-26 11:01:35,42.17,10700,42.16,D
sh600584,XD长电科,2025-09-26 11:01:41,42.15,35400,42.17,D
sh600584,XD长电科,2025-09-26 11:01:44,42.14,8800,42.15,D
sh600584,XD长电科,2025-09-26 11:01:47,42.12,5400,42.14,D
sh600584,XD长电科,2025-09-26 11:01:50,42.14,7900,42.12,U
sh600584,XD长电科,2025-09-26 11:01:59,42.14,18100,42.14,U
sh600584,XD长电科,2025-09-26 11:02:02,42.14,31100,42.14,D
sh600584,XD长电科,2025-09-26 11:02:05,42.14,4800,42.14,D
sh600584,XD长电科,2025-09-26 11:02:11,42.17,7700,42.17,U
sh600584,XD长电科,2025-09-26 11:02:17,42.16,41400,42.18,D
sh600584,XD长电科,2025-09-26 11:02:20,42.2,27400,42.16,U
sh600584,XD长电科,2025-09-26 11:02:23,42.21,8000,42.2,U
sh600584,XD长电科,2025-09-26 11:02:26,42.2,8100,42.21,D
sh600584,XD长电科,2025-09-26 11:02:32,42.19,5100,42.2,D
sh600584,XD长电科,2025-09-26 11:02:35,42.2,24700,42.19,U
sh600584,XD长电科,2025-09-26 11:02:41,42.22,16200,42.2,U
sh600584,XD长电科,2025-09-26 11:02:47,42.2,16800,42.2,D
sh600584,XD长电科,2025-09-26 11:02:50,42.22,4900,42.2,D
sh600584,XD长电科,2025-09-26 11:02:53,42.22,35400,42.22,E
sh600584,XD长电科,2025-09-26 11:03:02,42.24,11300,42.24,U
sh600584,XD长电科,2025-09-26 11:03:05,42.23,17700,42.24,E
sh600584,XD长电科,2025-09-26 11:03:08,42.24,83800,42.23,U
sh600584,XD长电科,2025-09-26 11:03:11,42.23,9500,42.24,D
sh600584,XD长电科,2025-09-26 11:03:14,42.23,21300,42.23,E
sh600584,XD长电科,2025-09-26 11:03:17,42.23,13100,42.23,U
sh600584,XD长电科,2025-09-26 11:03:20,42.21,8100,42.23,E
sh600584,XD长电科,2025-09-26 11:03:26,42.21,5300,42.21,D
sh600584,XD长电科,2025-09-26 11:03:29,42.21,38700,42.21,E
sh600584,XD长电科,2025-09-26 11:03:32,42.19,10860,42.21,D
sh600584,XD长电科,2025-09-26 11:03:35,42.18,25600,42.19,D
sh600584,XD长电科,2025-09-26 11:03:38,42.18,5200,42.18,U
sh600584,XD长电科,2025-09-26 11:03:41,42.17,5900,42.18,E
sh600584,XD长电科,2025-09-26 11:03:47,42.17,5300,42.18,E
sh600584,XD长电科,2025-09-26 11:03:59,42.21,28000,42.17,U
sh600584,XD长电科,2025-09-26 11:04:02,42.22,52540,42.21,U
sh600584,XD长电科,2025-09-26 11:04:05,42.25,57800,42.22,U
sh600584,XD长电科,2025-09-26 11:04:08,42.28,19000,42.25,U
sh600584,XD长电科,2025-09-26 11:04:17,42.28,11900,42.28,U
sh600584,XD长电科,2025-09-26 11:04:20,42.28,12500,42.28,U
sh600584,XD长电科,2025-09-26 11:04:23,42.25,16800,42.28,D
sh600584,XD长电科,2025-09-26 11:04:29,42.25,30000,42.25,U
sh600584,XD长电科,2025-09-26 11:04:32,42.25,28500,42.25,D
sh600584,XD长电科,2025-09-26 11:04:35,42.25,11600,42.25,U
sh600584,XD长电科,2025-09-26 11:04:41,42.24,7300,42.25,D
sh600584,XD长电科,2025-09-26 11:04:44,42.25,14800,42.24,U
sh600584,XD长电科,2025-09-26 11:04:53,42.26,7000,42.25,E
sh600584,XD长电科,2025-09-26 11:04:56,42.27,10000,42.26,U
sh600584,XD长电科,2025-09-26 11:04:59,42.28,13800,42.27,U
sh600584,XD长电科,2025-09-26 11:05:02,42.27,28400,42.28,E
sh600584,XD长电科,2025-09-26 11:05:05,42.25,14500,42.27,D
sh600584,XD长电科,2025-09-26 11:05:08,42.24,20040,42.25,D
sh600584,XD长电科,2025-09-26 11:05:11,42.25,8300,42.24,D
sh600584,XD长电科,2025-09-26 11:05:14,42.25,33500,42.25,U
sh600584,XD长电科,2025-09-26 11:05:17,42.25,8800,42.25,D
sh600584,XD长电科,2025-09-26 11:05:20,42.26,13500,42.25,U
sh600584,XD长电科,2025-09-26 11:05:26,42.24,8100,42.24,U
sh600584,XD长电科,2025-09-26 11:05:32,42.25,13700,42.24,U
sh600584,XD长电科,2025-09-26 11:05:35,42.24,13100,42.25,D
sh600584,XD长电科,2025-09-26 11:05:41,42.23,6700,42.23,E
sh600584,XD长电科,2025-09-26 11:05:44,42.2,10900,42.23,D
sh600584,XD长电科,2025-09-26 11:05:53,42.2,16100,42.2,D
sh600584,XD长电科,2025-09-26 11:05:56,42.22,119000,42.2,U
sh600584,XD长电科,2025-09-26 11:05:59,42.2,8200,42.22,D
sh600584,XD长电科,2025-09-26 11:06:02,42.2,18500,42.2,D
sh600584,XD长电科,2025-09-26 11:06:05,42.18,14500,42.2,D
sh600584,XD长电科,2025-09-26 11:06:11,42.2,5900,42.18,U
sh600584,XD长电科,2025-09-26 11:06:14,42.17,20700,42.2,D
sh600584,XD长电科,2025-09-26 11:06:17,42.18,15500,42.17,U
sh600584,XD长电科,2025-09-26 11:06:32,42.16,7300,42.16,U
sh600584,XD长电科,2025-09-26 11:06:38,42.14,7300,42.16,D
sh600584,XD长电科,2025-09-26 11:06:44,42.17,11500,42.15,U
sh600584,XD长电科,2025-09-26 11:06:47,42.15,11500,42.17,E
sh600584,XD长电科,2025-09-26 11:06:50,42.15,5700,42.15,E
sh600584,XD长电科,2025-09-26 11:06:53,42.14,6400,42.15,D
sh600584,XD长电科,2025-09-26 11:07:02,42.17,12700,42.14,U
sh600584,XD长电科,2025-09-26 11:07:05,42.17,13400,42.17,U
sh600584,XD长电科,2025-09-26 11:07:08,42.18,6200,42.17,U
sh600584,XD长电科,2025-09-26 11:07:11,42.14,31000,42.18,D
sh600584,XD长电科,2025-09-26 11:07:14,42.14,11000,42.14,U
sh600584,XD长电科,2025-09-26 11:07:20,42.14,7000,42.14,U
sh600584,XD长电科,2025-09-26 11:07:26,42.13,54500,42.15,D
sh600584,XD长电科,2025-09-26 11:07:29,42.11,49500,42.13,D
sh600584,XD长电科,2025-09-26 11:07:32,42.1,21100,42.11,D
sh600584,XD长电科,2025-09-26 11:07:35,42.1,6400,42.1,D
sh600584,XD长电科,2025-09-26 11:07:38,42.11,4800,42.1,U
sh600584,XD长电科,2025-09-26 11:07:53,42.13,9800,42.12,U
sh600584,XD长电科,2025-09-26 11:07:56,42.1,34900,42.13,D
sh600584,XD长电科,2025-09-26 11:07:59,42.12,22900,42.1,U
sh600584,XD长电科,2025-09-26 11:08:02,42.1,9000,42.12,E
sh600584,XD长电科,2025-09-26 11:08:05,42.09,7600,42.1,E
sh600584,XD长电科,2025-09-26 11:08:08,42.12,14200,42.09,U
sh600584,XD长电科,2025-09-26 11:08:14,42.1,12200,42.12,D
sh600584,XD长电科,2025-09-26 11:08:20,42.1,9500,42.1,U
sh600584,XD长电科,2025-09-26 11:08:23,42.09,5700,42.1,D
sh600584,XD长电科,2025-09-26 11:08:29,42.09,5700,42.09,U
sh600584,XD长电科,2025-09-26 11:08:35,42.08,12000,42.09,D
sh600584,XD长电科,2025-09-26 11:08:38,42.08,5800,42.08,D
sh600584,XD长电科,2025-09-26 11:08:44,42.08,9100,42.09,D
sh600584,XD长电科,2025-09-26 11:08:47,42.08,6300,42.08,U
sh600584,XD长电科,2025-09-26 11:08:53,42.06,55500,42.07,D
sh600584,XD长电科,2025-09-26 11:08:56,42.06,4900,42.06,D
sh600584,XD长电科,2025-09-26 11:08:59,42.06,6200,42.06,U
sh600584,XD长电科,2025-09-26 11:09:02,42.05,14000,42.06,D
sh600584,XD长电科,2025-09-26 11:09:05,42.05,7300,42.05,D
sh600584,XD长电科,2025-09-26 11:09:08,42.06,5600,42.05,U
sh600584,XD长电科,2025-09-26 11:09:11,42.06,17400,42.06,U
sh600584,XD长电科,2025-09-26 11:09:14,42.06,33800,42.06,U
sh600584,XD长电科,2025-09-26 11:09:20,42.07,6000,42.09,U
sh600584,XD长电科,2025-09-26 11:09:26,42.07,6700,42.07,U
sh600584,XD长电科,2025-09-26 11:09:32,42.07,6500,42.07,D
sh600584,XD长电科,2025-09-26 11:09:35,42.08,8000,42.07,D
sh600584,XD长电科,2025-09-26 11:09:41,42.08,9200,42.09,D
sh600584,XD长电科,2025-09-26 11:09:44,42.09,9100,42.08,U
sh600584,XD长电科,2025-09-26 11:09:50,42.1,6500,42.1,U
sh600584,XD长电科,2025-09-26 11:09:53,42.08,21900,42.1,D
sh600584,XD长电科,2025-09-26 11:09:56,42.1,7400,42.08,U
sh600584,XD长电科,2025-09-26 11:09:59,42.1,5700,42.1,D
sh600584,XD长电科,2025-09-26 11:10:02,42.07,73300,42.1,D
sh600584,XD长电科,2025-09-26 11:10:05,42.08,31500,42.07,U
sh600584,XD长电科,2025-09-26 11:10:14,42.08,11600,42.08,D
sh600584,XD长电科,2025-09-26 11:10:17,42.08,8900,42.08,D
sh600584,XD长电科,2025-09-26 11:10:20,42.06,9000,42.08,D
sh600584,XD长电科,2025-09-26 11:10:26,42.05,6700,42.05,E
sh600584,XD长电科,2025-09-26 11:10:29,42.03,32100,42.05,D
sh600584,XD长电科,2025-09-26 11:10:32,42.03,14700,42.03,D
sh600584,XD长电科,2025-09-26 11:10:35,42.03,38900,42.03,U
sh600584,XD长电科,2025-09-26 11:10:38,42.02,8100,42.03,E
sh600584,XD长电科,2025-09-26 11:10:41,42.02,10900,42.02,U
sh600584,XD长电科,2025-09-26 11:10:44,42.01,9700,42.02,D
sh600584,XD长电科,2025-09-26 11:10:47,42.02,11300,42.01,U
sh600584,XD长电科,2025-09-26 11:10:50,42.02,24200,42.02,U
sh600584,XD长电科,2025-09-26 11:10:53,42.02,27700,42.02,U
sh600584,XD长电科,2025-09-26 11:10:56,42.01,6000,42.02,E
sh600584,XD长电科,2025-09-26 11:10:59,42.02,63900,42.01,U
sh600584,XD长电科,2025-09-26 11:11:02,42.02,12900,42.02,U
sh600584,XD长电科,2025-09-26 11:11:05,42.01,14500,42.02,D
sh600584,XD长电科,2025-09-26 11:11:08,42.01,6300,42.01,U
sh600584,XD长电科,2025-09-26 11:11:11,42.01,4800,42.01,U
sh600584,XD长电科,2025-09-26 11:11:14,42.01,5100,42.01,U
sh600584,XD长电科,2025-09-26 11:11:17,42.01,46400,42.01,U
sh600584,XD长电科,2025-09-26 11:11:20,42.01,11800,42.01,U
sh600584,XD长电科,2025-09-26 11:11:23,42.0,12100,42.01,D
sh600584,XD长电科,2025-09-26 11:11:26,42.01,38300,42.0,U
sh600584,XD长电科,2025-09-26 11:11:29,42.0,5600,42.01,D
sh600584,XD长电科,2025-09-26 11:11:32,42.01,12000,42.0,U
sh600584,XD长电科,2025-09-26 11:11:35,42.01,5100,42.01,U
sh600584,XD长电科,2025-09-26 11:11:38,42.01,11700,42.01,U
sh600584,XD长电科,2025-09-26 11:11:41,42.02,7300,42.01,U
sh600584,XD长电科,2025-09-26 11:11:44,42.0,24100,42.02,D
sh600584,XD长电科,2025-09-26 11:11:47,42.0,5500,42.0,D
sh600584,XD长电科,2025-09-26 11:12:02,42.04,12000,42.02,U
sh600584,XD长电科,2025-09-26 11:12:08,42.01,7900,42.03,D
sh600584,XD长电科,2025-09-26 11:12:11,42.01,17500,42.01,D
sh600584,XD长电科,2025-09-26 11:12:14,42.0,58700,42.01,D
sh600584,XD长电科,2025-09-26 11:12:17,42.0,28200,42.0,D
sh600584,XD长电科,2025-09-26 11:12:20,41.99,79700,42.0,D
sh600584,XD长电科,2025-09-26 11:12:23,42.0,27700,41.99,U
sh600584,XD长电科,2025-09-26 11:12:26,41.99,7200,42.0,D
sh600584,XD长电科,2025-09-26 11:12:32,41.96,8700,41.98,D
sh600584,XD长电科,2025-09-26 11:12:38,41.97,12500,41.96,U
sh600584,XD长电科,2025-09-26 11:12:41,41.96,7300,41.97,D
sh600584,XD长电科,2025-09-26 11:12:44,41.96,24900,41.96,D
sh600584,XD长电科,2025-09-26 11:12:47,41.96,12500,41.96,E
sh600584,XD长电科,2025-09-26 11:12:50,41.96,16900,41.96,U
sh600584,XD长电科,2025-09-26 11:12:53,41.96,9100,41.96,E
sh600584,XD长电科,2025-09-26 11:12:56,41.96,19400,41.96,D
sh600584,XD长电科,2025-09-26 11:12:59,41.97,12600,41.96,U
sh600584,XD长电科,2025-09-26 11:13:02,41.96,40400,41.97,D
sh600584,XD长电科,2025-09-26 11:13:05,41.97,21300,41.96,U
sh600584,XD长电科,2025-09-26 11:13:08,41.96,16300,41.97,U
sh600584,XD长电科,2025-09-26 11:13:11,41.95,100200,41.96,U
sh600584,XD长电科,2025-09-26 11:13:14,41.94,53100,41.95,E
sh600584,XD长电科,2025-09-26 11:13:17,41.94,10800,41.94,U
sh600584,XD长电科,2025-09-26 11:13:20,41.92,19300,41.94,D
sh600584,XD长电科,2025-09-26 11:13:23,41.92,11400,41.92,U
sh600584,XD长电科,2025-09-26 11:13:26,41.92,8300,41.92,U
sh600584,XD长电科,2025-09-26 11:13:29,41.92,6300,41.92,D
sh600584,XD长电科,2025-09-26 11:13:32,41.92,7000,41.92,D
sh600584,XD长电科,2025-09-26 11:13:41,41.92,14900,41.92,D
sh600584,XD长电科,2025-09-26 11:13:53,41.95,9700,41.95,E
sh600584,XD长电科,2025-09-26 11:13:59,41.97,6500,41.97,D
sh600584,XD长电科,2025-09-26 11:14:02,41.94,18900,41.97,D
sh600584,XD长电科,2025-09-26 11:14:05,41.95,20200,41.94,E
