symbol,name,ticktime,price,volume,prev_price,kind
sh600584,长电科技,2025-09-29 09:25:00,41.33,959772,0.0,U
sh600584,长电科技,2025-09-29 09:30:02,41.35,65500,41.33,U
sh600584,长电科技,2025-09-29 09:30:05,41.35,53200,41.35,D
sh600584,长电科技,2025-09-29 09:30:08,41.38,273200,41.35,D
sh600584,长电科技,2025-09-29 09:30:11,41.4,108900,41.38,E
sh600584,长电科技,2025-09-29 09:30:14,41.43,138700,41.4,U
sh600584,长电科技,2025-09-29 09:30:17,41.33,173728,41.43,D
sh600584,长电科技,2025-09-29 09:30:20,41.34,84100,41.33,U
sh600584,长电科技,2025-09-29 09:30:23,41.4,95600,41.34,U
sh600584,长电科技,2025-09-29 09:30:26,41.34,125400,41.4,D
sh600584,长电科技,2025-09-29 09:30:29,41.33,119800,41.34,D
sh600584,长电科技,2025-09-29 09:30:32,41.3,171900,41.33,D
sh600584,长电科技,2025-09-29 09:30:35,41.25,135700,41.3,D
sh600584,长电科技,2025-09-29 09:30:38,41.28,44600,41.25,U
sh600584,长电科技,2025-09-29 09:30:41,41.23,45100,41.28,E
sh600584,长电科技,2025-09-29 09:30:44,41.19,54700,41.23,D
sh600584,长电科技,2025-09-29 09:30:47,41.18,49200,41.19,D
sh600584,长电科技,2025-09-29 09:30:50,41.18,38000,41.18,U
sh600584,长电科技,2025-09-29 09:30:53,41.18,59100,41.18,D
sh600584,长电科技,2025-09-29 09:30:56,41.21,75200,41.18,U
sh600584,长电科技,2025-09-29 09:30:59,41.25,33900,41.21,U
sh600584,长电科技,2025-09-29 09:31:02,41.23,41500,41.25,D
sh600584,长电科技,2025-09-29 09:31:05,41.28,19100,41.23,U
sh600584,长电科技,2025-09-29 09:31:08,41.28,31500,41.28,D
sh600584,长电科技,2025-09-29 09:31:11,41.28,51432,41.28,D
sh600584,长电科技,2025-09-29 09:31:14,41.32,72500,41.28,E
sh600584,长电科技,2025-09-29 09:31:17,41.33,50000,41.32,U
sh600584,长电科技,2025-09-29 09:31:20,41.33,65800,41.33,D
sh600584,长电科技,2025-09-29 09:31:23,41.34,21100,41.33,U
sh600584,长电科技,2025-09-29 09:31:26,41.35,17000,41.34,U
sh600584,长电科技,2025-09-29 09:31:29,41.36,32600,41.35,U
sh600584,长电科技,2025-09-29 09:31:32,41.39,90400,41.36,U
sh600584,长电科技,2025-09-29 09:31:35,41.4,61100,41.39,U
sh600584,长电科技,2025-09-29 09:31:38,41.42,52600,41.4,U
sh600584,长电科技,2025-09-29 09:31:41,41.42,15700,41.42,D
sh600584,长电科技,2025-09-29 09:31:44,41.44,44300,41.42,D
sh600584,长电科技,2025-09-29 09:31:47,41.47,37600,41.44,U
sh600584,长电科技,2025-09-29 09:31:50,41.49,12100,41.47,U
sh600584,长电科技,2025-09-29 09:31:53,41.53,42700,41.49,U
sh600584,长电科技,2025-09-29 09:31:56,41.53,21000,41.53,U
sh600584,长电科技,2025-09-29 09:31:59,41.55,73872,41.53,U
sh600584,长电科技,2025-09-29 09:32:02,41.55,63000,41.55,D
sh600584,长电科技,2025-09-29 09:32:05,41.4,460628,41.55,D
sh600584,长电科技,2025-09-29 09:32:08,41.49,99800,41.4,U
sh600584,长电科技,2025-09-29 09:32:11,41.49,55100,41.49,U
sh600584,长电科技,2025-09-29 09:32:14,41.48,71400,41.49,U
sh600584,长电科技,2025-09-29 09:32:17,41.54,148200,41.48,U
sh600584,长电科技,2025-09-29 09:32:20,41.54,35200,41.54,D
sh600584,长电科技,2025-09-29 09:32:23,41.53,43100,41.54,E
sh600584,长电科技,2025-09-29 09:32:26,41.5,43700,41.53,D
sh600584,长电科技,2025-09-29 09:32:29,41.5,68500,41.5,U
sh600584,长电科技,2025-09-29 09:32:32,41.5,39675,41.5,U
sh600584,长电科技,2025-09-29 09:32:35,41.5,56825,41.5,D
sh600584,长电科技,2025-09-29 09:32:38,41.58,330500,41.5,U
sh600584,长电科技,2025-09-29 09:32:41,41.58,51300,41.58,D
sh600584,长电科技,2025-09-29 09:32:44,41.56,36700,41.58,E
sh600584,长电科技,2025-09-29 09:32:47,41.55,32200,41.56,U
sh600584,长电科技,2025-09-29 09:32:50,41.55,38100,41.55,D
sh600584,长电科技,2025-09-29 09:32:53,41.57,62000,41.55,U
sh600584,长电科技,2025-09-29 09:32:56,41.56,65200,41.57,D
sh600584,长电科技,2025-09-29 09:32:59,41.55,72200,41.56,D
sh600584,长电科技,2025-09-29 09:33:02,41.55,96700,41.55,D
sh600584,长电科技,2025-09-29 09:33:05,41.5,59300,41.55,D
sh600584,长电科技,2025-09-29 09:33:08,41.57,94100,41.5,U
sh600584,长电科技,2025-09-29 09:33:11,41.62,74900,41.57,U
sh600584,长电科技,2025-09-29 09:33:14,41.66,93500,41.62,U
sh600584,长电科技,2025-09-29 09:33:17,41.64,43800,41.66,E
sh600584,长电科技,2025-09-29 09:33:20,41.66,37600,41.64,U
sh600584,长电科技,2025-09-29 09:33:23,41.65,89300,41.66,D
sh600584,长电科技,2025-09-29 09:33:26,41.66,52100,41.65,U
sh600584,长电科技,2025-09-29 09:33:29,41.64,56600,41.66,E
sh600584,长电科技,2025-09-29 09:33:32,41.54,136900,41.64,D
sh600584,长电科技,2025-09-29 09:33:35,41.52,77500,41.54,E
sh600584,长电科技,2025-09-29 09:33:38,41.47,12100,41.52,D
sh600584,长电科技,2025-09-29 09:33:41,41.45,22900,41.47,D
sh600584,长电科技,2025-09-29 09:33:44,41.45,12600,41.45,D
sh600584,长电科技,2025-09-29 09:33:47,41.46,24200,41.45,U
sh600584,长电科技,2025-09-29 09:33:50,41.47,31300,41.46,D
sh600584,长电科技,2025-09-29 09:33:53,41.45,28600,41.47,D
sh600584,长电科技,2025-09-29 09:33:56,41.45,30300,41.45,D
sh600584,长电科技,2025-09-29 09:33:59,41.41,34500,41.45,D
sh600584,长电科技,2025-09-29 09:34:02,41.4,78700,41.41,D
sh600584,长电科技,2025-09-29 09:34:05,41.34,109200,41.4,D
sh600584,长电科技,2025-09-29 09:34:08,41.32,31200,41.34,D
sh600584,长电科技,2025-09-29 09:34:11,41.33,47700,41.32,U
sh600584,长电科技,2025-09-29 09:34:14,41.3,17200,41.33,D
sh600584,长电科技,2025-09-29 09:34:17,41.3,26500,41.3,D
sh600584,长电科技,2025-09-29 09:34:20,41.32,110311,41.3,U
sh600584,长电科技,2025-09-29 09:34:23,41.3,18900,41.32,D
sh600584,长电科技,2025-09-29 09:34:26,41.3,48700,41.3,D
sh600584,长电科技,2025-09-29 09:34:29,41.3,58700,41.3,D
sh600584,长电科技,2025-09-29 09:34:32,41.31,41100,41.3,D
sh600584,长电科技,2025-09-29 09:34:35,41.3,19500,41.31,D
sh600584,长电科技,2025-09-29 09:34:38,41.31,32900,41.3,U
sh600584,长电科技,2025-09-29 09:34:41,41.3,42800,41.31,D
sh600584,长电科技,2025-09-29 09:34:44,41.31,106800,41.3,U
sh600584,长电科技,2025-09-29 09:34:47,41.28,38200,41.31,D
sh600584,长电科技,2025-09-29 09:34:50,41.28,13200,41.28,E
sh600584,长电科技,2025-09-29 09:34:53,41.28,15300,41.28,U
sh600584,长电科技,2025-09-29 09:34:56,41.28,36800,41.28,U
sh600584,长电科技,2025-09-29 09:34:59,41.25,50300,41.28,D
sh600584,长电科技,2025-09-29 09:35:02,41.24,28900,41.25,D
sh600584,长电科技,2025-09-29 09:35:05,41.23,64300,41.24,D
sh600584,长电科技,2025-09-29 09:35:08,41.23,34800,41.23,U
sh600584,长电科技,2025-09-29 09:35:11,41.21,19200,41.23,D
sh600584,长电科技,2025-09-29 09:35:14,41.21,86400,41.21,U
sh600584,长电科技,2025-09-29 09:35:17,41.23,45200,41.21,D
sh600584,长电科技,2025-09-29 09:35:20,41.31,109700,41.23,U
sh600584,长电科技,2025-09-29 09:35:23,41.32,44400,41.31,U
sh600584,长电科技,2025-09-29 09:35:26,41.36,33300,41.32,U
sh600584,长电科技,2025-09-29 09:35:29,41.32,17700,41.36,D
sh600584,长电科技,2025-09-29 09:35:32,41.36,22100,41.32,U
sh600584,长电科技,2025-09-29 09:35:35,41.36,31100,41.36,U
sh600584,长电科技,2025-09-29 09:35:38,41.37,26600,41.36,U
sh600584,长电科技,2025-09-29 09:35:41,41.38,18100,41.37,U
sh600584,长电科技,2025-09-29 09:35:44,41.39,17600,41.38,U
sh600584,长电科技,2025-09-29 09:35:47,41.39,15200,41.39,D
sh600584,长电科技,2025-09-29 09:35:50,41.43,45800,41.39,U
sh600584,长电科技,2025-09-29 09:35:53,41.43,12500,41.43,U
sh600584,长电科技,2025-09-29 09:35:56,41.43,21100,41.43,U
sh600584,长电科技,2025-09-29 09:35:59,41.5,42700,41.43,U
sh600584,长电科技,2025-09-29 09:36:02,41.5,47000,41.5,U
sh600584,长电科技,2025-09-29 09:36:05,41.49,29400,41.5,D
sh600584,长电科技,2025-09-29 09:36:08,41.48,55900,41.49,D
sh600584,长电科技,2025-09-29 09:36:11,41.49,17900,41.48,U
sh600584,长电科技,2025-09-29 09:36:14,41.48,24000,41.49,E
sh600584,长电科技,2025-09-29 09:36:17,41.46,20100,41.48,U
sh600584,长电科技,2025-09-29 09:36:20,41.42,146400,41.46,D
sh600584,长电科技,2025-09-29 09:36:23,41.36,21200,41.42,D
sh600584,长电科技,2025-09-29 09:36:26,41.42,30000,41.36,U
sh600584,长电科技,2025-09-29 09:36:29,41.41,36700,41.42,U
sh600584,长电科技,2025-09-29 09:36:32,41.41,41800,41.41,U
sh600584,长电科技,2025-09-29 09:36:35,41.4,36300,41.41,D
sh600584,长电科技,2025-09-29 09:36:38,41.4,23600,41.4,U
sh600584,长电科技,2025-09-29 09:36:41,41.38,28400,41.4,D
sh600584,长电科技,2025-09-29 09:36:44,41.38,37900,41.38,D
sh600584,长电科技,2025-09-29 09:36:47,41.41,45200,41.38,U
sh600584,长电科技,2025-09-29 09:36:50,41.4,44500,41.41,E
sh600584,长电科技,2025-09-29 09:36:53,41.45,30700,41.4,U
sh600584,长电科技,2025-09-29 09:36:56,41.49,134100,41.45,U
sh600584,长电科技,2025-09-29 09:36:59,41.49,30000,41.49,D
sh600584,长电科技,2025-09-29 09:37:02,41.45,23800,41.49,D
sh600584,长电科技,2025-09-29 09:37:05,41.44,35000,41.45,D
sh600584,长电科技,2025-09-29 09:37:08,41.44,19600,41.44,D
sh600584,长电科技,2025-09-29 09:37:11,41.36,215700,41.44,D
sh600584,长电科技,2025-09-29 09:37:14,41.34,44100,41.36,D
sh600584,长电科技,2025-09-29 09:37:17,41.35,17100,41.34,U
sh600584,长电科技,2025-09-29 09:37:20,41.33,35300,41.35,D
sh600584,长电科技,2025-09-29 09:37:23,41.35,29900,41.33,U
sh600584,长电科技,2025-09-29 09:37:26,41.34,41500,41.35,D
sh600584,长电科技,2025-09-29 09:37:29,41.37,23800,41.34,U
sh600584,长电科技,2025-09-29 09:37:32,41.35,12600,41.37,D
sh600584,长电科技,2025-09-29 09:37:35,41.35,21800,41.35,U
sh600584,长电科技,2025-09-29 09:37:38,41.36,93400,41.35,U
sh600584,长电科技,2025-09-29 09:37:41,41.34,33100,41.36,D
sh600584,长电科技,2025-09-29 09:37:44,41.36,57600,41.34,U
sh600584,长电科技,2025-09-29 09:37:47,41.33,39800,41.36,D
sh600584,长电科技,2025-09-29 09:37:50,41.35,16500,41.33,D
sh600584,长电科技,2025-09-29 09:37:53,41.35,63000,41.35,U
sh600584,长电科技,2025-09-29 09:37:56,41.33,37700,41.35,D
sh600584,长电科技,2025-09-29 09:37:59,41.34,22600,41.33,U
sh600584,长电科技,2025-09-29 09:38:02,41.36,31000,41.34,U
sh600584,长电科技,2025-09-29 09:38:05,41.37,38300,41.36,U
sh600584,长电科技,2025-09-29 09:38:08,41.4,21600,41.37,U
sh600584,长电科技,2025-09-29 09:38:11,41.4,29200,41.4,U
sh600584,长电科技,2025-09-29 09:38:14,41.4,11800,41.4,D
sh600584,长电科技,2025-09-29 09:38:17,41.44,76100,41.4,U
sh600584,长电科技,2025-09-29 09:38:20,41.45,19200,41.44,E
sh600584,长电科技,2025-09-29 09:38:23,41.47,18600,41.45,U
sh600584,长电科技,2025-09-29 09:38:26,41.45,20000,41.47,D
sh600584,长电科技,2025-09-29 09:38:29,41.44,19300,41.45,E
sh600584,长电科技,2025-09-29 09:38:32,41.45,26600,41.44,U
sh600584,长电科技,2025-09-29 09:38:35,41.45,32000,41.45,U
sh600584,长电科技,2025-09-29 09:38:38,41.45,59900,41.45,D
sh600584,长电科技,2025-09-29 09:38:41,41.46,31800,41.45,E
sh600584,长电科技,2025-09-29 09:38:44,41.46,28300,41.46,D
sh600584,长电科技,2025-09-29 09:38:47,41.45,27800,41.46,D
sh600584,长电科技,2025-09-29 09:38:50,41.42,100000,41.45,D
sh600584,长电科技,2025-09-29 09:38:53,41.42,20400,41.42,U
sh600584,长电科技,2025-09-29 09:38:56,41.42,10200,41.42,U
sh600584,长电科技,2025-09-29 09:38:59,41.42,15600,41.42,D
sh600584,长电科技,2025-09-29 09:39:02,41.39,70300,41.42,D
sh600584,长电科技,2025-09-29 09:39:05,41.38,33200,41.39,E
sh600584,长电科技,2025-09-29 09:39:08,41.37,20000,41.38,D
sh600584,长电科技,2025-09-29 09:39:11,41.33,161200,41.37,D
sh600584,长电科技,2025-09-29 09:39:14,41.32,26300,41.33,D
sh600584,长电科技,2025-09-29 09:39:17,41.26,120700,41.32,D
sh600584,长电科技,2025-09-29 09:39:20,41.24,65600,41.26,D
sh600584,长电科技,2025-09-29 09:39:23,41.21,5000,41.24,D
sh600584,长电科技,2025-09-29 09:39:26,41.21,18700,41.21,D
sh600584,长电科技,2025-09-29 09:39:29,41.21,76500,41.21,D
sh600584,长电科技,2025-09-29 09:39:32,41.21,90700,41.21,D
sh600584,长电科技,2025-09-29 09:39:35,41.21,30000,41.21,U
sh600584,长电科技,2025-09-29 09:39:38,41.23,47700,41.21,U
sh600584,长电科技,2025-09-29 09:39:41,41.23,22000,41.23,U
sh600584,长电科技,2025-09-29 09:39:44,41.22,26000,41.23,U
sh600584,长电科技,2025-09-29 09:39:47,41.2,70900,41.22,D
sh600584,长电科技,2025-09-29 09:39:50,41.21,28100,41.2,U
sh600584,长电科技,2025-09-29 09:39:53,41.2,51500,41.21,D
sh600584,长电科技,2025-09-29 09:39:56,41.19,24500,41.2,D
sh600584,长电科技,2025-09-29 09:39:59,41.19,66400,41.19,D
sh600584,长电科技,2025-09-29 09:40:02,41.19,31700,41.19,U
sh600584,长电科技,2025-09-29 09:40:05,41.14,216000,41.19,D
sh600584,长电科技,2025-09-29 09:40:08,41.12,11700,41.14,D
sh600584,长电科技,2025-09-29 09:40:11,41.11,53300,41.12,D
sh600584,长电科技,2025-09-29 09:40:14,41.08,48800,41.11,D
sh600584,长电科技,2025-09-29 09:40:17,41.07,29700,41.08,D
sh600584,长电科技,2025-09-29 09:40:20,41.1,86500,41.07,U
sh600584,长电科技,2025-09-29 09:40:23,41.11,87800,41.1,U
sh600584,长电科技,2025-09-29 09:40:26,41.08,42800,41.11,D
sh600584,长电科技,2025-09-29 09:40:29,41.06,35100,41.08,D
sh600584,长电科技,2025-09-29 09:40:32,41.06,56900,41.06,D
sh600584,长电科技,2025-09-29 09:40:35,41.1,118000,41.06,U
sh600584,长电科技,2025-09-29 09:40:38,41.1,57100,41.1,D
sh600584,长电科技,2025-09-29 09:40:41,41.1,28200,41.1,D
sh600584,长电科技,2025-09-29 09:40:44,41.09,51700,41.1,D
sh600584,长电科技,2025-09-29 09:40:47,41.07,45400,41.09,D
sh600584,长电科技,2025-09-29 09:40:50,41.09,62400,41.07,U
sh600584,长电科技,2025-09-29 09:40:53,41.09,123900,41.09,D
sh600584,长电科技,2025-09-29 09:40:56,41.09,46500,41.09,D
sh600584,长电科技,2025-09-29 09:40:59,41.09,65000,41.09,U
sh600584,长电科技,2025-09-29 09:41:02,41.1,121500,41.09,U
sh600584,长电科技,2025-09-29 09:41:05,41.13,160666,41.1,U
sh600584,长电科技,2025-09-29 09:41:08,41.13,51200,41.13,D
sh600584,长电科技,2025-09-29 09:41:11,41.2,31800,41.13,U
sh600584,长电科技,2025-09-29 09:41:14,41.2,28200,41.2,D
sh600584,长电科技,2025-09-29 09:41:17,41.23,40100,41.2,U
sh600584,长电科技,2025-09-29 09:41:20,41.3,127300,41.23,U
sh600584,长电科技,2025-09-29 09:41:23,41.25,10800,41.3,D
sh600584,长电科技,2025-09-29 09:41:26,41.31,74000,41.25,U
sh600584,长电科技,2025-09-29 09:41:29,41.25,46600,41.31,D
sh600584,长电科技,2025-09-29 09:41:32,41.29,25700,41.25,U
sh600584,长电科技,2025-09-29 09:41:35,41.28,15600,41.29,U
sh600584,长电科技,2025-09-29 09:41:38,41.28,8300,41.28,D
sh600584,长电科技,2025-09-29 09:41:41,41.3,8700,41.28,U
sh600584,长电科技,2025-09-29 09:41:44,41.31,23500,41.3,U
sh600584,长电科技,2025-09-29 09:41:47,41.31,33000,41.31,U
sh600584,长电科技,2025-09-29 09:41:50,41.31,41000,41.31,U
sh600584,长电科技,2025-09-29 09:41:53,41.31,11000,41.31,D
sh600584,长电科技,2025-09-29 09:41:56,41.33,27900,41.31,U
sh600584,长电科技,2025-09-29 09:41:59,41.32,15400,41.33,D
sh600584,长电科技,2025-09-29 09:42:02,41.31,58400,41.32,D
sh600584,长电科技,2025-09-29 09:42:05,41.3,21700,41.31,D
sh600584,长电科技,2025-09-29 09:42:08,41.28,40100,41.3,D
sh600584,长电科技,2025-09-29 09:42:11,41.3,21500,41.28,U
sh600584,长电科技,2025-09-29 09:42:14,41.3,18400,41.3,U
sh600584,长电科技,2025-09-29 09:42:17,41.28,12800,41.3,D
sh600584,长电科技,2025-09-29 09:42:20,41.26,44000,41.28,D
sh600584,长电科技,2025-09-29 09:42:23,41.26,30500,41.26,D
sh600584,长电科技,2025-09-29 09:42:26,41.25,26600,41.26,D
sh600584,长电科技,2025-09-29 09:42:29,41.27,81000,41.25,U
sh600584,长电科技,2025-09-29 09:42:32,41.29,72000,41.27,U
sh600584,长电科技,2025-09-29 09:42:35,41.33,23000,41.29,U
sh600584,长电科技,2025-09-29 09:42:38,41.27,52100,41.33,D
sh600584,长电科技,2025-09-29 09:42:41,41.29,7800,41.27,U
sh600584,长电科技,2025-09-29 09:42:44,41.32,18000,41.29,U
sh600584,长电科技,2025-09-29 09:42:47,41.3,73200,41.32,D
sh600584,长电科技,2025-09-29 09:42:50,41.29,22000,41.3,D
sh600584,长电科技,2025-09-29 09:42:53,41.28,8800,41.29,D
sh600584,长电科技,2025-09-29 09:42:56,41.28,37100,41.28,D
sh600584,长电科技,2025-09-29 09:42:59,41.25,67700,41.28,D
sh600584,长电科技,2025-09-29 09:43:02,41.28,47500,41.25,U
sh600584,长电科技,2025-09-29 09:43:05,41.28,11500,41.28,D
sh600584,长电科技,2025-09-29 09:43:08,41.25,9400,41.28,D
sh600584,长电科技,2025-09-29 09:43:11,41.27,11500,41.25,D
sh600584,长电科技,2025-09-29 09:43:14,41.26,7000,41.27,D
sh600584,长电科技,2025-09-29 09:43:17,41.25,18400,41.26,D
sh600584,长电科技,2025-09-29 09:43:20,41.25,19500,41.25,D
sh600584,长电科技,2025-09-29 09:43:23,41.27,100000,41.25,U
sh600584,长电科技,2025-09-29 09:43:26,41.27,34100,41.27,D
sh600584,长电科技,2025-09-29 09:43:29,41.27,10700,41.27,D
sh600584,长电科技,2025-09-29 09:43:32,41.25,15800,41.27,D
sh600584,长电科技,2025-09-29 09:43:35,41.25,13300,41.25,U
sh600584,长电科技,2025-09-29 09:43:38,41.25,9600,41.25,U
sh600584,长电科技,2025-09-29 09:43:41,41.24,14100,41.25,D
sh600584,长电科技,2025-09-29 09:43:44,41.24,17400,41.24,D
sh600584,长电科技,2025-09-29 09:43:47,41.21,78000,41.24,D
sh600584,长电科技,2025-09-29 09:43:50,41.2,6000,41.21,D
sh600584,长电科技,2025-09-29 09:43:53,41.2,67700,41.2,D
sh600584,长电科技,2025-09-29 09:43:56,41.19,36800,41.2,D
sh600584,长电科技,2025-09-29 09:43:59,41.15,36200,41.19,D
sh600584,长电科技,2025-09-29 09:44:02,41.14,5600,41.15,D
sh600584,长电科技,2025-09-29 09:44:08,41.14,24300,41.14,U
sh600584,长电科技,2025-09-29 09:44:11,41.14,62400,41.14,U
sh600584,长电科技,2025-09-29 09:44:14,41.15,36300,41.14,E
sh600584,长电科技,2025-09-29 09:44:17,41.16,15500,41.15,D
sh600584,长电科技,2025-09-29 09:44:20,41.19,14700,41.16,U
sh600584,长电科技,2025-09-29 09:44:23,41.19,20600,41.19,U
sh600584,长电科技,2025-09-29 09:44:26,41.19,10100,41.19,U
sh600584,长电科技,2025-09-29 09:44:29,41.19,13700,41.19,D
sh600584,长电科技,2025-09-29 09:44:32,41.19,14300,41.19,D
sh600584,长电科技,2025-09-29 09:44:35,41.19,40500,41.19,U
sh600584,长电科技,2025-09-29 09:44:38,41.17,32200,41.19,D
sh600584,长电科技,2025-09-29 09:44:41,41.15,85800,41.17,D
sh600584,长电科技,2025-09-29 09:44:44,41.14,24500,41.15,D
sh600584,长电科技,2025-09-29 09:44:47,41.06,274300,41.14,D
sh600584,长电科技,2025-09-29 09:44:50,41.09,48200,41.06,U
sh600584,长电科技,2025-09-29 09:44:53,41.07,17300,41.09,E
sh600584,长电科技,2025-09-29 09:44:56,41.06,53300,41.07,D
sh600584,长电科技,2025-09-29 09:44:59,41.06,61700,41.06,D
sh600584,长电科技,2025-09-29 09:45:02,41.06,42900,41.06,U
sh600584,长电科技,2025-09-29 09:45:05,41.05,85700,41.06,D
sh600584,长电科技,2025-09-29 09:45:08,41.05,32900,41.05,U
sh600584,长电科技,2025-09-29 09:45:11,41.04,72400,41.05,D
sh600584,长电科技,2025-09-29 09:45:14,41.05,38400,41.04,U
sh600584,长电科技,2025-09-29 09:45:17,41.04,37000,41.05,D
sh600584,长电科技,2025-09-29 09:45:20,41.06,157400,41.04,U
sh600584,长电科技,2025-09-29 09:45:23,41.07,61700,41.06,U
sh600584,长电科技,2025-09-29 09:45:26,41.07,80600,41.07,D
sh600584,长电科技,2025-09-29 09:45:29,41.06,20100,41.07,D
sh600584,长电科技,2025-09-29 09:45:32,41.06,28400,41.06,U
sh600584,长电科技,2025-09-29 09:45:35,41.05,53900,41.06,D
sh600584,长电科技,2025-09-29 09:45:38,41.04,31800,41.05,D
sh600584,长电科技,2025-09-29 09:45:41,41.04,11000,41.04,D
sh600584,长电科技,2025-09-29 09:45:44,41.03,24800,41.04,D
sh600584,长电科技,2025-09-29 09:45:47,41.03,41400,41.03,D
sh600584,长电科技,2025-09-29 09:45:50,41.03,43700,41.03,U
sh600584,长电科技,2025-09-29 09:45:53,41.03,34800,41.03,U
sh600584,长电科技,2025-09-29 09:45:56,41.04,208800,41.03,U
sh600584,长电科技,2025-09-29 09:45:59,41.02,105700,41.04,D
sh600584,长电科技,2025-09-29 09:46:02,41.04,12300,41.02,U
sh600584,长电科技,2025-09-29 09:46:05,41.03,26900,41.04,D
sh600584,长电科技,2025-09-29 09:46:08,41.06,131900,41.03,U
sh600584,长电科技,2025-09-29 09:46:11,41.04,37400,41.06,D
sh600584,长电科技,2025-09-29 09:46:14,41.08,23900,41.04,U
sh600584,长电科技,2025-09-29 09:46:17,41.11,50300,41.08,U
sh600584,长电科技,2025-09-29 09:46:20,41.12,30300,41.11,U
sh600584,长电科技,2025-09-29 09:46:23,41.14,15600,41.12,U
sh600584,长电科技,2025-09-29 09:46:26,41.1,19700,41.14,D
sh600584,长电科技,2025-09-29 09:46:29,41.11,15300,41.1,U
sh600584,长电科技,2025-09-29 09:46:32,41.11,16900,41.11,U
sh600584,长电科技,2025-09-29 09:46:35,41.09,24500,41.11,D
sh600584,长电科技,2025-09-29 09:46:38,41.08,94000,41.09,D
sh600584,长电科技,2025-09-29 09:46:41,41.08,19100,41.08,E
sh600584,长电科技,2025-09-29 09:46:44,41.08,29900,41.08,D
sh600584,长电科技,2025-09-29 09:46:47,41.08,21700,41.08,D
sh600584,长电科技,2025-09-29 09:46:50,41.08,30500,41.08,D
sh600584,长电科技,2025-09-29 09:46:53,41.07,45400,41.08,D
sh600584,长电科技,2025-09-29 09:46:56,41.07,7900,41.07,D
sh600584,长电科技,2025-09-29 09:46:59,41.07,19800,41.07,D
sh600584,长电科技,2025-09-29 09:47:02,41.08,61800,41.07,U
sh600584,长电科技,2025-09-29 09:47:05,41.06,26000,41.08,D
sh600584,长电科技,2025-09-29 09:47:08,41.06,37900,41.06,U
sh600584,长电科技,2025-09-29 09:47:11,41.06,16400,41.06,D
sh600584,长电科技,2025-09-29 09:47:14,41.03,122000,41.06,D
sh600584,长电科技,2025-09-29 09:47:17,41.01,183600,41.03,D
sh600584,长电科技,2025-09-29 09:47:20,41.02,26100,41.01,U
sh600584,长电科技,2025-09-29 09:47:23,41.01,19300,41.02,D
sh600584,长电科技,2025-09-29 09:47:26,41.01,51400,41.01,D
sh600584,长电科技,2025-09-29 09:47:29,41.01,65600,41.01,D
sh600584,长电科技,2025-09-29 09:47:32,41.01,50200,41.01,D
sh600584,长电科技,2025-09-29 09:47:35,40.97,369800,41.01,D
sh600584,长电科技,2025-09-29 09:47:38,40.97,18500,40.97,D
sh600584,长电科技,2025-09-29 09:47:41,40.93,14300,40.97,D
sh600584,长电科技,2025-09-29 09:47:44,40.93,34200,40.93,D
sh600584,长电科技,2025-09-29 09:47:47,40.92,37400,40.93,D
sh600584,长电科技,2025-09-29 09:47:50,40.91,44800,40.92,D
sh600584,长电科技,2025-09-29 09:47:53,40.89,54800,40.91,D
sh600584,长电科技,2025-09-29 09:47:56,40.89,19300,40.89,D
sh600584,长电科技,2025-09-29 09:47:59,40.97,259600,40.89,U
sh600584,长电科技,2025-09-29 09:48:02,40.91,120300,40.97,D
sh600584,长电科技,2025-09-29 09:48:05,40.92,28800,40.91,E
sh600584,长电科技,2025-09-29 09:48:08,40.98,62600,40.92,U
sh600584,长电科技,2025-09-29 09:48:11,41.01,155100,40.98,U
sh600584,长电科技,2025-09-29 09:48:14,41.03,68700,41.01,E
sh600584,长电科技,2025-09-29 09:48:17,41.08,169900,41.03,U
sh600584,长电科技,2025-09-29 09:48:20,41.08,49700,41.08,E
sh600584,长电科技,2025-09-29 09:48:23,41.04,24000,41.08,E
sh600584,长电科技,2025-09-29 09:48:26,41.02,45600,41.04,E
sh600584,长电科技,2025-09-29 09:48:29,41.03,54400,41.02,U
sh600584,长电科技,2025-09-29 09:48:32,41.03,76300,41.03,U
sh600584,长电科技,2025-09-29 09:48:35,41.03,45600,41.03,D
sh600584,长电科技,2025-09-29 09:48:38,41.03,23500,41.03,U
sh600584,长电科技,2025-09-29 09:48:41,41.03,29100,41.03,D
sh600584,长电科技,2025-09-29 09:48:44,41.03,41400,41.03,U
sh600584,长电科技,2025-09-29 09:48:47,41.03,59900,41.03,D
sh600584,长电科技,2025-09-29 09:48:50,41.02,28900,41.03,D
sh600584,长电科技,2025-09-29 09:48:53,41.03,35800,41.02,U
sh600584,长电科技,2025-09-29 09:48:56,41.03,31000,41.03,U
sh600584,长电科技,2025-09-29 09:48:59,41.1,128600,41.03,U
sh600584,长电科技,2025-09-29 09:49:02,41.07,47100,41.1,D
sh600584,长电科技,2025-09-29 09:49:05,41.05,18300,41.07,D
sh600584,长电科技,2025-09-29 09:49:08,41.08,20100,41.05,U
sh600584,长电科技,2025-09-29 09:49:11,41.05,8500,41.08,D
sh600584,长电科技,2025-09-29 09:49:14,41.05,32400,41.05,D
sh600584,长电科技,2025-09-29 09:49:17,41.05,18200,41.05,U
sh600584,长电科技,2025-09-29 09:49:20,41.04,76600,41.05,D
sh600584,长电科技,2025-09-29 09:49:23,41.06,46900,41.04,U
sh600584,长电科技,2025-09-29 09:49:26,41.01,22000,41.06,D
sh600584,长电科技,2025-09-29 09:49:29,41.03,16800,41.01,E
sh600584,长电科技,2025-09-29 09:49:32,41.04,12800,41.03,E
sh600584,长电科技,2025-09-29 09:49:35,41.04,23800,41.04,U
sh600584,长电科技,2025-09-29 09:49:38,41.03,15400,41.04,U
sh600584,长电科技,2025-09-29 09:49:41,41.03,60300,41.03,U
sh600584,长电科技,2025-09-29 09:49:44,41.03,14100,41.03,D
sh600584,长电科技,2025-09-29 09:49:47,41.03,39600,41.03,U
sh600584,长电科技,2025-09-29 09:49:50,41.04,34800,41.03,U
sh600584,长电科技,2025-09-29 09:49:53,41.03,57300,41.04,D
sh600584,长电科技,2025-09-29 09:49:56,41.04,36800,41.03,D
sh600584,长电科技,2025-09-29 09:49:59,41.04,33200,41.04,U
sh600584,长电科技,2025-09-29 09:50:02,41.02,18700,41.04,D
sh600584,长电科技,2025-09-29 09:50:05,40.98,78400,41.02,D
sh600584,长电科技,2025-09-29 09:50:08,40.97,33900,40.98,D
sh600584,长电科技,2025-09-29 09:50:11,40.95,39500,40.97,D
sh600584,长电科技,2025-09-29 09:50:14,40.93,22800,40.95,E
sh600584,长电科技,2025-09-29 09:50:17,40.91,24900,40.93,D
sh600584,长电科技,2025-09-29 09:50:20,40.9,21700,40.91,D
sh600584,长电科技,2025-09-29 09:50:23,40.91,38600,40.9,U
sh600584,长电科技,2025-09-29 09:50:26,40.9,40800,40.91,D
sh600584,长电科技,2025-09-29 09:50:29,40.9,21500,40.9,U
sh600584,长电科技,2025-09-29 09:50:32,40.89,61300,40.9,D
sh600584,长电科技,2025-09-29 09:50:35,40.89,60600,40.89,D
sh600584,长电科技,2025-09-29 09:50:38,40.89,13300,40.89,U
sh600584,长电科技,2025-09-29 09:50:41,40.88,75800,40.89,D
sh600584,长电科技,2025-09-29 09:50:44,40.87,21400,40.88,D
sh600584,长电科技,2025-09-29 09:50:47,40.87,29600,40.87,U
sh600584,长电科技,2025-09-29 09:50:50,40.85,40300,40.87,D
sh600584,长电科技,2025-09-29 09:50:53,40.86,36400,40.85,U
sh600584,长电科技,2025-09-29 09:50:56,40.83,64400,40.86,D
sh600584,长电科技,2025-09-29 09:50:59,40.82,34900,40.83,D
sh600584,长电科技,2025-09-29 09:51:02,40.83,37400,40.82,D
sh600584,长电科技,2025-09-29 09:51:05,40.81,129000,40.83,D
sh600584,长电科技,2025-09-29 09:51:08,40.8,46200,40.81,D
sh600584,长电科技,2025-09-29 09:51:11,40.8,61300,40.8,D
sh600584,长电科技,2025-09-29 09:51:14,40.83,228500,40.8,U
sh600584,长电科技,2025-09-29 09:51:17,40.85,120497,40.83,U
sh600584,长电科技,2025-09-29 09:51:20,40.82,64700,40.85,D
sh600584,长电科技,2025-09-29 09:51:23,40.81,43700,40.82,D
sh600584,长电科技,2025-09-29 09:51:26,40.82,25800,40.81,D
sh600584,长电科技,2025-09-29 09:51:29,40.81,64100,40.82,D
sh600584,长电科技,2025-09-29 09:51:32,40.81,43600,40.81,U
sh600584,长电科技,2025-09-29 09:51:35,40.8,96300,40.81,D
sh600584,长电科技,2025-09-29 09:51:38,40.81,40500,40.8,U
sh600584,长电科技,2025-09-29 09:51:41,40.8,73900,40.81,D
sh600584,长电科技,2025-09-29 09:51:44,40.8,75600,40.8,U
sh600584,长电科技,2025-09-29 09:51:47,40.79,43800,40.8,D
sh600584,长电科技,2025-09-29 09:51:50,40.78,128000,40.79,D
sh600584,长电科技,2025-09-29 09:51:53,40.79,58000,40.78,U
sh600584,长电科技,2025-09-29 09:51:56,40.8,51200,40.79,U
sh600584,长电科技,2025-09-29 09:51:59,40.79,48200,40.8,D
sh600584,长电科技,2025-09-29 09:52:02,40.79,88900,40.79,U
sh600584,长电科技,2025-09-29 09:52:05,40.79,51600,40.79,D
sh600584,长电科技,2025-09-29 09:52:08,40.8,81100,40.79,U
sh600584,长电科技,2025-09-29 09:52:11,40.78,40800,40.8,D
sh600584,长电科技,2025-09-29 09:52:14,40.78,38400,40.78,D
sh600584,长电科技,2025-09-29 09:52:17,40.78,33500,40.78,D
sh600584,长电科技,2025-09-29 09:52:20,40.78,38100,40.78,D
sh600584,长电科技,2025-09-29 09:52:23,40.77,24600,40.78,D
sh600584,长电科技,2025-09-29 09:52:26,40.77,16700,40.77,D
sh600584,长电科技,2025-09-29 09:52:29,40.76,22400,40.77,D
sh600584,长电科技,2025-09-29 09:52:32,40.76,16600,40.76,D
sh600584,长电科技,2025-09-29 09:52:35,40.74,69300,40.76,D
sh600584,长电科技,2025-09-29 09:52:38,40.72,42500,40.74,D
sh600584,长电科技,2025-09-29 09:52:41,40.72,14500,40.72,D
sh600584,长电科技,2025-09-29 09:52:44,40.72,30700,40.72,D
sh600584,长电科技,2025-09-29 09:52:47,40.72,82100,40.72,D
sh600584,长电科技,2025-09-29 09:52:50,40.72,98100,40.72,U
sh600584,长电科技,2025-09-29 09:52:53,40.71,82500,40.72,D
sh600584,长电科技,2025-09-29 09:52:56,40.72,42500,40.71,D
sh600584,长电科技,2025-09-29 09:52:59,40.7,76300,40.72,D
sh600584,长电科技,2025-09-29 09:53:02,40.72,91800,40.7,U
sh600584,长电科技,2025-09-29 09:53:05,40.77,347200,40.72,U
sh600584,长电科技,2025-09-29 09:53:08,40.77,128000,40.77,U
sh600584,长电科技,2025-09-29 09:53:11,40.76,25400,40.77,D
sh600584,长电科技,2025-09-29 09:53:14,40.76,20200,40.76,D
sh600584,长电科技,2025-09-29 09:53:17,40.76,9000,40.76,U
sh600584,长电科技,2025-09-29 09:53:20,40.76,21800,40.76,U
sh600584,长电科技,2025-09-29 09:53:23,40.77,29300,40.76,U
sh600584,长电科技,2025-09-29 09:53:26,40.77,40600,40.77,U
sh600584,长电科技,2025-09-29 09:53:29,40.78,20000,40.77,U
sh600584,长电科技,2025-09-29 09:53:32,40.77,66700,40.78,D
sh600584,长电科技,2025-09-29 09:53:35,40.77,37100,40.77,U
sh600584,长电科技,2025-09-29 09:53:38,40.77,15100,40.77,D
sh600584,长电科技,2025-09-29 09:53:41,40.77,26700,40.77,U
sh600584,长电科技,2025-09-29 09:53:44,40.76,13400,40.77,D
sh600584,长电科技,2025-09-29 09:53:47,40.76,14700,40.76,U
sh600584,长电科技,2025-09-29 09:53:50,40.74,29200,40.76,D
sh600584,长电科技,2025-09-29 09:53:53,40.75,25500,40.74,U
sh600584,长电科技,2025-09-29 09:53:56,40.73,31600,40.75,D
sh600584,长电科技,2025-09-29 09:53:59,40.74,24400,40.73,U
sh600584,长电科技,2025-09-29 09:54:02,40.73,16900,40.74,D
sh600584,长电科技,2025-09-29 09:54:05,40.74,60900,40.73,U
sh600584,长电科技,2025-09-29 09:54:08,40.69,208600,40.74,D
sh600584,长电科技,2025-09-29 09:54:11,40.7,85800,40.69,U
sh600584,长电科技,2025-09-29 09:54:14,40.67,57500,40.7,D
sh600584,长电科技,2025-09-29 09:54:17,40.66,18300,40.67,D
sh600584,长电科技,2025-09-29 09:54:20,40.64,36800,40.66,D
sh600584,长电科技,2025-09-29 09:54:23,40.62,14800,40.64,D
sh600584,长电科技,2025-09-29 09:54:26,40.61,15200,40.62,D
sh600584,长电科技,2025-09-29 09:54:29,40.6,34600,40.61,D
sh600584,长电科技,2025-09-29 09:54:32,40.6,91700,40.6,D
sh600584,长电科技,2025-09-29 09:54:35,40.59,75100,40.6,D
sh600584,长电科技,2025-09-29 09:54:38,40.58,35200,40.59,D
sh600584,长电科技,2025-09-29 09:54:41,40.57,48200,40.58,D
sh600584,长电科技,2025-09-29 09:54:44,40.55,111800,40.57,D
sh600584,长电科技,2025-09-29 09:54:47,40.57,73200,40.55,U
sh600584,长电科技,2025-09-29 09:54:50,40.55,72550,40.57,D
sh600584,长电科技,2025-09-29 09:54:53,40.57,167600,40.55,U
sh600584,长电科技,2025-09-29 09:54:56,40.55,72800,40.57,D
sh600584,长电科技,2025-09-29 09:54:59,40.55,200500,40.55,U
sh600584,长电科技,2025-09-29 09:55:02,40.55,160900,40.55,U
sh600584,长电科技,2025-09-29 09:55:05,40.58,184700,40.55,U
sh600584,长电科技,2025-09-29 09:55:08,40.57,114800,40.58,D
sh600584,长电科技,2025-09-29 09:55:11,40.55,22400,40.57,U
sh600584,长电科技,2025-09-29 09:55:14,40.55,14900,40.55,D
sh600584,长电科技,2025-09-29 09:55:17,40.56,46100,40.55,U
sh600584,长电科技,2025-09-29 09:55:20,40.53,18700,40.56,D
sh600584,长电科技,2025-09-29 09:55:23,40.54,69600,40.53,E
sh600584,长电科技,2025-09-29 09:55:26,40.53,74800,40.54,D
sh600584,长电科技,2025-09-29 09:55:29,40.52,27300,40.53,D
sh600584,长电科技,2025-09-29 09:55:32,40.52,25200,40.52,D
sh600584,长电科技,2025-09-29 09:55:35,40.53,69300,40.52,U
sh600584,长电科技,2025-09-29 09:55:38,40.52,46900,40.53,D
sh600584,长电科技,2025-09-29 09:55:41,40.52,17700,40.52,U
sh600584,长电科技,2025-09-29 09:55:44,40.51,66500,40.52,D
sh600584,长电科技,2025-09-29 09:55:47,40.51,149350,40.51,D
sh600584,长电科技,2025-09-29 09:55:50,40.51,21300,40.51,U
sh600584,长电科技,2025-09-29 09:55:53,40.5,111000,40.51,D
sh600584,长电科技,2025-09-29 09:55:56,40.5,123000,40.5,D
sh600584,长电科技,2025-09-29 09:55:59,40.49,169300,40.5,D
sh600584,长电科技,2025-09-29 09:56:02,40.5,32100,40.49,U
sh600584,长电科技,2025-09-29 09:56:05,40.48,47700,40.5,D
sh600584,长电科技,2025-09-29 09:56:08,40.48,287200,40.48,U
sh600584,长电科技,2025-09-29 09:56:11,40.47,61100,40.48,D
sh600584,长电科技,2025-09-29 09:56:14,40.47,78100,40.47,U
sh600584,长电科技,2025-09-29 09:56:17,40.46,76200,40.47,D
sh600584,长电科技,2025-09-29 09:56:20,40.48,106983,40.46,U
sh600584,长电科技,2025-09-29 09:56:23,40.5,154400,40.48,U
sh600584,长电科技,2025-09-29 09:56:26,40.46,20800,40.5,D
sh600584,长电科技,2025-09-29 09:56:29,40.47,68900,40.46,U
sh600584,长电科技,2025-09-29 09:56:32,40.5,38300,40.47,U
sh600584,长电科技,2025-09-29 09:56:35,40.48,136100,40.5,E
sh600584,长电科技,2025-09-29 09:56:38,40.47,127100,40.48,D
sh600584,长电科技,2025-09-29 09:56:41,40.47,47200,40.47,U
sh600584,长电科技,2025-09-29 09:56:44,40.47,70800,40.47,U
sh600584,长电科技,2025-09-29 09:56:47,40.46,76400,40.47,D
sh600584,长电科技,2025-09-29 09:56:50,40.47,144500,40.46,U
sh600584,长电科技,2025-09-29 09:56:53,40.47,50200,40.47,D
sh600584,长电科技,2025-09-29 09:56:56,40.47,39000,40.47,U
sh600584,长电科技,2025-09-29 09:56:59,40.56,447950,40.47,U
sh600584,长电科技,2025-09-29 09:57:02,40.52,102100,40.56,D
sh600584,长电科技,2025-09-29 09:57:05,40.56,30900,40.52,E
sh600584,长电科技,2025-09-29 09:57:08,40.5,53100,40.56,D
sh600584,长电科技,2025-09-29 09:57:11,40.56,28900,40.5,U
sh600584,长电科技,2025-09-29 09:57:14,40.56,12200,40.56,U
sh600584,长电科技,2025-09-29 09:57:17,40.52,22200,40.56,D
sh600584,长电科技,2025-09-29 09:57:20,40.55,24500,40.52,D
sh600584,长电科技,2025-09-29 09:57:23,40.5,38000,40.55,D
sh600584,长电科技,2025-09-29 09:57:26,40.5,16800,40.5,U
sh600584,长电科技,2025-09-29 09:57:29,40.49,52500,40.5,D
sh600584,长电科技,2025-09-29 09:57:32,40.49,34000,40.49,D
sh600584,长电科技,2025-09-29 09:57:35,40.49,39600,40.49,U
sh600584,长电科技,2025-09-29 09:57:38,40.49,12300,40.49,U
sh600584,长电科技,2025-09-29 09:57:41,40.49,40200,40.49,D
sh600584,长电科技,2025-09-29 09:57:44,40.5,28900,40.49,U
sh600584,长电科技,2025-09-29 09:57:47,40.49,23300,40.5,D
sh600584,长电科技,2025-09-29 09:57:50,40.5,36500,40.49,E
sh600584,长电科技,2025-09-29 09:57:53,40.49,23500,40.5,U
sh600584,长电科技,2025-09-29 09:57:56,40.49,35400,40.49,U
sh600584,长电科技,2025-09-29 09:57:59,40.48,43000,40.49,D
sh600584,长电科技,2025-09-29 09:58:02,40.49,44300,40.48,U
sh600584,长电科技,2025-09-29 09:58:05,40.48,86100,40.49,D
sh600584,长电科技,2025-09-29 09:58:08,40.47,25600,40.48,D
sh600584,长电科技,2025-09-29 09:58:11,40.47,25700,40.47,D
sh600584,长电科技,2025-09-29 09:58:14,40.48,61100,40.47,D
sh600584,长电科技,2025-09-29 09:58:17,40.48,24100,40.48,U
sh600584,长电科技,2025-09-29 09:58:20,40.47,33800,40.48,D
sh600584,长电科技,2025-09-29 09:58:23,40.47,18800,40.47,D
sh600584,长电科技,2025-09-29 09:58:26,40.47,62900,40.47,D
sh600584,长电科技,2025-09-29 09:58:29,40.47,9300,40.47,U
sh600584,长电科技,2025-09-29 09:58:32,40.46,30700,40.47,D
sh600584,长电科技,2025-09-29 09:58:35,40.46,21800,40.46,U
sh600584,长电科技,2025-09-29 09:58:38,40.45,41700,40.46,D
sh600584,长电科技,2025-09-29 09:58:41,40.51,236600,40.45,U
sh600584,长电科技,2025-09-29 09:58:44,40.5,89900,40.51,D
sh600584,长电科技,2025-09-29 09:58:47,40.5,13400,40.5,D
sh600584,长电科技,2025-09-29 09:58:50,40.5,19700,40.5,U
sh600584,长电科技,2025-09-29 09:58:53,40.54,41300,40.5,U
sh600584,长电科技,2025-09-29 09:58:56,40.55,33800,40.54,U
sh600584,长电科技,2025-09-29 09:58:59,40.54,33100,40.55,D
sh600584,长电科技,2025-09-29 09:59:02,40.55,19900,40.54,U
sh600584,长电科技,2025-09-29 09:59:05,40.59,216900,40.55,U
sh600584,长电科技,2025-09-29 09:59:08,40.66,19700,40.59,U
sh600584,长电科技,2025-09-29 09:59:11,40.73,92800,40.66,U
sh600584,长电科技,2025-09-29 09:59:14,40.72,33500,40.73,D
sh600584,长电科技,2025-09-29 09:59:17,40.74,17300,40.72,U
sh600584,长电科技,2025-09-29 09:59:20,40.76,15300,40.74,U
sh600584,长电科技,2025-09-29 09:59:23,40.78,24200,40.76,U
sh600584,长电科技,2025-09-29 09:59:26,40.76,21200,40.78,D
sh600584,长电科技,2025-09-29 09:59:29,40.76,40200,40.76,U
sh600584,长电科技,2025-09-29 09:59:32,40.76,16100,40.76,U
sh600584,长电科技,2025-09-29 09:59:35,40.78,27500,40.76,U
sh600584,长电科技,2025-09-29 09:59:38,40.76,26100,40.78,D
sh600584,长电科技,2025-09-29 09:59:41,40.76,22500,40.76,U
sh600584,长电科技,2025-09-29 09:59:44,40.76,38800,40.76,U
sh600584,长电科技,2025-09-29 09:59:47,40.75,57500,40.76,D
sh600584,长电科技,2025-09-29 09:59:50,40.75,26800,40.75,U
sh600584,长电科技,2025-09-29 09:59:53,40.69,71100,40.75,D
sh600584,长电科技,2025-09-29 09:59:56,40.71,60300,40.69,U
sh600584,长电科技,2025-09-29 09:59:59,40.69,8600,40.71,D
sh600584,长电科技,2025-09-29 10:00:02,40.69,24300,40.69,D
sh600584,长电科技,2025-09-29 10:00:05,40.71,45800,40.69,U
sh600584,长电科技,2025-09-29 10:00:08,40.68,23900,40.71,D
sh600584,长电科技,2025-09-29 10:00:11,40.68,40200,40.68,D
sh600584,长电科技,2025-09-29 10:00:14,40.7,25200,40.68,U
sh600584,长电科技,2025-09-29 10:00:17,40.68,27300,40.7,D
sh600584,长电科技,2025-09-29 10:00:20,40.7,18900,40.68,U
sh600584,长电科技,2025-09-29 10:00:23,40.68,19200,40.7,D
sh600584,长电科技,2025-09-29 10:00:26,40.67,34400,40.68,E
sh600584,长电科技,2025-09-29 10:00:29,40.65,14400,40.67,E
sh600584,长电科技,2025-09-29 10:00:32,40.65,16600,40.65,D
sh600584,长电科技,2025-09-29 10:00:35,40.65,33900,40.65,U
sh600584,长电科技,2025-09-29 10:00:38,40.63,17400,40.65,D
sh600584,长电科技,2025-09-29 10:00:41,40.62,9600,40.63,D
sh600584,长电科技,2025-09-29 10:00:44,40.62,14300,40.62,U
sh600584,长电科技,2025-09-29 10:00:47,40.63,29400,40.62,U
sh600584,长电科技,2025-09-29 10:00:50,40.64,98100,40.63,U
sh600584,长电科技,2025-09-29 10:00:53,40.64,17000,40.64,D
sh600584,长电科技,2025-09-29 10:00:56,40.66,15200,40.64,E
sh600584,长电科技,2025-09-29 10:00:59,40.65,60400,40.66,D
sh600584,长电科技,2025-09-29 10:01:02,40.66,29900,40.65,U
sh600584,长电科技,2025-09-29 10:01:05,40.65,15100,40.66,E
sh600584,长电科技,2025-09-29 10:01:08,40.64,128200,40.65,D
sh600584,长电科技,2025-09-29 10:01:11,40.64,27600,40.64,U
sh600584,长电科技,2025-09-29 10:01:17,40.62,20100,40.61,U
sh600584,长电科技,2025-09-29 10:01:20,40.59,8100,40.62,D
sh600584,长电科技,2025-09-29 10:01:23,40.59,12000,40.59,U
sh600584,长电科技,2025-09-29 10:01:26,40.57,12900,40.59,D
sh600584,长电科技,2025-09-29 10:01:29,40.57,54800,40.57,U
sh600584,长电科技,2025-09-29 10:01:32,40.53,26500,40.57,E
sh600584,长电科技,2025-09-29 10:01:35,40.53,13900,40.53,U
sh600584,长电科技,2025-09-29 10:01:38,40.52,18000,40.53,D
sh600584,长电科技,2025-09-29 10:01:41,40.52,6500,40.52,E
sh600584,长电科技,2025-09-29 10:01:44,40.56,39200,40.52,U
sh600584,长电科技,2025-09-29 10:01:47,40.52,12700,40.56,D
sh600584,长电科技,2025-09-29 10:01:50,40.55,69600,40.52,E
sh600584,长电科技,2025-09-29 10:01:53,40.53,25500,40.55,D
sh600584,长电科技,2025-09-29 10:01:56,40.52,31400,40.53,D
sh600584,长电科技,2025-09-29 10:01:59,40.55,43600,40.52,U
sh600584,长电科技,2025-09-29 10:02:02,40.54,46000,40.55,E
sh600584,长电科技,2025-09-29 10:02:05,40.57,74900,40.54,U
sh600584,长电科技,2025-09-29 10:02:08,40.5,93800,40.57,D
sh600584,长电科技,2025-09-29 10:02:11,40.54,8900,40.5,D
sh600584,长电科技,2025-09-29 10:02:14,40.54,24100,40.54,D
sh600584,长电科技,2025-09-29 10:02:17,40.54,16100,40.54,U
sh600584,长电科技,2025-09-29 10:02:20,40.59,65200,40.54,U
sh600584,长电科技,2025-09-29 10:02:23,40.57,78100,40.59,D
sh600584,长电科技,2025-09-29 10:02:26,40.57,65200,40.57,D
sh600584,长电科技,2025-09-29 10:02:29,40.58,23900,40.57,U
sh600584,长电科技,2025-09-29 10:02:32,40.58,7200,40.58,U
sh600584,长电科技,2025-09-29 10:02:35,40.57,12200,40.58,D
sh600584,长电科技,2025-09-29 10:02:38,40.57,6500,40.57,U
sh600584,长电科技,2025-09-29 10:02:41,40.57,21100,40.57,U
sh600584,长电科技,2025-09-29 10:02:44,40.56,13900,40.57,D
sh600584,长电科技,2025-09-29 10:02:47,40.56,9200,40.56,U
sh600584,长电科技,2025-09-29 10:02:50,40.55,23400,40.56,D
sh600584,长电科技,2025-09-29 10:02:53,40.55,19600,40.55,D
sh600584,长电科技,2025-09-29 10:02:56,40.55,14300,40.55,U
sh600584,长电科技,2025-09-29 10:02:59,40.55,15400,40.55,U
sh600584,长电科技,2025-09-29 10:03:02,40.55,16100,40.55,U
sh600584,长电科技,2025-09-29 10:03:05,40.56,58500,40.55,U
sh600584,长电科技,2025-09-29 10:03:08,40.62,177300,40.56,U
sh600584,长电科技,2025-09-29 10:03:11,40.66,87200,40.62,U
sh600584,长电科技,2025-09-29 10:03:14,40.69,71900,40.66,U
sh600584,长电科技,2025-09-29 10:03:17,40.68,48700,40.69,D
sh600584,长电科技,2025-09-29 10:03:20,40.68,38800,40.68,D
sh600584,长电科技,2025-09-29 10:03:23,40.68,26100,40.68,U
sh600584,长电科技,2025-09-29 10:03:26,40.63,65500,40.68,D
sh600584,长电科技,2025-09-29 10:03:29,40.63,17900,40.63,U
sh600584,长电科技,2025-09-29 10:03:32,40.58,27800,40.63,D
sh600584,长电科技,2025-09-29 10:03:35,40.58,10800,40.58,E
sh600584,长电科技,2025-09-29 10:03:38,40.57,5500,40.58,E
sh600584,长电科技,2025-09-29 10:03:41,40.57,10100,40.57,U
sh600584,长电科技,2025-09-29 10:03:44,40.56,10200,40.57,D
sh600584,长电科技,2025-09-29 10:03:47,40.57,21300,40.56,U
sh600584,长电科技,2025-09-29 10:03:50,40.56,12000,40.57,D
sh600584,长电科技,2025-09-29 10:03:53,40.56,10000,40.56,U
sh600584,长电科技,2025-09-29 10:03:56,40.55,43100,40.56,D
sh600584,长电科技,2025-09-29 10:03:59,40.56,28700,40.55,U
sh600584,长电科技,2025-09-29 10:04:02,40.56,11800,40.56,D
sh600584,长电科技,2025-09-29 10:04:05,40.57,34200,40.56,U
sh600584,长电科技,2025-09-29 10:04:08,40.57,8700,40.57,U
sh600584,长电科技,2025-09-29 10:04:11,40.56,6900,40.57,D
sh600584,长电科技,2025-09-29 10:04:14,40.56,11000,40.56,U
sh600584,长电科技,2025-09-29 10:04:17,40.56,40300,40.56,D
sh600584,长电科技,2025-09-29 10:04:20,40.55,7400,40.56,D
sh600584,长电科技,2025-09-29 10:04:23,40.56,27100,40.55,U
sh600584,长电科技,2025-09-29 10:04:26,40.57,21800,40.56,U
sh600584,长电科技,2025-09-29 10:04:29,40.57,18100,40.57,D
sh600584,长电科技,2025-09-29 10:04:32,40.57,11300,40.57,D
sh600584,长电科技,2025-09-29 10:04:35,40.57,14500,40.57,D
sh600584,长电科技,2025-09-29 10:04:38,40.57,37600,40.57,U
sh600584,长电科技,2025-09-29 10:04:41,40.56,34400,40.57,D
sh600584,长电科技,2025-09-29 10:04:44,40.56,33500,40.56,U
sh600584,长电科技,2025-09-29 10:04:47,40.57,76300,40.56,U
sh600584,长电科技,2025-09-29 10:04:50,40.57,11921,40.57,U
sh600584,长电科技,2025-09-29 10:04:53,40.59,14300,40.57,U
sh600584,长电科技,2025-09-29 10:04:56,40.57,15900,40.59,D
sh600584,长电科技,2025-09-29 10:04:59,40.59,8300,40.57,U
sh600584,长电科技,2025-09-29 10:05:02,40.61,32700,40.59,U
sh600584,长电科技,2025-09-29 10:05:05,40.6,32000,40.61,D
sh600584,长电科技,2025-09-29 10:05:08,40.6,9400,40.6,U
sh600584,长电科技,2025-09-29 10:05:11,40.59,18500,40.6,D
sh600584,长电科技,2025-09-29 10:05:14,40.59,9900,40.59,U
sh600584,长电科技,2025-09-29 10:05:17,40.59,7600,40.59,U
sh600584,长电科技,2025-09-29 10:05:20,40.59,9900,40.59,U
sh600584,长电科技,2025-09-29 10:05:23,40.59,31100,40.59,U
sh600584,长电科技,2025-09-29 10:05:26,40.59,59900,40.59,U
sh600584,长电科技,2025-09-29 10:05:29,40.59,5700,40.59,D
sh600584,长电科技,2025-09-29 10:05:32,40.62,13000,40.59,U
sh600584,长电科技,2025-09-29 10:05:35,40.61,6400,40.62,E
sh600584,长电科技,2025-09-29 10:05:38,40.6,9000,40.61,D
sh600584,长电科技,2025-09-29 10:05:41,40.63,10400,40.6,U
sh600584,长电科技,2025-09-29 10:05:44,40.63,33600,40.63,U
sh600584,长电科技,2025-09-29 10:05:50,40.62,14400,40.62,D
sh600584,长电科技,2025-09-29 10:05:53,40.62,6600,40.62,U
sh600584,长电科技,2025-09-29 10:05:56,40.62,5200,40.62,U
sh600584,长电科技,2025-09-29 10:05:59,40.62,37300,40.62,U
sh600584,长电科技,2025-09-29 10:06:02,40.62,23500,40.62,D
sh600584,长电科技,2025-09-29 10:06:05,40.62,18200,40.62,D
sh600584,长电科技,2025-09-29 10:06:08,40.62,6700,40.62,U
sh600584,长电科技,2025-09-29 10:06:11,40.63,13000,40.62,U
sh600584,长电科技,2025-09-29 10:06:14,40.63,6700,40.63,U
sh600584,长电科技,2025-09-29 10:06:17,40.63,19400,40.63,U
sh600584,长电科技,2025-09-29 10:06:20,40.61,8000,40.63,D
sh600584,长电科技,2025-09-29 10:06:23,40.62,11500,40.61,U
sh600584,长电科技,2025-09-29 10:06:26,40.62,9200,40.62,D
sh600584,长电科技,2025-09-29 10:06:29,40.64,5200,40.62,U
sh600584,长电科技,2025-09-29 10:06:32,40.65,8000,40.64,U
sh600584,长电科技,2025-09-29 10:06:35,40.65,11400,40.65,D
sh600584,长电科技,2025-09-29 10:06:38,40.66,7500,40.65,U
sh600584,长电科技,2025-09-29 10:06:41,40.66,18400,40.66,U
sh600584,长电科技,2025-09-29 10:06:44,40.66,14100,40.66,D
sh600584,长电科技,2025-09-29 10:06:47,40.66,25800,40.66,D
sh600584,长电科技,2025-09-29 10:06:50,40.67,22500,40.66,D
sh600584,长电科技,2025-09-29 10:06:53,40.68,12000,40.67,U
sh600584,长电科技,2025-09-29 10:06:56,40.65,49900,40.68,D
sh600584,长电科技,2025-09-29 10:06:59,40.65,36200,40.65,E
sh600584,长电科技,2025-09-29 10:07:02,40.65,30600,40.65,U
sh600584,长电科技,2025-09-29 10:07:05,40.57,211200,40.65,D
sh600584,长电科技,2025-09-29 10:07:08,40.56,95800,40.57,D
sh600584,长电科技,2025-09-29 10:07:11,40.56,6400,40.56,U
sh600584,长电科技,2025-09-29 10:07:14,40.57,43200,40.56,U
sh600584,长电科技,2025-09-29 10:07:17,40.57,25200,40.57,D
sh600584,长电科技,2025-09-29 10:07:20,40.56,17100,40.57,D
sh600584,长电科技,2025-09-29 10:07:23,40.56,85400,40.56,D
sh600584,长电科技,2025-09-29 10:07:26,40.52,71500,40.56,D
sh600584,长电科技,2025-09-29 10:07:29,40.52,16200,40.52,D
sh600584,长电科技,2025-09-29 10:07:32,40.52,13900,40.52,D
sh600584,长电科技,2025-09-29 10:07:35,40.52,23200,40.52,D
sh600584,长电科技,2025-09-29 10:07:38,40.51,76700,40.52,D
sh600584,长电科技,2025-09-29 10:07:41,40.52,19300,40.51,U
sh600584,长电科技,2025-09-29 10:07:44,40.52,20200,40.52,D
sh600584,长电科技,2025-09-29 10:07:47,40.55,14700,40.52,U
sh600584,长电科技,2025-09-29 10:07:50,40.52,24800,40.55,D
sh600584,长电科技,2025-09-29 10:07:53,40.52,50500,40.52,D
sh600584,长电科技,2025-09-29 10:07:56,40.52,20000,40.52,U
sh600584,长电科技,2025-09-29 10:07:59,40.52,16300,40.52,U
sh600584,长电科技,2025-09-29 10:08:02,40.52,110200,40.52,U
sh600584,长电科技,2025-09-29 10:08:05,40.55,79600,40.52,U
sh600584,长电科技,2025-09-29 10:08:08,40.52,11200,40.55,D
sh600584,长电科技,2025-09-29 10:08:11,40.55,61600,40.52,D
sh600584,长电科技,2025-09-29 10:08:14,40.54,11000,40.55,D
sh600584,长电科技,2025-09-29 10:08:17,40.54,25800,40.54,D
sh600584,长电科技,2025-09-29 10:08:23,40.53,14800,40.53,U
sh600584,长电科技,2025-09-29 10:08:29,40.51,59300,40.53,D
sh600584,长电科技,2025-09-29 10:08:32,40.54,19500,40.51,U
sh600584,长电科技,2025-09-29 10:08:35,40.52,8400,40.54,D
sh600584,长电科技,2025-09-29 10:08:38,40.54,8500,40.52,U
sh600584,长电科技,2025-09-29 10:08:41,40.54,10400,40.54,U
sh600584,长电科技,2025-09-29 10:08:44,40.54,15600,40.54,U
sh600584,长电科技,2025-09-29 10:08:47,40.54,9800,40.54,D
sh600584,长电科技,2025-09-29 10:08:53,40.55,10100,40.55,U
sh600584,长电科技,2025-09-29 10:08:56,40.54,18600,40.55,D
sh600584,长电科技,2025-09-29 10:08:59,40.54,31600,40.54,D
sh600584,长电科技,2025-09-29 10:09:02,40.54,20300,40.54,D
sh600584,长电科技,2025-09-29 10:09:05,40.55,15800,40.54,E
sh600584,长电科技,2025-09-29 10:09:08,40.54,13300,40.55,D
sh600584,长电科技,2025-09-29 10:09:14,40.54,8400,40.54,U
sh600584,长电科技,2025-09-29 10:09:17,40.54,6500,40.54,U
sh600584,长电科技,2025-09-29 10:09:20,40.54,6700,40.54,D
sh600584,长电科技,2025-09-29 10:09:23,40.54,15900,40.54,D
sh600584,长电科技,2025-09-29 10:09:26,40.54,10300,40.54,D
sh600584,长电科技,2025-09-29 10:09:29,40.55,8000,40.54,U
sh600584,长电科技,2025-09-29 10:09:32,40.55,21300,40.55,U
sh600584,长电科技,2025-09-29 10:09:35,40.54,23700,40.55,D
sh600584,长电科技,2025-09-29 10:09:41,40.53,8400,40.53,D
sh600584,长电科技,2025-09-29 10:09:44,40.53,20000,40.53,D
sh600584,长电科技,2025-09-29 10:09:47,40.53,16900,40.53,D
sh600584,长电科技,2025-09-29 10:09:50,40.54,27700,40.53,U
sh600584,长电科技,2025-09-29 10:09:53,40.53,12600,40.54,D
sh600584,长电科技,2025-09-29 10:09:56,40.53,33300,40.53,D
sh600584,长电科技,2025-09-29 10:09:59,40.53,14500,40.53,U
sh600584,长电科技,2025-09-29 10:10:02,40.55,51800,40.53,U
sh600584,长电科技,2025-09-29 10:10:05,40.6,60000,40.55,U
sh600584,长电科技,2025-09-29 10:10:08,40.59,20100,40.6,E
sh600584,长电科技,2025-09-29 10:10:11,40.58,6600,40.59,D
sh600584,长电科技,2025-09-29 10:10:14,40.55,28400,40.58,D
sh600584,长电科技,2025-09-29 10:10:17,40.61,5500,40.55,U
sh600584,长电科技,2025-09-29 10:10:20,40.61,5500,40.61,U
sh600584,长电科技,2025-09-29 10:10:23,40.61,14300,40.61,D
sh600584,长电科技,2025-09-29 10:10:26,40.61,34600,40.61,D
sh600584,长电科技,2025-09-29 10:10:29,40.63,25000,40.61,U
sh600584,长电科技,2025-09-29 10:10:32,40.62,15200,40.63,D
sh600584,长电科技,2025-09-29 10:10:35,40.64,5000,40.62,U
sh600584,长电科技,2025-09-29 10:10:41,40.65,13800,40.64,U
sh600584,长电科技,2025-09-29 10:10:47,40.66,7500,40.66,U
sh600584,长电科技,2025-09-29 10:10:50,40.66,9800,40.66,U
sh600584,长电科技,2025-09-29 10:10:56,40.66,11400,40.67,D
sh600584,长电科技,2025-09-29 10:10:59,40.68,9500,40.66,U
sh600584,长电科技,2025-09-29 10:11:02,40.68,6500,40.68,U
sh600584,长电科技,2025-09-29 10:11:05,40.68,19600,40.68,U
sh600584,长电科技,2025-09-29 10:11:08,40.68,8000,40.68,D
sh600584,长电科技,2025-09-29 10:11:11,40.68,10400,40.68,D
sh600584,长电科技,2025-09-29 10:11:14,40.69,8200,40.68,U
sh600584,长电科技,2025-09-29 10:11:17,40.69,11600,40.69,U
sh600584,长电科技,2025-09-29 10:11:20,40.72,54400,40.69,U
sh600584,长电科技,2025-09-29 10:11:23,40.72,7072,40.72,U
sh600584,长电科技,2025-09-29 10:11:29,40.74,11100,40.73,U
sh600584,长电科技,2025-09-29 10:11:35,40.76,13600,40.75,U
sh600584,长电科技,2025-09-29 10:11:38,40.76,16000,40.76,U
sh600584,长电科技,2025-09-29 10:11:41,40.76,7800,40.76,U
sh600584,长电科技,2025-09-29 10:11:44,40.76,20000,40.76,D
sh600584,长电科技,2025-09-29 10:11:47,40.77,19900,40.76,U
sh600584,长电科技,2025-09-29 10:11:50,40.78,33600,40.77,U
sh600584,长电科技,2025-09-29 10:11:53,40.77,78300,40.78,D
sh600584,长电科技,2025-09-29 10:11:56,40.79,8800,40.77,U
sh600584,长电科技,2025-09-29 10:11:59,40.79,43200,40.79,U
sh600584,长电科技,2025-09-29 10:12:02,40.73,89000,40.79,D
sh600584,长电科技,2025-09-29 10:12:05,40.72,106900,40.73,D
sh600584,长电科技,2025-09-29 10:12:08,40.73,16900,40.72,U
sh600584,长电科技,2025-09-29 10:12:11,40.72,23000,40.73,E
sh600584,长电科技,2025-09-29 10:12:14,40.72,28100,40.72,D
sh600584,长电科技,2025-09-29 10:12:17,40.72,9400,40.72,U
sh600584,长电科技,2025-09-29 10:12:20,40.7,10000,40.72,D
sh600584,长电科技,2025-09-29 10:12:23,40.71,5900,40.7,U
sh600584,长电科技,2025-09-29 10:12:29,40.7,8700,40.7,U
sh600584,长电科技,2025-09-29 10:12:32,40.7,14100,40.7,U
sh600584,长电科技,2025-09-29 10:12:35,40.7,23600,40.7,D
sh600584,长电科技,2025-09-29 10:12:38,40.69,8400,40.7,D
sh600584,长电科技,2025-09-29 10:12:41,40.69,30800,40.69,D
sh600584,长电科技,2025-09-29 10:12:44,40.69,14700,40.69,U
sh600584,长电科技,2025-09-29 10:12:47,40.68,12300,40.69,D
sh600584,长电科技,2025-09-29 10:12:50,40.68,20900,40.68,D
sh600584,长电科技,2025-09-29 10:12:53,40.69,26800,40.68,U
sh600584,长电科技,2025-09-29 10:12:56,40.7,36200,40.69,U
sh600584,长电科技,2025-09-29 10:12:59,40.69,27600,40.7,D
sh600584,长电科技,2025-09-29 10:13:02,40.69,13300,40.69,D
sh600584,长电科技,2025-09-29 10:13:05,40.7,9100,40.69,D
sh600584,长电科技,2025-09-29 10:13:08,40.71,16800,40.7,U
sh600584,长电科技,2025-09-29 10:13:11,40.72,24900,40.71,U
sh600584,长电科技,2025-09-29 10:13:14,40.72,7700,40.72,U
sh600584,长电科技,2025-09-29 10:13:23,40.73,7400,40.73,D
sh600584,长电科技,2025-09-29 10:13:26,40.73,8000,40.73,U
sh600584,长电科技,2025-09-29 10:13:29,40.72,25800,40.73,D
sh600584,长电科技,2025-09-29 10:13:32,40.72,11100,40.72,U
sh600584,长电科技,2025-09-29 10:13:38,40.73,7500,40.73,U
sh600584,长电科技,2025-09-29 10:13:41,40.74,7600,40.73,U
sh600584,长电科技,2025-09-29 10:13:44,40.74,25100,40.74,U
sh600584,长电科技,2025-09-29 10:13:47,40.74,5100,40.74,U
sh600584,长电科技,2025-09-29 10:13:50,40.74,7700,40.74,U
sh600584,长电科技,2025-09-29 10:13:53,40.74,27000,40.74,U
sh600584,长电科技,2025-09-29 10:13:56,40.78,22700,40.74,U
sh600584,长电科技,2025-09-29 10:13:59,40.78,7200,40.78,U
sh600584,长电科技,2025-09-29 10:14:05,40.79,13300,40.78,U
sh600584,长电科技,2025-09-29 10:14:08,40.79,7700,40.79,U
sh600584,长电科技,2025-09-29 10:14:11,40.8,82600,40.79,U
sh600584,长电科技,2025-09-29 10:14:14,40.8,16000,40.8,D
sh600584,长电科技,2025-09-29 10:14:17,40.8,9700,40.8,D
sh600584,长电科技,2025-09-29 10:14:23,40.82,14800,40.81,U
sh600584,长电科技,2025-09-29 10:14:26,40.82,14700,40.82,D
sh600584,长电科技,2025-09-29 10:14:29,40.85,21100,40.82,U
sh600584,长电科技,2025-09-29 10:14:32,40.82,8800,40.85,D
sh600584,长电科技,2025-09-29 10:14:35,40.83,7500,40.82,D
sh600584,长电科技,2025-09-29 10:14:38,40.85,9100,40.83,U
sh600584,长电科技,2025-09-29 10:14:41,40.78,143500,40.85,D
sh600584,长电科技,2025-09-29 10:14:44,40.79,13500,40.78,U
sh600584,长电科技,2025-09-29 10:14:47,40.79,9200,40.79,U
sh600584,长电科技,2025-09-29 10:14:50,40.78,9700,40.79,E
sh600584,长电科技,2025-09-29 10:14:53,40.79,14800,40.78,U
sh600584,长电科技,2025-09-29 10:14:56,40.79,6600,40.79,D
sh600584,长电科技,2025-09-29 10:14:59,40.78,38300,40.79,D
sh600584,长电科技,2025-09-29 10:15:02,40.78,20000,40.78,U
sh600584,长电科技,2025-09-29 10:15:05,40.78,10900,40.78,U
sh600584,长电科技,2025-09-29 10:15:08,40.78,13700,40.78,U
sh600584,长电科技,2025-09-29 10:15:11,40.77,6000,40.78,U
sh600584,长电科技,2025-09-29 10:15:14,40.77,17700,40.77,U
sh600584,长电科技,2025-09-29 10:15:17,40.77,9300,40.77,U
sh600584,长电科技,2025-09-29 10:15:20,40.76,7900,40.77,E
sh600584,长电科技,2025-09-29 10:15:23,40.75,7300,40.76,D
sh600584,长电科技,2025-09-29 10:15:26,40.77,31557,40.75,U
sh600584,长电科技,2025-09-29 10:15:29,40.78,17900,40.77,U
sh600584,长电科技,2025-09-29 10:15:32,40.77,19500,40.78,D
sh600584,长电科技,2025-09-29 10:15:35,40.79,6643,40.77,U
sh600584,长电科技,2025-09-29 10:15:38,40.8,33700,40.79,U
sh600584,长电科技,2025-09-29 10:15:41,40.8,15600,40.8,U
sh600584,长电科技,2025-09-29 10:15:44,40.79,6400,40.8,D
sh600584,长电科技,2025-09-29 10:15:47,40.8,10600,40.79,U
sh600584,长电科技,2025-09-29 10:15:56,40.81,10000,40.81,U
sh600584,长电科技,2025-09-29 10:15:59,40.8,50000,40.81,D
sh600584,长电科技,2025-09-29 10:16:02,40.8,36500,40.8,D
sh600584,长电科技,2025-09-29 10:16:05,40.8,29800,40.8,D
sh600584,长电科技,2025-09-29 10:16:08,40.81,18100,40.8,U
sh600584,长电科技,2025-09-29 10:16:11,40.81,7900,40.81,U
sh600584,长电科技,2025-09-29 10:16:14,40.8,9900,40.81,D
sh600584,长电科技,2025-09-29 10:16:17,40.8,21200,40.8,D
sh600584,长电科技,2025-09-29 10:16:20,40.81,26500,40.8,U
sh600584,长电科技,2025-09-29 10:16:23,40.81,18900,40.81,D
sh600584,长电科技,2025-09-29 10:16:26,40.8,7100,40.81,D
sh600584,长电科技,2025-09-29 10:16:29,40.81,42100,40.8,U
sh600584,长电科技,2025-09-29 10:16:32,40.8,9300,40.81,D
sh600584,长电科技,2025-09-29 10:16:35,40.76,90857,40.8,D
sh600584,长电科技,2025-09-29 10:16:38,40.79,11900,40.76,E
sh600584,长电科技,2025-09-29 10:16:41,40.79,18000,40.79,U
sh600584,长电科技,2025-09-29 10:16:47,40.77,7100,40.78,E
sh600584,长电科技,2025-09-29 10:16:50,40.78,70900,40.77,U
sh600584,长电科技,2025-09-29 10:16:53,40.78,6200,40.78,U
sh600584,长电科技,2025-09-29 10:16:56,40.78,8500,40.78,D
sh600584,长电科技,2025-09-29 10:16:59,40.78,8400,40.78,U
sh600584,长电科技,2025-09-29 10:17:02,40.77,11400,40.78,D
sh600584,长电科技,2025-09-29 10:17:05,40.77,33000,40.77,U
sh600584,长电科技,2025-09-29 10:17:08,40.76,12900,40.77,U
sh600584,长电科技,2025-09-29 10:17:11,40.73,54700,40.76,D
sh600584,长电科技,2025-09-29 10:17:14,40.74,6400,40.73,U
sh600584,长电科技,2025-09-29 10:17:17,40.73,9300,40.74,D
sh600584,长电科技,2025-09-29 10:17:20,40.73,17300,40.73,U
sh600584,长电科技,2025-09-29 10:17:23,40.73,29400,40.73,D
sh600584,长电科技,2025-09-29 10:17:26,40.73,21100,40.73,D
sh600584,长电科技,2025-09-29 10:17:29,40.73,15900,40.73,U
sh600584,长电科技,2025-09-29 10:17:32,40.72,31200,40.73,D
sh600584,长电科技,2025-09-29 10:17:35,40.72,24400,40.72,U
sh600584,长电科技,2025-09-29 10:17:38,40.71,17000,40.72,D
sh600584,长电科技,2025-09-29 10:17:44,40.7,27156,40.71,D
sh600584,长电科技,2025-09-29 10:17:47,40.7,23544,40.7,D
sh600584,长电科技,2025-09-29 10:17:50,40.7,7700,40.7,U
sh600584,长电科技,2025-09-29 10:17:53,40.7,16100,40.7,U
sh600584,长电科技,2025-09-29 10:17:56,40.7,56400,40.7,U
sh600584,长电科技,2025-09-29 10:17:59,40.69,16800,40.7,D
sh600584,长电科技,2025-09-29 10:18:02,40.69,19400,40.69,D
sh600584,长电科技,2025-09-29 10:18:05,40.69,29000,40.69,D
sh600584,长电科技,2025-09-29 10:18:08,40.69,6400,40.69,U
sh600584,长电科技,2025-09-29 10:18:11,40.69,17200,40.69,U
sh600584,长电科技,2025-09-29 10:18:14,40.74,151782,40.69,U
sh600584,长电科技,2025-09-29 10:18:17,40.75,39600,40.74,U
sh600584,长电科技,2025-09-29 10:18:20,40.73,19300,40.75,D
sh600584,长电科技,2025-09-29 10:18:23,40.75,183600,40.73,U
sh600584,长电科技,2025-09-29 10:18:26,40.75,29400,40.75,U
sh600584,长电科技,2025-09-29 10:18:29,40.72,65400,40.75,D
sh600584,长电科技,2025-09-29 10:18:35,40.72,10000,40.74,D
sh600584,长电科技,2025-09-29 10:18:38,40.74,12500,40.72,U
sh600584,长电科技,2025-09-29 10:18:41,40.74,24000,40.74,U
sh600584,长电科技,2025-09-29 10:18:47,40.72,5100,40.73,D
sh600584,长电科技,2025-09-29 10:18:50,40.75,36074,40.72,U
sh600584,长电科技,2025-09-29 10:18:53,40.75,20100,40.75,U
sh600584,长电科技,2025-09-29 10:18:56,40.75,5400,40.75,D
sh600584,长电科技,2025-09-29 10:18:59,40.76,11400,40.75,U
sh600584,长电科技,2025-09-29 10:19:02,40.76,26200,40.76,D
sh600584,长电科技,2025-09-29 10:19:05,40.77,10300,40.76,U
sh600584,长电科技,2025-09-29 10:19:08,40.77,9500,40.77,U
sh600584,长电科技,2025-09-29 10:19:11,40.79,33000,40.77,U
sh600584,长电科技,2025-09-29 10:19:14,40.77,18200,40.79,D
sh600584,长电科技,2025-09-29 10:19:17,40.8,9300,40.77,U
sh600584,长电科技,2025-09-29 10:19:20,40.8,12800,40.8,U
sh600584,长电科技,2025-09-29 10:19:23,40.78,26400,40.8,D
sh600584,长电科技,2025-09-29 10:19:26,40.79,24000,40.78,U
sh600584,长电科技,2025-09-29 10:19:29,40.76,22000,40.79,D
sh600584,长电科技,2025-09-29 10:19:32,40.76,13300,40.76,U
sh600584,长电科技,2025-09-29 10:19:35,40.77,10300,40.76,U
sh600584,长电科技,2025-09-29 10:19:38,40.77,17100,40.77,U
sh600584,长电科技,2025-09-29 10:19:41,40.77,11400,40.77,U
sh600584,长电科技,2025-09-29 10:19:44,40.77,5300,40.77,U
sh600584,长电科技,2025-09-29 10:19:47,40.77,24100,40.77,U
sh600584,长电科技,2025-09-29 10:19:50,40.76,9900,40.77,D
sh600584,长电科技,2025-09-29 10:19:53,40.77,29000,40.76,U
sh600584,长电科技,2025-09-29 10:19:56,40.76,7900,40.77,U
sh600584,长电科技,2025-09-29 10:19:59,40.77,11700,40.76,U
sh600584,长电科技,2025-09-29 10:20:02,40.76,16300,40.77,D
sh600584,长电科技,2025-09-29 10:20:05,40.77,68200,40.76,U
sh600584,长电科技,2025-09-29 10:20:08,40.76,8000,40.77,E
sh600584,长电科技,2025-09-29 10:20:11,40.77,20100,40.76,U
sh600584,长电科技,2025-09-29 10:20:14,40.76,10500,40.77,E
sh600584,长电科技,2025-09-29 10:20:17,40.76,8000,40.76,U
sh600584,长电科技,2025-09-29 10:20:20,40.75,9200,40.76,D
sh600584,长电科技,2025-09-29 10:20:23,40.75,10400,40.75,D
sh600584,长电科技,2025-09-29 10:20:26,40.76,10800,40.75,U
sh600584,长电科技,2025-09-29 10:20:32,40.76,26400,40.75,U
sh600584,长电科技,2025-09-29 10:20:35,40.75,9200,40.76,D
sh600584,长电科技,2025-09-29 10:20:38,40.75,12800,40.75,D
sh600584,长电科技,2025-09-29 10:20:44,40.75,5500,40.75,U
sh600584,长电科技,2025-09-29 10:20:47,40.75,15400,40.75,U
sh600584,长电科技,2025-09-29 10:20:50,40.74,11400,40.75,D
sh600584,长电科技,2025-09-29 10:20:53,40.74,5100,40.74,D
sh600584,长电科技,2025-09-29 10:20:56,40.75,36900,40.74,U
sh600584,长电科技,2025-09-29 10:20:59,40.76,71600,40.75,U
sh600584,长电科技,2025-09-29 10:21:02,40.77,7700,40.76,E
sh600584,长电科技,2025-09-29 10:21:05,40.76,17500,40.77,D
sh600584,长电科技,2025-09-29 10:21:08,40.77,11900,40.76,E
sh600584,长电科技,2025-09-29 10:21:11,40.77,7600,40.77,U
sh600584,长电科技,2025-09-29 10:21:14,40.76,12800,40.77,D
sh600584,长电科技,2025-09-29 10:21:20,40.76,18000,40.76,U
sh600584,长电科技,2025-09-29 10:21:23,40.76,8200,40.76,U
sh600584,长电科技,2025-09-29 10:21:26,40.76,9900,40.76,U
sh600584,长电科技,2025-09-29 10:21:32,40.77,18500,40.76,U
sh600584,长电科技,2025-09-29 10:21:35,40.75,18800,40.77,D
sh600584,长电科技,2025-09-29 10:21:38,40.77,30400,40.75,U
sh600584,长电科技,2025-09-29 10:21:44,40.78,6900,40.77,D
sh600584,长电科技,2025-09-29 10:21:47,40.78,9200,40.78,U
sh600584,长电科技,2025-09-29 10:21:50,40.78,43400,40.78,D
sh600584,长电科技,2025-09-29 10:21:53,40.76,10600,40.78,D
sh600584,长电科技,2025-09-29 10:21:59,40.78,5300,40.76,U
sh600584,长电科技,2025-09-29 10:22:02,40.76,7800,40.78,D
sh600584,长电科技,2025-09-29 10:22:05,40.76,11100,40.76,U
sh600584,长电科技,2025-09-29 10:22:08,40.74,21700,40.76,D
sh600584,长电科技,2025-09-29 10:22:11,40.76,7400,40.74,E
sh600584,长电科技,2025-09-29 10:22:17,40.76,32100,40.75,U
sh600584,长电科技,2025-09-29 10:22:20,40.75,11700,40.76,D
sh600584,长电科技,2025-09-29 10:22:26,40.74,10100,40.75,D
sh600584,长电科技,2025-09-29 10:22:29,40.74,8400,40.74,D
sh600584,长电科技,2025-09-29 10:22:32,40.73,9200,40.74,D
sh600584,长电科技,2025-09-29 10:22:35,40.73,9000,40.73,D
sh600584,长电科技,2025-09-29 10:22:38,40.73,26126,40.73,D
sh600584,长电科技,2025-09-29 10:22:41,40.73,5100,40.73,U
sh600584,长电科技,2025-09-29 10:22:44,40.73,7700,40.73,U
sh600584,长电科技,2025-09-29 10:22:47,40.73,6700,40.73,D
sh600584,长电科技,2025-09-29 10:22:50,40.73,6300,40.73,U
sh600584,长电科技,2025-09-29 10:22:53,40.72,13500,40.73,D
sh600584,长电科技,2025-09-29 10:22:56,40.72,16300,40.72,U
sh600584,长电科技,2025-09-29 10:22:59,40.71,10700,40.72,D
sh600584,长电科技,2025-09-29 10:23:02,40.73,19900,40.71,U
sh600584,长电科技,2025-09-29 10:23:05,40.73,15100,40.73,D
sh600584,长电科技,2025-09-29 10:23:08,40.72,10500,40.73,D
sh600584,长电科技,2025-09-29 10:23:11,40.73,8300,40.72,U
sh600584,长电科技,2025-09-29 10:23:14,40.73,8900,40.73,D
sh600584,长电科技,2025-09-29 10:23:17,40.73,9600,40.73,U
sh600584,长电科技,2025-09-29 10:23:20,40.73,9200,40.73,D
sh600584,长电科技,2025-09-29 10:23:23,40.73,13100,40.73,D
sh600584,长电科技,2025-09-29 10:23:26,40.74,16100,40.73,U
sh600584,长电科技,2025-09-29 10:23:29,40.74,22400,40.74,U
sh600584,长电科技,2025-09-29 10:23:32,40.76,27174,40.74,U
sh600584,长电科技,2025-09-29 10:23:35,40.82,122535,40.76,U
sh600584,长电科技,2025-09-29 10:23:38,40.83,5300,40.82,U
sh600584,长电科技,2025-09-29 10:23:44,40.79,15000,40.81,D
sh600584,长电科技,2025-09-29 10:23:47,40.84,16800,40.79,U
sh600584,长电科技,2025-09-29 10:23:50,40.85,22500,40.84,U
sh600584,长电科技,2025-09-29 10:23:53,40.86,25300,40.85,U
sh600584,长电科技,2025-09-29 10:23:59,40.86,6100,40.86,U
sh600584,长电科技,2025-09-29 10:24:02,40.87,29800,40.86,U
sh600584,长电科技,2025-09-29 10:24:05,40.89,30800,40.87,U
sh600584,长电科技,2025-09-29 10:24:08,40.9,32500,40.89,U
sh600584,长电科技,2025-09-29 10:24:11,40.89,7800,40.9,D
sh600584,长电科技,2025-09-29 10:24:14,40.9,17200,40.89,U
sh600584,长电科技,2025-09-29 10:24:17,40.9,11200,40.9,U
sh600584,长电科技,2025-09-29 10:24:20,40.9,26200,40.9,U
sh600584,长电科技,2025-09-29 10:24:23,40.92,20400,40.9,U
sh600584,长电科技,2025-09-29 10:24:26,40.91,8900,40.92,D
sh600584,长电科技,2025-09-29 10:24:29,40.92,30600,40.91,U
sh600584,长电科技,2025-09-29 10:24:32,40.94,15800,40.92,U
sh600584,长电科技,2025-09-29 10:24:35,40.92,6100,40.94,D
sh600584,长电科技,2025-09-29 10:24:38,40.94,7800,40.92,U
sh600584,长电科技,2025-09-29 10:24:41,40.94,16900,40.94,U
sh600584,长电科技,2025-09-29 10:24:44,40.94,32500,40.94,U
sh600584,长电科技,2025-09-29 10:24:47,40.92,29500,40.94,D
sh600584,长电科技,2025-09-29 10:24:50,40.95,29800,40.92,U
sh600584,长电科技,2025-09-29 10:24:53,40.95,6200,40.95,U
sh600584,长电科技,2025-09-29 10:24:56,40.95,20600,40.95,U
sh600584,长电科技,2025-09-29 10:24:59,40.94,13700,40.95,E
sh600584,长电科技,2025-09-29 10:25:02,40.95,15300,40.94,U
sh600584,长电科技,2025-09-29 10:25:05,40.96,21200,40.95,U
sh600584,长电科技,2025-09-29 10:25:08,40.96,11700,40.96,U
sh600584,长电科技,2025-09-29 10:25:11,40.97,13300,40.96,U
sh600584,长电科技,2025-09-29 10:25:14,40.98,8000,40.97,U
sh600584,长电科技,2025-09-29 10:25:17,40.97,23900,40.98,D
sh600584,长电科技,2025-09-29 10:25:20,40.97,22000,40.97,D
sh600584,长电科技,2025-09-29 10:25:23,40.98,41100,40.97,U
sh600584,长电科技,2025-09-29 10:25:26,40.99,32600,40.98,U
sh600584,长电科技,2025-09-29 10:25:29,40.99,66000,40.99,U
sh600584,长电科技,2025-09-29 10:25:32,40.99,30800,40.99,U
sh600584,长电科技,2025-09-29 10:25:35,41.0,19000,40.99,U
sh600584,长电科技,2025-09-29 10:25:38,40.99,9100,41.0,D
sh600584,长电科技,2025-09-29 10:25:41,41.0,72000,40.99,U
sh600584,长电科技,2025-09-29 10:25:44,41.0,18500,41.0,U
sh600584,长电科技,2025-09-29 10:25:47,41.0,26700,41.0,U
sh600584,长电科技,2025-09-29 10:25:50,41.0,20900,41.0,U
sh600584,长电科技,2025-09-29 10:25:53,41.0,37400,41.0,U
sh600584,长电科技,2025-09-29 10:25:56,41.0,30200,41.0,U
sh600584,长电科技,2025-09-29 10:25:59,41.0,5700,41.0,D
sh600584,长电科技,2025-09-29 10:26:02,41.01,120600,41.0,U
sh600584,长电科技,2025-09-29 10:26:05,41.0,140100,41.01,D
sh600584,长电科技,2025-09-29 10:26:08,41.0,11400,41.0,U
sh600584,长电科技,2025-09-29 10:26:11,40.99,17200,41.0,D
sh600584,长电科技,2025-09-29 10:26:14,40.94,44100,40.99,D
sh600584,长电科技,2025-09-29 10:26:17,40.94,8400,40.94,U
sh600584,长电科技,2025-09-29 10:26:23,40.92,7300,40.92,U
sh600584,长电科技,2025-09-29 10:26:26,40.95,15900,40.92,U
sh600584,长电科技,2025-09-29 10:26:29,40.95,20800,40.95,U
sh600584,长电科技,2025-09-29 10:26:32,40.95,27800,40.95,D
sh600584,长电科技,2025-09-29 10:26:35,40.96,71500,40.95,U
sh600584,长电科技,2025-09-29 10:26:38,40.95,11000,40.96,U
sh600584,长电科技,2025-09-29 10:26:41,40.92,6400,40.95,D
sh600584,长电科技,2025-09-29 10:26:44,40.95,5900,40.92,U
sh600584,长电科技,2025-09-29 10:26:50,40.95,11800,40.93,U
sh600584,长电科技,2025-09-29 10:26:56,40.94,7700,40.95,E
sh600584,长电科技,2025-09-29 10:26:59,40.93,13500,40.94,D
sh600584,长电科技,2025-09-29 10:27:02,40.94,16700,40.93,E
sh600584,长电科技,2025-09-29 10:27:05,40.95,13500,40.94,U
sh600584,长电科技,2025-09-29 10:27:08,40.95,4900,40.95,U
sh600584,长电科技,2025-09-29 10:27:11,40.95,7100,40.95,U
sh600584,长电科技,2025-09-29 10:27:14,40.96,5300,40.95,U
sh600584,长电科技,2025-09-29 10:27:17,40.97,26400,40.96,U
sh600584,长电科技,2025-09-29 10:27:20,40.98,8100,40.97,U
sh600584,长电科技,2025-09-29 10:27:23,40.99,15100,40.98,U
sh600584,长电科技,2025-09-29 10:27:26,40.99,11500,40.99,U
sh600584,长电科技,2025-09-29 10:27:29,40.99,8200,40.99,U
sh600584,长电科技,2025-09-29 10:27:32,40.99,12100,40.99,D
sh600584,长电科技,2025-09-29 10:27:35,40.99,45100,40.99,D
sh600584,长电科技,2025-09-29 10:27:38,40.97,107700,40.99,D
sh600584,长电科技,2025-09-29 10:27:41,40.95,10800,40.97,E
sh600584,长电科技,2025-09-29 10:27:44,40.95,9300,40.95,U
sh600584,长电科技,2025-09-29 10:27:47,40.93,9100,40.95,D
sh600584,长电科技,2025-09-29 10:27:53,40.93,24100,40.92,U
sh600584,长电科技,2025-09-29 10:27:56,40.92,29400,40.93,D
sh600584,长电科技,2025-09-29 10:27:59,40.96,8100,40.92,U
sh600584,长电科技,2025-09-29 10:28:02,40.9,40900,40.96,D
sh600584,长电科技,2025-09-29 10:28:05,40.92,14700,40.9,E
sh600584,长电科技,2025-09-29 10:28:08,40.91,10300,40.92,D
sh600584,长电科技,2025-09-29 10:28:11,40.9,22500,40.91,D
sh600584,长电科技,2025-09-29 10:28:14,40.9,17500,40.9,D
sh600584,长电科技,2025-09-29 10:28:17,40.9,7600,40.9,U
sh600584,长电科技,2025-09-29 10:28:20,40.89,33700,40.9,D
sh600584,长电科技,2025-09-29 10:28:23,40.89,6200,40.89,U
sh600584,长电科技,2025-09-29 10:28:26,40.88,21400,40.89,D
sh600584,长电科技,2025-09-29 10:28:29,40.88,6600,40.88,U
sh600584,长电科技,2025-09-29 10:28:32,40.88,10600,40.88,U
sh600584,长电科技,2025-09-29 10:28:38,40.86,15900,40.86,D
sh600584,长电科技,2025-09-29 10:28:41,40.86,12300,40.86,D
sh600584,长电科技,2025-09-29 10:28:44,40.86,13800,40.86,D
sh600584,长电科技,2025-09-29 10:28:47,40.86,8500,40.86,U
sh600584,长电科技,2025-09-29 10:28:53,40.86,19500,40.86,U
sh600584,长电科技,2025-09-29 10:28:56,40.88,24000,40.86,U
sh600584,长电科技,2025-09-29 10:28:59,40.87,28100,40.88,D
sh600584,长电科技,2025-09-29 10:29:05,40.88,21700,40.86,U
sh600584,长电科技,2025-09-29 10:29:08,40.89,20000,40.88,U
sh600584,长电科技,2025-09-29 10:29:11,40.89,7600,40.89,D
sh600584,长电科技,2025-09-29 10:29:17,40.9,21300,40.88,U
sh600584,长电科技,2025-09-29 10:29:26,40.9,29600,40.91,D
sh600584,长电科技,2025-09-29 10:29:29,40.91,13800,40.9,E
sh600584,长电科技,2025-09-29 10:29:32,40.92,23100,40.91,U
sh600584,长电科技,2025-09-29 10:29:35,40.93,6900,40.92,U
sh600584,长电科技,2025-09-29 10:29:41,40.93,7500,40.92,U
sh600584,长电科技,2025-09-29 10:29:44,40.93,12300,40.93,U
sh600584,长电科技,2025-09-29 10:29:47,40.92,8200,40.93,D
sh600584,长电科技,2025-09-29 10:29:50,40.92,21300,40.92,D
sh600584,长电科技,2025-09-29 10:29:53,40.92,6400,40.92,D
sh600584,长电科技,2025-09-29 10:29:56,40.94,43000,40.92,U
sh600584,长电科技,2025-09-29 10:29:59,40.92,18100,40.94,D
sh600584,长电科技,2025-09-29 10:30:02,40.96,10800,40.92,U
sh600584,长电科技,2025-09-29 10:30:05,40.94,10300,40.96,D
sh600584,长电科技,2025-09-29 10:30:08,40.94,27900,40.94,D
sh600584,长电科技,2025-09-29 10:30:11,40.95,6100,40.94,U
sh600584,长电科技,2025-09-29 10:30:14,40.95,11800,40.95,D
sh600584,长电科技,2025-09-29 10:30:17,40.93,20800,40.95,D
sh600584,长电科技,2025-09-29 10:30:20,40.93,17400,40.93,U
sh600584,长电科技,2025-09-29 10:30:23,40.93,9700,40.93,D
sh600584,长电科技,2025-09-29 10:30:26,40.94,35000,40.93,U
sh600584,长电科技,2025-09-29 10:30:29,40.93,15200,40.94,D
sh600584,长电科技,2025-09-29 10:30:32,40.91,14300,40.93,D
sh600584,长电科技,2025-09-29 10:30:35,40.91,12200,40.91,D
sh600584,长电科技,2025-09-29 10:30:38,40.9,8500,40.91,D
sh600584,长电科技,2025-09-29 10:30:41,40.9,17800,40.9,D
sh600584,长电科技,2025-09-29 10:30:44,40.91,10900,40.9,U
sh600584,长电科技,2025-09-29 10:30:47,40.91,17000,40.91,D
sh600584,长电科技,2025-09-29 10:30:50,40.91,24500,40.91,D
sh600584,长电科技,2025-09-29 10:30:53,40.9,14400,40.91,D
sh600584,长电科技,2025-09-29 10:30:56,40.88,38400,40.9,D
sh600584,长电科技,2025-09-29 10:30:59,40.9,4900,40.88,U
sh600584,长电科技,2025-09-29 10:31:02,40.92,16300,40.9,U
sh600584,长电科技,2025-09-29 10:31:05,40.92,33400,40.92,U
sh600584,长电科技,2025-09-29 10:31:08,40.95,10300,40.92,U
sh600584,长电科技,2025-09-29 10:31:11,40.94,14800,40.95,D
sh600584,长电科技,2025-09-29 10:31:17,40.96,8600,40.96,U
sh600584,长电科技,2025-09-29 10:31:20,40.97,27300,40.96,U
sh600584,长电科技,2025-09-29 10:31:23,40.95,7400,40.97,D
sh600584,长电科技,2025-09-29 10:31:26,40.94,10400,40.95,D
sh600584,长电科技,2025-09-29 10:31:29,40.92,15900,40.94,D
sh600584,长电科技,2025-09-29 10:31:35,40.91,6900,40.93,D
sh600584,长电科技,2025-09-29 10:31:38,40.91,25600,40.91,D
sh600584,长电科技,2025-09-29 10:31:41,40.89,15200,40.91,D
sh600584,长电科技,2025-09-29 10:31:44,40.88,38000,40.89,D
sh600584,长电科技,2025-09-29 10:31:50,40.87,5600,40.87,U
sh600584,长电科技,2025-09-29 10:31:53,40.86,7700,40.87,D
sh600584,长电科技,2025-09-29 10:31:56,40.86,6800,40.86,D
sh600584,长电科技,2025-09-29 10:31:59,40.86,10800,40.86,D
sh600584,长电科技,2025-09-29 10:32:02,40.85,8600,40.86,D
sh600584,长电科技,2025-09-29 10:32:05,40.86,30000,40.85,U
sh600584,长电科技,2025-09-29 10:32:08,40.86,12400,40.86,U
sh600584,长电科技,2025-09-29 10:32:11,40.83,54000,40.86,D
sh600584,长电科技,2025-09-29 10:32:14,40.82,26000,40.83,D
sh600584,长电科技,2025-09-29 10:32:17,40.82,16200,40.82,U
sh600584,长电科技,2025-09-29 10:32:20,40.82,15500,40.82,E
sh600584,长电科技,2025-09-29 10:32:23,40.8,25300,40.82,D
sh600584,长电科技,2025-09-29 10:32:26,40.78,42800,40.8,D
sh600584,长电科技,2025-09-29 10:32:35,40.76,61000,40.77,D
sh600584,长电科技,2025-09-29 10:32:38,40.77,12000,40.76,U
sh600584,长电科技,2025-09-29 10:32:41,40.76,17800,40.77,D
sh600584,长电科技,2025-09-29 10:32:44,40.76,17000,40.76,D
sh600584,长电科技,2025-09-29 10:32:47,40.76,9800,40.76,U
sh600584,长电科技,2025-09-29 10:32:50,40.75,16400,40.76,D
sh600584,长电科技,2025-09-29 10:32:53,40.75,10900,40.75,U
sh600584,长电科技,2025-09-29 10:32:56,40.75,34100,40.75,U
sh600584,长电科技,2025-09-29 10:32:59,40.74,115400,40.75,D
sh600584,长电科技,2025-09-29 10:33:02,40.74,19800,40.74,D
sh600584,长电科技,2025-09-29 10:33:05,40.74,11200,40.74,U
sh600584,长电科技,2025-09-29 10:33:08,40.73,7600,40.74,D
sh600584,长电科技,2025-09-29 10:33:11,40.72,11500,40.73,D
sh600584,长电科技,2025-09-29 10:33:14,40.73,5300,40.72,U
sh600584,长电科技,2025-09-29 10:33:17,40.72,12300,40.73,D
sh600584,长电科技,2025-09-29 10:33:20,40.73,6900,40.72,E
sh600584,长电科技,2025-09-29 10:33:23,40.72,13100,40.73,D
sh600584,长电科技,2025-09-29 10:33:26,40.72,9600,40.72,D
sh600584,长电科技,2025-09-29 10:33:29,40.7,35200,40.72,D
sh600584,长电科技,2025-09-29 10:33:32,40.7,31500,40.7,U
sh600584,长电科技,2025-09-29 10:33:35,40.7,8600,40.7,U
sh600584,长电科技,2025-09-29 10:33:38,40.7,17200,40.7,U
sh600584,长电科技,2025-09-29 10:33:41,40.72,69900,40.7,U
sh600584,长电科技,2025-09-29 10:33:44,40.72,32100,40.72,U
sh600584,长电科技,2025-09-29 10:33:47,40.72,17400,40.72,D
sh600584,长电科技,2025-09-29 10:33:50,40.73,6400,40.72,U
sh600584,长电科技,2025-09-29 10:33:53,40.72,8800,40.73,D
sh600584,长电科技,2025-09-29 10:33:56,40.73,15200,40.72,E
sh600584,长电科技,2025-09-29 10:34:02,40.72,9700,40.72,U
sh600584,长电科技,2025-09-29 10:34:05,40.72,16200,40.72,U
sh600584,长电科技,2025-09-29 10:34:08,40.72,18800,40.72,U
sh600584,长电科技,2025-09-29 10:34:11,40.71,15800,40.72,D
sh600584,长电科技,2025-09-29 10:34:14,40.71,52500,40.71,U
sh600584,长电科技,2025-09-29 10:34:17,40.73,15200,40.71,U
sh600584,长电科技,2025-09-29 10:34:20,40.71,20400,40.73,D
sh600584,长电科技,2025-09-29 10:34:29,40.73,16800,40.72,U
sh600584,长电科技,2025-09-29 10:34:32,40.75,57100,40.73,U
sh600584,长电科技,2025-09-29 10:34:35,40.74,26800,40.75,D
sh600584,长电科技,2025-09-29 10:34:38,40.74,50300,40.74,D
sh600584,长电科技,2025-09-29 10:34:41,40.77,6000,40.74,U
sh600584,长电科技,2025-09-29 10:34:44,40.75,8600,40.77,D
sh600584,长电科技,2025-09-29 10:34:47,40.75,6000,40.75,D
sh600584,长电科技,2025-09-29 10:34:50,40.75,12300,40.75,D
sh600584,长电科技,2025-09-29 10:34:53,40.75,17200,40.75,D
sh600584,长电科技,2025-09-29 10:34:56,40.75,10200,40.75,D
sh600584,长电科技,2025-09-29 10:34:59,40.75,9700,40.75,D
sh600584,长电科技,2025-09-29 10:35:02,40.75,7800,40.75,U
sh600584,长电科技,2025-09-29 10:35:05,40.75,24100,40.75,U
sh600584,长电科技,2025-09-29 10:35:08,40.74,6800,40.75,D
sh600584,长电科技,2025-09-29 10:35:11,40.74,8400,40.74,D
sh600584,长电科技,2025-09-29 10:35:14,40.75,8400,40.74,U
sh600584,长电科技,2025-09-29 10:35:17,40.74,7000,40.75,D
sh600584,长电科技,2025-09-29 10:35:20,40.74,14800,40.74,U
sh600584,长电科技,2025-09-29 10:35:23,40.75,14800,40.74,U
sh600584,长电科技,2025-09-29 10:35:29,40.77,6900,40.74,U
sh600584,长电科技,2025-09-29 10:35:32,40.79,18600,40.77,U
sh600584,长电科技,2025-09-29 10:35:35,40.79,6100,40.79,U
sh600584,长电科技,2025-09-29 10:35:38,40.8,11900,40.79,U
sh600584,长电科技,2025-09-29 10:35:41,40.79,6900,40.8,D
sh600584,长电科技,2025-09-29 10:35:44,40.81,7900,40.79,U
sh600584,长电科技,2025-09-29 10:35:50,40.8,10400,40.81,D
sh600584,长电科技,2025-09-29 10:35:53,40.81,9000,40.8,U
sh600584,长电科技,2025-09-29 10:35:56,40.8,13000,40.81,D
sh600584,长电科技,2025-09-29 10:36:02,40.85,6000,40.81,U
sh600584,长电科技,2025-09-29 10:36:05,40.83,5400,40.85,D
sh600584,长电科技,2025-09-29 10:36:11,40.84,9900,40.84,U
sh600584,长电科技,2025-09-29 10:36:14,40.84,12900,40.84,U
sh600584,长电科技,2025-09-29 10:36:17,40.85,7400,40.84,U
sh600584,长电科技,2025-09-29 10:36:26,40.85,11000,40.85,U
sh600584,长电科技,2025-09-29 10:36:29,40.85,14200,40.85,D
sh600584,长电科技,2025-09-29 10:36:32,40.84,6400,40.85,E
sh600584,长电科技,2025-09-29 10:36:35,40.83,9000,40.84,D
sh600584,长电科技,2025-09-29 10:36:38,40.84,20800,40.83,U
sh600584,长电科技,2025-09-29 10:36:41,40.83,24100,40.84,E
sh600584,长电科技,2025-09-29 10:36:44,40.84,14500,40.83,U
sh600584,长电科技,2025-09-29 10:36:47,40.84,34900,40.84,D
sh600584,长电科技,2025-09-29 10:36:50,40.85,6800,40.84,E
sh600584,长电科技,2025-09-29 10:36:53,40.85,14600,40.85,U
sh600584,长电科技,2025-09-29 10:36:56,40.86,13400,40.85,U
sh600584,长电科技,2025-09-29 10:36:59,40.82,21600,40.86,D
sh600584,长电科技,2025-09-29 10:37:05,40.84,45800,40.86,D
sh600584,长电科技,2025-09-29 10:37:08,40.86,48600,40.84,U
sh600584,长电科技,2025-09-29 10:37:17,40.85,8400,40.86,D
sh600584,长电科技,2025-09-29 10:37:23,40.85,11800,40.85,U
sh600584,长电科技,2025-09-29 10:37:29,40.84,26400,40.85,D
sh600584,长电科技,2025-09-29 10:37:32,40.84,5800,40.84,U
sh600584,长电科技,2025-09-29 10:37:35,40.83,6500,40.84,D
sh600584,长电科技,2025-09-29 10:37:38,40.83,8900,40.83,D
sh600584,长电科技,2025-09-29 10:37:47,40.85,7900,40.84,U
sh600584,长电科技,2025-09-29 10:37:50,40.85,9900,40.85,U
sh600584,长电科技,2025-09-29 10:37:53,40.86,30900,40.85,U
sh600584,长电科技,2025-09-29 10:37:56,40.87,6400,40.86,E
sh600584,长电科技,2025-09-29 10:37:59,40.86,13100,40.87,D
sh600584,长电科技,2025-09-29 10:38:02,40.87,8900,40.86,U
sh600584,长电科技,2025-09-29 10:38:05,40.85,6500,40.87,D
sh600584,长电科技,2025-09-29 10:38:08,40.87,9900,40.85,U
sh600584,长电科技,2025-09-29 10:38:17,40.85,62000,40.87,D
sh600584,长电科技,2025-09-29 10:38:20,40.85,17700,40.85,U
sh600584,长电科技,2025-09-29 10:38:23,40.84,10400,40.85,D
sh600584,长电科技,2025-09-29 10:38:26,40.84,7100,40.84,D
sh600584,长电科技,2025-09-29 10:38:32,40.83,18700,40.84,D
sh600584,长电科技,2025-09-29 10:38:35,40.82,9000,40.83,D
sh600584,长电科技,2025-09-29 10:38:38,40.82,16000,40.82,D
sh600584,长电科技,2025-09-29 10:38:41,40.81,115100,40.82,D
sh600584,长电科技,2025-09-29 10:38:47,40.79,24600,40.79,D
sh600584,长电科技,2025-09-29 10:38:50,40.78,9000,40.79,D
sh600584,长电科技,2025-09-29 10:38:56,40.76,36500,40.78,D
sh600584,长电科技,2025-09-29 10:39:05,40.77,68200,40.76,U
sh600584,长电科技,2025-09-29 10:39:08,40.77,26800,40.77,U
sh600584,长电科技,2025-09-29 10:39:11,40.75,11200,40.77,D
sh600584,长电科技,2025-09-29 10:39:14,40.76,27600,40.75,E
sh600584,长电科技,2025-09-29 10:39:17,40.75,9700,40.76,D
sh600584,长电科技,2025-09-29 10:39:20,40.76,26000,40.75,U
sh600584,长电科技,2025-09-29 10:39:23,40.75,7000,40.76,D
sh600584,长电科技,2025-09-29 10:39:26,40.73,49000,40.75,D
sh600584,长电科技,2025-09-29 10:39:32,40.73,12300,40.73,U
sh600584,长电科技,2025-09-29 10:39:38,40.74,9800,40.74,U
sh600584,长电科技,2025-09-29 10:39:41,40.74,9400,40.74,D
sh600584,长电科技,2025-09-29 10:39:44,40.74,12300,40.74,D
sh600584,长电科技,2025-09-29 10:39:47,40.75,38300,40.74,U
sh600584,长电科技,2025-09-29 10:39:50,40.76,22100,40.75,U
sh600584,长电科技,2025-09-29 10:39:53,40.76,11200,40.76,U
sh600584,长电科技,2025-09-29 10:39:56,40.75,12300,40.76,D
sh600584,长电科技,2025-09-29 10:39:59,40.76,31100,40.75,U
sh600584,长电科技,2025-09-29 10:40:02,40.76,20400,40.76,D
sh600584,长电科技,2025-09-29 10:40:05,40.76,11200,40.76,D
sh600584,长电科技,2025-09-29 10:40:08,40.77,5300,40.76,U
sh600584,长电科技,2025-09-29 10:40:14,40.78,10000,40.77,U
sh600584,长电科技,2025-09-29 10:40:20,40.77,5200,40.77,D
sh600584,长电科技,2025-09-29 10:40:23,40.77,20500,40.77,D
sh600584,长电科技,2025-09-29 10:40:26,40.79,19600,40.77,U
sh600584,长电科技,2025-09-29 10:40:29,40.78,5600,40.79,D
sh600584,长电科技,2025-09-29 10:40:32,40.78,21200,40.78,D
sh600584,长电科技,2025-09-29 10:40:35,40.79,18400,40.78,U
sh600584,长电科技,2025-09-29 10:40:38,40.78,16500,40.79,D
sh600584,长电科技,2025-09-29 10:40:41,40.78,23100,40.78,U
sh600584,长电科技,2025-09-29 10:40:44,40.75,106100,40.78,D
sh600584,长电科技,2025-09-29 10:40:47,40.74,14700,40.75,D
sh600584,长电科技,2025-09-29 10:40:50,40.75,8300,40.74,U
sh600584,长电科技,2025-09-29 10:40:53,40.74,5200,40.75,D
sh600584,长电科技,2025-09-29 10:40:56,40.75,6100,40.74,U
sh600584,长电科技,2025-09-29 10:40:59,40.74,7700,40.75,D
sh600584,长电科技,2025-09-29 10:41:05,40.74,14900,40.75,D
sh600584,长电科技,2025-09-29 10:41:11,40.74,10200,40.74,U
sh600584,长电科技,2025-09-29 10:41:14,40.74,7200,40.74,D
sh600584,长电科技,2025-09-29 10:41:20,40.74,15100,40.74,U
sh600584,长电科技,2025-09-29 10:41:23,40.74,14700,40.74,D
sh600584,长电科技,2025-09-29 10:41:26,40.75,11900,40.74,U
sh600584,长电科技,2025-09-29 10:41:32,40.75,5100,40.74,U
sh600584,长电科技,2025-09-29 10:41:35,40.74,13700,40.75,D
sh600584,长电科技,2025-09-29 10:41:38,40.75,24400,40.74,U
sh600584,长电科技,2025-09-29 10:41:41,40.75,9700,40.75,D
sh600584,长电科技,2025-09-29 10:41:44,40.76,6700,40.75,U
sh600584,长电科技,2025-09-29 10:41:47,40.76,6700,40.76,U
sh600584,长电科技,2025-09-29 10:41:50,40.75,19200,40.76,D
sh600584,长电科技,2025-09-29 10:41:56,40.76,61600,40.76,D
sh600584,长电科技,2025-09-29 10:42:02,40.75,10800,40.77,D
sh600584,长电科技,2025-09-29 10:42:05,40.75,5500,40.75,D
sh600584,长电科技,2025-09-29 10:42:08,40.75,7300,40.75,D
sh600584,长电科技,2025-09-29 10:42:11,40.75,17800,40.75,U
sh600584,长电科技,2025-09-29 10:42:14,40.74,50400,40.75,D
sh600584,长电科技,2025-09-29 10:42:17,40.73,34600,40.74,D
sh600584,长电科技,2025-09-29 10:42:20,40.75,11000,40.73,U
sh600584,长电科技,2025-09-29 10:42:23,40.74,11900,40.75,D
sh600584,长电科技,2025-09-29 10:42:29,40.73,20200,40.74,D
sh600584,长电科技,2025-09-29 10:42:32,40.72,7200,40.73,D
sh600584,长电科技,2025-09-29 10:42:35,40.72,17800,40.72,D
sh600584,长电科技,2025-09-29 10:42:38,40.73,8100,40.72,U
sh600584,长电科技,2025-09-29 10:42:41,40.73,12800,40.73,U
sh600584,长电科技,2025-09-29 10:42:47,40.72,13000,40.72,D
sh600584,长电科技,2025-09-29 10:42:50,40.71,12400,40.72,D
sh600584,长电科技,2025-09-29 10:42:59,40.71,12400,40.72,D
sh600584,长电科技,2025-09-29 10:43:02,40.71,12100,40.71,D
sh600584,长电科技,2025-09-29 10:43:05,40.71,7600,40.71,D
sh600584,长电科技,2025-09-29 10:43:08,40.71,13800,40.71,D
sh600584,长电科技,2025-09-29 10:43:11,40.71,17100,40.71,U
sh600584,长电科技,2025-09-29 10:43:14,40.71,8800,40.71,U
sh600584,长电科技,2025-09-29 10:43:17,40.7,99300,40.71,D
sh600584,长电科技,2025-09-29 10:43:20,40.7,7000,40.7,U
sh600584,长电科技,2025-09-29 10:43:23,40.7,9300,40.7,U
sh600584,长电科技,2025-09-29 10:43:26,40.69,5300,40.7,D
sh600584,长电科技,2025-09-29 10:43:29,40.69,5000,40.69,D
sh600584,长电科技,2025-09-29 10:43:32,40.69,26100,40.69,D
sh600584,长电科技,2025-09-29 10:43:35,40.69,22900,40.69,D
sh600584,长电科技,2025-09-29 10:43:38,40.7,112600,40.69,U
sh600584,长电科技,2025-09-29 10:43:41,40.68,6900,40.7,D
sh600584,长电科技,2025-09-29 10:43:44,40.7,19700,40.68,U
sh600584,长电科技,2025-09-29 10:43:47,40.71,12600,40.7,U
sh600584,长电科技,2025-09-29 10:43:50,40.69,15000,40.71,D
sh600584,长电科技,2025-09-29 10:43:53,40.68,7700,40.69,D
sh600584,长电科技,2025-09-29 10:43:56,40.7,27700,40.68,U
sh600584,长电科技,2025-09-29 10:43:59,40.71,74400,40.7,U
sh600584,长电科技,2025-09-29 10:44:02,40.71,6200,40.71,U
sh600584,长电科技,2025-09-29 10:44:05,40.73,9800,40.71,U
sh600584,长电科技,2025-09-29 10:44:08,40.74,29400,40.73,U
sh600584,长电科技,2025-09-29 10:44:20,40.73,5900,40.74,D
sh600584,长电科技,2025-09-29 10:44:23,40.73,12400,40.73,D
sh600584,长电科技,2025-09-29 10:44:26,40.73,7800,40.73,U
sh600584,长电科技,2025-09-29 10:44:29,40.74,5900,40.73,E
sh600584,长电科技,2025-09-29 10:44:32,40.74,18400,40.74,D
sh600584,长电科技,2025-09-29 10:44:35,40.73,7500,40.74,D
sh600584,长电科技,2025-09-29 10:44:38,40.73,7400,40.73,U
sh600584,长电科技,2025-09-29 10:44:41,40.73,15100,40.73,U
sh600584,长电科技,2025-09-29 10:44:44,40.73,8100,40.73,D
sh600584,长电科技,2025-09-29 10:44:47,40.73,9100,40.73,U
sh600584,长电科技,2025-09-29 10:44:50,40.73,8400,40.73,D
sh600584,长电科技,2025-09-29 10:44:56,40.73,29300,40.74,D
sh600584,长电科技,2025-09-29 10:44:59,40.73,8300,40.73,U
sh600584,长电科技,2025-09-29 10:45:02,40.71,18500,40.73,D
sh600584,长电科技,2025-09-29 10:45:05,40.73,11800,40.71,U
sh600584,长电科技,2025-09-29 10:45:08,40.72,94300,40.73,E
sh600584,长电科技,2025-09-29 10:45:11,40.74,19600,40.72,U
sh600584,长电科技,2025-09-29 10:45:14,40.71,5500,40.74,D
sh600584,长电科技,2025-09-29 10:45:17,40.75,43800,40.71,U
sh600584,长电科技,2025-09-29 10:45:20,40.75,15500,40.75,D
sh600584,长电科技,2025-09-29 10:45:23,40.76,30400,40.75,U
sh600584,长电科技,2025-09-29 10:45:26,40.8,84400,40.76,U
sh600584,长电科技,2025-09-29 10:45:29,40.79,25600,40.8,D
sh600584,长电科技,2025-09-29 10:45:32,40.79,11200,40.79,D
sh600584,长电科技,2025-09-29 10:45:38,40.79,12300,40.8,D
sh600584,长电科技,2025-09-29 10:45:44,40.8,20300,40.8,U
sh600584,长电科技,2025-09-29 10:45:47,40.79,8200,40.8,D
sh600584,长电科技,2025-09-29 10:45:50,40.8,11200,40.79,U
sh600584,长电科技,2025-09-29 10:45:53,40.8,24600,40.8,U
sh600584,长电科技,2025-09-29 10:45:56,40.79,12100,40.8,D
sh600584,长电科技,2025-09-29 10:45:59,40.79,16100,40.79,U
sh600584,长电科技,2025-09-29 10:46:02,40.79,5200,40.79,U
sh600584,长电科技,2025-09-29 10:46:05,40.79,15000,40.79,U
sh600584,长电科技,2025-09-29 10:46:08,40.79,20400,40.79,U
sh600584,长电科技,2025-09-29 10:46:11,40.79,5000,40.79,U
sh600584,长电科技,2025-09-29 10:46:14,40.78,27200,40.79,D
sh600584,长电科技,2025-09-29 10:46:17,40.79,14700,40.78,U
sh600584,长电科技,2025-09-29 10:46:20,40.79,7700,40.79,D
sh600584,长电科技,2025-09-29 10:46:23,40.8,5100,40.79,U
sh600584,长电科技,2025-09-29 10:46:26,40.79,10700,40.8,D
sh600584,长电科技,2025-09-29 10:46:29,40.79,26300,40.79,D
sh600584,长电科技,2025-09-29 10:46:32,40.79,5100,40.79,U
sh600584,长电科技,2025-09-29 10:46:35,40.8,11400,40.79,U
sh600584,长电科技,2025-09-29 10:46:41,40.8,8700,40.8,D
sh600584,长电科技,2025-09-29 10:46:47,40.79,19800,40.79,D
sh600584,长电科技,2025-09-29 10:46:53,40.79,9900,40.8,D
sh600584,长电科技,2025-09-29 10:47:02,40.8,10400,40.8,U
sh600584,长电科技,2025-09-29 10:47:05,40.82,19500,40.8,U
sh600584,长电科技,2025-09-29 10:47:08,40.82,5000,40.82,D
sh600584,长电科技,2025-09-29 10:47:11,40.83,11400,40.82,U
sh600584,长电科技,2025-09-29 10:47:14,40.83,5400,40.83,D
sh600584,长电科技,2025-09-29 10:47:17,40.85,12400,40.83,U
sh600584,长电科技,2025-09-29 10:47:20,40.85,5600,40.85,U
sh600584,长电科技,2025-09-29 10:47:26,40.84,5400,40.85,D
sh600584,长电科技,2025-09-29 10:47:29,40.85,8600,40.84,U
sh600584,长电科技,2025-09-29 10:47:32,40.85,16600,40.85,D
sh600584,长电科技,2025-09-29 10:47:35,40.85,5500,40.85,U
sh600584,长电科技,2025-09-29 10:47:41,40.87,6200,40.86,U
sh600584,长电科技,2025-09-29 10:47:47,40.87,10200,40.87,U
sh600584,长电科技,2025-09-29 10:47:53,40.87,69600,40.87,D
sh600584,长电科技,2025-09-29 10:47:56,40.86,20500,40.87,D
sh600584,长电科技,2025-09-29 10:47:59,40.87,8400,40.86,E
sh600584,长电科技,2025-09-29 10:48:02,40.88,25100,40.87,U
sh600584,长电科技,2025-09-29 10:48:05,40.87,9800,40.88,E
sh600584,长电科技,2025-09-29 10:48:08,40.87,7300,40.87,E
sh600584,长电科技,2025-09-29 10:48:11,40.83,55500,40.87,D
sh600584,长电科技,2025-09-29 10:48:14,40.85,5300,40.83,U
sh600584,长电科技,2025-09-29 10:48:20,40.85,13100,40.83,U
sh600584,长电科技,2025-09-29 10:48:23,40.82,13200,40.85,D
sh600584,长电科技,2025-09-29 10:48:26,40.81,6700,40.82,D
sh600584,长电科技,2025-09-29 10:48:29,40.79,68600,40.81,D
sh600584,长电科技,2025-09-29 10:48:32,40.81,49100,40.79,U
sh600584,长电科技,2025-09-29 10:48:35,40.79,11900,40.81,E
sh600584,长电科技,2025-09-29 10:48:38,40.79,6700,40.79,U
sh600584,长电科技,2025-09-29 10:48:41,40.77,6400,40.79,D
sh600584,长电科技,2025-09-29 10:48:44,40.77,5100,40.77,U
sh600584,长电科技,2025-09-29 10:48:50,40.75,25200,40.77,D
sh600584,长电科技,2025-09-29 10:48:53,40.75,6100,40.75,U
sh600584,长电科技,2025-09-29 10:48:56,40.75,6200,40.75,U
sh600584,长电科技,2025-09-29 10:49:02,40.73,15200,40.73,D
sh600584,长电科技,2025-09-29 10:49:05,40.73,12200,40.73,D
sh600584,长电科技,2025-09-29 10:49:08,40.74,8400,40.73,E
sh600584,长电科技,2025-09-29 10:49:14,40.74,7700,40.74,D
sh600584,长电科技,2025-09-29 10:49:17,40.73,8400,40.74,D
sh600584,长电科技,2025-09-29 10:49:20,40.74,9000,40.73,U
sh600584,长电科技,2025-09-29 10:49:23,40.74,8200,40.74,D
sh600584,长电科技,2025-09-29 10:49:26,40.74,13300,40.74,D
sh600584,长电科技,2025-09-29 10:49:29,40.74,7400,40.74,U
sh600584,长电科技,2025-09-29 10:49:32,40.73,16800,40.74,D
sh600584,长电科技,2025-09-29 10:49:35,40.73,17900,40.73,D
sh600584,长电科技,2025-09-29 10:49:38,40.74,18000,40.73,U
sh600584,长电科技,2025-09-29 10:49:41,40.73,6100,40.74,D
sh600584,长电科技,2025-09-29 10:49:44,40.73,22100,40.73,D
sh600584,长电科技,2025-09-29 10:49:47,40.74,27800,40.73,U
sh600584,长电科技,2025-09-29 10:49:53,40.75,21900,40.75,U
sh600584,长电科技,2025-09-29 10:49:56,40.76,14500,40.75,U
sh600584,长电科技,2025-09-29 10:49:59,40.76,5600,40.76,U
sh600584,长电科技,2025-09-29 10:50:02,40.77,8600,40.76,U
sh600584,长电科技,2025-09-29 10:50:05,40.77,28900,40.77,U
sh600584,长电科技,2025-09-29 10:50:08,40.77,5000,40.77,U
sh600584,长电科技,2025-09-29 10:50:11,40.77,11800,40.77,D
sh600584,长电科技,2025-09-29 10:50:14,40.78,8400,40.77,U
sh600584,长电科技,2025-09-29 10:50:17,40.78,15200,40.78,U
sh600584,长电科技,2025-09-29 10:50:20,40.78,7900,40.78,U
sh600584,长电科技,2025-09-29 10:50:26,40.78,12700,40.79,D
sh600584,长电科技,2025-09-29 10:50:32,40.78,11300,40.78,D
sh600584,长电科技,2025-09-29 10:50:35,40.78,7000,40.78,D
sh600584,长电科技,2025-09-29 10:50:38,40.79,8900,40.78,E
sh600584,长电科技,2025-09-29 10:50:41,40.79,7000,40.79,U
sh600584,长电科技,2025-09-29 10:50:44,40.79,5300,40.79,D
sh600584,长电科技,2025-09-29 10:50:47,40.8,11300,40.79,U
sh600584,长电科技,2025-09-29 10:50:53,40.8,6100,40.79,U
sh600584,长电科技,2025-09-29 10:50:56,40.8,9200,40.8,U
sh600584,长电科技,2025-09-29 10:51:02,40.81,23300,40.8,U
sh600584,长电科技,2025-09-29 10:51:05,40.79,6700,40.81,D
sh600584,长电科技,2025-09-29 10:51:11,40.79,9600,40.79,U
sh600584,长电科技,2025-09-29 10:51:14,40.79,7600,40.79,U
sh600584,长电科技,2025-09-29 10:51:17,40.77,13700,40.79,D
sh600584,长电科技,2025-09-29 10:51:23,40.77,13700,40.77,D
sh600584,长电科技,2025-09-29 10:51:26,40.76,82300,40.77,D
sh600584,长电科技,2025-09-29 10:51:32,40.73,6000,40.76,D
sh600584,长电科技,2025-09-29 10:51:38,40.74,18000,40.73,U
sh600584,长电科技,2025-09-29 10:51:41,40.73,9100,40.74,D
sh600584,长电科技,2025-09-29 10:51:44,40.73,5700,40.73,D
sh600584,长电科技,2025-09-29 10:51:47,40.74,12000,40.73,U
sh600584,长电科技,2025-09-29 10:51:50,40.74,5100,40.74,U
sh600584,长电科技,2025-09-29 10:51:53,40.74,38600,40.74,U
sh600584,长电科技,2025-09-29 10:51:56,40.74,13600,40.74,U
sh600584,长电科技,2025-09-29 10:52:08,40.73,6000,40.74,D
sh600584,长电科技,2025-09-29 10:52:11,40.74,15400,40.73,U
sh600584,长电科技,2025-09-29 10:52:14,40.73,12600,40.74,D
sh600584,长电科技,2025-09-29 10:52:17,40.73,6300,40.73,U
sh600584,长电科技,2025-09-29 10:52:20,40.73,29700,40.73,U
sh600584,长电科技,2025-09-29 10:52:23,40.74,15800,40.73,U
sh600584,长电科技,2025-09-29 10:52:26,40.74,13200,40.74,U
sh600584,长电科技,2025-09-29 10:52:29,40.75,8500,40.74,U
sh600584,长电科技,2025-09-29 10:52:32,40.76,15900,40.75,U
sh600584,长电科技,2025-09-29 10:52:35,40.75,27500,40.76,D
sh600584,长电科技,2025-09-29 10:52:38,40.78,10700,40.75,U
sh600584,长电科技,2025-09-29 10:52:41,40.79,12700,40.78,U
sh600584,长电科技,2025-09-29 10:52:44,40.78,7300,40.79,D
sh600584,长电科技,2025-09-29 10:52:50,40.78,9100,40.78,U
sh600584,长电科技,2025-09-29 10:52:53,40.78,10200,40.78,U
sh600584,长电科技,2025-09-29 10:52:56,40.78,5200,40.78,U
sh600584,长电科技,2025-09-29 10:52:59,40.78,15500,40.78,U
sh600584,长电科技,2025-09-29 10:53:02,40.79,7200,40.78,U
sh600584,长电科技,2025-09-29 10:53:05,40.78,10300,40.79,D
sh600584,长电科技,2025-09-29 10:53:08,40.78,9500,40.78,D
sh600584,长电科技,2025-09-29 10:53:14,40.78,5500,40.79,D
sh600584,长电科技,2025-09-29 10:53:17,40.79,5100,40.78,U
sh600584,长电科技,2025-09-29 10:53:26,40.8,33800,40.78,U
sh600584,长电科技,2025-09-29 10:53:41,40.8,11200,40.79,U
sh600584,长电科技,2025-09-29 10:53:47,40.79,9500,40.79,U
sh600584,长电科技,2025-09-29 10:53:50,40.78,15200,40.79,D
sh600584,长电科技,2025-09-29 10:54:05,40.78,6200,40.79,D
sh600584,长电科技,2025-09-29 10:54:08,40.79,6300,40.78,U
sh600584,长电科技,2025-09-29 10:54:11,40.79,40800,40.79,U
sh600584,长电科技,2025-09-29 10:54:14,40.78,25800,40.79,D
sh600584,长电科技,2025-09-29 10:54:26,40.78,13000,40.77,U
sh600584,长电科技,2025-09-29 10:54:29,40.77,6900,40.78,D
sh600584,长电科技,2025-09-29 10:54:35,40.78,10300,40.77,U
sh600584,长电科技,2025-09-29 10:54:38,40.79,15200,40.78,U
sh600584,长电科技,2025-09-29 10:54:41,40.78,15300,40.79,D
sh600584,长电科技,2025-09-29 10:54:50,40.8,15800,40.79,U
sh600584,长电科技,2025-09-29 10:54:56,40.79,8700,40.8,D
sh600584,长电科技,2025-09-29 10:54:59,40.8,13300,40.79,U
sh600584,长电科技,2025-09-29 10:55:02,40.79,8400,40.8,E
sh600584,长电科技,2025-09-29 10:55:11,40.79,7400,40.8,D
sh600584,长电科技,2025-09-29 10:55:26,40.8,6400,40.79,U
sh600584,长电科技,2025-09-29 10:55:29,40.79,6800,40.8,D
sh600584,长电科技,2025-09-29 10:55:32,40.8,20200,40.79,U
sh600584,长电科技,2025-09-29 10:55:35,40.8,18300,40.8,U
sh600584,长电科技,2025-09-29 10:55:38,40.79,6800,40.8,D
sh600584,长电科技,2025-09-29 10:55:41,40.79,6900,40.79,D
sh600584,长电科技,2025-09-29 10:55:44,40.79,27100,40.79,D
sh600584,长电科技,2025-09-29 10:55:47,40.78,23300,40.79,D
sh600584,长电科技,2025-09-29 10:55:53,40.78,5700,40.78,U
sh600584,长电科技,2025-09-29 10:55:56,40.78,11300,40.78,U
sh600584,长电科技,2025-09-29 10:56:02,40.76,32000,40.77,D
sh600584,长电科技,2025-09-29 10:56:11,40.77,7400,40.76,U
sh600584,长电科技,2025-09-29 10:56:14,40.75,70100,40.77,D
sh600584,长电科技,2025-09-29 10:56:23,40.75,34600,40.74,U
sh600584,长电科技,2025-09-29 10:56:26,40.73,18900,40.75,D
sh600584,长电科技,2025-09-29 10:56:29,40.72,59400,40.73,D
sh600584,长电科技,2025-09-29 10:56:35,40.72,6600,40.7,U
sh600584,长电科技,2025-09-29 10:56:47,40.72,9500,40.71,U
sh600584,长电科技,2025-09-29 10:56:50,40.71,37000,40.72,D
sh600584,长电科技,2025-09-29 10:56:53,40.71,11300,40.71,D
sh600584,长电科技,2025-09-29 10:56:56,40.71,12200,40.71,U
sh600584,长电科技,2025-09-29 10:56:59,40.71,14600,40.71,U
sh600584,长电科技,2025-09-29 10:57:02,40.7,8900,40.71,D
sh600584,长电科技,2025-09-29 10:57:05,40.7,46400,40.7,D
sh600584,长电科技,2025-09-29 10:57:08,40.7,24400,40.7,U
sh600584,长电科技,2025-09-29 10:57:11,40.72,23700,40.7,U
sh600584,长电科技,2025-09-29 10:57:14,40.7,31700,40.72,D
sh600584,长电科技,2025-09-29 10:57:17,40.71,6700,40.7,E
sh600584,长电科技,2025-09-29 10:57:20,40.72,8000,40.71,E
sh600584,长电科技,2025-09-29 10:57:23,40.72,5400,40.72,D
sh600584,长电科技,2025-09-29 10:57:29,40.75,5400,40.73,U
sh600584,长电科技,2025-09-29 10:57:32,40.73,19300,40.75,D
sh600584,长电科技,2025-09-29 10:57:41,40.75,5500,40.73,U
sh600584,长电科技,2025-09-29 10:57:47,40.75,9600,40.75,D
sh600584,长电科技,2025-09-29 10:57:59,40.76,25100,40.73,U
sh600584,长电科技,2025-09-29 10:58:05,40.77,8900,40.76,U
sh600584,长电科技,2025-09-29 10:58:11,40.78,46200,40.74,U
sh600584,长电科技,2025-09-29 10:58:14,40.78,17100,40.78,D
sh600584,长电科技,2025-09-29 10:58:23,40.76,65100,40.79,D
sh600584,长电科技,2025-09-29 10:58:44,40.75,6700,40.75,D
sh600584,长电科技,2025-09-29 10:58:47,40.75,5300,40.75,D
sh600584,长电科技,2025-09-29 10:58:53,40.76,5400,40.76,U
sh600584,长电科技,2025-09-29 10:58:56,40.76,15500,40.76,U
sh600584,长电科技,2025-09-29 10:58:59,40.75,25800,40.76,D
sh600584,长电科技,2025-09-29 10:59:08,40.75,5600,40.75,U
sh600584,长电科技,2025-09-29 10:59:14,40.74,21500,40.75,D
sh600584,长电科技,2025-09-29 10:59:17,40.74,6700,40.74,D
sh600584,长电科技,2025-09-29 10:59:20,40.75,6700,40.74,D
sh600584,长电科技,2025-09-29 10:59:23,40.75,30100,40.75,E
sh600584,长电科技,2025-09-29 10:59:32,40.75,48800,40.76,D
sh600584,长电科技,2025-09-29 10:59:35,40.78,20600,40.75,U
sh600584,长电科技,2025-09-29 10:59:38,40.76,7900,40.78,D
sh600584,长电科技,2025-09-29 10:59:50,40.75,7900,40.77,D
sh600584,长电科技,2025-09-29 10:59:53,40.76,6300,40.75,U
sh600584,长电科技,2025-09-29 10:59:56,40.76,5000,40.76,U
sh600584,长电科技,2025-09-29 11:00:02,40.75,8800,40.77,D
sh600584,长电科技,2025-09-29 11:00:11,40.76,8600,40.76,U
sh600584,长电科技,2025-09-29 11:00:14,40.76,10600,40.76,U
sh600584,长电科技,2025-09-29 11:00:17,40.75,11500,40.76,D
sh600584,长电科技,2025-09-29 11:00:20,40.76,16200,40.75,U
sh600584,长电科技,2025-09-29 11:00:23,40.75,10900,40.76,D
sh600584,长电科技,2025-09-29 11:00:26,40.75,17600,40.75,U
sh600584,长电科技,2025-09-29 11:00:32,40.74,26500,40.75,D
sh600584,长电科技,2025-09-29 11:00:35,40.76,23200,40.74,U
sh600584,长电科技,2025-09-29 11:00:41,40.75,35300,40.75,D
sh600584,长电科技,2025-09-29 11:00:44,40.75,7100,40.75,D
sh600584,长电科技,2025-09-29 11:00:47,40.75,5200,40.75,D
sh600584,长电科技,2025-09-29 11:00:53,40.75,15100,40.76,D
sh600584,长电科技,2025-09-29 11:00:56,40.76,7000,40.75,U
sh600584,长电科技,2025-09-29 11:00:59,40.78,31900,40.76,U
sh600584,长电科技,2025-09-29 11:01:05,40.78,6800,40.78,U
sh600584,长电科技,2025-09-29 11:01:08,40.78,6200,40.78,D
sh600584,长电科技,2025-09-29 11:01:11,40.76,10700,40.78,D
sh600584,长电科技,2025-09-29 11:01:14,40.77,13200,40.76,U
sh600584,长电科技,2025-09-29 11:01:26,40.78,7000,40.78,U
sh600584,长电科技,2025-09-29 11:01:29,40.78,9800,40.78,D
sh600584,长电科技,2025-09-29 11:01:32,40.77,6000,40.78,D
sh600584,长电科技,2025-09-29 11:01:35,40.78,23400,40.77,U
sh600584,长电科技,2025-09-29 11:01:38,40.78,6500,40.78,U
sh600584,长电科技,2025-09-29 11:01:53,40.78,12600,40.78,U
sh600584,长电科技,2025-09-29 11:01:59,40.77,7800,40.78,D
sh600584,长电科技,2025-09-29 11:02:02,40.78,7800,40.77,U
sh600584,长电科技,2025-09-29 11:02:05,40.77,16200,40.78,D
sh600584,长电科技,2025-09-29 11:02:17,40.76,6000,40.77,D
sh600584,长电科技,2025-09-29 11:02:20,40.78,12200,40.76,U
sh600584,长电科技,2025-09-29 11:02:32,40.77,14400,40.76,U
sh600584,长电科技,2025-09-29 11:02:35,40.77,5500,40.77,U
sh600584,长电科技,2025-09-29 11:02:38,40.77,24800,40.77,D
sh600584,长电科技,2025-09-29 11:02:41,40.76,7100,40.77,D
sh600584,长电科技,2025-09-29 11:02:44,40.77,31600,40.76,U
sh600584,长电科技,2025-09-29 11:02:47,40.78,15600,40.77,U
sh600584,长电科技,2025-09-29 11:02:56,40.77,11500,40.77,D
sh600584,长电科技,2025-09-29 11:03:02,40.81,189100,40.77,U
sh600584,长电科技,2025-09-29 11:03:05,40.81,7900,40.81,U
sh600584,长电科技,2025-09-29 11:03:08,40.82,7200,40.81,U
sh600584,长电科技,2025-09-29 11:03:14,40.84,7600,40.83,U
sh600584,长电科技,2025-09-29 11:03:26,40.85,6200,40.85,U
sh600584,长电科技,2025-09-29 11:03:29,40.84,6000,40.85,D
sh600584,长电科技,2025-09-29 11:03:32,40.84,5900,40.84,D
sh600584,长电科技,2025-09-29 11:03:35,40.85,7300,40.84,U
sh600584,长电科技,2025-09-29 11:03:38,40.85,5700,40.85,U
sh600584,长电科技,2025-09-29 11:03:41,40.85,9400,40.85,U
sh600584,长电科技,2025-09-29 11:03:44,40.84,8100,40.85,D
sh600584,长电科技,2025-09-29 11:03:47,40.85,9400,40.84,U
sh600584,长电科技,2025-09-29 11:03:50,40.85,21100,40.85,U
sh600584,长电科技,2025-09-29 11:03:53,40.85,7900,40.85,D
sh600584,长电科技,2025-09-29 11:03:59,40.86,11200,40.86,U
sh600584,长电科技,2025-09-29 11:04:02,40.87,6200,40.86,U
sh600584,长电科技,2025-09-29 11:04:05,40.87,9200,40.87,U
sh600584,长电科技,2025-09-29 11:04:08,40.87,11800,40.87,U
sh600584,长电科技,2025-09-29 11:04:11,40.83,44400,40.87,D
sh600584,长电科技,2025-09-29 11:04:14,40.8,25000,40.83,D
sh600584,长电科技,2025-09-29 11:04:20,40.81,5000,40.83,E
sh600584,长电科技,2025-09-29 11:04:32,40.81,8900,40.82,D
sh600584,长电科技,2025-09-29 11:04:41,40.82,8200,40.82,D
sh600584,长电科技,2025-09-29 11:04:53,40.81,8300,40.81,D
sh600584,长电科技,2025-09-29 11:04:56,40.81,11700,40.81,D
sh600584,长电科技,2025-09-29 11:05:02,40.81,12400,40.81,U
sh600584,长电科技,2025-09-29 11:05:05,40.82,7300,40.81,U
sh600584,长电科技,2025-09-29 11:05:08,40.82,10500,40.82,U
sh600584,长电科技,2025-09-29 11:05:26,40.83,5500,40.82,U
sh600584,长电科技,2025-09-29 11:05:29,40.83,10000,40.83,D
sh600584,长电科技,2025-09-29 11:05:32,40.84,6400,40.83,D
sh600584,长电科技,2025-09-29 11:05:35,40.85,14800,40.84,U
sh600584,长电科技,2025-09-29 11:05:47,40.86,9800,40.86,U
sh600584,长电科技,2025-09-29 11:05:50,40.86,5300,40.86,D
sh600584,长电科技,2025-09-29 11:05:59,40.86,14700,40.87,D
sh600584,长电科技,2025-09-29 11:06:02,40.87,16000,40.86,U
sh600584,长电科技,2025-09-29 11:06:05,40.86,8700,40.87,D
sh600584,长电科技,2025-09-29 11:06:08,40.86,18900,40.86,D
sh600584,长电科技,2025-09-29 11:06:11,40.86,9500,40.86,D
sh600584,长电科技,2025-09-29 11:06:14,40.87,13500,40.86,U
sh600584,长电科技,2025-09-29 11:06:23,40.87,6000,40.88,D
sh600584,长电科技,2025-09-29 11:06:26,40.87,7300,40.87,D
sh600584,长电科技,2025-09-29 11:06:29,40.87,18800,40.87,D
sh600584,长电科技,2025-09-29 11:06:32,40.88,14600,40.87,U
sh600584,长电科技,2025-09-29 11:06:41,40.89,16500,40.89,U
sh600584,长电科技,2025-09-29 11:06:47,40.89,11500,40.89,U
sh600584,长电科技,2025-09-29 11:06:50,40.89,10000,40.89,U
sh600584,长电科技,2025-09-29 11:06:53,40.89,7200,40.89,U
sh600584,长电科技,2025-09-29 11:06:56,40.89,18300,40.89,D
sh600584,长电科技,2025-09-29 11:06:59,40.9,16100,40.89,U
sh600584,长电科技,2025-09-29 11:07:02,40.89,17500,40.9,D
sh600584,长电科技,2025-09-29 11:07:05,40.89,5700,40.89,U
sh600584,长电科技,2025-09-29 11:07:08,40.88,16300,40.89,D
sh600584,长电科技,2025-09-29 11:07:14,40.86,23600,40.88,D
sh600584,长电科技,2025-09-29 11:07:17,40.85,28100,40.86,D
sh600584,长电科技,2025-09-29 11:07:20,40.87,10700,40.85,U
sh600584,长电科技,2025-09-29 11:07:26,40.85,6500,40.86,D
sh600584,长电科技,2025-09-29 11:07:32,40.85,12600,40.86,D
sh600584,长电科技,2025-09-29 11:07:35,40.87,9200,40.85,U
sh600584,长电科技,2025-09-29 11:07:38,40.87,12400,40.87,U
sh600584,长电科技,2025-09-29 11:07:53,40.85,12500,40.86,D
sh600584,长电科技,2025-09-29 11:07:56,40.85,18500,40.85,D
sh600584,长电科技,2025-09-29 11:07:59,40.85,5000,40.85,U
sh600584,长电科技,2025-09-29 11:08:05,40.83,11000,40.84,D
sh600584,长电科技,2025-09-29 11:08:23,40.83,7200,40.83,U
sh600584,长电科技,2025-09-29 11:08:29,40.83,22000,40.83,U
sh600584,长电科技,2025-09-29 11:08:32,40.83,6700,40.83,D
sh600584,长电科技,2025-09-29 11:08:41,40.81,13118,40.82,D
sh600584,长电科技,2025-09-29 11:08:44,40.83,23000,40.81,U
sh600584,长电科技,2025-09-29 11:08:56,40.82,7000,40.82,D
sh600584,长电科技,2025-09-29 11:09:02,40.82,7100,40.81,U
sh600584,长电科技,2025-09-29 11:09:05,40.81,11600,40.82,D
sh600584,长电科技,2025-09-29 11:09:08,40.81,13000,40.81,D
sh600584,长电科技,2025-09-29 11:09:11,40.82,11300,40.81,U
sh600584,长电科技,2025-09-29 11:09:14,40.81,6300,40.82,D
sh600584,长电科技,2025-09-29 11:09:17,40.81,6600,40.81,U
sh600584,长电科技,2025-09-29 11:09:20,40.81,17800,40.81,U
sh600584,长电科技,2025-09-29 11:09:23,40.81,15500,40.81,U
sh600584,长电科技,2025-09-29 11:09:26,40.79,38300,40.81,D
sh600584,长电科技,2025-09-29 11:09:29,40.8,27300,40.79,U
sh600584,长电科技,2025-09-29 11:09:32,40.79,5400,40.8,D
sh600584,长电科技,2025-09-29 11:09:35,40.8,20300,40.79,U
sh600584,长电科技,2025-09-29 11:09:41,40.79,64600,40.8,D
sh600584,长电科技,2025-09-29 11:09:44,40.79,6200,40.79,U
sh600584,长电科技,2025-09-29 11:09:47,40.79,6800,40.79,U
sh600584,长电科技,2025-09-29 11:09:50,40.79,30500,40.79,U
sh600584,长电科技,2025-09-29 11:09:53,40.79,40900,40.79,D
sh600584,长电科技,2025-09-29 11:09:56,40.78,7400,40.79,D
sh600584,长电科技,2025-09-29 11:09:59,40.77,24000,40.78,D
sh600584,长电科技,2025-09-29 11:10:05,40.78,15200,40.77,U
sh600584,长电科技,2025-09-29 11:10:08,40.79,16500,40.78,U
sh600584,长电科技,2025-09-29 11:10:11,40.78,13500,40.79,D
sh600584,长电科技,2025-09-29 11:10:14,40.78,14000,40.78,D
sh600584,长电科技,2025-09-29 11:10:20,40.79,5000,40.78,U
sh600584,长电科技,2025-09-29 11:10:23,40.79,8400,40.79,U
sh600584,长电科技,2025-09-29 11:10:26,40.8,8100,40.79,U
sh600584,长电科技,2025-09-29 11:10:29,40.8,6700,40.8,U
sh600584,长电科技,2025-09-29 11:10:59,40.79,7700,40.8,D
sh600584,长电科技,2025-09-29 11:11:02,40.74,115700,40.79,D
sh600584,长电科技,2025-09-29 11:11:05,40.73,16400,40.74,D
sh600584,长电科技,2025-09-29 11:11:08,40.72,38300,40.73,D
sh600584,长电科技,2025-09-29 11:11:14,40.71,27100,40.72,D
sh600584,长电科技,2025-09-29 11:11:26,40.71,22400,40.71,D
sh600584,长电科技,2025-09-29 11:11:29,40.71,27800,40.71,D
sh600584,长电科技,2025-09-29 11:11:32,40.71,6400,40.71,D
sh600584,长电科技,2025-09-29 11:11:35,40.71,11600,40.71,U
sh600584,长电科技,2025-09-29 11:11:38,40.7,14900,40.71,D
sh600584,长电科技,2025-09-29 11:11:41,40.7,43500,40.7,D
sh600584,长电科技,2025-09-29 11:11:44,40.7,12100,40.7,D
sh600584,长电科技,2025-09-29 11:11:47,40.7,5800,40.7,D
sh600584,长电科技,2025-09-29 11:11:53,40.71,71000,40.7,U
sh600584,长电科技,2025-09-29 11:11:59,40.71,10400,40.7,U
sh600584,长电科技,2025-09-29 11:12:02,40.7,6700,40.71,D
sh600584,长电科技,2025-09-29 11:12:05,40.71,6200,40.7,U
sh600584,长电科技,2025-09-29 11:12:08,40.71,14100,40.71,D
sh600584,长电科技,2025-09-29 11:12:11,40.73,6500,40.71,U
sh600584,长电科技,2025-09-29 11:12:14,40.71,7000,40.73,D
sh600584,长电科技,2025-09-29 11:12:17,40.7,21300,40.71,D
sh600584,长电科技,2025-09-29 11:12:20,40.7,18100,40.7,D
sh600584,长电科技,2025-09-29 11:12:23,40.7,11100,40.7,D
sh600584,长电科技,2025-09-29 11:12:26,40.7,9700,40.7,U
sh600584,长电科技,2025-09-29 11:12:32,40.7,5700,40.7,U
sh600584,长电科技,2025-09-29 11:12:38,40.7,17500,40.7,D
sh600584,长电科技,2025-09-29 11:12:41,40.71,13200,40.7,U
sh600584,长电科技,2025-09-29 11:12:44,40.7,10000,40.71,D
sh600584,长电科技,2025-09-29 11:12:50,40.7,24300,40.7,D
sh600584,长电科技,2025-09-29 11:12:53,40.7,5400,40.7,D
sh600584,长电科技,2025-09-29 11:12:56,40.7,14200,40.7,D
sh600584,长电科技,2025-09-29 11:12:59,40.7,5100,40.7,U
sh600584,长电科技,2025-09-29 11:13:02,40.69,15400,40.7,D
sh600584,长电科技,2025-09-29 11:13:05,40.68,24400,40.69,D
sh600584,长电科技,2025-09-29 11:13:11,40.7,30400,40.69,U
sh600584,长电科技,2025-09-29 11:13:14,40.7,62400,40.7,U
sh600584,长电科技,2025-09-29 11:13:17,40.73,8300,40.7,U
sh600584,长电科技,2025-09-29 11:13:20,40.71,5300,40.73,D
sh600584,长电科技,2025-09-29 11:13:26,40.71,8300,40.73,D
sh600584,长电科技,2025-09-29 11:13:29,40.71,62400,40.71,U
sh600584,长电科技,2025-09-29 11:13:32,40.7,11400,40.71,D
sh600584,长电科技,2025-09-29 11:13:35,40.71,7000,40.7,U
sh600584,长电科技,2025-09-29 11:13:38,40.7,13200,40.71,D
sh600584,长电科技,2025-09-29 11:13:41,40.7,14000,40.7,U
sh600584,长电科技,2025-09-29 11:13:44,40.7,13200,40.7,U
sh600584,长电科技,2025-09-29 11:13:50,40.71,5300,40.71,U
sh600584,长电科技,2025-09-29 11:13:56,40.7,13800,40.72,D
sh600584,长电科技,2025-09-29 11:13:59,40.7,11300,40.7,U
sh600584,长电科技,2025-09-29 11:14:08,40.71,30800,40.7,U
sh600584,长电科技,2025-09-29 11:14:11,40.71,16200,40.71,E
sh600584,长电科技,2025-09-29 11:14:14,40.7,14000,40.71,D
sh600584,长电科技,2025-09-29 11:14:17,40.7,7600,40.7,U
sh600584,长电科技,2025-09-29 11:14:20,40.7,12200,40.7,U
sh600584,长电科技,2025-09-29 11:14:23,40.69,37800,40.7,D
sh600584,长电科技,2025-09-29 11:14:29,40.71,7900,40.7,U
sh600584,长电科技,2025-09-29 11:14:32,40.7,9800,40.71,D
sh600584,长电科技,2025-09-29 11:14:35,40.71,9900,40.7,E
sh600584,长电科技,2025-09-29 11:14:38,40.7,8100,40.71,D
sh600584,长电科技,2025-09-29 11:14:44,40.73,21300,40.72,U
sh600584,长电科技,2025-09-29 11:14:47,40.72,8300,40.73,D
sh600584,长电科技,2025-09-29 11:14:50,40.73,5900,40.72,U
sh600584,长电科技,2025-09-29 11:14:59,40.75,12300,40.74,U
sh600584,长电科技,2025-09-29 11:15:05,40.75,9900,40.75,U
sh600584,长电科技,2025-09-29 11:15:08,40.75,45100,40.75,D
sh600584,长电科技,2025-09-29 11:15:11,40.78,5700,40.75,U
sh600584,长电科技,2025-09-29 11:15:20,40.8,6300,40.79,U
sh600584,长电科技,2025-09-29 11:15:23,40.81,33700,40.8,U
sh600584,长电科技,2025-09-29 11:15:35,40.82,8500,40.81,U
sh600584,长电科技,2025-09-29 11:15:38,40.83,5900,40.82,U
sh600584,长电科技,2025-09-29 11:15:44,40.84,5500,40.82,U
sh600584,长电科技,2025-09-29 11:15:53,40.84,6700,40.84,D
sh600584,长电科技,2025-09-29 11:15:59,40.85,32400,40.84,U
sh600584,长电科技,2025-09-29 11:16:05,40.85,5800,40.84,U
sh600584,长电科技,2025-09-29 11:16:08,40.83,22700,40.85,D
sh600584,长电科技,2025-09-29 11:16:11,40.84,7800,40.83,U
sh600584,长电科技,2025-09-29 11:16:14,40.82,14000,40.84,D
sh600584,长电科技,2025-09-29 11:16:20,40.82,6900,40.83,D
sh600584,长电科技,2025-09-29 11:16:26,40.83,36200,40.83,D
sh600584,长电科技,2025-09-29 11:16:29,40.83,8400,40.83,D
sh600584,长电科技,2025-09-29 11:16:38,40.82,21300,40.82,U
sh600584,长电科技,2025-09-29 11:16:44,40.82,20800,40.81,U
sh600584,长电科技,2025-09-29 11:16:59,40.83,10500,40.81,U
sh600584,长电科技,2025-09-29 11:17:02,40.81,5000,40.83,D
sh600584,长电科技,2025-09-29 11:17:05,40.83,9900,40.81,U
sh600584,长电科技,2025-09-29 11:17:08,40.83,6800,40.83,U
sh600584,长电科技,2025-09-29 11:17:11,40.82,14200,40.83,D
sh600584,长电科技,2025-09-29 11:17:20,40.83,21700,40.82,U
sh600584,长电科技,2025-09-29 11:17:23,40.83,9900,40.83,U
sh600584,长电科技,2025-09-29 11:17:32,40.82,7100,40.82,D
sh600584,长电科技,2025-09-29 11:17:35,40.8,29600,40.82,D
sh600584,长电科技,2025-09-29 11:18:02,40.77,16300,40.77,U
sh600584,长电科技,2025-09-29 11:18:05,40.76,13200,40.77,D
sh600584,长电科技,2025-09-29 11:18:08,40.77,8100,40.76,U
sh600584,长电科技,2025-09-29 11:18:14,40.76,6300,40.77,D
sh600584,长电科技,2025-09-29 11:18:20,40.75,13300,40.77,D
sh600584,长电科技,2025-09-29 11:18:23,40.75,20400,40.75,U
sh600584,长电科技,2025-09-29 11:18:35,40.74,10900,40.75,D
sh600584,长电科技,2025-09-29 11:18:38,40.73,17600,40.74,D
sh600584,长电科技,2025-09-29 11:18:41,40.74,17400,40.73,U
sh600584,长电科技,2025-09-29 11:18:44,40.74,7900,40.74,D
sh600584,长电科技,2025-09-29 11:18:53,40.76,5800,40.76,U
sh600584,长电科技,2025-09-29 11:18:56,40.78,148200,40.76,U
sh600584,长电科技,2025-09-29 11:19:17,40.77,21600,40.76,E
sh600584,长电科技,2025-09-29 11:19:44,40.75,7600,40.75,U
sh600584,长电科技,2025-09-29 11:19:53,40.75,6600,40.75,U
sh600584,长电科技,2025-09-29 11:19:56,40.75,7400,40.75,U
sh600584,长电科技,2025-09-29 11:19:59,40.74,74500,40.75,D
sh600584,长电科技,2025-09-29 11:20:05,40.75,5800,40.75,U
sh600584,长电科技,2025-09-29 11:20:08,40.7,47800,40.75,D
sh600584,长电科技,2025-09-29 11:20:14,40.69,5900,40.7,D
sh600584,长电科技,2025-09-29 11:20:17,40.7,5800,40.69,U
sh600584,长电科技,2025-09-29 11:20:20,40.7,12200,40.7,U
