symbol,name,ticktime,price,volume,prev_price,kind
sh600584,长电科技,2025-09-22 09:25:01,38.88,236472,0.0,U
sh600584,长电科技,2025-09-22 09:30:05,38.96,41260,38.92,D
sh600584,长电科技,2025-09-22 09:30:08,38.98,18600,38.96,U
sh600584,长电科技,2025-09-22 09:30:11,38.93,71900,38.98,D
sh600584,长电科技,2025-09-22 09:30:14,38.9,36300,38.93,D
sh600584,长电科技,2025-09-22 09:30:17,38.97,40900,38.9,U
sh600584,长电科技,2025-09-22 09:30:20,38.93,82900,38.97,D
sh600584,长电科技,2025-09-22 09:30:23,38.97,31000,38.93,U
sh600584,长电科技,2025-09-22 09:30:26,38.97,49600,38.97,D
sh600584,长电科技,2025-09-22 09:30:29,38.93,38500,38.97,D
sh600584,长电科技,2025-09-22 09:30:32,38.94,63600,38.93,E
sh600584,长电科技,2025-09-22 09:30:35,38.96,37600,38.94,E
sh600584,长电科技,2025-09-22 09:30:38,38.95,44000,38.96,D
sh600584,长电科技,2025-09-22 09:30:41,38.95,177700,38.95,D
sh600584,长电科技,2025-09-22 09:30:44,38.95,47700,38.95,U
sh600584,长电科技,2025-09-22 09:30:47,38.93,42700,38.95,D
sh600584,长电科技,2025-09-22 09:30:50,38.93,51300,38.93,D
sh600584,长电科技,2025-09-22 09:30:53,38.94,100200,38.93,U
sh600584,长电科技,2025-09-22 09:30:56,38.94,84300,38.94,D
sh600584,长电科技,2025-09-22 09:30:59,38.92,118100,38.94,D
sh600584,长电科技,2025-09-22 09:31:02,38.91,245400,38.92,D
sh600584,长电科技,2025-09-22 09:31:05,38.9,350240,38.91,D
sh600584,长电科技,2025-09-22 09:31:08,38.89,125700,38.9,D
sh600584,长电科技,2025-09-22 09:31:11,38.87,109328,38.89,D
sh600584,长电科技,2025-09-22 09:31:14,38.85,30100,38.87,D
sh600584,长电科技,2025-09-22 09:31:17,38.83,61800,38.85,D
sh600584,长电科技,2025-09-22 09:31:20,38.82,47500,38.83,D
sh600584,长电科技,2025-09-22 09:31:23,38.8,21000,38.82,D
sh600584,长电科技,2025-09-22 09:31:26,38.82,52400,38.8,U
sh600584,长电科技,2025-09-22 09:31:29,38.8,31800,38.82,D
sh600584,长电科技,2025-09-22 09:31:32,38.8,38600,38.8,D
sh600584,长电科技,2025-09-22 09:31:35,38.79,16300,38.8,D
sh600584,长电科技,2025-09-22 09:31:38,38.79,34800,38.79,D
sh600584,长电科技,2025-09-22 09:31:41,38.8,46400,38.79,U
sh600584,长电科技,2025-09-22 09:31:44,38.79,52900,38.8,D
sh600584,长电科技,2025-09-22 09:31:47,38.8,57900,38.79,U
sh600584,长电科技,2025-09-22 09:31:50,38.82,118600,38.8,U
sh600584,长电科技,2025-09-22 09:31:53,38.84,54000,38.82,U
sh600584,长电科技,2025-09-22 09:31:56,38.82,18100,38.84,E
sh600584,长电科技,2025-09-22 09:31:59,38.84,91400,38.82,U
sh600584,长电科技,2025-09-22 09:32:02,38.82,25700,38.84,D
sh600584,长电科技,2025-09-22 09:32:05,38.82,61100,38.82,U
sh600584,长电科技,2025-09-22 09:32:08,38.85,132700,38.82,U
sh600584,长电科技,2025-09-22 09:32:11,38.9,108600,38.85,U
sh600584,长电科技,2025-09-22 09:32:14,38.92,29300,38.9,U
sh600584,长电科技,2025-09-22 09:32:17,38.95,20400,38.92,U
sh600584,长电科技,2025-09-22 09:32:20,38.95,17100,38.95,U
sh600584,长电科技,2025-09-22 09:32:23,38.95,15500,38.95,U
sh600584,长电科技,2025-09-22 09:32:26,38.95,123600,38.95,D
sh600584,长电科技,2025-09-22 09:32:29,38.93,82000,38.95,D
sh600584,长电科技,2025-09-22 09:32:32,38.89,24900,38.93,D
sh600584,长电科技,2025-09-22 09:32:35,38.87,27100,38.89,D
sh600584,长电科技,2025-09-22 09:32:38,38.88,38400,38.87,U
sh600584,长电科技,2025-09-22 09:32:41,38.86,25600,38.88,D
sh600584,长电科技,2025-09-22 09:32:44,38.86,27300,38.86,U
sh600584,长电科技,2025-09-22 09:32:47,38.86,30400,38.86,U
sh600584,长电科技,2025-09-22 09:32:50,38.86,59700,38.86,U
sh600584,长电科技,2025-09-22 09:32:53,38.85,33600,38.86,D
sh600584,长电科技,2025-09-22 09:32:56,38.83,13500,38.85,D
sh600584,长电科技,2025-09-22 09:32:59,38.79,76700,38.83,D
sh600584,长电科技,2025-09-22 09:33:02,38.8,18900,38.79,U
sh600584,长电科技,2025-09-22 09:33:05,38.78,25200,38.8,D
sh600584,长电科技,2025-09-22 09:33:08,38.78,35000,38.78,D
sh600584,长电科技,2025-09-22 09:33:11,38.78,10000,38.78,U
sh600584,长电科技,2025-09-22 09:33:14,38.76,39500,38.78,D
sh600584,长电科技,2025-09-22 09:33:17,38.77,7800,38.76,E
sh600584,长电科技,2025-09-22 09:33:20,38.74,128300,38.77,D
sh600584,长电科技,2025-09-22 09:33:23,38.73,25100,38.74,D
sh600584,长电科技,2025-09-22 09:33:26,38.71,122000,38.73,D
sh600584,长电科技,2025-09-22 09:33:29,38.67,111300,38.71,D
sh600584,长电科技,2025-09-22 09:33:32,38.7,49200,38.67,U
sh600584,长电科技,2025-09-22 09:33:35,38.71,67800,38.7,U
sh600584,长电科技,2025-09-22 09:33:38,38.69,20600,38.71,D
sh600584,长电科技,2025-09-22 09:33:41,38.67,20300,38.69,D
sh600584,长电科技,2025-09-22 09:33:44,38.67,17100,38.67,D
sh600584,长电科技,2025-09-22 09:33:47,38.68,14900,38.67,D
sh600584,长电科技,2025-09-22 09:33:50,38.66,25400,38.68,D
sh600584,长电科技,2025-09-22 09:33:53,38.65,17600,38.66,U
sh600584,长电科技,2025-09-22 09:33:56,38.63,25300,38.65,D
sh600584,长电科技,2025-09-22 09:33:59,38.62,56000,38.63,D
sh600584,长电科技,2025-09-22 09:34:02,38.6,39600,38.62,D
sh600584,长电科技,2025-09-22 09:34:05,38.56,25200,38.6,D
sh600584,长电科技,2025-09-22 09:34:08,38.57,34800,38.56,U
sh600584,长电科技,2025-09-22 09:34:11,38.55,26700,38.57,D
sh600584,长电科技,2025-09-22 09:34:14,38.54,56300,38.55,D
sh600584,长电科技,2025-09-22 09:34:17,38.53,124594,38.54,D
sh600584,长电科技,2025-09-22 09:34:20,38.51,20200,38.53,E
sh600584,长电科技,2025-09-22 09:34:23,38.5,21200,38.51,D
sh600584,长电科技,2025-09-22 09:34:26,38.56,196600,38.5,U
sh600584,长电科技,2025-09-22 09:34:29,38.54,61100,38.56,D
sh600584,长电科技,2025-09-22 09:34:32,38.54,18900,38.54,D
sh600584,长电科技,2025-09-22 09:34:35,38.56,89600,38.54,U
sh600584,长电科技,2025-09-22 09:34:38,38.54,20200,38.56,E
sh600584,长电科技,2025-09-22 09:34:41,38.51,43800,38.54,D
sh600584,长电科技,2025-09-22 09:34:44,38.53,64400,38.51,E
sh600584,长电科技,2025-09-22 09:34:47,38.59,65600,38.53,U
sh600584,长电科技,2025-09-22 09:34:50,38.59,22500,38.59,D
sh600584,长电科技,2025-09-22 09:34:53,38.59,15500,38.59,E
sh600584,长电科技,2025-09-22 09:34:56,38.57,30000,38.59,D
sh600584,长电科技,2025-09-22 09:34:59,38.57,20200,38.57,D
sh600584,长电科技,2025-09-22 09:35:02,38.59,31600,38.57,U
sh600584,长电科技,2025-09-22 09:35:05,38.69,89300,38.59,U
sh600584,长电科技,2025-09-22 09:35:08,38.73,47500,38.69,U
sh600584,长电科技,2025-09-22 09:35:11,38.75,26700,38.73,U
sh600584,长电科技,2025-09-22 09:35:14,38.74,5500,38.75,E
sh600584,长电科技,2025-09-22 09:35:17,38.75,55000,38.74,D
sh600584,长电科技,2025-09-22 09:35:20,38.8,20900,38.75,U
sh600584,长电科技,2025-09-22 09:35:23,38.79,28900,38.8,D
sh600584,长电科技,2025-09-22 09:35:26,38.79,21800,38.79,D
sh600584,长电科技,2025-09-22 09:35:29,38.8,11300,38.79,U
sh600584,长电科技,2025-09-22 09:35:32,38.83,21900,38.8,E
sh600584,长电科技,2025-09-22 09:35:38,38.84,22000,38.83,E
sh600584,长电科技,2025-09-22 09:35:41,38.89,18500,38.84,U
sh600584,长电科技,2025-09-22 09:35:44,38.9,20800,38.89,U
sh600584,长电科技,2025-09-22 09:35:47,38.94,15500,38.9,U
sh600584,长电科技,2025-09-22 09:35:50,38.93,8200,38.94,E
sh600584,长电科技,2025-09-22 09:35:53,38.93,22900,38.93,D
sh600584,长电科技,2025-09-22 09:35:56,38.94,47600,38.93,U
sh600584,长电科技,2025-09-22 09:35:59,38.94,39600,38.94,D
sh600584,长电科技,2025-09-22 09:36:02,38.95,19400,38.94,U
sh600584,长电科技,2025-09-22 09:36:05,38.95,21000,38.95,D
sh600584,长电科技,2025-09-22 09:36:08,38.95,61500,38.95,U
sh600584,长电科技,2025-09-22 09:36:11,38.94,57800,38.95,D
sh600584,长电科技,2025-09-22 09:36:14,38.95,52500,38.94,U
sh600584,长电科技,2025-09-22 09:36:17,38.94,16100,38.95,D
sh600584,长电科技,2025-09-22 09:36:20,38.94,20600,38.94,D
sh600584,长电科技,2025-09-22 09:36:23,38.94,10900,38.94,D
sh600584,长电科技,2025-09-22 09:36:26,38.95,17700,38.94,U
sh600584,长电科技,2025-09-22 09:36:29,38.95,33700,38.95,D
sh600584,长电科技,2025-09-22 09:36:32,38.97,69700,38.95,U
sh600584,长电科技,2025-09-22 09:36:35,38.95,66700,38.97,D
sh600584,长电科技,2025-09-22 09:36:38,38.95,20200,38.95,U
sh600584,长电科技,2025-09-22 09:36:41,38.95,11000,38.95,D
sh600584,长电科技,2025-09-22 09:36:44,38.97,18500,38.95,U
sh600584,长电科技,2025-09-22 09:36:47,38.95,39300,38.97,D
sh600584,长电科技,2025-09-22 09:36:50,38.97,8500,38.95,U
sh600584,长电科技,2025-09-22 09:36:53,38.96,27700,38.97,D
sh600584,长电科技,2025-09-22 09:36:56,38.96,40500,38.96,D
sh600584,长电科技,2025-09-22 09:36:59,38.96,17900,38.96,D
sh600584,长电科技,2025-09-22 09:37:02,38.95,53700,38.96,D
sh600584,长电科技,2025-09-22 09:37:05,38.96,78100,38.95,U
sh600584,长电科技,2025-09-22 09:37:08,38.95,12600,38.96,D
sh600584,长电科技,2025-09-22 09:37:11,38.94,37200,38.95,D
sh600584,长电科技,2025-09-22 09:37:14,38.94,13400,38.94,D
sh600584,长电科技,2025-09-22 09:37:17,38.93,33000,38.94,D
sh600584,长电科技,2025-09-22 09:37:20,38.94,6000,38.93,U
sh600584,长电科技,2025-09-22 09:37:23,38.92,20500,38.94,D
sh600584,长电科技,2025-09-22 09:37:26,38.91,17600,38.92,D
sh600584,长电科技,2025-09-22 09:37:29,38.93,40400,38.91,U
sh600584,长电科技,2025-09-22 09:37:32,38.96,60500,38.93,U
sh600584,长电科技,2025-09-22 09:37:35,38.97,41100,38.96,U
sh600584,长电科技,2025-09-22 09:37:38,38.98,16700,38.97,U
sh600584,长电科技,2025-09-22 09:37:41,38.95,14300,38.98,D
sh600584,长电科技,2025-09-22 09:37:44,38.93,25100,38.95,D
sh600584,长电科技,2025-09-22 09:37:47,38.95,14100,38.93,E
sh600584,长电科技,2025-09-22 09:37:50,38.95,14100,38.95,U
sh600584,长电科技,2025-09-22 09:37:53,38.96,42200,38.95,U
sh600584,长电科技,2025-09-22 09:37:56,38.95,16600,38.96,D
sh600584,长电科技,2025-09-22 09:37:59,38.95,28300,38.95,U
sh600584,长电科技,2025-09-22 09:38:02,38.95,36300,38.95,U
sh600584,长电科技,2025-09-22 09:38:05,38.95,26100,38.95,U
sh600584,长电科技,2025-09-22 09:38:08,38.93,17700,38.95,D
sh600584,长电科技,2025-09-22 09:38:11,38.95,18100,38.93,U
sh600584,长电科技,2025-09-22 09:38:14,38.95,20200,38.95,U
sh600584,长电科技,2025-09-22 09:38:17,38.93,22500,38.95,D
sh600584,长电科技,2025-09-22 09:38:23,38.93,23800,38.93,U
sh600584,长电科技,2025-09-22 09:38:26,38.93,28500,38.93,U
sh600584,长电科技,2025-09-22 09:38:29,38.92,20408,38.93,D
sh600584,长电科技,2025-09-22 09:38:32,38.92,29400,38.92,D
sh600584,长电科技,2025-09-22 09:38:35,38.92,24000,38.92,D
sh600584,长电科技,2025-09-22 09:38:38,38.92,6300,38.92,D
sh600584,长电科技,2025-09-22 09:38:41,38.91,16700,38.92,D
sh600584,长电科技,2025-09-22 09:38:44,38.91,30300,38.91,D
sh600584,长电科技,2025-09-22 09:38:47,38.9,6500,38.91,D
sh600584,长电科技,2025-09-22 09:38:50,38.94,61800,38.9,U
sh600584,长电科技,2025-09-22 09:38:53,38.91,25400,38.94,D
sh600584,长电科技,2025-09-22 09:38:56,38.91,15300,38.91,D
sh600584,长电科技,2025-09-22 09:38:59,38.93,9200,38.91,U
sh600584,长电科技,2025-09-22 09:39:02,38.91,33000,38.93,E
sh600584,长电科技,2025-09-22 09:39:05,38.93,25700,38.91,U
sh600584,长电科技,2025-09-22 09:39:08,38.92,69500,38.93,E
sh600584,长电科技,2025-09-22 09:39:11,38.99,194500,38.92,U
sh600584,长电科技,2025-09-22 09:39:14,39.0,236300,38.99,U
sh600584,长电科技,2025-09-22 09:39:17,39.03,5300,39.0,U
sh600584,长电科技,2025-09-22 09:39:20,39.03,49900,39.03,U
sh600584,长电科技,2025-09-22 09:39:26,39.05,14600,39.05,U
sh600584,长电科技,2025-09-22 09:39:29,39.05,13100,39.05,E
sh600584,长电科技,2025-09-22 09:39:32,39.06,12600,39.05,U
sh600584,长电科技,2025-09-22 09:39:35,39.06,19100,39.06,D
sh600584,长电科技,2025-09-22 09:39:38,39.07,27100,39.06,U
sh600584,长电科技,2025-09-22 09:39:41,39.04,81400,39.07,D
sh600584,长电科技,2025-09-22 09:39:44,39.05,31000,39.04,U
sh600584,长电科技,2025-09-22 09:39:47,39.05,38900,39.05,U
sh600584,长电科技,2025-09-22 09:39:50,39.06,31100,39.05,U
sh600584,长电科技,2025-09-22 09:39:53,39.05,29500,39.06,E
sh600584,长电科技,2025-09-22 09:39:56,39.04,22900,39.05,D
sh600584,长电科技,2025-09-22 09:39:59,39.05,19100,39.04,U
sh600584,长电科技,2025-09-22 09:40:02,39.05,30800,39.05,D
sh600584,长电科技,2025-09-22 09:40:05,39.05,26200,39.05,D
sh600584,长电科技,2025-09-22 09:40:08,39.02,69300,39.05,D
sh600584,长电科技,2025-09-22 09:40:11,39.0,55800,39.02,D
sh600584,长电科技,2025-09-22 09:40:14,38.98,63900,39.0,D
sh600584,长电科技,2025-09-22 09:40:17,38.98,9700,38.98,D
sh600584,长电科技,2025-09-22 09:40:20,38.94,11300,38.98,D
sh600584,长电科技,2025-09-22 09:40:23,38.91,22700,38.94,D
sh600584,长电科技,2025-09-22 09:40:26,38.9,42800,38.91,D
sh600584,长电科技,2025-09-22 09:40:29,38.98,6600,38.9,U
sh600584,长电科技,2025-09-22 09:40:32,38.92,28100,38.98,D
sh600584,长电科技,2025-09-22 09:40:35,38.92,17100,38.92,E
sh600584,长电科技,2025-09-22 09:40:38,38.9,16800,38.92,D
sh600584,长电科技,2025-09-22 09:40:41,38.9,31000,38.9,D
sh600584,长电科技,2025-09-22 09:40:44,38.9,18600,38.9,U
sh600584,长电科技,2025-09-22 09:40:47,38.9,36200,38.9,U
sh600584,长电科技,2025-09-22 09:40:50,38.91,27200,38.9,E
sh600584,长电科技,2025-09-22 09:40:53,38.95,19100,38.91,D
sh600584,长电科技,2025-09-22 09:40:56,38.96,6300,38.95,U
sh600584,长电科技,2025-09-22 09:40:59,38.92,26200,38.96,D
sh600584,长电科技,2025-09-22 09:41:02,38.95,8000,38.92,U
sh600584,长电科技,2025-09-22 09:41:05,38.92,12200,38.95,D
sh600584,长电科技,2025-09-22 09:41:08,38.91,11600,38.92,D
sh600584,长电科技,2025-09-22 09:41:11,38.92,44800,38.91,E
sh600584,长电科技,2025-09-22 09:41:14,38.91,45500,38.92,D
sh600584,长电科技,2025-09-22 09:41:17,38.92,15600,38.91,U
sh600584,长电科技,2025-09-22 09:41:20,38.91,41000,38.92,E
sh600584,长电科技,2025-09-22 09:41:23,38.91,47200,38.91,U
sh600584,长电科技,2025-09-22 09:41:26,38.91,19000,38.91,D
sh600584,长电科技,2025-09-22 09:41:32,38.93,6000,38.9,U
sh600584,长电科技,2025-09-22 09:41:35,38.91,12600,38.93,D
sh600584,长电科技,2025-09-22 09:41:38,38.91,6700,38.91,U
sh600584,长电科技,2025-09-22 09:41:41,38.91,11600,38.91,U
sh600584,长电科技,2025-09-22 09:41:44,38.92,23400,38.91,U
sh600584,长电科技,2025-09-22 09:41:47,38.92,11700,38.92,D
sh600584,长电科技,2025-09-22 09:41:50,38.95,13500,38.92,U
sh600584,长电科技,2025-09-22 09:41:53,39.0,44200,38.95,U
sh600584,长电科技,2025-09-22 09:41:56,38.96,16800,39.0,D
sh600584,长电科技,2025-09-22 09:41:59,38.97,5600,38.96,E
sh600584,长电科技,2025-09-22 09:42:02,39.0,10200,38.97,U
sh600584,长电科技,2025-09-22 09:42:05,38.99,8800,39.0,U
sh600584,长电科技,2025-09-22 09:42:08,39.0,9800,38.99,U
sh600584,长电科技,2025-09-22 09:42:14,39.0,7600,38.99,U
sh600584,长电科技,2025-09-22 09:42:17,39.0,24900,39.0,U
sh600584,长电科技,2025-09-22 09:42:20,39.01,11200,39.0,U
sh600584,长电科技,2025-09-22 09:42:23,39.0,10200,39.01,D
sh600584,长电科技,2025-09-22 09:42:26,39.03,29500,39.0,U
sh600584,长电科技,2025-09-22 09:42:29,39.01,11600,39.03,D
sh600584,长电科技,2025-09-22 09:42:32,39.02,9500,39.01,E
sh600584,长电科技,2025-09-22 09:42:35,39.06,89400,39.02,U
sh600584,长电科技,2025-09-22 09:42:38,39.09,120100,39.06,U
sh600584,长电科技,2025-09-22 09:42:44,39.1,201900,39.07,U
sh600584,长电科技,2025-09-22 09:42:47,39.1,14600,39.1,U
sh600584,长电科技,2025-09-22 09:42:50,39.09,56700,39.1,D
sh600584,长电科技,2025-09-22 09:42:53,39.1,13400,39.09,D
sh600584,长电科技,2025-09-22 09:42:56,39.1,44100,39.1,D
sh600584,长电科技,2025-09-22 09:42:59,39.09,54800,39.1,D
sh600584,长电科技,2025-09-22 09:43:02,39.1,29300,39.09,U
sh600584,长电科技,2025-09-22 09:43:05,39.1,12100,39.1,U
sh600584,长电科技,2025-09-22 09:43:08,39.1,30300,39.1,D
sh600584,长电科技,2025-09-22 09:43:11,39.1,29900,39.1,D
sh600584,长电科技,2025-09-22 09:43:14,39.1,39300,39.1,U
sh600584,长电科技,2025-09-22 09:43:17,39.1,21000,39.1,D
sh600584,长电科技,2025-09-22 09:43:20,39.1,52500,39.1,U
sh600584,长电科技,2025-09-22 09:43:23,39.1,21500,39.1,E
sh600584,长电科技,2025-09-22 09:43:26,39.12,43200,39.1,U
sh600584,长电科技,2025-09-22 09:43:29,39.1,22900,39.12,D
sh600584,长电科技,2025-09-22 09:43:32,39.1,14600,39.1,U
sh600584,长电科技,2025-09-22 09:43:35,39.1,24400,39.1,D
sh600584,长电科技,2025-09-22 09:43:38,39.11,31600,39.1,U
sh600584,长电科技,2025-09-22 09:43:41,39.1,21500,39.11,D
sh600584,长电科技,2025-09-22 09:43:44,39.11,28300,39.1,U
sh600584,长电科技,2025-09-22 09:43:47,39.1,20300,39.11,U
sh600584,长电科技,2025-09-22 09:43:50,39.11,58400,39.1,U
sh600584,长电科技,2025-09-22 09:43:53,39.11,9500,39.11,U
sh600584,长电科技,2025-09-22 09:43:56,39.19,239500,39.11,U
sh600584,长电科技,2025-09-22 09:43:59,39.23,123700,39.19,U
sh600584,长电科技,2025-09-22 09:44:02,39.26,14600,39.23,U
sh600584,长电科技,2025-09-22 09:44:05,39.26,13200,39.26,U
sh600584,长电科技,2025-09-22 09:44:08,39.27,12000,39.26,U
sh600584,长电科技,2025-09-22 09:44:11,39.27,78700,39.27,U
sh600584,长电科技,2025-09-22 09:44:14,39.26,33800,39.27,E
sh600584,长电科技,2025-09-22 09:44:17,39.27,69700,39.26,U
sh600584,长电科技,2025-09-22 09:44:20,39.29,27800,39.27,U
sh600584,长电科技,2025-09-22 09:44:23,39.26,54500,39.29,D
sh600584,长电科技,2025-09-22 09:44:26,39.28,31600,39.26,E
sh600584,长电科技,2025-09-22 09:44:29,39.28,70400,39.28,U
sh600584,长电科技,2025-09-22 09:44:32,39.28,38500,39.28,U
sh600584,长电科技,2025-09-22 09:44:35,39.29,46800,39.28,U
sh600584,长电科技,2025-09-22 09:44:38,39.29,25900,39.29,U
sh600584,长电科技,2025-09-22 09:44:41,39.29,82500,39.29,D
sh600584,长电科技,2025-09-22 09:44:44,39.27,72400,39.29,D
sh600584,长电科技,2025-09-22 09:44:47,39.26,68900,39.27,D
sh600584,长电科技,2025-09-22 09:44:50,39.28,55400,39.26,U
sh600584,长电科技,2025-09-22 09:44:53,39.28,14500,39.28,U
sh600584,长电科技,2025-09-22 09:44:56,39.28,22600,39.28,U
sh600584,长电科技,2025-09-22 09:44:59,39.28,38400,39.28,D
sh600584,长电科技,2025-09-22 09:45:02,39.28,47000,39.28,U
sh600584,长电科技,2025-09-22 09:45:05,39.28,14500,39.28,E
sh600584,长电科技,2025-09-22 09:45:08,39.28,42900,39.28,U
sh600584,长电科技,2025-09-22 09:45:11,39.28,46800,39.28,D
sh600584,长电科技,2025-09-22 09:45:14,39.28,81200,39.28,D
sh600584,长电科技,2025-09-22 09:45:17,39.28,39900,39.28,U
sh600584,长电科技,2025-09-22 09:45:20,39.24,15200,39.28,E
sh600584,长电科技,2025-09-22 09:45:23,39.27,36900,39.24,U
sh600584,长电科技,2025-09-22 09:45:26,39.21,49900,39.27,D
sh600584,长电科技,2025-09-22 09:45:29,39.26,11000,39.21,U
sh600584,长电科技,2025-09-22 09:45:32,39.21,62200,39.26,D
sh600584,长电科技,2025-09-22 09:45:35,39.25,16800,39.21,U
sh600584,长电科技,2025-09-22 09:45:38,39.21,16900,39.25,D
sh600584,长电科技,2025-09-22 09:45:41,39.21,20600,39.21,D
sh600584,长电科技,2025-09-22 09:45:44,39.2,30100,39.21,D
sh600584,长电科技,2025-09-22 09:45:47,39.21,24300,39.2,U
sh600584,长电科技,2025-09-22 09:45:50,39.2,26600,39.21,D
sh600584,长电科技,2025-09-22 09:45:53,39.2,32700,39.2,U
sh600584,长电科技,2025-09-22 09:45:56,39.2,22900,39.2,U
sh600584,长电科技,2025-09-22 09:45:59,39.18,20600,39.2,D
sh600584,长电科技,2025-09-22 09:46:02,39.18,147100,39.18,D
sh600584,长电科技,2025-09-22 09:46:05,39.18,25800,39.18,U
sh600584,长电科技,2025-09-22 09:46:08,39.18,20900,39.18,D
sh600584,长电科技,2025-09-22 09:46:11,39.2,49900,39.18,U
sh600584,长电科技,2025-09-22 09:46:14,39.18,12800,39.2,U
sh600584,长电科技,2025-09-22 09:46:17,39.19,8100,39.18,U
sh600584,长电科技,2025-09-22 09:46:20,39.19,19300,39.19,D
sh600584,长电科技,2025-09-22 09:46:23,39.18,15600,39.19,D
sh600584,长电科技,2025-09-22 09:46:26,39.19,53200,39.18,U
sh600584,长电科技,2025-09-22 09:46:29,39.19,17400,39.19,D
sh600584,长电科技,2025-09-22 09:46:32,39.19,51600,39.19,U
sh600584,长电科技,2025-09-22 09:46:35,39.2,11600,39.19,U
sh600584,长电科技,2025-09-22 09:46:41,39.2,13000,39.2,U
sh600584,长电科技,2025-09-22 09:46:44,39.21,9000,39.2,U
sh600584,长电科技,2025-09-22 09:46:47,39.22,13700,39.21,U
sh600584,长电科技,2025-09-22 09:46:50,39.22,14400,39.22,U
sh600584,长电科技,2025-09-22 09:46:53,39.22,9800,39.22,U
sh600584,长电科技,2025-09-22 09:46:56,39.21,35900,39.22,D
sh600584,长电科技,2025-09-22 09:46:59,39.22,10200,39.21,D
sh600584,长电科技,2025-09-22 09:47:02,39.21,25400,39.22,D
sh600584,长电科技,2025-09-22 09:47:05,39.22,16900,39.21,U
sh600584,长电科技,2025-09-22 09:47:08,39.21,34200,39.22,D
sh600584,长电科技,2025-09-22 09:47:11,39.21,12300,39.21,D
sh600584,长电科技,2025-09-22 09:47:14,39.21,69000,39.21,D
sh600584,长电科技,2025-09-22 09:47:17,39.2,58700,39.21,E
sh600584,长电科技,2025-09-22 09:47:20,39.2,28400,39.2,U
sh600584,长电科技,2025-09-22 09:47:23,39.18,6400,39.2,E
sh600584,长电科技,2025-09-22 09:47:26,39.2,19500,39.18,E
sh600584,长电科技,2025-09-22 09:47:32,39.16,15700,39.17,D
sh600584,长电科技,2025-09-22 09:47:35,39.14,69600,39.16,D
sh600584,长电科技,2025-09-22 09:47:41,39.13,6500,39.15,U
sh600584,长电科技,2025-09-22 09:47:44,39.1,6800,39.13,D
sh600584,长电科技,2025-09-22 09:47:47,39.09,7500,39.1,D
sh600584,长电科技,2025-09-22 09:47:50,39.08,8500,39.09,D
sh600584,长电科技,2025-09-22 09:47:53,39.08,17000,39.08,D
sh600584,长电科技,2025-09-22 09:47:56,39.08,20700,39.08,D
sh600584,长电科技,2025-09-22 09:47:59,39.07,31900,39.08,D
sh600584,长电科技,2025-09-22 09:48:02,39.08,6800,39.07,U
sh600584,长电科技,2025-09-22 09:48:05,39.08,23800,39.08,U
sh600584,长电科技,2025-09-22 09:48:08,39.08,15700,39.08,D
sh600584,长电科技,2025-09-22 09:48:11,39.08,9400,39.08,D
sh600584,长电科技,2025-09-22 09:48:14,39.08,18000,39.08,D
sh600584,长电科技,2025-09-22 09:48:17,39.08,15900,39.08,U
sh600584,长电科技,2025-09-22 09:48:20,39.08,21500,39.08,U
sh600584,长电科技,2025-09-22 09:48:23,39.08,25000,39.08,D
sh600584,长电科技,2025-09-22 09:48:26,39.07,16200,39.08,D
sh600584,长电科技,2025-09-22 09:48:29,39.09,21600,39.07,U
sh600584,长电科技,2025-09-22 09:48:32,39.07,14800,39.09,D
sh600584,长电科技,2025-09-22 09:48:35,39.09,7100,39.07,U
sh600584,长电科技,2025-09-22 09:48:38,39.07,41900,39.09,D
sh600584,长电科技,2025-09-22 09:48:41,39.07,9100,39.07,U
sh600584,长电科技,2025-09-22 09:48:44,39.08,10200,39.07,U
sh600584,长电科技,2025-09-22 09:48:47,39.07,7300,39.08,D
sh600584,长电科技,2025-09-22 09:48:50,39.06,19300,39.07,D
sh600584,长电科技,2025-09-22 09:48:53,39.06,5800,39.06,D
sh600584,长电科技,2025-09-22 09:48:56,39.06,7100,39.06,D
sh600584,长电科技,2025-09-22 09:48:59,39.06,33300,39.06,D
sh600584,长电科技,2025-09-22 09:49:05,39.06,42200,39.06,U
sh600584,长电科技,2025-09-22 09:49:08,39.06,7000,39.06,U
sh600584,长电科技,2025-09-22 09:49:11,39.04,7500,39.06,D
sh600584,长电科技,2025-09-22 09:49:14,39.04,20100,39.04,D
sh600584,长电科技,2025-09-22 09:49:17,39.04,5800,39.04,U
sh600584,长电科技,2025-09-22 09:49:20,39.03,13800,39.04,D
sh600584,长电科技,2025-09-22 09:49:23,39.03,33800,39.03,D
sh600584,长电科技,2025-09-22 09:49:26,39.03,16700,39.03,D
sh600584,长电科技,2025-09-22 09:49:29,39.02,9500,39.03,D
sh600584,长电科技,2025-09-22 09:49:32,39.02,5900,39.02,D
sh600584,长电科技,2025-09-22 09:49:35,39.02,16600,39.02,D
sh600584,长电科技,2025-09-22 09:49:38,39.02,17300,39.02,D
sh600584,长电科技,2025-09-22 09:49:41,39.02,6400,39.02,U
sh600584,长电科技,2025-09-22 09:49:47,39.02,44100,39.01,U
sh600584,长电科技,2025-09-22 09:49:50,39.0,13400,39.02,D
sh600584,长电科技,2025-09-22 09:49:53,39.01,13500,39.0,U
sh600584,长电科技,2025-09-22 09:49:56,39.01,20201,39.01,U
sh600584,长电科技,2025-09-22 09:49:59,39.0,9600,39.01,D
sh600584,长电科技,2025-09-22 09:50:02,39.01,54200,39.0,U
sh600584,长电科技,2025-09-22 09:50:05,39.02,66400,39.01,U
sh600584,长电科技,2025-09-22 09:50:08,39.01,59300,39.02,D
sh600584,长电科技,2025-09-22 09:50:11,39.04,35100,39.01,U
sh600584,长电科技,2025-09-22 09:50:17,39.04,7699,39.02,U
sh600584,长电科技,2025-09-22 09:50:23,39.05,21900,39.05,U
sh600584,长电科技,2025-09-22 09:50:26,39.03,13500,39.05,D
sh600584,长电科技,2025-09-22 09:50:29,39.04,8000,39.03,U
sh600584,长电科技,2025-09-22 09:50:32,39.04,6800,39.04,U
sh600584,长电科技,2025-09-22 09:50:35,39.06,13800,39.04,U
sh600584,长电科技,2025-09-22 09:50:38,39.04,6200,39.06,D
sh600584,长电科技,2025-09-22 09:50:41,39.06,5500,39.04,U
sh600584,长电科技,2025-09-22 09:50:44,39.06,11400,39.06,U
sh600584,长电科技,2025-09-22 09:50:47,39.06,16100,39.06,U
sh600584,长电科技,2025-09-22 09:50:50,39.06,8300,39.06,D
sh600584,长电科技,2025-09-22 09:50:53,39.06,13500,39.06,D
sh600584,长电科技,2025-09-22 09:50:56,39.07,26011,39.06,U
sh600584,长电科技,2025-09-22 09:50:59,39.07,33189,39.07,U
sh600584,长电科技,2025-09-22 09:51:02,39.06,20700,39.07,E
sh600584,长电科技,2025-09-22 09:51:05,39.05,16700,39.06,E
sh600584,长电科技,2025-09-22 09:51:08,39.04,6800,39.05,D
sh600584,长电科技,2025-09-22 09:51:11,39.05,5700,39.04,E
sh600584,长电科技,2025-09-22 09:51:14,39.04,19811,39.05,D
sh600584,长电科技,2025-09-22 09:51:17,39.05,5800,39.04,E
sh600584,长电科技,2025-09-22 09:51:20,39.04,16989,39.05,D
sh600584,长电科技,2025-09-22 09:51:23,39.04,25900,39.04,U
sh600584,长电科技,2025-09-22 09:51:26,39.01,77400,39.04,D
sh600584,长电科技,2025-09-22 09:51:29,39.01,32700,39.01,U
sh600584,长电科技,2025-09-22 09:51:32,39.0,13800,39.01,D
sh600584,长电科技,2025-09-22 09:51:35,39.01,8600,39.0,E
sh600584,长电科技,2025-09-22 09:51:38,39.01,18800,39.01,D
sh600584,长电科技,2025-09-22 09:51:41,39.01,6000,39.01,D
sh600584,长电科技,2025-09-22 09:51:44,39.02,16800,39.01,U
sh600584,长电科技,2025-09-22 09:51:47,39.01,9500,39.02,D
sh600584,长电科技,2025-09-22 09:51:50,39.01,8800,39.01,U
sh600584,长电科技,2025-09-22 09:51:53,39.0,13900,39.01,D
sh600584,长电科技,2025-09-22 09:51:56,39.0,16500,39.0,D
sh600584,长电科技,2025-09-22 09:51:59,39.0,31400,39.0,D
sh600584,长电科技,2025-09-22 09:52:02,39.0,27600,39.0,D
sh600584,长电科技,2025-09-22 09:52:05,39.0,35400,39.0,D
sh600584,长电科技,2025-09-22 09:52:08,39.01,12011,39.0,U
sh600584,长电科技,2025-09-22 09:52:11,39.01,11600,39.01,D
sh600584,长电科技,2025-09-22 09:52:17,39.01,25000,39.01,D
sh600584,长电科技,2025-09-22 09:52:20,39.01,48288,39.01,U
sh600584,长电科技,2025-09-22 09:52:23,39.0,6000,39.01,D
sh600584,长电科技,2025-09-22 09:52:29,39.0,19700,39.0,U
sh600584,长电科技,2025-09-22 09:52:32,39.0,11000,39.0,D
sh600584,长电科技,2025-09-22 09:52:38,38.99,6800,38.99,D
sh600584,长电科技,2025-09-22 09:52:41,38.99,6500,38.99,U
sh600584,长电科技,2025-09-22 09:52:44,38.97,40300,38.99,D
sh600584,长电科技,2025-09-22 09:52:47,38.97,5500,38.97,D
sh600584,长电科技,2025-09-22 09:52:50,38.96,29000,38.97,D
sh600584,长电科技,2025-09-22 09:52:53,38.95,6600,38.96,D
sh600584,长电科技,2025-09-22 09:52:56,38.95,8500,38.95,D
sh600584,长电科技,2025-09-22 09:53:11,38.93,8500,38.94,D
sh600584,长电科技,2025-09-22 09:53:14,38.93,8500,38.93,U
sh600584,长电科技,2025-09-22 09:53:17,38.92,11100,38.93,D
sh600584,长电科技,2025-09-22 09:53:20,38.94,64500,38.92,U
sh600584,长电科技,2025-09-22 09:53:23,38.96,120600,38.94,U
sh600584,长电科技,2025-09-22 09:53:26,38.94,17600,38.96,D
sh600584,长电科技,2025-09-22 09:53:29,38.94,12300,38.94,D
sh600584,长电科技,2025-09-22 09:53:32,38.96,9000,38.94,U
sh600584,长电科技,2025-09-22 09:53:35,38.95,5700,38.96,D
sh600584,长电科技,2025-09-22 09:53:38,38.96,5400,38.95,U
sh600584,长电科技,2025-09-22 09:53:41,38.95,18000,38.96,D
sh600584,长电科技,2025-09-22 09:53:44,38.95,21100,38.95,D
sh600584,长电科技,2025-09-22 09:53:47,38.95,6200,38.95,U
sh600584,长电科技,2025-09-22 09:53:50,38.95,6200,38.95,U
sh600584,长电科技,2025-09-22 09:53:53,38.95,53300,38.95,U
sh600584,长电科技,2025-09-22 09:53:56,38.94,8900,38.95,D
sh600584,长电科技,2025-09-22 09:53:59,38.94,7000,38.94,D
sh600584,长电科技,2025-09-22 09:54:02,38.95,26100,38.94,U
sh600584,长电科技,2025-09-22 09:54:11,38.94,30900,38.94,U
sh600584,长电科技,2025-09-22 09:54:14,38.94,10600,38.94,U
sh600584,长电科技,2025-09-22 09:54:17,38.95,19000,38.94,U
sh600584,长电科技,2025-09-22 09:54:20,38.97,12300,38.95,U
sh600584,长电科技,2025-09-22 09:54:23,38.96,12800,38.97,D
sh600584,长电科技,2025-09-22 09:54:32,38.99,8100,38.99,U
sh600584,长电科技,2025-09-22 09:54:35,38.97,23000,38.99,D
sh600584,长电科技,2025-09-22 09:54:38,38.97,37300,38.97,D
sh600584,长电科技,2025-09-22 09:54:41,39.0,10400,38.97,U
sh600584,长电科技,2025-09-22 09:54:44,38.99,13400,39.0,D
sh600584,长电科技,2025-09-22 09:54:47,39.0,7000,38.99,U
sh600584,长电科技,2025-09-22 09:54:50,39.0,7200,39.0,U
sh600584,长电科技,2025-09-22 09:54:53,39.0,28200,39.0,D
sh600584,长电科技,2025-09-22 09:54:59,39.01,9000,39.01,U
sh600584,长电科技,2025-09-22 09:55:02,39.02,36800,39.01,U
sh600584,长电科技,2025-09-22 09:55:05,39.06,41300,39.02,U
sh600584,长电科技,2025-09-22 09:55:08,39.06,11000,39.06,U
sh600584,长电科技,2025-09-22 09:55:20,39.06,13600,39.07,D
sh600584,长电科技,2025-09-22 09:55:23,39.07,16700,39.06,U
sh600584,长电科技,2025-09-22 09:55:29,39.09,18000,39.07,U
sh600584,长电科技,2025-09-22 09:55:35,39.09,10100,39.09,U
sh600584,长电科技,2025-09-22 09:55:38,39.08,20000,39.09,D
sh600584,长电科技,2025-09-22 09:55:41,39.07,21400,39.08,D
sh600584,长电科技,2025-09-22 09:55:44,39.08,14700,39.07,U
sh600584,长电科技,2025-09-22 09:55:47,39.08,6000,39.08,E
sh600584,长电科技,2025-09-22 09:55:50,39.09,8000,39.08,U
sh600584,长电科技,2025-09-22 09:55:53,39.08,13300,39.09,D
sh600584,长电科技,2025-09-22 09:55:56,39.09,9300,39.08,U
sh600584,长电科技,2025-09-22 09:55:59,39.08,48200,39.09,D
sh600584,长电科技,2025-09-22 09:56:02,39.08,18400,39.08,U
sh600584,长电科技,2025-09-22 09:56:05,39.07,40500,39.08,U
sh600584,长电科技,2025-09-22 09:56:08,39.06,36300,39.07,E
sh600584,长电科技,2025-09-22 09:56:11,39.06,5900,39.06,U
sh600584,长电科技,2025-09-22 09:56:14,39.02,20000,39.06,D
sh600584,长电科技,2025-09-22 09:56:17,39.04,6600,39.02,U
sh600584,长电科技,2025-09-22 09:56:20,39.04,5700,39.04,U
sh600584,长电科技,2025-09-22 09:56:23,39.05,11400,39.04,U
sh600584,长电科技,2025-09-22 09:56:26,39.07,14100,39.05,U
sh600584,长电科技,2025-09-22 09:56:29,39.04,18000,39.07,D
sh600584,长电科技,2025-09-22 09:56:32,39.04,16700,39.04,D
sh600584,长电科技,2025-09-22 09:56:35,39.02,6700,39.04,D
sh600584,长电科技,2025-09-22 09:56:38,39.03,24600,39.02,U
sh600584,长电科技,2025-09-22 09:56:41,39.0,6400,39.03,D
sh600584,长电科技,2025-09-22 09:56:44,39.0,10200,39.0,D
sh600584,长电科技,2025-09-22 09:56:47,39.01,24400,39.0,E
sh600584,长电科技,2025-09-22 09:56:50,39.02,24600,39.01,U
sh600584,长电科技,2025-09-22 09:56:53,39.01,8600,39.02,D
sh600584,长电科技,2025-09-22 09:56:56,39.02,11600,39.01,U
sh600584,长电科技,2025-09-22 09:56:59,39.03,10400,39.02,U
sh600584,长电科技,2025-09-22 09:57:02,39.03,9200,39.03,D
sh600584,长电科技,2025-09-22 09:57:08,39.03,5700,39.04,D
sh600584,长电科技,2025-09-22 09:57:11,39.05,6600,39.03,U
sh600584,长电科技,2025-09-22 09:57:17,39.04,6300,39.05,D
sh600584,长电科技,2025-09-22 09:57:20,39.04,11200,39.04,D
sh600584,长电科技,2025-09-22 09:57:23,39.04,6700,39.04,U
sh600584,长电科技,2025-09-22 09:57:29,39.04,20800,39.04,D
sh600584,长电科技,2025-09-22 09:57:32,39.06,31700,39.04,U
sh600584,长电科技,2025-09-22 09:57:35,39.04,10100,39.06,E
sh600584,长电科技,2025-09-22 09:57:38,39.05,25800,39.04,U
sh600584,长电科技,2025-09-22 09:57:47,39.04,9800,39.04,D
sh600584,长电科技,2025-09-22 09:57:50,39.03,20800,39.04,D
sh600584,长电科技,2025-09-22 09:57:53,39.04,9700,39.03,E
sh600584,长电科技,2025-09-22 09:57:59,39.05,6900,39.04,E
sh600584,长电科技,2025-09-22 09:58:02,39.04,22600,39.05,D
sh600584,长电科技,2025-09-22 09:58:05,39.06,32700,39.04,U
sh600584,长电科技,2025-09-22 09:58:08,39.08,20200,39.06,U
sh600584,长电科技,2025-09-22 09:58:11,39.06,6600,39.08,D
sh600584,长电科技,2025-09-22 09:58:14,39.08,41100,39.06,D
sh600584,长电科技,2025-09-22 09:58:17,39.09,9900,39.08,U
sh600584,长电科技,2025-09-22 09:58:26,39.1,8900,39.09,U
sh600584,长电科技,2025-09-22 09:58:29,39.09,33900,39.1,D
sh600584,长电科技,2025-09-22 09:58:32,39.1,10100,39.09,U
sh600584,长电科技,2025-09-22 09:58:35,39.09,34400,39.1,D
sh600584,长电科技,2025-09-22 09:58:38,39.09,9900,39.09,D
sh600584,长电科技,2025-09-22 09:58:41,39.11,7500,39.09,U
sh600584,长电科技,2025-09-22 09:58:44,39.09,43900,39.11,D
sh600584,长电科技,2025-09-22 09:58:47,39.05,43000,39.09,D
sh600584,长电科技,2025-09-22 09:58:50,39.09,8300,39.05,U
sh600584,长电科技,2025-09-22 09:58:53,39.05,13100,39.09,D
sh600584,长电科技,2025-09-22 09:58:56,39.08,6500,39.05,U
sh600584,长电科技,2025-09-22 09:59:05,39.09,8500,39.05,U
sh600584,长电科技,2025-09-22 09:59:08,39.07,6500,39.09,D
sh600584,长电科技,2025-09-22 09:59:11,39.09,5400,39.07,U
sh600584,长电科技,2025-09-22 09:59:14,39.09,20800,39.09,U
sh600584,长电科技,2025-09-22 09:59:17,39.09,6300,39.09,D
sh600584,长电科技,2025-09-22 09:59:20,39.08,7200,39.09,D
sh600584,长电科技,2025-09-22 09:59:23,39.09,14400,39.08,E
sh600584,长电科技,2025-09-22 09:59:26,39.1,14300,39.09,U
sh600584,长电科技,2025-09-22 09:59:29,39.1,9700,39.1,U
sh600584,长电科技,2025-09-22 09:59:32,39.1,8900,39.1,U
sh600584,长电科技,2025-09-22 09:59:35,39.1,11600,39.1,D
sh600584,长电科技,2025-09-22 09:59:38,39.11,7500,39.1,U
sh600584,长电科技,2025-09-22 09:59:41,39.11,24100,39.11,U
sh600584,长电科技,2025-09-22 09:59:44,39.1,15600,39.11,D
sh600584,长电科技,2025-09-22 09:59:47,39.1,10100,39.1,D
sh600584,长电科技,2025-09-22 09:59:50,39.11,13600,39.1,U
sh600584,长电科技,2025-09-22 09:59:53,39.1,15300,39.11,D
sh600584,长电科技,2025-09-22 09:59:56,39.06,38300,39.1,D
sh600584,长电科技,2025-09-22 09:59:59,39.08,25400,39.06,U
sh600584,长电科技,2025-09-22 10:00:02,39.03,25700,39.08,D
sh600584,长电科技,2025-09-22 10:00:05,39.05,7900,39.03,U
sh600584,长电科技,2025-09-22 10:00:08,38.99,76200,39.05,D
sh600584,长电科技,2025-09-22 10:00:14,39.05,5600,39.03,E
sh600584,长电科技,2025-09-22 10:00:17,39.06,10400,39.05,U
sh600584,长电科技,2025-09-22 10:00:23,39.07,6100,39.07,D
sh600584,长电科技,2025-09-22 10:00:26,39.07,8100,39.07,D
sh600584,长电科技,2025-09-22 10:00:29,39.06,8700,39.07,E
sh600584,长电科技,2025-09-22 10:00:32,39.07,11500,39.06,U
sh600584,长电科技,2025-09-22 10:00:35,39.06,7400,39.07,D
sh600584,长电科技,2025-09-22 10:00:38,39.06,16000,39.06,U
sh600584,长电科技,2025-09-22 10:00:47,39.04,7400,39.05,E
sh600584,长电科技,2025-09-22 10:00:50,39.03,16400,39.04,D
sh600584,长电科技,2025-09-22 10:00:56,39.03,8000,39.04,D
sh600584,长电科技,2025-09-22 10:01:02,39.01,6300,39.03,D
sh600584,长电科技,2025-09-22 10:01:05,39.0,6100,39.01,D
sh600584,长电科技,2025-09-22 10:01:11,39.0,15100,39.0,D
sh600584,长电科技,2025-09-22 10:01:14,39.0,12800,39.0,D
sh600584,长电科技,2025-09-22 10:01:17,39.0,9400,39.0,D
sh600584,长电科技,2025-09-22 10:01:20,39.0,5200,39.0,E
sh600584,长电科技,2025-09-22 10:01:26,39.0,10700,38.99,U
sh600584,长电科技,2025-09-22 10:01:29,38.99,14000,39.0,D
sh600584,长电科技,2025-09-22 10:01:35,38.98,7000,38.99,D
sh600584,长电科技,2025-09-22 10:01:38,38.99,5900,38.98,U
sh600584,长电科技,2025-09-22 10:01:41,38.98,6600,38.99,D
sh600584,长电科技,2025-09-22 10:01:44,38.98,8800,38.98,U
sh600584,长电科技,2025-09-22 10:01:47,38.99,12700,38.98,U
sh600584,长电科技,2025-09-22 10:01:50,38.97,11100,38.99,D
sh600584,长电科技,2025-09-22 10:01:53,38.95,8400,38.97,D
sh600584,长电科技,2025-09-22 10:01:59,38.95,30700,38.97,D
sh600584,长电科技,2025-09-22 10:02:02,38.95,6700,38.95,D
sh600584,长电科技,2025-09-22 10:02:08,38.94,15000,38.95,D
sh600584,长电科技,2025-09-22 10:02:11,38.94,9200,38.94,E
sh600584,长电科技,2025-09-22 10:02:14,38.94,34000,38.94,U
sh600584,长电科技,2025-09-22 10:02:17,38.96,12400,38.94,U
sh600584,长电科技,2025-09-22 10:02:20,39.0,54500,38.96,U
sh600584,长电科技,2025-09-22 10:02:23,39.0,71800,39.0,U
sh600584,长电科技,2025-09-22 10:02:29,39.04,13800,39.01,U
sh600584,长电科技,2025-09-22 10:02:32,39.04,8500,39.04,U
sh600584,长电科技,2025-09-22 10:02:35,39.04,14900,39.04,D
sh600584,长电科技,2025-09-22 10:02:38,39.05,5800,39.04,U
sh600584,长电科技,2025-09-22 10:02:41,39.05,6100,39.05,U
sh600584,长电科技,2025-09-22 10:02:44,39.05,12300,39.05,D
sh600584,长电科技,2025-09-22 10:02:47,39.06,16000,39.05,U
sh600584,长电科技,2025-09-22 10:02:50,39.07,18057,39.06,U
sh600584,长电科技,2025-09-22 10:02:53,39.07,9500,39.07,U
sh600584,长电科技,2025-09-22 10:02:59,39.08,5400,39.07,U
sh600584,长电科技,2025-09-22 10:03:02,39.08,25200,39.08,U
sh600584,长电科技,2025-09-22 10:03:05,39.0,53443,39.08,D
sh600584,长电科技,2025-09-22 10:03:08,39.06,64900,39.0,U
sh600584,长电科技,2025-09-22 10:03:14,39.07,35757,39.05,U
sh600584,长电科技,2025-09-22 10:03:17,39.09,45300,39.07,U
sh600584,长电科技,2025-09-22 10:03:23,39.06,7500,39.08,D
sh600584,长电科技,2025-09-22 10:03:26,39.05,7000,39.06,D
sh600584,长电科技,2025-09-22 10:03:29,39.05,9800,39.05,D
sh600584,长电科技,2025-09-22 10:03:32,39.05,7600,39.05,D
sh600584,长电科技,2025-09-22 10:03:38,39.03,30700,39.05,D
sh600584,长电科技,2025-09-22 10:03:41,39.05,21700,39.03,U
sh600584,长电科技,2025-09-22 10:03:47,39.01,27300,39.05,D
sh600584,长电科技,2025-09-22 10:03:50,39.05,8800,39.01,U
sh600584,长电科技,2025-09-22 10:03:53,39.05,9000,39.05,U
sh600584,长电科技,2025-09-22 10:03:56,39.05,67200,39.05,U
sh600584,长电科技,2025-09-22 10:03:59,39.05,12000,39.05,D
sh600584,长电科技,2025-09-22 10:04:02,39.09,27800,39.05,U
sh600584,长电科技,2025-09-22 10:04:05,39.09,107700,39.09,U
sh600584,长电科技,2025-09-22 10:04:08,39.09,8200,39.09,D
sh600584,长电科技,2025-09-22 10:04:11,39.11,13200,39.09,U
sh600584,长电科技,2025-09-22 10:04:17,39.12,27400,39.11,U
sh600584,长电科技,2025-09-22 10:04:20,39.11,8000,39.12,D
sh600584,长电科技,2025-09-22 10:04:23,39.13,24600,39.11,U
sh600584,长电科技,2025-09-22 10:04:26,39.13,23700,39.13,U
sh600584,长电科技,2025-09-22 10:04:29,39.13,9900,39.13,U
sh600584,长电科技,2025-09-22 10:04:32,39.14,39000,39.13,U
sh600584,长电科技,2025-09-22 10:04:38,39.14,10500,39.14,U
sh600584,长电科技,2025-09-22 10:04:41,39.14,19400,39.14,U
sh600584,长电科技,2025-09-22 10:04:44,39.14,20700,39.14,U
sh600584,长电科技,2025-09-22 10:04:50,39.15,33600,39.15,U
sh600584,长电科技,2025-09-22 10:04:53,39.14,23200,39.15,D
sh600584,长电科技,2025-09-22 10:04:56,39.16,15100,39.14,U
sh600584,长电科技,2025-09-22 10:04:59,39.14,11300,39.16,D
sh600584,长电科技,2025-09-22 10:05:02,39.13,13900,39.14,D
sh600584,长电科技,2025-09-22 10:05:05,39.14,8800,39.13,U
sh600584,长电科技,2025-09-22 10:05:08,39.15,8200,39.14,U
sh600584,长电科技,2025-09-22 10:05:11,39.15,6300,39.15,D
sh600584,长电科技,2025-09-22 10:05:14,39.16,13000,39.15,U
sh600584,长电科技,2025-09-22 10:05:17,39.15,8500,39.16,E
sh600584,长电科技,2025-09-22 10:05:20,39.16,8000,39.15,U
sh600584,长电科技,2025-09-22 10:05:26,39.17,25000,39.16,U
sh600584,长电科技,2025-09-22 10:05:29,39.16,12000,39.17,D
sh600584,长电科技,2025-09-22 10:05:32,39.16,11700,39.16,D
sh600584,长电科技,2025-09-22 10:05:35,39.18,14400,39.16,U
sh600584,长电科技,2025-09-22 10:05:38,39.16,12000,39.18,D
sh600584,长电科技,2025-09-22 10:05:41,39.18,9500,39.16,U
sh600584,长电科技,2025-09-22 10:05:44,39.2,133200,39.18,U
sh600584,长电科技,2025-09-22 10:05:47,39.2,17200,39.2,U
sh600584,长电科技,2025-09-22 10:05:50,39.21,41100,39.2,U
sh600584,长电科技,2025-09-22 10:05:53,39.21,7500,39.21,U
sh600584,长电科技,2025-09-22 10:05:56,39.21,6000,39.21,U
sh600584,长电科技,2025-09-22 10:05:59,39.21,27500,39.21,U
sh600584,长电科技,2025-09-22 10:06:02,39.21,12400,39.21,D
sh600584,长电科技,2025-09-22 10:06:05,39.22,44000,39.21,U
sh600584,长电科技,2025-09-22 10:06:08,39.22,55900,39.22,U
sh600584,长电科技,2025-09-22 10:06:11,39.23,15100,39.22,U
sh600584,长电科技,2025-09-22 10:06:14,39.23,21000,39.23,U
sh600584,长电科技,2025-09-22 10:06:17,39.23,14000,39.23,U
sh600584,长电科技,2025-09-22 10:06:23,39.24,9900,39.24,U
sh600584,长电科技,2025-09-22 10:06:26,39.24,16200,39.24,U
sh600584,长电科技,2025-09-22 10:06:29,39.24,12500,39.24,U
sh600584,长电科技,2025-09-22 10:06:32,39.23,20200,39.24,D
sh600584,长电科技,2025-09-22 10:06:35,39.23,9600,39.23,D
sh600584,长电科技,2025-09-22 10:06:38,39.25,38500,39.23,U
sh600584,长电科技,2025-09-22 10:06:44,39.23,23200,39.24,D
sh600584,长电科技,2025-09-22 10:06:47,39.24,86200,39.23,E
sh600584,长电科技,2025-09-22 10:06:50,39.24,19500,39.24,D
sh600584,长电科技,2025-09-22 10:06:53,39.25,41900,39.24,U
sh600584,长电科技,2025-09-22 10:06:56,39.26,12400,39.25,U
sh600584,长电科技,2025-09-22 10:06:59,39.26,23500,39.26,U
sh600584,长电科技,2025-09-22 10:07:02,39.25,28600,39.26,D
sh600584,长电科技,2025-09-22 10:07:05,39.25,15900,39.25,D
sh600584,长电科技,2025-09-22 10:07:08,39.26,9800,39.25,U
sh600584,长电科技,2025-09-22 10:07:11,39.25,33400,39.26,D
sh600584,长电科技,2025-09-22 10:07:14,39.25,23200,39.25,D
sh600584,长电科技,2025-09-22 10:07:17,39.25,16700,39.25,U
sh600584,长电科技,2025-09-22 10:07:20,39.25,6200,39.25,U
sh600584,长电科技,2025-09-22 10:07:23,39.24,26100,39.25,D
sh600584,长电科技,2025-09-22 10:07:26,39.24,16400,39.24,U
sh600584,长电科技,2025-09-22 10:07:32,39.23,31900,39.23,D
sh600584,长电科技,2025-09-22 10:07:35,39.23,14400,39.23,D
sh600584,长电科技,2025-09-22 10:07:38,39.22,11600,39.23,D
sh600584,长电科技,2025-09-22 10:07:41,39.22,20500,39.22,D
sh600584,长电科技,2025-09-22 10:07:44,39.22,38600,39.22,D
sh600584,长电科技,2025-09-22 10:07:47,39.22,17600,39.22,D
sh600584,长电科技,2025-09-22 10:07:50,39.22,27400,39.22,U
sh600584,长电科技,2025-09-22 10:07:53,39.22,60800,39.22,U
sh600584,长电科技,2025-09-22 10:07:56,39.24,113200,39.22,U
sh600584,长电科技,2025-09-22 10:07:59,39.22,52200,39.24,D
sh600584,长电科技,2025-09-22 10:08:02,39.23,21300,39.22,U
sh600584,长电科技,2025-09-22 10:08:05,39.23,31800,39.23,D
sh600584,长电科技,2025-09-22 10:08:08,39.24,13500,39.23,U
sh600584,长电科技,2025-09-22 10:08:11,39.24,13100,39.24,D
sh600584,长电科技,2025-09-22 10:08:14,39.23,15600,39.24,D
sh600584,长电科技,2025-09-22 10:08:17,39.23,6700,39.23,U
sh600584,长电科技,2025-09-22 10:08:20,39.23,6100,39.23,U
sh600584,长电科技,2025-09-22 10:08:23,39.24,7500,39.23,U
sh600584,长电科技,2025-09-22 10:08:26,39.24,6600,39.24,U
sh600584,长电科技,2025-09-22 10:08:29,39.24,30500,39.24,U
sh600584,长电科技,2025-09-22 10:08:32,39.24,20400,39.24,U
sh600584,长电科技,2025-09-22 10:08:35,39.24,5800,39.24,D
sh600584,长电科技,2025-09-22 10:08:38,39.24,10900,39.24,U
sh600584,长电科技,2025-09-22 10:08:41,39.24,17800,39.24,U
sh600584,长电科技,2025-09-22 10:08:44,39.23,32100,39.24,D
sh600584,长电科技,2025-09-22 10:08:47,39.23,8900,39.23,U
sh600584,长电科技,2025-09-22 10:08:56,39.22,20100,39.22,D
sh600584,长电科技,2025-09-22 10:08:59,39.22,5700,39.22,D
sh600584,长电科技,2025-09-22 10:09:02,39.22,8900,39.22,U
sh600584,长电科技,2025-09-22 10:09:05,39.22,6800,39.22,U
sh600584,长电科技,2025-09-22 10:09:08,39.21,13300,39.22,D
sh600584,长电科技,2025-09-22 10:09:11,39.21,6400,39.21,U
sh600584,长电科技,2025-09-22 10:09:14,39.21,20200,39.21,U
sh600584,长电科技,2025-09-22 10:09:17,39.2,21100,39.21,D
sh600584,长电科技,2025-09-22 10:09:20,39.2,8000,39.2,U
sh600584,长电科技,2025-09-22 10:09:23,39.19,17500,39.2,D
sh600584,长电科技,2025-09-22 10:09:26,39.21,22300,39.19,U
sh600584,长电科技,2025-09-22 10:09:29,39.21,49600,39.21,U
sh600584,长电科技,2025-09-22 10:09:32,39.23,75300,39.21,U
sh600584,长电科技,2025-09-22 10:09:35,39.24,11800,39.23,U
sh600584,长电科技,2025-09-22 10:09:38,39.23,8300,39.24,D
sh600584,长电科技,2025-09-22 10:09:41,39.24,15600,39.23,U
sh600584,长电科技,2025-09-22 10:09:44,39.23,19500,39.24,E
sh600584,长电科技,2025-09-22 10:09:47,39.23,16000,39.23,U
sh600584,长电科技,2025-09-22 10:09:50,39.23,20000,39.23,D
sh600584,长电科技,2025-09-22 10:09:53,39.23,15300,39.23,D
sh600584,长电科技,2025-09-22 10:09:56,39.24,21100,39.23,E
sh600584,长电科技,2025-09-22 10:09:59,39.23,14800,39.24,D
sh600584,长电科技,2025-09-22 10:10:02,39.23,14300,39.23,U
sh600584,长电科技,2025-09-22 10:10:05,39.23,6300,39.23,U
sh600584,长电科技,2025-09-22 10:10:08,39.23,12700,39.23,U
sh600584,长电科技,2025-09-22 10:10:11,39.24,9000,39.23,U
sh600584,长电科技,2025-09-22 10:10:14,39.24,14300,39.24,U
sh600584,长电科技,2025-09-22 10:10:17,39.23,9100,39.24,D
sh600584,长电科技,2025-09-22 10:10:20,39.25,6500,39.23,U
sh600584,长电科技,2025-09-22 10:10:23,39.23,10900,39.25,D
sh600584,长电科技,2025-09-22 10:10:26,39.25,38000,39.23,U
sh600584,长电科技,2025-09-22 10:10:29,39.24,37400,39.25,D
sh600584,长电科技,2025-09-22 10:10:32,39.25,27200,39.24,U
sh600584,长电科技,2025-09-22 10:10:35,39.25,47600,39.25,U
sh600584,长电科技,2025-09-22 10:10:38,39.24,25300,39.25,D
sh600584,长电科技,2025-09-22 10:10:41,39.25,48300,39.24,U
sh600584,长电科技,2025-09-22 10:10:44,39.25,23600,39.25,U
sh600584,长电科技,2025-09-22 10:10:47,39.25,49200,39.25,D
sh600584,长电科技,2025-09-22 10:10:50,39.25,72494,39.25,U
sh600584,长电科技,2025-09-22 10:10:53,39.25,13400,39.25,D
sh600584,长电科技,2025-09-22 10:10:56,39.26,12200,39.25,U
sh600584,长电科技,2025-09-22 10:10:59,39.26,16000,39.26,D
sh600584,长电科技,2025-09-22 10:11:02,39.25,7600,39.26,D
sh600584,长电科技,2025-09-22 10:11:05,39.27,12100,39.25,U
sh600584,长电科技,2025-09-22 10:11:08,39.26,16400,39.27,D
sh600584,长电科技,2025-09-22 10:11:11,39.26,10800,39.26,U
sh600584,长电科技,2025-09-22 10:11:14,39.26,14300,39.26,D
sh600584,长电科技,2025-09-22 10:11:17,39.26,68000,39.26,D
sh600584,长电科技,2025-09-22 10:11:20,39.26,28500,39.26,D
sh600584,长电科技,2025-09-22 10:11:23,39.26,6700,39.26,U
sh600584,长电科技,2025-09-22 10:11:26,39.24,51506,39.26,D
sh600584,长电科技,2025-09-22 10:11:29,39.26,16000,39.24,U
sh600584,长电科技,2025-09-22 10:11:35,39.23,57700,39.23,D
sh600584,长电科技,2025-09-22 10:11:38,39.24,7200,39.23,E
sh600584,长电科技,2025-09-22 10:11:44,39.24,11600,39.23,U
sh600584,长电科技,2025-09-22 10:11:47,39.24,16900,39.24,D
sh600584,长电科技,2025-09-22 10:11:50,39.24,27400,39.24,D
sh600584,长电科技,2025-09-22 10:11:53,39.23,13200,39.24,D
sh600584,长电科技,2025-09-22 10:11:56,39.23,5300,39.23,D
sh600584,长电科技,2025-09-22 10:11:59,39.23,7400,39.23,D
sh600584,长电科技,2025-09-22 10:12:02,39.24,10900,39.23,U
sh600584,长电科技,2025-09-22 10:12:05,39.23,7900,39.24,D
sh600584,长电科技,2025-09-22 10:12:08,39.23,17200,39.23,D
sh600584,长电科技,2025-09-22 10:12:11,39.22,7600,39.23,D
sh600584,长电科技,2025-09-22 10:12:14,39.22,10300,39.22,D
sh600584,长电科技,2025-09-22 10:12:17,39.22,17900,39.22,U
sh600584,长电科技,2025-09-22 10:12:20,39.23,39500,39.22,U
sh600584,长电科技,2025-09-22 10:12:23,39.24,37000,39.23,U
sh600584,长电科技,2025-09-22 10:12:26,39.26,56200,39.24,U
sh600584,长电科技,2025-09-22 10:12:29,39.26,125900,39.26,U
sh600584,长电科技,2025-09-22 10:12:32,39.35,678800,39.26,U
sh600584,长电科技,2025-09-22 10:12:35,39.34,55400,39.35,E
sh600584,长电科技,2025-09-22 10:12:38,39.35,13900,39.34,U
sh600584,长电科技,2025-09-22 10:12:41,39.36,8500,39.35,U
sh600584,长电科技,2025-09-22 10:12:44,39.36,20000,39.36,U
sh600584,长电科技,2025-09-22 10:12:47,39.36,43300,39.36,U
sh600584,长电科技,2025-09-22 10:12:50,39.36,30800,39.36,D
sh600584,长电科技,2025-09-22 10:12:53,39.37,59600,39.36,U
sh600584,长电科技,2025-09-22 10:12:56,39.38,21200,39.37,U
sh600584,长电科技,2025-09-22 10:12:59,39.39,52600,39.38,U
sh600584,长电科技,2025-09-22 10:13:02,39.38,63700,39.39,D
sh600584,长电科技,2025-09-22 10:13:05,39.38,48300,39.38,U
sh600584,长电科技,2025-09-22 10:13:08,39.36,82000,39.38,D
sh600584,长电科技,2025-09-22 10:13:11,39.38,22800,39.36,U
sh600584,长电科技,2025-09-22 10:13:14,39.37,98600,39.38,E
sh600584,长电科技,2025-09-22 10:13:17,39.36,22700,39.37,D
sh600584,长电科技,2025-09-22 10:13:20,39.36,12800,39.36,U
sh600584,长电科技,2025-09-22 10:13:23,39.34,19700,39.36,D
sh600584,长电科技,2025-09-22 10:13:26,39.34,13400,39.34,U
sh600584,长电科技,2025-09-22 10:13:29,39.35,16800,39.34,U
sh600584,长电科技,2025-09-22 10:13:32,39.33,7800,39.35,D
sh600584,长电科技,2025-09-22 10:13:35,39.33,37100,39.33,U
sh600584,长电科技,2025-09-22 10:13:38,39.32,21700,39.33,D
sh600584,长电科技,2025-09-22 10:13:41,39.32,16200,39.32,D
sh600584,长电科技,2025-09-22 10:13:44,39.33,21200,39.32,U
sh600584,长电科技,2025-09-22 10:13:47,39.34,10700,39.33,U
sh600584,长电科技,2025-09-22 10:13:50,39.35,26000,39.34,U
sh600584,长电科技,2025-09-22 10:13:53,39.33,27200,39.35,D
sh600584,长电科技,2025-09-22 10:13:56,39.33,11700,39.33,D
sh600584,长电科技,2025-09-22 10:13:59,39.34,30100,39.33,U
sh600584,长电科技,2025-09-22 10:14:02,39.34,12200,39.34,D
sh600584,长电科技,2025-09-22 10:14:05,39.35,12700,39.34,U
sh600584,长电科技,2025-09-22 10:14:08,39.36,22200,39.35,U
sh600584,长电科技,2025-09-22 10:14:11,39.35,9700,39.36,U
sh600584,长电科技,2025-09-22 10:14:14,39.35,12700,39.35,D
sh600584,长电科技,2025-09-22 10:14:17,39.36,11200,39.35,U
sh600584,长电科技,2025-09-22 10:14:20,39.35,11900,39.36,D
sh600584,长电科技,2025-09-22 10:14:23,39.36,43900,39.35,U
sh600584,长电科技,2025-09-22 10:14:26,39.37,116699,39.36,U
sh600584,长电科技,2025-09-22 10:14:29,39.38,10500,39.37,U
sh600584,长电科技,2025-09-22 10:14:32,39.38,23900,39.38,D
sh600584,长电科技,2025-09-22 10:14:35,39.43,237200,39.38,U
sh600584,长电科技,2025-09-22 10:14:38,39.45,42200,39.43,U
sh600584,长电科技,2025-09-22 10:14:41,39.45,19100,39.45,U
sh600584,长电科技,2025-09-22 10:14:44,39.47,41900,39.45,U
sh600584,长电科技,2025-09-22 10:14:47,39.48,60000,39.47,U
sh600584,长电科技,2025-09-22 10:14:50,39.48,30900,39.48,U
sh600584,长电科技,2025-09-22 10:14:53,39.48,29700,39.48,U
sh600584,长电科技,2025-09-22 10:14:56,39.48,63900,39.48,U
sh600584,长电科技,2025-09-22 10:14:59,39.49,22000,39.48,U
sh600584,长电科技,2025-09-22 10:15:02,39.5,108300,39.49,U
sh600584,长电科技,2025-09-22 10:15:05,39.5,104000,39.5,U
sh600584,长电科技,2025-09-22 10:15:08,39.49,50900,39.5,D
sh600584,长电科技,2025-09-22 10:15:11,39.5,50300,39.49,U
sh600584,长电科技,2025-09-22 10:15:14,39.49,128500,39.5,D
sh600584,长电科技,2025-09-22 10:15:17,39.48,86100,39.49,D
sh600584,长电科技,2025-09-22 10:15:20,39.46,57300,39.48,D
sh600584,长电科技,2025-09-22 10:15:23,39.46,24800,39.46,D
sh600584,长电科技,2025-09-22 10:15:26,39.46,70400,39.46,U
sh600584,长电科技,2025-09-22 10:15:29,39.45,29800,39.46,U
sh600584,长电科技,2025-09-22 10:15:32,39.45,13900,39.45,D
sh600584,长电科技,2025-09-22 10:15:35,39.44,12000,39.45,E
sh600584,长电科技,2025-09-22 10:15:38,39.43,12800,39.44,D
sh600584,长电科技,2025-09-22 10:15:41,39.42,17100,39.43,D
sh600584,长电科技,2025-09-22 10:15:44,39.41,17600,39.42,D
sh600584,长电科技,2025-09-22 10:15:47,39.42,37800,39.41,U
sh600584,长电科技,2025-09-22 10:15:50,39.41,66400,39.42,D
sh600584,长电科技,2025-09-22 10:15:53,39.41,60700,39.41,U
sh600584,长电科技,2025-09-22 10:15:56,39.4,20900,39.41,D
sh600584,长电科技,2025-09-22 10:15:59,39.41,40400,39.4,U
sh600584,长电科技,2025-09-22 10:16:02,39.41,26500,39.41,U
sh600584,长电科技,2025-09-22 10:16:05,39.41,40100,39.41,U
sh600584,长电科技,2025-09-22 10:16:08,39.41,30300,39.41,U
sh600584,长电科技,2025-09-22 10:16:11,39.43,5300,39.41,U
sh600584,长电科技,2025-09-22 10:16:14,39.44,8800,39.43,U
sh600584,长电科技,2025-09-22 10:16:17,39.44,11800,39.44,U
sh600584,长电科技,2025-09-22 10:16:20,39.44,25000,39.44,U
sh600584,长电科技,2025-09-22 10:16:23,39.44,21900,39.44,D
sh600584,长电科技,2025-09-22 10:16:26,39.44,24900,39.44,D
sh600584,长电科技,2025-09-22 10:16:29,39.44,23350,39.44,E
sh600584,长电科技,2025-09-22 10:16:32,39.44,27850,39.44,D
sh600584,长电科技,2025-09-22 10:16:35,39.46,12700,39.44,U
sh600584,长电科技,2025-09-22 10:16:38,39.45,6200,39.46,E
sh600584,长电科技,2025-09-22 10:16:41,39.46,11000,39.45,U
sh600584,长电科技,2025-09-22 10:16:44,39.46,25000,39.46,U
sh600584,长电科技,2025-09-22 10:16:47,39.46,24250,39.46,U
sh600584,长电科技,2025-09-22 10:16:50,39.47,31400,39.46,U
sh600584,长电科技,2025-09-22 10:16:53,39.48,80200,39.47,U
sh600584,长电科技,2025-09-22 10:16:56,39.47,68500,39.48,D
sh600584,长电科技,2025-09-22 10:16:59,39.48,48300,39.47,U
sh600584,长电科技,2025-09-22 10:17:02,39.52,616300,39.48,U
sh600584,长电科技,2025-09-22 10:17:05,39.54,73700,39.52,U
sh600584,长电科技,2025-09-22 10:17:08,39.55,18900,39.54,U
sh600584,长电科技,2025-09-22 10:17:11,39.56,12200,39.55,U
sh600584,长电科技,2025-09-22 10:17:14,39.56,60800,39.56,U
sh600584,长电科技,2025-09-22 10:17:17,39.58,25900,39.56,U
sh600584,长电科技,2025-09-22 10:17:20,39.59,48100,39.58,U
sh600584,长电科技,2025-09-22 10:17:23,39.59,112200,39.59,U
sh600584,长电科技,2025-09-22 10:17:26,39.6,50700,39.59,U
sh600584,长电科技,2025-09-22 10:17:29,39.6,39700,39.6,U
sh600584,长电科技,2025-09-22 10:17:32,39.6,169300,39.6,U
sh600584,长电科技,2025-09-22 10:17:35,39.6,45300,39.6,U
sh600584,长电科技,2025-09-22 10:17:38,39.6,58500,39.6,D
sh600584,长电科技,2025-09-22 10:17:41,39.61,26000,39.6,U
sh600584,长电科技,2025-09-22 10:17:44,39.61,46700,39.61,U
sh600584,长电科技,2025-09-22 10:17:47,39.6,37300,39.61,D
sh600584,长电科技,2025-09-22 10:17:50,39.61,66500,39.6,U
sh600584,长电科技,2025-09-22 10:17:53,39.6,70300,39.61,D
sh600584,长电科技,2025-09-22 10:17:56,39.61,37300,39.6,U
sh600584,长电科技,2025-09-22 10:17:59,39.6,27200,39.61,D
sh600584,长电科技,2025-09-22 10:18:02,39.61,81700,39.6,U
sh600584,长电科技,2025-09-22 10:18:05,39.61,28600,39.61,U
sh600584,长电科技,2025-09-22 10:18:08,39.61,56500,39.61,U
sh600584,长电科技,2025-09-22 10:18:11,39.6,48300,39.61,E
sh600584,长电科技,2025-09-22 10:18:14,39.6,56600,39.6,U
sh600584,长电科技,2025-09-22 10:18:17,39.6,46000,39.6,U
sh600584,长电科技,2025-09-22 10:18:20,39.61,85400,39.6,U
sh600584,长电科技,2025-09-22 10:18:23,39.59,115100,39.61,D
sh600584,长电科技,2025-09-22 10:18:26,39.6,31700,39.59,E
sh600584,长电科技,2025-09-22 10:18:29,39.6,35000,39.6,U
sh600584,长电科技,2025-09-22 10:18:32,39.61,74000,39.6,U
sh600584,长电科技,2025-09-22 10:18:35,39.6,22800,39.61,D
sh600584,长电科技,2025-09-22 10:18:38,39.6,35100,39.6,U
sh600584,长电科技,2025-09-22 10:18:41,39.6,36100,39.6,U
sh600584,长电科技,2025-09-22 10:18:44,39.58,25600,39.6,D
sh600584,长电科技,2025-09-22 10:18:47,39.56,115000,39.58,D
sh600584,长电科技,2025-09-22 10:18:50,39.52,24900,39.56,D
sh600584,长电科技,2025-09-22 10:18:53,39.52,13900,39.52,D
sh600584,长电科技,2025-09-22 10:18:56,39.52,15100,39.52,D
sh600584,长电科技,2025-09-22 10:18:59,39.5,43600,39.52,D
sh600584,长电科技,2025-09-22 10:19:02,39.48,12200,39.5,D
sh600584,长电科技,2025-09-22 10:19:05,39.48,7700,39.48,D
sh600584,长电科技,2025-09-22 10:19:08,39.48,9500,39.48,D
sh600584,长电科技,2025-09-22 10:19:11,39.47,12400,39.48,D
sh600584,长电科技,2025-09-22 10:19:14,39.46,29200,39.47,D
sh600584,长电科技,2025-09-22 10:19:17,39.45,9200,39.46,D
sh600584,长电科技,2025-09-22 10:19:20,39.42,51300,39.45,D
sh600584,长电科技,2025-09-22 10:19:23,39.44,9100,39.42,U
sh600584,长电科技,2025-09-22 10:19:26,39.42,46500,39.44,D
sh600584,长电科技,2025-09-22 10:19:29,39.42,17200,39.42,D
sh600584,长电科技,2025-09-22 10:19:32,39.43,13000,39.42,E
sh600584,长电科技,2025-09-22 10:19:35,39.44,14600,39.43,E
sh600584,长电科技,2025-09-22 10:19:38,39.44,5900,39.44,D
sh600584,长电科技,2025-09-22 10:19:41,39.61,419700,39.44,U
sh600584,长电科技,2025-09-22 10:19:44,39.6,6300,39.61,D
sh600584,长电科技,2025-09-22 10:19:47,39.6,13100,39.6,D
sh600584,长电科技,2025-09-22 10:19:50,39.61,33000,39.6,U
sh600584,长电科技,2025-09-22 10:19:53,39.61,33300,39.61,U
sh600584,长电科技,2025-09-22 10:19:56,39.6,27600,39.61,D
sh600584,长电科技,2025-09-22 10:19:59,39.6,36100,39.6,D
sh600584,长电科技,2025-09-22 10:20:02,39.6,28600,39.6,U
sh600584,长电科技,2025-09-22 10:20:05,39.6,51900,39.6,U
sh600584,长电科技,2025-09-22 10:20:08,39.55,16600,39.6,D
sh600584,长电科技,2025-09-22 10:20:11,39.56,31000,39.55,E
sh600584,长电科技,2025-09-22 10:20:14,39.55,18600,39.56,D
sh600584,长电科技,2025-09-22 10:20:17,39.58,31100,39.55,U
sh600584,长电科技,2025-09-22 10:20:20,39.6,13700,39.58,U
sh600584,长电科技,2025-09-22 10:20:23,39.59,15500,39.6,E
sh600584,长电科技,2025-09-22 10:20:26,39.6,32400,39.59,U
sh600584,长电科技,2025-09-22 10:20:29,39.59,14800,39.6,U
sh600584,长电科技,2025-09-22 10:20:32,39.59,24800,39.59,U
sh600584,长电科技,2025-09-22 10:20:35,39.58,19600,39.59,D
sh600584,长电科技,2025-09-22 10:20:38,39.58,44000,39.58,D
sh600584,长电科技,2025-09-22 10:20:41,39.59,30500,39.58,U
sh600584,长电科技,2025-09-22 10:20:44,39.59,21500,39.59,U
sh600584,长电科技,2025-09-22 10:20:47,39.59,7200,39.59,U
sh600584,长电科技,2025-09-22 10:20:50,39.59,21300,39.59,U
sh600584,长电科技,2025-09-22 10:20:53,39.58,9100,39.59,D
sh600584,长电科技,2025-09-22 10:20:56,39.58,37600,39.58,D
sh600584,长电科技,2025-09-22 10:20:59,39.58,43700,39.58,D
sh600584,长电科技,2025-09-22 10:21:02,39.58,7500,39.58,U
sh600584,长电科技,2025-09-22 10:21:05,39.57,9800,39.58,D
sh600584,长电科技,2025-09-22 10:21:08,39.57,8800,39.57,D
sh600584,长电科技,2025-09-22 10:21:11,39.57,19100,39.57,U
sh600584,长电科技,2025-09-22 10:21:14,39.57,11700,39.57,U
sh600584,长电科技,2025-09-22 10:21:17,39.57,14900,39.57,U
sh600584,长电科技,2025-09-22 10:21:20,39.56,16700,39.57,D
sh600584,长电科技,2025-09-22 10:21:23,39.56,45800,39.56,D
sh600584,长电科技,2025-09-22 10:21:26,39.55,16600,39.56,D
sh600584,长电科技,2025-09-22 10:21:29,39.56,13100,39.55,U
sh600584,长电科技,2025-09-22 10:21:32,39.55,19200,39.56,D
sh600584,长电科技,2025-09-22 10:21:35,39.56,10900,39.55,U
sh600584,长电科技,2025-09-22 10:21:38,39.55,23900,39.56,D
sh600584,长电科技,2025-09-22 10:21:41,39.58,52400,39.55,U
sh600584,长电科技,2025-09-22 10:21:44,39.57,22100,39.58,D
sh600584,长电科技,2025-09-22 10:21:47,39.59,12000,39.57,U
sh600584,长电科技,2025-09-22 10:21:50,39.57,20400,39.59,D
sh600584,长电科技,2025-09-22 10:21:53,39.57,27900,39.57,D
sh600584,长电科技,2025-09-22 10:21:56,39.58,13600,39.57,U
sh600584,长电科技,2025-09-22 10:21:59,39.57,15100,39.58,D
sh600584,长电科技,2025-09-22 10:22:02,39.56,8600,39.57,D
sh600584,长电科技,2025-09-22 10:22:05,39.56,8500,39.56,D
sh600584,长电科技,2025-09-22 10:22:08,39.58,15100,39.56,U
sh600584,长电科技,2025-09-22 10:22:11,39.56,17800,39.58,D
sh600584,长电科技,2025-09-22 10:22:14,39.56,9500,39.56,D
sh600584,长电科技,2025-09-22 10:22:17,39.57,19200,39.56,U
sh600584,长电科技,2025-09-22 10:22:20,39.56,13900,39.57,D
sh600584,长电科技,2025-09-22 10:22:23,39.56,23700,39.56,D
sh600584,长电科技,2025-09-22 10:22:26,39.57,29200,39.56,U
sh600584,长电科技,2025-09-22 10:22:29,39.56,8700,39.57,D
sh600584,长电科技,2025-09-22 10:22:32,39.57,30200,39.56,U
sh600584,长电科技,2025-09-22 10:22:35,39.56,37800,39.57,D
sh600584,长电科技,2025-09-22 10:22:38,39.56,5500,39.56,D
sh600584,长电科技,2025-09-22 10:22:44,39.57,23257,39.56,U
sh600584,长电科技,2025-09-22 10:22:47,39.58,28600,39.57,U
sh600584,长电科技,2025-09-22 10:22:50,39.58,23100,39.58,U
sh600584,长电科技,2025-09-22 10:22:53,39.58,29000,39.58,U
sh600584,长电科技,2025-09-22 10:22:56,39.58,14100,39.58,U
sh600584,长电科技,2025-09-22 10:22:59,39.58,84100,39.58,U
sh600584,长电科技,2025-09-22 10:23:02,39.58,21100,39.58,D
sh600584,长电科技,2025-09-22 10:23:05,39.58,21300,39.58,D
sh600584,长电科技,2025-09-22 10:23:08,39.58,24900,39.58,D
sh600584,长电科技,2025-09-22 10:23:11,39.58,23800,39.58,U
sh600584,长电科技,2025-09-22 10:23:14,39.58,6000,39.58,D
sh600584,长电科技,2025-09-22 10:23:17,39.58,15500,39.58,U
sh600584,长电科技,2025-09-22 10:23:20,39.58,15300,39.58,U
sh600584,长电科技,2025-09-22 10:23:23,39.58,55800,39.58,D
sh600584,长电科技,2025-09-22 10:23:26,39.58,48500,39.58,D
sh600584,长电科技,2025-09-22 10:23:29,39.58,8000,39.58,U
sh600584,长电科技,2025-09-22 10:23:32,39.57,19600,39.58,D
sh600584,长电科技,2025-09-22 10:23:35,39.57,11400,39.57,D
sh600584,长电科技,2025-09-22 10:23:38,39.58,16200,39.57,U
sh600584,长电科技,2025-09-22 10:23:41,39.57,23000,39.58,D
sh600584,长电科技,2025-09-22 10:23:44,39.57,15900,39.57,U
sh600584,长电科技,2025-09-22 10:23:47,39.57,17600,39.57,U
sh600584,长电科技,2025-09-22 10:23:50,39.58,12000,39.57,U
sh600584,长电科技,2025-09-22 10:23:53,39.58,7300,39.58,U
sh600584,长电科技,2025-09-22 10:23:56,39.58,9300,39.58,U
sh600584,长电科技,2025-09-22 10:23:59,39.57,13000,39.58,D
sh600584,长电科技,2025-09-22 10:24:02,39.58,71800,39.57,U
sh600584,长电科技,2025-09-22 10:24:05,39.58,87200,39.58,D
sh600584,长电科技,2025-09-22 10:24:08,39.58,24800,39.58,D
sh600584,长电科技,2025-09-22 10:24:11,39.58,10100,39.58,D
sh600584,长电科技,2025-09-22 10:24:14,39.58,17000,39.58,U
sh600584,长电科技,2025-09-22 10:24:20,39.57,51600,39.58,D
sh600584,长电科技,2025-09-22 10:24:23,39.58,38900,39.57,U
sh600584,长电科技,2025-09-22 10:24:26,39.58,6200,39.58,U
sh600584,长电科技,2025-09-22 10:24:29,39.56,18900,39.58,D
sh600584,长电科技,2025-09-22 10:24:32,39.57,11500,39.56,U
sh600584,长电科技,2025-09-22 10:24:35,39.56,13800,39.57,D
sh600584,长电科技,2025-09-22 10:24:38,39.55,15243,39.56,D
sh600584,长电科技,2025-09-22 10:24:41,39.55,8700,39.55,D
sh600584,长电科技,2025-09-22 10:24:47,39.56,19700,39.55,U
sh600584,长电科技,2025-09-22 10:24:50,39.55,39400,39.56,D
sh600584,长电科技,2025-09-22 10:24:53,39.56,27800,39.55,U
sh600584,长电科技,2025-09-22 10:24:56,39.54,7200,39.56,D
sh600584,长电科技,2025-09-22 10:24:59,39.54,7400,39.54,D
sh600584,长电科技,2025-09-22 10:25:02,39.56,23900,39.54,U
sh600584,长电科技,2025-09-22 10:25:05,39.59,126157,39.56,U
sh600584,长电科技,2025-09-22 10:25:08,39.57,43100,39.59,D
sh600584,长电科技,2025-09-22 10:25:11,39.57,9200,39.57,D
sh600584,长电科技,2025-09-22 10:25:14,39.58,15600,39.57,U
sh600584,长电科技,2025-09-22 10:25:17,39.58,11000,39.58,U
sh600584,长电科技,2025-09-22 10:25:20,39.58,146000,39.58,U
sh600584,长电科技,2025-09-22 10:25:23,39.61,192700,39.58,U
sh600584,长电科技,2025-09-22 10:25:26,39.62,91800,39.61,U
sh600584,长电科技,2025-09-22 10:25:29,39.63,54900,39.62,U
sh600584,长电科技,2025-09-22 10:25:32,39.62,13600,39.63,D
sh600584,长电科技,2025-09-22 10:25:35,39.63,77700,39.62,U
sh600584,长电科技,2025-09-22 10:25:38,39.63,68400,39.63,U
sh600584,长电科技,2025-09-22 10:25:41,39.63,25700,39.63,D
sh600584,长电科技,2025-09-22 10:25:44,39.65,16800,39.63,U
sh600584,长电科技,2025-09-22 10:25:47,39.65,24500,39.65,U
sh600584,长电科技,2025-09-22 10:25:50,39.65,39700,39.65,U
sh600584,长电科技,2025-09-22 10:25:53,39.65,30700,39.65,D
sh600584,长电科技,2025-09-22 10:25:56,39.65,55200,39.65,D
sh600584,长电科技,2025-09-22 10:25:59,39.66,39100,39.65,U
sh600584,长电科技,2025-09-22 10:26:02,39.66,15800,39.66,U
sh600584,长电科技,2025-09-22 10:26:05,39.66,39300,39.66,D
sh600584,长电科技,2025-09-22 10:26:08,39.64,41800,39.66,D
sh600584,长电科技,2025-09-22 10:26:11,39.63,58100,39.64,D
sh600584,长电科技,2025-09-22 10:26:14,39.62,29500,39.63,E
sh600584,长电科技,2025-09-22 10:26:17,39.61,6600,39.62,E
sh600584,长电科技,2025-09-22 10:26:20,39.6,30000,39.61,D
sh600584,长电科技,2025-09-22 10:26:26,39.59,11500,39.6,D
sh600584,长电科技,2025-09-22 10:26:29,39.59,12000,39.59,U
sh600584,长电科技,2025-09-22 10:26:32,39.58,8800,39.59,D
sh600584,长电科技,2025-09-22 10:26:35,39.58,25400,39.58,D
sh600584,长电科技,2025-09-22 10:26:38,39.59,20900,39.58,U
sh600584,长电科技,2025-09-22 10:26:44,39.59,32700,39.59,D
sh600584,长电科技,2025-09-22 10:26:47,39.58,14200,39.59,D
sh600584,长电科技,2025-09-22 10:26:50,39.59,14300,39.58,U
sh600584,长电科技,2025-09-22 10:26:53,39.59,20800,39.59,U
sh600584,长电科技,2025-09-22 10:26:56,39.59,11700,39.59,U
sh600584,长电科技,2025-09-22 10:26:59,39.59,9600,39.59,D
sh600584,长电科技,2025-09-22 10:27:02,39.58,25800,39.59,D
sh600584,长电科技,2025-09-22 10:27:08,39.59,43500,39.59,U
sh600584,长电科技,2025-09-22 10:27:11,39.59,12300,39.59,D
sh600584,长电科技,2025-09-22 10:27:14,39.59,16900,39.59,U
sh600584,长电科技,2025-09-22 10:27:17,39.59,27400,39.59,U
sh600584,长电科技,2025-09-22 10:27:20,39.6,19500,39.59,U
sh600584,长电科技,2025-09-22 10:27:23,39.59,7200,39.6,D
sh600584,长电科技,2025-09-22 10:27:26,39.6,19300,39.59,U
sh600584,长电科技,2025-09-22 10:27:29,39.6,6900,39.6,D
sh600584,长电科技,2025-09-22 10:27:32,39.6,9500,39.6,D
sh600584,长电科技,2025-09-22 10:27:35,39.61,16700,39.6,U
sh600584,长电科技,2025-09-22 10:27:38,39.6,11300,39.61,E
sh600584,长电科技,2025-09-22 10:27:41,39.61,10900,39.6,U
sh600584,长电科技,2025-09-22 10:27:44,39.62,25600,39.61,U
sh600584,长电科技,2025-09-22 10:27:47,39.63,17600,39.62,U
sh600584,长电科技,2025-09-22 10:27:50,39.63,22300,39.63,U
sh600584,长电科技,2025-09-22 10:27:53,39.63,5700,39.63,D
sh600584,长电科技,2025-09-22 10:27:56,39.64,17700,39.63,U
sh600584,长电科技,2025-09-22 10:27:59,39.64,9200,39.64,U
sh600584,长电科技,2025-09-22 10:28:02,39.65,33300,39.64,U
sh600584,长电科技,2025-09-22 10:28:05,39.65,9500,39.65,D
sh600584,长电科技,2025-09-22 10:28:08,39.65,18000,39.65,E
sh600584,长电科技,2025-09-22 10:28:11,39.66,31900,39.65,U
sh600584,长电科技,2025-09-22 10:28:14,39.66,21300,39.66,D
sh600584,长电科技,2025-09-22 10:28:17,39.66,58000,39.66,D
sh600584,长电科技,2025-09-22 10:28:20,39.67,22100,39.66,U
sh600584,长电科技,2025-09-22 10:28:23,39.66,16500,39.67,D
sh600584,长电科技,2025-09-22 10:28:26,39.65,14300,39.66,D
sh600584,长电科技,2025-09-22 10:28:29,39.66,123800,39.65,U
sh600584,长电科技,2025-09-22 10:28:32,39.65,19900,39.66,D
sh600584,长电科技,2025-09-22 10:28:35,39.65,11000,39.65,D
sh600584,长电科技,2025-09-22 10:28:38,39.65,30900,39.65,U
sh600584,长电科技,2025-09-22 10:28:41,39.65,31600,39.65,D
sh600584,长电科技,2025-09-22 10:28:44,39.66,23900,39.65,E
sh600584,长电科技,2025-09-22 10:28:47,39.66,11200,39.66,D
sh600584,长电科技,2025-09-22 10:28:50,39.66,18300,39.66,D
sh600584,长电科技,2025-09-22 10:28:53,39.66,28200,39.66,D
sh600584,长电科技,2025-09-22 10:28:56,39.66,28400,39.66,D
sh600584,长电科技,2025-09-22 10:28:59,39.65,13100,39.66,D
sh600584,长电科技,2025-09-22 10:29:02,39.63,108500,39.65,D
sh600584,长电科技,2025-09-22 10:29:05,39.61,32400,39.63,D
sh600584,长电科技,2025-09-22 10:29:08,39.63,13800,39.61,U
sh600584,长电科技,2025-09-22 10:29:11,39.63,17000,39.63,U
sh600584,长电科技,2025-09-22 10:29:14,39.63,7300,39.63,U
sh600584,长电科技,2025-09-22 10:29:17,39.63,11200,39.63,U
sh600584,长电科技,2025-09-22 10:29:20,39.63,20000,39.63,U
sh600584,长电科技,2025-09-22 10:29:23,39.62,11800,39.63,D
sh600584,长电科技,2025-09-22 10:29:26,39.62,11800,39.62,U
sh600584,长电科技,2025-09-22 10:29:29,39.6,19000,39.62,D
sh600584,长电科技,2025-09-22 10:29:32,39.6,22000,39.6,D
sh600584,长电科技,2025-09-22 10:29:38,39.62,58200,39.6,U
sh600584,长电科技,2025-09-22 10:29:41,39.6,7800,39.62,D
sh600584,长电科技,2025-09-22 10:29:44,39.6,9600,39.6,D
sh600584,长电科技,2025-09-22 10:29:47,39.6,11400,39.6,D
sh600584,长电科技,2025-09-22 10:29:50,39.59,6200,39.6,D
sh600584,长电科技,2025-09-22 10:29:53,39.59,20900,39.59,U
sh600584,长电科技,2025-09-22 10:29:56,39.58,8800,39.59,D
sh600584,长电科技,2025-09-22 10:29:59,39.58,22700,39.58,D
sh600584,长电科技,2025-09-22 10:30:02,39.55,34300,39.58,D
sh600584,长电科技,2025-09-22 10:30:05,39.52,56400,39.55,D
sh600584,长电科技,2025-09-22 10:30:08,39.54,5500,39.52,E
sh600584,长电科技,2025-09-22 10:30:14,39.5,48600,39.52,D
sh600584,长电科技,2025-09-22 10:30:17,39.51,39600,39.5,U
sh600584,长电科技,2025-09-22 10:30:20,39.5,6100,39.51,D
sh600584,长电科技,2025-09-22 10:30:23,39.51,11500,39.5,U
sh600584,长电科技,2025-09-22 10:30:26,39.5,46000,39.51,D
sh600584,长电科技,2025-09-22 10:30:29,39.5,14400,39.5,U
sh600584,长电科技,2025-09-22 10:30:32,39.5,17600,39.5,U
sh600584,长电科技,2025-09-22 10:30:35,39.51,20600,39.5,U
sh600584,长电科技,2025-09-22 10:30:38,39.51,6000,39.51,U
sh600584,长电科技,2025-09-22 10:30:41,39.5,24500,39.51,D
sh600584,长电科技,2025-09-22 10:30:44,39.51,9500,39.5,U
sh600584,长电科技,2025-09-22 10:30:47,39.51,20800,39.51,U
sh600584,长电科技,2025-09-22 10:30:50,39.5,18400,39.51,E
sh600584,长电科技,2025-09-22 10:30:53,39.49,18800,39.5,D
sh600584,长电科技,2025-09-22 10:30:56,39.5,10900,39.49,U
sh600584,长电科技,2025-09-22 10:30:59,39.49,28400,39.5,D
sh600584,长电科技,2025-09-22 10:31:02,39.49,19300,39.49,D
sh600584,长电科技,2025-09-22 10:31:05,39.48,46600,39.49,D
sh600584,长电科技,2025-09-22 10:31:08,39.54,110300,39.48,U
sh600584,长电科技,2025-09-22 10:31:11,39.57,22200,39.54,U
sh600584,长电科技,2025-09-22 10:31:14,39.57,10000,39.57,D
sh600584,长电科技,2025-09-22 10:31:17,39.58,29200,39.57,U
sh600584,长电科技,2025-09-22 10:31:20,39.59,14000,39.58,U
sh600584,长电科技,2025-09-22 10:31:32,39.59,10900,39.59,D
sh600584,长电科技,2025-09-22 10:31:35,39.59,15200,39.59,D
sh600584,长电科技,2025-09-22 10:31:41,39.58,16100,39.59,D
sh600584,长电科技,2025-09-22 10:31:44,39.6,21900,39.58,U
sh600584,长电科技,2025-09-22 10:31:47,39.58,5300,39.6,D
sh600584,长电科技,2025-09-22 10:31:50,39.6,8200,39.58,U
sh600584,长电科技,2025-09-22 10:31:53,39.59,8900,39.6,D
sh600584,长电科技,2025-09-22 10:31:56,39.59,7800,39.59,D
sh600584,长电科技,2025-09-22 10:31:59,39.59,8200,39.59,D
sh600584,长电科技,2025-09-22 10:32:02,39.59,18000,39.59,U
sh600584,长电科技,2025-09-22 10:32:05,39.58,10100,39.59,D
sh600584,长电科技,2025-09-22 10:32:08,39.58,36900,39.58,D
sh600584,长电科技,2025-09-22 10:32:11,39.56,13400,39.58,D
sh600584,长电科技,2025-09-22 10:32:20,39.53,16800,39.55,D
sh600584,长电科技,2025-09-22 10:32:23,39.52,9000,39.53,D
sh600584,长电科技,2025-09-22 10:32:26,39.53,5600,39.52,U
sh600584,长电科技,2025-09-22 10:32:29,39.51,14200,39.53,D
sh600584,长电科技,2025-09-22 10:32:35,39.52,7800,39.51,E
sh600584,长电科技,2025-09-22 10:32:41,39.52,23000,39.51,U
sh600584,长电科技,2025-09-22 10:32:44,39.51,17200,39.52,E
sh600584,长电科技,2025-09-22 10:32:47,39.51,18600,39.51,D
sh600584,长电科技,2025-09-22 10:32:50,39.51,19200,39.51,U
sh600584,长电科技,2025-09-22 10:32:53,39.5,18000,39.51,D
sh600584,长电科技,2025-09-22 10:32:56,39.5,12500,39.5,D
sh600584,长电科技,2025-09-22 10:32:59,39.5,16300,39.5,D
sh600584,长电科技,2025-09-22 10:33:02,39.5,17300,39.5,U
sh600584,长电科技,2025-09-22 10:33:05,39.5,11100,39.5,D
sh600584,长电科技,2025-09-22 10:33:08,39.51,7300,39.5,U
sh600584,长电科技,2025-09-22 10:33:11,39.51,34700,39.51,U
sh600584,长电科技,2025-09-22 10:33:17,39.51,17500,39.52,D
sh600584,长电科技,2025-09-22 10:33:20,39.53,7600,39.51,U
sh600584,长电科技,2025-09-22 10:33:23,39.52,6500,39.53,D
sh600584,长电科技,2025-09-22 10:33:29,39.52,6800,39.52,D
sh600584,长电科技,2025-09-22 10:33:32,39.53,12400,39.52,U
sh600584,长电科技,2025-09-22 10:33:38,39.52,19700,39.52,U
sh600584,长电科技,2025-09-22 10:33:41,39.52,6400,39.52,D
sh600584,长电科技,2025-09-22 10:33:44,39.53,12600,39.52,U
sh600584,长电科技,2025-09-22 10:33:47,39.53,8900,39.53,D
sh600584,长电科技,2025-09-22 10:33:56,39.52,7800,39.53,D
sh600584,长电科技,2025-09-22 10:33:59,39.52,5100,39.52,E
sh600584,长电科技,2025-09-22 10:34:02,39.52,10600,39.52,D
sh600584,长电科技,2025-09-22 10:34:05,39.52,6134,39.52,U
sh600584,长电科技,2025-09-22 10:34:08,39.52,8500,39.52,U
sh600584,长电科技,2025-09-22 10:34:11,39.51,15800,39.52,D
sh600584,长电科技,2025-09-22 10:34:14,39.5,28366,39.51,D
sh600584,长电科技,2025-09-22 10:34:17,39.49,39700,39.5,D
sh600584,长电科技,2025-09-22 10:34:20,39.48,18400,39.49,D
sh600584,长电科技,2025-09-22 10:34:26,39.48,12700,39.47,U
sh600584,长电科技,2025-09-22 10:34:29,39.5,14400,39.48,E
sh600584,长电科技,2025-09-22 10:34:32,39.48,5100,39.5,D
sh600584,长电科技,2025-09-22 10:34:35,39.49,7500,39.48,U
sh600584,长电科技,2025-09-22 10:34:38,39.47,7100,39.49,D
sh600584,长电科技,2025-09-22 10:34:41,39.47,7600,39.47,D
sh600584,长电科技,2025-09-22 10:34:47,39.46,10600,39.47,D
sh600584,长电科技,2025-09-22 10:34:50,39.47,10900,39.46,U
sh600584,长电科技,2025-09-22 10:34:53,39.48,28800,39.47,U
sh600584,长电科技,2025-09-22 10:34:56,39.47,16300,39.48,D
sh600584,长电科技,2025-09-22 10:35:02,39.47,18500,39.46,U
sh600584,长电科技,2025-09-22 10:35:08,39.47,51400,39.46,U
sh600584,长电科技,2025-09-22 10:35:11,39.47,24700,39.47,E
sh600584,长电科技,2025-09-22 10:35:14,39.47,12200,39.47,D
sh600584,长电科技,2025-09-22 10:35:17,39.47,8200,39.47,E
sh600584,长电科技,2025-09-22 10:35:20,39.47,15700,39.47,U
sh600584,长电科技,2025-09-22 10:35:23,39.47,10000,39.47,U
sh600584,长电科技,2025-09-22 10:35:26,39.47,14500,39.47,U
sh600584,长电科技,2025-09-22 10:35:29,39.46,6500,39.47,E
sh600584,长电科技,2025-09-22 10:35:32,39.47,7200,39.46,D
sh600584,长电科技,2025-09-22 10:35:35,39.47,11000,39.47,U
sh600584,长电科技,2025-09-22 10:35:38,39.47,8000,39.47,U
sh600584,长电科技,2025-09-22 10:35:41,39.48,25700,39.47,U
sh600584,长电科技,2025-09-22 10:35:44,39.49,16400,39.48,U
sh600584,长电科技,2025-09-22 10:35:47,39.5,55000,39.49,U
sh600584,长电科技,2025-09-22 10:35:50,39.53,31434,39.5,U
sh600584,长电科技,2025-09-22 10:35:53,39.53,5900,39.53,U
sh600584,长电科技,2025-09-22 10:35:56,39.54,20400,39.53,U
sh600584,长电科技,2025-09-22 10:35:59,39.56,30400,39.54,U
sh600584,长电科技,2025-09-22 10:36:05,39.56,14200,39.55,U
sh600584,长电科技,2025-09-22 10:36:08,39.56,7500,39.56,D
sh600584,长电科技,2025-09-22 10:36:14,39.56,6700,39.58,D
sh600584,长电科技,2025-09-22 10:36:17,39.55,9300,39.56,D
sh600584,长电科技,2025-09-22 10:36:20,39.58,22400,39.55,U
sh600584,长电科技,2025-09-22 10:36:23,39.57,15800,39.58,U
sh600584,长电科技,2025-09-22 10:36:29,39.56,17000,39.56,D
sh600584,长电科技,2025-09-22 10:36:32,39.57,11600,39.56,U
sh600584,长电科技,2025-09-22 10:36:35,39.56,12900,39.57,D
sh600584,长电科技,2025-09-22 10:36:38,39.58,13500,39.56,U
sh600584,长电科技,2025-09-22 10:36:41,39.57,10100,39.58,D
sh600584,长电科技,2025-09-22 10:36:44,39.57,8100,39.57,D
sh600584,长电科技,2025-09-22 10:36:50,39.57,5200,39.56,U
sh600584,长电科技,2025-09-22 10:36:53,39.56,33600,39.57,D
sh600584,长电科技,2025-09-22 10:36:56,39.58,9300,39.56,U
sh600584,长电科技,2025-09-22 10:36:59,39.57,10500,39.58,D
sh600584,长电科技,2025-09-22 10:37:05,39.56,5500,39.57,D
sh600584,长电科技,2025-09-22 10:37:08,39.55,25400,39.56,D
sh600584,长电科技,2025-09-22 10:37:11,39.56,6700,39.55,U
sh600584,长电科技,2025-09-22 10:37:17,39.56,19000,39.55,U
sh600584,长电科技,2025-09-22 10:37:20,39.55,18800,39.56,D
sh600584,长电科技,2025-09-22 10:37:23,39.56,26100,39.55,U
sh600584,长电科技,2025-09-22 10:37:26,39.56,9100,39.56,D
sh600584,长电科技,2025-09-22 10:37:29,39.56,11600,39.56,D
sh600584,长电科技,2025-09-22 10:37:32,39.56,18100,39.56,D
sh600584,长电科技,2025-09-22 10:37:38,39.56,18500,39.56,U
sh600584,长电科技,2025-09-22 10:37:41,39.55,15400,39.56,D
sh600584,长电科技,2025-09-22 10:37:44,39.56,11400,39.55,U
sh600584,长电科技,2025-09-22 10:37:56,39.57,23500,39.56,U
sh600584,长电科技,2025-09-22 10:37:59,39.57,13000,39.57,D
sh600584,长电科技,2025-09-22 10:38:05,39.55,16700,39.57,D
sh600584,长电科技,2025-09-22 10:38:11,39.57,8000,39.57,D
sh600584,长电科技,2025-09-22 10:38:14,39.56,10700,39.57,D
sh600584,长电科技,2025-09-22 10:38:23,39.55,6100,39.55,D
sh600584,长电科技,2025-09-22 10:38:26,39.55,5800,39.55,D
sh600584,长电科技,2025-09-22 10:38:32,39.56,22200,39.55,U
sh600584,长电科技,2025-09-22 10:38:35,39.57,22400,39.56,U
sh600584,长电科技,2025-09-22 10:38:38,39.57,13400,39.57,U
sh600584,长电科技,2025-09-22 10:38:41,39.56,8600,39.57,D
sh600584,长电科技,2025-09-22 10:38:44,39.57,8800,39.56,U
sh600584,长电科技,2025-09-22 10:38:50,39.56,15600,39.56,U
sh600584,长电科技,2025-09-22 10:38:53,39.55,7400,39.56,D
sh600584,长电科技,2025-09-22 10:38:56,39.55,5200,39.55,D
sh600584,长电科技,2025-09-22 10:38:59,39.56,6400,39.55,U
sh600584,长电科技,2025-09-22 10:39:08,39.56,21300,39.56,U
sh600584,长电科技,2025-09-22 10:39:11,39.56,9300,39.56,U
sh600584,长电科技,2025-09-22 10:39:17,39.55,5200,39.56,E
sh600584,长电科技,2025-09-22 10:39:20,39.57,13100,39.55,U
sh600584,长电科技,2025-09-22 10:39:23,39.57,12500,39.57,U
sh600584,长电科技,2025-09-22 10:39:29,39.56,9100,39.56,U
sh600584,长电科技,2025-09-22 10:39:35,39.56,76900,39.55,U
sh600584,长电科技,2025-09-22 10:39:38,39.56,8600,39.56,U
sh600584,长电科技,2025-09-22 10:39:44,39.56,13400,39.56,D
sh600584,长电科技,2025-09-22 10:39:50,39.52,55500,39.56,D
sh600584,长电科技,2025-09-22 10:39:53,39.52,10000,39.52,U
sh600584,长电科技,2025-09-22 10:39:56,39.52,12400,39.52,U
sh600584,长电科技,2025-09-22 10:40:02,39.52,8600,39.52,U
sh600584,长电科技,2025-09-22 10:40:05,39.51,13700,39.52,D
sh600584,长电科技,2025-09-22 10:40:17,39.51,10300,39.5,U
sh600584,长电科技,2025-09-22 10:40:20,39.5,11000,39.51,D
sh600584,长电科技,2025-09-22 10:40:26,39.5,11000,39.5,D
sh600584,长电科技,2025-09-22 10:40:32,39.5,16800,39.5,D
sh600584,长电科技,2025-09-22 10:40:35,39.5,5400,39.5,D
sh600584,长电科技,2025-09-22 10:40:38,39.5,5100,39.5,D
sh600584,长电科技,2025-09-22 10:40:41,39.5,7600,39.5,D
sh600584,长电科技,2025-09-22 10:40:44,39.5,10600,39.5,D
sh600584,长电科技,2025-09-22 10:40:50,39.49,6300,39.5,D
sh600584,长电科技,2025-09-22 10:40:53,39.49,5100,39.49,D
sh600584,长电科技,2025-09-22 10:40:59,39.49,9700,39.49,U
sh600584,长电科技,2025-09-22 10:41:05,39.49,9200,39.49,D
sh600584,长电科技,2025-09-22 10:41:11,39.49,11600,39.49,U
sh600584,长电科技,2025-09-22 10:41:17,39.49,10700,39.49,D
sh600584,长电科技,2025-09-22 10:41:23,39.49,11800,39.49,D
sh600584,长电科技,2025-09-22 10:41:26,39.48,15700,39.49,D
sh600584,长电科技,2025-09-22 10:41:29,39.48,11900,39.48,D
sh600584,长电科技,2025-09-22 10:41:32,39.48,9600,39.48,D
sh600584,长电科技,2025-09-22 10:41:35,39.48,11600,39.48,D
sh600584,长电科技,2025-09-22 10:41:38,39.47,16200,39.48,D
sh600584,长电科技,2025-09-22 10:41:44,39.47,31100,39.48,D
sh600584,长电科技,2025-09-22 10:41:47,39.47,12600,39.47,U
sh600584,长电科技,2025-09-22 10:41:50,39.46,6400,39.47,D
sh600584,长电科技,2025-09-22 10:41:56,39.46,48900,39.47,D
sh600584,长电科技,2025-09-22 10:41:59,39.48,29900,39.46,U
sh600584,长电科技,2025-09-22 10:42:02,39.46,22600,39.48,D
sh600584,长电科技,2025-09-22 10:42:08,39.46,13100,39.46,D
sh600584,长电科技,2025-09-22 10:42:11,39.46,7300,39.46,D
sh600584,长电科技,2025-09-22 10:42:14,39.46,18300,39.46,D
sh600584,长电科技,2025-09-22 10:42:20,39.45,30100,39.46,D
sh600584,长电科技,2025-09-22 10:42:23,39.45,17300,39.45,D
sh600584,长电科技,2025-09-22 10:42:26,39.45,7500,39.45,D
sh600584,长电科技,2025-09-22 10:42:29,39.45,15900,39.45,D
sh600584,长电科技,2025-09-22 10:42:32,39.45,13600,39.45,D
sh600584,长电科技,2025-09-22 10:42:35,39.44,8000,39.45,D
sh600584,长电科技,2025-09-22 10:42:44,39.43,6400,39.44,D
sh600584,长电科技,2025-09-22 10:42:47,39.43,12000,39.43,D
sh600584,长电科技,2025-09-22 10:42:50,39.43,9800,39.43,D
sh600584,长电科技,2025-09-22 10:42:53,39.41,34300,39.43,D
sh600584,长电科技,2025-09-22 10:42:56,39.4,38100,39.41,D
sh600584,长电科技,2025-09-22 10:42:59,39.4,8900,39.4,D
sh600584,长电科技,2025-09-22 10:43:02,39.38,16100,39.4,D
sh600584,长电科技,2025-09-22 10:43:05,39.38,5900,39.38,D
sh600584,长电科技,2025-09-22 10:43:08,39.38,20400,39.38,D
sh600584,长电科技,2025-09-22 10:43:11,39.38,10000,39.38,D
sh600584,长电科技,2025-09-22 10:43:14,39.38,8200,39.38,U
sh600584,长电科技,2025-09-22 10:43:17,39.39,30100,39.38,U
sh600584,长电科技,2025-09-22 10:43:20,39.41,65000,39.39,U
sh600584,长电科技,2025-09-22 10:43:23,39.4,19800,39.41,D
sh600584,长电科技,2025-09-22 10:43:26,39.4,16600,39.4,D
sh600584,长电科技,2025-09-22 10:43:29,39.4,11100,39.4,U
sh600584,长电科技,2025-09-22 10:43:32,39.4,11900,39.4,D
sh600584,长电科技,2025-09-22 10:43:35,39.4,30500,39.4,D
sh600584,长电科技,2025-09-22 10:43:38,39.4,5200,39.4,U
sh600584,长电科技,2025-09-22 10:43:41,39.4,11200,39.4,U
sh600584,长电科技,2025-09-22 10:43:47,39.4,8600,39.4,U
sh600584,长电科技,2025-09-22 10:43:50,39.39,26000,39.4,D
sh600584,长电科技,2025-09-22 10:43:53,39.4,13700,39.39,U
sh600584,长电科技,2025-09-22 10:43:56,39.4,23400,39.4,U
sh600584,长电科技,2025-09-22 10:43:59,39.4,6200,39.4,D
sh600584,长电科技,2025-09-22 10:44:02,39.42,20700,39.4,U
sh600584,长电科技,2025-09-22 10:44:05,39.43,41900,39.42,U
sh600584,长电科技,2025-09-22 10:44:11,39.42,8700,39.44,D
sh600584,长电科技,2025-09-22 10:44:14,39.42,62000,39.42,U
sh600584,长电科技,2025-09-22 10:44:17,39.42,6300,39.42,D
sh600584,长电科技,2025-09-22 10:44:20,39.42,36600,39.42,D
sh600584,长电科技,2025-09-22 10:44:23,39.41,33000,39.42,D
sh600584,长电科技,2025-09-22 10:44:29,39.41,38600,39.41,U
sh600584,长电科技,2025-09-22 10:44:32,39.42,17600,39.41,D
sh600584,长电科技,2025-09-22 10:44:35,39.42,13200,39.42,U
sh600584,长电科技,2025-09-22 10:44:41,39.42,12100,39.42,D
sh600584,长电科技,2025-09-22 10:44:44,39.42,18100,39.42,D
sh600584,长电科技,2025-09-22 10:44:47,39.42,8200,39.42,D
sh600584,长电科技,2025-09-22 10:44:50,39.42,14200,39.42,U
sh600584,长电科技,2025-09-22 10:44:53,39.45,50900,39.42,U
sh600584,长电科技,2025-09-22 10:44:56,39.45,6100,39.45,D
sh600584,长电科技,2025-09-22 10:44:59,39.46,8500,39.45,U
sh600584,长电科技,2025-09-22 10:45:02,39.45,8500,39.46,D
sh600584,长电科技,2025-09-22 10:45:05,39.45,5800,39.45,D
sh600584,长电科技,2025-09-22 10:45:11,39.47,6000,39.47,U
sh600584,长电科技,2025-09-22 10:45:20,39.48,13800,39.48,U
sh600584,长电科技,2025-09-22 10:45:23,39.47,12800,39.48,D
sh600584,长电科技,2025-09-22 10:45:26,39.47,14000,39.47,D
sh600584,长电科技,2025-09-22 10:45:32,39.48,7100,39.47,U
sh600584,长电科技,2025-09-22 10:45:35,39.47,36000,39.48,D
sh600584,长电科技,2025-09-22 10:45:41,39.47,5600,39.48,D
sh600584,长电科技,2025-09-22 10:45:47,39.5,87000,39.47,U
sh600584,长电科技,2025-09-22 10:45:50,39.51,9800,39.5,U
sh600584,长电科技,2025-09-22 10:45:53,39.51,7700,39.51,U
sh600584,长电科技,2025-09-22 10:45:59,39.51,11800,39.51,D
sh600584,长电科技,2025-09-22 10:46:02,39.51,9000,39.51,D
sh600584,长电科技,2025-09-22 10:46:08,39.52,8000,39.52,U
sh600584,长电科技,2025-09-22 10:46:17,39.51,8700,39.51,D
sh600584,长电科技,2025-09-22 10:46:26,39.52,14800,39.51,U
sh600584,长电科技,2025-09-22 10:46:29,39.54,19100,39.52,U
sh600584,长电科技,2025-09-22 10:46:32,39.54,23300,39.54,U
sh600584,长电科技,2025-09-22 10:46:35,39.53,25800,39.54,D
sh600584,长电科技,2025-09-22 10:46:38,39.55,12300,39.53,U
sh600584,长电科技,2025-09-22 10:46:41,39.55,24100,39.55,U
sh600584,长电科技,2025-09-22 10:46:44,39.55,17700,39.55,U
sh600584,长电科技,2025-09-22 10:46:47,39.57,41600,39.55,U
sh600584,长电科技,2025-09-22 10:46:53,39.57,7700,39.55,U
sh600584,长电科技,2025-09-22 10:46:56,39.56,9200,39.57,D
sh600584,长电科技,2025-09-22 10:47:02,39.55,16200,39.57,D
sh600584,长电科技,2025-09-22 10:47:05,39.55,9900,39.55,D
sh600584,长电科技,2025-09-22 10:47:11,39.55,34000,39.56,D
sh600584,长电科技,2025-09-22 10:47:14,39.55,18600,39.55,U
sh600584,长电科技,2025-09-22 10:47:17,39.54,9500,39.55,D
sh600584,长电科技,2025-09-22 10:47:23,39.54,11400,39.54,U
sh600584,长电科技,2025-09-22 10:47:26,39.53,22900,39.54,E
sh600584,长电科技,2025-09-22 10:47:29,39.52,36100,39.53,D
sh600584,长电科技,2025-09-22 10:47:35,39.51,5800,39.52,D
sh600584,长电科技,2025-09-22 10:47:38,39.5,11100,39.51,D
sh600584,长电科技,2025-09-22 10:47:41,39.51,19000,39.5,U
sh600584,长电科技,2025-09-22 10:47:44,39.48,21100,39.51,D
sh600584,长电科技,2025-09-22 10:47:47,39.5,13100,39.48,U
sh600584,长电科技,2025-09-22 10:47:56,39.48,6400,39.48,D
sh600584,长电科技,2025-09-22 10:48:02,39.47,12400,39.48,D
sh600584,长电科技,2025-09-22 10:48:05,39.47,12000,39.47,U
sh600584,长电科技,2025-09-22 10:48:08,39.47,16300,39.47,D
sh600584,长电科技,2025-09-22 10:48:11,39.47,8800,39.47,D
sh600584,长电科技,2025-09-22 10:48:17,39.47,8300,39.47,U
sh600584,长电科技,2025-09-22 10:48:20,39.46,17400,39.47,D
sh600584,长电科技,2025-09-22 10:48:26,39.46,9700,39.46,D
sh600584,长电科技,2025-09-22 10:48:38,39.45,27300,39.45,U
sh600584,长电科技,2025-09-22 10:48:41,39.44,6200,39.45,D
sh600584,长电科技,2025-09-22 10:48:47,39.44,7000,39.44,D
sh600584,长电科技,2025-09-22 10:48:59,39.43,33400,39.45,D
sh600584,长电科技,2025-09-22 10:49:14,39.45,10600,39.46,D
sh600584,长电科技,2025-09-22 10:49:17,39.46,14400,39.45,U
sh600584,长电科技,2025-09-22 10:49:26,39.46,9600,39.47,D
sh600584,长电科技,2025-09-22 10:49:29,39.46,7600,39.46,D
sh600584,长电科技,2025-09-22 10:49:32,39.48,15600,39.46,U
sh600584,长电科技,2025-09-22 10:49:38,39.48,9000,39.48,U
sh600584,长电科技,2025-09-22 10:49:41,39.48,8900,39.48,U
sh600584,长电科技,2025-09-22 10:49:44,39.49,15700,39.48,U
sh600584,长电科技,2025-09-22 10:49:50,39.49,27200,39.48,U
sh600584,长电科技,2025-09-22 10:49:59,39.5,23100,39.5,U
sh600584,长电科技,2025-09-22 10:50:02,39.5,8700,39.5,U
sh600584,长电科技,2025-09-22 10:50:05,39.5,6800,39.5,U
sh600584,长电科技,2025-09-22 10:50:11,39.5,5800,39.5,D
sh600584,长电科技,2025-09-22 10:50:14,39.49,9300,39.5,D
sh600584,长电科技,2025-09-22 10:50:23,39.5,14200,39.5,D
sh600584,长电科技,2025-09-22 10:50:26,39.49,11900,39.5,D
sh600584,长电科技,2025-09-22 10:50:29,39.5,8400,39.49,U
sh600584,长电科技,2025-09-22 10:50:32,39.5,5600,39.5,U
sh600584,长电科技,2025-09-22 10:50:38,39.49,5100,39.5,D
sh600584,长电科技,2025-09-22 10:50:41,39.5,10800,39.49,U
sh600584,长电科技,2025-09-22 10:50:47,39.49,6400,39.49,E
sh600584,长电科技,2025-09-22 10:51:05,39.49,7700,39.5,D
sh600584,长电科技,2025-09-22 10:51:17,39.5,5300,39.49,U
sh600584,长电科技,2025-09-22 10:51:20,39.49,5900,39.5,D
sh600584,长电科技,2025-09-22 10:51:23,39.49,5300,39.49,D
sh600584,长电科技,2025-09-22 10:51:26,39.49,6600,39.49,D
sh600584,长电科技,2025-09-22 10:51:29,39.49,11100,39.49,D
sh600584,长电科技,2025-09-22 10:51:35,39.49,6700,39.5,D
sh600584,长电科技,2025-09-22 10:51:38,39.49,7300,39.49,D
sh600584,长电科技,2025-09-22 10:51:44,39.48,19900,39.49,D
sh600584,长电科技,2025-09-22 10:51:50,39.5,32800,39.49,U
sh600584,长电科技,2025-09-22 10:51:53,39.5,27400,39.5,U
sh600584,长电科技,2025-09-22 10:51:56,39.49,56200,39.5,D
sh600584,长电科技,2025-09-22 10:51:59,39.49,8700,39.49,D
sh600584,长电科技,2025-09-22 10:52:05,39.49,18100,39.49,D
sh600584,长电科技,2025-09-22 10:52:11,39.5,14300,39.49,U
sh600584,长电科技,2025-09-22 10:52:17,39.5,10400,39.5,U
sh600584,长电科技,2025-09-22 10:52:23,39.5,17400,39.49,U
sh600584,长电科技,2025-09-22 10:52:35,39.5,26300,39.49,U
sh600584,长电科技,2025-09-22 10:52:38,39.51,32000,39.5,U
sh600584,长电科技,2025-09-22 10:52:41,39.52,19400,39.51,U
sh600584,长电科技,2025-09-22 10:52:44,39.5,9400,39.52,D
sh600584,长电科技,2025-09-22 10:52:47,39.51,16500,39.5,U
sh600584,长电科技,2025-09-22 10:53:05,39.51,11100,39.51,D
sh600584,长电科技,2025-09-22 10:53:08,39.51,13600,39.51,D
sh600584,长电科技,2025-09-22 10:53:11,39.52,5700,39.51,U
sh600584,长电科技,2025-09-22 10:53:14,39.52,7300,39.52,D
sh600584,长电科技,2025-09-22 10:53:17,39.53,5400,39.52,U
sh600584,长电科技,2025-09-22 10:53:26,39.53,10800,39.53,D
sh600584,长电科技,2025-09-22 10:53:29,39.52,6500,39.53,D
sh600584,长电科技,2025-09-22 10:53:32,39.54,10200,39.52,U
sh600584,长电科技,2025-09-22 10:53:41,39.54,7200,39.54,U
sh600584,长电科技,2025-09-22 10:53:44,39.54,9700,39.54,D
sh600584,长电科技,2025-09-22 10:53:50,39.54,5300,39.54,D
sh600584,长电科技,2025-09-22 10:53:56,39.54,16200,39.54,D
sh600584,长电科技,2025-09-22 10:54:05,39.54,14900,39.54,U
sh600584,长电科技,2025-09-22 10:54:08,39.54,9500,39.54,U
sh600584,长电科技,2025-09-22 10:54:11,39.54,11700,39.54,U
sh600584,长电科技,2025-09-22 10:54:17,39.54,11000,39.54,D
sh600584,长电科技,2025-09-22 10:54:23,39.55,7300,39.55,U
sh600584,长电科技,2025-09-22 10:54:26,39.55,14200,39.55,U
sh600584,长电科技,2025-09-22 10:54:29,39.55,11600,39.55,U
sh600584,长电科技,2025-09-22 10:54:32,39.55,30800,39.55,U
sh600584,长电科技,2025-09-22 10:54:35,39.55,21900,39.55,U
sh600584,长电科技,2025-09-22 10:54:38,39.55,8600,39.55,U
sh600584,长电科技,2025-09-22 10:54:44,39.55,19100,39.55,U
sh600584,长电科技,2025-09-22 10:54:47,39.55,11800,39.55,U
sh600584,长电科技,2025-09-22 10:54:50,39.55,5700,39.55,D
sh600584,长电科技,2025-09-22 10:54:53,39.55,6800,39.55,D
sh600584,长电科技,2025-09-22 10:54:56,39.55,10400,39.55,D
sh600584,长电科技,2025-09-22 10:54:59,39.55,31300,39.55,D
sh600584,长电科技,2025-09-22 10:55:08,39.57,7000,39.56,U
sh600584,长电科技,2025-09-22 10:55:11,39.57,17500,39.57,U
sh600584,长电科技,2025-09-22 10:55:14,39.56,6300,39.57,D
sh600584,长电科技,2025-09-22 10:55:17,39.57,28200,39.56,U
sh600584,长电科技,2025-09-22 10:55:20,39.57,12900,39.57,D
sh600584,长电科技,2025-09-22 10:55:26,39.57,6500,39.58,D
sh600584,长电科技,2025-09-22 10:55:29,39.57,11700,39.57,D
sh600584,长电科技,2025-09-22 10:55:32,39.57,7700,39.57,U
sh600584,长电科技,2025-09-22 10:55:35,39.57,10900,39.57,U
sh600584,长电科技,2025-09-22 10:55:38,39.57,23300,39.57,U
sh600584,长电科技,2025-09-22 10:55:44,39.57,10000,39.57,D
sh600584,长电科技,2025-09-22 10:55:53,39.57,10500,39.58,D
sh600584,长电科技,2025-09-22 10:55:56,39.58,13800,39.57,U
sh600584,长电科技,2025-09-22 10:56:02,39.56,29900,39.57,D
sh600584,长电科技,2025-09-22 10:56:05,39.56,9600,39.56,D
sh600584,长电科技,2025-09-22 10:56:08,39.57,10400,39.56,U
sh600584,长电科技,2025-09-22 10:56:11,39.57,7600,39.57,U
sh600584,长电科技,2025-09-22 10:56:17,39.57,18400,39.57,D
sh600584,长电科技,2025-09-22 10:56:20,39.56,16900,39.57,D
sh600584,长电科技,2025-09-22 10:56:32,39.56,8800,39.56,D
sh600584,长电科技,2025-09-22 10:56:35,39.56,7700,39.56,D
sh600584,长电科技,2025-09-22 10:56:38,39.56,5700,39.56,D
sh600584,长电科技,2025-09-22 10:56:53,39.55,12100,39.55,D
sh600584,长电科技,2025-09-22 10:56:56,39.55,6900,39.55,D
sh600584,长电科技,2025-09-22 10:57:02,39.55,7000,39.55,U
sh600584,长电科技,2025-09-22 10:57:05,39.54,90600,39.55,D
sh600584,长电科技,2025-09-22 10:57:08,39.53,10600,39.54,D
sh600584,长电科技,2025-09-22 10:57:38,39.51,9600,39.51,D
sh600584,长电科技,2025-09-22 10:57:41,39.51,10900,39.51,U
sh600584,长电科技,2025-09-22 10:57:44,39.5,5900,39.51,D
sh600584,长电科技,2025-09-22 10:57:50,39.51,35600,39.5,U
sh600584,长电科技,2025-09-22 10:58:02,39.5,7500,39.5,D
sh600584,长电科技,2025-09-22 10:58:05,39.5,13400,39.5,D
sh600584,长电科技,2025-09-22 10:58:08,39.5,5600,39.5,D
sh600584,长电科技,2025-09-22 10:58:11,39.5,53800,39.5,D
sh600584,长电科技,2025-09-22 10:58:14,39.51,10600,39.5,U
sh600584,长电科技,2025-09-22 10:58:20,39.51,11200,39.51,D
sh600584,长电科技,2025-09-22 10:58:23,39.51,9400,39.51,D
sh600584,长电科技,2025-09-22 10:58:29,39.5,13800,39.51,D
sh600584,长电科技,2025-09-22 10:58:32,39.51,5100,39.5,E
sh600584,长电科技,2025-09-22 10:58:35,39.52,20700,39.51,U
sh600584,长电科技,2025-09-22 10:58:41,39.51,18700,39.52,D
sh600584,长电科技,2025-09-22 10:58:44,39.52,8500,39.51,U
sh600584,长电科技,2025-09-22 10:58:47,39.51,5600,39.52,D
sh600584,长电科技,2025-09-22 10:58:56,39.51,13100,39.5,U
sh600584,长电科技,2025-09-22 10:58:59,39.51,8400,39.51,D
sh600584,长电科技,2025-09-22 10:59:02,39.53,13900,39.51,U
sh600584,长电科技,2025-09-22 10:59:05,39.53,11000,39.53,D
sh600584,长电科技,2025-09-22 10:59:11,39.54,6200,39.53,U
sh600584,长电科技,2025-09-22 10:59:14,39.53,9900,39.54,D
sh600584,长电科技,2025-09-22 10:59:17,39.53,6000,39.53,D
sh600584,长电科技,2025-09-22 10:59:23,39.53,7600,39.54,D
sh600584,长电科技,2025-09-22 10:59:29,39.54,15600,39.54,U
sh600584,长电科技,2025-09-22 10:59:35,39.54,5600,39.53,U
sh600584,长电科技,2025-09-22 10:59:38,39.55,13600,39.54,U
sh600584,长电科技,2025-09-22 10:59:47,39.55,11800,39.55,U
sh600584,长电科技,2025-09-22 10:59:53,39.55,22600,39.54,U
sh600584,长电科技,2025-09-22 10:59:56,39.56,36700,39.55,U
sh600584,长电科技,2025-09-22 10:59:59,39.55,49600,39.56,D
sh600584,长电科技,2025-09-22 11:00:02,39.57,21400,39.55,U
sh600584,长电科技,2025-09-22 11:00:08,39.57,19700,39.57,U
sh600584,长电科技,2025-09-22 11:00:11,39.55,8400,39.57,D
sh600584,长电科技,2025-09-22 11:00:14,39.57,10800,39.55,U
sh600584,长电科技,2025-09-22 11:00:26,39.56,29300,39.57,D
sh600584,长电科技,2025-09-22 11:00:32,39.57,13200,39.56,U
sh600584,长电科技,2025-09-22 11:00:38,39.56,12000,39.56,U
sh600584,长电科技,2025-09-22 11:00:41,39.56,14400,39.56,U
sh600584,长电科技,2025-09-22 11:00:47,39.55,7700,39.56,D
sh600584,长电科技,2025-09-22 11:00:50,39.55,19700,39.55,D
sh600584,长电科技,2025-09-22 11:00:53,39.56,5700,39.55,D
sh600584,长电科技,2025-09-22 11:00:56,39.56,7000,39.56,D
sh600584,长电科技,2025-09-22 11:01:08,39.55,10000,39.56,D
sh600584,长电科技,2025-09-22 11:01:11,39.56,8100,39.55,U
sh600584,长电科技,2025-09-22 11:01:41,39.56,12100,39.55,U
sh600584,长电科技,2025-09-22 11:01:44,39.55,12700,39.56,D
sh600584,长电科技,2025-09-22 11:01:50,39.55,18800,39.55,D
sh600584,长电科技,2025-09-22 11:01:53,39.55,13300,39.55,D
sh600584,长电科技,2025-09-22 11:01:56,39.55,7500,39.55,D
sh600584,长电科技,2025-09-22 11:01:59,39.55,10800,39.55,D
sh600584,长电科技,2025-09-22 11:02:05,39.52,61200,39.55,D
sh600584,长电科技,2025-09-22 11:02:08,39.51,29100,39.52,D
sh600584,长电科技,2025-09-22 11:02:11,39.5,8300,39.51,D
sh600584,长电科技,2025-09-22 11:02:14,39.51,21700,39.5,U
sh600584,长电科技,2025-09-22 11:02:17,39.5,21000,39.51,D
sh600584,长电科技,2025-09-22 11:02:26,39.5,9500,39.5,U
sh600584,长电科技,2025-09-22 11:02:35,39.5,6500,39.49,U
sh600584,长电科技,2025-09-22 11:02:41,39.5,5600,39.49,U
sh600584,长电科技,2025-09-22 11:02:44,39.49,5900,39.5,D
sh600584,长电科技,2025-09-22 11:02:47,39.48,28500,39.49,D
sh600584,长电科技,2025-09-22 11:02:56,39.47,39600,39.47,D
sh600584,长电科技,2025-09-22 11:02:59,39.47,5300,39.47,E
sh600584,长电科技,2025-09-22 11:03:05,39.45,17500,39.46,D
sh600584,长电科技,2025-09-22 11:03:11,39.46,22400,39.46,U
sh600584,长电科技,2025-09-22 11:03:14,39.47,16900,39.46,U
sh600584,长电科技,2025-09-22 11:03:20,39.48,10200,39.47,U
sh600584,长电科技,2025-09-22 11:03:26,39.48,7700,39.49,E
sh600584,长电科技,2025-09-22 11:03:32,39.5,9300,39.49,U
sh600584,长电科技,2025-09-22 11:03:41,39.5,11800,39.49,U
sh600584,长电科技,2025-09-22 11:03:44,39.5,5100,39.5,U
sh600584,长电科技,2025-09-22 11:03:53,39.5,9100,39.5,U
sh600584,长电科技,2025-09-22 11:03:56,39.51,7500,39.5,U
sh600584,长电科技,2025-09-22 11:03:59,39.53,6900,39.51,U
sh600584,长电科技,2025-09-22 11:04:11,39.51,6000,39.52,D
sh600584,长电科技,2025-09-22 11:04:14,39.51,8700,39.51,U
sh600584,长电科技,2025-09-22 11:04:17,39.51,18300,39.51,U
sh600584,长电科技,2025-09-22 11:04:23,39.51,23300,39.52,D
sh600584,长电科技,2025-09-22 11:04:26,39.51,23100,39.51,U
sh600584,长电科技,2025-09-22 11:04:29,39.51,5800,39.51,U
sh600584,长电科技,2025-09-22 11:04:47,39.5,10600,39.49,U
sh600584,长电科技,2025-09-22 11:04:56,39.5,14800,39.49,U
sh600584,长电科技,2025-09-22 11:04:59,39.49,8800,39.5,D
sh600584,长电科技,2025-09-22 11:05:02,39.51,14600,39.49,U
sh600584,长电科技,2025-09-22 11:05:05,39.5,9200,39.51,D
sh600584,长电科技,2025-09-22 11:05:08,39.5,42900,39.5,D
sh600584,长电科技,2025-09-22 11:05:11,39.5,11500,39.5,D
sh600584,长电科技,2025-09-22 11:05:14,39.5,21000,39.5,D
sh600584,长电科技,2025-09-22 11:05:20,39.51,37400,39.5,U
sh600584,长电科技,2025-09-22 11:05:29,39.52,9700,39.5,U
sh600584,长电科技,2025-09-22 11:05:38,39.51,8800,39.51,D
sh600584,长电科技,2025-09-22 11:05:41,39.51,7400,39.51,D
sh600584,长电科技,2025-09-22 11:05:53,39.51,32600,39.5,U
sh600584,长电科技,2025-09-22 11:05:56,39.5,6900,39.51,D
sh600584,长电科技,2025-09-22 11:05:59,39.51,6400,39.5,U
sh600584,长电科技,2025-09-22 11:06:02,39.51,6100,39.51,U
sh600584,长电科技,2025-09-22 11:06:08,39.5,6600,39.51,D
sh600584,长电科技,2025-09-22 11:06:20,39.51,27900,39.51,U
sh600584,长电科技,2025-09-22 11:06:26,39.51,7200,39.51,D
sh600584,长电科技,2025-09-22 11:06:38,39.5,6000,39.5,D
sh600584,长电科技,2025-09-22 11:06:41,39.5,12100,39.5,D
sh600584,长电科技,2025-09-22 11:06:44,39.5,17800,39.5,D
sh600584,长电科技,2025-09-22 11:07:02,39.5,18300,39.49,U
sh600584,长电科技,2025-09-22 11:07:05,39.5,23700,39.5,D
sh600584,长电科技,2025-09-22 11:07:08,39.5,13300,39.5,D
sh600584,长电科技,2025-09-22 11:07:11,39.5,5500,39.5,D
sh600584,长电科技,2025-09-22 11:07:14,39.5,5100,39.5,D
sh600584,长电科技,2025-09-22 11:07:17,39.5,17200,39.5,D
sh600584,长电科技,2025-09-22 11:07:23,39.5,13200,39.5,D
sh600584,长电科技,2025-09-22 11:07:26,39.5,9700,39.5,D
sh600584,长电科技,2025-09-22 11:07:29,39.49,9900,39.5,D
sh600584,长电科技,2025-09-22 11:07:35,39.5,9000,39.5,U
sh600584,长电科技,2025-09-22 11:07:38,39.49,6200,39.5,D
sh600584,长电科技,2025-09-22 11:07:41,39.5,8600,39.49,U
sh600584,长电科技,2025-09-22 11:07:47,39.5,6300,39.49,U
sh600584,长电科技,2025-09-22 11:07:50,39.49,14900,39.5,D
sh600584,长电科技,2025-09-22 11:07:59,39.49,12300,39.49,D
sh600584,长电科技,2025-09-22 11:08:02,39.5,27800,39.49,U
sh600584,长电科技,2025-09-22 11:08:05,39.49,71900,39.5,D
sh600584,长电科技,2025-09-22 11:08:08,39.47,176200,39.49,D
sh600584,长电科技,2025-09-22 11:08:11,39.45,47200,39.47,D
sh600584,长电科技,2025-09-22 11:08:17,39.45,7900,39.45,D
sh600584,长电科技,2025-09-22 11:08:20,39.45,5500,39.45,D
sh600584,长电科技,2025-09-22 11:08:26,39.45,16800,39.47,D
sh600584,长电科技,2025-09-22 11:08:29,39.45,9100,39.45,D
sh600584,长电科技,2025-09-22 11:08:32,39.45,16700,39.45,D
sh600584,长电科技,2025-09-22 11:08:35,39.45,8100,39.45,D
sh600584,长电科技,2025-09-22 11:08:38,39.45,5400,39.45,D
sh600584,长电科技,2025-09-22 11:08:41,39.45,38200,39.45,D
sh600584,长电科技,2025-09-22 11:08:44,39.45,13300,39.45,D
sh600584,长电科技,2025-09-22 11:08:47,39.45,6000,39.45,D
sh600584,长电科技,2025-09-22 11:08:50,39.45,8900,39.45,D
sh600584,长电科技,2025-09-22 11:08:53,39.44,5300,39.45,D
sh600584,长电科技,2025-09-22 11:08:56,39.44,14100,39.44,D
sh600584,长电科技,2025-09-22 11:09:02,39.43,7200,39.44,D
sh600584,长电科技,2025-09-22 11:09:05,39.43,14200,39.43,D
sh600584,长电科技,2025-09-22 11:09:08,39.43,5900,39.43,U
sh600584,长电科技,2025-09-22 11:09:14,39.42,11800,39.42,D
sh600584,长电科技,2025-09-22 11:09:17,39.42,16000,39.42,D
sh600584,长电科技,2025-09-22 11:09:23,39.42,6700,39.41,U
sh600584,长电科技,2025-09-22 11:09:26,39.41,30000,39.42,D
sh600584,长电科技,2025-09-22 11:09:29,39.41,14500,39.41,D
sh600584,长电科技,2025-09-22 11:09:32,39.4,11700,39.41,D
sh600584,长电科技,2025-09-22 11:09:35,39.4,18200,39.4,D
sh600584,长电科技,2025-09-22 11:09:38,39.4,14900,39.4,D
sh600584,长电科技,2025-09-22 11:09:41,39.4,17200,39.4,D
sh600584,长电科技,2025-09-22 11:09:44,39.4,10300,39.4,D
sh600584,长电科技,2025-09-22 11:09:47,39.4,29200,39.4,D
sh600584,长电科技,2025-09-22 11:09:50,39.39,8500,39.4,D
sh600584,长电科技,2025-09-22 11:09:53,39.39,9100,39.39,D
sh600584,长电科技,2025-09-22 11:09:56,39.39,17100,39.39,D
sh600584,长电科技,2025-09-22 11:09:59,39.39,21200,39.39,U
sh600584,长电科技,2025-09-22 11:10:02,39.39,8000,39.39,U
sh600584,长电科技,2025-09-22 11:10:05,39.39,7500,39.39,U
sh600584,长电科技,2025-09-22 11:10:08,39.38,82379,39.39,D
sh600584,长电科技,2025-09-22 11:10:11,39.43,111400,39.38,U
sh600584,长电科技,2025-09-22 11:10:17,39.45,31800,39.4,U
sh600584,长电科技,2025-09-22 11:10:23,39.43,17366,39.46,D
sh600584,长电科技,2025-09-22 11:10:26,39.46,57300,39.43,E
sh600584,长电科技,2025-09-22 11:10:29,39.46,11200,39.46,U
sh600584,长电科技,2025-09-22 11:10:35,39.47,19700,39.46,E
sh600584,长电科技,2025-09-22 11:10:38,39.49,12100,39.47,U
sh600584,长电科技,2025-09-22 11:10:44,39.46,5300,39.5,D
sh600584,长电科技,2025-09-22 11:10:56,39.47,14800,39.49,E
sh600584,长电科技,2025-09-22 11:10:59,39.47,25300,39.47,U
sh600584,长电科技,2025-09-22 11:11:02,39.46,5700,39.47,D
sh600584,长电科技,2025-09-22 11:11:05,39.48,6700,39.46,U
sh600584,长电科技,2025-09-22 11:11:08,39.48,16400,39.48,U
sh600584,长电科技,2025-09-22 11:11:17,39.46,9800,39.47,D
sh600584,长电科技,2025-09-22 11:11:20,39.46,26500,39.46,D
sh600584,长电科技,2025-09-22 11:11:23,39.47,5900,39.46,U
sh600584,长电科技,2025-09-22 11:11:26,39.46,6000,39.47,D
sh600584,长电科技,2025-09-22 11:11:32,39.46,7200,39.45,U
sh600584,长电科技,2025-09-22 11:11:41,39.45,14800,39.45,D
sh600584,长电科技,2025-09-22 11:11:44,39.44,5200,39.45,D
sh600584,长电科技,2025-09-22 11:11:59,39.4,12200,39.42,D
sh600584,长电科技,2025-09-22 11:12:02,39.4,8900,39.4,U
sh600584,长电科技,2025-09-22 11:12:08,39.41,9700,39.41,D
sh600584,长电科技,2025-09-22 11:12:11,39.43,11000,39.41,U
sh600584,长电科技,2025-09-22 11:12:14,39.43,8600,39.43,D
sh600584,长电科技,2025-09-22 11:12:17,39.45,14700,39.43,U
sh600584,长电科技,2025-09-22 11:12:32,39.43,21800,39.44,D
sh600584,长电科技,2025-09-22 11:12:44,39.43,5400,39.43,D
sh600584,长电科技,2025-09-22 11:12:50,39.43,9000,39.43,D
sh600584,长电科技,2025-09-22 11:12:53,39.43,8300,39.43,D
sh600584,长电科技,2025-09-22 11:13:08,39.42,10800,39.42,U
sh600584,长电科技,2025-09-22 11:13:14,39.42,22400,39.42,U
sh600584,长电科技,2025-09-22 11:13:17,39.42,8600,39.42,U
sh600584,长电科技,2025-09-22 11:13:20,39.39,63500,39.42,D
sh600584,长电科技,2025-09-22 11:13:35,39.38,5700,39.38,D
sh600584,长电科技,2025-09-22 11:13:38,39.38,20400,39.38,D
sh600584,长电科技,2025-09-22 11:13:41,39.37,18500,39.38,D
sh600584,长电科技,2025-09-22 11:13:44,39.37,12100,39.37,D
sh600584,长电科技,2025-09-22 11:13:47,39.37,15000,39.37,D
sh600584,长电科技,2025-09-22 11:13:50,39.37,34400,39.37,U
sh600584,长电科技,2025-09-22 11:13:53,39.37,51200,39.37,D
sh600584,长电科技,2025-09-22 11:13:56,39.35,11800,39.37,D
sh600584,长电科技,2025-09-22 11:14:02,39.35,17200,39.35,U
sh600584,长电科技,2025-09-22 11:14:05,39.35,6600,39.35,D
sh600584,长电科技,2025-09-22 11:14:08,39.35,11400,39.35,D
sh600584,长电科技,2025-09-22 11:14:11,39.35,5400,39.35,D
sh600584,长电科技,2025-09-22 11:14:14,39.35,11900,39.35,D
sh600584,长电科技,2025-09-22 11:14:17,39.35,17500,39.35,D
sh600584,长电科技,2025-09-22 11:14:23,39.35,10500,39.35,U
sh600584,长电科技,2025-09-22 11:14:26,39.35,16521,39.35,U
sh600584,长电科技,2025-09-22 11:14:29,39.35,9500,39.35,D
sh600584,长电科技,2025-09-22 11:14:35,39.35,9500,39.35,U
sh600584,长电科技,2025-09-22 11:14:38,39.35,6900,39.35,D
sh600584,长电科技,2025-09-22 11:14:44,39.34,26979,39.35,D
sh600584,长电科技,2025-09-22 11:14:47,39.32,39300,39.34,D
sh600584,长电科技,2025-09-22 11:14:53,39.32,8200,39.33,D
sh600584,长电科技,2025-09-22 11:14:56,39.32,8300,39.32,D
sh600584,长电科技,2025-09-22 11:14:59,39.32,10300,39.32,D
sh600584,长电科技,2025-09-22 11:15:02,39.32,58500,39.32,D
sh600584,长电科技,2025-09-22 11:15:05,39.32,7400,39.32,U
sh600584,长电科技,2025-09-22 11:15:08,39.31,7700,39.32,D
sh600584,长电科技,2025-09-22 11:15:11,39.31,6000,39.31,D
sh600584,长电科技,2025-09-22 11:15:17,39.31,20800,39.31,U
sh600584,长电科技,2025-09-22 11:15:20,39.31,29200,39.31,U
sh600584,长电科技,2025-09-22 11:15:23,39.31,10400,39.31,U
sh600584,长电科技,2025-09-22 11:15:26,39.3,11300,39.31,D
sh600584,长电科技,2025-09-22 11:15:29,39.3,27900,39.3,D
sh600584,长电科技,2025-09-22 11:15:32,39.34,92000,39.3,U
sh600584,长电科技,2025-09-22 11:15:35,39.34,8400,39.34,U
sh600584,长电科技,2025-09-22 11:15:44,39.33,30800,39.31,U
sh600584,长电科技,2025-09-22 11:15:50,39.33,8500,39.33,U
sh600584,长电科技,2025-09-22 11:15:53,39.35,16500,39.33,U
sh600584,长电科技,2025-09-22 11:15:56,39.35,8100,39.35,U
sh600584,长电科技,2025-09-22 11:16:05,39.32,6400,39.34,D
sh600584,长电科技,2025-09-22 11:16:08,39.34,5400,39.32,U
sh600584,长电科技,2025-09-22 11:16:20,39.33,5800,39.33,D
sh600584,长电科技,2025-09-22 11:16:23,39.34,8600,39.33,U
sh600584,长电科技,2025-09-22 11:16:29,39.33,9900,39.33,D
sh600584,长电科技,2025-09-22 11:16:32,39.33,17000,39.33,D
sh600584,长电科技,2025-09-22 11:16:35,39.33,6100,39.33,U
sh600584,长电科技,2025-09-22 11:16:41,39.33,8100,39.32,U
sh600584,长电科技,2025-09-22 11:16:44,39.33,5800,39.33,U
sh600584,长电科技,2025-09-22 11:16:53,39.33,5500,39.33,D
sh600584,长电科技,2025-09-22 11:16:59,39.33,16800,39.33,D
sh600584,长电科技,2025-09-22 11:17:08,39.32,35800,39.33,D
sh600584,长电科技,2025-09-22 11:17:14,39.32,6600,39.32,U
sh600584,长电科技,2025-09-22 11:17:17,39.33,37100,39.32,U
sh600584,长电科技,2025-09-22 11:17:20,39.32,40700,39.33,D
sh600584,长电科技,2025-09-22 11:17:26,39.34,7000,39.34,U
sh600584,长电科技,2025-09-22 11:17:35,39.32,7000,39.34,D
sh600584,长电科技,2025-09-22 11:17:41,39.35,17600,39.33,U
sh600584,长电科技,2025-09-22 11:17:47,39.35,10200,39.35,U
sh600584,长电科技,2025-09-22 11:17:56,39.34,14300,39.35,D
sh600584,长电科技,2025-09-22 11:17:59,39.34,5100,39.34,U
sh600584,长电科技,2025-09-22 11:18:02,39.33,38400,39.34,D
sh600584,长电科技,2025-09-22 11:18:08,39.35,7400,39.35,U
sh600584,长电科技,2025-09-22 11:18:11,39.36,33821,39.35,U
sh600584,长电科技,2025-09-22 11:18:14,39.35,7500,39.36,D
sh600584,长电科技,2025-09-22 11:18:26,39.35,8100,39.36,D
sh600584,长电科技,2025-09-22 11:18:29,39.36,10000,39.35,U
sh600584,长电科技,2025-09-22 11:18:44,39.37,11100,39.36,U
sh600584,长电科技,2025-09-22 11:18:50,39.37,6200,39.37,D
sh600584,长电科技,2025-09-22 11:18:53,39.38,7000,39.37,U
sh600584,长电科技,2025-09-22 11:18:56,39.37,10300,39.38,D
sh600584,长电科技,2025-09-22 11:19:11,39.4,6800,39.39,U
sh600584,长电科技,2025-09-22 11:19:17,39.38,21800,39.39,D
sh600584,长电科技,2025-09-22 11:19:20,39.37,14800,39.38,D
sh600584,长电科技,2025-09-22 11:19:23,39.37,16800,39.37,D
sh600584,长电科技,2025-09-22 11:19:26,39.37,14400,39.37,D
sh600584,长电科技,2025-09-22 11:19:32,39.36,24000,39.36,D
sh600584,长电科技,2025-09-22 11:19:41,39.36,7700,39.36,U
sh600584,长电科技,2025-09-22 11:19:44,39.36,5100,39.36,U
sh600584,长电科技,2025-09-22 11:19:50,39.36,22000,39.36,U
sh600584,长电科技,2025-09-22 11:19:53,39.36,7100,39.36,U
sh600584,长电科技,2025-09-22 11:19:56,39.35,9100,39.36,D
sh600584,长电科技,2025-09-22 11:20:02,39.35,11300,39.35,D
sh600584,长电科技,2025-09-22 11:20:05,39.34,81300,39.35,D
sh600584,长电科技,2025-09-22 11:20:11,39.36,8500,39.37,D
sh600584,长电科技,2025-09-22 11:20:14,39.34,8500,39.36,D
sh600584,长电科技,2025-09-22 11:20:32,39.36,9000,39.36,U
sh600584,长电科技,2025-09-22 11:20:38,39.35,10800,39.36,D
sh600584,长电科技,2025-09-22 11:20:50,39.35,19600,39.35,D
sh600584,长电科技,2025-09-22 11:20:53,39.34,9400,39.35,D
sh600584,长电科技,2025-09-22 11:20:56,39.35,5200,39.34,U
sh600584,长电科技,2025-09-22 11:21:05,39.36,20100,39.34,U
sh600584,长电科技,2025-09-22 11:21:08,39.36,7600,39.36,D
sh600584,长电科技,2025-09-22 11:21:23,39.38,5800,39.36,U
sh600584,长电科技,2025-09-22 11:21:29,39.35,11100,39.37,D
sh600584,长电科技,2025-09-22 11:21:32,39.36,5200,39.35,E
sh600584,长电科技,2025-09-22 11:21:38,39.35,11500,39.38,D
sh600584,长电科技,2025-09-22 11:21:41,39.38,6300,39.35,U
sh600584,长电科技,2025-09-22 11:21:59,39.38,7800,39.38,U
sh600584,长电科技,2025-09-22 11:22:02,39.38,8400,39.38,U
sh600584,长电科技,2025-09-22 11:22:14,39.4,8900,39.39,U
sh600584,长电科技,2025-09-22 11:22:23,39.4,9400,39.4,U
sh600584,长电科技,2025-09-22 11:22:26,39.4,6800,39.4,U
sh600584,长电科技,2025-09-22 11:22:41,39.42,14000,39.41,U
sh600584,长电科技,2025-09-22 11:22:50,39.41,13700,39.41,U
sh600584,长电科技,2025-09-22 11:22:53,39.4,18500,39.41,D
sh600584,长电科技,2025-09-22 11:22:56,39.4,8300,39.4,U
sh600584,长电科技,2025-09-22 11:23:05,39.4,11000,39.38,U
sh600584,长电科技,2025-09-22 11:23:32,39.42,8100,39.41,U
sh600584,长电科技,2025-09-22 11:23:35,39.42,15600,39.42,U
sh600584,长电科技,2025-09-22 11:23:44,39.4,70000,39.4,D
sh600584,长电科技,2025-09-22 11:23:59,39.42,8800,39.4,U
sh600584,长电科技,2025-09-22 11:24:05,39.42,6300,39.41,U
sh600584,长电科技,2025-09-22 11:24:14,39.42,26900,39.41,U
sh600584,长电科技,2025-09-22 11:24:32,39.43,5200,39.43,U
sh600584,长电科技,2025-09-22 11:24:41,39.44,6400,39.43,U
sh600584,长电科技,2025-09-22 11:24:47,39.43,16600,39.44,D
sh600584,长电科技,2025-09-22 11:24:50,39.45,16500,39.43,U
sh600584,长电科技,2025-09-22 11:24:53,39.44,9000,39.45,D
sh600584,长电科技,2025-09-22 11:24:56,39.44,34400,39.44,U
sh600584,长电科技,2025-09-22 11:24:59,39.44,8900,39.44,D
sh600584,长电科技,2025-09-22 11:25:05,39.44,7000,39.44,D
sh600584,长电科技,2025-09-22 11:25:08,39.45,7300,39.44,U
sh600584,长电科技,2025-09-22 11:25:29,39.44,7300,39.45,D
sh600584,长电科技,2025-09-22 11:25:41,39.44,5700,39.45,D
sh600584,长电科技,2025-09-22 11:25:44,39.44,15800,39.44,D
sh600584,长电科技,2025-09-22 11:25:59,39.43,14400,39.44,D
sh600584,长电科技,2025-09-22 11:26:02,39.44,7100,39.43,U
sh600584,长电科技,2025-09-22 11:26:14,39.43,13700,39.43,D
sh600584,长电科技,2025-09-22 11:26:20,39.44,5800,39.43,U
sh600584,长电科技,2025-09-22 11:26:47,39.42,7200,39.43,D
sh600584,长电科技,2025-09-22 11:26:59,39.41,8400,39.41,D
sh600584,长电科技,2025-09-22 11:27:05,39.4,39300,39.41,D
sh600584,长电科技,2025-09-22 11:27:08,39.4,18200,39.4,U
sh600584,长电科技,2025-09-22 11:27:14,39.39,6400,39.41,D
sh600584,长电科技,2025-09-22 11:27:20,39.4,12200,39.4,D
sh600584,长电科技,2025-09-22 11:27:38,39.4,10512,39.39,U
sh600584,长电科技,2025-09-22 11:27:56,39.4,7800,39.41,D
sh600584,长电科技,2025-09-22 11:27:59,39.41,8000,39.4,U
sh600584,长电科技,2025-09-22 11:28:05,39.41,14000,39.41,U
sh600584,长电科技,2025-09-22 11:28:08,39.41,70788,39.41,U
sh600584,长电科技,2025-09-22 11:28:11,39.42,9712,39.41,U
sh600584,长电科技,2025-09-22 11:28:17,39.42,12600,39.42,U
sh600584,长电科技,2025-09-22 11:28:20,39.42,6200,39.42,U
sh600584,长电科技,2025-09-22 11:28:32,39.42,6500,39.41,U
sh600584,长电科技,2025-09-22 11:28:35,39.42,7000,39.42,U
sh600584,长电科技,2025-09-22 11:28:38,39.43,21000,39.42,U
sh600584,长电科技,2025-09-22 11:28:59,39.44,5600,39.43,U
sh600584,长电科技,2025-09-22 11:29:05,39.42,6200,39.43,D
sh600584,长电科技,2025-09-22 11:29:23,39.44,5900,39.43,U
sh600584,长电科技,2025-09-22 11:29:32,39.44,10400,39.43,U
sh600584,长电科技,2025-09-22 11:29:35,39.44,19800,39.44,U
sh600584,长电科技,2025-09-22 11:29:44,39.44,37900,39.44,U
sh600584,长电科技,2025-09-22 13:00:02,39.46,26900,39.45,U
sh600584,长电科技,2025-09-22 13:00:05,39.46,64700,39.46,D
sh600584,长电科技,2025-09-22 13:00:08,39.48,21600,39.46,U
sh600584,长电科技,2025-09-22 13:00:11,39.47,24300,39.48,E
sh600584,长电科技,2025-09-22 13:00:14,39.46,10200,39.47,D
sh600584,长电科技,2025-09-22 13:00:17,39.46,68600,39.46,D
sh600584,长电科技,2025-09-22 13:00:20,39.48,104600,39.46,U
sh600584,长电科技,2025-09-22 13:00:23,39.44,16300,39.48,E
sh600584,长电科技,2025-09-22 13:00:35,39.48,9800,39.44,U
sh600584,长电科技,2025-09-22 13:00:50,39.46,8100,39.46,U
sh600584,长电科技,2025-09-22 13:00:56,39.48,9500,39.47,U
sh600584,长电科技,2025-09-22 13:00:59,39.49,9600,39.48,U
sh600584,长电科技,2025-09-22 13:01:02,39.49,15000,39.49,U
sh600584,长电科技,2025-09-22 13:01:11,39.47,10500,39.47,D
sh600584,长电科技,2025-09-22 13:01:17,39.46,5300,39.46,D
sh600584,长电科技,2025-09-22 13:01:29,39.48,32400,39.48,U
