symbol,name,ticktime,price,volume,prev_price,kind
sz300516,久之洋,2025-10-13 09:25:00,36.0,15300,0.0,U
sz300516,久之洋,2025-10-13 09:30:00,35.8,21500,36.0,D
sz300516,久之洋,2025-10-13 09:30:03,35.9,19200,35.8,U
sz300516,久之洋,2025-10-13 09:30:06,35.8,6900,35.9,D
sz300516,久之洋,2025-10-13 09:30:30,35.6,6000,35.62,D
sz300516,久之洋,2025-10-13 09:30:39,35.62,10300,35.6,U
sz300516,久之洋,2025-10-13 09:30:48,35.62,15500,35.63,D
sz300516,久之洋,2025-10-13 09:31:06,35.71,21600,35.71,D
sz300516,久之洋,2025-10-13 09:31:30,35.66,5700,35.66,U
sz300516,久之洋,2025-10-13 09:31:33,35.66,6600,35.66,D
sz300516,久之洋,2025-10-13 09:32:03,35.66,7900,35.71,D
sz300516,久之洋,2025-10-13 09:32:06,35.6,16800,35.66,D
sz300516,久之洋,2025-10-13 09:32:09,35.55,18300,35.6,D
sz300516,久之洋,2025-10-13 09:32:12,35.46,17200,35.55,D
sz300516,久之洋,2025-10-13 09:32:15,35.5,16700,35.46,U
sz300516,久之洋,2025-10-13 09:32:21,35.49,6200,35.4,E
sz300516,久之洋,2025-10-13 09:32:54,35.8,11500,35.68,U
sz300516,久之洋,2025-10-13 09:33:00,35.68,7100,35.84,D
sz300516,久之洋,2025-10-13 09:33:12,35.96,17100,35.87,U
sz300516,久之洋,2025-10-13 09:33:21,35.99,6900,36.0,D
sz300516,久之洋,2025-10-13 09:34:00,35.99,30500,35.94,U
sz300516,久之洋,2025-10-13 09:36:03,36.45,5800,36.43,U
sz300516,久之洋,2025-10-13 09:36:24,36.37,10700,36.38,E
sz300516,久之洋,2025-10-13 09:36:30,36.48,20100,36.38,U
sz300516,久之洋,2025-10-13 09:36:33,36.46,8300,36.48,D
sz300516,久之洋,2025-10-13 09:36:54,36.39,6900,36.46,D
sz300516,久之洋,2025-10-13 09:37:39,36.33,17400,36.35,D
sz300516,久之洋,2025-10-13 09:38:00,36.26,6100,36.26,D
sz300516,久之洋,2025-10-13 09:38:21,36.26,9400,36.23,U
sz300516,久之洋,2025-10-13 09:39:18,36.5,7600,36.45,U
sz300516,久之洋,2025-10-13 09:41:33,36.58,6200,36.55,U
sz300516,久之洋,2025-10-13 09:41:57,36.67,6800,36.6,E
sz300516,久之洋,2025-10-13 09:42:27,36.7,6100,36.73,D
sz300516,久之洋,2025-10-13 09:43:00,36.77,8900,36.73,U
sz300516,久之洋,2025-10-13 09:43:03,36.77,5600,36.77,U
sz300516,久之洋,2025-10-13 09:48:06,36.5,9600,36.52,D
sz300516,久之洋,2025-10-13 09:55:33,36.59,7800,36.58,U
sz300516,久之洋,2025-10-13 09:56:06,36.53,8700,36.52,E
sz300516,久之洋,2025-10-13 10:00:27,36.51,5600,36.51,U
sz300516,久之洋,2025-10-13 10:00:30,36.51,5600,36.51,U
sz300516,久之洋,2025-10-13 10:13:06,36.72,9600,36.66,U
sz300516,久之洋,2025-10-13 10:19:09,36.79,6600,36.77,U
sz300516,久之洋,2025-10-13 10:30:42,36.9,5500,36.85,U
sz300516,久之洋,2025-10-13 10:30:54,36.89,10100,36.9,E
sz300516,久之洋,2025-10-13 10:43:18,36.93,5500,36.9,U
sz300516,久之洋,2025-10-13 10:43:21,36.94,8100,36.93,U
sz300516,久之洋,2025-10-13 10:49:36,37.18,6900,37.16,U
sz300516,久之洋,2025-10-13 10:49:51,37.26,22400,37.18,U
sz300516,久之洋,2025-10-13 10:50:45,37.18,9900,37.19,D
sz300516,久之洋,2025-10-13 10:53:12,37.11,9500,37.12,D
sz300516,久之洋,2025-10-13 11:01:54,37.05,6100,37.09,D
sz300516,久之洋,2025-10-13 11:03:06,37.15,5400,37.1,U
sz300516,久之洋,2025-10-13 11:03:24,37.19,10000,37.17,U
sz300516,久之洋,2025-10-13 11:04:27,37.23,5800,37.23,E
sz300516,久之洋,2025-10-13 11:06:24,37.19,20700,37.18,U
sz300516,久之洋,2025-10-13 11:06:27,37.18,7200,37.19,E
sz300516,久之洋,2025-10-13 11:07:06,37.21,11600,37.21,D
sz300516,久之洋,2025-10-13 11:07:09,37.21,6400,37.21,U
sz300516,久之洋,2025-10-13 11:07:42,37.27,9800,37.26,U
sz300516,久之洋,2025-10-13 11:07:54,37.38,30800,37.29,U
sz300516,久之洋,2025-10-13 11:08:21,37.46,8100,37.46,U
sz300516,久之洋,2025-10-13 11:08:48,37.46,7200,37.43,U
sz300516,久之洋,2025-10-13 11:09:03,37.5,10900,37.46,U
sz300516,久之洋,2025-10-13 11:09:09,37.61,30400,37.46,U
sz300516,久之洋,2025-10-13 11:09:54,37.59,10700,37.54,U
sz300516,久之洋,2025-10-13 11:10:00,37.57,6500,37.59,E
sz300516,久之洋,2025-10-13 11:10:03,37.66,10100,37.57,U
sz300516,久之洋,2025-10-13 11:10:21,37.75,7100,37.73,U
sz300516,久之洋,2025-10-13 11:10:57,37.66,6000,37.63,U
sz300516,久之洋,2025-10-13 11:17:42,37.33,9300,37.33,D
sz300516,久之洋,2025-10-13 11:21:12,37.32,7000,37.31,U
sz300516,久之洋,2025-10-13 11:21:18,37.32,9800,37.32,U
sz300516,久之洋,2025-10-13 11:26:12,37.27,11900,37.27,D
sz300516,久之洋,2025-10-13 11:26:21,37.27,7700,37.24,U
sz300516,久之洋,2025-10-13 11:27:33,37.1,11800,37.12,D
sz300516,久之洋,2025-10-13 11:28:15,37.29,16200,37.15,U
sz300516,久之洋,2025-10-13 13:00:00,37.28,5700,37.19,U
sz300516,久之洋,2025-10-13 13:01:15,37.19,13800,37.19,D
sz300516,久之洋,2025-10-13 13:02:21,37.11,5600,37.16,D
sz300516,久之洋,2025-10-13 13:07:39,37.17,13100,37.14,U
sz300516,久之洋,2025-10-13 13:07:42,37.2,17400,37.17,U
sz300516,久之洋,2025-10-13 13:26:15,37.12,5700,37.07,U
sz300516,久之洋,2025-10-13 13:35:12,37.14,7600,37.14,D
sz300516,久之洋,2025-10-13 13:49:30,37.18,8800,37.18,U
sz300516,久之洋,2025-10-13 14:34:06,37.47,5600,37.48,D
sz300516,久之洋,2025-10-13 14:34:15,37.46,5600,37.46,D
sz300516,久之洋,2025-10-13 14:51:12,37.35,6900,37.37,D
sz300516,久之洋,2025-10-13 14:52:51,37.37,9500,37.36,U
sz300516,久之洋,2025-10-13 14:53:36,37.39,5900,37.36,U
sz300516,久之洋,2025-10-13 14:56:03,37.3,6500,37.34,D
sz300516,久之洋,2025-10-13 14:56:54,37.3,7500,37.3,E
sz300516,久之洋,2025-10-13 15:00:00,37.35,39800,37.3,U
