symbol,name,ticktime,price,volume,prev_price,kind
sh603969,银龙股份,2025-09-26 09:25:01,10.18,31200,0.0,U
sh603969,银龙股份,2025-09-26 09:30:11,10.15,47000,10.18,D
sh603969,银龙股份,2025-09-26 09:30:14,10.2,91000,10.15,U
sh603969,银龙股份,2025-09-26 09:30:17,10.2,222200,10.2,D
sh603969,银龙股份,2025-09-26 09:30:20,10.2,68300,10.2,D
sh603969,银龙股份,2025-09-26 09:30:23,10.22,32900,10.2,U
sh603969,银龙股份,2025-09-26 09:30:29,10.21,35700,10.22,D
sh603969,银龙股份,2025-09-26 09:30:32,10.22,21200,10.21,U
sh603969,银龙股份,2025-09-26 09:30:35,10.2,50600,10.22,D
sh603969,银龙股份,2025-09-26 09:30:38,10.22,30700,10.2,U
sh603969,银龙股份,2025-09-26 09:30:41,10.23,45300,10.22,U
sh603969,银龙股份,2025-09-26 09:30:50,10.25,41800,10.24,U
sh603969,银龙股份,2025-09-26 09:31:02,10.29,94000,10.26,U
sh603969,银龙股份,2025-09-26 09:31:05,10.29,54800,10.29,U
sh603969,银龙股份,2025-09-26 09:31:08,10.3,27000,10.29,U
sh603969,银龙股份,2025-09-26 09:31:17,10.34,25300,10.31,U
sh603969,银龙股份,2025-09-26 09:31:20,10.35,29800,10.34,U
sh603969,银龙股份,2025-09-26 09:31:23,10.36,23300,10.35,U
sh603969,银龙股份,2025-09-26 09:31:26,10.36,51800,10.36,D
sh603969,银龙股份,2025-09-26 09:31:29,10.31,56900,10.36,D
sh603969,银龙股份,2025-09-26 09:31:32,10.38,69400,10.31,U
sh603969,银龙股份,2025-09-26 09:31:47,10.43,176700,10.35,U
sh603969,银龙股份,2025-09-26 09:31:50,10.31,113000,10.43,D
sh603969,银龙股份,2025-09-26 09:31:56,10.43,25100,10.35,U
sh603969,银龙股份,2025-09-26 09:31:59,10.42,22800,10.43,E
sh603969,银龙股份,2025-09-26 09:32:02,10.4,28300,10.42,D
sh603969,银龙股份,2025-09-26 09:32:08,10.44,188800,10.41,U
sh603969,银龙股份,2025-09-26 09:32:11,10.41,26500,10.44,D
sh603969,银龙股份,2025-09-26 09:32:14,10.45,116000,10.41,U
sh603969,银龙股份,2025-09-26 09:32:17,10.47,63000,10.45,U
sh603969,银龙股份,2025-09-26 09:32:20,10.48,149200,10.47,U
sh603969,银龙股份,2025-09-26 09:32:23,10.48,34000,10.48,D
sh603969,银龙股份,2025-09-26 09:32:26,10.44,72500,10.48,D
sh603969,银龙股份,2025-09-26 09:33:11,10.36,28000,10.36,U
sh603969,银龙股份,2025-09-26 09:33:14,10.36,21100,10.36,D
sh603969,银龙股份,2025-09-26 09:33:17,10.36,26800,10.36,D
sh603969,银龙股份,2025-09-26 09:33:41,10.33,66100,10.33,D
sh603969,银龙股份,2025-09-26 09:33:44,10.36,47900,10.33,U
sh603969,银龙股份,2025-09-26 09:33:47,10.34,21700,10.36,D
sh603969,银龙股份,2025-09-26 09:33:53,10.33,24600,10.35,D
sh603969,银龙股份,2025-09-26 09:33:56,10.35,24200,10.33,E
sh603969,银龙股份,2025-09-26 09:34:47,10.31,24000,10.32,D
sh603969,银龙股份,2025-09-26 09:36:56,10.33,27800,10.31,U
sh603969,银龙股份,2025-09-26 09:36:59,10.35,38400,10.33,U
sh603969,银龙股份,2025-09-26 09:37:02,10.36,22300,10.35,U
sh603969,银龙股份,2025-09-26 09:37:35,10.32,45700,10.34,D
sh603969,银龙股份,2025-09-26 09:37:53,10.33,22000,10.32,U
sh603969,银龙股份,2025-09-26 09:39:47,10.31,55200,10.32,D
sh603969,银龙股份,2025-09-26 09:40:02,10.35,49600,10.33,U
sh603969,银龙股份,2025-09-26 09:40:47,10.3,22300,10.32,D
sh603969,银龙股份,2025-09-26 09:40:53,10.3,21000,10.31,D
sh603969,银龙股份,2025-09-26 09:41:26,10.29,24200,10.3,D
sh603969,银龙股份,2025-09-26 09:41:44,10.29,23900,10.29,D
sh603969,银龙股份,2025-09-26 09:41:59,10.26,35800,10.29,D
sh603969,银龙股份,2025-09-26 09:42:53,10.28,31400,10.26,U
sh603969,银龙股份,2025-09-26 09:44:14,10.3,26000,10.28,U
sh603969,银龙股份,2025-09-26 09:45:02,10.27,21400,10.27,D
sh603969,银龙股份,2025-09-26 09:45:56,10.26,53400,10.26,U
sh603969,银龙股份,2025-09-26 09:46:44,10.27,23500,10.26,U
sh603969,银龙股份,2025-09-26 09:48:08,10.25,19800,10.25,D
sh603969,银龙股份,2025-09-26 09:48:38,10.23,31800,10.24,D
sh603969,银龙股份,2025-09-26 09:49:35,10.22,26000,10.22,D
sh603969,银龙股份,2025-09-26 09:50:14,10.26,31000,10.24,U
sh603969,银龙股份,2025-09-26 09:50:29,10.24,32000,10.25,D
sh603969,银龙股份,2025-09-26 09:51:35,10.21,23800,10.22,D
sh603969,银龙股份,2025-09-26 09:52:20,10.22,28300,10.22,U
sh603969,银龙股份,2025-09-26 09:52:35,10.21,19900,10.21,D
sh603969,银龙股份,2025-09-26 09:53:02,10.21,65300,10.2,U
sh603969,银龙股份,2025-09-26 09:54:08,10.21,19600,10.2,U
sh603969,银龙股份,2025-09-26 09:55:05,10.24,21500,10.2,U
sh603969,银龙股份,2025-09-26 09:55:38,10.21,22000,10.2,E
sh603969,银龙股份,2025-09-26 09:57:17,10.21,19900,10.22,D
sh603969,银龙股份,2025-09-26 09:57:47,10.19,35800,10.19,D
sh603969,银龙股份,2025-09-26 09:57:50,10.19,27900,10.19,U
sh603969,银龙股份,2025-09-26 09:58:20,10.2,51700,10.19,U
sh603969,银龙股份,2025-09-26 10:05:47,10.19,25400,10.2,D
sh603969,银龙股份,2025-09-26 10:07:11,10.2,40400,10.2,U
sh603969,银龙股份,2025-09-26 10:07:14,10.2,30600,10.2,D
sh603969,银龙股份,2025-09-26 10:08:35,10.19,26000,10.19,U
sh603969,银龙股份,2025-09-26 10:12:11,10.18,127400,10.18,D
sh603969,银龙股份,2025-09-26 10:12:38,10.17,31500,10.17,D
sh603969,银龙股份,2025-09-26 10:14:23,10.18,22700,10.18,U
sh603969,银龙股份,2025-09-26 10:19:05,10.18,51000,10.19,D
sh603969,银龙股份,2025-09-26 10:20:05,10.22,33700,10.19,U
sh603969,银龙股份,2025-09-26 10:20:35,10.22,49400,10.23,D
sh603969,银龙股份,2025-09-26 10:27:23,10.21,30000,10.21,D
sh603969,银龙股份,2025-09-26 10:31:11,10.19,22000,10.19,D
sh603969,银龙股份,2025-09-26 10:36:08,10.18,60700,10.19,D
sh603969,银龙股份,2025-09-26 10:45:17,10.23,31100,10.23,U
sh603969,银龙股份,2025-09-26 10:47:35,10.25,38100,10.25,D
sh603969,银龙股份,2025-09-26 10:50:11,10.25,42100,10.25,U
sh603969,银龙股份,2025-09-26 10:53:05,10.24,54100,10.24,D
sh603969,银龙股份,2025-09-26 10:54:14,10.24,33000,10.24,D
sh603969,银龙股份,2025-09-26 11:00:29,10.25,30400,10.24,U
sh603969,银龙股份,2025-09-26 11:01:08,10.26,39400,10.24,U
sh603969,银龙股份,2025-09-26 11:03:35,10.27,20000,10.26,U
sh603969,银龙股份,2025-09-26 11:08:35,10.26,20800,10.24,U
sh603969,银龙股份,2025-09-26 11:09:29,10.27,21100,10.26,U
sh603969,银龙股份,2025-09-26 11:09:50,10.27,21500,10.27,U
sh603969,银龙股份,2025-09-26 11:09:59,10.3,72941,10.27,U
sh603969,银龙股份,2025-09-26 11:10:02,10.3,56600,10.3,U
sh603969,银龙股份,2025-09-26 11:10:20,10.31,55800,10.29,U
sh603969,银龙股份,2025-09-26 11:11:44,10.3,27200,10.3,U
sh603969,银龙股份,2025-09-26 11:12:35,10.32,48900,10.31,U
sh603969,银龙股份,2025-09-26 11:14:56,10.3,30000,10.29,U
sh603969,银龙股份,2025-09-26 11:23:05,10.26,25300,10.27,D
sh603969,银龙股份,2025-09-26 11:24:14,10.25,29900,10.26,D
sh603969,银龙股份,2025-09-26 13:00:14,10.26,22100,10.26,D
sh603969,银龙股份,2025-09-26 13:00:38,10.24,30018,10.24,D
sh603969,银龙股份,2025-09-26 13:04:02,10.21,25700,10.22,D
sh603969,银龙股份,2025-09-26 13:04:56,10.21,20000,10.21,D
sh603969,银龙股份,2025-09-26 13:08:11,10.22,89900,10.21,U
sh603969,银龙股份,2025-09-26 13:08:56,10.21,34500,10.21,D
sh603969,银龙股份,2025-09-26 13:12:08,10.19,30500,10.21,D
sh603969,银龙股份,2025-09-26 13:12:23,10.18,117400,10.19,D
sh603969,银龙股份,2025-09-26 13:14:11,10.17,24300,10.18,D
sh603969,银龙股份,2025-09-26 13:17:05,10.18,28300,10.19,D
sh603969,银龙股份,2025-09-26 13:18:41,10.16,208500,10.17,D
sh603969,银龙股份,2025-09-26 13:18:53,10.15,26600,10.15,D
sh603969,银龙股份,2025-09-26 13:19:08,10.14,31400,10.15,D
sh603969,银龙股份,2025-09-26 13:24:11,10.15,33300,10.16,D
sh603969,银龙股份,2025-09-26 13:24:47,10.14,74900,10.15,D
sh603969,银龙股份,2025-09-26 13:24:50,10.14,24300,10.14,D
sh603969,银龙股份,2025-09-26 13:26:20,10.14,20400,10.14,D
sh603969,银龙股份,2025-09-26 13:30:29,10.14,78900,10.14,D
sh603969,银龙股份,2025-09-26 13:30:50,10.13,46000,10.13,D
sh603969,银龙股份,2025-09-26 13:30:53,10.13,24300,10.13,D
sh603969,银龙股份,2025-09-26 13:34:50,10.13,55300,10.13,D
sh603969,银龙股份,2025-09-26 13:38:23,10.14,43500,10.14,U
sh603969,银龙股份,2025-09-26 13:38:50,10.15,35000,10.15,U
sh603969,银龙股份,2025-09-26 13:39:08,10.15,50800,10.15,U
sh603969,银龙股份,2025-09-26 13:39:38,10.14,22700,10.15,D
sh603969,银龙股份,2025-09-26 13:39:44,10.15,30000,10.14,U
sh603969,银龙股份,2025-09-26 13:42:44,10.13,24700,10.13,D
sh603969,银龙股份,2025-09-26 13:45:02,10.13,32900,10.13,D
sh603969,银龙股份,2025-09-26 13:47:29,10.13,33300,10.14,D
sh603969,银龙股份,2025-09-26 13:52:08,10.13,159400,10.14,D
sh603969,银龙股份,2025-09-26 13:52:47,10.12,61200,10.12,D
sh603969,银龙股份,2025-09-26 13:53:20,10.1,104800,10.11,D
sh603969,银龙股份,2025-09-26 13:53:23,10.11,70700,10.1,U
sh603969,银龙股份,2025-09-26 13:53:50,10.1,104000,10.11,D
sh603969,银龙股份,2025-09-26 13:54:05,10.11,34500,10.1,U
sh603969,银龙股份,2025-09-26 13:59:14,10.1,25100,10.1,D
sh603969,银龙股份,2025-09-26 14:03:14,10.12,29800,10.13,D
sh603969,银龙股份,2025-09-26 14:03:17,10.14,32900,10.12,U
sh603969,银龙股份,2025-09-26 14:03:20,10.17,43900,10.14,U
sh603969,银龙股份,2025-09-26 14:22:32,10.11,32600,10.12,D
sh603969,银龙股份,2025-09-26 14:24:11,10.12,21300,10.12,U
sh603969,银龙股份,2025-09-26 14:24:14,10.12,23800,10.12,U
sh603969,银龙股份,2025-09-26 14:26:53,10.11,20000,10.12,D
sh603969,银龙股份,2025-09-26 14:30:29,10.11,138800,10.1,D
sh603969,银龙股份,2025-09-26 14:31:50,10.11,24200,10.11,D
sh603969,银龙股份,2025-09-26 14:33:11,10.09,40900,10.08,U
sh603969,银龙股份,2025-09-26 14:33:53,10.08,26500,10.08,D
sh603969,银龙股份,2025-09-26 14:34:59,10.09,30400,10.08,U
sh603969,银龙股份,2025-09-26 14:36:17,10.08,22100,10.08,U
sh603969,银龙股份,2025-09-26 14:36:29,10.07,20800,10.07,D
sh603969,银龙股份,2025-09-26 14:37:02,10.09,27200,10.08,U
sh603969,银龙股份,2025-09-26 14:39:11,10.1,23200,10.1,D
sh603969,银龙股份,2025-09-26 14:39:41,10.1,39400,10.1,U
sh603969,银龙股份,2025-09-26 14:45:38,10.11,57300,10.12,D
sh603969,银龙股份,2025-09-26 14:47:08,10.1,20200,10.1,D
sh603969,银龙股份,2025-09-26 14:47:53,10.1,63400,10.1,U
sh603969,银龙股份,2025-09-26 14:48:41,10.09,56300,10.09,D
sh603969,银龙股份,2025-09-26 14:50:05,10.08,35100,10.08,U
sh603969,银龙股份,2025-09-26 14:51:32,10.08,88300,10.08,U
sh603969,银龙股份,2025-09-26 14:54:05,10.08,37400,10.08,U
sh603969,银龙股份,2025-09-26 14:54:20,10.07,28600,10.08,D
sh603969,银龙股份,2025-09-26 14:54:50,10.08,31500,10.08,U
sh603969,银龙股份,2025-09-26 14:54:56,10.07,53400,10.08,D
sh603969,银龙股份,2025-09-26 14:55:02,10.09,75700,10.08,U
sh603969,银龙股份,2025-09-26 14:55:17,10.09,21300,10.09,U
sh603969,银龙股份,2025-09-26 14:55:38,10.1,38900,10.1,U
sh603969,银龙股份,2025-09-26 14:55:59,10.09,26800,10.1,D
sh603969,银龙股份,2025-09-26 14:56:53,10.1,41100,10.09,U
sh603969,银龙股份,2025-09-26 15:00:01,10.08,87400,10.1,U
