symbol,name,ticktime,price,volume,prev_price,kind
sh603969,银龙股份,2025-09-19 09:25:01,10.06,100600,0.0,U
sh603969,银龙股份,2025-09-19 09:30:02,10.09,33610,10.06,U
sh603969,银龙股份,2025-09-19 09:30:14,10.15,31400,10.11,U
sh603969,银龙股份,2025-09-19 09:30:20,10.14,20700,10.15,D
sh603969,银龙股份,2025-09-19 09:30:26,10.18,66700,10.15,U
sh603969,银龙股份,2025-09-19 09:30:29,10.18,22000,10.18,D
sh603969,银龙股份,2025-09-19 09:30:35,10.18,20100,10.18,D
sh603969,银龙股份,2025-09-19 09:30:38,10.18,28400,10.18,D
sh603969,银龙股份,2025-09-19 09:30:41,10.2,46200,10.18,U
sh603969,银龙股份,2025-09-19 09:30:44,10.21,34700,10.2,E
sh603969,银龙股份,2025-09-19 09:30:47,10.2,33000,10.21,D
sh603969,银龙股份,2025-09-19 09:30:50,10.2,38400,10.2,D
sh603969,银龙股份,2025-09-19 09:30:53,10.21,28200,10.2,E
sh603969,银龙股份,2025-09-19 09:30:56,10.21,56500,10.21,D
sh603969,银龙股份,2025-09-19 09:30:59,10.21,118000,10.21,D
sh603969,银龙股份,2025-09-19 09:31:05,10.19,25500,10.2,D
sh603969,银龙股份,2025-09-19 09:31:08,10.18,25600,10.19,D
sh603969,银龙股份,2025-09-19 09:31:17,10.14,23800,10.15,D
sh603969,银龙股份,2025-09-19 09:31:23,10.14,36200,10.14,U
sh603969,银龙股份,2025-09-19 09:31:26,10.13,62500,10.14,D
sh603969,银龙股份,2025-09-19 09:31:35,10.17,45000,10.15,U
sh603969,银龙股份,2025-09-19 09:31:50,10.2,67500,10.19,U
sh603969,银龙股份,2025-09-19 09:31:53,10.21,38700,10.2,U
sh603969,银龙股份,2025-09-19 09:31:56,10.23,64900,10.21,U
sh603969,银龙股份,2025-09-19 09:32:08,10.25,28700,10.25,U
sh603969,银龙股份,2025-09-19 09:32:11,10.25,22700,10.25,U
sh603969,银龙股份,2025-09-19 09:32:14,10.24,27400,10.25,D
sh603969,银龙股份,2025-09-19 09:32:20,10.23,42400,10.24,D
sh603969,银龙股份,2025-09-19 09:32:26,10.22,36800,10.23,E
sh603969,银龙股份,2025-09-19 09:32:29,10.21,95200,10.22,D
sh603969,银龙股份,2025-09-19 09:32:32,10.2,63800,10.21,D
sh603969,银龙股份,2025-09-19 09:32:35,10.2,46700,10.2,D
sh603969,银龙股份,2025-09-19 09:32:38,10.19,81700,10.2,D
sh603969,银龙股份,2025-09-19 09:33:47,10.15,21300,10.15,D
sh603969,银龙股份,2025-09-19 09:33:50,10.15,35100,10.15,U
sh603969,银龙股份,2025-09-19 09:34:17,10.17,20000,10.16,U
sh603969,银龙股份,2025-09-19 09:34:20,10.17,32200,10.17,D
sh603969,银龙股份,2025-09-19 09:34:32,10.21,142400,10.19,U
sh603969,银龙股份,2025-09-19 09:34:35,10.23,35700,10.21,U
sh603969,银龙股份,2025-09-19 09:34:38,10.23,29000,10.23,U
sh603969,银龙股份,2025-09-19 09:34:50,10.23,75700,10.24,D
sh603969,银龙股份,2025-09-19 09:34:56,10.22,110500,10.23,D
sh603969,银龙股份,2025-09-19 09:35:14,10.23,233700,10.24,D
sh603969,银龙股份,2025-09-19 09:35:17,10.26,173823,10.23,U
sh603969,银龙股份,2025-09-19 09:35:20,10.24,114700,10.26,D
sh603969,银龙股份,2025-09-19 09:35:47,10.23,28200,10.24,D
sh603969,银龙股份,2025-09-19 09:36:14,10.21,25700,10.23,D
sh603969,银龙股份,2025-09-19 09:37:56,10.2,27800,10.2,D
sh603969,银龙股份,2025-09-19 09:38:02,10.2,32600,10.19,U
sh603969,银龙股份,2025-09-19 09:38:05,10.2,32000,10.2,U
sh603969,银龙股份,2025-09-19 09:38:17,10.22,75300,10.22,E
sh603969,银龙股份,2025-09-19 09:39:08,10.24,41000,10.24,U
sh603969,银龙股份,2025-09-19 09:39:14,10.25,124467,10.24,U
sh603969,银龙股份,2025-09-19 09:39:41,10.23,61800,10.25,D
sh603969,银龙股份,2025-09-19 09:39:53,10.24,23300,10.23,U
sh603969,银龙股份,2025-09-19 09:39:59,10.25,22700,10.24,U
sh603969,银龙股份,2025-09-19 09:40:14,10.26,30900,10.26,U
sh603969,银龙股份,2025-09-19 09:40:29,10.26,34000,10.25,U
sh603969,银龙股份,2025-09-19 09:40:38,10.23,37800,10.25,D
sh603969,银龙股份,2025-09-19 09:40:50,10.22,26400,10.22,D
sh603969,银龙股份,2025-09-19 09:40:53,10.23,100400,10.22,U
sh603969,银龙股份,2025-09-19 09:40:59,10.22,27600,10.23,D
sh603969,银龙股份,2025-09-19 09:41:14,10.22,47600,10.22,D
sh603969,银龙股份,2025-09-19 09:41:17,10.22,51700,10.22,U
sh603969,银龙股份,2025-09-19 09:42:02,10.2,54100,10.22,D
sh603969,银龙股份,2025-09-19 09:42:20,10.19,32000,10.19,D
sh603969,银龙股份,2025-09-19 09:42:56,10.16,27200,10.16,D
sh603969,银龙股份,2025-09-19 09:43:05,10.16,28300,10.16,U
sh603969,银龙股份,2025-09-19 09:43:32,10.17,24500,10.17,D
sh603969,银龙股份,2025-09-19 09:43:38,10.16,63600,10.16,D
sh603969,银龙股份,2025-09-19 09:44:11,10.15,212100,10.15,D
sh603969,银龙股份,2025-09-19 09:44:53,10.15,28918,10.15,D
sh603969,银龙股份,2025-09-19 09:44:56,10.15,129182,10.15,U
sh603969,银龙股份,2025-09-19 09:45:29,10.16,22900,10.16,D
sh603969,银龙股份,2025-09-19 09:45:38,10.15,26400,10.16,D
sh603969,银龙股份,2025-09-19 09:45:59,10.14,25700,10.15,D
sh603969,银龙股份,2025-09-19 09:46:32,10.15,26500,10.14,U
sh603969,银龙股份,2025-09-19 09:47:23,10.19,21000,10.15,U
sh603969,银龙股份,2025-09-19 09:47:35,10.19,53300,10.2,U
sh603969,银龙股份,2025-09-19 09:47:44,10.18,101200,10.19,D
sh603969,银龙股份,2025-09-19 09:48:23,10.16,23200,10.16,D
sh603969,银龙股份,2025-09-19 09:48:32,10.17,28000,10.16,U
sh603969,银龙股份,2025-09-19 09:49:32,10.17,50400,10.16,U
sh603969,银龙股份,2025-09-19 09:49:59,10.16,50000,10.16,U
sh603969,银龙股份,2025-09-19 09:50:08,10.14,93900,10.15,D
sh603969,银龙股份,2025-09-19 09:50:56,10.13,64100,10.14,D
sh603969,银龙股份,2025-09-19 09:51:08,10.14,210503,10.13,U
sh603969,银龙股份,2025-09-19 09:52:20,10.16,67700,10.15,U
sh603969,银龙股份,2025-09-19 09:54:29,10.16,54500,10.16,D
sh603969,银龙股份,2025-09-19 09:54:41,10.16,42800,10.16,U
sh603969,银龙股份,2025-09-19 09:54:59,10.17,33500,10.16,U
sh603969,银龙股份,2025-09-19 09:55:44,10.17,24300,10.16,U
sh603969,银龙股份,2025-09-19 09:55:47,10.18,40497,10.17,U
sh603969,银龙股份,2025-09-19 09:56:02,10.2,24900,10.19,U
sh603969,银龙股份,2025-09-19 09:56:11,10.2,51100,10.2,U
sh603969,银龙股份,2025-09-19 09:56:44,10.18,20500,10.2,D
sh603969,银龙股份,2025-09-19 09:59:32,10.14,44600,10.15,D
sh603969,银龙股份,2025-09-19 09:59:47,10.14,26400,10.15,D
sh603969,银龙股份,2025-09-19 09:59:53,10.13,22500,10.13,D
sh603969,银龙股份,2025-09-19 10:00:47,10.13,22400,10.13,D
sh603969,银龙股份,2025-09-19 10:01:14,10.13,58800,10.13,D
sh603969,银龙股份,2025-09-19 10:01:56,10.11,37200,10.11,U
sh603969,银龙股份,2025-09-19 10:02:14,10.11,27300,10.11,D
sh603969,银龙股份,2025-09-19 10:02:59,10.12,34500,10.11,U
sh603969,银龙股份,2025-09-19 10:03:02,10.13,29400,10.12,U
sh603969,银龙股份,2025-09-19 10:03:08,10.14,26000,10.13,U
sh603969,银龙股份,2025-09-19 10:05:17,10.1,70600,10.1,D
sh603969,银龙股份,2025-09-19 10:05:26,10.11,23300,10.1,U
sh603969,银龙股份,2025-09-19 10:05:38,10.1,23900,10.11,D
sh603969,银龙股份,2025-09-19 10:06:59,10.1,28100,10.1,U
sh603969,银龙股份,2025-09-19 10:08:14,10.11,20300,10.12,D
sh603969,银龙股份,2025-09-19 10:10:47,10.11,37200,10.1,U
sh603969,银龙股份,2025-09-19 10:11:32,10.1,62300,10.1,D
sh603969,银龙股份,2025-09-19 10:12:29,10.1,33700,10.09,U
sh603969,银龙股份,2025-09-19 10:13:17,10.12,56600,10.11,U
sh603969,银龙股份,2025-09-19 10:13:20,10.12,23200,10.12,U
sh603969,银龙股份,2025-09-19 10:13:56,10.16,68700,10.14,U
sh603969,银龙股份,2025-09-19 10:14:02,10.19,46100,10.17,U
sh603969,银龙股份,2025-09-19 10:14:32,10.16,65000,10.17,D
sh603969,银龙股份,2025-09-19 10:15:35,10.16,31000,10.17,D
sh603969,银龙股份,2025-09-19 10:16:11,10.18,20300,10.17,U
sh603969,银龙股份,2025-09-19 10:16:17,10.18,20000,10.19,D
sh603969,银龙股份,2025-09-19 10:20:20,10.18,26600,10.17,U
sh603969,银龙股份,2025-09-19 10:20:23,10.17,29900,10.18,D
sh603969,银龙股份,2025-09-19 10:27:47,10.19,94900,10.17,U
sh603969,银龙股份,2025-09-19 10:27:53,10.21,263151,10.19,U
sh603969,银龙股份,2025-09-19 10:27:56,10.21,61200,10.21,U
sh603969,银龙股份,2025-09-19 10:27:59,10.22,22200,10.21,U
sh603969,银龙股份,2025-09-19 10:28:02,10.22,83189,10.22,U
sh603969,银龙股份,2025-09-19 10:28:11,10.23,36400,10.23,U
sh603969,银龙股份,2025-09-19 10:28:38,10.26,260900,10.22,U
sh603969,银龙股份,2025-09-19 10:28:41,10.27,416469,10.26,U
sh603969,银龙股份,2025-09-19 10:28:44,10.3,187800,10.27,U
sh603969,银龙股份,2025-09-19 10:28:47,10.3,134300,10.3,U
sh603969,银龙股份,2025-09-19 10:28:50,10.3,112300,10.3,D
sh603969,银龙股份,2025-09-19 10:28:53,10.28,22500,10.3,D
sh603969,银龙股份,2025-09-19 10:28:59,10.29,76100,10.29,U
sh603969,银龙股份,2025-09-19 10:29:02,10.27,32900,10.29,D
sh603969,银龙股份,2025-09-19 10:29:11,10.27,23300,10.28,D
sh603969,银龙股份,2025-09-19 10:29:17,10.27,40900,10.28,D
sh603969,银龙股份,2025-09-19 10:29:26,10.27,43200,10.27,U
sh603969,银龙股份,2025-09-19 10:29:38,10.27,52300,10.27,D
sh603969,银龙股份,2025-09-19 10:31:02,10.26,23400,10.26,D
sh603969,银龙股份,2025-09-19 10:31:05,10.26,26900,10.26,D
sh603969,银龙股份,2025-09-19 10:31:29,10.25,92900,10.25,D
sh603969,银龙股份,2025-09-19 10:32:14,10.26,40100,10.26,U
sh603969,银龙股份,2025-09-19 10:32:26,10.26,42000,10.26,U
sh603969,银龙股份,2025-09-19 10:32:59,10.28,55900,10.27,U
sh603969,银龙股份,2025-09-19 10:33:02,10.29,28800,10.28,U
sh603969,银龙股份,2025-09-19 10:33:05,10.3,27800,10.29,U
sh603969,银龙股份,2025-09-19 10:33:11,10.31,96728,10.3,U
sh603969,银龙股份,2025-09-19 10:33:14,10.32,34252,10.31,U
sh603969,银龙股份,2025-09-19 10:33:17,10.31,22900,10.32,D
sh603969,银龙股份,2025-09-19 10:33:20,10.31,65600,10.31,U
sh603969,银龙股份,2025-09-19 10:33:26,10.31,20800,10.31,D
sh603969,银龙股份,2025-09-19 10:33:29,10.31,30000,10.31,D
sh603969,银龙股份,2025-09-19 10:33:32,10.33,96713,10.31,U
sh603969,银龙股份,2025-09-19 10:33:35,10.33,33681,10.33,D
sh603969,银龙股份,2025-09-19 10:33:38,10.33,29600,10.33,D
sh603969,银龙股份,2025-09-19 10:33:41,10.32,57606,10.33,D
sh603969,银龙股份,2025-09-19 10:34:11,10.31,20800,10.31,D
sh603969,银龙股份,2025-09-19 10:35:05,10.28,40400,10.27,U
sh603969,银龙股份,2025-09-19 10:35:14,10.3,172600,10.27,U
sh603969,银龙股份,2025-09-19 10:35:17,10.31,28500,10.3,U
sh603969,银龙股份,2025-09-19 10:35:26,10.32,40200,10.32,D
sh603969,银龙股份,2025-09-19 10:35:38,10.33,20500,10.33,U
sh603969,银龙股份,2025-09-19 10:35:56,10.33,52800,10.31,U
sh603969,银龙股份,2025-09-19 10:36:20,10.31,26400,10.32,D
sh603969,银龙股份,2025-09-19 10:36:29,10.31,44300,10.31,D
sh603969,银龙股份,2025-09-19 10:36:35,10.3,20600,10.31,D
sh603969,银龙股份,2025-09-19 10:37:26,10.3,20000,10.3,U
sh603969,银龙股份,2025-09-19 10:37:56,10.29,23000,10.3,D
sh603969,银龙股份,2025-09-19 10:38:11,10.29,48600,10.29,D
sh603969,银龙股份,2025-09-19 10:38:53,10.29,30500,10.28,U
sh603969,银龙股份,2025-09-19 10:39:11,10.28,24300,10.28,D
sh603969,银龙股份,2025-09-19 10:39:29,10.27,51000,10.28,D
sh603969,银龙股份,2025-09-19 10:40:38,10.25,53400,10.25,D
sh603969,银龙股份,2025-09-19 10:41:05,10.24,25400,10.26,D
sh603969,银龙股份,2025-09-19 10:41:35,10.27,25600,10.27,D
sh603969,银龙股份,2025-09-19 10:42:05,10.26,19800,10.27,D
sh603969,银龙股份,2025-09-19 10:42:56,10.26,29500,10.26,D
sh603969,银龙股份,2025-09-19 10:43:20,10.25,59200,10.25,D
sh603969,银龙股份,2025-09-19 10:43:38,10.24,24700,10.24,D
sh603969,银龙股份,2025-09-19 10:44:08,10.23,20700,10.24,D
sh603969,银龙股份,2025-09-19 10:44:32,10.24,27600,10.23,U
sh603969,银龙股份,2025-09-19 10:45:11,10.25,26300,10.26,D
sh603969,银龙股份,2025-09-19 10:45:17,10.25,49400,10.25,D
sh603969,银龙股份,2025-09-19 10:46:17,10.22,20100,10.22,U
sh603969,银龙股份,2025-09-19 10:48:08,10.23,30600,10.23,D
sh603969,银龙股份,2025-09-19 10:49:05,10.22,82369,10.23,D
sh603969,银龙股份,2025-09-19 10:49:08,10.21,21700,10.22,D
sh603969,银龙股份,2025-09-19 10:51:53,10.2,29400,10.2,D
sh603969,银龙股份,2025-09-19 10:52:11,10.2,31900,10.2,D
sh603969,银龙股份,2025-09-19 10:52:14,10.19,54500,10.2,D
sh603969,银龙股份,2025-09-19 10:52:47,10.19,21000,10.2,D
sh603969,银龙股份,2025-09-19 10:53:08,10.19,26200,10.19,U
sh603969,银龙股份,2025-09-19 10:53:14,10.18,29200,10.18,D
sh603969,银龙股份,2025-09-19 10:55:05,10.17,122300,10.17,D
sh603969,银龙股份,2025-09-19 10:55:08,10.17,37900,10.17,U
sh603969,银龙股份,2025-09-19 10:55:41,10.17,27300,10.17,U
sh603969,银龙股份,2025-09-19 10:57:47,10.13,60300,10.14,D
sh603969,银龙股份,2025-09-19 10:58:38,10.12,48600,10.13,D
sh603969,银龙股份,2025-09-19 10:58:41,10.12,24800,10.12,U
sh603969,银龙股份,2025-09-19 10:59:38,10.14,21600,10.14,U
sh603969,银龙股份,2025-09-19 10:59:47,10.14,22700,10.14,D
sh603969,银龙股份,2025-09-19 10:59:53,10.15,21300,10.14,U
sh603969,银龙股份,2025-09-19 11:00:14,10.15,29500,10.14,U
sh603969,银龙股份,2025-09-19 11:00:32,10.15,20300,10.15,D
sh603969,银龙股份,2025-09-19 11:02:35,10.15,21800,10.15,D
sh603969,银龙股份,2025-09-19 11:02:38,10.14,109100,10.15,D
sh603969,银龙股份,2025-09-19 11:03:20,10.14,24431,10.14,U
sh603969,银龙股份,2025-09-19 11:04:08,10.14,71600,10.15,D
sh603969,银龙股份,2025-09-19 11:05:11,10.15,22500,10.14,U
sh603969,银龙股份,2025-09-19 11:06:32,10.16,34110,10.16,U
sh603969,银龙股份,2025-09-19 11:09:29,10.18,120000,10.19,D
sh603969,银龙股份,2025-09-19 11:12:38,10.16,40600,10.18,D
sh603969,银龙股份,2025-09-19 11:14:11,10.17,20000,10.17,U
sh603969,银龙股份,2025-09-19 11:14:35,10.17,34000,10.16,U
sh603969,银龙股份,2025-09-19 11:22:20,10.16,20100,10.15,U
sh603969,银龙股份,2025-09-19 11:23:11,10.16,25000,10.15,U
sh603969,银龙股份,2025-09-19 11:25:44,10.16,36300,10.17,D
sh603969,银龙股份,2025-09-19 11:26:11,10.16,31800,10.16,D
sh603969,银龙股份,2025-09-19 11:29:26,10.17,20200,10.17,D
sh603969,银龙股份,2025-09-19 11:29:53,10.17,115100,10.17,D
sh603969,银龙股份,2025-09-19 13:00:02,10.17,120000,10.16,U
sh603969,银龙股份,2025-09-19 13:00:05,10.17,21800,10.17,U
sh603969,银龙股份,2025-09-19 13:00:14,10.17,28300,10.17,D
sh603969,银龙股份,2025-09-19 13:00:35,10.2,101002,10.18,U
sh603969,银龙股份,2025-09-19 13:00:38,10.21,55410,10.2,U
sh603969,银龙股份,2025-09-19 13:00:44,10.22,42300,10.21,U
sh603969,银龙股份,2025-09-19 13:00:47,10.24,21100,10.22,U
sh603969,银龙股份,2025-09-19 13:00:50,10.25,27000,10.24,U
sh603969,银龙股份,2025-09-19 13:00:53,10.26,26800,10.25,U
sh603969,银龙股份,2025-09-19 13:00:59,10.27,27800,10.26,U
sh603969,银龙股份,2025-09-19 13:01:11,10.27,23900,10.27,U
sh603969,银龙股份,2025-09-19 13:01:14,10.27,45400,10.27,U
sh603969,银龙股份,2025-09-19 13:06:26,10.23,23100,10.22,U
sh603969,银龙股份,2025-09-19 13:06:35,10.23,23000,10.23,U
sh603969,银龙股份,2025-09-19 13:09:11,10.22,20500,10.22,D
sh603969,银龙股份,2025-09-19 13:10:35,10.24,20946,10.24,U
sh603969,银龙股份,2025-09-19 13:11:20,10.24,81000,10.25,D
sh603969,银龙股份,2025-09-19 13:16:02,10.21,23900,10.22,D
sh603969,银龙股份,2025-09-19 13:17:29,10.2,164615,10.2,U
sh603969,银龙股份,2025-09-19 13:18:23,10.17,24400,10.19,D
sh603969,银龙股份,2025-09-19 13:19:35,10.16,25900,10.17,D
sh603969,银龙股份,2025-09-19 13:20:14,10.16,33300,10.17,D
sh603969,银龙股份,2025-09-19 13:21:20,10.16,19700,10.16,U
sh603969,银龙股份,2025-09-19 13:22:53,10.16,20800,10.16,D
sh603969,银龙股份,2025-09-19 13:23:02,10.16,21000,10.17,D
sh603969,银龙股份,2025-09-19 13:25:05,10.17,19700,10.17,U
sh603969,银龙股份,2025-09-19 13:25:11,10.17,21400,10.17,U
sh603969,银龙股份,2025-09-19 13:26:02,10.14,176000,10.16,D
sh603969,银龙股份,2025-09-19 13:28:35,10.16,33200,10.16,U
sh603969,银龙股份,2025-09-19 13:29:14,10.16,30000,10.16,D
sh603969,银龙股份,2025-09-19 13:29:47,10.17,22700,10.17,U
sh603969,银龙股份,2025-09-19 13:30:44,10.17,60200,10.17,D
sh603969,银龙股份,2025-09-19 13:32:08,10.18,23800,10.18,U
sh603969,银龙股份,2025-09-19 13:32:20,10.17,30500,10.17,D
sh603969,银龙股份,2025-09-19 13:32:35,10.16,48800,10.16,D
sh603969,银龙股份,2025-09-19 13:32:56,10.16,58700,10.16,D
sh603969,银龙股份,2025-09-19 13:33:11,10.15,56351,10.15,D
sh603969,银龙股份,2025-09-19 13:33:20,10.14,185249,10.15,D
sh603969,银龙股份,2025-09-19 13:35:11,10.13,20300,10.15,D
sh603969,银龙股份,2025-09-19 13:35:59,10.12,104200,10.14,D
sh603969,银龙股份,2025-09-19 13:36:02,10.12,24600,10.12,D
sh603969,银龙股份,2025-09-19 13:37:32,10.13,30200,10.13,U
sh603969,银龙股份,2025-09-19 13:38:38,10.13,42100,10.13,D
sh603969,银龙股份,2025-09-19 13:38:50,10.13,25800,10.13,U
sh603969,银龙股份,2025-09-19 13:39:20,10.15,103500,10.14,U
sh603969,银龙股份,2025-09-19 13:41:02,10.13,25900,10.14,D
sh603969,银龙股份,2025-09-19 13:41:05,10.13,31600,10.13,D
sh603969,银龙股份,2025-09-19 13:41:41,10.13,27100,10.13,U
sh603969,银龙股份,2025-09-19 13:42:23,10.14,50000,10.14,D
sh603969,银龙股份,2025-09-19 13:45:56,10.14,20600,10.15,D
sh603969,银龙股份,2025-09-19 13:49:08,10.14,65000,10.13,U
sh603969,银龙股份,2025-09-19 13:49:50,10.15,42300,10.14,U
sh603969,银龙股份,2025-09-19 13:50:20,10.14,39500,10.15,D
sh603969,银龙股份,2025-09-19 13:50:53,10.14,58200,10.14,U
sh603969,银龙股份,2025-09-19 13:51:08,10.15,28100,10.14,U
sh603969,银龙股份,2025-09-19 13:51:26,10.16,34600,10.16,U
sh603969,银龙股份,2025-09-19 13:51:41,10.18,35900,10.18,U
sh603969,银龙股份,2025-09-19 13:52:35,10.18,28200,10.18,D
sh603969,银龙股份,2025-09-19 13:53:05,10.21,305200,10.18,U
sh603969,银龙股份,2025-09-19 13:54:59,10.17,232500,10.17,D
sh603969,银龙股份,2025-09-19 13:56:08,10.21,42900,10.22,D
sh603969,银龙股份,2025-09-19 13:57:02,10.3,824735,10.22,U
sh603969,银龙股份,2025-09-19 13:57:05,10.31,241400,10.3,D
sh603969,银龙股份,2025-09-19 13:57:08,10.3,76200,10.31,D
sh603969,银龙股份,2025-09-19 13:57:17,10.32,98900,10.3,U
sh603969,银龙股份,2025-09-19 13:57:20,10.3,207800,10.32,D
sh603969,银龙股份,2025-09-19 13:57:26,10.3,26700,10.3,D
sh603969,银龙股份,2025-09-19 13:57:41,10.29,37700,10.28,U
sh603969,银龙股份,2025-09-19 13:57:47,10.3,21600,10.29,U
sh603969,银龙股份,2025-09-19 14:00:02,10.25,26100,10.25,D
sh603969,银龙股份,2025-09-19 14:00:35,10.22,30400,10.24,D
sh603969,银龙股份,2025-09-19 14:01:08,10.22,30800,10.22,U
sh603969,银龙股份,2025-09-19 14:01:23,10.23,49751,10.22,U
sh603969,银龙股份,2025-09-19 14:01:26,10.25,22300,10.23,U
sh603969,银龙股份,2025-09-19 14:01:29,10.24,33500,10.25,E
sh603969,银龙股份,2025-09-19 14:01:59,10.25,35000,10.25,U
sh603969,银龙股份,2025-09-19 14:02:05,10.27,37100,10.25,U
sh603969,银龙股份,2025-09-19 14:02:08,10.3,48500,10.27,U
sh603969,银龙股份,2025-09-19 14:02:20,10.3,48700,10.29,U
sh603969,银龙股份,2025-09-19 14:02:29,10.3,91003,10.3,U
sh603969,银龙股份,2025-09-19 14:02:35,10.3,22100,10.31,D
sh603969,银龙股份,2025-09-19 14:02:38,10.31,21300,10.3,E
sh603969,银龙股份,2025-09-19 14:02:47,10.31,20200,10.31,U
sh603969,银龙股份,2025-09-19 14:02:56,10.29,49497,10.3,D
sh603969,银龙股份,2025-09-19 14:03:02,10.3,78000,10.29,U
sh603969,银龙股份,2025-09-19 14:03:05,10.31,38200,10.3,U
sh603969,银龙股份,2025-09-19 14:03:11,10.34,139400,10.3,U
sh603969,银龙股份,2025-09-19 14:03:20,10.34,54900,10.33,U
sh603969,银龙股份,2025-09-19 14:03:23,10.33,20800,10.34,E
sh603969,银龙股份,2025-09-19 14:03:26,10.33,47500,10.33,U
sh603969,银龙股份,2025-09-19 14:03:29,10.34,19700,10.33,U
sh603969,银龙股份,2025-09-19 14:03:35,10.33,24200,10.33,D
sh603969,银龙股份,2025-09-19 14:03:41,10.34,34600,10.34,U
sh603969,银龙股份,2025-09-19 14:03:53,10.33,53000,10.33,U
sh603969,银龙股份,2025-09-19 14:04:29,10.32,46079,10.31,U
sh603969,银龙股份,2025-09-19 14:05:11,10.32,39000,10.32,U
sh603969,银龙股份,2025-09-19 14:05:17,10.33,64400,10.32,U
sh603969,银龙股份,2025-09-19 14:06:05,10.34,23000,10.33,U
sh603969,银龙股份,2025-09-19 14:06:29,10.32,46200,10.33,D
sh603969,银龙股份,2025-09-19 14:06:56,10.33,39000,10.31,U
sh603969,银龙股份,2025-09-19 14:07:32,10.31,28705,10.32,D
sh603969,银龙股份,2025-09-19 14:07:38,10.31,52600,10.31,D
sh603969,银龙股份,2025-09-19 14:07:50,10.3,59895,10.31,D
sh603969,银龙股份,2025-09-19 14:08:35,10.29,19800,10.28,U
sh603969,银龙股份,2025-09-19 14:08:56,10.28,20000,10.28,D
sh603969,银龙股份,2025-09-19 14:09:32,10.27,51100,10.27,D
sh603969,银龙股份,2025-09-19 14:09:41,10.27,20000,10.27,D
sh603969,银龙股份,2025-09-19 14:10:02,10.25,30400,10.27,D
sh603969,银龙股份,2025-09-19 14:11:17,10.24,21600,10.24,D
sh603969,银龙股份,2025-09-19 14:11:32,10.25,23700,10.24,U
sh603969,银龙股份,2025-09-19 14:12:05,10.34,867893,10.25,U
sh603969,银龙股份,2025-09-19 14:12:20,10.31,23200,10.32,E
sh603969,银龙股份,2025-09-19 14:13:59,10.29,78400,10.3,D
sh603969,银龙股份,2025-09-19 14:16:02,10.29,23531,10.29,U
sh603969,银龙股份,2025-09-19 14:16:08,10.29,28600,10.28,U
sh603969,银龙股份,2025-09-19 14:17:11,10.3,44900,10.3,U
sh603969,银龙股份,2025-09-19 14:18:47,10.3,20200,10.3,D
sh603969,银龙股份,2025-09-19 14:19:59,10.3,97300,10.3,D
sh603969,银龙股份,2025-09-19 14:20:29,10.3,20300,10.3,D
sh603969,银龙股份,2025-09-19 14:21:14,10.33,467300,10.29,U
sh603969,银龙股份,2025-09-19 14:21:35,10.33,42900,10.33,D
sh603969,银龙股份,2025-09-19 14:21:44,10.3,50100,10.33,D
sh603969,银龙股份,2025-09-19 14:22:11,10.31,34400,10.32,D
sh603969,银龙股份,2025-09-19 14:23:08,10.31,38300,10.31,U
sh603969,银龙股份,2025-09-19 14:23:47,10.32,21800,10.31,U
sh603969,银龙股份,2025-09-19 14:23:59,10.32,37000,10.32,U
sh603969,银龙股份,2025-09-19 14:24:29,10.33,29300,10.33,U
sh603969,银龙股份,2025-09-19 14:24:41,10.4,822184,10.33,U
sh603969,银龙股份,2025-09-19 14:24:44,10.41,30713,10.4,U
sh603969,银龙股份,2025-09-19 14:24:47,10.41,20400,10.41,E
sh603969,银龙股份,2025-09-19 14:25:05,10.4,155900,10.41,D
sh603969,银龙股份,2025-09-19 14:25:17,10.41,90600,10.4,U
sh603969,银龙股份,2025-09-19 14:25:20,10.38,25200,10.41,D
sh603969,银龙股份,2025-09-19 14:25:44,10.4,34700,10.4,U
sh603969,银龙股份,2025-09-19 14:25:50,10.41,24700,10.4,U
sh603969,银龙股份,2025-09-19 14:25:56,10.41,22000,10.41,U
sh603969,银龙股份,2025-09-19 14:26:11,10.4,19600,10.4,U
sh603969,银龙股份,2025-09-19 14:26:17,10.39,51800,10.4,D
sh603969,银龙股份,2025-09-19 14:26:23,10.41,45613,10.4,U
sh603969,银龙股份,2025-09-19 14:26:38,10.42,32500,10.42,U
sh603969,银龙股份,2025-09-19 14:27:05,10.4,23100,10.4,D
sh603969,银龙股份,2025-09-19 14:27:08,10.39,21600,10.4,D
sh603969,银龙股份,2025-09-19 14:27:29,10.4,44500,10.4,U
sh603969,银龙股份,2025-09-19 14:27:44,10.4,22700,10.4,U
sh603969,银龙股份,2025-09-19 14:27:47,10.41,65513,10.4,U
sh603969,银龙股份,2025-09-19 14:29:17,10.39,68500,10.39,D
sh603969,银龙股份,2025-09-19 14:30:02,10.38,71200,10.38,D
sh603969,银龙股份,2025-09-19 14:31:35,10.38,57700,10.38,U
sh603969,银龙股份,2025-09-19 14:32:20,10.4,85454,10.4,U
sh603969,银龙股份,2025-09-19 14:32:59,10.41,52000,10.41,U
sh603969,银龙股份,2025-09-19 14:33:05,10.4,49100,10.4,D
sh603969,银龙股份,2025-09-19 14:33:11,10.38,101200,10.4,D
sh603969,银龙股份,2025-09-19 14:33:14,10.39,22400,10.38,U
sh603969,银龙股份,2025-09-19 14:33:20,10.38,41551,10.39,D
sh603969,银龙股份,2025-09-19 14:33:56,10.37,65265,10.37,D
sh603969,银龙股份,2025-09-19 14:34:02,10.38,62000,10.37,U
sh603969,银龙股份,2025-09-19 14:34:53,10.4,52800,10.4,U
sh603969,银龙股份,2025-09-19 14:36:02,10.39,59700,10.39,D
sh603969,银龙股份,2025-09-19 14:36:05,10.4,19400,10.39,U
sh603969,银龙股份,2025-09-19 14:36:14,10.4,27800,10.4,U
sh603969,银龙股份,2025-09-19 14:36:23,10.4,25900,10.4,U
sh603969,银龙股份,2025-09-19 14:36:50,10.42,72800,10.41,U
sh603969,银龙股份,2025-09-19 14:36:53,10.42,58700,10.42,U
sh603969,银龙股份,2025-09-19 14:37:17,10.43,72254,10.43,U
sh603969,银龙股份,2025-09-19 14:37:20,10.44,25000,10.43,U
sh603969,银龙股份,2025-09-19 14:37:23,10.43,20300,10.44,D
sh603969,银龙股份,2025-09-19 14:37:35,10.44,44100,10.44,D
sh603969,银龙股份,2025-09-19 14:37:41,10.44,30500,10.45,D
sh603969,银龙股份,2025-09-19 14:37:44,10.45,82900,10.44,U
sh603969,银龙股份,2025-09-19 14:37:47,10.45,53300,10.45,U
sh603969,银龙股份,2025-09-19 14:38:02,10.42,151759,10.44,D
sh603969,银龙股份,2025-09-19 14:38:05,10.44,31300,10.42,E
sh603969,银龙股份,2025-09-19 14:38:11,10.44,103000,10.43,U
sh603969,银龙股份,2025-09-19 14:38:53,10.43,24200,10.43,D
sh603969,银龙股份,2025-09-19 14:39:11,10.44,32251,10.43,U
sh603969,银龙股份,2025-09-19 14:39:14,10.43,22849,10.44,D
sh603969,银龙股份,2025-09-19 14:39:20,10.43,23700,10.43,D
sh603969,银龙股份,2025-09-19 14:39:29,10.44,23300,10.44,D
sh603969,银龙股份,2025-09-19 14:39:41,10.46,24400,10.45,U
sh603969,银龙股份,2025-09-19 14:39:59,10.45,77200,10.45,D
sh603969,银龙股份,2025-09-19 14:40:05,10.44,19200,10.46,D
sh603969,银龙股份,2025-09-19 14:40:08,10.44,22700,10.44,U
sh603969,银龙股份,2025-09-19 14:40:11,10.44,21100,10.44,D
sh603969,银龙股份,2025-09-19 14:40:14,10.45,29400,10.44,U
sh603969,银龙股份,2025-09-19 14:40:17,10.43,25700,10.45,D
sh603969,银龙股份,2025-09-19 14:40:41,10.45,29200,10.43,U
sh603969,银龙股份,2025-09-19 14:41:02,10.43,25100,10.44,D
sh603969,银龙股份,2025-09-19 14:41:05,10.43,31000,10.43,D
sh603969,银龙股份,2025-09-19 14:41:17,10.42,20200,10.43,D
sh603969,银龙股份,2025-09-19 14:41:35,10.42,20100,10.43,D
sh603969,银龙股份,2025-09-19 14:41:44,10.42,29300,10.42,U
sh603969,银龙股份,2025-09-19 14:42:26,10.42,24900,10.42,D
sh603969,银龙股份,2025-09-19 14:42:53,10.41,45700,10.42,D
sh603969,银龙股份,2025-09-19 14:45:50,10.39,72200,10.38,U
sh603969,银龙股份,2025-09-19 14:46:08,10.38,58100,10.38,D
sh603969,银龙股份,2025-09-19 14:46:17,10.38,27100,10.38,D
sh603969,银龙股份,2025-09-19 14:46:23,10.38,20800,10.38,D
sh603969,银龙股份,2025-09-19 14:46:32,10.38,19669,10.38,D
sh603969,银龙股份,2025-09-19 14:47:11,10.37,44600,10.37,D
sh603969,银龙股份,2025-09-19 14:47:14,10.36,35000,10.37,D
sh603969,银龙股份,2025-09-19 14:47:26,10.35,116434,10.37,D
sh603969,银龙股份,2025-09-19 14:47:47,10.34,23400,10.35,D
sh603969,银龙股份,2025-09-19 14:49:14,10.39,204800,10.36,U
sh603969,银龙股份,2025-09-19 14:50:35,10.37,25500,10.38,D
sh603969,银龙股份,2025-09-19 14:50:50,10.4,201000,10.37,U
sh603969,银龙股份,2025-09-19 14:51:17,10.38,26800,10.38,U
sh603969,银龙股份,2025-09-19 14:51:29,10.41,101100,10.38,U
sh603969,银龙股份,2025-09-19 14:52:02,10.39,31200,10.39,U
sh603969,银龙股份,2025-09-19 14:52:05,10.39,21600,10.39,U
sh603969,银龙股份,2025-09-19 14:52:26,10.38,36500,10.38,E
sh603969,银龙股份,2025-09-19 14:52:35,10.38,254300,10.37,U
sh603969,银龙股份,2025-09-19 14:53:14,10.39,215000,10.39,U
sh603969,银龙股份,2025-09-19 14:53:53,10.41,30800,10.41,U
sh603969,银龙股份,2025-09-19 14:54:02,10.41,28400,10.42,D
sh603969,银龙股份,2025-09-19 14:54:05,10.4,28900,10.41,D
sh603969,银龙股份,2025-09-19 14:54:56,10.41,30700,10.4,U
sh603969,银龙股份,2025-09-19 14:54:59,10.41,182800,10.41,D
sh603969,银龙股份,2025-09-19 14:55:02,10.44,176000,10.41,U
sh603969,银龙股份,2025-09-19 14:55:11,10.4,21120,10.4,D
sh603969,银龙股份,2025-09-19 14:55:38,10.42,43900,10.42,E
sh603969,银龙股份,2025-09-19 14:55:41,10.42,151900,10.42,U
sh603969,银龙股份,2025-09-19 14:55:50,10.4,30300,10.42,D
sh603969,银龙股份,2025-09-19 14:55:59,10.42,170700,10.41,D
sh603969,银龙股份,2025-09-19 14:56:02,10.41,46200,10.42,E
sh603969,银龙股份,2025-09-19 14:56:05,10.41,38100,10.41,U
sh603969,银龙股份,2025-09-19 14:56:17,10.41,19300,10.42,D
sh603969,银龙股份,2025-09-19 14:56:20,10.41,30000,10.41,U
sh603969,银龙股份,2025-09-19 14:56:26,10.42,25000,10.41,U
sh603969,银龙股份,2025-09-19 14:56:44,10.42,221100,10.42,U
sh603969,银龙股份,2025-09-19 14:56:50,10.42,120700,10.43,D
sh603969,银龙股份,2025-09-19 14:56:53,10.43,28900,10.42,U
sh603969,银龙股份,2025-09-19 14:56:59,10.43,57000,10.43,U
sh603969,银龙股份,2025-09-19 15:00:04,10.45,707685,10.44,U
