symbol,name,ticktime,price,volume,prev_price,kind
sh603969,银龙股份,2025-09-25 09:25:02,10.35,55210,0.0,U
sh603969,银龙股份,2025-09-25 09:30:21,10.36,26110,10.35,U
sh603969,银龙股份,2025-09-25 09:30:27,10.36,22000,10.35,E
sh603969,银龙股份,2025-09-25 09:30:45,10.38,20300,10.36,U
sh603969,银龙股份,2025-09-25 09:31:03,10.39,26400,10.4,D
sh603969,银龙股份,2025-09-25 09:31:12,10.42,20200,10.41,U
sh603969,银龙股份,2025-09-25 09:31:15,10.4,26800,10.42,D
sh603969,银龙股份,2025-09-25 09:31:33,10.38,49000,10.38,D
sh603969,银龙股份,2025-09-25 09:31:45,10.38,190100,10.38,D
sh603969,银龙股份,2025-09-25 09:32:09,10.39,34500,10.37,U
sh603969,银龙股份,2025-09-25 09:32:15,10.4,23100,10.39,U
sh603969,银龙股份,2025-09-25 09:33:09,10.41,19300,10.4,U
sh603969,银龙股份,2025-09-25 09:33:45,10.39,29400,10.39,D
sh603969,银龙股份,2025-09-25 09:34:33,10.43,199331,10.41,U
sh603969,银龙股份,2025-09-25 09:34:36,10.43,28800,10.43,U
sh603969,银龙股份,2025-09-25 09:34:54,10.43,21100,10.43,U
sh603969,银龙股份,2025-09-25 09:35:09,10.41,33400,10.43,D
sh603969,银龙股份,2025-09-25 09:35:48,10.4,20000,10.42,D
sh603969,银龙股份,2025-09-25 09:36:48,10.39,25700,10.4,D
sh603969,银龙股份,2025-09-25 09:37:03,10.37,104000,10.39,D
sh603969,银龙股份,2025-09-25 09:37:42,10.35,34900,10.36,D
sh603969,银龙股份,2025-09-25 09:37:45,10.38,32700,10.35,U
sh603969,银龙股份,2025-09-25 09:38:06,10.37,24400,10.37,D
sh603969,银龙股份,2025-09-25 09:39:30,10.32,40500,10.33,D
sh603969,银龙股份,2025-09-25 09:39:48,10.32,30500,10.31,U
sh603969,银龙股份,2025-09-25 09:40:54,10.34,30400,10.33,U
sh603969,银龙股份,2025-09-25 09:41:06,10.33,24200,10.33,D
sh603969,银龙股份,2025-09-25 09:41:24,10.32,21400,10.32,U
sh603969,银龙股份,2025-09-25 09:42:21,10.3,45900,10.31,D
sh603969,银龙股份,2025-09-25 09:42:24,10.3,27300,10.3,U
sh603969,银龙股份,2025-09-25 09:42:51,10.29,44400,10.29,D
sh603969,银龙股份,2025-09-25 09:43:15,10.29,60300,10.27,U
sh603969,银龙股份,2025-09-25 09:43:24,10.27,100600,10.27,D
sh603969,银龙股份,2025-09-25 09:43:30,10.27,22800,10.27,E
sh603969,银龙股份,2025-09-25 09:43:57,10.29,27500,10.28,U
sh603969,银龙股份,2025-09-25 09:45:36,10.27,55300,10.28,D
sh603969,银龙股份,2025-09-25 09:46:24,10.25,32300,10.26,D
sh603969,银龙股份,2025-09-25 09:46:27,10.26,25700,10.25,U
sh603969,银龙股份,2025-09-25 09:46:45,10.25,32900,10.25,D
sh603969,银龙股份,2025-09-25 09:47:27,10.24,70000,10.24,D
sh603969,银龙股份,2025-09-25 09:48:30,10.24,57000,10.24,D
sh603969,银龙股份,2025-09-25 09:48:48,10.22,23200,10.23,D
sh603969,银龙股份,2025-09-25 09:48:51,10.22,71400,10.22,D
sh603969,银龙股份,2025-09-25 09:49:51,10.22,203500,10.23,D
sh603969,银龙股份,2025-09-25 09:50:03,10.2,80600,10.22,D
sh603969,银龙股份,2025-09-25 09:50:06,10.2,113000,10.2,U
sh603969,银龙股份,2025-09-25 09:50:09,10.2,123500,10.2,U
sh603969,银龙股份,2025-09-25 09:50:48,10.2,21100,10.2,D
sh603969,银龙股份,2025-09-25 09:52:27,10.2,33600,10.2,U
sh603969,银龙股份,2025-09-25 09:53:27,10.22,29400,10.22,D
sh603969,银龙股份,2025-09-25 09:53:39,10.21,33000,10.21,D
sh603969,银龙股份,2025-09-25 09:53:51,10.21,23200,10.21,D
sh603969,银龙股份,2025-09-25 09:53:57,10.22,21300,10.21,U
sh603969,银龙股份,2025-09-25 09:55:27,10.21,25000,10.21,D
sh603969,银龙股份,2025-09-25 09:56:00,10.22,30700,10.21,U
sh603969,银龙股份,2025-09-25 09:56:33,10.24,30000,10.23,U
sh603969,银龙股份,2025-09-25 09:56:54,10.22,27000,10.23,D
sh603969,银龙股份,2025-09-25 09:57:24,10.24,24000,10.23,U
sh603969,银龙股份,2025-09-25 09:57:42,10.23,21100,10.23,D
sh603969,银龙股份,2025-09-25 09:58:03,10.22,41600,10.23,D
sh603969,银龙股份,2025-09-25 09:58:24,10.21,48500,10.22,D
sh603969,银龙股份,2025-09-25 10:02:33,10.25,32421,10.24,U
sh603969,银龙股份,2025-09-25 10:03:48,10.28,39900,10.27,U
sh603969,银龙股份,2025-09-25 10:04:12,10.25,74700,10.26,D
sh603969,银龙股份,2025-09-25 10:04:21,10.24,24879,10.25,D
sh603969,银龙股份,2025-09-25 10:05:09,10.24,20000,10.22,U
sh603969,银龙股份,2025-09-25 10:05:51,10.22,26000,10.22,D
sh603969,银龙股份,2025-09-25 10:07:21,10.23,36900,10.22,U
sh603969,银龙股份,2025-09-25 10:07:48,10.22,25700,10.22,D
sh603969,银龙股份,2025-09-25 10:13:51,10.22,33000,10.23,D
sh603969,银龙股份,2025-09-25 10:14:27,10.2,108200,10.21,D
sh603969,银龙股份,2025-09-25 10:15:00,10.19,218500,10.21,D
sh603969,银龙股份,2025-09-25 10:15:06,10.2,21400,10.2,U
sh603969,银龙股份,2025-09-25 10:15:36,10.2,20100,10.2,D
sh603969,银龙股份,2025-09-25 10:18:33,10.2,82682,10.2,D
sh603969,银龙股份,2025-09-25 10:19:06,10.19,205418,10.21,D
sh603969,银龙股份,2025-09-25 10:19:09,10.19,26400,10.19,D
sh603969,银龙股份,2025-09-25 10:19:39,10.18,169100,10.19,D
sh603969,银龙股份,2025-09-25 10:19:42,10.17,39900,10.18,D
sh603969,银龙股份,2025-09-25 10:24:36,10.18,21300,10.2,D
sh603969,银龙股份,2025-09-25 10:27:24,10.2,19900,10.2,D
sh603969,银龙股份,2025-09-25 10:29:57,10.2,20700,10.2,D
sh603969,银龙股份,2025-09-25 10:34:36,10.2,41600,10.21,D
sh603969,银龙股份,2025-09-25 10:35:09,10.21,57600,10.2,U
sh603969,银龙股份,2025-09-25 10:36:09,10.21,23000,10.2,U
sh603969,银龙股份,2025-09-25 10:36:21,10.21,37600,10.21,D
sh603969,银龙股份,2025-09-25 10:36:42,10.22,74900,10.21,U
sh603969,银龙股份,2025-09-25 10:36:45,10.22,58300,10.22,U
sh603969,银龙股份,2025-09-25 10:36:48,10.22,24300,10.22,U
sh603969,银龙股份,2025-09-25 10:37:42,10.23,24400,10.22,U
sh603969,银龙股份,2025-09-25 10:38:12,10.21,51500,10.22,D
sh603969,银龙股份,2025-09-25 10:38:15,10.2,44800,10.21,D
sh603969,银龙股份,2025-09-25 10:38:33,10.19,27300,10.19,D
sh603969,银龙股份,2025-09-25 10:38:36,10.2,20400,10.19,U
sh603969,银龙股份,2025-09-25 10:39:12,10.2,29200,10.2,U
sh603969,银龙股份,2025-09-25 10:39:15,10.2,36600,10.2,U
sh603969,银龙股份,2025-09-25 10:39:24,10.2,27600,10.2,U
sh603969,银龙股份,2025-09-25 10:39:27,10.2,43300,10.2,U
sh603969,银龙股份,2025-09-25 10:40:42,10.2,64100,10.21,D
sh603969,银龙股份,2025-09-25 10:40:45,10.21,100400,10.2,U
sh603969,银龙股份,2025-09-25 10:42:39,10.23,401000,10.23,U
sh603969,银龙股份,2025-09-25 10:57:42,10.23,27000,10.24,D
sh603969,银龙股份,2025-09-25 10:58:06,10.22,55500,10.24,D
sh603969,银龙股份,2025-09-25 11:01:12,10.23,25700,10.21,U
sh603969,银龙股份,2025-09-25 11:06:39,10.2,194200,10.21,D
sh603969,银龙股份,2025-09-25 11:07:39,10.21,27000,10.21,U
sh603969,银龙股份,2025-09-25 11:11:00,10.23,61200,10.22,U
sh603969,银龙股份,2025-09-25 11:11:51,10.22,53300,10.22,D
sh603969,银龙股份,2025-09-25 11:27:15,10.25,22200,10.24,U
sh603969,银龙股份,2025-09-25 11:27:54,10.24,125800,10.25,D
sh603969,银龙股份,2025-09-25 11:28:27,10.26,50000,10.25,U
sh603969,银龙股份,2025-09-25 11:28:30,10.26,80700,10.26,U
sh603969,银龙股份,2025-09-25 11:28:36,10.3,148600,10.28,U
sh603969,银龙股份,2025-09-25 11:28:48,10.3,60000,10.3,U
sh603969,银龙股份,2025-09-25 11:29:09,10.3,23900,10.31,D
sh603969,银龙股份,2025-09-25 13:01:12,10.27,26000,10.28,D
sh603969,银龙股份,2025-09-25 13:01:48,10.24,21800,10.25,D
sh603969,银龙股份,2025-09-25 13:02:12,10.26,23900,10.24,U
sh603969,银龙股份,2025-09-25 13:06:45,10.27,27400,10.27,U
sh603969,银龙股份,2025-09-25 13:09:45,10.28,34000,10.28,D
sh603969,银龙股份,2025-09-25 13:09:48,10.27,28000,10.28,D
sh603969,银龙股份,2025-09-25 13:09:51,10.28,21900,10.27,U
sh603969,银龙股份,2025-09-25 13:10:09,10.26,21200,10.25,U
sh603969,银龙股份,2025-09-25 13:13:12,10.25,61500,10.25,D
sh603969,银龙股份,2025-09-25 13:13:48,10.24,31800,10.25,D
sh603969,银龙股份,2025-09-25 13:17:33,10.22,67900,10.23,D
sh603969,银龙股份,2025-09-25 13:17:45,10.21,21200,10.22,D
sh603969,银龙股份,2025-09-25 13:23:51,10.24,28800,10.22,U
sh603969,银龙股份,2025-09-25 13:24:57,10.29,201600,10.23,U
sh603969,银龙股份,2025-09-25 13:26:12,10.25,40800,10.25,D
sh603969,银龙股份,2025-09-25 13:26:36,10.28,40000,10.27,U
sh603969,银龙股份,2025-09-25 13:28:21,10.29,50000,10.28,U
sh603969,银龙股份,2025-09-25 13:28:36,10.29,21600,10.28,U
sh603969,银龙股份,2025-09-25 13:28:48,10.32,62300,10.29,U
sh603969,银龙股份,2025-09-25 13:30:18,10.26,172300,10.26,U
sh603969,银龙股份,2025-09-25 13:32:24,10.23,25600,10.24,D
sh603969,银龙股份,2025-09-25 13:32:57,10.22,24300,10.22,D
sh603969,银龙股份,2025-09-25 13:39:09,10.22,22900,10.23,D
sh603969,银龙股份,2025-09-25 13:41:39,10.22,28400,10.22,D
sh603969,银龙股份,2025-09-25 13:45:24,10.21,67600,10.22,D
sh603969,银龙股份,2025-09-25 13:45:54,10.2,23200,10.21,D
sh603969,银龙股份,2025-09-25 13:48:18,10.2,21400,10.2,D
sh603969,银龙股份,2025-09-25 13:48:27,10.21,25500,10.2,U
sh603969,银龙股份,2025-09-25 13:48:48,10.25,20000,10.21,U
sh603969,银龙股份,2025-09-25 13:49:21,10.23,50100,10.26,U
sh603969,银龙股份,2025-09-25 13:54:36,10.23,20000,10.23,U
sh603969,银龙股份,2025-09-25 14:02:39,10.22,41800,10.21,U
sh603969,银龙股份,2025-09-25 14:03:03,10.24,57500,10.21,U
sh603969,银龙股份,2025-09-25 14:03:12,10.25,30600,10.24,U
sh603969,银龙股份,2025-09-25 14:03:18,10.25,20900,10.24,U
sh603969,银龙股份,2025-09-25 14:03:30,10.28,30000,10.25,U
sh603969,银龙股份,2025-09-25 14:03:36,10.28,20000,10.27,U
sh603969,银龙股份,2025-09-25 14:03:39,10.28,34500,10.28,U
sh603969,银龙股份,2025-09-25 14:03:42,10.28,20800,10.28,U
sh603969,银龙股份,2025-09-25 14:03:48,10.29,50000,10.28,U
sh603969,银龙股份,2025-09-25 14:03:51,10.3,51000,10.29,U
sh603969,银龙股份,2025-09-25 14:04:03,10.3,31100,10.27,U
sh603969,银龙股份,2025-09-25 14:04:09,10.29,30000,10.3,U
sh603969,银龙股份,2025-09-25 14:04:15,10.28,27200,10.29,U
sh603969,银龙股份,2025-09-25 14:04:30,10.29,30000,10.26,U
sh603969,银龙股份,2025-09-25 14:08:42,10.26,31100,10.25,U
sh603969,银龙股份,2025-09-25 14:08:51,10.28,50400,10.26,U
sh603969,银龙股份,2025-09-25 14:09:00,10.3,39341,10.28,U
sh603969,银龙股份,2025-09-25 14:10:30,10.3,40300,10.28,U
sh603969,银龙股份,2025-09-25 14:18:33,10.28,30800,10.26,U
sh603969,银龙股份,2025-09-25 14:22:33,10.24,74300,10.26,D
sh603969,银龙股份,2025-09-25 14:26:18,10.24,69900,10.24,U
sh603969,银龙股份,2025-09-25 14:28:57,10.23,27000,10.24,D
sh603969,银龙股份,2025-09-25 14:31:36,10.24,40600,10.24,D
sh603969,银龙股份,2025-09-25 14:32:18,10.22,40500,10.23,D
sh603969,银龙股份,2025-09-25 14:32:21,10.21,29400,10.22,D
sh603969,银龙股份,2025-09-25 14:33:39,10.21,27000,10.22,D
sh603969,银龙股份,2025-09-25 14:33:51,10.21,25500,10.22,D
sh603969,银龙股份,2025-09-25 14:33:54,10.21,34900,10.21,D
sh603969,银龙股份,2025-09-25 14:34:30,10.22,24000,10.2,U
sh603969,银龙股份,2025-09-25 14:35:48,10.21,25900,10.22,D
sh603969,银龙股份,2025-09-25 14:36:06,10.22,40000,10.21,U
sh603969,银龙股份,2025-09-25 14:36:30,10.22,30500,10.22,D
sh603969,银龙股份,2025-09-25 14:37:24,10.22,66300,10.21,U
sh603969,银龙股份,2025-09-25 14:37:30,10.22,22200,10.22,U
sh603969,银龙股份,2025-09-25 14:37:51,10.21,36400,10.21,D
sh603969,银龙股份,2025-09-25 14:38:03,10.22,106200,10.21,U
sh603969,银龙股份,2025-09-25 14:38:06,10.22,68400,10.22,D
sh603969,银龙股份,2025-09-25 14:38:42,10.24,40300,10.21,U
sh603969,银龙股份,2025-09-25 14:40:45,10.22,21000,10.22,D
sh603969,银龙股份,2025-09-25 14:41:30,10.26,216500,10.21,U
sh603969,银龙股份,2025-09-25 14:41:33,10.27,65000,10.26,U
sh603969,银龙股份,2025-09-25 14:41:39,10.26,22700,10.25,U
sh603969,银龙股份,2025-09-25 14:41:45,10.22,52000,10.22,D
sh603969,银龙股份,2025-09-25 14:42:09,10.23,22900,10.24,D
sh603969,银龙股份,2025-09-25 14:42:24,10.22,35200,10.23,D
sh603969,银龙股份,2025-09-25 14:43:21,10.22,24900,10.22,U
sh603969,银龙股份,2025-09-25 14:43:24,10.22,29600,10.22,U
sh603969,银龙股份,2025-09-25 14:43:42,10.23,20000,10.25,E
sh603969,银龙股份,2025-09-25 14:44:00,10.22,21100,10.22,D
sh603969,银龙股份,2025-09-25 14:44:15,10.22,32400,10.22,D
sh603969,银龙股份,2025-09-25 14:44:42,10.23,41000,10.23,U
sh603969,银龙股份,2025-09-25 14:45:15,10.22,51500,10.22,D
sh603969,银龙股份,2025-09-25 14:46:54,10.21,39100,10.21,D
sh603969,银龙股份,2025-09-25 14:47:00,10.2,21100,10.21,D
sh603969,银龙股份,2025-09-25 14:47:15,10.2,23700,10.2,D
sh603969,银龙股份,2025-09-25 14:48:06,10.2,111000,10.2,D
sh603969,银龙股份,2025-09-25 14:48:15,10.2,65067,10.2,D
sh603969,银龙股份,2025-09-25 14:48:57,10.19,30000,10.2,D
sh603969,银龙股份,2025-09-25 14:50:03,10.2,56800,10.2,D
sh603969,银龙股份,2025-09-25 14:51:03,10.19,102539,10.2,D
sh603969,银龙股份,2025-09-25 14:51:48,10.18,30800,10.19,D
sh603969,银龙股份,2025-09-25 14:51:54,10.19,21100,10.19,D
sh603969,银龙股份,2025-09-25 14:52:15,10.18,22600,10.18,D
sh603969,银龙股份,2025-09-25 14:53:15,10.19,19700,10.19,D
sh603969,银龙股份,2025-09-25 14:53:30,10.19,41500,10.2,D
sh603969,银龙股份,2025-09-25 14:55:12,10.19,69400,10.2,D
sh603969,银龙股份,2025-09-25 14:55:57,10.18,74500,10.19,D
sh603969,银龙股份,2025-09-25 14:56:18,10.18,42239,10.18,D
sh603969,银龙股份,2025-09-25 15:00:03,10.18,184100,10.19,U
