symbol,name,ticktime,price,volume,prev_price,kind
sh603969,银龙股份,2025-09-16 09:25:01,9.9,329162,0.0,U
sh603969,银龙股份,2025-09-16 09:30:04,9.91,87900,9.92,D
sh603969,银龙股份,2025-09-16 09:30:07,9.94,85300,9.91,E
sh603969,银龙股份,2025-09-16 09:30:10,9.96,273500,9.94,U
sh603969,银龙股份,2025-09-16 09:30:13,9.94,47200,9.96,D
sh603969,银龙股份,2025-09-16 09:30:16,9.95,120600,9.94,U
sh603969,银龙股份,2025-09-16 09:30:19,9.95,42600,9.95,D
sh603969,银龙股份,2025-09-16 09:30:22,9.95,76800,9.95,D
sh603969,银龙股份,2025-09-16 09:30:25,9.97,145800,9.95,U
sh603969,银龙股份,2025-09-16 09:30:28,9.95,88400,9.97,D
sh603969,银龙股份,2025-09-16 09:30:31,9.96,54100,9.95,E
sh603969,银龙股份,2025-09-16 09:30:34,9.99,61900,9.96,U
sh603969,银龙股份,2025-09-16 09:30:37,9.96,87200,9.99,D
sh603969,银龙股份,2025-09-16 09:30:40,9.95,130800,9.96,D
sh603969,银龙股份,2025-09-16 09:30:43,9.95,82900,9.95,D
sh603969,银龙股份,2025-09-16 09:30:46,9.92,237300,9.95,D
sh603969,银龙股份,2025-09-16 09:30:49,9.91,122000,9.92,D
sh603969,银龙股份,2025-09-16 09:30:52,9.9,145700,9.91,D
sh603969,银龙股份,2025-09-16 09:30:55,9.87,216500,9.9,D
sh603969,银龙股份,2025-09-16 09:30:58,9.84,25000,9.87,E
sh603969,银龙股份,2025-09-16 09:31:01,9.8,50500,9.84,D
sh603969,银龙股份,2025-09-16 09:31:04,9.9,134700,9.8,U
sh603969,银龙股份,2025-09-16 09:31:10,9.82,66600,9.81,E
sh603969,银龙股份,2025-09-16 09:31:13,9.85,49000,9.82,D
sh603969,银龙股份,2025-09-16 09:31:16,9.8,126800,9.85,D
sh603969,银龙股份,2025-09-16 09:31:19,9.81,128400,9.8,U
sh603969,银龙股份,2025-09-16 09:31:22,9.86,118300,9.81,E
sh603969,银龙股份,2025-09-16 09:31:25,9.86,78200,9.86,U
sh603969,银龙股份,2025-09-16 09:31:34,9.83,49200,9.84,D
sh603969,银龙股份,2025-09-16 09:31:37,9.82,40700,9.83,D
sh603969,银龙股份,2025-09-16 09:31:40,9.82,25800,9.82,U
sh603969,银龙股份,2025-09-16 09:31:43,9.82,28900,9.82,U
sh603969,银龙股份,2025-09-16 09:31:52,9.81,20100,9.81,D
sh603969,银龙股份,2025-09-16 09:31:55,9.77,54400,9.81,D
sh603969,银龙股份,2025-09-16 09:31:58,9.81,75900,9.77,U
sh603969,银龙股份,2025-09-16 09:32:01,9.8,186000,9.81,D
sh603969,银龙股份,2025-09-16 09:32:07,9.8,55700,9.81,D
sh603969,银龙股份,2025-09-16 09:32:16,9.76,35800,9.77,D
sh603969,银龙股份,2025-09-16 09:32:22,9.75,25800,9.73,U
sh603969,银龙股份,2025-09-16 09:32:31,9.75,37000,9.75,U
sh603969,银龙股份,2025-09-16 09:32:34,9.73,87600,9.75,D
sh603969,银龙股份,2025-09-16 09:32:37,9.72,69200,9.73,D
sh603969,银龙股份,2025-09-16 09:32:43,9.74,62700,9.71,U
sh603969,银龙股份,2025-09-16 09:33:04,9.74,20000,9.74,U
sh603969,银龙股份,2025-09-16 09:33:07,9.71,40800,9.74,D
sh603969,银龙股份,2025-09-16 09:33:10,9.69,151000,9.71,D
sh603969,银龙股份,2025-09-16 09:33:13,9.73,160900,9.69,U
sh603969,银龙股份,2025-09-16 09:33:16,9.77,87800,9.73,U
sh603969,银龙股份,2025-09-16 09:33:19,9.77,24000,9.77,D
sh603969,银龙股份,2025-09-16 09:33:22,9.76,38900,9.77,D
sh603969,银龙股份,2025-09-16 09:33:25,9.78,70500,9.76,U
sh603969,银龙股份,2025-09-16 09:33:40,9.82,69200,9.8,U
sh603969,银龙股份,2025-09-16 09:33:46,9.84,48700,9.81,U
sh603969,银龙股份,2025-09-16 09:33:49,9.84,39300,9.84,D
sh603969,银龙股份,2025-09-16 09:33:52,9.83,34600,9.84,U
sh603969,银龙股份,2025-09-16 09:33:55,9.87,25800,9.83,U
sh603969,银龙股份,2025-09-16 09:33:58,9.87,151700,9.87,D
sh603969,银龙股份,2025-09-16 09:34:01,9.85,27200,9.87,D
sh603969,银龙股份,2025-09-16 09:34:13,9.83,27600,9.84,D
sh603969,银龙股份,2025-09-16 09:35:28,9.81,26200,9.8,U
sh603969,银龙股份,2025-09-16 09:36:10,9.78,52100,9.79,D
sh603969,银龙股份,2025-09-16 09:36:19,9.77,60100,9.77,D
sh603969,银龙股份,2025-09-16 09:36:28,9.75,52600,9.77,D
sh603969,银龙股份,2025-09-16 09:36:37,9.75,39700,9.76,D
sh603969,银龙股份,2025-09-16 09:36:46,9.72,28200,9.75,D
sh603969,银龙股份,2025-09-16 09:36:52,9.75,41500,9.74,U
sh603969,银龙股份,2025-09-16 09:36:58,9.74,26400,9.75,D
sh603969,银龙股份,2025-09-16 09:37:07,9.78,51200,9.76,U
sh603969,银龙股份,2025-09-16 09:37:19,9.78,29400,9.78,U
sh603969,银龙股份,2025-09-16 09:38:01,9.78,35000,9.78,U
sh603969,银龙股份,2025-09-16 09:38:07,9.76,43800,9.78,D
sh603969,银龙股份,2025-09-16 09:38:10,9.76,40000,9.76,D
sh603969,银龙股份,2025-09-16 09:38:22,9.79,50400,9.78,U
sh603969,银龙股份,2025-09-16 09:38:40,9.79,58000,9.78,U
sh603969,银龙股份,2025-09-16 09:39:04,9.77,117200,9.79,D
sh603969,银龙股份,2025-09-16 09:39:07,9.76,357500,9.77,D
sh603969,银龙股份,2025-09-16 09:39:13,9.76,21900,9.76,D
sh603969,银龙股份,2025-09-16 09:39:43,9.73,21400,9.73,D
sh603969,银龙股份,2025-09-16 09:40:58,9.72,34700,9.72,D
sh603969,银龙股份,2025-09-16 09:41:04,9.71,74800,9.72,D
sh603969,银龙股份,2025-09-16 09:41:10,9.71,29400,9.72,U
sh603969,银龙股份,2025-09-16 09:41:16,9.7,101900,9.71,D
sh603969,银龙股份,2025-09-16 09:41:25,9.68,161400,9.7,D
sh603969,银龙股份,2025-09-16 09:41:28,9.69,26300,9.68,U
sh603969,银龙股份,2025-09-16 09:41:37,9.67,22200,9.69,D
sh603969,银龙股份,2025-09-16 09:42:22,9.69,46800,9.69,D
sh603969,银龙股份,2025-09-16 09:42:25,9.69,31100,9.69,D
sh603969,银龙股份,2025-09-16 09:42:49,9.68,29600,9.69,D
sh603969,银龙股份,2025-09-16 09:43:07,9.67,23300,9.68,D
sh603969,银龙股份,2025-09-16 09:43:16,9.66,36400,9.67,D
sh603969,银龙股份,2025-09-16 09:43:22,9.68,78700,9.68,U
sh603969,银龙股份,2025-09-16 09:43:25,9.69,52100,9.68,U
sh603969,银龙股份,2025-09-16 09:43:52,9.68,21100,9.68,D
sh603969,银龙股份,2025-09-16 09:43:58,9.67,24200,9.68,D
sh603969,银龙股份,2025-09-16 09:44:10,9.65,91800,9.66,D
sh603969,银龙股份,2025-09-16 09:44:13,9.64,45200,9.65,D
sh603969,银龙股份,2025-09-16 09:44:25,9.65,22100,9.64,U
sh603969,银龙股份,2025-09-16 09:44:31,9.66,100100,9.65,U
sh603969,银龙股份,2025-09-16 09:45:37,9.66,37300,9.67,D
sh603969,银龙股份,2025-09-16 09:46:01,9.67,20000,9.67,U
sh603969,银龙股份,2025-09-16 09:46:19,9.69,50500,9.66,U
sh603969,银龙股份,2025-09-16 09:46:31,9.68,30900,9.69,D
sh603969,银龙股份,2025-09-16 09:46:34,9.69,55500,9.68,U
sh603969,银龙股份,2025-09-16 09:46:46,9.68,29500,9.68,U
sh603969,银龙股份,2025-09-16 09:46:52,9.67,37600,9.68,D
sh603969,银龙股份,2025-09-16 09:46:55,9.65,211000,9.67,D
sh603969,银龙股份,2025-09-16 09:47:01,9.65,30800,9.65,D
sh603969,银龙股份,2025-09-16 09:47:19,9.65,38200,9.66,D
sh603969,银龙股份,2025-09-16 09:47:28,9.65,36700,9.65,U
sh603969,银龙股份,2025-09-16 09:47:34,9.65,26400,9.64,U
sh603969,银龙股份,2025-09-16 09:47:55,9.64,30600,9.65,D
sh603969,银龙股份,2025-09-16 09:48:10,9.65,44600,9.65,U
sh603969,银龙股份,2025-09-16 09:48:43,9.65,23500,9.66,D
sh603969,银龙股份,2025-09-16 09:48:46,9.64,20400,9.65,D
sh603969,银龙股份,2025-09-16 09:48:55,9.65,20200,9.65,D
sh603969,银龙股份,2025-09-16 09:50:22,9.66,50600,9.66,U
sh603969,银龙股份,2025-09-16 09:50:31,9.64,46900,9.65,D
sh603969,银龙股份,2025-09-16 09:50:34,9.63,31800,9.64,D
sh603969,银龙股份,2025-09-16 09:51:01,9.62,103200,9.63,D
sh603969,银龙股份,2025-09-16 09:51:07,9.62,187600,9.62,U
sh603969,银龙股份,2025-09-16 09:51:13,9.62,33600,9.61,U
sh603969,银龙股份,2025-09-16 09:51:58,9.6,82000,9.61,D
sh603969,银龙股份,2025-09-16 09:52:22,9.62,30600,9.62,U
sh603969,银龙股份,2025-09-16 09:52:28,9.61,41700,9.62,D
sh603969,银龙股份,2025-09-16 09:53:01,9.63,205600,9.61,U
sh603969,银龙股份,2025-09-16 09:53:19,9.63,29800,9.63,U
sh603969,银龙股份,2025-09-16 09:53:31,9.64,29700,9.63,U
sh603969,银龙股份,2025-09-16 09:53:46,9.65,47300,9.63,U
sh603969,银龙股份,2025-09-16 09:53:49,9.64,20400,9.65,D
sh603969,银龙股份,2025-09-16 09:54:10,9.66,23200,9.65,U
sh603969,银龙股份,2025-09-16 09:54:28,9.66,28800,9.67,D
sh603969,银龙股份,2025-09-16 09:54:58,9.64,21500,9.64,D
sh603969,银龙股份,2025-09-16 09:56:16,9.62,40300,9.63,D
sh603969,银龙股份,2025-09-16 09:56:31,9.62,21000,9.63,D
sh603969,银龙股份,2025-09-16 09:56:43,9.62,26100,9.62,U
sh603969,银龙股份,2025-09-16 09:57:43,9.6,333100,9.61,D
sh603969,银龙股份,2025-09-16 09:57:46,9.59,85200,9.6,D
sh603969,银龙股份,2025-09-16 09:57:49,9.58,36800,9.59,D
sh603969,银龙股份,2025-09-16 09:57:55,9.58,34300,9.6,D
sh603969,银龙股份,2025-09-16 09:57:58,9.58,66200,9.58,D
sh603969,银龙股份,2025-09-16 09:58:01,9.57,73500,9.58,D
sh603969,银龙股份,2025-09-16 09:58:31,9.56,121800,9.56,D
sh603969,银龙股份,2025-09-16 09:58:34,9.55,52400,9.56,D
sh603969,银龙股份,2025-09-16 09:58:37,9.56,102300,9.55,U
sh603969,银龙股份,2025-09-16 09:58:40,9.55,34400,9.56,D
sh603969,银龙股份,2025-09-16 09:59:34,9.56,76900,9.55,U
sh603969,银龙股份,2025-09-16 09:59:37,9.55,23400,9.56,D
sh603969,银龙股份,2025-09-16 10:00:34,9.56,27000,9.57,D
sh603969,银龙股份,2025-09-16 10:00:46,9.55,65100,9.56,D
sh603969,银龙股份,2025-09-16 10:00:55,9.56,111800,9.54,U
sh603969,银龙股份,2025-09-16 10:01:16,9.56,38200,9.56,U
sh603969,银龙股份,2025-09-16 10:01:25,9.56,27500,9.56,D
sh603969,银龙股份,2025-09-16 10:01:52,9.56,29100,9.55,U
sh603969,银龙股份,2025-09-16 10:01:55,9.56,20600,9.56,U
sh603969,银龙股份,2025-09-16 10:02:01,9.57,42700,9.57,U
sh603969,银龙股份,2025-09-16 10:02:28,9.6,23200,9.59,U
sh603969,银龙股份,2025-09-16 10:02:34,9.6,21100,9.6,U
sh603969,银龙股份,2025-09-16 10:03:01,9.61,29500,9.6,U
sh603969,银龙股份,2025-09-16 10:03:16,9.61,50800,9.6,U
sh603969,银龙股份,2025-09-16 10:04:19,9.62,32300,9.63,D
sh603969,银龙股份,2025-09-16 10:05:16,9.61,90900,9.63,D
sh603969,银龙股份,2025-09-16 10:05:19,9.6,21000,9.61,D
sh603969,银龙股份,2025-09-16 10:10:49,9.6,29800,9.6,D
sh603969,银龙股份,2025-09-16 10:11:01,9.6,31100,9.59,U
sh603969,银龙股份,2025-09-16 10:11:10,9.61,40400,9.6,U
sh603969,银龙股份,2025-09-16 10:11:13,9.61,22700,9.61,U
sh603969,银龙股份,2025-09-16 10:11:16,9.62,22800,9.61,U
sh603969,银龙股份,2025-09-16 10:12:16,9.6,68900,9.6,D
sh603969,银龙股份,2025-09-16 10:12:19,9.6,28400,9.6,D
sh603969,银龙股份,2025-09-16 10:12:58,9.6,177900,9.59,U
sh603969,银龙股份,2025-09-16 10:13:04,9.57,21100,9.58,D
sh603969,银龙股份,2025-09-16 10:13:07,9.56,46100,9.57,D
sh603969,银龙股份,2025-09-16 10:13:10,9.57,30200,9.56,U
sh603969,银龙股份,2025-09-16 10:15:01,9.57,37300,9.58,D
sh603969,银龙股份,2025-09-16 10:16:16,9.56,36400,9.57,D
sh603969,银龙股份,2025-09-16 10:16:28,9.54,318800,9.56,D
sh603969,银龙股份,2025-09-16 10:16:43,9.54,21100,9.54,U
sh603969,银龙股份,2025-09-16 10:16:46,9.54,30100,9.54,U
sh603969,银龙股份,2025-09-16 10:17:46,9.54,23000,9.54,D
sh603969,银龙股份,2025-09-16 10:18:58,9.53,20000,9.54,D
sh603969,银龙股份,2025-09-16 10:19:34,9.54,22000,9.54,U
sh603969,银龙股份,2025-09-16 10:19:40,9.53,38500,9.54,D
sh603969,银龙股份,2025-09-16 10:19:55,9.53,24700,9.54,D
sh603969,银龙股份,2025-09-16 10:20:13,9.52,26200,9.52,D
sh603969,银龙股份,2025-09-16 10:20:19,9.52,118500,9.52,D
sh603969,银龙股份,2025-09-16 10:20:22,9.52,39300,9.52,U
sh603969,银龙股份,2025-09-16 10:20:37,9.52,35200,9.51,U
sh603969,银龙股份,2025-09-16 10:20:46,9.52,20700,9.51,U
sh603969,银龙股份,2025-09-16 10:20:49,9.52,24300,9.52,U
sh603969,银龙股份,2025-09-16 10:21:01,9.52,29000,9.52,U
sh603969,银龙股份,2025-09-16 10:21:37,9.52,42300,9.51,U
sh603969,银龙股份,2025-09-16 10:22:49,9.53,33400,9.53,U
sh603969,银龙股份,2025-09-16 10:23:28,9.53,20200,9.52,U
sh603969,银龙股份,2025-09-16 10:24:13,9.53,21300,9.52,U
sh603969,银龙股份,2025-09-16 10:24:34,9.53,27300,9.53,U
sh603969,银龙股份,2025-09-16 10:24:46,9.54,44900,9.53,U
sh603969,银龙股份,2025-09-16 10:25:43,9.53,119900,9.53,D
sh603969,银龙股份,2025-09-16 10:25:46,9.53,22100,9.53,D
sh603969,银龙股份,2025-09-16 10:26:43,9.53,45900,9.53,U
sh603969,银龙股份,2025-09-16 10:27:13,9.52,162328,9.52,D
sh603969,银龙股份,2025-09-16 10:27:16,9.52,21100,9.52,U
sh603969,银龙股份,2025-09-16 10:27:25,9.52,24172,9.52,U
sh603969,银龙股份,2025-09-16 10:28:04,9.52,20400,9.53,D
sh603969,银龙股份,2025-09-16 10:28:25,9.53,50700,9.52,U
sh603969,银龙股份,2025-09-16 10:29:22,9.52,34400,9.53,D
sh603969,银龙股份,2025-09-16 10:29:31,9.53,46100,9.52,U
sh603969,银龙股份,2025-09-16 10:30:46,9.53,168900,9.54,D
sh603969,银龙股份,2025-09-16 10:31:04,9.52,71200,9.53,D
sh603969,银龙股份,2025-09-16 10:31:37,9.51,38400,9.51,D
sh603969,银龙股份,2025-09-16 10:31:49,9.51,21500,9.51,D
sh603969,银龙股份,2025-09-16 10:31:52,9.5,82500,9.51,D
sh603969,银龙股份,2025-09-16 10:31:55,9.5,23600,9.5,D
sh603969,银龙股份,2025-09-16 10:32:07,9.48,443400,9.51,D
sh603969,银龙股份,2025-09-16 10:32:10,9.48,80100,9.48,D
sh603969,银龙股份,2025-09-16 10:32:13,9.48,36400,9.48,D
sh603969,银龙股份,2025-09-16 10:34:49,9.5,21400,9.49,U
sh603969,银龙股份,2025-09-16 10:35:46,9.49,68800,9.49,D
sh603969,银龙股份,2025-09-16 10:36:52,9.49,36600,9.49,U
sh603969,银龙股份,2025-09-16 10:38:07,9.49,51800,9.48,U
sh603969,银龙股份,2025-09-16 10:38:10,9.49,21000,9.49,D
sh603969,银龙股份,2025-09-16 10:38:13,9.48,24900,9.49,D
sh603969,银龙股份,2025-09-16 10:38:49,9.48,24000,9.48,D
sh603969,银龙股份,2025-09-16 10:39:37,9.48,53500,9.47,U
sh603969,银龙股份,2025-09-16 10:40:58,9.48,72800,9.48,U
sh603969,银龙股份,2025-09-16 10:41:22,9.49,28100,9.49,U
sh603969,银龙股份,2025-09-16 10:41:43,9.5,38300,9.49,U
sh603969,银龙股份,2025-09-16 10:42:28,9.51,51800,9.51,U
sh603969,银龙股份,2025-09-16 10:42:43,9.5,21600,9.5,D
sh603969,银龙股份,2025-09-16 10:43:22,9.49,25700,9.5,D
sh603969,银龙股份,2025-09-16 10:45:52,9.49,27700,9.48,U
sh603969,银龙股份,2025-09-16 10:46:01,9.49,31000,9.49,U
sh603969,银龙股份,2025-09-16 10:47:07,9.49,89800,9.5,D
sh603969,银龙股份,2025-09-16 10:47:16,9.5,35700,9.49,U
sh603969,银龙股份,2025-09-16 10:47:46,9.5,25100,9.5,D
sh603969,银龙股份,2025-09-16 10:48:07,9.5,49800,9.5,U
sh603969,银龙股份,2025-09-16 10:48:37,9.51,26500,9.5,U
sh603969,银龙股份,2025-09-16 10:52:16,9.51,49600,9.51,D
sh603969,银龙股份,2025-09-16 10:52:46,9.5,42200,9.5,D
sh603969,银龙股份,2025-09-16 10:55:49,9.49,72400,9.49,D
sh603969,银龙股份,2025-09-16 10:57:22,9.48,100900,9.48,D
sh603969,银龙股份,2025-09-16 10:57:28,9.47,85700,9.48,D
sh603969,银龙股份,2025-09-16 10:57:46,9.46,281800,9.47,D
sh603969,银龙股份,2025-09-16 10:58:07,9.47,21100,9.46,U
sh603969,银龙股份,2025-09-16 10:59:25,9.48,67300,9.48,U
sh603969,银龙股份,2025-09-16 10:59:43,9.48,24200,9.49,D
sh603969,银龙股份,2025-09-16 11:00:52,9.5,28400,9.49,U
sh603969,银龙股份,2025-09-16 11:02:16,9.49,20800,9.49,U
sh603969,银龙股份,2025-09-16 11:02:28,9.5,26300,9.49,U
sh603969,银龙股份,2025-09-16 11:02:43,9.51,30000,9.51,U
sh603969,银龙股份,2025-09-16 11:03:37,9.52,27000,9.52,U
sh603969,银龙股份,2025-09-16 11:06:04,9.53,22900,9.53,U
sh603969,银龙股份,2025-09-16 11:07:07,9.54,29800,9.53,U
sh603969,银龙股份,2025-09-16 11:08:01,9.55,26600,9.56,D
sh603969,银龙股份,2025-09-16 11:16:01,9.57,41900,9.56,U
sh603969,银龙股份,2025-09-16 11:19:31,9.58,65500,9.58,U
sh603969,银龙股份,2025-09-16 11:19:34,9.59,58200,9.58,U
sh603969,银龙股份,2025-09-16 11:20:01,9.59,110500,9.61,D
sh603969,银龙股份,2025-09-16 11:25:22,9.61,31500,9.61,D
sh603969,银龙股份,2025-09-16 11:29:40,9.61,47000,9.6,U
sh603969,银龙股份,2025-09-16 13:00:10,9.62,28638,9.63,D
sh603969,银龙股份,2025-09-16 13:04:13,9.58,80600,9.59,D
sh603969,银龙股份,2025-09-16 13:07:28,9.57,54600,9.56,U
sh603969,银龙股份,2025-09-16 13:08:40,9.57,32300,9.56,U
sh603969,银龙股份,2025-09-16 13:11:43,9.57,21100,9.57,D
sh603969,银龙股份,2025-09-16 13:12:07,9.59,88400,9.58,U
sh603969,银龙股份,2025-09-16 13:12:10,9.6,27600,9.59,U
sh603969,银龙股份,2025-09-16 13:12:34,9.61,24200,9.59,U
sh603969,银龙股份,2025-09-16 13:13:07,9.61,29100,9.6,U
sh603969,银龙股份,2025-09-16 13:14:13,9.62,22300,9.61,U
sh603969,银龙股份,2025-09-16 13:14:19,9.63,20500,9.63,U
sh603969,银龙股份,2025-09-16 13:14:31,9.65,21000,9.65,U
sh603969,银龙股份,2025-09-16 13:16:13,9.63,20900,9.63,U
sh603969,银龙股份,2025-09-16 13:17:13,9.64,68500,9.65,D
sh603969,银龙股份,2025-09-16 13:17:16,9.64,24400,9.64,U
sh603969,银龙股份,2025-09-16 13:18:19,9.62,140000,9.65,D
sh603969,银龙股份,2025-09-16 13:18:25,9.64,28800,9.65,E
sh603969,银龙股份,2025-09-16 13:24:25,9.62,34200,9.63,D
sh603969,银龙股份,2025-09-16 13:27:25,9.61,21500,9.62,D
sh603969,银龙股份,2025-09-16 13:31:43,9.59,32200,9.6,D
sh603969,银龙股份,2025-09-16 13:34:43,9.59,26900,9.6,D
sh603969,银龙股份,2025-09-16 13:36:52,9.58,55300,9.58,U
sh603969,银龙股份,2025-09-16 13:36:55,9.59,25800,9.58,U
sh603969,银龙股份,2025-09-16 13:38:04,9.58,20000,9.58,U
sh603969,银龙股份,2025-09-16 13:40:22,9.57,24100,9.59,D
sh603969,银龙股份,2025-09-16 13:40:34,9.58,20300,9.58,U
sh603969,银龙股份,2025-09-16 13:40:37,9.58,40800,9.58,U
sh603969,银龙股份,2025-09-16 13:40:40,9.58,59300,9.58,E
sh603969,银龙股份,2025-09-16 13:40:43,9.57,23800,9.58,D
sh603969,银龙股份,2025-09-16 13:44:52,9.6,104000,9.58,U
sh603969,银龙股份,2025-09-16 13:45:01,9.61,100000,9.6,U
sh603969,银龙股份,2025-09-16 13:45:04,9.62,147700,9.61,U
sh603969,银龙股份,2025-09-16 13:45:10,9.63,160300,9.62,U
sh603969,银龙股份,2025-09-16 13:45:13,9.63,52751,9.63,U
sh603969,银龙股份,2025-09-16 13:45:16,9.64,118100,9.63,U
sh603969,银龙股份,2025-09-16 13:45:22,9.64,47400,9.64,D
sh603969,银龙股份,2025-09-16 13:45:46,9.63,41500,9.65,D
sh603969,银龙股份,2025-09-16 13:45:49,9.63,22500,9.63,U
sh603969,银龙股份,2025-09-16 13:51:49,9.64,20100,9.64,U
sh603969,银龙股份,2025-09-16 13:52:01,9.67,290200,9.65,U
sh603969,银龙股份,2025-09-16 13:52:04,9.69,100900,9.67,U
sh603969,银龙股份,2025-09-16 13:52:07,9.7,96300,9.69,U
sh603969,银龙股份,2025-09-16 13:52:10,9.7,66300,9.7,U
sh603969,银龙股份,2025-09-16 13:52:13,9.71,27800,9.7,E
sh603969,银龙股份,2025-09-16 13:52:16,9.72,38000,9.71,U
sh603969,银龙股份,2025-09-16 13:52:19,9.69,47200,9.72,D
sh603969,银龙股份,2025-09-16 13:52:25,9.71,38000,9.71,U
sh603969,银龙股份,2025-09-16 13:52:31,9.71,28800,9.71,U
sh603969,银龙股份,2025-09-16 13:52:40,9.71,34100,9.72,D
sh603969,银龙股份,2025-09-16 13:54:07,9.7,26400,9.69,U
sh603969,银龙股份,2025-09-16 13:55:40,9.73,23900,9.72,U
sh603969,银龙股份,2025-09-16 13:55:43,9.75,30600,9.73,U
sh603969,银龙股份,2025-09-16 13:55:46,9.75,24500,9.75,U
sh603969,银龙股份,2025-09-16 13:55:49,9.75,53300,9.75,D
sh603969,银龙股份,2025-09-16 13:56:07,9.74,55000,9.74,U
sh603969,银龙股份,2025-09-16 13:58:37,9.71,20000,9.71,U
sh603969,银龙股份,2025-09-16 13:59:19,9.72,33800,9.72,D
sh603969,银龙股份,2025-09-16 14:00:55,9.73,20000,9.73,U
sh603969,银龙股份,2025-09-16 14:01:07,9.71,22500,9.72,D
sh603969,银龙股份,2025-09-16 14:01:10,9.72,44000,9.71,U
sh603969,银龙股份,2025-09-16 14:01:16,9.71,21200,9.71,D
sh603969,银龙股份,2025-09-16 14:01:19,9.71,24800,9.71,D
sh603969,银龙股份,2025-09-16 14:01:43,9.7,36900,9.71,D
sh603969,银龙股份,2025-09-16 14:01:52,9.72,61000,9.7,U
sh603969,银龙股份,2025-09-16 14:01:55,9.73,27500,9.72,U
sh603969,银龙股份,2025-09-16 14:02:13,9.73,20000,9.73,D
sh603969,银龙股份,2025-09-16 14:02:16,9.72,21100,9.73,D
sh603969,银龙股份,2025-09-16 14:02:25,9.73,22100,9.74,U
sh603969,银龙股份,2025-09-16 14:02:31,9.72,21100,9.73,D
sh603969,银龙股份,2025-09-16 14:02:37,9.72,21600,9.72,D
sh603969,银龙股份,2025-09-16 14:03:16,9.7,40100,9.72,D
sh603969,银龙股份,2025-09-16 14:03:19,9.71,53700,9.7,E
sh603969,银龙股份,2025-09-16 14:03:22,9.7,43000,9.71,D
sh603969,银龙股份,2025-09-16 14:04:31,9.74,29500,9.74,U
sh603969,银龙股份,2025-09-16 14:04:34,9.73,20000,9.74,D
sh603969,银龙股份,2025-09-16 14:04:37,9.74,98800,9.73,E
sh603969,银龙股份,2025-09-16 14:04:40,9.75,53700,9.74,U
sh603969,银龙股份,2025-09-16 14:04:43,9.75,45200,9.75,D
sh603969,银龙股份,2025-09-16 14:05:31,9.75,20900,9.75,U
sh603969,银龙股份,2025-09-16 14:12:22,9.7,101000,9.66,U
sh603969,银龙股份,2025-09-16 14:13:01,9.71,107800,9.71,D
sh603969,银龙股份,2025-09-16 14:13:28,9.72,25700,9.7,U
sh603969,银龙股份,2025-09-16 14:18:16,9.71,77900,9.7,U
sh603969,银龙股份,2025-09-16 14:23:34,9.7,100000,9.71,D
sh603969,银龙股份,2025-09-16 14:25:37,9.73,60500,9.73,U
sh603969,银龙股份,2025-09-16 14:25:40,9.73,51600,9.73,D
sh603969,银龙股份,2025-09-16 14:26:28,9.72,22000,9.72,U
sh603969,银龙股份,2025-09-16 14:27:28,9.74,32900,9.74,U
sh603969,银龙股份,2025-09-16 14:27:55,9.74,21500,9.74,U
sh603969,银龙股份,2025-09-16 14:27:58,9.74,24100,9.74,D
sh603969,银龙股份,2025-09-16 14:28:01,9.74,22900,9.74,D
sh603969,银龙股份,2025-09-16 14:28:55,9.73,34700,9.73,D
sh603969,银龙股份,2025-09-16 14:29:13,9.73,36400,9.74,D
sh603969,银龙股份,2025-09-16 14:32:19,9.73,38900,9.73,U
sh603969,银龙股份,2025-09-16 14:33:34,9.74,40400,9.74,U
sh603969,银龙股份,2025-09-16 14:33:46,9.75,49100,9.75,U
sh603969,银龙股份,2025-09-16 14:33:52,9.75,26100,9.75,U
sh603969,银龙股份,2025-09-16 14:33:55,9.75,59500,9.75,U
sh603969,银龙股份,2025-09-16 14:33:58,9.75,27400,9.75,U
sh603969,银龙股份,2025-09-16 14:34:19,9.75,56400,9.74,U
sh603969,银龙股份,2025-09-16 14:34:25,9.76,22800,9.76,U
sh603969,银龙股份,2025-09-16 14:34:40,9.76,215900,9.76,U
sh603969,银龙股份,2025-09-16 14:34:46,9.77,47700,9.77,U
sh603969,银龙股份,2025-09-16 14:34:58,9.79,54400,9.77,U
sh603969,银龙股份,2025-09-16 14:35:07,9.8,84700,9.78,U
sh603969,银龙股份,2025-09-16 14:35:25,9.77,30200,9.78,D
sh603969,银龙股份,2025-09-16 14:35:52,9.77,26900,9.78,D
sh603969,银龙股份,2025-09-16 14:35:55,9.77,32300,9.77,U
sh603969,银龙股份,2025-09-16 14:36:40,9.77,24200,9.77,D
sh603969,银龙股份,2025-09-16 14:36:49,9.77,23400,9.76,U
sh603969,银龙股份,2025-09-16 14:37:04,9.79,119600,9.77,U
sh603969,银龙股份,2025-09-16 14:37:07,9.8,71800,9.79,U
sh603969,银龙股份,2025-09-16 14:37:10,9.79,48200,9.8,D
sh603969,银龙股份,2025-09-16 14:37:13,9.8,87200,9.79,U
sh603969,银龙股份,2025-09-16 14:37:19,9.82,46200,9.81,U
sh603969,银龙股份,2025-09-16 14:37:22,9.82,32600,9.82,U
sh603969,银龙股份,2025-09-16 14:37:31,9.82,57900,9.82,D
sh603969,银龙股份,2025-09-16 14:37:34,9.82,29000,9.82,D
sh603969,银龙股份,2025-09-16 14:38:07,9.83,27300,9.82,U
sh603969,银龙股份,2025-09-16 14:38:31,9.83,27900,9.83,U
sh603969,银龙股份,2025-09-16 14:38:43,9.82,38600,9.82,D
sh603969,银龙股份,2025-09-16 14:39:58,9.82,51400,9.82,U
sh603969,银龙股份,2025-09-16 14:41:10,9.83,28900,9.83,U
sh603969,银龙股份,2025-09-16 14:41:13,9.83,73100,9.83,U
sh603969,银龙股份,2025-09-16 14:41:28,9.83,47900,9.84,D
sh603969,银龙股份,2025-09-16 14:42:04,9.83,65200,9.83,D
sh603969,银龙股份,2025-09-16 14:42:55,9.82,24600,9.82,D
sh603969,银龙股份,2025-09-16 14:43:25,9.81,32300,9.81,D
sh603969,银龙股份,2025-09-16 14:43:55,9.8,43900,9.8,D
sh603969,银龙股份,2025-09-16 14:44:22,9.79,27800,9.8,D
sh603969,银龙股份,2025-09-16 14:44:37,9.78,24500,9.78,D
sh603969,银龙股份,2025-09-16 14:44:40,9.78,55600,9.78,D
sh603969,银龙股份,2025-09-16 14:45:16,9.79,54400,9.8,D
sh603969,银龙股份,2025-09-16 14:45:58,9.78,45200,9.79,D
sh603969,银龙股份,2025-09-16 14:46:22,9.79,25800,9.78,U
sh603969,银龙股份,2025-09-16 14:46:28,9.79,21000,9.79,U
sh603969,银龙股份,2025-09-16 14:46:34,9.79,50600,9.79,U
sh603969,银龙股份,2025-09-16 14:46:37,9.79,22800,9.79,D
sh603969,银龙股份,2025-09-16 14:47:34,9.8,128100,9.8,U
sh603969,银龙股份,2025-09-16 14:49:04,9.8,20800,9.8,D
sh603969,银龙股份,2025-09-16 14:49:10,9.8,37590,9.8,D
sh603969,银龙股份,2025-09-16 14:49:16,9.81,24200,9.8,U
sh603969,银龙股份,2025-09-16 14:49:22,9.8,21500,9.81,U
sh603969,银龙股份,2025-09-16 14:50:28,9.79,24600,9.8,D
sh603969,银龙股份,2025-09-16 14:50:31,9.78,152900,9.79,D
sh603969,银龙股份,2025-09-16 14:52:07,9.79,27100,9.78,U
sh603969,银龙股份,2025-09-16 14:52:49,9.79,69400,9.79,D
sh603969,银龙股份,2025-09-16 14:52:52,9.78,22000,9.79,D
sh603969,银龙股份,2025-09-16 14:54:16,9.79,53700,9.79,U
sh603969,银龙股份,2025-09-16 14:55:10,9.81,237535,9.8,U
sh603969,银龙股份,2025-09-16 14:55:55,9.83,172967,9.82,U
sh603969,银龙股份,2025-09-16 14:56:01,9.83,62000,9.83,U
sh603969,银龙股份,2025-09-16 14:56:04,9.83,115100,9.83,U
sh603969,银龙股份,2025-09-16 14:56:07,9.83,41700,9.83,D
sh603969,银龙股份,2025-09-16 14:56:13,9.83,61200,9.83,U
sh603969,银龙股份,2025-09-16 14:56:16,9.85,36700,9.83,U
sh603969,银龙股份,2025-09-16 14:56:28,9.84,46000,9.83,U
sh603969,银龙股份,2025-09-16 14:56:37,9.83,31900,9.84,D
sh603969,银龙股份,2025-09-16 14:56:40,9.84,20200,9.83,U
sh603969,银龙股份,2025-09-16 15:00:03,9.83,358800,9.83,U
