symbol,name,ticktime,price,volume,prev_price,kind
sh603969,银龙股份,2025-09-18 09:25:03,10.0,176500,0.0,U
sh603969,银龙股份,2025-09-18 09:30:04,9.86,34500,9.93,D
sh603969,银龙股份,2025-09-18 09:30:16,9.99,72000,9.91,U
sh603969,银龙股份,2025-09-18 09:30:22,9.93,21200,9.89,U
sh603969,银龙股份,2025-09-18 09:30:25,9.98,70200,9.93,U
sh603969,银龙股份,2025-09-18 09:30:28,9.91,21100,9.98,D
sh603969,银龙股份,2025-09-18 09:30:37,9.91,62700,9.93,D
sh603969,银龙股份,2025-09-18 09:30:40,9.9,28100,9.91,D
sh603969,银龙股份,2025-09-18 09:30:43,9.9,68800,9.9,U
sh603969,银龙股份,2025-09-18 09:30:46,9.9,103200,9.9,U
sh603969,银龙股份,2025-09-18 09:30:49,9.95,38100,9.9,U
sh603969,银龙股份,2025-09-18 09:30:55,9.9,46400,9.89,U
sh603969,银龙股份,2025-09-18 09:31:01,9.92,40600,9.9,U
sh603969,银龙股份,2025-09-18 09:31:04,9.9,36200,9.92,D
sh603969,银龙股份,2025-09-18 09:31:16,9.93,25200,9.92,U
sh603969,银龙股份,2025-09-18 09:31:25,9.99,47600,9.96,U
sh603969,银龙股份,2025-09-18 09:31:46,9.98,33800,9.99,D
sh603969,银龙股份,2025-09-18 09:31:49,9.98,29689,9.98,U
sh603969,银龙股份,2025-09-18 09:31:55,9.97,21200,9.98,D
sh603969,银龙股份,2025-09-18 09:32:19,9.96,23900,9.96,U
sh603969,银龙股份,2025-09-18 09:33:07,9.91,32700,9.92,D
sh603969,银龙股份,2025-09-18 09:33:25,9.89,160800,9.91,D
sh603969,银龙股份,2025-09-18 09:33:28,9.87,105800,9.89,D
sh603969,银龙股份,2025-09-18 09:33:34,9.88,21400,9.87,U
sh603969,银龙股份,2025-09-18 09:33:37,9.89,125100,9.88,U
sh603969,银龙股份,2025-09-18 09:33:40,9.89,21500,9.89,U
sh603969,银龙股份,2025-09-18 09:33:43,9.89,34900,9.89,U
sh603969,银龙股份,2025-09-18 09:33:46,9.89,22100,9.89,U
sh603969,银龙股份,2025-09-18 09:33:52,9.87,42000,9.88,D
sh603969,银龙股份,2025-09-18 09:33:58,9.86,50400,9.88,D
sh603969,银龙股份,2025-09-18 09:34:01,9.88,261800,9.86,U
sh603969,银龙股份,2025-09-18 09:34:04,9.89,29500,9.88,E
sh603969,银龙股份,2025-09-18 09:34:07,9.91,33200,9.89,U
sh603969,银龙股份,2025-09-18 09:34:13,9.92,27600,9.91,U
sh603969,银龙股份,2025-09-18 09:34:16,9.92,27700,9.92,U
sh603969,银龙股份,2025-09-18 09:34:22,9.92,23300,9.93,D
sh603969,银龙股份,2025-09-18 09:34:37,9.9,31000,9.91,D
sh603969,银龙股份,2025-09-18 09:34:40,9.89,51200,9.9,D
sh603969,银龙股份,2025-09-18 09:34:55,9.89,28000,9.9,D
sh603969,银龙股份,2025-09-18 09:35:28,9.89,50800,9.9,D
sh603969,银龙股份,2025-09-18 09:35:31,9.89,51900,9.89,D
sh603969,银龙股份,2025-09-18 09:35:55,9.9,51500,9.89,U
sh603969,银龙股份,2025-09-18 09:37:07,9.91,20100,9.91,U
sh603969,银龙股份,2025-09-18 09:37:13,9.92,147000,9.91,U
sh603969,银龙股份,2025-09-18 09:37:16,9.94,49202,9.92,U
sh603969,银龙股份,2025-09-18 09:37:31,9.93,23800,9.93,D
sh603969,银龙股份,2025-09-18 09:38:19,9.93,41500,9.94,D
sh603969,银龙股份,2025-09-18 09:38:58,9.93,24000,9.93,U
sh603969,银龙股份,2025-09-18 09:39:31,9.93,34000,9.93,U
sh603969,银龙股份,2025-09-18 09:39:43,9.93,26900,9.94,D
sh603969,银龙股份,2025-09-18 09:40:13,9.95,23200,9.93,U
sh603969,银龙股份,2025-09-18 09:40:16,9.95,57600,9.95,D
sh603969,银龙股份,2025-09-18 09:40:34,9.94,34500,9.94,D
sh603969,银龙股份,2025-09-18 09:40:52,9.94,22300,9.94,U
sh603969,银龙股份,2025-09-18 09:41:22,9.94,43800,9.95,D
sh603969,银龙股份,2025-09-18 09:41:46,9.96,67000,9.94,U
sh603969,银龙股份,2025-09-18 09:41:58,9.97,21100,9.96,U
sh603969,银龙股份,2025-09-18 09:42:43,9.99,112500,9.97,U
sh603969,银龙股份,2025-09-18 09:42:46,9.99,27800,9.99,U
sh603969,银龙股份,2025-09-18 09:42:55,10.0,74300,9.98,U
sh603969,银龙股份,2025-09-18 09:43:22,10.0,367300,10.01,D
sh603969,银龙股份,2025-09-18 09:43:25,10.0,49500,10.0,U
sh603969,银龙股份,2025-09-18 09:43:31,9.98,76600,9.99,D
sh603969,银龙股份,2025-09-18 09:44:19,9.99,20400,9.99,D
sh603969,银龙股份,2025-09-18 09:44:22,10.01,83800,9.99,U
sh603969,银龙股份,2025-09-18 09:44:34,10.0,56600,9.99,U
sh603969,银龙股份,2025-09-18 09:44:40,10.01,28700,10.01,D
sh603969,银龙股份,2025-09-18 09:44:46,10.06,28300,10.01,U
sh603969,银龙股份,2025-09-18 09:44:49,10.07,26400,10.06,U
sh603969,银龙股份,2025-09-18 09:44:52,10.07,88700,10.07,D
sh603969,银龙股份,2025-09-18 09:45:01,10.08,53272,10.07,U
sh603969,银龙股份,2025-09-18 09:45:10,10.04,68300,10.07,D
sh603969,银龙股份,2025-09-18 09:45:13,10.04,63900,10.04,D
sh603969,银龙股份,2025-09-18 09:45:31,10.03,82900,10.04,D
sh603969,银龙股份,2025-09-18 09:45:34,10.03,25500,10.03,D
sh603969,银龙股份,2025-09-18 09:46:55,9.98,20100,9.98,U
sh603969,银龙股份,2025-09-18 09:47:01,9.97,36200,9.98,D
sh603969,银龙股份,2025-09-18 09:47:13,9.98,27600,9.97,U
sh603969,银龙股份,2025-09-18 09:47:22,9.97,37800,9.97,D
sh603969,银龙股份,2025-09-18 09:47:28,10.01,108200,9.98,U
sh603969,银龙股份,2025-09-18 09:47:37,10.0,23300,10.0,D
sh603969,银龙股份,2025-09-18 09:48:13,10.04,44000,10.01,U
sh603969,银龙股份,2025-09-18 09:48:16,10.03,60400,10.04,D
sh603969,银龙股份,2025-09-18 09:49:58,10.03,51000,10.03,D
sh603969,银龙股份,2025-09-18 09:50:04,10.03,52700,10.03,U
sh603969,银龙股份,2025-09-18 09:50:22,10.03,26400,10.03,U
sh603969,银龙股份,2025-09-18 09:52:04,10.02,56000,10.02,U
sh603969,银龙股份,2025-09-18 09:52:58,10.0,151100,10.02,D
sh603969,银龙股份,2025-09-18 09:53:04,10.01,161800,10.0,U
sh603969,银龙股份,2025-09-18 09:53:07,10.01,21200,10.01,D
sh603969,银龙股份,2025-09-18 09:53:25,10.07,56300,10.03,U
sh603969,银龙股份,2025-09-18 09:53:28,10.09,90500,10.07,U
sh603969,银龙股份,2025-09-18 09:54:07,10.08,30100,10.06,U
sh603969,银龙股份,2025-09-18 09:54:16,10.08,33000,10.08,D
sh603969,银龙股份,2025-09-18 09:54:28,10.08,25400,10.07,U
sh603969,银龙股份,2025-09-18 09:54:49,10.08,27500,10.08,U
sh603969,银龙股份,2025-09-18 09:55:16,10.09,30200,10.08,U
sh603969,银龙股份,2025-09-18 09:55:22,10.1,63800,10.1,U
sh603969,银龙股份,2025-09-18 09:55:37,10.11,35300,10.1,U
sh603969,银龙股份,2025-09-18 09:55:40,10.12,42500,10.11,U
sh603969,银龙股份,2025-09-18 09:55:43,10.12,129000,10.12,U
sh603969,银龙股份,2025-09-18 09:55:46,10.12,47100,10.12,U
sh603969,银龙股份,2025-09-18 09:55:49,10.12,34700,10.12,D
sh603969,银龙股份,2025-09-18 09:55:58,10.12,47200,10.13,D
sh603969,银龙股份,2025-09-18 09:56:19,10.12,74800,10.12,D
sh603969,银龙股份,2025-09-18 09:56:43,10.12,19900,10.11,U
sh603969,银龙股份,2025-09-18 09:56:55,10.13,21100,10.13,U
sh603969,银龙股份,2025-09-18 09:56:58,10.13,25500,10.13,D
sh603969,银龙股份,2025-09-18 09:57:04,10.13,44300,10.14,D
sh603969,银龙股份,2025-09-18 09:57:10,10.15,68731,10.15,U
sh603969,银龙股份,2025-09-18 09:57:22,10.17,50800,10.15,U
sh603969,银龙股份,2025-09-18 09:57:34,10.18,21300,10.17,U
sh603969,银龙股份,2025-09-18 09:57:37,10.17,20900,10.18,E
sh603969,银龙股份,2025-09-18 09:57:40,10.16,23500,10.17,D
sh603969,银龙股份,2025-09-18 09:58:01,10.18,37100,10.17,E
sh603969,银龙股份,2025-09-18 09:58:04,10.18,41300,10.18,D
sh603969,银龙股份,2025-09-18 09:58:10,10.18,54500,10.18,D
sh603969,银龙股份,2025-09-18 09:58:16,10.19,43400,10.19,U
sh603969,银龙股份,2025-09-18 09:58:19,10.2,106100,10.19,U
sh603969,银龙股份,2025-09-18 09:58:22,10.22,117200,10.2,U
sh603969,银龙股份,2025-09-18 09:58:37,10.22,35600,10.21,U
sh603969,银龙股份,2025-09-18 09:58:43,10.21,21000,10.21,D
sh603969,银龙股份,2025-09-18 09:58:46,10.21,51200,10.21,U
sh603969,银龙股份,2025-09-18 09:58:52,10.2,115600,10.2,D
sh603969,银龙股份,2025-09-18 09:58:55,10.19,33600,10.2,D
sh603969,银龙股份,2025-09-18 09:59:01,10.19,165700,10.19,D
sh603969,银龙股份,2025-09-18 09:59:04,10.2,38400,10.19,U
sh603969,银龙股份,2025-09-18 09:59:07,10.2,39300,10.2,D
sh603969,银龙股份,2025-09-18 09:59:10,10.2,24200,10.2,D
sh603969,银龙股份,2025-09-18 09:59:25,10.2,69500,10.21,D
sh603969,银龙股份,2025-09-18 09:59:31,10.2,104600,10.19,U
sh603969,银龙股份,2025-09-18 09:59:58,10.2,78700,10.19,U
sh603969,银龙股份,2025-09-18 10:00:07,10.19,33000,10.2,D
sh603969,银龙股份,2025-09-18 10:00:34,10.19,31100,10.18,U
sh603969,银龙股份,2025-09-18 10:02:04,10.17,44000,10.17,D
sh603969,银龙股份,2025-09-18 10:02:16,10.18,145200,10.17,U
sh603969,银龙股份,2025-09-18 10:02:19,10.18,32200,10.18,D
sh603969,银龙股份,2025-09-18 10:02:22,10.19,126800,10.18,U
sh603969,银龙股份,2025-09-18 10:03:01,10.13,45200,10.17,D
sh603969,银龙股份,2025-09-18 10:03:10,10.18,80800,10.14,U
sh603969,银龙股份,2025-09-18 10:03:13,10.17,43400,10.18,D
sh603969,银龙股份,2025-09-18 10:03:16,10.19,22000,10.17,U
sh603969,银龙股份,2025-09-18 10:05:58,10.13,21500,10.13,U
sh603969,银龙股份,2025-09-18 10:06:01,10.12,35900,10.13,E
sh603969,银龙股份,2025-09-18 10:06:25,10.1,28000,10.11,D
sh603969,银龙股份,2025-09-18 10:08:13,10.15,145182,10.12,U
sh603969,银龙股份,2025-09-18 10:08:16,10.18,76103,10.15,U
sh603969,银龙股份,2025-09-18 10:08:19,10.17,25497,10.18,D
sh603969,银龙股份,2025-09-18 10:08:49,10.17,109400,10.17,U
sh603969,银龙股份,2025-09-18 10:11:01,10.11,37200,10.13,D
sh603969,银龙股份,2025-09-18 10:11:34,10.11,23200,10.11,D
sh603969,银龙股份,2025-09-18 10:11:40,10.1,20400,10.11,D
sh603969,银龙股份,2025-09-18 10:12:34,10.09,47300,10.11,D
sh603969,银龙股份,2025-09-18 10:12:37,10.11,25400,10.09,U
sh603969,银龙股份,2025-09-18 10:12:40,10.1,29000,10.11,D
sh603969,银龙股份,2025-09-18 10:13:52,10.08,49200,10.08,D
sh603969,银龙股份,2025-09-18 10:14:25,10.09,21500,10.09,D
sh603969,银龙股份,2025-09-18 10:16:13,10.09,38317,10.07,U
sh603969,银龙股份,2025-09-18 10:17:28,10.14,50900,10.11,U
sh603969,银龙股份,2025-09-18 10:17:31,10.14,56500,10.14,D
sh603969,银龙股份,2025-09-18 10:18:37,10.12,30700,10.12,D
sh603969,银龙股份,2025-09-18 10:20:40,10.1,52783,10.11,D
sh603969,银龙股份,2025-09-18 10:20:55,10.07,25900,10.08,D
sh603969,银龙股份,2025-09-18 10:23:34,10.09,44300,10.07,U
sh603969,银龙股份,2025-09-18 10:23:37,10.07,20100,10.09,D
sh603969,银龙股份,2025-09-18 10:25:16,10.09,36600,10.08,U
sh603969,银龙股份,2025-09-18 10:26:40,10.1,23200,10.1,U
sh603969,银龙股份,2025-09-18 10:29:34,10.1,25200,10.09,U
sh603969,银龙股份,2025-09-18 10:30:34,10.1,26500,10.1,D
sh603969,银龙股份,2025-09-18 10:33:07,10.08,34900,10.08,D
sh603969,银龙股份,2025-09-18 10:34:04,10.09,31200,10.08,U
sh603969,银龙股份,2025-09-18 10:34:10,10.09,20000,10.09,D
sh603969,银龙股份,2025-09-18 10:35:40,10.1,29300,10.09,U
sh603969,银龙股份,2025-09-18 10:35:43,10.1,48700,10.1,U
sh603969,银龙股份,2025-09-18 10:36:10,10.12,75421,10.1,U
sh603969,银龙股份,2025-09-18 10:36:13,10.13,35300,10.12,U
sh603969,银龙股份,2025-09-18 10:37:01,10.14,355200,10.11,U
sh603969,银龙股份,2025-09-18 10:41:55,10.13,22000,10.14,D
sh603969,银龙股份,2025-09-18 10:42:07,10.14,22500,10.14,U
sh603969,银龙股份,2025-09-18 10:42:22,10.14,21800,10.15,D
sh603969,银龙股份,2025-09-18 10:44:40,10.14,21100,10.13,U
sh603969,银龙股份,2025-09-18 10:46:40,10.12,96200,10.12,D
sh603969,银龙股份,2025-09-18 10:46:43,10.12,19800,10.12,D
sh603969,银龙股份,2025-09-18 10:46:46,10.12,60500,10.12,D
sh603969,银龙股份,2025-09-18 10:50:16,10.11,20000,10.12,D
sh603969,银龙股份,2025-09-18 10:52:19,10.12,44300,10.13,D
sh603969,银龙股份,2025-09-18 10:52:34,10.12,23100,10.12,U
sh603969,银龙股份,2025-09-18 10:52:49,10.13,59377,10.13,U
sh603969,银龙股份,2025-09-18 10:52:52,10.15,48400,10.13,U
sh603969,银龙股份,2025-09-18 10:53:04,10.18,74400,10.15,U
sh603969,银龙股份,2025-09-18 11:01:22,10.12,70900,10.11,U
sh603969,银龙股份,2025-09-18 11:01:25,10.13,68400,10.12,U
sh603969,银龙股份,2025-09-18 11:01:46,10.11,33900,10.12,D
sh603969,银龙股份,2025-09-18 11:02:52,10.12,29900,10.11,U
sh603969,银龙股份,2025-09-18 11:04:04,10.13,29500,10.13,U
sh603969,银龙股份,2025-09-18 11:08:22,10.11,25300,10.11,D
sh603969,银龙股份,2025-09-18 11:08:34,10.1,105900,10.11,D
sh603969,银龙股份,2025-09-18 11:13:22,10.14,21600,10.13,U
sh603969,银龙股份,2025-09-18 11:13:37,10.13,20000,10.13,D
sh603969,银龙股份,2025-09-18 11:21:40,10.13,24900,10.12,U
sh603969,银龙股份,2025-09-18 11:21:52,10.14,21100,10.13,U
sh603969,银龙股份,2025-09-18 11:22:04,10.13,24600,10.13,D
sh603969,银龙股份,2025-09-18 11:25:31,10.12,26200,10.11,U
sh603969,银龙股份,2025-09-18 11:27:19,10.12,24600,10.12,U
sh603969,银龙股份,2025-09-18 11:27:22,10.14,142692,10.12,U
sh603969,银龙股份,2025-09-18 11:27:37,10.15,56372,10.15,U
sh603969,银龙股份,2025-09-18 11:27:40,10.16,23900,10.15,U
sh603969,银龙股份,2025-09-18 11:29:55,10.17,31700,10.17,U
sh603969,银龙股份,2025-09-18 13:00:13,10.15,28900,10.17,D
sh603969,银龙股份,2025-09-18 13:01:19,10.14,30000,10.14,D
sh603969,银龙股份,2025-09-18 13:05:01,10.15,82100,10.13,U
sh603969,银龙股份,2025-09-18 13:06:04,10.15,20200,10.16,D
sh603969,银龙股份,2025-09-18 13:06:16,10.16,20100,10.15,U
sh603969,银龙股份,2025-09-18 13:10:58,10.11,67300,10.11,D
sh603969,银龙股份,2025-09-18 13:11:52,10.11,60400,10.12,D
sh603969,银龙股份,2025-09-18 13:14:07,10.16,31992,10.15,U
sh603969,银龙股份,2025-09-18 13:14:10,10.16,32600,10.16,U
sh603969,银龙股份,2025-09-18 13:14:28,10.18,34700,10.17,U
sh603969,银龙股份,2025-09-18 13:15:25,10.17,22500,10.17,D
sh603969,银龙股份,2025-09-18 13:20:10,10.12,25000,10.13,D
sh603969,银龙股份,2025-09-18 13:21:22,10.1,66200,10.1,D
sh603969,银龙股份,2025-09-18 13:21:31,10.09,36400,10.09,D
sh603969,银龙股份,2025-09-18 13:21:37,10.08,21200,10.09,D
sh603969,银龙股份,2025-09-18 13:21:49,10.09,33100,10.09,D
sh603969,银龙股份,2025-09-18 13:21:55,10.09,29100,10.09,U
sh603969,银龙股份,2025-09-18 13:21:58,10.09,38200,10.09,U
sh603969,银龙股份,2025-09-18 13:22:04,10.11,20000,10.09,U
sh603969,银龙股份,2025-09-18 13:23:34,10.11,32853,10.12,D
sh603969,银龙股份,2025-09-18 13:24:04,10.1,41200,10.1,D
sh603969,银龙股份,2025-09-18 13:24:58,10.09,38500,10.09,D
sh603969,银龙股份,2025-09-18 13:25:19,10.08,29300,10.08,D
sh603969,银龙股份,2025-09-18 13:26:40,10.07,33100,10.07,D
sh603969,银龙股份,2025-09-18 13:28:49,10.05,42600,10.05,D
sh603969,银龙股份,2025-09-18 13:28:55,10.04,34000,10.05,D
sh603969,银龙股份,2025-09-18 13:29:04,10.04,30700,10.04,D
sh603969,银龙股份,2025-09-18 13:29:37,10.03,29200,10.03,D
sh603969,银龙股份,2025-09-18 13:29:43,10.02,21500,10.03,D
sh603969,银龙股份,2025-09-18 13:29:46,10.03,23800,10.02,U
sh603969,银龙股份,2025-09-18 13:29:49,10.02,51700,10.03,D
sh603969,银龙股份,2025-09-18 13:30:04,10.03,38100,10.02,U
sh603969,银龙股份,2025-09-18 13:32:01,10.04,27000,10.05,D
sh603969,银龙股份,2025-09-18 13:32:28,10.04,22800,10.04,D
sh603969,银龙股份,2025-09-18 13:33:01,10.03,57900,10.03,D
sh603969,银龙股份,2025-09-18 13:33:07,10.02,32000,10.02,D
sh603969,银龙股份,2025-09-18 13:33:37,10.02,36100,10.02,D
sh603969,银龙股份,2025-09-18 13:33:40,10.02,20900,10.02,D
sh603969,银龙股份,2025-09-18 13:33:43,10.01,74900,10.02,D
sh603969,银龙股份,2025-09-18 13:33:52,10.0,158800,10.01,D
sh603969,银龙股份,2025-09-18 13:33:58,10.0,40900,10.0,D
sh603969,银龙股份,2025-09-18 13:36:28,10.01,61400,10.0,U
sh603969,银龙股份,2025-09-18 13:37:19,10.03,49600,10.01,U
sh603969,银龙股份,2025-09-18 13:38:07,10.01,266000,10.02,D
sh603969,银龙股份,2025-09-18 13:38:10,10.0,46100,10.01,D
sh603969,银龙股份,2025-09-18 13:38:19,10.01,32400,10.0,U
sh603969,银龙股份,2025-09-18 13:38:37,10.01,32340,10.01,U
sh603969,银龙股份,2025-09-18 13:39:16,10.0,35300,9.99,U
sh603969,银龙股份,2025-09-18 13:42:49,10.01,37160,10.0,U
sh603969,银龙股份,2025-09-18 13:42:52,10.0,24200,10.01,D
sh603969,银龙股份,2025-09-18 13:44:07,10.01,29100,10.0,U
sh603969,银龙股份,2025-09-18 13:45:40,10.0,41200,10.0,D
sh603969,银龙股份,2025-09-18 13:45:55,10.01,47000,10.0,U
sh603969,银龙股份,2025-09-18 13:45:58,10.0,24200,10.01,D
sh603969,银龙股份,2025-09-18 13:46:28,10.0,22800,10.0,D
sh603969,银龙股份,2025-09-18 13:46:43,9.99,23000,9.99,D
sh603969,银龙股份,2025-09-18 13:47:01,9.99,34000,9.99,D
sh603969,银龙股份,2025-09-18 13:48:28,10.0,127000,10.0,U
sh603969,银龙股份,2025-09-18 13:49:16,10.0,54200,10.0,D
sh603969,银龙股份,2025-09-18 13:50:19,10.05,50500,10.01,U
sh603969,银龙股份,2025-09-18 13:52:16,10.05,90900,10.05,U
sh603969,银龙股份,2025-09-18 13:52:43,10.08,69900,10.06,U
sh603969,银龙股份,2025-09-18 13:53:40,10.07,39300,10.07,U
sh603969,银龙股份,2025-09-18 13:54:58,10.05,37300,10.05,U
sh603969,银龙股份,2025-09-18 13:55:07,10.08,74700,10.04,U
sh603969,银龙股份,2025-09-18 13:56:28,10.1,20500,10.1,U
sh603969,银龙股份,2025-09-18 13:56:34,10.1,27600,10.1,U
sh603969,银龙股份,2025-09-18 13:56:40,10.1,109400,10.1,D
sh603969,银龙股份,2025-09-18 13:57:22,10.08,46400,10.08,D
sh603969,银龙股份,2025-09-18 13:57:34,10.08,23100,10.08,D
sh603969,银龙股份,2025-09-18 13:57:55,10.07,137500,10.08,D
sh603969,银龙股份,2025-09-18 13:58:58,10.04,253000,10.06,D
sh603969,银龙股份,2025-09-18 13:59:34,10.04,21900,10.04,D
sh603969,银龙股份,2025-09-18 13:59:55,10.05,57300,10.03,U
sh603969,银龙股份,2025-09-18 14:00:07,10.04,91100,10.05,D
sh603969,银龙股份,2025-09-18 14:00:55,10.05,21400,10.04,U
sh603969,银龙股份,2025-09-18 14:01:01,10.05,62500,10.05,D
sh603969,银龙股份,2025-09-18 14:02:43,10.1,27200,10.1,D
sh603969,银龙股份,2025-09-18 14:02:49,10.1,21200,10.09,U
sh603969,银龙股份,2025-09-18 14:02:55,10.1,27000,10.09,U
sh603969,银龙股份,2025-09-18 14:04:07,10.08,42200,10.1,D
sh603969,银龙股份,2025-09-18 14:05:10,10.06,40200,10.07,D
sh603969,银龙股份,2025-09-18 14:05:52,10.06,21800,10.06,D
sh603969,银龙股份,2025-09-18 14:06:37,10.06,21200,10.06,D
sh603969,银龙股份,2025-09-18 14:07:04,10.05,86300,10.05,D
sh603969,银龙股份,2025-09-18 14:07:07,10.04,124700,10.05,D
sh603969,银龙股份,2025-09-18 14:07:16,10.04,30500,10.04,D
sh603969,银龙股份,2025-09-18 14:07:22,10.03,42900,10.04,D
sh603969,银龙股份,2025-09-18 14:07:25,10.03,49400,10.03,D
sh603969,银龙股份,2025-09-18 14:07:28,10.03,39659,10.03,D
sh603969,银龙股份,2025-09-18 14:07:55,10.02,43200,10.01,U
sh603969,银龙股份,2025-09-18 14:08:04,10.01,76100,10.01,D
sh603969,银龙股份,2025-09-18 14:08:19,10.01,28320,10.01,D
sh603969,银龙股份,2025-09-18 14:08:22,10.05,91241,10.01,U
sh603969,银龙股份,2025-09-18 14:08:28,10.05,81559,10.05,D
sh603969,银龙股份,2025-09-18 14:09:40,10.05,68900,10.03,U
sh603969,银龙股份,2025-09-18 14:09:46,10.05,20800,10.05,D
sh603969,银龙股份,2025-09-18 14:09:58,10.05,43000,10.05,D
sh603969,银龙股份,2025-09-18 14:10:25,10.05,22700,10.05,D
sh603969,银龙股份,2025-09-18 14:10:28,10.05,45600,10.05,D
sh603969,银龙股份,2025-09-18 14:10:40,10.05,23400,10.05,D
sh603969,银龙股份,2025-09-18 14:11:19,10.04,39700,10.04,D
sh603969,银龙股份,2025-09-18 14:11:22,10.04,21800,10.04,D
sh603969,银龙股份,2025-09-18 14:11:37,10.03,20800,10.03,D
sh603969,银龙股份,2025-09-18 14:11:46,10.03,33200,10.03,D
sh603969,银龙股份,2025-09-18 14:11:55,10.03,129700,10.02,U
sh603969,银龙股份,2025-09-18 14:12:10,10.02,21900,10.03,D
sh603969,银龙股份,2025-09-18 14:12:46,10.02,29500,10.03,D
sh603969,银龙股份,2025-09-18 14:12:49,10.02,68500,10.02,D
sh603969,银龙股份,2025-09-18 14:12:55,10.05,96941,10.02,U
sh603969,银龙股份,2025-09-18 14:12:58,10.03,31559,10.05,D
sh603969,银龙股份,2025-09-18 14:13:40,10.04,21500,10.03,U
sh603969,银龙股份,2025-09-18 14:13:49,10.04,27400,10.03,U
sh603969,银龙股份,2025-09-18 14:13:52,10.06,47200,10.04,U
sh603969,银龙股份,2025-09-18 14:14:01,10.06,20800,10.06,D
sh603969,银龙股份,2025-09-18 14:14:52,10.06,36684,10.06,U
sh603969,银龙股份,2025-09-18 14:16:10,10.06,30200,10.05,U
sh603969,银龙股份,2025-09-18 14:16:13,10.05,100816,10.06,D
sh603969,银龙股份,2025-09-18 14:16:19,10.06,20400,10.05,U
sh603969,银龙股份,2025-09-18 14:16:28,10.07,49400,10.06,U
sh603969,银龙股份,2025-09-18 14:16:43,10.07,35000,10.07,U
sh603969,银龙股份,2025-09-18 14:17:01,10.1,160900,10.09,U
sh603969,银龙股份,2025-09-18 14:17:04,10.11,102500,10.1,U
sh603969,银龙股份,2025-09-18 14:17:46,10.1,67600,10.1,D
sh603969,银龙股份,2025-09-18 14:18:10,10.09,38100,10.1,D
sh603969,银龙股份,2025-09-18 14:18:37,10.09,32400,10.09,U
sh603969,银龙股份,2025-09-18 14:18:46,10.09,23000,10.1,D
sh603969,银龙股份,2025-09-18 14:19:10,10.1,42600,10.09,U
sh603969,银龙股份,2025-09-18 14:19:13,10.11,56700,10.1,U
sh603969,银龙股份,2025-09-18 14:19:28,10.12,47800,10.11,U
sh603969,银龙股份,2025-09-18 14:20:25,10.11,34600,10.11,U
sh603969,银龙股份,2025-09-18 14:20:31,10.11,25200,10.11,D
sh603969,银龙股份,2025-09-18 14:20:52,10.1,75100,10.1,D
sh603969,银龙股份,2025-09-18 14:21:04,10.11,77000,10.09,U
sh603969,银龙股份,2025-09-18 14:21:07,10.11,20000,10.11,D
sh603969,银龙股份,2025-09-18 14:21:13,10.11,24400,10.11,D
sh603969,银龙股份,2025-09-18 14:21:22,10.11,92300,10.1,U
sh603969,银龙股份,2025-09-18 14:21:25,10.09,22200,10.11,D
sh603969,银龙股份,2025-09-18 14:21:40,10.11,25200,10.1,U
sh603969,银龙股份,2025-09-18 14:22:10,10.09,64100,10.09,D
sh603969,银龙股份,2025-09-18 14:23:01,10.1,56600,10.09,U
sh603969,银龙股份,2025-09-18 14:23:49,10.1,21000,10.1,D
sh603969,银龙股份,2025-09-18 14:23:52,10.1,20200,10.1,D
sh603969,银龙股份,2025-09-18 14:24:16,10.09,86700,10.09,D
sh603969,银龙股份,2025-09-18 14:24:19,10.09,117800,10.09,D
sh603969,银龙股份,2025-09-18 14:24:37,10.08,49400,10.08,D
sh603969,银龙股份,2025-09-18 14:25:52,10.07,25100,10.07,D
sh603969,银龙股份,2025-09-18 14:26:01,10.07,21700,10.07,D
sh603969,银龙股份,2025-09-18 14:27:22,10.06,39900,10.06,D
sh603969,银龙股份,2025-09-18 14:27:31,10.05,25000,10.06,D
sh603969,银龙股份,2025-09-18 14:27:40,10.05,26700,10.05,D
sh603969,银龙股份,2025-09-18 14:27:52,10.05,22200,10.05,D
sh603969,银龙股份,2025-09-18 14:28:07,10.05,57800,10.05,D
sh603969,银龙股份,2025-09-18 14:28:10,10.03,183700,10.05,D
sh603969,银龙股份,2025-09-18 14:29:10,10.04,23900,10.04,U
sh603969,银龙股份,2025-09-18 14:29:40,10.03,39800,10.04,D
sh603969,银龙股份,2025-09-18 14:30:40,10.02,46800,10.02,D
sh603969,银龙股份,2025-09-18 14:30:46,10.02,53900,10.02,D
sh603969,银龙股份,2025-09-18 14:30:58,10.01,62500,10.01,D
sh603969,银龙股份,2025-09-18 14:31:13,10.01,60500,10.01,D
sh603969,银龙股份,2025-09-18 14:31:16,10.01,25100,10.01,D
sh603969,银龙股份,2025-09-18 14:31:19,10.02,35700,10.01,U
sh603969,银龙股份,2025-09-18 14:32:07,10.02,74100,10.01,U
sh603969,银龙股份,2025-09-18 14:32:10,10.02,38800,10.02,U
sh603969,银龙股份,2025-09-18 14:32:28,10.05,292900,10.02,U
sh603969,银龙股份,2025-09-18 14:32:43,10.05,109800,10.06,D
sh603969,银龙股份,2025-09-18 14:33:10,10.05,87100,10.03,U
sh603969,银龙股份,2025-09-18 14:33:16,10.04,27900,10.05,D
sh603969,银龙股份,2025-09-18 14:33:28,10.04,27000,10.04,D
sh603969,银龙股份,2025-09-18 14:34:52,10.03,52300,10.03,D
sh603969,银龙股份,2025-09-18 14:34:55,10.03,76000,10.03,D
sh603969,银龙股份,2025-09-18 14:36:04,10.02,75700,10.02,D
sh603969,银龙股份,2025-09-18 14:36:10,10.0,105500,10.01,D
sh603969,银龙股份,2025-09-18 14:36:28,9.99,230000,10.0,D
sh603969,银龙股份,2025-09-18 14:36:34,9.99,69500,9.99,D
sh603969,银龙股份,2025-09-18 14:36:40,9.99,61500,10.0,D
sh603969,银龙股份,2025-09-18 14:37:28,9.98,23500,9.98,D
sh603969,银龙股份,2025-09-18 14:37:37,9.98,55600,9.99,D
sh603969,银龙股份,2025-09-18 14:37:40,9.98,28500,9.98,U
sh603969,银龙股份,2025-09-18 14:38:16,9.97,21700,9.97,D
sh603969,银龙股份,2025-09-18 14:38:19,9.97,34554,9.97,D
sh603969,银龙股份,2025-09-18 14:38:25,9.97,30646,9.97,D
sh603969,银龙股份,2025-09-18 14:38:31,9.97,29000,9.97,U
sh603969,银龙股份,2025-09-18 14:38:52,9.96,102500,9.97,D
sh603969,银龙股份,2025-09-18 14:39:07,9.95,145900,9.96,D
sh603969,银龙股份,2025-09-18 14:39:28,9.94,25100,9.94,D
sh603969,银龙股份,2025-09-18 14:39:31,9.94,20800,9.94,D
sh603969,银龙股份,2025-09-18 14:39:40,9.95,23500,9.94,U
sh603969,银龙股份,2025-09-18 14:39:49,9.95,21300,9.95,U
sh603969,银龙股份,2025-09-18 14:40:07,9.95,26500,9.95,U
sh603969,银龙股份,2025-09-18 14:40:43,9.93,26400,9.93,D
sh603969,银龙股份,2025-09-18 14:41:10,9.94,34300,9.94,U
sh603969,银龙股份,2025-09-18 14:41:22,9.93,47900,9.94,D
sh603969,银龙股份,2025-09-18 14:41:34,9.91,51489,9.92,D
sh603969,银龙股份,2025-09-18 14:42:07,9.9,21200,9.91,D
sh603969,银龙股份,2025-09-18 14:42:10,9.91,31000,9.9,U
sh603969,银龙股份,2025-09-18 14:42:13,9.92,40400,9.91,U
sh603969,银龙股份,2025-09-18 14:42:16,9.92,23200,9.92,U
sh603969,银龙股份,2025-09-18 14:42:19,9.91,31200,9.92,D
sh603969,银龙股份,2025-09-18 14:42:55,9.91,20600,9.92,D
sh603969,银龙股份,2025-09-18 14:43:04,9.91,23500,9.91,D
sh603969,银龙股份,2025-09-18 14:43:46,9.94,44100,9.95,D
sh603969,银龙股份,2025-09-18 14:43:49,9.96,31700,9.94,U
sh603969,银龙股份,2025-09-18 14:44:28,9.99,41900,9.97,U
sh603969,银龙股份,2025-09-18 14:45:01,9.99,26100,9.99,D
sh603969,银龙股份,2025-09-18 14:45:04,9.99,25100,9.99,D
sh603969,银龙股份,2025-09-18 14:45:07,10.0,62800,9.99,U
sh603969,银龙股份,2025-09-18 14:45:13,10.0,28200,9.99,U
sh603969,银龙股份,2025-09-18 14:45:46,10.01,28800,10.01,U
sh603969,银龙股份,2025-09-18 14:46:01,10.01,42800,10.01,D
sh603969,银龙股份,2025-09-18 14:46:04,10.0,20700,10.01,D
sh603969,银龙股份,2025-09-18 14:46:28,10.0,52800,10.0,D
sh603969,银龙股份,2025-09-18 14:46:37,9.99,26600,10.0,D
sh603969,银龙股份,2025-09-18 14:47:04,9.99,31300,9.99,D
sh603969,银龙股份,2025-09-18 14:47:37,10.0,24300,10.0,U
sh603969,银龙股份,2025-09-18 14:47:52,10.0,69689,10.0,U
sh603969,银龙股份,2025-09-18 14:48:19,10.0,27089,10.01,D
sh603969,银龙股份,2025-09-18 14:48:52,10.0,26000,10.01,D
sh603969,银龙股份,2025-09-18 14:49:01,10.02,22500,10.01,U
sh603969,银龙股份,2025-09-18 14:49:43,10.03,22900,10.03,U
sh603969,银龙股份,2025-09-18 14:50:43,10.03,21800,10.03,U
sh603969,银龙股份,2025-09-18 14:51:22,10.03,32400,10.03,U
sh603969,银龙股份,2025-09-18 14:52:13,10.03,31000,10.03,U
sh603969,银龙股份,2025-09-18 14:53:07,10.04,31900,10.03,U
sh603969,银龙股份,2025-09-18 14:54:13,10.04,57368,10.03,U
sh603969,银龙股份,2025-09-18 14:54:34,10.05,43200,10.04,U
sh603969,银龙股份,2025-09-18 14:54:49,10.04,208132,10.05,D
sh603969,银龙股份,2025-09-18 14:55:37,10.01,66900,10.03,D
sh603969,银龙股份,2025-09-18 14:55:40,10.02,457200,10.01,U
sh603969,银龙股份,2025-09-18 14:56:19,10.04,21200,10.04,U
sh603969,银龙股份,2025-09-18 14:56:22,10.05,24776,10.04,U
sh603969,银龙股份,2025-09-18 14:56:31,10.04,22200,10.04,D
sh603969,银龙股份,2025-09-18 14:56:46,10.04,57000,10.05,D
sh603969,银龙股份,2025-09-18 15:00:04,10.05,240015,10.05,U
