symbol,name,ticktime,price,volume,prev_price,kind
sz000400,许继电气,2025-10-15 09:25:00,27.04,249900,0.0,U
sz000400,许继电气,2025-10-15 09:30:00,26.94,34900,27.04,D
sz000400,许继电气,2025-10-15 09:30:03,26.81,143400,26.94,D
sz000400,许继电气,2025-10-15 09:30:06,26.78,31900,26.81,D
sz000400,许继电气,2025-10-15 09:30:09,26.65,9900,26.78,D
sz000400,许继电气,2025-10-15 09:30:12,26.6,16700,26.65,D
sz000400,许继电气,2025-10-15 09:30:15,26.55,10300,26.6,D
sz000400,许继电气,2025-10-15 09:30:18,26.5,27300,26.55,D
sz000400,许继电气,2025-10-15 09:30:21,26.46,26400,26.5,D
sz000400,许继电气,2025-10-15 09:30:24,26.44,41100,26.46,D
sz000400,许继电气,2025-10-15 09:30:27,26.43,63100,26.44,D
sz000400,许继电气,2025-10-15 09:30:30,26.5,42600,26.43,U
sz000400,许继电气,2025-10-15 09:30:33,26.51,19545,26.5,U
sz000400,许继电气,2025-10-15 09:30:36,26.56,21300,26.51,U
sz000400,许继电气,2025-10-15 09:30:39,26.57,26400,26.56,U
sz000400,许继电气,2025-10-15 09:30:42,26.57,21000,26.57,E
sz000400,许继电气,2025-10-15 09:30:45,26.6,31000,26.57,E
sz000400,许继电气,2025-10-15 09:30:48,26.7,50800,26.6,U
sz000400,许继电气,2025-10-15 09:30:54,26.65,38000,26.65,D
sz000400,许继电气,2025-10-15 09:30:57,26.65,19800,26.65,D
sz000400,许继电气,2025-10-15 09:31:00,26.62,26900,26.65,D
sz000400,许继电气,2025-10-15 09:31:03,26.66,22700,26.62,U
sz000400,许继电气,2025-10-15 09:31:06,26.65,25000,26.66,D
sz000400,许继电气,2025-10-15 09:31:09,26.65,39900,26.65,D
sz000400,许继电气,2025-10-15 09:31:12,26.65,50500,26.65,U
sz000400,许继电气,2025-10-15 09:31:15,26.62,49100,26.65,D
sz000400,许继电气,2025-10-15 09:31:18,26.63,41300,26.62,U
sz000400,许继电气,2025-10-15 09:31:21,26.6,19500,26.63,D
sz000400,许继电气,2025-10-15 09:31:24,26.6,13300,26.6,U
sz000400,许继电气,2025-10-15 09:31:27,26.58,38900,26.6,D
sz000400,许继电气,2025-10-15 09:31:30,26.59,30200,26.58,U
sz000400,许继电气,2025-10-15 09:31:33,26.56,19000,26.59,D
sz000400,许继电气,2025-10-15 09:31:36,26.59,28000,26.56,U
sz000400,许继电气,2025-10-15 09:31:39,26.57,56700,26.59,E
sz000400,许继电气,2025-10-15 09:31:42,26.58,44100,26.57,E
sz000400,许继电气,2025-10-15 09:31:45,26.55,64100,26.58,D
sz000400,许继电气,2025-10-15 09:31:48,26.57,16200,26.55,D
sz000400,许继电气,2025-10-15 09:31:51,26.56,34200,26.57,D
sz000400,许继电气,2025-10-15 09:31:54,26.56,31800,26.56,U
sz000400,许继电气,2025-10-15 09:31:57,26.55,14400,26.56,D
sz000400,许继电气,2025-10-15 09:32:00,26.52,34800,26.55,D
sz000400,许继电气,2025-10-15 09:32:03,26.52,44100,26.52,D
sz000400,许继电气,2025-10-15 09:32:06,26.5,51300,26.52,D
sz000400,许继电气,2025-10-15 09:32:09,26.5,31500,26.5,U
sz000400,许继电气,2025-10-15 09:32:12,26.48,21500,26.5,U
sz000400,许继电气,2025-10-15 09:32:15,26.48,47300,26.48,U
sz000400,许继电气,2025-10-15 09:32:18,26.46,53000,26.48,D
sz000400,许继电气,2025-10-15 09:32:21,26.47,28600,26.46,U
sz000400,许继电气,2025-10-15 09:32:24,26.46,44300,26.47,D
sz000400,许继电气,2025-10-15 09:32:27,26.46,119500,26.46,U
sz000400,许继电气,2025-10-15 09:32:30,26.46,19300,26.46,U
sz000400,许继电气,2025-10-15 09:32:33,26.46,83300,26.46,D
sz000400,许继电气,2025-10-15 09:32:36,26.5,11400,26.46,U
sz000400,许继电气,2025-10-15 09:32:39,26.51,43900,26.5,U
sz000400,许继电气,2025-10-15 09:32:42,26.53,109700,26.51,U
sz000400,许继电气,2025-10-15 09:32:45,26.52,24600,26.53,D
sz000400,许继电气,2025-10-15 09:32:48,26.55,35700,26.52,U
sz000400,许继电气,2025-10-15 09:32:51,26.53,11200,26.55,D
sz000400,许继电气,2025-10-15 09:32:54,26.56,52700,26.53,U
sz000400,许继电气,2025-10-15 09:32:57,26.57,27000,26.56,U
sz000400,许继电气,2025-10-15 09:33:00,26.57,19700,26.57,D
sz000400,许继电气,2025-10-15 09:33:03,26.57,8200,26.57,D
sz000400,许继电气,2025-10-15 09:33:09,26.65,20600,26.6,U
sz000400,许继电气,2025-10-15 09:33:15,26.65,11500,26.63,U
sz000400,许继电气,2025-10-15 09:33:18,26.65,35100,26.65,D
sz000400,许继电气,2025-10-15 09:33:21,26.66,13000,26.65,U
sz000400,许继电气,2025-10-15 09:33:24,26.68,18400,26.66,U
sz000400,许继电气,2025-10-15 09:33:27,26.67,32700,26.68,D
sz000400,许继电气,2025-10-15 09:33:30,26.64,46700,26.67,D
sz000400,许继电气,2025-10-15 09:33:33,26.61,9100,26.64,D
sz000400,许继电气,2025-10-15 09:33:39,26.61,15500,26.61,D
sz000400,许继电气,2025-10-15 09:33:42,26.6,17000,26.61,D
sz000400,许继电气,2025-10-15 09:33:45,26.61,81000,26.6,U
sz000400,许继电气,2025-10-15 09:33:48,26.6,16200,26.61,D
sz000400,许继电气,2025-10-15 09:33:51,26.6,11300,26.6,D
sz000400,许继电气,2025-10-15 09:33:54,26.58,19500,26.6,D
sz000400,许继电气,2025-10-15 09:33:57,26.57,12000,26.58,D
sz000400,许继电气,2025-10-15 09:34:00,26.57,17400,26.57,D
sz000400,许继电气,2025-10-15 09:34:06,26.57,19300,26.57,U
sz000400,许继电气,2025-10-15 09:34:09,26.57,25100,26.57,U
sz000400,许继电气,2025-10-15 09:34:12,26.6,123600,26.57,U
sz000400,许继电气,2025-10-15 09:34:15,26.59,8800,26.6,D
sz000400,许继电气,2025-10-15 09:34:18,26.6,11200,26.59,E
sz000400,许继电气,2025-10-15 09:34:21,26.6,8800,26.6,D
sz000400,许继电气,2025-10-15 09:34:27,26.64,22900,26.65,D
sz000400,许继电气,2025-10-15 09:34:30,26.66,10500,26.64,U
sz000400,许继电气,2025-10-15 09:34:36,26.65,11300,26.65,D
sz000400,许继电气,2025-10-15 09:34:39,26.65,18200,26.65,D
sz000400,许继电气,2025-10-15 09:34:42,26.65,14900,26.65,U
sz000400,许继电气,2025-10-15 09:34:45,26.65,25000,26.65,U
sz000400,许继电气,2025-10-15 09:34:48,26.65,18100,26.65,U
sz000400,许继电气,2025-10-15 09:34:51,26.65,8400,26.65,U
sz000400,许继电气,2025-10-15 09:34:54,26.65,12900,26.65,U
sz000400,许继电气,2025-10-15 09:34:57,26.64,17900,26.65,D
sz000400,许继电气,2025-10-15 09:35:00,26.65,36400,26.64,U
sz000400,许继电气,2025-10-15 09:35:03,26.74,22900,26.65,U
sz000400,许继电气,2025-10-15 09:35:09,26.72,15500,26.68,U
sz000400,许继电气,2025-10-15 09:35:12,26.73,7725,26.72,U
sz000400,许继电气,2025-10-15 09:35:15,26.72,10800,26.73,D
sz000400,许继电气,2025-10-15 09:35:18,26.74,13200,26.72,U
sz000400,许继电气,2025-10-15 09:35:24,26.77,9100,26.74,U
sz000400,许继电气,2025-10-15 09:35:27,26.78,28100,26.77,U
sz000400,许继电气,2025-10-15 09:35:30,26.79,9500,26.78,U
sz000400,许继电气,2025-10-15 09:35:33,26.78,12100,26.79,D
sz000400,许继电气,2025-10-15 09:35:36,26.79,20200,26.78,U
sz000400,许继电气,2025-10-15 09:35:39,26.8,18800,26.79,U
sz000400,许继电气,2025-10-15 09:35:42,26.76,53500,26.8,D
sz000400,许继电气,2025-10-15 09:35:45,26.75,14700,26.76,D
sz000400,许继电气,2025-10-15 09:35:48,26.77,8900,26.75,E
sz000400,许继电气,2025-10-15 09:35:51,26.75,14700,26.77,D
sz000400,许继电气,2025-10-15 09:35:54,26.75,12100,26.75,D
sz000400,许继电气,2025-10-15 09:35:57,26.75,15000,26.75,U
sz000400,许继电气,2025-10-15 09:36:00,26.75,15800,26.75,U
sz000400,许继电气,2025-10-15 09:36:03,26.75,25000,26.75,D
sz000400,许继电气,2025-10-15 09:36:18,26.79,18300,26.75,U
sz000400,许继电气,2025-10-15 09:36:24,26.79,16500,26.75,U
sz000400,许继电气,2025-10-15 09:36:27,26.79,20800,26.79,D
sz000400,许继电气,2025-10-15 09:36:33,26.79,10100,26.78,U
sz000400,许继电气,2025-10-15 09:36:45,26.74,11200,26.78,D
sz000400,许继电气,2025-10-15 09:36:48,26.74,10400,26.74,D
sz000400,许继电气,2025-10-15 09:36:51,26.74,11200,26.74,U
sz000400,许继电气,2025-10-15 09:36:57,26.72,12400,26.72,D
sz000400,许继电气,2025-10-15 09:37:00,26.72,18400,26.72,D
sz000400,许继电气,2025-10-15 09:37:03,26.84,115900,26.72,U
sz000400,许继电气,2025-10-15 09:37:06,26.86,7700,26.84,U
sz000400,许继电气,2025-10-15 09:37:09,26.88,8500,26.86,U
sz000400,许继电气,2025-10-15 09:37:15,26.91,73500,26.89,U
sz000400,许继电气,2025-10-15 09:37:18,26.9,22000,26.91,D
sz000400,许继电气,2025-10-15 09:37:21,26.9,27700,26.9,D
sz000400,许继电气,2025-10-15 09:37:27,26.9,19000,26.9,U
sz000400,许继电气,2025-10-15 09:37:30,26.89,45800,26.9,D
sz000400,许继电气,2025-10-15 09:37:33,26.89,39700,26.89,E
sz000400,许继电气,2025-10-15 09:37:39,26.89,10600,26.89,D
sz000400,许继电气,2025-10-15 09:37:45,26.86,8600,26.89,D
sz000400,许继电气,2025-10-15 09:37:48,26.84,18500,26.86,D
sz000400,许继电气,2025-10-15 09:37:54,26.83,12300,26.84,D
sz000400,许继电气,2025-10-15 09:37:57,26.84,22700,26.83,U
sz000400,许继电气,2025-10-15 09:38:03,26.83,32900,26.83,U
sz000400,许继电气,2025-10-15 09:38:06,26.8,8500,26.83,E
sz000400,许继电气,2025-10-15 09:38:09,26.79,17900,26.8,D
sz000400,许继电气,2025-10-15 09:38:12,26.8,32300,26.79,E
sz000400,许继电气,2025-10-15 09:38:15,26.8,8000,26.8,D
sz000400,许继电气,2025-10-15 09:38:18,26.84,101100,26.8,U
sz000400,许继电气,2025-10-15 09:38:21,26.8,35800,26.84,D
sz000400,许继电气,2025-10-15 09:38:24,26.84,42900,26.8,E
sz000400,许继电气,2025-10-15 09:38:27,26.84,10500,26.84,D
sz000400,许继电气,2025-10-15 09:38:30,26.88,26700,26.84,U
sz000400,许继电气,2025-10-15 09:38:36,26.84,11700,26.81,U
sz000400,许继电气,2025-10-15 09:38:39,26.81,7900,26.84,D
sz000400,许继电气,2025-10-15 09:38:45,26.81,8800,26.81,U
sz000400,许继电气,2025-10-15 09:38:54,26.8,13300,26.82,D
sz000400,许继电气,2025-10-15 09:39:00,26.8,18000,26.8,D
sz000400,许继电气,2025-10-15 09:39:03,26.8,18300,26.8,D
sz000400,许继电气,2025-10-15 09:39:06,26.78,18500,26.8,D
sz000400,许继电气,2025-10-15 09:39:09,26.78,8600,26.78,U
sz000400,许继电气,2025-10-15 09:39:12,26.76,11200,26.78,D
sz000400,许继电气,2025-10-15 09:39:18,26.75,9800,26.75,D
sz000400,许继电气,2025-10-15 09:39:30,26.68,26300,26.7,D
sz000400,许继电气,2025-10-15 09:39:33,26.68,9700,26.68,D
sz000400,许继电气,2025-10-15 09:39:36,26.67,9600,26.68,D
sz000400,许继电气,2025-10-15 09:39:45,26.67,10400,26.66,U
sz000400,许继电气,2025-10-15 09:39:48,26.68,17800,26.67,U
sz000400,许继电气,2025-10-15 09:39:51,26.66,15900,26.68,D
sz000400,许继电气,2025-10-15 09:40:18,26.62,9800,26.62,D
sz000400,许继电气,2025-10-15 09:40:21,26.62,17600,26.62,D
sz000400,许继电气,2025-10-15 09:40:24,26.61,15800,26.62,D
sz000400,许继电气,2025-10-15 09:40:30,26.61,13200,26.61,U
sz000400,许继电气,2025-10-15 09:40:33,26.6,40500,26.61,D
sz000400,许继电气,2025-10-15 09:40:36,26.59,12800,26.6,D
sz000400,许继电气,2025-10-15 09:40:39,26.58,14300,26.59,D
sz000400,许继电气,2025-10-15 09:40:42,26.58,9000,26.58,E
sz000400,许继电气,2025-10-15 09:40:45,26.56,12400,26.58,D
sz000400,许继电气,2025-10-15 09:40:48,26.56,33400,26.56,D
sz000400,许继电气,2025-10-15 09:40:51,26.55,9600,26.56,D
sz000400,许继电气,2025-10-15 09:40:54,26.55,35900,26.55,D
sz000400,许继电气,2025-10-15 09:40:57,26.54,22300,26.55,D
sz000400,许继电气,2025-10-15 09:41:00,26.52,8600,26.54,D
sz000400,许继电气,2025-10-15 09:41:03,26.53,25500,26.52,U
sz000400,许继电气,2025-10-15 09:41:06,26.52,26800,26.53,E
sz000400,许继电气,2025-10-15 09:41:09,26.52,41800,26.52,U
sz000400,许继电气,2025-10-15 09:41:12,26.52,35700,26.52,D
sz000400,许继电气,2025-10-15 09:41:15,26.51,45200,26.52,E
sz000400,许继电气,2025-10-15 09:41:18,26.5,19700,26.51,D
sz000400,许继电气,2025-10-15 09:41:21,26.5,13700,26.5,U
sz000400,许继电气,2025-10-15 09:41:24,26.49,17600,26.5,E
sz000400,许继电气,2025-10-15 09:41:27,26.48,42900,26.49,D
sz000400,许继电气,2025-10-15 09:41:30,26.47,16913,26.48,D
sz000400,许继电气,2025-10-15 09:41:33,26.47,13000,26.47,U
sz000400,许继电气,2025-10-15 09:41:36,26.45,22000,26.47,D
sz000400,许继电气,2025-10-15 09:41:39,26.43,64887,26.45,D
sz000400,许继电气,2025-10-15 09:41:42,26.42,22387,26.43,D
sz000400,许继电气,2025-10-15 09:41:45,26.43,30613,26.42,E
sz000400,许继电气,2025-10-15 09:41:48,26.41,22900,26.43,D
sz000400,许继电气,2025-10-15 09:41:51,26.41,54900,26.41,D
sz000400,许继电气,2025-10-15 09:41:54,26.4,103500,26.41,D
sz000400,许继电气,2025-10-15 09:41:57,26.39,36500,26.4,D
sz000400,许继电气,2025-10-15 09:42:00,26.38,30700,26.39,D
sz000400,许继电气,2025-10-15 09:42:03,26.36,18200,26.38,E
sz000400,许继电气,2025-10-15 09:42:06,26.34,8800,26.36,D
sz000400,许继电气,2025-10-15 09:42:09,26.35,47387,26.34,U
sz000400,许继电气,2025-10-15 09:42:12,26.36,337042,26.35,U
sz000400,许继电气,2025-10-15 09:42:15,26.4,214100,26.36,U
sz000400,许继电气,2025-10-15 09:42:18,26.46,42600,26.4,U
sz000400,许继电气,2025-10-15 09:42:21,26.49,30000,26.46,U
sz000400,许继电气,2025-10-15 09:42:24,26.5,22513,26.49,U
sz000400,许继电气,2025-10-15 09:42:27,26.49,13000,26.5,D
sz000400,许继电气,2025-10-15 09:42:30,26.48,29500,26.49,D
sz000400,许继电气,2025-10-15 09:42:33,26.5,24500,26.48,U
sz000400,许继电气,2025-10-15 09:42:36,26.49,42500,26.5,D
sz000400,许继电气,2025-10-15 09:42:39,26.49,17200,26.49,D
sz000400,许继电气,2025-10-15 09:42:42,26.49,20900,26.49,E
sz000400,许继电气,2025-10-15 09:42:45,26.5,47000,26.49,U
sz000400,许继电气,2025-10-15 09:42:48,26.52,9400,26.5,U
sz000400,许继电气,2025-10-15 09:42:51,26.53,53500,26.52,U
sz000400,许继电气,2025-10-15 09:42:54,26.56,11100,26.53,E
sz000400,许继电气,2025-10-15 09:42:57,26.56,9800,26.56,U
sz000400,许继电气,2025-10-15 09:43:00,26.59,17200,26.56,U
sz000400,许继电气,2025-10-15 09:43:03,26.58,30400,26.59,E
sz000400,许继电气,2025-10-15 09:43:06,26.56,9300,26.58,D
sz000400,许继电气,2025-10-15 09:43:09,26.61,12000,26.56,U
sz000400,许继电气,2025-10-15 09:43:12,26.61,27200,26.61,U
sz000400,许继电气,2025-10-15 09:43:18,26.6,9200,26.6,E
sz000400,许继电气,2025-10-15 09:43:21,26.55,16000,26.6,D
sz000400,许继电气,2025-10-15 09:43:24,26.53,21400,26.55,D
sz000400,许继电气,2025-10-15 09:43:27,26.53,10400,26.53,D
sz000400,许继电气,2025-10-15 09:43:30,26.53,22500,26.53,D
sz000400,许继电气,2025-10-15 09:43:36,26.51,41600,26.53,D
sz000400,许继电气,2025-10-15 09:43:39,26.51,23000,26.51,U
sz000400,许继电气,2025-10-15 09:43:42,26.5,9800,26.51,D
sz000400,许继电气,2025-10-15 09:43:45,26.49,8900,26.5,D
sz000400,许继电气,2025-10-15 09:43:48,26.48,29100,26.49,D
sz000400,许继电气,2025-10-15 09:43:51,26.5,102700,26.48,U
sz000400,许继电气,2025-10-15 09:43:54,26.5,19000,26.5,D
sz000400,许继电气,2025-10-15 09:43:57,26.52,30600,26.5,E
sz000400,许继电气,2025-10-15 09:44:00,26.52,15400,26.52,D
sz000400,许继电气,2025-10-15 09:44:03,26.51,13500,26.52,E
sz000400,许继电气,2025-10-15 09:44:06,26.52,9800,26.51,E
sz000400,许继电气,2025-10-15 09:44:09,26.53,19300,26.52,E
sz000400,许继电气,2025-10-15 09:44:12,26.53,11400,26.53,D
sz000400,许继电气,2025-10-15 09:44:18,26.57,16700,26.56,U
sz000400,许继电气,2025-10-15 09:44:24,26.55,11800,26.57,D
sz000400,许继电气,2025-10-15 09:44:30,26.57,10600,26.57,D
sz000400,许继电气,2025-10-15 09:44:33,26.58,9800,26.57,U
sz000400,许继电气,2025-10-15 09:44:36,26.57,37500,26.58,D
sz000400,许继电气,2025-10-15 09:44:39,26.58,13300,26.57,U
sz000400,许继电气,2025-10-15 09:44:42,26.58,16800,26.58,U
sz000400,许继电气,2025-10-15 09:44:45,26.58,11700,26.58,U
sz000400,许继电气,2025-10-15 09:44:48,26.59,13000,26.58,U
sz000400,许继电气,2025-10-15 09:44:51,26.59,16500,26.59,U
sz000400,许继电气,2025-10-15 09:44:54,26.59,21600,26.59,D
sz000400,许继电气,2025-10-15 09:44:57,26.59,11500,26.59,D
sz000400,许继电气,2025-10-15 09:45:00,26.61,31600,26.59,U
sz000400,许继电气,2025-10-15 09:45:03,26.61,15400,26.61,D
sz000400,许继电气,2025-10-15 09:45:09,26.63,12600,26.62,U
sz000400,许继电气,2025-10-15 09:45:18,26.63,13400,26.63,U
sz000400,许继电气,2025-10-15 09:45:21,26.65,14400,26.63,U
sz000400,许继电气,2025-10-15 09:45:30,26.66,14600,26.65,U
sz000400,许继电气,2025-10-15 09:45:42,26.66,25500,26.67,D
sz000400,许继电气,2025-10-15 09:45:48,26.65,28800,26.67,D
sz000400,许继电气,2025-10-15 09:45:57,26.67,10000,26.66,U
sz000400,许继电气,2025-10-15 09:46:12,26.67,19600,26.67,U
sz000400,许继电气,2025-10-15 09:46:15,26.67,11800,26.67,D
sz000400,许继电气,2025-10-15 09:46:18,26.67,11200,26.67,D
sz000400,许继电气,2025-10-15 09:46:21,26.68,32900,26.67,E
sz000400,许继电气,2025-10-15 09:46:36,26.68,14900,26.68,U
sz000400,许继电气,2025-10-15 09:46:48,26.64,24300,26.68,D
sz000400,许继电气,2025-10-15 09:46:51,26.68,37700,26.64,U
sz000400,许继电气,2025-10-15 09:47:00,26.68,15000,26.68,U
sz000400,许继电气,2025-10-15 09:47:09,26.68,15900,26.68,U
sz000400,许继电气,2025-10-15 09:47:15,26.68,25300,26.67,U
sz000400,许继电气,2025-10-15 09:47:21,26.66,8000,26.67,E
sz000400,许继电气,2025-10-15 09:47:24,26.66,26600,26.66,U
sz000400,许继电气,2025-10-15 09:47:30,26.66,10000,26.67,E
sz000400,许继电气,2025-10-15 09:47:39,26.64,25800,26.65,D
sz000400,许继电气,2025-10-15 09:47:42,26.65,48400,26.64,U
sz000400,许继电气,2025-10-15 09:47:45,26.62,48200,26.65,E
sz000400,许继电气,2025-10-15 09:47:48,26.61,16400,26.62,D
sz000400,许继电气,2025-10-15 09:47:51,26.66,31200,26.61,U
sz000400,许继电气,2025-10-15 09:47:54,26.66,62000,26.66,D
sz000400,许继电气,2025-10-15 09:48:03,26.67,92300,26.67,D
sz000400,许继电气,2025-10-15 09:48:09,26.7,30200,26.7,U
sz000400,许继电气,2025-10-15 09:48:12,26.76,19510,26.7,U
sz000400,许继电气,2025-10-15 09:48:21,26.76,31890,26.77,E
sz000400,许继电气,2025-10-15 09:48:27,26.67,23200,26.71,D
sz000400,许继电气,2025-10-15 09:48:33,26.64,24700,26.65,D
sz000400,许继电气,2025-10-15 09:48:36,26.65,25700,26.64,D
sz000400,许继电气,2025-10-15 09:48:42,26.7,21500,26.71,E
sz000400,许继电气,2025-10-15 09:48:45,26.72,23000,26.7,U
sz000400,许继电气,2025-10-15 09:48:48,26.71,24600,26.72,E
sz000400,许继电气,2025-10-15 09:48:57,26.7,11400,26.69,U
sz000400,许继电气,2025-10-15 09:49:06,26.72,13900,26.71,U
sz000400,许继电气,2025-10-15 09:49:15,26.7,16500,26.71,D
sz000400,许继电气,2025-10-15 09:49:21,26.68,9400,26.71,D
sz000400,许继电气,2025-10-15 09:49:24,26.65,39200,26.68,D
sz000400,许继电气,2025-10-15 09:49:33,26.65,22600,26.62,U
sz000400,许继电气,2025-10-15 09:49:48,26.63,16600,26.61,U
sz000400,许继电气,2025-10-15 09:49:51,26.63,13800,26.63,D
sz000400,许继电气,2025-10-15 09:49:57,26.62,10600,26.62,U
sz000400,许继电气,2025-10-15 09:50:00,26.6,27000,26.62,D
sz000400,许继电气,2025-10-15 09:50:03,26.62,15600,26.6,U
sz000400,许继电气,2025-10-15 09:50:18,26.6,17600,26.61,D
sz000400,许继电气,2025-10-15 09:50:36,26.57,9900,26.58,D
sz000400,许继电气,2025-10-15 09:50:39,26.57,23400,26.57,U
sz000400,许继电气,2025-10-15 09:50:42,26.57,22100,26.57,D
sz000400,许继电气,2025-10-15 09:50:48,26.57,9500,26.57,D
sz000400,许继电气,2025-10-15 09:50:51,26.58,16700,26.57,U
sz000400,许继电气,2025-10-15 09:50:54,26.56,8000,26.58,D
sz000400,许继电气,2025-10-15 09:50:57,26.56,13700,26.56,U
sz000400,许继电气,2025-10-15 09:51:15,26.57,43600,26.56,U
sz000400,许继电气,2025-10-15 09:51:21,26.56,8200,26.56,D
sz000400,许继电气,2025-10-15 09:51:24,26.56,103000,26.56,D
sz000400,许继电气,2025-10-15 09:51:48,26.53,8200,26.54,D
sz000400,许继电气,2025-10-15 09:51:51,26.51,12300,26.53,D
sz000400,许继电气,2025-10-15 09:51:57,26.51,11600,26.51,D
sz000400,许继电气,2025-10-15 09:52:00,26.51,10100,26.51,D
sz000400,许继电气,2025-10-15 09:52:03,26.51,17400,26.51,U
sz000400,许继电气,2025-10-15 09:52:06,26.51,18400,26.51,U
sz000400,许继电气,2025-10-15 09:52:09,26.5,19700,26.51,D
sz000400,许继电气,2025-10-15 09:52:12,26.5,42700,26.5,D
sz000400,许继电气,2025-10-15 09:52:15,26.49,22900,26.5,D
sz000400,许继电气,2025-10-15 09:52:21,26.49,8800,26.49,U
sz000400,许继电气,2025-10-15 09:52:27,26.48,14400,26.48,D
sz000400,许继电气,2025-10-15 09:52:30,26.47,10700,26.48,D
sz000400,许继电气,2025-10-15 09:52:36,26.48,32300,26.47,U
sz000400,许继电气,2025-10-15 09:52:39,26.47,14200,26.48,D
sz000400,许继电气,2025-10-15 09:52:42,26.47,10200,26.47,U
sz000400,许继电气,2025-10-15 09:52:48,26.47,35300,26.47,U
sz000400,许继电气,2025-10-15 09:52:51,26.48,12400,26.47,U
sz000400,许继电气,2025-10-15 09:52:54,26.46,16100,26.48,D
sz000400,许继电气,2025-10-15 09:53:00,26.46,26300,26.47,D
sz000400,许继电气,2025-10-15 09:53:03,26.44,43200,26.46,D
sz000400,许继电气,2025-10-15 09:53:06,26.46,55400,26.44,U
sz000400,许继电气,2025-10-15 09:53:09,26.44,16500,26.46,D
sz000400,许继电气,2025-10-15 09:53:12,26.44,7900,26.44,D
sz000400,许继电气,2025-10-15 09:53:15,26.42,18300,26.44,D
sz000400,许继电气,2025-10-15 09:53:18,26.44,23400,26.42,D
sz000400,许继电气,2025-10-15 09:53:21,26.43,22800,26.44,D
sz000400,许继电气,2025-10-15 09:53:24,26.43,8200,26.43,E
sz000400,许继电气,2025-10-15 09:53:27,26.41,26700,26.43,D
sz000400,许继电气,2025-10-15 09:53:30,26.43,27900,26.41,U
sz000400,许继电气,2025-10-15 09:53:33,26.43,23000,26.43,D
sz000400,许继电气,2025-10-15 09:53:36,26.43,13300,26.43,D
sz000400,许继电气,2025-10-15 09:53:39,26.44,10100,26.43,E
sz000400,许继电气,2025-10-15 09:53:42,26.45,11500,26.44,U
sz000400,许继电气,2025-10-15 09:53:45,26.46,8000,26.45,U
sz000400,许继电气,2025-10-15 09:53:48,26.47,8000,26.46,U
sz000400,许继电气,2025-10-15 09:53:54,26.46,8200,26.46,D
sz000400,许继电气,2025-10-15 09:53:57,26.46,10000,26.46,U
sz000400,许继电气,2025-10-15 09:54:00,26.44,15900,26.46,D
sz000400,许继电气,2025-10-15 09:54:06,26.45,32200,26.44,U
sz000400,许继电气,2025-10-15 09:54:12,26.45,12400,26.45,D
sz000400,许继电气,2025-10-15 09:54:15,26.44,139800,26.45,D
sz000400,许继电气,2025-10-15 09:54:18,26.43,9500,26.44,D
sz000400,许继电气,2025-10-15 09:54:21,26.45,20100,26.43,U
sz000400,许继电气,2025-10-15 09:54:24,26.45,16800,26.45,U
sz000400,许继电气,2025-10-15 09:54:27,26.44,13400,26.45,D
sz000400,许继电气,2025-10-15 09:54:30,26.44,18800,26.44,U
sz000400,许继电气,2025-10-15 09:54:33,26.44,12000,26.44,U
sz000400,许继电气,2025-10-15 09:54:39,26.44,13600,26.44,U
sz000400,许继电气,2025-10-15 09:54:42,26.44,29700,26.44,D
sz000400,许继电气,2025-10-15 09:54:48,26.5,58300,26.48,U
sz000400,许继电气,2025-10-15 09:55:12,26.53,8400,26.54,D
sz000400,许继电气,2025-10-15 09:55:24,26.55,8700,26.54,U
sz000400,许继电气,2025-10-15 09:55:30,26.54,9500,26.55,D
sz000400,许继电气,2025-10-15 09:55:33,26.54,29800,26.54,D
sz000400,许继电气,2025-10-15 09:55:42,26.54,54500,26.53,U
sz000400,许继电气,2025-10-15 09:55:57,26.54,19300,26.53,U
sz000400,许继电气,2025-10-15 09:56:15,26.54,16700,26.54,U
sz000400,许继电气,2025-10-15 09:56:21,26.57,39200,26.54,U
sz000400,许继电气,2025-10-15 09:56:24,26.59,79900,26.57,E
sz000400,许继电气,2025-10-15 09:56:36,26.6,55400,26.65,D
sz000400,许继电气,2025-10-15 09:56:57,26.55,7800,26.57,E
sz000400,许继电气,2025-10-15 09:57:00,26.56,12500,26.55,U
sz000400,许继电气,2025-10-15 09:57:03,26.52,14100,26.56,D
sz000400,许继电气,2025-10-15 09:57:09,26.51,33700,26.5,E
sz000400,许继电气,2025-10-15 09:57:24,26.47,14300,26.47,D
sz000400,许继电气,2025-10-15 09:57:33,26.47,8300,26.47,U
sz000400,许继电气,2025-10-15 09:57:48,26.45,50900,26.45,D
sz000400,许继电气,2025-10-15 09:57:57,26.44,7600,26.45,D
sz000400,许继电气,2025-10-15 09:58:00,26.44,25200,26.44,D
sz000400,许继电气,2025-10-15 09:58:03,26.44,11900,26.44,U
sz000400,许继电气,2025-10-15 09:58:06,26.44,62000,26.44,U
sz000400,许继电气,2025-10-15 09:58:09,26.43,28100,26.44,D
sz000400,许继电气,2025-10-15 09:58:12,26.43,10100,26.43,U
sz000400,许继电气,2025-10-15 09:58:15,26.43,14200,26.43,U
sz000400,许继电气,2025-10-15 09:58:18,26.42,11200,26.43,D
sz000400,许继电气,2025-10-15 09:58:21,26.44,46400,26.42,U
sz000400,许继电气,2025-10-15 09:58:24,26.43,11400,26.44,D
sz000400,许继电气,2025-10-15 09:58:30,26.46,14300,26.46,D
sz000400,许继电气,2025-10-15 09:58:42,26.46,17700,26.44,U
sz000400,许继电气,2025-10-15 09:58:54,26.46,8100,26.46,D
sz000400,许继电气,2025-10-15 09:58:57,26.48,15400,26.46,U
sz000400,许继电气,2025-10-15 09:59:03,26.46,19100,26.47,D
sz000400,许继电气,2025-10-15 09:59:09,26.46,9900,26.46,D
sz000400,许继电气,2025-10-15 09:59:18,26.46,11900,26.46,U
sz000400,许继电气,2025-10-15 09:59:33,26.46,10900,26.46,D
sz000400,许继电气,2025-10-15 09:59:42,26.45,9400,26.46,D
sz000400,许继电气,2025-10-15 09:59:51,26.46,44200,26.45,U
sz000400,许继电气,2025-10-15 09:59:54,26.53,8300,26.46,U
sz000400,许继电气,2025-10-15 10:00:18,26.5,29000,26.54,D
sz000400,许继电气,2025-10-15 10:00:27,26.5,53100,26.5,U
sz000400,许继电气,2025-10-15 10:00:30,26.43,63600,26.5,D
sz000400,许继电气,2025-10-15 10:00:33,26.47,9400,26.43,U
sz000400,许继电气,2025-10-15 10:00:36,26.44,51100,26.47,D
sz000400,许继电气,2025-10-15 10:00:39,26.46,13200,26.44,E
sz000400,许继电气,2025-10-15 10:00:45,26.45,29300,26.44,U
sz000400,许继电气,2025-10-15 10:00:48,26.41,17100,26.45,D
sz000400,许继电气,2025-10-15 10:00:57,26.42,11100,26.42,D
sz000400,许继电气,2025-10-15 10:01:00,26.42,12700,26.42,D
sz000400,许继电气,2025-10-15 10:01:06,26.41,31600,26.42,D
sz000400,许继电气,2025-10-15 10:01:09,26.41,22400,26.41,D
sz000400,许继电气,2025-10-15 10:01:12,26.41,35700,26.41,D
sz000400,许继电气,2025-10-15 10:01:15,26.41,16100,26.41,D
sz000400,许继电气,2025-10-15 10:01:21,26.43,22900,26.4,U
sz000400,许继电气,2025-10-15 10:01:24,26.43,14200,26.43,D
sz000400,许继电气,2025-10-15 10:01:27,26.43,31200,26.43,D
sz000400,许继电气,2025-10-15 10:01:33,26.42,7600,26.43,E
sz000400,许继电气,2025-10-15 10:01:36,26.41,9600,26.42,D
sz000400,许继电气,2025-10-15 10:01:42,26.42,24600,26.42,U
sz000400,许继电气,2025-10-15 10:01:45,26.41,16800,26.42,D
sz000400,许继电气,2025-10-15 10:01:51,26.41,25100,26.41,U
sz000400,许继电气,2025-10-15 10:01:54,26.42,9400,26.41,U
sz000400,许继电气,2025-10-15 10:01:57,26.41,13800,26.42,D
sz000400,许继电气,2025-10-15 10:02:06,26.42,10500,26.41,U
sz000400,许继电气,2025-10-15 10:02:09,26.42,40700,26.42,U
sz000400,许继电气,2025-10-15 10:02:12,26.42,24200,26.42,U
sz000400,许继电气,2025-10-15 10:02:15,26.43,57700,26.42,U
sz000400,许继电气,2025-10-15 10:02:18,26.49,13100,26.43,U
sz000400,许继电气,2025-10-15 10:02:21,26.5,27900,26.49,U
sz000400,许继电气,2025-10-15 10:02:27,26.46,13200,26.46,D
sz000400,许继电气,2025-10-15 10:02:33,26.51,68300,26.46,U
sz000400,许继电气,2025-10-15 10:03:00,26.5,8900,26.5,D
sz000400,许继电气,2025-10-15 10:03:12,26.49,7900,26.48,U
sz000400,许继电气,2025-10-15 10:03:18,26.5,11700,26.48,U
sz000400,许继电气,2025-10-15 10:03:21,26.43,70100,26.5,D
sz000400,许继电气,2025-10-15 10:03:24,26.5,8800,26.43,U
sz000400,许继电气,2025-10-15 10:03:33,26.51,62400,26.5,U
sz000400,许继电气,2025-10-15 10:03:36,26.51,27300,26.51,U
sz000400,许继电气,2025-10-15 10:03:42,26.51,11900,26.53,D
sz000400,许继电气,2025-10-15 10:03:51,26.51,11500,26.51,D
sz000400,许继电气,2025-10-15 10:03:57,26.52,8600,26.52,E
sz000400,许继电气,2025-10-15 10:04:15,26.53,10900,26.53,D
sz000400,许继电气,2025-10-15 10:04:24,26.52,9000,26.51,U
sz000400,许继电气,2025-10-15 10:04:27,26.53,14500,26.52,U
sz000400,许继电气,2025-10-15 10:04:36,26.53,19200,26.54,D
sz000400,许继电气,2025-10-15 10:04:42,26.53,21400,26.53,U
sz000400,许继电气,2025-10-15 10:04:45,26.54,10700,26.53,U
sz000400,许继电气,2025-10-15 10:05:03,26.56,8000,26.54,U
sz000400,许继电气,2025-10-15 10:05:09,26.56,8800,26.55,U
sz000400,许继电气,2025-10-15 10:05:12,26.6,40100,26.56,U
sz000400,许继电气,2025-10-15 10:05:15,26.66,57000,26.6,U
sz000400,许继电气,2025-10-15 10:05:24,26.66,28200,26.68,D
sz000400,许继电气,2025-10-15 10:05:27,26.62,7800,26.66,D
sz000400,许继电气,2025-10-15 10:05:36,26.65,13000,26.65,U
sz000400,许继电气,2025-10-15 10:05:51,26.65,21000,26.62,U
sz000400,许继电气,2025-10-15 10:06:09,26.64,14400,26.63,E
sz000400,许继电气,2025-10-15 10:06:15,26.63,8800,26.65,D
sz000400,许继电气,2025-10-15 10:06:24,26.63,8200,26.63,U
sz000400,许继电气,2025-10-15 10:06:36,26.63,23900,26.62,U
sz000400,许继电气,2025-10-15 10:06:39,26.63,13900,26.63,D
sz000400,许继电气,2025-10-15 10:06:42,26.63,13500,26.63,D
sz000400,许继电气,2025-10-15 10:06:45,26.63,8300,26.63,D
sz000400,许继电气,2025-10-15 10:06:51,26.63,11000,26.65,D
sz000400,许继电气,2025-10-15 10:06:54,26.63,14000,26.63,D
sz000400,许继电气,2025-10-15 10:07:06,26.61,8800,26.62,D
sz000400,许继电气,2025-10-15 10:07:33,26.56,18100,26.54,U
sz000400,许继电气,2025-10-15 10:07:36,26.57,12000,26.56,U
sz000400,许继电气,2025-10-15 10:07:48,26.6,31600,26.56,U
sz000400,许继电气,2025-10-15 10:07:54,26.6,11600,26.57,U
sz000400,许继电气,2025-10-15 10:08:03,26.62,39000,26.6,U
sz000400,许继电气,2025-10-15 10:08:06,26.63,22900,26.62,E
sz000400,许继电气,2025-10-15 10:08:39,26.64,8800,26.64,U
sz000400,许继电气,2025-10-15 10:08:42,26.63,9900,26.64,D
sz000400,许继电气,2025-10-15 10:08:51,26.65,10400,26.64,U
sz000400,许继电气,2025-10-15 10:09:12,26.69,13300,26.68,U
sz000400,许继电气,2025-10-15 10:09:39,26.7,10800,26.69,U
sz000400,许继电气,2025-10-15 10:09:42,26.69,7500,26.7,D
sz000400,许继电气,2025-10-15 10:09:51,26.71,13700,26.7,U
sz000400,许继电气,2025-10-15 10:10:06,26.73,12600,26.71,U
sz000400,许继电气,2025-10-15 10:10:09,26.73,10800,26.73,U
sz000400,许继电气,2025-10-15 10:10:18,26.75,11300,26.73,U
sz000400,许继电气,2025-10-15 10:10:24,26.75,15700,26.74,U
sz000400,许继电气,2025-10-15 10:10:27,26.76,25900,26.75,U
sz000400,许继电气,2025-10-15 10:10:30,26.78,15100,26.76,U
sz000400,许继电气,2025-10-15 10:10:36,26.76,10300,26.77,D
sz000400,许继电气,2025-10-15 10:10:39,26.75,24800,26.76,D
sz000400,许继电气,2025-10-15 10:10:42,26.75,12900,26.75,D
sz000400,许继电气,2025-10-15 10:10:45,26.76,106500,26.75,U
sz000400,许继电气,2025-10-15 10:10:54,26.76,16000,26.76,U
sz000400,许继电气,2025-10-15 10:11:09,26.75,11600,26.76,D
sz000400,许继电气,2025-10-15 10:11:12,26.76,9600,26.75,U
sz000400,许继电气,2025-10-15 10:11:15,26.75,9200,26.76,D
sz000400,许继电气,2025-10-15 10:11:24,26.75,19500,26.75,D
sz000400,许继电气,2025-10-15 10:11:27,26.75,18000,26.75,D
sz000400,许继电气,2025-10-15 10:11:30,26.75,11600,26.75,D
sz000400,许继电气,2025-10-15 10:11:39,26.76,17300,26.76,D
sz000400,许继电气,2025-10-15 10:11:42,26.77,10100,26.76,U
sz000400,许继电气,2025-10-15 10:11:45,26.77,13200,26.77,D
sz000400,许继电气,2025-10-15 10:11:54,26.78,20000,26.78,U
sz000400,许继电气,2025-10-15 10:11:57,26.77,12400,26.78,D
sz000400,许继电气,2025-10-15 10:12:09,26.79,17800,26.78,U
sz000400,许继电气,2025-10-15 10:12:21,26.79,7500,26.78,U
sz000400,许继电气,2025-10-15 10:12:24,26.79,13600,26.79,U
sz000400,许继电气,2025-10-15 10:12:36,26.79,8600,26.78,U
sz000400,许继电气,2025-10-15 10:12:39,26.77,11000,26.79,D
sz000400,许继电气,2025-10-15 10:12:54,26.78,59200,26.77,U
sz000400,许继电气,2025-10-15 10:12:57,26.77,8000,26.78,D
sz000400,许继电气,2025-10-15 10:13:00,26.81,49700,26.77,U
sz000400,许继电气,2025-10-15 10:13:21,26.78,11600,26.79,D
sz000400,许继电气,2025-10-15 10:13:30,26.8,38900,26.79,U
sz000400,许继电气,2025-10-15 10:13:33,26.82,17700,26.8,U
sz000400,许继电气,2025-10-15 10:13:39,26.82,21500,26.82,U
sz000400,许继电气,2025-10-15 10:13:48,26.82,24200,26.83,D
sz000400,许继电气,2025-10-15 10:14:00,26.86,93400,26.83,U
sz000400,许继电气,2025-10-15 10:14:03,26.84,11287,26.86,D
sz000400,许继电气,2025-10-15 10:14:09,26.84,12500,26.86,D
sz000400,许继电气,2025-10-15 10:14:21,26.85,8500,26.86,D
sz000400,许继电气,2025-10-15 10:14:24,26.85,10300,26.85,U
sz000400,许继电气,2025-10-15 10:14:30,26.86,11300,26.85,U
sz000400,许继电气,2025-10-15 10:14:39,26.86,9500,26.86,U
sz000400,许继电气,2025-10-15 10:14:51,26.85,8600,26.85,U
sz000400,许继电气,2025-10-15 10:14:54,26.85,10200,26.85,U
sz000400,许继电气,2025-10-15 10:14:57,26.84,25500,26.85,D
sz000400,许继电气,2025-10-15 10:15:03,26.84,14600,26.83,U
sz000400,许继电气,2025-10-15 10:15:06,26.83,14900,26.84,D
sz000400,许继电气,2025-10-15 10:15:12,26.82,65600,26.83,D
sz000400,许继电气,2025-10-15 10:15:18,26.8,13100,26.81,D
sz000400,许继电气,2025-10-15 10:15:27,26.78,10200,26.79,D
sz000400,许继电气,2025-10-15 10:15:39,26.76,11000,26.77,D
sz000400,许继电气,2025-10-15 10:15:42,26.73,13600,26.76,D
sz000400,许继电气,2025-10-15 10:15:51,26.73,17400,26.72,U
sz000400,许继电气,2025-10-15 10:15:57,26.73,8300,26.74,D
sz000400,许继电气,2025-10-15 10:16:03,26.74,10000,26.74,U
sz000400,许继电气,2025-10-15 10:16:09,26.74,17100,26.74,U
sz000400,许继电气,2025-10-15 10:16:15,26.75,10300,26.75,D
sz000400,许继电气,2025-10-15 10:16:27,26.77,12300,26.76,U
sz000400,许继电气,2025-10-15 10:16:39,26.77,23400,26.76,U
sz000400,许继电气,2025-10-15 10:16:48,26.79,13800,26.78,U
sz000400,许继电气,2025-10-15 10:17:06,26.8,50100,26.82,D
sz000400,许继电气,2025-10-15 10:17:39,26.82,8500,26.81,U
sz000400,许继电气,2025-10-15 10:17:51,26.82,43700,26.81,U
sz000400,许继电气,2025-10-15 10:18:00,26.81,16700,26.8,U
sz000400,许继电气,2025-10-15 10:18:39,26.8,18800,26.79,U
sz000400,许继电气,2025-10-15 10:19:09,26.78,43700,26.79,D
sz000400,许继电气,2025-10-15 10:19:12,26.78,22800,26.78,D
sz000400,许继电气,2025-10-15 10:19:15,26.8,25600,26.78,U
sz000400,许继电气,2025-10-15 10:19:21,26.79,21000,26.8,D
sz000400,许继电气,2025-10-15 10:19:24,26.86,105600,26.79,U
sz000400,许继电气,2025-10-15 10:19:33,26.87,9300,26.88,D
sz000400,许继电气,2025-10-15 10:19:36,26.88,23100,26.87,U
sz000400,许继电气,2025-10-15 10:19:42,26.88,7500,26.88,U
sz000400,许继电气,2025-10-15 10:19:57,26.86,15000,26.86,U
sz000400,许继电气,2025-10-15 10:20:00,26.8,29900,26.86,D
sz000400,许继电气,2025-10-15 10:20:09,26.8,9200,26.8,U
sz000400,许继电气,2025-10-15 10:20:33,26.83,7800,26.83,U
sz000400,许继电气,2025-10-15 10:20:45,26.81,98800,26.82,D
sz000400,许继电气,2025-10-15 10:20:48,26.81,20600,26.81,D
sz000400,许继电气,2025-10-15 10:20:51,26.81,22600,26.81,D
sz000400,许继电气,2025-10-15 10:20:57,26.8,10300,26.81,D
sz000400,许继电气,2025-10-15 10:21:03,26.82,34600,26.8,U
sz000400,许继电气,2025-10-15 10:21:24,26.81,25200,26.81,D
sz000400,许继电气,2025-10-15 10:21:27,26.81,81600,26.81,D
sz000400,许继电气,2025-10-15 10:21:36,26.8,11800,26.8,D
sz000400,许继电气,2025-10-15 10:21:42,26.79,12800,26.8,D
sz000400,许继电气,2025-10-15 10:21:48,26.78,11400,26.79,D
sz000400,许继电气,2025-10-15 10:21:54,26.78,7600,26.78,D
sz000400,许继电气,2025-10-15 10:21:57,26.78,24200,26.78,D
sz000400,许继电气,2025-10-15 10:22:00,26.79,9700,26.78,U
sz000400,许继电气,2025-10-15 10:22:24,26.76,17100,26.76,U
sz000400,许继电气,2025-10-15 10:22:27,26.8,126500,26.76,U
sz000400,许继电气,2025-10-15 10:22:30,26.82,18100,26.8,U
sz000400,许继电气,2025-10-15 10:22:33,26.82,10450,26.82,U
sz000400,许继电气,2025-10-15 10:22:45,26.83,21700,26.83,D
sz000400,许继电气,2025-10-15 10:23:18,26.8,12700,26.8,U
sz000400,许继电气,2025-10-15 10:23:21,26.79,20100,26.8,D
sz000400,许继电气,2025-10-15 10:23:27,26.79,254700,26.79,D
sz000400,许继电气,2025-10-15 10:23:30,26.8,11500,26.79,U
sz000400,许继电气,2025-10-15 10:23:33,26.8,20200,26.8,U
sz000400,许继电气,2025-10-15 10:24:03,26.73,66600,26.72,U
sz000400,许继电气,2025-10-15 10:24:15,26.69,11000,26.7,D
sz000400,许继电气,2025-10-15 10:24:21,26.69,9300,26.7,D
sz000400,许继电气,2025-10-15 10:24:24,26.69,13100,26.69,D
sz000400,许继电气,2025-10-15 10:25:03,26.75,27100,26.71,U
sz000400,许继电气,2025-10-15 10:25:06,26.77,14200,26.75,U
sz000400,许继电气,2025-10-15 10:25:24,26.78,12300,26.77,U
sz000400,许继电气,2025-10-15 10:25:27,26.78,7900,26.78,D
sz000400,许继电气,2025-10-15 10:25:57,26.8,13400,26.79,U
sz000400,许继电气,2025-10-15 10:26:00,26.8,10000,26.8,U
sz000400,许继电气,2025-10-15 10:26:33,26.8,20200,26.81,D
sz000400,许继电气,2025-10-15 10:26:48,26.78,15100,26.79,D
sz000400,许继电气,2025-10-15 10:26:57,26.77,15100,26.77,U
sz000400,许继电气,2025-10-15 10:27:12,26.72,21100,26.76,D
sz000400,许继电气,2025-10-15 10:27:24,26.74,10100,26.76,E
sz000400,许继电气,2025-10-15 10:27:27,26.73,11800,26.74,D
sz000400,许继电气,2025-10-15 10:27:30,26.75,14200,26.73,U
sz000400,许继电气,2025-10-15 10:27:33,26.73,13400,26.75,D
sz000400,许继电气,2025-10-15 10:27:39,26.73,17600,26.73,D
sz000400,许继电气,2025-10-15 10:28:03,26.74,9900,26.74,U
sz000400,许继电气,2025-10-15 10:28:09,26.75,10900,26.74,U
sz000400,许继电气,2025-10-15 10:28:30,26.76,21400,26.75,U
sz000400,许继电气,2025-10-15 10:28:45,26.72,53200,26.75,D
sz000400,许继电气,2025-10-15 10:28:51,26.74,16200,26.72,U
sz000400,许继电气,2025-10-15 10:29:12,26.73,167800,26.73,D
sz000400,许继电气,2025-10-15 10:29:33,26.73,7700,26.72,U
sz000400,许继电气,2025-10-15 10:29:36,26.73,14900,26.73,U
sz000400,许继电气,2025-10-15 10:30:06,26.72,11300,26.72,D
sz000400,许继电气,2025-10-15 10:30:24,26.7,39300,26.71,D
sz000400,许继电气,2025-10-15 10:30:30,26.7,41000,26.7,D
sz000400,许继电气,2025-10-15 10:30:45,26.71,9300,26.71,U
sz000400,许继电气,2025-10-15 10:30:48,26.7,7500,26.71,D
sz000400,许继电气,2025-10-15 10:30:51,26.7,21400,26.7,D
sz000400,许继电气,2025-10-15 10:30:54,26.7,10300,26.7,D
sz000400,许继电气,2025-10-15 10:31:03,26.7,15200,26.7,D
sz000400,许继电气,2025-10-15 10:31:06,26.71,9700,26.7,U
sz000400,许继电气,2025-10-15 10:31:09,26.7,16400,26.71,D
sz000400,许继电气,2025-10-15 10:31:12,26.69,231400,26.7,D
sz000400,许继电气,2025-10-15 10:31:15,26.71,27500,26.69,U
sz000400,许继电气,2025-10-15 10:31:21,26.7,21300,26.68,E
sz000400,许继电气,2025-10-15 10:32:00,26.67,21500,26.67,U
sz000400,许继电气,2025-10-15 10:32:36,26.67,12600,26.67,U
sz000400,许继电气,2025-10-15 10:33:27,26.67,17300,26.66,U
sz000400,许继电气,2025-10-15 10:33:51,26.66,27100,26.66,D
sz000400,许继电气,2025-10-15 10:34:39,26.66,15200,26.66,D
sz000400,许继电气,2025-10-15 10:34:45,26.66,15500,26.67,D
sz000400,许继电气,2025-10-15 10:35:06,26.66,50300,26.66,D
sz000400,许继电气,2025-10-15 10:35:15,26.66,8000,26.67,D
sz000400,许继电气,2025-10-15 10:35:21,26.66,106100,26.66,D
sz000400,许继电气,2025-10-15 10:35:24,26.66,11000,26.66,D
sz000400,许继电气,2025-10-15 10:35:33,26.66,43300,26.66,D
sz000400,许继电气,2025-10-15 10:35:42,26.66,31100,26.66,D
sz000400,许继电气,2025-10-15 10:35:57,26.66,11200,26.67,D
sz000400,许继电气,2025-10-15 10:36:00,26.66,15100,26.66,D
sz000400,许继电气,2025-10-15 10:36:09,26.66,21300,26.66,D
sz000400,许继电气,2025-10-15 10:36:12,26.66,50700,26.66,D
sz000400,许继电气,2025-10-15 10:36:21,26.65,9500,26.66,D
sz000400,许继电气,2025-10-15 10:38:03,26.63,11400,26.64,D
sz000400,许继电气,2025-10-15 10:38:36,26.62,10500,26.62,D
sz000400,许继电气,2025-10-15 10:38:42,26.62,14500,26.62,D
sz000400,许继电气,2025-10-15 10:38:45,26.61,38300,26.62,D
sz000400,许继电气,2025-10-15 10:38:57,26.61,24800,26.61,D
sz000400,许继电气,2025-10-15 10:39:06,26.62,70300,26.62,U
sz000400,许继电气,2025-10-15 10:39:09,26.61,24100,26.62,D
sz000400,许继电气,2025-10-15 10:39:12,26.62,47000,26.61,U
sz000400,许继电气,2025-10-15 10:39:15,26.61,11300,26.62,D
sz000400,许继电气,2025-10-15 10:40:15,26.61,21400,26.64,D
sz000400,许继电气,2025-10-15 10:40:18,26.61,17500,26.61,D
sz000400,许继电气,2025-10-15 10:41:06,26.61,8000,26.62,D
sz000400,许继电气,2025-10-15 10:41:12,26.62,13100,26.61,U
sz000400,许继电气,2025-10-15 10:41:30,26.62,17000,26.61,U
sz000400,许继电气,2025-10-15 10:41:39,26.6,390400,26.61,D
sz000400,许继电气,2025-10-15 10:41:42,26.6,9400,26.6,U
sz000400,许继电气,2025-10-15 10:41:51,26.55,43900,26.58,D
sz000400,许继电气,2025-10-15 10:42:06,26.54,8800,26.54,D
sz000400,许继电气,2025-10-15 10:42:09,26.54,12000,26.54,U
sz000400,许继电气,2025-10-15 10:42:21,26.57,12400,26.55,U
sz000400,许继电气,2025-10-15 10:42:27,26.55,9500,26.55,D
sz000400,许继电气,2025-10-15 10:42:42,26.55,9400,26.58,D
sz000400,许继电气,2025-10-15 10:42:45,26.55,10000,26.55,U
sz000400,许继电气,2025-10-15 10:43:15,26.52,20000,26.54,D
sz000400,许继电气,2025-10-15 10:43:18,26.52,22400,26.52,D
sz000400,许继电气,2025-10-15 10:43:21,26.52,8800,26.52,D
sz000400,许继电气,2025-10-15 10:43:27,26.52,8100,26.54,D
sz000400,许继电气,2025-10-15 10:43:30,26.54,8100,26.52,U
sz000400,许继电气,2025-10-15 10:43:36,26.55,13400,26.54,U
sz000400,许继电气,2025-10-15 10:43:45,26.57,45300,26.57,D
sz000400,许继电气,2025-10-15 10:44:09,26.61,8000,26.62,D
sz000400,许继电气,2025-10-15 10:44:12,26.61,8300,26.61,D
sz000400,许继电气,2025-10-15 10:44:21,26.61,11900,26.62,D
sz000400,许继电气,2025-10-15 10:44:42,26.61,7600,26.61,D
sz000400,许继电气,2025-10-15 10:45:12,26.58,25000,26.58,D
sz000400,许继电气,2025-10-15 10:45:18,26.58,13300,26.58,D
sz000400,许继电气,2025-10-15 10:45:27,26.59,13900,26.6,D
sz000400,许继电气,2025-10-15 10:45:30,26.6,11300,26.59,E
sz000400,许继电气,2025-10-15 10:45:33,26.61,14700,26.6,U
sz000400,许继电气,2025-10-15 10:45:36,26.6,59700,26.61,E
sz000400,许继电气,2025-10-15 10:45:42,26.61,13300,26.61,D
sz000400,许继电气,2025-10-15 10:45:51,26.61,7900,26.61,D
sz000400,许继电气,2025-10-15 10:46:09,26.63,10300,26.63,D
sz000400,许继电气,2025-10-15 10:47:54,26.6,9500,26.62,D
sz000400,许继电气,2025-10-15 10:48:09,26.58,12500,26.59,D
sz000400,许继电气,2025-10-15 10:48:15,26.58,11800,26.59,D
sz000400,许继电气,2025-10-15 10:48:27,26.57,10200,26.58,D
sz000400,许继电气,2025-10-15 10:48:42,26.58,12500,26.58,U
sz000400,许继电气,2025-10-15 10:48:45,26.6,10700,26.58,U
sz000400,许继电气,2025-10-15 10:49:54,26.6,9400,26.63,D
sz000400,许继电气,2025-10-15 10:50:18,26.59,10200,26.59,U
sz000400,许继电气,2025-10-15 10:50:33,26.58,87900,26.58,D
sz000400,许继电气,2025-10-15 10:50:42,26.58,36500,26.57,U
sz000400,许继电气,2025-10-15 10:50:54,26.57,9200,26.58,D
sz000400,许继电气,2025-10-15 10:51:12,26.59,48900,26.58,U
sz000400,许继电气,2025-10-15 10:51:15,26.59,23300,26.59,D
sz000400,许继电气,2025-10-15 10:51:33,26.59,14800,26.6,D
sz000400,许继电气,2025-10-15 10:51:42,26.59,10200,26.6,D
sz000400,许继电气,2025-10-15 10:52:00,26.58,9200,26.59,D
sz000400,许继电气,2025-10-15 10:52:06,26.57,21000,26.58,D
sz000400,许继电气,2025-10-15 10:52:39,26.58,19800,26.57,U
sz000400,许继电气,2025-10-15 10:52:42,26.57,20100,26.58,D
sz000400,许继电气,2025-10-15 10:52:45,26.57,86100,26.57,D
sz000400,许继电气,2025-10-15 10:52:51,26.57,25900,26.57,D
sz000400,许继电气,2025-10-15 10:53:06,26.57,12100,26.58,U
sz000400,许继电气,2025-10-15 10:53:15,26.57,11400,26.57,U
sz000400,许继电气,2025-10-15 10:53:27,26.56,12300,26.57,D
sz000400,许继电气,2025-10-15 10:53:54,26.56,11900,26.57,D
sz000400,许继电气,2025-10-15 10:54:03,26.57,19000,26.57,U
sz000400,许继电气,2025-10-15 10:54:06,26.56,8800,26.57,D
sz000400,许继电气,2025-10-15 10:54:12,26.57,23500,26.57,U
sz000400,许继电气,2025-10-15 10:54:27,26.56,12200,26.56,D
sz000400,许继电气,2025-10-15 10:54:36,26.56,20200,26.56,D
sz000400,许继电气,2025-10-15 10:54:39,26.56,13900,26.56,D
sz000400,许继电气,2025-10-15 10:55:00,26.56,7600,26.56,D
sz000400,许继电气,2025-10-15 10:55:03,26.56,11200,26.56,D
sz000400,许继电气,2025-10-15 10:55:09,26.57,10400,26.56,U
sz000400,许继电气,2025-10-15 10:55:21,26.56,36300,26.56,D
sz000400,许继电气,2025-10-15 10:55:27,26.57,8100,26.57,U
sz000400,许继电气,2025-10-15 10:55:39,26.56,14400,26.57,D
sz000400,许继电气,2025-10-15 10:55:42,26.57,10500,26.56,U
sz000400,许继电气,2025-10-15 10:56:00,26.56,22200,26.57,D
sz000400,许继电气,2025-10-15 10:56:06,26.56,51100,26.57,D
sz000400,许继电气,2025-10-15 10:56:09,26.57,77600,26.56,U
sz000400,许继电气,2025-10-15 10:56:12,26.56,31600,26.57,D
sz000400,许继电气,2025-10-15 10:56:15,26.56,40500,26.56,D
sz000400,许继电气,2025-10-15 10:56:18,26.56,28800,26.56,D
sz000400,许继电气,2025-10-15 10:56:21,26.56,140500,26.56,D
sz000400,许继电气,2025-10-15 10:56:24,26.56,66500,26.56,D
sz000400,许继电气,2025-10-15 10:56:27,26.54,42080,26.56,D
sz000400,许继电气,2025-10-15 10:56:39,26.52,34800,26.52,D
sz000400,许继电气,2025-10-15 10:56:42,26.53,12700,26.52,U
sz000400,许继电气,2025-10-15 10:56:51,26.52,14600,26.52,U
sz000400,许继电气,2025-10-15 10:56:54,26.51,10900,26.52,D
sz000400,许继电气,2025-10-15 10:57:03,26.51,12600,26.52,D
sz000400,许继电气,2025-10-15 10:57:12,26.51,18800,26.51,U
sz000400,许继电气,2025-10-15 10:57:18,26.5,26020,26.5,D
sz000400,许继电气,2025-10-15 10:57:24,26.5,12700,26.51,D
sz000400,许继电气,2025-10-15 10:57:27,26.5,16880,26.5,D
sz000400,许继电气,2025-10-15 10:57:30,26.48,21700,26.5,D
sz000400,许继电气,2025-10-15 10:57:45,26.46,7800,26.47,D
sz000400,许继电气,2025-10-15 10:57:54,26.46,25800,26.45,U
sz000400,许继电气,2025-10-15 10:58:00,26.44,12600,26.45,D
sz000400,许继电气,2025-10-15 10:58:09,26.43,22800,26.43,D
sz000400,许继电气,2025-10-15 10:58:12,26.45,52900,26.43,U
sz000400,许继电气,2025-10-15 10:58:15,26.47,24020,26.45,U
sz000400,许继电气,2025-10-15 10:58:18,26.44,12800,26.47,E
sz000400,许继电气,2025-10-15 10:58:30,26.44,46900,26.44,D
sz000400,许继电气,2025-10-15 10:58:39,26.47,10800,26.47,U
sz000400,许继电气,2025-10-15 10:58:42,26.47,24300,26.47,U
sz000400,许继电气,2025-10-15 10:58:57,26.49,20200,26.48,U
sz000400,许继电气,2025-10-15 10:59:03,26.49,30000,26.5,D
sz000400,许继电气,2025-10-15 10:59:12,26.47,27200,26.49,D
sz000400,许继电气,2025-10-15 10:59:15,26.46,11300,26.47,D
sz000400,许继电气,2025-10-15 10:59:18,26.44,13800,26.46,D
sz000400,许继电气,2025-10-15 10:59:30,26.43,8700,26.44,D
sz000400,许继电气,2025-10-15 10:59:36,26.44,11100,26.44,D
sz000400,许继电气,2025-10-15 10:59:39,26.42,26000,26.44,D
sz000400,许继电气,2025-10-15 10:59:42,26.42,64200,26.42,D
sz000400,许继电气,2025-10-15 10:59:45,26.42,17000,26.42,D
sz000400,许继电气,2025-10-15 10:59:48,26.43,15000,26.42,U
sz000400,许继电气,2025-10-15 10:59:54,26.42,10600,26.43,D
sz000400,许继电气,2025-10-15 10:59:57,26.42,17700,26.42,D
sz000400,许继电气,2025-10-15 11:00:00,26.43,74500,26.42,U
sz000400,许继电气,2025-10-15 11:00:03,26.43,11200,26.43,D
sz000400,许继电气,2025-10-15 11:00:06,26.43,10900,26.43,D
sz000400,许继电气,2025-10-15 11:00:18,26.45,12500,26.43,U
sz000400,许继电气,2025-10-15 11:00:21,26.49,87500,26.45,U
sz000400,许继电气,2025-10-15 11:00:24,26.5,11100,26.49,U
sz000400,许继电气,2025-10-15 11:00:48,26.5,8300,26.51,D
sz000400,许继电气,2025-10-15 11:00:51,26.5,8000,26.5,D
sz000400,许继电气,2025-10-15 11:00:54,26.5,12500,26.5,U
sz000400,许继电气,2025-10-15 11:01:00,26.5,17700,26.5,U
sz000400,许继电气,2025-10-15 11:01:12,26.51,15200,26.51,U
sz000400,许继电气,2025-10-15 11:01:18,26.5,12400,26.51,D
sz000400,许继电气,2025-10-15 11:01:30,26.49,10500,26.49,U
sz000400,许继电气,2025-10-15 11:01:39,26.49,7700,26.49,U
sz000400,许继电气,2025-10-15 11:02:00,26.5,11600,26.49,U
sz000400,许继电气,2025-10-15 11:02:06,26.49,10500,26.49,D
sz000400,许继电气,2025-10-15 11:02:09,26.5,8900,26.49,U
sz000400,许继电气,2025-10-15 11:02:27,26.5,15700,26.5,U
sz000400,许继电气,2025-10-15 11:02:42,26.5,8500,26.51,D
sz000400,许继电气,2025-10-15 11:02:51,26.5,35700,26.5,D
sz000400,许继电气,2025-10-15 11:02:57,26.48,8100,26.49,D
sz000400,许继电气,2025-10-15 11:03:06,26.48,10800,26.49,D
sz000400,许继电气,2025-10-15 11:03:21,26.48,28000,26.48,U
sz000400,许继电气,2025-10-15 11:03:36,26.47,11400,26.48,D
sz000400,许继电气,2025-10-15 11:04:24,26.49,40600,26.48,U
sz000400,许继电气,2025-10-15 11:04:30,26.49,19000,26.49,D
sz000400,许继电气,2025-10-15 11:04:36,26.49,31100,26.49,U
sz000400,许继电气,2025-10-15 11:04:39,26.49,11100,26.49,D
sz000400,许继电气,2025-10-15 11:05:24,26.52,58200,26.49,U
sz000400,许继电气,2025-10-15 11:05:27,26.49,17800,26.52,D
sz000400,许继电气,2025-10-15 11:05:36,26.5,10600,26.52,D
sz000400,许继电气,2025-10-15 11:06:33,26.49,26200,26.5,D
sz000400,许继电气,2025-10-15 11:06:45,26.48,9300,26.48,D
sz000400,许继电气,2025-10-15 11:07:03,26.48,10400,26.48,D
sz000400,许继电气,2025-10-15 11:07:06,26.47,22800,26.48,D
sz000400,许继电气,2025-10-15 11:07:09,26.47,43900,26.47,U
sz000400,许继电气,2025-10-15 11:07:21,26.47,17700,26.46,U
sz000400,许继电气,2025-10-15 11:07:36,26.46,10200,26.46,D
sz000400,许继电气,2025-10-15 11:07:42,26.46,125300,26.46,D
sz000400,许继电气,2025-10-15 11:07:48,26.46,10000,26.46,D
sz000400,许继电气,2025-10-15 11:08:00,26.47,9100,26.47,U
sz000400,许继电气,2025-10-15 11:08:21,26.46,11100,26.47,D
sz000400,许继电气,2025-10-15 11:08:24,26.46,10300,26.46,D
sz000400,许继电气,2025-10-15 11:08:39,26.46,18100,26.46,D
sz000400,许继电气,2025-10-15 11:08:48,26.46,49100,26.46,D
sz000400,许继电气,2025-10-15 11:08:54,26.47,11200,26.46,U
sz000400,许继电气,2025-10-15 11:09:03,26.46,47900,26.47,D
sz000400,许继电气,2025-10-15 11:09:27,26.47,18900,26.48,D
sz000400,许继电气,2025-10-15 11:11:06,26.49,12100,26.48,D
sz000400,许继电气,2025-10-15 11:11:36,26.48,20500,26.49,D
sz000400,许继电气,2025-10-15 11:11:54,26.47,20400,26.47,D
sz000400,许继电气,2025-10-15 11:12:33,26.46,52800,26.47,D
sz000400,许继电气,2025-10-15 11:12:36,26.46,70000,26.46,D
sz000400,许继电气,2025-10-15 11:12:48,26.46,19900,26.46,D
sz000400,许继电气,2025-10-15 11:13:06,26.47,23100,26.47,D
sz000400,许继电气,2025-10-15 11:13:30,26.46,11400,26.46,D
sz000400,许继电气,2025-10-15 11:13:36,26.47,38600,26.46,U
sz000400,许继电气,2025-10-15 11:13:39,26.46,15600,26.47,D
sz000400,许继电气,2025-10-15 11:13:42,26.46,8200,26.46,D
sz000400,许继电气,2025-10-15 11:13:45,26.45,8100,26.46,D
sz000400,许继电气,2025-10-15 11:14:12,26.43,8600,26.43,D
sz000400,许继电气,2025-10-15 11:14:18,26.44,13400,26.44,U
sz000400,许继电气,2025-10-15 11:14:21,26.45,8400,26.44,E
sz000400,许继电气,2025-10-15 11:14:27,26.44,21500,26.47,D
sz000400,许继电气,2025-10-15 11:14:33,26.47,24300,26.47,D
sz000400,许继电气,2025-10-15 11:15:18,26.47,10000,26.47,U
sz000400,许继电气,2025-10-15 11:16:18,26.45,8400,26.45,D
sz000400,许继电气,2025-10-15 11:16:24,26.47,52800,26.47,U
sz000400,许继电气,2025-10-15 11:16:42,26.5,19000,26.48,U
sz000400,许继电气,2025-10-15 11:17:09,26.5,99100,26.5,U
sz000400,许继电气,2025-10-15 11:17:12,26.49,29000,26.5,D
sz000400,许继电气,2025-10-15 11:17:24,26.49,8300,26.49,D
sz000400,许继电气,2025-10-15 11:19:09,26.51,11900,26.5,U
sz000400,许继电气,2025-10-15 11:19:15,26.51,9400,26.51,U
sz000400,许继电气,2025-10-15 11:19:18,26.54,54100,26.51,U
sz000400,许继电气,2025-10-15 11:19:33,26.54,14800,26.54,U
sz000400,许继电气,2025-10-15 11:19:45,26.54,11500,26.55,D
sz000400,许继电气,2025-10-15 11:20:12,26.52,13000,26.54,D
sz000400,许继电气,2025-10-15 11:20:15,26.54,27200,26.52,U
sz000400,许继电气,2025-10-15 11:21:06,26.51,10600,26.5,U
sz000400,许继电气,2025-10-15 11:22:15,26.45,26500,26.47,D
sz000400,许继电气,2025-10-15 11:23:09,26.46,10600,26.47,D
sz000400,许继电气,2025-10-15 11:23:18,26.46,27500,26.46,U
sz000400,许继电气,2025-10-15 11:23:33,26.46,12000,26.46,D
sz000400,许继电气,2025-10-15 11:23:45,26.48,53000,26.48,U
sz000400,许继电气,2025-10-15 11:23:48,26.47,80600,26.48,D
sz000400,许继电气,2025-10-15 11:23:51,26.42,20200,26.47,D
sz000400,许继电气,2025-10-15 11:24:36,26.47,8200,26.48,D
sz000400,许继电气,2025-10-15 11:25:00,26.48,112400,26.47,U
sz000400,许继电气,2025-10-15 11:25:06,26.48,11200,26.49,D
sz000400,许继电气,2025-10-15 11:25:39,26.51,12700,26.51,U
sz000400,许继电气,2025-10-15 11:25:48,26.5,8400,26.51,D
sz000400,许继电气,2025-10-15 11:26:57,26.55,8600,26.54,U
sz000400,许继电气,2025-10-15 11:27:39,26.56,8200,26.56,U
sz000400,许继电气,2025-10-15 11:27:48,26.56,7600,26.56,D
sz000400,许继电气,2025-10-15 11:28:18,26.56,35800,26.55,U
sz000400,许继电气,2025-10-15 11:28:36,26.57,23800,26.57,D
sz000400,许继电气,2025-10-15 11:28:48,26.6,12000,26.58,U
sz000400,许继电气,2025-10-15 11:28:51,26.59,8200,26.6,D
sz000400,许继电气,2025-10-15 11:29:15,26.66,13000,26.63,U
sz000400,许继电气,2025-10-15 11:29:18,26.79,135600,26.66,U
sz000400,许继电气,2025-10-15 11:29:36,26.8,9100,26.79,U
sz000400,许继电气,2025-10-15 11:29:42,26.79,7600,26.79,D
sz000400,许继电气,2025-10-15 11:29:54,26.79,17500,26.77,U
sz000400,许继电气,2025-10-15 13:00:00,26.8,71800,26.78,U
sz000400,许继电气,2025-10-15 13:00:03,26.79,99600,26.8,E
sz000400,许继电气,2025-10-15 13:00:09,26.76,30900,26.79,D
sz000400,许继电气,2025-10-15 13:00:21,26.78,13400,26.74,E
sz000400,许继电气,2025-10-15 13:00:24,26.7,8000,26.78,D
sz000400,许继电气,2025-10-15 13:00:27,26.75,46300,26.7,U
sz000400,许继电气,2025-10-15 13:00:30,26.86,110400,26.75,U
sz000400,许继电气,2025-10-15 13:00:33,26.92,234900,26.86,U
sz000400,许继电气,2025-10-15 13:00:36,26.92,15500,26.92,U
sz000400,许继电气,2025-10-15 13:00:39,26.94,39600,26.92,U
sz000400,许继电气,2025-10-15 13:00:45,27.01,760669,26.94,U
sz000400,许继电气,2025-10-15 13:00:48,27.09,326700,27.01,U
sz000400,许继电气,2025-10-15 13:00:51,27.12,79800,27.09,U
sz000400,许继电气,2025-10-15 13:00:54,27.14,90000,27.12,U
sz000400,许继电气,2025-10-15 13:00:57,27.16,48400,27.14,U
sz000400,许继电气,2025-10-15 13:01:00,27.16,28900,27.16,U
sz000400,许继电气,2025-10-15 13:01:03,27.15,36300,27.16,E
sz000400,许继电气,2025-10-15 13:01:06,27.09,65900,27.15,D
sz000400,许继电气,2025-10-15 13:01:09,27.09,39000,27.09,D
sz000400,许继电气,2025-10-15 13:01:12,27.07,25800,27.09,D
sz000400,许继电气,2025-10-15 13:01:15,27.06,15900,27.07,D
sz000400,许继电气,2025-10-15 13:01:18,27.03,28800,27.06,D
sz000400,许继电气,2025-10-15 13:01:21,27.01,29600,27.03,D
sz000400,许继电气,2025-10-15 13:01:24,27.03,12400,27.01,U
sz000400,许继电气,2025-10-15 13:01:27,27.02,26900,27.03,U
sz000400,许继电气,2025-10-15 13:01:30,27.02,105100,27.02,E
sz000400,许继电气,2025-10-15 13:01:33,27.13,245600,27.02,U
sz000400,许继电气,2025-10-15 13:01:36,27.11,32600,27.13,D
sz000400,许继电气,2025-10-15 13:01:39,27.1,81300,27.11,D
sz000400,许继电气,2025-10-15 13:01:42,27.09,97100,27.1,E
sz000400,许继电气,2025-10-15 13:01:45,27.1,23400,27.09,U
sz000400,许继电气,2025-10-15 13:01:48,27.08,58400,27.1,U
sz000400,许继电气,2025-10-15 13:01:51,27.08,64700,27.08,E
sz000400,许继电气,2025-10-15 13:01:54,27.06,15700,27.08,E
sz000400,许继电气,2025-10-15 13:02:00,27.02,17600,27.02,D
sz000400,许继电气,2025-10-15 13:02:03,27.02,30300,27.02,D
sz000400,许继电气,2025-10-15 13:02:09,27.05,8900,27.02,U
sz000400,许继电气,2025-10-15 13:02:15,27.07,51300,27.05,U
sz000400,许继电气,2025-10-15 13:02:18,27.14,93500,27.07,U
sz000400,许继电气,2025-10-15 13:02:21,27.16,92800,27.14,U
sz000400,许继电气,2025-10-15 13:02:24,27.15,27900,27.16,D
sz000400,许继电气,2025-10-15 13:02:27,27.18,38900,27.15,U
sz000400,许继电气,2025-10-15 13:02:30,27.16,37800,27.18,D
sz000400,许继电气,2025-10-15 13:02:33,27.16,26500,27.16,U
sz000400,许继电气,2025-10-15 13:02:36,27.16,21100,27.16,U
sz000400,许继电气,2025-10-15 13:02:39,27.14,66200,27.16,D
sz000400,许继电气,2025-10-15 13:02:42,27.1,63300,27.14,D
sz000400,许继电气,2025-10-15 13:02:45,27.16,72400,27.1,U
sz000400,许继电气,2025-10-15 13:02:48,27.15,8400,27.16,U
sz000400,许继电气,2025-10-15 13:02:51,27.14,9000,27.15,E
sz000400,许继电气,2025-10-15 13:02:54,27.11,11600,27.14,D
sz000400,许继电气,2025-10-15 13:02:57,27.1,35400,27.11,D
sz000400,许继电气,2025-10-15 13:03:00,27.1,19300,27.1,E
sz000400,许继电气,2025-10-15 13:03:06,27.07,22600,27.08,D
sz000400,许继电气,2025-10-15 13:03:09,27.05,23300,27.07,D
sz000400,许继电气,2025-10-15 13:03:12,27.05,30900,27.05,U
sz000400,许继电气,2025-10-15 13:03:18,27.02,22500,27.03,D
sz000400,许继电气,2025-10-15 13:03:21,27.03,8700,27.02,U
sz000400,许继电气,2025-10-15 13:03:27,27.05,10300,27.04,U
sz000400,许继电气,2025-10-15 13:03:33,27.05,9500,27.05,U
sz000400,许继电气,2025-10-15 13:03:36,27.04,27900,27.05,D
sz000400,许继电气,2025-10-15 13:03:39,27.07,34000,27.04,U
sz000400,许继电气,2025-10-15 13:03:42,27.07,34300,27.07,D
sz000400,许继电气,2025-10-15 13:03:51,27.15,234400,27.08,U
sz000400,许继电气,2025-10-15 13:03:54,27.17,76700,27.15,U
sz000400,许继电气,2025-10-15 13:03:57,27.16,64600,27.17,D
sz000400,许继电气,2025-10-15 13:04:00,27.19,8500,27.16,U
sz000400,许继电气,2025-10-15 13:04:03,27.18,34000,27.19,E
sz000400,许继电气,2025-10-15 13:04:06,27.16,152100,27.18,D
sz000400,许继电气,2025-10-15 13:04:09,27.19,35400,27.16,E
sz000400,许继电气,2025-10-15 13:04:12,27.2,34700,27.19,U
sz000400,许继电气,2025-10-15 13:04:15,27.16,39400,27.2,D
sz000400,许继电气,2025-10-15 13:04:18,27.33,439000,27.16,U
sz000400,许继电气,2025-10-15 13:04:21,27.35,53200,27.33,U
sz000400,许继电气,2025-10-15 13:04:24,27.32,65700,27.35,D
sz000400,许继电气,2025-10-15 13:04:27,27.28,42700,27.32,D
sz000400,许继电气,2025-10-15 13:04:30,27.32,120300,27.28,U
sz000400,许继电气,2025-10-15 13:04:33,27.35,68800,27.32,U
sz000400,许继电气,2025-10-15 13:04:36,27.36,103200,27.35,U
sz000400,许继电气,2025-10-15 13:04:39,27.47,137900,27.36,U
sz000400,许继电气,2025-10-15 13:04:42,27.48,85000,27.47,U
sz000400,许继电气,2025-10-15 13:04:45,27.53,191900,27.48,U
sz000400,许继电气,2025-10-15 13:04:48,27.57,138900,27.53,U
sz000400,许继电气,2025-10-15 13:04:51,27.57,36800,27.57,U
sz000400,许继电气,2025-10-15 13:04:54,27.57,127900,27.57,U
sz000400,许继电气,2025-10-15 13:04:57,27.57,72300,27.57,U
sz000400,许继电气,2025-10-15 13:05:00,27.48,106600,27.57,D
sz000400,许继电气,2025-10-15 13:05:03,27.49,79000,27.48,U
sz000400,许继电气,2025-10-15 13:05:06,27.49,29900,27.49,U
sz000400,许继电气,2025-10-15 13:05:09,27.54,26900,27.49,U
sz000400,许继电气,2025-10-15 13:05:12,27.5,139600,27.54,E
sz000400,许继电气,2025-10-15 13:05:15,27.49,29700,27.5,D
sz000400,许继电气,2025-10-15 13:05:18,27.48,16800,27.49,D
sz000400,许继电气,2025-10-15 13:05:21,27.48,18800,27.48,D
sz000400,许继电气,2025-10-15 13:05:24,27.47,51900,27.48,D
sz000400,许继电气,2025-10-15 13:05:27,27.4,36200,27.47,D
sz000400,许继电气,2025-10-15 13:05:30,27.38,18800,27.4,D
sz000400,许继电气,2025-10-15 13:05:33,27.42,154100,27.38,U
sz000400,许继电气,2025-10-15 13:05:36,27.44,19000,27.42,E
sz000400,许继电气,2025-10-15 13:05:39,27.44,72500,27.44,D
sz000400,许继电气,2025-10-15 13:05:42,27.41,110900,27.44,D
sz000400,许继电气,2025-10-15 13:05:45,27.42,141900,27.41,U
sz000400,许继电气,2025-10-15 13:05:48,27.4,102500,27.42,D
sz000400,许继电气,2025-10-15 13:05:51,27.4,18700,27.4,U
sz000400,许继电气,2025-10-15 13:05:54,27.39,79500,27.4,D
sz000400,许继电气,2025-10-15 13:05:57,27.39,30500,27.39,D
sz000400,许继电气,2025-10-15 13:06:00,27.39,28500,27.39,D
sz000400,许继电气,2025-10-15 13:06:03,27.44,99000,27.39,U
sz000400,许继电气,2025-10-15 13:06:06,27.4,103100,27.44,D
sz000400,许继电气,2025-10-15 13:06:09,27.58,424731,27.4,U
sz000400,许继电气,2025-10-15 13:06:12,27.6,185100,27.58,U
sz000400,许继电气,2025-10-15 13:06:15,27.6,314000,27.6,U
sz000400,许继电气,2025-10-15 13:06:18,27.5,245800,27.6,D
sz000400,许继电气,2025-10-15 13:06:21,27.64,87000,27.5,U
sz000400,许继电气,2025-10-15 13:06:24,27.5,94300,27.64,D
sz000400,许继电气,2025-10-15 13:06:27,27.54,92600,27.5,U
sz000400,许继电气,2025-10-15 13:06:30,27.55,43300,27.54,U
sz000400,许继电气,2025-10-15 13:06:33,27.52,17600,27.55,D
sz000400,许继电气,2025-10-15 13:06:36,27.51,112700,27.52,D
sz000400,许继电气,2025-10-15 13:06:39,27.5,35100,27.51,D
sz000400,许继电气,2025-10-15 13:06:42,27.5,44200,27.5,U
sz000400,许继电气,2025-10-15 13:06:45,27.5,23900,27.5,U
sz000400,许继电气,2025-10-15 13:06:48,27.48,74900,27.5,D
sz000400,许继电气,2025-10-15 13:06:51,27.48,23600,27.48,U
sz000400,许继电气,2025-10-15 13:06:54,27.46,7800,27.48,D
sz000400,许继电气,2025-10-15 13:06:57,27.48,39100,27.46,U
sz000400,许继电气,2025-10-15 13:07:00,27.48,11900,27.48,D
sz000400,许继电气,2025-10-15 13:07:03,27.48,99200,27.48,D
sz000400,许继电气,2025-10-15 13:07:06,27.47,39200,27.48,D
sz000400,许继电气,2025-10-15 13:07:09,27.46,20900,27.47,D
sz000400,许继电气,2025-10-15 13:07:12,27.46,20200,27.46,D
sz000400,许继电气,2025-10-15 13:07:15,27.46,46800,27.46,D
sz000400,许继电气,2025-10-15 13:07:18,27.44,29100,27.46,D
sz000400,许继电气,2025-10-15 13:07:24,27.43,9100,27.44,D
sz000400,许继电气,2025-10-15 13:07:27,27.41,13300,27.43,D
sz000400,许继电气,2025-10-15 13:07:30,27.4,33700,27.41,D
sz000400,许继电气,2025-10-15 13:07:33,27.37,44500,27.4,D
sz000400,许继电气,2025-10-15 13:07:36,27.35,21300,27.37,D
sz000400,许继电气,2025-10-15 13:07:42,27.24,107000,27.34,D
sz000400,许继电气,2025-10-15 13:07:51,27.28,15100,27.32,D
sz000400,许继电气,2025-10-15 13:07:54,27.29,15800,27.28,D
sz000400,许继电气,2025-10-15 13:07:57,27.3,8500,27.29,U
sz000400,许继电气,2025-10-15 13:08:03,27.28,9600,27.29,D
sz000400,许继电气,2025-10-15 13:08:06,27.26,9300,27.28,D
sz000400,许继电气,2025-10-15 13:08:12,27.26,8700,27.26,U
sz000400,许继电气,2025-10-15 13:08:15,27.27,18136,27.26,U
sz000400,许继电气,2025-10-15 13:08:18,27.26,17400,27.27,D
sz000400,许继电气,2025-10-15 13:08:21,27.26,13900,27.26,D
sz000400,许继电气,2025-10-15 13:08:24,27.26,11564,27.26,D
sz000400,许继电气,2025-10-15 13:08:27,27.26,16600,27.26,U
sz000400,许继电气,2025-10-15 13:08:30,27.25,31000,27.26,D
sz000400,许继电气,2025-10-15 13:08:39,27.23,8200,27.24,D
sz000400,许继电气,2025-10-15 13:08:42,27.2,19000,27.23,D
sz000400,许继电气,2025-10-15 13:08:45,27.2,16000,27.2,U
sz000400,许继电气,2025-10-15 13:08:48,27.19,20700,27.2,D
sz000400,许继电气,2025-10-15 13:08:51,27.16,29400,27.19,D
sz000400,许继电气,2025-10-15 13:08:57,27.19,9600,27.16,U
sz000400,许继电气,2025-10-15 13:09:03,27.18,11800,27.19,E
sz000400,许继电气,2025-10-15 13:09:06,27.2,66100,27.18,U
sz000400,许继电气,2025-10-15 13:09:09,27.23,12200,27.2,U
sz000400,许继电气,2025-10-15 13:09:12,27.25,44800,27.23,U
sz000400,许继电气,2025-10-15 13:09:15,27.25,10200,27.25,U
sz000400,许继电气,2025-10-15 13:09:18,27.25,18300,27.25,U
sz000400,许继电气,2025-10-15 13:09:21,27.26,11200,27.25,U
sz000400,许继电气,2025-10-15 13:09:24,27.25,30700,27.26,D
sz000400,许继电气,2025-10-15 13:09:27,27.25,16100,27.25,U
sz000400,许继电气,2025-10-15 13:09:30,27.25,10000,27.25,D
sz000400,许继电气,2025-10-15 13:09:33,27.25,9000,27.25,D
sz000400,许继电气,2025-10-15 13:09:42,27.27,65000,27.24,U
sz000400,许继电气,2025-10-15 13:09:48,27.25,17000,27.25,U
sz000400,许继电气,2025-10-15 13:09:51,27.27,13700,27.25,U
sz000400,许继电气,2025-10-15 13:09:54,27.25,14000,27.27,D
sz000400,许继电气,2025-10-15 13:09:57,27.24,32300,27.25,D
sz000400,许继电气,2025-10-15 13:10:00,27.26,17400,27.24,U
sz000400,许继电气,2025-10-15 13:10:09,27.26,16900,27.26,U
sz000400,许继电气,2025-10-15 13:10:12,27.19,100900,27.26,D
sz000400,许继电气,2025-10-15 13:10:15,27.2,43700,27.19,E
sz000400,许继电气,2025-10-15 13:10:18,27.18,18200,27.2,E
sz000400,许继电气,2025-10-15 13:10:21,27.18,25500,27.18,U
sz000400,许继电气,2025-10-15 13:10:24,27.18,15800,27.18,U
sz000400,许继电气,2025-10-15 13:10:30,27.16,13600,27.18,D
sz000400,许继电气,2025-10-15 13:10:33,27.19,12200,27.16,U
sz000400,许继电气,2025-10-15 13:10:42,27.16,7700,27.17,D
sz000400,许继电气,2025-10-15 13:10:48,27.16,44400,27.16,D
sz000400,许继电气,2025-10-15 13:10:51,27.17,11800,27.16,U
sz000400,许继电气,2025-10-15 13:11:03,27.17,11900,27.15,U
sz000400,许继电气,2025-10-15 13:11:24,27.19,10900,27.18,U
sz000400,许继电气,2025-10-15 13:11:30,27.2,10700,27.19,U
sz000400,许继电气,2025-10-15 13:11:33,27.2,10400,27.2,U
sz000400,许继电气,2025-10-15 13:11:36,27.2,26900,27.2,D
sz000400,许继电气,2025-10-15 13:11:39,27.2,16000,27.2,D
sz000400,许继电气,2025-10-15 13:11:45,27.19,11900,27.2,D
sz000400,许继电气,2025-10-15 13:11:48,27.18,8300,27.19,D
sz000400,许继电气,2025-10-15 13:11:54,27.17,7900,27.19,D
sz000400,许继电气,2025-10-15 13:11:57,27.18,23100,27.17,U
sz000400,许继电气,2025-10-15 13:12:03,27.17,51700,27.17,U
sz000400,许继电气,2025-10-15 13:12:15,27.16,10900,27.16,D
sz000400,许继电气,2025-10-15 13:12:30,27.16,29900,27.14,U
sz000400,许继电气,2025-10-15 13:12:33,27.18,17000,27.16,U
sz000400,许继电气,2025-10-15 13:12:36,27.19,23900,27.18,U
sz000400,许继电气,2025-10-15 13:12:54,27.16,14400,27.16,D
sz000400,许继电气,2025-10-15 13:13:00,27.16,11300,27.16,D
sz000400,许继电气,2025-10-15 13:13:03,27.15,52200,27.16,D
sz000400,许继电气,2025-10-15 13:13:09,27.12,109400,27.15,D
sz000400,许继电气,2025-10-15 13:13:15,27.1,36900,27.14,D
sz000400,许继电气,2025-10-15 13:13:24,27.09,9600,27.08,E
sz000400,许继电气,2025-10-15 13:13:27,27.09,14600,27.09,U
sz000400,许继电气,2025-10-15 13:13:33,27.07,9000,27.08,D
sz000400,许继电气,2025-10-15 13:13:42,27.07,11800,27.07,D
sz000400,许继电气,2025-10-15 13:13:45,27.08,18800,27.07,U
sz000400,许继电气,2025-10-15 13:13:51,27.09,8800,27.08,E
sz000400,许继电气,2025-10-15 13:13:57,27.08,17800,27.1,D
sz000400,许继电气,2025-10-15 13:14:03,27.1,7500,27.09,U
sz000400,许继电气,2025-10-15 13:14:06,27.09,67900,27.1,D
sz000400,许继电气,2025-10-15 13:14:27,27.13,23700,27.13,U
sz000400,许继电气,2025-10-15 13:14:39,27.15,9600,27.14,U
sz000400,许继电气,2025-10-15 13:15:00,27.18,13200,27.17,U
sz000400,许继电气,2025-10-15 13:15:09,27.17,40800,27.19,D
sz000400,许继电气,2025-10-15 13:15:12,27.17,7400,27.17,U
sz000400,许继电气,2025-10-15 13:15:21,27.14,36100,27.18,D
sz000400,许继电气,2025-10-15 13:15:30,27.15,7900,27.16,D
sz000400,许继电气,2025-10-15 13:15:33,27.17,29900,27.15,U
sz000400,许继电气,2025-10-15 13:15:39,27.17,33800,27.17,D
sz000400,许继电气,2025-10-15 13:15:45,27.2,8600,27.18,U
sz000400,许继电气,2025-10-15 13:15:51,27.2,26500,27.2,U
sz000400,许继电气,2025-10-15 13:16:03,27.2,31200,27.21,D
sz000400,许继电气,2025-10-15 13:16:09,27.18,7500,27.2,E
sz000400,许继电气,2025-10-15 13:16:12,27.2,45200,27.18,U
sz000400,许继电气,2025-10-15 13:16:15,27.17,35200,27.2,D
sz000400,许继电气,2025-10-15 13:16:18,27.16,9700,27.17,D
sz000400,许继电气,2025-10-15 13:16:27,27.16,17600,27.15,U
sz000400,许继电气,2025-10-15 13:16:33,27.18,50300,27.15,U
sz000400,许继电气,2025-10-15 13:16:39,27.15,8800,27.18,D
sz000400,许继电气,2025-10-15 13:16:42,27.18,9900,27.15,U
sz000400,许继电气,2025-10-15 13:16:48,27.18,13000,27.18,D
sz000400,许继电气,2025-10-15 13:16:51,27.19,16100,27.18,U
sz000400,许继电气,2025-10-15 13:16:54,27.2,22500,27.19,U
sz000400,许继电气,2025-10-15 13:16:57,27.2,21900,27.2,U
sz000400,许继电气,2025-10-15 13:17:00,27.17,19700,27.2,D
sz000400,许继电气,2025-10-15 13:17:09,27.2,32100,27.19,U
sz000400,许继电气,2025-10-15 13:17:15,27.2,16500,27.2,D
sz000400,许继电气,2025-10-15 13:17:18,27.2,15800,27.2,U
sz000400,许继电气,2025-10-15 13:17:21,27.2,15700,27.2,D
sz000400,许继电气,2025-10-15 13:17:30,27.19,12800,27.2,D
sz000400,许继电气,2025-10-15 13:17:33,27.19,21300,27.19,U
sz000400,许继电气,2025-10-15 13:17:36,27.17,20300,27.19,D
sz000400,许继电气,2025-10-15 13:17:51,27.16,22800,27.16,D
sz000400,许继电气,2025-10-15 13:18:06,27.14,21300,27.15,D
sz000400,许继电气,2025-10-15 13:18:15,27.13,43000,27.14,D
sz000400,许继电气,2025-10-15 13:18:21,27.1,50700,27.12,D
sz000400,许继电气,2025-10-15 13:18:33,27.08,18800,27.09,D
sz000400,许继电气,2025-10-15 13:19:15,27.06,13000,27.06,U
sz000400,许继电气,2025-10-15 13:19:21,27.05,17600,27.06,D
sz000400,许继电气,2025-10-15 13:19:30,27.05,9800,27.06,D
sz000400,许继电气,2025-10-15 13:19:42,27.04,13700,27.05,D
sz000400,许继电气,2025-10-15 13:19:48,27.05,12700,27.05,D
sz000400,许继电气,2025-10-15 13:19:51,27.05,15039,27.05,U
sz000400,许继电气,2025-10-15 13:19:57,27.04,8300,27.05,D
sz000400,许继电气,2025-10-15 13:20:03,27.05,14800,27.05,D
sz000400,许继电气,2025-10-15 13:20:09,27.04,8600,27.05,D
sz000400,许继电气,2025-10-15 13:20:12,27.05,9500,27.04,U
sz000400,许继电气,2025-10-15 13:20:24,27.06,11400,27.04,U
sz000400,许继电气,2025-10-15 13:20:30,27.07,10200,27.06,U
sz000400,许继电气,2025-10-15 13:20:39,27.07,7400,27.06,U
sz000400,许继电气,2025-10-15 13:20:45,27.07,31700,27.07,D
sz000400,许继电气,2025-10-15 13:21:00,27.06,7500,27.06,U
sz000400,许继电气,2025-10-15 13:21:06,27.06,9800,27.05,D
sz000400,许继电气,2025-10-15 13:21:09,27.07,9400,27.06,U
sz000400,许继电气,2025-10-15 13:21:18,27.08,16400,27.08,U
sz000400,许继电气,2025-10-15 13:21:42,27.09,12000,27.07,U
sz000400,许继电气,2025-10-15 13:21:51,27.08,7900,27.08,U
sz000400,许继电气,2025-10-15 13:22:00,27.08,17700,27.08,U
sz000400,许继电气,2025-10-15 13:22:18,27.06,23600,27.06,D
sz000400,许继电气,2025-10-15 13:22:21,27.06,8400,27.06,D
sz000400,许继电气,2025-10-15 13:22:24,27.06,21800,27.06,D
sz000400,许继电气,2025-10-15 13:22:27,27.05,15100,27.06,D
sz000400,许继电气,2025-10-15 13:22:33,27.05,23600,27.05,D
sz000400,许继电气,2025-10-15 13:22:36,27.05,78100,27.05,D
sz000400,许继电气,2025-10-15 13:22:39,27.05,8300,27.05,D
sz000400,许继电气,2025-10-15 13:22:42,27.05,7500,27.05,D
sz000400,许继电气,2025-10-15 13:23:00,27.06,15000,27.06,D
sz000400,许继电气,2025-10-15 13:23:06,27.06,8300,27.06,U
sz000400,许继电气,2025-10-15 13:23:12,27.05,9800,27.06,D
sz000400,许继电气,2025-10-15 13:23:21,27.05,23900,27.06,D
sz000400,许继电气,2025-10-15 13:23:24,27.07,8300,27.05,U
sz000400,许继电气,2025-10-15 13:23:30,27.06,8100,27.07,E
sz000400,许继电气,2025-10-15 13:23:36,27.07,20400,27.07,U
sz000400,许继电气,2025-10-15 13:23:51,27.08,12800,27.07,U
sz000400,许继电气,2025-10-15 13:24:15,27.1,11000,27.08,U
sz000400,许继电气,2025-10-15 13:24:30,27.1,11200,27.1,U
sz000400,许继电气,2025-10-15 13:24:39,27.1,17700,27.1,D
sz000400,许继电气,2025-10-15 13:24:42,27.11,7500,27.1,U
sz000400,许继电气,2025-10-15 13:25:06,27.12,12900,27.14,D
sz000400,许继电气,2025-10-15 13:25:21,27.07,33600,27.11,D
sz000400,许继电气,2025-10-15 13:25:24,27.03,69900,27.07,D
sz000400,许继电气,2025-10-15 13:25:33,27.03,11600,27.06,D
sz000400,许继电气,2025-10-15 13:25:36,27.03,36800,27.03,D
sz000400,许继电气,2025-10-15 13:25:48,27.04,8500,27.05,E
sz000400,许继电气,2025-10-15 13:25:54,27.02,10339,27.02,D
sz000400,许继电气,2025-10-15 13:26:12,27.02,17400,27.02,D
sz000400,许继电气,2025-10-15 13:26:36,27.02,8400,27.02,U
sz000400,许继电气,2025-10-15 13:26:48,27.02,7500,27.01,E
sz000400,许继电气,2025-10-15 13:26:57,27.0,17000,27.02,D
sz000400,许继电气,2025-10-15 13:27:00,27.02,19400,27.0,U
sz000400,许继电气,2025-10-15 13:27:12,27.05,9800,27.03,U
sz000400,许继电气,2025-10-15 13:27:39,27.1,7500,27.08,U
sz000400,许继电气,2025-10-15 13:28:09,27.11,10200,27.1,U
sz000400,许继电气,2025-10-15 13:28:12,27.09,8400,27.11,D
sz000400,许继电气,2025-10-15 13:28:21,27.13,9100,27.11,U
sz000400,许继电气,2025-10-15 13:28:42,27.14,8100,27.13,U
sz000400,许继电气,2025-10-15 13:28:57,27.15,7500,27.14,U
sz000400,许继电气,2025-10-15 13:29:12,27.13,16000,27.13,D
sz000400,许继电气,2025-10-15 13:29:21,27.12,24800,27.12,D
sz000400,许继电气,2025-10-15 13:29:27,27.12,29300,27.13,D
sz000400,许继电气,2025-10-15 13:30:21,27.11,12600,27.11,D
sz000400,许继电气,2025-10-15 13:31:42,27.06,8600,27.08,D
sz000400,许继电气,2025-10-15 13:32:39,27.03,9100,27.04,D
sz000400,许继电气,2025-10-15 13:32:42,27.03,14300,27.03,D
sz000400,许继电气,2025-10-15 13:33:12,27.03,17900,27.02,U
sz000400,许继电气,2025-10-15 13:33:30,27.04,15000,27.04,U
sz000400,许继电气,2025-10-15 13:34:39,27.04,15500,27.04,U
sz000400,许继电气,2025-10-15 13:34:51,27.04,43500,27.05,D
sz000400,许继电气,2025-10-15 13:34:57,27.02,38000,27.03,D
sz000400,许继电气,2025-10-15 13:35:24,27.04,20700,27.02,U
sz000400,许继电气,2025-10-15 13:35:45,27.04,8700,27.04,U
sz000400,许继电气,2025-10-15 13:36:12,27.04,7600,27.05,D
sz000400,许继电气,2025-10-15 13:36:39,27.06,23200,27.05,U
sz000400,许继电气,2025-10-15 13:36:45,27.06,43200,27.05,U
sz000400,许继电气,2025-10-15 13:37:12,27.09,9700,27.09,D
sz000400,许继电气,2025-10-15 13:37:21,27.1,11600,27.1,D
sz000400,许继电气,2025-10-15 13:37:30,27.1,8600,27.12,D
sz000400,许继电气,2025-10-15 13:37:33,27.1,20100,27.1,D
sz000400,许继电气,2025-10-15 13:37:39,27.08,18700,27.1,D
sz000400,许继电气,2025-10-15 13:37:42,27.1,7500,27.08,U
sz000400,许继电气,2025-10-15 13:37:48,27.15,34400,27.1,U
sz000400,许继电气,2025-10-15 13:38:00,27.1,13000,27.1,U
sz000400,许继电气,2025-10-15 13:38:03,27.07,12900,27.1,D
sz000400,许继电气,2025-10-15 13:38:09,27.07,12700,27.07,U
sz000400,许继电气,2025-10-15 13:38:15,27.07,7400,27.06,U
sz000400,许继电气,2025-10-15 13:38:36,27.08,8300,27.08,U
sz000400,许继电气,2025-10-15 13:38:39,27.07,9400,27.08,D
sz000400,许继电气,2025-10-15 13:38:42,27.1,20500,27.07,U
sz000400,许继电气,2025-10-15 13:39:00,27.06,14900,27.07,D
sz000400,许继电气,2025-10-15 13:39:03,27.05,7600,27.06,D
sz000400,许继电气,2025-10-15 13:39:18,27.02,24600,27.04,D
sz000400,许继电气,2025-10-15 13:39:42,27.03,8800,27.03,U
sz000400,许继电气,2025-10-15 13:39:57,27.01,7700,27.02,D
sz000400,许继电气,2025-10-15 13:40:03,27.01,7900,27.01,D
sz000400,许继电气,2025-10-15 13:40:06,27.02,12400,27.01,U
sz000400,许继电气,2025-10-15 13:40:30,27.03,8300,27.02,U
sz000400,许继电气,2025-10-15 13:40:45,27.05,11000,27.02,U
sz000400,许继电气,2025-10-15 13:41:54,27.06,7800,27.06,U
sz000400,许继电气,2025-10-15 13:42:03,27.06,19741,27.05,U
sz000400,许继电气,2025-10-15 13:42:06,27.03,8000,27.06,D
sz000400,许继电气,2025-10-15 13:42:27,27.04,7500,27.04,D
sz000400,许继电气,2025-10-15 13:42:51,27.04,11300,27.05,D
sz000400,许继电气,2025-10-15 13:43:12,27.04,15100,27.04,U
sz000400,许继电气,2025-10-15 13:43:45,27.04,7700,27.04,U
sz000400,许继电气,2025-10-15 13:44:54,27.04,8300,27.03,U
sz000400,许继电气,2025-10-15 13:44:57,27.04,13800,27.04,D
sz000400,许继电气,2025-10-15 13:45:39,27.04,13500,27.04,U
sz000400,许继电气,2025-10-15 13:45:51,27.04,25100,27.03,U
sz000400,许继电气,2025-10-15 13:46:27,27.02,27400,27.03,D
sz000400,许继电气,2025-10-15 13:46:30,27.01,13300,27.02,D
sz000400,许继电气,2025-10-15 13:46:48,27.01,9500,27.01,D
sz000400,许继电气,2025-10-15 13:46:51,27.02,46300,27.01,U
sz000400,许继电气,2025-10-15 13:47:18,27.02,7500,27.03,D
sz000400,许继电气,2025-10-15 13:47:30,27.01,10400,27.03,D
sz000400,许继电气,2025-10-15 13:49:06,27.01,11100,27.02,D
sz000400,许继电气,2025-10-15 13:49:51,27.01,7500,27.01,D
sz000400,许继电气,2025-10-15 13:49:57,27.01,29100,27.02,D
sz000400,许继电气,2025-10-15 13:50:33,27.01,7800,27.0,U
sz000400,许继电气,2025-10-15 13:50:48,27.01,8600,27.01,U
sz000400,许继电气,2025-10-15 13:50:51,27.02,10200,27.01,U
sz000400,许继电气,2025-10-15 13:50:57,27.02,20600,27.02,U
sz000400,许继电气,2025-10-15 13:51:15,27.0,11500,27.01,D
sz000400,许继电气,2025-10-15 13:51:57,27.02,9200,27.01,U
sz000400,许继电气,2025-10-15 13:52:03,27.04,18100,27.02,U
sz000400,许继电气,2025-10-15 13:52:06,27.05,31900,27.04,U
sz000400,许继电气,2025-10-15 13:52:30,27.07,11500,27.06,U
sz000400,许继电气,2025-10-15 13:52:48,27.1,19800,27.1,U
sz000400,许继电气,2025-10-15 13:53:09,27.11,9600,27.11,U
sz000400,许继电气,2025-10-15 13:53:27,27.12,12700,27.12,D
sz000400,许继电气,2025-10-15 13:53:36,27.14,26400,27.13,U
sz000400,许继电气,2025-10-15 13:53:42,27.15,13400,27.15,U
sz000400,许继电气,2025-10-15 13:53:45,27.15,10700,27.15,U
sz000400,许继电气,2025-10-15 13:53:51,27.15,10900,27.14,U
sz000400,许继电气,2025-10-15 13:53:54,27.17,9400,27.15,U
sz000400,许继电气,2025-10-15 13:54:09,27.19,12300,27.18,U
sz000400,许继电气,2025-10-15 13:54:15,27.22,49600,27.18,U
sz000400,许继电气,2025-10-15 13:54:18,27.21,9000,27.22,D
sz000400,许继电气,2025-10-15 13:54:21,27.2,11000,27.21,D
sz000400,许继电气,2025-10-15 13:54:24,27.22,12700,27.2,D
sz000400,许继电气,2025-10-15 13:54:27,27.23,12300,27.22,U
sz000400,许继电气,2025-10-15 13:54:36,27.26,11100,27.25,U
sz000400,许继电气,2025-10-15 13:54:39,27.27,57300,27.26,U
sz000400,许继电气,2025-10-15 13:54:42,27.32,54700,27.27,U
sz000400,许继电气,2025-10-15 13:54:45,27.19,112800,27.32,D
sz000400,许继电气,2025-10-15 13:54:57,27.2,11100,27.21,D
sz000400,许继电气,2025-10-15 13:55:00,27.2,12200,27.2,U
sz000400,许继电气,2025-10-15 13:55:06,27.24,11200,27.2,U
sz000400,许继电气,2025-10-15 13:55:09,27.2,8900,27.24,D
sz000400,许继电气,2025-10-15 13:55:15,27.2,7500,27.18,U
sz000400,许继电气,2025-10-15 13:55:18,27.19,14600,27.2,D
sz000400,许继电气,2025-10-15 13:55:21,27.2,16600,27.19,U
sz000400,许继电气,2025-10-15 13:55:33,27.2,13700,27.19,E
sz000400,许继电气,2025-10-15 13:55:36,27.18,31600,27.2,D
sz000400,许继电气,2025-10-15 13:55:42,27.2,14300,27.2,D
sz000400,许继电气,2025-10-15 13:55:45,27.24,8600,27.2,U
sz000400,许继电气,2025-10-15 13:55:51,27.24,8100,27.21,U
sz000400,许继电气,2025-10-15 13:56:00,27.24,22900,27.24,D
sz000400,许继电气,2025-10-15 13:56:03,27.26,10200,27.24,U
sz000400,许继电气,2025-10-15 13:56:09,27.27,13400,27.27,U
sz000400,许继电气,2025-10-15 13:56:12,27.28,11700,27.27,U
sz000400,许继电气,2025-10-15 13:56:15,27.27,12700,27.28,E
sz000400,许继电气,2025-10-15 13:56:21,27.28,20500,27.28,U
sz000400,许继电气,2025-10-15 13:56:24,27.29,15400,27.28,U
sz000400,许继电气,2025-10-15 13:56:27,27.3,14300,27.29,U
sz000400,许继电气,2025-10-15 13:56:30,27.29,19600,27.3,E
sz000400,许继电气,2025-10-15 13:56:33,27.28,21800,27.29,D
sz000400,许继电气,2025-10-15 13:56:36,27.28,24100,27.28,U
sz000400,许继电气,2025-10-15 13:56:39,27.28,36400,27.28,D
sz000400,许继电气,2025-10-15 13:56:42,27.28,10100,27.28,D
sz000400,许继电气,2025-10-15 13:56:48,27.29,21500,27.29,D
sz000400,许继电气,2025-10-15 13:57:00,27.27,8400,27.28,D
sz000400,许继电气,2025-10-15 13:57:06,27.26,8700,27.28,D
sz000400,许继电气,2025-10-15 13:57:09,27.23,8100,27.26,D
sz000400,许继电气,2025-10-15 13:57:27,27.24,11300,27.22,U
sz000400,许继电气,2025-10-15 13:57:57,27.25,39200,27.25,D
sz000400,许继电气,2025-10-15 13:58:00,27.28,9700,27.25,U
sz000400,许继电气,2025-10-15 13:58:09,27.29,47200,27.26,U
sz000400,许继电气,2025-10-15 13:58:12,27.3,71880,27.29,U
sz000400,许继电气,2025-10-15 13:58:24,27.3,21100,27.31,D
sz000400,许继电气,2025-10-15 13:58:30,27.33,19500,27.31,U
sz000400,许继电气,2025-10-15 13:58:33,27.32,10200,27.33,E
sz000400,许继电气,2025-10-15 13:58:39,27.33,37600,27.33,U
sz000400,许继电气,2025-10-15 13:58:42,27.32,13400,27.33,U
sz000400,许继电气,2025-10-15 13:58:45,27.33,8800,27.32,U
sz000400,许继电气,2025-10-15 13:58:54,27.34,32400,27.34,U
sz000400,许继电气,2025-10-15 13:59:03,27.34,15800,27.34,D
sz000400,许继电气,2025-10-15 13:59:06,27.33,23100,27.34,D
sz000400,许继电气,2025-10-15 13:59:09,27.33,23200,27.33,U
sz000400,许继电气,2025-10-15 13:59:15,27.3,11800,27.31,D
sz000400,许继电气,2025-10-15 13:59:18,27.3,10300,27.3,D
sz000400,许继电气,2025-10-15 13:59:21,27.3,17100,27.3,D
sz000400,许继电气,2025-10-15 13:59:24,27.3,11900,27.3,D
sz000400,许继电气,2025-10-15 13:59:27,27.3,13200,27.3,D
sz000400,许继电气,2025-10-15 13:59:30,27.3,19200,27.3,D
sz000400,许继电气,2025-10-15 13:59:33,27.3,8500,27.3,D
sz000400,许继电气,2025-10-15 13:59:36,27.3,22500,27.3,D
sz000400,许继电气,2025-10-15 13:59:51,27.26,7800,27.25,D
sz000400,许继电气,2025-10-15 14:00:12,27.2,13900,27.21,D
sz000400,许继电气,2025-10-15 14:00:27,27.2,12300,27.19,U
sz000400,许继电气,2025-10-15 14:00:33,27.19,32800,27.2,D
sz000400,许继电气,2025-10-15 14:01:15,27.19,12700,27.2,D
sz000400,许继电气,2025-10-15 14:01:30,27.18,15100,27.19,D
sz000400,许继电气,2025-10-15 14:01:42,27.19,27400,27.18,U
sz000400,许继电气,2025-10-15 14:02:06,27.19,14400,27.19,U
sz000400,许继电气,2025-10-15 14:02:09,27.21,27500,27.19,U
sz000400,许继电气,2025-10-15 14:02:24,27.21,11100,27.21,U
sz000400,许继电气,2025-10-15 14:02:51,27.25,17500,27.25,U
sz000400,许继电气,2025-10-15 14:02:54,27.23,14700,27.25,D
sz000400,许继电气,2025-10-15 14:02:57,27.25,10400,27.23,U
sz000400,许继电气,2025-10-15 14:03:12,27.26,20800,27.25,U
sz000400,许继电气,2025-10-15 14:03:21,27.26,12800,27.26,D
sz000400,许继电气,2025-10-15 14:04:15,27.23,13300,27.23,D
sz000400,许继电气,2025-10-15 14:04:54,27.26,25100,27.23,U
sz000400,许继电气,2025-10-15 14:05:45,27.25,19300,27.24,U
sz000400,许继电气,2025-10-15 14:06:18,27.25,17200,27.25,D
sz000400,许继电气,2025-10-15 14:06:21,27.26,8500,27.25,U
sz000400,许继电气,2025-10-15 14:06:27,27.26,8100,27.24,U
sz000400,许继电气,2025-10-15 14:07:12,27.25,8600,27.24,U
sz000400,许继电气,2025-10-15 14:07:18,27.25,12400,27.24,U
sz000400,许继电气,2025-10-15 14:07:30,27.25,7800,27.25,D
sz000400,许继电气,2025-10-15 14:07:33,27.25,9100,27.25,D
sz000400,许继电气,2025-10-15 14:07:42,27.25,12900,27.26,D
sz000400,许继电气,2025-10-15 14:07:45,27.26,9000,27.25,U
sz000400,许继电气,2025-10-15 14:08:03,27.25,39800,27.26,D
sz000400,许继电气,2025-10-15 14:08:06,27.29,53000,27.25,U
sz000400,许继电气,2025-10-15 14:08:12,27.29,9200,27.29,D
sz000400,许继电气,2025-10-15 14:08:15,27.29,9400,27.29,D
sz000400,许继电气,2025-10-15 14:08:18,27.3,52400,27.29,U
sz000400,许继电气,2025-10-15 14:08:21,27.3,8100,27.3,D
sz000400,许继电气,2025-10-15 14:08:33,27.3,11700,27.3,D
sz000400,许继电气,2025-10-15 14:08:39,27.29,24800,27.3,D
sz000400,许继电气,2025-10-15 14:08:54,27.25,9500,27.24,E
sz000400,许继电气,2025-10-15 14:09:33,27.27,8100,27.26,U
sz000400,许继电气,2025-10-15 14:09:45,27.25,7900,27.27,D
sz000400,许继电气,2025-10-15 14:09:54,27.27,12400,27.26,U
sz000400,许继电气,2025-10-15 14:10:00,27.3,45900,27.28,U
sz000400,许继电气,2025-10-15 14:10:06,27.25,7700,27.3,D
sz000400,许继电气,2025-10-15 14:11:06,27.26,10400,27.26,D
sz000400,许继电气,2025-10-15 14:11:33,27.28,9100,27.27,U
sz000400,许继电气,2025-10-15 14:11:45,27.28,10800,27.28,U
sz000400,许继电气,2025-10-15 14:11:48,27.27,9100,27.28,D
sz000400,许继电气,2025-10-15 14:11:51,27.28,22200,27.27,U
sz000400,许继电气,2025-10-15 14:11:54,27.26,14400,27.28,D
sz000400,许继电气,2025-10-15 14:12:09,27.29,10500,27.27,U
sz000400,许继电气,2025-10-15 14:12:48,27.28,17400,27.28,D
sz000400,许继电气,2025-10-15 14:12:54,27.26,9400,27.26,D
sz000400,许继电气,2025-10-15 14:12:57,27.26,11400,27.26,D
sz000400,许继电气,2025-10-15 14:13:09,27.28,24000,27.27,U
sz000400,许继电气,2025-10-15 14:13:24,27.25,26000,27.26,D
sz000400,许继电气,2025-10-15 14:13:27,27.25,10800,27.25,D
sz000400,许继电气,2025-10-15 14:13:33,27.25,8400,27.25,D
sz000400,许继电气,2025-10-15 14:13:36,27.25,11300,27.25,D
sz000400,许继电气,2025-10-15 14:13:45,27.25,9300,27.25,D
sz000400,许继电气,2025-10-15 14:13:54,27.25,9800,27.25,D
sz000400,许继电气,2025-10-15 14:13:57,27.25,16600,27.25,D
sz000400,许继电气,2025-10-15 14:14:03,27.25,43700,27.25,D
sz000400,许继电气,2025-10-15 14:14:06,27.25,8900,27.25,D
sz000400,许继电气,2025-10-15 14:14:09,27.25,78700,27.25,D
sz000400,许继电气,2025-10-15 14:14:36,27.21,9600,27.21,D
sz000400,许继电气,2025-10-15 14:14:48,27.2,20800,27.2,D
sz000400,许继电气,2025-10-15 14:14:57,27.2,21000,27.2,U
sz000400,许继电气,2025-10-15 14:15:00,27.19,7400,27.2,D
sz000400,许继电气,2025-10-15 14:15:06,27.2,20500,27.2,U
sz000400,许继电气,2025-10-15 14:15:15,27.2,7400,27.2,D
sz000400,许继电气,2025-10-15 14:15:36,27.2,17800,27.2,D
sz000400,许继电气,2025-10-15 14:15:45,27.19,23300,27.2,D
sz000400,许继电气,2025-10-15 14:15:51,27.21,26300,27.2,U
sz000400,许继电气,2025-10-15 14:16:06,27.22,17000,27.21,U
sz000400,许继电气,2025-10-15 14:16:09,27.21,12700,27.22,D
sz000400,许继电气,2025-10-15 14:16:36,27.2,18100,27.2,D
sz000400,许继电气,2025-10-15 14:16:39,27.19,54700,27.2,D
sz000400,许继电气,2025-10-15 14:17:00,27.19,8900,27.2,D
sz000400,许继电气,2025-10-15 14:17:03,27.19,14100,27.19,D
sz000400,许继电气,2025-10-15 14:17:18,27.19,10400,27.19,D
sz000400,许继电气,2025-10-15 14:17:45,27.19,9100,27.19,U
sz000400,许继电气,2025-10-15 14:18:06,27.2,36600,27.2,U
sz000400,许继电气,2025-10-15 14:18:09,27.2,10800,27.2,D
sz000400,许继电气,2025-10-15 14:18:27,27.22,16600,27.22,U
sz000400,许继电气,2025-10-15 14:19:18,27.21,7600,27.22,D
sz000400,许继电气,2025-10-15 14:19:27,27.21,8300,27.21,U
sz000400,许继电气,2025-10-15 14:20:00,27.2,7600,27.2,D
sz000400,许继电气,2025-10-15 14:20:06,27.2,7500,27.21,D
sz000400,许继电气,2025-10-15 14:20:30,27.2,7400,27.2,U
sz000400,许继电气,2025-10-15 14:21:15,27.19,19400,27.2,D
sz000400,许继电气,2025-10-15 14:21:36,27.2,10500,27.19,U
sz000400,许继电气,2025-10-15 14:21:51,27.18,10600,27.19,D
sz000400,许继电气,2025-10-15 14:22:03,27.18,11000,27.19,D
sz000400,许继电气,2025-10-15 14:22:30,27.21,145200,27.18,U
sz000400,许继电气,2025-10-15 14:22:33,27.22,38000,27.21,U
sz000400,许继电气,2025-10-15 14:22:36,27.24,38000,27.22,U
sz000400,许继电气,2025-10-15 14:24:48,27.25,22100,27.24,U
sz000400,许继电气,2025-10-15 14:24:54,27.26,17100,27.25,U
sz000400,许继电气,2025-10-15 14:25:00,27.28,49800,27.26,U
sz000400,许继电气,2025-10-15 14:25:03,27.29,29200,27.28,U
sz000400,许继电气,2025-10-15 14:25:06,27.32,103100,27.29,U
sz000400,许继电气,2025-10-15 14:25:09,27.33,32800,27.32,U
sz000400,许继电气,2025-10-15 14:25:12,27.33,50300,27.33,U
sz000400,许继电气,2025-10-15 14:25:15,27.36,58400,27.33,U
sz000400,许继电气,2025-10-15 14:25:18,27.39,46900,27.36,U
sz000400,许继电气,2025-10-15 14:25:21,27.41,57900,27.39,U
sz000400,许继电气,2025-10-15 14:25:24,27.41,19600,27.41,U
sz000400,许继电气,2025-10-15 14:25:27,27.39,7700,27.41,D
sz000400,许继电气,2025-10-15 14:25:30,27.39,16600,27.39,D
sz000400,许继电气,2025-10-15 14:25:33,27.4,26200,27.39,U
sz000400,许继电气,2025-10-15 14:25:36,27.4,26400,27.4,U
sz000400,许继电气,2025-10-15 14:25:39,27.41,13100,27.4,U
sz000400,许继电气,2025-10-15 14:25:42,27.4,20700,27.41,D
sz000400,许继电气,2025-10-15 14:25:45,27.4,8800,27.4,U
sz000400,许继电气,2025-10-15 14:25:48,27.4,8500,27.4,U
sz000400,许继电气,2025-10-15 14:26:03,27.39,11600,27.39,U
sz000400,许继电气,2025-10-15 14:26:09,27.39,9700,27.39,D
sz000400,许继电气,2025-10-15 14:26:12,27.4,34100,27.39,U
sz000400,许继电气,2025-10-15 14:26:33,27.39,27500,27.39,U
sz000400,许继电气,2025-10-15 14:26:36,27.39,24500,27.39,U
sz000400,许继电气,2025-10-15 14:26:39,27.38,25700,27.39,D
sz000400,许继电气,2025-10-15 14:27:12,27.37,10300,27.36,U
sz000400,许继电气,2025-10-15 14:27:15,27.36,24500,27.37,D
sz000400,许继电气,2025-10-15 14:27:24,27.35,12300,27.36,D
sz000400,许继电气,2025-10-15 14:27:51,27.34,10100,27.34,D
sz000400,许继电气,2025-10-15 14:27:54,27.35,8900,27.34,U
sz000400,许继电气,2025-10-15 14:27:57,27.36,12000,27.35,U
sz000400,许继电气,2025-10-15 14:28:03,27.36,21000,27.36,U
sz000400,许继电气,2025-10-15 14:28:27,27.34,10200,27.36,D
sz000400,许继电气,2025-10-15 14:28:48,27.35,9600,27.35,D
sz000400,许继电气,2025-10-15 14:28:54,27.34,7800,27.35,D
sz000400,许继电气,2025-10-15 14:29:00,27.34,8200,27.35,D
sz000400,许继电气,2025-10-15 14:29:12,27.34,9298,27.35,D
sz000400,许继电气,2025-10-15 14:29:15,27.33,14500,27.34,D
sz000400,许继电气,2025-10-15 14:29:24,27.33,18100,27.33,D
sz000400,许继电气,2025-10-15 14:29:27,27.33,10700,27.33,D
sz000400,许继电气,2025-10-15 14:29:36,27.32,18900,27.32,D
sz000400,许继电气,2025-10-15 14:29:57,27.32,7800,27.32,U
sz000400,许继电气,2025-10-15 14:30:06,27.32,7700,27.32,D
sz000400,许继电气,2025-10-15 14:30:09,27.32,23900,27.32,D
sz000400,许继电气,2025-10-15 14:30:15,27.37,77588,27.32,U
sz000400,许继电气,2025-10-15 14:30:18,27.38,16700,27.37,U
sz000400,许继电气,2025-10-15 14:30:21,27.39,39500,27.38,U
sz000400,许继电气,2025-10-15 14:30:24,27.4,51300,27.39,U
sz000400,许继电气,2025-10-15 14:30:27,27.39,18300,27.4,D
sz000400,许继电气,2025-10-15 14:30:33,27.4,7300,27.4,D
sz000400,许继电气,2025-10-15 14:30:36,27.41,17000,27.4,U
sz000400,许继电气,2025-10-15 14:30:39,27.41,14710,27.41,U
sz000400,许继电气,2025-10-15 14:30:42,27.41,12700,27.41,U
sz000400,许继电气,2025-10-15 14:30:45,27.41,20600,27.41,U
sz000400,许继电气,2025-10-15 14:30:48,27.41,18800,27.41,D
sz000400,许继电气,2025-10-15 14:30:51,27.41,40500,27.41,D
sz000400,许继电气,2025-10-15 14:30:54,27.41,9500,27.41,U
sz000400,许继电气,2025-10-15 14:30:57,27.41,18600,27.41,D
sz000400,许继电气,2025-10-15 14:31:06,27.4,12490,27.41,D
sz000400,许继电气,2025-10-15 14:31:09,27.39,14900,27.4,D
sz000400,许继电气,2025-10-15 14:31:12,27.39,9300,27.39,D
sz000400,许继电气,2025-10-15 14:31:24,27.39,8800,27.38,U
sz000400,许继电气,2025-10-15 14:31:30,27.36,14100,27.39,D
sz000400,许继电气,2025-10-15 14:31:57,27.36,22500,27.37,D
sz000400,许继电气,2025-10-15 14:32:21,27.34,12800,27.35,D
sz000400,许继电气,2025-10-15 14:32:24,27.35,10400,27.34,U
sz000400,许继电气,2025-10-15 14:32:48,27.34,72600,27.34,U
sz000400,许继电气,2025-10-15 14:32:51,27.35,11500,27.34,U
sz000400,许继电气,2025-10-15 14:33:21,27.34,11200,27.35,D
sz000400,许继电气,2025-10-15 14:33:42,27.33,34000,27.34,D
sz000400,许继电气,2025-10-15 14:33:54,27.31,9200,27.32,D
sz000400,许继电气,2025-10-15 14:34:09,27.31,10100,27.31,D
sz000400,许继电气,2025-10-15 14:34:15,27.3,14700,27.31,D
sz000400,许继电气,2025-10-15 14:34:21,27.31,7500,27.31,U
sz000400,许继电气,2025-10-15 14:34:36,27.31,20900,27.3,U
sz000400,许继电气,2025-10-15 14:34:51,27.31,18000,27.31,U
sz000400,许继电气,2025-10-15 14:35:06,27.3,13300,27.3,U
sz000400,许继电气,2025-10-15 14:35:12,27.3,7800,27.3,D
sz000400,许继电气,2025-10-15 14:35:15,27.31,11200,27.3,U
sz000400,许继电气,2025-10-15 14:35:30,27.3,10900,27.3,D
sz000400,许继电气,2025-10-15 14:35:36,27.31,12000,27.3,U
sz000400,许继电气,2025-10-15 14:35:51,27.3,14300,27.3,D
sz000400,许继电气,2025-10-15 14:35:54,27.31,23000,27.3,U
sz000400,许继电气,2025-10-15 14:35:57,27.3,10200,27.31,D
sz000400,许继电气,2025-10-15 14:36:06,27.3,13000,27.3,U
sz000400,许继电气,2025-10-15 14:36:18,27.3,12800,27.3,U
sz000400,许继电气,2025-10-15 14:36:21,27.3,7700,27.3,U
sz000400,许继电气,2025-10-15 14:36:33,27.29,9600,27.29,D
sz000400,许继电气,2025-10-15 14:36:42,27.28,11800,27.28,D
sz000400,许继电气,2025-10-15 14:37:27,27.29,10900,27.29,U
sz000400,许继电气,2025-10-15 14:37:39,27.28,22000,27.28,U
sz000400,许继电气,2025-10-15 14:37:51,27.3,15700,27.28,U
sz000400,许继电气,2025-10-15 14:37:57,27.29,7600,27.29,D
sz000400,许继电气,2025-10-15 14:38:09,27.3,15500,27.29,U
sz000400,许继电气,2025-10-15 14:38:24,27.29,11600,27.3,D
sz000400,许继电气,2025-10-15 14:38:27,27.3,9900,27.29,U
sz000400,许继电气,2025-10-15 14:38:33,27.3,13000,27.3,U
sz000400,许继电气,2025-10-15 14:38:39,27.3,14200,27.3,U
sz000400,许继电气,2025-10-15 14:38:42,27.31,16700,27.3,U
sz000400,许继电气,2025-10-15 14:38:57,27.31,53500,27.3,U
sz000400,许继电气,2025-10-15 14:39:03,27.29,15500,27.3,D
sz000400,许继电气,2025-10-15 14:39:39,27.3,10600,27.29,U
sz000400,许继电气,2025-10-15 14:39:54,27.29,11100,27.3,D
sz000400,许继电气,2025-10-15 14:41:09,27.27,12600,27.27,U
sz000400,许继电气,2025-10-15 14:41:12,27.27,12400,27.27,U
sz000400,许继电气,2025-10-15 14:41:15,27.27,8800,27.27,U
sz000400,许继电气,2025-10-15 14:41:21,27.27,51700,27.27,D
sz000400,许继电气,2025-10-15 14:41:33,27.27,7916,27.27,D
sz000400,许继电气,2025-10-15 14:41:36,27.3,37300,27.27,U
sz000400,许继电气,2025-10-15 14:42:03,27.29,12200,27.29,D
sz000400,许继电气,2025-10-15 14:42:06,27.29,10600,27.29,D
sz000400,许继电气,2025-10-15 14:42:15,27.3,12200,27.29,U
sz000400,许继电气,2025-10-15 14:42:21,27.29,26300,27.3,D
sz000400,许继电气,2025-10-15 14:42:27,27.29,7600,27.3,D
sz000400,许继电气,2025-10-15 14:42:30,27.29,12800,27.29,U
sz000400,许继电气,2025-10-15 14:42:33,27.28,7800,27.29,D
sz000400,许继电气,2025-10-15 14:42:36,27.29,8400,27.28,U
sz000400,许继电气,2025-10-15 14:43:03,27.3,7800,27.29,U
sz000400,许继电气,2025-10-15 14:43:15,27.29,8500,27.29,D
sz000400,许继电气,2025-10-15 14:43:24,27.29,8200,27.29,D
sz000400,许继电气,2025-10-15 14:43:48,27.27,51100,27.28,D
sz000400,许继电气,2025-10-15 14:44:36,27.27,7500,27.27,D
sz000400,许继电气,2025-10-15 14:45:12,27.27,8700,27.27,D
sz000400,许继电气,2025-10-15 14:45:15,27.27,12384,27.27,D
sz000400,许继电气,2025-10-15 14:45:24,27.27,7400,27.27,U
sz000400,许继电气,2025-10-15 14:45:30,27.26,13700,27.27,D
sz000400,许继电气,2025-10-15 14:45:39,27.26,7800,27.26,U
sz000400,许继电气,2025-10-15 14:45:51,27.26,17900,27.26,U
sz000400,许继电气,2025-10-15 14:46:00,27.26,8800,27.26,U
sz000400,许继电气,2025-10-15 14:46:12,27.25,24500,27.25,D
sz000400,许继电气,2025-10-15 14:46:24,27.25,7900,27.24,U
sz000400,许继电气,2025-10-15 14:46:30,27.26,41600,27.24,U
sz000400,许继电气,2025-10-15 14:46:42,27.26,11700,27.26,U
sz000400,许继电气,2025-10-15 14:47:06,27.26,19400,27.26,D
sz000400,许继电气,2025-10-15 14:47:30,27.28,8200,27.28,U
sz000400,许继电气,2025-10-15 14:47:36,27.27,16200,27.27,D
sz000400,许继电气,2025-10-15 14:48:00,27.28,9000,27.28,U
sz000400,许继电气,2025-10-15 14:48:03,27.28,12100,27.28,U
sz000400,许继电气,2025-10-15 14:48:09,27.28,13500,27.28,U
sz000400,许继电气,2025-10-15 14:48:15,27.28,28800,27.28,U
sz000400,许继电气,2025-10-15 14:48:18,27.28,12900,27.28,U
sz000400,许继电气,2025-10-15 14:48:48,27.28,11300,27.27,U
sz000400,许继电气,2025-10-15 14:48:51,27.28,15100,27.28,U
sz000400,许继电气,2025-10-15 14:48:57,27.27,8900,27.28,D
sz000400,许继电气,2025-10-15 14:49:06,27.27,7400,27.27,D
sz000400,许继电气,2025-10-15 14:49:30,27.27,18100,27.26,U
sz000400,许继电气,2025-10-15 14:49:45,27.26,13900,27.27,D
sz000400,许继电气,2025-10-15 14:49:54,27.26,17800,27.26,D
sz000400,许继电气,2025-10-15 14:50:03,27.24,25700,27.26,D
sz000400,许继电气,2025-10-15 14:50:06,27.23,40800,27.24,D
sz000400,许继电气,2025-10-15 14:50:12,27.24,10500,27.24,U
sz000400,许继电气,2025-10-15 14:50:15,27.23,7600,27.24,D
sz000400,许继电气,2025-10-15 14:50:21,27.22,8500,27.24,D
sz000400,许继电气,2025-10-15 14:50:36,27.21,23800,27.23,D
sz000400,许继电气,2025-10-15 14:50:42,27.23,8300,27.23,U
sz000400,许继电气,2025-10-15 14:50:48,27.23,72300,27.23,D
sz000400,许继电气,2025-10-15 14:50:51,27.25,9600,27.23,U
sz000400,许继电气,2025-10-15 14:51:00,27.23,13100,27.25,D
sz000400,许继电气,2025-10-15 14:51:03,27.24,25400,27.23,E
sz000400,许继电气,2025-10-15 14:51:18,27.24,10200,27.23,U
sz000400,许继电气,2025-10-15 14:51:24,27.24,8600,27.24,U
sz000400,许继电气,2025-10-15 14:51:33,27.24,7700,27.23,U
sz000400,许继电气,2025-10-15 14:51:36,27.23,28900,27.24,D
sz000400,许继电气,2025-10-15 14:51:45,27.24,9300,27.24,D
sz000400,许继电气,2025-10-15 14:51:51,27.25,7900,27.24,U
sz000400,许继电气,2025-10-15 14:51:54,27.29,114300,27.25,U
sz000400,许继电气,2025-10-15 14:52:30,27.28,12700,27.28,D
sz000400,许继电气,2025-10-15 14:52:33,27.28,12500,27.28,D
sz000400,许继电气,2025-10-15 14:52:45,27.28,12000,27.29,D
sz000400,许继电气,2025-10-15 14:52:57,27.31,232412,27.29,U
sz000400,许继电气,2025-10-15 14:53:00,27.3,16800,27.31,D
sz000400,许继电气,2025-10-15 14:53:03,27.3,10200,27.3,D
sz000400,许继电气,2025-10-15 14:53:06,27.32,22507,27.3,U
sz000400,许继电气,2025-10-15 14:53:15,27.33,29400,27.33,U
sz000400,许继电气,2025-10-15 14:53:18,27.33,10100,27.33,U
sz000400,许继电气,2025-10-15 14:53:30,27.34,55900,27.34,U
sz000400,许继电气,2025-10-15 14:53:33,27.35,7600,27.34,U
sz000400,许继电气,2025-10-15 14:53:36,27.35,12300,27.35,D
sz000400,许继电气,2025-10-15 14:53:39,27.36,9400,27.35,U
sz000400,许继电气,2025-10-15 14:53:42,27.35,11300,27.36,D
sz000400,许继电气,2025-10-15 14:53:45,27.35,13600,27.35,D
sz000400,许继电气,2025-10-15 14:53:48,27.35,8800,27.35,D
sz000400,许继电气,2025-10-15 14:53:51,27.36,40700,27.35,U
sz000400,许继电气,2025-10-15 14:53:54,27.36,16700,27.36,U
sz000400,许继电气,2025-10-15 14:54:00,27.36,53600,27.37,D
sz000400,许继电气,2025-10-15 14:54:03,27.35,37100,27.36,D
sz000400,许继电气,2025-10-15 14:54:15,27.35,10400,27.33,U
sz000400,许继电气,2025-10-15 14:54:18,27.33,13700,27.35,D
sz000400,许继电气,2025-10-15 14:54:21,27.32,22200,27.33,D
sz000400,许继电气,2025-10-15 14:54:24,27.31,12600,27.32,D
sz000400,许继电气,2025-10-15 14:54:33,27.31,10200,27.3,U
sz000400,许继电气,2025-10-15 14:54:36,27.3,10600,27.31,D
sz000400,许继电气,2025-10-15 14:54:42,27.3,7400,27.31,D
sz000400,许继电气,2025-10-15 14:54:45,27.31,48700,27.3,U
sz000400,许继电气,2025-10-15 14:54:48,27.31,8800,27.31,D
sz000400,许继电气,2025-10-15 14:54:51,27.32,14600,27.31,U
sz000400,许继电气,2025-10-15 14:54:57,27.32,10600,27.32,U
sz000400,许继电气,2025-10-15 14:55:06,27.31,33600,27.31,D
sz000400,许继电气,2025-10-15 14:55:09,27.31,25500,27.31,D
sz000400,许继电气,2025-10-15 14:55:12,27.31,10700,27.31,D
sz000400,许继电气,2025-10-15 14:55:15,27.32,15200,27.31,U
sz000400,许继电气,2025-10-15 14:55:18,27.32,24300,27.32,U
sz000400,许继电气,2025-10-15 14:55:24,27.31,10300,27.32,D
sz000400,许继电气,2025-10-15 14:55:27,27.32,39900,27.31,U
sz000400,许继电气,2025-10-15 14:55:30,27.33,10800,27.32,U
sz000400,许继电气,2025-10-15 14:55:33,27.33,51300,27.33,U
sz000400,许继电气,2025-10-15 14:55:36,27.33,19800,27.33,D
sz000400,许继电气,2025-10-15 14:55:39,27.33,18200,27.33,U
sz000400,许继电气,2025-10-15 14:55:42,27.33,12500,27.33,U
sz000400,许继电气,2025-10-15 14:55:45,27.33,14800,27.33,U
sz000400,许继电气,2025-10-15 14:55:48,27.33,14900,27.33,D
sz000400,许继电气,2025-10-15 14:55:51,27.34,31400,27.33,U
sz000400,许继电气,2025-10-15 14:55:54,27.34,25100,27.34,U
sz000400,许继电气,2025-10-15 14:55:57,27.35,87900,27.34,U
sz000400,许继电气,2025-10-15 14:56:00,27.35,8500,27.35,U
sz000400,许继电气,2025-10-15 14:56:09,27.35,15500,27.35,U
sz000400,许继电气,2025-10-15 14:56:12,27.35,28400,27.35,U
sz000400,许继电气,2025-10-15 14:56:15,27.34,94600,27.35,D
sz000400,许继电气,2025-10-15 14:56:18,27.35,27900,27.34,E
sz000400,许继电气,2025-10-15 14:56:21,27.34,29600,27.35,D
sz000400,许继电气,2025-10-15 14:56:24,27.35,78600,27.34,U
sz000400,许继电气,2025-10-15 14:56:27,27.35,35200,27.35,U
sz000400,许继电气,2025-10-15 14:56:30,27.36,116100,27.35,U
sz000400,许继电气,2025-10-15 14:56:33,27.36,18400,27.36,D
sz000400,许继电气,2025-10-15 14:56:36,27.38,113000,27.36,U
sz000400,许继电气,2025-10-15 14:56:39,27.4,117936,27.38,U
sz000400,许继电气,2025-10-15 14:56:42,27.41,28500,27.4,U
sz000400,许继电气,2025-10-15 14:56:45,27.43,101200,27.41,U
sz000400,许继电气,2025-10-15 14:56:48,27.44,100700,27.43,U
sz000400,许继电气,2025-10-15 14:56:51,27.44,116200,27.44,D
sz000400,许继电气,2025-10-15 14:56:54,27.45,12000,27.44,U
sz000400,许继电气,2025-10-15 14:56:57,27.44,21500,27.45,D
sz000400,许继电气,2025-10-15 14:57:00,27.45,107600,27.44,U
sz000400,许继电气,2025-10-15 15:00:00,27.44,696300,27.45,D
