symbol,name,ticktime,price,volume,prev_price,kind
sz000400,许继电气,2025-09-26 09:25:00,24.88,258300,0.0,D
sz000400,许继电气,2025-09-26 09:30:00,24.83,202100,24.88,D
sz000400,许继电气,2025-09-26 09:30:03,24.8,204100,24.83,D
sz000400,许继电气,2025-09-26 09:30:06,24.85,70700,24.8,U
sz000400,许继电气,2025-09-26 09:30:09,24.77,28800,24.85,D
sz000400,许继电气,2025-09-26 09:30:12,24.77,40000,24.77,D
sz000400,许继电气,2025-09-26 09:30:15,24.77,33300,24.77,U
sz000400,许继电气,2025-09-26 09:30:18,24.78,64100,24.77,E
sz000400,许继电气,2025-09-26 09:30:21,24.8,60100,24.78,E
sz000400,许继电气,2025-09-26 09:30:24,24.83,27400,24.8,E
sz000400,许继电气,2025-09-26 09:30:27,24.86,189400,24.83,U
sz000400,许继电气,2025-09-26 09:30:30,24.87,53800,24.86,U
sz000400,许继电气,2025-09-26 09:30:33,24.88,51900,24.87,U
sz000400,许继电气,2025-09-26 09:30:36,24.9,22400,24.88,U
sz000400,许继电气,2025-09-26 09:30:39,24.91,19600,24.9,U
sz000400,许继电气,2025-09-26 09:30:42,24.91,38300,24.91,U
sz000400,许继电气,2025-09-26 09:30:45,24.91,54200,24.91,U
sz000400,许继电气,2025-09-26 09:30:48,24.91,18500,24.91,D
sz000400,许继电气,2025-09-26 09:30:51,24.91,56400,24.91,D
sz000400,许继电气,2025-09-26 09:30:54,24.91,33100,24.91,D
sz000400,许继电气,2025-09-26 09:30:57,24.88,28200,24.91,D
sz000400,许继电气,2025-09-26 09:31:00,24.87,53500,24.88,D
sz000400,许继电气,2025-09-26 09:31:03,24.88,10200,24.87,U
sz000400,许继电气,2025-09-26 09:31:06,24.86,16600,24.88,D
sz000400,许继电气,2025-09-26 09:31:09,24.85,13000,24.86,D
sz000400,许继电气,2025-09-26 09:31:12,24.82,13500,24.85,D
sz000400,许继电气,2025-09-26 09:31:15,24.81,9400,24.82,D
sz000400,许继电气,2025-09-26 09:31:18,24.81,57000,24.81,U
sz000400,许继电气,2025-09-26 09:31:21,24.88,72800,24.81,U
sz000400,许继电气,2025-09-26 09:31:27,24.86,12100,24.86,D
sz000400,许继电气,2025-09-26 09:31:30,24.84,11400,24.86,D
sz000400,许继电气,2025-09-26 09:31:33,24.85,19400,24.84,D
sz000400,许继电气,2025-09-26 09:31:36,24.86,10300,24.85,U
sz000400,许继电气,2025-09-26 09:31:39,24.86,13759,24.86,D
sz000400,许继电气,2025-09-26 09:31:42,24.87,10500,24.86,U
sz000400,许继电气,2025-09-26 09:31:45,24.87,24900,24.87,U
sz000400,许继电气,2025-09-26 09:31:48,24.9,131300,24.87,U
sz000400,许继电气,2025-09-26 09:31:51,24.89,28900,24.9,E
sz000400,许继电气,2025-09-26 09:31:54,24.89,84000,24.89,D
sz000400,许继电气,2025-09-26 09:31:57,24.9,32900,24.89,U
sz000400,许继电气,2025-09-26 09:32:00,24.93,13900,24.9,U
sz000400,许继电气,2025-09-26 09:32:03,24.93,29500,24.93,U
sz000400,许继电气,2025-09-26 09:32:06,24.94,60900,24.93,U
sz000400,许继电气,2025-09-26 09:32:12,24.97,20500,24.96,U
sz000400,许继电气,2025-09-26 09:32:15,24.96,10200,24.97,D
sz000400,许继电气,2025-09-26 09:32:18,24.97,26100,24.96,E
sz000400,许继电气,2025-09-26 09:32:21,24.95,148900,24.97,D
sz000400,许继电气,2025-09-26 09:32:24,24.95,39900,24.95,U
sz000400,许继电气,2025-09-26 09:32:27,24.99,362700,24.95,U
sz000400,许继电气,2025-09-26 09:32:30,24.97,52241,24.99,D
sz000400,许继电气,2025-09-26 09:32:33,24.99,31000,24.97,E
sz000400,许继电气,2025-09-26 09:32:39,25.02,17000,25.01,U
sz000400,许继电气,2025-09-26 09:32:42,25.03,23400,25.02,U
sz000400,许继电气,2025-09-26 09:32:45,25.03,21900,25.03,U
sz000400,许继电气,2025-09-26 09:32:48,25.01,75900,25.03,D
sz000400,许继电气,2025-09-26 09:32:51,25.01,58900,25.01,U
sz000400,许继电气,2025-09-26 09:32:54,24.99,28200,25.01,D
sz000400,许继电气,2025-09-26 09:32:57,24.98,30900,24.99,D
sz000400,许继电气,2025-09-26 09:33:00,25.0,29700,24.98,U
sz000400,许继电气,2025-09-26 09:33:03,24.97,89359,25.0,D
sz000400,许继电气,2025-09-26 09:33:06,24.98,45600,24.97,U
sz000400,许继电气,2025-09-26 09:33:12,24.96,18800,24.96,U
sz000400,许继电气,2025-09-26 09:33:15,24.96,41200,24.96,U
sz000400,许继电气,2025-09-26 09:33:18,24.96,8800,24.96,D
sz000400,许继电气,2025-09-26 09:33:21,24.97,115800,24.96,E
sz000400,许继电气,2025-09-26 09:33:24,24.95,33400,24.97,D
sz000400,许继电气,2025-09-26 09:33:27,24.93,63400,24.95,E
sz000400,许继电气,2025-09-26 09:33:30,24.92,20100,24.93,E
sz000400,许继电气,2025-09-26 09:33:33,24.93,23800,24.92,U
sz000400,许继电气,2025-09-26 09:33:36,24.95,34100,24.93,U
sz000400,许继电气,2025-09-26 09:33:39,24.95,20500,24.95,U
sz000400,许继电气,2025-09-26 09:33:42,24.94,22300,24.95,E
sz000400,许继电气,2025-09-26 09:33:45,24.93,13000,24.94,D
sz000400,许继电气,2025-09-26 09:33:48,24.94,11400,24.93,U
sz000400,许继电气,2025-09-26 09:33:51,24.93,44800,24.94,D
sz000400,许继电气,2025-09-26 09:33:54,24.93,12700,24.93,U
sz000400,许继电气,2025-09-26 09:33:57,24.91,17900,24.93,D
sz000400,许继电气,2025-09-26 09:34:00,24.92,14300,24.91,E
sz000400,许继电气,2025-09-26 09:34:03,24.92,14500,24.92,U
sz000400,许继电气,2025-09-26 09:34:06,24.93,12200,24.92,U
sz000400,许继电气,2025-09-26 09:34:09,24.93,14400,24.93,U
sz000400,许继电气,2025-09-26 09:34:12,24.94,8500,24.93,U
sz000400,许继电气,2025-09-26 09:34:15,24.9,99900,24.94,D
sz000400,许继电气,2025-09-26 09:34:18,24.93,13900,24.9,U
sz000400,许继电气,2025-09-26 09:34:21,24.93,9700,24.93,U
sz000400,许继电气,2025-09-26 09:34:24,24.91,9300,24.93,D
sz000400,许继电气,2025-09-26 09:34:30,24.91,8700,24.92,D
sz000400,许继电气,2025-09-26 09:34:33,24.91,25000,24.91,D
sz000400,许继电气,2025-09-26 09:34:36,24.91,20500,24.91,D
sz000400,许继电气,2025-09-26 09:34:39,24.91,17800,24.91,U
sz000400,许继电气,2025-09-26 09:34:42,24.91,10600,24.91,U
sz000400,许继电气,2025-09-26 09:34:45,24.91,20900,24.91,U
sz000400,许继电气,2025-09-26 09:34:48,24.91,23700,24.91,U
sz000400,许继电气,2025-09-26 09:34:51,24.91,19400,24.91,U
sz000400,许继电气,2025-09-26 09:34:54,24.89,29300,24.91,D
sz000400,许继电气,2025-09-26 09:34:57,24.88,18600,24.89,E
sz000400,许继电气,2025-09-26 09:35:00,24.89,8700,24.88,U
sz000400,许继电气,2025-09-26 09:35:03,24.86,28100,24.89,D
sz000400,许继电气,2025-09-26 09:35:06,24.89,18800,24.86,U
sz000400,许继电气,2025-09-26 09:35:12,24.87,18300,24.87,D
sz000400,许继电气,2025-09-26 09:35:21,24.87,84200,24.9,D
sz000400,许继电气,2025-09-26 09:35:24,24.89,22800,24.87,U
sz000400,许继电气,2025-09-26 09:35:27,24.89,25900,24.89,U
sz000400,许继电气,2025-09-26 09:35:30,24.89,14500,24.89,D
sz000400,许继电气,2025-09-26 09:35:36,24.9,32300,24.9,U
sz000400,许继电气,2025-09-26 09:35:39,24.91,24100,24.9,U
sz000400,许继电气,2025-09-26 09:35:42,24.89,15700,24.91,D
sz000400,许继电气,2025-09-26 09:35:48,24.92,10600,24.91,U
sz000400,许继电气,2025-09-26 09:35:54,24.92,24200,24.92,U
sz000400,许继电气,2025-09-26 09:35:57,24.93,11700,24.92,U
sz000400,许继电气,2025-09-26 09:36:00,24.93,11400,24.93,U
sz000400,许继电气,2025-09-26 09:36:06,24.93,12000,24.94,D
sz000400,许继电气,2025-09-26 09:36:09,24.94,10900,24.93,U
sz000400,许继电气,2025-09-26 09:36:12,24.94,21600,24.94,U
sz000400,许继电气,2025-09-26 09:36:15,24.94,11200,24.94,D
sz000400,许继电气,2025-09-26 09:36:18,24.96,11200,24.94,U
sz000400,许继电气,2025-09-26 09:36:21,24.96,20500,24.96,U
sz000400,许继电气,2025-09-26 09:36:24,24.98,90700,24.96,U
sz000400,许继电气,2025-09-26 09:36:27,25.0,110100,24.98,U
sz000400,许继电气,2025-09-26 09:36:33,25.01,17200,25.0,U
sz000400,许继电气,2025-09-26 09:36:36,25.01,28300,25.01,D
sz000400,许继电气,2025-09-26 09:36:39,25.01,49500,25.01,D
sz000400,许继电气,2025-09-26 09:36:42,25.01,19800,25.01,U
sz000400,许继电气,2025-09-26 09:36:45,25.0,50100,25.01,D
sz000400,许继电气,2025-09-26 09:36:48,25.01,60200,25.0,U
sz000400,许继电气,2025-09-26 09:36:51,25.0,18600,25.01,E
sz000400,许继电气,2025-09-26 09:36:54,25.0,35300,25.0,U
sz000400,许继电气,2025-09-26 09:36:57,25.01,26300,25.0,U
sz000400,许继电气,2025-09-26 09:37:00,25.01,17600,25.01,D
sz000400,许继电气,2025-09-26 09:37:03,25.03,48400,25.01,U
sz000400,许继电气,2025-09-26 09:37:06,25.02,89500,25.03,D
sz000400,许继电气,2025-09-26 09:37:09,25.04,18800,25.02,U
sz000400,许继电气,2025-09-26 09:37:12,25.03,27800,25.04,D
sz000400,许继电气,2025-09-26 09:37:15,25.03,47500,25.03,D
sz000400,许继电气,2025-09-26 09:37:18,25.04,57900,25.03,U
sz000400,许继电气,2025-09-26 09:37:21,25.05,13300,25.04,U
sz000400,许继电气,2025-09-26 09:37:24,25.05,18600,25.05,U
sz000400,许继电气,2025-09-26 09:37:27,25.05,43600,25.05,U
sz000400,许继电气,2025-09-26 09:37:30,25.05,21100,25.05,U
sz000400,许继电气,2025-09-26 09:37:33,25.05,25700,25.05,D
sz000400,许继电气,2025-09-26 09:37:36,25.07,17100,25.05,U
sz000400,许继电气,2025-09-26 09:37:39,25.07,16500,25.07,U
sz000400,许继电气,2025-09-26 09:37:42,25.07,73000,25.07,U
sz000400,许继电气,2025-09-26 09:37:45,25.07,112900,25.07,U
sz000400,许继电气,2025-09-26 09:37:48,25.07,47200,25.07,U
sz000400,许继电气,2025-09-26 09:37:51,25.03,94000,25.07,D
sz000400,许继电气,2025-09-26 09:37:54,25.04,47900,25.03,U
sz000400,许继电气,2025-09-26 09:37:57,25.05,25100,25.04,U
sz000400,许继电气,2025-09-26 09:38:00,25.02,22000,25.05,D
sz000400,许继电气,2025-09-26 09:38:03,25.02,14500,25.02,U
sz000400,许继电气,2025-09-26 09:38:06,25.05,17900,25.02,U
sz000400,许继电气,2025-09-26 09:38:09,25.05,11000,25.05,U
sz000400,许继电气,2025-09-26 09:38:12,25.05,40700,25.05,E
sz000400,许继电气,2025-09-26 09:38:15,25.04,80900,25.05,D
sz000400,许继电气,2025-09-26 09:38:18,25.04,21400,25.04,U
sz000400,许继电气,2025-09-26 09:38:21,25.04,14600,25.04,U
sz000400,许继电气,2025-09-26 09:38:24,25.1,393900,25.04,U
sz000400,许继电气,2025-09-26 09:38:27,25.1,27000,25.1,D
sz000400,许继电气,2025-09-26 09:38:30,25.13,43400,25.1,U
sz000400,许继电气,2025-09-26 09:38:33,25.13,13000,25.13,U
sz000400,许继电气,2025-09-26 09:38:36,25.15,25800,25.13,U
sz000400,许继电气,2025-09-26 09:38:39,25.16,18000,25.15,U
sz000400,许继电气,2025-09-26 09:38:42,25.17,30700,25.16,U
sz000400,许继电气,2025-09-26 09:38:45,25.18,63300,25.17,U
sz000400,许继电气,2025-09-26 09:38:48,25.2,103800,25.18,U
sz000400,许继电气,2025-09-26 09:38:51,25.2,14700,25.2,D
sz000400,许继电气,2025-09-26 09:38:54,25.22,31900,25.2,U
sz000400,许继电气,2025-09-26 09:38:57,25.22,31100,25.22,U
sz000400,许继电气,2025-09-26 09:39:00,25.23,185700,25.22,U
sz000400,许继电气,2025-09-26 09:39:03,25.24,46200,25.23,U
sz000400,许继电气,2025-09-26 09:39:06,25.24,91200,25.24,D
sz000400,许继电气,2025-09-26 09:39:09,25.34,327200,25.24,U
sz000400,许继电气,2025-09-26 09:39:12,25.36,124200,25.34,U
sz000400,许继电气,2025-09-26 09:39:15,25.4,266400,25.36,U
sz000400,许继电气,2025-09-26 09:39:18,25.48,148900,25.4,U
sz000400,许继电气,2025-09-26 09:39:21,25.5,119400,25.48,U
sz000400,许继电气,2025-09-26 09:39:24,25.49,435100,25.5,E
sz000400,许继电气,2025-09-26 09:39:27,25.48,99300,25.49,E
sz000400,许继电气,2025-09-26 09:39:30,25.45,87800,25.48,D
sz000400,许继电气,2025-09-26 09:39:33,25.45,68200,25.45,D
sz000400,许继电气,2025-09-26 09:39:36,25.44,43100,25.45,E
sz000400,许继电气,2025-09-26 09:39:39,25.4,47800,25.44,D
sz000400,许继电气,2025-09-26 09:39:42,25.4,81800,25.4,D
sz000400,许继电气,2025-09-26 09:39:45,25.4,149900,25.4,D
sz000400,许继电气,2025-09-26 09:39:48,25.43,95500,25.4,U
sz000400,许继电气,2025-09-26 09:39:51,25.4,60600,25.43,D
sz000400,许继电气,2025-09-26 09:39:54,25.4,27700,25.4,U
sz000400,许继电气,2025-09-26 09:39:57,25.41,82900,25.4,U
sz000400,许继电气,2025-09-26 09:40:00,25.41,77000,25.41,U
sz000400,许继电气,2025-09-26 09:40:03,25.41,106100,25.41,D
sz000400,许继电气,2025-09-26 09:40:06,25.42,67600,25.41,U
sz000400,许继电气,2025-09-26 09:40:09,25.43,44000,25.42,E
sz000400,许继电气,2025-09-26 09:40:12,25.45,64100,25.43,U
sz000400,许继电气,2025-09-26 09:40:15,25.5,461300,25.45,U
sz000400,许继电气,2025-09-26 09:40:18,25.49,177400,25.5,D
sz000400,许继电气,2025-09-26 09:40:21,25.49,21900,25.49,U
sz000400,许继电气,2025-09-26 09:40:24,25.49,65300,25.49,D
sz000400,许继电气,2025-09-26 09:40:27,25.49,62800,25.49,U
sz000400,许继电气,2025-09-26 09:40:30,25.5,102100,25.49,U
sz000400,许继电气,2025-09-26 09:40:33,25.53,64100,25.5,U
sz000400,许继电气,2025-09-26 09:40:36,25.53,76900,25.53,U
sz000400,许继电气,2025-09-26 09:40:39,25.55,23100,25.53,U
sz000400,许继电气,2025-09-26 09:40:42,25.55,52300,25.55,U
sz000400,许继电气,2025-09-26 09:40:45,25.56,45905,25.55,U
sz000400,许继电气,2025-09-26 09:40:48,25.56,53500,25.56,U
sz000400,许继电气,2025-09-26 09:40:51,25.56,112400,25.56,U
sz000400,许继电气,2025-09-26 09:40:54,25.56,236395,25.56,D
sz000400,许继电气,2025-09-26 09:40:57,25.57,93900,25.56,U
sz000400,许继电气,2025-09-26 09:41:00,25.57,114200,25.57,U
sz000400,许继电气,2025-09-26 09:41:03,25.56,108500,25.57,D
sz000400,许继电气,2025-09-26 09:41:06,25.57,75000,25.56,U
sz000400,许继电气,2025-09-26 09:41:09,25.57,79900,25.57,U
sz000400,许继电气,2025-09-26 09:41:12,25.58,173500,25.57,U
sz000400,许继电气,2025-09-26 09:41:15,25.65,252505,25.58,U
sz000400,许继电气,2025-09-26 09:41:18,25.69,267500,25.65,U
sz000400,许继电气,2025-09-26 09:41:21,25.69,21700,25.69,U
sz000400,许继电气,2025-09-26 09:41:24,25.7,157300,25.69,U
sz000400,许继电气,2025-09-26 09:41:27,25.75,53700,25.7,U
sz000400,许继电气,2025-09-26 09:41:30,25.76,161800,25.75,U
sz000400,许继电气,2025-09-26 09:41:33,25.79,60100,25.76,U
sz000400,许继电气,2025-09-26 09:41:36,25.81,43700,25.79,U
sz000400,许继电气,2025-09-26 09:41:39,25.81,75100,25.81,D
sz000400,许继电气,2025-09-26 09:41:42,25.83,136200,25.81,U
sz000400,许继电气,2025-09-26 09:41:45,25.85,146400,25.83,U
sz000400,许继电气,2025-09-26 09:41:48,25.86,78700,25.85,U
sz000400,许继电气,2025-09-26 09:41:51,25.86,239500,25.86,U
sz000400,许继电气,2025-09-26 09:41:54,25.87,144400,25.86,U
sz000400,许继电气,2025-09-26 09:41:57,25.95,213000,25.87,U
sz000400,许继电气,2025-09-26 09:42:00,26.03,497650,25.95,U
sz000400,许继电气,2025-09-26 09:42:03,25.99,137700,26.03,D
sz000400,许继电气,2025-09-26 09:42:06,25.91,213900,25.99,D
sz000400,许继电气,2025-09-26 09:42:09,25.91,104500,25.91,D
sz000400,许继电气,2025-09-26 09:42:12,25.9,153000,25.91,D
sz000400,许继电气,2025-09-26 09:42:15,25.87,190500,25.9,D
sz000400,许继电气,2025-09-26 09:42:18,25.86,250800,25.87,D
sz000400,许继电气,2025-09-26 09:42:21,25.84,167100,25.86,D
sz000400,许继电气,2025-09-26 09:42:24,25.86,163100,25.84,U
sz000400,许继电气,2025-09-26 09:42:27,25.84,85100,25.86,D
sz000400,许继电气,2025-09-26 09:42:30,25.84,88400,25.84,U
sz000400,许继电气,2025-09-26 09:42:33,25.83,215200,25.84,D
sz000400,许继电气,2025-09-26 09:42:36,25.8,172300,25.83,D
sz000400,许继电气,2025-09-26 09:42:39,25.79,77800,25.8,D
sz000400,许继电气,2025-09-26 09:42:42,25.79,46300,25.79,D
sz000400,许继电气,2025-09-26 09:42:45,25.78,50900,25.79,D
sz000400,许继电气,2025-09-26 09:42:48,25.79,46600,25.78,U
sz000400,许继电气,2025-09-26 09:42:51,25.78,76400,25.79,U
sz000400,许继电气,2025-09-26 09:42:54,25.77,52800,25.78,D
sz000400,许继电气,2025-09-26 09:42:57,25.76,49800,25.77,D
sz000400,许继电气,2025-09-26 09:43:00,25.73,35500,25.76,D
sz000400,许继电气,2025-09-26 09:43:03,25.72,26300,25.73,D
sz000400,许继电气,2025-09-26 09:43:06,25.71,23700,25.72,D
sz000400,许继电气,2025-09-26 09:43:09,25.69,98200,25.71,D
sz000400,许继电气,2025-09-26 09:43:12,25.71,38495,25.69,U
sz000400,许继电气,2025-09-26 09:43:15,25.72,52900,25.71,U
sz000400,许继电气,2025-09-26 09:43:18,25.76,56200,25.72,U
sz000400,许继电气,2025-09-26 09:43:21,25.76,45800,25.76,U
sz000400,许继电气,2025-09-26 09:43:24,25.76,32800,25.76,U
sz000400,许继电气,2025-09-26 09:43:27,25.77,42000,25.76,U
sz000400,许继电气,2025-09-26 09:43:30,25.79,89700,25.77,U
sz000400,许继电气,2025-09-26 09:43:33,25.79,57100,25.79,U
sz000400,许继电气,2025-09-26 09:43:36,25.79,102800,25.79,U
sz000400,许继电气,2025-09-26 09:43:39,25.8,200200,25.79,U
sz000400,许继电气,2025-09-26 09:43:42,25.81,98700,25.8,U
sz000400,许继电气,2025-09-26 09:43:45,25.8,73100,25.81,D
sz000400,许继电气,2025-09-26 09:43:48,25.82,135995,25.8,U
sz000400,许继电气,2025-09-26 09:43:51,25.85,88100,25.82,U
sz000400,许继电气,2025-09-26 09:43:54,25.85,14100,25.85,U
sz000400,许继电气,2025-09-26 09:43:57,25.87,27500,25.85,U
sz000400,许继电气,2025-09-26 09:44:00,25.87,99800,25.87,U
sz000400,许继电气,2025-09-26 09:44:03,25.86,157500,25.87,D
sz000400,许继电气,2025-09-26 09:44:06,25.86,131300,25.86,U
sz000400,许继电气,2025-09-26 09:44:09,25.86,107600,25.86,U
sz000400,许继电气,2025-09-26 09:44:12,25.81,59700,25.86,D
sz000400,许继电气,2025-09-26 09:44:15,25.8,89905,25.81,D
sz000400,许继电气,2025-09-26 09:44:18,25.79,35200,25.8,D
sz000400,许继电气,2025-09-26 09:44:21,25.78,94300,25.79,D
sz000400,许继电气,2025-09-26 09:44:24,25.76,29500,25.78,D
sz000400,许继电气,2025-09-26 09:44:27,25.76,15200,25.76,U
sz000400,许继电气,2025-09-26 09:44:30,25.82,258100,25.76,U
sz000400,许继电气,2025-09-26 09:44:33,25.88,153617,25.82,U
sz000400,许继电气,2025-09-26 09:44:36,25.88,66100,25.88,D
sz000400,许继电气,2025-09-26 09:44:39,25.83,87000,25.88,D
sz000400,许继电气,2025-09-26 09:44:42,25.82,51400,25.83,D
sz000400,许继电气,2025-09-26 09:44:45,25.83,14700,25.82,E
sz000400,许继电气,2025-09-26 09:44:48,25.83,29400,25.83,U
sz000400,许继电气,2025-09-26 09:44:51,25.85,52700,25.83,U
sz000400,许继电气,2025-09-26 09:44:54,25.85,46000,25.85,D
sz000400,许继电气,2025-09-26 09:44:57,25.88,78000,25.85,U
sz000400,许继电气,2025-09-26 09:45:00,25.88,58100,25.88,D
sz000400,许继电气,2025-09-26 09:45:03,25.9,80800,25.88,U
sz000400,许继电气,2025-09-26 09:45:06,25.9,35600,25.9,D
sz000400,许继电气,2025-09-26 09:45:09,25.92,29800,25.9,U
sz000400,许继电气,2025-09-26 09:45:12,25.92,52200,25.92,D
sz000400,许继电气,2025-09-26 09:45:15,25.88,43600,25.92,D
sz000400,许继电气,2025-09-26 09:45:18,25.82,79700,25.88,D
sz000400,许继电气,2025-09-26 09:45:21,25.8,50800,25.82,D
sz000400,许继电气,2025-09-26 09:45:24,25.8,78200,25.8,D
sz000400,许继电气,2025-09-26 09:45:27,25.8,28700,25.8,D
sz000400,许继电气,2025-09-26 09:45:30,25.8,27500,25.8,D
sz000400,许继电气,2025-09-26 09:45:33,25.8,35500,25.8,D
sz000400,许继电气,2025-09-26 09:45:36,25.8,67900,25.8,D
sz000400,许继电气,2025-09-26 09:45:39,25.79,109000,25.8,D
sz000400,许继电气,2025-09-26 09:45:42,25.8,41000,25.79,U
sz000400,许继电气,2025-09-26 09:45:45,25.8,28400,25.8,D
sz000400,许继电气,2025-09-26 09:45:48,25.8,35800,25.8,D
sz000400,许继电气,2025-09-26 09:45:51,25.85,37100,25.8,E
sz000400,许继电气,2025-09-26 09:45:54,25.82,25900,25.85,E
sz000400,许继电气,2025-09-26 09:45:57,25.81,9200,25.82,D
sz000400,许继电气,2025-09-26 09:46:00,25.82,31700,25.81,U
sz000400,许继电气,2025-09-26 09:46:03,25.86,58100,25.82,U
sz000400,许继电气,2025-09-26 09:46:06,25.86,42400,25.86,U
sz000400,许继电气,2025-09-26 09:46:09,25.86,20800,25.86,U
sz000400,许继电气,2025-09-26 09:46:12,25.88,42200,25.86,U
sz000400,许继电气,2025-09-26 09:46:15,25.88,17300,25.88,D
sz000400,许继电气,2025-09-26 09:46:18,25.88,33300,25.88,D
sz000400,许继电气,2025-09-26 09:46:21,25.91,27600,25.88,U
sz000400,许继电气,2025-09-26 09:46:24,25.9,38800,25.91,D
sz000400,许继电气,2025-09-26 09:46:27,25.91,22100,25.9,U
sz000400,许继电气,2025-09-26 09:46:30,25.92,52700,25.91,U
sz000400,许继电气,2025-09-26 09:46:33,25.92,19900,25.92,U
sz000400,许继电气,2025-09-26 09:46:36,25.93,60000,25.92,U
sz000400,许继电气,2025-09-26 09:46:39,25.93,49300,25.93,D
sz000400,许继电气,2025-09-26 09:46:42,25.95,34500,25.93,U
sz000400,许继电气,2025-09-26 09:46:45,25.96,76400,25.95,U
sz000400,许继电气,2025-09-26 09:46:48,25.96,24400,25.96,E
sz000400,许继电气,2025-09-26 09:46:51,25.98,14400,25.96,U
sz000400,许继电气,2025-09-26 09:46:54,25.97,48500,25.98,D
sz000400,许继电气,2025-09-26 09:46:57,26.0,605800,25.97,U
sz000400,许继电气,2025-09-26 09:47:00,26.05,53100,26.0,U
sz000400,许继电气,2025-09-26 09:47:03,26.08,43800,26.05,U
sz000400,许继电气,2025-09-26 09:47:06,26.1,44900,26.08,U
sz000400,许继电气,2025-09-26 09:47:09,26.14,303350,26.1,U
sz000400,许继电气,2025-09-26 09:47:12,26.17,373900,26.14,U
sz000400,许继电气,2025-09-26 09:47:15,26.18,39000,26.17,U
sz000400,许继电气,2025-09-26 09:47:18,26.2,70500,26.18,U
sz000400,许继电气,2025-09-26 09:47:21,26.19,78300,26.2,D
sz000400,许继电气,2025-09-26 09:47:24,26.2,109300,26.19,U
sz000400,许继电气,2025-09-26 09:47:27,26.24,90800,26.2,U
sz000400,许继电气,2025-09-26 09:47:30,26.26,91700,26.24,U
sz000400,许继电气,2025-09-26 09:47:33,26.24,106600,26.26,D
sz000400,许继电气,2025-09-26 09:47:36,26.25,215500,26.24,U
sz000400,许继电气,2025-09-26 09:47:39,26.25,301400,26.25,U
sz000400,许继电气,2025-09-26 09:47:42,26.26,94800,26.25,U
sz000400,许继电气,2025-09-26 09:47:45,26.26,90800,26.26,U
sz000400,许继电气,2025-09-26 09:47:48,26.26,110400,26.26,D
sz000400,许继电气,2025-09-26 09:47:51,26.26,85400,26.26,D
sz000400,许继电气,2025-09-26 09:47:54,26.26,83025,26.26,D
sz000400,许继电气,2025-09-26 09:47:57,26.27,266600,26.26,U
sz000400,许继电气,2025-09-26 09:48:00,26.26,82675,26.27,D
sz000400,许继电气,2025-09-26 09:48:03,26.19,73600,26.26,D
sz000400,许继电气,2025-09-26 09:48:06,26.24,98600,26.19,U
sz000400,许继电气,2025-09-26 09:48:09,26.18,76900,26.24,D
sz000400,许继电气,2025-09-26 09:48:12,26.19,101100,26.18,E
sz000400,许继电气,2025-09-26 09:48:15,26.19,43175,26.19,D
sz000400,许继电气,2025-09-26 09:48:18,26.19,58100,26.19,D
sz000400,许继电气,2025-09-26 09:48:21,26.19,22000,26.19,U
sz000400,许继电气,2025-09-26 09:48:24,26.18,87378,26.19,D
sz000400,许继电气,2025-09-26 09:48:27,26.18,108200,26.18,D
sz000400,许继电气,2025-09-26 09:48:30,26.16,20247,26.18,D
sz000400,许继电气,2025-09-26 09:48:33,26.15,15800,26.16,D
sz000400,许继电气,2025-09-26 09:48:36,26.15,26800,26.15,D
sz000400,许继电气,2025-09-26 09:48:39,26.14,19000,26.15,D
sz000400,许继电气,2025-09-26 09:48:42,26.11,21800,26.14,D
sz000400,许继电气,2025-09-26 09:48:45,26.11,13500,26.11,D
sz000400,许继电气,2025-09-26 09:48:48,26.1,22800,26.11,D
sz000400,许继电气,2025-09-26 09:48:51,26.06,50400,26.1,D
sz000400,许继电气,2025-09-26 09:48:54,26.05,36700,26.06,D
sz000400,许继电气,2025-09-26 09:48:57,26.03,15900,26.05,D
sz000400,许继电气,2025-09-26 09:49:00,26.01,25400,26.03,D
sz000400,许继电气,2025-09-26 09:49:03,26.0,18600,26.01,D
sz000400,许继电气,2025-09-26 09:49:06,26.0,50906,26.0,D
sz000400,许继电气,2025-09-26 09:49:09,26.0,49500,26.0,D
sz000400,许继电气,2025-09-26 09:49:12,26.0,29600,26.0,D
sz000400,许继电气,2025-09-26 09:49:15,26.0,75400,26.0,U
sz000400,许继电气,2025-09-26 09:49:18,25.98,41394,26.0,D
sz000400,许继电气,2025-09-26 09:49:21,25.98,18400,25.98,D
sz000400,许继电气,2025-09-26 09:49:24,25.98,24300,25.98,D
sz000400,许继电气,2025-09-26 09:49:27,25.96,22000,25.98,D
sz000400,许继电气,2025-09-26 09:49:30,25.97,24400,25.96,U
sz000400,许继电气,2025-09-26 09:49:33,25.96,26500,25.97,D
sz000400,许继电气,2025-09-26 09:49:36,25.95,16300,25.96,D
sz000400,许继电气,2025-09-26 09:49:39,25.94,22900,25.95,D
sz000400,许继电气,2025-09-26 09:49:42,25.95,11900,25.94,U
sz000400,许继电气,2025-09-26 09:49:45,25.93,21100,25.95,D
sz000400,许继电气,2025-09-26 09:49:48,25.93,39200,25.93,D
sz000400,许继电气,2025-09-26 09:49:51,25.93,24900,25.93,U
sz000400,许继电气,2025-09-26 09:49:54,25.93,24700,25.93,U
sz000400,许继电气,2025-09-26 09:49:57,25.92,34800,25.93,U
sz000400,许继电气,2025-09-26 09:50:00,25.92,23600,25.92,D
sz000400,许继电气,2025-09-26 09:50:03,25.9,25600,25.92,D
sz000400,许继电气,2025-09-26 09:50:06,25.9,43200,25.9,D
sz000400,许继电气,2025-09-26 09:50:09,25.92,29200,25.9,U
sz000400,许继电气,2025-09-26 09:50:12,25.9,8300,25.92,U
sz000400,许继电气,2025-09-26 09:50:15,25.9,43400,25.9,U
sz000400,许继电气,2025-09-26 09:50:18,25.9,60300,25.9,D
sz000400,许继电气,2025-09-26 09:50:21,25.89,11200,25.9,E
sz000400,许继电气,2025-09-26 09:50:24,25.89,16200,25.89,U
sz000400,许继电气,2025-09-26 09:50:27,25.89,23300,25.89,U
sz000400,许继电气,2025-09-26 09:50:30,25.88,47700,25.89,D
sz000400,许继电气,2025-09-26 09:50:33,25.88,14300,25.88,U
sz000400,许继电气,2025-09-26 09:50:36,25.87,29500,25.88,D
sz000400,许继电气,2025-09-26 09:50:39,25.87,20600,25.87,U
sz000400,许继电气,2025-09-26 09:50:42,25.88,27000,25.87,U
sz000400,许继电气,2025-09-26 09:50:45,25.87,20700,25.88,E
sz000400,许继电气,2025-09-26 09:50:48,25.86,24300,25.87,D
sz000400,许继电气,2025-09-26 09:50:51,25.86,11500,25.86,U
sz000400,许继电气,2025-09-26 09:50:54,25.85,17500,25.86,D
sz000400,许继电气,2025-09-26 09:51:00,25.84,13000,25.84,U
sz000400,许继电气,2025-09-26 09:51:03,25.83,23700,25.84,D
sz000400,许继电气,2025-09-26 09:51:06,25.83,24600,25.83,U
sz000400,许继电气,2025-09-26 09:51:09,25.82,27300,25.83,D
sz000400,许继电气,2025-09-26 09:51:12,25.83,9300,25.82,U
sz000400,许继电气,2025-09-26 09:51:15,25.81,20000,25.83,D
sz000400,许继电气,2025-09-26 09:51:18,25.82,20200,25.81,U
sz000400,许继电气,2025-09-26 09:51:21,25.83,24000,25.82,U
sz000400,许继电气,2025-09-26 09:51:24,25.85,141500,25.83,U
sz000400,许继电气,2025-09-26 09:51:27,25.85,19300,25.85,U
sz000400,许继电气,2025-09-26 09:51:30,25.85,29900,25.85,U
sz000400,许继电气,2025-09-26 09:51:33,25.85,26600,25.85,U
sz000400,许继电气,2025-09-26 09:51:36,25.85,28400,25.85,U
sz000400,许继电气,2025-09-26 09:51:39,25.85,21000,25.85,U
sz000400,许继电气,2025-09-26 09:51:42,25.86,18600,25.85,U
sz000400,许继电气,2025-09-26 09:51:45,25.86,21600,25.86,U
sz000400,许继电气,2025-09-26 09:51:48,25.87,97006,25.86,U
sz000400,许继电气,2025-09-26 09:51:51,25.87,11100,25.87,U
sz000400,许继电气,2025-09-26 09:51:54,25.87,35400,25.87,U
sz000400,许继电气,2025-09-26 09:52:00,25.88,8700,25.87,U
sz000400,许继电气,2025-09-26 09:52:03,25.88,19000,25.88,U
sz000400,许继电气,2025-09-26 09:52:06,25.89,24000,25.88,U
sz000400,许继电气,2025-09-26 09:52:09,25.86,233594,25.89,D
sz000400,许继电气,2025-09-26 09:52:12,25.79,133400,25.86,D
sz000400,许继电气,2025-09-26 09:52:15,25.85,101600,25.79,U
sz000400,许继电气,2025-09-26 09:52:18,25.81,22900,25.85,E
sz000400,许继电气,2025-09-26 09:52:21,25.81,10900,25.81,D
sz000400,许继电气,2025-09-26 09:52:24,25.8,28200,25.81,D
sz000400,许继电气,2025-09-26 09:52:27,25.8,31300,25.8,E
sz000400,许继电气,2025-09-26 09:52:33,25.8,15800,25.8,U
sz000400,许继电气,2025-09-26 09:52:36,25.79,21200,25.8,D
sz000400,许继电气,2025-09-26 09:52:39,25.79,33400,25.79,U
sz000400,许继电气,2025-09-26 09:52:42,25.78,28800,25.79,D
sz000400,许继电气,2025-09-26 09:52:45,25.78,34600,25.78,D
sz000400,许继电气,2025-09-26 09:52:48,25.78,17200,25.78,U
sz000400,许继电气,2025-09-26 09:52:51,25.77,20700,25.78,D
sz000400,许继电气,2025-09-26 09:52:54,25.76,8500,25.77,D
sz000400,许继电气,2025-09-26 09:52:57,25.75,20300,25.76,D
sz000400,许继电气,2025-09-26 09:53:00,25.73,32900,25.75,D
sz000400,许继电气,2025-09-26 09:53:03,25.72,11100,25.73,D
sz000400,许继电气,2025-09-26 09:53:06,25.72,11200,25.72,D
sz000400,许继电气,2025-09-26 09:53:09,25.73,32600,25.72,U
sz000400,许继电气,2025-09-26 09:53:12,25.73,59100,25.73,D
sz000400,许继电气,2025-09-26 09:53:15,25.72,12900,25.73,D
sz000400,许继电气,2025-09-26 09:53:18,25.73,24000,25.72,U
sz000400,许继电气,2025-09-26 09:53:21,25.73,9200,25.73,D
sz000400,许继电气,2025-09-26 09:53:24,25.71,11500,25.73,D
sz000400,许继电气,2025-09-26 09:53:27,25.72,52200,25.71,E
sz000400,许继电气,2025-09-26 09:53:30,25.72,7800,25.72,D
sz000400,许继电气,2025-09-26 09:53:33,25.72,19800,25.72,U
sz000400,许继电气,2025-09-26 09:53:36,25.71,24700,25.72,D
sz000400,许继电气,2025-09-26 09:53:39,25.71,42900,25.71,D
sz000400,许继电气,2025-09-26 09:53:42,25.71,30200,25.71,D
sz000400,许继电气,2025-09-26 09:53:45,25.71,37400,25.71,D
sz000400,许继电气,2025-09-26 09:53:48,25.7,55400,25.71,D
sz000400,许继电气,2025-09-26 09:53:51,25.7,16700,25.7,D
sz000400,许继电气,2025-09-26 09:53:57,25.69,24400,25.7,D
sz000400,许继电气,2025-09-26 09:54:00,25.69,20600,25.69,D
sz000400,许继电气,2025-09-26 09:54:03,25.68,29100,25.69,D
sz000400,许继电气,2025-09-26 09:54:06,25.69,20000,25.68,U
sz000400,许继电气,2025-09-26 09:54:09,25.71,57100,25.69,U
sz000400,许继电气,2025-09-26 09:54:12,25.71,46400,25.71,U
sz000400,许继电气,2025-09-26 09:54:15,25.72,13400,25.71,U
sz000400,许继电气,2025-09-26 09:54:18,25.71,15400,25.72,D
sz000400,许继电气,2025-09-26 09:54:21,25.73,25300,25.71,U
sz000400,许继电气,2025-09-26 09:54:24,25.73,17700,25.73,U
sz000400,许继电气,2025-09-26 09:54:27,25.72,65600,25.73,D
sz000400,许继电气,2025-09-26 09:54:30,25.74,11500,25.72,U
sz000400,许继电气,2025-09-26 09:54:33,25.74,31200,25.74,D
sz000400,许继电气,2025-09-26 09:54:36,25.75,14700,25.74,U
sz000400,许继电气,2025-09-26 09:54:42,25.76,10600,25.76,U
sz000400,许继电气,2025-09-26 09:54:45,25.77,19100,25.76,U
sz000400,许继电气,2025-09-26 09:54:48,25.76,33900,25.77,D
sz000400,许继电气,2025-09-26 09:54:51,25.79,40200,25.76,U
sz000400,许继电气,2025-09-26 09:54:57,25.8,33200,25.79,U
sz000400,许继电气,2025-09-26 09:55:00,25.8,91500,25.8,U
sz000400,许继电气,2025-09-26 09:55:03,25.73,193400,25.8,D
sz000400,许继电气,2025-09-26 09:55:06,25.72,46100,25.73,E
sz000400,许继电气,2025-09-26 09:55:09,25.79,12600,25.72,U
sz000400,许继电气,2025-09-26 09:55:12,25.76,9400,25.79,E
sz000400,许继电气,2025-09-26 09:55:15,25.71,97400,25.76,D
sz000400,许继电气,2025-09-26 09:55:18,25.71,15700,25.71,D
sz000400,许继电气,2025-09-26 09:55:21,25.73,11800,25.71,U
sz000400,许继电气,2025-09-26 09:55:24,25.73,30612,25.73,U
sz000400,许继电气,2025-09-26 09:55:27,25.73,15200,25.73,U
sz000400,许继电气,2025-09-26 09:55:30,25.73,16400,25.73,D
sz000400,许继电气,2025-09-26 09:55:33,25.73,10300,25.73,U
sz000400,许继电气,2025-09-26 09:55:42,25.73,10900,25.73,D
sz000400,许继电气,2025-09-26 09:55:45,25.74,32000,25.73,U
sz000400,许继电气,2025-09-26 09:55:54,25.75,13000,25.74,U
sz000400,许继电气,2025-09-26 09:56:03,25.75,7800,25.74,U
sz000400,许继电气,2025-09-26 09:56:06,25.74,15900,25.75,D
sz000400,许继电气,2025-09-26 09:56:12,25.75,8800,25.75,D
sz000400,许继电气,2025-09-26 09:56:15,25.75,13300,25.75,D
sz000400,许继电气,2025-09-26 09:56:18,25.78,25800,25.75,U
sz000400,许继电气,2025-09-26 09:56:21,25.75,13200,25.78,D
sz000400,许继电气,2025-09-26 09:56:24,25.74,28100,25.75,D
sz000400,许继电气,2025-09-26 09:56:27,25.79,48800,25.74,U
sz000400,许继电气,2025-09-26 09:56:33,25.76,29300,25.76,D
sz000400,许继电气,2025-09-26 09:56:36,25.75,10200,25.76,E
sz000400,许继电气,2025-09-26 09:56:42,25.74,17500,25.74,D
sz000400,许继电气,2025-09-26 09:56:45,25.75,21800,25.74,U
sz000400,许继电气,2025-09-26 09:56:48,25.75,20400,25.75,U
sz000400,许继电气,2025-09-26 09:56:51,25.74,11900,25.75,D
sz000400,许继电气,2025-09-26 09:56:57,25.75,13900,25.74,U
sz000400,许继电气,2025-09-26 09:57:00,25.75,40200,25.75,U
sz000400,许继电气,2025-09-26 09:57:03,25.73,12100,25.75,D
sz000400,许继电气,2025-09-26 09:57:06,25.72,29300,25.73,D
sz000400,许继电气,2025-09-26 09:57:09,25.73,70400,25.72,U
sz000400,许继电气,2025-09-26 09:57:12,25.73,31500,25.73,U
sz000400,许继电气,2025-09-26 09:57:15,25.73,8400,25.73,D
sz000400,许继电气,2025-09-26 09:57:21,25.72,19300,25.72,U
sz000400,许继电气,2025-09-26 09:57:24,25.7,30388,25.72,D
sz000400,许继电气,2025-09-26 09:57:27,25.71,14700,25.7,U
sz000400,许继电气,2025-09-26 09:57:30,25.7,33500,25.71,D
sz000400,许继电气,2025-09-26 09:57:33,25.71,26500,25.7,U
sz000400,许继电气,2025-09-26 09:57:36,25.7,19000,25.71,D
sz000400,许继电气,2025-09-26 09:57:39,25.7,20000,25.7,D
sz000400,许继电气,2025-09-26 09:57:42,25.7,17400,25.7,D
sz000400,许继电气,2025-09-26 09:57:45,25.7,24500,25.7,D
sz000400,许继电气,2025-09-26 09:57:48,25.7,9100,25.7,U
sz000400,许继电气,2025-09-26 09:57:54,25.69,35600,25.69,D
sz000400,许继电气,2025-09-26 09:57:57,25.68,13200,25.69,D
sz000400,许继电气,2025-09-26 09:58:00,25.68,21000,25.68,D
sz000400,许继电气,2025-09-26 09:58:03,25.61,204905,25.68,D
sz000400,许继电气,2025-09-26 09:58:06,25.6,15200,25.61,D
sz000400,许继电气,2025-09-26 09:58:09,25.6,31100,25.6,D
sz000400,许继电气,2025-09-26 09:58:12,25.6,11200,25.6,D
sz000400,许继电气,2025-09-26 09:58:15,25.61,18300,25.6,E
sz000400,许继电气,2025-09-26 09:58:18,25.62,11000,25.61,E
sz000400,许继电气,2025-09-26 09:58:21,25.62,13100,25.62,D
sz000400,许继电气,2025-09-26 09:58:27,25.65,34000,25.66,U
sz000400,许继电气,2025-09-26 09:58:30,25.63,47700,25.65,D
sz000400,许继电气,2025-09-26 09:58:33,25.65,35100,25.63,D
sz000400,许继电气,2025-09-26 09:58:36,25.65,18600,25.65,D
sz000400,许继电气,2025-09-26 09:58:39,25.66,8400,25.65,D
sz000400,许继电气,2025-09-26 09:58:42,25.65,16600,25.66,E
sz000400,许继电气,2025-09-26 09:58:45,25.67,14900,25.65,E
sz000400,许继电气,2025-09-26 09:58:51,25.67,10100,25.65,U
sz000400,许继电气,2025-09-26 09:58:54,25.66,74600,25.67,D
sz000400,许继电气,2025-09-26 09:58:57,25.65,19400,25.66,D
sz000400,许继电气,2025-09-26 09:59:00,25.66,11000,25.65,U
sz000400,许继电气,2025-09-26 09:59:03,25.65,31900,25.66,D
sz000400,许继电气,2025-09-26 09:59:06,25.65,73000,25.65,U
sz000400,许继电气,2025-09-26 09:59:09,25.65,37900,25.65,U
sz000400,许继电气,2025-09-26 09:59:12,25.67,10600,25.65,U
sz000400,许继电气,2025-09-26 09:59:15,25.66,16800,25.67,D
sz000400,许继电气,2025-09-26 09:59:18,25.66,37700,25.66,D
sz000400,许继电气,2025-09-26 09:59:21,25.68,33800,25.66,U
sz000400,许继电气,2025-09-26 09:59:24,25.66,12800,25.68,D
sz000400,许继电气,2025-09-26 09:59:27,25.66,25700,25.66,D
sz000400,许继电气,2025-09-26 09:59:30,25.68,23500,25.66,U
sz000400,许继电气,2025-09-26 09:59:33,25.69,15000,25.68,U
sz000400,许继电气,2025-09-26 09:59:39,25.68,29800,25.7,D
sz000400,许继电气,2025-09-26 09:59:42,25.68,13500,25.68,U
sz000400,许继电气,2025-09-26 09:59:45,25.68,13900,25.68,U
sz000400,许继电气,2025-09-26 09:59:51,25.7,12900,25.69,U
sz000400,许继电气,2025-09-26 09:59:57,25.7,20200,25.7,U
sz000400,许继电气,2025-09-26 10:00:00,25.7,49100,25.7,U
sz000400,许继电气,2025-09-26 10:00:03,25.7,16700,25.7,D
sz000400,许继电气,2025-09-26 10:00:06,25.73,36412,25.7,U
sz000400,许继电气,2025-09-26 10:00:09,25.73,11200,25.73,D
sz000400,许继电气,2025-09-26 10:00:12,25.73,21000,25.73,D
sz000400,许继电气,2025-09-26 10:00:15,25.74,10400,25.73,E
sz000400,许继电气,2025-09-26 10:00:21,25.75,75600,25.75,U
sz000400,许继电气,2025-09-26 10:00:24,25.75,53300,25.75,D
sz000400,许继电气,2025-09-26 10:00:27,25.76,13300,25.75,U
sz000400,许继电气,2025-09-26 10:00:33,25.77,57800,25.76,U
sz000400,许继电气,2025-09-26 10:00:36,25.75,20700,25.77,D
sz000400,许继电气,2025-09-26 10:00:42,25.75,17500,25.76,D
sz000400,许继电气,2025-09-26 10:00:45,25.76,11600,25.75,U
sz000400,许继电气,2025-09-26 10:00:48,25.75,29800,25.76,D
sz000400,许继电气,2025-09-26 10:00:51,25.75,9900,25.75,U
sz000400,许继电气,2025-09-26 10:00:54,25.73,35600,25.75,D
sz000400,许继电气,2025-09-26 10:00:57,25.73,43300,25.73,D
sz000400,许继电气,2025-09-26 10:01:00,25.74,24700,25.73,U
sz000400,许继电气,2025-09-26 10:01:03,25.74,23900,25.74,U
sz000400,许继电气,2025-09-26 10:01:09,25.73,35100,25.73,D
sz000400,许继电气,2025-09-26 10:01:12,25.73,32200,25.73,D
sz000400,许继电气,2025-09-26 10:01:15,25.74,37000,25.73,E
sz000400,许继电气,2025-09-26 10:01:21,25.72,9200,25.73,D
sz000400,许继电气,2025-09-26 10:01:24,25.72,13388,25.72,D
sz000400,许继电气,2025-09-26 10:01:30,25.72,11800,25.71,U
sz000400,许继电气,2025-09-26 10:01:33,25.72,14500,25.72,U
sz000400,许继电气,2025-09-26 10:01:39,25.71,21400,25.72,D
sz000400,许继电气,2025-09-26 10:01:45,25.71,14400,25.71,U
sz000400,许继电气,2025-09-26 10:01:48,25.71,23800,25.71,D
sz000400,许继电气,2025-09-26 10:01:51,25.72,9900,25.71,U
sz000400,许继电气,2025-09-26 10:01:54,25.71,13500,25.72,E
sz000400,许继电气,2025-09-26 10:01:57,25.7,18800,25.71,D
sz000400,许继电气,2025-09-26 10:02:09,25.69,14200,25.7,D
sz000400,许继电气,2025-09-26 10:02:15,25.7,15800,25.69,U
sz000400,许继电气,2025-09-26 10:02:18,25.7,7900,25.7,U
sz000400,许继电气,2025-09-26 10:02:21,25.7,8300,25.7,U
sz000400,许继电气,2025-09-26 10:02:24,25.7,41000,25.7,U
sz000400,许继电气,2025-09-26 10:02:27,25.72,13600,25.7,U
sz000400,许继电气,2025-09-26 10:02:33,25.71,10200,25.7,E
sz000400,许继电气,2025-09-26 10:02:36,25.7,8900,25.71,D
sz000400,许继电气,2025-09-26 10:02:42,25.72,22200,25.7,U
sz000400,许继电气,2025-09-26 10:02:45,25.72,23200,25.72,U
sz000400,许继电气,2025-09-26 10:02:48,25.72,8400,25.72,U
sz000400,许继电气,2025-09-26 10:02:51,25.73,7900,25.72,U
sz000400,许继电气,2025-09-26 10:03:09,25.74,8300,25.74,U
sz000400,许继电气,2025-09-26 10:03:12,25.73,14900,25.74,D
sz000400,许继电气,2025-09-26 10:03:15,25.75,23800,25.73,U
sz000400,许继电气,2025-09-26 10:03:21,25.73,20300,25.73,D
sz000400,许继电气,2025-09-26 10:03:24,25.7,96988,25.73,D
sz000400,许继电气,2025-09-26 10:03:30,25.67,59600,25.7,D
sz000400,许继电气,2025-09-26 10:03:33,25.66,54100,25.67,D
sz000400,许继电气,2025-09-26 10:03:36,25.66,23100,25.66,D
sz000400,许继电气,2025-09-26 10:03:39,25.64,53300,25.66,D
sz000400,许继电气,2025-09-26 10:03:48,25.66,21400,25.66,U
sz000400,许继电气,2025-09-26 10:03:51,25.66,36200,25.66,U
sz000400,许继电气,2025-09-26 10:03:54,25.65,9900,25.66,D
sz000400,许继电气,2025-09-26 10:03:57,25.66,15100,25.65,U
sz000400,许继电气,2025-09-26 10:04:00,25.65,10200,25.66,E
sz000400,许继电气,2025-09-26 10:04:09,25.67,13100,25.66,U
sz000400,许继电气,2025-09-26 10:04:12,25.66,10700,25.67,D
sz000400,许继电气,2025-09-26 10:04:18,25.66,10300,25.66,U
sz000400,许继电气,2025-09-26 10:04:24,25.65,10400,25.66,D
sz000400,许继电气,2025-09-26 10:04:27,25.65,13800,25.65,D
sz000400,许继电气,2025-09-26 10:04:30,25.66,16500,25.65,U
sz000400,许继电气,2025-09-26 10:04:33,25.66,10800,25.66,D
sz000400,许继电气,2025-09-26 10:04:48,25.68,8600,25.67,U
sz000400,许继电气,2025-09-26 10:04:57,25.68,9700,25.67,U
sz000400,许继电气,2025-09-26 10:05:03,25.67,13500,25.68,D
sz000400,许继电气,2025-09-26 10:05:06,25.67,10800,25.67,U
sz000400,许继电气,2025-09-26 10:05:21,25.69,11700,25.68,U
sz000400,许继电气,2025-09-26 10:05:27,25.68,11500,25.68,D
sz000400,许继电气,2025-09-26 10:05:36,25.67,9100,25.67,D
sz000400,许继电气,2025-09-26 10:05:39,25.67,9400,25.67,D
sz000400,许继电气,2025-09-26 10:05:45,25.68,16000,25.67,U
sz000400,许继电气,2025-09-26 10:05:48,25.67,11700,25.68,D
sz000400,许继电气,2025-09-26 10:05:57,25.66,23300,25.67,D
sz000400,许继电气,2025-09-26 10:06:00,25.66,11000,25.66,D
sz000400,许继电气,2025-09-26 10:06:03,25.64,103000,25.66,D
sz000400,许继电气,2025-09-26 10:06:06,25.62,18600,25.64,D
sz000400,许继电气,2025-09-26 10:06:09,25.62,12000,25.62,D
sz000400,许继电气,2025-09-26 10:06:12,25.62,16700,25.62,D
sz000400,许继电气,2025-09-26 10:06:18,25.61,10900,25.62,D
sz000400,许继电气,2025-09-26 10:06:21,25.61,15700,25.61,D
sz000400,许继电气,2025-09-26 10:06:24,25.61,16800,25.61,D
sz000400,许继电气,2025-09-26 10:06:27,25.6,35600,25.61,D
sz000400,许继电气,2025-09-26 10:06:30,25.6,38500,25.6,D
sz000400,许继电气,2025-09-26 10:06:33,25.61,10550,25.6,U
sz000400,许继电气,2025-09-26 10:06:36,25.6,62936,25.61,D
sz000400,许继电气,2025-09-26 10:06:39,25.6,35114,25.6,D
sz000400,许继电气,2025-09-26 10:06:42,25.6,11600,25.6,U
sz000400,许继电气,2025-09-26 10:06:45,25.59,11300,25.6,D
sz000400,许继电气,2025-09-26 10:06:48,25.58,44300,25.59,D
sz000400,许继电气,2025-09-26 10:06:51,25.57,10900,25.58,D
sz000400,许继电气,2025-09-26 10:06:54,25.58,68800,25.57,U
sz000400,许继电气,2025-09-26 10:06:57,25.6,128500,25.58,U
sz000400,许继电气,2025-09-26 10:07:00,25.57,21500,25.6,E
sz000400,许继电气,2025-09-26 10:07:03,25.57,57400,25.57,U
sz000400,许继电气,2025-09-26 10:07:06,25.56,24900,25.57,D
sz000400,许继电气,2025-09-26 10:07:09,25.56,21000,25.56,D
sz000400,许继电气,2025-09-26 10:07:12,25.59,12000,25.56,U
sz000400,许继电气,2025-09-26 10:07:15,25.57,9000,25.59,D
sz000400,许继电气,2025-09-26 10:07:18,25.57,8700,25.57,U
sz000400,许继电气,2025-09-26 10:07:21,25.56,27100,25.57,D
sz000400,许继电气,2025-09-26 10:07:24,25.56,10700,25.56,D
sz000400,许继电气,2025-09-26 10:07:30,25.55,41500,25.56,D
sz000400,许继电气,2025-09-26 10:07:33,25.57,12300,25.55,U
sz000400,许继电气,2025-09-26 10:07:45,25.58,56000,25.56,U
sz000400,许继电气,2025-09-26 10:07:48,25.58,15800,25.58,U
sz000400,许继电气,2025-09-26 10:07:51,25.58,8300,25.58,D
sz000400,许继电气,2025-09-26 10:07:57,25.58,12100,25.6,D
sz000400,许继电气,2025-09-26 10:08:00,25.57,15500,25.58,D
sz000400,许继电气,2025-09-26 10:08:09,25.57,15500,25.58,D
sz000400,许继电气,2025-09-26 10:08:12,25.57,12900,25.57,U
sz000400,许继电气,2025-09-26 10:08:15,25.58,8000,25.57,U
sz000400,许继电气,2025-09-26 10:08:24,25.57,14600,25.56,U
sz000400,许继电气,2025-09-26 10:08:27,25.57,12100,25.57,D
sz000400,许继电气,2025-09-26 10:08:33,25.58,14900,25.57,U
sz000400,许继电气,2025-09-26 10:08:36,25.57,20300,25.58,D
sz000400,许继电气,2025-09-26 10:08:42,25.57,16800,25.57,U
sz000400,许继电气,2025-09-26 10:08:45,25.58,31300,25.57,U
sz000400,许继电气,2025-09-26 10:08:48,25.56,30500,25.58,D
sz000400,许继电气,2025-09-26 10:08:51,25.57,10500,25.56,E
sz000400,许继电气,2025-09-26 10:08:57,25.56,25200,25.57,D
sz000400,许继电气,2025-09-26 10:09:00,25.57,9400,25.56,U
sz000400,许继电气,2025-09-26 10:09:06,25.56,29000,25.56,U
sz000400,许继电气,2025-09-26 10:09:12,25.57,17900,25.56,U
sz000400,许继电气,2025-09-26 10:09:15,25.57,25600,25.57,U
sz000400,许继电气,2025-09-26 10:09:18,25.56,11300,25.57,D
sz000400,许继电气,2025-09-26 10:09:21,25.56,22500,25.56,U
sz000400,许继电气,2025-09-26 10:09:24,25.56,11200,25.56,U
sz000400,许继电气,2025-09-26 10:09:27,25.55,60700,25.56,D
sz000400,许继电气,2025-09-26 10:09:30,25.56,10100,25.55,U
sz000400,许继电气,2025-09-26 10:09:33,25.57,23200,25.56,U
sz000400,许继电气,2025-09-26 10:09:36,25.56,17000,25.57,D
sz000400,许继电气,2025-09-26 10:09:39,25.57,13300,25.56,U
sz000400,许继电气,2025-09-26 10:09:42,25.57,9000,25.57,U
sz000400,许继电气,2025-09-26 10:09:45,25.57,15800,25.57,U
sz000400,许继电气,2025-09-26 10:09:54,25.57,9500,25.58,D
sz000400,许继电气,2025-09-26 10:10:03,25.59,9000,25.59,U
sz000400,许继电气,2025-09-26 10:10:09,25.58,8500,25.59,D
sz000400,许继电气,2025-09-26 10:10:15,25.6,8900,25.59,U
sz000400,许继电气,2025-09-26 10:10:21,25.6,16100,25.6,U
sz000400,许继电气,2025-09-26 10:10:27,25.6,12000,25.6,U
sz000400,许继电气,2025-09-26 10:10:30,25.6,12500,25.6,U
sz000400,许继电气,2025-09-26 10:10:33,25.6,9000,25.6,D
sz000400,许继电气,2025-09-26 10:10:36,25.61,21000,25.6,U
sz000400,许继电气,2025-09-26 10:10:39,25.61,10900,25.61,U
sz000400,许继电气,2025-09-26 10:10:54,25.62,34900,25.62,U
sz000400,许继电气,2025-09-26 10:10:57,25.62,8900,25.62,U
sz000400,许继电气,2025-09-26 10:11:03,25.63,22600,25.63,U
sz000400,许继电气,2025-09-26 10:11:21,25.64,8200,25.64,D
sz000400,许继电气,2025-09-26 10:11:24,25.65,19200,25.64,U
sz000400,许继电气,2025-09-26 10:11:27,25.67,7900,25.65,U
sz000400,许继电气,2025-09-26 10:11:39,25.68,11300,25.68,D
sz000400,许继电气,2025-09-26 10:11:45,25.68,51000,25.7,D
sz000400,许继电气,2025-09-26 10:11:48,25.69,33500,25.68,U
sz000400,许继电气,2025-09-26 10:11:51,25.68,28700,25.69,D
sz000400,许继电气,2025-09-26 10:11:57,25.68,22200,25.68,U
sz000400,许继电气,2025-09-26 10:12:03,25.67,18400,25.66,U
sz000400,许继电气,2025-09-26 10:12:09,25.65,24100,25.66,D
sz000400,许继电气,2025-09-26 10:12:15,25.65,20600,25.63,U
sz000400,许继电气,2025-09-26 10:12:18,25.65,8700,25.65,U
sz000400,许继电气,2025-09-26 10:12:36,25.63,22100,25.63,U
sz000400,许继电气,2025-09-26 10:12:39,25.63,11400,25.63,U
sz000400,许继电气,2025-09-26 10:12:54,25.61,8100,25.62,D
sz000400,许继电气,2025-09-26 10:12:57,25.61,35100,25.61,U
sz000400,许继电气,2025-09-26 10:13:03,25.61,12000,25.6,U
sz000400,许继电气,2025-09-26 10:13:06,25.62,9300,25.61,U
sz000400,许继电气,2025-09-26 10:13:12,25.6,20000,25.6,D
sz000400,许继电气,2025-09-26 10:13:15,25.6,27700,25.6,D
sz000400,许继电气,2025-09-26 10:13:18,25.6,13900,25.6,D
sz000400,许继电气,2025-09-26 10:13:30,25.58,21800,25.59,D
sz000400,许继电气,2025-09-26 10:13:39,25.58,15900,25.59,D
sz000400,许继电气,2025-09-26 10:13:42,25.58,11300,25.58,D
sz000400,许继电气,2025-09-26 10:13:45,25.58,11600,25.58,D
sz000400,许继电气,2025-09-26 10:13:57,25.58,39700,25.57,U
sz000400,许继电气,2025-09-26 10:14:03,25.55,51400,25.58,D
sz000400,许继电气,2025-09-26 10:14:06,25.57,21500,25.55,E
sz000400,许继电气,2025-09-26 10:14:09,25.57,11500,25.57,D
sz000400,许继电气,2025-09-26 10:14:24,25.57,18200,25.57,U
sz000400,许继电气,2025-09-26 10:14:27,25.56,42800,25.57,D
sz000400,许继电气,2025-09-26 10:14:30,25.56,9700,25.56,D
sz000400,许继电气,2025-09-26 10:14:33,25.56,8900,25.56,U
sz000400,许继电气,2025-09-26 10:14:39,25.56,20300,25.56,U
sz000400,许继电气,2025-09-26 10:14:42,25.56,8000,25.56,U
sz000400,许继电气,2025-09-26 10:14:45,25.55,8900,25.56,D
sz000400,许继电气,2025-09-26 10:14:48,25.55,26700,25.55,D
sz000400,许继电气,2025-09-26 10:14:54,25.55,9500,25.55,U
sz000400,许继电气,2025-09-26 10:14:57,25.55,31900,25.55,U
sz000400,许继电气,2025-09-26 10:15:00,25.55,12300,25.55,U
sz000400,许继电气,2025-09-26 10:15:12,25.55,39300,25.55,U
sz000400,许继电气,2025-09-26 10:15:15,25.55,23600,25.55,U
sz000400,许继电气,2025-09-26 10:15:24,25.55,8900,25.55,U
sz000400,许继电气,2025-09-26 10:15:27,25.55,11800,25.55,U
sz000400,许继电气,2025-09-26 10:15:54,25.56,7900,25.56,D
sz000400,许继电气,2025-09-26 10:15:57,25.56,14500,25.56,U
sz000400,许继电气,2025-09-26 10:16:15,25.56,24500,25.55,U
sz000400,许继电气,2025-09-26 10:16:21,25.55,18000,25.56,D
sz000400,许继电气,2025-09-26 10:16:36,25.56,10200,25.55,U
sz000400,许继电气,2025-09-26 10:16:45,25.55,17300,25.56,D
sz000400,许继电气,2025-09-26 10:16:48,25.55,9600,25.55,U
sz000400,许继电气,2025-09-26 10:16:57,25.55,22100,25.55,U
sz000400,许继电气,2025-09-26 10:17:06,25.55,9800,25.55,D
sz000400,许继电气,2025-09-26 10:17:09,25.55,8700,25.55,D
sz000400,许继电气,2025-09-26 10:17:15,25.54,64200,25.55,D
sz000400,许继电气,2025-09-26 10:17:21,25.55,47200,25.56,U
sz000400,许继电气,2025-09-26 10:17:45,25.53,10400,25.52,U
sz000400,许继电气,2025-09-26 10:17:57,25.54,11700,25.53,U
sz000400,许继电气,2025-09-26 10:18:03,25.54,14500,25.53,U
sz000400,许继电气,2025-09-26 10:18:09,25.52,24300,25.52,D
sz000400,许继电气,2025-09-26 10:18:12,25.52,9700,25.52,D
sz000400,许继电气,2025-09-26 10:18:18,25.54,9000,25.53,U
sz000400,许继电气,2025-09-26 10:18:45,25.52,17900,25.53,D
sz000400,许继电气,2025-09-26 10:18:48,25.52,8700,25.52,D
sz000400,许继电气,2025-09-26 10:18:57,25.54,19600,25.53,U
sz000400,许继电气,2025-09-26 10:19:24,25.53,10400,25.53,D
sz000400,许继电气,2025-09-26 10:19:27,25.53,8100,25.53,U
sz000400,许继电气,2025-09-26 10:19:36,25.53,15400,25.53,U
sz000400,许继电气,2025-09-26 10:19:42,25.53,11800,25.53,D
sz000400,许继电气,2025-09-26 10:19:51,25.53,25600,25.54,D
sz000400,许继电气,2025-09-26 10:19:57,25.53,28600,25.54,D
sz000400,许继电气,2025-09-26 10:20:06,25.53,9000,25.53,D
sz000400,许继电气,2025-09-26 10:20:39,25.54,23800,25.53,U
sz000400,许继电气,2025-09-26 10:20:48,25.53,50100,25.54,D
sz000400,许继电气,2025-09-26 10:20:51,25.54,24400,25.53,U
sz000400,许继电气,2025-09-26 10:20:57,25.55,23600,25.54,U
sz000400,许继电气,2025-09-26 10:21:09,25.56,20200,25.55,U
sz000400,许继电气,2025-09-26 10:21:12,25.57,8200,25.56,U
sz000400,许继电气,2025-09-26 10:21:27,25.58,13300,25.57,D
sz000400,许继电气,2025-09-26 10:21:42,25.6,9700,25.6,U
sz000400,许继电气,2025-09-26 10:21:51,25.59,31900,25.6,D
sz000400,许继电气,2025-09-26 10:21:54,25.58,10400,25.59,D
sz000400,许继电气,2025-09-26 10:22:00,25.57,56400,25.58,D
sz000400,许继电气,2025-09-26 10:22:03,25.59,11400,25.57,U
sz000400,许继电气,2025-09-26 10:22:09,25.58,35900,25.59,D
sz000400,许继电气,2025-09-26 10:22:15,25.6,91950,25.58,U
sz000400,许继电气,2025-09-26 10:22:27,25.58,21800,25.56,U
sz000400,许继电气,2025-09-26 10:22:39,25.57,12500,25.56,U
sz000400,许继电气,2025-09-26 10:22:42,25.57,19700,25.57,U
sz000400,许继电气,2025-09-26 10:22:48,25.59,9200,25.59,U
sz000400,许继电气,2025-09-26 10:23:24,25.58,13200,25.59,D
sz000400,许继电气,2025-09-26 10:23:33,25.59,10400,25.58,U
sz000400,许继电气,2025-09-26 10:23:42,25.6,19900,25.59,U
sz000400,许继电气,2025-09-26 10:23:51,25.59,16900,25.59,U
sz000400,许继电气,2025-09-26 10:24:00,25.58,13000,25.58,D
sz000400,许继电气,2025-09-26 10:24:03,25.58,16300,25.58,D
sz000400,许继电气,2025-09-26 10:24:06,25.58,7900,25.58,U
sz000400,许继电气,2025-09-26 10:24:12,25.57,18500,25.58,E
sz000400,许继电气,2025-09-26 10:24:27,25.57,11600,25.58,D
sz000400,许继电气,2025-09-26 10:24:36,25.56,18500,25.57,D
sz000400,许继电气,2025-09-26 10:24:39,25.56,14600,25.56,U
sz000400,许继电气,2025-09-26 10:24:54,25.55,14300,25.55,D
sz000400,许继电气,2025-09-26 10:25:03,25.57,12500,25.55,U
sz000400,许继电气,2025-09-26 10:25:06,25.59,10900,25.57,U
sz000400,许继电气,2025-09-26 10:25:09,25.59,17400,25.59,U
sz000400,许继电气,2025-09-26 10:25:24,25.58,10700,25.59,D
sz000400,许继电气,2025-09-26 10:25:36,25.58,9700,25.58,U
sz000400,许继电气,2025-09-26 10:25:39,25.59,8900,25.58,U
sz000400,许继电气,2025-09-26 10:25:51,25.6,15500,25.58,U
sz000400,许继电气,2025-09-26 10:26:18,25.6,23600,25.59,U
sz000400,许继电气,2025-09-26 10:26:21,25.6,24050,25.6,U
sz000400,许继电气,2025-09-26 10:26:24,25.61,12300,25.6,U
sz000400,许继电气,2025-09-26 10:26:39,25.64,19000,25.62,U
sz000400,许继电气,2025-09-26 10:27:00,25.65,8600,25.65,U
sz000400,许继电气,2025-09-26 10:27:03,25.66,19800,25.65,U
sz000400,许继电气,2025-09-26 10:27:30,25.7,9700,25.7,U
sz000400,许继电气,2025-09-26 10:27:33,25.71,25400,25.7,U
sz000400,许继电气,2025-09-26 10:27:39,25.72,14700,25.72,U
sz000400,许继电气,2025-09-26 10:27:42,25.74,28600,25.72,U
sz000400,许继电气,2025-09-26 10:27:45,25.73,34000,25.74,D
sz000400,许继电气,2025-09-26 10:27:48,25.73,23100,25.73,D
sz000400,许继电气,2025-09-26 10:27:51,25.75,11900,25.73,U
sz000400,许继电气,2025-09-26 10:27:54,25.74,42800,25.75,E
sz000400,许继电气,2025-09-26 10:27:57,25.74,34800,25.74,U
sz000400,许继电气,2025-09-26 10:28:00,25.76,41300,25.74,U
sz000400,许继电气,2025-09-26 10:28:03,25.76,27900,25.76,U
sz000400,许继电气,2025-09-26 10:28:09,25.76,14900,25.76,D
sz000400,许继电气,2025-09-26 10:28:15,25.78,8300,25.78,U
sz000400,许继电气,2025-09-26 10:28:18,25.78,12700,25.78,U
sz000400,许继电气,2025-09-26 10:28:21,25.78,39000,25.78,U
sz000400,许继电气,2025-09-26 10:28:24,25.76,71800,25.78,D
sz000400,许继电气,2025-09-26 10:28:27,25.75,36400,25.76,E
sz000400,许继电气,2025-09-26 10:28:33,25.74,22700,25.75,E
sz000400,许继电气,2025-09-26 10:28:36,25.7,17400,25.74,D
sz000400,许继电气,2025-09-26 10:29:03,25.71,11700,25.72,E
sz000400,许继电气,2025-09-26 10:29:06,25.72,19100,25.71,U
sz000400,许继电气,2025-09-26 10:29:12,25.71,11900,25.72,D
sz000400,许继电气,2025-09-26 10:29:15,25.72,8100,25.71,E
sz000400,许继电气,2025-09-26 10:29:27,25.71,16800,25.71,D
sz000400,许继电气,2025-09-26 10:29:36,25.72,27800,25.71,U
sz000400,许继电气,2025-09-26 10:29:48,25.71,13700,25.7,U
sz000400,许继电气,2025-09-26 10:29:51,25.7,10400,25.71,D
sz000400,许继电气,2025-09-26 10:29:54,25.72,44200,25.7,U
sz000400,许继电气,2025-09-26 10:30:00,25.73,10900,25.72,U
sz000400,许继电气,2025-09-26 10:30:03,25.72,29900,25.73,D
sz000400,许继电气,2025-09-26 10:30:06,25.74,19200,25.72,U
sz000400,许继电气,2025-09-26 10:30:09,25.75,25900,25.74,U
sz000400,许继电气,2025-09-26 10:30:30,25.72,21500,25.72,D
sz000400,许继电气,2025-09-26 10:30:39,25.72,56800,25.71,U
sz000400,许继电气,2025-09-26 10:30:45,25.72,12300,25.72,D
sz000400,许继电气,2025-09-26 10:30:48,25.72,8400,25.72,D
sz000400,许继电气,2025-09-26 10:31:06,25.73,10900,25.73,D
sz000400,许继电气,2025-09-26 10:31:09,25.74,43500,25.73,U
sz000400,许继电气,2025-09-26 10:31:12,25.74,10700,25.74,D
sz000400,许继电气,2025-09-26 10:31:21,25.75,8900,25.75,U
sz000400,许继电气,2025-09-26 10:31:24,25.75,9000,25.75,U
sz000400,许继电气,2025-09-26 10:31:33,25.74,11500,25.74,D
sz000400,许继电气,2025-09-26 10:31:36,25.75,15200,25.74,U
sz000400,许继电气,2025-09-26 10:31:39,25.73,17700,25.75,D
sz000400,许继电气,2025-09-26 10:32:03,25.72,10300,25.73,D
sz000400,许继电气,2025-09-26 10:32:27,25.72,17000,25.72,U
sz000400,许继电气,2025-09-26 10:32:36,25.72,11800,25.72,D
sz000400,许继电气,2025-09-26 10:32:39,25.72,9400,25.72,D
sz000400,许继电气,2025-09-26 10:32:54,25.71,9200,25.72,D
sz000400,许继电气,2025-09-26 10:33:12,25.72,25600,25.71,U
sz000400,许继电气,2025-09-26 10:33:30,25.72,8600,25.73,D
sz000400,许继电气,2025-09-26 10:33:45,25.72,10500,25.71,U
sz000400,许继电气,2025-09-26 10:33:48,25.7,72700,25.72,D
sz000400,许继电气,2025-09-26 10:33:54,25.7,13900,25.69,U
sz000400,许继电气,2025-09-26 10:34:12,25.67,16400,25.68,D
sz000400,许继电气,2025-09-26 10:34:24,25.66,11400,25.66,D
sz000400,许继电气,2025-09-26 10:34:27,25.66,13600,25.66,D
sz000400,许继电气,2025-09-26 10:34:30,25.67,10500,25.66,E
sz000400,许继电气,2025-09-26 10:34:33,25.66,9500,25.67,U
sz000400,许继电气,2025-09-26 10:34:39,25.66,7900,25.66,D
sz000400,许继电气,2025-09-26 10:34:48,25.65,10800,25.66,D
sz000400,许继电气,2025-09-26 10:34:51,25.65,7900,25.65,U
sz000400,许继电气,2025-09-26 10:34:54,25.63,14000,25.65,D
sz000400,许继电气,2025-09-26 10:35:12,25.62,8500,25.63,D
sz000400,许继电气,2025-09-26 10:35:33,25.62,14400,25.61,U
sz000400,许继电气,2025-09-26 10:35:36,25.61,11600,25.62,D
sz000400,许继电气,2025-09-26 10:36:03,25.61,20200,25.61,D
sz000400,许继电气,2025-09-26 10:36:15,25.6,19500,25.6,D
sz000400,许继电气,2025-09-26 10:36:51,25.59,11100,25.58,U
sz000400,许继电气,2025-09-26 10:36:54,25.58,10000,25.59,D
sz000400,许继电气,2025-09-26 10:37:15,25.57,8000,25.58,D
sz000400,许继电气,2025-09-26 10:37:27,25.57,8500,25.57,D
sz000400,许继电气,2025-09-26 10:37:51,25.57,12800,25.57,D
sz000400,许继电气,2025-09-26 10:38:06,25.56,8600,25.57,D
sz000400,许继电气,2025-09-26 10:38:30,25.57,15900,25.56,U
sz000400,许继电气,2025-09-26 10:38:33,25.56,8000,25.57,D
sz000400,许继电气,2025-09-26 10:38:39,25.56,8660,25.56,D
sz000400,许继电气,2025-09-26 10:38:57,25.56,12000,25.56,U
sz000400,许继电气,2025-09-26 10:39:00,25.55,27000,25.56,D
sz000400,许继电气,2025-09-26 10:39:09,25.55,8100,25.55,D
sz000400,许继电气,2025-09-26 10:39:24,25.55,25400,25.54,U
sz000400,许继电气,2025-09-26 10:39:33,25.54,30800,25.55,D
sz000400,许继电气,2025-09-26 10:39:42,25.54,15600,25.54,D
sz000400,许继电气,2025-09-26 10:40:03,25.54,13400,25.55,D
sz000400,许继电气,2025-09-26 10:40:09,25.54,18200,25.55,D
sz000400,许继电气,2025-09-26 10:40:18,25.54,10400,25.54,U
sz000400,许继电气,2025-09-26 10:40:24,25.53,11500,25.53,D
sz000400,许继电气,2025-09-26 10:40:27,25.53,36700,25.53,D
sz000400,许继电气,2025-09-26 10:40:33,25.54,10100,25.53,U
sz000400,许继电气,2025-09-26 10:40:39,25.53,10400,25.53,D
sz000400,许继电气,2025-09-26 10:41:00,25.53,14600,25.52,U
sz000400,许继电气,2025-09-26 10:41:06,25.52,52000,25.53,D
sz000400,许继电气,2025-09-26 10:41:24,25.52,15100,25.52,D
sz000400,许继电气,2025-09-26 10:41:36,25.52,11000,25.53,D
sz000400,许继电气,2025-09-26 10:42:03,25.53,15600,25.53,U
sz000400,许继电气,2025-09-26 10:42:45,25.51,99900,25.53,D
sz000400,许继电气,2025-09-26 10:42:48,25.51,79400,25.51,D
sz000400,许继电气,2025-09-26 10:42:51,25.51,19600,25.51,D
sz000400,许继电气,2025-09-26 10:42:57,25.51,9800,25.51,D
sz000400,许继电气,2025-09-26 10:43:00,25.51,11700,25.51,D
sz000400,许继电气,2025-09-26 10:43:03,25.5,23400,25.51,D
sz000400,许继电气,2025-09-26 10:43:06,25.5,11800,25.5,D
sz000400,许继电气,2025-09-26 10:43:09,25.5,36400,25.5,D
sz000400,许继电气,2025-09-26 10:43:12,25.48,147000,25.5,D
sz000400,许继电气,2025-09-26 10:43:15,25.48,15100,25.48,D
sz000400,许继电气,2025-09-26 10:43:18,25.48,9500,25.48,D
sz000400,许继电气,2025-09-26 10:43:27,25.48,49382,25.47,U
sz000400,许继电气,2025-09-26 10:43:30,25.47,22400,25.48,D
sz000400,许继电气,2025-09-26 10:43:33,25.47,22100,25.47,D
sz000400,许继电气,2025-09-26 10:43:36,25.44,14118,25.47,D
sz000400,许继电气,2025-09-26 10:43:48,25.44,14400,25.44,D
sz000400,许继电气,2025-09-26 10:43:57,25.44,30600,25.44,U
sz000400,许继电气,2025-09-26 10:44:00,25.43,86600,25.44,D
sz000400,许继电气,2025-09-26 10:44:09,25.43,13600,25.43,U
sz000400,许继电气,2025-09-26 10:44:12,25.41,16700,25.43,D
sz000400,许继电气,2025-09-26 10:44:15,25.42,9500,25.41,U
sz000400,许继电气,2025-09-26 10:44:18,25.41,9800,25.42,D
sz000400,许继电气,2025-09-26 10:44:21,25.4,18400,25.41,D
sz000400,许继电气,2025-09-26 10:44:24,25.4,51600,25.4,D
sz000400,许继电气,2025-09-26 10:44:27,25.41,32800,25.4,U
sz000400,许继电气,2025-09-26 10:44:30,25.39,20400,25.41,D
sz000400,许继电气,2025-09-26 10:44:33,25.39,19900,25.39,D
sz000400,许继电气,2025-09-26 10:44:36,25.39,18600,25.39,D
sz000400,许继电气,2025-09-26 10:44:42,25.38,11000,25.38,D
sz000400,许继电气,2025-09-26 10:44:45,25.38,11300,25.38,D
sz000400,许继电气,2025-09-26 10:44:48,25.37,33900,25.38,D
sz000400,许继电气,2025-09-26 10:44:54,25.36,19900,25.36,D
sz000400,许继电气,2025-09-26 10:44:57,25.35,29500,25.36,D
sz000400,许继电气,2025-09-26 10:45:00,25.35,11600,25.35,D
sz000400,许继电气,2025-09-26 10:45:03,25.34,20900,25.35,D
sz000400,许继电气,2025-09-26 10:45:06,25.34,12900,25.34,U
sz000400,许继电气,2025-09-26 10:45:12,25.33,18100,25.33,D
sz000400,许继电气,2025-09-26 10:45:15,25.35,20800,25.33,U
sz000400,许继电气,2025-09-26 10:45:18,25.35,22900,25.35,U
sz000400,许继电气,2025-09-26 10:45:21,25.35,16000,25.35,U
sz000400,许继电气,2025-09-26 10:45:24,25.36,60700,25.35,U
sz000400,许继电气,2025-09-26 10:45:42,25.38,12200,25.38,U
sz000400,许继电气,2025-09-26 10:45:45,25.38,10800,25.38,E
sz000400,许继电气,2025-09-26 10:45:54,25.4,22800,25.39,U
sz000400,许继电气,2025-09-26 10:46:03,25.41,8800,25.4,U
sz000400,许继电气,2025-09-26 10:46:09,25.42,12100,25.41,U
sz000400,许继电气,2025-09-26 10:46:12,25.42,10600,25.42,U
sz000400,许继电气,2025-09-26 10:46:24,25.42,38300,25.43,D
sz000400,许继电气,2025-09-26 10:46:27,25.43,21500,25.42,U
sz000400,许继电气,2025-09-26 10:46:48,25.45,10500,25.44,U
sz000400,许继电气,2025-09-26 10:47:06,25.43,41800,25.45,D
sz000400,许继电气,2025-09-26 10:47:09,25.44,12400,25.43,E
sz000400,许继电气,2025-09-26 10:47:15,25.45,12700,25.44,U
sz000400,许继电气,2025-09-26 10:47:24,25.45,12400,25.45,U
sz000400,许继电气,2025-09-26 10:47:27,25.45,13500,25.45,U
sz000400,许继电气,2025-09-26 10:48:00,25.44,8200,25.45,D
sz000400,许继电气,2025-09-26 10:48:03,25.44,17600,25.44,U
sz000400,许继电气,2025-09-26 10:48:12,25.43,15000,25.43,D
sz000400,许继电气,2025-09-26 10:48:27,25.43,15500,25.43,U
sz000400,许继电气,2025-09-26 10:48:42,25.43,11900,25.43,D
sz000400,许继电气,2025-09-26 10:48:54,25.41,29800,25.43,D
sz000400,许继电气,2025-09-26 10:49:03,25.4,16200,25.4,D
sz000400,许继电气,2025-09-26 10:49:18,25.39,10200,25.4,D
sz000400,许继电气,2025-09-26 10:49:27,25.39,11000,25.38,U
sz000400,许继电气,2025-09-26 10:49:30,25.38,19400,25.39,D
sz000400,许继电气,2025-09-26 10:49:33,25.38,9600,25.38,U
sz000400,许继电气,2025-09-26 10:49:39,25.37,10100,25.37,D
sz000400,许继电气,2025-09-26 10:49:42,25.37,7900,25.37,D
sz000400,许继电气,2025-09-26 10:49:48,25.38,10500,25.37,U
sz000400,许继电气,2025-09-26 10:49:51,25.35,113700,25.38,D
sz000400,许继电气,2025-09-26 10:49:54,25.35,12300,25.35,U
sz000400,许继电气,2025-09-26 10:49:57,25.34,8100,25.35,D
sz000400,许继电气,2025-09-26 10:50:06,25.32,61300,25.33,D
sz000400,许继电气,2025-09-26 10:50:12,25.31,28900,25.32,D
sz000400,许继电气,2025-09-26 10:50:15,25.31,25400,25.31,D
sz000400,许继电气,2025-09-26 10:50:18,25.32,13000,25.31,D
sz000400,许继电气,2025-09-26 10:50:21,25.32,268300,25.32,D
sz000400,许继电气,2025-09-26 10:50:27,25.33,32400,25.32,U
sz000400,许继电气,2025-09-26 10:50:39,25.32,9600,25.32,D
sz000400,许继电气,2025-09-26 10:50:51,25.33,44500,25.33,D
sz000400,许继电气,2025-09-26 10:50:57,25.33,50200,25.32,U
sz000400,许继电气,2025-09-26 10:51:00,25.33,8500,25.33,U
sz000400,许继电气,2025-09-26 10:51:03,25.33,16500,25.33,U
sz000400,许继电气,2025-09-26 10:51:18,25.33,10900,25.31,U
sz000400,许继电气,2025-09-26 10:51:24,25.33,19000,25.32,U
sz000400,许继电气,2025-09-26 10:51:39,25.33,10700,25.33,D
sz000400,许继电气,2025-09-26 10:51:48,25.33,19600,25.35,D
sz000400,许继电气,2025-09-26 10:51:57,25.35,12200,25.34,U
sz000400,许继电气,2025-09-26 10:52:30,25.36,13200,25.36,D
sz000400,许继电气,2025-09-26 10:53:06,25.4,14500,25.39,U
sz000400,许继电气,2025-09-26 10:53:12,25.41,35800,25.4,U
sz000400,许继电气,2025-09-26 10:53:39,25.44,10300,25.45,E
sz000400,许继电气,2025-09-26 10:54:27,25.4,20000,25.42,D
sz000400,许继电气,2025-09-26 10:54:36,25.4,18100,25.4,D
sz000400,许继电气,2025-09-26 10:54:45,25.4,12400,25.4,U
sz000400,许继电气,2025-09-26 10:55:51,25.41,9400,25.41,D
sz000400,许继电气,2025-09-26 10:55:54,25.41,19000,25.41,D
sz000400,许继电气,2025-09-26 10:55:57,25.41,10500,25.41,D
sz000400,许继电气,2025-09-26 10:56:24,25.41,27400,25.41,D
sz000400,许继电气,2025-09-26 10:58:12,25.41,11700,25.42,D
sz000400,许继电气,2025-09-26 10:58:24,25.41,11600,25.4,U
sz000400,许继电气,2025-09-26 10:58:57,25.4,12800,25.4,D
sz000400,许继电气,2025-09-26 10:59:27,25.4,17100,25.4,D
sz000400,许继电气,2025-09-26 10:59:30,25.41,7900,25.4,U
sz000400,许继电气,2025-09-26 10:59:45,25.41,21800,25.41,U
sz000400,许继电气,2025-09-26 11:00:03,25.42,14400,25.42,U
sz000400,许继电气,2025-09-26 11:01:12,25.44,13700,25.43,U
sz000400,许继电气,2025-09-26 11:01:42,25.45,8300,25.45,U
sz000400,许继电气,2025-09-26 11:01:57,25.46,8100,25.46,U
sz000400,许继电气,2025-09-26 11:02:18,25.48,10200,25.47,U
sz000400,许继电气,2025-09-26 11:02:42,25.5,8200,25.49,U
sz000400,许继电气,2025-09-26 11:02:48,25.5,16300,25.5,U
sz000400,许继电气,2025-09-26 11:03:09,25.47,8700,25.49,D
sz000400,许继电气,2025-09-26 11:03:12,25.46,9100,25.47,D
sz000400,许继电气,2025-09-26 11:03:15,25.46,14300,25.46,U
sz000400,许继电气,2025-09-26 11:03:18,25.46,9400,25.46,U
sz000400,许继电气,2025-09-26 11:03:27,25.46,10300,25.45,U
sz000400,许继电气,2025-09-26 11:03:36,25.47,8600,25.46,U
sz000400,许继电气,2025-09-26 11:03:39,25.47,8100,25.47,D
sz000400,许继电气,2025-09-26 11:03:42,25.47,9500,25.47,D
sz000400,许继电气,2025-09-26 11:03:48,25.42,59000,25.47,D
sz000400,许继电气,2025-09-26 11:03:51,25.45,37950,25.42,D
sz000400,许继电气,2025-09-26 11:04:15,25.42,14700,25.44,D
sz000400,许继电气,2025-09-26 11:04:18,25.41,10800,25.42,D
sz000400,许继电气,2025-09-26 11:04:48,25.42,50900,25.42,D
sz000400,许继电气,2025-09-26 11:06:21,25.48,16200,25.47,U
sz000400,许继电气,2025-09-26 11:06:30,25.45,12100,25.45,D
sz000400,许继电气,2025-09-26 11:07:36,25.42,7900,25.43,D
sz000400,许继电气,2025-09-26 11:08:00,25.42,24900,25.42,D
sz000400,许继电气,2025-09-26 11:08:06,25.42,20100,25.42,D
sz000400,许继电气,2025-09-26 11:08:21,25.4,75500,25.41,D
sz000400,许继电气,2025-09-26 11:09:03,25.37,8800,25.38,D
sz000400,许继电气,2025-09-26 11:09:39,25.36,11600,25.38,D
sz000400,许继电气,2025-09-26 11:09:45,25.35,67200,25.37,D
sz000400,许继电气,2025-09-26 11:10:15,25.35,9100,25.34,U
sz000400,许继电气,2025-09-26 11:10:51,25.33,15500,25.33,D
sz000400,许继电气,2025-09-26 11:11:00,25.32,17500,25.32,D
sz000400,许继电气,2025-09-26 11:11:15,25.31,10700,25.32,D
sz000400,许继电气,2025-09-26 11:11:21,25.31,11900,25.31,D
sz000400,许继电气,2025-09-26 11:11:27,25.32,17900,25.31,U
sz000400,许继电气,2025-09-26 11:11:30,25.32,12900,25.32,U
sz000400,许继电气,2025-09-26 11:11:36,25.31,17900,25.3,U
sz000400,许继电气,2025-09-26 11:11:42,25.3,32600,25.31,D
sz000400,许继电气,2025-09-26 11:11:45,25.3,14100,25.3,D
sz000400,许继电气,2025-09-26 11:11:48,25.3,11600,25.3,D
sz000400,许继电气,2025-09-26 11:11:51,25.3,108600,25.3,D
sz000400,许继电气,2025-09-26 11:11:54,25.3,15000,25.3,D
sz000400,许继电气,2025-09-26 11:11:57,25.3,8500,25.3,D
sz000400,许继电气,2025-09-26 11:12:03,25.31,10100,25.3,U
sz000400,许继电气,2025-09-26 11:12:06,25.31,15400,25.31,U
sz000400,许继电气,2025-09-26 11:12:09,25.3,11500,25.31,D
sz000400,许继电气,2025-09-26 11:12:18,25.31,11600,25.31,U
sz000400,许继电气,2025-09-26 11:12:33,25.31,25900,25.31,U
sz000400,许继电气,2025-09-26 11:12:57,25.31,36700,25.3,U
sz000400,许继电气,2025-09-26 11:13:24,25.3,15367,25.31,D
sz000400,许继电气,2025-09-26 11:13:39,25.3,10633,25.29,U
sz000400,许继电气,2025-09-26 11:13:48,25.31,9200,25.3,U
sz000400,许继电气,2025-09-26 11:14:00,25.3,8200,25.3,D
sz000400,许继电气,2025-09-26 11:14:09,25.3,11700,25.3,D
sz000400,许继电气,2025-09-26 11:14:15,25.3,8300,25.3,D
sz000400,许继电气,2025-09-26 11:14:18,25.31,11200,25.3,U
sz000400,许继电气,2025-09-26 11:14:36,25.31,16500,25.31,U
sz000400,许继电气,2025-09-26 11:15:09,25.35,10100,25.35,U
sz000400,许继电气,2025-09-26 11:15:39,25.36,23800,25.36,U
sz000400,许继电气,2025-09-26 11:16:36,25.4,17400,25.41,D
sz000400,许继电气,2025-09-26 11:16:39,25.4,10400,25.4,U
sz000400,许继电气,2025-09-26 11:16:42,25.43,12900,25.4,U
sz000400,许继电气,2025-09-26 11:16:45,25.42,18000,25.43,D
sz000400,许继电气,2025-09-26 11:16:51,25.4,21200,25.4,D
sz000400,许继电气,2025-09-26 11:17:18,25.39,10400,25.38,U
sz000400,许继电气,2025-09-26 11:17:30,25.37,12500,25.38,D
sz000400,许继电气,2025-09-26 11:17:48,25.37,9300,25.36,U
sz000400,许继电气,2025-09-26 11:17:54,25.36,10100,25.35,U
sz000400,许继电气,2025-09-26 11:18:45,25.35,10400,25.36,D
sz000400,许继电气,2025-09-26 11:19:09,25.35,8900,25.36,D
sz000400,许继电气,2025-09-26 11:19:12,25.35,18900,25.35,D
sz000400,许继电气,2025-09-26 11:19:18,25.34,16600,25.35,D
sz000400,许继电气,2025-09-26 11:19:57,25.32,10700,25.32,D
sz000400,许继电气,2025-09-26 11:20:09,25.32,9700,25.32,D
sz000400,许继电气,2025-09-26 11:20:15,25.32,18700,25.32,D
sz000400,许继电气,2025-09-26 11:20:21,25.33,9500,25.32,U
sz000400,许继电气,2025-09-26 11:20:51,25.32,11300,25.31,E
sz000400,许继电气,2025-09-26 11:21:09,25.32,7900,25.32,D
sz000400,许继电气,2025-09-26 11:22:27,25.32,8100,25.32,U
sz000400,许继电气,2025-09-26 11:22:42,25.32,8500,25.32,D
sz000400,许继电气,2025-09-26 11:22:57,25.33,8100,25.32,U
sz000400,许继电气,2025-09-26 11:23:18,25.33,13000,25.33,U
sz000400,许继电气,2025-09-26 11:23:51,25.32,17900,25.33,D
sz000400,许继电气,2025-09-26 11:23:57,25.32,12200,25.32,D
sz000400,许继电气,2025-09-26 11:24:15,25.32,23600,25.32,D
sz000400,许继电气,2025-09-26 11:24:21,25.31,8300,25.32,D
sz000400,许继电气,2025-09-26 11:24:27,25.31,13200,25.32,D
sz000400,许继电气,2025-09-26 11:24:33,25.32,9230,25.31,U
sz000400,许继电气,2025-09-26 11:24:36,25.31,21500,25.32,D
sz000400,许继电气,2025-09-26 11:24:39,25.31,14300,25.31,D
sz000400,许继电气,2025-09-26 11:24:48,25.31,8700,25.31,D
sz000400,许继电气,2025-09-26 11:24:57,25.32,42300,25.31,U
sz000400,许继电气,2025-09-26 11:25:27,25.32,8200,25.32,D
sz000400,许继电气,2025-09-26 11:26:06,25.33,8800,25.32,U
sz000400,许继电气,2025-09-26 11:27:15,25.33,11200,25.34,D
sz000400,许继电气,2025-09-26 11:27:21,25.33,9400,25.33,U
sz000400,许继电气,2025-09-26 11:27:36,25.32,10100,25.33,D
sz000400,许继电气,2025-09-26 11:27:42,25.33,9400,25.33,U
sz000400,许继电气,2025-09-26 11:28:00,25.33,11400,25.32,U
sz000400,许继电气,2025-09-26 11:28:45,25.32,29600,25.31,U
sz000400,许继电气,2025-09-26 11:29:03,25.33,12800,25.32,U
sz000400,许继电气,2025-09-26 11:29:09,25.33,8100,25.33,U
sz000400,许继电气,2025-09-26 13:00:00,25.34,71000,25.35,D
sz000400,许继电气,2025-09-26 13:00:03,25.36,71700,25.34,U
sz000400,许继电气,2025-09-26 13:00:15,25.36,28200,25.36,U
sz000400,许继电气,2025-09-26 13:00:39,25.34,9400,25.36,D
sz000400,许继电气,2025-09-26 13:01:15,25.36,15600,25.36,D
sz000400,许继电气,2025-09-26 13:01:24,25.37,9800,25.37,U
sz000400,许继电气,2025-09-26 13:01:30,25.35,15000,25.37,D
sz000400,许继电气,2025-09-26 13:01:33,25.35,28100,25.35,D
sz000400,许继电气,2025-09-26 13:01:45,25.37,15900,25.35,U
sz000400,许继电气,2025-09-26 13:02:33,25.35,8600,25.35,U
sz000400,许继电气,2025-09-26 13:02:51,25.35,9300,25.34,U
sz000400,许继电气,2025-09-26 13:03:15,25.32,12600,25.33,D
sz000400,许继电气,2025-09-26 13:03:51,25.34,8800,25.34,U
sz000400,许继电气,2025-09-26 13:04:09,25.34,9100,25.35,D
sz000400,许继电气,2025-09-26 13:04:30,25.34,11300,25.34,U
sz000400,许继电气,2025-09-26 13:04:36,25.34,8000,25.34,D
sz000400,许继电气,2025-09-26 13:05:09,25.34,10200,25.34,U
sz000400,许继电气,2025-09-26 13:05:12,25.33,23900,25.34,D
sz000400,许继电气,2025-09-26 13:05:21,25.32,38700,25.33,D
sz000400,许继电气,2025-09-26 13:05:36,25.31,15600,25.31,D
sz000400,许继电气,2025-09-26 13:05:39,25.31,8900,25.31,D
sz000400,许继电气,2025-09-26 13:05:42,25.31,17000,25.31,D
sz000400,许继电气,2025-09-26 13:05:51,25.31,16370,25.31,D
sz000400,许继电气,2025-09-26 13:06:15,25.31,9200,25.31,U
sz000400,许继电气,2025-09-26 13:06:21,25.31,48700,25.3,U
sz000400,许继电气,2025-09-26 13:06:54,25.3,8900,25.31,D
sz000400,许继电气,2025-09-26 13:07:03,25.31,10600,25.31,U
sz000400,许继电气,2025-09-26 13:07:09,25.31,11600,25.31,U
sz000400,许继电气,2025-09-26 13:07:12,25.31,9100,25.31,U
sz000400,许继电气,2025-09-26 13:07:18,25.31,11030,25.31,U
sz000400,许继电气,2025-09-26 13:07:27,25.31,65100,25.31,D
sz000400,许继电气,2025-09-26 13:07:39,25.3,9300,25.3,D
sz000400,许继电气,2025-09-26 13:07:48,25.3,10200,25.3,D
sz000400,许继电气,2025-09-26 13:07:51,25.29,44970,25.3,D
sz000400,许继电气,2025-09-26 13:08:00,25.3,12600,25.3,U
sz000400,许继电气,2025-09-26 13:08:03,25.29,15600,25.3,D
sz000400,许继电气,2025-09-26 13:08:09,25.29,33200,25.3,D
sz000400,许继电气,2025-09-26 13:08:18,25.29,50800,25.28,U
sz000400,许继电气,2025-09-26 13:08:24,25.28,16200,25.28,D
sz000400,许继电气,2025-09-26 13:08:27,25.28,12200,25.28,D
sz000400,许继电气,2025-09-26 13:08:30,25.28,16100,25.28,D
sz000400,许继电气,2025-09-26 13:08:45,25.27,66000,25.27,D
sz000400,许继电气,2025-09-26 13:08:51,25.27,10000,25.27,D
sz000400,许继电气,2025-09-26 13:09:03,25.26,24100,25.26,D
sz000400,许继电气,2025-09-26 13:09:06,25.26,44900,25.26,D
sz000400,许继电气,2025-09-26 13:09:15,25.25,79900,25.25,D
sz000400,许继电气,2025-09-26 13:09:21,25.26,22300,25.25,U
sz000400,许继电气,2025-09-26 13:09:24,25.26,12500,25.26,U
sz000400,许继电气,2025-09-26 13:09:27,25.25,28500,25.26,D
sz000400,许继电气,2025-09-26 13:09:30,25.26,22700,25.25,U
sz000400,许继电气,2025-09-26 13:09:33,25.26,10800,25.26,U
sz000400,许继电气,2025-09-26 13:09:36,25.26,22400,25.26,U
sz000400,许继电气,2025-09-26 13:09:39,25.26,12900,25.26,U
sz000400,许继电气,2025-09-26 13:09:51,25.28,26400,25.26,U
sz000400,许继电气,2025-09-26 13:10:06,25.28,11900,25.27,U
sz000400,许继电气,2025-09-26 13:10:09,25.27,9700,25.28,D
sz000400,许继电气,2025-09-26 13:10:42,25.28,42800,25.29,D
sz000400,许继电气,2025-09-26 13:10:54,25.27,11600,25.27,D
sz000400,许继电气,2025-09-26 13:11:00,25.28,14000,25.27,U
sz000400,许继电气,2025-09-26 13:11:18,25.3,9900,25.28,U
sz000400,许继电气,2025-09-26 13:11:30,25.3,37200,25.3,U
sz000400,许继电气,2025-09-26 13:12:36,25.3,28100,25.31,D
sz000400,许继电气,2025-09-26 13:12:54,25.29,9800,25.3,D
sz000400,许继电气,2025-09-26 13:12:57,25.3,10450,25.29,U
sz000400,许继电气,2025-09-26 13:13:06,25.31,17500,25.3,U
sz000400,许继电气,2025-09-26 13:14:12,25.34,11300,25.33,U
sz000400,许继电气,2025-09-26 13:14:15,25.34,8500,25.34,U
sz000400,许继电气,2025-09-26 13:14:27,25.35,18600,25.35,U
sz000400,许继电气,2025-09-26 13:14:42,25.37,8000,25.36,U
sz000400,许继电气,2025-09-26 13:14:54,25.37,10700,25.38,D
sz000400,许继电气,2025-09-26 13:14:57,25.37,8200,25.37,U
sz000400,许继电气,2025-09-26 13:15:51,25.37,9800,25.37,D
sz000400,许继电气,2025-09-26 13:16:00,25.36,8600,25.37,D
sz000400,许继电气,2025-09-26 13:16:03,25.36,8400,25.36,D
sz000400,许继电气,2025-09-26 13:16:12,25.35,13300,25.35,D
sz000400,许继电气,2025-09-26 13:17:06,25.33,12600,25.34,D
sz000400,许继电气,2025-09-26 13:17:36,25.33,14250,25.33,D
sz000400,许继电气,2025-09-26 13:17:39,25.34,33600,25.33,U
sz000400,许继电气,2025-09-26 13:17:42,25.34,17700,25.34,D
sz000400,许继电气,2025-09-26 13:17:45,25.33,9000,25.34,D
sz000400,许继电气,2025-09-26 13:17:57,25.34,8400,25.33,U
sz000400,许继电气,2025-09-26 13:18:48,25.33,10900,25.33,U
sz000400,许继电气,2025-09-26 13:18:51,25.33,8500,25.33,U
sz000400,许继电气,2025-09-26 13:19:00,25.33,8100,25.33,U
sz000400,许继电气,2025-09-26 13:19:51,25.32,30700,25.32,D
sz000400,许继电气,2025-09-26 13:20:15,25.32,14100,25.31,U
sz000400,许继电气,2025-09-26 13:20:39,25.33,13200,25.33,U
sz000400,许继电气,2025-09-26 13:21:24,25.32,10300,25.32,D
sz000400,许继电气,2025-09-26 13:21:36,25.33,20100,25.33,U
sz000400,许继电气,2025-09-26 13:22:36,25.33,10200,25.33,U
sz000400,许继电气,2025-09-26 13:24:30,25.33,37287,25.33,U
sz000400,许继电气,2025-09-26 13:24:51,25.31,28400,25.31,D
sz000400,许继电气,2025-09-26 13:25:00,25.3,11100,25.31,D
sz000400,许继电气,2025-09-26 13:25:03,25.31,11900,25.3,U
sz000400,许继电气,2025-09-26 13:25:09,25.3,11050,25.3,D
sz000400,许继电气,2025-09-26 13:25:48,25.3,23250,25.29,U
sz000400,许继电气,2025-09-26 13:26:39,25.3,11200,25.3,D
sz000400,许继电气,2025-09-26 13:26:54,25.31,30100,25.3,U
sz000400,许继电气,2025-09-26 13:26:57,25.3,9300,25.31,D
sz000400,许继电气,2025-09-26 13:27:03,25.3,8300,25.31,D
sz000400,许继电气,2025-09-26 13:27:27,25.31,27150,25.3,U
sz000400,许继电气,2025-09-26 13:27:30,25.29,14000,25.31,D
sz000400,许继电气,2025-09-26 13:27:45,25.3,12150,25.3,U
sz000400,许继电气,2025-09-26 13:28:51,25.31,14200,25.31,U
sz000400,许继电气,2025-09-26 13:29:36,25.31,8300,25.32,D
sz000400,许继电气,2025-09-26 13:30:15,25.32,10500,25.33,D
sz000400,许继电气,2025-09-26 13:30:36,25.32,34500,25.33,D
sz000400,许继电气,2025-09-26 13:31:27,25.33,10000,25.32,U
sz000400,许继电气,2025-09-26 13:31:36,25.32,11900,25.33,D
sz000400,许继电气,2025-09-26 13:31:57,25.31,36900,25.32,D
sz000400,许继电气,2025-09-26 13:32:06,25.31,40100,25.31,D
sz000400,许继电气,2025-09-26 13:32:18,25.3,11999,25.31,D
sz000400,许继电气,2025-09-26 13:32:45,25.3,12800,25.3,D
sz000400,许继电气,2025-09-26 13:33:03,25.29,8100,25.3,D
sz000400,许继电气,2025-09-26 13:33:09,25.29,9900,25.3,D
sz000400,许继电气,2025-09-26 13:33:18,25.29,10450,25.29,D
sz000400,许继电气,2025-09-26 13:33:30,25.28,32000,25.28,D
sz000400,许继电气,2025-09-26 13:33:39,25.28,9900,25.29,D
sz000400,许继电气,2025-09-26 13:33:48,25.28,14700,25.28,U
sz000400,许继电气,2025-09-26 13:33:57,25.27,8101,25.28,D
sz000400,许继电气,2025-09-26 13:34:24,25.26,9500,25.26,D
sz000400,许继电气,2025-09-26 13:34:30,25.26,20200,25.26,D
sz000400,许继电气,2025-09-26 13:34:39,25.25,10200,25.25,D
sz000400,许继电气,2025-09-26 13:34:57,25.25,12100,25.25,D
sz000400,许继电气,2025-09-26 13:35:18,25.26,10100,25.25,U
sz000400,许继电气,2025-09-26 13:35:30,25.26,15300,25.25,U
sz000400,许继电气,2025-09-26 13:35:39,25.25,15201,25.25,D
sz000400,许继电气,2025-09-26 13:36:00,25.25,18300,25.25,D
sz000400,许继电气,2025-09-26 13:36:06,25.25,10900,25.25,D
sz000400,许继电气,2025-09-26 13:36:09,25.25,10647,25.25,D
sz000400,许继电气,2025-09-26 13:36:36,25.24,8100,25.25,D
sz000400,许继电气,2025-09-26 13:36:42,25.24,9700,25.25,D
sz000400,许继电气,2025-09-26 13:36:48,25.23,61400,25.24,D
sz000400,许继电气,2025-09-26 13:37:00,25.23,11400,25.23,D
sz000400,许继电气,2025-09-26 13:37:06,25.23,9700,25.23,D
sz000400,许继电气,2025-09-26 13:37:18,25.23,17400,25.22,U
sz000400,许继电气,2025-09-26 13:37:24,25.22,19400,25.22,D
sz000400,许继电气,2025-09-26 13:37:39,25.22,18900,25.22,U
sz000400,许继电气,2025-09-26 13:37:42,25.21,60600,25.22,D
sz000400,许继电气,2025-09-26 13:37:45,25.22,10400,25.21,U
sz000400,许继电气,2025-09-26 13:38:15,25.24,13900,25.24,U
sz000400,许继电气,2025-09-26 13:38:54,25.25,12900,25.25,D
sz000400,许继电气,2025-09-26 13:39:00,25.25,11500,25.26,D
sz000400,许继电气,2025-09-26 13:39:09,25.27,9900,25.26,U
sz000400,许继电气,2025-09-26 13:39:24,25.25,13900,25.25,U
sz000400,许继电气,2025-09-26 13:39:42,25.25,14600,25.25,U
sz000400,许继电气,2025-09-26 13:39:57,25.25,20500,25.25,U
sz000400,许继电气,2025-09-26 13:40:03,25.25,8403,25.25,U
sz000400,许继电气,2025-09-26 13:40:27,25.22,19500,25.24,D
sz000400,许继电气,2025-09-26 13:40:36,25.24,10100,25.22,U
sz000400,许继电气,2025-09-26 13:40:42,25.22,13697,25.22,D
sz000400,许继电气,2025-09-26 13:41:12,25.21,11200,25.22,D
sz000400,许继电气,2025-09-26 13:41:21,25.22,15303,25.21,U
sz000400,许继电气,2025-09-26 13:41:48,25.22,9400,25.22,U
sz000400,许继电气,2025-09-26 13:42:09,25.21,9000,25.22,D
sz000400,许继电气,2025-09-26 13:42:12,25.21,119500,25.21,D
sz000400,许继电气,2025-09-26 13:42:15,25.21,22000,25.21,D
sz000400,许继电气,2025-09-26 13:42:30,25.21,9400,25.22,D
sz000400,许继电气,2025-09-26 13:42:42,25.2,11500,25.2,D
sz000400,许继电气,2025-09-26 13:42:54,25.2,10000,25.21,D
sz000400,许继电气,2025-09-26 13:43:00,25.2,11200,25.21,D
sz000400,许继电气,2025-09-26 13:43:15,25.21,9900,25.21,U
sz000400,许继电气,2025-09-26 13:43:18,25.2,16797,25.21,D
sz000400,许继电气,2025-09-26 13:43:30,25.2,27003,25.19,U
sz000400,许继电气,2025-09-26 13:43:39,25.21,12100,25.2,U
sz000400,许继电气,2025-09-26 13:43:42,25.2,11100,25.21,D
sz000400,许继电气,2025-09-26 13:43:51,25.21,12500,25.21,D
sz000400,许继电气,2025-09-26 13:44:09,25.2,13700,25.21,D
sz000400,许继电气,2025-09-26 13:44:18,25.2,15400,25.2,D
sz000400,许继电气,2025-09-26 13:44:51,25.2,37400,25.21,D
sz000400,许继电气,2025-09-26 13:45:03,25.2,23300,25.2,U
sz000400,许继电气,2025-09-26 13:45:30,25.19,13000,25.19,D
sz000400,许继电气,2025-09-26 13:45:39,25.18,11900,25.19,D
sz000400,许继电气,2025-09-26 13:45:42,25.19,9500,25.18,U
sz000400,许继电气,2025-09-26 13:45:57,25.18,13900,25.18,D
sz000400,许继电气,2025-09-26 13:46:00,25.19,22800,25.18,U
sz000400,许继电气,2025-09-26 13:46:03,25.19,13200,25.19,U
sz000400,许继电气,2025-09-26 13:46:06,25.18,20800,25.19,U
sz000400,许继电气,2025-09-26 13:46:15,25.17,15800,25.17,E
sz000400,许继电气,2025-09-26 13:46:33,25.18,14400,25.18,U
sz000400,许继电气,2025-09-26 13:46:57,25.18,12700,25.18,U
sz000400,许继电气,2025-09-26 13:47:36,25.16,8700,25.17,D
sz000400,许继电气,2025-09-26 13:47:42,25.16,8300,25.16,D
sz000400,许继电气,2025-09-26 13:47:51,25.16,14100,25.16,D
sz000400,许继电气,2025-09-26 13:47:54,25.16,9700,25.16,D
sz000400,许继电气,2025-09-26 13:48:00,25.16,11000,25.16,U
sz000400,许继电气,2025-09-26 13:48:03,25.16,8600,25.16,U
sz000400,许继电气,2025-09-26 13:48:06,25.16,12800,25.16,D
sz000400,许继电气,2025-09-26 13:48:18,25.16,12500,25.16,D
sz000400,许继电气,2025-09-26 13:48:27,25.16,17800,25.16,D
sz000400,许继电气,2025-09-26 13:48:36,25.17,12000,25.16,U
sz000400,许继电气,2025-09-26 13:48:42,25.16,8500,25.17,D
sz000400,许继电气,2025-09-26 13:48:54,25.17,10800,25.16,U
sz000400,许继电气,2025-09-26 13:48:57,25.18,26700,25.17,U
sz000400,许继电气,2025-09-26 13:49:18,25.19,11500,25.19,U
sz000400,许继电气,2025-09-26 13:49:21,25.2,22100,25.19,U
sz000400,许继电气,2025-09-26 13:49:24,25.22,87900,25.2,U
sz000400,许继电气,2025-09-26 13:50:03,25.27,8800,25.27,U
sz000400,许继电气,2025-09-26 13:50:27,25.28,8700,25.28,U
sz000400,许继电气,2025-09-26 13:50:30,25.28,28300,25.28,U
sz000400,许继电气,2025-09-26 13:51:03,25.29,26800,25.29,D
sz000400,许继电气,2025-09-26 13:51:06,25.31,17200,25.29,U
sz000400,许继电气,2025-09-26 13:51:21,25.3,9000,25.3,D
sz000400,许继电气,2025-09-26 13:51:24,25.3,8600,25.3,U
sz000400,许继电气,2025-09-26 13:51:36,25.3,38600,25.29,U
sz000400,许继电气,2025-09-26 13:51:51,25.3,12200,25.31,D
sz000400,许继电气,2025-09-26 13:52:00,25.3,14600,25.3,U
sz000400,许继电气,2025-09-26 13:52:30,25.29,15600,25.29,D
sz000400,许继电气,2025-09-26 13:52:45,25.28,16800,25.28,D
sz000400,许继电气,2025-09-26 13:53:09,25.28,13900,25.28,D
sz000400,许继电气,2025-09-26 13:53:15,25.28,17300,25.28,D
sz000400,许继电气,2025-09-26 13:53:21,25.28,10500,25.28,D
sz000400,许继电气,2025-09-26 13:53:24,25.28,10100,25.28,U
sz000400,许继电气,2025-09-26 13:53:27,25.27,10700,25.28,D
sz000400,许继电气,2025-09-26 13:53:45,25.27,20000,25.26,U
sz000400,许继电气,2025-09-26 13:54:03,25.26,12900,25.24,U
sz000400,许继电气,2025-09-26 13:54:12,25.25,27800,25.25,D
sz000400,许继电气,2025-09-26 13:54:33,25.26,17600,25.25,U
sz000400,许继电气,2025-09-26 13:54:36,25.26,8000,25.26,D
sz000400,许继电气,2025-09-26 13:54:54,25.27,9100,25.26,U
sz000400,许继电气,2025-09-26 13:55:54,25.26,14500,25.27,D
sz000400,许继电气,2025-09-26 13:55:57,25.26,8300,25.26,D
sz000400,许继电气,2025-09-26 13:56:12,25.25,47300,25.26,D
sz000400,许继电气,2025-09-26 13:56:42,25.25,21200,25.25,D
sz000400,许继电气,2025-09-26 13:57:51,25.26,13200,25.25,U
sz000400,许继电气,2025-09-26 13:57:54,25.25,14400,25.26,D
sz000400,许继电气,2025-09-26 13:58:18,25.23,12000,25.23,D
sz000400,许继电气,2025-09-26 13:58:33,25.22,11100,25.22,D
sz000400,许继电气,2025-09-26 13:58:36,25.22,10100,25.22,D
sz000400,许继电气,2025-09-26 13:58:39,25.22,18100,25.22,D
sz000400,许继电气,2025-09-26 13:58:45,25.21,11300,25.22,D
sz000400,许继电气,2025-09-26 13:58:54,25.21,26100,25.21,D
sz000400,许继电气,2025-09-26 13:59:00,25.22,11100,25.21,U
sz000400,许继电气,2025-09-26 13:59:06,25.22,13600,25.21,U
sz000400,许继电气,2025-09-26 13:59:21,25.2,19600,25.21,D
sz000400,许继电气,2025-09-26 13:59:24,25.2,19000,25.2,D
sz000400,许继电气,2025-09-26 13:59:45,25.19,15500,25.19,D
sz000400,许继电气,2025-09-26 14:00:06,25.19,19900,25.2,D
sz000400,许继电气,2025-09-26 14:00:39,25.18,22800,25.19,D
sz000400,许继电气,2025-09-26 14:00:54,25.18,16700,25.18,D
sz000400,许继电气,2025-09-26 14:01:06,25.17,8700,25.18,D
sz000400,许继电气,2025-09-26 14:01:12,25.17,13000,25.17,D
sz000400,许继电气,2025-09-26 14:01:18,25.17,33900,25.18,D
sz000400,许继电气,2025-09-26 14:01:21,25.19,18900,25.17,U
sz000400,许继电气,2025-09-26 14:01:27,25.18,8400,25.18,U
sz000400,许继电气,2025-09-26 14:01:30,25.17,8400,25.18,D
sz000400,许继电气,2025-09-26 14:01:33,25.18,11700,25.17,U
sz000400,许继电气,2025-09-26 14:02:00,25.18,31300,25.17,U
sz000400,许继电气,2025-09-26 14:02:45,25.18,8600,25.18,U
sz000400,许继电气,2025-09-26 14:02:48,25.18,10400,25.18,D
sz000400,许继电气,2025-09-26 14:02:51,25.18,10100,25.18,D
sz000400,许继电气,2025-09-26 14:02:54,25.18,9400,25.18,D
sz000400,许继电气,2025-09-26 14:03:57,25.19,10200,25.19,U
sz000400,许继电气,2025-09-26 14:04:30,25.18,9600,25.18,D
sz000400,许继电气,2025-09-26 14:05:06,25.2,35200,25.2,U
sz000400,许继电气,2025-09-26 14:05:30,25.23,21500,25.21,U
sz000400,许继电气,2025-09-26 14:05:39,25.24,22400,25.24,U
sz000400,许继电气,2025-09-26 14:05:42,25.24,16600,25.24,D
sz000400,许继电气,2025-09-26 14:05:48,25.25,10500,25.24,U
sz000400,许继电气,2025-09-26 14:06:06,25.26,13600,25.26,U
sz000400,许继电气,2025-09-26 14:06:09,25.26,10600,25.26,U
sz000400,许继电气,2025-09-26 14:06:42,25.26,12300,25.26,D
sz000400,许继电气,2025-09-26 14:07:12,25.25,12600,25.25,D
sz000400,许继电气,2025-09-26 14:07:39,25.24,8300,25.23,U
sz000400,许继电气,2025-09-26 14:08:00,25.22,9800,25.22,D
sz000400,许继电气,2025-09-26 14:08:42,25.21,9000,25.22,D
sz000400,许继电气,2025-09-26 14:08:51,25.22,19800,25.23,D
sz000400,许继电气,2025-09-26 14:09:00,25.22,9700,25.22,D
sz000400,许继电气,2025-09-26 14:09:51,25.23,8900,25.23,U
sz000400,许继电气,2025-09-26 14:10:09,25.23,28900,25.23,U
sz000400,许继电气,2025-09-26 14:10:21,25.22,22500,25.22,D
sz000400,许继电气,2025-09-26 14:10:27,25.23,26400,25.23,U
sz000400,许继电气,2025-09-26 14:11:12,25.22,9300,25.22,U
sz000400,许继电气,2025-09-26 14:11:15,25.22,15200,25.22,U
sz000400,许继电气,2025-09-26 14:11:21,25.22,14100,25.22,U
sz000400,许继电气,2025-09-26 14:11:36,25.23,17600,25.23,U
sz000400,许继电气,2025-09-26 14:12:15,25.24,10300,25.23,U
sz000400,许继电气,2025-09-26 14:12:42,25.25,26200,25.24,U
sz000400,许继电气,2025-09-26 14:12:57,25.26,9900,25.25,U
sz000400,许继电气,2025-09-26 14:13:06,25.26,21900,25.26,U
sz000400,许继电气,2025-09-26 14:13:27,25.25,12300,25.25,D
sz000400,许继电气,2025-09-26 14:13:36,25.25,12600,25.26,D
sz000400,许继电气,2025-09-26 14:13:54,25.24,23100,25.25,D
sz000400,许继电气,2025-09-26 14:14:03,25.25,12700,25.25,D
sz000400,许继电气,2025-09-26 14:14:27,25.25,16700,25.24,U
sz000400,许继电气,2025-09-26 14:15:15,25.25,12400,25.24,U
sz000400,许继电气,2025-09-26 14:15:36,25.23,34300,25.24,D
sz000400,许继电气,2025-09-26 14:15:42,25.24,14600,25.22,U
sz000400,许继电气,2025-09-26 14:15:45,25.22,13100,25.24,D
sz000400,许继电气,2025-09-26 14:16:36,25.23,17400,25.24,D
sz000400,许继电气,2025-09-26 14:17:00,25.25,8500,25.22,U
sz000400,许继电气,2025-09-26 14:17:21,25.23,30600,25.24,D
sz000400,许继电气,2025-09-26 14:17:30,25.22,19100,25.23,D
sz000400,许继电气,2025-09-26 14:17:33,25.23,16200,25.22,U
sz000400,许继电气,2025-09-26 14:17:51,25.21,54400,25.21,D
sz000400,许继电气,2025-09-26 14:17:54,25.22,8700,25.21,U
sz000400,许继电气,2025-09-26 14:18:12,25.2,20600,25.2,D
sz000400,许继电气,2025-09-26 14:18:21,25.21,8300,25.2,U
sz000400,许继电气,2025-09-26 14:18:24,25.17,234000,25.21,D
sz000400,许继电气,2025-09-26 14:18:45,25.17,9100,25.17,U
sz000400,许继电气,2025-09-26 14:18:48,25.16,18800,25.17,D
sz000400,许继电气,2025-09-26 14:18:51,25.16,10200,25.16,D
sz000400,许继电气,2025-09-26 14:18:57,25.15,14200,25.16,D
sz000400,许继电气,2025-09-26 14:19:00,25.15,29500,25.15,D
sz000400,许继电气,2025-09-26 14:19:03,25.15,23700,25.15,D
sz000400,许继电气,2025-09-26 14:19:06,25.14,9900,25.15,D
sz000400,许继电气,2025-09-26 14:19:09,25.14,10400,25.14,D
sz000400,许继电气,2025-09-26 14:19:12,25.14,10900,25.14,D
sz000400,许继电气,2025-09-26 14:19:24,25.13,25500,25.14,D
sz000400,许继电气,2025-09-26 14:19:36,25.14,16900,25.14,U
sz000400,许继电气,2025-09-26 14:19:39,25.12,54000,25.14,D
sz000400,许继电气,2025-09-26 14:19:42,25.11,57700,25.12,D
sz000400,许继电气,2025-09-26 14:19:45,25.1,51300,25.11,D
sz000400,许继电气,2025-09-26 14:19:48,25.1,54100,25.1,D
sz000400,许继电气,2025-09-26 14:19:51,25.11,60000,25.1,E
sz000400,许继电气,2025-09-26 14:19:57,25.11,8900,25.11,U
sz000400,许继电气,2025-09-26 14:20:00,25.11,28100,25.11,U
sz000400,许继电气,2025-09-26 14:20:06,25.1,43400,25.14,D
sz000400,许继电气,2025-09-26 14:20:21,25.1,36600,25.14,D
sz000400,许继电气,2025-09-26 14:20:24,25.09,140300,25.1,D
sz000400,许继电气,2025-09-26 14:20:27,25.13,42100,25.09,U
sz000400,许继电气,2025-09-26 14:20:30,25.11,8700,25.13,D
sz000400,许继电气,2025-09-26 14:20:45,25.1,16600,25.1,U
sz000400,许继电气,2025-09-26 14:20:48,25.1,9500,25.1,D
sz000400,许继电气,2025-09-26 14:21:03,25.12,40800,25.1,U
sz000400,许继电气,2025-09-26 14:21:24,25.11,9000,25.11,D
sz000400,许继电气,2025-09-26 14:21:42,25.14,10300,25.13,U
sz000400,许继电气,2025-09-26 14:21:45,25.11,26300,25.14,D
sz000400,许继电气,2025-09-26 14:21:48,25.13,19400,25.11,E
sz000400,许继电气,2025-09-26 14:21:57,25.1,24900,25.12,D
sz000400,许继电气,2025-09-26 14:22:00,25.1,49400,25.1,D
sz000400,许继电气,2025-09-26 14:22:03,25.13,28000,25.1,E
sz000400,许继电气,2025-09-26 14:22:06,25.1,32900,25.13,D
sz000400,许继电气,2025-09-26 14:22:21,25.11,10000,25.11,U
sz000400,许继电气,2025-09-26 14:22:27,25.1,16000,25.11,D
sz000400,许继电气,2025-09-26 14:22:33,25.1,11900,25.1,D
sz000400,许继电气,2025-09-26 14:22:36,25.1,8300,25.1,D
sz000400,许继电气,2025-09-26 14:22:48,25.1,22800,25.1,D
sz000400,许继电气,2025-09-26 14:22:54,25.1,16900,25.1,D
sz000400,许继电气,2025-09-26 14:23:03,25.09,60600,25.1,D
sz000400,许继电气,2025-09-26 14:23:21,25.08,11800,25.09,D
sz000400,许继电气,2025-09-26 14:23:27,25.08,17500,25.08,U
sz000400,许继电气,2025-09-26 14:23:33,25.08,9600,25.08,U
sz000400,许继电气,2025-09-26 14:23:36,25.08,26700,25.08,U
sz000400,许继电气,2025-09-26 14:23:54,25.07,12600,25.07,D
sz000400,许继电气,2025-09-26 14:23:57,25.08,25100,25.07,U
sz000400,许继电气,2025-09-26 14:24:06,25.07,10000,25.07,D
sz000400,许继电气,2025-09-26 14:24:18,25.08,19100,25.07,U
sz000400,许继电气,2025-09-26 14:24:21,25.08,11300,25.08,U
sz000400,许继电气,2025-09-26 14:24:30,25.07,34000,25.08,D
sz000400,许继电气,2025-09-26 14:24:39,25.06,8100,25.07,D
sz000400,许继电气,2025-09-26 14:24:42,25.07,16700,25.06,U
sz000400,许继电气,2025-09-26 14:24:48,25.07,21600,25.06,U
sz000400,许继电气,2025-09-26 14:24:51,25.06,16200,25.07,D
sz000400,许继电气,2025-09-26 14:24:54,25.07,8000,25.06,U
sz000400,许继电气,2025-09-26 14:25:00,25.07,9800,25.06,U
sz000400,许继电气,2025-09-26 14:25:03,25.07,35900,25.07,U
sz000400,许继电气,2025-09-26 14:25:15,25.08,12300,25.08,U
sz000400,许继电气,2025-09-26 14:25:27,25.08,9700,25.07,U
sz000400,许继电气,2025-09-26 14:25:30,25.07,23900,25.08,D
sz000400,许继电气,2025-09-26 14:25:36,25.07,10900,25.07,U
sz000400,许继电气,2025-09-26 14:25:39,25.06,40300,25.07,D
sz000400,许继电气,2025-09-26 14:25:42,25.06,9200,25.06,U
sz000400,许继电气,2025-09-26 14:25:48,25.05,15300,25.05,D
sz000400,许继电气,2025-09-26 14:25:51,25.06,8700,25.05,U
sz000400,许继电气,2025-09-26 14:25:54,25.05,11100,25.06,D
sz000400,许继电气,2025-09-26 14:25:57,25.06,18500,25.05,U
sz000400,许继电气,2025-09-26 14:26:00,25.05,43800,25.06,D
sz000400,许继电气,2025-09-26 14:26:09,25.05,21600,25.04,U
sz000400,许继电气,2025-09-26 14:26:12,25.04,9200,25.05,D
sz000400,许继电气,2025-09-26 14:26:15,25.04,36700,25.04,U
sz000400,许继电气,2025-09-26 14:26:21,25.03,21900,25.04,D
sz000400,许继电气,2025-09-26 14:26:24,25.03,17800,25.03,D
sz000400,许继电气,2025-09-26 14:26:27,25.03,21400,25.03,U
sz000400,许继电气,2025-09-26 14:26:30,25.05,24600,25.03,U
sz000400,许继电气,2025-09-26 14:26:33,25.05,12300,25.05,E
sz000400,许继电气,2025-09-26 14:26:36,25.03,43000,25.05,D
sz000400,许继电气,2025-09-26 14:26:42,25.04,13100,25.06,D
sz000400,许继电气,2025-09-26 14:26:45,25.03,21800,25.04,D
sz000400,许继电气,2025-09-26 14:26:54,25.05,11100,25.06,E
sz000400,许继电气,2025-09-26 14:27:03,25.06,9200,25.05,U
sz000400,许继电气,2025-09-26 14:27:06,25.06,38000,25.06,U
sz000400,许继电气,2025-09-26 14:27:12,25.05,15200,25.05,U
sz000400,许继电气,2025-09-26 14:27:21,25.05,15800,25.06,D
sz000400,许继电气,2025-09-26 14:28:12,25.05,12000,25.06,D
sz000400,许继电气,2025-09-26 14:28:15,25.06,14800,25.05,E
sz000400,许继电气,2025-09-26 14:28:30,25.06,18300,25.07,D
sz000400,许继电气,2025-09-26 14:28:45,25.07,38400,25.07,U
sz000400,许继电气,2025-09-26 14:28:48,25.07,9100,25.07,U
sz000400,许继电气,2025-09-26 14:29:00,25.07,24200,25.06,U
sz000400,许继电气,2025-09-26 14:29:03,25.07,22000,25.07,U
sz000400,许继电气,2025-09-26 14:29:06,25.09,45600,25.07,U
sz000400,许继电气,2025-09-26 14:29:09,25.11,38200,25.09,U
sz000400,许继电气,2025-09-26 14:29:21,25.13,10300,25.12,U
sz000400,许继电气,2025-09-26 14:29:30,25.14,38500,25.13,U
sz000400,许继电气,2025-09-26 14:29:36,25.15,33000,25.14,U
sz000400,许继电气,2025-09-26 14:30:06,25.2,21100,25.2,U
sz000400,许继电气,2025-09-26 14:30:09,25.2,11700,25.2,U
sz000400,许继电气,2025-09-26 14:30:15,25.21,19800,25.21,U
sz000400,许继电气,2025-09-26 14:30:18,25.21,11800,25.21,D
sz000400,许继电气,2025-09-26 14:30:27,25.23,14100,25.22,U
sz000400,许继电气,2025-09-26 14:30:30,25.23,9100,25.23,D
sz000400,许继电气,2025-09-26 14:30:33,25.24,9100,25.23,U
sz000400,许继电气,2025-09-26 14:30:48,25.24,18500,25.2,U
sz000400,许继电气,2025-09-26 14:30:51,25.24,9500,25.24,D
sz000400,许继电气,2025-09-26 14:31:03,25.2,10200,25.22,D
sz000400,许继电气,2025-09-26 14:31:06,25.2,26600,25.2,D
sz000400,许继电气,2025-09-26 14:31:18,25.18,14400,25.19,D
sz000400,许继电气,2025-09-26 14:31:24,25.18,9400,25.18,D
sz000400,许继电气,2025-09-26 14:31:36,25.17,14500,25.17,U
sz000400,许继电气,2025-09-26 14:31:48,25.15,10200,25.15,U
sz000400,许继电气,2025-09-26 14:32:00,25.14,9600,25.15,D
sz000400,许继电气,2025-09-26 14:32:21,25.14,11300,25.14,D
sz000400,许继电气,2025-09-26 14:32:24,25.13,10500,25.14,D
sz000400,许继电气,2025-09-26 14:32:33,25.14,8600,25.12,U
sz000400,许继电气,2025-09-26 14:32:42,25.14,16000,25.14,D
sz000400,许继电气,2025-09-26 14:33:03,25.14,12000,25.14,U
sz000400,许继电气,2025-09-26 14:33:18,25.11,13800,25.11,D
sz000400,许继电气,2025-09-26 14:33:21,25.11,9000,25.11,D
sz000400,许继电气,2025-09-26 14:33:27,25.12,11700,25.12,U
sz000400,许继电气,2025-09-26 14:33:42,25.1,51100,25.11,D
sz000400,许继电气,2025-09-26 14:33:45,25.09,12100,25.1,D
sz000400,许继电气,2025-09-26 14:33:54,25.1,44000,25.08,U
sz000400,许继电气,2025-09-26 14:33:57,25.11,11600,25.1,U
sz000400,许继电气,2025-09-26 14:34:03,25.09,14300,25.1,D
sz000400,许继电气,2025-09-26 14:34:06,25.1,9300,25.09,U
sz000400,许继电气,2025-09-26 14:34:15,25.09,8900,25.09,D
sz000400,许继电气,2025-09-26 14:34:33,25.09,16600,25.1,D
sz000400,许继电气,2025-09-26 14:34:39,25.1,23500,25.09,U
sz000400,许继电气,2025-09-26 14:34:42,25.08,14800,25.1,D
sz000400,许继电气,2025-09-26 14:34:51,25.09,8100,25.07,U
sz000400,许继电气,2025-09-26 14:35:06,25.1,20000,25.08,U
sz000400,许继电气,2025-09-26 14:35:09,25.09,16100,25.1,U
sz000400,许继电气,2025-09-26 14:35:18,25.08,17300,25.1,D
sz000400,许继电气,2025-09-26 14:35:33,25.08,16200,25.09,D
sz000400,许继电气,2025-09-26 14:35:39,25.09,34500,25.09,U
sz000400,许继电气,2025-09-26 14:35:57,25.08,13300,25.08,U
sz000400,许继电气,2025-09-26 14:36:00,25.08,22600,25.08,U
sz000400,许继电气,2025-09-26 14:36:06,25.07,12600,25.08,D
sz000400,许继电气,2025-09-26 14:36:21,25.06,13500,25.06,D
sz000400,许继电气,2025-09-26 14:36:24,25.06,32400,25.06,D
sz000400,许继电气,2025-09-26 14:36:27,25.06,10600,25.06,U
sz000400,许继电气,2025-09-26 14:36:30,25.06,15900,25.06,U
sz000400,许继电气,2025-09-26 14:36:39,25.05,9400,25.05,D
sz000400,许继电气,2025-09-26 14:36:42,25.05,18000,25.05,D
sz000400,许继电气,2025-09-26 14:36:45,25.06,8100,25.05,U
sz000400,许继电气,2025-09-26 14:36:48,25.06,8100,25.06,D
sz000400,许继电气,2025-09-26 14:36:54,25.07,9100,25.06,U
sz000400,许继电气,2025-09-26 14:36:57,25.08,11100,25.07,U
sz000400,许继电气,2025-09-26 14:37:03,25.08,14300,25.07,U
sz000400,许继电气,2025-09-26 14:37:06,25.09,27021,25.08,U
sz000400,许继电气,2025-09-26 14:37:12,25.09,9100,25.09,U
sz000400,许继电气,2025-09-26 14:37:21,25.1,22300,25.09,U
sz000400,许继电气,2025-09-26 14:38:03,25.15,12900,25.14,U
sz000400,许继电气,2025-09-26 14:38:30,25.17,9000,25.17,D
sz000400,许继电气,2025-09-26 14:38:33,25.18,11000,25.17,U
sz000400,许继电气,2025-09-26 14:38:45,25.19,35000,25.17,U
sz000400,许继电气,2025-09-26 14:38:48,25.19,11000,25.19,D
sz000400,许继电气,2025-09-26 14:38:51,25.2,9300,25.19,U
sz000400,许继电气,2025-09-26 14:39:00,25.2,12200,25.2,U
sz000400,许继电气,2025-09-26 14:39:06,25.2,22400,25.2,U
sz000400,许继电气,2025-09-26 14:39:24,25.2,17500,25.2,U
sz000400,许继电气,2025-09-26 14:39:27,25.19,9400,25.2,D
sz000400,许继电气,2025-09-26 14:39:36,25.17,8200,25.19,D
sz000400,许继电气,2025-09-26 14:39:39,25.19,10200,25.17,U
sz000400,许继电气,2025-09-26 14:40:39,25.16,8200,25.16,U
sz000400,许继电气,2025-09-26 14:40:54,25.16,12200,25.16,U
sz000400,许继电气,2025-09-26 14:41:15,25.17,11500,25.16,U
sz000400,许继电气,2025-09-26 14:41:30,25.17,17300,25.17,U
sz000400,许继电气,2025-09-26 14:41:33,25.15,35100,25.17,D
sz000400,许继电气,2025-09-26 14:41:42,25.15,14400,25.15,U
sz000400,许继电气,2025-09-26 14:41:54,25.16,8000,25.16,D
sz000400,许继电气,2025-09-26 14:42:03,25.16,9300,25.16,U
sz000400,许继电气,2025-09-26 14:42:06,25.14,43500,25.16,D
sz000400,许继电气,2025-09-26 14:42:09,25.14,25000,25.14,U
sz000400,许继电气,2025-09-26 14:42:24,25.14,9300,25.13,U
sz000400,许继电气,2025-09-26 14:42:30,25.14,17000,25.13,U
sz000400,许继电气,2025-09-26 14:42:48,25.12,11900,25.13,D
sz000400,许继电气,2025-09-26 14:43:00,25.15,40200,25.11,U
sz000400,许继电气,2025-09-26 14:43:03,25.12,17700,25.15,D
sz000400,许继电气,2025-09-26 14:43:06,25.16,27400,25.12,U
sz000400,许继电气,2025-09-26 14:43:09,25.16,23000,25.16,U
sz000400,许继电气,2025-09-26 14:43:21,25.15,13500,25.13,U
sz000400,许继电气,2025-09-26 14:43:39,25.15,8000,25.14,U
sz000400,许继电气,2025-09-26 14:43:51,25.15,11200,25.15,U
sz000400,许继电气,2025-09-26 14:43:54,25.14,19800,25.15,D
sz000400,许继电气,2025-09-26 14:44:09,25.14,10700,25.14,U
sz000400,许继电气,2025-09-26 14:44:15,25.13,9100,25.14,D
sz000400,许继电气,2025-09-26 14:44:27,25.14,16500,25.14,D
sz000400,许继电气,2025-09-26 14:44:30,25.15,8700,25.14,U
sz000400,许继电气,2025-09-26 14:44:33,25.14,9100,25.15,D
sz000400,许继电气,2025-09-26 14:44:42,25.13,9000,25.14,D
sz000400,许继电气,2025-09-26 14:44:45,25.14,14900,25.13,U
sz000400,许继电气,2025-09-26 14:44:51,25.14,15900,25.14,U
sz000400,许继电气,2025-09-26 14:44:54,25.14,22100,25.14,U
sz000400,许继电气,2025-09-26 14:45:06,25.15,18811,25.14,U
sz000400,许继电气,2025-09-26 14:45:09,25.16,12400,25.15,U
sz000400,许继电气,2025-09-26 14:45:18,25.15,20789,25.16,D
sz000400,许继电气,2025-09-26 14:45:24,25.16,20100,25.15,U
sz000400,许继电气,2025-09-26 14:45:33,25.15,12500,25.15,D
sz000400,许继电气,2025-09-26 14:45:36,25.15,12300,25.15,D
sz000400,许继电气,2025-09-26 14:45:42,25.15,19200,25.16,D
sz000400,许继电气,2025-09-26 14:45:45,25.16,10711,25.15,U
sz000400,许继电气,2025-09-26 14:45:51,25.17,13200,25.16,U
sz000400,许继电气,2025-09-26 14:46:03,25.16,10200,25.17,D
sz000400,许继电气,2025-09-26 14:46:06,25.17,40073,25.16,U
sz000400,许继电气,2025-09-26 14:46:12,25.17,10900,25.18,D
sz000400,许继电气,2025-09-26 14:46:18,25.18,12900,25.18,U
sz000400,许继电气,2025-09-26 14:46:33,25.18,17200,25.18,D
sz000400,许继电气,2025-09-26 14:46:36,25.19,13400,25.18,U
sz000400,许继电气,2025-09-26 14:46:57,25.19,13800,25.19,U
sz000400,许继电气,2025-09-26 14:47:00,25.18,15200,25.19,D
sz000400,许继电气,2025-09-26 14:47:03,25.19,17500,25.18,U
sz000400,许继电气,2025-09-26 14:47:15,25.19,9300,25.19,D
sz000400,许继电气,2025-09-26 14:47:21,25.19,30800,25.19,U
sz000400,许继电气,2025-09-26 14:47:30,25.19,17000,25.2,D
sz000400,许继电气,2025-09-26 14:47:33,25.16,55700,25.19,D
sz000400,许继电气,2025-09-26 14:48:00,25.18,13700,25.17,U
sz000400,许继电气,2025-09-26 14:48:15,25.17,11300,25.18,D
sz000400,许继电气,2025-09-26 14:48:27,25.17,10500,25.18,D
sz000400,许继电气,2025-09-26 14:48:33,25.17,16300,25.17,D
sz000400,许继电气,2025-09-26 14:48:42,25.17,16100,25.17,U
sz000400,许继电气,2025-09-26 14:48:45,25.16,35700,25.17,D
sz000400,许继电气,2025-09-26 14:49:03,25.16,8600,25.15,U
sz000400,许继电气,2025-09-26 14:49:06,25.15,8600,25.16,D
sz000400,许继电气,2025-09-26 14:49:12,25.16,50900,25.15,U
sz000400,许继电气,2025-09-26 14:49:18,25.15,13000,25.15,U
sz000400,许继电气,2025-09-26 14:49:27,25.13,63700,25.15,D
sz000400,许继电气,2025-09-26 14:49:39,25.14,11300,25.14,U
sz000400,许继电气,2025-09-26 14:49:45,25.13,13100,25.13,U
sz000400,许继电气,2025-09-26 14:49:54,25.13,9800,25.13,D
sz000400,许继电气,2025-09-26 14:49:57,25.13,9500,25.13,D
sz000400,许继电气,2025-09-26 14:50:03,25.13,35900,25.13,U
sz000400,许继电气,2025-09-26 14:50:09,25.12,32200,25.13,D
sz000400,许继电气,2025-09-26 14:50:12,25.12,10400,25.12,D
sz000400,许继电气,2025-09-26 14:50:18,25.13,12300,25.13,U
sz000400,许继电气,2025-09-26 14:50:21,25.12,45200,25.13,D
sz000400,许继电气,2025-09-26 14:50:24,25.11,19100,25.12,D
sz000400,许继电气,2025-09-26 14:50:27,25.12,9200,25.11,U
sz000400,许继电气,2025-09-26 14:50:39,25.12,18600,25.11,U
sz000400,许继电气,2025-09-26 14:50:45,25.11,8600,25.11,D
sz000400,许继电气,2025-09-26 14:50:51,25.11,26300,25.11,U
sz000400,许继电气,2025-09-26 14:50:57,25.1,53300,25.1,D
sz000400,许继电气,2025-09-26 14:51:06,25.1,20500,25.09,U
sz000400,许继电气,2025-09-26 14:51:21,25.1,33600,25.09,U
sz000400,许继电气,2025-09-26 14:51:27,25.09,14000,25.1,D
sz000400,许继电气,2025-09-26 14:51:30,25.1,8500,25.09,U
sz000400,许继电气,2025-09-26 14:51:33,25.09,25000,25.1,D
sz000400,许继电气,2025-09-26 14:51:36,25.1,9900,25.09,U
sz000400,许继电气,2025-09-26 14:51:45,25.09,15300,25.09,D
sz000400,许继电气,2025-09-26 14:51:48,25.1,23800,25.09,U
sz000400,许继电气,2025-09-26 14:51:57,25.09,21200,25.09,D
sz000400,许继电气,2025-09-26 14:52:03,25.09,20900,25.09,D
sz000400,许继电气,2025-09-26 14:52:06,25.1,26600,25.09,U
sz000400,许继电气,2025-09-26 14:52:09,25.09,17800,25.1,D
sz000400,许继电气,2025-09-26 14:52:12,25.09,13600,25.09,D
sz000400,许继电气,2025-09-26 14:52:15,25.1,11300,25.09,U
sz000400,许继电气,2025-09-26 14:52:24,25.09,16100,25.09,D
sz000400,许继电气,2025-09-26 14:52:30,25.09,53003,25.1,D
sz000400,许继电气,2025-09-26 14:52:33,25.1,26300,25.09,U
sz000400,许继电气,2025-09-26 14:52:42,25.1,9400,25.1,U
sz000400,许继电气,2025-09-26 14:52:45,25.09,8100,25.1,D
sz000400,许继电气,2025-09-26 14:52:48,25.09,32500,25.09,D
sz000400,许继电气,2025-09-26 14:52:51,25.09,11300,25.09,D
sz000400,许继电气,2025-09-26 14:52:54,25.09,20997,25.09,D
sz000400,许继电气,2025-09-26 14:53:03,25.08,38500,25.09,D
sz000400,许继电气,2025-09-26 14:53:06,25.09,106700,25.08,U
sz000400,许继电气,2025-09-26 14:53:09,25.09,8400,25.09,U
sz000400,许继电气,2025-09-26 14:53:15,25.09,27500,25.09,U
sz000400,许继电气,2025-09-26 14:53:18,25.08,25900,25.09,D
sz000400,许继电气,2025-09-26 14:53:24,25.08,52600,25.08,U
sz000400,许继电气,2025-09-26 14:53:36,25.08,71400,25.08,D
sz000400,许继电气,2025-09-26 14:53:39,25.09,44103,25.08,U
sz000400,许继电气,2025-09-26 14:53:42,25.09,18697,25.09,D
sz000400,许继电气,2025-09-26 14:53:48,25.09,10600,25.08,U
sz000400,许继电气,2025-09-26 14:53:54,25.09,8800,25.09,U
sz000400,许继电气,2025-09-26 14:54:00,25.09,9800,25.09,U
sz000400,许继电气,2025-09-26 14:54:03,25.09,19800,25.09,U
sz000400,许继电气,2025-09-26 14:54:06,25.08,17700,25.09,D
sz000400,许继电气,2025-09-26 14:54:12,25.07,15050,25.09,D
sz000400,许继电气,2025-09-26 14:54:15,25.08,15600,25.07,U
sz000400,许继电气,2025-09-26 14:54:24,25.08,13800,25.08,U
sz000400,许继电气,2025-09-26 14:54:27,25.07,46100,25.08,D
sz000400,许继电气,2025-09-26 14:54:30,25.08,16100,25.07,U
sz000400,许继电气,2025-09-26 14:54:33,25.07,23600,25.08,D
sz000400,许继电气,2025-09-26 14:54:36,25.09,114600,25.07,U
sz000400,许继电气,2025-09-26 14:54:39,25.08,24300,25.09,D
sz000400,许继电气,2025-09-26 14:54:42,25.09,23300,25.08,U
sz000400,许继电气,2025-09-26 14:54:45,25.08,14300,25.09,D
sz000400,许继电气,2025-09-26 14:54:48,25.08,44300,25.08,D
sz000400,许继电气,2025-09-26 14:54:54,25.08,10100,25.08,D
sz000400,许继电气,2025-09-26 14:54:57,25.08,21100,25.08,U
sz000400,许继电气,2025-09-26 14:55:00,25.08,21800,25.08,U
sz000400,许继电气,2025-09-26 14:55:03,25.09,34900,25.08,U
sz000400,许继电气,2025-09-26 14:55:09,25.07,19500,25.08,D
sz000400,许继电气,2025-09-26 14:55:12,25.09,8700,25.07,U
sz000400,许继电气,2025-09-26 14:55:21,25.08,25500,25.08,D
sz000400,许继电气,2025-09-26 14:55:24,25.08,14100,25.08,U
sz000400,许继电气,2025-09-26 14:55:27,25.08,49200,25.08,U
sz000400,许继电气,2025-09-26 14:55:30,25.08,61300,25.08,E
sz000400,许继电气,2025-09-26 14:55:33,25.07,71600,25.08,D
sz000400,许继电气,2025-09-26 14:55:36,25.08,10300,25.07,U
sz000400,许继电气,2025-09-26 14:55:39,25.07,9200,25.08,D
sz000400,许继电气,2025-09-26 14:55:42,25.08,9300,25.07,U
sz000400,许继电气,2025-09-26 14:55:45,25.08,19400,25.08,U
sz000400,许继电气,2025-09-26 14:55:48,25.07,8100,25.08,D
sz000400,许继电气,2025-09-26 14:55:51,25.08,58100,25.07,U
sz000400,许继电气,2025-09-26 14:55:54,25.08,38400,25.08,U
sz000400,许继电气,2025-09-26 14:56:00,25.07,35600,25.07,D
sz000400,许继电气,2025-09-26 14:56:03,25.07,19500,25.07,E
sz000400,许继电气,2025-09-26 14:56:06,25.07,14800,25.07,E
sz000400,许继电气,2025-09-26 14:56:09,25.07,15300,25.07,U
sz000400,许继电气,2025-09-26 14:56:12,25.07,37400,25.07,D
sz000400,许继电气,2025-09-26 14:56:15,25.08,11600,25.07,U
sz000400,许继电气,2025-09-26 14:56:18,25.07,16600,25.08,D
sz000400,许继电气,2025-09-26 14:56:21,25.07,17200,25.07,U
sz000400,许继电气,2025-09-26 14:56:24,25.07,14600,25.07,D
sz000400,许继电气,2025-09-26 14:56:27,25.08,53100,25.07,U
sz000400,许继电气,2025-09-26 14:56:30,25.06,54300,25.08,D
sz000400,许继电气,2025-09-26 14:56:33,25.07,16900,25.06,U
sz000400,许继电气,2025-09-26 14:56:36,25.07,30100,25.07,U
sz000400,许继电气,2025-09-26 14:56:39,25.07,11800,25.07,D
sz000400,许继电气,2025-09-26 14:56:42,25.07,13200,25.07,D
sz000400,许继电气,2025-09-26 14:56:45,25.07,22000,25.07,D
sz000400,许继电气,2025-09-26 14:56:48,25.08,8500,25.07,U
sz000400,许继电气,2025-09-26 14:56:51,25.07,19600,25.08,D
sz000400,许继电气,2025-09-26 14:56:54,25.07,31600,25.07,D
sz000400,许继电气,2025-09-26 14:57:00,25.06,11000,25.07,U
sz000400,许继电气,2025-09-26 15:00:00,25.06,656014,25.06,E
