symbol,name,ticktime,price,volume,prev_price,kind
sz000400,许继电气,2025-09-19 09:25:00,23.62,88400,0.0,D
sz000400,许继电气,2025-09-19 09:30:00,23.62,27300,23.62,D
sz000400,许继电气,2025-09-19 09:30:03,23.62,67500,23.62,D
sz000400,许继电气,2025-09-19 09:30:06,23.61,70500,23.62,U
sz000400,许继电气,2025-09-19 09:30:09,23.62,31400,23.61,U
sz000400,许继电气,2025-09-19 09:30:12,23.7,46200,23.62,U
sz000400,许继电气,2025-09-19 09:30:15,23.72,40500,23.7,U
sz000400,许继电气,2025-09-19 09:30:18,23.75,25900,23.72,U
sz000400,许继电气,2025-09-19 09:30:24,23.76,12100,23.75,U
sz000400,许继电气,2025-09-19 09:30:30,23.73,27400,23.75,D
sz000400,许继电气,2025-09-19 09:30:36,23.73,11400,23.74,D
sz000400,许继电气,2025-09-19 09:30:42,23.73,12300,23.73,U
sz000400,许继电气,2025-09-19 09:30:48,23.73,15500,23.73,U
sz000400,许继电气,2025-09-19 09:30:51,23.73,12100,23.73,U
sz000400,许继电气,2025-09-19 09:31:15,23.64,17300,23.65,E
sz000400,许继电气,2025-09-19 09:31:21,23.6,16900,23.64,D
sz000400,许继电气,2025-09-19 09:31:24,23.64,26300,23.6,U
sz000400,许继电气,2025-09-19 09:31:27,23.63,15200,23.64,D
sz000400,许继电气,2025-09-19 09:31:30,23.63,17700,23.63,U
sz000400,许继电气,2025-09-19 09:31:33,23.63,12500,23.63,U
sz000400,许继电气,2025-09-19 09:31:39,23.63,8800,23.62,E
sz000400,许继电气,2025-09-19 09:31:45,23.65,14100,23.65,U
sz000400,许继电气,2025-09-19 09:31:51,23.63,15700,23.64,D
sz000400,许继电气,2025-09-19 09:31:54,23.65,38500,23.63,U
sz000400,许继电气,2025-09-19 09:31:57,23.62,12100,23.65,D
sz000400,许继电气,2025-09-19 09:32:03,23.63,9300,23.63,D
sz000400,许继电气,2025-09-19 09:32:24,23.67,101200,23.65,U
sz000400,许继电气,2025-09-19 09:32:30,23.65,32100,23.65,D
sz000400,许继电气,2025-09-19 09:32:33,23.65,15000,23.65,U
sz000400,许继电气,2025-09-19 09:32:57,23.68,16900,23.71,D
sz000400,许继电气,2025-09-19 09:33:00,23.68,15100,23.68,D
sz000400,许继电气,2025-09-19 09:33:09,23.68,9800,23.68,E
sz000400,许继电气,2025-09-19 09:33:12,23.7,51200,23.68,U
sz000400,许继电气,2025-09-19 09:33:15,23.71,13600,23.7,E
sz000400,许继电气,2025-09-19 09:33:33,23.72,9200,23.71,U
sz000400,许继电气,2025-09-19 09:33:36,23.71,9200,23.72,D
sz000400,许继电气,2025-09-19 09:33:57,23.7,9000,23.71,D
sz000400,许继电气,2025-09-19 09:34:06,23.71,15500,23.7,U
sz000400,许继电气,2025-09-19 09:34:21,23.7,9700,23.7,D
sz000400,许继电气,2025-09-19 09:34:24,23.71,11100,23.7,U
sz000400,许继电气,2025-09-19 09:34:51,23.73,9100,23.73,U
sz000400,许继电气,2025-09-19 09:35:09,23.75,10100,23.75,U
sz000400,许继电气,2025-09-19 09:35:12,23.73,19200,23.75,D
sz000400,许继电气,2025-09-19 09:35:15,23.75,15300,23.73,U
sz000400,许继电气,2025-09-19 09:35:24,23.73,9600,23.74,D
sz000400,许继电气,2025-09-19 09:35:27,23.74,13900,23.73,U
sz000400,许继电气,2025-09-19 09:35:48,23.75,18600,23.75,D
sz000400,许继电气,2025-09-19 09:35:51,23.75,29300,23.75,U
sz000400,许继电气,2025-09-19 09:35:54,23.75,10600,23.75,U
sz000400,许继电气,2025-09-19 09:35:57,23.75,23900,23.75,U
sz000400,许继电气,2025-09-19 09:36:00,23.73,24300,23.75,D
sz000400,许继电气,2025-09-19 09:36:03,23.72,158100,23.73,D
sz000400,许继电气,2025-09-19 09:36:33,23.7,21600,23.71,D
sz000400,许继电气,2025-09-19 09:36:39,23.7,11600,23.71,D
sz000400,许继电气,2025-09-19 09:36:42,23.7,12500,23.7,D
sz000400,许继电气,2025-09-19 09:36:45,23.72,91300,23.7,E
sz000400,许继电气,2025-09-19 09:37:06,23.75,9800,23.75,U
sz000400,许继电气,2025-09-19 09:37:24,23.71,13100,23.72,D
sz000400,许继电气,2025-09-19 09:37:27,23.7,11800,23.71,D
sz000400,许继电气,2025-09-19 09:37:51,23.69,20500,23.7,D
sz000400,许继电气,2025-09-19 09:38:00,23.69,43700,23.69,D
sz000400,许继电气,2025-09-19 09:38:09,23.69,38600,23.69,E
sz000400,许继电气,2025-09-19 09:38:12,23.7,14000,23.69,D
sz000400,许继电气,2025-09-19 09:38:36,23.73,25800,23.74,D
sz000400,许继电气,2025-09-19 09:38:42,23.72,27500,23.73,D
sz000400,许继电气,2025-09-19 09:38:48,23.74,17800,23.74,U
sz000400,许继电气,2025-09-19 09:39:03,23.76,16200,23.76,U
sz000400,许继电气,2025-09-19 09:39:06,23.8,19000,23.76,U
sz000400,许继电气,2025-09-19 09:39:18,23.79,41700,23.8,D
sz000400,许继电气,2025-09-19 09:39:33,23.81,74700,23.81,U
sz000400,许继电气,2025-09-19 09:39:42,23.81,20200,23.82,D
sz000400,许继电气,2025-09-19 09:39:48,23.81,22800,23.81,U
sz000400,许继电气,2025-09-19 09:39:57,23.8,12500,23.81,D
sz000400,许继电气,2025-09-19 09:40:18,23.82,9700,23.82,D
sz000400,许继电气,2025-09-19 09:40:24,23.82,9800,23.83,D
sz000400,许继电气,2025-09-19 09:40:30,23.82,10100,23.82,U
sz000400,许继电气,2025-09-19 09:40:33,23.83,22000,23.82,U
sz000400,许继电气,2025-09-19 09:40:42,23.83,15600,23.82,U
sz000400,许继电气,2025-09-19 09:40:48,23.84,12500,23.82,U
sz000400,许继电气,2025-09-19 09:40:57,23.85,29600,23.85,U
sz000400,许继电气,2025-09-19 09:41:00,23.85,15700,23.85,U
sz000400,许继电气,2025-09-19 09:41:03,23.86,10600,23.85,U
sz000400,许继电气,2025-09-19 09:41:09,23.85,45400,23.86,D
sz000400,许继电气,2025-09-19 09:41:12,23.84,11300,23.85,D
sz000400,许继电气,2025-09-19 09:41:15,23.83,9800,23.84,D
sz000400,许继电气,2025-09-19 09:41:27,23.83,17900,23.84,D
sz000400,许继电气,2025-09-19 09:41:39,23.81,17100,23.82,D
sz000400,许继电气,2025-09-19 09:41:48,23.8,28400,23.8,D
sz000400,许继电气,2025-09-19 09:41:51,23.8,15100,23.8,U
sz000400,许继电气,2025-09-19 09:41:57,23.77,15400,23.79,D
sz000400,许继电气,2025-09-19 09:42:06,23.78,20900,23.76,U
sz000400,许继电气,2025-09-19 09:42:21,23.75,27000,23.77,D
sz000400,许继电气,2025-09-19 09:42:33,23.76,14100,23.79,E
sz000400,许继电气,2025-09-19 09:42:36,23.79,12500,23.76,U
sz000400,许继电气,2025-09-19 09:42:48,23.76,23600,23.76,D
sz000400,许继电气,2025-09-19 09:43:03,23.76,16800,23.77,E
sz000400,许继电气,2025-09-19 09:43:09,23.75,12300,23.75,D
sz000400,许继电气,2025-09-19 09:43:12,23.75,8600,23.75,D
sz000400,许继电气,2025-09-19 09:43:36,23.74,28400,23.75,D
sz000400,许继电气,2025-09-19 09:43:51,23.73,74000,23.73,D
sz000400,许继电气,2025-09-19 09:43:54,23.75,59800,23.73,U
sz000400,许继电气,2025-09-19 09:44:06,23.72,13300,23.73,D
sz000400,许继电气,2025-09-19 09:44:36,23.75,17900,23.75,U
sz000400,许继电气,2025-09-19 09:44:51,23.77,12200,23.76,U
sz000400,许继电气,2025-09-19 09:44:54,23.8,23000,23.77,U
sz000400,许继电气,2025-09-19 09:45:00,23.8,44400,23.8,U
sz000400,许继电气,2025-09-19 09:45:03,23.79,18000,23.8,E
sz000400,许继电气,2025-09-19 09:45:15,23.83,11900,23.83,U
sz000400,许继电气,2025-09-19 09:45:21,23.83,23100,23.84,D
sz000400,许继电气,2025-09-19 09:45:24,23.86,43600,23.83,U
sz000400,许继电气,2025-09-19 09:45:27,23.87,14600,23.86,D
sz000400,许继电气,2025-09-19 09:45:36,23.87,23200,23.87,U
sz000400,许继电气,2025-09-19 09:45:42,23.85,12900,23.87,D
sz000400,许继电气,2025-09-19 09:45:45,23.85,49400,23.85,D
sz000400,许继电气,2025-09-19 09:45:57,23.86,10313,23.86,D
sz000400,许继电气,2025-09-19 09:46:12,23.86,13700,23.86,U
sz000400,许继电气,2025-09-19 09:46:15,23.86,19387,23.86,D
sz000400,许继电气,2025-09-19 09:46:18,23.88,14300,23.86,U
sz000400,许继电气,2025-09-19 09:46:21,23.86,14100,23.88,D
sz000400,许继电气,2025-09-19 09:46:30,23.88,29600,23.88,U
sz000400,许继电气,2025-09-19 09:46:33,23.89,9300,23.88,U
sz000400,许继电气,2025-09-19 09:46:39,23.89,9400,23.89,U
sz000400,许继电气,2025-09-19 09:46:42,23.89,23600,23.89,U
sz000400,许继电气,2025-09-19 09:46:54,23.9,23200,23.9,U
sz000400,许继电气,2025-09-19 09:46:57,23.9,35000,23.9,U
sz000400,许继电气,2025-09-19 09:47:00,23.9,20700,23.9,U
sz000400,许继电气,2025-09-19 09:47:09,23.91,27400,23.91,U
sz000400,许继电气,2025-09-19 09:47:12,23.89,18200,23.91,D
sz000400,许继电气,2025-09-19 09:47:15,23.87,27700,23.89,D
sz000400,许继电气,2025-09-19 09:47:24,23.88,22900,23.88,U
sz000400,许继电气,2025-09-19 09:47:30,23.87,11000,23.88,D
sz000400,许继电气,2025-09-19 09:47:33,23.87,12200,23.87,D
sz000400,许继电气,2025-09-19 09:47:36,23.86,20200,23.87,D
sz000400,许继电气,2025-09-19 09:47:45,23.86,14300,23.87,D
sz000400,许继电气,2025-09-19 09:47:48,23.89,62300,23.86,U
sz000400,许继电气,2025-09-19 09:48:15,23.86,16800,23.87,D
sz000400,许继电气,2025-09-19 09:48:18,23.88,29500,23.86,U
sz000400,许继电气,2025-09-19 09:48:30,23.83,13100,23.83,D
sz000400,许继电气,2025-09-19 09:48:42,23.84,10600,23.83,U
sz000400,许继电气,2025-09-19 09:48:48,23.85,29500,23.84,U
sz000400,许继电气,2025-09-19 09:49:03,23.83,22000,23.82,E
sz000400,许继电气,2025-09-19 09:49:21,23.82,36700,23.83,D
sz000400,许继电气,2025-09-19 09:49:39,23.82,14000,23.83,D
sz000400,许继电气,2025-09-19 09:49:45,23.84,9500,23.82,U
sz000400,许继电气,2025-09-19 09:49:57,23.84,15100,23.82,U
sz000400,许继电气,2025-09-19 09:50:06,23.83,9000,23.83,D
sz000400,许继电气,2025-09-19 09:50:18,23.79,39500,23.83,D
sz000400,许继电气,2025-09-19 09:50:24,23.82,14900,23.82,U
sz000400,许继电气,2025-09-19 09:51:15,23.82,18900,23.82,D
sz000400,许继电气,2025-09-19 09:51:18,23.84,10200,23.82,U
sz000400,许继电气,2025-09-19 09:51:54,23.8,8900,23.8,D
sz000400,许继电气,2025-09-19 09:52:48,23.79,13700,23.79,U
sz000400,许继电气,2025-09-19 09:53:33,23.79,8900,23.79,U
sz000400,许继电气,2025-09-19 09:53:42,23.8,8800,23.8,U
sz000400,许继电气,2025-09-19 09:54:00,23.79,14100,23.8,D
sz000400,许继电气,2025-09-19 09:54:06,23.79,12700,23.79,U
sz000400,许继电气,2025-09-19 09:54:27,23.79,14700,23.8,D
sz000400,许继电气,2025-09-19 09:54:33,23.79,20300,23.79,U
sz000400,许继电气,2025-09-19 09:55:15,23.79,11600,23.8,D
sz000400,许继电气,2025-09-19 09:55:36,23.78,27900,23.79,D
sz000400,许继电气,2025-09-19 09:56:12,23.77,9100,23.77,U
sz000400,许继电气,2025-09-19 09:56:18,23.75,77800,23.76,D
sz000400,许继电气,2025-09-19 09:56:48,23.73,17300,23.73,D
sz000400,许继电气,2025-09-19 09:57:12,23.72,13400,23.72,D
sz000400,许继电气,2025-09-19 09:57:30,23.71,8700,23.71,D
sz000400,许继电气,2025-09-19 09:58:57,23.74,13400,23.74,D
sz000400,许继电气,2025-09-19 09:59:06,23.74,25000,23.75,D
sz000400,许继电气,2025-09-19 09:59:30,23.73,9200,23.74,D
sz000400,许继电气,2025-09-19 09:59:48,23.72,17900,23.74,D
sz000400,许继电气,2025-09-19 10:00:57,23.72,8900,23.72,D
sz000400,许继电气,2025-09-19 10:01:06,23.72,21700,23.74,D
sz000400,许继电气,2025-09-19 10:01:15,23.71,23300,23.71,D
sz000400,许继电气,2025-09-19 10:01:33,23.7,11200,23.7,D
sz000400,许继电气,2025-09-19 10:01:36,23.7,48600,23.7,D
sz000400,许继电气,2025-09-19 10:01:39,23.73,23900,23.7,U
sz000400,许继电气,2025-09-19 10:01:48,23.69,13800,23.7,D
sz000400,许继电气,2025-09-19 10:01:54,23.7,9100,23.7,D
sz000400,许继电气,2025-09-19 10:02:09,23.7,10900,23.69,U
sz000400,许继电气,2025-09-19 10:02:15,23.7,21200,23.7,D
sz000400,许继电气,2025-09-19 10:02:27,23.71,9600,23.7,U
sz000400,许继电气,2025-09-19 10:02:30,23.7,12700,23.71,D
sz000400,许继电气,2025-09-19 10:02:57,23.74,38800,23.74,U
sz000400,许继电气,2025-09-19 10:03:03,23.76,55400,23.74,U
sz000400,许继电气,2025-09-19 10:04:36,23.71,14000,23.72,D
sz000400,许继电气,2025-09-19 10:04:39,23.71,15400,23.71,D
sz000400,许继电气,2025-09-19 10:05:09,23.68,39800,23.7,D
sz000400,许继电气,2025-09-19 10:05:30,23.68,13000,23.69,D
sz000400,许继电气,2025-09-19 10:05:36,23.68,22600,23.68,D
sz000400,许继电气,2025-09-19 10:05:45,23.67,15700,23.68,D
sz000400,许继电气,2025-09-19 10:05:54,23.66,24300,23.66,D
sz000400,许继电气,2025-09-19 10:06:00,23.65,15100,23.65,D
sz000400,许继电气,2025-09-19 10:06:12,23.66,9100,23.65,U
sz000400,许继电气,2025-09-19 10:06:39,23.68,16100,23.68,D
sz000400,许继电气,2025-09-19 10:06:48,23.67,10200,23.68,D
sz000400,许继电气,2025-09-19 10:07:00,23.68,11400,23.67,U
sz000400,许继电气,2025-09-19 10:08:42,23.7,24600,23.69,U
sz000400,许继电气,2025-09-19 10:08:48,23.7,8500,23.69,D
sz000400,许继电气,2025-09-19 10:09:06,23.69,29600,23.68,U
sz000400,许继电气,2025-09-19 10:10:03,23.69,15100,23.69,D
sz000400,许继电气,2025-09-19 10:10:12,23.68,18600,23.69,D
sz000400,许继电气,2025-09-19 10:10:54,23.66,12200,23.67,D
sz000400,许继电气,2025-09-19 10:11:21,23.66,17200,23.67,D
sz000400,许继电气,2025-09-19 10:11:36,23.66,12400,23.66,D
sz000400,许继电气,2025-09-19 10:11:39,23.67,9600,23.66,U
sz000400,许继电气,2025-09-19 10:11:57,23.66,30500,23.66,D
sz000400,许继电气,2025-09-19 10:12:27,23.71,10300,23.7,U
sz000400,许继电气,2025-09-19 10:13:42,23.72,11800,23.71,U
sz000400,许继电气,2025-09-19 10:13:57,23.7,19300,23.72,D
sz000400,许继电气,2025-09-19 10:14:00,23.68,21900,23.7,D
sz000400,许继电气,2025-09-19 10:15:39,23.68,23200,23.69,D
sz000400,许继电气,2025-09-19 10:15:54,23.68,10400,23.68,U
sz000400,许继电气,2025-09-19 10:16:03,23.67,8600,23.68,D
sz000400,许继电气,2025-09-19 10:16:06,23.7,8500,23.67,U
sz000400,许继电气,2025-09-19 10:16:48,23.68,19300,23.68,D
sz000400,许继电气,2025-09-19 10:17:12,23.68,20900,23.69,D
sz000400,许继电气,2025-09-19 10:18:12,23.67,45100,23.67,D
sz000400,许继电气,2025-09-19 10:18:15,23.64,180500,23.67,D
sz000400,许继电气,2025-09-19 10:19:39,23.65,62950,23.63,U
sz000400,许继电气,2025-09-19 10:20:15,23.64,9600,23.64,D
sz000400,许继电气,2025-09-19 10:20:27,23.63,26000,23.65,D
sz000400,许继电气,2025-09-19 10:22:18,23.64,10700,23.65,D
sz000400,许继电气,2025-09-19 10:22:51,23.65,16800,23.64,U
sz000400,许继电气,2025-09-19 10:23:00,23.65,24800,23.65,U
sz000400,许继电气,2025-09-19 10:23:03,23.65,51200,23.65,U
sz000400,许继电气,2025-09-19 10:25:21,23.72,31400,23.68,U
sz000400,许继电气,2025-09-19 10:25:30,23.73,10400,23.72,U
sz000400,许继电气,2025-09-19 10:25:45,23.74,24200,23.73,U
sz000400,许继电气,2025-09-19 10:26:06,23.73,14100,23.74,D
sz000400,许继电气,2025-09-19 10:26:45,23.72,10200,23.72,D
sz000400,许继电气,2025-09-19 10:27:03,23.69,10000,23.69,D
sz000400,许继电气,2025-09-19 10:28:09,23.69,14800,23.69,U
sz000400,许继电气,2025-09-19 10:28:36,23.69,13000,23.69,U
sz000400,许继电气,2025-09-19 10:29:18,23.69,22400,23.71,D
sz000400,许继电气,2025-09-19 10:30:12,23.69,10200,23.68,U
sz000400,许继电气,2025-09-19 10:32:00,23.7,11700,23.7,U
sz000400,许继电气,2025-09-19 10:33:57,23.68,10500,23.69,D
sz000400,许继电气,2025-09-19 10:34:00,23.68,23000,23.68,D
sz000400,许继电气,2025-09-19 10:35:51,23.68,11600,23.68,D
sz000400,许继电气,2025-09-19 10:36:54,23.7,10000,23.69,U
sz000400,许继电气,2025-09-19 10:37:12,23.7,11600,23.7,U
sz000400,许继电气,2025-09-19 10:37:15,23.69,14800,23.7,D
sz000400,许继电气,2025-09-19 10:37:30,23.67,61600,23.68,D
sz000400,许继电气,2025-09-19 10:37:33,23.68,11500,23.67,U
sz000400,许继电气,2025-09-19 10:37:51,23.68,11200,23.68,U
sz000400,许继电气,2025-09-19 10:38:33,23.67,20300,23.67,D
sz000400,许继电气,2025-09-19 10:38:42,23.67,13641,23.67,D
sz000400,许继电气,2025-09-19 10:38:45,23.67,10200,23.67,U
sz000400,许继电气,2025-09-19 10:40:00,23.67,9359,23.67,U
sz000400,许继电气,2025-09-19 10:40:21,23.68,30600,23.68,U
sz000400,许继电气,2025-09-19 10:41:24,23.71,9500,23.71,U
sz000400,许继电气,2025-09-19 10:42:24,23.71,11100,23.7,U
sz000400,许继电气,2025-09-19 10:42:33,23.7,16500,23.7,D
sz000400,许继电气,2025-09-19 10:43:15,23.71,17200,23.71,D
sz000400,许继电气,2025-09-19 10:45:54,23.72,18700,23.71,U
sz000400,许继电气,2025-09-19 10:46:24,23.71,12000,23.71,U
sz000400,许继电气,2025-09-19 10:46:45,23.7,8900,23.71,D
sz000400,许继电气,2025-09-19 10:46:48,23.7,40800,23.7,U
sz000400,许继电气,2025-09-19 10:47:00,23.73,19800,23.7,U
sz000400,许继电气,2025-09-19 10:47:03,23.74,12000,23.73,U
sz000400,许继电气,2025-09-19 10:47:12,23.76,21200,23.75,U
sz000400,许继电气,2025-09-19 10:47:24,23.77,14200,23.76,U
sz000400,许继电气,2025-09-19 10:47:36,23.77,13400,23.77,U
sz000400,许继电气,2025-09-19 10:47:51,23.78,15800,23.78,U
sz000400,许继电气,2025-09-19 10:47:57,23.77,11600,23.78,E
sz000400,许继电气,2025-09-19 10:48:09,23.76,8900,23.76,D
sz000400,许继电气,2025-09-19 10:48:45,23.73,10900,23.74,D
sz000400,许继电气,2025-09-19 10:49:00,23.72,9400,23.72,D
sz000400,许继电气,2025-09-19 10:49:57,23.75,12500,23.75,D
sz000400,许继电气,2025-09-19 10:50:18,23.74,15300,23.74,D
sz000400,许继电气,2025-09-19 10:50:27,23.74,15500,23.74,U
sz000400,许继电气,2025-09-19 10:51:48,23.73,36900,23.73,D
sz000400,许继电气,2025-09-19 10:52:15,23.72,9000,23.72,D
sz000400,许继电气,2025-09-19 10:53:39,23.71,10500,23.71,D
sz000400,许继电气,2025-09-19 10:53:48,23.7,10700,23.7,D
sz000400,许继电气,2025-09-19 10:54:12,23.69,9200,23.69,D
sz000400,许继电气,2025-09-19 10:56:15,23.66,10400,23.67,D
sz000400,许继电气,2025-09-19 10:57:27,23.65,38500,23.65,D
sz000400,许继电气,2025-09-19 10:58:39,23.66,14800,23.64,U
sz000400,许继电气,2025-09-19 11:02:12,23.65,36300,23.67,D
sz000400,许继电气,2025-09-19 11:02:45,23.64,36300,23.65,D
sz000400,许继电气,2025-09-19 11:03:03,23.64,9000,23.63,U
sz000400,许继电气,2025-09-19 11:03:21,23.63,19500,23.64,D
sz000400,许继电气,2025-09-19 11:05:39,23.65,8500,23.65,U
sz000400,许继电气,2025-09-19 11:07:39,23.66,10000,23.67,D
sz000400,许继电气,2025-09-19 11:09:45,23.67,15700,23.67,D
sz000400,许继电气,2025-09-19 11:11:15,23.67,13400,23.69,D
sz000400,许继电气,2025-09-19 11:11:33,23.65,13000,23.66,D
sz000400,许继电气,2025-09-19 11:12:06,23.65,10000,23.66,D
sz000400,许继电气,2025-09-19 11:12:48,23.66,10100,23.66,D
sz000400,许继电气,2025-09-19 11:14:57,23.69,10700,23.68,U
sz000400,许继电气,2025-09-19 11:16:03,23.68,9500,23.68,D
sz000400,许继电气,2025-09-19 11:16:06,23.68,23500,23.68,D
sz000400,许继电气,2025-09-19 11:18:03,23.67,13100,23.67,D
sz000400,许继电气,2025-09-19 11:20:21,23.67,14300,23.67,D
sz000400,许继电气,2025-09-19 11:20:51,23.66,18400,23.67,D
sz000400,许继电气,2025-09-19 11:21:00,23.65,10000,23.66,D
sz000400,许继电气,2025-09-19 11:21:42,23.64,23200,23.64,D
sz000400,许继电气,2025-09-19 11:21:51,23.63,15100,23.63,D
sz000400,许继电气,2025-09-19 11:22:03,23.63,10100,23.64,D
sz000400,许继电气,2025-09-19 11:22:12,23.64,12400,23.63,U
sz000400,许继电气,2025-09-19 11:22:18,23.66,66600,23.64,U
sz000400,许继电气,2025-09-19 11:23:45,23.68,12900,23.68,U
sz000400,许继电气,2025-09-19 11:23:48,23.7,13000,23.68,U
sz000400,许继电气,2025-09-19 11:24:06,23.7,16200,23.7,U
sz000400,许继电气,2025-09-19 11:24:24,23.7,12900,23.68,U
sz000400,许继电气,2025-09-19 11:25:06,23.68,81700,23.69,D
sz000400,许继电气,2025-09-19 11:26:09,23.69,15200,23.69,E
sz000400,许继电气,2025-09-19 11:27:06,23.68,9900,23.68,U
sz000400,许继电气,2025-09-19 11:27:18,23.67,17100,23.68,D
sz000400,许继电气,2025-09-19 11:27:30,23.68,24700,23.68,U
sz000400,许继电气,2025-09-19 13:00:00,23.73,10200,23.72,U
sz000400,许继电气,2025-09-19 13:00:03,23.73,72200,23.73,U
sz000400,许继电气,2025-09-19 13:00:09,23.72,11000,23.72,D
sz000400,许继电气,2025-09-19 13:00:30,23.72,10900,23.72,U
sz000400,许继电气,2025-09-19 13:01:54,23.73,8800,23.72,U
sz000400,许继电气,2025-09-19 13:03:36,23.74,16400,23.74,U
sz000400,许继电气,2025-09-19 13:06:36,23.75,11200,23.75,D
sz000400,许继电气,2025-09-19 13:06:45,23.76,25400,23.75,U
sz000400,许继电气,2025-09-19 13:07:24,23.77,11900,23.77,D
sz000400,许继电气,2025-09-19 13:08:45,23.75,26800,23.76,D
sz000400,许继电气,2025-09-19 13:08:48,23.75,42700,23.75,D
sz000400,许继电气,2025-09-19 13:08:51,23.75,98400,23.75,D
sz000400,许继电气,2025-09-19 13:08:57,23.76,9600,23.74,U
sz000400,许继电气,2025-09-19 13:10:24,23.77,85675,23.74,U
sz000400,许继电气,2025-09-19 13:11:33,23.77,10800,23.76,U
sz000400,许继电气,2025-09-19 13:11:48,23.78,11100,23.78,U
sz000400,许继电气,2025-09-19 13:12:30,23.79,10900,23.78,U
sz000400,许继电气,2025-09-19 13:12:39,23.79,10300,23.78,U
sz000400,许继电气,2025-09-19 13:13:36,23.78,9500,23.78,D
sz000400,许继电气,2025-09-19 13:15:18,23.78,46600,23.77,U
sz000400,许继电气,2025-09-19 13:15:42,23.79,23800,23.78,U
sz000400,许继电气,2025-09-19 13:16:03,23.79,16000,23.8,D
sz000400,许继电气,2025-09-19 13:16:15,23.79,14700,23.78,U
sz000400,许继电气,2025-09-19 13:16:21,23.78,9800,23.78,D
sz000400,许继电气,2025-09-19 13:17:30,23.78,11100,23.79,D
sz000400,许继电气,2025-09-19 13:18:39,23.79,11000,23.78,U
sz000400,许继电气,2025-09-19 13:18:51,23.82,147300,23.79,U
sz000400,许继电气,2025-09-19 13:19:06,23.8,13100,23.83,D
sz000400,许继电气,2025-09-19 13:19:30,23.79,15500,23.81,D
sz000400,许继电气,2025-09-19 13:19:57,23.78,11900,23.78,U
sz000400,许继电气,2025-09-19 13:20:15,23.76,13300,23.77,D
sz000400,许继电气,2025-09-19 13:20:21,23.76,9100,23.76,D
sz000400,许继电气,2025-09-19 13:20:51,23.74,8700,23.74,D
sz000400,许继电气,2025-09-19 13:21:03,23.74,15200,23.74,U
sz000400,许继电气,2025-09-19 13:21:12,23.73,17900,23.76,D
sz000400,许继电气,2025-09-19 13:21:21,23.76,14000,23.75,U
sz000400,许继电气,2025-09-19 13:22:33,23.75,13500,23.75,D
sz000400,许继电气,2025-09-19 13:23:00,23.75,10000,23.75,D
sz000400,许继电气,2025-09-19 13:24:03,23.74,32500,23.75,D
sz000400,许继电气,2025-09-19 13:24:39,23.76,17700,23.76,U
sz000400,许继电气,2025-09-19 13:24:51,23.77,15800,23.76,U
sz000400,许继电气,2025-09-19 13:24:57,23.87,131500,23.78,U
sz000400,许继电气,2025-09-19 13:25:00,23.86,9300,23.87,D
sz000400,许继电气,2025-09-19 13:25:06,23.86,10600,23.84,U
sz000400,许继电气,2025-09-19 13:25:24,23.8,8900,23.79,U
sz000400,许继电气,2025-09-19 13:25:33,23.82,15900,23.8,U
sz000400,许继电气,2025-09-19 13:25:39,23.8,16700,23.8,D
sz000400,许继电气,2025-09-19 13:25:57,23.8,12400,23.81,D
sz000400,许继电气,2025-09-19 13:26:03,23.8,16100,23.79,U
sz000400,许继电气,2025-09-19 13:26:39,23.8,28700,23.8,U
sz000400,许继电气,2025-09-19 13:27:09,23.8,22100,23.8,D
sz000400,许继电气,2025-09-19 13:27:18,23.77,45800,23.78,D
sz000400,许继电气,2025-09-19 13:27:21,23.78,11300,23.77,U
sz000400,许继电气,2025-09-19 13:29:00,23.75,11300,23.75,D
sz000400,许继电气,2025-09-19 13:29:45,23.78,10200,23.77,U
sz000400,许继电气,2025-09-19 13:29:54,23.78,24000,23.76,U
sz000400,许继电气,2025-09-19 13:30:15,23.79,12600,23.79,D
sz000400,许继电气,2025-09-19 13:30:33,23.79,14200,23.78,U
sz000400,许继电气,2025-09-19 13:30:42,23.79,9200,23.79,U
sz000400,许继电气,2025-09-19 13:31:12,23.78,21100,23.78,D
sz000400,许继电气,2025-09-19 13:32:12,23.78,30900,23.8,D
sz000400,许继电气,2025-09-19 13:32:18,23.77,9600,23.77,D
sz000400,许继电气,2025-09-19 13:32:51,23.75,17200,23.76,D
sz000400,许继电气,2025-09-19 13:33:06,23.73,74200,23.74,D
sz000400,许继电气,2025-09-19 13:33:36,23.73,11300,23.72,U
sz000400,许继电气,2025-09-19 13:34:21,23.72,15700,23.73,D
sz000400,许继电气,2025-09-19 13:35:36,23.7,18700,23.7,D
sz000400,许继电气,2025-09-19 13:36:00,23.69,10600,23.69,D
sz000400,许继电气,2025-09-19 13:36:18,23.7,20700,23.69,U
sz000400,许继电气,2025-09-19 13:37:12,23.7,12000,23.69,U
sz000400,许继电气,2025-09-19 13:37:18,23.68,36500,23.7,D
sz000400,许继电气,2025-09-19 13:37:51,23.68,8800,23.67,U
sz000400,许继电气,2025-09-19 13:40:54,23.71,24000,23.71,D
sz000400,许继电气,2025-09-19 13:41:03,23.7,52700,23.7,D
sz000400,许继电气,2025-09-19 13:42:06,23.69,9600,23.69,D
sz000400,许继电气,2025-09-19 13:42:54,23.68,10300,23.69,D
sz000400,许继电气,2025-09-19 13:43:03,23.67,12500,23.69,D
sz000400,许继电气,2025-09-19 13:44:12,23.69,37600,23.69,U
sz000400,许继电气,2025-09-19 13:46:00,23.7,9300,23.7,D
sz000400,许继电气,2025-09-19 13:46:21,23.7,10000,23.7,D
sz000400,许继电气,2025-09-19 13:46:36,23.7,12100,23.7,D
sz000400,许继电气,2025-09-19 13:50:21,23.72,14200,23.72,U
sz000400,许继电气,2025-09-19 13:50:30,23.71,22500,23.72,D
sz000400,许继电气,2025-09-19 13:50:33,23.71,9000,23.71,D
sz000400,许继电气,2025-09-19 13:50:42,23.7,13400,23.71,D
sz000400,许继电气,2025-09-19 13:51:15,23.72,29400,23.7,U
sz000400,许继电气,2025-09-19 13:52:33,23.72,11800,23.73,D
sz000400,许继电气,2025-09-19 13:54:03,23.69,76100,23.7,D
sz000400,许继电气,2025-09-19 13:55:09,23.69,10500,23.69,D
sz000400,许继电气,2025-09-19 13:55:12,23.66,120900,23.69,D
sz000400,许继电气,2025-09-19 13:57:30,23.73,14800,23.73,U
sz000400,许继电气,2025-09-19 13:58:51,23.76,17000,23.77,D
sz000400,许继电气,2025-09-19 13:59:21,23.77,12600,23.77,U
sz000400,许继电气,2025-09-19 13:59:51,23.75,13600,23.76,D
sz000400,许继电气,2025-09-19 13:59:54,23.75,9000,23.75,D
sz000400,许继电气,2025-09-19 14:00:33,23.71,100800,23.72,D
sz000400,许继电气,2025-09-19 14:01:21,23.72,20300,23.72,D
sz000400,许继电气,2025-09-19 14:02:33,23.78,23700,23.75,U
sz000400,许继电气,2025-09-19 14:02:48,23.78,12100,23.77,U
sz000400,许继电气,2025-09-19 14:02:54,23.78,16800,23.77,U
sz000400,许继电气,2025-09-19 14:04:12,23.79,23500,23.78,U
sz000400,许继电气,2025-09-19 14:04:33,23.8,9800,23.79,U
sz000400,许继电气,2025-09-19 14:04:39,23.8,15700,23.8,U
sz000400,许继电气,2025-09-19 14:04:42,23.8,10800,23.8,U
sz000400,许继电气,2025-09-19 14:04:48,23.82,55200,23.79,U
sz000400,许继电气,2025-09-19 14:04:51,23.82,11300,23.82,U
sz000400,许继电气,2025-09-19 14:05:15,23.82,14400,23.81,U
sz000400,许继电气,2025-09-19 14:05:39,23.8,14800,23.8,D
sz000400,许继电气,2025-09-19 14:05:42,23.81,9200,23.8,U
sz000400,许继电气,2025-09-19 14:06:39,23.81,9600,23.81,U
sz000400,许继电气,2025-09-19 14:07:06,23.8,41000,23.81,D
sz000400,许继电气,2025-09-19 14:07:09,23.8,11200,23.8,U
sz000400,许继电气,2025-09-19 14:09:06,23.78,24000,23.78,U
sz000400,许继电气,2025-09-19 14:09:12,23.85,159080,23.78,U
sz000400,许继电气,2025-09-19 14:09:15,23.88,144000,23.85,U
sz000400,许继电气,2025-09-19 14:09:18,23.98,885800,23.88,U
sz000400,许继电气,2025-09-19 14:09:21,23.95,208200,23.98,D
sz000400,许继电气,2025-09-19 14:09:24,23.96,47700,23.95,U
sz000400,许继电气,2025-09-19 14:09:27,23.96,21100,23.96,U
sz000400,许继电气,2025-09-19 14:09:33,23.96,29200,23.96,D
sz000400,许继电气,2025-09-19 14:09:36,23.98,59200,23.96,U
sz000400,许继电气,2025-09-19 14:09:39,23.98,72700,23.98,U
sz000400,许继电气,2025-09-19 14:09:42,23.99,24700,23.98,U
sz000400,许继电气,2025-09-19 14:09:45,23.99,47900,23.99,U
sz000400,许继电气,2025-09-19 14:09:48,23.99,42300,23.99,U
sz000400,许继电气,2025-09-19 14:09:51,23.99,42900,23.99,U
sz000400,许继电气,2025-09-19 14:09:54,23.97,74400,23.99,D
sz000400,许继电气,2025-09-19 14:09:57,23.98,31800,23.97,E
sz000400,许继电气,2025-09-19 14:10:00,23.98,14200,23.98,U
sz000400,许继电气,2025-09-19 14:10:03,23.94,13000,23.98,D
sz000400,许继电气,2025-09-19 14:10:06,23.94,9800,23.94,U
sz000400,许继电气,2025-09-19 14:10:09,23.9,13900,23.94,D
sz000400,许继电气,2025-09-19 14:10:18,23.91,40000,23.93,D
sz000400,许继电气,2025-09-19 14:10:21,23.91,14800,23.91,D
sz000400,许继电气,2025-09-19 14:10:24,23.93,11000,23.91,U
sz000400,许继电气,2025-09-19 14:10:30,23.96,16700,23.93,U
sz000400,许继电气,2025-09-19 14:10:33,23.97,44200,23.96,U
sz000400,许继电气,2025-09-19 14:10:36,23.99,252000,23.97,U
sz000400,许继电气,2025-09-19 14:10:39,24.0,42700,23.99,U
sz000400,许继电气,2025-09-19 14:10:42,24.02,54600,24.0,U
sz000400,许继电气,2025-09-19 14:10:45,24.01,68000,24.02,D
sz000400,许继电气,2025-09-19 14:10:48,24.05,41000,24.01,U
sz000400,许继电气,2025-09-19 14:10:51,24.03,96100,24.05,E
sz000400,许继电气,2025-09-19 14:10:54,24.01,30600,24.03,D
sz000400,许继电气,2025-09-19 14:10:57,24.02,110700,24.01,E
sz000400,许继电气,2025-09-19 14:11:00,24.0,30200,24.02,E
sz000400,许继电气,2025-09-19 14:11:03,24.0,25800,24.0,D
sz000400,许继电气,2025-09-19 14:11:06,24.0,71600,24.0,U
sz000400,许继电气,2025-09-19 14:11:12,23.99,16100,23.97,U
sz000400,许继电气,2025-09-19 14:11:15,23.98,16300,23.99,E
sz000400,许继电气,2025-09-19 14:11:24,23.99,10800,23.99,U
sz000400,许继电气,2025-09-19 14:11:27,23.99,37500,23.99,U
sz000400,许继电气,2025-09-19 14:11:30,24.06,387100,23.99,U
sz000400,许继电气,2025-09-19 14:11:33,24.05,62900,24.06,D
sz000400,许继电气,2025-09-19 14:11:36,24.09,64600,24.05,U
sz000400,许继电气,2025-09-19 14:11:39,24.07,65300,24.09,E
sz000400,许继电气,2025-09-19 14:11:42,24.07,31600,24.07,U
sz000400,许继电气,2025-09-19 14:11:45,24.05,51400,24.07,D
sz000400,许继电气,2025-09-19 14:11:48,24.06,77600,24.05,U
sz000400,许继电气,2025-09-19 14:11:51,24.05,13800,24.06,E
sz000400,许继电气,2025-09-19 14:11:54,24.08,28400,24.05,U
sz000400,许继电气,2025-09-19 14:11:57,24.09,36900,24.08,U
sz000400,许继电气,2025-09-19 14:12:00,24.09,40400,24.09,U
sz000400,许继电气,2025-09-19 14:12:03,24.09,42400,24.09,U
sz000400,许继电气,2025-09-19 14:12:06,24.1,48200,24.09,U
sz000400,许继电气,2025-09-19 14:12:09,24.09,89300,24.1,D
sz000400,许继电气,2025-09-19 14:12:12,24.1,117100,24.09,U
sz000400,许继电气,2025-09-19 14:12:15,24.14,163500,24.1,U
sz000400,许继电气,2025-09-19 14:12:18,24.15,80900,24.14,U
sz000400,许继电气,2025-09-19 14:12:21,24.15,44900,24.15,U
sz000400,许继电气,2025-09-19 14:12:24,24.15,74100,24.15,D
sz000400,许继电气,2025-09-19 14:12:27,24.17,120600,24.15,U
sz000400,许继电气,2025-09-19 14:12:30,24.2,81400,24.17,U
sz000400,许继电气,2025-09-19 14:12:33,24.2,56700,24.2,U
sz000400,许继电气,2025-09-19 14:12:36,24.23,162000,24.2,U
sz000400,许继电气,2025-09-19 14:12:39,24.23,87500,24.23,U
sz000400,许继电气,2025-09-19 14:12:42,24.24,66900,24.23,U
sz000400,许继电气,2025-09-19 14:12:45,24.24,59500,24.24,U
sz000400,许继电气,2025-09-19 14:12:48,24.27,125500,24.24,U
sz000400,许继电气,2025-09-19 14:12:51,24.25,119400,24.27,D
sz000400,许继电气,2025-09-19 14:12:54,24.27,46300,24.25,U
sz000400,许继电气,2025-09-19 14:12:57,24.26,111800,24.27,D
sz000400,许继电气,2025-09-19 14:13:00,24.25,64400,24.26,D
sz000400,许继电气,2025-09-19 14:13:03,24.25,83600,24.25,U
sz000400,许继电气,2025-09-19 14:13:06,24.21,129300,24.25,D
sz000400,许继电气,2025-09-19 14:13:09,24.19,69400,24.21,D
sz000400,许继电气,2025-09-19 14:13:12,24.24,83400,24.19,U
sz000400,许继电气,2025-09-19 14:13:15,24.2,60000,24.24,D
sz000400,许继电气,2025-09-19 14:13:18,24.22,53800,24.2,U
sz000400,许继电气,2025-09-19 14:13:21,24.2,28600,24.22,U
sz000400,许继电气,2025-09-19 14:13:24,24.19,44500,24.2,D
sz000400,许继电气,2025-09-19 14:13:27,24.2,29300,24.19,U
sz000400,许继电气,2025-09-19 14:13:30,24.18,78500,24.2,D
sz000400,许继电气,2025-09-19 14:13:33,24.18,18500,24.18,U
sz000400,许继电气,2025-09-19 14:13:36,24.17,19800,24.18,D
sz000400,许继电气,2025-09-19 14:13:39,24.17,23400,24.17,D
sz000400,许继电气,2025-09-19 14:13:42,24.17,37300,24.17,U
sz000400,许继电气,2025-09-19 14:13:45,24.17,51000,24.17,U
sz000400,许继电气,2025-09-19 14:13:48,24.17,18500,24.17,U
sz000400,许继电气,2025-09-19 14:13:51,24.17,24200,24.17,D
sz000400,许继电气,2025-09-19 14:13:57,24.17,119400,24.18,D
sz000400,许继电气,2025-09-19 14:14:03,24.13,13300,24.16,D
sz000400,许继电气,2025-09-19 14:14:09,24.12,13200,24.14,E
sz000400,许继电气,2025-09-19 14:14:12,24.13,15600,24.12,U
sz000400,许继电气,2025-09-19 14:14:15,24.11,9800,24.13,D
sz000400,许继电气,2025-09-19 14:14:18,24.12,110100,24.11,U
sz000400,许继电气,2025-09-19 14:14:21,24.11,10700,24.12,D
sz000400,许继电气,2025-09-19 14:14:24,24.11,20100,24.11,D
sz000400,许继电气,2025-09-19 14:14:27,24.13,16100,24.11,U
sz000400,许继电气,2025-09-19 14:14:30,24.12,10500,24.13,U
sz000400,许继电气,2025-09-19 14:14:36,24.12,76700,24.13,D
sz000400,许继电气,2025-09-19 14:14:39,24.12,21500,24.12,U
sz000400,许继电气,2025-09-19 14:14:42,24.09,73300,24.12,D
sz000400,许继电气,2025-09-19 14:14:45,24.11,15500,24.09,U
sz000400,许继电气,2025-09-19 14:14:51,24.1,19300,24.11,D
sz000400,许继电气,2025-09-19 14:14:57,24.11,34500,24.1,U
sz000400,许继电气,2025-09-19 14:15:00,24.1,10700,24.11,D
sz000400,许继电气,2025-09-19 14:15:03,24.1,47300,24.1,D
sz000400,许继电气,2025-09-19 14:15:06,24.1,16100,24.1,D
sz000400,许继电气,2025-09-19 14:15:09,24.1,20100,24.1,U
sz000400,许继电气,2025-09-19 14:15:12,24.1,9100,24.1,U
sz000400,许继电气,2025-09-19 14:15:15,24.1,12200,24.1,U
sz000400,许继电气,2025-09-19 14:15:18,24.1,15100,24.1,U
sz000400,许继电气,2025-09-19 14:15:21,24.1,30600,24.1,U
sz000400,许继电气,2025-09-19 14:15:24,24.1,13900,24.1,U
sz000400,许继电气,2025-09-19 14:15:27,24.09,17300,24.1,D
sz000400,许继电气,2025-09-19 14:15:30,24.12,14900,24.09,U
sz000400,许继电气,2025-09-19 14:15:33,24.11,26000,24.12,D
sz000400,许继电气,2025-09-19 14:15:36,24.13,21900,24.11,U
sz000400,许继电气,2025-09-19 14:15:42,24.15,26400,24.11,U
sz000400,许继电气,2025-09-19 14:15:45,24.12,13500,24.15,D
sz000400,许继电气,2025-09-19 14:15:48,24.14,10200,24.12,U
sz000400,许继电气,2025-09-19 14:15:51,24.12,75600,24.14,D
sz000400,许继电气,2025-09-19 14:15:54,24.12,18383,24.12,U
sz000400,许继电气,2025-09-19 14:15:57,24.11,39900,24.12,D
sz000400,许继电气,2025-09-19 14:16:00,24.12,22100,24.11,U
sz000400,许继电气,2025-09-19 14:16:03,24.12,39400,24.12,U
sz000400,许继电气,2025-09-19 14:16:06,24.12,8800,24.12,D
sz000400,许继电气,2025-09-19 14:16:09,24.13,21800,24.12,U
sz000400,许继电气,2025-09-19 14:16:15,24.13,26600,24.13,U
sz000400,许继电气,2025-09-19 14:16:18,24.13,10200,24.13,D
sz000400,许继电气,2025-09-19 14:16:21,24.14,27900,24.13,U
sz000400,许继电气,2025-09-19 14:16:27,24.13,10400,24.13,D
sz000400,许继电气,2025-09-19 14:16:33,24.14,10800,24.14,D
sz000400,许继电气,2025-09-19 14:16:36,24.15,12800,24.14,U
sz000400,许继电气,2025-09-19 14:16:42,24.13,124700,24.16,D
sz000400,许继电气,2025-09-19 14:16:48,24.14,66700,24.14,U
sz000400,许继电气,2025-09-19 14:16:51,24.12,21800,24.14,D
sz000400,许继电气,2025-09-19 14:16:54,24.14,13400,24.12,U
sz000400,许继电气,2025-09-19 14:17:00,24.15,38400,24.14,U
sz000400,许继电气,2025-09-19 14:17:03,24.15,10700,24.15,U
sz000400,许继电气,2025-09-19 14:17:06,24.15,38500,24.15,U
sz000400,许继电气,2025-09-19 14:17:09,24.12,42000,24.15,D
sz000400,许继电气,2025-09-19 14:17:12,24.14,17500,24.12,U
sz000400,许继电气,2025-09-19 14:17:15,24.12,31500,24.14,D
sz000400,许继电气,2025-09-19 14:17:21,24.13,10600,24.11,U
sz000400,许继电气,2025-09-19 14:17:24,24.11,17717,24.13,D
sz000400,许继电气,2025-09-19 14:17:27,24.13,37400,24.11,U
sz000400,许继电气,2025-09-19 14:17:30,24.13,43200,24.13,U
sz000400,许继电气,2025-09-19 14:17:33,24.12,10500,24.13,U
sz000400,许继电气,2025-09-19 14:17:39,24.11,10100,24.11,D
sz000400,许继电气,2025-09-19 14:17:45,24.11,57900,24.13,D
sz000400,许继电气,2025-09-19 14:17:48,24.11,9900,24.11,U
sz000400,许继电气,2025-09-19 14:17:51,24.08,18100,24.11,D
sz000400,许继电气,2025-09-19 14:17:57,24.09,8700,24.08,U
sz000400,许继电气,2025-09-19 14:18:00,24.08,8700,24.09,D
sz000400,许继电气,2025-09-19 14:18:03,24.09,18000,24.08,U
sz000400,许继电气,2025-09-19 14:18:09,24.07,10600,24.08,D
sz000400,许继电气,2025-09-19 14:18:12,24.06,31500,24.07,D
sz000400,许继电气,2025-09-19 14:18:15,24.08,20900,24.06,U
sz000400,许继电气,2025-09-19 14:18:18,24.08,11500,24.08,D
sz000400,许继电气,2025-09-19 14:18:21,24.08,10500,24.08,D
sz000400,许继电气,2025-09-19 14:18:24,24.07,10800,24.08,D
sz000400,许继电气,2025-09-19 14:18:30,24.07,11100,24.07,D
sz000400,许继电气,2025-09-19 14:18:36,24.07,8400,24.07,U
sz000400,许继电气,2025-09-19 14:18:39,24.07,30900,24.07,U
sz000400,许继电气,2025-09-19 14:19:00,24.05,9700,24.05,D
sz000400,许继电气,2025-09-19 14:19:03,24.05,19300,24.05,D
sz000400,许继电气,2025-09-19 14:19:12,24.04,12400,24.03,U
sz000400,许继电气,2025-09-19 14:19:21,24.04,17300,24.05,D
sz000400,许继电气,2025-09-19 14:19:30,24.04,12400,24.05,D
sz000400,许继电气,2025-09-19 14:19:36,24.04,8700,24.04,U
sz000400,许继电气,2025-09-19 14:19:48,24.05,13200,24.04,U
sz000400,许继电气,2025-09-19 14:19:51,24.05,19400,24.05,U
sz000400,许继电气,2025-09-19 14:20:06,24.06,11800,24.06,D
sz000400,许继电气,2025-09-19 14:20:09,24.07,22500,24.06,U
sz000400,许继电气,2025-09-19 14:20:27,24.08,10000,24.08,D
sz000400,许继电气,2025-09-19 14:20:33,24.06,54900,24.09,D
sz000400,许继电气,2025-09-19 14:20:39,24.07,60100,24.09,U
sz000400,许继电气,2025-09-19 14:20:42,24.07,10000,24.07,U
sz000400,许继电气,2025-09-19 14:20:51,24.06,16900,24.07,D
sz000400,许继电气,2025-09-19 14:20:54,24.06,15700,24.06,D
sz000400,许继电气,2025-09-19 14:20:57,24.05,9700,24.06,D
sz000400,许继电气,2025-09-19 14:21:00,24.06,26100,24.05,U
sz000400,许继电气,2025-09-19 14:21:12,24.03,51700,24.04,D
sz000400,许继电气,2025-09-19 14:21:15,24.03,8700,24.03,D
sz000400,许继电气,2025-09-19 14:21:21,24.02,21100,24.03,D
sz000400,许继电气,2025-09-19 14:21:42,24.03,9700,24.03,U
sz000400,许继电气,2025-09-19 14:21:54,24.04,12100,24.02,U
sz000400,许继电气,2025-09-19 14:22:03,24.03,15800,24.03,D
sz000400,许继电气,2025-09-19 14:22:36,24.04,15500,24.03,U
sz000400,许继电气,2025-09-19 14:22:45,24.03,20300,24.04,D
sz000400,许继电气,2025-09-19 14:22:48,24.03,14900,24.03,D
sz000400,许继电气,2025-09-19 14:23:03,24.03,19000,24.03,U
sz000400,许继电气,2025-09-19 14:23:15,24.05,23100,24.04,U
sz000400,许继电气,2025-09-19 14:23:30,24.05,11400,24.05,U
sz000400,许继电气,2025-09-19 14:23:42,24.05,37100,24.05,D
sz000400,许继电气,2025-09-19 14:24:12,24.04,13000,24.05,D
sz000400,许继电气,2025-09-19 14:24:54,24.06,15200,24.05,U
sz000400,许继电气,2025-09-19 14:25:09,24.04,92500,24.06,D
sz000400,许继电气,2025-09-19 14:25:18,24.03,22400,24.04,D
sz000400,许继电气,2025-09-19 14:25:51,24.03,19300,24.05,D
sz000400,许继电气,2025-09-19 14:26:06,24.03,13400,24.03,U
sz000400,许继电气,2025-09-19 14:26:21,24.03,19800,24.03,U
sz000400,许继电气,2025-09-19 14:26:45,24.04,34600,24.04,U
sz000400,许继电气,2025-09-19 14:26:54,24.04,20400,24.05,D
sz000400,许继电气,2025-09-19 14:26:57,24.04,13900,24.04,D
sz000400,许继电气,2025-09-19 14:27:06,24.03,16500,24.05,D
sz000400,许继电气,2025-09-19 14:27:09,24.04,48700,24.03,U
sz000400,许继电气,2025-09-19 14:27:33,24.03,10800,24.04,D
sz000400,许继电气,2025-09-19 14:27:48,24.03,10300,24.03,D
sz000400,许继电气,2025-09-19 14:27:51,24.03,18400,24.03,U
sz000400,许继电气,2025-09-19 14:27:54,24.03,11800,24.03,D
sz000400,许继电气,2025-09-19 14:28:03,24.02,162200,24.03,D
sz000400,许继电气,2025-09-19 14:28:09,24.03,15400,24.02,U
sz000400,许继电气,2025-09-19 14:28:33,24.01,25400,24.01,D
sz000400,许继电气,2025-09-19 14:28:39,24.0,25400,24.01,D
sz000400,许继电气,2025-09-19 14:29:27,24.02,26800,24.02,U
sz000400,许继电气,2025-09-19 14:29:33,24.01,14750,24.02,D
sz000400,许继电气,2025-09-19 14:29:39,24.01,34400,24.02,D
sz000400,许继电气,2025-09-19 14:29:57,24.01,27600,24.01,U
sz000400,许继电气,2025-09-19 14:30:00,23.98,88350,24.01,D
sz000400,许继电气,2025-09-19 14:30:03,23.98,23200,23.98,D
sz000400,许继电气,2025-09-19 14:30:24,23.98,9900,23.97,U
sz000400,许继电气,2025-09-19 14:30:30,23.97,9900,23.97,D
sz000400,许继电气,2025-09-19 14:30:33,23.97,9300,23.97,D
sz000400,许继电气,2025-09-19 14:30:36,23.97,33400,23.97,D
sz000400,许继电气,2025-09-19 14:30:45,23.98,11500,23.97,U
sz000400,许继电气,2025-09-19 14:31:00,23.99,25300,23.98,U
sz000400,许继电气,2025-09-19 14:31:21,23.97,13200,23.98,D
sz000400,许继电气,2025-09-19 14:31:27,23.96,33800,23.97,D
sz000400,许继电气,2025-09-19 14:31:30,23.96,15900,23.96,D
sz000400,许继电气,2025-09-19 14:31:39,23.96,17000,23.97,D
sz000400,许继电气,2025-09-19 14:31:54,23.97,19100,23.96,U
sz000400,许继电气,2025-09-19 14:32:18,23.97,11200,23.97,U
sz000400,许继电气,2025-09-19 14:32:21,23.97,23400,23.97,U
sz000400,许继电气,2025-09-19 14:32:54,23.98,10900,23.99,D
sz000400,许继电气,2025-09-19 14:33:00,23.99,18000,23.99,U
sz000400,许继电气,2025-09-19 14:33:03,23.97,63300,23.99,D
sz000400,许继电气,2025-09-19 14:33:12,23.96,17800,23.96,D
sz000400,许继电气,2025-09-19 14:33:27,23.97,10000,23.96,U
sz000400,许继电气,2025-09-19 14:33:39,23.97,9500,23.97,U
sz000400,许继电气,2025-09-19 14:34:09,23.97,21600,23.97,U
sz000400,许继电气,2025-09-19 14:34:15,23.96,9000,23.96,D
sz000400,许继电气,2025-09-19 14:35:03,23.97,16200,23.97,U
sz000400,许继电气,2025-09-19 14:35:30,23.95,10900,23.95,D
sz000400,许继电气,2025-09-19 14:35:45,23.95,19100,23.95,D
sz000400,许继电气,2025-09-19 14:36:12,23.96,9400,23.95,U
sz000400,许继电气,2025-09-19 14:36:30,23.96,12500,23.96,U
sz000400,许继电气,2025-09-19 14:36:39,23.96,24500,23.96,U
sz000400,许继电气,2025-09-19 14:37:39,23.98,12500,23.98,U
sz000400,许继电气,2025-09-19 14:37:42,23.98,9600,23.98,U
sz000400,许继电气,2025-09-19 14:38:03,23.99,23500,23.99,U
sz000400,许继电气,2025-09-19 14:38:09,23.98,12800,23.98,U
sz000400,许继电气,2025-09-19 14:38:21,23.97,9500,23.98,D
sz000400,许继电气,2025-09-19 14:38:27,23.98,12500,23.97,U
sz000400,许继电气,2025-09-19 14:39:15,23.98,8900,23.98,U
sz000400,许继电气,2025-09-19 14:39:33,23.99,13100,23.99,D
sz000400,许继电气,2025-09-19 14:39:36,24.0,47300,23.99,U
sz000400,许继电气,2025-09-19 14:39:48,24.0,11600,24.0,U
sz000400,许继电气,2025-09-19 14:40:06,24.0,18600,24.0,U
sz000400,许继电气,2025-09-19 14:40:12,24.0,9000,24.0,U
sz000400,许继电气,2025-09-19 14:40:21,24.02,10900,24.01,U
sz000400,许继电气,2025-09-19 14:41:06,24.0,24300,24.01,D
sz000400,许继电气,2025-09-19 14:41:15,24.0,13600,24.0,D
sz000400,许继电气,2025-09-19 14:41:30,23.99,103800,24.0,D
sz000400,许继电气,2025-09-19 14:41:33,23.99,9000,23.99,D
sz000400,许继电气,2025-09-19 14:41:36,24.0,13400,23.99,U
sz000400,许继电气,2025-09-19 14:42:06,24.0,15800,24.0,U
sz000400,许继电气,2025-09-19 14:42:12,23.98,8500,24.0,D
sz000400,许继电气,2025-09-19 14:42:24,23.99,13700,23.99,E
sz000400,许继电气,2025-09-19 14:42:39,23.98,37700,23.99,D
sz000400,许继电气,2025-09-19 14:42:42,23.98,9900,23.98,D
sz000400,许继电气,2025-09-19 14:42:48,23.99,15900,23.99,D
sz000400,许继电气,2025-09-19 14:42:51,23.97,22400,23.99,D
sz000400,许继电气,2025-09-19 14:42:57,23.97,15800,23.98,D
sz000400,许继电气,2025-09-19 14:43:33,23.99,10800,23.98,U
sz000400,许继电气,2025-09-19 14:43:45,24.0,18900,23.99,U
sz000400,许继电气,2025-09-19 14:43:54,24.01,21100,24.01,U
sz000400,许继电气,2025-09-19 14:43:57,24.0,11300,24.01,E
sz000400,许继电气,2025-09-19 14:44:12,23.99,15400,23.99,D
sz000400,许继电气,2025-09-19 14:44:15,23.96,16000,23.99,D
sz000400,许继电气,2025-09-19 14:44:18,23.99,21500,23.96,U
sz000400,许继电气,2025-09-19 14:44:54,24.0,23500,23.99,U
sz000400,许继电气,2025-09-19 14:45:12,23.99,11200,24.0,D
sz000400,许继电气,2025-09-19 14:45:48,24.0,20200,24.0,U
sz000400,许继电气,2025-09-19 14:45:51,24.0,18600,24.0,U
sz000400,许继电气,2025-09-19 14:45:54,23.99,8600,24.0,D
sz000400,许继电气,2025-09-19 14:46:00,24.0,56800,24.0,D
sz000400,许继电气,2025-09-19 14:46:09,24.01,8600,24.01,U
sz000400,许继电气,2025-09-19 14:46:12,23.99,46800,24.01,D
sz000400,许继电气,2025-09-19 14:46:18,24.0,13700,23.99,U
sz000400,许继电气,2025-09-19 14:46:21,23.99,12100,24.0,D
sz000400,许继电气,2025-09-19 14:46:33,23.99,15800,23.99,U
sz000400,许继电气,2025-09-19 14:46:36,23.99,14200,23.99,U
sz000400,许继电气,2025-09-19 14:46:45,23.99,9900,23.99,D
sz000400,许继电气,2025-09-19 14:47:00,23.98,31800,23.99,D
sz000400,许继电气,2025-09-19 14:47:03,23.97,13100,23.98,D
sz000400,许继电气,2025-09-19 14:47:18,23.98,9000,23.98,U
sz000400,许继电气,2025-09-19 14:47:24,23.97,8900,23.98,D
sz000400,许继电气,2025-09-19 14:47:33,23.97,18100,23.98,D
sz000400,许继电气,2025-09-19 14:47:54,23.97,11500,23.97,D
sz000400,许继电气,2025-09-19 14:48:24,23.96,15600,23.97,D
sz000400,许继电气,2025-09-19 14:48:42,23.97,20200,23.97,U
sz000400,许继电气,2025-09-19 14:48:45,23.97,10900,23.97,U
sz000400,许继电气,2025-09-19 14:48:54,23.97,10900,23.97,U
sz000400,许继电气,2025-09-19 14:49:03,23.97,13300,23.96,U
sz000400,许继电气,2025-09-19 14:49:15,23.97,12000,23.97,U
sz000400,许继电气,2025-09-19 14:49:39,23.96,12800,23.97,D
sz000400,许继电气,2025-09-19 14:49:48,23.97,38700,23.97,U
sz000400,许继电气,2025-09-19 14:50:00,23.96,33100,23.97,D
sz000400,许继电气,2025-09-19 14:50:03,23.98,17100,23.96,U
sz000400,许继电气,2025-09-19 14:50:21,23.96,9900,23.97,D
sz000400,许继电气,2025-09-19 14:50:30,23.96,19200,23.97,D
sz000400,许继电气,2025-09-19 14:50:39,23.96,45600,23.97,D
sz000400,许继电气,2025-09-19 14:50:48,23.96,8700,23.97,D
sz000400,许继电气,2025-09-19 14:50:57,23.96,30900,23.96,D
sz000400,许继电气,2025-09-19 14:51:03,23.96,78661,23.95,U
sz000400,许继电气,2025-09-19 14:51:06,23.95,27100,23.96,D
sz000400,许继电气,2025-09-19 14:51:09,23.95,36800,23.95,D
sz000400,许继电气,2025-09-19 14:51:18,23.95,28900,23.95,D
sz000400,许继电气,2025-09-19 14:51:21,23.96,9700,23.95,U
sz000400,许继电气,2025-09-19 14:51:24,23.97,9100,23.96,U
sz000400,许继电气,2025-09-19 14:51:51,23.97,47300,23.97,U
sz000400,许继电气,2025-09-19 14:52:24,23.97,8600,23.97,D
sz000400,许继电气,2025-09-19 14:52:27,23.96,8700,23.97,D
sz000400,许继电气,2025-09-19 14:52:30,23.98,18100,23.96,U
sz000400,许继电气,2025-09-19 14:52:33,23.98,8400,23.98,U
sz000400,许继电气,2025-09-19 14:52:57,23.98,27700,23.98,U
sz000400,许继电气,2025-09-19 14:53:00,23.98,33800,23.98,D
sz000400,许继电气,2025-09-19 14:53:03,23.97,34900,23.98,D
sz000400,许继电气,2025-09-19 14:53:09,23.98,8700,23.98,U
sz000400,许继电气,2025-09-19 14:53:15,23.98,11500,23.98,U
sz000400,许继电气,2025-09-19 14:53:30,23.97,8500,23.98,D
sz000400,许继电气,2025-09-19 14:53:36,23.97,19400,23.98,D
sz000400,许继电气,2025-09-19 14:53:51,23.98,76600,23.98,U
sz000400,许继电气,2025-09-19 14:53:54,23.97,59600,23.98,E
sz000400,许继电气,2025-09-19 14:53:57,23.97,9900,23.97,U
sz000400,许继电气,2025-09-19 14:54:00,23.96,64100,23.97,D
sz000400,许继电气,2025-09-19 14:54:06,23.96,21200,23.97,D
sz000400,许继电气,2025-09-19 14:54:21,23.98,12800,23.98,U
sz000400,许继电气,2025-09-19 14:54:33,23.97,16900,23.97,D
sz000400,许继电气,2025-09-19 14:54:42,23.98,34500,23.98,U
sz000400,许继电气,2025-09-19 14:54:45,23.98,24100,23.98,U
sz000400,许继电气,2025-09-19 14:54:48,23.98,20400,23.98,U
sz000400,许继电气,2025-09-19 14:54:57,23.99,21400,23.99,U
sz000400,许继电气,2025-09-19 14:55:00,23.99,23000,23.99,U
sz000400,许继电气,2025-09-19 14:55:09,23.98,9900,23.98,D
sz000400,许继电气,2025-09-19 14:55:15,23.99,10200,23.98,U
sz000400,许继电气,2025-09-19 14:55:18,23.99,40200,23.99,U
sz000400,许继电气,2025-09-19 14:55:30,23.98,13501,23.98,U
sz000400,许继电气,2025-09-19 14:55:36,23.97,29500,23.98,D
sz000400,许继电气,2025-09-19 14:55:39,23.98,8600,23.97,U
sz000400,许继电气,2025-09-19 14:55:42,23.97,44419,23.98,D
sz000400,许继电气,2025-09-19 14:55:48,23.97,8800,23.97,D
sz000400,许继电气,2025-09-19 14:55:51,23.98,33800,23.97,U
sz000400,许继电气,2025-09-19 14:55:57,23.97,14400,23.98,D
sz000400,许继电气,2025-09-19 14:56:00,23.98,30846,23.97,U
sz000400,许继电气,2025-09-19 14:56:15,23.97,11800,23.97,D
sz000400,许继电气,2025-09-19 14:56:21,23.97,24400,23.97,D
sz000400,许继电气,2025-09-19 14:56:24,23.97,9500,23.97,D
sz000400,许继电气,2025-09-19 14:56:27,23.97,14800,23.97,D
sz000400,许继电气,2025-09-19 14:56:30,23.97,12400,23.97,D
sz000400,许继电气,2025-09-19 14:56:33,23.97,15100,23.97,D
sz000400,许继电气,2025-09-19 14:56:39,23.98,12000,23.97,U
sz000400,许继电气,2025-09-19 14:56:42,23.97,11400,23.98,D
sz000400,许继电气,2025-09-19 14:56:45,23.98,14900,23.97,U
sz000400,许继电气,2025-09-19 14:56:51,23.98,29200,23.98,U
sz000400,许继电气,2025-09-19 14:56:54,23.98,8500,23.98,U
sz000400,许继电气,2025-09-19 14:57:00,23.99,22400,23.98,U
sz000400,许继电气,2025-09-19 15:00:00,23.95,451239,23.99,D
