symbol,name,ticktime,price,volume,prev_price,kind
sz000400,许继电气,2025-09-17 09:25:00,23.41,59700,0.0,E
sz000400,许继电气,2025-09-17 09:30:00,23.43,12700,23.41,U
sz000400,许继电气,2025-09-17 09:30:03,23.43,74800,23.43,D
sz000400,许继电气,2025-09-17 09:30:06,23.42,26000,23.43,D
sz000400,许继电气,2025-09-17 09:30:12,23.41,48000,23.42,D
sz000400,许继电气,2025-09-17 09:30:15,23.41,28500,23.41,D
sz000400,许继电气,2025-09-17 09:30:21,23.4,14700,23.41,D
sz000400,许继电气,2025-09-17 09:30:27,23.42,15700,23.4,U
sz000400,许继电气,2025-09-17 09:30:30,23.44,12100,23.42,U
sz000400,许继电气,2025-09-17 09:30:36,23.47,20200,23.44,U
sz000400,许继电气,2025-09-17 09:30:42,23.47,29400,23.47,D
sz000400,许继电气,2025-09-17 09:30:45,23.49,24100,23.47,U
sz000400,许继电气,2025-09-17 09:30:48,23.54,150000,23.49,U
sz000400,许继电气,2025-09-17 09:30:51,23.58,52600,23.54,U
sz000400,许继电气,2025-09-17 09:30:54,23.59,51600,23.58,U
sz000400,许继电气,2025-09-17 09:30:57,23.63,30500,23.59,U
sz000400,许继电气,2025-09-17 09:31:00,23.75,164900,23.63,U
sz000400,许继电气,2025-09-17 09:31:03,23.76,66000,23.75,U
sz000400,许继电气,2025-09-17 09:31:06,23.73,25200,23.76,D
sz000400,许继电气,2025-09-17 09:31:09,23.69,32400,23.73,D
sz000400,许继电气,2025-09-17 09:31:12,23.7,24900,23.69,E
sz000400,许继电气,2025-09-17 09:31:15,23.7,28700,23.7,D
sz000400,许继电气,2025-09-17 09:31:18,23.68,14800,23.7,D
sz000400,许继电气,2025-09-17 09:31:21,23.67,64900,23.68,D
sz000400,许继电气,2025-09-17 09:31:24,23.66,17000,23.67,E
sz000400,许继电气,2025-09-17 09:31:30,23.66,13100,23.66,U
sz000400,许继电气,2025-09-17 09:31:33,23.64,20700,23.66,E
sz000400,许继电气,2025-09-17 09:31:36,23.68,144400,23.64,U
sz000400,许继电气,2025-09-17 09:31:39,23.68,53000,23.68,D
sz000400,许继电气,2025-09-17 09:31:45,23.68,11500,23.67,U
sz000400,许继电气,2025-09-17 09:31:48,23.68,45600,23.68,U
sz000400,许继电气,2025-09-17 09:31:51,23.66,11700,23.68,D
sz000400,许继电气,2025-09-17 09:31:54,23.68,17100,23.66,U
sz000400,许继电气,2025-09-17 09:31:57,23.64,11100,23.68,D
sz000400,许继电气,2025-09-17 09:32:00,23.64,16400,23.64,D
sz000400,许继电气,2025-09-17 09:32:03,23.66,14800,23.64,U
sz000400,许继电气,2025-09-17 09:32:06,23.64,25800,23.66,D
sz000400,许继电气,2025-09-17 09:32:09,23.64,10000,23.64,D
sz000400,许继电气,2025-09-17 09:32:12,23.64,15500,23.64,D
sz000400,许继电气,2025-09-17 09:32:15,23.64,30200,23.64,D
sz000400,许继电气,2025-09-17 09:32:21,23.62,21600,23.63,D
sz000400,许继电气,2025-09-17 09:32:30,23.62,22800,23.62,U
sz000400,许继电气,2025-09-17 09:32:33,23.61,13300,23.62,D
sz000400,许继电气,2025-09-17 09:32:39,23.61,24600,23.61,U
sz000400,许继电气,2025-09-17 09:32:42,23.6,13700,23.61,E
sz000400,许继电气,2025-09-17 09:32:48,23.58,26000,23.6,D
sz000400,许继电气,2025-09-17 09:32:51,23.6,26500,23.58,U
sz000400,许继电气,2025-09-17 09:32:54,23.62,27900,23.6,U
sz000400,许继电气,2025-09-17 09:33:00,23.59,10500,23.6,D
sz000400,许继电气,2025-09-17 09:33:03,23.58,45300,23.59,D
sz000400,许继电气,2025-09-17 09:33:06,23.62,23800,23.58,U
sz000400,许继电气,2025-09-17 09:33:09,23.6,12000,23.62,D
sz000400,许继电气,2025-09-17 09:33:12,23.61,42500,23.6,U
sz000400,许继电气,2025-09-17 09:33:15,23.61,14400,23.61,D
sz000400,许继电气,2025-09-17 09:33:21,23.61,9000,23.61,D
sz000400,许继电气,2025-09-17 09:33:24,23.64,25100,23.61,U
sz000400,许继电气,2025-09-17 09:33:27,23.63,12200,23.64,D
sz000400,许继电气,2025-09-17 09:33:42,23.64,42600,23.62,U
sz000400,许继电气,2025-09-17 09:33:45,23.63,9400,23.64,E
sz000400,许继电气,2025-09-17 09:33:54,23.65,16500,23.64,U
sz000400,许继电气,2025-09-17 09:33:57,23.64,10300,23.65,D
sz000400,许继电气,2025-09-17 09:34:00,23.66,41200,23.64,U
sz000400,许继电气,2025-09-17 09:34:03,23.66,174700,23.66,U
sz000400,许继电气,2025-09-17 09:34:06,23.68,20100,23.66,E
sz000400,许继电气,2025-09-17 09:34:09,23.71,19500,23.68,U
sz000400,许继电气,2025-09-17 09:34:15,23.7,11400,23.71,U
sz000400,许继电气,2025-09-17 09:34:18,23.7,9400,23.7,U
sz000400,许继电气,2025-09-17 09:34:21,23.7,20100,23.7,U
sz000400,许继电气,2025-09-17 09:34:27,23.7,15400,23.69,U
sz000400,许继电气,2025-09-17 09:34:30,23.69,27500,23.7,E
sz000400,许继电气,2025-09-17 09:34:36,23.69,30700,23.67,U
sz000400,许继电气,2025-09-17 09:34:39,23.68,15900,23.69,E
sz000400,许继电气,2025-09-17 09:34:42,23.67,9400,23.68,E
sz000400,许继电气,2025-09-17 09:34:45,23.68,16700,23.67,U
sz000400,许继电气,2025-09-17 09:34:48,23.67,15700,23.68,E
sz000400,许继电气,2025-09-17 09:34:51,23.68,11900,23.67,U
sz000400,许继电气,2025-09-17 09:34:54,23.65,15400,23.68,D
sz000400,许继电气,2025-09-17 09:34:57,23.65,12300,23.65,U
sz000400,许继电气,2025-09-17 09:35:00,23.67,14100,23.65,U
sz000400,许继电气,2025-09-17 09:35:09,23.65,12400,23.65,D
sz000400,许继电气,2025-09-17 09:35:12,23.65,10500,23.65,D
sz000400,许继电气,2025-09-17 09:35:21,23.65,39300,23.65,U
sz000400,许继电气,2025-09-17 09:35:33,23.65,35400,23.66,U
sz000400,许继电气,2025-09-17 09:35:39,23.65,12300,23.64,U
sz000400,许继电气,2025-09-17 09:35:42,23.65,12100,23.65,U
sz000400,许继电气,2025-09-17 09:35:51,23.65,15600,23.65,D
sz000400,许继电气,2025-09-17 09:35:54,23.66,18300,23.65,U
sz000400,许继电气,2025-09-17 09:36:00,23.67,13600,23.66,U
sz000400,许继电气,2025-09-17 09:36:03,23.67,17000,23.67,U
sz000400,许继电气,2025-09-17 09:36:09,23.66,15500,23.67,D
sz000400,许继电气,2025-09-17 09:36:15,23.66,8500,23.66,D
sz000400,许继电气,2025-09-17 09:36:18,23.66,12400,23.66,D
sz000400,许继电气,2025-09-17 09:36:21,23.66,27200,23.66,D
sz000400,许继电气,2025-09-17 09:36:24,23.66,37900,23.66,D
sz000400,许继电气,2025-09-17 09:36:27,23.67,15100,23.66,U
sz000400,许继电气,2025-09-17 09:36:30,23.68,8900,23.67,U
sz000400,许继电气,2025-09-17 09:36:33,23.67,15200,23.68,D
sz000400,许继电气,2025-09-17 09:36:39,23.67,11500,23.67,D
sz000400,许继电气,2025-09-17 09:36:48,23.66,30300,23.67,D
sz000400,许继电气,2025-09-17 09:36:51,23.65,10900,23.66,D
sz000400,许继电气,2025-09-17 09:36:54,23.64,37700,23.65,D
sz000400,许继电气,2025-09-17 09:37:03,23.69,187200,23.64,U
sz000400,许继电气,2025-09-17 09:37:06,23.66,10600,23.69,D
sz000400,许继电气,2025-09-17 09:37:12,23.68,37100,23.69,E
sz000400,许继电气,2025-09-17 09:37:18,23.68,11700,23.68,U
sz000400,许继电气,2025-09-17 09:37:21,23.68,19600,23.68,U
sz000400,许继电气,2025-09-17 09:37:27,23.66,10100,23.68,D
sz000400,许继电气,2025-09-17 09:37:30,23.66,10000,23.66,U
sz000400,许继电气,2025-09-17 09:37:33,23.68,13000,23.66,U
sz000400,许继电气,2025-09-17 09:37:45,23.66,10800,23.68,D
sz000400,许继电气,2025-09-17 09:37:48,23.66,24500,23.66,U
sz000400,许继电气,2025-09-17 09:37:54,23.68,20700,23.67,U
sz000400,许继电气,2025-09-17 09:38:00,23.68,37400,23.68,U
sz000400,许继电气,2025-09-17 09:38:03,23.68,17900,23.68,U
sz000400,许继电气,2025-09-17 09:38:06,23.67,21400,23.68,D
sz000400,许继电气,2025-09-17 09:38:09,23.66,12800,23.67,D
sz000400,许继电气,2025-09-17 09:38:12,23.66,10400,23.66,D
sz000400,许继电气,2025-09-17 09:38:15,23.65,38600,23.66,D
sz000400,许继电气,2025-09-17 09:38:18,23.67,10100,23.65,U
sz000400,许继电气,2025-09-17 09:38:24,23.65,14300,23.66,D
sz000400,许继电气,2025-09-17 09:38:27,23.64,18500,23.65,D
sz000400,许继电气,2025-09-17 09:38:36,23.65,11100,23.65,U
sz000400,许继电气,2025-09-17 09:38:48,23.62,20300,23.63,D
sz000400,许继电气,2025-09-17 09:38:54,23.64,45500,23.63,U
sz000400,许继电气,2025-09-17 09:39:09,23.65,12200,23.65,U
sz000400,许继电气,2025-09-17 09:39:18,23.66,8700,23.64,U
sz000400,许继电气,2025-09-17 09:39:27,23.74,331300,23.65,U
sz000400,许继电气,2025-09-17 09:39:30,23.75,156300,23.74,U
sz000400,许继电气,2025-09-17 09:39:36,23.75,18800,23.75,D
sz000400,许继电气,2025-09-17 09:39:39,23.75,14900,23.75,U
sz000400,许继电气,2025-09-17 09:39:42,23.73,28400,23.75,E
sz000400,许继电气,2025-09-17 09:39:45,23.72,10800,23.73,D
sz000400,许继电气,2025-09-17 09:39:51,23.73,20200,23.73,U
sz000400,许继电气,2025-09-17 09:39:54,23.75,13700,23.73,U
sz000400,许继电气,2025-09-17 09:40:00,23.74,13300,23.75,D
sz000400,许继电气,2025-09-17 09:40:03,23.73,11400,23.74,U
sz000400,许继电气,2025-09-17 09:40:12,23.74,8600,23.73,U
sz000400,许继电气,2025-09-17 09:40:15,23.73,23000,23.74,D
sz000400,许继电气,2025-09-17 09:40:18,23.72,14700,23.73,D
sz000400,许继电气,2025-09-17 09:40:36,23.68,27300,23.68,U
sz000400,许继电气,2025-09-17 09:40:42,23.66,63700,23.68,D
sz000400,许继电气,2025-09-17 09:41:00,23.7,12300,23.71,D
sz000400,许继电气,2025-09-17 09:41:09,23.71,9600,23.71,D
sz000400,许继电气,2025-09-17 09:41:12,23.7,18600,23.71,D
sz000400,许继电气,2025-09-17 09:41:36,23.67,25500,23.7,D
sz000400,许继电气,2025-09-17 09:41:39,23.68,14000,23.67,U
sz000400,许继电气,2025-09-17 09:41:42,23.68,15000,23.68,U
sz000400,许继电气,2025-09-17 09:42:06,23.67,24900,23.67,U
sz000400,许继电气,2025-09-17 09:42:24,23.67,25800,23.68,D
sz000400,许继电气,2025-09-17 09:42:27,23.69,12700,23.67,U
sz000400,许继电气,2025-09-17 09:43:00,23.67,19100,23.68,D
sz000400,许继电气,2025-09-17 09:43:03,23.66,46000,23.67,D
sz000400,许继电气,2025-09-17 09:43:12,23.65,52200,23.65,D
sz000400,许继电气,2025-09-17 09:43:30,23.66,11000,23.65,U
sz000400,许继电气,2025-09-17 09:43:45,23.66,9600,23.65,U
sz000400,许继电气,2025-09-17 09:44:18,23.66,17200,23.66,D
sz000400,许继电气,2025-09-17 09:44:21,23.67,25600,23.66,U
sz000400,许继电气,2025-09-17 09:44:36,23.68,22700,23.68,U
sz000400,许继电气,2025-09-17 09:44:45,23.67,8800,23.68,D
sz000400,许继电气,2025-09-17 09:45:24,23.67,13400,23.67,D
sz000400,许继电气,2025-09-17 09:45:30,23.66,27100,23.67,D
sz000400,许继电气,2025-09-17 09:45:36,23.65,11800,23.66,D
sz000400,许继电气,2025-09-17 09:45:39,23.64,35600,23.65,D
sz000400,许继电气,2025-09-17 09:45:42,23.64,14400,23.64,D
sz000400,许继电气,2025-09-17 09:45:45,23.65,11900,23.64,U
sz000400,许继电气,2025-09-17 09:46:21,23.62,13700,23.63,D
sz000400,许继电气,2025-09-17 09:46:30,23.62,13600,23.63,D
sz000400,许继电气,2025-09-17 09:46:36,23.61,11200,23.62,D
sz000400,许继电气,2025-09-17 09:46:48,23.62,21000,23.62,D
sz000400,许继电气,2025-09-17 09:46:51,23.61,43600,23.62,D
sz000400,许继电气,2025-09-17 09:46:54,23.61,13200,23.61,U
sz000400,许继电气,2025-09-17 09:48:09,23.62,17100,23.62,U
sz000400,许继电气,2025-09-17 09:48:21,23.59,82500,23.62,D
sz000400,许继电气,2025-09-17 09:48:33,23.59,17400,23.61,D
sz000400,许继电气,2025-09-17 09:48:36,23.61,21800,23.59,E
sz000400,许继电气,2025-09-17 09:48:39,23.61,42200,23.61,E
sz000400,许继电气,2025-09-17 09:48:48,23.65,67700,23.65,U
sz000400,许继电气,2025-09-17 09:49:27,23.63,9300,23.63,D
sz000400,许继电气,2025-09-17 09:49:42,23.64,13900,23.63,U
sz000400,许继电气,2025-09-17 09:50:30,23.63,52100,23.64,D
sz000400,许继电气,2025-09-17 09:50:45,23.64,8600,23.62,U
sz000400,许继电气,2025-09-17 09:51:54,23.63,15300,23.63,D
sz000400,许继电气,2025-09-17 09:52:09,23.61,49500,23.63,D
sz000400,许继电气,2025-09-17 09:52:48,23.62,23800,23.62,D
sz000400,许继电气,2025-09-17 09:53:09,23.61,12900,23.62,D
sz000400,许继电气,2025-09-17 09:53:24,23.63,17000,23.62,U
sz000400,许继电气,2025-09-17 09:53:27,23.64,25000,23.63,U
sz000400,许继电气,2025-09-17 09:53:42,23.64,10800,23.64,U
sz000400,许继电气,2025-09-17 09:53:48,23.64,11300,23.63,U
sz000400,许继电气,2025-09-17 09:54:39,23.64,13400,23.63,U
sz000400,许继电气,2025-09-17 09:54:57,23.63,9600,23.63,D
sz000400,许继电气,2025-09-17 09:55:36,23.63,11000,23.64,D
sz000400,许继电气,2025-09-17 09:55:51,23.62,10500,23.63,D
sz000400,许继电气,2025-09-17 09:56:24,23.62,9800,23.62,D
sz000400,许继电气,2025-09-17 09:56:36,23.62,26300,23.62,D
sz000400,许继电气,2025-09-17 09:57:06,23.61,8900,23.61,D
sz000400,许继电气,2025-09-17 09:57:42,23.59,50200,23.6,D
sz000400,许继电气,2025-09-17 09:58:18,23.58,17100,23.58,D
sz000400,许继电气,2025-09-17 09:58:24,23.58,10600,23.58,D
sz000400,许继电气,2025-09-17 09:58:33,23.58,9000,23.58,D
sz000400,许继电气,2025-09-17 09:59:24,23.57,10500,23.57,D
sz000400,许继电气,2025-09-17 10:00:00,23.56,14900,23.56,D
sz000400,许继电气,2025-09-17 10:00:03,23.54,54200,23.56,D
sz000400,许继电气,2025-09-17 10:00:36,23.54,18300,23.53,U
sz000400,许继电气,2025-09-17 10:01:30,23.55,8900,23.55,U
sz000400,许继电气,2025-09-17 10:01:42,23.55,10900,23.55,D
sz000400,许继电气,2025-09-17 10:01:48,23.56,14300,23.55,U
sz000400,许继电气,2025-09-17 10:02:03,23.56,20900,23.56,D
sz000400,许继电气,2025-09-17 10:02:09,23.56,17000,23.56,D
sz000400,许继电气,2025-09-17 10:02:30,23.55,9900,23.55,D
sz000400,许继电气,2025-09-17 10:03:03,23.54,8500,23.54,D
sz000400,许继电气,2025-09-17 10:03:48,23.53,25700,23.54,D
sz000400,许继电气,2025-09-17 10:04:21,23.52,11000,23.52,D
sz000400,许继电气,2025-09-17 10:04:27,23.52,30500,23.52,U
sz000400,许继电气,2025-09-17 10:04:36,23.52,20300,23.52,U
sz000400,许继电气,2025-09-17 10:04:39,23.52,11200,23.52,U
sz000400,许继电气,2025-09-17 10:05:03,23.53,12200,23.52,U
sz000400,许继电气,2025-09-17 10:05:09,23.53,18700,23.52,D
sz000400,许继电气,2025-09-17 10:05:21,23.53,8900,23.53,D
sz000400,许继电气,2025-09-17 10:06:33,23.56,15300,23.56,U
sz000400,许继电气,2025-09-17 10:07:03,23.55,16600,23.55,D
sz000400,许继电气,2025-09-17 10:07:06,23.55,10600,23.55,D
sz000400,许继电气,2025-09-17 10:07:12,23.54,26800,23.55,D
sz000400,许继电气,2025-09-17 10:07:21,23.54,14400,23.54,D
sz000400,许继电气,2025-09-17 10:07:24,23.54,24400,23.54,D
sz000400,许继电气,2025-09-17 10:07:33,23.55,8500,23.54,U
sz000400,许继电气,2025-09-17 10:08:09,23.56,28300,23.56,U
sz000400,许继电气,2025-09-17 10:08:12,23.55,8700,23.56,D
sz000400,许继电气,2025-09-17 10:08:45,23.53,12900,23.54,D
sz000400,许继电气,2025-09-17 10:09:12,23.53,11400,23.53,D
sz000400,许继电气,2025-09-17 10:12:24,23.52,13000,23.52,D
sz000400,许继电气,2025-09-17 10:12:27,23.53,9100,23.52,U
sz000400,许继电气,2025-09-17 10:13:48,23.53,9400,23.53,U
sz000400,许继电气,2025-09-17 10:14:36,23.53,11700,23.53,U
sz000400,许继电气,2025-09-17 10:15:33,23.54,11600,23.54,U
sz000400,许继电气,2025-09-17 10:17:03,23.55,19900,23.55,D
sz000400,许继电气,2025-09-17 10:17:39,23.55,21300,23.55,D
sz000400,许继电气,2025-09-17 10:19:51,23.56,15100,23.56,U
sz000400,许继电气,2025-09-17 10:20:36,23.56,11900,23.56,D
sz000400,许继电气,2025-09-17 10:20:54,23.55,11600,23.55,D
sz000400,许继电气,2025-09-17 10:21:12,23.54,10900,23.54,D
sz000400,许继电气,2025-09-17 10:21:48,23.52,52400,23.53,D
sz000400,许继电气,2025-09-17 10:22:36,23.51,54300,23.51,D
sz000400,许继电气,2025-09-17 10:23:30,23.5,40600,23.5,D
sz000400,许继电气,2025-09-17 10:23:33,23.51,16100,23.5,U
sz000400,许继电气,2025-09-17 10:25:03,23.5,42000,23.51,D
sz000400,许继电气,2025-09-17 10:25:27,23.51,9200,23.51,U
sz000400,许继电气,2025-09-17 10:25:51,23.49,46000,23.5,D
sz000400,许继电气,2025-09-17 10:25:54,23.5,19800,23.49,U
sz000400,许继电气,2025-09-17 10:26:15,23.49,11000,23.49,D
sz000400,许继电气,2025-09-17 10:26:33,23.5,32600,23.49,U
sz000400,许继电气,2025-09-17 10:27:24,23.48,9000,23.48,D
sz000400,许继电气,2025-09-17 10:27:30,23.48,19100,23.48,D
sz000400,许继电气,2025-09-17 10:27:39,23.48,17700,23.49,D
sz000400,许继电气,2025-09-17 10:27:48,23.49,20100,23.48,U
sz000400,许继电气,2025-09-17 10:28:12,23.49,19500,23.49,U
sz000400,许继电气,2025-09-17 10:28:24,23.48,9000,23.48,D
sz000400,许继电气,2025-09-17 10:28:39,23.48,17300,23.49,D
sz000400,许继电气,2025-09-17 10:28:42,23.5,23600,23.48,U
sz000400,许继电气,2025-09-17 10:29:03,23.5,41200,23.5,U
sz000400,许继电气,2025-09-17 10:30:00,23.5,9300,23.5,D
sz000400,许继电气,2025-09-17 10:30:30,23.5,17000,23.51,D
sz000400,许继电气,2025-09-17 10:31:12,23.54,34200,23.5,U
sz000400,许继电气,2025-09-17 10:32:24,23.56,11300,23.55,U
sz000400,许继电气,2025-09-17 10:32:42,23.56,13200,23.56,U
sz000400,许继电气,2025-09-17 10:33:18,23.56,26400,23.56,U
sz000400,许继电气,2025-09-17 10:33:57,23.6,50400,23.57,U
sz000400,许继电气,2025-09-17 10:35:00,23.57,15500,23.58,D
sz000400,许继电气,2025-09-17 10:35:54,23.57,22500,23.55,U
sz000400,许继电气,2025-09-17 10:36:09,23.6,53100,23.56,U
sz000400,许继电气,2025-09-17 10:36:12,23.6,15600,23.6,U
sz000400,许继电气,2025-09-17 10:36:27,23.6,12800,23.6,U
sz000400,许继电气,2025-09-17 10:36:36,23.6,16100,23.6,D
sz000400,许继电气,2025-09-17 10:37:00,23.62,8600,23.62,U
sz000400,许继电气,2025-09-17 10:37:06,23.66,183700,23.63,U
sz000400,许继电气,2025-09-17 10:37:09,23.7,134700,23.66,U
sz000400,许继电气,2025-09-17 10:37:12,23.71,81000,23.7,U
sz000400,许继电气,2025-09-17 10:37:18,23.72,12600,23.7,U
sz000400,许继电气,2025-09-17 10:37:21,23.72,13100,23.72,U
sz000400,许继电气,2025-09-17 10:37:27,23.72,17200,23.71,U
sz000400,许继电气,2025-09-17 10:37:39,23.72,14200,23.71,U
sz000400,许继电气,2025-09-17 10:37:45,23.72,15100,23.71,U
sz000400,许继电气,2025-09-17 10:37:48,23.72,21800,23.72,U
sz000400,许继电气,2025-09-17 10:37:51,23.71,27300,23.72,D
sz000400,许继电气,2025-09-17 10:37:54,23.72,46500,23.71,U
sz000400,许继电气,2025-09-17 10:37:57,23.69,53000,23.72,D
sz000400,许继电气,2025-09-17 10:38:03,23.72,99100,23.69,U
sz000400,许继电气,2025-09-17 10:38:06,23.7,53600,23.72,D
sz000400,许继电气,2025-09-17 10:38:09,23.7,28000,23.7,U
sz000400,许继电气,2025-09-17 10:38:12,23.7,10400,23.7,U
sz000400,许继电气,2025-09-17 10:38:21,23.72,93200,23.69,U
sz000400,许继电气,2025-09-17 10:38:33,23.71,15700,23.71,D
sz000400,许继电气,2025-09-17 10:38:36,23.72,18500,23.71,U
sz000400,许继电气,2025-09-17 10:38:42,23.72,21300,23.71,U
sz000400,许继电气,2025-09-17 10:38:45,23.73,12300,23.72,U
sz000400,许继电气,2025-09-17 10:38:57,23.71,10500,23.71,D
sz000400,许继电气,2025-09-17 10:39:00,23.71,36300,23.71,D
sz000400,许继电气,2025-09-17 10:39:06,23.7,73800,23.71,D
sz000400,许继电气,2025-09-17 10:39:09,23.71,87900,23.7,U
sz000400,许继电气,2025-09-17 10:39:12,23.71,57500,23.71,D
sz000400,许继电气,2025-09-17 10:39:21,23.72,70300,23.72,D
sz000400,许继电气,2025-09-17 10:39:24,23.73,34800,23.72,U
sz000400,许继电气,2025-09-17 10:39:27,23.73,8900,23.73,D
sz000400,许继电气,2025-09-17 10:39:30,23.74,15200,23.73,U
sz000400,许继电气,2025-09-17 10:39:33,23.76,353000,23.74,U
sz000400,许继电气,2025-09-17 10:39:36,23.76,9100,23.76,D
sz000400,许继电气,2025-09-17 10:39:42,23.75,68600,23.76,D
sz000400,许继电气,2025-09-17 10:39:45,23.75,20800,23.75,U
sz000400,许继电气,2025-09-17 10:39:48,23.75,45900,23.75,U
sz000400,许继电气,2025-09-17 10:39:54,23.74,31500,23.75,D
sz000400,许继电气,2025-09-17 10:39:57,23.74,19800,23.74,D
sz000400,许继电气,2025-09-17 10:40:03,23.74,13900,23.74,U
sz000400,许继电气,2025-09-17 10:40:06,23.75,15000,23.74,U
sz000400,许继电气,2025-09-17 10:40:09,23.75,37000,23.75,U
sz000400,许继电气,2025-09-17 10:40:15,23.74,44700,23.74,D
sz000400,许继电气,2025-09-17 10:40:18,23.74,12100,23.74,D
sz000400,许继电气,2025-09-17 10:40:21,23.74,61400,23.74,D
sz000400,许继电气,2025-09-17 10:40:24,23.76,325700,23.74,U
sz000400,许继电气,2025-09-17 10:40:30,23.76,9900,23.76,D
sz000400,许继电气,2025-09-17 10:40:33,23.77,32100,23.76,U
sz000400,许继电气,2025-09-17 10:40:39,23.77,14600,23.77,D
sz000400,许继电气,2025-09-17 10:40:42,23.77,10400,23.77,D
sz000400,许继电气,2025-09-17 10:40:45,23.77,10300,23.77,D
sz000400,许继电气,2025-09-17 10:40:51,23.77,27600,23.77,D
sz000400,许继电气,2025-09-17 10:40:54,23.77,15200,23.77,U
sz000400,许继电气,2025-09-17 10:40:57,23.77,17800,23.77,U
sz000400,许继电气,2025-09-17 10:41:03,23.77,41300,23.77,U
sz000400,许继电气,2025-09-17 10:41:06,23.76,14800,23.77,D
sz000400,许继电气,2025-09-17 10:41:09,23.77,10800,23.76,U
sz000400,许继电气,2025-09-17 10:41:21,23.76,50400,23.77,D
sz000400,许继电气,2025-09-17 10:41:24,23.75,28700,23.76,D
sz000400,许继电气,2025-09-17 10:41:30,23.76,13900,23.75,U
sz000400,许继电气,2025-09-17 10:41:51,23.73,11700,23.73,D
sz000400,许继电气,2025-09-17 10:42:06,23.72,46600,23.72,U
sz000400,许继电气,2025-09-17 10:42:12,23.7,20300,23.72,D
sz000400,许继电气,2025-09-17 10:42:15,23.71,20100,23.7,U
sz000400,许继电气,2025-09-17 10:42:27,23.72,10900,23.71,U
sz000400,许继电气,2025-09-17 10:42:33,23.71,11200,23.71,U
sz000400,许继电气,2025-09-17 10:42:39,23.72,21700,23.71,U
sz000400,许继电气,2025-09-17 10:42:42,23.72,12600,23.72,D
sz000400,许继电气,2025-09-17 10:42:54,23.71,30600,23.71,D
sz000400,许继电气,2025-09-17 10:43:06,23.7,18200,23.71,D
sz000400,许继电气,2025-09-17 10:43:15,23.7,14100,23.7,D
sz000400,许继电气,2025-09-17 10:43:21,23.69,23200,23.7,D
sz000400,许继电气,2025-09-17 10:43:24,23.69,21200,23.69,D
sz000400,许继电气,2025-09-17 10:43:48,23.68,16200,23.67,U
sz000400,许继电气,2025-09-17 10:44:12,23.68,10300,23.67,U
sz000400,许继电气,2025-09-17 10:44:30,23.69,10900,23.68,U
sz000400,许继电气,2025-09-17 10:44:51,23.7,55600,23.69,U
sz000400,许继电气,2025-09-17 10:45:06,23.72,28000,23.72,U
sz000400,许继电气,2025-09-17 10:45:21,23.73,13800,23.73,U
sz000400,许继电气,2025-09-17 10:45:48,23.73,11900,23.73,D
sz000400,许继电气,2025-09-17 10:45:54,23.73,24600,23.74,D
sz000400,许继电气,2025-09-17 10:46:00,23.73,40500,23.73,U
sz000400,许继电气,2025-09-17 10:46:33,23.74,19100,23.73,U
sz000400,许继电气,2025-09-17 10:46:36,23.73,24200,23.74,D
sz000400,许继电气,2025-09-17 10:46:42,23.74,9100,23.73,U
sz000400,许继电气,2025-09-17 10:46:51,23.76,255600,23.74,U
sz000400,许继电气,2025-09-17 10:47:00,23.77,22500,23.76,U
sz000400,许继电气,2025-09-17 10:47:03,23.77,114800,23.77,U
sz000400,许继电气,2025-09-17 10:47:06,23.78,50400,23.77,U
sz000400,许继电气,2025-09-17 10:47:09,23.77,9100,23.78,D
sz000400,许继电气,2025-09-17 10:47:12,23.78,16200,23.77,U
sz000400,许继电气,2025-09-17 10:47:15,23.77,11700,23.78,D
sz000400,许继电气,2025-09-17 10:47:18,23.78,14500,23.77,U
sz000400,许继电气,2025-09-17 10:47:24,23.78,22200,23.77,U
sz000400,许继电气,2025-09-17 10:47:27,23.78,17700,23.78,U
sz000400,许继电气,2025-09-17 10:47:30,23.78,12700,23.78,U
sz000400,许继电气,2025-09-17 10:47:33,23.77,24300,23.78,D
sz000400,许继电气,2025-09-17 10:47:39,23.78,11400,23.78,U
sz000400,许继电气,2025-09-17 10:47:45,23.77,30300,23.78,D
sz000400,许继电气,2025-09-17 10:47:48,23.78,16400,23.77,U
sz000400,许继电气,2025-09-17 10:47:54,23.78,8500,23.78,U
sz000400,许继电气,2025-09-17 10:47:57,23.79,119700,23.78,U
sz000400,许继电气,2025-09-17 10:48:00,23.81,190500,23.79,U
sz000400,许继电气,2025-09-17 10:48:03,23.81,36400,23.81,D
sz000400,许继电气,2025-09-17 10:48:06,23.81,19700,23.81,D
sz000400,许继电气,2025-09-17 10:48:09,23.83,14000,23.81,U
sz000400,许继电气,2025-09-17 10:48:18,23.83,28900,23.83,U
sz000400,许继电气,2025-09-17 10:48:21,23.8,49200,23.83,D
sz000400,许继电气,2025-09-17 10:48:27,23.8,10200,23.8,U
sz000400,许继电气,2025-09-17 10:48:36,23.8,12400,23.8,U
sz000400,许继电气,2025-09-17 10:48:39,23.8,144700,23.8,U
sz000400,许继电气,2025-09-17 10:48:42,23.82,53300,23.8,U
sz000400,许继电气,2025-09-17 10:48:48,23.84,35300,23.82,U
sz000400,许继电气,2025-09-17 10:48:51,23.84,8400,23.84,U
sz000400,许继电气,2025-09-17 10:48:54,23.85,82200,23.84,U
sz000400,许继电气,2025-09-17 10:49:00,23.84,122100,23.84,D
sz000400,许继电气,2025-09-17 10:49:03,23.86,490100,23.84,U
sz000400,许继电气,2025-09-17 10:49:06,23.88,125000,23.86,U
sz000400,许继电气,2025-09-17 10:49:09,23.84,140500,23.88,D
sz000400,许继电气,2025-09-17 10:49:12,23.85,36200,23.84,U
sz000400,许继电气,2025-09-17 10:49:15,23.87,102100,23.85,U
sz000400,许继电气,2025-09-17 10:49:18,23.85,56400,23.87,D
sz000400,许继电气,2025-09-17 10:49:21,23.85,28300,23.85,U
sz000400,许继电气,2025-09-17 10:49:24,23.85,75000,23.85,U
sz000400,许继电气,2025-09-17 10:49:27,23.85,107900,23.85,U
sz000400,许继电气,2025-09-17 10:49:30,23.86,191800,23.85,U
sz000400,许继电气,2025-09-17 10:49:33,23.84,57100,23.86,D
sz000400,许继电气,2025-09-17 10:49:36,23.85,392000,23.84,U
sz000400,许继电气,2025-09-17 10:49:39,23.85,325800,23.85,U
sz000400,许继电气,2025-09-17 10:49:42,23.85,55200,23.85,D
sz000400,许继电气,2025-09-17 10:49:45,23.85,77700,23.85,U
sz000400,许继电气,2025-09-17 10:49:48,23.85,189100,23.85,U
sz000400,许继电气,2025-09-17 10:49:51,23.88,240000,23.85,U
sz000400,许继电气,2025-09-17 10:49:54,23.87,287200,23.88,D
sz000400,许继电气,2025-09-17 10:49:57,23.88,212700,23.87,U
sz000400,许继电气,2025-09-17 10:50:00,23.88,102500,23.88,U
sz000400,许继电气,2025-09-17 10:50:03,23.88,29000,23.88,U
sz000400,许继电气,2025-09-17 10:50:06,23.88,42100,23.88,U
sz000400,许继电气,2025-09-17 10:50:09,23.88,15900,23.88,U
sz000400,许继电气,2025-09-17 10:50:12,23.88,17500,23.88,U
sz000400,许继电气,2025-09-17 10:50:15,23.87,21600,23.88,D
sz000400,许继电气,2025-09-17 10:50:21,23.87,33500,23.87,D
sz000400,许继电气,2025-09-17 10:50:24,23.88,18700,23.87,U
sz000400,许继电气,2025-09-17 10:50:27,23.88,11600,23.88,D
sz000400,许继电气,2025-09-17 10:50:30,23.88,15400,23.88,D
sz000400,许继电气,2025-09-17 10:50:33,23.88,27700,23.88,U
sz000400,许继电气,2025-09-17 10:50:42,23.89,69500,23.89,U
sz000400,许继电气,2025-09-17 10:50:45,23.89,10400,23.89,D
sz000400,许继电气,2025-09-17 10:50:48,23.89,15700,23.89,D
sz000400,许继电气,2025-09-17 10:50:51,23.9,19500,23.89,U
sz000400,许继电气,2025-09-17 10:50:54,23.9,8800,23.9,U
sz000400,许继电气,2025-09-17 10:51:03,23.89,13300,23.9,U
sz000400,许继电气,2025-09-17 10:51:06,23.89,33000,23.89,U
sz000400,许继电气,2025-09-17 10:51:09,23.89,17600,23.89,U
sz000400,许继电气,2025-09-17 10:51:12,23.88,62400,23.89,D
sz000400,许继电气,2025-09-17 10:51:18,23.86,25000,23.87,D
sz000400,许继电气,2025-09-17 10:51:27,23.87,18100,23.85,U
sz000400,许继电气,2025-09-17 10:51:36,23.85,9700,23.85,U
sz000400,许继电气,2025-09-17 10:51:39,23.84,11400,23.85,D
sz000400,许继电气,2025-09-17 10:51:42,23.84,16400,23.84,D
sz000400,许继电气,2025-09-17 10:51:45,23.85,17100,23.84,U
sz000400,许继电气,2025-09-17 10:51:48,23.84,25155,23.85,D
sz000400,许继电气,2025-09-17 10:51:51,23.85,33945,23.84,U
sz000400,许继电气,2025-09-17 10:52:00,23.84,8800,23.84,U
sz000400,许继电气,2025-09-17 10:52:03,23.83,10700,23.84,D
sz000400,许继电气,2025-09-17 10:52:18,23.83,13500,23.81,U
sz000400,许继电气,2025-09-17 10:52:21,23.82,8800,23.83,E
sz000400,许继电气,2025-09-17 10:52:36,23.8,12600,23.8,D
sz000400,许继电气,2025-09-17 10:52:42,23.8,11100,23.8,D
sz000400,许继电气,2025-09-17 10:52:51,23.82,45600,23.8,U
sz000400,许继电气,2025-09-17 10:52:54,23.82,8400,23.82,U
sz000400,许继电气,2025-09-17 10:53:09,23.81,40400,23.81,D
sz000400,许继电气,2025-09-17 10:53:18,23.81,23000,23.81,D
sz000400,许继电气,2025-09-17 10:53:27,23.82,10000,23.82,D
sz000400,许继电气,2025-09-17 10:53:39,23.82,10400,23.82,D
sz000400,许继电气,2025-09-17 10:53:51,23.82,9900,23.82,D
sz000400,许继电气,2025-09-17 10:53:54,23.82,12900,23.82,U
sz000400,许继电气,2025-09-17 10:53:57,23.84,15800,23.82,U
sz000400,许继电气,2025-09-17 10:54:03,23.85,24500,23.84,U
sz000400,许继电气,2025-09-17 10:54:09,23.84,18100,23.86,D
sz000400,许继电气,2025-09-17 10:54:12,23.86,9800,23.84,U
sz000400,许继电气,2025-09-17 10:54:21,23.87,9800,23.85,U
sz000400,许继电气,2025-09-17 10:54:27,23.87,25400,23.86,U
sz000400,许继电气,2025-09-17 10:54:36,23.87,13200,23.87,D
sz000400,许继电气,2025-09-17 10:54:48,23.87,14400,23.88,D
sz000400,许继电气,2025-09-17 10:54:57,23.86,25000,23.87,D
sz000400,许继电气,2025-09-17 10:55:00,23.85,179300,23.86,E
sz000400,许继电气,2025-09-17 10:55:18,23.84,28700,23.85,D
sz000400,许继电气,2025-09-17 10:55:24,23.84,13000,23.84,U
sz000400,许继电气,2025-09-17 10:55:36,23.82,15100,23.84,D
sz000400,许继电气,2025-09-17 10:55:51,23.82,12000,23.82,D
sz000400,许继电气,2025-09-17 10:55:57,23.82,16900,23.82,D
sz000400,许继电气,2025-09-17 10:56:00,23.82,19100,23.82,D
sz000400,许继电气,2025-09-17 10:56:09,23.79,60300,23.82,D
sz000400,许继电气,2025-09-17 10:56:18,23.78,10200,23.8,D
sz000400,许继电气,2025-09-17 10:56:21,23.81,9900,23.78,U
sz000400,许继电气,2025-09-17 10:56:36,23.8,9200,23.81,D
sz000400,许继电气,2025-09-17 10:57:00,23.79,56000,23.81,D
sz000400,许继电气,2025-09-17 10:57:06,23.81,24400,23.8,U
sz000400,许继电气,2025-09-17 10:57:09,23.81,18400,23.81,U
sz000400,许继电气,2025-09-17 10:57:21,23.8,8700,23.8,D
sz000400,许继电气,2025-09-17 10:57:24,23.83,114300,23.8,U
sz000400,许继电气,2025-09-17 10:57:27,23.84,12300,23.83,U
sz000400,许继电气,2025-09-17 10:57:57,23.85,35800,23.83,U
sz000400,许继电气,2025-09-17 10:58:00,23.85,25100,23.85,U
sz000400,许继电气,2025-09-17 10:58:06,23.85,12200,23.84,U
sz000400,许继电气,2025-09-17 10:58:15,23.86,75200,23.85,U
sz000400,许继电气,2025-09-17 10:58:21,23.86,14800,23.87,D
sz000400,许继电气,2025-09-17 10:58:30,23.86,9000,23.86,D
sz000400,许继电气,2025-09-17 10:58:33,23.86,49300,23.86,D
sz000400,许继电气,2025-09-17 10:58:36,23.86,59500,23.86,U
sz000400,许继电气,2025-09-17 10:58:45,23.86,25200,23.84,U
sz000400,许继电气,2025-09-17 10:59:03,23.86,8500,23.85,U
sz000400,许继电气,2025-09-17 10:59:15,23.86,14400,23.86,U
sz000400,许继电气,2025-09-17 10:59:18,23.86,8600,23.86,U
sz000400,许继电气,2025-09-17 10:59:30,23.86,8700,23.86,D
sz000400,许继电气,2025-09-17 10:59:45,23.86,13650,23.85,U
sz000400,许继电气,2025-09-17 10:59:54,23.86,108000,23.86,U
sz000400,许继电气,2025-09-17 10:59:57,23.9,333047,23.86,U
sz000400,许继电气,2025-09-17 11:00:00,23.91,137700,23.9,U
sz000400,许继电气,2025-09-17 11:00:03,23.94,155800,23.91,U
sz000400,许继电气,2025-09-17 11:00:06,23.95,12800,23.94,U
sz000400,许继电气,2025-09-17 11:00:09,23.96,70000,23.95,U
sz000400,许继电气,2025-09-17 11:00:15,23.96,25300,23.96,U
sz000400,许继电气,2025-09-17 11:00:18,23.96,19700,23.96,U
sz000400,许继电气,2025-09-17 11:00:24,23.97,65900,23.96,U
sz000400,许继电气,2025-09-17 11:00:27,23.97,13800,23.97,U
sz000400,许继电气,2025-09-17 11:00:33,23.97,91400,23.97,U
sz000400,许继电气,2025-09-17 11:00:36,23.97,12900,23.97,D
sz000400,许继电气,2025-09-17 11:00:39,23.97,13300,23.97,U
sz000400,许继电气,2025-09-17 11:00:42,23.96,56200,23.97,D
sz000400,许继电气,2025-09-17 11:00:45,23.96,42200,23.96,D
sz000400,许继电气,2025-09-17 11:00:48,23.98,10400,23.96,U
sz000400,许继电气,2025-09-17 11:00:54,23.98,17000,23.98,U
sz000400,许继电气,2025-09-17 11:00:57,23.98,58800,23.98,U
sz000400,许继电气,2025-09-17 11:01:00,23.98,31400,23.98,U
sz000400,许继电气,2025-09-17 11:01:03,23.98,74700,23.98,U
sz000400,许继电气,2025-09-17 11:01:06,23.97,28600,23.98,D
sz000400,许继电气,2025-09-17 11:01:09,23.93,65600,23.97,D
sz000400,许继电气,2025-09-17 11:01:12,23.97,10500,23.93,U
sz000400,许继电气,2025-09-17 11:01:18,23.93,23100,23.95,D
sz000400,许继电气,2025-09-17 11:01:21,23.95,29800,23.93,U
sz000400,许继电气,2025-09-17 11:01:36,23.92,12500,23.9,U
sz000400,许继电气,2025-09-17 11:01:39,23.92,26700,23.92,U
sz000400,许继电气,2025-09-17 11:01:45,23.92,8400,23.92,U
sz000400,许继电气,2025-09-17 11:01:57,23.91,26700,23.92,D
sz000400,许继电气,2025-09-17 11:02:06,23.9,59700,23.9,D
sz000400,许继电气,2025-09-17 11:02:09,23.9,10600,23.9,D
sz000400,许继电气,2025-09-17 11:02:15,23.89,49500,23.89,D
sz000400,许继电气,2025-09-17 11:02:21,23.9,19500,23.88,U
sz000400,许继电气,2025-09-17 11:02:30,23.88,13200,23.89,D
sz000400,许继电气,2025-09-17 11:02:33,23.9,41500,23.88,U
sz000400,许继电气,2025-09-17 11:02:36,23.9,13400,23.9,D
sz000400,许继电气,2025-09-17 11:02:45,23.92,10300,23.9,U
sz000400,许继电气,2025-09-17 11:02:48,23.93,10300,23.92,U
sz000400,许继电气,2025-09-17 11:02:57,23.92,12600,23.9,U
sz000400,许继电气,2025-09-17 11:03:03,23.92,10800,23.92,D
sz000400,许继电气,2025-09-17 11:03:09,23.95,16500,23.94,U
sz000400,许继电气,2025-09-17 11:03:15,23.95,8700,23.95,U
sz000400,许继电气,2025-09-17 11:03:21,23.95,11300,23.95,U
sz000400,许继电气,2025-09-17 11:03:27,23.96,17400,23.95,U
sz000400,许继电气,2025-09-17 11:03:36,23.96,16400,23.96,U
sz000400,许继电气,2025-09-17 11:03:39,23.96,17300,23.96,U
sz000400,许继电气,2025-09-17 11:03:45,23.96,16400,23.96,U
sz000400,许继电气,2025-09-17 11:03:48,23.96,14100,23.96,U
sz000400,许继电气,2025-09-17 11:03:54,23.97,40400,23.96,U
sz000400,许继电气,2025-09-17 11:03:57,23.95,21800,23.97,D
sz000400,许继电气,2025-09-17 11:04:18,23.95,33000,23.95,U
sz000400,许继电气,2025-09-17 11:04:21,23.96,23800,23.95,U
sz000400,许继电气,2025-09-17 11:04:27,23.96,8700,23.96,U
sz000400,许继电气,2025-09-17 11:04:30,23.96,10400,23.96,U
sz000400,许继电气,2025-09-17 11:04:36,23.96,13700,23.96,U
sz000400,许继电气,2025-09-17 11:04:39,23.95,11500,23.96,D
sz000400,许继电气,2025-09-17 11:04:48,23.95,16200,23.95,E
sz000400,许继电气,2025-09-17 11:05:00,23.95,12700,23.95,U
sz000400,许继电气,2025-09-17 11:05:03,23.95,15400,23.95,D
sz000400,许继电气,2025-09-17 11:05:09,23.95,11000,23.95,D
sz000400,许继电气,2025-09-17 11:05:12,23.95,22400,23.95,D
sz000400,许继电气,2025-09-17 11:05:18,23.95,13000,23.95,D
sz000400,许继电气,2025-09-17 11:05:21,23.96,10900,23.95,U
sz000400,许继电气,2025-09-17 11:05:36,23.96,21300,23.96,U
sz000400,许继电气,2025-09-17 11:05:39,23.96,21300,23.96,U
sz000400,许继电气,2025-09-17 11:05:51,23.97,14400,23.95,U
sz000400,许继电气,2025-09-17 11:05:54,23.96,19100,23.97,E
sz000400,许继电气,2025-09-17 11:06:15,23.94,50300,23.95,D
sz000400,许继电气,2025-09-17 11:06:18,23.93,9800,23.94,D
sz000400,许继电气,2025-09-17 11:06:51,23.91,33700,23.91,D
sz000400,许继电气,2025-09-17 11:07:12,23.9,21700,23.9,D
sz000400,许继电气,2025-09-17 11:07:21,23.89,15600,23.91,D
sz000400,许继电气,2025-09-17 11:07:30,23.89,12400,23.89,D
sz000400,许继电气,2025-09-17 11:07:42,23.88,9200,23.88,D
sz000400,许继电气,2025-09-17 11:07:48,23.88,53700,23.88,D
sz000400,许继电气,2025-09-17 11:08:15,23.87,19800,23.88,D
sz000400,许继电气,2025-09-17 11:08:27,23.86,15900,23.85,U
sz000400,许继电气,2025-09-17 11:08:36,23.86,14400,23.87,D
sz000400,许继电气,2025-09-17 11:09:12,23.86,22000,23.86,E
sz000400,许继电气,2025-09-17 11:09:30,23.84,14200,23.85,D
sz000400,许继电气,2025-09-17 11:09:33,23.84,10000,23.84,D
sz000400,许继电气,2025-09-17 11:10:12,23.84,10700,23.84,D
sz000400,许继电气,2025-09-17 11:10:18,23.84,10900,23.85,D
sz000400,许继电气,2025-09-17 11:11:00,23.89,13800,23.88,U
sz000400,许继电气,2025-09-17 11:11:36,23.9,17100,23.9,U
sz000400,许继电气,2025-09-17 11:11:45,23.9,10600,23.91,D
sz000400,许继电气,2025-09-17 11:11:48,23.88,99200,23.9,D
sz000400,许继电气,2025-09-17 11:12:00,23.87,10300,23.87,D
sz000400,许继电气,2025-09-17 11:12:06,23.87,11200,23.86,E
sz000400,许继电气,2025-09-17 11:12:09,23.85,12100,23.87,D
sz000400,许继电气,2025-09-17 11:12:42,23.85,9200,23.85,D
sz000400,许继电气,2025-09-17 11:13:39,23.86,9900,23.87,D
sz000400,许继电气,2025-09-17 11:14:12,23.86,13600,23.86,U
sz000400,许继电气,2025-09-17 11:14:33,23.87,9300,23.86,U
sz000400,许继电气,2025-09-17 11:14:48,23.88,17000,23.87,U
sz000400,许继电气,2025-09-17 11:14:54,23.88,10400,23.89,D
sz000400,许继电气,2025-09-17 11:15:15,23.9,15300,23.9,U
sz000400,许继电气,2025-09-17 11:15:27,23.9,10400,23.9,D
sz000400,许继电气,2025-09-17 11:15:39,23.91,8700,23.9,U
sz000400,许继电气,2025-09-17 11:15:54,23.89,18300,23.91,D
sz000400,许继电气,2025-09-17 11:17:45,23.9,21800,23.89,U
sz000400,许继电气,2025-09-17 11:18:06,23.91,18300,23.9,U
sz000400,许继电气,2025-09-17 11:18:12,23.92,11200,23.92,U
sz000400,许继电气,2025-09-17 11:18:36,23.92,13000,23.93,D
sz000400,许继电气,2025-09-17 11:18:51,23.93,9900,23.92,U
sz000400,许继电气,2025-09-17 11:18:54,23.93,18700,23.93,U
sz000400,许继电气,2025-09-17 11:19:12,23.94,11500,23.93,U
sz000400,许继电气,2025-09-17 11:19:18,23.94,12900,23.93,U
sz000400,许继电气,2025-09-17 11:19:33,23.94,9200,23.93,U
sz000400,许继电气,2025-09-17 11:20:48,23.93,10600,23.92,U
sz000400,许继电气,2025-09-17 11:21:18,23.93,8400,23.93,U
sz000400,许继电气,2025-09-17 11:21:21,23.92,10800,23.93,D
sz000400,许继电气,2025-09-17 11:21:39,23.92,10400,23.92,U
sz000400,许继电气,2025-09-17 11:21:48,23.92,10900,23.92,D
sz000400,许继电气,2025-09-17 11:22:36,23.91,10000,23.91,U
sz000400,许继电气,2025-09-17 11:23:15,23.9,32500,23.9,D
sz000400,许继电气,2025-09-17 11:23:39,23.9,24300,23.89,U
sz000400,许继电气,2025-09-17 11:23:57,23.9,10300,23.9,U
sz000400,许继电气,2025-09-17 11:24:33,23.9,10500,23.9,D
sz000400,许继电气,2025-09-17 11:25:06,23.91,11300,23.9,U
sz000400,许继电气,2025-09-17 11:26:03,23.9,24400,23.9,D
sz000400,许继电气,2025-09-17 11:26:12,23.9,11000,23.89,U
sz000400,许继电气,2025-09-17 11:26:18,23.89,12100,23.89,D
sz000400,许继电气,2025-09-17 11:26:39,23.88,12300,23.88,D
sz000400,许继电气,2025-09-17 11:26:51,23.88,14400,23.88,D
sz000400,许继电气,2025-09-17 11:26:57,23.88,10100,23.88,U
sz000400,许继电气,2025-09-17 11:27:21,23.87,20100,23.88,D
sz000400,许继电气,2025-09-17 11:27:27,23.89,26300,23.88,U
sz000400,许继电气,2025-09-17 11:28:27,23.89,8600,23.88,U
sz000400,许继电气,2025-09-17 11:28:33,23.89,15200,23.89,U
sz000400,许继电气,2025-09-17 11:28:54,23.92,260463,23.9,U
sz000400,许继电气,2025-09-17 11:29:03,23.94,67900,23.93,U
sz000400,许继电气,2025-09-17 11:29:06,23.94,26400,23.94,U
sz000400,许继电气,2025-09-17 11:29:21,23.95,11800,23.94,U
sz000400,许继电气,2025-09-17 11:29:27,23.94,17900,23.95,D
sz000400,许继电气,2025-09-17 11:29:45,23.95,19600,23.93,U
sz000400,许继电气,2025-09-17 11:29:57,23.95,10000,23.94,U
sz000400,许继电气,2025-09-17 13:00:00,23.95,93300,23.94,U
sz000400,许继电气,2025-09-17 13:00:03,23.95,210900,23.95,U
sz000400,许继电气,2025-09-17 13:00:06,23.96,12300,23.95,U
sz000400,许继电气,2025-09-17 13:00:09,23.96,8800,23.96,U
sz000400,许继电气,2025-09-17 13:00:12,23.96,11100,23.96,U
sz000400,许继电气,2025-09-17 13:00:21,23.95,91000,23.96,D
sz000400,许继电气,2025-09-17 13:00:27,23.94,35800,23.95,D
sz000400,许继电气,2025-09-17 13:00:42,23.95,17000,23.95,D
sz000400,许继电气,2025-09-17 13:00:45,23.94,19600,23.95,D
sz000400,许继电气,2025-09-17 13:01:00,23.95,12900,23.95,U
sz000400,许继电气,2025-09-17 13:01:15,23.95,39700,23.96,D
sz000400,许继电气,2025-09-17 13:01:27,23.96,18100,23.95,U
sz000400,许继电气,2025-09-17 13:01:33,23.96,14100,23.96,U
sz000400,许继电气,2025-09-17 13:02:03,23.95,8400,23.96,D
sz000400,许继电气,2025-09-17 13:02:06,23.96,10200,23.95,U
sz000400,许继电气,2025-09-17 13:02:09,23.95,11100,23.96,D
sz000400,许继电气,2025-09-17 13:02:18,23.96,10000,23.94,U
sz000400,许继电气,2025-09-17 13:02:36,23.94,9600,23.94,D
sz000400,许继电气,2025-09-17 13:02:42,23.94,32100,23.95,D
sz000400,许继电气,2025-09-17 13:03:03,23.94,16300,23.93,U
sz000400,许继电气,2025-09-17 13:04:12,23.94,22000,23.94,D
sz000400,许继电气,2025-09-17 13:04:30,23.94,18200,23.94,D
sz000400,许继电气,2025-09-17 13:04:45,23.95,8800,23.94,U
sz000400,许继电气,2025-09-17 13:05:00,23.94,14400,23.94,U
sz000400,许继电气,2025-09-17 13:05:12,23.95,14600,23.94,U
sz000400,许继电气,2025-09-17 13:05:15,23.95,18100,23.95,U
sz000400,许继电气,2025-09-17 13:05:18,23.95,9700,23.95,U
sz000400,许继电气,2025-09-17 13:05:30,23.95,14000,23.95,U
sz000400,许继电气,2025-09-17 13:05:33,23.96,80400,23.95,U
sz000400,许继电气,2025-09-17 13:05:36,23.98,259145,23.96,U
sz000400,许继电气,2025-09-17 13:05:39,23.98,28500,23.98,U
sz000400,许继电气,2025-09-17 13:05:42,23.98,19300,23.98,U
sz000400,许继电气,2025-09-17 13:05:45,24.0,796600,23.98,U
sz000400,许继电气,2025-09-17 13:05:48,24.03,331550,24.0,U
sz000400,许继电气,2025-09-17 13:05:51,24.04,10600,24.03,U
sz000400,许继电气,2025-09-17 13:05:57,24.04,28200,24.04,U
sz000400,许继电气,2025-09-17 13:06:00,24.05,14300,24.04,U
sz000400,许继电气,2025-09-17 13:06:03,24.05,12500,24.05,U
sz000400,许继电气,2025-09-17 13:06:06,24.06,36000,24.05,U
sz000400,许继电气,2025-09-17 13:06:12,24.02,88100,24.06,D
sz000400,许继电气,2025-09-17 13:06:21,24.03,15600,24.04,D
sz000400,许继电气,2025-09-17 13:06:27,24.03,15400,24.03,U
sz000400,许继电气,2025-09-17 13:06:30,24.01,38200,24.03,D
sz000400,许继电气,2025-09-17 13:06:33,24.03,16600,24.01,U
sz000400,许继电气,2025-09-17 13:06:36,24.04,12200,24.03,U
sz000400,许继电气,2025-09-17 13:06:48,24.03,23700,24.03,U
sz000400,许继电气,2025-09-17 13:06:51,24.01,8800,24.03,D
sz000400,许继电气,2025-09-17 13:07:03,24.03,16200,24.03,U
sz000400,许继电气,2025-09-17 13:07:15,24.02,10900,24.02,U
sz000400,许继电气,2025-09-17 13:07:18,24.02,11400,24.02,U
sz000400,许继电气,2025-09-17 13:07:21,24.0,67600,24.02,D
sz000400,许继电气,2025-09-17 13:07:30,24.0,9600,23.99,U
sz000400,许继电气,2025-09-17 13:07:45,24.03,93200,24.01,U
sz000400,许继电气,2025-09-17 13:07:54,24.04,13700,24.03,U
sz000400,许继电气,2025-09-17 13:07:57,24.04,19500,24.04,U
sz000400,许继电气,2025-09-17 13:08:00,24.04,10500,24.04,U
sz000400,许继电气,2025-09-17 13:08:03,24.03,15400,24.04,D
sz000400,许继电气,2025-09-17 13:08:18,24.03,9700,24.03,D
sz000400,许继电气,2025-09-17 13:08:21,24.03,9400,24.03,D
sz000400,许继电气,2025-09-17 13:08:27,24.03,15100,24.03,D
sz000400,许继电气,2025-09-17 13:08:39,24.01,15600,24.03,D
sz000400,许继电气,2025-09-17 13:08:48,24.02,12000,24.02,U
sz000400,许继电气,2025-09-17 13:09:03,24.01,22100,24.01,D
sz000400,许继电气,2025-09-17 13:09:06,24.01,8400,24.01,D
sz000400,许继电气,2025-09-17 13:09:18,24.01,17900,24.01,U
sz000400,许继电气,2025-09-17 13:09:33,24.01,10300,24.0,U
sz000400,许继电气,2025-09-17 13:09:45,24.0,8600,24.01,D
sz000400,许继电气,2025-09-17 13:09:54,24.0,10700,24.0,D
sz000400,许继电气,2025-09-17 13:10:06,24.0,11200,24.0,D
sz000400,许继电气,2025-09-17 13:10:24,23.99,14800,24.0,D
sz000400,许继电气,2025-09-17 13:10:30,23.98,8900,23.99,D
sz000400,许继电气,2025-09-17 13:10:42,23.97,12000,23.97,D
sz000400,许继电气,2025-09-17 13:10:54,23.97,13700,23.97,D
sz000400,许继电气,2025-09-17 13:11:03,23.98,36214,23.98,U
sz000400,许继电气,2025-09-17 13:12:06,24.0,10500,23.99,U
sz000400,许继电气,2025-09-17 13:12:12,23.99,10300,23.99,D
sz000400,许继电气,2025-09-17 13:12:15,23.96,149900,23.99,D
sz000400,许继电气,2025-09-17 13:12:42,23.97,16800,23.99,D
sz000400,许继电气,2025-09-17 13:12:57,23.97,9700,23.97,U
sz000400,许继电气,2025-09-17 13:13:51,23.96,37600,23.97,D
sz000400,许继电气,2025-09-17 13:13:54,23.97,27000,23.96,U
sz000400,许继电气,2025-09-17 13:14:15,23.96,10100,23.96,D
sz000400,许继电气,2025-09-17 13:14:18,23.96,28900,23.96,D
sz000400,许继电气,2025-09-17 13:14:21,23.96,22700,23.96,U
sz000400,许继电气,2025-09-17 13:14:30,23.95,9700,23.96,D
sz000400,许继电气,2025-09-17 13:14:54,23.95,68300,23.95,D
sz000400,许继电气,2025-09-17 13:15:39,23.95,13900,23.95,U
sz000400,许继电气,2025-09-17 13:15:42,23.95,25000,23.95,U
sz000400,许继电气,2025-09-17 13:15:57,23.94,18100,23.94,D
sz000400,许继电气,2025-09-17 13:16:42,23.93,11200,23.93,D
sz000400,许继电气,2025-09-17 13:16:48,23.93,14900,23.93,D
sz000400,许继电气,2025-09-17 13:17:30,23.91,55100,23.92,D
sz000400,许继电气,2025-09-17 13:17:48,23.91,11500,23.91,D
sz000400,许继电气,2025-09-17 13:18:12,23.9,19700,23.9,D
sz000400,许继电气,2025-09-17 13:18:27,23.89,43400,23.9,D
sz000400,许继电气,2025-09-17 13:18:33,23.89,55600,23.89,U
sz000400,许继电气,2025-09-17 13:18:51,23.9,19400,23.9,U
sz000400,许继电气,2025-09-17 13:19:00,23.9,35400,23.9,U
sz000400,许继电气,2025-09-17 13:19:54,23.93,11600,23.93,U
sz000400,许继电气,2025-09-17 13:20:06,23.93,8800,23.92,U
sz000400,许继电气,2025-09-17 13:21:03,23.95,11200,23.95,U
sz000400,许继电气,2025-09-17 13:21:45,23.95,18100,23.94,U
sz000400,许继电气,2025-09-17 13:22:03,23.95,8600,23.95,D
sz000400,许继电气,2025-09-17 13:22:06,23.95,17200,23.95,D
sz000400,许继电气,2025-09-17 13:22:15,23.94,11000,23.95,D
sz000400,许继电气,2025-09-17 13:23:06,23.95,8500,23.96,D
sz000400,许继电气,2025-09-17 13:23:15,23.94,9900,23.95,D
sz000400,许继电气,2025-09-17 13:23:18,23.94,12081,23.94,D
sz000400,许继电气,2025-09-17 13:23:39,23.94,9200,23.93,U
sz000400,许继电气,2025-09-17 13:24:03,23.94,10200,23.94,U
sz000400,许继电气,2025-09-17 13:24:42,23.92,11000,23.92,D
sz000400,许继电气,2025-09-17 13:25:06,23.9,14500,23.92,D
sz000400,许继电气,2025-09-17 13:25:27,23.9,22800,23.91,D
sz000400,许继电气,2025-09-17 13:25:45,23.9,15100,23.91,D
sz000400,许继电气,2025-09-17 13:25:54,23.9,20200,23.91,D
sz000400,许继电气,2025-09-17 13:25:57,23.9,21700,23.9,D
sz000400,许继电气,2025-09-17 13:26:45,23.89,10300,23.9,D
sz000400,许继电气,2025-09-17 13:27:45,23.88,22800,23.89,D
sz000400,许继电气,2025-09-17 13:28:12,23.88,10500,23.89,D
sz000400,许继电气,2025-09-17 13:28:27,23.88,44000,23.88,D
sz000400,许继电气,2025-09-17 13:28:39,23.87,10700,23.88,D
sz000400,许继电气,2025-09-17 13:29:27,23.88,13200,23.88,U
sz000400,许继电气,2025-09-17 13:30:21,23.88,13700,23.88,U
sz000400,许继电气,2025-09-17 13:30:24,23.88,9600,23.88,U
sz000400,许继电气,2025-09-17 13:30:30,23.88,18200,23.88,U
sz000400,许继电气,2025-09-17 13:30:48,23.89,10500,23.89,U
sz000400,许继电气,2025-09-17 13:31:36,23.88,33600,23.9,D
sz000400,许继电气,2025-09-17 13:31:48,23.87,43000,23.88,D
sz000400,许继电气,2025-09-17 13:32:06,23.86,30400,23.86,D
sz000400,许继电气,2025-09-17 13:32:36,23.85,20800,23.85,D
sz000400,许继电气,2025-09-17 13:32:57,23.83,43300,23.84,D
sz000400,许继电气,2025-09-17 13:33:06,23.84,10900,23.84,U
sz000400,许继电气,2025-09-17 13:33:15,23.86,44200,23.85,U
sz000400,许继电气,2025-09-17 13:33:30,23.87,11300,23.87,U
sz000400,许继电气,2025-09-17 13:34:21,23.89,9600,23.89,U
sz000400,许继电气,2025-09-17 13:34:27,23.89,13900,23.89,U
sz000400,许继电气,2025-09-17 13:34:36,23.9,50000,23.9,U
sz000400,许继电气,2025-09-17 13:35:00,23.92,8700,23.92,U
sz000400,许继电气,2025-09-17 13:35:18,23.92,10700,23.92,U
sz000400,许继电气,2025-09-17 13:35:27,23.91,30900,23.92,D
sz000400,许继电气,2025-09-17 13:36:36,23.93,13100,23.92,U
sz000400,许继电气,2025-09-17 13:37:15,23.92,22000,23.93,D
sz000400,许继电气,2025-09-17 13:38:27,23.93,14000,23.93,U
sz000400,许继电气,2025-09-17 13:38:36,23.93,12900,23.93,D
sz000400,许继电气,2025-09-17 13:40:21,23.94,83314,23.94,U
sz000400,许继电气,2025-09-17 13:40:24,23.94,17300,23.94,D
sz000400,许继电气,2025-09-17 13:41:06,23.94,9900,23.94,D
sz000400,许继电气,2025-09-17 13:41:09,23.95,77000,23.94,U
sz000400,许继电气,2025-09-17 13:41:12,23.95,8800,23.95,U
sz000400,许继电气,2025-09-17 13:41:15,23.95,18600,23.95,U
sz000400,许继电气,2025-09-17 13:41:21,23.95,53200,23.95,U
sz000400,许继电气,2025-09-17 13:41:24,23.97,124500,23.95,U
sz000400,许继电气,2025-09-17 13:41:27,23.98,24800,23.97,U
sz000400,许继电气,2025-09-17 13:41:54,23.98,15100,23.97,U
sz000400,许继电气,2025-09-17 13:42:00,23.98,9100,23.98,U
sz000400,许继电气,2025-09-17 13:42:06,23.98,34300,23.98,U
sz000400,许继电气,2025-09-17 13:42:09,23.97,14000,23.98,E
sz000400,许继电气,2025-09-17 13:42:21,23.97,15200,23.97,D
sz000400,许继电气,2025-09-17 13:42:48,23.97,19700,23.97,U
sz000400,许继电气,2025-09-17 13:42:54,23.97,24900,23.96,U
sz000400,许继电气,2025-09-17 13:43:06,23.98,12900,23.97,U
sz000400,许继电气,2025-09-17 13:43:21,23.97,10300,23.96,U
sz000400,许继电气,2025-09-17 13:43:45,23.97,17300,23.96,U
sz000400,许继电气,2025-09-17 13:44:36,23.97,8800,23.98,D
sz000400,许继电气,2025-09-17 13:44:54,23.98,14500,23.98,U
sz000400,许继电气,2025-09-17 13:45:15,23.97,8800,23.97,D
sz000400,许继电气,2025-09-17 13:45:42,23.97,12300,23.97,U
sz000400,许继电气,2025-09-17 13:46:12,23.98,19700,23.96,U
sz000400,许继电气,2025-09-17 13:46:15,23.98,12500,23.98,U
sz000400,许继电气,2025-09-17 13:47:45,23.97,11800,23.98,D
sz000400,许继电气,2025-09-17 13:47:54,23.97,9600,23.97,D
sz000400,许继电气,2025-09-17 13:48:15,23.97,19200,23.97,D
sz000400,许继电气,2025-09-17 13:48:21,23.96,11700,23.97,D
sz000400,许继电气,2025-09-17 13:51:15,23.93,13000,23.93,D
sz000400,许继电气,2025-09-17 13:53:00,23.92,10500,23.92,D
sz000400,许继电气,2025-09-17 13:53:21,23.94,45400,23.92,U
sz000400,许继电气,2025-09-17 13:53:24,23.95,19600,23.94,U
sz000400,许继电气,2025-09-17 13:54:42,23.95,8500,23.95,U
sz000400,许继电气,2025-09-17 13:55:12,23.95,13500,23.95,U
sz000400,许继电气,2025-09-17 13:55:15,23.95,29300,23.95,U
sz000400,许继电气,2025-09-17 13:56:06,23.95,11400,23.95,U
sz000400,许继电气,2025-09-17 13:56:09,23.95,66800,23.95,U
sz000400,许继电气,2025-09-17 13:56:12,23.95,42100,23.95,U
sz000400,许继电气,2025-09-17 13:56:15,23.95,23600,23.95,U
sz000400,许继电气,2025-09-17 13:56:21,23.95,14000,23.95,U
sz000400,许继电气,2025-09-17 13:56:33,23.95,9200,23.96,D
sz000400,许继电气,2025-09-17 13:56:45,23.95,37200,23.96,D
sz000400,许继电气,2025-09-17 13:57:18,23.96,10000,23.96,U
sz000400,许继电气,2025-09-17 13:58:30,23.96,9100,23.96,U
sz000400,许继电气,2025-09-17 13:58:45,23.96,20000,23.96,U
sz000400,许继电气,2025-09-17 13:58:57,23.96,20500,23.96,U
sz000400,许继电气,2025-09-17 13:59:42,23.96,16100,23.97,D
sz000400,许继电气,2025-09-17 14:00:21,23.97,10000,23.97,U
sz000400,许继电气,2025-09-17 14:00:54,23.96,28000,23.96,D
sz000400,许继电气,2025-09-17 14:01:03,23.96,17700,23.96,U
sz000400,许继电气,2025-09-17 14:01:06,23.95,9500,23.96,D
sz000400,许继电气,2025-09-17 14:02:12,23.97,12900,23.96,U
sz000400,许继电气,2025-09-17 14:02:57,23.95,13700,23.95,D
sz000400,许继电气,2025-09-17 14:03:51,23.94,10600,23.94,D
sz000400,许继电气,2025-09-17 14:04:18,23.95,15000,23.94,U
sz000400,许继电气,2025-09-17 14:05:15,23.96,12300,23.95,U
sz000400,许继电气,2025-09-17 14:05:18,23.95,41600,23.96,D
sz000400,许继电气,2025-09-17 14:05:57,23.94,9600,23.94,D
sz000400,许继电气,2025-09-17 14:06:06,23.93,12000,23.94,D
sz000400,许继电气,2025-09-17 14:06:21,23.92,162700,23.93,D
sz000400,许继电气,2025-09-17 14:06:36,23.94,11500,23.95,D
sz000400,许继电气,2025-09-17 14:06:54,23.93,16300,23.94,D
sz000400,许继电气,2025-09-17 14:06:57,23.93,18200,23.93,U
sz000400,许继电气,2025-09-17 14:07:15,23.92,22600,23.92,D
sz000400,许继电气,2025-09-17 14:07:21,23.92,14700,23.92,U
sz000400,许继电气,2025-09-17 14:07:24,23.92,16800,23.92,U
sz000400,许继电气,2025-09-17 14:07:30,23.93,11900,23.92,U
sz000400,许继电气,2025-09-17 14:07:57,23.93,15600,23.93,U
sz000400,许继电气,2025-09-17 14:08:03,23.93,19300,23.93,U
sz000400,许继电气,2025-09-17 14:09:00,23.9,30000,23.92,D
sz000400,许继电气,2025-09-17 14:09:21,23.9,12600,23.91,D
sz000400,许继电气,2025-09-17 14:09:27,23.91,14300,23.92,D
sz000400,许继电气,2025-09-17 14:09:51,23.92,10800,23.92,U
sz000400,许继电气,2025-09-17 14:10:00,23.93,97900,23.92,U
sz000400,许继电气,2025-09-17 14:10:03,23.95,27300,23.93,U
sz000400,许继电气,2025-09-17 14:10:48,23.95,11700,23.95,U
sz000400,许继电气,2025-09-17 14:11:12,23.94,16900,23.94,D
sz000400,许继电气,2025-09-17 14:11:21,23.94,100700,23.94,U
sz000400,许继电气,2025-09-17 14:11:45,23.94,15100,23.95,D
sz000400,许继电气,2025-09-17 14:12:15,23.94,11300,23.93,U
sz000400,许继电气,2025-09-17 14:15:33,23.93,11000,23.94,D
sz000400,许继电气,2025-09-17 14:15:42,23.95,71800,23.94,U
sz000400,许继电气,2025-09-17 14:15:45,23.95,12000,23.95,U
sz000400,许继电气,2025-09-17 14:16:27,23.94,12400,23.95,D
sz000400,许继电气,2025-09-17 14:16:57,23.93,25500,23.93,D
sz000400,许继电气,2025-09-17 14:17:36,23.92,9600,23.92,D
sz000400,许继电气,2025-09-17 14:18:54,23.93,11300,23.93,U
sz000400,许继电气,2025-09-17 14:19:00,23.93,23300,23.93,U
sz000400,许继电气,2025-09-17 14:19:06,23.93,14600,23.93,U
sz000400,许继电气,2025-09-17 14:19:09,23.92,11700,23.93,D
sz000400,许继电气,2025-09-17 14:19:24,23.94,63400,23.93,U
sz000400,许继电气,2025-09-17 14:19:27,23.94,27300,23.94,U
sz000400,许继电气,2025-09-17 14:19:36,23.95,101400,23.94,U
sz000400,许继电气,2025-09-17 14:19:42,23.94,82100,23.94,D
sz000400,许继电气,2025-09-17 14:19:48,23.95,54000,23.94,U
sz000400,许继电气,2025-09-17 14:20:03,23.94,21600,23.95,D
sz000400,许继电气,2025-09-17 14:20:18,23.94,8600,23.94,U
sz000400,许继电气,2025-09-17 14:20:30,23.93,15100,23.94,D
sz000400,许继电气,2025-09-17 14:20:36,23.95,67800,23.94,U
sz000400,许继电气,2025-09-17 14:20:42,23.95,8700,23.95,U
sz000400,许继电气,2025-09-17 14:21:03,23.96,21000,23.95,U
sz000400,许继电气,2025-09-17 14:21:30,23.95,9100,23.96,D
sz000400,许继电气,2025-09-17 14:22:18,23.95,12500,23.95,U
sz000400,许继电气,2025-09-17 14:23:39,23.95,12200,23.95,U
sz000400,许继电气,2025-09-17 14:23:54,23.95,89600,23.95,U
sz000400,许继电气,2025-09-17 14:23:57,23.95,9300,23.95,U
sz000400,许继电气,2025-09-17 14:24:03,23.96,123850,23.96,U
sz000400,许继电气,2025-09-17 14:24:06,23.96,15400,23.96,D
sz000400,许继电气,2025-09-17 14:24:09,23.96,14600,23.96,D
sz000400,许继电气,2025-09-17 14:24:12,23.97,60600,23.96,U
sz000400,许继电气,2025-09-17 14:24:24,23.97,41100,23.98,D
sz000400,许继电气,2025-09-17 14:24:27,23.97,15100,23.97,U
sz000400,许继电气,2025-09-17 14:24:36,23.97,10100,23.96,U
sz000400,许继电气,2025-09-17 14:24:42,23.97,13000,23.97,U
sz000400,许继电气,2025-09-17 14:24:45,23.96,26400,23.97,D
sz000400,许继电气,2025-09-17 14:24:48,23.97,13400,23.96,U
sz000400,许继电气,2025-09-17 14:25:12,23.98,35500,23.98,U
sz000400,许继电气,2025-09-17 14:25:15,23.98,15400,23.98,U
sz000400,许继电气,2025-09-17 14:25:18,24.05,1310600,23.98,U
sz000400,许继电气,2025-09-17 14:25:21,24.06,511800,24.05,U
sz000400,许继电气,2025-09-17 14:25:24,24.06,14200,24.06,U
sz000400,许继电气,2025-09-17 14:25:30,24.06,33600,24.06,U
sz000400,许继电气,2025-09-17 14:25:33,24.06,19300,24.06,U
sz000400,许继电气,2025-09-17 14:25:36,24.06,50600,24.06,U
sz000400,许继电气,2025-09-17 14:25:39,24.01,116800,24.06,D
sz000400,许继电气,2025-09-17 14:25:42,24.02,63200,24.01,U
sz000400,许继电气,2025-09-17 14:25:45,24.02,24200,24.02,U
sz000400,许继电气,2025-09-17 14:25:48,24.02,21700,24.02,U
sz000400,许继电气,2025-09-17 14:25:51,24.02,15100,24.02,U
sz000400,许继电气,2025-09-17 14:25:54,24.02,121600,24.02,U
sz000400,许继电气,2025-09-17 14:25:57,24.02,20300,24.02,U
sz000400,许继电气,2025-09-17 14:26:00,24.02,15300,24.02,U
sz000400,许继电气,2025-09-17 14:26:03,24.05,14100,24.02,U
sz000400,许继电气,2025-09-17 14:26:18,24.05,15400,24.05,U
sz000400,许继电气,2025-09-17 14:26:21,24.05,40400,24.05,U
sz000400,许继电气,2025-09-17 14:26:24,24.06,11400,24.05,U
sz000400,许继电气,2025-09-17 14:26:27,24.05,46200,24.06,D
sz000400,许继电气,2025-09-17 14:26:30,24.05,8400,24.05,U
sz000400,许继电气,2025-09-17 14:26:33,24.04,9500,24.05,D
sz000400,许继电气,2025-09-17 14:26:36,24.05,15900,24.04,U
sz000400,许继电气,2025-09-17 14:26:39,24.05,17600,24.05,U
sz000400,许继电气,2025-09-17 14:26:42,24.05,44800,24.05,U
sz000400,许继电气,2025-09-17 14:26:45,24.05,87200,24.05,U
sz000400,许继电气,2025-09-17 14:26:48,24.04,17400,24.05,E
sz000400,许继电气,2025-09-17 14:26:57,24.04,35800,24.04,D
sz000400,许继电气,2025-09-17 14:27:09,24.05,28100,24.04,U
sz000400,许继电气,2025-09-17 14:27:15,24.06,16800,24.06,U
sz000400,许继电气,2025-09-17 14:27:18,24.06,18300,24.06,U
sz000400,许继电气,2025-09-17 14:27:21,24.06,21500,24.06,U
sz000400,许继电气,2025-09-17 14:27:24,24.06,15900,24.06,U
sz000400,许继电气,2025-09-17 14:27:33,24.06,42400,24.07,D
sz000400,许继电气,2025-09-17 14:27:36,24.07,18600,24.06,U
sz000400,许继电气,2025-09-17 14:27:39,24.07,17700,24.07,U
sz000400,许继电气,2025-09-17 14:27:42,24.07,22200,24.07,U
sz000400,许继电气,2025-09-17 14:27:51,24.08,20600,24.07,U
sz000400,许继电气,2025-09-17 14:27:54,24.07,21005,24.08,D
sz000400,许继电气,2025-09-17 14:27:57,24.07,24200,24.07,D
sz000400,许继电气,2025-09-17 14:28:00,24.07,9600,24.07,D
sz000400,许继电气,2025-09-17 14:28:03,24.07,19600,24.07,D
sz000400,许继电气,2025-09-17 14:28:06,24.07,22095,24.07,D
sz000400,许继电气,2025-09-17 14:28:12,24.08,20200,24.06,U
sz000400,许继电气,2025-09-17 14:28:21,24.06,11500,24.06,D
sz000400,许继电气,2025-09-17 14:28:27,24.07,29900,24.06,U
sz000400,许继电气,2025-09-17 14:28:30,24.06,41300,24.07,E
sz000400,许继电气,2025-09-17 14:28:33,24.06,42100,24.06,U
sz000400,许继电气,2025-09-17 14:28:36,24.06,11100,24.06,U
sz000400,许继电气,2025-09-17 14:28:39,24.04,11200,24.06,D
sz000400,许继电气,2025-09-17 14:29:09,24.03,28500,24.04,D
sz000400,许继电气,2025-09-17 14:29:15,24.02,32100,24.03,D
sz000400,许继电气,2025-09-17 14:29:18,24.02,9100,24.02,D
sz000400,许继电气,2025-09-17 14:29:27,24.01,10100,24.02,D
sz000400,许继电气,2025-09-17 14:29:33,24.01,17200,24.01,D
sz000400,许继电气,2025-09-17 14:29:39,24.01,33600,24.0,E
sz000400,许继电气,2025-09-17 14:29:54,24.0,14700,24.01,D
sz000400,许继电气,2025-09-17 14:30:06,24.02,14300,24.02,U
sz000400,许继电气,2025-09-17 14:30:18,24.03,16100,24.02,U
sz000400,许继电气,2025-09-17 14:30:21,24.03,14200,24.03,D
sz000400,许继电气,2025-09-17 14:30:24,24.04,10600,24.03,U
sz000400,许继电气,2025-09-17 14:30:30,24.05,28000,24.04,U
sz000400,许继电气,2025-09-17 14:30:39,24.05,11100,24.05,U
sz000400,许继电气,2025-09-17 14:30:48,24.05,9600,24.05,U
sz000400,许继电气,2025-09-17 14:30:51,24.04,28000,24.05,D
sz000400,许继电气,2025-09-17 14:30:54,24.05,32000,24.04,U
sz000400,许继电气,2025-09-17 14:30:57,24.04,16500,24.05,D
sz000400,许继电气,2025-09-17 14:31:03,24.05,11500,24.05,U
sz000400,许继电气,2025-09-17 14:31:27,24.04,15800,24.05,D
sz000400,许继电气,2025-09-17 14:31:45,24.04,20400,24.05,D
sz000400,许继电气,2025-09-17 14:31:54,24.05,12800,24.04,U
sz000400,许继电气,2025-09-17 14:32:24,24.04,9100,24.04,D
sz000400,许继电气,2025-09-17 14:32:45,24.05,11400,24.05,U
sz000400,许继电气,2025-09-17 14:33:06,24.04,109400,24.03,U
sz000400,许继电气,2025-09-17 14:33:48,24.03,14200,24.03,U
sz000400,许继电气,2025-09-17 14:34:45,24.02,11500,24.02,D
sz000400,许继电气,2025-09-17 14:34:51,24.02,31000,24.03,D
sz000400,许继电气,2025-09-17 14:35:03,24.03,10400,24.02,U
sz000400,许继电气,2025-09-17 14:35:09,24.02,8500,24.02,U
sz000400,许继电气,2025-09-17 14:35:57,24.01,19700,24.01,D
sz000400,许继电气,2025-09-17 14:37:09,24.0,10800,24.01,D
sz000400,许继电气,2025-09-17 14:37:27,24.0,26300,24.0,D
sz000400,许继电气,2025-09-17 14:37:42,24.0,19300,24.01,D
sz000400,许继电气,2025-09-17 14:38:09,24.0,17600,24.0,U
sz000400,许继电气,2025-09-17 14:38:15,24.0,8800,24.0,U
sz000400,许继电气,2025-09-17 14:38:21,24.0,10100,24.0,U
sz000400,许继电气,2025-09-17 14:38:24,24.0,34300,24.0,U
sz000400,许继电气,2025-09-17 14:38:27,23.99,9800,24.0,D
sz000400,许继电气,2025-09-17 14:38:42,24.0,8400,24.0,D
sz000400,许继电气,2025-09-17 14:38:51,24.01,8700,24.0,U
sz000400,许继电气,2025-09-17 14:38:54,24.0,8900,24.01,D
sz000400,许继电气,2025-09-17 14:39:18,23.99,19700,24.0,D
sz000400,许继电气,2025-09-17 14:39:24,24.0,16800,23.99,U
sz000400,许继电气,2025-09-17 14:39:30,24.0,15300,24.0,D
sz000400,许继电气,2025-09-17 14:39:42,24.01,26400,24.0,U
sz000400,许继电气,2025-09-17 14:39:57,24.03,119600,24.0,U
sz000400,许继电气,2025-09-17 14:40:03,24.03,14200,24.02,U
sz000400,许继电气,2025-09-17 14:40:09,24.03,24200,24.03,U
sz000400,许继电气,2025-09-17 14:40:15,24.02,24300,24.02,D
sz000400,许继电气,2025-09-17 14:40:30,24.01,125500,24.01,D
sz000400,许继电气,2025-09-17 14:40:36,24.01,108100,24.02,D
sz000400,许继电气,2025-09-17 14:40:39,24.03,34500,24.01,U
sz000400,许继电气,2025-09-17 14:40:48,24.03,13700,24.03,U
sz000400,许继电气,2025-09-17 14:41:00,24.03,14700,24.03,D
sz000400,许继电气,2025-09-17 14:41:06,24.04,22900,24.03,U
sz000400,许继电气,2025-09-17 14:41:21,24.03,9700,24.03,D
sz000400,许继电气,2025-09-17 14:41:30,24.04,12900,24.04,U
sz000400,许继电气,2025-09-17 14:41:36,24.04,17200,24.04,U
sz000400,许继电气,2025-09-17 14:41:39,24.04,46900,24.04,D
sz000400,许继电气,2025-09-17 14:41:51,24.03,17700,24.03,D
sz000400,许继电气,2025-09-17 14:42:18,24.04,20000,24.03,U
sz000400,许继电气,2025-09-17 14:42:21,24.04,9900,24.04,U
sz000400,许继电气,2025-09-17 14:42:33,24.04,19800,24.04,U
sz000400,许继电气,2025-09-17 14:42:45,24.04,10000,24.04,U
sz000400,许继电气,2025-09-17 14:43:00,24.03,14800,24.04,D
sz000400,许继电气,2025-09-17 14:43:12,24.03,14300,24.03,U
sz000400,许继电气,2025-09-17 14:43:18,24.03,10600,24.03,D
sz000400,许继电气,2025-09-17 14:43:27,24.03,10300,24.03,U
sz000400,许继电气,2025-09-17 14:43:39,24.03,9800,24.03,D
sz000400,许继电气,2025-09-17 14:43:42,24.03,12300,24.03,D
sz000400,许继电气,2025-09-17 14:43:57,24.03,17400,24.03,D
sz000400,许继电气,2025-09-17 14:44:09,24.04,16000,24.04,U
sz000400,许继电气,2025-09-17 14:44:27,24.04,15400,24.03,U
sz000400,许继电气,2025-09-17 14:44:36,24.04,42100,24.04,U
sz000400,许继电气,2025-09-17 14:44:42,24.04,28600,24.04,U
sz000400,许继电气,2025-09-17 14:44:57,24.05,110600,24.04,U
sz000400,许继电气,2025-09-17 14:45:00,24.05,46400,24.05,U
sz000400,许继电气,2025-09-17 14:45:06,24.05,54500,24.05,U
sz000400,许继电气,2025-09-17 14:45:09,24.04,9700,24.05,D
sz000400,许继电气,2025-09-17 14:45:12,24.05,23400,24.04,U
sz000400,许继电气,2025-09-17 14:45:18,24.05,12500,24.05,U
sz000400,许继电气,2025-09-17 14:45:21,24.06,48401,24.05,U
sz000400,许继电气,2025-09-17 14:45:36,24.06,8800,24.06,U
sz000400,许继电气,2025-09-17 14:45:45,24.06,18400,24.06,U
sz000400,许继电气,2025-09-17 14:45:48,24.06,8400,24.06,U
sz000400,许继电气,2025-09-17 14:45:54,24.06,18600,24.06,U
sz000400,许继电气,2025-09-17 14:45:57,24.05,9400,24.06,D
sz000400,许继电气,2025-09-17 14:46:00,24.06,11700,24.05,U
sz000400,许继电气,2025-09-17 14:46:03,24.06,19100,24.06,U
sz000400,许继电气,2025-09-17 14:46:06,24.06,10300,24.06,U
sz000400,许继电气,2025-09-17 14:46:12,24.06,12700,24.06,U
sz000400,许继电气,2025-09-17 14:46:18,24.05,19600,24.05,D
sz000400,许继电气,2025-09-17 14:46:24,24.06,13200,24.05,U
sz000400,许继电气,2025-09-17 14:46:27,24.05,32100,24.06,D
sz000400,许继电气,2025-09-17 14:46:39,24.06,24800,24.06,U
sz000400,许继电气,2025-09-17 14:46:42,24.06,28700,24.06,U
sz000400,许继电气,2025-09-17 14:46:45,24.05,48663,24.06,D
sz000400,许继电气,2025-09-17 14:46:48,24.05,8700,24.05,U
sz000400,许继电气,2025-09-17 14:46:51,24.04,19337,24.05,D
sz000400,许继电气,2025-09-17 14:46:57,24.05,10800,24.06,D
sz000400,许继电气,2025-09-17 14:47:03,24.05,13200,24.05,D
sz000400,许继电气,2025-09-17 14:47:15,24.05,25100,24.05,U
sz000400,许继电气,2025-09-17 14:47:21,24.05,21200,24.05,D
sz000400,许继电气,2025-09-17 14:47:24,24.05,10500,24.05,U
sz000400,许继电气,2025-09-17 14:47:30,24.05,18000,24.05,D
sz000400,许继电气,2025-09-17 14:47:33,24.05,8900,24.05,U
sz000400,许继电气,2025-09-17 14:47:39,24.05,30800,24.05,U
sz000400,许继电气,2025-09-17 14:47:48,24.05,11800,24.05,D
sz000400,许继电气,2025-09-17 14:47:51,24.05,16700,24.05,D
sz000400,许继电气,2025-09-17 14:47:57,24.05,8600,24.05,U
sz000400,许继电气,2025-09-17 14:48:06,24.04,22000,24.05,D
sz000400,许继电气,2025-09-17 14:48:21,24.05,24400,24.05,U
sz000400,许继电气,2025-09-17 14:48:24,24.04,10900,24.05,D
sz000400,许继电气,2025-09-17 14:48:30,24.05,18200,24.05,U
sz000400,许继电气,2025-09-17 14:48:36,24.05,9300,24.05,D
sz000400,许继电气,2025-09-17 14:48:39,24.05,46700,24.05,D
sz000400,许继电气,2025-09-17 14:48:42,24.05,11300,24.05,D
sz000400,许继电气,2025-09-17 14:48:45,24.05,9300,24.05,D
sz000400,许继电气,2025-09-17 14:48:57,24.05,20500,24.05,D
sz000400,许继电气,2025-09-17 14:49:03,24.05,19700,24.05,D
sz000400,许继电气,2025-09-17 14:49:06,24.05,12000,24.05,D
sz000400,许继电气,2025-09-17 14:49:09,24.05,8800,24.05,D
sz000400,许继电气,2025-09-17 14:49:12,24.05,66900,24.05,D
sz000400,许继电气,2025-09-17 14:49:21,24.05,12300,24.05,U
sz000400,许继电气,2025-09-17 14:49:24,24.05,22400,24.05,U
sz000400,许继电气,2025-09-17 14:49:27,24.04,15400,24.05,D
sz000400,许继电气,2025-09-17 14:49:33,24.05,11900,24.05,U
sz000400,许继电气,2025-09-17 14:49:36,24.05,13000,24.05,U
sz000400,许继电气,2025-09-17 14:49:42,24.05,18700,24.05,D
sz000400,许继电气,2025-09-17 14:49:48,24.05,10900,24.05,U
sz000400,许继电气,2025-09-17 14:49:54,24.05,22600,24.05,D
sz000400,许继电气,2025-09-17 14:50:03,24.05,24500,24.05,U
sz000400,许继电气,2025-09-17 14:50:06,24.05,21900,24.05,U
sz000400,许继电气,2025-09-17 14:50:09,24.05,20800,24.05,U
sz000400,许继电气,2025-09-17 14:50:15,24.05,9800,24.05,U
sz000400,许继电气,2025-09-17 14:50:21,24.05,28900,24.05,U
sz000400,许继电气,2025-09-17 14:50:24,24.05,10900,24.05,D
sz000400,许继电气,2025-09-17 14:50:27,24.05,40100,24.05,D
sz000400,许继电气,2025-09-17 14:50:33,24.05,87000,24.05,D
sz000400,许继电气,2025-09-17 14:50:39,24.05,31200,24.05,D
sz000400,许继电气,2025-09-17 14:50:42,24.05,27800,24.05,U
sz000400,许继电气,2025-09-17 14:50:48,24.05,17100,24.05,U
sz000400,许继电气,2025-09-17 14:50:54,24.06,14400,24.05,U
sz000400,许继电气,2025-09-17 14:51:00,24.05,28141,24.05,D
sz000400,许继电气,2025-09-17 14:51:03,24.05,15800,24.05,D
sz000400,许继电气,2025-09-17 14:51:12,24.06,12100,24.06,U
sz000400,许继电气,2025-09-17 14:51:24,24.06,10200,24.06,U
sz000400,许继电气,2025-09-17 14:51:30,24.06,9000,24.05,U
sz000400,许继电气,2025-09-17 14:51:33,24.06,15800,24.06,U
sz000400,许继电气,2025-09-17 14:51:36,24.05,31900,24.06,D
sz000400,许继电气,2025-09-17 14:51:39,24.06,30600,24.05,U
sz000400,许继电气,2025-09-17 14:51:42,24.05,10000,24.06,D
sz000400,许继电气,2025-09-17 14:51:48,24.05,11200,24.06,D
sz000400,许继电气,2025-09-17 14:51:57,24.06,459100,24.05,U
sz000400,许继电气,2025-09-17 14:52:00,24.06,14500,24.06,D
sz000400,许继电气,2025-09-17 14:52:03,24.06,13100,24.06,D
sz000400,许继电气,2025-09-17 14:52:06,24.06,9700,24.06,D
sz000400,许继电气,2025-09-17 14:52:09,24.07,15600,24.06,U
sz000400,许继电气,2025-09-17 14:52:18,24.07,8500,24.07,U
sz000400,许继电气,2025-09-17 14:52:24,24.07,9100,24.06,U
sz000400,许继电气,2025-09-17 14:52:30,24.07,34000,24.07,U
sz000400,许继电气,2025-09-17 14:52:36,24.07,37100,24.06,U
sz000400,许继电气,2025-09-17 14:52:39,24.07,14800,24.07,U
sz000400,许继电气,2025-09-17 14:52:45,24.07,16000,24.07,U
sz000400,许继电气,2025-09-17 14:52:48,24.07,13600,24.07,U
sz000400,许继电气,2025-09-17 14:52:51,24.07,16300,24.07,U
sz000400,许继电气,2025-09-17 14:52:54,24.07,64500,24.07,U
sz000400,许继电气,2025-09-17 14:52:57,24.08,12041,24.07,U
sz000400,许继电气,2025-09-17 14:53:03,24.08,11900,24.07,U
sz000400,许继电气,2025-09-17 14:53:06,24.08,13500,24.08,U
sz000400,许继电气,2025-09-17 14:53:09,24.08,14200,24.08,U
sz000400,许继电气,2025-09-17 14:53:12,24.07,17600,24.08,D
sz000400,许继电气,2025-09-17 14:53:15,24.08,39059,24.07,U
sz000400,许继电气,2025-09-17 14:53:18,24.07,16000,24.08,D
sz000400,许继电气,2025-09-17 14:53:24,24.07,15400,24.07,U
sz000400,许继电气,2025-09-17 14:53:27,24.07,11100,24.07,U
sz000400,许继电气,2025-09-17 14:53:33,24.07,21900,24.07,U
sz000400,许继电气,2025-09-17 14:53:36,24.07,13900,24.07,U
sz000400,许继电气,2025-09-17 14:53:42,24.08,34300,24.07,U
sz000400,许继电气,2025-09-17 14:53:48,24.07,11600,24.07,D
sz000400,许继电气,2025-09-17 14:53:57,24.07,17500,24.07,U
sz000400,许继电气,2025-09-17 14:54:00,24.07,18000,24.07,U
sz000400,许继电气,2025-09-17 14:54:03,24.08,23100,24.07,U
sz000400,许继电气,2025-09-17 14:54:06,24.08,28700,24.08,U
sz000400,许继电气,2025-09-17 14:54:09,24.08,44400,24.08,U
sz000400,许继电气,2025-09-17 14:54:12,24.08,111900,24.08,U
sz000400,许继电气,2025-09-17 14:54:18,24.08,15400,24.08,U
sz000400,许继电气,2025-09-17 14:54:21,24.08,8500,24.08,U
sz000400,许继电气,2025-09-17 14:54:24,24.08,11600,24.08,U
sz000400,许继电气,2025-09-17 14:54:27,24.08,49000,24.08,U
sz000400,许继电气,2025-09-17 14:54:30,24.08,15200,24.08,U
sz000400,许继电气,2025-09-17 14:54:33,24.08,30400,24.08,U
sz000400,许继电气,2025-09-17 14:54:36,24.08,11100,24.08,U
sz000400,许继电气,2025-09-17 14:54:39,24.08,22800,24.08,U
sz000400,许继电气,2025-09-17 14:54:42,24.08,9800,24.08,U
sz000400,许继电气,2025-09-17 14:54:45,24.08,19700,24.08,U
sz000400,许继电气,2025-09-17 14:54:48,24.08,25100,24.08,U
sz000400,许继电气,2025-09-17 14:54:51,24.08,18746,24.08,U
sz000400,许继电气,2025-09-17 14:54:57,24.09,9900,24.08,U
sz000400,许继电气,2025-09-17 14:55:00,24.08,14300,24.09,D
sz000400,许继电气,2025-09-17 14:55:03,24.09,16400,24.08,U
sz000400,许继电气,2025-09-17 14:55:06,24.09,42200,24.09,U
sz000400,许继电气,2025-09-17 14:55:09,24.08,18400,24.09,D
sz000400,许继电气,2025-09-17 14:55:12,24.09,16000,24.08,U
sz000400,许继电气,2025-09-17 14:55:18,24.09,85000,24.09,U
sz000400,许继电气,2025-09-17 14:55:27,24.09,35400,24.1,D
sz000400,许继电气,2025-09-17 14:55:33,24.1,18900,24.09,U
sz000400,许继电气,2025-09-17 14:55:36,24.09,29100,24.1,D
sz000400,许继电气,2025-09-17 14:55:39,24.09,9400,24.09,U
sz000400,许继电气,2025-09-17 14:55:42,24.09,16600,24.09,U
sz000400,许继电气,2025-09-17 14:55:45,24.09,27300,24.09,U
sz000400,许继电气,2025-09-17 14:55:48,24.09,37000,24.09,U
sz000400,许继电气,2025-09-17 14:55:54,24.09,22500,24.09,D
sz000400,许继电气,2025-09-17 14:55:57,24.1,16100,24.09,U
sz000400,许继电气,2025-09-17 14:56:00,24.09,18700,24.1,D
sz000400,许继电气,2025-09-17 14:56:03,24.09,26100,24.09,D
sz000400,许继电气,2025-09-17 14:56:06,24.09,8800,24.09,D
sz000400,许继电气,2025-09-17 14:56:09,24.09,25900,24.09,D
sz000400,许继电气,2025-09-17 14:56:12,24.09,12200,24.09,U
sz000400,许继电气,2025-09-17 14:56:18,24.1,21400,24.08,U
sz000400,许继电气,2025-09-17 14:56:21,24.08,17200,24.1,D
sz000400,许继电气,2025-09-17 14:56:24,24.09,11000,24.08,U
sz000400,许继电气,2025-09-17 14:56:27,24.09,19000,24.09,D
sz000400,许继电气,2025-09-17 14:56:36,24.09,19200,24.09,U
sz000400,许继电气,2025-09-17 14:56:39,24.08,18700,24.09,D
sz000400,许继电气,2025-09-17 14:56:42,24.09,47700,24.08,U
sz000400,许继电气,2025-09-17 14:56:45,24.09,11100,24.09,U
sz000400,许继电气,2025-09-17 14:56:48,24.1,10400,24.09,U
sz000400,许继电气,2025-09-17 14:56:51,24.1,28400,24.1,U
sz000400,许继电气,2025-09-17 14:56:54,24.1,142800,24.1,U
sz000400,许继电气,2025-09-17 14:56:57,24.09,12600,24.1,D
sz000400,许继电气,2025-09-17 15:00:00,24.09,699100,24.09,E
