symbol,name,ticktime,price,volume,prev_price,kind
sz000400,许继电气,2025-10-10 09:25:00,26.65,335400,0.0,U
sz000400,许继电气,2025-10-10 09:30:00,26.59,89800,26.65,D
sz000400,许继电气,2025-10-10 09:30:03,26.6,180700,26.59,E
sz000400,许继电气,2025-10-10 09:30:06,26.55,91000,26.6,D
sz000400,许继电气,2025-10-10 09:30:09,26.53,27700,26.55,D
sz000400,许继电气,2025-10-10 09:30:12,26.52,18000,26.53,D
sz000400,许继电气,2025-10-10 09:30:15,26.52,33800,26.52,D
sz000400,许继电气,2025-10-10 09:30:18,26.51,44000,26.52,D
sz000400,许继电气,2025-10-10 09:30:21,26.5,22400,26.51,D
sz000400,许继电气,2025-10-10 09:30:24,26.5,88500,26.5,D
sz000400,许继电气,2025-10-10 09:30:27,26.49,18900,26.5,D
sz000400,许继电气,2025-10-10 09:30:30,26.47,49500,26.49,D
sz000400,许继电气,2025-10-10 09:30:33,26.43,44000,26.47,D
sz000400,许继电气,2025-10-10 09:30:36,26.42,45500,26.43,D
sz000400,许继电气,2025-10-10 09:30:39,26.42,64800,26.42,U
sz000400,许继电气,2025-10-10 09:30:42,26.41,65200,26.42,E
sz000400,许继电气,2025-10-10 09:30:45,26.48,152700,26.41,U
sz000400,许继电气,2025-10-10 09:30:48,26.49,191000,26.48,U
sz000400,许继电气,2025-10-10 09:30:51,26.48,36600,26.49,D
sz000400,许继电气,2025-10-10 09:30:54,26.49,26000,26.48,E
sz000400,许继电气,2025-10-10 09:30:57,26.48,16700,26.49,D
sz000400,许继电气,2025-10-10 09:31:00,26.52,134200,26.48,U
sz000400,许继电气,2025-10-10 09:31:03,26.5,37400,26.52,D
sz000400,许继电气,2025-10-10 09:31:06,26.51,32400,26.5,U
sz000400,许继电气,2025-10-10 09:31:09,26.47,122000,26.51,D
sz000400,许继电气,2025-10-10 09:31:12,26.5,24100,26.47,E
sz000400,许继电气,2025-10-10 09:31:15,26.5,46100,26.5,D
sz000400,许继电气,2025-10-10 09:31:18,26.54,29100,26.5,U
sz000400,许继电气,2025-10-10 09:31:21,26.56,30100,26.54,U
sz000400,许继电气,2025-10-10 09:31:24,26.54,11400,26.56,E
sz000400,许继电气,2025-10-10 09:31:27,26.53,36100,26.54,E
sz000400,许继电气,2025-10-10 09:31:30,26.52,52200,26.53,E
sz000400,许继电气,2025-10-10 09:31:33,26.51,26200,26.52,D
sz000400,许继电气,2025-10-10 09:31:36,26.53,36800,26.51,D
sz000400,许继电气,2025-10-10 09:31:39,26.53,16100,26.53,D
sz000400,许继电气,2025-10-10 09:31:42,26.65,456101,26.53,U
sz000400,许继电气,2025-10-10 09:31:45,26.84,194100,26.65,U
sz000400,许继电气,2025-10-10 09:31:48,26.91,137400,26.84,U
sz000400,许继电气,2025-10-10 09:31:51,26.96,16100,26.91,E
sz000400,许继电气,2025-10-10 09:31:54,26.89,34500,26.96,D
sz000400,许继电气,2025-10-10 09:31:57,26.91,21800,26.89,U
sz000400,许继电气,2025-10-10 09:32:00,26.89,34500,26.91,E
sz000400,许继电气,2025-10-10 09:32:03,26.87,24700,26.89,E
sz000400,许继电气,2025-10-10 09:32:06,26.86,49200,26.87,E
sz000400,许继电气,2025-10-10 09:32:09,26.87,38200,26.86,E
sz000400,许继电气,2025-10-10 09:32:12,26.85,14700,26.87,E
sz000400,许继电气,2025-10-10 09:32:15,26.81,10800,26.85,D
sz000400,许继电气,2025-10-10 09:32:18,26.81,55700,26.81,U
sz000400,许继电气,2025-10-10 09:32:21,26.81,41900,26.81,D
sz000400,许继电气,2025-10-10 09:32:24,26.81,42000,26.81,D
sz000400,许继电气,2025-10-10 09:32:27,26.82,14000,26.81,E
sz000400,许继电气,2025-10-10 09:32:30,26.86,146800,26.82,U
sz000400,许继电气,2025-10-10 09:32:33,26.91,147000,26.86,U
sz000400,许继电气,2025-10-10 09:32:36,26.9,39200,26.91,D
sz000400,许继电气,2025-10-10 09:32:39,26.89,17100,26.9,D
sz000400,许继电气,2025-10-10 09:32:42,26.89,23700,26.89,D
sz000400,许继电气,2025-10-10 09:32:45,26.89,34600,26.89,U
sz000400,许继电气,2025-10-10 09:32:48,26.87,93900,26.89,D
sz000400,许继电气,2025-10-10 09:32:51,26.86,36800,26.87,E
sz000400,许继电气,2025-10-10 09:32:54,26.83,14900,26.86,D
sz000400,许继电气,2025-10-10 09:32:57,26.86,18700,26.83,U
sz000400,许继电气,2025-10-10 09:33:00,26.86,32800,26.86,U
sz000400,许继电气,2025-10-10 09:33:03,26.87,85000,26.86,U
sz000400,许继电气,2025-10-10 09:33:06,26.95,127400,26.87,U
sz000400,许继电气,2025-10-10 09:33:09,26.95,44000,26.95,U
sz000400,许继电气,2025-10-10 09:33:12,27.0,129966,26.95,U
sz000400,许继电气,2025-10-10 09:33:15,26.98,16100,27.0,E
sz000400,许继电气,2025-10-10 09:33:18,26.97,69400,26.98,D
sz000400,许继电气,2025-10-10 09:33:21,26.98,51900,26.97,U
sz000400,许继电气,2025-10-10 09:33:24,26.98,41400,26.98,D
sz000400,许继电气,2025-10-10 09:33:27,26.98,46000,26.98,U
sz000400,许继电气,2025-10-10 09:33:30,26.98,27800,26.98,U
sz000400,许继电气,2025-10-10 09:33:33,26.97,35400,26.98,D
sz000400,许继电气,2025-10-10 09:33:36,26.95,71200,26.97,D
sz000400,许继电气,2025-10-10 09:33:39,26.98,38700,26.95,U
sz000400,许继电气,2025-10-10 09:33:42,26.96,35600,26.98,D
sz000400,许继电气,2025-10-10 09:33:45,26.97,18200,26.96,U
sz000400,许继电气,2025-10-10 09:33:48,27.02,107900,26.97,U
sz000400,许继电气,2025-10-10 09:33:51,26.99,55400,27.02,D
sz000400,许继电气,2025-10-10 09:33:54,27.04,25800,26.99,U
sz000400,许继电气,2025-10-10 09:33:57,27.04,36000,27.04,U
sz000400,许继电气,2025-10-10 09:34:00,27.08,103700,27.04,U
sz000400,许继电气,2025-10-10 09:34:03,27.08,84100,27.08,U
sz000400,许继电气,2025-10-10 09:34:06,27.12,79300,27.08,U
sz000400,许继电气,2025-10-10 09:34:09,27.12,56086,27.12,U
sz000400,许继电气,2025-10-10 09:34:12,27.14,53500,27.12,U
sz000400,许继电气,2025-10-10 09:34:15,27.15,20200,27.14,U
sz000400,许继电气,2025-10-10 09:34:18,27.16,30600,27.15,U
sz000400,许继电气,2025-10-10 09:34:21,27.18,131100,27.16,U
sz000400,许继电气,2025-10-10 09:34:24,27.19,30700,27.18,E
sz000400,许继电气,2025-10-10 09:34:27,27.19,51000,27.19,U
sz000400,许继电气,2025-10-10 09:34:30,27.2,57700,27.19,U
sz000400,许继电气,2025-10-10 09:34:33,27.2,118900,27.2,D
sz000400,许继电气,2025-10-10 09:34:36,27.21,56700,27.2,U
sz000400,许继电气,2025-10-10 09:34:39,27.21,50900,27.21,D
sz000400,许继电气,2025-10-10 09:34:42,27.22,49800,27.21,U
sz000400,许继电气,2025-10-10 09:34:45,27.23,54600,27.22,U
sz000400,许继电气,2025-10-10 09:34:48,27.21,76200,27.23,D
sz000400,许继电气,2025-10-10 09:34:51,27.21,71200,27.21,D
sz000400,许继电气,2025-10-10 09:34:54,27.23,149100,27.21,U
sz000400,许继电气,2025-10-10 09:34:57,27.22,120200,27.23,D
sz000400,许继电气,2025-10-10 09:35:00,27.23,73100,27.22,U
sz000400,许继电气,2025-10-10 09:35:03,27.23,59300,27.23,U
sz000400,许继电气,2025-10-10 09:35:06,27.23,63400,27.23,U
sz000400,许继电气,2025-10-10 09:35:09,27.22,51800,27.23,U
sz000400,许继电气,2025-10-10 09:35:12,27.18,65300,27.22,D
sz000400,许继电气,2025-10-10 09:35:15,27.21,33700,27.18,U
sz000400,许继电气,2025-10-10 09:35:18,27.15,31100,27.21,D
sz000400,许继电气,2025-10-10 09:35:21,27.18,71000,27.15,E
sz000400,许继电气,2025-10-10 09:35:24,27.15,52500,27.18,D
sz000400,许继电气,2025-10-10 09:35:27,27.15,42500,27.15,U
sz000400,许继电气,2025-10-10 09:35:30,27.1,34700,27.15,D
sz000400,许继电气,2025-10-10 09:35:33,27.15,137100,27.1,U
sz000400,许继电气,2025-10-10 09:35:36,27.16,153756,27.15,U
sz000400,许继电气,2025-10-10 09:35:39,27.18,142800,27.16,E
sz000400,许继电气,2025-10-10 09:35:42,27.16,37600,27.18,D
sz000400,许继电气,2025-10-10 09:35:45,27.15,73000,27.16,D
sz000400,许继电气,2025-10-10 09:35:48,27.18,47400,27.15,U
sz000400,许继电气,2025-10-10 09:35:51,27.16,66900,27.18,D
sz000400,许继电气,2025-10-10 09:35:54,27.18,28500,27.16,U
sz000400,许继电气,2025-10-10 09:35:57,27.18,11900,27.18,U
sz000400,许继电气,2025-10-10 09:36:00,27.17,40400,27.18,E
sz000400,许继电气,2025-10-10 09:36:03,27.16,24100,27.17,D
sz000400,许继电气,2025-10-10 09:36:06,27.16,35300,27.16,D
sz000400,许继电气,2025-10-10 09:36:09,27.16,42200,27.16,D
sz000400,许继电气,2025-10-10 09:36:12,27.16,41900,27.16,U
sz000400,许继电气,2025-10-10 09:36:15,27.15,47400,27.16,E
sz000400,许继电气,2025-10-10 09:36:18,27.13,20700,27.15,D
sz000400,许继电气,2025-10-10 09:36:21,27.11,10600,27.13,D
sz000400,许继电气,2025-10-10 09:36:24,27.11,22200,27.11,D
sz000400,许继电气,2025-10-10 09:36:27,27.1,21200,27.11,D
sz000400,许继电气,2025-10-10 09:36:30,27.08,17300,27.1,D
sz000400,许继电气,2025-10-10 09:36:33,27.07,24400,27.08,D
sz000400,许继电气,2025-10-10 09:36:36,27.07,15100,27.07,U
sz000400,许继电气,2025-10-10 09:36:39,27.06,250400,27.07,E
sz000400,许继电气,2025-10-10 09:36:42,27.06,29000,27.06,D
sz000400,许继电气,2025-10-10 09:36:45,27.05,22000,27.06,D
sz000400,许继电气,2025-10-10 09:36:48,27.05,45900,27.05,U
sz000400,许继电气,2025-10-10 09:36:51,27.05,28900,27.05,U
sz000400,许继电气,2025-10-10 09:36:54,27.01,61800,27.05,D
sz000400,许继电气,2025-10-10 09:36:57,27.0,33300,27.01,D
sz000400,许继电气,2025-10-10 09:37:00,26.99,14800,27.0,D
sz000400,许继电气,2025-10-10 09:37:03,26.99,19300,26.99,D
sz000400,许继电气,2025-10-10 09:37:06,26.98,26200,26.99,D
sz000400,许继电气,2025-10-10 09:37:09,26.98,34800,26.98,D
sz000400,许继电气,2025-10-10 09:37:12,26.98,29700,26.98,D
sz000400,许继电气,2025-10-10 09:37:15,27.0,27300,26.98,U
sz000400,许继电气,2025-10-10 09:37:18,26.99,20700,27.0,D
sz000400,许继电气,2025-10-10 09:37:21,27.0,28400,26.99,U
sz000400,许继电气,2025-10-10 09:37:24,26.99,47400,27.0,D
sz000400,许继电气,2025-10-10 09:37:27,27.01,22200,26.99,E
sz000400,许继电气,2025-10-10 09:37:30,27.06,59300,27.01,U
sz000400,许继电气,2025-10-10 09:37:33,27.0,65000,27.06,D
sz000400,许继电气,2025-10-10 09:37:36,27.0,59900,27.0,U
sz000400,许继电气,2025-10-10 09:37:45,27.01,9600,27.01,U
sz000400,许继电气,2025-10-10 09:37:48,27.01,51700,27.01,U
sz000400,许继电气,2025-10-10 09:37:51,27.01,14400,27.01,U
sz000400,许继电气,2025-10-10 09:37:57,27.03,13500,27.01,U
sz000400,许继电气,2025-10-10 09:38:03,27.04,39400,27.04,U
sz000400,许继电气,2025-10-10 09:38:06,27.05,17900,27.04,U
sz000400,许继电气,2025-10-10 09:38:09,27.04,8400,27.05,D
sz000400,许继电气,2025-10-10 09:38:12,27.05,22300,27.04,U
sz000400,许继电气,2025-10-10 09:38:18,27.07,27200,27.07,U
sz000400,许继电气,2025-10-10 09:38:21,27.07,19800,27.07,U
sz000400,许继电气,2025-10-10 09:38:24,27.08,24200,27.07,U
sz000400,许继电气,2025-10-10 09:38:33,27.11,30400,27.08,U
sz000400,许继电气,2025-10-10 09:38:36,27.1,15600,27.11,D
sz000400,许继电气,2025-10-10 09:38:39,27.13,9500,27.1,U
sz000400,许继电气,2025-10-10 09:38:45,27.14,15500,27.13,U
sz000400,许继电气,2025-10-10 09:38:51,27.15,20000,27.15,U
sz000400,许继电气,2025-10-10 09:38:54,27.15,42200,27.15,U
sz000400,许继电气,2025-10-10 09:38:57,27.16,20600,27.15,U
sz000400,许继电气,2025-10-10 09:39:00,27.17,24900,27.16,U
sz000400,许继电气,2025-10-10 09:39:03,27.17,50300,27.17,U
sz000400,许继电气,2025-10-10 09:39:06,27.17,44495,27.17,U
sz000400,许继电气,2025-10-10 09:39:09,27.17,25100,27.17,U
sz000400,许继电气,2025-10-10 09:39:12,27.17,29400,27.17,U
sz000400,许继电气,2025-10-10 09:39:15,27.15,118705,27.17,D
sz000400,许继电气,2025-10-10 09:39:18,27.15,45800,27.15,D
sz000400,许继电气,2025-10-10 09:39:21,27.15,13800,27.15,D
sz000400,许继电气,2025-10-10 09:39:24,27.15,18100,27.15,U
sz000400,许继电气,2025-10-10 09:39:27,27.15,43700,27.15,U
sz000400,许继电气,2025-10-10 09:39:30,27.14,19200,27.15,D
sz000400,许继电气,2025-10-10 09:39:33,27.13,30700,27.14,D
sz000400,许继电气,2025-10-10 09:39:36,27.3,917539,27.13,U
sz000400,许继电气,2025-10-10 09:39:39,27.33,397600,27.3,U
sz000400,许继电气,2025-10-10 09:39:42,27.35,39700,27.33,U
sz000400,许继电气,2025-10-10 09:39:45,27.35,26200,27.35,U
sz000400,许继电气,2025-10-10 09:39:48,27.37,42400,27.35,U
sz000400,许继电气,2025-10-10 09:39:51,27.36,49900,27.37,D
sz000400,许继电气,2025-10-10 09:39:54,27.38,56900,27.36,U
sz000400,许继电气,2025-10-10 09:39:57,27.38,37000,27.38,U
sz000400,许继电气,2025-10-10 09:40:00,27.39,54200,27.38,U
sz000400,许继电气,2025-10-10 09:40:03,27.41,50500,27.39,U
sz000400,许继电气,2025-10-10 09:40:06,27.43,22300,27.41,U
sz000400,许继电气,2025-10-10 09:40:09,27.45,56900,27.43,U
sz000400,许继电气,2025-10-10 09:40:12,27.46,36100,27.45,U
sz000400,许继电气,2025-10-10 09:40:15,27.45,113800,27.46,D
sz000400,许继电气,2025-10-10 09:40:18,27.49,74900,27.45,U
sz000400,许继电气,2025-10-10 09:40:21,27.49,76400,27.49,U
sz000400,许继电气,2025-10-10 09:40:24,27.49,108100,27.49,D
sz000400,许继电气,2025-10-10 09:40:27,27.5,172600,27.49,U
sz000400,许继电气,2025-10-10 09:40:30,27.49,133400,27.5,D
sz000400,许继电气,2025-10-10 09:40:33,27.45,236900,27.49,D
sz000400,许继电气,2025-10-10 09:40:36,27.45,99600,27.45,U
sz000400,许继电气,2025-10-10 09:40:39,27.37,61700,27.45,D
sz000400,许继电气,2025-10-10 09:40:42,27.3,135000,27.37,D
sz000400,许继电气,2025-10-10 09:40:45,27.3,48600,27.3,U
sz000400,许继电气,2025-10-10 09:40:48,27.3,20100,27.3,D
sz000400,许继电气,2025-10-10 09:40:51,27.37,51600,27.3,U
sz000400,许继电气,2025-10-10 09:40:54,27.35,11600,27.37,D
sz000400,许继电气,2025-10-10 09:40:57,27.31,66700,27.35,D
sz000400,许继电气,2025-10-10 09:41:00,27.3,40400,27.31,D
sz000400,许继电气,2025-10-10 09:41:03,27.31,44300,27.3,U
sz000400,许继电气,2025-10-10 09:41:06,27.38,40900,27.31,U
sz000400,许继电气,2025-10-10 09:41:09,27.29,39200,27.38,D
sz000400,许继电气,2025-10-10 09:41:12,27.25,50700,27.29,D
sz000400,许继电气,2025-10-10 09:41:15,27.29,50500,27.25,E
sz000400,许继电气,2025-10-10 09:41:18,27.29,43200,27.29,D
sz000400,许继电气,2025-10-10 09:41:21,27.31,38500,27.29,U
sz000400,许继电气,2025-10-10 09:41:24,27.25,28000,27.31,D
sz000400,许继电气,2025-10-10 09:41:27,27.26,16950,27.25,E
sz000400,许继电气,2025-10-10 09:41:30,27.26,8800,27.26,D
sz000400,许继电气,2025-10-10 09:41:33,27.27,16800,27.26,E
sz000400,许继电气,2025-10-10 09:41:36,27.23,88250,27.27,D
sz000400,许继电气,2025-10-10 09:41:39,27.27,75500,27.23,U
sz000400,许继电气,2025-10-10 09:41:42,27.29,41900,27.27,U
sz000400,许继电气,2025-10-10 09:41:45,27.3,68300,27.29,U
sz000400,许继电气,2025-10-10 09:41:51,27.29,45700,27.31,D
sz000400,许继电气,2025-10-10 09:41:54,27.29,33000,27.29,D
sz000400,许继电气,2025-10-10 09:41:57,27.28,31800,27.29,D
sz000400,许继电气,2025-10-10 09:42:00,27.25,53700,27.28,D
sz000400,许继电气,2025-10-10 09:42:03,27.18,13400,27.25,D
sz000400,许继电气,2025-10-10 09:42:06,27.16,77100,27.18,D
sz000400,许继电气,2025-10-10 09:42:09,27.18,33200,27.16,E
sz000400,许继电气,2025-10-10 09:42:12,27.17,21100,27.18,D
sz000400,许继电气,2025-10-10 09:42:15,27.17,10300,27.17,U
sz000400,许继电气,2025-10-10 09:42:18,27.16,53300,27.17,D
sz000400,许继电气,2025-10-10 09:42:21,27.17,16700,27.16,U
sz000400,许继电气,2025-10-10 09:42:24,27.18,38200,27.17,U
sz000400,许继电气,2025-10-10 09:42:27,27.19,18300,27.18,U
sz000400,许继电气,2025-10-10 09:42:30,27.22,15800,27.19,U
sz000400,许继电气,2025-10-10 09:42:33,27.2,40300,27.22,D
sz000400,许继电气,2025-10-10 09:42:36,27.22,53300,27.2,U
sz000400,许继电气,2025-10-10 09:42:39,27.21,45000,27.22,D
sz000400,许继电气,2025-10-10 09:42:42,27.25,117800,27.21,U
sz000400,许继电气,2025-10-10 09:42:45,27.26,11200,27.25,U
sz000400,许继电气,2025-10-10 09:42:51,27.28,28100,27.26,U
sz000400,许继电气,2025-10-10 09:42:54,27.26,25700,27.28,D
sz000400,许继电气,2025-10-10 09:42:57,27.27,14800,27.26,U
sz000400,许继电气,2025-10-10 09:43:00,27.25,27500,27.27,D
sz000400,许继电气,2025-10-10 09:43:03,27.26,49300,27.25,E
sz000400,许继电气,2025-10-10 09:43:06,27.27,59366,27.26,U
sz000400,许继电气,2025-10-10 09:43:09,27.29,22800,27.27,U
sz000400,许继电气,2025-10-10 09:43:12,27.26,41900,27.29,D
sz000400,许继电气,2025-10-10 09:43:15,27.28,24100,27.26,D
sz000400,许继电气,2025-10-10 09:43:18,27.29,26100,27.28,U
sz000400,许继电气,2025-10-10 09:43:21,27.3,50600,27.29,U
sz000400,许继电气,2025-10-10 09:43:24,27.31,12000,27.3,U
sz000400,许继电气,2025-10-10 09:43:27,27.31,28300,27.31,U
sz000400,许继电气,2025-10-10 09:43:30,27.29,30400,27.31,D
sz000400,许继电气,2025-10-10 09:43:33,27.29,41000,27.29,D
sz000400,许继电气,2025-10-10 09:43:36,27.28,74600,27.29,D
sz000400,许继电气,2025-10-10 09:43:39,27.29,52100,27.28,U
sz000400,许继电气,2025-10-10 09:43:42,27.27,12500,27.29,E
sz000400,许继电气,2025-10-10 09:43:45,27.3,49100,27.27,U
sz000400,许继电气,2025-10-10 09:43:48,27.28,10300,27.3,E
sz000400,许继电气,2025-10-10 09:43:51,27.28,18000,27.28,D
sz000400,许继电气,2025-10-10 09:43:54,27.28,22400,27.28,U
sz000400,许继电气,2025-10-10 09:43:57,27.28,21900,27.28,U
sz000400,许继电气,2025-10-10 09:44:00,27.25,21100,27.28,D
sz000400,许继电气,2025-10-10 09:44:03,27.25,35100,27.25,U
sz000400,许继电气,2025-10-10 09:44:06,27.25,52200,27.25,U
sz000400,许继电气,2025-10-10 09:44:09,27.2,35200,27.25,D
sz000400,许继电气,2025-10-10 09:44:12,27.2,33600,27.2,U
sz000400,许继电气,2025-10-10 09:44:15,27.2,50600,27.2,U
sz000400,许继电气,2025-10-10 09:44:18,27.17,8900,27.2,D
sz000400,许继电气,2025-10-10 09:44:21,27.17,23600,27.17,D
sz000400,许继电气,2025-10-10 09:44:24,27.18,42900,27.17,U
sz000400,许继电气,2025-10-10 09:44:27,27.19,38100,27.18,U
sz000400,许继电气,2025-10-10 09:44:30,27.16,29800,27.19,D
sz000400,许继电气,2025-10-10 09:44:33,27.16,12200,27.16,D
sz000400,许继电气,2025-10-10 09:44:36,27.16,33200,27.16,D
sz000400,许继电气,2025-10-10 09:44:39,27.15,12100,27.16,D
sz000400,许继电气,2025-10-10 09:44:45,27.15,28400,27.15,D
sz000400,许继电气,2025-10-10 09:44:48,27.15,32600,27.15,D
sz000400,许继电气,2025-10-10 09:44:51,27.15,31705,27.15,D
sz000400,许继电气,2025-10-10 09:44:54,27.16,10800,27.15,E
sz000400,许继电气,2025-10-10 09:44:57,27.16,11200,27.16,D
sz000400,许继电气,2025-10-10 09:45:00,27.17,22300,27.16,U
sz000400,许继电气,2025-10-10 09:45:03,27.17,10200,27.17,U
sz000400,许继电气,2025-10-10 09:45:06,27.15,45000,27.17,D
sz000400,许继电气,2025-10-10 09:45:09,27.15,56347,27.15,D
sz000400,许继电气,2025-10-10 09:45:12,27.15,14300,27.15,U
sz000400,许继电气,2025-10-10 09:45:15,27.12,16700,27.15,D
sz000400,许继电气,2025-10-10 09:45:18,27.11,24600,27.12,D
sz000400,许继电气,2025-10-10 09:45:24,27.1,31200,27.1,D
sz000400,许继电气,2025-10-10 09:45:27,27.1,51800,27.1,D
sz000400,许继电气,2025-10-10 09:45:30,27.1,78900,27.1,D
sz000400,许继电气,2025-10-10 09:45:33,27.11,13800,27.1,E
sz000400,许继电气,2025-10-10 09:45:36,27.14,13300,27.11,E
sz000400,许继电气,2025-10-10 09:45:39,27.17,17700,27.14,U
sz000400,许继电气,2025-10-10 09:45:42,27.18,27000,27.17,U
sz000400,许继电气,2025-10-10 09:45:45,27.16,14800,27.18,E
sz000400,许继电气,2025-10-10 09:45:48,27.18,11100,27.16,U
sz000400,许继电气,2025-10-10 09:45:51,27.15,19000,27.18,D
sz000400,许继电气,2025-10-10 09:45:54,27.18,11200,27.15,U
sz000400,许继电气,2025-10-10 09:45:57,27.17,11200,27.18,D
sz000400,许继电气,2025-10-10 09:46:00,27.19,13800,27.17,U
sz000400,许继电气,2025-10-10 09:46:03,27.2,47000,27.19,U
sz000400,许继电气,2025-10-10 09:46:06,27.22,10500,27.2,U
sz000400,许继电气,2025-10-10 09:46:09,27.24,9400,27.22,U
sz000400,许继电气,2025-10-10 09:46:12,27.24,14100,27.24,D
sz000400,许继电气,2025-10-10 09:46:18,27.26,13300,27.26,D
sz000400,许继电气,2025-10-10 09:46:21,27.24,32400,27.26,D
sz000400,许继电气,2025-10-10 09:46:24,27.28,36300,27.24,U
sz000400,许继电气,2025-10-10 09:46:27,27.26,31400,27.28,D
sz000400,许继电气,2025-10-10 09:46:30,27.26,82000,27.26,U
sz000400,许继电气,2025-10-10 09:46:33,27.27,16500,27.26,E
sz000400,许继电气,2025-10-10 09:46:36,27.27,16500,27.27,U
sz000400,许继电气,2025-10-10 09:46:39,27.26,67300,27.27,D
sz000400,许继电气,2025-10-10 09:46:42,27.2,33800,27.26,D
sz000400,许继电气,2025-10-10 09:46:45,27.24,44700,27.2,U
sz000400,许继电气,2025-10-10 09:46:48,27.2,28800,27.24,D
sz000400,许继电气,2025-10-10 09:46:51,27.2,33100,27.2,U
sz000400,许继电气,2025-10-10 09:46:54,27.19,16700,27.2,E
sz000400,许继电气,2025-10-10 09:47:03,27.14,14000,27.19,E
sz000400,许继电气,2025-10-10 09:47:06,27.15,21600,27.14,U
sz000400,许继电气,2025-10-10 09:47:09,27.08,149500,27.15,D
sz000400,许继电气,2025-10-10 09:47:12,27.08,24100,27.08,U
sz000400,许继电气,2025-10-10 09:47:15,27.07,9200,27.08,D
sz000400,许继电气,2025-10-10 09:47:18,27.06,20800,27.07,D
sz000400,许继电气,2025-10-10 09:47:21,27.07,72100,27.06,U
sz000400,许继电气,2025-10-10 09:47:24,27.04,7400,27.07,D
sz000400,许继电气,2025-10-10 09:47:27,27.07,31700,27.04,U
sz000400,许继电气,2025-10-10 09:47:30,27.08,17700,27.07,U
sz000400,许继电气,2025-10-10 09:47:36,27.09,8300,27.08,D
sz000400,许继电气,2025-10-10 09:47:42,27.09,8700,27.08,U
sz000400,许继电气,2025-10-10 09:47:45,27.08,33600,27.09,D
sz000400,许继电气,2025-10-10 09:47:48,27.09,25200,27.08,E
sz000400,许继电气,2025-10-10 09:47:51,27.07,29200,27.09,D
sz000400,许继电气,2025-10-10 09:47:54,27.08,32900,27.07,U
sz000400,许继电气,2025-10-10 09:47:57,27.07,164600,27.08,D
sz000400,许继电气,2025-10-10 09:48:00,27.08,14000,27.07,U
sz000400,许继电气,2025-10-10 09:48:03,27.07,30700,27.08,D
sz000400,许继电气,2025-10-10 09:48:06,27.07,8600,27.07,U
sz000400,许继电气,2025-10-10 09:48:15,27.06,8100,27.06,U
sz000400,许继电气,2025-10-10 09:48:18,27.04,10500,27.06,E
sz000400,许继电气,2025-10-10 09:48:21,27.05,44400,27.04,U
sz000400,许继电气,2025-10-10 09:48:24,27.05,22200,27.05,D
sz000400,许继电气,2025-10-10 09:48:27,27.07,19800,27.05,D
sz000400,许继电气,2025-10-10 09:48:36,27.08,13400,27.08,D
sz000400,许继电气,2025-10-10 09:48:39,27.07,9900,27.08,D
sz000400,许继电气,2025-10-10 09:48:42,27.07,7400,27.07,D
sz000400,许继电气,2025-10-10 09:48:45,27.07,23200,27.07,D
sz000400,许继电气,2025-10-10 09:48:57,27.06,45100,27.07,D
sz000400,许继电气,2025-10-10 09:49:00,27.06,12200,27.06,E
sz000400,许继电气,2025-10-10 09:49:03,27.05,19300,27.06,D
sz000400,许继电气,2025-10-10 09:49:06,27.05,27500,27.05,D
sz000400,许继电气,2025-10-10 09:49:12,27.05,57600,27.06,D
sz000400,许继电气,2025-10-10 09:49:15,27.04,13000,27.05,D
sz000400,许继电气,2025-10-10 09:49:18,27.04,15700,27.04,D
sz000400,许继电气,2025-10-10 09:49:21,27.04,16700,27.04,U
sz000400,许继电气,2025-10-10 09:49:24,27.04,9900,27.04,U
sz000400,许继电气,2025-10-10 09:49:27,27.03,16200,27.04,D
sz000400,许继电气,2025-10-10 09:49:30,27.03,17700,27.03,U
sz000400,许继电气,2025-10-10 09:49:33,27.02,19800,27.03,D
sz000400,许继电气,2025-10-10 09:49:36,27.01,11900,27.02,D
sz000400,许继电气,2025-10-10 09:49:39,27.01,10500,27.01,D
sz000400,许继电气,2025-10-10 09:49:42,27.02,18700,27.01,U
sz000400,许继电气,2025-10-10 09:49:45,27.02,9700,27.02,U
sz000400,许继电气,2025-10-10 09:49:48,27.02,18100,27.02,U
sz000400,许继电气,2025-10-10 09:49:51,27.01,16500,27.02,D
sz000400,许继电气,2025-10-10 09:49:54,27.01,13800,27.01,D
sz000400,许继电气,2025-10-10 09:49:57,27.02,22800,27.01,U
sz000400,许继电气,2025-10-10 09:50:06,27.02,17900,27.02,D
sz000400,许继电气,2025-10-10 09:50:12,27.0,213775,27.02,D
sz000400,许继电气,2025-10-10 09:50:15,27.0,22100,27.0,D
sz000400,许继电气,2025-10-10 09:50:18,26.99,35125,27.0,D
sz000400,许继电气,2025-10-10 09:50:24,26.96,22200,26.98,D
sz000400,许继电气,2025-10-10 09:50:27,26.94,15200,26.96,D
sz000400,许继电气,2025-10-10 09:50:33,26.92,16700,26.93,D
sz000400,许继电气,2025-10-10 09:50:36,26.92,11300,26.92,D
sz000400,许继电气,2025-10-10 09:50:39,26.91,16400,26.92,D
sz000400,许继电气,2025-10-10 09:50:42,26.91,12200,26.91,D
sz000400,许继电气,2025-10-10 09:50:45,26.9,30900,26.91,D
sz000400,许继电气,2025-10-10 09:50:48,26.9,19400,26.9,D
sz000400,许继电气,2025-10-10 09:50:51,26.89,38500,26.9,D
sz000400,许继电气,2025-10-10 09:50:54,26.89,15600,26.89,D
sz000400,许继电气,2025-10-10 09:50:57,26.89,47400,26.89,U
sz000400,许继电气,2025-10-10 09:51:00,26.88,91700,26.89,D
sz000400,许继电气,2025-10-10 09:51:03,26.88,15400,26.88,U
sz000400,许继电气,2025-10-10 09:51:06,26.89,17400,26.88,U
sz000400,许继电气,2025-10-10 09:51:09,26.88,34800,26.89,D
sz000400,许继电气,2025-10-10 09:51:12,26.89,8700,26.88,E
sz000400,许继电气,2025-10-10 09:51:15,26.87,61100,26.89,D
sz000400,许继电气,2025-10-10 09:51:18,26.87,72300,26.87,U
sz000400,许继电气,2025-10-10 09:51:21,26.88,12200,26.87,U
sz000400,许继电气,2025-10-10 09:51:24,26.87,9400,26.88,D
sz000400,许继电气,2025-10-10 09:51:27,26.88,28900,26.87,U
sz000400,许继电气,2025-10-10 09:51:33,26.9,12900,26.88,U
sz000400,许继电气,2025-10-10 09:51:36,26.91,19953,26.9,U
sz000400,许继电气,2025-10-10 09:51:39,26.91,24000,26.91,U
sz000400,许继电气,2025-10-10 09:51:45,26.91,45700,26.91,D
sz000400,许继电气,2025-10-10 09:51:48,26.92,7600,26.91,D
sz000400,许继电气,2025-10-10 09:51:51,26.93,14800,26.92,E
sz000400,许继电气,2025-10-10 09:51:57,26.94,18600,26.94,D
sz000400,许继电气,2025-10-10 09:52:00,26.94,11500,26.94,U
sz000400,许继电气,2025-10-10 09:52:03,26.93,19100,26.94,D
sz000400,许继电气,2025-10-10 09:52:06,26.95,12000,26.93,U
sz000400,许继电气,2025-10-10 09:52:15,26.96,24500,26.96,U
sz000400,许继电气,2025-10-10 09:52:18,26.95,22700,26.96,D
sz000400,许继电气,2025-10-10 09:52:27,26.99,7600,26.96,U
sz000400,许继电气,2025-10-10 09:52:30,27.0,13000,26.99,U
sz000400,许继电气,2025-10-10 09:52:33,26.99,26700,27.0,D
sz000400,许继电气,2025-10-10 09:52:36,26.99,24800,26.99,D
sz000400,许继电气,2025-10-10 09:52:39,26.96,48900,26.99,D
sz000400,许继电气,2025-10-10 09:52:42,26.95,11800,26.96,D
sz000400,许继电气,2025-10-10 09:52:48,26.99,12500,26.96,U
sz000400,许继电气,2025-10-10 09:52:51,26.95,20800,26.99,D
sz000400,许继电气,2025-10-10 09:52:57,26.96,24100,26.95,U
sz000400,许继电气,2025-10-10 09:53:12,26.97,9800,26.98,D
sz000400,许继电气,2025-10-10 09:53:15,26.98,8300,26.97,U
sz000400,许继电气,2025-10-10 09:53:30,26.99,32300,26.99,D
sz000400,许继电气,2025-10-10 09:53:33,26.99,43025,26.99,D
sz000400,许继电气,2025-10-10 09:53:36,27.0,8300,26.99,U
sz000400,许继电气,2025-10-10 09:53:39,26.99,44300,27.0,E
sz000400,许继电气,2025-10-10 09:53:42,26.98,23500,26.99,E
sz000400,许继电气,2025-10-10 09:53:45,26.99,50300,26.98,U
sz000400,许继电气,2025-10-10 09:53:48,26.99,16000,26.99,U
sz000400,许继电气,2025-10-10 09:53:51,27.0,9000,26.99,U
sz000400,许继电气,2025-10-10 09:53:57,27.0,9300,26.99,U
sz000400,许继电气,2025-10-10 09:54:00,26.96,20100,27.0,D
sz000400,许继电气,2025-10-10 09:54:03,26.97,9700,26.96,E
sz000400,许继电气,2025-10-10 09:54:06,26.97,19300,26.97,D
sz000400,许继电气,2025-10-10 09:54:09,26.96,17000,26.97,D
sz000400,许继电气,2025-10-10 09:54:12,26.96,25700,26.96,D
sz000400,许继电气,2025-10-10 09:54:15,26.96,102000,26.96,D
sz000400,许继电气,2025-10-10 09:54:18,26.95,24400,26.96,D
sz000400,许继电气,2025-10-10 09:54:24,26.93,60400,26.96,D
sz000400,许继电气,2025-10-10 09:54:27,26.94,17600,26.93,E
sz000400,许继电气,2025-10-10 09:54:30,26.94,11100,26.94,D
sz000400,许继电气,2025-10-10 09:54:36,26.94,9100,26.94,U
sz000400,许继电气,2025-10-10 09:54:42,26.93,8800,26.93,D
sz000400,许继电气,2025-10-10 09:54:45,26.92,17300,26.93,D
sz000400,许继电气,2025-10-10 09:54:48,26.92,8100,26.92,D
sz000400,许继电气,2025-10-10 09:54:51,26.92,11200,26.92,D
sz000400,许继电气,2025-10-10 09:54:54,26.92,16400,26.92,D
sz000400,许继电气,2025-10-10 09:54:57,26.92,8600,26.92,U
sz000400,许继电气,2025-10-10 09:55:00,26.91,16000,26.92,D
sz000400,许继电气,2025-10-10 09:55:06,26.9,73400,26.9,D
sz000400,许继电气,2025-10-10 09:55:15,26.89,10000,26.9,D
sz000400,许继电气,2025-10-10 09:55:21,26.89,27100,26.88,U
sz000400,许继电气,2025-10-10 09:55:24,26.88,13300,26.89,D
sz000400,许继电气,2025-10-10 09:55:27,26.88,9000,26.88,D
sz000400,许继电气,2025-10-10 09:55:36,26.88,23000,26.88,U
sz000400,许继电气,2025-10-10 09:55:39,26.88,15600,26.88,D
sz000400,许继电气,2025-10-10 09:55:42,26.89,14800,26.88,E
sz000400,许继电气,2025-10-10 09:55:45,26.88,19800,26.89,D
sz000400,许继电气,2025-10-10 09:55:48,26.89,12300,26.88,E
sz000400,许继电气,2025-10-10 09:55:54,26.88,12000,26.88,D
sz000400,许继电气,2025-10-10 09:56:00,26.88,18600,26.88,D
sz000400,许继电气,2025-10-10 09:56:03,26.88,19200,26.88,D
sz000400,许继电气,2025-10-10 09:56:06,26.87,8400,26.88,D
sz000400,许继电气,2025-10-10 09:56:21,26.87,22900,26.88,D
sz000400,许继电气,2025-10-10 09:56:30,26.87,10600,26.87,D
sz000400,许继电气,2025-10-10 09:56:42,26.88,13000,26.88,D
sz000400,许继电气,2025-10-10 09:56:45,26.89,11600,26.88,U
sz000400,许继电气,2025-10-10 09:56:48,26.89,10100,26.89,U
sz000400,许继电气,2025-10-10 09:56:51,26.9,7900,26.89,U
sz000400,许继电气,2025-10-10 09:56:54,26.89,14900,26.9,D
sz000400,许继电气,2025-10-10 09:56:57,26.9,36400,26.89,U
sz000400,许继电气,2025-10-10 09:57:06,26.95,16200,26.91,U
sz000400,许继电气,2025-10-10 09:57:12,26.95,8900,26.9,U
sz000400,许继电气,2025-10-10 09:57:24,26.95,21700,26.96,D
sz000400,许继电气,2025-10-10 09:57:33,26.91,21900,26.95,D
sz000400,许继电气,2025-10-10 09:57:39,26.91,13500,26.91,U
sz000400,许继电气,2025-10-10 09:57:42,26.91,16600,26.91,U
sz000400,许继电气,2025-10-10 09:57:51,26.89,44900,26.92,D
sz000400,许继电气,2025-10-10 09:58:03,26.9,51800,26.9,U
sz000400,许继电气,2025-10-10 09:58:09,26.9,21500,26.9,D
sz000400,许继电气,2025-10-10 09:58:18,26.89,49900,26.9,D
sz000400,许继电气,2025-10-10 09:58:27,26.88,31800,26.88,D
sz000400,许继电气,2025-10-10 09:58:30,26.88,9600,26.88,D
sz000400,许继电气,2025-10-10 09:58:33,26.88,15300,26.88,D
sz000400,许继电气,2025-10-10 09:58:48,26.87,25800,26.87,D
sz000400,许继电气,2025-10-10 09:58:51,26.87,25900,26.87,D
sz000400,许继电气,2025-10-10 09:58:54,26.88,28100,26.87,U
sz000400,许继电气,2025-10-10 09:58:57,26.86,32747,26.88,D
sz000400,许继电气,2025-10-10 09:59:00,26.86,25100,26.86,D
sz000400,许继电气,2025-10-10 09:59:03,26.85,27000,26.86,D
sz000400,许继电气,2025-10-10 09:59:09,26.85,24100,26.85,D
sz000400,许继电气,2025-10-10 09:59:12,26.85,53600,26.85,D
sz000400,许继电气,2025-10-10 09:59:15,26.84,20200,26.85,D
sz000400,许继电气,2025-10-10 09:59:18,26.84,23400,26.84,D
sz000400,许继电气,2025-10-10 09:59:21,26.83,19500,26.84,D
sz000400,许继电气,2025-10-10 09:59:27,26.81,8500,26.82,D
sz000400,许继电气,2025-10-10 09:59:30,26.81,16600,26.81,D
sz000400,许继电气,2025-10-10 09:59:33,26.8,34000,26.81,D
sz000400,许继电气,2025-10-10 09:59:36,26.8,22400,26.8,D
sz000400,许继电气,2025-10-10 09:59:39,26.8,52200,26.8,D
sz000400,许继电气,2025-10-10 09:59:42,26.77,58700,26.8,D
sz000400,许继电气,2025-10-10 09:59:45,26.75,16100,26.77,D
sz000400,许继电气,2025-10-10 09:59:48,26.75,39400,26.75,D
sz000400,许继电气,2025-10-10 09:59:51,26.73,17200,26.75,D
sz000400,许继电气,2025-10-10 09:59:57,26.71,13600,26.71,D
sz000400,许继电气,2025-10-10 10:00:00,26.71,33600,26.71,D
sz000400,许继电气,2025-10-10 10:00:03,26.71,24300,26.71,U
sz000400,许继电气,2025-10-10 10:00:06,26.71,34600,26.71,U
sz000400,许继电气,2025-10-10 10:00:09,26.7,30700,26.71,D
sz000400,许继电气,2025-10-10 10:00:12,26.69,14300,26.7,D
sz000400,许继电气,2025-10-10 10:00:15,26.69,11800,26.69,E
sz000400,许继电气,2025-10-10 10:00:18,26.68,28800,26.69,D
sz000400,许继电气,2025-10-10 10:00:21,26.68,17700,26.68,D
sz000400,许继电气,2025-10-10 10:00:24,26.68,9000,26.68,U
sz000400,许继电气,2025-10-10 10:00:27,26.68,22600,26.68,U
sz000400,许继电气,2025-10-10 10:00:30,26.68,74900,26.68,U
sz000400,许继电气,2025-10-10 10:00:33,26.7,9200,26.68,U
sz000400,许继电气,2025-10-10 10:00:36,26.71,11200,26.7,U
sz000400,许继电气,2025-10-10 10:00:39,26.7,34400,26.71,D
sz000400,许继电气,2025-10-10 10:00:42,26.75,17900,26.7,U
sz000400,许继电气,2025-10-10 10:00:45,26.73,35900,26.75,E
sz000400,许继电气,2025-10-10 10:00:48,26.73,9300,26.73,D
sz000400,许继电气,2025-10-10 10:00:57,26.74,10800,26.74,D
sz000400,许继电气,2025-10-10 10:01:00,26.74,11600,26.74,U
sz000400,许继电气,2025-10-10 10:01:06,26.73,11900,26.74,D
sz000400,许继电气,2025-10-10 10:01:18,26.72,17900,26.72,D
sz000400,许继电气,2025-10-10 10:01:21,26.72,23700,26.72,D
sz000400,许继电气,2025-10-10 10:01:24,26.73,8800,26.72,U
sz000400,许继电气,2025-10-10 10:01:33,26.72,30400,26.73,D
sz000400,许继电气,2025-10-10 10:01:36,26.72,20200,26.72,D
sz000400,许继电气,2025-10-10 10:01:39,26.74,32600,26.72,U
sz000400,许继电气,2025-10-10 10:01:42,26.72,19400,26.74,D
sz000400,许继电气,2025-10-10 10:01:45,26.73,18500,26.72,U
sz000400,许继电气,2025-10-10 10:01:48,26.78,80100,26.73,U
sz000400,许继电气,2025-10-10 10:02:06,26.82,10200,26.8,U
sz000400,许继电气,2025-10-10 10:02:12,26.81,16800,26.82,D
sz000400,许继电气,2025-10-10 10:02:15,26.82,9800,26.81,U
sz000400,许继电气,2025-10-10 10:02:18,26.82,58400,26.82,U
sz000400,许继电气,2025-10-10 10:02:24,26.87,15853,26.83,U
sz000400,许继电气,2025-10-10 10:02:36,26.9,10200,26.88,U
sz000400,许继电气,2025-10-10 10:02:45,26.87,37300,26.89,D
sz000400,许继电气,2025-10-10 10:02:48,26.88,13000,26.87,U
sz000400,许继电气,2025-10-10 10:02:51,26.9,9900,26.88,U
sz000400,许继电气,2025-10-10 10:02:54,26.88,44800,26.9,D
sz000400,许继电气,2025-10-10 10:02:57,26.91,11100,26.88,U
sz000400,许继电气,2025-10-10 10:03:03,26.92,7900,26.92,U
sz000400,许继电气,2025-10-10 10:03:09,26.93,15500,26.92,U
sz000400,许继电气,2025-10-10 10:03:15,26.91,9100,26.91,D
sz000400,许继电气,2025-10-10 10:03:30,26.88,14100,26.88,D
sz000400,许继电气,2025-10-10 10:03:39,26.88,17600,26.88,U
sz000400,许继电气,2025-10-10 10:03:42,26.87,24600,26.88,D
sz000400,许继电气,2025-10-10 10:03:45,26.87,8847,26.87,D
sz000400,许继电气,2025-10-10 10:04:03,26.86,47500,26.86,U
sz000400,许继电气,2025-10-10 10:04:09,26.85,18500,26.86,D
sz000400,许继电气,2025-10-10 10:04:12,26.84,9800,26.85,D
sz000400,许继电气,2025-10-10 10:04:18,26.84,11500,26.84,D
sz000400,许继电气,2025-10-10 10:04:24,26.84,15700,26.84,D
sz000400,许继电气,2025-10-10 10:04:27,26.85,39800,26.84,U
sz000400,许继电气,2025-10-10 10:04:45,26.84,25400,26.86,D
sz000400,许继电气,2025-10-10 10:05:03,26.85,13300,26.85,U
sz000400,许继电气,2025-10-10 10:05:09,26.86,9200,26.85,U
sz000400,许继电气,2025-10-10 10:05:15,26.86,9400,26.85,U
sz000400,许继电气,2025-10-10 10:05:30,26.84,12600,26.84,D
sz000400,许继电气,2025-10-10 10:05:48,26.82,14900,26.83,D
sz000400,许继电气,2025-10-10 10:06:06,26.84,16900,26.81,U
sz000400,许继电气,2025-10-10 10:06:15,26.86,13600,26.84,U
sz000400,许继电气,2025-10-10 10:06:21,26.85,43700,26.86,E
sz000400,许继电气,2025-10-10 10:06:24,26.86,7900,26.85,U
sz000400,许继电气,2025-10-10 10:06:33,26.87,13500,26.86,U
sz000400,许继电气,2025-10-10 10:06:36,26.86,10200,26.87,D
sz000400,许继电气,2025-10-10 10:06:39,26.86,33000,26.86,U
sz000400,许继电气,2025-10-10 10:06:48,26.86,10600,26.86,D
sz000400,许继电气,2025-10-10 10:07:00,26.86,7700,26.86,D
sz000400,许继电气,2025-10-10 10:07:03,26.86,16200,26.86,D
sz000400,许继电气,2025-10-10 10:07:09,26.86,10000,26.85,U
sz000400,许继电气,2025-10-10 10:07:18,26.86,9400,26.86,D
sz000400,许继电气,2025-10-10 10:07:24,26.87,10700,26.86,U
sz000400,许继电气,2025-10-10 10:07:33,26.88,8000,26.87,U
sz000400,许继电气,2025-10-10 10:07:39,26.89,14700,26.88,U
sz000400,许继电气,2025-10-10 10:07:48,26.89,9600,26.89,U
sz000400,许继电气,2025-10-10 10:07:51,26.89,14800,26.89,U
sz000400,许继电气,2025-10-10 10:08:00,26.89,17800,26.89,D
sz000400,许继电气,2025-10-10 10:08:03,26.87,7500,26.89,D
sz000400,许继电气,2025-10-10 10:08:18,26.88,11900,26.89,D
sz000400,许继电气,2025-10-10 10:08:21,26.88,9900,26.88,D
sz000400,许继电气,2025-10-10 10:08:24,26.89,9900,26.88,U
sz000400,许继电气,2025-10-10 10:08:39,26.89,24200,26.88,U
sz000400,许继电气,2025-10-10 10:08:42,26.88,7600,26.89,D
sz000400,许继电气,2025-10-10 10:08:51,26.89,30600,26.89,U
sz000400,许继电气,2025-10-10 10:08:54,26.88,13300,26.89,D
sz000400,许继电气,2025-10-10 10:09:00,26.9,13600,26.9,U
sz000400,许继电气,2025-10-10 10:09:06,26.94,36300,26.9,U
sz000400,许继电气,2025-10-10 10:09:12,26.94,19100,26.93,U
sz000400,许继电气,2025-10-10 10:09:18,26.94,11300,26.94,D
sz000400,许继电气,2025-10-10 10:09:24,26.94,8200,26.95,D
sz000400,许继电气,2025-10-10 10:09:33,26.92,14200,26.95,D
sz000400,许继电气,2025-10-10 10:09:42,26.92,25300,26.92,D
sz000400,许继电气,2025-10-10 10:09:51,26.92,14700,26.92,U
sz000400,许继电气,2025-10-10 10:10:03,26.92,8200,26.91,U
sz000400,许继电气,2025-10-10 10:10:30,26.93,15400,26.92,U
sz000400,许继电气,2025-10-10 10:10:33,26.93,16800,26.93,U
sz000400,许继电气,2025-10-10 10:10:39,26.92,11000,26.92,D
sz000400,许继电气,2025-10-10 10:10:42,26.93,28300,26.92,U
sz000400,许继电气,2025-10-10 10:10:45,26.93,8900,26.93,U
sz000400,许继电气,2025-10-10 10:10:48,26.93,18200,26.93,U
sz000400,许继电气,2025-10-10 10:11:00,26.93,11800,26.93,U
sz000400,许继电气,2025-10-10 10:11:03,26.92,22700,26.93,D
sz000400,许继电气,2025-10-10 10:11:06,26.96,136500,26.92,U
sz000400,许继电气,2025-10-10 10:11:18,26.97,19300,26.97,D
sz000400,许继电气,2025-10-10 10:11:30,26.98,10600,26.97,U
sz000400,许继电气,2025-10-10 10:11:42,26.98,23900,26.98,D
sz000400,许继电气,2025-10-10 10:11:45,26.95,10800,26.98,D
sz000400,许继电气,2025-10-10 10:12:00,26.98,26800,26.98,U
sz000400,许继电气,2025-10-10 10:12:03,26.96,23400,26.98,D
sz000400,许继电气,2025-10-10 10:12:15,26.95,8200,26.95,D
sz000400,许继电气,2025-10-10 10:12:24,26.96,9000,26.96,D
sz000400,许继电气,2025-10-10 10:12:33,26.95,15800,26.96,D
sz000400,许继电气,2025-10-10 10:12:39,26.95,9900,26.95,D
sz000400,许继电气,2025-10-10 10:12:51,26.95,19500,26.94,U
sz000400,许继电气,2025-10-10 10:12:57,26.96,13000,26.94,U
sz000400,许继电气,2025-10-10 10:13:06,26.93,9200,26.93,D
sz000400,许继电气,2025-10-10 10:13:24,26.93,18300,26.93,D
sz000400,许继电气,2025-10-10 10:13:36,26.92,8400,26.93,D
sz000400,许继电气,2025-10-10 10:13:39,26.92,28400,26.92,D
sz000400,许继电气,2025-10-10 10:13:51,26.92,10900,26.91,U
sz000400,许继电气,2025-10-10 10:14:06,26.9,51900,26.9,D
sz000400,许继电气,2025-10-10 10:14:09,26.9,32100,26.9,D
sz000400,许继电气,2025-10-10 10:14:21,26.89,9300,26.9,D
sz000400,许继电气,2025-10-10 10:14:36,26.88,8800,26.88,D
sz000400,许继电气,2025-10-10 10:14:42,26.88,21700,26.89,D
sz000400,许继电气,2025-10-10 10:14:45,26.87,8000,26.88,D
sz000400,许继电气,2025-10-10 10:14:51,26.87,35400,26.87,D
sz000400,许继电气,2025-10-10 10:14:54,26.9,20900,26.87,U
sz000400,许继电气,2025-10-10 10:14:57,26.93,56100,26.9,U
sz000400,许继电气,2025-10-10 10:15:00,26.97,18800,26.93,U
sz000400,许继电气,2025-10-10 10:15:06,26.93,13100,26.98,D
sz000400,许继电气,2025-10-10 10:15:39,26.98,23375,26.95,U
sz000400,许继电气,2025-10-10 10:15:51,26.97,7700,26.97,U
sz000400,许继电气,2025-10-10 10:16:00,26.98,14100,26.98,U
sz000400,许继电气,2025-10-10 10:16:09,26.99,23900,26.99,U
sz000400,许继电气,2025-10-10 10:16:18,26.99,17500,26.99,U
sz000400,许继电气,2025-10-10 10:16:54,26.97,16525,26.97,D
sz000400,许继电气,2025-10-10 10:18:06,26.88,18800,26.88,D
sz000400,许继电气,2025-10-10 10:18:24,26.9,23700,26.91,D
sz000400,许继电气,2025-10-10 10:18:42,26.88,18300,26.88,D
sz000400,许继电气,2025-10-10 10:18:45,26.87,16700,26.88,D
sz000400,许继电气,2025-10-10 10:18:48,26.88,13900,26.87,U
sz000400,许继电气,2025-10-10 10:18:51,26.88,18700,26.88,U
sz000400,许继电气,2025-10-10 10:18:54,26.87,13100,26.88,D
sz000400,许继电气,2025-10-10 10:19:09,26.89,10000,26.88,U
sz000400,许继电气,2025-10-10 10:19:15,26.9,7500,26.9,U
sz000400,许继电气,2025-10-10 10:19:18,26.89,28200,26.9,D
sz000400,许继电气,2025-10-10 10:19:24,26.91,10700,26.9,U
sz000400,许继电气,2025-10-10 10:19:51,26.91,30100,26.9,U
sz000400,许继电气,2025-10-10 10:20:18,26.92,8600,26.91,U
sz000400,许继电气,2025-10-10 10:20:33,26.92,13300,26.91,U
sz000400,许继电气,2025-10-10 10:20:48,26.92,8900,26.93,D
sz000400,许继电气,2025-10-10 10:20:54,26.92,8800,26.93,D
sz000400,许继电气,2025-10-10 10:20:57,26.92,7600,26.92,D
sz000400,许继电气,2025-10-10 10:21:33,26.92,21000,26.93,D
sz000400,许继电气,2025-10-10 10:21:36,26.93,14600,26.92,U
sz000400,许继电气,2025-10-10 10:21:42,26.93,14675,26.93,U
sz000400,许继电气,2025-10-10 10:22:00,26.94,13700,26.94,U
sz000400,许继电气,2025-10-10 10:22:18,26.94,14700,26.95,D
sz000400,许继电气,2025-10-10 10:23:03,26.94,12200,26.94,U
sz000400,许继电气,2025-10-10 10:23:24,26.95,11500,26.95,U
sz000400,许继电气,2025-10-10 10:23:36,26.94,12500,26.93,U
sz000400,许继电气,2025-10-10 10:24:00,26.95,14300,26.93,U
sz000400,许继电气,2025-10-10 10:24:06,26.97,47200,26.94,U
sz000400,许继电气,2025-10-10 10:24:09,26.97,13200,26.97,U
sz000400,许继电气,2025-10-10 10:24:12,26.97,10500,26.97,U
sz000400,许继电气,2025-10-10 10:24:15,26.98,45500,26.97,U
sz000400,许继电气,2025-10-10 10:24:18,26.98,10300,26.98,U
sz000400,许继电气,2025-10-10 10:24:24,26.99,10700,26.99,U
sz000400,许继电气,2025-10-10 10:24:33,26.99,22000,27.0,U
sz000400,许继电气,2025-10-10 10:24:42,27.02,91300,27.0,U
sz000400,许继电气,2025-10-10 10:24:51,27.03,8800,27.03,U
sz000400,许继电气,2025-10-10 10:25:03,27.04,16600,27.03,D
sz000400,许继电气,2025-10-10 10:25:06,27.06,16300,27.04,U
sz000400,许继电气,2025-10-10 10:25:09,27.21,184600,27.06,U
sz000400,许继电气,2025-10-10 10:25:12,27.2,8700,27.21,U
sz000400,许继电气,2025-10-10 10:25:15,27.21,11200,27.2,U
sz000400,许继电气,2025-10-10 10:25:21,27.21,41800,27.21,U
sz000400,许继电气,2025-10-10 10:25:27,27.2,8600,27.2,U
sz000400,许继电气,2025-10-10 10:25:33,27.2,10000,27.2,U
sz000400,许继电气,2025-10-10 10:25:39,27.17,9300,27.18,D
sz000400,许继电气,2025-10-10 10:25:45,27.17,10100,27.14,U
sz000400,许继电气,2025-10-10 10:25:48,27.14,28000,27.17,E
sz000400,许继电气,2025-10-10 10:25:57,27.12,7400,27.13,D
sz000400,许继电气,2025-10-10 10:26:15,27.08,31000,27.09,D
sz000400,许继电气,2025-10-10 10:26:27,27.08,9400,27.07,U
sz000400,许继电气,2025-10-10 10:26:30,27.09,11500,27.08,E
sz000400,许继电气,2025-10-10 10:26:36,27.1,8200,27.09,U
sz000400,许继电气,2025-10-10 10:26:57,27.1,16800,27.11,D
sz000400,许继电气,2025-10-10 10:27:06,27.1,24000,27.11,D
sz000400,许继电气,2025-10-10 10:27:09,27.1,27000,27.1,U
sz000400,许继电气,2025-10-10 10:27:45,27.09,9300,27.1,D
sz000400,许继电气,2025-10-10 10:27:51,27.09,13200,27.09,D
sz000400,许继电气,2025-10-10 10:27:57,27.09,7400,27.08,U
sz000400,许继电气,2025-10-10 10:28:03,27.1,12500,27.09,U
sz000400,许继电气,2025-10-10 10:28:12,27.09,21200,27.09,D
sz000400,许继电气,2025-10-10 10:28:21,27.11,14600,27.1,U
sz000400,许继电气,2025-10-10 10:28:24,27.1,31000,27.11,D
sz000400,许继电气,2025-10-10 10:28:30,27.12,21300,27.11,U
sz000400,许继电气,2025-10-10 10:28:45,27.16,12400,27.15,U
sz000400,许继电气,2025-10-10 10:28:57,27.19,14000,27.19,U
sz000400,许继电气,2025-10-10 10:29:03,27.2,50400,27.19,U
sz000400,许继电气,2025-10-10 10:29:09,27.2,26400,27.19,U
sz000400,许继电气,2025-10-10 10:29:12,27.2,35300,27.2,D
sz000400,许继电气,2025-10-10 10:29:15,27.2,7900,27.2,U
sz000400,许继电气,2025-10-10 10:29:18,27.18,28300,27.2,D
sz000400,许继电气,2025-10-10 10:29:27,27.18,19300,27.19,D
sz000400,许继电气,2025-10-10 10:29:30,27.18,49500,27.18,D
sz000400,许继电气,2025-10-10 10:29:33,27.2,17200,27.18,U
sz000400,许继电气,2025-10-10 10:29:39,27.2,7600,27.19,U
sz000400,许继电气,2025-10-10 10:29:48,27.17,16900,27.19,D
sz000400,许继电气,2025-10-10 10:29:51,27.19,8900,27.17,U
sz000400,许继电气,2025-10-10 10:30:12,27.16,35600,27.16,D
sz000400,许继电气,2025-10-10 10:30:36,27.16,12500,27.16,U
sz000400,许继电气,2025-10-10 10:30:39,27.16,18100,27.16,U
sz000400,许继电气,2025-10-10 10:30:42,27.17,35200,27.16,U
sz000400,许继电气,2025-10-10 10:30:45,27.19,77100,27.17,U
sz000400,许继电气,2025-10-10 10:30:48,27.19,37250,27.19,U
sz000400,许继电气,2025-10-10 10:30:51,27.17,11850,27.19,D
sz000400,许继电气,2025-10-10 10:31:03,27.19,29500,27.19,U
sz000400,许继电气,2025-10-10 10:31:06,27.18,12300,27.19,D
sz000400,许继电气,2025-10-10 10:31:09,27.19,29000,27.18,U
sz000400,许继电气,2025-10-10 10:31:12,27.18,32200,27.19,D
sz000400,许继电气,2025-10-10 10:31:27,27.19,41200,27.18,U
sz000400,许继电气,2025-10-10 10:31:30,27.22,150400,27.19,U
sz000400,许继电气,2025-10-10 10:31:33,27.23,26100,27.22,U
sz000400,许继电气,2025-10-10 10:31:36,27.23,8400,27.23,U
sz000400,许继电气,2025-10-10 10:31:42,27.27,67900,27.24,U
sz000400,许继电气,2025-10-10 10:31:45,27.28,35200,27.27,U
sz000400,许继电气,2025-10-10 10:31:48,27.28,41500,27.28,U
sz000400,许继电气,2025-10-10 10:31:51,27.29,10700,27.28,U
sz000400,许继电气,2025-10-10 10:31:54,27.29,21000,27.29,U
sz000400,许继电气,2025-10-10 10:31:57,27.29,18300,27.29,U
sz000400,许继电气,2025-10-10 10:32:00,27.29,12200,27.29,U
sz000400,许继电气,2025-10-10 10:32:03,27.3,128600,27.29,U
sz000400,许继电气,2025-10-10 10:32:06,27.3,25800,27.3,D
sz000400,许继电气,2025-10-10 10:32:09,27.33,10700,27.3,U
sz000400,许继电气,2025-10-10 10:32:12,27.33,38900,27.33,U
sz000400,许继电气,2025-10-10 10:32:15,27.33,24400,27.33,D
sz000400,许继电气,2025-10-10 10:32:18,27.4,666300,27.33,U
sz000400,许继电气,2025-10-10 10:32:21,27.53,1067367,27.4,U
sz000400,许继电气,2025-10-10 10:32:24,27.55,169500,27.53,U
sz000400,许继电气,2025-10-10 10:32:27,27.65,264200,27.55,U
sz000400,许继电气,2025-10-10 10:32:30,27.67,130700,27.65,U
sz000400,许继电气,2025-10-10 10:32:33,27.69,116800,27.67,U
sz000400,许继电气,2025-10-10 10:32:36,27.72,25200,27.69,U
sz000400,许继电气,2025-10-10 10:32:39,27.75,40717,27.72,U
sz000400,许继电气,2025-10-10 10:32:42,27.79,81900,27.75,U
sz000400,许继电气,2025-10-10 10:32:45,27.79,58800,27.79,U
sz000400,许继电气,2025-10-10 10:32:48,27.8,97500,27.79,U
sz000400,许继电气,2025-10-10 10:32:51,27.8,95300,27.8,U
sz000400,许继电气,2025-10-10 10:32:54,27.83,154400,27.8,U
sz000400,许继电气,2025-10-10 10:32:57,27.83,64900,27.83,D
sz000400,许继电气,2025-10-10 10:33:00,27.85,92100,27.83,U
sz000400,许继电气,2025-10-10 10:33:03,27.85,162900,27.85,U
sz000400,许继电气,2025-10-10 10:33:06,27.89,32900,27.85,U
sz000400,许继电气,2025-10-10 10:33:09,27.88,39100,27.89,E
sz000400,许继电气,2025-10-10 10:33:12,27.95,121100,27.88,U
sz000400,许继电气,2025-10-10 10:33:15,27.9,86800,27.95,D
sz000400,许继电气,2025-10-10 10:33:18,27.97,177800,27.9,U
sz000400,许继电气,2025-10-10 10:33:21,27.97,49800,27.97,D
sz000400,许继电气,2025-10-10 10:33:24,27.98,199100,27.97,U
sz000400,许继电气,2025-10-10 10:33:27,28.0,148700,27.98,U
sz000400,许继电气,2025-10-10 10:33:30,27.98,126500,28.0,D
sz000400,许继电气,2025-10-10 10:33:33,28.0,104000,27.98,U
sz000400,许继电气,2025-10-10 10:33:36,28.0,140700,28.0,U
sz000400,许继电气,2025-10-10 10:33:39,28.0,79867,28.0,U
sz000400,许继电气,2025-10-10 10:33:42,27.98,134400,28.0,D
sz000400,许继电气,2025-10-10 10:33:45,27.99,111033,27.98,U
sz000400,许继电气,2025-10-10 10:33:48,27.95,70700,27.99,D
sz000400,许继电气,2025-10-10 10:33:51,27.93,69000,27.95,D
sz000400,许继电气,2025-10-10 10:33:54,27.9,37900,27.93,D
sz000400,许继电气,2025-10-10 10:33:57,27.92,83800,27.9,U
sz000400,许继电气,2025-10-10 10:34:00,27.9,52600,27.92,D
sz000400,许继电气,2025-10-10 10:34:03,27.9,137500,27.9,D
sz000400,许继电气,2025-10-10 10:34:06,27.89,44400,27.9,D
sz000400,许继电气,2025-10-10 10:34:09,27.89,90200,27.89,D
sz000400,许继电气,2025-10-10 10:34:12,27.88,54400,27.89,D
sz000400,许继电气,2025-10-10 10:34:15,27.86,46100,27.88,D
sz000400,许继电气,2025-10-10 10:34:18,27.85,18500,27.86,D
sz000400,许继电气,2025-10-10 10:34:21,27.85,312900,27.85,U
sz000400,许继电气,2025-10-10 10:34:24,27.84,49200,27.85,D
sz000400,许继电气,2025-10-10 10:34:27,27.83,34300,27.84,D
sz000400,许继电气,2025-10-10 10:34:30,27.8,18000,27.83,D
sz000400,许继电气,2025-10-10 10:34:33,27.8,11400,27.8,D
sz000400,许继电气,2025-10-10 10:34:36,27.81,36500,27.8,U
sz000400,许继电气,2025-10-10 10:34:39,27.8,41400,27.81,D
sz000400,许继电气,2025-10-10 10:34:42,27.8,20200,27.8,U
sz000400,许继电气,2025-10-10 10:34:45,27.78,22500,27.8,D
sz000400,许继电气,2025-10-10 10:34:48,27.78,7600,27.78,U
sz000400,许继电气,2025-10-10 10:34:51,27.78,26300,27.78,U
sz000400,许继电气,2025-10-10 10:34:54,27.77,23000,27.78,U
sz000400,许继电气,2025-10-10 10:34:57,27.76,17300,27.77,D
sz000400,许继电气,2025-10-10 10:35:00,27.76,19100,27.76,U
sz000400,许继电气,2025-10-10 10:35:03,27.76,124700,27.76,U
sz000400,许继电气,2025-10-10 10:35:06,27.8,172900,27.76,U
sz000400,许继电气,2025-10-10 10:35:09,27.83,55900,27.8,U
sz000400,许继电气,2025-10-10 10:35:12,27.84,127800,27.83,U
sz000400,许继电气,2025-10-10 10:35:15,27.86,50600,27.84,U
sz000400,许继电气,2025-10-10 10:35:18,27.86,32500,27.86,U
sz000400,许继电气,2025-10-10 10:35:21,27.88,19200,27.86,U
sz000400,许继电气,2025-10-10 10:35:24,27.9,62200,27.88,U
sz000400,许继电气,2025-10-10 10:35:27,27.93,14100,27.9,U
sz000400,许继电气,2025-10-10 10:35:30,27.95,27700,27.93,U
sz000400,许继电气,2025-10-10 10:35:33,27.93,56200,27.95,D
sz000400,许继电气,2025-10-10 10:35:36,27.96,112800,27.93,E
sz000400,许继电气,2025-10-10 10:35:39,27.89,219400,27.96,D
sz000400,许继电气,2025-10-10 10:35:42,27.92,60000,27.89,U
sz000400,许继电气,2025-10-10 10:35:45,27.84,46100,27.92,D
sz000400,许继电气,2025-10-10 10:35:48,27.92,52500,27.84,U
sz000400,许继电气,2025-10-10 10:35:51,27.86,32100,27.92,D
sz000400,许继电气,2025-10-10 10:35:54,27.89,23200,27.86,E
sz000400,许继电气,2025-10-10 10:35:57,27.91,20100,27.89,U
sz000400,许继电气,2025-10-10 10:36:00,27.87,32700,27.91,E
sz000400,许继电气,2025-10-10 10:36:03,27.89,178700,27.87,U
sz000400,许继电气,2025-10-10 10:36:06,27.9,7700,27.89,D
sz000400,许继电气,2025-10-10 10:36:09,27.91,28800,27.9,U
sz000400,许继电气,2025-10-10 10:36:12,27.93,40600,27.91,E
sz000400,许继电气,2025-10-10 10:36:15,27.94,51100,27.93,U
sz000400,许继电气,2025-10-10 10:36:18,27.94,18100,27.94,U
sz000400,许继电气,2025-10-10 10:36:21,27.93,22000,27.94,D
sz000400,许继电气,2025-10-10 10:36:24,27.94,29200,27.93,U
sz000400,许继电气,2025-10-10 10:36:27,27.93,37000,27.94,D
sz000400,许继电气,2025-10-10 10:36:30,27.92,21800,27.93,D
sz000400,许继电气,2025-10-10 10:36:33,27.92,53700,27.92,D
sz000400,许继电气,2025-10-10 10:36:36,27.92,25300,27.92,D
sz000400,许继电气,2025-10-10 10:36:39,27.92,15500,27.92,D
sz000400,许继电气,2025-10-10 10:36:42,27.94,62500,27.92,U
sz000400,许继电气,2025-10-10 10:36:45,27.92,30600,27.94,D
sz000400,许继电气,2025-10-10 10:36:48,27.96,154074,27.92,U
sz000400,许继电气,2025-10-10 10:36:51,27.99,127600,27.96,U
sz000400,许继电气,2025-10-10 10:36:54,28.0,298900,27.99,U
sz000400,许继电气,2025-10-10 10:36:57,28.0,59900,28.0,U
sz000400,许继电气,2025-10-10 10:37:00,28.02,26100,28.0,U
sz000400,许继电气,2025-10-10 10:37:03,28.04,74800,28.02,U
sz000400,许继电气,2025-10-10 10:37:06,28.06,33600,28.04,U
sz000400,许继电气,2025-10-10 10:37:09,28.06,35067,28.06,U
sz000400,许继电气,2025-10-10 10:37:12,28.07,19600,28.06,U
sz000400,许继电气,2025-10-10 10:37:15,28.07,83500,28.07,U
sz000400,许继电气,2025-10-10 10:37:18,28.02,186733,28.07,D
sz000400,许继电气,2025-10-10 10:37:21,28.02,115300,28.02,E
sz000400,许继电气,2025-10-10 10:37:24,28.02,72300,28.02,U
sz000400,许继电气,2025-10-10 10:37:27,28.03,67300,28.02,U
sz000400,许继电气,2025-10-10 10:37:30,27.98,43200,28.03,D
sz000400,许继电气,2025-10-10 10:37:33,27.99,26600,27.98,E
sz000400,许继电气,2025-10-10 10:37:36,27.98,8400,27.99,D
sz000400,许继电气,2025-10-10 10:37:39,27.96,24100,27.98,D
sz000400,许继电气,2025-10-10 10:37:42,27.95,15900,27.96,D
sz000400,许继电气,2025-10-10 10:37:45,27.95,39300,27.95,U
sz000400,许继电气,2025-10-10 10:37:48,27.93,28000,27.95,E
sz000400,许继电气,2025-10-10 10:37:51,27.94,25000,27.93,U
sz000400,许继电气,2025-10-10 10:37:54,27.91,31800,27.94,D
sz000400,许继电气,2025-10-10 10:37:57,27.93,27800,27.91,U
sz000400,许继电气,2025-10-10 10:38:00,27.9,10900,27.93,D
sz000400,许继电气,2025-10-10 10:38:03,27.9,10300,27.9,D
sz000400,许继电气,2025-10-10 10:38:06,27.89,35900,27.9,D
sz000400,许继电气,2025-10-10 10:38:09,27.9,8100,27.89,U
sz000400,许继电气,2025-10-10 10:38:12,27.89,23100,27.9,D
sz000400,许继电气,2025-10-10 10:38:15,27.86,35700,27.89,D
sz000400,许继电气,2025-10-10 10:38:18,27.88,18200,27.86,U
sz000400,许继电气,2025-10-10 10:38:21,27.86,26400,27.88,D
sz000400,许继电气,2025-10-10 10:38:24,27.86,22100,27.86,D
sz000400,许继电气,2025-10-10 10:38:27,27.84,30300,27.86,D
sz000400,许继电气,2025-10-10 10:38:33,27.82,33800,27.84,D
sz000400,许继电气,2025-10-10 10:38:36,27.81,15100,27.82,D
sz000400,许继电气,2025-10-10 10:38:39,27.8,34500,27.81,D
sz000400,许继电气,2025-10-10 10:38:42,27.8,12400,27.8,D
sz000400,许继电气,2025-10-10 10:38:45,27.8,21000,27.8,D
sz000400,许继电气,2025-10-10 10:38:48,27.81,36600,27.8,U
sz000400,许继电气,2025-10-10 10:38:51,27.81,48300,27.81,U
sz000400,许继电气,2025-10-10 10:38:54,27.81,39700,27.81,U
sz000400,许继电气,2025-10-10 10:38:57,27.78,64800,27.81,D
sz000400,许继电气,2025-10-10 10:39:00,27.81,50900,27.78,U
sz000400,许继电气,2025-10-10 10:39:03,27.81,26900,27.81,D
sz000400,许继电气,2025-10-10 10:39:06,27.8,15200,27.81,D
sz000400,许继电气,2025-10-10 10:39:09,27.8,11800,27.8,U
sz000400,许继电气,2025-10-10 10:39:12,27.81,36600,27.8,U
sz000400,许继电气,2025-10-10 10:39:15,27.82,15000,27.81,U
sz000400,许继电气,2025-10-10 10:39:18,27.83,25600,27.82,U
sz000400,许继电气,2025-10-10 10:39:21,27.83,19000,27.83,U
sz000400,许继电气,2025-10-10 10:39:24,27.83,12800,27.83,U
sz000400,许继电气,2025-10-10 10:39:27,27.83,46200,27.83,U
sz000400,许继电气,2025-10-10 10:39:30,27.84,21000,27.83,U
sz000400,许继电气,2025-10-10 10:39:36,27.85,31600,27.86,E
sz000400,许继电气,2025-10-10 10:39:39,27.87,25416,27.85,E
sz000400,许继电气,2025-10-10 10:39:42,27.89,14000,27.87,U
sz000400,许继电气,2025-10-10 10:39:45,27.89,30600,27.89,D
sz000400,许继电气,2025-10-10 10:39:48,27.91,35000,27.89,U
sz000400,许继电气,2025-10-10 10:39:51,27.89,9200,27.91,D
sz000400,许继电气,2025-10-10 10:40:00,27.92,20500,27.93,D
sz000400,许继电气,2025-10-10 10:40:03,27.87,24500,27.92,D
sz000400,许继电气,2025-10-10 10:40:06,27.9,34300,27.87,U
sz000400,许继电气,2025-10-10 10:40:09,27.87,12800,27.9,E
sz000400,许继电气,2025-10-10 10:40:12,27.9,14300,27.87,E
sz000400,许继电气,2025-10-10 10:40:15,27.89,40100,27.9,E
sz000400,许继电气,2025-10-10 10:40:18,27.89,19700,27.89,D
sz000400,许继电气,2025-10-10 10:40:21,27.87,24500,27.89,D
sz000400,许继电气,2025-10-10 10:40:27,27.84,29384,27.87,D
sz000400,许继电气,2025-10-10 10:40:30,27.87,59800,27.84,U
sz000400,许继电气,2025-10-10 10:40:33,27.84,20000,27.87,D
sz000400,许继电气,2025-10-10 10:40:36,27.85,8400,27.84,D
sz000400,许继电气,2025-10-10 10:40:39,27.84,13200,27.85,D
sz000400,许继电气,2025-10-10 10:40:45,27.85,60500,27.85,U
sz000400,许继电气,2025-10-10 10:40:48,27.85,14700,27.85,U
sz000400,许继电气,2025-10-10 10:40:51,27.85,10900,27.85,D
sz000400,许继电气,2025-10-10 10:40:54,27.85,20100,27.85,D
sz000400,许继电气,2025-10-10 10:40:57,27.85,42400,27.85,D
sz000400,许继电气,2025-10-10 10:41:00,27.85,16800,27.85,D
sz000400,许继电气,2025-10-10 10:41:06,27.9,94716,27.85,U
sz000400,许继电气,2025-10-10 10:41:09,27.87,20100,27.9,D
sz000400,许继电气,2025-10-10 10:41:12,27.9,21400,27.87,U
sz000400,许继电气,2025-10-10 10:41:15,27.9,25700,27.9,U
sz000400,许继电气,2025-10-10 10:41:18,27.91,12100,27.9,U
sz000400,许继电气,2025-10-10 10:41:21,27.92,52000,27.91,U
sz000400,许继电气,2025-10-10 10:41:24,27.94,42600,27.92,U
sz000400,许继电气,2025-10-10 10:41:27,27.97,49500,27.94,U
sz000400,许继电气,2025-10-10 10:41:30,27.97,14000,27.97,D
sz000400,许继电气,2025-10-10 10:41:33,27.99,15100,27.97,U
sz000400,许继电气,2025-10-10 10:41:36,28.0,37300,27.99,U
sz000400,许继电气,2025-10-10 10:41:39,28.03,186900,28.0,U
sz000400,许继电气,2025-10-10 10:41:42,28.03,37400,28.03,U
sz000400,许继电气,2025-10-10 10:41:45,28.04,33800,28.03,U
sz000400,许继电气,2025-10-10 10:41:48,28.05,30600,28.04,U
sz000400,许继电气,2025-10-10 10:41:51,28.06,37700,28.05,U
sz000400,许继电气,2025-10-10 10:41:54,28.06,72900,28.06,U
sz000400,许继电气,2025-10-10 10:41:57,28.06,51200,28.06,D
sz000400,许继电气,2025-10-10 10:42:00,28.04,113500,28.06,D
sz000400,许继电气,2025-10-10 10:42:03,28.03,102400,28.04,D
sz000400,许继电气,2025-10-10 10:42:06,28.02,59600,28.03,E
sz000400,许继电气,2025-10-10 10:42:09,28.0,27500,28.02,E
sz000400,许继电气,2025-10-10 10:42:12,27.99,17700,28.0,D
sz000400,许继电气,2025-10-10 10:42:15,28.0,25800,27.99,U
sz000400,许继电气,2025-10-10 10:42:18,27.99,15300,28.0,E
sz000400,许继电气,2025-10-10 10:42:21,27.99,28400,27.99,U
sz000400,许继电气,2025-10-10 10:42:24,27.95,8700,27.99,D
sz000400,许继电气,2025-10-10 10:42:27,27.99,17100,27.95,U
sz000400,许继电气,2025-10-10 10:42:30,27.91,25500,27.99,D
sz000400,许继电气,2025-10-10 10:42:33,27.91,21200,27.91,D
sz000400,许继电气,2025-10-10 10:42:36,27.91,10100,27.91,D
sz000400,许继电气,2025-10-10 10:42:39,27.92,40300,27.91,U
sz000400,许继电气,2025-10-10 10:42:42,27.91,10200,27.92,D
sz000400,许继电气,2025-10-10 10:42:48,27.92,60600,27.92,E
sz000400,许继电气,2025-10-10 10:42:51,27.91,9800,27.92,D
sz000400,许继电气,2025-10-10 10:42:54,27.94,8900,27.91,U
sz000400,许继电气,2025-10-10 10:43:00,27.91,16900,27.91,D
sz000400,许继电气,2025-10-10 10:43:06,27.94,10900,27.94,U
sz000400,许继电气,2025-10-10 10:43:12,27.94,13500,27.94,D
sz000400,许继电气,2025-10-10 10:43:15,27.95,31200,27.94,U
sz000400,许继电气,2025-10-10 10:43:18,27.97,10300,27.95,U
sz000400,许继电气,2025-10-10 10:43:21,27.97,11100,27.97,D
sz000400,许继电气,2025-10-10 10:43:24,27.97,9400,27.97,E
sz000400,许继电气,2025-10-10 10:43:27,27.98,29800,27.97,U
sz000400,许继电气,2025-10-10 10:43:30,27.98,19600,27.98,U
sz000400,许继电气,2025-10-10 10:43:33,27.97,13800,27.98,U
sz000400,许继电气,2025-10-10 10:43:42,27.97,60600,27.98,D
sz000400,许继电气,2025-10-10 10:43:45,27.96,27000,27.97,D
sz000400,许继电气,2025-10-10 10:43:48,27.92,16800,27.96,D
sz000400,许继电气,2025-10-10 10:43:51,27.95,22500,27.92,U
sz000400,许继电气,2025-10-10 10:43:54,27.95,11500,27.95,U
sz000400,许继电气,2025-10-10 10:43:57,27.93,12300,27.95,D
sz000400,许继电气,2025-10-10 10:44:06,27.94,28000,27.96,D
sz000400,许继电气,2025-10-10 10:44:12,27.95,11000,27.95,U
sz000400,许继电气,2025-10-10 10:44:15,27.95,42400,27.95,D
sz000400,许继电气,2025-10-10 10:44:24,27.96,37400,27.95,U
sz000400,许继电气,2025-10-10 10:44:30,27.97,19800,27.96,U
sz000400,许继电气,2025-10-10 10:44:33,27.96,7400,27.97,D
sz000400,许继电气,2025-10-10 10:44:36,27.96,12600,27.96,U
sz000400,许继电气,2025-10-10 10:44:39,27.95,15700,27.96,E
sz000400,许继电气,2025-10-10 10:44:42,27.95,8800,27.95,U
sz000400,许继电气,2025-10-10 10:44:45,27.95,9700,27.95,U
sz000400,许继电气,2025-10-10 10:44:48,27.93,12900,27.95,D
sz000400,许继电气,2025-10-10 10:44:51,27.92,16900,27.93,D
sz000400,许继电气,2025-10-10 10:44:57,27.9,22900,27.91,D
sz000400,许继电气,2025-10-10 10:45:00,27.9,20400,27.9,D
sz000400,许继电气,2025-10-10 10:45:03,27.89,23100,27.9,D
sz000400,许继电气,2025-10-10 10:45:06,27.89,10100,27.89,D
sz000400,许继电气,2025-10-10 10:45:09,27.89,14500,27.89,D
sz000400,许继电气,2025-10-10 10:45:12,27.87,17200,27.89,D
sz000400,许继电气,2025-10-10 10:45:18,27.87,16600,27.87,D
sz000400,许继电气,2025-10-10 10:45:21,27.87,32200,27.87,D
sz000400,许继电气,2025-10-10 10:45:24,27.87,14400,27.87,D
sz000400,许继电气,2025-10-10 10:45:27,27.88,35300,27.87,U
sz000400,许继电气,2025-10-10 10:45:33,27.86,8400,27.86,D
sz000400,许继电气,2025-10-10 10:45:36,27.86,21600,27.86,U
sz000400,许继电气,2025-10-10 10:45:39,27.87,14200,27.86,U
sz000400,许继电气,2025-10-10 10:45:42,27.86,18000,27.87,D
sz000400,许继电气,2025-10-10 10:45:48,27.86,17100,27.86,U
sz000400,许继电气,2025-10-10 10:45:51,27.84,8200,27.86,D
sz000400,许继电气,2025-10-10 10:45:54,27.84,9400,27.84,D
sz000400,许继电气,2025-10-10 10:45:57,27.83,24700,27.84,D
sz000400,许继电气,2025-10-10 10:46:03,27.82,21300,27.83,D
sz000400,许继电气,2025-10-10 10:46:12,27.83,48000,27.81,U
sz000400,许继电气,2025-10-10 10:46:15,27.82,13200,27.83,D
sz000400,许继电气,2025-10-10 10:46:21,27.82,32200,27.82,U
sz000400,许继电气,2025-10-10 10:46:24,27.8,15800,27.82,D
sz000400,许继电气,2025-10-10 10:46:27,27.83,24300,27.8,U
sz000400,许继电气,2025-10-10 10:46:30,27.83,32000,27.83,D
sz000400,许继电气,2025-10-10 10:46:33,27.84,37900,27.83,U
sz000400,许继电气,2025-10-10 10:46:36,27.85,13700,27.84,U
sz000400,许继电气,2025-10-10 10:46:42,27.85,21700,27.84,U
sz000400,许继电气,2025-10-10 10:46:45,27.84,8500,27.85,D
sz000400,许继电气,2025-10-10 10:46:48,27.85,10000,27.84,U
sz000400,许继电气,2025-10-10 10:46:51,27.85,8100,27.85,U
sz000400,许继电气,2025-10-10 10:46:54,27.85,19700,27.85,U
sz000400,许继电气,2025-10-10 10:46:57,27.84,28700,27.85,D
sz000400,许继电气,2025-10-10 10:47:03,27.84,15600,27.84,U
sz000400,许继电气,2025-10-10 10:47:06,27.84,28700,27.84,D
sz000400,许继电气,2025-10-10 10:47:09,27.86,57000,27.84,U
sz000400,许继电气,2025-10-10 10:47:15,27.86,18400,27.86,D
sz000400,许继电气,2025-10-10 10:47:21,27.86,7500,27.86,D
sz000400,许继电气,2025-10-10 10:47:24,27.86,9700,27.86,D
sz000400,许继电气,2025-10-10 10:47:27,27.88,7300,27.86,U
sz000400,许继电气,2025-10-10 10:47:30,27.88,31300,27.88,U
sz000400,许继电气,2025-10-10 10:47:33,27.88,16900,27.88,D
sz000400,许继电气,2025-10-10 10:47:36,27.88,20300,27.88,D
sz000400,许继电气,2025-10-10 10:47:51,27.9,10600,27.9,U
sz000400,许继电气,2025-10-10 10:47:54,27.91,12400,27.9,U
sz000400,许继电气,2025-10-10 10:48:03,27.92,34800,27.91,U
sz000400,许继电气,2025-10-10 10:48:12,27.91,35500,27.91,D
sz000400,许继电气,2025-10-10 10:48:15,27.9,22800,27.91,D
sz000400,许继电气,2025-10-10 10:48:18,27.89,12900,27.9,D
sz000400,许继电气,2025-10-10 10:48:21,27.88,19200,27.89,D
sz000400,许继电气,2025-10-10 10:48:24,27.87,12800,27.88,D
sz000400,许继电气,2025-10-10 10:48:27,27.87,7400,27.87,D
sz000400,许继电气,2025-10-10 10:48:30,27.87,12700,27.87,D
sz000400,许继电气,2025-10-10 10:48:33,27.87,8100,27.87,U
sz000400,许继电气,2025-10-10 10:48:36,27.87,35700,27.87,D
sz000400,许继电气,2025-10-10 10:48:39,27.87,14000,27.87,U
sz000400,许继电气,2025-10-10 10:48:45,27.87,19700,27.87,D
sz000400,许继电气,2025-10-10 10:48:54,27.86,8000,27.86,D
sz000400,许继电气,2025-10-10 10:49:00,27.86,26300,27.87,U
sz000400,许继电气,2025-10-10 10:49:06,27.85,15000,27.86,D
sz000400,许继电气,2025-10-10 10:49:09,27.84,15800,27.85,D
sz000400,许继电气,2025-10-10 10:49:21,27.85,55400,27.84,U
sz000400,许继电气,2025-10-10 10:49:36,27.84,12100,27.84,D
sz000400,许继电气,2025-10-10 10:49:42,27.82,15400,27.83,D
sz000400,许继电气,2025-10-10 10:49:51,27.81,16500,27.81,D
sz000400,许继电气,2025-10-10 10:49:54,27.8,34600,27.81,D
sz000400,许继电气,2025-10-10 10:49:57,27.81,9100,27.8,U
sz000400,许继电气,2025-10-10 10:50:00,27.8,53900,27.81,D
sz000400,许继电气,2025-10-10 10:50:03,27.81,28300,27.8,U
sz000400,许继电气,2025-10-10 10:50:06,27.8,15400,27.81,D
sz000400,许继电气,2025-10-10 10:50:09,27.77,53000,27.8,D
sz000400,许继电气,2025-10-10 10:50:12,27.77,12200,27.77,D
sz000400,许继电气,2025-10-10 10:50:18,27.79,25000,27.77,U
sz000400,许继电气,2025-10-10 10:50:27,27.74,18600,27.76,D
sz000400,许继电气,2025-10-10 10:50:33,27.72,9600,27.74,D
sz000400,许继电气,2025-10-10 10:50:36,27.71,15200,27.72,D
sz000400,许继电气,2025-10-10 10:50:39,27.7,15400,27.71,D
sz000400,许继电气,2025-10-10 10:50:42,27.71,62900,27.7,E
sz000400,许继电气,2025-10-10 10:50:45,27.7,53000,27.71,D
sz000400,许继电气,2025-10-10 10:50:48,27.7,11500,27.7,U
sz000400,许继电气,2025-10-10 10:50:51,27.67,17200,27.7,D
sz000400,许继电气,2025-10-10 10:50:54,27.69,11500,27.67,U
sz000400,许继电气,2025-10-10 10:50:57,27.69,12700,27.69,U
sz000400,许继电气,2025-10-10 10:51:00,27.66,10800,27.69,D
sz000400,许继电气,2025-10-10 10:51:03,27.66,8800,27.66,D
sz000400,许继电气,2025-10-10 10:51:06,27.67,8600,27.66,U
sz000400,许继电气,2025-10-10 10:51:09,27.66,41100,27.67,D
sz000400,许继电气,2025-10-10 10:51:12,27.69,24700,27.66,U
sz000400,许继电气,2025-10-10 10:51:15,27.69,17200,27.69,E
sz000400,许继电气,2025-10-10 10:51:18,27.68,52900,27.69,D
sz000400,许继电气,2025-10-10 10:51:21,27.69,14500,27.68,U
sz000400,许继电气,2025-10-10 10:51:33,27.7,36600,27.7,U
sz000400,许继电气,2025-10-10 10:51:36,27.68,12400,27.7,E
sz000400,许继电气,2025-10-10 10:51:39,27.69,8200,27.68,U
sz000400,许继电气,2025-10-10 10:51:42,27.67,18200,27.69,D
sz000400,许继电气,2025-10-10 10:51:45,27.68,18700,27.67,U
sz000400,许继电气,2025-10-10 10:51:48,27.66,21600,27.68,D
sz000400,许继电气,2025-10-10 10:51:57,27.66,32600,27.66,D
sz000400,许继电气,2025-10-10 10:52:00,27.66,9000,27.66,D
sz000400,许继电气,2025-10-10 10:52:03,27.65,17000,27.66,D
sz000400,许继电气,2025-10-10 10:52:09,27.65,11100,27.66,D
sz000400,许继电气,2025-10-10 10:52:12,27.66,9900,27.65,U
sz000400,许继电气,2025-10-10 10:52:18,27.65,11000,27.66,D
sz000400,许继电气,2025-10-10 10:52:21,27.65,33900,27.65,D
sz000400,许继电气,2025-10-10 10:52:24,27.64,37500,27.65,D
sz000400,许继电气,2025-10-10 10:52:27,27.63,19200,27.64,D
sz000400,许继电气,2025-10-10 10:52:30,27.62,11300,27.63,D
sz000400,许继电气,2025-10-10 10:52:36,27.64,17000,27.64,D
sz000400,许继电气,2025-10-10 10:52:45,27.65,10300,27.65,D
sz000400,许继电气,2025-10-10 10:52:48,27.64,18500,27.65,D
sz000400,许继电气,2025-10-10 10:52:57,27.65,17200,27.64,U
sz000400,许继电气,2025-10-10 10:53:03,27.64,22800,27.64,D
sz000400,许继电气,2025-10-10 10:53:15,27.64,18500,27.63,U
sz000400,许继电气,2025-10-10 10:53:21,27.62,7800,27.64,D
sz000400,许继电气,2025-10-10 10:53:24,27.62,7600,27.62,D
sz000400,许继电气,2025-10-10 10:53:27,27.63,8200,27.62,U
sz000400,许继电气,2025-10-10 10:53:30,27.63,11100,27.63,D
sz000400,许继电气,2025-10-10 10:53:36,27.65,35700,27.62,U
sz000400,许继电气,2025-10-10 10:53:39,27.64,7700,27.65,D
sz000400,许继电气,2025-10-10 10:53:42,27.66,11200,27.64,U
sz000400,许继电气,2025-10-10 10:53:48,27.69,15700,27.66,U
sz000400,许继电气,2025-10-10 10:53:57,27.7,10800,27.7,U
sz000400,许继电气,2025-10-10 10:54:00,27.68,23600,27.7,D
sz000400,许继电气,2025-10-10 10:54:03,27.69,19900,27.68,U
sz000400,许继电气,2025-10-10 10:54:09,27.69,13600,27.69,U
sz000400,许继电气,2025-10-10 10:54:36,27.7,11800,27.68,U
sz000400,许继电气,2025-10-10 10:54:45,27.69,9900,27.69,U
sz000400,许继电气,2025-10-10 10:54:48,27.69,11200,27.69,U
sz000400,许继电气,2025-10-10 10:54:51,27.69,8500,27.69,D
sz000400,许继电气,2025-10-10 10:54:57,27.7,8000,27.69,U
sz000400,许继电气,2025-10-10 10:55:12,27.69,21700,27.7,D
sz000400,许继电气,2025-10-10 10:55:18,27.7,7900,27.69,U
sz000400,许继电气,2025-10-10 10:55:24,27.7,7500,27.7,U
sz000400,许继电气,2025-10-10 10:55:30,27.69,10500,27.69,D
sz000400,许继电气,2025-10-10 10:55:33,27.69,10100,27.69,U
sz000400,许继电气,2025-10-10 10:55:36,27.7,23900,27.69,U
sz000400,许继电气,2025-10-10 10:55:45,27.71,42200,27.71,U
sz000400,许继电气,2025-10-10 10:55:48,27.74,12900,27.71,U
sz000400,许继电气,2025-10-10 10:55:51,27.75,14100,27.74,U
sz000400,许继电气,2025-10-10 10:56:00,27.74,23700,27.74,U
sz000400,许继电气,2025-10-10 10:56:03,27.72,82000,27.74,D
sz000400,许继电气,2025-10-10 10:56:06,27.7,13700,27.72,D
sz000400,许继电气,2025-10-10 10:56:24,27.69,27800,27.69,E
sz000400,许继电气,2025-10-10 10:56:33,27.69,10100,27.68,U
sz000400,许继电气,2025-10-10 10:56:39,27.67,12400,27.68,D
sz000400,许继电气,2025-10-10 10:56:42,27.67,9500,27.67,D
sz000400,许继电气,2025-10-10 10:56:45,27.66,17900,27.67,D
sz000400,许继电气,2025-10-10 10:56:54,27.66,9400,27.66,D
sz000400,许继电气,2025-10-10 10:57:00,27.64,22800,27.65,D
sz000400,许继电气,2025-10-10 10:57:03,27.64,16500,27.64,D
sz000400,许继电气,2025-10-10 10:57:06,27.64,14600,27.64,D
sz000400,许继电气,2025-10-10 10:57:09,27.64,31000,27.64,D
sz000400,许继电气,2025-10-10 10:57:12,27.64,7700,27.64,D
sz000400,许继电气,2025-10-10 10:57:15,27.64,19300,27.64,U
sz000400,许继电气,2025-10-10 10:57:18,27.62,19100,27.64,D
sz000400,许继电气,2025-10-10 10:57:30,27.65,21400,27.62,U
sz000400,许继电气,2025-10-10 10:57:39,27.66,9100,27.66,U
sz000400,许继电气,2025-10-10 10:57:42,27.65,32900,27.66,D
sz000400,许继电气,2025-10-10 10:57:45,27.66,27800,27.65,U
sz000400,许继电气,2025-10-10 10:58:00,27.68,27000,27.67,U
sz000400,许继电气,2025-10-10 10:58:03,27.68,29300,27.68,U
sz000400,许继电气,2025-10-10 10:58:06,27.67,18500,27.68,D
sz000400,许继电气,2025-10-10 10:58:12,27.68,12300,27.68,U
sz000400,许继电气,2025-10-10 10:58:21,27.67,12700,27.68,D
sz000400,许继电气,2025-10-10 10:58:30,27.67,10000,27.68,D
sz000400,许继电气,2025-10-10 10:58:33,27.69,71500,27.67,U
sz000400,许继电气,2025-10-10 10:58:36,27.68,35300,27.69,U
sz000400,许继电气,2025-10-10 10:58:39,27.67,8800,27.68,D
sz000400,许继电气,2025-10-10 10:58:42,27.69,23900,27.67,U
sz000400,许继电气,2025-10-10 10:58:51,27.73,16200,27.72,U
sz000400,许继电气,2025-10-10 10:58:57,27.73,12700,27.73,U
sz000400,许继电气,2025-10-10 10:59:00,27.71,13400,27.73,D
sz000400,许继电气,2025-10-10 10:59:09,27.72,9400,27.72,U
sz000400,许继电气,2025-10-10 10:59:12,27.71,18000,27.72,D
sz000400,许继电气,2025-10-10 10:59:21,27.72,17469,27.72,U
sz000400,许继电气,2025-10-10 10:59:27,27.72,41800,27.73,D
sz000400,许继电气,2025-10-10 10:59:30,27.73,16031,27.72,U
sz000400,许继电气,2025-10-10 10:59:33,27.72,8800,27.73,D
sz000400,许继电气,2025-10-10 10:59:54,27.73,157069,27.73,U
sz000400,许继电气,2025-10-10 10:59:57,27.75,9100,27.73,U
sz000400,许继电气,2025-10-10 11:00:00,27.74,7400,27.75,D
sz000400,许继电气,2025-10-10 11:00:03,27.75,13500,27.74,U
sz000400,许继电气,2025-10-10 11:00:06,27.76,12600,27.75,U
sz000400,许继电气,2025-10-10 11:00:09,27.75,56200,27.76,D
sz000400,许继电气,2025-10-10 11:00:12,27.77,75700,27.75,U
sz000400,许继电气,2025-10-10 11:00:15,27.8,8900,27.77,U
sz000400,许继电气,2025-10-10 11:00:21,27.8,22400,27.8,U
sz000400,许继电气,2025-10-10 11:00:24,27.8,28100,27.8,U
sz000400,许继电气,2025-10-10 11:00:27,27.76,47000,27.8,D
sz000400,许继电气,2025-10-10 11:00:30,27.81,21600,27.76,U
sz000400,许继电气,2025-10-10 11:00:39,27.84,14700,27.82,U
sz000400,许继电气,2025-10-10 11:00:42,27.83,16100,27.84,E
sz000400,许继电气,2025-10-10 11:00:45,27.85,15200,27.83,U
sz000400,许继电气,2025-10-10 11:00:48,27.85,10900,27.85,U
sz000400,许继电气,2025-10-10 11:00:51,27.86,16100,27.85,U
sz000400,许继电气,2025-10-10 11:00:57,27.86,24700,27.85,U
sz000400,许继电气,2025-10-10 11:01:00,27.87,41500,27.86,U
sz000400,许继电气,2025-10-10 11:01:06,27.87,11400,27.87,U
sz000400,许继电气,2025-10-10 11:01:12,27.88,10600,27.87,U
sz000400,许继电气,2025-10-10 11:01:15,27.89,15300,27.88,U
sz000400,许继电气,2025-10-10 11:01:18,27.9,18700,27.89,U
sz000400,许继电气,2025-10-10 11:01:21,27.91,25100,27.9,U
sz000400,许继电气,2025-10-10 11:01:24,27.91,15500,27.91,U
sz000400,许继电气,2025-10-10 11:01:27,27.87,87900,27.91,D
sz000400,许继电气,2025-10-10 11:01:30,27.88,29100,27.87,U
sz000400,许继电气,2025-10-10 11:01:33,27.88,24300,27.88,U
sz000400,许继电气,2025-10-10 11:01:36,27.88,11500,27.88,E
sz000400,许继电气,2025-10-10 11:01:42,27.89,11500,27.89,U
sz000400,许继电气,2025-10-10 11:01:48,27.89,24900,27.89,D
sz000400,许继电气,2025-10-10 11:01:54,27.89,13300,27.89,U
sz000400,许继电气,2025-10-10 11:01:57,27.88,20200,27.89,D
sz000400,许继电气,2025-10-10 11:02:00,27.89,12900,27.88,U
sz000400,许继电气,2025-10-10 11:02:06,27.88,7500,27.89,D
sz000400,许继电气,2025-10-10 11:02:15,27.88,13200,27.88,U
sz000400,许继电气,2025-10-10 11:02:18,27.87,15200,27.88,D
sz000400,许继电气,2025-10-10 11:02:21,27.87,7800,27.87,U
sz000400,许继电气,2025-10-10 11:02:27,27.86,11700,27.86,D
sz000400,许继电气,2025-10-10 11:02:33,27.86,8900,27.86,U
sz000400,许继电气,2025-10-10 11:02:36,27.85,7500,27.86,D
sz000400,许继电气,2025-10-10 11:02:39,27.85,7500,27.85,D
sz000400,许继电气,2025-10-10 11:02:42,27.84,25000,27.85,D
sz000400,许继电气,2025-10-10 11:02:54,27.8,22700,27.81,D
sz000400,许继电气,2025-10-10 11:03:00,27.8,42200,27.81,D
sz000400,许继电气,2025-10-10 11:03:03,27.8,11200,27.8,U
sz000400,许继电气,2025-10-10 11:03:06,27.78,12600,27.8,D
sz000400,许继电气,2025-10-10 11:03:18,27.78,12200,27.78,D
sz000400,许继电气,2025-10-10 11:03:24,27.78,8000,27.78,U
sz000400,许继电气,2025-10-10 11:03:27,27.77,8800,27.78,D
sz000400,许继电气,2025-10-10 11:03:30,27.77,19300,27.77,U
sz000400,许继电气,2025-10-10 11:03:33,27.77,17800,27.77,U
sz000400,许继电气,2025-10-10 11:03:36,27.76,19200,27.77,D
sz000400,许继电气,2025-10-10 11:03:39,27.75,25100,27.76,D
sz000400,许继电气,2025-10-10 11:03:42,27.73,11500,27.75,D
sz000400,许继电气,2025-10-10 11:03:57,27.71,11300,27.72,D
sz000400,许继电气,2025-10-10 11:04:03,27.71,13100,27.71,U
sz000400,许继电气,2025-10-10 11:04:06,27.71,45900,27.71,E
sz000400,许继电气,2025-10-10 11:04:18,27.75,13700,27.74,U
sz000400,许继电气,2025-10-10 11:04:21,27.76,38900,27.75,U
sz000400,许继电气,2025-10-10 11:04:24,27.77,8000,27.76,E
sz000400,许继电气,2025-10-10 11:04:27,27.72,64800,27.77,D
sz000400,许继电气,2025-10-10 11:04:33,27.76,12900,27.81,U
sz000400,许继电气,2025-10-10 11:04:36,27.76,10100,27.76,U
sz000400,许继电气,2025-10-10 11:04:39,27.77,39000,27.76,U
sz000400,许继电气,2025-10-10 11:04:42,27.82,22000,27.77,U
sz000400,许继电气,2025-10-10 11:04:51,27.85,19200,27.81,U
sz000400,许继电气,2025-10-10 11:04:54,27.86,11000,27.85,U
sz000400,许继电气,2025-10-10 11:04:57,27.86,14800,27.86,U
sz000400,许继电气,2025-10-10 11:05:00,27.88,16600,27.86,U
sz000400,许继电气,2025-10-10 11:05:03,27.88,22500,27.88,U
sz000400,许继电气,2025-10-10 11:05:06,27.9,22800,27.88,U
sz000400,许继电气,2025-10-10 11:05:09,27.91,75700,27.9,U
sz000400,许继电气,2025-10-10 11:05:12,27.92,11300,27.91,U
sz000400,许继电气,2025-10-10 11:05:15,27.92,9100,27.92,U
sz000400,许继电气,2025-10-10 11:05:18,27.94,8300,27.92,U
sz000400,许继电气,2025-10-10 11:05:24,27.94,9000,27.93,U
sz000400,许继电气,2025-10-10 11:05:27,27.92,26600,27.94,D
sz000400,许继电气,2025-10-10 11:05:30,27.92,21600,27.92,U
sz000400,许继电气,2025-10-10 11:05:33,27.95,16700,27.92,U
sz000400,许继电气,2025-10-10 11:05:39,27.93,15600,27.92,E
sz000400,许继电气,2025-10-10 11:05:45,27.94,19900,27.93,U
sz000400,许继电气,2025-10-10 11:05:48,27.94,94700,27.94,U
sz000400,许继电气,2025-10-10 11:05:51,27.94,28100,27.94,D
sz000400,许继电气,2025-10-10 11:05:54,27.95,13400,27.94,U
sz000400,许继电气,2025-10-10 11:05:57,27.95,13400,27.95,U
sz000400,许继电气,2025-10-10 11:06:00,27.96,21400,27.95,U
sz000400,许继电气,2025-10-10 11:06:03,27.96,35400,27.96,D
sz000400,许继电气,2025-10-10 11:06:06,27.97,13300,27.96,D
sz000400,许继电气,2025-10-10 11:06:09,27.98,14400,27.97,U
sz000400,许继电气,2025-10-10 11:06:12,27.98,124600,27.98,U
sz000400,许继电气,2025-10-10 11:06:15,27.99,9900,27.98,E
sz000400,许继电气,2025-10-10 11:06:21,27.99,80700,27.99,U
sz000400,许继电气,2025-10-10 11:06:24,27.98,19600,27.99,D
sz000400,许继电气,2025-10-10 11:06:27,27.98,13500,27.98,D
sz000400,许继电气,2025-10-10 11:06:30,27.99,18200,27.98,U
sz000400,许继电气,2025-10-10 11:06:33,27.98,31000,27.99,D
sz000400,许继电气,2025-10-10 11:06:36,28.0,30900,27.98,U
sz000400,许继电气,2025-10-10 11:06:39,28.0,20000,28.0,U
sz000400,许继电气,2025-10-10 11:06:42,28.0,52500,28.0,U
sz000400,许继电气,2025-10-10 11:06:45,27.99,22900,28.0,D
sz000400,许继电气,2025-10-10 11:06:48,28.0,52800,27.99,U
sz000400,许继电气,2025-10-10 11:06:51,27.99,20000,28.0,D
sz000400,许继电气,2025-10-10 11:06:54,28.0,24300,27.99,U
sz000400,许继电气,2025-10-10 11:06:57,28.0,17500,28.0,U
sz000400,许继电气,2025-10-10 11:07:00,27.99,40100,28.0,D
sz000400,许继电气,2025-10-10 11:07:03,27.99,9700,27.99,D
sz000400,许继电气,2025-10-10 11:07:06,28.0,8700,27.99,U
sz000400,许继电气,2025-10-10 11:07:09,27.95,41200,28.0,D
sz000400,许继电气,2025-10-10 11:07:12,27.99,11800,27.95,U
sz000400,许继电气,2025-10-10 11:07:18,27.99,24800,27.96,U
sz000400,许继电气,2025-10-10 11:07:21,27.97,13600,27.99,D
sz000400,许继电气,2025-10-10 11:07:24,27.98,11700,27.97,U
sz000400,许继电气,2025-10-10 11:07:27,27.97,8500,27.98,D
sz000400,许继电气,2025-10-10 11:07:30,27.97,8200,27.97,D
sz000400,许继电气,2025-10-10 11:07:33,27.98,28100,27.97,U
sz000400,许继电气,2025-10-10 11:07:36,27.96,15100,27.98,D
sz000400,许继电气,2025-10-10 11:07:39,27.95,16200,27.96,D
sz000400,许继电气,2025-10-10 11:07:42,27.98,85400,27.95,U
sz000400,许继电气,2025-10-10 11:07:45,27.98,10100,27.98,D
sz000400,许继电气,2025-10-10 11:07:48,27.98,28600,27.98,D
sz000400,许继电气,2025-10-10 11:07:57,27.98,9000,27.97,U
sz000400,许继电气,2025-10-10 11:08:06,27.96,15400,27.96,D
sz000400,许继电气,2025-10-10 11:08:15,27.97,14300,27.97,U
sz000400,许继电气,2025-10-10 11:08:18,27.98,17800,27.97,U
sz000400,许继电气,2025-10-10 11:08:21,27.97,8300,27.98,D
sz000400,许继电气,2025-10-10 11:08:24,27.98,11200,27.97,U
sz000400,许继电气,2025-10-10 11:08:27,27.97,16500,27.98,D
sz000400,许继电气,2025-10-10 11:08:36,27.96,10800,27.97,D
sz000400,许继电气,2025-10-10 11:08:39,27.97,64300,27.96,U
sz000400,许继电气,2025-10-10 11:08:42,27.97,9500,27.97,D
sz000400,许继电气,2025-10-10 11:08:51,27.97,13600,27.96,U
sz000400,许继电气,2025-10-10 11:08:54,27.97,19900,27.97,U
sz000400,许继电气,2025-10-10 11:08:57,27.97,10000,27.97,U
sz000400,许继电气,2025-10-10 11:09:00,27.97,14700,27.97,U
sz000400,许继电气,2025-10-10 11:09:03,27.96,9300,27.97,D
sz000400,许继电气,2025-10-10 11:09:06,27.97,17200,27.96,U
sz000400,许继电气,2025-10-10 11:09:09,27.97,37100,27.97,U
sz000400,许继电气,2025-10-10 11:09:21,27.96,11900,27.96,U
sz000400,许继电气,2025-10-10 11:09:24,27.97,110400,27.96,U
sz000400,许继电气,2025-10-10 11:09:30,27.95,9100,27.95,D
sz000400,许继电气,2025-10-10 11:09:33,27.95,26600,27.95,D
sz000400,许继电气,2025-10-10 11:09:36,27.95,13800,27.95,U
sz000400,许继电气,2025-10-10 11:09:39,27.96,17300,27.95,D
sz000400,许继电气,2025-10-10 11:09:45,27.97,26400,27.96,U
sz000400,许继电气,2025-10-10 11:09:48,27.96,74300,27.97,D
sz000400,许继电气,2025-10-10 11:09:51,27.96,7300,27.96,D
sz000400,许继电气,2025-10-10 11:09:54,27.96,33700,27.96,U
sz000400,许继电气,2025-10-10 11:10:00,27.96,21200,27.96,D
sz000400,许继电气,2025-10-10 11:10:03,27.96,8400,27.96,U
sz000400,许继电气,2025-10-10 11:10:06,27.97,62600,27.96,U
sz000400,许继电气,2025-10-10 11:10:09,27.96,30500,27.97,D
sz000400,许继电气,2025-10-10 11:10:12,27.97,66100,27.96,E
sz000400,许继电气,2025-10-10 11:10:15,27.99,55000,27.97,U
sz000400,许继电气,2025-10-10 11:10:18,27.99,24700,27.99,D
sz000400,许继电气,2025-10-10 11:10:21,28.0,17700,27.99,U
sz000400,许继电气,2025-10-10 11:10:24,27.99,10000,28.0,D
sz000400,许继电气,2025-10-10 11:10:27,27.99,25900,27.99,D
sz000400,许继电气,2025-10-10 11:10:30,28.0,187100,27.99,U
sz000400,许继电气,2025-10-10 11:10:33,28.01,94700,28.0,U
sz000400,许继电气,2025-10-10 11:10:36,28.02,11100,28.01,U
sz000400,许继电气,2025-10-10 11:10:39,28.02,10500,28.02,U
sz000400,许继电气,2025-10-10 11:10:42,28.02,72000,28.02,U
sz000400,许继电气,2025-10-10 11:10:45,28.05,22600,28.02,U
sz000400,许继电气,2025-10-10 11:10:48,28.05,43100,28.05,U
sz000400,许继电气,2025-10-10 11:10:51,28.05,21700,28.05,U
sz000400,许继电气,2025-10-10 11:10:54,28.05,33700,28.05,D
sz000400,许继电气,2025-10-10 11:10:57,28.04,25500,28.05,D
sz000400,许继电气,2025-10-10 11:11:00,28.05,152600,28.04,U
sz000400,许继电气,2025-10-10 11:11:03,28.02,33000,28.05,D
sz000400,许继电气,2025-10-10 11:11:06,28.05,42900,28.02,U
sz000400,许继电气,2025-10-10 11:11:09,28.05,10600,28.05,U
sz000400,许继电气,2025-10-10 11:11:12,28.04,11100,28.05,E
sz000400,许继电气,2025-10-10 11:11:15,28.02,10200,28.04,D
sz000400,许继电气,2025-10-10 11:11:18,28.03,17800,28.02,U
sz000400,许继电气,2025-10-10 11:11:21,28.03,27300,28.03,U
sz000400,许继电气,2025-10-10 11:11:24,28.04,46600,28.03,U
sz000400,许继电气,2025-10-10 11:11:27,28.04,8800,28.04,D
sz000400,许继电气,2025-10-10 11:11:30,28.05,9100,28.04,U
sz000400,许继电气,2025-10-10 11:11:33,28.04,28700,28.05,D
sz000400,许继电气,2025-10-10 11:11:36,28.04,50100,28.04,D
sz000400,许继电气,2025-10-10 11:11:42,28.04,14300,28.04,U
sz000400,许继电气,2025-10-10 11:11:45,28.03,12200,28.04,D
sz000400,许继电气,2025-10-10 11:11:48,28.02,18700,28.03,D
sz000400,许继电气,2025-10-10 11:11:51,28.03,17300,28.02,U
sz000400,许继电气,2025-10-10 11:12:00,28.02,26800,28.03,D
sz000400,许继电气,2025-10-10 11:12:03,28.03,41600,28.02,U
sz000400,许继电气,2025-10-10 11:12:12,28.0,14600,27.99,E
sz000400,许继电气,2025-10-10 11:12:15,28.01,50700,28.0,U
sz000400,许继电气,2025-10-10 11:12:30,27.98,15300,28.0,D
sz000400,许继电气,2025-10-10 11:12:33,27.98,9600,27.98,D
sz000400,许继电气,2025-10-10 11:12:45,27.97,22400,27.97,D
sz000400,许继电气,2025-10-10 11:12:48,27.97,20400,27.97,D
sz000400,许继电气,2025-10-10 11:12:54,27.97,12500,27.97,D
sz000400,许继电气,2025-10-10 11:13:00,27.98,15700,27.97,U
sz000400,许继电气,2025-10-10 11:13:03,27.97,13400,27.98,D
sz000400,许继电气,2025-10-10 11:13:06,27.97,14400,27.97,U
sz000400,许继电气,2025-10-10 11:13:18,27.95,7300,27.96,E
sz000400,许继电气,2025-10-10 11:13:21,27.93,20300,27.95,D
sz000400,许继电气,2025-10-10 11:13:27,27.92,14300,27.93,D
sz000400,许继电气,2025-10-10 11:13:33,27.91,11300,27.92,D
sz000400,许继电气,2025-10-10 11:13:36,27.92,9200,27.91,U
sz000400,许继电气,2025-10-10 11:13:39,27.92,8600,27.92,U
sz000400,许继电气,2025-10-10 11:13:42,27.91,8700,27.92,E
sz000400,许继电气,2025-10-10 11:13:45,27.91,10900,27.91,U
sz000400,许继电气,2025-10-10 11:13:48,27.92,35300,27.91,U
sz000400,许继电气,2025-10-10 11:13:51,27.9,8400,27.92,U
sz000400,许继电气,2025-10-10 11:14:00,27.91,24700,27.91,U
sz000400,许继电气,2025-10-10 11:14:03,27.9,23300,27.91,D
sz000400,许继电气,2025-10-10 11:14:06,27.92,30700,27.9,U
sz000400,许继电气,2025-10-10 11:14:12,27.92,16500,27.9,D
sz000400,许继电气,2025-10-10 11:14:15,27.92,8000,27.92,D
sz000400,许继电气,2025-10-10 11:14:18,27.92,18600,27.92,D
sz000400,许继电气,2025-10-10 11:14:27,27.92,10900,27.92,D
sz000400,许继电气,2025-10-10 11:14:36,27.94,11300,27.94,D
sz000400,许继电气,2025-10-10 11:14:42,27.94,20800,27.95,D
sz000400,许继电气,2025-10-10 11:14:48,27.94,24000,27.93,E
sz000400,许继电气,2025-10-10 11:14:54,27.96,10400,27.95,U
sz000400,许继电气,2025-10-10 11:15:00,27.96,8700,27.95,U
sz000400,许继电气,2025-10-10 11:15:03,27.88,121100,27.96,D
sz000400,许继电气,2025-10-10 11:15:06,27.88,13600,27.88,U
sz000400,许继电气,2025-10-10 11:15:09,27.87,13700,27.88,D
sz000400,许继电气,2025-10-10 11:15:12,27.87,15800,27.87,U
sz000400,许继电气,2025-10-10 11:15:15,27.88,7900,27.87,U
sz000400,许继电气,2025-10-10 11:15:21,27.87,13700,27.87,D
sz000400,许继电气,2025-10-10 11:15:24,27.88,10700,27.87,U
sz000400,许继电气,2025-10-10 11:15:45,27.84,47000,27.84,D
sz000400,许继电气,2025-10-10 11:15:54,27.8,32000,27.8,U
sz000400,许继电气,2025-10-10 11:15:57,27.84,22900,27.8,U
sz000400,许继电气,2025-10-10 11:16:09,27.77,45000,27.79,D
sz000400,许继电气,2025-10-10 11:16:21,27.76,9000,27.76,D
sz000400,许继电气,2025-10-10 11:16:24,27.75,13400,27.76,D
sz000400,许继电气,2025-10-10 11:16:30,27.76,14000,27.76,D
sz000400,许继电气,2025-10-10 11:16:36,27.75,11400,27.78,D
sz000400,许继电气,2025-10-10 11:16:45,27.75,15500,27.75,D
sz000400,许继电气,2025-10-10 11:16:48,27.75,11200,27.75,U
sz000400,许继电气,2025-10-10 11:16:51,27.77,14500,27.75,U
sz000400,许继电气,2025-10-10 11:17:00,27.8,33900,27.78,U
sz000400,许继电气,2025-10-10 11:17:12,27.85,13800,27.84,U
sz000400,许继电气,2025-10-10 11:17:18,27.85,34600,27.85,U
sz000400,许继电气,2025-10-10 11:17:27,27.88,11400,27.87,U
sz000400,许继电气,2025-10-10 11:17:30,27.87,39300,27.88,D
sz000400,许继电气,2025-10-10 11:17:33,27.88,7900,27.87,U
sz000400,许继电气,2025-10-10 11:17:39,27.87,23200,27.87,D
sz000400,许继电气,2025-10-10 11:17:42,27.86,9700,27.87,D
sz000400,许继电气,2025-10-10 11:17:45,27.87,11400,27.86,U
sz000400,许继电气,2025-10-10 11:17:48,27.87,11900,27.87,U
sz000400,许继电气,2025-10-10 11:17:54,27.85,19500,27.86,D
sz000400,许继电气,2025-10-10 11:18:09,27.83,34500,27.86,D
sz000400,许继电气,2025-10-10 11:18:21,27.83,7800,27.82,U
sz000400,许继电气,2025-10-10 11:18:27,27.8,21500,27.82,D
sz000400,许继电气,2025-10-10 11:18:30,27.8,12900,27.8,U
sz000400,许继电气,2025-10-10 11:18:57,27.8,22000,27.79,U
sz000400,许继电气,2025-10-10 11:19:03,27.79,11100,27.78,U
sz000400,许继电气,2025-10-10 11:19:21,27.79,10500,27.79,U
sz000400,许继电气,2025-10-10 11:19:24,27.8,34200,27.79,U
sz000400,许继电气,2025-10-10 11:19:27,27.8,16900,27.8,U
sz000400,许继电气,2025-10-10 11:19:45,27.81,23900,27.81,U
sz000400,许继电气,2025-10-10 11:19:48,27.81,11500,27.81,U
sz000400,许继电气,2025-10-10 11:19:57,27.82,13700,27.81,U
sz000400,许继电气,2025-10-10 11:20:00,27.81,9700,27.82,D
sz000400,许继电气,2025-10-10 11:20:03,27.79,20700,27.81,D
sz000400,许继电气,2025-10-10 11:20:06,27.77,10900,27.79,D
sz000400,许继电气,2025-10-10 11:20:15,27.77,10400,27.78,D
sz000400,许继电气,2025-10-10 11:20:27,27.79,14600,27.77,U
sz000400,许继电气,2025-10-10 11:20:30,27.78,12000,27.79,D
sz000400,许继电气,2025-10-10 11:20:33,27.77,9300,27.78,D
sz000400,许继电气,2025-10-10 11:20:39,27.76,14100,27.77,D
sz000400,许继电气,2025-10-10 11:20:57,27.76,7400,27.75,U
sz000400,许继电气,2025-10-10 11:21:24,27.78,23600,27.78,U
sz000400,许继电气,2025-10-10 11:21:36,27.78,8300,27.78,D
sz000400,许继电气,2025-10-10 11:21:39,27.78,21992,27.78,U
sz000400,许继电气,2025-10-10 11:22:12,27.76,10000,27.76,D
sz000400,许继电气,2025-10-10 11:22:15,27.76,10600,27.76,D
sz000400,许继电气,2025-10-10 11:22:27,27.77,15692,27.76,U
sz000400,许继电气,2025-10-10 11:22:33,27.77,14408,27.77,D
sz000400,许继电气,2025-10-10 11:22:39,27.76,8900,27.77,D
sz000400,许继电气,2025-10-10 11:23:06,27.76,11900,27.77,D
sz000400,许继电气,2025-10-10 11:23:09,27.76,40100,27.76,D
sz000400,许继电气,2025-10-10 11:23:12,27.76,60600,27.76,U
sz000400,许继电气,2025-10-10 11:23:15,27.75,13800,27.76,D
sz000400,许继电气,2025-10-10 11:23:18,27.76,8200,27.75,U
sz000400,许继电气,2025-10-10 11:23:39,27.76,10000,27.76,U
sz000400,许继电气,2025-10-10 11:24:12,27.73,11700,27.73,D
sz000400,许继电气,2025-10-10 11:24:24,27.72,13600,27.73,D
sz000400,许继电气,2025-10-10 11:24:27,27.72,35831,27.72,D
sz000400,许继电气,2025-10-10 11:24:33,27.72,22400,27.72,U
sz000400,许继电气,2025-10-10 11:24:39,27.72,9600,27.72,U
sz000400,许继电气,2025-10-10 11:25:00,27.7,11600,27.7,D
sz000400,许继电气,2025-10-10 11:25:03,27.69,60992,27.7,D
sz000400,许继电气,2025-10-10 11:25:18,27.69,25100,27.69,D
sz000400,许继电气,2025-10-10 11:25:24,27.69,10700,27.69,D
sz000400,许继电气,2025-10-10 11:25:30,27.68,7500,27.69,D
sz000400,许继电气,2025-10-10 11:25:45,27.67,7808,27.67,D
sz000400,许继电气,2025-10-10 11:25:48,27.66,7500,27.67,D
sz000400,许继电气,2025-10-10 11:25:51,27.66,36500,27.66,D
sz000400,许继电气,2025-10-10 11:25:57,27.66,14400,27.66,D
sz000400,许继电气,2025-10-10 11:26:00,27.65,12600,27.66,D
sz000400,许继电气,2025-10-10 11:26:03,27.65,11700,27.65,D
sz000400,许继电气,2025-10-10 11:26:06,27.66,8700,27.65,U
sz000400,许继电气,2025-10-10 11:26:09,27.66,8500,27.66,U
sz000400,许继电气,2025-10-10 11:26:18,27.64,8600,27.65,D
sz000400,许继电气,2025-10-10 11:26:24,27.66,43900,27.65,U
sz000400,许继电气,2025-10-10 11:26:27,27.66,9200,27.66,U
sz000400,许继电气,2025-10-10 11:26:30,27.65,15400,27.66,D
sz000400,许继电气,2025-10-10 11:26:33,27.65,12600,27.65,D
sz000400,许继电气,2025-10-10 11:26:45,27.65,9700,27.66,D
sz000400,许继电气,2025-10-10 11:26:48,27.66,7900,27.65,U
sz000400,许继电气,2025-10-10 11:26:54,27.66,12400,27.65,U
sz000400,许继电气,2025-10-10 11:27:03,27.66,13100,27.66,D
sz000400,许继电气,2025-10-10 11:27:15,27.69,29792,27.67,U
sz000400,许继电气,2025-10-10 11:27:18,27.68,8200,27.69,D
sz000400,许继电气,2025-10-10 11:27:30,27.7,31600,27.7,U
sz000400,许继电气,2025-10-10 11:27:39,27.72,24100,27.7,U
sz000400,许继电气,2025-10-10 11:27:42,27.69,30600,27.72,D
sz000400,许继电气,2025-10-10 11:27:54,27.73,40000,27.73,D
sz000400,许继电气,2025-10-10 11:27:57,27.74,7800,27.73,U
sz000400,许继电气,2025-10-10 11:28:03,27.73,23600,27.75,D
sz000400,许继电气,2025-10-10 11:28:06,27.72,8920,27.73,D
sz000400,许继电气,2025-10-10 11:28:09,27.72,10000,27.72,U
sz000400,许继电气,2025-10-10 11:28:12,27.74,11680,27.72,U
sz000400,许继电气,2025-10-10 11:28:48,27.75,17600,27.75,D
sz000400,许继电气,2025-10-10 11:28:54,27.75,11500,27.75,U
sz000400,许继电气,2025-10-10 11:29:06,27.74,11700,27.75,D
sz000400,许继电气,2025-10-10 11:29:12,27.73,8300,27.74,E
sz000400,许继电气,2025-10-10 11:29:36,27.74,13400,27.72,U
sz000400,许继电气,2025-10-10 11:29:42,27.73,15100,27.73,D
sz000400,许继电气,2025-10-10 11:29:57,27.75,8700,27.74,U
sz000400,许继电气,2025-10-10 13:00:00,27.8,150100,27.74,U
sz000400,许继电气,2025-10-10 13:00:03,27.75,100200,27.8,D
sz000400,许继电气,2025-10-10 13:00:06,27.76,24100,27.75,U
sz000400,许继电气,2025-10-10 13:00:09,27.75,43400,27.76,D
sz000400,许继电气,2025-10-10 13:00:15,27.75,9200,27.75,D
sz000400,许继电气,2025-10-10 13:00:18,27.76,18600,27.75,U
sz000400,许继电气,2025-10-10 13:00:27,27.76,13500,27.76,U
sz000400,许继电气,2025-10-10 13:00:30,27.75,8100,27.76,E
sz000400,许继电气,2025-10-10 13:00:57,27.75,8400,27.76,D
sz000400,许继电气,2025-10-10 13:01:03,27.76,10400,27.76,U
sz000400,许继电气,2025-10-10 13:01:06,27.73,86000,27.76,D
sz000400,许继电气,2025-10-10 13:01:15,27.72,11100,27.73,D
sz000400,许继电气,2025-10-10 13:01:18,27.74,18700,27.72,U
sz000400,许继电气,2025-10-10 13:01:24,27.74,88300,27.74,D
sz000400,许继电气,2025-10-10 13:01:51,27.7,51800,27.71,D
sz000400,许继电气,2025-10-10 13:01:54,27.7,10300,27.7,D
sz000400,许继电气,2025-10-10 13:01:57,27.72,15700,27.7,U
sz000400,许继电气,2025-10-10 13:02:00,27.72,10000,27.72,D
sz000400,许继电气,2025-10-10 13:02:03,27.7,14700,27.72,D
sz000400,许继电气,2025-10-10 13:02:15,27.71,12100,27.71,D
sz000400,许继电气,2025-10-10 13:02:30,27.7,15300,27.7,D
sz000400,许继电气,2025-10-10 13:02:33,27.71,9200,27.7,U
sz000400,许继电气,2025-10-10 13:02:36,27.7,24800,27.71,D
sz000400,许继电气,2025-10-10 13:02:39,27.71,11600,27.7,U
sz000400,许继电气,2025-10-10 13:02:48,27.71,25000,27.72,D
sz000400,许继电气,2025-10-10 13:02:51,27.71,30500,27.71,D
sz000400,许继电气,2025-10-10 13:02:54,27.71,28500,27.71,D
sz000400,许继电气,2025-10-10 13:03:06,27.7,12400,27.71,D
sz000400,许继电气,2025-10-10 13:03:09,27.7,76200,27.7,D
sz000400,许继电气,2025-10-10 13:03:12,27.7,11000,27.7,D
sz000400,许继电气,2025-10-10 13:03:15,27.7,24100,27.7,D
sz000400,许继电气,2025-10-10 13:03:24,27.71,57200,27.71,D
sz000400,许继电气,2025-10-10 13:03:27,27.7,23100,27.71,D
sz000400,许继电气,2025-10-10 13:03:33,27.72,23400,27.72,D
sz000400,许继电气,2025-10-10 13:03:36,27.7,10000,27.72,D
sz000400,许继电气,2025-10-10 13:03:51,27.7,60000,27.72,D
sz000400,许继电气,2025-10-10 13:03:57,27.72,91100,27.71,U
sz000400,许继电气,2025-10-10 13:04:03,27.7,64500,27.73,D
sz000400,许继电气,2025-10-10 13:04:06,27.7,46400,27.7,D
sz000400,许继电气,2025-10-10 13:04:09,27.69,24200,27.7,D
sz000400,许继电气,2025-10-10 13:04:15,27.69,48000,27.7,D
sz000400,许继电气,2025-10-10 13:04:24,27.72,16600,27.7,U
sz000400,许继电气,2025-10-10 13:04:27,27.7,9700,27.72,D
sz000400,许继电气,2025-10-10 13:04:33,27.7,7400,27.71,D
sz000400,许继电气,2025-10-10 13:04:36,27.71,38900,27.7,U
sz000400,许继电气,2025-10-10 13:04:42,27.7,11500,27.7,D
sz000400,许继电气,2025-10-10 13:04:48,27.7,42300,27.71,D
sz000400,许继电气,2025-10-10 13:05:00,27.69,13700,27.7,D
sz000400,许继电气,2025-10-10 13:05:18,27.69,14600,27.69,D
sz000400,许继电气,2025-10-10 13:05:21,27.7,20300,27.69,U
sz000400,许继电气,2025-10-10 13:05:42,27.7,9200,27.7,U
sz000400,许继电气,2025-10-10 13:05:51,27.7,9700,27.7,D
sz000400,许继电气,2025-10-10 13:06:30,27.72,24400,27.72,U
sz000400,许继电气,2025-10-10 13:06:48,27.73,19900,27.72,U
sz000400,许继电气,2025-10-10 13:06:57,27.72,12600,27.74,D
sz000400,许继电气,2025-10-10 13:07:00,27.74,15200,27.72,U
sz000400,许继电气,2025-10-10 13:07:12,27.73,72000,27.73,U
sz000400,许继电气,2025-10-10 13:07:18,27.73,36300,27.74,D
sz000400,许继电气,2025-10-10 13:07:21,27.73,7400,27.73,D
sz000400,许继电气,2025-10-10 13:07:27,27.73,22400,27.73,U
sz000400,许继电气,2025-10-10 13:07:48,27.75,10500,27.75,U
sz000400,许继电气,2025-10-10 13:07:51,27.75,15200,27.75,U
sz000400,许继电气,2025-10-10 13:07:57,27.76,18200,27.75,U
sz000400,许继电气,2025-10-10 13:08:00,27.75,10000,27.76,D
sz000400,许继电气,2025-10-10 13:08:03,27.76,14200,27.75,U
sz000400,许继电气,2025-10-10 13:08:12,27.77,30700,27.76,U
sz000400,许继电气,2025-10-10 13:08:33,27.75,22300,27.76,D
sz000400,许继电气,2025-10-10 13:09:00,27.75,16000,27.76,D
sz000400,许继电气,2025-10-10 13:09:15,27.75,9400,27.75,D
sz000400,许继电气,2025-10-10 13:09:27,27.75,7400,27.76,D
sz000400,许继电气,2025-10-10 13:09:36,27.75,9700,27.75,U
sz000400,许继电气,2025-10-10 13:09:54,27.75,8700,27.75,U
sz000400,许继电气,2025-10-10 13:10:00,27.74,13100,27.76,D
sz000400,许继电气,2025-10-10 13:10:06,27.74,29700,27.74,U
sz000400,许继电气,2025-10-10 13:10:15,27.74,12200,27.74,D
sz000400,许继电气,2025-10-10 13:10:18,27.74,31100,27.74,U
sz000400,许继电气,2025-10-10 13:10:27,27.72,17400,27.73,D
sz000400,许继电气,2025-10-10 13:10:45,27.72,20000,27.73,D
sz000400,许继电气,2025-10-10 13:10:48,27.73,21500,27.72,U
sz000400,许继电气,2025-10-10 13:11:06,27.73,11300,27.72,U
sz000400,许继电气,2025-10-10 13:11:12,27.73,10800,27.72,U
sz000400,许继电气,2025-10-10 13:11:15,27.72,26200,27.73,D
sz000400,许继电气,2025-10-10 13:11:21,27.73,17000,27.72,U
sz000400,许继电气,2025-10-10 13:11:57,27.73,30800,27.73,D
sz000400,许继电气,2025-10-10 13:12:30,27.74,8000,27.74,U
sz000400,许继电气,2025-10-10 13:12:39,27.74,13400,27.75,D
sz000400,许继电气,2025-10-10 13:12:48,27.74,13400,27.73,U
sz000400,许继电气,2025-10-10 13:12:57,27.74,26800,27.74,D
sz000400,许继电气,2025-10-10 13:13:00,27.74,10800,27.74,U
sz000400,许继电气,2025-10-10 13:13:06,27.74,38100,27.74,U
sz000400,许继电气,2025-10-10 13:13:18,27.74,20200,27.74,D
sz000400,许继电气,2025-10-10 13:13:27,27.74,8600,27.74,U
sz000400,许继电气,2025-10-10 13:14:03,27.75,25400,27.75,U
sz000400,许继电气,2025-10-10 13:14:18,27.74,12200,27.74,D
sz000400,许继电气,2025-10-10 13:14:57,27.74,29300,27.75,D
sz000400,许继电气,2025-10-10 13:15:27,27.74,26600,27.75,D
sz000400,许继电气,2025-10-10 13:15:30,27.74,18600,27.74,D
sz000400,许继电气,2025-10-10 13:15:33,27.76,45200,27.74,U
sz000400,许继电气,2025-10-10 13:15:36,27.73,13500,27.76,D
sz000400,许继电气,2025-10-10 13:15:39,27.74,8000,27.73,E
sz000400,许继电气,2025-10-10 13:15:51,27.74,11300,27.74,D
sz000400,许继电气,2025-10-10 13:16:00,27.75,14200,27.75,D
sz000400,许继电气,2025-10-10 13:16:03,27.74,14600,27.75,D
sz000400,许继电气,2025-10-10 13:16:21,27.75,10900,27.74,U
sz000400,许继电气,2025-10-10 13:16:24,27.74,11500,27.75,D
sz000400,许继电气,2025-10-10 13:16:42,27.75,24400,27.73,U
sz000400,许继电气,2025-10-10 13:16:45,27.73,7400,27.75,D
sz000400,许继电气,2025-10-10 13:17:09,27.75,17800,27.74,U
sz000400,许继电气,2025-10-10 13:17:15,27.75,10300,27.75,D
sz000400,许继电气,2025-10-10 13:17:24,27.75,14400,27.74,U
sz000400,许继电气,2025-10-10 13:17:45,27.74,12400,27.75,D
sz000400,许继电气,2025-10-10 13:17:48,27.73,47700,27.74,D
sz000400,许继电气,2025-10-10 13:17:51,27.72,15700,27.73,D
sz000400,许继电气,2025-10-10 13:17:57,27.73,10400,27.72,U
sz000400,许继电气,2025-10-10 13:18:00,27.72,7500,27.73,D
sz000400,许继电气,2025-10-10 13:18:09,27.72,10900,27.71,U
sz000400,许继电气,2025-10-10 13:18:12,27.71,8600,27.72,D
sz000400,许继电气,2025-10-10 13:18:15,27.71,17300,27.71,D
sz000400,许继电气,2025-10-10 13:18:24,27.72,14900,27.72,U
sz000400,许继电气,2025-10-10 13:18:30,27.71,18800,27.72,E
sz000400,许继电气,2025-10-10 13:18:42,27.67,166000,27.7,D
sz000400,许继电气,2025-10-10 13:18:57,27.68,34600,27.66,U
sz000400,许继电气,2025-10-10 13:19:00,27.67,16695,27.68,D
sz000400,许继电气,2025-10-10 13:19:03,27.68,29905,27.67,U
sz000400,许继电气,2025-10-10 13:19:12,27.66,8200,27.67,D
sz000400,许继电气,2025-10-10 13:19:21,27.66,27400,27.67,D
sz000400,许继电气,2025-10-10 13:19:24,27.66,14000,27.66,D
sz000400,许继电气,2025-10-10 13:19:30,27.66,7300,27.66,D
sz000400,许继电气,2025-10-10 13:19:33,27.66,24100,27.66,D
sz000400,许继电气,2025-10-10 13:19:42,27.65,9500,27.65,D
sz000400,许继电气,2025-10-10 13:19:48,27.65,8800,27.65,D
sz000400,许继电气,2025-10-10 13:19:51,27.65,18800,27.65,D
sz000400,许继电气,2025-10-10 13:19:54,27.65,8500,27.65,D
sz000400,许继电气,2025-10-10 13:20:03,27.63,27300,27.64,D
sz000400,许继电气,2025-10-10 13:20:12,27.64,65200,27.64,U
sz000400,许继电气,2025-10-10 13:20:15,27.63,27300,27.64,D
sz000400,许继电气,2025-10-10 13:20:18,27.63,22600,27.63,U
sz000400,许继电气,2025-10-10 13:20:21,27.63,29700,27.63,U
sz000400,许继电气,2025-10-10 13:20:24,27.63,15500,27.63,U
sz000400,许继电气,2025-10-10 13:20:27,27.64,10600,27.63,U
sz000400,许继电气,2025-10-10 13:20:30,27.63,61500,27.64,D
sz000400,许继电气,2025-10-10 13:20:36,27.63,7600,27.64,D
sz000400,许继电气,2025-10-10 13:20:45,27.62,14900,27.63,D
sz000400,许继电气,2025-10-10 13:20:48,27.64,50000,27.62,U
sz000400,许继电气,2025-10-10 13:20:54,27.63,15700,27.63,D
sz000400,许继电气,2025-10-10 13:20:57,27.64,19500,27.63,U
sz000400,许继电气,2025-10-10 13:21:00,27.63,10300,27.64,D
sz000400,许继电气,2025-10-10 13:21:03,27.62,25200,27.63,D
sz000400,许继电气,2025-10-10 13:21:24,27.64,8000,27.64,U
sz000400,许继电气,2025-10-10 13:21:30,27.65,29900,27.64,U
sz000400,许继电气,2025-10-10 13:21:36,27.66,9100,27.66,U
sz000400,许继电气,2025-10-10 13:21:51,27.68,8800,27.68,U
sz000400,许继电气,2025-10-10 13:22:30,27.71,13700,27.7,U
sz000400,许继电气,2025-10-10 13:23:21,27.7,14300,27.71,D
sz000400,许继电气,2025-10-10 13:23:36,27.72,13000,27.71,U
sz000400,许继电气,2025-10-10 13:24:06,27.72,14800,27.72,U
sz000400,许继电气,2025-10-10 13:24:09,27.71,13400,27.72,D
sz000400,许继电气,2025-10-10 13:24:27,27.69,17600,27.7,D
sz000400,许继电气,2025-10-10 13:24:30,27.69,8100,27.69,D
sz000400,许继电气,2025-10-10 13:24:33,27.68,16100,27.69,D
sz000400,许继电气,2025-10-10 13:24:57,27.68,20200,27.68,D
sz000400,许继电气,2025-10-10 13:25:00,27.68,8405,27.68,D
sz000400,许继电气,2025-10-10 13:25:03,27.68,8900,27.68,U
sz000400,许继电气,2025-10-10 13:25:27,27.67,17200,27.68,D
sz000400,许继电气,2025-10-10 13:25:30,27.67,17500,27.67,D
sz000400,许继电气,2025-10-10 13:25:39,27.67,9800,27.66,U
sz000400,许继电气,2025-10-10 13:25:51,27.66,23200,27.67,D
sz000400,许继电气,2025-10-10 13:26:00,27.66,10600,27.66,D
sz000400,许继电气,2025-10-10 13:26:15,27.64,11800,27.66,D
sz000400,许继电气,2025-10-10 13:26:27,27.65,15100,27.65,U
sz000400,许继电气,2025-10-10 13:26:30,27.64,7900,27.65,D
sz000400,许继电气,2025-10-10 13:26:48,27.65,18300,27.64,U
sz000400,许继电气,2025-10-10 13:27:18,27.66,12900,27.65,U
sz000400,许继电气,2025-10-10 13:27:21,27.66,27200,27.66,U
sz000400,许继电气,2025-10-10 13:27:36,27.67,10700,27.66,U
sz000400,许继电气,2025-10-10 13:28:24,27.7,34300,27.66,U
sz000400,许继电气,2025-10-10 13:28:42,27.68,7500,27.67,U
sz000400,许继电气,2025-10-10 13:28:57,27.7,8200,27.68,U
sz000400,许继电气,2025-10-10 13:30:12,27.68,16100,27.69,D
sz000400,许继电气,2025-10-10 13:30:51,27.67,8300,27.67,D
sz000400,许继电气,2025-10-10 13:31:06,27.66,15400,27.67,D
sz000400,许继电气,2025-10-10 13:31:09,27.67,10000,27.66,U
sz000400,许继电气,2025-10-10 13:31:12,27.67,8100,27.67,U
sz000400,许继电气,2025-10-10 13:31:18,27.67,8600,27.67,U
sz000400,许继电气,2025-10-10 13:31:27,27.68,25700,27.67,U
sz000400,许继电气,2025-10-10 13:31:48,27.69,8900,27.69,U
sz000400,许继电气,2025-10-10 13:31:57,27.7,85600,27.69,U
sz000400,许继电气,2025-10-10 13:32:09,27.7,14900,27.71,D
sz000400,许继电气,2025-10-10 13:32:12,27.72,12500,27.7,U
sz000400,许继电气,2025-10-10 13:32:24,27.72,7900,27.72,U
sz000400,许继电气,2025-10-10 13:32:27,27.71,7900,27.72,D
sz000400,许继电气,2025-10-10 13:32:30,27.73,8300,27.71,U
sz000400,许继电气,2025-10-10 13:32:48,27.72,15300,27.73,D
sz000400,许继电气,2025-10-10 13:32:54,27.73,8200,27.73,U
sz000400,许继电气,2025-10-10 13:32:57,27.73,16200,27.73,D
sz000400,许继电气,2025-10-10 13:33:06,27.74,30600,27.73,U
sz000400,许继电气,2025-10-10 13:33:15,27.74,21800,27.75,D
sz000400,许继电气,2025-10-10 13:33:18,27.75,11000,27.74,U
sz000400,许继电气,2025-10-10 13:33:39,27.76,8100,27.75,U
sz000400,许继电气,2025-10-10 13:33:42,27.76,19100,27.76,U
sz000400,许继电气,2025-10-10 13:34:00,27.75,7300,27.75,U
sz000400,许继电气,2025-10-10 13:34:39,27.74,15200,27.75,D
sz000400,许继电气,2025-10-10 13:34:51,27.75,22000,27.75,D
sz000400,许继电气,2025-10-10 13:35:06,27.75,10900,27.75,D
sz000400,许继电气,2025-10-10 13:35:09,27.74,10800,27.75,D
sz000400,许继电气,2025-10-10 13:35:24,27.75,39900,27.75,U
sz000400,许继电气,2025-10-10 13:35:51,27.76,7500,27.75,U
sz000400,许继电气,2025-10-10 13:36:21,27.73,25700,27.74,D
sz000400,许继电气,2025-10-10 13:36:51,27.7,7300,27.7,D
sz000400,许继电气,2025-10-10 13:36:54,27.7,10900,27.7,D
sz000400,许继电气,2025-10-10 13:37:00,27.7,12500,27.7,U
sz000400,许继电气,2025-10-10 13:37:03,27.69,12800,27.7,D
sz000400,许继电气,2025-10-10 13:37:15,27.69,15100,27.7,D
sz000400,许继电气,2025-10-10 13:37:18,27.7,7900,27.69,E
sz000400,许继电气,2025-10-10 13:37:27,27.69,15900,27.7,D
sz000400,许继电气,2025-10-10 13:37:33,27.68,11000,27.69,D
sz000400,许继电气,2025-10-10 13:38:06,27.69,11200,27.69,D
sz000400,许继电气,2025-10-10 13:38:24,27.69,58600,27.69,D
sz000400,许继电气,2025-10-10 13:38:30,27.68,31800,27.69,D
sz000400,许继电气,2025-10-10 13:38:33,27.68,8300,27.68,D
sz000400,许继电气,2025-10-10 13:38:39,27.68,8700,27.69,D
sz000400,许继电气,2025-10-10 13:39:00,27.69,23800,27.68,U
sz000400,许继电气,2025-10-10 13:39:09,27.68,15800,27.68,D
sz000400,许继电气,2025-10-10 13:39:18,27.68,12500,27.68,D
sz000400,许继电气,2025-10-10 13:39:39,27.68,7900,27.69,D
sz000400,许继电气,2025-10-10 13:39:42,27.68,13300,27.68,D
sz000400,许继电气,2025-10-10 13:39:51,27.68,10400,27.68,U
sz000400,许继电气,2025-10-10 13:40:03,27.67,7400,27.67,D
sz000400,许继电气,2025-10-10 13:40:06,27.67,13000,27.67,D
sz000400,许继电气,2025-10-10 13:40:09,27.65,62500,27.67,D
sz000400,许继电气,2025-10-10 13:40:15,27.66,34300,27.66,U
sz000400,许继电气,2025-10-10 13:40:27,27.66,32363,27.66,U
sz000400,许继电气,2025-10-10 13:40:30,27.65,20600,27.66,D
sz000400,许继电气,2025-10-10 13:40:36,27.66,8000,27.67,E
sz000400,许继电气,2025-10-10 13:40:45,27.66,8000,27.66,D
sz000400,许继电气,2025-10-10 13:40:48,27.66,13600,27.66,D
sz000400,许继电气,2025-10-10 13:41:00,27.66,9800,27.66,D
sz000400,许继电气,2025-10-10 13:41:03,27.65,8900,27.66,D
sz000400,许继电气,2025-10-10 13:41:24,27.66,8900,27.66,U
sz000400,许继电气,2025-10-10 13:41:36,27.65,7400,27.65,D
sz000400,许继电气,2025-10-10 13:41:48,27.65,7400,27.65,D
sz000400,许继电气,2025-10-10 13:41:54,27.65,11200,27.66,D
sz000400,许继电气,2025-10-10 13:42:00,27.65,10400,27.65,D
sz000400,许继电气,2025-10-10 13:42:24,27.64,7800,27.64,D
sz000400,许继电气,2025-10-10 13:42:27,27.64,15400,27.64,D
sz000400,许继电气,2025-10-10 13:42:30,27.65,27700,27.64,U
sz000400,许继电气,2025-10-10 13:42:45,27.63,55700,27.63,D
sz000400,许继电气,2025-10-10 13:42:54,27.63,9200,27.63,U
sz000400,许继电气,2025-10-10 13:42:57,27.62,13600,27.63,D
sz000400,许继电气,2025-10-10 13:43:00,27.62,7900,27.62,D
sz000400,许继电气,2025-10-10 13:43:03,27.62,9600,27.62,D
sz000400,许继电气,2025-10-10 13:43:12,27.62,8200,27.62,D
sz000400,许继电气,2025-10-10 13:43:15,27.62,16900,27.62,D
sz000400,许继电气,2025-10-10 13:43:24,27.62,11900,27.62,D
sz000400,许继电气,2025-10-10 13:43:27,27.63,13100,27.62,U
sz000400,许继电气,2025-10-10 13:43:33,27.64,7700,27.63,U
sz000400,许继电气,2025-10-10 13:43:36,27.63,17300,27.64,D
sz000400,许继电气,2025-10-10 13:44:00,27.63,22400,27.63,D
sz000400,许继电气,2025-10-10 13:44:03,27.63,10800,27.63,D
sz000400,许继电气,2025-10-10 13:44:09,27.64,13600,27.64,U
sz000400,许继电气,2025-10-10 13:44:12,27.64,7763,27.64,U
sz000400,许继电气,2025-10-10 13:44:21,27.63,7500,27.63,D
sz000400,许继电气,2025-10-10 13:44:42,27.63,9800,27.63,D
sz000400,许继电气,2025-10-10 13:44:48,27.63,22400,27.63,U
sz000400,许继电气,2025-10-10 13:45:24,27.63,16200,27.64,D
sz000400,许继电气,2025-10-10 13:45:42,27.64,14300,27.63,U
sz000400,许继电气,2025-10-10 13:45:51,27.63,12500,27.64,D
sz000400,许继电气,2025-10-10 13:45:57,27.63,48300,27.64,D
sz000400,许继电气,2025-10-10 13:46:03,27.65,67263,27.63,U
sz000400,许继电气,2025-10-10 13:46:15,27.66,22500,27.66,U
sz000400,许继电气,2025-10-10 13:46:24,27.67,25500,27.66,U
sz000400,许继电气,2025-10-10 13:46:30,27.68,7300,27.67,U
sz000400,许继电气,2025-10-10 13:47:03,27.68,19000,27.69,D
sz000400,许继电气,2025-10-10 13:47:15,27.69,15400,27.69,U
sz000400,许继电气,2025-10-10 13:47:33,27.69,9900,27.7,D
sz000400,许继电气,2025-10-10 13:47:45,27.7,50700,27.69,U
sz000400,许继电气,2025-10-10 13:47:48,27.7,8400,27.7,U
sz000400,许继电气,2025-10-10 13:47:54,27.7,9600,27.7,U
sz000400,许继电气,2025-10-10 13:48:00,27.68,16400,27.7,D
sz000400,许继电气,2025-10-10 13:48:24,27.67,7600,27.68,D
sz000400,许继电气,2025-10-10 13:48:30,27.68,22500,27.68,U
sz000400,许继电气,2025-10-10 13:48:36,27.67,19100,27.68,D
sz000400,许继电气,2025-10-10 13:48:39,27.68,14500,27.67,U
sz000400,许继电气,2025-10-10 13:48:48,27.65,50900,27.67,D
sz000400,许继电气,2025-10-10 13:49:03,27.65,10900,27.65,D
sz000400,许继电气,2025-10-10 13:49:06,27.66,21700,27.65,U
sz000400,许继电气,2025-10-10 13:49:09,27.66,11300,27.66,U
sz000400,许继电气,2025-10-10 13:49:45,27.66,7900,27.67,D
sz000400,许继电气,2025-10-10 13:49:48,27.67,10400,27.66,U
sz000400,许继电气,2025-10-10 13:49:51,27.67,10100,27.67,D
sz000400,许继电气,2025-10-10 13:50:00,27.68,12000,27.67,U
sz000400,许继电气,2025-10-10 13:50:09,27.68,16900,27.68,U
sz000400,许继电气,2025-10-10 13:50:39,27.69,7500,27.69,U
sz000400,许继电气,2025-10-10 13:51:03,27.69,55500,27.7,D
sz000400,许继电气,2025-10-10 13:51:21,27.67,8400,27.67,D
sz000400,许继电气,2025-10-10 13:51:24,27.67,7700,27.67,U
sz000400,许继电气,2025-10-10 13:51:27,27.67,7700,27.67,U
sz000400,许继电气,2025-10-10 13:51:36,27.65,10100,27.67,D
sz000400,许继电气,2025-10-10 13:52:03,27.65,8900,27.66,D
sz000400,许继电气,2025-10-10 13:52:06,27.66,11200,27.65,U
sz000400,许继电气,2025-10-10 13:52:30,27.67,16200,27.66,U
sz000400,许继电气,2025-10-10 13:52:39,27.67,8000,27.66,U
sz000400,许继电气,2025-10-10 13:52:45,27.66,12300,27.66,U
sz000400,许继电气,2025-10-10 13:53:06,27.66,57000,27.67,D
sz000400,许继电气,2025-10-10 13:53:42,27.66,10800,27.66,D
sz000400,许继电气,2025-10-10 13:53:48,27.69,87200,27.67,U
sz000400,许继电气,2025-10-10 13:53:54,27.68,27300,27.68,D
sz000400,许继电气,2025-10-10 13:54:00,27.68,7600,27.69,D
sz000400,许继电气,2025-10-10 13:54:06,27.68,54200,27.68,U
sz000400,许继电气,2025-10-10 13:54:12,27.68,11700,27.68,U
sz000400,许继电气,2025-10-10 13:54:18,27.69,22000,27.68,U
sz000400,许继电气,2025-10-10 13:54:21,27.68,42600,27.69,D
sz000400,许继电气,2025-10-10 13:54:39,27.71,12200,27.7,U
sz000400,许继电气,2025-10-10 13:54:51,27.72,21300,27.72,U
sz000400,许继电气,2025-10-10 13:55:09,27.74,19200,27.73,U
sz000400,许继电气,2025-10-10 13:55:12,27.73,50900,27.74,D
sz000400,许继电气,2025-10-10 13:55:15,27.74,7500,27.73,U
sz000400,许继电气,2025-10-10 13:55:24,27.74,13900,27.74,U
sz000400,许继电气,2025-10-10 13:55:39,27.75,13600,27.75,U
sz000400,许继电气,2025-10-10 13:55:42,27.75,7300,27.75,U
sz000400,许继电气,2025-10-10 13:55:51,27.76,10500,27.75,U
sz000400,许继电气,2025-10-10 13:56:03,27.76,7700,27.76,U
sz000400,许继电气,2025-10-10 13:56:06,27.74,33200,27.76,D
sz000400,许继电气,2025-10-10 13:56:09,27.77,24100,27.74,U
sz000400,许继电气,2025-10-10 13:56:18,27.74,24300,27.76,D
sz000400,许继电气,2025-10-10 13:56:42,27.74,23500,27.74,D
sz000400,许继电气,2025-10-10 13:57:12,27.74,81500,27.73,U
sz000400,许继电气,2025-10-10 13:57:33,27.73,8500,27.74,D
sz000400,许继电气,2025-10-10 13:57:39,27.72,17000,27.73,D
sz000400,许继电气,2025-10-10 13:57:45,27.72,66500,27.72,D
sz000400,许继电气,2025-10-10 13:57:57,27.72,7500,27.72,U
sz000400,许继电气,2025-10-10 13:58:00,27.72,9700,27.72,U
sz000400,许继电气,2025-10-10 13:58:27,27.74,9300,27.73,U
sz000400,许继电气,2025-10-10 13:58:42,27.75,9600,27.75,U
sz000400,许继电气,2025-10-10 13:59:18,27.75,67100,27.73,U
sz000400,许继电气,2025-10-10 13:59:21,27.75,14900,27.75,U
sz000400,许继电气,2025-10-10 13:59:24,27.74,8600,27.75,D
sz000400,许继电气,2025-10-10 14:00:06,27.75,15300,27.74,U
sz000400,许继电气,2025-10-10 14:00:09,27.74,12500,27.75,D
sz000400,许继电气,2025-10-10 14:00:12,27.74,15800,27.74,D
sz000400,许继电气,2025-10-10 14:00:21,27.74,15200,27.74,U
sz000400,许继电气,2025-10-10 14:00:24,27.74,21200,27.74,D
sz000400,许继电气,2025-10-10 14:00:27,27.74,9100,27.74,D
sz000400,许继电气,2025-10-10 14:00:39,27.73,12900,27.74,D
sz000400,许继电气,2025-10-10 14:00:42,27.74,29700,27.73,U
sz000400,许继电气,2025-10-10 14:00:57,27.73,7500,27.74,D
sz000400,许继电气,2025-10-10 14:01:00,27.74,52700,27.73,U
sz000400,许继电气,2025-10-10 14:01:09,27.74,7300,27.74,U
sz000400,许继电气,2025-10-10 14:01:24,27.73,129300,27.74,D
sz000400,许继电气,2025-10-10 14:01:36,27.73,12800,27.73,U
sz000400,许继电气,2025-10-10 14:01:39,27.7,50600,27.73,D
sz000400,许继电气,2025-10-10 14:01:45,27.7,13600,27.72,D
sz000400,许继电气,2025-10-10 14:01:57,27.69,20400,27.7,D
sz000400,许继电气,2025-10-10 14:02:15,27.69,7500,27.69,U
sz000400,许继电气,2025-10-10 14:02:27,27.7,20500,27.7,U
sz000400,许继电气,2025-10-10 14:02:33,27.69,13400,27.7,D
sz000400,许继电气,2025-10-10 14:02:42,27.69,14700,27.7,D
sz000400,许继电气,2025-10-10 14:03:06,27.7,9700,27.69,U
sz000400,许继电气,2025-10-10 14:03:21,27.69,8300,27.7,D
sz000400,许继电气,2025-10-10 14:03:42,27.69,13600,27.7,D
sz000400,许继电气,2025-10-10 14:03:54,27.69,11000,27.69,D
sz000400,许继电气,2025-10-10 14:04:00,27.67,182700,27.7,D
sz000400,许继电气,2025-10-10 14:04:03,27.67,24700,27.67,D
sz000400,许继电气,2025-10-10 14:04:06,27.68,7600,27.67,U
sz000400,许继电气,2025-10-10 14:04:12,27.67,26300,27.67,D
sz000400,许继电气,2025-10-10 14:04:15,27.67,15500,27.67,U
sz000400,许继电气,2025-10-10 14:04:18,27.67,8000,27.67,U
sz000400,许继电气,2025-10-10 14:04:24,27.67,21500,27.67,U
sz000400,许继电气,2025-10-10 14:04:36,27.68,9200,27.68,U
sz000400,许继电气,2025-10-10 14:04:39,27.67,11100,27.68,D
sz000400,许继电气,2025-10-10 14:04:42,27.67,8000,27.67,D
sz000400,许继电气,2025-10-10 14:04:45,27.68,9700,27.67,U
sz000400,许继电气,2025-10-10 14:04:51,27.67,21100,27.68,D
sz000400,许继电气,2025-10-10 14:05:00,27.68,35900,27.68,U
sz000400,许继电气,2025-10-10 14:05:03,27.68,10800,27.68,D
sz000400,许继电气,2025-10-10 14:05:06,27.68,10000,27.68,D
sz000400,许继电气,2025-10-10 14:05:09,27.68,10300,27.68,D
sz000400,许继电气,2025-10-10 14:05:30,27.68,11500,27.68,U
