symbol,name,ticktime,price,volume,prev_price,kind
sz000400,许继电气,2025-10-21 09:25:00,25.06,166100,0.0,U
sz000400,许继电气,2025-10-21 09:30:00,25.06,12600,25.06,U
sz000400,许继电气,2025-10-21 09:30:03,25.06,93800,25.06,U
sz000400,许继电气,2025-10-21 09:30:06,25.06,52200,25.06,D
sz000400,许继电气,2025-10-21 09:30:09,25.06,9400,25.06,D
sz000400,许继电气,2025-10-21 09:30:12,25.06,62500,25.06,D
sz000400,许继电气,2025-10-21 09:30:15,25.02,22600,25.06,D
sz000400,许继电气,2025-10-21 09:30:18,25.01,26600,25.02,D
sz000400,许继电气,2025-10-21 09:30:21,24.97,38800,25.01,D
sz000400,许继电气,2025-10-21 09:30:24,24.96,10000,24.97,D
sz000400,许继电气,2025-10-21 09:30:30,24.92,30700,24.92,D
sz000400,许继电气,2025-10-21 09:30:33,24.92,35400,24.92,D
sz000400,许继电气,2025-10-21 09:30:36,24.94,44500,24.92,U
sz000400,许继电气,2025-10-21 09:30:39,24.96,23300,24.94,U
sz000400,许继电气,2025-10-21 09:30:42,24.97,17100,24.96,U
sz000400,许继电气,2025-10-21 09:30:45,24.97,9900,24.97,U
sz000400,许继电气,2025-10-21 09:30:48,24.93,64300,24.97,D
sz000400,许继电气,2025-10-21 09:30:51,24.92,41400,24.93,D
sz000400,许继电气,2025-10-21 09:30:54,24.91,14100,24.92,U
sz000400,许继电气,2025-10-21 09:30:57,24.91,21400,24.91,U
sz000400,许继电气,2025-10-21 09:31:00,24.89,10200,24.91,D
sz000400,许继电气,2025-10-21 09:31:03,24.86,13300,24.89,D
sz000400,许继电气,2025-10-21 09:31:06,24.88,12200,24.86,U
sz000400,许继电气,2025-10-21 09:31:09,24.86,11500,24.88,D
sz000400,许继电气,2025-10-21 09:31:12,24.86,8900,24.86,U
sz000400,许继电气,2025-10-21 09:31:15,24.89,68800,24.86,U
sz000400,许继电气,2025-10-21 09:31:18,24.92,47700,24.89,U
sz000400,许继电气,2025-10-21 09:31:30,25.07,10900,25.01,U
sz000400,许继电气,2025-10-21 09:31:39,25.14,9200,25.11,U
sz000400,许继电气,2025-10-21 09:31:42,25.14,25900,25.14,D
sz000400,许继电气,2025-10-21 09:31:45,25.2,8300,25.14,U
sz000400,许继电气,2025-10-21 09:31:48,25.21,20200,25.2,U
sz000400,许继电气,2025-10-21 09:31:51,25.2,16580,25.21,D
sz000400,许继电气,2025-10-21 09:31:54,25.24,22000,25.2,U
sz000400,许继电气,2025-10-21 09:31:57,25.23,19800,25.24,D
sz000400,许继电气,2025-10-21 09:32:00,25.23,8400,25.23,D
sz000400,许继电气,2025-10-21 09:32:03,25.24,72900,25.23,U
sz000400,许继电气,2025-10-21 09:32:06,25.32,40400,25.24,U
sz000400,许继电气,2025-10-21 09:32:09,25.34,12100,25.32,E
sz000400,许继电气,2025-10-21 09:32:12,25.36,78600,25.34,U
sz000400,许继电气,2025-10-21 09:32:15,25.41,20900,25.36,U
sz000400,许继电气,2025-10-21 09:32:21,25.35,15400,25.35,D
sz000400,许继电气,2025-10-21 09:32:24,25.41,44100,25.35,U
sz000400,许继电气,2025-10-21 09:32:27,25.35,62900,25.41,D
sz000400,许继电气,2025-10-21 09:32:30,25.4,32400,25.35,U
sz000400,许继电气,2025-10-21 09:32:33,25.37,19000,25.4,D
sz000400,许继电气,2025-10-21 09:32:36,25.38,14500,25.37,U
sz000400,许继电气,2025-10-21 09:32:39,25.37,17400,25.38,D
sz000400,许继电气,2025-10-21 09:32:42,25.38,101500,25.37,U
sz000400,许继电气,2025-10-21 09:32:45,25.39,27000,25.38,D
sz000400,许继电气,2025-10-21 09:32:48,25.41,65800,25.39,U
sz000400,许继电气,2025-10-21 09:32:51,25.43,14500,25.41,U
sz000400,许继电气,2025-10-21 09:32:54,25.39,45200,25.43,D
sz000400,许继电气,2025-10-21 09:32:57,25.46,144900,25.39,U
sz000400,许继电气,2025-10-21 09:33:00,25.46,46500,25.46,U
sz000400,许继电气,2025-10-21 09:33:03,25.46,18300,25.46,D
sz000400,许继电气,2025-10-21 09:33:06,25.49,44800,25.46,U
sz000400,许继电气,2025-10-21 09:33:09,25.47,21900,25.49,U
sz000400,许继电气,2025-10-21 09:33:12,25.47,23800,25.47,D
sz000400,许继电气,2025-10-21 09:33:15,25.47,47100,25.47,D
sz000400,许继电气,2025-10-21 09:33:18,25.48,36600,25.47,U
sz000400,许继电气,2025-10-21 09:33:21,25.46,67600,25.48,D
sz000400,许继电气,2025-10-21 09:33:24,25.53,165100,25.46,U
sz000400,许继电气,2025-10-21 09:33:27,25.52,79400,25.53,D
sz000400,许继电气,2025-10-21 09:33:30,25.54,45500,25.52,D
sz000400,许继电气,2025-10-21 09:33:33,25.55,48200,25.54,U
sz000400,许继电气,2025-10-21 09:33:36,25.56,39100,25.55,E
sz000400,许继电气,2025-10-21 09:33:39,25.58,106100,25.56,U
sz000400,许继电气,2025-10-21 09:33:42,25.56,46400,25.58,E
sz000400,许继电气,2025-10-21 09:33:45,25.59,50500,25.56,U
sz000400,许继电气,2025-10-21 09:33:48,25.57,33400,25.59,U
sz000400,许继电气,2025-10-21 09:33:51,25.56,22900,25.57,U
sz000400,许继电气,2025-10-21 09:33:54,25.55,27700,25.56,D
sz000400,许继电气,2025-10-21 09:33:57,25.56,68300,25.55,U
sz000400,许继电气,2025-10-21 09:34:00,25.51,36000,25.56,D
sz000400,许继电气,2025-10-21 09:34:03,25.45,34700,25.51,D
sz000400,许继电气,2025-10-21 09:34:06,25.39,14100,25.45,D
sz000400,许继电气,2025-10-21 09:34:09,25.42,10400,25.39,U
sz000400,许继电气,2025-10-21 09:34:12,25.4,13700,25.42,E
sz000400,许继电气,2025-10-21 09:34:15,25.4,21600,25.4,D
sz000400,许继电气,2025-10-21 09:34:18,25.39,38800,25.4,D
sz000400,许继电气,2025-10-21 09:34:21,25.38,13700,25.39,D
sz000400,许继电气,2025-10-21 09:34:24,25.42,73000,25.38,U
sz000400,许继电气,2025-10-21 09:34:27,25.47,70400,25.42,U
sz000400,许继电气,2025-10-21 09:34:30,25.44,26700,25.47,D
sz000400,许继电气,2025-10-21 09:34:33,25.44,82900,25.44,D
sz000400,许继电气,2025-10-21 09:34:36,25.4,63800,25.44,D
sz000400,许继电气,2025-10-21 09:34:39,25.4,16100,25.4,D
sz000400,许继电气,2025-10-21 09:34:42,25.44,82000,25.4,U
sz000400,许继电气,2025-10-21 09:34:45,25.44,15800,25.44,U
sz000400,许继电气,2025-10-21 09:34:48,25.43,37900,25.44,D
sz000400,许继电气,2025-10-21 09:34:54,25.39,68100,25.4,D
sz000400,许继电气,2025-10-21 09:34:57,25.39,54300,25.39,U
sz000400,许继电气,2025-10-21 09:35:06,25.35,15800,25.35,D
sz000400,许继电气,2025-10-21 09:35:09,25.34,31400,25.35,D
sz000400,许继电气,2025-10-21 09:35:12,25.34,39600,25.34,U
sz000400,许继电气,2025-10-21 09:35:15,25.35,14500,25.34,U
sz000400,许继电气,2025-10-21 09:35:18,25.34,15600,25.35,D
sz000400,许继电气,2025-10-21 09:35:21,25.35,10700,25.34,U
sz000400,许继电气,2025-10-21 09:35:24,25.35,31200,25.35,U
sz000400,许继电气,2025-10-21 09:35:33,25.35,12600,25.34,U
sz000400,许继电气,2025-10-21 09:35:36,25.35,12100,25.35,U
sz000400,许继电气,2025-10-21 09:35:39,25.35,8500,25.35,U
sz000400,许继电气,2025-10-21 09:35:42,25.36,33300,25.35,U
sz000400,许继电气,2025-10-21 09:35:45,25.35,11400,25.36,D
sz000400,许继电气,2025-10-21 09:35:48,25.35,57500,25.35,D
sz000400,许继电气,2025-10-21 09:35:54,25.34,20500,25.35,D
sz000400,许继电气,2025-10-21 09:35:57,25.33,47000,25.34,D
sz000400,许继电气,2025-10-21 09:36:03,25.33,20600,25.34,D
sz000400,许继电气,2025-10-21 09:36:06,25.33,31400,25.33,U
sz000400,许继电气,2025-10-21 09:36:12,25.38,24150,25.34,U
sz000400,许继电气,2025-10-21 09:36:15,25.38,21600,25.38,U
sz000400,许继电气,2025-10-21 09:36:18,25.43,41200,25.38,U
sz000400,许继电气,2025-10-21 09:36:21,25.45,76400,25.43,U
sz000400,许继电气,2025-10-21 09:36:24,25.45,8500,25.45,D
sz000400,许继电气,2025-10-21 09:36:27,25.45,11900,25.45,D
sz000400,许继电气,2025-10-21 09:36:30,25.48,30100,25.45,U
sz000400,许继电气,2025-10-21 09:36:33,25.51,85000,25.48,U
sz000400,许继电气,2025-10-21 09:36:36,25.5,13000,25.51,E
sz000400,许继电气,2025-10-21 09:36:39,25.5,9800,25.5,D
sz000400,许继电气,2025-10-21 09:36:42,25.52,79500,25.5,U
sz000400,许继电气,2025-10-21 09:36:45,25.56,201000,25.52,U
sz000400,许继电气,2025-10-21 09:36:48,25.57,87600,25.56,U
sz000400,许继电气,2025-10-21 09:36:51,25.58,71800,25.57,U
sz000400,许继电气,2025-10-21 09:36:54,25.63,442289,25.58,U
sz000400,许继电气,2025-10-21 09:36:57,25.61,43600,25.63,E
sz000400,许继电气,2025-10-21 09:37:00,25.63,156700,25.61,U
sz000400,许继电气,2025-10-21 09:37:03,25.61,83900,25.63,D
sz000400,许继电气,2025-10-21 09:37:06,25.63,67100,25.61,U
sz000400,许继电气,2025-10-21 09:37:09,25.62,169200,25.63,D
sz000400,许继电气,2025-10-21 09:37:12,25.63,25600,25.62,D
sz000400,许继电气,2025-10-21 09:37:15,25.64,39400,25.63,U
sz000400,许继电气,2025-10-21 09:37:18,25.63,62300,25.64,D
sz000400,许继电气,2025-10-21 09:37:21,25.67,241007,25.63,U
sz000400,许继电气,2025-10-21 09:37:24,25.66,133900,25.67,D
sz000400,许继电气,2025-10-21 09:37:27,25.66,54100,25.66,D
sz000400,许继电气,2025-10-21 09:37:30,25.65,60600,25.66,D
sz000400,许继电气,2025-10-21 09:37:33,25.65,35600,25.65,D
sz000400,许继电气,2025-10-21 09:37:36,25.63,31800,25.65,D
sz000400,许继电气,2025-10-21 09:37:39,25.64,61100,25.63,U
sz000400,许继电气,2025-10-21 09:37:42,25.65,54100,25.64,U
sz000400,许继电气,2025-10-21 09:37:45,25.64,75800,25.65,D
sz000400,许继电气,2025-10-21 09:37:48,25.64,21400,25.64,U
sz000400,许继电气,2025-10-21 09:37:51,25.63,44700,25.64,D
sz000400,许继电气,2025-10-21 09:37:54,25.62,72500,25.63,D
sz000400,许继电气,2025-10-21 09:37:57,25.62,63600,25.62,D
sz000400,许继电气,2025-10-21 09:38:00,25.61,64900,25.62,D
sz000400,许继电气,2025-10-21 09:38:03,25.62,15600,25.61,U
sz000400,许继电气,2025-10-21 09:38:06,25.6,48800,25.62,D
sz000400,许继电气,2025-10-21 09:38:09,25.61,23100,25.6,U
sz000400,许继电气,2025-10-21 09:38:12,25.58,91311,25.61,D
sz000400,许继电气,2025-10-21 09:38:15,25.57,11500,25.58,D
sz000400,许继电气,2025-10-21 09:38:18,25.57,20500,25.57,D
sz000400,许继电气,2025-10-21 09:38:21,25.58,13600,25.57,U
sz000400,许继电气,2025-10-21 09:38:27,25.56,37600,25.57,D
sz000400,许继电气,2025-10-21 09:38:30,25.55,86800,25.56,D
sz000400,许继电气,2025-10-21 09:38:36,25.53,14500,25.55,D
sz000400,许继电气,2025-10-21 09:38:42,25.53,20900,25.53,U
sz000400,许继电气,2025-10-21 09:38:45,25.52,15700,25.53,D
sz000400,许继电气,2025-10-21 09:38:48,25.52,12200,25.52,D
sz000400,许继电气,2025-10-21 09:38:51,25.53,11500,25.52,E
sz000400,许继电气,2025-10-21 09:38:54,25.52,24800,25.53,D
sz000400,许继电气,2025-10-21 09:38:57,25.52,16500,25.52,U
sz000400,许继电气,2025-10-21 09:39:00,25.5,26500,25.52,D
sz000400,许继电气,2025-10-21 09:39:09,25.45,18700,25.47,D
sz000400,许继电气,2025-10-21 09:39:12,25.44,11700,25.45,D
sz000400,许继电气,2025-10-21 09:39:15,25.39,25200,25.44,D
sz000400,许继电气,2025-10-21 09:39:18,25.38,14400,25.39,D
sz000400,许继电气,2025-10-21 09:39:21,25.38,9200,25.38,E
sz000400,许继电气,2025-10-21 09:39:24,25.38,24600,25.38,U
sz000400,许继电气,2025-10-21 09:39:27,25.36,90700,25.38,D
sz000400,许继电气,2025-10-21 09:39:30,25.38,39700,25.36,U
sz000400,许继电气,2025-10-21 09:39:33,25.37,30000,25.38,D
sz000400,许继电气,2025-10-21 09:39:36,25.38,22100,25.37,U
sz000400,许继电气,2025-10-21 09:39:39,25.38,14800,25.38,U
sz000400,许继电气,2025-10-21 09:39:45,25.39,11000,25.38,E
sz000400,许继电气,2025-10-21 09:39:51,25.38,123200,25.4,D
sz000400,许继电气,2025-10-21 09:39:54,25.38,8000,25.38,U
sz000400,许继电气,2025-10-21 09:39:57,25.41,62700,25.38,U
sz000400,许继电气,2025-10-21 09:40:06,25.42,10100,25.41,U
sz000400,许继电气,2025-10-21 09:40:09,25.45,9300,25.42,U
sz000400,许继电气,2025-10-21 09:40:15,25.43,11500,25.44,D
sz000400,许继电气,2025-10-21 09:40:18,25.43,17100,25.43,U
sz000400,许继电气,2025-10-21 09:40:21,25.43,12600,25.43,U
sz000400,许继电气,2025-10-21 09:40:24,25.43,42800,25.43,E
sz000400,许继电气,2025-10-21 09:40:30,25.4,22600,25.42,D
sz000400,许继电气,2025-10-21 09:40:33,25.4,31500,25.4,D
sz000400,许继电气,2025-10-21 09:40:45,25.41,17900,25.41,D
sz000400,许继电气,2025-10-21 09:40:48,25.4,10900,25.41,D
sz000400,许继电气,2025-10-21 09:40:51,25.4,26100,25.4,D
sz000400,许继电气,2025-10-21 09:41:00,25.4,13000,25.4,D
sz000400,许继电气,2025-10-21 09:41:09,25.41,11400,25.4,U
sz000400,许继电气,2025-10-21 09:41:15,25.41,40400,25.41,D
sz000400,许继电气,2025-10-21 09:41:24,25.43,8200,25.43,D
sz000400,许继电气,2025-10-21 09:41:54,25.44,21800,25.44,D
sz000400,许继电气,2025-10-21 09:41:57,25.44,8600,25.44,U
sz000400,许继电气,2025-10-21 09:42:03,25.44,11200,25.44,U
sz000400,许继电气,2025-10-21 09:42:06,25.45,16400,25.44,U
sz000400,许继电气,2025-10-21 09:42:09,25.45,10900,25.45,D
sz000400,许继电气,2025-10-21 09:42:12,25.47,9300,25.45,U
sz000400,许继电气,2025-10-21 09:42:15,25.46,19200,25.47,D
sz000400,许继电气,2025-10-21 09:42:18,25.45,11600,25.46,D
sz000400,许继电气,2025-10-21 09:42:30,25.46,12500,25.44,U
sz000400,许继电气,2025-10-21 09:42:33,25.45,16700,25.46,D
sz000400,许继电气,2025-10-21 09:42:39,25.44,46300,25.46,D
sz000400,许继电气,2025-10-21 09:42:42,25.45,13800,25.44,D
sz000400,许继电气,2025-10-21 09:42:48,25.45,8200,25.45,U
sz000400,许继电气,2025-10-21 09:42:51,25.45,16400,25.45,U
sz000400,许继电气,2025-10-21 09:42:57,25.46,8800,25.45,U
sz000400,许继电气,2025-10-21 09:43:00,25.46,8400,25.46,U
sz000400,许继电气,2025-10-21 09:43:03,25.5,43400,25.46,U
sz000400,许继电气,2025-10-21 09:43:06,25.49,12200,25.5,D
sz000400,许继电气,2025-10-21 09:43:09,25.51,20700,25.49,U
sz000400,许继电气,2025-10-21 09:43:18,25.53,19200,25.52,U
sz000400,许继电气,2025-10-21 09:43:21,25.53,14600,25.53,U
sz000400,许继电气,2025-10-21 09:43:24,25.51,11100,25.53,D
sz000400,许继电气,2025-10-21 09:43:27,25.52,10200,25.51,U
sz000400,许继电气,2025-10-21 09:43:30,25.52,8000,25.52,U
sz000400,许继电气,2025-10-21 09:43:33,25.52,28700,25.52,U
sz000400,许继电气,2025-10-21 09:43:42,25.5,15200,25.51,D
sz000400,许继电气,2025-10-21 09:43:45,25.51,28700,25.5,U
sz000400,许继电气,2025-10-21 09:43:57,25.51,9100,25.51,D
sz000400,许继电气,2025-10-21 09:44:00,25.52,18700,25.51,U
sz000400,许继电气,2025-10-21 09:44:03,25.52,38700,25.52,D
sz000400,许继电气,2025-10-21 09:44:06,25.55,37900,25.52,U
sz000400,许继电气,2025-10-21 09:44:09,25.55,10800,25.55,D
sz000400,许继电气,2025-10-21 09:44:18,25.57,13000,25.56,U
sz000400,许继电气,2025-10-21 09:44:21,25.56,8200,25.57,D
sz000400,许继电气,2025-10-21 09:44:24,25.57,13200,25.56,U
sz000400,许继电气,2025-10-21 09:44:27,25.57,7900,25.57,U
sz000400,许继电气,2025-10-21 09:44:30,25.55,12800,25.57,D
sz000400,许继电气,2025-10-21 09:44:33,25.57,12200,25.55,U
sz000400,许继电气,2025-10-21 09:44:36,25.57,22000,25.57,U
sz000400,许继电气,2025-10-21 09:44:39,25.57,18600,25.57,D
sz000400,许继电气,2025-10-21 09:44:42,25.57,8200,25.57,D
sz000400,许继电气,2025-10-21 09:44:51,25.57,9200,25.57,U
sz000400,许继电气,2025-10-21 09:44:54,25.56,12700,25.57,D
sz000400,许继电气,2025-10-21 09:45:00,25.56,29700,25.57,D
sz000400,许继电气,2025-10-21 09:45:03,25.56,15300,25.56,U
sz000400,许继电气,2025-10-21 09:45:06,25.58,208700,25.56,U
sz000400,许继电气,2025-10-21 09:45:09,25.63,162000,25.58,U
sz000400,许继电气,2025-10-21 09:45:12,25.63,36100,25.63,U
sz000400,许继电气,2025-10-21 09:45:15,25.65,77900,25.63,U
sz000400,许继电气,2025-10-21 09:45:18,25.65,23200,25.65,U
sz000400,许继电气,2025-10-21 09:45:21,25.65,24800,25.65,U
sz000400,许继电气,2025-10-21 09:45:24,25.64,38500,25.65,D
sz000400,许继电气,2025-10-21 09:45:27,25.64,25200,25.64,U
sz000400,许继电气,2025-10-21 09:45:30,25.62,13200,25.64,E
sz000400,许继电气,2025-10-21 09:45:33,25.56,66800,25.62,D
sz000400,许继电气,2025-10-21 09:45:36,25.6,16700,25.56,U
sz000400,许继电气,2025-10-21 09:45:39,25.6,12600,25.6,U
sz000400,许继电气,2025-10-21 09:45:48,25.57,11400,25.56,U
sz000400,许继电气,2025-10-21 09:45:54,25.55,28300,25.57,D
sz000400,许继电气,2025-10-21 09:45:57,25.55,13800,25.55,U
sz000400,许继电气,2025-10-21 09:46:00,25.54,14500,25.55,D
sz000400,许继电气,2025-10-21 09:46:03,25.54,8300,25.54,U
sz000400,许继电气,2025-10-21 09:46:06,25.53,16500,25.54,D
sz000400,许继电气,2025-10-21 09:46:09,25.5,18800,25.53,D
sz000400,许继电气,2025-10-21 09:46:12,25.44,94900,25.5,D
sz000400,许继电气,2025-10-21 09:46:15,25.49,25800,25.44,U
sz000400,许继电气,2025-10-21 09:46:18,25.48,22500,25.49,U
sz000400,许继电气,2025-10-21 09:46:21,25.48,14200,25.48,U
sz000400,许继电气,2025-10-21 09:46:27,25.49,8200,25.51,D
sz000400,许继电气,2025-10-21 09:46:30,25.5,12200,25.49,U
sz000400,许继电气,2025-10-21 09:46:36,25.5,20200,25.48,U
sz000400,许继电气,2025-10-21 09:46:39,25.49,18600,25.5,D
sz000400,许继电气,2025-10-21 09:46:42,25.49,23700,25.49,U
sz000400,许继电气,2025-10-21 09:46:45,25.51,41900,25.49,U
sz000400,许继电气,2025-10-21 09:46:48,25.49,11200,25.51,D
sz000400,许继电气,2025-10-21 09:46:51,25.52,9500,25.49,U
sz000400,许继电气,2025-10-21 09:46:54,25.51,10400,25.52,U
sz000400,许继电气,2025-10-21 09:46:57,25.52,8200,25.51,E
sz000400,许继电气,2025-10-21 09:47:00,25.51,11200,25.52,D
sz000400,许继电气,2025-10-21 09:47:03,25.52,8500,25.51,U
sz000400,许继电气,2025-10-21 09:47:06,25.51,42400,25.52,D
sz000400,许继电气,2025-10-21 09:47:09,25.52,9000,25.51,U
sz000400,许继电气,2025-10-21 09:47:12,25.51,15600,25.52,D
sz000400,许继电气,2025-10-21 09:47:15,25.52,14800,25.51,U
sz000400,许继电气,2025-10-21 09:47:18,25.52,18100,25.52,D
sz000400,许继电气,2025-10-21 09:47:21,25.55,22900,25.52,U
sz000400,许继电气,2025-10-21 09:47:24,25.58,21900,25.55,U
sz000400,许继电气,2025-10-21 09:47:27,25.56,21300,25.58,D
sz000400,许继电气,2025-10-21 09:47:36,25.57,8300,25.58,E
sz000400,许继电气,2025-10-21 09:48:00,25.57,13700,25.55,U
sz000400,许继电气,2025-10-21 09:48:03,25.55,8300,25.57,D
sz000400,许继电气,2025-10-21 09:48:06,25.55,12400,25.55,D
sz000400,许继电气,2025-10-21 09:48:21,25.54,15300,25.54,U
sz000400,许继电气,2025-10-21 09:48:24,25.55,11900,25.54,U
sz000400,许继电气,2025-10-21 09:48:30,25.54,11500,25.54,U
sz000400,许继电气,2025-10-21 09:48:36,25.53,28100,25.54,U
sz000400,许继电气,2025-10-21 09:48:45,25.5,10400,25.5,D
sz000400,许继电气,2025-10-21 09:48:51,25.48,22700,25.5,D
sz000400,许继电气,2025-10-21 09:48:57,25.47,8200,25.47,D
sz000400,许继电气,2025-10-21 09:49:00,25.47,8300,25.47,D
sz000400,许继电气,2025-10-21 09:49:06,25.47,17800,25.46,U
sz000400,许继电气,2025-10-21 09:49:09,25.5,47900,25.47,U
sz000400,许继电气,2025-10-21 09:49:15,25.52,10200,25.52,U
sz000400,许继电气,2025-10-21 09:49:18,25.52,9300,25.52,D
sz000400,许继电气,2025-10-21 09:49:21,25.5,15800,25.52,D
sz000400,许继电气,2025-10-21 09:49:27,25.49,10100,25.52,D
sz000400,许继电气,2025-10-21 09:49:36,25.48,42500,25.48,D
sz000400,许继电气,2025-10-21 09:49:51,25.51,19100,25.48,U
sz000400,许继电气,2025-10-21 09:49:54,25.52,23100,25.51,U
sz000400,许继电气,2025-10-21 09:50:03,25.53,8100,25.52,U
sz000400,许继电气,2025-10-21 09:50:09,25.54,16300,25.54,U
sz000400,许继电气,2025-10-21 09:50:12,25.54,12700,25.54,U
sz000400,许继电气,2025-10-21 09:50:27,25.51,8100,25.53,D
sz000400,许继电气,2025-10-21 09:50:51,25.5,8500,25.51,D
sz000400,许继电气,2025-10-21 09:51:00,25.53,54663,25.51,U
sz000400,许继电气,2025-10-21 09:51:03,25.54,11500,25.53,U
sz000400,许继电气,2025-10-21 09:51:12,25.54,11400,25.55,D
sz000400,许继电气,2025-10-21 09:51:15,25.55,50400,25.54,U
sz000400,许继电气,2025-10-21 09:51:18,25.55,44700,25.55,D
sz000400,许继电气,2025-10-21 09:51:21,25.57,12600,25.55,U
sz000400,许继电气,2025-10-21 09:51:24,25.58,12800,25.57,U
sz000400,许继电气,2025-10-21 09:51:30,25.54,42800,25.58,D
sz000400,许继电气,2025-10-21 09:51:39,25.55,10400,25.54,U
sz000400,许继电气,2025-10-21 09:51:45,25.55,24200,25.56,D
sz000400,许继电气,2025-10-21 09:51:51,25.56,8600,25.55,E
sz000400,许继电气,2025-10-21 09:51:54,25.57,12000,25.56,U
sz000400,许继电气,2025-10-21 09:51:57,25.57,12000,25.57,U
sz000400,许继电气,2025-10-21 09:52:00,25.58,31500,25.57,U
sz000400,许继电气,2025-10-21 09:52:03,25.6,53900,25.58,U
sz000400,许继电气,2025-10-21 09:52:06,25.58,19400,25.6,D
sz000400,许继电气,2025-10-21 09:52:09,25.59,36800,25.58,U
sz000400,许继电气,2025-10-21 09:52:12,25.6,56200,25.59,U
sz000400,许继电气,2025-10-21 09:52:15,25.6,9200,25.6,U
sz000400,许继电气,2025-10-21 09:52:21,25.6,41500,25.59,U
sz000400,许继电气,2025-10-21 09:52:24,25.59,18000,25.6,D
sz000400,许继电气,2025-10-21 09:52:39,25.57,17700,25.58,D
sz000400,许继电气,2025-10-21 09:52:48,25.53,93300,25.57,D
sz000400,许继电气,2025-10-21 09:52:54,25.51,50200,25.55,D
sz000400,许继电气,2025-10-21 09:53:00,25.51,13000,25.54,D
sz000400,许继电气,2025-10-21 09:53:06,25.51,13600,25.51,U
sz000400,许继电气,2025-10-21 09:53:09,25.49,35700,25.51,D
sz000400,许继电气,2025-10-21 09:53:24,25.48,18100,25.48,U
sz000400,许继电气,2025-10-21 09:53:30,25.49,26200,25.49,U
sz000400,许继电气,2025-10-21 09:53:39,25.48,11800,25.49,D
sz000400,许继电气,2025-10-21 09:53:45,25.48,10800,25.48,D
sz000400,许继电气,2025-10-21 09:53:51,25.48,14700,25.49,D
sz000400,许继电气,2025-10-21 09:53:54,25.48,35500,25.48,U
sz000400,许继电气,2025-10-21 09:54:00,25.48,10700,25.48,D
sz000400,许继电气,2025-10-21 09:54:06,25.49,21400,25.48,U
sz000400,许继电气,2025-10-21 09:54:09,25.5,8600,25.49,U
sz000400,许继电气,2025-10-21 09:54:21,25.5,8100,25.5,D
sz000400,许继电气,2025-10-21 09:54:36,25.5,31500,25.5,D
sz000400,许继电气,2025-10-21 09:54:45,25.5,11500,25.51,D
sz000400,许继电气,2025-10-21 09:54:54,25.5,8400,25.49,U
sz000400,许继电气,2025-10-21 09:55:00,25.47,8100,25.48,D
sz000400,许继电气,2025-10-21 09:55:03,25.44,54900,25.47,D
sz000400,许继电气,2025-10-21 09:55:15,25.45,24400,25.45,D
sz000400,许继电气,2025-10-21 09:55:18,25.44,8400,25.45,U
sz000400,许继电气,2025-10-21 09:55:27,25.44,8500,25.45,D
sz000400,许继电气,2025-10-21 09:55:30,25.45,10300,25.44,U
sz000400,许继电气,2025-10-21 09:55:54,25.45,19100,25.44,U
sz000400,许继电气,2025-10-21 09:56:03,25.46,9600,25.45,E
sz000400,许继电气,2025-10-21 09:56:36,25.44,9200,25.47,D
sz000400,许继电气,2025-10-21 09:56:42,25.43,8700,25.44,D
sz000400,许继电气,2025-10-21 09:56:48,25.42,8500,25.43,D
sz000400,许继电气,2025-10-21 09:57:06,25.43,11500,25.42,U
sz000400,许继电气,2025-10-21 09:57:09,25.42,21700,25.43,D
sz000400,许继电气,2025-10-21 09:57:12,25.4,112400,25.42,D
sz000400,许继电气,2025-10-21 09:57:15,25.41,11800,25.4,U
sz000400,许继电气,2025-10-21 09:57:33,25.39,13800,25.39,D
sz000400,许继电气,2025-10-21 09:57:45,25.4,38900,25.38,U
sz000400,许继电气,2025-10-21 09:58:03,25.42,42700,25.39,U
sz000400,许继电气,2025-10-21 09:58:15,25.42,14600,25.41,U
sz000400,许继电气,2025-10-21 09:58:18,25.42,36100,25.42,U
sz000400,许继电气,2025-10-21 09:58:24,25.44,15400,25.44,D
sz000400,许继电气,2025-10-21 09:58:42,25.46,10000,25.46,U
sz000400,许继电气,2025-10-21 09:58:54,25.45,9500,25.47,D
sz000400,许继电气,2025-10-21 09:59:18,25.44,38300,25.43,U
sz000400,许继电气,2025-10-21 09:59:21,25.45,16700,25.44,U
sz000400,许继电气,2025-10-21 09:59:24,25.44,11300,25.45,D
sz000400,许继电气,2025-10-21 09:59:48,25.46,15900,25.46,D
sz000400,许继电气,2025-10-21 09:59:57,25.45,10200,25.46,D
sz000400,许继电气,2025-10-21 10:00:24,25.45,11300,25.46,D
sz000400,许继电气,2025-10-21 10:00:27,25.45,14900,25.45,D
sz000400,许继电气,2025-10-21 10:00:30,25.44,11600,25.45,D
sz000400,许继电气,2025-10-21 10:00:57,25.41,8200,25.42,D
sz000400,许继电气,2025-10-21 10:01:21,25.42,59400,25.4,U
sz000400,许继电气,2025-10-21 10:01:27,25.42,19800,25.41,U
sz000400,许继电气,2025-10-21 10:01:30,25.42,42300,25.42,U
sz000400,许继电气,2025-10-21 10:01:33,25.42,62000,25.42,D
sz000400,许继电气,2025-10-21 10:01:48,25.42,19600,25.42,U
sz000400,许继电气,2025-10-21 10:02:09,25.42,13300,25.41,U
sz000400,许继电气,2025-10-21 10:02:15,25.49,164400,25.42,U
sz000400,许继电气,2025-10-21 10:02:18,25.5,60200,25.49,U
sz000400,许继电气,2025-10-21 10:02:24,25.49,33200,25.5,U
sz000400,许继电气,2025-10-21 10:02:27,25.5,9200,25.49,U
sz000400,许继电气,2025-10-21 10:02:30,25.51,21100,25.5,U
sz000400,许继电气,2025-10-21 10:02:42,25.53,11900,25.52,U
sz000400,许继电气,2025-10-21 10:02:45,25.52,14600,25.53,D
sz000400,许继电气,2025-10-21 10:03:00,25.51,8000,25.52,D
sz000400,许继电气,2025-10-21 10:03:06,25.52,8900,25.51,U
sz000400,许继电气,2025-10-21 10:03:12,25.51,10400,25.51,U
sz000400,许继电气,2025-10-21 10:03:27,25.52,61200,25.49,U
sz000400,许继电气,2025-10-21 10:03:30,25.55,179800,25.52,U
sz000400,许继电气,2025-10-21 10:03:33,25.59,83700,25.55,U
sz000400,许继电气,2025-10-21 10:03:39,25.6,81100,25.58,U
sz000400,许继电气,2025-10-21 10:03:42,25.62,175500,25.6,U
sz000400,许继电气,2025-10-21 10:03:45,25.64,80900,25.62,U
sz000400,许继电气,2025-10-21 10:03:48,25.65,27400,25.64,U
sz000400,许继电气,2025-10-21 10:03:51,25.65,27300,25.65,U
sz000400,许继电气,2025-10-21 10:03:54,25.65,100000,25.65,U
sz000400,许继电气,2025-10-21 10:03:57,25.65,131100,25.65,D
sz000400,许继电气,2025-10-21 10:04:00,25.66,36100,25.65,D
sz000400,许继电气,2025-10-21 10:04:03,25.68,35900,25.66,U
sz000400,许继电气,2025-10-21 10:04:06,25.67,157400,25.68,D
sz000400,许继电气,2025-10-21 10:04:09,25.67,19200,25.67,D
sz000400,许继电气,2025-10-21 10:04:12,25.68,84500,25.67,U
sz000400,许继电气,2025-10-21 10:04:15,25.68,41500,25.68,D
sz000400,许继电气,2025-10-21 10:04:18,25.67,30200,25.68,D
sz000400,许继电气,2025-10-21 10:04:21,25.67,46900,25.67,U
sz000400,许继电气,2025-10-21 10:04:24,25.67,22500,25.67,D
sz000400,许继电气,2025-10-21 10:04:27,25.66,34300,25.67,D
sz000400,许继电气,2025-10-21 10:04:30,25.67,20700,25.66,U
sz000400,许继电气,2025-10-21 10:04:33,25.68,65000,25.67,U
sz000400,许继电气,2025-10-21 10:04:36,25.75,493600,25.68,U
sz000400,许继电气,2025-10-21 10:04:39,25.75,131000,25.75,U
sz000400,许继电气,2025-10-21 10:04:42,25.74,49900,25.75,D
sz000400,许继电气,2025-10-21 10:04:45,25.72,31500,25.74,D
sz000400,许继电气,2025-10-21 10:04:48,25.74,16500,25.72,U
sz000400,许继电气,2025-10-21 10:04:51,25.74,83000,25.74,U
sz000400,许继电气,2025-10-21 10:04:54,25.74,27000,25.74,U
sz000400,许继电气,2025-10-21 10:04:57,25.73,17400,25.74,D
sz000400,许继电气,2025-10-21 10:05:00,25.73,30700,25.73,U
sz000400,许继电气,2025-10-21 10:05:03,25.73,31000,25.73,U
sz000400,许继电气,2025-10-21 10:05:06,25.74,38000,25.73,U
sz000400,许继电气,2025-10-21 10:05:09,25.74,41100,25.74,U
sz000400,许继电气,2025-10-21 10:05:12,25.73,57600,25.74,D
sz000400,许继电气,2025-10-21 10:05:15,25.73,32000,25.73,D
sz000400,许继电气,2025-10-21 10:05:18,25.74,28600,25.73,U
sz000400,许继电气,2025-10-21 10:05:21,25.74,26700,25.74,D
sz000400,许继电气,2025-10-21 10:05:24,25.74,55600,25.74,U
sz000400,许继电气,2025-10-21 10:05:27,25.74,8400,25.74,D
sz000400,许继电气,2025-10-21 10:05:30,25.74,44400,25.74,U
sz000400,许继电气,2025-10-21 10:05:33,25.73,42100,25.74,D
sz000400,许继电气,2025-10-21 10:05:36,25.73,20100,25.73,D
sz000400,许继电气,2025-10-21 10:05:39,25.73,32000,25.73,D
sz000400,许继电气,2025-10-21 10:05:42,25.74,62300,25.73,U
sz000400,许继电气,2025-10-21 10:05:45,25.74,171500,25.74,D
sz000400,许继电气,2025-10-21 10:05:48,25.75,36600,25.74,D
sz000400,许继电气,2025-10-21 10:05:51,25.78,30200,25.75,U
sz000400,许继电气,2025-10-21 10:05:54,25.77,29800,25.78,D
sz000400,许继电气,2025-10-21 10:05:57,25.77,13400,25.77,U
sz000400,许继电气,2025-10-21 10:06:00,25.78,13400,25.77,U
sz000400,许继电气,2025-10-21 10:06:03,25.77,45800,25.78,E
sz000400,许继电气,2025-10-21 10:06:09,25.77,42300,25.78,D
sz000400,许继电气,2025-10-21 10:06:12,25.76,32300,25.77,D
sz000400,许继电气,2025-10-21 10:06:15,25.76,9600,25.76,D
sz000400,许继电气,2025-10-21 10:06:18,25.76,24500,25.76,D
sz000400,许继电气,2025-10-21 10:06:21,25.75,43800,25.76,D
sz000400,许继电气,2025-10-21 10:06:24,25.74,38700,25.75,D
sz000400,许继电气,2025-10-21 10:06:27,25.74,11400,25.74,D
sz000400,许继电气,2025-10-21 10:06:30,25.74,12000,25.74,D
sz000400,许继电气,2025-10-21 10:06:33,25.72,19700,25.74,D
sz000400,许继电气,2025-10-21 10:06:36,25.72,11600,25.72,D
sz000400,许继电气,2025-10-21 10:06:39,25.71,16700,25.72,D
sz000400,许继电气,2025-10-21 10:06:45,25.71,17200,25.71,D
sz000400,许继电气,2025-10-21 10:06:48,25.7,9300,25.71,D
sz000400,许继电气,2025-10-21 10:06:51,25.7,19900,25.7,D
sz000400,许继电气,2025-10-21 10:07:00,25.69,9900,25.69,D
sz000400,许继电气,2025-10-21 10:07:03,25.7,120600,25.69,U
sz000400,许继电气,2025-10-21 10:07:06,25.69,23100,25.7,D
sz000400,许继电气,2025-10-21 10:07:09,25.72,49700,25.69,U
sz000400,许继电气,2025-10-21 10:07:12,25.71,58300,25.72,D
sz000400,许继电气,2025-10-21 10:07:15,25.71,19700,25.71,D
sz000400,许继电气,2025-10-21 10:07:18,25.71,11600,25.71,D
sz000400,许继电气,2025-10-21 10:07:30,25.67,27800,25.7,D
sz000400,许继电气,2025-10-21 10:07:36,25.68,10100,25.66,E
sz000400,许继电气,2025-10-21 10:07:48,25.65,15300,25.67,D
sz000400,许继电气,2025-10-21 10:07:51,25.65,23425,25.65,U
sz000400,许继电气,2025-10-21 10:07:57,25.65,12200,25.65,D
sz000400,许继电气,2025-10-21 10:08:06,25.66,9000,25.66,U
sz000400,许继电气,2025-10-21 10:08:09,25.69,21700,25.66,U
sz000400,许继电气,2025-10-21 10:08:15,25.71,31100,25.69,U
sz000400,许继电气,2025-10-21 10:08:27,25.72,8900,25.71,U
sz000400,许继电气,2025-10-21 10:08:33,25.73,48800,25.72,U
sz000400,许继电气,2025-10-21 10:08:36,25.74,7900,25.73,U
sz000400,许继电气,2025-10-21 10:08:39,25.74,10000,25.74,U
sz000400,许继电气,2025-10-21 10:08:45,25.74,13600,25.74,U
sz000400,许继电气,2025-10-21 10:08:48,25.75,19100,25.74,U
sz000400,许继电气,2025-10-21 10:08:51,25.74,7800,25.75,D
sz000400,许继电气,2025-10-21 10:08:54,25.75,28400,25.74,U
sz000400,许继电气,2025-10-21 10:08:57,25.74,12100,25.75,D
sz000400,许继电气,2025-10-21 10:09:03,25.73,12900,25.74,D
sz000400,许继电气,2025-10-21 10:09:12,25.71,33100,25.73,D
sz000400,许继电气,2025-10-21 10:09:21,25.72,10200,25.71,U
sz000400,许继电气,2025-10-21 10:09:36,25.71,19500,25.69,U
sz000400,许继电气,2025-10-21 10:09:39,25.69,8000,25.71,D
sz000400,许继电气,2025-10-21 10:09:48,25.71,7900,25.7,U
sz000400,许继电气,2025-10-21 10:09:51,25.71,10000,25.71,U
sz000400,许继电气,2025-10-21 10:09:54,25.7,14100,25.71,U
sz000400,许继电气,2025-10-21 10:09:57,25.68,13300,25.7,D
sz000400,许继电气,2025-10-21 10:10:09,25.69,9400,25.68,U
sz000400,许继电气,2025-10-21 10:10:18,25.68,16400,25.67,D
sz000400,许继电气,2025-10-21 10:10:30,25.66,15300,25.66,D
sz000400,许继电气,2025-10-21 10:10:48,25.66,9900,25.66,D
sz000400,许继电气,2025-10-21 10:11:00,25.65,7800,25.66,D
sz000400,许继电气,2025-10-21 10:11:12,25.65,8800,25.64,U
sz000400,许继电气,2025-10-21 10:11:15,25.65,13900,25.65,U
sz000400,许继电气,2025-10-21 10:11:18,25.65,11800,25.65,U
sz000400,许继电气,2025-10-21 10:11:30,25.64,17100,25.64,D
sz000400,许继电气,2025-10-21 10:11:33,25.65,8000,25.64,U
sz000400,许继电气,2025-10-21 10:11:36,25.65,7800,25.65,U
sz000400,许继电气,2025-10-21 10:12:06,25.61,8700,25.62,D
sz000400,许继电气,2025-10-21 10:12:30,25.6,8600,25.6,D
sz000400,许继电气,2025-10-21 10:12:33,25.6,8700,25.6,D
sz000400,许继电气,2025-10-21 10:12:48,25.59,13800,25.6,D
sz000400,许继电气,2025-10-21 10:12:54,25.63,61900,25.59,U
sz000400,许继电气,2025-10-21 10:13:18,25.64,9100,25.65,D
sz000400,许继电气,2025-10-21 10:13:30,25.61,8400,25.62,D
sz000400,许继电气,2025-10-21 10:13:36,25.61,15900,25.6,E
sz000400,许继电气,2025-10-21 10:14:00,25.59,11000,25.59,D
sz000400,许继电气,2025-10-21 10:14:09,25.59,8000,25.58,U
sz000400,许继电气,2025-10-21 10:14:12,25.57,17500,25.59,D
sz000400,许继电气,2025-10-21 10:14:18,25.56,11500,25.57,D
sz000400,许继电气,2025-10-21 10:14:30,25.59,90900,25.59,U
sz000400,许继电气,2025-10-21 10:14:48,25.61,15300,25.63,D
sz000400,许继电气,2025-10-21 10:15:00,25.62,39300,25.61,U
sz000400,许继电气,2025-10-21 10:15:06,25.6,25000,25.62,D
sz000400,许继电气,2025-10-21 10:15:09,25.59,23200,25.6,D
sz000400,许继电气,2025-10-21 10:15:12,25.6,107200,25.59,U
sz000400,许继电气,2025-10-21 10:15:27,25.53,50100,25.57,D
sz000400,许继电气,2025-10-21 10:16:36,25.59,14600,25.58,U
sz000400,许继电气,2025-10-21 10:16:51,25.6,10900,25.58,U
sz000400,许继电气,2025-10-21 10:17:21,25.6,16900,25.6,U
sz000400,许继电气,2025-10-21 10:18:03,25.59,34200,25.6,D
sz000400,许继电气,2025-10-21 10:18:06,25.56,14300,25.59,D
sz000400,许继电气,2025-10-21 10:19:30,25.6,20000,25.6,U
sz000400,许继电气,2025-10-21 10:19:33,25.61,10000,25.6,U
sz000400,许继电气,2025-10-21 10:19:48,25.62,9500,25.62,U
sz000400,许继电气,2025-10-21 10:19:54,25.61,9700,25.62,D
sz000400,许继电气,2025-10-21 10:20:18,25.6,18500,25.61,D
sz000400,许继电气,2025-10-21 10:20:21,25.6,29700,25.6,D
sz000400,许继电气,2025-10-21 10:20:24,25.62,16500,25.6,U
sz000400,许继电气,2025-10-21 10:20:30,25.6,10900,25.6,E
sz000400,许继电气,2025-10-21 10:21:00,25.6,12700,25.61,D
sz000400,许继电气,2025-10-21 10:21:03,25.57,16700,25.6,D
sz000400,许继电气,2025-10-21 10:21:51,25.64,102400,25.6,U
sz000400,许继电气,2025-10-21 10:22:15,25.63,8000,25.63,D
sz000400,许继电气,2025-10-21 10:22:18,25.63,10100,25.63,D
sz000400,许继电气,2025-10-21 10:22:30,25.62,11300,25.62,D
sz000400,许继电气,2025-10-21 10:22:51,25.63,25300,25.62,U
sz000400,许继电气,2025-10-21 10:23:03,25.63,16100,25.63,U
sz000400,许继电气,2025-10-21 10:23:09,25.61,8700,25.62,D
sz000400,许继电气,2025-10-21 10:23:27,25.65,192800,25.63,U
sz000400,许继电气,2025-10-21 10:23:30,25.64,12600,25.65,D
sz000400,许继电气,2025-10-21 10:23:57,25.64,18500,25.65,D
sz000400,许继电气,2025-10-21 10:25:12,25.67,48200,25.66,U
sz000400,许继电气,2025-10-21 10:25:15,25.68,11400,25.67,U
sz000400,许继电气,2025-10-21 10:25:21,25.69,10100,25.68,U
sz000400,许继电气,2025-10-21 10:25:42,25.69,10800,25.69,U
sz000400,许继电气,2025-10-21 10:25:45,25.69,13000,25.69,U
sz000400,许继电气,2025-10-21 10:25:48,25.7,22700,25.69,U
sz000400,许继电气,2025-10-21 10:25:54,25.7,14100,25.69,U
sz000400,许继电气,2025-10-21 10:26:06,25.7,10100,25.7,U
sz000400,许继电气,2025-10-21 10:26:33,25.71,9600,25.71,U
sz000400,许继电气,2025-10-21 10:26:42,25.68,8900,25.7,D
sz000400,许继电气,2025-10-21 10:27:12,25.68,7900,25.68,D
sz000400,许继电气,2025-10-21 10:27:15,25.69,19600,25.68,U
sz000400,许继电气,2025-10-21 10:27:27,25.7,50500,25.67,U
sz000400,许继电气,2025-10-21 10:27:36,25.7,12300,25.7,D
sz000400,许继电气,2025-10-21 10:27:39,25.7,9400,25.7,D
sz000400,许继电气,2025-10-21 10:27:48,25.69,20300,25.71,D
sz000400,许继电气,2025-10-21 10:27:51,25.7,16600,25.69,U
sz000400,许继电气,2025-10-21 10:28:00,25.7,16600,25.7,U
sz000400,许继电气,2025-10-21 10:28:03,25.7,13800,25.7,D
sz000400,许继电气,2025-10-21 10:28:06,25.7,8300,25.7,D
sz000400,许继电气,2025-10-21 10:28:12,25.71,22100,25.7,U
sz000400,许继电气,2025-10-21 10:28:15,25.71,12000,25.71,D
sz000400,许继电气,2025-10-21 10:28:18,25.71,8500,25.71,U
sz000400,许继电气,2025-10-21 10:28:27,25.7,12500,25.71,D
sz000400,许继电气,2025-10-21 10:28:54,25.7,38200,25.7,D
sz000400,许继电气,2025-10-21 10:29:18,25.68,31000,25.68,D
sz000400,许继电气,2025-10-21 10:29:33,25.67,11500,25.67,D
sz000400,许继电气,2025-10-21 10:29:39,25.67,29800,25.67,U
sz000400,许继电气,2025-10-21 10:30:03,25.66,11100,25.66,U
sz000400,许继电气,2025-10-21 10:30:06,25.67,10400,25.66,U
sz000400,许继电气,2025-10-21 10:30:09,25.68,16600,25.67,U
sz000400,许继电气,2025-10-21 10:30:42,25.68,9200,25.68,U
sz000400,许继电气,2025-10-21 10:31:03,25.67,8000,25.67,D
sz000400,许继电气,2025-10-21 10:31:12,25.66,11000,25.66,U
sz000400,许继电气,2025-10-21 10:32:06,25.64,48100,25.63,U
sz000400,许继电气,2025-10-21 10:32:51,25.6,10600,25.61,D
sz000400,许继电气,2025-10-21 10:32:57,25.6,14200,25.61,D
sz000400,许继电气,2025-10-21 10:33:00,25.61,56200,25.6,D
sz000400,许继电气,2025-10-21 10:35:06,25.64,9600,25.64,U
sz000400,许继电气,2025-10-21 10:35:51,25.63,17400,25.64,D
sz000400,许继电气,2025-10-21 10:35:57,25.62,12700,25.63,D
sz000400,许继电气,2025-10-21 10:36:39,25.65,14800,25.64,U
sz000400,许继电气,2025-10-21 10:36:45,25.65,17200,25.65,U
sz000400,许继电气,2025-10-21 10:36:48,25.65,13100,25.65,U
sz000400,许继电气,2025-10-21 10:36:54,25.66,11300,25.65,U
sz000400,许继电气,2025-10-21 10:37:00,25.65,15100,25.66,D
sz000400,许继电气,2025-10-21 10:37:18,25.68,9300,25.67,U
sz000400,许继电气,2025-10-21 10:37:24,25.67,21800,25.68,D
sz000400,许继电气,2025-10-21 10:37:45,25.64,11000,25.64,E
sz000400,许继电气,2025-10-21 10:38:24,25.61,8400,25.61,D
sz000400,许继电气,2025-10-21 10:41:21,25.64,8800,25.65,D
sz000400,许继电气,2025-10-21 10:41:27,25.65,11100,25.63,U
sz000400,许继电气,2025-10-21 10:42:06,25.64,17300,25.65,D
sz000400,许继电气,2025-10-21 10:42:33,25.62,9300,25.63,D
sz000400,许继电气,2025-10-21 10:42:36,25.62,14000,25.62,D
sz000400,许继电气,2025-10-21 10:42:57,25.61,8300,25.62,D
sz000400,许继电气,2025-10-21 10:43:00,25.6,14200,25.61,D
sz000400,许继电气,2025-10-21 10:43:06,25.61,9700,25.6,U
sz000400,许继电气,2025-10-21 10:43:51,25.6,13700,25.6,D
sz000400,许继电气,2025-10-21 10:43:54,25.6,23500,25.6,U
sz000400,许继电气,2025-10-21 10:44:03,25.65,85700,25.6,U
sz000400,许继电气,2025-10-21 10:44:48,25.66,7800,25.67,D
sz000400,许继电气,2025-10-21 10:45:03,25.66,20200,25.65,U
sz000400,许继电气,2025-10-21 10:46:09,25.66,10000,25.64,U
sz000400,许继电气,2025-10-21 10:46:21,25.63,18000,25.65,D
sz000400,许继电气,2025-10-21 10:46:33,25.63,16100,25.64,E
sz000400,许继电气,2025-10-21 10:46:42,25.62,14300,25.63,E
sz000400,许继电气,2025-10-21 10:47:00,25.62,14100,25.62,D
sz000400,许继电气,2025-10-21 10:47:03,25.63,30600,25.62,U
sz000400,许继电气,2025-10-21 10:48:30,25.6,13200,25.6,D
sz000400,许继电气,2025-10-21 10:48:36,25.59,14800,25.6,D
sz000400,许继电气,2025-10-21 10:49:09,25.56,13400,25.56,D
sz000400,许继电气,2025-10-21 10:49:15,25.58,12100,25.56,U
sz000400,许继电气,2025-10-21 10:49:42,25.6,8700,25.58,U
sz000400,许继电气,2025-10-21 10:50:39,25.58,20400,25.59,D
sz000400,许继电气,2025-10-21 10:50:51,25.58,19500,25.58,D
sz000400,许继电气,2025-10-21 10:51:03,25.58,11500,25.58,D
sz000400,许继电气,2025-10-21 10:51:06,25.58,11800,25.58,D
sz000400,许继电气,2025-10-21 10:51:09,25.59,12700,25.58,U
sz000400,许继电气,2025-10-21 10:51:15,25.59,17100,25.59,U
sz000400,许继电气,2025-10-21 10:51:39,25.59,10600,25.59,D
sz000400,许继电气,2025-10-21 10:51:51,25.59,8300,25.58,U
sz000400,许继电气,2025-10-21 10:51:54,25.58,20200,25.59,D
sz000400,许继电气,2025-10-21 10:52:09,25.58,33200,25.57,U
sz000400,许继电气,2025-10-21 10:53:12,25.6,29500,25.58,U
sz000400,许继电气,2025-10-21 10:53:15,25.6,33600,25.6,U
sz000400,许继电气,2025-10-21 10:53:30,25.6,38100,25.59,U
sz000400,许继电气,2025-10-21 10:53:51,25.63,25200,25.61,U
sz000400,许继电气,2025-10-21 10:54:15,25.68,161700,25.64,U
sz000400,许继电气,2025-10-21 10:55:39,25.67,17900,25.67,U
sz000400,许继电气,2025-10-21 10:55:48,25.7,102400,25.68,U
sz000400,许继电气,2025-10-21 10:55:51,25.7,8200,25.7,D
sz000400,许继电气,2025-10-21 10:56:12,25.7,29900,25.69,U
sz000400,许继电气,2025-10-21 10:56:27,25.69,8300,25.69,D
sz000400,许继电气,2025-10-21 10:56:30,25.69,11600,25.69,U
sz000400,许继电气,2025-10-21 10:56:42,25.68,7800,25.7,D
sz000400,许继电气,2025-10-21 10:57:03,25.69,50100,25.68,U
sz000400,许继电气,2025-10-21 10:57:27,25.69,22400,25.69,U
sz000400,许继电气,2025-10-21 10:57:33,25.68,10200,25.68,D
sz000400,许继电气,2025-10-21 10:57:39,25.63,53600,25.68,D
sz000400,许继电气,2025-10-21 10:58:48,25.66,26200,25.63,U
sz000400,许继电气,2025-10-21 10:59:54,25.67,14700,25.65,E
sz000400,许继电气,2025-10-21 11:00:00,25.68,10000,25.67,U
sz000400,许继电气,2025-10-21 11:01:54,25.67,10500,25.66,U
sz000400,许继电气,2025-10-21 11:02:33,25.67,14100,25.68,D
sz000400,许继电气,2025-10-21 11:02:36,25.67,24100,25.67,U
sz000400,许继电气,2025-10-21 11:04:27,25.66,10400,25.66,U
sz000400,许继电气,2025-10-21 11:06:51,25.67,10000,25.66,U
sz000400,许继电气,2025-10-21 11:07:06,25.65,8900,25.66,D
sz000400,许继电气,2025-10-21 11:07:30,25.65,9300,25.66,D
sz000400,许继电气,2025-10-21 11:08:48,25.62,22500,25.62,D
sz000400,许继电气,2025-10-21 11:09:06,25.63,11500,25.63,D
sz000400,许继电气,2025-10-21 11:13:30,25.62,10200,25.62,D
sz000400,许继电气,2025-10-21 11:13:33,25.62,9000,25.62,D
sz000400,许继电气,2025-10-21 11:13:48,25.62,10200,25.62,D
sz000400,许继电气,2025-10-21 11:13:54,25.6,18800,25.62,D
sz000400,许继电气,2025-10-21 11:13:57,25.6,40600,25.6,D
sz000400,许继电气,2025-10-21 11:14:09,25.58,27100,25.62,D
sz000400,许继电气,2025-10-21 11:14:51,25.6,8400,25.6,D
sz000400,许继电气,2025-10-21 11:15:42,25.58,35600,25.6,D
sz000400,许继电气,2025-10-21 11:16:00,25.58,10800,25.58,D
sz000400,许继电气,2025-10-21 11:16:27,25.65,91000,25.59,U
sz000400,许继电气,2025-10-21 11:17:03,25.66,10100,25.66,U
sz000400,许继电气,2025-10-21 11:17:18,25.65,25200,25.66,D
sz000400,许继电气,2025-10-21 11:18:09,25.62,9200,25.63,D
sz000400,许继电气,2025-10-21 11:19:09,25.59,10100,25.61,D
sz000400,许继电气,2025-10-21 11:19:21,25.59,26500,25.62,D
sz000400,许继电气,2025-10-21 11:19:51,25.61,10300,25.61,U
sz000400,许继电气,2025-10-21 11:20:24,25.62,8400,25.61,U
sz000400,许继电气,2025-10-21 11:20:42,25.64,14200,25.64,U
sz000400,许继电气,2025-10-21 11:20:54,25.63,7900,25.63,U
sz000400,许继电气,2025-10-21 11:21:57,25.65,10500,25.64,U
sz000400,许继电气,2025-10-21 11:23:21,25.65,8200,25.66,D
sz000400,许继电气,2025-10-21 11:23:39,25.66,7900,25.66,U
sz000400,许继电气,2025-10-21 11:23:42,25.66,12500,25.66,U
sz000400,许继电气,2025-10-21 11:24:00,25.65,9400,25.66,D
sz000400,许继电气,2025-10-21 11:24:30,25.67,11900,25.67,U
sz000400,许继电气,2025-10-21 11:25:12,25.66,14600,25.65,E
sz000400,许继电气,2025-10-21 11:25:45,25.66,11800,25.67,D
sz000400,许继电气,2025-10-21 11:25:54,25.66,14600,25.67,D
sz000400,许继电气,2025-10-21 11:27:06,25.64,44500,25.65,D
sz000400,许继电气,2025-10-21 11:27:36,25.65,8700,25.64,U
sz000400,许继电气,2025-10-21 11:28:30,25.64,21500,25.65,D
sz000400,许继电气,2025-10-21 11:29:12,25.63,20400,25.64,D
sz000400,许继电气,2025-10-21 11:29:15,25.63,20300,25.63,D
sz000400,许继电气,2025-10-21 11:29:33,25.63,18200,25.63,U
sz000400,许继电气,2025-10-21 11:29:39,25.62,30600,25.63,D
sz000400,许继电气,2025-10-21 11:29:42,25.61,11500,25.62,D
sz000400,许继电气,2025-10-21 11:29:48,25.61,10200,25.63,D
sz000400,许继电气,2025-10-21 11:29:51,25.61,16700,25.61,D
sz000400,许继电气,2025-10-21 13:00:03,25.6,71300,25.61,D
sz000400,许继电气,2025-10-21 13:00:06,25.6,44100,25.6,D
sz000400,许继电气,2025-10-21 13:00:09,25.59,93100,25.6,D
sz000400,许继电气,2025-10-21 13:00:12,25.55,44400,25.59,D
sz000400,许继电气,2025-10-21 13:00:15,25.55,101700,25.55,D
sz000400,许继电气,2025-10-21 13:00:18,25.55,20900,25.55,D
sz000400,许继电气,2025-10-21 13:00:21,25.53,161700,25.55,D
sz000400,许继电气,2025-10-21 13:00:24,25.52,14700,25.53,D
sz000400,许继电气,2025-10-21 13:00:27,25.5,14100,25.52,D
sz000400,许继电气,2025-10-21 13:00:30,25.5,52100,25.5,D
sz000400,许继电气,2025-10-21 13:00:33,25.5,14000,25.5,D
sz000400,许继电气,2025-10-21 13:01:27,25.54,10600,25.54,D
sz000400,许继电气,2025-10-21 13:02:06,25.53,19200,25.53,U
sz000400,许继电气,2025-10-21 13:02:15,25.51,9800,25.5,U
sz000400,许继电气,2025-10-21 13:02:21,25.5,12200,25.51,D
sz000400,许继电气,2025-10-21 13:02:42,25.51,18900,25.5,U
sz000400,许继电气,2025-10-21 13:05:09,25.53,8500,25.52,U
sz000400,许继电气,2025-10-21 13:06:36,25.52,13200,25.52,D
sz000400,许继电气,2025-10-21 13:06:51,25.52,8700,25.51,U
sz000400,许继电气,2025-10-21 13:06:54,25.51,25700,25.52,D
sz000400,许继电气,2025-10-21 13:09:33,25.54,131900,25.55,D
sz000400,许继电气,2025-10-21 13:10:12,25.61,117200,25.52,U
sz000400,许继电气,2025-10-21 13:10:15,25.61,17800,25.61,D
sz000400,许继电气,2025-10-21 13:10:27,25.59,8400,25.59,U
sz000400,许继电气,2025-10-21 13:10:48,25.59,9100,25.59,D
sz000400,许继电气,2025-10-21 13:11:21,25.58,8100,25.59,D
sz000400,许继电气,2025-10-21 13:11:42,25.58,48500,25.59,D
sz000400,许继电气,2025-10-21 13:12:09,25.59,43000,25.58,U
sz000400,许继电气,2025-10-21 13:12:12,25.59,8000,25.59,D
sz000400,许继电气,2025-10-21 13:12:15,25.63,77900,25.59,U
sz000400,许继电气,2025-10-21 13:12:18,25.64,9500,25.63,U
sz000400,许继电气,2025-10-21 13:12:21,25.65,27100,25.64,U
sz000400,许继电气,2025-10-21 13:12:24,25.66,7800,25.65,U
sz000400,许继电气,2025-10-21 13:13:15,25.54,8000,25.6,D
sz000400,许继电气,2025-10-21 13:13:18,25.6,8400,25.54,U
sz000400,许继电气,2025-10-21 13:13:39,25.59,33400,25.6,E
sz000400,许继电气,2025-10-21 13:14:18,25.57,22000,25.59,D
sz000400,许继电气,2025-10-21 13:15:06,25.55,13600,25.55,D
sz000400,许继电气,2025-10-21 13:15:09,25.57,29800,25.55,U
sz000400,许继电气,2025-10-21 13:15:21,25.6,12600,25.59,U
sz000400,许继电气,2025-10-21 13:17:12,25.61,17900,25.59,U
sz000400,许继电气,2025-10-21 13:17:18,25.62,20600,25.61,U
sz000400,许继电气,2025-10-21 13:17:21,25.61,9600,25.62,D
sz000400,许继电气,2025-10-21 13:19:24,25.6,10500,25.6,D
sz000400,许继电气,2025-10-21 13:21:12,25.59,21500,25.58,U
sz000400,许继电气,2025-10-21 13:22:12,25.59,9300,25.58,U
sz000400,许继电气,2025-10-21 13:22:54,25.56,10100,25.56,U
sz000400,许继电气,2025-10-21 13:24:00,25.56,8300,25.55,U
sz000400,许继电气,2025-10-21 13:25:00,25.55,16800,25.55,D
sz000400,许继电气,2025-10-21 13:25:12,25.55,9200,25.55,D
sz000400,许继电气,2025-10-21 13:25:24,25.54,13500,25.54,D
sz000400,许继电气,2025-10-21 13:25:57,25.52,9700,25.52,U
sz000400,许继电气,2025-10-21 13:26:21,25.51,11500,25.51,U
sz000400,许继电气,2025-10-21 13:26:30,25.52,13300,25.52,U
sz000400,许继电气,2025-10-21 13:26:42,25.51,9400,25.51,D
sz000400,许继电气,2025-10-21 13:27:09,25.53,12600,25.52,U
sz000400,许继电气,2025-10-21 13:27:12,25.52,13300,25.53,D
sz000400,许继电气,2025-10-21 13:27:30,25.52,11300,25.53,D
sz000400,许继电气,2025-10-21 13:29:45,25.54,11200,25.55,D
sz000400,许继电气,2025-10-21 13:29:51,25.54,8700,25.54,D
sz000400,许继电气,2025-10-21 13:30:00,25.54,13000,25.54,D
sz000400,许继电气,2025-10-21 13:30:03,25.54,10900,25.54,D
sz000400,许继电气,2025-10-21 13:30:57,25.52,15100,25.53,D
sz000400,许继电气,2025-10-21 13:31:21,25.55,8500,25.54,U
sz000400,许继电气,2025-10-21 13:33:09,25.54,8600,25.54,D
sz000400,许继电气,2025-10-21 13:34:27,25.54,13100,25.55,D
sz000400,许继电气,2025-10-21 13:36:21,25.54,40300,25.55,D
sz000400,许继电气,2025-10-21 13:36:30,25.55,11800,25.55,D
sz000400,许继电气,2025-10-21 13:36:33,25.55,15400,25.55,D
sz000400,许继电气,2025-10-21 13:37:06,25.54,17000,25.54,D
sz000400,许继电气,2025-10-21 13:37:42,25.52,48600,25.53,D
sz000400,许继电气,2025-10-21 13:38:00,25.52,10500,25.52,D
sz000400,许继电气,2025-10-21 13:38:09,25.51,29500,25.52,D
sz000400,许继电气,2025-10-21 13:38:12,25.49,104300,25.51,D
sz000400,许继电气,2025-10-21 13:39:03,25.48,17900,25.49,D
sz000400,许继电气,2025-10-21 13:39:21,25.46,15000,25.47,D
sz000400,许继电气,2025-10-21 13:40:03,25.45,15700,25.46,D
sz000400,许继电气,2025-10-21 13:40:30,25.46,57400,25.45,U
sz000400,许继电气,2025-10-21 13:40:54,25.45,12600,25.45,D
sz000400,许继电气,2025-10-21 13:41:39,25.47,9000,25.47,D
sz000400,许继电气,2025-10-21 13:42:00,25.48,10900,25.5,D
sz000400,许继电气,2025-10-21 13:42:33,25.47,12300,25.48,D
sz000400,许继电气,2025-10-21 13:43:03,25.46,10000,25.46,D
sz000400,许继电气,2025-10-21 13:43:06,25.46,19400,25.46,D
sz000400,许继电气,2025-10-21 13:43:15,25.46,25600,25.46,U
sz000400,许继电气,2025-10-21 13:43:39,25.47,8000,25.46,U
sz000400,许继电气,2025-10-21 13:43:45,25.46,10200,25.47,D
sz000400,许继电气,2025-10-21 13:44:33,25.45,24700,25.47,D
sz000400,许继电气,2025-10-21 13:45:09,25.45,11400,25.45,D
sz000400,许继电气,2025-10-21 13:45:18,25.45,8700,25.45,D
sz000400,许继电气,2025-10-21 13:45:42,25.45,9800,25.44,U
sz000400,许继电气,2025-10-21 13:45:45,25.46,77200,25.45,U
sz000400,许继电气,2025-10-21 13:46:15,25.44,16100,25.46,D
sz000400,许继电气,2025-10-21 13:46:33,25.44,13400,25.45,D
sz000400,许继电气,2025-10-21 13:46:36,25.44,10400,25.44,D
sz000400,许继电气,2025-10-21 13:46:57,25.44,8600,25.45,D
sz000400,许继电气,2025-10-21 13:47:03,25.47,49000,25.45,U
sz000400,许继电气,2025-10-21 13:47:51,25.46,8300,25.47,D
sz000400,许继电气,2025-10-21 13:48:57,25.45,8700,25.45,D
sz000400,许继电气,2025-10-21 13:49:03,25.43,39000,25.44,D
sz000400,许继电气,2025-10-21 13:49:21,25.44,12300,25.44,U
sz000400,许继电气,2025-10-21 13:49:33,25.42,11800,25.44,D
sz000400,许继电气,2025-10-21 13:49:36,25.42,11100,25.42,D
sz000400,许继电气,2025-10-21 13:50:24,25.42,11300,25.42,D
sz000400,许继电气,2025-10-21 13:50:45,25.42,16700,25.42,U
sz000400,许继电气,2025-10-21 13:51:03,25.41,76700,25.41,D
sz000400,许继电气,2025-10-21 13:51:15,25.4,14400,25.41,D
sz000400,许继电气,2025-10-21 13:51:21,25.4,15600,25.4,D
sz000400,许继电气,2025-10-21 13:51:30,25.4,9300,25.4,D
sz000400,许继电气,2025-10-21 13:51:57,25.41,23900,25.4,U
sz000400,许继电气,2025-10-21 13:52:06,25.45,61000,25.4,U
sz000400,许继电气,2025-10-21 13:52:21,25.41,10200,25.43,D
sz000400,许继电气,2025-10-21 13:52:42,25.44,9100,25.43,U
sz000400,许继电气,2025-10-21 13:53:33,25.42,10000,25.43,D
sz000400,许继电气,2025-10-21 13:53:36,25.44,49400,25.42,U
sz000400,许继电气,2025-10-21 13:53:42,25.41,40100,25.44,D
sz000400,许继电气,2025-10-21 13:55:06,25.44,23500,25.42,U
sz000400,许继电气,2025-10-21 13:56:00,25.44,24500,25.45,D
sz000400,许继电气,2025-10-21 13:57:00,25.44,11000,25.44,U
sz000400,许继电气,2025-10-21 13:57:03,25.46,20900,25.44,U
sz000400,许继电气,2025-10-21 13:57:36,25.44,9700,25.43,U
sz000400,许继电气,2025-10-21 13:57:39,25.42,43300,25.44,D
sz000400,许继电气,2025-10-21 13:57:48,25.42,30400,25.42,U
sz000400,许继电气,2025-10-21 13:58:12,25.43,15600,25.42,U
sz000400,许继电气,2025-10-21 13:59:39,25.42,30100,25.43,D
sz000400,许继电气,2025-10-21 14:00:18,25.46,57400,25.42,U
sz000400,许继电气,2025-10-21 14:00:21,25.46,11300,25.46,U
sz000400,许继电气,2025-10-21 14:00:48,25.46,25200,25.46,U
sz000400,许继电气,2025-10-21 14:01:27,25.48,30000,25.46,U
sz000400,许继电气,2025-10-21 14:01:33,25.5,10800,25.48,U
sz000400,许继电气,2025-10-21 14:01:39,25.5,11300,25.49,U
sz000400,许继电气,2025-10-21 14:01:45,25.51,25900,25.5,U
sz000400,许继电气,2025-10-21 14:01:54,25.52,11500,25.51,U
sz000400,许继电气,2025-10-21 14:02:18,25.51,8300,25.5,U
sz000400,许继电气,2025-10-21 14:02:57,25.53,50000,25.5,U
sz000400,许继电气,2025-10-21 14:04:42,25.5,15600,25.5,U
sz000400,许继电气,2025-10-21 14:05:15,25.52,14100,25.51,U
sz000400,许继电气,2025-10-21 14:05:39,25.51,12300,25.51,U
sz000400,许继电气,2025-10-21 14:05:54,25.5,10300,25.5,U
sz000400,许继电气,2025-10-21 14:07:51,25.5,11500,25.49,U
sz000400,许继电气,2025-10-21 14:07:54,25.5,9600,25.5,U
sz000400,许继电气,2025-10-21 14:09:03,25.49,15900,25.48,U
sz000400,许继电气,2025-10-21 14:09:09,25.48,11100,25.49,D
sz000400,许继电气,2025-10-21 14:09:15,25.49,10000,25.49,U
sz000400,许继电气,2025-10-21 14:09:39,25.5,22600,25.5,U
sz000400,许继电气,2025-10-21 14:09:51,25.5,22400,25.5,U
sz000400,许继电气,2025-10-21 14:09:54,25.5,9500,25.5,U
sz000400,许继电气,2025-10-21 14:11:12,25.47,16500,25.47,U
sz000400,许继电气,2025-10-21 14:13:06,25.47,8100,25.48,D
sz000400,许继电气,2025-10-21 14:14:03,25.46,14100,25.45,U
sz000400,许继电气,2025-10-21 14:14:36,25.46,10100,25.45,U
sz000400,许继电气,2025-10-21 14:14:39,25.46,19200,25.46,U
sz000400,许继电气,2025-10-21 14:15:09,25.47,8000,25.46,U
sz000400,许继电气,2025-10-21 14:15:12,25.47,25000,25.47,U
sz000400,许继电气,2025-10-21 14:18:12,25.49,15900,25.49,D
sz000400,许继电气,2025-10-21 14:18:57,25.49,8500,25.48,U
sz000400,许继电气,2025-10-21 14:19:12,25.5,27200,25.49,U
sz000400,许继电气,2025-10-21 14:19:21,25.5,10300,25.5,U
sz000400,许继电气,2025-10-21 14:20:51,25.48,8500,25.48,D
sz000400,许继电气,2025-10-21 14:21:51,25.49,28471,25.48,U
sz000400,许继电气,2025-10-21 14:21:54,25.52,34300,25.49,U
sz000400,许继电气,2025-10-21 14:22:03,25.5,8400,25.5,E
sz000400,许继电气,2025-10-21 14:22:33,25.53,10200,25.53,U
sz000400,许继电气,2025-10-21 14:22:39,25.52,12900,25.52,D
sz000400,许继电气,2025-10-21 14:23:06,25.55,68400,25.53,U
sz000400,许继电气,2025-10-21 14:23:09,25.57,10600,25.55,U
sz000400,许继电气,2025-10-21 14:23:24,25.58,8700,25.58,U
sz000400,许继电气,2025-10-21 14:23:33,25.57,11700,25.57,U
sz000400,许继电气,2025-10-21 14:23:45,25.56,11700,25.57,D
sz000400,许继电气,2025-10-21 14:24:33,25.55,19800,25.56,D
sz000400,许继电气,2025-10-21 14:25:03,25.56,10700,25.56,U
sz000400,许继电气,2025-10-21 14:26:06,25.56,77800,25.58,D
sz000400,许继电气,2025-10-21 14:26:12,25.55,55200,25.56,D
sz000400,许继电气,2025-10-21 14:26:30,25.53,11400,25.55,D
sz000400,许继电气,2025-10-21 14:26:36,25.53,13500,25.52,U
sz000400,许继电气,2025-10-21 14:26:51,25.52,10000,25.52,D
sz000400,许继电气,2025-10-21 14:27:09,25.52,12900,25.52,D
sz000400,许继电气,2025-10-21 14:28:09,25.54,20300,25.55,D
sz000400,许继电气,2025-10-21 14:28:33,25.54,10800,25.53,U
sz000400,许继电气,2025-10-21 14:29:00,25.54,13100,25.54,D
sz000400,许继电气,2025-10-21 14:29:09,25.53,36300,25.53,D
sz000400,许继电气,2025-10-21 14:29:12,25.52,55300,25.53,D
sz000400,许继电气,2025-10-21 14:29:21,25.49,54600,25.49,D
sz000400,许继电气,2025-10-21 14:29:30,25.49,47700,25.49,D
sz000400,许继电气,2025-10-21 14:29:33,25.49,8200,25.49,D
sz000400,许继电气,2025-10-21 14:30:06,25.49,9900,25.49,D
sz000400,许继电气,2025-10-21 14:30:36,25.49,8900,25.49,D
sz000400,许继电气,2025-10-21 14:31:30,25.5,27000,25.49,U
sz000400,许继电气,2025-10-21 14:32:03,25.49,8300,25.49,D
sz000400,许继电气,2025-10-21 14:33:03,25.5,10800,25.5,U
sz000400,许继电气,2025-10-21 14:33:15,25.48,44100,25.49,D
sz000400,许继电气,2025-10-21 14:33:18,25.49,8400,25.48,U
sz000400,许继电气,2025-10-21 14:33:42,25.52,33500,25.5,U
sz000400,许继电气,2025-10-21 14:34:54,25.51,22300,25.52,D
sz000400,许继电气,2025-10-21 14:35:00,25.51,16600,25.52,D
sz000400,许继电气,2025-10-21 14:35:51,25.52,8600,25.51,U
sz000400,许继电气,2025-10-21 14:36:09,25.51,9500,25.51,D
sz000400,许继电气,2025-10-21 14:37:09,25.51,22000,25.51,U
sz000400,许继电气,2025-10-21 14:37:15,25.51,12400,25.52,D
sz000400,许继电气,2025-10-21 14:38:00,25.51,12900,25.52,D
sz000400,许继电气,2025-10-21 14:38:09,25.52,14800,25.51,U
sz000400,许继电气,2025-10-21 14:39:33,25.5,52300,25.51,D
sz000400,许继电气,2025-10-21 14:40:21,25.48,14500,25.5,D
sz000400,许继电气,2025-10-21 14:41:00,25.49,14000,25.49,U
sz000400,许继电气,2025-10-21 14:41:06,25.5,23100,25.49,U
sz000400,许继电气,2025-10-21 14:42:09,25.49,56900,25.5,D
sz000400,许继电气,2025-10-21 14:42:12,25.49,53000,25.49,D
sz000400,许继电气,2025-10-21 14:42:51,25.49,14400,25.48,U
sz000400,许继电气,2025-10-21 14:43:00,25.5,11200,25.49,U
sz000400,许继电气,2025-10-21 14:43:06,25.5,8700,25.5,U
sz000400,许继电气,2025-10-21 14:43:09,25.5,28300,25.5,U
sz000400,许继电气,2025-10-21 14:43:12,25.49,43000,25.5,D
sz000400,许继电气,2025-10-21 14:44:24,25.5,8500,25.5,U
sz000400,许继电气,2025-10-21 14:45:12,25.5,19100,25.5,U
sz000400,许继电气,2025-10-21 14:45:30,25.5,13500,25.5,U
sz000400,许继电气,2025-10-21 14:45:33,25.5,11300,25.5,U
sz000400,许继电气,2025-10-21 14:45:51,25.5,8900,25.49,U
sz000400,许继电气,2025-10-21 14:45:54,25.5,14900,25.5,U
sz000400,许继电气,2025-10-21 14:46:00,25.51,11700,25.51,U
sz000400,许继电气,2025-10-21 14:46:06,25.52,25800,25.5,U
sz000400,许继电气,2025-10-21 14:46:33,25.5,16800,25.5,D
sz000400,许继电气,2025-10-21 14:46:39,25.49,9400,25.49,D
sz000400,许继电气,2025-10-21 14:46:51,25.5,19000,25.5,U
sz000400,许继电气,2025-10-21 14:47:03,25.5,21000,25.5,U
sz000400,许继电气,2025-10-21 14:47:51,25.48,9300,25.48,D
sz000400,许继电气,2025-10-21 14:48:03,25.48,12100,25.5,D
sz000400,许继电气,2025-10-21 14:48:09,25.49,8800,25.48,U
sz000400,许继电气,2025-10-21 14:48:48,25.49,12600,25.49,U
sz000400,许继电气,2025-10-21 14:49:03,25.49,12100,25.49,D
sz000400,许继电气,2025-10-21 14:49:12,25.48,9900,25.48,D
sz000400,许继电气,2025-10-21 14:49:18,25.5,12900,25.48,U
sz000400,许继电气,2025-10-21 14:49:21,25.48,16900,25.5,D
sz000400,许继电气,2025-10-21 14:49:24,25.48,8700,25.48,D
sz000400,许继电气,2025-10-21 14:49:39,25.49,8500,25.48,U
sz000400,许继电气,2025-10-21 14:50:06,25.47,51300,25.47,D
sz000400,许继电气,2025-10-21 14:50:12,25.47,15100,25.47,U
sz000400,许继电气,2025-10-21 14:50:18,25.47,10800,25.46,U
sz000400,许继电气,2025-10-21 14:50:27,25.48,8400,25.48,U
sz000400,许继电气,2025-10-21 14:51:00,25.47,8800,25.47,D
sz000400,许继电气,2025-10-21 14:51:03,25.48,50200,25.47,U
sz000400,许继电气,2025-10-21 14:51:06,25.5,70300,25.48,U
sz000400,许继电气,2025-10-21 14:51:09,25.53,87000,25.5,U
sz000400,许继电气,2025-10-21 14:51:12,25.55,141600,25.53,U
sz000400,许继电气,2025-10-21 14:51:15,25.55,50900,25.55,U
sz000400,许继电气,2025-10-21 14:51:18,25.56,31100,25.55,U
sz000400,许继电气,2025-10-21 14:51:21,25.54,16300,25.56,D
sz000400,许继电气,2025-10-21 14:51:24,25.55,19100,25.54,U
sz000400,许继电气,2025-10-21 14:51:27,25.55,19100,25.55,U
sz000400,许继电气,2025-10-21 14:51:30,25.55,8300,25.55,D
sz000400,许继电气,2025-10-21 14:51:33,25.55,19600,25.55,D
sz000400,许继电气,2025-10-21 14:51:36,25.55,12500,25.55,U
sz000400,许继电气,2025-10-21 14:51:39,25.55,14100,25.55,E
sz000400,许继电气,2025-10-21 14:51:42,25.55,9600,25.55,E
sz000400,许继电气,2025-10-21 14:51:51,25.55,8000,25.55,U
sz000400,许继电气,2025-10-21 14:51:54,25.55,17300,25.55,U
sz000400,许继电气,2025-10-21 14:52:00,25.53,42300,25.53,D
sz000400,许继电气,2025-10-21 14:52:03,25.53,12000,25.53,U
sz000400,许继电气,2025-10-21 14:52:06,25.53,32400,25.53,U
sz000400,许继电气,2025-10-21 14:52:09,25.52,26200,25.53,D
sz000400,许继电气,2025-10-21 14:52:12,25.52,9700,25.52,D
sz000400,许继电气,2025-10-21 14:52:15,25.52,19200,25.52,U
sz000400,许继电气,2025-10-21 14:52:18,25.52,8500,25.52,U
sz000400,许继电气,2025-10-21 14:52:27,25.52,36000,25.52,U
sz000400,许继电气,2025-10-21 14:52:42,25.54,16300,25.53,U
sz000400,许继电气,2025-10-21 14:52:57,25.55,47200,25.53,U
sz000400,许继电气,2025-10-21 14:53:00,25.55,14900,25.55,U
sz000400,许继电气,2025-10-21 14:53:03,25.56,25600,25.55,U
sz000400,许继电气,2025-10-21 14:53:06,25.53,24000,25.56,D
sz000400,许继电气,2025-10-21 14:53:18,25.54,9700,25.55,D
sz000400,许继电气,2025-10-21 14:53:21,25.54,8300,25.54,D
sz000400,许继电气,2025-10-21 14:53:27,25.53,20400,25.54,D
sz000400,许继电气,2025-10-21 14:53:39,25.55,15200,25.54,U
sz000400,许继电气,2025-10-21 14:53:42,25.54,26700,25.55,D
sz000400,许继电气,2025-10-21 14:53:48,25.54,13200,25.55,D
sz000400,许继电气,2025-10-21 14:54:06,25.55,34400,25.53,U
sz000400,许继电气,2025-10-21 14:54:09,25.55,24300,25.55,U
sz000400,许继电气,2025-10-21 14:54:12,25.56,15100,25.55,U
sz000400,许继电气,2025-10-21 14:54:24,25.54,16000,25.53,E
sz000400,许继电气,2025-10-21 14:55:00,25.55,11000,25.54,U
sz000400,许继电气,2025-10-21 14:55:06,25.55,27600,25.56,D
sz000400,许继电气,2025-10-21 14:55:09,25.56,25000,25.55,U
sz000400,许继电气,2025-10-21 14:55:12,25.56,15800,25.56,U
sz000400,许继电气,2025-10-21 14:55:30,25.54,14000,25.55,D
sz000400,许继电气,2025-10-21 14:55:36,25.56,21300,25.55,U
sz000400,许继电气,2025-10-21 14:55:39,25.55,11700,25.56,D
sz000400,许继电气,2025-10-21 14:55:48,25.56,10900,25.56,U
sz000400,许继电气,2025-10-21 14:56:00,25.54,18000,25.56,D
sz000400,许继电气,2025-10-21 14:56:03,25.55,13000,25.54,U
sz000400,许继电气,2025-10-21 14:56:06,25.55,24200,25.55,U
sz000400,许继电气,2025-10-21 14:56:09,25.55,18400,25.55,D
sz000400,许继电气,2025-10-21 14:56:12,25.55,12200,25.55,D
sz000400,许继电气,2025-10-21 14:56:15,25.55,12100,25.55,D
sz000400,许继电气,2025-10-21 14:56:24,25.55,37400,25.54,U
sz000400,许继电气,2025-10-21 14:56:27,25.55,9000,25.55,D
sz000400,许继电气,2025-10-21 14:56:30,25.54,12600,25.55,D
sz000400,许继电气,2025-10-21 14:56:33,25.55,9000,25.54,U
sz000400,许继电气,2025-10-21 14:56:36,25.55,18300,25.55,U
sz000400,许继电气,2025-10-21 14:56:45,25.55,17800,25.54,U
sz000400,许继电气,2025-10-21 14:56:48,25.55,30000,25.55,U
sz000400,许继电气,2025-10-21 14:56:51,25.55,20100,25.55,D
sz000400,许继电气,2025-10-21 14:56:54,25.55,31200,25.55,D
sz000400,许继电气,2025-10-21 14:56:57,25.55,20100,25.55,U
sz000400,许继电气,2025-10-21 15:00:00,25.55,335500,25.54,U
