symbol,name,ticktime,price,volume,prev_price,kind
sz000400,许继电气,2025-09-29 09:25:00,25.32,291200,0.0,U
sz000400,许继电气,2025-09-29 09:30:00,25.38,131200,25.32,U
sz000400,许继电气,2025-09-29 09:30:03,25.38,568600,25.38,D
sz000400,许继电气,2025-09-29 09:30:06,25.4,151600,25.38,E
sz000400,许继电气,2025-09-29 09:30:09,25.37,40800,25.4,D
sz000400,许继电气,2025-09-29 09:30:12,25.4,163900,25.37,U
sz000400,许继电气,2025-09-29 09:30:15,25.36,29800,25.4,E
sz000400,许继电气,2025-09-29 09:30:18,25.32,152700,25.36,D
sz000400,许继电气,2025-09-29 09:30:21,25.27,30900,25.32,D
sz000400,许继电气,2025-09-29 09:30:24,25.25,29800,25.27,D
sz000400,许继电气,2025-09-29 09:30:27,25.23,28500,25.25,D
sz000400,许继电气,2025-09-29 09:30:30,25.18,24300,25.23,D
sz000400,许继电气,2025-09-29 09:30:33,25.17,26600,25.18,D
sz000400,许继电气,2025-09-29 09:30:36,25.1,81000,25.17,D
sz000400,许继电气,2025-09-29 09:30:39,25.11,61220,25.1,U
sz000400,许继电气,2025-09-29 09:30:42,25.16,71200,25.11,U
sz000400,许继电气,2025-09-29 09:30:45,25.14,28100,25.16,D
sz000400,许继电气,2025-09-29 09:30:48,25.1,267380,25.14,D
sz000400,许继电气,2025-09-29 09:30:51,25.09,91400,25.1,E
sz000400,许继电气,2025-09-29 09:30:54,25.07,86400,25.09,D
sz000400,许继电气,2025-09-29 09:30:57,25.01,44600,25.07,D
sz000400,许继电气,2025-09-29 09:31:00,25.04,29300,25.01,E
sz000400,许继电气,2025-09-29 09:31:03,25.0,28000,25.04,D
sz000400,许继电气,2025-09-29 09:31:06,25.0,48700,25.0,D
sz000400,许继电气,2025-09-29 09:31:09,25.0,40900,25.0,U
sz000400,许继电气,2025-09-29 09:31:12,24.99,9100,25.0,U
sz000400,许继电气,2025-09-29 09:31:15,24.96,42500,24.99,D
sz000400,许继电气,2025-09-29 09:31:18,24.99,47100,24.96,U
sz000400,许继电气,2025-09-29 09:31:21,24.99,112700,24.99,D
sz000400,许继电气,2025-09-29 09:31:24,24.99,55800,24.99,D
sz000400,许继电气,2025-09-29 09:31:27,25.0,77200,24.99,E
sz000400,许继电气,2025-09-29 09:31:30,25.03,31100,25.0,U
sz000400,许继电气,2025-09-29 09:31:33,25.03,69000,25.03,U
sz000400,许继电气,2025-09-29 09:31:36,25.04,44600,25.03,U
sz000400,许继电气,2025-09-29 09:31:39,25.03,21220,25.04,U
sz000400,许继电气,2025-09-29 09:31:42,25.03,26200,25.03,U
sz000400,许继电气,2025-09-29 09:31:45,25.03,21900,25.03,D
sz000400,许继电气,2025-09-29 09:31:48,25.01,32900,25.03,D
sz000400,许继电气,2025-09-29 09:31:51,25.01,18600,25.01,D
sz000400,许继电气,2025-09-29 09:31:54,25.02,27400,25.01,E
sz000400,许继电气,2025-09-29 09:31:57,25.01,8400,25.02,D
sz000400,许继电气,2025-09-29 09:32:00,25.03,14900,25.01,D
sz000400,许继电气,2025-09-29 09:32:03,24.99,192880,25.03,D
sz000400,许继电气,2025-09-29 09:32:06,24.97,69300,24.99,D
sz000400,许继电气,2025-09-29 09:32:09,24.97,20700,24.97,U
sz000400,许继电气,2025-09-29 09:32:12,24.93,13200,24.97,E
sz000400,许继电气,2025-09-29 09:32:15,24.91,31000,24.93,D
sz000400,许继电气,2025-09-29 09:32:18,24.91,59900,24.91,D
sz000400,许继电气,2025-09-29 09:32:21,24.91,51500,24.91,D
sz000400,许继电气,2025-09-29 09:32:24,24.9,22200,24.91,D
sz000400,许继电气,2025-09-29 09:32:27,24.91,29800,24.9,U
sz000400,许继电气,2025-09-29 09:32:30,24.89,37800,24.91,D
sz000400,许继电气,2025-09-29 09:32:33,24.88,35600,24.89,D
sz000400,许继电气,2025-09-29 09:32:36,24.88,20300,24.88,E
sz000400,许继电气,2025-09-29 09:32:39,24.88,25400,24.88,D
sz000400,许继电气,2025-09-29 09:32:42,24.88,41100,24.88,U
sz000400,许继电气,2025-09-29 09:32:45,24.89,40200,24.88,E
sz000400,许继电气,2025-09-29 09:32:48,24.88,31100,24.89,D
sz000400,许继电气,2025-09-29 09:32:51,24.88,30800,24.88,D
sz000400,许继电气,2025-09-29 09:32:54,24.87,20600,24.88,D
sz000400,许继电气,2025-09-29 09:32:57,24.87,19400,24.87,U
sz000400,许继电气,2025-09-29 09:33:00,24.86,22800,24.87,D
sz000400,许继电气,2025-09-29 09:33:03,24.88,118000,24.86,U
sz000400,许继电气,2025-09-29 09:33:06,24.91,147000,24.88,E
sz000400,许继电气,2025-09-29 09:33:09,24.9,39000,24.91,D
sz000400,许继电气,2025-09-29 09:33:12,24.93,50100,24.9,E
sz000400,许继电气,2025-09-29 09:33:15,24.93,18900,24.93,D
sz000400,许继电气,2025-09-29 09:33:21,24.98,30600,24.96,U
sz000400,许继电气,2025-09-29 09:33:24,24.98,17500,24.98,U
sz000400,许继电气,2025-09-29 09:33:27,24.98,28500,24.98,U
sz000400,许继电气,2025-09-29 09:33:33,24.98,11900,24.98,U
sz000400,许继电气,2025-09-29 09:33:36,24.98,10800,24.98,D
sz000400,许继电气,2025-09-29 09:33:39,24.96,52200,24.98,D
sz000400,许继电气,2025-09-29 09:33:42,24.95,17200,24.96,D
sz000400,许继电气,2025-09-29 09:33:45,24.93,44100,24.95,D
sz000400,许继电气,2025-09-29 09:33:48,24.93,20800,24.93,U
sz000400,许继电气,2025-09-29 09:33:51,24.92,18700,24.93,D
sz000400,许继电气,2025-09-29 09:33:54,24.93,28200,24.92,U
sz000400,许继电气,2025-09-29 09:33:57,24.93,16200,24.93,D
sz000400,许继电气,2025-09-29 09:34:00,24.92,16200,24.93,D
sz000400,许继电气,2025-09-29 09:34:03,24.92,33900,24.92,D
sz000400,许继电气,2025-09-29 09:34:06,24.92,17000,24.92,D
sz000400,许继电气,2025-09-29 09:34:09,24.92,17100,24.92,U
sz000400,许继电气,2025-09-29 09:34:12,24.92,14700,24.92,D
sz000400,许继电气,2025-09-29 09:34:21,24.91,17300,24.91,U
sz000400,许继电气,2025-09-29 09:34:24,24.91,50400,24.91,U
sz000400,许继电气,2025-09-29 09:34:27,24.9,52600,24.91,D
sz000400,许继电气,2025-09-29 09:34:30,24.89,8400,24.9,D
sz000400,许继电气,2025-09-29 09:34:33,24.88,91200,24.89,D
sz000400,许继电气,2025-09-29 09:34:36,24.84,15600,24.88,D
sz000400,许继电气,2025-09-29 09:34:42,24.83,24600,24.82,U
sz000400,许继电气,2025-09-29 09:34:45,24.82,35165,24.83,D
sz000400,许继电气,2025-09-29 09:34:48,24.82,26600,24.82,E
sz000400,许继电气,2025-09-29 09:34:51,24.8,50700,24.82,D
sz000400,许继电气,2025-09-29 09:34:54,24.82,93400,24.8,U
sz000400,许继电气,2025-09-29 09:34:57,24.82,84700,24.82,D
sz000400,许继电气,2025-09-29 09:35:00,24.83,51000,24.82,E
sz000400,许继电气,2025-09-29 09:35:03,24.86,28900,24.83,U
sz000400,许继电气,2025-09-29 09:35:06,24.86,13800,24.86,D
sz000400,许继电气,2025-09-29 09:35:09,24.86,14200,24.86,D
sz000400,许继电气,2025-09-29 09:35:15,24.81,41700,24.86,D
sz000400,许继电气,2025-09-29 09:35:18,24.84,13900,24.81,E
sz000400,许继电气,2025-09-29 09:35:21,24.83,77600,24.84,D
sz000400,许继电气,2025-09-29 09:35:24,24.84,13900,24.83,D
sz000400,许继电气,2025-09-29 09:35:27,24.84,29400,24.84,D
sz000400,许继电气,2025-09-29 09:35:30,24.86,22635,24.84,U
sz000400,许继电气,2025-09-29 09:35:36,24.86,13500,24.86,E
sz000400,许继电气,2025-09-29 09:35:39,24.86,13200,24.86,D
sz000400,许继电气,2025-09-29 09:35:42,24.88,9000,24.86,E
sz000400,许继电气,2025-09-29 09:35:45,24.89,14700,24.88,U
sz000400,许继电气,2025-09-29 09:35:48,24.89,9900,24.89,U
sz000400,许继电气,2025-09-29 09:35:54,24.89,21000,24.89,D
sz000400,许继电气,2025-09-29 09:35:57,24.9,62900,24.89,E
sz000400,许继电气,2025-09-29 09:36:00,24.9,12600,24.9,D
sz000400,许继电气,2025-09-29 09:36:03,24.9,40400,24.9,D
sz000400,许继电气,2025-09-29 09:36:06,24.93,15700,24.9,U
sz000400,许继电气,2025-09-29 09:36:15,24.92,21400,24.92,U
sz000400,许继电气,2025-09-29 09:36:18,24.94,55300,24.92,U
sz000400,许继电气,2025-09-29 09:36:27,24.95,62752,24.93,U
sz000400,许继电气,2025-09-29 09:36:33,24.96,29000,24.95,U
sz000400,许继电气,2025-09-29 09:36:36,24.97,42848,24.96,U
sz000400,许继电气,2025-09-29 09:36:42,24.95,30752,24.97,D
sz000400,许继电气,2025-09-29 09:36:45,24.91,40400,24.95,D
sz000400,许继电气,2025-09-29 09:36:48,24.88,8900,24.91,D
sz000400,许继电气,2025-09-29 09:36:51,24.91,51500,24.88,E
sz000400,许继电气,2025-09-29 09:36:54,24.87,28500,24.91,D
sz000400,许继电气,2025-09-29 09:37:00,24.85,49700,24.88,D
sz000400,许继电气,2025-09-29 09:37:03,24.87,30400,24.85,U
sz000400,许继电气,2025-09-29 09:37:06,24.87,39400,24.87,U
sz000400,许继电气,2025-09-29 09:37:09,24.86,13100,24.87,E
sz000400,许继电气,2025-09-29 09:37:12,24.86,11200,24.86,U
sz000400,许继电气,2025-09-29 09:37:15,24.85,10900,24.86,D
sz000400,许继电气,2025-09-29 09:37:18,24.85,30800,24.85,D
sz000400,许继电气,2025-09-29 09:37:21,24.86,19200,24.85,U
sz000400,许继电气,2025-09-29 09:37:24,24.86,9600,24.86,U
sz000400,许继电气,2025-09-29 09:37:27,24.87,72500,24.86,U
sz000400,许继电气,2025-09-29 09:37:30,24.86,11864,24.87,D
sz000400,许继电气,2025-09-29 09:37:33,24.87,54900,24.86,E
sz000400,许继电气,2025-09-29 09:37:36,24.9,13600,24.87,U
sz000400,许继电气,2025-09-29 09:37:45,24.87,13400,24.88,E
sz000400,许继电气,2025-09-29 09:37:51,24.87,18900,24.88,E
sz000400,许继电气,2025-09-29 09:37:57,24.88,37800,24.87,U
sz000400,许继电气,2025-09-29 09:38:00,24.9,29500,24.88,U
sz000400,许继电气,2025-09-29 09:38:03,24.92,36700,24.9,U
sz000400,许继电气,2025-09-29 09:38:15,24.97,33000,24.95,U
sz000400,许继电气,2025-09-29 09:38:21,24.98,14700,24.98,U
sz000400,许继电气,2025-09-29 09:38:30,25.03,81500,25.0,U
sz000400,许继电气,2025-09-29 09:38:33,25.04,10400,25.03,U
sz000400,许继电气,2025-09-29 09:38:39,25.07,13200,25.06,U
sz000400,许继电气,2025-09-29 09:38:42,25.08,11400,25.07,U
sz000400,许继电气,2025-09-29 09:38:45,25.05,21000,25.08,D
sz000400,许继电气,2025-09-29 09:38:48,25.08,29700,25.05,U
sz000400,许继电气,2025-09-29 09:38:51,25.08,20000,25.08,U
sz000400,许继电气,2025-09-29 09:38:54,25.05,17300,25.08,D
sz000400,许继电气,2025-09-29 09:38:57,25.08,29900,25.05,U
sz000400,许继电气,2025-09-29 09:39:00,25.08,49500,25.08,D
sz000400,许继电气,2025-09-29 09:39:03,25.04,45600,25.08,D
sz000400,许继电气,2025-09-29 09:39:06,25.0,12800,25.04,D
sz000400,许继电气,2025-09-29 09:39:12,25.0,26600,25.04,D
sz000400,许继电气,2025-09-29 09:39:15,25.0,18600,25.0,U
sz000400,许继电气,2025-09-29 09:39:18,24.97,80400,25.0,E
sz000400,许继电气,2025-09-29 09:39:21,24.92,10700,24.97,D
sz000400,许继电气,2025-09-29 09:39:30,24.96,10600,24.93,D
sz000400,许继电气,2025-09-29 09:39:33,24.93,22100,24.96,D
sz000400,许继电气,2025-09-29 09:39:36,24.95,63600,24.93,E
sz000400,许继电气,2025-09-29 09:39:48,24.93,25700,24.93,D
sz000400,许继电气,2025-09-29 09:39:54,24.94,10800,24.93,U
sz000400,许继电气,2025-09-29 09:40:06,24.98,11200,24.98,U
sz000400,许继电气,2025-09-29 09:40:12,24.96,11200,24.96,D
sz000400,许继电气,2025-09-29 09:40:30,25.05,8200,25.02,U
sz000400,许继电气,2025-09-29 09:40:33,25.05,11300,25.05,D
sz000400,许继电气,2025-09-29 09:40:36,25.08,10400,25.05,U
sz000400,许继电气,2025-09-29 09:40:39,25.08,11800,25.08,U
sz000400,许继电气,2025-09-29 09:40:45,25.09,12200,25.09,U
sz000400,许继电气,2025-09-29 09:40:48,25.08,72600,25.09,E
sz000400,许继电气,2025-09-29 09:40:51,25.08,14100,25.08,U
sz000400,许继电气,2025-09-29 09:40:54,25.07,39600,25.08,E
sz000400,许继电气,2025-09-29 09:40:57,25.08,16900,25.07,U
sz000400,许继电气,2025-09-29 09:41:00,25.07,49400,25.08,E
sz000400,许继电气,2025-09-29 09:41:03,25.05,18000,25.07,D
sz000400,许继电气,2025-09-29 09:41:06,25.11,34600,25.05,U
sz000400,许继电气,2025-09-29 09:41:09,25.09,13800,25.11,U
sz000400,许继电气,2025-09-29 09:41:12,25.09,20000,25.09,U
sz000400,许继电气,2025-09-29 09:41:15,25.08,18700,25.09,D
sz000400,许继电气,2025-09-29 09:41:21,25.07,10700,25.09,D
sz000400,许继电气,2025-09-29 09:41:24,25.06,24700,25.07,D
sz000400,许继电气,2025-09-29 09:41:27,25.04,22000,25.06,D
sz000400,许继电气,2025-09-29 09:41:33,25.05,14300,25.06,E
sz000400,许继电气,2025-09-29 09:41:36,25.05,51000,25.05,E
sz000400,许继电气,2025-09-29 09:41:39,25.05,28900,25.05,E
sz000400,许继电气,2025-09-29 09:41:42,25.04,13000,25.05,D
sz000400,许继电气,2025-09-29 09:41:48,25.04,19300,25.05,D
sz000400,许继电气,2025-09-29 09:41:51,25.08,19300,25.04,U
sz000400,许继电气,2025-09-29 09:41:57,25.07,16900,25.05,U
sz000400,许继电气,2025-09-29 09:42:00,25.07,57200,25.07,U
sz000400,许继电气,2025-09-29 09:42:03,24.97,103400,25.07,D
sz000400,许继电气,2025-09-29 09:42:06,24.98,32600,24.97,E
sz000400,许继电气,2025-09-29 09:42:12,24.97,27600,24.95,U
sz000400,许继电气,2025-09-29 09:42:27,25.0,9000,25.02,D
sz000400,许继电气,2025-09-29 09:42:30,24.99,9200,25.0,D
sz000400,许继电气,2025-09-29 09:42:33,24.99,19100,24.99,U
sz000400,许继电气,2025-09-29 09:42:36,24.98,11800,24.99,D
sz000400,许继电气,2025-09-29 09:42:54,25.0,10100,24.99,U
sz000400,许继电气,2025-09-29 09:43:12,25.02,9500,25.0,U
sz000400,许继电气,2025-09-29 09:43:36,25.06,9200,25.06,U
sz000400,许继电气,2025-09-29 09:43:39,25.06,16700,25.06,U
sz000400,许继电气,2025-09-29 09:43:48,25.06,12000,25.06,D
sz000400,许继电气,2025-09-29 09:43:54,25.07,26700,25.07,U
sz000400,许继电气,2025-09-29 09:43:57,25.05,37600,25.07,D
sz000400,许继电气,2025-09-29 09:44:00,25.04,54800,25.05,D
sz000400,许继电气,2025-09-29 09:44:12,25.06,12500,25.07,D
sz000400,许继电气,2025-09-29 09:44:21,25.06,22300,25.05,D
sz000400,许继电气,2025-09-29 09:44:33,25.07,11900,25.07,U
sz000400,许继电气,2025-09-29 09:44:36,25.07,12700,25.07,U
sz000400,许继电气,2025-09-29 09:44:39,25.08,17200,25.07,U
sz000400,许继电气,2025-09-29 09:44:45,25.08,18300,25.08,U
sz000400,许继电气,2025-09-29 09:44:48,25.07,11100,25.08,D
sz000400,许继电气,2025-09-29 09:44:57,25.05,33200,25.07,D
sz000400,许继电气,2025-09-29 09:45:00,25.05,17000,25.05,D
sz000400,许继电气,2025-09-29 09:45:03,24.99,106800,25.05,D
sz000400,许继电气,2025-09-29 09:45:06,24.99,17400,24.99,E
sz000400,许继电气,2025-09-29 09:45:15,25.02,11800,24.99,U
sz000400,许继电气,2025-09-29 09:45:24,25.0,14500,25.03,D
sz000400,许继电气,2025-09-29 09:46:00,25.02,10600,25.01,U
sz000400,许继电气,2025-09-29 09:46:06,25.01,8600,25.02,D
sz000400,许继电气,2025-09-29 09:46:15,25.02,15200,25.01,U
sz000400,许继电气,2025-09-29 09:46:18,25.02,16000,25.02,U
sz000400,许继电气,2025-09-29 09:46:21,25.02,8300,25.02,D
sz000400,许继电气,2025-09-29 09:46:30,25.05,10200,25.04,U
sz000400,许继电气,2025-09-29 09:46:33,25.05,10500,25.05,U
sz000400,许继电气,2025-09-29 09:46:36,25.12,115100,25.05,U
sz000400,许继电气,2025-09-29 09:46:42,25.15,11500,25.12,U
sz000400,许继电气,2025-09-29 09:46:48,25.15,17400,25.12,U
sz000400,许继电气,2025-09-29 09:46:51,25.16,8400,25.15,U
sz000400,许继电气,2025-09-29 09:46:54,25.16,12500,25.16,U
sz000400,许继电气,2025-09-29 09:46:57,25.2,27000,25.16,U
sz000400,许继电气,2025-09-29 09:47:00,25.22,19200,25.2,U
sz000400,许继电气,2025-09-29 09:47:03,25.26,140300,25.22,U
sz000400,许继电气,2025-09-29 09:47:06,25.32,9100,25.26,U
sz000400,许继电气,2025-09-29 09:47:09,25.33,27200,25.32,U
sz000400,许继电气,2025-09-29 09:47:12,25.35,19800,25.33,U
sz000400,许继电气,2025-09-29 09:47:15,25.37,18000,25.35,U
sz000400,许继电气,2025-09-29 09:47:18,25.38,31300,25.37,U
sz000400,许继电气,2025-09-29 09:47:21,25.39,159200,25.38,U
sz000400,许继电气,2025-09-29 09:47:24,25.38,77000,25.39,E
sz000400,许继电气,2025-09-29 09:47:27,25.3,97800,25.38,D
sz000400,许继电气,2025-09-29 09:47:30,25.31,45300,25.3,E
sz000400,许继电气,2025-09-29 09:47:33,25.31,36900,25.31,U
sz000400,许继电气,2025-09-29 09:47:36,25.26,34100,25.31,E
sz000400,许继电气,2025-09-29 09:47:39,25.3,16000,25.26,U
sz000400,许继电气,2025-09-29 09:47:42,25.3,34800,25.3,U
sz000400,许继电气,2025-09-29 09:47:45,25.26,62100,25.3,D
sz000400,许继电气,2025-09-29 09:47:48,25.3,8600,25.26,U
sz000400,许继电气,2025-09-29 09:47:51,25.28,42400,25.3,D
sz000400,许继电气,2025-09-29 09:47:54,25.28,20700,25.28,U
sz000400,许继电气,2025-09-29 09:47:57,25.28,18800,25.28,U
sz000400,许继电气,2025-09-29 09:48:00,25.27,49900,25.28,D
sz000400,许继电气,2025-09-29 09:48:03,25.24,68000,25.27,D
sz000400,许继电气,2025-09-29 09:48:06,25.24,9600,25.24,U
sz000400,许继电气,2025-09-29 09:48:09,25.23,9500,25.24,D
sz000400,许继电气,2025-09-29 09:48:12,25.24,55400,25.23,U
sz000400,许继电气,2025-09-29 09:48:15,25.24,8800,25.24,D
sz000400,许继电气,2025-09-29 09:48:21,25.25,51900,25.25,D
sz000400,许继电气,2025-09-29 09:48:27,25.25,34100,25.25,D
sz000400,许继电气,2025-09-29 09:48:30,25.24,37100,25.25,E
sz000400,许继电气,2025-09-29 09:48:33,25.24,35700,25.24,U
sz000400,许继电气,2025-09-29 09:48:36,25.24,18100,25.24,D
sz000400,许继电气,2025-09-29 09:48:39,25.25,38400,25.24,U
sz000400,许继电气,2025-09-29 09:48:42,25.25,31300,25.25,U
sz000400,许继电气,2025-09-29 09:48:48,25.25,11800,25.25,D
sz000400,许继电气,2025-09-29 09:48:54,25.26,10000,25.26,D
sz000400,许继电气,2025-09-29 09:48:57,25.27,66200,25.26,U
sz000400,许继电气,2025-09-29 09:49:03,25.27,28900,25.27,D
sz000400,许继电气,2025-09-29 09:49:06,25.27,11000,25.27,D
sz000400,许继电气,2025-09-29 09:49:09,25.28,16300,25.27,E
sz000400,许继电气,2025-09-29 09:49:12,25.29,20300,25.28,U
sz000400,许继电气,2025-09-29 09:49:15,25.31,12100,25.29,U
sz000400,许继电气,2025-09-29 09:49:18,25.3,32600,25.31,D
sz000400,许继电气,2025-09-29 09:49:21,25.32,27800,25.3,U
sz000400,许继电气,2025-09-29 09:49:24,25.37,31500,25.32,U
sz000400,许继电气,2025-09-29 09:49:27,25.37,15300,25.37,U
sz000400,许继电气,2025-09-29 09:49:30,25.35,13400,25.37,D
sz000400,许继电气,2025-09-29 09:49:33,25.35,72500,25.35,U
sz000400,许继电气,2025-09-29 09:49:36,25.35,102300,25.35,U
sz000400,许继电气,2025-09-29 09:49:39,25.36,15100,25.35,U
sz000400,许继电气,2025-09-29 09:49:42,25.35,14900,25.36,U
sz000400,许继电气,2025-09-29 09:49:45,25.34,26300,25.35,D
sz000400,许继电气,2025-09-29 09:49:48,25.35,30800,25.34,U
sz000400,许继电气,2025-09-29 09:49:51,25.35,53700,25.35,U
sz000400,许继电气,2025-09-29 09:49:54,25.33,26900,25.35,E
sz000400,许继电气,2025-09-29 09:49:57,25.33,21600,25.33,U
sz000400,许继电气,2025-09-29 09:50:00,25.3,30300,25.33,D
sz000400,许继电气,2025-09-29 09:50:03,25.29,66400,25.3,D
sz000400,许继电气,2025-09-29 09:50:06,25.26,39300,25.29,D
sz000400,许继电气,2025-09-29 09:50:09,25.23,12200,25.26,D
sz000400,许继电气,2025-09-29 09:50:12,25.25,16400,25.23,U
sz000400,许继电气,2025-09-29 09:50:18,25.21,10200,25.2,U
sz000400,许继电气,2025-09-29 09:50:21,25.17,13500,25.21,D
sz000400,许继电气,2025-09-29 09:50:27,25.17,8600,25.17,D
sz000400,许继电气,2025-09-29 09:50:30,25.2,12300,25.17,U
sz000400,许继电气,2025-09-29 09:50:39,25.18,14000,25.19,D
sz000400,许继电气,2025-09-29 09:50:42,25.18,16900,25.18,U
sz000400,许继电气,2025-09-29 09:50:45,25.17,15600,25.18,D
sz000400,许继电气,2025-09-29 09:50:48,25.18,8900,25.17,E
sz000400,许继电气,2025-09-29 09:50:54,25.2,10000,25.17,U
sz000400,许继电气,2025-09-29 09:51:03,25.19,10500,25.2,D
sz000400,许继电气,2025-09-29 09:51:06,25.18,25900,25.19,D
sz000400,许继电气,2025-09-29 09:51:15,25.2,11800,25.2,U
sz000400,许继电气,2025-09-29 09:51:18,25.21,8100,25.2,U
sz000400,许继电气,2025-09-29 09:51:21,25.19,91300,25.21,D
sz000400,许继电气,2025-09-29 09:51:24,25.19,42000,25.19,U
sz000400,许继电气,2025-09-29 09:51:27,25.17,12300,25.19,D
sz000400,许继电气,2025-09-29 09:51:30,25.16,16800,25.17,D
sz000400,许继电气,2025-09-29 09:51:36,25.17,15700,25.16,U
sz000400,许继电气,2025-09-29 09:51:39,25.17,8900,25.17,U
sz000400,许继电气,2025-09-29 09:51:42,25.16,13300,25.17,D
sz000400,许继电气,2025-09-29 09:51:51,25.18,8200,25.17,U
sz000400,许继电气,2025-09-29 09:51:54,25.15,53300,25.18,D
sz000400,许继电气,2025-09-29 09:52:12,25.23,10400,25.18,U
sz000400,许继电气,2025-09-29 09:52:15,25.23,21800,25.23,U
sz000400,许继电气,2025-09-29 09:52:21,25.23,21900,25.23,D
sz000400,许继电气,2025-09-29 09:52:27,25.23,17300,25.23,U
sz000400,许继电气,2025-09-29 09:52:30,25.24,15800,25.23,U
sz000400,许继电气,2025-09-29 09:52:33,25.22,9600,25.24,E
sz000400,许继电气,2025-09-29 09:52:36,25.25,10500,25.22,U
sz000400,许继电气,2025-09-29 09:52:39,25.25,8600,25.25,U
sz000400,许继电气,2025-09-29 09:52:54,25.25,16500,25.25,U
sz000400,许继电气,2025-09-29 09:52:57,25.24,106300,25.25,D
sz000400,许继电气,2025-09-29 09:53:00,25.25,35600,25.24,U
sz000400,许继电气,2025-09-29 09:53:03,25.25,28200,25.25,U
sz000400,许继电气,2025-09-29 09:53:12,25.3,12500,25.3,U
sz000400,许继电气,2025-09-29 09:53:15,25.28,9900,25.3,D
sz000400,许继电气,2025-09-29 09:53:18,25.3,105600,25.28,U
sz000400,许继电气,2025-09-29 09:53:21,25.3,15000,25.3,D
sz000400,许继电气,2025-09-29 09:53:24,25.33,13500,25.3,U
sz000400,许继电气,2025-09-29 09:53:27,25.33,16100,25.33,U
sz000400,许继电气,2025-09-29 09:53:33,25.34,20500,25.34,U
sz000400,许继电气,2025-09-29 09:53:36,25.34,32600,25.34,U
sz000400,许继电气,2025-09-29 09:53:39,25.34,9200,25.34,U
sz000400,许继电气,2025-09-29 09:53:45,25.35,18400,25.35,U
sz000400,许继电气,2025-09-29 09:53:48,25.35,15700,25.35,U
sz000400,许继电气,2025-09-29 09:53:51,25.35,97700,25.35,D
sz000400,许继电气,2025-09-29 09:53:54,25.36,91500,25.35,U
sz000400,许继电气,2025-09-29 09:53:57,25.36,34200,25.36,U
sz000400,许继电气,2025-09-29 09:54:00,25.36,20600,25.36,D
sz000400,许继电气,2025-09-29 09:54:03,25.37,48600,25.36,U
sz000400,许继电气,2025-09-29 09:54:06,25.4,67800,25.37,U
sz000400,许继电气,2025-09-29 09:54:09,25.4,14100,25.4,D
sz000400,许继电气,2025-09-29 09:54:15,25.44,11300,25.42,U
sz000400,许继电气,2025-09-29 09:54:18,25.44,22000,25.44,U
sz000400,许继电气,2025-09-29 09:54:21,25.45,59400,25.44,U
sz000400,许继电气,2025-09-29 09:54:24,25.45,27800,25.45,U
sz000400,许继电气,2025-09-29 09:54:27,25.45,58700,25.45,U
sz000400,许继电气,2025-09-29 09:54:30,25.44,28700,25.45,D
sz000400,许继电气,2025-09-29 09:54:33,25.45,49400,25.44,U
sz000400,许继电气,2025-09-29 09:54:36,25.44,8300,25.45,E
sz000400,许继电气,2025-09-29 09:54:39,25.44,53500,25.44,D
sz000400,许继电气,2025-09-29 09:54:42,25.45,54500,25.44,U
sz000400,许继电气,2025-09-29 09:54:45,25.46,15200,25.45,U
sz000400,许继电气,2025-09-29 09:54:48,25.46,35973,25.46,U
sz000400,许继电气,2025-09-29 09:54:51,25.45,99027,25.46,D
sz000400,许继电气,2025-09-29 09:54:54,25.44,66900,25.45,E
sz000400,许继电气,2025-09-29 09:54:57,25.42,43600,25.44,D
sz000400,许继电气,2025-09-29 09:55:00,25.43,48400,25.42,U
sz000400,许继电气,2025-09-29 09:55:03,25.4,25500,25.43,D
sz000400,许继电气,2025-09-29 09:55:06,25.4,46000,25.4,D
sz000400,许继电气,2025-09-29 09:55:09,25.36,64500,25.4,D
sz000400,许继电气,2025-09-29 09:55:12,25.35,61200,25.36,E
sz000400,许继电气,2025-09-29 09:55:15,25.32,106200,25.35,D
sz000400,许继电气,2025-09-29 09:55:21,25.34,10800,25.34,D
sz000400,许继电气,2025-09-29 09:55:27,25.34,17500,25.35,D
sz000400,许继电气,2025-09-29 09:55:30,25.35,12600,25.34,U
sz000400,许继电气,2025-09-29 09:55:33,25.35,10200,25.35,U
sz000400,许继电气,2025-09-29 09:55:36,25.35,24900,25.35,U
sz000400,许继电气,2025-09-29 09:55:39,25.35,10000,25.35,D
sz000400,许继电气,2025-09-29 09:55:42,25.34,13600,25.35,D
sz000400,许继电气,2025-09-29 09:55:45,25.33,9200,25.34,D
sz000400,许继电气,2025-09-29 09:55:51,25.34,15200,25.34,U
sz000400,许继电气,2025-09-29 09:55:54,25.33,11100,25.34,D
sz000400,许继电气,2025-09-29 09:55:57,25.33,8200,25.33,U
sz000400,许继电气,2025-09-29 09:56:03,25.34,27200,25.33,U
sz000400,许继电气,2025-09-29 09:56:06,25.35,12700,25.34,U
sz000400,许继电气,2025-09-29 09:56:09,25.36,41900,25.35,U
sz000400,许继电气,2025-09-29 09:56:12,25.39,8900,25.36,U
sz000400,许继电气,2025-09-29 09:56:18,25.4,23400,25.39,U
sz000400,许继电气,2025-09-29 09:56:24,25.41,12500,25.4,U
sz000400,许继电气,2025-09-29 09:56:27,25.4,12400,25.41,D
sz000400,许继电气,2025-09-29 09:56:30,25.42,35400,25.4,U
sz000400,许继电气,2025-09-29 09:56:33,25.44,23900,25.42,U
sz000400,许继电气,2025-09-29 09:56:36,25.44,14700,25.44,U
sz000400,许继电气,2025-09-29 09:56:39,25.44,42200,25.44,U
sz000400,许继电气,2025-09-29 09:56:42,25.44,28300,25.44,D
sz000400,许继电气,2025-09-29 09:56:45,25.45,65273,25.44,U
sz000400,许继电气,2025-09-29 09:56:48,25.46,22000,25.45,U
sz000400,许继电气,2025-09-29 09:56:51,25.46,14200,25.46,U
sz000400,许继电气,2025-09-29 09:56:54,25.48,20000,25.46,U
sz000400,许继电气,2025-09-29 09:56:57,25.48,50500,25.48,U
sz000400,许继电气,2025-09-29 09:57:00,25.48,31200,25.48,U
sz000400,许继电气,2025-09-29 09:57:03,25.49,58500,25.48,U
sz000400,许继电气,2025-09-29 09:57:06,25.49,53400,25.49,U
sz000400,许继电气,2025-09-29 09:57:09,25.5,45300,25.49,U
sz000400,许继电气,2025-09-29 09:57:12,25.5,64000,25.5,U
sz000400,许继电气,2025-09-29 09:57:15,25.5,44900,25.5,U
sz000400,许继电气,2025-09-29 09:57:18,25.49,94800,25.5,D
sz000400,许继电气,2025-09-29 09:57:21,25.5,30800,25.49,U
sz000400,许继电气,2025-09-29 09:57:24,25.5,38900,25.5,U
sz000400,许继电气,2025-09-29 09:57:27,25.5,45100,25.5,U
sz000400,许继电气,2025-09-29 09:57:30,25.5,47200,25.5,U
sz000400,许继电气,2025-09-29 09:57:33,25.5,21000,25.5,D
sz000400,许继电气,2025-09-29 09:57:36,25.5,80200,25.5,D
sz000400,许继电气,2025-09-29 09:57:39,25.47,76100,25.5,D
sz000400,许继电气,2025-09-29 09:57:42,25.5,13400,25.47,U
sz000400,许继电气,2025-09-29 09:57:45,25.48,17100,25.5,U
sz000400,许继电气,2025-09-29 09:57:48,25.49,60800,25.48,U
sz000400,许继电气,2025-09-29 09:57:51,25.5,31900,25.49,U
sz000400,许继电气,2025-09-29 09:57:54,25.5,23600,25.5,U
sz000400,许继电气,2025-09-29 09:57:57,25.5,18000,25.5,U
sz000400,许继电气,2025-09-29 09:58:00,25.51,39590,25.5,U
sz000400,许继电气,2025-09-29 09:58:03,25.53,13100,25.51,U
sz000400,许继电气,2025-09-29 09:58:06,25.54,18600,25.53,U
sz000400,许继电气,2025-09-29 09:58:09,25.53,10200,25.54,E
sz000400,许继电气,2025-09-29 09:58:12,25.54,16400,25.53,U
sz000400,许继电气,2025-09-29 09:58:15,25.54,21300,25.54,U
sz000400,许继电气,2025-09-29 09:58:18,25.55,27600,25.54,U
sz000400,许继电气,2025-09-29 09:58:21,25.55,61400,25.55,U
sz000400,许继电气,2025-09-29 09:58:24,25.56,51100,25.55,U
sz000400,许继电气,2025-09-29 09:58:27,25.56,83900,25.56,U
sz000400,许继电气,2025-09-29 09:58:30,25.57,75800,25.56,U
sz000400,许继电气,2025-09-29 09:58:33,25.57,14600,25.57,D
sz000400,许继电气,2025-09-29 09:58:36,25.59,12400,25.57,U
sz000400,许继电气,2025-09-29 09:58:39,25.6,39500,25.59,U
sz000400,许继电气,2025-09-29 09:58:42,25.6,46800,25.6,U
sz000400,许继电气,2025-09-29 09:58:45,25.55,300300,25.6,D
sz000400,许继电气,2025-09-29 09:58:48,25.51,45600,25.55,D
sz000400,许继电气,2025-09-29 09:58:51,25.54,54400,25.51,U
sz000400,许继电气,2025-09-29 09:58:54,25.52,13300,25.54,D
sz000400,许继电气,2025-09-29 09:58:57,25.54,23200,25.52,E
sz000400,许继电气,2025-09-29 09:59:00,25.55,25100,25.54,U
sz000400,许继电气,2025-09-29 09:59:03,25.52,136600,25.55,D
sz000400,许继电气,2025-09-29 09:59:06,25.52,37300,25.52,D
sz000400,许继电气,2025-09-29 09:59:09,25.53,26600,25.52,U
sz000400,许继电气,2025-09-29 09:59:12,25.51,23500,25.53,D
sz000400,许继电气,2025-09-29 09:59:15,25.52,17600,25.51,E
sz000400,许继电气,2025-09-29 09:59:18,25.51,21700,25.52,D
sz000400,许继电气,2025-09-29 09:59:21,25.52,21200,25.51,U
sz000400,许继电气,2025-09-29 09:59:24,25.51,41400,25.52,D
sz000400,许继电气,2025-09-29 09:59:27,25.51,30700,25.51,D
sz000400,许继电气,2025-09-29 09:59:30,25.5,12000,25.51,D
sz000400,许继电气,2025-09-29 09:59:33,25.49,11300,25.5,D
sz000400,许继电气,2025-09-29 09:59:36,25.49,28100,25.49,D
sz000400,许继电气,2025-09-29 09:59:39,25.48,35000,25.49,D
sz000400,许继电气,2025-09-29 09:59:42,25.46,52900,25.48,D
sz000400,许继电气,2025-09-29 09:59:45,25.46,9500,25.46,D
sz000400,许继电气,2025-09-29 09:59:51,25.46,16000,25.45,U
sz000400,许继电气,2025-09-29 09:59:54,25.45,11100,25.46,D
sz000400,许继电气,2025-09-29 10:00:03,25.47,10300,25.46,U
sz000400,许继电气,2025-09-29 10:00:06,25.47,8800,25.47,U
sz000400,许继电气,2025-09-29 10:00:09,25.47,9300,25.47,D
sz000400,许继电气,2025-09-29 10:00:15,25.47,13100,25.47,D
sz000400,许继电气,2025-09-29 10:00:18,25.48,29600,25.47,U
sz000400,许继电气,2025-09-29 10:00:24,25.48,8200,25.48,D
sz000400,许继电气,2025-09-29 10:00:27,25.46,20200,25.48,D
sz000400,许继电气,2025-09-29 10:00:30,25.48,13900,25.46,U
sz000400,许继电气,2025-09-29 10:00:33,25.48,9800,25.48,U
sz000400,许继电气,2025-09-29 10:00:36,25.47,11100,25.48,D
sz000400,许继电气,2025-09-29 10:00:42,25.48,10400,25.48,U
sz000400,许继电气,2025-09-29 10:00:45,25.48,10800,25.48,D
sz000400,许继电气,2025-09-29 10:00:48,25.48,11200,25.48,D
sz000400,许继电气,2025-09-29 10:00:51,25.49,10300,25.48,U
sz000400,许继电气,2025-09-29 10:00:54,25.49,21000,25.49,U
sz000400,许继电气,2025-09-29 10:00:57,25.48,19300,25.49,D
sz000400,许继电气,2025-09-29 10:01:00,25.47,8000,25.48,D
sz000400,许继电气,2025-09-29 10:01:03,25.48,63200,25.47,E
sz000400,许继电气,2025-09-29 10:01:06,25.5,14100,25.48,U
sz000400,许继电气,2025-09-29 10:01:12,25.51,10300,25.5,U
sz000400,许继电气,2025-09-29 10:01:15,25.51,43100,25.51,U
sz000400,许继电气,2025-09-29 10:01:24,25.54,21700,25.52,U
sz000400,许继电气,2025-09-29 10:01:33,25.54,17200,25.53,U
sz000400,许继电气,2025-09-29 10:01:36,25.53,8800,25.54,D
sz000400,许继电气,2025-09-29 10:01:39,25.53,10100,25.53,D
sz000400,许继电气,2025-09-29 10:01:42,25.53,10300,25.53,D
sz000400,许继电气,2025-09-29 10:01:48,25.53,17600,25.54,D
sz000400,许继电气,2025-09-29 10:01:51,25.54,72400,25.53,E
sz000400,许继电气,2025-09-29 10:01:54,25.52,31800,25.54,D
sz000400,许继电气,2025-09-29 10:01:57,25.51,12400,25.52,D
sz000400,许继电气,2025-09-29 10:02:00,25.51,78400,25.51,D
sz000400,许继电气,2025-09-29 10:02:09,25.48,9200,25.49,D
sz000400,许继电气,2025-09-29 10:02:12,25.47,34700,25.48,D
sz000400,许继电气,2025-09-29 10:02:15,25.48,9800,25.47,U
sz000400,许继电气,2025-09-29 10:02:18,25.46,68400,25.48,D
sz000400,许继电气,2025-09-29 10:02:27,25.47,23250,25.46,U
sz000400,许继电气,2025-09-29 10:02:30,25.47,17100,25.47,U
sz000400,许继电气,2025-09-29 10:02:33,25.48,29000,25.47,U
sz000400,许继电气,2025-09-29 10:02:51,25.5,10700,25.5,U
sz000400,许继电气,2025-09-29 10:02:54,25.5,11600,25.5,U
sz000400,许继电气,2025-09-29 10:03:00,25.47,26700,25.49,D
sz000400,许继电气,2025-09-29 10:03:06,25.47,13900,25.48,D
sz000400,许继电气,2025-09-29 10:03:09,25.47,28600,25.47,D
sz000400,许继电气,2025-09-29 10:03:12,25.49,14400,25.47,E
sz000400,许继电气,2025-09-29 10:03:15,25.47,8000,25.49,D
sz000400,许继电气,2025-09-29 10:03:18,25.49,12600,25.47,U
sz000400,许继电气,2025-09-29 10:03:27,25.48,19500,25.47,D
sz000400,许继电气,2025-09-29 10:03:30,25.49,9500,25.48,U
sz000400,许继电气,2025-09-29 10:03:33,25.48,14700,25.49,U
sz000400,许继电气,2025-09-29 10:03:36,25.48,10600,25.48,U
sz000400,许继电气,2025-09-29 10:03:42,25.48,9000,25.47,U
sz000400,许继电气,2025-09-29 10:03:45,25.47,14600,25.48,D
sz000400,许继电气,2025-09-29 10:03:51,25.48,11300,25.48,D
sz000400,许继电气,2025-09-29 10:04:09,25.47,10600,25.47,D
sz000400,许继电气,2025-09-29 10:04:12,25.48,10300,25.47,U
sz000400,许继电气,2025-09-29 10:04:15,25.47,10900,25.48,D
sz000400,许继电气,2025-09-29 10:04:18,25.48,12700,25.47,U
sz000400,许继电气,2025-09-29 10:04:27,25.47,28100,25.47,D
sz000400,许继电气,2025-09-29 10:04:30,25.47,8147,25.47,D
sz000400,许继电气,2025-09-29 10:04:33,25.47,8600,25.47,U
sz000400,许继电气,2025-09-29 10:04:42,25.55,285953,25.46,U
sz000400,许继电气,2025-09-29 10:04:45,25.53,28000,25.55,D
sz000400,许继电气,2025-09-29 10:04:51,25.58,9900,25.56,U
sz000400,许继电气,2025-09-29 10:04:54,25.58,11000,25.58,U
sz000400,许继电气,2025-09-29 10:05:00,25.58,13400,25.58,U
sz000400,许继电气,2025-09-29 10:05:06,25.59,25700,25.59,U
sz000400,许继电气,2025-09-29 10:05:09,25.6,66600,25.59,U
sz000400,许继电气,2025-09-29 10:05:12,25.6,14800,25.6,U
sz000400,许继电气,2025-09-29 10:05:15,25.61,14900,25.6,U
sz000400,许继电气,2025-09-29 10:05:18,25.59,30500,25.61,D
sz000400,许继电气,2025-09-29 10:05:21,25.58,45600,25.59,D
sz000400,许继电气,2025-09-29 10:05:24,25.6,10200,25.58,U
sz000400,许继电气,2025-09-29 10:05:27,25.59,40800,25.6,D
sz000400,许继电气,2025-09-29 10:05:30,25.6,31500,25.59,U
sz000400,许继电气,2025-09-29 10:05:33,25.59,11600,25.6,D
sz000400,许继电气,2025-09-29 10:05:36,25.6,12800,25.59,U
sz000400,许继电气,2025-09-29 10:05:39,25.6,45300,25.6,D
sz000400,许继电气,2025-09-29 10:05:42,25.61,8500,25.6,U
sz000400,许继电气,2025-09-29 10:05:45,25.6,10100,25.61,D
sz000400,许继电气,2025-09-29 10:05:54,25.63,11900,25.62,U
sz000400,许继电气,2025-09-29 10:05:57,25.63,17800,25.63,U
sz000400,许继电气,2025-09-29 10:06:03,25.63,27700,25.63,D
sz000400,许继电气,2025-09-29 10:06:06,25.63,45700,25.63,D
sz000400,许继电气,2025-09-29 10:06:12,25.66,86779,25.65,U
sz000400,许继电气,2025-09-29 10:06:15,25.64,37600,25.66,D
sz000400,许继电气,2025-09-29 10:06:18,25.62,195621,25.64,D
sz000400,许继电气,2025-09-29 10:06:21,25.6,28500,25.62,E
sz000400,许继电气,2025-09-29 10:06:24,25.6,10900,25.6,U
sz000400,许继电气,2025-09-29 10:06:33,25.56,14300,25.56,U
sz000400,许继电气,2025-09-29 10:06:36,25.56,10800,25.56,D
sz000400,许继电气,2025-09-29 10:06:39,25.56,9700,25.56,D
sz000400,许继电气,2025-09-29 10:06:48,25.56,8200,25.55,U
sz000400,许继电气,2025-09-29 10:06:51,25.54,8500,25.56,D
sz000400,许继电气,2025-09-29 10:06:57,25.53,10400,25.54,D
sz000400,许继电气,2025-09-29 10:07:24,25.54,14700,25.54,U
sz000400,许继电气,2025-09-29 10:07:27,25.54,13500,25.54,U
sz000400,许继电气,2025-09-29 10:07:36,25.54,9700,25.54,D
sz000400,许继电气,2025-09-29 10:07:42,25.55,15000,25.55,U
sz000400,许继电气,2025-09-29 10:07:51,25.56,17100,25.56,U
sz000400,许继电气,2025-09-29 10:08:00,25.57,12300,25.56,U
sz000400,许继电气,2025-09-29 10:08:03,25.57,31500,25.57,U
sz000400,许继电气,2025-09-29 10:08:06,25.57,12300,25.57,D
sz000400,许继电气,2025-09-29 10:08:09,25.56,15600,25.57,D
sz000400,许继电气,2025-09-29 10:08:15,25.55,8300,25.56,D
sz000400,许继电气,2025-09-29 10:08:18,25.54,60900,25.55,D
sz000400,许继电气,2025-09-29 10:08:27,25.52,9300,25.52,D
sz000400,许继电气,2025-09-29 10:08:30,25.56,48300,25.52,U
sz000400,许继电气,2025-09-29 10:08:33,25.53,14800,25.56,D
sz000400,许继电气,2025-09-29 10:08:42,25.52,7900,25.52,U
sz000400,许继电气,2025-09-29 10:08:45,25.52,8700,25.52,U
sz000400,许继电气,2025-09-29 10:08:48,25.51,37700,25.52,D
sz000400,许继电气,2025-09-29 10:09:06,25.5,15500,25.5,D
sz000400,许继电气,2025-09-29 10:09:09,25.5,18500,25.5,D
sz000400,许继电气,2025-09-29 10:09:15,25.5,9200,25.5,D
sz000400,许继电气,2025-09-29 10:09:18,25.5,53900,25.5,D
sz000400,许继电气,2025-09-29 10:09:21,25.5,20500,25.5,D
sz000400,许继电气,2025-09-29 10:09:27,25.5,11200,25.5,U
sz000400,许继电气,2025-09-29 10:09:36,25.49,35800,25.49,D
sz000400,许继电气,2025-09-29 10:09:51,25.46,22200,25.46,D
sz000400,许继电气,2025-09-29 10:09:57,25.45,13700,25.45,D
sz000400,许继电气,2025-09-29 10:10:00,25.45,22900,25.45,D
sz000400,许继电气,2025-09-29 10:10:09,25.44,8900,25.44,D
sz000400,许继电气,2025-09-29 10:10:12,25.45,44300,25.44,U
sz000400,许继电气,2025-09-29 10:10:15,25.45,39300,25.45,D
sz000400,许继电气,2025-09-29 10:10:21,25.48,9500,25.46,U
sz000400,许继电气,2025-09-29 10:10:39,25.51,24100,25.5,U
sz000400,许继电气,2025-09-29 10:10:45,25.52,8800,25.5,U
sz000400,许继电气,2025-09-29 10:10:51,25.53,8000,25.52,U
sz000400,许继电气,2025-09-29 10:10:54,25.53,20800,25.53,U
sz000400,许继电气,2025-09-29 10:10:57,25.53,10200,25.53,U
sz000400,许继电气,2025-09-29 10:11:12,25.54,9800,25.55,D
sz000400,许继电气,2025-09-29 10:11:18,25.55,10300,25.55,U
sz000400,许继电气,2025-09-29 10:11:21,25.55,22400,25.55,U
sz000400,许继电气,2025-09-29 10:11:30,25.54,8200,25.55,D
sz000400,许继电气,2025-09-29 10:11:33,25.55,9800,25.54,U
sz000400,许继电气,2025-09-29 10:11:42,25.55,12200,25.55,U
sz000400,许继电气,2025-09-29 10:11:48,25.54,12600,25.53,U
sz000400,许继电气,2025-09-29 10:12:21,25.53,13600,25.54,D
sz000400,许继电气,2025-09-29 10:12:33,25.53,15600,25.53,U
sz000400,许继电气,2025-09-29 10:12:39,25.51,12500,25.52,D
sz000400,许继电气,2025-09-29 10:12:54,25.5,28300,25.51,D
sz000400,许继电气,2025-09-29 10:13:09,25.5,35100,25.49,U
sz000400,许继电气,2025-09-29 10:13:12,25.5,11800,25.5,D
sz000400,许继电气,2025-09-29 10:13:15,25.52,31200,25.5,U
sz000400,许继电气,2025-09-29 10:13:21,25.51,13200,25.52,D
sz000400,许继电气,2025-09-29 10:13:24,25.53,24700,25.51,U
sz000400,许继电气,2025-09-29 10:13:36,25.53,9200,25.53,U
sz000400,许继电气,2025-09-29 10:13:42,25.52,9800,25.53,D
sz000400,许继电气,2025-09-29 10:13:45,25.52,8900,25.52,U
sz000400,许继电气,2025-09-29 10:14:00,25.52,52300,25.52,D
sz000400,许继电气,2025-09-29 10:14:36,25.55,10600,25.54,U
sz000400,许继电气,2025-09-29 10:14:39,25.55,27579,25.55,U
sz000400,许继电气,2025-09-29 10:14:48,25.56,8100,25.55,U
sz000400,许继电气,2025-09-29 10:14:54,25.56,25100,25.56,U
sz000400,许继电气,2025-09-29 10:14:57,25.57,8000,25.56,U
sz000400,许继电气,2025-09-29 10:15:18,25.57,18200,25.58,D
sz000400,许继电气,2025-09-29 10:15:24,25.62,195900,25.58,U
sz000400,许继电气,2025-09-29 10:15:30,25.68,193600,25.63,U
sz000400,许继电气,2025-09-29 10:15:33,25.68,9600,25.68,U
sz000400,许继电气,2025-09-29 10:15:36,25.66,20600,25.68,D
sz000400,许继电气,2025-09-29 10:15:39,25.69,27800,25.66,U
sz000400,许继电气,2025-09-29 10:15:42,25.69,38500,25.69,U
sz000400,许继电气,2025-09-29 10:15:45,25.69,34700,25.69,D
sz000400,许继电气,2025-09-29 10:15:48,25.69,41400,25.69,U
sz000400,许继电气,2025-09-29 10:15:51,25.69,83800,25.69,D
sz000400,许继电气,2025-09-29 10:15:54,25.67,25400,25.69,D
sz000400,许继电气,2025-09-29 10:15:57,25.68,34900,25.67,U
sz000400,许继电气,2025-09-29 10:16:00,25.63,21300,25.68,D
sz000400,许继电气,2025-09-29 10:16:03,25.66,10000,25.63,E
sz000400,许继电气,2025-09-29 10:16:06,25.67,24400,25.66,U
sz000400,许继电气,2025-09-29 10:16:18,25.63,9700,25.65,D
sz000400,许继电气,2025-09-29 10:16:21,25.65,10500,25.63,U
sz000400,许继电气,2025-09-29 10:16:24,25.66,20200,25.65,U
sz000400,许继电气,2025-09-29 10:16:27,25.65,14300,25.66,E
sz000400,许继电气,2025-09-29 10:16:30,25.66,40000,25.65,U
sz000400,许继电气,2025-09-29 10:16:33,25.67,18900,25.66,U
sz000400,许继电气,2025-09-29 10:16:42,25.66,9400,25.66,D
sz000400,许继电气,2025-09-29 10:16:48,25.67,37800,25.66,U
sz000400,许继电气,2025-09-29 10:16:51,25.68,20500,25.67,U
sz000400,许继电气,2025-09-29 10:16:54,25.66,12400,25.68,E
sz000400,许继电气,2025-09-29 10:17:03,25.66,16600,25.67,D
sz000400,许继电气,2025-09-29 10:17:06,25.66,24100,25.66,D
sz000400,许继电气,2025-09-29 10:17:09,25.66,20700,25.66,D
sz000400,许继电气,2025-09-29 10:17:12,25.66,16400,25.66,U
sz000400,许继电气,2025-09-29 10:17:21,25.64,21500,25.65,D
sz000400,许继电气,2025-09-29 10:17:24,25.66,13500,25.64,U
sz000400,许继电气,2025-09-29 10:17:33,25.66,8500,25.65,U
sz000400,许继电气,2025-09-29 10:17:39,25.65,16900,25.64,U
sz000400,许继电气,2025-09-29 10:17:51,25.65,13100,25.66,D
sz000400,许继电气,2025-09-29 10:18:03,25.64,10500,25.65,D
sz000400,许继电气,2025-09-29 10:18:06,25.63,21900,25.64,D
sz000400,许继电气,2025-09-29 10:18:09,25.62,13200,25.63,D
sz000400,许继电气,2025-09-29 10:18:12,25.64,64800,25.62,U
sz000400,许继电气,2025-09-29 10:18:24,25.61,18900,25.62,D
sz000400,许继电气,2025-09-29 10:18:33,25.61,15800,25.6,U
sz000400,许继电气,2025-09-29 10:18:54,25.58,8000,25.58,D
sz000400,许继电气,2025-09-29 10:18:57,25.58,14500,25.58,D
sz000400,许继电气,2025-09-29 10:19:00,25.58,11400,25.58,U
sz000400,许继电气,2025-09-29 10:19:03,25.58,21500,25.58,D
sz000400,许继电气,2025-09-29 10:19:15,25.56,10100,25.56,D
sz000400,许继电气,2025-09-29 10:19:18,25.56,9900,25.56,U
sz000400,许继电气,2025-09-29 10:19:36,25.55,16300,25.55,D
sz000400,许继电气,2025-09-29 10:19:42,25.57,8800,25.57,U
sz000400,许继电气,2025-09-29 10:20:00,25.57,8400,25.57,U
sz000400,许继电气,2025-09-29 10:20:06,25.58,9500,25.58,U
sz000400,许继电气,2025-09-29 10:20:36,25.62,10500,25.62,U
sz000400,许继电气,2025-09-29 10:20:39,25.63,18800,25.62,U
sz000400,许继电气,2025-09-29 10:20:42,25.63,35400,25.63,U
sz000400,许继电气,2025-09-29 10:20:45,25.62,11600,25.63,D
sz000400,许继电气,2025-09-29 10:20:51,25.6,21000,25.62,D
sz000400,许继电气,2025-09-29 10:21:18,25.64,35100,25.61,U
sz000400,许继电气,2025-09-29 10:21:33,25.65,8000,25.65,U
sz000400,许继电气,2025-09-29 10:21:39,25.65,17800,25.65,U
sz000400,许继电气,2025-09-29 10:21:42,25.65,10100,25.65,U
sz000400,许继电气,2025-09-29 10:21:45,25.66,14800,25.65,U
sz000400,许继电气,2025-09-29 10:22:00,25.64,21000,25.65,D
sz000400,许继电气,2025-09-29 10:22:03,25.65,9100,25.64,U
sz000400,许继电气,2025-09-29 10:22:09,25.61,29400,25.64,D
sz000400,许继电气,2025-09-29 10:22:12,25.6,29200,25.61,D
sz000400,许继电气,2025-09-29 10:22:21,25.58,25200,25.6,D
sz000400,许继电气,2025-09-29 10:22:24,25.58,24700,25.58,D
sz000400,许继电气,2025-09-29 10:22:30,25.58,14000,25.59,D
sz000400,许继电气,2025-09-29 10:22:39,25.56,18600,25.57,D
sz000400,许继电气,2025-09-29 10:22:48,25.57,23600,25.57,D
sz000400,许继电气,2025-09-29 10:23:06,25.57,11300,25.56,U
sz000400,许继电气,2025-09-29 10:23:12,25.57,12700,25.57,D
sz000400,许继电气,2025-09-29 10:23:15,25.59,18400,25.57,U
sz000400,许继电气,2025-09-29 10:23:24,25.6,10000,25.59,U
sz000400,许继电气,2025-09-29 10:23:42,25.59,10900,25.6,D
sz000400,许继电气,2025-09-29 10:23:48,25.6,10500,25.59,U
sz000400,许继电气,2025-09-29 10:23:51,25.6,8100,25.6,D
sz000400,许继电气,2025-09-29 10:23:54,25.61,8100,25.6,U
sz000400,许继电气,2025-09-29 10:23:57,25.62,8400,25.61,U
sz000400,许继电气,2025-09-29 10:24:21,25.63,13800,25.63,D
sz000400,许继电气,2025-09-29 10:24:24,25.63,11400,25.63,D
sz000400,许继电气,2025-09-29 10:24:27,25.63,8300,25.63,U
sz000400,许继电气,2025-09-29 10:24:30,25.63,19100,25.63,U
sz000400,许继电气,2025-09-29 10:24:39,25.63,11900,25.64,D
sz000400,许继电气,2025-09-29 10:25:03,25.64,11500,25.63,U
sz000400,许继电气,2025-09-29 10:25:15,25.64,18400,25.64,U
sz000400,许继电气,2025-09-29 10:25:24,25.66,31000,25.64,U
sz000400,许继电气,2025-09-29 10:25:36,25.66,14900,25.66,U
sz000400,许继电气,2025-09-29 10:25:42,25.66,15100,25.66,U
sz000400,许继电气,2025-09-29 10:25:51,25.67,10400,25.66,U
sz000400,许继电气,2025-09-29 10:25:57,25.66,14300,25.67,D
sz000400,许继电气,2025-09-29 10:26:03,25.67,11800,25.66,U
sz000400,许继电气,2025-09-29 10:26:06,25.65,174300,25.67,D
sz000400,许继电气,2025-09-29 10:26:09,25.67,7900,25.65,U
sz000400,许继电气,2025-09-29 10:26:15,25.65,8800,25.65,U
sz000400,许继电气,2025-09-29 10:26:36,25.63,19700,25.64,D
sz000400,许继电气,2025-09-29 10:26:39,25.63,8700,25.63,U
sz000400,许继电气,2025-09-29 10:26:42,25.62,9400,25.63,D
sz000400,许继电气,2025-09-29 10:26:45,25.61,13600,25.62,D
sz000400,许继电气,2025-09-29 10:26:48,25.62,13800,25.61,U
sz000400,许继电气,2025-09-29 10:26:51,25.62,17300,25.62,D
sz000400,许继电气,2025-09-29 10:27:06,25.63,53000,25.61,U
sz000400,许继电气,2025-09-29 10:27:09,25.61,9400,25.63,D
sz000400,许继电气,2025-09-29 10:27:12,25.61,10600,25.61,D
sz000400,许继电气,2025-09-29 10:27:18,25.62,15300,25.62,U
sz000400,许继电气,2025-09-29 10:27:21,25.61,8300,25.62,D
sz000400,许继电气,2025-09-29 10:27:33,25.62,20800,25.6,U
sz000400,许继电气,2025-09-29 10:28:03,25.61,10500,25.61,U
sz000400,许继电气,2025-09-29 10:28:21,25.59,30200,25.61,D
sz000400,许继电气,2025-09-29 10:28:24,25.6,32200,25.59,E
sz000400,许继电气,2025-09-29 10:28:30,25.59,62321,25.57,U
sz000400,许继电气,2025-09-29 10:28:33,25.55,14100,25.59,D
sz000400,许继电气,2025-09-29 10:28:39,25.55,9100,25.55,D
sz000400,许继电气,2025-09-29 10:29:06,25.52,25600,25.52,D
sz000400,许继电气,2025-09-29 10:29:12,25.52,35800,25.52,D
sz000400,许继电气,2025-09-29 10:29:15,25.54,71400,25.52,U
sz000400,许继电气,2025-09-29 10:29:18,25.55,9800,25.54,U
sz000400,许继电气,2025-09-29 10:29:24,25.54,15100,25.55,E
sz000400,许继电气,2025-09-29 10:29:33,25.55,8300,25.54,U
sz000400,许继电气,2025-09-29 10:29:48,25.54,18099,25.56,D
sz000400,许继电气,2025-09-29 10:29:54,25.55,58701,25.54,U
sz000400,许继电气,2025-09-29 10:30:18,25.6,8000,25.59,U
sz000400,许继电气,2025-09-29 10:30:21,25.61,12400,25.6,U
sz000400,许继电气,2025-09-29 10:31:03,25.61,23700,25.62,D
sz000400,许继电气,2025-09-29 10:31:18,25.62,10100,25.6,U
sz000400,许继电气,2025-09-29 10:31:36,25.61,14000,25.61,D
sz000400,许继电气,2025-09-29 10:31:45,25.61,10800,25.61,D
sz000400,许继电气,2025-09-29 10:31:48,25.61,9500,25.61,D
sz000400,许继电气,2025-09-29 10:31:51,25.61,36900,25.61,D
sz000400,许继电气,2025-09-29 10:32:27,25.58,17200,25.59,D
sz000400,许继电气,2025-09-29 10:32:45,25.56,15900,25.57,D
sz000400,许继电气,2025-09-29 10:32:51,25.59,55100,25.57,U
sz000400,许继电气,2025-09-29 10:32:54,25.58,10900,25.59,D
sz000400,许继电气,2025-09-29 10:32:57,25.59,42729,25.58,U
sz000400,许继电气,2025-09-29 10:33:00,25.6,27100,25.59,U
sz000400,许继电气,2025-09-29 10:33:09,25.62,8200,25.59,U
sz000400,许继电气,2025-09-29 10:33:45,25.55,12000,25.56,D
sz000400,许继电气,2025-09-29 10:33:48,25.56,31200,25.55,D
sz000400,许继电气,2025-09-29 10:33:51,25.57,9500,25.56,U
sz000400,许继电气,2025-09-29 10:34:15,25.58,23800,25.58,U
sz000400,许继电气,2025-09-29 10:34:18,25.61,10500,25.58,U
sz000400,许继电气,2025-09-29 10:34:24,25.61,8800,25.61,U
sz000400,许继电气,2025-09-29 10:34:27,25.61,21800,25.61,U
sz000400,许继电气,2025-09-29 10:34:30,25.63,18300,25.61,U
sz000400,许继电气,2025-09-29 10:34:33,25.66,75000,25.63,U
sz000400,许继电气,2025-09-29 10:34:36,25.66,27800,25.66,U
sz000400,许继电气,2025-09-29 10:34:48,25.67,17800,25.66,U
sz000400,许继电气,2025-09-29 10:34:54,25.68,14200,25.67,U
sz000400,许继电气,2025-09-29 10:34:57,25.68,14800,25.68,U
sz000400,许继电气,2025-09-29 10:35:03,25.68,10200,25.68,U
sz000400,许继电气,2025-09-29 10:35:06,25.67,15500,25.68,D
sz000400,许继电气,2025-09-29 10:35:12,25.66,37600,25.67,D
sz000400,许继电气,2025-09-29 10:35:18,25.62,13100,25.61,E
sz000400,许继电气,2025-09-29 10:35:24,25.65,13400,25.66,E
sz000400,许继电气,2025-09-29 10:35:27,25.67,22200,25.65,U
sz000400,许继电气,2025-09-29 10:36:18,25.63,11300,25.66,D
sz000400,许继电气,2025-09-29 10:36:54,25.62,16700,25.62,U
sz000400,许继电气,2025-09-29 10:38:03,25.62,13000,25.62,U
sz000400,许继电气,2025-09-29 10:38:27,25.62,23100,25.62,U
sz000400,许继电气,2025-09-29 10:39:06,25.61,11800,25.61,D
sz000400,许继电气,2025-09-29 10:39:12,25.61,8500,25.61,D
sz000400,许继电气,2025-09-29 10:39:42,25.6,8300,25.61,D
sz000400,许继电气,2025-09-29 10:39:45,25.6,11200,25.6,D
sz000400,许继电气,2025-09-29 10:39:54,25.6,8300,25.6,D
sz000400,许继电气,2025-09-29 10:40:03,25.6,9500,25.61,D
sz000400,许继电气,2025-09-29 10:40:21,25.6,8600,25.6,D
sz000400,许继电气,2025-09-29 10:40:27,25.61,9500,25.6,U
sz000400,许继电气,2025-09-29 10:40:51,25.58,12400,25.59,D
sz000400,许继电气,2025-09-29 10:40:54,25.59,8900,25.58,U
sz000400,许继电气,2025-09-29 10:41:12,25.58,11100,25.59,D
sz000400,许继电气,2025-09-29 10:41:15,25.58,15100,25.58,D
sz000400,许继电气,2025-09-29 10:42:00,25.56,44900,25.57,D
sz000400,许继电气,2025-09-29 10:42:03,25.55,21200,25.56,D
sz000400,许继电气,2025-09-29 10:42:06,25.55,60600,25.55,U
sz000400,许继电气,2025-09-29 10:42:09,25.55,60600,25.55,U
sz000400,许继电气,2025-09-29 10:42:12,25.53,17800,25.55,D
sz000400,许继电气,2025-09-29 10:42:15,25.55,35700,25.53,U
sz000400,许继电气,2025-09-29 10:42:24,25.56,8200,25.55,U
sz000400,许继电气,2025-09-29 10:42:33,25.56,8800,25.53,U
sz000400,许继电气,2025-09-29 10:43:03,25.55,7900,25.56,E
sz000400,许继电气,2025-09-29 10:43:15,25.54,79200,25.52,U
sz000400,许继电气,2025-09-29 10:43:18,25.55,16200,25.54,U
sz000400,许继电气,2025-09-29 10:43:21,25.55,8300,25.55,D
sz000400,许继电气,2025-09-29 10:43:30,25.54,11000,25.54,D
sz000400,许继电气,2025-09-29 10:43:57,25.54,18600,25.54,D
sz000400,许继电气,2025-09-29 10:44:00,25.55,8700,25.54,D
sz000400,许继电气,2025-09-29 10:44:09,25.54,8400,25.55,D
sz000400,许继电气,2025-09-29 10:44:24,25.56,9600,25.55,E
sz000400,许继电气,2025-09-29 10:45:00,25.58,10100,25.57,U
sz000400,许继电气,2025-09-29 10:45:06,25.56,15800,25.57,D
sz000400,许继电气,2025-09-29 10:45:24,25.57,17500,25.57,D
sz000400,许继电气,2025-09-29 10:45:51,25.58,12300,25.58,D
sz000400,许继电气,2025-09-29 10:46:12,25.6,45200,25.6,U
sz000400,许继电气,2025-09-29 10:46:15,25.6,12700,25.6,U
sz000400,许继电气,2025-09-29 10:46:48,25.59,10300,25.6,D
sz000400,许继电气,2025-09-29 10:47:30,25.6,11018,25.61,D
sz000400,许继电气,2025-09-29 10:47:33,25.6,8000,25.6,U
sz000400,许继电气,2025-09-29 10:47:57,25.6,13100,25.61,D
sz000400,许继电气,2025-09-29 10:48:00,25.61,11100,25.6,U
sz000400,许继电气,2025-09-29 10:48:03,25.57,43900,25.61,D
sz000400,许继电气,2025-09-29 10:48:06,25.57,19000,25.57,D
sz000400,许继电气,2025-09-29 10:48:18,25.55,10500,25.56,D
sz000400,许继电气,2025-09-29 10:48:27,25.55,93400,25.57,D
sz000400,许继电气,2025-09-29 10:48:33,25.53,23700,25.55,D
sz000400,许继电气,2025-09-29 10:48:36,25.53,21100,25.53,D
sz000400,许继电气,2025-09-29 10:48:42,25.52,14300,25.53,D
sz000400,许继电气,2025-09-29 10:48:51,25.5,167100,25.52,D
sz000400,许继电气,2025-09-29 10:48:57,25.47,12800,25.49,D
sz000400,许继电气,2025-09-29 10:49:03,25.46,18800,25.47,D
sz000400,许继电气,2025-09-29 10:49:09,25.46,10400,25.46,D
sz000400,许继电气,2025-09-29 10:49:12,25.46,30900,25.46,D
sz000400,许继电气,2025-09-29 10:49:18,25.46,16900,25.47,D
sz000400,许继电气,2025-09-29 10:49:42,25.46,11600,25.46,D
sz000400,许继电气,2025-09-29 10:49:54,25.46,8800,25.47,D
sz000400,许继电气,2025-09-29 10:49:57,25.46,8700,25.46,D
sz000400,许继电气,2025-09-29 10:50:00,25.47,26100,25.46,U
sz000400,许继电气,2025-09-29 10:50:09,25.47,7900,25.47,D
sz000400,许继电气,2025-09-29 10:50:15,25.46,9100,25.46,D
sz000400,许继电气,2025-09-29 10:50:27,25.47,14000,25.47,U
sz000400,许继电气,2025-09-29 10:50:42,25.46,9100,25.46,U
sz000400,许继电气,2025-09-29 10:50:45,25.45,53200,25.46,D
sz000400,许继电气,2025-09-29 10:50:48,25.45,9100,25.45,U
sz000400,许继电气,2025-09-29 10:50:57,25.43,32200,25.43,E
sz000400,许继电气,2025-09-29 10:51:00,25.43,10800,25.43,U
sz000400,许继电气,2025-09-29 10:51:03,25.42,13500,25.43,D
sz000400,许继电气,2025-09-29 10:51:06,25.43,18800,25.42,E
sz000400,许继电气,2025-09-29 10:51:12,25.41,19500,25.42,D
sz000400,许继电气,2025-09-29 10:51:15,25.42,10600,25.41,E
sz000400,许继电气,2025-09-29 10:51:21,25.42,25900,25.42,E
sz000400,许继电气,2025-09-29 10:51:24,25.43,14600,25.42,U
sz000400,许继电气,2025-09-29 10:51:33,25.43,20100,25.42,U
sz000400,许继电气,2025-09-29 10:51:48,25.44,8500,25.43,D
sz000400,许继电气,2025-09-29 10:51:57,25.45,10000,25.44,U
sz000400,许继电气,2025-09-29 10:52:03,25.45,9600,25.45,D
sz000400,许继电气,2025-09-29 10:52:06,25.45,15700,25.45,U
sz000400,许继电气,2025-09-29 10:52:12,25.45,9700,25.45,U
sz000400,许继电气,2025-09-29 10:52:33,25.47,10100,25.45,U
sz000400,许继电气,2025-09-29 10:52:39,25.47,9800,25.48,E
sz000400,许继电气,2025-09-29 10:52:48,25.49,16200,25.48,U
sz000400,许继电气,2025-09-29 10:53:00,25.48,53200,25.49,D
sz000400,许继电气,2025-09-29 10:53:27,25.5,11400,25.52,D
sz000400,许继电气,2025-09-29 10:53:36,25.51,9900,25.51,D
sz000400,许继电气,2025-09-29 10:53:45,25.52,14900,25.51,U
sz000400,许继电气,2025-09-29 10:53:51,25.53,9500,25.52,U
sz000400,许继电气,2025-09-29 10:54:30,25.5,11400,25.51,D
sz000400,许继电气,2025-09-29 10:54:42,25.5,23500,25.51,D
sz000400,许继电气,2025-09-29 10:54:48,25.5,11200,25.5,D
sz000400,许继电气,2025-09-29 10:55:03,25.52,27200,25.51,U
sz000400,许继电气,2025-09-29 10:55:24,25.52,24600,25.53,D
sz000400,许继电气,2025-09-29 10:55:36,25.51,65200,25.53,D
sz000400,许继电气,2025-09-29 10:55:48,25.51,10100,25.51,U
sz000400,许继电气,2025-09-29 10:55:51,25.5,11400,25.51,D
sz000400,许继电气,2025-09-29 10:55:57,25.51,10800,25.51,D
sz000400,许继电气,2025-09-29 10:56:24,25.5,11700,25.51,D
sz000400,许继电气,2025-09-29 10:56:30,25.49,18200,25.5,D
sz000400,许继电气,2025-09-29 10:56:51,25.48,11300,25.49,D
sz000400,许继电气,2025-09-29 10:56:57,25.47,21800,25.47,D
sz000400,许继电气,2025-09-29 10:57:00,25.47,77000,25.47,U
sz000400,许继电气,2025-09-29 10:57:15,25.47,20300,25.48,D
sz000400,许继电气,2025-09-29 10:57:24,25.47,26500,25.48,D
sz000400,许继电气,2025-09-29 10:58:03,25.48,8700,25.49,D
sz000400,许继电气,2025-09-29 10:58:18,25.48,30800,25.48,D
sz000400,许继电气,2025-09-29 10:59:06,25.49,10700,25.49,D
sz000400,许继电气,2025-09-29 11:00:06,25.48,16300,25.48,D
sz000400,许继电气,2025-09-29 11:00:15,25.5,8700,25.49,U
sz000400,许继电气,2025-09-29 11:00:18,25.5,42200,25.5,U
sz000400,许继电气,2025-09-29 11:00:27,25.5,31900,25.5,D
sz000400,许继电气,2025-09-29 11:00:36,25.52,21000,25.53,E
sz000400,许继电气,2025-09-29 11:00:42,25.54,13800,25.51,U
sz000400,许继电气,2025-09-29 11:00:45,25.53,20000,25.54,D
sz000400,许继电气,2025-09-29 11:00:57,25.56,18600,25.55,U
sz000400,许继电气,2025-09-29 11:01:09,25.57,44200,25.57,U
sz000400,许继电气,2025-09-29 11:01:48,25.58,37800,25.57,U
sz000400,许继电气,2025-09-29 11:01:51,25.58,38000,25.58,E
sz000400,许继电气,2025-09-29 11:02:33,25.59,21500,25.57,U
sz000400,许继电气,2025-09-29 11:03:09,25.58,10000,25.57,U
sz000400,许继电气,2025-09-29 11:03:45,25.58,9100,25.58,D
sz000400,许继电气,2025-09-29 11:03:48,25.59,26200,25.58,U
sz000400,许继电气,2025-09-29 11:03:57,25.6,57000,25.6,U
sz000400,许继电气,2025-09-29 11:04:00,25.62,21900,25.6,U
sz000400,许继电气,2025-09-29 11:04:15,25.62,11800,25.62,U
sz000400,许继电气,2025-09-29 11:04:30,25.62,18018,25.62,D
sz000400,许继电气,2025-09-29 11:05:00,25.62,13000,25.61,U
sz000400,许继电气,2025-09-29 11:06:15,25.64,98700,25.61,U
sz000400,许继电气,2025-09-29 11:06:54,25.63,9400,25.62,U
sz000400,许继电气,2025-09-29 11:07:18,25.61,16700,25.61,D
sz000400,许继电气,2025-09-29 11:07:24,25.6,22200,25.61,D
sz000400,许继电气,2025-09-29 11:07:39,25.58,9600,25.6,D
sz000400,许继电气,2025-09-29 11:07:48,25.56,37500,25.58,D
sz000400,许继电气,2025-09-29 11:07:54,25.57,10700,25.57,U
sz000400,许继电气,2025-09-29 11:07:57,25.57,10800,25.57,U
sz000400,许继电气,2025-09-29 11:09:12,25.56,20100,25.55,U
sz000400,许继电气,2025-09-29 11:09:51,25.57,18800,25.57,D
sz000400,许继电气,2025-09-29 11:10:42,25.57,8300,25.57,D
sz000400,许继电气,2025-09-29 11:12:06,25.53,9400,25.53,D
sz000400,许继电气,2025-09-29 11:12:33,25.5,9900,25.5,D
sz000400,许继电气,2025-09-29 11:12:45,25.51,8900,25.5,U
sz000400,许继电气,2025-09-29 11:12:48,25.51,46100,25.51,D
sz000400,许继电气,2025-09-29 11:13:00,25.5,27300,25.5,D
sz000400,许继电气,2025-09-29 11:13:03,25.49,7900,25.5,D
sz000400,许继电气,2025-09-29 11:13:12,25.49,9800,25.5,D
sz000400,许继电气,2025-09-29 11:13:15,25.52,134100,25.49,U
sz000400,许继电气,2025-09-29 11:13:33,25.48,65500,25.54,D
sz000400,许继电气,2025-09-29 11:14:03,25.54,11400,25.51,U
sz000400,许继电气,2025-09-29 11:14:15,25.54,8800,25.51,U
sz000400,许继电气,2025-09-29 11:14:21,25.55,14200,25.55,U
sz000400,许继电气,2025-09-29 11:15:39,25.52,40900,25.53,D
sz000400,许继电气,2025-09-29 11:16:30,25.53,8700,25.54,D
sz000400,许继电气,2025-09-29 11:18:03,25.52,22300,25.53,D
sz000400,许继电气,2025-09-29 11:18:48,25.51,8700,25.5,U
sz000400,许继电气,2025-09-29 11:19:33,25.52,10300,25.52,D
sz000400,许继电气,2025-09-29 11:21:06,25.53,21700,25.53,D
sz000400,许继电气,2025-09-29 11:21:15,25.52,33600,25.51,U
sz000400,许继电气,2025-09-29 11:22:03,25.5,11200,25.5,D
sz000400,许继电气,2025-09-29 11:22:21,25.5,12800,25.5,D
sz000400,许继电气,2025-09-29 11:22:36,25.5,8300,25.5,U
sz000400,许继电气,2025-09-29 11:22:45,25.49,8600,25.49,D
sz000400,许继电气,2025-09-29 11:23:27,25.5,14700,25.5,U
sz000400,许继电气,2025-09-29 11:23:36,25.5,10000,25.49,U
sz000400,许继电气,2025-09-29 11:25:03,25.5,8900,25.5,D
sz000400,许继电气,2025-09-29 11:27:15,25.5,8800,25.5,U
sz000400,许继电气,2025-09-29 11:27:36,25.5,32800,25.5,U
sz000400,许继电气,2025-09-29 11:29:24,25.48,43000,25.5,D
sz000400,许继电气,2025-09-29 11:29:39,25.47,72700,25.48,D
sz000400,许继电气,2025-09-29 13:00:00,25.47,23800,25.47,D
sz000400,许继电气,2025-09-29 13:00:03,25.48,60900,25.47,U
sz000400,许继电气,2025-09-29 13:01:03,25.48,10700,25.49,D
sz000400,许继电气,2025-09-29 13:01:36,25.46,28700,25.47,D
sz000400,许继电气,2025-09-29 13:02:03,25.45,96900,25.46,D
sz000400,许继电气,2025-09-29 13:03:24,25.45,9700,25.44,U
sz000400,许继电气,2025-09-29 13:03:42,25.45,9500,25.44,U
sz000400,许继电气,2025-09-29 13:03:54,25.45,22000,25.46,D
sz000400,许继电气,2025-09-29 13:04:03,25.44,14700,25.45,D
sz000400,许继电气,2025-09-29 13:04:18,25.44,21000,25.43,U
sz000400,许继电气,2025-09-29 13:04:33,25.43,8200,25.43,D
sz000400,许继电气,2025-09-29 13:04:48,25.43,22100,25.44,D
sz000400,许继电气,2025-09-29 13:05:21,25.42,12200,25.42,D
sz000400,许继电气,2025-09-29 13:05:30,25.42,11800,25.42,D
sz000400,许继电气,2025-09-29 13:05:33,25.42,96300,25.42,D
sz000400,许继电气,2025-09-29 13:05:36,25.43,53000,25.42,U
sz000400,许继电气,2025-09-29 13:06:18,25.42,12500,25.42,D
sz000400,许继电气,2025-09-29 13:06:27,25.42,16800,25.41,U
sz000400,许继电气,2025-09-29 13:07:36,25.43,16400,25.42,U
sz000400,许继电气,2025-09-29 13:08:03,25.44,9500,25.44,U
sz000400,许继电气,2025-09-29 13:08:09,25.45,7900,25.45,U
sz000400,许继电气,2025-09-29 13:09:03,25.43,23900,25.44,D
sz000400,许继电气,2025-09-29 13:09:30,25.43,15100,25.44,D
sz000400,许继电气,2025-09-29 13:09:39,25.42,17200,25.43,D
sz000400,许继电气,2025-09-29 13:09:42,25.41,21200,25.42,D
sz000400,许继电气,2025-09-29 13:09:48,25.41,13500,25.41,D
sz000400,许继电气,2025-09-29 13:09:51,25.39,152900,25.41,D
sz000400,许继电气,2025-09-29 13:09:54,25.38,14000,25.39,D
sz000400,许继电气,2025-09-29 13:10:00,25.37,26400,25.38,D
sz000400,许继电气,2025-09-29 13:10:03,25.37,12200,25.37,D
sz000400,许继电气,2025-09-29 13:10:06,25.37,9900,25.37,D
sz000400,许继电气,2025-09-29 13:10:18,25.37,17100,25.37,D
sz000400,许继电气,2025-09-29 13:10:21,25.35,155100,25.37,D
sz000400,许继电气,2025-09-29 13:10:27,25.34,22300,25.35,D
sz000400,许继电气,2025-09-29 13:10:33,25.33,74500,25.33,D
sz000400,许继电气,2025-09-29 13:10:36,25.33,14800,25.33,D
sz000400,许继电气,2025-09-29 13:10:39,25.32,13600,25.33,D
sz000400,许继电气,2025-09-29 13:10:42,25.33,18000,25.32,U
sz000400,许继电气,2025-09-29 13:10:48,25.32,22900,25.33,D
sz000400,许继电气,2025-09-29 13:11:00,25.31,15600,25.31,D
sz000400,许继电气,2025-09-29 13:11:03,25.31,147000,25.31,D
sz000400,许继电气,2025-09-29 13:11:06,25.3,44700,25.31,D
sz000400,许继电气,2025-09-29 13:11:12,25.31,8000,25.31,D
sz000400,许继电气,2025-09-29 13:11:27,25.33,8300,25.32,U
sz000400,许继电气,2025-09-29 13:11:33,25.31,10000,25.33,D
sz000400,许继电气,2025-09-29 13:11:51,25.32,12700,25.32,D
sz000400,许继电气,2025-09-29 13:12:42,25.32,19800,25.33,D
sz000400,许继电气,2025-09-29 13:12:45,25.32,17300,25.32,U
sz000400,许继电气,2025-09-29 13:12:48,25.32,21800,25.32,U
sz000400,许继电气,2025-09-29 13:12:51,25.31,11000,25.32,D
sz000400,许继电气,2025-09-29 13:13:03,25.31,11200,25.32,D
sz000400,许继电气,2025-09-29 13:13:24,25.32,56800,25.31,U
sz000400,许继电气,2025-09-29 13:13:36,25.3,10200,25.31,D
sz000400,许继电气,2025-09-29 13:13:48,25.32,20000,25.31,U
sz000400,许继电气,2025-09-29 13:13:51,25.31,21600,25.32,D
sz000400,许继电气,2025-09-29 13:14:12,25.31,9700,25.31,D
sz000400,许继电气,2025-09-29 13:14:24,25.32,12900,25.32,U
sz000400,许继电气,2025-09-29 13:15:06,25.33,30000,25.34,D
sz000400,许继电气,2025-09-29 13:15:12,25.35,109500,25.33,U
sz000400,许继电气,2025-09-29 13:15:48,25.37,12000,25.37,U
sz000400,许继电气,2025-09-29 13:16:06,25.38,17500,25.39,D
sz000400,许继电气,2025-09-29 13:16:42,25.39,10600,25.39,U
sz000400,许继电气,2025-09-29 13:16:51,25.39,29300,25.39,D
sz000400,许继电气,2025-09-29 13:17:03,25.4,15200,25.39,U
sz000400,许继电气,2025-09-29 13:17:30,25.39,11000,25.39,D
sz000400,许继电气,2025-09-29 13:17:54,25.38,42200,25.4,D
sz000400,许继电气,2025-09-29 13:18:06,25.38,29000,25.39,D
sz000400,许继电气,2025-09-29 13:18:27,25.39,14400,25.38,U
sz000400,许继电气,2025-09-29 13:19:09,25.4,20300,25.39,U
sz000400,许继电气,2025-09-29 13:19:45,25.42,9500,25.41,U
sz000400,许继电气,2025-09-29 13:20:15,25.42,9400,25.42,D
sz000400,许继电气,2025-09-29 13:20:27,25.43,17500,25.42,U
sz000400,许继电气,2025-09-29 13:20:42,25.44,10800,25.44,U
sz000400,许继电气,2025-09-29 13:20:48,25.45,13600,25.45,U
sz000400,许继电气,2025-09-29 13:21:03,25.46,9600,25.46,D
sz000400,许继电气,2025-09-29 13:21:06,25.45,8000,25.46,D
sz000400,许继电气,2025-09-29 13:21:12,25.44,8800,25.46,D
sz000400,许继电气,2025-09-29 13:21:33,25.48,8200,25.47,U
sz000400,许继电气,2025-09-29 13:21:36,25.48,9600,25.48,U
sz000400,许继电气,2025-09-29 13:21:42,25.47,14400,25.48,D
sz000400,许继电气,2025-09-29 13:21:51,25.47,13600,25.48,D
sz000400,许继电气,2025-09-29 13:22:06,25.47,12100,25.46,U
sz000400,许继电气,2025-09-29 13:22:09,25.47,23000,25.47,D
sz000400,许继电气,2025-09-29 13:23:00,25.42,29000,25.42,D
sz000400,许继电气,2025-09-29 13:23:12,25.4,18100,25.41,D
sz000400,许继电气,2025-09-29 13:23:24,25.42,11200,25.41,U
sz000400,许继电气,2025-09-29 13:23:36,25.41,24100,25.41,D
sz000400,许继电气,2025-09-29 13:25:00,25.39,9800,25.39,U
sz000400,许继电气,2025-09-29 13:25:09,25.39,13300,25.4,D
sz000400,许继电气,2025-09-29 13:25:36,25.41,10500,25.41,D
sz000400,许继电气,2025-09-29 13:25:39,25.4,13300,25.41,D
sz000400,许继电气,2025-09-29 13:25:45,25.4,8300,25.41,D
sz000400,许继电气,2025-09-29 13:26:12,25.39,8700,25.39,D
sz000400,许继电气,2025-09-29 13:26:18,25.4,7900,25.4,U
sz000400,许继电气,2025-09-29 13:26:21,25.41,7900,25.4,U
sz000400,许继电气,2025-09-29 13:26:42,25.41,34100,25.41,U
sz000400,许继电气,2025-09-29 13:28:00,25.45,9100,25.45,U
sz000400,许继电气,2025-09-29 13:28:39,25.42,14500,25.44,D
sz000400,许继电气,2025-09-29 13:29:18,25.42,9000,25.42,U
sz000400,许继电气,2025-09-29 13:29:24,25.42,14300,25.43,D
sz000400,许继电气,2025-09-29 13:29:27,25.43,12200,25.42,U
sz000400,许继电气,2025-09-29 13:31:48,25.43,19800,25.43,D
sz000400,许继电气,2025-09-29 13:31:51,25.43,12100,25.43,D
sz000400,许继电气,2025-09-29 13:32:09,25.42,9500,25.43,D
sz000400,许继电气,2025-09-29 13:33:09,25.44,9800,25.44,U
sz000400,许继电气,2025-09-29 13:33:51,25.45,8700,25.45,U
sz000400,许继电气,2025-09-29 13:33:57,25.44,14800,25.45,D
sz000400,许继电气,2025-09-29 13:34:33,25.45,11200,25.45,U
sz000400,许继电气,2025-09-29 13:35:06,25.45,23000,25.44,U
sz000400,许继电气,2025-09-29 13:35:36,25.42,18000,25.43,D
sz000400,许继电气,2025-09-29 13:35:42,25.42,11200,25.42,U
sz000400,许继电气,2025-09-29 13:36:30,25.4,8800,25.41,D
sz000400,许继电气,2025-09-29 13:36:57,25.4,8600,25.4,D
sz000400,许继电气,2025-09-29 13:37:03,25.4,10600,25.4,D
sz000400,许继电气,2025-09-29 13:37:12,25.41,11000,25.4,U
sz000400,许继电气,2025-09-29 13:37:15,25.41,16600,25.41,U
sz000400,许继电气,2025-09-29 13:37:18,25.41,11550,25.41,U
sz000400,许继电气,2025-09-29 13:37:21,25.41,14750,25.41,D
sz000400,许继电气,2025-09-29 13:37:30,25.41,8400,25.41,U
sz000400,许继电气,2025-09-29 13:38:03,25.4,33400,25.4,D
sz000400,许继电气,2025-09-29 13:38:21,25.39,15800,25.39,D
sz000400,许继电气,2025-09-29 13:38:36,25.38,12400,25.39,D
sz000400,许继电气,2025-09-29 13:38:45,25.4,21350,25.39,U
sz000400,许继电气,2025-09-29 13:39:09,25.39,27900,25.4,D
sz000400,许继电气,2025-09-29 13:39:12,25.4,20200,25.39,U
sz000400,许继电气,2025-09-29 13:39:24,25.4,21100,25.4,U
sz000400,许继电气,2025-09-29 13:39:27,25.41,16500,25.4,U
sz000400,许继电气,2025-09-29 13:39:30,25.43,12140,25.41,U
sz000400,许继电气,2025-09-29 13:41:03,25.4,12700,25.41,D
sz000400,许继电气,2025-09-29 13:41:12,25.4,8400,25.4,D
sz000400,许继电气,2025-09-29 13:41:42,25.41,40300,25.41,D
sz000400,许继电气,2025-09-29 13:41:54,25.42,9600,25.42,U
sz000400,许继电气,2025-09-29 13:42:09,25.42,9800,25.42,U
sz000400,许继电气,2025-09-29 13:42:36,25.43,12500,25.43,U
sz000400,许继电气,2025-09-29 13:42:48,25.44,39100,25.43,U
sz000400,许继电气,2025-09-29 13:42:57,25.44,10300,25.44,U
sz000400,许继电气,2025-09-29 13:43:03,25.45,16400,25.44,U
sz000400,许继电气,2025-09-29 13:43:12,25.45,10700,25.45,U
sz000400,许继电气,2025-09-29 13:43:15,25.45,9600,25.45,U
sz000400,许继电气,2025-09-29 13:43:33,25.46,28877,25.44,U
sz000400,许继电气,2025-09-29 13:43:36,25.45,11300,25.46,D
sz000400,许继电气,2025-09-29 13:43:42,25.45,20023,25.45,D
sz000400,许继电气,2025-09-29 13:43:51,25.46,32100,25.45,U
sz000400,许继电气,2025-09-29 13:44:00,25.45,8300,25.45,U
sz000400,许继电气,2025-09-29 13:44:09,25.45,8500,25.45,U
sz000400,许继电气,2025-09-29 13:45:06,25.44,8600,25.44,D
sz000400,许继电气,2025-09-29 13:45:30,25.46,13277,25.46,U
sz000400,许继电气,2025-09-29 13:46:12,25.48,11400,25.48,U
sz000400,许继电气,2025-09-29 13:46:21,25.49,12900,25.48,U
sz000400,许继电气,2025-09-29 13:46:33,25.48,17800,25.48,D
sz000400,许继电气,2025-09-29 13:46:36,25.49,11700,25.48,U
sz000400,许继电气,2025-09-29 13:46:45,25.49,12700,25.49,U
sz000400,许继电气,2025-09-29 13:47:00,25.49,19100,25.5,E
sz000400,许继电气,2025-09-29 13:47:06,25.5,8400,25.5,U
sz000400,许继电气,2025-09-29 13:47:18,25.5,10700,25.5,U
sz000400,许继电气,2025-09-29 13:47:27,25.49,11000,25.49,D
sz000400,许继电气,2025-09-29 13:47:30,25.5,18400,25.49,U
sz000400,许继电气,2025-09-29 13:47:36,25.49,10000,25.49,D
sz000400,许继电气,2025-09-29 13:47:48,25.5,15200,25.49,U
sz000400,许继电气,2025-09-29 13:47:54,25.5,8300,25.5,U
sz000400,许继电气,2025-09-29 13:48:03,25.5,11000,25.5,D
sz000400,许继电气,2025-09-29 13:48:09,25.51,8400,25.51,U
sz000400,许继电气,2025-09-29 13:48:36,25.5,24300,25.51,D
sz000400,许继电气,2025-09-29 13:48:51,25.51,35900,25.51,D
sz000400,许继电气,2025-09-29 13:49:15,25.52,15100,25.52,U
sz000400,许继电气,2025-09-29 13:49:18,25.51,32300,25.52,D
sz000400,许继电气,2025-09-29 13:49:51,25.51,12100,25.5,U
sz000400,许继电气,2025-09-29 13:49:54,25.51,8200,25.51,U
sz000400,许继电气,2025-09-29 13:50:06,25.5,9100,25.51,D
sz000400,许继电气,2025-09-29 13:50:12,25.51,10600,25.51,U
sz000400,许继电气,2025-09-29 13:50:24,25.51,13800,25.51,U
sz000400,许继电气,2025-09-29 13:50:33,25.51,9100,25.51,D
sz000400,许继电气,2025-09-29 13:51:15,25.53,27300,25.53,U
sz000400,许继电气,2025-09-29 13:51:24,25.53,13300,25.53,D
sz000400,许继电气,2025-09-29 13:51:36,25.53,8600,25.53,U
sz000400,许继电气,2025-09-29 13:52:03,25.54,11400,25.53,U
sz000400,许继电气,2025-09-29 13:52:06,25.54,20700,25.54,U
sz000400,许继电气,2025-09-29 13:52:21,25.55,10100,25.55,U
sz000400,许继电气,2025-09-29 13:52:24,25.55,21400,25.55,U
sz000400,许继电气,2025-09-29 13:52:27,25.54,8900,25.55,D
sz000400,许继电气,2025-09-29 13:52:57,25.56,14700,25.56,U
sz000400,许继电气,2025-09-29 13:53:03,25.56,9850,25.56,U
sz000400,许继电气,2025-09-29 13:53:06,25.58,23100,25.56,U
sz000400,许继电气,2025-09-29 13:53:12,25.57,28300,25.58,D
sz000400,许继电气,2025-09-29 13:53:24,25.58,18900,25.58,D
sz000400,许继电气,2025-09-29 13:53:27,25.58,12900,25.58,D
sz000400,许继电气,2025-09-29 13:53:33,25.58,12200,25.59,D
sz000400,许继电气,2025-09-29 13:53:36,25.58,28000,25.58,D
sz000400,许继电气,2025-09-29 13:53:42,25.59,10000,25.59,D
sz000400,许继电气,2025-09-29 13:53:57,25.59,25800,25.59,U
sz000400,许继电气,2025-09-29 13:54:00,25.57,12300,25.59,D
sz000400,许继电气,2025-09-29 13:54:06,25.58,16500,25.57,U
sz000400,许继电气,2025-09-29 13:54:09,25.59,11700,25.58,U
sz000400,许继电气,2025-09-29 13:54:36,25.59,280000,25.59,U
sz000400,许继电气,2025-09-29 13:54:45,25.61,86600,25.6,U
sz000400,许继电气,2025-09-29 13:54:48,25.61,10400,25.61,U
sz000400,许继电气,2025-09-29 13:54:54,25.61,15100,25.61,D
sz000400,许继电气,2025-09-29 13:55:03,25.62,9000,25.62,U
sz000400,许继电气,2025-09-29 13:55:06,25.63,8000,25.62,U
sz000400,许继电气,2025-09-29 13:55:21,25.63,59300,25.62,U
sz000400,许继电气,2025-09-29 13:55:30,25.64,10400,25.62,U
sz000400,许继电气,2025-09-29 13:55:33,25.64,7900,25.64,U
sz000400,许继电气,2025-09-29 13:55:39,25.63,16500,25.63,U
sz000400,许继电气,2025-09-29 13:55:42,25.63,24400,25.63,U
sz000400,许继电气,2025-09-29 13:55:45,25.62,13200,25.63,E
sz000400,许继电气,2025-09-29 13:55:48,25.62,11000,25.62,U
sz000400,许继电气,2025-09-29 13:55:54,25.62,9900,25.63,D
sz000400,许继电气,2025-09-29 13:56:06,25.63,15700,25.62,U
sz000400,许继电气,2025-09-29 13:56:09,25.63,9300,25.63,U
sz000400,许继电气,2025-09-29 13:56:12,25.62,19400,25.63,D
sz000400,许继电气,2025-09-29 13:56:18,25.61,10500,25.62,D
sz000400,许继电气,2025-09-29 13:56:27,25.6,12400,25.62,D
sz000400,许继电气,2025-09-29 13:56:48,25.58,8600,25.59,D
sz000400,许继电气,2025-09-29 13:56:51,25.58,11300,25.58,D
sz000400,许继电气,2025-09-29 13:56:54,25.59,14300,25.58,U
sz000400,许继电气,2025-09-29 13:56:57,25.58,24200,25.59,D
sz000400,许继电气,2025-09-29 13:57:00,25.58,11500,25.58,U
sz000400,许继电气,2025-09-29 13:57:09,25.58,8800,25.57,U
sz000400,许继电气,2025-09-29 13:57:18,25.57,43500,25.57,D
sz000400,许继电气,2025-09-29 13:57:21,25.58,12900,25.57,U
sz000400,许继电气,2025-09-29 13:57:24,25.57,12300,25.58,D
sz000400,许继电气,2025-09-29 13:57:27,25.57,7900,25.57,U
sz000400,许继电气,2025-09-29 13:57:33,25.56,13650,25.56,D
sz000400,许继电气,2025-09-29 13:57:54,25.56,12100,25.56,U
sz000400,许继电气,2025-09-29 13:57:57,25.56,8450,25.56,U
sz000400,许继电气,2025-09-29 13:58:03,25.56,12800,25.56,D
sz000400,许继电气,2025-09-29 13:58:09,25.56,13800,25.55,U
sz000400,许继电气,2025-09-29 13:58:12,25.56,19100,25.56,U
sz000400,许继电气,2025-09-29 13:58:18,25.56,20300,25.56,U
sz000400,许继电气,2025-09-29 13:58:21,25.56,16800,25.56,D
sz000400,许继电气,2025-09-29 13:58:24,25.56,8400,25.56,D
sz000400,许继电气,2025-09-29 13:58:39,25.56,9700,25.56,U
sz000400,许继电气,2025-09-29 13:58:42,25.56,10800,25.56,U
sz000400,许继电气,2025-09-29 13:58:45,25.56,8200,25.56,U
sz000400,许继电气,2025-09-29 13:59:33,25.56,9700,25.56,U
sz000400,许继电气,2025-09-29 13:59:57,25.57,13300,25.56,U
sz000400,许继电气,2025-09-29 14:00:03,25.56,13600,25.56,U
sz000400,许继电气,2025-09-29 14:00:06,25.56,9500,25.56,E
sz000400,许继电气,2025-09-29 14:00:09,25.58,13600,25.56,U
sz000400,许继电气,2025-09-29 14:00:12,25.59,13100,25.58,U
sz000400,许继电气,2025-09-29 14:00:18,25.59,10000,25.59,U
sz000400,许继电气,2025-09-29 14:00:21,25.59,12300,25.59,U
sz000400,许继电气,2025-09-29 14:00:42,25.6,55600,25.6,U
sz000400,许继电气,2025-09-29 14:01:00,25.61,11800,25.61,D
sz000400,许继电气,2025-09-29 14:01:03,25.6,20400,25.61,D
sz000400,许继电气,2025-09-29 14:01:06,25.59,11000,25.6,D
sz000400,许继电气,2025-09-29 14:01:09,25.62,32300,25.59,U
sz000400,许继电气,2025-09-29 14:01:12,25.62,26800,25.62,D
sz000400,许继电气,2025-09-29 14:01:15,25.62,41200,25.62,D
sz000400,许继电气,2025-09-29 14:01:30,25.61,18300,25.6,U
sz000400,许继电气,2025-09-29 14:01:39,25.6,14000,25.6,U
sz000400,许继电气,2025-09-29 14:01:45,25.6,9200,25.59,U
sz000400,许继电气,2025-09-29 14:01:51,25.59,11600,25.6,E
sz000400,许继电气,2025-09-29 14:01:54,25.59,8400,25.59,U
sz000400,许继电气,2025-09-29 14:02:30,25.56,24800,25.57,D
sz000400,许继电气,2025-09-29 14:02:36,25.56,8700,25.56,D
sz000400,许继电气,2025-09-29 14:02:45,25.55,9300,25.56,D
sz000400,许继电气,2025-09-29 14:03:06,25.54,8300,25.55,D
sz000400,许继电气,2025-09-29 14:03:12,25.55,14600,25.55,D
sz000400,许继电气,2025-09-29 14:03:57,25.53,62000,25.55,D
sz000400,许继电气,2025-09-29 14:04:03,25.51,19800,25.53,D
sz000400,许继电气,2025-09-29 14:04:15,25.54,12700,25.52,U
sz000400,许继电气,2025-09-29 14:04:18,25.51,13966,25.54,D
sz000400,许继电气,2025-09-29 14:04:21,25.5,13100,25.51,D
sz000400,许继电气,2025-09-29 14:04:24,25.51,30800,25.5,U
sz000400,许继电气,2025-09-29 14:05:33,25.55,67900,25.54,U
sz000400,许继电气,2025-09-29 14:05:57,25.54,23600,25.55,D
sz000400,许继电气,2025-09-29 14:06:45,25.55,19400,25.56,D
sz000400,许继电气,2025-09-29 14:07:15,25.54,8900,25.55,D
sz000400,许继电气,2025-09-29 14:07:21,25.53,10700,25.55,D
sz000400,许继电气,2025-09-29 14:07:30,25.53,22500,25.55,D
sz000400,许继电气,2025-09-29 14:07:42,25.53,12000,25.54,D
sz000400,许继电气,2025-09-29 14:08:06,25.53,11700,25.53,D
sz000400,许继电气,2025-09-29 14:08:12,25.53,8500,25.53,D
sz000400,许继电气,2025-09-29 14:08:21,25.52,31400,25.54,D
sz000400,许继电气,2025-09-29 14:08:27,25.51,20700,25.52,D
sz000400,许继电气,2025-09-29 14:08:33,25.5,20066,25.51,D
sz000400,许继电气,2025-09-29 14:08:36,25.5,10200,25.5,D
sz000400,许继电气,2025-09-29 14:08:39,25.51,23434,25.5,U
sz000400,许继电气,2025-09-29 14:08:51,25.52,11700,25.52,U
sz000400,许继电气,2025-09-29 14:08:57,25.52,9100,25.52,U
sz000400,许继电气,2025-09-29 14:09:06,25.51,9166,25.51,D
sz000400,许继电气,2025-09-29 14:09:09,25.5,20300,25.51,D
sz000400,许继电气,2025-09-29 14:09:27,25.48,38200,25.5,D
sz000400,许继电气,2025-09-29 14:09:30,25.48,12900,25.48,D
sz000400,许继电气,2025-09-29 14:09:45,25.5,13600,25.5,U
sz000400,许继电气,2025-09-29 14:10:06,25.47,8100,25.48,D
sz000400,许继电气,2025-09-29 14:10:21,25.47,7900,25.47,D
sz000400,许继电气,2025-09-29 14:10:51,25.46,30700,25.46,D
sz000400,许继电气,2025-09-29 14:11:00,25.45,25700,25.45,D
sz000400,许继电气,2025-09-29 14:11:15,25.45,20400,25.43,U
sz000400,许继电气,2025-09-29 14:11:27,25.44,16800,25.44,D
sz000400,许继电气,2025-09-29 14:11:39,25.45,9000,25.44,U
sz000400,许继电气,2025-09-29 14:11:45,25.44,9300,25.44,D
sz000400,许继电气,2025-09-29 14:11:54,25.44,11600,25.45,D
sz000400,许继电气,2025-09-29 14:12:03,25.43,9400,25.44,D
sz000400,许继电气,2025-09-29 14:12:06,25.43,10700,25.43,D
sz000400,许继电气,2025-09-29 14:12:09,25.43,8700,25.43,D
sz000400,许继电气,2025-09-29 14:12:15,25.45,74454,25.43,U
sz000400,许继电气,2025-09-29 14:12:42,25.45,7900,25.44,D
sz000400,许继电气,2025-09-29 14:13:06,25.45,72100,25.48,D
sz000400,许继电气,2025-09-29 14:13:24,25.46,14800,25.46,D
sz000400,许继电气,2025-09-29 14:13:45,25.45,22600,25.46,D
sz000400,许继电气,2025-09-29 14:13:48,25.45,13500,25.45,D
sz000400,许继电气,2025-09-29 14:13:51,25.44,27300,25.45,D
sz000400,许继电气,2025-09-29 14:13:54,25.43,8200,25.44,D
sz000400,许继电气,2025-09-29 14:13:57,25.42,24700,25.43,D
sz000400,许继电气,2025-09-29 14:14:18,25.42,10300,25.43,D
sz000400,许继电气,2025-09-29 14:15:03,25.43,8700,25.43,D
sz000400,许继电气,2025-09-29 14:16:00,25.46,8200,25.45,U
sz000400,许继电气,2025-09-29 14:16:51,25.47,10600,25.48,D
sz000400,许继电气,2025-09-29 14:17:03,25.46,8000,25.46,D
sz000400,许继电气,2025-09-29 14:17:06,25.47,27000,25.46,U
sz000400,许继电气,2025-09-29 14:17:12,25.47,10000,25.47,D
sz000400,许继电气,2025-09-29 14:17:21,25.47,12900,25.47,D
sz000400,许继电气,2025-09-29 14:17:36,25.47,10200,25.48,D
sz000400,许继电气,2025-09-29 14:17:54,25.48,13900,25.47,U
sz000400,许继电气,2025-09-29 14:19:06,25.48,24200,25.49,D
sz000400,许继电气,2025-09-29 14:19:09,25.49,8400,25.48,U
sz000400,许继电气,2025-09-29 14:20:09,25.5,12000,25.49,U
sz000400,许继电气,2025-09-29 14:20:15,25.48,15300,25.49,D
sz000400,许继电气,2025-09-29 14:20:18,25.48,7900,25.48,D
sz000400,许继电气,2025-09-29 14:20:51,25.49,8900,25.48,U
sz000400,许继电气,2025-09-29 14:21:18,25.5,8300,25.49,U
sz000400,许继电气,2025-09-29 14:21:21,25.49,8700,25.5,D
sz000400,许继电气,2025-09-29 14:21:39,25.48,17000,25.48,D
sz000400,许继电气,2025-09-29 14:22:36,25.48,17700,25.48,U
sz000400,许继电气,2025-09-29 14:22:48,25.48,13400,25.48,U
sz000400,许继电气,2025-09-29 14:24:24,25.49,9000,25.49,U
sz000400,许继电气,2025-09-29 14:24:30,25.48,11700,25.49,D
sz000400,许继电气,2025-09-29 14:25:24,25.49,13700,25.5,D
sz000400,许继电气,2025-09-29 14:25:51,25.5,14500,25.5,U
sz000400,许继电气,2025-09-29 14:26:21,25.49,44000,25.5,D
sz000400,许继电气,2025-09-29 14:26:24,25.49,8700,25.49,D
sz000400,许继电气,2025-09-29 14:27:06,25.49,11000,25.5,D
sz000400,许继电气,2025-09-29 14:27:39,25.5,21500,25.49,U
sz000400,许继电气,2025-09-29 14:28:00,25.5,9000,25.49,U
sz000400,许继电气,2025-09-29 14:28:06,25.5,11700,25.51,D
sz000400,许继电气,2025-09-29 14:28:48,25.53,9600,25.52,U
sz000400,许继电气,2025-09-29 14:29:03,25.55,46600,25.54,U
sz000400,许继电气,2025-09-29 14:29:06,25.55,16200,25.55,D
sz000400,许继电气,2025-09-29 14:29:15,25.56,32700,25.55,U
sz000400,许继电气,2025-09-29 14:29:21,25.56,8200,25.56,U
sz000400,许继电气,2025-09-29 14:29:33,25.55,21100,25.56,D
sz000400,许继电气,2025-09-29 14:29:36,25.56,11400,25.55,U
sz000400,许继电气,2025-09-29 14:29:39,25.56,27400,25.56,U
sz000400,许继电气,2025-09-29 14:29:45,25.56,10100,25.56,U
sz000400,许继电气,2025-09-29 14:29:57,25.56,16000,25.56,U
sz000400,许继电气,2025-09-29 14:30:00,25.56,18600,25.56,U
sz000400,许继电气,2025-09-29 14:30:03,25.56,35000,25.56,D
sz000400,许继电气,2025-09-29 14:30:24,25.56,10700,25.55,U
sz000400,许继电气,2025-09-29 14:30:30,25.56,10500,25.56,D
sz000400,许继电气,2025-09-29 14:30:42,25.55,15800,25.55,D
sz000400,许继电气,2025-09-29 14:31:03,25.55,9800,25.55,D
sz000400,许继电气,2025-09-29 14:31:21,25.55,32200,25.55,D
sz000400,许继电气,2025-09-29 14:31:24,25.55,10800,25.55,U
sz000400,许继电气,2025-09-29 14:31:45,25.54,14200,25.54,D
sz000400,许继电气,2025-09-29 14:33:03,25.54,23300,25.54,D
sz000400,许继电气,2025-09-29 14:33:24,25.54,10800,25.54,D
sz000400,许继电气,2025-09-29 14:33:27,25.54,14200,25.54,D
sz000400,许继电气,2025-09-29 14:34:06,25.53,18700,25.54,D
sz000400,许继电气,2025-09-29 14:34:57,25.53,18900,25.54,D
sz000400,许继电气,2025-09-29 14:35:00,25.54,10200,25.53,U
sz000400,许继电气,2025-09-29 14:35:21,25.55,26300,25.54,U
sz000400,许继电气,2025-09-29 14:35:30,25.54,9200,25.54,D
sz000400,许继电气,2025-09-29 14:35:36,25.54,8800,25.55,D
sz000400,许继电气,2025-09-29 14:36:18,25.54,21600,25.54,D
sz000400,许继电气,2025-09-29 14:36:36,25.54,9100,25.54,D
sz000400,许继电气,2025-09-29 14:36:39,25.56,63000,25.54,U
sz000400,许继电气,2025-09-29 14:36:48,25.55,8500,25.55,D
sz000400,许继电气,2025-09-29 14:37:00,25.56,28200,25.56,U
sz000400,许继电气,2025-09-29 14:37:06,25.56,17600,25.56,U
sz000400,许继电气,2025-09-29 14:37:21,25.56,13000,25.56,D
sz000400,许继电气,2025-09-29 14:37:27,25.56,21400,25.56,D
sz000400,许继电气,2025-09-29 14:37:42,25.57,13400,25.56,U
sz000400,许继电气,2025-09-29 14:37:45,25.57,12300,25.57,U
sz000400,许继电气,2025-09-29 14:37:51,25.56,20500,25.57,D
sz000400,许继电气,2025-09-29 14:38:00,25.58,13500,25.56,U
sz000400,许继电气,2025-09-29 14:38:12,25.58,11800,25.57,U
sz000400,许继电气,2025-09-29 14:38:18,25.57,13200,25.58,D
sz000400,许继电气,2025-09-29 14:38:21,25.57,16200,25.57,D
sz000400,许继电气,2025-09-29 14:38:30,25.57,19800,25.57,D
sz000400,许继电气,2025-09-29 14:38:36,25.57,29000,25.57,D
sz000400,许继电气,2025-09-29 14:38:42,25.56,15400,25.57,D
sz000400,许继电气,2025-09-29 14:38:45,25.57,15300,25.56,U
sz000400,许继电气,2025-09-29 14:38:51,25.55,7900,25.57,D
sz000400,许继电气,2025-09-29 14:38:54,25.55,30800,25.55,D
sz000400,许继电气,2025-09-29 14:38:57,25.55,9200,25.55,D
sz000400,许继电气,2025-09-29 14:39:00,25.56,11400,25.55,U
sz000400,许继电气,2025-09-29 14:39:09,25.56,10900,25.56,U
sz000400,许继电气,2025-09-29 14:39:30,25.55,16600,25.56,D
sz000400,许继电气,2025-09-29 14:39:33,25.55,9100,25.55,D
sz000400,许继电气,2025-09-29 14:40:00,25.55,15700,25.55,D
sz000400,许继电气,2025-09-29 14:40:06,25.55,77140,25.55,D
sz000400,许继电气,2025-09-29 14:40:15,25.54,10200,25.55,D
sz000400,许继电气,2025-09-29 14:40:18,25.55,10600,25.54,U
sz000400,许继电气,2025-09-29 14:40:21,25.55,19500,25.55,U
sz000400,许继电气,2025-09-29 14:40:24,25.54,11926,25.55,D
sz000400,许继电气,2025-09-29 14:40:30,25.54,12374,25.54,D
sz000400,许继电气,2025-09-29 14:40:42,25.54,14826,25.54,U
sz000400,许继电气,2025-09-29 14:40:54,25.55,11600,25.55,U
sz000400,许继电气,2025-09-29 14:41:03,25.55,12900,25.55,U
sz000400,许继电气,2025-09-29 14:41:15,25.54,22100,25.54,D
sz000400,许继电气,2025-09-29 14:41:18,25.54,11400,25.54,D
sz000400,许继电气,2025-09-29 14:41:21,25.54,11500,25.54,D
sz000400,许继电气,2025-09-29 14:41:24,25.55,8800,25.54,U
sz000400,许继电气,2025-09-29 14:41:33,25.55,18800,25.55,U
sz000400,许继电气,2025-09-29 14:41:36,25.54,11800,25.55,D
sz000400,许继电气,2025-09-29 14:42:03,25.54,20600,25.54,D
sz000400,许继电气,2025-09-29 14:42:21,25.54,10300,25.55,D
sz000400,许继电气,2025-09-29 14:42:42,25.55,8400,25.55,D
sz000400,许继电气,2025-09-29 14:42:51,25.55,34886,25.55,U
sz000400,许继电气,2025-09-29 14:43:03,25.55,10200,25.55,U
sz000400,许继电气,2025-09-29 14:43:24,25.55,9300,25.56,D
sz000400,许继电气,2025-09-29 14:43:27,25.55,16300,25.55,D
sz000400,许继电气,2025-09-29 14:43:48,25.55,26300,25.55,D
sz000400,许继电气,2025-09-29 14:43:54,25.55,9200,25.55,D
sz000400,许继电气,2025-09-29 14:44:03,25.55,10900,25.55,D
sz000400,许继电气,2025-09-29 14:44:06,25.54,40114,25.55,D
sz000400,许继电气,2025-09-29 14:44:33,25.54,12600,25.54,D
sz000400,许继电气,2025-09-29 14:44:36,25.55,34000,25.54,U
sz000400,许继电气,2025-09-29 14:44:45,25.54,10200,25.54,D
sz000400,许继电气,2025-09-29 14:44:54,25.53,25600,25.54,D
sz000400,许继电气,2025-09-29 14:45:03,25.54,9200,25.54,U
sz000400,许继电气,2025-09-29 14:45:09,25.53,26800,25.54,D
sz000400,许继电气,2025-09-29 14:45:12,25.54,9300,25.53,U
sz000400,许继电气,2025-09-29 14:45:21,25.53,11000,25.54,D
sz000400,许继电气,2025-09-29 14:45:30,25.54,25400,25.54,U
sz000400,许继电气,2025-09-29 14:45:45,25.53,14100,25.54,D
sz000400,许继电气,2025-09-29 14:45:51,25.53,61200,25.54,D
sz000400,许继电气,2025-09-29 14:46:03,25.53,9500,25.53,U
sz000400,许继电气,2025-09-29 14:46:18,25.52,12300,25.53,D
sz000400,许继电气,2025-09-29 14:46:36,25.52,10800,25.53,D
sz000400,许继电气,2025-09-29 14:46:42,25.52,8400,25.52,D
sz000400,许继电气,2025-09-29 14:46:45,25.53,12100,25.52,U
sz000400,许继电气,2025-09-29 14:46:57,25.54,10700,25.53,U
sz000400,许继电气,2025-09-29 14:47:03,25.53,9700,25.53,U
sz000400,许继电气,2025-09-29 14:47:09,25.53,46900,25.53,D
sz000400,许继电气,2025-09-29 14:47:18,25.53,14300,25.51,U
sz000400,许继电气,2025-09-29 14:47:30,25.52,10700,25.53,D
sz000400,许继电气,2025-09-29 14:47:54,25.52,8100,25.52,U
sz000400,许继电气,2025-09-29 14:47:57,25.52,9200,25.52,D
sz000400,许继电气,2025-09-29 14:48:06,25.53,11300,25.52,U
sz000400,许继电气,2025-09-29 14:48:12,25.53,15200,25.52,U
sz000400,许继电气,2025-09-29 14:48:18,25.53,9300,25.53,U
sz000400,许继电气,2025-09-29 14:48:48,25.53,26400,25.54,D
sz000400,许继电气,2025-09-29 14:49:00,25.54,19800,25.53,U
sz000400,许继电气,2025-09-29 14:49:06,25.54,11500,25.54,U
sz000400,许继电气,2025-09-29 14:49:15,25.54,33600,25.53,U
sz000400,许继电气,2025-09-29 14:49:18,25.54,9486,25.54,U
sz000400,许继电气,2025-09-29 14:49:36,25.55,39500,25.55,U
sz000400,许继电气,2025-09-29 14:49:42,25.55,9300,25.55,U
sz000400,许继电气,2025-09-29 14:49:54,25.55,10300,25.55,U
sz000400,许继电气,2025-09-29 14:50:03,25.54,96900,25.55,D
sz000400,许继电气,2025-09-29 14:50:09,25.55,9700,25.55,U
sz000400,许继电气,2025-09-29 14:50:15,25.54,20814,25.54,D
sz000400,许继电气,2025-09-29 14:50:18,25.54,31000,25.54,U
sz000400,许继电气,2025-09-29 14:50:21,25.54,18700,25.54,U
sz000400,许继电气,2025-09-29 14:50:27,25.54,9500,25.54,D
sz000400,许继电气,2025-09-29 14:50:30,25.55,22900,25.54,U
sz000400,许继电气,2025-09-29 14:50:33,25.55,12400,25.55,U
sz000400,许继电气,2025-09-29 14:50:51,25.55,9300,25.55,U
sz000400,许继电气,2025-09-29 14:50:54,25.55,16000,25.55,U
sz000400,许继电气,2025-09-29 14:50:57,25.55,25300,25.55,U
sz000400,许继电气,2025-09-29 14:51:03,25.55,15786,25.55,U
sz000400,许继电气,2025-09-29 14:51:06,25.55,14100,25.55,D
sz000400,许继电气,2025-09-29 14:51:12,25.55,13200,25.56,D
sz000400,许继电气,2025-09-29 14:51:15,25.55,9900,25.55,D
sz000400,许继电气,2025-09-29 14:51:18,25.55,23300,25.55,D
sz000400,许继电气,2025-09-29 14:51:21,25.56,25000,25.55,U
sz000400,许继电气,2025-09-29 14:51:24,25.55,9600,25.56,D
sz000400,许继电气,2025-09-29 14:51:27,25.56,19500,25.55,U
sz000400,许继电气,2025-09-29 14:51:33,25.56,9200,25.55,U
sz000400,许继电气,2025-09-29 14:51:36,25.56,8800,25.56,U
sz000400,许继电气,2025-09-29 14:51:39,25.56,40900,25.56,U
sz000400,许继电气,2025-09-29 14:51:42,25.56,12200,25.56,U
sz000400,许继电气,2025-09-29 14:51:45,25.56,20400,25.56,U
sz000400,许继电气,2025-09-29 14:51:51,25.56,18000,25.56,D
sz000400,许继电气,2025-09-29 14:51:57,25.57,17400,25.56,U
sz000400,许继电气,2025-09-29 14:52:00,25.56,29400,25.57,D
sz000400,许继电气,2025-09-29 14:52:03,25.56,16000,25.56,U
sz000400,许继电气,2025-09-29 14:52:12,25.57,16700,25.57,U
sz000400,许继电气,2025-09-29 14:52:18,25.56,27300,25.56,D
sz000400,许继电气,2025-09-29 14:52:21,25.57,21200,25.56,U
sz000400,许继电气,2025-09-29 14:52:24,25.56,8000,25.57,D
sz000400,许继电气,2025-09-29 14:52:27,25.57,9300,25.56,U
sz000400,许继电气,2025-09-29 14:52:30,25.57,20540,25.57,U
sz000400,许继电气,2025-09-29 14:52:33,25.56,12200,25.57,D
sz000400,许继电气,2025-09-29 14:52:36,25.56,41960,25.56,D
sz000400,许继电气,2025-09-29 14:52:42,25.56,8460,25.57,D
sz000400,许继电气,2025-09-29 14:52:45,25.57,27740,25.56,U
sz000400,许继电气,2025-09-29 14:52:51,25.56,15300,25.57,D
sz000400,许继电气,2025-09-29 14:52:54,25.56,26200,25.56,D
sz000400,许继电气,2025-09-29 14:53:00,25.57,9300,25.56,U
sz000400,许继电气,2025-09-29 14:53:03,25.57,20400,25.57,U
sz000400,许继电气,2025-09-29 14:53:12,25.56,48200,25.57,D
sz000400,许继电气,2025-09-29 14:53:18,25.57,21600,25.57,U
sz000400,许继电气,2025-09-29 14:53:21,25.57,10300,25.57,U
sz000400,许继电气,2025-09-29 14:53:27,25.57,25000,25.57,U
sz000400,许继电气,2025-09-29 14:53:30,25.57,18400,25.57,U
sz000400,许继电气,2025-09-29 14:53:33,25.57,83000,25.57,U
sz000400,许继电气,2025-09-29 14:53:36,25.57,22800,25.57,U
sz000400,许继电气,2025-09-29 14:53:39,25.57,26800,25.57,U
sz000400,许继电气,2025-09-29 14:53:42,25.58,20400,25.57,U
sz000400,许继电气,2025-09-29 14:53:45,25.58,9700,25.58,U
sz000400,许继电气,2025-09-29 14:53:51,25.57,41400,25.58,D
sz000400,许继电气,2025-09-29 14:53:54,25.57,20300,25.57,D
sz000400,许继电气,2025-09-29 14:53:57,25.57,33600,25.57,D
sz000400,许继电气,2025-09-29 14:54:00,25.58,12700,25.57,U
sz000400,许继电气,2025-09-29 14:54:03,25.58,15300,25.58,U
sz000400,许继电气,2025-09-29 14:54:06,25.58,27000,25.58,U
sz000400,许继电气,2025-09-29 14:54:09,25.58,9500,25.58,U
sz000400,许继电气,2025-09-29 14:54:12,25.58,32700,25.58,U
sz000400,许继电气,2025-09-29 14:54:15,25.58,22200,25.58,U
sz000400,许继电气,2025-09-29 14:54:18,25.58,8500,25.58,U
sz000400,许继电气,2025-09-29 14:54:21,25.58,19300,25.58,U
sz000400,许继电气,2025-09-29 14:54:24,25.57,16500,25.58,D
sz000400,许继电气,2025-09-29 14:54:27,25.57,10700,25.57,U
sz000400,许继电气,2025-09-29 14:54:30,25.57,12500,25.57,D
sz000400,许继电气,2025-09-29 14:54:33,25.57,27600,25.57,U
sz000400,许继电气,2025-09-29 14:54:36,25.57,13600,25.57,U
sz000400,许继电气,2025-09-29 14:54:39,25.58,64800,25.57,U
sz000400,许继电气,2025-09-29 14:54:42,25.59,28800,25.58,U
sz000400,许继电气,2025-09-29 14:54:48,25.59,30000,25.59,U
sz000400,许继电气,2025-09-29 14:54:51,25.58,19400,25.59,D
sz000400,许继电气,2025-09-29 14:54:54,25.59,23700,25.58,U
sz000400,许继电气,2025-09-29 14:54:57,25.59,9100,25.59,U
sz000400,许继电气,2025-09-29 14:55:00,25.59,33200,25.59,U
sz000400,许继电气,2025-09-29 14:55:03,25.58,34000,25.59,D
sz000400,许继电气,2025-09-29 14:55:06,25.59,13900,25.58,U
sz000400,许继电气,2025-09-29 14:55:09,25.59,25200,25.59,U
sz000400,许继电气,2025-09-29 14:55:12,25.59,11200,25.59,U
sz000400,许继电气,2025-09-29 14:55:15,25.58,20600,25.59,D
sz000400,许继电气,2025-09-29 14:55:18,25.59,20900,25.58,U
sz000400,许继电气,2025-09-29 14:55:21,25.58,29700,25.59,D
sz000400,许继电气,2025-09-29 14:55:24,25.59,34600,25.58,U
sz000400,许继电气,2025-09-29 14:55:27,25.59,11200,25.59,U
sz000400,许继电气,2025-09-29 14:55:30,25.58,27400,25.59,D
sz000400,许继电气,2025-09-29 14:55:36,25.58,30100,25.58,D
sz000400,许继电气,2025-09-29 14:55:39,25.58,18500,25.58,D
sz000400,许继电气,2025-09-29 14:55:42,25.59,24000,25.58,U
sz000400,许继电气,2025-09-29 14:55:45,25.59,33500,25.59,U
sz000400,许继电气,2025-09-29 14:55:51,25.59,39400,25.59,U
sz000400,许继电气,2025-09-29 14:55:54,25.59,19600,25.59,U
sz000400,许继电气,2025-09-29 14:55:57,25.59,20300,25.59,U
sz000400,许继电气,2025-09-29 14:56:00,25.59,13000,25.59,U
sz000400,许继电气,2025-09-29 14:56:03,25.58,46120,25.59,D
sz000400,许继电气,2025-09-29 14:56:06,25.59,37100,25.58,U
sz000400,许继电气,2025-09-29 14:56:09,25.59,43793,25.59,U
sz000400,许继电气,2025-09-29 14:56:12,25.59,32807,25.59,D
sz000400,许继电气,2025-09-29 14:56:15,25.6,9800,25.59,U
sz000400,许继电气,2025-09-29 14:56:18,25.59,155500,25.6,D
sz000400,许继电气,2025-09-29 14:56:21,25.58,51280,25.59,D
sz000400,许继电气,2025-09-29 14:56:24,25.59,10700,25.58,U
sz000400,许继电气,2025-09-29 14:56:27,25.59,12700,25.59,U
sz000400,许继电气,2025-09-29 14:56:30,25.59,13200,25.59,U
sz000400,许继电气,2025-09-29 14:56:33,25.59,45700,25.59,U
sz000400,许继电气,2025-09-29 14:56:36,25.58,8300,25.59,D
sz000400,许继电气,2025-09-29 14:56:39,25.58,12900,25.58,D
sz000400,许继电气,2025-09-29 14:56:42,25.58,14700,25.58,U
sz000400,许继电气,2025-09-29 14:56:45,25.58,9700,25.58,D
sz000400,许继电气,2025-09-29 14:56:48,25.59,17100,25.58,U
sz000400,许继电气,2025-09-29 14:56:51,25.58,16600,25.59,D
sz000400,许继电气,2025-09-29 14:56:54,25.59,23700,25.58,U
sz000400,许继电气,2025-09-29 14:56:57,25.59,8500,25.59,U
sz000400,许继电气,2025-09-29 14:57:00,25.59,17900,25.59,U
sz000400,许继电气,2025-09-29 15:00:00,25.59,584720,25.59,U
