symbol,name,ticktime,price,volume,prev_price,kind
sz000400,许继电气,2025-09-24 09:25:00,24.15,185600,0.0,D
sz000400,许继电气,2025-09-24 09:30:00,24.09,37800,24.15,D
sz000400,许继电气,2025-09-24 09:30:03,24.12,210600,24.09,U
sz000400,许继电气,2025-09-24 09:30:06,24.11,29200,24.12,E
sz000400,许继电气,2025-09-24 09:30:09,24.1,11800,24.11,E
sz000400,许继电气,2025-09-24 09:30:12,24.1,19800,24.1,U
sz000400,许继电气,2025-09-24 09:30:15,24.09,133800,24.1,D
sz000400,许继电气,2025-09-24 09:30:18,24.07,18000,24.09,D
sz000400,许继电气,2025-09-24 09:30:21,24.02,83500,24.07,D
sz000400,许继电气,2025-09-24 09:30:24,24.02,31900,24.02,D
sz000400,许继电气,2025-09-24 09:30:30,24.01,36400,24.02,D
sz000400,许继电气,2025-09-24 09:30:33,24.01,48100,24.01,D
sz000400,许继电气,2025-09-24 09:30:36,24.0,47900,24.01,D
sz000400,许继电气,2025-09-24 09:30:39,24.0,32300,24.0,D
sz000400,许继电气,2025-09-24 09:30:42,23.99,125000,24.0,D
sz000400,许继电气,2025-09-24 09:30:45,23.99,10500,23.99,E
sz000400,许继电气,2025-09-24 09:30:48,23.99,9300,23.99,U
sz000400,许继电气,2025-09-24 09:30:51,24.02,194200,23.99,U
sz000400,许继电气,2025-09-24 09:31:00,24.02,11300,24.02,D
sz000400,许继电气,2025-09-24 09:31:03,24.05,32200,24.02,U
sz000400,许继电气,2025-09-24 09:31:06,24.03,18200,24.05,D
sz000400,许继电气,2025-09-24 09:31:09,24.04,9900,24.03,U
sz000400,许继电气,2025-09-24 09:31:15,24.06,23500,24.05,E
sz000400,许继电气,2025-09-24 09:31:21,24.08,25500,24.06,E
sz000400,许继电气,2025-09-24 09:31:24,24.09,66300,24.08,E
sz000400,许继电气,2025-09-24 09:31:27,24.09,15600,24.09,E
sz000400,许继电气,2025-09-24 09:31:30,24.08,45000,24.09,E
sz000400,许继电气,2025-09-24 09:31:33,24.08,32100,24.08,U
sz000400,许继电气,2025-09-24 09:31:36,24.08,26900,24.08,D
sz000400,许继电气,2025-09-24 09:31:39,24.1,16200,24.08,U
sz000400,许继电气,2025-09-24 09:31:42,24.1,18400,24.1,U
sz000400,许继电气,2025-09-24 09:31:45,24.1,31800,24.1,U
sz000400,许继电气,2025-09-24 09:31:48,24.1,59200,24.1,U
sz000400,许继电气,2025-09-24 09:31:51,24.06,38100,24.1,D
sz000400,许继电气,2025-09-24 09:31:54,24.06,31100,24.06,D
sz000400,许继电气,2025-09-24 09:31:57,24.07,49100,24.06,E
sz000400,许继电气,2025-09-24 09:32:00,24.06,12100,24.07,E
sz000400,许继电气,2025-09-24 09:32:03,24.08,14500,24.06,U
sz000400,许继电气,2025-09-24 09:32:09,24.07,75300,24.06,E
sz000400,许继电气,2025-09-24 09:32:12,24.06,11200,24.07,D
sz000400,许继电气,2025-09-24 09:32:15,24.06,33800,24.06,D
sz000400,许继电气,2025-09-24 09:32:21,24.06,38600,24.07,D
sz000400,许继电气,2025-09-24 09:32:24,24.06,23000,24.06,U
sz000400,许继电气,2025-09-24 09:32:27,24.05,41200,24.06,D
sz000400,许继电气,2025-09-24 09:32:30,24.03,141700,24.05,D
sz000400,许继电气,2025-09-24 09:32:33,24.03,61700,24.03,D
sz000400,许继电气,2025-09-24 09:32:36,24.02,18600,24.03,D
sz000400,许继电气,2025-09-24 09:32:39,23.99,156900,24.02,D
sz000400,许继电气,2025-09-24 09:32:42,23.98,16000,23.99,D
sz000400,许继电气,2025-09-24 09:32:45,23.98,15200,23.98,D
sz000400,许继电气,2025-09-24 09:32:48,23.98,16500,23.98,U
sz000400,许继电气,2025-09-24 09:32:51,23.99,63800,23.98,U
sz000400,许继电气,2025-09-24 09:32:54,23.98,47800,23.99,D
sz000400,许继电气,2025-09-24 09:32:57,23.99,19800,23.98,E
sz000400,许继电气,2025-09-24 09:33:00,23.99,16500,23.99,D
sz000400,许继电气,2025-09-24 09:33:03,23.99,38100,23.99,D
sz000400,许继电气,2025-09-24 09:33:06,24.01,30800,23.99,U
sz000400,许继电气,2025-09-24 09:33:09,23.99,20200,24.01,D
sz000400,许继电气,2025-09-24 09:33:12,24.0,8600,23.99,U
sz000400,许继电气,2025-09-24 09:33:15,24.0,32700,24.0,U
sz000400,许继电气,2025-09-24 09:33:18,24.01,13500,24.0,U
sz000400,许继电气,2025-09-24 09:33:21,24.0,13500,24.01,D
sz000400,许继电气,2025-09-24 09:33:27,24.01,24100,24.01,D
sz000400,许继电气,2025-09-24 09:33:30,24.01,10900,24.01,D
sz000400,许继电气,2025-09-24 09:33:33,24.01,9900,24.01,D
sz000400,许继电气,2025-09-24 09:33:45,24.03,24400,24.02,U
sz000400,许继电气,2025-09-24 09:33:51,24.03,12900,24.01,U
sz000400,许继电气,2025-09-24 09:33:54,24.01,12300,24.03,D
sz000400,许继电气,2025-09-24 09:33:57,24.06,90800,24.01,U
sz000400,许继电气,2025-09-24 09:34:00,24.03,8700,24.06,E
sz000400,许继电气,2025-09-24 09:34:03,24.05,8400,24.03,U
sz000400,许继电气,2025-09-24 09:34:06,24.06,12600,24.05,U
sz000400,许继电气,2025-09-24 09:34:18,24.09,11000,24.06,U
sz000400,许继电气,2025-09-24 09:34:24,24.08,14400,24.08,D
sz000400,许继电气,2025-09-24 09:34:30,24.05,38800,24.07,D
sz000400,许继电气,2025-09-24 09:34:33,24.07,11700,24.05,U
sz000400,许继电气,2025-09-24 09:34:36,24.07,10200,24.07,U
sz000400,许继电气,2025-09-24 09:34:42,24.06,75100,24.06,U
sz000400,许继电气,2025-09-24 09:34:45,24.04,21500,24.06,D
sz000400,许继电气,2025-09-24 09:34:48,24.05,22600,24.04,U
sz000400,许继电气,2025-09-24 09:34:54,24.05,14700,24.08,D
sz000400,许继电气,2025-09-24 09:35:00,24.05,12300,24.07,D
sz000400,许继电气,2025-09-24 09:35:03,24.05,31400,24.05,D
sz000400,许继电气,2025-09-24 09:35:06,24.05,15200,24.05,U
sz000400,许继电气,2025-09-24 09:35:09,24.05,10600,24.05,U
sz000400,许继电气,2025-09-24 09:35:12,24.04,10000,24.05,D
sz000400,许继电气,2025-09-24 09:35:15,24.04,29100,24.04,E
sz000400,许继电气,2025-09-24 09:35:18,24.01,44200,24.04,D
sz000400,许继电气,2025-09-24 09:35:21,24.01,8700,24.01,D
sz000400,许继电气,2025-09-24 09:35:24,24.03,23600,24.01,U
sz000400,许继电气,2025-09-24 09:35:27,24.02,10900,24.03,D
sz000400,许继电气,2025-09-24 09:35:36,24.03,17600,24.02,U
sz000400,许继电气,2025-09-24 09:35:39,24.03,12800,24.03,E
sz000400,许继电气,2025-09-24 09:36:00,24.04,36400,24.03,U
sz000400,许继电气,2025-09-24 09:36:06,24.03,11100,24.02,U
sz000400,许继电气,2025-09-24 09:36:12,24.02,13300,24.03,D
sz000400,许继电气,2025-09-24 09:36:18,24.03,14300,24.02,U
sz000400,许继电气,2025-09-24 09:36:21,24.02,29400,24.03,D
sz000400,许继电气,2025-09-24 09:36:24,24.02,8400,24.02,U
sz000400,许继电气,2025-09-24 09:36:27,24.01,128200,24.02,D
sz000400,许继电气,2025-09-24 09:36:30,24.01,12300,24.01,D
sz000400,许继电气,2025-09-24 09:36:36,24.01,25500,24.02,D
sz000400,许继电气,2025-09-24 09:36:42,24.01,29900,24.01,D
sz000400,许继电气,2025-09-24 09:36:45,24.01,17500,24.01,D
sz000400,许继电气,2025-09-24 09:37:06,24.03,10200,24.04,D
sz000400,许继电气,2025-09-24 09:37:09,24.04,43200,24.03,U
sz000400,许继电气,2025-09-24 09:37:12,24.04,9800,24.04,E
sz000400,许继电气,2025-09-24 09:37:24,24.03,8900,24.04,D
sz000400,许继电气,2025-09-24 09:37:39,24.03,19200,24.03,D
sz000400,许继电气,2025-09-24 09:37:45,24.04,8600,24.05,D
sz000400,许继电气,2025-09-24 09:37:51,24.04,16000,24.04,D
sz000400,许继电气,2025-09-24 09:37:57,24.05,20600,24.05,U
sz000400,许继电气,2025-09-24 09:38:09,24.07,14900,24.05,U
sz000400,许继电气,2025-09-24 09:38:18,24.08,11400,24.07,U
sz000400,许继电气,2025-09-24 09:38:24,24.07,12400,24.08,D
sz000400,许继电气,2025-09-24 09:38:27,24.07,15700,24.07,D
sz000400,许继电气,2025-09-24 09:38:30,24.07,8900,24.07,U
sz000400,许继电气,2025-09-24 09:38:33,24.07,38000,24.07,D
sz000400,许继电气,2025-09-24 09:38:36,24.06,44800,24.07,D
sz000400,许继电气,2025-09-24 09:38:39,24.08,55400,24.06,U
sz000400,许继电气,2025-09-24 09:38:51,24.05,35700,24.07,D
sz000400,许继电气,2025-09-24 09:38:54,24.07,71500,24.05,U
sz000400,许继电气,2025-09-24 09:38:57,24.03,30700,24.07,D
sz000400,许继电气,2025-09-24 09:39:00,24.03,11400,24.03,D
sz000400,许继电气,2025-09-24 09:39:03,24.03,34000,24.03,D
sz000400,许继电气,2025-09-24 09:39:06,24.03,11400,24.03,D
sz000400,许继电气,2025-09-24 09:39:09,24.03,9000,24.03,E
sz000400,许继电气,2025-09-24 09:39:12,24.04,9000,24.03,U
sz000400,许继电气,2025-09-24 09:39:21,24.05,14900,24.04,U
sz000400,许继电气,2025-09-24 09:39:30,24.04,35000,24.05,D
sz000400,许继电气,2025-09-24 09:39:39,24.05,16000,24.05,U
sz000400,许继电气,2025-09-24 09:39:51,24.05,13000,24.06,D
sz000400,许继电气,2025-09-24 09:39:57,24.07,15900,24.05,U
sz000400,许继电气,2025-09-24 09:40:03,24.08,58500,24.07,U
sz000400,许继电气,2025-09-24 09:40:18,24.1,29500,24.09,U
sz000400,许继电气,2025-09-24 09:40:27,24.12,12500,24.12,U
sz000400,许继电气,2025-09-24 09:40:33,24.13,9600,24.12,E
sz000400,许继电气,2025-09-24 09:40:36,24.13,60400,24.13,D
sz000400,许继电气,2025-09-24 09:40:39,24.14,18400,24.13,U
sz000400,许继电气,2025-09-24 09:40:42,24.14,13800,24.14,U
sz000400,许继电气,2025-09-24 09:40:45,24.15,16400,24.14,U
sz000400,许继电气,2025-09-24 09:40:51,24.15,41500,24.14,U
sz000400,许继电气,2025-09-24 09:40:54,24.15,21400,24.15,U
sz000400,许继电气,2025-09-24 09:41:03,24.16,12100,24.16,D
sz000400,许继电气,2025-09-24 09:41:06,24.16,13600,24.16,D
sz000400,许继电气,2025-09-24 09:41:09,24.15,67000,24.16,D
sz000400,许继电气,2025-09-24 09:41:12,24.15,22000,24.15,D
sz000400,许继电气,2025-09-24 09:41:15,24.17,8900,24.15,U
sz000400,许继电气,2025-09-24 09:41:18,24.15,16900,24.17,D
sz000400,许继电气,2025-09-24 09:41:24,24.16,11800,24.16,E
sz000400,许继电气,2025-09-24 09:41:30,24.17,22100,24.17,U
sz000400,许继电气,2025-09-24 09:41:42,24.18,12700,24.17,U
sz000400,许继电气,2025-09-24 09:41:45,24.19,37100,24.18,U
sz000400,许继电气,2025-09-24 09:41:57,24.2,26000,24.2,U
sz000400,许继电气,2025-09-24 09:42:00,24.19,80400,24.2,D
sz000400,许继电气,2025-09-24 09:42:03,24.17,41600,24.19,D
sz000400,许继电气,2025-09-24 09:42:06,24.16,9900,24.17,D
sz000400,许继电气,2025-09-24 09:42:12,24.15,8300,24.16,D
sz000400,许继电气,2025-09-24 09:42:15,24.17,29900,24.15,U
sz000400,许继电气,2025-09-24 09:42:21,24.15,37700,24.16,D
sz000400,许继电气,2025-09-24 09:42:27,24.14,26600,24.15,D
sz000400,许继电气,2025-09-24 09:42:33,24.12,21700,24.13,D
sz000400,许继电气,2025-09-24 09:42:42,24.14,29900,24.13,U
sz000400,许继电气,2025-09-24 09:42:54,24.14,16800,24.13,U
sz000400,许继电气,2025-09-24 09:43:15,24.15,11100,24.15,U
sz000400,许继电气,2025-09-24 09:43:30,24.15,31600,24.16,D
sz000400,许继电气,2025-09-24 09:43:33,24.15,18600,24.15,D
sz000400,许继电气,2025-09-24 09:43:36,24.15,15300,24.15,E
sz000400,许继电气,2025-09-24 09:43:39,24.13,9500,24.15,D
sz000400,许继电气,2025-09-24 09:43:45,24.13,20000,24.14,D
sz000400,许继电气,2025-09-24 09:43:54,24.12,92300,24.12,D
sz000400,许继电气,2025-09-24 09:44:00,24.1,12100,24.11,D
sz000400,许继电气,2025-09-24 09:44:03,24.1,22800,24.1,D
sz000400,许继电气,2025-09-24 09:44:06,24.1,11900,24.1,D
sz000400,许继电气,2025-09-24 09:44:09,24.1,10700,24.1,D
sz000400,许继电气,2025-09-24 09:44:18,24.12,10900,24.11,U
sz000400,许继电气,2025-09-24 09:44:42,24.11,16200,24.12,D
sz000400,许继电气,2025-09-24 09:44:48,24.11,31200,24.11,U
sz000400,许继电气,2025-09-24 09:44:54,24.1,19300,24.1,D
sz000400,许继电气,2025-09-24 09:45:00,24.1,14200,24.1,U
sz000400,许继电气,2025-09-24 09:45:03,24.15,124400,24.1,U
sz000400,许继电气,2025-09-24 09:45:21,24.12,16500,24.15,D
sz000400,许继电气,2025-09-24 09:45:33,24.14,14000,24.14,U
sz000400,许继电气,2025-09-24 09:45:42,24.13,23400,24.15,D
sz000400,许继电气,2025-09-24 09:45:45,24.14,11000,24.13,U
sz000400,许继电气,2025-09-24 09:45:54,24.13,14000,24.14,D
sz000400,许继电气,2025-09-24 09:46:03,24.16,47700,24.15,U
sz000400,许继电气,2025-09-24 09:46:15,24.19,112900,24.17,U
sz000400,许继电气,2025-09-24 09:46:27,24.18,21900,24.18,D
sz000400,许继电气,2025-09-24 09:46:30,24.18,19900,24.18,D
sz000400,许继电气,2025-09-24 09:46:39,24.2,79600,24.2,U
sz000400,许继电气,2025-09-24 09:46:42,24.18,31700,24.2,D
sz000400,许继电气,2025-09-24 09:46:45,24.18,13100,24.18,D
sz000400,许继电气,2025-09-24 09:46:48,24.19,18900,24.18,E
sz000400,许继电气,2025-09-24 09:46:54,24.18,12100,24.19,D
sz000400,许继电气,2025-09-24 09:47:09,24.18,9300,24.18,D
sz000400,许继电气,2025-09-24 09:47:18,24.18,9300,24.18,U
sz000400,许继电气,2025-09-24 09:47:21,24.18,9100,24.18,D
sz000400,许继电气,2025-09-24 09:47:33,24.18,10200,24.18,D
sz000400,许继电气,2025-09-24 09:47:39,24.19,8500,24.19,U
sz000400,许继电气,2025-09-24 09:47:57,24.21,20600,24.19,U
sz000400,许继电气,2025-09-24 09:48:24,24.22,39100,24.24,D
sz000400,许继电气,2025-09-24 09:48:27,24.24,15400,24.22,U
sz000400,许继电气,2025-09-24 09:48:45,24.25,11300,24.25,U
sz000400,许继电气,2025-09-24 09:48:48,24.25,8800,24.25,U
sz000400,许继电气,2025-09-24 09:48:57,24.26,17200,24.26,U
sz000400,许继电气,2025-09-24 09:49:00,24.25,17700,24.26,D
sz000400,许继电气,2025-09-24 09:49:03,24.26,20000,24.25,U
sz000400,许继电气,2025-09-24 09:49:06,24.26,12700,24.26,D
sz000400,许继电气,2025-09-24 09:49:09,24.26,133600,24.26,D
sz000400,许继电气,2025-09-24 09:49:12,24.24,24000,24.26,D
sz000400,许继电气,2025-09-24 09:49:15,24.24,11000,24.24,D
sz000400,许继电气,2025-09-24 09:49:30,24.24,28200,24.23,U
sz000400,许继电气,2025-09-24 09:49:42,24.23,12700,24.24,D
sz000400,许继电气,2025-09-24 09:49:45,24.25,12700,24.23,U
sz000400,许继电气,2025-09-24 09:49:51,24.23,42300,24.24,D
sz000400,许继电气,2025-09-24 09:49:54,24.21,22900,24.23,D
sz000400,许继电气,2025-09-24 09:49:57,24.24,10300,24.21,U
sz000400,许继电气,2025-09-24 09:50:03,24.2,25100,24.21,D
sz000400,许继电气,2025-09-24 09:50:06,24.2,16900,24.2,D
sz000400,许继电气,2025-09-24 09:50:09,24.2,9500,24.2,D
sz000400,许继电气,2025-09-24 09:50:12,24.19,78900,24.2,D
sz000400,许继电气,2025-09-24 09:50:15,24.16,14900,24.19,D
sz000400,许继电气,2025-09-24 09:50:18,24.17,9700,24.16,U
sz000400,许继电气,2025-09-24 09:50:24,24.15,40000,24.16,D
sz000400,许继电气,2025-09-24 09:50:39,24.13,11900,24.15,D
sz000400,许继电气,2025-09-24 09:50:51,24.14,13700,24.13,U
sz000400,许继电气,2025-09-24 09:50:54,24.15,29300,24.14,U
sz000400,许继电气,2025-09-24 09:51:24,24.2,8400,24.18,U
sz000400,许继电气,2025-09-24 09:51:33,24.2,9600,24.2,U
sz000400,许继电气,2025-09-24 09:51:42,24.2,12300,24.2,D
sz000400,许继电气,2025-09-24 09:51:45,24.2,19400,24.2,U
sz000400,许继电气,2025-09-24 09:51:54,24.2,39100,24.2,D
sz000400,许继电气,2025-09-24 09:51:57,24.19,39700,24.2,E
sz000400,许继电气,2025-09-24 09:52:09,24.17,12900,24.17,D
sz000400,许继电气,2025-09-24 09:52:15,24.15,10400,24.15,D
sz000400,许继电气,2025-09-24 09:52:21,24.15,61500,24.15,U
sz000400,许继电气,2025-09-24 09:52:24,24.15,17800,24.15,U
sz000400,许继电气,2025-09-24 09:52:27,24.11,57100,24.15,D
sz000400,许继电气,2025-09-24 09:52:36,24.1,94672,24.15,D
sz000400,许继电气,2025-09-24 09:52:39,24.15,11400,24.1,U
sz000400,许继电气,2025-09-24 09:52:45,24.16,13400,24.15,U
sz000400,许继电气,2025-09-24 09:52:48,24.18,16300,24.16,U
sz000400,许继电气,2025-09-24 09:53:09,24.18,9800,24.17,U
sz000400,许继电气,2025-09-24 09:53:15,24.15,10900,24.18,D
sz000400,许继电气,2025-09-24 09:53:27,24.15,11000,24.16,D
sz000400,许继电气,2025-09-24 09:53:33,24.15,11600,24.15,U
sz000400,许继电气,2025-09-24 09:53:36,24.15,9900,24.15,E
sz000400,许继电气,2025-09-24 09:53:54,24.14,9400,24.15,D
sz000400,许继电气,2025-09-24 09:53:57,24.13,20300,24.14,D
sz000400,许继电气,2025-09-24 09:54:06,24.15,15100,24.14,U
sz000400,许继电气,2025-09-24 09:54:15,24.15,15600,24.15,D
sz000400,许继电气,2025-09-24 09:54:36,24.18,8500,24.18,U
sz000400,许继电气,2025-09-24 09:54:39,24.17,10600,24.18,D
sz000400,许继电气,2025-09-24 09:54:45,24.2,110000,24.17,U
sz000400,许继电气,2025-09-24 09:54:48,24.19,64900,24.2,D
sz000400,许继电气,2025-09-24 09:54:57,24.19,18400,24.21,D
sz000400,许继电气,2025-09-24 09:55:12,24.23,14600,24.23,U
sz000400,许继电气,2025-09-24 09:55:18,24.23,17700,24.23,U
sz000400,许继电气,2025-09-24 09:56:06,24.2,33900,24.21,D
sz000400,许继电气,2025-09-24 09:56:09,24.21,10000,24.2,U
sz000400,许继电气,2025-09-24 09:56:15,24.19,30100,24.19,E
sz000400,许继电气,2025-09-24 09:56:21,24.15,21700,24.15,D
sz000400,许继电气,2025-09-24 09:56:27,24.15,16400,24.15,U
sz000400,许继电气,2025-09-24 09:56:30,24.15,8700,24.15,U
sz000400,许继电气,2025-09-24 09:56:36,24.13,13800,24.15,D
sz000400,许继电气,2025-09-24 09:56:45,24.15,36100,24.14,U
sz000400,许继电气,2025-09-24 09:56:48,24.15,9000,24.15,D
sz000400,许继电气,2025-09-24 09:57:00,24.17,8500,24.15,U
sz000400,许继电气,2025-09-24 09:57:03,24.16,8400,24.17,D
sz000400,许继电气,2025-09-24 09:57:15,24.17,8300,24.17,U
sz000400,许继电气,2025-09-24 09:57:24,24.16,13700,24.17,D
sz000400,许继电气,2025-09-24 09:57:27,24.16,23500,24.16,D
sz000400,许继电气,2025-09-24 09:57:33,24.16,25300,24.16,U
sz000400,许继电气,2025-09-24 09:57:45,24.17,9100,24.15,U
sz000400,许继电气,2025-09-24 09:58:03,24.17,17200,24.17,D
sz000400,许继电气,2025-09-24 09:58:18,24.18,12800,24.18,U
sz000400,许继电气,2025-09-24 09:58:21,24.17,11600,24.18,D
sz000400,许继电气,2025-09-24 09:58:24,24.18,13200,24.17,U
sz000400,许继电气,2025-09-24 09:58:27,24.18,12900,24.18,D
sz000400,许继电气,2025-09-24 09:59:00,24.17,101800,24.19,D
sz000400,许继电气,2025-09-24 09:59:03,24.19,94900,24.17,U
sz000400,许继电气,2025-09-24 09:59:12,24.19,9400,24.2,D
sz000400,许继电气,2025-09-24 09:59:30,24.19,15000,24.21,D
sz000400,许继电气,2025-09-24 09:59:54,24.2,20300,24.2,D
sz000400,许继电气,2025-09-24 10:00:06,24.2,39900,24.21,D
sz000400,许继电气,2025-09-24 10:00:09,24.2,46900,24.2,U
sz000400,许继电气,2025-09-24 10:00:18,24.19,89200,24.19,D
sz000400,许继电气,2025-09-24 10:00:39,24.18,8400,24.18,D
sz000400,许继电气,2025-09-24 10:00:42,24.18,24100,24.18,U
sz000400,许继电气,2025-09-24 10:00:48,24.17,11800,24.17,D
sz000400,许继电气,2025-09-24 10:01:09,24.15,17800,24.16,D
sz000400,许继电气,2025-09-24 10:01:12,24.15,18400,24.15,D
sz000400,许继电气,2025-09-24 10:01:21,24.15,20100,24.15,D
sz000400,许继电气,2025-09-24 10:01:27,24.14,13300,24.15,D
sz000400,许继电气,2025-09-24 10:01:33,24.13,72300,24.15,D
sz000400,许继电气,2025-09-24 10:01:42,24.1,211000,24.13,D
sz000400,许继电气,2025-09-24 10:01:48,24.1,9700,24.12,D
sz000400,许继电气,2025-09-24 10:01:51,24.11,12500,24.1,D
sz000400,许继电气,2025-09-24 10:01:54,24.14,252000,24.11,U
sz000400,许继电气,2025-09-24 10:02:03,24.13,20500,24.12,E
sz000400,许继电气,2025-09-24 10:02:57,24.17,11300,24.17,U
sz000400,许继电气,2025-09-24 10:03:03,24.15,9800,24.15,D
sz000400,许继电气,2025-09-24 10:03:27,24.16,11000,24.15,U
sz000400,许继电气,2025-09-24 10:03:33,24.16,13500,24.16,D
sz000400,许继电气,2025-09-24 10:03:51,24.16,16600,24.16,U
sz000400,许继电气,2025-09-24 10:04:03,24.16,26000,24.14,U
sz000400,许继电气,2025-09-24 10:04:06,24.21,68100,24.16,U
sz000400,许继电气,2025-09-24 10:04:09,24.18,13000,24.21,D
sz000400,许继电气,2025-09-24 10:04:24,24.21,19500,24.19,U
sz000400,许继电气,2025-09-24 10:04:30,24.22,20200,24.21,U
sz000400,许继电气,2025-09-24 10:04:39,24.21,12300,24.21,D
sz000400,许继电气,2025-09-24 10:05:03,24.21,84800,24.21,D
sz000400,许继电气,2025-09-24 10:05:06,24.24,8700,24.21,U
sz000400,许继电气,2025-09-24 10:06:06,24.24,8700,24.24,U
sz000400,许继电气,2025-09-24 10:06:15,24.24,9100,24.24,D
sz000400,许继电气,2025-09-24 10:06:24,24.24,15400,24.26,D
sz000400,许继电气,2025-09-24 10:06:33,24.24,20200,24.25,D
sz000400,许继电气,2025-09-24 10:06:42,24.25,18400,24.25,U
sz000400,许继电气,2025-09-24 10:06:48,24.27,15200,24.25,U
sz000400,许继电气,2025-09-24 10:06:54,24.27,13400,24.28,D
sz000400,许继电气,2025-09-24 10:06:57,24.27,23500,24.27,D
sz000400,许继电气,2025-09-24 10:07:06,24.25,20400,24.27,D
sz000400,许继电气,2025-09-24 10:07:15,24.21,80800,24.23,D
sz000400,许继电气,2025-09-24 10:07:21,24.24,14300,24.21,U
sz000400,许继电气,2025-09-24 10:07:30,24.21,14200,24.22,D
sz000400,许继电气,2025-09-24 10:07:33,24.21,33100,24.21,D
sz000400,许继电气,2025-09-24 10:07:54,24.21,12315,24.2,U
sz000400,许继电气,2025-09-24 10:07:57,24.21,13500,24.21,D
sz000400,许继电气,2025-09-24 10:08:00,24.2,24285,24.21,D
sz000400,许继电气,2025-09-24 10:08:06,24.21,10200,24.2,U
sz000400,许继电气,2025-09-24 10:08:21,24.23,55200,24.21,U
sz000400,许继电气,2025-09-24 10:08:33,24.23,13400,24.22,U
sz000400,许继电气,2025-09-24 10:08:48,24.23,57800,24.23,U
sz000400,许继电气,2025-09-24 10:08:51,24.23,10400,24.23,U
sz000400,许继电气,2025-09-24 10:09:03,24.19,82300,24.22,D
sz000400,许继电气,2025-09-24 10:09:33,24.15,15700,24.16,D
sz000400,许继电气,2025-09-24 10:09:36,24.15,23100,24.15,E
sz000400,许继电气,2025-09-24 10:09:48,24.17,10600,24.17,D
sz000400,许继电气,2025-09-24 10:09:57,24.18,15700,24.15,U
sz000400,许继电气,2025-09-24 10:10:03,24.15,12900,24.18,D
sz000400,许继电气,2025-09-24 10:10:24,24.15,20000,24.16,D
sz000400,许继电气,2025-09-24 10:10:30,24.16,20100,24.15,U
sz000400,许继电气,2025-09-24 10:10:39,24.15,18500,24.16,D
sz000400,许继电气,2025-09-24 10:10:57,24.14,14500,24.14,D
sz000400,许继电气,2025-09-24 10:11:03,24.14,8700,24.14,D
sz000400,许继电气,2025-09-24 10:11:09,24.14,22200,24.14,D
sz000400,许继电气,2025-09-24 10:11:15,24.14,9900,24.14,U
sz000400,许继电气,2025-09-24 10:11:18,24.14,11100,24.14,U
sz000400,许继电气,2025-09-24 10:11:21,24.14,15300,24.14,U
sz000400,许继电气,2025-09-24 10:11:24,24.13,11000,24.14,D
sz000400,许继电气,2025-09-24 10:11:39,24.12,19400,24.12,D
sz000400,许继电气,2025-09-24 10:11:42,24.12,13800,24.12,D
sz000400,许继电气,2025-09-24 10:11:51,24.1,38400,24.12,D
sz000400,许继电气,2025-09-24 10:12:00,24.11,12200,24.1,U
sz000400,许继电气,2025-09-24 10:12:03,24.13,26400,24.11,U
sz000400,许继电气,2025-09-24 10:12:06,24.11,10100,24.13,D
sz000400,许继电气,2025-09-24 10:12:18,24.14,14200,24.13,U
sz000400,许继电气,2025-09-24 10:12:21,24.13,44600,24.14,D
sz000400,许继电气,2025-09-24 10:12:24,24.13,18900,24.13,D
sz000400,许继电气,2025-09-24 10:12:30,24.13,8400,24.13,D
sz000400,许继电气,2025-09-24 10:13:03,24.14,12600,24.14,D
sz000400,许继电气,2025-09-24 10:13:06,24.15,12300,24.14,U
sz000400,许继电气,2025-09-24 10:13:18,24.15,23500,24.14,U
sz000400,许继电气,2025-09-24 10:13:21,24.14,12000,24.15,D
sz000400,许继电气,2025-09-24 10:13:27,24.14,12700,24.14,U
sz000400,许继电气,2025-09-24 10:14:42,24.14,10400,24.15,D
sz000400,许继电气,2025-09-24 10:16:06,24.15,8700,24.15,D
sz000400,许继电气,2025-09-24 10:16:09,24.15,29900,24.15,D
sz000400,许继电气,2025-09-24 10:16:45,24.14,9200,24.14,D
sz000400,许继电气,2025-09-24 10:17:09,24.13,8400,24.13,D
sz000400,许继电气,2025-09-24 10:17:51,24.14,22200,24.15,D
sz000400,许继电气,2025-09-24 10:18:00,24.15,9000,24.15,U
sz000400,许继电气,2025-09-24 10:18:09,24.14,58568,24.15,D
sz000400,许继电气,2025-09-24 10:18:18,24.14,11400,24.15,D
sz000400,许继电气,2025-09-24 10:18:45,24.14,14000,24.15,D
sz000400,许继电气,2025-09-24 10:18:57,24.15,30200,24.14,U
sz000400,许继电气,2025-09-24 10:19:57,24.18,14200,24.18,U
sz000400,许继电气,2025-09-24 10:20:12,24.2,20600,24.19,U
sz000400,许继电气,2025-09-24 10:20:18,24.2,10800,24.19,U
sz000400,许继电气,2025-09-24 10:20:33,24.22,24500,24.22,U
sz000400,许继电气,2025-09-24 10:20:39,24.2,12100,24.2,D
sz000400,许继电气,2025-09-24 10:20:57,24.2,18000,24.2,D
sz000400,许继电气,2025-09-24 10:21:27,24.2,11300,24.19,U
sz000400,许继电气,2025-09-24 10:22:12,24.2,16400,24.22,D
sz000400,许继电气,2025-09-24 10:22:24,24.18,16900,24.19,D
sz000400,许继电气,2025-09-24 10:22:51,24.17,13100,24.17,D
sz000400,许继电气,2025-09-24 10:23:21,24.16,21800,24.18,D
sz000400,许继电气,2025-09-24 10:23:39,24.21,25600,24.19,U
sz000400,许继电气,2025-09-24 10:23:42,24.23,33000,24.21,U
sz000400,许继电气,2025-09-24 10:24:30,24.2,9200,24.22,D
sz000400,许继电气,2025-09-24 10:24:57,24.2,9400,24.2,U
sz000400,许继电气,2025-09-24 10:25:09,24.21,12200,24.2,U
sz000400,许继电气,2025-09-24 10:25:21,24.21,12300,24.21,D
sz000400,许继电气,2025-09-24 10:26:45,24.17,16600,24.18,D
sz000400,许继电气,2025-09-24 10:27:45,24.15,79100,24.16,D
sz000400,许继电气,2025-09-24 10:27:48,24.15,10600,24.15,U
sz000400,许继电气,2025-09-24 10:27:57,24.15,12500,24.15,U
sz000400,许继电气,2025-09-24 10:28:00,24.15,24700,24.15,U
sz000400,许继电气,2025-09-24 10:28:03,24.16,107900,24.15,U
sz000400,许继电气,2025-09-24 10:28:18,24.15,12100,24.16,D
sz000400,许继电气,2025-09-24 10:28:27,24.15,28400,24.15,U
sz000400,许继电气,2025-09-24 10:28:30,24.15,12300,24.15,U
sz000400,许继电气,2025-09-24 10:28:42,24.15,10500,24.15,U
sz000400,许继电气,2025-09-24 10:29:45,24.14,17800,24.14,D
sz000400,许继电气,2025-09-24 10:29:48,24.14,40300,24.14,D
sz000400,许继电气,2025-09-24 10:30:06,24.13,8400,24.13,D
sz000400,许继电气,2025-09-24 10:30:27,24.15,30900,24.14,U
sz000400,许继电气,2025-09-24 10:31:09,24.16,12500,24.16,D
sz000400,许继电气,2025-09-24 10:31:33,24.14,56200,24.15,D
sz000400,许继电气,2025-09-24 10:31:42,24.14,22600,24.14,D
sz000400,许继电气,2025-09-24 10:31:54,24.12,60632,24.13,D
sz000400,许继电气,2025-09-24 10:32:12,24.12,29300,24.12,D
sz000400,许继电气,2025-09-24 10:32:18,24.12,10300,24.13,D
sz000400,许继电气,2025-09-24 10:33:06,24.13,74400,24.12,U
sz000400,许继电气,2025-09-24 10:33:18,24.14,11400,24.14,U
sz000400,许继电气,2025-09-24 10:34:06,24.13,9100,24.14,D
sz000400,许继电气,2025-09-24 10:34:39,24.14,11500,24.13,U
sz000400,许继电气,2025-09-24 10:35:03,24.15,15568,24.14,U
sz000400,许继电气,2025-09-24 10:35:39,24.15,22700,24.15,U
sz000400,许继电气,2025-09-24 10:37:06,24.16,9700,24.16,U
sz000400,许继电气,2025-09-24 10:37:42,24.17,33600,24.17,U
sz000400,许继电气,2025-09-24 10:37:48,24.17,9400,24.17,U
sz000400,许继电气,2025-09-24 10:38:09,24.17,8500,24.17,D
sz000400,许继电气,2025-09-24 10:39:33,24.15,15200,24.14,U
sz000400,许继电气,2025-09-24 10:40:54,24.16,9700,24.17,D
sz000400,许继电气,2025-09-24 10:41:18,24.16,10000,24.16,D
sz000400,许继电气,2025-09-24 10:41:21,24.16,18900,24.16,D
sz000400,许继电气,2025-09-24 10:41:57,24.17,25300,24.16,U
sz000400,许继电气,2025-09-24 10:43:00,24.15,11900,24.15,D
sz000400,许继电气,2025-09-24 10:43:15,24.16,10000,24.15,U
sz000400,许继电气,2025-09-24 10:43:27,24.16,10700,24.16,D
sz000400,许继电气,2025-09-24 10:43:30,24.15,43400,24.16,D
sz000400,许继电气,2025-09-24 10:43:33,24.16,16900,24.15,U
sz000400,许继电气,2025-09-24 10:43:36,24.15,26700,24.16,E
sz000400,许继电气,2025-09-24 10:43:45,24.19,40600,24.16,U
sz000400,许继电气,2025-09-24 10:43:48,24.17,12900,24.19,D
sz000400,许继电气,2025-09-24 10:43:57,24.2,53700,24.17,U
sz000400,许继电气,2025-09-24 10:44:06,24.2,27300,24.23,D
sz000400,许继电气,2025-09-24 10:44:24,24.23,24300,24.22,U
sz000400,许继电气,2025-09-24 10:44:30,24.22,12500,24.22,U
sz000400,许继电气,2025-09-24 10:44:36,24.23,26100,24.22,U
sz000400,许继电气,2025-09-24 10:44:39,24.23,16800,24.23,U
sz000400,许继电气,2025-09-24 10:45:12,24.23,75300,24.22,U
sz000400,许继电气,2025-09-24 10:45:18,24.22,10500,24.22,D
sz000400,许继电气,2025-09-24 10:46:15,24.22,10100,24.22,U
sz000400,许继电气,2025-09-24 10:46:54,24.19,10500,24.2,D
sz000400,许继电气,2025-09-24 10:48:27,24.21,10600,24.21,U
sz000400,许继电气,2025-09-24 10:49:27,24.2,17100,24.21,D
sz000400,许继电气,2025-09-24 10:49:45,24.21,8900,24.21,U
sz000400,许继电气,2025-09-24 10:49:54,24.21,12100,24.21,U
sz000400,许继电气,2025-09-24 10:50:12,24.21,12800,24.21,D
sz000400,许继电气,2025-09-24 10:50:30,24.21,11100,24.21,D
sz000400,许继电气,2025-09-24 10:51:06,24.22,12300,24.22,U
sz000400,许继电气,2025-09-24 10:51:36,24.21,9900,24.22,D
sz000400,许继电气,2025-09-24 10:52:21,24.23,31300,24.22,U
sz000400,许继电气,2025-09-24 10:52:48,24.23,19800,24.24,D
sz000400,许继电气,2025-09-24 10:53:15,24.24,10900,24.23,U
sz000400,许继电气,2025-09-24 10:54:06,24.21,13600,24.22,D
sz000400,许继电气,2025-09-24 10:54:33,24.24,45000,24.23,U
sz000400,许继电气,2025-09-24 10:54:51,24.25,9100,24.25,U
sz000400,许继电气,2025-09-24 10:54:54,24.25,10600,24.25,U
sz000400,许继电气,2025-09-24 10:55:03,24.25,8300,24.25,U
sz000400,许继电气,2025-09-24 10:55:24,24.25,13500,24.25,U
sz000400,许继电气,2025-09-24 10:55:39,24.23,14200,24.25,D
sz000400,许继电气,2025-09-24 10:56:15,24.22,10400,24.22,D
sz000400,许继电气,2025-09-24 10:56:45,24.22,9200,24.23,D
sz000400,许继电气,2025-09-24 10:57:21,24.21,9900,24.22,D
sz000400,许继电气,2025-09-24 10:57:39,24.21,18000,24.22,D
sz000400,许继电气,2025-09-24 10:57:42,24.21,15700,24.21,D
sz000400,许继电气,2025-09-24 10:57:45,24.22,18200,24.21,U
sz000400,许继电气,2025-09-24 10:59:06,24.22,10400,24.22,U
sz000400,许继电气,2025-09-24 10:59:15,24.22,24400,24.23,D
sz000400,许继电气,2025-09-24 10:59:27,24.23,9000,24.22,U
sz000400,许继电气,2025-09-24 10:59:36,24.25,102700,24.23,U
sz000400,许继电气,2025-09-24 10:59:39,24.25,24200,24.25,U
sz000400,许继电气,2025-09-24 10:59:42,24.25,11600,24.25,U
sz000400,许继电气,2025-09-24 11:00:03,24.22,79100,24.24,D
sz000400,许继电气,2025-09-24 11:00:06,24.21,39900,24.22,D
sz000400,许继电气,2025-09-24 11:00:09,24.19,49100,24.21,D
sz000400,许继电气,2025-09-24 11:00:12,24.18,40200,24.19,D
sz000400,许继电气,2025-09-24 11:00:15,24.15,43600,24.18,D
sz000400,许继电气,2025-09-24 11:00:18,24.15,26800,24.15,D
sz000400,许继电气,2025-09-24 11:00:21,24.19,32600,24.15,U
sz000400,许继电气,2025-09-24 11:00:30,24.17,9900,24.18,D
sz000400,许继电气,2025-09-24 11:00:33,24.18,25900,24.17,D
sz000400,许继电气,2025-09-24 11:00:57,24.17,10900,24.17,D
sz000400,许继电气,2025-09-24 11:01:00,24.16,11300,24.17,D
sz000400,许继电气,2025-09-24 11:01:09,24.17,10200,24.17,U
sz000400,许继电气,2025-09-24 11:01:21,24.18,9600,24.18,U
sz000400,许继电气,2025-09-24 11:01:24,24.19,12700,24.18,U
sz000400,许继电气,2025-09-24 11:01:45,24.19,14300,24.19,U
sz000400,许继电气,2025-09-24 11:01:54,24.2,23700,24.2,U
sz000400,许继电气,2025-09-24 11:02:15,24.2,23000,24.19,U
sz000400,许继电气,2025-09-24 11:02:24,24.2,11600,24.19,U
sz000400,许继电气,2025-09-24 11:02:42,24.19,12500,24.19,U
sz000400,许继电气,2025-09-24 11:03:06,24.22,102000,24.18,U
sz000400,许继电气,2025-09-24 11:03:09,24.21,29600,24.22,E
sz000400,许继电气,2025-09-24 11:04:03,24.2,33000,24.2,U
sz000400,许继电气,2025-09-24 11:04:06,24.2,9000,24.2,U
sz000400,许继电气,2025-09-24 11:04:12,24.19,22800,24.19,D
sz000400,许继电气,2025-09-24 11:04:27,24.17,11600,24.18,D
sz000400,许继电气,2025-09-24 11:04:54,24.15,87000,24.16,D
sz000400,许继电气,2025-09-24 11:04:57,24.14,53432,24.15,D
sz000400,许继电气,2025-09-24 11:05:00,24.13,35200,24.14,D
sz000400,许继电气,2025-09-24 11:05:03,24.12,16900,24.13,D
sz000400,许继电气,2025-09-24 11:05:06,24.11,64100,24.12,D
sz000400,许继电气,2025-09-24 11:05:09,24.12,29900,24.11,U
sz000400,许继电气,2025-09-24 11:05:12,24.1,35300,24.12,D
sz000400,许继电气,2025-09-24 11:05:15,24.1,11600,24.1,D
sz000400,许继电气,2025-09-24 11:05:18,24.11,10900,24.1,U
sz000400,许继电气,2025-09-24 11:05:21,24.08,294800,24.11,D
sz000400,许继电气,2025-09-24 11:05:24,24.06,103500,24.08,D
sz000400,许继电气,2025-09-24 11:05:27,24.05,18300,24.06,D
sz000400,许继电气,2025-09-24 11:05:30,24.05,23400,24.05,D
sz000400,许继电气,2025-09-24 11:05:33,24.05,29000,24.05,E
sz000400,许继电气,2025-09-24 11:05:36,24.04,14800,24.05,D
sz000400,许继电气,2025-09-24 11:05:42,24.05,18100,24.05,D
sz000400,许继电气,2025-09-24 11:05:45,24.05,12500,24.05,D
sz000400,许继电气,2025-09-24 11:05:51,24.07,18900,24.06,E
sz000400,许继电气,2025-09-24 11:05:54,24.05,15900,24.07,D
sz000400,许继电气,2025-09-24 11:06:00,24.08,8600,24.05,U
sz000400,许继电气,2025-09-24 11:06:12,24.08,15800,24.08,U
sz000400,许继电气,2025-09-24 11:06:36,24.1,9900,24.1,U
sz000400,许继电气,2025-09-24 11:06:42,24.1,11600,24.09,U
sz000400,许继电气,2025-09-24 11:07:00,24.12,9500,24.11,U
sz000400,许继电气,2025-09-24 11:07:21,24.12,16700,24.11,U
sz000400,许继电气,2025-09-24 11:07:24,24.1,24400,24.12,D
sz000400,许继电气,2025-09-24 11:07:27,24.1,14300,24.1,D
sz000400,许继电气,2025-09-24 11:07:36,24.1,10400,24.1,U
sz000400,许继电气,2025-09-24 11:07:42,24.09,25000,24.1,D
sz000400,许继电气,2025-09-24 11:07:45,24.1,16900,24.09,U
sz000400,许继电气,2025-09-24 11:07:57,24.08,10300,24.09,D
sz000400,许继电气,2025-09-24 11:08:00,24.09,19200,24.08,U
sz000400,许继电气,2025-09-24 11:08:03,24.08,14200,24.09,D
sz000400,许继电气,2025-09-24 11:08:06,24.08,8800,24.08,D
sz000400,许继电气,2025-09-24 11:08:27,24.07,18400,24.08,D
sz000400,许继电气,2025-09-24 11:08:30,24.07,8900,24.07,D
sz000400,许继电气,2025-09-24 11:08:42,24.06,9600,24.06,D
sz000400,许继电气,2025-09-24 11:08:45,24.06,10400,24.06,D
sz000400,许继电气,2025-09-24 11:08:48,24.06,18900,24.06,D
sz000400,许继电气,2025-09-24 11:08:51,24.07,13700,24.06,U
sz000400,许继电气,2025-09-24 11:09:00,24.06,27000,24.06,U
sz000400,许继电气,2025-09-24 11:09:03,24.05,10800,24.06,D
sz000400,许继电气,2025-09-24 11:09:09,24.05,8400,24.05,D
sz000400,许继电气,2025-09-24 11:09:12,24.06,48000,24.05,U
sz000400,许继电气,2025-09-24 11:09:15,24.06,12400,24.06,E
sz000400,许继电气,2025-09-24 11:09:18,24.06,11400,24.06,D
sz000400,许继电气,2025-09-24 11:09:21,24.06,12100,24.06,E
sz000400,许继电气,2025-09-24 11:09:24,24.05,12500,24.06,D
sz000400,许继电气,2025-09-24 11:09:27,24.06,21200,24.05,D
sz000400,许继电气,2025-09-24 11:09:45,24.07,18200,24.07,U
sz000400,许继电气,2025-09-24 11:09:48,24.07,9000,24.07,U
sz000400,许继电气,2025-09-24 11:09:51,24.07,15300,24.07,U
sz000400,许继电气,2025-09-24 11:09:54,24.06,13800,24.07,D
sz000400,许继电气,2025-09-24 11:09:57,24.07,19900,24.06,D
sz000400,许继电气,2025-09-24 11:10:03,24.08,17800,24.07,U
sz000400,许继电气,2025-09-24 11:10:27,24.09,13700,24.09,D
sz000400,许继电气,2025-09-24 11:10:30,24.1,16100,24.09,U
sz000400,许继电气,2025-09-24 11:10:33,24.12,9300,24.1,U
sz000400,许继电气,2025-09-24 11:10:42,24.12,25300,24.1,U
sz000400,许继电气,2025-09-24 11:10:45,24.13,13800,24.12,U
sz000400,许继电气,2025-09-24 11:11:03,24.13,13400,24.13,U
sz000400,许继电气,2025-09-24 11:11:18,24.11,10900,24.1,U
sz000400,许继电气,2025-09-24 11:11:24,24.11,25800,24.11,D
sz000400,许继电气,2025-09-24 11:11:27,24.11,11100,24.11,U
sz000400,许继电气,2025-09-24 11:11:45,24.1,34500,24.1,D
sz000400,许继电气,2025-09-24 11:12:18,24.11,11100,24.1,U
sz000400,许继电气,2025-09-24 11:12:30,24.11,20900,24.11,U
sz000400,许继电气,2025-09-24 11:13:39,24.12,13500,24.13,D
sz000400,许继电气,2025-09-24 11:13:54,24.13,8300,24.13,U
sz000400,许继电气,2025-09-24 11:14:18,24.13,9100,24.11,U
sz000400,许继电气,2025-09-24 11:14:21,24.12,10400,24.13,D
sz000400,许继电气,2025-09-24 11:14:27,24.15,11300,24.12,U
sz000400,许继电气,2025-09-24 11:14:39,24.15,18700,24.15,U
sz000400,许继电气,2025-09-24 11:14:57,24.16,51400,24.16,D
sz000400,许继电气,2025-09-24 11:15:00,24.14,11100,24.16,D
sz000400,许继电气,2025-09-24 11:15:18,24.2,15000,24.19,U
sz000400,许继电气,2025-09-24 11:15:21,24.2,8800,24.2,U
sz000400,许继电气,2025-09-24 11:16:39,24.17,9400,24.18,D
sz000400,许继电气,2025-09-24 11:17:00,24.19,8600,24.18,U
sz000400,许继电气,2025-09-24 11:18:15,24.16,17000,24.17,D
sz000400,许继电气,2025-09-24 11:18:18,24.16,8500,24.16,D
sz000400,许继电气,2025-09-24 11:18:21,24.17,18200,24.16,E
sz000400,许继电气,2025-09-24 11:18:42,24.15,16700,24.15,D
sz000400,许继电气,2025-09-24 11:19:00,24.13,11700,24.13,D
sz000400,许继电气,2025-09-24 11:19:03,24.13,19300,24.13,U
sz000400,许继电气,2025-09-24 11:19:24,24.15,10900,24.14,U
sz000400,许继电气,2025-09-24 11:20:06,24.2,11400,24.2,U
sz000400,许继电气,2025-09-24 11:20:45,24.19,15900,24.2,D
sz000400,许继电气,2025-09-24 11:20:48,24.18,30500,24.19,D
sz000400,许继电气,2025-09-24 11:20:51,24.17,8300,24.18,D
sz000400,许继电气,2025-09-24 11:20:54,24.16,10300,24.17,D
sz000400,许继电气,2025-09-24 11:21:36,24.16,9900,24.16,D
sz000400,许继电气,2025-09-24 11:22:00,24.17,8600,24.17,U
sz000400,许继电气,2025-09-24 11:22:21,24.17,9400,24.17,U
sz000400,许继电气,2025-09-24 11:23:21,24.2,18700,24.19,U
sz000400,许继电气,2025-09-24 11:23:54,24.21,9300,24.21,U
sz000400,许继电气,2025-09-24 11:24:03,24.19,33500,24.2,D
sz000400,许继电气,2025-09-24 11:24:33,24.2,39500,24.19,U
sz000400,许继电气,2025-09-24 11:24:36,24.19,9400,24.2,D
sz000400,许继电气,2025-09-24 11:24:39,24.21,27300,24.19,U
sz000400,许继电气,2025-09-24 11:25:33,24.2,13200,24.19,U
sz000400,许继电气,2025-09-24 11:25:48,24.2,11600,24.2,D
sz000400,许继电气,2025-09-24 11:26:27,24.21,11100,24.2,U
sz000400,许继电气,2025-09-24 11:26:39,24.2,14600,24.19,U
sz000400,许继电气,2025-09-24 11:26:42,24.21,10000,24.2,U
sz000400,许继电气,2025-09-24 11:26:57,24.19,10600,24.19,D
sz000400,许继电气,2025-09-24 11:27:09,24.19,13500,24.19,D
sz000400,许继电气,2025-09-24 11:27:21,24.19,14300,24.19,D
sz000400,许继电气,2025-09-24 11:27:33,24.18,14400,24.19,D
sz000400,许继电气,2025-09-24 11:27:36,24.18,21800,24.18,D
sz000400,许继电气,2025-09-24 11:28:00,24.18,11500,24.18,D
sz000400,许继电气,2025-09-24 11:28:21,24.18,21100,24.18,D
sz000400,许继电气,2025-09-24 11:29:03,24.2,24800,24.18,U
sz000400,许继电气,2025-09-24 11:29:15,24.2,38600,24.2,D
sz000400,许继电气,2025-09-24 11:29:18,24.21,10300,24.2,U
sz000400,许继电气,2025-09-24 11:29:33,24.2,13600,24.2,D
sz000400,许继电气,2025-09-24 13:00:00,24.21,8800,24.21,U
sz000400,许继电气,2025-09-24 13:00:03,24.22,132900,24.21,U
sz000400,许继电气,2025-09-24 13:00:06,24.22,9100,24.22,D
sz000400,许继电气,2025-09-24 13:00:12,24.21,30400,24.22,D
sz000400,许继电气,2025-09-24 13:00:15,24.2,80100,24.21,D
sz000400,许继电气,2025-09-24 13:00:18,24.19,59400,24.2,D
sz000400,许继电气,2025-09-24 13:01:06,24.2,25400,24.2,D
sz000400,许继电气,2025-09-24 13:01:18,24.21,9100,24.2,U
sz000400,许继电气,2025-09-24 13:01:30,24.2,12500,24.21,D
sz000400,许继电气,2025-09-24 13:01:51,24.22,8300,24.21,U
sz000400,许继电气,2025-09-24 13:02:24,24.23,24700,24.22,U
sz000400,许继电气,2025-09-24 13:02:45,24.23,12000,24.23,D
sz000400,许继电气,2025-09-24 13:03:09,24.21,41500,24.23,D
sz000400,许继电气,2025-09-24 13:03:21,24.2,25400,24.21,D
sz000400,许继电气,2025-09-24 13:03:36,24.19,10700,24.2,D
sz000400,许继电气,2025-09-24 13:03:48,24.21,10700,24.19,U
sz000400,许继电气,2025-09-24 13:04:12,24.21,10200,24.2,U
sz000400,许继电气,2025-09-24 13:04:54,24.21,14800,24.21,D
sz000400,许继电气,2025-09-24 13:05:06,24.23,68000,24.21,U
sz000400,许继电气,2025-09-24 13:06:00,24.24,9100,24.24,U
sz000400,许继电气,2025-09-24 13:06:15,24.24,13700,24.23,U
sz000400,许继电气,2025-09-24 13:06:18,24.2,69600,24.24,D
sz000400,许继电气,2025-09-24 13:06:21,24.2,19300,24.2,D
sz000400,许继电气,2025-09-24 13:06:48,24.21,8600,24.22,D
sz000400,许继电气,2025-09-24 13:07:06,24.2,15200,24.2,D
sz000400,许继电气,2025-09-24 13:07:15,24.2,11900,24.2,D
sz000400,许继电气,2025-09-24 13:07:24,24.2,10000,24.2,D
sz000400,许继电气,2025-09-24 13:07:27,24.19,10600,24.2,D
sz000400,许继电气,2025-09-24 13:07:39,24.19,28200,24.19,D
sz000400,许继电气,2025-09-24 13:07:42,24.19,14200,24.19,U
sz000400,许继电气,2025-09-24 13:07:51,24.19,13300,24.18,U
sz000400,许继电气,2025-09-24 13:08:00,24.18,11400,24.18,D
sz000400,许继电气,2025-09-24 13:08:21,24.17,16000,24.18,D
sz000400,许继电气,2025-09-24 13:09:06,24.2,15000,24.18,U
sz000400,许继电气,2025-09-24 13:10:03,24.22,43600,24.21,U
sz000400,许继电气,2025-09-24 13:10:09,24.22,8700,24.22,D
sz000400,许继电气,2025-09-24 13:10:27,24.24,16700,24.23,U
sz000400,许继电气,2025-09-24 13:10:48,24.24,37800,24.24,U
sz000400,许继电气,2025-09-24 13:12:00,24.18,44900,24.21,D
sz000400,许继电气,2025-09-24 13:12:03,24.19,23300,24.18,U
sz000400,许继电气,2025-09-24 13:12:12,24.18,9700,24.18,D
sz000400,许继电气,2025-09-24 13:14:45,24.2,12200,24.19,U
sz000400,许继电气,2025-09-24 13:14:48,24.19,20400,24.2,D
sz000400,许继电气,2025-09-24 13:15:36,24.21,17800,24.2,U
sz000400,许继电气,2025-09-24 13:15:45,24.19,35500,24.2,D
sz000400,许继电气,2025-09-24 13:15:48,24.18,10900,24.19,D
sz000400,许继电气,2025-09-24 13:16:27,24.21,12600,24.22,D
sz000400,许继电气,2025-09-24 13:16:30,24.21,14300,24.21,E
sz000400,许继电气,2025-09-24 13:16:48,24.24,45900,24.22,U
sz000400,许继电气,2025-09-24 13:16:51,24.2,10400,24.24,D
sz000400,许继电气,2025-09-24 13:17:48,24.25,64700,24.23,U
sz000400,许继电气,2025-09-24 13:17:51,24.25,18800,24.25,D
sz000400,许继电气,2025-09-24 13:18:03,24.27,65400,24.26,U
sz000400,许继电气,2025-09-24 13:18:06,24.28,12900,24.27,U
sz000400,许继电气,2025-09-24 13:18:09,24.3,83700,24.28,U
sz000400,许继电气,2025-09-24 13:18:12,24.3,20400,24.3,U
sz000400,许继电气,2025-09-24 13:18:15,24.3,70600,24.3,U
sz000400,许继电气,2025-09-24 13:18:18,24.29,29600,24.3,D
sz000400,许继电气,2025-09-24 13:18:21,24.3,25300,24.29,U
sz000400,许继电气,2025-09-24 13:18:27,24.31,9200,24.31,U
sz000400,许继电气,2025-09-24 13:18:36,24.31,45500,24.33,D
sz000400,许继电气,2025-09-24 13:18:39,24.33,15700,24.31,U
sz000400,许继电气,2025-09-24 13:18:42,24.33,48700,24.33,U
sz000400,许继电气,2025-09-24 13:18:45,24.32,46300,24.33,D
sz000400,许继电气,2025-09-24 13:18:48,24.32,78400,24.32,U
sz000400,许继电气,2025-09-24 13:18:51,24.32,41200,24.32,U
sz000400,许继电气,2025-09-24 13:18:54,24.32,10700,24.32,U
sz000400,许继电气,2025-09-24 13:18:57,24.32,16500,24.32,U
sz000400,许继电气,2025-09-24 13:19:00,24.32,23400,24.32,U
sz000400,许继电气,2025-09-24 13:19:03,24.3,20000,24.32,E
sz000400,许继电气,2025-09-24 13:19:06,24.28,25600,24.3,D
sz000400,许继电气,2025-09-24 13:19:09,24.29,11300,24.28,E
sz000400,许继电气,2025-09-24 13:19:12,24.3,28400,24.29,U
sz000400,许继电气,2025-09-24 13:19:15,24.3,24700,24.3,D
sz000400,许继电气,2025-09-24 13:19:18,24.31,16900,24.3,U
sz000400,许继电气,2025-09-24 13:19:30,24.31,15000,24.31,U
sz000400,许继电气,2025-09-24 13:19:39,24.32,8800,24.32,U
sz000400,许继电气,2025-09-24 13:19:45,24.33,11700,24.33,U
sz000400,许继电气,2025-09-24 13:19:48,24.33,15200,24.33,U
sz000400,许继电气,2025-09-24 13:19:51,24.33,9700,24.33,U
sz000400,许继电气,2025-09-24 13:19:57,24.33,15800,24.33,U
sz000400,许继电气,2025-09-24 13:20:00,24.33,12200,24.33,U
sz000400,许继电气,2025-09-24 13:20:03,24.33,16300,24.33,U
sz000400,许继电气,2025-09-24 13:20:15,24.33,11800,24.32,U
sz000400,许继电气,2025-09-24 13:20:24,24.33,9600,24.33,U
sz000400,许继电气,2025-09-24 13:20:27,24.34,31800,24.33,U
sz000400,许继电气,2025-09-24 13:20:30,24.33,10800,24.34,D
sz000400,许继电气,2025-09-24 13:20:42,24.34,20800,24.34,D
sz000400,许继电气,2025-09-24 13:20:45,24.32,35300,24.34,D
sz000400,许继电气,2025-09-24 13:20:48,24.3,27100,24.32,D
sz000400,许继电气,2025-09-24 13:20:51,24.3,15000,24.3,D
sz000400,许继电气,2025-09-24 13:20:54,24.28,15400,24.3,D
sz000400,许继电气,2025-09-24 13:20:57,24.28,10800,24.28,D
sz000400,许继电气,2025-09-24 13:21:15,24.3,63700,24.29,U
sz000400,许继电气,2025-09-24 13:21:18,24.3,12600,24.3,U
sz000400,许继电气,2025-09-24 13:21:33,24.32,8600,24.31,U
sz000400,许继电气,2025-09-24 13:21:42,24.32,18800,24.32,D
sz000400,许继电气,2025-09-24 13:21:51,24.32,10400,24.31,U
sz000400,许继电气,2025-09-24 13:21:57,24.32,32500,24.32,D
sz000400,许继电气,2025-09-24 13:22:00,24.32,138300,24.32,E
sz000400,许继电气,2025-09-24 13:22:03,24.28,42700,24.32,D
sz000400,许继电气,2025-09-24 13:22:09,24.28,9400,24.3,D
sz000400,许继电气,2025-09-24 13:22:18,24.3,15200,24.3,U
sz000400,许继电气,2025-09-24 13:22:33,24.32,9900,24.31,U
sz000400,许继电气,2025-09-24 13:22:45,24.31,12100,24.32,D
sz000400,许继电气,2025-09-24 13:23:03,24.3,97800,24.3,D
sz000400,许继电气,2025-09-24 13:23:06,24.3,17400,24.3,D
sz000400,许继电气,2025-09-24 13:24:03,24.3,25200,24.3,U
sz000400,许继电气,2025-09-24 13:24:06,24.3,12900,24.3,D
sz000400,许继电气,2025-09-24 13:24:12,24.31,12300,24.3,U
sz000400,许继电气,2025-09-24 13:24:21,24.32,9200,24.31,U
sz000400,许继电气,2025-09-24 13:24:48,24.33,30600,24.33,U
sz000400,许继电气,2025-09-24 13:24:51,24.33,16100,24.33,U
sz000400,许继电气,2025-09-24 13:24:54,24.32,22300,24.33,D
sz000400,许继电气,2025-09-24 13:24:57,24.32,8400,24.32,U
sz000400,许继电气,2025-09-24 13:25:12,24.34,12200,24.32,U
sz000400,许继电气,2025-09-24 13:25:21,24.31,45100,24.32,D
sz000400,许继电气,2025-09-24 13:25:24,24.32,12200,24.31,U
sz000400,许继电气,2025-09-24 13:25:54,24.32,15500,24.31,U
sz000400,许继电气,2025-09-24 13:26:03,24.32,15500,24.32,U
sz000400,许继电气,2025-09-24 13:26:24,24.32,12600,24.32,D
sz000400,许继电气,2025-09-24 13:26:42,24.32,20900,24.32,D
sz000400,许继电气,2025-09-24 13:26:54,24.3,89500,24.33,D
sz000400,许继电气,2025-09-24 13:27:06,24.29,11600,24.3,D
sz000400,许继电气,2025-09-24 13:28:06,24.29,42200,24.29,D
sz000400,许继电气,2025-09-24 13:28:24,24.3,17500,24.29,U
sz000400,许继电气,2025-09-24 13:28:30,24.31,17100,24.3,U
sz000400,许继电气,2025-09-24 13:28:36,24.31,11100,24.32,D
sz000400,许继电气,2025-09-24 13:28:39,24.31,14200,24.31,D
sz000400,许继电气,2025-09-24 13:29:00,24.31,11900,24.31,U
sz000400,许继电气,2025-09-24 13:29:27,24.3,10300,24.31,D
sz000400,许继电气,2025-09-24 13:29:30,24.31,12100,24.3,U
sz000400,许继电气,2025-09-24 13:29:48,24.32,30800,24.31,U
sz000400,许继电气,2025-09-24 13:29:54,24.32,50400,24.31,U
sz000400,许继电气,2025-09-24 13:29:57,24.31,18400,24.32,D
sz000400,许继电气,2025-09-24 13:30:06,24.3,57400,24.31,D
sz000400,许继电气,2025-09-24 13:30:21,24.28,16200,24.3,D
sz000400,许继电气,2025-09-24 13:30:24,24.28,19200,24.28,D
sz000400,许继电气,2025-09-24 13:30:33,24.27,28800,24.28,D
sz000400,许继电气,2025-09-24 13:31:09,24.25,17400,24.26,D
sz000400,许继电气,2025-09-24 13:31:18,24.25,41000,24.25,D
sz000400,许继电气,2025-09-24 13:31:24,24.26,20600,24.25,E
sz000400,许继电气,2025-09-24 13:31:30,24.25,15300,24.25,D
sz000400,许继电气,2025-09-24 13:32:12,24.28,13100,24.28,U
sz000400,许继电气,2025-09-24 13:32:27,24.3,10000,24.29,U
sz000400,许继电气,2025-09-24 13:32:42,24.3,21600,24.29,U
sz000400,许继电气,2025-09-24 13:32:54,24.3,11300,24.3,U
sz000400,许继电气,2025-09-24 13:33:21,24.29,23800,24.3,D
sz000400,许继电气,2025-09-24 13:33:24,24.29,18600,24.29,D
sz000400,许继电气,2025-09-24 13:33:39,24.28,16800,24.28,U
sz000400,许继电气,2025-09-24 13:33:48,24.28,11300,24.28,D
sz000400,许继电气,2025-09-24 13:34:33,24.29,11900,24.29,D
sz000400,许继电气,2025-09-24 13:34:36,24.28,8600,24.29,D
sz000400,许继电气,2025-09-24 13:34:51,24.29,14900,24.27,U
sz000400,许继电气,2025-09-24 13:35:06,24.28,11400,24.28,D
sz000400,许继电气,2025-09-24 13:35:15,24.29,59500,24.29,U
sz000400,许继电气,2025-09-24 13:35:21,24.27,19600,24.28,D
sz000400,许继电气,2025-09-24 13:35:27,24.27,11700,24.28,D
sz000400,许继电气,2025-09-24 13:36:06,24.26,16600,24.26,D
sz000400,许继电气,2025-09-24 13:36:33,24.3,19200,24.29,U
sz000400,许继电气,2025-09-24 13:36:51,24.29,12800,24.29,U
sz000400,许继电气,2025-09-24 13:37:03,24.29,10000,24.29,U
sz000400,许继电气,2025-09-24 13:37:36,24.31,12400,24.31,U
sz000400,许继电气,2025-09-24 13:38:15,24.31,31700,24.32,D
sz000400,许继电气,2025-09-24 13:38:30,24.31,13000,24.32,D
sz000400,许继电气,2025-09-24 13:38:39,24.32,36900,24.32,U
sz000400,许继电气,2025-09-24 13:38:45,24.31,13800,24.31,E
sz000400,许继电气,2025-09-24 13:38:51,24.32,15800,24.31,U
sz000400,许继电气,2025-09-24 13:39:42,24.3,10000,24.31,D
sz000400,许继电气,2025-09-24 13:40:12,24.31,10400,24.31,U
sz000400,许继电气,2025-09-24 13:40:30,24.31,17900,24.3,U
sz000400,许继电气,2025-09-24 13:40:45,24.31,10000,24.32,D
sz000400,许继电气,2025-09-24 13:40:48,24.32,11900,24.31,U
sz000400,许继电气,2025-09-24 13:40:57,24.31,11500,24.31,D
sz000400,许继电气,2025-09-24 13:41:15,24.32,8600,24.31,U
sz000400,许继电气,2025-09-24 13:41:18,24.31,13000,24.32,D
sz000400,许继电气,2025-09-24 13:41:21,24.31,12900,24.31,D
sz000400,许继电气,2025-09-24 13:41:36,24.33,15600,24.32,U
sz000400,许继电气,2025-09-24 13:41:45,24.33,21400,24.32,U
sz000400,许继电气,2025-09-24 13:41:48,24.33,8700,24.33,D
sz000400,许继电气,2025-09-24 13:42:00,24.34,12800,24.32,U
sz000400,许继电气,2025-09-24 13:42:06,24.34,15800,24.34,U
sz000400,许继电气,2025-09-24 13:42:30,24.34,31000,24.33,U
sz000400,许继电气,2025-09-24 13:42:36,24.35,117400,24.34,U
sz000400,许继电气,2025-09-24 13:42:42,24.36,49600,24.36,U
sz000400,许继电气,2025-09-24 13:42:48,24.37,20700,24.36,U
sz000400,许继电气,2025-09-24 13:42:51,24.37,21800,24.37,D
sz000400,许继电气,2025-09-24 13:42:57,24.37,20000,24.37,U
sz000400,许继电气,2025-09-24 13:43:00,24.37,23400,24.37,U
sz000400,许继电气,2025-09-24 13:43:03,24.35,51700,24.37,D
sz000400,许继电气,2025-09-24 13:43:06,24.37,32000,24.35,U
sz000400,许继电气,2025-09-24 13:43:09,24.34,25600,24.37,D
sz000400,许继电气,2025-09-24 13:43:12,24.33,22800,24.34,D
sz000400,许继电气,2025-09-24 13:43:15,24.33,8400,24.33,D
sz000400,许继电气,2025-09-24 13:43:18,24.33,19100,24.33,D
sz000400,许继电气,2025-09-24 13:43:21,24.33,10000,24.33,U
sz000400,许继电气,2025-09-24 13:43:27,24.34,12200,24.33,U
sz000400,许继电气,2025-09-24 13:43:36,24.34,11400,24.34,U
sz000400,许继电气,2025-09-24 13:44:00,24.35,23100,24.36,D
sz000400,许继电气,2025-09-24 13:44:03,24.36,42500,24.35,U
sz000400,许继电气,2025-09-24 13:44:09,24.35,15600,24.35,U
sz000400,许继电气,2025-09-24 13:44:15,24.35,18100,24.35,E
sz000400,许继电气,2025-09-24 13:44:24,24.35,8300,24.35,U
sz000400,许继电气,2025-09-24 13:44:39,24.34,15200,24.34,D
sz000400,许继电气,2025-09-24 13:44:45,24.34,15600,24.34,D
sz000400,许继电气,2025-09-24 13:44:54,24.33,17900,24.34,D
sz000400,许继电气,2025-09-24 13:44:57,24.33,9400,24.33,D
sz000400,许继电气,2025-09-24 13:45:03,24.34,18100,24.34,U
sz000400,许继电气,2025-09-24 13:45:09,24.33,16200,24.34,D
sz000400,许继电气,2025-09-24 13:45:15,24.34,10000,24.33,U
sz000400,许继电气,2025-09-24 13:45:42,24.36,20600,24.34,U
sz000400,许继电气,2025-09-24 13:45:51,24.35,14900,24.35,D
sz000400,许继电气,2025-09-24 13:45:54,24.35,14800,24.35,D
sz000400,许继电气,2025-09-24 13:45:57,24.35,9300,24.35,D
sz000400,许继电气,2025-09-24 13:46:12,24.34,25100,24.35,D
sz000400,许继电气,2025-09-24 13:46:15,24.34,29500,24.34,U
sz000400,许继电气,2025-09-24 13:46:21,24.33,25300,24.34,D
sz000400,许继电气,2025-09-24 13:46:30,24.33,17400,24.34,D
sz000400,许继电气,2025-09-24 13:46:45,24.34,22500,24.34,U
sz000400,许继电气,2025-09-24 13:46:51,24.33,13800,24.33,D
sz000400,许继电气,2025-09-24 13:46:54,24.34,14800,24.33,U
sz000400,许继电气,2025-09-24 13:46:57,24.34,15200,24.34,U
sz000400,许继电气,2025-09-24 13:47:03,24.34,9800,24.33,U
sz000400,许继电气,2025-09-24 13:47:15,24.33,10400,24.34,D
sz000400,许继电气,2025-09-24 13:47:51,24.34,24900,24.34,E
sz000400,许继电气,2025-09-24 13:48:00,24.33,17000,24.34,D
sz000400,许继电气,2025-09-24 13:48:12,24.34,9200,24.33,U
sz000400,许继电气,2025-09-24 13:49:06,24.35,18300,24.34,U
sz000400,许继电气,2025-09-24 13:49:27,24.35,19500,24.35,U
sz000400,许继电气,2025-09-24 13:49:30,24.34,14500,24.35,D
sz000400,许继电气,2025-09-24 13:49:51,24.35,10300,24.35,U
sz000400,许继电气,2025-09-24 13:50:00,24.34,9500,24.35,D
sz000400,许继电气,2025-09-24 13:50:42,24.34,29800,24.35,D
sz000400,许继电气,2025-09-24 13:50:54,24.32,43200,24.33,D
sz000400,许继电气,2025-09-24 13:51:09,24.32,8900,24.33,D
sz000400,许继电气,2025-09-24 13:51:27,24.33,12400,24.32,U
sz000400,许继电气,2025-09-24 13:51:45,24.33,14500,24.34,D
sz000400,许继电气,2025-09-24 13:52:09,24.33,10900,24.32,U
sz000400,许继电气,2025-09-24 13:52:15,24.31,11700,24.32,D
sz000400,许继电气,2025-09-24 13:52:18,24.31,11700,24.31,D
sz000400,许继电气,2025-09-24 13:52:24,24.31,12000,24.31,D
sz000400,许继电气,2025-09-24 13:52:39,24.31,8800,24.31,D
sz000400,许继电气,2025-09-24 13:52:57,24.31,14700,24.32,D
sz000400,许继电气,2025-09-24 13:53:12,24.32,11200,24.32,U
sz000400,许继电气,2025-09-24 13:53:15,24.32,27800,24.32,U
sz000400,许继电气,2025-09-24 13:54:15,24.34,26000,24.34,U
sz000400,许继电气,2025-09-24 13:54:33,24.35,38400,24.35,U
sz000400,许继电气,2025-09-24 13:55:06,24.35,8600,24.36,D
sz000400,许继电气,2025-09-24 13:55:12,24.35,31000,24.36,D
sz000400,许继电气,2025-09-24 13:55:24,24.34,11800,24.35,D
sz000400,许继电气,2025-09-24 13:55:27,24.34,17100,24.34,D
sz000400,许继电气,2025-09-24 13:55:45,24.35,19000,24.35,U
sz000400,许继电气,2025-09-24 13:56:03,24.36,11800,24.35,U
sz000400,许继电气,2025-09-24 13:56:09,24.34,25000,24.36,D
sz000400,许继电气,2025-09-24 13:56:30,24.34,39700,24.35,E
sz000400,许继电气,2025-09-24 13:56:33,24.34,11500,24.34,U
sz000400,许继电气,2025-09-24 13:56:39,24.33,11400,24.34,D
sz000400,许继电气,2025-09-24 13:56:48,24.34,15100,24.34,U
sz000400,许继电气,2025-09-24 13:56:54,24.33,24500,24.34,D
sz000400,许继电气,2025-09-24 13:57:12,24.33,9800,24.32,U
sz000400,许继电气,2025-09-24 13:57:24,24.34,8300,24.33,U
sz000400,许继电气,2025-09-24 13:57:30,24.33,8800,24.33,D
sz000400,许继电气,2025-09-24 13:57:39,24.33,10100,24.33,U
sz000400,许继电气,2025-09-24 13:57:42,24.33,11000,24.33,U
sz000400,许继电气,2025-09-24 13:58:24,24.32,16400,24.32,D
sz000400,许继电气,2025-09-24 13:58:33,24.32,9700,24.32,D
sz000400,许继电气,2025-09-24 13:58:57,24.32,12500,24.32,U
sz000400,许继电气,2025-09-24 13:59:03,24.31,28400,24.32,D
sz000400,许继电气,2025-09-24 13:59:06,24.32,8700,24.31,U
sz000400,许继电气,2025-09-24 13:59:21,24.3,14500,24.31,D
sz000400,许继电气,2025-09-24 13:59:30,24.31,9700,24.3,U
sz000400,许继电气,2025-09-24 13:59:48,24.3,23400,24.3,D
sz000400,许继电气,2025-09-24 13:59:54,24.31,24500,24.3,U
sz000400,许继电气,2025-09-24 14:00:03,24.31,35200,24.29,U
sz000400,许继电气,2025-09-24 14:00:12,24.33,12800,24.31,U
sz000400,许继电气,2025-09-24 14:00:21,24.33,8700,24.32,U
sz000400,许继电气,2025-09-24 14:00:36,24.33,12600,24.32,U
sz000400,许继电气,2025-09-24 14:00:39,24.34,15000,24.33,U
sz000400,许继电气,2025-09-24 14:00:51,24.35,11300,24.34,U
sz000400,许继电气,2025-09-24 14:01:24,24.34,8900,24.34,U
sz000400,许继电气,2025-09-24 14:02:12,24.35,60900,24.33,U
sz000400,许继电气,2025-09-24 14:02:21,24.35,38700,24.34,U
sz000400,许继电气,2025-09-24 14:02:24,24.35,9700,24.35,E
sz000400,许继电气,2025-09-24 14:02:30,24.35,12700,24.34,U
sz000400,许继电气,2025-09-24 14:02:48,24.34,10200,24.35,D
sz000400,许继电气,2025-09-24 14:03:15,24.35,9600,24.35,D
sz000400,许继电气,2025-09-24 14:03:21,24.35,10700,24.34,U
sz000400,许继电气,2025-09-24 14:03:30,24.35,16600,24.35,D
sz000400,许继电气,2025-09-24 14:04:33,24.34,14400,24.34,D
sz000400,许继电气,2025-09-24 14:04:36,24.33,8600,24.34,D
sz000400,许继电气,2025-09-24 14:05:03,24.32,18800,24.33,D
sz000400,许继电气,2025-09-24 14:05:06,24.33,19200,24.32,U
sz000400,许继电气,2025-09-24 14:05:15,24.34,13500,24.34,U
sz000400,许继电气,2025-09-24 14:05:24,24.36,51000,24.34,U
sz000400,许继电气,2025-09-24 14:05:42,24.35,11100,24.34,U
sz000400,许继电气,2025-09-24 14:05:51,24.37,71100,24.35,U
sz000400,许继电气,2025-09-24 14:05:54,24.34,19500,24.37,D
sz000400,许继电气,2025-09-24 14:06:18,24.37,28500,24.37,U
sz000400,许继电气,2025-09-24 14:06:21,24.37,10400,24.37,U
sz000400,许继电气,2025-09-24 14:06:27,24.36,21900,24.37,D
sz000400,许继电气,2025-09-24 14:06:33,24.36,11200,24.36,D
sz000400,许继电气,2025-09-24 14:06:45,24.37,13600,24.37,U
sz000400,许继电气,2025-09-24 14:06:54,24.37,13900,24.37,U
sz000400,许继电气,2025-09-24 14:07:00,24.36,47000,24.37,D
sz000400,许继电气,2025-09-24 14:07:06,24.36,16300,24.36,U
sz000400,许继电气,2025-09-24 14:07:18,24.36,14600,24.36,U
sz000400,许继电气,2025-09-24 14:07:33,24.36,10900,24.36,U
sz000400,许继电气,2025-09-24 14:07:48,24.36,13000,24.36,D
sz000400,许继电气,2025-09-24 14:08:03,24.36,8400,24.36,D
sz000400,许继电气,2025-09-24 14:08:33,24.38,65400,24.37,U
sz000400,许继电气,2025-09-24 14:08:36,24.38,10500,24.38,U
sz000400,许继电气,2025-09-24 14:09:03,24.38,9300,24.38,U
sz000400,许继电气,2025-09-24 14:09:06,24.36,27700,24.38,D
sz000400,许继电气,2025-09-24 14:09:30,24.38,13400,24.38,U
sz000400,许继电气,2025-09-24 14:09:33,24.38,34700,24.38,U
sz000400,许继电气,2025-09-24 14:09:36,24.37,27600,24.38,D
sz000400,许继电气,2025-09-24 14:09:45,24.36,12700,24.37,D
sz000400,许继电气,2025-09-24 14:09:48,24.37,15100,24.36,U
sz000400,许继电气,2025-09-24 14:10:03,24.36,32400,24.36,D
sz000400,许继电气,2025-09-24 14:10:06,24.36,9600,24.36,D
sz000400,许继电气,2025-09-24 14:10:12,24.36,15000,24.37,D
sz000400,许继电气,2025-09-24 14:10:15,24.37,105400,24.36,U
sz000400,许继电气,2025-09-24 14:10:18,24.37,11700,24.37,D
sz000400,许继电气,2025-09-24 14:10:24,24.37,26700,24.37,D
sz000400,许继电气,2025-09-24 14:10:57,24.36,35800,24.37,D
sz000400,许继电气,2025-09-24 14:11:15,24.36,8800,24.36,U
sz000400,许继电气,2025-09-24 14:11:39,24.36,10800,24.36,D
sz000400,许继电气,2025-09-24 14:11:45,24.37,9300,24.36,U
sz000400,许继电气,2025-09-24 14:12:12,24.4,424268,24.36,U
sz000400,许继电气,2025-09-24 14:12:15,24.39,43800,24.4,D
sz000400,许继电气,2025-09-24 14:12:18,24.42,25600,24.39,U
sz000400,许继电气,2025-09-24 14:12:21,24.43,23000,24.42,U
sz000400,许继电气,2025-09-24 14:12:24,24.43,13100,24.43,E
sz000400,许继电气,2025-09-24 14:12:33,24.45,35000,24.44,U
sz000400,许继电气,2025-09-24 14:12:36,24.45,12200,24.45,U
sz000400,许继电气,2025-09-24 14:12:39,24.45,17200,24.45,U
sz000400,许继电气,2025-09-24 14:12:42,24.45,13600,24.45,U
sz000400,许继电气,2025-09-24 14:12:45,24.44,35800,24.45,D
sz000400,许继电气,2025-09-24 14:12:48,24.43,24400,24.44,D
sz000400,许继电气,2025-09-24 14:12:51,24.43,14300,24.43,D
sz000400,许继电气,2025-09-24 14:12:57,24.42,19300,24.44,D
sz000400,许继电气,2025-09-24 14:13:00,24.43,13900,24.42,U
sz000400,许继电气,2025-09-24 14:13:03,24.43,24100,24.43,U
sz000400,许继电气,2025-09-24 14:13:18,24.45,12300,24.44,U
sz000400,许继电气,2025-09-24 14:13:24,24.46,31300,24.44,U
sz000400,许继电气,2025-09-24 14:13:30,24.45,15300,24.46,D
sz000400,许继电气,2025-09-24 14:13:33,24.45,29400,24.45,U
sz000400,许继电气,2025-09-24 14:13:36,24.46,19500,24.45,U
sz000400,许继电气,2025-09-24 14:13:39,24.46,20400,24.46,U
sz000400,许继电气,2025-09-24 14:13:45,24.47,15000,24.47,U
sz000400,许继电气,2025-09-24 14:13:48,24.47,32900,24.47,U
sz000400,许继电气,2025-09-24 14:13:51,24.47,57600,24.47,U
sz000400,许继电气,2025-09-24 14:13:54,24.47,18600,24.47,D
sz000400,许继电气,2025-09-24 14:13:57,24.47,125300,24.47,U
sz000400,许继电气,2025-09-24 14:14:00,24.47,87400,24.47,U
sz000400,许继电气,2025-09-24 14:14:03,24.47,42000,24.47,D
sz000400,许继电气,2025-09-24 14:14:06,24.45,21800,24.47,E
sz000400,许继电气,2025-09-24 14:14:15,24.45,10200,24.44,U
sz000400,许继电气,2025-09-24 14:14:21,24.45,14800,24.45,D
sz000400,许继电气,2025-09-24 14:14:27,24.44,79100,24.45,D
sz000400,许继电气,2025-09-24 14:14:39,24.44,23800,24.44,U
sz000400,许继电气,2025-09-24 14:14:42,24.45,13400,24.44,U
sz000400,许继电气,2025-09-24 14:14:48,24.44,10100,24.44,D
sz000400,许继电气,2025-09-24 14:14:51,24.44,9400,24.44,D
sz000400,许继电气,2025-09-24 14:14:54,24.44,9300,24.44,D
sz000400,许继电气,2025-09-24 14:15:03,24.44,28600,24.45,D
sz000400,许继电气,2025-09-24 14:15:06,24.44,14000,24.44,U
sz000400,许继电气,2025-09-24 14:15:09,24.45,20200,24.44,U
sz000400,许继电气,2025-09-24 14:15:18,24.45,26069,24.44,U
sz000400,许继电气,2025-09-24 14:15:27,24.46,8900,24.46,U
sz000400,许继电气,2025-09-24 14:15:36,24.47,27700,24.47,U
sz000400,许继电气,2025-09-24 14:15:39,24.48,18600,24.47,U
sz000400,许继电气,2025-09-24 14:15:42,24.47,8900,24.48,E
sz000400,许继电气,2025-09-24 14:15:48,24.47,15400,24.48,D
sz000400,许继电气,2025-09-24 14:15:51,24.47,16900,24.47,U
sz000400,许继电气,2025-09-24 14:15:54,24.47,35900,24.47,D
sz000400,许继电气,2025-09-24 14:16:00,24.47,14900,24.48,D
sz000400,许继电气,2025-09-24 14:16:03,24.45,88900,24.47,D
sz000400,许继电气,2025-09-24 14:16:06,24.47,17031,24.45,U
sz000400,许继电气,2025-09-24 14:16:12,24.47,76969,24.45,U
sz000400,许继电气,2025-09-24 14:16:21,24.47,10600,24.47,U
sz000400,许继电气,2025-09-24 14:16:24,24.46,22500,24.47,D
sz000400,许继电气,2025-09-24 14:16:27,24.45,20600,24.46,D
sz000400,许继电气,2025-09-24 14:16:30,24.47,13200,24.45,U
sz000400,许继电气,2025-09-24 14:16:33,24.47,22600,24.47,U
sz000400,许继电气,2025-09-24 14:16:39,24.47,9400,24.47,U
sz000400,许继电气,2025-09-24 14:16:48,24.47,19700,24.47,U
sz000400,许继电气,2025-09-24 14:16:51,24.45,21100,24.47,D
sz000400,许继电气,2025-09-24 14:17:06,24.46,8400,24.46,U
sz000400,许继电气,2025-09-24 14:17:09,24.46,10200,24.46,D
sz000400,许继电气,2025-09-24 14:17:12,24.46,12200,24.46,D
sz000400,许继电气,2025-09-24 14:17:15,24.48,33700,24.46,U
sz000400,许继电气,2025-09-24 14:17:18,24.46,9200,24.48,D
sz000400,许继电气,2025-09-24 14:17:21,24.45,50300,24.46,D
sz000400,许继电气,2025-09-24 14:17:24,24.44,20400,24.45,D
sz000400,许继电气,2025-09-24 14:17:33,24.45,14800,24.44,U
sz000400,许继电气,2025-09-24 14:17:51,24.46,12300,24.46,U
sz000400,许继电气,2025-09-24 14:18:27,24.46,43800,24.45,U
sz000400,许继电气,2025-09-24 14:18:45,24.45,8900,24.45,D
sz000400,许继电气,2025-09-24 14:18:51,24.46,9200,24.46,U
sz000400,许继电气,2025-09-24 14:18:54,24.45,21700,24.46,D
sz000400,许继电气,2025-09-24 14:18:57,24.46,15600,24.45,U
sz000400,许继电气,2025-09-24 14:19:06,24.46,11500,24.46,U
sz000400,许继电气,2025-09-24 14:19:09,24.46,13900,24.46,U
sz000400,许继电气,2025-09-24 14:19:18,24.45,19800,24.46,D
sz000400,许继电气,2025-09-24 14:19:39,24.45,10800,24.45,U
sz000400,许继电气,2025-09-24 14:19:51,24.46,9300,24.45,U
sz000400,许继电气,2025-09-24 14:19:54,24.46,15600,24.46,U
sz000400,许继电气,2025-09-24 14:20:03,24.45,13800,24.46,D
sz000400,许继电气,2025-09-24 14:20:21,24.46,24700,24.45,U
sz000400,许继电气,2025-09-24 14:20:24,24.46,85100,24.46,D
sz000400,许继电气,2025-09-24 14:20:27,24.47,21500,24.46,U
sz000400,许继电气,2025-09-24 14:20:42,24.47,9900,24.47,U
sz000400,许继电气,2025-09-24 14:20:45,24.47,11600,24.47,U
sz000400,许继电气,2025-09-24 14:20:51,24.46,23200,24.46,D
sz000400,许继电气,2025-09-24 14:20:54,24.46,10000,24.46,U
sz000400,许继电气,2025-09-24 14:21:00,24.45,26000,24.48,D
sz000400,许继电气,2025-09-24 14:21:03,24.45,8900,24.45,D
sz000400,许继电气,2025-09-24 14:21:18,24.45,8300,24.46,D
sz000400,许继电气,2025-09-24 14:21:21,24.47,8600,24.45,U
sz000400,许继电气,2025-09-24 14:21:51,24.47,27100,24.46,U
sz000400,许继电气,2025-09-24 14:22:06,24.47,101500,24.46,U
sz000400,许继电气,2025-09-24 14:22:09,24.46,16400,24.47,D
sz000400,许继电气,2025-09-24 14:22:48,24.47,12300,24.46,U
sz000400,许继电气,2025-09-24 14:22:54,24.47,46400,24.47,U
sz000400,许继电气,2025-09-24 14:22:57,24.46,16500,24.47,D
sz000400,许继电气,2025-09-24 14:23:06,24.47,11700,24.47,D
sz000400,许继电气,2025-09-24 14:23:09,24.48,15600,24.47,U
sz000400,许继电气,2025-09-24 14:23:15,24.47,9200,24.47,U
sz000400,许继电气,2025-09-24 14:23:21,24.47,11100,24.47,D
sz000400,许继电气,2025-09-24 14:23:36,24.48,77000,24.48,U
sz000400,许继电气,2025-09-24 14:23:39,24.47,18800,24.48,D
sz000400,许继电气,2025-09-24 14:23:45,24.48,11700,24.47,U
sz000400,许继电气,2025-09-24 14:24:00,24.48,9800,24.48,U
sz000400,许继电气,2025-09-24 14:24:21,24.47,100000,24.48,D
sz000400,许继电气,2025-09-24 14:24:24,24.48,53100,24.47,U
sz000400,许继电气,2025-09-24 14:24:30,24.48,24900,24.48,U
sz000400,许继电气,2025-09-24 14:24:33,24.48,14700,24.48,U
sz000400,许继电气,2025-09-24 14:24:36,24.48,28200,24.48,U
sz000400,许继电气,2025-09-24 14:24:54,24.48,11800,24.48,U
sz000400,许继电气,2025-09-24 14:24:57,24.48,16200,24.48,U
sz000400,许继电气,2025-09-24 14:25:00,24.48,18100,24.48,U
sz000400,许继电气,2025-09-24 14:25:03,24.48,11000,24.48,U
sz000400,许继电气,2025-09-24 14:25:06,24.48,17400,24.48,D
sz000400,许继电气,2025-09-24 14:25:18,24.48,8900,24.48,D
sz000400,许继电气,2025-09-24 14:25:21,24.48,17900,24.48,D
sz000400,许继电气,2025-09-24 14:25:36,24.48,9400,24.48,D
sz000400,许继电气,2025-09-24 14:25:39,24.49,10700,24.48,U
sz000400,许继电气,2025-09-24 14:25:42,24.49,65200,24.49,U
sz000400,许继电气,2025-09-24 14:25:45,24.49,15600,24.49,U
sz000400,许继电气,2025-09-24 14:25:51,24.49,16400,24.49,U
sz000400,许继电气,2025-09-24 14:25:54,24.49,13900,24.49,U
sz000400,许继电气,2025-09-24 14:25:57,24.49,8900,24.49,U
sz000400,许继电气,2025-09-24 14:26:06,24.47,107900,24.48,D
sz000400,许继电气,2025-09-24 14:26:09,24.46,60800,24.47,D
sz000400,许继电气,2025-09-24 14:26:12,24.45,19000,24.46,D
sz000400,许继电气,2025-09-24 14:26:15,24.45,13300,24.45,D
sz000400,许继电气,2025-09-24 14:26:18,24.45,29500,24.45,D
sz000400,许继电气,2025-09-24 14:26:24,24.44,19800,24.45,D
sz000400,许继电气,2025-09-24 14:26:27,24.44,10700,24.44,D
sz000400,许继电气,2025-09-24 14:26:30,24.44,15600,24.44,D
sz000400,许继电气,2025-09-24 14:26:39,24.43,11100,24.43,D
sz000400,许继电气,2025-09-24 14:26:42,24.43,8800,24.43,D
sz000400,许继电气,2025-09-24 14:26:51,24.41,50300,24.43,D
sz000400,许继电气,2025-09-24 14:26:54,24.4,17500,24.41,D
sz000400,许继电气,2025-09-24 14:26:57,24.41,11800,24.4,D
sz000400,许继电气,2025-09-24 14:27:00,24.4,19200,24.41,D
sz000400,许继电气,2025-09-24 14:27:03,24.42,19100,24.4,U
sz000400,许继电气,2025-09-24 14:27:09,24.4,8300,24.4,U
sz000400,许继电气,2025-09-24 14:27:15,24.4,10100,24.4,U
sz000400,许继电气,2025-09-24 14:27:18,24.4,15200,24.4,U
sz000400,许继电气,2025-09-24 14:27:21,24.41,12600,24.4,U
sz000400,许继电气,2025-09-24 14:27:24,24.4,11500,24.41,D
sz000400,许继电气,2025-09-24 14:27:36,24.39,29400,24.4,D
sz000400,许继电气,2025-09-24 14:27:39,24.39,16900,24.39,U
sz000400,许继电气,2025-09-24 14:27:42,24.38,17000,24.39,D
sz000400,许继电气,2025-09-24 14:27:45,24.38,11800,24.38,U
sz000400,许继电气,2025-09-24 14:27:51,24.38,36500,24.38,D
sz000400,许继电气,2025-09-24 14:28:00,24.38,8900,24.38,D
sz000400,许继电气,2025-09-24 14:28:06,24.38,8500,24.39,D
sz000400,许继电气,2025-09-24 14:28:15,24.38,8800,24.38,U
sz000400,许继电气,2025-09-24 14:28:45,24.4,46000,24.38,U
sz000400,许继电气,2025-09-24 14:28:57,24.42,23500,24.4,U
sz000400,许继电气,2025-09-24 14:29:00,24.4,11100,24.42,D
sz000400,许继电气,2025-09-24 14:29:12,24.42,16100,24.42,D
sz000400,许继电气,2025-09-24 14:29:27,24.43,10900,24.43,U
sz000400,许继电气,2025-09-24 14:29:30,24.43,18300,24.43,U
sz000400,许继电气,2025-09-24 14:29:48,24.42,19200,24.42,D
sz000400,许继电气,2025-09-24 14:30:03,24.41,9000,24.42,D
sz000400,许继电气,2025-09-24 14:30:06,24.42,14200,24.41,U
sz000400,许继电气,2025-09-24 14:30:24,24.4,9300,24.41,D
sz000400,许继电气,2025-09-24 14:30:27,24.4,10400,24.4,D
sz000400,许继电气,2025-09-24 14:30:30,24.4,11700,24.4,U
sz000400,许继电气,2025-09-24 14:30:39,24.4,8900,24.4,U
sz000400,许继电气,2025-09-24 14:30:54,24.4,10900,24.4,D
sz000400,许继电气,2025-09-24 14:31:00,24.4,8200,24.39,U
sz000400,许继电气,2025-09-24 14:31:06,24.4,9300,24.4,D
sz000400,许继电气,2025-09-24 14:31:39,24.39,15800,24.4,D
sz000400,许继电气,2025-09-24 14:31:42,24.39,11500,24.39,D
sz000400,许继电气,2025-09-24 14:31:45,24.39,18400,24.39,D
sz000400,许继电气,2025-09-24 14:32:06,24.39,10700,24.38,U
sz000400,许继电气,2025-09-24 14:32:09,24.38,12700,24.39,D
sz000400,许继电气,2025-09-24 14:32:36,24.4,37300,24.4,U
sz000400,许继电气,2025-09-24 14:33:00,24.41,17500,24.41,D
sz000400,许继电气,2025-09-24 14:33:09,24.41,10000,24.42,D
sz000400,许继电气,2025-09-24 14:33:18,24.41,12100,24.41,D
sz000400,许继电气,2025-09-24 14:33:33,24.42,15200,24.42,D
sz000400,许继电气,2025-09-24 14:33:36,24.42,19600,24.42,D
sz000400,许继电气,2025-09-24 14:33:45,24.43,33600,24.42,U
sz000400,许继电气,2025-09-24 14:33:57,24.41,23800,24.42,D
sz000400,许继电气,2025-09-24 14:34:00,24.41,8700,24.41,D
sz000400,许继电气,2025-09-24 14:34:12,24.42,9600,24.41,U
sz000400,许继电气,2025-09-24 14:34:15,24.41,11000,24.42,D
sz000400,许继电气,2025-09-24 14:34:24,24.42,22400,24.41,U
sz000400,许继电气,2025-09-24 14:35:00,24.43,13600,24.43,U
sz000400,许继电气,2025-09-24 14:35:06,24.43,9300,24.43,U
sz000400,许继电气,2025-09-24 14:35:09,24.43,13600,24.43,U
sz000400,许继电气,2025-09-24 14:36:03,24.42,8300,24.43,D
sz000400,许继电气,2025-09-24 14:36:15,24.42,21500,24.43,D
sz000400,许继电气,2025-09-24 14:36:36,24.43,12900,24.41,U
sz000400,许继电气,2025-09-24 14:36:54,24.42,9800,24.42,D
sz000400,许继电气,2025-09-24 14:37:00,24.42,12700,24.42,D
sz000400,许继电气,2025-09-24 14:37:09,24.42,9300,24.42,U
sz000400,许继电气,2025-09-24 14:37:33,24.42,8300,24.42,D
sz000400,许继电气,2025-09-24 14:37:39,24.42,10000,24.42,D
sz000400,许继电气,2025-09-24 14:37:51,24.43,9200,24.42,U
sz000400,许继电气,2025-09-24 14:37:54,24.42,9700,24.43,D
sz000400,许继电气,2025-09-24 14:38:15,24.42,11800,24.42,U
sz000400,许继电气,2025-09-24 14:38:21,24.42,8900,24.42,D
sz000400,许继电气,2025-09-24 14:38:45,24.42,11100,24.41,U
sz000400,许继电气,2025-09-24 14:38:57,24.41,17900,24.42,D
sz000400,许继电气,2025-09-24 14:39:09,24.41,10000,24.41,D
sz000400,许继电气,2025-09-24 14:39:18,24.42,8500,24.41,U
sz000400,许继电气,2025-09-24 14:39:42,24.42,19700,24.41,U
sz000400,许继电气,2025-09-24 14:39:45,24.42,12800,24.42,U
sz000400,许继电气,2025-09-24 14:40:18,24.43,53300,24.43,U
sz000400,许继电气,2025-09-24 14:40:48,24.44,12400,24.44,U
sz000400,许继电气,2025-09-24 14:40:54,24.44,12100,24.43,U
sz000400,许继电气,2025-09-24 14:41:03,24.44,17000,24.44,U
sz000400,许继电气,2025-09-24 14:41:06,24.44,18100,24.44,U
sz000400,许继电气,2025-09-24 14:41:09,24.44,12400,24.44,U
sz000400,许继电气,2025-09-24 14:41:15,24.42,149400,24.44,D
sz000400,许继电气,2025-09-24 14:41:18,24.42,13600,24.42,U
sz000400,许继电气,2025-09-24 14:41:45,24.42,27500,24.42,D
sz000400,许继电气,2025-09-24 14:41:54,24.42,19600,24.42,U
sz000400,许继电气,2025-09-24 14:42:03,24.42,11900,24.42,U
sz000400,许继电气,2025-09-24 14:42:06,24.42,10000,24.42,D
sz000400,许继电气,2025-09-24 14:42:24,24.42,10900,24.41,U
sz000400,许继电气,2025-09-24 14:42:42,24.42,20000,24.42,D
sz000400,许继电气,2025-09-24 14:42:45,24.42,55200,24.42,D
sz000400,许继电气,2025-09-24 14:42:48,24.42,22500,24.42,D
sz000400,许继电气,2025-09-24 14:42:51,24.43,28700,24.42,U
sz000400,许继电气,2025-09-24 14:42:54,24.42,12700,24.43,D
sz000400,许继电气,2025-09-24 14:42:57,24.42,8800,24.42,D
sz000400,许继电气,2025-09-24 14:43:00,24.42,28700,24.42,D
sz000400,许继电气,2025-09-24 14:43:03,24.41,12800,24.42,D
sz000400,许继电气,2025-09-24 14:43:33,24.41,30200,24.42,D
sz000400,许继电气,2025-09-24 14:43:45,24.41,14600,24.41,D
sz000400,许继电气,2025-09-24 14:43:48,24.41,13500,24.41,D
sz000400,许继电气,2025-09-24 14:43:51,24.41,22400,24.41,D
sz000400,许继电气,2025-09-24 14:43:54,24.42,14000,24.41,U
sz000400,许继电气,2025-09-24 14:44:03,24.41,15000,24.41,D
sz000400,许继电气,2025-09-24 14:44:06,24.42,58400,24.41,U
sz000400,许继电气,2025-09-24 14:44:12,24.43,47800,24.42,U
sz000400,许继电气,2025-09-24 14:44:33,24.42,30900,24.43,D
sz000400,许继电气,2025-09-24 14:44:48,24.42,11700,24.43,D
sz000400,许继电气,2025-09-24 14:44:54,24.43,13900,24.43,U
sz000400,许继电气,2025-09-24 14:44:57,24.41,78200,24.43,D
sz000400,许继电气,2025-09-24 14:45:00,24.42,22100,24.41,U
sz000400,许继电气,2025-09-24 14:45:03,24.41,18000,24.42,D
sz000400,许继电气,2025-09-24 14:45:09,24.41,57300,24.42,D
sz000400,许继电气,2025-09-24 14:45:12,24.42,56100,24.41,U
sz000400,许继电气,2025-09-24 14:45:18,24.41,33800,24.41,D
sz000400,许继电气,2025-09-24 14:45:27,24.41,28000,24.41,D
sz000400,许继电气,2025-09-24 14:45:36,24.41,20900,24.42,D
sz000400,许继电气,2025-09-24 14:45:45,24.41,10600,24.42,D
sz000400,许继电气,2025-09-24 14:45:54,24.42,10000,24.41,U
sz000400,许继电气,2025-09-24 14:46:00,24.42,42000,24.42,U
sz000400,许继电气,2025-09-24 14:46:06,24.42,19800,24.41,U
sz000400,许继电气,2025-09-24 14:46:09,24.42,110800,24.42,U
sz000400,许继电气,2025-09-24 14:46:12,24.42,17900,24.42,U
sz000400,许继电气,2025-09-24 14:46:21,24.42,12800,24.42,D
sz000400,许继电气,2025-09-24 14:46:30,24.42,21400,24.42,D
sz000400,许继电气,2025-09-24 14:47:00,24.42,30400,24.42,U
sz000400,许继电气,2025-09-24 14:47:03,24.42,22400,24.42,U
sz000400,许继电气,2025-09-24 14:47:06,24.42,18400,24.42,U
sz000400,许继电气,2025-09-24 14:47:09,24.42,10000,24.42,U
sz000400,许继电气,2025-09-24 14:47:15,24.42,30400,24.42,U
sz000400,许继电气,2025-09-24 14:47:18,24.42,11200,24.42,U
sz000400,许继电气,2025-09-24 14:47:36,24.42,9700,24.42,D
sz000400,许继电气,2025-09-24 14:47:54,24.43,9500,24.43,U
sz000400,许继电气,2025-09-24 14:47:57,24.43,9900,24.43,U
sz000400,许继电气,2025-09-24 14:48:03,24.42,19400,24.42,D
sz000400,许继电气,2025-09-24 14:48:12,24.42,9200,24.43,D
sz000400,许继电气,2025-09-24 14:48:33,24.43,38000,24.42,U
sz000400,许继电气,2025-09-24 14:49:00,24.43,68500,24.42,U
sz000400,许继电气,2025-09-24 14:49:12,24.42,59900,24.43,D
sz000400,许继电气,2025-09-24 14:49:21,24.43,15700,24.43,U
sz000400,许继电气,2025-09-24 14:49:27,24.43,33300,24.43,U
sz000400,许继电气,2025-09-24 14:49:45,24.43,14200,24.43,D
sz000400,许继电气,2025-09-24 14:49:51,24.43,15100,24.43,D
sz000400,许继电气,2025-09-24 14:49:54,24.43,13200,24.43,D
sz000400,许继电气,2025-09-24 14:49:57,24.44,9000,24.43,U
sz000400,许继电气,2025-09-24 14:50:00,24.43,68200,24.44,D
sz000400,许继电气,2025-09-24 14:50:03,24.44,51200,24.43,U
sz000400,许继电气,2025-09-24 14:50:06,24.44,12200,24.44,U
sz000400,许继电气,2025-09-24 14:50:09,24.43,18400,24.44,D
sz000400,许继电气,2025-09-24 14:50:12,24.43,60100,24.43,D
sz000400,许继电气,2025-09-24 14:50:15,24.44,17000,24.43,U
sz000400,许继电气,2025-09-24 14:50:18,24.43,15400,24.44,D
sz000400,许继电气,2025-09-24 14:50:21,24.44,30900,24.43,U
sz000400,许继电气,2025-09-24 14:50:24,24.43,17300,24.44,D
sz000400,许继电气,2025-09-24 14:50:30,24.43,19300,24.44,D
sz000400,许继电气,2025-09-24 14:50:36,24.44,10100,24.44,U
sz000400,许继电气,2025-09-24 14:50:39,24.44,12800,24.44,U
sz000400,许继电气,2025-09-24 14:50:42,24.44,32300,24.44,U
sz000400,许继电气,2025-09-24 14:50:45,24.44,19200,24.44,U
sz000400,许继电气,2025-09-24 14:50:51,24.44,12800,24.44,U
sz000400,许继电气,2025-09-24 14:51:00,24.45,11600,24.44,U
sz000400,许继电气,2025-09-24 14:51:03,24.44,47000,24.45,D
sz000400,许继电气,2025-09-24 14:51:06,24.44,15500,24.44,D
sz000400,许继电气,2025-09-24 14:51:09,24.44,30400,24.44,D
sz000400,许继电气,2025-09-24 14:51:15,24.44,11500,24.44,U
sz000400,许继电气,2025-09-24 14:51:21,24.44,25100,24.43,U
sz000400,许继电气,2025-09-24 14:51:24,24.43,8900,24.44,D
sz000400,许继电气,2025-09-24 14:51:30,24.43,51900,24.44,D
sz000400,许继电气,2025-09-24 14:51:33,24.44,10900,24.43,U
sz000400,许继电气,2025-09-24 14:51:39,24.44,9200,24.44,U
sz000400,许继电气,2025-09-24 14:51:45,24.43,42500,24.43,D
sz000400,许继电气,2025-09-24 14:51:48,24.44,27200,24.43,U
sz000400,许继电气,2025-09-24 14:51:51,24.44,9200,24.44,U
sz000400,许继电气,2025-09-24 14:52:00,24.43,8900,24.43,D
sz000400,许继电气,2025-09-24 14:52:03,24.43,14000,24.43,D
sz000400,许继电气,2025-09-24 14:52:06,24.44,9200,24.43,U
sz000400,许继电气,2025-09-24 14:52:15,24.43,53200,24.43,D
sz000400,许继电气,2025-09-24 14:52:18,24.44,14900,24.43,U
sz000400,许继电气,2025-09-24 14:52:21,24.43,20000,24.44,D
sz000400,许继电气,2025-09-24 14:52:33,24.44,8500,24.43,U
sz000400,许继电气,2025-09-24 14:52:39,24.44,24200,24.44,U
sz000400,许继电气,2025-09-24 14:52:42,24.44,23600,24.44,U
sz000400,许继电气,2025-09-24 14:52:48,24.44,21100,24.44,U
sz000400,许继电气,2025-09-24 14:52:51,24.44,10000,24.44,U
sz000400,许继电气,2025-09-24 14:52:57,24.44,20900,24.44,U
sz000400,许继电气,2025-09-24 14:53:03,24.44,31600,24.44,D
sz000400,许继电气,2025-09-24 14:53:06,24.44,13900,24.44,U
sz000400,许继电气,2025-09-24 14:53:09,24.44,9000,24.44,D
sz000400,许继电气,2025-09-24 14:53:12,24.44,13600,24.44,U
sz000400,许继电气,2025-09-24 14:53:21,24.44,10300,24.45,D
sz000400,许继电气,2025-09-24 14:53:24,24.45,21300,24.44,U
sz000400,许继电气,2025-09-24 14:53:27,24.44,19000,24.45,D
sz000400,许继电气,2025-09-24 14:53:30,24.44,14600,24.44,D
sz000400,许继电气,2025-09-24 14:53:36,24.44,9400,24.43,U
sz000400,许继电气,2025-09-24 14:53:39,24.44,21400,24.44,U
sz000400,许继电气,2025-09-24 14:53:45,24.44,19600,24.43,U
sz000400,许继电气,2025-09-24 14:53:48,24.44,17300,24.44,U
sz000400,许继电气,2025-09-24 14:53:51,24.44,8700,24.44,U
sz000400,许继电气,2025-09-24 14:53:57,24.45,8500,24.44,U
sz000400,许继电气,2025-09-24 14:54:03,24.45,38800,24.45,U
sz000400,许继电气,2025-09-24 14:54:06,24.44,14600,24.45,D
sz000400,许继电气,2025-09-24 14:54:09,24.44,12000,24.44,U
sz000400,许继电气,2025-09-24 14:54:12,24.43,45700,24.44,D
sz000400,许继电气,2025-09-24 14:54:18,24.43,65200,24.43,D
sz000400,许继电气,2025-09-24 14:54:24,24.43,45600,24.43,D
sz000400,许继电气,2025-09-24 14:54:27,24.44,9400,24.43,U
sz000400,许继电气,2025-09-24 14:54:30,24.43,16900,24.44,D
sz000400,许继电气,2025-09-24 14:54:33,24.44,11100,24.43,U
sz000400,许继电气,2025-09-24 14:54:48,24.43,12500,24.44,D
sz000400,许继电气,2025-09-24 14:54:51,24.43,10000,24.43,D
sz000400,许继电气,2025-09-24 14:54:54,24.43,17400,24.43,D
sz000400,许继电气,2025-09-24 14:54:57,24.44,14900,24.43,U
sz000400,许继电气,2025-09-24 14:55:00,24.44,14600,24.44,U
sz000400,许继电气,2025-09-24 14:55:03,24.43,114700,24.44,D
sz000400,许继电气,2025-09-24 14:55:09,24.43,13400,24.44,D
sz000400,许继电气,2025-09-24 14:55:12,24.44,24800,24.43,U
sz000400,许继电气,2025-09-24 14:55:18,24.43,21000,24.44,D
sz000400,许继电气,2025-09-24 14:55:21,24.44,23000,24.43,U
sz000400,许继电气,2025-09-24 14:55:24,24.43,14100,24.44,D
sz000400,许继电气,2025-09-24 14:55:27,24.44,23700,24.43,U
sz000400,许继电气,2025-09-24 14:55:30,24.44,11300,24.44,U
sz000400,许继电气,2025-09-24 14:55:33,24.44,8800,24.44,U
sz000400,许继电气,2025-09-24 14:55:36,24.44,11400,24.44,U
sz000400,许继电气,2025-09-24 14:55:39,24.44,40400,24.44,U
sz000400,许继电气,2025-09-24 14:55:45,24.44,67500,24.44,U
sz000400,许继电气,2025-09-24 14:55:48,24.43,15600,24.44,D
sz000400,许继电气,2025-09-24 14:55:51,24.44,22700,24.43,U
sz000400,许继电气,2025-09-24 14:56:00,24.44,27400,24.44,U
sz000400,许继电气,2025-09-24 14:56:03,24.42,110500,24.44,D
sz000400,许继电气,2025-09-24 14:56:06,24.43,37400,24.42,U
sz000400,许继电气,2025-09-24 14:56:15,24.43,18200,24.43,U
sz000400,许继电气,2025-09-24 14:56:18,24.42,10500,24.43,D
sz000400,许继电气,2025-09-24 14:56:21,24.43,16600,24.42,U
sz000400,许继电气,2025-09-24 14:56:24,24.43,12800,24.43,U
sz000400,许继电气,2025-09-24 14:56:30,24.43,32800,24.42,U
sz000400,许继电气,2025-09-24 14:56:33,24.44,14600,24.43,U
sz000400,许继电气,2025-09-24 14:56:36,24.43,17900,24.44,D
sz000400,许继电气,2025-09-24 14:56:39,24.43,28900,24.43,U
sz000400,许继电气,2025-09-24 14:56:45,24.43,13600,24.43,D
sz000400,许继电气,2025-09-24 14:56:48,24.44,26200,24.43,U
sz000400,许继电气,2025-09-24 14:56:51,24.43,29100,24.44,D
sz000400,许继电气,2025-09-24 14:56:54,24.43,14000,24.43,D
sz000400,许继电气,2025-09-24 14:57:00,24.44,19000,24.43,U
sz000400,许继电气,2025-09-24 15:00:00,24.44,599420,24.44,E
