symbol,name,ticktime,price,volume,prev_price,kind
sz000400,许继电气,2025-09-22 09:25:00,24.02,166600,0.0,U
sz000400,许继电气,2025-09-22 09:30:00,24.0,31300,24.02,D
sz000400,许继电气,2025-09-22 09:30:03,24.05,119387,24.0,U
sz000400,许继电气,2025-09-22 09:30:06,24.03,56400,24.05,D
sz000400,许继电气,2025-09-22 09:30:09,24.04,52400,24.03,D
sz000400,许继电气,2025-09-22 09:30:12,23.98,29313,24.04,D
sz000400,许继电气,2025-09-22 09:30:15,23.98,40400,23.98,D
sz000400,许继电气,2025-09-22 09:30:18,23.97,32900,23.98,D
sz000400,许继电气,2025-09-22 09:30:21,23.96,96500,23.97,D
sz000400,许继电气,2025-09-22 09:30:24,23.95,37300,23.96,D
sz000400,许继电气,2025-09-22 09:30:27,23.91,12300,23.95,D
sz000400,许继电气,2025-09-22 09:30:30,23.94,55800,23.91,U
sz000400,许继电气,2025-09-22 09:30:36,23.91,18200,23.91,D
sz000400,许继电气,2025-09-22 09:30:39,23.95,14900,23.91,U
sz000400,许继电气,2025-09-22 09:30:42,23.98,55100,23.95,U
sz000400,许继电气,2025-09-22 09:30:45,24.02,51100,23.98,U
sz000400,许继电气,2025-09-22 09:30:51,24.0,15500,24.02,D
sz000400,许继电气,2025-09-22 09:30:54,24.01,8800,24.0,U
sz000400,许继电气,2025-09-22 09:30:57,24.0,18700,24.01,D
sz000400,许继电气,2025-09-22 09:31:00,24.04,14100,24.0,U
sz000400,许继电气,2025-09-22 09:31:03,24.01,20000,24.04,D
sz000400,许继电气,2025-09-22 09:31:06,24.04,10600,24.01,U
sz000400,许继电气,2025-09-22 09:31:09,24.04,19200,24.04,U
sz000400,许继电气,2025-09-22 09:31:12,24.04,24700,24.04,D
sz000400,许继电气,2025-09-22 09:31:18,24.05,31100,24.04,U
sz000400,许继电气,2025-09-22 09:31:27,24.02,77000,24.02,D
sz000400,许继电气,2025-09-22 09:31:30,24.0,31000,24.02,E
sz000400,许继电气,2025-09-22 09:31:33,24.01,11000,24.0,U
sz000400,许继电气,2025-09-22 09:31:36,24.0,16100,24.01,E
sz000400,许继电气,2025-09-22 09:31:39,24.0,16700,24.0,U
sz000400,许继电气,2025-09-22 09:31:42,23.97,22900,24.0,D
sz000400,许继电气,2025-09-22 09:31:45,23.97,13000,23.97,E
sz000400,许继电气,2025-09-22 09:31:48,23.96,21600,23.97,D
sz000400,许继电气,2025-09-22 09:31:54,23.95,8800,23.95,D
sz000400,许继电气,2025-09-22 09:32:00,23.91,14000,23.94,D
sz000400,许继电气,2025-09-22 09:32:03,23.92,9200,23.91,U
sz000400,许继电气,2025-09-22 09:32:09,23.91,15300,23.91,D
sz000400,许继电气,2025-09-22 09:32:12,23.92,18300,23.91,U
sz000400,许继电气,2025-09-22 09:32:15,23.92,63900,23.92,U
sz000400,许继电气,2025-09-22 09:32:24,23.92,8400,23.92,D
sz000400,许继电气,2025-09-22 09:32:30,23.91,14000,23.92,D
sz000400,许继电气,2025-09-22 09:32:33,23.92,20000,23.91,U
sz000400,许继电气,2025-09-22 09:32:36,23.91,14000,23.92,E
sz000400,许继电气,2025-09-22 09:32:39,23.91,10700,23.91,U
sz000400,许继电气,2025-09-22 09:32:45,23.91,10700,23.91,D
sz000400,许继电气,2025-09-22 09:32:48,23.9,14600,23.91,D
sz000400,许继电气,2025-09-22 09:32:51,23.91,42900,23.9,E
sz000400,许继电气,2025-09-22 09:32:54,23.91,9300,23.91,U
sz000400,许继电气,2025-09-22 09:33:03,23.91,41700,23.9,U
sz000400,许继电气,2025-09-22 09:33:15,23.95,21000,23.95,U
sz000400,许继电气,2025-09-22 09:33:18,23.95,13100,23.95,U
sz000400,许继电气,2025-09-22 09:33:33,23.95,56100,23.97,D
sz000400,许继电气,2025-09-22 09:33:39,23.92,32300,23.95,D
sz000400,许继电气,2025-09-22 09:33:42,23.92,10400,23.92,U
sz000400,许继电气,2025-09-22 09:33:45,23.91,19000,23.92,D
sz000400,许继电气,2025-09-22 09:33:48,23.94,13200,23.91,U
sz000400,许继电气,2025-09-22 09:34:03,23.94,14500,23.93,U
sz000400,许继电气,2025-09-22 09:34:15,23.92,9800,23.92,D
sz000400,许继电气,2025-09-22 09:34:18,23.91,18800,23.92,D
sz000400,许继电气,2025-09-22 09:34:21,23.9,79100,23.91,D
sz000400,许继电气,2025-09-22 09:34:30,23.89,56500,23.88,E
sz000400,许继电气,2025-09-22 09:34:33,23.88,165200,23.89,E
sz000400,许继电气,2025-09-22 09:34:39,23.85,18500,23.87,D
sz000400,许继电气,2025-09-22 09:34:42,23.86,13800,23.85,D
sz000400,许继电气,2025-09-22 09:34:48,23.85,47000,23.86,D
sz000400,许继电气,2025-09-22 09:34:51,23.87,15600,23.85,E
sz000400,许继电气,2025-09-22 09:34:54,23.86,21100,23.87,D
sz000400,许继电气,2025-09-22 09:34:57,23.89,19400,23.86,U
sz000400,许继电气,2025-09-22 09:35:00,23.89,12200,23.89,D
sz000400,许继电气,2025-09-22 09:35:06,23.88,44800,23.9,E
sz000400,许继电气,2025-09-22 09:35:09,23.89,18300,23.88,U
sz000400,许继电气,2025-09-22 09:35:12,23.88,17600,23.89,E
sz000400,许继电气,2025-09-22 09:35:15,23.89,15700,23.88,U
sz000400,许继电气,2025-09-22 09:35:18,23.87,32000,23.89,E
sz000400,许继电气,2025-09-22 09:35:39,23.88,12700,23.88,U
sz000400,许继电气,2025-09-22 09:35:45,23.88,12300,23.89,E
sz000400,许继电气,2025-09-22 09:35:54,23.88,13200,23.88,D
sz000400,许继电气,2025-09-22 09:36:06,23.88,9200,23.88,D
sz000400,许继电气,2025-09-22 09:36:09,23.88,27500,23.88,D
sz000400,许继电气,2025-09-22 09:36:15,23.88,8400,23.87,U
sz000400,许继电气,2025-09-22 09:36:18,23.87,28800,23.88,D
sz000400,许继电气,2025-09-22 09:36:24,23.86,9600,23.86,D
sz000400,许继电气,2025-09-22 09:36:30,23.86,15500,23.86,U
sz000400,许继电气,2025-09-22 09:36:33,23.85,92000,23.86,D
sz000400,许继电气,2025-09-22 09:36:54,23.84,17300,23.84,D
sz000400,许继电气,2025-09-22 09:37:03,23.83,63000,23.83,D
sz000400,许继电气,2025-09-22 09:37:09,23.81,16300,23.83,D
sz000400,许继电气,2025-09-22 09:37:15,23.81,38600,23.82,D
sz000400,许继电气,2025-09-22 09:37:21,23.81,15400,23.81,D
sz000400,许继电气,2025-09-22 09:37:24,23.81,31600,23.81,D
sz000400,许继电气,2025-09-22 09:37:33,23.8,20700,23.8,D
sz000400,许继电气,2025-09-22 09:37:36,23.8,12800,23.8,D
sz000400,许继电气,2025-09-22 09:37:39,23.8,12400,23.8,D
sz000400,许继电气,2025-09-22 09:37:45,23.8,13900,23.81,D
sz000400,许继电气,2025-09-22 09:37:51,23.81,10900,23.81,U
sz000400,许继电气,2025-09-22 09:38:00,23.81,43200,23.81,U
sz000400,许继电气,2025-09-22 09:38:09,23.82,9000,23.81,U
sz000400,许继电气,2025-09-22 09:38:24,23.81,37200,23.82,D
sz000400,许继电气,2025-09-22 09:38:27,23.83,8900,23.81,E
sz000400,许继电气,2025-09-22 09:38:42,23.84,20500,23.84,D
sz000400,许继电气,2025-09-22 09:38:45,23.85,14000,23.84,D
sz000400,许继电气,2025-09-22 09:38:48,23.86,9500,23.85,U
sz000400,许继电气,2025-09-22 09:38:57,23.86,11400,23.86,U
sz000400,许继电气,2025-09-22 09:39:03,23.85,32400,23.87,D
sz000400,许继电气,2025-09-22 09:39:24,23.9,23000,23.9,U
sz000400,许继电气,2025-09-22 09:39:27,23.89,19800,23.9,D
sz000400,许继电气,2025-09-22 09:39:30,23.9,11700,23.89,U
sz000400,许继电气,2025-09-22 09:39:36,23.88,17200,23.88,D
sz000400,许继电气,2025-09-22 09:39:39,23.86,18400,23.88,D
sz000400,许继电气,2025-09-22 09:39:48,23.87,11100,23.85,U
sz000400,许继电气,2025-09-22 09:40:24,23.88,14900,23.87,U
sz000400,许继电气,2025-09-22 09:40:39,23.86,11200,23.86,D
sz000400,许继电气,2025-09-22 09:41:18,23.9,13400,23.9,U
sz000400,许继电气,2025-09-22 09:41:21,23.93,46800,23.9,U
sz000400,许继电气,2025-09-22 09:41:45,23.94,14900,23.94,D
sz000400,许继电气,2025-09-22 09:42:09,23.91,16000,23.92,D
sz000400,许继电气,2025-09-22 09:42:18,23.84,41300,23.88,D
sz000400,许继电气,2025-09-22 09:43:09,23.83,31300,23.85,D
sz000400,许继电气,2025-09-22 09:43:36,23.86,8700,23.85,U
sz000400,许继电气,2025-09-22 09:43:39,23.87,12100,23.86,U
sz000400,许继电气,2025-09-22 09:43:51,23.85,45000,23.88,D
sz000400,许继电气,2025-09-22 09:44:03,23.86,57200,23.86,U
sz000400,许继电气,2025-09-22 09:44:18,23.88,9600,23.86,U
sz000400,许继电气,2025-09-22 09:44:24,23.87,9300,23.86,D
sz000400,许继电气,2025-09-22 09:44:39,23.87,57600,23.86,E
sz000400,许继电气,2025-09-22 09:44:48,23.87,8400,23.87,U
sz000400,许继电气,2025-09-22 09:44:51,23.88,35200,23.87,U
sz000400,许继电气,2025-09-22 09:44:57,23.9,11200,23.87,U
sz000400,许继电气,2025-09-22 09:45:06,23.86,64900,23.87,D
sz000400,许继电气,2025-09-22 09:45:09,23.86,14900,23.86,U
sz000400,许继电气,2025-09-22 09:45:12,23.85,9900,23.86,D
sz000400,许继电气,2025-09-22 09:45:15,23.86,30900,23.85,U
sz000400,许继电气,2025-09-22 09:45:33,23.86,14600,23.87,D
sz000400,许继电气,2025-09-22 09:45:54,23.85,19400,23.85,D
sz000400,许继电气,2025-09-22 09:46:12,23.84,70000,23.85,D
sz000400,许继电气,2025-09-22 09:46:18,23.84,59600,23.84,D
sz000400,许继电气,2025-09-22 09:46:51,23.82,10900,23.83,D
sz000400,许继电气,2025-09-22 09:46:54,23.82,8600,23.82,D
sz000400,许继电气,2025-09-22 09:47:06,23.82,21100,23.82,D
sz000400,许继电气,2025-09-22 09:47:09,23.83,59100,23.82,U
sz000400,许继电气,2025-09-22 09:47:18,23.82,24300,23.82,D
sz000400,许继电气,2025-09-22 09:47:21,23.82,76100,23.82,D
sz000400,许继电气,2025-09-22 09:47:27,23.82,11200,23.82,U
sz000400,许继电气,2025-09-22 09:47:39,23.82,24800,23.82,U
sz000400,许继电气,2025-09-22 09:47:48,23.81,12100,23.81,D
sz000400,许继电气,2025-09-22 09:48:18,23.82,8600,23.82,D
sz000400,许继电气,2025-09-22 09:48:21,23.82,15300,23.82,D
sz000400,许继电气,2025-09-22 09:48:24,23.82,12700,23.82,D
sz000400,许继电气,2025-09-22 09:49:27,23.82,10500,23.82,D
sz000400,许继电气,2025-09-22 09:49:30,23.82,9800,23.82,D
sz000400,许继电气,2025-09-22 09:50:00,23.81,21600,23.82,D
sz000400,许继电气,2025-09-22 09:50:03,23.82,9600,23.81,U
sz000400,许继电气,2025-09-22 09:50:45,23.81,23100,23.81,D
sz000400,许继电气,2025-09-22 09:51:00,23.81,53800,23.81,D
sz000400,许继电气,2025-09-22 09:51:06,23.82,30600,23.81,U
sz000400,许继电气,2025-09-22 09:51:12,23.82,14000,23.81,U
sz000400,许继电气,2025-09-22 09:51:15,23.81,19600,23.82,D
sz000400,许继电气,2025-09-22 09:51:18,23.81,24400,23.81,D
sz000400,许继电气,2025-09-22 09:51:24,23.81,14600,23.81,D
sz000400,许继电气,2025-09-22 09:51:30,23.81,14700,23.81,U
sz000400,许继电气,2025-09-22 09:51:33,23.8,9600,23.81,D
sz000400,许继电气,2025-09-22 09:52:03,23.8,94800,23.8,D
sz000400,许继电气,2025-09-22 09:52:06,23.8,123800,23.8,D
sz000400,许继电气,2025-09-22 09:52:15,23.78,13600,23.79,D
sz000400,许继电气,2025-09-22 09:52:18,23.78,8800,23.78,D
sz000400,许继电气,2025-09-22 09:52:21,23.78,19100,23.78,D
sz000400,许继电气,2025-09-22 09:52:33,23.77,42200,23.78,D
sz000400,许继电气,2025-09-22 09:52:42,23.76,94700,23.77,D
sz000400,许继电气,2025-09-22 09:52:48,23.75,14200,23.75,D
sz000400,许继电气,2025-09-22 09:52:54,23.75,14700,23.75,D
sz000400,许继电气,2025-09-22 09:53:00,23.76,14300,23.75,U
sz000400,许继电气,2025-09-22 09:53:03,23.77,17200,23.76,U
sz000400,许继电气,2025-09-22 09:53:06,23.75,24900,23.77,D
sz000400,许继电气,2025-09-22 09:53:12,23.75,31400,23.75,U
sz000400,许继电气,2025-09-22 09:53:15,23.74,9900,23.75,E
sz000400,许继电气,2025-09-22 09:53:18,23.74,20900,23.74,U
sz000400,许继电气,2025-09-22 09:53:24,23.76,28900,23.74,U
sz000400,许继电气,2025-09-22 09:53:27,23.76,31600,23.76,U
sz000400,许继电气,2025-09-22 09:54:03,23.74,23000,23.75,D
sz000400,许继电气,2025-09-22 09:54:12,23.75,10900,23.75,D
sz000400,许继电气,2025-09-22 09:54:18,23.75,10300,23.75,D
sz000400,许继电气,2025-09-22 09:54:42,23.76,8800,23.74,U
sz000400,许继电气,2025-09-22 09:54:51,23.75,88000,23.74,E
sz000400,许继电气,2025-09-22 09:54:57,23.76,16100,23.74,U
sz000400,许继电气,2025-09-22 09:55:06,23.72,50800,23.76,D
sz000400,许继电气,2025-09-22 09:55:18,23.75,17800,23.74,E
sz000400,许继电气,2025-09-22 09:55:27,23.74,23500,23.74,D
sz000400,许继电气,2025-09-22 09:55:45,23.72,9900,23.72,D
sz000400,许继电气,2025-09-22 09:56:00,23.72,16800,23.72,D
sz000400,许继电气,2025-09-22 09:56:03,23.73,13000,23.72,U
sz000400,许继电气,2025-09-22 09:56:06,23.71,39400,23.73,D
sz000400,许继电气,2025-09-22 09:56:15,23.71,9300,23.72,D
sz000400,许继电气,2025-09-22 09:56:45,23.72,16100,23.72,D
sz000400,许继电气,2025-09-22 09:56:48,23.74,25300,23.72,U
sz000400,许继电气,2025-09-22 09:57:09,23.72,115600,23.72,D
sz000400,许继电气,2025-09-22 09:57:48,23.72,25200,23.72,U
sz000400,许继电气,2025-09-22 09:57:54,23.71,30400,23.73,D
sz000400,许继电气,2025-09-22 09:58:09,23.73,9300,23.73,D
sz000400,许继电气,2025-09-22 09:58:15,23.73,9800,23.73,U
sz000400,许继电气,2025-09-22 09:58:33,23.74,36500,23.73,U
sz000400,许继电气,2025-09-22 09:59:15,23.75,13700,23.75,D
sz000400,许继电气,2025-09-22 09:59:24,23.75,12200,23.74,U
sz000400,许继电气,2025-09-22 09:59:42,23.74,13500,23.75,D
sz000400,许继电气,2025-09-22 09:59:57,23.72,50200,23.74,D
sz000400,许继电气,2025-09-22 10:00:00,23.72,20500,23.72,D
sz000400,许继电气,2025-09-22 10:00:03,23.7,278000,23.72,D
sz000400,许继电气,2025-09-22 10:00:21,23.68,8500,23.69,D
sz000400,许继电气,2025-09-22 10:00:24,23.68,55200,23.68,D
sz000400,许继电气,2025-09-22 10:00:39,23.67,19200,23.67,D
sz000400,许继电气,2025-09-22 10:00:45,23.66,13900,23.66,D
sz000400,许继电气,2025-09-22 10:00:48,23.66,36200,23.66,D
sz000400,许继电气,2025-09-22 10:00:54,23.65,9000,23.65,D
sz000400,许继电气,2025-09-22 10:01:00,23.65,11600,23.66,D
sz000400,许继电气,2025-09-22 10:01:03,23.65,22700,23.65,D
sz000400,许继电气,2025-09-22 10:01:06,23.65,10400,23.65,U
sz000400,许继电气,2025-09-22 10:01:09,23.66,11700,23.65,U
sz000400,许继电气,2025-09-22 10:01:15,23.64,16700,23.64,D
sz000400,许继电气,2025-09-22 10:01:33,23.65,17800,23.65,D
sz000400,许继电气,2025-09-22 10:01:42,23.64,13000,23.65,D
sz000400,许继电气,2025-09-22 10:01:57,23.64,18900,23.65,D
sz000400,许继电气,2025-09-22 10:02:00,23.64,10000,23.64,D
sz000400,许继电气,2025-09-22 10:02:06,23.66,19400,23.65,U
sz000400,许继电气,2025-09-22 10:02:18,23.66,8700,23.66,E
sz000400,许继电气,2025-09-22 10:02:21,23.68,15600,23.66,U
sz000400,许继电气,2025-09-22 10:02:24,23.67,12100,23.68,D
sz000400,许继电气,2025-09-22 10:03:24,23.7,21500,23.7,U
sz000400,许继电气,2025-09-22 10:03:30,23.71,20000,23.69,U
sz000400,许继电气,2025-09-22 10:03:48,23.7,13300,23.69,U
sz000400,许继电气,2025-09-22 10:04:15,23.69,11300,23.69,U
sz000400,许继电气,2025-09-22 10:04:24,23.69,34000,23.69,D
sz000400,许继电气,2025-09-22 10:04:30,23.69,22800,23.67,U
sz000400,许继电气,2025-09-22 10:04:36,23.67,88800,23.69,D
sz000400,许继电气,2025-09-22 10:04:39,23.65,19100,23.67,D
sz000400,许继电气,2025-09-22 10:04:45,23.66,9200,23.65,U
sz000400,许继电气,2025-09-22 10:05:27,23.67,8700,23.68,D
sz000400,许继电气,2025-09-22 10:05:30,23.67,26500,23.67,D
sz000400,许继电气,2025-09-22 10:05:54,23.69,21200,23.68,U
sz000400,许继电气,2025-09-22 10:06:06,23.69,22400,23.69,U
sz000400,许继电气,2025-09-22 10:06:15,23.69,16700,23.69,D
sz000400,许继电气,2025-09-22 10:06:45,23.7,14000,23.7,U
sz000400,许继电气,2025-09-22 10:06:57,23.71,12200,23.7,U
sz000400,许继电气,2025-09-22 10:07:00,23.7,27200,23.71,D
sz000400,许继电气,2025-09-22 10:07:09,23.67,21600,23.69,D
sz000400,许继电气,2025-09-22 10:07:15,23.67,18800,23.67,D
sz000400,许继电气,2025-09-22 10:07:24,23.67,19400,23.67,U
sz000400,许继电气,2025-09-22 10:07:39,23.68,16800,23.67,U
sz000400,许继电气,2025-09-22 10:08:15,23.68,14600,23.7,D
sz000400,许继电气,2025-09-22 10:08:24,23.68,11800,23.68,D
sz000400,许继电气,2025-09-22 10:08:48,23.7,10500,23.7,D
sz000400,许继电气,2025-09-22 10:09:00,23.7,29400,23.7,D
sz000400,许继电气,2025-09-22 10:09:15,23.69,9600,23.7,D
sz000400,许继电气,2025-09-22 10:09:18,23.7,8900,23.69,U
sz000400,许继电气,2025-09-22 10:09:24,23.69,10300,23.7,D
sz000400,许继电气,2025-09-22 10:09:30,23.7,17200,23.69,U
sz000400,许继电气,2025-09-22 10:09:57,23.69,70200,23.7,D
sz000400,许继电气,2025-09-22 10:10:06,23.69,25300,23.7,D
sz000400,许继电气,2025-09-22 10:10:33,23.69,8700,23.7,D
sz000400,许继电气,2025-09-22 10:10:42,23.7,23000,23.7,U
sz000400,许继电气,2025-09-22 10:11:21,23.7,13600,23.7,U
sz000400,许继电气,2025-09-22 10:11:48,23.71,10000,23.71,U
sz000400,许继电气,2025-09-22 10:11:57,23.7,15100,23.7,U
sz000400,许继电气,2025-09-22 10:12:09,23.68,70500,23.69,D
sz000400,许继电气,2025-09-22 10:12:12,23.67,13900,23.68,D
sz000400,许继电气,2025-09-22 10:12:15,23.68,13000,23.67,U
sz000400,许继电气,2025-09-22 10:12:21,23.68,14700,23.67,U
sz000400,许继电气,2025-09-22 10:12:51,23.67,19900,23.68,D
sz000400,许继电气,2025-09-22 10:12:57,23.68,10400,23.68,U
sz000400,许继电气,2025-09-22 10:13:12,23.66,52600,23.67,D
sz000400,许继电气,2025-09-22 10:13:18,23.66,12100,23.66,D
sz000400,许继电气,2025-09-22 10:13:33,23.64,121800,23.66,D
sz000400,许继电气,2025-09-22 10:14:03,23.65,10000,23.65,D
sz000400,许继电气,2025-09-22 10:14:21,23.65,9800,23.66,D
sz000400,许继电气,2025-09-22 10:14:30,23.65,8700,23.65,U
sz000400,许继电气,2025-09-22 10:14:36,23.64,18700,23.65,D
sz000400,许继电气,2025-09-22 10:14:39,23.64,85900,23.64,D
sz000400,许继电气,2025-09-22 10:14:42,23.64,12500,23.64,U
sz000400,许继电气,2025-09-22 10:15:21,23.63,23400,23.64,D
sz000400,许继电气,2025-09-22 10:15:24,23.63,18800,23.63,U
sz000400,许继电气,2025-09-22 10:15:30,23.63,14200,23.63,U
sz000400,许继电气,2025-09-22 10:15:57,23.64,10300,23.63,U
sz000400,许继电气,2025-09-22 10:16:39,23.64,22400,23.64,U
sz000400,许继电气,2025-09-22 10:17:09,23.64,9000,23.65,D
sz000400,许继电气,2025-09-22 10:17:57,23.67,32800,23.67,U
sz000400,许继电气,2025-09-22 10:18:06,23.66,9800,23.66,U
sz000400,许继电气,2025-09-22 10:18:48,23.64,52000,23.65,D
sz000400,许继电气,2025-09-22 10:18:57,23.63,9200,23.64,D
sz000400,许继电气,2025-09-22 10:19:36,23.64,9000,23.64,U
sz000400,许继电气,2025-09-22 10:20:00,23.62,13200,23.63,D
sz000400,许继电气,2025-09-22 10:20:21,23.63,22000,23.63,U
sz000400,许继电气,2025-09-22 10:20:24,23.62,45000,23.63,D
sz000400,许继电气,2025-09-22 10:20:33,23.64,22500,23.63,U
sz000400,许继电气,2025-09-22 10:20:54,23.62,17100,23.65,D
sz000400,许继电气,2025-09-22 10:21:21,23.63,12200,23.64,D
sz000400,许继电气,2025-09-22 10:21:45,23.65,16700,23.64,U
sz000400,许继电气,2025-09-22 10:23:42,23.68,9000,23.67,U
sz000400,许继电气,2025-09-22 10:25:27,23.69,9500,23.69,U
sz000400,许继电气,2025-09-22 10:25:54,23.69,21600,23.69,U
sz000400,许继电气,2025-09-22 10:26:03,23.68,9200,23.68,U
sz000400,许继电气,2025-09-22 10:26:27,23.68,12600,23.69,D
sz000400,许继电气,2025-09-22 10:26:30,23.68,12900,23.68,U
sz000400,许继电气,2025-09-22 10:26:36,23.68,11700,23.68,U
sz000400,许继电气,2025-09-22 10:27:48,23.7,21900,23.7,U
sz000400,许继电气,2025-09-22 10:28:21,23.71,42200,23.72,D
sz000400,许继电气,2025-09-22 10:28:30,23.71,21800,23.71,U
sz000400,许继电气,2025-09-22 10:28:48,23.7,32600,23.7,U
sz000400,许继电气,2025-09-22 10:29:03,23.69,17000,23.7,D
sz000400,许继电气,2025-09-22 10:29:09,23.69,10200,23.7,U
sz000400,许继电气,2025-09-22 10:30:06,23.69,10100,23.7,D
sz000400,许继电气,2025-09-22 10:30:27,23.7,13200,23.7,D
sz000400,许继电气,2025-09-22 10:31:06,23.71,11100,23.7,U
sz000400,许继电气,2025-09-22 10:31:54,23.74,16200,23.74,U
sz000400,许继电气,2025-09-22 10:32:09,23.72,31200,23.74,D
sz000400,许继电气,2025-09-22 10:32:15,23.7,24000,23.71,D
sz000400,许继电气,2025-09-22 10:32:45,23.7,25100,23.7,D
sz000400,许继电气,2025-09-22 10:33:09,23.69,10700,23.69,D
sz000400,许继电气,2025-09-22 10:33:51,23.69,29500,23.7,D
sz000400,许继电气,2025-09-22 10:33:57,23.68,11400,23.69,D
sz000400,许继电气,2025-09-22 10:34:15,23.67,15300,23.69,D
sz000400,许继电气,2025-09-22 10:34:18,23.67,19600,23.67,D
sz000400,许继电气,2025-09-22 10:34:24,23.68,10600,23.67,U
sz000400,许继电气,2025-09-22 10:34:27,23.67,10500,23.68,D
sz000400,许继电气,2025-09-22 10:35:00,23.66,30700,23.66,D
sz000400,许继电气,2025-09-22 10:35:06,23.65,11300,23.66,D
sz000400,许继电气,2025-09-22 10:35:33,23.66,11300,23.66,D
sz000400,许继电气,2025-09-22 10:36:03,23.68,23800,23.69,D
sz000400,许继电气,2025-09-22 10:36:18,23.69,9900,23.69,D
sz000400,许继电气,2025-09-22 10:36:30,23.68,13800,23.7,D
sz000400,许继电气,2025-09-22 10:36:42,23.7,48900,23.68,U
sz000400,许继电气,2025-09-22 10:37:15,23.68,11300,23.68,D
sz000400,许继电气,2025-09-22 10:38:09,23.67,10300,23.67,D
sz000400,许继电气,2025-09-22 10:38:39,23.68,10800,23.67,U
sz000400,许继电气,2025-09-22 10:39:42,23.67,9100,23.67,D
sz000400,许继电气,2025-09-22 10:39:45,23.67,13100,23.67,D
sz000400,许继电气,2025-09-22 10:40:21,23.67,11300,23.67,U
sz000400,许继电气,2025-09-22 10:40:33,23.66,62600,23.66,D
sz000400,许继电气,2025-09-22 10:41:09,23.66,25800,23.66,U
sz000400,许继电气,2025-09-22 10:41:12,23.66,31500,23.66,D
sz000400,许继电气,2025-09-22 10:41:21,23.65,19100,23.65,D
sz000400,许继电气,2025-09-22 10:41:24,23.64,49600,23.65,D
sz000400,许继电气,2025-09-22 10:41:51,23.64,14200,23.64,U
sz000400,许继电气,2025-09-22 10:42:09,23.63,66100,23.63,D
sz000400,许继电气,2025-09-22 10:42:21,23.62,97800,23.62,D
sz000400,许继电气,2025-09-22 10:42:51,23.61,20000,23.61,D
sz000400,许继电气,2025-09-22 10:42:54,23.58,419800,23.61,D
sz000400,许继电气,2025-09-22 10:43:09,23.58,29900,23.58,E
sz000400,许继电气,2025-09-22 10:43:12,23.59,11200,23.58,U
sz000400,许继电气,2025-09-22 10:43:15,23.59,16500,23.59,U
sz000400,许继电气,2025-09-22 10:43:39,23.58,8800,23.59,D
sz000400,许继电气,2025-09-22 10:43:57,23.59,10800,23.59,U
sz000400,许继电气,2025-09-22 10:44:03,23.59,11800,23.59,D
sz000400,许继电气,2025-09-22 10:44:06,23.6,8600,23.59,U
sz000400,许继电气,2025-09-22 10:44:09,23.6,21400,23.6,D
sz000400,许继电气,2025-09-22 10:44:12,23.57,96800,23.6,D
sz000400,许继电气,2025-09-22 10:44:15,23.57,32800,23.57,U
sz000400,许继电气,2025-09-22 10:44:24,23.55,67200,23.55,D
sz000400,许继电气,2025-09-22 10:44:27,23.54,14900,23.55,D
sz000400,许继电气,2025-09-22 10:44:33,23.53,9400,23.54,D
sz000400,许继电气,2025-09-22 10:44:36,23.54,20800,23.53,U
sz000400,许继电气,2025-09-22 10:44:39,23.52,32700,23.54,D
sz000400,许继电气,2025-09-22 10:44:42,23.52,16100,23.52,D
sz000400,许继电气,2025-09-22 10:44:45,23.52,12000,23.52,D
sz000400,许继电气,2025-09-22 10:44:54,23.52,12800,23.52,D
sz000400,许继电气,2025-09-22 10:44:57,23.52,9400,23.52,D
sz000400,许继电气,2025-09-22 10:45:03,23.53,15500,23.53,D
sz000400,许继电气,2025-09-22 10:45:06,23.54,12600,23.53,U
sz000400,许继电气,2025-09-22 10:45:09,23.54,10200,23.54,D
sz000400,许继电气,2025-09-22 10:45:15,23.54,8700,23.57,E
sz000400,许继电气,2025-09-22 10:45:33,23.54,23600,23.55,D
sz000400,许继电气,2025-09-22 10:45:36,23.54,10000,23.54,U
sz000400,许继电气,2025-09-22 10:45:42,23.53,17900,23.53,D
sz000400,许继电气,2025-09-22 10:45:51,23.52,16000,23.53,D
sz000400,许继电气,2025-09-22 10:45:54,23.53,72200,23.52,U
sz000400,许继电气,2025-09-22 10:45:57,23.51,12800,23.53,D
sz000400,许继电气,2025-09-22 10:46:00,23.51,33700,23.51,D
sz000400,许继电气,2025-09-22 10:46:03,23.52,26500,23.51,U
sz000400,许继电气,2025-09-22 10:46:15,23.53,10300,23.52,U
sz000400,许继电气,2025-09-22 10:46:18,23.53,15200,23.53,U
sz000400,许继电气,2025-09-22 10:46:30,23.53,8900,23.53,U
sz000400,许继电气,2025-09-22 10:46:33,23.53,25200,23.53,U
sz000400,许继电气,2025-09-22 10:46:42,23.54,52400,23.54,U
sz000400,许继电气,2025-09-22 10:46:54,23.54,8800,23.54,D
sz000400,许继电气,2025-09-22 10:46:57,23.53,36400,23.54,D
sz000400,许继电气,2025-09-22 10:47:06,23.52,53100,23.52,D
sz000400,许继电气,2025-09-22 10:47:09,23.51,13900,23.52,D
sz000400,许继电气,2025-09-22 10:47:12,23.52,14000,23.51,U
sz000400,许继电气,2025-09-22 10:47:15,23.51,9000,23.52,D
sz000400,许继电气,2025-09-22 10:47:21,23.5,140600,23.52,D
sz000400,许继电气,2025-09-22 10:47:24,23.49,225000,23.5,D
sz000400,许继电气,2025-09-22 10:47:27,23.48,25800,23.49,D
sz000400,许继电气,2025-09-22 10:47:30,23.48,91800,23.48,D
sz000400,许继电气,2025-09-22 10:47:33,23.5,17100,23.48,E
sz000400,许继电气,2025-09-22 10:47:36,23.48,10900,23.5,E
sz000400,许继电气,2025-09-22 10:47:42,23.49,12800,23.48,U
sz000400,许继电气,2025-09-22 10:47:51,23.49,11900,23.49,D
sz000400,许继电气,2025-09-22 10:47:54,23.49,10100,23.49,D
sz000400,许继电气,2025-09-22 10:47:57,23.5,18400,23.49,U
sz000400,许继电气,2025-09-22 10:48:12,23.48,26600,23.49,D
sz000400,许继电气,2025-09-22 10:48:15,23.48,14400,23.48,D
sz000400,许继电气,2025-09-22 10:48:33,23.48,19300,23.48,D
sz000400,许继电气,2025-09-22 10:48:36,23.49,14500,23.48,U
sz000400,许继电气,2025-09-22 10:48:42,23.47,14100,23.49,D
sz000400,许继电气,2025-09-22 10:48:51,23.47,52800,23.48,D
sz000400,许继电气,2025-09-22 10:48:54,23.46,10300,23.47,D
sz000400,许继电气,2025-09-22 10:48:57,23.46,16700,23.46,D
sz000400,许继电气,2025-09-22 10:49:03,23.47,20200,23.47,U
sz000400,许继电气,2025-09-22 10:49:09,23.47,13800,23.46,U
sz000400,许继电气,2025-09-22 10:49:12,23.46,46300,23.47,D
sz000400,许继电气,2025-09-22 10:49:15,23.47,22600,23.46,U
sz000400,许继电气,2025-09-22 10:49:18,23.47,10400,23.47,U
sz000400,许继电气,2025-09-22 10:49:21,23.46,22800,23.47,D
sz000400,许继电气,2025-09-22 10:49:27,23.47,9700,23.47,U
sz000400,许继电气,2025-09-22 10:49:30,23.47,9300,23.47,U
sz000400,许继电气,2025-09-22 10:49:33,23.46,12300,23.47,D
sz000400,许继电气,2025-09-22 10:49:54,23.48,9700,23.48,U
sz000400,许继电气,2025-09-22 10:49:57,23.48,9100,23.48,U
sz000400,许继电气,2025-09-22 10:50:00,23.48,22700,23.48,U
sz000400,许继电气,2025-09-22 10:50:06,23.48,11700,23.47,U
sz000400,许继电气,2025-09-22 10:50:09,23.48,11100,23.48,D
sz000400,许继电气,2025-09-22 10:50:33,23.49,9300,23.49,U
sz000400,许继电气,2025-09-22 10:50:39,23.48,29800,23.49,D
sz000400,许继电气,2025-09-22 10:50:42,23.48,22800,23.48,D
sz000400,许继电气,2025-09-22 10:50:48,23.48,9100,23.48,D
sz000400,许继电气,2025-09-22 10:50:54,23.48,35400,23.48,U
sz000400,许继电气,2025-09-22 10:50:57,23.47,13000,23.48,D
sz000400,许继电气,2025-09-22 10:51:00,23.47,10200,23.47,U
sz000400,许继电气,2025-09-22 10:51:03,23.46,11300,23.47,D
sz000400,许继电气,2025-09-22 10:51:15,23.47,14800,23.46,U
sz000400,许继电气,2025-09-22 10:51:30,23.46,9600,23.47,D
sz000400,许继电气,2025-09-22 10:51:45,23.47,17200,23.47,U
sz000400,许继电气,2025-09-22 10:51:54,23.47,13100,23.46,U
sz000400,许继电气,2025-09-22 10:52:03,23.47,73700,23.47,U
sz000400,许继电气,2025-09-22 10:52:06,23.46,21100,23.47,D
sz000400,许继电气,2025-09-22 10:52:09,23.46,8900,23.46,D
sz000400,许继电气,2025-09-22 10:52:21,23.46,26400,23.47,D
sz000400,许继电气,2025-09-22 10:52:36,23.46,26400,23.47,D
sz000400,许继电气,2025-09-22 10:52:42,23.47,9400,23.47,U
sz000400,许继电气,2025-09-22 10:52:51,23.47,18700,23.46,U
sz000400,许继电气,2025-09-22 10:52:54,23.47,16400,23.47,U
sz000400,许继电气,2025-09-22 10:53:15,23.46,9300,23.47,D
sz000400,许继电气,2025-09-22 10:53:18,23.47,32200,23.46,U
sz000400,许继电气,2025-09-22 10:53:21,23.47,23600,23.47,U
sz000400,许继电气,2025-09-22 10:53:24,23.47,23700,23.47,U
sz000400,许继电气,2025-09-22 10:53:27,23.47,10800,23.47,D
sz000400,许继电气,2025-09-22 10:53:30,23.47,23800,23.47,D
sz000400,许继电气,2025-09-22 10:53:36,23.48,14900,23.47,U
sz000400,许继电气,2025-09-22 10:53:42,23.47,11200,23.47,D
sz000400,许继电气,2025-09-22 10:53:45,23.47,8600,23.47,D
sz000400,许继电气,2025-09-22 10:53:48,23.48,10600,23.47,U
sz000400,许继电气,2025-09-22 10:53:51,23.47,10000,23.48,D
sz000400,许继电气,2025-09-22 10:53:54,23.48,23600,23.47,U
sz000400,许继电气,2025-09-22 10:54:00,23.48,17100,23.48,U
sz000400,许继电气,2025-09-22 10:54:06,23.48,89200,23.48,U
sz000400,许继电气,2025-09-22 10:54:33,23.47,11800,23.48,D
sz000400,许继电气,2025-09-22 10:54:39,23.48,14500,23.48,U
sz000400,许继电气,2025-09-22 10:54:45,23.48,12000,23.48,U
sz000400,许继电气,2025-09-22 10:54:57,23.47,54800,23.47,D
sz000400,许继电气,2025-09-22 10:55:00,23.47,12300,23.47,U
sz000400,许继电气,2025-09-22 10:55:06,23.46,12500,23.47,D
sz000400,许继电气,2025-09-22 10:55:09,23.47,10500,23.46,U
sz000400,许继电气,2025-09-22 10:55:15,23.47,15600,23.47,U
sz000400,许继电气,2025-09-22 10:55:27,23.46,9500,23.47,D
sz000400,许继电气,2025-09-22 10:55:42,23.47,19700,23.47,U
sz000400,许继电气,2025-09-22 10:55:45,23.47,15600,23.47,U
sz000400,许继电气,2025-09-22 10:55:54,23.48,10900,23.48,U
sz000400,许继电气,2025-09-22 10:56:00,23.48,24000,23.48,U
sz000400,许继电气,2025-09-22 10:56:09,23.48,11000,23.48,U
sz000400,许继电气,2025-09-22 10:56:15,23.48,9200,23.48,U
sz000400,许继电气,2025-09-22 10:56:18,23.47,10400,23.48,D
sz000400,许继电气,2025-09-22 10:56:21,23.45,354600,23.47,D
sz000400,许继电气,2025-09-22 10:56:24,23.46,106500,23.45,U
sz000400,许继电气,2025-09-22 10:56:33,23.45,10500,23.45,U
sz000400,许继电气,2025-09-22 10:56:51,23.44,26400,23.45,D
sz000400,许继电气,2025-09-22 10:56:57,23.44,12900,23.44,D
sz000400,许继电气,2025-09-22 10:57:12,23.44,12200,23.44,D
sz000400,许继电气,2025-09-22 10:57:18,23.44,8800,23.44,D
sz000400,许继电气,2025-09-22 10:57:24,23.45,23000,23.44,U
sz000400,许继电气,2025-09-22 10:57:30,23.43,14900,23.44,D
sz000400,许继电气,2025-09-22 10:57:42,23.44,16200,23.44,U
sz000400,许继电气,2025-09-22 10:57:45,23.43,39000,23.44,D
sz000400,许继电气,2025-09-22 10:57:48,23.41,71500,23.43,D
sz000400,许继电气,2025-09-22 10:57:51,23.42,24500,23.41,U
sz000400,许继电气,2025-09-22 10:57:54,23.41,17700,23.42,D
sz000400,许继电气,2025-09-22 10:57:57,23.4,31100,23.41,D
sz000400,许继电气,2025-09-22 10:58:00,23.4,19300,23.4,D
sz000400,许继电气,2025-09-22 10:58:03,23.39,92000,23.4,D
sz000400,许继电气,2025-09-22 10:58:06,23.39,31000,23.39,D
sz000400,许继电气,2025-09-22 10:58:09,23.4,17700,23.39,U
sz000400,许继电气,2025-09-22 10:58:12,23.38,14800,23.4,D
sz000400,许继电气,2025-09-22 10:58:15,23.41,56700,23.38,U
sz000400,许继电气,2025-09-22 10:58:24,23.41,14300,23.41,D
sz000400,许继电气,2025-09-22 10:58:30,23.41,13100,23.42,D
sz000400,许继电气,2025-09-22 10:58:33,23.41,38400,23.41,D
sz000400,许继电气,2025-09-22 10:58:42,23.42,9300,23.42,D
sz000400,许继电气,2025-09-22 10:58:48,23.43,14900,23.43,U
sz000400,许继电气,2025-09-22 10:58:57,23.44,13200,23.43,U
sz000400,许继电气,2025-09-22 10:59:00,23.44,21700,23.44,D
sz000400,许继电气,2025-09-22 10:59:09,23.44,9700,23.44,U
sz000400,许继电气,2025-09-22 10:59:21,23.45,10700,23.45,U
sz000400,许继电气,2025-09-22 10:59:33,23.44,10000,23.45,D
sz000400,许继电气,2025-09-22 10:59:36,23.44,10000,23.44,D
sz000400,许继电气,2025-09-22 10:59:45,23.44,38500,23.45,D
sz000400,许继电气,2025-09-22 11:00:03,23.45,16100,23.45,U
sz000400,许继电气,2025-09-22 11:00:09,23.43,14400,23.44,D
sz000400,许继电气,2025-09-22 11:00:21,23.44,10400,23.45,U
sz000400,许继电气,2025-09-22 11:00:27,23.44,9700,23.43,U
sz000400,许继电气,2025-09-22 11:00:39,23.44,20900,23.43,U
sz000400,许继电气,2025-09-22 11:00:42,23.44,10300,23.44,D
sz000400,许继电气,2025-09-22 11:01:09,23.44,8800,23.45,D
sz000400,许继电气,2025-09-22 11:01:15,23.44,11300,23.44,D
sz000400,许继电气,2025-09-22 11:01:21,23.44,11200,23.44,U
sz000400,许继电气,2025-09-22 11:01:27,23.44,11000,23.43,U
sz000400,许继电气,2025-09-22 11:01:33,23.44,15200,23.44,U
sz000400,许继电气,2025-09-22 11:01:36,23.44,11200,23.44,U
sz000400,许继电气,2025-09-22 11:01:42,23.44,29700,23.44,U
sz000400,许继电气,2025-09-22 11:01:48,23.44,11700,23.44,U
sz000400,许继电气,2025-09-22 11:02:15,23.43,16800,23.43,U
sz000400,许继电气,2025-09-22 11:02:24,23.42,16400,23.43,D
sz000400,许继电气,2025-09-22 11:02:27,23.41,14500,23.42,D
sz000400,许继电气,2025-09-22 11:02:30,23.4,14700,23.41,D
sz000400,许继电气,2025-09-22 11:02:39,23.41,25900,23.42,U
sz000400,许继电气,2025-09-22 11:02:42,23.41,23200,23.41,D
sz000400,许继电气,2025-09-22 11:02:45,23.4,18500,23.41,D
sz000400,许继电气,2025-09-22 11:02:54,23.4,14300,23.4,D
sz000400,许继电气,2025-09-22 11:02:57,23.4,23800,23.4,D
sz000400,许继电气,2025-09-22 11:03:06,23.4,19100,23.4,U
sz000400,许继电气,2025-09-22 11:03:15,23.4,27300,23.39,U
sz000400,许继电气,2025-09-22 11:03:18,23.4,15000,23.4,U
sz000400,许继电气,2025-09-22 11:03:21,23.4,19600,23.4,U
sz000400,许继电气,2025-09-22 11:03:30,23.4,8700,23.4,U
sz000400,许继电气,2025-09-22 11:03:33,23.39,15900,23.4,D
sz000400,许继电气,2025-09-22 11:03:45,23.4,18900,23.4,U
sz000400,许继电气,2025-09-22 11:04:03,23.4,13400,23.4,U
sz000400,许继电气,2025-09-22 11:04:36,23.39,29800,23.4,D
sz000400,许继电气,2025-09-22 11:04:45,23.39,41100,23.4,D
sz000400,许继电气,2025-09-22 11:04:48,23.43,45300,23.39,U
sz000400,许继电气,2025-09-22 11:05:09,23.42,13000,23.42,D
sz000400,许继电气,2025-09-22 11:05:24,23.43,8700,23.42,U
sz000400,许继电气,2025-09-22 11:05:33,23.43,27100,23.43,U
sz000400,许继电气,2025-09-22 11:05:42,23.44,9800,23.44,U
sz000400,许继电气,2025-09-22 11:06:03,23.44,9200,23.43,U
sz000400,许继电气,2025-09-22 11:06:15,23.42,20100,23.43,D
sz000400,许继电气,2025-09-22 11:06:27,23.44,9700,23.42,U
sz000400,许继电气,2025-09-22 11:06:45,23.42,11300,23.42,D
sz000400,许继电气,2025-09-22 11:06:48,23.42,9300,23.42,U
sz000400,许继电气,2025-09-22 11:07:06,23.41,8600,23.42,D
sz000400,许继电气,2025-09-22 11:07:15,23.42,10800,23.42,U
sz000400,许继电气,2025-09-22 11:07:18,23.42,10000,23.42,U
sz000400,许继电气,2025-09-22 11:07:21,23.41,12800,23.42,D
sz000400,许继电气,2025-09-22 11:07:51,23.42,10000,23.42,U
sz000400,许继电气,2025-09-22 11:07:54,23.41,9900,23.42,D
sz000400,许继电气,2025-09-22 11:08:06,23.41,8600,23.4,U
sz000400,许继电气,2025-09-22 11:08:15,23.41,8700,23.4,U
sz000400,许继电气,2025-09-22 11:08:27,23.4,11200,23.42,D
sz000400,许继电气,2025-09-22 11:08:45,23.41,8600,23.41,U
sz000400,许继电气,2025-09-22 11:08:57,23.4,13100,23.41,D
sz000400,许继电气,2025-09-22 11:09:00,23.41,39100,23.4,U
sz000400,许继电气,2025-09-22 11:09:03,23.4,20700,23.41,D
sz000400,许继电气,2025-09-22 11:09:06,23.4,28400,23.4,D
sz000400,许继电气,2025-09-22 11:09:09,23.4,11300,23.4,D
sz000400,许继电气,2025-09-22 11:09:12,23.4,17200,23.4,D
sz000400,许继电气,2025-09-22 11:09:15,23.4,57600,23.4,U
sz000400,许继电气,2025-09-22 11:09:18,23.38,11600,23.4,D
sz000400,许继电气,2025-09-22 11:09:21,23.39,17500,23.38,U
sz000400,许继电气,2025-09-22 11:09:30,23.39,13800,23.39,U
sz000400,许继电气,2025-09-22 11:09:33,23.38,10400,23.39,D
sz000400,许继电气,2025-09-22 11:09:36,23.39,10700,23.38,D
sz000400,许继电气,2025-09-22 11:09:45,23.39,49400,23.39,U
sz000400,许继电气,2025-09-22 11:09:54,23.39,23700,23.38,U
sz000400,许继电气,2025-09-22 11:09:57,23.38,11600,23.39,D
sz000400,许继电气,2025-09-22 11:10:09,23.39,10600,23.38,U
sz000400,许继电气,2025-09-22 11:10:21,23.39,57400,23.38,U
sz000400,许继电气,2025-09-22 11:10:42,23.38,10000,23.39,D
sz000400,许继电气,2025-09-22 11:11:18,23.38,13500,23.39,D
sz000400,许继电气,2025-09-22 11:11:42,23.37,19700,23.38,D
sz000400,许继电气,2025-09-22 11:11:54,23.37,25600,23.38,D
sz000400,许继电气,2025-09-22 11:12:21,23.36,13000,23.36,D
sz000400,许继电气,2025-09-22 11:12:24,23.36,24500,23.36,D
sz000400,许继电气,2025-09-22 11:12:30,23.36,10700,23.36,D
sz000400,许继电气,2025-09-22 11:12:33,23.36,12200,23.36,D
sz000400,许继电气,2025-09-22 11:12:36,23.36,10900,23.36,D
sz000400,许继电气,2025-09-22 11:12:39,23.35,12500,23.36,D
sz000400,许继电气,2025-09-22 11:12:57,23.35,15600,23.36,D
sz000400,许继电气,2025-09-22 11:13:00,23.36,14700,23.35,U
sz000400,许继电气,2025-09-22 11:13:06,23.35,11600,23.36,D
sz000400,许继电气,2025-09-22 11:13:15,23.36,80200,23.35,U
sz000400,许继电气,2025-09-22 11:13:21,23.34,30100,23.35,D
sz000400,许继电气,2025-09-22 11:13:30,23.35,18100,23.34,U
sz000400,许继电气,2025-09-22 11:13:33,23.33,19400,23.35,D
sz000400,许继电气,2025-09-22 11:13:54,23.34,25200,23.33,U
sz000400,许继电气,2025-09-22 11:13:57,23.33,14000,23.34,D
sz000400,许继电气,2025-09-22 11:14:00,23.33,9500,23.33,D
sz000400,许继电气,2025-09-22 11:14:03,23.32,17100,23.33,D
sz000400,许继电气,2025-09-22 11:14:12,23.33,23900,23.32,D
sz000400,许继电气,2025-09-22 11:14:21,23.32,12900,23.33,D
sz000400,许继电气,2025-09-22 11:14:27,23.33,11400,23.33,U
sz000400,许继电气,2025-09-22 11:14:36,23.31,23900,23.32,D
sz000400,许继电气,2025-09-22 11:14:42,23.32,18200,23.32,U
sz000400,许继电气,2025-09-22 11:14:45,23.31,17600,23.32,D
sz000400,许继电气,2025-09-22 11:14:57,23.31,9900,23.32,D
sz000400,许继电气,2025-09-22 11:15:09,23.32,22300,23.32,U
sz000400,许继电气,2025-09-22 11:15:15,23.32,13000,23.31,U
sz000400,许继电气,2025-09-22 11:15:21,23.31,10000,23.32,D
sz000400,许继电气,2025-09-22 11:15:36,23.32,11200,23.32,U
sz000400,许继电气,2025-09-22 11:15:45,23.32,12800,23.32,D
sz000400,许继电气,2025-09-22 11:15:54,23.31,9300,23.33,D
sz000400,许继电气,2025-09-22 11:16:15,23.31,17900,23.31,D
sz000400,许继电气,2025-09-22 11:16:45,23.32,14900,23.33,D
sz000400,许继电气,2025-09-22 11:17:03,23.32,14200,23.33,D
sz000400,许继电气,2025-09-22 11:17:18,23.33,11200,23.33,U
sz000400,许继电气,2025-09-22 11:17:33,23.33,17100,23.32,U
sz000400,许继电气,2025-09-22 11:17:48,23.32,13500,23.32,D
sz000400,许继电气,2025-09-22 11:18:24,23.33,15500,23.33,U
sz000400,许继电气,2025-09-22 11:18:27,23.32,19700,23.33,D
sz000400,许继电气,2025-09-22 11:18:33,23.33,8800,23.33,U
sz000400,许继电气,2025-09-22 11:18:36,23.33,11400,23.33,U
sz000400,许继电气,2025-09-22 11:18:45,23.32,22000,23.33,D
sz000400,许继电气,2025-09-22 11:18:48,23.3,139200,23.32,D
sz000400,许继电气,2025-09-22 11:18:51,23.3,9300,23.3,D
sz000400,许继电气,2025-09-22 11:18:54,23.3,23700,23.3,D
sz000400,许继电气,2025-09-22 11:18:57,23.3,10500,23.3,D
sz000400,许继电气,2025-09-22 11:19:00,23.3,156300,23.3,D
sz000400,许继电气,2025-09-22 11:19:03,23.3,40100,23.3,U
sz000400,许继电气,2025-09-22 11:19:06,23.29,45800,23.3,E
sz000400,许继电气,2025-09-22 11:19:12,23.29,35900,23.29,U
sz000400,许继电气,2025-09-22 11:19:15,23.28,22800,23.29,E
sz000400,许继电气,2025-09-22 11:19:18,23.28,11200,23.28,U
sz000400,许继电气,2025-09-22 11:19:24,23.27,12600,23.28,D
sz000400,许继电气,2025-09-22 11:19:27,23.27,14200,23.27,U
sz000400,许继电气,2025-09-22 11:19:30,23.25,22000,23.27,D
sz000400,许继电气,2025-09-22 11:19:33,23.26,16500,23.25,E
sz000400,许继电气,2025-09-22 11:19:36,23.27,42300,23.26,U
sz000400,许继电气,2025-09-22 11:19:42,23.26,13100,23.26,D
sz000400,许继电气,2025-09-22 11:19:45,23.26,13500,23.26,D
sz000400,许继电气,2025-09-22 11:19:54,23.27,9600,23.26,U
sz000400,许继电气,2025-09-22 11:19:57,23.26,39300,23.27,D
sz000400,许继电气,2025-09-22 11:20:00,23.26,9800,23.26,U
sz000400,许继电气,2025-09-22 11:20:03,23.26,24800,23.26,D
sz000400,许继电气,2025-09-22 11:20:06,23.26,9900,23.26,U
sz000400,许继电气,2025-09-22 11:20:09,23.26,63900,23.26,U
sz000400,许继电气,2025-09-22 11:20:12,23.26,14600,23.26,D
sz000400,许继电气,2025-09-22 11:20:15,23.27,24200,23.26,U
sz000400,许继电气,2025-09-22 11:20:18,23.27,15100,23.27,E
sz000400,许继电气,2025-09-22 11:20:21,23.28,11489,23.27,U
sz000400,许继电气,2025-09-22 11:20:30,23.3,14600,23.29,U
sz000400,许继电气,2025-09-22 11:20:48,23.27,9700,23.28,D
sz000400,许继电气,2025-09-22 11:20:54,23.29,22500,23.28,U
sz000400,许继电气,2025-09-22 11:21:00,23.28,10100,23.28,D
sz000400,许继电气,2025-09-22 11:21:09,23.29,23500,23.29,U
sz000400,许继电气,2025-09-22 11:21:24,23.29,39200,23.3,D
sz000400,许继电气,2025-09-22 11:21:30,23.29,10400,23.3,D
sz000400,许继电气,2025-09-22 11:21:54,23.3,9000,23.29,U
sz000400,许继电气,2025-09-22 11:21:57,23.27,10000,23.3,D
sz000400,许继电气,2025-09-22 11:22:00,23.31,99500,23.27,U
sz000400,许继电气,2025-09-22 11:22:03,23.31,10900,23.31,D
sz000400,许继电气,2025-09-22 11:22:30,23.32,19600,23.32,U
sz000400,许继电气,2025-09-22 11:22:33,23.32,9800,23.32,D
sz000400,许继电气,2025-09-22 11:22:39,23.33,9600,23.33,U
sz000400,许继电气,2025-09-22 11:22:45,23.33,8800,23.33,U
sz000400,许继电气,2025-09-22 11:22:48,23.33,13300,23.33,U
sz000400,许继电气,2025-09-22 11:23:03,23.33,14300,23.34,D
sz000400,许继电气,2025-09-22 11:23:06,23.33,11300,23.33,U
sz000400,许继电气,2025-09-22 11:23:15,23.33,12700,23.33,U
sz000400,许继电气,2025-09-22 11:23:21,23.33,11100,23.33,U
sz000400,许继电气,2025-09-22 11:23:36,23.33,9700,23.33,D
sz000400,许继电气,2025-09-22 11:24:06,23.32,9800,23.32,D
sz000400,许继电气,2025-09-22 11:24:09,23.32,50300,23.32,D
sz000400,许继电气,2025-09-22 11:24:12,23.31,15900,23.32,D
sz000400,许继电气,2025-09-22 11:24:18,23.32,63600,23.31,U
sz000400,许继电气,2025-09-22 11:24:30,23.33,11700,23.33,U
sz000400,许继电气,2025-09-22 11:24:42,23.33,11500,23.33,D
sz000400,许继电气,2025-09-22 11:25:00,23.33,10400,23.32,U
sz000400,许继电气,2025-09-22 11:25:06,23.33,32700,23.33,U
sz000400,许继电气,2025-09-22 11:25:12,23.35,22200,23.34,U
sz000400,许继电气,2025-09-22 11:25:15,23.32,10000,23.35,D
sz000400,许继电气,2025-09-22 11:25:21,23.36,10300,23.35,U
sz000400,许继电气,2025-09-22 11:25:45,23.35,93600,23.35,U
sz000400,许继电气,2025-09-22 11:26:06,23.37,22900,23.37,D
sz000400,许继电气,2025-09-22 11:26:09,23.36,33300,23.37,D
sz000400,许继电气,2025-09-22 11:26:18,23.36,19200,23.36,D
sz000400,许继电气,2025-09-22 11:26:27,23.36,20800,23.36,U
sz000400,许继电气,2025-09-22 11:26:33,23.36,14000,23.36,U
sz000400,许继电气,2025-09-22 11:26:54,23.36,9500,23.37,D
sz000400,许继电气,2025-09-22 11:27:09,23.37,23800,23.36,U
sz000400,许继电气,2025-09-22 11:27:12,23.38,45500,23.37,U
sz000400,许继电气,2025-09-22 11:27:27,23.38,11600,23.39,U
sz000400,许继电气,2025-09-22 11:27:36,23.38,15400,23.38,U
sz000400,许继电气,2025-09-22 11:28:00,23.38,12900,23.39,D
sz000400,许继电气,2025-09-22 11:28:03,23.38,115200,23.38,D
sz000400,许继电气,2025-09-22 11:28:36,23.36,15300,23.37,D
sz000400,许继电气,2025-09-22 11:29:09,23.36,21600,23.37,D
sz000400,许继电气,2025-09-22 11:29:36,23.36,9100,23.36,U
sz000400,许继电气,2025-09-22 11:29:42,23.36,10800,23.36,E
sz000400,许继电气,2025-09-22 11:30:00,23.36,11900,23.35,U
sz000400,许继电气,2025-09-22 13:00:00,23.34,36100,23.36,D
sz000400,许继电气,2025-09-22 13:00:03,23.35,117000,23.34,U
sz000400,许继电气,2025-09-22 13:00:06,23.34,53900,23.35,D
sz000400,许继电气,2025-09-22 13:00:09,23.31,24500,23.34,D
sz000400,许继电气,2025-09-22 13:00:12,23.3,62600,23.31,D
sz000400,许继电气,2025-09-22 13:00:15,23.31,36300,23.3,U
sz000400,许继电气,2025-09-22 13:00:21,23.3,9000,23.3,D
sz000400,许继电气,2025-09-22 13:00:24,23.31,8700,23.3,U
sz000400,许继电气,2025-09-22 13:00:27,23.29,11000,23.31,D
sz000400,许继电气,2025-09-22 13:00:30,23.28,12300,23.29,D
sz000400,许继电气,2025-09-22 13:00:36,23.3,13800,23.29,U
sz000400,许继电气,2025-09-22 13:00:39,23.3,15500,23.3,U
sz000400,许继电气,2025-09-22 13:01:15,23.28,8800,23.29,D
sz000400,许继电气,2025-09-22 13:01:21,23.27,10000,23.27,D
sz000400,许继电气,2025-09-22 13:01:36,23.27,15100,23.28,D
sz000400,许继电气,2025-09-22 13:01:39,23.27,8600,23.27,U
sz000400,许继电气,2025-09-22 13:01:51,23.26,14900,23.27,D
sz000400,许继电气,2025-09-22 13:02:12,23.27,8600,23.27,U
sz000400,许继电气,2025-09-22 13:02:24,23.27,17200,23.27,U
sz000400,许继电气,2025-09-22 13:02:36,23.26,12500,23.26,D
sz000400,许继电气,2025-09-22 13:02:39,23.26,14500,23.26,D
sz000400,许继电气,2025-09-22 13:02:51,23.26,12100,23.27,D
sz000400,许继电气,2025-09-22 13:02:57,23.26,13900,23.27,D
sz000400,许继电气,2025-09-22 13:03:15,23.27,10600,23.26,U
sz000400,许继电气,2025-09-22 13:03:18,23.26,9300,23.27,D
sz000400,许继电气,2025-09-22 13:03:39,23.27,24700,23.27,U
sz000400,许继电气,2025-09-22 13:03:42,23.26,10100,23.27,D
sz000400,许继电气,2025-09-22 13:03:45,23.27,43200,23.26,U
sz000400,许继电气,2025-09-22 13:03:51,23.27,11000,23.27,U
sz000400,许继电气,2025-09-22 13:04:15,23.26,12400,23.27,D
sz000400,许继电气,2025-09-22 13:04:39,23.26,11200,23.27,D
sz000400,许继电气,2025-09-22 13:05:45,23.27,11400,23.27,U
sz000400,许继电气,2025-09-22 13:05:54,23.26,19700,23.26,D
sz000400,许继电气,2025-09-22 13:05:57,23.26,12500,23.26,D
sz000400,许继电气,2025-09-22 13:06:15,23.27,13300,23.26,U
sz000400,许继电气,2025-09-22 13:06:21,23.26,60900,23.26,D
sz000400,许继电气,2025-09-22 13:06:24,23.26,35000,23.26,D
sz000400,许继电气,2025-09-22 13:06:27,23.26,16100,23.26,D
sz000400,许继电气,2025-09-22 13:06:39,23.26,58900,23.26,D
sz000400,许继电气,2025-09-22 13:06:54,23.26,18700,23.25,U
sz000400,许继电气,2025-09-22 13:07:03,23.3,195600,23.25,U
sz000400,许继电气,2025-09-22 13:07:06,23.32,10100,23.3,U
sz000400,许继电气,2025-09-22 13:07:21,23.33,12400,23.32,U
sz000400,许继电气,2025-09-22 13:08:00,23.33,9600,23.33,U
sz000400,许继电气,2025-09-22 13:08:33,23.33,10500,23.33,U
sz000400,许继电气,2025-09-22 13:09:03,23.33,8800,23.33,U
sz000400,许继电气,2025-09-22 13:09:30,23.33,10200,23.33,U
sz000400,许继电气,2025-09-22 13:09:45,23.33,26200,23.33,U
sz000400,许继电气,2025-09-22 13:09:48,23.33,36200,23.33,U
sz000400,许继电气,2025-09-22 13:09:51,23.32,21600,23.33,D
sz000400,许继电气,2025-09-22 13:10:06,23.33,19100,23.33,U
sz000400,许继电气,2025-09-22 13:10:24,23.32,36100,23.32,D
sz000400,许继电气,2025-09-22 13:11:00,23.32,8800,23.32,U
sz000400,许继电气,2025-09-22 13:11:03,23.31,54800,23.32,D
sz000400,许继电气,2025-09-22 13:11:24,23.32,123700,23.3,U
sz000400,许继电气,2025-09-22 13:11:27,23.33,8900,23.32,E
sz000400,许继电气,2025-09-22 13:11:48,23.33,35000,23.32,U
sz000400,许继电气,2025-09-22 13:12:09,23.34,25900,23.34,U
sz000400,许继电气,2025-09-22 13:13:06,23.33,84600,23.34,D
sz000400,许继电气,2025-09-22 13:13:33,23.35,20100,23.35,U
sz000400,许继电气,2025-09-22 13:13:36,23.35,11100,23.35,U
sz000400,许继电气,2025-09-22 13:13:54,23.35,11100,23.35,U
sz000400,许继电气,2025-09-22 13:14:21,23.35,18700,23.35,U
sz000400,许继电气,2025-09-22 13:14:39,23.35,19700,23.35,U
sz000400,许继电气,2025-09-22 13:14:48,23.35,28600,23.36,D
sz000400,许继电气,2025-09-22 13:14:54,23.35,9000,23.35,U
sz000400,许继电气,2025-09-22 13:14:57,23.35,17100,23.35,D
sz000400,许继电气,2025-09-22 13:15:03,23.35,24200,23.35,D
sz000400,许继电气,2025-09-22 13:15:30,23.38,66000,23.35,U
sz000400,许继电气,2025-09-22 13:15:57,23.36,18300,23.38,D
sz000400,许继电气,2025-09-22 13:16:03,23.35,38500,23.37,D
sz000400,许继电气,2025-09-22 13:16:06,23.34,27500,23.35,D
sz000400,许继电气,2025-09-22 13:16:12,23.35,16600,23.34,U
sz000400,许继电气,2025-09-22 13:16:18,23.34,10900,23.35,D
sz000400,许继电气,2025-09-22 13:16:51,23.33,57400,23.33,D
sz000400,许继电气,2025-09-22 13:18:09,23.34,11800,23.33,U
sz000400,许继电气,2025-09-22 13:18:27,23.33,14400,23.33,U
sz000400,许继电气,2025-09-22 13:18:33,23.32,15000,23.32,D
sz000400,许继电气,2025-09-22 13:18:36,23.32,32800,23.32,D
sz000400,许继电气,2025-09-22 13:18:39,23.32,12900,23.32,U
sz000400,许继电气,2025-09-22 13:18:42,23.31,10000,23.32,D
sz000400,许继电气,2025-09-22 13:18:51,23.3,12600,23.3,D
sz000400,许继电气,2025-09-22 13:19:03,23.3,10900,23.31,D
sz000400,许继电气,2025-09-22 13:19:06,23.3,46000,23.3,D
sz000400,许继电气,2025-09-22 13:19:09,23.34,102000,23.3,U
sz000400,许继电气,2025-09-22 13:19:27,23.34,24900,23.33,U
sz000400,许继电气,2025-09-22 13:19:42,23.34,9300,23.34,D
sz000400,许继电气,2025-09-22 13:19:54,23.33,9200,23.33,U
sz000400,许继电气,2025-09-22 13:20:06,23.33,17700,23.33,U
sz000400,许继电气,2025-09-22 13:20:09,23.32,8800,23.33,D
sz000400,许继电气,2025-09-22 13:20:51,23.32,12400,23.33,D
sz000400,许继电气,2025-09-22 13:21:03,23.36,148500,23.33,U
sz000400,许继电气,2025-09-22 13:21:24,23.39,13300,23.39,U
sz000400,许继电气,2025-09-22 13:22:03,23.38,10900,23.38,D
sz000400,许继电气,2025-09-22 13:22:06,23.38,10900,23.38,U
sz000400,许继电气,2025-09-22 13:22:51,23.33,12300,23.34,D
sz000400,许继电气,2025-09-22 13:23:03,23.35,80200,23.33,U
sz000400,许继电气,2025-09-22 13:24:03,23.35,67500,23.35,U
sz000400,许继电气,2025-09-22 13:24:48,23.37,8800,23.37,U
sz000400,许继电气,2025-09-22 13:25:12,23.36,13500,23.36,D
sz000400,许继电气,2025-09-22 13:25:18,23.36,30400,23.37,D
sz000400,许继电气,2025-09-22 13:25:24,23.36,26100,23.37,D
sz000400,许继电气,2025-09-22 13:25:42,23.35,23200,23.35,D
sz000400,许继电气,2025-09-22 13:25:45,23.34,11500,23.35,D
sz000400,许继电气,2025-09-22 13:25:48,23.34,9100,23.34,E
sz000400,许继电气,2025-09-22 13:25:51,23.33,10500,23.34,D
sz000400,许继电气,2025-09-22 13:25:54,23.34,15200,23.33,U
sz000400,许继电气,2025-09-22 13:25:57,23.33,10400,23.34,D
sz000400,许继电气,2025-09-22 13:26:03,23.32,9700,23.32,D
sz000400,许继电气,2025-09-22 13:26:06,23.32,12700,23.32,D
sz000400,许继电气,2025-09-22 13:26:15,23.32,70500,23.33,E
sz000400,许继电气,2025-09-22 13:26:33,23.32,12500,23.33,D
sz000400,许继电气,2025-09-22 13:26:45,23.33,91800,23.33,U
sz000400,许继电气,2025-09-22 13:26:57,23.34,14400,23.33,D
sz000400,许继电气,2025-09-22 13:27:42,23.33,37800,23.32,U
sz000400,许继电气,2025-09-22 13:27:45,23.32,16300,23.33,D
sz000400,许继电气,2025-09-22 13:28:33,23.34,42600,23.34,U
sz000400,许继电气,2025-09-22 13:29:03,23.36,37000,23.35,U
sz000400,许继电气,2025-09-22 13:29:06,23.38,18000,23.36,U
sz000400,许继电气,2025-09-22 13:29:57,23.39,53500,23.39,U
sz000400,许继电气,2025-09-22 13:30:21,23.42,11600,23.42,D
sz000400,许继电气,2025-09-22 13:30:27,23.41,13200,23.42,D
sz000400,许继电气,2025-09-22 13:30:45,23.4,17700,23.41,D
sz000400,许继电气,2025-09-22 13:30:57,23.42,19300,23.43,E
sz000400,许继电气,2025-09-22 13:31:24,23.4,11500,23.41,D
sz000400,许继电气,2025-09-22 13:31:27,23.4,9600,23.4,D
sz000400,许继电气,2025-09-22 13:31:36,23.42,12700,23.41,U
sz000400,许继电气,2025-09-22 13:31:42,23.44,13300,23.42,U
sz000400,许继电气,2025-09-22 13:32:00,23.43,9300,23.44,D
sz000400,许继电气,2025-09-22 13:32:06,23.44,15700,23.44,D
sz000400,许继电气,2025-09-22 13:32:33,23.43,13700,23.43,D
sz000400,许继电气,2025-09-22 13:33:00,23.41,10600,23.41,D
sz000400,许继电气,2025-09-22 13:33:03,23.39,14800,23.41,D
sz000400,许继电气,2025-09-22 13:33:06,23.4,11400,23.39,U
sz000400,许继电气,2025-09-22 13:33:18,23.4,18100,23.41,E
sz000400,许继电气,2025-09-22 13:33:57,23.39,9600,23.4,D
sz000400,许继电气,2025-09-22 13:34:18,23.39,11400,23.39,D
sz000400,许继电气,2025-09-22 13:34:21,23.38,13800,23.39,D
sz000400,许继电气,2025-09-22 13:34:27,23.35,50500,23.37,D
sz000400,许继电气,2025-09-22 13:34:33,23.36,13500,23.37,D
sz000400,许继电气,2025-09-22 13:34:48,23.38,57200,23.35,U
sz000400,许继电气,2025-09-22 13:35:24,23.35,40200,23.38,D
sz000400,许继电气,2025-09-22 13:35:45,23.38,9100,23.37,U
sz000400,许继电气,2025-09-22 13:35:54,23.35,31700,23.37,D
sz000400,许继电气,2025-09-22 13:36:24,23.38,34500,23.38,U
sz000400,许继电气,2025-09-22 13:36:51,23.37,10000,23.37,E
sz000400,许继电气,2025-09-22 13:37:03,23.37,9400,23.35,U
sz000400,许继电气,2025-09-22 13:37:09,23.35,15200,23.35,D
sz000400,许继电气,2025-09-22 13:37:27,23.35,9500,23.35,U
sz000400,许继电气,2025-09-22 13:38:48,23.33,22500,23.34,D
sz000400,许继电气,2025-09-22 13:39:06,23.33,12200,23.32,U
sz000400,许继电气,2025-09-22 13:39:09,23.34,34600,23.33,U
sz000400,许继电气,2025-09-22 13:39:24,23.35,18100,23.34,U
sz000400,许继电气,2025-09-22 13:39:33,23.35,13800,23.35,U
sz000400,许继电气,2025-09-22 13:39:36,23.37,9200,23.35,U
sz000400,许继电气,2025-09-22 13:39:45,23.35,10200,23.37,D
sz000400,许继电气,2025-09-22 13:40:54,23.35,9500,23.34,U
sz000400,许继电气,2025-09-22 13:41:24,23.34,15900,23.34,U
sz000400,许继电气,2025-09-22 13:42:09,23.33,26300,23.33,D
sz000400,许继电气,2025-09-22 13:42:54,23.32,11700,23.32,D
sz000400,许继电气,2025-09-22 13:43:27,23.32,12400,23.32,U
sz000400,许继电气,2025-09-22 13:43:39,23.31,14000,23.32,D
sz000400,许继电气,2025-09-22 13:43:42,23.32,9500,23.31,U
sz000400,许继电气,2025-09-22 13:44:09,23.31,26300,23.31,D
sz000400,许继电气,2025-09-22 13:44:45,23.31,9700,23.31,U
sz000400,许继电气,2025-09-22 13:45:39,23.3,30700,23.3,D
sz000400,许继电气,2025-09-22 13:46:18,23.31,20700,23.31,U
sz000400,许继电气,2025-09-22 13:46:24,23.33,13600,23.31,U
sz000400,许继电气,2025-09-22 13:46:33,23.33,18600,23.33,U
sz000400,许继电气,2025-09-22 13:47:00,23.34,10900,23.34,D
sz000400,许继电气,2025-09-22 13:47:09,23.32,15700,23.34,D
sz000400,许继电气,2025-09-22 13:48:21,23.31,13200,23.32,D
sz000400,许继电气,2025-09-22 13:51:51,23.32,29500,23.35,D
sz000400,许继电气,2025-09-22 13:53:12,23.31,35800,23.33,D
sz000400,许继电气,2025-09-22 13:53:24,23.31,54800,23.31,D
sz000400,许继电气,2025-09-22 13:54:06,23.33,89900,23.3,U
sz000400,许继电气,2025-09-22 13:54:18,23.32,15700,23.31,E
sz000400,许继电气,2025-09-22 13:55:03,23.34,14600,23.35,D
sz000400,许继电气,2025-09-22 13:55:21,23.35,10200,23.35,D
sz000400,许继电气,2025-09-22 13:59:18,23.33,10300,23.35,D
sz000400,许继电气,2025-09-22 14:00:27,23.34,14800,23.34,D
sz000400,许继电气,2025-09-22 14:01:03,23.32,19700,23.32,D
sz000400,许继电气,2025-09-22 14:01:06,23.3,38700,23.32,D
sz000400,许继电气,2025-09-22 14:01:18,23.3,19800,23.31,D
sz000400,许继电气,2025-09-22 14:01:48,23.31,10900,23.31,U
sz000400,许继电气,2025-09-22 14:02:03,23.3,10600,23.3,D
sz000400,许继电气,2025-09-22 14:02:06,23.3,19700,23.3,D
sz000400,许继电气,2025-09-22 14:02:09,23.3,29800,23.3,D
sz000400,许继电气,2025-09-22 14:02:15,23.31,16100,23.31,U
sz000400,许继电气,2025-09-22 14:03:06,23.31,48100,23.3,U
sz000400,许继电气,2025-09-22 14:03:45,23.32,10800,23.31,U
sz000400,许继电气,2025-09-22 14:04:24,23.31,10400,23.3,U
sz000400,许继电气,2025-09-22 14:05:03,23.3,90200,23.3,D
sz000400,许继电气,2025-09-22 14:05:06,23.29,16200,23.3,D
sz000400,许继电气,2025-09-22 14:05:27,23.3,10800,23.29,U
sz000400,许继电气,2025-09-22 14:05:30,23.29,28000,23.3,D
sz000400,许继电气,2025-09-22 14:05:33,23.29,23100,23.29,D
sz000400,许继电气,2025-09-22 14:05:54,23.29,11600,23.28,U
sz000400,许继电气,2025-09-22 14:06:12,23.28,13300,23.28,D
sz000400,许继电气,2025-09-22 14:06:45,23.28,31100,23.29,D
sz000400,许继电气,2025-09-22 14:07:09,23.28,16400,23.28,D
sz000400,许继电气,2025-09-22 14:07:12,23.27,27600,23.28,D
sz000400,许继电气,2025-09-22 14:07:33,23.28,12000,23.27,U
sz000400,许继电气,2025-09-22 14:08:06,23.29,43000,23.27,U
sz000400,许继电气,2025-09-22 14:08:09,23.3,22500,23.29,U
sz000400,许继电气,2025-09-22 14:08:18,23.29,44600,23.3,D
sz000400,许继电气,2025-09-22 14:10:03,23.31,10500,23.32,D
sz000400,许继电气,2025-09-22 14:10:15,23.33,30400,23.32,U
sz000400,许继电气,2025-09-22 14:10:39,23.33,14000,23.33,U
sz000400,许继电气,2025-09-22 14:11:24,23.31,14500,23.32,D
sz000400,许继电气,2025-09-22 14:11:33,23.3,12500,23.31,D
sz000400,许继电气,2025-09-22 14:11:42,23.31,10600,23.31,U
sz000400,许继电气,2025-09-22 14:11:54,23.3,17300,23.3,D
sz000400,许继电气,2025-09-22 14:12:27,23.32,9100,23.3,U
sz000400,许继电气,2025-09-22 14:12:51,23.31,26000,23.32,D
sz000400,许继电气,2025-09-22 14:13:30,23.31,27800,23.31,D
sz000400,许继电气,2025-09-22 14:14:03,23.31,11100,23.31,U
sz000400,许继电气,2025-09-22 14:15:03,23.34,9100,23.32,U
sz000400,许继电气,2025-09-22 14:15:18,23.32,11500,23.32,D
sz000400,许继电气,2025-09-22 14:15:21,23.3,18400,23.32,D
sz000400,许继电气,2025-09-22 14:15:33,23.31,11400,23.3,U
sz000400,许继电气,2025-09-22 14:16:15,23.32,26200,23.31,U
sz000400,许继电气,2025-09-22 14:16:21,23.34,8600,23.32,U
sz000400,许继电气,2025-09-22 14:16:51,23.33,9000,23.33,U
sz000400,许继电气,2025-09-22 14:17:21,23.33,9900,23.32,U
sz000400,许继电气,2025-09-22 14:17:27,23.32,8800,23.33,D
sz000400,许继电气,2025-09-22 14:17:30,23.32,11700,23.32,D
sz000400,许继电气,2025-09-22 14:18:09,23.32,28700,23.32,U
sz000400,许继电气,2025-09-22 14:18:24,23.31,34000,23.32,D
sz000400,许继电气,2025-09-22 14:18:42,23.31,20400,23.3,U
sz000400,许继电气,2025-09-22 14:20:18,23.35,25300,23.34,U
sz000400,许继电气,2025-09-22 14:20:33,23.34,14700,23.35,D
sz000400,许继电气,2025-09-22 14:21:09,23.35,14600,23.36,D
sz000400,许继电气,2025-09-22 14:22:06,23.36,9000,23.36,U
sz000400,许继电气,2025-09-22 14:22:33,23.36,22400,23.36,D
sz000400,许继电气,2025-09-22 14:22:57,23.36,23200,23.36,U
sz000400,许继电气,2025-09-22 14:23:54,23.37,9600,23.37,U
sz000400,许继电气,2025-09-22 14:24:00,23.37,8700,23.37,U
sz000400,许继电气,2025-09-22 14:24:03,23.36,37200,23.37,D
sz000400,许继电气,2025-09-22 14:24:18,23.37,20200,23.36,U
sz000400,许继电气,2025-09-22 14:24:48,23.36,19500,23.35,U
sz000400,许继电气,2025-09-22 14:24:54,23.36,15000,23.36,D
sz000400,许继电气,2025-09-22 14:25:06,23.37,17900,23.37,U
sz000400,许继电气,2025-09-22 14:25:15,23.4,71200,23.37,U
sz000400,许继电气,2025-09-22 14:25:48,23.42,25100,23.43,E
sz000400,许继电气,2025-09-22 14:26:00,23.42,36500,23.42,U
sz000400,许继电气,2025-09-22 14:26:57,23.43,9200,23.42,U
sz000400,许继电气,2025-09-22 14:27:54,23.44,12000,23.43,U
sz000400,许继电气,2025-09-22 14:28:36,23.44,11200,23.44,D
sz000400,许继电气,2025-09-22 14:28:51,23.44,35200,23.44,D
sz000400,许继电气,2025-09-22 14:28:54,23.45,10600,23.44,U
sz000400,许继电气,2025-09-22 14:29:03,23.43,13200,23.43,D
sz000400,许继电气,2025-09-22 14:29:12,23.45,19500,23.43,U
sz000400,许继电气,2025-09-22 14:30:06,23.44,27400,23.43,U
sz000400,许继电气,2025-09-22 14:30:33,23.45,22100,23.45,U
sz000400,许继电气,2025-09-22 14:30:36,23.45,23300,23.45,U
sz000400,许继电气,2025-09-22 14:30:57,23.46,9800,23.45,U
sz000400,许继电气,2025-09-22 14:31:03,23.47,59600,23.45,U
sz000400,许继电气,2025-09-22 14:31:54,23.49,11800,23.49,D
sz000400,许继电气,2025-09-22 14:31:57,23.5,11400,23.49,U
sz000400,许继电气,2025-09-22 14:32:03,23.5,34100,23.49,U
sz000400,许继电气,2025-09-22 14:32:12,23.52,23500,23.51,U
sz000400,许继电气,2025-09-22 14:32:24,23.52,15200,23.51,U
sz000400,许继电气,2025-09-22 14:32:30,23.52,9900,23.5,U
sz000400,许继电气,2025-09-22 14:32:39,23.49,37800,23.51,D
sz000400,许继电气,2025-09-22 14:32:42,23.51,9900,23.49,U
sz000400,许继电气,2025-09-22 14:32:48,23.51,275700,23.51,D
sz000400,许继电气,2025-09-22 14:32:51,23.51,21700,23.51,U
sz000400,许继电气,2025-09-22 14:33:00,23.5,9800,23.5,U
sz000400,许继电气,2025-09-22 14:33:09,23.5,12400,23.5,D
sz000400,许继电气,2025-09-22 14:33:30,23.5,10400,23.49,U
sz000400,许继电气,2025-09-22 14:33:51,23.49,35700,23.48,U
sz000400,许继电气,2025-09-22 14:34:30,23.5,10200,23.5,U
sz000400,许继电气,2025-09-22 14:34:33,23.5,10700,23.5,U
sz000400,许继电气,2025-09-22 14:34:48,23.5,10900,23.5,D
sz000400,许继电气,2025-09-22 14:35:30,23.51,10800,23.52,D
sz000400,许继电气,2025-09-22 14:35:48,23.5,22100,23.5,D
sz000400,许继电气,2025-09-22 14:37:15,23.48,13500,23.5,D
sz000400,许继电气,2025-09-22 14:37:42,23.48,22200,23.49,D
sz000400,许继电气,2025-09-22 14:37:45,23.5,46100,23.48,U
sz000400,许继电气,2025-09-22 14:37:48,23.49,40200,23.5,D
sz000400,许继电气,2025-09-22 14:37:54,23.5,11300,23.49,D
sz000400,许继电气,2025-09-22 14:38:03,23.52,18700,23.5,U
sz000400,许继电气,2025-09-22 14:38:27,23.5,10000,23.51,D
sz000400,许继电气,2025-09-22 14:38:33,23.49,16800,23.51,D
sz000400,许继电气,2025-09-22 14:39:18,23.48,38200,23.49,D
sz000400,许继电气,2025-09-22 14:40:03,23.48,12200,23.47,U
sz000400,许继电气,2025-09-22 14:40:09,23.49,9300,23.48,U
sz000400,许继电气,2025-09-22 14:40:30,23.49,9200,23.49,U
sz000400,许继电气,2025-09-22 14:41:03,23.49,8900,23.49,E
sz000400,许继电气,2025-09-22 14:41:30,23.49,12300,23.49,D
sz000400,许继电气,2025-09-22 14:42:15,23.47,37500,23.48,D
sz000400,许继电气,2025-09-22 14:42:51,23.45,9300,23.45,D
sz000400,许继电气,2025-09-22 14:42:54,23.45,14200,23.45,D
sz000400,许继电气,2025-09-22 14:42:57,23.45,10000,23.45,U
sz000400,许继电气,2025-09-22 14:43:00,23.45,24400,23.45,D
sz000400,许继电气,2025-09-22 14:43:03,23.46,17300,23.45,E
sz000400,许继电气,2025-09-22 14:43:09,23.5,41400,23.49,U
sz000400,许继电气,2025-09-22 14:43:12,23.45,27000,23.5,D
sz000400,许继电气,2025-09-22 14:43:48,23.47,11700,23.46,D
sz000400,许继电气,2025-09-22 14:43:51,23.49,30600,23.47,U
sz000400,许继电气,2025-09-22 14:44:03,23.49,31000,23.48,U
sz000400,许继电气,2025-09-22 14:44:09,23.48,9600,23.48,D
sz000400,许继电气,2025-09-22 14:44:18,23.48,14300,23.49,D
sz000400,许继电气,2025-09-22 14:44:30,23.48,13500,23.49,D
sz000400,许继电气,2025-09-22 14:44:33,23.49,13000,23.48,U
sz000400,许继电气,2025-09-22 14:44:45,23.49,10000,23.49,U
sz000400,许继电气,2025-09-22 14:45:06,23.47,11900,23.48,D
sz000400,许继电气,2025-09-22 14:45:27,23.48,15900,23.47,U
sz000400,许继电气,2025-09-22 14:45:33,23.47,16000,23.47,D
sz000400,许继电气,2025-09-22 14:45:54,23.47,19700,23.48,D
sz000400,许继电气,2025-09-22 14:46:03,23.48,13000,23.47,U
sz000400,许继电气,2025-09-22 14:46:48,23.48,11400,23.49,D
sz000400,许继电气,2025-09-22 14:47:06,23.49,9400,23.49,U
sz000400,许继电气,2025-09-22 14:47:30,23.48,15400,23.49,D
sz000400,许继电气,2025-09-22 14:47:33,23.48,30000,23.48,D
sz000400,许继电气,2025-09-22 14:47:54,23.48,20100,23.49,D
sz000400,许继电气,2025-09-22 14:48:03,23.49,8600,23.48,U
sz000400,许继电气,2025-09-22 14:48:06,23.49,17300,23.49,U
sz000400,许继电气,2025-09-22 14:48:15,23.48,29100,23.5,D
sz000400,许继电气,2025-09-22 14:48:42,23.5,9900,23.5,U
sz000400,许继电气,2025-09-22 14:49:03,23.5,24300,23.49,U
sz000400,许继电气,2025-09-22 14:49:15,23.49,26900,23.49,D
sz000400,许继电气,2025-09-22 14:50:03,23.49,11700,23.48,U
sz000400,许继电气,2025-09-22 14:50:27,23.48,18000,23.49,D
sz000400,许继电气,2025-09-22 14:50:30,23.49,26900,23.48,U
sz000400,许继电气,2025-09-22 14:50:45,23.49,9200,23.48,U
sz000400,许继电气,2025-09-22 14:51:03,23.49,26500,23.49,U
sz000400,许继电气,2025-09-22 14:51:06,23.49,32100,23.49,U
sz000400,许继电气,2025-09-22 14:51:09,23.48,8800,23.49,D
sz000400,许继电气,2025-09-22 14:51:33,23.49,11200,23.49,U
sz000400,许继电气,2025-09-22 14:51:39,23.49,13400,23.49,D
sz000400,许继电气,2025-09-22 14:51:54,23.5,24500,23.49,U
sz000400,许继电气,2025-09-22 14:52:00,23.5,14700,23.49,U
sz000400,许继电气,2025-09-22 14:52:03,23.51,222900,23.5,U
sz000400,许继电气,2025-09-22 14:52:06,23.51,17500,23.51,U
sz000400,许继电气,2025-09-22 14:52:09,23.5,25500,23.51,D
sz000400,许继电气,2025-09-22 14:52:18,23.5,12700,23.51,D
sz000400,许继电气,2025-09-22 14:52:27,23.5,13500,23.51,D
sz000400,许继电气,2025-09-22 14:52:30,23.51,9400,23.5,U
sz000400,许继电气,2025-09-22 14:52:42,23.51,18600,23.51,U
sz000400,许继电气,2025-09-22 14:52:45,23.53,50500,23.51,U
sz000400,许继电气,2025-09-22 14:53:00,23.51,11400,23.52,D
sz000400,许继电气,2025-09-22 14:53:09,23.53,10100,23.51,U
sz000400,许继电气,2025-09-22 14:53:21,23.53,18000,23.52,U
sz000400,许继电气,2025-09-22 14:53:30,23.52,22800,23.53,D
sz000400,许继电气,2025-09-22 14:53:51,23.53,11000,23.52,U
sz000400,许继电气,2025-09-22 14:54:18,23.53,10800,23.54,D
sz000400,许继电气,2025-09-22 14:54:24,23.53,17900,23.53,D
sz000400,许继电气,2025-09-22 14:54:33,23.53,15100,23.53,D
sz000400,许继电气,2025-09-22 14:54:39,23.54,18500,23.53,U
sz000400,许继电气,2025-09-22 14:54:42,23.54,11400,23.54,D
sz000400,许继电气,2025-09-22 14:54:57,23.54,13600,23.55,D
sz000400,许继电气,2025-09-22 14:55:09,23.55,19300,23.55,U
sz000400,许继电气,2025-09-22 14:55:24,23.56,13600,23.55,U
sz000400,许继电气,2025-09-22 14:55:27,23.55,24400,23.56,D
sz000400,许继电气,2025-09-22 14:55:33,23.56,8500,23.56,U
sz000400,许继电气,2025-09-22 14:55:39,23.55,19900,23.56,D
sz000400,许继电气,2025-09-22 14:55:42,23.57,14300,23.55,U
sz000400,许继电气,2025-09-22 14:55:45,23.57,13800,23.57,U
sz000400,许继电气,2025-09-22 14:55:48,23.57,13100,23.57,U
sz000400,许继电气,2025-09-22 14:55:51,23.55,19200,23.57,D
sz000400,许继电气,2025-09-22 14:55:54,23.56,12900,23.55,E
sz000400,许继电气,2025-09-22 14:55:57,23.56,16200,23.56,D
sz000400,许继电气,2025-09-22 14:56:21,23.57,8500,23.56,U
sz000400,许继电气,2025-09-22 14:56:24,23.56,11100,23.57,D
sz000400,许继电气,2025-09-22 14:56:30,23.56,11600,23.57,D
sz000400,许继电气,2025-09-22 14:56:39,23.57,11400,23.56,U
sz000400,许继电气,2025-09-22 14:56:42,23.56,8700,23.57,D
sz000400,许继电气,2025-09-22 14:56:48,23.57,21400,23.56,U
sz000400,许继电气,2025-09-22 14:56:51,23.57,25600,23.57,U
sz000400,许继电气,2025-09-22 15:00:00,23.58,288700,23.57,E
