symbol,name,ticktime,price,volume,prev_price,kind
sz000400,许继电气,2025-10-16 09:25:00,27.77,1811100,0.0,D
sz000400,许继电气,2025-10-16 09:30:00,27.81,708442,27.77,U
sz000400,许继电气,2025-10-16 09:30:03,27.83,2035700,27.81,E
sz000400,许继电气,2025-10-16 09:30:06,27.9,683300,27.83,U
sz000400,许继电气,2025-10-16 09:30:09,27.8,632461,27.9,D
sz000400,许继电气,2025-10-16 09:30:12,27.7,128997,27.8,D
sz000400,许继电气,2025-10-16 09:30:15,27.67,401000,27.7,D
sz000400,许继电气,2025-10-16 09:30:18,27.66,279700,27.67,D
sz000400,许继电气,2025-10-16 09:30:21,27.65,127000,27.66,D
sz000400,许继电气,2025-10-16 09:30:24,27.6,187900,27.65,D
sz000400,许继电气,2025-10-16 09:30:27,27.6,140600,27.6,D
sz000400,许继电气,2025-10-16 09:30:30,27.54,148700,27.6,D
sz000400,许继电气,2025-10-16 09:30:33,27.55,90000,27.54,U
sz000400,许继电气,2025-10-16 09:30:36,27.44,245700,27.55,D
sz000400,许继电气,2025-10-16 09:30:39,27.32,138500,27.44,D
sz000400,许继电气,2025-10-16 09:30:42,27.21,40300,27.32,D
sz000400,许继电气,2025-10-16 09:30:45,27.14,91700,27.21,D
sz000400,许继电气,2025-10-16 09:30:48,27.06,40900,27.14,D
sz000400,许继电气,2025-10-16 09:30:51,27.09,34100,27.06,U
sz000400,许继电气,2025-10-16 09:30:54,27.11,43200,27.09,U
sz000400,许继电气,2025-10-16 09:30:57,27.21,39800,27.11,U
sz000400,许继电气,2025-10-16 09:31:00,27.23,29100,27.21,U
sz000400,许继电气,2025-10-16 09:31:03,27.23,67200,27.23,D
sz000400,许继电气,2025-10-16 09:31:06,27.15,137200,27.23,D
sz000400,许继电气,2025-10-16 09:31:09,27.12,185000,27.15,D
sz000400,许继电气,2025-10-16 09:31:12,27.06,65700,27.12,D
sz000400,许继电气,2025-10-16 09:31:15,27.07,134000,27.06,U
sz000400,许继电气,2025-10-16 09:31:18,27.08,46800,27.07,U
sz000400,许继电气,2025-10-16 09:31:21,27.1,105500,27.08,U
sz000400,许继电气,2025-10-16 09:31:24,27.1,67600,27.1,U
sz000400,许继电气,2025-10-16 09:31:30,27.2,13000,27.15,U
sz000400,许继电气,2025-10-16 09:31:36,27.24,70500,27.23,U
sz000400,许继电气,2025-10-16 09:31:39,27.27,22300,27.24,E
sz000400,许继电气,2025-10-16 09:31:42,27.3,18000,27.27,U
sz000400,许继电气,2025-10-16 09:31:45,27.33,10000,27.3,U
sz000400,许继电气,2025-10-16 09:31:48,27.41,18500,27.33,U
sz000400,许继电气,2025-10-16 09:31:51,27.45,19900,27.41,U
sz000400,许继电气,2025-10-16 09:31:54,27.34,201400,27.45,D
sz000400,许继电气,2025-10-16 09:31:57,27.33,58900,27.34,D
sz000400,许继电气,2025-10-16 09:32:00,27.37,95200,27.33,U
sz000400,许继电气,2025-10-16 09:32:03,27.38,27300,27.37,U
sz000400,许继电气,2025-10-16 09:32:06,27.39,39600,27.38,U
sz000400,许继电气,2025-10-16 09:32:09,27.41,91800,27.39,U
sz000400,许继电气,2025-10-16 09:32:12,27.38,215400,27.41,D
sz000400,许继电气,2025-10-16 09:32:15,27.41,70600,27.38,U
sz000400,许继电气,2025-10-16 09:32:18,27.38,134200,27.41,D
sz000400,许继电气,2025-10-16 09:32:21,27.38,87600,27.38,U
sz000400,许继电气,2025-10-16 09:32:24,27.4,32900,27.38,U
sz000400,许继电气,2025-10-16 09:32:27,27.35,137500,27.4,D
sz000400,许继电气,2025-10-16 09:32:30,27.34,85300,27.35,D
sz000400,许继电气,2025-10-16 09:32:33,27.33,61800,27.34,E
sz000400,许继电气,2025-10-16 09:32:36,27.3,24500,27.33,D
sz000400,许继电气,2025-10-16 09:32:39,27.28,49400,27.3,D
sz000400,许继电气,2025-10-16 09:32:42,27.3,17000,27.28,E
sz000400,许继电气,2025-10-16 09:32:45,27.29,48500,27.3,D
sz000400,许继电气,2025-10-16 09:32:48,27.29,50600,27.29,U
sz000400,许继电气,2025-10-16 09:32:51,27.28,34600,27.29,D
sz000400,许继电气,2025-10-16 09:32:54,27.29,14200,27.28,U
sz000400,许继电气,2025-10-16 09:32:57,27.29,33300,27.29,D
sz000400,许继电气,2025-10-16 09:33:00,27.28,16200,27.29,D
sz000400,许继电气,2025-10-16 09:33:03,27.27,26000,27.28,D
sz000400,许继电气,2025-10-16 09:33:06,27.26,62700,27.27,D
sz000400,许继电气,2025-10-16 09:33:09,27.29,27000,27.26,U
sz000400,许继电气,2025-10-16 09:33:12,27.26,78600,27.29,D
sz000400,许继电气,2025-10-16 09:33:15,27.27,29900,27.26,U
sz000400,许继电气,2025-10-16 09:33:18,27.26,40300,27.27,D
sz000400,许继电气,2025-10-16 09:33:21,27.28,30800,27.26,D
sz000400,许继电气,2025-10-16 09:33:24,27.28,66800,27.28,U
sz000400,许继电气,2025-10-16 09:33:27,27.27,32400,27.28,D
sz000400,许继电气,2025-10-16 09:33:30,27.29,35400,27.27,U
sz000400,许继电气,2025-10-16 09:33:33,27.28,18100,27.29,D
sz000400,许继电气,2025-10-16 09:33:36,27.27,73100,27.28,D
sz000400,许继电气,2025-10-16 09:33:39,27.28,33200,27.27,U
sz000400,许继电气,2025-10-16 09:33:42,27.28,40600,27.28,D
sz000400,许继电气,2025-10-16 09:33:45,27.26,22600,27.28,D
sz000400,许继电气,2025-10-16 09:33:48,27.27,21000,27.26,U
sz000400,许继电气,2025-10-16 09:33:51,27.27,10400,27.27,U
sz000400,许继电气,2025-10-16 09:33:54,27.25,16300,27.27,D
sz000400,许继电气,2025-10-16 09:33:57,27.24,69900,27.25,D
sz000400,许继电气,2025-10-16 09:34:00,27.22,85600,27.24,D
sz000400,许继电气,2025-10-16 09:34:03,27.04,298900,27.22,D
sz000400,许继电气,2025-10-16 09:34:06,27.02,70700,27.04,D
sz000400,许继电气,2025-10-16 09:34:09,27.02,34600,27.02,D
sz000400,许继电气,2025-10-16 09:34:12,27.04,36400,27.02,U
sz000400,许继电气,2025-10-16 09:34:15,27.05,60800,27.04,U
sz000400,许继电气,2025-10-16 09:34:18,27.14,32600,27.05,U
sz000400,许继电气,2025-10-16 09:34:21,27.05,36900,27.14,D
sz000400,许继电气,2025-10-16 09:34:24,27.1,9700,27.05,E
sz000400,许继电气,2025-10-16 09:34:27,27.06,10700,27.1,D
sz000400,许继电气,2025-10-16 09:34:30,27.12,34000,27.06,E
sz000400,许继电气,2025-10-16 09:34:33,27.12,27500,27.12,D
sz000400,许继电气,2025-10-16 09:34:36,27.06,91500,27.12,D
sz000400,许继电气,2025-10-16 09:34:39,27.08,15900,27.06,D
sz000400,许继电气,2025-10-16 09:34:42,27.12,23100,27.08,U
sz000400,许继电气,2025-10-16 09:34:45,27.08,33300,27.12,D
sz000400,许继电气,2025-10-16 09:34:48,27.09,27000,27.08,D
sz000400,许继电气,2025-10-16 09:34:51,27.08,9900,27.09,D
sz000400,许继电气,2025-10-16 09:34:54,27.12,7400,27.08,U
sz000400,许继电气,2025-10-16 09:34:57,27.09,25200,27.12,D
sz000400,许继电气,2025-10-16 09:35:00,27.06,120400,27.09,D
sz000400,许继电气,2025-10-16 09:35:03,27.05,71500,27.06,D
sz000400,许继电气,2025-10-16 09:35:06,27.05,32700,27.05,D
sz000400,许继电气,2025-10-16 09:35:09,27.05,23100,27.05,D
sz000400,许继电气,2025-10-16 09:35:12,27.05,17400,27.05,U
sz000400,许继电气,2025-10-16 09:35:15,27.04,18600,27.05,D
sz000400,许继电气,2025-10-16 09:35:18,27.07,60800,27.04,U
sz000400,许继电气,2025-10-16 09:35:21,27.06,31800,27.07,D
sz000400,许继电气,2025-10-16 09:35:24,27.06,30400,27.06,D
sz000400,许继电气,2025-10-16 09:35:27,27.07,14900,27.06,U
sz000400,许继电气,2025-10-16 09:35:30,27.08,20600,27.07,U
sz000400,许继电气,2025-10-16 09:35:33,27.07,60900,27.08,E
sz000400,许继电气,2025-10-16 09:35:36,27.07,26700,27.07,D
sz000400,许继电气,2025-10-16 09:35:39,27.07,25600,27.07,D
sz000400,许继电气,2025-10-16 09:35:42,27.06,23700,27.07,D
sz000400,许继电气,2025-10-16 09:35:45,27.03,181900,27.06,D
sz000400,许继电气,2025-10-16 09:35:48,27.02,17300,27.03,D
sz000400,许继电气,2025-10-16 09:35:51,27.01,42800,27.02,D
sz000400,许继电气,2025-10-16 09:35:54,27.01,48000,27.01,D
sz000400,许继电气,2025-10-16 09:35:57,27.02,23800,27.01,E
sz000400,许继电气,2025-10-16 09:36:00,27.02,22200,27.02,D
sz000400,许继电气,2025-10-16 09:36:03,27.03,12800,27.02,U
sz000400,许继电气,2025-10-16 09:36:06,27.03,13800,27.03,D
sz000400,许继电气,2025-10-16 09:36:09,27.04,24200,27.03,U
sz000400,许继电气,2025-10-16 09:36:15,27.06,23100,27.06,U
sz000400,许继电气,2025-10-16 09:36:18,27.06,15000,27.06,D
sz000400,许继电气,2025-10-16 09:36:21,27.07,12400,27.06,U
sz000400,许继电气,2025-10-16 09:36:24,27.1,8400,27.07,U
sz000400,许继电气,2025-10-16 09:36:30,27.11,18400,27.1,U
sz000400,许继电气,2025-10-16 09:36:39,27.11,55700,27.12,D
sz000400,许继电气,2025-10-16 09:36:42,27.12,30200,27.11,E
sz000400,许继电气,2025-10-16 09:36:45,27.12,22500,27.12,U
sz000400,许继电气,2025-10-16 09:36:48,27.12,32100,27.12,U
sz000400,许继电气,2025-10-16 09:36:57,27.16,11600,27.17,E
sz000400,许继电气,2025-10-16 09:37:00,27.13,86400,27.16,D
sz000400,许继电气,2025-10-16 09:37:03,27.07,134700,27.13,D
sz000400,许继电气,2025-10-16 09:37:06,27.1,24400,27.07,U
sz000400,许继电气,2025-10-16 09:37:15,27.07,17100,27.1,D
sz000400,许继电气,2025-10-16 09:37:18,27.07,21500,27.07,U
sz000400,许继电气,2025-10-16 09:37:21,27.07,21000,27.07,U
sz000400,许继电气,2025-10-16 09:37:24,27.07,23500,27.07,U
sz000400,许继电气,2025-10-16 09:37:27,27.06,39000,27.07,D
sz000400,许继电气,2025-10-16 09:37:30,27.06,32000,27.06,U
sz000400,许继电气,2025-10-16 09:37:33,27.06,32200,27.06,U
sz000400,许继电气,2025-10-16 09:37:36,27.06,38400,27.06,U
sz000400,许继电气,2025-10-16 09:37:39,27.06,61400,27.06,U
sz000400,许继电气,2025-10-16 09:37:42,27.06,22800,27.06,U
sz000400,许继电气,2025-10-16 09:37:45,27.06,42100,27.06,U
sz000400,许继电气,2025-10-16 09:37:48,27.07,15000,27.06,U
sz000400,许继电气,2025-10-16 09:37:51,27.08,24400,27.07,U
sz000400,许继电气,2025-10-16 09:37:54,27.08,12000,27.08,U
sz000400,许继电气,2025-10-16 09:38:00,27.1,12300,27.1,D
sz000400,许继电气,2025-10-16 09:38:03,27.1,35700,27.1,U
sz000400,许继电气,2025-10-16 09:38:06,27.1,32500,27.1,U
sz000400,许继电气,2025-10-16 09:38:09,27.09,9800,27.1,D
sz000400,许继电气,2025-10-16 09:38:18,27.13,15200,27.11,U
sz000400,许继电气,2025-10-16 09:38:24,27.15,31100,27.15,U
sz000400,许继电气,2025-10-16 09:38:27,27.13,24500,27.15,D
sz000400,许继电气,2025-10-16 09:38:30,27.12,7700,27.13,D
sz000400,许继电气,2025-10-16 09:38:33,27.12,7800,27.12,U
sz000400,许继电气,2025-10-16 09:38:36,27.12,14800,27.12,D
sz000400,许继电气,2025-10-16 09:38:39,27.13,12300,27.12,U
sz000400,许继电气,2025-10-16 09:38:42,27.15,23700,27.13,U
sz000400,许继电气,2025-10-16 09:38:48,27.17,9200,27.16,U
sz000400,许继电气,2025-10-16 09:38:54,27.16,27300,27.18,D
sz000400,许继电气,2025-10-16 09:38:57,27.18,12800,27.16,U
sz000400,许继电气,2025-10-16 09:39:00,27.15,67400,27.18,D
sz000400,许继电气,2025-10-16 09:39:03,27.09,158700,27.15,D
sz000400,许继电气,2025-10-16 09:39:06,27.1,47700,27.09,E
sz000400,许继电气,2025-10-16 09:39:09,27.1,31000,27.1,U
sz000400,许继电气,2025-10-16 09:39:12,27.1,16700,27.1,U
sz000400,许继电气,2025-10-16 09:39:15,27.09,54900,27.1,D
sz000400,许继电气,2025-10-16 09:39:18,27.09,13900,27.09,E
sz000400,许继电气,2025-10-16 09:39:21,27.08,37900,27.09,D
sz000400,许继电气,2025-10-16 09:39:24,27.09,9475,27.08,U
sz000400,许继电气,2025-10-16 09:39:30,27.11,8500,27.11,U
sz000400,许继电气,2025-10-16 09:39:33,27.11,9200,27.11,U
sz000400,许继电气,2025-10-16 09:39:36,27.11,16000,27.11,D
sz000400,许继电气,2025-10-16 09:39:48,27.12,17100,27.12,D
sz000400,许继电气,2025-10-16 09:39:51,27.12,12600,27.12,U
sz000400,许继电气,2025-10-16 09:39:57,27.14,10500,27.14,U
sz000400,许继电气,2025-10-16 09:40:03,27.15,30200,27.15,E
sz000400,许继电气,2025-10-16 09:40:09,27.16,9100,27.14,U
sz000400,许继电气,2025-10-16 09:40:15,27.15,24200,27.16,D
sz000400,许继电气,2025-10-16 09:40:18,27.15,19500,27.15,U
sz000400,许继电气,2025-10-16 09:40:21,27.14,16800,27.15,D
sz000400,许继电气,2025-10-16 09:40:24,27.14,10900,27.14,D
sz000400,许继电气,2025-10-16 09:40:27,27.13,38800,27.14,D
sz000400,许继电气,2025-10-16 09:40:30,27.15,51000,27.13,U
sz000400,许继电气,2025-10-16 09:40:33,27.13,17700,27.15,D
sz000400,许继电气,2025-10-16 09:40:39,27.13,24000,27.14,D
sz000400,许继电气,2025-10-16 09:40:42,27.13,14100,27.13,U
sz000400,许继电气,2025-10-16 09:40:45,27.13,25500,27.13,U
sz000400,许继电气,2025-10-16 09:40:48,27.12,88025,27.13,E
sz000400,许继电气,2025-10-16 09:40:51,27.1,12100,27.12,D
sz000400,许继电气,2025-10-16 09:41:00,27.11,36700,27.1,U
sz000400,许继电气,2025-10-16 09:41:06,27.09,10900,27.07,E
sz000400,许继电气,2025-10-16 09:41:18,27.1,16400,27.09,U
sz000400,许继电气,2025-10-16 09:41:21,27.11,19200,27.1,U
sz000400,许继电气,2025-10-16 09:41:24,27.12,21000,27.11,U
sz000400,许继电气,2025-10-16 09:41:27,27.12,7500,27.12,U
sz000400,许继电气,2025-10-16 09:41:30,27.11,8600,27.12,D
sz000400,许继电气,2025-10-16 09:41:36,27.11,7500,27.1,U
sz000400,许继电气,2025-10-16 09:41:39,27.11,12300,27.11,U
sz000400,许继电气,2025-10-16 09:41:42,27.11,9800,27.11,U
sz000400,许继电气,2025-10-16 09:41:48,27.1,95800,27.12,D
sz000400,许继电气,2025-10-16 09:41:51,27.11,7600,27.1,E
sz000400,许继电气,2025-10-16 09:41:57,27.08,75100,27.11,D
sz000400,许继电气,2025-10-16 09:42:00,27.1,7600,27.08,U
sz000400,许继电气,2025-10-16 09:42:03,27.06,75300,27.1,D
sz000400,许继电气,2025-10-16 09:42:06,27.06,9500,27.06,U
sz000400,许继电气,2025-10-16 09:42:09,27.06,11200,27.06,U
sz000400,许继电气,2025-10-16 09:42:12,27.07,11800,27.06,U
sz000400,许继电气,2025-10-16 09:42:15,27.06,16600,27.07,D
sz000400,许继电气,2025-10-16 09:42:18,27.07,8900,27.06,U
sz000400,许继电气,2025-10-16 09:42:24,27.09,8300,27.06,U
sz000400,许继电气,2025-10-16 09:42:27,27.06,9000,27.09,D
sz000400,许继电气,2025-10-16 09:42:33,27.06,9500,27.07,D
sz000400,许继电气,2025-10-16 09:42:39,27.06,33800,27.06,D
sz000400,许继电气,2025-10-16 09:42:42,27.07,25400,27.06,D
sz000400,许继电气,2025-10-16 09:42:54,27.07,13000,27.08,D
sz000400,许继电气,2025-10-16 09:42:57,27.08,8600,27.07,U
sz000400,许继电气,2025-10-16 09:43:00,27.07,20300,27.08,D
sz000400,许继电气,2025-10-16 09:43:03,27.07,60600,27.07,D
sz000400,许继电气,2025-10-16 09:43:06,27.07,89400,27.07,U
sz000400,许继电气,2025-10-16 09:43:09,27.06,11200,27.07,D
sz000400,许继电气,2025-10-16 09:43:18,27.07,15100,27.06,U
sz000400,许继电气,2025-10-16 09:43:21,27.07,13000,27.07,U
sz000400,许继电气,2025-10-16 09:43:24,27.06,13700,27.07,E
sz000400,许继电气,2025-10-16 09:43:36,27.1,15200,27.08,U
sz000400,许继电气,2025-10-16 09:43:57,27.16,14900,27.16,D
sz000400,许继电气,2025-10-16 09:44:06,27.17,17800,27.17,U
sz000400,许继电气,2025-10-16 09:44:12,27.16,24600,27.17,D
sz000400,许继电气,2025-10-16 09:44:30,27.19,9400,27.17,U
sz000400,许继电气,2025-10-16 09:44:33,27.11,23800,27.19,D
sz000400,许继电气,2025-10-16 09:44:36,27.15,14000,27.11,U
sz000400,许继电气,2025-10-16 09:44:39,27.2,65100,27.15,U
sz000400,许继电气,2025-10-16 09:44:48,27.15,90000,27.17,D
sz000400,许继电气,2025-10-16 09:44:54,27.12,55600,27.12,E
sz000400,许继电气,2025-10-16 09:45:03,27.15,79700,27.12,E
sz000400,许继电气,2025-10-16 09:45:06,27.09,32400,27.15,D
sz000400,许继电气,2025-10-16 09:45:09,27.08,8000,27.09,D
sz000400,许继电气,2025-10-16 09:45:12,27.08,21300,27.08,D
sz000400,许继电气,2025-10-16 09:45:15,27.08,10800,27.08,D
sz000400,许继电气,2025-10-16 09:45:18,27.08,15900,27.08,D
sz000400,许继电气,2025-10-16 09:45:21,27.15,51400,27.08,U
sz000400,许继电气,2025-10-16 09:45:27,27.08,11400,27.14,D
sz000400,许继电气,2025-10-16 09:45:30,27.09,10400,27.08,U
sz000400,许继电气,2025-10-16 09:45:36,27.05,166200,27.09,D
sz000400,许继电气,2025-10-16 09:45:39,27.05,19300,27.05,D
sz000400,许继电气,2025-10-16 09:45:54,27.07,9500,27.05,U
sz000400,许继电气,2025-10-16 09:45:57,27.07,9300,27.07,U
sz000400,许继电气,2025-10-16 09:46:00,27.11,13600,27.07,U
sz000400,许继电气,2025-10-16 09:46:03,27.08,21900,27.11,D
sz000400,许继电气,2025-10-16 09:46:06,27.05,7600,27.08,D
sz000400,许继电气,2025-10-16 09:46:09,27.09,12400,27.05,E
sz000400,许继电气,2025-10-16 09:46:15,27.08,28000,27.08,U
sz000400,许继电气,2025-10-16 09:46:18,27.06,25800,27.08,D
sz000400,许继电气,2025-10-16 09:46:33,27.08,19600,27.06,U
sz000400,许继电气,2025-10-16 09:46:51,27.13,7500,27.12,U
sz000400,许继电气,2025-10-16 09:46:57,27.13,10000,27.13,D
sz000400,许继电气,2025-10-16 09:47:03,27.12,34200,27.14,D
sz000400,许继电气,2025-10-16 09:47:06,27.1,19000,27.12,D
sz000400,许继电气,2025-10-16 09:47:09,27.09,10600,27.1,D
sz000400,许继电气,2025-10-16 09:47:18,27.09,12200,27.1,D
sz000400,许继电气,2025-10-16 09:47:30,27.09,9200,27.09,U
sz000400,许继电气,2025-10-16 09:47:45,27.12,7700,27.09,U
sz000400,许继电气,2025-10-16 09:47:51,27.12,9700,27.12,D
sz000400,许继电气,2025-10-16 09:47:57,27.12,15300,27.12,D
sz000400,许继电气,2025-10-16 09:48:00,27.12,10700,27.12,D
sz000400,许继电气,2025-10-16 09:48:03,27.06,61300,27.12,D
sz000400,许继电气,2025-10-16 09:48:06,27.1,18900,27.06,U
sz000400,许继电气,2025-10-16 09:48:09,27.06,13500,27.1,D
sz000400,许继电气,2025-10-16 09:48:12,27.04,86503,27.06,D
sz000400,许继电气,2025-10-16 09:48:24,27.06,7400,27.05,D
sz000400,许继电气,2025-10-16 09:48:36,27.06,334300,27.06,U
sz000400,许继电气,2025-10-16 09:48:39,27.05,121200,27.06,E
sz000400,许继电气,2025-10-16 09:48:42,27.04,9800,27.05,U
sz000400,许继电气,2025-10-16 09:48:45,27.01,25100,27.04,E
sz000400,许继电气,2025-10-16 09:48:48,27.0,18000,27.01,D
sz000400,许继电气,2025-10-16 09:48:51,27.0,29800,27.0,D
sz000400,许继电气,2025-10-16 09:48:54,27.0,15700,27.0,D
sz000400,许继电气,2025-10-16 09:48:57,27.0,30200,27.0,D
sz000400,许继电气,2025-10-16 09:49:00,27.01,11600,27.0,U
sz000400,许继电气,2025-10-16 09:49:03,27.01,76100,27.01,D
sz000400,许继电气,2025-10-16 09:49:06,27.01,31700,27.01,D
sz000400,许继电气,2025-10-16 09:49:09,27.03,19500,27.01,U
sz000400,许继电气,2025-10-16 09:49:18,27.01,18200,27.01,U
sz000400,许继电气,2025-10-16 09:49:21,27.01,23400,27.01,U
sz000400,许继电气,2025-10-16 09:49:24,27.01,23200,27.01,U
sz000400,许继电气,2025-10-16 09:49:27,27.0,208300,27.01,D
sz000400,许继电气,2025-10-16 09:49:30,26.98,19800,27.0,D
sz000400,许继电气,2025-10-16 09:49:33,26.99,23300,26.98,U
sz000400,许继电气,2025-10-16 09:49:39,26.97,13700,26.97,D
sz000400,许继电气,2025-10-16 09:49:42,26.96,11800,26.97,D
sz000400,许继电气,2025-10-16 09:49:48,26.95,32100,26.97,D
sz000400,许继电气,2025-10-16 09:49:51,26.94,44700,26.95,D
sz000400,许继电气,2025-10-16 09:49:54,26.93,81800,26.94,D
sz000400,许继电气,2025-10-16 09:49:57,26.93,26600,26.93,U
sz000400,许继电气,2025-10-16 09:50:00,26.93,20800,26.93,D
sz000400,许继电气,2025-10-16 09:50:03,26.91,17400,26.93,D
sz000400,许继电气,2025-10-16 09:50:06,26.95,23700,26.91,U
sz000400,许继电气,2025-10-16 09:50:09,26.98,33900,26.95,U
sz000400,许继电气,2025-10-16 09:50:12,26.99,10800,26.98,U
sz000400,许继电气,2025-10-16 09:50:15,26.99,18500,26.99,D
sz000400,许继电气,2025-10-16 09:50:21,27.03,12900,27.0,U
sz000400,许继电气,2025-10-16 09:50:27,27.04,10700,27.0,U
sz000400,许继电气,2025-10-16 09:50:30,27.04,8300,27.04,D
sz000400,许继电气,2025-10-16 09:50:33,27.05,16300,27.04,U
sz000400,许继电气,2025-10-16 09:50:36,27.04,8700,27.05,D
sz000400,许继电气,2025-10-16 09:50:42,27.03,9100,27.04,D
sz000400,许继电气,2025-10-16 09:50:48,27.04,40900,27.03,U
sz000400,许继电气,2025-10-16 09:50:51,27.04,16400,27.04,D
sz000400,许继电气,2025-10-16 09:50:57,27.04,69300,27.04,D
sz000400,许继电气,2025-10-16 09:51:00,27.04,18100,27.04,D
sz000400,许继电气,2025-10-16 09:51:18,27.03,12800,27.04,D
sz000400,许继电气,2025-10-16 09:51:24,27.04,8600,27.03,U
sz000400,许继电气,2025-10-16 09:51:51,27.03,7400,27.03,D
sz000400,许继电气,2025-10-16 09:52:15,27.03,13700,27.02,U
sz000400,许继电气,2025-10-16 09:52:18,27.02,9500,27.03,D
sz000400,许继电气,2025-10-16 09:52:33,27.03,9300,27.01,U
sz000400,许继电气,2025-10-16 09:52:48,27.02,11300,27.03,D
sz000400,许继电气,2025-10-16 09:53:18,27.03,17900,27.03,U
sz000400,许继电气,2025-10-16 09:53:21,27.05,14700,27.03,U
sz000400,许继电气,2025-10-16 09:53:24,27.09,59700,27.05,U
sz000400,许继电气,2025-10-16 09:53:27,27.06,11700,27.09,D
sz000400,许继电气,2025-10-16 09:53:30,27.09,14400,27.06,U
sz000400,许继电气,2025-10-16 09:53:48,27.06,11200,27.09,D
sz000400,许继电气,2025-10-16 09:53:57,27.14,8100,27.09,U
sz000400,许继电气,2025-10-16 09:54:12,27.11,7900,27.1,U
sz000400,许继电气,2025-10-16 09:54:18,27.1,16400,27.11,D
sz000400,许继电气,2025-10-16 09:54:21,27.11,8400,27.1,U
sz000400,许继电气,2025-10-16 09:54:27,27.09,8700,27.1,D
sz000400,许继电气,2025-10-16 09:54:30,27.07,16300,27.09,D
sz000400,许继电气,2025-10-16 09:54:39,27.09,24600,27.07,U
sz000400,许继电气,2025-10-16 09:54:42,27.07,9000,27.09,D
sz000400,许继电气,2025-10-16 09:54:45,27.06,7700,27.07,D
sz000400,许继电气,2025-10-16 09:55:00,27.08,10500,27.09,E
sz000400,许继电气,2025-10-16 09:55:03,27.08,28680,27.08,D
sz000400,许继电气,2025-10-16 09:55:09,27.09,10700,27.09,D
sz000400,许继电气,2025-10-16 09:55:12,27.21,119700,27.09,U
sz000400,许继电气,2025-10-16 09:55:15,27.16,28200,27.21,D
sz000400,许继电气,2025-10-16 09:55:30,27.26,8200,27.26,D
sz000400,许继电气,2025-10-16 09:55:36,27.27,42900,27.26,E
sz000400,许继电气,2025-10-16 09:55:45,27.22,7600,27.23,E
sz000400,许继电气,2025-10-16 09:55:48,27.19,30400,27.22,D
sz000400,许继电气,2025-10-16 09:55:57,27.19,60300,27.19,U
sz000400,许继电气,2025-10-16 09:56:09,27.16,18000,27.16,U
sz000400,许继电气,2025-10-16 09:56:15,27.12,14200,27.18,D
sz000400,许继电气,2025-10-16 09:56:27,27.09,10900,27.1,D
sz000400,许继电气,2025-10-16 09:56:42,27.11,8300,27.12,D
sz000400,许继电气,2025-10-16 09:57:09,27.15,13700,27.15,D
sz000400,许继电气,2025-10-16 09:57:15,27.15,24300,27.15,U
sz000400,许继电气,2025-10-16 09:57:18,27.14,22900,27.15,D
sz000400,许继电气,2025-10-16 09:57:21,27.11,21000,27.14,D
sz000400,许继电气,2025-10-16 09:57:39,27.1,11600,27.11,D
sz000400,许继电气,2025-10-16 09:57:48,27.1,9700,27.11,D
sz000400,许继电气,2025-10-16 09:57:51,27.14,72500,27.1,U
sz000400,许继电气,2025-10-16 09:57:54,27.12,15800,27.14,D
sz000400,许继电气,2025-10-16 09:58:00,27.14,31300,27.14,U
sz000400,许继电气,2025-10-16 09:58:03,27.15,7900,27.14,U
sz000400,许继电气,2025-10-16 09:58:06,27.13,35300,27.15,D
sz000400,许继电气,2025-10-16 09:58:12,27.17,12200,27.15,U
sz000400,许继电气,2025-10-16 09:58:15,27.18,35100,27.17,E
sz000400,许继电气,2025-10-16 09:58:18,27.15,29548,27.18,D
sz000400,许继电气,2025-10-16 09:58:21,27.21,8200,27.15,U
sz000400,许继电气,2025-10-16 09:58:24,27.23,32900,27.21,U
sz000400,许继电气,2025-10-16 09:58:27,27.2,21900,27.23,E
sz000400,许继电气,2025-10-16 09:58:36,27.2,10600,27.2,D
sz000400,许继电气,2025-10-16 09:58:39,27.2,9800,27.2,U
sz000400,许继电气,2025-10-16 09:58:48,27.15,11300,27.17,D
sz000400,许继电气,2025-10-16 09:58:54,27.14,9600,27.15,D
sz000400,许继电气,2025-10-16 09:58:57,27.15,11500,27.14,U
sz000400,许继电气,2025-10-16 09:59:03,27.14,17200,27.15,D
sz000400,许继电气,2025-10-16 09:59:21,27.11,14400,27.11,D
sz000400,许继电气,2025-10-16 09:59:24,27.13,7500,27.11,E
sz000400,许继电气,2025-10-16 09:59:39,27.1,69800,27.12,D
sz000400,许继电气,2025-10-16 09:59:45,27.1,11200,27.13,D
sz000400,许继电气,2025-10-16 09:59:54,27.1,19700,27.1,U
sz000400,许继电气,2025-10-16 10:00:00,27.1,13600,27.1,D
sz000400,许继电气,2025-10-16 10:00:06,27.1,8700,27.1,U
sz000400,许继电气,2025-10-16 10:00:09,27.1,22500,27.1,D
sz000400,许继电气,2025-10-16 10:00:18,27.1,24000,27.1,U
sz000400,许继电气,2025-10-16 10:00:27,27.07,28220,27.1,D
sz000400,许继电气,2025-10-16 10:00:33,27.04,23200,27.08,D
sz000400,许继电气,2025-10-16 10:00:36,27.06,24100,27.04,E
sz000400,许继电气,2025-10-16 10:00:39,27.01,20000,27.06,D
sz000400,许继电气,2025-10-16 10:00:45,27.04,22100,27.01,U
sz000400,许继电气,2025-10-16 10:00:48,27.04,9500,27.04,U
sz000400,许继电气,2025-10-16 10:00:51,27.07,52300,27.04,E
sz000400,许继电气,2025-10-16 10:00:54,27.07,48700,27.07,D
sz000400,许继电气,2025-10-16 10:01:00,27.06,19400,27.06,U
sz000400,许继电气,2025-10-16 10:01:03,27.06,45080,27.06,D
sz000400,许继电气,2025-10-16 10:01:06,27.12,7400,27.06,U
sz000400,许继电气,2025-10-16 10:01:12,27.08,11700,27.1,D
sz000400,许继电气,2025-10-16 10:01:18,27.09,7700,27.1,D
sz000400,许继电气,2025-10-16 10:01:21,27.1,8800,27.09,E
sz000400,许继电气,2025-10-16 10:01:24,27.09,23200,27.1,D
sz000400,许继电气,2025-10-16 10:01:30,27.09,24300,27.12,D
sz000400,许继电气,2025-10-16 10:01:39,27.08,25900,27.09,D
sz000400,许继电气,2025-10-16 10:01:45,27.1,27300,27.09,U
sz000400,许继电气,2025-10-16 10:02:03,27.11,10300,27.08,U
sz000400,许继电气,2025-10-16 10:02:09,27.1,10900,27.09,U
sz000400,许继电气,2025-10-16 10:02:12,27.11,30900,27.1,U
sz000400,许继电气,2025-10-16 10:02:15,27.11,14900,27.11,U
sz000400,许继电气,2025-10-16 10:02:24,27.11,82100,27.08,U
sz000400,许继电气,2025-10-16 10:02:27,27.1,18400,27.11,D
sz000400,许继电气,2025-10-16 10:02:30,27.1,80600,27.1,D
sz000400,许继电气,2025-10-16 10:02:57,27.09,10800,27.09,U
sz000400,许继电气,2025-10-16 10:03:09,27.08,9000,27.07,U
sz000400,许继电气,2025-10-16 10:03:15,27.07,12200,27.08,D
sz000400,许继电气,2025-10-16 10:03:21,27.07,8200,27.08,D
sz000400,许继电气,2025-10-16 10:03:24,27.06,8200,27.07,D
sz000400,许继电气,2025-10-16 10:03:39,27.06,10100,27.06,D
sz000400,许继电气,2025-10-16 10:03:45,27.1,23800,27.08,U
sz000400,许继电气,2025-10-16 10:03:48,27.1,16700,27.1,U
sz000400,许继电气,2025-10-16 10:03:54,27.11,66700,27.1,U
sz000400,许继电气,2025-10-16 10:03:57,27.11,9500,27.11,D
sz000400,许继电气,2025-10-16 10:04:06,27.19,84300,27.14,U
sz000400,许继电气,2025-10-16 10:04:12,27.19,17500,27.14,U
sz000400,许继电气,2025-10-16 10:04:15,27.21,97500,27.19,U
sz000400,许继电气,2025-10-16 10:04:18,27.23,35600,27.21,U
sz000400,许继电气,2025-10-16 10:04:21,27.2,134600,27.23,D
sz000400,许继电气,2025-10-16 10:04:24,27.2,19300,27.2,U
sz000400,许继电气,2025-10-16 10:04:30,27.19,8800,27.2,D
sz000400,许继电气,2025-10-16 10:04:33,27.2,78600,27.19,U
sz000400,许继电气,2025-10-16 10:04:39,27.2,22900,27.2,D
sz000400,许继电气,2025-10-16 10:04:57,27.2,13900,27.19,U
sz000400,许继电气,2025-10-16 10:05:03,27.2,14500,27.2,U
sz000400,许继电气,2025-10-16 10:05:06,27.19,21000,27.2,D
sz000400,许继电气,2025-10-16 10:05:15,27.21,14600,27.2,U
sz000400,许继电气,2025-10-16 10:05:27,27.21,21100,27.2,U
sz000400,许继电气,2025-10-16 10:05:30,27.2,18800,27.21,U
sz000400,许继电气,2025-10-16 10:05:39,27.18,8700,27.2,D
sz000400,许继电气,2025-10-16 10:05:51,27.18,11300,27.16,U
sz000400,许继电气,2025-10-16 10:05:54,27.16,7900,27.18,D
sz000400,许继电气,2025-10-16 10:05:57,27.16,15900,27.16,D
sz000400,许继电气,2025-10-16 10:06:12,27.12,10000,27.11,U
sz000400,许继电气,2025-10-16 10:06:42,27.09,9300,27.09,U
sz000400,许继电气,2025-10-16 10:07:03,27.09,10900,27.1,D
sz000400,许继电气,2025-10-16 10:07:09,27.05,75900,27.09,D
sz000400,许继电气,2025-10-16 10:07:12,27.01,55100,27.05,D
sz000400,许继电气,2025-10-16 10:07:15,27.01,35800,27.01,D
sz000400,许继电气,2025-10-16 10:07:18,27.09,94200,27.01,U
sz000400,许继电气,2025-10-16 10:07:21,27.01,71600,27.09,D
sz000400,许继电气,2025-10-16 10:07:24,27.0,13100,27.01,D
sz000400,许继电气,2025-10-16 10:07:33,26.97,93200,27.0,D
sz000400,许继电气,2025-10-16 10:07:39,26.98,17200,26.98,U
sz000400,许继电气,2025-10-16 10:07:48,26.98,12000,26.98,D
sz000400,许继电气,2025-10-16 10:07:54,26.99,15000,26.98,U
sz000400,许继电气,2025-10-16 10:08:00,26.98,46400,26.98,D
sz000400,许继电气,2025-10-16 10:08:03,27.01,14400,26.98,U
sz000400,许继电气,2025-10-16 10:08:21,27.05,11500,27.05,U
sz000400,许继电气,2025-10-16 10:08:27,27.05,11200,27.05,D
sz000400,许继电气,2025-10-16 10:08:33,27.06,10000,27.06,D
sz000400,许继电气,2025-10-16 10:08:39,27.07,12400,27.06,U
sz000400,许继电气,2025-10-16 10:08:57,27.07,9700,27.07,D
sz000400,许继电气,2025-10-16 10:09:00,27.07,8900,27.07,D
sz000400,许继电气,2025-10-16 10:09:09,27.09,11395,27.08,U
sz000400,许继电气,2025-10-16 10:09:15,27.1,9000,27.09,U
sz000400,许继电气,2025-10-16 10:09:21,27.1,100500,27.1,U
sz000400,许继电气,2025-10-16 10:09:24,27.0,100200,27.1,D
sz000400,许继电气,2025-10-16 10:09:27,27.09,12200,27.0,U
sz000400,许继电气,2025-10-16 10:09:42,27.03,13000,27.07,D
sz000400,许继电气,2025-10-16 10:09:48,27.05,41900,27.05,E
sz000400,许继电气,2025-10-16 10:09:51,27.05,15900,27.05,D
sz000400,许继电气,2025-10-16 10:10:00,27.06,10900,27.05,U
sz000400,许继电气,2025-10-16 10:10:06,27.1,21500,27.06,U
sz000400,许继电气,2025-10-16 10:10:09,27.06,10000,27.1,D
sz000400,许继电气,2025-10-16 10:10:15,27.09,10900,27.11,E
sz000400,许继电气,2025-10-16 10:10:18,27.08,11100,27.09,D
sz000400,许继电气,2025-10-16 10:10:21,27.11,10400,27.08,U
sz000400,许继电气,2025-10-16 10:10:33,27.06,11300,27.08,D
sz000400,许继电气,2025-10-16 10:10:36,27.04,16400,27.06,D
sz000400,许继电气,2025-10-16 10:10:39,27.05,22400,27.04,E
sz000400,许继电气,2025-10-16 10:10:42,27.08,11300,27.05,U
sz000400,许继电气,2025-10-16 10:10:45,27.08,29000,27.08,U
sz000400,许继电气,2025-10-16 10:11:12,27.08,14100,27.09,D
sz000400,许继电气,2025-10-16 10:11:39,27.09,38900,27.09,U
sz000400,许继电气,2025-10-16 10:11:45,27.09,13700,27.09,D
sz000400,许继电气,2025-10-16 10:12:00,27.09,7700,27.09,U
sz000400,许继电气,2025-10-16 10:12:03,27.08,9700,27.09,D
sz000400,许继电气,2025-10-16 10:12:06,27.08,16400,27.08,E
sz000400,许继电气,2025-10-16 10:12:24,27.06,17600,27.07,E
sz000400,许继电气,2025-10-16 10:12:42,27.03,86500,27.07,D
sz000400,许继电气,2025-10-16 10:12:54,27.02,12400,27.02,D
sz000400,许继电气,2025-10-16 10:12:57,27.03,13400,27.02,U
sz000400,许继电气,2025-10-16 10:13:06,27.01,11100,27.01,D
sz000400,许继电气,2025-10-16 10:13:09,27.01,12900,27.01,D
sz000400,许继电气,2025-10-16 10:13:21,26.99,81700,27.0,D
sz000400,许继电气,2025-10-16 10:13:24,26.99,7600,26.99,D
sz000400,许继电气,2025-10-16 10:13:30,26.99,10300,26.99,U
sz000400,许继电气,2025-10-16 10:13:33,26.97,52500,26.99,D
sz000400,许继电气,2025-10-16 10:13:39,26.98,32400,26.97,U
sz000400,许继电气,2025-10-16 10:13:48,26.98,64800,26.98,U
sz000400,许继电气,2025-10-16 10:13:57,26.97,37800,26.98,D
sz000400,许继电气,2025-10-16 10:14:00,26.99,16100,26.97,U
sz000400,许继电气,2025-10-16 10:14:06,26.98,17500,26.98,D
sz000400,许继电气,2025-10-16 10:14:09,26.98,31500,26.98,D
sz000400,许继电气,2025-10-16 10:14:12,26.99,7900,26.98,U
sz000400,许继电气,2025-10-16 10:14:15,27.01,23900,26.99,U
sz000400,许继电气,2025-10-16 10:14:18,27.0,10500,27.01,D
sz000400,许继电气,2025-10-16 10:14:21,27.0,34900,27.0,D
sz000400,许继电气,2025-10-16 10:14:24,26.99,23600,27.0,D
sz000400,许继电气,2025-10-16 10:14:30,26.99,10500,26.99,U
sz000400,许继电气,2025-10-16 10:14:33,26.99,10500,26.99,U
sz000400,许继电气,2025-10-16 10:14:36,26.99,8900,26.99,U
sz000400,许继电气,2025-10-16 10:14:39,26.98,21000,26.99,D
sz000400,许继电气,2025-10-16 10:14:42,26.99,8100,26.98,U
sz000400,许继电气,2025-10-16 10:14:57,26.99,60700,26.99,U
sz000400,许继电气,2025-10-16 10:15:15,26.99,20700,27.0,D
sz000400,许继电气,2025-10-16 10:15:21,26.99,7700,26.99,U
sz000400,许继电气,2025-10-16 10:15:30,26.99,30300,27.0,D
sz000400,许继电气,2025-10-16 10:15:33,26.99,12700,26.99,U
sz000400,许继电气,2025-10-16 10:15:42,27.0,42200,26.99,U
sz000400,许继电气,2025-10-16 10:15:51,27.02,9900,27.0,U
sz000400,许继电气,2025-10-16 10:16:36,27.07,10400,27.05,U
sz000400,许继电气,2025-10-16 10:16:48,27.05,14500,27.07,D
sz000400,许继电气,2025-10-16 10:17:15,27.07,8000,27.07,D
sz000400,许继电气,2025-10-16 10:17:27,27.06,46900,27.06,E
sz000400,许继电气,2025-10-16 10:17:36,27.05,28000,27.05,D
sz000400,许继电气,2025-10-16 10:17:39,27.05,10100,27.05,D
sz000400,许继电气,2025-10-16 10:17:51,27.07,16000,27.06,U
sz000400,许继电气,2025-10-16 10:17:57,27.06,10000,27.09,D
sz000400,许继电气,2025-10-16 10:18:21,27.08,25300,27.08,U
sz000400,许继电气,2025-10-16 10:18:36,27.09,37500,27.09,D
sz000400,许继电气,2025-10-16 10:19:12,27.09,24900,27.1,D
sz000400,许继电气,2025-10-16 10:19:30,27.08,27800,27.08,D
sz000400,许继电气,2025-10-16 10:19:48,27.07,11300,27.07,D
sz000400,许继电气,2025-10-16 10:19:51,27.07,10500,27.07,U
sz000400,许继电气,2025-10-16 10:19:54,27.07,14300,27.07,U
sz000400,许继电气,2025-10-16 10:20:06,27.07,36900,27.06,U
sz000400,许继电气,2025-10-16 10:20:39,27.08,9500,27.09,U
sz000400,许继电气,2025-10-16 10:20:54,27.08,16900,27.1,D
sz000400,许继电气,2025-10-16 10:21:12,27.08,46300,27.08,U
sz000400,许继电气,2025-10-16 10:21:15,27.1,7900,27.08,U
sz000400,许继电气,2025-10-16 10:21:21,27.11,13500,27.08,U
sz000400,许继电气,2025-10-16 10:21:24,27.11,17100,27.11,U
sz000400,许继电气,2025-10-16 10:21:39,27.12,12100,27.14,D
sz000400,许继电气,2025-10-16 10:21:42,27.14,14600,27.12,U
sz000400,许继电气,2025-10-16 10:22:09,27.11,8600,27.12,D
sz000400,许继电气,2025-10-16 10:22:12,27.11,9200,27.11,D
sz000400,许继电气,2025-10-16 10:22:21,27.13,26200,27.11,U
sz000400,许继电气,2025-10-16 10:22:42,27.1,12200,27.1,U
sz000400,许继电气,2025-10-16 10:22:57,27.1,39700,27.1,U
sz000400,许继电气,2025-10-16 10:23:12,27.16,10400,27.12,U
sz000400,许继电气,2025-10-16 10:23:15,27.2,84100,27.16,U
sz000400,许继电气,2025-10-16 10:23:18,27.2,11500,27.2,U
sz000400,许继电气,2025-10-16 10:23:24,27.2,14506,27.2,U
sz000400,许继电气,2025-10-16 10:23:42,27.2,14900,27.2,U
sz000400,许继电气,2025-10-16 10:23:54,27.18,8400,27.2,D
sz000400,许继电气,2025-10-16 10:23:57,27.17,8300,27.18,D
sz000400,许继电气,2025-10-16 10:24:00,27.17,8300,27.17,D
sz000400,许继电气,2025-10-16 10:24:18,27.17,16500,27.18,D
sz000400,许继电气,2025-10-16 10:24:24,27.13,20500,27.16,D
sz000400,许继电气,2025-10-16 10:25:06,27.1,19800,27.11,D
sz000400,许继电气,2025-10-16 10:25:42,27.1,30100,27.1,D
sz000400,许继电气,2025-10-16 10:25:51,27.1,9300,27.1,D
sz000400,许继电气,2025-10-16 10:26:33,27.07,27300,27.07,U
sz000400,许继电气,2025-10-16 10:26:36,27.08,12400,27.07,E
sz000400,许继电气,2025-10-16 10:26:45,27.08,8200,27.1,D
sz000400,许继电气,2025-10-16 10:27:09,27.2,38400,27.15,U
sz000400,许继电气,2025-10-16 10:27:21,27.19,13100,27.2,U
sz000400,许继电气,2025-10-16 10:27:45,27.19,11700,27.19,U
sz000400,许继电气,2025-10-16 10:27:48,27.19,14000,27.19,U
sz000400,许继电气,2025-10-16 10:27:54,27.18,17900,27.19,D
sz000400,许继电气,2025-10-16 10:27:57,27.2,27200,27.18,U
sz000400,许继电气,2025-10-16 10:28:39,27.18,13500,27.18,D
sz000400,许继电气,2025-10-16 10:28:57,27.17,7800,27.17,D
sz000400,许继电气,2025-10-16 10:29:21,27.22,180106,27.16,U
sz000400,许继电气,2025-10-16 10:29:24,27.27,67100,27.22,U
sz000400,许继电气,2025-10-16 10:29:42,27.24,16200,27.26,D
sz000400,许继电气,2025-10-16 10:30:00,27.22,29100,27.22,D
sz000400,许继电气,2025-10-16 10:30:06,27.28,76100,27.24,U
sz000400,许继电气,2025-10-16 10:30:12,27.27,8600,27.27,D
sz000400,许继电气,2025-10-16 10:30:18,27.31,83600,27.29,U
sz000400,许继电气,2025-10-16 10:30:21,27.27,11100,27.31,D
sz000400,许继电气,2025-10-16 10:30:33,27.25,15600,27.27,D
sz000400,许继电气,2025-10-16 10:30:45,27.26,25200,27.25,U
sz000400,许继电气,2025-10-16 10:31:06,27.25,12500,27.26,D
sz000400,许继电气,2025-10-16 10:31:12,27.22,9600,27.25,D
sz000400,许继电气,2025-10-16 10:31:15,27.26,50100,27.22,U
sz000400,许继电气,2025-10-16 10:31:36,27.23,10200,27.23,U
sz000400,许继电气,2025-10-16 10:31:48,27.22,7400,27.21,D
sz000400,许继电气,2025-10-16 10:31:54,27.2,18600,27.23,D
sz000400,许继电气,2025-10-16 10:32:00,27.19,10800,27.21,D
sz000400,许继电气,2025-10-16 10:32:09,27.18,7900,27.2,D
sz000400,许继电气,2025-10-16 10:32:30,27.2,21100,27.21,D
sz000400,许继电气,2025-10-16 10:33:24,27.19,36600,27.17,U
sz000400,许继电气,2025-10-16 10:33:33,27.22,56200,27.21,U
sz000400,许继电气,2025-10-16 10:34:06,27.24,9700,27.24,U
sz000400,许继电气,2025-10-16 10:34:27,27.17,14100,27.23,D
sz000400,许继电气,2025-10-16 10:34:30,27.17,10600,27.17,D
sz000400,许继电气,2025-10-16 10:34:36,27.14,11200,27.18,D
sz000400,许继电气,2025-10-16 10:34:39,27.11,14000,27.14,D
sz000400,许继电气,2025-10-16 10:34:45,27.12,23500,27.17,D
sz000400,许继电气,2025-10-16 10:34:54,27.17,10100,27.13,U
sz000400,许继电气,2025-10-16 10:35:06,27.1,8000,27.11,D
sz000400,许继电气,2025-10-16 10:35:09,27.1,14200,27.1,D
sz000400,许继电气,2025-10-16 10:36:21,27.13,11500,27.11,U
sz000400,许继电气,2025-10-16 10:36:30,27.12,10200,27.12,D
sz000400,许继电气,2025-10-16 10:37:24,27.15,29000,27.13,U
sz000400,许继电气,2025-10-16 10:37:48,27.16,20000,27.16,U
sz000400,许继电气,2025-10-16 10:38:06,27.17,13800,27.15,U
sz000400,许继电气,2025-10-16 10:38:15,27.16,16800,27.18,D
sz000400,许继电气,2025-10-16 10:39:57,27.18,11200,27.19,D
sz000400,许继电气,2025-10-16 10:40:09,27.19,11459,27.19,U
sz000400,许继电气,2025-10-16 10:40:45,27.21,14300,27.22,D
sz000400,许继电气,2025-10-16 10:40:48,27.21,10600,27.21,U
sz000400,许继电气,2025-10-16 10:40:54,27.2,10600,27.2,D
sz000400,许继电气,2025-10-16 10:41:21,27.22,50000,27.2,U
sz000400,许继电气,2025-10-16 10:41:33,27.19,32500,27.22,D
sz000400,许继电气,2025-10-16 10:42:03,27.22,38800,27.2,U
sz000400,许继电气,2025-10-16 10:42:15,27.27,61400,27.23,U
sz000400,许继电气,2025-10-16 10:42:18,27.28,24900,27.27,U
sz000400,许继电气,2025-10-16 10:42:21,27.22,10600,27.28,D
sz000400,许继电气,2025-10-16 10:42:27,27.27,26500,27.26,E
sz000400,许继电气,2025-10-16 10:42:39,27.26,9500,27.25,E
sz000400,许继电气,2025-10-16 10:42:51,27.23,7500,27.23,D
sz000400,许继电气,2025-10-16 10:43:24,27.24,20500,27.2,U
sz000400,许继电气,2025-10-16 10:43:54,27.21,12400,27.23,D
sz000400,许继电气,2025-10-16 10:44:00,27.22,22300,27.21,U
sz000400,许继电气,2025-10-16 10:44:03,27.22,17700,27.22,U
sz000400,许继电气,2025-10-16 10:45:06,27.19,10600,27.19,D
sz000400,许继电气,2025-10-16 10:45:12,27.2,21700,27.19,U
sz000400,许继电气,2025-10-16 10:45:15,27.2,11500,27.2,D
sz000400,许继电气,2025-10-16 10:45:27,27.22,8700,27.2,U
sz000400,许继电气,2025-10-16 10:46:00,27.18,16800,27.22,D
sz000400,许继电气,2025-10-16 10:46:03,27.16,10441,27.18,D
sz000400,许继电气,2025-10-16 10:46:12,27.16,10300,27.16,D
sz000400,许继电气,2025-10-16 10:46:18,27.15,9300,27.16,D
sz000400,许继电气,2025-10-16 10:46:30,27.16,10100,27.16,D
sz000400,许继电气,2025-10-16 10:46:36,27.15,11500,27.15,U
sz000400,许继电气,2025-10-16 10:47:00,27.15,7700,27.15,D
sz000400,许继电气,2025-10-16 10:47:15,27.18,38200,27.15,U
sz000400,许继电气,2025-10-16 10:47:18,27.14,11700,27.18,D
sz000400,许继电气,2025-10-16 10:47:21,27.19,10959,27.14,U
sz000400,许继电气,2025-10-16 10:47:24,27.15,10100,27.19,D
sz000400,许继电气,2025-10-16 10:47:27,27.14,11300,27.15,D
sz000400,许继电气,2025-10-16 10:47:33,27.14,12000,27.15,D
sz000400,许继电气,2025-10-16 10:47:39,27.13,9100,27.14,D
sz000400,许继电气,2025-10-16 10:47:42,27.12,23700,27.13,D
sz000400,许继电气,2025-10-16 10:47:45,27.12,7500,27.12,D
sz000400,许继电气,2025-10-16 10:47:48,27.13,12900,27.12,E
sz000400,许继电气,2025-10-16 10:47:57,27.12,9400,27.12,D
sz000400,许继电气,2025-10-16 10:48:15,27.12,34300,27.12,D
sz000400,许继电气,2025-10-16 10:48:21,27.12,8700,27.11,D
sz000400,许继电气,2025-10-16 10:48:24,27.12,13500,27.12,D
sz000400,许继电气,2025-10-16 10:48:27,27.12,8200,27.12,D
sz000400,许继电气,2025-10-16 10:48:33,27.1,14400,27.11,D
sz000400,许继电气,2025-10-16 10:48:39,27.1,11000,27.11,D
sz000400,许继电气,2025-10-16 10:48:42,27.08,18300,27.1,D
sz000400,许继电气,2025-10-16 10:48:45,27.08,8400,27.08,D
sz000400,许继电气,2025-10-16 10:48:48,27.07,12300,27.08,D
sz000400,许继电气,2025-10-16 10:48:51,27.1,12200,27.07,U
sz000400,许继电气,2025-10-16 10:48:54,27.06,10000,27.1,D
sz000400,许继电气,2025-10-16 10:49:03,27.05,20600,27.09,D
sz000400,许继电气,2025-10-16 10:49:06,27.05,14600,27.05,D
sz000400,许继电气,2025-10-16 10:49:09,27.04,42600,27.05,D
sz000400,许继电气,2025-10-16 10:49:12,27.07,35500,27.04,U
sz000400,许继电气,2025-10-16 10:49:15,27.01,26900,27.07,D
sz000400,许继电气,2025-10-16 10:49:18,27.03,23900,27.01,D
sz000400,许继电气,2025-10-16 10:49:21,27.0,9200,27.03,D
sz000400,许继电气,2025-10-16 10:49:24,27.03,12900,27.0,U
sz000400,许继电气,2025-10-16 10:49:27,27.05,9000,27.03,D
sz000400,许继电气,2025-10-16 10:49:39,27.05,12800,27.04,U
sz000400,许继电气,2025-10-16 10:49:42,27.04,8100,27.05,D
sz000400,许继电气,2025-10-16 10:49:45,27.04,19700,27.04,E
sz000400,许继电气,2025-10-16 10:49:48,27.04,14100,27.04,U
sz000400,许继电气,2025-10-16 10:49:51,27.04,7500,27.04,U
sz000400,许继电气,2025-10-16 10:50:00,27.03,12200,27.03,D
sz000400,许继电气,2025-10-16 10:50:03,27.03,17200,27.03,D
sz000400,许继电气,2025-10-16 10:50:21,27.1,18400,27.05,U
sz000400,许继电气,2025-10-16 10:50:24,27.08,11500,27.1,D
sz000400,许继电气,2025-10-16 10:50:36,27.1,16400,27.1,D
sz000400,许继电气,2025-10-16 10:50:39,27.09,10700,27.1,D
sz000400,许继电气,2025-10-16 10:50:51,27.09,27500,27.08,E
sz000400,许继电气,2025-10-16 10:51:33,27.09,8000,27.12,D
sz000400,许继电气,2025-10-16 10:52:24,27.11,34200,27.11,U
sz000400,许继电气,2025-10-16 10:52:30,27.13,52600,27.13,U
sz000400,许继电气,2025-10-16 10:53:30,27.16,40900,27.11,U
sz000400,许继电气,2025-10-16 10:53:39,27.17,14700,27.16,U
sz000400,许继电气,2025-10-16 10:54:15,27.15,27600,27.15,U
sz000400,许继电气,2025-10-16 10:54:21,27.16,12200,27.15,U
sz000400,许继电气,2025-10-16 10:55:06,27.16,13500,27.16,U
sz000400,许继电气,2025-10-16 10:55:48,27.15,18400,27.15,D
sz000400,许继电气,2025-10-16 10:55:51,27.15,12600,27.15,D
sz000400,许继电气,2025-10-16 10:56:03,27.14,19700,27.15,D
sz000400,许继电气,2025-10-16 10:56:09,27.18,43900,27.16,U
sz000400,许继电气,2025-10-16 10:56:12,27.18,7600,27.18,U
sz000400,许继电气,2025-10-16 10:56:27,27.2,14600,27.19,U
sz000400,许继电气,2025-10-16 10:56:30,27.21,12300,27.2,U
sz000400,许继电气,2025-10-16 10:56:51,27.22,10800,27.2,U
sz000400,许继电气,2025-10-16 10:57:21,27.21,9900,27.21,D
sz000400,许继电气,2025-10-16 10:57:27,27.21,53400,27.21,D
sz000400,许继电气,2025-10-16 10:57:30,27.23,18400,27.21,E
sz000400,许继电气,2025-10-16 10:57:45,27.27,65900,27.25,U
sz000400,许继电气,2025-10-16 10:57:57,27.26,13400,27.27,D
sz000400,许继电气,2025-10-16 10:58:15,27.25,11000,27.24,U
sz000400,许继电气,2025-10-16 10:58:18,27.26,23400,27.25,U
sz000400,许继电气,2025-10-16 10:58:24,27.25,10000,27.26,D
sz000400,许继电气,2025-10-16 10:58:36,27.27,41600,27.26,U
sz000400,许继电气,2025-10-16 10:58:39,27.27,13400,27.27,D
sz000400,许继电气,2025-10-16 10:58:42,27.27,32500,27.27,D
sz000400,许继电气,2025-10-16 10:58:45,27.27,7400,27.27,E
sz000400,许继电气,2025-10-16 10:58:48,27.26,11700,27.27,D
sz000400,许继电气,2025-10-16 10:58:57,27.27,8700,27.26,U
sz000400,许继电气,2025-10-16 10:59:03,27.31,121100,27.27,U
sz000400,许继电气,2025-10-16 10:59:06,27.32,12200,27.31,U
sz000400,许继电气,2025-10-16 10:59:09,27.33,8900,27.32,U
sz000400,许继电气,2025-10-16 10:59:12,27.34,14700,27.33,U
sz000400,许继电气,2025-10-16 10:59:15,27.36,61300,27.34,U
sz000400,许继电气,2025-10-16 10:59:24,27.38,11300,27.38,U
sz000400,许继电气,2025-10-16 10:59:27,27.35,8300,27.38,D
sz000400,许继电气,2025-10-16 10:59:30,27.35,21700,27.35,U
sz000400,许继电气,2025-10-16 10:59:57,27.31,49300,27.32,D
sz000400,许继电气,2025-10-16 11:00:00,27.33,14700,27.31,U
sz000400,许继电气,2025-10-16 11:00:06,27.32,12700,27.32,U
sz000400,许继电气,2025-10-16 11:00:09,27.3,10300,27.32,E
sz000400,许继电气,2025-10-16 11:00:12,27.29,13900,27.3,D
sz000400,许继电气,2025-10-16 11:00:33,27.27,14500,27.27,D
sz000400,许继电气,2025-10-16 11:00:36,27.29,21200,27.27,U
sz000400,许继电气,2025-10-16 11:00:39,27.28,9700,27.29,D
sz000400,许继电气,2025-10-16 11:00:48,27.31,94200,27.28,U
sz000400,许继电气,2025-10-16 11:01:30,27.28,10100,27.28,D
sz000400,许继电气,2025-10-16 11:01:42,27.29,11100,27.26,U
sz000400,许继电气,2025-10-16 11:01:45,27.29,10300,27.29,U
sz000400,许继电气,2025-10-16 11:01:48,27.26,38400,27.29,D
sz000400,许继电气,2025-10-16 11:01:57,27.29,8000,27.28,U
sz000400,许继电气,2025-10-16 11:02:09,27.28,26800,27.28,U
sz000400,许继电气,2025-10-16 11:02:42,27.28,11500,27.28,U
sz000400,许继电气,2025-10-16 11:03:12,27.28,16500,27.28,U
sz000400,许继电气,2025-10-16 11:03:39,27.26,7400,27.27,D
sz000400,许继电气,2025-10-16 11:03:42,27.27,17900,27.26,U
sz000400,许继电气,2025-10-16 11:03:45,27.27,10400,27.27,U
sz000400,许继电气,2025-10-16 11:04:03,27.25,14200,27.25,D
sz000400,许继电气,2025-10-16 11:04:15,27.25,13900,27.24,U
sz000400,许继电气,2025-10-16 11:04:33,27.24,39300,27.23,U
sz000400,许继电气,2025-10-16 11:04:54,27.25,12400,27.24,U
sz000400,许继电气,2025-10-16 11:05:21,27.26,8700,27.26,D
sz000400,许继电气,2025-10-16 11:07:18,27.26,10400,27.26,D
sz000400,许继电气,2025-10-16 11:07:21,27.27,14300,27.26,U
sz000400,许继电气,2025-10-16 11:07:27,27.27,8600,27.27,D
sz000400,许继电气,2025-10-16 11:07:33,27.25,30300,27.26,D
sz000400,许继电气,2025-10-16 11:07:36,27.24,20000,27.25,D
sz000400,许继电气,2025-10-16 11:07:51,27.24,7900,27.24,D
sz000400,许继电气,2025-10-16 11:09:09,27.17,17800,27.17,U
sz000400,许继电气,2025-10-16 11:09:15,27.2,48000,27.17,U
sz000400,许继电气,2025-10-16 11:09:39,27.17,8300,27.17,U
sz000400,许继电气,2025-10-16 11:10:18,27.16,20000,27.17,D
sz000400,许继电气,2025-10-16 11:11:06,27.2,10900,27.19,U
sz000400,许继电气,2025-10-16 11:11:18,27.2,9200,27.21,D
sz000400,许继电气,2025-10-16 11:11:45,27.22,8900,27.2,U
sz000400,许继电气,2025-10-16 11:12:06,27.22,10100,27.22,U
sz000400,许继电气,2025-10-16 11:12:21,27.25,7900,27.23,U
sz000400,许继电气,2025-10-16 11:13:15,27.24,9800,27.25,D
sz000400,许继电气,2025-10-16 11:13:18,27.27,14600,27.24,U
sz000400,许继电气,2025-10-16 11:13:30,27.27,69200,27.27,D
sz000400,许继电气,2025-10-16 11:13:36,27.34,124200,27.27,U
sz000400,许继电气,2025-10-16 11:13:39,27.36,16900,27.34,U
sz000400,许继电气,2025-10-16 11:13:48,27.36,21700,27.36,U
sz000400,许继电气,2025-10-16 11:14:00,27.33,27000,27.35,D
sz000400,许继电气,2025-10-16 11:14:12,27.34,13100,27.34,U
sz000400,许继电气,2025-10-16 11:14:21,27.33,11700,27.33,U
sz000400,许继电气,2025-10-16 11:14:24,27.32,16200,27.33,E
sz000400,许继电气,2025-10-16 11:14:27,27.33,14700,27.32,U
sz000400,许继电气,2025-10-16 11:14:33,27.3,11000,27.33,D
sz000400,许继电气,2025-10-16 11:14:36,27.32,10700,27.3,U
sz000400,许继电气,2025-10-16 11:14:39,27.33,10100,27.32,U
sz000400,许继电气,2025-10-16 11:14:45,27.3,9000,27.31,D
sz000400,许继电气,2025-10-16 11:14:48,27.35,90100,27.3,U
sz000400,许继电气,2025-10-16 11:14:51,27.36,20000,27.35,U
sz000400,许继电气,2025-10-16 11:15:00,27.35,22500,27.36,U
sz000400,许继电气,2025-10-16 11:15:06,27.35,13000,27.35,U
sz000400,许继电气,2025-10-16 11:15:21,27.32,7600,27.32,D
sz000400,许继电气,2025-10-16 11:15:30,27.3,47900,27.3,D
sz000400,许继电气,2025-10-16 11:15:39,27.3,12100,27.3,U
sz000400,许继电气,2025-10-16 11:16:06,27.28,8000,27.29,D
sz000400,许继电气,2025-10-16 11:16:48,27.27,12400,27.27,D
sz000400,许继电气,2025-10-16 11:18:06,27.27,7800,27.27,D
sz000400,许继电气,2025-10-16 11:18:09,27.27,10800,27.27,U
sz000400,许继电气,2025-10-16 11:18:12,27.27,8300,27.27,U
sz000400,许继电气,2025-10-16 11:18:18,27.3,36800,27.28,U
sz000400,许继电气,2025-10-16 11:18:24,27.3,13800,27.3,U
sz000400,许继电气,2025-10-16 11:18:30,27.32,19200,27.31,U
sz000400,许继电气,2025-10-16 11:18:45,27.32,19100,27.32,U
sz000400,许继电气,2025-10-16 11:18:54,27.32,13600,27.32,D
sz000400,许继电气,2025-10-16 11:19:00,27.35,85300,27.33,U
sz000400,许继电气,2025-10-16 11:19:27,27.32,10200,27.35,D
sz000400,许继电气,2025-10-16 11:19:30,27.32,15400,27.32,D
sz000400,许继电气,2025-10-16 11:19:33,27.35,13600,27.32,U
sz000400,许继电气,2025-10-16 11:19:39,27.34,10600,27.31,U
sz000400,许继电气,2025-10-16 11:19:42,27.31,7800,27.34,D
sz000400,许继电气,2025-10-16 11:19:54,27.33,10300,27.31,U
sz000400,许继电气,2025-10-16 11:19:57,27.33,12200,27.33,U
sz000400,许继电气,2025-10-16 11:20:03,27.33,7900,27.33,U
sz000400,许继电气,2025-10-16 11:20:09,27.33,8700,27.33,U
sz000400,许继电气,2025-10-16 11:20:12,27.3,54700,27.33,D
sz000400,许继电气,2025-10-16 11:21:09,27.31,8800,27.3,U
sz000400,许继电气,2025-10-16 11:21:21,27.31,15900,27.31,D
sz000400,许继电气,2025-10-16 11:21:27,27.31,24500,27.32,D
sz000400,许继电气,2025-10-16 11:21:48,27.31,22900,27.31,U
sz000400,许继电气,2025-10-16 11:22:00,27.32,19600,27.32,U
sz000400,许继电气,2025-10-16 11:22:03,27.31,32200,27.32,D
sz000400,许继电气,2025-10-16 11:22:06,27.32,10600,27.31,U
sz000400,许继电气,2025-10-16 11:22:12,27.32,13700,27.33,D
sz000400,许继电气,2025-10-16 11:22:24,27.33,24600,27.33,U
sz000400,许继电气,2025-10-16 11:22:27,27.33,19300,27.33,U
sz000400,许继电气,2025-10-16 11:22:33,27.33,14800,27.34,D
sz000400,许继电气,2025-10-16 11:22:42,27.33,16900,27.34,D
sz000400,许继电气,2025-10-16 11:22:48,27.32,63600,27.33,D
sz000400,许继电气,2025-10-16 11:22:51,27.32,16600,27.32,U
sz000400,许继电气,2025-10-16 11:23:03,27.33,15200,27.32,U
sz000400,许继电气,2025-10-16 11:23:48,27.35,100400,27.32,U
sz000400,许继电气,2025-10-16 11:24:03,27.32,7900,27.34,D
sz000400,许继电气,2025-10-16 11:24:39,27.31,7400,27.3,U
sz000400,许继电气,2025-10-16 11:24:48,27.3,21200,27.31,D
sz000400,许继电气,2025-10-16 11:24:57,27.29,52700,27.3,D
sz000400,许继电气,2025-10-16 11:25:00,27.29,11700,27.29,U
sz000400,许继电气,2025-10-16 11:25:09,27.27,20600,27.29,D
sz000400,许继电气,2025-10-16 11:25:33,27.26,24600,27.26,U
sz000400,许继电气,2025-10-16 11:25:54,27.28,8300,27.28,U
sz000400,许继电气,2025-10-16 11:26:51,27.26,7400,27.27,D
sz000400,许继电气,2025-10-16 11:26:54,27.26,15200,27.26,U
sz000400,许继电气,2025-10-16 11:27:45,27.24,9300,27.24,U
sz000400,许继电气,2025-10-16 11:28:12,27.23,8400,27.23,D
sz000400,许继电气,2025-10-16 11:28:33,27.21,9600,27.22,D
sz000400,许继电气,2025-10-16 11:28:36,27.22,9900,27.21,U
sz000400,许继电气,2025-10-16 11:28:42,27.21,7600,27.23,D
sz000400,许继电气,2025-10-16 11:29:00,27.22,14300,27.2,U
sz000400,许继电气,2025-10-16 11:29:06,27.2,8100,27.2,D
sz000400,许继电气,2025-10-16 11:29:12,27.18,12500,27.19,D
sz000400,许继电气,2025-10-16 11:29:15,27.19,10200,27.18,E
sz000400,许继电气,2025-10-16 11:29:51,27.15,45000,27.15,D
sz000400,许继电气,2025-10-16 11:29:54,27.12,37800,27.15,D
sz000400,许继电气,2025-10-16 13:00:00,27.11,45100,27.11,D
sz000400,许继电气,2025-10-16 13:00:03,27.1,62400,27.11,D
sz000400,许继电气,2025-10-16 13:01:12,27.08,35400,27.09,D
sz000400,许继电气,2025-10-16 13:01:15,27.06,63400,27.08,D
sz000400,许继电气,2025-10-16 13:01:18,27.06,8400,27.06,U
sz000400,许继电气,2025-10-16 13:01:57,27.07,26400,27.06,U
sz000400,许继电气,2025-10-16 13:02:27,27.09,15600,27.09,U
sz000400,许继电气,2025-10-16 13:02:36,27.09,35100,27.1,U
sz000400,许继电气,2025-10-16 13:02:48,27.09,17800,27.09,U
sz000400,许继电气,2025-10-16 13:02:57,27.06,31400,27.06,D
sz000400,许继电气,2025-10-16 13:03:00,27.05,13700,27.06,D
sz000400,许继电气,2025-10-16 13:03:06,27.05,10800,27.05,D
sz000400,许继电气,2025-10-16 13:03:09,27.04,10700,27.05,D
sz000400,许继电气,2025-10-16 13:03:12,27.07,10600,27.04,U
sz000400,许继电气,2025-10-16 13:03:27,27.06,7800,27.1,D
sz000400,许继电气,2025-10-16 13:03:45,27.09,23100,27.09,U
sz000400,许继电气,2025-10-16 13:03:48,27.07,56400,27.09,E
sz000400,许继电气,2025-10-16 13:04:09,27.03,55300,27.06,D
sz000400,许继电气,2025-10-16 13:04:12,27.06,40400,27.03,U
sz000400,许继电气,2025-10-16 13:04:36,27.07,9000,27.06,U
sz000400,许继电气,2025-10-16 13:04:39,27.04,10500,27.07,D
sz000400,许继电气,2025-10-16 13:04:54,27.04,17300,27.05,D
sz000400,许继电气,2025-10-16 13:05:06,27.02,47600,27.03,D
sz000400,许继电气,2025-10-16 13:05:21,27.01,56200,27.01,D
sz000400,许继电气,2025-10-16 13:05:27,27.0,12300,27.01,D
sz000400,许继电气,2025-10-16 13:05:39,26.97,224900,27.0,D
sz000400,许继电气,2025-10-16 13:05:51,26.96,16500,26.98,D
sz000400,许继电气,2025-10-16 13:06:00,26.96,20200,26.96,D
sz000400,许继电气,2025-10-16 13:06:30,27.0,21000,26.99,D
sz000400,许继电气,2025-10-16 13:06:45,26.99,16900,26.98,U
sz000400,许继电气,2025-10-16 13:06:48,26.99,8600,26.99,D
sz000400,许继电气,2025-10-16 13:06:51,26.98,16400,26.99,D
sz000400,许继电气,2025-10-16 13:07:00,26.98,14900,26.99,D
sz000400,许继电气,2025-10-16 13:07:15,26.97,28300,26.97,D
sz000400,许继电气,2025-10-16 13:07:21,26.96,24300,26.97,D
sz000400,许继电气,2025-10-16 13:07:30,26.96,11000,26.96,D
sz000400,许继电气,2025-10-16 13:07:33,26.95,8200,26.96,D
sz000400,许继电气,2025-10-16 13:07:36,26.95,25000,26.95,D
sz000400,许继电气,2025-10-16 13:07:39,26.95,25100,26.95,D
sz000400,许继电气,2025-10-16 13:07:45,26.96,9800,26.98,E
sz000400,许继电气,2025-10-16 13:07:51,26.95,68893,26.97,D
sz000400,许继电气,2025-10-16 13:08:03,26.95,8900,26.95,D
sz000400,许继电气,2025-10-16 13:08:09,26.95,27000,26.95,D
sz000400,许继电气,2025-10-16 13:08:15,26.97,25000,26.96,U
sz000400,许继电气,2025-10-16 13:08:21,26.96,12300,26.97,U
sz000400,许继电气,2025-10-16 13:08:24,26.97,12700,26.96,U
sz000400,许继电气,2025-10-16 13:08:30,26.95,20200,26.96,D
sz000400,许继电气,2025-10-16 13:08:36,26.93,19700,26.96,D
sz000400,许继电气,2025-10-16 13:08:39,26.95,16100,26.93,U
sz000400,许继电气,2025-10-16 13:08:42,26.94,26200,26.95,D
sz000400,许继电气,2025-10-16 13:08:45,26.95,62100,26.94,U
sz000400,许继电气,2025-10-16 13:08:48,26.92,11493,26.95,D
sz000400,许继电气,2025-10-16 13:09:00,26.92,25200,26.92,D
sz000400,许继电气,2025-10-16 13:09:09,26.95,17800,26.92,U
sz000400,许继电气,2025-10-16 13:10:00,26.93,9200,26.95,D
sz000400,许继电气,2025-10-16 13:10:09,26.94,33100,26.94,U
sz000400,许继电气,2025-10-16 13:10:24,26.94,15900,26.95,D
sz000400,许继电气,2025-10-16 13:10:36,26.94,16483,26.94,U
sz000400,许继电气,2025-10-16 13:10:45,26.94,12900,26.95,D
sz000400,许继电气,2025-10-16 13:11:06,26.96,7700,26.96,U
sz000400,许继电气,2025-10-16 13:11:24,26.97,8600,26.97,U
sz000400,许继电气,2025-10-16 13:11:30,26.97,8200,26.97,D
sz000400,许继电气,2025-10-16 13:11:39,26.96,23400,26.97,D
sz000400,许继电气,2025-10-16 13:11:48,26.96,8100,26.96,D
sz000400,许继电气,2025-10-16 13:12:06,26.97,9700,26.97,E
sz000400,许继电气,2025-10-16 13:12:15,26.96,17100,26.98,D
sz000400,许继电气,2025-10-16 13:12:39,26.95,37800,26.96,D
sz000400,许继电气,2025-10-16 13:12:42,26.93,17600,26.95,D
sz000400,许继电气,2025-10-16 13:12:48,26.94,19600,26.93,U
sz000400,许继电气,2025-10-16 13:13:03,26.92,13800,26.92,D
sz000400,许继电气,2025-10-16 13:13:06,26.92,15300,26.92,D
sz000400,许继电气,2025-10-16 13:13:15,26.92,14100,26.92,D
sz000400,许继电气,2025-10-16 13:13:18,26.92,12000,26.92,D
sz000400,许继电气,2025-10-16 13:13:21,26.92,10400,26.92,D
sz000400,许继电气,2025-10-16 13:13:24,26.92,9200,26.92,D
sz000400,许继电气,2025-10-16 13:13:51,26.92,14100,26.92,U
sz000400,许继电气,2025-10-16 13:14:03,26.93,8300,26.92,U
sz000400,许继电气,2025-10-16 13:14:21,26.93,8700,26.92,U
sz000400,许继电气,2025-10-16 13:14:30,26.92,10300,26.92,D
sz000400,许继电气,2025-10-16 13:14:57,26.92,17200,26.93,D
sz000400,许继电气,2025-10-16 13:15:36,26.95,8800,26.95,U
sz000400,许继电气,2025-10-16 13:15:48,26.95,8700,26.95,D
sz000400,许继电气,2025-10-16 13:16:12,26.93,11300,26.94,D
sz000400,许继电气,2025-10-16 13:16:33,26.94,10200,26.93,U
sz000400,许继电气,2025-10-16 13:16:45,26.96,11800,26.93,U
sz000400,许继电气,2025-10-16 13:17:27,26.95,11800,26.95,U
sz000400,许继电气,2025-10-16 13:17:36,26.93,22900,26.95,D
sz000400,许继电气,2025-10-16 13:17:48,26.93,8900,26.92,U
sz000400,许继电气,2025-10-16 13:17:54,26.92,20600,26.93,D
sz000400,许继电气,2025-10-16 13:18:00,26.92,37300,26.92,D
sz000400,许继电气,2025-10-16 13:18:03,26.92,78100,26.92,D
sz000400,许继电气,2025-10-16 13:18:06,26.92,11800,26.92,D
sz000400,许继电气,2025-10-16 13:18:15,26.91,18800,26.92,D
sz000400,许继电气,2025-10-16 13:18:27,26.93,19400,26.91,U
sz000400,许继电气,2025-10-16 13:18:36,26.91,12000,26.92,D
sz000400,许继电气,2025-10-16 13:18:51,26.9,79700,26.92,D
sz000400,许继电气,2025-10-16 13:18:54,26.9,31700,26.9,D
sz000400,许继电气,2025-10-16 13:19:00,26.9,13900,26.9,D
sz000400,许继电气,2025-10-16 13:19:03,26.9,34900,26.9,D
sz000400,许继电气,2025-10-16 13:19:15,26.9,35700,26.9,D
sz000400,许继电气,2025-10-16 13:19:21,26.92,13500,26.91,U
sz000400,许继电气,2025-10-16 13:19:54,26.97,30700,26.96,U
sz000400,许继电气,2025-10-16 13:20:06,26.95,17600,26.95,U
sz000400,许继电气,2025-10-16 13:20:09,26.94,11600,26.95,E
sz000400,许继电气,2025-10-16 13:20:21,26.96,10900,26.95,U
sz000400,许继电气,2025-10-16 13:20:36,26.94,20200,26.96,D
sz000400,许继电气,2025-10-16 13:20:51,26.96,29200,26.95,U
sz000400,许继电气,2025-10-16 13:20:54,26.94,31100,26.96,D
sz000400,许继电气,2025-10-16 13:21:24,26.98,30500,26.96,U
sz000400,许继电气,2025-10-16 13:22:09,26.98,7600,26.98,U
sz000400,许继电气,2025-10-16 13:22:12,26.96,7800,26.98,D
sz000400,许继电气,2025-10-16 13:22:48,26.95,11300,26.95,D
sz000400,许继电气,2025-10-16 13:22:57,26.92,21700,26.95,D
sz000400,许继电气,2025-10-16 13:23:06,26.92,11500,26.94,D
sz000400,许继电气,2025-10-16 13:23:09,26.9,136893,26.92,D
sz000400,许继电气,2025-10-16 13:23:15,26.89,8800,26.9,D
sz000400,许继电气,2025-10-16 13:23:18,26.88,81400,26.89,D
sz000400,许继电气,2025-10-16 13:23:21,26.88,8800,26.88,U
sz000400,许继电气,2025-10-16 13:23:33,26.85,14900,26.85,D
sz000400,许继电气,2025-10-16 13:23:45,26.84,14800,26.85,E
sz000400,许继电气,2025-10-16 13:23:48,26.84,10300,26.84,D
sz000400,许继电气,2025-10-16 13:23:51,26.83,55600,26.84,D
sz000400,许继电气,2025-10-16 13:23:54,26.87,77500,26.83,U
sz000400,许继电气,2025-10-16 13:23:57,26.86,22400,26.87,D
sz000400,许继电气,2025-10-16 13:24:06,26.83,19100,26.84,D
sz000400,许继电气,2025-10-16 13:24:12,26.83,10100,26.84,D
sz000400,许继电气,2025-10-16 13:24:15,26.83,35900,26.83,D
sz000400,许继电气,2025-10-16 13:24:21,26.85,7700,26.85,U
sz000400,许继电气,2025-10-16 13:24:24,26.86,76100,26.85,U
sz000400,许继电气,2025-10-16 13:24:30,26.82,8600,26.85,D
sz000400,许继电气,2025-10-16 13:24:45,26.81,70000,26.84,D
sz000400,许继电气,2025-10-16 13:24:48,26.83,38900,26.81,D
sz000400,许继电气,2025-10-16 13:24:51,26.86,24000,26.83,D
sz000400,许继电气,2025-10-16 13:24:54,26.85,21900,26.86,D
sz000400,许继电气,2025-10-16 13:25:03,26.85,35000,26.84,U
sz000400,许继电气,2025-10-16 13:25:06,26.86,11300,26.85,U
sz000400,许继电气,2025-10-16 13:25:24,26.89,60100,26.85,U
sz000400,许继电气,2025-10-16 13:25:27,26.86,16100,26.89,D
sz000400,许继电气,2025-10-16 13:25:48,26.9,9200,26.9,U
sz000400,许继电气,2025-10-16 13:25:51,26.84,129900,26.9,D
sz000400,许继电气,2025-10-16 13:25:54,26.9,8100,26.84,D
sz000400,许继电气,2025-10-16 13:26:18,26.87,8700,26.88,D
sz000400,许继电气,2025-10-16 13:26:27,26.86,14300,26.86,D
sz000400,许继电气,2025-10-16 13:26:36,26.85,10500,26.85,D
sz000400,许继电气,2025-10-16 13:27:00,26.84,58000,26.84,D
sz000400,许继电气,2025-10-16 13:27:03,26.84,56200,26.84,D
sz000400,许继电气,2025-10-16 13:27:06,26.84,14300,26.84,U
sz000400,许继电气,2025-10-16 13:27:24,26.85,9400,26.86,D
sz000400,许继电气,2025-10-16 13:27:48,26.87,52000,26.85,U
sz000400,许继电气,2025-10-16 13:27:54,26.86,14900,26.86,D
sz000400,许继电气,2025-10-16 13:28:06,26.86,12700,26.86,D
sz000400,许继电气,2025-10-16 13:28:39,26.88,8100,26.88,D
sz000400,许继电气,2025-10-16 13:29:24,26.85,45600,26.87,D
sz000400,许继电气,2025-10-16 13:29:57,26.85,76200,26.84,U
sz000400,许继电气,2025-10-16 13:30:15,26.85,50800,26.86,D
sz000400,许继电气,2025-10-16 13:30:24,26.85,16200,26.87,D
sz000400,许继电气,2025-10-16 13:30:36,26.84,9400,26.84,D
sz000400,许继电气,2025-10-16 13:30:42,26.85,13200,26.85,U
sz000400,许继电气,2025-10-16 13:30:48,26.84,7800,26.84,D
sz000400,许继电气,2025-10-16 13:30:51,26.85,69300,26.84,U
sz000400,许继电气,2025-10-16 13:31:12,26.84,8400,26.83,U
sz000400,许继电气,2025-10-16 13:31:15,26.83,14300,26.84,D
sz000400,许继电气,2025-10-16 13:31:18,26.83,33207,26.83,D
sz000400,许继电气,2025-10-16 13:31:21,26.83,13400,26.83,D
sz000400,许继电气,2025-10-16 13:31:39,26.82,9700,26.83,D
sz000400,许继电气,2025-10-16 13:31:45,26.82,12400,26.82,D
sz000400,许继电气,2025-10-16 13:31:48,26.82,97400,26.82,D
sz000400,许继电气,2025-10-16 13:31:54,26.83,11000,26.84,D
sz000400,许继电气,2025-10-16 13:31:57,26.87,11100,26.83,U
sz000400,许继电气,2025-10-16 13:32:00,26.86,38000,26.87,E
sz000400,许继电气,2025-10-16 13:32:03,26.87,10400,26.86,U
sz000400,许继电气,2025-10-16 13:32:36,26.86,12900,26.86,U
sz000400,许继电气,2025-10-16 13:33:15,26.89,20917,26.88,U
sz000400,许继电气,2025-10-16 13:33:21,26.88,14000,26.87,U
sz000400,许继电气,2025-10-16 13:33:42,26.89,8000,26.89,U
sz000400,许继电气,2025-10-16 13:34:06,26.9,19500,26.89,U
sz000400,许继电气,2025-10-16 13:35:06,26.91,8800,26.93,D
sz000400,许继电气,2025-10-16 13:35:42,26.92,8300,26.91,U
sz000400,许继电气,2025-10-16 13:35:54,26.92,7600,26.92,U
sz000400,许继电气,2025-10-16 13:36:00,26.92,9300,26.92,U
sz000400,许继电气,2025-10-16 13:36:03,26.93,12600,26.92,U
sz000400,许继电气,2025-10-16 13:36:21,26.92,10100,26.92,U
sz000400,许继电气,2025-10-16 13:36:27,26.9,17900,26.91,D
sz000400,许继电气,2025-10-16 13:37:30,26.87,30500,26.86,U
sz000400,许继电气,2025-10-16 13:37:33,26.86,13400,26.87,D
sz000400,许继电气,2025-10-16 13:37:42,26.86,18500,26.86,E
sz000400,许继电气,2025-10-16 13:37:45,26.86,8300,26.86,U
sz000400,许继电气,2025-10-16 13:38:12,26.84,16500,26.85,D
sz000400,许继电气,2025-10-16 13:38:54,26.83,33500,26.84,D
sz000400,许继电气,2025-10-16 13:39:30,26.82,7600,26.83,D
sz000400,许继电气,2025-10-16 13:39:39,26.83,101500,26.82,U
sz000400,许继电气,2025-10-16 13:39:57,26.82,9000,26.82,D
sz000400,许继电气,2025-10-16 13:40:09,26.83,40707,26.82,U
sz000400,许继电气,2025-10-16 13:40:15,26.82,35500,26.83,D
sz000400,许继电气,2025-10-16 13:40:21,26.82,19400,26.82,D
sz000400,许继电气,2025-10-16 13:41:45,26.89,10200,26.89,U
sz000400,许继电气,2025-10-16 13:42:18,26.88,10500,26.87,U
sz000400,许继电气,2025-10-16 13:43:12,26.84,11800,26.85,D
sz000400,许继电气,2025-10-16 13:43:27,26.85,12000,26.85,D
sz000400,许继电气,2025-10-16 13:43:45,26.84,22000,26.86,D
sz000400,许继电气,2025-10-16 13:44:45,26.83,12000,26.84,D
sz000400,许继电气,2025-10-16 13:44:51,26.84,21800,26.83,U
sz000400,许继电气,2025-10-16 13:45:03,26.85,8300,26.85,U
sz000400,许继电气,2025-10-16 13:45:36,26.8,401200,26.83,D
sz000400,许继电气,2025-10-16 13:45:42,26.79,15000,26.8,D
sz000400,许继电气,2025-10-16 13:45:45,26.8,39100,26.79,E
sz000400,许继电气,2025-10-16 13:45:48,26.8,12000,26.8,U
sz000400,许继电气,2025-10-16 13:45:51,26.78,26200,26.8,E
sz000400,许继电气,2025-10-16 13:46:00,26.75,24500,26.76,D
sz000400,许继电气,2025-10-16 13:46:06,26.75,8800,26.74,U
sz000400,许继电气,2025-10-16 13:46:15,26.78,79300,26.74,U
sz000400,许继电气,2025-10-16 13:46:33,26.79,13700,26.77,U
sz000400,许继电气,2025-10-16 13:46:51,26.76,17000,26.77,D
sz000400,许继电气,2025-10-16 13:47:00,26.76,9300,26.77,D
sz000400,许继电气,2025-10-16 13:47:15,26.75,34600,26.77,D
sz000400,许继电气,2025-10-16 13:47:18,26.75,10100,26.75,D
sz000400,许继电气,2025-10-16 13:47:21,26.77,27200,26.75,U
sz000400,许继电气,2025-10-16 13:47:24,26.77,29400,26.77,U
sz000400,许继电气,2025-10-16 13:47:48,26.76,8900,26.77,D
sz000400,许继电气,2025-10-16 13:48:00,26.76,9000,26.76,D
sz000400,许继电气,2025-10-16 13:48:15,26.76,14700,26.76,D
sz000400,许继电气,2025-10-16 13:48:18,26.76,12200,26.76,U
sz000400,许继电气,2025-10-16 13:48:21,26.76,7700,26.76,D
sz000400,许继电气,2025-10-16 13:48:24,26.76,8700,26.76,D
sz000400,许继电气,2025-10-16 13:49:15,26.76,21900,26.76,U
sz000400,许继电气,2025-10-16 13:49:27,26.74,40700,26.75,D
sz000400,许继电气,2025-10-16 13:49:39,26.73,27800,26.73,D
sz000400,许继电气,2025-10-16 13:49:42,26.74,30300,26.73,D
sz000400,许继电气,2025-10-16 13:50:15,26.75,12900,26.74,U
sz000400,许继电气,2025-10-16 13:50:27,26.74,21400,26.74,D
sz000400,许继电气,2025-10-16 13:50:48,26.73,8000,26.73,U
sz000400,许继电气,2025-10-16 13:50:51,26.72,9500,26.73,D
sz000400,许继电气,2025-10-16 13:50:57,26.72,40900,26.72,D
sz000400,许继电气,2025-10-16 13:51:00,26.76,62700,26.72,U
sz000400,许继电气,2025-10-16 13:51:03,26.75,11100,26.76,U
sz000400,许继电气,2025-10-16 13:51:06,26.71,51700,26.75,D
sz000400,许继电气,2025-10-16 13:51:09,26.77,9100,26.71,U
sz000400,许继电气,2025-10-16 13:51:12,26.77,31700,26.77,U
sz000400,许继电气,2025-10-16 13:51:24,26.73,18400,26.75,D
sz000400,许继电气,2025-10-16 13:51:36,26.73,18900,26.73,U
sz000400,许继电气,2025-10-16 13:51:39,26.74,12000,26.73,U
sz000400,许继电气,2025-10-16 13:51:45,26.73,14400,26.74,D
sz000400,许继电气,2025-10-16 13:51:48,26.73,25400,26.73,D
sz000400,许继电气,2025-10-16 13:51:57,26.73,7500,26.73,U
sz000400,许继电气,2025-10-16 13:52:03,26.73,21200,26.73,U
sz000400,许继电气,2025-10-16 13:52:06,26.73,21300,26.73,D
sz000400,许继电气,2025-10-16 13:52:18,26.76,9400,26.74,U
sz000400,许继电气,2025-10-16 13:52:33,26.77,11500,26.77,U
sz000400,许继电气,2025-10-16 13:52:48,26.78,15200,26.78,U
sz000400,许继电气,2025-10-16 13:53:03,26.8,11600,26.79,U
sz000400,许继电气,2025-10-16 13:53:06,26.8,62800,26.8,U
sz000400,许继电气,2025-10-16 13:53:09,26.81,28500,26.8,U
sz000400,许继电气,2025-10-16 13:53:57,26.87,12900,26.86,U
sz000400,许继电气,2025-10-16 13:54:00,26.87,18700,26.87,U
sz000400,许继电气,2025-10-16 13:54:03,26.86,16600,26.87,D
sz000400,许继电气,2025-10-16 13:54:36,26.85,7700,26.83,U
sz000400,许继电气,2025-10-16 13:54:42,26.84,9400,26.85,D
sz000400,许继电气,2025-10-16 13:54:48,26.85,17100,26.85,U
sz000400,许继电气,2025-10-16 13:55:15,26.86,12100,26.85,U
sz000400,许继电气,2025-10-16 13:55:57,26.87,46500,26.87,U
sz000400,许继电气,2025-10-16 13:56:24,26.89,23200,26.88,U
sz000400,许继电气,2025-10-16 13:56:54,26.87,19500,26.88,E
sz000400,许继电气,2025-10-16 13:57:03,26.85,14200,26.86,D
sz000400,许继电气,2025-10-16 13:57:06,26.87,52600,26.85,U
sz000400,许继电气,2025-10-16 13:57:09,26.84,7800,26.87,D
sz000400,许继电气,2025-10-16 13:57:12,26.85,7500,26.84,U
sz000400,许继电气,2025-10-16 13:57:42,26.79,26200,26.83,D
sz000400,许继电气,2025-10-16 13:57:45,26.81,10700,26.79,U
sz000400,许继电气,2025-10-16 13:58:36,26.79,11900,26.81,D
sz000400,许继电气,2025-10-16 13:58:48,26.79,7900,26.81,D
sz000400,许继电气,2025-10-16 13:59:00,26.8,11200,26.8,D
sz000400,许继电气,2025-10-16 13:59:03,26.8,9800,26.8,D
sz000400,许继电气,2025-10-16 13:59:09,26.76,42300,26.8,D
sz000400,许继电气,2025-10-16 13:59:51,26.75,23200,26.75,D
sz000400,许继电气,2025-10-16 14:00:03,26.74,11700,26.74,D
sz000400,许继电气,2025-10-16 14:00:33,26.76,7700,26.75,U
sz000400,许继电气,2025-10-16 14:00:45,26.74,16900,26.74,D
sz000400,许继电气,2025-10-16 14:00:48,26.74,8200,26.74,D
sz000400,许继电气,2025-10-16 14:00:51,26.72,23600,26.74,D
sz000400,许继电气,2025-10-16 14:01:03,26.75,35300,26.73,U
sz000400,许继电气,2025-10-16 14:01:27,26.75,88100,26.75,U
sz000400,许继电气,2025-10-16 14:01:33,26.72,13400,26.74,D
sz000400,许继电气,2025-10-16 14:02:27,26.73,16900,26.73,D
sz000400,许继电气,2025-10-16 14:02:48,26.72,29700,26.73,D
sz000400,许继电气,2025-10-16 14:02:51,26.74,19100,26.72,U
sz000400,许继电气,2025-10-16 14:03:15,26.74,12100,26.74,U
sz000400,许继电气,2025-10-16 14:04:06,26.72,51600,26.74,D
sz000400,许继电气,2025-10-16 14:04:18,26.72,22800,26.72,D
sz000400,许继电气,2025-10-16 14:04:54,26.74,10100,26.73,U
sz000400,许继电气,2025-10-16 14:04:57,26.75,10400,26.74,U
sz000400,许继电气,2025-10-16 14:05:00,26.74,8000,26.75,D
sz000400,许继电气,2025-10-16 14:05:42,26.8,16800,26.78,U
sz000400,许继电气,2025-10-16 14:06:09,26.84,7600,26.82,U
sz000400,许继电气,2025-10-16 14:06:33,26.85,11900,26.84,U
sz000400,许继电气,2025-10-16 14:06:39,26.85,22700,26.83,U
sz000400,许继电气,2025-10-16 14:06:51,26.83,10200,26.85,D
sz000400,许继电气,2025-10-16 14:07:00,26.83,8800,26.83,D
sz000400,许继电气,2025-10-16 14:07:03,26.82,7900,26.83,D
sz000400,许继电气,2025-10-16 14:07:21,26.75,22600,26.8,D
sz000400,许继电气,2025-10-16 14:08:09,26.78,8600,26.78,D
sz000400,许继电气,2025-10-16 14:08:27,26.8,9000,26.79,U
sz000400,许继电气,2025-10-16 14:09:15,26.77,10400,26.78,D
sz000400,许继电气,2025-10-16 14:09:21,26.77,10900,26.77,D
sz000400,许继电气,2025-10-16 14:09:45,26.76,11500,26.76,D
sz000400,许继电气,2025-10-16 14:10:00,26.77,16000,26.77,D
sz000400,许继电气,2025-10-16 14:10:06,26.77,11500,26.77,D
sz000400,许继电气,2025-10-16 14:10:15,26.81,34100,26.79,U
sz000400,许继电气,2025-10-16 14:10:18,26.8,9000,26.81,D
sz000400,许继电气,2025-10-16 14:10:54,26.83,7900,26.83,U
sz000400,许继电气,2025-10-16 14:11:00,26.82,12700,26.82,D
sz000400,许继电气,2025-10-16 14:11:03,26.82,16900,26.82,E
sz000400,许继电气,2025-10-16 14:11:42,26.82,9300,26.81,U
sz000400,许继电气,2025-10-16 14:11:48,26.8,8600,26.82,D
sz000400,许继电气,2025-10-16 14:11:57,26.8,20700,26.8,E
sz000400,许继电气,2025-10-16 14:12:00,26.78,19500,26.8,D
sz000400,许继电气,2025-10-16 14:12:06,26.8,9000,26.78,U
sz000400,许继电气,2025-10-16 14:12:54,26.79,10600,26.79,D
sz000400,许继电气,2025-10-16 14:12:57,26.8,11600,26.79,U
sz000400,许继电气,2025-10-16 14:13:03,26.78,18100,26.8,D
sz000400,许继电气,2025-10-16 14:13:24,26.8,10600,26.8,D
sz000400,许继电气,2025-10-16 14:14:00,26.79,23600,26.78,U
sz000400,许继电气,2025-10-16 14:14:42,26.78,9100,26.78,U
sz000400,许继电气,2025-10-16 14:15:03,26.79,87300,26.79,U
sz000400,许继电气,2025-10-16 14:16:00,26.8,36500,26.8,U
sz000400,许继电气,2025-10-16 14:16:09,26.8,16700,26.79,U
sz000400,许继电气,2025-10-16 14:16:39,26.76,11800,26.77,D
sz000400,许继电气,2025-10-16 14:16:54,26.77,11700,26.77,U
sz000400,许继电气,2025-10-16 14:16:57,26.76,7900,26.77,D
sz000400,许继电气,2025-10-16 14:17:06,26.75,13700,26.77,D
sz000400,许继电气,2025-10-16 14:18:03,26.75,10300,26.75,D
sz000400,许继电气,2025-10-16 14:18:15,26.76,23800,26.76,U
sz000400,许继电气,2025-10-16 14:18:24,26.77,21200,26.77,U
sz000400,许继电气,2025-10-16 14:19:06,26.8,13500,26.79,U
sz000400,许继电气,2025-10-16 14:19:51,26.8,16300,26.81,D
sz000400,许继电气,2025-10-16 14:20:18,26.8,9900,26.8,U
sz000400,许继电气,2025-10-16 14:20:21,26.8,8400,26.8,U
sz000400,许继电气,2025-10-16 14:21:45,26.76,23000,26.77,D
sz000400,许继电气,2025-10-16 14:21:51,26.77,11900,26.76,U
sz000400,许继电气,2025-10-16 14:21:54,26.77,7800,26.77,D
sz000400,许继电气,2025-10-16 14:22:00,26.77,7700,26.77,D
sz000400,许继电气,2025-10-16 14:22:03,26.77,77100,26.77,D
sz000400,许继电气,2025-10-16 14:22:15,26.75,42600,26.76,D
sz000400,许继电气,2025-10-16 14:22:54,26.75,9400,26.75,U
sz000400,许继电气,2025-10-16 14:23:00,26.75,13300,26.75,D
sz000400,许继电气,2025-10-16 14:23:12,26.74,18500,26.75,D
sz000400,许继电气,2025-10-16 14:23:15,26.75,11400,26.74,U
sz000400,许继电气,2025-10-16 14:23:18,26.75,13300,26.75,U
sz000400,许继电气,2025-10-16 14:23:24,26.75,7900,26.74,U
sz000400,许继电气,2025-10-16 14:23:27,26.75,8400,26.75,U
sz000400,许继电气,2025-10-16 14:23:45,26.74,12100,26.74,U
sz000400,许继电气,2025-10-16 14:23:54,26.73,9500,26.73,D
sz000400,许继电气,2025-10-16 14:24:09,26.72,15000,26.72,D
sz000400,许继电气,2025-10-16 14:24:15,26.71,25800,26.73,D
sz000400,许继电气,2025-10-16 14:24:18,26.71,14700,26.71,D
sz000400,许继电气,2025-10-16 14:24:30,26.72,11000,26.71,U
sz000400,许继电气,2025-10-16 14:24:33,26.71,8800,26.72,D
sz000400,许继电气,2025-10-16 14:24:45,26.7,18300,26.7,D
sz000400,许继电气,2025-10-16 14:24:48,26.7,67500,26.7,D
sz000400,许继电气,2025-10-16 14:24:51,26.7,11400,26.7,D
sz000400,许继电气,2025-10-16 14:24:54,26.71,13100,26.7,U
sz000400,许继电气,2025-10-16 14:24:57,26.7,38600,26.71,D
sz000400,许继电气,2025-10-16 14:25:03,26.7,30100,26.7,D
sz000400,许继电气,2025-10-16 14:25:09,26.71,21000,26.7,U
sz000400,许继电气,2025-10-16 14:25:12,26.7,15300,26.71,D
sz000400,许继电气,2025-10-16 14:25:21,26.7,13600,26.71,D
sz000400,许继电气,2025-10-16 14:25:24,26.69,19900,26.7,D
sz000400,许继电气,2025-10-16 14:25:30,26.7,13600,26.7,U
sz000400,许继电气,2025-10-16 14:25:36,26.69,13400,26.69,D
sz000400,许继电气,2025-10-16 14:25:45,26.69,8400,26.69,U
sz000400,许继电气,2025-10-16 14:25:48,26.68,13800,26.69,D
sz000400,许继电气,2025-10-16 14:25:57,26.69,22600,26.68,U
sz000400,许继电气,2025-10-16 14:26:03,26.68,21300,26.69,D
sz000400,许继电气,2025-10-16 14:26:09,26.68,11900,26.69,D
sz000400,许继电气,2025-10-16 14:26:18,26.69,9100,26.68,U
sz000400,许继电气,2025-10-16 14:26:21,26.69,8600,26.69,U
sz000400,许继电气,2025-10-16 14:26:24,26.68,91700,26.69,D
sz000400,许继电气,2025-10-16 14:26:27,26.68,19500,26.68,E
sz000400,许继电气,2025-10-16 14:26:30,26.69,7700,26.68,D
sz000400,许继电气,2025-10-16 14:26:39,26.69,19900,26.69,U
sz000400,许继电气,2025-10-16 14:26:42,26.71,8300,26.69,U
sz000400,许继电气,2025-10-16 14:26:57,26.69,13400,26.69,D
sz000400,许继电气,2025-10-16 14:27:39,26.7,13500,26.69,U
sz000400,许继电气,2025-10-16 14:27:48,26.7,19500,26.69,U
sz000400,许继电气,2025-10-16 14:27:51,26.72,12200,26.7,U
sz000400,许继电气,2025-10-16 14:27:57,26.73,10600,26.7,U
sz000400,许继电气,2025-10-16 14:28:00,26.7,9300,26.73,D
sz000400,许继电气,2025-10-16 14:28:57,26.71,8100,26.71,U
sz000400,许继电气,2025-10-16 14:29:03,26.71,11700,26.7,U
sz000400,许继电气,2025-10-16 14:29:45,26.7,18500,26.71,D
sz000400,许继电气,2025-10-16 14:30:06,26.71,13500,26.71,U
sz000400,许继电气,2025-10-16 14:30:09,26.71,10400,26.71,U
sz000400,许继电气,2025-10-16 14:30:15,26.73,8800,26.73,U
sz000400,许继电气,2025-10-16 14:30:33,26.73,12700,26.74,D
sz000400,许继电气,2025-10-16 14:30:45,26.76,8200,26.76,U
sz000400,许继电气,2025-10-16 14:30:48,26.76,12500,26.76,D
sz000400,许继电气,2025-10-16 14:32:24,26.77,10100,26.75,U
sz000400,许继电气,2025-10-16 14:32:30,26.75,11000,26.76,D
sz000400,许继电气,2025-10-16 14:32:39,26.75,10000,26.77,D
sz000400,许继电气,2025-10-16 14:33:12,26.75,16400,26.74,U
sz000400,许继电气,2025-10-16 14:33:15,26.76,50100,26.75,U
sz000400,许继电气,2025-10-16 14:33:24,26.75,11800,26.75,D
sz000400,许继电气,2025-10-16 14:33:36,26.75,8800,26.76,D
sz000400,许继电气,2025-10-16 14:34:12,26.79,28900,26.79,U
sz000400,许继电气,2025-10-16 14:34:21,26.79,7700,26.79,D
sz000400,许继电气,2025-10-16 14:34:27,26.79,7800,26.81,D
sz000400,许继电气,2025-10-16 14:34:42,26.77,31100,26.79,D
sz000400,许继电气,2025-10-16 14:35:51,26.77,9900,26.78,D
sz000400,许继电气,2025-10-16 14:36:15,26.77,19900,26.77,D
sz000400,许继电气,2025-10-16 14:36:36,26.77,14100,26.77,U
sz000400,许继电气,2025-10-16 14:37:00,26.76,8900,26.76,D
sz000400,许继电气,2025-10-16 14:37:09,26.75,9300,26.75,D
sz000400,许继电气,2025-10-16 14:37:12,26.75,11600,26.75,D
sz000400,许继电气,2025-10-16 14:37:18,26.76,12700,26.75,U
sz000400,许继电气,2025-10-16 14:37:24,26.75,13100,26.75,D
sz000400,许继电气,2025-10-16 14:37:30,26.75,11000,26.75,U
sz000400,许继电气,2025-10-16 14:37:36,26.74,15000,26.74,D
sz000400,许继电气,2025-10-16 14:37:39,26.73,12200,26.74,D
sz000400,许继电气,2025-10-16 14:37:42,26.73,10100,26.73,U
sz000400,许继电气,2025-10-16 14:38:24,26.71,10800,26.71,U
sz000400,许继电气,2025-10-16 14:38:33,26.7,42800,26.71,D
sz000400,许继电气,2025-10-16 14:38:42,26.69,22500,26.69,D
sz000400,许继电气,2025-10-16 14:38:54,26.69,10300,26.68,U
sz000400,许继电气,2025-10-16 14:39:00,26.7,103700,26.68,U
sz000400,许继电气,2025-10-16 14:39:06,26.71,11500,26.7,U
sz000400,许继电气,2025-10-16 14:39:21,26.73,7800,26.72,U
sz000400,许继电气,2025-10-16 14:39:24,26.7,10000,26.73,D
sz000400,许继电气,2025-10-16 14:39:51,26.7,101900,26.72,D
sz000400,许继电气,2025-10-16 14:39:54,26.72,12100,26.7,U
sz000400,许继电气,2025-10-16 14:40:06,26.72,77600,26.7,U
sz000400,许继电气,2025-10-16 14:40:12,26.73,89600,26.73,U
sz000400,许继电气,2025-10-16 14:40:30,26.71,11100,26.7,U
sz000400,许继电气,2025-10-16 14:40:33,26.72,10700,26.71,U
sz000400,许继电气,2025-10-16 14:40:51,26.71,12500,26.71,D
sz000400,许继电气,2025-10-16 14:41:15,26.7,10000,26.72,D
sz000400,许继电气,2025-10-16 14:41:27,26.71,8600,26.71,U
sz000400,许继电气,2025-10-16 14:41:33,26.72,16000,26.71,U
sz000400,许继电气,2025-10-16 14:41:54,26.7,10700,26.7,D
sz000400,许继电气,2025-10-16 14:42:54,26.71,11600,26.71,U
sz000400,许继电气,2025-10-16 14:42:57,26.72,104400,26.71,U
sz000400,许继电气,2025-10-16 14:43:00,26.71,7900,26.72,D
sz000400,许继电气,2025-10-16 14:43:09,26.7,7700,26.71,D
sz000400,许继电气,2025-10-16 14:43:27,26.7,18900,26.71,D
sz000400,许继电气,2025-10-16 14:43:39,26.7,20200,26.71,D
sz000400,许继电气,2025-10-16 14:44:06,26.73,43100,26.72,U
sz000400,许继电气,2025-10-16 14:44:15,26.74,14800,26.74,U
sz000400,许继电气,2025-10-16 14:44:48,26.73,9100,26.73,U
sz000400,许继电气,2025-10-16 14:44:51,26.72,8700,26.73,D
sz000400,许继电气,2025-10-16 14:44:57,26.74,12800,26.73,U
sz000400,许继电气,2025-10-16 14:45:09,26.77,41500,26.73,U
sz000400,许继电气,2025-10-16 14:45:30,26.76,16400,26.77,D
sz000400,许继电气,2025-10-16 14:45:36,26.77,12500,26.77,D
sz000400,许继电气,2025-10-16 14:46:36,26.78,57700,26.77,U
sz000400,许继电气,2025-10-16 14:46:57,26.78,12300,26.77,U
sz000400,许继电气,2025-10-16 14:47:00,26.76,9400,26.78,D
sz000400,许继电气,2025-10-16 14:47:09,26.78,24700,26.78,D
sz000400,许继电气,2025-10-16 14:47:39,26.8,31500,26.8,D
sz000400,许继电气,2025-10-16 14:47:57,26.83,17100,26.79,U
sz000400,许继电气,2025-10-16 14:48:27,26.81,10200,26.8,U
sz000400,许继电气,2025-10-16 14:48:36,26.8,11700,26.8,D
sz000400,许继电气,2025-10-16 14:48:54,26.8,24500,26.8,D
sz000400,许继电气,2025-10-16 14:49:15,26.79,44100,26.78,U
sz000400,许继电气,2025-10-16 14:49:18,26.78,35300,26.79,D
sz000400,许继电气,2025-10-16 14:49:30,26.77,8900,26.77,D
sz000400,许继电气,2025-10-16 14:50:06,26.78,22500,26.76,U
sz000400,许继电气,2025-10-16 14:50:12,26.78,41100,26.78,D
sz000400,许继电气,2025-10-16 14:50:15,26.79,13100,26.78,U
sz000400,许继电气,2025-10-16 14:50:27,26.79,20500,26.8,D
sz000400,许继电气,2025-10-16 14:51:03,26.8,18000,26.79,U
sz000400,许继电气,2025-10-16 14:51:06,26.79,24600,26.8,D
sz000400,许继电气,2025-10-16 14:51:27,26.77,9100,26.79,D
sz000400,许继电气,2025-10-16 14:51:54,26.78,90335,26.78,D
sz000400,许继电气,2025-10-16 14:52:06,26.78,12400,26.78,D
sz000400,许继电气,2025-10-16 14:52:18,26.78,10900,26.79,D
sz000400,许继电气,2025-10-16 14:52:24,26.77,9200,26.78,D
sz000400,许继电气,2025-10-16 14:52:27,26.78,77500,26.77,U
sz000400,许继电气,2025-10-16 14:52:33,26.78,48500,26.78,D
sz000400,许继电气,2025-10-16 14:52:36,26.79,82100,26.78,E
sz000400,许继电气,2025-10-16 14:52:39,26.8,83100,26.79,E
sz000400,许继电气,2025-10-16 14:52:42,26.8,618900,26.8,D
sz000400,许继电气,2025-10-16 14:53:03,26.8,10400,26.8,D
sz000400,许继电气,2025-10-16 14:53:12,26.8,68000,26.83,D
sz000400,许继电气,2025-10-16 14:53:15,26.83,8500,26.8,D
sz000400,许继电气,2025-10-16 14:53:24,26.85,18500,26.83,U
sz000400,许继电气,2025-10-16 14:53:27,26.83,25300,26.85,U
sz000400,许继电气,2025-10-16 14:53:30,26.85,36100,26.83,U
sz000400,许继电气,2025-10-16 14:53:33,26.87,12000,26.85,U
sz000400,许继电气,2025-10-16 14:53:36,26.88,10000,26.87,U
sz000400,许继电气,2025-10-16 14:53:39,26.9,22800,26.88,U
sz000400,许继电气,2025-10-16 14:53:42,26.9,7800,26.9,E
sz000400,许继电气,2025-10-16 14:53:48,26.91,305800,26.92,D
sz000400,许继电气,2025-10-16 14:53:51,26.86,8100,26.91,E
sz000400,许继电气,2025-10-16 14:54:15,26.83,45600,26.87,D
sz000400,许继电气,2025-10-16 14:54:18,26.83,14700,26.83,U
sz000400,许继电气,2025-10-16 14:54:21,26.83,23900,26.83,U
sz000400,许继电气,2025-10-16 14:54:24,26.83,8800,26.83,U
sz000400,许继电气,2025-10-16 14:54:27,26.82,13700,26.83,D
sz000400,许继电气,2025-10-16 14:54:33,26.81,25100,26.81,D
sz000400,许继电气,2025-10-16 14:54:36,26.81,12100,26.81,U
sz000400,许继电气,2025-10-16 14:54:42,26.82,9200,26.81,U
sz000400,许继电气,2025-10-16 14:54:45,26.81,49400,26.82,D
sz000400,许继电气,2025-10-16 14:54:54,26.83,12400,26.82,U
sz000400,许继电气,2025-10-16 14:55:00,26.84,13300,26.83,U
sz000400,许继电气,2025-10-16 14:55:03,26.84,20300,26.84,D
sz000400,许继电气,2025-10-16 14:55:18,26.84,10800,26.84,U
sz000400,许继电气,2025-10-16 14:55:21,26.83,32700,26.84,D
sz000400,许继电气,2025-10-16 14:55:24,26.84,20500,26.83,D
sz000400,许继电气,2025-10-16 14:55:33,26.85,34500,26.84,U
sz000400,许继电气,2025-10-16 14:55:36,26.85,16700,26.85,D
sz000400,许继电气,2025-10-16 14:55:39,26.85,26200,26.85,D
sz000400,许继电气,2025-10-16 14:55:45,26.86,42200,26.85,U
sz000400,许继电气,2025-10-16 14:55:54,26.87,11100,26.87,U
sz000400,许继电气,2025-10-16 14:56:00,26.86,24200,26.87,D
sz000400,许继电气,2025-10-16 14:56:06,26.87,11300,26.86,U
sz000400,许继电气,2025-10-16 14:56:09,26.87,11600,26.87,D
sz000400,许继电气,2025-10-16 14:56:12,26.88,31600,26.87,U
sz000400,许继电气,2025-10-16 14:56:15,26.89,17900,26.88,U
sz000400,许继电气,2025-10-16 14:56:18,26.88,24800,26.89,D
sz000400,许继电气,2025-10-16 14:56:21,26.89,48100,26.88,U
sz000400,许继电气,2025-10-16 14:56:24,26.89,203600,26.89,D
sz000400,许继电气,2025-10-16 14:56:27,26.9,9500,26.89,U
sz000400,许继电气,2025-10-16 14:56:30,26.9,22200,26.9,U
sz000400,许继电气,2025-10-16 14:56:33,26.9,193400,26.9,D
sz000400,许继电气,2025-10-16 14:56:36,26.9,26700,26.9,D
sz000400,许继电气,2025-10-16 14:56:45,26.9,314600,26.89,U
sz000400,许继电气,2025-10-16 14:56:48,26.96,117300,26.9,U
sz000400,许继电气,2025-10-16 14:56:51,26.99,77900,26.96,U
sz000400,许继电气,2025-10-16 14:56:54,27.03,75850,26.99,U
sz000400,许继电气,2025-10-16 14:56:57,27.07,17400,27.03,U
sz000400,许继电气,2025-10-16 14:57:00,27.08,10300,27.07,U
sz000400,许继电气,2025-10-16 15:00:00,27.06,786000,27.08,D
