symbol,name,ticktime,price,volume,prev_price,kind
sz000400,许继电气,2025-09-25 09:25:00,24.4,125200,0.0,U
sz000400,许继电气,2025-09-25 09:30:00,24.38,76600,24.4,D
sz000400,许继电气,2025-09-25 09:30:03,24.4,159400,24.38,U
sz000400,许继电气,2025-09-25 09:30:06,24.4,67400,24.4,D
sz000400,许继电气,2025-09-25 09:30:09,24.4,32000,24.4,U
sz000400,许继电气,2025-09-25 09:30:12,24.4,21200,24.4,U
sz000400,许继电气,2025-09-25 09:30:18,24.44,10200,24.43,U
sz000400,许继电气,2025-09-25 09:30:21,24.43,9400,24.44,D
sz000400,许继电气,2025-09-25 09:30:24,24.43,13700,24.43,U
sz000400,许继电气,2025-09-25 09:30:27,24.42,29900,24.43,D
sz000400,许继电气,2025-09-25 09:30:30,24.42,19200,24.42,D
sz000400,许继电气,2025-09-25 09:30:33,24.37,26100,24.42,D
sz000400,许继电气,2025-09-25 09:30:36,24.4,34000,24.37,U
sz000400,许继电气,2025-09-25 09:30:39,24.42,10300,24.4,E
sz000400,许继电气,2025-09-25 09:30:42,24.36,14200,24.42,D
sz000400,许继电气,2025-09-25 09:30:48,24.4,10700,24.44,D
sz000400,许继电气,2025-09-25 09:30:51,24.43,9300,24.4,U
sz000400,许继电气,2025-09-25 09:30:54,24.38,12800,24.43,D
sz000400,许继电气,2025-09-25 09:30:57,24.43,13500,24.38,U
sz000400,许继电气,2025-09-25 09:31:00,24.44,17200,24.43,U
sz000400,许继电气,2025-09-25 09:31:03,24.42,18900,24.44,D
sz000400,许继电气,2025-09-25 09:31:06,24.44,66500,24.42,U
sz000400,许继电气,2025-09-25 09:31:09,24.48,62100,24.44,U
sz000400,许继电气,2025-09-25 09:31:12,24.42,23400,24.48,D
sz000400,许继电气,2025-09-25 09:31:15,24.44,12200,24.42,U
sz000400,许继电气,2025-09-25 09:31:18,24.46,28700,24.44,U
sz000400,许继电气,2025-09-25 09:31:21,24.48,108000,24.46,U
sz000400,许继电气,2025-09-25 09:31:24,24.47,11600,24.48,D
sz000400,许继电气,2025-09-25 09:31:27,24.49,26300,24.47,U
sz000400,许继电气,2025-09-25 09:31:33,24.5,53200,24.48,U
sz000400,许继电气,2025-09-25 09:31:36,24.47,15400,24.5,D
sz000400,许继电气,2025-09-25 09:31:39,24.48,52400,24.47,E
sz000400,许继电气,2025-09-25 09:31:42,24.47,19300,24.48,E
sz000400,许继电气,2025-09-25 09:31:45,24.48,27900,24.47,U
sz000400,许继电气,2025-09-25 09:31:48,24.5,92900,24.48,U
sz000400,许继电气,2025-09-25 09:31:51,24.5,40800,24.5,U
sz000400,许继电气,2025-09-25 09:31:54,24.5,31600,24.5,U
sz000400,许继电气,2025-09-25 09:31:57,24.52,30491,24.5,U
sz000400,许继电气,2025-09-25 09:32:00,24.53,38500,24.52,U
sz000400,许继电气,2025-09-25 09:32:03,24.53,21000,24.53,U
sz000400,许继电气,2025-09-25 09:32:06,24.52,31800,24.53,E
sz000400,许继电气,2025-09-25 09:32:09,24.53,53200,24.52,U
sz000400,许继电气,2025-09-25 09:32:12,24.55,25200,24.53,U
sz000400,许继电气,2025-09-25 09:32:15,24.51,72700,24.55,D
sz000400,许继电气,2025-09-25 09:32:18,24.52,26000,24.51,U
sz000400,许继电气,2025-09-25 09:32:21,24.52,18800,24.52,U
sz000400,许继电气,2025-09-25 09:32:24,24.53,19700,24.52,U
sz000400,许继电气,2025-09-25 09:32:27,24.53,18300,24.53,D
sz000400,许继电气,2025-09-25 09:32:30,24.53,18800,24.53,D
sz000400,许继电气,2025-09-25 09:32:33,24.5,110400,24.53,D
sz000400,许继电气,2025-09-25 09:32:36,24.48,93909,24.5,D
sz000400,许继电气,2025-09-25 09:32:39,24.47,27300,24.48,D
sz000400,许继电气,2025-09-25 09:32:42,24.47,53000,24.47,D
sz000400,许继电气,2025-09-25 09:32:45,24.47,20000,24.47,D
sz000400,许继电气,2025-09-25 09:32:48,24.47,14100,24.47,D
sz000400,许继电气,2025-09-25 09:32:51,24.49,21500,24.47,U
sz000400,许继电气,2025-09-25 09:32:54,24.48,19857,24.49,E
sz000400,许继电气,2025-09-25 09:32:57,24.48,47243,24.48,D
sz000400,许继电气,2025-09-25 09:33:00,24.48,13600,24.48,U
sz000400,许继电气,2025-09-25 09:33:03,24.48,35257,24.48,U
sz000400,许继电气,2025-09-25 09:33:06,24.49,9000,24.48,U
sz000400,许继电气,2025-09-25 09:33:09,24.48,17100,24.49,D
sz000400,许继电气,2025-09-25 09:33:12,24.47,71743,24.48,D
sz000400,许继电气,2025-09-25 09:33:15,24.47,34800,24.47,U
sz000400,许继电气,2025-09-25 09:33:18,24.46,20700,24.47,D
sz000400,许继电气,2025-09-25 09:33:21,24.46,44000,24.46,D
sz000400,许继电气,2025-09-25 09:33:24,24.47,33600,24.46,U
sz000400,许继电气,2025-09-25 09:33:27,24.47,37700,24.47,U
sz000400,许继电气,2025-09-25 09:33:30,24.46,23500,24.47,D
sz000400,许继电气,2025-09-25 09:33:33,24.45,14000,24.46,D
sz000400,许继电气,2025-09-25 09:33:36,24.45,11600,24.45,D
sz000400,许继电气,2025-09-25 09:33:39,24.45,24100,24.45,U
sz000400,许继电气,2025-09-25 09:33:45,24.48,32900,24.46,U
sz000400,许继电气,2025-09-25 09:33:48,24.45,10200,24.48,D
sz000400,许继电气,2025-09-25 09:33:57,24.46,26400,24.46,U
sz000400,许继电气,2025-09-25 09:34:00,24.48,15200,24.46,U
sz000400,许继电气,2025-09-25 09:34:03,24.48,19100,24.48,U
sz000400,许继电气,2025-09-25 09:34:09,24.52,44900,24.48,U
sz000400,许继电气,2025-09-25 09:34:12,24.5,28300,24.52,D
sz000400,许继电气,2025-09-25 09:34:18,24.52,15300,24.52,D
sz000400,许继电气,2025-09-25 09:34:21,24.52,12900,24.52,D
sz000400,许继电气,2025-09-25 09:34:24,24.53,9400,24.52,U
sz000400,许继电气,2025-09-25 09:34:27,24.52,16800,24.53,D
sz000400,许继电气,2025-09-25 09:34:33,24.5,55600,24.53,D
sz000400,许继电气,2025-09-25 09:34:36,24.52,33200,24.5,U
sz000400,许继电气,2025-09-25 09:34:42,24.53,11600,24.53,U
sz000400,许继电气,2025-09-25 09:34:45,24.53,13000,24.53,U
sz000400,许继电气,2025-09-25 09:34:48,24.53,51800,24.53,U
sz000400,许继电气,2025-09-25 09:34:51,24.53,19100,24.53,U
sz000400,许继电气,2025-09-25 09:34:54,24.52,39300,24.53,D
sz000400,许继电气,2025-09-25 09:34:57,24.52,10900,24.52,U
sz000400,许继电气,2025-09-25 09:35:00,24.51,8800,24.52,D
sz000400,许继电气,2025-09-25 09:35:03,24.51,34600,24.51,U
sz000400,许继电气,2025-09-25 09:35:06,24.49,37100,24.51,D
sz000400,许继电气,2025-09-25 09:35:09,24.48,39800,24.49,D
sz000400,许继电气,2025-09-25 09:35:12,24.45,35500,24.48,D
sz000400,许继电气,2025-09-25 09:35:15,24.46,22000,24.45,U
sz000400,许继电气,2025-09-25 09:35:18,24.45,20500,24.46,D
sz000400,许继电气,2025-09-25 09:35:21,24.44,43400,24.45,D
sz000400,许继电气,2025-09-25 09:35:24,24.43,32300,24.44,D
sz000400,许继电气,2025-09-25 09:35:30,24.43,62300,24.45,D
sz000400,许继电气,2025-09-25 09:35:33,24.44,9000,24.43,U
sz000400,许继电气,2025-09-25 09:35:36,24.41,9600,24.44,D
sz000400,许继电气,2025-09-25 09:35:39,24.41,52200,24.41,D
sz000400,许继电气,2025-09-25 09:35:42,24.44,22100,24.41,E
sz000400,许继电气,2025-09-25 09:35:48,24.44,21500,24.47,D
sz000400,许继电气,2025-09-25 09:35:51,24.45,20700,24.44,E
sz000400,许继电气,2025-09-25 09:35:54,24.44,28300,24.45,D
sz000400,许继电气,2025-09-25 09:35:57,24.44,10500,24.44,D
sz000400,许继电气,2025-09-25 09:36:00,24.44,32800,24.44,D
sz000400,许继电气,2025-09-25 09:36:06,24.45,22800,24.45,U
sz000400,许继电气,2025-09-25 09:36:09,24.42,13500,24.45,D
sz000400,许继电气,2025-09-25 09:36:15,24.46,11700,24.44,U
sz000400,许继电气,2025-09-25 09:36:24,24.44,20400,24.44,D
sz000400,许继电气,2025-09-25 09:36:27,24.44,12600,24.44,D
sz000400,许继电气,2025-09-25 09:36:30,24.44,11800,24.44,U
sz000400,许继电气,2025-09-25 09:36:39,24.43,24500,24.44,U
sz000400,许继电气,2025-09-25 09:36:42,24.45,23700,24.43,U
sz000400,许继电气,2025-09-25 09:36:45,24.45,11800,24.45,U
sz000400,许继电气,2025-09-25 09:36:48,24.46,25600,24.45,U
sz000400,许继电气,2025-09-25 09:36:57,24.45,13900,24.46,D
sz000400,许继电气,2025-09-25 09:37:00,24.45,8500,24.45,D
sz000400,许继电气,2025-09-25 09:37:09,24.46,11500,24.47,D
sz000400,许继电气,2025-09-25 09:37:12,24.47,20600,24.46,U
sz000400,许继电气,2025-09-25 09:37:15,24.47,14500,24.47,U
sz000400,许继电气,2025-09-25 09:37:18,24.47,16000,24.47,U
sz000400,许继电气,2025-09-25 09:37:30,24.48,12100,24.49,D
sz000400,许继电气,2025-09-25 09:37:33,24.45,48600,24.48,D
sz000400,许继电气,2025-09-25 09:37:39,24.45,33200,24.48,E
sz000400,许继电气,2025-09-25 09:37:45,24.47,10700,24.47,U
sz000400,许继电气,2025-09-25 09:37:48,24.47,19800,24.47,U
sz000400,许继电气,2025-09-25 09:37:51,24.46,11300,24.47,D
sz000400,许继电气,2025-09-25 09:37:54,24.46,13700,24.46,D
sz000400,许继电气,2025-09-25 09:37:57,24.47,12300,24.46,U
sz000400,许继电气,2025-09-25 09:38:00,24.46,18500,24.47,D
sz000400,许继电气,2025-09-25 09:38:03,24.47,49200,24.46,U
sz000400,许继电气,2025-09-25 09:38:06,24.47,8700,24.47,U
sz000400,许继电气,2025-09-25 09:38:09,24.47,17800,24.47,U
sz000400,许继电气,2025-09-25 09:38:18,24.47,8800,24.47,U
sz000400,许继电气,2025-09-25 09:38:24,24.48,12700,24.47,U
sz000400,许继电气,2025-09-25 09:38:36,24.47,11200,24.47,U
sz000400,许继电气,2025-09-25 09:38:42,24.47,11300,24.47,D
sz000400,许继电气,2025-09-25 09:38:48,24.48,8300,24.48,D
sz000400,许继电气,2025-09-25 09:38:54,24.5,44200,24.48,U
sz000400,许继电气,2025-09-25 09:39:00,24.51,16100,24.5,U
sz000400,许继电气,2025-09-25 09:39:06,24.51,17700,24.5,U
sz000400,许继电气,2025-09-25 09:39:09,24.5,12200,24.51,E
sz000400,许继电气,2025-09-25 09:39:12,24.5,29900,24.5,E
sz000400,许继电气,2025-09-25 09:39:15,24.5,14000,24.5,U
sz000400,许继电气,2025-09-25 09:39:18,24.49,24600,24.5,E
sz000400,许继电气,2025-09-25 09:39:21,24.47,33200,24.49,D
sz000400,许继电气,2025-09-25 09:39:30,24.47,18000,24.47,D
sz000400,许继电气,2025-09-25 09:39:33,24.46,104000,24.47,D
sz000400,许继电气,2025-09-25 09:39:36,24.48,19900,24.46,U
sz000400,许继电气,2025-09-25 09:39:42,24.5,94500,24.48,U
sz000400,许继电气,2025-09-25 09:39:45,24.52,12900,24.5,U
sz000400,许继电气,2025-09-25 09:39:48,24.58,279800,24.52,U
sz000400,许继电气,2025-09-25 09:39:51,24.59,28800,24.58,U
sz000400,许继电气,2025-09-25 09:39:57,24.58,16100,24.58,D
sz000400,许继电气,2025-09-25 09:40:00,24.59,30500,24.58,U
sz000400,许继电气,2025-09-25 09:40:06,24.6,83700,24.59,U
sz000400,许继电气,2025-09-25 09:40:09,24.61,31100,24.6,E
sz000400,许继电气,2025-09-25 09:40:12,24.6,12800,24.61,E
sz000400,许继电气,2025-09-25 09:40:15,24.6,41900,24.6,U
sz000400,许继电气,2025-09-25 09:40:18,24.59,52500,24.6,D
sz000400,许继电气,2025-09-25 09:40:21,24.59,24100,24.59,U
sz000400,许继电气,2025-09-25 09:40:24,24.58,21000,24.59,E
sz000400,许继电气,2025-09-25 09:40:27,24.59,21100,24.58,U
sz000400,许继电气,2025-09-25 09:40:30,24.56,20000,24.59,D
sz000400,许继电气,2025-09-25 09:40:33,24.57,11100,24.56,U
sz000400,许继电气,2025-09-25 09:40:36,24.58,10600,24.57,U
sz000400,许继电气,2025-09-25 09:40:39,24.58,34700,24.58,D
sz000400,许继电气,2025-09-25 09:40:42,24.59,17700,24.58,E
sz000400,许继电气,2025-09-25 09:40:45,24.61,65600,24.59,U
sz000400,许继电气,2025-09-25 09:40:48,24.61,10800,24.61,U
sz000400,许继电气,2025-09-25 09:40:51,24.61,33000,24.61,U
sz000400,许继电气,2025-09-25 09:40:54,24.62,17500,24.61,U
sz000400,许继电气,2025-09-25 09:40:57,24.62,34800,24.62,D
sz000400,许继电气,2025-09-25 09:41:00,24.64,40500,24.62,U
sz000400,许继电气,2025-09-25 09:41:03,24.63,22700,24.64,D
sz000400,许继电气,2025-09-25 09:41:06,24.64,30400,24.63,U
sz000400,许继电气,2025-09-25 09:41:09,24.64,47100,24.64,D
sz000400,许继电气,2025-09-25 09:41:12,24.64,67400,24.64,U
sz000400,许继电气,2025-09-25 09:41:15,24.65,36600,24.64,U
sz000400,许继电气,2025-09-25 09:41:18,24.65,37700,24.65,U
sz000400,许继电气,2025-09-25 09:41:21,24.65,23100,24.65,U
sz000400,许继电气,2025-09-25 09:41:24,24.66,22400,24.65,U
sz000400,许继电气,2025-09-25 09:41:27,24.65,27000,24.66,D
sz000400,许继电气,2025-09-25 09:41:30,24.66,37600,24.65,U
sz000400,许继电气,2025-09-25 09:41:33,24.67,66000,24.66,U
sz000400,许继电气,2025-09-25 09:41:36,24.66,55800,24.67,D
sz000400,许继电气,2025-09-25 09:41:39,24.67,38900,24.66,U
sz000400,许继电气,2025-09-25 09:41:42,24.66,38800,24.67,D
sz000400,许继电气,2025-09-25 09:41:45,24.63,88900,24.66,D
sz000400,许继电气,2025-09-25 09:41:48,24.66,24100,24.63,U
sz000400,许继电气,2025-09-25 09:41:51,24.65,26400,24.66,D
sz000400,许继电气,2025-09-25 09:41:54,24.64,47000,24.65,D
sz000400,许继电气,2025-09-25 09:41:57,24.65,45000,24.64,U
sz000400,许继电气,2025-09-25 09:42:00,24.64,11600,24.65,D
sz000400,许继电气,2025-09-25 09:42:03,24.65,59400,24.64,U
sz000400,许继电气,2025-09-25 09:42:06,24.66,25700,24.65,U
sz000400,许继电气,2025-09-25 09:42:09,24.66,49900,24.66,U
sz000400,许继电气,2025-09-25 09:42:12,24.66,37400,24.66,U
sz000400,许继电气,2025-09-25 09:42:15,24.66,21100,24.66,D
sz000400,许继电气,2025-09-25 09:42:18,24.66,34200,24.66,D
sz000400,许继电气,2025-09-25 09:42:21,24.66,19900,24.66,D
sz000400,许继电气,2025-09-25 09:42:24,24.68,32600,24.66,U
sz000400,许继电气,2025-09-25 09:42:27,24.67,47600,24.68,D
sz000400,许继电气,2025-09-25 09:42:30,24.68,39000,24.67,U
sz000400,许继电气,2025-09-25 09:42:33,24.68,56100,24.68,U
sz000400,许继电气,2025-09-25 09:42:36,24.66,18600,24.68,D
sz000400,许继电气,2025-09-25 09:42:39,24.66,151300,24.66,D
sz000400,许继电气,2025-09-25 09:42:42,24.64,31100,24.66,D
sz000400,许继电气,2025-09-25 09:42:45,24.66,41300,24.64,U
sz000400,许继电气,2025-09-25 09:42:51,24.64,15900,24.65,E
sz000400,许继电气,2025-09-25 09:42:54,24.68,71600,24.64,U
sz000400,许继电气,2025-09-25 09:42:57,24.65,21000,24.68,D
sz000400,许继电气,2025-09-25 09:43:00,24.66,15000,24.65,U
sz000400,许继电气,2025-09-25 09:43:06,24.67,53800,24.67,U
sz000400,许继电气,2025-09-25 09:43:09,24.7,145900,24.67,U
sz000400,许继电气,2025-09-25 09:43:12,24.7,117100,24.7,U
sz000400,许继电气,2025-09-25 09:43:15,24.73,10200,24.7,E
sz000400,许继电气,2025-09-25 09:43:18,24.75,20800,24.73,U
sz000400,许继电气,2025-09-25 09:43:21,24.75,23500,24.75,U
sz000400,许继电气,2025-09-25 09:43:24,24.75,33200,24.75,U
sz000400,许继电气,2025-09-25 09:43:27,24.8,122100,24.75,U
sz000400,许继电气,2025-09-25 09:43:30,24.84,171850,24.8,U
sz000400,许继电气,2025-09-25 09:43:33,24.85,162700,24.84,U
sz000400,许继电气,2025-09-25 09:43:36,24.85,76700,24.85,U
sz000400,许继电气,2025-09-25 09:43:39,24.87,22400,24.85,U
sz000400,许继电气,2025-09-25 09:43:42,24.84,99200,24.87,D
sz000400,许继电气,2025-09-25 09:43:45,24.82,274500,24.84,D
sz000400,许继电气,2025-09-25 09:43:48,24.8,58000,24.82,D
sz000400,许继电气,2025-09-25 09:43:51,24.83,40300,24.8,E
sz000400,许继电气,2025-09-25 09:43:54,24.8,15800,24.83,E
sz000400,许继电气,2025-09-25 09:43:57,24.79,21500,24.8,D
sz000400,许继电气,2025-09-25 09:44:00,24.79,47400,24.79,U
sz000400,许继电气,2025-09-25 09:44:03,24.75,77900,24.79,D
sz000400,许继电气,2025-09-25 09:44:06,24.73,21700,24.75,D
sz000400,许继电气,2025-09-25 09:44:09,24.71,27600,24.73,D
sz000400,许继电气,2025-09-25 09:44:12,24.71,80600,24.71,U
sz000400,许继电气,2025-09-25 09:44:15,24.71,22300,24.71,D
sz000400,许继电气,2025-09-25 09:44:18,24.7,85000,24.71,D
sz000400,许继电气,2025-09-25 09:44:21,24.7,28600,24.7,U
sz000400,许继电气,2025-09-25 09:44:24,24.69,33700,24.7,D
sz000400,许继电气,2025-09-25 09:44:27,24.7,66200,24.69,U
sz000400,许继电气,2025-09-25 09:44:30,24.7,22101,24.7,D
sz000400,许继电气,2025-09-25 09:44:33,24.7,23800,24.7,D
sz000400,许继电气,2025-09-25 09:44:36,24.71,30200,24.7,E
sz000400,许继电气,2025-09-25 09:44:39,24.7,11300,24.71,D
sz000400,许继电气,2025-09-25 09:44:42,24.71,8900,24.7,E
sz000400,许继电气,2025-09-25 09:44:45,24.71,26100,24.71,D
sz000400,许继电气,2025-09-25 09:44:48,24.71,118500,24.71,D
sz000400,许继电气,2025-09-25 09:44:51,24.72,13500,24.71,U
sz000400,许继电气,2025-09-25 09:44:54,24.73,12200,24.72,U
sz000400,许继电气,2025-09-25 09:44:57,24.73,49600,24.73,U
sz000400,许继电气,2025-09-25 09:45:00,24.72,110799,24.73,E
sz000400,许继电气,2025-09-25 09:45:03,24.72,53800,24.72,U
sz000400,许继电气,2025-09-25 09:45:06,24.72,21700,24.72,U
sz000400,许继电气,2025-09-25 09:45:12,24.71,20600,24.72,D
sz000400,许继电气,2025-09-25 09:45:15,24.69,75500,24.71,D
sz000400,许继电气,2025-09-25 09:45:18,24.67,71300,24.69,D
sz000400,许继电气,2025-09-25 09:45:21,24.69,58000,24.67,E
sz000400,许继电气,2025-09-25 09:45:24,24.67,13000,24.69,E
sz000400,许继电气,2025-09-25 09:45:30,24.66,8700,24.67,D
sz000400,许继电气,2025-09-25 09:45:33,24.66,26000,24.66,D
sz000400,许继电气,2025-09-25 09:45:36,24.67,18900,24.66,U
sz000400,许继电气,2025-09-25 09:45:39,24.66,36900,24.67,D
sz000400,许继电气,2025-09-25 09:45:42,24.67,23200,24.66,U
sz000400,许继电气,2025-09-25 09:45:45,24.67,32400,24.67,D
sz000400,许继电气,2025-09-25 09:45:48,24.67,9500,24.67,D
sz000400,许继电气,2025-09-25 09:45:54,24.7,13900,24.69,U
sz000400,许继电气,2025-09-25 09:46:00,24.7,11800,24.71,D
sz000400,许继电气,2025-09-25 09:46:03,24.7,40700,24.7,D
sz000400,许继电气,2025-09-25 09:46:06,24.71,37300,24.7,U
sz000400,许继电气,2025-09-25 09:46:12,24.7,11300,24.72,D
sz000400,许继电气,2025-09-25 09:46:15,24.7,8600,24.7,D
sz000400,许继电气,2025-09-25 09:46:18,24.71,12300,24.7,E
sz000400,许继电气,2025-09-25 09:46:21,24.72,17800,24.71,U
sz000400,许继电气,2025-09-25 09:46:24,24.72,12600,24.72,U
sz000400,许继电气,2025-09-25 09:46:36,24.71,43600,24.71,D
sz000400,许继电气,2025-09-25 09:46:39,24.71,106300,24.71,U
sz000400,许继电气,2025-09-25 09:46:42,24.71,15000,24.71,D
sz000400,许继电气,2025-09-25 09:46:48,24.72,14000,24.72,D
sz000400,许继电气,2025-09-25 09:46:51,24.71,11600,24.72,D
sz000400,许继电气,2025-09-25 09:46:54,24.73,24800,24.71,U
sz000400,许继电气,2025-09-25 09:46:57,24.72,10300,24.73,U
sz000400,许继电气,2025-09-25 09:47:03,24.73,24600,24.73,U
sz000400,许继电气,2025-09-25 09:47:06,24.73,41500,24.73,D
sz000400,许继电气,2025-09-25 09:47:09,24.71,61400,24.73,D
sz000400,许继电气,2025-09-25 09:47:12,24.72,11200,24.71,U
sz000400,许继电气,2025-09-25 09:47:15,24.69,18700,24.72,D
sz000400,许继电气,2025-09-25 09:47:18,24.7,26100,24.69,U
sz000400,许继电气,2025-09-25 09:47:21,24.68,50600,24.7,D
sz000400,许继电气,2025-09-25 09:47:24,24.67,26100,24.68,D
sz000400,许继电气,2025-09-25 09:47:30,24.66,15600,24.66,D
sz000400,许继电气,2025-09-25 09:47:33,24.66,82800,24.66,D
sz000400,许继电气,2025-09-25 09:47:36,24.65,9700,24.66,D
sz000400,许继电气,2025-09-25 09:47:42,24.66,40600,24.65,U
sz000400,许继电气,2025-09-25 09:47:45,24.67,47800,24.66,U
sz000400,许继电气,2025-09-25 09:47:48,24.68,29300,24.67,U
sz000400,许继电气,2025-09-25 09:47:57,24.7,9700,24.7,U
sz000400,许继电气,2025-09-25 09:48:00,24.69,37100,24.7,D
sz000400,许继电气,2025-09-25 09:48:03,24.68,12100,24.69,D
sz000400,许继电气,2025-09-25 09:48:06,24.68,11100,24.68,D
sz000400,许继电气,2025-09-25 09:48:09,24.68,9600,24.68,D
sz000400,许继电气,2025-09-25 09:48:15,24.73,162100,24.68,U
sz000400,许继电气,2025-09-25 09:48:18,24.73,30800,24.73,D
sz000400,许继电气,2025-09-25 09:48:24,24.75,12700,24.75,U
sz000400,许继电气,2025-09-25 09:48:33,24.75,34600,24.75,U
sz000400,许继电气,2025-09-25 09:48:39,24.77,16100,24.75,U
sz000400,许继电气,2025-09-25 09:48:45,24.78,8700,24.78,U
sz000400,许继电气,2025-09-25 09:48:48,24.79,11900,24.78,U
sz000400,许继电气,2025-09-25 09:48:51,24.79,27000,24.79,U
sz000400,许继电气,2025-09-25 09:48:54,24.8,15200,24.79,U
sz000400,许继电气,2025-09-25 09:48:57,24.8,30100,24.8,U
sz000400,许继电气,2025-09-25 09:49:00,24.8,65000,24.8,U
sz000400,许继电气,2025-09-25 09:49:03,24.81,52600,24.8,U
sz000400,许继电气,2025-09-25 09:49:06,24.8,11300,24.81,D
sz000400,许继电气,2025-09-25 09:49:09,24.8,15100,24.8,D
sz000400,许继电气,2025-09-25 09:49:12,24.82,34700,24.8,U
sz000400,许继电气,2025-09-25 09:49:15,24.82,28300,24.82,D
sz000400,许继电气,2025-09-25 09:49:18,24.82,21900,24.82,U
sz000400,许继电气,2025-09-25 09:49:21,24.8,131000,24.82,D
sz000400,许继电气,2025-09-25 09:49:24,24.8,77600,24.8,D
sz000400,许继电气,2025-09-25 09:49:27,24.82,60500,24.8,U
sz000400,许继电气,2025-09-25 09:49:30,24.8,17400,24.82,E
sz000400,许继电气,2025-09-25 09:49:33,24.8,34400,24.8,E
sz000400,许继电气,2025-09-25 09:49:36,24.79,15000,24.8,E
sz000400,许继电气,2025-09-25 09:49:39,24.8,23900,24.79,U
sz000400,许继电气,2025-09-25 09:49:42,24.8,39200,24.8,U
sz000400,许继电气,2025-09-25 09:49:45,24.8,56100,24.8,U
sz000400,许继电气,2025-09-25 09:49:48,24.79,12500,24.8,D
sz000400,许继电气,2025-09-25 09:49:51,24.8,49000,24.79,U
sz000400,许继电气,2025-09-25 09:49:54,24.8,11000,24.8,U
sz000400,许继电气,2025-09-25 09:49:57,24.82,33200,24.8,U
sz000400,许继电气,2025-09-25 09:50:00,24.82,37600,24.82,U
sz000400,许继电气,2025-09-25 09:50:03,24.83,14500,24.82,U
sz000400,许继电气,2025-09-25 09:50:06,24.83,76200,24.83,U
sz000400,许继电气,2025-09-25 09:50:09,24.82,18900,24.83,D
sz000400,许继电气,2025-09-25 09:50:12,24.82,32500,24.82,D
sz000400,许继电气,2025-09-25 09:50:15,24.83,70700,24.82,U
sz000400,许继电气,2025-09-25 09:50:18,24.8,46800,24.83,D
sz000400,许继电气,2025-09-25 09:50:21,24.82,33900,24.8,E
sz000400,许继电气,2025-09-25 09:50:27,24.8,38700,24.8,D
sz000400,许继电气,2025-09-25 09:50:30,24.8,27300,24.8,U
sz000400,许继电气,2025-09-25 09:50:33,24.8,36400,24.8,D
sz000400,许继电气,2025-09-25 09:50:39,24.8,40800,24.8,U
sz000400,许继电气,2025-09-25 09:50:42,24.78,31700,24.8,D
sz000400,许继电气,2025-09-25 09:50:45,24.8,34100,24.78,U
sz000400,许继电气,2025-09-25 09:50:48,24.78,19900,24.8,E
sz000400,许继电气,2025-09-25 09:50:51,24.77,18300,24.78,D
sz000400,许继电气,2025-09-25 09:50:54,24.77,43500,24.77,U
sz000400,许继电气,2025-09-25 09:50:57,24.76,50800,24.77,E
sz000400,许继电气,2025-09-25 09:51:00,24.77,10200,24.76,E
sz000400,许继电气,2025-09-25 09:51:03,24.75,10100,24.77,D
sz000400,许继电气,2025-09-25 09:51:09,24.78,42900,24.75,U
sz000400,许继电气,2025-09-25 09:51:12,24.79,69600,24.78,U
sz000400,许继电气,2025-09-25 09:51:15,24.81,48700,24.79,U
sz000400,许继电气,2025-09-25 09:51:18,24.81,11700,24.81,U
sz000400,许继电气,2025-09-25 09:51:21,24.83,62500,24.81,U
sz000400,许继电气,2025-09-25 09:51:24,24.82,8900,24.83,E
sz000400,许继电气,2025-09-25 09:51:27,24.83,48300,24.82,U
sz000400,许继电气,2025-09-25 09:51:30,24.83,57800,24.83,U
sz000400,许继电气,2025-09-25 09:51:33,24.83,38800,24.83,U
sz000400,许继电气,2025-09-25 09:51:36,24.83,16100,24.83,U
sz000400,许继电气,2025-09-25 09:51:39,24.84,52200,24.83,U
sz000400,许继电气,2025-09-25 09:51:42,24.84,28500,24.84,U
sz000400,许继电气,2025-09-25 09:51:45,24.84,24100,24.84,U
sz000400,许继电气,2025-09-25 09:51:48,24.84,43400,24.84,U
sz000400,许继电气,2025-09-25 09:51:51,24.85,46800,24.84,U
sz000400,许继电气,2025-09-25 09:51:54,24.84,48500,24.85,D
sz000400,许继电气,2025-09-25 09:51:57,24.85,81100,24.84,U
sz000400,许继电气,2025-09-25 09:52:00,24.85,76200,24.85,U
sz000400,许继电气,2025-09-25 09:52:03,24.86,35700,24.85,U
sz000400,许继电气,2025-09-25 09:52:06,24.85,11000,24.86,D
sz000400,许继电气,2025-09-25 09:52:09,24.85,16500,24.85,D
sz000400,许继电气,2025-09-25 09:52:12,24.85,28300,24.85,D
sz000400,许继电气,2025-09-25 09:52:15,24.85,61000,24.85,D
sz000400,许继电气,2025-09-25 09:52:18,24.87,22800,24.85,U
sz000400,许继电气,2025-09-25 09:52:21,24.87,23500,24.87,U
sz000400,许继电气,2025-09-25 09:52:24,24.88,30500,24.87,U
sz000400,许继电气,2025-09-25 09:52:27,24.92,364600,24.88,U
sz000400,许继电气,2025-09-25 09:52:30,24.92,55900,24.92,U
sz000400,许继电气,2025-09-25 09:52:33,24.93,23300,24.92,U
sz000400,许继电气,2025-09-25 09:52:36,24.93,79900,24.93,U
sz000400,许继电气,2025-09-25 09:52:39,24.94,61200,24.93,E
sz000400,许继电气,2025-09-25 09:52:42,24.94,44200,24.94,D
sz000400,许继电气,2025-09-25 09:52:45,24.95,18800,24.94,D
sz000400,许继电气,2025-09-25 09:52:48,24.96,59700,24.95,U
sz000400,许继电气,2025-09-25 09:52:51,24.96,13300,24.96,D
sz000400,许继电气,2025-09-25 09:52:54,24.96,45800,24.96,D
sz000400,许继电气,2025-09-25 09:52:57,24.97,113300,24.96,U
sz000400,许继电气,2025-09-25 09:53:00,24.97,121600,24.97,U
sz000400,许继电气,2025-09-25 09:53:03,24.98,69400,24.97,U
sz000400,许继电气,2025-09-25 09:53:06,24.93,116800,24.98,D
sz000400,许继电气,2025-09-25 09:53:09,24.95,32600,24.93,U
sz000400,许继电气,2025-09-25 09:53:12,24.95,31800,24.95,U
sz000400,许继电气,2025-09-25 09:53:15,24.95,34200,24.95,D
sz000400,许继电气,2025-09-25 09:53:18,24.94,28100,24.95,D
sz000400,许继电气,2025-09-25 09:53:21,24.96,48900,24.94,U
sz000400,许继电气,2025-09-25 09:53:24,24.94,11100,24.96,D
sz000400,许继电气,2025-09-25 09:53:27,24.93,139400,24.94,D
sz000400,许继电气,2025-09-25 09:53:30,24.95,28900,24.93,U
sz000400,许继电气,2025-09-25 09:53:33,24.95,134700,24.95,D
sz000400,许继电气,2025-09-25 09:53:36,24.93,21300,24.95,D
sz000400,许继电气,2025-09-25 09:53:39,24.95,33300,24.93,U
sz000400,许继电气,2025-09-25 09:53:42,24.93,23000,24.95,E
sz000400,许继电气,2025-09-25 09:53:45,24.93,9300,24.93,D
sz000400,许继电气,2025-09-25 09:53:48,24.9,107200,24.93,D
sz000400,许继电气,2025-09-25 09:53:51,24.89,13900,24.9,D
sz000400,许继电气,2025-09-25 09:53:57,24.89,17000,24.9,D
sz000400,许继电气,2025-09-25 09:54:00,24.89,32100,24.89,D
sz000400,许继电气,2025-09-25 09:54:03,24.9,19300,24.89,E
sz000400,许继电气,2025-09-25 09:54:06,24.89,33000,24.9,D
sz000400,许继电气,2025-09-25 09:54:09,24.89,16900,24.89,D
sz000400,许继电气,2025-09-25 09:54:15,24.89,17700,24.89,U
sz000400,许继电气,2025-09-25 09:54:18,24.88,56800,24.89,D
sz000400,许继电气,2025-09-25 09:54:21,24.9,10500,24.88,U
sz000400,许继电气,2025-09-25 09:54:24,24.89,21300,24.9,D
sz000400,许继电气,2025-09-25 09:54:27,24.91,19500,24.89,U
sz000400,许继电气,2025-09-25 09:54:30,24.88,38200,24.91,D
sz000400,许继电气,2025-09-25 09:54:33,24.9,16900,24.88,U
sz000400,许继电气,2025-09-25 09:54:36,24.9,9400,24.9,D
sz000400,许继电气,2025-09-25 09:54:39,24.9,66400,24.9,E
sz000400,许继电气,2025-09-25 09:54:42,24.9,30600,24.9,U
sz000400,许继电气,2025-09-25 09:54:45,24.91,49900,24.9,U
sz000400,许继电气,2025-09-25 09:54:48,24.91,11100,24.91,U
sz000400,许继电气,2025-09-25 09:54:51,24.91,40400,24.91,U
sz000400,许继电气,2025-09-25 09:54:54,24.9,33700,24.91,D
sz000400,许继电气,2025-09-25 09:54:57,24.91,20100,24.9,U
sz000400,许继电气,2025-09-25 09:55:00,24.91,19700,24.91,D
sz000400,许继电气,2025-09-25 09:55:03,24.9,91800,24.91,D
sz000400,许继电气,2025-09-25 09:55:06,24.9,31300,24.9,U
sz000400,许继电气,2025-09-25 09:55:09,24.87,93900,24.9,D
sz000400,许继电气,2025-09-25 09:55:12,24.89,16200,24.87,U
sz000400,许继电气,2025-09-25 09:55:15,24.92,70300,24.89,U
sz000400,许继电气,2025-09-25 09:55:18,24.92,33900,24.92,D
sz000400,许继电气,2025-09-25 09:55:21,24.92,11800,24.92,D
sz000400,许继电气,2025-09-25 09:55:24,24.92,12900,24.92,D
sz000400,许继电气,2025-09-25 09:55:27,24.91,8200,24.92,D
sz000400,许继电气,2025-09-25 09:55:30,24.92,32100,24.91,U
sz000400,许继电气,2025-09-25 09:55:33,24.92,14000,24.92,D
sz000400,许继电气,2025-09-25 09:55:36,24.9,26500,24.92,D
sz000400,许继电气,2025-09-25 09:55:39,24.91,8500,24.9,E
sz000400,许继电气,2025-09-25 09:55:42,24.92,38900,24.91,U
sz000400,许继电气,2025-09-25 09:55:45,24.91,73100,24.92,D
sz000400,许继电气,2025-09-25 09:55:51,24.9,26500,24.91,E
sz000400,许继电气,2025-09-25 09:55:54,24.89,16100,24.9,D
sz000400,许继电气,2025-09-25 09:55:57,24.89,21300,24.89,D
sz000400,许继电气,2025-09-25 09:56:00,24.88,11300,24.89,D
sz000400,许继电气,2025-09-25 09:56:03,24.88,23100,24.88,D
sz000400,许继电气,2025-09-25 09:56:06,24.84,91900,24.88,D
sz000400,许继电气,2025-09-25 09:56:12,24.83,25100,24.84,D
sz000400,许继电气,2025-09-25 09:56:15,24.84,13500,24.83,U
sz000400,许继电气,2025-09-25 09:56:18,24.83,125964,24.84,E
sz000400,许继电气,2025-09-25 09:56:21,24.8,23500,24.83,D
sz000400,许继电气,2025-09-25 09:56:24,24.81,15900,24.8,E
sz000400,许继电气,2025-09-25 09:56:27,24.83,13800,24.81,U
sz000400,许继电气,2025-09-25 09:56:30,24.84,61200,24.83,U
sz000400,许继电气,2025-09-25 09:56:33,24.8,8600,24.84,D
sz000400,许继电气,2025-09-25 09:56:39,24.81,24200,24.82,D
sz000400,许继电气,2025-09-25 09:56:42,24.83,13300,24.81,U
sz000400,许继电气,2025-09-25 09:56:45,24.8,17400,24.83,D
sz000400,许继电气,2025-09-25 09:56:54,24.82,17100,24.81,U
sz000400,许继电气,2025-09-25 09:57:03,24.82,19800,24.81,U
sz000400,许继电气,2025-09-25 09:57:06,24.8,12000,24.82,D
sz000400,许继电气,2025-09-25 09:57:09,24.82,8900,24.8,U
sz000400,许继电气,2025-09-25 09:57:12,24.81,21800,24.82,D
sz000400,许继电气,2025-09-25 09:57:15,24.85,14400,24.81,U
sz000400,许继电气,2025-09-25 09:57:18,24.85,16700,24.85,U
sz000400,许继电气,2025-09-25 09:57:21,24.87,37600,24.85,U
sz000400,许继电气,2025-09-25 09:57:24,24.85,15800,24.87,E
sz000400,许继电气,2025-09-25 09:57:27,24.85,16800,24.85,U
sz000400,许继电气,2025-09-25 09:57:33,24.86,10686,24.85,U
sz000400,许继电气,2025-09-25 09:57:39,24.86,34800,24.87,D
sz000400,许继电气,2025-09-25 09:57:42,24.86,15300,24.86,U
sz000400,许继电气,2025-09-25 09:57:45,24.86,35200,24.86,U
sz000400,许继电气,2025-09-25 09:57:48,24.85,34800,24.86,D
sz000400,许继电气,2025-09-25 09:57:51,24.85,29000,24.85,U
sz000400,许继电气,2025-09-25 09:57:54,24.83,13400,24.85,D
sz000400,许继电气,2025-09-25 09:57:57,24.86,8300,24.83,U
sz000400,许继电气,2025-09-25 09:58:00,24.84,9300,24.86,D
sz000400,许继电气,2025-09-25 09:58:03,24.84,23100,24.84,U
sz000400,许继电气,2025-09-25 09:58:06,24.83,18900,24.84,D
sz000400,许继电气,2025-09-25 09:58:09,24.84,25200,24.83,U
sz000400,许继电气,2025-09-25 09:58:12,24.82,12900,24.84,D
sz000400,许继电气,2025-09-25 09:58:15,24.84,43514,24.82,U
sz000400,许继电气,2025-09-25 09:58:18,24.83,40300,24.84,U
sz000400,许继电气,2025-09-25 09:58:21,24.83,20200,24.83,D
sz000400,许继电气,2025-09-25 09:58:24,24.83,30400,24.83,U
sz000400,许继电气,2025-09-25 09:58:27,24.83,13300,24.83,D
sz000400,许继电气,2025-09-25 09:58:33,24.82,20000,24.83,D
sz000400,许继电气,2025-09-25 09:58:36,24.84,9500,24.82,U
sz000400,许继电气,2025-09-25 09:58:39,24.82,11200,24.84,D
sz000400,许继电气,2025-09-25 09:58:42,24.84,16800,24.82,U
sz000400,许继电气,2025-09-25 09:58:48,24.83,38900,24.82,U
sz000400,许继电气,2025-09-25 09:58:54,24.82,10000,24.83,U
sz000400,许继电气,2025-09-25 09:58:57,24.82,9300,24.82,D
sz000400,许继电气,2025-09-25 09:59:03,24.82,9600,24.82,D
sz000400,许继电气,2025-09-25 09:59:06,24.82,35600,24.82,D
sz000400,许继电气,2025-09-25 09:59:12,24.81,33300,24.81,D
sz000400,许继电气,2025-09-25 09:59:15,24.82,36500,24.81,U
sz000400,许继电气,2025-09-25 09:59:18,24.81,16500,24.82,D
sz000400,许继电气,2025-09-25 09:59:24,24.81,15900,24.81,D
sz000400,许继电气,2025-09-25 09:59:27,24.81,18500,24.81,D
sz000400,许继电气,2025-09-25 09:59:30,24.81,25700,24.81,D
sz000400,许继电气,2025-09-25 09:59:33,24.81,12000,24.81,D
sz000400,许继电气,2025-09-25 09:59:36,24.81,16700,24.81,D
sz000400,许继电气,2025-09-25 09:59:45,24.81,20300,24.81,D
sz000400,许继电气,2025-09-25 09:59:48,24.81,93000,24.81,D
sz000400,许继电气,2025-09-25 09:59:54,24.8,11500,24.81,D
sz000400,许继电气,2025-09-25 09:59:57,24.8,8700,24.8,D
sz000400,许继电气,2025-09-25 10:00:00,24.81,47900,24.8,U
sz000400,许继电气,2025-09-25 10:00:03,24.8,32000,24.81,D
sz000400,许继电气,2025-09-25 10:00:06,24.82,15000,24.8,U
sz000400,许继电气,2025-09-25 10:00:15,24.8,23900,24.8,U
sz000400,许继电气,2025-09-25 10:00:18,24.79,26500,24.8,D
sz000400,许继电气,2025-09-25 10:00:21,24.81,57000,24.79,U
sz000400,许继电气,2025-09-25 10:00:24,24.83,9700,24.81,U
sz000400,许继电气,2025-09-25 10:00:27,24.83,11600,24.83,U
sz000400,许继电气,2025-09-25 10:00:33,24.83,11000,24.82,U
sz000400,许继电气,2025-09-25 10:00:36,24.82,14700,24.83,U
sz000400,许继电气,2025-09-25 10:00:51,24.83,14700,24.83,D
sz000400,许继电气,2025-09-25 10:00:57,24.82,12900,24.81,U
sz000400,许继电气,2025-09-25 10:01:00,24.81,9300,24.82,D
sz000400,许继电气,2025-09-25 10:01:09,24.83,26800,24.82,U
sz000400,许继电气,2025-09-25 10:01:12,24.84,10500,24.83,U
sz000400,许继电气,2025-09-25 10:01:24,24.84,20600,24.84,U
sz000400,许继电气,2025-09-25 10:01:27,24.84,14400,24.84,U
sz000400,许继电气,2025-09-25 10:01:30,24.84,16600,24.84,D
sz000400,许继电气,2025-09-25 10:01:39,24.84,18900,24.84,D
sz000400,许继电气,2025-09-25 10:01:42,24.85,22286,24.84,U
sz000400,许继电气,2025-09-25 10:01:48,24.85,19000,24.86,D
sz000400,许继电气,2025-09-25 10:02:03,24.84,166100,24.87,D
sz000400,许继电气,2025-09-25 10:02:06,24.84,46600,24.84,D
sz000400,许继电气,2025-09-25 10:02:12,24.82,67500,24.85,D
sz000400,许继电气,2025-09-25 10:02:15,24.79,94936,24.82,D
sz000400,许继电气,2025-09-25 10:02:18,24.78,78200,24.79,D
sz000400,许继电气,2025-09-25 10:02:21,24.81,10964,24.78,U
sz000400,许继电气,2025-09-25 10:02:24,24.82,17000,24.81,U
sz000400,许继电气,2025-09-25 10:02:30,24.8,11300,24.8,U
sz000400,许继电气,2025-09-25 10:02:33,24.81,8100,24.8,U
sz000400,许继电气,2025-09-25 10:02:36,24.8,25000,24.81,E
sz000400,许继电气,2025-09-25 10:02:39,24.79,14500,24.8,D
sz000400,许继电气,2025-09-25 10:02:42,24.81,13800,24.79,U
sz000400,许继电气,2025-09-25 10:02:45,24.79,8400,24.81,D
sz000400,许继电气,2025-09-25 10:02:48,24.79,14900,24.79,D
sz000400,许继电气,2025-09-25 10:02:51,24.79,8800,24.79,D
sz000400,许继电气,2025-09-25 10:02:54,24.79,28200,24.79,D
sz000400,许继电气,2025-09-25 10:02:57,24.79,15500,24.79,U
sz000400,许继电气,2025-09-25 10:03:00,24.79,13700,24.79,U
sz000400,许继电气,2025-09-25 10:03:03,24.79,10000,24.79,U
sz000400,许继电气,2025-09-25 10:03:06,24.78,14936,24.79,D
sz000400,许继电气,2025-09-25 10:03:09,24.78,24364,24.78,U
sz000400,许继电气,2025-09-25 10:03:12,24.78,40300,24.78,D
sz000400,许继电气,2025-09-25 10:03:15,24.76,13100,24.78,E
sz000400,许继电气,2025-09-25 10:03:24,24.76,9100,24.76,D
sz000400,许继电气,2025-09-25 10:03:27,24.77,21800,24.76,U
sz000400,许继电气,2025-09-25 10:03:33,24.76,11800,24.78,D
sz000400,许继电气,2025-09-25 10:03:36,24.78,59600,24.76,U
sz000400,许继电气,2025-09-25 10:03:39,24.78,14900,24.78,U
sz000400,许继电气,2025-09-25 10:03:42,24.78,10700,24.78,D
sz000400,许继电气,2025-09-25 10:03:45,24.8,17600,24.78,U
sz000400,许继电气,2025-09-25 10:03:51,24.81,9300,24.81,D
sz000400,许继电气,2025-09-25 10:04:00,24.81,9600,24.81,D
sz000400,许继电气,2025-09-25 10:04:09,24.83,15000,24.82,U
sz000400,许继电气,2025-09-25 10:04:15,24.82,26600,24.82,D
sz000400,许继电气,2025-09-25 10:04:33,24.83,13700,24.83,D
sz000400,许继电气,2025-09-25 10:04:42,24.84,13700,24.83,U
sz000400,许继电气,2025-09-25 10:04:45,24.83,13500,24.84,E
sz000400,许继电气,2025-09-25 10:04:51,24.85,8800,24.82,U
sz000400,许继电气,2025-09-25 10:05:06,24.83,39000,24.83,D
sz000400,许继电气,2025-09-25 10:05:15,24.82,54200,24.83,D
sz000400,许继电气,2025-09-25 10:05:18,24.82,28500,24.82,D
sz000400,许继电气,2025-09-25 10:05:30,24.81,10500,24.82,D
sz000400,许继电气,2025-09-25 10:05:39,24.85,15900,24.84,U
sz000400,许继电气,2025-09-25 10:05:45,24.83,11800,24.84,D
sz000400,许继电气,2025-09-25 10:05:48,24.83,8600,24.83,D
sz000400,许继电气,2025-09-25 10:05:51,24.83,11900,24.83,D
sz000400,许继电气,2025-09-25 10:06:03,24.83,10000,24.83,U
sz000400,许继电气,2025-09-25 10:06:12,24.83,23300,24.83,D
sz000400,许继电气,2025-09-25 10:06:15,24.82,8800,24.83,D
sz000400,许继电气,2025-09-25 10:06:27,24.82,13300,24.82,D
sz000400,许继电气,2025-09-25 10:06:36,24.83,17400,24.82,U
sz000400,许继电气,2025-09-25 10:06:39,24.83,36600,24.83,D
sz000400,许继电气,2025-09-25 10:06:42,24.83,8300,24.83,U
sz000400,许继电气,2025-09-25 10:06:54,24.83,11500,24.83,U
sz000400,许继电气,2025-09-25 10:07:03,24.82,11700,24.81,U
sz000400,许继电气,2025-09-25 10:07:06,24.83,11300,24.82,U
sz000400,许继电气,2025-09-25 10:07:15,24.82,8300,24.82,D
sz000400,许继电气,2025-09-25 10:07:18,24.82,23600,24.82,D
sz000400,许继电气,2025-09-25 10:07:21,24.81,17400,24.82,D
sz000400,许继电气,2025-09-25 10:07:27,24.81,33500,24.81,D
sz000400,许继电气,2025-09-25 10:07:30,24.82,8500,24.81,U
sz000400,许继电气,2025-09-25 10:07:33,24.81,17700,24.82,D
sz000400,许继电气,2025-09-25 10:07:39,24.82,13200,24.81,U
sz000400,许继电气,2025-09-25 10:07:45,24.82,18500,24.81,U
sz000400,许继电气,2025-09-25 10:07:48,24.82,21900,24.82,D
sz000400,许继电气,2025-09-25 10:07:51,24.82,17800,24.82,D
sz000400,许继电气,2025-09-25 10:07:54,24.81,18200,24.82,D
sz000400,许继电气,2025-09-25 10:08:03,24.8,68900,24.81,D
sz000400,许继电气,2025-09-25 10:08:09,24.8,10800,24.79,U
sz000400,许继电气,2025-09-25 10:08:15,24.79,9000,24.79,D
sz000400,许继电气,2025-09-25 10:08:21,24.78,27500,24.79,D
sz000400,许继电气,2025-09-25 10:08:36,24.76,16900,24.76,D
sz000400,许继电气,2025-09-25 10:08:39,24.76,67600,24.76,D
sz000400,许继电气,2025-09-25 10:08:42,24.77,23600,24.76,E
sz000400,许继电气,2025-09-25 10:08:45,24.77,22400,24.77,D
sz000400,许继电气,2025-09-25 10:08:57,24.76,12200,24.77,D
sz000400,许继电气,2025-09-25 10:09:00,24.77,38500,24.76,U
sz000400,许继电气,2025-09-25 10:09:03,24.78,43587,24.77,U
sz000400,许继电气,2025-09-25 10:09:06,24.78,9400,24.78,D
sz000400,许继电气,2025-09-25 10:09:12,24.78,18900,24.78,D
sz000400,许继电气,2025-09-25 10:09:18,24.78,14300,24.78,D
sz000400,许继电气,2025-09-25 10:09:27,24.81,36000,24.79,U
sz000400,许继电气,2025-09-25 10:09:45,24.82,16100,24.82,U
sz000400,许继电气,2025-09-25 10:09:54,24.81,9550,24.82,D
sz000400,许继电气,2025-09-25 10:10:00,24.83,26000,24.82,U
sz000400,许继电气,2025-09-25 10:10:15,24.8,27450,24.82,D
sz000400,许继电气,2025-09-25 10:10:36,24.82,20600,24.82,U
sz000400,许继电气,2025-09-25 10:10:39,24.82,74100,24.82,U
sz000400,许继电气,2025-09-25 10:10:45,24.81,26400,24.82,D
sz000400,许继电气,2025-09-25 10:10:51,24.82,12500,24.81,E
sz000400,许继电气,2025-09-25 10:11:15,24.82,13800,24.82,U
sz000400,许继电气,2025-09-25 10:11:33,24.82,13500,24.81,U
sz000400,许继电气,2025-09-25 10:11:39,24.83,26300,24.82,U
sz000400,许继电气,2025-09-25 10:11:51,24.84,40900,24.84,U
sz000400,许继电气,2025-09-25 10:11:54,24.84,21000,24.84,U
sz000400,许继电气,2025-09-25 10:11:57,24.84,10500,24.84,D
sz000400,许继电气,2025-09-25 10:12:09,24.85,19000,24.84,U
sz000400,许继电气,2025-09-25 10:12:12,24.85,16500,24.85,U
sz000400,许继电气,2025-09-25 10:12:18,24.85,11500,24.85,U
sz000400,许继电气,2025-09-25 10:12:24,24.84,10200,24.85,D
sz000400,许继电气,2025-09-25 10:12:27,24.85,17800,24.84,U
sz000400,许继电气,2025-09-25 10:12:30,24.85,16100,24.85,D
sz000400,许继电气,2025-09-25 10:12:33,24.85,66269,24.85,U
sz000400,许继电气,2025-09-25 10:12:36,24.85,19400,24.85,U
sz000400,许继电气,2025-09-25 10:12:48,24.86,42400,24.86,U
sz000400,许继电气,2025-09-25 10:13:00,24.87,12200,24.87,U
sz000400,许继电气,2025-09-25 10:13:03,24.87,30500,24.87,U
sz000400,许继电气,2025-09-25 10:13:12,24.88,70900,24.87,U
sz000400,许继电气,2025-09-25 10:13:18,24.89,10200,24.88,U
sz000400,许继电气,2025-09-25 10:13:21,24.88,17300,24.89,D
sz000400,许继电气,2025-09-25 10:13:24,24.89,23900,24.88,U
sz000400,许继电气,2025-09-25 10:13:39,24.9,30300,24.9,U
sz000400,许继电气,2025-09-25 10:13:42,24.9,75700,24.9,U
sz000400,许继电气,2025-09-25 10:13:45,24.9,64800,24.9,D
sz000400,许继电气,2025-09-25 10:13:48,24.9,37300,24.9,D
sz000400,许继电气,2025-09-25 10:13:51,24.91,12200,24.9,U
sz000400,许继电气,2025-09-25 10:13:54,24.92,12800,24.91,U
sz000400,许继电气,2025-09-25 10:13:57,24.9,36600,24.92,D
sz000400,许继电气,2025-09-25 10:14:03,24.91,14000,24.91,D
sz000400,许继电气,2025-09-25 10:14:06,24.91,14600,24.91,D
sz000400,许继电气,2025-09-25 10:14:09,24.91,32700,24.91,U
sz000400,许继电气,2025-09-25 10:14:15,24.91,45500,24.91,D
sz000400,许继电气,2025-09-25 10:14:18,24.92,22900,24.91,U
sz000400,许继电气,2025-09-25 10:14:24,24.93,10500,24.92,U
sz000400,许继电气,2025-09-25 10:14:27,24.93,20700,24.93,D
sz000400,许继电气,2025-09-25 10:14:33,24.93,9300,24.93,D
sz000400,许继电气,2025-09-25 10:14:36,24.93,14400,24.93,U
sz000400,许继电气,2025-09-25 10:14:39,24.93,10700,24.93,U
sz000400,许继电气,2025-09-25 10:14:42,24.94,82300,24.93,U
sz000400,许继电气,2025-09-25 10:14:48,24.96,190250,24.93,U
sz000400,许继电气,2025-09-25 10:14:51,24.96,9000,24.96,U
sz000400,许继电气,2025-09-25 10:14:54,24.95,49700,24.96,D
sz000400,许继电气,2025-09-25 10:14:57,24.96,27000,24.95,U
sz000400,许继电气,2025-09-25 10:15:03,24.97,11700,24.96,U
sz000400,许继电气,2025-09-25 10:15:12,24.96,8700,24.96,D
sz000400,许继电气,2025-09-25 10:15:15,24.96,131600,24.96,D
sz000400,许继电气,2025-09-25 10:15:18,24.96,26000,24.96,D
sz000400,许继电气,2025-09-25 10:15:21,24.95,41900,24.96,D
sz000400,许继电气,2025-09-25 10:15:24,24.97,14500,24.95,U
sz000400,许继电气,2025-09-25 10:15:30,24.95,10150,24.96,D
sz000400,许继电气,2025-09-25 10:15:39,24.95,21400,24.95,U
sz000400,许继电气,2025-09-25 10:15:42,24.93,11200,24.95,D
sz000400,许继电气,2025-09-25 10:15:45,24.93,18100,24.93,D
sz000400,许继电气,2025-09-25 10:15:48,24.93,19300,24.93,D
sz000400,许继电气,2025-09-25 10:15:51,24.92,11200,24.93,D
sz000400,许继电气,2025-09-25 10:16:00,24.92,17750,24.91,U
sz000400,许继电气,2025-09-25 10:16:03,24.92,13200,24.92,D
sz000400,许继电气,2025-09-25 10:16:09,24.93,17000,24.92,U
sz000400,许继电气,2025-09-25 10:16:18,24.92,56800,24.92,D
sz000400,许继电气,2025-09-25 10:16:27,24.92,9500,24.92,D
sz000400,许继电气,2025-09-25 10:16:30,24.92,15000,24.92,D
sz000400,许继电气,2025-09-25 10:16:33,24.92,9700,24.92,D
sz000400,许继电气,2025-09-25 10:16:45,24.93,15750,24.92,U
sz000400,许继电气,2025-09-25 10:16:57,24.93,10000,24.93,D
sz000400,许继电气,2025-09-25 10:17:03,24.93,16400,24.93,U
sz000400,许继电气,2025-09-25 10:17:06,24.94,19600,24.93,U
sz000400,许继电气,2025-09-25 10:17:09,24.94,53400,24.94,U
sz000400,许继电气,2025-09-25 10:17:12,24.95,9600,24.94,U
sz000400,许继电气,2025-09-25 10:17:18,24.94,24200,24.94,D
sz000400,许继电气,2025-09-25 10:17:24,24.95,8300,24.95,U
sz000400,许继电气,2025-09-25 10:17:33,24.95,24700,24.95,U
sz000400,许继电气,2025-09-25 10:17:39,24.95,23150,24.95,U
sz000400,许继电气,2025-09-25 10:17:42,24.95,12500,24.95,D
sz000400,许继电气,2025-09-25 10:17:48,24.95,83050,24.95,D
sz000400,许继电气,2025-09-25 10:17:51,24.94,19700,24.95,D
sz000400,许继电气,2025-09-25 10:17:54,24.94,19000,24.94,D
sz000400,许继电气,2025-09-25 10:18:06,24.93,10300,24.92,U
sz000400,许继电气,2025-09-25 10:18:24,24.93,22400,24.93,U
sz000400,许继电气,2025-09-25 10:18:30,24.92,39800,24.93,D
sz000400,许继电气,2025-09-25 10:18:33,24.92,41050,24.92,D
sz000400,许继电气,2025-09-25 10:18:36,24.91,26000,24.92,D
sz000400,许继电气,2025-09-25 10:18:39,24.89,47700,24.91,D
sz000400,许继电气,2025-09-25 10:18:54,24.88,9300,24.89,D
sz000400,许继电气,2025-09-25 10:18:57,24.88,9600,24.88,D
sz000400,许继电气,2025-09-25 10:19:03,24.86,17300,24.88,D
sz000400,许继电气,2025-09-25 10:19:09,24.86,8900,24.86,D
sz000400,许继电气,2025-09-25 10:19:12,24.86,27000,24.86,D
sz000400,许继电气,2025-09-25 10:19:18,24.88,34300,24.86,U
sz000400,许继电气,2025-09-25 10:19:21,24.87,12200,24.88,E
sz000400,许继电气,2025-09-25 10:19:24,24.87,13600,24.87,D
sz000400,许继电气,2025-09-25 10:19:39,24.86,21900,24.86,U
sz000400,许继电气,2025-09-25 10:19:45,24.85,10800,24.84,U
sz000400,许继电气,2025-09-25 10:19:51,24.84,14200,24.84,D
sz000400,许继电气,2025-09-25 10:19:54,24.84,12500,24.84,D
sz000400,许继电气,2025-09-25 10:19:57,24.86,13100,24.84,U
sz000400,许继电气,2025-09-25 10:20:12,24.84,10900,24.84,D
sz000400,许继电气,2025-09-25 10:20:30,24.83,11400,24.83,D
sz000400,许继电气,2025-09-25 10:20:42,24.83,12800,24.83,U
sz000400,许继电气,2025-09-25 10:20:57,24.82,8100,24.82,D
sz000400,许继电气,2025-09-25 10:21:21,24.82,19900,24.82,U
sz000400,许继电气,2025-09-25 10:21:24,24.81,51900,24.82,D
sz000400,许继电气,2025-09-25 10:21:30,24.81,11400,24.81,D
sz000400,许继电气,2025-09-25 10:21:33,24.81,11650,24.81,D
sz000400,许继电气,2025-09-25 10:21:39,24.81,15600,24.81,U
sz000400,许继电气,2025-09-25 10:21:45,24.81,8200,24.81,D
sz000400,许继电气,2025-09-25 10:21:54,24.82,18200,24.82,U
sz000400,许继电气,2025-09-25 10:22:03,24.82,15100,24.82,D
sz000400,许继电气,2025-09-25 10:22:12,24.84,14200,24.82,U
sz000400,许继电气,2025-09-25 10:22:21,24.85,40600,24.83,U
sz000400,许继电气,2025-09-25 10:22:24,24.83,12700,24.85,D
sz000400,许继电气,2025-09-25 10:22:27,24.88,8700,24.83,U
sz000400,许继电气,2025-09-25 10:22:54,24.86,19700,24.88,D
sz000400,许继电气,2025-09-25 10:23:00,24.87,8900,24.87,D
sz000400,许继电气,2025-09-25 10:23:12,24.88,22200,24.86,U
sz000400,许继电气,2025-09-25 10:23:15,24.87,12800,24.88,E
sz000400,许继电气,2025-09-25 10:23:24,24.88,78700,24.86,U
sz000400,许继电气,2025-09-25 10:23:39,24.85,39800,24.85,D
sz000400,许继电气,2025-09-25 10:23:42,24.84,8300,24.85,D
sz000400,许继电气,2025-09-25 10:23:45,24.82,17400,24.84,D
sz000400,许继电气,2025-09-25 10:23:51,24.83,8500,24.83,U
sz000400,许继电气,2025-09-25 10:23:57,24.83,15700,24.82,U
sz000400,许继电气,2025-09-25 10:24:15,24.82,15501,24.82,D
sz000400,许继电气,2025-09-25 10:24:24,24.83,17700,24.82,U
sz000400,许继电气,2025-09-25 10:24:42,24.81,68999,24.82,D
sz000400,许继电气,2025-09-25 10:24:45,24.81,26100,24.81,D
sz000400,许继电气,2025-09-25 10:24:54,24.79,181650,24.81,D
sz000400,许继电气,2025-09-25 10:25:00,24.8,19200,24.8,U
sz000400,许继电气,2025-09-25 10:25:03,24.78,12400,24.8,D
sz000400,许继电气,2025-09-25 10:25:15,24.78,42900,24.79,D
sz000400,许继电气,2025-09-25 10:25:18,24.78,11400,24.78,U
sz000400,许继电气,2025-09-25 10:25:21,24.77,12700,24.78,D
sz000400,许继电气,2025-09-25 10:25:27,24.77,15300,24.77,D
sz000400,许继电气,2025-09-25 10:25:36,24.77,11100,24.76,U
sz000400,许继电气,2025-09-25 10:25:42,24.76,29600,24.77,D
sz000400,许继电气,2025-09-25 10:25:48,24.75,24700,24.76,D
sz000400,许继电气,2025-09-25 10:25:51,24.76,10200,24.75,E
sz000400,许继电气,2025-09-25 10:26:00,24.76,10700,24.76,U
sz000400,许继电气,2025-09-25 10:26:09,24.77,37200,24.76,U
sz000400,许继电气,2025-09-25 10:26:12,24.77,11400,24.77,U
sz000400,许继电气,2025-09-25 10:26:21,24.77,54000,24.77,U
sz000400,许继电气,2025-09-25 10:26:24,24.78,10300,24.77,U
sz000400,许继电气,2025-09-25 10:26:36,24.79,12600,24.79,U
sz000400,许继电气,2025-09-25 10:26:42,24.8,13200,24.8,U
sz000400,许继电气,2025-09-25 10:27:00,24.82,21500,24.81,U
sz000400,许继电气,2025-09-25 10:27:03,24.87,63700,24.82,U
sz000400,许继电气,2025-09-25 10:27:09,24.88,12000,24.87,U
sz000400,许继电气,2025-09-25 10:27:12,24.87,16500,24.88,D
sz000400,许继电气,2025-09-25 10:27:15,24.87,16500,24.87,D
sz000400,许继电气,2025-09-25 10:27:18,24.88,16100,24.87,U
sz000400,许继电气,2025-09-25 10:27:21,24.88,11500,24.88,U
sz000400,许继电气,2025-09-25 10:27:24,24.87,33700,24.88,D
sz000400,许继电气,2025-09-25 10:27:27,24.91,139100,24.87,U
sz000400,许继电气,2025-09-25 10:27:36,24.92,68100,24.92,U
sz000400,许继电气,2025-09-25 10:28:03,24.89,12400,24.9,E
sz000400,许继电气,2025-09-25 10:28:45,24.86,12500,24.87,D
sz000400,许继电气,2025-09-25 10:28:48,24.88,16700,24.86,U
sz000400,许继电气,2025-09-25 10:28:54,24.87,17500,24.88,U
sz000400,许继电气,2025-09-25 10:29:06,24.88,21400,24.86,U
sz000400,许继电气,2025-09-25 10:29:15,24.86,15500,24.86,U
sz000400,许继电气,2025-09-25 10:29:21,24.86,25500,24.84,U
sz000400,许继电气,2025-09-25 10:29:33,24.84,19300,24.85,D
sz000400,许继电气,2025-09-25 10:29:36,24.86,18200,24.84,U
sz000400,许继电气,2025-09-25 10:29:42,24.84,10700,24.84,U
sz000400,许继电气,2025-09-25 10:29:45,24.82,9600,24.84,D
sz000400,许继电气,2025-09-25 10:29:54,24.83,13900,24.82,U
sz000400,许继电气,2025-09-25 10:30:21,24.84,9200,24.83,U
sz000400,许继电气,2025-09-25 10:30:36,24.84,16800,24.84,D
sz000400,许继电气,2025-09-25 10:31:09,24.85,56000,24.86,D
sz000400,许继电气,2025-09-25 10:31:12,24.85,12400,24.85,U
sz000400,许继电气,2025-09-25 10:31:15,24.86,8500,24.85,U
sz000400,许继电气,2025-09-25 10:31:30,24.85,69800,24.86,D
sz000400,许继电气,2025-09-25 10:31:33,24.86,9000,24.85,U
sz000400,许继电气,2025-09-25 10:31:39,24.85,17300,24.86,U
sz000400,许继电气,2025-09-25 10:32:18,24.84,56400,24.85,D
sz000400,许继电气,2025-09-25 10:32:21,24.84,11700,24.84,U
sz000400,许继电气,2025-09-25 10:32:33,24.81,104600,24.83,D
sz000400,许继电气,2025-09-25 10:32:36,24.84,17600,24.81,U
sz000400,许继电气,2025-09-25 10:32:42,24.8,119500,24.81,D
sz000400,许继电气,2025-09-25 10:32:45,24.8,30900,24.8,U
sz000400,许继电气,2025-09-25 10:33:03,24.8,12800,24.79,D
sz000400,许继电气,2025-09-25 10:33:09,24.8,19600,24.8,D
sz000400,许继电气,2025-09-25 10:33:33,24.8,8400,24.81,D
sz000400,许继电气,2025-09-25 10:33:48,24.81,12200,24.82,D
sz000400,许继电气,2025-09-25 10:34:00,24.82,22000,24.81,U
sz000400,许继电气,2025-09-25 10:34:57,24.82,28600,24.83,D
sz000400,许继电气,2025-09-25 10:35:00,24.82,10900,24.82,U
sz000400,许继电气,2025-09-25 10:35:12,24.82,34000,24.82,D
sz000400,许继电气,2025-09-25 10:35:30,24.83,10200,24.83,D
sz000400,许继电气,2025-09-25 10:35:42,24.83,8700,24.84,D
sz000400,许继电气,2025-09-25 10:35:51,24.83,8400,24.83,D
sz000400,许继电气,2025-09-25 10:36:12,24.82,8500,24.83,D
sz000400,许继电气,2025-09-25 10:36:18,24.83,28800,24.83,U
sz000400,许继电气,2025-09-25 10:36:21,24.84,11300,24.83,U
sz000400,许继电气,2025-09-25 10:36:33,24.83,11000,24.84,D
sz000400,许继电气,2025-09-25 10:36:45,24.83,36200,24.83,D
sz000400,许继电气,2025-09-25 10:37:06,24.81,29400,24.83,D
sz000400,许继电气,2025-09-25 10:37:09,24.82,17100,24.81,U
sz000400,许继电气,2025-09-25 10:37:15,24.82,10800,24.82,U
sz000400,许继电气,2025-09-25 10:37:27,24.82,14200,24.82,D
sz000400,许继电气,2025-09-25 10:37:30,24.82,15900,24.82,U
sz000400,许继电气,2025-09-25 10:37:33,24.82,8200,24.82,D
sz000400,许继电气,2025-09-25 10:37:54,24.82,11300,24.82,U
sz000400,许继电气,2025-09-25 10:37:57,24.8,64000,24.82,D
sz000400,许继电气,2025-09-25 10:38:18,24.8,8200,24.79,U
sz000400,许继电气,2025-09-25 10:38:33,24.8,28100,24.79,U
sz000400,许继电气,2025-09-25 10:38:39,24.77,51050,24.79,D
sz000400,许继电气,2025-09-25 10:38:42,24.78,11900,24.77,U
sz000400,许继电气,2025-09-25 10:39:12,24.78,13750,24.79,D
sz000400,许继电气,2025-09-25 10:39:21,24.78,9200,24.78,U
sz000400,许继电气,2025-09-25 10:39:24,24.8,78400,24.78,U
sz000400,许继电气,2025-09-25 10:39:27,24.83,14150,24.8,U
sz000400,许继电气,2025-09-25 10:39:33,24.83,13600,24.83,D
sz000400,许继电气,2025-09-25 10:39:36,24.87,50900,24.83,U
sz000400,许继电气,2025-09-25 10:39:39,24.88,9200,24.87,U
sz000400,许继电气,2025-09-25 10:39:48,24.88,27200,24.87,U
sz000400,许继电气,2025-09-25 10:39:51,24.88,16200,24.88,U
sz000400,许继电气,2025-09-25 10:39:54,24.88,16800,24.88,U
sz000400,许继电气,2025-09-25 10:40:12,24.86,9700,24.88,D
sz000400,许继电气,2025-09-25 10:40:18,24.85,19500,24.86,D
sz000400,许继电气,2025-09-25 10:41:33,24.84,13700,24.85,D
sz000400,许继电气,2025-09-25 10:41:48,24.85,21700,24.83,U
sz000400,许继电气,2025-09-25 10:41:54,24.83,12900,24.83,D
sz000400,许继电气,2025-09-25 10:41:57,24.83,14100,24.83,U
sz000400,许继电气,2025-09-25 10:42:06,24.8,37200,24.84,D
sz000400,许继电气,2025-09-25 10:42:21,24.8,11800,24.8,D
sz000400,许继电气,2025-09-25 10:42:42,24.8,37700,24.8,D
sz000400,许继电气,2025-09-25 10:42:45,24.81,9200,24.8,U
sz000400,许继电气,2025-09-25 10:42:48,24.81,11300,24.81,U
sz000400,许继电气,2025-09-25 10:42:57,24.8,8300,24.8,D
sz000400,许继电气,2025-09-25 10:43:03,24.8,9800,24.8,U
sz000400,许继电气,2025-09-25 10:43:15,24.82,30000,24.8,U
sz000400,许继电气,2025-09-25 10:43:21,24.82,8400,24.82,U
sz000400,许继电气,2025-09-25 10:43:45,24.82,12600,24.82,U
sz000400,许继电气,2025-09-25 10:44:09,24.81,8500,24.81,D
sz000400,许继电气,2025-09-25 10:44:18,24.82,30600,24.82,U
sz000400,许继电气,2025-09-25 10:45:06,24.82,10000,24.81,U
sz000400,许继电气,2025-09-25 10:45:33,24.82,20700,24.81,U
sz000400,许继电气,2025-09-25 10:46:12,24.82,13800,24.84,D
sz000400,许继电气,2025-09-25 10:46:18,24.82,9200,24.83,D
sz000400,许继电气,2025-09-25 10:46:27,24.83,10800,24.83,U
sz000400,许继电气,2025-09-25 10:46:36,24.83,15200,24.83,D
sz000400,许继电气,2025-09-25 10:46:42,24.83,8400,24.82,U
sz000400,许继电气,2025-09-25 10:46:45,24.82,17000,24.83,D
sz000400,许继电气,2025-09-25 10:46:48,24.82,18900,24.82,U
sz000400,许继电气,2025-09-25 10:46:51,24.82,8600,24.82,U
sz000400,许继电气,2025-09-25 10:46:54,24.82,10700,24.82,U
sz000400,许继电气,2025-09-25 10:47:03,24.8,14000,24.81,D
sz000400,许继电气,2025-09-25 10:47:12,24.81,9300,24.81,U
sz000400,许继电气,2025-09-25 10:47:48,24.81,9700,24.81,U
sz000400,许继电气,2025-09-25 10:47:57,24.8,34500,24.81,D
sz000400,许继电气,2025-09-25 10:48:00,24.82,21700,24.8,U
sz000400,许继电气,2025-09-25 10:48:09,24.81,19600,24.81,D
sz000400,许继电气,2025-09-25 10:48:45,24.81,15600,24.82,D
sz000400,许继电气,2025-09-25 10:49:03,24.82,10000,24.82,U
sz000400,许继电气,2025-09-25 10:49:12,24.82,9900,24.82,U
sz000400,许继电气,2025-09-25 10:49:45,24.83,26100,24.83,D
sz000400,许继电气,2025-09-25 10:50:30,24.84,11100,24.84,D
sz000400,许继电气,2025-09-25 10:50:42,24.84,32200,24.84,D
sz000400,许继电气,2025-09-25 10:50:51,24.83,40400,24.83,D
sz000400,许继电气,2025-09-25 10:51:03,24.82,21700,24.83,D
sz000400,许继电气,2025-09-25 10:51:21,24.82,12700,24.82,D
sz000400,许继电气,2025-09-25 10:51:24,24.82,9000,24.82,D
sz000400,许继电气,2025-09-25 10:51:36,24.82,8200,24.82,D
sz000400,许继电气,2025-09-25 10:51:57,24.82,12200,24.82,D
sz000400,许继电气,2025-09-25 10:52:06,24.82,11900,24.82,U
sz000400,许继电气,2025-09-25 10:52:21,24.83,10300,24.82,U
sz000400,许继电气,2025-09-25 10:52:36,24.84,14400,24.83,U
sz000400,许继电气,2025-09-25 10:52:45,24.84,10800,24.84,U
sz000400,许继电气,2025-09-25 10:52:57,24.83,16400,24.83,D
sz000400,许继电气,2025-09-25 10:53:03,24.84,8600,24.83,U
sz000400,许继电气,2025-09-25 10:53:12,24.84,10600,24.84,U
sz000400,许继电气,2025-09-25 10:53:33,24.84,29300,24.85,D
sz000400,许继电气,2025-09-25 10:53:45,24.84,11000,24.84,U
sz000400,许继电气,2025-09-25 10:54:03,24.84,34500,24.85,D
sz000400,许继电气,2025-09-25 10:54:45,24.84,23700,24.84,D
sz000400,许继电气,2025-09-25 10:54:48,24.84,12700,24.84,D
sz000400,许继电气,2025-09-25 10:56:09,24.83,9800,24.83,D
sz000400,许继电气,2025-09-25 10:56:57,24.84,23100,24.84,D
sz000400,许继电气,2025-09-25 10:57:03,24.84,10800,24.84,U
sz000400,许继电气,2025-09-25 10:57:06,24.84,8300,24.84,U
sz000400,许继电气,2025-09-25 10:57:15,24.83,47000,24.83,D
sz000400,许继电气,2025-09-25 10:57:33,24.82,15300,24.82,D
sz000400,许继电气,2025-09-25 10:57:39,24.82,17900,24.81,U
sz000400,许继电气,2025-09-25 10:57:54,24.8,32900,24.81,D
sz000400,许继电气,2025-09-25 10:58:00,24.8,58700,24.81,D
sz000400,许继电气,2025-09-25 10:58:12,24.79,23800,24.79,D
sz000400,许继电气,2025-09-25 10:59:21,24.79,10700,24.79,D
sz000400,许继电气,2025-09-25 10:59:36,24.79,16100,24.79,D
sz000400,许继电气,2025-09-25 11:00:33,24.79,11000,24.79,D
sz000400,许继电气,2025-09-25 11:01:09,24.78,13300,24.79,D
sz000400,许继电气,2025-09-25 11:01:15,24.79,42300,24.79,U
sz000400,许继电气,2025-09-25 11:01:18,24.78,15700,24.79,D
sz000400,许继电气,2025-09-25 11:01:24,24.79,51600,24.79,U
sz000400,许继电气,2025-09-25 11:01:30,24.78,15200,24.78,D
sz000400,许继电气,2025-09-25 11:01:39,24.79,10600,24.79,D
sz000400,许继电气,2025-09-25 11:02:27,24.78,31400,24.79,D
sz000400,许继电气,2025-09-25 11:03:39,24.8,22800,24.8,U
sz000400,许继电气,2025-09-25 11:03:57,24.81,14200,24.81,U
sz000400,许继电气,2025-09-25 11:04:57,24.82,10000,24.81,U
sz000400,许继电气,2025-09-25 11:05:15,24.81,10200,24.82,D
sz000400,许继电气,2025-09-25 11:06:33,24.83,10000,24.82,U
sz000400,许继电气,2025-09-25 11:06:54,24.82,41400,24.83,D
sz000400,许继电气,2025-09-25 11:07:00,24.82,8100,24.82,D
sz000400,许继电气,2025-09-25 11:07:15,24.82,15800,24.82,U
sz000400,许继电气,2025-09-25 11:08:03,24.82,35800,24.82,D
sz000400,许继电气,2025-09-25 11:08:18,24.81,9300,24.82,D
sz000400,许继电气,2025-09-25 11:08:54,24.82,10200,24.82,U
sz000400,许继电气,2025-09-25 11:09:06,24.83,45900,24.83,U
sz000400,许继电气,2025-09-25 11:09:42,24.84,8500,24.84,U
sz000400,许继电气,2025-09-25 11:10:06,24.84,28100,24.85,D
sz000400,许继电气,2025-09-25 11:10:09,24.83,10000,24.84,D
sz000400,许继电气,2025-09-25 11:10:21,24.84,9600,24.84,U
sz000400,许继电气,2025-09-25 11:11:06,24.83,49500,24.84,D
sz000400,许继电气,2025-09-25 11:11:09,24.83,26600,24.83,U
sz000400,许继电气,2025-09-25 11:11:18,24.83,20800,24.82,U
sz000400,许继电气,2025-09-25 11:11:39,24.82,9500,24.82,D
sz000400,许继电气,2025-09-25 11:12:42,24.81,12200,24.82,D
sz000400,许继电气,2025-09-25 11:13:45,24.83,15000,24.83,D
sz000400,许继电气,2025-09-25 11:13:54,24.83,16100,24.83,D
sz000400,许继电气,2025-09-25 11:15:09,24.82,12800,24.82,D
sz000400,许继电气,2025-09-25 11:15:48,24.81,10600,24.82,D
sz000400,许继电气,2025-09-25 11:16:00,24.8,70300,24.82,D
sz000400,许继电气,2025-09-25 11:16:06,24.81,26100,24.8,E
sz000400,许继电气,2025-09-25 11:16:21,24.82,20900,24.81,U
sz000400,许继电气,2025-09-25 11:16:27,24.8,24100,24.81,D
sz000400,许继电气,2025-09-25 11:16:30,24.81,61300,24.8,U
sz000400,许继电气,2025-09-25 11:16:33,24.81,18600,24.81,D
sz000400,许继电气,2025-09-25 11:16:45,24.81,11000,24.81,U
sz000400,许继电气,2025-09-25 11:16:51,24.81,32500,24.81,D
sz000400,许继电气,2025-09-25 11:17:00,24.8,26800,24.81,D
sz000400,许继电气,2025-09-25 11:17:06,24.79,8600,24.8,D
sz000400,许继电气,2025-09-25 11:18:03,24.79,12700,24.79,D
sz000400,许继电气,2025-09-25 11:18:06,24.8,30300,24.79,U
sz000400,许继电气,2025-09-25 11:18:12,24.8,8800,24.8,U
sz000400,许继电气,2025-09-25 11:18:27,24.8,21900,24.81,D
sz000400,许继电气,2025-09-25 11:18:39,24.81,21100,24.81,D
sz000400,许继电气,2025-09-25 11:19:12,24.8,40200,24.81,D
sz000400,许继电气,2025-09-25 11:20:06,24.8,9600,24.81,D
sz000400,许继电气,2025-09-25 11:20:48,24.8,31000,24.8,D
sz000400,许继电气,2025-09-25 11:21:03,24.79,100400,24.8,D
sz000400,许继电气,2025-09-25 11:21:12,24.77,138500,24.78,D
sz000400,许继电气,2025-09-25 11:21:18,24.76,10600,24.77,D
sz000400,许继电气,2025-09-25 11:21:21,24.76,11100,24.76,D
sz000400,许继电气,2025-09-25 11:21:24,24.76,86200,24.76,D
sz000400,许继电气,2025-09-25 11:21:27,24.76,9400,24.76,E
sz000400,许继电气,2025-09-25 11:21:36,24.75,10300,24.76,D
sz000400,许继电气,2025-09-25 11:21:39,24.75,15600,24.75,D
sz000400,许继电气,2025-09-25 11:21:42,24.76,8700,24.75,U
sz000400,许继电气,2025-09-25 11:21:51,24.76,36000,24.75,U
sz000400,许继电气,2025-09-25 11:21:54,24.75,10400,24.76,D
sz000400,许继电气,2025-09-25 11:21:57,24.75,41100,24.75,D
sz000400,许继电气,2025-09-25 11:22:00,24.75,49336,24.75,D
sz000400,许继电气,2025-09-25 11:22:09,24.74,38500,24.74,D
sz000400,许继电气,2025-09-25 11:22:12,24.74,10600,24.74,D
sz000400,许继电气,2025-09-25 11:22:21,24.73,9200,24.73,D
sz000400,许继电气,2025-09-25 11:22:27,24.73,17100,24.73,D
sz000400,许继电气,2025-09-25 11:22:30,24.73,14000,24.73,D
sz000400,许继电气,2025-09-25 11:22:36,24.73,10100,24.73,D
sz000400,许继电气,2025-09-25 11:22:45,24.71,57800,24.72,D
sz000400,许继电气,2025-09-25 11:22:51,24.71,18100,24.72,D
sz000400,许继电气,2025-09-25 11:22:54,24.71,13200,24.71,D
sz000400,许继电气,2025-09-25 11:23:00,24.71,18800,24.72,D
sz000400,许继电气,2025-09-25 11:23:03,24.71,12600,24.71,D
sz000400,许继电气,2025-09-25 11:23:09,24.72,24800,24.71,U
sz000400,许继电气,2025-09-25 11:23:12,24.72,9600,24.72,D
sz000400,许继电气,2025-09-25 11:23:15,24.72,11400,24.72,D
sz000400,许继电气,2025-09-25 11:23:18,24.72,9000,24.72,D
sz000400,许继电气,2025-09-25 11:23:30,24.72,37500,24.72,D
sz000400,许继电气,2025-09-25 11:23:33,24.72,15400,24.72,D
sz000400,许继电气,2025-09-25 11:23:36,24.72,8100,24.72,D
sz000400,许继电气,2025-09-25 11:24:27,24.74,12000,24.74,U
sz000400,许继电气,2025-09-25 11:24:30,24.73,13500,24.74,D
sz000400,许继电气,2025-09-25 11:24:42,24.75,33764,24.73,U
sz000400,许继电气,2025-09-25 11:25:27,24.77,9200,24.76,U
sz000400,许继电气,2025-09-25 11:26:03,24.78,10000,24.77,U
sz000400,许继电气,2025-09-25 11:26:06,24.82,27500,24.78,U
sz000400,许继电气,2025-09-25 11:26:27,24.8,18800,24.81,D
sz000400,许继电气,2025-09-25 11:26:30,24.8,11700,24.8,U
sz000400,许继电气,2025-09-25 11:26:39,24.79,40000,24.79,D
sz000400,许继电气,2025-09-25 11:27:00,24.83,48000,24.81,U
sz000400,许继电气,2025-09-25 11:27:27,24.8,24700,24.8,D
sz000400,许继电气,2025-09-25 11:27:30,24.81,12400,24.8,U
sz000400,许继电气,2025-09-25 11:27:45,24.8,15600,24.8,U
sz000400,许继电气,2025-09-25 11:28:27,24.78,9100,24.78,D
sz000400,许继电气,2025-09-25 11:28:39,24.77,10100,24.77,D
sz000400,许继电气,2025-09-25 11:29:21,24.77,9800,24.76,U
sz000400,许继电气,2025-09-25 11:29:24,24.76,14500,24.77,D
sz000400,许继电气,2025-09-25 11:29:30,24.77,18300,24.77,U
sz000400,许继电气,2025-09-25 13:00:00,24.76,51500,24.76,D
sz000400,许继电气,2025-09-25 13:00:03,24.77,152400,24.76,U
sz000400,许继电气,2025-09-25 13:00:06,24.78,19200,24.77,U
sz000400,许继电气,2025-09-25 13:00:09,24.76,13400,24.78,D
sz000400,许继电气,2025-09-25 13:00:15,24.76,8600,24.76,D
sz000400,许继电气,2025-09-25 13:00:21,24.76,15300,24.75,U
sz000400,许继电气,2025-09-25 13:00:24,24.74,33136,24.76,D
sz000400,许继电气,2025-09-25 13:00:27,24.76,27300,24.74,U
sz000400,许继电气,2025-09-25 13:00:48,24.74,9000,24.74,D
sz000400,许继电气,2025-09-25 13:01:09,24.73,25300,24.74,D
sz000400,许继电气,2025-09-25 13:01:12,24.72,143900,24.73,D
sz000400,许继电气,2025-09-25 13:01:18,24.72,10500,24.7,U
sz000400,许继电气,2025-09-25 13:01:27,24.71,25400,24.72,D
sz000400,许继电气,2025-09-25 13:01:33,24.71,13800,24.71,D
sz000400,许继电气,2025-09-25 13:01:51,24.7,22500,24.7,D
sz000400,许继电气,2025-09-25 13:01:57,24.71,8800,24.7,U
sz000400,许继电气,2025-09-25 13:02:00,24.7,11600,24.71,D
sz000400,许继电气,2025-09-25 13:02:03,24.7,30600,24.7,D
sz000400,许继电气,2025-09-25 13:02:06,24.7,28800,24.7,D
sz000400,许继电气,2025-09-25 13:02:09,24.7,9600,24.7,D
sz000400,许继电气,2025-09-25 13:02:21,24.7,13800,24.7,U
sz000400,许继电气,2025-09-25 13:02:24,24.69,9900,24.7,D
sz000400,许继电气,2025-09-25 13:02:30,24.69,18500,24.69,D
sz000400,许继电气,2025-09-25 13:02:48,24.69,19400,24.68,U
sz000400,许继电气,2025-09-25 13:03:03,24.67,25100,24.68,D
sz000400,许继电气,2025-09-25 13:03:06,24.68,14800,24.67,U
sz000400,许继电气,2025-09-25 13:03:12,24.67,16500,24.67,D
sz000400,许继电气,2025-09-25 13:03:18,24.66,13100,24.67,D
sz000400,许继电气,2025-09-25 13:03:21,24.66,16000,24.66,D
sz000400,许继电气,2025-09-25 13:03:24,24.68,13000,24.66,U
sz000400,许继电气,2025-09-25 13:03:30,24.66,71300,24.67,D
sz000400,许继电气,2025-09-25 13:03:33,24.67,24100,24.66,U
sz000400,许继电气,2025-09-25 13:03:36,24.68,11800,24.67,U
sz000400,许继电气,2025-09-25 13:03:45,24.67,19100,24.67,D
sz000400,许继电气,2025-09-25 13:03:48,24.68,12500,24.67,U
sz000400,许继电气,2025-09-25 13:04:09,24.67,18600,24.67,D
sz000400,许继电气,2025-09-25 13:04:12,24.67,13700,24.67,D
sz000400,许继电气,2025-09-25 13:04:18,24.67,14200,24.67,D
sz000400,许继电气,2025-09-25 13:04:21,24.69,12800,24.67,U
sz000400,许继电气,2025-09-25 13:04:33,24.7,22800,24.68,U
sz000400,许继电气,2025-09-25 13:04:42,24.71,10600,24.71,D
sz000400,许继电气,2025-09-25 13:04:48,24.72,11300,24.71,U
sz000400,许继电气,2025-09-25 13:04:51,24.72,18800,24.72,D
sz000400,许继电气,2025-09-25 13:05:09,24.71,17200,24.72,D
sz000400,许继电气,2025-09-25 13:05:12,24.75,22100,24.71,U
sz000400,许继电气,2025-09-25 13:05:24,24.74,12900,24.73,E
sz000400,许继电气,2025-09-25 13:05:33,24.72,8500,24.73,D
sz000400,许继电气,2025-09-25 13:05:36,24.75,13500,24.72,U
sz000400,许继电气,2025-09-25 13:05:45,24.76,23500,24.74,U
sz000400,许继电气,2025-09-25 13:05:48,24.77,9700,24.76,U
sz000400,许继电气,2025-09-25 13:05:54,24.75,23100,24.77,D
sz000400,许继电气,2025-09-25 13:05:57,24.77,9300,24.75,U
sz000400,许继电气,2025-09-25 13:06:09,24.81,54100,24.78,U
sz000400,许继电气,2025-09-25 13:06:12,24.82,42000,24.81,U
sz000400,许继电气,2025-09-25 13:06:15,24.83,17100,24.82,U
sz000400,许继电气,2025-09-25 13:06:18,24.83,12700,24.83,U
sz000400,许继电气,2025-09-25 13:06:21,24.83,12600,24.83,U
sz000400,许继电气,2025-09-25 13:06:24,24.82,19100,24.83,D
sz000400,许继电气,2025-09-25 13:06:30,24.82,23000,24.82,U
sz000400,许继电气,2025-09-25 13:06:39,24.82,12700,24.84,D
sz000400,许继电气,2025-09-25 13:07:03,24.81,8900,24.82,D
sz000400,许继电气,2025-09-25 13:07:18,24.81,16900,24.8,U
sz000400,许继电气,2025-09-25 13:07:30,24.8,8900,24.81,D
sz000400,许继电气,2025-09-25 13:07:54,24.8,10600,24.8,U
sz000400,许继电气,2025-09-25 13:08:00,24.8,8100,24.8,D
sz000400,许继电气,2025-09-25 13:08:36,24.78,9000,24.77,U
sz000400,许继电气,2025-09-25 13:08:48,24.79,9000,24.79,U
sz000400,许继电气,2025-09-25 13:08:54,24.8,21400,24.79,U
sz000400,许继电气,2025-09-25 13:09:12,24.81,9400,24.8,U
sz000400,许继电气,2025-09-25 13:09:21,24.82,13300,24.82,U
sz000400,许继电气,2025-09-25 13:09:30,24.83,28600,24.82,U
sz000400,许继电气,2025-09-25 13:09:33,24.84,9900,24.83,U
sz000400,许继电气,2025-09-25 13:09:36,24.84,10300,24.84,U
sz000400,许继电气,2025-09-25 13:09:39,24.84,9200,24.84,U
sz000400,许继电气,2025-09-25 13:09:45,24.85,46200,24.84,U
sz000400,许继电气,2025-09-25 13:09:48,24.85,8700,24.85,U
sz000400,许继电气,2025-09-25 13:09:51,24.84,49800,24.85,D
sz000400,许继电气,2025-09-25 13:09:54,24.85,49300,24.84,U
sz000400,许继电气,2025-09-25 13:09:57,24.86,26000,24.85,U
sz000400,许继电气,2025-09-25 13:10:00,24.86,11400,24.86,D
sz000400,许继电气,2025-09-25 13:10:03,24.86,8800,24.86,D
sz000400,许继电气,2025-09-25 13:10:09,24.88,10700,24.86,U
sz000400,许继电气,2025-09-25 13:10:12,24.86,112800,24.88,D
sz000400,许继电气,2025-09-25 13:10:15,24.87,11300,24.86,U
sz000400,许继电气,2025-09-25 13:10:18,24.86,24900,24.87,D
sz000400,许继电气,2025-09-25 13:10:27,24.85,11500,24.85,D
sz000400,许继电气,2025-09-25 13:10:33,24.85,13600,24.85,D
sz000400,许继电气,2025-09-25 13:10:36,24.83,32500,24.85,D
sz000400,许继电气,2025-09-25 13:10:39,24.83,11100,24.83,D
sz000400,许继电气,2025-09-25 13:11:18,24.81,22500,24.81,U
sz000400,许继电气,2025-09-25 13:11:24,24.82,10200,24.81,U
sz000400,许继电气,2025-09-25 13:12:06,24.79,9900,24.78,U
sz000400,许继电气,2025-09-25 13:12:27,24.79,12300,24.79,D
sz000400,许继电气,2025-09-25 13:12:39,24.77,36500,24.8,D
sz000400,许继电气,2025-09-25 13:12:51,24.76,19000,24.76,D
sz000400,许继电气,2025-09-25 13:12:57,24.75,10900,24.76,D
sz000400,许继电气,2025-09-25 13:13:00,24.75,13400,24.75,U
sz000400,许继电气,2025-09-25 13:13:21,24.75,12800,24.73,U
sz000400,许继电气,2025-09-25 13:13:39,24.73,9900,24.73,D
sz000400,许继电气,2025-09-25 13:14:03,24.7,11400,24.72,D
sz000400,许继电气,2025-09-25 13:14:15,24.7,8200,24.7,D
sz000400,许继电气,2025-09-25 13:14:18,24.7,39800,24.7,D
sz000400,许继电气,2025-09-25 13:14:21,24.7,13500,24.7,U
sz000400,许继电气,2025-09-25 13:14:27,24.7,10100,24.69,U
sz000400,许继电气,2025-09-25 13:14:33,24.7,13300,24.69,D
sz000400,许继电气,2025-09-25 13:14:36,24.73,8900,24.7,U
sz000400,许继电气,2025-09-25 13:14:39,24.7,36800,24.73,D
sz000400,许继电气,2025-09-25 13:15:15,24.72,9600,24.72,D
sz000400,许继电气,2025-09-25 13:15:21,24.72,14700,24.72,U
sz000400,许继电气,2025-09-25 13:15:24,24.71,15100,24.72,D
sz000400,许继电气,2025-09-25 13:15:30,24.73,9600,24.72,U
sz000400,许继电气,2025-09-25 13:15:45,24.73,12500,24.74,D
sz000400,许继电气,2025-09-25 13:16:24,24.74,12800,24.75,D
sz000400,许继电气,2025-09-25 13:16:42,24.75,10200,24.74,U
sz000400,许继电气,2025-09-25 13:17:00,24.75,9400,24.75,U
sz000400,许继电气,2025-09-25 13:17:24,24.74,53300,24.75,D
sz000400,许继电气,2025-09-25 13:17:33,24.73,21100,24.74,D
sz000400,许继电气,2025-09-25 13:17:42,24.72,86100,24.72,D
sz000400,许继电气,2025-09-25 13:17:45,24.71,14000,24.72,D
sz000400,许继电气,2025-09-25 13:17:48,24.7,14000,24.71,D
sz000400,许继电气,2025-09-25 13:17:54,24.7,10000,24.7,D
sz000400,许继电气,2025-09-25 13:18:09,24.7,11700,24.7,D
sz000400,许继电气,2025-09-25 13:18:21,24.69,25600,24.7,D
sz000400,许继电气,2025-09-25 13:18:36,24.68,8500,24.69,D
sz000400,许继电气,2025-09-25 13:18:54,24.7,16700,24.69,U
sz000400,许继电气,2025-09-25 13:19:06,24.7,18769,24.69,U
sz000400,许继电气,2025-09-25 13:19:09,24.72,13900,24.7,U
sz000400,许继电气,2025-09-25 13:19:45,24.73,23500,24.75,D
sz000400,许继电气,2025-09-25 13:20:06,24.72,13400,24.73,D
sz000400,许继电气,2025-09-25 13:20:42,24.72,13300,24.72,D
sz000400,许继电气,2025-09-25 13:20:48,24.73,33500,24.72,U
sz000400,许继电气,2025-09-25 13:21:06,24.72,28200,24.71,U
sz000400,许继电气,2025-09-25 13:21:24,24.73,10100,24.73,U
sz000400,许继电气,2025-09-25 13:21:57,24.72,8100,24.73,D
sz000400,许继电气,2025-09-25 13:22:57,24.72,8900,24.72,D
sz000400,许继电气,2025-09-25 13:23:03,24.71,32500,24.72,D
sz000400,许继电气,2025-09-25 13:23:21,24.7,22900,24.7,D
sz000400,许继电气,2025-09-25 13:23:24,24.71,8800,24.7,U
sz000400,许继电气,2025-09-25 13:23:30,24.71,9700,24.7,U
sz000400,许继电气,2025-09-25 13:23:33,24.7,8400,24.71,D
sz000400,许继电气,2025-09-25 13:23:36,24.7,10800,24.7,D
sz000400,许继电气,2025-09-25 13:24:03,24.7,58600,24.71,D
sz000400,许继电气,2025-09-25 13:24:33,24.69,14300,24.69,D
sz000400,许继电气,2025-09-25 13:24:51,24.68,45100,24.68,D
sz000400,许继电气,2025-09-25 13:24:57,24.67,10600,24.68,D
sz000400,许继电气,2025-09-25 13:25:09,24.66,29500,24.67,D
sz000400,许继电气,2025-09-25 13:25:15,24.66,127100,24.66,D
sz000400,许继电气,2025-09-25 13:25:24,24.66,30400,24.66,D
sz000400,许继电气,2025-09-25 13:25:27,24.67,93000,24.66,U
sz000400,许继电气,2025-09-25 13:25:30,24.67,19000,24.67,D
sz000400,许继电气,2025-09-25 13:25:45,24.7,24500,24.68,U
sz000400,许继电气,2025-09-25 13:25:54,24.7,19000,24.68,U
sz000400,许继电气,2025-09-25 13:26:12,24.7,34700,24.7,D
sz000400,许继电气,2025-09-25 13:26:24,24.69,14200,24.7,D
sz000400,许继电气,2025-09-25 13:26:48,24.68,18800,24.68,D
sz000400,许继电气,2025-09-25 13:26:51,24.68,12500,24.68,U
sz000400,许继电气,2025-09-25 13:27:09,24.66,24200,24.67,D
sz000400,许继电气,2025-09-25 13:27:12,24.66,8500,24.66,D
sz000400,许继电气,2025-09-25 13:27:21,24.65,8669,24.65,D
sz000400,许继电气,2025-09-25 13:27:24,24.65,70831,24.65,D
sz000400,许继电气,2025-09-25 13:27:36,24.66,152669,24.63,U
sz000400,许继电气,2025-09-25 13:27:39,24.69,19100,24.66,U
sz000400,许继电气,2025-09-25 13:27:42,24.67,27800,24.69,D
sz000400,许继电气,2025-09-25 13:27:51,24.69,35200,24.69,D
sz000400,许继电气,2025-09-25 13:28:00,24.69,13700,24.69,D
sz000400,许继电气,2025-09-25 13:28:21,24.71,13900,24.71,U
sz000400,许继电气,2025-09-25 13:28:30,24.71,19600,24.72,D
sz000400,许继电气,2025-09-25 13:28:42,24.72,12200,24.72,D
sz000400,许继电气,2025-09-25 13:29:06,24.73,8300,24.73,D
sz000400,许继电气,2025-09-25 13:29:09,24.73,38900,24.73,D
sz000400,许继电气,2025-09-25 13:29:18,24.71,61318,24.73,D
sz000400,许继电气,2025-09-25 13:29:33,24.7,19100,24.7,D
sz000400,许继电气,2025-09-25 13:29:42,24.68,9700,24.69,D
sz000400,许继电气,2025-09-25 13:30:12,24.71,102000,24.66,U
sz000400,许继电气,2025-09-25 13:30:15,24.7,12700,24.71,D
sz000400,许继电气,2025-09-25 13:30:24,24.73,36918,24.7,U
sz000400,许继电气,2025-09-25 13:30:51,24.71,17300,24.72,D
sz000400,许继电气,2025-09-25 13:30:57,24.72,12000,24.71,U
sz000400,许继电气,2025-09-25 13:31:15,24.7,19000,24.71,D
sz000400,许继电气,2025-09-25 13:31:24,24.7,9200,24.7,U
sz000400,许继电气,2025-09-25 13:31:30,24.71,8400,24.7,U
sz000400,许继电气,2025-09-25 13:31:36,24.72,12300,24.72,U
sz000400,许继电气,2025-09-25 13:32:36,24.7,9000,24.71,D
sz000400,许继电气,2025-09-25 13:32:45,24.7,8100,24.71,D
sz000400,许继电气,2025-09-25 13:32:48,24.7,22600,24.7,D
sz000400,许继电气,2025-09-25 13:33:42,24.65,8200,24.66,D
sz000400,许继电气,2025-09-25 13:33:45,24.71,48000,24.65,U
sz000400,许继电气,2025-09-25 13:33:57,24.69,9100,24.71,D
sz000400,许继电气,2025-09-25 13:34:09,24.69,17200,24.67,E
sz000400,许继电气,2025-09-25 13:34:12,24.67,9800,24.69,D
sz000400,许继电气,2025-09-25 13:34:21,24.67,9700,24.67,D
sz000400,许继电气,2025-09-25 13:34:33,24.68,36000,24.67,U
sz000400,许继电气,2025-09-25 13:34:45,24.67,11200,24.67,D
sz000400,许继电气,2025-09-25 13:34:57,24.7,22900,24.68,U
sz000400,许继电气,2025-09-25 13:35:00,24.67,18700,24.7,D
sz000400,许继电气,2025-09-25 13:35:03,24.7,15400,24.67,U
sz000400,许继电气,2025-09-25 13:35:09,24.7,9900,24.7,U
sz000400,许继电气,2025-09-25 13:35:21,24.7,10700,24.69,U
sz000400,许继电气,2025-09-25 13:35:48,24.7,12900,24.7,U
sz000400,许继电气,2025-09-25 13:35:51,24.71,22800,24.7,U
sz000400,许继电气,2025-09-25 13:35:54,24.72,39200,24.71,U
sz000400,许继电气,2025-09-25 13:35:57,24.71,9000,24.72,D
sz000400,许继电气,2025-09-25 13:36:21,24.72,67200,24.71,U
sz000400,许继电气,2025-09-25 13:36:24,24.73,9500,24.72,U
sz000400,许继电气,2025-09-25 13:36:33,24.73,37000,24.73,U
sz000400,许继电气,2025-09-25 13:36:57,24.77,11600,24.77,U
sz000400,许继电气,2025-09-25 13:37:03,24.77,19400,24.77,D
sz000400,许继电气,2025-09-25 13:37:06,24.77,11500,24.77,U
sz000400,许继电气,2025-09-25 13:37:15,24.76,30100,24.76,D
sz000400,许继电气,2025-09-25 13:37:33,24.77,15100,24.77,U
sz000400,许继电气,2025-09-25 13:37:42,24.78,11000,24.76,U
sz000400,许继电气,2025-09-25 13:37:54,24.75,24800,24.76,D
sz000400,许继电气,2025-09-25 13:38:03,24.77,8900,24.77,U
sz000400,许继电气,2025-09-25 13:38:21,24.77,31600,24.77,U
sz000400,许继电气,2025-09-25 13:38:57,24.78,22100,24.77,U
sz000400,许继电气,2025-09-25 13:39:15,24.78,11600,24.78,U
sz000400,许继电气,2025-09-25 13:39:18,24.78,13200,24.78,U
sz000400,许继电气,2025-09-25 13:39:33,24.79,10000,24.79,U
sz000400,许继电气,2025-09-25 13:39:48,24.8,16600,24.79,U
sz000400,许继电气,2025-09-25 13:39:51,24.8,23900,24.8,U
sz000400,许继电气,2025-09-25 13:39:54,24.81,9300,24.8,U
sz000400,许继电气,2025-09-25 13:40:06,24.81,20200,24.81,U
sz000400,许继电气,2025-09-25 13:40:57,24.81,21400,24.81,U
sz000400,许继电气,2025-09-25 13:41:00,24.81,11000,24.81,U
sz000400,许继电气,2025-09-25 13:41:06,24.8,12300,24.81,D
sz000400,许继电气,2025-09-25 13:41:39,24.79,31700,24.81,D
sz000400,许继电气,2025-09-25 13:41:48,24.81,41600,24.8,U
sz000400,许继电气,2025-09-25 13:42:27,24.8,22000,24.81,D
sz000400,许继电气,2025-09-25 13:43:48,24.8,8100,24.8,U
sz000400,许继电气,2025-09-25 13:45:30,24.79,8800,24.79,D
sz000400,许继电气,2025-09-25 13:45:39,24.77,48900,24.79,D
sz000400,许继电气,2025-09-25 13:46:03,24.75,19400,24.76,D
sz000400,许继电气,2025-09-25 13:47:09,24.76,19300,24.75,U
sz000400,许继电气,2025-09-25 13:47:45,24.77,10600,24.77,U
sz000400,许继电气,2025-09-25 13:48:39,24.78,42000,24.77,U
sz000400,许继电气,2025-09-25 13:48:42,24.79,13600,24.78,U
sz000400,许继电气,2025-09-25 13:49:12,24.8,10500,24.8,U
sz000400,许继电气,2025-09-25 13:49:18,24.79,154800,24.8,E
sz000400,许继电气,2025-09-25 13:49:42,24.8,9600,24.8,D
sz000400,许继电气,2025-09-25 13:50:12,24.8,8400,24.79,U
sz000400,许继电气,2025-09-25 13:50:27,24.76,52500,24.79,D
sz000400,许继电气,2025-09-25 13:50:45,24.77,13600,24.79,D
sz000400,许继电气,2025-09-25 13:51:12,24.8,12100,24.78,U
sz000400,许继电气,2025-09-25 13:51:36,24.78,19000,24.79,D
sz000400,许继电气,2025-09-25 13:51:39,24.79,8200,24.78,U
sz000400,许继电气,2025-09-25 13:51:51,24.78,13100,24.8,D
sz000400,许继电气,2025-09-25 13:52:51,24.78,32700,24.79,D
sz000400,许继电气,2025-09-25 13:53:15,24.79,13400,24.8,D
sz000400,许继电气,2025-09-25 13:53:39,24.79,24800,24.8,D
sz000400,许继电气,2025-09-25 13:54:33,24.79,13500,24.78,U
sz000400,许继电气,2025-09-25 13:54:57,24.78,30700,24.79,D
sz000400,许继电气,2025-09-25 13:55:03,24.77,9001,24.78,D
sz000400,许继电气,2025-09-25 13:55:06,24.76,25400,24.77,D
sz000400,许继电气,2025-09-25 13:55:45,24.77,11600,24.76,U
sz000400,许继电气,2025-09-25 13:56:33,24.79,12000,24.79,U
sz000400,许继电气,2025-09-25 13:57:18,24.77,20300,24.77,D
sz000400,许继电气,2025-09-25 13:58:42,24.79,24000,24.79,U
sz000400,许继电气,2025-09-25 13:58:54,24.79,14400,24.79,U
sz000400,许继电气,2025-09-25 13:59:03,24.8,11700,24.79,U
sz000400,许继电气,2025-09-25 13:59:12,24.8,159000,24.8,U
sz000400,许继电气,2025-09-25 13:59:30,24.8,16300,24.81,D
sz000400,许继电气,2025-09-25 13:59:39,24.81,13500,24.81,D
sz000400,许继电气,2025-09-25 13:59:45,24.82,12300,24.82,U
sz000400,许继电气,2025-09-25 13:59:57,24.82,15500,24.82,U
sz000400,许继电气,2025-09-25 14:00:03,24.83,18600,24.82,U
sz000400,许继电气,2025-09-25 14:00:06,24.83,23400,24.83,U
sz000400,许继电气,2025-09-25 14:00:09,24.85,33400,24.83,U
sz000400,许继电气,2025-09-25 14:00:33,24.85,16100,24.85,U
sz000400,许继电气,2025-09-25 14:00:42,24.85,15000,24.84,U
sz000400,许继电气,2025-09-25 14:00:45,24.85,8200,24.85,U
sz000400,许继电气,2025-09-25 14:00:57,24.86,16750,24.85,U
sz000400,许继电气,2025-09-25 14:01:03,24.84,68300,24.85,D
sz000400,许继电气,2025-09-25 14:01:06,24.82,58900,24.84,D
sz000400,许继电气,2025-09-25 14:01:27,24.83,10300,24.82,U
sz000400,许继电气,2025-09-25 14:01:30,24.82,10600,24.83,E
sz000400,许继电气,2025-09-25 14:01:33,24.81,11500,24.82,D
sz000400,许继电气,2025-09-25 14:01:45,24.8,33200,24.8,D
sz000400,许继电气,2025-09-25 14:02:09,24.8,12900,24.8,U
sz000400,许继电气,2025-09-25 14:02:51,24.77,72300,24.79,D
sz000400,许继电气,2025-09-25 14:02:54,24.78,17900,24.77,E
sz000400,许继电气,2025-09-25 14:04:03,24.77,26300,24.78,D
sz000400,许继电气,2025-09-25 14:04:21,24.78,24100,24.78,U
sz000400,许继电气,2025-09-25 14:04:27,24.77,137500,24.78,D
sz000400,许继电气,2025-09-25 14:04:30,24.77,12000,24.77,U
sz000400,许继电气,2025-09-25 14:04:39,24.77,13400,24.77,U
sz000400,许继电气,2025-09-25 14:05:09,24.77,9500,24.77,U
sz000400,许继电气,2025-09-25 14:05:33,24.77,24500,24.77,U
sz000400,许继电气,2025-09-25 14:05:45,24.78,25500,24.78,U
sz000400,许继电气,2025-09-25 14:05:54,24.8,19000,24.79,U
sz000400,许继电气,2025-09-25 14:06:00,24.8,26000,24.8,U
sz000400,许继电气,2025-09-25 14:06:06,24.8,20100,24.79,U
sz000400,许继电气,2025-09-25 14:07:06,24.78,32900,24.8,D
sz000400,许继电气,2025-09-25 14:07:09,24.78,27300,24.78,D
sz000400,许继电气,2025-09-25 14:07:12,24.78,11200,24.78,D
sz000400,许继电气,2025-09-25 14:07:57,24.78,162900,24.78,D
sz000400,许继电气,2025-09-25 14:08:12,24.77,69700,24.78,D
sz000400,许继电气,2025-09-25 14:08:57,24.77,9500,24.76,U
sz000400,许继电气,2025-09-25 14:11:03,24.78,21000,24.77,U
sz000400,许继电气,2025-09-25 14:11:09,24.77,33800,24.78,D
sz000400,许继电气,2025-09-25 14:11:15,24.77,20000,24.77,U
sz000400,许继电气,2025-09-25 14:11:30,24.78,12100,24.76,U
sz000400,许继电气,2025-09-25 14:11:42,24.77,17100,24.77,U
sz000400,许继电气,2025-09-25 14:11:48,24.76,9000,24.77,D
sz000400,许继电气,2025-09-25 14:11:54,24.75,52800,24.76,D
sz000400,许继电气,2025-09-25 14:12:09,24.75,28800,24.75,D
sz000400,许继电气,2025-09-25 14:12:15,24.75,10800,24.76,D
sz000400,许继电气,2025-09-25 14:12:18,24.75,11900,24.75,D
sz000400,许继电气,2025-09-25 14:12:36,24.76,9800,24.76,U
sz000400,许继电气,2025-09-25 14:14:09,24.77,10500,24.77,D
sz000400,许继电气,2025-09-25 14:14:12,24.77,10700,24.77,D
sz000400,许继电气,2025-09-25 14:14:27,24.78,32200,24.78,U
sz000400,许继电气,2025-09-25 14:14:36,24.78,11300,24.78,U
sz000400,许继电气,2025-09-25 14:14:57,24.78,20300,24.78,U
sz000400,许继电气,2025-09-25 14:15:39,24.77,37800,24.77,D
sz000400,许继电气,2025-09-25 14:15:48,24.77,43400,24.76,U
sz000400,许继电气,2025-09-25 14:16:18,24.78,32200,24.78,U
sz000400,许继电气,2025-09-25 14:17:12,24.77,18500,24.77,D
sz000400,许继电气,2025-09-25 14:17:15,24.76,98800,24.77,D
sz000400,许继电气,2025-09-25 14:17:30,24.78,8500,24.76,U
sz000400,许继电气,2025-09-25 14:18:00,24.77,15400,24.78,D
sz000400,许继电气,2025-09-25 14:20:12,24.77,20400,24.78,D
sz000400,许继电气,2025-09-25 14:20:57,24.78,12100,24.77,U
sz000400,许继电气,2025-09-25 14:21:00,24.78,11700,24.78,U
sz000400,许继电气,2025-09-25 14:21:48,24.79,197700,24.78,U
sz000400,许继电气,2025-09-25 14:21:51,24.82,226500,24.79,U
sz000400,许继电气,2025-09-25 14:21:54,24.84,56100,24.82,U
sz000400,许继电气,2025-09-25 14:21:57,24.84,15800,24.84,U
sz000400,许继电气,2025-09-25 14:22:00,24.85,25500,24.84,U
sz000400,许继电气,2025-09-25 14:22:09,24.85,21100,24.85,U
sz000400,许继电气,2025-09-25 14:22:15,24.85,10200,24.85,U
sz000400,许继电气,2025-09-25 14:22:18,24.85,16500,24.85,U
sz000400,许继电气,2025-09-25 14:22:30,24.85,26700,24.85,D
sz000400,许继电气,2025-09-25 14:22:33,24.86,22400,24.85,U
sz000400,许继电气,2025-09-25 14:22:36,24.86,10100,24.86,U
sz000400,许继电气,2025-09-25 14:22:42,24.86,12400,24.85,U
sz000400,许继电气,2025-09-25 14:22:48,24.85,38200,24.86,D
sz000400,许继电气,2025-09-25 14:22:57,24.84,48200,24.84,D
sz000400,许继电气,2025-09-25 14:23:00,24.85,9600,24.84,U
sz000400,许继电气,2025-09-25 14:23:27,24.84,9500,24.84,D
sz000400,许继电气,2025-09-25 14:23:30,24.85,9800,24.84,U
sz000400,许继电气,2025-09-25 14:23:39,24.84,9600,24.84,U
sz000400,许继电气,2025-09-25 14:23:48,24.84,9500,24.85,D
sz000400,许继电气,2025-09-25 14:23:57,24.84,42000,24.84,D
sz000400,许继电气,2025-09-25 14:24:12,24.83,17200,24.83,D
sz000400,许继电气,2025-09-25 14:24:21,24.83,11900,24.84,D
sz000400,许继电气,2025-09-25 14:24:54,24.84,20300,24.84,U
sz000400,许继电气,2025-09-25 14:25:57,24.85,10900,24.85,U
sz000400,许继电气,2025-09-25 14:26:00,24.84,82900,24.85,D
sz000400,许继电气,2025-09-25 14:26:03,24.84,20500,24.84,U
sz000400,许继电气,2025-09-25 14:26:09,24.83,98300,24.84,D
sz000400,许继电气,2025-09-25 14:26:12,24.86,178800,24.83,U
sz000400,许继电气,2025-09-25 14:26:15,24.86,14750,24.86,U
sz000400,许继电气,2025-09-25 14:26:18,24.87,8900,24.86,U
sz000400,许继电气,2025-09-25 14:26:24,24.87,14900,24.87,U
sz000400,许继电气,2025-09-25 14:26:27,24.86,21400,24.87,D
sz000400,许继电气,2025-09-25 14:26:30,24.86,10000,24.86,D
sz000400,许继电气,2025-09-25 14:26:33,24.87,8800,24.86,U
sz000400,许继电气,2025-09-25 14:26:39,24.87,8600,24.88,D
sz000400,许继电气,2025-09-25 14:26:42,24.88,15500,24.87,U
sz000400,许继电气,2025-09-25 14:26:51,24.88,9900,24.88,U
sz000400,许继电气,2025-09-25 14:26:54,24.88,34200,24.88,U
sz000400,许继电气,2025-09-25 14:26:57,24.88,29600,24.88,U
sz000400,许继电气,2025-09-25 14:27:00,24.88,26700,24.88,U
sz000400,许继电气,2025-09-25 14:27:21,24.89,53100,24.89,U
sz000400,许继电气,2025-09-25 14:27:24,24.89,8800,24.89,U
sz000400,许继电气,2025-09-25 14:27:27,24.89,24600,24.89,U
sz000400,许继电气,2025-09-25 14:27:30,24.89,66400,24.89,D
sz000400,许继电气,2025-09-25 14:27:36,24.9,17100,24.9,U
sz000400,许继电气,2025-09-25 14:27:39,24.9,11500,24.9,U
sz000400,许继电气,2025-09-25 14:27:42,24.88,25800,24.9,D
sz000400,许继电气,2025-09-25 14:27:45,24.9,183100,24.88,U
sz000400,许继电气,2025-09-25 14:27:48,24.9,26800,24.9,U
sz000400,许继电气,2025-09-25 14:27:54,24.9,28300,24.9,U
sz000400,许继电气,2025-09-25 14:27:57,24.9,17400,24.9,U
sz000400,许继电气,2025-09-25 14:28:00,24.89,75900,24.9,D
sz000400,许继电气,2025-09-25 14:28:03,24.9,64500,24.89,U
sz000400,许继电气,2025-09-25 14:28:06,24.9,11200,24.9,U
sz000400,许继电气,2025-09-25 14:28:15,24.92,20400,24.92,U
sz000400,许继电气,2025-09-25 14:28:30,24.92,10800,24.92,U
sz000400,许继电气,2025-09-25 14:28:39,24.91,12900,24.92,D
sz000400,许继电气,2025-09-25 14:28:42,24.92,14500,24.91,U
sz000400,许继电气,2025-09-25 14:28:45,24.93,12800,24.92,U
sz000400,许继电气,2025-09-25 14:28:48,24.93,9800,24.93,U
sz000400,许继电气,2025-09-25 14:28:51,24.93,52150,24.93,U
sz000400,许继电气,2025-09-25 14:28:57,24.94,25700,24.93,U
sz000400,许继电气,2025-09-25 14:29:00,24.93,17100,24.94,D
sz000400,许继电气,2025-09-25 14:29:03,24.94,10900,24.93,U
sz000400,许继电气,2025-09-25 14:29:12,24.94,24900,24.95,D
sz000400,许继电气,2025-09-25 14:29:18,24.95,64500,24.95,U
sz000400,许继电气,2025-09-25 14:29:21,24.95,50000,24.95,U
sz000400,许继电气,2025-09-25 14:29:24,24.95,22500,24.95,U
sz000400,许继电气,2025-09-25 14:29:27,24.95,9000,24.95,D
sz000400,许继电气,2025-09-25 14:29:30,24.95,18400,24.95,U
sz000400,许继电气,2025-09-25 14:29:33,24.95,44700,24.95,U
sz000400,许继电气,2025-09-25 14:29:36,24.93,129600,24.95,D
sz000400,许继电气,2025-09-25 14:29:39,24.94,17400,24.93,U
sz000400,许继电气,2025-09-25 14:29:45,24.94,15200,24.93,U
sz000400,许继电气,2025-09-25 14:29:51,24.94,26100,24.93,U
sz000400,许继电气,2025-09-25 14:29:54,24.94,11700,24.94,U
sz000400,许继电气,2025-09-25 14:29:57,24.94,10100,24.94,U
sz000400,许继电气,2025-09-25 14:30:00,24.93,22800,24.94,D
sz000400,许继电气,2025-09-25 14:30:03,24.94,15500,24.93,U
sz000400,许继电气,2025-09-25 14:30:09,24.94,10000,24.94,U
sz000400,许继电气,2025-09-25 14:30:15,24.93,41150,24.93,D
sz000400,许继电气,2025-09-25 14:30:18,24.93,9200,24.93,U
sz000400,许继电气,2025-09-25 14:30:21,24.93,22500,24.93,U
sz000400,许继电气,2025-09-25 14:30:27,24.92,8300,24.92,D
sz000400,许继电气,2025-09-25 14:30:36,24.92,16700,24.92,D
sz000400,许继电气,2025-09-25 14:30:39,24.92,10000,24.92,D
sz000400,许继电气,2025-09-25 14:30:48,24.92,8300,24.92,U
sz000400,许继电气,2025-09-25 14:31:00,24.92,19100,24.92,U
sz000400,许继电气,2025-09-25 14:31:09,24.91,9700,24.91,D
sz000400,许继电气,2025-09-25 14:31:15,24.92,23100,24.91,U
sz000400,许继电气,2025-09-25 14:31:24,24.92,8200,24.93,D
sz000400,许继电气,2025-09-25 14:31:27,24.92,22200,24.92,D
sz000400,许继电气,2025-09-25 14:31:33,24.92,13000,24.93,D
sz000400,许继电气,2025-09-25 14:31:39,24.92,13300,24.92,U
sz000400,许继电气,2025-09-25 14:32:06,24.92,13200,24.92,D
sz000400,许继电气,2025-09-25 14:32:09,24.91,21300,24.92,D
sz000400,许继电气,2025-09-25 14:32:12,24.91,11400,24.91,D
sz000400,许继电气,2025-09-25 14:32:18,24.91,48600,24.91,D
sz000400,许继电气,2025-09-25 14:32:21,24.91,29400,24.91,D
sz000400,许继电气,2025-09-25 14:32:36,24.91,21600,24.9,U
sz000400,许继电气,2025-09-25 14:32:39,24.89,15000,24.91,D
sz000400,许继电气,2025-09-25 14:32:48,24.89,8300,24.89,D
sz000400,许继电气,2025-09-25 14:32:51,24.9,29800,24.89,U
sz000400,许继电气,2025-09-25 14:33:00,24.88,33500,24.88,D
sz000400,许继电气,2025-09-25 14:33:15,24.87,22700,24.87,D
sz000400,许继电气,2025-09-25 14:33:18,24.87,28600,24.87,U
sz000400,许继电气,2025-09-25 14:34:06,24.87,10700,24.87,D
sz000400,许继电气,2025-09-25 14:34:24,24.88,13000,24.88,U
sz000400,许继电气,2025-09-25 14:34:27,24.88,10900,24.88,U
sz000400,许继电气,2025-09-25 14:34:30,24.9,17300,24.88,U
sz000400,许继电气,2025-09-25 14:34:42,24.88,10300,24.88,D
sz000400,许继电气,2025-09-25 14:34:57,24.89,12200,24.89,D
sz000400,许继电气,2025-09-25 14:35:03,24.89,26300,24.9,D
sz000400,许继电气,2025-09-25 14:35:27,24.9,9900,24.89,U
sz000400,许继电气,2025-09-25 14:35:45,24.9,11000,24.9,U
sz000400,许继电气,2025-09-25 14:36:18,24.89,8500,24.89,U
sz000400,许继电气,2025-09-25 14:36:48,24.89,28800,24.88,U
sz000400,许继电气,2025-09-25 14:37:00,24.88,30100,24.88,D
sz000400,许继电气,2025-09-25 14:37:12,24.88,12700,24.88,D
sz000400,许继电气,2025-09-25 14:37:15,24.88,9401,24.88,D
sz000400,许继电气,2025-09-25 14:37:18,24.88,13000,24.88,D
sz000400,许继电气,2025-09-25 14:37:21,24.88,12799,24.88,D
sz000400,许继电气,2025-09-25 14:37:33,24.88,12001,24.87,U
sz000400,许继电气,2025-09-25 14:37:51,24.88,50400,24.87,U
sz000400,许继电气,2025-09-25 14:38:18,24.87,8400,24.87,D
sz000400,许继电气,2025-09-25 14:38:21,24.87,30600,24.87,D
sz000400,许继电气,2025-09-25 14:38:30,24.87,10200,24.86,U
sz000400,许继电气,2025-09-25 14:38:36,24.86,21000,24.87,D
sz000400,许继电气,2025-09-25 14:38:45,24.87,12400,24.87,U
sz000400,许继电气,2025-09-25 14:39:21,24.86,9300,24.86,D
sz000400,许继电气,2025-09-25 14:39:30,24.86,15300,24.86,D
sz000400,许继电气,2025-09-25 14:39:57,24.86,8900,24.85,U
sz000400,许继电气,2025-09-25 14:40:00,24.85,26700,24.86,D
sz000400,许继电气,2025-09-25 14:40:03,24.86,10300,24.85,U
sz000400,许继电气,2025-09-25 14:40:06,24.86,10200,24.86,U
sz000400,许继电气,2025-09-25 14:40:15,24.85,16400,24.85,D
sz000400,许继电气,2025-09-25 14:40:18,24.85,57200,24.85,U
sz000400,许继电气,2025-09-25 14:40:24,24.85,9800,24.85,D
sz000400,许继电气,2025-09-25 14:40:27,24.87,76200,24.85,U
sz000400,许继电气,2025-09-25 14:40:51,24.86,12600,24.86,D
sz000400,许继电气,2025-09-25 14:41:03,24.86,13600,24.86,D
sz000400,许继电气,2025-09-25 14:41:36,24.85,13900,24.85,D
sz000400,许继电气,2025-09-25 14:41:39,24.86,22800,24.85,U
sz000400,许继电气,2025-09-25 14:41:42,24.86,10800,24.86,D
sz000400,许继电气,2025-09-25 14:42:00,24.85,10100,24.85,D
sz000400,许继电气,2025-09-25 14:42:06,24.84,10700,24.85,D
sz000400,许继电气,2025-09-25 14:42:15,24.85,29400,24.84,U
sz000400,许继电气,2025-09-25 14:42:18,24.84,9700,24.85,D
sz000400,许继电气,2025-09-25 14:42:42,24.84,11300,24.84,U
sz000400,许继电气,2025-09-25 14:42:45,24.84,20700,24.84,U
sz000400,许继电气,2025-09-25 14:42:54,24.84,10600,24.84,U
sz000400,许继电气,2025-09-25 14:43:15,24.84,14900,24.83,U
sz000400,许继电气,2025-09-25 14:43:24,24.84,9700,24.85,D
sz000400,许继电气,2025-09-25 14:43:51,24.85,9100,24.85,U
sz000400,许继电气,2025-09-25 14:44:03,24.85,8600,24.85,U
sz000400,许继电气,2025-09-25 14:44:15,24.85,49400,24.84,U
sz000400,许继电气,2025-09-25 14:44:18,24.85,114400,24.85,U
sz000400,许继电气,2025-09-25 14:44:21,24.86,10700,24.85,U
sz000400,许继电气,2025-09-25 14:44:24,24.85,10900,24.86,D
sz000400,许继电气,2025-09-25 14:44:30,24.85,15000,24.86,D
sz000400,许继电气,2025-09-25 14:44:39,24.85,8500,24.85,D
sz000400,许继电气,2025-09-25 14:44:42,24.86,15500,24.85,U
sz000400,许继电气,2025-09-25 14:44:51,24.86,38700,24.86,U
sz000400,许继电气,2025-09-25 14:44:54,24.86,12500,24.86,D
sz000400,许继电气,2025-09-25 14:44:57,24.87,14000,24.86,U
sz000400,许继电气,2025-09-25 14:45:06,24.86,13500,24.86,D
sz000400,许继电气,2025-09-25 14:45:09,24.87,22100,24.86,U
sz000400,许继电气,2025-09-25 14:45:15,24.87,8700,24.87,U
sz000400,许继电气,2025-09-25 14:45:27,24.86,8700,24.87,D
sz000400,许继电气,2025-09-25 14:45:30,24.87,23000,24.86,U
sz000400,许继电气,2025-09-25 14:45:36,24.88,47400,24.87,U
sz000400,许继电气,2025-09-25 14:45:39,24.87,45700,24.88,D
sz000400,许继电气,2025-09-25 14:45:54,24.87,29400,24.87,D
sz000400,许继电气,2025-09-25 14:46:00,24.87,8400,24.87,D
sz000400,许继电气,2025-09-25 14:46:03,24.88,9400,24.87,U
sz000400,许继电气,2025-09-25 14:46:18,24.86,21500,24.88,D
sz000400,许继电气,2025-09-25 14:46:21,24.88,12300,24.86,U
sz000400,许继电气,2025-09-25 14:46:33,24.87,8700,24.86,U
sz000400,许继电气,2025-09-25 14:46:39,24.87,15300,24.87,U
sz000400,许继电气,2025-09-25 14:46:48,24.86,60600,24.86,D
sz000400,许继电气,2025-09-25 14:46:54,24.85,12600,24.86,D
sz000400,许继电气,2025-09-25 14:46:57,24.86,52500,24.85,U
sz000400,许继电气,2025-09-25 14:47:00,24.86,14400,24.86,D
sz000400,许继电气,2025-09-25 14:47:15,24.86,17000,24.86,D
sz000400,许继电气,2025-09-25 14:47:18,24.87,9600,24.86,U
sz000400,许继电气,2025-09-25 14:47:27,24.86,10300,24.86,D
sz000400,许继电气,2025-09-25 14:47:33,24.86,16400,24.86,U
sz000400,许继电气,2025-09-25 14:47:48,24.86,20900,24.86,D
sz000400,许继电气,2025-09-25 14:48:03,24.86,14100,24.87,D
sz000400,许继电气,2025-09-25 14:48:06,24.87,16100,24.86,U
sz000400,许继电气,2025-09-25 14:48:09,24.87,8600,24.87,U
sz000400,许继电气,2025-09-25 14:48:12,24.87,13800,24.87,U
sz000400,许继电气,2025-09-25 14:48:21,24.87,9600,24.86,U
sz000400,许继电气,2025-09-25 14:48:33,24.86,19400,24.87,D
sz000400,许继电气,2025-09-25 14:48:57,24.87,14900,24.86,U
sz000400,许继电气,2025-09-25 14:49:03,24.86,85600,24.86,D
sz000400,许继电气,2025-09-25 14:49:06,24.87,14100,24.86,U
sz000400,许继电气,2025-09-25 14:49:12,24.87,17800,24.86,U
sz000400,许继电气,2025-09-25 14:49:15,24.86,18000,24.87,D
sz000400,许继电气,2025-09-25 14:49:30,24.86,322301,24.85,U
sz000400,许继电气,2025-09-25 14:49:39,24.86,8700,24.86,D
sz000400,许继电气,2025-09-25 14:49:45,24.87,10000,24.87,U
sz000400,许继电气,2025-09-25 14:49:54,24.87,18200,24.88,D
sz000400,许继电气,2025-09-25 14:50:00,24.88,18800,24.87,U
sz000400,许继电气,2025-09-25 14:50:03,24.86,239300,24.88,D
sz000400,许继电气,2025-09-25 14:50:06,24.88,65900,24.86,U
sz000400,许继电气,2025-09-25 14:50:09,24.88,20300,24.88,U
sz000400,许继电气,2025-09-25 14:50:12,24.87,8800,24.88,D
sz000400,许继电气,2025-09-25 14:50:18,24.87,9900,24.88,D
sz000400,许继电气,2025-09-25 14:50:21,24.89,23500,24.87,U
sz000400,许继电气,2025-09-25 14:50:30,24.88,45600,24.88,D
sz000400,许继电气,2025-09-25 14:50:33,24.88,13500,24.88,D
sz000400,许继电气,2025-09-25 14:50:36,24.89,10700,24.88,U
sz000400,许继电气,2025-09-25 14:50:39,24.89,18800,24.89,U
sz000400,许继电气,2025-09-25 14:50:42,24.89,21800,24.89,U
sz000400,许继电气,2025-09-25 14:50:48,24.89,61800,24.88,U
sz000400,许继电气,2025-09-25 14:50:51,24.89,14200,24.89,U
sz000400,许继电气,2025-09-25 14:50:54,24.89,8100,24.89,U
sz000400,许继电气,2025-09-25 14:51:03,24.86,217800,24.89,D
sz000400,许继电气,2025-09-25 14:51:06,24.89,18700,24.86,E
sz000400,许继电气,2025-09-25 14:51:09,24.89,31100,24.89,D
sz000400,许继电气,2025-09-25 14:51:12,24.88,9600,24.89,D
sz000400,许继电气,2025-09-25 14:51:18,24.88,16600,24.88,U
sz000400,许继电气,2025-09-25 14:51:30,24.87,17200,24.87,U
sz000400,许继电气,2025-09-25 14:51:33,24.87,19000,24.87,U
sz000400,许继电气,2025-09-25 14:51:36,24.88,10800,24.87,U
sz000400,许继电气,2025-09-25 14:51:42,24.88,18900,24.87,U
sz000400,许继电气,2025-09-25 14:51:51,24.88,13300,24.88,U
sz000400,许继电气,2025-09-25 14:51:54,24.88,70600,24.88,U
sz000400,许继电气,2025-09-25 14:51:57,24.88,10900,24.88,D
sz000400,许继电气,2025-09-25 14:52:00,24.88,20000,24.88,D
sz000400,许继电气,2025-09-25 14:52:03,24.87,36800,24.88,D
sz000400,许继电气,2025-09-25 14:52:06,24.86,44800,24.87,D
sz000400,许继电气,2025-09-25 14:52:15,24.87,11900,24.87,D
sz000400,许继电气,2025-09-25 14:52:18,24.88,49100,24.87,U
sz000400,许继电气,2025-09-25 14:52:21,24.88,10300,24.88,D
sz000400,许继电气,2025-09-25 14:52:30,24.88,12300,24.87,U
sz000400,许继电气,2025-09-25 14:52:33,24.88,12300,24.88,U
sz000400,许继电气,2025-09-25 14:52:45,24.88,22300,24.87,U
sz000400,许继电气,2025-09-25 14:52:48,24.88,15200,24.88,D
sz000400,许继电气,2025-09-25 14:52:51,24.88,13600,24.88,D
sz000400,许继电气,2025-09-25 14:53:00,24.87,11000,24.88,D
sz000400,许继电气,2025-09-25 14:53:03,24.87,25400,24.87,D
sz000400,许继电气,2025-09-25 14:53:09,24.87,9600,24.87,D
sz000400,许继电气,2025-09-25 14:53:12,24.89,64000,24.87,U
sz000400,许继电气,2025-09-25 14:53:18,24.89,255100,24.88,U
sz000400,许继电气,2025-09-25 14:53:21,24.87,37700,24.89,D
sz000400,许继电气,2025-09-25 14:53:27,24.89,9000,24.88,U
sz000400,许继电气,2025-09-25 14:53:30,24.88,15100,24.89,D
sz000400,许继电气,2025-09-25 14:53:33,24.88,11300,24.88,D
sz000400,许继电气,2025-09-25 14:53:36,24.88,13200,24.88,D
sz000400,许继电气,2025-09-25 14:53:39,24.89,68100,24.88,U
sz000400,许继电气,2025-09-25 14:54:00,24.89,16000,24.89,U
sz000400,许继电气,2025-09-25 14:54:03,24.87,58900,24.89,D
sz000400,许继电气,2025-09-25 14:54:06,24.88,47300,24.87,U
sz000400,许继电气,2025-09-25 14:54:12,24.88,12600,24.87,U
sz000400,许继电气,2025-09-25 14:54:18,24.88,10100,24.88,U
sz000400,许继电气,2025-09-25 14:54:21,24.88,21800,24.88,U
sz000400,许继电气,2025-09-25 14:54:30,24.88,12800,24.88,U
sz000400,许继电气,2025-09-25 14:54:33,24.88,36400,24.88,U
sz000400,许继电气,2025-09-25 14:54:39,24.89,38200,24.88,U
sz000400,许继电气,2025-09-25 14:54:45,24.88,42000,24.88,D
sz000400,许继电气,2025-09-25 14:54:48,24.89,28200,24.88,U
sz000400,许继电气,2025-09-25 14:54:51,24.88,25700,24.89,D
sz000400,许继电气,2025-09-25 14:54:57,24.89,15400,24.88,U
sz000400,许继电气,2025-09-25 14:55:03,24.89,16700,24.9,E
sz000400,许继电气,2025-09-25 14:55:06,24.89,18300,24.89,D
sz000400,许继电气,2025-09-25 14:55:09,24.9,27600,24.89,U
sz000400,许继电气,2025-09-25 14:55:12,24.89,16600,24.9,D
sz000400,许继电气,2025-09-25 14:55:15,24.9,10000,24.89,U
sz000400,许继电气,2025-09-25 14:55:18,24.89,16300,24.9,D
sz000400,许继电气,2025-09-25 14:55:21,24.89,13300,24.89,U
sz000400,许继电气,2025-09-25 14:55:24,24.89,10400,24.89,U
sz000400,许继电气,2025-09-25 14:55:27,24.89,24500,24.89,U
sz000400,许继电气,2025-09-25 14:55:30,24.88,17500,24.89,D
sz000400,许继电气,2025-09-25 14:55:33,24.89,20100,24.88,U
sz000400,许继电气,2025-09-25 14:55:36,24.89,42900,24.89,U
sz000400,许继电气,2025-09-25 14:55:39,24.89,26400,24.89,U
sz000400,许继电气,2025-09-25 14:55:42,24.89,13800,24.89,U
sz000400,许继电气,2025-09-25 14:55:45,24.88,34800,24.89,D
sz000400,许继电气,2025-09-25 14:55:48,24.88,27300,24.88,D
sz000400,许继电气,2025-09-25 14:55:51,24.88,32100,24.88,E
sz000400,许继电气,2025-09-25 14:55:54,24.86,112000,24.88,D
sz000400,许继电气,2025-09-25 14:56:00,24.88,12900,24.86,U
sz000400,许继电气,2025-09-25 14:56:03,24.85,23100,24.88,D
sz000400,许继电气,2025-09-25 14:56:06,24.85,23500,24.85,D
sz000400,许继电气,2025-09-25 14:56:09,24.86,25000,24.85,U
sz000400,许继电气,2025-09-25 14:56:12,24.86,14000,24.86,D
sz000400,许继电气,2025-09-25 14:56:21,24.86,46000,24.86,D
sz000400,许继电气,2025-09-25 14:56:27,24.86,14400,24.86,U
sz000400,许继电气,2025-09-25 14:56:30,24.86,10500,24.86,U
sz000400,许继电气,2025-09-25 14:56:39,24.86,13600,24.85,U
sz000400,许继电气,2025-09-25 14:56:42,24.86,18400,24.86,U
sz000400,许继电气,2025-09-25 14:56:51,24.86,13200,24.86,D
sz000400,许继电气,2025-09-25 14:56:54,24.87,13600,24.86,U
sz000400,许继电气,2025-09-25 14:57:00,24.87,27200,24.86,U
sz000400,许继电气,2025-09-25 15:00:00,24.85,589700,24.87,D
