symbol,name,ticktime,price,volume,prev_price,kind
sz000400,许继电气,2025-10-17 09:25:00,26.4,311500,0.0,D
sz000400,许继电气,2025-10-17 09:30:00,26.38,89200,26.4,D
sz000400,许继电气,2025-10-17 09:30:03,26.3,400600,26.38,D
sz000400,许继电气,2025-10-17 09:30:06,26.3,93300,26.3,U
sz000400,许继电气,2025-10-17 09:30:09,26.23,42000,26.3,D
sz000400,许继电气,2025-10-17 09:30:12,26.22,61600,26.23,D
sz000400,许继电气,2025-10-17 09:30:15,26.18,56900,26.22,D
sz000400,许继电气,2025-10-17 09:30:18,26.16,41900,26.18,D
sz000400,许继电气,2025-10-17 09:30:21,26.11,34900,26.16,D
sz000400,许继电气,2025-10-17 09:30:24,26.11,34400,26.11,D
sz000400,许继电气,2025-10-17 09:30:27,26.08,54800,26.11,D
sz000400,许继电气,2025-10-17 09:30:30,26.05,84700,26.08,D
sz000400,许继电气,2025-10-17 09:30:33,26.03,92800,26.05,E
sz000400,许继电气,2025-10-17 09:30:36,26.04,100900,26.03,U
sz000400,许继电气,2025-10-17 09:30:39,26.09,53100,26.04,U
sz000400,许继电气,2025-10-17 09:30:42,26.07,53700,26.09,E
sz000400,许继电气,2025-10-17 09:30:45,26.09,21900,26.07,U
sz000400,许继电气,2025-10-17 09:30:48,26.09,42200,26.09,D
sz000400,许继电气,2025-10-17 09:30:51,26.1,46100,26.09,U
sz000400,许继电气,2025-10-17 09:30:54,26.1,29300,26.1,D
sz000400,许继电气,2025-10-17 09:30:57,26.1,111500,26.1,D
sz000400,许继电气,2025-10-17 09:31:00,26.03,135500,26.1,D
sz000400,许继电气,2025-10-17 09:31:03,26.04,44300,26.03,D
sz000400,许继电气,2025-10-17 09:31:06,26.03,29400,26.04,D
sz000400,许继电气,2025-10-17 09:31:09,26.07,41200,26.03,U
sz000400,许继电气,2025-10-17 09:31:12,26.07,27900,26.07,U
sz000400,许继电气,2025-10-17 09:31:15,26.07,27600,26.07,U
sz000400,许继电气,2025-10-17 09:31:18,26.1,35100,26.07,U
sz000400,许继电气,2025-10-17 09:31:21,26.1,85700,26.1,U
sz000400,许继电气,2025-10-17 09:31:24,26.11,44000,26.1,U
sz000400,许继电气,2025-10-17 09:31:27,26.1,18700,26.11,U
sz000400,许继电气,2025-10-17 09:31:30,26.08,53800,26.1,D
sz000400,许继电气,2025-10-17 09:31:33,26.1,39900,26.08,E
sz000400,许继电气,2025-10-17 09:31:36,26.1,38900,26.1,D
sz000400,许继电气,2025-10-17 09:31:39,26.09,59100,26.1,E
sz000400,许继电气,2025-10-17 09:31:42,26.08,23100,26.09,D
sz000400,许继电气,2025-10-17 09:31:45,26.07,82900,26.08,D
sz000400,许继电气,2025-10-17 09:31:48,26.08,28800,26.07,U
sz000400,许继电气,2025-10-17 09:31:54,26.08,66200,26.08,D
sz000400,许继电气,2025-10-17 09:31:57,26.08,39700,26.08,U
sz000400,许继电气,2025-10-17 09:32:00,26.07,42200,26.08,D
sz000400,许继电气,2025-10-17 09:32:03,26.07,76600,26.07,U
sz000400,许继电气,2025-10-17 09:32:06,26.07,40600,26.07,U
sz000400,许继电气,2025-10-17 09:32:09,26.07,27500,26.07,U
sz000400,许继电气,2025-10-17 09:32:12,26.07,132600,26.07,D
sz000400,许继电气,2025-10-17 09:32:15,26.06,102300,26.07,E
sz000400,许继电气,2025-10-17 09:32:18,26.07,140400,26.06,U
sz000400,许继电气,2025-10-17 09:32:21,26.05,66500,26.07,E
sz000400,许继电气,2025-10-17 09:32:24,26.03,26100,26.05,D
sz000400,许继电气,2025-10-17 09:32:27,26.03,59200,26.03,U
sz000400,许继电气,2025-10-17 09:32:30,26.03,78600,26.03,U
sz000400,许继电气,2025-10-17 09:32:33,26.02,77000,26.03,D
sz000400,许继电气,2025-10-17 09:32:36,26.02,46800,26.02,D
sz000400,许继电气,2025-10-17 09:32:39,26.01,141200,26.02,D
sz000400,许继电气,2025-10-17 09:32:42,26.01,59000,26.01,D
sz000400,许继电气,2025-10-17 09:32:45,26.01,80000,26.01,U
sz000400,许继电气,2025-10-17 09:32:48,26.0,32300,26.01,D
sz000400,许继电气,2025-10-17 09:32:51,26.0,56500,26.0,D
sz000400,许继电气,2025-10-17 09:32:54,26.0,158400,26.0,D
sz000400,许继电气,2025-10-17 09:32:57,26.01,50700,26.0,E
sz000400,许继电气,2025-10-17 09:33:00,26.02,27200,26.01,D
sz000400,许继电气,2025-10-17 09:33:03,26.02,19800,26.02,D
sz000400,许继电气,2025-10-17 09:33:06,26.06,103400,26.02,U
sz000400,许继电气,2025-10-17 09:33:09,26.01,32800,26.06,D
sz000400,许继电气,2025-10-17 09:33:12,26.02,26100,26.01,D
sz000400,许继电气,2025-10-17 09:33:15,26.02,30500,26.02,D
sz000400,许继电气,2025-10-17 09:33:18,26.02,19300,26.02,D
sz000400,许继电气,2025-10-17 09:33:21,26.02,61300,26.02,D
sz000400,许继电气,2025-10-17 09:33:24,26.02,26000,26.02,D
sz000400,许继电气,2025-10-17 09:33:27,25.98,227300,26.02,D
sz000400,许继电气,2025-10-17 09:33:30,26.0,70400,25.98,U
sz000400,许继电气,2025-10-17 09:33:33,25.95,19000,26.0,D
sz000400,许继电气,2025-10-17 09:33:36,25.98,39600,25.95,U
sz000400,许继电气,2025-10-17 09:33:39,25.98,11400,25.98,U
sz000400,许继电气,2025-10-17 09:33:42,25.94,91300,25.98,D
sz000400,许继电气,2025-10-17 09:33:45,25.95,19200,25.94,U
sz000400,许继电气,2025-10-17 09:33:48,25.91,109500,25.95,D
sz000400,许继电气,2025-10-17 09:33:51,25.95,50400,25.91,U
sz000400,许继电气,2025-10-17 09:33:54,25.95,24800,25.95,D
sz000400,许继电气,2025-10-17 09:33:57,25.95,60900,25.95,D
sz000400,许继电气,2025-10-17 09:34:00,25.94,31398,25.95,D
sz000400,许继电气,2025-10-17 09:34:03,25.94,59602,25.94,D
sz000400,许继电气,2025-10-17 09:34:06,25.93,50900,25.94,D
sz000400,许继电气,2025-10-17 09:34:09,25.95,68800,25.93,U
sz000400,许继电气,2025-10-17 09:34:12,25.95,75700,25.95,D
sz000400,许继电气,2025-10-17 09:34:15,25.97,19300,25.95,U
sz000400,许继电气,2025-10-17 09:34:18,25.94,11200,25.97,D
sz000400,许继电气,2025-10-17 09:34:24,25.97,49800,25.95,U
sz000400,许继电气,2025-10-17 09:34:27,25.99,10400,25.97,U
sz000400,许继电气,2025-10-17 09:34:30,25.95,30700,25.99,D
sz000400,许继电气,2025-10-17 09:34:33,26.0,25898,25.95,U
sz000400,许继电气,2025-10-17 09:34:36,25.99,18300,26.0,D
sz000400,许继电气,2025-10-17 09:34:39,26.01,15400,25.99,U
sz000400,许继电气,2025-10-17 09:34:42,26.02,43300,26.01,U
sz000400,许继电气,2025-10-17 09:34:45,26.0,19800,26.02,D
sz000400,许继电气,2025-10-17 09:34:48,26.0,19800,26.0,U
sz000400,许继电气,2025-10-17 09:34:51,25.99,133900,26.0,D
sz000400,许继电气,2025-10-17 09:34:54,25.99,15100,25.99,U
sz000400,许继电气,2025-10-17 09:34:57,25.99,12800,25.99,U
sz000400,许继电气,2025-10-17 09:35:00,25.99,18500,25.99,D
sz000400,许继电气,2025-10-17 09:35:03,25.99,32200,25.99,D
sz000400,许继电气,2025-10-17 09:35:06,25.99,11600,25.99,E
sz000400,许继电气,2025-10-17 09:35:09,25.98,26000,25.99,D
sz000400,许继电气,2025-10-17 09:35:12,25.97,49400,25.98,D
sz000400,许继电气,2025-10-17 09:35:15,25.96,35700,25.97,D
sz000400,许继电气,2025-10-17 09:35:18,25.91,88902,25.96,D
sz000400,许继电气,2025-10-17 09:35:27,25.91,59898,25.92,D
sz000400,许继电气,2025-10-17 09:35:30,25.91,47400,25.91,D
sz000400,许继电气,2025-10-17 09:35:33,25.91,32400,25.91,U
sz000400,许继电气,2025-10-17 09:35:36,25.9,61800,25.91,D
sz000400,许继电气,2025-10-17 09:35:39,25.9,41200,25.9,D
sz000400,许继电气,2025-10-17 09:35:42,25.9,40202,25.9,D
sz000400,许继电气,2025-10-17 09:35:45,25.88,55600,25.9,D
sz000400,许继电气,2025-10-17 09:35:48,25.88,30300,25.88,D
sz000400,许继电气,2025-10-17 09:35:51,25.88,20500,25.88,D
sz000400,许继电气,2025-10-17 09:35:54,25.87,19500,25.88,D
sz000400,许继电气,2025-10-17 09:35:57,25.86,28800,25.87,D
sz000400,许继电气,2025-10-17 09:36:00,25.86,71700,25.86,D
sz000400,许继电气,2025-10-17 09:36:03,25.85,29500,25.86,D
sz000400,许继电气,2025-10-17 09:36:06,25.86,24500,25.85,D
sz000400,许继电气,2025-10-17 09:36:09,25.86,49800,25.86,D
sz000400,许继电气,2025-10-17 09:36:12,25.86,82800,25.86,D
sz000400,许继电气,2025-10-17 09:36:15,25.88,43500,25.86,U
sz000400,许继电气,2025-10-17 09:36:18,25.86,48900,25.88,D
sz000400,许继电气,2025-10-17 09:36:21,25.86,11700,25.86,D
sz000400,许继电气,2025-10-17 09:36:24,25.88,26100,25.86,U
sz000400,许继电气,2025-10-17 09:36:27,25.88,17500,25.88,D
sz000400,许继电气,2025-10-17 09:36:30,25.9,32200,25.88,U
sz000400,许继电气,2025-10-17 09:36:33,25.89,58500,25.9,D
sz000400,许继电气,2025-10-17 09:36:36,25.89,47200,25.89,U
sz000400,许继电气,2025-10-17 09:36:39,25.9,34998,25.89,U
sz000400,许继电气,2025-10-17 09:36:42,25.89,8400,25.9,D
sz000400,许继电气,2025-10-17 09:36:45,25.91,20900,25.89,U
sz000400,许继电气,2025-10-17 09:36:48,25.94,12100,25.91,U
sz000400,许继电气,2025-10-17 09:36:54,25.95,16500,25.95,U
sz000400,许继电气,2025-10-17 09:36:57,25.95,14500,25.95,D
sz000400,许继电气,2025-10-17 09:37:03,25.96,56800,25.97,D
sz000400,许继电气,2025-10-17 09:37:06,25.94,43200,25.96,D
sz000400,许继电气,2025-10-17 09:37:09,25.94,27200,25.94,U
sz000400,许继电气,2025-10-17 09:37:12,25.95,11200,25.94,U
sz000400,许继电气,2025-10-17 09:37:15,25.91,28200,25.95,D
sz000400,许继电气,2025-10-17 09:37:18,25.92,15800,25.91,D
sz000400,许继电气,2025-10-17 09:37:21,25.94,19500,25.92,U
sz000400,许继电气,2025-10-17 09:37:24,25.85,213002,25.94,D
sz000400,许继电气,2025-10-17 09:37:27,25.88,24500,25.85,U
sz000400,许继电气,2025-10-17 09:37:30,25.85,67400,25.88,D
sz000400,许继电气,2025-10-17 09:37:33,25.85,90600,25.85,D
sz000400,许继电气,2025-10-17 09:37:36,25.88,23400,25.85,E
sz000400,许继电气,2025-10-17 09:37:39,25.86,11300,25.88,D
sz000400,许继电气,2025-10-17 09:37:42,25.85,38300,25.86,D
sz000400,许继电气,2025-10-17 09:37:45,25.87,30900,25.85,U
sz000400,许继电气,2025-10-17 09:37:48,25.87,65798,25.87,U
sz000400,许继电气,2025-10-17 09:37:51,25.88,23500,25.87,E
sz000400,许继电气,2025-10-17 09:37:54,25.87,42500,25.88,D
sz000400,许继电气,2025-10-17 09:37:57,25.89,35500,25.87,E
sz000400,许继电气,2025-10-17 09:38:00,25.89,15000,25.89,U
sz000400,许继电气,2025-10-17 09:38:03,25.87,74200,25.89,D
sz000400,许继电气,2025-10-17 09:38:06,25.87,70302,25.87,D
sz000400,许继电气,2025-10-17 09:38:09,25.87,21198,25.87,U
sz000400,许继电气,2025-10-17 09:38:12,25.88,15800,25.87,U
sz000400,许继电气,2025-10-17 09:38:15,25.87,24200,25.88,D
sz000400,许继电气,2025-10-17 09:38:18,25.88,40300,25.87,E
sz000400,许继电气,2025-10-17 09:38:21,25.87,16600,25.88,D
sz000400,许继电气,2025-10-17 09:38:24,25.84,341202,25.87,D
sz000400,许继电气,2025-10-17 09:38:27,25.83,41100,25.84,D
sz000400,许继电气,2025-10-17 09:38:30,25.83,13400,25.83,U
sz000400,许继电气,2025-10-17 09:38:33,25.82,9400,25.83,E
sz000400,许继电气,2025-10-17 09:38:36,25.81,97500,25.82,D
sz000400,许继电气,2025-10-17 09:38:39,25.81,72100,25.81,U
sz000400,许继电气,2025-10-17 09:38:42,25.8,133000,25.81,D
sz000400,许继电气,2025-10-17 09:38:45,25.75,104900,25.8,D
sz000400,许继电气,2025-10-17 09:38:48,25.74,50300,25.75,D
sz000400,许继电气,2025-10-17 09:38:51,25.72,24400,25.74,D
sz000400,许继电气,2025-10-17 09:38:54,25.72,91500,25.72,D
sz000400,许继电气,2025-10-17 09:38:57,25.7,132400,25.72,D
sz000400,许继电气,2025-10-17 09:39:00,25.72,85600,25.7,E
sz000400,许继电气,2025-10-17 09:39:03,25.73,96300,25.72,E
sz000400,许继电气,2025-10-17 09:39:06,25.71,88300,25.73,D
sz000400,许继电气,2025-10-17 09:39:09,25.7,158300,25.71,D
sz000400,许继电气,2025-10-17 09:39:12,25.68,50200,25.7,D
sz000400,许继电气,2025-10-17 09:39:15,25.66,25600,25.68,D
sz000400,许继电气,2025-10-17 09:39:18,25.67,32100,25.66,U
sz000400,许继电气,2025-10-17 09:39:21,25.65,42600,25.67,D
sz000400,许继电气,2025-10-17 09:39:24,25.65,66900,25.65,U
sz000400,许继电气,2025-10-17 09:39:27,25.68,147400,25.65,U
sz000400,许继电气,2025-10-17 09:39:30,25.68,99700,25.68,U
sz000400,许继电气,2025-10-17 09:39:33,25.67,59800,25.68,E
sz000400,许继电气,2025-10-17 09:39:36,25.65,100600,25.67,D
sz000400,许继电气,2025-10-17 09:39:39,25.65,98400,25.65,D
sz000400,许继电气,2025-10-17 09:39:42,25.66,19200,25.65,U
sz000400,许继电气,2025-10-17 09:39:45,25.65,24000,25.66,D
sz000400,许继电气,2025-10-17 09:39:48,25.66,99500,25.65,U
sz000400,许继电气,2025-10-17 09:39:51,25.69,28200,25.66,E
sz000400,许继电气,2025-10-17 09:39:54,25.69,16000,25.69,E
sz000400,许继电气,2025-10-17 09:39:57,25.69,18300,25.69,D
sz000400,许继电气,2025-10-17 09:40:00,25.69,33900,25.69,U
sz000400,许继电气,2025-10-17 09:40:03,25.67,13900,25.69,D
sz000400,许继电气,2025-10-17 09:40:06,25.67,66700,25.67,U
sz000400,许继电气,2025-10-17 09:40:09,25.67,43600,25.67,D
sz000400,许继电气,2025-10-17 09:40:12,25.69,32500,25.67,U
sz000400,许继电气,2025-10-17 09:40:15,25.69,35300,25.69,D
sz000400,许继电气,2025-10-17 09:40:18,25.69,15400,25.69,D
sz000400,许继电气,2025-10-17 09:40:21,25.69,28100,25.69,D
sz000400,许继电气,2025-10-17 09:40:24,25.69,23700,25.69,D
sz000400,许继电气,2025-10-17 09:40:27,25.71,45400,25.69,U
sz000400,许继电气,2025-10-17 09:40:33,25.71,36500,25.7,U
sz000400,许继电气,2025-10-17 09:40:36,25.68,122900,25.71,D
sz000400,许继电气,2025-10-17 09:40:39,25.69,40900,25.68,U
sz000400,许继电气,2025-10-17 09:40:42,25.68,30300,25.69,D
sz000400,许继电气,2025-10-17 09:40:45,25.69,38100,25.68,U
sz000400,许继电气,2025-10-17 09:40:48,25.68,10300,25.69,E
sz000400,许继电气,2025-10-17 09:40:51,25.66,74400,25.68,D
sz000400,许继电气,2025-10-17 09:40:54,25.65,18500,25.66,D
sz000400,许继电气,2025-10-17 09:40:57,25.66,28900,25.65,E
sz000400,许继电气,2025-10-17 09:41:00,25.67,113600,25.66,U
sz000400,许继电气,2025-10-17 09:41:03,25.64,41700,25.67,D
sz000400,许继电气,2025-10-17 09:41:06,25.66,57500,25.64,U
sz000400,许继电气,2025-10-17 09:41:09,25.61,64000,25.66,D
sz000400,许继电气,2025-10-17 09:41:12,25.61,114100,25.61,D
sz000400,许继电气,2025-10-17 09:41:15,25.6,104300,25.61,D
sz000400,许继电气,2025-10-17 09:41:18,25.59,55600,25.6,D
sz000400,许继电气,2025-10-17 09:41:21,25.59,36000,25.59,U
sz000400,许继电气,2025-10-17 09:41:24,25.59,82900,25.59,D
sz000400,许继电气,2025-10-17 09:41:27,25.59,274800,25.59,D
sz000400,许继电气,2025-10-17 09:41:30,25.59,23400,25.59,U
sz000400,许继电气,2025-10-17 09:41:33,25.59,30600,25.59,U
sz000400,许继电气,2025-10-17 09:41:36,25.58,105400,25.59,D
sz000400,许继电气,2025-10-17 09:41:39,25.62,40500,25.58,U
sz000400,许继电气,2025-10-17 09:41:42,25.6,52100,25.62,E
sz000400,许继电气,2025-10-17 09:41:45,25.59,17000,25.6,D
sz000400,许继电气,2025-10-17 09:41:48,25.65,26600,25.59,U
sz000400,许继电气,2025-10-17 09:41:51,25.62,18800,25.65,U
sz000400,许继电气,2025-10-17 09:41:54,25.64,18400,25.62,U
sz000400,许继电气,2025-10-17 09:41:57,25.64,26000,25.64,D
sz000400,许继电气,2025-10-17 09:42:00,25.65,51800,25.64,U
sz000400,许继电气,2025-10-17 09:42:03,25.68,18900,25.65,U
sz000400,许继电气,2025-10-17 09:42:06,25.66,15900,25.68,D
sz000400,许继电气,2025-10-17 09:42:09,25.68,28100,25.66,E
sz000400,许继电气,2025-10-17 09:42:12,25.68,14300,25.68,E
sz000400,许继电气,2025-10-17 09:42:15,25.69,23500,25.68,U
sz000400,许继电气,2025-10-17 09:42:18,25.69,13500,25.69,D
sz000400,许继电气,2025-10-17 09:42:24,25.7,11200,25.7,U
sz000400,许继电气,2025-10-17 09:42:27,25.7,13700,25.7,U
sz000400,许继电气,2025-10-17 09:42:30,25.7,18700,25.7,U
sz000400,许继电气,2025-10-17 09:42:33,25.72,33900,25.7,U
sz000400,许继电气,2025-10-17 09:42:36,25.7,26100,25.72,D
sz000400,许继电气,2025-10-17 09:42:39,25.7,59500,25.7,D
sz000400,许继电气,2025-10-17 09:42:42,25.78,332000,25.7,U
sz000400,许继电气,2025-10-17 09:42:51,25.73,16500,25.78,E
sz000400,许继电气,2025-10-17 09:42:54,25.77,11200,25.73,U
sz000400,许继电气,2025-10-17 09:42:57,25.8,15600,25.77,U
sz000400,许继电气,2025-10-17 09:43:00,25.77,42500,25.8,D
sz000400,许继电气,2025-10-17 09:43:03,25.76,19900,25.77,E
sz000400,许继电气,2025-10-17 09:43:06,25.74,18500,25.76,E
sz000400,许继电气,2025-10-17 09:43:09,25.72,31500,25.74,D
sz000400,许继电气,2025-10-17 09:43:12,25.72,9800,25.72,U
sz000400,许继电气,2025-10-17 09:43:15,25.72,52300,25.72,U
sz000400,许继电气,2025-10-17 09:43:18,25.72,8200,25.72,U
sz000400,许继电气,2025-10-17 09:43:21,25.7,27300,25.72,D
sz000400,许继电气,2025-10-17 09:43:24,25.72,97300,25.7,U
sz000400,许继电气,2025-10-17 09:43:27,25.72,32300,25.72,U
sz000400,许继电气,2025-10-17 09:43:33,25.79,28200,25.72,U
sz000400,许继电气,2025-10-17 09:43:36,25.78,25000,25.79,E
sz000400,许继电气,2025-10-17 09:43:42,25.78,29500,25.77,U
sz000400,许继电气,2025-10-17 09:43:45,25.7,22000,25.78,D
sz000400,许继电气,2025-10-17 09:43:51,25.7,10700,25.72,D
sz000400,许继电气,2025-10-17 09:43:54,25.69,64000,25.7,D
sz000400,许继电气,2025-10-17 09:43:57,25.67,8900,25.69,D
sz000400,许继电气,2025-10-17 09:44:00,25.69,8200,25.67,U
sz000400,许继电气,2025-10-17 09:44:03,25.69,23800,25.69,U
sz000400,许继电气,2025-10-17 09:44:06,25.69,60400,25.69,U
sz000400,许继电气,2025-10-17 09:44:09,25.7,8300,25.69,U
sz000400,许继电气,2025-10-17 09:44:12,25.67,16600,25.7,D
sz000400,许继电气,2025-10-17 09:44:15,25.69,13300,25.67,U
sz000400,许继电气,2025-10-17 09:44:18,25.68,15600,25.69,D
sz000400,许继电气,2025-10-17 09:44:21,25.68,10700,25.68,D
sz000400,许继电气,2025-10-17 09:44:24,25.68,15900,25.68,D
sz000400,许继电气,2025-10-17 09:44:27,25.68,21000,25.68,U
sz000400,许继电气,2025-10-17 09:44:30,25.67,75500,25.68,D
sz000400,许继电气,2025-10-17 09:44:33,25.67,18400,25.67,U
sz000400,许继电气,2025-10-17 09:44:36,25.66,17800,25.67,D
sz000400,许继电气,2025-10-17 09:44:39,25.66,56000,25.66,D
sz000400,许继电气,2025-10-17 09:44:45,25.63,18500,25.65,D
sz000400,许继电气,2025-10-17 09:44:48,25.6,160700,25.63,D
sz000400,许继电气,2025-10-17 09:44:51,25.6,275900,25.6,D
sz000400,许继电气,2025-10-17 09:44:57,25.6,11200,25.6,U
sz000400,许继电气,2025-10-17 09:45:00,25.6,11400,25.6,D
sz000400,许继电气,2025-10-17 09:45:03,25.6,11200,25.6,D
sz000400,许继电气,2025-10-17 09:45:06,25.6,14300,25.6,U
sz000400,许继电气,2025-10-17 09:45:09,25.6,14900,25.6,U
sz000400,许继电气,2025-10-17 09:45:12,25.59,124600,25.6,D
sz000400,许继电气,2025-10-17 09:45:15,25.6,9600,25.59,U
sz000400,许继电气,2025-10-17 09:45:18,25.59,14100,25.6,D
sz000400,许继电气,2025-10-17 09:45:21,25.59,12000,25.59,D
sz000400,许继电气,2025-10-17 09:45:24,25.59,11600,25.59,D
sz000400,许继电气,2025-10-17 09:45:27,25.59,12500,25.59,D
sz000400,许继电气,2025-10-17 09:45:30,25.58,13000,25.59,D
sz000400,许继电气,2025-10-17 09:45:36,25.58,10100,25.59,D
sz000400,许继电气,2025-10-17 09:45:39,25.58,32900,25.58,D
sz000400,许继电气,2025-10-17 09:45:45,25.58,7900,25.58,D
sz000400,许继电气,2025-10-17 09:45:48,25.58,57500,25.58,D
sz000400,许继电气,2025-10-17 09:45:51,25.58,13500,25.58,D
sz000400,许继电气,2025-10-17 09:45:54,25.58,12000,25.58,U
sz000400,许继电气,2025-10-17 09:45:57,25.58,45400,25.58,U
sz000400,许继电气,2025-10-17 09:46:03,25.57,22000,25.57,D
sz000400,许继电气,2025-10-17 09:46:09,25.57,16700,25.57,U
sz000400,许继电气,2025-10-17 09:46:12,25.57,45100,25.57,U
sz000400,许继电气,2025-10-17 09:46:21,25.56,27600,25.57,D
sz000400,许继电气,2025-10-17 09:46:24,25.57,12500,25.56,U
sz000400,许继电气,2025-10-17 09:46:27,25.56,32200,25.57,D
sz000400,许继电气,2025-10-17 09:46:30,25.56,28100,25.56,U
sz000400,许继电气,2025-10-17 09:46:33,25.56,64700,25.56,U
sz000400,许继电气,2025-10-17 09:46:36,25.55,14400,25.56,D
sz000400,许继电气,2025-10-17 09:46:39,25.55,42700,25.55,D
sz000400,许继电气,2025-10-17 09:46:42,25.55,23700,25.55,D
sz000400,许继电气,2025-10-17 09:46:45,25.54,50300,25.55,D
sz000400,许继电气,2025-10-17 09:46:48,25.53,26400,25.54,D
sz000400,许继电气,2025-10-17 09:46:51,25.53,16500,25.53,D
sz000400,许继电气,2025-10-17 09:46:54,25.53,13800,25.53,D
sz000400,许继电气,2025-10-17 09:46:57,25.53,98100,25.53,U
sz000400,许继电气,2025-10-17 09:47:00,25.55,62700,25.53,U
sz000400,许继电气,2025-10-17 09:47:03,25.52,33000,25.55,D
sz000400,许继电气,2025-10-17 09:47:06,25.53,8700,25.52,E
sz000400,许继电气,2025-10-17 09:47:09,25.55,25900,25.53,U
sz000400,许继电气,2025-10-17 09:47:12,25.51,38000,25.55,D
sz000400,许继电气,2025-10-17 09:47:15,25.55,11800,25.51,U
sz000400,许继电气,2025-10-17 09:47:18,25.53,18100,25.55,D
sz000400,许继电气,2025-10-17 09:47:21,25.53,12700,25.53,D
sz000400,许继电气,2025-10-17 09:47:24,25.53,12700,25.53,U
sz000400,许继电气,2025-10-17 09:47:27,25.52,18100,25.53,D
sz000400,许继电气,2025-10-17 09:47:30,25.53,62200,25.52,U
sz000400,许继电气,2025-10-17 09:47:36,25.52,112300,25.52,D
sz000400,许继电气,2025-10-17 09:47:39,25.52,30800,25.52,U
sz000400,许继电气,2025-10-17 09:47:42,25.51,32400,25.52,D
sz000400,许继电气,2025-10-17 09:47:45,25.51,26300,25.51,U
sz000400,许继电气,2025-10-17 09:47:48,25.51,129900,25.51,D
sz000400,许继电气,2025-10-17 09:47:51,25.5,11900,25.51,D
sz000400,许继电气,2025-10-17 09:47:54,25.5,33600,25.5,D
sz000400,许继电气,2025-10-17 09:47:57,25.5,109800,25.5,D
sz000400,许继电气,2025-10-17 09:48:00,25.49,17200,25.5,D
sz000400,许继电气,2025-10-17 09:48:03,25.49,15000,25.49,U
sz000400,许继电气,2025-10-17 09:48:06,25.48,24500,25.49,D
sz000400,许继电气,2025-10-17 09:48:09,25.49,77800,25.48,U
sz000400,许继电气,2025-10-17 09:48:12,25.48,55200,25.49,D
sz000400,许继电气,2025-10-17 09:48:18,25.49,23600,25.49,U
sz000400,许继电气,2025-10-17 09:48:21,25.48,83400,25.49,D
sz000400,许继电气,2025-10-17 09:48:24,25.48,8500,25.48,U
sz000400,许继电气,2025-10-17 09:48:27,25.49,21600,25.48,U
sz000400,许继电气,2025-10-17 09:48:30,25.48,27200,25.49,D
sz000400,许继电气,2025-10-17 09:48:33,25.49,21000,25.48,E
sz000400,许继电气,2025-10-17 09:48:36,25.48,12800,25.49,D
sz000400,许继电气,2025-10-17 09:48:39,25.48,29300,25.48,D
sz000400,许继电气,2025-10-17 09:48:42,25.48,13300,25.48,D
sz000400,许继电气,2025-10-17 09:48:45,25.47,105300,25.48,D
sz000400,许继电气,2025-10-17 09:48:48,25.47,10600,25.47,D
sz000400,许继电气,2025-10-17 09:48:51,25.48,12800,25.47,E
sz000400,许继电气,2025-10-17 09:48:54,25.49,18800,25.48,U
sz000400,许继电气,2025-10-17 09:49:00,25.47,37900,25.48,D
sz000400,许继电气,2025-10-17 09:49:03,25.47,13700,25.47,U
sz000400,许继电气,2025-10-17 09:49:06,25.47,38300,25.47,U
sz000400,许继电气,2025-10-17 09:49:09,25.47,59900,25.47,U
sz000400,许继电气,2025-10-17 09:49:12,25.47,41800,25.47,U
sz000400,许继电气,2025-10-17 09:49:15,25.47,47200,25.47,D
sz000400,许继电气,2025-10-17 09:49:18,25.49,21800,25.47,E
sz000400,许继电气,2025-10-17 09:49:21,25.51,9700,25.49,U
sz000400,许继电气,2025-10-17 09:49:24,25.5,11800,25.51,D
sz000400,许继电气,2025-10-17 09:49:27,25.48,18000,25.5,D
sz000400,许继电气,2025-10-17 09:49:30,25.5,34300,25.48,U
sz000400,许继电气,2025-10-17 09:49:36,25.51,19300,25.5,U
sz000400,许继电气,2025-10-17 09:49:39,25.51,41800,25.51,D
sz000400,许继电气,2025-10-17 09:49:42,25.49,21400,25.51,D
sz000400,许继电气,2025-10-17 09:49:45,25.5,16800,25.49,D
sz000400,许继电气,2025-10-17 09:49:51,25.52,38800,25.52,D
sz000400,许继电气,2025-10-17 09:49:54,25.52,8200,25.52,U
sz000400,许继电气,2025-10-17 09:50:00,25.52,38300,25.51,U
sz000400,许继电气,2025-10-17 09:50:03,25.53,10300,25.52,U
sz000400,许继电气,2025-10-17 09:50:06,25.52,20000,25.53,D
sz000400,许继电气,2025-10-17 09:50:09,25.54,102900,25.52,U
sz000400,许继电气,2025-10-17 09:50:15,25.58,53000,25.55,U
sz000400,许继电气,2025-10-17 09:50:27,25.63,29700,25.62,U
sz000400,许继电气,2025-10-17 09:50:30,25.65,19500,25.63,U
sz000400,许继电气,2025-10-17 09:50:33,25.67,26500,25.65,U
sz000400,许继电气,2025-10-17 09:50:36,25.63,12300,25.67,D
sz000400,许继电气,2025-10-17 09:50:39,25.63,23400,25.63,E
sz000400,许继电气,2025-10-17 09:50:42,25.6,13900,25.63,D
sz000400,许继电气,2025-10-17 09:50:45,25.59,56400,25.6,D
sz000400,许继电气,2025-10-17 09:50:48,25.6,8100,25.59,U
sz000400,许继电气,2025-10-17 09:50:51,25.58,21700,25.6,D
sz000400,许继电气,2025-10-17 09:50:54,25.58,39200,25.58,D
sz000400,许继电气,2025-10-17 09:50:57,25.58,18200,25.58,U
sz000400,许继电气,2025-10-17 09:51:00,25.56,20100,25.58,U
sz000400,许继电气,2025-10-17 09:51:03,25.56,13600,25.56,E
sz000400,许继电气,2025-10-17 09:51:09,25.56,27400,25.57,D
sz000400,许继电气,2025-10-17 09:51:12,25.56,46700,25.56,U
sz000400,许继电气,2025-10-17 09:51:15,25.52,92500,25.56,D
sz000400,许继电气,2025-10-17 09:51:24,25.5,9100,25.52,D
sz000400,许继电气,2025-10-17 09:51:27,25.51,18700,25.5,U
sz000400,许继电气,2025-10-17 09:51:33,25.51,61500,25.52,D
sz000400,许继电气,2025-10-17 09:51:36,25.5,21700,25.51,D
sz000400,许继电气,2025-10-17 09:51:39,25.5,65300,25.5,D
sz000400,许继电气,2025-10-17 09:51:42,25.5,8600,25.5,D
sz000400,许继电气,2025-10-17 09:51:45,25.5,23900,25.5,E
sz000400,许继电气,2025-10-17 09:51:48,25.5,10800,25.5,D
sz000400,许继电气,2025-10-17 09:51:51,25.5,21400,25.5,D
sz000400,许继电气,2025-10-17 09:51:54,25.5,15600,25.5,D
sz000400,许继电气,2025-10-17 09:51:57,25.5,22400,25.5,U
sz000400,许继电气,2025-10-17 09:52:00,25.5,11000,25.5,U
sz000400,许继电气,2025-10-17 09:52:03,25.5,53300,25.5,U
sz000400,许继电气,2025-10-17 09:52:06,25.53,27700,25.5,U
sz000400,许继电气,2025-10-17 09:52:12,25.55,9300,25.53,U
sz000400,许继电气,2025-10-17 09:52:15,25.52,25500,25.55,D
sz000400,许继电气,2025-10-17 09:52:21,25.55,15100,25.53,U
sz000400,许继电气,2025-10-17 09:52:27,25.56,11500,25.55,U
sz000400,许继电气,2025-10-17 09:52:30,25.57,8700,25.56,U
sz000400,许继电气,2025-10-17 09:52:36,25.57,9100,25.58,D
sz000400,许继电气,2025-10-17 09:52:39,25.57,18200,25.57,D
sz000400,许继电气,2025-10-17 09:52:42,25.57,35600,25.57,U
sz000400,许继电气,2025-10-17 09:52:45,25.54,29100,25.57,D
sz000400,许继电气,2025-10-17 09:52:48,25.59,16900,25.54,U
sz000400,许继电气,2025-10-17 09:52:51,25.59,10000,25.59,U
sz000400,许继电气,2025-10-17 09:52:54,25.57,26200,25.59,D
sz000400,许继电气,2025-10-17 09:53:00,25.57,11000,25.55,U
sz000400,许继电气,2025-10-17 09:53:03,25.55,11100,25.57,D
sz000400,许继电气,2025-10-17 09:53:06,25.57,20500,25.55,U
sz000400,许继电气,2025-10-17 09:53:09,25.57,11700,25.57,U
sz000400,许继电气,2025-10-17 09:53:21,25.56,8800,25.56,D
sz000400,许继电气,2025-10-17 09:53:24,25.56,39900,25.56,D
sz000400,许继电气,2025-10-17 09:53:30,25.53,40700,25.54,D
sz000400,许继电气,2025-10-17 09:53:33,25.57,29100,25.53,U
sz000400,许继电气,2025-10-17 09:53:36,25.5,178800,25.57,D
sz000400,许继电气,2025-10-17 09:53:39,25.48,57100,25.5,D
sz000400,许继电气,2025-10-17 09:53:45,25.48,23800,25.48,D
sz000400,许继电气,2025-10-17 09:53:48,25.48,35400,25.48,D
sz000400,许继电气,2025-10-17 09:53:51,25.48,109300,25.48,D
sz000400,许继电气,2025-10-17 09:53:54,25.48,31600,25.48,U
sz000400,许继电气,2025-10-17 09:54:00,25.48,18800,25.47,U
sz000400,许继电气,2025-10-17 09:54:03,25.46,62300,25.48,D
sz000400,许继电气,2025-10-17 09:54:06,25.45,8100,25.46,D
sz000400,许继电气,2025-10-17 09:54:09,25.46,23600,25.45,U
sz000400,许继电气,2025-10-17 09:54:12,25.45,14100,25.46,D
sz000400,许继电气,2025-10-17 09:54:15,25.44,58900,25.45,D
sz000400,许继电气,2025-10-17 09:54:18,25.45,9000,25.44,U
sz000400,许继电气,2025-10-17 09:54:21,25.45,13200,25.45,U
sz000400,许继电气,2025-10-17 09:54:24,25.46,42500,25.45,U
sz000400,许继电气,2025-10-17 09:54:27,25.45,9100,25.46,E
sz000400,许继电气,2025-10-17 09:54:30,25.46,12900,25.45,U
sz000400,许继电气,2025-10-17 09:54:33,25.44,8300,25.46,D
sz000400,许继电气,2025-10-17 09:54:36,25.45,21100,25.44,U
sz000400,许继电气,2025-10-17 09:54:39,25.46,31600,25.45,U
sz000400,许继电气,2025-10-17 09:54:45,25.45,17000,25.45,D
sz000400,许继电气,2025-10-17 09:54:48,25.45,9400,25.45,D
sz000400,许继电气,2025-10-17 09:54:51,25.45,11700,25.45,D
sz000400,许继电气,2025-10-17 09:54:54,25.46,27600,25.45,U
sz000400,许继电气,2025-10-17 09:54:57,25.46,15700,25.46,D
sz000400,许继电气,2025-10-17 09:55:00,25.46,18900,25.46,D
sz000400,许继电气,2025-10-17 09:55:06,25.46,60700,25.46,D
sz000400,许继电气,2025-10-17 09:55:21,25.45,13600,25.46,D
sz000400,许继电气,2025-10-17 09:55:24,25.45,51100,25.45,D
sz000400,许继电气,2025-10-17 09:55:27,25.45,39800,25.45,D
sz000400,许继电气,2025-10-17 09:55:33,25.47,31400,25.47,U
sz000400,许继电气,2025-10-17 09:55:36,25.47,13400,25.47,D
sz000400,许继电气,2025-10-17 09:55:42,25.47,8300,25.47,D
sz000400,许继电气,2025-10-17 09:55:45,25.47,8800,25.47,D
sz000400,许继电气,2025-10-17 09:55:48,25.47,7900,25.47,U
sz000400,许继电气,2025-10-17 09:55:57,25.47,22900,25.47,D
sz000400,许继电气,2025-10-17 09:56:00,25.48,8100,25.47,U
sz000400,许继电气,2025-10-17 09:56:03,25.47,33300,25.48,D
sz000400,许继电气,2025-10-17 09:56:06,25.47,14200,25.47,U
sz000400,许继电气,2025-10-17 09:56:09,25.48,40700,25.47,U
sz000400,许继电气,2025-10-17 09:56:12,25.47,9700,25.48,D
sz000400,许继电气,2025-10-17 09:56:15,25.44,93500,25.47,D
sz000400,许继电气,2025-10-17 09:56:18,25.45,20900,25.44,U
sz000400,许继电气,2025-10-17 09:56:21,25.44,20300,25.45,D
sz000400,许继电气,2025-10-17 09:56:24,25.44,28100,25.44,D
sz000400,许继电气,2025-10-17 09:56:27,25.44,46500,25.44,D
sz000400,许继电气,2025-10-17 09:56:33,25.44,20400,25.44,U
sz000400,许继电气,2025-10-17 09:56:36,25.44,19000,25.44,D
sz000400,许继电气,2025-10-17 09:56:39,25.43,30300,25.44,D
sz000400,许继电气,2025-10-17 09:56:42,25.43,39200,25.43,D
sz000400,许继电气,2025-10-17 09:56:45,25.44,23000,25.43,U
sz000400,许继电气,2025-10-17 09:56:48,25.43,24200,25.44,D
sz000400,许继电气,2025-10-17 09:56:54,25.45,25300,25.44,U
sz000400,许继电气,2025-10-17 09:56:57,25.44,27400,25.45,D
sz000400,许继电气,2025-10-17 09:57:00,25.44,13000,25.44,U
sz000400,许继电气,2025-10-17 09:57:03,25.44,26400,25.44,D
sz000400,许继电气,2025-10-17 09:57:06,25.43,22400,25.44,D
sz000400,许继电气,2025-10-17 09:57:09,25.43,22900,25.43,D
sz000400,许继电气,2025-10-17 09:57:12,25.44,11800,25.43,U
sz000400,许继电气,2025-10-17 09:57:15,25.43,46400,25.44,D
sz000400,许继电气,2025-10-17 09:57:18,25.43,61200,25.43,U
sz000400,许继电气,2025-10-17 09:57:21,25.44,22000,25.43,E
sz000400,许继电气,2025-10-17 09:57:24,25.43,10700,25.44,D
sz000400,许继电气,2025-10-17 09:57:27,25.43,19200,25.43,D
sz000400,许继电气,2025-10-17 09:57:30,25.44,12100,25.43,U
sz000400,许继电气,2025-10-17 09:57:33,25.44,19500,25.44,D
sz000400,许继电气,2025-10-17 09:57:36,25.45,8400,25.44,E
sz000400,许继电气,2025-10-17 09:57:45,25.47,22900,25.45,U
sz000400,许继电气,2025-10-17 09:57:48,25.47,12400,25.47,D
sz000400,许继电气,2025-10-17 09:57:51,25.47,63700,25.47,U
sz000400,许继电气,2025-10-17 09:58:03,25.47,7900,25.48,D
sz000400,许继电气,2025-10-17 09:58:06,25.48,12500,25.47,D
sz000400,许继电气,2025-10-17 09:58:09,25.48,21400,25.48,U
sz000400,许继电气,2025-10-17 09:58:18,25.47,25400,25.48,D
sz000400,许继电气,2025-10-17 09:58:21,25.48,29600,25.47,U
sz000400,许继电气,2025-10-17 09:58:30,25.47,13600,25.47,D
sz000400,许继电气,2025-10-17 09:58:33,25.47,13400,25.47,U
sz000400,许继电气,2025-10-17 09:58:36,25.47,17000,25.47,U
sz000400,许继电气,2025-10-17 09:58:39,25.47,12100,25.47,U
sz000400,许继电气,2025-10-17 09:58:45,25.45,21100,25.46,D
sz000400,许继电气,2025-10-17 09:58:48,25.47,8700,25.45,U
sz000400,许继电气,2025-10-17 09:58:57,25.47,11600,25.47,D
sz000400,许继电气,2025-10-17 09:59:06,25.48,25800,25.48,U
sz000400,许继电气,2025-10-17 09:59:09,25.48,60100,25.48,U
sz000400,许继电气,2025-10-17 09:59:18,25.46,8400,25.46,U
sz000400,许继电气,2025-10-17 09:59:21,25.48,10800,25.46,U
sz000400,许继电气,2025-10-17 09:59:27,25.45,32492,25.46,D
sz000400,许继电气,2025-10-17 09:59:33,25.48,31200,25.48,U
sz000400,许继电气,2025-10-17 09:59:36,25.46,27600,25.48,D
sz000400,许继电气,2025-10-17 09:59:39,25.48,16100,25.46,U
sz000400,许继电气,2025-10-17 09:59:42,25.48,11300,25.48,E
sz000400,许继电气,2025-10-17 09:59:45,25.48,28500,25.48,U
sz000400,许继电气,2025-10-17 09:59:48,25.48,11700,25.48,U
sz000400,许继电气,2025-10-17 09:59:51,25.47,9200,25.48,D
sz000400,许继电气,2025-10-17 09:59:57,25.48,12400,25.49,D
sz000400,许继电气,2025-10-17 10:00:03,25.47,35600,25.48,D
sz000400,许继电气,2025-10-17 10:00:06,25.47,24200,25.47,U
sz000400,许继电气,2025-10-17 10:00:09,25.45,27200,25.47,D
sz000400,许继电气,2025-10-17 10:00:12,25.43,73308,25.45,D
sz000400,许继电气,2025-10-17 10:00:15,25.48,34800,25.43,U
sz000400,许继电气,2025-10-17 10:00:18,25.43,33200,25.48,D
sz000400,许继电气,2025-10-17 10:00:24,25.42,13000,25.42,D
sz000400,许继电气,2025-10-17 10:00:27,25.43,11500,25.42,U
sz000400,许继电气,2025-10-17 10:00:30,25.43,12400,25.43,D
sz000400,许继电气,2025-10-17 10:00:33,25.43,14300,25.43,E
sz000400,许继电气,2025-10-17 10:00:36,25.42,14400,25.43,D
sz000400,许继电气,2025-10-17 10:00:42,25.42,69200,25.42,D
sz000400,许继电气,2025-10-17 10:00:45,25.41,25200,25.42,D
sz000400,许继电气,2025-10-17 10:00:48,25.41,17100,25.41,D
sz000400,许继电气,2025-10-17 10:00:51,25.4,99300,25.41,D
sz000400,许继电气,2025-10-17 10:00:54,25.4,64900,25.4,D
sz000400,许继电气,2025-10-17 10:00:57,25.4,67600,25.4,D
sz000400,许继电气,2025-10-17 10:01:00,25.4,21200,25.4,U
sz000400,许继电气,2025-10-17 10:01:03,25.38,96800,25.4,D
sz000400,许继电气,2025-10-17 10:01:06,25.38,34800,25.38,D
sz000400,许继电气,2025-10-17 10:01:09,25.36,123400,25.38,D
sz000400,许继电气,2025-10-17 10:01:12,25.38,32700,25.36,U
sz000400,许继电气,2025-10-17 10:01:15,25.36,29000,25.38,D
sz000400,许继电气,2025-10-17 10:01:18,25.36,22800,25.36,D
sz000400,许继电气,2025-10-17 10:01:21,25.36,61000,25.36,D
sz000400,许继电气,2025-10-17 10:01:24,25.36,38800,25.36,D
sz000400,许继电气,2025-10-17 10:01:27,25.34,197900,25.36,D
sz000400,许继电气,2025-10-17 10:01:30,25.34,20800,25.34,D
sz000400,许继电气,2025-10-17 10:01:33,25.35,20700,25.34,U
sz000400,许继电气,2025-10-17 10:01:36,25.32,35000,25.35,D
sz000400,许继电气,2025-10-17 10:01:39,25.32,72800,25.32,U
sz000400,许继电气,2025-10-17 10:01:42,25.31,21300,25.32,D
sz000400,许继电气,2025-10-17 10:01:45,25.3,13900,25.31,D
sz000400,许继电气,2025-10-17 10:01:48,25.29,43300,25.3,D
sz000400,许继电气,2025-10-17 10:01:51,25.31,39000,25.29,U
sz000400,许继电气,2025-10-17 10:01:54,25.35,95700,25.31,U
sz000400,许继电气,2025-10-17 10:01:57,25.31,224800,25.35,D
sz000400,许继电气,2025-10-17 10:02:00,25.31,12000,25.31,D
sz000400,许继电气,2025-10-17 10:02:03,25.3,29000,25.31,D
sz000400,许继电气,2025-10-17 10:02:06,25.29,14900,25.3,D
sz000400,许继电气,2025-10-17 10:02:09,25.3,9800,25.29,U
sz000400,许继电气,2025-10-17 10:02:12,25.28,124916,25.3,D
sz000400,许继电气,2025-10-17 10:02:15,25.27,17400,25.28,D
sz000400,许继电气,2025-10-17 10:02:18,25.29,140500,25.27,U
sz000400,许继电气,2025-10-17 10:02:21,25.3,54000,25.29,D
sz000400,许继电气,2025-10-17 10:02:24,25.33,27800,25.3,U
sz000400,许继电气,2025-10-17 10:02:27,25.31,9700,25.33,D
sz000400,许继电气,2025-10-17 10:02:33,25.34,10700,25.31,U
sz000400,许继电气,2025-10-17 10:02:36,25.34,8500,25.34,U
sz000400,许继电气,2025-10-17 10:02:39,25.34,69100,25.34,U
sz000400,许继电气,2025-10-17 10:02:42,25.34,11600,25.34,D
sz000400,许继电气,2025-10-17 10:02:45,25.34,18100,25.34,D
sz000400,许继电气,2025-10-17 10:02:48,25.34,11100,25.34,U
sz000400,许继电气,2025-10-17 10:02:51,25.34,16600,25.34,U
sz000400,许继电气,2025-10-17 10:02:54,25.36,25300,25.34,U
sz000400,许继电气,2025-10-17 10:03:03,25.36,12300,25.36,U
sz000400,许继电气,2025-10-17 10:03:06,25.34,9200,25.36,D
sz000400,许继电气,2025-10-17 10:03:09,25.35,9000,25.34,E
sz000400,许继电气,2025-10-17 10:03:18,25.38,9400,25.36,U
sz000400,许继电气,2025-10-17 10:03:21,25.36,14000,25.38,D
sz000400,许继电气,2025-10-17 10:03:27,25.36,12600,25.36,U
sz000400,许继电气,2025-10-17 10:03:36,25.38,8000,25.38,U
sz000400,许继电气,2025-10-17 10:03:45,25.39,17500,25.39,U
sz000400,许继电气,2025-10-17 10:03:48,25.38,11200,25.39,D
sz000400,许继电气,2025-10-17 10:03:51,25.38,14200,25.38,U
sz000400,许继电气,2025-10-17 10:03:54,25.39,17800,25.38,U
sz000400,许继电气,2025-10-17 10:04:06,25.4,11900,25.4,U
sz000400,许继电气,2025-10-17 10:04:09,25.41,10900,25.4,U
sz000400,许继电气,2025-10-17 10:04:15,25.4,58200,25.41,D
sz000400,许继电气,2025-10-17 10:04:18,25.4,33100,25.4,U
sz000400,许继电气,2025-10-17 10:04:27,25.4,23500,25.4,U
sz000400,许继电气,2025-10-17 10:04:36,25.4,8200,25.4,U
sz000400,许继电气,2025-10-17 10:04:39,25.41,19700,25.4,U
sz000400,许继电气,2025-10-17 10:04:42,25.41,11700,25.41,U
sz000400,许继电气,2025-10-17 10:04:45,25.41,12500,25.41,U
sz000400,许继电气,2025-10-17 10:04:48,25.38,19700,25.41,D
sz000400,许继电气,2025-10-17 10:04:51,25.39,8500,25.38,U
sz000400,许继电气,2025-10-17 10:04:54,25.39,28900,25.39,U
sz000400,许继电气,2025-10-17 10:05:00,25.37,19000,25.38,D
sz000400,许继电气,2025-10-17 10:05:03,25.37,12500,25.37,D
sz000400,许继电气,2025-10-17 10:05:12,25.37,28900,25.37,U
sz000400,许继电气,2025-10-17 10:05:18,25.37,51700,25.37,D
sz000400,许继电气,2025-10-17 10:05:21,25.38,13500,25.37,U
sz000400,许继电气,2025-10-17 10:05:24,25.37,25500,25.38,D
sz000400,许继电气,2025-10-17 10:05:27,25.37,8300,25.37,U
sz000400,许继电气,2025-10-17 10:05:30,25.38,12900,25.37,U
sz000400,许继电气,2025-10-17 10:05:36,25.38,15000,25.38,D
sz000400,许继电气,2025-10-17 10:06:00,25.4,11400,25.4,U
sz000400,许继电气,2025-10-17 10:06:09,25.4,25100,25.4,D
sz000400,许继电气,2025-10-17 10:06:12,25.39,57200,25.4,D
sz000400,许继电气,2025-10-17 10:06:15,25.41,22700,25.39,U
sz000400,许继电气,2025-10-17 10:06:21,25.4,15400,25.39,U
sz000400,许继电气,2025-10-17 10:06:24,25.4,41700,25.4,D
sz000400,许继电气,2025-10-17 10:06:27,25.4,30500,25.4,D
sz000400,许继电气,2025-10-17 10:06:30,25.41,21400,25.4,U
sz000400,许继电气,2025-10-17 10:06:42,25.42,8400,25.41,U
sz000400,许继电气,2025-10-17 10:06:48,25.41,32100,25.41,D
sz000400,许继电气,2025-10-17 10:06:54,25.43,13500,25.41,U
sz000400,许继电气,2025-10-17 10:07:15,25.46,10200,25.45,U
sz000400,许继电气,2025-10-17 10:07:27,25.48,14600,25.48,U
sz000400,许继电气,2025-10-17 10:07:36,25.5,296400,25.49,U
sz000400,许继电气,2025-10-17 10:07:39,25.5,377400,25.5,U
sz000400,许继电气,2025-10-17 10:07:42,25.55,38800,25.5,U
sz000400,许继电气,2025-10-17 10:07:48,25.56,12200,25.5,U
sz000400,许继电气,2025-10-17 10:07:51,25.55,8800,25.56,D
sz000400,许继电气,2025-10-17 10:07:54,25.55,11600,25.55,U
sz000400,许继电气,2025-10-17 10:07:57,25.54,8300,25.55,E
sz000400,许继电气,2025-10-17 10:08:00,25.55,9600,25.54,U
sz000400,许继电气,2025-10-17 10:08:03,25.55,16200,25.55,U
sz000400,许继电气,2025-10-17 10:08:06,25.53,19200,25.55,E
sz000400,许继电气,2025-10-17 10:08:09,25.55,10900,25.53,U
sz000400,许继电气,2025-10-17 10:08:15,25.53,68400,25.55,E
sz000400,许继电气,2025-10-17 10:08:18,25.53,21000,25.53,U
sz000400,许继电气,2025-10-17 10:08:21,25.53,20400,25.53,D
sz000400,许继电气,2025-10-17 10:08:24,25.5,80400,25.53,D
sz000400,许继电气,2025-10-17 10:08:27,25.49,11000,25.5,E
sz000400,许继电气,2025-10-17 10:08:30,25.48,9900,25.49,D
sz000400,许继电气,2025-10-17 10:08:51,25.47,15800,25.48,D
sz000400,许继电气,2025-10-17 10:09:15,25.48,19200,25.48,D
sz000400,许继电气,2025-10-17 10:09:21,25.49,13000,25.49,U
sz000400,许继电气,2025-10-17 10:09:42,25.49,12900,25.49,D
sz000400,许继电气,2025-10-17 10:09:48,25.48,22800,25.49,D
sz000400,许继电气,2025-10-17 10:09:51,25.5,27400,25.48,U
sz000400,许继电气,2025-10-17 10:10:00,25.5,21200,25.5,U
sz000400,许继电气,2025-10-17 10:10:03,25.48,10900,25.5,D
sz000400,许继电气,2025-10-17 10:10:06,25.51,16700,25.48,U
sz000400,许继电气,2025-10-17 10:10:21,25.48,19500,25.49,D
sz000400,许继电气,2025-10-17 10:10:36,25.49,9600,25.48,U
sz000400,许继电气,2025-10-17 10:10:39,25.5,13600,25.49,U
sz000400,许继电气,2025-10-17 10:11:00,25.51,10400,25.51,U
sz000400,许继电气,2025-10-17 10:11:24,25.51,12200,25.51,U
sz000400,许继电气,2025-10-17 10:11:30,25.51,17600,25.51,U
sz000400,许继电气,2025-10-17 10:11:33,25.5,10700,25.51,D
sz000400,许继电气,2025-10-17 10:11:36,25.5,10700,25.5,D
sz000400,许继电气,2025-10-17 10:11:45,25.49,23300,25.5,D
sz000400,许继电气,2025-10-17 10:11:48,25.5,11700,25.49,U
sz000400,许继电气,2025-10-17 10:11:51,25.48,16500,25.5,D
sz000400,许继电气,2025-10-17 10:11:57,25.48,25700,25.49,D
sz000400,许继电气,2025-10-17 10:12:03,25.47,41500,25.48,D
sz000400,许继电气,2025-10-17 10:12:06,25.46,16100,25.47,D
sz000400,许继电气,2025-10-17 10:12:12,25.46,37000,25.47,D
sz000400,许继电气,2025-10-17 10:12:15,25.45,43400,25.46,D
sz000400,许继电气,2025-10-17 10:12:18,25.45,23800,25.45,D
sz000400,许继电气,2025-10-17 10:12:27,25.45,23700,25.46,D
sz000400,许继电气,2025-10-17 10:12:33,25.44,10900,25.45,D
sz000400,许继电气,2025-10-17 10:12:36,25.45,8100,25.44,U
sz000400,许继电气,2025-10-17 10:12:48,25.43,14900,25.43,D
sz000400,许继电气,2025-10-17 10:12:57,25.42,8800,25.43,D
sz000400,许继电气,2025-10-17 10:13:00,25.42,28800,25.42,D
sz000400,许继电气,2025-10-17 10:13:09,25.42,22900,25.43,D
sz000400,许继电气,2025-10-17 10:13:33,25.42,9800,25.43,D
sz000400,许继电气,2025-10-17 10:13:45,25.44,8300,25.44,U
sz000400,许继电气,2025-10-17 10:13:48,25.43,14800,25.44,D
sz000400,许继电气,2025-10-17 10:13:51,25.44,23300,25.43,U
sz000400,许继电气,2025-10-17 10:14:03,25.49,43200,25.45,U
sz000400,许继电气,2025-10-17 10:14:18,25.5,11900,25.5,U
sz000400,许继电气,2025-10-17 10:14:24,25.51,8800,25.5,U
sz000400,许继电气,2025-10-17 10:14:27,25.51,36400,25.51,U
sz000400,许继电气,2025-10-17 10:14:30,25.5,17300,25.51,D
sz000400,许继电气,2025-10-17 10:14:57,25.55,10800,25.55,U
sz000400,许继电气,2025-10-17 10:15:03,25.54,44300,25.55,D
sz000400,许继电气,2025-10-17 10:15:06,25.53,21300,25.54,E
sz000400,许继电气,2025-10-17 10:15:12,25.5,17000,25.54,D
sz000400,许继电气,2025-10-17 10:15:18,25.49,8800,25.51,E
sz000400,许继电气,2025-10-17 10:15:51,25.5,11000,25.5,U
sz000400,许继电气,2025-10-17 10:16:00,25.5,17900,25.49,U
sz000400,许继电气,2025-10-17 10:16:18,25.5,35000,25.49,U
sz000400,许继电气,2025-10-17 10:16:21,25.5,11400,25.5,D
sz000400,许继电气,2025-10-17 10:16:48,25.5,12700,25.5,D
sz000400,许继电气,2025-10-17 10:17:00,25.5,9100,25.49,U
sz000400,许继电气,2025-10-17 10:17:27,25.49,22500,25.51,D
sz000400,许继电气,2025-10-17 10:17:30,25.49,29600,25.49,D
sz000400,许继电气,2025-10-17 10:17:39,25.5,15100,25.5,U
sz000400,许继电气,2025-10-17 10:17:57,25.49,46500,25.5,D
sz000400,许继电气,2025-10-17 10:18:00,25.5,37200,25.49,U
sz000400,许继电气,2025-10-17 10:18:03,25.49,43400,25.5,U
sz000400,许继电气,2025-10-17 10:18:18,25.47,22100,25.48,D
sz000400,许继电气,2025-10-17 10:18:21,25.48,9500,25.47,U
sz000400,许继电气,2025-10-17 10:18:33,25.47,22200,25.46,U
sz000400,许继电气,2025-10-17 10:18:36,25.47,8100,25.47,D
sz000400,许继电气,2025-10-17 10:18:45,25.46,21500,25.49,D
sz000400,许继电气,2025-10-17 10:19:42,25.46,10100,25.46,U
sz000400,许继电气,2025-10-17 10:19:45,25.45,8400,25.46,D
sz000400,许继电气,2025-10-17 10:19:51,25.45,70700,25.46,D
sz000400,许继电气,2025-10-17 10:20:54,25.41,100200,25.42,D
sz000400,许继电气,2025-10-17 10:21:06,25.4,10100,25.4,D
sz000400,许继电气,2025-10-17 10:21:18,25.42,10300,25.41,U
sz000400,许继电气,2025-10-17 10:21:27,25.41,20400,25.4,U
sz000400,许继电气,2025-10-17 10:21:30,25.41,30600,25.41,U
sz000400,许继电气,2025-10-17 10:21:48,25.4,20100,25.4,D
sz000400,许继电气,2025-10-17 10:21:51,25.4,16800,25.4,D
sz000400,许继电气,2025-10-17 10:22:00,25.4,8100,25.4,U
sz000400,许继电气,2025-10-17 10:22:03,25.39,20000,25.4,D
sz000400,许继电气,2025-10-17 10:22:18,25.38,24100,25.38,D
sz000400,许继电气,2025-10-17 10:22:24,25.38,153500,25.39,D
sz000400,许继电气,2025-10-17 10:22:27,25.38,9300,25.38,E
sz000400,许继电气,2025-10-17 10:22:33,25.35,25700,25.38,D
sz000400,许继电气,2025-10-17 10:22:51,25.38,9700,25.38,U
sz000400,许继电气,2025-10-17 10:22:54,25.38,21600,25.38,U
sz000400,许继电气,2025-10-17 10:23:00,25.35,22500,25.37,D
sz000400,许继电气,2025-10-17 10:23:15,25.35,50200,25.36,D
sz000400,许继电气,2025-10-17 10:23:21,25.34,29500,25.34,D
sz000400,许继电气,2025-10-17 10:23:33,25.34,13100,25.34,U
sz000400,许继电气,2025-10-17 10:23:36,25.33,23100,25.34,D
sz000400,许继电气,2025-10-17 10:23:45,25.33,210000,25.32,U
sz000400,许继电气,2025-10-17 10:23:51,25.32,21700,25.32,D
sz000400,许继电气,2025-10-17 10:24:06,25.3,18100,25.31,D
sz000400,许继电气,2025-10-17 10:24:15,25.3,12600,25.3,U
sz000400,许继电气,2025-10-17 10:24:18,25.3,15200,25.3,U
sz000400,许继电气,2025-10-17 10:24:39,25.31,40800,25.32,D
sz000400,许继电气,2025-10-17 10:24:42,25.31,12000,25.31,U
sz000400,许继电气,2025-10-17 10:24:45,25.31,24900,25.31,U
sz000400,许继电气,2025-10-17 10:24:48,25.3,38900,25.31,D
sz000400,许继电气,2025-10-17 10:24:54,25.3,36600,25.3,U
sz000400,许继电气,2025-10-17 10:24:57,25.3,12900,25.3,U
sz000400,许继电气,2025-10-17 10:25:00,25.27,87100,25.3,D
sz000400,许继电气,2025-10-17 10:25:06,25.26,54484,25.27,D
sz000400,许继电气,2025-10-17 10:25:12,25.25,13600,25.26,D
sz000400,许继电气,2025-10-17 10:25:15,25.28,88418,25.25,U
sz000400,许继电气,2025-10-17 10:25:18,25.29,23400,25.28,U
sz000400,许继电气,2025-10-17 10:25:33,25.27,9500,25.29,D
sz000400,许继电气,2025-10-17 10:25:36,25.29,10400,25.27,U
sz000400,许继电气,2025-10-17 10:25:39,25.29,11700,25.29,U
sz000400,许继电气,2025-10-17 10:25:42,25.28,39900,25.29,D
sz000400,许继电气,2025-10-17 10:25:57,25.3,8500,25.3,U
sz000400,许继电气,2025-10-17 10:26:09,25.29,13100,25.29,D
sz000400,许继电气,2025-10-17 10:26:12,25.3,20800,25.29,U
sz000400,许继电气,2025-10-17 10:26:27,25.31,8100,25.31,U
sz000400,许继电气,2025-10-17 10:26:30,25.3,16200,25.31,D
sz000400,许继电气,2025-10-17 10:26:51,25.32,13800,25.32,D
sz000400,许继电气,2025-10-17 10:27:09,25.35,35200,25.34,U
sz000400,许继电气,2025-10-17 10:27:27,25.37,13100,25.36,U
sz000400,许继电气,2025-10-17 10:27:30,25.38,26300,25.37,U
sz000400,许继电气,2025-10-17 10:27:33,25.38,8100,25.38,U
sz000400,许继电气,2025-10-17 10:27:39,25.42,53100,25.38,U
sz000400,许继电气,2025-10-17 10:27:42,25.43,8100,25.42,U
sz000400,许继电气,2025-10-17 10:27:57,25.45,15800,25.45,U
sz000400,许继电气,2025-10-17 10:28:09,25.45,17300,25.45,D
sz000400,许继电气,2025-10-17 10:28:12,25.45,18400,25.45,E
sz000400,许继电气,2025-10-17 10:28:15,25.44,45000,25.45,D
sz000400,许继电气,2025-10-17 10:28:33,25.46,9400,25.46,U
sz000400,许继电气,2025-10-17 10:28:36,25.46,13200,25.46,U
sz000400,许继电气,2025-10-17 10:28:45,25.46,16700,25.45,U
sz000400,许继电气,2025-10-17 10:28:48,25.44,14600,25.46,D
sz000400,许继电气,2025-10-17 10:28:51,25.45,11200,25.44,U
sz000400,许继电气,2025-10-17 10:29:00,25.43,63900,25.45,D
sz000400,许继电气,2025-10-17 10:29:06,25.47,67100,25.43,U
sz000400,许继电气,2025-10-17 10:29:12,25.48,36400,25.45,U
sz000400,许继电气,2025-10-17 10:29:15,25.48,9500,25.48,U
sz000400,许继电气,2025-10-17 10:29:18,25.47,8800,25.48,D
sz000400,许继电气,2025-10-17 10:29:21,25.48,22500,25.47,U
sz000400,许继电气,2025-10-17 10:29:24,25.48,15300,25.48,U
sz000400,许继电气,2025-10-17 10:29:39,25.46,60500,25.48,D
sz000400,许继电气,2025-10-17 10:29:57,25.46,10500,25.47,U
sz000400,许继电气,2025-10-17 10:30:00,25.41,17000,25.46,D
sz000400,许继电气,2025-10-17 10:31:03,25.41,14700,25.41,D
sz000400,许继电气,2025-10-17 10:31:18,25.41,8700,25.42,D
sz000400,许继电气,2025-10-17 10:31:30,25.41,9800,25.41,U
sz000400,许继电气,2025-10-17 10:31:33,25.41,22600,25.41,U
sz000400,许继电气,2025-10-17 10:31:36,25.43,10900,25.41,U
sz000400,许继电气,2025-10-17 10:31:39,25.44,10700,25.43,U
sz000400,许继电气,2025-10-17 10:31:42,25.44,19300,25.44,U
sz000400,许继电气,2025-10-17 10:31:54,25.41,10100,25.43,D
sz000400,许继电气,2025-10-17 10:32:18,25.44,8900,25.44,D
sz000400,许继电气,2025-10-17 10:32:33,25.45,15100,25.46,D
sz000400,许继电气,2025-10-17 10:32:42,25.48,25600,25.47,U
sz000400,许继电气,2025-10-17 10:32:57,25.5,8700,25.5,U
sz000400,许继电气,2025-10-17 10:33:03,25.51,15300,25.5,U
sz000400,许继电气,2025-10-17 10:33:09,25.48,23200,25.49,D
sz000400,许继电气,2025-10-17 10:33:21,25.49,63900,25.51,D
sz000400,许继电气,2025-10-17 10:33:36,25.48,10600,25.5,D
sz000400,许继电气,2025-10-17 10:34:06,25.46,10400,25.46,U
sz000400,许继电气,2025-10-17 10:35:12,25.48,15000,25.48,U
sz000400,许继电气,2025-10-17 10:35:33,25.48,12400,25.47,U
sz000400,许继电气,2025-10-17 10:35:42,25.49,30700,25.48,U
sz000400,许继电气,2025-10-17 10:35:54,25.5,63900,25.5,U
sz000400,许继电气,2025-10-17 10:36:09,25.52,49500,25.5,U
sz000400,许继电气,2025-10-17 10:36:24,25.53,8400,25.53,D
sz000400,许继电气,2025-10-17 10:36:30,25.53,12100,25.53,U
sz000400,许继电气,2025-10-17 10:36:36,25.53,40900,25.53,U
sz000400,许继电气,2025-10-17 10:36:45,25.51,9500,25.53,D
sz000400,许继电气,2025-10-17 10:36:48,25.5,31300,25.51,D
sz000400,许继电气,2025-10-17 10:36:57,25.49,10600,25.49,D
sz000400,许继电气,2025-10-17 10:37:00,25.49,16600,25.49,D
sz000400,许继电气,2025-10-17 10:37:06,25.49,10400,25.49,U
sz000400,许继电气,2025-10-17 10:37:21,25.47,12700,25.47,D
sz000400,许继电气,2025-10-17 10:37:39,25.48,15500,25.47,U
sz000400,许继电气,2025-10-17 10:38:09,25.47,25400,25.47,D
sz000400,许继电气,2025-10-17 10:38:15,25.48,8700,25.48,U
sz000400,许继电气,2025-10-17 10:38:24,25.48,9400,25.47,U
sz000400,许继电气,2025-10-17 10:38:27,25.47,8000,25.48,D
sz000400,许继电气,2025-10-17 10:38:36,25.48,26800,25.47,U
sz000400,许继电气,2025-10-17 10:39:09,25.46,9200,25.47,D
sz000400,许继电气,2025-10-17 10:39:30,25.47,35300,25.46,U
sz000400,许继电气,2025-10-17 10:40:18,25.45,11300,25.47,D
sz000400,许继电气,2025-10-17 10:40:21,25.45,23600,25.45,D
sz000400,许继电气,2025-10-17 10:40:24,25.47,10800,25.45,U
sz000400,许继电气,2025-10-17 10:40:30,25.48,24100,25.46,U
sz000400,许继电气,2025-10-17 10:40:39,25.48,47600,25.49,D
sz000400,许继电气,2025-10-17 10:40:54,25.48,8300,25.49,D
sz000400,许继电气,2025-10-17 10:41:00,25.48,9000,25.48,D
sz000400,许继电气,2025-10-17 10:41:06,25.48,10800,25.48,U
sz000400,许继电气,2025-10-17 10:41:21,25.46,10400,25.47,D
sz000400,许继电气,2025-10-17 10:41:39,25.44,119700,25.46,D
sz000400,许继电气,2025-10-17 10:41:42,25.45,10900,25.44,E
sz000400,许继电气,2025-10-17 10:41:51,25.47,27100,25.45,U
sz000400,许继电气,2025-10-17 10:41:57,25.45,34600,25.47,D
sz000400,许继电气,2025-10-17 10:42:18,25.44,23800,25.46,D
sz000400,许继电气,2025-10-17 10:42:30,25.44,11800,25.44,D
sz000400,许继电气,2025-10-17 10:42:33,25.44,9000,25.44,D
sz000400,许继电气,2025-10-17 10:42:39,25.43,21000,25.43,D
sz000400,许继电气,2025-10-17 10:42:48,25.41,13600,25.43,D
sz000400,许继电气,2025-10-17 10:43:00,25.42,11900,25.42,U
sz000400,许继电气,2025-10-17 10:43:12,25.41,15000,25.41,D
sz000400,许继电气,2025-10-17 10:43:21,25.4,42300,25.41,D
sz000400,许继电气,2025-10-17 10:43:27,25.39,18300,25.4,D
sz000400,许继电气,2025-10-17 10:43:42,25.38,26900,25.38,D
sz000400,许继电气,2025-10-17 10:43:45,25.38,8500,25.38,D
sz000400,许继电气,2025-10-17 10:43:57,25.37,17500,25.39,D
sz000400,许继电气,2025-10-17 10:44:06,25.36,10200,25.37,D
sz000400,许继电气,2025-10-17 10:44:21,25.35,9900,25.35,D
sz000400,许继电气,2025-10-17 10:44:24,25.34,26500,25.35,D
sz000400,许继电气,2025-10-17 10:44:30,25.35,11300,25.35,U
sz000400,许继电气,2025-10-17 10:44:39,25.35,8900,25.34,U
sz000400,许继电气,2025-10-17 10:44:51,25.33,15600,25.34,D
sz000400,许继电气,2025-10-17 10:45:03,25.34,8000,25.34,U
sz000400,许继电气,2025-10-17 10:45:18,25.34,14500,25.34,U
sz000400,许继电气,2025-10-17 10:45:30,25.35,10000,25.34,U
sz000400,许继电气,2025-10-17 10:45:36,25.34,8500,25.34,D
sz000400,许继电气,2025-10-17 10:45:39,25.34,18100,25.34,D
sz000400,许继电气,2025-10-17 10:45:45,25.34,21000,25.34,D
sz000400,许继电气,2025-10-17 10:45:51,25.34,13800,25.35,D
sz000400,许继电气,2025-10-17 10:46:12,25.34,21900,25.35,D
sz000400,许继电气,2025-10-17 10:46:18,25.34,8500,25.34,U
sz000400,许继电气,2025-10-17 10:46:36,25.35,13700,25.35,U
sz000400,许继电气,2025-10-17 10:46:39,25.34,12300,25.35,D
sz000400,许继电气,2025-10-17 10:46:42,25.34,23800,25.34,D
sz000400,许继电气,2025-10-17 10:46:54,25.34,23600,25.34,U
sz000400,许继电气,2025-10-17 10:47:15,25.32,25300,25.34,D
sz000400,许继电气,2025-10-17 10:47:57,25.33,35400,25.34,D
sz000400,许继电气,2025-10-17 10:48:06,25.34,8700,25.34,U
sz000400,许继电气,2025-10-17 10:48:15,25.34,10500,25.34,U
sz000400,许继电气,2025-10-17 10:48:21,25.34,8000,25.33,U
sz000400,许继电气,2025-10-17 10:48:45,25.34,15800,25.34,U
sz000400,许继电气,2025-10-17 10:48:48,25.34,15000,25.34,U
sz000400,许继电气,2025-10-17 10:49:12,25.34,8700,25.34,D
sz000400,许继电气,2025-10-17 10:49:30,25.34,10900,25.34,D
sz000400,许继电气,2025-10-17 10:50:12,25.35,11800,25.35,U
sz000400,许继电气,2025-10-17 10:50:18,25.35,11300,25.34,U
sz000400,许继电气,2025-10-17 10:50:21,25.37,94600,25.35,U
sz000400,许继电气,2025-10-17 10:51:06,25.4,23100,25.39,U
sz000400,许继电气,2025-10-17 10:51:09,25.4,25000,25.4,U
sz000400,许继电气,2025-10-17 10:52:30,25.4,17400,25.39,U
sz000400,许继电气,2025-10-17 10:53:06,25.41,8100,25.4,U
sz000400,许继电气,2025-10-17 10:53:09,25.41,20000,25.41,U
sz000400,许继电气,2025-10-17 10:53:15,25.41,12400,25.41,U
sz000400,许继电气,2025-10-17 10:53:18,25.41,29300,25.41,U
sz000400,许继电气,2025-10-17 10:54:00,25.41,8700,25.41,D
sz000400,许继电气,2025-10-17 10:54:24,25.41,20000,25.41,D
sz000400,许继电气,2025-10-17 10:54:39,25.41,19400,25.41,U
sz000400,许继电气,2025-10-17 10:55:18,25.42,30300,25.4,U
sz000400,许继电气,2025-10-17 10:55:21,25.42,7900,25.42,D
sz000400,许继电气,2025-10-17 10:56:06,25.41,16400,25.41,D
sz000400,许继电气,2025-10-17 10:56:09,25.41,57200,25.41,D
sz000400,许继电气,2025-10-17 10:56:12,25.4,25800,25.41,D
sz000400,许继电气,2025-10-17 10:56:45,25.39,15500,25.4,D
sz000400,许继电气,2025-10-17 10:57:00,25.39,14400,25.39,U
sz000400,许继电气,2025-10-17 10:57:57,25.38,9000,25.39,D
sz000400,许继电气,2025-10-17 10:58:36,25.38,20400,25.38,D
sz000400,许继电气,2025-10-17 10:58:45,25.39,20200,25.37,U
sz000400,许继电气,2025-10-17 10:59:24,25.38,18800,25.4,D
sz000400,许继电气,2025-10-17 10:59:33,25.38,34600,25.38,D
sz000400,许继电气,2025-10-17 11:00:24,25.37,8800,25.37,D
sz000400,许继电气,2025-10-17 11:00:39,25.37,29600,25.37,D
sz000400,许继电气,2025-10-17 11:00:42,25.36,10500,25.37,D
sz000400,许继电气,2025-10-17 11:01:30,25.36,12900,25.36,D
sz000400,许继电气,2025-10-17 11:01:33,25.36,74300,25.36,D
sz000400,许继电气,2025-10-17 11:01:51,25.35,27200,25.35,D
sz000400,许继电气,2025-10-17 11:02:06,25.34,9900,25.35,D
sz000400,许继电气,2025-10-17 11:02:15,25.35,8300,25.34,U
sz000400,许继电气,2025-10-17 11:02:18,25.33,9400,25.35,D
sz000400,许继电气,2025-10-17 11:02:30,25.33,24600,25.33,D
sz000400,许继电气,2025-10-17 11:02:36,25.32,82500,25.33,D
sz000400,许继电气,2025-10-17 11:02:45,25.32,22700,25.31,U
sz000400,许继电气,2025-10-17 11:02:48,25.31,68500,25.32,D
sz000400,许继电气,2025-10-17 11:02:51,25.3,12500,25.31,D
sz000400,许继电气,2025-10-17 11:02:54,25.3,32700,25.3,D
sz000400,许继电气,2025-10-17 11:03:03,25.3,30100,25.31,D
sz000400,许继电气,2025-10-17 11:03:06,25.31,29700,25.3,U
sz000400,许继电气,2025-10-17 11:03:09,25.3,20200,25.31,D
sz000400,许继电气,2025-10-17 11:03:39,25.3,54200,25.31,D
sz000400,许继电气,2025-10-17 11:03:51,25.3,14200,25.3,U
sz000400,许继电气,2025-10-17 11:03:54,25.29,42000,25.3,D
sz000400,许继电气,2025-10-17 11:04:00,25.28,8200,25.28,D
sz000400,许继电气,2025-10-17 11:04:03,25.28,38900,25.28,D
sz000400,许继电气,2025-10-17 11:04:12,25.27,10500,25.27,D
sz000400,许继电气,2025-10-17 11:04:15,25.27,8100,25.27,D
sz000400,许继电气,2025-10-17 11:04:36,25.27,19400,25.28,D
sz000400,许继电气,2025-10-17 11:04:45,25.26,9100,25.27,D
sz000400,许继电气,2025-10-17 11:04:51,25.26,11200,25.27,D
sz000400,许继电气,2025-10-17 11:05:00,25.26,25400,25.26,D
sz000400,许继电气,2025-10-17 11:05:03,25.26,22300,25.26,D
sz000400,许继电气,2025-10-17 11:05:09,25.26,20800,25.26,U
sz000400,许继电气,2025-10-17 11:05:12,25.24,113000,25.26,D
sz000400,许继电气,2025-10-17 11:05:24,25.24,13400,25.23,U
sz000400,许继电气,2025-10-17 11:05:30,25.24,31700,25.23,U
sz000400,许继电气,2025-10-17 11:05:33,25.21,37200,25.24,D
sz000400,许继电气,2025-10-17 11:05:51,25.21,8200,25.2,U
sz000400,许继电气,2025-10-17 11:05:54,25.21,8800,25.21,D
sz000400,许继电气,2025-10-17 11:05:57,25.22,9700,25.21,U
sz000400,许继电气,2025-10-17 11:06:18,25.22,10800,25.21,U
sz000400,许继电气,2025-10-17 11:06:27,25.22,12200,25.22,D
sz000400,许继电气,2025-10-17 11:06:30,25.22,11200,25.22,D
sz000400,许继电气,2025-10-17 11:06:54,25.25,14600,25.24,U
sz000400,许继电气,2025-10-17 11:06:57,25.24,49600,25.25,E
sz000400,许继电气,2025-10-17 11:07:15,25.25,13800,25.27,D
sz000400,许继电气,2025-10-17 11:07:21,25.24,9400,25.25,D
sz000400,许继电气,2025-10-17 11:07:24,25.24,15300,25.24,U
sz000400,许继电气,2025-10-17 11:07:36,25.24,9800,25.22,U
sz000400,许继电气,2025-10-17 11:07:54,25.24,8100,25.23,U
sz000400,许继电气,2025-10-17 11:08:06,25.24,31200,25.24,U
sz000400,许继电气,2025-10-17 11:08:33,25.22,21200,25.23,D
sz000400,许继电气,2025-10-17 11:08:39,25.21,17400,25.22,D
sz000400,许继电气,2025-10-17 11:08:42,25.21,21600,25.21,D
sz000400,许继电气,2025-10-17 11:08:45,25.21,32000,25.21,D
sz000400,许继电气,2025-10-17 11:08:51,25.2,131900,25.2,D
sz000400,许继电气,2025-10-17 11:08:57,25.21,17800,25.21,U
sz000400,许继电气,2025-10-17 11:09:00,25.21,10700,25.21,U
sz000400,许继电气,2025-10-17 11:09:03,25.2,60800,25.21,D
sz000400,许继电气,2025-10-17 11:09:06,25.2,10600,25.2,D
sz000400,许继电气,2025-10-17 11:09:18,25.2,13900,25.19,U
sz000400,许继电气,2025-10-17 11:09:27,25.19,42900,25.19,U
sz000400,许继电气,2025-10-17 11:09:33,25.18,8300,25.18,D
sz000400,许继电气,2025-10-17 11:09:42,25.18,9400,25.18,D
sz000400,许继电气,2025-10-17 11:09:45,25.18,34500,25.18,D
sz000400,许继电气,2025-10-17 11:09:48,25.18,9800,25.18,U
sz000400,许继电气,2025-10-17 11:09:51,25.18,44100,25.18,U
sz000400,许继电气,2025-10-17 11:10:00,25.15,27200,25.16,D
sz000400,许继电气,2025-10-17 11:10:12,25.17,9400,25.16,U
sz000400,许继电气,2025-10-17 11:10:27,25.17,26200,25.17,D
sz000400,许继电气,2025-10-17 11:10:30,25.17,8400,25.17,U
sz000400,许继电气,2025-10-17 11:10:33,25.16,9600,25.17,D
sz000400,许继电气,2025-10-17 11:10:39,25.17,15500,25.17,U
sz000400,许继电气,2025-10-17 11:11:09,25.17,10900,25.17,D
sz000400,许继电气,2025-10-17 11:11:30,25.18,17600,25.18,U
sz000400,许继电气,2025-10-17 11:11:39,25.18,8500,25.18,U
sz000400,许继电气,2025-10-17 11:11:42,25.18,28700,25.18,D
sz000400,许继电气,2025-10-17 11:12:00,25.19,23400,25.18,U
sz000400,许继电气,2025-10-17 11:12:03,25.18,31800,25.19,D
sz000400,许继电气,2025-10-17 11:12:42,25.22,15700,25.21,U
sz000400,许继电气,2025-10-17 11:12:45,25.2,22200,25.22,D
sz000400,许继电气,2025-10-17 11:13:12,25.24,11000,25.24,U
sz000400,许继电气,2025-10-17 11:13:18,25.24,27400,25.24,U
sz000400,许继电气,2025-10-17 11:13:54,25.26,11700,25.25,U
sz000400,许继电气,2025-10-17 11:13:57,25.26,13900,25.26,U
sz000400,许继电气,2025-10-17 11:14:03,25.25,25100,25.26,D
sz000400,许继电气,2025-10-17 11:14:18,25.26,9200,25.26,U
sz000400,许继电气,2025-10-17 11:14:27,25.25,14700,25.26,D
sz000400,许继电气,2025-10-17 11:14:36,25.25,9200,25.26,D
sz000400,许继电气,2025-10-17 11:15:03,25.25,20200,25.25,D
sz000400,许继电气,2025-10-17 11:16:18,25.27,11600,25.27,U
sz000400,许继电气,2025-10-17 11:16:57,25.26,14400,25.27,D
sz000400,许继电气,2025-10-17 11:17:21,25.25,12200,25.26,D
sz000400,许继电气,2025-10-17 11:17:51,25.24,15200,25.24,D
sz000400,许继电气,2025-10-17 11:18:06,25.24,9900,25.25,D
sz000400,许继电气,2025-10-17 11:18:30,25.26,10200,25.26,U
sz000400,许继电气,2025-10-17 11:18:51,25.26,10300,25.25,U
sz000400,许继电气,2025-10-17 11:19:21,25.24,15439,25.25,D
sz000400,许继电气,2025-10-17 11:19:27,25.23,8500,25.24,D
sz000400,许继电气,2025-10-17 11:19:36,25.24,9600,25.24,U
sz000400,许继电气,2025-10-17 11:20:30,25.2,10200,25.21,D
sz000400,许继电气,2025-10-17 11:20:33,25.21,19300,25.2,U
sz000400,许继电气,2025-10-17 11:20:45,25.21,12000,25.22,D
sz000400,许继电气,2025-10-17 11:20:48,25.22,35100,25.21,U
sz000400,许继电气,2025-10-17 11:21:27,25.23,20200,25.23,U
sz000400,许继电气,2025-10-17 11:22:18,25.27,8000,25.27,U
sz000400,许继电气,2025-10-17 11:22:27,25.26,10800,25.26,D
sz000400,许继电气,2025-10-17 11:22:30,25.27,8600,25.26,U
sz000400,许继电气,2025-10-17 11:22:54,25.27,9100,25.27,U
sz000400,许继电气,2025-10-17 11:23:03,25.26,35700,25.28,D
sz000400,许继电气,2025-10-17 11:23:33,25.23,10200,25.24,D
sz000400,许继电气,2025-10-17 11:24:03,25.22,50300,25.23,D
sz000400,许继电气,2025-10-17 11:24:24,25.24,18400,25.23,U
sz000400,许继电气,2025-10-17 11:24:54,25.24,29400,25.22,U
sz000400,许继电气,2025-10-17 11:25:00,25.24,10600,25.24,D
sz000400,许继电气,2025-10-17 11:25:09,25.23,92100,25.24,D
sz000400,许继电气,2025-10-17 11:25:27,25.23,8100,25.23,U
sz000400,许继电气,2025-10-17 11:25:42,25.21,10900,25.21,U
sz000400,许继电气,2025-10-17 11:25:54,25.2,10100,25.2,D
sz000400,许继电气,2025-10-17 11:26:45,25.18,14300,25.19,D
sz000400,许继电气,2025-10-17 11:26:48,25.19,15600,25.18,U
sz000400,许继电气,2025-10-17 11:26:51,25.18,17800,25.19,D
sz000400,许继电气,2025-10-17 11:27:12,25.18,10100,25.19,D
sz000400,许继电气,2025-10-17 11:27:21,25.17,14900,25.18,D
sz000400,许继电气,2025-10-17 11:27:33,25.17,8800,25.18,D
sz000400,许继电气,2025-10-17 11:27:36,25.18,14000,25.17,U
sz000400,许继电气,2025-10-17 11:27:57,25.16,8100,25.16,D
sz000400,许继电气,2025-10-17 11:28:00,25.15,93400,25.16,D
sz000400,许继电气,2025-10-17 11:28:06,25.16,13800,25.16,U
sz000400,许继电气,2025-10-17 11:28:09,25.15,101400,25.16,D
sz000400,许继电气,2025-10-17 11:28:21,25.14,9600,25.14,D
sz000400,许继电气,2025-10-17 11:28:27,25.14,9100,25.14,U
sz000400,许继电气,2025-10-17 11:28:39,25.13,13200,25.14,D
sz000400,许继电气,2025-10-17 11:28:42,25.14,13715,25.13,U
sz000400,许继电气,2025-10-17 11:28:45,25.13,63800,25.14,D
sz000400,许继电气,2025-10-17 11:29:06,25.13,11300,25.12,U
sz000400,许继电气,2025-10-17 11:29:09,25.12,9800,25.13,D
sz000400,许继电气,2025-10-17 11:29:12,25.13,8000,25.12,U
sz000400,许继电气,2025-10-17 11:29:27,25.12,13315,25.13,D
sz000400,许继电气,2025-10-17 11:29:33,25.12,11400,25.12,D
sz000400,许继电气,2025-10-17 11:29:48,25.13,48400,25.13,U
sz000400,许继电气,2025-10-17 11:29:54,25.12,45985,25.13,D
sz000400,许继电气,2025-10-17 13:00:00,25.11,201000,25.12,D
sz000400,许继电气,2025-10-17 13:00:03,25.12,282115,25.11,U
sz000400,许继电气,2025-10-17 13:00:06,25.11,11700,25.12,D
sz000400,许继电气,2025-10-17 13:00:21,25.12,10100,25.11,U
sz000400,许继电气,2025-10-17 13:00:24,25.11,9200,25.12,D
sz000400,许继电气,2025-10-17 13:00:27,25.11,12800,25.11,D
sz000400,许继电气,2025-10-17 13:00:54,25.14,12400,25.13,U
sz000400,许继电气,2025-10-17 13:01:06,25.13,8900,25.13,U
sz000400,许继电气,2025-10-17 13:01:09,25.12,9500,25.13,D
sz000400,许继电气,2025-10-17 13:01:18,25.11,66600,25.12,D
sz000400,许继电气,2025-10-17 13:01:51,25.11,22100,25.11,U
sz000400,许继电气,2025-10-17 13:02:03,25.1,17600,25.1,D
sz000400,许继电气,2025-10-17 13:02:06,25.1,10900,25.1,D
sz000400,许继电气,2025-10-17 13:02:09,25.1,24700,25.1,D
sz000400,许继电气,2025-10-17 13:02:30,25.1,9300,25.11,D
sz000400,许继电气,2025-10-17 13:02:45,25.11,8000,25.11,U
sz000400,许继电气,2025-10-17 13:02:48,25.11,10000,25.11,U
sz000400,许继电气,2025-10-17 13:02:51,25.12,19800,25.11,U
sz000400,许继电气,2025-10-17 13:02:54,25.11,18600,25.12,D
sz000400,许继电气,2025-10-17 13:03:09,25.11,21900,25.12,D
sz000400,许继电气,2025-10-17 13:03:15,25.11,8300,25.1,U
sz000400,许继电气,2025-10-17 13:03:18,25.11,31600,25.11,U
sz000400,许继电气,2025-10-17 13:03:24,25.1,13300,25.1,D
sz000400,许继电气,2025-10-17 13:03:33,25.1,36000,25.1,D
sz000400,许继电气,2025-10-17 13:03:36,25.11,20200,25.1,U
sz000400,许继电气,2025-10-17 13:03:39,25.1,8400,25.11,D
sz000400,许继电气,2025-10-17 13:03:42,25.11,10900,25.1,U
sz000400,许继电气,2025-10-17 13:04:03,25.12,24500,25.11,U
sz000400,许继电气,2025-10-17 13:04:45,25.12,9900,25.13,D
sz000400,许继电气,2025-10-17 13:04:51,25.12,9700,25.12,U
sz000400,许继电气,2025-10-17 13:05:57,25.13,14300,25.14,D
sz000400,许继电气,2025-10-17 13:06:00,25.14,32000,25.13,E
sz000400,许继电气,2025-10-17 13:06:39,25.14,23000,25.15,D
sz000400,许继电气,2025-10-17 13:06:45,25.11,54900,25.13,D
sz000400,许继电气,2025-10-17 13:06:48,25.13,64100,25.11,E
sz000400,许继电气,2025-10-17 13:07:12,25.1,113200,25.13,D
sz000400,许继电气,2025-10-17 13:07:15,25.14,15100,25.1,U
sz000400,许继电气,2025-10-17 13:07:36,25.11,34700,25.1,U
sz000400,许继电气,2025-10-17 13:07:39,25.1,17200,25.11,D
sz000400,许继电气,2025-10-17 13:07:42,25.1,73702,25.1,D
sz000400,许继电气,2025-10-17 13:07:45,25.09,25300,25.1,D
sz000400,许继电气,2025-10-17 13:07:48,25.1,8300,25.09,U
sz000400,许继电气,2025-10-17 13:07:57,25.08,45400,25.09,D
sz000400,许继电气,2025-10-17 13:08:03,25.07,8400,25.08,D
sz000400,许继电气,2025-10-17 13:08:06,25.07,8700,25.07,D
sz000400,许继电气,2025-10-17 13:08:18,25.06,18400,25.06,D
sz000400,许继电气,2025-10-17 13:08:27,25.05,34800,25.06,D
sz000400,许继电气,2025-10-17 13:08:39,25.05,8700,25.05,U
sz000400,许继电气,2025-10-17 13:08:42,25.03,29200,25.05,D
sz000400,许继电气,2025-10-17 13:08:48,25.02,10300,25.03,D
sz000400,许继电气,2025-10-17 13:08:51,25.02,12800,25.02,D
sz000400,许继电气,2025-10-17 13:08:54,25.02,13700,25.02,D
sz000400,许继电气,2025-10-17 13:09:00,25.02,32400,25.02,D
sz000400,许继电气,2025-10-17 13:09:03,25.02,22800,25.02,D
sz000400,许继电气,2025-10-17 13:09:06,25.02,14000,25.02,D
sz000400,许继电气,2025-10-17 13:09:09,25.01,14700,25.02,D
sz000400,许继电气,2025-10-17 13:09:12,25.02,8500,25.01,U
sz000400,许继电气,2025-10-17 13:09:15,25.03,12100,25.02,U
sz000400,许继电气,2025-10-17 13:09:18,25.02,13600,25.03,D
sz000400,许继电气,2025-10-17 13:09:21,25.02,11000,25.02,U
sz000400,许继电气,2025-10-17 13:09:24,25.02,18900,25.02,U
sz000400,许继电气,2025-10-17 13:09:27,25.02,24400,25.02,U
sz000400,许继电气,2025-10-17 13:09:30,25.01,11200,25.02,D
sz000400,许继电气,2025-10-17 13:09:33,25.01,9300,25.01,D
sz000400,许继电气,2025-10-17 13:09:36,25.02,36600,25.01,U
sz000400,许继电气,2025-10-17 13:09:42,25.01,67600,25.01,D
sz000400,许继电气,2025-10-17 13:09:45,25.01,8900,25.01,U
sz000400,许继电气,2025-10-17 13:09:51,25.01,27100,25.01,U
sz000400,许继电气,2025-10-17 13:09:54,25.01,10100,25.01,U
sz000400,许继电气,2025-10-17 13:09:57,25.01,33300,25.01,U
sz000400,许继电气,2025-10-17 13:10:00,25.0,18200,25.01,D
sz000400,许继电气,2025-10-17 13:10:03,25.0,61800,25.0,D
sz000400,许继电气,2025-10-17 13:10:06,25.0,40400,25.0,D
sz000400,许继电气,2025-10-17 13:10:09,25.0,37400,25.0,D
sz000400,许继电气,2025-10-17 13:10:12,25.0,36900,25.0,D
sz000400,许继电气,2025-10-17 13:10:15,25.0,90900,25.0,D
sz000400,许继电气,2025-10-17 13:10:18,25.0,33400,25.0,D
sz000400,许继电气,2025-10-17 13:10:21,25.0,62200,25.0,D
sz000400,许继电气,2025-10-17 13:10:24,24.97,76200,25.0,D
sz000400,许继电气,2025-10-17 13:10:27,25.0,10600,24.97,U
sz000400,许继电气,2025-10-17 13:10:45,24.99,14100,24.98,U
sz000400,许继电气,2025-10-17 13:10:51,25.0,11900,24.99,U
sz000400,许继电气,2025-10-17 13:10:57,25.02,111600,24.98,U
sz000400,许继电气,2025-10-17 13:11:00,25.0,18100,25.02,D
sz000400,许继电气,2025-10-17 13:11:03,25.08,35500,25.0,U
sz000400,许继电气,2025-10-17 13:11:06,25.09,11500,25.08,U
sz000400,许继电气,2025-10-17 13:11:12,25.06,22400,25.08,D
sz000400,许继电气,2025-10-17 13:11:27,25.08,8700,25.08,U
sz000400,许继电气,2025-10-17 13:11:30,25.09,10500,25.08,U
sz000400,许继电气,2025-10-17 13:11:57,25.08,10000,25.09,D
sz000400,许继电气,2025-10-17 13:12:21,25.08,13300,25.08,D
sz000400,许继电气,2025-10-17 13:12:24,25.09,10700,25.08,U
sz000400,许继电气,2025-10-17 13:12:33,25.08,13400,25.1,D
sz000400,许继电气,2025-10-17 13:12:42,25.09,10900,25.09,U
sz000400,许继电气,2025-10-17 13:13:15,25.1,11900,25.1,U
sz000400,许继电气,2025-10-17 13:13:57,25.09,33500,25.09,U
sz000400,许继电气,2025-10-17 13:14:12,25.1,23900,25.1,U
sz000400,许继电气,2025-10-17 13:14:15,25.1,10400,25.1,D
sz000400,许继电气,2025-10-17 13:14:24,25.11,14000,25.11,U
sz000400,许继电气,2025-10-17 13:14:30,25.1,14300,25.1,D
sz000400,许继电气,2025-10-17 13:14:36,25.09,24300,25.1,D
sz000400,许继电气,2025-10-17 13:14:57,25.1,15100,25.1,U
sz000400,许继电气,2025-10-17 13:15:15,25.09,16600,25.1,D
sz000400,许继电气,2025-10-17 13:15:24,25.11,16700,25.11,U
sz000400,许继电气,2025-10-17 13:15:36,25.1,21500,25.1,U
sz000400,许继电气,2025-10-17 13:15:42,25.12,24313,25.1,U
sz000400,许继电气,2025-10-17 13:15:48,25.13,14100,25.13,U
sz000400,许继电气,2025-10-17 13:15:51,25.13,22400,25.13,U
sz000400,许继电气,2025-10-17 13:16:00,25.12,13100,25.13,D
sz000400,许继电气,2025-10-17 13:16:06,25.14,10400,25.12,U
sz000400,许继电气,2025-10-17 13:16:12,25.12,16800,25.12,E
sz000400,许继电气,2025-10-17 13:16:15,25.1,70400,25.12,D
sz000400,许继电气,2025-10-17 13:16:21,25.07,14700,25.1,D
sz000400,许继电气,2025-10-17 13:16:24,25.1,20500,25.07,U
sz000400,许继电气,2025-10-17 13:16:39,25.07,24700,25.06,U
sz000400,许继电气,2025-10-17 13:16:48,25.05,8100,25.05,D
sz000400,许继电气,2025-10-17 13:16:51,25.05,8800,25.05,D
sz000400,许继电气,2025-10-17 13:16:57,25.06,14200,25.06,U
sz000400,许继电气,2025-10-17 13:17:12,25.04,11200,25.05,D
sz000400,许继电气,2025-10-17 13:17:39,25.03,10300,25.03,D
sz000400,许继电气,2025-10-17 13:17:51,25.03,8000,25.04,D
sz000400,许继电气,2025-10-17 13:18:30,25.01,8900,25.01,D
sz000400,许继电气,2025-10-17 13:18:39,25.0,11400,25.01,D
sz000400,许继电气,2025-10-17 13:18:45,25.01,10100,25.01,U
sz000400,许继电气,2025-10-17 13:18:54,25.02,17200,25.01,U
sz000400,许继电气,2025-10-17 13:19:06,25.0,10900,25.01,D
sz000400,许继电气,2025-10-17 13:19:15,25.0,15000,25.0,D
sz000400,许继电气,2025-10-17 13:19:36,25.0,9700,25.0,D
sz000400,许继电气,2025-10-17 13:19:48,25.01,11100,25.0,U
sz000400,许继电气,2025-10-17 13:19:54,25.02,8600,25.0,U
sz000400,许继电气,2025-10-17 13:19:57,25.01,19100,25.02,D
sz000400,许继电气,2025-10-17 13:20:00,25.02,27200,25.01,D
sz000400,许继电气,2025-10-17 13:20:15,25.0,179300,25.05,D
sz000400,许继电气,2025-10-17 13:20:18,25.0,21600,25.0,U
sz000400,许继电气,2025-10-17 13:20:27,24.99,9200,25.03,D
sz000400,许继电气,2025-10-17 13:21:00,25.02,14600,25.02,D
sz000400,许继电气,2025-10-17 13:21:51,25.03,19600,25.04,D
sz000400,许继电气,2025-10-17 13:21:57,25.05,10800,25.03,U
sz000400,许继电气,2025-10-17 13:22:15,25.05,31900,25.05,U
sz000400,许继电气,2025-10-17 13:22:36,25.05,8000,25.05,U
sz000400,许继电气,2025-10-17 13:22:42,25.05,18800,25.03,U
sz000400,许继电气,2025-10-17 13:22:54,25.05,13500,25.05,D
sz000400,许继电气,2025-10-17 13:23:00,25.07,9000,25.07,U
sz000400,许继电气,2025-10-17 13:23:09,25.09,39700,25.06,U
sz000400,许继电气,2025-10-17 13:23:45,25.05,13700,25.07,D
sz000400,许继电气,2025-10-17 13:23:48,25.04,10500,25.05,D
sz000400,许继电气,2025-10-17 13:24:33,25.04,17600,25.05,D
sz000400,许继电气,2025-10-17 13:24:45,25.03,30300,25.03,D
sz000400,许继电气,2025-10-17 13:25:06,25.02,9600,25.03,D
sz000400,许继电气,2025-10-17 13:25:30,25.03,23400,25.02,U
sz000400,许继电气,2025-10-17 13:25:48,25.01,30100,25.02,D
sz000400,许继电气,2025-10-17 13:25:54,25.01,21000,25.01,U
sz000400,许继电气,2025-10-17 13:26:00,25.01,8800,25.01,U
sz000400,许继电气,2025-10-17 13:26:03,25.01,22500,25.01,U
sz000400,许继电气,2025-10-17 13:26:21,25.01,11800,25.01,D
sz000400,许继电气,2025-10-17 13:26:39,25.01,8000,25.01,D
sz000400,许继电气,2025-10-17 13:26:48,25.01,11700,25.01,U
sz000400,许继电气,2025-10-17 13:26:57,25.0,8600,25.01,D
sz000400,许继电气,2025-10-17 13:27:03,25.0,8300,25.0,D
sz000400,许继电气,2025-10-17 13:27:06,25.0,41100,25.0,D
sz000400,许继电气,2025-10-17 13:27:12,25.0,38500,25.0,D
sz000400,许继电气,2025-10-17 13:27:30,25.0,16300,25.0,U
sz000400,许继电气,2025-10-17 13:27:33,25.0,8300,25.0,U
sz000400,许继电气,2025-10-17 13:27:48,25.0,10600,25.0,D
sz000400,许继电气,2025-10-17 13:28:03,25.0,11600,25.0,U
sz000400,许继电气,2025-10-17 13:28:06,24.99,25900,25.0,D
sz000400,许继电气,2025-10-17 13:28:18,24.99,22200,24.99,U
sz000400,许继电气,2025-10-17 13:28:36,24.99,10400,24.98,U
sz000400,许继电气,2025-10-17 13:28:54,25.0,22200,24.99,U
sz000400,许继电气,2025-10-17 13:28:57,25.01,49500,25.0,U
sz000400,许继电气,2025-10-17 13:29:03,25.0,9300,25.01,D
sz000400,许继电气,2025-10-17 13:29:15,25.0,13100,25.0,U
sz000400,许继电气,2025-10-17 13:29:42,25.03,39200,25.02,U
sz000400,许继电气,2025-10-17 13:29:48,25.0,19000,25.04,D
sz000400,许继电气,2025-10-17 13:30:06,25.05,19100,25.04,U
sz000400,许继电气,2025-10-17 13:30:48,25.09,14100,25.08,U
sz000400,许继电气,2025-10-17 13:31:33,25.09,35200,25.09,U
sz000400,许继电气,2025-10-17 13:31:42,25.06,32100,25.07,D
sz000400,许继电气,2025-10-17 13:31:57,25.07,22600,25.06,U
sz000400,许继电气,2025-10-17 13:32:27,25.06,18400,25.08,D
sz000400,许继电气,2025-10-17 13:32:39,25.11,10600,25.08,U
sz000400,许继电气,2025-10-17 13:33:03,25.08,32100,25.09,D
sz000400,许继电气,2025-10-17 13:33:06,25.07,28400,25.08,D
sz000400,许继电气,2025-10-17 13:33:09,25.06,20200,25.07,D
sz000400,许继电气,2025-10-17 13:33:39,25.07,8200,25.08,D
sz000400,许继电气,2025-10-17 13:36:00,25.06,8500,25.06,D
sz000400,许继电气,2025-10-17 13:36:24,25.05,31300,25.07,D
sz000400,许继电气,2025-10-17 13:36:51,25.04,26400,25.06,D
sz000400,许继电气,2025-10-17 13:37:12,25.04,26700,25.02,U
sz000400,许继电气,2025-10-17 13:37:33,25.02,8400,25.02,D
sz000400,许继电气,2025-10-17 13:38:09,25.02,8000,25.02,D
sz000400,许继电气,2025-10-17 13:39:21,25.02,21900,25.02,D
sz000400,许继电气,2025-10-17 13:39:51,25.03,10000,25.05,D
sz000400,许继电气,2025-10-17 13:40:21,25.05,9200,25.06,D
sz000400,许继电气,2025-10-17 13:41:06,25.06,15000,25.09,D
sz000400,许继电气,2025-10-17 13:41:39,25.05,8400,25.05,D
sz000400,许继电气,2025-10-17 13:42:24,25.04,10800,25.04,D
sz000400,许继电气,2025-10-17 13:42:39,25.03,14400,25.03,D
sz000400,许继电气,2025-10-17 13:43:00,25.02,8400,25.03,D
sz000400,许继电气,2025-10-17 13:43:03,25.02,9700,25.02,D
sz000400,许继电气,2025-10-17 13:43:12,25.01,8300,25.01,D
sz000400,许继电气,2025-10-17 13:43:21,25.01,8500,25.01,D
sz000400,许继电气,2025-10-17 13:43:24,25.0,51700,25.01,D
sz000400,许继电气,2025-10-17 13:43:33,25.01,9600,25.01,U
sz000400,许继电气,2025-10-17 13:43:48,25.0,51500,25.01,D
sz000400,许继电气,2025-10-17 13:44:12,25.02,30500,25.0,U
sz000400,许继电气,2025-10-17 13:44:39,25.0,123500,25.01,D
sz000400,许继电气,2025-10-17 13:44:54,24.99,10300,24.99,D
sz000400,许继电气,2025-10-17 13:45:00,24.99,19200,24.99,D
sz000400,许继电气,2025-10-17 13:45:09,24.99,60800,24.98,U
sz000400,许继电气,2025-10-17 13:45:30,24.98,41000,24.99,D
sz000400,许继电气,2025-10-17 13:45:33,24.99,15500,24.98,U
sz000400,许继电气,2025-10-17 13:46:00,24.98,9400,24.98,U
sz000400,许继电气,2025-10-17 13:46:03,24.98,10200,24.98,D
sz000400,许继电气,2025-10-17 13:46:21,24.97,11700,24.98,D
sz000400,许继电气,2025-10-17 13:46:27,24.98,28300,24.97,U
sz000400,许继电气,2025-10-17 13:46:57,24.98,42800,24.99,D
sz000400,许继电气,2025-10-17 13:47:42,25.01,69100,24.99,U
sz000400,许继电气,2025-10-17 13:48:15,25.02,21700,25.02,U
sz000400,许继电气,2025-10-17 13:48:48,25.05,31700,25.04,U
sz000400,许继电气,2025-10-17 13:49:33,25.05,50200,25.06,D
sz000400,许继电气,2025-10-17 13:49:36,25.02,81100,25.05,D
sz000400,许继电气,2025-10-17 13:50:09,25.02,18300,25.01,U
sz000400,许继电气,2025-10-17 13:50:15,25.01,15300,25.02,D
sz000400,许继电气,2025-10-17 13:50:30,25.01,33900,25.01,U
sz000400,许继电气,2025-10-17 13:50:57,25.01,27300,25.02,D
sz000400,许继电气,2025-10-17 13:51:00,25.02,15000,25.01,U
sz000400,许继电气,2025-10-17 13:51:27,25.01,12400,25.03,D
sz000400,许继电气,2025-10-17 13:51:48,25.0,62400,25.01,D
sz000400,许继电气,2025-10-17 13:52:12,25.0,10400,25.01,D
sz000400,许继电气,2025-10-17 13:54:24,25.0,40000,25.03,D
sz000400,许继电气,2025-10-17 13:54:39,25.02,41100,25.01,U
sz000400,许继电气,2025-10-17 13:54:48,25.0,30700,25.01,D
sz000400,许继电气,2025-10-17 13:54:51,25.0,16100,25.0,D
sz000400,许继电气,2025-10-17 13:55:36,25.01,11700,25.01,U
sz000400,许继电气,2025-10-17 13:55:42,25.0,10900,25.01,D
sz000400,许继电气,2025-10-17 13:55:45,24.99,16400,25.0,D
sz000400,许继电气,2025-10-17 13:56:00,24.99,8500,24.98,U
sz000400,许继电气,2025-10-17 13:56:24,24.98,16700,24.98,D
sz000400,许继电气,2025-10-17 13:56:30,24.98,10400,24.98,D
sz000400,许继电气,2025-10-17 13:56:57,25.0,9600,25.0,U
sz000400,许继电气,2025-10-17 13:57:54,25.0,10500,25.0,U
sz000400,许继电气,2025-10-17 13:58:18,25.0,13700,25.01,D
sz000400,许继电气,2025-10-17 13:58:24,25.0,18100,25.0,U
sz000400,许继电气,2025-10-17 13:59:30,25.01,30200,25.01,U
sz000400,许继电气,2025-10-17 13:59:48,25.0,66100,25.01,D
sz000400,许继电气,2025-10-17 14:00:03,24.98,22500,24.99,D
sz000400,许继电气,2025-10-17 14:00:18,24.98,25300,24.98,D
sz000400,许继电气,2025-10-17 14:00:21,24.98,8300,24.98,D
sz000400,许继电气,2025-10-17 14:00:36,24.98,17700,24.99,D
sz000400,许继电气,2025-10-17 14:01:30,24.99,8400,24.98,U
sz000400,许继电气,2025-10-17 14:01:33,24.99,8100,24.99,U
sz000400,许继电气,2025-10-17 14:01:36,24.98,16400,24.99,D
sz000400,许继电气,2025-10-17 14:01:42,24.98,9061,24.98,D
sz000400,许继电气,2025-10-17 14:01:54,24.97,18100,24.97,D
sz000400,许继电气,2025-10-17 14:02:06,24.97,23100,24.98,D
sz000400,许继电气,2025-10-17 14:02:09,24.97,26300,24.97,D
sz000400,许继电气,2025-10-17 14:02:18,24.96,18400,24.96,D
sz000400,许继电气,2025-10-17 14:02:21,24.96,26300,24.96,D
sz000400,许继电气,2025-10-17 14:02:36,24.97,16000,24.96,U
sz000400,许继电气,2025-10-17 14:02:54,24.98,8900,24.97,U
sz000400,许继电气,2025-10-17 14:02:57,25.01,80239,24.98,U
sz000400,许继电气,2025-10-17 14:03:00,25.03,20000,25.01,U
sz000400,许继电气,2025-10-17 14:03:03,25.0,9000,25.03,D
sz000400,许继电气,2025-10-17 14:03:27,25.01,11400,25.0,U
sz000400,许继电气,2025-10-17 14:04:42,25.0,11500,24.99,U
sz000400,许继电气,2025-10-17 14:05:00,25.0,10400,25.0,D
sz000400,许继电气,2025-10-17 14:05:03,25.0,53200,25.0,D
sz000400,许继电气,2025-10-17 14:05:06,25.02,12700,25.0,U
sz000400,许继电气,2025-10-17 14:05:27,25.03,16400,25.02,U
sz000400,许继电气,2025-10-17 14:06:15,25.05,10900,25.05,U
sz000400,许继电气,2025-10-17 14:07:09,25.08,9500,25.07,U
sz000400,许继电气,2025-10-17 14:07:21,25.07,51900,25.08,D
sz000400,许继电气,2025-10-17 14:07:24,25.05,32000,25.07,D
sz000400,许继电气,2025-10-17 14:07:33,25.08,8600,25.06,U
sz000400,许继电气,2025-10-17 14:07:48,25.07,13200,25.07,U
sz000400,许继电气,2025-10-17 14:07:51,25.06,9000,25.07,D
sz000400,许继电气,2025-10-17 14:07:57,25.07,9500,25.07,U
sz000400,许继电气,2025-10-17 14:08:00,25.05,57900,25.07,D
sz000400,许继电气,2025-10-17 14:08:27,25.04,23900,25.02,E
sz000400,许继电气,2025-10-17 14:08:42,25.0,33400,25.02,D
sz000400,许继电气,2025-10-17 14:08:45,25.02,8800,25.0,D
sz000400,许继电气,2025-10-17 14:09:06,25.03,9300,25.02,U
sz000400,许继电气,2025-10-17 14:09:27,25.0,82200,25.01,D
sz000400,许继电气,2025-10-17 14:09:48,25.03,12600,25.02,U
sz000400,许继电气,2025-10-17 14:10:00,25.01,19900,25.02,D
sz000400,许继电气,2025-10-17 14:10:06,25.01,78259,25.01,U
sz000400,许继电气,2025-10-17 14:10:24,25.0,12200,25.0,D
sz000400,许继电气,2025-10-17 14:10:27,25.0,9100,25.0,D
sz000400,许继电气,2025-10-17 14:10:42,25.0,9200,25.0,U
sz000400,许继电气,2025-10-17 14:10:48,24.99,8200,24.99,D
sz000400,许继电气,2025-10-17 14:11:30,24.98,14500,24.98,D
sz000400,许继电气,2025-10-17 14:11:36,24.98,8500,24.98,D
sz000400,许继电气,2025-10-17 14:11:51,24.98,9400,24.98,D
sz000400,许继电气,2025-10-17 14:12:06,25.0,36859,24.98,U
sz000400,许继电气,2025-10-17 14:13:12,24.98,9000,24.98,D
sz000400,许继电气,2025-10-17 14:13:45,24.98,10000,24.99,D
sz000400,许继电气,2025-10-17 14:14:00,24.98,8200,24.98,D
sz000400,许继电气,2025-10-17 14:14:21,25.0,13700,24.99,U
sz000400,许继电气,2025-10-17 14:15:21,24.99,11100,24.99,E
sz000400,许继电气,2025-10-17 14:15:24,24.98,26200,24.99,D
sz000400,许继电气,2025-10-17 14:15:27,24.98,21000,24.98,U
sz000400,许继电气,2025-10-17 14:15:36,24.98,12600,24.97,U
sz000400,许继电气,2025-10-17 14:15:42,24.96,11800,24.97,D
sz000400,许继电气,2025-10-17 14:15:45,24.96,20100,24.96,D
sz000400,许继电气,2025-10-17 14:16:00,24.95,9400,24.95,D
sz000400,许继电气,2025-10-17 14:16:06,24.95,12400,24.96,D
sz000400,许继电气,2025-10-17 14:16:09,24.95,12000,24.95,D
sz000400,许继电气,2025-10-17 14:16:15,24.95,11100,24.95,D
sz000400,许继电气,2025-10-17 14:16:33,24.98,150100,24.96,U
sz000400,许继电气,2025-10-17 14:16:39,24.97,10000,24.98,D
sz000400,许继电气,2025-10-17 14:16:42,24.97,10500,24.97,U
sz000400,许继电气,2025-10-17 14:16:48,24.97,11600,24.97,D
sz000400,许继电气,2025-10-17 14:17:24,24.96,41000,24.96,D
sz000400,许继电气,2025-10-17 14:17:42,24.96,12500,24.96,U
sz000400,许继电气,2025-10-17 14:18:00,24.95,32000,24.95,D
sz000400,许继电气,2025-10-17 14:18:09,24.96,9300,24.96,D
sz000400,许继电气,2025-10-17 14:18:12,24.98,77000,24.96,U
sz000400,许继电气,2025-10-17 14:18:30,24.98,27800,24.98,D
sz000400,许继电气,2025-10-17 14:18:57,24.97,13000,24.97,D
sz000400,许继电气,2025-10-17 14:20:06,24.98,13200,24.98,U
sz000400,许继电气,2025-10-17 14:20:09,25.01,44400,24.98,U
sz000400,许继电气,2025-10-17 14:20:30,25.02,10900,25.02,U
sz000400,许继电气,2025-10-17 14:21:21,25.0,41400,25.0,D
sz000400,许继电气,2025-10-17 14:21:24,24.98,40400,25.0,D
sz000400,许继电气,2025-10-17 14:21:33,25.0,13500,24.97,U
sz000400,许继电气,2025-10-17 14:21:54,24.99,11100,24.98,U
sz000400,许继电气,2025-10-17 14:22:09,24.98,8600,24.97,U
sz000400,许继电气,2025-10-17 14:22:27,24.98,8400,24.98,D
sz000400,许继电气,2025-10-17 14:22:48,24.98,23700,24.99,D
sz000400,许继电气,2025-10-17 14:23:03,24.97,8700,24.97,D
sz000400,许继电气,2025-10-17 14:23:09,24.96,46400,24.97,D
sz000400,许继电气,2025-10-17 14:23:15,24.96,10300,24.97,D
sz000400,许继电气,2025-10-17 14:23:18,24.96,9100,24.96,D
sz000400,许继电气,2025-10-17 14:23:39,24.95,10400,24.95,D
sz000400,许继电气,2025-10-17 14:23:45,24.96,27700,24.95,U
sz000400,许继电气,2025-10-17 14:23:48,24.96,10900,24.96,D
sz000400,许继电气,2025-10-17 14:23:51,24.95,154600,24.96,D
sz000400,许继电气,2025-10-17 14:23:57,24.96,9900,24.96,D
sz000400,许继电气,2025-10-17 14:24:00,24.96,38100,24.96,D
sz000400,许继电气,2025-10-17 14:24:33,24.98,42800,24.98,D
sz000400,许继电气,2025-10-17 14:25:15,24.97,14200,24.97,U
sz000400,许继电气,2025-10-17 14:25:21,24.96,27000,24.97,D
sz000400,许继电气,2025-10-17 14:25:27,24.97,21200,24.96,U
sz000400,许继电气,2025-10-17 14:25:42,24.95,38100,24.96,D
sz000400,许继电气,2025-10-17 14:25:57,24.95,62700,24.95,U
sz000400,许继电气,2025-10-17 14:26:00,24.95,17000,24.95,U
sz000400,许继电气,2025-10-17 14:26:03,24.94,21100,24.95,D
sz000400,许继电气,2025-10-17 14:26:15,24.93,16100,24.93,D
sz000400,许继电气,2025-10-17 14:26:18,24.93,18100,24.93,D
sz000400,许继电气,2025-10-17 14:26:21,24.93,44700,24.93,D
sz000400,许继电气,2025-10-17 14:26:30,24.92,16600,24.92,D
sz000400,许继电气,2025-10-17 14:26:33,24.93,18500,24.92,U
sz000400,许继电气,2025-10-17 14:26:36,24.92,32700,24.93,D
sz000400,许继电气,2025-10-17 14:26:42,24.92,14500,24.92,U
sz000400,许继电气,2025-10-17 14:26:45,24.92,17000,24.92,U
sz000400,许继电气,2025-10-17 14:26:48,24.93,9100,24.92,U
sz000400,许继电气,2025-10-17 14:26:54,24.92,25400,24.91,D
sz000400,许继电气,2025-10-17 14:27:06,24.92,33300,24.92,U
sz000400,许继电气,2025-10-17 14:27:12,24.92,21000,24.92,D
sz000400,许继电气,2025-10-17 14:27:18,24.92,50900,24.93,D
sz000400,许继电气,2025-10-17 14:27:27,24.93,14100,24.93,D
sz000400,许继电气,2025-10-17 14:27:33,24.93,12000,24.92,U
sz000400,许继电气,2025-10-17 14:27:51,24.95,10400,24.94,U
sz000400,许继电气,2025-10-17 14:27:54,24.95,38800,24.95,U
sz000400,许继电气,2025-10-17 14:28:30,24.97,14000,24.97,U
sz000400,许继电气,2025-10-17 14:28:51,24.97,20900,24.97,D
sz000400,许继电气,2025-10-17 14:28:57,24.98,10300,24.98,U
sz000400,许继电气,2025-10-17 14:29:03,24.97,28700,24.98,D
sz000400,许继电气,2025-10-17 14:29:24,24.96,12800,24.96,D
sz000400,许继电气,2025-10-17 14:29:33,24.95,20200,24.95,D
sz000400,许继电气,2025-10-17 14:29:45,24.94,14200,24.95,D
sz000400,许继电气,2025-10-17 14:30:03,24.94,44500,24.94,U
sz000400,许继电气,2025-10-17 14:30:06,24.94,12100,24.94,D
sz000400,许继电气,2025-10-17 14:30:21,24.95,13500,24.95,U
sz000400,许继电气,2025-10-17 14:30:33,24.96,9400,24.95,U
sz000400,许继电气,2025-10-17 14:31:00,24.96,37600,24.97,D
sz000400,许继电气,2025-10-17 14:31:21,24.96,47000,24.95,U
sz000400,许继电气,2025-10-17 14:31:30,24.95,85000,24.96,D
sz000400,许继电气,2025-10-17 14:31:33,24.95,8400,24.95,U
sz000400,许继电气,2025-10-17 14:31:57,24.93,24900,24.93,D
sz000400,许继电气,2025-10-17 14:32:00,24.93,111900,24.93,U
sz000400,许继电气,2025-10-17 14:32:06,24.93,21600,24.93,D
sz000400,许继电气,2025-10-17 14:32:12,24.94,21200,24.93,U
sz000400,许继电气,2025-10-17 14:32:15,24.95,28200,24.94,U
sz000400,许继电气,2025-10-17 14:32:18,24.94,17700,24.95,D
sz000400,许继电气,2025-10-17 14:32:21,24.95,9700,24.94,U
sz000400,许继电气,2025-10-17 14:32:42,24.94,44500,24.94,D
sz000400,许继电气,2025-10-17 14:32:51,24.94,16400,24.94,U
sz000400,许继电气,2025-10-17 14:33:00,24.94,20300,24.94,U
sz000400,许继电气,2025-10-17 14:33:03,24.94,19100,24.94,U
sz000400,许继电气,2025-10-17 14:33:09,24.95,136900,24.94,U
sz000400,许继电气,2025-10-17 14:33:18,24.95,16800,24.96,D
sz000400,许继电气,2025-10-17 14:33:21,24.96,15000,24.95,U
sz000400,许继电气,2025-10-17 14:33:27,24.95,8500,24.96,D
sz000400,许继电气,2025-10-17 14:33:33,24.95,19400,24.94,U
sz000400,许继电气,2025-10-17 14:33:51,24.96,22000,24.97,D
sz000400,许继电气,2025-10-17 14:33:54,24.97,9100,24.96,U
sz000400,许继电气,2025-10-17 14:34:06,24.96,12800,24.97,D
sz000400,许继电气,2025-10-17 14:34:30,24.96,19600,24.96,D
sz000400,许继电气,2025-10-17 14:34:33,24.97,10000,24.96,U
sz000400,许继电气,2025-10-17 14:34:42,24.96,14700,24.97,D
sz000400,许继电气,2025-10-17 14:34:54,24.96,54800,24.95,U
sz000400,许继电气,2025-10-17 14:35:03,24.94,52200,24.94,U
sz000400,许继电气,2025-10-17 14:35:15,24.93,21500,24.93,D
sz000400,许继电气,2025-10-17 14:35:24,24.94,24200,24.93,U
sz000400,许继电气,2025-10-17 14:35:30,24.93,52100,24.93,D
sz000400,许继电气,2025-10-17 14:35:33,24.93,11400,24.93,D
sz000400,许继电气,2025-10-17 14:35:39,24.92,20800,24.92,D
sz000400,许继电气,2025-10-17 14:35:42,24.91,118100,24.92,D
sz000400,许继电气,2025-10-17 14:35:48,24.91,9900,24.92,D
sz000400,许继电气,2025-10-17 14:35:54,24.91,37800,24.91,D
sz000400,许继电气,2025-10-17 14:35:57,24.91,38200,24.91,U
sz000400,许继电气,2025-10-17 14:36:03,24.9,45200,24.9,D
sz000400,许继电气,2025-10-17 14:36:06,24.91,12800,24.9,U
sz000400,许继电气,2025-10-17 14:36:09,24.9,93600,24.91,D
sz000400,许继电气,2025-10-17 14:36:15,24.89,19700,24.89,D
sz000400,许继电气,2025-10-17 14:36:18,24.9,24100,24.89,U
sz000400,许继电气,2025-10-17 14:36:27,24.89,14500,24.89,D
sz000400,许继电气,2025-10-17 14:36:33,24.89,9800,24.89,D
sz000400,许继电气,2025-10-17 14:36:36,24.89,27200,24.89,U
sz000400,许继电气,2025-10-17 14:36:39,24.89,13600,24.89,U
sz000400,许继电气,2025-10-17 14:36:45,24.89,46300,24.9,E
sz000400,许继电气,2025-10-17 14:36:57,24.89,109700,24.89,D
sz000400,许继电气,2025-10-17 14:37:00,24.88,9700,24.89,D
sz000400,许继电气,2025-10-17 14:37:03,24.89,12400,24.88,U
sz000400,许继电气,2025-10-17 14:37:09,24.89,42600,24.89,U
sz000400,许继电气,2025-10-17 14:37:12,24.9,51600,24.89,U
sz000400,许继电气,2025-10-17 14:37:15,24.91,16900,24.9,U
sz000400,许继电气,2025-10-17 14:37:21,24.91,9800,24.9,U
sz000400,许继电气,2025-10-17 14:37:24,24.91,9200,24.91,D
sz000400,许继电气,2025-10-17 14:37:27,24.9,32200,24.91,D
sz000400,许继电气,2025-10-17 14:37:48,24.9,9500,24.9,U
sz000400,许继电气,2025-10-17 14:37:51,24.89,26200,24.9,D
sz000400,许继电气,2025-10-17 14:37:57,24.9,23500,24.9,U
sz000400,许继电气,2025-10-17 14:38:06,24.91,8500,24.9,U
sz000400,许继电气,2025-10-17 14:38:09,24.9,16300,24.91,D
sz000400,许继电气,2025-10-17 14:38:12,24.9,22900,24.9,D
sz000400,许继电气,2025-10-17 14:38:24,24.9,11200,24.9,U
sz000400,许继电气,2025-10-17 14:38:36,24.9,12800,24.89,U
sz000400,许继电气,2025-10-17 14:38:42,24.89,40400,24.9,D
sz000400,许继电气,2025-10-17 14:38:45,24.88,43700,24.89,D
sz000400,许继电气,2025-10-17 14:38:48,24.88,9300,24.88,U
sz000400,许继电气,2025-10-17 14:38:54,24.88,13000,24.9,D
sz000400,许继电气,2025-10-17 14:39:00,24.88,9700,24.88,U
sz000400,许继电气,2025-10-17 14:39:21,24.88,56200,24.88,D
sz000400,许继电气,2025-10-17 14:39:42,24.88,10900,24.87,U
sz000400,许继电气,2025-10-17 14:39:51,24.88,29900,24.88,D
sz000400,许继电气,2025-10-17 14:39:54,24.88,8900,24.88,U
sz000400,许继电气,2025-10-17 14:40:03,24.88,14700,24.89,D
sz000400,许继电气,2025-10-17 14:40:12,24.88,14400,24.88,U
sz000400,许继电气,2025-10-17 14:40:21,24.88,15400,24.88,D
sz000400,许继电气,2025-10-17 14:40:33,24.88,19600,24.88,D
sz000400,许继电气,2025-10-17 14:40:39,24.88,13400,24.88,D
sz000400,许继电气,2025-10-17 14:40:48,24.88,9100,24.88,U
sz000400,许继电气,2025-10-17 14:40:51,24.88,15900,24.88,D
sz000400,许继电气,2025-10-17 14:40:54,24.88,58300,24.88,U
sz000400,许继电气,2025-10-17 14:41:09,24.88,10200,24.89,D
sz000400,许继电气,2025-10-17 14:41:21,24.89,51616,24.89,U
sz000400,许继电气,2025-10-17 14:41:24,24.89,8200,24.89,U
sz000400,许继电气,2025-10-17 14:41:30,24.88,12700,24.89,D
sz000400,许继电气,2025-10-17 14:41:39,24.9,8600,24.89,U
sz000400,许继电气,2025-10-17 14:41:45,24.9,10300,24.9,U
sz000400,许继电气,2025-10-17 14:41:51,24.9,9700,24.9,U
sz000400,许继电气,2025-10-17 14:41:54,24.9,22900,24.9,U
sz000400,许继电气,2025-10-17 14:42:18,24.9,38000,24.89,U
sz000400,许继电气,2025-10-17 14:42:21,24.9,13000,24.9,D
sz000400,许继电气,2025-10-17 14:42:24,24.93,129500,24.9,U
sz000400,许继电气,2025-10-17 14:42:45,24.93,16200,24.93,U
sz000400,许继电气,2025-10-17 14:42:48,24.93,63400,24.93,U
sz000400,许继电气,2025-10-17 14:42:51,24.93,38600,24.93,D
sz000400,许继电气,2025-10-17 14:43:06,24.92,26200,24.93,D
sz000400,许继电气,2025-10-17 14:43:09,24.93,19400,24.92,U
sz000400,许继电气,2025-10-17 14:43:12,24.93,19800,24.93,U
sz000400,许继电气,2025-10-17 14:43:27,24.94,9900,24.94,U
sz000400,许继电气,2025-10-17 14:44:09,24.94,26900,24.95,D
sz000400,许继电气,2025-10-17 14:44:12,24.95,35700,24.94,U
sz000400,许继电气,2025-10-17 14:44:24,24.96,11100,24.96,U
sz000400,许继电气,2025-10-17 14:44:30,24.96,42100,24.96,U
sz000400,许继电气,2025-10-17 14:44:36,24.97,13500,24.97,U
sz000400,许继电气,2025-10-17 14:44:51,24.96,37800,24.98,D
sz000400,许继电气,2025-10-17 14:44:54,24.97,29200,24.96,U
sz000400,许继电气,2025-10-17 14:45:03,24.95,37300,24.96,D
sz000400,许继电气,2025-10-17 14:45:06,24.95,9500,24.95,D
sz000400,许继电气,2025-10-17 14:45:09,24.93,49900,24.95,D
sz000400,许继电气,2025-10-17 14:45:21,24.93,32000,24.93,D
sz000400,许继电气,2025-10-17 14:45:24,24.93,20700,24.93,E
sz000400,许继电气,2025-10-17 14:45:39,24.92,13400,24.92,D
sz000400,许继电气,2025-10-17 14:45:48,24.91,22200,24.91,D
sz000400,许继电气,2025-10-17 14:45:57,24.9,24800,24.9,D
sz000400,许继电气,2025-10-17 14:46:00,24.9,57400,24.9,D
sz000400,许继电气,2025-10-17 14:46:06,24.89,8700,24.9,D
sz000400,许继电气,2025-10-17 14:46:15,24.89,31700,24.89,U
sz000400,许继电气,2025-10-17 14:46:21,24.88,40200,24.89,D
sz000400,许继电气,2025-10-17 14:46:24,24.89,12100,24.88,U
sz000400,许继电气,2025-10-17 14:46:39,24.88,10000,24.88,U
sz000400,许继电气,2025-10-17 14:46:45,24.87,31284,24.87,D
sz000400,许继电气,2025-10-17 14:46:48,24.89,10316,24.87,U
sz000400,许继电气,2025-10-17 14:46:54,24.87,21300,24.87,U
sz000400,许继电气,2025-10-17 14:47:00,24.87,10100,24.87,U
sz000400,许继电气,2025-10-17 14:47:03,24.86,24700,24.87,D
sz000400,许继电气,2025-10-17 14:47:12,24.87,18700,24.87,U
sz000400,许继电气,2025-10-17 14:47:18,24.87,19700,24.88,D
sz000400,许继电气,2025-10-17 14:47:27,24.88,9000,24.88,U
sz000400,许继电气,2025-10-17 14:47:30,24.88,22500,24.88,U
sz000400,许继电气,2025-10-17 14:47:45,24.88,18300,24.88,D
sz000400,许继电气,2025-10-17 14:47:48,24.88,21800,24.88,D
sz000400,许继电气,2025-10-17 14:48:00,24.87,10300,24.87,D
sz000400,许继电气,2025-10-17 14:48:03,24.88,12000,24.87,U
sz000400,许继电气,2025-10-17 14:48:06,24.88,12100,24.88,U
sz000400,许继电气,2025-10-17 14:48:09,24.87,23000,24.88,D
sz000400,许继电气,2025-10-17 14:48:15,24.86,15800,24.87,D
sz000400,许继电气,2025-10-17 14:48:18,24.86,9700,24.86,D
sz000400,许继电气,2025-10-17 14:48:21,24.87,37800,24.86,U
sz000400,许继电气,2025-10-17 14:48:24,24.86,32084,24.87,D
sz000400,许继电气,2025-10-17 14:48:27,24.86,10200,24.86,U
sz000400,许继电气,2025-10-17 14:48:30,24.85,8400,24.86,D
sz000400,许继电气,2025-10-17 14:48:33,24.85,29600,24.85,D
sz000400,许继电气,2025-10-17 14:48:36,24.85,52900,24.85,D
sz000400,许继电气,2025-10-17 14:48:45,24.85,9900,24.85,U
sz000400,许继电气,2025-10-17 14:48:54,24.83,19700,24.83,D
sz000400,许继电气,2025-10-17 14:48:57,24.83,24600,24.83,D
sz000400,许继电气,2025-10-17 14:49:03,24.82,9400,24.82,D
sz000400,许继电气,2025-10-17 14:49:06,24.82,8200,24.82,U
sz000400,许继电气,2025-10-17 14:49:09,24.81,9100,24.82,D
sz000400,许继电气,2025-10-17 14:49:12,24.82,18016,24.81,U
sz000400,许继电气,2025-10-17 14:49:15,24.82,23700,24.82,U
sz000400,许继电气,2025-10-17 14:49:18,24.81,18400,24.82,D
sz000400,许继电气,2025-10-17 14:49:21,24.81,22000,24.81,D
sz000400,许继电气,2025-10-17 14:49:24,24.81,9600,24.81,D
sz000400,许继电气,2025-10-17 14:49:27,24.81,15200,24.81,D
sz000400,许继电气,2025-10-17 14:49:33,24.8,76000,24.8,D
sz000400,许继电气,2025-10-17 14:49:36,24.8,9100,24.8,D
sz000400,许继电气,2025-10-17 14:49:39,24.8,20300,24.8,D
sz000400,许继电气,2025-10-17 14:49:42,24.8,27700,24.8,D
sz000400,许继电气,2025-10-17 14:49:48,24.78,11384,24.79,D
sz000400,许继电气,2025-10-17 14:49:54,24.78,17700,24.77,U
sz000400,许继电气,2025-10-17 14:49:57,24.78,60600,24.78,U
sz000400,许继电气,2025-10-17 14:50:00,24.78,59300,24.78,U
sz000400,许继电气,2025-10-17 14:50:03,24.79,20500,24.78,U
sz000400,许继电气,2025-10-17 14:50:06,24.79,52300,24.79,U
sz000400,许继电气,2025-10-17 14:50:09,24.81,34500,24.79,U
sz000400,许继电气,2025-10-17 14:50:12,24.8,29800,24.81,D
sz000400,许继电气,2025-10-17 14:50:15,24.83,9600,24.8,U
sz000400,许继电气,2025-10-17 14:50:21,24.83,10600,24.83,U
sz000400,许继电气,2025-10-17 14:50:24,24.82,15600,24.83,D
sz000400,许继电气,2025-10-17 14:50:27,24.83,13300,24.82,U
sz000400,许继电气,2025-10-17 14:50:30,24.83,8200,24.83,D
sz000400,许继电气,2025-10-17 14:50:36,24.82,24100,24.83,D
sz000400,许继电气,2025-10-17 14:50:42,24.83,13900,24.83,D
sz000400,许继电气,2025-10-17 14:50:45,24.83,8500,24.83,U
sz000400,许继电气,2025-10-17 14:50:54,24.82,9500,24.82,D
sz000400,许继电气,2025-10-17 14:51:00,24.82,27500,24.82,D
sz000400,许继电气,2025-10-17 14:51:06,24.81,15300,24.82,D
sz000400,许继电气,2025-10-17 14:51:09,24.82,11300,24.81,U
sz000400,许继电气,2025-10-17 14:51:12,24.82,9300,24.82,D
sz000400,许继电气,2025-10-17 14:51:15,24.82,9900,24.82,D
sz000400,许继电气,2025-10-17 14:51:24,24.82,18400,24.81,U
sz000400,许继电气,2025-10-17 14:51:33,24.82,10800,24.82,U
sz000400,许继电气,2025-10-17 14:51:39,24.81,22000,24.82,D
sz000400,许继电气,2025-10-17 14:51:45,24.81,21500,24.81,U
sz000400,许继电气,2025-10-17 14:51:51,24.81,12150,24.81,U
sz000400,许继电气,2025-10-17 14:51:54,24.8,36250,24.81,D
sz000400,许继电气,2025-10-17 14:51:57,24.81,8300,24.8,U
sz000400,许继电气,2025-10-17 14:52:00,24.8,10200,24.81,D
sz000400,许继电气,2025-10-17 14:52:06,24.8,15600,24.8,U
sz000400,许继电气,2025-10-17 14:52:09,24.79,9300,24.8,D
sz000400,许继电气,2025-10-17 14:52:12,24.79,19700,24.79,U
sz000400,许继电气,2025-10-17 14:52:18,24.78,10700,24.79,D
sz000400,许继电气,2025-10-17 14:52:27,24.77,12900,24.77,D
sz000400,许继电气,2025-10-17 14:52:30,24.78,20300,24.77,U
sz000400,许继电气,2025-10-17 14:52:33,24.78,27600,24.78,U
sz000400,许继电气,2025-10-17 14:52:36,24.78,11900,24.78,D
sz000400,许继电气,2025-10-17 14:52:39,24.79,16500,24.78,U
sz000400,许继电气,2025-10-17 14:52:48,24.77,20000,24.77,D
sz000400,许继电气,2025-10-17 14:52:51,24.77,13200,24.77,U
sz000400,许继电气,2025-10-17 14:52:57,24.77,53300,24.78,D
sz000400,许继电气,2025-10-17 14:53:00,24.77,37900,24.77,U
sz000400,许继电气,2025-10-17 14:53:06,24.78,52500,24.77,E
sz000400,许继电气,2025-10-17 14:53:09,24.77,16600,24.78,D
sz000400,许继电气,2025-10-17 14:53:12,24.79,10800,24.77,E
sz000400,许继电气,2025-10-17 14:53:15,24.81,27500,24.79,U
sz000400,许继电气,2025-10-17 14:53:18,24.81,41850,24.81,U
sz000400,许继电气,2025-10-17 14:53:21,24.8,16350,24.81,D
sz000400,许继电气,2025-10-17 14:53:27,24.79,13500,24.79,D
sz000400,许继电气,2025-10-17 14:53:36,24.79,17400,24.79,U
sz000400,许继电气,2025-10-17 14:53:45,24.79,17100,24.79,U
sz000400,许继电气,2025-10-17 14:53:48,24.79,19500,24.79,U
sz000400,许继电气,2025-10-17 14:53:54,24.78,15600,24.78,D
sz000400,许继电气,2025-10-17 14:53:57,24.78,16800,24.78,D
sz000400,许继电气,2025-10-17 14:54:03,24.78,14700,24.78,U
sz000400,许继电气,2025-10-17 14:54:06,24.78,8500,24.78,U
sz000400,许继电气,2025-10-17 14:54:09,24.78,8800,24.78,U
sz000400,许继电气,2025-10-17 14:54:12,24.78,33000,24.78,U
sz000400,许继电气,2025-10-17 14:54:18,24.77,12300,24.77,U
sz000400,许继电气,2025-10-17 14:54:27,24.76,22600,24.77,D
sz000400,许继电气,2025-10-17 14:54:30,24.77,42500,24.76,U
sz000400,许继电气,2025-10-17 14:54:33,24.77,56300,24.77,U
sz000400,许继电气,2025-10-17 14:54:36,24.79,24298,24.77,U
sz000400,许继电气,2025-10-17 14:54:39,24.77,29802,24.79,D
sz000400,许继电气,2025-10-17 14:54:42,24.77,23600,24.77,D
sz000400,许继电气,2025-10-17 14:54:45,24.77,8400,24.77,D
sz000400,许继电气,2025-10-17 14:54:51,24.79,31900,24.78,U
sz000400,许继电气,2025-10-17 14:54:54,24.79,116700,24.79,D
sz000400,许继电气,2025-10-17 14:54:57,24.77,8500,24.79,D
sz000400,许继电气,2025-10-17 14:55:03,24.78,15000,24.78,U
sz000400,许继电气,2025-10-17 14:55:09,24.77,12200,24.78,D
sz000400,许继电气,2025-10-17 14:55:12,24.78,20800,24.77,U
sz000400,许继电气,2025-10-17 14:55:15,24.78,13800,24.78,U
sz000400,许继电气,2025-10-17 14:55:18,24.79,31200,24.78,U
sz000400,许继电气,2025-10-17 14:55:27,24.79,16500,24.79,U
sz000400,许继电气,2025-10-17 14:55:30,24.78,13800,24.79,E
sz000400,许继电气,2025-10-17 14:55:36,24.78,16300,24.78,U
sz000400,许继电气,2025-10-17 14:55:39,24.77,44800,24.78,D
sz000400,许继电气,2025-10-17 14:55:42,24.76,16800,24.77,D
sz000400,许继电气,2025-10-17 14:55:45,24.76,9200,24.76,D
sz000400,许继电气,2025-10-17 14:55:48,24.77,13800,24.76,U
sz000400,许继电气,2025-10-17 14:55:51,24.77,25300,24.77,U
sz000400,许继电气,2025-10-17 14:55:54,24.77,22300,24.77,U
sz000400,许继电气,2025-10-17 14:55:57,24.77,13000,24.77,D
sz000400,许继电气,2025-10-17 14:56:00,24.76,29200,24.77,D
sz000400,许继电气,2025-10-17 14:56:06,24.78,37500,24.77,U
sz000400,许继电气,2025-10-17 14:56:09,24.77,17200,24.78,D
sz000400,许继电气,2025-10-17 14:56:12,24.76,22900,24.77,D
sz000400,许继电气,2025-10-17 14:56:15,24.76,15700,24.76,D
sz000400,许继电气,2025-10-17 14:56:18,24.76,68700,24.76,D
sz000400,许继电气,2025-10-17 14:56:21,24.76,13900,24.76,U
sz000400,许继电气,2025-10-17 14:56:27,24.74,11700,24.76,D
sz000400,许继电气,2025-10-17 14:56:30,24.75,13200,24.74,U
sz000400,许继电气,2025-10-17 14:56:33,24.75,43700,24.75,U
sz000400,许继电气,2025-10-17 14:56:36,24.75,10000,24.75,U
sz000400,许继电气,2025-10-17 14:56:39,24.74,26200,24.75,D
sz000400,许继电气,2025-10-17 14:56:42,24.74,9700,24.74,D
sz000400,许继电气,2025-10-17 14:56:45,24.73,35300,24.74,D
sz000400,许继电气,2025-10-17 14:56:51,24.73,8900,24.74,D
sz000400,许继电气,2025-10-17 14:56:54,24.74,14600,24.73,U
sz000400,许继电气,2025-10-17 14:56:57,24.74,38500,24.74,U
sz000400,许继电气,2025-10-17 14:57:00,24.73,8500,24.74,E
sz000400,许继电气,2025-10-17 15:00:00,24.7,817200,24.73,D
