symbol,name,ticktime,price,volume,prev_price,kind
sz000400,许继电气,2025-10-13 09:25:00,27.0,1000900,0.0,D
sz000400,许继电气,2025-10-13 09:30:00,27.05,148600,27.0,U
sz000400,许继电气,2025-10-13 09:30:03,27.0,1198600,27.05,D
sz000400,许继电气,2025-10-13 09:30:06,27.01,441500,27.0,U
sz000400,许继电气,2025-10-13 09:30:09,27.03,83900,27.01,E
sz000400,许继电气,2025-10-13 09:30:12,27.17,72700,27.03,U
sz000400,许继电气,2025-10-13 09:30:15,27.1,64400,27.17,D
sz000400,许继电气,2025-10-13 09:30:18,27.1,64100,27.1,U
sz000400,许继电气,2025-10-13 09:30:21,27.2,15850,27.1,U
sz000400,许继电气,2025-10-13 09:30:24,27.29,37200,27.2,U
sz000400,许继电气,2025-10-13 09:30:27,27.31,23000,27.29,U
sz000400,许继电气,2025-10-13 09:30:30,27.35,9700,27.31,U
sz000400,许继电气,2025-10-13 09:30:33,27.4,40400,27.35,U
sz000400,许继电气,2025-10-13 09:30:36,27.4,50100,27.4,U
sz000400,许继电气,2025-10-13 09:30:39,27.44,48700,27.4,U
sz000400,许继电气,2025-10-13 09:30:42,27.45,34900,27.44,E
sz000400,许继电气,2025-10-13 09:30:45,27.5,54200,27.45,U
sz000400,许继电气,2025-10-13 09:30:48,27.45,91200,27.5,D
sz000400,许继电气,2025-10-13 09:30:51,27.49,117000,27.45,U
sz000400,许继电气,2025-10-13 09:30:54,27.49,27500,27.49,D
sz000400,许继电气,2025-10-13 09:30:57,27.5,43600,27.49,U
sz000400,许继电气,2025-10-13 09:31:00,27.5,40700,27.5,U
sz000400,许继电气,2025-10-13 09:31:03,27.49,280000,27.5,D
sz000400,许继电气,2025-10-13 09:31:06,27.52,92100,27.49,U
sz000400,许继电气,2025-10-13 09:31:09,27.49,74100,27.52,D
sz000400,许继电气,2025-10-13 09:31:12,27.44,36500,27.49,E
sz000400,许继电气,2025-10-13 09:31:15,27.4,43200,27.44,D
sz000400,许继电气,2025-10-13 09:31:18,27.43,130700,27.4,U
sz000400,许继电气,2025-10-13 09:31:21,27.39,48000,27.43,E
sz000400,许继电气,2025-10-13 09:31:24,27.39,82500,27.39,U
sz000400,许继电气,2025-10-13 09:31:27,27.37,74700,27.39,U
sz000400,许继电气,2025-10-13 09:31:30,27.17,72450,27.37,D
sz000400,许继电气,2025-10-13 09:31:33,27.2,117650,27.17,U
sz000400,许继电气,2025-10-13 09:31:36,27.3,51800,27.2,U
sz000400,许继电气,2025-10-13 09:31:39,27.2,104200,27.3,D
sz000400,许继电气,2025-10-13 09:31:42,27.29,96500,27.2,E
sz000400,许继电气,2025-10-13 09:31:45,27.21,29000,27.29,D
sz000400,许继电气,2025-10-13 09:31:48,27.21,46700,27.21,D
sz000400,许继电气,2025-10-13 09:31:51,27.25,51000,27.21,U
sz000400,许继电气,2025-10-13 09:31:54,27.25,47000,27.25,U
sz000400,许继电气,2025-10-13 09:31:57,27.3,69800,27.25,U
sz000400,许继电气,2025-10-13 09:32:00,27.25,77500,27.3,D
sz000400,许继电气,2025-10-13 09:32:03,27.25,44700,27.25,U
sz000400,许继电气,2025-10-13 09:32:06,27.3,36000,27.25,U
sz000400,许继电气,2025-10-13 09:32:09,27.3,23700,27.3,U
sz000400,许继电气,2025-10-13 09:32:12,27.33,17700,27.3,U
sz000400,许继电气,2025-10-13 09:32:15,27.28,60200,27.33,D
sz000400,许继电气,2025-10-13 09:32:18,27.3,43500,27.28,U
sz000400,许继电气,2025-10-13 09:32:21,27.28,119100,27.3,D
sz000400,许继电气,2025-10-13 09:32:24,27.22,63100,27.28,D
sz000400,许继电气,2025-10-13 09:32:27,27.17,108800,27.22,D
sz000400,许继电气,2025-10-13 09:32:30,27.2,42200,27.17,U
sz000400,许继电气,2025-10-13 09:32:33,27.19,24200,27.2,D
sz000400,许继电气,2025-10-13 09:32:36,27.19,53200,27.19,D
sz000400,许继电气,2025-10-13 09:32:39,27.17,50000,27.19,D
sz000400,许继电气,2025-10-13 09:32:42,27.16,50600,27.17,D
sz000400,许继电气,2025-10-13 09:32:45,27.15,85400,27.16,D
sz000400,许继电气,2025-10-13 09:32:48,27.17,59300,27.15,U
sz000400,许继电气,2025-10-13 09:32:51,27.13,27600,27.17,D
sz000400,许继电气,2025-10-13 09:32:54,27.13,104500,27.13,U
sz000400,许继电气,2025-10-13 09:32:57,27.2,89200,27.13,U
sz000400,许继电气,2025-10-13 09:33:00,27.24,107400,27.2,U
sz000400,许继电气,2025-10-13 09:33:03,27.25,45400,27.24,E
sz000400,许继电气,2025-10-13 09:33:06,27.3,61400,27.25,U
sz000400,许继电气,2025-10-13 09:33:09,27.33,38300,27.3,U
sz000400,许继电气,2025-10-13 09:33:12,27.33,46800,27.33,U
sz000400,许继电气,2025-10-13 09:33:15,27.34,15700,27.33,E
sz000400,许继电气,2025-10-13 09:33:18,27.38,13000,27.34,U
sz000400,许继电气,2025-10-13 09:33:24,27.4,25700,27.39,U
sz000400,许继电气,2025-10-13 09:33:27,27.43,24300,27.4,U
sz000400,许继电气,2025-10-13 09:33:30,27.44,21200,27.43,U
sz000400,许继电气,2025-10-13 09:33:33,27.43,30800,27.44,D
sz000400,许继电气,2025-10-13 09:33:36,27.36,278500,27.43,D
sz000400,许继电气,2025-10-13 09:33:39,27.28,93200,27.36,D
sz000400,许继电气,2025-10-13 09:33:42,27.33,115200,27.28,E
sz000400,许继电气,2025-10-13 09:33:45,27.37,52500,27.33,U
sz000400,许继电气,2025-10-13 09:33:48,27.33,33200,27.37,D
sz000400,许继电气,2025-10-13 09:33:51,27.36,90600,27.33,D
sz000400,许继电气,2025-10-13 09:33:54,27.33,57400,27.36,D
sz000400,许继电气,2025-10-13 09:33:57,27.33,50800,27.33,U
sz000400,许继电气,2025-10-13 09:34:00,27.28,82200,27.33,D
sz000400,许继电气,2025-10-13 09:34:03,27.32,23800,27.28,U
sz000400,许继电气,2025-10-13 09:34:06,27.28,20200,27.32,D
sz000400,许继电气,2025-10-13 09:34:09,27.26,47900,27.28,D
sz000400,许继电气,2025-10-13 09:34:12,27.27,60800,27.26,U
sz000400,许继电气,2025-10-13 09:34:15,27.25,24100,27.27,D
sz000400,许继电气,2025-10-13 09:34:18,27.27,34500,27.25,U
sz000400,许继电气,2025-10-13 09:34:21,27.24,53200,27.27,D
sz000400,许继电气,2025-10-13 09:34:24,27.24,64200,27.24,U
sz000400,许继电气,2025-10-13 09:34:27,27.23,59000,27.24,D
sz000400,许继电气,2025-10-13 09:34:30,27.23,17500,27.23,U
sz000400,许继电气,2025-10-13 09:34:33,27.24,51300,27.23,U
sz000400,许继电气,2025-10-13 09:34:36,27.24,14800,27.24,D
sz000400,许继电气,2025-10-13 09:34:39,27.28,44700,27.24,U
sz000400,许继电气,2025-10-13 09:34:42,27.3,47700,27.28,U
sz000400,许继电气,2025-10-13 09:34:45,27.3,40100,27.3,U
sz000400,许继电气,2025-10-13 09:34:48,27.3,32400,27.3,U
sz000400,许继电气,2025-10-13 09:34:51,27.3,20200,27.3,D
sz000400,许继电气,2025-10-13 09:34:54,27.26,71500,27.3,D
sz000400,许继电气,2025-10-13 09:34:57,27.24,56600,27.26,D
sz000400,许继电气,2025-10-13 09:35:00,27.23,53100,27.24,D
sz000400,许继电气,2025-10-13 09:35:03,27.23,59900,27.23,D
sz000400,许继电气,2025-10-13 09:35:06,27.22,28100,27.23,E
sz000400,许继电气,2025-10-13 09:35:09,27.23,60000,27.22,U
sz000400,许继电气,2025-10-13 09:35:12,27.22,17400,27.23,D
sz000400,许继电气,2025-10-13 09:35:15,27.23,24200,27.22,U
sz000400,许继电气,2025-10-13 09:35:18,27.26,24300,27.23,U
sz000400,许继电气,2025-10-13 09:35:21,27.22,23900,27.26,D
sz000400,许继电气,2025-10-13 09:35:24,27.22,63500,27.22,D
sz000400,许继电气,2025-10-13 09:35:27,27.24,97500,27.22,U
sz000400,许继电气,2025-10-13 09:35:30,27.25,12600,27.24,E
sz000400,许继电气,2025-10-13 09:35:33,27.25,29007,27.25,D
sz000400,许继电气,2025-10-13 09:35:36,27.26,27600,27.25,U
sz000400,许继电气,2025-10-13 09:35:39,27.26,39700,27.26,D
sz000400,许继电气,2025-10-13 09:35:42,27.26,23400,27.26,D
sz000400,许继电气,2025-10-13 09:35:45,27.25,34100,27.26,E
sz000400,许继电气,2025-10-13 09:35:48,27.23,24993,27.25,D
sz000400,许继电气,2025-10-13 09:35:51,27.23,119200,27.23,U
sz000400,许继电气,2025-10-13 09:35:54,27.23,74100,27.23,U
sz000400,许继电气,2025-10-13 09:35:57,27.2,71100,27.23,D
sz000400,许继电气,2025-10-13 09:36:00,27.16,207700,27.2,D
sz000400,许继电气,2025-10-13 09:36:03,27.05,186000,27.16,D
sz000400,许继电气,2025-10-13 09:36:06,27.1,18300,27.05,U
sz000400,许继电气,2025-10-13 09:36:09,27.03,49500,27.1,D
sz000400,许继电气,2025-10-13 09:36:12,27.05,9500,27.03,U
sz000400,许继电气,2025-10-13 09:36:15,27.02,65300,27.05,D
sz000400,许继电气,2025-10-13 09:36:18,27.03,98000,27.02,U
sz000400,许继电气,2025-10-13 09:36:21,27.03,47500,27.03,U
sz000400,许继电气,2025-10-13 09:36:24,27.04,45200,27.03,E
sz000400,许继电气,2025-10-13 09:36:27,27.05,73100,27.04,U
sz000400,许继电气,2025-10-13 09:36:30,27.04,195400,27.05,D
sz000400,许继电气,2025-10-13 09:36:33,27.06,25700,27.04,U
sz000400,许继电气,2025-10-13 09:36:36,27.04,41100,27.06,D
sz000400,许继电气,2025-10-13 09:36:39,27.04,36700,27.04,U
sz000400,许继电气,2025-10-13 09:36:42,27.06,26300,27.04,U
sz000400,许继电气,2025-10-13 09:36:45,27.02,54100,27.06,D
sz000400,许继电气,2025-10-13 09:36:48,27.03,39000,27.02,U
sz000400,许继电气,2025-10-13 09:36:51,26.99,211400,27.03,D
sz000400,许继电气,2025-10-13 09:36:54,26.96,37200,26.99,D
sz000400,许继电气,2025-10-13 09:36:57,26.96,41800,26.96,D
sz000400,许继电气,2025-10-13 09:37:00,26.95,31200,26.96,D
sz000400,许继电气,2025-10-13 09:37:03,26.91,39100,26.95,D
sz000400,许继电气,2025-10-13 09:37:06,26.9,86000,26.91,D
sz000400,许继电气,2025-10-13 09:37:09,26.89,148600,26.9,D
sz000400,许继电气,2025-10-13 09:37:12,26.87,77400,26.89,D
sz000400,许继电气,2025-10-13 09:37:15,26.86,52600,26.87,D
sz000400,许继电气,2025-10-13 09:37:18,26.85,48900,26.86,D
sz000400,许继电气,2025-10-13 09:37:21,26.84,44400,26.85,D
sz000400,许继电气,2025-10-13 09:37:24,26.84,179800,26.84,D
sz000400,许继电气,2025-10-13 09:37:27,26.81,30700,26.84,D
sz000400,许继电气,2025-10-13 09:37:30,26.8,35200,26.81,D
sz000400,许继电气,2025-10-13 09:37:33,26.8,45300,26.8,D
sz000400,许继电气,2025-10-13 09:37:36,26.8,69200,26.8,D
sz000400,许继电气,2025-10-13 09:37:39,26.8,149900,26.8,D
sz000400,许继电气,2025-10-13 09:37:42,26.83,268500,26.8,U
sz000400,许继电气,2025-10-13 09:37:45,26.83,101000,26.83,D
sz000400,许继电气,2025-10-13 09:37:48,26.87,59000,26.83,U
sz000400,许继电气,2025-10-13 09:37:51,26.85,23700,26.87,D
sz000400,许继电气,2025-10-13 09:37:54,26.85,40700,26.85,U
sz000400,许继电气,2025-10-13 09:37:57,26.9,29500,26.85,U
sz000400,许继电气,2025-10-13 09:38:00,26.88,49200,26.9,D
sz000400,许继电气,2025-10-13 09:38:03,26.88,70100,26.88,U
sz000400,许继电气,2025-10-13 09:38:06,26.85,30600,26.88,D
sz000400,许继电气,2025-10-13 09:38:09,26.87,45000,26.85,E
sz000400,许继电气,2025-10-13 09:38:12,26.87,25900,26.87,U
sz000400,许继电气,2025-10-13 09:38:15,26.85,30600,26.87,D
sz000400,许继电气,2025-10-13 09:38:18,26.87,36400,26.85,U
sz000400,许继电气,2025-10-13 09:38:21,26.87,66700,26.87,D
sz000400,许继电气,2025-10-13 09:38:24,26.87,67300,26.87,U
sz000400,许继电气,2025-10-13 09:38:27,26.84,127700,26.87,D
sz000400,许继电气,2025-10-13 09:38:30,26.83,40500,26.84,D
sz000400,许继电气,2025-10-13 09:38:33,26.84,109900,26.83,D
sz000400,许继电气,2025-10-13 09:38:36,26.86,46800,26.84,U
sz000400,许继电气,2025-10-13 09:38:39,26.86,31200,26.86,U
sz000400,许继电气,2025-10-13 09:38:42,26.84,40000,26.86,D
sz000400,许继电气,2025-10-13 09:38:45,26.84,59300,26.84,U
sz000400,许继电气,2025-10-13 09:38:48,26.86,32900,26.84,U
sz000400,许继电气,2025-10-13 09:38:51,26.9,121400,26.86,U
sz000400,许继电气,2025-10-13 09:38:54,26.93,36100,26.9,U
sz000400,许继电气,2025-10-13 09:38:57,26.95,39800,26.93,U
sz000400,许继电气,2025-10-13 09:39:00,26.9,17700,26.95,E
sz000400,许继电气,2025-10-13 09:39:03,26.95,39400,26.9,E
sz000400,许继电气,2025-10-13 09:39:06,26.96,34200,26.95,U
sz000400,许继电气,2025-10-13 09:39:09,26.96,42300,26.96,E
sz000400,许继电气,2025-10-13 09:39:12,27.0,20200,26.96,U
sz000400,许继电气,2025-10-13 09:39:15,27.0,36400,27.0,D
sz000400,许继电气,2025-10-13 09:39:18,27.1,46600,27.0,U
sz000400,许继电气,2025-10-13 09:39:21,27.0,40900,27.1,D
sz000400,许继电气,2025-10-13 09:39:27,27.06,14900,27.05,E
sz000400,许继电气,2025-10-13 09:39:30,27.05,100800,27.06,D
sz000400,许继电气,2025-10-13 09:39:33,27.06,87300,27.05,U
sz000400,许继电气,2025-10-13 09:39:36,27.11,58300,27.06,U
sz000400,许继电气,2025-10-13 09:39:39,27.13,25700,27.11,U
sz000400,许继电气,2025-10-13 09:39:42,27.11,11200,27.13,E
sz000400,许继电气,2025-10-13 09:39:45,27.13,24100,27.11,U
sz000400,许继电气,2025-10-13 09:39:48,27.15,39800,27.13,U
sz000400,许继电气,2025-10-13 09:39:51,27.18,44100,27.15,U
sz000400,许继电气,2025-10-13 09:39:54,27.2,123200,27.18,E
sz000400,许继电气,2025-10-13 09:39:57,27.25,94300,27.2,E
sz000400,许继电气,2025-10-13 09:40:00,27.28,14800,27.25,E
sz000400,许继电气,2025-10-13 09:40:03,27.25,66800,27.28,D
sz000400,许继电气,2025-10-13 09:40:06,27.27,36600,27.25,U
sz000400,许继电气,2025-10-13 09:40:09,27.25,52800,27.27,E
sz000400,许继电气,2025-10-13 09:40:12,27.27,26100,27.25,E
sz000400,许继电气,2025-10-13 09:40:15,27.33,88400,27.27,U
sz000400,许继电气,2025-10-13 09:40:18,27.36,51800,27.33,U
sz000400,许继电气,2025-10-13 09:40:21,27.39,82200,27.36,U
sz000400,许继电气,2025-10-13 09:40:24,27.36,63300,27.39,E
sz000400,许继电气,2025-10-13 09:40:27,27.34,29700,27.36,E
sz000400,许继电气,2025-10-13 09:40:30,27.28,36400,27.34,D
sz000400,许继电气,2025-10-13 09:40:33,27.33,27700,27.28,U
sz000400,许继电气,2025-10-13 09:40:36,27.29,193400,27.33,D
sz000400,许继电气,2025-10-13 09:40:39,27.32,82000,27.29,U
sz000400,许继电气,2025-10-13 09:40:42,27.27,19300,27.32,D
sz000400,许继电气,2025-10-13 09:40:45,27.3,21900,27.27,U
sz000400,许继电气,2025-10-13 09:40:48,27.27,38600,27.3,E
sz000400,许继电气,2025-10-13 09:40:51,27.2,22200,27.27,D
sz000400,许继电气,2025-10-13 09:40:57,27.24,46900,27.23,E
sz000400,许继电气,2025-10-13 09:41:03,27.23,18400,27.24,E
sz000400,许继电气,2025-10-13 09:41:06,27.23,31200,27.23,E
sz000400,许继电气,2025-10-13 09:41:09,27.23,20200,27.23,E
sz000400,许继电气,2025-10-13 09:41:12,27.23,115200,27.23,E
sz000400,许继电气,2025-10-13 09:41:15,27.23,13900,27.23,D
sz000400,许继电气,2025-10-13 09:41:18,27.23,11900,27.23,D
sz000400,许继电气,2025-10-13 09:41:21,27.21,23900,27.23,D
sz000400,许继电气,2025-10-13 09:41:24,27.24,15900,27.21,D
sz000400,许继电气,2025-10-13 09:41:27,27.28,11100,27.24,U
sz000400,许继电气,2025-10-13 09:41:30,27.26,10400,27.28,U
sz000400,许继电气,2025-10-13 09:41:33,27.23,16700,27.26,D
sz000400,许继电气,2025-10-13 09:41:36,27.26,23800,27.23,E
sz000400,许继电气,2025-10-13 09:41:39,27.27,18800,27.26,U
sz000400,许继电气,2025-10-13 09:41:42,27.27,11800,27.27,U
sz000400,许继电气,2025-10-13 09:41:45,27.27,31800,27.27,D
sz000400,许继电气,2025-10-13 09:41:54,27.29,14400,27.28,D
sz000400,许继电气,2025-10-13 09:41:57,27.3,33400,27.29,U
sz000400,许继电气,2025-10-13 09:42:03,27.27,93200,27.3,D
sz000400,许继电气,2025-10-13 09:42:06,27.27,63200,27.27,D
sz000400,许继电气,2025-10-13 09:42:09,27.24,21900,27.27,E
sz000400,许继电气,2025-10-13 09:42:12,27.3,29500,27.24,U
sz000400,许继电气,2025-10-13 09:42:15,27.22,12500,27.3,D
sz000400,许继电气,2025-10-13 09:42:18,27.27,8800,27.22,E
sz000400,许继电气,2025-10-13 09:42:24,27.25,26700,27.23,U
sz000400,许继电气,2025-10-13 09:42:27,27.23,49700,27.25,D
sz000400,许继电气,2025-10-13 09:42:30,27.2,18300,27.23,D
sz000400,许继电气,2025-10-13 09:42:33,27.23,9100,27.2,U
sz000400,许继电气,2025-10-13 09:42:36,27.21,41000,27.23,D
sz000400,许继电气,2025-10-13 09:42:39,27.18,15400,27.21,D
sz000400,许继电气,2025-10-13 09:42:42,27.17,15500,27.18,D
sz000400,许继电气,2025-10-13 09:42:45,27.18,21000,27.17,D
sz000400,许继电气,2025-10-13 09:42:48,27.2,37200,27.18,U
sz000400,许继电气,2025-10-13 09:42:54,27.18,21700,27.17,U
sz000400,许继电气,2025-10-13 09:42:57,27.17,42700,27.18,D
sz000400,许继电气,2025-10-13 09:43:00,27.17,9100,27.17,U
sz000400,许继电气,2025-10-13 09:43:03,27.16,18300,27.17,D
sz000400,许继电气,2025-10-13 09:43:09,27.15,48986,27.16,D
sz000400,许继电气,2025-10-13 09:43:12,27.15,30000,27.15,D
sz000400,许继电气,2025-10-13 09:43:15,27.18,28400,27.15,E
sz000400,许继电气,2025-10-13 09:43:18,27.2,22400,27.18,E
sz000400,许继电气,2025-10-13 09:43:21,27.2,11400,27.2,D
sz000400,许继电气,2025-10-13 09:43:24,27.23,31800,27.2,E
sz000400,许继电气,2025-10-13 09:43:30,27.25,28200,27.24,E
sz000400,许继电气,2025-10-13 09:43:36,27.24,20500,27.24,E
sz000400,许继电气,2025-10-13 09:43:39,27.19,29400,27.24,D
sz000400,许继电气,2025-10-13 09:43:42,27.2,11800,27.19,U
sz000400,许继电气,2025-10-13 09:43:45,27.2,39500,27.2,D
sz000400,许继电气,2025-10-13 09:43:48,27.2,40000,27.2,U
sz000400,许继电气,2025-10-13 09:43:51,27.21,12800,27.2,U
sz000400,许继电气,2025-10-13 09:43:54,27.21,14800,27.21,D
sz000400,许继电气,2025-10-13 09:44:03,27.21,44900,27.23,D
sz000400,许继电气,2025-10-13 09:44:06,27.26,50700,27.21,U
sz000400,许继电气,2025-10-13 09:44:09,27.26,15400,27.26,D
sz000400,许继电气,2025-10-13 09:44:15,27.26,8100,27.26,D
sz000400,许继电气,2025-10-13 09:44:18,27.26,19100,27.26,D
sz000400,许继电气,2025-10-13 09:44:24,27.29,85500,27.29,U
sz000400,许继电气,2025-10-13 09:44:30,27.27,17000,27.29,E
sz000400,许继电气,2025-10-13 09:44:33,27.24,176700,27.27,D
sz000400,许继电气,2025-10-13 09:44:36,27.24,62100,27.24,U
sz000400,许继电气,2025-10-13 09:44:42,27.23,26300,27.23,D
sz000400,许继电气,2025-10-13 09:44:45,27.24,18700,27.23,U
sz000400,许继电气,2025-10-13 09:44:48,27.24,8900,27.24,D
sz000400,许继电气,2025-10-13 09:44:54,27.26,7400,27.26,D
sz000400,许继电气,2025-10-13 09:44:57,27.26,9200,27.26,D
sz000400,许继电气,2025-10-13 09:45:03,27.29,41200,27.28,U
sz000400,许继电气,2025-10-13 09:45:09,27.29,13000,27.29,U
sz000400,许继电气,2025-10-13 09:45:12,27.29,17000,27.29,D
sz000400,许继电气,2025-10-13 09:45:15,27.29,36600,27.29,U
sz000400,许继电气,2025-10-13 09:45:18,27.29,8200,27.29,D
sz000400,许继电气,2025-10-13 09:45:21,27.3,11500,27.29,U
sz000400,许继电气,2025-10-13 09:45:24,27.3,9000,27.3,U
sz000400,许继电气,2025-10-13 09:45:27,27.3,21800,27.3,D
sz000400,许继电气,2025-10-13 09:45:30,27.29,21800,27.3,D
sz000400,许继电气,2025-10-13 09:45:33,27.3,10500,27.29,E
sz000400,许继电气,2025-10-13 09:45:36,27.3,23200,27.3,D
sz000400,许继电气,2025-10-13 09:45:39,27.31,21900,27.3,D
sz000400,许继电气,2025-10-13 09:45:42,27.31,9000,27.31,D
sz000400,许继电气,2025-10-13 09:45:45,27.31,9900,27.31,U
sz000400,许继电气,2025-10-13 09:45:48,27.32,28100,27.31,U
sz000400,许继电气,2025-10-13 09:45:51,27.33,9700,27.32,U
sz000400,许继电气,2025-10-13 09:45:54,27.33,9700,27.33,U
sz000400,许继电气,2025-10-13 09:45:57,27.34,7600,27.33,U
sz000400,许继电气,2025-10-13 09:46:00,27.34,13400,27.34,U
sz000400,许继电气,2025-10-13 09:46:03,27.34,26000,27.34,D
sz000400,许继电气,2025-10-13 09:46:06,27.34,43000,27.34,U
sz000400,许继电气,2025-10-13 09:46:09,27.34,14500,27.34,D
sz000400,许继电气,2025-10-13 09:46:12,27.36,17400,27.34,U
sz000400,许继电气,2025-10-13 09:46:15,27.34,22800,27.36,D
sz000400,许继电气,2025-10-13 09:46:18,27.35,16100,27.34,U
sz000400,许继电气,2025-10-13 09:46:21,27.34,37800,27.35,D
sz000400,许继电气,2025-10-13 09:46:24,27.34,15000,27.34,D
sz000400,许继电气,2025-10-13 09:46:27,27.35,11600,27.34,U
sz000400,许继电气,2025-10-13 09:46:30,27.34,32900,27.35,D
sz000400,许继电气,2025-10-13 09:46:33,27.34,39700,27.34,D
sz000400,许继电气,2025-10-13 09:46:36,27.36,37800,27.34,U
sz000400,许继电气,2025-10-13 09:46:39,27.36,16100,27.36,U
sz000400,许继电气,2025-10-13 09:46:51,27.38,12300,27.37,U
sz000400,许继电气,2025-10-13 09:46:54,27.38,7900,27.38,U
sz000400,许继电气,2025-10-13 09:46:57,27.38,11900,27.38,U
sz000400,许继电气,2025-10-13 09:47:00,27.39,13500,27.38,U
sz000400,许继电气,2025-10-13 09:47:03,27.4,11300,27.39,U
sz000400,许继电气,2025-10-13 09:47:06,27.4,7400,27.4,U
sz000400,许继电气,2025-10-13 09:47:09,27.41,37500,27.4,U
sz000400,许继电气,2025-10-13 09:47:12,27.4,44600,27.41,D
sz000400,许继电气,2025-10-13 09:47:15,27.4,30500,27.4,D
sz000400,许继电气,2025-10-13 09:47:18,27.41,27300,27.4,U
sz000400,许继电气,2025-10-13 09:47:21,27.4,10600,27.41,D
sz000400,许继电气,2025-10-13 09:47:24,27.4,43300,27.4,D
sz000400,许继电气,2025-10-13 09:47:27,27.4,32700,27.4,U
sz000400,许继电气,2025-10-13 09:47:30,27.35,155300,27.4,D
sz000400,许继电气,2025-10-13 09:47:33,27.37,21400,27.35,U
sz000400,许继电气,2025-10-13 09:47:36,27.35,16500,27.37,D
sz000400,许继电气,2025-10-13 09:47:39,27.36,16000,27.35,E
sz000400,许继电气,2025-10-13 09:47:42,27.38,52100,27.36,U
sz000400,许继电气,2025-10-13 09:47:45,27.36,43800,27.38,U
sz000400,许继电气,2025-10-13 09:47:48,27.37,17500,27.36,U
sz000400,许继电气,2025-10-13 09:47:51,27.36,29200,27.37,D
sz000400,许继电气,2025-10-13 09:47:57,27.36,7700,27.36,U
sz000400,许继电气,2025-10-13 09:48:03,27.36,34900,27.36,D
sz000400,许继电气,2025-10-13 09:48:06,27.37,10700,27.36,D
sz000400,许继电气,2025-10-13 09:48:09,27.37,8200,27.37,D
sz000400,许继电气,2025-10-13 09:48:15,27.36,10000,27.36,D
sz000400,许继电气,2025-10-13 09:48:18,27.36,9700,27.36,U
sz000400,许继电气,2025-10-13 09:48:21,27.35,12900,27.36,D
sz000400,许继电气,2025-10-13 09:48:24,27.35,11600,27.35,D
sz000400,许继电气,2025-10-13 09:48:27,27.35,13900,27.35,U
sz000400,许继电气,2025-10-13 09:48:30,27.34,9200,27.35,E
sz000400,许继电气,2025-10-13 09:48:33,27.35,14300,27.34,U
sz000400,许继电气,2025-10-13 09:48:36,27.34,9800,27.35,E
sz000400,许继电气,2025-10-13 09:48:39,27.36,31200,27.34,U
sz000400,许继电气,2025-10-13 09:48:42,27.36,8800,27.36,D
sz000400,许继电气,2025-10-13 09:48:45,27.36,41900,27.36,D
sz000400,许继电气,2025-10-13 09:48:51,27.35,10300,27.35,D
sz000400,许继电气,2025-10-13 09:48:54,27.35,14900,27.35,D
sz000400,许继电气,2025-10-13 09:48:57,27.36,8900,27.35,U
sz000400,许继电气,2025-10-13 09:49:03,27.36,23500,27.36,D
sz000400,许继电气,2025-10-13 09:49:06,27.36,17200,27.36,D
sz000400,许继电气,2025-10-13 09:49:09,27.36,9500,27.36,D
sz000400,许继电气,2025-10-13 09:49:12,27.36,19600,27.36,D
sz000400,许继电气,2025-10-13 09:49:15,27.36,17500,27.36,U
sz000400,许继电气,2025-10-13 09:49:18,27.36,7800,27.36,D
sz000400,许继电气,2025-10-13 09:49:21,27.35,22100,27.36,D
sz000400,许继电气,2025-10-13 09:49:30,27.37,16300,27.36,U
sz000400,许继电气,2025-10-13 09:49:36,27.37,13100,27.38,D
sz000400,许继电气,2025-10-13 09:49:39,27.38,26100,27.37,U
sz000400,许继电气,2025-10-13 09:49:42,27.37,15000,27.38,D
sz000400,许继电气,2025-10-13 09:49:48,27.37,14700,27.37,U
sz000400,许继电气,2025-10-13 09:49:51,27.34,87100,27.37,D
sz000400,许继电气,2025-10-13 09:50:00,27.3,86700,27.34,D
sz000400,许继电气,2025-10-13 09:50:03,27.29,18300,27.3,D
sz000400,许继电气,2025-10-13 09:50:06,27.29,11700,27.29,D
sz000400,许继电气,2025-10-13 09:50:09,27.27,110600,27.29,D
sz000400,许继电气,2025-10-13 09:50:12,27.27,9300,27.27,U
sz000400,许继电气,2025-10-13 09:50:15,27.25,7700,27.27,D
sz000400,许继电气,2025-10-13 09:50:21,27.25,20500,27.27,D
sz000400,许继电气,2025-10-13 09:50:27,27.25,23700,27.25,U
sz000400,许继电气,2025-10-13 09:50:30,27.23,24603,27.25,D
sz000400,许继电气,2025-10-13 09:50:33,27.27,38500,27.23,U
sz000400,许继电气,2025-10-13 09:50:36,27.24,19400,27.27,D
sz000400,许继电气,2025-10-13 09:50:39,27.24,13300,27.24,U
sz000400,许继电气,2025-10-13 09:50:42,27.25,11800,27.24,U
sz000400,许继电气,2025-10-13 09:50:45,27.25,16100,27.25,U
sz000400,许继电气,2025-10-13 09:50:51,27.24,32300,27.25,D
sz000400,许继电气,2025-10-13 09:50:57,27.23,40000,27.24,D
sz000400,许继电气,2025-10-13 09:51:03,27.22,38600,27.24,D
sz000400,许继电气,2025-10-13 09:51:09,27.23,10400,27.23,D
sz000400,许继电气,2025-10-13 09:51:12,27.23,9300,27.23,D
sz000400,许继电气,2025-10-13 09:51:15,27.21,71300,27.23,D
sz000400,许继电气,2025-10-13 09:51:18,27.2,14300,27.21,D
sz000400,许继电气,2025-10-13 09:51:21,27.21,9400,27.2,E
sz000400,许继电气,2025-10-13 09:51:24,27.22,18400,27.21,U
sz000400,许继电气,2025-10-13 09:51:30,27.2,15300,27.21,D
sz000400,许继电气,2025-10-13 09:51:33,27.2,52600,27.2,D
sz000400,许继电气,2025-10-13 09:51:36,27.19,8000,27.2,D
sz000400,许继电气,2025-10-13 09:51:39,27.2,10300,27.19,U
sz000400,许继电气,2025-10-13 09:51:45,27.18,19500,27.19,D
sz000400,许继电气,2025-10-13 09:51:51,27.16,16600,27.18,D
sz000400,许继电气,2025-10-13 09:51:54,27.16,11000,27.16,D
sz000400,许继电气,2025-10-13 09:51:57,27.16,32100,27.16,D
sz000400,许继电气,2025-10-13 09:52:00,27.14,55414,27.16,D
sz000400,许继电气,2025-10-13 09:52:03,27.14,27400,27.14,D
sz000400,许继电气,2025-10-13 09:52:06,27.14,8600,27.14,U
sz000400,许继电气,2025-10-13 09:52:12,27.14,20600,27.13,U
sz000400,许继电气,2025-10-13 09:52:15,27.13,16400,27.14,U
sz000400,许继电气,2025-10-13 09:52:18,27.12,15400,27.13,D
sz000400,许继电气,2025-10-13 09:52:21,27.13,30800,27.12,U
sz000400,许继电气,2025-10-13 09:52:24,27.11,8100,27.13,D
sz000400,许继电气,2025-10-13 09:52:27,27.13,25200,27.11,U
sz000400,许继电气,2025-10-13 09:52:30,27.15,28800,27.13,U
sz000400,许继电气,2025-10-13 09:52:39,27.15,35600,27.18,D
sz000400,许继电气,2025-10-13 09:52:48,27.18,14400,27.17,U
sz000400,许继电气,2025-10-13 09:52:51,27.18,32700,27.18,U
sz000400,许继电气,2025-10-13 09:53:00,27.15,48900,27.18,D
sz000400,许继电气,2025-10-13 09:53:09,27.13,60500,27.16,D
sz000400,许继电气,2025-10-13 09:53:12,27.12,27100,27.13,D
sz000400,许继电气,2025-10-13 09:53:15,27.12,24600,27.12,D
sz000400,许继电气,2025-10-13 09:53:18,27.13,49600,27.12,U
sz000400,许继电气,2025-10-13 09:53:21,27.11,19900,27.13,D
sz000400,许继电气,2025-10-13 09:53:24,27.09,103914,27.11,D
sz000400,许继电气,2025-10-13 09:53:27,27.08,11200,27.09,D
sz000400,许继电气,2025-10-13 09:53:30,27.07,29100,27.08,D
sz000400,许继电气,2025-10-13 09:53:36,27.05,15100,27.07,D
sz000400,许继电气,2025-10-13 09:53:39,27.07,12700,27.05,U
sz000400,许继电气,2025-10-13 09:53:42,27.07,13000,27.07,U
sz000400,许继电气,2025-10-13 09:53:45,27.07,21200,27.07,U
sz000400,许继电气,2025-10-13 09:53:48,27.07,13500,27.07,D
sz000400,许继电气,2025-10-13 09:53:51,27.05,24000,27.07,D
sz000400,许继电气,2025-10-13 09:53:54,27.06,11300,27.05,D
sz000400,许继电气,2025-10-13 09:53:57,27.05,31200,27.06,D
sz000400,许继电气,2025-10-13 09:54:00,27.05,27400,27.05,D
sz000400,许继电气,2025-10-13 09:54:03,27.02,28400,27.05,D
sz000400,许继电气,2025-10-13 09:54:06,27.04,15900,27.02,D
sz000400,许继电气,2025-10-13 09:54:09,27.02,13000,27.04,D
sz000400,许继电气,2025-10-13 09:54:12,27.01,35600,27.02,D
sz000400,许继电气,2025-10-13 09:54:15,27.03,47913,27.01,U
sz000400,许继电气,2025-10-13 09:54:18,27.02,16300,27.03,E
sz000400,许继电气,2025-10-13 09:54:21,27.03,36800,27.02,U
sz000400,许继电气,2025-10-13 09:54:24,27.02,33700,27.03,D
sz000400,许继电气,2025-10-13 09:54:27,27.03,10300,27.02,U
sz000400,许继电气,2025-10-13 09:54:30,27.03,13000,27.03,U
sz000400,许继电气,2025-10-13 09:54:33,27.02,43100,27.03,D
sz000400,许继电气,2025-10-13 09:54:36,27.03,13000,27.02,U
sz000400,许继电气,2025-10-13 09:54:39,27.02,19300,27.03,D
sz000400,许继电气,2025-10-13 09:54:42,27.02,42000,27.02,D
sz000400,许继电气,2025-10-13 09:54:45,27.02,40300,27.02,D
sz000400,许继电气,2025-10-13 09:54:48,27.02,8600,27.02,D
sz000400,许继电气,2025-10-13 09:54:51,27.04,7500,27.02,U
sz000400,许继电气,2025-10-13 09:54:54,27.04,15400,27.04,U
sz000400,许继电气,2025-10-13 09:54:57,27.06,59807,27.04,U
sz000400,许继电气,2025-10-13 09:55:03,27.07,13000,27.07,U
sz000400,许继电气,2025-10-13 09:55:06,27.05,7900,27.07,D
sz000400,许继电气,2025-10-13 09:55:09,27.07,32000,27.05,U
sz000400,许继电气,2025-10-13 09:55:21,27.08,18293,27.07,U
sz000400,许继电气,2025-10-13 09:55:24,27.08,9300,27.08,D
sz000400,许继电气,2025-10-13 09:55:30,27.1,10493,27.08,U
sz000400,许继电气,2025-10-13 09:55:39,27.11,26700,27.11,D
sz000400,许继电气,2025-10-13 09:55:42,27.1,66800,27.11,D
sz000400,许继电气,2025-10-13 09:55:45,27.12,22107,27.1,U
sz000400,许继电气,2025-10-13 09:55:48,27.08,18100,27.12,E
sz000400,许继电气,2025-10-13 09:55:51,27.09,9400,27.08,E
sz000400,许继电气,2025-10-13 09:55:54,27.07,31000,27.09,D
sz000400,许继电气,2025-10-13 09:55:57,27.1,37100,27.07,U
sz000400,许继电气,2025-10-13 09:56:03,27.11,36000,27.11,D
sz000400,许继电气,2025-10-13 09:56:06,27.06,188800,27.11,D
sz000400,许继电气,2025-10-13 09:56:09,27.06,31600,27.06,E
sz000400,许继电气,2025-10-13 09:56:12,27.07,33600,27.06,U
sz000400,许继电气,2025-10-13 09:56:15,27.05,66600,27.07,D
sz000400,许继电气,2025-10-13 09:56:18,27.06,20700,27.05,U
sz000400,许继电气,2025-10-13 09:56:21,27.06,28700,27.06,U
sz000400,许继电气,2025-10-13 09:56:24,27.05,19900,27.06,E
sz000400,许继电气,2025-10-13 09:56:27,27.04,19000,27.05,E
sz000400,许继电气,2025-10-13 09:56:30,27.06,18400,27.04,U
sz000400,许继电气,2025-10-13 09:56:33,27.02,9900,27.06,D
sz000400,许继电气,2025-10-13 09:56:36,27.03,9300,27.02,E
sz000400,许继电气,2025-10-13 09:56:39,27.04,38600,27.03,E
sz000400,许继电气,2025-10-13 09:56:42,27.02,19100,27.04,D
sz000400,许继电气,2025-10-13 09:56:45,27.03,17600,27.02,U
sz000400,许继电气,2025-10-13 09:56:48,27.02,20300,27.03,E
sz000400,许继电气,2025-10-13 09:56:51,27.02,68600,27.02,U
sz000400,许继电气,2025-10-13 09:56:57,27.01,9000,27.02,D
sz000400,许继电气,2025-10-13 09:57:00,27.01,32300,27.01,U
sz000400,许继电气,2025-10-13 09:57:03,27.01,91500,27.01,U
sz000400,许继电气,2025-10-13 09:57:06,27.0,40900,27.01,D
sz000400,许继电气,2025-10-13 09:57:09,27.0,14500,27.0,D
sz000400,许继电气,2025-10-13 09:57:12,27.02,9600,27.0,E
sz000400,许继电气,2025-10-13 09:57:18,27.02,15200,27.02,U
sz000400,许继电气,2025-10-13 09:57:30,27.02,90200,27.03,D
sz000400,许继电气,2025-10-13 09:57:45,27.01,17500,27.03,D
sz000400,许继电气,2025-10-13 09:57:48,27.02,21200,27.01,U
sz000400,许继电气,2025-10-13 09:58:00,27.02,16300,27.02,D
sz000400,许继电气,2025-10-13 09:58:06,27.02,9500,27.03,D
sz000400,许继电气,2025-10-13 09:58:12,27.02,17900,27.02,U
sz000400,许继电气,2025-10-13 09:58:15,27.02,30200,27.02,U
sz000400,许继电气,2025-10-13 09:58:18,27.01,34000,27.02,D
sz000400,许继电气,2025-10-13 09:58:30,27.03,8400,27.03,D
sz000400,许继电气,2025-10-13 09:58:33,27.03,11700,27.03,D
sz000400,许继电气,2025-10-13 09:58:48,27.05,14000,27.04,U
sz000400,许继电气,2025-10-13 09:59:03,27.07,21600,27.07,D
sz000400,许继电气,2025-10-13 09:59:21,27.1,20000,27.1,U
sz000400,许继电气,2025-10-13 09:59:24,27.09,22800,27.1,D
sz000400,许继电气,2025-10-13 09:59:27,27.1,7500,27.09,U
sz000400,许继电气,2025-10-13 09:59:33,27.1,10100,27.09,U
sz000400,许继电气,2025-10-13 09:59:39,27.1,8300,27.1,U
sz000400,许继电气,2025-10-13 09:59:45,27.1,10700,27.1,D
sz000400,许继电气,2025-10-13 09:59:48,27.11,10100,27.1,U
sz000400,许继电气,2025-10-13 09:59:54,27.11,9800,27.12,D
sz000400,许继电气,2025-10-13 09:59:57,27.12,11793,27.11,U
sz000400,许继电气,2025-10-13 10:00:03,27.11,82207,27.13,D
sz000400,许继电气,2025-10-13 10:00:06,27.12,28200,27.11,U
sz000400,许继电气,2025-10-13 10:00:15,27.11,9600,27.12,D
sz000400,许继电气,2025-10-13 10:00:21,27.09,7500,27.1,D
sz000400,许继电气,2025-10-13 10:00:24,27.09,10800,27.09,D
sz000400,许继电气,2025-10-13 10:00:27,27.11,11966,27.09,U
sz000400,许继电气,2025-10-13 10:00:30,27.11,29400,27.11,U
sz000400,许继电气,2025-10-13 10:00:33,27.1,12800,27.11,U
sz000400,许继电气,2025-10-13 10:00:36,27.12,32500,27.1,U
sz000400,许继电气,2025-10-13 10:00:39,27.12,18000,27.12,D
sz000400,许继电气,2025-10-13 10:00:45,27.15,7800,27.13,U
sz000400,许继电气,2025-10-13 10:00:51,27.1,51400,27.13,D
sz000400,许继电气,2025-10-13 10:01:03,27.12,23600,27.12,U
sz000400,许继电气,2025-10-13 10:01:06,27.09,11000,27.12,D
sz000400,许继电气,2025-10-13 10:01:09,27.1,10900,27.09,E
sz000400,许继电气,2025-10-13 10:01:12,27.09,39800,27.1,D
sz000400,许继电气,2025-10-13 10:01:15,27.1,19634,27.09,U
sz000400,许继电气,2025-10-13 10:01:24,27.1,14500,27.09,U
sz000400,许继电气,2025-10-13 10:01:27,27.09,27500,27.1,D
sz000400,许继电气,2025-10-13 10:01:30,27.09,19400,27.09,D
sz000400,许继电气,2025-10-13 10:01:33,27.1,21200,27.09,U
sz000400,许继电气,2025-10-13 10:01:36,27.1,41700,27.1,D
sz000400,许继电气,2025-10-13 10:01:42,27.1,8500,27.1,U
sz000400,许继电气,2025-10-13 10:01:45,27.1,32600,27.1,U
sz000400,许继电气,2025-10-13 10:01:48,27.1,9200,27.1,U
sz000400,许继电气,2025-10-13 10:01:54,27.1,12100,27.1,U
sz000400,许继电气,2025-10-13 10:02:03,27.09,12500,27.1,D
sz000400,许继电气,2025-10-13 10:02:06,27.09,26300,27.09,D
sz000400,许继电气,2025-10-13 10:02:30,27.08,37400,27.09,D
sz000400,许继电气,2025-10-13 10:02:33,27.07,55400,27.08,E
sz000400,许继电气,2025-10-13 10:02:36,27.04,10500,27.07,D
sz000400,许继电气,2025-10-13 10:02:45,27.04,36700,27.04,D
sz000400,许继电气,2025-10-13 10:02:51,27.02,34800,27.03,D
sz000400,许继电气,2025-10-13 10:02:57,27.02,18000,27.03,D
sz000400,许继电气,2025-10-13 10:03:03,27.02,11800,27.02,U
sz000400,许继电气,2025-10-13 10:03:06,27.01,16900,27.02,D
sz000400,许继电气,2025-10-13 10:03:09,26.96,372187,27.01,D
sz000400,许继电气,2025-10-13 10:03:12,26.95,26400,26.96,D
sz000400,许继电气,2025-10-13 10:03:15,26.95,34900,26.95,D
sz000400,许继电气,2025-10-13 10:03:18,26.93,80500,26.95,D
sz000400,许继电气,2025-10-13 10:03:21,26.92,24400,26.93,D
sz000400,许继电气,2025-10-13 10:03:24,26.91,36000,26.92,D
sz000400,许继电气,2025-10-13 10:03:27,26.9,8400,26.91,D
sz000400,许继电气,2025-10-13 10:03:30,26.91,80100,26.9,U
sz000400,许继电气,2025-10-13 10:03:33,26.9,28000,26.91,D
sz000400,许继电气,2025-10-13 10:03:36,26.9,11100,26.9,U
sz000400,许继电气,2025-10-13 10:03:39,26.89,24900,26.9,D
sz000400,许继电气,2025-10-13 10:03:42,26.89,13900,26.89,E
sz000400,许继电气,2025-10-13 10:03:45,26.88,15200,26.89,D
sz000400,许继电气,2025-10-13 10:03:48,26.88,33800,26.88,D
sz000400,许继电气,2025-10-13 10:03:51,26.89,29900,26.88,U
sz000400,许继电气,2025-10-13 10:03:54,26.89,31500,26.89,U
sz000400,许继电气,2025-10-13 10:03:57,26.88,13900,26.89,D
sz000400,许继电气,2025-10-13 10:04:00,26.88,25600,26.88,D
sz000400,许继电气,2025-10-13 10:04:03,26.88,26700,26.88,U
sz000400,许继电气,2025-10-13 10:04:06,26.88,32100,26.88,D
sz000400,许继电气,2025-10-13 10:04:09,26.88,9700,26.88,D
sz000400,许继电气,2025-10-13 10:04:12,26.9,8200,26.88,U
sz000400,许继电气,2025-10-13 10:04:15,26.89,11100,26.9,D
sz000400,许继电气,2025-10-13 10:04:18,26.89,21500,26.89,D
sz000400,许继电气,2025-10-13 10:04:21,26.89,16500,26.89,D
sz000400,许继电气,2025-10-13 10:04:24,26.89,24100,26.89,D
sz000400,许继电气,2025-10-13 10:04:27,26.9,19200,26.89,E
sz000400,许继电气,2025-10-13 10:04:33,26.91,20300,26.91,U
sz000400,许继电气,2025-10-13 10:04:36,26.91,11700,26.91,U
sz000400,许继电气,2025-10-13 10:04:39,26.91,18700,26.91,D
sz000400,许继电气,2025-10-13 10:04:42,26.92,11100,26.91,U
sz000400,许继电气,2025-10-13 10:04:57,26.94,25900,26.93,E
sz000400,许继电气,2025-10-13 10:05:00,26.94,26300,26.94,U
sz000400,许继电气,2025-10-13 10:05:03,26.94,18000,26.94,U
sz000400,许继电气,2025-10-13 10:05:06,26.93,17300,26.94,D
sz000400,许继电气,2025-10-13 10:05:15,26.94,13200,26.94,U
sz000400,许继电气,2025-10-13 10:05:24,26.95,10500,26.94,U
sz000400,许继电气,2025-10-13 10:05:27,26.93,35800,26.95,D
sz000400,许继电气,2025-10-13 10:05:30,26.94,10800,26.93,E
sz000400,许继电气,2025-10-13 10:05:36,26.93,10400,26.94,D
sz000400,许继电气,2025-10-13 10:05:39,26.93,14700,26.93,D
sz000400,许继电气,2025-10-13 10:05:45,26.94,19300,26.93,D
sz000400,许继电气,2025-10-13 10:05:48,26.94,8100,26.94,D
sz000400,许继电气,2025-10-13 10:06:03,26.93,16400,26.95,D
sz000400,许继电气,2025-10-13 10:06:06,26.93,28000,26.93,D
sz000400,许继电气,2025-10-13 10:06:12,26.93,12400,26.93,D
sz000400,许继电气,2025-10-13 10:06:15,26.94,19100,26.93,U
sz000400,许继电气,2025-10-13 10:06:18,26.94,17600,26.94,U
sz000400,许继电气,2025-10-13 10:06:21,26.95,11600,26.94,U
sz000400,许继电气,2025-10-13 10:06:27,26.95,13900,26.94,U
sz000400,许继电气,2025-10-13 10:06:33,26.95,25200,26.95,U
sz000400,许继电气,2025-10-13 10:06:36,26.95,16500,26.95,U
sz000400,许继电气,2025-10-13 10:06:51,26.98,19900,26.97,U
sz000400,许继电气,2025-10-13 10:07:03,27.0,8200,27.0,U
sz000400,许继电气,2025-10-13 10:07:06,27.0,10300,27.0,U
sz000400,许继电气,2025-10-13 10:07:09,26.99,8600,27.0,D
sz000400,许继电气,2025-10-13 10:07:12,26.99,74700,26.99,U
sz000400,许继电气,2025-10-13 10:07:15,26.99,14200,26.99,U
sz000400,许继电气,2025-10-13 10:07:21,26.95,21200,26.96,D
sz000400,许继电气,2025-10-13 10:07:24,26.96,53600,26.95,E
sz000400,许继电气,2025-10-13 10:07:27,26.95,8100,26.96,D
sz000400,许继电气,2025-10-13 10:07:33,26.96,8600,26.96,U
sz000400,许继电气,2025-10-13 10:07:36,26.95,20800,26.96,D
sz000400,许继电气,2025-10-13 10:07:45,26.95,63400,26.96,D
sz000400,许继电气,2025-10-13 10:07:48,26.95,9200,26.95,D
sz000400,许继电气,2025-10-13 10:07:54,26.94,10400,26.95,D
sz000400,许继电气,2025-10-13 10:07:57,26.95,17500,26.94,U
sz000400,许继电气,2025-10-13 10:08:03,26.95,12700,26.95,D
sz000400,许继电气,2025-10-13 10:08:15,26.95,17000,26.95,U
sz000400,许继电气,2025-10-13 10:08:18,26.95,22300,26.95,U
sz000400,许继电气,2025-10-13 10:08:24,26.94,105900,26.93,U
sz000400,许继电气,2025-10-13 10:08:27,26.9,76800,26.94,D
sz000400,许继电气,2025-10-13 10:08:30,26.9,32400,26.9,D
sz000400,许继电气,2025-10-13 10:08:33,26.9,14400,26.9,D
sz000400,许继电气,2025-10-13 10:08:36,26.9,69500,26.9,D
sz000400,许继电气,2025-10-13 10:08:39,26.9,33300,26.9,U
sz000400,许继电气,2025-10-13 10:08:45,26.89,23200,26.89,U
sz000400,许继电气,2025-10-13 10:08:48,26.88,39700,26.89,D
sz000400,许继电气,2025-10-13 10:08:54,26.9,14100,26.89,U
sz000400,许继电气,2025-10-13 10:08:57,26.89,20800,26.9,E
sz000400,许继电气,2025-10-13 10:09:00,26.89,22600,26.89,D
sz000400,许继电气,2025-10-13 10:09:03,26.88,138300,26.89,D
sz000400,许继电气,2025-10-13 10:09:06,26.87,7800,26.88,D
sz000400,许继电气,2025-10-13 10:09:09,26.87,16700,26.87,D
sz000400,许继电气,2025-10-13 10:09:12,26.87,10500,26.87,D
sz000400,许继电气,2025-10-13 10:09:18,26.86,70200,26.87,D
sz000400,许继电气,2025-10-13 10:09:21,26.87,19100,26.86,U
sz000400,许继电气,2025-10-13 10:09:24,26.87,15300,26.87,D
sz000400,许继电气,2025-10-13 10:09:27,26.86,11200,26.87,D
sz000400,许继电气,2025-10-13 10:09:30,26.87,13900,26.86,U
sz000400,许继电气,2025-10-13 10:09:33,26.87,36400,26.87,D
sz000400,许继电气,2025-10-13 10:09:36,26.87,35500,26.87,U
sz000400,许继电气,2025-10-13 10:09:39,26.87,21000,26.87,D
sz000400,许继电气,2025-10-13 10:09:45,26.88,10900,26.87,U
sz000400,许继电气,2025-10-13 10:09:48,26.88,13900,26.88,D
sz000400,许继电气,2025-10-13 10:09:54,26.89,12900,26.89,D
sz000400,许继电气,2025-10-13 10:10:00,26.88,11300,26.89,D
sz000400,许继电气,2025-10-13 10:10:15,26.88,93800,26.88,D
sz000400,许继电气,2025-10-13 10:10:21,26.88,10600,26.88,U
sz000400,许继电气,2025-10-13 10:10:24,26.86,12200,26.88,D
sz000400,许继电气,2025-10-13 10:10:33,26.9,10400,26.86,U
sz000400,许继电气,2025-10-13 10:10:36,26.88,9900,26.9,D
sz000400,许继电气,2025-10-13 10:10:45,26.88,21900,26.9,D
sz000400,许继电气,2025-10-13 10:10:54,26.88,16000,26.9,D
sz000400,许继电气,2025-10-13 10:10:57,26.91,47700,26.88,U
sz000400,许继电气,2025-10-13 10:11:00,26.91,14500,26.91,U
sz000400,许继电气,2025-10-13 10:11:03,26.89,27800,26.91,D
sz000400,许继电气,2025-10-13 10:11:15,26.91,10500,26.91,U
sz000400,许继电气,2025-10-13 10:11:18,26.9,55300,26.91,D
sz000400,许继电气,2025-10-13 10:11:21,26.91,11300,26.9,E
sz000400,许继电气,2025-10-13 10:11:33,26.9,10000,26.92,D
sz000400,许继电气,2025-10-13 10:11:36,26.92,10500,26.9,U
sz000400,许继电气,2025-10-13 10:11:48,26.93,7800,26.91,U
sz000400,许继电气,2025-10-13 10:11:54,26.92,13000,26.92,D
sz000400,许继电气,2025-10-13 10:12:00,26.92,16700,26.93,D
sz000400,许继电气,2025-10-13 10:12:15,26.93,13000,26.93,D
sz000400,许继电气,2025-10-13 10:12:30,26.95,39800,26.95,U
sz000400,许继电气,2025-10-13 10:12:33,26.94,19200,26.95,E
sz000400,许继电气,2025-10-13 10:12:39,26.91,8300,26.92,D
sz000400,许继电气,2025-10-13 10:12:42,26.94,8700,26.91,U
sz000400,许继电气,2025-10-13 10:12:51,26.93,10300,26.93,U
sz000400,许继电气,2025-10-13 10:12:57,26.9,42200,26.92,D
sz000400,许继电气,2025-10-13 10:13:18,26.93,13200,26.91,U
sz000400,许继电气,2025-10-13 10:13:45,26.94,10800,26.93,U
sz000400,许继电气,2025-10-13 10:13:48,26.94,8300,26.94,U
sz000400,许继电气,2025-10-13 10:13:51,26.96,16100,26.94,U
sz000400,许继电气,2025-10-13 10:13:54,26.92,54000,26.96,D
sz000400,许继电气,2025-10-13 10:14:00,26.94,45400,26.96,D
sz000400,许继电气,2025-10-13 10:14:21,26.91,8200,26.92,D
sz000400,许继电气,2025-10-13 10:14:24,26.91,27100,26.91,D
sz000400,许继电气,2025-10-13 10:14:27,26.92,17000,26.91,U
sz000400,许继电气,2025-10-13 10:14:30,26.93,14200,26.92,U
sz000400,许继电气,2025-10-13 10:14:33,26.91,23200,26.93,D
sz000400,许继电气,2025-10-13 10:14:36,26.94,70450,26.91,U
sz000400,许继电气,2025-10-13 10:14:42,26.94,50500,26.94,D
sz000400,许继电气,2025-10-13 10:14:57,26.93,11000,26.93,U
sz000400,许继电气,2025-10-13 10:15:00,26.93,27400,26.93,U
sz000400,许继电气,2025-10-13 10:15:06,26.93,60500,26.93,U
sz000400,许继电气,2025-10-13 10:15:12,26.92,52600,26.93,D
sz000400,许继电气,2025-10-13 10:15:15,26.96,13900,26.92,U
sz000400,许继电气,2025-10-13 10:15:18,26.93,8800,26.96,D
sz000400,许继电气,2025-10-13 10:15:21,26.92,15200,26.93,D
sz000400,许继电气,2025-10-13 10:15:30,26.96,13000,26.93,U
sz000400,许继电气,2025-10-13 10:15:42,26.96,10500,26.96,U
sz000400,许继电气,2025-10-13 10:15:51,26.97,10200,26.97,U
sz000400,许继电气,2025-10-13 10:15:54,26.97,9100,26.97,U
sz000400,许继电气,2025-10-13 10:15:57,26.97,8700,26.97,D
sz000400,许继电气,2025-10-13 10:16:00,26.98,16400,26.97,U
sz000400,许继电气,2025-10-13 10:16:06,27.01,37300,26.99,U
sz000400,许继电气,2025-10-13 10:16:12,27.03,7600,27.02,U
sz000400,许继电气,2025-10-13 10:16:21,27.06,10200,27.04,U
sz000400,许继电气,2025-10-13 10:16:27,27.05,9300,27.05,U
sz000400,许继电气,2025-10-13 10:16:30,27.06,17700,27.05,U
sz000400,许继电气,2025-10-13 10:16:33,27.06,28200,27.06,U
sz000400,许继电气,2025-10-13 10:16:36,27.05,26400,27.06,D
sz000400,许继电气,2025-10-13 10:16:39,27.05,37400,27.05,D
sz000400,许继电气,2025-10-13 10:16:42,27.06,41300,27.05,U
sz000400,许继电气,2025-10-13 10:16:45,27.05,11100,27.06,E
sz000400,许继电气,2025-10-13 10:16:51,27.02,47000,27.05,D
sz000400,许继电气,2025-10-13 10:16:54,27.05,35500,27.02,U
sz000400,许继电气,2025-10-13 10:16:57,27.05,16600,27.05,D
sz000400,许继电气,2025-10-13 10:17:00,27.05,10300,27.05,U
sz000400,许继电气,2025-10-13 10:17:03,27.04,7900,27.05,D
sz000400,许继电气,2025-10-13 10:17:06,27.04,39900,27.04,D
sz000400,许继电气,2025-10-13 10:17:09,27.01,8600,27.04,D
sz000400,许继电气,2025-10-13 10:17:12,27.02,12500,27.01,E
sz000400,许继电气,2025-10-13 10:17:18,27.01,38700,27.01,D
sz000400,许继电气,2025-10-13 10:17:21,26.99,26300,27.01,D
sz000400,许继电气,2025-10-13 10:17:30,26.97,12800,27.0,D
sz000400,许继电气,2025-10-13 10:17:33,26.96,9000,26.97,D
sz000400,许继电气,2025-10-13 10:17:39,26.95,34900,26.97,D
sz000400,许继电气,2025-10-13 10:18:09,26.95,58000,26.95,D
sz000400,许继电气,2025-10-13 10:18:12,26.97,40100,26.95,U
sz000400,许继电气,2025-10-13 10:19:03,27.04,28300,27.03,U
sz000400,许继电气,2025-10-13 10:19:06,27.05,9100,27.04,U
sz000400,许继电气,2025-10-13 10:19:21,27.07,10500,27.06,U
sz000400,许继电气,2025-10-13 10:19:30,27.08,8900,27.09,D
sz000400,许继电气,2025-10-13 10:19:36,27.09,10500,27.08,U
sz000400,许继电气,2025-10-13 10:19:42,27.1,8800,27.09,U
sz000400,许继电气,2025-10-13 10:19:51,27.12,8700,27.11,U
sz000400,许继电气,2025-10-13 10:19:54,27.12,33000,27.12,U
sz000400,许继电气,2025-10-13 10:20:00,27.13,32400,27.13,E
sz000400,许继电气,2025-10-13 10:20:03,27.14,34200,27.13,U
sz000400,许继电气,2025-10-13 10:20:06,27.11,43800,27.14,D
sz000400,许继电气,2025-10-13 10:20:09,27.13,33700,27.11,U
sz000400,许继电气,2025-10-13 10:20:24,27.13,8200,27.12,E
sz000400,许继电气,2025-10-13 10:20:30,27.12,13700,27.11,E
sz000400,许继电气,2025-10-13 10:20:33,27.11,18400,27.12,D
sz000400,许继电气,2025-10-13 10:20:42,27.12,16000,27.12,D
sz000400,许继电气,2025-10-13 10:20:45,27.13,12200,27.12,U
sz000400,许继电气,2025-10-13 10:20:51,27.12,9500,27.13,D
sz000400,许继电气,2025-10-13 10:20:57,27.11,7800,27.12,D
sz000400,许继电气,2025-10-13 10:21:09,27.11,10600,27.12,E
sz000400,许继电气,2025-10-13 10:21:12,27.12,21000,27.11,U
sz000400,许继电气,2025-10-13 10:21:21,27.11,13900,27.12,D
sz000400,许继电气,2025-10-13 10:21:33,27.1,8900,27.11,D
sz000400,许继电气,2025-10-13 10:21:39,27.1,8200,27.1,U
sz000400,许继电气,2025-10-13 10:21:42,27.09,8500,27.1,D
sz000400,许继电气,2025-10-13 10:21:48,27.06,42000,27.09,D
sz000400,许继电气,2025-10-13 10:21:51,27.06,13200,27.06,D
sz000400,许继电气,2025-10-13 10:22:06,27.05,16200,27.05,D
sz000400,许继电气,2025-10-13 10:22:09,27.05,23900,27.05,D
sz000400,许继电气,2025-10-13 10:22:27,27.05,28800,27.05,D
sz000400,许继电气,2025-10-13 10:22:39,27.04,15300,27.05,D
sz000400,许继电气,2025-10-13 10:22:42,27.03,43300,27.04,D
sz000400,许继电气,2025-10-13 10:22:48,27.03,8800,27.03,U
sz000400,许继电气,2025-10-13 10:22:57,27.02,62200,27.02,D
sz000400,许继电气,2025-10-13 10:23:03,27.02,7800,27.02,U
sz000400,许继电气,2025-10-13 10:23:06,27.02,16600,27.02,U
sz000400,许继电气,2025-10-13 10:23:09,27.02,26700,27.02,D
sz000400,许继电气,2025-10-13 10:23:21,27.02,13500,27.02,D
sz000400,许继电气,2025-10-13 10:23:33,27.01,15900,27.02,D
sz000400,许继电气,2025-10-13 10:23:48,27.0,29500,27.01,D
sz000400,许继电气,2025-10-13 10:23:51,27.01,16400,27.0,U
sz000400,许继电气,2025-10-13 10:23:57,27.0,52900,27.01,D
sz000400,许继电气,2025-10-13 10:24:06,26.98,20800,26.99,D
sz000400,许继电气,2025-10-13 10:24:12,26.97,11400,26.98,D
sz000400,许继电气,2025-10-13 10:24:30,26.97,9100,26.97,U
sz000400,许继电气,2025-10-13 10:24:33,26.98,32500,26.97,U
sz000400,许继电气,2025-10-13 10:24:42,26.98,16300,26.98,U
sz000400,许继电气,2025-10-13 10:24:45,27.0,84900,26.98,U
sz000400,许继电气,2025-10-13 10:24:48,26.97,16500,27.0,D
sz000400,许继电气,2025-10-13 10:24:51,27.01,17700,26.97,U
sz000400,许继电气,2025-10-13 10:24:54,26.96,49400,27.01,D
sz000400,许继电气,2025-10-13 10:25:06,27.0,16700,26.99,U
sz000400,许继电气,2025-10-13 10:25:18,27.0,13100,26.99,U
sz000400,许继电气,2025-10-13 10:25:24,26.98,21800,27.0,D
sz000400,许继电气,2025-10-13 10:25:33,27.01,11400,27.0,U
sz000400,许继电气,2025-10-13 10:25:42,27.0,12800,27.01,D
sz000400,许继电气,2025-10-13 10:25:48,27.0,28900,27.0,U
sz000400,许继电气,2025-10-13 10:25:51,26.99,33200,27.0,E
sz000400,许继电气,2025-10-13 10:25:54,26.96,43198,26.99,D
sz000400,许继电气,2025-10-13 10:26:00,26.97,54000,26.98,D
sz000400,许继电气,2025-10-13 10:26:03,26.99,10000,26.97,U
sz000400,许继电气,2025-10-13 10:26:09,27.0,8400,27.0,U
sz000400,许继电气,2025-10-13 10:26:15,26.98,8700,26.99,D
sz000400,许继电气,2025-10-13 10:26:24,26.98,14000,26.98,D
sz000400,许继电气,2025-10-13 10:26:27,27.01,16860,26.98,U
sz000400,许继电气,2025-10-13 10:26:39,26.99,7700,26.99,U
sz000400,许继电气,2025-10-13 10:27:00,27.0,17700,27.0,U
sz000400,许继电气,2025-10-13 10:27:09,27.01,19000,27.0,U
sz000400,许继电气,2025-10-13 10:27:27,26.99,8700,27.0,D
sz000400,许继电气,2025-10-13 10:27:33,27.0,19500,27.0,D
sz000400,许继电气,2025-10-13 10:27:36,27.01,11200,27.0,U
sz000400,许继电气,2025-10-13 10:27:48,27.05,11200,27.01,U
sz000400,许继电气,2025-10-13 10:27:57,27.04,9600,27.05,D
sz000400,许继电气,2025-10-13 10:28:15,27.05,18700,27.05,U
sz000400,许继电气,2025-10-13 10:28:21,27.05,8200,27.02,U
sz000400,许继电气,2025-10-13 10:28:30,27.05,9900,27.06,E
sz000400,许继电气,2025-10-13 10:28:33,27.06,7600,27.05,U
sz000400,许继电气,2025-10-13 10:29:12,27.1,7500,27.09,U
sz000400,许继电气,2025-10-13 10:29:15,27.09,10000,27.1,D
sz000400,许继电气,2025-10-13 10:29:21,27.1,26100,27.1,U
sz000400,许继电气,2025-10-13 10:29:39,27.11,17500,27.11,D
sz000400,许继电气,2025-10-13 10:29:45,27.12,13500,27.11,U
sz000400,许继电气,2025-10-13 10:29:48,27.1,107556,27.12,D
sz000400,许继电气,2025-10-13 10:29:51,27.12,16100,27.1,U
sz000400,许继电气,2025-10-13 10:29:54,27.11,9100,27.12,E
sz000400,许继电气,2025-10-13 10:29:57,27.12,26800,27.11,U
sz000400,许继电气,2025-10-13 10:30:00,27.1,7800,27.12,D
sz000400,许继电气,2025-10-13 10:30:03,27.11,21000,27.1,U
sz000400,许继电气,2025-10-13 10:30:06,27.13,18400,27.11,U
sz000400,许继电气,2025-10-13 10:30:15,27.12,10100,27.12,D
sz000400,许继电气,2025-10-13 10:30:45,27.12,8300,27.13,D
sz000400,许继电气,2025-10-13 10:30:48,27.12,15800,27.12,D
sz000400,许继电气,2025-10-13 10:30:51,27.12,7400,27.12,D
sz000400,许继电气,2025-10-13 10:30:54,27.12,8000,27.12,D
sz000400,许继电气,2025-10-13 10:31:00,27.13,23887,27.13,U
sz000400,许继电气,2025-10-13 10:31:12,27.13,10600,27.14,D
sz000400,许继电气,2025-10-13 10:31:15,27.14,12200,27.13,U
sz000400,许继电气,2025-10-13 10:31:18,27.13,9700,27.14,D
sz000400,许继电气,2025-10-13 10:31:21,27.14,8600,27.13,U
sz000400,许继电气,2025-10-13 10:31:30,27.14,9800,27.13,U
sz000400,许继电气,2025-10-13 10:31:36,27.14,11700,27.14,U
sz000400,许继电气,2025-10-13 10:31:42,27.14,8300,27.14,U
sz000400,许继电气,2025-10-13 10:31:48,27.14,8200,27.14,D
sz000400,许继电气,2025-10-13 10:32:00,27.13,15400,27.14,D
sz000400,许继电气,2025-10-13 10:32:06,27.14,10700,27.14,U
sz000400,许继电气,2025-10-13 10:32:12,27.13,11200,27.13,D
sz000400,许继电气,2025-10-13 10:32:24,27.13,18600,27.14,D
sz000400,许继电气,2025-10-13 10:32:30,27.13,14200,27.12,U
sz000400,许继电气,2025-10-13 10:32:39,27.11,13500,27.12,D
sz000400,许继电气,2025-10-13 10:32:42,27.12,9200,27.11,E
sz000400,许继电气,2025-10-13 10:32:45,27.12,9800,27.12,U
sz000400,许继电气,2025-10-13 10:32:48,27.1,9200,27.12,D
sz000400,许继电气,2025-10-13 10:32:54,27.13,45800,27.11,U
sz000400,许继电气,2025-10-13 10:32:57,27.13,7700,27.13,U
sz000400,许继电气,2025-10-13 10:33:06,27.13,23300,27.13,U
sz000400,许继电气,2025-10-13 10:33:09,27.13,11400,27.13,D
sz000400,许继电气,2025-10-13 10:33:12,27.14,8500,27.13,U
sz000400,许继电气,2025-10-13 10:33:15,27.15,23000,27.14,U
sz000400,许继电气,2025-10-13 10:33:18,27.14,8000,27.15,D
sz000400,许继电气,2025-10-13 10:33:27,27.15,9200,27.15,U
sz000400,许继电气,2025-10-13 10:33:39,27.15,11200,27.15,U
sz000400,许继电气,2025-10-13 10:33:45,27.16,15600,27.15,U
sz000400,许继电气,2025-10-13 10:33:51,27.16,10625,27.16,D
sz000400,许继电气,2025-10-13 10:34:24,27.19,34500,27.18,U
sz000400,许继电气,2025-10-13 10:35:03,27.27,27700,27.27,U
sz000400,许继电气,2025-10-13 10:35:06,27.27,7500,27.27,U
sz000400,许继电气,2025-10-13 10:35:12,27.3,67500,27.28,U
sz000400,许继电气,2025-10-13 10:35:24,27.32,27700,27.32,U
sz000400,许继电气,2025-10-13 10:35:33,27.34,15200,27.34,U
sz000400,许继电气,2025-10-13 10:35:36,27.35,26700,27.34,U
sz000400,许继电气,2025-10-13 10:35:39,27.36,7900,27.35,U
sz000400,许继电气,2025-10-13 10:35:45,27.36,140600,27.35,U
sz000400,许继电气,2025-10-13 10:35:48,27.37,55600,27.36,U
sz000400,许继电气,2025-10-13 10:35:51,27.38,25535,27.37,U
sz000400,许继电气,2025-10-13 10:35:57,27.41,40000,27.39,U
sz000400,许继电气,2025-10-13 10:36:00,27.4,32300,27.41,D
sz000400,许继电气,2025-10-13 10:36:03,27.43,21000,27.4,U
sz000400,许继电气,2025-10-13 10:36:06,27.44,12600,27.43,U
sz000400,许继电气,2025-10-13 10:36:09,27.43,19900,27.44,D
sz000400,许继电气,2025-10-13 10:36:12,27.43,123100,27.43,D
sz000400,许继电气,2025-10-13 10:36:15,27.41,48900,27.43,D
sz000400,许继电气,2025-10-13 10:36:18,27.4,26200,27.41,D
sz000400,许继电气,2025-10-13 10:36:21,27.39,14600,27.4,D
sz000400,许继电气,2025-10-13 10:36:24,27.39,12600,27.39,D
sz000400,许继电气,2025-10-13 10:36:27,27.37,25300,27.39,D
sz000400,许继电气,2025-10-13 10:36:30,27.37,25000,27.37,E
sz000400,许继电气,2025-10-13 10:36:33,27.37,13300,27.37,U
sz000400,许继电气,2025-10-13 10:36:42,27.33,15900,27.34,D
sz000400,许继电气,2025-10-13 10:36:48,27.33,10400,27.33,D
sz000400,许继电气,2025-10-13 10:36:51,27.34,42600,27.33,U
sz000400,许继电气,2025-10-13 10:36:54,27.34,13500,27.34,D
sz000400,许继电气,2025-10-13 10:36:57,27.34,22800,27.34,U
sz000400,许继电气,2025-10-13 10:37:09,27.31,12700,27.32,D
sz000400,许继电气,2025-10-13 10:37:15,27.3,101700,27.3,D
sz000400,许继电气,2025-10-13 10:37:18,27.3,9800,27.3,U
sz000400,许继电气,2025-10-13 10:37:24,27.27,7400,27.3,D
sz000400,许继电气,2025-10-13 10:37:30,27.26,17300,27.27,D
sz000400,许继电气,2025-10-13 10:37:33,27.27,8200,27.26,U
sz000400,许继电气,2025-10-13 10:37:39,27.28,19900,27.29,E
sz000400,许继电气,2025-10-13 10:37:45,27.27,7400,27.27,U
sz000400,许继电气,2025-10-13 10:37:51,27.29,30100,27.27,U
sz000400,许继电气,2025-10-13 10:37:57,27.31,31100,27.29,U
sz000400,许继电气,2025-10-13 10:38:09,27.31,11900,27.31,D
sz000400,许继电气,2025-10-13 10:38:12,27.32,18300,27.31,U
sz000400,许继电气,2025-10-13 10:38:21,27.32,20700,27.32,D
sz000400,许继电气,2025-10-13 10:38:24,27.32,15100,27.32,D
sz000400,许继电气,2025-10-13 10:38:33,27.31,61300,27.32,D
sz000400,许继电气,2025-10-13 10:38:45,27.32,25400,27.31,U
sz000400,许继电气,2025-10-13 10:38:48,27.28,60100,27.32,D
sz000400,许继电气,2025-10-13 10:38:54,27.32,9900,27.31,U
sz000400,许继电气,2025-10-13 10:39:12,27.29,38100,27.3,D
sz000400,许继电气,2025-10-13 10:39:15,27.28,107500,27.29,D
sz000400,许继电气,2025-10-13 10:39:18,27.26,27300,27.28,D
sz000400,许继电气,2025-10-13 10:39:21,27.28,19900,27.26,U
sz000400,许继电气,2025-10-13 10:39:27,27.28,13500,27.28,D
sz000400,许继电气,2025-10-13 10:39:30,27.28,24100,27.28,D
sz000400,许继电气,2025-10-13 10:40:00,27.28,13000,27.27,U
sz000400,许继电气,2025-10-13 10:40:06,27.28,8700,27.28,D
sz000400,许继电气,2025-10-13 10:40:24,27.27,8700,27.28,D
sz000400,许继电气,2025-10-13 10:40:30,27.28,15200,27.27,U
sz000400,许继电气,2025-10-13 10:40:39,27.27,8600,27.27,D
sz000400,许继电气,2025-10-13 10:40:42,27.27,8100,27.27,U
sz000400,许继电气,2025-10-13 10:40:48,27.28,17500,27.27,U
sz000400,许继电气,2025-10-13 10:41:03,27.27,10400,27.28,D
sz000400,许继电气,2025-10-13 10:41:27,27.3,10100,27.28,U
sz000400,许继电气,2025-10-13 10:41:36,27.3,12200,27.3,U
sz000400,许继电气,2025-10-13 10:41:39,27.3,8100,27.3,U
sz000400,许继电气,2025-10-13 10:41:42,27.29,12500,27.3,D
sz000400,许继电气,2025-10-13 10:41:48,27.28,9100,27.29,D
sz000400,许继电气,2025-10-13 10:41:54,27.3,100200,27.28,U
sz000400,许继电气,2025-10-13 10:42:03,27.3,20700,27.3,U
sz000400,许继电气,2025-10-13 10:42:33,27.32,10400,27.31,U
sz000400,许继电气,2025-10-13 10:42:54,27.34,45900,27.34,U
sz000400,许继电气,2025-10-13 10:42:57,27.33,9700,27.34,D
sz000400,许继电气,2025-10-13 10:43:09,27.34,9100,27.33,U
sz000400,许继电气,2025-10-13 10:43:18,27.35,63400,27.33,U
sz000400,许继电气,2025-10-13 10:43:24,27.38,16700,27.34,U
sz000400,许继电气,2025-10-13 10:43:42,27.4,13500,27.4,U
sz000400,许继电气,2025-10-13 10:43:48,27.4,7400,27.4,U
sz000400,许继电气,2025-10-13 10:43:54,27.42,34100,27.4,U
sz000400,许继电气,2025-10-13 10:43:57,27.43,14500,27.42,U
sz000400,许继电气,2025-10-13 10:44:00,27.43,8900,27.43,U
sz000400,许继电气,2025-10-13 10:44:15,27.44,17000,27.44,U
sz000400,许继电气,2025-10-13 10:44:18,27.44,22900,27.44,D
sz000400,许继电气,2025-10-13 10:44:24,27.45,7300,27.44,U
sz000400,许继电气,2025-10-13 10:44:27,27.47,33200,27.45,U
sz000400,许继电气,2025-10-13 10:44:33,27.48,17500,27.47,U
sz000400,许继电气,2025-10-13 10:44:39,27.48,8400,27.49,D
sz000400,许继电气,2025-10-13 10:44:42,27.49,11200,27.48,U
sz000400,许继电气,2025-10-13 10:44:45,27.45,80600,27.49,D
sz000400,许继电气,2025-10-13 10:44:51,27.48,18000,27.48,U
sz000400,许继电气,2025-10-13 10:44:54,27.47,11600,27.48,U
sz000400,许继电气,2025-10-13 10:44:57,27.45,41300,27.47,D
sz000400,许继电气,2025-10-13 10:45:00,27.45,13400,27.45,D
sz000400,许继电气,2025-10-13 10:45:03,27.46,36100,27.45,E
sz000400,许继电气,2025-10-13 10:45:06,27.49,31500,27.46,U
sz000400,许继电气,2025-10-13 10:45:09,27.47,10900,27.49,D
sz000400,许继电气,2025-10-13 10:45:12,27.49,8800,27.47,U
sz000400,许继电气,2025-10-13 10:45:15,27.48,9900,27.49,D
sz000400,许继电气,2025-10-13 10:45:21,27.48,12800,27.48,U
sz000400,许继电气,2025-10-13 10:45:24,27.48,20400,27.48,D
sz000400,许继电气,2025-10-13 10:45:27,27.49,40500,27.48,U
sz000400,许继电气,2025-10-13 10:45:30,27.48,18400,27.49,E
sz000400,许继电气,2025-10-13 10:45:33,27.49,17500,27.48,U
sz000400,许继电气,2025-10-13 10:45:39,27.49,31200,27.5,D
sz000400,许继电气,2025-10-13 10:45:42,27.5,16800,27.49,U
sz000400,许继电气,2025-10-13 10:45:45,27.49,16000,27.5,D
sz000400,许继电气,2025-10-13 10:45:48,27.5,15100,27.49,U
sz000400,许继电气,2025-10-13 10:45:54,27.49,19500,27.5,D
sz000400,许继电气,2025-10-13 10:45:57,27.5,122800,27.49,U
sz000400,许继电气,2025-10-13 10:46:00,27.5,9900,27.5,U
sz000400,许继电气,2025-10-13 10:46:06,27.52,13700,27.51,U
sz000400,许继电气,2025-10-13 10:46:12,27.53,22100,27.52,U
sz000400,许继电气,2025-10-13 10:46:18,27.54,17600,27.53,U
sz000400,许继电气,2025-10-13 10:46:21,27.56,45600,27.54,U
sz000400,许继电气,2025-10-13 10:46:24,27.62,324600,27.56,U
sz000400,许继电气,2025-10-13 10:46:27,27.66,30400,27.62,U
sz000400,许继电气,2025-10-13 10:46:33,27.67,58800,27.67,U
sz000400,许继电气,2025-10-13 10:46:36,27.69,62000,27.67,U
sz000400,许继电气,2025-10-13 10:46:39,27.71,61100,27.69,U
sz000400,许继电气,2025-10-13 10:46:42,27.72,9000,27.71,U
sz000400,许继电气,2025-10-13 10:46:45,27.77,63400,27.72,U
sz000400,许继电气,2025-10-13 10:46:48,27.77,64500,27.77,U
sz000400,许继电气,2025-10-13 10:46:51,27.77,29900,27.77,U
sz000400,许继电气,2025-10-13 10:46:54,27.71,116900,27.77,D
sz000400,许继电气,2025-10-13 10:46:57,27.73,14500,27.71,E
sz000400,许继电气,2025-10-13 10:47:00,27.73,52100,27.73,U
sz000400,许继电气,2025-10-13 10:47:03,27.75,44800,27.73,U
sz000400,许继电气,2025-10-13 10:47:06,27.74,20800,27.75,E
sz000400,许继电气,2025-10-13 10:47:09,27.73,27800,27.74,E
sz000400,许继电气,2025-10-13 10:47:12,27.71,33900,27.73,D
sz000400,许继电气,2025-10-13 10:47:15,27.71,43100,27.71,U
sz000400,许继电气,2025-10-13 10:47:18,27.67,27200,27.71,D
sz000400,许继电气,2025-10-13 10:47:24,27.7,26300,27.7,U
sz000400,许继电气,2025-10-13 10:47:27,27.67,30700,27.7,D
sz000400,许继电气,2025-10-13 10:47:30,27.63,17700,27.67,D
sz000400,许继电气,2025-10-13 10:47:33,27.68,10300,27.63,U
sz000400,许继电气,2025-10-13 10:47:39,27.67,30800,27.63,U
sz000400,许继电气,2025-10-13 10:47:42,27.67,11200,27.67,U
sz000400,许继电气,2025-10-13 10:47:48,27.66,49000,27.66,D
sz000400,许继电气,2025-10-13 10:47:51,27.66,23000,27.66,D
sz000400,许继电气,2025-10-13 10:47:54,27.66,37300,27.66,D
sz000400,许继电气,2025-10-13 10:47:57,27.66,23500,27.66,U
sz000400,许继电气,2025-10-13 10:48:00,27.57,34200,27.66,D
sz000400,许继电气,2025-10-13 10:48:09,27.55,38100,27.62,D
sz000400,许继电气,2025-10-13 10:48:12,27.61,13100,27.55,U
sz000400,许继电气,2025-10-13 10:48:15,27.58,13500,27.61,D
sz000400,许继电气,2025-10-13 10:48:21,27.59,41600,27.61,E
sz000400,许继电气,2025-10-13 10:48:39,27.56,23200,27.57,D
sz000400,许继电气,2025-10-13 10:48:51,27.57,15700,27.57,D
sz000400,许继电气,2025-10-13 10:49:06,27.58,8400,27.59,D
sz000400,许继电气,2025-10-13 10:49:09,27.59,19300,27.58,U
sz000400,许继电气,2025-10-13 10:49:12,27.6,10200,27.59,U
sz000400,许继电气,2025-10-13 10:49:18,27.59,29400,27.6,D
sz000400,许继电气,2025-10-13 10:49:21,27.59,12200,27.59,D
sz000400,许继电气,2025-10-13 10:49:27,27.59,23500,27.6,D
sz000400,许继电气,2025-10-13 10:49:30,27.59,20300,27.59,U
sz000400,许继电气,2025-10-13 10:49:36,27.58,26800,27.57,U
sz000400,许继电气,2025-10-13 10:49:39,27.58,15500,27.58,U
sz000400,许继电气,2025-10-13 10:49:48,27.57,9400,27.57,U
sz000400,许继电气,2025-10-13 10:50:03,27.56,48800,27.56,D
sz000400,许继电气,2025-10-13 10:50:06,27.53,63600,27.56,D
sz000400,许继电气,2025-10-13 10:50:18,27.52,16200,27.52,D
sz000400,许继电气,2025-10-13 10:50:21,27.5,17300,27.52,D
sz000400,许继电气,2025-10-13 10:50:27,27.51,11700,27.51,U
sz000400,许继电气,2025-10-13 10:50:30,27.5,25300,27.51,D
sz000400,许继电气,2025-10-13 10:50:33,27.5,9700,27.5,D
sz000400,许继电气,2025-10-13 10:50:39,27.5,24000,27.49,U
sz000400,许继电气,2025-10-13 10:50:51,27.48,16600,27.48,D
sz000400,许继电气,2025-10-13 10:50:57,27.5,10700,27.48,U
sz000400,许继电气,2025-10-13 10:51:03,27.46,110100,27.48,D
sz000400,许继电气,2025-10-13 10:51:06,27.47,9600,27.46,U
sz000400,许继电气,2025-10-13 10:52:00,27.4,14700,27.41,D
sz000400,许继电气,2025-10-13 10:52:06,27.41,15100,27.41,D
sz000400,许继电气,2025-10-13 10:52:18,27.41,16100,27.4,U
sz000400,许继电气,2025-10-13 10:52:27,27.41,18000,27.41,D
sz000400,许继电气,2025-10-13 10:52:33,27.41,7500,27.41,U
sz000400,许继电气,2025-10-13 10:52:36,27.4,9200,27.41,D
sz000400,许继电气,2025-10-13 10:52:39,27.41,11800,27.4,U
sz000400,许继电气,2025-10-13 10:52:48,27.41,10600,27.41,D
sz000400,许继电气,2025-10-13 10:53:06,27.45,11000,27.44,U
sz000400,许继电气,2025-10-13 10:53:21,27.48,23500,27.47,U
sz000400,许继电气,2025-10-13 10:53:30,27.5,11000,27.49,U
sz000400,许继电气,2025-10-13 10:53:42,27.51,8500,27.51,U
sz000400,许继电气,2025-10-13 10:53:45,27.51,27300,27.51,U
sz000400,许继电气,2025-10-13 10:53:48,27.49,87200,27.51,D
sz000400,许继电气,2025-10-13 10:53:51,27.5,13300,27.49,U
sz000400,许继电气,2025-10-13 10:54:06,27.48,13100,27.49,D
sz000400,许继电气,2025-10-13 10:54:30,27.51,9200,27.51,U
sz000400,许继电气,2025-10-13 10:54:39,27.51,14900,27.51,U
sz000400,许继电气,2025-10-13 10:54:45,27.51,10800,27.51,D
sz000400,许继电气,2025-10-13 10:54:48,27.51,15900,27.51,D
sz000400,许继电气,2025-10-13 10:54:51,27.51,9900,27.51,U
sz000400,许继电气,2025-10-13 10:54:54,27.51,10200,27.51,U
sz000400,许继电气,2025-10-13 10:54:57,27.5,16700,27.51,D
sz000400,许继电气,2025-10-13 10:55:03,27.47,106000,27.52,D
sz000400,许继电气,2025-10-13 10:55:21,27.44,12500,27.43,U
sz000400,许继电气,2025-10-13 10:55:33,27.39,53400,27.41,D
sz000400,许继电气,2025-10-13 10:55:48,27.38,13300,27.39,D
sz000400,许继电气,2025-10-13 10:55:57,27.39,8100,27.38,U
sz000400,许继电气,2025-10-13 10:56:09,27.37,16000,27.38,D
sz000400,许继电气,2025-10-13 10:56:12,27.38,13700,27.37,U
sz000400,许继电气,2025-10-13 10:56:21,27.4,32600,27.38,U
sz000400,许继电气,2025-10-13 10:57:21,27.4,10800,27.42,D
sz000400,许继电气,2025-10-13 10:58:12,27.38,72600,27.4,D
sz000400,许继电气,2025-10-13 10:58:33,27.37,19100,27.38,D
sz000400,许继电气,2025-10-13 10:58:36,27.36,17500,27.37,D
sz000400,许继电气,2025-10-13 10:58:48,27.34,19300,27.36,D
sz000400,许继电气,2025-10-13 10:58:57,27.34,30000,27.34,D
sz000400,许继电气,2025-10-13 10:59:09,27.34,9900,27.33,U
sz000400,许继电气,2025-10-13 11:00:30,27.35,17300,27.37,D
sz000400,许继电气,2025-10-13 11:00:42,27.35,30600,27.34,U
sz000400,许继电气,2025-10-13 11:00:51,27.33,24800,27.34,D
sz000400,许继电气,2025-10-13 11:01:03,27.32,21800,27.34,D
sz000400,许继电气,2025-10-13 11:01:06,27.31,13200,27.32,D
sz000400,许继电气,2025-10-13 11:01:12,27.32,13300,27.33,E
sz000400,许继电气,2025-10-13 11:01:21,27.33,11000,27.31,U
sz000400,许继电气,2025-10-13 11:01:30,27.3,51200,27.33,D
sz000400,许继电气,2025-10-13 11:01:42,27.31,63000,27.3,E
sz000400,许继电气,2025-10-13 11:01:51,27.28,70400,27.28,D
sz000400,许继电气,2025-10-13 11:01:54,27.28,11600,27.28,U
sz000400,许继电气,2025-10-13 11:02:12,27.28,83600,27.28,D
sz000400,许继电气,2025-10-13 11:03:00,27.25,11500,27.26,D
sz000400,许继电气,2025-10-13 11:03:27,27.24,16200,27.24,D
sz000400,许继电气,2025-10-13 11:03:48,27.2,100200,27.26,D
sz000400,许继电气,2025-10-13 11:04:12,27.2,10200,27.2,D
sz000400,许继电气,2025-10-13 11:04:18,27.27,20100,27.26,U
sz000400,许继电气,2025-10-13 11:04:45,27.25,13200,27.25,U
sz000400,许继电气,2025-10-13 11:04:48,27.26,7500,27.25,U
sz000400,许继电气,2025-10-13 11:04:54,27.26,18600,27.26,U
sz000400,许继电气,2025-10-13 11:05:00,27.27,16600,27.26,U
sz000400,许继电气,2025-10-13 11:05:06,27.27,19800,27.27,D
sz000400,许继电气,2025-10-13 11:05:51,27.34,28600,27.33,U
sz000400,许继电气,2025-10-13 11:06:06,27.35,11650,27.35,U
sz000400,许继电气,2025-10-13 11:06:30,27.32,15700,27.33,D
sz000400,许继电气,2025-10-13 11:06:33,27.32,7600,27.32,D
sz000400,许继电气,2025-10-13 11:07:00,27.29,66300,27.32,D
sz000400,许继电气,2025-10-13 11:07:27,27.22,152800,27.23,D
sz000400,许继电气,2025-10-13 11:07:45,27.2,30700,27.2,D
sz000400,许继电气,2025-10-13 11:07:54,27.19,15300,27.2,D
sz000400,许继电气,2025-10-13 11:08:06,27.18,11400,27.18,D
sz000400,许继电气,2025-10-13 11:08:15,27.19,8600,27.18,U
sz000400,许继电气,2025-10-13 11:08:21,27.18,7600,27.19,D
sz000400,许继电气,2025-10-13 11:08:33,27.2,9200,27.19,U
sz000400,许继电气,2025-10-13 11:09:03,27.21,19800,27.21,U
sz000400,许继电气,2025-10-13 11:09:06,27.2,59300,27.21,D
sz000400,许继电气,2025-10-13 11:09:15,27.2,9600,27.2,D
sz000400,许继电气,2025-10-13 11:09:21,27.19,16200,27.2,D
sz000400,许继电气,2025-10-13 11:09:27,27.18,7500,27.19,D
sz000400,许继电气,2025-10-13 11:10:12,27.24,8500,27.23,U
sz000400,许继电气,2025-10-13 11:11:06,27.23,20000,27.24,D
sz000400,许继电气,2025-10-13 11:11:21,27.24,8800,27.24,D
sz000400,许继电气,2025-10-13 11:11:30,27.23,33500,27.24,D
sz000400,许继电气,2025-10-13 11:11:57,27.21,10200,27.23,D
sz000400,许继电气,2025-10-13 11:12:33,27.25,8800,27.25,D
sz000400,许继电气,2025-10-13 11:12:45,27.25,89300,27.26,D
sz000400,许继电气,2025-10-13 11:13:21,27.27,12800,27.26,U
sz000400,许继电气,2025-10-13 11:13:33,27.25,10500,27.27,D
sz000400,许继电气,2025-10-13 11:13:51,27.28,16300,27.27,U
sz000400,许继电气,2025-10-13 11:14:09,27.29,42500,27.3,E
sz000400,许继电气,2025-10-13 11:14:15,27.28,24300,27.29,E
sz000400,许继电气,2025-10-13 11:14:21,27.26,9000,27.28,D
sz000400,许继电气,2025-10-13 11:14:57,27.24,32100,27.25,D
sz000400,许继电气,2025-10-13 11:16:24,27.27,11500,27.27,D
sz000400,许继电气,2025-10-13 11:16:33,27.3,22300,27.28,U
sz000400,许继电气,2025-10-13 11:16:51,27.3,10950,27.3,U
sz000400,许继电气,2025-10-13 11:18:15,27.29,7900,27.29,U
sz000400,许继电气,2025-10-13 11:18:18,27.29,13200,27.29,U
sz000400,许继电气,2025-10-13 11:18:30,27.28,8100,27.28,U
sz000400,许继电气,2025-10-13 11:18:42,27.28,11200,27.27,U
sz000400,许继电气,2025-10-13 11:18:57,27.32,19300,27.27,U
sz000400,许继电气,2025-10-13 11:20:21,27.29,9100,27.3,D
sz000400,许继电气,2025-10-13 11:20:24,27.3,15300,27.29,U
sz000400,许继电气,2025-10-13 11:20:30,27.29,36100,27.28,D
sz000400,许继电气,2025-10-13 11:20:39,27.29,26500,27.29,U
sz000400,许继电气,2025-10-13 11:20:48,27.25,17400,27.26,D
sz000400,许继电气,2025-10-13 11:20:51,27.24,24800,27.25,D
sz000400,许继电气,2025-10-13 11:21:09,27.23,8100,27.25,D
sz000400,许继电气,2025-10-13 11:21:27,27.24,14300,27.25,D
sz000400,许继电气,2025-10-13 11:21:45,27.23,19600,27.24,D
sz000400,许继电气,2025-10-13 11:21:51,27.23,19200,27.23,U
sz000400,许继电气,2025-10-13 11:22:03,27.23,11000,27.23,D
sz000400,许继电气,2025-10-13 11:22:12,27.23,8300,27.22,U
sz000400,许继电气,2025-10-13 11:22:15,27.22,26000,27.23,D
sz000400,许继电气,2025-10-13 11:22:18,27.21,29400,27.22,D
sz000400,许继电气,2025-10-13 11:22:21,27.19,85700,27.21,D
sz000400,许继电气,2025-10-13 11:22:24,27.18,21900,27.19,D
sz000400,许继电气,2025-10-13 11:22:33,27.18,55100,27.18,D
sz000400,许继电气,2025-10-13 11:22:39,27.17,16700,27.16,E
sz000400,许继电气,2025-10-13 11:22:48,27.16,8100,27.16,U
sz000400,许继电气,2025-10-13 11:22:54,27.15,11500,27.15,D
sz000400,许继电气,2025-10-13 11:22:57,27.15,20200,27.15,D
sz000400,许继电气,2025-10-13 11:23:33,27.15,66300,27.15,D
sz000400,许继电气,2025-10-13 11:23:36,27.15,20800,27.15,D
sz000400,许继电气,2025-10-13 11:23:54,27.14,14000,27.15,D
sz000400,许继电气,2025-10-13 11:24:09,27.16,26800,27.15,U
sz000400,许继电气,2025-10-13 11:24:36,27.13,17100,27.13,D
sz000400,许继电气,2025-10-13 11:24:39,27.12,8000,27.13,D
sz000400,许继电气,2025-10-13 11:24:42,27.12,18475,27.12,D
sz000400,许继电气,2025-10-13 11:24:48,27.11,18600,27.12,D
sz000400,许继电气,2025-10-13 11:24:54,27.11,20000,27.11,D
sz000400,许继电气,2025-10-13 11:25:09,27.13,16200,27.11,U
sz000400,许继电气,2025-10-13 11:25:12,27.12,7900,27.13,D
sz000400,许继电气,2025-10-13 11:25:15,27.14,27325,27.12,U
sz000400,许继电气,2025-10-13 11:25:21,27.14,8800,27.12,U
sz000400,许继电气,2025-10-13 11:25:30,27.15,7900,27.12,U
sz000400,许继电气,2025-10-13 11:26:03,27.15,38000,27.14,U
sz000400,许继电气,2025-10-13 11:26:42,27.16,9300,27.16,D
sz000400,许继电气,2025-10-13 11:27:30,27.17,8800,27.17,U
sz000400,许继电气,2025-10-13 11:27:42,27.17,9800,27.18,D
sz000400,许继电气,2025-10-13 11:28:27,27.19,24200,27.18,U
sz000400,许继电气,2025-10-13 11:29:51,27.2,21300,27.22,D
sz000400,许继电气,2025-10-13 11:29:54,27.21,11800,27.2,E
sz000400,许继电气,2025-10-13 13:00:00,27.19,41900,27.2,D
sz000400,许继电气,2025-10-13 13:00:03,27.19,220000,27.19,U
sz000400,许继电气,2025-10-13 13:00:06,27.16,22200,27.19,D
sz000400,许继电气,2025-10-13 13:00:12,27.13,48800,27.16,D
sz000400,许继电气,2025-10-13 13:00:15,27.11,58500,27.13,D
sz000400,许继电气,2025-10-13 13:00:18,27.1,50400,27.11,D
sz000400,许继电气,2025-10-13 13:00:24,27.1,19500,27.1,D
sz000400,许继电气,2025-10-13 13:00:27,27.09,20400,27.1,D
sz000400,许继电气,2025-10-13 13:00:33,27.07,34300,27.1,D
sz000400,许继电气,2025-10-13 13:00:39,27.07,16800,27.09,D
sz000400,许继电气,2025-10-13 13:00:45,27.06,14375,27.08,D
sz000400,许继电气,2025-10-13 13:01:15,27.03,8000,27.03,U
sz000400,许继电气,2025-10-13 13:01:24,27.04,8500,27.02,U
sz000400,许继电气,2025-10-13 13:01:27,27.01,24500,27.04,D
sz000400,许继电气,2025-10-13 13:01:39,27.01,34100,27.04,D
sz000400,许继电气,2025-10-13 13:01:51,27.02,8100,27.02,U
sz000400,许继电气,2025-10-13 13:02:03,27.03,29925,27.03,U
sz000400,许继电气,2025-10-13 13:02:09,27.03,13375,27.02,U
sz000400,许继电气,2025-10-13 13:02:15,27.02,8075,27.03,D
sz000400,许继电气,2025-10-13 13:02:24,27.02,7725,27.02,U
sz000400,许继电气,2025-10-13 13:02:33,27.03,20400,27.02,U
sz000400,许继电气,2025-10-13 13:02:39,27.02,11575,27.02,D
sz000400,许继电气,2025-10-13 13:03:06,27.02,19625,27.01,U
sz000400,许继电气,2025-10-13 13:03:09,27.02,12900,27.02,D
sz000400,许继电气,2025-10-13 13:03:12,27.02,10675,27.02,D
sz000400,许继电气,2025-10-13 13:03:15,27.02,11100,27.02,U
sz000400,许继电气,2025-10-13 13:03:18,27.02,7500,27.02,U
sz000400,许继电气,2025-10-13 13:03:21,27.03,18500,27.02,U
sz000400,许继电气,2025-10-13 13:03:24,27.01,8601,27.03,D
sz000400,许继电气,2025-10-13 13:03:27,27.02,12525,27.01,E
sz000400,许继电气,2025-10-13 13:03:33,27.02,12100,27.04,D
sz000400,许继电气,2025-10-13 13:03:36,27.01,29100,27.02,D
sz000400,许继电气,2025-10-13 13:03:45,27.03,37200,27.03,U
sz000400,许继电气,2025-10-13 13:03:54,27.03,12900,27.03,D
sz000400,许继电气,2025-10-13 13:04:12,27.05,9100,27.04,U
sz000400,许继电气,2025-10-13 13:04:15,27.05,15300,27.05,U
sz000400,许继电气,2025-10-13 13:04:33,27.05,18600,27.07,D
sz000400,许继电气,2025-10-13 13:04:39,27.07,8700,27.06,U
sz000400,许继电气,2025-10-13 13:04:42,27.07,11400,27.07,U
sz000400,许继电气,2025-10-13 13:05:12,27.09,7700,27.08,U
sz000400,许继电气,2025-10-13 13:05:24,27.1,8700,27.09,U
sz000400,许继电气,2025-10-13 13:05:45,27.11,11600,27.11,D
sz000400,许继电气,2025-10-13 13:05:48,27.12,17600,27.11,U
sz000400,许继电气,2025-10-13 13:05:54,27.1,10400,27.11,D
sz000400,许继电气,2025-10-13 13:06:00,27.1,8200,27.1,U
sz000400,许继电气,2025-10-13 13:06:21,27.11,11600,27.11,U
sz000400,许继电气,2025-10-13 13:06:45,27.12,8100,27.13,D
sz000400,许继电气,2025-10-13 13:06:48,27.15,16800,27.12,U
sz000400,许继电气,2025-10-13 13:06:51,27.15,30100,27.15,D
sz000400,许继电气,2025-10-13 13:07:21,27.13,21400,27.15,D
sz000400,许继电气,2025-10-13 13:07:33,27.14,7500,27.13,U
sz000400,许继电气,2025-10-13 13:07:42,27.15,8600,27.15,U
sz000400,许继电气,2025-10-13 13:07:45,27.16,16700,27.15,U
sz000400,许继电气,2025-10-13 13:08:39,27.12,20400,27.13,D
sz000400,许继电气,2025-10-13 13:08:45,27.12,15400,27.12,U
sz000400,许继电气,2025-10-13 13:08:57,27.11,9100,27.11,D
sz000400,许继电气,2025-10-13 13:09:24,27.12,18200,27.11,U
sz000400,许继电气,2025-10-13 13:10:48,27.17,12600,27.17,U
sz000400,许继电气,2025-10-13 13:11:21,27.18,11900,27.17,U
sz000400,许继电气,2025-10-13 13:11:30,27.16,46200,27.18,D
sz000400,许继电气,2025-10-13 13:11:39,27.15,17600,27.15,D
sz000400,许继电气,2025-10-13 13:11:42,27.15,7500,27.15,D
sz000400,许继电气,2025-10-13 13:12:24,27.15,9800,27.13,U
sz000400,许继电气,2025-10-13 13:12:51,27.14,14200,27.13,U
sz000400,许继电气,2025-10-13 13:13:15,27.14,8200,27.14,D
sz000400,许继电气,2025-10-13 13:13:36,27.14,16000,27.15,D
sz000400,许继电气,2025-10-13 13:13:42,27.13,16600,27.14,D
sz000400,许继电气,2025-10-13 13:14:00,27.12,20200,27.13,D
sz000400,许继电气,2025-10-13 13:14:12,27.12,10000,27.13,D
sz000400,许继电气,2025-10-13 13:14:27,27.12,7500,27.12,D
sz000400,许继电气,2025-10-13 13:15:03,27.12,11000,27.12,D
sz000400,许继电气,2025-10-13 13:15:18,27.13,8500,27.12,U
sz000400,许继电气,2025-10-13 13:15:27,27.13,8900,27.14,D
sz000400,许继电气,2025-10-13 13:15:30,27.13,17900,27.13,D
sz000400,许继电气,2025-10-13 13:15:33,27.13,17200,27.13,U
sz000400,许继电气,2025-10-13 13:16:09,27.16,16400,27.15,U
sz000400,许继电气,2025-10-13 13:16:48,27.18,16000,27.18,U
sz000400,许继电气,2025-10-13 13:17:12,27.17,10700,27.18,D
sz000400,许继电气,2025-10-13 13:17:15,27.15,14400,27.17,D
sz000400,许继电气,2025-10-13 13:18:18,27.15,22800,27.16,D
sz000400,许继电气,2025-10-13 13:18:30,27.18,10100,27.16,U
sz000400,许继电气,2025-10-13 13:18:36,27.19,14300,27.18,U
sz000400,许继电气,2025-10-13 13:18:45,27.2,16900,27.2,U
sz000400,许继电气,2025-10-13 13:19:15,27.28,15000,27.24,U
sz000400,许继电气,2025-10-13 13:19:42,27.26,16400,27.27,E
sz000400,许继电气,2025-10-13 13:19:45,27.25,7400,27.26,D
sz000400,许继电气,2025-10-13 13:20:03,27.24,15000,27.24,E
sz000400,许继电气,2025-10-13 13:20:06,27.22,8200,27.24,D
sz000400,许继电气,2025-10-13 13:20:09,27.22,7400,27.22,D
sz000400,许继电气,2025-10-13 13:20:15,27.24,8300,27.22,U
sz000400,许继电气,2025-10-13 13:20:18,27.23,8000,27.24,E
sz000400,许继电气,2025-10-13 13:20:36,27.22,31500,27.23,D
sz000400,许继电气,2025-10-13 13:21:00,27.21,8400,27.22,D
sz000400,许继电气,2025-10-13 13:21:03,27.2,27000,27.21,D
sz000400,许继电气,2025-10-13 13:21:15,27.2,7500,27.19,U
sz000400,许继电气,2025-10-13 13:21:48,27.18,12400,27.18,U
sz000400,许继电气,2025-10-13 13:22:03,27.2,12500,27.16,U
sz000400,许继电气,2025-10-13 13:22:15,27.2,22100,27.21,D
sz000400,许继电气,2025-10-13 13:22:54,27.19,10400,27.19,U
sz000400,许继电气,2025-10-13 13:23:27,27.19,7700,27.18,U
sz000400,许继电气,2025-10-13 13:24:18,27.2,7800,27.19,U
sz000400,许继电气,2025-10-13 13:24:54,27.19,18100,27.19,U
sz000400,许继电气,2025-10-13 13:25:24,27.18,7600,27.18,U
sz000400,许继电气,2025-10-13 13:25:33,27.15,53400,27.17,D
sz000400,许继电气,2025-10-13 13:25:36,27.17,71300,27.15,U
sz000400,许继电气,2025-10-13 13:25:39,27.14,47800,27.17,E
sz000400,许继电气,2025-10-13 13:26:15,27.1,9900,27.1,D
sz000400,许继电气,2025-10-13 13:26:27,27.1,7500,27.1,D
sz000400,许继电气,2025-10-13 13:26:30,27.13,52200,27.1,U
sz000400,许继电气,2025-10-13 13:26:48,27.13,7700,27.13,D
sz000400,许继电气,2025-10-13 13:27:00,27.13,7900,27.11,U
sz000400,许继电气,2025-10-13 13:27:12,27.13,20100,27.13,D
sz000400,许继电气,2025-10-13 13:27:15,27.13,15700,27.13,D
sz000400,许继电气,2025-10-13 13:28:21,27.16,13800,27.17,D
sz000400,许继电气,2025-10-13 13:28:45,27.16,12700,27.15,U
sz000400,许继电气,2025-10-13 13:28:51,27.16,13300,27.16,U
sz000400,许继电气,2025-10-13 13:28:57,27.15,9400,27.16,D
sz000400,许继电气,2025-10-13 13:29:21,27.17,14300,27.17,U
sz000400,许继电气,2025-10-13 13:29:24,27.16,24700,27.17,D
sz000400,许继电气,2025-10-13 13:29:39,27.16,21000,27.16,D
sz000400,许继电气,2025-10-13 13:29:54,27.18,9400,27.17,U
sz000400,许继电气,2025-10-13 13:30:09,27.2,14300,27.2,U
sz000400,许继电气,2025-10-13 13:30:15,27.2,12100,27.2,D
sz000400,许继电气,2025-10-13 13:30:21,27.21,9000,27.21,U
sz000400,许继电气,2025-10-13 13:30:36,27.21,9800,27.22,D
sz000400,许继电气,2025-10-13 13:30:45,27.2,9500,27.21,D
sz000400,许继电气,2025-10-13 13:30:54,27.2,15100,27.19,U
sz000400,许继电气,2025-10-13 13:31:15,27.2,11200,27.2,U
sz000400,许继电气,2025-10-13 13:31:51,27.21,11700,27.21,U
sz000400,许继电气,2025-10-13 13:31:54,27.21,11500,27.21,D
sz000400,许继电气,2025-10-13 13:31:57,27.21,11600,27.21,U
sz000400,许继电气,2025-10-13 13:32:27,27.21,10100,27.21,D
sz000400,许继电气,2025-10-13 13:33:12,27.23,15700,27.24,D
sz000400,许继电气,2025-10-13 13:33:21,27.23,11000,27.23,U
sz000400,许继电气,2025-10-13 13:33:48,27.23,18400,27.24,D
sz000400,许继电气,2025-10-13 13:34:00,27.23,9000,27.23,D
sz000400,许继电气,2025-10-13 13:34:03,27.25,17500,27.23,U
sz000400,许继电气,2025-10-13 13:34:09,27.24,12100,27.25,D
sz000400,许继电气,2025-10-13 13:34:42,27.23,13700,27.25,D
sz000400,许继电气,2025-10-13 13:34:51,27.25,10300,27.23,U
sz000400,许继电气,2025-10-13 13:35:12,27.22,18000,27.23,D
sz000400,许继电气,2025-10-13 13:35:15,27.21,11700,27.22,D
sz000400,许继电气,2025-10-13 13:36:12,27.22,10100,27.22,D
sz000400,许继电气,2025-10-13 13:36:15,27.22,10500,27.22,D
sz000400,许继电气,2025-10-13 13:36:54,27.22,9100,27.21,U
sz000400,许继电气,2025-10-13 13:37:27,27.21,8200,27.22,D
sz000400,许继电气,2025-10-13 13:37:33,27.22,10000,27.21,U
sz000400,许继电气,2025-10-13 13:38:15,27.22,13200,27.21,U
sz000400,许继电气,2025-10-13 13:38:30,27.2,18500,27.22,D
sz000400,许继电气,2025-10-13 13:38:33,27.22,15100,27.2,U
sz000400,许继电气,2025-10-13 13:38:39,27.22,8500,27.23,D
sz000400,许继电气,2025-10-13 13:38:45,27.23,12400,27.23,U
sz000400,许继电气,2025-10-13 13:38:51,27.24,11600,27.22,U
sz000400,许继电气,2025-10-13 13:39:09,27.26,10500,27.25,U
sz000400,许继电气,2025-10-13 13:39:12,27.25,8900,27.26,D
sz000400,许继电气,2025-10-13 13:39:18,27.25,8500,27.25,D
sz000400,许继电气,2025-10-13 13:39:30,27.28,12100,27.27,U
sz000400,许继电气,2025-10-13 13:39:33,27.29,9600,27.28,U
sz000400,许继电气,2025-10-13 13:39:39,27.3,9300,27.29,U
sz000400,许继电气,2025-10-13 13:39:45,27.31,22100,27.3,U
sz000400,许继电气,2025-10-13 13:40:03,27.34,41500,27.31,U
sz000400,许继电气,2025-10-13 13:40:15,27.35,7850,27.33,U
sz000400,许继电气,2025-10-13 13:40:36,27.38,9700,27.38,U
sz000400,许继电气,2025-10-13 13:40:51,27.38,43300,27.39,D
sz000400,许继电气,2025-10-13 13:40:54,27.39,55400,27.38,U
sz000400,许继电气,2025-10-13 13:41:06,27.42,71600,27.4,U
sz000400,许继电气,2025-10-13 13:41:12,27.4,13200,27.41,D
sz000400,许继电气,2025-10-13 13:41:30,27.41,12700,27.4,U
sz000400,许继电气,2025-10-13 13:41:33,27.43,18600,27.41,U
sz000400,许继电气,2025-10-13 13:41:36,27.43,8500,27.43,D
sz000400,许继电气,2025-10-13 13:41:39,27.45,23300,27.43,U
sz000400,许继电气,2025-10-13 13:41:48,27.44,9700,27.44,U
sz000400,许继电气,2025-10-13 13:41:51,27.43,35100,27.44,U
sz000400,许继电气,2025-10-13 13:42:00,27.39,9800,27.4,D
sz000400,许继电气,2025-10-13 13:42:03,27.41,9400,27.39,E
sz000400,许继电气,2025-10-13 13:42:06,27.41,9700,27.41,D
sz000400,许继电气,2025-10-13 13:42:09,27.44,20900,27.41,U
sz000400,许继电气,2025-10-13 13:42:12,27.43,21200,27.44,D
sz000400,许继电气,2025-10-13 13:42:15,27.43,10700,27.43,D
sz000400,许继电气,2025-10-13 13:42:36,27.4,7500,27.41,D
sz000400,许继电气,2025-10-13 13:42:42,27.42,11000,27.41,U
sz000400,许继电气,2025-10-13 13:42:48,27.41,15200,27.42,D
sz000400,许继电气,2025-10-13 13:42:54,27.4,9200,27.41,D
sz000400,许继电气,2025-10-13 13:43:15,27.39,11300,27.4,D
sz000400,许继电气,2025-10-13 13:43:21,27.39,14500,27.4,D
sz000400,许继电气,2025-10-13 13:43:24,27.39,30900,27.39,D
sz000400,许继电气,2025-10-13 13:43:30,27.38,28600,27.38,D
sz000400,许继电气,2025-10-13 13:43:33,27.36,14200,27.38,D
sz000400,许继电气,2025-10-13 13:43:42,27.38,16600,27.35,U
sz000400,许继电气,2025-10-13 13:43:45,27.38,48300,27.38,D
sz000400,许继电气,2025-10-13 13:44:09,27.32,16100,27.34,D
sz000400,许继电气,2025-10-13 13:44:33,27.37,8600,27.36,U
sz000400,许继电气,2025-10-13 13:45:42,27.35,8900,27.33,U
sz000400,许继电气,2025-10-13 13:46:12,27.32,16000,27.33,D
sz000400,许继电气,2025-10-13 13:46:30,27.3,13700,27.31,D
sz000400,许继电气,2025-10-13 13:46:39,27.31,17400,27.3,U
sz000400,许继电气,2025-10-13 13:47:15,27.3,13500,27.3,D
sz000400,许继电气,2025-10-13 13:47:30,27.3,10100,27.3,U
sz000400,许继电气,2025-10-13 13:47:33,27.3,7800,27.3,D
sz000400,许继电气,2025-10-13 13:48:06,27.28,9500,27.28,D
sz000400,许继电气,2025-10-13 13:48:21,27.28,8000,27.28,D
sz000400,许继电气,2025-10-13 13:49:39,27.28,12600,27.28,D
sz000400,许继电气,2025-10-13 13:50:48,27.28,11700,27.28,D
sz000400,许继电气,2025-10-13 13:51:27,27.29,9500,27.29,U
sz000400,许继电气,2025-10-13 13:51:36,27.3,20500,27.29,U
sz000400,许继电气,2025-10-13 13:51:51,27.33,14700,27.33,U
sz000400,许继电气,2025-10-13 13:52:03,27.34,10200,27.35,D
sz000400,许继电气,2025-10-13 13:52:42,27.38,11300,27.38,U
sz000400,许继电气,2025-10-13 13:52:48,27.39,9700,27.38,U
sz000400,许继电气,2025-10-13 13:53:00,27.4,7400,27.39,U
sz000400,许继电气,2025-10-13 13:53:03,27.4,13600,27.4,U
sz000400,许继电气,2025-10-13 13:53:06,27.41,15000,27.4,U
sz000400,许继电气,2025-10-13 13:53:21,27.42,16900,27.41,U
sz000400,许继电气,2025-10-13 13:53:42,27.43,16700,27.42,U
sz000400,许继电气,2025-10-13 13:53:48,27.45,22300,27.43,U
sz000400,许继电气,2025-10-13 13:53:54,27.45,44900,27.45,U
sz000400,许继电气,2025-10-13 13:54:06,27.5,67000,27.48,U
sz000400,许继电气,2025-10-13 13:54:15,27.49,26500,27.49,D
sz000400,许继电气,2025-10-13 13:54:24,27.53,29100,27.49,U
sz000400,许继电气,2025-10-13 13:54:30,27.51,16200,27.5,D
sz000400,许继电气,2025-10-13 13:54:36,27.53,8600,27.51,U
sz000400,许继电气,2025-10-13 13:54:45,27.53,26400,27.52,U
sz000400,许继电气,2025-10-13 13:54:54,27.54,20400,27.53,E
sz000400,许继电气,2025-10-13 13:54:57,27.54,13200,27.54,U
sz000400,许继电气,2025-10-13 13:55:00,27.54,8300,27.54,U
sz000400,许继电气,2025-10-13 13:55:12,27.53,7900,27.52,E
sz000400,许继电气,2025-10-13 13:55:18,27.54,35100,27.51,U
sz000400,许继电气,2025-10-13 13:55:21,27.53,21200,27.54,D
sz000400,许继电气,2025-10-13 13:55:33,27.51,16000,27.52,D
sz000400,许继电气,2025-10-13 13:55:36,27.51,11600,27.51,D
sz000400,许继电气,2025-10-13 13:55:39,27.51,73700,27.51,D
sz000400,许继电气,2025-10-13 13:55:45,27.5,17600,27.51,D
sz000400,许继电气,2025-10-13 13:55:51,27.5,10800,27.5,D
sz000400,许继电气,2025-10-13 13:56:03,27.48,12100,27.48,D
sz000400,许继电气,2025-10-13 13:56:06,27.48,13300,27.48,D
sz000400,许继电气,2025-10-13 13:56:09,27.48,23300,27.48,D
sz000400,许继电气,2025-10-13 13:56:12,27.48,15000,27.48,D
sz000400,许继电气,2025-10-13 13:56:18,27.48,13200,27.48,D
sz000400,许继电气,2025-10-13 13:56:57,27.43,61700,27.44,D
sz000400,许继电气,2025-10-13 13:57:09,27.43,16300,27.43,D
sz000400,许继电气,2025-10-13 13:57:24,27.42,15000,27.42,U
sz000400,许继电气,2025-10-13 13:57:30,27.42,8400,27.41,U
sz000400,许继电气,2025-10-13 13:57:36,27.42,11500,27.43,D
sz000400,许继电气,2025-10-13 13:57:39,27.44,9300,27.42,U
sz000400,许继电气,2025-10-13 13:57:48,27.43,18400,27.43,D
sz000400,许继电气,2025-10-13 13:57:54,27.43,21700,27.43,D
sz000400,许继电气,2025-10-13 13:57:57,27.45,12300,27.43,U
sz000400,许继电气,2025-10-13 13:59:03,27.47,9600,27.46,U
sz000400,许继电气,2025-10-13 13:59:18,27.47,8300,27.48,D
sz000400,许继电气,2025-10-13 13:59:42,27.49,10900,27.49,U
sz000400,许继电气,2025-10-13 13:59:48,27.49,9600,27.48,U
sz000400,许继电气,2025-10-13 13:59:51,27.49,14800,27.49,U
sz000400,许继电气,2025-10-13 14:00:12,27.48,17900,27.5,D
sz000400,许继电气,2025-10-13 14:00:18,27.49,11000,27.49,D
sz000400,许继电气,2025-10-13 14:00:21,27.49,35300,27.49,D
sz000400,许继电气,2025-10-13 14:00:33,27.49,97603,27.49,D
sz000400,许继电气,2025-10-13 14:00:36,27.5,24700,27.49,U
sz000400,许继电气,2025-10-13 14:00:51,27.53,30000,27.51,U
sz000400,许继电气,2025-10-13 14:01:03,27.52,14000,27.52,D
sz000400,许继电气,2025-10-13 14:01:06,27.53,11900,27.52,U
sz000400,许继电气,2025-10-13 14:01:15,27.51,14500,27.53,D
sz000400,许继电气,2025-10-13 14:01:18,27.53,8000,27.51,U
sz000400,许继电气,2025-10-13 14:01:24,27.51,8900,27.51,D
sz000400,许继电气,2025-10-13 14:01:30,27.5,7400,27.51,D
sz000400,许继电气,2025-10-13 14:01:36,27.51,18800,27.5,U
sz000400,许继电气,2025-10-13 14:01:39,27.51,10000,27.51,D
sz000400,许继电气,2025-10-13 14:01:45,27.51,10900,27.5,U
sz000400,许继电气,2025-10-13 14:01:48,27.5,50000,27.51,D
sz000400,许继电气,2025-10-13 14:01:51,27.51,19000,27.5,U
sz000400,许继电气,2025-10-13 14:01:57,27.49,12100,27.49,D
sz000400,许继电气,2025-10-13 14:02:03,27.48,14900,27.49,D
sz000400,许继电气,2025-10-13 14:02:06,27.48,14700,27.48,D
sz000400,许继电气,2025-10-13 14:02:09,27.48,12400,27.48,U
sz000400,许继电气,2025-10-13 14:02:12,27.48,18100,27.48,U
sz000400,许继电气,2025-10-13 14:02:15,27.48,12800,27.48,U
sz000400,许继电气,2025-10-13 14:02:18,27.45,10900,27.48,D
sz000400,许继电气,2025-10-13 14:02:33,27.46,15400,27.46,D
sz000400,许继电气,2025-10-13 14:02:45,27.46,17000,27.45,U
sz000400,许继电气,2025-10-13 14:03:03,27.44,9900,27.45,D
sz000400,许继电气,2025-10-13 14:03:06,27.44,8600,27.44,D
sz000400,许继电气,2025-10-13 14:04:03,27.43,11500,27.43,D
sz000400,许继电气,2025-10-13 14:04:06,27.43,8800,27.43,D
sz000400,许继电气,2025-10-13 14:04:18,27.46,20200,27.45,U
sz000400,许继电气,2025-10-13 14:05:06,27.46,9600,27.45,U
sz000400,许继电气,2025-10-13 14:05:24,27.46,8500,27.45,U
sz000400,许继电气,2025-10-13 14:05:33,27.45,11700,27.45,D
sz000400,许继电气,2025-10-13 14:06:21,27.47,8900,27.47,U
sz000400,许继电气,2025-10-13 14:06:24,27.47,8700,27.47,D
sz000400,许继电气,2025-10-13 14:06:36,27.48,14500,27.46,U
sz000400,许继电气,2025-10-13 14:06:39,27.49,17100,27.48,U
sz000400,许继电气,2025-10-13 14:06:45,27.45,20400,27.48,D
sz000400,许继电气,2025-10-13 14:06:48,27.44,66300,27.45,D
sz000400,许继电气,2025-10-13 14:06:54,27.43,8500,27.49,D
sz000400,许继电气,2025-10-13 14:07:03,27.43,18100,27.43,D
sz000400,许继电气,2025-10-13 14:07:18,27.43,11600,27.44,D
sz000400,许继电气,2025-10-13 14:07:24,27.43,18500,27.43,D
sz000400,许继电气,2025-10-13 14:07:27,27.42,12600,27.43,D
sz000400,许继电气,2025-10-13 14:07:33,27.4,49500,27.43,D
sz000400,许继电气,2025-10-13 14:07:36,27.39,21500,27.4,D
sz000400,许继电气,2025-10-13 14:07:42,27.38,12500,27.38,D
sz000400,许继电气,2025-10-13 14:07:45,27.39,15200,27.38,U
sz000400,许继电气,2025-10-13 14:07:48,27.38,19400,27.39,D
sz000400,许继电气,2025-10-13 14:07:54,27.35,22900,27.38,D
sz000400,许继电气,2025-10-13 14:08:09,27.34,9900,27.34,U
sz000400,许继电气,2025-10-13 14:08:12,27.35,7600,27.34,U
sz000400,许继电气,2025-10-13 14:08:39,27.37,12600,27.35,U
sz000400,许继电气,2025-10-13 14:08:42,27.38,23100,27.37,U
sz000400,许继电气,2025-10-13 14:08:48,27.38,10600,27.37,U
sz000400,许继电气,2025-10-13 14:08:51,27.38,8200,27.38,U
sz000400,许继电气,2025-10-13 14:08:57,27.37,15200,27.37,D
sz000400,许继电气,2025-10-13 14:09:00,27.38,13800,27.37,U
sz000400,许继电气,2025-10-13 14:09:21,27.38,12200,27.39,D
sz000400,许继电气,2025-10-13 14:09:54,27.41,8900,27.4,U
sz000400,许继电气,2025-10-13 14:10:00,27.4,9000,27.4,D
sz000400,许继电气,2025-10-13 14:10:18,27.41,9800,27.42,D
sz000400,许继电气,2025-10-13 14:10:42,27.42,15200,27.43,D
sz000400,许继电气,2025-10-13 14:10:45,27.43,10800,27.42,U
sz000400,许继电气,2025-10-13 14:10:51,27.44,11700,27.43,U
sz000400,许继电气,2025-10-13 14:11:03,27.45,9500,27.45,U
sz000400,许继电气,2025-10-13 14:11:12,27.45,9200,27.45,D
sz000400,许继电气,2025-10-13 14:11:27,27.45,8800,27.45,D
sz000400,许继电气,2025-10-13 14:11:33,27.5,20500,27.45,U
sz000400,许继电气,2025-10-13 14:11:51,27.5,30300,27.46,U
sz000400,许继电气,2025-10-13 14:12:03,27.5,21700,27.48,U
sz000400,许继电气,2025-10-13 14:12:06,27.5,11700,27.5,D
sz000400,许继电气,2025-10-13 14:12:12,27.5,8000,27.48,U
sz000400,许继电气,2025-10-13 14:12:36,27.5,11400,27.5,U
sz000400,许继电气,2025-10-13 14:13:06,27.5,8400,27.5,U
sz000400,许继电气,2025-10-13 14:13:30,27.51,14500,27.51,U
sz000400,许继电气,2025-10-13 14:13:36,27.5,78300,27.51,D
sz000400,许继电气,2025-10-13 14:13:42,27.52,8400,27.52,D
sz000400,许继电气,2025-10-13 14:13:48,27.52,8200,27.51,U
sz000400,许继电气,2025-10-13 14:13:51,27.51,46100,27.52,D
sz000400,许继电气,2025-10-13 14:14:09,27.5,12200,27.5,D
sz000400,许继电气,2025-10-13 14:14:15,27.5,10100,27.5,U
sz000400,许继电气,2025-10-13 14:14:21,27.5,9600,27.49,U
sz000400,许继电气,2025-10-13 14:14:24,27.48,9400,27.5,D
sz000400,许继电气,2025-10-13 14:14:30,27.47,7900,27.48,D
sz000400,许继电气,2025-10-13 14:14:36,27.47,15300,27.47,D
sz000400,许继电气,2025-10-13 14:14:39,27.47,7700,27.47,D
sz000400,许继电气,2025-10-13 14:14:42,27.47,9700,27.47,D
sz000400,许继电气,2025-10-13 14:14:45,27.46,12600,27.47,D
sz000400,许继电气,2025-10-13 14:15:03,27.46,15100,27.46,D
sz000400,许继电气,2025-10-13 14:15:27,27.46,8000,27.46,U
sz000400,许继电气,2025-10-13 14:16:06,27.43,12200,27.43,D
sz000400,许继电气,2025-10-13 14:16:12,27.43,7800,27.43,D
sz000400,许继电气,2025-10-13 14:16:18,27.41,7700,27.43,D
sz000400,许继电气,2025-10-13 14:16:27,27.41,8100,27.41,U
sz000400,许继电气,2025-10-13 14:16:48,27.4,20900,27.39,U
sz000400,许继电气,2025-10-13 14:18:03,27.41,13000,27.4,U
sz000400,许继电气,2025-10-13 14:19:15,27.43,10000,27.41,U
sz000400,许继电气,2025-10-13 14:19:18,27.43,9400,27.43,U
sz000400,许继电气,2025-10-13 14:19:45,27.43,15800,27.44,D
sz000400,许继电气,2025-10-13 14:19:48,27.38,74900,27.43,D
sz000400,许继电气,2025-10-13 14:21:00,27.48,23100,27.48,U
sz000400,许继电气,2025-10-13 14:21:15,27.49,16000,27.49,U
sz000400,许继电气,2025-10-13 14:21:30,27.5,29700,27.5,U
sz000400,许继电气,2025-10-13 14:21:45,27.51,7500,27.51,D
sz000400,许继电气,2025-10-13 14:22:06,27.5,13900,27.5,D
sz000400,许继电气,2025-10-13 14:22:15,27.51,8200,27.51,D
sz000400,许继电气,2025-10-13 14:22:30,27.52,8300,27.51,U
sz000400,许继电气,2025-10-13 14:22:39,27.51,7500,27.51,D
sz000400,许继电气,2025-10-13 14:22:42,27.51,13200,27.51,D
sz000400,许继电气,2025-10-13 14:22:51,27.51,8600,27.51,U
sz000400,许继电气,2025-10-13 14:23:27,27.52,7600,27.52,D
sz000400,许继电气,2025-10-13 14:23:33,27.52,11600,27.52,U
sz000400,许继电气,2025-10-13 14:23:39,27.51,20600,27.52,D
sz000400,许继电气,2025-10-13 14:24:03,27.52,11200,27.52,U
sz000400,许继电气,2025-10-13 14:24:06,27.51,21200,27.52,D
sz000400,许继电气,2025-10-13 14:24:09,27.51,28700,27.51,D
sz000400,许继电气,2025-10-13 14:24:45,27.52,14900,27.51,U
sz000400,许继电气,2025-10-13 14:24:57,27.51,10900,27.51,D
sz000400,许继电气,2025-10-13 14:26:15,27.49,13700,27.49,U
sz000400,许继电气,2025-10-13 14:26:42,27.49,9300,27.48,U
sz000400,许继电气,2025-10-13 14:27:00,27.49,7900,27.49,D
sz000400,许继电气,2025-10-13 14:27:24,27.5,20300,27.5,U
sz000400,许继电气,2025-10-13 14:28:03,27.5,13200,27.51,D
sz000400,许继电气,2025-10-13 14:28:12,27.47,134700,27.5,D
sz000400,许继电气,2025-10-13 14:28:18,27.47,15800,27.46,U
sz000400,许继电气,2025-10-13 14:28:36,27.47,11200,27.46,U
sz000400,许继电气,2025-10-13 14:28:45,27.46,16000,27.46,D
sz000400,许继电气,2025-10-13 14:28:48,27.45,31800,27.46,D
sz000400,许继电气,2025-10-13 14:28:51,27.45,33400,27.45,D
sz000400,许继电气,2025-10-13 14:28:57,27.44,7800,27.45,D
sz000400,许继电气,2025-10-13 14:29:00,27.47,9700,27.44,U
sz000400,许继电气,2025-10-13 14:29:54,27.46,11100,27.46,U
sz000400,许继电气,2025-10-13 14:30:09,27.46,18500,27.46,U
sz000400,许继电气,2025-10-13 14:30:12,27.46,10600,27.46,U
sz000400,许继电气,2025-10-13 14:30:15,27.48,15900,27.46,U
sz000400,许继电气,2025-10-13 14:30:24,27.48,28200,27.46,E
sz000400,许继电气,2025-10-13 14:30:33,27.47,11900,27.48,D
sz000400,许继电气,2025-10-13 14:30:39,27.48,15800,27.48,D
sz000400,许继电气,2025-10-13 14:30:57,27.5,10100,27.5,D
sz000400,许继电气,2025-10-13 14:31:03,27.51,7500,27.49,U
sz000400,许继电气,2025-10-13 14:31:24,27.51,17900,27.5,U
sz000400,许继电气,2025-10-13 14:31:27,27.51,16100,27.51,U
sz000400,许继电气,2025-10-13 14:31:30,27.55,152000,27.51,U
sz000400,许继电气,2025-10-13 14:31:36,27.52,25700,27.51,D
sz000400,许继电气,2025-10-13 14:31:39,27.52,7500,27.52,D
sz000400,许继电气,2025-10-13 14:31:45,27.57,45450,27.55,U
sz000400,许继电气,2025-10-13 14:31:48,27.58,18000,27.57,U
sz000400,许继电气,2025-10-13 14:31:51,27.58,14100,27.58,U
sz000400,许继电气,2025-10-13 14:31:54,27.6,57000,27.58,U
sz000400,许继电气,2025-10-13 14:31:57,27.6,37600,27.6,U
sz000400,许继电气,2025-10-13 14:32:03,27.62,19200,27.61,U
sz000400,许继电气,2025-10-13 14:32:12,27.61,16800,27.62,D
sz000400,许继电气,2025-10-13 14:32:21,27.61,33600,27.63,D
sz000400,许继电气,2025-10-13 14:32:24,27.6,7600,27.61,D
sz000400,许继电气,2025-10-13 14:32:27,27.59,27300,27.6,D
sz000400,许继电气,2025-10-13 14:32:30,27.59,10400,27.59,U
sz000400,许继电气,2025-10-13 14:32:33,27.58,9700,27.59,D
sz000400,许继电气,2025-10-13 14:33:00,27.57,9500,27.57,D
sz000400,许继电气,2025-10-13 14:33:03,27.57,8300,27.57,E
sz000400,许继电气,2025-10-13 14:33:06,27.58,12200,27.57,U
sz000400,许继电气,2025-10-13 14:33:09,27.57,10700,27.58,D
sz000400,许继电气,2025-10-13 14:33:18,27.6,17500,27.59,U
sz000400,许继电气,2025-10-13 14:33:27,27.58,15900,27.59,D
sz000400,许继电气,2025-10-13 14:33:33,27.61,13400,27.6,U
sz000400,许继电气,2025-10-13 14:33:36,27.62,29200,27.61,U
sz000400,许继电气,2025-10-13 14:33:39,27.64,25400,27.62,U
sz000400,许继电气,2025-10-13 14:33:45,27.64,22000,27.63,U
sz000400,许继电气,2025-10-13 14:33:51,27.64,17500,27.64,D
sz000400,许继电气,2025-10-13 14:33:54,27.65,14000,27.64,U
sz000400,许继电气,2025-10-13 14:33:57,27.66,35300,27.65,U
sz000400,许继电气,2025-10-13 14:34:00,27.65,18500,27.66,D
sz000400,许继电气,2025-10-13 14:34:03,27.65,20800,27.65,D
sz000400,许继电气,2025-10-13 14:34:06,27.64,13600,27.65,D
sz000400,许继电气,2025-10-13 14:34:09,27.64,17600,27.64,D
sz000400,许继电气,2025-10-13 14:34:15,27.63,16500,27.65,D
sz000400,许继电气,2025-10-13 14:34:18,27.64,9900,27.63,U
sz000400,许继电气,2025-10-13 14:34:24,27.65,41000,27.64,U
sz000400,许继电气,2025-10-13 14:34:36,27.65,26300,27.64,U
sz000400,许继电气,2025-10-13 14:34:45,27.64,10100,27.65,D
sz000400,许继电气,2025-10-13 14:34:48,27.65,22800,27.64,U
sz000400,许继电气,2025-10-13 14:34:54,27.64,19400,27.64,D
sz000400,许继电气,2025-10-13 14:34:57,27.65,25100,27.64,U
sz000400,许继电气,2025-10-13 14:35:00,27.65,8900,27.65,D
sz000400,许继电气,2025-10-13 14:35:12,27.66,12500,27.65,U
sz000400,许继电气,2025-10-13 14:35:21,27.66,58700,27.65,U
sz000400,许继电气,2025-10-13 14:35:33,27.66,22100,27.66,D
sz000400,许继电气,2025-10-13 14:35:36,27.66,8700,27.66,D
sz000400,许继电气,2025-10-13 14:35:39,27.67,10600,27.66,U
sz000400,许继电气,2025-10-13 14:35:42,27.65,71100,27.67,D
sz000400,许继电气,2025-10-13 14:35:45,27.63,9300,27.65,D
sz000400,许继电气,2025-10-13 14:35:54,27.64,10000,27.64,U
sz000400,许继电气,2025-10-13 14:35:57,27.65,8900,27.64,U
sz000400,许继电气,2025-10-13 14:36:06,27.64,18300,27.64,D
sz000400,许继电气,2025-10-13 14:36:09,27.64,20500,27.64,D
sz000400,许继电气,2025-10-13 14:36:12,27.64,25200,27.64,D
sz000400,许继电气,2025-10-13 14:36:15,27.65,7900,27.64,E
sz000400,许继电气,2025-10-13 14:36:18,27.64,7700,27.65,D
sz000400,许继电气,2025-10-13 14:36:21,27.64,13300,27.64,D
sz000400,许继电气,2025-10-13 14:36:24,27.63,23400,27.64,D
sz000400,许继电气,2025-10-13 14:36:27,27.63,25600,27.63,D
sz000400,许继电气,2025-10-13 14:36:33,27.62,8200,27.62,U
sz000400,许继电气,2025-10-13 14:36:39,27.62,7600,27.62,D
sz000400,许继电气,2025-10-13 14:36:42,27.62,18800,27.62,D
sz000400,许继电气,2025-10-13 14:36:48,27.62,9300,27.62,E
sz000400,许继电气,2025-10-13 14:36:57,27.61,14100,27.61,U
sz000400,许继电气,2025-10-13 14:37:06,27.61,9900,27.61,D
sz000400,许继电气,2025-10-13 14:37:18,27.62,7800,27.61,U
sz000400,许继电气,2025-10-13 14:37:39,27.62,11000,27.62,D
sz000400,许继电气,2025-10-13 14:37:45,27.63,25000,27.62,U
sz000400,许继电气,2025-10-13 14:37:54,27.64,10200,27.63,U
sz000400,许继电气,2025-10-13 14:37:57,27.64,10200,27.64,U
sz000400,许继电气,2025-10-13 14:38:03,27.64,10100,27.63,U
sz000400,许继电气,2025-10-13 14:38:06,27.64,25700,27.64,D
sz000400,许继电气,2025-10-13 14:38:24,27.65,9700,27.65,D
sz000400,许继电气,2025-10-13 14:38:42,27.66,57700,27.66,U
sz000400,许继电气,2025-10-13 14:38:45,27.66,11400,27.66,D
sz000400,许继电气,2025-10-13 14:38:51,27.66,13700,27.66,U
sz000400,许继电气,2025-10-13 14:39:09,27.65,20400,27.64,U
sz000400,许继电气,2025-10-13 14:39:21,27.64,14000,27.64,D
sz000400,许继电气,2025-10-13 14:39:30,27.64,16900,27.65,D
sz000400,许继电气,2025-10-13 14:39:33,27.65,7900,27.64,U
sz000400,许继电气,2025-10-13 14:39:42,27.65,9600,27.65,D
sz000400,许继电气,2025-10-13 14:39:48,27.65,15500,27.65,D
sz000400,许继电气,2025-10-13 14:40:12,27.64,26000,27.65,D
sz000400,许继电气,2025-10-13 14:40:15,27.64,8300,27.64,D
sz000400,许继电气,2025-10-13 14:40:18,27.65,21400,27.64,U
sz000400,许继电气,2025-10-13 14:40:21,27.65,15100,27.65,U
sz000400,许继电气,2025-10-13 14:40:36,27.64,61700,27.64,D
sz000400,许继电气,2025-10-13 14:40:39,27.63,42600,27.64,D
sz000400,许继电气,2025-10-13 14:40:42,27.62,12200,27.63,D
sz000400,许继电气,2025-10-13 14:40:51,27.64,121000,27.61,U
sz000400,许继电气,2025-10-13 14:40:54,27.64,8600,27.64,D
sz000400,许继电气,2025-10-13 14:41:00,27.64,7700,27.64,D
sz000400,许继电气,2025-10-13 14:41:30,27.62,10800,27.63,D
sz000400,许继电气,2025-10-13 14:41:36,27.63,8200,27.62,U
sz000400,许继电气,2025-10-13 14:41:48,27.61,29800,27.61,D
sz000400,许继电气,2025-10-13 14:41:57,27.6,18000,27.61,D
sz000400,许继电气,2025-10-13 14:42:00,27.6,19500,27.6,D
sz000400,许继电气,2025-10-13 14:42:03,27.6,29100,27.6,D
sz000400,许继电气,2025-10-13 14:42:06,27.6,37000,27.6,D
sz000400,许继电气,2025-10-13 14:42:09,27.6,11400,27.6,U
sz000400,许继电气,2025-10-13 14:42:12,27.59,9000,27.6,D
sz000400,许继电气,2025-10-13 14:42:18,27.59,8300,27.59,D
sz000400,许继电气,2025-10-13 14:42:24,27.58,7500,27.58,D
sz000400,许继电气,2025-10-13 14:42:30,27.58,21400,27.58,D
sz000400,许继电气,2025-10-13 14:42:33,27.58,8200,27.58,U
sz000400,许继电气,2025-10-13 14:42:36,27.56,9700,27.58,D
sz000400,许继电气,2025-10-13 14:42:51,27.53,12800,27.54,D
sz000400,许继电气,2025-10-13 14:42:54,27.53,11500,27.53,D
sz000400,许继电气,2025-10-13 14:43:06,27.54,9000,27.55,D
sz000400,许继电气,2025-10-13 14:43:12,27.55,8000,27.55,U
sz000400,许继电气,2025-10-13 14:43:15,27.55,8900,27.55,U
sz000400,许继电气,2025-10-13 14:43:18,27.55,9200,27.55,D
sz000400,许继电气,2025-10-13 14:43:21,27.55,17100,27.55,D
sz000400,许继电气,2025-10-13 14:43:24,27.55,9900,27.55,U
sz000400,许继电气,2025-10-13 14:43:27,27.54,11400,27.55,D
sz000400,许继电气,2025-10-13 14:43:30,27.57,15400,27.54,U
sz000400,许继电气,2025-10-13 14:43:33,27.55,15000,27.57,D
sz000400,许继电气,2025-10-13 14:43:42,27.57,17400,27.58,U
sz000400,许继电气,2025-10-13 14:43:45,27.57,15300,27.57,U
sz000400,许继电气,2025-10-13 14:43:57,27.56,8800,27.58,D
sz000400,许继电气,2025-10-13 14:44:09,27.57,31000,27.57,D
sz000400,许继电气,2025-10-13 14:44:12,27.58,10300,27.57,U
sz000400,许继电气,2025-10-13 14:44:15,27.59,11900,27.58,U
sz000400,许继电气,2025-10-13 14:44:18,27.59,30800,27.59,U
sz000400,许继电气,2025-10-13 14:44:45,27.61,31300,27.59,U
sz000400,许继电气,2025-10-13 14:44:54,27.59,8200,27.6,D
sz000400,许继电气,2025-10-13 14:45:00,27.61,8200,27.61,U
sz000400,许继电气,2025-10-13 14:45:06,27.61,27900,27.61,U
sz000400,许继电气,2025-10-13 14:45:09,27.6,28300,27.61,D
sz000400,许继电气,2025-10-13 14:45:21,27.62,32600,27.6,U
sz000400,许继电气,2025-10-13 14:45:36,27.62,20700,27.61,U
sz000400,许继电气,2025-10-13 14:46:15,27.61,12700,27.61,D
sz000400,许继电气,2025-10-13 14:46:18,27.6,30800,27.61,D
sz000400,许继电气,2025-10-13 14:46:33,27.61,43200,27.6,U
sz000400,许继电气,2025-10-13 14:46:36,27.6,13300,27.61,D
sz000400,许继电气,2025-10-13 14:46:39,27.59,9900,27.6,D
sz000400,许继电气,2025-10-13 14:47:09,27.59,21000,27.6,D
sz000400,许继电气,2025-10-13 14:47:15,27.6,10700,27.6,U
sz000400,许继电气,2025-10-13 14:47:30,27.61,8100,27.61,U
sz000400,许继电气,2025-10-13 14:47:36,27.6,12400,27.61,D
sz000400,许继电气,2025-10-13 14:47:45,27.61,8300,27.6,U
sz000400,许继电气,2025-10-13 14:47:48,27.6,14600,27.61,D
sz000400,许继电气,2025-10-13 14:47:51,27.6,7600,27.6,D
sz000400,许继电气,2025-10-13 14:47:54,27.61,8000,27.6,U
sz000400,许继电气,2025-10-13 14:48:06,27.6,9400,27.6,D
sz000400,许继电气,2025-10-13 14:48:15,27.61,19400,27.61,U
sz000400,许继电气,2025-10-13 14:48:27,27.6,28700,27.61,D
sz000400,许继电气,2025-10-13 14:48:33,27.6,16400,27.6,D
sz000400,许继电气,2025-10-13 14:48:36,27.61,25800,27.6,U
sz000400,许继电气,2025-10-13 14:48:42,27.6,22000,27.6,D
sz000400,许继电气,2025-10-13 14:48:45,27.6,84500,27.6,D
sz000400,许继电气,2025-10-13 14:48:51,27.6,20400,27.6,D
sz000400,许继电气,2025-10-13 14:48:54,27.59,14700,27.6,D
sz000400,许继电气,2025-10-13 14:49:00,27.59,10100,27.6,D
sz000400,许继电气,2025-10-13 14:49:12,27.59,36300,27.6,D
sz000400,许继电气,2025-10-13 14:49:15,27.59,12400,27.59,D
sz000400,许继电气,2025-10-13 14:49:18,27.6,12400,27.59,U
sz000400,许继电气,2025-10-13 14:49:21,27.6,18700,27.6,U
sz000400,许继电气,2025-10-13 14:49:36,27.6,7600,27.59,U
sz000400,许继电气,2025-10-13 14:49:42,27.59,8100,27.59,D
sz000400,许继电气,2025-10-13 14:49:45,27.6,8900,27.59,U
sz000400,许继电气,2025-10-13 14:49:51,27.6,42500,27.6,U
sz000400,许继电气,2025-10-13 14:49:54,27.6,13800,27.6,U
sz000400,许继电气,2025-10-13 14:50:24,27.61,12100,27.61,U
sz000400,许继电气,2025-10-13 14:50:30,27.61,8600,27.6,U
sz000400,许继电气,2025-10-13 14:50:33,27.61,58400,27.61,U
sz000400,许继电气,2025-10-13 14:50:42,27.61,19900,27.6,U
sz000400,许继电气,2025-10-13 14:50:57,27.61,25200,27.61,U
sz000400,许继电气,2025-10-13 14:51:00,27.61,14500,27.61,U
sz000400,许继电气,2025-10-13 14:51:03,27.61,25000,27.61,U
sz000400,许继电气,2025-10-13 14:51:06,27.6,9000,27.61,D
sz000400,许继电气,2025-10-13 14:51:09,27.6,20700,27.6,D
sz000400,许继电气,2025-10-13 14:51:18,27.6,15200,27.61,D
sz000400,许继电气,2025-10-13 14:51:21,27.61,25800,27.6,U
sz000400,许继电气,2025-10-13 14:51:33,27.6,9100,27.61,D
sz000400,许继电气,2025-10-13 14:51:36,27.61,7600,27.6,U
sz000400,许继电气,2025-10-13 14:51:45,27.61,85100,27.61,U
sz000400,许继电气,2025-10-13 14:51:48,27.61,19400,27.61,U
sz000400,许继电气,2025-10-13 14:51:51,27.6,20200,27.61,D
sz000400,许继电气,2025-10-13 14:51:54,27.6,7500,27.6,D
sz000400,许继电气,2025-10-13 14:51:57,27.6,185500,27.6,D
sz000400,许继电气,2025-10-13 14:52:00,27.6,8200,27.6,U
sz000400,许继电气,2025-10-13 14:52:06,27.59,10300,27.59,D
sz000400,许继电气,2025-10-13 14:52:09,27.59,55700,27.59,D
sz000400,许继电气,2025-10-13 14:52:18,27.58,8700,27.58,D
sz000400,许继电气,2025-10-13 14:52:21,27.59,12000,27.58,U
sz000400,许继电气,2025-10-13 14:52:24,27.59,8600,27.59,U
sz000400,许继电气,2025-10-13 14:52:27,27.58,18200,27.59,D
sz000400,许继电气,2025-10-13 14:52:30,27.59,16100,27.58,U
sz000400,许继电气,2025-10-13 14:52:33,27.59,13800,27.59,U
sz000400,许继电气,2025-10-13 14:52:36,27.59,10300,27.59,U
sz000400,许继电气,2025-10-13 14:52:42,27.59,13300,27.58,U
sz000400,许继电气,2025-10-13 14:52:45,27.58,14800,27.59,D
sz000400,许继电气,2025-10-13 14:52:48,27.58,57400,27.58,D
sz000400,许继电气,2025-10-13 14:52:51,27.57,23700,27.58,D
sz000400,许继电气,2025-10-13 14:53:00,27.58,22100,27.57,U
sz000400,许继电气,2025-10-13 14:53:06,27.59,17600,27.58,U
sz000400,许继电气,2025-10-13 14:53:09,27.59,11200,27.59,U
sz000400,许继电气,2025-10-13 14:53:12,27.59,12900,27.59,U
sz000400,许继电气,2025-10-13 14:53:15,27.59,40100,27.59,U
sz000400,许继电气,2025-10-13 14:53:18,27.6,101700,27.59,U
sz000400,许继电气,2025-10-13 14:53:21,27.6,16400,27.6,D
sz000400,许继电气,2025-10-13 14:53:24,27.61,11000,27.6,U
sz000400,许继电气,2025-10-13 14:53:30,27.6,37300,27.61,D
sz000400,许继电气,2025-10-13 14:53:33,27.6,16900,27.6,D
sz000400,许继电气,2025-10-13 14:53:36,27.61,41300,27.6,U
sz000400,许继电气,2025-10-13 14:53:39,27.61,7900,27.61,U
sz000400,许继电气,2025-10-13 14:53:42,27.61,41700,27.61,D
sz000400,许继电气,2025-10-13 14:53:51,27.62,10800,27.61,U
sz000400,许继电气,2025-10-13 14:53:54,27.62,29886,27.62,U
sz000400,许继电气,2025-10-13 14:53:57,27.62,19100,27.62,D
sz000400,许继电气,2025-10-13 14:54:00,27.62,10714,27.62,D
sz000400,许继电气,2025-10-13 14:54:03,27.62,20286,27.62,U
sz000400,许继电气,2025-10-13 14:54:06,27.62,24700,27.62,D
sz000400,许继电气,2025-10-13 14:54:09,27.62,57200,27.62,D
sz000400,许继电气,2025-10-13 14:54:12,27.63,27700,27.62,U
sz000400,许继电气,2025-10-13 14:54:15,27.63,22500,27.63,U
sz000400,许继电气,2025-10-13 14:54:18,27.62,21300,27.63,D
sz000400,许继电气,2025-10-13 14:54:21,27.62,17500,27.62,D
sz000400,许继电气,2025-10-13 14:54:33,27.64,32900,27.63,U
sz000400,许继电气,2025-10-13 14:54:36,27.65,31000,27.64,U
sz000400,许继电气,2025-10-13 14:54:39,27.64,13400,27.65,D
sz000400,许继电气,2025-10-13 14:54:42,27.65,27100,27.64,U
sz000400,许继电气,2025-10-13 14:54:45,27.65,15000,27.65,U
sz000400,许继电气,2025-10-13 14:54:51,27.66,9700,27.65,U
sz000400,许继电气,2025-10-13 14:54:54,27.65,12000,27.66,D
sz000400,许继电气,2025-10-13 14:55:03,27.65,12200,27.66,D
sz000400,许继电气,2025-10-13 14:55:06,27.66,12100,27.65,U
sz000400,许继电气,2025-10-13 14:55:09,27.65,15600,27.66,D
sz000400,许继电气,2025-10-13 14:55:15,27.66,12800,27.66,U
sz000400,许继电气,2025-10-13 14:55:18,27.66,42600,27.66,U
sz000400,许继电气,2025-10-13 14:55:21,27.67,36100,27.66,U
sz000400,许继电气,2025-10-13 14:55:24,27.66,11200,27.67,U
sz000400,许继电气,2025-10-13 14:55:33,27.67,17100,27.66,U
sz000400,许继电气,2025-10-13 14:55:39,27.67,8300,27.66,U
sz000400,许继电气,2025-10-13 14:55:42,27.67,26100,27.67,U
sz000400,许继电气,2025-10-13 14:55:48,27.66,53900,27.66,D
sz000400,许继电气,2025-10-13 14:55:51,27.66,27500,27.66,D
sz000400,许继电气,2025-10-13 14:55:54,27.66,12500,27.66,U
sz000400,许继电气,2025-10-13 14:55:57,27.66,15900,27.66,D
sz000400,许继电气,2025-10-13 14:56:00,27.66,11400,27.66,U
sz000400,许继电气,2025-10-13 14:56:03,27.66,24200,27.66,U
sz000400,许继电气,2025-10-13 14:56:06,27.66,30100,27.66,U
sz000400,许继电气,2025-10-13 14:56:09,27.66,10800,27.66,U
sz000400,许继电气,2025-10-13 14:56:12,27.66,15300,27.66,U
sz000400,许继电气,2025-10-13 14:56:15,27.66,20300,27.66,U
sz000400,许继电气,2025-10-13 14:56:18,27.66,10800,27.66,U
sz000400,许继电气,2025-10-13 14:56:21,27.66,31800,27.66,U
sz000400,许继电气,2025-10-13 14:56:24,27.66,14000,27.66,D
sz000400,许继电气,2025-10-13 14:56:27,27.67,80073,27.66,U
sz000400,许继电气,2025-10-13 14:56:30,27.67,10100,27.67,D
sz000400,许继电气,2025-10-13 14:56:33,27.67,56800,27.67,D
sz000400,许继电气,2025-10-13 14:56:36,27.68,29300,27.67,U
sz000400,许继电气,2025-10-13 14:56:39,27.68,9900,27.68,D
sz000400,许继电气,2025-10-13 14:56:42,27.69,12200,27.68,U
sz000400,许继电气,2025-10-13 14:56:45,27.69,25800,27.69,U
sz000400,许继电气,2025-10-13 14:56:48,27.7,17300,27.69,U
sz000400,许继电气,2025-10-13 14:56:51,27.7,24600,27.7,U
sz000400,许继电气,2025-10-13 14:56:54,27.7,41800,27.7,U
sz000400,许继电气,2025-10-13 14:56:57,27.72,28200,27.7,U
sz000400,许继电气,2025-10-13 14:57:00,27.71,27200,27.72,U
sz000400,许继电气,2025-10-13 15:00:00,27.73,610600,27.71,E
