symbol,name,ticktime,price,volume,prev_price,kind
sz000400,许继电气,2025-10-20 09:25:00,25.46,638200,0.0,U
sz000400,许继电气,2025-10-20 09:30:00,25.34,202800,25.46,D
sz000400,许继电气,2025-10-20 09:30:03,25.38,503500,25.34,U
sz000400,许继电气,2025-10-20 09:30:06,25.35,197200,25.38,D
sz000400,许继电气,2025-10-20 09:30:09,25.26,77000,25.35,D
sz000400,许继电气,2025-10-20 09:30:12,25.26,87000,25.26,D
sz000400,许继电气,2025-10-20 09:30:15,25.26,54900,25.26,D
sz000400,许继电气,2025-10-20 09:30:18,25.21,62700,25.26,D
sz000400,许继电气,2025-10-20 09:30:21,25.2,86100,25.21,D
sz000400,许继电气,2025-10-20 09:30:24,25.21,84100,25.2,D
sz000400,许继电气,2025-10-20 09:30:27,25.22,120700,25.21,E
sz000400,许继电气,2025-10-20 09:30:30,25.25,57100,25.22,U
sz000400,许继电气,2025-10-20 09:30:33,25.26,46600,25.25,U
sz000400,许继电气,2025-10-20 09:30:36,25.31,26900,25.26,U
sz000400,许继电气,2025-10-20 09:30:39,25.31,309600,25.31,D
sz000400,许继电气,2025-10-20 09:30:42,25.23,132300,25.31,D
sz000400,许继电气,2025-10-20 09:30:45,25.16,211800,25.23,D
sz000400,许继电气,2025-10-20 09:30:48,25.14,37700,25.16,D
sz000400,许继电气,2025-10-20 09:30:51,25.11,30900,25.14,D
sz000400,许继电气,2025-10-20 09:30:54,25.1,42000,25.11,D
sz000400,许继电气,2025-10-20 09:30:57,25.1,43700,25.1,D
sz000400,许继电气,2025-10-20 09:31:00,25.1,68500,25.1,D
sz000400,许继电气,2025-10-20 09:31:03,25.1,56800,25.1,D
sz000400,许继电气,2025-10-20 09:31:06,25.15,259100,25.1,U
sz000400,许继电气,2025-10-20 09:31:09,25.16,38600,25.15,E
sz000400,许继电气,2025-10-20 09:31:12,25.14,249600,25.16,D
sz000400,许继电气,2025-10-20 09:31:15,25.19,13300,25.14,U
sz000400,许继电气,2025-10-20 09:31:18,25.1,11400,25.19,D
sz000400,许继电气,2025-10-20 09:31:21,25.0,82400,25.1,D
sz000400,许继电气,2025-10-20 09:31:24,25.05,47900,25.0,U
sz000400,许继电气,2025-10-20 09:31:27,24.93,64200,25.05,D
sz000400,许继电气,2025-10-20 09:31:30,25.04,20200,24.93,E
sz000400,许继电气,2025-10-20 09:31:33,25.0,15100,25.04,D
sz000400,许继电气,2025-10-20 09:31:36,25.0,30500,25.0,E
sz000400,许继电气,2025-10-20 09:31:39,24.99,32800,25.0,E
sz000400,许继电气,2025-10-20 09:31:42,25.05,231700,24.99,U
sz000400,许继电气,2025-10-20 09:31:45,25.0,72150,25.05,D
sz000400,许继电气,2025-10-20 09:31:48,25.02,46700,25.0,D
sz000400,许继电气,2025-10-20 09:31:51,25.02,73400,25.02,D
sz000400,许继电气,2025-10-20 09:31:54,25.05,24900,25.02,E
sz000400,许继电气,2025-10-20 09:31:57,25.02,16900,25.05,D
sz000400,许继电气,2025-10-20 09:32:00,25.1,24200,25.02,U
sz000400,许继电气,2025-10-20 09:32:03,25.08,17400,25.1,D
sz000400,许继电气,2025-10-20 09:32:09,25.11,27200,25.1,U
sz000400,许继电气,2025-10-20 09:32:12,25.1,10200,25.11,D
sz000400,许继电气,2025-10-20 09:32:15,25.09,17900,25.1,D
sz000400,许继电气,2025-10-20 09:32:18,25.11,40600,25.09,U
sz000400,许继电气,2025-10-20 09:32:24,25.1,61900,25.12,D
sz000400,许继电气,2025-10-20 09:32:27,25.11,96200,25.1,U
sz000400,许继电气,2025-10-20 09:32:30,25.1,22200,25.11,E
sz000400,许继电气,2025-10-20 09:32:33,25.08,85100,25.1,D
sz000400,许继电气,2025-10-20 09:32:36,25.12,128400,25.08,U
sz000400,许继电气,2025-10-20 09:32:42,25.11,29300,25.11,D
sz000400,许继电气,2025-10-20 09:32:45,25.11,60000,25.11,U
sz000400,许继电气,2025-10-20 09:32:48,25.18,65700,25.11,U
sz000400,许继电气,2025-10-20 09:32:51,25.18,49700,25.18,D
sz000400,许继电气,2025-10-20 09:33:03,25.13,15600,25.13,D
sz000400,许继电气,2025-10-20 09:33:06,25.12,36600,25.13,D
sz000400,许继电气,2025-10-20 09:33:09,25.12,44500,25.12,D
sz000400,许继电气,2025-10-20 09:33:12,25.12,31600,25.12,D
sz000400,许继电气,2025-10-20 09:33:18,25.14,43400,25.12,U
sz000400,许继电气,2025-10-20 09:33:21,25.12,34800,25.14,D
sz000400,许继电气,2025-10-20 09:33:24,25.11,24200,25.12,D
sz000400,许继电气,2025-10-20 09:33:27,25.11,12000,25.11,D
sz000400,许继电气,2025-10-20 09:33:30,25.12,38700,25.11,U
sz000400,许继电气,2025-10-20 09:33:33,25.09,8500,25.12,D
sz000400,许继电气,2025-10-20 09:33:36,25.11,33100,25.09,U
sz000400,许继电气,2025-10-20 09:33:39,25.1,14900,25.11,D
sz000400,许继电气,2025-10-20 09:33:42,25.1,21800,25.1,U
sz000400,许继电气,2025-10-20 09:33:45,25.1,136500,25.1,U
sz000400,许继电气,2025-10-20 09:33:48,25.09,115700,25.1,D
sz000400,许继电气,2025-10-20 09:33:51,25.1,29300,25.09,D
sz000400,许继电气,2025-10-20 09:33:54,25.1,14100,25.1,E
sz000400,许继电气,2025-10-20 09:33:57,25.09,55700,25.1,D
sz000400,许继电气,2025-10-20 09:34:00,25.1,17900,25.09,U
sz000400,许继电气,2025-10-20 09:34:03,25.1,21000,25.1,U
sz000400,许继电气,2025-10-20 09:34:06,25.1,47000,25.1,U
sz000400,许继电气,2025-10-20 09:34:09,25.11,166400,25.1,U
sz000400,许继电气,2025-10-20 09:34:18,25.13,25500,25.12,U
sz000400,许继电气,2025-10-20 09:34:21,25.14,29400,25.13,U
sz000400,许继电气,2025-10-20 09:34:24,25.13,18000,25.14,D
sz000400,许继电气,2025-10-20 09:34:27,25.14,28800,25.13,D
sz000400,许继电气,2025-10-20 09:34:33,25.15,9900,25.14,U
sz000400,许继电气,2025-10-20 09:34:36,25.15,23800,25.15,U
sz000400,许继电气,2025-10-20 09:34:39,25.16,15600,25.15,U
sz000400,许继电气,2025-10-20 09:34:42,25.16,12900,25.16,U
sz000400,许继电气,2025-10-20 09:34:45,25.16,11700,25.16,U
sz000400,许继电气,2025-10-20 09:34:48,25.16,11200,25.16,U
sz000400,许继电气,2025-10-20 09:34:51,25.16,12100,25.16,U
sz000400,许继电气,2025-10-20 09:34:54,25.15,44900,25.16,D
sz000400,许继电气,2025-10-20 09:34:57,25.16,11400,25.15,U
sz000400,许继电气,2025-10-20 09:35:00,25.15,19000,25.16,D
sz000400,许继电气,2025-10-20 09:35:06,25.14,12100,25.15,D
sz000400,许继电气,2025-10-20 09:35:12,25.15,41700,25.15,U
sz000400,许继电气,2025-10-20 09:35:15,25.14,22900,25.15,E
sz000400,许继电气,2025-10-20 09:35:24,25.11,13700,25.13,D
sz000400,许继电气,2025-10-20 09:35:27,25.12,11000,25.11,U
sz000400,许继电气,2025-10-20 09:35:30,25.11,10400,25.12,D
sz000400,许继电气,2025-10-20 09:35:33,25.12,54600,25.11,U
sz000400,许继电气,2025-10-20 09:35:36,25.12,39400,25.12,D
sz000400,许继电气,2025-10-20 09:35:39,25.13,29200,25.12,U
sz000400,许继电气,2025-10-20 09:35:42,25.17,72900,25.13,U
sz000400,许继电气,2025-10-20 09:35:45,25.22,87200,25.17,U
sz000400,许继电气,2025-10-20 09:35:48,25.17,16700,25.22,D
sz000400,许继电气,2025-10-20 09:35:54,25.24,9000,25.22,U
sz000400,许继电气,2025-10-20 09:35:57,25.24,53500,25.24,U
sz000400,许继电气,2025-10-20 09:36:00,25.27,10700,25.24,U
sz000400,许继电气,2025-10-20 09:36:06,25.27,35800,25.27,D
sz000400,许继电气,2025-10-20 09:36:09,25.27,52900,25.27,U
sz000400,许继电气,2025-10-20 09:36:12,25.28,51200,25.27,U
sz000400,许继电气,2025-10-20 09:36:15,25.28,24600,25.28,D
sz000400,许继电气,2025-10-20 09:36:18,25.28,16300,25.28,D
sz000400,许继电气,2025-10-20 09:36:21,25.28,15400,25.28,U
sz000400,许继电气,2025-10-20 09:36:24,25.27,17300,25.28,D
sz000400,许继电气,2025-10-20 09:36:27,25.27,18900,25.27,D
sz000400,许继电气,2025-10-20 09:36:30,25.27,54600,25.27,D
sz000400,许继电气,2025-10-20 09:36:36,25.24,32220,25.27,D
sz000400,许继电气,2025-10-20 09:36:45,25.24,12000,25.25,D
sz000400,许继电气,2025-10-20 09:36:48,25.24,11500,25.24,D
sz000400,许继电气,2025-10-20 09:36:51,25.24,20300,25.24,U
sz000400,许继电气,2025-10-20 09:36:54,25.22,12600,25.24,D
sz000400,许继电气,2025-10-20 09:36:57,25.18,66100,25.22,D
sz000400,许继电气,2025-10-20 09:37:00,25.29,175700,25.18,U
sz000400,许继电气,2025-10-20 09:37:03,25.3,36100,25.29,U
sz000400,许继电气,2025-10-20 09:37:06,25.3,81200,25.3,D
sz000400,许继电气,2025-10-20 09:37:09,25.3,20300,25.3,U
sz000400,许继电气,2025-10-20 09:37:12,25.32,29986,25.3,U
sz000400,许继电气,2025-10-20 09:37:15,25.34,9400,25.32,U
sz000400,许继电气,2025-10-20 09:37:18,25.36,48300,25.34,U
sz000400,许继电气,2025-10-20 09:37:21,25.36,26400,25.36,U
sz000400,许继电气,2025-10-20 09:37:24,25.38,11400,25.36,U
sz000400,许继电气,2025-10-20 09:37:27,25.38,130900,25.38,U
sz000400,许继电气,2025-10-20 09:37:30,25.38,34000,25.38,D
sz000400,许继电气,2025-10-20 09:37:33,25.4,60100,25.38,U
sz000400,许继电气,2025-10-20 09:37:36,25.39,11300,25.4,U
sz000400,许继电气,2025-10-20 09:37:39,25.4,9200,25.39,U
sz000400,许继电气,2025-10-20 09:37:42,25.4,29000,25.4,U
sz000400,许继电气,2025-10-20 09:37:45,25.39,19700,25.4,D
sz000400,许继电气,2025-10-20 09:37:48,25.38,13800,25.39,D
sz000400,许继电气,2025-10-20 09:37:51,25.39,50800,25.38,U
sz000400,许继电气,2025-10-20 09:37:54,25.39,57000,25.39,U
sz000400,许继电气,2025-10-20 09:37:57,25.39,26200,25.39,U
sz000400,许继电气,2025-10-20 09:38:00,25.38,14700,25.39,U
sz000400,许继电气,2025-10-20 09:38:03,25.38,9900,25.38,U
sz000400,许继电气,2025-10-20 09:38:06,25.38,16700,25.38,U
sz000400,许继电气,2025-10-20 09:38:09,25.36,16200,25.38,E
sz000400,许继电气,2025-10-20 09:38:15,25.36,22100,25.36,U
sz000400,许继电气,2025-10-20 09:38:18,25.34,19700,25.36,D
sz000400,许继电气,2025-10-20 09:38:21,25.32,14100,25.34,D
sz000400,许继电气,2025-10-20 09:38:24,25.32,39100,25.32,D
sz000400,许继电气,2025-10-20 09:38:27,25.31,9100,25.32,D
sz000400,许继电气,2025-10-20 09:38:30,25.3,23100,25.31,D
sz000400,许继电气,2025-10-20 09:38:39,25.31,77400,25.27,U
sz000400,许继电气,2025-10-20 09:38:42,25.31,10600,25.31,D
sz000400,许继电气,2025-10-20 09:38:45,25.31,9900,25.31,D
sz000400,许继电气,2025-10-20 09:38:48,25.31,24600,25.31,D
sz000400,许继电气,2025-10-20 09:38:54,25.3,38200,25.29,U
sz000400,许继电气,2025-10-20 09:38:57,25.3,27500,25.3,D
sz000400,许继电气,2025-10-20 09:39:00,25.3,64200,25.3,D
sz000400,许继电气,2025-10-20 09:39:03,25.3,18400,25.3,D
sz000400,许继电气,2025-10-20 09:39:09,25.3,8000,25.3,D
sz000400,许继电气,2025-10-20 09:39:12,25.3,40600,25.3,D
sz000400,许继电气,2025-10-20 09:39:18,25.27,9200,25.3,D
sz000400,许继电气,2025-10-20 09:39:21,25.3,13000,25.27,U
sz000400,许继电气,2025-10-20 09:39:33,25.26,8500,25.27,D
sz000400,许继电气,2025-10-20 09:39:39,25.27,22400,25.27,U
sz000400,许继电气,2025-10-20 09:39:45,25.26,45914,25.26,D
sz000400,许继电气,2025-10-20 09:39:48,25.26,49600,25.26,U
sz000400,许继电气,2025-10-20 09:40:12,25.2,37300,25.21,D
sz000400,许继电气,2025-10-20 09:40:15,25.19,17900,25.2,D
sz000400,许继电气,2025-10-20 09:40:21,25.21,22700,25.19,U
sz000400,许继电气,2025-10-20 09:40:27,25.18,15000,25.18,D
sz000400,许继电气,2025-10-20 09:40:30,25.19,14400,25.18,U
sz000400,许继电气,2025-10-20 09:40:33,25.2,12000,25.19,U
sz000400,许继电气,2025-10-20 09:40:39,25.19,54100,25.19,E
sz000400,许继电气,2025-10-20 09:40:45,25.2,8700,25.19,U
sz000400,许继电气,2025-10-20 09:40:48,25.19,21300,25.2,D
sz000400,许继电气,2025-10-20 09:40:51,25.19,8000,25.19,U
sz000400,许继电气,2025-10-20 09:40:57,25.19,17100,25.19,U
sz000400,许继电气,2025-10-20 09:41:09,25.22,56300,25.18,U
sz000400,许继电气,2025-10-20 09:41:15,25.25,14700,25.22,U
sz000400,许继电气,2025-10-20 09:41:18,25.26,19600,25.25,E
sz000400,许继电气,2025-10-20 09:41:33,25.26,34500,25.27,D
sz000400,许继电气,2025-10-20 09:41:36,25.26,44900,25.26,U
sz000400,许继电气,2025-10-20 09:41:39,25.25,24200,25.26,E
sz000400,许继电气,2025-10-20 09:41:42,25.26,10500,25.25,U
sz000400,许继电气,2025-10-20 09:41:45,25.26,21900,25.26,U
sz000400,许继电气,2025-10-20 09:41:48,25.28,51500,25.26,U
sz000400,许继电气,2025-10-20 09:41:54,25.28,10200,25.29,D
sz000400,许继电气,2025-10-20 09:41:57,25.29,50900,25.28,U
sz000400,许继电气,2025-10-20 09:42:00,25.29,9200,25.29,D
sz000400,许继电气,2025-10-20 09:42:03,25.28,17400,25.29,D
sz000400,许继电气,2025-10-20 09:42:09,25.25,13200,25.28,D
sz000400,许继电气,2025-10-20 09:42:21,25.25,22900,25.23,U
sz000400,许继电气,2025-10-20 09:42:24,25.24,14300,25.25,D
sz000400,许继电气,2025-10-20 09:42:27,25.25,23100,25.24,U
sz000400,许继电气,2025-10-20 09:42:36,25.23,12800,25.23,D
sz000400,许继电气,2025-10-20 09:42:45,25.2,26500,25.21,D
sz000400,许继电气,2025-10-20 09:42:51,25.2,13100,25.2,D
sz000400,许继电气,2025-10-20 09:42:54,25.19,12700,25.2,D
sz000400,许继电气,2025-10-20 09:43:00,25.19,9400,25.19,U
sz000400,许继电气,2025-10-20 09:43:09,25.16,16100,25.17,D
sz000400,许继电气,2025-10-20 09:43:18,25.15,21000,25.16,D
sz000400,许继电气,2025-10-20 09:43:30,25.12,17400,25.14,D
sz000400,许继电气,2025-10-20 09:43:36,25.1,128500,25.12,D
sz000400,许继电气,2025-10-20 09:43:42,25.08,26400,25.09,D
sz000400,许继电气,2025-10-20 09:43:45,25.07,13200,25.08,D
sz000400,许继电气,2025-10-20 09:43:48,25.09,66600,25.07,U
sz000400,许继电气,2025-10-20 09:43:51,25.08,13200,25.09,D
sz000400,许继电气,2025-10-20 09:43:54,25.08,43800,25.08,D
sz000400,许继电气,2025-10-20 09:43:57,25.07,16300,25.08,D
sz000400,许继电气,2025-10-20 09:44:00,25.07,14300,25.07,U
sz000400,许继电气,2025-10-20 09:44:03,25.06,10700,25.07,D
sz000400,许继电气,2025-10-20 09:44:06,25.04,41800,25.06,D
sz000400,许继电气,2025-10-20 09:44:09,25.07,104000,25.04,U
sz000400,许继电气,2025-10-20 09:44:12,25.08,17100,25.07,U
sz000400,许继电气,2025-10-20 09:44:18,25.1,208600,25.07,U
sz000400,许继电气,2025-10-20 09:44:21,25.08,17200,25.1,D
sz000400,许继电气,2025-10-20 09:44:24,25.08,34000,25.08,D
sz000400,许继电气,2025-10-20 09:44:27,25.08,14400,25.08,U
sz000400,许继电气,2025-10-20 09:44:30,25.07,21700,25.08,D
sz000400,许继电气,2025-10-20 09:44:33,25.08,19800,25.07,U
sz000400,许继电气,2025-10-20 09:44:36,25.07,12500,25.08,D
sz000400,许继电气,2025-10-20 09:44:39,25.08,12700,25.07,U
sz000400,许继电气,2025-10-20 09:44:42,25.08,40900,25.08,U
sz000400,许继电气,2025-10-20 09:44:45,25.08,15700,25.08,U
sz000400,许继电气,2025-10-20 09:44:48,25.08,54900,25.08,U
sz000400,许继电气,2025-10-20 09:44:51,25.08,35400,25.08,U
sz000400,许继电气,2025-10-20 09:44:57,25.09,45100,25.08,U
sz000400,许继电气,2025-10-20 09:45:00,25.08,72400,25.09,D
sz000400,许继电气,2025-10-20 09:45:03,25.08,25400,25.08,U
sz000400,许继电气,2025-10-20 09:45:06,25.08,11200,25.08,U
sz000400,许继电气,2025-10-20 09:45:12,25.07,34800,25.08,D
sz000400,许继电气,2025-10-20 09:45:15,25.07,63900,25.07,D
sz000400,许继电气,2025-10-20 09:45:18,25.11,146100,25.07,U
sz000400,许继电气,2025-10-20 09:45:24,25.05,29600,25.09,D
sz000400,许继电气,2025-10-20 09:45:27,25.09,36800,25.05,U
sz000400,许继电气,2025-10-20 09:45:39,25.1,11000,25.09,U
sz000400,许继电气,2025-10-20 09:45:42,25.09,13300,25.1,E
sz000400,许继电气,2025-10-20 09:45:45,25.09,16000,25.09,U
sz000400,许继电气,2025-10-20 09:45:51,25.09,13700,25.09,D
sz000400,许继电气,2025-10-20 09:46:03,25.08,10900,25.08,U
sz000400,许继电气,2025-10-20 09:46:09,25.06,17500,25.08,D
sz000400,许继电气,2025-10-20 09:46:12,25.05,10200,25.06,D
sz000400,许继电气,2025-10-20 09:46:15,25.05,13900,25.05,D
sz000400,许继电气,2025-10-20 09:46:24,25.05,34000,25.05,U
sz000400,许继电气,2025-10-20 09:46:27,25.1,117816,25.05,U
sz000400,许继电气,2025-10-20 09:46:30,25.1,12200,25.1,U
sz000400,许继电气,2025-10-20 09:46:42,25.15,8300,25.15,D
sz000400,许继电气,2025-10-20 09:46:45,25.2,50900,25.15,U
sz000400,许继电气,2025-10-20 09:46:57,25.17,9400,25.19,D
sz000400,许继电气,2025-10-20 09:47:00,25.17,18800,25.17,U
sz000400,许继电气,2025-10-20 09:47:15,25.19,11900,25.19,U
sz000400,许继电气,2025-10-20 09:47:18,25.18,23600,25.19,D
sz000400,许继电气,2025-10-20 09:47:21,25.18,16000,25.18,U
sz000400,许继电气,2025-10-20 09:47:24,25.18,12100,25.18,U
sz000400,许继电气,2025-10-20 09:47:27,25.2,33100,25.18,U
sz000400,许继电气,2025-10-20 09:47:30,25.22,24300,25.2,U
sz000400,许继电气,2025-10-20 09:47:39,25.24,14500,25.23,U
sz000400,许继电气,2025-10-20 09:47:48,25.23,14900,25.24,D
sz000400,许继电气,2025-10-20 09:47:54,25.24,17000,25.23,U
sz000400,许继电气,2025-10-20 09:47:57,25.24,22800,25.24,U
sz000400,许继电气,2025-10-20 09:48:00,25.23,8000,25.24,D
sz000400,许继电气,2025-10-20 09:48:18,25.22,10200,25.23,D
sz000400,许继电气,2025-10-20 09:48:33,25.21,12400,25.2,U
sz000400,许继电气,2025-10-20 09:48:36,25.19,22900,25.21,D
sz000400,许继电气,2025-10-20 09:48:42,25.19,8500,25.2,D
sz000400,许继电气,2025-10-20 09:48:45,25.19,14900,25.19,D
sz000400,许继电气,2025-10-20 09:48:48,25.22,83600,25.19,U
sz000400,许继电气,2025-10-20 09:48:51,25.22,36300,25.22,D
sz000400,许继电气,2025-10-20 09:49:00,25.23,59200,25.22,U
sz000400,许继电气,2025-10-20 09:49:03,25.23,82300,25.23,D
sz000400,许继电气,2025-10-20 09:49:06,25.24,31500,25.23,U
sz000400,许继电气,2025-10-20 09:49:09,25.23,30000,25.24,D
sz000400,许继电气,2025-10-20 09:49:12,25.23,23700,25.23,D
sz000400,许继电气,2025-10-20 09:49:15,25.23,43600,25.23,U
sz000400,许继电气,2025-10-20 09:49:18,25.23,23400,25.23,U
sz000400,许继电气,2025-10-20 09:49:21,25.24,11700,25.23,E
sz000400,许继电气,2025-10-20 09:49:24,25.24,17000,25.24,U
sz000400,许继电气,2025-10-20 09:49:27,25.24,10400,25.24,U
sz000400,许继电气,2025-10-20 09:49:30,25.23,8200,25.24,E
sz000400,许继电气,2025-10-20 09:49:33,25.23,9100,25.23,U
sz000400,许继电气,2025-10-20 09:49:39,25.23,9500,25.23,D
sz000400,许继电气,2025-10-20 09:49:42,25.25,167600,25.23,U
sz000400,许继电气,2025-10-20 09:49:45,25.28,39600,25.25,U
sz000400,许继电气,2025-10-20 09:49:48,25.29,32700,25.28,U
sz000400,许继电气,2025-10-20 09:49:51,25.29,8900,25.29,D
sz000400,许继电气,2025-10-20 09:49:54,25.3,32600,25.29,U
sz000400,许继电气,2025-10-20 09:50:03,25.29,10000,25.29,U
sz000400,许继电气,2025-10-20 09:50:06,25.29,8900,25.29,U
sz000400,许继电气,2025-10-20 09:50:09,25.28,8200,25.29,D
sz000400,许继电气,2025-10-20 09:50:21,25.27,100500,25.26,U
sz000400,许继电气,2025-10-20 09:50:24,25.27,9700,25.27,D
sz000400,许继电气,2025-10-20 09:50:27,25.28,16500,25.27,D
sz000400,许继电气,2025-10-20 09:50:30,25.29,46100,25.28,U
sz000400,许继电气,2025-10-20 09:50:33,25.31,57100,25.29,U
sz000400,许继电气,2025-10-20 09:50:36,25.35,77000,25.31,U
sz000400,许继电气,2025-10-20 09:50:39,25.34,61600,25.35,E
sz000400,许继电气,2025-10-20 09:50:42,25.35,54400,25.34,U
sz000400,许继电气,2025-10-20 09:50:45,25.34,21900,25.35,D
sz000400,许继电气,2025-10-20 09:50:48,25.34,10000,25.34,U
sz000400,许继电气,2025-10-20 09:50:51,25.35,25000,25.34,U
sz000400,许继电气,2025-10-20 09:50:54,25.35,13000,25.35,D
sz000400,许继电气,2025-10-20 09:50:57,25.35,18400,25.35,U
sz000400,许继电气,2025-10-20 09:51:00,25.36,148200,25.35,U
sz000400,许继电气,2025-10-20 09:51:03,25.36,13000,25.36,D
sz000400,许继电气,2025-10-20 09:51:06,25.38,16600,25.36,E
sz000400,许继电气,2025-10-20 09:51:09,25.39,73200,25.38,U
sz000400,许继电气,2025-10-20 09:51:12,25.39,13700,25.39,U
sz000400,许继电气,2025-10-20 09:51:15,25.38,8500,25.39,D
sz000400,许继电气,2025-10-20 09:51:18,25.39,49200,25.38,U
sz000400,许继电气,2025-10-20 09:51:21,25.39,9300,25.39,U
sz000400,许继电气,2025-10-20 09:51:24,25.38,52700,25.39,D
sz000400,许继电气,2025-10-20 09:51:27,25.38,23700,25.38,D
sz000400,许继电气,2025-10-20 09:51:30,25.38,13100,25.38,D
sz000400,许继电气,2025-10-20 09:51:33,25.38,39600,25.38,U
sz000400,许继电气,2025-10-20 09:51:36,25.44,284200,25.38,U
sz000400,许继电气,2025-10-20 09:51:39,25.42,24900,25.44,D
sz000400,许继电气,2025-10-20 09:51:42,25.43,26300,25.42,E
sz000400,许继电气,2025-10-20 09:51:45,25.43,19200,25.43,U
sz000400,许继电气,2025-10-20 09:51:48,25.46,18700,25.43,U
sz000400,许继电气,2025-10-20 09:51:57,25.45,16000,25.44,U
sz000400,许继电气,2025-10-20 09:52:00,25.44,14300,25.45,U
sz000400,许继电气,2025-10-20 09:52:03,25.44,24800,25.44,U
sz000400,许继电气,2025-10-20 09:52:06,25.43,16000,25.44,D
sz000400,许继电气,2025-10-20 09:52:09,25.44,23700,25.43,U
sz000400,许继电气,2025-10-20 09:52:12,25.44,46500,25.44,D
sz000400,许继电气,2025-10-20 09:52:15,25.47,225100,25.44,U
sz000400,许继电气,2025-10-20 09:52:18,25.47,16400,25.47,D
sz000400,许继电气,2025-10-20 09:52:21,25.55,348550,25.47,U
sz000400,许继电气,2025-10-20 09:52:24,25.56,53400,25.55,E
sz000400,许继电气,2025-10-20 09:52:27,25.62,123400,25.56,U
sz000400,许继电气,2025-10-20 09:52:30,25.58,19800,25.62,D
sz000400,许继电气,2025-10-20 09:52:33,25.59,17200,25.58,E
sz000400,许继电气,2025-10-20 09:52:36,25.62,94700,25.59,U
sz000400,许继电气,2025-10-20 09:52:39,25.64,51300,25.62,E
sz000400,许继电气,2025-10-20 09:52:42,25.63,27600,25.64,D
sz000400,许继电气,2025-10-20 09:52:45,25.64,34000,25.63,U
sz000400,许继电气,2025-10-20 09:52:48,25.64,21900,25.64,U
sz000400,许继电气,2025-10-20 09:52:51,25.64,25700,25.64,U
sz000400,许继电气,2025-10-20 09:52:54,25.64,20000,25.64,D
sz000400,许继电气,2025-10-20 09:52:57,25.64,56700,25.64,D
sz000400,许继电气,2025-10-20 09:53:00,25.63,30700,25.64,D
sz000400,许继电气,2025-10-20 09:53:03,25.62,17500,25.63,D
sz000400,许继电气,2025-10-20 09:53:06,25.62,33900,25.62,D
sz000400,许继电气,2025-10-20 09:53:09,25.59,24100,25.62,D
sz000400,许继电气,2025-10-20 09:53:12,25.55,9800,25.59,D
sz000400,许继电气,2025-10-20 09:53:18,25.5,15900,25.5,D
sz000400,许继电气,2025-10-20 09:53:21,25.54,51400,25.5,U
sz000400,许继电气,2025-10-20 09:53:27,25.59,77600,25.54,U
sz000400,许继电气,2025-10-20 09:53:30,25.6,312900,25.59,U
sz000400,许继电气,2025-10-20 09:53:33,25.59,21200,25.6,D
sz000400,许继电气,2025-10-20 09:53:36,25.56,26000,25.59,D
sz000400,许继电气,2025-10-20 09:53:39,25.56,12000,25.56,D
sz000400,许继电气,2025-10-20 09:53:42,25.55,21200,25.56,E
sz000400,许继电气,2025-10-20 09:53:45,25.54,13800,25.55,D
sz000400,许继电气,2025-10-20 09:53:51,25.54,9200,25.53,U
sz000400,许继电气,2025-10-20 09:53:54,25.54,38900,25.54,D
sz000400,许继电气,2025-10-20 09:53:57,25.53,35300,25.54,D
sz000400,许继电气,2025-10-20 09:54:00,25.53,39100,25.53,D
sz000400,许继电气,2025-10-20 09:54:12,25.5,32500,25.49,U
sz000400,许继电气,2025-10-20 09:54:18,25.51,22200,25.51,U
sz000400,许继电气,2025-10-20 09:54:21,25.52,13600,25.51,U
sz000400,许继电气,2025-10-20 09:54:24,25.52,12600,25.52,D
sz000400,许继电气,2025-10-20 09:54:27,25.52,12100,25.52,D
sz000400,许继电气,2025-10-20 09:54:30,25.52,15400,25.52,D
sz000400,许继电气,2025-10-20 09:54:36,25.52,18000,25.52,D
sz000400,许继电气,2025-10-20 09:54:42,25.52,22200,25.54,D
sz000400,许继电气,2025-10-20 09:54:45,25.52,11500,25.52,D
sz000400,许继电气,2025-10-20 09:54:48,25.52,8000,25.52,D
sz000400,许继电气,2025-10-20 09:54:51,25.5,22300,25.52,D
sz000400,许继电气,2025-10-20 09:54:54,25.51,16500,25.5,E
sz000400,许继电气,2025-10-20 09:55:18,25.49,8600,25.49,U
sz000400,许继电气,2025-10-20 09:55:30,25.48,11800,25.46,U
sz000400,许继电气,2025-10-20 09:55:33,25.5,12900,25.48,U
sz000400,许继电气,2025-10-20 09:55:51,25.49,11000,25.49,U
sz000400,许继电气,2025-10-20 09:55:54,25.5,15100,25.49,U
sz000400,许继电气,2025-10-20 09:56:12,25.49,8400,25.49,U
sz000400,许继电气,2025-10-20 09:56:15,25.49,16900,25.49,U
sz000400,许继电气,2025-10-20 09:56:18,25.5,45900,25.49,U
sz000400,许继电气,2025-10-20 09:56:21,25.53,104300,25.5,U
sz000400,许继电气,2025-10-20 09:56:24,25.52,12100,25.53,E
sz000400,许继电气,2025-10-20 09:56:30,25.54,9900,25.52,U
sz000400,许继电气,2025-10-20 09:56:36,25.53,8100,25.53,D
sz000400,许继电气,2025-10-20 09:56:39,25.53,16700,25.53,D
sz000400,许继电气,2025-10-20 09:56:42,25.52,9100,25.53,D
sz000400,许继电气,2025-10-20 09:56:45,25.53,21000,25.52,U
sz000400,许继电气,2025-10-20 09:56:51,25.52,35600,25.52,U
sz000400,许继电气,2025-10-20 09:56:54,25.52,8500,25.52,U
sz000400,许继电气,2025-10-20 09:56:57,25.49,12700,25.52,D
sz000400,许继电气,2025-10-20 09:57:00,25.47,52200,25.49,D
sz000400,许继电气,2025-10-20 09:57:03,25.47,13200,25.47,U
sz000400,许继电气,2025-10-20 09:57:15,25.45,12700,25.45,D
sz000400,许继电气,2025-10-20 09:57:24,25.47,29300,25.45,U
sz000400,许继电气,2025-10-20 09:57:27,25.46,23200,25.47,D
sz000400,许继电气,2025-10-20 09:57:30,25.49,15900,25.46,U
sz000400,许继电气,2025-10-20 09:57:48,25.45,9600,25.46,D
sz000400,许继电气,2025-10-20 09:57:57,25.45,14700,25.45,D
sz000400,许继电气,2025-10-20 09:58:00,25.45,24600,25.45,D
sz000400,许继电气,2025-10-20 09:58:12,25.44,20100,25.44,D
sz000400,许继电气,2025-10-20 09:58:15,25.44,10100,25.44,U
sz000400,许继电气,2025-10-20 09:58:18,25.43,42100,25.44,D
sz000400,许继电气,2025-10-20 09:58:21,25.45,13900,25.43,U
sz000400,许继电气,2025-10-20 09:58:24,25.46,47400,25.45,U
sz000400,许继电气,2025-10-20 09:58:51,25.46,25300,25.46,D
sz000400,许继电气,2025-10-20 09:59:00,25.46,17600,25.46,U
sz000400,许继电气,2025-10-20 09:59:03,25.46,10500,25.46,D
sz000400,许继电气,2025-10-20 09:59:06,25.46,9500,25.46,D
sz000400,许继电气,2025-10-20 09:59:12,25.46,20600,25.46,U
sz000400,许继电气,2025-10-20 09:59:15,25.46,11000,25.46,U
sz000400,许继电气,2025-10-20 09:59:27,25.48,33900,25.46,U
sz000400,许继电气,2025-10-20 09:59:33,25.47,14100,25.48,D
sz000400,许继电气,2025-10-20 09:59:39,25.49,13500,25.49,U
sz000400,许继电气,2025-10-20 10:00:03,25.49,8100,25.48,U
sz000400,许继电气,2025-10-20 10:00:06,25.47,21800,25.49,D
sz000400,许继电气,2025-10-20 10:00:09,25.49,8500,25.47,U
sz000400,许继电气,2025-10-20 10:00:30,25.47,12300,25.47,D
sz000400,许继电气,2025-10-20 10:00:45,25.46,15700,25.46,D
sz000400,许继电气,2025-10-20 10:00:48,25.47,13600,25.46,U
sz000400,许继电气,2025-10-20 10:01:18,25.45,44300,25.45,D
sz000400,许继电气,2025-10-20 10:01:21,25.45,44800,25.45,D
sz000400,许继电气,2025-10-20 10:01:24,25.45,9800,25.45,D
sz000400,许继电气,2025-10-20 10:01:27,25.45,8400,25.45,D
sz000400,许继电气,2025-10-20 10:01:33,25.44,15500,25.45,D
sz000400,许继电气,2025-10-20 10:01:36,25.45,17700,25.44,U
sz000400,许继电气,2025-10-20 10:01:39,25.46,45500,25.45,U
sz000400,许继电气,2025-10-20 10:01:42,25.48,54700,25.46,U
sz000400,许继电气,2025-10-20 10:01:45,25.49,9900,25.48,U
sz000400,许继电气,2025-10-20 10:01:48,25.47,15100,25.49,D
sz000400,许继电气,2025-10-20 10:01:51,25.5,25400,25.47,U
sz000400,许继电气,2025-10-20 10:02:06,25.5,9200,25.5,U
sz000400,许继电气,2025-10-20 10:02:09,25.51,21500,25.5,U
sz000400,许继电气,2025-10-20 10:02:12,25.49,27000,25.51,D
sz000400,许继电气,2025-10-20 10:02:24,25.49,9900,25.48,U
sz000400,许继电气,2025-10-20 10:02:27,25.48,11200,25.49,D
sz000400,许继电气,2025-10-20 10:02:30,25.48,36500,25.48,D
sz000400,许继电气,2025-10-20 10:02:33,25.49,9500,25.48,U
sz000400,许继电气,2025-10-20 10:02:39,25.51,16100,25.49,U
sz000400,许继电气,2025-10-20 10:02:42,25.49,18100,25.51,D
sz000400,许继电气,2025-10-20 10:03:30,25.48,18900,25.49,D
sz000400,许继电气,2025-10-20 10:03:39,25.48,8300,25.48,U
sz000400,许继电气,2025-10-20 10:03:45,25.47,19700,25.47,D
sz000400,许继电气,2025-10-20 10:03:48,25.48,7900,25.47,U
sz000400,许继电气,2025-10-20 10:03:54,25.46,15900,25.46,D
sz000400,许继电气,2025-10-20 10:04:09,25.44,9500,25.44,D
sz000400,许继电气,2025-10-20 10:04:12,25.43,17200,25.44,D
sz000400,许继电气,2025-10-20 10:04:15,25.44,15900,25.43,U
sz000400,许继电气,2025-10-20 10:04:21,25.46,174700,25.44,U
sz000400,许继电气,2025-10-20 10:04:24,25.45,15200,25.46,D
sz000400,许继电气,2025-10-20 10:04:30,25.46,42700,25.45,U
sz000400,许继电气,2025-10-20 10:04:36,25.46,8700,25.46,U
sz000400,许继电气,2025-10-20 10:04:39,25.45,16000,25.46,D
sz000400,许继电气,2025-10-20 10:04:42,25.44,14100,25.45,D
sz000400,许继电气,2025-10-20 10:04:48,25.45,8000,25.45,D
sz000400,许继电气,2025-10-20 10:05:00,25.45,13700,25.45,D
sz000400,许继电气,2025-10-20 10:05:09,25.45,20600,25.45,U
sz000400,许继电气,2025-10-20 10:05:12,25.45,19100,25.45,U
sz000400,许继电气,2025-10-20 10:05:30,25.45,10100,25.45,D
sz000400,许继电气,2025-10-20 10:05:39,25.45,13000,25.46,D
sz000400,许继电气,2025-10-20 10:05:51,25.44,14000,25.44,D
sz000400,许继电气,2025-10-20 10:05:57,25.43,18700,25.43,D
sz000400,许继电气,2025-10-20 10:06:03,25.43,15600,25.43,U
sz000400,许继电气,2025-10-20 10:06:06,25.42,8100,25.43,D
sz000400,许继电气,2025-10-20 10:06:09,25.44,86600,25.42,U
sz000400,许继电气,2025-10-20 10:06:12,25.43,19500,25.44,D
sz000400,许继电气,2025-10-20 10:06:15,25.43,16900,25.43,U
sz000400,许继电气,2025-10-20 10:06:18,25.44,10300,25.43,U
sz000400,许继电气,2025-10-20 10:06:45,25.43,11400,25.43,U
sz000400,许继电气,2025-10-20 10:06:48,25.41,15700,25.43,D
sz000400,许继电气,2025-10-20 10:06:51,25.4,25100,25.41,D
sz000400,许继电气,2025-10-20 10:06:54,25.38,13000,25.4,D
sz000400,许继电气,2025-10-20 10:07:09,25.38,15300,25.38,U
sz000400,许继电气,2025-10-20 10:07:15,25.4,13300,25.38,U
sz000400,许继电气,2025-10-20 10:07:18,25.4,12200,25.4,U
sz000400,许继电气,2025-10-20 10:07:30,25.4,10500,25.39,U
sz000400,许继电气,2025-10-20 10:07:54,25.38,20200,25.39,D
sz000400,许继电气,2025-10-20 10:07:57,25.41,38000,25.38,U
sz000400,许继电气,2025-10-20 10:08:00,25.39,8600,25.41,D
sz000400,许继电气,2025-10-20 10:08:06,25.4,14800,25.4,U
sz000400,许继电气,2025-10-20 10:08:12,25.37,40000,25.39,D
sz000400,许继电气,2025-10-20 10:08:24,25.35,11200,25.37,D
sz000400,许继电气,2025-10-20 10:08:27,25.35,12200,25.35,D
sz000400,许继电气,2025-10-20 10:08:33,25.35,16200,25.35,D
sz000400,许继电气,2025-10-20 10:08:36,25.34,32600,25.35,D
sz000400,许继电气,2025-10-20 10:08:39,25.35,42300,25.34,D
sz000400,许继电气,2025-10-20 10:08:48,25.35,27400,25.35,D
sz000400,许继电气,2025-10-20 10:08:57,25.38,9200,25.35,U
sz000400,许继电气,2025-10-20 10:09:06,25.37,8300,25.37,D
sz000400,许继电气,2025-10-20 10:09:45,25.35,22600,25.34,U
sz000400,许继电气,2025-10-20 10:10:03,25.37,80050,25.34,U
sz000400,许继电气,2025-10-20 10:10:18,25.33,18500,25.36,D
sz000400,许继电气,2025-10-20 10:10:21,25.32,23400,25.33,D
sz000400,许继电气,2025-10-20 10:10:24,25.31,20400,25.32,D
sz000400,许继电气,2025-10-20 10:10:33,25.32,11700,25.31,U
sz000400,许继电气,2025-10-20 10:10:36,25.32,11500,25.32,U
sz000400,许继电气,2025-10-20 10:10:39,25.34,13300,25.32,U
sz000400,许继电气,2025-10-20 10:11:03,25.33,30700,25.35,D
sz000400,许继电气,2025-10-20 10:11:09,25.33,9700,25.33,U
sz000400,许继电气,2025-10-20 10:11:12,25.31,12100,25.33,D
sz000400,许继电气,2025-10-20 10:11:45,25.31,17400,25.31,D
sz000400,许继电气,2025-10-20 10:11:54,25.3,21200,25.3,D
sz000400,许继电气,2025-10-20 10:11:57,25.31,14600,25.3,D
sz000400,许继电气,2025-10-20 10:12:42,25.31,10400,25.31,U
sz000400,许继电气,2025-10-20 10:12:54,25.3,10500,25.3,D
sz000400,许继电气,2025-10-20 10:13:03,25.29,9500,25.29,D
sz000400,许继电气,2025-10-20 10:13:09,25.29,11700,25.29,D
sz000400,许继电气,2025-10-20 10:13:18,25.27,8100,25.28,D
sz000400,许继电气,2025-10-20 10:13:21,25.27,21000,25.27,D
sz000400,许继电气,2025-10-20 10:13:27,25.27,18000,25.26,U
sz000400,许继电气,2025-10-20 10:13:30,25.27,28900,25.27,U
sz000400,许继电气,2025-10-20 10:13:33,25.26,9400,25.27,E
sz000400,许继电气,2025-10-20 10:13:36,25.26,9200,25.26,E
sz000400,许继电气,2025-10-20 10:13:39,25.25,51400,25.26,D
sz000400,许继电气,2025-10-20 10:13:42,25.26,24700,25.25,U
sz000400,许继电气,2025-10-20 10:13:48,25.25,21100,25.24,D
sz000400,许继电气,2025-10-20 10:14:00,25.22,15700,25.24,D
sz000400,许继电气,2025-10-20 10:14:03,25.22,12900,25.22,U
sz000400,许继电气,2025-10-20 10:14:06,25.2,8000,25.22,D
sz000400,许继电气,2025-10-20 10:14:09,25.2,31900,25.2,D
sz000400,许继电气,2025-10-20 10:14:12,25.21,14900,25.2,U
sz000400,许继电气,2025-10-20 10:14:15,25.2,10400,25.21,D
sz000400,许继电气,2025-10-20 10:14:21,25.2,9300,25.2,U
sz000400,许继电气,2025-10-20 10:14:24,25.2,11200,25.2,E
sz000400,许继电气,2025-10-20 10:14:27,25.23,54500,25.2,U
sz000400,许继电气,2025-10-20 10:14:30,25.21,22200,25.23,D
sz000400,许继电气,2025-10-20 10:14:33,25.24,14900,25.21,U
sz000400,许继电气,2025-10-20 10:14:36,25.24,10700,25.24,D
sz000400,许继电气,2025-10-20 10:14:45,25.23,19700,25.22,U
sz000400,许继电气,2025-10-20 10:14:51,25.24,15300,25.24,U
sz000400,许继电气,2025-10-20 10:15:09,25.23,9100,25.22,U
sz000400,许继电气,2025-10-20 10:15:24,25.23,14100,25.22,U
sz000400,许继电气,2025-10-20 10:15:27,25.23,11700,25.23,D
sz000400,许继电气,2025-10-20 10:15:30,25.22,8600,25.23,D
sz000400,许继电气,2025-10-20 10:15:33,25.22,8800,25.22,D
sz000400,许继电气,2025-10-20 10:15:39,25.21,17000,25.22,D
sz000400,许继电气,2025-10-20 10:15:42,25.22,11300,25.21,U
sz000400,许继电气,2025-10-20 10:15:45,25.24,15300,25.22,U
sz000400,许继电气,2025-10-20 10:15:48,25.24,10400,25.24,U
sz000400,许继电气,2025-10-20 10:15:54,25.22,18500,25.24,D
sz000400,许继电气,2025-10-20 10:16:18,25.24,52500,25.23,U
sz000400,许继电气,2025-10-20 10:16:24,25.25,25400,25.24,U
sz000400,许继电气,2025-10-20 10:16:33,25.25,25300,25.25,U
sz000400,许继电气,2025-10-20 10:16:39,25.25,17100,25.24,U
sz000400,许继电气,2025-10-20 10:16:42,25.25,45800,25.25,U
sz000400,许继电气,2025-10-20 10:16:45,25.25,29200,25.25,U
sz000400,许继电气,2025-10-20 10:16:51,25.25,12600,25.25,U
sz000400,许继电气,2025-10-20 10:16:54,25.24,46900,25.25,D
sz000400,许继电气,2025-10-20 10:16:57,25.24,15800,25.24,U
sz000400,许继电气,2025-10-20 10:17:03,25.24,19600,25.24,U
sz000400,许继电气,2025-10-20 10:17:09,25.24,12900,25.24,U
sz000400,许继电气,2025-10-20 10:17:15,25.24,10800,25.24,U
sz000400,许继电气,2025-10-20 10:17:21,25.25,8200,25.24,U
sz000400,许继电气,2025-10-20 10:17:30,25.24,18000,25.24,U
sz000400,许继电气,2025-10-20 10:17:33,25.24,22000,25.24,U
sz000400,许继电气,2025-10-20 10:17:42,25.24,10200,25.23,U
sz000400,许继电气,2025-10-20 10:17:45,25.23,14500,25.24,D
sz000400,许继电气,2025-10-20 10:17:51,25.21,94400,25.23,D
sz000400,许继电气,2025-10-20 10:17:57,25.21,13200,25.23,E
sz000400,许继电气,2025-10-20 10:18:03,25.19,14000,25.23,D
sz000400,许继电气,2025-10-20 10:18:12,25.19,14600,25.18,E
sz000400,许继电气,2025-10-20 10:18:33,25.18,12800,25.18,D
sz000400,许继电气,2025-10-20 10:18:48,25.18,23500,25.18,D
sz000400,许继电气,2025-10-20 10:18:54,25.17,17700,25.18,D
sz000400,许继电气,2025-10-20 10:19:06,25.16,31100,25.17,D
sz000400,许继电气,2025-10-20 10:19:30,25.15,35700,25.16,D
sz000400,许继电气,2025-10-20 10:19:45,25.15,23300,25.15,U
sz000400,许继电气,2025-10-20 10:19:51,25.15,21400,25.15,U
sz000400,许继电气,2025-10-20 10:20:03,25.15,44800,25.16,D
sz000400,许继电气,2025-10-20 10:20:12,25.16,14000,25.16,U
sz000400,许继电气,2025-10-20 10:20:18,25.17,25300,25.16,U
sz000400,许继电气,2025-10-20 10:20:21,25.17,9600,25.17,U
sz000400,许继电气,2025-10-20 10:20:54,25.18,22800,25.19,D
sz000400,许继电气,2025-10-20 10:20:57,25.18,17800,25.18,D
sz000400,许继电气,2025-10-20 10:21:03,25.19,12700,25.19,U
sz000400,许继电气,2025-10-20 10:21:18,25.18,42700,25.19,D
sz000400,许继电气,2025-10-20 10:21:21,25.19,27100,25.18,U
sz000400,许继电气,2025-10-20 10:21:33,25.19,12300,25.18,U
sz000400,许继电气,2025-10-20 10:22:09,25.2,17800,25.2,U
sz000400,许继电气,2025-10-20 10:22:12,25.19,18900,25.2,D
sz000400,许继电气,2025-10-20 10:22:15,25.19,54300,25.19,D
sz000400,许继电气,2025-10-20 10:22:36,25.18,22500,25.19,D
sz000400,许继电气,2025-10-20 10:22:39,25.19,16100,25.18,D
sz000400,许继电气,2025-10-20 10:22:45,25.17,8000,25.17,D
sz000400,许继电气,2025-10-20 10:22:48,25.17,8200,25.17,D
sz000400,许继电气,2025-10-20 10:22:51,25.16,15400,25.17,D
sz000400,许继电气,2025-10-20 10:22:54,25.16,16900,25.16,D
sz000400,许继电气,2025-10-20 10:22:57,25.16,25400,25.16,U
sz000400,许继电气,2025-10-20 10:23:09,25.15,10000,25.15,D
sz000400,许继电气,2025-10-20 10:23:15,25.14,10900,25.15,D
sz000400,许继电气,2025-10-20 10:23:18,25.14,9200,25.14,U
sz000400,许继电气,2025-10-20 10:23:45,25.14,12300,25.14,U
sz000400,许继电气,2025-10-20 10:23:51,25.12,13000,25.13,D
sz000400,许继电气,2025-10-20 10:24:03,25.12,13100,25.12,D
sz000400,许继电气,2025-10-20 10:24:12,25.09,99900,25.11,D
sz000400,许继电气,2025-10-20 10:24:33,25.08,38700,25.07,U
sz000400,许继电气,2025-10-20 10:24:36,25.07,10216,25.08,D
sz000400,许继电气,2025-10-20 10:24:42,25.03,95484,25.07,D
sz000400,许继电气,2025-10-20 10:24:45,25.07,123200,25.03,U
sz000400,许继电气,2025-10-20 10:24:57,25.04,10400,25.04,D
sz000400,许继电气,2025-10-20 10:25:03,25.04,8300,25.04,D
sz000400,许继电气,2025-10-20 10:25:09,25.04,232200,25.05,D
sz000400,许继电气,2025-10-20 10:25:15,25.0,201100,25.06,D
sz000400,许继电气,2025-10-20 10:25:18,25.03,16000,25.0,U
sz000400,许继电气,2025-10-20 10:25:24,25.02,16200,25.06,D
sz000400,许继电气,2025-10-20 10:25:30,25.0,48800,25.03,D
sz000400,许继电气,2025-10-20 10:25:33,25.0,21300,25.0,U
sz000400,许继电气,2025-10-20 10:25:36,24.99,11800,25.0,D
sz000400,许继电气,2025-10-20 10:25:39,25.0,12900,24.99,U
sz000400,许继电气,2025-10-20 10:25:42,24.99,9200,25.0,D
sz000400,许继电气,2025-10-20 10:25:45,25.01,39300,24.99,U
sz000400,许继电气,2025-10-20 10:25:48,25.04,30300,25.01,U
sz000400,许继电气,2025-10-20 10:25:51,25.02,12500,25.04,D
sz000400,许继电气,2025-10-20 10:26:03,25.0,10500,25.0,D
sz000400,许继电气,2025-10-20 10:26:09,25.0,9800,24.99,U
sz000400,许继电气,2025-10-20 10:26:18,24.99,17600,25.0,D
sz000400,许继电气,2025-10-20 10:26:24,24.99,15000,25.0,D
sz000400,许继电气,2025-10-20 10:26:45,25.0,9300,25.0,U
sz000400,许继电气,2025-10-20 10:26:48,25.0,12300,25.0,U
sz000400,许继电气,2025-10-20 10:26:57,24.99,9700,25.0,D
sz000400,许继电气,2025-10-20 10:27:03,25.0,8500,24.99,U
sz000400,许继电气,2025-10-20 10:27:15,24.99,8100,25.0,D
sz000400,许继电气,2025-10-20 10:27:21,24.99,11000,24.99,D
sz000400,许继电气,2025-10-20 10:27:30,24.99,15400,24.99,D
sz000400,许继电气,2025-10-20 10:27:33,24.99,20100,24.99,D
sz000400,许继电气,2025-10-20 10:28:03,24.99,13300,24.99,D
sz000400,许继电气,2025-10-20 10:28:09,24.98,8200,24.99,D
sz000400,许继电气,2025-10-20 10:28:21,24.99,8600,24.99,U
sz000400,许继电气,2025-10-20 10:28:27,24.99,13900,24.98,U
sz000400,许继电气,2025-10-20 10:28:30,24.98,8700,24.99,D
sz000400,许继电气,2025-10-20 10:28:36,24.99,26000,24.98,U
sz000400,许继电气,2025-10-20 10:28:39,24.99,26302,24.99,U
sz000400,许继电气,2025-10-20 10:28:45,24.99,23300,25.0,D
sz000400,许继电气,2025-10-20 10:28:54,25.0,8400,25.0,U
sz000400,许继电气,2025-10-20 10:28:57,24.99,16000,25.0,D
sz000400,许继电气,2025-10-20 10:29:00,25.0,23700,24.99,U
sz000400,许继电气,2025-10-20 10:29:06,25.0,29800,25.0,U
sz000400,许继电气,2025-10-20 10:29:36,25.02,12100,25.02,U
sz000400,许继电气,2025-10-20 10:29:39,25.02,17000,25.02,U
sz000400,许继电气,2025-10-20 10:30:09,25.04,17600,25.04,U
sz000400,许继电气,2025-10-20 10:30:15,25.03,28300,25.02,E
sz000400,许继电气,2025-10-20 10:30:18,25.02,9000,25.03,D
sz000400,许继电气,2025-10-20 10:30:21,25.02,12100,25.02,D
sz000400,许继电气,2025-10-20 10:30:30,25.01,23900,25.02,D
sz000400,许继电气,2025-10-20 10:30:42,25.01,26300,25.01,U
sz000400,许继电气,2025-10-20 10:31:09,25.01,31700,25.01,U
sz000400,许继电气,2025-10-20 10:31:12,25.01,15500,25.01,U
sz000400,许继电气,2025-10-20 10:31:15,25.01,12700,25.01,U
sz000400,许继电气,2025-10-20 10:31:36,25.01,48200,25.01,U
sz000400,许继电气,2025-10-20 10:31:39,25.01,28500,25.01,U
sz000400,许继电气,2025-10-20 10:31:57,25.01,8600,25.0,U
sz000400,许继电气,2025-10-20 10:32:03,24.99,71000,25.0,D
sz000400,许继电气,2025-10-20 10:32:15,24.99,14900,24.99,D
sz000400,许继电气,2025-10-20 10:32:39,24.99,30400,25.0,D
sz000400,许继电气,2025-10-20 10:32:42,24.99,8098,24.99,D
sz000400,许继电气,2025-10-20 10:32:51,24.99,48502,24.99,U
sz000400,许继电气,2025-10-20 10:32:54,24.99,59300,24.99,U
sz000400,许继电气,2025-10-20 10:33:03,25.0,11600,25.0,U
sz000400,许继电气,2025-10-20 10:33:06,25.03,38900,25.0,U
sz000400,许继电气,2025-10-20 10:33:15,25.06,13700,25.05,U
sz000400,许继电气,2025-10-20 10:33:30,25.05,11100,25.05,D
sz000400,许继电气,2025-10-20 10:33:36,25.05,9700,25.05,U
sz000400,许继电气,2025-10-20 10:33:39,25.05,29800,25.05,U
sz000400,许继电气,2025-10-20 10:33:42,25.05,15500,25.05,U
sz000400,许继电气,2025-10-20 10:33:51,25.07,37000,25.05,U
sz000400,许继电气,2025-10-20 10:34:00,25.06,14000,25.06,U
sz000400,许继电气,2025-10-20 10:34:09,25.05,15100,25.05,U
sz000400,许继电气,2025-10-20 10:34:18,25.06,14500,25.06,U
sz000400,许继电气,2025-10-20 10:34:21,25.05,66400,25.06,D
sz000400,许继电气,2025-10-20 10:34:27,25.06,16800,25.06,U
sz000400,许继电气,2025-10-20 10:34:36,25.06,10600,25.06,U
sz000400,许继电气,2025-10-20 10:34:54,25.06,20900,25.06,U
sz000400,许继电气,2025-10-20 10:35:03,25.06,15400,25.06,U
sz000400,许继电气,2025-10-20 10:35:09,25.05,17400,25.06,D
sz000400,许继电气,2025-10-20 10:35:33,25.05,8300,25.05,U
sz000400,许继电气,2025-10-20 10:35:39,25.05,43000,25.04,U
sz000400,许继电气,2025-10-20 10:35:45,25.06,12300,25.05,U
sz000400,许继电气,2025-10-20 10:36:18,25.09,47900,25.06,U
sz000400,许继电气,2025-10-20 10:36:21,25.09,42800,25.09,D
sz000400,许继电气,2025-10-20 10:36:45,25.04,99800,25.09,D
sz000400,许继电气,2025-10-20 10:36:48,25.04,14900,25.04,U
sz000400,许继电气,2025-10-20 10:36:57,25.0,167400,25.08,D
sz000400,许继电气,2025-10-20 10:37:00,25.0,31000,25.0,U
sz000400,许继电气,2025-10-20 10:37:06,25.0,12200,25.0,U
sz000400,许继电气,2025-10-20 10:37:12,25.0,182400,25.0,U
sz000400,许继电气,2025-10-20 10:37:36,25.05,103400,25.02,U
sz000400,许继电气,2025-10-20 10:37:48,25.06,31400,25.06,U
sz000400,许继电气,2025-10-20 10:38:03,25.06,15300,25.06,U
sz000400,许继电气,2025-10-20 10:38:21,25.08,9200,25.08,U
sz000400,许继电气,2025-10-20 10:38:36,25.07,10900,25.08,D
sz000400,许继电气,2025-10-20 10:38:42,25.06,8800,25.07,D
sz000400,许继电气,2025-10-20 10:38:54,25.07,12000,25.07,U
sz000400,许继电气,2025-10-20 10:39:06,25.06,16706,25.07,D
sz000400,许继电气,2025-10-20 10:39:45,25.07,9600,25.06,U
sz000400,许继电气,2025-10-20 10:40:24,25.07,12000,25.06,U
sz000400,许继电气,2025-10-20 10:40:33,25.06,15300,25.07,D
sz000400,许继电气,2025-10-20 10:40:39,25.07,10700,25.07,U
sz000400,许继电气,2025-10-20 10:41:42,25.07,11400,25.07,U
sz000400,许继电气,2025-10-20 10:41:54,25.07,17500,25.06,U
sz000400,许继电气,2025-10-20 10:42:00,25.1,17300,25.07,U
sz000400,许继电气,2025-10-20 10:42:51,25.12,15800,25.11,U
sz000400,许继电气,2025-10-20 10:44:15,25.12,8600,25.12,U
sz000400,许继电气,2025-10-20 10:44:27,25.1,44700,25.12,D
sz000400,许继电气,2025-10-20 10:44:30,25.09,8200,25.1,D
sz000400,许继电气,2025-10-20 10:46:00,25.1,25300,25.1,U
sz000400,许继电气,2025-10-20 10:46:03,25.1,10400,25.1,U
sz000400,许继电气,2025-10-20 10:46:24,25.1,19400,25.12,D
sz000400,许继电气,2025-10-20 10:46:30,25.08,15000,25.1,D
sz000400,许继电气,2025-10-20 10:47:09,25.1,9200,25.1,U
sz000400,许继电气,2025-10-20 10:47:48,25.1,12100,25.1,U
sz000400,许继电气,2025-10-20 10:48:12,25.09,13600,25.1,D
sz000400,许继电气,2025-10-20 10:48:36,25.07,15200,25.09,D
sz000400,许继电气,2025-10-20 10:48:54,25.06,29400,25.09,D
sz000400,许继电气,2025-10-20 10:49:39,25.05,9000,25.06,D
sz000400,许继电气,2025-10-20 10:50:15,25.03,19200,25.04,D
sz000400,许继电气,2025-10-20 10:50:18,25.03,14700,25.03,D
sz000400,许继电气,2025-10-20 10:51:21,25.0,27600,25.02,D
sz000400,许继电气,2025-10-20 10:51:27,25.0,55800,25.01,D
sz000400,许继电气,2025-10-20 10:51:42,24.99,9800,25.0,D
sz000400,许继电气,2025-10-20 10:51:51,24.98,10300,24.98,D
sz000400,许继电气,2025-10-20 10:52:03,24.98,9100,24.99,D
sz000400,许继电气,2025-10-20 10:52:09,25.0,10000,24.99,U
sz000400,许继电气,2025-10-20 10:52:21,25.0,10100,25.0,U
sz000400,许继电气,2025-10-20 10:52:24,24.99,8600,25.0,D
sz000400,许继电气,2025-10-20 10:53:03,24.99,9200,24.99,D
sz000400,许继电气,2025-10-20 10:53:27,24.98,11200,24.99,D
sz000400,许继电气,2025-10-20 10:53:39,24.99,37200,24.98,E
sz000400,许继电气,2025-10-20 10:53:45,24.99,9700,24.98,U
sz000400,许继电气,2025-10-20 10:55:06,24.98,22300,24.98,D
sz000400,许继电气,2025-10-20 10:55:36,24.97,10500,24.98,D
sz000400,许继电气,2025-10-20 10:55:45,24.98,9700,24.97,U
sz000400,许继电气,2025-10-20 10:55:54,24.97,18700,24.97,D
sz000400,许继电气,2025-10-20 10:56:00,24.97,9800,24.97,D
sz000400,许继电气,2025-10-20 10:56:12,24.95,41000,24.97,D
sz000400,许继电气,2025-10-20 10:56:30,24.95,8700,24.95,D
sz000400,许继电气,2025-10-20 10:56:33,24.96,20000,24.95,U
sz000400,许继电气,2025-10-20 10:57:06,24.93,9000,24.93,D
sz000400,许继电气,2025-10-20 10:57:09,24.94,17200,24.93,U
sz000400,许继电气,2025-10-20 10:57:12,24.94,12000,24.94,U
sz000400,许继电气,2025-10-20 10:57:24,24.92,12500,24.93,D
sz000400,许继电气,2025-10-20 10:57:27,24.92,12300,24.92,D
sz000400,许继电气,2025-10-20 10:57:33,24.91,29000,24.92,D
sz000400,许继电气,2025-10-20 10:57:42,24.9,9600,24.91,D
sz000400,许继电气,2025-10-20 10:57:48,24.9,8700,24.91,D
sz000400,许继电气,2025-10-20 10:57:51,24.9,13900,24.9,D
sz000400,许继电气,2025-10-20 10:57:54,24.9,10300,24.9,D
sz000400,许继电气,2025-10-20 10:57:57,24.91,20500,24.9,U
sz000400,许继电气,2025-10-20 10:58:06,24.91,17200,24.91,U
sz000400,许继电气,2025-10-20 10:58:15,24.92,8500,24.92,U
sz000400,许继电气,2025-10-20 10:58:39,24.93,16300,24.92,U
sz000400,许继电气,2025-10-20 10:59:15,24.94,22100,24.92,U
sz000400,许继电气,2025-10-20 10:59:24,24.92,19700,24.92,D
sz000400,许继电气,2025-10-20 10:59:27,24.92,9300,24.92,U
sz000400,许继电气,2025-10-20 10:59:51,24.93,13500,24.93,D
sz000400,许继电气,2025-10-20 11:00:18,24.93,10700,24.93,U
sz000400,许继电气,2025-10-20 11:00:39,24.94,14700,24.94,U
sz000400,许继电气,2025-10-20 11:00:42,24.94,9400,24.94,U
sz000400,许继电气,2025-10-20 11:01:06,24.94,13700,24.95,D
sz000400,许继电气,2025-10-20 11:01:15,24.94,9200,24.95,D
sz000400,许继电气,2025-10-20 11:01:27,24.96,8200,24.94,U
sz000400,许继电气,2025-10-20 11:01:36,24.93,13900,24.93,D
sz000400,许继电气,2025-10-20 11:01:51,24.9,66100,24.92,D
sz000400,许继电气,2025-10-20 11:01:54,24.9,13000,24.9,D
sz000400,许继电气,2025-10-20 11:02:00,24.9,8100,24.92,D
sz000400,许继电气,2025-10-20 11:02:21,24.9,10500,24.9,D
sz000400,许继电气,2025-10-20 11:02:27,24.9,11800,24.9,D
sz000400,许继电气,2025-10-20 11:02:30,24.9,11200,24.9,U
sz000400,许继电气,2025-10-20 11:02:45,24.9,18500,24.89,U
sz000400,许继电气,2025-10-20 11:02:48,24.89,14800,24.9,D
sz000400,许继电气,2025-10-20 11:03:00,24.89,11900,24.89,U
sz000400,许继电气,2025-10-20 11:03:06,24.93,32200,24.89,U
sz000400,许继电气,2025-10-20 11:03:21,24.93,28700,24.93,U
sz000400,许继电气,2025-10-20 11:03:30,24.92,10300,24.93,D
sz000400,许继电气,2025-10-20 11:03:36,24.93,10000,24.92,U
sz000400,许继电气,2025-10-20 11:04:15,24.99,10100,24.96,U
sz000400,许继电气,2025-10-20 11:04:36,24.96,8700,24.97,D
sz000400,许继电气,2025-10-20 11:05:48,24.98,10300,24.99,D
sz000400,许继电气,2025-10-20 11:07:15,24.99,12700,24.98,U
sz000400,许继电气,2025-10-20 11:07:54,25.0,10700,25.0,U
sz000400,许继电气,2025-10-20 11:08:18,25.0,11300,25.0,U
sz000400,许继电气,2025-10-20 11:09:30,25.01,27700,24.99,U
sz000400,许继电气,2025-10-20 11:09:36,25.0,10300,25.02,D
sz000400,许继电气,2025-10-20 11:09:45,25.02,26102,25.01,U
sz000400,许继电气,2025-10-20 11:11:12,25.05,25902,25.03,U
sz000400,许继电气,2025-10-20 11:12:03,25.05,18700,25.05,U
sz000400,许继电气,2025-10-20 11:16:03,25.03,9300,25.02,U
sz000400,许继电气,2025-10-20 11:16:06,25.05,11400,25.03,U
sz000400,许继电气,2025-10-20 11:16:09,25.08,51300,25.05,U
sz000400,许继电气,2025-10-20 11:17:18,25.08,61500,25.07,U
sz000400,许继电气,2025-10-20 11:17:30,25.08,21300,25.07,U
sz000400,许继电气,2025-10-20 11:17:39,25.11,10500,25.09,U
sz000400,许继电气,2025-10-20 11:18:12,25.11,13100,25.1,U
sz000400,许继电气,2025-10-20 11:18:36,25.09,11200,25.1,D
sz000400,许继电气,2025-10-20 11:18:54,25.11,15400,25.1,U
sz000400,许继电气,2025-10-20 11:20:39,25.11,10900,25.11,U
sz000400,许继电气,2025-10-20 11:22:00,25.08,59600,25.09,D
sz000400,许继电气,2025-10-20 11:23:09,25.06,19400,25.08,D
sz000400,许继电气,2025-10-20 11:23:57,25.1,27800,25.1,U
sz000400,许继电气,2025-10-20 11:24:42,25.11,13700,25.08,U
sz000400,许继电气,2025-10-20 11:24:57,25.1,20900,25.1,D
sz000400,许继电气,2025-10-20 11:25:51,25.11,9800,25.1,U
sz000400,许继电气,2025-10-20 11:26:45,25.11,12000,25.11,U
sz000400,许继电气,2025-10-20 11:26:48,25.12,12400,25.11,U
sz000400,许继电气,2025-10-20 11:27:12,25.1,10000,25.12,D
sz000400,许继电气,2025-10-20 11:27:54,25.1,52700,25.1,D
sz000400,许继电气,2025-10-20 13:00:00,25.09,9000,25.09,U
sz000400,许继电气,2025-10-20 13:00:03,25.09,41000,25.09,D
sz000400,许继电气,2025-10-20 13:00:06,25.07,9700,25.09,D
sz000400,许继电气,2025-10-20 13:00:54,25.06,10400,25.07,D
sz000400,许继电气,2025-10-20 13:01:00,25.06,9400,25.06,U
sz000400,许继电气,2025-10-20 13:02:21,25.05,19200,25.05,D
sz000400,许继电气,2025-10-20 13:02:51,25.05,14500,25.05,D
sz000400,许继电气,2025-10-20 13:03:15,25.06,41900,25.05,U
sz000400,许继电气,2025-10-20 13:03:18,25.07,12400,25.06,U
sz000400,许继电气,2025-10-20 13:07:09,25.01,18400,25.01,D
sz000400,许继电气,2025-10-20 13:07:27,25.02,15800,25.0,U
sz000400,许继电气,2025-10-20 13:08:51,24.99,25300,25.01,D
sz000400,许继电气,2025-10-20 13:10:24,24.98,18244,24.99,D
sz000400,许继电气,2025-10-20 13:11:27,24.97,14700,24.95,U
sz000400,许继电气,2025-10-20 13:11:54,24.96,14100,24.97,D
sz000400,许继电气,2025-10-20 13:12:00,24.96,10300,24.97,D
sz000400,许继电气,2025-10-20 13:12:30,24.96,14556,24.96,U
sz000400,许继电气,2025-10-20 13:12:48,24.95,10200,24.95,D
sz000400,许继电气,2025-10-20 13:13:06,24.94,8344,24.94,D
sz000400,许继电气,2025-10-20 13:13:21,24.92,9800,24.92,D
sz000400,许继电气,2025-10-20 13:13:33,24.91,10500,24.92,D
sz000400,许继电气,2025-10-20 13:13:48,24.92,28200,24.91,U
sz000400,许继电气,2025-10-20 13:13:51,24.91,13100,24.92,E
sz000400,许继电气,2025-10-20 13:13:54,24.9,24100,24.91,D
sz000400,许继电气,2025-10-20 13:13:57,24.9,11000,24.9,D
sz000400,许继电气,2025-10-20 13:14:12,24.9,29700,24.9,D
sz000400,许继电气,2025-10-20 13:14:18,24.92,18200,24.9,U
sz000400,许继电气,2025-10-20 13:14:30,24.9,13800,24.89,U
sz000400,许继电气,2025-10-20 13:14:33,24.92,14500,24.9,U
sz000400,许继电气,2025-10-20 13:14:39,24.92,12300,24.9,U
sz000400,许继电气,2025-10-20 13:14:42,24.88,8400,24.92,D
sz000400,许继电气,2025-10-20 13:15:57,24.94,22356,24.93,U
sz000400,许继电气,2025-10-20 13:18:09,24.94,13700,24.94,D
sz000400,许继电气,2025-10-20 13:19:00,24.94,10400,24.93,U
sz000400,许继电气,2025-10-20 13:19:21,24.93,9700,24.93,D
sz000400,许继电气,2025-10-20 13:19:30,24.94,22200,24.93,U
sz000400,许继电气,2025-10-20 13:19:33,24.95,23300,24.94,U
sz000400,许继电气,2025-10-20 13:19:48,24.94,10100,24.93,U
sz000400,许继电气,2025-10-20 13:19:54,24.95,16500,24.94,U
sz000400,许继电气,2025-10-20 13:22:30,24.99,8300,24.99,U
sz000400,许继电气,2025-10-20 13:22:33,24.99,26300,24.99,U
sz000400,许继电气,2025-10-20 13:22:48,24.99,15300,24.99,U
sz000400,许继电气,2025-10-20 13:22:51,24.98,18200,24.99,D
sz000400,许继电气,2025-10-20 13:25:39,24.94,10500,24.94,U
sz000400,许继电气,2025-10-20 13:26:03,24.97,54200,24.95,U
sz000400,许继电气,2025-10-20 13:27:48,24.96,11000,24.95,U
sz000400,许继电气,2025-10-20 13:28:06,24.93,26400,24.95,D
sz000400,许继电气,2025-10-20 13:29:00,24.92,10200,24.93,D
sz000400,许继电气,2025-10-20 13:29:03,24.91,16100,24.92,D
sz000400,许继电气,2025-10-20 13:29:48,24.93,29400,24.91,U
sz000400,许继电气,2025-10-20 13:30:18,24.95,12300,24.93,U
sz000400,许继电气,2025-10-20 13:30:21,24.93,14300,24.95,D
sz000400,许继电气,2025-10-20 13:30:54,24.95,15500,24.94,U
sz000400,许继电气,2025-10-20 13:31:42,24.93,10900,24.95,D
sz000400,许继电气,2025-10-20 13:32:24,24.91,9500,24.92,D
sz000400,许继电气,2025-10-20 13:32:54,24.92,8100,24.92,U
sz000400,许继电气,2025-10-20 13:32:57,24.92,8200,24.92,U
sz000400,许继电气,2025-10-20 13:34:21,24.9,39400,24.9,D
sz000400,许继电气,2025-10-20 13:34:30,24.89,18800,24.9,D
sz000400,许继电气,2025-10-20 13:34:54,24.88,42400,24.88,D
sz000400,许继电气,2025-10-20 13:34:57,24.9,167400,24.88,U
sz000400,许继电气,2025-10-20 13:37:00,24.91,10400,24.91,D
sz000400,许继电气,2025-10-20 13:37:06,24.94,41900,24.92,U
sz000400,许继电气,2025-10-20 13:38:21,24.96,8400,24.95,U
sz000400,许继电气,2025-10-20 13:43:21,24.94,9100,24.94,U
sz000400,许继电气,2025-10-20 13:46:09,24.95,37700,24.94,U
sz000400,许继电气,2025-10-20 13:46:12,24.95,13400,24.95,U
sz000400,许继电气,2025-10-20 13:46:39,24.97,10300,24.97,U
sz000400,许继电气,2025-10-20 13:47:45,24.98,8600,24.98,U
sz000400,许继电气,2025-10-20 13:47:48,24.98,9200,24.98,U
sz000400,许继电气,2025-10-20 13:47:54,24.99,27100,24.98,U
sz000400,许继电气,2025-10-20 13:48:51,24.99,50800,24.98,U
sz000400,许继电气,2025-10-20 13:48:54,25.0,12400,24.99,U
sz000400,许继电气,2025-10-20 13:49:12,24.99,54800,25.0,D
sz000400,许继电气,2025-10-20 13:52:45,25.03,11500,25.02,U
sz000400,许继电气,2025-10-20 13:52:48,25.03,9800,25.03,U
sz000400,许继电气,2025-10-20 13:56:54,25.01,23300,25.01,U
sz000400,许继电气,2025-10-20 13:57:18,25.04,107400,25.01,U
sz000400,许继电气,2025-10-20 13:57:21,25.05,20700,25.04,U
sz000400,许继电气,2025-10-20 13:57:51,25.08,27400,25.07,U
sz000400,许继电气,2025-10-20 13:58:09,25.09,29200,25.09,U
sz000400,许继电气,2025-10-20 13:59:06,25.09,8600,25.09,U
sz000400,许继电气,2025-10-20 13:59:33,25.09,28600,25.08,U
sz000400,许继电气,2025-10-20 14:00:03,25.07,22800,25.09,D
sz000400,许继电气,2025-10-20 14:01:03,25.06,8700,25.06,D
sz000400,许继电气,2025-10-20 14:02:12,25.04,8400,25.04,U
sz000400,许继电气,2025-10-20 14:02:54,25.05,9500,25.05,U
sz000400,许继电气,2025-10-20 14:03:39,25.04,18800,25.06,D
sz000400,许继电气,2025-10-20 14:06:39,25.01,13700,25.03,D
sz000400,许继电气,2025-10-20 14:07:21,25.0,20200,25.01,D
sz000400,许继电气,2025-10-20 14:07:30,25.0,26500,25.01,D
sz000400,许继电气,2025-10-20 14:07:51,24.99,11500,25.0,D
sz000400,许继电气,2025-10-20 14:08:51,24.98,34100,24.99,D
sz000400,许继电气,2025-10-20 14:08:54,24.97,62500,24.98,E
sz000400,许继电气,2025-10-20 14:08:57,24.98,11000,24.97,E
sz000400,许继电气,2025-10-20 14:09:00,24.99,21300,24.98,U
sz000400,许继电气,2025-10-20 14:09:03,24.99,51900,24.99,U
sz000400,许继电气,2025-10-20 14:09:09,24.98,11400,24.98,U
sz000400,许继电气,2025-10-20 14:09:24,24.96,17700,24.97,D
sz000400,许继电气,2025-10-20 14:11:15,24.96,50600,24.96,D
sz000400,许继电气,2025-10-20 14:11:39,24.97,11500,24.97,U
sz000400,许继电气,2025-10-20 14:12:09,24.96,9800,24.97,D
sz000400,许继电气,2025-10-20 14:12:45,24.96,38500,24.96,U
sz000400,许继电气,2025-10-20 14:12:54,24.97,18300,24.96,U
sz000400,许继电气,2025-10-20 14:12:57,24.97,14100,24.97,U
sz000400,许继电气,2025-10-20 14:13:30,24.96,44400,24.97,D
sz000400,许继电气,2025-10-20 14:13:39,24.96,21400,24.96,U
sz000400,许继电气,2025-10-20 14:13:54,24.96,21200,24.96,U
sz000400,许继电气,2025-10-20 14:13:57,24.96,10500,24.96,D
sz000400,许继电气,2025-10-20 14:14:06,24.98,19700,24.97,U
sz000400,许继电气,2025-10-20 14:14:09,24.98,22000,24.98,U
sz000400,许继电气,2025-10-20 14:14:33,24.98,9500,24.98,U
sz000400,许继电气,2025-10-20 14:14:36,24.99,14500,24.98,U
sz000400,许继电气,2025-10-20 14:16:18,24.95,39100,24.97,D
sz000400,许继电气,2025-10-20 14:16:30,24.98,8100,24.96,U
sz000400,许继电气,2025-10-20 14:17:03,24.98,47200,24.98,U
sz000400,许继电气,2025-10-20 14:17:06,24.99,20300,24.98,U
sz000400,许继电气,2025-10-20 14:17:09,24.98,12800,24.99,D
sz000400,许继电气,2025-10-20 14:17:15,25.0,20500,24.99,U
sz000400,许继电气,2025-10-20 14:17:39,25.0,40200,24.98,U
sz000400,许继电气,2025-10-20 14:17:42,25.0,65200,25.0,D
sz000400,许继电气,2025-10-20 14:17:45,25.0,16900,25.0,E
sz000400,许继电气,2025-10-20 14:17:54,24.98,19900,24.99,D
sz000400,许继电气,2025-10-20 14:18:42,24.98,11000,25.0,D
sz000400,许继电气,2025-10-20 14:18:45,24.97,12000,24.98,D
sz000400,许继电气,2025-10-20 14:18:48,25.0,69100,24.97,U
sz000400,许继电气,2025-10-20 14:19:18,24.99,10800,25.0,D
sz000400,许继电气,2025-10-20 14:20:39,24.97,10400,24.97,U
sz000400,许继电气,2025-10-20 14:20:51,24.98,24900,24.97,U
sz000400,许继电气,2025-10-20 14:21:00,25.01,91200,24.98,U
sz000400,许继电气,2025-10-20 14:21:03,25.01,12700,25.01,U
sz000400,许继电气,2025-10-20 14:21:27,25.02,28200,25.01,U
sz000400,许继电气,2025-10-20 14:21:30,25.02,38100,25.02,U
sz000400,许继电气,2025-10-20 14:21:42,25.03,33900,25.04,D
sz000400,许继电气,2025-10-20 14:21:45,25.02,11800,25.03,D
sz000400,许继电气,2025-10-20 14:22:33,25.02,10100,25.0,U
sz000400,许继电气,2025-10-20 14:22:36,25.03,127500,25.02,U
sz000400,许继电气,2025-10-20 14:22:51,25.0,10800,25.03,D
sz000400,许继电气,2025-10-20 14:24:15,25.01,8700,25.02,D
sz000400,许继电气,2025-10-20 14:24:18,25.01,30900,25.01,D
sz000400,许继电气,2025-10-20 14:24:24,25.01,29400,25.02,D
sz000400,许继电气,2025-10-20 14:25:00,25.02,8000,25.02,U
sz000400,许继电气,2025-10-20 14:26:30,25.04,14400,25.04,U
sz000400,许继电气,2025-10-20 14:27:06,25.05,9800,25.05,U
sz000400,许继电气,2025-10-20 14:27:51,25.04,13100,25.05,D
sz000400,许继电气,2025-10-20 14:28:00,25.04,32500,25.03,U
sz000400,许继电气,2025-10-20 14:28:12,25.05,19500,25.04,U
sz000400,许继电气,2025-10-20 14:29:21,25.05,18400,25.05,U
sz000400,许继电气,2025-10-20 14:29:24,25.06,12800,25.05,U
sz000400,许继电气,2025-10-20 14:29:54,25.06,19100,25.05,U
sz000400,许继电气,2025-10-20 14:29:57,25.05,19100,25.06,E
sz000400,许继电气,2025-10-20 14:30:51,25.03,44800,25.05,D
sz000400,许继电气,2025-10-20 14:31:06,25.02,10100,25.03,D
sz000400,许继电气,2025-10-20 14:32:03,25.0,11900,25.01,D
sz000400,许继电气,2025-10-20 14:32:09,25.0,11300,25.01,D
sz000400,许继电气,2025-10-20 14:32:12,25.01,10400,25.0,D
sz000400,许继电气,2025-10-20 14:33:24,25.0,10700,25.0,U
sz000400,许继电气,2025-10-20 14:36:15,25.02,76700,25.0,U
sz000400,许继电气,2025-10-20 14:36:18,25.0,18900,25.02,D
sz000400,许继电气,2025-10-20 14:36:27,25.04,21200,25.03,U
sz000400,许继电气,2025-10-20 14:36:33,25.02,17200,25.02,D
sz000400,许继电气,2025-10-20 14:38:09,25.02,12300,25.01,U
sz000400,许继电气,2025-10-20 14:38:36,25.0,8700,25.0,D
sz000400,许继电气,2025-10-20 14:38:39,25.01,9000,25.0,U
sz000400,许继电气,2025-10-20 14:38:42,25.01,10700,25.01,U
sz000400,许继电气,2025-10-20 14:39:15,25.03,13700,25.02,U
sz000400,许继电气,2025-10-20 14:39:18,25.06,48400,25.03,U
sz000400,许继电气,2025-10-20 14:39:27,25.06,11800,25.06,U
sz000400,许继电气,2025-10-20 14:39:36,25.05,14800,25.06,D
sz000400,许继电气,2025-10-20 14:40:12,25.06,32400,25.05,U
sz000400,许继电气,2025-10-20 14:40:15,25.06,9500,25.06,U
sz000400,许继电气,2025-10-20 14:41:03,25.06,28800,25.06,U
sz000400,许继电气,2025-10-20 14:41:06,25.07,32900,25.06,U
sz000400,许继电气,2025-10-20 14:41:24,25.08,8700,25.07,U
sz000400,许继电气,2025-10-20 14:42:45,25.07,9300,25.08,D
sz000400,许继电气,2025-10-20 14:43:03,25.08,38600,25.08,U
sz000400,许继电气,2025-10-20 14:43:06,25.09,13000,25.08,U
sz000400,许继电气,2025-10-20 14:43:09,25.09,8100,25.09,U
sz000400,许继电气,2025-10-20 14:43:12,25.09,21500,25.09,U
sz000400,许继电气,2025-10-20 14:44:03,25.1,13600,25.1,U
sz000400,许继电气,2025-10-20 14:44:27,25.09,17000,25.09,U
sz000400,许继电气,2025-10-20 14:45:03,25.06,9100,25.07,D
sz000400,许继电气,2025-10-20 14:45:15,25.07,10000,25.06,U
sz000400,许继电气,2025-10-20 14:45:18,25.06,8800,25.07,D
sz000400,许继电气,2025-10-20 14:45:39,25.06,18600,25.07,D
sz000400,许继电气,2025-10-20 14:45:48,25.06,15500,25.07,D
sz000400,许继电气,2025-10-20 14:46:12,25.08,9400,25.07,U
sz000400,许继电气,2025-10-20 14:47:15,25.06,17600,25.08,D
sz000400,许继电气,2025-10-20 14:47:36,25.06,9300,25.06,D
sz000400,许继电气,2025-10-20 14:47:45,25.07,11900,25.07,U
sz000400,许继电气,2025-10-20 14:47:51,25.06,8100,25.08,D
sz000400,许继电气,2025-10-20 14:48:00,25.07,10600,25.08,D
sz000400,许继电气,2025-10-20 14:48:03,25.07,30800,25.07,U
sz000400,许继电气,2025-10-20 14:48:54,25.08,27100,25.08,U
sz000400,许继电气,2025-10-20 14:48:57,25.08,15100,25.08,U
sz000400,许继电气,2025-10-20 14:49:00,25.09,25400,25.08,U
sz000400,许继电气,2025-10-20 14:49:03,25.12,203400,25.09,U
sz000400,许继电气,2025-10-20 14:49:06,25.13,72600,25.12,U
sz000400,许继电气,2025-10-20 14:49:09,25.12,43200,25.13,D
sz000400,许继电气,2025-10-20 14:49:12,25.1,18600,25.12,D
sz000400,许继电气,2025-10-20 14:49:15,25.14,15900,25.1,U
sz000400,许继电气,2025-10-20 14:49:36,25.13,8700,25.13,U
sz000400,许继电气,2025-10-20 14:49:45,25.13,9200,25.13,D
sz000400,许继电气,2025-10-20 14:49:51,25.13,15900,25.13,U
sz000400,许继电气,2025-10-20 14:49:54,25.14,21100,25.13,U
sz000400,许继电气,2025-10-20 14:49:57,25.13,10800,25.14,E
sz000400,许继电气,2025-10-20 14:50:00,25.13,22000,25.13,U
sz000400,许继电气,2025-10-20 14:50:03,25.12,17300,25.13,D
sz000400,许继电气,2025-10-20 14:50:09,25.13,21100,25.13,D
sz000400,许继电气,2025-10-20 14:50:39,25.12,8100,25.12,U
sz000400,许继电气,2025-10-20 14:50:51,25.12,14600,25.1,U
sz000400,许继电气,2025-10-20 14:50:54,25.1,9000,25.12,D
sz000400,许继电气,2025-10-20 14:50:57,25.1,30000,25.1,D
sz000400,许继电气,2025-10-20 14:51:18,25.1,71100,25.09,U
sz000400,许继电气,2025-10-20 14:51:21,25.09,29900,25.1,D
sz000400,许继电气,2025-10-20 14:51:24,25.1,25700,25.09,U
sz000400,许继电气,2025-10-20 14:51:27,25.1,34300,25.1,D
sz000400,许继电气,2025-10-20 14:51:33,25.08,23000,25.1,D
sz000400,许继电气,2025-10-20 14:51:36,25.08,46800,25.08,D
sz000400,许继电气,2025-10-20 14:52:27,25.09,15800,25.09,U
sz000400,许继电气,2025-10-20 14:52:36,25.08,8700,25.08,U
sz000400,许继电气,2025-10-20 14:52:39,25.1,47648,25.08,U
sz000400,许继电气,2025-10-20 14:52:45,25.1,60700,25.09,U
sz000400,许继电气,2025-10-20 14:52:51,25.12,22100,25.1,U
sz000400,许继电气,2025-10-20 14:52:57,25.12,12800,25.11,U
sz000400,许继电气,2025-10-20 14:53:00,25.13,10700,25.12,U
sz000400,许继电气,2025-10-20 14:53:12,25.12,29200,25.13,D
sz000400,许继电气,2025-10-20 14:53:18,25.12,10500,25.12,U
sz000400,许继电气,2025-10-20 14:53:24,25.12,16300,25.12,U
sz000400,许继电气,2025-10-20 14:53:30,25.13,31600,25.12,U
sz000400,许继电气,2025-10-20 14:53:39,25.13,62200,25.13,U
sz000400,许继电气,2025-10-20 14:53:45,25.14,8100,25.15,D
sz000400,许继电气,2025-10-20 14:53:48,25.14,8100,25.14,D
sz000400,许继电气,2025-10-20 14:53:54,25.15,21600,25.14,U
sz000400,许继电气,2025-10-20 14:54:00,25.15,9670,25.14,U
sz000400,许继电气,2025-10-20 14:54:03,25.14,19600,25.15,D
sz000400,许继电气,2025-10-20 14:54:06,25.14,12900,25.14,D
sz000400,许继电气,2025-10-20 14:54:09,25.14,39500,25.14,D
sz000400,许继电气,2025-10-20 14:54:15,25.14,16000,25.15,D
sz000400,许继电气,2025-10-20 14:54:18,25.15,11000,25.14,U
sz000400,许继电气,2025-10-20 14:54:27,25.15,22200,25.15,D
sz000400,许继电气,2025-10-20 14:54:36,25.15,15800,25.16,D
sz000400,许继电气,2025-10-20 14:54:39,25.16,64700,25.15,U
sz000400,许继电气,2025-10-20 14:54:54,25.17,10000,25.17,U
sz000400,许继电气,2025-10-20 14:54:57,25.16,76900,25.17,D
sz000400,许继电气,2025-10-20 14:55:00,25.16,26700,25.16,D
sz000400,许继电气,2025-10-20 14:55:09,25.16,9900,25.16,U
sz000400,许继电气,2025-10-20 14:55:12,25.15,9600,25.16,D
sz000400,许继电气,2025-10-20 14:55:15,25.15,8000,25.15,U
sz000400,许继电气,2025-10-20 14:55:27,25.15,8800,25.15,D
sz000400,许继电气,2025-10-20 14:55:30,25.16,8800,25.15,U
sz000400,许继电气,2025-10-20 14:55:33,25.15,66600,25.16,U
sz000400,许继电气,2025-10-20 14:55:39,25.14,14800,25.15,D
sz000400,许继电气,2025-10-20 14:55:42,25.14,8600,25.14,D
sz000400,许继电气,2025-10-20 14:55:51,25.15,10000,25.15,D
sz000400,许继电气,2025-10-20 14:55:57,25.14,10300,25.15,D
sz000400,许继电气,2025-10-20 14:56:03,25.15,17500,25.14,U
sz000400,许继电气,2025-10-20 14:56:18,25.13,9200,25.13,D
sz000400,许继电气,2025-10-20 14:56:27,25.14,12500,25.13,U
sz000400,许继电气,2025-10-20 14:56:36,25.14,8000,25.14,U
sz000400,许继电气,2025-10-20 14:56:39,25.14,8500,25.14,U
sz000400,许继电气,2025-10-20 14:56:42,25.13,12300,25.14,D
sz000400,许继电气,2025-10-20 14:56:48,25.14,13200,25.14,U
sz000400,许继电气,2025-10-20 14:56:51,25.14,43900,25.14,U
sz000400,许继电气,2025-10-20 14:56:54,25.13,31300,25.14,D
sz000400,许继电气,2025-10-20 14:56:57,25.14,39100,25.13,U
sz000400,许继电气,2025-10-20 14:57:00,25.13,9100,25.14,U
sz000400,许继电气,2025-10-20 15:00:00,25.12,437200,25.13,E
