symbol,name,ticktime,price,volume,prev_price,kind
sz000400,许继电气,2025-10-09 09:25:00,27.18,934300,0.0,D
sz000400,许继电气,2025-10-09 09:30:00,27.26,385500,27.18,U
sz000400,许继电气,2025-10-09 09:30:03,27.2,894400,27.26,D
sz000400,许继电气,2025-10-09 09:30:06,27.24,194400,27.2,E
sz000400,许继电气,2025-10-09 09:30:09,27.19,105800,27.24,D
sz000400,许继电气,2025-10-09 09:30:12,27.19,238400,27.19,D
sz000400,许继电气,2025-10-09 09:30:15,27.16,756100,27.19,D
sz000400,许继电气,2025-10-09 09:30:18,27.15,139500,27.16,D
sz000400,许继电气,2025-10-09 09:30:21,27.15,80900,27.15,D
sz000400,许继电气,2025-10-09 09:30:24,27.15,402700,27.15,D
sz000400,许继电气,2025-10-09 09:30:27,27.1,15900,27.15,D
sz000400,许继电气,2025-10-09 09:30:30,27.08,135900,27.1,D
sz000400,许继电气,2025-10-09 09:30:33,27.06,38500,27.08,D
sz000400,许继电气,2025-10-09 09:30:36,27.05,79800,27.06,D
sz000400,许继电气,2025-10-09 09:30:39,27.04,38900,27.05,D
sz000400,许继电气,2025-10-09 09:30:42,27.0,193300,27.04,D
sz000400,许继电气,2025-10-09 09:30:45,26.92,64900,27.0,D
sz000400,许继电气,2025-10-09 09:30:48,26.88,60100,26.92,D
sz000400,许继电气,2025-10-09 09:30:51,26.85,58000,26.88,D
sz000400,许继电气,2025-10-09 09:30:54,26.8,83000,26.85,D
sz000400,许继电气,2025-10-09 09:30:57,26.8,48900,26.8,D
sz000400,许继电气,2025-10-09 09:31:00,26.75,113500,26.8,D
sz000400,许继电气,2025-10-09 09:31:03,26.74,113900,26.75,D
sz000400,许继电气,2025-10-09 09:31:06,26.77,240600,26.74,U
sz000400,许继电气,2025-10-09 09:31:09,26.74,152800,26.77,D
sz000400,许继电气,2025-10-09 09:31:12,26.77,86400,26.74,U
sz000400,许继电气,2025-10-09 09:31:15,26.79,64500,26.77,U
sz000400,许继电气,2025-10-09 09:31:18,26.8,51500,26.79,U
sz000400,许继电气,2025-10-09 09:31:21,26.84,26000,26.8,U
sz000400,许继电气,2025-10-09 09:31:24,26.84,46300,26.84,U
sz000400,许继电气,2025-10-09 09:31:27,26.85,27800,26.84,U
sz000400,许继电气,2025-10-09 09:31:30,26.87,59100,26.85,U
sz000400,许继电气,2025-10-09 09:31:33,26.88,66700,26.87,U
sz000400,许继电气,2025-10-09 09:31:36,26.88,46200,26.88,U
sz000400,许继电气,2025-10-09 09:31:39,26.84,346300,26.88,D
sz000400,许继电气,2025-10-09 09:31:42,26.88,126400,26.84,U
sz000400,许继电气,2025-10-09 09:31:45,26.87,78800,26.88,U
sz000400,许继电气,2025-10-09 09:31:48,26.84,96300,26.87,D
sz000400,许继电气,2025-10-09 09:31:51,26.84,65700,26.84,U
sz000400,许继电气,2025-10-09 09:31:54,26.84,70500,26.84,U
sz000400,许继电气,2025-10-09 09:31:57,26.87,27800,26.84,U
sz000400,许继电气,2025-10-09 09:32:00,26.85,41100,26.87,D
sz000400,许继电气,2025-10-09 09:32:03,26.87,31500,26.85,E
sz000400,许继电气,2025-10-09 09:32:06,26.79,116500,26.87,D
sz000400,许继电气,2025-10-09 09:32:09,26.77,39200,26.79,D
sz000400,许继电气,2025-10-09 09:32:12,26.76,30300,26.77,D
sz000400,许继电气,2025-10-09 09:32:15,26.73,26200,26.76,D
sz000400,许继电气,2025-10-09 09:32:18,26.73,30900,26.73,D
sz000400,许继电气,2025-10-09 09:32:21,26.7,37800,26.73,D
sz000400,许继电气,2025-10-09 09:32:24,26.69,32400,26.7,D
sz000400,许继电气,2025-10-09 09:32:27,26.67,56400,26.69,D
sz000400,许继电气,2025-10-09 09:32:30,26.66,56400,26.67,D
sz000400,许继电气,2025-10-09 09:32:33,26.66,55100,26.66,U
sz000400,许继电气,2025-10-09 09:32:36,26.63,42500,26.66,D
sz000400,许继电气,2025-10-09 09:32:39,26.61,218600,26.63,D
sz000400,许继电气,2025-10-09 09:32:42,26.61,160918,26.61,D
sz000400,许继电气,2025-10-09 09:32:45,26.62,135400,26.61,D
sz000400,许继电气,2025-10-09 09:32:48,26.62,53200,26.62,D
sz000400,许继电气,2025-10-09 09:32:51,26.63,64400,26.62,D
sz000400,许继电气,2025-10-09 09:32:54,26.66,50100,26.63,U
sz000400,许继电气,2025-10-09 09:32:57,26.62,43000,26.66,D
sz000400,许继电气,2025-10-09 09:33:00,26.69,53400,26.62,U
sz000400,许继电气,2025-10-09 09:33:03,26.72,133800,26.69,U
sz000400,许继电气,2025-10-09 09:33:06,26.77,54900,26.72,U
sz000400,许继电气,2025-10-09 09:33:09,26.78,22800,26.77,U
sz000400,许继电气,2025-10-09 09:33:12,26.8,22000,26.78,U
sz000400,许继电气,2025-10-09 09:33:15,26.8,74900,26.8,D
sz000400,许继电气,2025-10-09 09:33:18,26.84,39500,26.8,U
sz000400,许继电气,2025-10-09 09:33:21,26.85,18500,26.84,U
sz000400,许继电气,2025-10-09 09:33:24,26.88,27300,26.85,U
sz000400,许继电气,2025-10-09 09:33:27,26.89,18600,26.88,U
sz000400,许继电气,2025-10-09 09:33:30,26.91,29100,26.89,U
sz000400,许继电气,2025-10-09 09:33:33,26.91,33800,26.91,D
sz000400,许继电气,2025-10-09 09:33:36,26.9,184500,26.91,D
sz000400,许继电气,2025-10-09 09:33:39,26.91,129800,26.9,U
sz000400,许继电气,2025-10-09 09:33:42,26.89,76600,26.91,E
sz000400,许继电气,2025-10-09 09:33:45,26.88,70900,26.89,E
sz000400,许继电气,2025-10-09 09:33:48,26.81,50300,26.88,E
sz000400,许继电气,2025-10-09 09:33:51,26.79,93400,26.81,D
sz000400,许继电气,2025-10-09 09:33:54,26.73,30900,26.79,D
sz000400,许继电气,2025-10-09 09:33:57,26.7,50300,26.73,D
sz000400,许继电气,2025-10-09 09:34:00,26.7,35900,26.7,D
sz000400,许继电气,2025-10-09 09:34:03,26.65,79800,26.7,D
sz000400,许继电气,2025-10-09 09:34:06,26.68,53900,26.65,E
sz000400,许继电气,2025-10-09 09:34:09,26.68,52700,26.68,D
sz000400,许继电气,2025-10-09 09:34:12,26.7,37600,26.68,U
sz000400,许继电气,2025-10-09 09:34:15,26.7,50400,26.7,D
sz000400,许继电气,2025-10-09 09:34:18,26.74,34600,26.7,U
sz000400,许继电气,2025-10-09 09:34:21,26.74,63700,26.74,U
sz000400,许继电气,2025-10-09 09:34:24,26.77,24300,26.74,U
sz000400,许继电气,2025-10-09 09:34:27,26.78,27100,26.77,U
sz000400,许继电气,2025-10-09 09:34:30,26.73,62600,26.78,D
sz000400,许继电气,2025-10-09 09:34:33,26.75,54900,26.73,E
sz000400,许继电气,2025-10-09 09:34:36,26.77,41800,26.75,U
sz000400,许继电气,2025-10-09 09:34:39,26.78,32100,26.77,U
sz000400,许继电气,2025-10-09 09:34:42,26.81,19500,26.78,U
sz000400,许继电气,2025-10-09 09:34:45,26.79,46700,26.81,D
sz000400,许继电气,2025-10-09 09:34:48,26.76,82200,26.79,D
sz000400,许继电气,2025-10-09 09:34:51,26.8,36700,26.76,E
sz000400,许继电气,2025-10-09 09:34:54,26.78,29200,26.8,E
sz000400,许继电气,2025-10-09 09:34:57,26.78,177700,26.78,U
sz000400,许继电气,2025-10-09 09:35:00,26.79,43500,26.78,U
sz000400,许继电气,2025-10-09 09:35:03,26.83,51200,26.79,U
sz000400,许继电气,2025-10-09 09:35:09,26.86,11900,26.84,U
sz000400,许继电气,2025-10-09 09:35:12,26.9,90000,26.86,U
sz000400,许继电气,2025-10-09 09:35:15,26.88,17700,26.9,E
sz000400,许继电气,2025-10-09 09:35:18,26.9,39200,26.88,U
sz000400,许继电气,2025-10-09 09:35:21,26.9,73900,26.9,U
sz000400,许继电气,2025-10-09 09:35:24,26.9,32000,26.9,D
sz000400,许继电气,2025-10-09 09:35:27,26.89,148600,26.9,D
sz000400,许继电气,2025-10-09 09:35:30,26.89,118000,26.89,U
sz000400,许继电气,2025-10-09 09:35:33,26.9,71400,26.89,U
sz000400,许继电气,2025-10-09 09:35:36,26.92,22500,26.9,U
sz000400,许继电气,2025-10-09 09:35:39,26.95,61700,26.92,U
sz000400,许继电气,2025-10-09 09:35:42,26.96,25100,26.95,U
sz000400,许继电气,2025-10-09 09:35:45,26.99,147000,26.96,U
sz000400,许继电气,2025-10-09 09:35:48,27.01,12700,26.99,E
sz000400,许继电气,2025-10-09 09:35:51,27.05,73800,27.01,U
sz000400,许继电气,2025-10-09 09:35:54,27.06,24000,27.05,D
sz000400,许继电气,2025-10-09 09:35:57,27.11,28300,27.06,U
sz000400,许继电气,2025-10-09 09:36:00,27.14,22400,27.11,U
sz000400,许继电气,2025-10-09 09:36:03,27.14,50000,27.14,U
sz000400,许继电气,2025-10-09 09:36:06,27.14,29100,27.14,U
sz000400,许继电气,2025-10-09 09:36:09,27.16,42900,27.14,U
sz000400,许继电气,2025-10-09 09:36:12,27.16,20200,27.16,U
sz000400,许继电气,2025-10-09 09:36:15,27.16,91600,27.16,D
sz000400,许继电气,2025-10-09 09:36:18,27.16,58200,27.16,D
sz000400,许继电气,2025-10-09 09:36:21,27.14,255000,27.16,D
sz000400,许继电气,2025-10-09 09:36:24,27.14,65700,27.14,U
sz000400,许继电气,2025-10-09 09:36:27,27.07,54700,27.14,D
sz000400,许继电气,2025-10-09 09:36:30,27.14,36500,27.07,U
sz000400,许继电气,2025-10-09 09:36:33,27.13,69100,27.14,E
sz000400,许继电气,2025-10-09 09:36:36,27.13,26700,27.13,U
sz000400,许继电气,2025-10-09 09:36:39,27.1,49500,27.13,D
sz000400,许继电气,2025-10-09 09:36:42,27.1,21800,27.1,D
sz000400,许继电气,2025-10-09 09:36:45,27.1,59500,27.1,U
sz000400,许继电气,2025-10-09 09:36:48,27.02,65500,27.1,D
sz000400,许继电气,2025-10-09 09:36:51,27.0,24500,27.02,D
sz000400,许继电气,2025-10-09 09:36:54,27.0,13200,27.0,D
sz000400,许继电气,2025-10-09 09:36:57,27.0,26300,27.0,D
sz000400,许继电气,2025-10-09 09:37:00,26.99,30700,27.0,D
sz000400,许继电气,2025-10-09 09:37:03,26.97,50600,26.99,D
sz000400,许继电气,2025-10-09 09:37:06,26.98,31300,26.97,U
sz000400,许继电气,2025-10-09 09:37:09,26.95,37800,26.98,D
sz000400,许继电气,2025-10-09 09:37:12,26.95,28800,26.95,D
sz000400,许继电气,2025-10-09 09:37:15,26.95,32800,26.95,D
sz000400,许继电气,2025-10-09 09:37:18,26.92,100300,26.95,D
sz000400,许继电气,2025-10-09 09:37:21,26.92,31900,26.92,U
sz000400,许继电气,2025-10-09 09:37:24,26.91,10800,26.92,D
sz000400,许继电气,2025-10-09 09:37:27,26.91,31400,26.91,D
sz000400,许继电气,2025-10-09 09:37:30,26.9,26300,26.91,D
sz000400,许继电气,2025-10-09 09:37:33,26.91,16600,26.9,E
sz000400,许继电气,2025-10-09 09:37:36,26.9,75200,26.91,D
sz000400,许继电气,2025-10-09 09:37:39,26.88,29000,26.9,D
sz000400,许继电气,2025-10-09 09:37:42,26.9,16700,26.88,U
sz000400,许继电气,2025-10-09 09:37:45,26.87,25800,26.9,D
sz000400,许继电气,2025-10-09 09:37:48,26.87,27300,26.87,U
sz000400,许继电气,2025-10-09 09:37:51,26.87,30900,26.87,U
sz000400,许继电气,2025-10-09 09:37:54,26.86,59900,26.87,D
sz000400,许继电气,2025-10-09 09:37:57,26.87,19300,26.86,U
sz000400,许继电气,2025-10-09 09:38:00,26.87,22400,26.87,D
sz000400,许继电气,2025-10-09 09:38:06,26.87,17900,26.86,U
sz000400,许继电气,2025-10-09 09:38:09,26.87,39500,26.87,D
sz000400,许继电气,2025-10-09 09:38:12,26.87,42800,26.87,D
sz000400,许继电气,2025-10-09 09:38:15,26.88,25300,26.87,U
sz000400,许继电气,2025-10-09 09:38:18,26.88,22700,26.88,U
sz000400,许继电气,2025-10-09 09:38:21,26.88,18600,26.88,D
sz000400,许继电气,2025-10-09 09:38:24,26.88,15700,26.88,D
sz000400,许继电气,2025-10-09 09:38:27,26.91,53300,26.88,U
sz000400,许继电气,2025-10-09 09:38:30,26.91,14400,26.91,D
sz000400,许继电气,2025-10-09 09:38:33,26.94,21300,26.91,U
sz000400,许继电气,2025-10-09 09:38:36,26.97,10800,26.94,U
sz000400,许继电气,2025-10-09 09:38:39,26.95,42200,26.97,D
sz000400,许继电气,2025-10-09 09:38:42,27.0,29000,26.95,U
sz000400,许继电气,2025-10-09 09:38:45,26.99,33500,27.0,D
sz000400,许继电气,2025-10-09 09:38:48,27.0,27300,26.99,U
sz000400,许继电气,2025-10-09 09:38:51,27.0,19600,27.0,U
sz000400,许继电气,2025-10-09 09:38:54,27.0,20200,27.0,D
sz000400,许继电气,2025-10-09 09:38:57,27.0,96548,27.0,D
sz000400,许继电气,2025-10-09 09:39:00,27.0,105600,27.0,D
sz000400,许继电气,2025-10-09 09:39:03,26.89,205200,27.0,D
sz000400,许继电气,2025-10-09 09:39:06,26.86,206400,26.89,D
sz000400,许继电气,2025-10-09 09:39:09,26.93,16700,26.86,U
sz000400,许继电气,2025-10-09 09:39:12,26.93,11900,26.93,U
sz000400,许继电气,2025-10-09 09:39:15,26.91,39100,26.93,E
sz000400,许继电气,2025-10-09 09:39:18,26.94,18100,26.91,E
sz000400,许继电气,2025-10-09 09:39:21,27.01,88400,26.94,U
sz000400,许继电气,2025-10-09 09:39:24,27.08,28300,27.01,U
sz000400,许继电气,2025-10-09 09:39:27,27.02,87100,27.08,D
sz000400,许继电气,2025-10-09 09:39:30,27.25,265647,27.02,U
sz000400,许继电气,2025-10-09 09:39:33,27.25,19350,27.25,U
sz000400,许继电气,2025-10-09 09:39:36,27.27,59400,27.25,U
sz000400,许继电气,2025-10-09 09:39:39,27.25,53500,27.27,D
sz000400,许继电气,2025-10-09 09:39:42,27.27,64000,27.25,U
sz000400,许继电气,2025-10-09 09:39:45,27.27,57000,27.27,U
sz000400,许继电气,2025-10-09 09:39:48,27.27,105300,27.27,U
sz000400,许继电气,2025-10-09 09:39:51,27.26,140700,27.27,D
sz000400,许继电气,2025-10-09 09:39:54,27.29,111000,27.26,U
sz000400,许继电气,2025-10-09 09:39:57,27.3,61500,27.29,U
sz000400,许继电气,2025-10-09 09:40:00,27.28,72200,27.3,E
sz000400,许继电气,2025-10-09 09:40:03,27.27,53500,27.28,E
sz000400,许继电气,2025-10-09 09:40:06,27.29,56600,27.27,U
sz000400,许继电气,2025-10-09 09:40:09,27.28,57350,27.29,D
sz000400,许继电气,2025-10-09 09:40:12,27.28,60450,27.28,D
sz000400,许继电气,2025-10-09 09:40:15,27.29,60250,27.28,U
sz000400,许继电气,2025-10-09 09:40:18,27.28,42750,27.29,D
sz000400,许继电气,2025-10-09 09:40:21,27.28,19400,27.28,U
sz000400,许继电气,2025-10-09 09:40:24,27.28,38400,27.28,D
sz000400,许继电气,2025-10-09 09:40:27,27.29,58200,27.28,U
sz000400,许继电气,2025-10-09 09:40:30,27.29,63400,27.29,U
sz000400,许继电气,2025-10-09 09:40:33,27.28,70000,27.29,D
sz000400,许继电气,2025-10-09 09:40:36,27.29,59400,27.28,U
sz000400,许继电气,2025-10-09 09:40:39,27.29,38800,27.29,U
sz000400,许继电气,2025-10-09 09:40:42,27.28,30600,27.29,D
sz000400,许继电气,2025-10-09 09:40:45,27.27,87800,27.28,D
sz000400,许继电气,2025-10-09 09:40:48,27.27,22900,27.27,D
sz000400,许继电气,2025-10-09 09:40:51,27.25,50500,27.27,D
sz000400,许继电气,2025-10-09 09:40:54,27.28,30300,27.25,U
sz000400,许继电气,2025-10-09 09:40:57,27.27,33100,27.28,D
sz000400,许继电气,2025-10-09 09:41:00,27.26,45400,27.27,D
sz000400,许继电气,2025-10-09 09:41:03,27.28,89700,27.26,U
sz000400,许继电气,2025-10-09 09:41:06,27.26,26300,27.28,D
sz000400,许继电气,2025-10-09 09:41:09,27.27,32000,27.26,U
sz000400,许继电气,2025-10-09 09:41:12,27.27,8300,27.27,U
sz000400,许继电气,2025-10-09 09:41:15,27.27,119000,27.27,U
sz000400,许继电气,2025-10-09 09:41:18,27.29,38800,27.27,U
sz000400,许继电气,2025-10-09 09:41:21,27.29,64100,27.29,U
sz000400,许继电气,2025-10-09 09:41:24,27.29,47800,27.29,U
sz000400,许继电气,2025-10-09 09:41:27,27.28,44000,27.29,D
sz000400,许继电气,2025-10-09 09:41:30,27.29,86600,27.28,U
sz000400,许继电气,2025-10-09 09:41:33,27.28,80200,27.29,E
sz000400,许继电气,2025-10-09 09:41:36,27.28,30700,27.28,U
sz000400,许继电气,2025-10-09 09:41:39,27.29,36200,27.28,U
sz000400,许继电气,2025-10-09 09:41:42,27.29,49000,27.29,U
sz000400,许继电气,2025-10-09 09:41:45,27.3,39400,27.29,U
sz000400,许继电气,2025-10-09 09:41:48,27.3,40800,27.3,U
sz000400,许继电气,2025-10-09 09:41:51,27.3,80500,27.3,U
sz000400,许继电气,2025-10-09 09:41:54,27.3,82400,27.3,U
sz000400,许继电气,2025-10-09 09:41:57,27.31,66150,27.3,U
sz000400,许继电气,2025-10-09 09:42:00,27.31,65900,27.31,U
sz000400,许继电气,2025-10-09 09:42:03,27.31,19500,27.31,U
sz000400,许继电气,2025-10-09 09:42:06,27.3,110100,27.31,D
sz000400,许继电气,2025-10-09 09:42:09,27.27,174500,27.3,D
sz000400,许继电气,2025-10-09 09:42:12,27.27,72050,27.27,U
sz000400,许继电气,2025-10-09 09:42:15,27.23,53600,27.27,E
sz000400,许继电气,2025-10-09 09:42:18,27.2,21900,27.23,E
sz000400,许继电气,2025-10-09 09:42:21,27.18,41800,27.2,E
sz000400,许继电气,2025-10-09 09:42:24,27.18,8600,27.18,D
sz000400,许继电气,2025-10-09 09:42:27,27.2,14700,27.18,U
sz000400,许继电气,2025-10-09 09:42:30,27.18,29600,27.2,D
sz000400,许继电气,2025-10-09 09:42:33,27.17,19400,27.18,D
sz000400,许继电气,2025-10-09 09:42:36,27.17,85300,27.17,U
sz000400,许继电气,2025-10-09 09:42:39,27.16,52400,27.17,D
sz000400,许继电气,2025-10-09 09:42:42,27.16,37500,27.16,D
sz000400,许继电气,2025-10-09 09:42:45,27.16,24200,27.16,D
sz000400,许继电气,2025-10-09 09:42:48,27.15,22800,27.16,D
sz000400,许继电气,2025-10-09 09:42:51,27.15,15200,27.15,D
sz000400,许继电气,2025-10-09 09:42:54,27.15,47000,27.15,D
sz000400,许继电气,2025-10-09 09:42:57,27.14,28100,27.15,D
sz000400,许继电气,2025-10-09 09:43:00,27.14,19900,27.14,U
sz000400,许继电气,2025-10-09 09:43:03,27.12,57500,27.14,D
sz000400,许继电气,2025-10-09 09:43:06,27.11,8500,27.12,E
sz000400,许继电气,2025-10-09 09:43:09,27.12,10700,27.11,U
sz000400,许继电气,2025-10-09 09:43:12,27.1,17100,27.12,D
sz000400,许继电气,2025-10-09 09:43:15,27.06,19000,27.1,D
sz000400,许继电气,2025-10-09 09:43:18,27.06,60900,27.06,D
sz000400,许继电气,2025-10-09 09:43:21,27.06,38400,27.06,D
sz000400,许继电气,2025-10-09 09:43:24,27.06,8200,27.06,D
sz000400,许继电气,2025-10-09 09:43:27,27.07,10400,27.06,U
sz000400,许继电气,2025-10-09 09:43:30,27.07,15000,27.07,D
sz000400,许继电气,2025-10-09 09:43:33,27.08,32000,27.07,E
sz000400,许继电气,2025-10-09 09:43:36,27.08,14300,27.08,E
sz000400,许继电气,2025-10-09 09:43:39,27.09,34200,27.08,D
sz000400,许继电气,2025-10-09 09:43:42,27.08,12400,27.09,D
sz000400,许继电气,2025-10-09 09:43:45,27.08,19600,27.08,D
sz000400,许继电气,2025-10-09 09:43:48,27.07,93100,27.08,D
sz000400,许继电气,2025-10-09 09:43:51,27.07,22000,27.07,D
sz000400,许继电气,2025-10-09 09:43:54,27.07,22700,27.07,U
sz000400,许继电气,2025-10-09 09:43:57,27.08,20200,27.07,U
sz000400,许继电气,2025-10-09 09:44:00,27.07,34800,27.08,D
sz000400,许继电气,2025-10-09 09:44:03,27.07,17300,27.07,D
sz000400,许继电气,2025-10-09 09:44:06,27.09,38200,27.07,U
sz000400,许继电气,2025-10-09 09:44:09,27.09,22400,27.09,D
sz000400,许继电气,2025-10-09 09:44:12,27.11,15800,27.09,E
sz000400,许继电气,2025-10-09 09:44:15,27.09,10700,27.11,D
sz000400,许继电气,2025-10-09 09:44:18,27.12,40300,27.09,U
sz000400,许继电气,2025-10-09 09:44:21,27.11,17100,27.12,E
sz000400,许继电气,2025-10-09 09:44:24,27.11,24100,27.11,U
sz000400,许继电气,2025-10-09 09:44:27,27.04,219600,27.11,D
sz000400,许继电气,2025-10-09 09:44:30,27.06,30400,27.04,U
sz000400,许继电气,2025-10-09 09:44:33,27.03,29700,27.06,E
sz000400,许继电气,2025-10-09 09:44:36,27.05,11600,27.03,U
sz000400,许继电气,2025-10-09 09:44:39,26.98,101400,27.05,D
sz000400,许继电气,2025-10-09 09:44:42,27.0,53100,26.98,U
sz000400,许继电气,2025-10-09 09:44:45,26.97,12100,27.0,D
sz000400,许继电气,2025-10-09 09:44:48,26.97,28500,26.97,D
sz000400,许继电气,2025-10-09 09:44:54,26.96,16000,26.96,D
sz000400,许继电气,2025-10-09 09:44:57,26.96,12400,26.96,U
sz000400,许继电气,2025-10-09 09:45:00,26.93,18900,26.96,D
sz000400,许继电气,2025-10-09 09:45:03,26.94,15200,26.93,U
sz000400,许继电气,2025-10-09 09:45:06,26.92,23500,26.94,D
sz000400,许继电气,2025-10-09 09:45:09,26.92,21100,26.92,D
sz000400,许继电气,2025-10-09 09:45:12,26.92,38600,26.92,U
sz000400,许继电气,2025-10-09 09:45:15,26.92,24900,26.92,U
sz000400,许继电气,2025-10-09 09:45:18,26.95,25800,26.92,U
sz000400,许继电气,2025-10-09 09:45:24,26.93,17300,26.92,E
sz000400,许继电气,2025-10-09 09:45:27,26.94,50400,26.93,U
sz000400,许继电气,2025-10-09 09:45:30,26.92,76900,26.94,D
sz000400,许继电气,2025-10-09 09:45:33,26.9,138600,26.92,D
sz000400,许继电气,2025-10-09 09:45:36,26.9,15200,26.9,U
sz000400,许继电气,2025-10-09 09:45:39,26.9,11300,26.9,U
sz000400,许继电气,2025-10-09 09:45:42,26.9,11400,26.9,D
sz000400,许继电气,2025-10-09 09:45:45,26.89,18100,26.9,D
sz000400,许继电气,2025-10-09 09:45:48,26.9,29700,26.89,U
sz000400,许继电气,2025-10-09 09:45:51,26.9,39700,26.9,U
sz000400,许继电气,2025-10-09 09:45:54,26.89,23100,26.9,D
sz000400,许继电气,2025-10-09 09:46:00,26.86,16100,26.88,D
sz000400,许继电气,2025-10-09 09:46:03,26.86,42000,26.86,D
sz000400,许继电气,2025-10-09 09:46:06,26.88,37400,26.86,E
sz000400,许继电气,2025-10-09 09:46:09,26.86,19700,26.88,D
sz000400,许继电气,2025-10-09 09:46:12,26.9,9200,26.86,U
sz000400,许继电气,2025-10-09 09:46:15,26.89,8700,26.9,D
sz000400,许继电气,2025-10-09 09:46:18,26.91,147100,26.89,U
sz000400,许继电气,2025-10-09 09:46:21,26.91,10200,26.91,U
sz000400,许继电气,2025-10-09 09:46:24,26.92,17700,26.91,U
sz000400,许继电气,2025-10-09 09:46:27,26.92,16700,26.92,E
sz000400,许继电气,2025-10-09 09:46:30,26.91,12800,26.92,E
sz000400,许继电气,2025-10-09 09:46:33,26.91,36800,26.91,U
sz000400,许继电气,2025-10-09 09:46:36,26.88,25800,26.91,D
sz000400,许继电气,2025-10-09 09:46:39,26.86,52100,26.88,D
sz000400,许继电气,2025-10-09 09:46:42,26.85,39800,26.86,D
sz000400,许继电气,2025-10-09 09:46:45,26.9,20000,26.85,U
sz000400,许继电气,2025-10-09 09:46:48,26.82,14400,26.9,D
sz000400,许继电气,2025-10-09 09:46:51,26.82,14900,26.82,D
sz000400,许继电气,2025-10-09 09:46:54,26.81,23500,26.82,D
sz000400,许继电气,2025-10-09 09:47:00,26.85,8400,26.83,D
sz000400,许继电气,2025-10-09 09:47:03,26.81,27800,26.85,D
sz000400,许继电气,2025-10-09 09:47:06,26.89,69100,26.81,U
sz000400,许继电气,2025-10-09 09:47:09,26.87,10900,26.89,E
sz000400,许继电气,2025-10-09 09:47:12,26.89,11300,26.87,U
sz000400,许继电气,2025-10-09 09:47:15,26.88,16300,26.89,E
sz000400,许继电气,2025-10-09 09:47:21,26.89,33800,26.9,D
sz000400,许继电气,2025-10-09 09:47:24,26.9,11500,26.89,U
sz000400,许继电气,2025-10-09 09:47:27,26.89,18500,26.9,D
sz000400,许继电气,2025-10-09 09:47:30,26.9,9300,26.89,U
sz000400,许继电气,2025-10-09 09:47:33,26.9,7600,26.9,D
sz000400,许继电气,2025-10-09 09:47:36,26.9,54600,26.9,D
sz000400,许继电气,2025-10-09 09:47:39,26.89,62500,26.9,D
sz000400,许继电气,2025-10-09 09:47:42,26.92,20400,26.89,U
sz000400,许继电气,2025-10-09 09:47:45,26.9,9000,26.92,D
sz000400,许继电气,2025-10-09 09:47:48,26.9,23800,26.9,U
sz000400,许继电气,2025-10-09 09:47:51,26.9,29000,26.9,U
sz000400,许继电气,2025-10-09 09:47:54,26.9,65200,26.9,U
sz000400,许继电气,2025-10-09 09:47:57,26.92,29100,26.9,U
sz000400,许继电气,2025-10-09 09:48:03,26.92,21400,26.92,D
sz000400,许继电气,2025-10-09 09:48:09,26.93,7600,26.93,U
sz000400,许继电气,2025-10-09 09:48:12,26.93,34800,26.93,D
sz000400,许继电气,2025-10-09 09:48:15,26.93,32100,26.93,U
sz000400,许继电气,2025-10-09 09:48:18,26.9,170400,26.93,D
sz000400,许继电气,2025-10-09 09:48:21,26.9,71539,26.9,U
sz000400,许继电气,2025-10-09 09:48:24,26.87,13100,26.9,D
sz000400,许继电气,2025-10-09 09:48:27,26.87,22900,26.87,D
sz000400,许继电气,2025-10-09 09:48:30,26.86,45961,26.87,D
sz000400,许继电气,2025-10-09 09:48:33,26.84,53300,26.86,D
sz000400,许继电气,2025-10-09 09:48:36,26.84,36400,26.84,U
sz000400,许继电气,2025-10-09 09:48:39,26.82,31100,26.84,D
sz000400,许继电气,2025-10-09 09:48:42,26.82,46000,26.82,U
sz000400,许继电气,2025-10-09 09:48:45,26.8,68500,26.82,D
sz000400,许继电气,2025-10-09 09:48:48,26.82,26300,26.8,U
sz000400,许继电气,2025-10-09 09:48:51,26.82,33400,26.82,D
sz000400,许继电气,2025-10-09 09:48:54,26.82,10800,26.82,E
sz000400,许继电气,2025-10-09 09:48:57,26.82,36600,26.82,D
sz000400,许继电气,2025-10-09 09:49:03,26.8,23400,26.81,D
sz000400,许继电气,2025-10-09 09:49:06,26.8,20800,26.8,D
sz000400,许继电气,2025-10-09 09:49:09,26.82,9600,26.8,U
sz000400,许继电气,2025-10-09 09:49:12,26.8,78400,26.82,D
sz000400,许继电气,2025-10-09 09:49:15,26.79,8500,26.8,D
sz000400,许继电气,2025-10-09 09:49:18,26.79,53900,26.79,D
sz000400,许继电气,2025-10-09 09:49:21,26.78,20200,26.79,D
sz000400,许继电气,2025-10-09 09:49:24,26.78,31900,26.78,D
sz000400,许继电气,2025-10-09 09:49:27,26.77,31500,26.78,D
sz000400,许继电气,2025-10-09 09:49:30,26.77,47000,26.77,D
sz000400,许继电气,2025-10-09 09:49:33,26.76,52000,26.77,D
sz000400,许继电气,2025-10-09 09:49:36,26.76,64300,26.76,D
sz000400,许继电气,2025-10-09 09:49:39,26.76,19939,26.76,U
sz000400,许继电气,2025-10-09 09:49:42,26.75,36061,26.76,D
sz000400,许继电气,2025-10-09 09:49:45,26.75,11600,26.75,U
sz000400,许继电气,2025-10-09 09:49:48,26.75,21100,26.75,U
sz000400,许继电气,2025-10-09 09:49:51,26.74,37400,26.75,D
sz000400,许继电气,2025-10-09 09:49:54,26.75,18000,26.74,D
sz000400,许继电气,2025-10-09 09:49:57,26.75,12800,26.75,D
sz000400,许继电气,2025-10-09 09:50:00,26.75,83139,26.75,D
sz000400,许继电气,2025-10-09 09:50:03,26.75,42700,26.75,D
sz000400,许继电气,2025-10-09 09:50:06,26.75,22000,26.75,U
sz000400,许继电气,2025-10-09 09:50:09,26.74,20661,26.75,D
sz000400,许继电气,2025-10-09 09:50:12,26.74,25300,26.74,U
sz000400,许继电气,2025-10-09 09:50:15,26.74,31800,26.74,U
sz000400,许继电气,2025-10-09 09:50:18,26.73,39800,26.74,D
sz000400,许继电气,2025-10-09 09:50:21,26.73,16900,26.73,D
sz000400,许继电气,2025-10-09 09:50:24,26.72,23400,26.73,D
sz000400,许继电气,2025-10-09 09:50:27,26.73,9300,26.72,U
sz000400,许继电气,2025-10-09 09:50:30,26.7,209600,26.73,D
sz000400,许继电气,2025-10-09 09:50:33,26.7,20400,26.7,U
sz000400,许继电气,2025-10-09 09:50:36,26.69,23400,26.7,D
sz000400,许继电气,2025-10-09 09:50:39,26.69,14100,26.69,U
sz000400,许继电气,2025-10-09 09:50:42,26.67,38600,26.69,D
sz000400,许继电气,2025-10-09 09:50:45,26.67,29700,26.67,D
sz000400,许继电气,2025-10-09 09:50:48,26.67,14400,26.67,D
sz000400,许继电气,2025-10-09 09:50:54,26.66,27300,26.66,D
sz000400,许继电气,2025-10-09 09:50:57,26.65,65400,26.66,D
sz000400,许继电气,2025-10-09 09:51:00,26.66,30800,26.65,U
sz000400,许继电气,2025-10-09 09:51:03,26.66,12100,26.66,U
sz000400,许继电气,2025-10-09 09:51:06,26.65,20800,26.66,D
sz000400,许继电气,2025-10-09 09:51:09,26.65,38100,26.65,D
sz000400,许继电气,2025-10-09 09:51:12,26.65,10500,26.65,E
sz000400,许继电气,2025-10-09 09:51:15,26.64,42800,26.65,D
sz000400,许继电气,2025-10-09 09:51:18,26.64,18200,26.64,U
sz000400,许继电气,2025-10-09 09:51:21,26.63,16400,26.64,D
sz000400,许继电气,2025-10-09 09:51:24,26.64,26400,26.63,U
sz000400,许继电气,2025-10-09 09:51:30,26.66,39500,26.64,U
sz000400,许继电气,2025-10-09 09:51:33,26.65,17400,26.66,D
sz000400,许继电气,2025-10-09 09:51:36,26.65,15500,26.65,D
sz000400,许继电气,2025-10-09 09:51:39,26.65,76939,26.65,D
sz000400,许继电气,2025-10-09 09:51:42,26.65,13900,26.65,D
sz000400,许继电气,2025-10-09 09:51:45,26.66,27800,26.65,D
sz000400,许继电气,2025-10-09 09:51:51,26.65,27700,26.66,D
sz000400,许继电气,2025-10-09 09:51:54,26.66,77400,26.65,U
sz000400,许继电气,2025-10-09 09:51:57,26.67,20600,26.66,U
sz000400,许继电气,2025-10-09 09:52:00,26.66,30400,26.67,D
sz000400,许继电气,2025-10-09 09:52:03,26.67,51000,26.66,U
sz000400,许继电气,2025-10-09 09:52:06,26.65,40100,26.67,D
sz000400,许继电气,2025-10-09 09:52:12,26.66,14800,26.68,D
sz000400,许继电气,2025-10-09 09:52:15,26.68,12900,26.66,U
sz000400,许继电气,2025-10-09 09:52:21,26.69,28700,26.68,U
sz000400,许继电气,2025-10-09 09:52:24,26.69,23900,26.69,D
sz000400,许继电气,2025-10-09 09:52:27,26.69,39300,26.69,D
sz000400,许继电气,2025-10-09 09:52:30,26.68,47000,26.69,D
sz000400,许继电气,2025-10-09 09:52:33,26.69,18800,26.68,U
sz000400,许继电气,2025-10-09 09:52:36,26.7,11700,26.69,U
sz000400,许继电气,2025-10-09 09:52:39,26.7,21400,26.7,U
sz000400,许继电气,2025-10-09 09:52:42,26.7,18100,26.7,U
sz000400,许继电气,2025-10-09 09:52:48,26.71,7500,26.7,U
sz000400,许继电气,2025-10-09 09:52:51,26.71,16200,26.71,D
sz000400,许继电气,2025-10-09 09:52:57,26.72,9600,26.72,D
sz000400,许继电气,2025-10-09 09:53:09,26.75,8200,26.75,U
sz000400,许继电气,2025-10-09 09:53:12,26.75,13200,26.75,D
sz000400,许继电气,2025-10-09 09:53:15,26.77,20800,26.75,D
sz000400,许继电气,2025-10-09 09:53:18,26.8,11200,26.77,E
sz000400,许继电气,2025-10-09 09:53:21,26.76,81100,26.8,D
sz000400,许继电气,2025-10-09 09:53:24,26.79,26200,26.76,E
sz000400,许继电气,2025-10-09 09:53:27,26.79,47800,26.79,U
sz000400,许继电气,2025-10-09 09:53:30,26.88,42200,26.79,U
sz000400,许继电气,2025-10-09 09:53:33,26.82,23200,26.88,D
sz000400,许继电气,2025-10-09 09:53:36,26.83,7500,26.82,D
sz000400,许继电气,2025-10-09 09:53:39,26.85,12800,26.83,E
sz000400,许继电气,2025-10-09 09:53:45,26.88,16900,26.89,E
sz000400,许继电气,2025-10-09 09:53:48,26.85,18800,26.88,D
sz000400,许继电气,2025-10-09 09:53:51,26.86,13800,26.85,E
sz000400,许继电气,2025-10-09 09:53:54,26.87,15300,26.86,E
sz000400,许继电气,2025-10-09 09:53:57,26.88,9800,26.87,U
sz000400,许继电气,2025-10-09 09:54:00,26.88,90300,26.88,U
sz000400,许继电气,2025-10-09 09:54:03,26.88,17300,26.88,U
sz000400,许继电气,2025-10-09 09:54:06,26.88,13100,26.88,D
sz000400,许继电气,2025-10-09 09:54:09,26.85,47300,26.88,D
sz000400,许继电气,2025-10-09 09:54:12,26.86,16500,26.85,D
sz000400,许继电气,2025-10-09 09:54:15,26.83,23700,26.86,D
sz000400,许继电气,2025-10-09 09:54:18,26.84,36700,26.83,E
sz000400,许继电气,2025-10-09 09:54:21,26.81,24900,26.84,D
sz000400,许继电气,2025-10-09 09:54:27,26.8,78900,26.81,D
sz000400,许继电气,2025-10-09 09:54:30,26.8,14800,26.8,D
sz000400,许继电气,2025-10-09 09:54:33,26.8,29100,26.8,D
sz000400,许继电气,2025-10-09 09:54:36,26.79,30800,26.8,D
sz000400,许继电气,2025-10-09 09:54:39,26.79,8900,26.79,D
sz000400,许继电气,2025-10-09 09:54:42,26.79,16300,26.79,D
sz000400,许继电气,2025-10-09 09:54:45,26.79,25000,26.79,D
sz000400,许继电气,2025-10-09 09:54:48,26.79,27400,26.79,U
sz000400,许继电气,2025-10-09 09:54:51,26.78,11600,26.79,D
sz000400,许继电气,2025-10-09 09:54:57,26.76,84800,26.77,D
sz000400,许继电气,2025-10-09 09:55:03,26.76,24600,26.76,U
sz000400,许继电气,2025-10-09 09:55:06,26.72,16600,26.76,D
sz000400,许继电气,2025-10-09 09:55:09,26.72,15500,26.72,D
sz000400,许继电气,2025-10-09 09:55:15,26.71,33500,26.72,D
sz000400,许继电气,2025-10-09 09:55:18,26.71,107000,26.71,D
sz000400,许继电气,2025-10-09 09:55:24,26.7,14100,26.7,D
sz000400,许继电气,2025-10-09 09:55:27,26.7,51500,26.7,D
sz000400,许继电气,2025-10-09 09:55:33,26.69,31900,26.7,D
sz000400,许继电气,2025-10-09 09:55:36,26.7,68200,26.69,U
sz000400,许继电气,2025-10-09 09:55:39,26.68,7600,26.7,D
sz000400,许继电气,2025-10-09 09:55:42,26.68,13400,26.68,U
sz000400,许继电气,2025-10-09 09:55:48,26.65,51200,26.68,D
sz000400,许继电气,2025-10-09 09:55:54,26.68,9700,26.68,D
sz000400,许继电气,2025-10-09 09:55:57,26.7,131800,26.68,U
sz000400,许继电气,2025-10-09 09:56:00,26.69,8300,26.7,D
sz000400,许继电气,2025-10-09 09:56:06,26.69,19100,26.68,U
sz000400,许继电气,2025-10-09 09:56:09,26.69,7900,26.69,D
sz000400,许继电气,2025-10-09 09:56:12,26.68,8600,26.69,D
sz000400,许继电气,2025-10-09 09:56:15,26.68,10500,26.68,D
sz000400,许继电气,2025-10-09 09:56:18,26.69,23000,26.68,U
sz000400,许继电气,2025-10-09 09:56:27,26.69,15900,26.69,U
sz000400,许继电气,2025-10-09 09:56:30,26.69,52500,26.69,U
sz000400,许继电气,2025-10-09 09:56:33,26.7,9000,26.69,U
sz000400,许继电气,2025-10-09 09:56:36,26.69,21400,26.7,D
sz000400,许继电气,2025-10-09 09:56:42,26.69,18600,26.69,D
sz000400,许继电气,2025-10-09 09:56:45,26.69,31600,26.69,D
sz000400,许继电气,2025-10-09 09:56:48,26.69,31700,26.69,D
sz000400,许继电气,2025-10-09 09:56:54,26.68,22200,26.69,D
sz000400,许继电气,2025-10-09 09:56:57,26.69,24700,26.68,U
sz000400,许继电气,2025-10-09 09:57:00,26.69,13000,26.69,D
sz000400,许继电气,2025-10-09 09:57:03,26.69,32900,26.69,D
sz000400,许继电气,2025-10-09 09:57:06,26.68,11600,26.69,D
sz000400,许继电气,2025-10-09 09:57:12,26.68,22800,26.69,D
sz000400,许继电气,2025-10-09 09:57:15,26.68,42200,26.68,D
sz000400,许继电气,2025-10-09 09:57:18,26.68,10800,26.68,D
sz000400,许继电气,2025-10-09 09:57:21,26.68,9600,26.68,U
sz000400,许继电气,2025-10-09 09:57:24,26.68,11700,26.68,U
sz000400,许继电气,2025-10-09 09:57:27,26.68,14300,26.68,U
sz000400,许继电气,2025-10-09 09:57:39,26.69,10400,26.69,U
sz000400,许继电气,2025-10-09 09:57:45,26.7,17500,26.69,U
sz000400,许继电气,2025-10-09 09:57:48,26.69,8800,26.7,D
sz000400,许继电气,2025-10-09 09:57:54,26.69,41000,26.7,D
sz000400,许继电气,2025-10-09 09:57:57,26.69,11700,26.69,D
sz000400,许继电气,2025-10-09 09:58:00,26.7,17900,26.69,D
sz000400,许继电气,2025-10-09 09:58:03,26.7,15000,26.7,D
sz000400,许继电气,2025-10-09 09:58:09,26.71,9900,26.7,U
sz000400,许继电气,2025-10-09 09:58:12,26.71,12000,26.71,D
sz000400,许继电气,2025-10-09 09:58:21,26.73,13300,26.72,U
sz000400,许继电气,2025-10-09 09:58:24,26.73,9700,26.73,D
sz000400,许继电气,2025-10-09 09:58:27,26.75,10200,26.73,U
sz000400,许继电气,2025-10-09 09:58:39,26.75,35200,26.75,U
sz000400,许继电气,2025-10-09 09:58:42,26.77,20300,26.75,U
sz000400,许继电气,2025-10-09 09:58:51,26.77,19600,26.77,U
sz000400,许继电气,2025-10-09 09:59:03,26.77,14300,26.78,D
sz000400,许继电气,2025-10-09 09:59:06,26.78,19900,26.77,U
sz000400,许继电气,2025-10-09 09:59:09,26.79,21700,26.78,U
sz000400,许继电气,2025-10-09 09:59:12,26.78,7500,26.79,D
sz000400,许继电气,2025-10-09 09:59:15,26.78,23600,26.78,D
sz000400,许继电气,2025-10-09 09:59:24,26.8,8400,26.79,U
sz000400,许继电气,2025-10-09 09:59:27,26.81,7500,26.8,U
sz000400,许继电气,2025-10-09 09:59:30,26.8,20700,26.81,D
sz000400,许继电气,2025-10-09 09:59:33,26.82,19100,26.8,U
sz000400,许继电气,2025-10-09 09:59:51,26.83,8400,26.83,D
sz000400,许继电气,2025-10-09 09:59:57,26.83,11500,26.83,D
sz000400,许继电气,2025-10-09 10:00:00,26.82,22300,26.83,D
sz000400,许继电气,2025-10-09 10:00:03,26.8,22300,26.82,D
sz000400,许继电气,2025-10-09 10:00:06,26.8,52800,26.8,D
sz000400,许继电气,2025-10-09 10:00:09,26.82,13300,26.8,D
sz000400,许继电气,2025-10-09 10:00:12,26.8,8500,26.82,D
sz000400,许继电气,2025-10-09 10:00:18,26.8,9887,26.82,D
sz000400,许继电气,2025-10-09 10:00:21,26.81,20700,26.8,E
sz000400,许继电气,2025-10-09 10:00:24,26.8,11000,26.81,D
sz000400,许继电气,2025-10-09 10:00:27,26.8,25313,26.8,D
sz000400,许继电气,2025-10-09 10:00:30,26.8,13900,26.8,U
sz000400,许继电气,2025-10-09 10:00:33,26.8,8600,26.8,U
sz000400,许继电气,2025-10-09 10:00:39,26.79,14100,26.8,D
sz000400,许继电气,2025-10-09 10:00:42,26.79,45900,26.79,D
sz000400,许继电气,2025-10-09 10:00:45,26.78,17800,26.79,D
sz000400,许继电气,2025-10-09 10:00:48,26.78,11400,26.78,D
sz000400,许继电气,2025-10-09 10:00:54,26.77,81500,26.78,D
sz000400,许继电气,2025-10-09 10:00:57,26.77,18800,26.77,D
sz000400,许继电气,2025-10-09 10:01:06,26.77,14500,26.76,U
sz000400,许继电气,2025-10-09 10:01:18,26.76,12000,26.76,U
sz000400,许继电气,2025-10-09 10:01:21,26.76,50200,26.76,U
sz000400,许继电气,2025-10-09 10:01:27,26.75,11000,26.76,D
sz000400,许继电气,2025-10-09 10:01:33,26.75,14200,26.75,D
sz000400,许继电气,2025-10-09 10:01:36,26.75,20800,26.75,D
sz000400,许继电气,2025-10-09 10:01:39,26.75,8100,26.75,U
sz000400,许继电气,2025-10-09 10:01:48,26.74,16300,26.75,D
sz000400,许继电气,2025-10-09 10:01:51,26.74,14200,26.74,U
sz000400,许继电气,2025-10-09 10:01:54,26.73,21200,26.74,D
sz000400,许继电气,2025-10-09 10:02:00,26.74,10000,26.74,D
sz000400,许继电气,2025-10-09 10:02:03,26.75,29900,26.74,U
sz000400,许继电气,2025-10-09 10:02:06,26.75,10600,26.75,D
sz000400,许继电气,2025-10-09 10:02:09,26.77,28800,26.75,U
sz000400,许继电气,2025-10-09 10:02:18,26.73,22000,26.74,D
sz000400,许继电气,2025-10-09 10:02:21,26.76,8200,26.73,U
sz000400,许继电气,2025-10-09 10:02:24,26.76,8700,26.76,D
sz000400,许继电气,2025-10-09 10:02:33,26.75,11900,26.77,D
sz000400,许继电气,2025-10-09 10:02:39,26.75,13100,26.77,D
sz000400,许继电气,2025-10-09 10:02:51,26.75,10400,26.75,D
sz000400,许继电气,2025-10-09 10:03:09,26.71,87500,26.75,D
sz000400,许继电气,2025-10-09 10:03:12,26.76,28200,26.71,U
sz000400,许继电气,2025-10-09 10:03:21,26.71,13000,26.75,D
sz000400,许继电气,2025-10-09 10:03:24,26.74,126000,26.71,U
sz000400,许继电气,2025-10-09 10:03:27,26.7,33400,26.74,D
sz000400,许继电气,2025-10-09 10:03:30,26.69,8400,26.7,D
sz000400,许继电气,2025-10-09 10:03:33,26.68,12200,26.69,D
sz000400,许继电气,2025-10-09 10:03:36,26.68,13700,26.68,D
sz000400,许继电气,2025-10-09 10:03:39,26.68,55100,26.68,D
sz000400,许继电气,2025-10-09 10:03:42,26.68,21400,26.68,D
sz000400,许继电气,2025-10-09 10:03:48,26.68,9400,26.68,D
sz000400,许继电气,2025-10-09 10:03:51,26.69,24600,26.68,U
sz000400,许继电气,2025-10-09 10:03:54,26.69,10400,26.69,U
sz000400,许继电气,2025-10-09 10:04:03,26.69,29500,26.69,D
sz000400,许继电气,2025-10-09 10:04:12,26.69,10600,26.69,U
sz000400,许继电气,2025-10-09 10:04:15,26.68,17000,26.69,D
sz000400,许继电气,2025-10-09 10:04:18,26.68,8000,26.68,D
sz000400,许继电气,2025-10-09 10:04:21,26.69,17000,26.68,U
sz000400,许继电气,2025-10-09 10:04:24,26.68,15400,26.69,D
sz000400,许继电气,2025-10-09 10:04:27,26.69,16200,26.68,D
sz000400,许继电气,2025-10-09 10:04:36,26.69,23900,26.69,D
sz000400,许继电气,2025-10-09 10:04:51,26.7,37100,26.7,U
sz000400,许继电气,2025-10-09 10:04:54,26.7,18900,26.7,U
sz000400,许继电气,2025-10-09 10:04:57,26.7,19800,26.7,D
sz000400,许继电气,2025-10-09 10:05:00,26.69,56400,26.7,D
sz000400,许继电气,2025-10-09 10:05:03,26.7,10900,26.69,U
sz000400,许继电气,2025-10-09 10:05:06,26.73,7500,26.7,U
sz000400,许继电气,2025-10-09 10:05:15,26.73,14700,26.73,D
sz000400,许继电气,2025-10-09 10:05:18,26.73,15400,26.73,U
sz000400,许继电气,2025-10-09 10:05:24,26.7,14400,26.72,D
sz000400,许继电气,2025-10-09 10:05:33,26.73,53500,26.72,U
sz000400,许继电气,2025-10-09 10:05:54,26.73,12300,26.73,U
sz000400,许继电气,2025-10-09 10:06:03,26.74,8000,26.74,U
sz000400,许继电气,2025-10-09 10:06:06,26.73,17500,26.74,D
sz000400,许继电气,2025-10-09 10:06:09,26.73,10700,26.73,D
sz000400,许继电气,2025-10-09 10:06:12,26.73,28000,26.73,D
sz000400,许继电气,2025-10-09 10:06:18,26.74,20800,26.74,U
sz000400,许继电气,2025-10-09 10:06:21,26.73,23500,26.74,D
sz000400,许继电气,2025-10-09 10:06:24,26.73,10000,26.73,U
sz000400,许继电气,2025-10-09 10:06:27,26.74,12300,26.73,U
sz000400,许继电气,2025-10-09 10:06:33,26.75,25500,26.74,U
sz000400,许继电气,2025-10-09 10:06:42,26.76,16100,26.75,U
sz000400,许继电气,2025-10-09 10:06:48,26.75,39500,26.77,D
sz000400,许继电气,2025-10-09 10:07:00,26.79,51700,26.78,U
sz000400,许继电气,2025-10-09 10:07:12,26.78,10300,26.78,D
sz000400,许继电气,2025-10-09 10:07:15,26.79,7600,26.78,U
sz000400,许继电气,2025-10-09 10:07:18,26.79,10600,26.79,U
sz000400,许继电气,2025-10-09 10:07:24,26.79,15700,26.79,D
sz000400,许继电气,2025-10-09 10:07:27,26.79,45187,26.79,D
sz000400,许继电气,2025-10-09 10:07:39,26.81,10300,26.8,U
sz000400,许继电气,2025-10-09 10:07:45,26.82,27700,26.82,U
sz000400,许继电气,2025-10-09 10:07:48,26.82,18400,26.82,U
sz000400,许继电气,2025-10-09 10:07:57,26.83,7700,26.83,U
sz000400,许继电气,2025-10-09 10:08:00,26.83,14700,26.83,U
sz000400,许继电气,2025-10-09 10:08:09,26.84,21700,26.83,U
sz000400,许继电气,2025-10-09 10:08:12,26.84,16200,26.84,D
sz000400,许继电气,2025-10-09 10:08:15,26.85,11500,26.84,U
sz000400,许继电气,2025-10-09 10:08:18,26.85,9000,26.85,U
sz000400,许继电气,2025-10-09 10:08:24,26.85,9200,26.85,D
sz000400,许继电气,2025-10-09 10:08:27,26.85,12900,26.85,U
sz000400,许继电气,2025-10-09 10:08:30,26.86,10000,26.85,U
sz000400,许继电气,2025-10-09 10:08:42,26.87,23100,26.86,U
sz000400,许继电气,2025-10-09 10:08:48,26.88,9800,26.88,U
sz000400,许继电气,2025-10-09 10:08:54,26.87,48700,26.89,D
sz000400,许继电气,2025-10-09 10:08:57,26.91,43400,26.87,U
sz000400,许继电气,2025-10-09 10:09:00,26.89,8800,26.91,D
sz000400,许继电气,2025-10-09 10:09:06,26.91,9500,26.91,U
sz000400,许继电气,2025-10-09 10:09:09,26.91,17500,26.91,U
sz000400,许继电气,2025-10-09 10:09:12,26.92,17100,26.91,U
sz000400,许继电气,2025-10-09 10:09:15,26.93,18900,26.92,U
sz000400,许继电气,2025-10-09 10:09:27,26.95,16500,26.94,U
sz000400,许继电气,2025-10-09 10:09:33,26.95,19900,26.94,U
sz000400,许继电气,2025-10-09 10:09:39,26.95,14700,26.95,D
sz000400,许继电气,2025-10-09 10:09:42,26.96,34200,26.95,U
sz000400,许继电气,2025-10-09 10:09:45,26.96,35400,26.96,U
sz000400,许继电气,2025-10-09 10:09:48,26.96,10300,26.96,D
sz000400,许继电气,2025-10-09 10:09:51,26.96,9400,26.96,D
sz000400,许继电气,2025-10-09 10:09:57,26.98,11000,26.98,U
sz000400,许继电气,2025-10-09 10:10:00,26.98,9900,26.98,U
sz000400,许继电气,2025-10-09 10:10:03,26.98,8700,26.98,D
sz000400,许继电气,2025-10-09 10:10:06,26.99,12000,26.98,U
sz000400,许继电气,2025-10-09 10:10:09,26.99,24300,26.99,U
sz000400,许继电气,2025-10-09 10:10:12,26.99,17200,26.99,U
sz000400,许继电气,2025-10-09 10:10:15,26.99,11800,26.99,D
sz000400,许继电气,2025-10-09 10:10:18,27.0,10400,26.99,U
sz000400,许继电气,2025-10-09 10:10:21,27.0,8500,27.0,U
sz000400,许继电气,2025-10-09 10:10:24,27.01,137600,27.0,U
sz000400,许继电气,2025-10-09 10:10:30,27.02,13200,27.01,U
sz000400,许继电气,2025-10-09 10:10:36,27.05,8200,27.01,U
sz000400,许继电气,2025-10-09 10:10:45,27.05,38000,27.05,U
sz000400,许继电气,2025-10-09 10:10:54,27.07,23900,27.05,U
sz000400,许继电气,2025-10-09 10:10:57,27.07,17100,27.07,U
sz000400,许继电气,2025-10-09 10:11:00,27.07,13700,27.07,U
sz000400,许继电气,2025-10-09 10:11:03,27.08,28300,27.07,U
sz000400,许继电气,2025-10-09 10:11:06,27.08,9403,27.08,U
sz000400,许继电气,2025-10-09 10:11:09,27.06,21397,27.08,D
sz000400,许继电气,2025-10-09 10:11:12,27.06,15100,27.06,D
sz000400,许继电气,2025-10-09 10:11:15,27.06,28600,27.06,U
sz000400,许继电气,2025-10-09 10:11:18,27.05,33566,27.06,D
sz000400,许继电气,2025-10-09 10:11:21,27.05,10000,27.05,U
sz000400,许继电气,2025-10-09 10:11:24,27.05,19400,27.05,U
sz000400,许继电气,2025-10-09 10:11:30,27.04,26300,27.04,U
sz000400,许继电气,2025-10-09 10:11:33,27.04,9200,27.04,U
sz000400,许继电气,2025-10-09 10:11:42,27.02,16400,27.02,U
sz000400,许继电气,2025-10-09 10:11:45,27.01,8000,27.02,E
sz000400,许继电气,2025-10-09 10:11:48,27.01,13600,27.01,D
sz000400,许继电气,2025-10-09 10:11:51,27.0,34800,27.01,D
sz000400,许继电气,2025-10-09 10:11:54,27.01,9400,27.0,U
sz000400,许继电气,2025-10-09 10:11:57,27.0,27900,27.01,D
sz000400,许继电气,2025-10-09 10:12:00,27.0,29400,27.0,D
sz000400,许继电气,2025-10-09 10:12:03,27.0,45400,27.0,D
sz000400,许继电气,2025-10-09 10:12:06,27.0,22500,27.0,U
sz000400,许继电气,2025-10-09 10:12:15,26.99,38800,27.0,D
sz000400,许继电气,2025-10-09 10:12:18,26.99,19400,26.99,D
sz000400,许继电气,2025-10-09 10:12:21,27.0,60100,26.99,U
sz000400,许继电气,2025-10-09 10:12:24,27.0,31100,27.0,D
sz000400,许继电气,2025-10-09 10:12:27,27.03,115600,27.0,U
sz000400,许继电气,2025-10-09 10:12:30,27.0,18100,27.03,D
sz000400,许继电气,2025-10-09 10:12:45,27.02,22700,27.03,D
sz000400,许继电气,2025-10-09 10:12:48,27.03,9300,27.02,D
sz000400,许继电气,2025-10-09 10:12:51,27.03,10000,27.03,E
sz000400,许继电气,2025-10-09 10:12:57,27.03,9200,27.05,E
sz000400,许继电气,2025-10-09 10:13:00,27.03,14300,27.03,E
sz000400,许继电气,2025-10-09 10:13:06,27.05,11300,27.04,U
sz000400,许继电气,2025-10-09 10:13:15,27.05,20700,27.04,U
sz000400,许继电气,2025-10-09 10:13:18,27.05,8200,27.05,U
sz000400,许继电气,2025-10-09 10:13:21,27.05,8300,27.05,U
sz000400,许继电气,2025-10-09 10:13:24,27.05,9900,27.05,U
sz000400,许继电气,2025-10-09 10:13:27,27.06,9000,27.05,U
sz000400,许继电气,2025-10-09 10:13:30,27.06,8200,27.06,U
sz000400,许继电气,2025-10-09 10:13:33,27.06,7500,27.06,U
sz000400,许继电气,2025-10-09 10:13:36,27.05,34800,27.06,D
sz000400,许继电气,2025-10-09 10:13:45,27.06,14400,27.05,U
sz000400,许继电气,2025-10-09 10:13:48,27.08,31503,27.06,U
sz000400,许继电气,2025-10-09 10:13:57,27.08,8400,27.08,U
sz000400,许继电气,2025-10-09 10:14:00,27.09,10500,27.08,U
sz000400,许继电气,2025-10-09 10:14:03,27.09,22200,27.09,U
sz000400,许继电气,2025-10-09 10:14:09,27.09,18003,27.08,U
sz000400,许继电气,2025-10-09 10:14:12,27.09,13700,27.09,D
sz000400,许继电气,2025-10-09 10:14:15,27.1,48100,27.09,U
sz000400,许继电气,2025-10-09 10:14:21,27.1,7800,27.1,U
sz000400,许继电气,2025-10-09 10:14:24,27.1,10900,27.1,U
sz000400,许继电气,2025-10-09 10:14:27,27.1,27300,27.1,U
sz000400,许继电气,2025-10-09 10:14:36,27.11,19900,27.11,U
sz000400,许继电气,2025-10-09 10:14:39,27.11,12300,27.11,U
sz000400,许继电气,2025-10-09 10:14:45,27.12,14600,27.11,U
sz000400,许继电气,2025-10-09 10:14:48,27.12,8300,27.12,D
sz000400,许继电气,2025-10-09 10:14:54,27.12,9900,27.12,D
sz000400,许继电气,2025-10-09 10:14:57,27.13,19500,27.12,U
sz000400,许继电气,2025-10-09 10:15:00,27.14,31300,27.13,U
sz000400,许继电气,2025-10-09 10:15:06,27.13,20300,27.14,D
sz000400,许继电气,2025-10-09 10:15:09,27.13,27300,27.13,D
sz000400,许继电气,2025-10-09 10:15:12,27.13,17000,27.13,D
sz000400,许继电气,2025-10-09 10:15:15,27.13,7800,27.13,D
sz000400,许继电气,2025-10-09 10:15:18,27.14,13400,27.13,U
sz000400,许继电气,2025-10-09 10:15:21,27.13,35000,27.14,D
sz000400,许继电气,2025-10-09 10:15:24,27.13,12000,27.13,U
sz000400,许继电气,2025-10-09 10:15:27,27.13,31900,27.13,U
sz000400,许继电气,2025-10-09 10:15:30,27.11,8200,27.13,D
sz000400,许继电气,2025-10-09 10:15:33,27.11,19200,27.11,D
sz000400,许继电气,2025-10-09 10:15:39,27.11,14700,27.1,U
sz000400,许继电气,2025-10-09 10:15:42,27.1,8100,27.11,D
sz000400,许继电气,2025-10-09 10:15:48,27.09,60900,27.1,D
sz000400,许继电气,2025-10-09 10:15:51,27.1,18000,27.09,U
sz000400,许继电气,2025-10-09 10:15:54,27.1,22800,27.1,U
sz000400,许继电气,2025-10-09 10:15:57,27.09,22797,27.1,D
sz000400,许继电气,2025-10-09 10:16:03,27.08,33400,27.08,D
sz000400,许继电气,2025-10-09 10:16:06,27.07,11800,27.08,D
sz000400,许继电气,2025-10-09 10:16:09,27.05,22300,27.07,D
sz000400,许继电气,2025-10-09 10:16:18,27.04,9000,27.05,D
sz000400,许继电气,2025-10-09 10:16:27,27.02,9100,27.03,D
sz000400,许继电气,2025-10-09 10:16:36,27.02,37900,27.02,D
sz000400,许继电气,2025-10-09 10:16:42,27.01,19100,27.0,E
sz000400,许继电气,2025-10-09 10:16:45,27.0,17700,27.01,D
sz000400,许继电气,2025-10-09 10:16:48,27.01,9100,27.0,U
sz000400,许继电气,2025-10-09 10:16:51,27.01,28200,27.01,U
sz000400,许继电气,2025-10-09 10:16:54,27.0,8900,27.01,D
sz000400,许继电气,2025-10-09 10:17:12,26.99,21500,26.99,D
sz000400,许继电气,2025-10-09 10:17:15,26.98,8900,26.99,D
sz000400,许继电气,2025-10-09 10:17:21,26.98,17300,26.98,D
sz000400,许继电气,2025-10-09 10:17:24,26.98,19800,26.98,D
sz000400,许继电气,2025-10-09 10:17:27,26.98,13600,26.98,D
sz000400,许继电气,2025-10-09 10:17:33,26.98,17900,26.97,U
sz000400,许继电气,2025-10-09 10:17:36,26.98,9500,26.98,D
sz000400,许继电气,2025-10-09 10:17:39,26.98,12800,26.98,D
sz000400,许继电气,2025-10-09 10:17:42,26.98,12100,26.98,U
sz000400,许继电气,2025-10-09 10:18:06,26.96,8100,26.96,D
sz000400,许继电气,2025-10-09 10:18:09,26.97,16200,26.96,U
sz000400,许继电气,2025-10-09 10:18:12,26.96,8300,26.97,D
sz000400,许继电气,2025-10-09 10:18:15,26.96,8600,26.96,U
sz000400,许继电气,2025-10-09 10:18:27,26.94,17900,26.95,D
sz000400,许继电气,2025-10-09 10:18:42,26.96,51700,26.93,U
sz000400,许继电气,2025-10-09 10:18:45,26.94,19800,26.96,D
sz000400,许继电气,2025-10-09 10:18:51,26.95,11900,26.95,U
sz000400,许继电气,2025-10-09 10:18:54,26.93,8100,26.95,D
sz000400,许继电气,2025-10-09 10:19:00,26.94,9300,26.94,U
sz000400,许继电气,2025-10-09 10:19:03,26.94,17500,26.94,U
sz000400,许继电气,2025-10-09 10:19:18,26.93,11500,26.94,D
sz000400,许继电气,2025-10-09 10:19:27,26.93,9200,26.92,U
sz000400,许继电气,2025-10-09 10:19:30,26.93,10800,26.93,U
sz000400,许继电气,2025-10-09 10:19:36,26.92,11200,26.93,D
sz000400,许继电气,2025-10-09 10:19:39,26.92,7900,26.92,D
sz000400,许继电气,2025-10-09 10:19:45,26.91,7700,26.92,D
sz000400,许继电气,2025-10-09 10:19:51,26.89,102700,26.91,D
sz000400,许继电气,2025-10-09 10:19:57,26.88,68700,26.88,D
sz000400,许继电气,2025-10-09 10:20:00,26.87,14100,26.88,D
sz000400,许继电气,2025-10-09 10:20:03,26.87,11300,26.87,D
sz000400,许继电气,2025-10-09 10:20:06,26.88,21800,26.87,U
sz000400,许继电气,2025-10-09 10:20:09,26.88,36100,26.88,D
sz000400,许继电气,2025-10-09 10:20:12,26.89,28000,26.88,U
sz000400,许继电气,2025-10-09 10:20:15,26.88,12900,26.89,D
sz000400,许继电气,2025-10-09 10:20:18,26.9,7900,26.88,U
sz000400,许继电气,2025-10-09 10:20:27,26.89,8900,26.89,D
sz000400,许继电气,2025-10-09 10:20:36,26.9,10700,26.9,U
sz000400,许继电气,2025-10-09 10:20:45,26.91,24600,26.9,U
sz000400,许继电气,2025-10-09 10:20:57,26.92,11900,26.92,U
sz000400,许继电气,2025-10-09 10:21:00,26.9,8000,26.92,D
sz000400,许继电气,2025-10-09 10:21:03,26.92,9800,26.9,U
sz000400,许继电气,2025-10-09 10:21:06,26.92,9400,26.92,D
sz000400,许继电气,2025-10-09 10:21:21,26.93,8300,26.92,U
sz000400,许继电气,2025-10-09 10:21:24,26.93,8600,26.93,U
sz000400,许继电气,2025-10-09 10:21:30,26.93,20700,26.94,E
sz000400,许继电气,2025-10-09 10:21:51,26.95,22600,26.95,U
sz000400,许继电气,2025-10-09 10:22:00,26.96,8700,26.95,U
sz000400,许继电气,2025-10-09 10:22:03,26.96,60400,26.96,D
sz000400,许继电气,2025-10-09 10:22:12,26.96,11400,26.97,D
sz000400,许继电气,2025-10-09 10:22:21,26.96,11400,26.97,E
sz000400,许继电气,2025-10-09 10:22:24,26.97,11100,26.96,U
sz000400,许继电气,2025-10-09 10:22:27,26.96,14400,26.97,D
sz000400,许继电气,2025-10-09 10:22:30,26.97,18200,26.96,U
sz000400,许继电气,2025-10-09 10:22:33,26.94,64100,26.97,D
sz000400,许继电气,2025-10-09 10:22:42,26.95,17000,26.95,U
sz000400,许继电气,2025-10-09 10:22:45,26.96,63600,26.95,U
sz000400,许继电气,2025-10-09 10:23:00,26.95,9900,26.95,D
sz000400,许继电气,2025-10-09 10:23:03,26.95,8000,26.95,U
sz000400,许继电气,2025-10-09 10:23:09,26.95,7500,26.96,D
sz000400,许继电气,2025-10-09 10:23:12,26.97,9900,26.95,U
sz000400,许继电气,2025-10-09 10:23:36,26.94,12400,26.95,D
sz000400,许继电气,2025-10-09 10:23:45,26.94,7600,26.93,U
sz000400,许继电气,2025-10-09 10:23:48,26.95,22700,26.94,U
sz000400,许继电气,2025-10-09 10:23:57,26.94,7600,26.96,D
sz000400,许继电气,2025-10-09 10:24:03,26.93,7700,26.94,D
sz000400,许继电气,2025-10-09 10:24:06,26.93,25300,26.93,D
sz000400,许继电气,2025-10-09 10:24:15,26.92,9100,26.93,D
sz000400,许继电气,2025-10-09 10:24:27,26.91,11700,26.92,D
sz000400,许继电气,2025-10-09 10:24:33,26.92,21400,26.91,U
sz000400,许继电气,2025-10-09 10:24:45,26.9,10600,26.92,D
sz000400,许继电气,2025-10-09 10:24:48,26.9,54500,26.9,D
sz000400,许继电气,2025-10-09 10:24:57,26.9,27000,26.9,U
sz000400,许继电气,2025-10-09 10:25:36,26.9,12800,26.9,D
sz000400,许继电气,2025-10-09 10:25:51,26.94,9800,26.92,U
sz000400,许继电气,2025-10-09 10:26:00,26.94,18700,26.93,U
sz000400,许继电气,2025-10-09 10:26:30,26.95,7500,26.95,U
sz000400,许继电气,2025-10-09 10:26:36,26.94,15200,26.95,D
sz000400,许继电气,2025-10-09 10:26:51,26.94,24100,26.94,D
sz000400,许继电气,2025-10-09 10:26:54,26.96,10600,26.94,U
sz000400,许继电气,2025-10-09 10:27:03,26.96,102300,26.96,D
sz000400,许继电气,2025-10-09 10:27:18,27.0,9600,27.0,U
sz000400,许继电气,2025-10-09 10:27:24,26.98,9700,27.01,D
sz000400,许继电气,2025-10-09 10:27:48,27.02,16800,27.01,U
sz000400,许继电气,2025-10-09 10:27:51,26.98,30000,27.02,D
sz000400,许继电气,2025-10-09 10:27:57,27.02,24700,27.02,D
sz000400,许继电气,2025-10-09 10:28:09,27.05,10500,27.02,U
sz000400,许继电气,2025-10-09 10:28:12,27.05,10400,27.05,U
sz000400,许继电气,2025-10-09 10:28:21,27.05,36700,27.04,E
sz000400,许继电气,2025-10-09 10:28:24,27.05,9300,27.05,D
sz000400,许继电气,2025-10-09 10:28:27,27.05,11000,27.05,D
sz000400,许继电气,2025-10-09 10:28:39,27.05,10400,27.04,U
sz000400,许继电气,2025-10-09 10:28:45,27.04,25700,27.05,D
sz000400,许继电气,2025-10-09 10:28:48,27.05,8500,27.04,U
sz000400,许继电气,2025-10-09 10:28:51,27.06,9200,27.05,U
sz000400,许继电气,2025-10-09 10:28:54,27.05,10200,27.06,D
sz000400,许继电气,2025-10-09 10:29:09,27.04,9200,27.04,D
sz000400,许继电气,2025-10-09 10:29:12,27.05,80900,27.04,U
sz000400,许继电气,2025-10-09 10:29:21,27.03,11100,27.04,D
sz000400,许继电气,2025-10-09 10:29:27,27.02,7800,27.03,D
sz000400,许继电气,2025-10-09 10:29:30,27.04,10700,27.02,U
sz000400,许继电气,2025-10-09 10:29:54,27.01,8900,27.02,D
sz000400,许继电气,2025-10-09 10:30:03,27.0,17200,27.01,D
sz000400,许继电气,2025-10-09 10:30:06,27.0,15500,27.0,D
sz000400,许继电气,2025-10-09 10:30:09,27.0,8300,27.0,D
sz000400,许继电气,2025-10-09 10:30:30,27.0,17500,26.99,U
sz000400,许继电气,2025-10-09 10:30:36,27.0,15600,27.0,D
sz000400,许继电气,2025-10-09 10:30:48,26.99,9400,26.99,U
sz000400,许继电气,2025-10-09 10:31:00,26.99,13400,26.99,D
sz000400,许继电气,2025-10-09 10:31:03,27.0,60800,26.99,U
sz000400,许继电气,2025-10-09 10:31:12,26.99,16800,27.0,D
sz000400,许继电气,2025-10-09 10:31:24,26.99,14700,26.98,U
sz000400,许继电气,2025-10-09 10:31:48,27.0,8500,27.0,U
sz000400,许继电气,2025-10-09 10:31:57,26.99,10200,26.99,D
sz000400,许继电气,2025-10-09 10:32:03,26.98,24000,26.99,D
sz000400,许继电气,2025-10-09 10:32:12,26.99,7800,26.98,U
sz000400,许继电气,2025-10-09 10:32:24,26.97,10700,26.98,D
sz000400,许继电气,2025-10-09 10:32:27,26.98,8900,26.97,U
sz000400,许继电气,2025-10-09 10:32:33,26.98,11600,26.97,U
sz000400,许继电气,2025-10-09 10:32:45,26.96,12200,26.96,D
sz000400,许继电气,2025-10-09 10:32:54,26.96,16100,26.97,D
sz000400,许继电气,2025-10-09 10:33:24,26.94,48200,26.94,D
sz000400,许继电气,2025-10-09 10:33:30,26.94,28900,26.94,D
sz000400,许继电气,2025-10-09 10:33:42,26.93,9500,26.92,U
sz000400,许继电气,2025-10-09 10:33:48,26.91,23100,26.92,D
sz000400,许继电气,2025-10-09 10:33:54,26.91,14900,26.92,D
sz000400,许继电气,2025-10-09 10:34:00,26.91,31900,26.92,D
sz000400,许继电气,2025-10-09 10:34:12,26.91,8400,26.91,U
sz000400,许继电气,2025-10-09 10:34:15,26.9,11800,26.91,D
sz000400,许继电气,2025-10-09 10:34:18,26.91,7900,26.9,U
sz000400,许继电气,2025-10-09 10:34:24,26.91,9400,26.91,U
sz000400,许继电气,2025-10-09 10:34:33,26.92,27800,26.91,U
sz000400,许继电气,2025-10-09 10:34:45,26.91,8900,26.92,D
sz000400,许继电气,2025-10-09 10:35:00,26.92,19100,26.92,U
sz000400,许继电气,2025-10-09 10:35:06,26.93,9900,26.92,U
sz000400,许继电气,2025-10-09 10:35:12,26.92,23200,26.92,D
sz000400,许继电气,2025-10-09 10:35:21,26.92,19800,26.92,U
sz000400,许继电气,2025-10-09 10:35:27,26.92,13400,26.92,D
sz000400,许继电气,2025-10-09 10:35:33,26.94,24100,26.92,U
sz000400,许继电气,2025-10-09 10:36:03,26.91,89600,26.93,D
sz000400,许继电气,2025-10-09 10:36:18,26.9,14400,26.92,D
sz000400,许继电气,2025-10-09 10:36:30,26.9,16100,26.9,D
sz000400,许继电气,2025-10-09 10:36:33,26.91,19900,26.9,E
sz000400,许继电气,2025-10-09 10:36:39,26.92,24500,26.9,U
sz000400,许继电气,2025-10-09 10:36:42,26.9,10700,26.92,D
sz000400,许继电气,2025-10-09 10:36:54,26.91,9600,26.91,D
sz000400,许继电气,2025-10-09 10:37:00,26.91,19900,26.92,D
sz000400,许继电气,2025-10-09 10:37:03,26.9,10400,26.91,D
sz000400,许继电气,2025-10-09 10:37:12,26.91,15700,26.91,U
sz000400,许继电气,2025-10-09 10:37:21,26.91,28900,26.92,D
sz000400,许继电气,2025-10-09 10:37:24,26.91,10700,26.91,D
sz000400,许继电气,2025-10-09 10:37:27,26.91,15200,26.91,D
sz000400,许继电气,2025-10-09 10:37:33,26.91,15500,26.92,D
sz000400,许继电气,2025-10-09 10:37:36,26.92,11100,26.91,E
sz000400,许继电气,2025-10-09 10:37:48,26.92,12200,26.91,U
sz000400,许继电气,2025-10-09 10:37:51,26.92,9600,26.92,U
sz000400,许继电气,2025-10-09 10:38:00,26.91,16500,26.92,D
sz000400,许继电气,2025-10-09 10:38:03,26.91,42900,26.91,D
sz000400,许继电气,2025-10-09 10:38:09,26.92,10300,26.91,U
sz000400,许继电气,2025-10-09 10:38:33,26.93,24900,26.92,U
sz000400,许继电气,2025-10-09 10:38:36,26.92,14000,26.93,D
sz000400,许继电气,2025-10-09 10:38:45,26.92,11600,26.92,D
sz000400,许继电气,2025-10-09 10:39:03,26.93,12700,26.93,D
sz000400,许继电气,2025-10-09 10:39:12,26.94,8600,26.93,U
sz000400,许继电气,2025-10-09 10:39:36,26.94,9300,26.95,D
sz000400,许继电气,2025-10-09 10:40:18,26.92,16700,26.93,D
sz000400,许继电气,2025-10-09 10:40:24,26.93,72100,26.93,U
sz000400,许继电气,2025-10-09 10:40:30,26.93,16500,26.94,D
sz000400,许继电气,2025-10-09 10:40:42,26.94,13600,26.93,U
sz000400,许继电气,2025-10-09 10:40:45,26.93,8900,26.94,U
sz000400,许继电气,2025-10-09 10:40:51,26.93,8200,26.93,D
sz000400,许继电气,2025-10-09 10:40:54,26.93,12600,26.93,D
sz000400,许继电气,2025-10-09 10:41:00,26.92,15600,26.93,D
sz000400,许继电气,2025-10-09 10:41:06,26.92,8700,26.93,U
sz000400,许继电气,2025-10-09 10:41:15,26.91,13600,26.92,D
sz000400,许继电气,2025-10-09 10:41:21,26.91,13000,26.91,U
sz000400,许继电气,2025-10-09 10:41:24,26.92,7600,26.91,U
sz000400,许继电气,2025-10-09 10:41:39,26.93,27700,26.92,U
sz000400,许继电气,2025-10-09 10:41:42,26.93,10700,26.93,D
sz000400,许继电气,2025-10-09 10:41:48,26.94,7500,26.93,U
sz000400,许继电气,2025-10-09 10:42:06,26.94,9700,26.95,D
sz000400,许继电气,2025-10-09 10:42:12,26.95,8800,26.94,U
sz000400,许继电气,2025-10-09 10:42:21,26.93,21700,26.95,D
sz000400,许继电气,2025-10-09 10:43:27,26.97,14600,26.96,U
sz000400,许继电气,2025-10-09 10:43:39,26.97,7900,26.97,U
sz000400,许继电气,2025-10-09 10:43:42,26.97,50300,26.97,U
sz000400,许继电气,2025-10-09 10:44:00,26.99,12700,26.99,D
sz000400,许继电气,2025-10-09 10:44:03,26.99,25100,26.99,D
sz000400,许继电气,2025-10-09 10:44:18,26.99,11600,27.0,D
sz000400,许继电气,2025-10-09 10:44:21,26.99,8400,26.99,U
sz000400,许继电气,2025-10-09 10:44:33,26.99,9900,26.99,U
sz000400,许继电气,2025-10-09 10:44:57,27.0,9000,27.0,U
sz000400,许继电气,2025-10-09 10:45:03,27.0,20200,27.0,U
sz000400,许继电气,2025-10-09 10:45:18,27.0,12800,27.0,D
sz000400,许继电气,2025-10-09 10:45:21,27.01,15100,27.0,U
sz000400,许继电气,2025-10-09 10:45:30,27.01,7900,27.02,D
sz000400,许继电气,2025-10-09 10:45:33,27.01,8800,27.01,D
sz000400,许继电气,2025-10-09 10:45:39,27.01,11800,27.01,U
sz000400,许继电气,2025-10-09 10:45:51,27.02,7700,27.02,U
sz000400,许继电气,2025-10-09 10:45:54,27.02,11600,27.02,U
sz000400,许继电气,2025-10-09 10:46:00,27.02,17500,27.02,D
sz000400,许继电气,2025-10-09 10:46:03,27.02,8400,27.02,D
sz000400,许继电气,2025-10-09 10:46:09,27.04,7900,27.03,U
sz000400,许继电气,2025-10-09 10:46:18,27.04,11000,27.04,D
sz000400,许继电气,2025-10-09 10:46:24,27.05,20500,27.04,U
sz000400,许继电气,2025-10-09 10:46:30,27.04,15700,27.05,D
sz000400,许继电气,2025-10-09 10:46:33,27.05,20300,27.04,U
sz000400,许继电气,2025-10-09 10:46:45,27.05,13100,27.05,D
sz000400,许继电气,2025-10-09 10:46:48,27.05,28200,27.05,D
sz000400,许继电气,2025-10-09 10:47:03,27.04,7900,27.05,D
sz000400,许继电气,2025-10-09 10:47:09,27.04,25500,27.05,D
sz000400,许继电气,2025-10-09 10:47:42,27.03,8100,27.02,U
sz000400,许继电气,2025-10-09 10:47:54,27.01,47600,27.01,D
sz000400,许继电气,2025-10-09 10:48:12,27.01,20900,27.01,U
sz000400,许继电气,2025-10-09 10:48:27,27.01,13500,27.0,U
sz000400,许继电气,2025-10-09 10:48:36,27.01,14000,27.01,U
sz000400,许继电气,2025-10-09 10:48:54,27.01,64600,27.01,U
sz000400,许继电气,2025-10-09 10:49:06,26.99,9000,27.0,D
sz000400,许继电气,2025-10-09 10:49:09,26.99,11600,26.99,D
sz000400,许继电气,2025-10-09 10:49:33,26.97,10200,26.99,D
sz000400,许继电气,2025-10-09 10:50:12,26.96,10400,26.96,U
sz000400,许继电气,2025-10-09 10:50:24,26.96,11100,26.96,U
sz000400,许继电气,2025-10-09 10:50:33,26.95,12300,26.96,D
sz000400,许继电气,2025-10-09 10:50:42,26.93,27400,26.95,D
sz000400,许继电气,2025-10-09 10:50:45,26.93,7800,26.93,D
sz000400,许继电气,2025-10-09 10:51:03,26.95,10800,26.93,U
sz000400,许继电气,2025-10-09 10:51:18,26.92,9600,26.93,D
sz000400,许继电气,2025-10-09 10:51:24,26.92,12600,26.92,D
sz000400,许继电气,2025-10-09 10:51:30,26.92,11400,26.93,D
sz000400,许继电气,2025-10-09 10:51:36,26.91,17400,26.92,D
sz000400,许继电气,2025-10-09 10:51:42,26.91,8000,26.91,D
sz000400,许继电气,2025-10-09 10:52:00,26.9,19100,26.9,D
sz000400,许继电气,2025-10-09 10:52:03,26.9,10100,26.9,D
sz000400,许继电气,2025-10-09 10:52:06,26.9,19100,26.9,D
sz000400,许继电气,2025-10-09 10:52:12,26.89,9100,26.9,D
sz000400,许继电气,2025-10-09 10:52:15,26.89,27900,26.89,D
sz000400,许继电气,2025-10-09 10:52:18,26.88,92800,26.89,D
sz000400,许继电气,2025-10-09 10:52:27,26.87,14800,26.87,D
sz000400,许继电气,2025-10-09 10:52:36,26.85,19500,26.86,D
sz000400,许继电气,2025-10-09 10:52:39,26.85,59900,26.85,D
sz000400,许继电气,2025-10-09 10:52:45,26.85,9400,26.84,U
sz000400,许继电气,2025-10-09 10:52:54,26.83,9800,26.84,D
sz000400,许继电气,2025-10-09 10:53:00,26.83,8200,26.83,D
sz000400,许继电气,2025-10-09 10:53:03,26.83,15600,26.83,D
sz000400,许继电气,2025-10-09 10:53:06,26.83,18100,26.83,D
sz000400,许继电气,2025-10-09 10:53:09,26.84,23000,26.83,U
sz000400,许继电气,2025-10-09 10:53:15,26.83,39900,26.83,D
sz000400,许继电气,2025-10-09 10:53:21,26.84,8200,26.84,D
sz000400,许继电气,2025-10-09 10:53:24,26.85,8200,26.84,U
sz000400,许继电气,2025-10-09 10:53:27,26.84,18300,26.85,D
sz000400,许继电气,2025-10-09 10:53:33,26.84,37000,26.85,D
sz000400,许继电气,2025-10-09 10:53:45,26.84,7500,26.84,U
sz000400,许继电气,2025-10-09 10:53:48,26.84,11600,26.84,U
sz000400,许继电气,2025-10-09 10:53:54,26.83,10700,26.84,D
sz000400,许继电气,2025-10-09 10:54:15,26.84,9800,26.85,D
sz000400,许继电气,2025-10-09 10:54:18,26.84,13500,26.84,D
sz000400,许继电气,2025-10-09 10:54:21,26.84,38400,26.84,U
sz000400,许继电气,2025-10-09 10:54:30,26.83,13400,26.84,D
sz000400,许继电气,2025-10-09 10:54:36,26.83,13000,26.84,D
sz000400,许继电气,2025-10-09 10:54:48,26.83,8100,26.83,D
sz000400,许继电气,2025-10-09 10:54:51,26.83,11700,26.83,D
sz000400,许继电气,2025-10-09 10:55:00,26.82,19600,26.83,D
sz000400,许继电气,2025-10-09 10:55:06,26.82,34200,26.82,U
sz000400,许继电气,2025-10-09 10:55:12,26.8,89100,26.8,D
sz000400,许继电气,2025-10-09 10:55:15,26.8,110400,26.8,D
sz000400,许继电气,2025-10-09 10:55:18,26.8,10300,26.8,D
sz000400,许继电气,2025-10-09 10:55:27,26.78,30000,26.8,D
sz000400,许继电气,2025-10-09 10:55:30,26.76,11913,26.78,D
sz000400,许继电气,2025-10-09 10:55:33,26.75,11000,26.76,D
sz000400,许继电气,2025-10-09 10:55:39,26.75,8300,26.75,D
sz000400,许继电气,2025-10-09 10:55:42,26.75,9400,26.75,D
sz000400,许继电气,2025-10-09 10:55:45,26.77,7700,26.75,U
sz000400,许继电气,2025-10-09 10:55:54,26.76,11200,26.76,E
sz000400,许继电气,2025-10-09 10:55:57,26.75,23200,26.76,D
sz000400,许继电气,2025-10-09 10:56:03,26.74,13400,26.75,D
sz000400,许继电气,2025-10-09 10:56:09,26.74,13900,26.75,D
sz000400,许继电气,2025-10-09 10:56:12,26.73,10900,26.74,D
sz000400,许继电气,2025-10-09 10:56:15,26.73,17300,26.73,D
sz000400,许继电气,2025-10-09 10:56:18,26.74,14800,26.73,U
sz000400,许继电气,2025-10-09 10:56:24,26.73,14800,26.73,D
sz000400,许继电气,2025-10-09 10:56:33,26.73,8900,26.74,D
sz000400,许继电气,2025-10-09 10:56:36,26.74,16500,26.73,U
sz000400,许继电气,2025-10-09 10:56:39,26.73,8400,26.74,D
sz000400,许继电气,2025-10-09 10:56:42,26.74,72300,26.73,U
sz000400,许继电气,2025-10-09 10:56:45,26.73,8800,26.74,D
sz000400,许继电气,2025-10-09 10:56:48,26.74,10000,26.73,E
sz000400,许继电气,2025-10-09 10:56:54,26.74,14800,26.74,U
sz000400,许继电气,2025-10-09 10:56:57,26.74,15200,26.74,U
sz000400,许继电气,2025-10-09 10:57:00,26.75,10900,26.74,U
sz000400,许继电气,2025-10-09 10:57:03,26.74,31100,26.75,D
sz000400,许继电气,2025-10-09 10:57:06,26.74,20400,26.74,U
sz000400,许继电气,2025-10-09 10:57:09,26.74,56600,26.74,U
sz000400,许继电气,2025-10-09 10:57:12,26.74,12100,26.74,U
sz000400,许继电气,2025-10-09 10:57:15,26.74,9600,26.74,U
sz000400,许继电气,2025-10-09 10:57:18,26.74,15400,26.74,U
sz000400,许继电气,2025-10-09 10:57:27,26.72,15200,26.73,D
sz000400,许继电气,2025-10-09 10:57:45,26.73,153100,26.74,D
sz000400,许继电气,2025-10-09 10:57:48,26.73,9200,26.73,U
sz000400,许继电气,2025-10-09 10:57:57,26.73,9300,26.73,D
sz000400,许继电气,2025-10-09 10:58:00,26.73,9400,26.73,D
sz000400,许继电气,2025-10-09 10:58:06,26.73,9600,26.73,U
sz000400,许继电气,2025-10-09 10:58:09,26.73,7600,26.73,U
sz000400,许继电气,2025-10-09 10:58:15,26.72,10900,26.72,D
sz000400,许继电气,2025-10-09 10:58:18,26.72,10200,26.72,D
sz000400,许继电气,2025-10-09 10:58:24,26.72,9100,26.72,U
sz000400,许继电气,2025-10-09 10:58:27,26.72,9000,26.72,U
sz000400,许继电气,2025-10-09 10:58:30,26.72,8400,26.72,U
sz000400,许继电气,2025-10-09 10:58:33,26.71,142700,26.72,D
sz000400,许继电气,2025-10-09 10:58:36,26.7,7700,26.71,D
sz000400,许继电气,2025-10-09 10:58:39,26.7,9200,26.7,U
sz000400,许继电气,2025-10-09 10:58:42,26.69,9000,26.7,D
sz000400,许继电气,2025-10-09 10:58:45,26.7,18200,26.69,U
sz000400,许继电气,2025-10-09 10:58:48,26.71,11500,26.7,U
sz000400,许继电气,2025-10-09 10:58:51,26.69,13300,26.71,D
sz000400,许继电气,2025-10-09 10:58:54,26.69,16200,26.69,D
sz000400,许继电气,2025-10-09 10:58:57,26.69,17800,26.69,U
sz000400,许继电气,2025-10-09 10:59:00,26.68,49387,26.69,D
sz000400,许继电气,2025-10-09 10:59:03,26.69,57500,26.68,U
sz000400,许继电气,2025-10-09 10:59:06,26.69,63500,26.69,U
sz000400,许继电气,2025-10-09 10:59:09,26.68,9600,26.69,D
sz000400,许继电气,2025-10-09 10:59:15,26.69,23500,26.69,U
sz000400,许继电气,2025-10-09 10:59:18,26.69,11900,26.69,U
sz000400,许继电气,2025-10-09 10:59:21,26.68,38300,26.69,D
sz000400,许继电气,2025-10-09 10:59:24,26.69,13800,26.68,U
sz000400,许继电气,2025-10-09 10:59:33,26.7,26800,26.7,D
sz000400,许继电气,2025-10-09 10:59:39,26.71,11792,26.72,D
sz000400,许继电气,2025-10-09 10:59:48,26.74,14800,26.74,U
sz000400,许继电气,2025-10-09 10:59:51,26.74,14300,26.74,U
sz000400,许继电气,2025-10-09 11:00:12,26.8,50300,26.78,U
sz000400,许继电气,2025-10-09 11:00:24,26.79,12900,26.8,D
sz000400,许继电气,2025-10-09 11:00:54,26.85,15600,26.85,U
sz000400,许继电气,2025-10-09 11:00:57,26.85,17800,26.85,U
sz000400,许继电气,2025-10-09 11:01:06,26.87,15900,26.86,U
sz000400,许继电气,2025-10-09 11:01:30,26.9,13000,26.88,U
sz000400,许继电气,2025-10-09 11:01:39,26.9,13500,26.89,U
sz000400,许继电气,2025-10-09 11:01:48,26.9,11200,26.9,D
sz000400,许继电气,2025-10-09 11:01:54,26.9,19200,26.9,U
sz000400,许继电气,2025-10-09 11:02:12,26.91,11800,26.9,U
sz000400,许继电气,2025-10-09 11:02:18,26.89,8000,26.9,D
sz000400,许继电气,2025-10-09 11:02:21,26.89,31600,26.89,D
sz000400,许继电气,2025-10-09 11:02:30,26.92,21600,26.9,U
sz000400,许继电气,2025-10-09 11:02:42,26.88,21700,26.89,D
sz000400,许继电气,2025-10-09 11:02:48,26.92,15000,26.92,D
sz000400,许继电气,2025-10-09 11:03:00,26.9,20300,26.88,E
sz000400,许继电气,2025-10-09 11:03:03,26.92,8000,26.9,U
sz000400,许继电气,2025-10-09 11:03:09,26.92,12000,26.92,D
sz000400,许继电气,2025-10-09 11:03:36,26.9,12400,26.9,D
sz000400,许继电气,2025-10-09 11:03:39,26.9,18200,26.9,D
sz000400,许继电气,2025-10-09 11:03:48,26.88,10900,26.88,D
sz000400,许继电气,2025-10-09 11:03:54,26.88,44100,26.9,D
sz000400,许继电气,2025-10-09 11:03:57,26.88,14200,26.88,U
sz000400,许继电气,2025-10-09 11:04:09,26.86,9800,26.86,D
sz000400,许继电气,2025-10-09 11:04:15,26.85,12000,26.85,D
sz000400,许继电气,2025-10-09 11:04:21,26.85,9000,26.85,D
sz000400,许继电气,2025-10-09 11:04:24,26.86,7500,26.85,U
sz000400,许继电气,2025-10-09 11:04:42,26.85,13300,26.85,U
sz000400,许继电气,2025-10-09 11:04:48,26.84,20100,26.86,D
sz000400,许继电气,2025-10-09 11:04:51,26.84,17900,26.84,D
sz000400,许继电气,2025-10-09 11:05:06,26.85,41400,26.84,U
sz000400,许继电气,2025-10-09 11:05:12,26.9,41800,26.85,U
sz000400,许继电气,2025-10-09 11:05:15,26.9,11100,26.9,D
sz000400,许继电气,2025-10-09 11:05:27,26.9,22200,26.9,D
sz000400,许继电气,2025-10-09 11:05:30,26.9,9500,26.9,D
sz000400,许继电气,2025-10-09 11:06:06,26.88,18100,26.88,D
sz000400,许继电气,2025-10-09 11:06:18,26.85,14400,26.88,D
sz000400,许继电气,2025-10-09 11:06:24,26.84,19100,26.87,D
sz000400,许继电气,2025-10-09 11:06:39,26.83,8500,26.84,D
sz000400,许继电气,2025-10-09 11:06:48,26.83,23100,26.82,U
sz000400,许继电气,2025-10-09 11:07:12,26.8,10500,26.8,D
sz000400,许继电气,2025-10-09 11:07:18,26.8,8400,26.8,D
sz000400,许继电气,2025-10-09 11:07:21,26.8,19500,26.8,D
sz000400,许继电气,2025-10-09 11:07:27,26.8,8300,26.8,D
sz000400,许继电气,2025-10-09 11:07:39,26.78,8600,26.78,D
sz000400,许继电气,2025-10-09 11:07:48,26.76,18600,26.78,D
sz000400,许继电气,2025-10-09 11:07:57,26.76,10900,26.76,U
sz000400,许继电气,2025-10-09 11:08:03,26.76,7500,26.76,E
sz000400,许继电气,2025-10-09 11:08:06,26.75,17400,26.76,D
sz000400,许继电气,2025-10-09 11:08:21,26.75,8300,26.75,D
sz000400,许继电气,2025-10-09 11:08:24,26.77,165300,26.75,U
sz000400,许继电气,2025-10-09 11:08:27,26.75,65400,26.77,D
sz000400,许继电气,2025-10-09 11:08:36,26.8,58300,26.79,U
sz000400,许继电气,2025-10-09 11:09:51,26.85,9000,26.86,D
sz000400,许继电气,2025-10-09 11:10:09,26.86,15700,26.85,U
sz000400,许继电气,2025-10-09 11:10:30,26.9,28200,26.87,U
sz000400,许继电气,2025-10-09 11:10:33,26.9,14000,26.9,U
sz000400,许继电气,2025-10-09 11:10:42,26.9,8700,26.91,U
sz000400,许继电气,2025-10-09 11:10:48,26.89,8100,26.89,D
sz000400,许继电气,2025-10-09 11:10:51,26.9,38200,26.89,U
sz000400,许继电气,2025-10-09 11:11:03,26.9,12700,26.9,D
sz000400,许继电气,2025-10-09 11:11:48,26.87,7800,26.87,U
sz000400,许继电气,2025-10-09 11:12:12,26.89,22500,26.88,U
sz000400,许继电气,2025-10-09 11:12:21,26.89,13000,26.89,U
sz000400,许继电气,2025-10-09 11:13:09,26.89,20200,26.88,U
sz000400,许继电气,2025-10-09 11:13:15,26.89,7900,26.88,U
sz000400,许继电气,2025-10-09 11:13:33,26.89,20600,26.88,U
sz000400,许继电气,2025-10-09 11:13:54,26.88,8600,26.88,U
sz000400,许继电气,2025-10-09 11:13:57,26.87,9800,26.88,D
sz000400,许继电气,2025-10-09 11:14:42,26.86,23900,26.85,U
sz000400,许继电气,2025-10-09 11:15:09,26.83,7900,26.83,D
sz000400,许继电气,2025-10-09 11:15:18,26.84,16400,26.84,U
sz000400,许继电气,2025-10-09 11:15:36,26.85,9500,26.85,U
sz000400,许继电气,2025-10-09 11:16:30,26.86,10000,26.87,D
sz000400,许继电气,2025-10-09 11:16:33,26.85,10000,26.86,D
sz000400,许继电气,2025-10-09 11:16:54,26.85,17800,26.85,D
sz000400,许继电气,2025-10-09 11:17:12,26.84,16600,26.86,D
sz000400,许继电气,2025-10-09 11:18:36,26.83,10300,26.82,U
sz000400,许继电气,2025-10-09 11:18:48,26.8,54600,26.81,D
sz000400,许继电气,2025-10-09 11:18:54,26.8,8700,26.8,U
sz000400,许继电气,2025-10-09 11:19:00,26.8,22400,26.79,U
sz000400,许继电气,2025-10-09 11:19:03,26.8,42600,26.8,U
sz000400,许继电气,2025-10-09 11:19:09,26.8,10700,26.8,U
sz000400,许继电气,2025-10-09 11:19:15,26.79,32600,26.82,D
sz000400,许继电气,2025-10-09 11:19:24,26.82,8100,26.82,U
sz000400,许继电气,2025-10-09 11:20:06,26.81,11900,26.8,U
sz000400,许继电气,2025-10-09 11:20:12,26.8,20600,26.81,D
sz000400,许继电气,2025-10-09 11:20:27,26.79,11400,26.8,D
sz000400,许继电气,2025-10-09 11:20:54,26.8,10600,26.8,U
sz000400,许继电气,2025-10-09 11:21:15,26.78,19000,26.79,D
sz000400,许继电气,2025-10-09 11:21:18,26.79,9700,26.78,U
sz000400,许继电气,2025-10-09 11:21:30,26.79,10700,26.79,U
sz000400,许继电气,2025-10-09 11:21:54,26.78,13400,26.78,D
sz000400,许继电气,2025-10-09 11:22:24,26.76,15000,26.76,D
sz000400,许继电气,2025-10-09 11:22:36,26.76,14300,26.76,D
sz000400,许继电气,2025-10-09 11:22:39,26.77,13300,26.76,U
sz000400,许继电气,2025-10-09 11:22:48,26.77,12700,26.77,U
sz000400,许继电气,2025-10-09 11:22:51,26.76,20800,26.77,D
sz000400,许继电气,2025-10-09 11:23:15,26.76,35100,26.75,U
sz000400,许继电气,2025-10-09 11:23:21,26.76,12300,26.76,U
sz000400,许继电气,2025-10-09 11:23:24,26.76,47700,26.76,U
sz000400,许继电气,2025-10-09 11:23:30,26.75,11400,26.76,D
sz000400,许继电气,2025-10-09 11:23:51,26.76,21100,26.75,U
sz000400,许继电气,2025-10-09 11:23:57,26.74,26500,26.75,D
sz000400,许继电气,2025-10-09 11:24:06,26.74,59500,26.75,D
sz000400,许继电气,2025-10-09 11:24:15,26.73,8300,26.73,D
sz000400,许继电气,2025-10-09 11:24:24,26.73,14400,26.73,D
sz000400,许继电气,2025-10-09 11:24:27,26.73,8800,26.73,D
sz000400,许继电气,2025-10-09 11:24:30,26.73,8300,26.73,D
sz000400,许继电气,2025-10-09 11:24:36,26.73,15300,26.73,D
sz000400,许继电气,2025-10-09 11:24:39,26.73,8300,26.73,D
sz000400,许继电气,2025-10-09 11:24:45,26.74,13600,26.74,U
sz000400,许继电气,2025-10-09 11:24:48,26.74,43960,26.74,U
sz000400,许继电气,2025-10-09 11:24:54,26.74,14000,26.74,D
sz000400,许继电气,2025-10-09 11:25:00,26.76,13500,26.75,U
sz000400,许继电气,2025-10-09 11:25:06,26.75,17800,26.75,D
sz000400,许继电气,2025-10-09 11:25:12,26.76,10700,26.75,U
sz000400,许继电气,2025-10-09 11:25:15,26.76,8600,26.76,U
sz000400,许继电气,2025-10-09 11:25:27,26.75,9400,26.75,U
sz000400,许继电气,2025-10-09 11:25:45,26.76,23400,26.76,U
sz000400,许继电气,2025-10-09 11:26:12,26.75,13200,26.76,D
sz000400,许继电气,2025-10-09 11:26:51,26.75,12700,26.76,D
sz000400,许继电气,2025-10-09 11:27:09,26.75,10600,26.74,U
sz000400,许继电气,2025-10-09 11:27:21,26.76,8300,26.76,U
sz000400,许继电气,2025-10-09 11:27:30,26.75,15500,26.75,D
sz000400,许继电气,2025-10-09 11:28:06,26.75,13300,26.75,D
sz000400,许继电气,2025-10-09 11:28:30,26.77,7500,26.76,U
sz000400,许继电气,2025-10-09 11:28:36,26.76,26500,26.77,D
sz000400,许继电气,2025-10-09 11:29:09,26.78,30600,26.77,U
sz000400,许继电气,2025-10-09 11:29:12,26.78,11300,26.78,U
sz000400,许继电气,2025-10-09 11:29:30,26.79,21200,26.79,U
sz000400,许继电气,2025-10-09 13:00:00,26.81,25900,26.79,U
sz000400,许继电气,2025-10-09 13:00:03,26.8,168100,26.81,D
sz000400,许继电气,2025-10-09 13:00:18,26.81,14000,26.81,U
sz000400,许继电气,2025-10-09 13:00:21,26.8,12700,26.81,D
sz000400,许继电气,2025-10-09 13:00:39,26.81,9300,26.8,U
sz000400,许继电气,2025-10-09 13:01:12,26.8,63200,26.81,D
sz000400,许继电气,2025-10-09 13:01:27,26.83,16700,26.81,U
sz000400,许继电气,2025-10-09 13:01:33,26.83,8100,26.83,U
sz000400,许继电气,2025-10-09 13:02:09,26.86,15300,26.86,D
sz000400,许继电气,2025-10-09 13:02:18,26.86,12800,26.86,D
sz000400,许继电气,2025-10-09 13:02:21,26.87,17700,26.86,U
sz000400,许继电气,2025-10-09 13:02:30,26.87,15000,26.87,D
sz000400,许继电气,2025-10-09 13:02:33,26.87,18200,26.87,D
sz000400,许继电气,2025-10-09 13:02:39,26.86,14100,26.87,D
sz000400,许继电气,2025-10-09 13:02:45,26.86,10900,26.86,U
sz000400,许继电气,2025-10-09 13:02:48,26.84,10000,26.86,D
sz000400,许继电气,2025-10-09 13:02:54,26.85,10200,26.85,U
sz000400,许继电气,2025-10-09 13:02:57,26.84,14800,26.85,D
sz000400,许继电气,2025-10-09 13:03:12,26.83,7900,26.82,U
sz000400,许继电气,2025-10-09 13:03:24,26.82,9200,26.83,D
sz000400,许继电气,2025-10-09 13:03:33,26.8,29800,26.84,D
sz000400,许继电气,2025-10-09 13:04:18,26.81,9900,26.81,D
sz000400,许继电气,2025-10-09 13:04:33,26.81,10600,26.8,U
sz000400,许继电气,2025-10-09 13:04:42,26.83,16400,26.83,U
sz000400,许继电气,2025-10-09 13:05:21,26.83,12400,26.83,D
sz000400,许继电气,2025-10-09 13:05:24,26.83,29000,26.83,D
sz000400,许继电气,2025-10-09 13:06:21,26.81,10900,26.82,D
sz000400,许继电气,2025-10-09 13:06:24,26.82,7600,26.81,U
sz000400,许继电气,2025-10-09 13:06:42,26.81,14300,26.81,D
sz000400,许继电气,2025-10-09 13:06:48,26.82,9200,26.81,U
sz000400,许继电气,2025-10-09 13:06:51,26.81,11500,26.82,D
sz000400,许继电气,2025-10-09 13:06:54,26.81,15400,26.81,D
sz000400,许继电气,2025-10-09 13:07:00,26.81,12600,26.81,D
sz000400,许继电气,2025-10-09 13:07:03,26.81,12100,26.81,D
sz000400,许继电气,2025-10-09 13:07:09,26.81,10900,26.81,D
sz000400,许继电气,2025-10-09 13:07:12,26.81,9300,26.81,U
sz000400,许继电气,2025-10-09 13:07:24,26.8,15800,26.8,D
sz000400,许继电气,2025-10-09 13:07:30,26.8,16800,26.81,D
sz000400,许继电气,2025-10-09 13:07:36,26.8,27700,26.8,D
sz000400,许继电气,2025-10-09 13:07:39,26.8,33800,26.8,D
sz000400,许继电气,2025-10-09 13:07:42,26.8,26900,26.8,D
sz000400,许继电气,2025-10-09 13:07:48,26.8,24700,26.8,D
sz000400,许继电气,2025-10-09 13:08:12,26.79,7900,26.79,D
sz000400,许继电气,2025-10-09 13:08:15,26.79,10500,26.79,D
sz000400,许继电气,2025-10-09 13:08:21,26.8,9800,26.8,U
sz000400,许继电气,2025-10-09 13:08:30,26.8,18100,26.79,U
sz000400,许继电气,2025-10-09 13:08:45,26.79,13900,26.8,D
sz000400,许继电气,2025-10-09 13:08:51,26.8,7700,26.79,U
sz000400,许继电气,2025-10-09 13:09:00,26.81,19500,26.8,U
sz000400,许继电气,2025-10-09 13:09:12,26.81,7600,26.81,D
sz000400,许继电气,2025-10-09 13:09:15,26.81,18500,26.81,D
sz000400,许继电气,2025-10-09 13:09:30,26.82,10900,26.82,U
sz000400,许继电气,2025-10-09 13:09:54,26.81,21700,26.81,D
sz000400,许继电气,2025-10-09 13:10:00,26.81,12000,26.81,D
sz000400,许继电气,2025-10-09 13:10:03,26.82,9100,26.81,U
sz000400,许继电气,2025-10-09 13:10:12,26.82,9100,26.82,U
sz000400,许继电气,2025-10-09 13:10:24,26.82,31400,26.81,U
sz000400,许继电气,2025-10-09 13:10:48,26.82,69400,26.82,U
sz000400,许继电气,2025-10-09 13:10:51,26.81,8100,26.82,D
sz000400,许继电气,2025-10-09 13:11:18,26.82,25500,26.82,D
sz000400,许继电气,2025-10-09 13:11:54,26.82,33400,26.82,U
sz000400,许继电气,2025-10-09 13:12:30,26.82,33500,26.82,U
sz000400,许继电气,2025-10-09 13:12:45,26.81,13100,26.81,D
sz000400,许继电气,2025-10-09 13:12:48,26.8,10700,26.81,D
sz000400,许继电气,2025-10-09 13:13:00,26.8,13600,26.8,D
sz000400,许继电气,2025-10-09 13:13:15,26.8,48400,26.8,D
sz000400,许继电气,2025-10-09 13:13:18,26.8,52400,26.8,U
sz000400,许继电气,2025-10-09 13:13:27,26.79,10800,26.8,D
sz000400,许继电气,2025-10-09 13:13:36,26.79,10200,26.8,D
sz000400,许继电气,2025-10-09 13:13:48,26.79,7500,26.79,D
sz000400,许继电气,2025-10-09 13:13:51,26.79,12800,26.79,D
sz000400,许继电气,2025-10-09 13:14:03,26.79,8100,26.79,D
sz000400,许继电气,2025-10-09 13:14:15,26.78,10300,26.79,D
sz000400,许继电气,2025-10-09 13:14:21,26.78,25800,26.79,D
sz000400,许继电气,2025-10-09 13:14:39,26.78,9300,26.78,D
sz000400,许继电气,2025-10-09 13:14:42,26.78,39300,26.78,D
sz000400,许继电气,2025-10-09 13:14:45,26.78,17800,26.78,D
sz000400,许继电气,2025-10-09 13:14:51,26.79,10500,26.78,U
sz000400,许继电气,2025-10-09 13:14:57,26.78,12400,26.78,D
sz000400,许继电气,2025-10-09 13:15:00,26.78,9800,26.78,D
sz000400,许继电气,2025-10-09 13:15:18,26.77,28900,26.77,D
sz000400,许继电气,2025-10-09 13:15:21,26.77,15786,26.77,D
sz000400,许继电气,2025-10-09 13:15:30,26.77,41414,26.77,D
sz000400,许继电气,2025-10-09 13:15:33,26.77,8600,26.77,U
sz000400,许继电气,2025-10-09 13:15:54,26.76,7600,26.76,D
sz000400,许继电气,2025-10-09 13:15:57,26.76,25100,26.76,D
sz000400,许继电气,2025-10-09 13:16:03,26.75,51000,26.75,D
sz000400,许继电气,2025-10-09 13:16:15,26.75,7700,26.75,D
sz000400,许继电气,2025-10-09 13:16:30,26.75,18700,26.75,D
sz000400,许继电气,2025-10-09 13:16:36,26.76,24300,26.75,U
sz000400,许继电气,2025-10-09 13:16:54,26.74,8700,26.75,D
sz000400,许继电气,2025-10-09 13:17:09,26.74,12800,26.74,D
sz000400,许继电气,2025-10-09 13:17:12,26.74,23900,26.74,D
sz000400,许继电气,2025-10-09 13:17:18,26.73,10900,26.74,D
sz000400,许继电气,2025-10-09 13:17:24,26.73,13600,26.73,D
sz000400,许继电气,2025-10-09 13:17:27,26.73,11300,26.73,D
sz000400,许继电气,2025-10-09 13:17:30,26.73,7600,26.73,D
sz000400,许继电气,2025-10-09 13:17:39,26.73,16500,26.73,U
sz000400,许继电气,2025-10-09 13:17:45,26.73,12100,26.73,D
sz000400,许继电气,2025-10-09 13:17:57,26.73,9400,26.72,U
sz000400,许继电气,2025-10-09 13:18:00,26.72,22100,26.73,D
sz000400,许继电气,2025-10-09 13:18:09,26.72,8900,26.72,D
sz000400,许继电气,2025-10-09 13:18:12,26.72,10300,26.72,D
sz000400,许继电气,2025-10-09 13:18:21,26.72,8100,26.73,D
sz000400,许继电气,2025-10-09 13:18:42,26.73,14600,26.72,U
sz000400,许继电气,2025-10-09 13:18:51,26.72,19100,26.73,D
sz000400,许继电气,2025-10-09 13:19:12,26.72,7900,26.72,D
sz000400,许继电气,2025-10-09 13:19:30,26.73,18200,26.72,U
sz000400,许继电气,2025-10-09 13:19:33,26.73,8700,26.73,D
sz000400,许继电气,2025-10-09 13:19:39,26.73,9100,26.73,D
sz000400,许继电气,2025-10-09 13:19:48,26.73,26300,26.73,D
sz000400,许继电气,2025-10-09 13:20:03,26.74,7900,26.74,U
sz000400,许继电气,2025-10-09 13:20:24,26.75,37100,26.73,U
sz000400,许继电气,2025-10-09 13:20:27,26.73,17000,26.75,D
sz000400,许继电气,2025-10-09 13:20:39,26.72,43900,26.73,D
sz000400,许继电气,2025-10-09 13:20:45,26.72,12900,26.72,D
sz000400,许继电气,2025-10-09 13:21:00,26.71,45600,26.73,D
sz000400,许继电气,2025-10-09 13:21:12,26.72,12000,26.72,D
sz000400,许继电气,2025-10-09 13:21:15,26.72,10500,26.72,D
sz000400,许继电气,2025-10-09 13:21:18,26.72,112000,26.72,D
sz000400,许继电气,2025-10-09 13:21:24,26.71,28800,26.72,D
sz000400,许继电气,2025-10-09 13:21:27,26.72,86200,26.71,U
sz000400,许继电气,2025-10-09 13:21:30,26.72,7800,26.72,D
sz000400,许继电气,2025-10-09 13:21:36,26.72,27200,26.72,D
sz000400,许继电气,2025-10-09 13:22:06,26.72,30100,26.72,D
sz000400,许继电气,2025-10-09 13:22:09,26.72,50064,26.72,U
sz000400,许继电气,2025-10-09 13:22:18,26.72,12900,26.73,D
sz000400,许继电气,2025-10-09 13:22:42,26.74,53000,26.73,U
sz000400,许继电气,2025-10-09 13:23:45,26.76,8600,26.75,U
sz000400,许继电气,2025-10-09 13:24:24,26.75,8600,26.74,U
sz000400,许继电气,2025-10-09 13:24:57,26.74,9700,26.75,D
sz000400,许继电气,2025-10-09 13:25:39,26.74,11700,26.75,D
sz000400,许继电气,2025-10-09 13:26:09,26.74,15700,26.73,U
sz000400,许继电气,2025-10-09 13:26:12,26.73,82100,26.74,D
sz000400,许继电气,2025-10-09 13:26:21,26.72,26700,26.72,D
sz000400,许继电气,2025-10-09 13:26:30,26.72,14900,26.72,D
sz000400,许继电气,2025-10-09 13:26:33,26.72,14000,26.72,D
sz000400,许继电气,2025-10-09 13:26:48,26.72,19400,26.72,U
sz000400,许继电气,2025-10-09 13:26:54,26.72,21600,26.72,D
sz000400,许继电气,2025-10-09 13:27:09,26.71,8200,26.72,D
sz000400,许继电气,2025-10-09 13:27:12,26.72,9800,26.71,U
sz000400,许继电气,2025-10-09 13:27:30,26.71,83300,26.71,D
sz000400,许继电气,2025-10-09 13:27:33,26.71,12400,26.71,D
sz000400,许继电气,2025-10-09 13:27:48,26.7,9200,26.7,D
sz000400,许继电气,2025-10-09 13:27:54,26.7,16300,26.7,D
sz000400,许继电气,2025-10-09 13:28:00,26.7,7714,26.7,D
sz000400,许继电气,2025-10-09 13:28:03,26.7,35100,26.7,D
sz000400,许继电气,2025-10-09 13:28:06,26.7,65200,26.7,D
sz000400,许继电气,2025-10-09 13:28:09,26.7,30800,26.7,D
sz000400,许继电气,2025-10-09 13:28:18,26.7,24314,26.7,U
sz000400,许继电气,2025-10-09 13:28:21,26.7,38800,26.7,D
sz000400,许继电气,2025-10-09 13:28:24,26.7,8200,26.7,U
sz000400,许继电气,2025-10-09 13:28:30,26.7,42200,26.7,U
sz000400,许继电气,2025-10-09 13:28:33,26.69,11900,26.7,D
sz000400,许继电气,2025-10-09 13:28:36,26.69,18900,26.69,D
sz000400,许继电气,2025-10-09 13:28:48,26.69,11700,26.7,D
sz000400,许继电气,2025-10-09 13:28:54,26.7,36700,26.69,U
sz000400,许继电气,2025-10-09 13:28:57,26.69,14100,26.7,D
sz000400,许继电气,2025-10-09 13:29:00,26.7,11600,26.69,U
sz000400,许继电气,2025-10-09 13:29:09,26.7,18900,26.7,U
sz000400,许继电气,2025-10-09 13:29:21,26.69,9200,26.69,D
sz000400,许继电气,2025-10-09 13:29:30,26.69,8400,26.69,D
sz000400,许继电气,2025-10-09 13:29:33,26.69,13300,26.69,D
sz000400,许继电气,2025-10-09 13:29:36,26.69,8900,26.69,D
sz000400,许继电气,2025-10-09 13:29:39,26.7,21100,26.69,U
sz000400,许继电气,2025-10-09 13:29:45,26.69,10800,26.7,D
sz000400,许继电气,2025-10-09 13:29:48,26.69,15386,26.69,D
sz000400,许继电气,2025-10-09 13:29:51,26.68,14100,26.69,D
sz000400,许继电气,2025-10-09 13:30:03,26.68,9100,26.69,D
sz000400,许继电气,2025-10-09 13:30:06,26.68,13300,26.68,D
sz000400,许继电气,2025-10-09 13:30:15,26.68,11200,26.68,D
sz000400,许继电气,2025-10-09 13:30:24,26.68,71900,26.68,D
sz000400,许继电气,2025-10-09 13:30:27,26.68,23100,26.68,D
sz000400,许继电气,2025-10-09 13:30:33,26.68,7800,26.69,D
sz000400,许继电气,2025-10-09 13:30:36,26.69,17200,26.68,U
sz000400,许继电气,2025-10-09 13:30:48,26.68,24200,26.68,D
sz000400,许继电气,2025-10-09 13:30:51,26.68,14500,26.68,D
sz000400,许继电气,2025-10-09 13:30:54,26.68,7900,26.68,D
sz000400,许继电气,2025-10-09 13:30:57,26.68,13099,26.68,D
sz000400,许继电气,2025-10-09 13:31:00,26.67,30600,26.68,D
sz000400,许继电气,2025-10-09 13:31:06,26.67,13200,26.67,D
sz000400,许继电气,2025-10-09 13:31:12,26.67,10900,26.67,D
sz000400,许继电气,2025-10-09 13:31:21,26.67,15400,26.67,D
sz000400,许继电气,2025-10-09 13:31:24,26.67,10800,26.67,D
sz000400,许继电气,2025-10-09 13:31:27,26.67,16700,26.67,D
sz000400,许继电气,2025-10-09 13:31:36,26.67,50000,26.66,U
sz000400,许继电气,2025-10-09 13:31:39,26.67,10200,26.67,D
sz000400,许继电气,2025-10-09 13:31:42,26.68,25101,26.67,U
sz000400,许继电气,2025-10-09 13:31:45,26.68,8500,26.68,D
sz000400,许继电气,2025-10-09 13:31:51,26.68,13400,26.68,D
sz000400,许继电气,2025-10-09 13:31:54,26.69,17899,26.68,U
sz000400,许继电气,2025-10-09 13:32:06,26.68,9100,26.68,U
sz000400,许继电气,2025-10-09 13:32:09,26.68,14900,26.68,U
sz000400,许继电气,2025-10-09 13:32:18,26.68,9400,26.68,U
sz000400,许继电气,2025-10-09 13:32:21,26.68,37600,26.68,U
sz000400,许继电气,2025-10-09 13:32:27,26.68,8500,26.69,D
sz000400,许继电气,2025-10-09 13:32:42,26.69,37601,26.68,U
sz000400,许继电气,2025-10-09 13:32:48,26.69,9800,26.69,D
sz000400,许继电气,2025-10-09 13:32:51,26.7,10699,26.69,U
sz000400,许继电气,2025-10-09 13:33:00,26.69,33600,26.69,E
sz000400,许继电气,2025-10-09 13:33:18,26.69,13500,26.7,D
sz000400,许继电气,2025-10-09 13:33:33,26.69,9300,26.69,D
sz000400,许继电气,2025-10-09 13:33:36,26.69,9500,26.69,D
sz000400,许继电气,2025-10-09 13:33:39,26.69,8200,26.69,D
sz000400,许继电气,2025-10-09 13:33:42,26.69,9500,26.69,D
sz000400,许继电气,2025-10-09 13:33:48,26.7,9900,26.69,U
sz000400,许继电气,2025-10-09 13:34:09,26.7,29200,26.7,U
sz000400,许继电气,2025-10-09 13:34:12,26.69,11000,26.7,D
sz000400,许继电气,2025-10-09 13:34:15,26.69,13900,26.69,D
sz000400,许继电气,2025-10-09 13:34:18,26.69,19600,26.69,U
sz000400,许继电气,2025-10-09 13:34:24,26.68,23200,26.69,D
sz000400,许继电气,2025-10-09 13:34:36,26.69,7700,26.69,U
sz000400,许继电气,2025-10-09 13:34:39,26.69,32600,26.69,U
sz000400,许继电气,2025-10-09 13:34:57,26.68,7800,26.68,D
sz000400,许继电气,2025-10-09 13:35:00,26.7,17400,26.68,U
sz000400,许继电气,2025-10-09 13:35:06,26.69,21100,26.69,D
sz000400,许继电气,2025-10-09 13:35:12,26.7,8200,26.7,U
sz000400,许继电气,2025-10-09 13:35:15,26.7,15800,26.7,U
sz000400,许继电气,2025-10-09 13:35:36,26.69,10100,26.7,D
sz000400,许继电气,2025-10-09 13:35:39,26.69,8300,26.69,D
sz000400,许继电气,2025-10-09 13:35:45,26.69,11600,26.69,D
sz000400,许继电气,2025-10-09 13:36:03,26.69,21100,26.69,D
sz000400,许继电气,2025-10-09 13:36:09,26.69,8300,26.69,D
sz000400,许继电气,2025-10-09 13:36:18,26.69,14400,26.69,D
sz000400,许继电气,2025-10-09 13:36:36,26.68,24500,26.69,D
sz000400,许继电气,2025-10-09 13:36:51,26.69,66300,26.69,U
sz000400,许继电气,2025-10-09 13:36:54,26.68,23800,26.69,D
sz000400,许继电气,2025-10-09 13:37:15,26.69,14900,26.69,D
sz000400,许继电气,2025-10-09 13:37:18,26.7,34300,26.69,U
sz000400,许继电气,2025-10-09 13:37:21,26.71,246700,26.7,U
sz000400,许继电气,2025-10-09 13:37:27,26.72,32700,26.71,U
sz000400,许继电气,2025-10-09 13:37:36,26.73,16600,26.73,D
sz000400,许继电气,2025-10-09 13:37:42,26.75,23000,26.74,U
sz000400,许继电气,2025-10-09 13:37:45,26.76,24600,26.75,U
sz000400,许继电气,2025-10-09 13:37:48,26.77,9600,26.76,U
sz000400,许继电气,2025-10-09 13:37:51,26.77,11300,26.77,U
sz000400,许继电气,2025-10-09 13:37:57,26.79,23416,26.78,U
sz000400,许继电气,2025-10-09 13:38:03,26.79,22700,26.8,D
sz000400,许继电气,2025-10-09 13:38:06,26.8,11300,26.79,U
sz000400,许继电气,2025-10-09 13:38:15,26.8,12700,26.8,D
sz000400,许继电气,2025-10-09 13:38:18,26.81,11200,26.8,U
sz000400,许继电气,2025-10-09 13:38:24,26.82,8000,26.82,U
sz000400,许继电气,2025-10-09 13:38:30,26.83,7700,26.83,U
sz000400,许继电气,2025-10-09 13:38:33,26.84,15900,26.83,U
sz000400,许继电气,2025-10-09 13:38:39,26.85,28700,26.85,U
sz000400,许继电气,2025-10-09 13:38:57,26.87,23900,26.86,U
sz000400,许继电气,2025-10-09 13:39:06,26.88,11400,26.87,U
sz000400,许继电气,2025-10-09 13:39:09,26.88,10500,26.88,U
sz000400,许继电气,2025-10-09 13:39:15,26.88,45400,26.87,U
sz000400,许继电气,2025-10-09 13:39:18,26.88,13500,26.88,U
sz000400,许继电气,2025-10-09 13:39:24,26.89,18300,26.88,U
sz000400,许继电气,2025-10-09 13:39:30,26.87,35400,26.89,D
sz000400,许继电气,2025-10-09 13:39:39,26.87,13000,26.87,D
sz000400,许继电气,2025-10-09 13:39:42,26.88,17400,26.87,U
sz000400,许继电气,2025-10-09 13:39:45,26.88,14400,26.88,U
sz000400,许继电气,2025-10-09 13:40:06,26.85,8200,26.87,D
sz000400,许继电气,2025-10-09 13:40:21,26.85,17500,26.85,U
sz000400,许继电气,2025-10-09 13:40:27,26.83,35800,26.85,D
sz000400,许继电气,2025-10-09 13:40:33,26.82,15300,26.82,D
sz000400,许继电气,2025-10-09 13:40:39,26.81,9500,26.82,D
sz000400,许继电气,2025-10-09 13:41:00,26.8,11000,26.81,D
sz000400,许继电气,2025-10-09 13:41:09,26.8,29400,26.8,U
sz000400,许继电气,2025-10-09 13:41:21,26.79,14300,26.8,D
sz000400,许继电气,2025-10-09 13:41:39,26.78,10200,26.78,D
sz000400,许继电气,2025-10-09 13:41:42,26.78,14200,26.78,U
sz000400,许继电气,2025-10-09 13:41:48,26.77,13900,26.78,D
sz000400,许继电气,2025-10-09 13:41:54,26.77,10500,26.77,U
sz000400,许继电气,2025-10-09 13:42:00,26.76,12400,26.76,D
sz000400,许继电气,2025-10-09 13:42:03,26.77,17900,26.76,U
sz000400,许继电气,2025-10-09 13:42:06,26.75,16000,26.77,D
sz000400,许继电气,2025-10-09 13:42:15,26.77,22600,26.76,U
sz000400,许继电气,2025-10-09 13:42:18,26.77,10900,26.77,U
sz000400,许继电气,2025-10-09 13:42:27,26.78,64300,26.77,U
sz000400,许继电气,2025-10-09 13:42:45,26.79,13300,26.77,U
sz000400,许继电气,2025-10-09 13:43:15,26.81,21500,26.79,U
sz000400,许继电气,2025-10-09 13:43:42,26.81,15100,26.82,D
sz000400,许继电气,2025-10-09 13:43:57,26.83,21700,26.82,U
sz000400,许继电气,2025-10-09 13:44:00,26.83,28100,26.83,U
sz000400,许继电气,2025-10-09 13:44:09,26.84,27600,26.83,U
sz000400,许继电气,2025-10-09 13:44:18,26.84,15700,26.84,U
sz000400,许继电气,2025-10-09 13:44:30,26.82,9700,26.83,D
sz000400,许继电气,2025-10-09 13:44:36,26.81,16700,26.83,D
sz000400,许继电气,2025-10-09 13:44:45,26.82,8900,26.82,D
sz000400,许继电气,2025-10-09 13:44:54,26.8,10100,26.81,D
sz000400,许继电气,2025-10-09 13:45:15,26.8,18200,26.81,D
sz000400,许继电气,2025-10-09 13:45:18,26.8,10200,26.8,D
sz000400,许继电气,2025-10-09 13:45:36,26.79,17000,26.79,U
sz000400,许继电气,2025-10-09 13:46:00,26.79,15500,26.79,D
sz000400,许继电气,2025-10-09 13:46:27,26.79,13700,26.78,U
sz000400,许继电气,2025-10-09 13:47:15,26.77,11700,26.79,D
sz000400,许继电气,2025-10-09 13:48:51,26.75,9700,26.75,D
sz000400,许继电气,2025-10-09 13:48:54,26.75,7700,26.75,D
sz000400,许继电气,2025-10-09 13:48:57,26.75,10300,26.75,D
sz000400,许继电气,2025-10-09 13:49:12,26.74,12900,26.74,U
sz000400,许继电气,2025-10-09 13:50:00,26.72,8000,26.71,U
sz000400,许继电气,2025-10-09 13:50:03,26.71,8800,26.72,D
sz000400,许继电气,2025-10-09 13:50:15,26.71,8600,26.72,D
sz000400,许继电气,2025-10-09 13:50:24,26.72,22100,26.72,D
sz000400,许继电气,2025-10-09 13:50:39,26.73,14900,26.72,U
sz000400,许继电气,2025-10-09 13:50:42,26.73,7900,26.73,D
sz000400,许继电气,2025-10-09 13:51:03,26.73,9500,26.73,D
sz000400,许继电气,2025-10-09 13:51:21,26.72,26500,26.73,D
sz000400,许继电气,2025-10-09 13:51:45,26.71,24000,26.72,D
sz000400,许继电气,2025-10-09 13:51:57,26.73,12600,26.72,U
sz000400,许继电气,2025-10-09 13:52:03,26.72,15500,26.72,D
sz000400,许继电气,2025-10-09 13:52:12,26.71,12600,26.71,D
sz000400,许继电气,2025-10-09 13:53:15,26.73,17500,26.74,D
sz000400,许继电气,2025-10-09 13:53:30,26.73,9300,26.73,U
sz000400,许继电气,2025-10-09 13:53:42,26.72,13600,26.72,D
sz000400,许继电气,2025-10-09 13:53:51,26.72,9900,26.73,D
sz000400,许继电气,2025-10-09 13:53:54,26.73,7800,26.72,U
sz000400,许继电气,2025-10-09 13:54:27,26.73,16900,26.73,U
sz000400,许继电气,2025-10-09 13:54:36,26.73,13000,26.72,U
sz000400,许继电气,2025-10-09 13:54:45,26.73,8800,26.73,U
sz000400,许继电气,2025-10-09 13:55:09,26.72,8300,26.72,D
sz000400,许继电气,2025-10-09 13:55:15,26.72,12200,26.72,D
sz000400,许继电气,2025-10-09 13:55:18,26.73,9800,26.72,U
sz000400,许继电气,2025-10-09 13:56:06,26.73,16900,26.73,D
sz000400,许继电气,2025-10-09 13:56:30,26.73,12300,26.74,D
sz000400,许继电气,2025-10-09 13:56:42,26.74,32300,26.73,U
sz000400,许继电气,2025-10-09 13:56:48,26.74,25900,26.74,U
sz000400,许继电气,2025-10-09 13:57:00,26.75,48000,26.74,U
sz000400,许继电气,2025-10-09 13:57:42,26.77,79800,26.77,U
sz000400,许继电气,2025-10-09 13:58:18,26.8,12200,26.79,U
sz000400,许继电气,2025-10-09 13:58:33,26.8,14000,26.8,U
sz000400,许继电气,2025-10-09 13:58:39,26.8,10700,26.79,U
sz000400,许继电气,2025-10-09 13:58:45,26.8,13400,26.8,U
sz000400,许继电气,2025-10-09 13:59:24,26.8,8400,26.8,U
sz000400,许继电气,2025-10-09 13:59:27,26.79,27900,26.8,D
sz000400,许继电气,2025-10-09 14:00:00,26.78,10100,26.78,D
sz000400,许继电气,2025-10-09 14:01:30,26.8,24200,26.79,U
sz000400,许继电气,2025-10-09 14:01:33,26.8,8100,26.8,U
sz000400,许继电气,2025-10-09 14:01:51,26.8,11500,26.79,U
sz000400,许继电气,2025-10-09 14:01:54,26.8,9500,26.8,U
sz000400,许继电气,2025-10-09 14:02:09,26.8,34800,26.79,U
sz000400,许继电气,2025-10-09 14:02:12,26.8,20900,26.8,E
sz000400,许继电气,2025-10-09 14:02:21,26.8,10300,26.8,D
sz000400,许继电气,2025-10-09 14:02:30,26.8,18400,26.8,U
sz000400,许继电气,2025-10-09 14:02:42,26.79,15100,26.79,D
sz000400,许继电气,2025-10-09 14:02:45,26.79,17800,26.79,D
sz000400,许继电气,2025-10-09 14:03:48,26.81,31000,26.81,U
sz000400,许继电气,2025-10-09 14:04:06,26.81,10200,26.82,D
sz000400,许继电气,2025-10-09 14:04:21,26.81,12500,26.81,D
sz000400,许继电气,2025-10-09 14:04:36,26.82,10000,26.81,U
sz000400,许继电气,2025-10-09 14:04:54,26.81,28000,26.81,D
sz000400,许继电气,2025-10-09 14:04:57,26.81,13200,26.81,U
sz000400,许继电气,2025-10-09 14:05:09,26.82,30900,26.82,U
sz000400,许继电气,2025-10-09 14:05:15,26.86,178000,26.83,U
sz000400,许继电气,2025-10-09 14:05:18,26.88,13100,26.86,U
sz000400,许继电气,2025-10-09 14:05:21,26.88,9700,26.88,U
sz000400,许继电气,2025-10-09 14:05:24,26.88,7800,26.88,U
sz000400,许继电气,2025-10-09 14:05:27,26.88,140800,26.88,U
sz000400,许继电气,2025-10-09 14:05:30,26.9,30600,26.88,U
sz000400,许继电气,2025-10-09 14:05:33,26.9,9500,26.9,U
sz000400,许继电气,2025-10-09 14:05:36,26.9,40900,26.9,U
sz000400,许继电气,2025-10-09 14:05:39,26.9,29800,26.9,U
sz000400,许继电气,2025-10-09 14:05:42,26.9,11600,26.9,U
sz000400,许继电气,2025-10-09 14:05:48,26.9,87600,26.9,U
sz000400,许继电气,2025-10-09 14:05:54,26.91,13000,26.9,U
sz000400,许继电气,2025-10-09 14:05:57,26.94,97200,26.91,U
sz000400,许继电气,2025-10-09 14:06:00,26.95,32200,26.94,U
sz000400,许继电气,2025-10-09 14:06:06,26.96,14900,26.95,U
sz000400,许继电气,2025-10-09 14:06:09,26.98,52100,26.96,U
sz000400,许继电气,2025-10-09 14:06:12,27.0,100100,26.98,U
sz000400,许继电气,2025-10-09 14:06:18,27.0,16200,27.0,U
sz000400,许继电气,2025-10-09 14:06:21,26.99,22000,27.0,D
sz000400,许继电气,2025-10-09 14:06:24,27.0,43000,26.99,U
sz000400,许继电气,2025-10-09 14:06:27,26.99,143800,27.0,D
sz000400,许继电气,2025-10-09 14:06:30,27.0,122500,26.99,U
sz000400,许继电气,2025-10-09 14:06:36,27.0,45400,26.99,U
sz000400,许继电气,2025-10-09 14:06:39,27.0,41739,27.0,U
sz000400,许继电气,2025-10-09 14:06:42,26.99,22200,27.0,D
sz000400,许继电气,2025-10-09 14:06:45,27.0,88500,26.99,U
sz000400,许继电气,2025-10-09 14:06:48,27.0,18750,27.0,U
sz000400,许继电气,2025-10-09 14:06:54,27.01,22700,27.0,U
sz000400,许继电气,2025-10-09 14:06:57,27.01,9400,27.01,U
sz000400,许继电气,2025-10-09 14:07:00,27.01,9500,27.01,D
sz000400,许继电气,2025-10-09 14:07:03,27.02,29800,27.01,U
sz000400,许继电气,2025-10-09 14:07:06,27.01,34400,27.02,D
sz000400,许继电气,2025-10-09 14:07:12,27.01,7900,27.01,U
sz000400,许继电气,2025-10-09 14:07:15,27.01,11500,27.01,U
sz000400,许继电气,2025-10-09 14:07:21,27.02,16100,27.02,U
sz000400,许继电气,2025-10-09 14:07:30,27.02,30400,27.02,U
sz000400,许继电气,2025-10-09 14:07:51,27.02,21400,27.02,U
sz000400,许继电气,2025-10-09 14:07:54,27.02,18600,27.02,U
sz000400,许继电气,2025-10-09 14:07:57,27.02,11200,27.02,U
sz000400,许继电气,2025-10-09 14:08:00,27.01,11500,27.02,U
sz000400,许继电气,2025-10-09 14:08:06,27.0,10000,27.0,D
sz000400,许继电气,2025-10-09 14:08:09,27.0,16400,27.0,D
sz000400,许继电气,2025-10-09 14:08:12,27.0,19800,27.0,D
sz000400,许继电气,2025-10-09 14:08:18,27.0,14400,27.0,U
sz000400,许继电气,2025-10-09 14:08:24,26.98,8100,26.99,D
sz000400,许继电气,2025-10-09 14:08:36,26.97,8200,26.97,D
sz000400,许继电气,2025-10-09 14:08:39,26.96,25100,26.97,D
sz000400,许继电气,2025-10-09 14:08:48,26.95,37700,26.95,D
sz000400,许继电气,2025-10-09 14:08:54,26.94,8000,26.95,D
sz000400,许继电气,2025-10-09 14:09:03,26.95,10700,26.95,U
sz000400,许继电气,2025-10-09 14:09:06,26.95,9800,26.95,D
sz000400,许继电气,2025-10-09 14:09:12,26.98,19800,26.95,U
sz000400,许继电气,2025-10-09 14:09:18,26.98,14300,26.95,U
sz000400,许继电气,2025-10-09 14:09:27,26.99,16200,26.98,U
sz000400,许继电气,2025-10-09 14:09:33,27.0,26300,26.98,U
sz000400,许继电气,2025-10-09 14:09:39,26.99,25600,27.0,D
sz000400,许继电气,2025-10-09 14:09:48,27.01,7900,27.01,U
sz000400,许继电气,2025-10-09 14:09:51,27.0,14100,27.01,D
sz000400,许继电气,2025-10-09 14:10:03,27.01,10000,27.01,U
sz000400,许继电气,2025-10-09 14:10:15,26.99,11600,27.0,D
sz000400,许继电气,2025-10-09 14:10:21,27.0,54300,26.99,U
sz000400,许继电气,2025-10-09 14:10:30,27.0,20900,27.0,U
sz000400,许继电气,2025-10-09 14:10:45,27.0,8400,27.0,D
sz000400,许继电气,2025-10-09 14:10:57,27.0,19100,27.01,D
sz000400,许继电气,2025-10-09 14:11:03,27.01,8400,27.01,U
sz000400,许继电气,2025-10-09 14:11:06,27.01,19300,27.01,D
sz000400,许继电气,2025-10-09 14:11:12,27.01,9400,27.02,D
sz000400,许继电气,2025-10-09 14:11:27,27.01,11400,27.0,U
sz000400,许继电气,2025-10-09 14:11:33,27.01,7800,27.0,U
sz000400,许继电气,2025-10-09 14:11:36,27.0,19100,27.01,D
sz000400,许继电气,2025-10-09 14:11:39,27.0,7600,27.0,D
sz000400,许继电气,2025-10-09 14:11:42,27.0,15800,27.0,D
sz000400,许继电气,2025-10-09 14:11:45,27.0,36200,27.0,D
sz000400,许继电气,2025-10-09 14:11:51,26.99,7500,27.0,D
sz000400,许继电气,2025-10-09 14:12:12,26.99,8300,26.98,U
sz000400,许继电气,2025-10-09 14:12:18,26.98,7900,26.98,U
sz000400,许继电气,2025-10-09 14:12:51,26.97,14900,26.97,D
sz000400,许继电气,2025-10-09 14:12:57,26.97,10700,26.99,D
sz000400,许继电气,2025-10-09 14:13:06,26.97,13700,26.98,D
sz000400,许继电气,2025-10-09 14:13:18,26.98,41800,26.97,U
sz000400,许继电气,2025-10-09 14:13:36,26.98,38000,26.98,D
sz000400,许继电气,2025-10-09 14:13:39,26.98,35600,26.98,D
sz000400,许继电气,2025-10-09 14:13:48,27.0,14200,27.0,U
sz000400,许继电气,2025-10-09 14:13:57,27.0,7600,26.98,U
sz000400,许继电气,2025-10-09 14:14:06,26.99,11300,26.99,U
sz000400,许继电气,2025-10-09 14:14:15,26.99,13800,26.99,D
sz000400,许继电气,2025-10-09 14:14:27,27.0,12700,26.99,U
sz000400,许继电气,2025-10-09 14:14:51,27.0,10300,27.0,U
sz000400,许继电气,2025-10-09 14:15:03,26.98,10600,26.99,D
sz000400,许继电气,2025-10-09 14:15:33,26.99,20200,26.99,U
sz000400,许继电气,2025-10-09 14:15:42,26.98,8200,26.99,D
sz000400,许继电气,2025-10-09 14:16:21,27.0,99200,26.99,U
sz000400,许继电气,2025-10-09 14:16:24,27.01,9600,27.0,U
sz000400,许继电气,2025-10-09 14:16:30,27.0,25700,27.0,D
sz000400,许继电气,2025-10-09 14:16:33,27.01,16200,27.0,U
sz000400,许继电气,2025-10-09 14:16:36,27.0,40500,27.01,D
sz000400,许继电气,2025-10-09 14:16:39,27.0,22900,27.0,U
sz000400,许继电气,2025-10-09 14:16:45,27.0,8800,27.0,U
sz000400,许继电气,2025-10-09 14:16:54,27.0,9300,27.0,U
sz000400,许继电气,2025-10-09 14:16:57,27.0,10700,27.0,U
sz000400,许继电气,2025-10-09 14:17:03,27.0,11700,27.0,U
sz000400,许继电气,2025-10-09 14:17:06,27.0,12400,27.0,U
sz000400,许继电气,2025-10-09 14:17:09,27.0,8900,27.0,U
sz000400,许继电气,2025-10-09 14:17:18,27.0,13100,27.0,U
sz000400,许继电气,2025-10-09 14:17:30,27.0,23400,27.0,U
sz000400,许继电气,2025-10-09 14:17:39,27.0,15000,27.0,D
sz000400,许继电气,2025-10-09 14:17:48,27.0,11800,27.0,D
sz000400,许继电气,2025-10-09 14:18:00,27.0,44700,27.0,D
sz000400,许继电气,2025-10-09 14:18:39,27.0,8700,26.99,U
sz000400,许继电气,2025-10-09 14:18:42,26.99,7500,27.0,D
sz000400,许继电气,2025-10-09 14:18:54,26.99,12600,26.99,D
sz000400,许继电气,2025-10-09 14:19:09,26.98,12400,26.98,D
sz000400,许继电气,2025-10-09 14:19:12,26.97,16800,26.98,D
sz000400,许继电气,2025-10-09 14:19:21,26.96,10900,26.97,D
sz000400,许继电气,2025-10-09 14:19:45,26.96,22500,26.97,D
sz000400,许继电气,2025-10-09 14:19:57,26.95,32400,26.95,D
sz000400,许继电气,2025-10-09 14:20:18,26.95,79300,26.94,U
sz000400,许继电气,2025-10-09 14:20:21,26.95,48600,26.95,D
sz000400,许继电气,2025-10-09 14:20:27,26.95,9200,26.95,D
sz000400,许继电气,2025-10-09 14:20:30,26.95,8600,26.95,D
sz000400,许继电气,2025-10-09 14:20:33,26.95,9500,26.95,D
sz000400,许继电气,2025-10-09 14:20:39,26.95,10100,26.95,U
sz000400,许继电气,2025-10-09 14:21:39,26.9,40500,26.9,D
sz000400,许继电气,2025-10-09 14:22:00,26.88,13800,26.89,D
sz000400,许继电气,2025-10-09 14:22:12,26.88,11100,26.88,D
sz000400,许继电气,2025-10-09 14:22:24,26.87,8300,26.87,D
sz000400,许继电气,2025-10-09 14:22:27,26.87,11700,26.87,U
sz000400,许继电气,2025-10-09 14:22:33,26.86,8400,26.86,D
sz000400,许继电气,2025-10-09 14:22:36,26.85,10100,26.86,D
sz000400,许继电气,2025-10-09 14:22:51,26.83,11429,26.85,D
sz000400,许继电气,2025-10-09 14:23:06,26.84,8600,26.85,D
sz000400,许继电气,2025-10-09 14:23:21,26.83,7936,26.84,D
sz000400,许继电气,2025-10-09 14:23:39,26.82,10100,26.82,D
sz000400,许继电气,2025-10-09 14:23:54,26.82,10736,26.82,D
sz000400,许继电气,2025-10-09 14:24:06,26.82,21164,26.81,U
sz000400,许继电气,2025-10-09 14:24:09,26.82,7500,26.82,D
sz000400,许继电气,2025-10-09 14:24:18,26.82,22900,26.83,D
sz000400,许继电气,2025-10-09 14:24:39,26.82,107536,26.83,D
sz000400,许继电气,2025-10-09 14:24:45,26.82,42764,26.82,U
sz000400,许继电气,2025-10-09 14:24:54,26.84,24000,26.82,U
sz000400,许继电气,2025-10-09 14:25:09,26.86,28300,26.83,U
sz000400,许继电气,2025-10-09 14:25:18,26.85,9400,26.86,D
sz000400,许继电气,2025-10-09 14:25:57,26.86,20800,26.85,U
sz000400,许继电气,2025-10-09 14:26:12,26.85,13200,26.86,D
sz000400,许继电气,2025-10-09 14:26:30,26.83,62700,26.85,D
sz000400,许继电气,2025-10-09 14:27:42,26.83,8100,26.85,D
sz000400,许继电气,2025-10-09 14:27:45,26.84,10900,26.83,E
sz000400,许继电气,2025-10-09 14:27:57,26.85,9900,26.85,U
sz000400,许继电气,2025-10-09 14:28:03,26.85,7700,26.85,D
sz000400,许继电气,2025-10-09 14:28:33,26.84,9900,26.84,U
sz000400,许继电气,2025-10-09 14:28:39,26.84,11200,26.84,U
sz000400,许继电气,2025-10-09 14:28:45,26.83,11200,26.84,D
sz000400,许继电气,2025-10-09 14:29:48,26.85,14600,26.86,D
sz000400,许继电气,2025-10-09 14:29:57,26.85,8000,26.84,U
sz000400,许继电气,2025-10-09 14:30:30,26.86,23600,26.85,U
sz000400,许继电气,2025-10-09 14:30:51,26.86,14200,26.87,D
sz000400,许继电气,2025-10-09 14:30:54,26.87,8200,26.86,U
sz000400,许继电气,2025-10-09 14:31:03,26.87,22500,26.87,U
sz000400,许继电气,2025-10-09 14:31:09,26.88,15300,26.87,U
sz000400,许继电气,2025-10-09 14:31:12,26.88,11500,26.88,U
sz000400,许继电气,2025-10-09 14:31:18,26.89,11900,26.88,U
sz000400,许继电气,2025-10-09 14:31:24,26.89,9500,26.89,D
sz000400,许继电气,2025-10-09 14:31:33,26.91,8700,26.9,U
sz000400,许继电气,2025-10-09 14:31:36,26.92,14100,26.91,U
sz000400,许继电气,2025-10-09 14:31:48,26.93,17500,26.93,U
sz000400,许继电气,2025-10-09 14:32:06,26.95,10600,26.94,U
sz000400,许继电气,2025-10-09 14:32:27,26.98,22200,26.97,U
sz000400,许继电气,2025-10-09 14:32:39,26.98,18300,26.97,U
sz000400,许继电气,2025-10-09 14:32:57,26.98,41400,26.97,U
sz000400,许继电气,2025-10-09 14:33:00,26.98,10100,26.98,D
sz000400,许继电气,2025-10-09 14:33:09,26.97,30900,26.98,E
sz000400,许继电气,2025-10-09 14:33:12,26.98,16000,26.97,U
sz000400,许继电气,2025-10-09 14:33:15,26.98,12900,26.98,D
sz000400,许继电气,2025-10-09 14:33:18,26.97,7800,26.98,D
sz000400,许继电气,2025-10-09 14:33:21,26.97,26500,26.97,D
sz000400,许继电气,2025-10-09 14:33:36,26.97,22700,26.97,U
sz000400,许继电气,2025-10-09 14:33:39,26.97,8000,26.97,U
sz000400,许继电气,2025-10-09 14:33:42,26.97,8700,26.97,U
sz000400,许继电气,2025-10-09 14:33:54,26.97,11200,26.97,U
sz000400,许继电气,2025-10-09 14:34:06,26.94,11300,26.96,D
sz000400,许继电气,2025-10-09 14:34:18,26.93,8600,26.93,D
sz000400,许继电气,2025-10-09 14:34:24,26.93,9700,26.93,U
sz000400,许继电气,2025-10-09 14:34:27,26.88,30900,26.93,D
sz000400,许继电气,2025-10-09 14:34:45,26.87,26700,26.93,D
sz000400,许继电气,2025-10-09 14:34:54,26.86,8300,26.89,D
sz000400,许继电气,2025-10-09 14:35:03,26.89,31800,26.89,D
sz000400,许继电气,2025-10-09 14:35:06,26.9,8700,26.89,U
sz000400,许继电气,2025-10-09 14:35:21,26.91,10600,26.91,U
sz000400,许继电气,2025-10-09 14:35:24,26.9,40300,26.91,D
sz000400,许继电气,2025-10-09 14:35:48,26.9,15600,26.91,D
sz000400,许继电气,2025-10-09 14:35:57,26.9,16400,26.91,D
sz000400,许继电气,2025-10-09 14:36:21,26.93,7900,26.92,U
sz000400,许继电气,2025-10-09 14:36:54,26.94,14500,26.93,U
sz000400,许继电气,2025-10-09 14:37:00,26.94,9800,26.93,U
sz000400,许继电气,2025-10-09 14:37:12,26.92,8900,26.92,D
sz000400,许继电气,2025-10-09 14:37:18,26.93,9300,26.92,U
sz000400,许继电气,2025-10-09 14:37:21,26.94,18300,26.93,U
sz000400,许继电气,2025-10-09 14:37:36,26.93,10900,26.93,U
sz000400,许继电气,2025-10-09 14:37:42,26.94,22100,26.93,U
sz000400,许继电气,2025-10-09 14:37:45,26.94,13800,26.94,D
sz000400,许继电气,2025-10-09 14:37:51,26.94,21200,26.94,U
sz000400,许继电气,2025-10-09 14:37:54,26.94,7500,26.94,D
sz000400,许继电气,2025-10-09 14:38:18,26.95,12100,26.95,U
sz000400,许继电气,2025-10-09 14:38:27,26.96,36800,26.96,U
sz000400,许继电气,2025-10-09 14:38:39,26.93,9500,26.94,D
sz000400,许继电气,2025-10-09 14:38:48,26.95,61100,26.95,U
sz000400,许继电气,2025-10-09 14:39:12,26.92,26500,26.91,U
sz000400,许继电气,2025-10-09 14:39:27,26.92,24200,26.91,E
sz000400,许继电气,2025-10-09 14:39:33,26.91,9100,26.92,D
sz000400,许继电气,2025-10-09 14:39:39,26.88,51000,26.92,D
sz000400,许继电气,2025-10-09 14:39:45,26.88,11100,26.88,U
sz000400,许继电气,2025-10-09 14:39:48,26.87,12700,26.88,D
sz000400,许继电气,2025-10-09 14:40:00,26.88,15900,26.89,D
sz000400,许继电气,2025-10-09 14:40:12,26.88,9300,26.87,U
sz000400,许继电气,2025-10-09 14:40:15,26.88,22600,26.88,U
sz000400,许继电气,2025-10-09 14:40:21,26.85,92000,26.87,D
sz000400,许继电气,2025-10-09 14:41:00,26.88,8200,26.88,U
sz000400,许继电气,2025-10-09 14:41:27,26.88,19700,26.87,U
sz000400,许继电气,2025-10-09 14:41:30,26.87,31100,26.88,D
sz000400,许继电气,2025-10-09 14:41:42,26.86,8800,26.87,D
sz000400,许继电气,2025-10-09 14:41:54,26.87,10700,26.87,U
sz000400,许继电气,2025-10-09 14:42:18,26.86,17800,26.87,D
sz000400,许继电气,2025-10-09 14:42:24,26.87,9500,26.86,U
sz000400,许继电气,2025-10-09 14:42:30,26.87,18000,26.87,U
sz000400,许继电气,2025-10-09 14:42:36,26.87,13500,26.86,U
sz000400,许继电气,2025-10-09 14:42:48,26.85,37700,26.87,D
sz000400,许继电气,2025-10-09 14:43:03,26.85,11700,26.85,D
sz000400,许继电气,2025-10-09 14:43:09,26.86,17400,26.86,U
sz000400,许继电气,2025-10-09 14:43:27,26.86,25200,26.86,D
sz000400,许继电气,2025-10-09 14:43:48,26.86,10400,26.87,D
sz000400,许继电气,2025-10-09 14:43:54,26.87,35500,26.87,U
sz000400,许继电气,2025-10-09 14:44:06,26.87,7600,26.86,U
sz000400,许继电气,2025-10-09 14:44:21,26.86,39000,26.86,D
sz000400,许继电气,2025-10-09 14:44:27,26.85,10000,26.86,D
sz000400,许继电气,2025-10-09 14:44:30,26.86,15200,26.85,U
sz000400,许继电气,2025-10-09 14:44:42,26.85,13300,26.86,D
sz000400,许继电气,2025-10-09 14:44:54,26.86,10700,26.85,U
sz000400,许继电气,2025-10-09 14:45:03,26.85,19800,26.86,D
sz000400,许继电气,2025-10-09 14:45:06,26.86,11500,26.85,U
sz000400,许继电气,2025-10-09 14:45:12,26.86,17800,26.85,U
sz000400,许继电气,2025-10-09 14:45:21,26.86,73100,26.86,D
sz000400,许继电气,2025-10-09 14:45:30,26.86,8300,26.86,U
sz000400,许继电气,2025-10-09 14:45:42,26.86,14800,26.86,D
sz000400,许继电气,2025-10-09 14:45:45,26.86,8000,26.86,D
sz000400,许继电气,2025-10-09 14:45:57,26.86,18000,26.85,U
sz000400,许继电气,2025-10-09 14:46:00,26.85,24200,26.86,D
sz000400,许继电气,2025-10-09 14:46:09,26.86,8200,26.86,D
sz000400,许继电气,2025-10-09 14:46:15,26.86,19200,26.86,U
sz000400,许继电气,2025-10-09 14:46:39,26.87,20000,26.86,U
sz000400,许继电气,2025-10-09 14:46:51,26.86,96300,26.85,U
sz000400,许继电气,2025-10-09 14:46:57,26.87,10700,26.86,U
sz000400,许继电气,2025-10-09 14:47:00,26.87,18200,26.87,U
sz000400,许继电气,2025-10-09 14:47:06,26.86,24900,26.87,D
sz000400,许继电气,2025-10-09 14:47:09,26.87,16900,26.86,U
sz000400,许继电气,2025-10-09 14:47:15,26.86,9800,26.86,D
sz000400,许继电气,2025-10-09 14:47:21,26.87,7500,26.86,U
sz000400,许继电气,2025-10-09 14:47:30,26.87,17500,26.86,U
sz000400,许继电气,2025-10-09 14:47:36,26.86,22500,26.86,D
sz000400,许继电气,2025-10-09 14:47:45,26.85,8400,26.85,D
sz000400,许继电气,2025-10-09 14:47:57,26.85,14900,26.86,D
sz000400,许继电气,2025-10-09 14:48:00,26.85,9500,26.85,D
sz000400,许继电气,2025-10-09 14:48:03,26.86,12000,26.85,U
sz000400,许继电气,2025-10-09 14:48:12,26.87,51000,26.85,U
sz000400,许继电气,2025-10-09 14:48:15,26.86,31800,26.87,D
sz000400,许继电气,2025-10-09 14:48:33,26.86,7800,26.86,D
sz000400,许继电气,2025-10-09 14:48:42,26.86,16800,26.86,D
sz000400,许继电气,2025-10-09 14:48:45,26.86,8000,26.86,D
sz000400,许继电气,2025-10-09 14:48:48,26.87,7600,26.86,U
sz000400,许继电气,2025-10-09 14:48:51,26.87,9700,26.87,U
sz000400,许继电气,2025-10-09 14:48:54,26.87,34600,26.87,U
sz000400,许继电气,2025-10-09 14:48:57,26.87,37600,26.87,U
sz000400,许继电气,2025-10-09 14:49:12,26.86,11400,26.86,D
sz000400,许继电气,2025-10-09 14:49:27,26.86,10100,26.86,D
sz000400,许继电气,2025-10-09 14:49:30,26.86,16800,26.86,D
sz000400,许继电气,2025-10-09 14:49:39,26.87,13400,26.87,U
sz000400,许继电气,2025-10-09 14:49:51,26.86,43000,26.87,D
sz000400,许继电气,2025-10-09 14:49:57,26.87,40700,26.87,U
sz000400,许继电气,2025-10-09 14:50:00,26.87,9500,26.87,D
sz000400,许继电气,2025-10-09 14:50:03,26.86,8000,26.87,D
sz000400,许继电气,2025-10-09 14:50:09,26.86,11600,26.87,D
sz000400,许继电气,2025-10-09 14:50:12,26.86,49300,26.86,D
sz000400,许继电气,2025-10-09 14:50:24,26.85,7800,26.87,D
sz000400,许继电气,2025-10-09 14:50:30,26.86,70400,26.86,U
sz000400,许继电气,2025-10-09 14:50:39,26.86,15400,26.86,D
sz000400,许继电气,2025-10-09 14:50:45,26.86,14400,26.87,D
sz000400,许继电气,2025-10-09 14:50:51,26.87,11600,26.86,U
sz000400,许继电气,2025-10-09 14:50:57,26.87,18100,26.86,U
sz000400,许继电气,2025-10-09 14:51:06,26.86,31500,26.86,D
sz000400,许继电气,2025-10-09 14:51:09,26.86,28300,26.86,U
sz000400,许继电气,2025-10-09 14:51:12,26.86,19000,26.86,D
sz000400,许继电气,2025-10-09 14:51:15,26.86,7700,26.86,U
sz000400,许继电气,2025-10-09 14:51:18,26.86,10000,26.86,U
sz000400,许继电气,2025-10-09 14:51:21,26.86,9000,26.86,U
sz000400,许继电气,2025-10-09 14:51:30,26.86,15600,26.85,U
sz000400,许继电气,2025-10-09 14:51:36,26.85,19500,26.86,D
sz000400,许继电气,2025-10-09 14:51:45,26.85,14900,26.85,D
sz000400,许继电气,2025-10-09 14:51:51,26.86,12700,26.85,U
sz000400,许继电气,2025-10-09 14:51:54,26.85,13900,26.86,D
sz000400,许继电气,2025-10-09 14:51:57,26.85,13100,26.85,D
sz000400,许继电气,2025-10-09 14:52:00,26.86,8400,26.85,U
sz000400,许继电气,2025-10-09 14:52:03,26.85,13700,26.86,D
sz000400,许继电气,2025-10-09 14:52:06,26.86,29600,26.85,U
sz000400,许继电气,2025-10-09 14:52:09,26.86,30500,26.86,U
sz000400,许继电气,2025-10-09 14:52:15,26.86,14400,26.85,U
sz000400,许继电气,2025-10-09 14:52:30,26.86,13400,26.86,U
sz000400,许继电气,2025-10-09 14:52:33,26.86,32900,26.86,U
