symbol,name,ticktime,price,volume,prev_price,kind
sz000400,许继电气,2025-10-28 09:25:00,26.03,414723,0.0,D
sz000400,许继电气,2025-10-28 09:30:00,26.02,191900,26.03,D
sz000400,许继电气,2025-10-28 09:30:03,25.99,441277,26.02,D
sz000400,许继电气,2025-10-28 09:30:06,26.0,140600,25.99,U
sz000400,许继电气,2025-10-28 09:30:09,25.96,43900,26.0,D
sz000400,许继电气,2025-10-28 09:30:12,25.92,81300,25.96,D
sz000400,许继电气,2025-10-28 09:30:15,25.9,69100,25.92,D
sz000400,许继电气,2025-10-28 09:30:18,25.87,61600,25.9,D
sz000400,许继电气,2025-10-28 09:30:21,25.85,176700,25.87,D
sz000400,许继电气,2025-10-28 09:30:24,25.84,35100,25.85,U
sz000400,许继电气,2025-10-28 09:30:27,25.83,26000,25.84,D
sz000400,许继电气,2025-10-28 09:30:30,25.83,116700,25.83,U
sz000400,许继电气,2025-10-28 09:30:33,25.82,52900,25.83,E
sz000400,许继电气,2025-10-28 09:30:36,25.81,66300,25.82,D
sz000400,许继电气,2025-10-28 09:30:39,25.81,73100,25.81,U
sz000400,许继电气,2025-10-28 09:30:42,25.82,24400,25.81,E
sz000400,许继电气,2025-10-28 09:30:45,25.83,215200,25.82,U
sz000400,许继电气,2025-10-28 09:30:48,25.85,77200,25.83,U
sz000400,许继电气,2025-10-28 09:30:51,25.86,14400,25.85,U
sz000400,许继电气,2025-10-28 09:30:54,25.84,29200,25.86,D
sz000400,许继电气,2025-10-28 09:30:57,25.89,95700,25.84,U
sz000400,许继电气,2025-10-28 09:31:00,25.86,38900,25.89,U
sz000400,许继电气,2025-10-28 09:31:03,25.85,42800,25.86,D
sz000400,许继电气,2025-10-28 09:31:06,25.88,11400,25.85,U
sz000400,许继电气,2025-10-28 09:31:09,25.89,48500,25.88,U
sz000400,许继电气,2025-10-28 09:31:12,25.89,40900,25.89,U
sz000400,许继电气,2025-10-28 09:31:15,25.84,478800,25.89,D
sz000400,许继电气,2025-10-28 09:31:18,25.79,35500,25.84,D
sz000400,许继电气,2025-10-28 09:31:21,25.68,231800,25.79,D
sz000400,许继电气,2025-10-28 09:31:24,25.65,32900,25.68,E
sz000400,许继电气,2025-10-28 09:31:27,25.65,48500,25.65,D
sz000400,许继电气,2025-10-28 09:31:30,25.66,31600,25.65,E
sz000400,许继电气,2025-10-28 09:31:33,25.67,38600,25.66,D
sz000400,许继电气,2025-10-28 09:31:36,25.71,18500,25.67,U
sz000400,许继电气,2025-10-28 09:31:39,25.71,8600,25.71,E
sz000400,许继电气,2025-10-28 09:31:42,25.73,90400,25.71,E
sz000400,许继电气,2025-10-28 09:31:45,25.74,32600,25.73,U
sz000400,许继电气,2025-10-28 09:31:48,25.74,83200,25.74,U
sz000400,许继电气,2025-10-28 09:31:51,25.73,58100,25.74,U
sz000400,许继电气,2025-10-28 09:31:54,25.74,42500,25.73,U
sz000400,许继电气,2025-10-28 09:31:57,25.75,43800,25.74,U
sz000400,许继电气,2025-10-28 09:32:00,25.75,25400,25.75,U
sz000400,许继电气,2025-10-28 09:32:03,25.78,56800,25.75,U
sz000400,许继电气,2025-10-28 09:32:06,25.78,18500,25.78,D
sz000400,许继电气,2025-10-28 09:32:09,25.79,21100,25.78,U
sz000400,许继电气,2025-10-28 09:32:12,25.78,44500,25.79,E
sz000400,许继电气,2025-10-28 09:32:15,25.79,73000,25.78,U
sz000400,许继电气,2025-10-28 09:32:18,25.8,87300,25.79,U
sz000400,许继电气,2025-10-28 09:32:24,25.8,37400,25.82,D
sz000400,许继电气,2025-10-28 09:32:27,25.8,47500,25.8,D
sz000400,许继电气,2025-10-28 09:32:30,25.8,192500,25.8,U
sz000400,许继电气,2025-10-28 09:32:33,25.78,78400,25.8,D
sz000400,许继电气,2025-10-28 09:32:36,25.8,49600,25.78,U
sz000400,许继电气,2025-10-28 09:32:39,25.86,47800,25.8,U
sz000400,许继电气,2025-10-28 09:32:42,25.84,16600,25.86,E
sz000400,许继电气,2025-10-28 09:32:45,25.84,23200,25.84,U
sz000400,许继电气,2025-10-28 09:32:48,25.84,34500,25.84,U
sz000400,许继电气,2025-10-28 09:32:51,25.85,34700,25.84,U
sz000400,许继电气,2025-10-28 09:32:54,25.84,23600,25.85,D
sz000400,许继电气,2025-10-28 09:32:57,25.83,30800,25.84,E
sz000400,许继电气,2025-10-28 09:33:00,25.83,42300,25.83,U
sz000400,许继电气,2025-10-28 09:33:03,25.82,91200,25.83,D
sz000400,许继电气,2025-10-28 09:33:06,25.81,34600,25.82,E
sz000400,许继电气,2025-10-28 09:33:09,25.84,13800,25.81,U
sz000400,许继电气,2025-10-28 09:33:12,25.84,19500,25.84,U
sz000400,许继电气,2025-10-28 09:33:15,25.85,59700,25.84,U
sz000400,许继电气,2025-10-28 09:33:18,25.86,8000,25.85,U
sz000400,许继电气,2025-10-28 09:33:21,25.85,26100,25.86,D
sz000400,许继电气,2025-10-28 09:33:24,25.84,15700,25.85,D
sz000400,许继电气,2025-10-28 09:33:27,25.85,24800,25.84,U
sz000400,许继电气,2025-10-28 09:33:30,25.86,9000,25.85,U
sz000400,许继电气,2025-10-28 09:33:33,25.85,30500,25.86,D
sz000400,许继电气,2025-10-28 09:33:36,25.86,13900,25.85,E
sz000400,许继电气,2025-10-28 09:33:39,25.87,23200,25.86,U
sz000400,许继电气,2025-10-28 09:33:45,25.89,8900,25.87,U
sz000400,许继电气,2025-10-28 09:33:51,25.9,11300,25.9,U
sz000400,许继电气,2025-10-28 09:33:54,25.9,16600,25.9,U
sz000400,许继电气,2025-10-28 09:34:00,25.92,36000,25.9,U
sz000400,许继电气,2025-10-28 09:34:03,25.89,82200,25.92,D
sz000400,许继电气,2025-10-28 09:34:06,25.89,24800,25.89,U
sz000400,许继电气,2025-10-28 09:34:09,25.88,18400,25.89,E
sz000400,许继电气,2025-10-28 09:34:12,25.87,63100,25.88,D
sz000400,许继电气,2025-10-28 09:34:15,25.88,38700,25.87,U
sz000400,许继电气,2025-10-28 09:34:18,25.86,15800,25.88,D
sz000400,许继电气,2025-10-28 09:34:21,25.87,22700,25.86,E
sz000400,许继电气,2025-10-28 09:34:24,25.87,19400,25.87,U
sz000400,许继电气,2025-10-28 09:34:27,25.87,9500,25.87,D
sz000400,许继电气,2025-10-28 09:34:33,25.87,9300,25.87,U
sz000400,许继电气,2025-10-28 09:34:36,25.87,8200,25.87,D
sz000400,许继电气,2025-10-28 09:34:39,25.87,9500,25.87,U
sz000400,许继电气,2025-10-28 09:34:45,25.86,9500,25.87,D
sz000400,许继电气,2025-10-28 09:34:48,25.84,72900,25.86,D
sz000400,许继电气,2025-10-28 09:34:51,25.85,15200,25.84,U
sz000400,许继电气,2025-10-28 09:34:54,25.84,14400,25.85,D
sz000400,许继电气,2025-10-28 09:35:00,25.85,15400,25.86,D
sz000400,许继电气,2025-10-28 09:35:03,25.84,40300,25.85,D
sz000400,许继电气,2025-10-28 09:35:06,25.8,59900,25.84,D
sz000400,许继电气,2025-10-28 09:35:09,25.82,13500,25.8,E
sz000400,许继电气,2025-10-28 09:35:12,25.82,33700,25.82,D
sz000400,许继电气,2025-10-28 09:35:15,25.81,32300,25.82,D
sz000400,许继电气,2025-10-28 09:35:18,25.81,19500,25.81,U
sz000400,许继电气,2025-10-28 09:35:21,25.81,13200,25.81,U
sz000400,许继电气,2025-10-28 09:35:24,25.82,11700,25.81,U
sz000400,许继电气,2025-10-28 09:35:27,25.82,18000,25.82,U
sz000400,许继电气,2025-10-28 09:35:30,25.84,14505,25.82,U
sz000400,许继电气,2025-10-28 09:35:33,25.85,12000,25.84,U
sz000400,许继电气,2025-10-28 09:35:36,25.87,22600,25.85,U
sz000400,许继电气,2025-10-28 09:35:45,25.87,10000,25.85,U
sz000400,许继电气,2025-10-28 09:35:48,25.86,24300,25.87,D
sz000400,许继电气,2025-10-28 09:35:51,25.83,26495,25.86,D
sz000400,许继电气,2025-10-28 09:35:57,25.83,10800,25.82,U
sz000400,许继电气,2025-10-28 09:36:00,25.82,33800,25.83,E
sz000400,许继电气,2025-10-28 09:36:03,25.82,74600,25.82,U
sz000400,许继电气,2025-10-28 09:36:06,25.81,57200,25.82,U
sz000400,许继电气,2025-10-28 09:36:09,25.78,64700,25.81,D
sz000400,许继电气,2025-10-28 09:36:12,25.8,42800,25.78,U
sz000400,许继电气,2025-10-28 09:36:15,25.79,21900,25.8,E
sz000400,许继电气,2025-10-28 09:36:18,25.81,48800,25.79,U
sz000400,许继电气,2025-10-28 09:36:21,25.81,10700,25.81,D
sz000400,许继电气,2025-10-28 09:36:24,25.81,58700,25.81,U
sz000400,许继电气,2025-10-28 09:36:27,25.82,21600,25.81,E
sz000400,许继电气,2025-10-28 09:36:33,25.85,56200,25.83,U
sz000400,许继电气,2025-10-28 09:36:36,25.89,65700,25.85,U
sz000400,许继电气,2025-10-28 09:36:39,25.94,17000,25.89,U
sz000400,许继电气,2025-10-28 09:36:42,25.96,59100,25.94,U
sz000400,许继电气,2025-10-28 09:36:45,25.97,30723,25.96,E
sz000400,许继电气,2025-10-28 09:36:51,26.01,42300,26.01,U
sz000400,许继电气,2025-10-28 09:36:54,26.01,21100,26.01,D
sz000400,许继电气,2025-10-28 09:37:00,26.01,16800,26.0,U
sz000400,许继电气,2025-10-28 09:37:03,26.0,30700,26.01,D
sz000400,许继电气,2025-10-28 09:37:06,26.0,10800,26.0,U
sz000400,许继电气,2025-10-28 09:37:09,26.0,10300,26.0,U
sz000400,许继电气,2025-10-28 09:37:18,26.01,60100,26.01,U
sz000400,许继电气,2025-10-28 09:37:21,26.0,52900,26.01,D
sz000400,许继电气,2025-10-28 09:37:24,26.02,9800,26.0,U
sz000400,许继电气,2025-10-28 09:37:27,26.0,24600,26.02,D
sz000400,许继电气,2025-10-28 09:37:30,26.03,17900,26.0,U
sz000400,许继电气,2025-10-28 09:37:33,26.03,14500,26.03,D
sz000400,许继电气,2025-10-28 09:37:36,26.03,10300,26.03,E
sz000400,许继电气,2025-10-28 09:37:39,26.01,11600,26.03,D
sz000400,许继电气,2025-10-28 09:37:42,26.02,36000,26.01,U
sz000400,许继电气,2025-10-28 09:37:48,26.03,9800,26.02,U
sz000400,许继电气,2025-10-28 09:37:51,26.02,16800,26.03,D
sz000400,许继电气,2025-10-28 09:37:54,26.02,11600,26.02,D
sz000400,许继电气,2025-10-28 09:37:57,26.02,113100,26.02,U
sz000400,许继电气,2025-10-28 09:38:00,26.02,12700,26.02,D
sz000400,许继电气,2025-10-28 09:38:03,26.01,28600,26.02,D
sz000400,许继电气,2025-10-28 09:38:09,26.0,8800,26.01,D
sz000400,许继电气,2025-10-28 09:38:12,25.96,51200,26.0,D
sz000400,许继电气,2025-10-28 09:38:18,25.93,11200,25.94,E
sz000400,许继电气,2025-10-28 09:38:30,25.9,11000,25.9,D
sz000400,许继电气,2025-10-28 09:38:33,25.9,24700,25.9,D
sz000400,许继电气,2025-10-28 09:38:36,25.9,8700,25.9,U
sz000400,许继电气,2025-10-28 09:38:39,25.91,8400,25.9,U
sz000400,许继电气,2025-10-28 09:38:42,25.89,11400,25.91,D
sz000400,许继电气,2025-10-28 09:38:48,25.9,26600,25.9,D
sz000400,许继电气,2025-10-28 09:38:51,25.9,25200,25.9,U
sz000400,许继电气,2025-10-28 09:38:54,25.9,9200,25.9,U
sz000400,许继电气,2025-10-28 09:38:57,25.89,19500,25.9,D
sz000400,许继电气,2025-10-28 09:39:00,25.89,84800,25.89,D
sz000400,许继电气,2025-10-28 09:39:03,25.8,35500,25.89,D
sz000400,许继电气,2025-10-28 09:39:12,25.81,9600,25.82,D
sz000400,许继电气,2025-10-28 09:39:21,25.82,28400,25.82,D
sz000400,许继电气,2025-10-28 09:39:24,25.82,12500,25.82,U
sz000400,许继电气,2025-10-28 09:39:27,25.82,31300,25.82,U
sz000400,许继电气,2025-10-28 09:39:30,25.82,17200,25.82,D
sz000400,许继电气,2025-10-28 09:39:33,25.82,16400,25.82,D
sz000400,许继电气,2025-10-28 09:39:39,25.83,8900,25.83,D
sz000400,许继电气,2025-10-28 09:39:42,25.83,125400,25.83,D
sz000400,许继电气,2025-10-28 09:39:45,25.82,8600,25.83,D
sz000400,许继电气,2025-10-28 09:39:48,25.82,15500,25.82,U
sz000400,许继电气,2025-10-28 09:39:57,25.81,29300,25.82,D
sz000400,许继电气,2025-10-28 09:40:00,25.82,38600,25.81,U
sz000400,许继电气,2025-10-28 09:40:03,25.82,14400,25.82,U
sz000400,许继电气,2025-10-28 09:40:06,25.81,13400,25.82,D
sz000400,许继电气,2025-10-28 09:40:12,25.8,61200,25.82,D
sz000400,许继电气,2025-10-28 09:40:15,25.81,34700,25.8,E
sz000400,许继电气,2025-10-28 09:40:18,25.81,29400,25.81,D
sz000400,许继电气,2025-10-28 09:40:27,25.81,19000,25.8,U
sz000400,许继电气,2025-10-28 09:40:30,25.81,75000,25.81,U
sz000400,许继电气,2025-10-28 09:40:36,25.87,18300,25.85,E
sz000400,许继电气,2025-10-28 09:40:39,25.87,13700,25.87,U
sz000400,许继电气,2025-10-28 09:40:42,25.88,10500,25.87,U
sz000400,许继电气,2025-10-28 09:40:45,25.88,22400,25.88,U
sz000400,许继电气,2025-10-28 09:40:48,25.88,11400,25.88,D
sz000400,许继电气,2025-10-28 09:40:51,25.9,43900,25.88,U
sz000400,许继电气,2025-10-28 09:40:57,25.91,10300,25.88,U
sz000400,许继电气,2025-10-28 09:41:00,25.92,19700,25.91,U
sz000400,许继电气,2025-10-28 09:41:03,25.94,16300,25.92,U
sz000400,许继电气,2025-10-28 09:41:12,26.04,47500,25.98,U
sz000400,许继电气,2025-10-28 09:41:18,26.03,8200,26.05,D
sz000400,许继电气,2025-10-28 09:41:21,26.01,18900,26.03,D
sz000400,许继电气,2025-10-28 09:41:24,26.03,27000,26.01,U
sz000400,许继电气,2025-10-28 09:41:27,26.02,19100,26.03,D
sz000400,许继电气,2025-10-28 09:41:30,26.02,49500,26.02,U
sz000400,许继电气,2025-10-28 09:41:33,26.02,48000,26.02,U
sz000400,许继电气,2025-10-28 09:41:36,26.03,9100,26.02,E
sz000400,许继电气,2025-10-28 09:41:39,26.06,29400,26.03,U
sz000400,许继电气,2025-10-28 09:41:42,26.04,22700,26.06,D
sz000400,许继电气,2025-10-28 09:41:48,26.02,17900,26.02,D
sz000400,许继电气,2025-10-28 09:41:51,26.02,40000,26.02,D
sz000400,许继电气,2025-10-28 09:41:54,26.02,42900,26.02,U
sz000400,许继电气,2025-10-28 09:41:57,26.02,12800,26.02,D
sz000400,许继电气,2025-10-28 09:42:03,26.0,26700,26.01,D
sz000400,许继电气,2025-10-28 09:42:06,25.99,20100,26.0,E
sz000400,许继电气,2025-10-28 09:42:09,25.99,12200,25.99,D
sz000400,许继电气,2025-10-28 09:42:12,26.01,52900,25.99,U
sz000400,许继电气,2025-10-28 09:42:15,26.02,11300,26.01,U
sz000400,许继电气,2025-10-28 09:42:18,26.01,18600,26.02,E
sz000400,许继电气,2025-10-28 09:42:21,26.04,9200,26.01,U
sz000400,许继电气,2025-10-28 09:42:30,26.03,32500,26.04,D
sz000400,许继电气,2025-10-28 09:42:33,26.0,16700,26.03,D
sz000400,许继电气,2025-10-28 09:42:36,25.99,47500,26.0,D
sz000400,许继电气,2025-10-28 09:42:39,25.97,8800,25.99,D
sz000400,许继电气,2025-10-28 09:42:51,25.96,9800,25.96,U
sz000400,许继电气,2025-10-28 09:42:54,25.96,14200,25.96,U
sz000400,许继电气,2025-10-28 09:42:57,25.96,8500,25.96,U
sz000400,许继电气,2025-10-28 09:43:00,25.96,12800,25.96,D
sz000400,许继电气,2025-10-28 09:43:03,25.94,14400,25.96,D
sz000400,许继电气,2025-10-28 09:43:06,25.94,10300,25.94,U
sz000400,许继电气,2025-10-28 09:43:15,25.91,21000,25.91,D
sz000400,许继电气,2025-10-28 09:43:18,25.88,46200,25.91,D
sz000400,许继电气,2025-10-28 09:43:21,25.88,14400,25.88,U
sz000400,许继电气,2025-10-28 09:43:24,25.86,27900,25.88,D
sz000400,许继电气,2025-10-28 09:43:30,25.87,8200,25.87,U
sz000400,许继电气,2025-10-28 09:43:39,25.87,22400,25.86,U
sz000400,许继电气,2025-10-28 09:43:45,25.86,10400,25.88,D
sz000400,许继电气,2025-10-28 09:43:48,25.86,15300,25.86,D
sz000400,许继电气,2025-10-28 09:43:51,25.86,27400,25.86,U
sz000400,许继电气,2025-10-28 09:43:54,25.86,13300,25.86,D
sz000400,许继电气,2025-10-28 09:43:57,25.86,31000,25.86,D
sz000400,许继电气,2025-10-28 09:44:00,25.86,214300,25.86,U
sz000400,许继电气,2025-10-28 09:44:03,25.85,10900,25.86,D
sz000400,许继电气,2025-10-28 09:44:06,25.84,8100,25.85,E
sz000400,许继电气,2025-10-28 09:44:09,25.83,16100,25.84,D
sz000400,许继电气,2025-10-28 09:44:12,25.82,10300,25.83,D
sz000400,许继电气,2025-10-28 09:44:15,25.82,11800,25.82,U
sz000400,许继电气,2025-10-28 09:44:18,25.82,26500,25.82,U
sz000400,许继电气,2025-10-28 09:44:21,25.84,22000,25.82,U
sz000400,许继电气,2025-10-28 09:44:24,25.84,41600,25.84,U
sz000400,许继电气,2025-10-28 09:44:33,25.83,27100,25.84,D
sz000400,许继电气,2025-10-28 09:44:36,25.85,129200,25.83,U
sz000400,许继电气,2025-10-28 09:44:39,25.85,22400,25.85,E
sz000400,许继电气,2025-10-28 09:44:45,25.85,10100,25.85,D
sz000400,许继电气,2025-10-28 09:44:48,25.85,8900,25.85,U
sz000400,许继电气,2025-10-28 09:45:03,25.86,14000,25.86,U
sz000400,许继电气,2025-10-28 09:45:12,25.86,11100,25.86,U
sz000400,许继电气,2025-10-28 09:45:15,25.85,21500,25.86,D
sz000400,许继电气,2025-10-28 09:45:18,25.85,25200,25.85,D
sz000400,许继电气,2025-10-28 09:45:21,25.84,12300,25.85,D
sz000400,许继电气,2025-10-28 09:45:36,25.82,28600,25.84,D
sz000400,许继电气,2025-10-28 09:45:39,25.81,105900,25.82,D
sz000400,许继电气,2025-10-28 09:45:42,25.82,21100,25.81,U
sz000400,许继电气,2025-10-28 09:45:45,25.82,18100,25.82,U
sz000400,许继电气,2025-10-28 09:45:51,25.81,13400,25.81,D
sz000400,许继电气,2025-10-28 09:46:06,25.85,11500,25.84,U
sz000400,许继电气,2025-10-28 09:46:12,25.86,20800,25.84,U
sz000400,许继电气,2025-10-28 09:46:24,25.85,7900,25.87,D
sz000400,许继电气,2025-10-28 09:46:42,25.89,8400,25.89,U
sz000400,许继电气,2025-10-28 09:46:45,25.85,74800,25.89,D
sz000400,许继电气,2025-10-28 09:46:48,25.85,10300,25.85,D
sz000400,许继电气,2025-10-28 09:46:54,25.86,13100,25.85,D
sz000400,许继电气,2025-10-28 09:47:03,25.83,31700,25.87,D
sz000400,许继电气,2025-10-28 09:47:06,25.83,14600,25.83,D
sz000400,许继电气,2025-10-28 09:47:09,25.83,15700,25.83,U
sz000400,许继电气,2025-10-28 09:47:24,25.85,75800,25.85,U
sz000400,许继电气,2025-10-28 09:47:27,25.85,12400,25.85,D
sz000400,许继电气,2025-10-28 09:47:30,25.86,8300,25.85,U
sz000400,许继电气,2025-10-28 09:47:39,25.84,12500,25.85,D
sz000400,许继电气,2025-10-28 09:47:42,25.84,10100,25.84,U
sz000400,许继电气,2025-10-28 09:47:57,25.85,14900,25.85,U
sz000400,许继电气,2025-10-28 09:48:15,25.84,9500,25.84,U
sz000400,许继电气,2025-10-28 09:48:33,25.84,10200,25.84,D
sz000400,许继电气,2025-10-28 09:48:42,25.85,11600,25.85,U
sz000400,许继电气,2025-10-28 09:48:45,25.85,9600,25.85,U
sz000400,许继电气,2025-10-28 09:48:57,25.84,11900,25.84,U
sz000400,许继电气,2025-10-28 09:49:00,25.82,39900,25.84,D
sz000400,许继电气,2025-10-28 09:49:03,25.81,96900,25.82,D
sz000400,许继电气,2025-10-28 09:49:06,25.81,8600,25.81,U
sz000400,许继电气,2025-10-28 09:49:09,25.81,25200,25.81,U
sz000400,许继电气,2025-10-28 09:49:12,25.8,27800,25.81,D
sz000400,许继电气,2025-10-28 09:49:15,25.8,22000,25.8,D
sz000400,许继电气,2025-10-28 09:49:18,25.8,11900,25.8,D
sz000400,许继电气,2025-10-28 09:49:21,25.8,10200,25.8,D
sz000400,许继电气,2025-10-28 09:49:24,25.75,271700,25.8,D
sz000400,许继电气,2025-10-28 09:49:27,25.74,57700,25.75,D
sz000400,许继电气,2025-10-28 09:49:33,25.73,47700,25.75,D
sz000400,许继电气,2025-10-28 09:49:36,25.71,35000,25.73,D
sz000400,许继电气,2025-10-28 09:49:39,25.71,49200,25.71,D
sz000400,许继电气,2025-10-28 09:49:48,25.73,56400,25.71,U
sz000400,许继电气,2025-10-28 09:49:51,25.72,12300,25.73,D
sz000400,许继电气,2025-10-28 09:49:54,25.71,27100,25.72,D
sz000400,许继电气,2025-10-28 09:50:03,25.72,10800,25.73,D
sz000400,许继电气,2025-10-28 09:50:06,25.74,7800,25.72,U
sz000400,许继电气,2025-10-28 09:50:09,25.71,224700,25.74,D
sz000400,许继电气,2025-10-28 09:50:12,25.72,157085,25.71,D
sz000400,许继电气,2025-10-28 09:50:15,25.76,8000,25.72,U
sz000400,许继电气,2025-10-28 09:50:18,25.73,20700,25.76,D
sz000400,许继电气,2025-10-28 09:50:21,25.77,22200,25.73,U
sz000400,许继电气,2025-10-28 09:50:27,25.76,9100,25.76,D
sz000400,许继电气,2025-10-28 09:50:36,25.79,12600,25.77,U
sz000400,许继电气,2025-10-28 09:50:39,25.78,55600,25.79,D
sz000400,许继电气,2025-10-28 09:50:51,25.78,13400,25.78,D
sz000400,许继电气,2025-10-28 09:50:57,25.78,21000,25.79,D
sz000400,许继电气,2025-10-28 09:51:03,25.75,46500,25.77,D
sz000400,许继电气,2025-10-28 09:51:06,25.75,23400,25.75,D
sz000400,许继电气,2025-10-28 09:51:12,25.73,13800,25.75,D
sz000400,许继电气,2025-10-28 09:51:15,25.73,7900,25.73,D
sz000400,许继电气,2025-10-28 09:51:24,25.74,113600,25.74,D
sz000400,许继电气,2025-10-28 09:51:27,25.74,8800,25.74,D
sz000400,许继电气,2025-10-28 09:51:33,25.74,8300,25.73,U
sz000400,许继电气,2025-10-28 09:51:36,25.74,8600,25.74,U
sz000400,许继电气,2025-10-28 09:51:39,25.74,12020,25.74,U
sz000400,许继电气,2025-10-28 09:51:45,25.73,39300,25.75,D
sz000400,许继电气,2025-10-28 09:51:48,25.74,9200,25.73,U
sz000400,许继电气,2025-10-28 09:52:03,25.73,72100,25.74,D
sz000400,许继电气,2025-10-28 09:52:12,25.73,23300,25.73,U
sz000400,许继电气,2025-10-28 09:52:15,25.72,14400,25.73,D
sz000400,许继电气,2025-10-28 09:52:18,25.72,92300,25.72,D
sz000400,许继电气,2025-10-28 09:52:21,25.73,30200,25.72,U
sz000400,许继电气,2025-10-28 09:52:24,25.76,62200,25.73,U
sz000400,许继电气,2025-10-28 09:52:27,25.76,27500,25.76,U
sz000400,许继电气,2025-10-28 09:52:30,25.76,11800,25.76,U
sz000400,许继电气,2025-10-28 09:52:33,25.77,20300,25.76,U
sz000400,许继电气,2025-10-28 09:52:36,25.75,8300,25.77,D
sz000400,许继电气,2025-10-28 09:52:42,25.74,9900,25.75,D
sz000400,许继电气,2025-10-28 09:52:48,25.73,54400,25.75,D
sz000400,许继电气,2025-10-28 09:52:54,25.73,49900,25.73,U
sz000400,许继电气,2025-10-28 09:52:57,25.73,26400,25.73,U
sz000400,许继电气,2025-10-28 09:53:00,25.74,15400,25.73,U
sz000400,许继电气,2025-10-28 09:53:06,25.73,10100,25.73,D
sz000400,许继电气,2025-10-28 09:53:12,25.73,46700,25.73,D
sz000400,许继电气,2025-10-28 09:53:15,25.74,34500,25.73,U
sz000400,许继电气,2025-10-28 09:53:21,25.73,12400,25.73,U
sz000400,许继电气,2025-10-28 09:53:24,25.73,8200,25.73,U
sz000400,许继电气,2025-10-28 09:53:27,25.72,138600,25.73,D
sz000400,许继电气,2025-10-28 09:53:30,25.71,169800,25.72,D
sz000400,许继电气,2025-10-28 09:53:33,25.71,30900,25.71,U
sz000400,许继电气,2025-10-28 09:53:36,25.7,9300,25.71,D
sz000400,许继电气,2025-10-28 09:53:39,25.7,25000,25.7,D
sz000400,许继电气,2025-10-28 09:53:42,25.71,14900,25.7,U
sz000400,许继电气,2025-10-28 09:53:45,25.7,16000,25.71,D
sz000400,许继电气,2025-10-28 09:53:48,25.7,31600,25.7,D
sz000400,许继电气,2025-10-28 09:53:51,25.7,18600,25.7,D
sz000400,许继电气,2025-10-28 09:54:00,25.7,25300,25.7,D
sz000400,许继电气,2025-10-28 09:54:03,25.7,16900,25.7,D
sz000400,许继电气,2025-10-28 09:54:06,25.73,32700,25.7,U
sz000400,许继电气,2025-10-28 09:54:09,25.71,55100,25.73,D
sz000400,许继电气,2025-10-28 09:54:12,25.71,9700,25.71,D
sz000400,许继电气,2025-10-28 09:54:30,25.73,11600,25.72,U
sz000400,许继电气,2025-10-28 09:54:36,25.72,8900,25.73,D
sz000400,许继电气,2025-10-28 09:54:42,25.73,92500,25.73,D
sz000400,许继电气,2025-10-28 09:54:45,25.71,10100,25.73,D
sz000400,许继电气,2025-10-28 09:54:48,25.73,8200,25.71,U
sz000400,许继电气,2025-10-28 09:54:51,25.71,125600,25.73,D
sz000400,许继电气,2025-10-28 09:54:54,25.7,73600,25.71,D
sz000400,许继电气,2025-10-28 09:54:57,25.7,10400,25.7,U
sz000400,许继电气,2025-10-28 09:55:00,25.7,44700,25.7,U
sz000400,许继电气,2025-10-28 09:55:03,25.7,28900,25.7,U
sz000400,许继电气,2025-10-28 09:55:06,25.7,16800,25.7,U
sz000400,许继电气,2025-10-28 09:55:09,25.7,39000,25.7,U
sz000400,许继电气,2025-10-28 09:55:15,25.7,23800,25.69,D
sz000400,许继电气,2025-10-28 09:55:18,25.68,85700,25.7,D
sz000400,许继电气,2025-10-28 09:55:21,25.63,331600,25.68,D
sz000400,许继电气,2025-10-28 09:55:24,25.62,81200,25.63,D
sz000400,许继电气,2025-10-28 09:55:27,25.63,18000,25.62,U
sz000400,许继电气,2025-10-28 09:55:30,25.66,18600,25.63,U
sz000400,许继电气,2025-10-28 09:55:33,25.69,14000,25.66,U
sz000400,许继电气,2025-10-28 09:55:39,25.68,71000,25.68,D
sz000400,许继电气,2025-10-28 09:55:45,25.69,14300,25.69,D
sz000400,许继电气,2025-10-28 09:55:48,25.69,12600,25.69,U
sz000400,许继电气,2025-10-28 09:55:51,25.69,38000,25.69,U
sz000400,许继电气,2025-10-28 09:55:57,25.68,8300,25.66,U
sz000400,许继电气,2025-10-28 09:56:03,25.67,8200,25.67,D
sz000400,许继电气,2025-10-28 09:56:09,25.68,34400,25.68,U
sz000400,许继电气,2025-10-28 09:56:15,25.67,21400,25.67,D
sz000400,许继电气,2025-10-28 09:56:18,25.7,39900,25.67,U
sz000400,许继电气,2025-10-28 09:56:21,25.68,20800,25.7,E
sz000400,许继电气,2025-10-28 09:56:24,25.7,19100,25.68,U
sz000400,许继电气,2025-10-28 09:56:30,25.69,14100,25.68,E
sz000400,许继电气,2025-10-28 09:56:33,25.68,15000,25.69,D
sz000400,许继电气,2025-10-28 09:56:36,25.68,19300,25.68,D
sz000400,许继电气,2025-10-28 09:56:39,25.7,21100,25.68,U
sz000400,许继电气,2025-10-28 09:56:42,25.7,11400,25.7,U
sz000400,许继电气,2025-10-28 09:56:45,25.71,44300,25.7,U
sz000400,许继电气,2025-10-28 09:56:48,25.7,22800,25.71,D
sz000400,许继电气,2025-10-28 09:56:54,25.7,28000,25.71,D
sz000400,许继电气,2025-10-28 09:57:00,25.71,84200,25.7,U
sz000400,许继电气,2025-10-28 09:57:03,25.68,33200,25.71,D
sz000400,许继电气,2025-10-28 09:57:09,25.69,54500,25.72,D
sz000400,许继电气,2025-10-28 09:57:15,25.7,22700,25.68,U
sz000400,许继电气,2025-10-28 09:57:18,25.71,85200,25.7,U
sz000400,许继电气,2025-10-28 09:57:21,25.73,47400,25.71,U
sz000400,许继电气,2025-10-28 09:57:24,25.72,9600,25.73,D
sz000400,许继电气,2025-10-28 09:57:27,25.73,16900,25.72,U
sz000400,许继电气,2025-10-28 09:57:33,25.73,16800,25.73,U
sz000400,许继电气,2025-10-28 09:57:36,25.74,9100,25.73,U
sz000400,许继电气,2025-10-28 09:57:39,25.74,16100,25.74,U
sz000400,许继电气,2025-10-28 09:57:42,25.74,112600,25.74,U
sz000400,许继电气,2025-10-28 09:57:45,25.75,55300,25.74,U
sz000400,许继电气,2025-10-28 09:57:51,25.75,12800,25.76,D
sz000400,许继电气,2025-10-28 09:57:54,25.77,8300,25.75,U
sz000400,许继电气,2025-10-28 09:58:03,25.77,40200,25.79,D
sz000400,许继电气,2025-10-28 09:58:06,25.78,8400,25.77,U
sz000400,许继电气,2025-10-28 09:58:09,25.77,8500,25.78,D
sz000400,许继电气,2025-10-28 09:58:15,25.77,59200,25.77,U
sz000400,许继电气,2025-10-28 09:58:30,25.77,12900,25.77,U
sz000400,许继电气,2025-10-28 09:58:39,25.77,16400,25.75,U
sz000400,许继电气,2025-10-28 09:58:48,25.76,10600,25.76,U
sz000400,许继电气,2025-10-28 09:58:57,25.74,23000,25.75,D
sz000400,许继电气,2025-10-28 09:59:06,25.75,23900,25.74,U
sz000400,许继电气,2025-10-28 09:59:09,25.75,18500,25.75,D
sz000400,许继电气,2025-10-28 09:59:15,25.76,8700,25.75,U
sz000400,许继电气,2025-10-28 09:59:18,25.77,41700,25.76,U
sz000400,许继电气,2025-10-28 09:59:27,25.78,8200,25.78,U
sz000400,许继电气,2025-10-28 09:59:30,25.77,9800,25.78,D
sz000400,许继电气,2025-10-28 09:59:39,25.77,8300,25.77,U
sz000400,许继电气,2025-10-28 09:59:42,25.77,17600,25.77,U
sz000400,许继电气,2025-10-28 09:59:57,25.78,17700,25.78,U
sz000400,许继电气,2025-10-28 10:00:00,25.78,8700,25.78,U
sz000400,许继电气,2025-10-28 10:00:03,25.78,31500,25.78,D
sz000400,许继电气,2025-10-28 10:00:09,25.79,24200,25.78,U
sz000400,许继电气,2025-10-28 10:00:18,25.78,8000,25.78,D
sz000400,许继电气,2025-10-28 10:00:21,25.77,24300,25.78,D
sz000400,许继电气,2025-10-28 10:00:48,25.74,81000,25.77,D
sz000400,许继电气,2025-10-28 10:00:51,25.73,28800,25.74,E
sz000400,许继电气,2025-10-28 10:00:54,25.73,18300,25.73,U
sz000400,许继电气,2025-10-28 10:00:57,25.72,11000,25.73,D
sz000400,许继电气,2025-10-28 10:01:03,25.72,11300,25.72,U
sz000400,许继电气,2025-10-28 10:01:06,25.72,7800,25.72,D
sz000400,许继电气,2025-10-28 10:01:15,25.72,23900,25.71,U
sz000400,许继电气,2025-10-28 10:01:21,25.71,18000,25.72,D
sz000400,许继电气,2025-10-28 10:01:24,25.71,20800,25.71,D
sz000400,许继电气,2025-10-28 10:01:42,25.73,15700,25.72,U
sz000400,许继电气,2025-10-28 10:01:48,25.72,27400,25.72,U
sz000400,许继电气,2025-10-28 10:01:54,25.71,64700,25.71,U
sz000400,许继电气,2025-10-28 10:02:00,25.71,13200,25.71,U
sz000400,许继电气,2025-10-28 10:02:03,25.7,24200,25.71,D
sz000400,许继电气,2025-10-28 10:02:06,25.67,168500,25.7,D
sz000400,许继电气,2025-10-28 10:02:18,25.65,125700,25.68,D
sz000400,许继电气,2025-10-28 10:02:21,25.66,8800,25.65,U
sz000400,许继电气,2025-10-28 10:02:27,25.65,12200,25.66,D
sz000400,许继电气,2025-10-28 10:02:30,25.64,15200,25.65,D
sz000400,许继电气,2025-10-28 10:02:36,25.64,26700,25.65,D
sz000400,许继电气,2025-10-28 10:02:39,25.65,20700,25.64,U
sz000400,许继电气,2025-10-28 10:02:45,25.65,16700,25.65,D
sz000400,许继电气,2025-10-28 10:02:48,25.66,44400,25.65,U
sz000400,许继电气,2025-10-28 10:02:51,25.66,30200,25.66,U
sz000400,许继电气,2025-10-28 10:03:00,25.64,24000,25.66,D
sz000400,许继电气,2025-10-28 10:03:03,25.66,19400,25.64,U
sz000400,许继电气,2025-10-28 10:03:15,25.65,14000,25.65,D
sz000400,许继电气,2025-10-28 10:03:18,25.66,22200,25.65,U
sz000400,许继电气,2025-10-28 10:03:21,25.65,18200,25.66,E
sz000400,许继电气,2025-10-28 10:03:36,25.66,12700,25.65,U
sz000400,许继电气,2025-10-28 10:03:39,25.65,25100,25.66,D
sz000400,许继电气,2025-10-28 10:03:45,25.65,21300,25.66,D
sz000400,许继电气,2025-10-28 10:03:51,25.65,17000,25.66,D
sz000400,许继电气,2025-10-28 10:03:57,25.66,22900,25.65,U
sz000400,许继电气,2025-10-28 10:04:00,25.65,16400,25.66,D
sz000400,许继电气,2025-10-28 10:04:12,25.66,12000,25.67,D
sz000400,许继电气,2025-10-28 10:04:33,25.68,14600,25.68,U
sz000400,许继电气,2025-10-28 10:04:36,25.68,8700,25.68,D
sz000400,许继电气,2025-10-28 10:04:42,25.67,14000,25.68,D
sz000400,许继电气,2025-10-28 10:04:48,25.66,9800,25.67,D
sz000400,许继电气,2025-10-28 10:04:51,25.66,86700,25.66,D
sz000400,许继电气,2025-10-28 10:04:57,25.68,8800,25.68,D
sz000400,许继电气,2025-10-28 10:05:09,25.71,8500,25.71,U
sz000400,许继电气,2025-10-28 10:05:21,25.7,12100,25.7,U
sz000400,许继电气,2025-10-28 10:05:24,25.7,9800,25.7,U
sz000400,许继电气,2025-10-28 10:05:27,25.69,29200,25.7,D
sz000400,许继电气,2025-10-28 10:05:33,25.69,8300,25.69,D
sz000400,许继电气,2025-10-28 10:05:48,25.69,13600,25.69,U
sz000400,许继电气,2025-10-28 10:06:00,25.7,11000,25.69,U
sz000400,许继电气,2025-10-28 10:06:09,25.67,64000,25.7,D
sz000400,许继电气,2025-10-28 10:06:12,25.67,11600,25.67,U
sz000400,许继电气,2025-10-28 10:06:15,25.67,20000,25.67,U
sz000400,许继电气,2025-10-28 10:06:18,25.67,12300,25.67,D
sz000400,许继电气,2025-10-28 10:06:24,25.69,22100,25.69,U
sz000400,许继电气,2025-10-28 10:06:27,25.69,8300,25.69,U
sz000400,许继电气,2025-10-28 10:06:45,25.68,10400,25.69,D
sz000400,许继电气,2025-10-28 10:07:00,25.69,7800,25.69,U
sz000400,许继电气,2025-10-28 10:07:12,25.69,25600,25.69,U
sz000400,许继电气,2025-10-28 10:07:15,25.71,58600,25.69,U
sz000400,许继电气,2025-10-28 10:07:36,25.71,11000,25.7,U
sz000400,许继电气,2025-10-28 10:07:45,25.71,8200,25.71,U
sz000400,许继电气,2025-10-28 10:07:51,25.71,14300,25.7,U
sz000400,许继电气,2025-10-28 10:07:54,25.71,11200,25.71,U
sz000400,许继电气,2025-10-28 10:07:57,25.7,18900,25.71,D
sz000400,许继电气,2025-10-28 10:08:03,25.7,19400,25.7,U
sz000400,许继电气,2025-10-28 10:08:09,25.72,10600,25.7,U
sz000400,许继电气,2025-10-28 10:08:12,25.7,11800,25.72,E
sz000400,许继电气,2025-10-28 10:08:15,25.69,13000,25.7,D
sz000400,许继电气,2025-10-28 10:08:24,25.68,13300,25.69,D
sz000400,许继电气,2025-10-28 10:08:33,25.69,11600,25.69,D
sz000400,许继电气,2025-10-28 10:08:39,25.69,13800,25.7,D
sz000400,许继电气,2025-10-28 10:08:42,25.7,10500,25.69,U
sz000400,许继电气,2025-10-28 10:08:57,25.69,13800,25.69,D
sz000400,许继电气,2025-10-28 10:09:15,25.69,10500,25.69,U
sz000400,许继电气,2025-10-28 10:09:18,25.69,9800,25.69,D
sz000400,许继电气,2025-10-28 10:09:21,25.69,20400,25.69,U
sz000400,许继电气,2025-10-28 10:09:24,25.68,9500,25.69,D
sz000400,许继电气,2025-10-28 10:09:36,25.68,45800,25.68,D
sz000400,许继电气,2025-10-28 10:09:42,25.67,13100,25.68,D
sz000400,许继电气,2025-10-28 10:09:45,25.68,31800,25.67,U
sz000400,许继电气,2025-10-28 10:09:48,25.68,8300,25.68,U
sz000400,许继电气,2025-10-28 10:09:51,25.68,10800,25.68,U
sz000400,许继电气,2025-10-28 10:09:57,25.67,20900,25.67,D
sz000400,许继电气,2025-10-28 10:10:00,25.67,39700,25.67,D
sz000400,许继电气,2025-10-28 10:10:03,25.66,32100,25.67,D
sz000400,许继电气,2025-10-28 10:10:18,25.66,17300,25.67,D
sz000400,许继电气,2025-10-28 10:10:21,25.67,43900,25.66,U
sz000400,许继电气,2025-10-28 10:10:24,25.66,12400,25.67,D
sz000400,许继电气,2025-10-28 10:10:27,25.67,44400,25.66,U
sz000400,许继电气,2025-10-28 10:10:30,25.68,21600,25.67,U
sz000400,许继电气,2025-10-28 10:10:33,25.68,11300,25.68,D
sz000400,许继电气,2025-10-28 10:10:36,25.7,12100,25.68,U
sz000400,许继电气,2025-10-28 10:10:54,25.7,13600,25.7,U
sz000400,许继电气,2025-10-28 10:11:03,25.71,11600,25.7,U
sz000400,许继电气,2025-10-28 10:11:09,25.72,9400,25.71,U
sz000400,许继电气,2025-10-28 10:11:21,25.72,36400,25.72,U
sz000400,许继电气,2025-10-28 10:11:36,25.73,7900,25.72,U
sz000400,许继电气,2025-10-28 10:11:48,25.72,9500,25.73,D
sz000400,许继电气,2025-10-28 10:12:00,25.73,9600,25.73,U
sz000400,许继电气,2025-10-28 10:12:03,25.73,12300,25.73,D
sz000400,许继电气,2025-10-28 10:12:09,25.74,26900,25.74,U
sz000400,许继电气,2025-10-28 10:12:12,25.74,11400,25.74,D
sz000400,许继电气,2025-10-28 10:12:15,25.75,14300,25.74,U
sz000400,许继电气,2025-10-28 10:12:21,25.77,9700,25.76,U
sz000400,许继电气,2025-10-28 10:12:39,25.8,8000,25.8,U
sz000400,许继电气,2025-10-28 10:13:00,25.82,15300,25.81,U
sz000400,许继电气,2025-10-28 10:13:03,25.81,12700,25.82,D
sz000400,许继电气,2025-10-28 10:13:06,25.79,60400,25.81,D
sz000400,许继电气,2025-10-28 10:13:09,25.81,11500,25.79,U
sz000400,许继电气,2025-10-28 10:13:12,25.81,125500,25.81,D
sz000400,许继电气,2025-10-28 10:13:15,25.81,8900,25.81,D
sz000400,许继电气,2025-10-28 10:13:18,25.81,16300,25.81,U
sz000400,许继电气,2025-10-28 10:13:24,25.84,8200,25.83,U
sz000400,许继电气,2025-10-28 10:13:27,25.85,14500,25.84,U
sz000400,许继电气,2025-10-28 10:13:30,25.85,7900,25.85,U
sz000400,许继电气,2025-10-28 10:13:36,25.84,16100,25.85,D
sz000400,许继电气,2025-10-28 10:13:39,25.84,8800,25.84,U
sz000400,许继电气,2025-10-28 10:13:42,25.84,8500,25.84,U
sz000400,许继电气,2025-10-28 10:13:45,25.85,22200,25.84,U
sz000400,许继电气,2025-10-28 10:13:48,25.85,14200,25.85,U
sz000400,许继电气,2025-10-28 10:13:51,25.85,76500,25.85,U
sz000400,许继电气,2025-10-28 10:13:57,25.85,36100,25.85,U
sz000400,许继电气,2025-10-28 10:14:00,25.85,13500,25.85,U
sz000400,许继电气,2025-10-28 10:14:03,25.85,35400,25.85,U
sz000400,许继电气,2025-10-28 10:14:24,25.83,76300,25.82,U
sz000400,许继电气,2025-10-28 10:14:48,25.82,22700,25.83,D
sz000400,许继电气,2025-10-28 10:15:18,25.81,27400,25.83,D
sz000400,许继电气,2025-10-28 10:15:21,25.81,15600,25.81,D
sz000400,许继电气,2025-10-28 10:15:45,25.81,14900,25.81,U
sz000400,许继电气,2025-10-28 10:15:57,25.82,9500,25.81,U
sz000400,许继电气,2025-10-28 10:16:00,25.81,11800,25.82,D
sz000400,许继电气,2025-10-28 10:16:18,25.82,19000,25.81,U
sz000400,许继电气,2025-10-28 10:16:24,25.81,13000,25.8,U
sz000400,许继电气,2025-10-28 10:16:27,25.81,10800,25.81,U
sz000400,许继电气,2025-10-28 10:16:30,25.82,22800,25.81,U
sz000400,许继电气,2025-10-28 10:17:06,25.79,10100,25.79,D
sz000400,许继电气,2025-10-28 10:17:18,25.79,10700,25.8,D
sz000400,许继电气,2025-10-28 10:17:21,25.81,21700,25.79,U
sz000400,许继电气,2025-10-28 10:17:42,25.82,8200,25.82,U
sz000400,许继电气,2025-10-28 10:17:45,25.81,11900,25.82,D
sz000400,许继电气,2025-10-28 10:18:03,25.79,45400,25.82,D
sz000400,许继电气,2025-10-28 10:18:06,25.8,29200,25.79,U
sz000400,许继电气,2025-10-28 10:18:27,25.8,11500,25.8,D
sz000400,许继电气,2025-10-28 10:18:39,25.79,17000,25.8,D
sz000400,许继电气,2025-10-28 10:18:42,25.81,12300,25.79,U
sz000400,许继电气,2025-10-28 10:18:48,25.8,12600,25.79,U
sz000400,许继电气,2025-10-28 10:18:51,25.8,19100,25.8,U
sz000400,许继电气,2025-10-28 10:19:21,25.78,14800,25.78,D
sz000400,许继电气,2025-10-28 10:19:51,25.77,8100,25.77,U
sz000400,许继电气,2025-10-28 10:19:54,25.75,43900,25.77,D
sz000400,许继电气,2025-10-28 10:20:06,25.76,18000,25.75,U
sz000400,许继电气,2025-10-28 10:20:12,25.75,32100,25.76,D
sz000400,许继电气,2025-10-28 10:20:27,25.76,11400,25.75,U
sz000400,许继电气,2025-10-28 10:21:18,25.72,46900,25.74,D
sz000400,许继电气,2025-10-28 10:21:42,25.73,22400,25.72,U
sz000400,许继电气,2025-10-28 10:22:30,25.72,20200,25.71,U
sz000400,许继电气,2025-10-28 10:22:42,25.72,100300,25.7,U
sz000400,许继电气,2025-10-28 10:22:51,25.74,9100,25.72,E
sz000400,许继电气,2025-10-28 10:23:03,25.75,106400,25.75,U
sz000400,许继电气,2025-10-28 10:23:18,25.78,19400,25.78,D
sz000400,许继电气,2025-10-28 10:23:24,25.79,8400,25.8,D
sz000400,许继电气,2025-10-28 10:23:30,25.81,101800,25.78,U
sz000400,许继电气,2025-10-28 10:23:36,25.79,8400,25.81,E
sz000400,许继电气,2025-10-28 10:23:39,25.81,16800,25.79,U
sz000400,许继电气,2025-10-28 10:24:03,25.76,11300,25.76,U
sz000400,许继电气,2025-10-28 10:24:06,25.79,65800,25.76,U
sz000400,许继电气,2025-10-28 10:24:18,25.8,18000,25.8,U
sz000400,许继电气,2025-10-28 10:24:21,25.79,11500,25.8,D
sz000400,许继电气,2025-10-28 10:24:54,25.76,7900,25.77,D
sz000400,许继电气,2025-10-28 10:25:12,25.76,15600,25.76,D
sz000400,许继电气,2025-10-28 10:25:30,25.75,16300,25.75,U
sz000400,许继电气,2025-10-28 10:25:45,25.76,8700,25.75,U
sz000400,许继电气,2025-10-28 10:25:54,25.76,9700,25.76,U
sz000400,许继电气,2025-10-28 10:26:30,25.76,14400,25.77,D
sz000400,许继电气,2025-10-28 10:26:33,25.75,41500,25.76,D
sz000400,许继电气,2025-10-28 10:26:39,25.74,15300,25.75,D
sz000400,许继电气,2025-10-28 10:27:00,25.75,12800,25.75,U
sz000400,许继电气,2025-10-28 10:27:12,25.75,8200,25.74,U
sz000400,许继电气,2025-10-28 10:27:42,25.75,8000,25.75,U
sz000400,许继电气,2025-10-28 10:27:54,25.75,8000,25.75,U
sz000400,许继电气,2025-10-28 10:28:06,25.74,16000,25.74,D
sz000400,许继电气,2025-10-28 10:28:21,25.72,8800,25.73,D
sz000400,许继电气,2025-10-28 10:28:27,25.73,16600,25.72,E
sz000400,许继电气,2025-10-28 10:28:30,25.71,14700,25.73,D
sz000400,许继电气,2025-10-28 10:29:00,25.71,13500,25.72,D
sz000400,许继电气,2025-10-28 10:29:03,25.72,56700,25.71,U
sz000400,许继电气,2025-10-28 10:29:57,25.71,22400,25.72,D
sz000400,许继电气,2025-10-28 10:30:00,25.71,9200,25.71,U
sz000400,许继电气,2025-10-28 10:30:03,25.72,27300,25.71,U
sz000400,许继电气,2025-10-28 10:30:18,25.73,13900,25.73,U
sz000400,许继电气,2025-10-28 10:30:21,25.73,14900,25.73,D
sz000400,许继电气,2025-10-28 10:30:39,25.72,20400,25.72,U
sz000400,许继电气,2025-10-28 10:30:48,25.72,18300,25.71,U
sz000400,许继电气,2025-10-28 10:30:54,25.7,19800,25.71,D
sz000400,许继电气,2025-10-28 10:31:06,25.71,18800,25.71,U
sz000400,许继电气,2025-10-28 10:31:09,25.7,9400,25.71,D
sz000400,许继电气,2025-10-28 10:31:18,25.7,11600,25.71,D
sz000400,许继电气,2025-10-28 10:31:21,25.7,13000,25.7,D
sz000400,许继电气,2025-10-28 10:31:30,25.7,8500,25.69,U
sz000400,许继电气,2025-10-28 10:31:42,25.71,52100,25.7,U
sz000400,许继电气,2025-10-28 10:31:45,25.7,15600,25.71,E
sz000400,许继电气,2025-10-28 10:31:48,25.7,18600,25.7,U
sz000400,许继电气,2025-10-28 10:32:03,25.69,9200,25.7,D
sz000400,许继电气,2025-10-28 10:32:24,25.68,10800,25.69,D
sz000400,许继电气,2025-10-28 10:32:45,25.69,27100,25.69,U
sz000400,许继电气,2025-10-28 10:32:48,25.68,22400,25.69,D
sz000400,许继电气,2025-10-28 10:33:33,25.68,11000,25.67,U
sz000400,许继电气,2025-10-28 10:33:36,25.68,20700,25.68,D
sz000400,许继电气,2025-10-28 10:33:45,25.66,101900,25.68,D
sz000400,许继电气,2025-10-28 10:33:48,25.65,21800,25.66,D
sz000400,许继电气,2025-10-28 10:33:51,25.67,22800,25.65,U
sz000400,许继电气,2025-10-28 10:33:54,25.66,8600,25.67,E
sz000400,许继电气,2025-10-28 10:34:03,25.65,70700,25.66,D
sz000400,许继电气,2025-10-28 10:34:06,25.66,27200,25.65,U
sz000400,许继电气,2025-10-28 10:34:24,25.67,11900,25.66,U
sz000400,许继电气,2025-10-28 10:35:24,25.7,11400,25.68,U
sz000400,许继电气,2025-10-28 10:35:57,25.68,12800,25.69,D
sz000400,许继电气,2025-10-28 10:36:00,25.68,12600,25.68,D
sz000400,许继电气,2025-10-28 10:36:03,25.68,7800,25.68,U
sz000400,许继电气,2025-10-28 10:36:06,25.69,19200,25.68,U
sz000400,许继电气,2025-10-28 10:36:09,25.69,8600,25.69,D
sz000400,许继电气,2025-10-28 10:36:12,25.69,9900,25.69,D
sz000400,许继电气,2025-10-28 10:36:27,25.67,9800,25.67,D
sz000400,许继电气,2025-10-28 10:36:36,25.67,8100,25.67,D
sz000400,许继电气,2025-10-28 10:36:57,25.68,8200,25.67,U
sz000400,许继电气,2025-10-28 10:37:30,25.68,15700,25.68,D
sz000400,许继电气,2025-10-28 10:37:33,25.68,22500,25.68,U
sz000400,许继电气,2025-10-28 10:37:39,25.67,13200,25.67,D
sz000400,许继电气,2025-10-28 10:37:42,25.68,9000,25.67,U
sz000400,许继电气,2025-10-28 10:37:45,25.67,8400,25.68,D
sz000400,许继电气,2025-10-28 10:38:00,25.68,11900,25.68,D
sz000400,许继电气,2025-10-28 10:38:06,25.67,8200,25.67,D
sz000400,许继电气,2025-10-28 10:38:09,25.68,14400,25.67,U
sz000400,许继电气,2025-10-28 10:38:12,25.67,9500,25.68,D
sz000400,许继电气,2025-10-28 10:38:24,25.67,27200,25.68,D
sz000400,许继电气,2025-10-28 10:38:27,25.67,10400,25.67,U
sz000400,许继电气,2025-10-28 10:38:42,25.66,24700,25.66,D
sz000400,许继电气,2025-10-28 10:38:48,25.67,18000,25.66,U
sz000400,许继电气,2025-10-28 10:38:54,25.66,8300,25.65,U
sz000400,许继电气,2025-10-28 10:39:03,25.66,9800,25.66,D
sz000400,许继电气,2025-10-28 10:39:09,25.66,7900,25.66,D
sz000400,许继电气,2025-10-28 10:39:15,25.66,37500,25.66,D
sz000400,许继电气,2025-10-28 10:39:18,25.66,12300,25.66,U
sz000400,许继电气,2025-10-28 10:39:24,25.65,7900,25.67,D
sz000400,许继电气,2025-10-28 10:39:27,25.65,40800,25.65,D
sz000400,许继电气,2025-10-28 10:39:30,25.65,11000,25.65,D
sz000400,许继电气,2025-10-28 10:40:03,25.64,8600,25.64,D
sz000400,许继电气,2025-10-28 10:40:33,25.65,13800,25.65,U
sz000400,许继电气,2025-10-28 10:40:42,25.66,17000,25.65,U
sz000400,许继电气,2025-10-28 10:41:09,25.67,8300,25.66,U
sz000400,许继电气,2025-10-28 10:41:15,25.66,11300,25.66,D
sz000400,许继电气,2025-10-28 10:41:33,25.69,16000,25.69,U
sz000400,许继电气,2025-10-28 10:42:00,25.7,8000,25.7,U
sz000400,许继电气,2025-10-28 10:42:15,25.72,9200,25.7,U
sz000400,许继电气,2025-10-28 10:42:39,25.73,18200,25.71,U
sz000400,许继电气,2025-10-28 10:42:54,25.73,10600,25.73,D
sz000400,许继电气,2025-10-28 10:43:18,25.73,20300,25.73,U
sz000400,许继电气,2025-10-28 10:43:54,25.75,9700,25.73,U
sz000400,许继电气,2025-10-28 10:45:18,25.74,30000,25.75,D
sz000400,许继电气,2025-10-28 10:45:36,25.73,8500,25.73,U
sz000400,许继电气,2025-10-28 10:46:03,25.73,8200,25.74,D
sz000400,许继电气,2025-10-28 10:46:36,25.73,9000,25.73,D
sz000400,许继电气,2025-10-28 10:46:51,25.73,8800,25.74,D
sz000400,许继电气,2025-10-28 10:46:54,25.75,23700,25.73,U
sz000400,许继电气,2025-10-28 10:47:36,25.75,8700,25.75,D
sz000400,许继电气,2025-10-28 10:47:48,25.74,16300,25.75,D
sz000400,许继电气,2025-10-28 10:48:06,25.74,7800,25.73,U
sz000400,许继电气,2025-10-28 10:48:51,25.73,11900,25.73,D
sz000400,许继电气,2025-10-28 10:48:54,25.72,38200,25.73,D
sz000400,许继电气,2025-10-28 10:49:21,25.71,14400,25.72,D
sz000400,许继电气,2025-10-28 10:51:00,25.69,35700,25.7,D
sz000400,许继电气,2025-10-28 10:51:03,25.7,12000,25.69,U
sz000400,许继电气,2025-10-28 10:51:27,25.7,10700,25.7,U
sz000400,许继电气,2025-10-28 10:52:06,25.7,20200,25.71,D
sz000400,许继电气,2025-10-28 10:52:57,25.73,17600,25.75,D
sz000400,许继电气,2025-10-28 10:53:33,25.75,14700,25.73,U
sz000400,许继电气,2025-10-28 10:54:21,25.76,12400,25.75,U
sz000400,许继电气,2025-10-28 10:55:33,25.74,8600,25.75,D
sz000400,许继电气,2025-10-28 10:57:42,25.72,11100,25.73,D
sz000400,许继电气,2025-10-28 10:58:06,25.71,7900,25.71,D
sz000400,许继电气,2025-10-28 10:58:21,25.72,17500,25.72,U
sz000400,许继电气,2025-10-28 10:58:24,25.71,40500,25.72,D
sz000400,许继电气,2025-10-28 10:58:39,25.76,22900,25.73,U
sz000400,许继电气,2025-10-28 10:58:57,25.75,12200,25.76,D
sz000400,许继电气,2025-10-28 10:59:00,25.75,11200,25.75,U
sz000400,许继电气,2025-10-28 10:59:03,25.75,20700,25.75,D
sz000400,许继电气,2025-10-28 10:59:09,25.77,10300,25.77,U
sz000400,许继电气,2025-10-28 10:59:45,25.77,15900,25.78,D
sz000400,许继电气,2025-10-28 10:59:54,25.78,8400,25.78,U
sz000400,许继电气,2025-10-28 11:00:27,25.81,18600,25.79,U
sz000400,许继电气,2025-10-28 11:00:39,25.81,8700,25.81,U
sz000400,许继电气,2025-10-28 11:00:51,25.82,10300,25.82,U
sz000400,许继电气,2025-10-28 11:01:21,25.84,18800,25.85,D
sz000400,许继电气,2025-10-28 11:01:57,25.84,9900,25.85,D
sz000400,许继电气,2025-10-28 11:02:03,25.84,8400,25.85,E
sz000400,许继电气,2025-10-28 11:02:30,25.85,9700,25.86,D
sz000400,许继电气,2025-10-28 11:02:39,25.85,11200,25.85,D
sz000400,许继电气,2025-10-28 11:03:06,25.83,9600,25.84,D
sz000400,许继电气,2025-10-28 11:03:27,25.88,23000,25.85,U
sz000400,许继电气,2025-10-28 11:03:30,25.91,86900,25.88,U
sz000400,许继电气,2025-10-28 11:03:33,25.91,42600,25.91,D
sz000400,许继电气,2025-10-28 11:03:36,25.91,10100,25.91,U
sz000400,许继电气,2025-10-28 11:03:39,25.88,10200,25.91,D
sz000400,许继电气,2025-10-28 11:03:42,25.9,40400,25.88,U
sz000400,许继电气,2025-10-28 11:03:45,25.9,37000,25.9,D
sz000400,许继电气,2025-10-28 11:03:51,25.93,14300,25.93,U
sz000400,许继电气,2025-10-28 11:03:57,25.92,16100,25.93,U
sz000400,许继电气,2025-10-28 11:04:00,25.93,19500,25.92,U
sz000400,许继电气,2025-10-28 11:04:03,25.95,21900,25.93,U
sz000400,许继电气,2025-10-28 11:04:12,25.93,21100,25.95,D
sz000400,许继电气,2025-10-28 11:04:15,25.93,9400,25.93,U
sz000400,许继电气,2025-10-28 11:04:27,25.92,16900,25.92,D
sz000400,许继电气,2025-10-28 11:04:33,25.9,13700,25.92,D
sz000400,许继电气,2025-10-28 11:04:42,25.9,42800,25.91,D
sz000400,许继电气,2025-10-28 11:04:51,25.9,27800,25.89,U
sz000400,许继电气,2025-10-28 11:05:00,25.89,27800,25.89,U
sz000400,许继电气,2025-10-28 11:05:03,25.9,19900,25.89,U
sz000400,许继电气,2025-10-28 11:05:06,25.9,10000,25.9,D
sz000400,许继电气,2025-10-28 11:05:12,25.9,46000,25.9,U
sz000400,许继电气,2025-10-28 11:05:15,25.9,38400,25.9,U
sz000400,许继电气,2025-10-28 11:05:18,25.9,8500,25.9,U
sz000400,许继电气,2025-10-28 11:05:21,25.91,32000,25.9,U
sz000400,许继电气,2025-10-28 11:05:27,25.89,25700,25.9,D
sz000400,许继电气,2025-10-28 11:05:33,25.88,7900,25.88,D
sz000400,许继电气,2025-10-28 11:05:36,25.88,9400,25.88,D
sz000400,许继电气,2025-10-28 11:05:39,25.89,15500,25.88,U
sz000400,许继电气,2025-10-28 11:05:48,25.88,12600,25.89,D
sz000400,许继电气,2025-10-28 11:06:00,25.88,8200,25.89,D
sz000400,许继电气,2025-10-28 11:06:09,25.89,15900,25.88,U
sz000400,许继电气,2025-10-28 11:06:12,25.9,13800,25.89,U
sz000400,许继电气,2025-10-28 11:06:15,25.88,22400,25.9,D
sz000400,许继电气,2025-10-28 11:06:18,25.88,10800,25.88,U
sz000400,许继电气,2025-10-28 11:06:42,25.84,10900,25.88,D
sz000400,许继电气,2025-10-28 11:06:48,25.84,11600,25.84,D
sz000400,许继电气,2025-10-28 11:07:18,25.86,10400,25.87,D
sz000400,许继电气,2025-10-28 11:07:21,25.85,9300,25.86,D
sz000400,许继电气,2025-10-28 11:07:48,25.84,8900,25.87,D
sz000400,许继电气,2025-10-28 11:07:51,25.86,10200,25.84,U
sz000400,许继电气,2025-10-28 11:08:09,25.86,12300,25.84,U
sz000400,许继电气,2025-10-28 11:08:18,25.87,14000,25.86,U
sz000400,许继电气,2025-10-28 11:08:24,25.86,11000,25.86,D
sz000400,许继电气,2025-10-28 11:08:33,25.85,20100,25.87,D
sz000400,许继电气,2025-10-28 11:08:36,25.88,18900,25.85,U
sz000400,许继电气,2025-10-28 11:08:42,25.85,8000,25.86,D
sz000400,许继电气,2025-10-28 11:08:51,25.84,9000,25.85,D
sz000400,许继电气,2025-10-28 11:08:57,25.86,9100,25.87,E
sz000400,许继电气,2025-10-28 11:09:27,25.83,25200,25.83,D
sz000400,许继电气,2025-10-28 11:09:57,25.84,9800,25.85,D
sz000400,许继电气,2025-10-28 11:10:27,25.81,9400,25.83,D
sz000400,许继电气,2025-10-28 11:10:51,25.8,11100,25.82,D
sz000400,许继电气,2025-10-28 11:11:00,25.8,14000,25.82,D
sz000400,许继电气,2025-10-28 11:11:15,25.81,14900,25.81,U
sz000400,许继电气,2025-10-28 11:11:30,25.79,15400,25.81,D
sz000400,许继电气,2025-10-28 11:12:06,25.79,9700,25.81,D
sz000400,许继电气,2025-10-28 11:12:12,25.81,18300,25.79,U
sz000400,许继电气,2025-10-28 11:12:21,25.81,12200,25.81,D
sz000400,许继电气,2025-10-28 11:12:30,25.8,16200,25.81,D
sz000400,许继电气,2025-10-28 11:12:39,25.81,13700,25.8,U
sz000400,许继电气,2025-10-28 11:13:00,25.81,10600,25.81,D
sz000400,许继电气,2025-10-28 11:13:15,25.82,9800,25.82,U
sz000400,许继电气,2025-10-28 11:13:27,25.82,14000,25.82,U
sz000400,许继电气,2025-10-28 11:13:33,25.82,10600,25.82,D
sz000400,许继电气,2025-10-28 11:13:51,25.81,46900,25.82,D
sz000400,许继电气,2025-10-28 11:14:24,25.82,9300,25.82,U
sz000400,许继电气,2025-10-28 11:14:42,25.8,36900,25.8,D
sz000400,许继电气,2025-10-28 11:14:45,25.8,10200,25.8,D
sz000400,许继电气,2025-10-28 11:14:57,25.8,11700,25.81,D
sz000400,许继电气,2025-10-28 11:15:09,25.81,10000,25.8,U
sz000400,许继电气,2025-10-28 11:15:30,25.79,9100,25.8,D
sz000400,许继电气,2025-10-28 11:15:42,25.81,9100,25.8,U
sz000400,许继电气,2025-10-28 11:15:54,25.79,46800,25.82,D
sz000400,许继电气,2025-10-28 11:16:00,25.79,12400,25.79,D
sz000400,许继电气,2025-10-28 11:16:18,25.78,30000,25.8,D
sz000400,许继电气,2025-10-28 11:16:33,25.8,10200,25.81,E
sz000400,许继电气,2025-10-28 11:17:03,25.82,43900,25.8,U
sz000400,许继电气,2025-10-28 11:17:36,25.84,10500,25.84,D
sz000400,许继电气,2025-10-28 11:17:39,25.83,26500,25.84,D
sz000400,许继电气,2025-10-28 11:18:06,25.8,9300,25.83,D
sz000400,许继电气,2025-10-28 11:18:39,25.85,15400,25.84,U
sz000400,许继电气,2025-10-28 11:19:15,25.86,9700,25.86,U
sz000400,许继电气,2025-10-28 11:19:45,25.87,17100,25.87,U
sz000400,许继电气,2025-10-28 11:19:48,25.86,24800,25.87,E
sz000400,许继电气,2025-10-28 11:19:57,25.85,10200,25.85,U
sz000400,许继电气,2025-10-28 11:20:06,25.84,11800,25.84,D
sz000400,许继电气,2025-10-28 11:20:18,25.81,8900,25.84,D
sz000400,许继电气,2025-10-28 11:20:33,25.81,29100,25.82,D
sz000400,许继电气,2025-10-28 11:20:45,25.82,19100,25.81,U
sz000400,许继电气,2025-10-28 11:20:51,25.8,13500,25.81,D
sz000400,许继电气,2025-10-28 11:21:15,25.8,39600,25.82,D
sz000400,许继电气,2025-10-28 11:21:24,25.79,13900,25.8,D
sz000400,许继电气,2025-10-28 11:22:00,25.8,9600,25.82,D
sz000400,许继电气,2025-10-28 11:22:27,25.81,10100,25.81,D
sz000400,许继电气,2025-10-28 11:22:33,25.81,9100,25.81,D
sz000400,许继电气,2025-10-28 11:22:57,25.83,15700,25.82,U
sz000400,许继电气,2025-10-28 11:23:06,25.8,18400,25.81,D
sz000400,许继电气,2025-10-28 11:23:42,25.83,12000,25.82,U
sz000400,许继电气,2025-10-28 11:24:15,25.8,13200,25.82,D
sz000400,许继电气,2025-10-28 11:25:06,25.84,8400,25.84,U
sz000400,许继电气,2025-10-28 11:25:33,25.84,19000,25.84,D
sz000400,许继电气,2025-10-28 11:26:27,25.88,29200,25.87,U
sz000400,许继电气,2025-10-28 11:26:51,25.87,9900,25.86,U
sz000400,许继电气,2025-10-28 11:27:03,25.86,8600,25.87,D
sz000400,许继电气,2025-10-28 11:27:36,25.85,12400,25.85,D
sz000400,许继电气,2025-10-28 11:27:42,25.85,8500,25.85,D
sz000400,许继电气,2025-10-28 11:28:42,25.82,13500,25.84,D
sz000400,许继电气,2025-10-28 13:00:00,25.85,20300,25.85,U
sz000400,许继电气,2025-10-28 13:00:03,25.85,47900,25.85,D
sz000400,许继电气,2025-10-28 13:00:09,25.85,12300,25.85,D
sz000400,许继电气,2025-10-28 13:00:12,25.84,10100,25.85,D
sz000400,许继电气,2025-10-28 13:00:36,25.84,9500,25.84,D
sz000400,许继电气,2025-10-28 13:00:39,25.84,13900,25.84,D
sz000400,许继电气,2025-10-28 13:00:54,25.83,9000,25.83,D
sz000400,许继电气,2025-10-28 13:01:18,25.82,20400,25.82,D
sz000400,许继电气,2025-10-28 13:01:27,25.83,10400,25.84,E
sz000400,许继电气,2025-10-28 13:03:06,25.82,16400,25.82,D
sz000400,许继电气,2025-10-28 13:03:15,25.8,24000,25.81,D
sz000400,许继电气,2025-10-28 13:03:18,25.8,8700,25.8,D
sz000400,许继电气,2025-10-28 13:04:00,25.82,8400,25.81,U
sz000400,许继电气,2025-10-28 13:05:27,25.83,8700,25.82,U
sz000400,许继电气,2025-10-28 13:05:33,25.81,11200,25.83,D
sz000400,许继电气,2025-10-28 13:06:33,25.81,50200,25.82,D
sz000400,许继电气,2025-10-28 13:07:06,25.81,44400,25.81,U
sz000400,许继电气,2025-10-28 13:07:51,25.82,10200,25.82,U
sz000400,许继电气,2025-10-28 13:08:15,25.83,9300,25.82,U
sz000400,许继电气,2025-10-28 13:08:36,25.85,36300,25.84,U
sz000400,许继电气,2025-10-28 13:10:03,25.88,7800,25.87,U
sz000400,许继电气,2025-10-28 13:10:09,25.88,30300,25.89,D
sz000400,许继电气,2025-10-28 13:10:15,25.9,58100,25.88,U
sz000400,许继电气,2025-10-28 13:10:21,25.91,17000,25.9,U
sz000400,许继电气,2025-10-28 13:10:24,25.89,18800,25.91,D
sz000400,许继电气,2025-10-28 13:10:33,25.89,9300,25.88,U
sz000400,许继电气,2025-10-28 13:10:42,25.88,31400,25.89,D
sz000400,许继电气,2025-10-28 13:10:48,25.88,9500,25.86,U
sz000400,许继电气,2025-10-28 13:11:03,25.86,9900,25.88,D
sz000400,许继电气,2025-10-28 13:11:51,25.83,10900,25.83,D
sz000400,许继电气,2025-10-28 13:13:21,25.84,13600,25.82,U
sz000400,许继电气,2025-10-28 13:14:12,25.83,16300,25.84,D
sz000400,许继电气,2025-10-28 13:14:18,25.83,12000,25.84,D
sz000400,许继电气,2025-10-28 13:14:30,25.82,63800,25.83,D
sz000400,许继电气,2025-10-28 13:14:33,25.82,9300,25.82,D
sz000400,许继电气,2025-10-28 13:14:36,25.82,10400,25.82,D
sz000400,许继电气,2025-10-28 13:14:42,25.81,86600,25.82,D
sz000400,许继电气,2025-10-28 13:14:54,25.8,124200,25.8,D
sz000400,许继电气,2025-10-28 13:14:57,25.79,18000,25.8,D
sz000400,许继电气,2025-10-28 13:15:03,25.77,75000,25.78,D
sz000400,许继电气,2025-10-28 13:15:06,25.76,8000,25.77,D
sz000400,许继电气,2025-10-28 13:15:21,25.75,11600,25.75,D
sz000400,许继电气,2025-10-28 13:15:24,25.75,14100,25.75,D
sz000400,许继电气,2025-10-28 13:15:27,25.73,15500,25.75,D
sz000400,许继电气,2025-10-28 13:15:39,25.74,12300,25.74,U
sz000400,许继电气,2025-10-28 13:15:42,25.75,12100,25.74,U
sz000400,许继电气,2025-10-28 13:15:45,25.75,10500,25.75,D
sz000400,许继电气,2025-10-28 13:16:21,25.73,9700,25.73,D
sz000400,许继电气,2025-10-28 13:16:51,25.72,9700,25.72,D
sz000400,许继电气,2025-10-28 13:16:54,25.73,22000,25.72,U
sz000400,许继电气,2025-10-28 13:17:30,25.74,12900,25.74,D
sz000400,许继电气,2025-10-28 13:17:48,25.73,8500,25.74,D
sz000400,许继电气,2025-10-28 13:18:30,25.77,38400,25.74,U
sz000400,许继电气,2025-10-28 13:19:12,25.75,11300,25.76,D
sz000400,许继电气,2025-10-28 13:19:24,25.74,10100,25.76,D
sz000400,许继电气,2025-10-28 13:20:06,25.75,19100,25.75,U
sz000400,许继电气,2025-10-28 13:20:30,25.75,23200,25.75,D
sz000400,许继电气,2025-10-28 13:20:51,25.73,15100,25.73,D
sz000400,许继电气,2025-10-28 13:22:00,25.72,28700,25.73,D
sz000400,许继电气,2025-10-28 13:22:12,25.72,10700,25.72,D
sz000400,许继电气,2025-10-28 13:22:15,25.71,11000,25.72,D
sz000400,许继电气,2025-10-28 13:23:12,25.72,9700,25.73,D
sz000400,许继电气,2025-10-28 13:24:00,25.71,47500,25.72,D
sz000400,许继电气,2025-10-28 13:24:03,25.71,8300,25.71,U
sz000400,许继电气,2025-10-28 13:24:06,25.7,8700,25.71,D
sz000400,许继电气,2025-10-28 13:24:21,25.71,11500,25.7,U
sz000400,许继电气,2025-10-28 13:24:33,25.71,13600,25.71,U
sz000400,许继电气,2025-10-28 13:24:36,25.71,9800,25.71,D
sz000400,许继电气,2025-10-28 13:24:51,25.7,17500,25.7,D
sz000400,许继电气,2025-10-28 13:24:54,25.7,17200,25.7,D
sz000400,许继电气,2025-10-28 13:25:15,25.7,15300,25.71,D
sz000400,许继电气,2025-10-28 13:25:24,25.71,12400,25.71,U
sz000400,许继电气,2025-10-28 13:25:33,25.71,14100,25.7,U
sz000400,许继电气,2025-10-28 13:25:45,25.71,20300,25.71,U
sz000400,许继电气,2025-10-28 13:26:36,25.72,9400,25.72,D
sz000400,许继电气,2025-10-28 13:26:51,25.72,15100,25.73,D
sz000400,许继电气,2025-10-28 13:27:03,25.73,10000,25.72,U
sz000400,许继电气,2025-10-28 13:27:27,25.72,11600,25.71,U
sz000400,许继电气,2025-10-28 13:27:39,25.72,10400,25.72,U
sz000400,许继电气,2025-10-28 13:27:54,25.71,18100,25.72,D
sz000400,许继电气,2025-10-28 13:28:12,25.7,27100,25.71,D
sz000400,许继电气,2025-10-28 13:28:24,25.7,8200,25.7,D
sz000400,许继电气,2025-10-28 13:28:30,25.7,8900,25.7,D
sz000400,许继电气,2025-10-28 13:28:39,25.7,12200,25.69,U
sz000400,许继电气,2025-10-28 13:28:45,25.7,10500,25.7,D
sz000400,许继电气,2025-10-28 13:29:03,25.7,10100,25.69,U
sz000400,许继电气,2025-10-28 13:29:06,25.7,18100,25.7,U
sz000400,许继电气,2025-10-28 13:29:54,25.7,19100,25.7,D
sz000400,许继电气,2025-10-28 13:31:03,25.7,31900,25.7,D
sz000400,许继电气,2025-10-28 13:31:18,25.69,44600,25.69,D
sz000400,许继电气,2025-10-28 13:31:27,25.68,11500,25.69,D
sz000400,许继电气,2025-10-28 13:31:33,25.69,58300,25.68,U
sz000400,许继电气,2025-10-28 13:31:57,25.69,12300,25.68,U
sz000400,许继电气,2025-10-28 13:32:27,25.68,11400,25.69,D
sz000400,许继电气,2025-10-28 13:33:15,25.69,16800,25.7,D
sz000400,许继电气,2025-10-28 13:33:18,25.7,8100,25.69,E
sz000400,许继电气,2025-10-28 13:34:06,25.7,33300,25.7,D
sz000400,许继电气,2025-10-28 13:34:42,25.69,9100,25.7,D
sz000400,许继电气,2025-10-28 13:35:09,25.69,11000,25.69,D
sz000400,许继电气,2025-10-28 13:35:21,25.67,16200,25.68,D
sz000400,许继电气,2025-10-28 13:35:33,25.67,11200,25.67,D
sz000400,许继电气,2025-10-28 13:35:39,25.67,25000,25.67,D
sz000400,许继电气,2025-10-28 13:36:24,25.66,127600,25.67,D
sz000400,许继电气,2025-10-28 13:36:27,25.66,9800,25.66,D
sz000400,许继电气,2025-10-28 13:36:36,25.66,39200,25.66,U
sz000400,许继电气,2025-10-28 13:36:39,25.65,14900,25.66,D
sz000400,许继电气,2025-10-28 13:37:03,25.65,21500,25.65,D
sz000400,许继电气,2025-10-28 13:37:06,25.65,70700,25.65,D
sz000400,许继电气,2025-10-28 13:37:18,25.64,8700,25.65,D
sz000400,许继电气,2025-10-28 13:37:27,25.64,9200,25.66,D
sz000400,许继电气,2025-10-28 13:37:48,25.65,14600,25.64,U
sz000400,许继电气,2025-10-28 13:38:00,25.65,46200,25.65,U
sz000400,许继电气,2025-10-28 13:38:03,25.63,9500,25.65,D
sz000400,许继电气,2025-10-28 13:38:06,25.66,7800,25.63,U
sz000400,许继电气,2025-10-28 13:38:30,25.63,16100,25.65,D
sz000400,许继电气,2025-10-28 13:38:42,25.64,10400,25.64,U
sz000400,许继电气,2025-10-28 13:38:54,25.64,26900,25.64,U
sz000400,许继电气,2025-10-28 13:39:00,25.63,10100,25.64,D
sz000400,许继电气,2025-10-28 13:39:03,25.63,8700,25.63,D
sz000400,许继电气,2025-10-28 13:39:06,25.63,103100,25.63,D
sz000400,许继电气,2025-10-28 13:39:09,25.63,32500,25.63,U
sz000400,许继电气,2025-10-28 13:39:12,25.62,12700,25.63,D
sz000400,许继电气,2025-10-28 13:39:18,25.62,11900,25.62,D
sz000400,许继电气,2025-10-28 13:39:21,25.62,17500,25.62,D
sz000400,许继电气,2025-10-28 13:39:33,25.62,8300,25.63,D
sz000400,许继电气,2025-10-28 13:39:45,25.62,13700,25.62,D
sz000400,许继电气,2025-10-28 13:39:57,25.62,15600,25.62,D
sz000400,许继电气,2025-10-28 13:40:00,25.62,12600,25.62,D
sz000400,许继电气,2025-10-28 13:40:03,25.61,10000,25.62,D
sz000400,许继电气,2025-10-28 13:40:15,25.61,8000,25.62,D
sz000400,许继电气,2025-10-28 13:40:24,25.62,17200,25.62,U
sz000400,许继电气,2025-10-28 13:40:27,25.61,17300,25.62,D
sz000400,许继电气,2025-10-28 13:40:30,25.62,30500,25.61,U
sz000400,许继电气,2025-10-28 13:40:51,25.62,15600,25.61,U
sz000400,许继电气,2025-10-28 13:41:00,25.62,13300,25.62,D
sz000400,许继电气,2025-10-28 13:41:48,25.64,16800,25.62,U
sz000400,许继电气,2025-10-28 13:42:00,25.65,15100,25.65,U
sz000400,许继电气,2025-10-28 13:42:09,25.64,9500,25.65,D
sz000400,许继电气,2025-10-28 13:42:24,25.64,23200,25.63,U
sz000400,许继电气,2025-10-28 13:42:27,25.63,13700,25.64,D
sz000400,许继电气,2025-10-28 13:43:03,25.62,32300,25.64,D
sz000400,许继电气,2025-10-28 13:43:09,25.63,11900,25.63,U
sz000400,许继电气,2025-10-28 13:43:15,25.62,55200,25.63,D
sz000400,许继电气,2025-10-28 13:43:24,25.62,37000,25.62,D
sz000400,许继电气,2025-10-28 13:43:33,25.61,12000,25.62,D
sz000400,许继电气,2025-10-28 13:43:42,25.61,15300,25.61,D
sz000400,许继电气,2025-10-28 13:43:45,25.61,23500,25.61,D
sz000400,许继电气,2025-10-28 13:43:54,25.62,44700,25.61,U
sz000400,许继电气,2025-10-28 13:43:57,25.61,145800,25.62,D
sz000400,许继电气,2025-10-28 13:44:03,25.62,86600,25.61,U
sz000400,许继电气,2025-10-28 13:44:09,25.63,43000,25.62,U
sz000400,许继电气,2025-10-28 13:44:18,25.62,34300,25.63,D
sz000400,许继电气,2025-10-28 13:44:24,25.63,40900,25.63,U
sz000400,许继电气,2025-10-28 13:44:27,25.63,21800,25.63,U
sz000400,许继电气,2025-10-28 13:44:33,25.63,12400,25.63,D
sz000400,许继电气,2025-10-28 13:45:03,25.63,9600,25.62,U
sz000400,许继电气,2025-10-28 13:45:06,25.64,108400,25.63,U
sz000400,许继电气,2025-10-28 13:45:09,25.64,9300,25.64,U
sz000400,许继电气,2025-10-28 13:45:12,25.63,14000,25.64,D
sz000400,许继电气,2025-10-28 13:45:27,25.63,12600,25.64,D
sz000400,许继电气,2025-10-28 13:46:03,25.63,14300,25.63,D
sz000400,许继电气,2025-10-28 13:46:18,25.63,20600,25.62,U
sz000400,许继电气,2025-10-28 13:46:27,25.63,12900,25.63,U
sz000400,许继电气,2025-10-28 13:46:33,25.63,17900,25.63,U
sz000400,许继电气,2025-10-28 13:46:39,25.63,18200,25.63,D
sz000400,许继电气,2025-10-28 13:46:42,25.63,11500,25.63,U
sz000400,许继电气,2025-10-28 13:46:45,25.63,20100,25.63,U
sz000400,许继电气,2025-10-28 13:46:57,25.63,32900,25.63,U
sz000400,许继电气,2025-10-28 13:47:09,25.63,17800,25.63,D
sz000400,许继电气,2025-10-28 13:47:12,25.63,14300,25.63,D
sz000400,许继电气,2025-10-28 13:47:45,25.64,10300,25.64,D
sz000400,许继电气,2025-10-28 13:47:54,25.65,22200,25.65,U
sz000400,许继电气,2025-10-28 13:48:06,25.65,20700,25.64,U
sz000400,许继电气,2025-10-28 13:48:21,25.64,11500,25.64,U
sz000400,许继电气,2025-10-28 13:49:36,25.68,12300,25.68,U
sz000400,许继电气,2025-10-28 13:49:48,25.69,16100,25.68,U
sz000400,许继电气,2025-10-28 13:49:51,25.68,18500,25.69,D
sz000400,许继电气,2025-10-28 13:49:57,25.67,11300,25.68,D
sz000400,许继电气,2025-10-28 13:50:33,25.69,8000,25.69,D
sz000400,许继电气,2025-10-28 13:51:03,25.69,9100,25.7,D
sz000400,许继电气,2025-10-28 13:51:42,25.7,34100,25.69,U
sz000400,许继电气,2025-10-28 13:51:51,25.7,9100,25.7,U
sz000400,许继电气,2025-10-28 13:52:21,25.69,7900,25.7,D
sz000400,许继电气,2025-10-28 13:52:42,25.69,12900,25.68,U
sz000400,许继电气,2025-10-28 13:52:48,25.69,9900,25.69,D
sz000400,许继电气,2025-10-28 13:53:06,25.68,12700,25.68,D
sz000400,许继电气,2025-10-28 13:53:45,25.69,8300,25.69,U
sz000400,许继电气,2025-10-28 13:54:21,25.7,8700,25.69,U
sz000400,许继电气,2025-10-28 13:54:27,25.69,8500,25.69,D
sz000400,许继电气,2025-10-28 13:54:39,25.7,10100,25.69,U
sz000400,许继电气,2025-10-28 13:55:12,25.69,18700,25.7,D
sz000400,许继电气,2025-10-28 13:55:27,25.68,10500,25.69,D
sz000400,许继电气,2025-10-28 13:55:30,25.68,10000,25.68,D
sz000400,许继电气,2025-10-28 13:55:36,25.68,17000,25.67,U
sz000400,许继电气,2025-10-28 13:56:18,25.68,21200,25.69,D
sz000400,许继电气,2025-10-28 13:56:57,25.69,18200,25.68,U
sz000400,许继电气,2025-10-28 13:57:24,25.69,9500,25.68,U
sz000400,许继电气,2025-10-28 13:58:24,25.68,23200,25.67,U
sz000400,许继电气,2025-10-28 13:58:30,25.68,11600,25.68,D
sz000400,许继电气,2025-10-28 13:58:48,25.67,16600,25.68,D
sz000400,许继电气,2025-10-28 13:58:51,25.67,8800,25.67,U
sz000400,许继电气,2025-10-28 13:59:33,25.68,11900,25.68,U
sz000400,许继电气,2025-10-28 14:00:30,25.7,11100,25.7,U
sz000400,许继电气,2025-10-28 14:01:03,25.72,16800,25.71,U
sz000400,许继电气,2025-10-28 14:01:09,25.73,14900,25.72,U
sz000400,许继电气,2025-10-28 14:01:18,25.73,8500,25.73,D
sz000400,许继电气,2025-10-28 14:01:36,25.74,9500,25.73,E
sz000400,许继电气,2025-10-28 14:01:39,25.74,10500,25.74,U
sz000400,许继电气,2025-10-28 14:01:42,25.74,8400,25.74,U
sz000400,许继电气,2025-10-28 14:02:12,25.75,9400,25.74,U
sz000400,许继电气,2025-10-28 14:02:21,25.73,8300,25.74,D
sz000400,许继电气,2025-10-28 14:03:03,25.69,67100,25.72,D
sz000400,许继电气,2025-10-28 14:03:27,25.69,8800,25.69,U
sz000400,许继电气,2025-10-28 14:04:51,25.69,7900,25.69,U
sz000400,许继电气,2025-10-28 14:05:00,25.68,25600,25.69,D
sz000400,许继电气,2025-10-28 14:05:03,25.68,11600,25.68,D
sz000400,许继电气,2025-10-28 14:05:48,25.68,9000,25.67,U
sz000400,许继电气,2025-10-28 14:06:21,25.68,8000,25.68,U
sz000400,许继电气,2025-10-28 14:06:30,25.68,10611,25.68,D
sz000400,许继电气,2025-10-28 14:06:54,25.67,8000,25.68,D
sz000400,许继电气,2025-10-28 14:06:57,25.67,44489,25.67,D
sz000400,许继电气,2025-10-28 14:07:15,25.67,9900,25.67,U
sz000400,许继电气,2025-10-28 14:07:27,25.66,13400,25.68,D
sz000400,许继电气,2025-10-28 14:07:42,25.66,10500,25.66,D
sz000400,许继电气,2025-10-28 14:07:45,25.67,9000,25.66,U
sz000400,许继电气,2025-10-28 14:08:15,25.67,13800,25.67,U
sz000400,许继电气,2025-10-28 14:08:33,25.66,8100,25.67,D
sz000400,许继电气,2025-10-28 14:09:12,25.67,19600,25.67,U
sz000400,许继电气,2025-10-28 14:09:24,25.66,10000,25.66,D
sz000400,许继电气,2025-10-28 14:09:36,25.66,19400,25.66,D
sz000400,许继电气,2025-10-28 14:09:39,25.67,10000,25.66,U
sz000400,许继电气,2025-10-28 14:10:12,25.68,20300,25.68,U
sz000400,许继电气,2025-10-28 14:10:15,25.7,8600,25.68,U
sz000400,许继电气,2025-10-28 14:11:12,25.69,10000,25.69,D
sz000400,许继电气,2025-10-28 14:11:39,25.69,8500,25.68,U
sz000400,许继电气,2025-10-28 14:13:03,25.69,21500,25.7,D
sz000400,许继电气,2025-10-28 14:14:06,25.69,11200,25.7,D
sz000400,许继电气,2025-10-28 14:14:09,25.69,9200,25.69,D
sz000400,许继电气,2025-10-28 14:15:09,25.7,10100,25.7,U
sz000400,许继电气,2025-10-28 14:15:15,25.7,24000,25.7,U
sz000400,许继电气,2025-10-28 14:15:45,25.7,33100,25.71,D
sz000400,许继电气,2025-10-28 14:15:48,25.69,15100,25.7,D
sz000400,许继电气,2025-10-28 14:15:57,25.69,11100,25.69,D
sz000400,许继电气,2025-10-28 14:16:03,25.69,9100,25.68,U
sz000400,许继电气,2025-10-28 14:16:06,25.7,20800,25.69,U
sz000400,许继电气,2025-10-28 14:16:18,25.7,18900,25.69,U
sz000400,许继电气,2025-10-28 14:16:42,25.69,10400,25.7,D
sz000400,许继电气,2025-10-28 14:19:27,25.7,21767,25.68,U
sz000400,许继电气,2025-10-28 14:19:48,25.7,10300,25.7,U
sz000400,许继电气,2025-10-28 14:20:42,25.68,14000,25.69,D
sz000400,许继电气,2025-10-28 14:21:21,25.68,8900,25.68,D
sz000400,许继电气,2025-10-28 14:21:48,25.68,10100,25.68,D
sz000400,许继电气,2025-10-28 14:21:51,25.68,22400,25.68,D
sz000400,许继电气,2025-10-28 14:23:15,25.67,12600,25.68,D
sz000400,许继电气,2025-10-28 14:23:36,25.67,12200,25.67,D
sz000400,许继电气,2025-10-28 14:24:45,25.69,20700,25.68,U
sz000400,许继电气,2025-10-28 14:25:30,25.69,10200,25.69,U
sz000400,许继电气,2025-10-28 14:27:03,25.69,11100,25.7,D
sz000400,许继电气,2025-10-28 14:27:36,25.7,12400,25.7,D
sz000400,许继电气,2025-10-28 14:27:39,25.71,198200,25.7,U
sz000400,许继电气,2025-10-28 14:28:00,25.71,8900,25.72,D
sz000400,许继电气,2025-10-28 14:28:15,25.7,9200,25.7,D
sz000400,许继电气,2025-10-28 14:29:15,25.71,22500,25.71,U
sz000400,许继电气,2025-10-28 14:30:09,25.72,15200,25.72,U
sz000400,许继电气,2025-10-28 14:30:39,25.73,8100,25.72,U
sz000400,许继电气,2025-10-28 14:30:48,25.73,18000,25.73,D
sz000400,许继电气,2025-10-28 14:30:51,25.73,21200,25.73,D
sz000400,许继电气,2025-10-28 14:31:27,25.73,17500,25.74,D
sz000400,许继电气,2025-10-28 14:32:15,25.73,9700,25.72,U
sz000400,许继电气,2025-10-28 14:32:39,25.73,12900,25.74,D
sz000400,许继电气,2025-10-28 14:32:42,25.72,15300,25.73,D
sz000400,许继电气,2025-10-28 14:32:51,25.71,11900,25.72,D
sz000400,许继电气,2025-10-28 14:33:12,25.71,17000,25.71,D
sz000400,许继电气,2025-10-28 14:33:15,25.69,28400,25.71,D
sz000400,许继电气,2025-10-28 14:33:51,25.7,10100,25.7,D
sz000400,许继电气,2025-10-28 14:34:09,25.7,8100,25.69,U
sz000400,许继电气,2025-10-28 14:34:51,25.71,14500,25.71,U
sz000400,许继电气,2025-10-28 14:34:57,25.7,20100,25.7,D
sz000400,许继电气,2025-10-28 14:36:12,25.7,8700,25.7,D
sz000400,许继电气,2025-10-28 14:36:15,25.7,8200,25.7,D
sz000400,许继电气,2025-10-28 14:36:39,25.7,9200,25.69,U
sz000400,许继电气,2025-10-28 14:36:51,25.7,12100,25.71,D
sz000400,许继电气,2025-10-28 14:36:57,25.68,57500,25.7,D
sz000400,许继电气,2025-10-28 14:37:24,25.69,30100,25.69,D
sz000400,许继电气,2025-10-28 14:37:33,25.69,47800,25.69,D
sz000400,许继电气,2025-10-28 14:37:39,25.68,10300,25.7,D
sz000400,许继电气,2025-10-28 14:38:09,25.69,10900,25.69,D
sz000400,许继电气,2025-10-28 14:38:18,25.68,8400,25.68,D
sz000400,许继电气,2025-10-28 14:38:27,25.69,11500,25.69,E
sz000400,许继电气,2025-10-28 14:38:30,25.69,19700,25.69,U
sz000400,许继电气,2025-10-28 14:38:33,25.68,23400,25.69,D
sz000400,许继电气,2025-10-28 14:39:03,25.67,7900,25.67,D
sz000400,许继电气,2025-10-28 14:39:06,25.67,19100,25.67,D
sz000400,许继电气,2025-10-28 14:39:24,25.66,12000,25.66,D
sz000400,许继电气,2025-10-28 14:40:15,25.66,31400,25.66,D
sz000400,许继电气,2025-10-28 14:40:18,25.66,9900,25.66,D
sz000400,许继电气,2025-10-28 14:40:21,25.66,18200,25.66,U
sz000400,许继电气,2025-10-28 14:40:27,25.67,14000,25.65,U
sz000400,许继电气,2025-10-28 14:40:57,25.66,10000,25.66,D
sz000400,许继电气,2025-10-28 14:41:06,25.65,7800,25.65,D
sz000400,许继电气,2025-10-28 14:41:27,25.65,9100,25.66,D
sz000400,许继电气,2025-10-28 14:41:33,25.65,12300,25.65,D
sz000400,许继电气,2025-10-28 14:41:39,25.66,9000,25.65,U
sz000400,许继电气,2025-10-28 14:41:42,25.66,9200,25.66,U
sz000400,许继电气,2025-10-28 14:41:54,25.66,11800,25.66,U
sz000400,许继电气,2025-10-28 14:42:39,25.66,19600,25.66,D
sz000400,许继电气,2025-10-28 14:43:03,25.65,12500,25.66,D
sz000400,许继电气,2025-10-28 14:43:09,25.66,9300,25.65,U
sz000400,许继电气,2025-10-28 14:43:18,25.66,8700,25.66,D
sz000400,许继电气,2025-10-28 14:43:54,25.65,14400,25.66,D
sz000400,许继电气,2025-10-28 14:44:00,25.66,21400,25.65,U
sz000400,许继电气,2025-10-28 14:44:03,25.65,8700,25.66,D
sz000400,许继电气,2025-10-28 14:44:09,25.68,32867,25.66,U
sz000400,许继电气,2025-10-28 14:44:15,25.68,31900,25.66,U
sz000400,许继电气,2025-10-28 14:44:51,25.67,9300,25.67,D
sz000400,许继电气,2025-10-28 14:44:57,25.67,10100,25.67,U
sz000400,许继电气,2025-10-28 14:45:03,25.68,29500,25.66,U
sz000400,许继电气,2025-10-28 14:45:27,25.67,23800,25.68,D
sz000400,许继电气,2025-10-28 14:45:33,25.68,12100,25.67,U
sz000400,许继电气,2025-10-28 14:45:45,25.67,9000,25.68,D
sz000400,许继电气,2025-10-28 14:45:57,25.66,10200,25.66,D
sz000400,许继电气,2025-10-28 14:46:18,25.67,11600,25.67,U
sz000400,许继电气,2025-10-28 14:46:45,25.66,16300,25.66,D
sz000400,许继电气,2025-10-28 14:47:15,25.67,11000,25.67,D
sz000400,许继电气,2025-10-28 14:47:18,25.67,22300,25.67,D
sz000400,许继电气,2025-10-28 14:47:54,25.67,9500,25.67,D
sz000400,许继电气,2025-10-28 14:48:03,25.68,14700,25.68,U
sz000400,许继电气,2025-10-28 14:48:09,25.67,23500,25.67,D
sz000400,许继电气,2025-10-28 14:48:48,25.66,21500,25.66,D
sz000400,许继电气,2025-10-28 14:49:06,25.67,23400,25.66,U
sz000400,许继电气,2025-10-28 14:49:39,25.66,7800,25.67,D
sz000400,许继电气,2025-10-28 14:49:42,25.66,11300,25.66,D
sz000400,许继电气,2025-10-28 14:49:48,25.66,161500,25.66,D
sz000400,许继电气,2025-10-28 14:49:51,25.66,10600,25.66,U
sz000400,许继电气,2025-10-28 14:50:03,25.66,26800,25.67,D
sz000400,许继电气,2025-10-28 14:50:24,25.66,15000,25.66,D
sz000400,许继电气,2025-10-28 14:50:27,25.66,22400,25.66,D
sz000400,许继电气,2025-10-28 14:50:30,25.66,8500,25.66,D
sz000400,许继电气,2025-10-28 14:50:33,25.66,8100,25.66,D
sz000400,许继电气,2025-10-28 14:50:42,25.65,9300,25.66,D
sz000400,许继电气,2025-10-28 14:51:00,25.66,28000,25.65,U
sz000400,许继电气,2025-10-28 14:51:06,25.66,8400,25.66,D
sz000400,许继电气,2025-10-28 14:51:09,25.67,13100,25.66,U
sz000400,许继电气,2025-10-28 14:51:12,25.66,13000,25.67,D
sz000400,许继电气,2025-10-28 14:51:33,25.66,8800,25.65,U
sz000400,许继电气,2025-10-28 14:51:36,25.66,46900,25.66,U
sz000400,许继电气,2025-10-28 14:51:39,25.65,40700,25.66,D
sz000400,许继电气,2025-10-28 14:51:54,25.65,30200,25.65,D
sz000400,许继电气,2025-10-28 14:52:03,25.65,26500,25.66,D
sz000400,许继电气,2025-10-28 14:52:09,25.65,15100,25.67,D
sz000400,许继电气,2025-10-28 14:52:15,25.66,13300,25.65,D
sz000400,许继电气,2025-10-28 14:52:30,25.66,11600,25.65,U
sz000400,许继电气,2025-10-28 14:53:03,25.66,41900,25.65,U
sz000400,许继电气,2025-10-28 14:53:21,25.67,52400,25.67,D
sz000400,许继电气,2025-10-28 14:53:30,25.67,9500,25.67,D
sz000400,许继电气,2025-10-28 14:53:33,25.66,7900,25.67,D
sz000400,许继电气,2025-10-28 14:53:39,25.67,10000,25.67,U
sz000400,许继电气,2025-10-28 14:53:48,25.66,24600,25.66,D
sz000400,许继电气,2025-10-28 14:54:03,25.66,12300,25.66,U
sz000400,许继电气,2025-10-28 14:54:09,25.66,9600,25.66,D
sz000400,许继电气,2025-10-28 14:54:27,25.66,10551,25.66,D
sz000400,许继电气,2025-10-28 14:54:30,25.66,27600,25.66,D
sz000400,许继电气,2025-10-28 14:54:33,25.66,10649,25.66,D
sz000400,许继电气,2025-10-28 14:54:39,25.66,14151,25.66,U
sz000400,许继电气,2025-10-28 14:54:48,25.65,8500,25.66,D
sz000400,许继电气,2025-10-28 14:54:51,25.66,12300,25.65,U
sz000400,许继电气,2025-10-28 14:54:54,25.65,8500,25.66,D
sz000400,许继电气,2025-10-28 14:55:03,25.66,14100,25.65,U
sz000400,许继电气,2025-10-28 14:55:06,25.66,39000,25.66,U
sz000400,许继电气,2025-10-28 14:55:15,25.66,15600,25.65,U
sz000400,许继电气,2025-10-28 14:55:30,25.66,25800,25.65,U
sz000400,许继电气,2025-10-28 14:55:33,25.65,8000,25.66,D
sz000400,许继电气,2025-10-28 14:55:36,25.66,13100,25.65,U
sz000400,许继电气,2025-10-28 14:55:42,25.65,11000,25.65,D
sz000400,许继电气,2025-10-28 14:55:45,25.66,10300,25.65,U
sz000400,许继电气,2025-10-28 14:55:48,25.65,62900,25.66,D
sz000400,许继电气,2025-10-28 14:55:54,25.65,10700,25.65,U
sz000400,许继电气,2025-10-28 14:56:00,25.65,8700,25.65,U
sz000400,许继电气,2025-10-28 14:56:15,25.63,47200,25.64,D
sz000400,许继电气,2025-10-28 14:56:21,25.64,56800,25.64,U
sz000400,许继电气,2025-10-28 14:56:27,25.64,9500,25.63,U
sz000400,许继电气,2025-10-28 14:56:33,25.65,8700,25.64,U
sz000400,许继电气,2025-10-28 15:00:00,25.64,213525,25.64,E
