symbol,name,ticktime,price,volume,prev_price,kind
sz000400,许继电气,2025-10-14 09:25:00,27.79,334180,0.0,D
sz000400,许继电气,2025-10-14 09:30:00,27.8,58700,27.79,U
sz000400,许继电气,2025-10-14 09:30:03,27.81,211300,27.8,D
sz000400,许继电气,2025-10-14 09:30:06,27.83,91200,27.81,U
sz000400,许继电气,2025-10-14 09:30:09,27.83,131350,27.83,D
sz000400,许继电气,2025-10-14 09:30:12,27.85,289700,27.83,U
sz000400,许继电气,2025-10-14 09:30:15,27.83,94600,27.85,D
sz000400,许继电气,2025-10-14 09:30:18,27.8,36600,27.83,D
sz000400,许继电气,2025-10-14 09:30:21,27.8,12000,27.8,D
sz000400,许继电气,2025-10-14 09:30:24,27.8,43200,27.8,U
sz000400,许继电气,2025-10-14 09:30:27,27.79,70650,27.8,D
sz000400,许继电气,2025-10-14 09:30:30,27.79,22900,27.79,U
sz000400,许继电气,2025-10-14 09:30:33,27.76,84200,27.79,D
sz000400,许继电气,2025-10-14 09:30:36,27.76,9900,27.76,D
sz000400,许继电气,2025-10-14 09:30:39,27.76,36900,27.76,D
sz000400,许继电气,2025-10-14 09:30:42,27.76,27800,27.76,D
sz000400,许继电气,2025-10-14 09:30:45,27.75,84300,27.76,D
sz000400,许继电气,2025-10-14 09:30:48,27.72,180800,27.75,D
sz000400,许继电气,2025-10-14 09:30:51,27.65,19500,27.72,D
sz000400,许继电气,2025-10-14 09:30:54,27.63,20100,27.65,D
sz000400,许继电气,2025-10-14 09:30:57,27.6,23400,27.63,D
sz000400,许继电气,2025-10-14 09:31:00,27.6,26400,27.6,D
sz000400,许继电气,2025-10-14 09:31:06,27.58,13000,27.59,D
sz000400,许继电气,2025-10-14 09:31:09,27.57,18100,27.58,D
sz000400,许继电气,2025-10-14 09:31:12,27.57,97150,27.57,D
sz000400,许继电气,2025-10-14 09:31:15,27.57,56250,27.57,D
sz000400,许继电气,2025-10-14 09:31:18,27.53,43300,27.57,D
sz000400,许继电气,2025-10-14 09:31:21,27.53,15700,27.53,E
sz000400,许继电气,2025-10-14 09:31:24,27.56,49600,27.53,E
sz000400,许继电气,2025-10-14 09:31:27,27.56,166250,27.56,D
sz000400,许继电气,2025-10-14 09:31:30,27.59,62300,27.56,E
sz000400,许继电气,2025-10-14 09:31:33,27.56,27400,27.59,D
sz000400,许继电气,2025-10-14 09:31:36,27.56,17600,27.56,D
sz000400,许继电气,2025-10-14 09:31:39,27.57,15900,27.56,D
sz000400,许继电气,2025-10-14 09:31:42,27.6,30400,27.57,U
sz000400,许继电气,2025-10-14 09:31:45,27.6,45400,27.6,D
sz000400,许继电气,2025-10-14 09:31:48,27.65,35800,27.6,U
sz000400,许继电气,2025-10-14 09:31:51,27.65,9500,27.65,D
sz000400,许继电气,2025-10-14 09:31:54,27.66,43400,27.65,U
sz000400,许继电气,2025-10-14 09:31:57,27.65,20100,27.66,E
sz000400,许继电气,2025-10-14 09:32:00,27.66,8100,27.65,D
sz000400,许继电气,2025-10-14 09:32:03,27.67,9300,27.66,U
sz000400,许继电气,2025-10-14 09:32:06,27.69,8400,27.67,U
sz000400,许继电气,2025-10-14 09:32:09,27.69,23700,27.69,D
sz000400,许继电气,2025-10-14 09:32:12,27.7,46500,27.69,U
sz000400,许继电气,2025-10-14 09:32:15,27.7,17900,27.7,D
sz000400,许继电气,2025-10-14 09:32:18,27.7,12000,27.7,D
sz000400,许继电气,2025-10-14 09:32:21,27.73,43400,27.7,U
sz000400,许继电气,2025-10-14 09:32:24,27.74,48900,27.73,U
sz000400,许继电气,2025-10-14 09:32:27,27.7,45800,27.74,D
sz000400,许继电气,2025-10-14 09:32:30,27.73,16400,27.7,U
sz000400,许继电气,2025-10-14 09:32:33,27.74,24000,27.73,U
sz000400,许继电气,2025-10-14 09:32:36,27.75,39542,27.74,U
sz000400,许继电气,2025-10-14 09:32:39,27.76,10158,27.75,U
sz000400,许继电气,2025-10-14 09:32:42,27.74,119300,27.76,D
sz000400,许继电气,2025-10-14 09:32:45,27.7,19300,27.74,D
sz000400,许继电气,2025-10-14 09:32:48,27.7,28400,27.7,U
sz000400,许继电气,2025-10-14 09:32:51,27.7,21500,27.7,U
sz000400,许继电气,2025-10-14 09:32:54,27.69,21600,27.7,D
sz000400,许继电气,2025-10-14 09:32:57,27.65,61900,27.69,D
sz000400,许继电气,2025-10-14 09:33:00,27.65,22900,27.65,D
sz000400,许继电气,2025-10-14 09:33:03,27.65,25900,27.65,D
sz000400,许继电气,2025-10-14 09:33:06,27.64,40700,27.65,D
sz000400,许继电气,2025-10-14 09:33:09,27.62,40700,27.64,D
sz000400,许继电气,2025-10-14 09:33:12,27.62,18400,27.62,D
sz000400,许继电气,2025-10-14 09:33:15,27.64,15800,27.62,U
sz000400,许继电气,2025-10-14 09:33:18,27.62,70500,27.64,D
sz000400,许继电气,2025-10-14 09:33:24,27.63,19600,27.64,D
sz000400,许继电气,2025-10-14 09:33:27,27.64,51100,27.63,U
sz000400,许继电气,2025-10-14 09:33:30,27.63,41400,27.64,D
sz000400,许继电气,2025-10-14 09:33:33,27.64,31800,27.63,D
sz000400,许继电气,2025-10-14 09:33:36,27.63,14100,27.64,D
sz000400,许继电气,2025-10-14 09:33:39,27.63,9500,27.63,U
sz000400,许继电气,2025-10-14 09:33:42,27.62,21800,27.63,D
sz000400,许继电气,2025-10-14 09:33:45,27.63,24435,27.62,U
sz000400,许继电气,2025-10-14 09:33:48,27.64,10100,27.63,U
sz000400,许继电气,2025-10-14 09:33:51,27.63,21100,27.64,D
sz000400,许继电气,2025-10-14 09:33:54,27.62,13765,27.63,D
sz000400,许继电气,2025-10-14 09:33:57,27.62,23635,27.62,U
sz000400,许继电气,2025-10-14 09:34:00,27.62,26400,27.62,D
sz000400,许继电气,2025-10-14 09:34:03,27.62,9900,27.62,U
sz000400,许继电气,2025-10-14 09:34:06,27.61,213665,27.62,D
sz000400,许继电气,2025-10-14 09:34:09,27.61,227100,27.61,U
sz000400,许继电气,2025-10-14 09:34:12,27.61,78035,27.61,U
sz000400,许继电气,2025-10-14 09:34:15,27.62,40100,27.61,E
sz000400,许继电气,2025-10-14 09:34:18,27.62,29500,27.62,D
sz000400,许继电气,2025-10-14 09:34:21,27.62,63400,27.62,D
sz000400,许继电气,2025-10-14 09:34:24,27.65,63000,27.62,E
sz000400,许继电气,2025-10-14 09:34:27,27.7,39500,27.65,U
sz000400,许继电气,2025-10-14 09:34:30,27.67,30900,27.7,D
sz000400,许继电气,2025-10-14 09:34:39,27.73,16200,27.73,D
sz000400,许继电气,2025-10-14 09:34:42,27.75,9100,27.73,U
sz000400,许继电气,2025-10-14 09:34:48,27.77,10500,27.76,U
sz000400,许继电气,2025-10-14 09:34:51,27.79,13342,27.77,U
sz000400,许继电气,2025-10-14 09:34:54,27.8,46500,27.79,U
sz000400,许继电气,2025-10-14 09:34:57,27.82,12700,27.8,U
sz000400,许继电气,2025-10-14 09:35:00,27.84,17600,27.82,U
sz000400,许继电气,2025-10-14 09:35:03,27.85,45345,27.84,U
sz000400,许继电气,2025-10-14 09:35:06,27.85,78900,27.85,U
sz000400,许继电气,2025-10-14 09:35:09,27.85,80735,27.85,D
sz000400,许继电气,2025-10-14 09:35:12,27.88,92300,27.85,U
sz000400,许继电气,2025-10-14 09:35:15,27.88,117800,27.88,D
sz000400,许继电气,2025-10-14 09:35:18,27.88,81700,27.88,D
sz000400,许继电气,2025-10-14 09:35:21,27.88,54000,27.88,U
sz000400,许继电气,2025-10-14 09:35:24,27.9,36300,27.88,U
sz000400,许继电气,2025-10-14 09:35:27,27.9,60800,27.9,U
sz000400,许继电气,2025-10-14 09:35:30,27.9,96900,27.9,U
sz000400,许继电气,2025-10-14 09:35:33,27.9,74600,27.9,U
sz000400,许继电气,2025-10-14 09:35:36,27.89,68200,27.9,E
sz000400,许继电气,2025-10-14 09:35:39,27.88,49500,27.89,D
sz000400,许继电气,2025-10-14 09:35:42,27.88,59900,27.88,U
sz000400,许继电气,2025-10-14 09:35:45,27.88,38500,27.88,U
sz000400,许继电气,2025-10-14 09:35:48,27.89,62400,27.88,U
sz000400,许继电气,2025-10-14 09:35:51,27.89,31000,27.89,D
sz000400,许继电气,2025-10-14 09:35:54,27.88,34500,27.89,U
sz000400,许继电气,2025-10-14 09:35:57,27.87,29400,27.88,E
sz000400,许继电气,2025-10-14 09:36:00,27.85,54365,27.87,D
sz000400,许继电气,2025-10-14 09:36:03,27.85,43900,27.85,E
sz000400,许继电气,2025-10-14 09:36:06,27.83,21400,27.85,D
sz000400,许继电气,2025-10-14 09:36:09,27.83,10600,27.83,U
sz000400,许继电气,2025-10-14 09:36:15,27.8,15455,27.81,D
sz000400,许继电气,2025-10-14 09:36:18,27.78,34200,27.8,D
sz000400,许继电气,2025-10-14 09:36:21,27.78,49200,27.78,D
sz000400,许继电气,2025-10-14 09:36:24,27.78,25200,27.78,U
sz000400,许继电气,2025-10-14 09:36:27,27.81,24700,27.78,U
sz000400,许继电气,2025-10-14 09:36:30,27.81,40645,27.81,U
sz000400,许继电气,2025-10-14 09:36:36,27.82,10400,27.8,U
sz000400,许继电气,2025-10-14 09:36:39,27.82,55000,27.82,D
sz000400,许继电气,2025-10-14 09:36:42,27.82,17900,27.82,D
sz000400,许继电气,2025-10-14 09:36:45,27.82,38500,27.82,D
sz000400,许继电气,2025-10-14 09:36:48,27.8,17800,27.82,D
sz000400,许继电气,2025-10-14 09:36:51,27.81,34200,27.8,U
sz000400,许继电气,2025-10-14 09:36:54,27.79,10800,27.81,D
sz000400,许继电气,2025-10-14 09:36:57,27.81,63100,27.79,U
sz000400,许继电气,2025-10-14 09:37:00,27.8,63700,27.81,E
sz000400,许继电气,2025-10-14 09:37:03,27.78,25300,27.8,D
sz000400,许继电气,2025-10-14 09:37:06,27.79,35100,27.78,U
sz000400,许继电气,2025-10-14 09:37:09,27.75,22000,27.79,D
sz000400,许继电气,2025-10-14 09:37:12,27.71,9000,27.75,D
sz000400,许继电气,2025-10-14 09:37:21,27.7,20900,27.71,D
sz000400,许继电气,2025-10-14 09:37:24,27.73,24800,27.7,E
sz000400,许继电气,2025-10-14 09:37:27,27.72,17500,27.73,D
sz000400,许继电气,2025-10-14 09:37:30,27.72,9900,27.72,U
sz000400,许继电气,2025-10-14 09:37:33,27.69,25700,27.72,D
sz000400,许继电气,2025-10-14 09:37:36,27.71,16800,27.69,U
sz000400,许继电气,2025-10-14 09:37:39,27.7,23900,27.71,E
sz000400,许继电气,2025-10-14 09:37:45,27.69,62800,27.69,U
sz000400,许继电气,2025-10-14 09:37:48,27.69,11700,27.69,D
sz000400,许继电气,2025-10-14 09:37:51,27.68,13400,27.69,D
sz000400,许继电气,2025-10-14 09:37:54,27.69,18100,27.68,U
sz000400,许继电气,2025-10-14 09:37:57,27.67,9300,27.69,D
sz000400,许继电气,2025-10-14 09:38:00,27.65,58500,27.67,D
sz000400,许继电气,2025-10-14 09:38:03,27.64,16900,27.65,D
sz000400,许继电气,2025-10-14 09:38:06,27.65,14200,27.64,U
sz000400,许继电气,2025-10-14 09:38:09,27.64,26700,27.65,E
sz000400,许继电气,2025-10-14 09:38:12,27.66,263000,27.64,U
sz000400,许继电气,2025-10-14 09:38:15,27.64,28700,27.66,D
sz000400,许继电气,2025-10-14 09:38:18,27.68,9000,27.64,U
sz000400,许继电气,2025-10-14 09:38:21,27.68,21600,27.68,U
sz000400,许继电气,2025-10-14 09:38:24,27.69,23700,27.68,U
sz000400,许继电气,2025-10-14 09:38:30,27.72,15400,27.7,U
sz000400,许继电气,2025-10-14 09:38:33,27.73,15700,27.72,E
sz000400,许继电气,2025-10-14 09:38:36,27.73,13000,27.73,U
sz000400,许继电气,2025-10-14 09:38:39,27.75,7300,27.73,U
sz000400,许继电气,2025-10-14 09:38:42,27.75,21000,27.75,U
sz000400,许继电气,2025-10-14 09:38:48,27.76,13200,27.75,U
sz000400,许继电气,2025-10-14 09:38:51,27.78,16200,27.76,U
sz000400,许继电气,2025-10-14 09:38:54,27.78,9500,27.78,D
sz000400,许继电气,2025-10-14 09:38:57,27.78,15900,27.78,D
sz000400,许继电气,2025-10-14 09:39:00,27.79,23100,27.78,U
sz000400,许继电气,2025-10-14 09:39:03,27.8,29200,27.79,U
sz000400,许继电气,2025-10-14 09:39:06,27.79,7400,27.8,D
sz000400,许继电气,2025-10-14 09:39:09,27.8,17800,27.79,U
sz000400,许继电气,2025-10-14 09:39:12,27.8,24600,27.8,U
sz000400,许继电气,2025-10-14 09:39:15,27.8,34000,27.8,U
sz000400,许继电气,2025-10-14 09:39:18,27.79,18400,27.8,D
sz000400,许继电气,2025-10-14 09:39:21,27.79,66300,27.79,D
sz000400,许继电气,2025-10-14 09:39:24,27.8,36300,27.79,U
sz000400,许继电气,2025-10-14 09:39:27,27.79,17600,27.8,D
sz000400,许继电气,2025-10-14 09:39:30,27.78,58400,27.79,E
sz000400,许继电气,2025-10-14 09:39:33,27.78,24800,27.78,U
sz000400,许继电气,2025-10-14 09:39:36,27.77,20500,27.78,D
sz000400,许继电气,2025-10-14 09:39:39,27.78,10400,27.77,U
sz000400,许继电气,2025-10-14 09:39:42,27.78,14100,27.78,U
sz000400,许继电气,2025-10-14 09:39:45,27.78,48300,27.78,U
sz000400,许继电气,2025-10-14 09:39:48,27.78,15000,27.78,D
sz000400,许继电气,2025-10-14 09:39:51,27.79,18200,27.78,U
sz000400,许继电气,2025-10-14 09:39:54,27.77,20800,27.79,D
sz000400,许继电气,2025-10-14 09:39:57,27.79,14700,27.77,U
sz000400,许继电气,2025-10-14 09:40:00,27.78,10500,27.79,D
sz000400,许继电气,2025-10-14 09:40:03,27.8,50000,27.78,U
sz000400,许继电气,2025-10-14 09:40:06,27.81,22400,27.8,U
sz000400,许继电气,2025-10-14 09:40:09,27.81,65400,27.81,U
sz000400,许继电气,2025-10-14 09:40:12,27.8,9200,27.81,E
sz000400,许继电气,2025-10-14 09:40:15,27.8,10900,27.8,D
sz000400,许继电气,2025-10-14 09:40:18,27.8,23000,27.8,U
sz000400,许继电气,2025-10-14 09:40:21,27.77,50000,27.8,D
sz000400,许继电气,2025-10-14 09:40:24,27.78,15500,27.77,U
sz000400,许继电气,2025-10-14 09:40:30,27.77,14000,27.76,E
sz000400,许继电气,2025-10-14 09:40:33,27.77,22600,27.77,D
sz000400,许继电气,2025-10-14 09:40:36,27.77,14000,27.77,D
sz000400,许继电气,2025-10-14 09:40:39,27.77,14200,27.77,U
sz000400,许继电气,2025-10-14 09:40:45,27.74,10600,27.76,D
sz000400,许继电气,2025-10-14 09:40:48,27.75,8700,27.74,U
sz000400,许继电气,2025-10-14 09:40:51,27.74,32000,27.75,D
sz000400,许继电气,2025-10-14 09:41:00,27.73,12200,27.74,D
sz000400,许继电气,2025-10-14 09:41:03,27.73,12900,27.73,D
sz000400,许继电气,2025-10-14 09:41:06,27.8,135006,27.73,U
sz000400,许继电气,2025-10-14 09:41:09,27.86,188500,27.8,U
sz000400,许继电气,2025-10-14 09:41:12,28.0,559900,27.86,U
sz000400,许继电气,2025-10-14 09:41:15,27.9,111200,28.0,D
sz000400,许继电气,2025-10-14 09:41:18,28.01,14000,27.9,U
sz000400,许继电气,2025-10-14 09:41:21,28.0,21200,28.01,D
sz000400,许继电气,2025-10-14 09:41:24,28.0,19100,28.0,D
sz000400,许继电气,2025-10-14 09:41:27,28.02,13300,28.0,E
sz000400,许继电气,2025-10-14 09:41:30,28.0,46800,28.02,D
sz000400,许继电气,2025-10-14 09:41:33,28.06,16300,28.0,U
sz000400,许继电气,2025-10-14 09:41:36,28.07,29200,28.06,U
sz000400,许继电气,2025-10-14 09:41:39,28.08,29500,28.07,U
sz000400,许继电气,2025-10-14 09:41:42,28.08,22400,28.08,U
sz000400,许继电气,2025-10-14 09:41:45,28.09,50600,28.08,U
sz000400,许继电气,2025-10-14 09:41:48,28.09,77000,28.09,U
sz000400,许继电气,2025-10-14 09:41:51,28.02,45900,28.09,D
sz000400,许继电气,2025-10-14 09:41:54,28.02,70200,28.02,U
sz000400,许继电气,2025-10-14 09:41:57,28.0,59000,28.02,D
sz000400,许继电气,2025-10-14 09:42:00,28.0,43500,28.0,U
sz000400,许继电气,2025-10-14 09:42:03,28.02,23700,28.0,U
sz000400,许继电气,2025-10-14 09:42:06,28.0,37100,28.02,D
sz000400,许继电气,2025-10-14 09:42:09,28.0,33400,28.0,U
sz000400,许继电气,2025-10-14 09:42:12,27.97,28200,28.0,D
sz000400,许继电气,2025-10-14 09:42:15,27.93,43900,27.97,D
sz000400,许继电气,2025-10-14 09:42:18,27.95,31800,27.93,E
sz000400,许继电气,2025-10-14 09:42:21,27.92,92700,27.95,E
sz000400,许继电气,2025-10-14 09:42:24,27.9,8600,27.92,D
sz000400,许继电气,2025-10-14 09:42:27,27.9,27700,27.9,U
sz000400,许继电气,2025-10-14 09:42:30,27.9,23100,27.9,D
sz000400,许继电气,2025-10-14 09:42:33,27.9,23200,27.9,D
sz000400,许继电气,2025-10-14 09:42:36,27.9,47500,27.9,D
sz000400,许继电气,2025-10-14 09:42:39,27.99,37100,27.9,U
sz000400,许继电气,2025-10-14 09:42:42,27.9,14400,27.99,E
sz000400,许继电气,2025-10-14 09:42:45,27.9,25100,27.9,U
sz000400,许继电气,2025-10-14 09:42:48,27.91,17600,27.9,U
sz000400,许继电气,2025-10-14 09:42:51,27.9,7300,27.91,D
sz000400,许继电气,2025-10-14 09:42:54,27.95,51600,27.9,U
sz000400,许继电气,2025-10-14 09:42:57,27.94,8100,27.95,E
sz000400,许继电气,2025-10-14 09:43:00,27.9,38800,27.94,D
sz000400,许继电气,2025-10-14 09:43:03,27.91,14500,27.9,U
sz000400,许继电气,2025-10-14 09:43:06,27.88,46500,27.91,D
sz000400,许继电气,2025-10-14 09:43:09,27.89,91500,27.88,U
sz000400,许继电气,2025-10-14 09:43:12,27.85,132400,27.89,D
sz000400,许继电气,2025-10-14 09:43:15,27.88,20700,27.85,U
sz000400,许继电气,2025-10-14 09:43:18,27.85,8600,27.88,E
sz000400,许继电气,2025-10-14 09:43:21,27.83,33900,27.85,D
sz000400,许继电气,2025-10-14 09:43:24,27.85,8900,27.83,U
sz000400,许继电气,2025-10-14 09:43:27,27.83,11600,27.85,D
sz000400,许继电气,2025-10-14 09:43:30,27.83,20800,27.83,D
sz000400,许继电气,2025-10-14 09:43:33,27.83,26300,27.83,D
sz000400,许继电气,2025-10-14 09:43:36,27.83,24800,27.83,E
sz000400,许继电气,2025-10-14 09:43:39,27.85,12400,27.83,U
sz000400,许继电气,2025-10-14 09:43:42,27.83,15400,27.85,D
sz000400,许继电气,2025-10-14 09:43:45,27.83,13200,27.83,U
sz000400,许继电气,2025-10-14 09:43:51,27.82,18200,27.82,D
sz000400,许继电气,2025-10-14 09:43:54,27.82,36600,27.82,D
sz000400,许继电气,2025-10-14 09:44:00,27.83,68800,27.82,U
sz000400,许继电气,2025-10-14 09:44:03,27.84,43400,27.83,U
sz000400,许继电气,2025-10-14 09:44:06,27.83,8300,27.84,D
sz000400,许继电气,2025-10-14 09:44:09,27.83,26300,27.83,U
sz000400,许继电气,2025-10-14 09:44:12,27.84,34300,27.83,U
sz000400,许继电气,2025-10-14 09:44:15,27.85,11200,27.84,U
sz000400,许继电气,2025-10-14 09:44:18,27.85,13200,27.85,U
sz000400,许继电气,2025-10-14 09:44:21,27.85,8600,27.85,U
sz000400,许继电气,2025-10-14 09:44:24,27.85,32700,27.85,U
sz000400,许继电气,2025-10-14 09:44:30,27.87,12500,27.86,U
sz000400,许继电气,2025-10-14 09:44:33,27.86,24200,27.87,E
sz000400,许继电气,2025-10-14 09:44:36,27.87,18800,27.86,U
sz000400,许继电气,2025-10-14 09:44:39,27.88,10300,27.87,U
sz000400,许继电气,2025-10-14 09:44:45,27.88,70900,27.87,U
sz000400,许继电气,2025-10-14 09:44:48,27.85,103100,27.88,D
sz000400,许继电气,2025-10-14 09:44:51,27.86,46300,27.85,U
sz000400,许继电气,2025-10-14 09:44:54,27.85,14900,27.86,E
sz000400,许继电气,2025-10-14 09:44:57,27.84,16700,27.85,D
sz000400,许继电气,2025-10-14 09:45:00,27.81,95100,27.84,D
sz000400,许继电气,2025-10-14 09:45:03,27.82,41300,27.81,U
sz000400,许继电气,2025-10-14 09:45:09,27.81,19300,27.81,U
sz000400,许继电气,2025-10-14 09:45:12,27.8,32800,27.81,D
sz000400,许继电气,2025-10-14 09:45:15,27.81,29400,27.8,U
sz000400,许继电气,2025-10-14 09:45:18,27.82,31500,27.81,U
sz000400,许继电气,2025-10-14 09:45:21,27.81,9500,27.82,D
sz000400,许继电气,2025-10-14 09:45:24,27.81,11400,27.81,D
sz000400,许继电气,2025-10-14 09:45:27,27.8,34200,27.81,D
sz000400,许继电气,2025-10-14 09:45:30,27.78,15300,27.8,D
sz000400,许继电气,2025-10-14 09:45:36,27.78,24200,27.79,D
sz000400,许继电气,2025-10-14 09:45:42,27.78,39900,27.79,D
sz000400,许继电气,2025-10-14 09:45:45,27.77,11800,27.78,D
sz000400,许继电气,2025-10-14 09:45:48,27.76,39600,27.77,D
sz000400,许继电气,2025-10-14 09:45:51,27.75,26700,27.76,D
sz000400,许继电气,2025-10-14 09:45:54,27.75,22100,27.75,D
sz000400,许继电气,2025-10-14 09:45:57,27.75,21400,27.75,D
sz000400,许继电气,2025-10-14 09:46:00,27.75,11800,27.75,U
sz000400,许继电气,2025-10-14 09:46:03,27.75,32700,27.75,D
sz000400,许继电气,2025-10-14 09:46:06,27.75,53700,27.75,D
sz000400,许继电气,2025-10-14 09:46:09,27.75,18100,27.75,U
sz000400,许继电气,2025-10-14 09:46:12,27.74,15800,27.75,E
sz000400,许继电气,2025-10-14 09:46:18,27.75,7700,27.75,D
sz000400,许继电气,2025-10-14 09:46:27,27.74,17900,27.75,D
sz000400,许继电气,2025-10-14 09:46:30,27.75,24400,27.74,E
sz000400,许继电气,2025-10-14 09:46:33,27.74,9600,27.75,E
sz000400,许继电气,2025-10-14 09:46:36,27.74,8700,27.74,U
sz000400,许继电气,2025-10-14 09:46:39,27.74,18800,27.74,U
sz000400,许继电气,2025-10-14 09:46:45,27.74,10100,27.74,D
sz000400,许继电气,2025-10-14 09:46:51,27.75,19100,27.75,D
sz000400,许继电气,2025-10-14 09:46:54,27.76,11700,27.75,U
sz000400,许继电气,2025-10-14 09:46:57,27.75,23700,27.76,D
sz000400,许继电气,2025-10-14 09:47:03,27.76,11100,27.75,U
sz000400,许继电气,2025-10-14 09:47:06,27.76,37300,27.76,U
sz000400,许继电气,2025-10-14 09:47:09,27.76,23600,27.76,D
sz000400,许继电气,2025-10-14 09:47:12,27.77,10000,27.76,E
sz000400,许继电气,2025-10-14 09:47:15,27.78,12600,27.77,E
sz000400,许继电气,2025-10-14 09:47:18,27.79,12000,27.78,U
sz000400,许继电气,2025-10-14 09:47:21,27.8,18000,27.79,U
sz000400,许继电气,2025-10-14 09:47:24,27.8,10300,27.8,E
sz000400,许继电气,2025-10-14 09:47:27,27.8,19600,27.8,D
sz000400,许继电气,2025-10-14 09:47:30,27.79,11700,27.8,D
sz000400,许继电气,2025-10-14 09:47:33,27.78,15600,27.79,D
sz000400,许继电气,2025-10-14 09:47:39,27.8,15500,27.8,U
sz000400,许继电气,2025-10-14 09:47:45,27.8,15600,27.8,U
sz000400,许继电气,2025-10-14 09:47:48,27.8,14400,27.8,U
sz000400,许继电气,2025-10-14 09:47:54,27.8,9800,27.82,D
sz000400,许继电气,2025-10-14 09:48:03,27.8,10200,27.82,D
sz000400,许继电气,2025-10-14 09:48:06,27.82,13000,27.8,E
sz000400,许继电气,2025-10-14 09:48:18,27.81,9800,27.82,U
sz000400,许继电气,2025-10-14 09:48:21,27.81,40000,27.81,U
sz000400,许继电气,2025-10-14 09:48:33,27.84,17000,27.82,U
sz000400,许继电气,2025-10-14 09:48:39,27.83,8700,27.82,U
sz000400,许继电气,2025-10-14 09:48:51,27.83,9200,27.84,D
sz000400,许继电气,2025-10-14 09:48:54,27.84,10500,27.83,U
sz000400,许继电气,2025-10-14 09:48:57,27.84,15000,27.84,U
sz000400,许继电气,2025-10-14 09:49:00,27.84,7700,27.84,U
sz000400,许继电气,2025-10-14 09:49:03,27.84,12800,27.84,U
sz000400,许继电气,2025-10-14 09:49:06,27.85,9800,27.84,U
sz000400,许继电气,2025-10-14 09:49:09,27.84,35200,27.85,D
sz000400,许继电气,2025-10-14 09:49:15,27.84,7700,27.84,D
sz000400,许继电气,2025-10-14 09:49:24,27.83,9400,27.84,D
sz000400,许继电气,2025-10-14 09:49:27,27.82,8400,27.83,D
sz000400,许继电气,2025-10-14 09:49:33,27.79,123900,27.82,D
sz000400,许继电气,2025-10-14 09:49:39,27.79,87200,27.79,U
sz000400,许继电气,2025-10-14 09:49:45,27.8,10900,27.8,D
sz000400,许继电气,2025-10-14 09:49:48,27.81,17000,27.8,U
sz000400,许继电气,2025-10-14 09:49:51,27.8,13700,27.81,D
sz000400,许继电气,2025-10-14 09:49:54,27.84,70400,27.8,U
sz000400,许继电气,2025-10-14 09:49:57,27.82,15500,27.84,D
sz000400,许继电气,2025-10-14 09:50:00,27.82,54500,27.82,D
sz000400,许继电气,2025-10-14 09:50:03,27.84,20000,27.82,D
sz000400,许继电气,2025-10-14 09:50:09,27.83,11800,27.83,U
sz000400,许继电气,2025-10-14 09:50:12,27.82,33600,27.83,E
sz000400,许继电气,2025-10-14 09:50:15,27.82,7600,27.82,U
sz000400,许继电气,2025-10-14 09:50:21,27.81,8400,27.83,D
sz000400,许继电气,2025-10-14 09:50:27,27.82,7400,27.81,U
sz000400,许继电气,2025-10-14 09:50:33,27.81,8700,27.81,D
sz000400,许继电气,2025-10-14 09:50:39,27.82,15400,27.82,U
sz000400,许继电气,2025-10-14 09:50:42,27.82,44700,27.82,U
sz000400,许继电气,2025-10-14 09:50:48,27.81,8500,27.81,U
sz000400,许继电气,2025-10-14 09:50:54,27.8,67100,27.8,D
sz000400,许继电气,2025-10-14 09:50:57,27.8,8000,27.8,U
sz000400,许继电气,2025-10-14 09:51:00,27.79,9100,27.8,D
sz000400,许继电气,2025-10-14 09:51:12,27.79,17400,27.8,D
sz000400,许继电气,2025-10-14 09:51:18,27.78,24100,27.79,D
sz000400,许继电气,2025-10-14 09:51:24,27.78,23700,27.78,D
sz000400,许继电气,2025-10-14 09:51:30,27.78,10500,27.78,D
sz000400,许继电气,2025-10-14 09:51:36,27.79,14200,27.78,U
sz000400,许继电气,2025-10-14 09:51:39,27.78,12000,27.79,D
sz000400,许继电气,2025-10-14 09:51:42,27.79,9500,27.78,U
sz000400,许继电气,2025-10-14 09:51:45,27.79,19800,27.79,U
sz000400,许继电气,2025-10-14 09:51:57,27.79,30700,27.78,U
sz000400,许继电气,2025-10-14 09:52:00,27.78,17500,27.79,D
sz000400,许继电气,2025-10-14 09:52:03,27.78,9350,27.78,U
sz000400,许继电气,2025-10-14 09:52:06,27.79,7200,27.78,U
sz000400,许继电气,2025-10-14 09:52:09,27.79,38100,27.79,D
sz000400,许继电气,2025-10-14 09:52:12,27.79,30400,27.79,D
sz000400,许继电气,2025-10-14 09:52:18,27.79,17400,27.8,D
sz000400,许继电气,2025-10-14 09:52:21,27.81,30500,27.79,U
sz000400,许继电气,2025-10-14 09:52:24,27.81,14000,27.81,D
sz000400,许继电气,2025-10-14 09:52:27,27.8,16200,27.81,D
sz000400,许继电气,2025-10-14 09:52:33,27.8,18900,27.81,D
sz000400,许继电气,2025-10-14 09:52:36,27.8,7900,27.8,U
sz000400,许继电气,2025-10-14 09:52:39,27.79,21100,27.8,D
sz000400,许继电气,2025-10-14 09:52:42,27.79,7200,27.79,D
sz000400,许继电气,2025-10-14 09:52:45,27.79,35300,27.79,D
sz000400,许继电气,2025-10-14 09:52:54,27.8,13000,27.8,U
sz000400,许继电气,2025-10-14 09:52:57,27.79,34200,27.8,D
sz000400,许继电气,2025-10-14 09:53:00,27.8,19900,27.79,U
sz000400,许继电气,2025-10-14 09:53:03,27.8,28500,27.8,U
sz000400,许继电气,2025-10-14 09:53:09,27.8,32100,27.8,D
sz000400,许继电气,2025-10-14 09:53:12,27.8,9400,27.8,U
sz000400,许继电气,2025-10-14 09:53:15,27.79,9600,27.8,D
sz000400,许继电气,2025-10-14 09:53:18,27.8,18200,27.79,U
sz000400,许继电气,2025-10-14 09:53:21,27.8,8000,27.8,U
sz000400,许继电气,2025-10-14 09:53:27,27.8,8300,27.79,U
sz000400,许继电气,2025-10-14 09:53:33,27.82,31900,27.81,U
sz000400,许继电气,2025-10-14 09:53:36,27.85,45000,27.82,U
sz000400,许继电气,2025-10-14 09:53:39,27.85,35677,27.85,U
sz000400,许继电气,2025-10-14 09:53:45,27.87,48900,27.87,U
sz000400,许继电气,2025-10-14 09:53:48,27.87,43200,27.87,U
sz000400,许继电气,2025-10-14 09:53:51,27.87,52300,27.87,D
sz000400,许继电气,2025-10-14 09:53:54,27.9,33600,27.87,U
sz000400,许继电气,2025-10-14 09:54:00,27.89,38000,27.87,E
sz000400,许继电气,2025-10-14 09:54:03,27.89,37600,27.89,U
sz000400,许继电气,2025-10-14 09:54:06,27.89,14300,27.89,U
sz000400,许继电气,2025-10-14 09:54:09,27.86,48500,27.89,D
sz000400,许继电气,2025-10-14 09:54:12,27.86,11923,27.86,D
sz000400,许继电气,2025-10-14 09:54:15,27.86,18600,27.86,U
sz000400,许继电气,2025-10-14 09:54:18,27.83,8500,27.86,D
sz000400,许继电气,2025-10-14 09:54:24,27.82,30600,27.82,D
sz000400,许继电气,2025-10-14 09:54:33,27.83,20500,27.82,U
sz000400,许继电气,2025-10-14 09:54:36,27.81,19100,27.83,D
sz000400,许继电气,2025-10-14 09:54:39,27.83,12800,27.81,U
sz000400,许继电气,2025-10-14 09:54:45,27.82,25800,27.8,D
sz000400,许继电气,2025-10-14 09:54:51,27.82,28500,27.82,U
sz000400,许继电气,2025-10-14 09:54:54,27.81,9700,27.82,E
sz000400,许继电气,2025-10-14 09:54:57,27.81,29800,27.81,U
sz000400,许继电气,2025-10-14 09:55:00,27.82,11100,27.81,U
sz000400,许继电气,2025-10-14 09:55:03,27.8,35100,27.82,D
sz000400,许继电气,2025-10-14 09:55:06,27.8,18300,27.8,U
sz000400,许继电气,2025-10-14 09:55:09,27.8,19100,27.8,U
sz000400,许继电气,2025-10-14 09:55:12,27.8,18200,27.8,D
sz000400,许继电气,2025-10-14 09:55:15,27.81,55300,27.8,U
sz000400,许继电气,2025-10-14 09:55:18,27.8,24100,27.81,D
sz000400,许继电气,2025-10-14 09:55:27,27.8,37500,27.8,U
sz000400,许继电气,2025-10-14 09:55:33,27.8,26700,27.81,D
sz000400,许继电气,2025-10-14 09:55:36,27.8,7400,27.8,U
sz000400,许继电气,2025-10-14 09:55:39,27.79,23400,27.8,D
sz000400,许继电气,2025-10-14 09:55:42,27.8,45600,27.79,U
sz000400,许继电气,2025-10-14 09:55:45,27.8,41700,27.8,D
sz000400,许继电气,2025-10-14 09:55:48,27.8,7400,27.8,D
sz000400,许继电气,2025-10-14 09:56:03,27.82,69100,27.79,U
sz000400,许继电气,2025-10-14 09:56:09,27.81,26700,27.81,D
sz000400,许继电气,2025-10-14 09:56:12,27.8,23600,27.81,D
sz000400,许继电气,2025-10-14 09:56:15,27.81,34500,27.8,U
sz000400,许继电气,2025-10-14 09:56:18,27.78,78200,27.81,D
sz000400,许继电气,2025-10-14 09:56:21,27.77,74800,27.78,D
sz000400,许继电气,2025-10-14 09:56:24,27.77,31050,27.77,D
sz000400,许继电气,2025-10-14 09:56:30,27.77,34100,27.76,U
sz000400,许继电气,2025-10-14 09:56:33,27.74,147400,27.77,D
sz000400,许继电气,2025-10-14 09:56:36,27.75,121600,27.74,U
sz000400,许继电气,2025-10-14 09:56:45,27.73,24200,27.73,U
sz000400,许继电气,2025-10-14 09:56:48,27.71,31100,27.73,D
sz000400,许继电气,2025-10-14 09:56:51,27.78,82200,27.71,U
sz000400,许继电气,2025-10-14 09:56:54,27.73,30300,27.78,D
sz000400,许继电气,2025-10-14 09:57:03,27.77,12500,27.73,U
sz000400,许继电气,2025-10-14 09:57:06,27.76,14500,27.77,E
sz000400,许继电气,2025-10-14 09:57:09,27.73,7400,27.76,D
sz000400,许继电气,2025-10-14 09:57:15,27.73,7500,27.73,D
sz000400,许继电气,2025-10-14 09:57:18,27.77,49400,27.73,U
sz000400,许继电气,2025-10-14 09:57:21,27.77,35900,27.77,D
sz000400,许继电气,2025-10-14 09:57:24,27.77,14200,27.77,D
sz000400,许继电气,2025-10-14 09:57:27,27.75,16600,27.77,D
sz000400,许继电气,2025-10-14 09:57:36,27.73,13000,27.75,D
sz000400,许继电气,2025-10-14 09:57:42,27.74,207400,27.75,E
sz000400,许继电气,2025-10-14 09:57:45,27.8,44000,27.74,U
sz000400,许继电气,2025-10-14 09:57:48,27.75,39800,27.8,D
sz000400,许继电气,2025-10-14 09:57:51,27.75,9250,27.75,D
sz000400,许继电气,2025-10-14 09:57:54,27.75,7500,27.75,D
sz000400,许继电气,2025-10-14 09:57:57,27.75,8300,27.75,D
sz000400,许继电气,2025-10-14 09:58:00,27.77,42000,27.75,U
sz000400,许继电气,2025-10-14 09:58:03,27.76,14000,27.77,E
sz000400,许继电气,2025-10-14 09:58:06,27.76,16100,27.76,D
sz000400,许继电气,2025-10-14 09:58:09,27.76,9700,27.76,D
sz000400,许继电气,2025-10-14 09:58:12,27.75,12000,27.76,D
sz000400,许继电气,2025-10-14 09:58:15,27.76,19000,27.75,U
sz000400,许继电气,2025-10-14 09:58:18,27.76,8100,27.76,U
sz000400,许继电气,2025-10-14 09:58:21,27.75,13700,27.76,D
sz000400,许继电气,2025-10-14 09:58:24,27.75,9700,27.75,D
sz000400,许继电气,2025-10-14 09:58:27,27.75,18200,27.75,D
sz000400,许继电气,2025-10-14 09:58:30,27.75,38450,27.75,D
sz000400,许继电气,2025-10-14 09:58:33,27.74,12300,27.75,D
sz000400,许继电气,2025-10-14 09:58:39,27.74,21900,27.74,D
sz000400,许继电气,2025-10-14 09:58:48,27.73,17000,27.74,D
sz000400,许继电气,2025-10-14 09:58:51,27.73,32000,27.73,D
sz000400,许继电气,2025-10-14 09:58:57,27.73,14600,27.73,U
sz000400,许继电气,2025-10-14 09:59:00,27.72,13900,27.73,D
sz000400,许继电气,2025-10-14 09:59:03,27.72,57300,27.72,D
sz000400,许继电气,2025-10-14 09:59:06,27.71,23300,27.72,D
sz000400,许继电气,2025-10-14 09:59:09,27.73,30300,27.71,U
sz000400,许继电气,2025-10-14 09:59:24,27.71,11600,27.71,D
sz000400,许继电气,2025-10-14 09:59:27,27.71,29700,27.71,D
sz000400,许继电气,2025-10-14 09:59:30,27.72,133800,27.71,U
sz000400,许继电气,2025-10-14 09:59:39,27.71,15400,27.71,D
sz000400,许继电气,2025-10-14 09:59:42,27.72,12800,27.71,U
sz000400,许继电气,2025-10-14 09:59:48,27.71,13200,27.71,D
sz000400,许继电气,2025-10-14 09:59:51,27.71,10200,27.71,D
sz000400,许继电气,2025-10-14 09:59:54,27.71,10100,27.71,D
sz000400,许继电气,2025-10-14 09:59:57,27.72,34700,27.71,U
sz000400,许继电气,2025-10-14 10:00:00,27.72,9200,27.72,D
sz000400,许继电气,2025-10-14 10:00:06,27.71,7500,27.72,D
sz000400,许继电气,2025-10-14 10:00:12,27.71,20800,27.72,D
sz000400,许继电气,2025-10-14 10:00:15,27.69,107700,27.71,D
sz000400,许继电气,2025-10-14 10:00:21,27.68,8800,27.69,D
sz000400,许继电气,2025-10-14 10:00:24,27.68,23000,27.68,D
sz000400,许继电气,2025-10-14 10:00:27,27.67,38400,27.68,D
sz000400,许继电气,2025-10-14 10:00:30,27.67,24600,27.67,D
sz000400,许继电气,2025-10-14 10:00:33,27.67,30800,27.67,D
sz000400,许继电气,2025-10-14 10:00:36,27.67,50500,27.67,D
sz000400,许继电气,2025-10-14 10:00:39,27.67,61800,27.67,E
sz000400,许继电气,2025-10-14 10:00:42,27.66,11700,27.67,U
sz000400,许继电气,2025-10-14 10:00:45,27.66,11200,27.66,D
sz000400,许继电气,2025-10-14 10:00:48,27.66,9400,27.66,D
sz000400,许继电气,2025-10-14 10:00:51,27.66,35600,27.66,D
sz000400,许继电气,2025-10-14 10:00:54,27.66,13200,27.66,D
sz000400,许继电气,2025-10-14 10:00:57,27.66,39400,27.66,D
sz000400,许继电气,2025-10-14 10:01:00,27.66,17700,27.66,U
sz000400,许继电气,2025-10-14 10:01:03,27.66,22000,27.66,D
sz000400,许继电气,2025-10-14 10:01:06,27.66,30300,27.66,D
sz000400,许继电气,2025-10-14 10:01:09,27.67,23500,27.66,D
sz000400,许继电气,2025-10-14 10:01:12,27.67,21200,27.67,D
sz000400,许继电气,2025-10-14 10:01:15,27.67,9200,27.67,D
sz000400,许继电气,2025-10-14 10:01:18,27.67,17000,27.67,D
sz000400,许继电气,2025-10-14 10:01:21,27.67,20700,27.67,D
sz000400,许继电气,2025-10-14 10:01:24,27.67,24700,27.67,U
sz000400,许继电气,2025-10-14 10:01:27,27.67,33700,27.67,U
sz000400,许继电气,2025-10-14 10:01:30,27.68,12100,27.67,U
sz000400,许继电气,2025-10-14 10:01:33,27.68,16900,27.68,D
sz000400,许继电气,2025-10-14 10:01:36,27.69,24900,27.68,U
sz000400,许继电气,2025-10-14 10:01:45,27.69,19600,27.68,U
sz000400,许继电气,2025-10-14 10:01:48,27.68,32600,27.69,D
sz000400,许继电气,2025-10-14 10:01:51,27.68,19400,27.68,D
sz000400,许继电气,2025-10-14 10:01:54,27.68,12700,27.68,D
sz000400,许继电气,2025-10-14 10:02:06,27.67,12000,27.67,D
sz000400,许继电气,2025-10-14 10:02:12,27.68,15200,27.68,D
sz000400,许继电气,2025-10-14 10:02:18,27.68,7800,27.67,U
sz000400,许继电气,2025-10-14 10:02:21,27.68,9500,27.68,U
sz000400,许继电气,2025-10-14 10:02:24,27.67,24300,27.68,D
sz000400,许继电气,2025-10-14 10:02:27,27.67,15000,27.67,D
sz000400,许继电气,2025-10-14 10:02:30,27.66,43100,27.67,D
sz000400,许继电气,2025-10-14 10:02:33,27.66,38400,27.66,D
sz000400,许继电气,2025-10-14 10:02:36,27.66,9300,27.66,D
sz000400,许继电气,2025-10-14 10:02:39,27.65,14900,27.66,D
sz000400,许继电气,2025-10-14 10:02:42,27.65,52200,27.65,D
sz000400,许继电气,2025-10-14 10:02:45,27.65,24800,27.65,D
sz000400,许继电气,2025-10-14 10:02:51,27.64,16000,27.64,D
sz000400,许继电气,2025-10-14 10:03:00,27.63,18600,27.63,D
sz000400,许继电气,2025-10-14 10:03:03,27.63,20300,27.63,D
sz000400,许继电气,2025-10-14 10:03:09,27.62,40300,27.62,D
sz000400,许继电气,2025-10-14 10:03:12,27.62,32400,27.62,D
sz000400,许继电气,2025-10-14 10:03:15,27.61,30500,27.62,D
sz000400,许继电气,2025-10-14 10:03:21,27.61,11800,27.62,D
sz000400,许继电气,2025-10-14 10:03:24,27.61,32800,27.61,D
sz000400,许继电气,2025-10-14 10:03:27,27.61,16500,27.61,D
sz000400,许继电气,2025-10-14 10:03:30,27.61,62700,27.61,D
sz000400,许继电气,2025-10-14 10:03:33,27.61,9600,27.61,D
sz000400,许继电气,2025-10-14 10:03:36,27.61,29300,27.61,D
sz000400,许继电气,2025-10-14 10:03:39,27.6,10400,27.61,D
sz000400,许继电气,2025-10-14 10:03:42,27.61,19600,27.6,U
sz000400,许继电气,2025-10-14 10:03:45,27.61,48100,27.61,D
sz000400,许继电气,2025-10-14 10:03:48,27.63,43700,27.61,U
sz000400,许继电气,2025-10-14 10:03:51,27.62,29200,27.63,D
sz000400,许继电气,2025-10-14 10:03:54,27.62,17100,27.62,D
sz000400,许继电气,2025-10-14 10:03:57,27.61,37300,27.62,D
sz000400,许继电气,2025-10-14 10:04:00,27.62,36700,27.61,U
sz000400,许继电气,2025-10-14 10:04:03,27.62,9000,27.62,D
sz000400,许继电气,2025-10-14 10:04:06,27.64,7700,27.62,U
sz000400,许继电气,2025-10-14 10:04:09,27.62,17300,27.64,D
sz000400,许继电气,2025-10-14 10:04:15,27.65,7400,27.64,U
sz000400,许继电气,2025-10-14 10:04:18,27.65,11900,27.65,D
sz000400,许继电气,2025-10-14 10:04:33,27.67,9400,27.67,D
sz000400,许继电气,2025-10-14 10:04:36,27.69,25000,27.67,U
sz000400,许继电气,2025-10-14 10:04:48,27.7,108200,27.7,U
sz000400,许继电气,2025-10-14 10:05:00,27.7,74100,27.72,D
sz000400,许继电气,2025-10-14 10:05:03,27.69,12200,27.7,D
sz000400,许继电气,2025-10-14 10:05:06,27.7,75200,27.69,U
sz000400,许继电气,2025-10-14 10:05:09,27.7,7800,27.7,D
sz000400,许继电气,2025-10-14 10:05:12,27.7,20300,27.7,D
sz000400,许继电气,2025-10-14 10:05:15,27.71,20800,27.7,U
sz000400,许继电气,2025-10-14 10:05:18,27.72,15100,27.71,U
sz000400,许继电气,2025-10-14 10:05:33,27.7,10500,27.71,D
sz000400,许继电气,2025-10-14 10:05:39,27.7,12000,27.7,D
sz000400,许继电气,2025-10-14 10:05:42,27.69,9900,27.7,D
sz000400,许继电气,2025-10-14 10:05:51,27.69,18200,27.69,D
sz000400,许继电气,2025-10-14 10:05:54,27.7,43300,27.69,U
sz000400,许继电气,2025-10-14 10:06:00,27.71,15000,27.7,U
sz000400,许继电气,2025-10-14 10:06:12,27.69,12400,27.69,D
sz000400,许继电气,2025-10-14 10:06:18,27.69,10300,27.68,U
sz000400,许继电气,2025-10-14 10:06:21,27.69,10100,27.69,U
sz000400,许继电气,2025-10-14 10:06:27,27.67,14400,27.67,D
sz000400,许继电气,2025-10-14 10:06:30,27.67,7900,27.67,D
sz000400,许继电气,2025-10-14 10:06:33,27.67,17800,27.67,D
sz000400,许继电气,2025-10-14 10:06:36,27.66,12400,27.67,D
sz000400,许继电气,2025-10-14 10:06:39,27.66,32900,27.66,D
sz000400,许继电气,2025-10-14 10:06:42,27.65,27200,27.66,D
sz000400,许继电气,2025-10-14 10:06:45,27.66,24800,27.65,E
sz000400,许继电气,2025-10-14 10:06:48,27.65,21000,27.66,D
sz000400,许继电气,2025-10-14 10:06:57,27.66,28600,27.65,U
sz000400,许继电气,2025-10-14 10:07:03,27.66,14400,27.66,D
sz000400,许继电气,2025-10-14 10:07:06,27.67,33000,27.66,U
sz000400,许继电气,2025-10-14 10:07:09,27.66,8500,27.67,D
sz000400,许继电气,2025-10-14 10:07:15,27.67,10200,27.66,E
sz000400,许继电气,2025-10-14 10:07:18,27.67,8800,27.67,D
sz000400,许继电气,2025-10-14 10:07:27,27.69,24100,27.67,U
sz000400,许继电气,2025-10-14 10:07:33,27.7,13200,27.7,U
sz000400,许继电气,2025-10-14 10:07:36,27.7,16800,27.7,U
sz000400,许继电气,2025-10-14 10:07:39,27.7,16200,27.7,D
sz000400,许继电气,2025-10-14 10:07:51,27.73,13300,27.72,U
sz000400,许继电气,2025-10-14 10:07:57,27.74,13300,27.73,U
sz000400,许继电气,2025-10-14 10:08:09,27.74,9600,27.74,D
sz000400,许继电气,2025-10-14 10:08:15,27.74,25000,27.75,D
sz000400,许继电气,2025-10-14 10:08:18,27.75,33600,27.74,U
sz000400,许继电气,2025-10-14 10:08:24,27.75,82200,27.75,D
sz000400,许继电气,2025-10-14 10:08:27,27.75,12300,27.75,U
sz000400,许继电气,2025-10-14 10:08:30,27.75,9900,27.75,D
sz000400,许继电气,2025-10-14 10:08:33,27.75,7700,27.75,U
sz000400,许继电气,2025-10-14 10:08:42,27.75,7900,27.75,D
sz000400,许继电气,2025-10-14 10:08:45,27.75,27200,27.75,D
sz000400,许继电气,2025-10-14 10:08:48,27.75,18800,27.75,D
sz000400,许继电气,2025-10-14 10:08:51,27.76,14200,27.75,U
sz000400,许继电气,2025-10-14 10:08:54,27.76,18260,27.76,D
sz000400,许继电气,2025-10-14 10:08:57,27.77,38800,27.76,U
sz000400,许继电气,2025-10-14 10:09:03,27.76,25540,27.76,D
sz000400,许继电气,2025-10-14 10:09:06,27.76,11700,27.76,U
sz000400,许继电气,2025-10-14 10:09:09,27.76,30600,27.76,D
sz000400,许继电气,2025-10-14 10:09:12,27.76,50200,27.76,D
sz000400,许继电气,2025-10-14 10:09:18,27.75,42600,27.76,D
sz000400,许继电气,2025-10-14 10:09:21,27.76,56500,27.75,U
sz000400,许继电气,2025-10-14 10:09:36,27.74,12400,27.75,D
sz000400,许继电气,2025-10-14 10:09:39,27.75,26500,27.74,U
sz000400,许继电气,2025-10-14 10:09:51,27.73,14800,27.74,D
sz000400,许继电气,2025-10-14 10:09:54,27.74,27900,27.73,U
sz000400,许继电气,2025-10-14 10:10:00,27.75,24600,27.74,U
sz000400,许继电气,2025-10-14 10:10:06,27.75,11200,27.75,D
sz000400,许继电气,2025-10-14 10:10:09,27.75,9700,27.75,U
sz000400,许继电气,2025-10-14 10:10:12,27.75,8100,27.75,U
sz000400,许继电气,2025-10-14 10:10:15,27.75,9000,27.75,U
sz000400,许继电气,2025-10-14 10:10:18,27.74,85900,27.75,D
sz000400,许继电气,2025-10-14 10:10:21,27.74,25300,27.74,U
sz000400,许继电气,2025-10-14 10:10:36,27.76,76100,27.73,U
sz000400,许继电气,2025-10-14 10:10:39,27.73,29500,27.76,D
sz000400,许继电气,2025-10-14 10:10:45,27.76,20060,27.75,U
sz000400,许继电气,2025-10-14 10:10:51,27.77,13600,27.76,U
sz000400,许继电气,2025-10-14 10:10:54,27.77,14000,27.77,U
sz000400,许继电气,2025-10-14 10:10:57,27.77,8000,27.77,U
sz000400,许继电气,2025-10-14 10:11:00,27.76,33140,27.77,D
sz000400,许继电气,2025-10-14 10:11:27,27.75,9800,27.75,D
sz000400,许继电气,2025-10-14 10:11:30,27.74,11700,27.75,D
sz000400,许继电气,2025-10-14 10:11:33,27.74,8800,27.74,D
sz000400,许继电气,2025-10-14 10:11:36,27.74,16600,27.74,U
sz000400,许继电气,2025-10-14 10:11:51,27.72,22400,27.72,D
sz000400,许继电气,2025-10-14 10:12:00,27.71,7900,27.72,D
sz000400,许继电气,2025-10-14 10:12:03,27.7,20200,27.71,D
sz000400,许继电气,2025-10-14 10:12:09,27.7,37300,27.7,D
sz000400,许继电气,2025-10-14 10:12:12,27.69,10700,27.7,D
sz000400,许继电气,2025-10-14 10:12:21,27.69,36000,27.69,D
sz000400,许继电气,2025-10-14 10:12:24,27.68,11000,27.69,D
sz000400,许继电气,2025-10-14 10:12:30,27.68,24100,27.69,D
sz000400,许继电气,2025-10-14 10:12:33,27.69,25200,27.68,U
sz000400,许继电气,2025-10-14 10:12:36,27.67,17300,27.69,D
sz000400,许继电气,2025-10-14 10:12:42,27.68,14500,27.67,U
sz000400,许继电气,2025-10-14 10:12:45,27.68,12800,27.68,D
sz000400,许继电气,2025-10-14 10:12:48,27.68,8800,27.68,D
sz000400,许继电气,2025-10-14 10:12:51,27.68,11500,27.68,D
sz000400,许继电气,2025-10-14 10:12:54,27.68,22200,27.68,U
sz000400,许继电气,2025-10-14 10:12:57,27.68,11000,27.68,U
sz000400,许继电气,2025-10-14 10:13:00,27.67,31600,27.68,D
sz000400,许继电气,2025-10-14 10:13:06,27.67,10000,27.67,U
sz000400,许继电气,2025-10-14 10:13:09,27.67,13600,27.67,U
sz000400,许继电气,2025-10-14 10:13:12,27.67,16400,27.67,U
sz000400,许继电气,2025-10-14 10:13:15,27.67,24300,27.67,U
sz000400,许继电气,2025-10-14 10:13:18,27.68,18500,27.67,U
sz000400,许继电气,2025-10-14 10:13:21,27.67,14200,27.68,D
sz000400,许继电气,2025-10-14 10:13:27,27.67,13000,27.67,D
sz000400,许继电气,2025-10-14 10:13:30,27.68,14500,27.67,U
sz000400,许继电气,2025-10-14 10:13:33,27.69,10000,27.68,U
sz000400,许继电气,2025-10-14 10:13:39,27.68,14700,27.68,D
sz000400,许继电气,2025-10-14 10:13:45,27.69,15300,27.68,U
sz000400,许继电气,2025-10-14 10:13:48,27.68,19200,27.69,D
sz000400,许继电气,2025-10-14 10:13:51,27.68,24200,27.68,D
sz000400,许继电气,2025-10-14 10:13:54,27.69,23900,27.68,U
sz000400,许继电气,2025-10-14 10:13:57,27.69,8400,27.69,D
sz000400,许继电气,2025-10-14 10:14:00,27.69,25900,27.69,D
sz000400,许继电气,2025-10-14 10:14:06,27.7,26200,27.69,U
sz000400,许继电气,2025-10-14 10:14:15,27.69,35100,27.7,D
sz000400,许继电气,2025-10-14 10:14:21,27.69,29100,27.69,D
sz000400,许继电气,2025-10-14 10:14:24,27.69,15300,27.69,U
sz000400,许继电气,2025-10-14 10:14:27,27.69,9000,27.69,D
sz000400,许继电气,2025-10-14 10:14:30,27.72,59360,27.69,U
sz000400,许继电气,2025-10-14 10:14:33,27.71,17300,27.72,D
sz000400,许继电气,2025-10-14 10:14:36,27.75,25500,27.71,U
sz000400,许继电气,2025-10-14 10:14:39,27.75,14900,27.75,U
sz000400,许继电气,2025-10-14 10:14:42,27.76,7600,27.75,U
sz000400,许继电气,2025-10-14 10:14:48,27.75,17200,27.76,D
sz000400,许继电气,2025-10-14 10:14:51,27.75,10300,27.75,D
sz000400,许继电气,2025-10-14 10:14:54,27.75,7600,27.75,D
sz000400,许继电气,2025-10-14 10:14:57,27.74,41800,27.75,D
sz000400,许继电气,2025-10-14 10:15:00,27.75,12200,27.74,U
sz000400,许继电气,2025-10-14 10:15:03,27.75,11100,27.75,U
sz000400,许继电气,2025-10-14 10:15:06,27.74,18400,27.75,D
sz000400,许继电气,2025-10-14 10:15:12,27.74,10000,27.75,D
sz000400,许继电气,2025-10-14 10:15:15,27.75,16700,27.74,U
sz000400,许继电气,2025-10-14 10:15:21,27.75,29600,27.75,U
sz000400,许继电气,2025-10-14 10:15:36,27.75,8000,27.75,U
sz000400,许继电气,2025-10-14 10:15:42,27.74,12500,27.75,D
sz000400,许继电气,2025-10-14 10:15:45,27.74,27700,27.74,D
sz000400,许继电气,2025-10-14 10:15:51,27.75,8900,27.75,U
sz000400,许继电气,2025-10-14 10:15:57,27.74,10700,27.74,D
sz000400,许继电气,2025-10-14 10:16:00,27.75,33800,27.74,U
sz000400,许继电气,2025-10-14 10:16:03,27.74,14200,27.75,D
sz000400,许继电气,2025-10-14 10:16:09,27.73,11000,27.73,D
sz000400,许继电气,2025-10-14 10:16:15,27.73,11800,27.73,D
sz000400,许继电气,2025-10-14 10:16:24,27.73,42500,27.74,D
sz000400,许继电气,2025-10-14 10:16:30,27.72,18100,27.73,D
sz000400,许继电气,2025-10-14 10:16:51,27.71,11800,27.71,D
sz000400,许继电气,2025-10-14 10:16:54,27.71,8700,27.71,D
sz000400,许继电气,2025-10-14 10:16:57,27.7,7940,27.71,D
sz000400,许继电气,2025-10-14 10:17:03,27.7,13000,27.7,D
sz000400,许继电气,2025-10-14 10:17:12,27.7,10800,27.7,D
sz000400,许继电气,2025-10-14 10:17:18,27.69,7800,27.69,D
sz000400,许继电气,2025-10-14 10:17:45,27.72,48860,27.7,U
sz000400,许继电气,2025-10-14 10:17:48,27.72,34300,27.72,D
sz000400,许继电气,2025-10-14 10:18:00,27.72,12140,27.73,D
sz000400,许继电气,2025-10-14 10:18:39,27.71,10900,27.72,D
sz000400,许继电气,2025-10-14 10:18:51,27.71,30800,27.71,D
sz000400,许继电气,2025-10-14 10:18:57,27.71,11700,27.7,U
sz000400,许继电气,2025-10-14 10:19:00,27.72,7600,27.71,U
sz000400,许继电气,2025-10-14 10:19:06,27.72,11500,27.72,U
sz000400,许继电气,2025-10-14 10:19:15,27.72,25600,27.73,D
sz000400,许继电气,2025-10-14 10:19:24,27.72,16900,27.72,D
sz000400,许继电气,2025-10-14 10:19:39,27.73,9000,27.73,D
sz000400,许继电气,2025-10-14 10:19:48,27.73,12200,27.74,D
sz000400,许继电气,2025-10-14 10:19:57,27.75,29800,27.75,U
sz000400,许继电气,2025-10-14 10:20:06,27.74,10800,27.75,D
sz000400,许继电气,2025-10-14 10:20:09,27.74,15300,27.74,D
sz000400,许继电气,2025-10-14 10:20:27,27.74,21400,27.74,U
sz000400,许继电气,2025-10-14 10:20:39,27.72,10200,27.73,D
sz000400,许继电气,2025-10-14 10:20:42,27.73,13600,27.72,U
sz000400,许继电气,2025-10-14 10:20:48,27.73,15100,27.73,U
sz000400,许继电气,2025-10-14 10:21:24,27.72,7700,27.73,D
sz000400,许继电气,2025-10-14 10:21:33,27.72,11000,27.72,D
sz000400,许继电气,2025-10-14 10:21:36,27.73,27160,27.72,U
sz000400,许继电气,2025-10-14 10:21:42,27.73,10900,27.73,D
sz000400,许继电气,2025-10-14 10:21:48,27.73,13400,27.73,D
sz000400,许继电气,2025-10-14 10:22:06,27.72,7500,27.72,D
sz000400,许继电气,2025-10-14 10:22:09,27.73,19360,27.72,U
sz000400,许继电气,2025-10-14 10:22:21,27.74,39000,27.74,U
sz000400,许继电气,2025-10-14 10:22:45,27.74,12400,27.74,D
sz000400,许继电气,2025-10-14 10:22:48,27.74,10500,27.74,D
sz000400,许继电气,2025-10-14 10:22:54,27.75,8400,27.74,U
sz000400,许继电气,2025-10-14 10:22:57,27.75,12300,27.75,U
sz000400,许继电气,2025-10-14 10:23:03,27.75,15600,27.74,U
sz000400,许继电气,2025-10-14 10:23:06,27.74,18900,27.75,D
sz000400,许继电气,2025-10-14 10:23:15,27.74,12700,27.75,D
sz000400,许继电气,2025-10-14 10:23:21,27.75,19400,27.74,U
sz000400,许继电气,2025-10-14 10:23:24,27.74,13400,27.75,D
sz000400,许继电气,2025-10-14 10:23:33,27.74,8100,27.74,D
sz000400,许继电气,2025-10-14 10:23:36,27.73,36000,27.74,D
sz000400,许继电气,2025-10-14 10:23:51,27.74,20700,27.74,U
sz000400,许继电气,2025-10-14 10:24:21,27.73,23740,27.73,D
sz000400,许继电气,2025-10-14 10:24:45,27.72,16000,27.72,D
sz000400,许继电气,2025-10-14 10:24:48,27.72,13500,27.72,D
sz000400,许继电气,2025-10-14 10:24:51,27.72,10400,27.72,D
sz000400,许继电气,2025-10-14 10:25:00,27.72,12800,27.72,D
sz000400,许继电气,2025-10-14 10:25:06,27.71,50300,27.72,D
sz000400,许继电气,2025-10-14 10:25:09,27.69,122100,27.71,D
sz000400,许继电气,2025-10-14 10:25:12,27.69,9200,27.69,D
sz000400,许继电气,2025-10-14 10:25:15,27.68,14000,27.69,D
sz000400,许继电气,2025-10-14 10:25:24,27.68,47000,27.68,D
sz000400,许继电气,2025-10-14 10:25:27,27.68,8300,27.68,D
sz000400,许继电气,2025-10-14 10:25:30,27.68,15900,27.68,D
sz000400,许继电气,2025-10-14 10:25:39,27.68,7400,27.67,U
sz000400,许继电气,2025-10-14 10:25:42,27.67,57500,27.68,D
sz000400,许继电气,2025-10-14 10:25:48,27.67,33150,27.67,D
sz000400,许继电气,2025-10-14 10:25:51,27.68,19700,27.67,U
sz000400,许继电气,2025-10-14 10:25:54,27.67,43060,27.68,D
sz000400,许继电气,2025-10-14 10:25:57,27.67,24590,27.67,D
sz000400,许继电气,2025-10-14 10:26:00,27.67,29110,27.67,U
sz000400,许继电气,2025-10-14 10:26:03,27.67,8900,27.67,D
sz000400,许继电气,2025-10-14 10:26:15,27.66,9600,27.66,D
sz000400,许继电气,2025-10-14 10:26:18,27.66,8000,27.66,D
sz000400,许继电气,2025-10-14 10:26:21,27.66,7500,27.66,D
sz000400,许继电气,2025-10-14 10:26:24,27.67,18310,27.66,U
sz000400,许继电气,2025-10-14 10:26:30,27.67,11890,27.67,D
sz000400,许继电气,2025-10-14 10:26:39,27.67,32900,27.66,U
sz000400,许继电气,2025-10-14 10:26:45,27.66,45700,27.66,D
sz000400,许继电气,2025-10-14 10:26:48,27.66,7700,27.66,D
sz000400,许继电气,2025-10-14 10:26:51,27.66,7700,27.66,D
sz000400,许继电气,2025-10-14 10:26:54,27.66,40600,27.66,D
sz000400,许继电气,2025-10-14 10:27:00,27.66,10300,27.66,U
sz000400,许继电气,2025-10-14 10:27:06,27.65,10200,27.65,D
sz000400,许继电气,2025-10-14 10:27:24,27.65,9400,27.65,D
sz000400,许继电气,2025-10-14 10:27:33,27.65,14400,27.65,D
sz000400,许继电气,2025-10-14 10:27:36,27.65,8600,27.65,D
sz000400,许继电气,2025-10-14 10:27:39,27.65,60710,27.65,D
sz000400,许继电气,2025-10-14 10:27:42,27.65,42900,27.65,D
sz000400,许继电气,2025-10-14 10:28:00,27.64,7500,27.64,D
sz000400,许继电气,2025-10-14 10:28:03,27.64,56900,27.64,D
sz000400,许继电气,2025-10-14 10:28:09,27.64,53900,27.64,D
sz000400,许继电气,2025-10-14 10:28:15,27.63,9800,27.64,D
sz000400,许继电气,2025-10-14 10:28:18,27.64,36400,27.63,U
sz000400,许继电气,2025-10-14 10:28:24,27.65,25810,27.64,U
sz000400,许继电气,2025-10-14 10:28:36,27.66,17300,27.65,U
sz000400,许继电气,2025-10-14 10:28:51,27.65,16100,27.66,D
sz000400,许继电气,2025-10-14 10:28:54,27.65,30800,27.65,D
sz000400,许继电气,2025-10-14 10:29:03,27.65,10300,27.65,D
sz000400,许继电气,2025-10-14 10:29:15,27.65,11200,27.64,U
sz000400,许继电气,2025-10-14 10:29:21,27.65,10300,27.64,E
sz000400,许继电气,2025-10-14 10:29:27,27.65,8900,27.64,U
sz000400,许继电气,2025-10-14 10:29:45,27.65,12800,27.64,U
sz000400,许继电气,2025-10-14 10:29:48,27.65,127400,27.65,U
sz000400,许继电气,2025-10-14 10:29:54,27.65,26300,27.64,U
sz000400,许继电气,2025-10-14 10:30:00,27.64,7800,27.64,U
sz000400,许继电气,2025-10-14 10:30:03,27.64,8700,27.64,D
sz000400,许继电气,2025-10-14 10:30:06,27.65,8100,27.64,U
sz000400,许继电气,2025-10-14 10:30:09,27.64,12600,27.65,D
sz000400,许继电气,2025-10-14 10:30:24,27.63,63700,27.64,D
sz000400,许继电气,2025-10-14 10:30:33,27.62,74100,27.62,D
sz000400,许继电气,2025-10-14 10:30:36,27.62,9400,27.62,D
sz000400,许继电气,2025-10-14 10:30:39,27.62,13900,27.62,D
sz000400,许继电气,2025-10-14 10:30:42,27.61,57600,27.62,D
sz000400,许继电气,2025-10-14 10:30:45,27.61,31200,27.61,D
sz000400,许继电气,2025-10-14 10:30:51,27.61,38200,27.61,D
sz000400,许继电气,2025-10-14 10:30:54,27.61,18800,27.61,D
sz000400,许继电气,2025-10-14 10:30:57,27.61,22000,27.61,D
sz000400,许继电气,2025-10-14 10:31:00,27.6,10500,27.61,D
sz000400,许继电气,2025-10-14 10:31:06,27.6,17700,27.61,D
sz000400,许继电气,2025-10-14 10:31:09,27.61,21400,27.6,U
sz000400,许继电气,2025-10-14 10:31:12,27.6,8300,27.61,D
sz000400,许继电气,2025-10-14 10:31:15,27.6,89200,27.6,D
sz000400,许继电气,2025-10-14 10:31:18,27.6,17900,27.6,D
sz000400,许继电气,2025-10-14 10:31:21,27.6,30500,27.6,D
sz000400,许继电气,2025-10-14 10:31:24,27.58,56265,27.6,D
sz000400,许继电气,2025-10-14 10:31:30,27.59,10400,27.59,D
sz000400,许继电气,2025-10-14 10:31:36,27.59,18100,27.59,D
sz000400,许继电气,2025-10-14 10:31:39,27.59,27200,27.59,U
sz000400,许继电气,2025-10-14 10:31:42,27.58,25000,27.59,D
sz000400,许继电气,2025-10-14 10:31:45,27.58,19200,27.58,D
sz000400,许继电气,2025-10-14 10:31:48,27.58,54600,27.58,D
sz000400,许继电气,2025-10-14 10:31:51,27.57,13800,27.58,D
sz000400,许继电气,2025-10-14 10:31:57,27.56,106200,27.57,D
sz000400,许继电气,2025-10-14 10:32:00,27.56,83700,27.56,D
sz000400,许继电气,2025-10-14 10:32:03,27.55,32900,27.56,D
sz000400,许继电气,2025-10-14 10:32:09,27.54,30200,27.54,D
sz000400,许继电气,2025-10-14 10:32:15,27.53,12800,27.54,D
sz000400,许继电气,2025-10-14 10:32:18,27.53,57300,27.53,D
sz000400,许继电气,2025-10-14 10:32:21,27.52,36900,27.53,D
sz000400,许继电气,2025-10-14 10:32:24,27.52,22100,27.52,D
sz000400,许继电气,2025-10-14 10:32:27,27.53,10000,27.52,U
sz000400,许继电气,2025-10-14 10:32:33,27.52,34300,27.52,D
sz000400,许继电气,2025-10-14 10:32:36,27.52,8500,27.52,U
sz000400,许继电气,2025-10-14 10:32:39,27.52,64800,27.52,U
sz000400,许继电气,2025-10-14 10:32:42,27.54,40000,27.52,U
sz000400,许继电气,2025-10-14 10:32:45,27.54,27800,27.54,U
sz000400,许继电气,2025-10-14 10:32:51,27.54,35100,27.54,D
sz000400,许继电气,2025-10-14 10:33:03,27.56,15500,27.56,U
sz000400,许继电气,2025-10-14 10:33:06,27.54,9400,27.56,D
sz000400,许继电气,2025-10-14 10:33:12,27.54,17100,27.56,D
sz000400,许继电气,2025-10-14 10:33:15,27.54,17100,27.54,U
sz000400,许继电气,2025-10-14 10:33:30,27.55,9800,27.55,D
sz000400,许继电气,2025-10-14 10:33:39,27.56,16000,27.55,U
sz000400,许继电气,2025-10-14 10:34:00,27.56,9300,27.58,D
sz000400,许继电气,2025-10-14 10:34:03,27.58,25000,27.56,U
sz000400,许继电气,2025-10-14 10:34:18,27.58,15100,27.58,U
sz000400,许继电气,2025-10-14 10:34:21,27.6,66400,27.58,U
sz000400,许继电气,2025-10-14 10:34:30,27.6,112700,27.6,D
sz000400,许继电气,2025-10-14 10:34:36,27.6,8600,27.6,U
sz000400,许继电气,2025-10-14 10:34:42,27.58,18400,27.6,D
sz000400,许继电气,2025-10-14 10:34:45,27.58,32500,27.58,D
sz000400,许继电气,2025-10-14 10:34:48,27.6,14000,27.58,U
sz000400,许继电气,2025-10-14 10:35:03,27.59,17600,27.59,D
sz000400,许继电气,2025-10-14 10:35:09,27.6,27500,27.6,U
sz000400,许继电气,2025-10-14 10:35:30,27.6,13600,27.61,D
sz000400,许继电气,2025-10-14 10:35:33,27.61,82500,27.6,U
sz000400,许继电气,2025-10-14 10:35:36,27.61,30800,27.61,D
sz000400,许继电气,2025-10-14 10:35:39,27.63,20400,27.61,D
sz000400,许继电气,2025-10-14 10:35:45,27.64,21200,27.63,E
sz000400,许继电气,2025-10-14 10:35:48,27.67,16100,27.64,U
sz000400,许继电气,2025-10-14 10:36:03,27.7,37300,27.67,U
sz000400,许继电气,2025-10-14 10:36:06,27.72,17800,27.7,U
sz000400,许继电气,2025-10-14 10:36:09,27.71,13000,27.72,D
sz000400,许继电气,2025-10-14 10:36:15,27.71,11000,27.72,D
sz000400,许继电气,2025-10-14 10:36:21,27.72,7300,27.72,U
sz000400,许继电气,2025-10-14 10:36:27,27.72,41000,27.72,D
sz000400,许继电气,2025-10-14 10:36:30,27.72,50900,27.72,U
sz000400,许继电气,2025-10-14 10:36:36,27.73,7800,27.74,D
sz000400,许继电气,2025-10-14 10:36:45,27.73,43600,27.72,U
sz000400,许继电气,2025-10-14 10:36:48,27.73,26800,27.73,U
sz000400,许继电气,2025-10-14 10:36:51,27.73,17400,27.73,U
sz000400,许继电气,2025-10-14 10:36:54,27.72,9700,27.73,D
sz000400,许继电气,2025-10-14 10:37:00,27.72,10200,27.72,D
sz000400,许继电气,2025-10-14 10:37:09,27.71,18200,27.72,D
sz000400,许继电气,2025-10-14 10:37:24,27.7,10700,27.7,D
sz000400,许继电气,2025-10-14 10:38:06,27.66,12900,27.65,U
sz000400,许继电气,2025-10-14 10:38:09,27.66,9800,27.66,U
sz000400,许继电气,2025-10-14 10:38:24,27.66,8000,27.66,D
sz000400,许继电气,2025-10-14 10:38:27,27.67,8800,27.66,E
sz000400,许继电气,2025-10-14 10:38:33,27.68,7400,27.68,U
sz000400,许继电气,2025-10-14 10:38:51,27.66,8100,27.66,D
sz000400,许继电气,2025-10-14 10:38:54,27.66,17500,27.66,U
sz000400,许继电气,2025-10-14 10:39:15,27.66,7700,27.66,D
sz000400,许继电气,2025-10-14 10:39:27,27.66,16900,27.66,D
sz000400,许继电气,2025-10-14 10:39:45,27.65,8200,27.64,U
sz000400,许继电气,2025-10-14 10:39:48,27.64,15700,27.65,D
sz000400,许继电气,2025-10-14 10:40:00,27.65,32300,27.65,U
sz000400,许继电气,2025-10-14 10:40:06,27.65,9400,27.65,U
sz000400,许继电气,2025-10-14 10:40:18,27.66,12900,27.66,U
sz000400,许继电气,2025-10-14 10:40:36,27.65,40200,27.65,D
sz000400,许继电气,2025-10-14 10:40:51,27.64,9100,27.65,D
sz000400,许继电气,2025-10-14 10:41:06,27.63,43300,27.65,D
sz000400,许继电气,2025-10-14 10:41:12,27.64,74800,27.63,U
sz000400,许继电气,2025-10-14 10:41:15,27.63,26200,27.64,D
sz000400,许继电气,2025-10-14 10:41:18,27.6,10000,27.63,D
sz000400,许继电气,2025-10-14 10:41:27,27.62,10200,27.62,U
sz000400,许继电气,2025-10-14 10:41:39,27.61,15600,27.61,D
sz000400,许继电气,2025-10-14 10:41:42,27.61,10700,27.61,D
sz000400,许继电气,2025-10-14 10:41:51,27.62,15900,27.61,U
sz000400,许继电气,2025-10-14 10:41:54,27.61,10800,27.62,D
sz000400,许继电气,2025-10-14 10:41:57,27.6,74000,27.61,D
sz000400,许继电气,2025-10-14 10:42:09,27.61,13300,27.6,U
sz000400,许继电气,2025-10-14 10:42:15,27.6,14900,27.6,D
sz000400,许继电气,2025-10-14 10:42:30,27.62,11700,27.61,U
sz000400,许继电气,2025-10-14 10:42:39,27.62,23400,27.61,U
sz000400,许继电气,2025-10-14 10:42:42,27.62,16100,27.62,D
sz000400,许继电气,2025-10-14 10:42:48,27.65,8600,27.62,U
sz000400,许继电气,2025-10-14 10:42:51,27.65,14000,27.65,U
sz000400,许继电气,2025-10-14 10:43:21,27.65,17900,27.65,D
sz000400,许继电气,2025-10-14 10:43:24,27.68,13200,27.65,U
sz000400,许继电气,2025-10-14 10:43:51,27.65,7800,27.65,D
sz000400,许继电气,2025-10-14 10:43:57,27.66,8000,27.65,U
sz000400,许继电气,2025-10-14 10:44:00,27.66,9900,27.66,U
sz000400,许继电气,2025-10-14 10:44:03,27.65,14300,27.66,D
sz000400,许继电气,2025-10-14 10:44:09,27.66,22600,27.65,U
sz000400,许继电气,2025-10-14 10:44:27,27.66,14300,27.66,U
sz000400,许继电气,2025-10-14 10:44:57,27.65,11400,27.65,D
sz000400,许继电气,2025-10-14 10:45:09,27.64,29300,27.65,D
sz000400,许继电气,2025-10-14 10:45:18,27.64,8100,27.64,D
sz000400,许继电气,2025-10-14 10:46:51,27.63,8300,27.63,D
sz000400,许继电气,2025-10-14 10:47:09,27.62,11200,27.63,D
sz000400,许继电气,2025-10-14 10:47:15,27.62,9700,27.63,D
sz000400,许继电气,2025-10-14 10:47:21,27.62,29600,27.62,D
sz000400,许继电气,2025-10-14 10:47:27,27.62,11500,27.62,D
sz000400,许继电气,2025-10-14 10:47:30,27.62,28400,27.62,D
sz000400,许继电气,2025-10-14 10:47:36,27.61,11600,27.61,D
sz000400,许继电气,2025-10-14 10:47:42,27.62,10700,27.61,U
sz000400,许继电气,2025-10-14 10:48:03,27.6,11200,27.61,D
sz000400,许继电气,2025-10-14 10:48:09,27.6,26000,27.6,D
sz000400,许继电气,2025-10-14 10:48:12,27.6,23600,27.6,D
sz000400,许继电气,2025-10-14 10:48:18,27.6,10300,27.6,U
sz000400,许继电气,2025-10-14 10:48:21,27.59,9900,27.6,D
sz000400,许继电气,2025-10-14 10:48:36,27.58,8200,27.58,D
sz000400,许继电气,2025-10-14 10:48:45,27.59,11800,27.58,U
sz000400,许继电气,2025-10-14 10:48:48,27.58,25800,27.59,D
sz000400,许继电气,2025-10-14 10:48:51,27.57,27100,27.58,D
sz000400,许继电气,2025-10-14 10:48:57,27.57,9900,27.57,D
sz000400,许继电气,2025-10-14 10:49:06,27.57,9900,27.57,D
sz000400,许继电气,2025-10-14 10:49:15,27.56,38400,27.56,D
sz000400,许继电气,2025-10-14 10:49:21,27.55,15100,27.55,D
sz000400,许继电气,2025-10-14 10:49:24,27.55,16100,27.55,D
sz000400,许继电气,2025-10-14 10:49:27,27.55,9100,27.55,D
sz000400,许继电气,2025-10-14 10:49:30,27.55,16500,27.55,E
sz000400,许继电气,2025-10-14 10:49:45,27.54,9600,27.54,D
sz000400,许继电气,2025-10-14 10:49:48,27.53,23300,27.54,D
sz000400,许继电气,2025-10-14 10:50:00,27.53,10800,27.53,D
sz000400,许继电气,2025-10-14 10:50:09,27.53,12500,27.53,U
sz000400,许继电气,2025-10-14 10:50:12,27.52,13100,27.53,D
sz000400,许继电气,2025-10-14 10:50:15,27.53,16300,27.52,U
sz000400,许继电气,2025-10-14 10:50:18,27.52,20700,27.53,D
sz000400,许继电气,2025-10-14 10:50:21,27.49,304600,27.52,D
sz000400,许继电气,2025-10-14 10:50:24,27.52,27600,27.49,U
sz000400,许继电气,2025-10-14 10:50:33,27.48,12500,27.48,D
sz000400,许继电气,2025-10-14 10:50:36,27.48,7500,27.48,D
sz000400,许继电气,2025-10-14 10:50:39,27.48,8900,27.48,D
sz000400,许继电气,2025-10-14 10:50:42,27.47,7300,27.48,D
sz000400,许继电气,2025-10-14 10:50:51,27.46,19500,27.46,D
sz000400,许继电气,2025-10-14 10:50:54,27.46,22200,27.46,U
sz000400,许继电气,2025-10-14 10:50:57,27.44,9700,27.46,D
sz000400,许继电气,2025-10-14 10:51:03,27.44,24800,27.44,D
sz000400,许继电气,2025-10-14 10:51:06,27.44,33800,27.44,D
sz000400,许继电气,2025-10-14 10:51:09,27.45,28900,27.44,U
sz000400,许继电气,2025-10-14 10:51:12,27.45,8600,27.45,U
sz000400,许继电气,2025-10-14 10:51:15,27.45,11900,27.45,U
sz000400,许继电气,2025-10-14 10:51:18,27.44,14200,27.45,D
sz000400,许继电气,2025-10-14 10:51:21,27.44,36200,27.44,U
sz000400,许继电气,2025-10-14 10:51:24,27.44,9100,27.44,U
sz000400,许继电气,2025-10-14 10:51:27,27.44,37800,27.44,U
sz000400,许继电气,2025-10-14 10:51:30,27.43,13400,27.44,D
sz000400,许继电气,2025-10-14 10:51:33,27.44,27200,27.43,U
sz000400,许继电气,2025-10-14 10:51:36,27.45,14700,27.44,U
sz000400,许继电气,2025-10-14 10:51:48,27.45,20200,27.45,D
sz000400,许继电气,2025-10-14 10:51:54,27.45,11400,27.45,D
sz000400,许继电气,2025-10-14 10:52:00,27.47,7700,27.47,U
sz000400,许继电气,2025-10-14 10:52:06,27.46,9200,27.47,D
sz000400,许继电气,2025-10-14 10:52:09,27.47,7400,27.46,U
sz000400,许继电气,2025-10-14 10:52:12,27.46,13600,27.47,D
sz000400,许继电气,2025-10-14 10:52:15,27.46,12300,27.46,D
sz000400,许继电气,2025-10-14 10:52:18,27.46,8100,27.46,D
sz000400,许继电气,2025-10-14 10:52:21,27.45,22400,27.46,D
sz000400,许继电气,2025-10-14 10:52:24,27.45,17200,27.45,D
sz000400,许继电气,2025-10-14 10:52:27,27.45,12700,27.45,D
sz000400,许继电气,2025-10-14 10:52:36,27.44,151800,27.45,D
sz000400,许继电气,2025-10-14 10:52:42,27.43,8900,27.44,E
sz000400,许继电气,2025-10-14 10:52:48,27.42,24200,27.43,D
sz000400,许继电气,2025-10-14 10:52:54,27.42,37700,27.42,D
sz000400,许继电气,2025-10-14 10:52:57,27.42,34600,27.42,D
sz000400,许继电气,2025-10-14 10:53:00,27.43,26500,27.42,U
sz000400,许继电气,2025-10-14 10:53:03,27.42,28400,27.43,D
sz000400,许继电气,2025-10-14 10:53:06,27.43,32200,27.42,U
sz000400,许继电气,2025-10-14 10:53:09,27.42,25100,27.43,D
sz000400,许继电气,2025-10-14 10:53:15,27.42,8400,27.42,U
sz000400,许继电气,2025-10-14 10:53:18,27.41,27100,27.42,D
sz000400,许继电气,2025-10-14 10:53:21,27.41,84000,27.41,D
sz000400,许继电气,2025-10-14 10:53:24,27.41,17600,27.41,D
sz000400,许继电气,2025-10-14 10:53:27,27.41,20300,27.41,D
sz000400,许继电气,2025-10-14 10:53:30,27.42,118800,27.41,U
sz000400,许继电气,2025-10-14 10:53:33,27.41,10000,27.42,U
sz000400,许继电气,2025-10-14 10:53:39,27.41,21800,27.41,D
sz000400,许继电气,2025-10-14 10:53:42,27.41,29300,27.41,D
sz000400,许继电气,2025-10-14 10:53:45,27.41,42900,27.41,D
sz000400,许继电气,2025-10-14 10:53:51,27.41,25700,27.41,D
sz000400,许继电气,2025-10-14 10:53:54,27.41,19100,27.41,D
sz000400,许继电气,2025-10-14 10:53:57,27.41,12400,27.41,D
sz000400,许继电气,2025-10-14 10:54:00,27.41,42700,27.41,D
sz000400,许继电气,2025-10-14 10:54:03,27.41,45000,27.41,U
sz000400,许继电气,2025-10-14 10:54:06,27.4,23400,27.41,D
sz000400,许继电气,2025-10-14 10:54:09,27.41,36900,27.4,E
sz000400,许继电气,2025-10-14 10:54:15,27.4,19500,27.41,D
sz000400,许继电气,2025-10-14 10:54:18,27.4,13300,27.4,D
sz000400,许继电气,2025-10-14 10:54:21,27.4,8800,27.4,D
sz000400,许继电气,2025-10-14 10:54:24,27.4,9000,27.4,D
sz000400,许继电气,2025-10-14 10:54:27,27.4,17500,27.4,D
sz000400,许继电气,2025-10-14 10:54:30,27.4,19600,27.4,D
sz000400,许继电气,2025-10-14 10:54:33,27.4,7500,27.4,D
sz000400,许继电气,2025-10-14 10:54:36,27.4,31400,27.4,D
sz000400,许继电气,2025-10-14 10:54:39,27.4,82500,27.4,D
sz000400,许继电气,2025-10-14 10:54:48,27.41,11600,27.41,D
sz000400,许继电气,2025-10-14 10:54:51,27.41,7300,27.41,U
sz000400,许继电气,2025-10-14 10:55:03,27.41,20700,27.42,D
sz000400,许继电气,2025-10-14 10:55:15,27.42,20600,27.43,D
sz000400,许继电气,2025-10-14 10:55:21,27.43,16800,27.42,U
sz000400,许继电气,2025-10-14 10:55:27,27.42,11200,27.42,D
sz000400,许继电气,2025-10-14 10:55:33,27.42,18300,27.43,D
sz000400,许继电气,2025-10-14 10:55:42,27.42,8100,27.43,D
sz000400,许继电气,2025-10-14 10:55:57,27.43,12100,27.43,D
sz000400,许继电气,2025-10-14 10:56:15,27.42,35100,27.42,D
sz000400,许继电气,2025-10-14 10:56:24,27.43,8900,27.42,U
sz000400,许继电气,2025-10-14 10:56:30,27.43,8800,27.43,U
sz000400,许继电气,2025-10-14 10:56:33,27.43,8400,27.43,U
sz000400,许继电气,2025-10-14 10:56:45,27.41,8600,27.42,D
sz000400,许继电气,2025-10-14 10:56:48,27.41,25700,27.41,D
sz000400,许继电气,2025-10-14 10:56:51,27.42,12100,27.41,U
sz000400,许继电气,2025-10-14 10:56:54,27.41,12900,27.42,D
sz000400,许继电气,2025-10-14 10:56:57,27.42,15600,27.41,U
sz000400,许继电气,2025-10-14 10:57:00,27.42,9300,27.42,D
sz000400,许继电气,2025-10-14 10:57:06,27.41,14000,27.42,D
sz000400,许继电气,2025-10-14 10:57:09,27.41,13500,27.41,D
sz000400,许继电气,2025-10-14 10:57:12,27.41,7400,27.41,D
sz000400,许继电气,2025-10-14 10:57:15,27.41,7600,27.41,D
sz000400,许继电气,2025-10-14 10:57:24,27.41,26200,27.41,D
sz000400,许继电气,2025-10-14 10:57:45,27.41,16300,27.41,U
sz000400,许继电气,2025-10-14 10:57:54,27.4,15100,27.41,D
sz000400,许继电气,2025-10-14 10:57:57,27.4,8200,27.4,D
sz000400,许继电气,2025-10-14 10:58:00,27.41,8100,27.4,U
sz000400,许继电气,2025-10-14 10:58:03,27.41,8500,27.41,U
sz000400,许继电气,2025-10-14 10:58:06,27.41,7400,27.41,U
sz000400,许继电气,2025-10-14 10:58:09,27.41,12900,27.41,U
sz000400,许继电气,2025-10-14 10:58:15,27.4,41400,27.4,D
sz000400,许继电气,2025-10-14 10:58:18,27.4,32300,27.4,D
sz000400,许继电气,2025-10-14 10:58:21,27.4,19800,27.4,D
sz000400,许继电气,2025-10-14 10:58:24,27.4,26800,27.4,D
sz000400,许继电气,2025-10-14 10:58:27,27.41,17200,27.4,U
sz000400,许继电气,2025-10-14 10:58:33,27.4,43200,27.41,D
sz000400,许继电气,2025-10-14 10:58:39,27.41,8800,27.41,U
sz000400,许继电气,2025-10-14 10:58:42,27.4,10700,27.41,D
sz000400,许继电气,2025-10-14 10:58:45,27.4,17200,27.4,D
sz000400,许继电气,2025-10-14 10:58:54,27.39,12500,27.4,D
sz000400,许继电气,2025-10-14 10:59:00,27.4,15000,27.39,U
sz000400,许继电气,2025-10-14 10:59:06,27.4,8500,27.39,U
sz000400,许继电气,2025-10-14 10:59:12,27.4,19400,27.39,U
sz000400,许继电气,2025-10-14 10:59:15,27.39,29400,27.4,D
sz000400,许继电气,2025-10-14 10:59:18,27.39,14600,27.39,D
sz000400,许继电气,2025-10-14 10:59:30,27.39,11400,27.4,D
sz000400,许继电气,2025-10-14 10:59:39,27.38,9200,27.38,D
sz000400,许继电气,2025-10-14 10:59:42,27.38,21800,27.38,D
sz000400,许继电气,2025-10-14 10:59:48,27.37,75200,27.38,D
sz000400,许继电气,2025-10-14 10:59:57,27.37,13900,27.37,D
sz000400,许继电气,2025-10-14 11:00:06,27.36,14900,27.37,D
sz000400,许继电气,2025-10-14 11:00:12,27.36,9300,27.36,D
sz000400,许继电气,2025-10-14 11:00:15,27.36,12500,27.36,D
sz000400,许继电气,2025-10-14 11:00:21,27.37,49400,27.35,U
sz000400,许继电气,2025-10-14 11:00:24,27.37,15600,27.37,U
sz000400,许继电气,2025-10-14 11:00:33,27.36,14495,27.37,D
sz000400,许继电气,2025-10-14 11:00:36,27.36,9400,27.36,D
sz000400,许继电气,2025-10-14 11:00:39,27.37,15600,27.36,U
sz000400,许继电气,2025-10-14 11:00:42,27.36,35800,27.37,D
sz000400,许继电气,2025-10-14 11:00:45,27.36,23000,27.36,U
sz000400,许继电气,2025-10-14 11:00:48,27.37,17200,27.36,U
sz000400,许继电气,2025-10-14 11:00:51,27.36,24700,27.37,D
sz000400,许继电气,2025-10-14 11:01:03,27.36,14600,27.38,D
sz000400,许继电气,2025-10-14 11:01:06,27.37,27100,27.36,D
sz000400,许继电气,2025-10-14 11:01:27,27.39,19800,27.38,U
sz000400,许继电气,2025-10-14 11:01:39,27.4,9700,27.4,U
sz000400,许继电气,2025-10-14 11:01:42,27.4,20800,27.4,U
sz000400,许继电气,2025-10-14 11:01:51,27.42,11400,27.4,U
sz000400,许继电气,2025-10-14 11:02:12,27.44,25700,27.44,U
sz000400,许继电气,2025-10-14 11:02:15,27.44,12400,27.44,U
sz000400,许继电气,2025-10-14 11:02:18,27.43,11500,27.44,D
sz000400,许继电气,2025-10-14 11:02:33,27.45,8000,27.45,U
sz000400,许继电气,2025-10-14 11:02:36,27.45,8000,27.45,U
sz000400,许继电气,2025-10-14 11:02:39,27.45,9300,27.45,D
sz000400,许继电气,2025-10-14 11:02:42,27.46,9500,27.45,U
sz000400,许继电气,2025-10-14 11:02:51,27.46,15400,27.46,U
sz000400,许继电气,2025-10-14 11:02:54,27.46,8700,27.46,U
sz000400,许继电气,2025-10-14 11:03:00,27.46,26500,27.46,U
sz000400,许继电气,2025-10-14 11:03:06,27.45,20700,27.46,D
sz000400,许继电气,2025-10-14 11:03:12,27.44,14400,27.45,D
sz000400,许继电气,2025-10-14 11:03:27,27.43,8800,27.43,D
sz000400,许继电气,2025-10-14 11:03:33,27.43,14500,27.44,D
sz000400,许继电气,2025-10-14 11:03:54,27.43,9600,27.43,D
sz000400,许继电气,2025-10-14 11:04:15,27.41,7900,27.43,D
sz000400,许继电气,2025-10-14 11:04:27,27.4,26900,27.4,D
sz000400,许继电气,2025-10-14 11:04:33,27.39,24600,27.4,D
sz000400,许继电气,2025-10-14 11:04:54,27.4,10200,27.39,U
sz000400,许继电气,2025-10-14 11:04:57,27.39,10400,27.4,D
sz000400,许继电气,2025-10-14 11:05:00,27.4,8600,27.39,U
sz000400,许继电气,2025-10-14 11:05:03,27.38,10100,27.4,D
sz000400,许继电气,2025-10-14 11:05:12,27.38,12600,27.39,D
sz000400,许继电气,2025-10-14 11:05:15,27.38,9700,27.38,D
sz000400,许继电气,2025-10-14 11:05:33,27.37,12800,27.37,D
sz000400,许继电气,2025-10-14 11:05:36,27.38,12900,27.37,U
sz000400,许继电气,2025-10-14 11:05:39,27.38,16100,27.38,D
sz000400,许继电气,2025-10-14 11:06:12,27.38,13600,27.37,U
sz000400,许继电气,2025-10-14 11:06:27,27.36,31300,27.37,D
sz000400,许继电气,2025-10-14 11:06:42,27.36,27100,27.36,U
sz000400,许继电气,2025-10-14 11:06:48,27.35,12900,27.35,D
sz000400,许继电气,2025-10-14 11:06:57,27.36,16900,27.35,U
sz000400,许继电气,2025-10-14 11:07:00,27.34,59800,27.36,D
sz000400,许继电气,2025-10-14 11:07:03,27.33,19500,27.34,D
sz000400,许继电气,2025-10-14 11:07:06,27.34,12900,27.33,U
sz000400,许继电气,2025-10-14 11:07:09,27.33,35700,27.34,D
sz000400,许继电气,2025-10-14 11:07:12,27.33,12000,27.33,D
sz000400,许继电气,2025-10-14 11:07:15,27.32,51600,27.33,D
sz000400,许继电气,2025-10-14 11:07:18,27.32,61800,27.32,U
sz000400,许继电气,2025-10-14 11:07:21,27.32,32400,27.32,U
sz000400,许继电气,2025-10-14 11:07:24,27.32,8600,27.32,D
sz000400,许继电气,2025-10-14 11:07:27,27.31,32100,27.32,D
sz000400,许继电气,2025-10-14 11:07:30,27.31,17300,27.31,D
sz000400,许继电气,2025-10-14 11:07:33,27.33,100400,27.31,U
sz000400,许继电气,2025-10-14 11:07:36,27.31,12700,27.33,D
sz000400,许继电气,2025-10-14 11:07:39,27.31,10600,27.31,D
sz000400,许继电气,2025-10-14 11:07:42,27.31,22200,27.31,D
sz000400,许继电气,2025-10-14 11:07:45,27.31,8500,27.31,D
sz000400,许继电气,2025-10-14 11:07:48,27.31,12700,27.31,D
sz000400,许继电气,2025-10-14 11:07:54,27.32,14100,27.32,D
sz000400,许继电气,2025-10-14 11:08:00,27.31,23200,27.32,D
sz000400,许继电气,2025-10-14 11:08:06,27.31,63000,27.32,D
sz000400,许继电气,2025-10-14 11:08:09,27.31,14000,27.31,D
sz000400,许继电气,2025-10-14 11:08:12,27.3,220300,27.31,D
sz000400,许继电气,2025-10-14 11:08:21,27.25,19000,27.29,D
sz000400,许继电气,2025-10-14 11:08:30,27.21,20400,27.24,D
sz000400,许继电气,2025-10-14 11:08:36,27.22,43300,27.22,U
sz000400,许继电气,2025-10-14 11:08:39,27.22,22800,27.22,D
sz000400,许继电气,2025-10-14 11:08:42,27.21,20900,27.22,D
sz000400,许继电气,2025-10-14 11:08:45,27.21,13300,27.21,U
sz000400,许继电气,2025-10-14 11:08:48,27.21,18600,27.21,U
sz000400,许继电气,2025-10-14 11:08:51,27.18,25700,27.21,D
sz000400,许继电气,2025-10-14 11:08:54,27.16,7400,27.18,D
sz000400,许继电气,2025-10-14 11:08:57,27.16,9100,27.16,D
sz000400,许继电气,2025-10-14 11:09:00,27.16,9600,27.16,D
sz000400,许继电气,2025-10-14 11:09:03,27.14,13500,27.16,D
sz000400,许继电气,2025-10-14 11:09:06,27.13,23600,27.14,D
sz000400,许继电气,2025-10-14 11:09:09,27.1,12900,27.13,D
sz000400,许继电气,2025-10-14 11:09:12,27.12,44500,27.1,E
sz000400,许继电气,2025-10-14 11:09:15,27.1,66800,27.12,D
sz000400,许继电气,2025-10-14 11:09:18,27.1,22600,27.1,D
sz000400,许继电气,2025-10-14 11:09:21,27.11,72000,27.1,E
sz000400,许继电气,2025-10-14 11:09:24,27.1,64800,27.11,D
sz000400,许继电气,2025-10-14 11:09:27,27.1,62200,27.1,D
sz000400,许继电气,2025-10-14 11:09:30,27.09,18500,27.1,D
sz000400,许继电气,2025-10-14 11:09:33,27.1,29800,27.09,U
sz000400,许继电气,2025-10-14 11:09:36,27.1,85400,27.1,U
sz000400,许继电气,2025-10-14 11:09:39,27.14,28000,27.1,U
sz000400,许继电气,2025-10-14 11:09:42,27.12,8000,27.14,D
sz000400,许继电气,2025-10-14 11:09:45,27.15,24500,27.12,U
sz000400,许继电气,2025-10-14 11:09:48,27.14,8700,27.15,D
sz000400,许继电气,2025-10-14 11:09:51,27.14,20900,27.14,D
sz000400,许继电气,2025-10-14 11:09:54,27.13,28500,27.14,D
sz000400,许继电气,2025-10-14 11:09:57,27.14,18200,27.13,U
sz000400,许继电气,2025-10-14 11:10:00,27.13,19200,27.14,D
sz000400,许继电气,2025-10-14 11:10:03,27.13,42800,27.13,U
sz000400,许继电气,2025-10-14 11:10:09,27.13,9105,27.13,D
sz000400,许继电气,2025-10-14 11:10:12,27.15,18700,27.13,U
sz000400,许继电气,2025-10-14 11:10:15,27.16,8300,27.15,U
sz000400,许继电气,2025-10-14 11:10:24,27.16,19300,27.15,U
sz000400,许继电气,2025-10-14 11:10:27,27.16,9400,27.16,U
sz000400,许继电气,2025-10-14 11:10:36,27.18,15700,27.17,U
sz000400,许继电气,2025-10-14 11:10:39,27.15,24000,27.18,D
sz000400,许继电气,2025-10-14 11:10:42,27.15,7900,27.15,U
sz000400,许继电气,2025-10-14 11:10:45,27.15,34700,27.15,U
sz000400,许继电气,2025-10-14 11:10:48,27.13,23100,27.15,D
sz000400,许继电气,2025-10-14 11:10:51,27.13,35800,27.13,D
sz000400,许继电气,2025-10-14 11:11:00,27.14,32700,27.15,E
sz000400,许继电气,2025-10-14 11:11:06,27.14,11200,27.15,D
sz000400,许继电气,2025-10-14 11:11:09,27.15,28600,27.14,U
sz000400,许继电气,2025-10-14 11:11:18,27.16,17500,27.16,U
sz000400,许继电气,2025-10-14 11:11:21,27.16,8100,27.16,U
sz000400,许继电气,2025-10-14 11:11:24,27.17,18400,27.16,U
sz000400,许继电气,2025-10-14 11:11:39,27.17,42800,27.17,U
sz000400,许继电气,2025-10-14 11:11:42,27.15,16400,27.17,D
sz000400,许继电气,2025-10-14 11:11:45,27.15,22500,27.15,U
sz000400,许继电气,2025-10-14 11:11:48,27.15,10900,27.15,D
sz000400,许继电气,2025-10-14 11:11:54,27.14,7900,27.14,D
sz000400,许继电气,2025-10-14 11:11:57,27.15,29600,27.14,U
sz000400,许继电气,2025-10-14 11:12:00,27.15,23100,27.15,D
sz000400,许继电气,2025-10-14 11:12:06,27.15,20500,27.15,D
sz000400,许继电气,2025-10-14 11:12:09,27.15,13700,27.15,D
sz000400,许继电气,2025-10-14 11:12:27,27.15,12700,27.15,D
sz000400,许继电气,2025-10-14 11:12:30,27.15,9000,27.15,D
sz000400,许继电气,2025-10-14 11:12:36,27.15,20200,27.15,U
sz000400,许继电气,2025-10-14 11:12:39,27.14,20400,27.15,D
sz000400,许继电气,2025-10-14 11:12:42,27.14,11000,27.14,D
sz000400,许继电气,2025-10-14 11:12:45,27.13,43100,27.14,D
sz000400,许继电气,2025-10-14 11:12:48,27.12,9200,27.13,D
sz000400,许继电气,2025-10-14 11:12:51,27.13,18600,27.12,U
sz000400,许继电气,2025-10-14 11:12:54,27.12,24700,27.13,D
sz000400,许继电气,2025-10-14 11:12:57,27.12,18995,27.12,D
sz000400,许继电气,2025-10-14 11:13:00,27.11,55000,27.12,D
sz000400,许继电气,2025-10-14 11:13:06,27.12,68405,27.11,U
sz000400,许继电气,2025-10-14 11:13:09,27.12,61000,27.12,D
sz000400,许继电气,2025-10-14 11:13:15,27.13,16300,27.12,D
sz000400,许继电气,2025-10-14 11:13:18,27.13,13800,27.13,D
sz000400,许继电气,2025-10-14 11:13:24,27.14,23500,27.13,D
sz000400,许继电气,2025-10-14 11:13:33,27.14,9600,27.14,U
sz000400,许继电气,2025-10-14 11:13:42,27.14,12067,27.16,D
sz000400,许继电气,2025-10-14 11:13:45,27.15,8900,27.14,E
sz000400,许继电气,2025-10-14 11:13:51,27.15,7500,27.18,D
sz000400,许继电气,2025-10-14 11:14:00,27.16,32000,27.19,D
sz000400,许继电气,2025-10-14 11:14:09,27.18,10700,27.18,E
sz000400,许继电气,2025-10-14 11:14:15,27.18,12100,27.18,U
sz000400,许继电气,2025-10-14 11:14:33,27.16,10500,27.18,D
sz000400,许继电气,2025-10-14 11:14:39,27.18,14200,27.16,U
sz000400,许继电气,2025-10-14 11:14:42,27.15,8200,27.18,D
sz000400,许继电气,2025-10-14 11:14:57,27.17,8500,27.18,D
sz000400,许继电气,2025-10-14 11:15:12,27.18,18500,27.18,U
sz000400,许继电气,2025-10-14 11:15:18,27.18,11900,27.18,U
sz000400,许继电气,2025-10-14 11:15:36,27.16,22200,27.17,D
sz000400,许继电气,2025-10-14 11:15:39,27.16,7500,27.16,U
sz000400,许继电气,2025-10-14 11:15:48,27.16,8000,27.16,U
sz000400,许继电气,2025-10-14 11:15:51,27.16,8900,27.16,D
sz000400,许继电气,2025-10-14 11:15:57,27.16,8200,27.15,U
sz000400,许继电气,2025-10-14 11:16:06,27.17,9400,27.16,U
sz000400,许继电气,2025-10-14 11:16:09,27.16,10800,27.17,D
sz000400,许继电气,2025-10-14 11:16:12,27.16,9600,27.16,D
sz000400,许继电气,2025-10-14 11:16:21,27.16,8800,27.16,U
sz000400,许继电气,2025-10-14 11:16:27,27.15,11600,27.16,D
sz000400,许继电气,2025-10-14 11:16:33,27.15,8800,27.16,D
sz000400,许继电气,2025-10-14 11:16:45,27.16,7500,27.16,D
sz000400,许继电气,2025-10-14 11:16:51,27.17,12200,27.17,U
sz000400,许继电气,2025-10-14 11:17:03,27.17,10300,27.17,D
sz000400,许继电气,2025-10-14 11:17:09,27.17,10900,27.17,U
sz000400,许继电气,2025-10-14 11:17:15,27.17,8100,27.17,U
sz000400,许继电气,2025-10-14 11:17:27,27.16,10800,27.16,D
sz000400,许继电气,2025-10-14 11:17:30,27.16,29200,27.16,D
sz000400,许继电气,2025-10-14 11:17:33,27.16,24700,27.16,U
sz000400,许继电气,2025-10-14 11:17:36,27.14,18100,27.16,D
sz000400,许继电气,2025-10-14 11:17:39,27.14,44300,27.14,D
sz000400,许继电气,2025-10-14 11:17:54,27.12,34300,27.14,D
sz000400,许继电气,2025-10-14 11:18:00,27.12,10000,27.12,D
sz000400,许继电气,2025-10-14 11:18:06,27.12,19200,27.12,D
sz000400,许继电气,2025-10-14 11:18:12,27.11,13000,27.12,D
sz000400,许继电气,2025-10-14 11:18:15,27.1,19300,27.11,D
sz000400,许继电气,2025-10-14 11:18:18,27.1,19000,27.1,D
sz000400,许继电气,2025-10-14 11:18:21,27.1,13400,27.1,D
sz000400,许继电气,2025-10-14 11:18:24,27.11,25900,27.1,U
sz000400,许继电气,2025-10-14 11:18:30,27.1,21100,27.1,D
sz000400,许继电气,2025-10-14 11:18:33,27.1,15800,27.1,D
sz000400,许继电气,2025-10-14 11:18:36,27.09,12100,27.1,D
sz000400,许继电气,2025-10-14 11:18:42,27.09,18800,27.1,D
sz000400,许继电气,2025-10-14 11:18:45,27.09,25000,27.09,D
sz000400,许继电气,2025-10-14 11:18:48,27.09,8200,27.09,D
sz000400,许继电气,2025-10-14 11:18:51,27.07,16500,27.09,D
sz000400,许继电气,2025-10-14 11:18:57,27.07,19400,27.07,D
sz000400,许继电气,2025-10-14 11:19:00,27.06,16700,27.07,D
sz000400,许继电气,2025-10-14 11:19:03,27.06,12000,27.06,U
sz000400,许继电气,2025-10-14 11:19:06,27.05,12100,27.06,D
sz000400,许继电气,2025-10-14 11:19:12,27.03,12400,27.04,D
sz000400,许继电气,2025-10-14 11:19:15,27.04,18400,27.03,U
sz000400,许继电气,2025-10-14 11:19:18,27.03,12700,27.04,D
sz000400,许继电气,2025-10-14 11:19:21,27.03,99400,27.03,D
sz000400,许继电气,2025-10-14 11:19:24,27.03,54700,27.03,D
sz000400,许继电气,2025-10-14 11:19:27,27.01,14500,27.03,D
sz000400,许继电气,2025-10-14 11:19:30,27.02,12700,27.01,U
sz000400,许继电气,2025-10-14 11:19:33,27.01,52000,27.02,D
sz000400,许继电气,2025-10-14 11:19:36,27.01,42000,27.01,D
sz000400,许继电气,2025-10-14 11:19:39,27.01,29900,27.01,D
sz000400,许继电气,2025-10-14 11:19:42,27.01,25500,27.01,D
sz000400,许继电气,2025-10-14 11:19:45,27.0,33700,27.01,D
sz000400,许继电气,2025-10-14 11:19:48,26.99,251400,27.0,D
sz000400,许继电气,2025-10-14 11:19:51,26.99,11200,26.99,D
sz000400,许继电气,2025-10-14 11:19:54,26.96,149100,26.99,D
sz000400,许继电气,2025-10-14 11:19:57,26.97,11000,26.96,E
sz000400,许继电气,2025-10-14 11:20:00,26.99,60000,26.97,U
sz000400,许继电气,2025-10-14 11:20:03,27.0,39000,26.99,U
sz000400,许继电气,2025-10-14 11:20:06,26.99,40100,27.0,D
sz000400,许继电气,2025-10-14 11:20:09,26.99,33100,26.99,D
sz000400,许继电气,2025-10-14 11:20:12,26.97,32000,26.99,D
sz000400,许继电气,2025-10-14 11:20:15,26.99,43300,26.97,U
sz000400,许继电气,2025-10-14 11:20:18,26.99,30300,26.99,D
sz000400,许继电气,2025-10-14 11:20:21,26.99,21300,26.99,D
sz000400,许继电气,2025-10-14 11:20:24,26.99,89400,26.99,U
sz000400,许继电气,2025-10-14 11:20:27,26.99,9600,26.99,U
sz000400,许继电气,2025-10-14 11:20:30,26.97,56800,26.99,D
sz000400,许继电气,2025-10-14 11:20:33,26.97,16300,26.97,D
sz000400,许继电气,2025-10-14 11:20:36,27.0,12900,26.97,U
sz000400,许继电气,2025-10-14 11:20:39,26.99,24000,27.0,D
sz000400,许继电气,2025-10-14 11:20:45,27.0,30800,26.99,U
sz000400,许继电气,2025-10-14 11:20:51,27.01,12900,27.0,U
sz000400,许继电气,2025-10-14 11:20:57,27.0,10000,27.0,D
sz000400,许继电气,2025-10-14 11:21:15,27.04,22200,27.02,U
sz000400,许继电气,2025-10-14 11:21:18,27.02,9800,27.04,D
sz000400,许继电气,2025-10-14 11:21:21,27.04,12900,27.02,U
sz000400,许继电气,2025-10-14 11:21:24,27.01,11300,27.04,D
sz000400,许继电气,2025-10-14 11:21:33,27.02,7600,27.01,U
sz000400,许继电气,2025-10-14 11:21:39,27.02,22100,27.02,D
sz000400,许继电气,2025-10-14 11:21:51,27.0,39600,27.02,D
sz000400,许继电气,2025-10-14 11:21:54,27.0,32300,27.0,D
sz000400,许继电气,2025-10-14 11:22:00,27.0,11000,27.0,U
sz000400,许继电气,2025-10-14 11:22:09,26.99,7800,27.0,D
sz000400,许继电气,2025-10-14 11:22:12,26.99,8000,26.99,D
sz000400,许继电气,2025-10-14 11:22:15,27.0,11300,26.99,U
sz000400,许继电气,2025-10-14 11:22:18,27.0,14400,27.0,U
sz000400,许继电气,2025-10-14 11:22:21,26.99,15600,27.0,D
sz000400,许继电气,2025-10-14 11:22:24,26.99,38600,26.99,D
sz000400,许继电气,2025-10-14 11:22:30,26.98,16400,26.99,D
sz000400,许继电气,2025-10-14 11:22:36,26.97,7600,26.97,D
sz000400,许继电气,2025-10-14 11:22:39,26.97,8500,26.97,D
sz000400,许继电气,2025-10-14 11:22:42,26.97,9000,26.97,D
sz000400,许继电气,2025-10-14 11:22:51,26.97,49600,26.96,U
sz000400,许继电气,2025-10-14 11:22:54,26.96,24600,26.97,D
sz000400,许继电气,2025-10-14 11:22:57,26.98,72200,26.96,U
sz000400,许继电气,2025-10-14 11:23:03,26.99,11600,26.98,U
sz000400,许继电气,2025-10-14 11:23:06,26.99,46900,26.99,E
sz000400,许继电气,2025-10-14 11:23:12,27.02,11100,27.0,U
sz000400,许继电气,2025-10-14 11:23:21,27.02,10900,27.01,D
sz000400,许继电气,2025-10-14 11:23:24,27.01,7600,27.02,D
sz000400,许继电气,2025-10-14 11:23:27,27.02,8600,27.01,E
sz000400,许继电气,2025-10-14 11:23:30,27.01,18300,27.02,D
sz000400,许继电气,2025-10-14 11:23:39,27.02,15200,27.01,E
sz000400,许继电气,2025-10-14 11:23:42,27.01,47900,27.02,D
sz000400,许继电气,2025-10-14 11:23:48,27.01,10800,27.01,D
sz000400,许继电气,2025-10-14 11:23:57,27.0,11600,27.0,D
sz000400,许继电气,2025-10-14 11:24:12,27.01,26500,27.02,E
sz000400,许继电气,2025-10-14 11:24:27,27.02,52600,27.02,U
sz000400,许继电气,2025-10-14 11:24:39,27.01,10600,27.01,D
sz000400,许继电气,2025-10-14 11:24:42,27.01,15100,27.01,D
sz000400,许继电气,2025-10-14 11:25:24,27.06,8100,27.07,D
sz000400,许继电气,2025-10-14 11:25:36,27.08,15100,27.08,U
sz000400,许继电气,2025-10-14 11:25:51,27.1,10100,27.09,U
sz000400,许继电气,2025-10-14 11:25:54,27.11,15100,27.1,U
sz000400,许继电气,2025-10-14 11:26:09,27.13,17300,27.13,U
sz000400,许继电气,2025-10-14 11:26:24,27.15,42400,27.15,U
sz000400,许继电气,2025-10-14 11:26:27,27.15,15700,27.15,U
sz000400,许继电气,2025-10-14 11:26:30,27.15,9100,27.15,U
sz000400,许继电气,2025-10-14 11:26:33,27.16,13700,27.15,U
sz000400,许继电气,2025-10-14 11:26:39,27.16,7700,27.15,U
sz000400,许继电气,2025-10-14 11:26:42,27.17,31000,27.16,U
sz000400,许继电气,2025-10-14 11:26:51,27.18,9800,27.18,U
sz000400,许继电气,2025-10-14 11:27:06,27.18,12300,27.2,D
sz000400,许继电气,2025-10-14 11:27:09,27.19,43100,27.18,E
sz000400,许继电气,2025-10-14 11:27:12,27.18,30400,27.19,D
sz000400,许继电气,2025-10-14 11:27:15,27.18,8300,27.18,D
sz000400,许继电气,2025-10-14 11:27:21,27.18,8400,27.18,U
sz000400,许继电气,2025-10-14 11:27:24,27.17,15500,27.18,D
sz000400,许继电气,2025-10-14 11:27:30,27.17,8000,27.18,D
sz000400,许继电气,2025-10-14 11:27:36,27.17,22100,27.16,U
sz000400,许继电气,2025-10-14 11:27:39,27.17,21000,27.17,U
sz000400,许继电气,2025-10-14 11:27:45,27.19,48600,27.18,U
sz000400,许继电气,2025-10-14 11:28:00,27.19,9300,27.18,U
sz000400,许继电气,2025-10-14 11:28:03,27.19,12900,27.19,D
sz000400,许继电气,2025-10-14 11:28:06,27.2,9900,27.19,U
sz000400,许继电气,2025-10-14 11:28:09,27.19,32600,27.2,D
sz000400,许继电气,2025-10-14 11:28:21,27.2,11400,27.2,D
sz000400,许继电气,2025-10-14 11:28:36,27.21,8100,27.22,D
sz000400,许继电气,2025-10-14 11:28:42,27.22,9400,27.21,U
sz000400,许继电气,2025-10-14 11:28:54,27.23,10600,27.23,U
sz000400,许继电气,2025-10-14 11:29:06,27.25,37600,27.24,U
sz000400,许继电气,2025-10-14 11:29:12,27.27,20900,27.26,U
sz000400,许继电气,2025-10-14 11:29:42,27.3,24100,27.29,U
sz000400,许继电气,2025-10-14 11:29:48,27.31,11500,27.3,U
sz000400,许继电气,2025-10-14 11:29:54,27.33,9700,27.31,U
sz000400,许继电气,2025-10-14 13:00:00,27.35,64500,27.33,U
sz000400,许继电气,2025-10-14 13:00:03,27.3,132600,27.35,D
sz000400,许继电气,2025-10-14 13:00:09,27.27,13000,27.3,D
sz000400,许继电气,2025-10-14 13:00:18,27.22,10000,27.24,D
sz000400,许继电气,2025-10-14 13:01:18,27.19,26800,27.18,U
sz000400,许继电气,2025-10-14 13:01:30,27.17,25900,27.19,D
sz000400,许继电气,2025-10-14 13:01:54,27.15,19500,27.16,D
sz000400,许继电气,2025-10-14 13:02:51,27.1,13100,27.1,D
sz000400,许继电气,2025-10-14 13:03:06,27.07,16500,27.09,D
sz000400,许继电气,2025-10-14 13:03:33,27.07,20500,27.07,U
sz000400,许继电气,2025-10-14 13:04:00,27.05,9700,27.05,D
sz000400,许继电气,2025-10-14 13:04:03,27.03,12400,27.05,D
sz000400,许继电气,2025-10-14 13:04:27,27.04,9800,27.03,U
sz000400,许继电气,2025-10-14 13:04:54,27.03,27300,27.03,U
sz000400,许继电气,2025-10-14 13:05:00,27.02,58500,27.03,D
sz000400,许继电气,2025-10-14 13:05:12,27.02,9400,27.0,U
sz000400,许继电气,2025-10-14 13:05:21,27.01,8000,27.0,D
sz000400,许继电气,2025-10-14 13:05:27,27.0,17600,27.01,D
sz000400,许继电气,2025-10-14 13:05:30,27.01,8500,27.0,U
sz000400,许继电气,2025-10-14 13:05:39,27.0,19900,27.01,D
sz000400,许继电气,2025-10-14 13:05:42,27.0,42100,27.0,D
sz000400,许继电气,2025-10-14 13:05:48,27.0,13100,27.0,D
sz000400,许继电气,2025-10-14 13:05:57,26.99,23300,27.0,D
sz000400,许继电气,2025-10-14 13:06:00,27.0,11600,26.99,U
sz000400,许继电气,2025-10-14 13:06:09,27.0,30600,26.98,U
sz000400,许继电气,2025-10-14 13:06:18,26.99,13900,26.99,U
sz000400,许继电气,2025-10-14 13:06:21,26.99,16500,26.99,U
sz000400,许继电气,2025-10-14 13:06:24,26.98,11600,26.99,D
sz000400,许继电气,2025-10-14 13:06:30,26.98,13300,26.98,D
sz000400,许继电气,2025-10-14 13:06:36,26.98,15800,26.99,D
sz000400,许继电气,2025-10-14 13:06:42,26.98,10000,26.98,D
sz000400,许继电气,2025-10-14 13:06:48,27.0,40200,26.98,U
sz000400,许继电气,2025-10-14 13:06:54,27.0,13700,27.0,U
sz000400,许继电气,2025-10-14 13:07:00,26.98,16700,27.0,D
sz000400,许继电气,2025-10-14 13:07:15,27.0,37100,27.0,U
sz000400,许继电气,2025-10-14 13:07:21,27.0,7700,27.0,D
sz000400,许继电气,2025-10-14 13:07:30,27.0,21700,27.01,D
sz000400,许继电气,2025-10-14 13:08:45,27.08,26000,27.09,D
sz000400,许继电气,2025-10-14 13:09:06,27.04,14000,27.04,U
sz000400,许继电气,2025-10-14 13:09:15,27.0,11000,27.01,D
sz000400,许继电气,2025-10-14 13:09:18,27.02,8600,27.0,U
sz000400,许继电气,2025-10-14 13:09:21,27.02,8200,27.02,D
sz000400,许继电气,2025-10-14 13:09:57,27.02,11100,27.02,U
sz000400,许继电气,2025-10-14 13:10:09,27.02,7500,27.02,D
sz000400,许继电气,2025-10-14 13:10:12,27.02,14500,27.02,D
sz000400,许继电气,2025-10-14 13:11:33,27.02,12000,27.02,U
sz000400,许继电气,2025-10-14 13:11:57,27.01,10700,27.01,U
sz000400,许继电气,2025-10-14 13:12:00,27.01,11500,27.01,U
sz000400,许继电气,2025-10-14 13:12:03,27.01,7900,27.01,U
sz000400,许继电气,2025-10-14 13:12:12,27.0,58900,27.0,D
sz000400,许继电气,2025-10-14 13:12:48,27.0,18800,27.0,U
sz000400,许继电气,2025-10-14 13:12:51,27.0,37000,27.0,U
sz000400,许继电气,2025-10-14 13:13:12,27.0,9600,26.99,U
sz000400,许继电气,2025-10-14 13:13:24,27.0,10300,26.99,U
sz000400,许继电气,2025-10-14 13:13:27,26.99,8300,27.0,D
sz000400,许继电气,2025-10-14 13:13:36,27.0,17800,26.99,U
sz000400,许继电气,2025-10-14 13:13:39,27.0,41700,27.0,U
sz000400,许继电气,2025-10-14 13:13:45,27.01,22200,27.01,U
sz000400,许继电气,2025-10-14 13:13:48,27.0,29700,27.01,D
sz000400,许继电气,2025-10-14 13:13:57,27.01,9600,27.0,U
sz000400,许继电气,2025-10-14 13:14:06,27.0,9300,27.0,D
sz000400,许继电气,2025-10-14 13:14:24,26.99,23600,27.0,D
sz000400,许继电气,2025-10-14 13:14:42,26.99,22200,26.98,U
sz000400,许继电气,2025-10-14 13:14:45,26.99,8200,26.99,D
sz000400,许继电气,2025-10-14 13:14:54,26.99,10000,26.99,D
sz000400,许继电气,2025-10-14 13:15:06,26.99,19100,26.99,U
sz000400,许继电气,2025-10-14 13:15:09,27.0,19500,26.99,U
sz000400,许继电气,2025-10-14 13:15:12,27.0,21600,27.0,U
sz000400,许继电气,2025-10-14 13:15:33,27.02,11500,27.01,U
sz000400,许继电气,2025-10-14 13:15:39,27.04,8600,27.02,U
sz000400,许继电气,2025-10-14 13:15:57,27.05,10000,27.02,U
sz000400,许继电气,2025-10-14 13:16:12,27.05,26300,27.04,U
sz000400,许继电气,2025-10-14 13:16:27,27.05,10400,27.06,D
sz000400,许继电气,2025-10-14 13:16:57,27.06,7500,27.05,U
sz000400,许继电气,2025-10-14 13:19:09,27.09,34000,27.12,D
sz000400,许继电气,2025-10-14 13:19:12,27.06,20700,27.09,D
sz000400,许继电气,2025-10-14 13:20:00,27.08,11600,27.09,D
sz000400,许继电气,2025-10-14 13:20:42,27.06,48500,27.08,D
sz000400,许继电气,2025-10-14 13:21:06,27.1,28900,27.1,U
sz000400,许继电气,2025-10-14 13:21:09,27.1,7400,27.1,D
sz000400,许继电气,2025-10-14 13:21:33,27.12,10100,27.11,U
sz000400,许继电气,2025-10-14 13:21:42,27.12,7400,27.12,D
sz000400,许继电气,2025-10-14 13:22:12,27.15,10200,27.15,U
sz000400,许继电气,2025-10-14 13:22:48,27.17,31400,27.18,D
sz000400,许继电气,2025-10-14 13:22:57,27.17,7700,27.18,D
sz000400,许继电气,2025-10-14 13:23:09,27.18,9800,27.18,D
sz000400,许继电气,2025-10-14 13:23:12,27.19,9900,27.18,U
sz000400,许继电气,2025-10-14 13:23:24,27.19,26500,27.19,D
sz000400,许继电气,2025-10-14 13:23:57,27.19,14900,27.19,U
sz000400,许继电气,2025-10-14 13:24:00,27.19,9100,27.19,U
sz000400,许继电气,2025-10-14 13:24:21,27.17,9300,27.17,D
sz000400,许继电气,2025-10-14 13:24:30,27.17,10200,27.18,D
sz000400,许继电气,2025-10-14 13:24:42,27.17,36300,27.17,D
sz000400,许继电气,2025-10-14 13:24:48,27.18,9200,27.18,D
sz000400,许继电气,2025-10-14 13:25:09,27.16,15700,27.17,D
sz000400,许继电气,2025-10-14 13:25:21,27.16,7400,27.17,D
sz000400,许继电气,2025-10-14 13:25:36,27.17,8100,27.16,U
sz000400,许继电气,2025-10-14 13:26:39,27.17,8600,27.17,D
sz000400,许继电气,2025-10-14 13:26:45,27.17,9200,27.17,U
sz000400,许继电气,2025-10-14 13:26:48,27.16,7400,27.17,D
sz000400,许继电气,2025-10-14 13:27:03,27.15,11000,27.16,D
sz000400,许继电气,2025-10-14 13:27:06,27.13,15700,27.15,D
sz000400,许继电气,2025-10-14 13:27:12,27.16,7500,27.14,U
sz000400,许继电气,2025-10-14 13:28:03,27.16,7500,27.16,U
sz000400,许继电气,2025-10-14 13:28:21,27.18,9100,27.17,U
sz000400,许继电气,2025-10-14 13:28:36,27.16,12500,27.18,D
sz000400,许继电气,2025-10-14 13:29:30,27.15,10200,27.15,U
sz000400,许继电气,2025-10-14 13:29:36,27.14,8200,27.15,D
sz000400,许继电气,2025-10-14 13:29:39,27.13,13700,27.14,D
sz000400,许继电气,2025-10-14 13:29:48,27.1,8800,27.12,D
sz000400,许继电气,2025-10-14 13:31:39,27.18,26900,27.16,U
sz000400,许继电气,2025-10-14 13:31:45,27.18,39300,27.16,U
sz000400,许继电气,2025-10-14 13:31:51,27.16,10200,27.17,D
sz000400,许继电气,2025-10-14 13:32:36,27.18,13200,27.17,U
sz000400,许继电气,2025-10-14 13:33:21,27.19,10100,27.19,D
sz000400,许继电气,2025-10-14 13:33:42,27.17,11500,27.17,U
sz000400,许继电气,2025-10-14 13:33:45,27.16,36500,27.17,D
sz000400,许继电气,2025-10-14 13:34:12,27.12,8400,27.12,D
sz000400,许继电气,2025-10-14 13:34:24,27.12,12800,27.12,U
sz000400,许继电气,2025-10-14 13:34:30,27.1,10500,27.11,D
sz000400,许继电气,2025-10-14 13:35:06,27.1,7500,27.09,U
sz000400,许继电气,2025-10-14 13:36:18,27.09,10800,27.1,D
sz000400,许继电气,2025-10-14 13:36:57,27.07,13700,27.08,D
sz000400,许继电气,2025-10-14 13:37:27,27.05,15100,27.06,D
sz000400,许继电气,2025-10-14 13:38:03,27.04,8300,27.06,D
sz000400,许继电气,2025-10-14 13:38:18,27.04,9500,27.03,U
sz000400,许继电气,2025-10-14 13:38:30,27.04,24700,27.04,D
sz000400,许继电气,2025-10-14 13:38:36,27.05,10600,27.05,U
sz000400,许继电气,2025-10-14 13:38:39,27.04,9800,27.05,D
sz000400,许继电气,2025-10-14 13:39:09,27.03,10400,27.02,U
sz000400,许继电气,2025-10-14 13:40:03,27.02,15900,27.03,D
sz000400,许继电气,2025-10-14 13:40:09,27.01,41000,27.01,D
sz000400,许继电气,2025-10-14 13:40:15,27.01,14900,27.01,D
sz000400,许继电气,2025-10-14 13:40:27,27.02,15400,27.02,U
sz000400,许继电气,2025-10-14 13:40:33,27.01,11000,27.02,D
sz000400,许继电气,2025-10-14 13:40:36,27.02,7700,27.01,U
sz000400,许继电气,2025-10-14 13:40:39,27.02,7700,27.02,D
sz000400,许继电气,2025-10-14 13:41:03,27.02,8200,27.02,U
sz000400,许继电气,2025-10-14 13:41:06,27.01,9700,27.02,D
sz000400,许继电气,2025-10-14 13:41:33,27.03,8900,27.02,U
sz000400,许继电气,2025-10-14 13:41:39,27.03,9400,27.03,D
sz000400,许继电气,2025-10-14 13:42:06,27.03,8000,27.03,U
sz000400,许继电气,2025-10-14 13:42:45,27.02,16300,27.03,D
sz000400,许继电气,2025-10-14 13:42:51,27.04,12900,27.02,U
sz000400,许继电气,2025-10-14 13:43:09,27.01,26600,27.02,D
sz000400,许继电气,2025-10-14 13:43:51,27.05,7600,27.05,U
sz000400,许继电气,2025-10-14 13:45:24,27.05,9700,27.05,D
sz000400,许继电气,2025-10-14 13:45:33,27.05,10200,27.05,D
sz000400,许继电气,2025-10-14 13:45:51,27.03,8000,27.05,D
sz000400,许继电气,2025-10-14 13:46:03,27.03,8300,27.03,D
sz000400,许继电气,2025-10-14 13:46:12,27.03,7600,27.03,D
sz000400,许继电气,2025-10-14 13:46:24,27.02,10600,27.03,D
sz000400,许继电气,2025-10-14 13:46:33,27.02,8900,27.02,D
sz000400,许继电气,2025-10-14 13:46:54,27.02,49000,27.01,U
sz000400,许继电气,2025-10-14 13:47:18,27.03,7400,27.03,D
sz000400,许继电气,2025-10-14 13:47:21,27.03,80900,27.03,D
sz000400,许继电气,2025-10-14 13:47:42,27.06,10000,27.03,U
sz000400,许继电气,2025-10-14 13:49:00,27.04,22200,27.05,D
sz000400,许继电气,2025-10-14 13:49:39,27.04,14000,27.04,U
sz000400,许继电气,2025-10-14 13:50:57,27.03,10000,27.04,D
sz000400,许继电气,2025-10-14 13:51:06,27.02,20000,27.02,D
sz000400,许继电气,2025-10-14 13:51:09,27.03,42100,27.02,U
sz000400,许继电气,2025-10-14 13:51:12,27.04,8000,27.03,U
sz000400,许继电气,2025-10-14 13:51:24,27.03,8000,27.03,D
sz000400,许继电气,2025-10-14 13:51:33,27.02,19100,27.03,D
sz000400,许继电气,2025-10-14 13:52:06,27.03,14400,27.02,U
sz000400,许继电气,2025-10-14 13:52:48,27.04,8000,27.05,D
sz000400,许继电气,2025-10-14 13:53:03,27.05,18800,27.05,U
sz000400,许继电气,2025-10-14 13:54:45,27.05,10000,27.06,D
sz000400,许继电气,2025-10-14 13:54:57,27.06,12200,27.05,U
sz000400,许继电气,2025-10-14 13:55:12,27.02,39900,27.05,D
sz000400,许继电气,2025-10-14 13:55:39,27.03,20400,27.05,D
sz000400,许继电气,2025-10-14 13:56:15,27.05,8800,27.04,U
sz000400,许继电气,2025-10-14 13:57:09,27.04,7500,27.04,D
sz000400,许继电气,2025-10-14 13:57:30,27.03,35000,27.03,D
sz000400,许继电气,2025-10-14 13:57:45,27.01,11400,27.01,D
sz000400,许继电气,2025-10-14 13:57:48,27.01,8000,27.01,D
sz000400,许继电气,2025-10-14 13:57:57,27.01,11200,27.01,D
sz000400,许继电气,2025-10-14 13:58:06,27.01,24000,27.02,D
sz000400,许继电气,2025-10-14 13:58:09,27.01,13100,27.01,D
sz000400,许继电气,2025-10-14 13:58:15,27.01,7900,27.01,D
sz000400,许继电气,2025-10-14 13:58:18,27.01,49200,27.01,D
sz000400,许继电气,2025-10-14 13:58:39,27.0,14900,27.0,D
sz000400,许继电气,2025-10-14 13:58:51,27.0,42200,27.0,D
sz000400,许继电气,2025-10-14 13:58:54,27.0,17700,27.0,D
sz000400,许继电气,2025-10-14 13:58:57,27.0,56600,27.0,D
sz000400,许继电气,2025-10-14 13:59:00,27.0,11100,27.0,D
sz000400,许继电气,2025-10-14 13:59:03,27.0,35200,27.0,D
sz000400,许继电气,2025-10-14 13:59:06,27.0,35500,27.0,D
sz000400,许继电气,2025-10-14 13:59:09,26.99,64900,27.0,D
sz000400,许继电气,2025-10-14 13:59:33,26.98,8400,26.99,D
sz000400,许继电气,2025-10-14 13:59:39,26.98,9500,26.98,D
sz000400,许继电气,2025-10-14 13:59:45,26.99,9600,26.98,U
sz000400,许继电气,2025-10-14 13:59:48,26.99,24300,26.99,U
sz000400,许继电气,2025-10-14 13:59:51,26.98,21700,26.99,D
sz000400,许继电气,2025-10-14 14:00:03,26.98,9900,26.98,D
sz000400,许继电气,2025-10-14 14:00:09,26.98,9500,26.99,D
sz000400,许继电气,2025-10-14 14:00:18,26.97,8700,26.97,D
sz000400,许继电气,2025-10-14 14:00:27,26.97,8200,26.97,D
sz000400,许继电气,2025-10-14 14:00:30,26.97,7800,26.97,D
sz000400,许继电气,2025-10-14 14:00:33,26.97,10200,26.97,D
sz000400,许继电气,2025-10-14 14:00:39,26.97,41400,26.97,U
sz000400,许继电气,2025-10-14 14:00:51,26.96,17000,26.96,D
sz000400,许继电气,2025-10-14 14:00:54,26.96,13600,26.96,D
sz000400,许继电气,2025-10-14 14:00:57,26.96,28600,26.96,D
sz000400,许继电气,2025-10-14 14:01:00,26.95,11200,26.96,D
sz000400,许继电气,2025-10-14 14:01:03,26.93,50500,26.95,D
sz000400,许继电气,2025-10-14 14:01:12,26.93,11000,26.93,U
sz000400,许继电气,2025-10-14 14:01:15,26.9,13800,26.93,D
sz000400,许继电气,2025-10-14 14:01:18,26.9,9500,26.9,D
sz000400,许继电气,2025-10-14 14:01:21,26.9,18700,26.9,D
sz000400,许继电气,2025-10-14 14:01:24,26.9,79900,26.9,D
sz000400,许继电气,2025-10-14 14:01:27,26.89,48000,26.9,D
sz000400,许继电气,2025-10-14 14:01:30,26.89,8000,26.89,D
sz000400,许继电气,2025-10-14 14:01:33,26.88,10300,26.89,D
sz000400,许继电气,2025-10-14 14:01:36,26.88,57500,26.88,D
sz000400,许继电气,2025-10-14 14:01:39,26.88,28800,26.88,D
sz000400,许继电气,2025-10-14 14:01:42,26.88,37200,26.88,D
sz000400,许继电气,2025-10-14 14:01:48,26.87,21000,26.87,D
sz000400,许继电气,2025-10-14 14:01:57,26.86,27800,26.85,U
sz000400,许继电气,2025-10-14 14:02:00,26.86,17100,26.86,D
sz000400,许继电气,2025-10-14 14:02:03,26.86,16300,26.86,D
sz000400,许继电气,2025-10-14 14:02:06,26.86,20500,26.86,D
sz000400,许继电气,2025-10-14 14:02:09,26.87,14400,26.86,U
sz000400,许继电气,2025-10-14 14:02:12,26.9,349200,26.87,U
sz000400,许继电气,2025-10-14 14:02:15,26.95,14600,26.9,U
sz000400,许继电气,2025-10-14 14:02:18,26.97,57600,26.95,U
sz000400,许继电气,2025-10-14 14:02:30,26.95,18600,26.98,D
sz000400,许继电气,2025-10-14 14:02:33,26.93,24900,26.95,D
sz000400,许继电气,2025-10-14 14:03:03,26.93,8200,26.93,U
sz000400,许继电气,2025-10-14 14:03:06,26.92,14400,26.93,D
sz000400,许继电气,2025-10-14 14:03:36,26.93,12800,26.95,D
sz000400,许继电气,2025-10-14 14:04:06,26.93,8500,26.93,U
sz000400,许继电气,2025-10-14 14:04:21,26.96,11400,26.95,U
sz000400,许继电气,2025-10-14 14:04:57,26.97,16700,26.98,D
sz000400,许继电气,2025-10-14 14:05:48,26.92,8800,26.93,D
sz000400,许继电气,2025-10-14 14:05:51,26.93,9600,26.92,U
sz000400,许继电气,2025-10-14 14:05:54,26.93,28000,26.93,U
sz000400,许继电气,2025-10-14 14:06:15,26.9,11100,26.91,D
sz000400,许继电气,2025-10-14 14:06:24,26.9,7700,26.91,D
sz000400,许继电气,2025-10-14 14:06:33,26.9,13000,26.9,D
sz000400,许继电气,2025-10-14 14:06:39,26.91,7700,26.9,U
sz000400,许继电气,2025-10-14 14:06:48,26.9,35100,26.9,D
sz000400,许继电气,2025-10-14 14:06:54,26.89,7900,26.9,D
sz000400,许继电气,2025-10-14 14:07:18,26.88,44800,26.88,U
sz000400,许继电气,2025-10-14 14:07:21,26.89,20100,26.88,U
sz000400,许继电气,2025-10-14 14:07:24,26.9,34700,26.89,U
sz000400,许继电气,2025-10-14 14:07:27,26.9,12700,26.9,D
sz000400,许继电气,2025-10-14 14:07:33,26.9,8100,26.91,D
sz000400,许继电气,2025-10-14 14:07:36,26.91,66100,26.9,U
sz000400,许继电气,2025-10-14 14:07:39,26.91,24900,26.91,U
sz000400,许继电气,2025-10-14 14:07:42,26.9,40600,26.91,D
sz000400,许继电气,2025-10-14 14:07:45,26.9,17100,26.9,D
sz000400,许继电气,2025-10-14 14:07:57,26.9,9100,26.9,D
sz000400,许继电气,2025-10-14 14:08:00,26.9,25300,26.9,D
sz000400,许继电气,2025-10-14 14:08:06,26.91,29500,26.91,U
sz000400,许继电气,2025-10-14 14:08:15,26.92,12200,26.91,U
sz000400,许继电气,2025-10-14 14:08:30,26.9,10300,26.9,D
sz000400,许继电气,2025-10-14 14:09:15,26.89,8400,26.89,D
sz000400,许继电气,2025-10-14 14:09:27,26.89,11800,26.89,U
sz000400,许继电气,2025-10-14 14:09:39,26.87,12800,26.87,D
sz000400,许继电气,2025-10-14 14:09:51,26.86,13400,26.86,D
sz000400,许继电气,2025-10-14 14:09:57,26.86,8900,26.85,U
sz000400,许继电气,2025-10-14 14:10:00,26.85,42300,26.86,D
sz000400,许继电气,2025-10-14 14:10:09,26.84,13200,26.84,D
sz000400,许继电气,2025-10-14 14:10:12,26.83,13200,26.84,D
sz000400,许继电气,2025-10-14 14:10:21,26.82,15600,26.83,D
sz000400,许继电气,2025-10-14 14:10:30,26.81,11300,26.81,D
sz000400,许继电气,2025-10-14 14:10:33,26.81,11600,26.81,D
sz000400,许继电气,2025-10-14 14:10:36,26.81,15800,26.81,D
sz000400,许继电气,2025-10-14 14:10:39,26.81,19800,26.81,D
sz000400,许继电气,2025-10-14 14:10:42,26.8,11400,26.81,D
sz000400,许继电气,2025-10-14 14:10:45,26.8,26600,26.8,D
sz000400,许继电气,2025-10-14 14:10:48,26.8,116300,26.8,D
sz000400,许继电气,2025-10-14 14:10:51,26.81,13800,26.8,U
sz000400,许继电气,2025-10-14 14:10:54,26.8,14900,26.81,D
sz000400,许继电气,2025-10-14 14:10:57,26.8,17400,26.8,D
sz000400,许继电气,2025-10-14 14:11:00,26.8,12500,26.8,D
sz000400,许继电气,2025-10-14 14:11:03,26.8,26200,26.8,D
sz000400,许继电气,2025-10-14 14:11:06,26.81,13100,26.8,U
sz000400,许继电气,2025-10-14 14:11:09,26.8,38700,26.81,D
sz000400,许继电气,2025-10-14 14:11:15,26.8,23000,26.8,D
sz000400,许继电气,2025-10-14 14:11:21,26.79,9500,26.8,D
sz000400,许继电气,2025-10-14 14:11:24,26.8,18700,26.79,U
sz000400,许继电气,2025-10-14 14:11:27,26.79,20300,26.8,D
sz000400,许继电气,2025-10-14 14:11:30,26.79,11900,26.79,D
sz000400,许继电气,2025-10-14 14:11:33,26.79,8600,26.79,D
sz000400,许继电气,2025-10-14 14:11:42,26.79,16000,26.79,U
sz000400,许继电气,2025-10-14 14:11:48,26.78,28800,26.79,D
sz000400,许继电气,2025-10-14 14:11:51,26.78,12700,26.78,U
sz000400,许继电气,2025-10-14 14:11:54,26.78,13600,26.78,U
sz000400,许继电气,2025-10-14 14:11:57,26.77,44200,26.78,D
sz000400,许继电气,2025-10-14 14:12:00,26.78,13500,26.77,D
sz000400,许继电气,2025-10-14 14:12:03,26.77,14000,26.78,D
sz000400,许继电气,2025-10-14 14:12:06,26.77,18800,26.77,D
sz000400,许继电气,2025-10-14 14:12:12,26.77,8000,26.77,U
sz000400,许继电气,2025-10-14 14:12:15,26.76,13300,26.77,D
sz000400,许继电气,2025-10-14 14:12:18,26.76,53300,26.76,U
sz000400,许继电气,2025-10-14 14:12:21,26.75,36400,26.76,D
sz000400,许继电气,2025-10-14 14:12:24,26.75,36300,26.75,D
sz000400,许继电气,2025-10-14 14:12:30,26.75,23100,26.75,U
sz000400,许继电气,2025-10-14 14:12:33,26.75,31800,26.75,U
sz000400,许继电气,2025-10-14 14:12:39,26.77,14300,26.77,U
sz000400,许继电气,2025-10-14 14:12:42,26.76,68200,26.77,D
sz000400,许继电气,2025-10-14 14:12:48,26.76,33100,26.76,U
sz000400,许继电气,2025-10-14 14:12:51,26.74,18000,26.76,D
sz000400,许继电气,2025-10-14 14:12:54,26.75,12500,26.74,U
sz000400,许继电气,2025-10-14 14:12:57,26.76,37000,26.75,U
sz000400,许继电气,2025-10-14 14:13:00,26.76,29000,26.76,D
sz000400,许继电气,2025-10-14 14:13:03,26.75,8800,26.76,D
sz000400,许继电气,2025-10-14 14:13:09,26.75,15100,26.76,D
sz000400,许继电气,2025-10-14 14:13:15,26.75,31800,26.76,D
sz000400,许继电气,2025-10-14 14:13:21,26.75,17300,26.75,D
sz000400,许继电气,2025-10-14 14:13:24,26.74,26200,26.75,D
sz000400,许继电气,2025-10-14 14:13:30,26.74,14700,26.74,D
sz000400,许继电气,2025-10-14 14:13:36,26.74,83800,26.74,D
sz000400,许继电气,2025-10-14 14:13:39,26.74,29800,26.74,D
sz000400,许继电气,2025-10-14 14:13:45,26.73,37600,26.74,D
sz000400,许继电气,2025-10-14 14:13:48,26.73,8300,26.73,D
sz000400,许继电气,2025-10-14 14:13:51,26.74,7700,26.73,U
sz000400,许继电气,2025-10-14 14:13:57,26.73,8600,26.74,D
sz000400,许继电气,2025-10-14 14:14:00,26.74,19500,26.73,U
sz000400,许继电气,2025-10-14 14:14:03,26.74,48000,26.74,U
sz000400,许继电气,2025-10-14 14:14:06,26.75,17900,26.74,U
sz000400,许继电气,2025-10-14 14:14:09,26.74,16600,26.75,D
sz000400,许继电气,2025-10-14 14:14:12,26.75,22200,26.74,U
sz000400,许继电气,2025-10-14 14:14:15,26.75,9700,26.75,D
sz000400,许继电气,2025-10-14 14:14:18,26.76,63900,26.75,U
sz000400,许继电气,2025-10-14 14:14:24,26.78,22500,26.76,U
sz000400,许继电气,2025-10-14 14:14:27,26.75,79100,26.78,D
sz000400,许继电气,2025-10-14 14:14:30,26.75,39400,26.75,U
sz000400,许继电气,2025-10-14 14:14:42,26.78,26500,26.75,U
sz000400,许继电气,2025-10-14 14:15:00,26.79,26800,26.78,U
sz000400,许继电气,2025-10-14 14:15:09,26.8,13400,26.8,U
sz000400,许继电气,2025-10-14 14:15:18,26.81,9700,26.81,U
sz000400,许继电气,2025-10-14 14:15:24,26.81,8700,26.82,D
sz000400,许继电气,2025-10-14 14:15:27,26.81,28400,26.81,D
sz000400,许继电气,2025-10-14 14:15:42,26.82,13500,26.83,D
sz000400,许继电气,2025-10-14 14:15:48,26.83,12200,26.82,U
sz000400,许继电气,2025-10-14 14:15:54,26.85,32000,26.83,U
sz000400,许继电气,2025-10-14 14:15:57,26.85,20900,26.85,D
sz000400,许继电气,2025-10-14 14:16:06,26.85,14100,26.85,D
sz000400,许继电气,2025-10-14 14:16:12,26.85,11400,26.85,U
sz000400,许继电气,2025-10-14 14:16:21,26.82,10100,26.84,D
sz000400,许继电气,2025-10-14 14:16:30,26.82,9700,26.82,U
sz000400,许继电气,2025-10-14 14:16:33,26.82,7900,26.82,U
sz000400,许继电气,2025-10-14 14:16:39,26.82,26700,26.82,U
sz000400,许继电气,2025-10-14 14:16:45,26.81,19600,26.82,D
sz000400,许继电气,2025-10-14 14:16:48,26.82,11600,26.81,U
sz000400,许继电气,2025-10-14 14:16:51,26.81,44100,26.82,D
sz000400,许继电气,2025-10-14 14:16:54,26.81,51800,26.81,D
sz000400,许继电气,2025-10-14 14:16:57,26.81,31100,26.81,D
sz000400,许继电气,2025-10-14 14:17:00,26.81,17900,26.81,D
sz000400,许继电气,2025-10-14 14:17:15,26.8,9800,26.81,D
sz000400,许继电气,2025-10-14 14:17:21,26.8,16000,26.81,D
sz000400,许继电气,2025-10-14 14:17:42,26.77,13600,26.78,D
sz000400,许继电气,2025-10-14 14:18:09,26.76,13700,26.75,U
sz000400,许继电气,2025-10-14 14:18:15,26.75,11100,26.75,D
sz000400,许继电气,2025-10-14 14:18:27,26.74,131400,26.75,D
sz000400,许继电气,2025-10-14 14:18:30,26.74,47700,26.74,D
sz000400,许继电气,2025-10-14 14:18:36,26.74,9100,26.74,U
sz000400,许继电气,2025-10-14 14:18:39,26.74,103500,26.74,U
sz000400,许继电气,2025-10-14 14:18:42,26.74,35000,26.74,D
sz000400,许继电气,2025-10-14 14:18:45,26.74,13500,26.74,D
sz000400,许继电气,2025-10-14 14:18:51,26.74,13100,26.74,D
sz000400,许继电气,2025-10-14 14:18:54,26.75,33900,26.74,U
sz000400,许继电气,2025-10-14 14:19:00,26.74,47800,26.75,D
sz000400,许继电气,2025-10-14 14:19:03,26.75,45500,26.74,U
sz000400,许继电气,2025-10-14 14:19:06,26.73,35000,26.75,D
sz000400,许继电气,2025-10-14 14:19:18,26.73,28100,26.73,D
sz000400,许继电气,2025-10-14 14:19:21,26.74,30200,26.73,U
sz000400,许继电气,2025-10-14 14:19:24,26.74,12900,26.74,D
sz000400,许继电气,2025-10-14 14:19:33,26.77,142900,26.74,U
sz000400,许继电气,2025-10-14 14:19:42,26.71,136200,26.75,D
sz000400,许继电气,2025-10-14 14:19:48,26.75,9300,26.77,D
sz000400,许继电气,2025-10-14 14:19:57,26.74,8800,26.74,U
sz000400,许继电气,2025-10-14 14:20:06,26.71,12100,26.73,D
sz000400,许继电气,2025-10-14 14:20:12,26.71,10200,26.72,D
sz000400,许继电气,2025-10-14 14:20:21,26.71,14700,26.71,D
sz000400,许继电气,2025-10-14 14:20:24,26.71,41800,26.71,U
sz000400,许继电气,2025-10-14 14:20:30,26.7,13900,26.71,D
sz000400,许继电气,2025-10-14 14:20:33,26.7,37300,26.7,D
sz000400,许继电气,2025-10-14 14:20:48,26.69,11800,26.69,U
sz000400,许继电气,2025-10-14 14:20:51,26.68,14100,26.69,D
sz000400,许继电气,2025-10-14 14:20:54,26.68,16100,26.68,D
sz000400,许继电气,2025-10-14 14:21:03,26.67,11400,26.67,D
sz000400,许继电气,2025-10-14 14:21:06,26.67,18100,26.67,D
sz000400,许继电气,2025-10-14 14:21:15,26.66,23200,26.67,D
sz000400,许继电气,2025-10-14 14:21:18,26.66,31100,26.66,D
sz000400,许继电气,2025-10-14 14:21:21,26.66,17600,26.66,U
sz000400,许继电气,2025-10-14 14:21:24,26.68,81700,26.66,U
sz000400,许继电气,2025-10-14 14:21:27,26.66,25800,26.68,D
sz000400,许继电气,2025-10-14 14:21:30,26.67,15700,26.66,D
sz000400,许继电气,2025-10-14 14:21:33,26.66,8600,26.67,D
sz000400,许继电气,2025-10-14 14:21:36,26.66,12300,26.66,U
sz000400,许继电气,2025-10-14 14:21:39,26.66,15100,26.66,U
sz000400,许继电气,2025-10-14 14:21:42,26.65,37200,26.66,D
sz000400,许继电气,2025-10-14 14:21:45,26.66,25300,26.65,U
sz000400,许继电气,2025-10-14 14:21:48,26.66,12100,26.66,U
sz000400,许继电气,2025-10-14 14:21:51,26.66,23900,26.66,U
sz000400,许继电气,2025-10-14 14:21:54,26.66,15600,26.66,U
sz000400,许继电气,2025-10-14 14:21:57,26.66,24100,26.66,D
sz000400,许继电气,2025-10-14 14:22:00,26.66,14800,26.66,D
sz000400,许继电气,2025-10-14 14:22:06,26.66,11000,26.67,D
sz000400,许继电气,2025-10-14 14:22:09,26.67,23100,26.66,E
sz000400,许继电气,2025-10-14 14:22:12,26.68,16200,26.67,U
sz000400,许继电气,2025-10-14 14:22:15,26.67,9000,26.68,D
sz000400,许继电气,2025-10-14 14:22:27,26.68,10000,26.67,U
sz000400,许继电气,2025-10-14 14:22:30,26.67,8000,26.68,D
sz000400,许继电气,2025-10-14 14:22:39,26.68,15100,26.68,U
sz000400,许继电气,2025-10-14 14:22:42,26.68,9000,26.68,U
sz000400,许继电气,2025-10-14 14:22:45,26.69,10900,26.68,U
sz000400,许继电气,2025-10-14 14:22:48,26.67,16300,26.69,D
sz000400,许继电气,2025-10-14 14:22:54,26.68,17900,26.69,D
sz000400,许继电气,2025-10-14 14:22:57,26.7,9900,26.68,U
sz000400,许继电气,2025-10-14 14:23:00,26.7,15500,26.7,D
sz000400,许继电气,2025-10-14 14:23:03,26.68,12200,26.7,D
sz000400,许继电气,2025-10-14 14:23:12,26.68,23000,26.7,D
sz000400,许继电气,2025-10-14 14:23:18,26.67,16300,26.67,D
sz000400,许继电气,2025-10-14 14:23:21,26.67,8600,26.67,D
sz000400,许继电气,2025-10-14 14:23:42,26.68,17600,26.67,D
sz000400,许继电气,2025-10-14 14:23:48,26.68,23500,26.67,U
sz000400,许继电气,2025-10-14 14:24:03,26.68,10200,26.68,U
sz000400,许继电气,2025-10-14 14:24:12,26.68,10900,26.68,U
sz000400,许继电气,2025-10-14 14:24:24,26.68,19700,26.69,D
sz000400,许继电气,2025-10-14 14:24:30,26.68,15000,26.67,U
sz000400,许继电气,2025-10-14 14:24:33,26.67,24900,26.68,D
sz000400,许继电气,2025-10-14 14:24:39,26.68,168287,26.67,U
sz000400,许继电气,2025-10-14 14:24:45,26.69,12900,26.68,U
sz000400,许继电气,2025-10-14 14:24:54,26.69,7800,26.69,U
sz000400,许继电气,2025-10-14 14:25:15,26.7,21000,26.71,D
sz000400,许继电气,2025-10-14 14:25:27,26.68,11700,26.68,D
sz000400,许继电气,2025-10-14 14:25:33,26.68,8900,26.68,D
sz000400,许继电气,2025-10-14 14:25:36,26.66,79900,26.68,D
sz000400,许继电气,2025-10-14 14:25:57,26.67,26600,26.67,U
sz000400,许继电气,2025-10-14 14:26:12,26.68,23800,26.67,U
sz000400,许继电气,2025-10-14 14:26:15,26.69,47200,26.68,U
sz000400,许继电气,2025-10-14 14:26:21,26.7,157900,26.69,U
sz000400,许继电气,2025-10-14 14:26:24,26.7,16900,26.7,D
sz000400,许继电气,2025-10-14 14:26:39,26.7,23600,26.69,U
sz000400,许继电气,2025-10-14 14:26:48,26.7,12300,26.71,D
sz000400,许继电气,2025-10-14 14:27:18,26.71,10900,26.73,D
sz000400,许继电气,2025-10-14 14:27:57,26.71,70900,26.73,D
sz000400,许继电气,2025-10-14 14:28:09,26.71,8500,26.72,D
sz000400,许继电气,2025-10-14 14:28:15,26.71,7700,26.71,U
sz000400,许继电气,2025-10-14 14:28:21,26.69,21300,26.7,D
sz000400,许继电气,2025-10-14 14:28:39,26.69,15000,26.68,U
sz000400,许继电气,2025-10-14 14:28:48,26.67,23300,26.68,D
sz000400,许继电气,2025-10-14 14:28:57,26.67,17300,26.67,U
sz000400,许继电气,2025-10-14 14:29:06,26.66,24900,26.66,D
sz000400,许继电气,2025-10-14 14:29:15,26.66,24900,26.66,D
sz000400,许继电气,2025-10-14 14:29:21,26.67,24800,26.66,U
sz000400,许继电气,2025-10-14 14:29:24,26.67,41050,26.67,U
sz000400,许继电气,2025-10-14 14:29:27,26.66,9800,26.67,D
sz000400,许继电气,2025-10-14 14:29:36,26.69,9100,26.68,U
sz000400,许继电气,2025-10-14 14:29:39,26.7,10400,26.69,U
sz000400,许继电气,2025-10-14 14:29:42,26.69,14800,26.7,D
sz000400,许继电气,2025-10-14 14:29:48,26.69,19700,26.7,D
sz000400,许继电气,2025-10-14 14:30:06,26.7,10100,26.7,U
sz000400,许继电气,2025-10-14 14:30:12,26.7,10700,26.7,D
sz000400,许继电气,2025-10-14 14:30:24,26.71,24100,26.71,D
sz000400,许继电气,2025-10-14 14:30:51,26.75,8600,26.75,U
sz000400,许继电气,2025-10-14 14:30:54,26.75,16500,26.75,U
sz000400,许继电气,2025-10-14 14:30:57,26.75,10900,26.75,U
sz000400,许继电气,2025-10-14 14:31:09,26.74,19100,26.76,D
sz000400,许继电气,2025-10-14 14:31:21,26.75,23900,26.75,U
sz000400,许继电气,2025-10-14 14:31:24,26.75,8000,26.75,U
sz000400,许继电气,2025-10-14 14:31:27,26.76,16400,26.75,U
sz000400,许继电气,2025-10-14 14:31:30,26.77,15200,26.76,U
sz000400,许继电气,2025-10-14 14:31:54,26.8,16000,26.8,U
sz000400,许继电气,2025-10-14 14:32:12,26.82,13700,26.82,U
sz000400,许继电气,2025-10-14 14:32:33,26.85,7600,26.84,U
sz000400,许继电气,2025-10-14 14:32:39,26.86,50200,26.85,U
sz000400,许继电气,2025-10-14 14:32:42,26.85,27600,26.86,D
sz000400,许继电气,2025-10-14 14:32:45,26.85,9100,26.85,U
sz000400,许继电气,2025-10-14 14:33:09,26.83,34300,26.85,D
sz000400,许继电气,2025-10-14 14:33:18,26.84,8200,26.82,U
sz000400,许继电气,2025-10-14 14:33:27,26.8,17000,26.81,D
sz000400,许继电气,2025-10-14 14:33:30,26.79,16600,26.8,D
sz000400,许继电气,2025-10-14 14:33:39,26.78,9300,26.79,D
sz000400,许继电气,2025-10-14 14:33:54,26.75,39800,26.76,D
sz000400,许继电气,2025-10-14 14:34:09,26.73,11900,26.74,D
sz000400,许继电气,2025-10-14 14:34:36,26.71,50400,26.71,U
