symbol,name,ticktime,price,volume,prev_price,kind
sz000400,许继电气,2025-09-23 09:25:00,23.55,111500,0.0,D
sz000400,许继电气,2025-09-23 09:30:00,23.5,13200,23.55,D
sz000400,许继电气,2025-09-23 09:30:03,23.51,49500,23.5,U
sz000400,许继电气,2025-09-23 09:30:06,23.51,14400,23.51,U
sz000400,许继电气,2025-09-23 09:30:09,23.45,132800,23.51,D
sz000400,许继电气,2025-09-23 09:30:12,23.51,22600,23.45,U
sz000400,许继电气,2025-09-23 09:30:15,23.64,93200,23.51,U
sz000400,许继电气,2025-09-23 09:30:18,23.77,116100,23.64,U
sz000400,许继电气,2025-09-23 09:30:21,23.85,117600,23.77,U
sz000400,许继电气,2025-09-23 09:30:24,23.89,65900,23.85,U
sz000400,许继电气,2025-09-23 09:30:27,23.89,62600,23.89,U
sz000400,许继电气,2025-09-23 09:30:30,23.88,33900,23.89,D
sz000400,许继电气,2025-09-23 09:30:33,23.84,53700,23.88,D
sz000400,许继电气,2025-09-23 09:30:36,23.78,12000,23.84,D
sz000400,许继电气,2025-09-23 09:30:45,23.68,19800,23.73,D
sz000400,许继电气,2025-09-23 09:30:48,23.62,36800,23.68,D
sz000400,许继电气,2025-09-23 09:30:51,23.58,12000,23.62,D
sz000400,许继电气,2025-09-23 09:30:54,23.6,18400,23.58,U
sz000400,许继电气,2025-09-23 09:30:57,23.6,14200,23.6,U
sz000400,许继电气,2025-09-23 09:31:06,23.6,32900,23.62,D
sz000400,许继电气,2025-09-23 09:31:09,23.6,13700,23.6,U
sz000400,许继电气,2025-09-23 09:31:21,23.65,22300,23.63,U
sz000400,许继电气,2025-09-23 09:31:24,23.66,17900,23.65,D
sz000400,许继电气,2025-09-23 09:31:27,23.68,13800,23.66,D
sz000400,许继电气,2025-09-23 09:31:33,23.66,50200,23.66,D
sz000400,许继电气,2025-09-23 09:31:36,23.67,23700,23.66,U
sz000400,许继电气,2025-09-23 09:31:48,23.67,11300,23.67,D
sz000400,许继电气,2025-09-23 09:31:51,23.66,26800,23.67,D
sz000400,许继电气,2025-09-23 09:31:54,23.66,10000,23.66,D
sz000400,许继电气,2025-09-23 09:32:03,23.67,17200,23.67,D
sz000400,许继电气,2025-09-23 09:32:06,23.68,16100,23.67,U
sz000400,许继电气,2025-09-23 09:32:15,23.68,21800,23.68,D
sz000400,许继电气,2025-09-23 09:32:18,23.67,15600,23.68,D
sz000400,许继电气,2025-09-23 09:32:24,23.68,8600,23.67,U
sz000400,许继电气,2025-09-23 09:32:27,23.68,28200,23.68,D
sz000400,许继电气,2025-09-23 09:32:30,23.73,39100,23.68,U
sz000400,许继电气,2025-09-23 09:32:33,23.78,121200,23.73,U
sz000400,许继电气,2025-09-23 09:32:36,23.81,52100,23.78,U
sz000400,许继电气,2025-09-23 09:32:39,23.9,501000,23.81,U
sz000400,许继电气,2025-09-23 09:32:42,23.9,42800,23.9,D
sz000400,许继电气,2025-09-23 09:32:45,23.85,46400,23.9,D
sz000400,许继电气,2025-09-23 09:32:48,23.9,15500,23.85,U
sz000400,许继电气,2025-09-23 09:32:51,23.89,19600,23.9,D
sz000400,许继电气,2025-09-23 09:32:54,23.9,27200,23.89,U
sz000400,许继电气,2025-09-23 09:32:57,23.9,70400,23.9,U
sz000400,许继电气,2025-09-23 09:33:00,23.89,68700,23.9,D
sz000400,许继电气,2025-09-23 09:33:03,23.99,214200,23.89,U
sz000400,许继电气,2025-09-23 09:33:06,24.06,410100,23.99,U
sz000400,许继电气,2025-09-23 09:33:09,24.02,88600,24.06,D
sz000400,许继电气,2025-09-23 09:33:12,24.05,32500,24.02,U
sz000400,许继电气,2025-09-23 09:33:15,24.05,80200,24.05,D
sz000400,许继电气,2025-09-23 09:33:18,24.06,171600,24.05,U
sz000400,许继电气,2025-09-23 09:33:21,24.14,233100,24.06,U
sz000400,许继电气,2025-09-23 09:33:24,24.18,164600,24.14,U
sz000400,许继电气,2025-09-23 09:33:27,24.12,83200,24.18,D
sz000400,许继电气,2025-09-23 09:33:30,24.12,76200,24.12,D
sz000400,许继电气,2025-09-23 09:33:33,24.11,80500,24.12,D
sz000400,许继电气,2025-09-23 09:33:36,24.09,29100,24.11,E
sz000400,许继电气,2025-09-23 09:33:39,24.09,48100,24.09,U
sz000400,许继电气,2025-09-23 09:33:42,24.06,37200,24.09,D
sz000400,许继电气,2025-09-23 09:33:45,24.05,70400,24.06,D
sz000400,许继电气,2025-09-23 09:33:48,24.09,193700,24.05,U
sz000400,许继电气,2025-09-23 09:33:51,24.12,252900,24.09,U
sz000400,许继电气,2025-09-23 09:33:54,24.13,234500,24.12,D
sz000400,许继电气,2025-09-23 09:33:57,24.15,90400,24.13,U
sz000400,许继电气,2025-09-23 09:34:00,24.13,63000,24.15,D
sz000400,许继电气,2025-09-23 09:34:03,24.15,109900,24.13,E
sz000400,许继电气,2025-09-23 09:34:06,24.12,498000,24.15,D
sz000400,许继电气,2025-09-23 09:34:09,24.14,111300,24.12,E
sz000400,许继电气,2025-09-23 09:34:12,24.14,101900,24.14,D
sz000400,许继电气,2025-09-23 09:34:15,24.15,273000,24.14,U
sz000400,许继电气,2025-09-23 09:34:18,24.15,67500,24.15,D
sz000400,许继电气,2025-09-23 09:34:21,24.13,39400,24.15,U
sz000400,许继电气,2025-09-23 09:34:24,24.13,128200,24.13,D
sz000400,许继电气,2025-09-23 09:34:27,24.12,65600,24.13,D
sz000400,许继电气,2025-09-23 09:34:30,24.11,99300,24.12,D
sz000400,许继电气,2025-09-23 09:34:33,24.11,34000,24.11,U
sz000400,许继电气,2025-09-23 09:34:36,24.13,457000,24.11,U
sz000400,许继电气,2025-09-23 09:34:39,24.15,143600,24.13,U
sz000400,许继电气,2025-09-23 09:34:42,24.15,78400,24.15,D
sz000400,许继电气,2025-09-23 09:34:45,24.25,446900,24.15,U
sz000400,许继电气,2025-09-23 09:34:48,24.3,393595,24.25,U
sz000400,许继电气,2025-09-23 09:34:51,24.31,89100,24.3,U
sz000400,许继电气,2025-09-23 09:34:54,24.34,62200,24.31,U
sz000400,许继电气,2025-09-23 09:34:57,24.34,59400,24.34,U
sz000400,许继电气,2025-09-23 09:35:00,24.35,60200,24.34,U
sz000400,许继电气,2025-09-23 09:35:03,24.38,143900,24.35,U
sz000400,许继电气,2025-09-23 09:35:06,24.43,267100,24.38,U
sz000400,许继电气,2025-09-23 09:35:09,24.4,119900,24.43,D
sz000400,许继电气,2025-09-23 09:35:12,24.43,95700,24.4,E
sz000400,许继电气,2025-09-23 09:35:15,24.4,73500,24.43,D
sz000400,许继电气,2025-09-23 09:35:18,24.35,237900,24.4,D
sz000400,许继电气,2025-09-23 09:35:21,24.33,59900,24.35,E
sz000400,许继电气,2025-09-23 09:35:24,24.33,52900,24.33,D
sz000400,许继电气,2025-09-23 09:35:27,24.31,22600,24.33,D
sz000400,许继电气,2025-09-23 09:35:30,24.31,36400,24.31,D
sz000400,许继电气,2025-09-23 09:35:33,24.24,20100,24.31,D
sz000400,许继电气,2025-09-23 09:35:36,24.2,12800,24.24,D
sz000400,许继电气,2025-09-23 09:35:39,24.2,58200,24.2,D
sz000400,许继电气,2025-09-23 09:35:42,24.2,39600,24.2,U
sz000400,许继电气,2025-09-23 09:35:45,24.2,73700,24.2,U
sz000400,许继电气,2025-09-23 09:35:48,24.2,99100,24.2,D
sz000400,许继电气,2025-09-23 09:35:51,24.2,54800,24.2,D
sz000400,许继电气,2025-09-23 09:35:54,24.2,44800,24.2,U
sz000400,许继电气,2025-09-23 09:35:57,24.18,77400,24.2,D
sz000400,许继电气,2025-09-23 09:36:00,24.21,37900,24.18,U
sz000400,许继电气,2025-09-23 09:36:03,24.23,56300,24.21,E
sz000400,许继电气,2025-09-23 09:36:06,24.24,27900,24.23,U
sz000400,许继电气,2025-09-23 09:36:09,24.24,14600,24.24,D
sz000400,许继电气,2025-09-23 09:36:12,24.24,57100,24.24,D
sz000400,许继电气,2025-09-23 09:36:15,24.24,50900,24.24,D
sz000400,许继电气,2025-09-23 09:36:18,24.24,117000,24.24,D
sz000400,许继电气,2025-09-23 09:36:21,24.23,22500,24.24,E
sz000400,许继电气,2025-09-23 09:36:24,24.24,32000,24.23,U
sz000400,许继电气,2025-09-23 09:36:27,24.25,47400,24.24,U
sz000400,许继电气,2025-09-23 09:36:30,24.35,403100,24.25,U
sz000400,许继电气,2025-09-23 09:36:33,24.36,19100,24.35,U
sz000400,许继电气,2025-09-23 09:36:36,24.35,19900,24.36,E
sz000400,许继电气,2025-09-23 09:36:39,24.35,25900,24.35,U
sz000400,许继电气,2025-09-23 09:36:42,24.35,24300,24.35,U
sz000400,许继电气,2025-09-23 09:36:45,24.33,93200,24.35,D
sz000400,许继电气,2025-09-23 09:36:48,24.33,54200,24.33,U
sz000400,许继电气,2025-09-23 09:36:51,24.33,31900,24.33,U
sz000400,许继电气,2025-09-23 09:36:54,24.32,58800,24.33,E
sz000400,许继电气,2025-09-23 09:36:57,24.3,33500,24.32,D
sz000400,许继电气,2025-09-23 09:37:00,24.29,8500,24.3,D
sz000400,许继电气,2025-09-23 09:37:03,24.25,17500,24.29,D
sz000400,许继电气,2025-09-23 09:37:06,24.24,27300,24.25,D
sz000400,许继电气,2025-09-23 09:37:09,24.23,33000,24.24,D
sz000400,许继电气,2025-09-23 09:37:12,24.19,68600,24.23,D
sz000400,许继电气,2025-09-23 09:37:15,24.18,40900,24.19,D
sz000400,许继电气,2025-09-23 09:37:18,24.17,12300,24.18,D
sz000400,许继电气,2025-09-23 09:37:21,24.15,20700,24.17,D
sz000400,许继电气,2025-09-23 09:37:24,24.14,32900,24.15,D
sz000400,许继电气,2025-09-23 09:37:27,24.13,36000,24.14,D
sz000400,许继电气,2025-09-23 09:37:30,24.18,212100,24.13,U
sz000400,许继电气,2025-09-23 09:37:33,24.18,35900,24.18,U
sz000400,许继电气,2025-09-23 09:37:36,24.2,16500,24.18,U
sz000400,许继电气,2025-09-23 09:37:39,24.24,80200,24.2,U
sz000400,许继电气,2025-09-23 09:37:42,24.2,52000,24.24,D
sz000400,许继电气,2025-09-23 09:37:48,24.19,32200,24.19,D
sz000400,许继电气,2025-09-23 09:37:51,24.19,34700,24.19,D
sz000400,许继电气,2025-09-23 09:37:54,24.21,109400,24.19,U
sz000400,许继电气,2025-09-23 09:37:57,24.22,34300,24.21,U
sz000400,许继电气,2025-09-23 09:38:00,24.18,34600,24.22,D
sz000400,许继电气,2025-09-23 09:38:06,24.16,32600,24.17,D
sz000400,许继电气,2025-09-23 09:38:09,24.15,55900,24.16,D
sz000400,许继电气,2025-09-23 09:38:12,24.16,19900,24.15,E
sz000400,许继电气,2025-09-23 09:38:15,24.15,22600,24.16,D
sz000400,许继电气,2025-09-23 09:38:18,24.18,95100,24.15,U
sz000400,许继电气,2025-09-23 09:38:21,24.18,14300,24.18,D
sz000400,许继电气,2025-09-23 09:38:24,24.18,36900,24.18,D
sz000400,许继电气,2025-09-23 09:38:27,24.18,27700,24.18,U
sz000400,许继电气,2025-09-23 09:38:30,24.17,10800,24.18,D
sz000400,许继电气,2025-09-23 09:38:33,24.16,15600,24.17,D
sz000400,许继电气,2025-09-23 09:38:39,24.16,118600,24.16,U
sz000400,许继电气,2025-09-23 09:38:42,24.15,11200,24.16,D
sz000400,许继电气,2025-09-23 09:38:45,24.15,39800,24.15,D
sz000400,许继电气,2025-09-23 09:38:48,24.16,39600,24.15,U
sz000400,许继电气,2025-09-23 09:38:51,24.15,34500,24.16,D
sz000400,许继电气,2025-09-23 09:38:54,24.16,10300,24.15,E
sz000400,许继电气,2025-09-23 09:39:00,24.16,23100,24.15,U
sz000400,许继电气,2025-09-23 09:39:03,24.15,81600,24.16,D
sz000400,许继电气,2025-09-23 09:39:06,24.15,230500,24.15,U
sz000400,许继电气,2025-09-23 09:39:09,24.15,72500,24.15,D
sz000400,许继电气,2025-09-23 09:39:12,24.13,36700,24.15,D
sz000400,许继电气,2025-09-23 09:39:15,24.09,114600,24.13,D
sz000400,许继电气,2025-09-23 09:39:21,24.1,13200,24.08,U
sz000400,许继电气,2025-09-23 09:39:24,24.09,32800,24.1,D
sz000400,许继电气,2025-09-23 09:39:27,24.1,26400,24.09,D
sz000400,许继电气,2025-09-23 09:39:30,24.1,140700,24.1,D
sz000400,许继电气,2025-09-23 09:39:33,24.1,30500,24.1,U
sz000400,许继电气,2025-09-23 09:39:36,24.09,41000,24.1,D
sz000400,许继电气,2025-09-23 09:39:39,24.09,39900,24.09,D
sz000400,许继电气,2025-09-23 09:39:42,24.08,23900,24.09,D
sz000400,许继电气,2025-09-23 09:39:45,24.09,40400,24.08,U
sz000400,许继电气,2025-09-23 09:39:48,24.08,70800,24.09,D
sz000400,许继电气,2025-09-23 09:39:51,24.1,29100,24.08,U
sz000400,许继电气,2025-09-23 09:39:54,24.09,17900,24.1,D
sz000400,许继电气,2025-09-23 09:39:57,24.1,13000,24.09,U
sz000400,许继电气,2025-09-23 09:40:00,24.1,35900,24.1,U
sz000400,许继电气,2025-09-23 09:40:03,24.1,39900,24.1,U
sz000400,许继电气,2025-09-23 09:40:06,24.09,33300,24.1,E
sz000400,许继电气,2025-09-23 09:40:12,24.1,38200,24.1,U
sz000400,许继电气,2025-09-23 09:40:15,24.08,26800,24.1,E
sz000400,许继电气,2025-09-23 09:40:18,24.08,12800,24.08,U
sz000400,许继电气,2025-09-23 09:40:24,24.07,11700,24.08,D
sz000400,许继电气,2025-09-23 09:40:27,24.07,16500,24.07,U
sz000400,许继电气,2025-09-23 09:40:30,24.05,40900,24.07,D
sz000400,许继电气,2025-09-23 09:40:42,24.04,41600,24.03,U
sz000400,许继电气,2025-09-23 09:40:45,24.02,10600,24.04,D
sz000400,许继电气,2025-09-23 09:40:48,24.04,23800,24.02,U
sz000400,许继电气,2025-09-23 09:40:51,24.02,12600,24.04,D
sz000400,许继电气,2025-09-23 09:40:57,24.0,292800,24.02,D
sz000400,许继电气,2025-09-23 09:41:03,24.0,20200,24.01,D
sz000400,许继电气,2025-09-23 09:41:06,24.0,19900,24.0,D
sz000400,许继电气,2025-09-23 09:41:09,24.0,96000,24.0,U
sz000400,许继电气,2025-09-23 09:41:12,23.99,30700,24.0,D
sz000400,许继电气,2025-09-23 09:41:15,24.0,34200,23.99,U
sz000400,许继电气,2025-09-23 09:41:21,24.0,20900,24.0,U
sz000400,许继电气,2025-09-23 09:41:24,24.01,12900,24.0,D
sz000400,许继电气,2025-09-23 09:41:27,24.0,19100,24.01,D
sz000400,许继电气,2025-09-23 09:41:30,24.0,13300,24.0,D
sz000400,许继电气,2025-09-23 09:41:36,24.0,10500,24.0,D
sz000400,许继电气,2025-09-23 09:41:42,24.02,22000,24.01,U
sz000400,许继电气,2025-09-23 09:41:45,24.01,15800,24.02,D
sz000400,许继电气,2025-09-23 09:41:48,24.02,11900,24.01,U
sz000400,许继电气,2025-09-23 09:41:51,23.99,56800,24.02,D
sz000400,许继电气,2025-09-23 09:41:57,23.99,19000,24.01,D
sz000400,许继电气,2025-09-23 09:42:00,23.99,9000,23.99,U
sz000400,许继电气,2025-09-23 09:42:06,24.0,18500,23.99,U
sz000400,许继电气,2025-09-23 09:42:09,24.0,10600,24.0,U
sz000400,许继电气,2025-09-23 09:42:21,24.01,14200,24.0,U
sz000400,许继电气,2025-09-23 09:42:27,24.01,22000,24.01,U
sz000400,许继电气,2025-09-23 09:42:30,24.01,28900,24.01,U
sz000400,许继电气,2025-09-23 09:42:33,24.0,38700,24.01,D
sz000400,许继电气,2025-09-23 09:42:39,24.01,8400,24.01,U
sz000400,许继电气,2025-09-23 09:42:42,24.0,10400,24.01,D
sz000400,许继电气,2025-09-23 09:42:45,24.0,12700,24.0,D
sz000400,许继电气,2025-09-23 09:42:48,24.0,14200,24.0,D
sz000400,许继电气,2025-09-23 09:42:54,24.01,15200,24.0,U
sz000400,许继电气,2025-09-23 09:42:57,24.01,12900,24.01,U
sz000400,许继电气,2025-09-23 09:43:00,24.01,17000,24.01,U
sz000400,许继电气,2025-09-23 09:43:03,24.01,46200,24.01,U
sz000400,许继电气,2025-09-23 09:43:06,24.02,75900,24.01,U
sz000400,许继电气,2025-09-23 09:43:09,24.01,18700,24.02,D
sz000400,许继电气,2025-09-23 09:43:18,24.02,15800,24.03,D
sz000400,许继电气,2025-09-23 09:43:21,24.01,13500,24.02,D
sz000400,许继电气,2025-09-23 09:43:24,24.0,60000,24.01,D
sz000400,许继电气,2025-09-23 09:43:27,24.01,16600,24.0,U
sz000400,许继电气,2025-09-23 09:43:30,23.99,37400,24.01,D
sz000400,许继电气,2025-09-23 09:43:33,23.98,38100,23.99,D
sz000400,许继电气,2025-09-23 09:43:39,24.0,9100,23.98,U
sz000400,许继电气,2025-09-23 09:43:54,23.98,20100,23.98,D
sz000400,许继电气,2025-09-23 09:44:12,23.98,40500,23.98,D
sz000400,许继电气,2025-09-23 09:44:15,23.97,8400,23.98,D
sz000400,许继电气,2025-09-23 09:44:21,23.97,10900,23.97,D
sz000400,许继电气,2025-09-23 09:44:24,23.97,14200,23.97,D
sz000400,许继电气,2025-09-23 09:44:27,23.97,20600,23.97,U
sz000400,许继电气,2025-09-23 09:44:33,23.95,12100,23.96,D
sz000400,许继电气,2025-09-23 09:44:39,23.95,9900,23.95,D
sz000400,许继电气,2025-09-23 09:44:42,23.94,162900,23.95,D
sz000400,许继电气,2025-09-23 09:44:45,23.97,75600,23.94,U
sz000400,许继电气,2025-09-23 09:44:48,23.94,19200,23.97,D
sz000400,许继电气,2025-09-23 09:44:51,23.98,52900,23.94,U
sz000400,许继电气,2025-09-23 09:45:00,23.98,14100,23.98,U
sz000400,许继电气,2025-09-23 09:45:03,23.98,45900,23.98,D
sz000400,许继电气,2025-09-23 09:45:09,23.98,11800,23.98,U
sz000400,许继电气,2025-09-23 09:45:12,23.98,10900,23.98,D
sz000400,许继电气,2025-09-23 09:45:27,24.01,19000,24.01,U
sz000400,许继电气,2025-09-23 09:45:33,24.06,40000,24.02,U
sz000400,许继电气,2025-09-23 09:45:36,24.06,8900,24.06,U
sz000400,许继电气,2025-09-23 09:45:39,24.07,21800,24.06,U
sz000400,许继电气,2025-09-23 09:45:48,24.07,17000,24.08,D
sz000400,许继电气,2025-09-23 09:45:51,24.04,45200,24.07,D
sz000400,许继电气,2025-09-23 09:45:54,24.04,19500,24.04,U
sz000400,许继电气,2025-09-23 09:46:03,24.04,32400,24.03,U
sz000400,许继电气,2025-09-23 09:46:06,24.02,16500,24.04,D
sz000400,许继电气,2025-09-23 09:46:09,24.04,15300,24.02,U
sz000400,许继电气,2025-09-23 09:46:15,24.04,17500,24.04,U
sz000400,许继电气,2025-09-23 09:46:24,24.06,13200,24.05,U
sz000400,许继电气,2025-09-23 09:46:30,24.06,17500,24.05,U
sz000400,许继电气,2025-09-23 09:46:33,24.07,18200,24.06,U
sz000400,许继电气,2025-09-23 09:46:39,24.06,51100,24.07,D
sz000400,许继电气,2025-09-23 09:46:42,24.09,55100,24.06,U
sz000400,许继电气,2025-09-23 09:46:48,24.09,12600,24.08,U
sz000400,许继电气,2025-09-23 09:46:51,24.08,9900,24.09,D
sz000400,许继电气,2025-09-23 09:46:57,24.09,28800,24.08,U
sz000400,许继电气,2025-09-23 09:47:00,24.07,80100,24.09,D
sz000400,许继电气,2025-09-23 09:47:03,24.07,10200,24.07,U
sz000400,许继电气,2025-09-23 09:47:06,24.07,28000,24.07,U
sz000400,许继电气,2025-09-23 09:47:09,24.05,28200,24.07,D
sz000400,许继电气,2025-09-23 09:47:12,24.07,26900,24.05,U
sz000400,许继电气,2025-09-23 09:47:21,24.06,9000,24.06,U
sz000400,许继电气,2025-09-23 09:47:24,24.06,12300,24.06,D
sz000400,许继电气,2025-09-23 09:47:27,24.05,10700,24.06,D
sz000400,许继电气,2025-09-23 09:47:30,24.05,39600,24.05,D
sz000400,许继电气,2025-09-23 09:47:33,24.04,21100,24.05,D
sz000400,许继电气,2025-09-23 09:47:36,24.05,21200,24.04,U
sz000400,许继电气,2025-09-23 09:47:39,24.05,11300,24.05,U
sz000400,许继电气,2025-09-23 09:47:42,24.04,13900,24.05,D
sz000400,许继电气,2025-09-23 09:47:45,24.04,13200,24.04,D
sz000400,许继电气,2025-09-23 09:47:54,24.03,10600,24.04,D
sz000400,许继电气,2025-09-23 09:48:00,24.02,12700,24.03,D
sz000400,许继电气,2025-09-23 09:48:03,24.01,22300,24.02,D
sz000400,许继电气,2025-09-23 09:48:06,24.0,17600,24.01,D
sz000400,许继电气,2025-09-23 09:48:12,24.0,12200,24.01,D
sz000400,许继电气,2025-09-23 09:48:18,23.98,42400,24.0,D
sz000400,许继电气,2025-09-23 09:48:24,23.97,10400,23.97,D
sz000400,许继电气,2025-09-23 09:48:27,23.97,12100,23.97,D
sz000400,许继电气,2025-09-23 09:48:36,23.96,17300,23.97,D
sz000400,许继电气,2025-09-23 09:48:48,23.95,28200,23.95,D
sz000400,许继电气,2025-09-23 09:48:51,23.97,16000,23.95,U
sz000400,许继电气,2025-09-23 09:48:57,23.97,14700,23.96,D
sz000400,许继电气,2025-09-23 09:49:00,23.97,8800,23.97,D
sz000400,许继电气,2025-09-23 09:49:03,23.98,68800,23.97,U
sz000400,许继电气,2025-09-23 09:49:12,24.0,10800,23.98,U
sz000400,许继电气,2025-09-23 09:49:15,24.0,11600,24.0,U
sz000400,许继电气,2025-09-23 09:49:21,23.99,9400,23.99,D
sz000400,许继电气,2025-09-23 09:49:27,24.0,11500,23.99,U
sz000400,许继电气,2025-09-23 09:49:30,24.0,9500,24.0,U
sz000400,许继电气,2025-09-23 09:49:36,23.99,10200,24.0,D
sz000400,许继电气,2025-09-23 09:49:45,24.0,17800,24.0,U
sz000400,许继电气,2025-09-23 09:49:48,24.0,9900,24.0,D
sz000400,许继电气,2025-09-23 09:49:51,24.0,9200,24.0,D
sz000400,许继电气,2025-09-23 09:50:03,23.98,62600,24.01,D
sz000400,许继电气,2025-09-23 09:50:06,23.94,66900,23.98,D
sz000400,许继电气,2025-09-23 09:50:12,23.98,12600,23.98,U
sz000400,许继电气,2025-09-23 09:50:15,23.98,14400,23.98,U
sz000400,许继电气,2025-09-23 09:50:39,23.95,12300,23.97,D
sz000400,许继电气,2025-09-23 09:50:54,23.96,11600,23.95,U
sz000400,许继电气,2025-09-23 09:51:03,23.96,11400,23.95,U
sz000400,许继电气,2025-09-23 09:51:21,23.93,83200,23.95,D
sz000400,许继电气,2025-09-23 09:51:33,23.92,9000,23.93,D
sz000400,许继电气,2025-09-23 09:51:36,23.92,13200,23.92,D
sz000400,许继电气,2025-09-23 09:51:42,23.92,9800,23.93,D
sz000400,许继电气,2025-09-23 09:51:48,23.91,9600,23.91,D
sz000400,许继电气,2025-09-23 09:51:51,23.91,16100,23.91,D
sz000400,许继电气,2025-09-23 09:52:00,23.91,71800,23.91,E
sz000400,许继电气,2025-09-23 09:52:03,23.9,19700,23.91,D
sz000400,许继电气,2025-09-23 09:52:09,23.9,10200,23.91,D
sz000400,许继电气,2025-09-23 09:52:15,23.9,13700,23.91,D
sz000400,许继电气,2025-09-23 09:52:21,23.9,14100,23.9,U
sz000400,许继电气,2025-09-23 09:52:24,23.9,11000,23.9,U
sz000400,许继电气,2025-09-23 09:52:27,23.9,13100,23.9,U
sz000400,许继电气,2025-09-23 09:52:36,23.88,31800,23.88,D
sz000400,许继电气,2025-09-23 09:52:39,23.89,12300,23.88,E
sz000400,许继电气,2025-09-23 09:52:42,23.89,10800,23.89,D
sz000400,许继电气,2025-09-23 09:52:45,23.89,38900,23.89,D
sz000400,许继电气,2025-09-23 09:52:48,23.89,12550,23.89,D
sz000400,许继电气,2025-09-23 09:52:51,23.9,10200,23.89,E
sz000400,许继电气,2025-09-23 09:53:00,23.9,10100,23.9,D
sz000400,许继电气,2025-09-23 09:53:03,23.91,11200,23.9,U
sz000400,许继电气,2025-09-23 09:53:09,23.91,13100,23.91,U
sz000400,许继电气,2025-09-23 09:53:15,23.92,11400,23.91,U
sz000400,许继电气,2025-09-23 09:53:27,23.93,9300,23.93,D
sz000400,许继电气,2025-09-23 09:53:36,23.93,24500,23.94,D
sz000400,许继电气,2025-09-23 09:53:39,23.93,19800,23.93,U
sz000400,许继电气,2025-09-23 09:53:42,23.9,16700,23.93,D
sz000400,许继电气,2025-09-23 09:53:45,23.95,11500,23.9,U
sz000400,许继电气,2025-09-23 09:53:51,23.93,23600,23.92,E
sz000400,许继电气,2025-09-23 09:54:00,23.92,25900,23.92,D
sz000400,许继电气,2025-09-23 09:54:15,23.92,31900,23.92,U
sz000400,许继电气,2025-09-23 09:54:24,23.92,10700,23.93,D
sz000400,许继电气,2025-09-23 09:54:27,23.92,9000,23.92,D
sz000400,许继电气,2025-09-23 09:54:48,23.91,18800,23.93,D
sz000400,许继电气,2025-09-23 09:54:57,23.89,60000,23.9,D
sz000400,许继电气,2025-09-23 09:55:03,23.89,10200,23.91,D
sz000400,许继电气,2025-09-23 09:55:09,23.88,24500,23.89,D
sz000400,许继电气,2025-09-23 09:55:15,23.87,39100,23.88,D
sz000400,许继电气,2025-09-23 09:55:21,23.88,14800,23.87,U
sz000400,许继电气,2025-09-23 09:55:24,23.87,15000,23.88,D
sz000400,许继电气,2025-09-23 09:55:27,23.87,21400,23.87,D
sz000400,许继电气,2025-09-23 09:55:33,23.88,12600,23.88,D
sz000400,许继电气,2025-09-23 09:55:39,23.88,12500,23.87,U
sz000400,许继电气,2025-09-23 09:55:48,23.87,12100,23.88,D
sz000400,许继电气,2025-09-23 09:55:51,23.87,20800,23.87,U
sz000400,许继电气,2025-09-23 09:55:54,23.87,10200,23.87,D
sz000400,许继电气,2025-09-23 09:56:03,23.88,16600,23.88,U
sz000400,许继电气,2025-09-23 09:56:15,23.9,15000,23.89,U
sz000400,许继电气,2025-09-23 09:56:18,23.91,11000,23.9,U
sz000400,许继电气,2025-09-23 09:56:21,23.92,12300,23.91,U
sz000400,许继电气,2025-09-23 09:56:27,23.92,9400,23.92,D
sz000400,许继电气,2025-09-23 09:56:30,23.92,9000,23.92,U
sz000400,许继电气,2025-09-23 09:56:39,23.92,11900,23.92,U
sz000400,许继电气,2025-09-23 09:56:45,23.91,9800,23.91,U
sz000400,许继电气,2025-09-23 09:56:54,23.91,31600,23.89,U
sz000400,许继电气,2025-09-23 09:57:21,23.94,8400,23.92,U
sz000400,许继电气,2025-09-23 09:57:30,23.93,14400,23.93,U
sz000400,许继电气,2025-09-23 09:57:36,23.92,42100,23.92,D
sz000400,许继电气,2025-09-23 09:57:42,23.92,9900,23.92,U
sz000400,许继电气,2025-09-23 09:58:00,23.91,13100,23.91,U
sz000400,许继电气,2025-09-23 09:58:15,23.91,30200,23.9,U
sz000400,许继电气,2025-09-23 09:58:21,23.92,26400,23.91,U
sz000400,许继电气,2025-09-23 09:58:42,23.9,23000,23.91,D
sz000400,许继电气,2025-09-23 09:58:51,23.9,18900,23.9,U
sz000400,许继电气,2025-09-23 09:59:06,23.9,10300,23.89,U
sz000400,许继电气,2025-09-23 09:59:09,23.91,22200,23.9,U
sz000400,许继电气,2025-09-23 09:59:24,23.91,9700,23.9,U
sz000400,许继电气,2025-09-23 09:59:27,23.89,195700,23.91,D
sz000400,许继电气,2025-09-23 09:59:30,23.89,17500,23.89,U
sz000400,许继电气,2025-09-23 09:59:42,23.88,9500,23.88,D
sz000400,许继电气,2025-09-23 09:59:48,23.86,10700,23.88,D
sz000400,许继电气,2025-09-23 09:59:54,23.86,34200,23.86,D
sz000400,许继电气,2025-09-23 10:00:00,23.84,21200,23.85,D
sz000400,许继电气,2025-09-23 10:00:03,23.84,9100,23.84,D
sz000400,许继电气,2025-09-23 10:00:09,23.82,9700,23.83,D
sz000400,许继电气,2025-09-23 10:00:12,23.83,9500,23.82,U
sz000400,许继电气,2025-09-23 10:00:18,23.81,15700,23.82,D
sz000400,许继电气,2025-09-23 10:00:24,23.81,24800,23.82,D
sz000400,许继电气,2025-09-23 10:00:27,23.81,18400,23.81,D
sz000400,许继电气,2025-09-23 10:00:30,23.8,11700,23.81,D
sz000400,许继电气,2025-09-23 10:00:36,23.81,22900,23.81,U
sz000400,许继电气,2025-09-23 10:00:39,23.8,55900,23.81,D
sz000400,许继电气,2025-09-23 10:00:42,23.8,77400,23.8,D
sz000400,许继电气,2025-09-23 10:00:45,23.8,28500,23.8,U
sz000400,许继电气,2025-09-23 10:00:48,23.79,27800,23.8,D
sz000400,许继电气,2025-09-23 10:00:51,23.83,119900,23.79,U
sz000400,许继电气,2025-09-23 10:00:54,23.82,16600,23.83,D
sz000400,许继电气,2025-09-23 10:01:00,23.82,8400,23.82,D
sz000400,许继电气,2025-09-23 10:01:24,23.85,26300,23.85,E
sz000400,许继电气,2025-09-23 10:01:36,23.85,17800,23.84,E
sz000400,许继电气,2025-09-23 10:01:39,23.84,11400,23.85,D
sz000400,许继电气,2025-09-23 10:01:45,23.84,30000,23.85,D
sz000400,许继电气,2025-09-23 10:02:15,23.84,28800,23.84,D
sz000400,许继电气,2025-09-23 10:02:18,23.84,9000,23.84,D
sz000400,许继电气,2025-09-23 10:02:24,23.85,18500,23.85,D
sz000400,许继电气,2025-09-23 10:02:30,23.84,12200,23.86,D
sz000400,许继电气,2025-09-23 10:02:48,23.88,14100,23.86,U
sz000400,许继电气,2025-09-23 10:03:03,23.9,14300,23.88,U
sz000400,许继电气,2025-09-23 10:03:18,23.93,33500,23.92,U
sz000400,许继电气,2025-09-23 10:03:24,23.93,11900,23.92,U
sz000400,许继电气,2025-09-23 10:03:27,23.93,14300,23.93,U
sz000400,许继电气,2025-09-23 10:03:36,23.94,14800,23.93,U
sz000400,许继电气,2025-09-23 10:03:42,23.93,31500,23.94,D
sz000400,许继电气,2025-09-23 10:03:45,23.93,15300,23.93,D
sz000400,许继电气,2025-09-23 10:03:54,23.93,27700,23.93,D
sz000400,许继电气,2025-09-23 10:03:57,23.95,8600,23.93,U
sz000400,许继电气,2025-09-23 10:04:00,23.95,15700,23.95,U
sz000400,许继电气,2025-09-23 10:04:09,23.94,27100,23.94,D
sz000400,许继电气,2025-09-23 10:04:18,23.95,8700,23.94,U
sz000400,许继电气,2025-09-23 10:04:36,23.95,12200,23.96,D
sz000400,许继电气,2025-09-23 10:04:42,23.94,10400,23.94,D
sz000400,许继电气,2025-09-23 10:04:48,23.95,10500,23.95,U
sz000400,许继电气,2025-09-23 10:04:54,23.95,13100,23.95,U
sz000400,许继电气,2025-09-23 10:04:57,23.95,10100,23.95,U
sz000400,许继电气,2025-09-23 10:05:00,23.94,18500,23.95,D
sz000400,许继电气,2025-09-23 10:05:06,23.95,14000,23.94,U
sz000400,许继电气,2025-09-23 10:05:09,23.96,25900,23.95,U
sz000400,许继电气,2025-09-23 10:05:18,23.96,13600,23.95,U
sz000400,许继电气,2025-09-23 10:05:27,23.96,9000,23.96,U
sz000400,许继电气,2025-09-23 10:05:30,23.96,11900,23.96,U
sz000400,许继电气,2025-09-23 10:05:48,23.96,26600,23.96,D
sz000400,许继电气,2025-09-23 10:05:51,23.96,20900,23.96,D
sz000400,许继电气,2025-09-23 10:06:06,23.95,14100,23.95,U
sz000400,许继电气,2025-09-23 10:06:12,23.95,17700,23.94,U
sz000400,许继电气,2025-09-23 10:06:27,23.93,30200,23.93,D
sz000400,许继电气,2025-09-23 10:06:36,23.93,19200,23.93,D
sz000400,许继电气,2025-09-23 10:06:42,23.93,8900,23.94,D
sz000400,许继电气,2025-09-23 10:06:51,23.95,16900,23.95,U
sz000400,许继电气,2025-09-23 10:07:00,23.95,14500,23.95,D
sz000400,许继电气,2025-09-23 10:07:24,23.92,16900,23.94,D
sz000400,许继电气,2025-09-23 10:07:33,23.92,8700,23.92,D
sz000400,许继电气,2025-09-23 10:07:36,23.91,8500,23.92,D
sz000400,许继电气,2025-09-23 10:07:57,23.9,22500,23.9,D
sz000400,许继电气,2025-09-23 10:08:03,23.89,26600,23.9,D
sz000400,许继电气,2025-09-23 10:08:15,23.9,8600,23.89,U
sz000400,许继电气,2025-09-23 10:08:36,23.9,15800,23.89,U
sz000400,许继电气,2025-09-23 10:08:54,23.89,17400,23.88,U
sz000400,许继电气,2025-09-23 10:09:27,23.86,9700,23.86,D
sz000400,许继电气,2025-09-23 10:09:30,23.86,10000,23.86,D
sz000400,许继电气,2025-09-23 10:09:39,23.86,15500,23.86,D
sz000400,许继电气,2025-09-23 10:09:54,23.86,12000,23.85,U
sz000400,许继电气,2025-09-23 10:09:57,23.85,22700,23.86,D
sz000400,许继电气,2025-09-23 10:10:15,23.86,9800,23.86,U
sz000400,许继电气,2025-09-23 10:10:27,23.88,22200,23.86,U
sz000400,许继电气,2025-09-23 10:10:39,23.89,8600,23.89,U
sz000400,许继电气,2025-09-23 10:10:42,23.89,18200,23.89,D
sz000400,许继电气,2025-09-23 10:10:54,23.88,8600,23.89,D
sz000400,许继电气,2025-09-23 10:11:00,23.89,18100,23.88,U
sz000400,许继电气,2025-09-23 10:11:06,23.91,23500,23.88,U
sz000400,许继电气,2025-09-23 10:11:33,23.95,8800,23.95,D
sz000400,许继电气,2025-09-23 10:11:39,23.95,13800,23.96,D
sz000400,许继电气,2025-09-23 10:11:42,23.95,11000,23.95,D
sz000400,许继电气,2025-09-23 10:11:45,23.96,11400,23.95,U
sz000400,许继电气,2025-09-23 10:11:48,23.95,15400,23.96,U
sz000400,许继电气,2025-09-23 10:11:57,23.95,10700,23.95,U
sz000400,许继电气,2025-09-23 10:12:03,23.95,10500,23.95,U
sz000400,许继电气,2025-09-23 10:12:15,23.92,11200,23.94,D
sz000400,许继电气,2025-09-23 10:12:24,23.92,35800,23.92,D
sz000400,许继电气,2025-09-23 10:12:27,23.9,35700,23.92,D
sz000400,许继电气,2025-09-23 10:13:03,23.85,11300,23.85,D
sz000400,许继电气,2025-09-23 10:13:15,23.85,49200,23.86,D
sz000400,许继电气,2025-09-23 10:13:21,23.84,13500,23.85,D
sz000400,许继电气,2025-09-23 10:13:24,23.84,8900,23.84,D
sz000400,许继电气,2025-09-23 10:13:36,23.84,16100,23.84,U
sz000400,许继电气,2025-09-23 10:13:42,23.85,16300,23.83,U
sz000400,许继电气,2025-09-23 10:13:45,23.84,19100,23.85,D
sz000400,许继电气,2025-09-23 10:13:57,23.84,16800,23.83,U
sz000400,许继电气,2025-09-23 10:14:00,23.83,21300,23.84,D
sz000400,许继电气,2025-09-23 10:14:06,23.85,51900,23.83,U
sz000400,许继电气,2025-09-23 10:14:09,23.85,10300,23.85,E
sz000400,许继电气,2025-09-23 10:14:18,23.87,10900,23.85,U
sz000400,许继电气,2025-09-23 10:14:24,23.9,27400,23.88,U
sz000400,许继电气,2025-09-23 10:14:48,23.95,38700,23.93,U
sz000400,许继电气,2025-09-23 10:14:51,23.94,14800,23.95,D
sz000400,许继电气,2025-09-23 10:15:06,23.94,34700,23.95,D
sz000400,许继电气,2025-09-23 10:15:09,23.94,20500,23.94,D
sz000400,许继电气,2025-09-23 10:15:12,23.93,26600,23.94,D
sz000400,许继电气,2025-09-23 10:15:21,23.93,9700,23.92,U
sz000400,许继电气,2025-09-23 10:15:24,23.93,22700,23.93,D
sz000400,许继电气,2025-09-23 10:15:30,23.93,10400,23.92,U
sz000400,许继电气,2025-09-23 10:15:39,23.93,13200,23.92,U
sz000400,许继电气,2025-09-23 10:15:45,23.91,10500,23.92,D
sz000400,许继电气,2025-09-23 10:15:57,23.9,12200,23.91,D
sz000400,许继电气,2025-09-23 10:16:00,23.91,11700,23.9,U
sz000400,许继电气,2025-09-23 10:16:21,23.9,8800,23.89,U
sz000400,许继电气,2025-09-23 10:16:51,23.88,9600,23.88,D
sz000400,许继电气,2025-09-23 10:17:24,23.85,11700,23.85,U
sz000400,许继电气,2025-09-23 10:17:51,23.87,14600,23.87,D
sz000400,许继电气,2025-09-23 10:18:03,23.86,10900,23.87,D
sz000400,许继电气,2025-09-23 10:18:06,23.84,37300,23.86,D
sz000400,许继电气,2025-09-23 10:18:30,23.84,9700,23.84,D
sz000400,许继电气,2025-09-23 10:18:36,23.83,12300,23.84,D
sz000400,许继电气,2025-09-23 10:18:45,23.83,10600,23.83,U
sz000400,许继电气,2025-09-23 10:18:54,23.84,13400,23.83,U
sz000400,许继电气,2025-09-23 10:19:00,23.84,8500,23.83,U
sz000400,许继电气,2025-09-23 10:19:06,23.84,10300,23.85,D
sz000400,许继电气,2025-09-23 10:19:12,23.85,8400,23.84,U
sz000400,许继电气,2025-09-23 10:19:54,23.83,29300,23.83,D
sz000400,许继电气,2025-09-23 10:20:00,23.82,9300,23.83,D
sz000400,许继电气,2025-09-23 10:20:18,23.83,13700,23.83,U
sz000400,许继电气,2025-09-23 10:20:21,23.84,9400,23.83,U
sz000400,许继电气,2025-09-23 10:20:24,23.85,28100,23.84,U
sz000400,许继电气,2025-09-23 10:20:33,23.85,9700,23.85,U
sz000400,许继电气,2025-09-23 10:20:51,23.85,20300,23.84,U
sz000400,许继电气,2025-09-23 10:21:00,23.85,16800,23.85,D
sz000400,许继电气,2025-09-23 10:21:48,23.84,39000,23.84,U
sz000400,许继电气,2025-09-23 10:21:57,23.84,11900,23.85,D
sz000400,许继电气,2025-09-23 10:22:03,23.84,9600,23.84,D
sz000400,许继电气,2025-09-23 10:22:54,23.84,10000,23.84,D
sz000400,许继电气,2025-09-23 10:22:57,23.83,13400,23.84,D
sz000400,许继电气,2025-09-23 10:23:03,23.83,11200,23.83,D
sz000400,许继电气,2025-09-23 10:23:15,23.84,8500,23.83,U
sz000400,许继电气,2025-09-23 10:23:48,23.82,18300,23.83,D
sz000400,许继电气,2025-09-23 10:23:51,23.81,31000,23.82,D
sz000400,许继电气,2025-09-23 10:23:54,23.8,40900,23.81,D
sz000400,许继电气,2025-09-23 10:24:09,23.81,22500,23.81,D
sz000400,许继电气,2025-09-23 10:24:15,23.81,35300,23.8,U
sz000400,许继电气,2025-09-23 10:24:18,23.8,9200,23.81,D
sz000400,许继电气,2025-09-23 10:24:24,23.8,21600,23.8,D
sz000400,许继电气,2025-09-23 10:25:03,23.78,16300,23.79,D
sz000400,许继电气,2025-09-23 10:25:15,23.77,9200,23.77,D
sz000400,许继电气,2025-09-23 10:25:21,23.76,13700,23.77,D
sz000400,许继电气,2025-09-23 10:25:36,23.75,44600,23.74,U
sz000400,许继电气,2025-09-23 10:25:39,23.75,12700,23.75,D
sz000400,许继电气,2025-09-23 10:25:42,23.74,29700,23.75,D
sz000400,许继电气,2025-09-23 10:25:45,23.75,12300,23.74,U
sz000400,许继电气,2025-09-23 10:26:00,23.73,10800,23.73,D
sz000400,许继电气,2025-09-23 10:26:03,23.74,31600,23.73,U
sz000400,许继电气,2025-09-23 10:26:06,23.74,32500,23.74,D
sz000400,许继电气,2025-09-23 10:26:09,23.74,15200,23.74,U
sz000400,许继电气,2025-09-23 10:26:18,23.74,13200,23.74,U
sz000400,许继电气,2025-09-23 10:26:21,23.72,9200,23.74,D
sz000400,许继电气,2025-09-23 10:26:24,23.72,10500,23.72,D
sz000400,许继电气,2025-09-23 10:26:33,23.73,13200,23.72,U
sz000400,许继电气,2025-09-23 10:26:36,23.74,11200,23.73,U
sz000400,许继电气,2025-09-23 10:26:45,23.73,23800,23.75,D
sz000400,许继电气,2025-09-23 10:26:54,23.74,13000,23.75,U
sz000400,许继电气,2025-09-23 10:27:00,23.75,20000,23.74,U
sz000400,许继电气,2025-09-23 10:27:03,23.74,13200,23.75,D
sz000400,许继电气,2025-09-23 10:27:09,23.74,12400,23.76,D
sz000400,许继电气,2025-09-23 10:27:21,23.74,17500,23.73,U
sz000400,许继电气,2025-09-23 10:27:27,23.73,9500,23.73,D
sz000400,许继电气,2025-09-23 10:27:30,23.74,16100,23.73,D
sz000400,许继电气,2025-09-23 10:27:33,23.74,32200,23.74,E
sz000400,许继电气,2025-09-23 10:27:36,23.73,17200,23.74,D
sz000400,许继电气,2025-09-23 10:27:45,23.72,8500,23.73,D
sz000400,许继电气,2025-09-23 10:27:51,23.72,12600,23.72,D
sz000400,许继电气,2025-09-23 10:27:54,23.72,9000,23.72,D
sz000400,许继电气,2025-09-23 10:28:03,23.72,25800,23.72,U
sz000400,许继电气,2025-09-23 10:28:06,23.73,11800,23.72,U
sz000400,许继电气,2025-09-23 10:28:15,23.72,19400,23.72,U
sz000400,许继电气,2025-09-23 10:28:24,23.73,17000,23.72,U
sz000400,许继电气,2025-09-23 10:28:30,23.72,9200,23.72,U
sz000400,许继电气,2025-09-23 10:28:39,23.72,20400,23.72,U
sz000400,许继电气,2025-09-23 10:28:42,23.72,23400,23.72,D
sz000400,许继电气,2025-09-23 10:28:48,23.72,21200,23.72,D
sz000400,许继电气,2025-09-23 10:28:51,23.75,12800,23.72,U
sz000400,许继电气,2025-09-23 10:29:00,23.75,9700,23.75,U
sz000400,许继电气,2025-09-23 10:29:06,23.76,24800,23.76,U
sz000400,许继电气,2025-09-23 10:29:12,23.77,12100,23.77,U
sz000400,许继电气,2025-09-23 10:29:36,23.77,9300,23.77,D
sz000400,许继电气,2025-09-23 10:29:45,23.78,13800,23.78,D
sz000400,许继电气,2025-09-23 10:29:54,23.79,9800,23.79,D
sz000400,许继电气,2025-09-23 10:30:00,23.8,14800,23.8,U
sz000400,许继电气,2025-09-23 10:30:03,23.79,20700,23.8,E
sz000400,许继电气,2025-09-23 10:30:09,23.79,9300,23.79,U
sz000400,许继电气,2025-09-23 10:30:12,23.78,22700,23.79,U
sz000400,许继电气,2025-09-23 10:30:36,23.78,15400,23.77,U
sz000400,许继电气,2025-09-23 10:30:45,23.76,11600,23.77,D
sz000400,许继电气,2025-09-23 10:30:51,23.74,11900,23.76,D
sz000400,许继电气,2025-09-23 10:31:15,23.76,52300,23.75,U
sz000400,许继电气,2025-09-23 10:31:18,23.76,10100,23.76,D
sz000400,许继电气,2025-09-23 10:31:48,23.73,12600,23.73,D
sz000400,许继电气,2025-09-23 10:31:57,23.72,11900,23.75,D
sz000400,许继电气,2025-09-23 10:32:06,23.71,10900,23.71,D
sz000400,许继电气,2025-09-23 10:32:09,23.73,14500,23.71,U
sz000400,许继电气,2025-09-23 10:32:18,23.71,14800,23.71,D
sz000400,许继电气,2025-09-23 10:32:21,23.7,10400,23.71,D
sz000400,许继电气,2025-09-23 10:32:24,23.7,10400,23.7,D
sz000400,许继电气,2025-09-23 10:32:30,23.7,46800,23.71,D
sz000400,许继电气,2025-09-23 10:32:36,23.7,9100,23.69,U
sz000400,许继电气,2025-09-23 10:32:45,23.68,34100,23.68,D
sz000400,许继电气,2025-09-23 10:32:48,23.67,18900,23.68,D
sz000400,许继电气,2025-09-23 10:33:00,23.66,20100,23.67,D
sz000400,许继电气,2025-09-23 10:33:03,23.65,23800,23.66,D
sz000400,许继电气,2025-09-23 10:33:06,23.65,21100,23.65,D
sz000400,许继电气,2025-09-23 10:33:09,23.66,13100,23.65,U
sz000400,许继电气,2025-09-23 10:33:12,23.65,35400,23.66,D
sz000400,许继电气,2025-09-23 10:33:18,23.66,28200,23.66,D
sz000400,许继电气,2025-09-23 10:33:24,23.66,9800,23.66,U
sz000400,许继电气,2025-09-23 10:33:27,23.65,37400,23.66,D
sz000400,许继电气,2025-09-23 10:33:54,23.67,10100,23.67,U
sz000400,许继电气,2025-09-23 10:34:03,23.69,19100,23.67,U
sz000400,许继电气,2025-09-23 10:34:09,23.7,18500,23.69,U
sz000400,许继电气,2025-09-23 10:34:57,23.75,22400,23.76,D
sz000400,许继电气,2025-09-23 10:35:06,23.75,8700,23.75,D
sz000400,许继电气,2025-09-23 10:35:21,23.77,12700,23.74,U
sz000400,许继电气,2025-09-23 10:35:45,23.77,12800,23.77,D
sz000400,许继电气,2025-09-23 10:35:54,23.77,16900,23.77,U
sz000400,许继电气,2025-09-23 10:36:48,23.79,15400,23.79,U
sz000400,许继电气,2025-09-23 10:37:27,23.81,8800,23.81,D
sz000400,许继电气,2025-09-23 10:37:36,23.81,81900,23.82,D
sz000400,许继电气,2025-09-23 10:37:42,23.8,12100,23.81,U
sz000400,许继电气,2025-09-23 10:37:54,23.81,21200,23.78,U
sz000400,许继电气,2025-09-23 10:37:57,23.8,23100,23.81,D
sz000400,许继电气,2025-09-23 10:38:00,23.84,40300,23.8,U
sz000400,许继电气,2025-09-23 10:38:12,23.8,10861,23.8,D
sz000400,许继电气,2025-09-23 10:38:15,23.79,142339,23.8,D
sz000400,许继电气,2025-09-23 10:38:27,23.77,27900,23.77,D
sz000400,许继电气,2025-09-23 10:38:42,23.76,17000,23.77,D
sz000400,许继电气,2025-09-23 10:38:45,23.76,14100,23.76,D
sz000400,许继电气,2025-09-23 10:39:09,23.75,9250,23.76,D
sz000400,许继电气,2025-09-23 10:39:21,23.74,16400,23.74,D
sz000400,许继电气,2025-09-23 10:40:27,23.73,42100,23.75,D
sz000400,许继电气,2025-09-23 10:41:00,23.74,8800,23.74,D
sz000400,许继电气,2025-09-23 10:41:06,23.73,10000,23.74,D
sz000400,许继电气,2025-09-23 10:41:12,23.73,57400,23.74,D
sz000400,许继电气,2025-09-23 10:41:39,23.69,9500,23.7,D
sz000400,许继电气,2025-09-23 10:41:51,23.68,8900,23.68,D
sz000400,许继电气,2025-09-23 10:41:54,23.68,10000,23.68,D
sz000400,许继电气,2025-09-23 10:42:03,23.67,10900,23.68,D
sz000400,许继电气,2025-09-23 10:42:33,23.69,24900,23.69,U
sz000400,许继电气,2025-09-23 10:42:36,23.7,10600,23.69,U
sz000400,许继电气,2025-09-23 10:42:39,23.71,10100,23.7,U
sz000400,许继电气,2025-09-23 10:42:51,23.72,49300,23.71,U
sz000400,许继电气,2025-09-23 10:43:42,23.75,18800,23.75,U
sz000400,许继电气,2025-09-23 10:44:42,23.79,8600,23.8,D
sz000400,许继电气,2025-09-23 10:44:48,23.8,13100,23.8,U
sz000400,许继电气,2025-09-23 10:45:03,23.8,62400,23.81,D
sz000400,许继电气,2025-09-23 10:45:09,23.82,12200,23.79,U
sz000400,许继电气,2025-09-23 10:45:24,23.8,36100,23.81,D
sz000400,许继电气,2025-09-23 10:45:27,23.8,23200,23.8,U
sz000400,许继电气,2025-09-23 10:45:30,23.79,15500,23.8,D
sz000400,许继电气,2025-09-23 10:46:06,23.78,12200,23.78,U
sz000400,许继电气,2025-09-23 10:46:09,23.77,9500,23.78,D
sz000400,许继电气,2025-09-23 10:46:15,23.76,36500,23.77,D
sz000400,许继电气,2025-09-23 10:48:21,23.76,9700,23.76,U
sz000400,许继电气,2025-09-23 10:48:24,23.75,29100,23.76,D
sz000400,许继电气,2025-09-23 10:48:57,23.75,29100,23.74,U
sz000400,许继电气,2025-09-23 10:49:09,23.75,10300,23.75,D
sz000400,许继电气,2025-09-23 10:49:15,23.75,38200,23.77,D
sz000400,许继电气,2025-09-23 10:49:48,23.8,12000,23.78,U
sz000400,许继电气,2025-09-23 10:49:51,23.77,20500,23.8,D
sz000400,许继电气,2025-09-23 10:49:54,23.78,21200,23.77,U
sz000400,许继电气,2025-09-23 10:50:12,23.76,47500,23.76,U
sz000400,许继电气,2025-09-23 10:52:03,23.7,44200,23.75,D
sz000400,许继电气,2025-09-23 10:52:54,23.7,36700,23.71,D
sz000400,许继电气,2025-09-23 10:52:57,23.69,79900,23.7,D
sz000400,许继电气,2025-09-23 10:53:03,23.67,13700,23.7,D
sz000400,许继电气,2025-09-23 10:53:42,23.66,10200,23.67,D
sz000400,许继电气,2025-09-23 10:54:06,23.67,13800,23.67,U
sz000400,许继电气,2025-09-23 10:54:18,23.67,11400,23.68,D
sz000400,许继电气,2025-09-23 10:54:36,23.71,17600,23.71,U
sz000400,许继电气,2025-09-23 10:55:15,23.72,9800,23.72,D
sz000400,许继电气,2025-09-23 10:55:51,23.71,9800,23.71,D
sz000400,许继电气,2025-09-23 10:55:57,23.71,10000,23.71,D
sz000400,许继电气,2025-09-23 10:56:03,23.7,19000,23.71,D
sz000400,许继电气,2025-09-23 10:57:15,23.69,12100,23.7,D
sz000400,许继电气,2025-09-23 10:58:51,23.72,26000,23.71,U
sz000400,许继电气,2025-09-23 10:59:42,23.77,10700,23.76,U
sz000400,许继电气,2025-09-23 11:00:09,23.77,15200,23.75,U
sz000400,许继电气,2025-09-23 11:00:21,23.75,24900,23.75,D
sz000400,许继电气,2025-09-23 11:00:24,23.75,24600,23.75,D
sz000400,许继电气,2025-09-23 11:01:03,23.76,11400,23.76,D
sz000400,许继电气,2025-09-23 11:02:00,23.73,18600,23.74,D
sz000400,许继电气,2025-09-23 11:02:03,23.74,14100,23.73,U
sz000400,许继电气,2025-09-23 11:02:15,23.76,14400,23.74,U
sz000400,许继电气,2025-09-23 11:02:24,23.77,12100,23.75,U
sz000400,许继电气,2025-09-23 11:03:09,23.79,32400,23.76,U
sz000400,许继电气,2025-09-23 11:03:24,23.8,20200,23.8,U
sz000400,许继电气,2025-09-23 11:03:27,23.8,10100,23.8,U
sz000400,许继电气,2025-09-23 11:04:24,23.8,16400,23.82,D
sz000400,许继电气,2025-09-23 11:05:03,23.81,18900,23.82,D
sz000400,许继电气,2025-09-23 11:05:48,23.82,10300,23.81,U
sz000400,许继电气,2025-09-23 11:05:54,23.82,20500,23.81,U
sz000400,许继电气,2025-09-23 11:06:24,23.83,16300,23.83,U
sz000400,许继电气,2025-09-23 11:07:39,23.82,11000,23.82,U
sz000400,许继电气,2025-09-23 11:08:06,23.82,9400,23.82,D
sz000400,许继电气,2025-09-23 11:08:15,23.81,20000,23.81,D
sz000400,许继电气,2025-09-23 11:08:39,23.8,58000,23.8,D
sz000400,许继电气,2025-09-23 11:09:33,23.78,18700,23.78,U
sz000400,许继电气,2025-09-23 11:10:21,23.78,28800,23.78,U
sz000400,许继电气,2025-09-23 11:12:21,23.81,12200,23.81,U
sz000400,许继电气,2025-09-23 11:12:42,23.81,11400,23.81,U
sz000400,许继电气,2025-09-23 11:13:24,23.81,13100,23.81,D
sz000400,许继电气,2025-09-23 11:13:42,23.8,26800,23.8,D
sz000400,许继电气,2025-09-23 11:13:48,23.79,9100,23.79,D
sz000400,许继电气,2025-09-23 11:13:57,23.78,17800,23.78,D
sz000400,许继电气,2025-09-23 11:14:03,23.75,88000,23.78,D
sz000400,许继电气,2025-09-23 11:14:27,23.75,8800,23.76,D
sz000400,许继电气,2025-09-23 11:16:06,23.74,11400,23.74,D
sz000400,许继电气,2025-09-23 11:16:27,23.73,22500,23.73,D
sz000400,许继电气,2025-09-23 11:16:33,23.72,12100,23.73,D
sz000400,许继电气,2025-09-23 11:17:06,23.71,17600,23.71,U
sz000400,许继电气,2025-09-23 11:17:42,23.72,12600,23.71,U
sz000400,许继电气,2025-09-23 11:20:09,23.75,10200,23.73,U
sz000400,许继电气,2025-09-23 11:21:03,23.74,16800,23.75,D
sz000400,许继电气,2025-09-23 11:21:21,23.73,9000,23.73,D
sz000400,许继电气,2025-09-23 11:21:39,23.72,14500,23.73,D
sz000400,许继电气,2025-09-23 11:21:42,23.72,8700,23.72,D
sz000400,许继电气,2025-09-23 11:22:06,23.72,31500,23.72,D
sz000400,许继电气,2025-09-23 11:22:18,23.7,27700,23.7,D
sz000400,许继电气,2025-09-23 11:22:24,23.7,18200,23.7,D
sz000400,许继电气,2025-09-23 11:22:54,23.7,11500,23.71,D
sz000400,许继电气,2025-09-23 11:23:24,23.69,42100,23.71,D
sz000400,许继电气,2025-09-23 11:23:27,23.7,12200,23.69,U
sz000400,许继电气,2025-09-23 11:23:30,23.69,22300,23.7,D
sz000400,许继电气,2025-09-23 11:24:03,23.68,9100,23.69,D
sz000400,许继电气,2025-09-23 11:24:15,23.68,8900,23.69,D
sz000400,许继电气,2025-09-23 11:25:03,23.68,25500,23.7,D
sz000400,许继电气,2025-09-23 11:25:12,23.68,14400,23.68,D
sz000400,许继电气,2025-09-23 11:25:36,23.67,22800,23.67,D
sz000400,许继电气,2025-09-23 11:26:00,23.66,16700,23.67,D
sz000400,许继电气,2025-09-23 11:26:03,23.66,16500,23.66,D
sz000400,许继电气,2025-09-23 11:26:12,23.66,8500,23.66,U
sz000400,许继电气,2025-09-23 11:26:21,23.66,10400,23.65,U
sz000400,许继电气,2025-09-23 11:26:42,23.65,11600,23.65,D
sz000400,许继电气,2025-09-23 11:26:57,23.65,12360,23.66,D
sz000400,许继电气,2025-09-23 11:28:33,23.68,8500,23.68,U
sz000400,许继电气,2025-09-23 11:29:21,23.67,16000,23.67,D
sz000400,许继电气,2025-09-23 13:00:00,23.7,9500,23.69,U
sz000400,许继电气,2025-09-23 13:00:03,23.69,83900,23.7,D
sz000400,许继电气,2025-09-23 13:00:48,23.67,18400,23.69,D
sz000400,许继电气,2025-09-23 13:01:03,23.68,10600,23.67,U
sz000400,许继电气,2025-09-23 13:01:12,23.7,28100,23.68,U
sz000400,许继电气,2025-09-23 13:01:51,23.72,21100,23.72,D
sz000400,许继电气,2025-09-23 13:02:03,23.68,13500,23.74,D
sz000400,许继电气,2025-09-23 13:02:06,23.7,9000,23.68,E
sz000400,许继电气,2025-09-23 13:02:12,23.69,14200,23.7,D
sz000400,许继电气,2025-09-23 13:02:33,23.7,12900,23.7,D
sz000400,许继电气,2025-09-23 13:02:54,23.68,36100,23.68,D
sz000400,许继电气,2025-09-23 13:03:21,23.68,8800,23.67,U
sz000400,许继电气,2025-09-23 13:04:03,23.66,17200,23.67,D
sz000400,许继电气,2025-09-23 13:04:36,23.65,43800,23.65,D
sz000400,许继电气,2025-09-23 13:04:57,23.64,8800,23.64,D
sz000400,许继电气,2025-09-23 13:05:21,23.65,13600,23.64,U
sz000400,许继电气,2025-09-23 13:05:27,23.67,20200,23.65,U
sz000400,许继电气,2025-09-23 13:05:36,23.67,40800,23.66,U
sz000400,许继电气,2025-09-23 13:05:51,23.69,14000,23.68,U
sz000400,许继电气,2025-09-23 13:05:54,23.74,100500,23.69,U
sz000400,许继电气,2025-09-23 13:06:03,23.74,13000,23.77,D
sz000400,许继电气,2025-09-23 13:06:30,23.73,21900,23.74,E
sz000400,许继电气,2025-09-23 13:06:45,23.72,9600,23.73,D
sz000400,许继电气,2025-09-23 13:07:00,23.71,8500,23.73,D
sz000400,许继电气,2025-09-23 13:07:09,23.72,17500,23.72,U
sz000400,许继电气,2025-09-23 13:07:12,23.72,12100,23.72,U
sz000400,许继电气,2025-09-23 13:07:18,23.74,44100,23.72,U
sz000400,许继电气,2025-09-23 13:07:21,23.75,25700,23.74,U
sz000400,许继电气,2025-09-23 13:07:48,23.79,13100,23.78,U
sz000400,许继电气,2025-09-23 13:07:51,23.82,83400,23.79,U
sz000400,许继电气,2025-09-23 13:07:54,23.83,12000,23.82,U
sz000400,许继电气,2025-09-23 13:07:57,23.83,18100,23.83,U
sz000400,许继电气,2025-09-23 13:08:00,23.83,24800,23.83,U
sz000400,许继电气,2025-09-23 13:08:03,23.86,58900,23.83,U
sz000400,许继电气,2025-09-23 13:08:15,23.87,12500,23.86,E
sz000400,许继电气,2025-09-23 13:08:24,23.87,36700,23.87,U
sz000400,许继电气,2025-09-23 13:08:36,23.89,48000,23.87,U
sz000400,许继电气,2025-09-23 13:08:39,23.89,13369,23.89,U
sz000400,许继电气,2025-09-23 13:08:42,23.9,14300,23.89,U
sz000400,许继电气,2025-09-23 13:08:45,23.94,71200,23.9,U
sz000400,许继电气,2025-09-23 13:08:54,23.91,17900,23.93,D
sz000400,许继电气,2025-09-23 13:08:57,23.92,36300,23.91,E
sz000400,许继电气,2025-09-23 13:09:03,23.91,12200,23.93,D
sz000400,许继电气,2025-09-23 13:09:06,23.91,9300,23.91,D
sz000400,许继电气,2025-09-23 13:09:09,23.89,20500,23.91,D
sz000400,许继电气,2025-09-23 13:09:18,23.93,91900,23.9,U
sz000400,许继电气,2025-09-23 13:09:30,23.87,13800,23.9,D
sz000400,许继电气,2025-09-23 13:09:39,23.87,9000,23.87,D
sz000400,许继电气,2025-09-23 13:09:48,23.87,14800,23.87,D
sz000400,许继电气,2025-09-23 13:10:15,23.85,20200,23.85,D
sz000400,许继电气,2025-09-23 13:10:54,23.82,10700,23.84,D
sz000400,许继电气,2025-09-23 13:11:03,23.85,79300,23.82,U
sz000400,许继电气,2025-09-23 13:11:06,23.83,11500,23.85,D
sz000400,许继电气,2025-09-23 13:11:21,23.86,9800,23.86,U
sz000400,许继电气,2025-09-23 13:11:27,23.87,19400,23.86,U
sz000400,许继电气,2025-09-23 13:11:30,23.87,9500,23.87,D
sz000400,许继电气,2025-09-23 13:11:36,23.88,22400,23.86,U
sz000400,许继电气,2025-09-23 13:11:39,23.88,39900,23.88,U
sz000400,许继电气,2025-09-23 13:11:45,23.88,9200,23.89,D
sz000400,许继电气,2025-09-23 13:12:12,23.88,10800,23.89,D
sz000400,许继电气,2025-09-23 13:12:45,23.9,35500,23.9,U
sz000400,许继电气,2025-09-23 13:13:00,23.91,14100,23.9,U
sz000400,许继电气,2025-09-23 13:13:06,23.91,9900,23.91,U
sz000400,许继电气,2025-09-23 13:13:09,23.9,28000,23.91,D
sz000400,许继电气,2025-09-23 13:13:27,23.89,13400,23.9,D
sz000400,许继电气,2025-09-23 13:13:45,23.88,8600,23.88,D
sz000400,许继电气,2025-09-23 13:14:00,23.87,22500,23.88,D
sz000400,许继电气,2025-09-23 13:14:03,23.9,119900,23.87,U
sz000400,许继电气,2025-09-23 13:14:09,23.91,18500,23.9,U
sz000400,许继电气,2025-09-23 13:14:48,23.9,20800,23.91,D
sz000400,许继电气,2025-09-23 13:14:57,23.9,20800,23.9,D
sz000400,许继电气,2025-09-23 13:15:54,23.89,11000,23.89,D
sz000400,许继电气,2025-09-23 13:16:00,23.89,22400,23.89,U
sz000400,许继电气,2025-09-23 13:16:27,23.88,26200,23.88,D
sz000400,许继电气,2025-09-23 13:16:36,23.86,12200,23.87,D
sz000400,许继电气,2025-09-23 13:17:30,23.87,28800,23.87,D
sz000400,许继电气,2025-09-23 13:17:33,23.87,19000,23.87,D
sz000400,许继电气,2025-09-23 13:18:21,23.86,9800,23.88,D
sz000400,许继电气,2025-09-23 13:18:57,23.83,11500,23.84,D
sz000400,许继电气,2025-09-23 13:19:03,23.86,9800,23.85,U
sz000400,许继电气,2025-09-23 13:19:06,23.87,75000,23.86,U
sz000400,许继电气,2025-09-23 13:19:18,23.88,20500,23.87,U
sz000400,许继电气,2025-09-23 13:19:45,23.89,9300,23.89,U
sz000400,许继电气,2025-09-23 13:20:54,23.85,14700,23.87,D
sz000400,许继电气,2025-09-23 13:21:15,23.87,10600,23.86,U
sz000400,许继电气,2025-09-23 13:21:18,23.87,9200,23.87,U
sz000400,许继电气,2025-09-23 13:21:21,23.87,20300,23.87,D
sz000400,许继电气,2025-09-23 13:23:09,23.85,20000,23.87,D
sz000400,许继电气,2025-09-23 13:23:45,23.86,21300,23.86,D
sz000400,许继电气,2025-09-23 13:23:54,23.87,28500,23.87,D
sz000400,许继电气,2025-09-23 13:24:09,23.9,38000,23.88,U
sz000400,许继电气,2025-09-23 13:24:18,23.9,8900,23.89,U
sz000400,许继电气,2025-09-23 13:24:21,23.91,65700,23.9,U
sz000400,许继电气,2025-09-23 13:24:24,23.91,18300,23.91,U
sz000400,许继电气,2025-09-23 13:24:27,23.91,25900,23.91,U
sz000400,许继电气,2025-09-23 13:24:30,23.93,93500,23.91,U
sz000400,许继电气,2025-09-23 13:24:33,23.96,108100,23.93,U
sz000400,许继电气,2025-09-23 13:24:36,23.96,58600,23.96,U
sz000400,许继电气,2025-09-23 13:24:39,23.97,15000,23.96,U
sz000400,许继电气,2025-09-23 13:24:48,23.98,63000,23.97,U
sz000400,许继电气,2025-09-23 13:24:54,23.98,17700,23.98,D
sz000400,许继电气,2025-09-23 13:25:00,23.98,16500,23.98,U
sz000400,许继电气,2025-09-23 13:25:06,23.98,12300,23.98,U
sz000400,许继电气,2025-09-23 13:25:09,24.0,41200,23.98,U
sz000400,许继电气,2025-09-23 13:25:12,24.0,16800,24.0,U
sz000400,许继电气,2025-09-23 13:25:15,24.0,11300,24.0,U
sz000400,许继电气,2025-09-23 13:25:18,24.0,38400,24.0,U
sz000400,许继电气,2025-09-23 13:25:21,24.0,34500,24.0,U
sz000400,许继电气,2025-09-23 13:25:24,24.0,13900,24.0,U
sz000400,许继电气,2025-09-23 13:25:27,24.0,51200,24.0,U
sz000400,许继电气,2025-09-23 13:25:30,24.01,18400,24.0,U
sz000400,许继电气,2025-09-23 13:25:33,24.01,8900,24.01,U
sz000400,许继电气,2025-09-23 13:25:39,24.01,9500,24.01,U
sz000400,许继电气,2025-09-23 13:25:42,24.02,26800,24.01,U
sz000400,许继电气,2025-09-23 13:25:45,24.01,27300,24.02,D
sz000400,许继电气,2025-09-23 13:25:48,24.02,9000,24.01,E
sz000400,许继电气,2025-09-23 13:25:51,24.04,11100,24.02,U
sz000400,许继电气,2025-09-23 13:25:57,24.04,9000,24.04,U
sz000400,许继电气,2025-09-23 13:26:00,24.04,17600,24.04,U
sz000400,许继电气,2025-09-23 13:26:03,24.02,43800,24.04,D
sz000400,许继电气,2025-09-23 13:26:06,24.02,15900,24.02,D
sz000400,许继电气,2025-09-23 13:26:09,24.02,15800,24.02,D
sz000400,许继电气,2025-09-23 13:26:12,24.02,22000,24.02,D
sz000400,许继电气,2025-09-23 13:26:21,24.04,17200,24.03,U
sz000400,许继电气,2025-09-23 13:26:24,24.03,9900,24.04,U
sz000400,许继电气,2025-09-23 13:26:30,24.04,21700,24.04,U
sz000400,许继电气,2025-09-23 13:26:42,24.04,10100,24.04,U
sz000400,许继电气,2025-09-23 13:26:45,24.05,27800,24.04,U
sz000400,许继电气,2025-09-23 13:26:48,24.04,8800,24.05,D
sz000400,许继电气,2025-09-23 13:26:57,24.04,13200,24.04,U
sz000400,许继电气,2025-09-23 13:27:00,24.06,155650,24.04,U
sz000400,许继电气,2025-09-23 13:27:03,24.1,124500,24.06,U
sz000400,许继电气,2025-09-23 13:27:06,24.1,47900,24.1,U
sz000400,许继电气,2025-09-23 13:27:09,24.12,29700,24.1,U
sz000400,许继电气,2025-09-23 13:27:12,24.12,20000,24.12,U
sz000400,许继电气,2025-09-23 13:27:18,24.12,11600,24.12,D
sz000400,许继电气,2025-09-23 13:27:21,24.14,16900,24.12,U
sz000400,许继电气,2025-09-23 13:27:24,24.15,10200,24.14,U
sz000400,许继电气,2025-09-23 13:27:27,24.15,37800,24.15,U
sz000400,许继电气,2025-09-23 13:27:30,24.15,48400,24.15,U
sz000400,许继电气,2025-09-23 13:27:33,24.15,41500,24.15,U
sz000400,许继电气,2025-09-23 13:27:36,24.15,39100,24.15,D
sz000400,许继电气,2025-09-23 13:27:39,24.23,260300,24.15,U
sz000400,许继电气,2025-09-23 13:27:42,24.24,54700,24.23,U
sz000400,许继电气,2025-09-23 13:27:45,24.22,63600,24.24,D
sz000400,许继电气,2025-09-23 13:27:48,24.32,706972,24.22,U
sz000400,许继电气,2025-09-23 13:27:51,24.32,19700,24.32,D
sz000400,许继电气,2025-09-23 13:27:54,24.4,510500,24.32,U
sz000400,许继电气,2025-09-23 13:27:57,24.4,91500,24.4,U
sz000400,许继电气,2025-09-23 13:28:00,24.41,46100,24.4,E
sz000400,许继电气,2025-09-23 13:28:03,24.41,62300,24.41,D
sz000400,许继电气,2025-09-23 13:28:06,24.4,68700,24.41,E
sz000400,许继电气,2025-09-23 13:28:09,24.35,60300,24.4,D
sz000400,许继电气,2025-09-23 13:28:12,24.37,11200,24.35,E
sz000400,许继电气,2025-09-23 13:28:15,24.35,27200,24.37,D
sz000400,许继电气,2025-09-23 13:28:18,24.35,22900,24.35,U
sz000400,许继电气,2025-09-23 13:28:21,24.41,310000,24.35,U
sz000400,许继电气,2025-09-23 13:28:24,24.36,82300,24.41,D
sz000400,许继电气,2025-09-23 13:28:27,24.38,49700,24.36,E
sz000400,许继电气,2025-09-23 13:28:30,24.4,64417,24.38,U
sz000400,许继电气,2025-09-23 13:28:33,24.39,57100,24.4,D
sz000400,许继电气,2025-09-23 13:28:36,24.39,76583,24.39,D
sz000400,许继电气,2025-09-23 13:28:39,24.39,22200,24.39,U
sz000400,许继电气,2025-09-23 13:28:42,24.37,38600,24.39,D
sz000400,许继电气,2025-09-23 13:28:45,24.33,29600,24.37,D
sz000400,许继电气,2025-09-23 13:28:48,24.35,31300,24.33,U
sz000400,许继电气,2025-09-23 13:28:51,24.31,22300,24.35,D
sz000400,许继电气,2025-09-23 13:28:54,24.3,15800,24.31,D
sz000400,许继电气,2025-09-23 13:28:57,24.3,21500,24.3,D
sz000400,许继电气,2025-09-23 13:29:03,24.28,10200,24.29,D
sz000400,许继电气,2025-09-23 13:29:06,24.27,12700,24.28,D
sz000400,许继电气,2025-09-23 13:29:09,24.26,72300,24.27,D
sz000400,许继电气,2025-09-23 13:29:12,24.29,156100,24.26,E
sz000400,许继电气,2025-09-23 13:29:15,24.3,102100,24.29,E
sz000400,许继电气,2025-09-23 13:29:18,24.39,48200,24.3,U
sz000400,许继电气,2025-09-23 13:29:21,24.38,30500,24.39,E
sz000400,许继电气,2025-09-23 13:29:24,24.39,24500,24.38,U
sz000400,许继电气,2025-09-23 13:29:27,24.36,17900,24.39,D
sz000400,许继电气,2025-09-23 13:29:30,24.36,29400,24.36,D
sz000400,许继电气,2025-09-23 13:29:33,24.36,32500,24.36,D
sz000400,许继电气,2025-09-23 13:29:36,24.35,25600,24.36,E
sz000400,许继电气,2025-09-23 13:29:39,24.35,22200,24.35,U
sz000400,许继电气,2025-09-23 13:29:42,24.34,11200,24.35,D
sz000400,许继电气,2025-09-23 13:29:45,24.34,32000,24.34,D
sz000400,许继电气,2025-09-23 13:29:48,24.35,56200,24.34,U
sz000400,许继电气,2025-09-23 13:29:51,24.31,9200,24.35,D
sz000400,许继电气,2025-09-23 13:29:54,24.27,25700,24.31,D
sz000400,许继电气,2025-09-23 13:30:03,24.3,32500,24.27,U
sz000400,许继电气,2025-09-23 13:30:09,24.28,9200,24.3,D
sz000400,许继电气,2025-09-23 13:30:12,24.29,65000,24.28,U
sz000400,许继电气,2025-09-23 13:30:15,24.28,9300,24.29,E
sz000400,许继电气,2025-09-23 13:30:21,24.27,11600,24.27,D
sz000400,许继电气,2025-09-23 13:30:24,24.27,32700,24.27,D
sz000400,许继电气,2025-09-23 13:30:27,24.27,10300,24.27,U
sz000400,许继电气,2025-09-23 13:30:36,24.24,34200,24.25,D
sz000400,许继电气,2025-09-23 13:30:39,24.18,41100,24.24,D
sz000400,许继电气,2025-09-23 13:30:42,24.25,21600,24.18,U
sz000400,许继电气,2025-09-23 13:30:51,24.2,18500,24.2,U
sz000400,许继电气,2025-09-23 13:30:54,24.2,27500,24.2,D
sz000400,许继电气,2025-09-23 13:30:57,24.2,13600,24.2,D
sz000400,许继电气,2025-09-23 13:31:00,24.2,13400,24.2,U
sz000400,许继电气,2025-09-23 13:31:03,24.19,27900,24.2,E
sz000400,许继电气,2025-09-23 13:31:06,24.2,14300,24.19,E
sz000400,许继电气,2025-09-23 13:31:09,24.18,22200,24.2,D
sz000400,许继电气,2025-09-23 13:31:12,24.18,9700,24.18,D
sz000400,许继电气,2025-09-23 13:31:18,24.2,22300,24.19,U
sz000400,许继电气,2025-09-23 13:31:24,24.2,11700,24.2,U
sz000400,许继电气,2025-09-23 13:31:30,24.2,14700,24.19,U
sz000400,许继电气,2025-09-23 13:31:33,24.19,29100,24.2,D
sz000400,许继电气,2025-09-23 13:31:39,24.21,12400,24.2,E
sz000400,许继电气,2025-09-23 13:31:48,24.21,24400,24.21,D
sz000400,许继电气,2025-09-23 13:31:57,24.22,26600,24.21,U
sz000400,许继电气,2025-09-23 13:32:03,24.23,20700,24.21,U
sz000400,许继电气,2025-09-23 13:32:09,24.23,25800,24.23,D
sz000400,许继电气,2025-09-23 13:32:12,24.23,45200,24.23,D
sz000400,许继电气,2025-09-23 13:32:15,24.25,44000,24.23,E
sz000400,许继电气,2025-09-23 13:32:18,24.26,21200,24.25,E
sz000400,许继电气,2025-09-23 13:32:21,24.26,19600,24.26,U
sz000400,许继电气,2025-09-23 13:32:24,24.26,23700,24.26,D
sz000400,许继电气,2025-09-23 13:32:27,24.24,80600,24.26,D
sz000400,许继电气,2025-09-23 13:32:30,24.26,35800,24.24,U
sz000400,许继电气,2025-09-23 13:32:39,24.26,12300,24.26,D
sz000400,许继电气,2025-09-23 13:32:42,24.27,41900,24.26,U
sz000400,许继电气,2025-09-23 13:32:45,24.27,9800,24.27,U
sz000400,许继电气,2025-09-23 13:32:48,24.26,9200,24.27,D
sz000400,许继电气,2025-09-23 13:32:57,24.24,11200,24.25,D
sz000400,许继电气,2025-09-23 13:33:00,24.24,23300,24.24,D
sz000400,许继电气,2025-09-23 13:33:03,24.23,33200,24.24,D
sz000400,许继电气,2025-09-23 13:33:06,24.23,26200,24.23,D
sz000400,许继电气,2025-09-23 13:33:09,24.23,10900,24.23,D
sz000400,许继电气,2025-09-23 13:33:12,24.23,10700,24.23,D
sz000400,许继电气,2025-09-23 13:33:15,24.23,8600,24.23,U
sz000400,许继电气,2025-09-23 13:33:21,24.22,16100,24.23,D
sz000400,许继电气,2025-09-23 13:33:24,24.22,9400,24.22,U
sz000400,许继电气,2025-09-23 13:33:27,24.21,9300,24.22,D
sz000400,许继电气,2025-09-23 13:33:33,24.21,19300,24.21,D
sz000400,许继电气,2025-09-23 13:33:39,24.21,38100,24.21,D
sz000400,许继电气,2025-09-23 13:33:42,24.21,10800,24.21,U
sz000400,许继电气,2025-09-23 13:33:45,24.2,34900,24.21,D
sz000400,许继电气,2025-09-23 13:33:54,24.19,9000,24.19,D
sz000400,许继电气,2025-09-23 13:33:57,24.2,28200,24.19,U
sz000400,许继电气,2025-09-23 13:34:00,24.19,45500,24.2,D
sz000400,许继电气,2025-09-23 13:34:03,24.19,12600,24.19,D
sz000400,许继电气,2025-09-23 13:34:06,24.2,30600,24.19,U
sz000400,许继电气,2025-09-23 13:34:09,24.18,20300,24.2,D
sz000400,许继电气,2025-09-23 13:34:12,24.17,12900,24.18,D
sz000400,许继电气,2025-09-23 13:34:18,24.2,83900,24.16,U
sz000400,许继电气,2025-09-23 13:34:21,24.19,16800,24.2,D
sz000400,许继电气,2025-09-23 13:34:24,24.15,82400,24.19,D
sz000400,许继电气,2025-09-23 13:34:27,24.2,29800,24.15,U
sz000400,许继电气,2025-09-23 13:34:30,24.18,8600,24.2,D
sz000400,许继电气,2025-09-23 13:34:33,24.17,10400,24.18,D
sz000400,许继电气,2025-09-23 13:34:36,24.18,9700,24.17,E
sz000400,许继电气,2025-09-23 13:34:48,24.18,9800,24.18,D
sz000400,许继电气,2025-09-23 13:34:51,24.19,43600,24.18,U
sz000400,许继电气,2025-09-23 13:35:03,24.19,25200,24.2,D
sz000400,许继电气,2025-09-23 13:35:12,24.19,37300,24.18,U
sz000400,许继电气,2025-09-23 13:35:15,24.18,15200,24.19,D
sz000400,许继电气,2025-09-23 13:35:18,24.19,16800,24.18,U
sz000400,许继电气,2025-09-23 13:35:21,24.18,11000,24.19,D
sz000400,许继电气,2025-09-23 13:35:24,24.18,12400,24.18,D
sz000400,许继电气,2025-09-23 13:35:27,24.18,9100,24.18,D
sz000400,许继电气,2025-09-23 13:35:39,24.17,10200,24.18,D
sz000400,许继电气,2025-09-23 13:35:51,24.16,16500,24.16,D
sz000400,许继电气,2025-09-23 13:35:54,24.2,241800,24.16,U
sz000400,许继电气,2025-09-23 13:35:57,24.2,16800,24.2,D
sz000400,许继电气,2025-09-23 13:36:00,24.2,11500,24.2,D
sz000400,许继电气,2025-09-23 13:36:12,24.22,12900,24.22,D
sz000400,许继电气,2025-09-23 13:36:15,24.23,31300,24.22,U
sz000400,许继电气,2025-09-23 13:36:27,24.24,8600,24.24,U
sz000400,许继电气,2025-09-23 13:36:36,24.25,24900,24.24,U
sz000400,许继电气,2025-09-23 13:36:39,24.26,22100,24.25,U
sz000400,许继电气,2025-09-23 13:36:42,24.25,14300,24.26,D
sz000400,许继电气,2025-09-23 13:36:45,24.25,13700,24.25,D
sz000400,许继电气,2025-09-23 13:36:51,24.26,26800,24.25,U
sz000400,许继电气,2025-09-23 13:36:54,24.25,16800,24.26,E
sz000400,许继电气,2025-09-23 13:36:57,24.26,12100,24.25,U
sz000400,许继电气,2025-09-23 13:37:03,24.26,18700,24.26,U
sz000400,许继电气,2025-09-23 13:37:06,24.25,19800,24.26,D
sz000400,许继电气,2025-09-23 13:37:09,24.24,30100,24.25,D
sz000400,许继电气,2025-09-23 13:37:15,24.25,17100,24.25,U
sz000400,许继电气,2025-09-23 13:37:18,24.24,11900,24.25,D
sz000400,许继电气,2025-09-23 13:37:21,24.24,18000,24.24,D
sz000400,许继电气,2025-09-23 13:37:33,24.23,22200,24.23,D
sz000400,许继电气,2025-09-23 13:37:39,24.22,13100,24.23,D
sz000400,许继电气,2025-09-23 13:37:48,24.21,14500,24.22,D
sz000400,许继电气,2025-09-23 13:37:51,24.21,29800,24.21,D
sz000400,许继电气,2025-09-23 13:37:57,24.21,39200,24.23,D
sz000400,许继电气,2025-09-23 13:38:00,24.22,10900,24.21,U
sz000400,许继电气,2025-09-23 13:38:03,24.24,58500,24.22,U
sz000400,许继电气,2025-09-23 13:38:06,24.22,18300,24.24,D
sz000400,许继电气,2025-09-23 13:38:12,24.29,230800,24.23,U
sz000400,许继电气,2025-09-23 13:38:15,24.27,41900,24.29,D
sz000400,许继电气,2025-09-23 13:38:18,24.29,34300,24.27,U
sz000400,许继电气,2025-09-23 13:38:21,24.31,126900,24.29,U
sz000400,许继电气,2025-09-23 13:38:24,24.3,15400,24.31,E
sz000400,许继电气,2025-09-23 13:38:27,24.31,17100,24.3,U
sz000400,许继电气,2025-09-23 13:38:30,24.32,17600,24.31,U
sz000400,许继电气,2025-09-23 13:38:33,24.33,18800,24.32,U
sz000400,许继电气,2025-09-23 13:38:36,24.33,33700,24.33,U
sz000400,许继电气,2025-09-23 13:38:39,24.33,29800,24.33,U
sz000400,许继电气,2025-09-23 13:38:42,24.33,12600,24.33,D
sz000400,许继电气,2025-09-23 13:38:45,24.32,14500,24.33,D
sz000400,许继电气,2025-09-23 13:38:48,24.32,27200,24.32,U
sz000400,许继电气,2025-09-23 13:38:51,24.32,29400,24.32,U
sz000400,许继电气,2025-09-23 13:38:54,24.32,31600,24.32,D
sz000400,许继电气,2025-09-23 13:38:57,24.32,25400,24.32,U
sz000400,许继电气,2025-09-23 13:39:00,24.32,29500,24.32,U
sz000400,许继电气,2025-09-23 13:39:03,24.3,48400,24.32,D
sz000400,许继电气,2025-09-23 13:39:33,24.26,10700,24.26,D
sz000400,许继电气,2025-09-23 13:39:36,24.27,16200,24.26,U
sz000400,许继电气,2025-09-23 13:39:39,24.27,12100,24.27,D
sz000400,许继电气,2025-09-23 13:39:45,24.26,13000,24.27,D
sz000400,许继电气,2025-09-23 13:39:51,24.27,16900,24.27,U
sz000400,许继电气,2025-09-23 13:40:06,24.26,17400,24.26,D
sz000400,许继电气,2025-09-23 13:40:12,24.25,12000,24.26,D
sz000400,许继电气,2025-09-23 13:40:24,24.26,29200,24.24,U
sz000400,许继电气,2025-09-23 13:40:27,24.25,17100,24.26,D
sz000400,许继电气,2025-09-23 13:40:36,24.25,23900,24.25,U
sz000400,许继电气,2025-09-23 13:40:42,24.24,24500,24.24,D
sz000400,许继电气,2025-09-23 13:40:54,24.24,16000,24.24,D
sz000400,许继电气,2025-09-23 13:40:57,24.23,36300,24.24,D
sz000400,许继电气,2025-09-23 13:41:03,24.24,26800,24.23,U
sz000400,许继电气,2025-09-23 13:41:09,24.27,92650,24.24,U
sz000400,许继电气,2025-09-23 13:41:12,24.28,12700,24.27,U
sz000400,许继电气,2025-09-23 13:41:21,24.28,12300,24.28,U
sz000400,许继电气,2025-09-23 13:41:30,24.29,43100,24.29,U
sz000400,许继电气,2025-09-23 13:41:36,24.3,122500,24.29,U
sz000400,许继电气,2025-09-23 13:41:39,24.3,24200,24.3,U
sz000400,许继电气,2025-09-23 13:41:42,24.31,31700,24.3,U
sz000400,许继电气,2025-09-23 13:41:45,24.3,13200,24.31,D
sz000400,许继电气,2025-09-23 13:41:48,24.32,19700,24.3,U
sz000400,许继电气,2025-09-23 13:41:51,24.32,15700,24.32,U
sz000400,许继电气,2025-09-23 13:41:54,24.32,21600,24.32,U
sz000400,许继电气,2025-09-23 13:42:03,24.32,16400,24.33,D
sz000400,许继电气,2025-09-23 13:42:06,24.33,27600,24.32,U
sz000400,许继电气,2025-09-23 13:42:12,24.32,12300,24.32,D
sz000400,许继电气,2025-09-23 13:42:15,24.32,21100,24.32,D
sz000400,许继电气,2025-09-23 13:42:18,24.32,33300,24.32,D
sz000400,许继电气,2025-09-23 13:42:21,24.32,11500,24.32,U
sz000400,许继电气,2025-09-23 13:42:27,24.31,11100,24.32,D
sz000400,许继电气,2025-09-23 13:42:30,24.3,8600,24.31,D
sz000400,许继电气,2025-09-23 13:42:33,24.31,21900,24.3,U
sz000400,许继电气,2025-09-23 13:42:39,24.3,37900,24.3,D
sz000400,许继电气,2025-09-23 13:42:45,24.29,14800,24.3,D
sz000400,许继电气,2025-09-23 13:42:51,24.27,8900,24.29,D
sz000400,许继电气,2025-09-23 13:42:57,24.27,22300,24.28,D
sz000400,许继电气,2025-09-23 13:43:00,24.29,70600,24.27,U
sz000400,许继电气,2025-09-23 13:43:03,24.27,26300,24.29,E
sz000400,许继电气,2025-09-23 13:43:06,24.27,31200,24.27,D
sz000400,许继电气,2025-09-23 13:43:09,24.26,43300,24.27,D
sz000400,许继电气,2025-09-23 13:43:15,24.26,8700,24.27,D
sz000400,许继电气,2025-09-23 13:43:33,24.24,19900,24.25,D
sz000400,许继电气,2025-09-23 13:43:42,24.23,11000,24.24,D
sz000400,许继电气,2025-09-23 13:44:06,24.22,13900,24.23,D
sz000400,许继电气,2025-09-23 13:44:09,24.22,11500,24.22,U
sz000400,许继电气,2025-09-23 13:44:12,24.21,24200,24.22,D
sz000400,许继电气,2025-09-23 13:44:21,24.19,93900,24.21,D
sz000400,许继电气,2025-09-23 13:44:36,24.17,8300,24.18,D
sz000400,许继电气,2025-09-23 13:44:39,24.18,25100,24.17,U
sz000400,许继电气,2025-09-23 13:44:42,24.17,12000,24.18,D
sz000400,许继电气,2025-09-23 13:44:51,24.17,26400,24.16,U
sz000400,许继电气,2025-09-23 13:44:54,24.17,56800,24.17,D
sz000400,许继电气,2025-09-23 13:44:57,24.17,12000,24.17,D
sz000400,许继电气,2025-09-23 13:45:00,24.18,11800,24.17,E
sz000400,许继电气,2025-09-23 13:45:03,24.19,15300,24.18,U
sz000400,许继电气,2025-09-23 13:45:12,24.19,11000,24.19,U
sz000400,许继电气,2025-09-23 13:45:15,24.2,21300,24.19,U
sz000400,许继电气,2025-09-23 13:45:18,24.2,9700,24.2,U
sz000400,许继电气,2025-09-23 13:45:21,24.2,186800,24.2,D
sz000400,许继电气,2025-09-23 13:45:33,24.2,32900,24.2,D
sz000400,许继电气,2025-09-23 13:45:45,24.2,8800,24.21,D
sz000400,许继电气,2025-09-23 13:45:48,24.18,35800,24.2,D
sz000400,许继电气,2025-09-23 13:45:51,24.18,61800,24.18,U
sz000400,许继电气,2025-09-23 13:45:57,24.17,10500,24.19,D
sz000400,许继电气,2025-09-23 13:46:06,24.17,24000,24.18,D
sz000400,许继电气,2025-09-23 13:46:12,24.17,18400,24.18,D
sz000400,许继电气,2025-09-23 13:46:42,24.16,11800,24.17,D
sz000400,许继电气,2025-09-23 13:46:48,24.16,10100,24.16,D
sz000400,许继电气,2025-09-23 13:46:54,24.16,23400,24.16,U
sz000400,许继电气,2025-09-23 13:46:57,24.16,22300,24.16,U
sz000400,许继电气,2025-09-23 13:47:00,24.15,16500,24.16,D
sz000400,许继电气,2025-09-23 13:47:03,24.14,10300,24.15,D
sz000400,许继电气,2025-09-23 13:47:15,24.15,33200,24.14,U
sz000400,许继电气,2025-09-23 13:47:18,24.15,9300,24.15,D
sz000400,许继电气,2025-09-23 13:47:21,24.15,13800,24.15,D
sz000400,许继电气,2025-09-23 13:47:24,24.15,12200,24.15,D
sz000400,许继电气,2025-09-23 13:47:27,24.15,11600,24.15,D
sz000400,许继电气,2025-09-23 13:47:39,24.15,12000,24.15,U
sz000400,许继电气,2025-09-23 13:48:00,24.15,12000,24.15,D
sz000400,许继电气,2025-09-23 13:48:12,24.15,25200,24.14,U
sz000400,许继电气,2025-09-23 13:48:24,24.16,18100,24.15,U
sz000400,许继电气,2025-09-23 13:48:36,24.15,17700,24.17,D
sz000400,许继电气,2025-09-23 13:49:06,24.2,50900,24.17,U
sz000400,许继电气,2025-09-23 13:49:09,24.18,8800,24.2,D
sz000400,许继电气,2025-09-23 13:49:18,24.18,11000,24.18,E
sz000400,许继电气,2025-09-23 13:49:21,24.17,22400,24.18,E
sz000400,许继电气,2025-09-23 13:49:33,24.16,22900,24.17,D
sz000400,许继电气,2025-09-23 13:49:36,24.17,8800,24.16,U
sz000400,许继电气,2025-09-23 13:49:39,24.15,48800,24.17,D
sz000400,许继电气,2025-09-23 13:49:45,24.16,12600,24.16,U
sz000400,许继电气,2025-09-23 13:49:48,24.17,13100,24.16,U
sz000400,许继电气,2025-09-23 13:49:57,24.17,9900,24.17,U
sz000400,许继电气,2025-09-23 13:50:00,24.19,61800,24.17,U
sz000400,许继电气,2025-09-23 13:50:33,24.18,11600,24.17,U
sz000400,许继电气,2025-09-23 13:50:42,24.18,8500,24.18,U
sz000400,许继电气,2025-09-23 13:51:21,24.17,12700,24.17,D
sz000400,许继电气,2025-09-23 13:51:45,24.1,288400,24.18,D
sz000400,许继电气,2025-09-23 13:51:48,24.1,201700,24.1,U
sz000400,许继电气,2025-09-23 13:51:51,24.1,27400,24.1,U
sz000400,许继电气,2025-09-23 13:51:54,24.12,352200,24.1,U
sz000400,许继电气,2025-09-23 13:52:00,24.15,21300,24.14,E
sz000400,许继电气,2025-09-23 13:52:03,24.17,11100,24.15,U
sz000400,许继电气,2025-09-23 13:52:06,24.17,8800,24.17,U
sz000400,许继电气,2025-09-23 13:52:12,24.16,9900,24.16,D
sz000400,许继电气,2025-09-23 13:52:21,24.18,18100,24.17,U
sz000400,许继电气,2025-09-23 13:52:45,24.18,10200,24.18,U
sz000400,许继电气,2025-09-23 13:53:03,24.2,31800,24.19,U
sz000400,许继电气,2025-09-23 13:53:06,24.2,25000,24.2,U
sz000400,许继电气,2025-09-23 13:53:09,24.2,27700,24.2,U
sz000400,许继电气,2025-09-23 13:53:12,24.2,9500,24.2,U
sz000400,许继电气,2025-09-23 13:53:15,24.2,28300,24.2,U
sz000400,许继电气,2025-09-23 13:53:18,24.22,27500,24.2,U
sz000400,许继电气,2025-09-23 13:53:36,24.22,27300,24.21,D
sz000400,许继电气,2025-09-23 13:53:39,24.22,12800,24.22,D
sz000400,许继电气,2025-09-23 13:53:51,24.22,14800,24.23,D
sz000400,许继电气,2025-09-23 13:53:57,24.22,12200,24.22,U
sz000400,许继电气,2025-09-23 13:54:03,24.22,10200,24.22,U
sz000400,许继电气,2025-09-23 13:54:36,24.22,52573,24.22,D
sz000400,许继电气,2025-09-23 13:54:39,24.22,14600,24.22,D
sz000400,许继电气,2025-09-23 13:54:45,24.25,8900,24.22,U
sz000400,许继电气,2025-09-23 13:54:57,24.25,9200,24.25,U
sz000400,许继电气,2025-09-23 13:55:12,24.25,13700,24.25,U
sz000400,许继电气,2025-09-23 13:55:15,24.25,8600,24.25,D
sz000400,许继电气,2025-09-23 13:55:21,24.25,18500,24.25,D
sz000400,许继电气,2025-09-23 13:55:24,24.24,32200,24.25,D
sz000400,许继电气,2025-09-23 13:55:27,24.24,8500,24.24,D
sz000400,许继电气,2025-09-23 13:55:36,24.24,27800,24.24,D
sz000400,许继电气,2025-09-23 13:55:42,24.24,9700,24.24,U
sz000400,许继电气,2025-09-23 13:56:09,24.21,17100,24.21,D
sz000400,许继电气,2025-09-23 13:56:18,24.2,16600,24.21,D
sz000400,许继电气,2025-09-23 13:56:30,24.19,33100,24.19,D
sz000400,许继电气,2025-09-23 13:56:54,24.2,16100,24.2,U
sz000400,许继电气,2025-09-23 13:57:06,24.2,25000,24.2,U
sz000400,许继电气,2025-09-23 13:57:09,24.19,9500,24.2,D
sz000400,许继电气,2025-09-23 13:57:48,24.2,19500,24.2,U
sz000400,许继电气,2025-09-23 13:57:51,24.2,10500,24.2,D
sz000400,许继电气,2025-09-23 13:57:57,24.19,20400,24.19,D
sz000400,许继电气,2025-09-23 13:58:15,24.19,11900,24.2,D
sz000400,许继电气,2025-09-23 13:58:24,24.2,18300,24.19,U
sz000400,许继电气,2025-09-23 13:58:51,24.18,8500,24.18,D
sz000400,许继电气,2025-09-23 13:59:03,24.17,24000,24.18,D
sz000400,许继电气,2025-09-23 13:59:15,24.18,9400,24.17,U
sz000400,许继电气,2025-09-23 13:59:18,24.18,11400,24.18,U
sz000400,许继电气,2025-09-23 13:59:36,24.19,46700,24.18,U
sz000400,许继电气,2025-09-23 13:59:39,24.18,8300,24.19,D
sz000400,许继电气,2025-09-23 13:59:48,24.19,20600,24.18,U
sz000400,许继电气,2025-09-23 13:59:54,24.2,8600,24.2,U
sz000400,许继电气,2025-09-23 13:59:57,24.19,110600,24.2,D
sz000400,许继电气,2025-09-23 14:00:12,24.2,16200,24.2,U
sz000400,许继电气,2025-09-23 14:00:15,24.2,28400,24.2,U
sz000400,许继电气,2025-09-23 14:00:33,24.21,11400,24.21,D
sz000400,许继电气,2025-09-23 14:00:42,24.21,10700,24.21,D
sz000400,许继电气,2025-09-23 14:00:48,24.21,13900,24.21,D
sz000400,许继电气,2025-09-23 14:00:51,24.22,8900,24.21,U
sz000400,许继电气,2025-09-23 14:01:09,24.2,18900,24.21,D
sz000400,许继电气,2025-09-23 14:01:42,24.19,10100,24.19,D
sz000400,许继电气,2025-09-23 14:01:48,24.19,8850,24.19,D
sz000400,许继电气,2025-09-23 14:01:54,24.18,13700,24.19,D
sz000400,许继电气,2025-09-23 14:02:24,24.16,14200,24.16,D
sz000400,许继电气,2025-09-23 14:02:39,24.15,34700,24.15,D
sz000400,许继电气,2025-09-23 14:02:42,24.15,13300,24.15,D
sz000400,许继电气,2025-09-23 14:02:51,24.17,62500,24.15,U
sz000400,许继电气,2025-09-23 14:03:42,24.17,14500,24.16,U
sz000400,许继电气,2025-09-23 14:03:45,24.17,8700,24.17,D
sz000400,许继电气,2025-09-23 14:03:54,24.17,16100,24.17,D
sz000400,许继电气,2025-09-23 14:04:06,24.15,12900,24.16,D
sz000400,许继电气,2025-09-23 14:04:27,24.14,12500,24.15,D
sz000400,许继电气,2025-09-23 14:04:30,24.15,60000,24.14,U
sz000400,许继电气,2025-09-23 14:04:51,24.15,12100,24.14,U
sz000400,许继电气,2025-09-23 14:04:54,24.14,11600,24.15,D
sz000400,许继电气,2025-09-23 14:05:36,24.14,11200,24.14,U
sz000400,许继电气,2025-09-23 14:05:39,24.14,11200,24.14,U
sz000400,许继电气,2025-09-23 14:06:03,24.14,8400,24.14,U
sz000400,许继电气,2025-09-23 14:06:30,24.13,15200,24.14,D
sz000400,许继电气,2025-09-23 14:06:33,24.13,14700,24.13,D
sz000400,许继电气,2025-09-23 14:06:48,24.12,9000,24.12,D
sz000400,许继电气,2025-09-23 14:06:51,24.12,9800,24.12,U
sz000400,许继电气,2025-09-23 14:06:57,24.12,12700,24.12,U
sz000400,许继电气,2025-09-23 14:07:00,24.12,23700,24.12,D
sz000400,许继电气,2025-09-23 14:07:03,24.12,16600,24.12,E
sz000400,许继电气,2025-09-23 14:07:15,24.12,22400,24.13,D
sz000400,许继电气,2025-09-23 14:07:18,24.13,8300,24.12,U
sz000400,许继电气,2025-09-23 14:07:30,24.15,33900,24.12,U
sz000400,许继电气,2025-09-23 14:07:33,24.15,25800,24.15,U
sz000400,许继电气,2025-09-23 14:07:36,24.15,48200,24.15,U
sz000400,许继电气,2025-09-23 14:07:54,24.17,24500,24.16,U
sz000400,许继电气,2025-09-23 14:08:00,24.18,26800,24.17,U
sz000400,许继电气,2025-09-23 14:08:27,24.19,11900,24.19,D
sz000400,许继电气,2025-09-23 14:08:36,24.19,80900,24.19,U
sz000400,许继电气,2025-09-23 14:08:42,24.19,10800,24.2,U
sz000400,许继电气,2025-09-23 14:09:03,24.2,14500,24.2,U
sz000400,许继电气,2025-09-23 14:09:39,24.18,12800,24.18,D
sz000400,许继电气,2025-09-23 14:10:06,24.17,10200,24.17,D
sz000400,许继电气,2025-09-23 14:10:33,24.13,36500,24.16,D
sz000400,许继电气,2025-09-23 14:10:45,24.14,13400,24.13,U
sz000400,许继电气,2025-09-23 14:11:03,24.12,12400,24.14,D
sz000400,许继电气,2025-09-23 14:11:33,24.12,13300,24.13,D
sz000400,许继电气,2025-09-23 14:11:54,24.11,11100,24.11,D
sz000400,许继电气,2025-09-23 14:12:00,24.11,15100,24.11,D
sz000400,许继电气,2025-09-23 14:12:09,24.1,14900,24.11,D
sz000400,许继电气,2025-09-23 14:12:21,24.11,38700,24.09,U
sz000400,许继电气,2025-09-23 14:12:24,24.12,24500,24.11,U
sz000400,许继电气,2025-09-23 14:12:27,24.13,9500,24.12,U
sz000400,许继电气,2025-09-23 14:12:51,24.14,11000,24.14,U
sz000400,许继电气,2025-09-23 14:12:54,24.15,31200,24.14,U
sz000400,许继电气,2025-09-23 14:12:57,24.16,15200,24.15,U
sz000400,许继电气,2025-09-23 14:13:15,24.16,13500,24.17,D
sz000400,许继电气,2025-09-23 14:13:27,24.17,9000,24.18,D
sz000400,许继电气,2025-09-23 14:13:39,24.18,10300,24.17,U
sz000400,许继电气,2025-09-23 14:13:45,24.17,14800,24.17,D
sz000400,许继电气,2025-09-23 14:14:06,24.16,11338,24.16,D
sz000400,许继电气,2025-09-23 14:14:09,24.15,13500,24.16,D
sz000400,许继电气,2025-09-23 14:14:33,24.13,30800,24.13,D
sz000400,许继电气,2025-09-23 14:14:51,24.13,20600,24.12,U
sz000400,许继电气,2025-09-23 14:15:18,24.16,30200,24.14,U
sz000400,许继电气,2025-09-23 14:15:27,24.16,19862,24.16,U
sz000400,许继电气,2025-09-23 14:15:30,24.17,16600,24.16,U
sz000400,许继电气,2025-09-23 14:16:03,24.16,21400,24.17,D
sz000400,许继电气,2025-09-23 14:16:09,24.15,20900,24.17,D
sz000400,许继电气,2025-09-23 14:16:27,24.14,14600,24.15,D
sz000400,许继电气,2025-09-23 14:17:03,24.16,9000,24.15,U
sz000400,许继电气,2025-09-23 14:17:24,24.15,8700,24.16,D
sz000400,许继电气,2025-09-23 14:17:33,24.16,19500,24.16,U
sz000400,许继电气,2025-09-23 14:17:36,24.17,11800,24.16,U
sz000400,许继电气,2025-09-23 14:17:42,24.17,23600,24.16,U
sz000400,许继电气,2025-09-23 14:17:57,24.17,261000,24.17,U
sz000400,许继电气,2025-09-23 14:18:00,24.18,65700,24.17,E
sz000400,许继电气,2025-09-23 14:18:03,24.17,14500,24.18,D
sz000400,许继电气,2025-09-23 14:18:09,24.21,11987,24.2,U
sz000400,许继电气,2025-09-23 14:18:12,24.21,8600,24.21,U
sz000400,许继电气,2025-09-23 14:18:18,24.21,24100,24.2,U
sz000400,许继电气,2025-09-23 14:18:21,24.22,18200,24.21,U
sz000400,许继电气,2025-09-23 14:18:24,24.21,10700,24.22,D
sz000400,许继电气,2025-09-23 14:18:27,24.22,16700,24.21,U
sz000400,许继电气,2025-09-23 14:18:30,24.23,13800,24.22,U
sz000400,许继电气,2025-09-23 14:18:33,24.24,28800,24.23,U
sz000400,许继电气,2025-09-23 14:18:39,24.24,12900,24.23,U
sz000400,许继电气,2025-09-23 14:18:42,24.25,54900,24.24,U
sz000400,许继电气,2025-09-23 14:18:48,24.25,27900,24.25,U
sz000400,许继电气,2025-09-23 14:18:51,24.25,9100,24.25,U
sz000400,许继电气,2025-09-23 14:19:03,24.26,20500,24.25,U
sz000400,许继电气,2025-09-23 14:19:06,24.25,8700,24.26,U
sz000400,许继电气,2025-09-23 14:19:09,24.22,16100,24.25,D
sz000400,许继电气,2025-09-23 14:19:18,24.22,85200,24.24,D
sz000400,许继电气,2025-09-23 14:19:21,24.23,10800,24.22,U
sz000400,许继电气,2025-09-23 14:19:45,24.22,9200,24.22,D
sz000400,许继电气,2025-09-23 14:20:00,24.22,11100,24.22,U
sz000400,许继电气,2025-09-23 14:20:03,24.22,15400,24.22,D
sz000400,许继电气,2025-09-23 14:20:12,24.21,16600,24.22,D
sz000400,许继电气,2025-09-23 14:20:36,24.22,8400,24.22,U
sz000400,许继电气,2025-09-23 14:20:48,24.22,9900,24.21,U
sz000400,许继电气,2025-09-23 14:20:51,24.22,32300,24.22,U
sz000400,许继电气,2025-09-23 14:20:57,24.23,10400,24.23,D
sz000400,许继电气,2025-09-23 14:21:03,24.23,8900,24.22,U
sz000400,许继电气,2025-09-23 14:21:06,24.22,9700,24.23,D
sz000400,许继电气,2025-09-23 14:21:30,24.21,8300,24.22,D
sz000400,许继电气,2025-09-23 14:21:54,24.2,8400,24.2,D
sz000400,许继电气,2025-09-23 14:22:15,24.21,8700,24.21,D
sz000400,许继电气,2025-09-23 14:22:33,24.2,13600,24.21,D
sz000400,许继电气,2025-09-23 14:22:45,24.2,19800,24.2,D
sz000400,许继电气,2025-09-23 14:22:48,24.2,10800,24.2,U
sz000400,许继电气,2025-09-23 14:22:51,24.21,49500,24.2,U
sz000400,许继电气,2025-09-23 14:23:00,24.21,10600,24.21,U
sz000400,许继电气,2025-09-23 14:23:03,24.2,48600,24.21,D
sz000400,许继电气,2025-09-23 14:23:09,24.19,16900,24.2,D
sz000400,许继电气,2025-09-23 14:24:00,24.19,19200,24.2,D
sz000400,许继电气,2025-09-23 14:24:12,24.19,14200,24.2,D
sz000400,许继电气,2025-09-23 14:24:18,24.19,9100,24.2,D
sz000400,许继电气,2025-09-23 14:24:24,24.19,18900,24.19,D
sz000400,许继电气,2025-09-23 14:25:18,24.19,8300,24.19,U
sz000400,许继电气,2025-09-23 14:25:21,24.2,64300,24.19,U
sz000400,许继电气,2025-09-23 14:25:27,24.2,11000,24.19,U
sz000400,许继电气,2025-09-23 14:25:39,24.19,26200,24.19,D
sz000400,许继电气,2025-09-23 14:26:00,24.18,16100,24.18,D
sz000400,许继电气,2025-09-23 14:26:03,24.18,34213,24.18,D
sz000400,许继电气,2025-09-23 14:26:15,24.17,9300,24.17,U
sz000400,许继电气,2025-09-23 14:26:27,24.16,9400,24.17,D
sz000400,许继电气,2025-09-23 14:26:48,24.17,48800,24.17,D
sz000400,许继电气,2025-09-23 14:27:03,24.16,10900,24.17,D
sz000400,许继电气,2025-09-23 14:27:09,24.19,28700,24.17,U
sz000400,许继电气,2025-09-23 14:27:18,24.19,13000,24.18,U
sz000400,许继电气,2025-09-23 14:27:33,24.19,50800,24.19,U
sz000400,许继电气,2025-09-23 14:28:03,24.19,16300,24.19,U
sz000400,许继电气,2025-09-23 14:28:06,24.2,50400,24.19,U
sz000400,许继电气,2025-09-23 14:28:09,24.2,8900,24.2,U
sz000400,许继电气,2025-09-23 14:28:15,24.19,10900,24.2,D
sz000400,许继电气,2025-09-23 14:28:21,24.19,13400,24.2,D
sz000400,许继电气,2025-09-23 14:28:24,24.18,48900,24.19,D
sz000400,许继电气,2025-09-23 14:28:39,24.19,17100,24.19,U
sz000400,许继电气,2025-09-23 14:28:45,24.2,15000,24.19,U
sz000400,许继电气,2025-09-23 14:28:57,24.2,10900,24.19,U
sz000400,许继电气,2025-09-23 14:29:09,24.2,11700,24.2,U
sz000400,许继电气,2025-09-23 14:29:12,24.21,37400,24.2,U
sz000400,许继电气,2025-09-23 14:29:36,24.2,31900,24.2,U
sz000400,许继电气,2025-09-23 14:29:39,24.2,8700,24.2,U
sz000400,许继电气,2025-09-23 14:29:42,24.2,66300,24.2,U
sz000400,许继电气,2025-09-23 14:29:45,24.2,12200,24.2,D
sz000400,许继电气,2025-09-23 14:29:48,24.2,34200,24.2,D
sz000400,许继电气,2025-09-23 14:29:54,24.21,36000,24.21,U
sz000400,许继电气,2025-09-23 14:30:00,24.21,10200,24.2,U
sz000400,许继电气,2025-09-23 14:30:03,24.21,10100,24.21,U
sz000400,许继电气,2025-09-23 14:30:09,24.21,12200,24.22,D
sz000400,许继电气,2025-09-23 14:30:21,24.22,21800,24.21,U
sz000400,许继电气,2025-09-23 14:30:24,24.21,16600,24.22,D
sz000400,许继电气,2025-09-23 14:30:30,24.23,8600,24.23,U
sz000400,许继电气,2025-09-23 14:30:45,24.22,21900,24.23,D
sz000400,许继电气,2025-09-23 14:30:57,24.22,9900,24.22,U
sz000400,许继电气,2025-09-23 14:31:03,24.22,14000,24.22,U
sz000400,许继电气,2025-09-23 14:31:09,24.22,8700,24.22,U
sz000400,许继电气,2025-09-23 14:31:15,24.22,19900,24.22,U
sz000400,许继电气,2025-09-23 14:31:18,24.22,28100,24.22,U
sz000400,许继电气,2025-09-23 14:31:30,24.22,13600,24.23,D
sz000400,许继电气,2025-09-23 14:31:39,24.22,17600,24.22,U
sz000400,许继电气,2025-09-23 14:31:51,24.21,42800,24.21,D
sz000400,许继电气,2025-09-23 14:31:54,24.22,16300,24.21,U
sz000400,许继电气,2025-09-23 14:32:00,24.2,12100,24.22,E
sz000400,许继电气,2025-09-23 14:32:06,24.19,11900,24.2,D
sz000400,许继电气,2025-09-23 14:32:15,24.2,11400,24.19,U
sz000400,许继电气,2025-09-23 14:32:24,24.17,138200,24.19,D
sz000400,许继电气,2025-09-23 14:32:27,24.18,10900,24.17,D
sz000400,许继电气,2025-09-23 14:33:03,24.17,10700,24.18,D
sz000400,许继电气,2025-09-23 14:33:06,24.17,8600,24.17,D
sz000400,许继电气,2025-09-23 14:33:27,24.18,25300,24.18,U
sz000400,许继电气,2025-09-23 14:33:51,24.18,12400,24.18,U
sz000400,许继电气,2025-09-23 14:33:57,24.17,10000,24.17,D
sz000400,许继电气,2025-09-23 14:34:18,24.16,26400,24.17,D
sz000400,许继电气,2025-09-23 14:34:54,24.18,17200,24.16,U
sz000400,许继电气,2025-09-23 14:35:03,24.18,19300,24.18,U
sz000400,许继电气,2025-09-23 14:35:21,24.18,67000,24.18,U
sz000400,许继电气,2025-09-23 14:35:51,24.19,11200,24.19,D
sz000400,许继电气,2025-09-23 14:35:54,24.19,50100,24.19,U
sz000400,许继电气,2025-09-23 14:36:03,24.18,10900,24.18,D
sz000400,许继电气,2025-09-23 14:36:27,24.19,10400,24.18,U
sz000400,许继电气,2025-09-23 14:36:51,24.19,23500,24.2,D
sz000400,许继电气,2025-09-23 14:36:54,24.19,91800,24.19,D
sz000400,许继电气,2025-09-23 14:37:12,24.19,11400,24.19,D
sz000400,许继电气,2025-09-23 14:37:54,24.18,14500,24.19,D
sz000400,许继电气,2025-09-23 14:38:33,24.18,13500,24.19,D
sz000400,许继电气,2025-09-23 14:38:48,24.18,31500,24.18,D
sz000400,许继电气,2025-09-23 14:38:51,24.17,10300,24.18,D
sz000400,许继电气,2025-09-23 14:38:54,24.18,20400,24.17,U
sz000400,许继电气,2025-09-23 14:39:03,24.17,47600,24.17,D
sz000400,许继电气,2025-09-23 14:39:24,24.15,28100,24.16,D
sz000400,许继电气,2025-09-23 14:39:36,24.15,22900,24.15,U
sz000400,许继电气,2025-09-23 14:39:51,24.15,12000,24.14,U
sz000400,许继电气,2025-09-23 14:40:00,24.16,12200,24.15,U
sz000400,许继电气,2025-09-23 14:40:03,24.16,30300,24.16,U
sz000400,许继电气,2025-09-23 14:40:12,24.17,8800,24.16,U
sz000400,许继电气,2025-09-23 14:40:18,24.17,9400,24.16,U
sz000400,许继电气,2025-09-23 14:40:21,24.17,29100,24.17,U
sz000400,许继电气,2025-09-23 14:40:24,24.17,13700,24.17,U
sz000400,许继电气,2025-09-23 14:40:54,24.17,12600,24.16,U
sz000400,许继电气,2025-09-23 14:41:03,24.18,27200,24.17,U
sz000400,许继电气,2025-09-23 14:41:09,24.18,10100,24.17,U
sz000400,许继电气,2025-09-23 14:41:15,24.17,48600,24.18,D
sz000400,许继电气,2025-09-23 14:41:18,24.18,23200,24.17,U
sz000400,许继电气,2025-09-23 14:41:42,24.17,37600,24.16,U
sz000400,许继电气,2025-09-23 14:41:45,24.17,11900,24.17,U
sz000400,许继电气,2025-09-23 14:41:48,24.17,13800,24.17,D
sz000400,许继电气,2025-09-23 14:42:03,24.17,11600,24.17,U
sz000400,许继电气,2025-09-23 14:42:12,24.17,14300,24.17,D
sz000400,许继电气,2025-09-23 14:42:15,24.16,8700,24.17,D
sz000400,许继电气,2025-09-23 14:42:36,24.17,10300,24.16,U
sz000400,许继电气,2025-09-23 14:42:48,24.17,26400,24.17,U
sz000400,许继电气,2025-09-23 14:43:09,24.17,49100,24.18,D
sz000400,许继电气,2025-09-23 14:43:27,24.18,65700,24.17,U
sz000400,许继电气,2025-09-23 14:43:30,24.18,29000,24.18,U
sz000400,许继电气,2025-09-23 14:43:36,24.18,10500,24.18,U
sz000400,许继电气,2025-09-23 14:43:42,24.18,19500,24.17,U
sz000400,许继电气,2025-09-23 14:43:51,24.18,21500,24.17,U
sz000400,许继电气,2025-09-23 14:43:54,24.17,39400,24.18,D
sz000400,许继电气,2025-09-23 14:43:57,24.18,19700,24.17,U
sz000400,许继电气,2025-09-23 14:44:03,24.18,24800,24.17,U
sz000400,许继电气,2025-09-23 14:44:06,24.18,34000,24.18,U
sz000400,许继电气,2025-09-23 14:44:12,24.21,404000,24.19,U
sz000400,许继电气,2025-09-23 14:44:15,24.22,19600,24.21,U
sz000400,许继电气,2025-09-23 14:44:21,24.22,18200,24.21,U
sz000400,许继电气,2025-09-23 14:44:24,24.22,11200,24.22,U
sz000400,许继电气,2025-09-23 14:44:39,24.21,32700,24.21,D
sz000400,许继电气,2025-09-23 14:44:42,24.22,12200,24.21,U
sz000400,许继电气,2025-09-23 14:44:45,24.22,42400,24.22,U
sz000400,许继电气,2025-09-23 14:44:48,24.22,13300,24.22,U
sz000400,许继电气,2025-09-23 14:44:51,24.22,27200,24.22,U
sz000400,许继电气,2025-09-23 14:44:54,24.23,15400,24.22,U
sz000400,许继电气,2025-09-23 14:45:06,24.22,11200,24.23,D
sz000400,许继电气,2025-09-23 14:45:09,24.23,8300,24.22,U
sz000400,许继电气,2025-09-23 14:45:24,24.23,20700,24.23,U
sz000400,许继电气,2025-09-23 14:45:39,24.23,23983,24.23,U
sz000400,许继电气,2025-09-23 14:45:48,24.23,12100,24.24,D
sz000400,许继电气,2025-09-23 14:45:54,24.23,20700,24.24,D
sz000400,许继电气,2025-09-23 14:46:00,24.24,12600,24.24,U
sz000400,许继电气,2025-09-23 14:46:06,24.24,19200,24.24,U
sz000400,许继电气,2025-09-23 14:46:09,24.24,23100,24.24,U
sz000400,许继电气,2025-09-23 14:46:15,24.24,8800,24.24,U
sz000400,许继电气,2025-09-23 14:46:18,24.24,9200,24.24,U
sz000400,许继电气,2025-09-23 14:46:24,24.24,41600,24.23,U
sz000400,许继电气,2025-09-23 14:46:27,24.23,39017,24.24,D
sz000400,许继电气,2025-09-23 14:46:30,24.23,30800,24.23,U
sz000400,许继电气,2025-09-23 14:46:33,24.23,10100,24.23,U
sz000400,许继电气,2025-09-23 14:46:36,24.21,13400,24.23,U
sz000400,许继电气,2025-09-23 14:46:39,24.23,12700,24.21,U
sz000400,许继电气,2025-09-23 14:46:45,24.21,24300,24.23,D
sz000400,许继电气,2025-09-23 14:46:51,24.22,8400,24.22,U
sz000400,许继电气,2025-09-23 14:46:57,24.21,12000,24.22,D
sz000400,许继电气,2025-09-23 14:47:00,24.22,22000,24.21,U
sz000400,许继电气,2025-09-23 14:47:03,24.22,10100,24.22,U
sz000400,许继电气,2025-09-23 14:47:06,24.22,13100,24.22,D
sz000400,许继电气,2025-09-23 14:47:12,24.23,20800,24.23,U
sz000400,许继电气,2025-09-23 14:47:15,24.22,17400,24.23,D
sz000400,许继电气,2025-09-23 14:47:24,24.22,10900,24.22,U
sz000400,许继电气,2025-09-23 14:47:33,24.23,13400,24.22,U
sz000400,许继电气,2025-09-23 14:47:36,24.22,10200,24.23,D
sz000400,许继电气,2025-09-23 14:47:51,24.24,69654,24.23,U
sz000400,许继电气,2025-09-23 14:47:54,24.24,9900,24.24,U
sz000400,许继电气,2025-09-23 14:48:00,24.24,9400,24.23,U
sz000400,许继电气,2025-09-23 14:48:06,24.24,32900,24.24,U
sz000400,许继电气,2025-09-23 14:48:09,24.24,28300,24.24,U
sz000400,许继电气,2025-09-23 14:48:12,24.24,15283,24.24,U
sz000400,许继电气,2025-09-23 14:48:18,24.25,22600,24.25,U
sz000400,许继电气,2025-09-23 14:48:21,24.24,9000,24.25,D
sz000400,许继电气,2025-09-23 14:48:24,24.24,24417,24.24,D
sz000400,许继电气,2025-09-23 14:48:27,24.24,18300,24.24,U
sz000400,许继电气,2025-09-23 14:48:33,24.23,12300,24.24,D
sz000400,许继电气,2025-09-23 14:48:39,24.24,11200,24.24,D
sz000400,许继电气,2025-09-23 14:48:51,24.24,41200,24.24,D
sz000400,许继电气,2025-09-23 14:48:57,24.24,44500,24.24,U
sz000400,许继电气,2025-09-23 14:49:00,24.24,35600,24.24,U
sz000400,许继电气,2025-09-23 14:49:03,24.24,24400,24.24,U
sz000400,许继电气,2025-09-23 14:49:06,24.25,17500,24.24,U
sz000400,许继电气,2025-09-23 14:49:12,24.26,224383,24.24,U
sz000400,许继电气,2025-09-23 14:49:15,24.26,19600,24.26,U
sz000400,许继电气,2025-09-23 14:49:18,24.26,35200,24.26,U
sz000400,许继电气,2025-09-23 14:49:24,24.27,13900,24.27,U
sz000400,许继电气,2025-09-23 14:49:27,24.27,61250,24.27,U
sz000400,许继电气,2025-09-23 14:49:30,24.27,31500,24.27,D
sz000400,许继电气,2025-09-23 14:49:33,24.27,14300,24.27,D
sz000400,许继电气,2025-09-23 14:49:36,24.28,11300,24.27,U
sz000400,许继电气,2025-09-23 14:49:39,24.29,82500,24.28,U
sz000400,许继电气,2025-09-23 14:49:45,24.29,33200,24.29,U
sz000400,许继电气,2025-09-23 14:49:51,24.29,31400,24.28,U
sz000400,许继电气,2025-09-23 14:49:54,24.28,10600,24.29,D
sz000400,许继电气,2025-09-23 14:49:57,24.28,19600,24.28,D
sz000400,许继电气,2025-09-23 14:50:00,24.31,215850,24.28,U
sz000400,许继电气,2025-09-23 14:50:03,24.31,53100,24.31,U
sz000400,许继电气,2025-09-23 14:50:06,24.31,21900,24.31,U
sz000400,许继电气,2025-09-23 14:50:09,24.31,32500,24.31,U
sz000400,许继电气,2025-09-23 14:50:12,24.31,22800,24.31,U
sz000400,许继电气,2025-09-23 14:50:15,24.31,24700,24.31,D
sz000400,许继电气,2025-09-23 14:50:21,24.31,37900,24.32,D
sz000400,许继电气,2025-09-23 14:50:24,24.31,17900,24.31,U
sz000400,许继电气,2025-09-23 14:50:27,24.31,17600,24.31,U
sz000400,许继电气,2025-09-23 14:50:30,24.31,25300,24.31,U
sz000400,许继电气,2025-09-23 14:50:33,24.3,18150,24.31,D
sz000400,许继电气,2025-09-23 14:50:36,24.3,20500,24.3,U
sz000400,许继电气,2025-09-23 14:50:39,24.3,34300,24.3,D
sz000400,许继电气,2025-09-23 14:50:42,24.3,21100,24.3,U
sz000400,许继电气,2025-09-23 14:50:48,24.3,35600,24.29,U
sz000400,许继电气,2025-09-23 14:50:54,24.29,9000,24.3,D
sz000400,许继电气,2025-09-23 14:51:00,24.29,17373,24.3,D
sz000400,许继电气,2025-09-23 14:51:03,24.29,15000,24.29,D
sz000400,许继电气,2025-09-23 14:51:06,24.3,50700,24.29,U
sz000400,许继电气,2025-09-23 14:51:09,24.31,29300,24.3,U
sz000400,许继电气,2025-09-23 14:51:12,24.3,10300,24.31,D
sz000400,许继电气,2025-09-23 14:51:15,24.3,14300,24.3,U
sz000400,许继电气,2025-09-23 14:51:21,24.31,110550,24.3,U
sz000400,许继电气,2025-09-23 14:51:27,24.31,9200,24.31,D
sz000400,许继电气,2025-09-23 14:51:30,24.31,12600,24.31,D
sz000400,许继电气,2025-09-23 14:51:33,24.32,14800,24.31,U
sz000400,许继电气,2025-09-23 14:51:36,24.32,8400,24.32,U
sz000400,许继电气,2025-09-23 14:51:39,24.31,24450,24.32,D
sz000400,许继电气,2025-09-23 14:51:42,24.32,17650,24.31,U
sz000400,许继电气,2025-09-23 14:51:45,24.31,16450,24.32,D
sz000400,许继电气,2025-09-23 14:51:48,24.32,17400,24.31,U
sz000400,许继电气,2025-09-23 14:51:51,24.32,28300,24.32,U
sz000400,许继电气,2025-09-23 14:51:54,24.32,28000,24.32,U
sz000400,许继电气,2025-09-23 14:51:57,24.32,13400,24.32,U
sz000400,许继电气,2025-09-23 14:52:00,24.31,14300,24.32,D
sz000400,许继电气,2025-09-23 14:52:03,24.32,15100,24.31,U
sz000400,许继电气,2025-09-23 14:52:06,24.32,18800,24.32,U
sz000400,许继电气,2025-09-23 14:52:09,24.32,17400,24.32,U
sz000400,许继电气,2025-09-23 14:52:12,24.32,19300,24.32,D
sz000400,许继电气,2025-09-23 14:52:15,24.32,8600,24.32,D
sz000400,许继电气,2025-09-23 14:52:18,24.32,36800,24.32,D
sz000400,许继电气,2025-09-23 14:52:21,24.32,46200,24.32,U
sz000400,许继电气,2025-09-23 14:52:27,24.32,21300,24.33,D
sz000400,许继电气,2025-09-23 14:52:30,24.31,43700,24.32,D
sz000400,许继电气,2025-09-23 14:52:36,24.31,24900,24.31,U
sz000400,许继电气,2025-09-23 14:52:39,24.31,12100,24.31,U
sz000400,许继电气,2025-09-23 14:52:45,24.3,15200,24.3,D
sz000400,许继电气,2025-09-23 14:52:48,24.31,15200,24.3,U
sz000400,许继电气,2025-09-23 14:52:54,24.31,10600,24.3,U
sz000400,许继电气,2025-09-23 14:52:57,24.31,12600,24.31,U
sz000400,许继电气,2025-09-23 14:53:00,24.3,15400,24.31,D
sz000400,许继电气,2025-09-23 14:53:03,24.31,42600,24.3,U
sz000400,许继电气,2025-09-23 14:53:06,24.3,57400,24.31,D
sz000400,许继电气,2025-09-23 14:53:09,24.3,53400,24.3,D
sz000400,许继电气,2025-09-23 14:53:12,24.3,32800,24.3,D
sz000400,许继电气,2025-09-23 14:53:15,24.3,23800,24.3,D
sz000400,许继电气,2025-09-23 14:53:21,24.3,15300,24.3,U
sz000400,许继电气,2025-09-23 14:53:24,24.31,15300,24.3,U
sz000400,许继电气,2025-09-23 14:53:27,24.3,63700,24.31,D
sz000400,许继电气,2025-09-23 14:53:30,24.32,115400,24.3,U
sz000400,许继电气,2025-09-23 14:53:33,24.32,31200,24.32,U
sz000400,许继电气,2025-09-23 14:53:36,24.33,285250,24.32,U
sz000400,许继电气,2025-09-23 14:53:39,24.33,33000,24.33,D
sz000400,许继电气,2025-09-23 14:53:42,24.34,9300,24.33,U
sz000400,许继电气,2025-09-23 14:53:45,24.34,19200,24.34,D
sz000400,许继电气,2025-09-23 14:53:51,24.34,13800,24.34,U
sz000400,许继电气,2025-09-23 14:53:54,24.33,87550,24.34,D
sz000400,许继电气,2025-09-23 14:53:57,24.33,127500,24.33,U
sz000400,许继电气,2025-09-23 14:54:00,24.32,38800,24.33,E
sz000400,许继电气,2025-09-23 14:54:06,24.31,48100,24.3,E
sz000400,许继电气,2025-09-23 14:54:09,24.32,11100,24.31,U
sz000400,许继电气,2025-09-23 14:54:12,24.32,59300,24.32,U
sz000400,许继电气,2025-09-23 14:54:15,24.31,12400,24.32,D
sz000400,许继电气,2025-09-23 14:54:18,24.31,10300,24.31,D
sz000400,许继电气,2025-09-23 14:54:21,24.31,9000,24.31,D
sz000400,许继电气,2025-09-23 14:54:24,24.32,12100,24.31,U
sz000400,许继电气,2025-09-23 14:54:27,24.32,13100,24.32,U
sz000400,许继电气,2025-09-23 14:54:30,24.32,17300,24.32,D
sz000400,许继电气,2025-09-23 14:54:33,24.31,38900,24.32,D
sz000400,许继电气,2025-09-23 14:54:36,24.31,10087,24.31,D
sz000400,许继电气,2025-09-23 14:54:39,24.33,78200,24.31,U
sz000400,许继电气,2025-09-23 14:54:42,24.33,63100,24.33,D
sz000400,许继电气,2025-09-23 14:54:45,24.34,22000,24.33,U
sz000400,许继电气,2025-09-23 14:54:48,24.35,167700,24.34,U
sz000400,许继电气,2025-09-23 14:54:51,24.33,14900,24.35,D
sz000400,许继电气,2025-09-23 14:54:54,24.33,25600,24.33,D
sz000400,许继电气,2025-09-23 14:55:00,24.35,59100,24.34,U
sz000400,许继电气,2025-09-23 14:55:03,24.34,138000,24.35,D
sz000400,许继电气,2025-09-23 14:55:06,24.34,34800,24.34,D
sz000400,许继电气,2025-09-23 14:55:09,24.35,24300,24.34,U
sz000400,许继电气,2025-09-23 14:55:12,24.35,9600,24.35,U
sz000400,许继电气,2025-09-23 14:55:15,24.35,50900,24.35,U
sz000400,许继电气,2025-09-23 14:55:18,24.35,144250,24.35,U
sz000400,许继电气,2025-09-23 14:55:21,24.36,37100,24.35,U
sz000400,许继电气,2025-09-23 14:55:24,24.35,80650,24.36,D
sz000400,许继电气,2025-09-23 14:55:27,24.35,26400,24.35,U
sz000400,许继电气,2025-09-23 14:55:30,24.35,14400,24.35,U
sz000400,许继电气,2025-09-23 14:55:33,24.35,17200,24.35,U
sz000400,许继电气,2025-09-23 14:55:36,24.35,12400,24.35,U
sz000400,许继电气,2025-09-23 14:55:39,24.35,37900,24.35,U
sz000400,许继电气,2025-09-23 14:55:42,24.35,17700,24.35,U
sz000400,许继电气,2025-09-23 14:55:45,24.35,22600,24.35,U
sz000400,许继电气,2025-09-23 14:55:48,24.35,49800,24.35,U
sz000400,许继电气,2025-09-23 14:55:51,24.35,21100,24.35,U
sz000400,许继电气,2025-09-23 14:55:54,24.35,69400,24.35,U
sz000400,许继电气,2025-09-23 14:55:57,24.35,20600,24.35,D
sz000400,许继电气,2025-09-23 14:56:00,24.34,11500,24.35,D
sz000400,许继电气,2025-09-23 14:56:03,24.34,19100,24.34,D
sz000400,许继电气,2025-09-23 14:56:06,24.34,28000,24.34,D
sz000400,许继电气,2025-09-23 14:56:12,24.34,24400,24.35,D
sz000400,许继电气,2025-09-23 14:56:15,24.35,14900,24.34,U
sz000400,许继电气,2025-09-23 14:56:18,24.35,17800,24.35,U
sz000400,许继电气,2025-09-23 14:56:21,24.35,18300,24.35,U
sz000400,许继电气,2025-09-23 14:56:24,24.34,10700,24.35,D
sz000400,许继电气,2025-09-23 14:56:27,24.35,9700,24.34,U
sz000400,许继电气,2025-09-23 14:56:30,24.34,39700,24.35,D
sz000400,许继电气,2025-09-23 14:56:33,24.34,13300,24.34,D
sz000400,许继电气,2025-09-23 14:56:36,24.34,20700,24.34,D
sz000400,许继电气,2025-09-23 14:56:39,24.35,56500,24.34,U
sz000400,许继电气,2025-09-23 14:56:42,24.35,24000,24.35,U
sz000400,许继电气,2025-09-23 14:56:45,24.35,11100,24.35,U
sz000400,许继电气,2025-09-23 14:56:48,24.35,25089,24.35,U
sz000400,许继电气,2025-09-23 14:56:54,24.35,27500,24.35,U
sz000400,许继电气,2025-09-23 14:56:57,24.35,95211,24.35,U
sz000400,许继电气,2025-09-23 14:57:00,24.35,9500,24.35,U
sz000400,许继电气,2025-09-23 15:00:00,24.35,901606,24.35,E
