symbol,name,ticktime,price,volume,prev_price,kind
sz000400,许继电气,2025-09-30 09:25:00,25.59,278300,0.0,U
sz000400,许继电气,2025-09-30 09:30:00,25.58,84600,25.59,D
sz000400,许继电气,2025-09-30 09:30:03,25.58,244500,25.58,D
sz000400,许继电气,2025-09-30 09:30:06,25.58,112900,25.58,U
sz000400,许继电气,2025-09-30 09:30:09,25.53,30000,25.58,E
sz000400,许继电气,2025-09-30 09:30:15,25.53,30800,25.56,D
sz000400,许继电气,2025-09-30 09:30:21,25.52,14100,25.53,D
sz000400,许继电气,2025-09-30 09:30:24,25.52,15200,25.52,U
sz000400,许继电气,2025-09-30 09:30:27,25.5,17400,25.52,D
sz000400,许继电气,2025-09-30 09:30:30,25.49,49000,25.5,D
sz000400,许继电气,2025-09-30 09:30:33,25.47,8500,25.49,D
sz000400,许继电气,2025-09-30 09:30:36,25.5,59200,25.47,U
sz000400,许继电气,2025-09-30 09:30:39,25.52,83400,25.5,U
sz000400,许继电气,2025-09-30 09:30:42,25.51,33800,25.52,D
sz000400,许继电气,2025-09-30 09:30:45,25.52,26400,25.51,E
sz000400,许继电气,2025-09-30 09:30:48,25.51,15000,25.52,D
sz000400,许继电气,2025-09-30 09:30:51,25.5,14700,25.51,D
sz000400,许继电气,2025-09-30 09:30:54,25.5,15300,25.5,D
sz000400,许继电气,2025-09-30 09:30:57,25.5,15800,25.5,D
sz000400,许继电气,2025-09-30 09:31:00,25.48,14000,25.5,D
sz000400,许继电气,2025-09-30 09:31:03,25.48,10200,25.48,D
sz000400,许继电气,2025-09-30 09:31:06,25.48,24100,25.48,U
sz000400,许继电气,2025-09-30 09:31:09,25.47,46100,25.48,D
sz000400,许继电气,2025-09-30 09:31:12,25.47,17000,25.47,U
sz000400,许继电气,2025-09-30 09:31:15,25.46,14400,25.47,E
sz000400,许继电气,2025-09-30 09:31:18,25.45,22800,25.46,E
sz000400,许继电气,2025-09-30 09:31:21,25.47,98400,25.45,U
sz000400,许继电气,2025-09-30 09:31:24,25.47,21400,25.47,D
sz000400,许继电气,2025-09-30 09:31:27,25.47,13700,25.47,D
sz000400,许继电气,2025-09-30 09:31:30,25.46,10500,25.47,D
sz000400,许继电气,2025-09-30 09:31:33,25.46,12300,25.46,D
sz000400,许继电气,2025-09-30 09:31:36,25.45,20000,25.46,D
sz000400,许继电气,2025-09-30 09:31:39,25.45,30300,25.45,U
sz000400,许继电气,2025-09-30 09:31:42,25.46,21300,25.45,U
sz000400,许继电气,2025-09-30 09:31:45,25.45,15000,25.46,E
sz000400,许继电气,2025-09-30 09:31:48,25.43,23800,25.45,D
sz000400,许继电气,2025-09-30 09:31:51,25.43,17300,25.43,D
sz000400,许继电气,2025-09-30 09:31:54,25.43,14200,25.43,D
sz000400,许继电气,2025-09-30 09:31:57,25.45,56200,25.43,U
sz000400,许继电气,2025-09-30 09:32:00,25.43,46300,25.45,D
sz000400,许继电气,2025-09-30 09:32:03,25.43,44300,25.43,D
sz000400,许继电气,2025-09-30 09:32:06,25.43,17100,25.43,D
sz000400,许继电气,2025-09-30 09:32:09,25.42,35500,25.43,D
sz000400,许继电气,2025-09-30 09:32:12,25.43,20400,25.42,U
sz000400,许继电气,2025-09-30 09:32:15,25.42,12500,25.43,D
sz000400,许继电气,2025-09-30 09:32:18,25.46,31600,25.42,U
sz000400,许继电气,2025-09-30 09:32:21,25.42,25200,25.46,D
sz000400,许继电气,2025-09-30 09:32:24,25.42,25400,25.42,U
sz000400,许继电气,2025-09-30 09:32:27,25.41,25700,25.42,D
sz000400,许继电气,2025-09-30 09:32:30,25.42,11800,25.41,E
sz000400,许继电气,2025-09-30 09:32:33,25.42,13600,25.42,D
sz000400,许继电气,2025-09-30 09:32:36,25.42,26200,25.42,D
sz000400,许继电气,2025-09-30 09:32:39,25.43,38600,25.42,E
sz000400,许继电气,2025-09-30 09:32:42,25.41,12200,25.43,D
sz000400,许继电气,2025-09-30 09:32:45,25.44,20200,25.41,U
sz000400,许继电气,2025-09-30 09:32:48,25.44,22100,25.44,D
sz000400,许继电气,2025-09-30 09:32:51,25.45,34600,25.44,U
sz000400,许继电气,2025-09-30 09:32:54,25.44,15900,25.45,D
sz000400,许继电气,2025-09-30 09:32:57,25.44,20600,25.44,U
sz000400,许继电气,2025-09-30 09:33:03,25.45,15300,25.44,U
sz000400,许继电气,2025-09-30 09:33:06,25.42,73900,25.45,D
sz000400,许继电气,2025-09-30 09:33:09,25.42,13700,25.42,D
sz000400,许继电气,2025-09-30 09:33:12,25.42,14300,25.42,U
sz000400,许继电气,2025-09-30 09:33:15,25.41,23500,25.42,D
sz000400,许继电气,2025-09-30 09:33:18,25.42,19200,25.41,U
sz000400,许继电气,2025-09-30 09:33:21,25.41,30900,25.42,D
sz000400,许继电气,2025-09-30 09:33:24,25.41,84900,25.41,D
sz000400,许继电气,2025-09-30 09:33:27,25.41,26400,25.41,D
sz000400,许继电气,2025-09-30 09:33:30,25.41,44300,25.41,U
sz000400,许继电气,2025-09-30 09:33:33,25.41,19100,25.41,U
sz000400,许继电气,2025-09-30 09:33:36,25.41,28400,25.41,U
sz000400,许继电气,2025-09-30 09:33:39,25.4,18600,25.41,E
sz000400,许继电气,2025-09-30 09:33:42,25.41,24700,25.4,U
sz000400,许继电气,2025-09-30 09:33:45,25.4,17500,25.41,D
sz000400,许继电气,2025-09-30 09:33:48,25.4,17900,25.4,U
sz000400,许继电气,2025-09-30 09:33:51,25.4,34200,25.4,U
sz000400,许继电气,2025-09-30 09:33:54,25.42,77814,25.4,U
sz000400,许继电气,2025-09-30 09:33:57,25.41,25500,25.42,D
sz000400,许继电气,2025-09-30 09:34:00,25.42,18800,25.41,E
sz000400,许继电气,2025-09-30 09:34:03,25.44,33100,25.42,U
sz000400,许继电气,2025-09-30 09:34:06,25.44,17600,25.44,D
sz000400,许继电气,2025-09-30 09:34:09,25.45,15000,25.44,U
sz000400,许继电气,2025-09-30 09:34:12,25.48,68800,25.45,U
sz000400,许继电气,2025-09-30 09:34:21,25.57,11700,25.57,U
sz000400,许继电气,2025-09-30 09:34:24,25.53,17300,25.57,D
sz000400,许继电气,2025-09-30 09:34:27,25.53,28200,25.53,D
sz000400,许继电气,2025-09-30 09:34:33,25.56,16000,25.56,U
sz000400,许继电气,2025-09-30 09:34:36,25.53,35900,25.56,D
sz000400,许继电气,2025-09-30 09:34:39,25.56,9200,25.53,E
sz000400,许继电气,2025-09-30 09:34:42,25.57,8700,25.56,U
sz000400,许继电气,2025-09-30 09:34:45,25.53,37800,25.57,D
sz000400,许继电气,2025-09-30 09:34:48,25.52,27000,25.53,D
sz000400,许继电气,2025-09-30 09:34:54,25.5,22800,25.56,D
sz000400,许继电气,2025-09-30 09:34:57,25.52,8900,25.5,E
sz000400,许继电气,2025-09-30 09:35:00,25.51,37500,25.52,D
sz000400,许继电气,2025-09-30 09:35:03,25.47,9100,25.51,E
sz000400,许继电气,2025-09-30 09:35:06,25.5,18100,25.47,U
sz000400,许继电气,2025-09-30 09:35:09,25.48,8000,25.5,E
sz000400,许继电气,2025-09-30 09:35:12,25.47,9100,25.48,D
sz000400,许继电气,2025-09-30 09:35:15,25.47,38500,25.47,U
sz000400,许继电气,2025-09-30 09:35:18,25.45,28200,25.47,E
sz000400,许继电气,2025-09-30 09:35:21,25.44,58400,25.45,D
sz000400,许继电气,2025-09-30 09:35:24,25.43,9600,25.44,D
sz000400,许继电气,2025-09-30 09:35:27,25.39,28486,25.43,D
sz000400,许继电气,2025-09-30 09:35:30,25.39,13800,25.39,D
sz000400,许继电气,2025-09-30 09:35:33,25.39,24400,25.39,D
sz000400,许继电气,2025-09-30 09:35:36,25.39,55714,25.39,U
sz000400,许继电气,2025-09-30 09:35:39,25.38,27000,25.39,D
sz000400,许继电气,2025-09-30 09:35:42,25.38,25800,25.38,D
sz000400,许继电气,2025-09-30 09:35:45,25.39,18200,25.38,U
sz000400,许继电气,2025-09-30 09:35:48,25.4,65700,25.39,U
sz000400,许继电气,2025-09-30 09:35:51,25.38,23900,25.4,E
sz000400,许继电气,2025-09-30 09:35:54,25.37,37300,25.38,D
sz000400,许继电气,2025-09-30 09:35:57,25.38,63500,25.37,U
sz000400,许继电气,2025-09-30 09:36:00,25.38,15300,25.38,D
sz000400,许继电气,2025-09-30 09:36:03,25.38,19900,25.38,D
sz000400,许继电气,2025-09-30 09:36:06,25.42,10400,25.38,U
sz000400,许继电气,2025-09-30 09:36:09,25.42,16400,25.42,U
sz000400,许继电气,2025-09-30 09:36:12,25.42,26200,25.42,D
sz000400,许继电气,2025-09-30 09:36:15,25.4,9800,25.42,E
sz000400,许继电气,2025-09-30 09:36:21,25.42,25700,25.42,U
sz000400,许继电气,2025-09-30 09:36:24,25.43,8600,25.42,U
sz000400,许继电气,2025-09-30 09:36:30,25.42,11800,25.42,D
sz000400,许继电气,2025-09-30 09:36:33,25.4,9500,25.42,D
sz000400,许继电气,2025-09-30 09:36:36,25.42,11100,25.4,U
sz000400,许继电气,2025-09-30 09:36:42,25.41,19300,25.4,E
sz000400,许继电气,2025-09-30 09:36:45,25.45,122500,25.41,U
sz000400,许继电气,2025-09-30 09:36:48,25.42,11000,25.45,D
sz000400,许继电气,2025-09-30 09:37:03,25.46,15700,25.45,U
sz000400,许继电气,2025-09-30 09:37:06,25.48,62500,25.46,U
sz000400,许继电气,2025-09-30 09:37:12,25.46,26400,25.46,D
sz000400,许继电气,2025-09-30 09:37:15,25.45,10400,25.46,D
sz000400,许继电气,2025-09-30 09:37:18,25.45,13100,25.45,D
sz000400,许继电气,2025-09-30 09:37:21,25.46,11900,25.45,U
sz000400,许继电气,2025-09-30 09:37:27,25.44,7900,25.46,D
sz000400,许继电气,2025-09-30 09:37:33,25.43,25300,25.45,D
sz000400,许继电气,2025-09-30 09:37:36,25.43,12200,25.43,D
sz000400,许继电气,2025-09-30 09:37:42,25.42,8500,25.43,D
sz000400,许继电气,2025-09-30 09:37:45,25.43,57600,25.42,U
sz000400,许继电气,2025-09-30 09:37:48,25.42,11300,25.43,D
sz000400,许继电气,2025-09-30 09:37:51,25.42,11500,25.42,D
sz000400,许继电气,2025-09-30 09:37:54,25.42,10700,25.42,U
sz000400,许继电气,2025-09-30 09:37:57,25.42,13100,25.42,U
sz000400,许继电气,2025-09-30 09:38:00,25.42,27300,25.42,U
sz000400,许继电气,2025-09-30 09:38:03,25.41,16300,25.42,D
sz000400,许继电气,2025-09-30 09:38:06,25.42,12300,25.41,U
sz000400,许继电气,2025-09-30 09:38:09,25.41,19300,25.42,D
sz000400,许继电气,2025-09-30 09:38:12,25.41,15000,25.41,D
sz000400,许继电气,2025-09-30 09:38:15,25.4,8400,25.41,D
sz000400,许继电气,2025-09-30 09:38:18,25.4,59900,25.4,D
sz000400,许继电气,2025-09-30 09:38:21,25.39,8400,25.4,D
sz000400,许继电气,2025-09-30 09:38:24,25.39,19400,25.39,D
sz000400,许继电气,2025-09-30 09:38:27,25.39,14600,25.39,D
sz000400,许继电气,2025-09-30 09:38:30,25.39,9400,25.39,U
sz000400,许继电气,2025-09-30 09:38:33,25.38,24700,25.39,D
sz000400,许继电气,2025-09-30 09:38:36,25.38,15200,25.38,D
sz000400,许继电气,2025-09-30 09:38:39,25.39,35800,25.38,U
sz000400,许继电气,2025-09-30 09:38:42,25.38,18300,25.39,D
sz000400,许继电气,2025-09-30 09:38:45,25.38,35100,25.38,D
sz000400,许继电气,2025-09-30 09:38:48,25.38,27800,25.38,U
sz000400,许继电气,2025-09-30 09:38:51,25.38,27200,25.38,D
sz000400,许继电气,2025-09-30 09:38:54,25.38,13100,25.38,U
sz000400,许继电气,2025-09-30 09:38:57,25.38,8200,25.38,D
sz000400,许继电气,2025-09-30 09:39:00,25.39,16500,25.38,U
sz000400,许继电气,2025-09-30 09:39:03,25.38,25700,25.39,D
sz000400,许继电气,2025-09-30 09:39:06,25.39,78300,25.38,U
sz000400,许继电气,2025-09-30 09:39:09,25.41,61400,25.39,U
sz000400,许继电气,2025-09-30 09:39:12,25.42,68800,25.41,U
sz000400,许继电气,2025-09-30 09:39:21,25.42,16100,25.44,D
sz000400,许继电气,2025-09-30 09:39:27,25.43,8600,25.42,U
sz000400,许继电气,2025-09-30 09:39:30,25.42,12900,25.43,U
sz000400,许继电气,2025-09-30 09:39:33,25.43,12600,25.42,U
sz000400,许继电气,2025-09-30 09:39:36,25.41,20900,25.43,D
sz000400,许继电气,2025-09-30 09:39:45,25.43,10900,25.42,U
sz000400,许继电气,2025-09-30 09:39:48,25.4,11000,25.43,D
sz000400,许继电气,2025-09-30 09:39:51,25.44,34800,25.4,U
sz000400,许继电气,2025-09-30 09:40:12,25.48,9300,25.48,U
sz000400,许继电气,2025-09-30 09:40:15,25.45,16400,25.48,D
sz000400,许继电气,2025-09-30 09:40:21,25.45,23200,25.45,U
sz000400,许继电气,2025-09-30 09:40:24,25.42,23900,25.45,D
sz000400,许继电气,2025-09-30 09:40:33,25.42,15700,25.42,D
sz000400,许继电气,2025-09-30 09:40:36,25.42,11900,25.42,U
sz000400,许继电气,2025-09-30 09:40:39,25.42,18900,25.42,U
sz000400,许继电气,2025-09-30 09:40:48,25.41,15900,25.41,D
sz000400,许继电气,2025-09-30 09:40:51,25.4,27500,25.41,D
sz000400,许继电气,2025-09-30 09:40:57,25.4,16500,25.41,D
sz000400,许继电气,2025-09-30 09:41:00,25.4,18200,25.4,D
sz000400,许继电气,2025-09-30 09:41:03,25.4,55500,25.4,D
sz000400,许继电气,2025-09-30 09:41:06,25.4,10000,25.4,U
sz000400,许继电气,2025-09-30 09:41:09,25.4,14300,25.4,D
sz000400,许继电气,2025-09-30 09:41:12,25.41,21500,25.4,U
sz000400,许继电气,2025-09-30 09:41:15,25.41,33700,25.41,U
sz000400,许继电气,2025-09-30 09:41:18,25.41,15500,25.41,D
sz000400,许继电气,2025-09-30 09:41:21,25.41,9100,25.41,D
sz000400,许继电气,2025-09-30 09:41:27,25.4,11400,25.4,D
sz000400,许继电气,2025-09-30 09:41:36,25.4,29300,25.4,D
sz000400,许继电气,2025-09-30 09:41:39,25.41,16600,25.4,U
sz000400,许继电气,2025-09-30 09:41:42,25.4,28100,25.41,D
sz000400,许继电气,2025-09-30 09:41:45,25.41,8200,25.4,E
sz000400,许继电气,2025-09-30 09:41:48,25.41,12400,25.41,U
sz000400,许继电气,2025-09-30 09:41:54,25.43,11700,25.41,U
sz000400,许继电气,2025-09-30 09:41:57,25.43,10500,25.43,U
sz000400,许继电气,2025-09-30 09:42:00,25.4,86700,25.43,D
sz000400,许继电气,2025-09-30 09:42:03,25.42,21200,25.4,E
sz000400,许继电气,2025-09-30 09:42:06,25.44,15200,25.42,E
sz000400,许继电气,2025-09-30 09:42:09,25.44,62000,25.44,D
sz000400,许继电气,2025-09-30 09:42:12,25.49,69900,25.44,U
sz000400,许继电气,2025-09-30 09:42:15,25.49,32200,25.49,D
sz000400,许继电气,2025-09-30 09:42:18,25.47,17700,25.49,D
sz000400,许继电气,2025-09-30 09:42:21,25.52,31000,25.47,U
sz000400,许继电气,2025-09-30 09:42:24,25.48,30200,25.52,D
sz000400,许继电气,2025-09-30 09:42:30,25.49,21800,25.47,U
sz000400,许继电气,2025-09-30 09:42:33,25.47,42200,25.49,D
sz000400,许继电气,2025-09-30 09:42:36,25.47,29300,25.47,U
sz000400,许继电气,2025-09-30 09:42:45,25.47,13900,25.47,U
sz000400,许继电气,2025-09-30 09:42:48,25.47,11300,25.47,U
sz000400,许继电气,2025-09-30 09:42:51,25.47,12600,25.47,U
sz000400,许继电气,2025-09-30 09:42:54,25.47,13000,25.47,U
sz000400,许继电气,2025-09-30 09:43:06,25.46,11100,25.47,D
sz000400,许继电气,2025-09-30 09:43:09,25.46,15100,25.46,U
sz000400,许继电气,2025-09-30 09:43:15,25.45,11200,25.46,D
sz000400,许继电气,2025-09-30 09:43:18,25.45,17500,25.45,D
sz000400,许继电气,2025-09-30 09:43:21,25.45,8500,25.45,E
sz000400,许继电气,2025-09-30 09:43:24,25.44,8900,25.45,D
sz000400,许继电气,2025-09-30 09:43:30,25.44,11500,25.44,D
sz000400,许继电气,2025-09-30 09:43:33,25.43,12800,25.44,D
sz000400,许继电气,2025-09-30 09:43:39,25.42,8000,25.43,D
sz000400,许继电气,2025-09-30 09:43:42,25.41,11100,25.42,D
sz000400,许继电气,2025-09-30 09:43:45,25.41,15700,25.41,D
sz000400,许继电气,2025-09-30 09:43:51,25.41,10300,25.41,D
sz000400,许继电气,2025-09-30 09:43:54,25.4,62300,25.41,D
sz000400,许继电气,2025-09-30 09:44:00,25.4,11400,25.4,D
sz000400,许继电气,2025-09-30 09:44:03,25.4,25900,25.4,D
sz000400,许继电气,2025-09-30 09:44:09,25.4,34500,25.41,D
sz000400,许继电气,2025-09-30 09:44:12,25.4,18200,25.4,D
sz000400,许继电气,2025-09-30 09:44:21,25.39,11400,25.4,D
sz000400,许继电气,2025-09-30 09:44:24,25.4,13000,25.39,U
sz000400,许继电气,2025-09-30 09:44:27,25.4,12200,25.4,U
sz000400,许继电气,2025-09-30 09:44:33,25.39,15900,25.39,D
sz000400,许继电气,2025-09-30 09:44:36,25.39,17000,25.39,D
sz000400,许继电气,2025-09-30 09:44:39,25.4,29100,25.39,E
sz000400,许继电气,2025-09-30 09:44:42,25.4,8500,25.4,D
sz000400,许继电气,2025-09-30 09:44:45,25.4,19400,25.4,D
sz000400,许继电气,2025-09-30 09:44:54,25.41,9300,25.41,U
sz000400,许继电气,2025-09-30 09:45:00,25.42,11800,25.41,U
sz000400,许继电气,2025-09-30 09:45:09,25.45,19100,25.43,U
sz000400,许继电气,2025-09-30 09:45:12,25.45,26600,25.45,D
sz000400,许继电气,2025-09-30 09:45:15,25.45,12600,25.45,D
sz000400,许继电气,2025-09-30 09:45:18,25.45,8000,25.45,D
sz000400,许继电气,2025-09-30 09:45:24,25.49,8200,25.48,U
sz000400,许继电气,2025-09-30 09:45:27,25.48,9100,25.49,D
sz000400,许继电气,2025-09-30 09:45:36,25.49,34300,25.49,D
sz000400,许继电气,2025-09-30 09:45:51,25.52,10000,25.52,U
sz000400,许继电气,2025-09-30 09:45:54,25.51,9000,25.52,E
sz000400,许继电气,2025-09-30 09:45:57,25.52,19300,25.51,U
sz000400,许继电气,2025-09-30 09:46:00,25.5,46800,25.52,D
sz000400,许继电气,2025-09-30 09:46:03,25.5,10300,25.5,U
sz000400,许继电气,2025-09-30 09:46:06,25.5,7900,25.5,E
sz000400,许继电气,2025-09-30 09:46:24,25.48,16700,25.48,U
sz000400,许继电气,2025-09-30 09:46:27,25.48,8900,25.48,U
sz000400,许继电气,2025-09-30 09:46:30,25.47,8600,25.48,D
sz000400,许继电气,2025-09-30 09:46:33,25.47,20200,25.47,D
sz000400,许继电气,2025-09-30 09:46:39,25.51,68200,25.48,U
sz000400,许继电气,2025-09-30 09:46:42,25.48,10100,25.51,D
sz000400,许继电气,2025-09-30 09:46:45,25.5,11700,25.48,E
sz000400,许继电气,2025-09-30 09:47:00,25.48,107700,25.49,D
sz000400,许继电气,2025-09-30 09:47:06,25.49,12200,25.49,D
sz000400,许继电气,2025-09-30 09:47:09,25.58,67900,25.49,U
sz000400,许继电气,2025-09-30 09:47:12,25.61,70500,25.58,U
sz000400,许继电气,2025-09-30 09:47:18,25.59,26700,25.62,D
sz000400,许继电气,2025-09-30 09:47:21,25.61,151400,25.59,U
sz000400,许继电气,2025-09-30 09:47:24,25.64,8500,25.61,U
sz000400,许继电气,2025-09-30 09:47:27,25.67,18800,25.64,U
sz000400,许继电气,2025-09-30 09:47:30,25.72,84900,25.67,U
sz000400,许继电气,2025-09-30 09:47:33,25.65,33200,25.72,D
sz000400,许继电气,2025-09-30 09:47:36,25.73,13900,25.65,U
sz000400,许继电气,2025-09-30 09:47:39,25.75,23000,25.73,U
sz000400,许继电气,2025-09-30 09:47:42,25.75,41400,25.75,U
sz000400,许继电气,2025-09-30 09:47:45,25.8,52900,25.75,U
sz000400,许继电气,2025-09-30 09:47:48,25.82,25800,25.8,U
sz000400,许继电气,2025-09-30 09:47:51,25.82,34900,25.82,D
sz000400,许继电气,2025-09-30 09:47:54,25.82,59500,25.82,U
sz000400,许继电气,2025-09-30 09:47:57,25.82,40500,25.82,D
sz000400,许继电气,2025-09-30 09:48:00,25.84,57000,25.82,U
sz000400,许继电气,2025-09-30 09:48:03,25.82,72400,25.84,E
sz000400,许继电气,2025-09-30 09:48:06,25.82,84000,25.82,U
sz000400,许继电气,2025-09-30 09:48:09,25.82,30800,25.82,U
sz000400,许继电气,2025-09-30 09:48:12,25.82,46200,25.82,D
sz000400,许继电气,2025-09-30 09:48:15,25.81,33900,25.82,D
sz000400,许继电气,2025-09-30 09:48:18,25.79,28500,25.81,D
sz000400,许继电气,2025-09-30 09:48:21,25.79,40000,25.79,U
sz000400,许继电气,2025-09-30 09:48:24,25.75,58700,25.79,D
sz000400,许继电气,2025-09-30 09:48:27,25.74,11800,25.75,D
sz000400,许继电气,2025-09-30 09:48:33,25.74,14800,25.74,D
sz000400,许继电气,2025-09-30 09:48:36,25.74,46100,25.74,U
sz000400,许继电气,2025-09-30 09:48:39,25.73,7900,25.74,D
sz000400,许继电气,2025-09-30 09:48:45,25.73,17000,25.7,U
sz000400,许继电气,2025-09-30 09:48:54,25.71,13700,25.72,D
sz000400,许继电气,2025-09-30 09:48:57,25.7,49700,25.71,D
sz000400,许继电气,2025-09-30 09:49:03,25.75,9800,25.73,U
sz000400,许继电气,2025-09-30 09:49:06,25.76,12700,25.75,U
sz000400,许继电气,2025-09-30 09:49:12,25.79,10800,25.76,U
sz000400,许继电气,2025-09-30 09:49:15,25.79,14200,25.79,D
sz000400,许继电气,2025-09-30 09:49:18,25.8,10300,25.79,U
sz000400,许继电气,2025-09-30 09:49:21,25.79,15500,25.8,U
sz000400,许继电气,2025-09-30 09:49:24,25.8,34800,25.79,D
sz000400,许继电气,2025-09-30 09:49:27,25.81,14900,25.8,U
sz000400,许继电气,2025-09-30 09:49:30,25.8,73300,25.81,D
sz000400,许继电气,2025-09-30 09:49:33,25.8,29300,25.8,U
sz000400,许继电气,2025-09-30 09:49:36,25.79,79800,25.8,E
sz000400,许继电气,2025-09-30 09:49:39,25.8,58900,25.79,U
sz000400,许继电气,2025-09-30 09:49:42,25.81,15100,25.8,U
sz000400,许继电气,2025-09-30 09:49:45,25.79,67300,25.81,D
sz000400,许继电气,2025-09-30 09:49:48,25.8,30800,25.79,E
sz000400,许继电气,2025-09-30 09:49:51,25.8,34200,25.8,U
sz000400,许继电气,2025-09-30 09:49:54,25.79,33800,25.8,E
sz000400,许继电气,2025-09-30 09:49:57,25.8,30400,25.79,U
sz000400,许继电气,2025-09-30 09:50:00,25.8,18200,25.8,E
sz000400,许继电气,2025-09-30 09:50:03,25.8,10700,25.8,U
sz000400,许继电气,2025-09-30 09:50:06,25.8,50900,25.8,U
sz000400,许继电气,2025-09-30 09:50:09,25.81,19400,25.8,U
sz000400,许继电气,2025-09-30 09:50:12,25.81,24800,25.81,D
sz000400,许继电气,2025-09-30 09:50:15,25.82,41200,25.81,U
sz000400,许继电气,2025-09-30 09:50:18,25.82,21700,25.82,D
sz000400,许继电气,2025-09-30 09:50:21,25.82,9300,25.82,U
sz000400,许继电气,2025-09-30 09:50:24,25.82,34535,25.82,D
sz000400,许继电气,2025-09-30 09:50:27,25.82,27265,25.82,D
sz000400,许继电气,2025-09-30 09:50:30,25.82,26400,25.82,U
sz000400,许继电气,2025-09-30 09:50:33,25.81,17800,25.82,D
sz000400,许继电气,2025-09-30 09:50:36,25.81,27600,25.81,D
sz000400,许继电气,2025-09-30 09:50:39,25.81,18900,25.81,D
sz000400,许继电气,2025-09-30 09:50:42,25.81,56100,25.81,D
sz000400,许继电气,2025-09-30 09:50:45,25.79,13300,25.81,D
sz000400,许继电气,2025-09-30 09:50:48,25.79,17800,25.79,D
sz000400,许继电气,2025-09-30 09:50:51,25.8,67800,25.79,U
sz000400,许继电气,2025-09-30 09:50:57,25.76,12500,25.77,D
sz000400,许继电气,2025-09-30 09:51:00,25.77,11000,25.76,E
sz000400,许继电气,2025-09-30 09:51:06,25.8,28000,25.77,U
sz000400,许继电气,2025-09-30 09:51:09,25.8,8800,25.8,D
sz000400,许继电气,2025-09-30 09:51:15,25.8,17700,25.8,U
sz000400,许继电气,2025-09-30 09:51:18,25.79,9700,25.8,D
sz000400,许继电气,2025-09-30 09:51:21,25.83,75400,25.79,U
sz000400,许继电气,2025-09-30 09:51:24,25.9,267548,25.83,U
sz000400,许继电气,2025-09-30 09:51:27,25.85,17300,25.9,D
sz000400,许继电气,2025-09-30 09:51:30,25.91,11100,25.85,U
sz000400,许继电气,2025-09-30 09:51:36,25.88,20400,25.91,D
sz000400,许继电气,2025-09-30 09:51:39,25.88,21500,25.88,D
sz000400,许继电气,2025-09-30 09:51:42,25.9,15900,25.88,U
sz000400,许继电气,2025-09-30 09:51:45,25.9,12500,25.9,D
sz000400,许继电气,2025-09-30 09:51:48,25.92,32800,25.9,U
sz000400,许继电气,2025-09-30 09:51:51,25.93,15500,25.92,U
sz000400,许继电气,2025-09-30 09:51:54,25.93,30000,25.93,U
sz000400,许继电气,2025-09-30 09:51:57,25.92,123400,25.93,D
sz000400,许继电气,2025-09-30 09:52:00,25.93,9100,25.92,U
sz000400,许继电气,2025-09-30 09:52:03,25.94,12000,25.93,U
sz000400,许继电气,2025-09-30 09:52:06,25.95,12900,25.94,U
sz000400,许继电气,2025-09-30 09:52:09,25.95,42100,25.95,U
sz000400,许继电气,2025-09-30 09:52:12,25.94,47600,25.95,E
sz000400,许继电气,2025-09-30 09:52:15,25.95,20600,25.94,U
sz000400,许继电气,2025-09-30 09:52:18,25.95,8800,25.95,U
sz000400,许继电气,2025-09-30 09:52:21,25.95,23600,25.95,U
sz000400,许继电气,2025-09-30 09:52:24,25.95,20100,25.95,U
sz000400,许继电气,2025-09-30 09:52:27,25.96,38800,25.95,U
sz000400,许继电气,2025-09-30 09:52:30,25.95,24300,25.96,D
sz000400,许继电气,2025-09-30 09:52:33,25.95,23900,25.95,U
sz000400,许继电气,2025-09-30 09:52:36,25.96,51600,25.95,U
sz000400,许继电气,2025-09-30 09:52:39,25.97,87600,25.96,U
sz000400,许继电气,2025-09-30 09:52:42,25.97,16800,25.97,U
sz000400,许继电气,2025-09-30 09:52:45,25.96,19100,25.97,D
sz000400,许继电气,2025-09-30 09:52:48,25.96,17300,25.96,D
sz000400,许继电气,2025-09-30 09:52:51,25.96,131700,25.96,D
sz000400,许继电气,2025-09-30 09:52:54,25.96,22300,25.96,U
sz000400,许继电气,2025-09-30 09:52:57,25.94,61700,25.96,D
sz000400,许继电气,2025-09-30 09:53:00,25.92,63600,25.94,D
sz000400,许继电气,2025-09-30 09:53:03,25.94,16400,25.92,U
sz000400,许继电气,2025-09-30 09:53:09,25.89,37600,25.91,D
sz000400,许继电气,2025-09-30 09:53:12,25.87,65300,25.89,D
sz000400,许继电气,2025-09-30 09:53:18,25.84,11500,25.87,D
sz000400,许继电气,2025-09-30 09:53:21,25.83,12100,25.84,D
sz000400,许继电气,2025-09-30 09:53:24,25.82,20700,25.83,D
sz000400,许继电气,2025-09-30 09:53:27,25.81,12000,25.82,D
sz000400,许继电气,2025-09-30 09:53:30,25.81,18100,25.81,D
sz000400,许继电气,2025-09-30 09:53:33,25.81,37400,25.81,U
sz000400,许继电气,2025-09-30 09:53:36,25.79,28000,25.81,D
sz000400,许继电气,2025-09-30 09:53:39,25.8,15500,25.79,U
sz000400,许继电气,2025-09-30 09:53:42,25.8,34000,25.8,U
sz000400,许继电气,2025-09-30 09:53:45,25.79,16400,25.8,E
sz000400,许继电气,2025-09-30 09:53:51,25.8,12700,25.81,D
sz000400,许继电气,2025-09-30 09:53:54,25.8,22400,25.8,D
sz000400,许继电气,2025-09-30 09:53:57,25.8,27000,25.8,U
sz000400,许继电气,2025-09-30 09:54:06,25.81,13700,25.82,D
sz000400,许继电气,2025-09-30 09:54:09,25.83,29600,25.81,U
sz000400,许继电气,2025-09-30 09:54:12,25.83,9700,25.83,U
sz000400,许继电气,2025-09-30 09:54:21,25.83,14000,25.83,D
sz000400,许继电气,2025-09-30 09:54:24,25.84,52200,25.83,D
sz000400,许继电气,2025-09-30 09:54:27,25.9,142000,25.84,U
sz000400,许继电气,2025-09-30 09:54:33,25.84,8200,25.84,D
sz000400,许继电气,2025-09-30 09:54:36,25.86,34900,25.84,U
sz000400,许继电气,2025-09-30 09:54:45,25.88,10600,25.86,E
sz000400,许继电气,2025-09-30 09:54:48,25.89,25000,25.88,U
sz000400,许继电气,2025-09-30 09:54:51,25.86,40200,25.89,D
sz000400,许继电气,2025-09-30 09:54:57,25.85,65700,25.88,D
sz000400,许继电气,2025-09-30 09:55:00,25.87,23900,25.85,E
sz000400,许继电气,2025-09-30 09:55:03,25.85,26100,25.87,D
sz000400,许继电气,2025-09-30 09:55:06,25.88,12000,25.85,U
sz000400,许继电气,2025-09-30 09:55:12,25.88,7900,25.87,U
sz000400,许继电气,2025-09-30 09:55:15,25.88,11800,25.88,D
sz000400,许继电气,2025-09-30 09:55:21,25.89,9586,25.89,U
sz000400,许继电气,2025-09-30 09:55:24,25.89,9414,25.89,D
sz000400,许继电气,2025-09-30 09:55:27,25.89,11600,25.89,U
sz000400,许继电气,2025-09-30 09:55:30,25.9,21586,25.89,U
sz000400,许继电气,2025-09-30 09:55:36,25.92,10100,25.91,U
sz000400,许继电气,2025-09-30 09:55:42,25.97,662900,25.92,U
sz000400,许继电气,2025-09-30 09:55:45,25.97,33900,25.97,D
sz000400,许继电气,2025-09-30 09:55:51,25.97,20400,25.97,D
sz000400,许继电气,2025-09-30 09:55:54,25.99,21000,25.97,E
sz000400,许继电气,2025-09-30 09:55:57,26.0,17500,25.99,U
sz000400,许继电气,2025-09-30 09:56:00,26.0,50000,26.0,U
sz000400,许继电气,2025-09-30 09:56:03,26.02,11900,26.0,U
sz000400,许继电气,2025-09-30 09:56:06,26.01,78600,26.02,D
sz000400,许继电气,2025-09-30 09:56:09,26.0,34800,26.01,E
sz000400,许继电气,2025-09-30 09:56:12,25.98,41200,26.0,D
sz000400,许继电气,2025-09-30 09:56:15,26.0,43800,25.98,U
sz000400,许继电气,2025-09-30 09:56:18,25.97,13300,26.0,D
sz000400,许继电气,2025-09-30 09:56:21,25.99,110500,25.97,U
sz000400,许继电气,2025-09-30 09:56:24,25.97,23600,25.99,E
sz000400,许继电气,2025-09-30 09:56:30,25.96,20600,25.98,E
sz000400,许继电气,2025-09-30 09:56:33,26.0,56000,25.96,U
sz000400,许继电气,2025-09-30 09:56:39,25.97,25600,25.98,D
sz000400,许继电气,2025-09-30 09:56:42,25.97,21300,25.97,U
sz000400,许继电气,2025-09-30 09:56:45,25.97,17300,25.97,U
sz000400,许继电气,2025-09-30 09:56:48,25.97,19300,25.97,U
sz000400,许继电气,2025-09-30 09:56:51,25.97,109900,25.97,D
sz000400,许继电气,2025-09-30 09:56:54,25.99,10100,25.97,E
sz000400,许继电气,2025-09-30 09:57:00,26.0,58800,25.99,U
sz000400,许继电气,2025-09-30 09:57:03,26.01,36200,26.0,U
sz000400,许继电气,2025-09-30 09:57:06,26.01,13000,26.01,U
sz000400,许继电气,2025-09-30 09:57:09,26.01,14600,26.01,U
sz000400,许继电气,2025-09-30 09:57:12,26.02,12862,26.01,U
sz000400,许继电气,2025-09-30 09:57:18,26.04,17300,26.03,U
sz000400,许继电气,2025-09-30 09:57:21,26.04,31300,26.04,U
sz000400,许继电气,2025-09-30 09:57:24,26.06,18800,26.04,U
sz000400,许继电气,2025-09-30 09:57:27,26.06,16900,26.06,U
sz000400,许继电气,2025-09-30 09:57:30,26.08,69200,26.06,U
sz000400,许继电气,2025-09-30 09:57:33,26.09,11535,26.08,U
sz000400,许继电气,2025-09-30 09:57:36,26.09,39700,26.09,U
sz000400,许继电气,2025-09-30 09:57:39,26.09,31300,26.09,E
sz000400,许继电气,2025-09-30 09:57:42,26.09,71100,26.09,D
sz000400,许继电气,2025-09-30 09:57:45,26.09,83600,26.09,D
sz000400,许继电气,2025-09-30 09:57:48,26.1,117800,26.09,U
sz000400,许继电气,2025-09-30 09:57:51,26.12,8500,26.1,E
sz000400,许继电气,2025-09-30 09:57:54,26.15,18400,26.12,U
sz000400,许继电气,2025-09-30 09:57:57,26.15,92200,26.15,U
sz000400,许继电气,2025-09-30 09:58:00,26.16,37600,26.15,U
sz000400,许继电气,2025-09-30 09:58:03,26.15,43700,26.16,D
sz000400,许继电气,2025-09-30 09:58:06,26.16,9500,26.15,U
sz000400,许继电气,2025-09-30 09:58:09,26.17,121600,26.16,U
sz000400,许继电气,2025-09-30 09:58:12,26.19,16400,26.17,E
sz000400,许继电气,2025-09-30 09:58:15,26.2,43000,26.19,U
sz000400,许继电气,2025-09-30 09:58:18,26.19,39400,26.2,D
sz000400,许继电气,2025-09-30 09:58:21,26.19,45800,26.19,U
sz000400,许继电气,2025-09-30 09:58:24,26.17,28600,26.19,D
sz000400,许继电气,2025-09-30 09:58:27,26.19,58200,26.17,U
sz000400,许继电气,2025-09-30 09:58:30,26.18,22400,26.19,U
sz000400,许继电气,2025-09-30 09:58:33,26.17,22900,26.18,D
sz000400,许继电气,2025-09-30 09:58:36,26.17,76200,26.17,D
sz000400,许继电气,2025-09-30 09:58:39,26.17,26600,26.17,U
sz000400,许继电气,2025-09-30 09:58:42,26.17,116500,26.17,U
sz000400,许继电气,2025-09-30 09:58:45,26.17,22900,26.17,U
sz000400,许继电气,2025-09-30 09:58:48,26.24,401900,26.17,U
sz000400,许继电气,2025-09-30 09:58:51,26.28,359400,26.24,U
sz000400,许继电气,2025-09-30 09:58:54,26.28,109600,26.28,U
sz000400,许继电气,2025-09-30 09:58:57,26.29,15800,26.28,E
sz000400,许继电气,2025-09-30 09:59:00,26.29,56800,26.29,U
sz000400,许继电气,2025-09-30 09:59:03,26.3,54800,26.29,U
sz000400,许继电气,2025-09-30 09:59:06,26.3,141300,26.3,U
sz000400,许继电气,2025-09-30 09:59:09,26.3,92800,26.3,U
sz000400,许继电气,2025-09-30 09:59:12,26.29,38700,26.3,D
sz000400,许继电气,2025-09-30 09:59:15,26.31,107300,26.29,U
sz000400,许继电气,2025-09-30 09:59:18,26.3,11800,26.31,D
sz000400,许继电气,2025-09-30 09:59:21,26.3,40500,26.3,D
sz000400,许继电气,2025-09-30 09:59:24,26.33,49600,26.3,U
sz000400,许继电气,2025-09-30 09:59:27,26.31,66300,26.33,D
sz000400,许继电气,2025-09-30 09:59:30,26.3,63600,26.31,D
sz000400,许继电气,2025-09-30 09:59:33,26.3,73700,26.3,D
sz000400,许继电气,2025-09-30 09:59:36,26.3,165400,26.3,U
sz000400,许继电气,2025-09-30 09:59:39,26.3,15700,26.3,U
sz000400,许继电气,2025-09-30 09:59:42,26.26,39400,26.3,D
sz000400,许继电气,2025-09-30 09:59:45,26.27,56400,26.26,U
sz000400,许继电气,2025-09-30 09:59:48,26.3,24500,26.27,U
sz000400,许继电气,2025-09-30 09:59:51,26.27,34600,26.3,D
sz000400,许继电气,2025-09-30 09:59:54,26.28,50000,26.27,D
sz000400,许继电气,2025-09-30 09:59:57,26.27,56000,26.28,D
sz000400,许继电气,2025-09-30 10:00:00,26.25,54700,26.27,D
sz000400,许继电气,2025-09-30 10:00:03,26.27,36400,26.25,U
sz000400,许继电气,2025-09-30 10:00:06,26.27,51700,26.27,U
sz000400,许继电气,2025-09-30 10:00:09,26.26,43200,26.27,D
sz000400,许继电气,2025-09-30 10:00:12,26.21,31100,26.26,D
sz000400,许继电气,2025-09-30 10:00:15,26.27,33800,26.21,U
sz000400,许继电气,2025-09-30 10:00:18,26.25,31100,26.27,U
sz000400,许继电气,2025-09-30 10:00:21,26.23,49700,26.25,D
sz000400,许继电气,2025-09-30 10:00:24,26.23,86900,26.23,D
sz000400,许继电气,2025-09-30 10:00:27,26.25,93300,26.23,E
sz000400,许继电气,2025-09-30 10:00:30,26.26,35800,26.25,E
sz000400,许继电气,2025-09-30 10:00:33,26.27,34300,26.26,E
sz000400,许继电气,2025-09-30 10:00:36,26.27,64200,26.27,E
sz000400,许继电气,2025-09-30 10:00:39,26.27,37600,26.27,U
sz000400,许继电气,2025-09-30 10:00:42,26.34,337900,26.27,U
sz000400,许继电气,2025-09-30 10:00:45,26.35,75600,26.34,U
sz000400,许继电气,2025-09-30 10:00:48,26.35,20700,26.35,U
sz000400,许继电气,2025-09-30 10:00:51,26.36,44100,26.35,U
sz000400,许继电气,2025-09-30 10:00:54,26.36,76800,26.36,U
sz000400,许继电气,2025-09-30 10:00:57,26.38,43300,26.36,U
sz000400,许继电气,2025-09-30 10:01:00,26.38,49000,26.38,U
sz000400,许继电气,2025-09-30 10:01:03,26.39,94800,26.38,U
sz000400,许继电气,2025-09-30 10:01:06,26.4,119800,26.39,U
sz000400,许继电气,2025-09-30 10:01:09,26.49,213100,26.4,U
sz000400,许继电气,2025-09-30 10:01:12,26.47,36300,26.49,E
sz000400,许继电气,2025-09-30 10:01:15,26.47,70700,26.47,U
sz000400,许继电气,2025-09-30 10:01:18,26.49,65700,26.47,E
sz000400,许继电气,2025-09-30 10:01:21,26.47,96100,26.49,D
sz000400,许继电气,2025-09-30 10:01:24,26.47,44500,26.47,U
sz000400,许继电气,2025-09-30 10:01:27,26.47,76800,26.47,U
sz000400,许继电气,2025-09-30 10:01:30,26.47,57900,26.47,U
sz000400,许继电气,2025-09-30 10:01:33,26.47,31900,26.47,D
sz000400,许继电气,2025-09-30 10:01:36,26.48,35400,26.47,U
sz000400,许继电气,2025-09-30 10:01:39,26.48,53700,26.48,D
sz000400,许继电气,2025-09-30 10:01:42,26.5,47050,26.48,U
sz000400,许继电气,2025-09-30 10:01:45,26.49,212150,26.5,D
sz000400,许继电气,2025-09-30 10:01:48,26.47,154700,26.49,E
sz000400,许继电气,2025-09-30 10:01:51,26.45,25300,26.47,D
sz000400,许继电气,2025-09-30 10:01:54,26.49,44600,26.45,U
sz000400,许继电气,2025-09-30 10:01:57,26.46,26000,26.49,U
sz000400,许继电气,2025-09-30 10:02:00,26.46,24500,26.46,D
sz000400,许继电气,2025-09-30 10:02:03,26.45,76000,26.46,D
sz000400,许继电气,2025-09-30 10:02:06,26.46,21000,26.45,U
sz000400,许继电气,2025-09-30 10:02:09,26.46,14500,26.46,U
sz000400,许继电气,2025-09-30 10:02:12,26.44,22900,26.46,E
sz000400,许继电气,2025-09-30 10:02:15,26.43,51100,26.44,E
sz000400,许继电气,2025-09-30 10:02:18,26.4,41800,26.43,D
sz000400,许继电气,2025-09-30 10:02:21,26.38,24500,26.4,D
sz000400,许继电气,2025-09-30 10:02:24,26.38,20900,26.38,D
sz000400,许继电气,2025-09-30 10:02:27,26.35,9300,26.38,D
sz000400,许继电气,2025-09-30 10:02:30,26.35,15200,26.35,D
sz000400,许继电气,2025-09-30 10:02:33,26.32,8700,26.35,D
sz000400,许继电气,2025-09-30 10:02:36,26.33,33100,26.32,U
sz000400,许继电气,2025-09-30 10:02:39,26.31,38600,26.33,D
sz000400,许继电气,2025-09-30 10:02:42,26.31,27800,26.31,D
sz000400,许继电气,2025-09-30 10:02:45,26.3,24800,26.31,D
sz000400,许继电气,2025-09-30 10:02:48,26.3,15500,26.3,D
sz000400,许继电气,2025-09-30 10:02:51,26.28,10500,26.3,D
sz000400,许继电气,2025-09-30 10:02:54,26.29,15600,26.28,U
sz000400,许继电气,2025-09-30 10:02:57,26.29,11700,26.29,U
sz000400,许继电气,2025-09-30 10:03:00,26.28,20000,26.29,E
sz000400,许继电气,2025-09-30 10:03:03,26.27,12000,26.28,E
sz000400,许继电气,2025-09-30 10:03:06,26.27,30300,26.27,U
sz000400,许继电气,2025-09-30 10:03:09,26.27,15800,26.27,U
sz000400,许继电气,2025-09-30 10:03:12,26.28,22000,26.27,U
sz000400,许继电气,2025-09-30 10:03:15,26.27,29500,26.28,D
sz000400,许继电气,2025-09-30 10:03:18,26.28,25600,26.27,U
sz000400,许继电气,2025-09-30 10:03:21,26.27,10100,26.28,D
sz000400,许继电气,2025-09-30 10:03:24,26.27,18500,26.27,D
sz000400,许继电气,2025-09-30 10:03:27,26.27,12600,26.27,U
sz000400,许继电气,2025-09-30 10:03:30,26.26,41600,26.27,D
sz000400,许继电气,2025-09-30 10:03:33,26.26,9500,26.26,U
sz000400,许继电气,2025-09-30 10:03:36,26.26,18800,26.26,U
sz000400,许继电气,2025-09-30 10:03:39,26.25,28800,26.26,D
sz000400,许继电气,2025-09-30 10:03:42,26.25,29900,26.25,D
sz000400,许继电气,2025-09-30 10:03:51,26.23,7900,26.24,D
sz000400,许继电气,2025-09-30 10:03:54,26.23,83800,26.23,D
sz000400,许继电气,2025-09-30 10:04:00,26.2,21000,26.23,D
sz000400,许继电气,2025-09-30 10:04:03,26.2,24800,26.2,D
sz000400,许继电气,2025-09-30 10:04:06,26.19,45800,26.2,D
sz000400,许继电气,2025-09-30 10:04:09,26.19,16500,26.19,D
sz000400,许继电气,2025-09-30 10:04:12,26.19,25500,26.19,D
sz000400,许继电气,2025-09-30 10:04:15,26.19,20400,26.19,D
sz000400,许继电气,2025-09-30 10:04:24,26.18,12400,26.18,D
sz000400,许继电气,2025-09-30 10:04:27,26.18,19800,26.18,U
sz000400,许继电气,2025-09-30 10:04:30,26.18,31500,26.18,U
sz000400,许继电气,2025-09-30 10:04:33,26.18,11500,26.18,D
sz000400,许继电气,2025-09-30 10:04:36,26.19,15300,26.18,U
sz000400,许继电气,2025-09-30 10:04:39,26.18,15400,26.19,D
sz000400,许继电气,2025-09-30 10:04:45,26.2,26200,26.19,U
sz000400,许继电气,2025-09-30 10:04:48,26.19,71500,26.2,D
sz000400,许继电气,2025-09-30 10:04:51,26.2,10500,26.19,U
sz000400,许继电气,2025-09-30 10:04:57,26.21,8700,26.2,U
sz000400,许继电气,2025-09-30 10:05:00,26.22,11000,26.21,U
sz000400,许继电气,2025-09-30 10:05:03,26.22,25700,26.22,U
sz000400,许继电气,2025-09-30 10:05:09,26.23,10800,26.22,U
sz000400,许继电气,2025-09-30 10:05:12,26.24,8300,26.23,U
sz000400,许继电气,2025-09-30 10:05:15,26.24,40100,26.24,U
sz000400,许继电气,2025-09-30 10:05:18,26.25,9600,26.24,U
sz000400,许继电气,2025-09-30 10:05:21,26.25,19200,26.25,U
sz000400,许继电气,2025-09-30 10:05:24,26.23,34500,26.25,D
sz000400,许继电气,2025-09-30 10:05:27,26.23,18200,26.23,D
sz000400,许继电气,2025-09-30 10:05:30,26.22,15500,26.23,D
sz000400,许继电气,2025-09-30 10:05:33,26.24,57100,26.22,U
sz000400,许继电气,2025-09-30 10:05:39,26.23,15900,26.23,D
sz000400,许继电气,2025-09-30 10:05:42,26.23,9200,26.23,U
sz000400,许继电气,2025-09-30 10:05:45,26.23,19400,26.23,U
sz000400,许继电气,2025-09-30 10:05:51,26.23,17300,26.23,D
sz000400,许继电气,2025-09-30 10:05:54,26.24,15700,26.23,D
sz000400,许继电气,2025-09-30 10:06:00,26.23,8300,26.23,D
sz000400,许继电气,2025-09-30 10:06:03,26.24,12800,26.23,U
sz000400,许继电气,2025-09-30 10:06:09,26.23,33000,26.24,D
sz000400,许继电气,2025-09-30 10:06:12,26.23,10700,26.23,D
sz000400,许继电气,2025-09-30 10:06:15,26.23,20100,26.23,U
sz000400,许继电气,2025-09-30 10:06:18,26.23,14500,26.23,U
sz000400,许继电气,2025-09-30 10:06:21,26.22,52900,26.23,D
sz000400,许继电气,2025-09-30 10:06:24,26.23,11600,26.22,E
sz000400,许继电气,2025-09-30 10:06:33,26.23,13000,26.23,U
sz000400,许继电气,2025-09-30 10:06:39,26.22,17000,26.22,D
sz000400,许继电气,2025-09-30 10:06:42,26.22,17200,26.22,D
sz000400,许继电气,2025-09-30 10:06:45,26.21,10800,26.22,D
sz000400,许继电气,2025-09-30 10:06:48,26.2,41700,26.21,D
sz000400,许继电气,2025-09-30 10:06:51,26.18,74200,26.2,D
sz000400,许继电气,2025-09-30 10:06:54,26.18,13200,26.18,D
sz000400,许继电气,2025-09-30 10:06:57,26.17,115400,26.18,D
sz000400,许继电气,2025-09-30 10:07:00,26.18,9300,26.17,U
sz000400,许继电气,2025-09-30 10:07:03,26.17,34700,26.18,D
sz000400,许继电气,2025-09-30 10:07:06,26.17,13700,26.17,D
sz000400,许继电气,2025-09-30 10:07:12,26.15,14800,26.16,D
sz000400,许继电气,2025-09-30 10:07:15,26.14,16300,26.15,D
sz000400,许继电气,2025-09-30 10:07:24,26.12,33800,26.12,D
sz000400,许继电气,2025-09-30 10:07:27,26.11,28400,26.12,D
sz000400,许继电气,2025-09-30 10:07:30,26.1,17800,26.11,D
sz000400,许继电气,2025-09-30 10:07:33,26.1,25700,26.1,D
sz000400,许继电气,2025-09-30 10:07:36,26.1,46200,26.1,D
sz000400,许继电气,2025-09-30 10:07:39,26.1,26500,26.1,U
sz000400,许继电气,2025-09-30 10:07:42,26.08,76700,26.1,D
sz000400,许继电气,2025-09-30 10:07:45,26.09,11600,26.08,U
sz000400,许继电气,2025-09-30 10:07:48,26.09,33600,26.09,U
sz000400,许继电气,2025-09-30 10:07:51,26.1,39050,26.09,U
sz000400,许继电气,2025-09-30 10:07:54,26.09,30600,26.1,D
sz000400,许继电气,2025-09-30 10:07:57,26.1,17100,26.09,U
sz000400,许继电气,2025-09-30 10:08:00,26.1,22800,26.1,U
sz000400,许继电气,2025-09-30 10:08:03,26.11,8100,26.1,U
sz000400,许继电气,2025-09-30 10:08:06,26.1,9000,26.11,D
sz000400,许继电气,2025-09-30 10:08:09,26.12,15800,26.1,U
sz000400,许继电气,2025-09-30 10:08:12,26.12,37100,26.12,U
sz000400,许继电气,2025-09-30 10:08:15,26.12,18800,26.12,U
sz000400,许继电气,2025-09-30 10:08:18,26.13,9400,26.12,U
sz000400,许继电气,2025-09-30 10:08:21,26.13,14000,26.13,U
sz000400,许继电气,2025-09-30 10:08:24,26.15,8500,26.13,U
sz000400,许继电气,2025-09-30 10:08:39,26.16,10000,26.16,U
sz000400,许继电气,2025-09-30 10:08:42,26.17,17600,26.16,U
sz000400,许继电气,2025-09-30 10:08:48,26.17,9500,26.17,U
sz000400,许继电气,2025-09-30 10:08:51,26.17,17500,26.17,U
sz000400,许继电气,2025-09-30 10:08:54,26.17,84500,26.17,U
sz000400,许继电气,2025-09-30 10:08:57,26.17,10400,26.17,U
sz000400,许继电气,2025-09-30 10:09:00,26.17,23800,26.17,D
sz000400,许继电气,2025-09-30 10:09:03,26.16,15000,26.17,D
sz000400,许继电气,2025-09-30 10:09:06,26.17,9200,26.16,U
sz000400,许继电气,2025-09-30 10:09:09,26.17,46400,26.17,D
sz000400,许继电气,2025-09-30 10:09:15,26.17,7900,26.16,U
sz000400,许继电气,2025-09-30 10:09:24,26.17,10900,26.17,D
sz000400,许继电气,2025-09-30 10:09:27,26.17,12913,26.17,D
sz000400,许继电气,2025-09-30 10:09:30,26.16,28300,26.17,D
sz000400,许继电气,2025-09-30 10:09:33,26.15,31700,26.16,D
sz000400,许继电气,2025-09-30 10:09:36,26.17,8100,26.15,U
sz000400,许继电气,2025-09-30 10:09:42,26.17,16700,26.17,U
sz000400,许继电气,2025-09-30 10:09:54,26.13,25900,26.14,D
sz000400,许继电气,2025-09-30 10:10:00,26.13,19300,26.13,D
sz000400,许继电气,2025-09-30 10:10:03,26.14,17400,26.13,U
sz000400,许继电气,2025-09-30 10:10:18,26.13,25400,26.13,U
sz000400,许继电气,2025-09-30 10:10:21,26.13,12400,26.13,U
sz000400,许继电气,2025-09-30 10:10:27,26.11,9700,26.12,D
sz000400,许继电气,2025-09-30 10:10:30,26.11,15900,26.11,D
sz000400,许继电气,2025-09-30 10:10:33,26.11,12800,26.11,D
sz000400,许继电气,2025-09-30 10:10:45,26.12,15800,26.12,D
sz000400,许继电气,2025-09-30 10:10:48,26.13,17500,26.12,U
sz000400,许继电气,2025-09-30 10:10:51,26.13,22500,26.13,U
sz000400,许继电气,2025-09-30 10:10:54,26.15,26700,26.13,U
sz000400,许继电气,2025-09-30 10:11:06,26.17,8600,26.16,U
sz000400,许继电气,2025-09-30 10:11:21,26.14,31000,26.14,D
sz000400,许继电气,2025-09-30 10:11:30,26.12,20300,26.13,D
sz000400,许继电气,2025-09-30 10:11:51,26.12,11200,26.13,D
sz000400,许继电气,2025-09-30 10:11:57,26.12,31900,26.13,D
sz000400,许继电气,2025-09-30 10:12:06,26.11,35600,26.12,D
sz000400,许继电气,2025-09-30 10:12:12,26.12,14600,26.11,U
sz000400,许继电气,2025-09-30 10:12:18,26.1,21300,26.1,D
sz000400,许继电气,2025-09-30 10:12:24,26.1,10900,26.11,D
sz000400,许继电气,2025-09-30 10:12:30,26.11,8500,26.1,U
sz000400,许继电气,2025-09-30 10:12:39,26.1,45500,26.1,D
sz000400,许继电气,2025-09-30 10:12:42,26.1,16300,26.1,D
sz000400,许继电气,2025-09-30 10:12:45,26.1,21400,26.1,D
sz000400,许继电气,2025-09-30 10:12:48,26.11,11600,26.1,U
sz000400,许继电气,2025-09-30 10:12:51,26.1,15000,26.11,D
sz000400,许继电气,2025-09-30 10:12:57,26.11,45300,26.11,D
sz000400,许继电气,2025-09-30 10:13:00,26.12,32100,26.11,U
sz000400,许继电气,2025-09-30 10:13:03,26.11,13200,26.12,D
sz000400,许继电气,2025-09-30 10:13:15,26.13,17600,26.13,U
sz000400,许继电气,2025-09-30 10:13:39,26.15,20800,26.15,U
sz000400,许继电气,2025-09-30 10:13:48,26.17,13800,26.17,U
sz000400,许继电气,2025-09-30 10:14:09,26.2,12400,26.19,U
sz000400,许继电气,2025-09-30 10:14:12,26.2,17300,26.2,U
sz000400,许继电气,2025-09-30 10:14:15,26.19,24100,26.2,D
sz000400,许继电气,2025-09-30 10:14:18,26.2,11000,26.19,U
sz000400,许继电气,2025-09-30 10:14:21,26.19,12800,26.2,D
sz000400,许继电气,2025-09-30 10:14:24,26.19,10000,26.19,D
sz000400,许继电气,2025-09-30 10:14:27,26.19,22500,26.19,U
sz000400,许继电气,2025-09-30 10:14:30,26.19,8400,26.19,U
sz000400,许继电气,2025-09-30 10:14:33,26.18,9300,26.19,D
sz000400,许继电气,2025-09-30 10:14:42,26.16,15000,26.18,D
sz000400,许继电气,2025-09-30 10:14:45,26.16,15200,26.16,U
sz000400,许继电气,2025-09-30 10:14:48,26.16,9000,26.16,U
sz000400,许继电气,2025-09-30 10:14:51,26.15,32000,26.16,D
sz000400,许继电气,2025-09-30 10:14:54,26.15,15900,26.15,U
sz000400,许继电气,2025-09-30 10:15:00,26.11,37700,26.15,D
sz000400,许继电气,2025-09-30 10:15:03,26.15,11800,26.11,U
sz000400,许继电气,2025-09-30 10:15:27,26.14,14200,26.13,U
sz000400,许继电气,2025-09-30 10:15:33,26.12,12900,26.13,D
sz000400,许继电气,2025-09-30 10:15:45,26.12,11600,26.11,U
sz000400,许继电气,2025-09-30 10:16:06,26.12,22000,26.12,D
sz000400,许继电气,2025-09-30 10:16:09,26.11,10200,26.12,D
sz000400,许继电气,2025-09-30 10:16:12,26.12,32500,26.11,U
sz000400,许继电气,2025-09-30 10:16:15,26.11,9000,26.12,D
sz000400,许继电气,2025-09-30 10:16:57,26.11,8600,26.1,U
sz000400,许继电气,2025-09-30 10:17:00,26.1,7900,26.11,D
sz000400,许继电气,2025-09-30 10:17:03,26.1,64700,26.1,D
sz000400,许继电气,2025-09-30 10:17:12,26.1,16600,26.1,U
sz000400,许继电气,2025-09-30 10:17:18,26.1,11600,26.1,D
sz000400,许继电气,2025-09-30 10:17:24,26.11,22000,26.11,U
sz000400,许继电气,2025-09-30 10:17:57,26.12,11400,26.11,U
sz000400,许继电气,2025-09-30 10:18:18,26.11,19300,26.11,D
sz000400,许继电气,2025-09-30 10:18:36,26.11,12400,26.11,U
sz000400,许继电气,2025-09-30 10:18:45,26.11,8500,26.1,U
sz000400,许继电气,2025-09-30 10:19:12,26.12,11900,26.12,U
sz000400,许继电气,2025-09-30 10:19:24,26.1,17100,26.11,D
sz000400,许继电气,2025-09-30 10:19:27,26.1,54000,26.1,D
sz000400,许继电气,2025-09-30 10:19:30,26.11,17600,26.1,U
sz000400,许继电气,2025-09-30 10:19:48,26.1,11300,26.09,U
sz000400,许继电气,2025-09-30 10:19:54,26.09,12000,26.09,D
sz000400,许继电气,2025-09-30 10:19:57,26.1,9200,26.09,D
sz000400,许继电气,2025-09-30 10:20:00,26.09,21800,26.1,D
sz000400,许继电气,2025-09-30 10:20:06,26.09,8600,26.08,U
sz000400,许继电气,2025-09-30 10:20:09,26.08,29300,26.09,D
sz000400,许继电气,2025-09-30 10:20:15,26.07,25200,26.07,D
sz000400,许继电气,2025-09-30 10:20:24,26.07,44200,26.07,U
sz000400,许继电气,2025-09-30 10:20:30,26.06,13300,26.06,U
sz000400,许继电气,2025-09-30 10:20:45,26.04,8300,26.05,D
sz000400,许继电气,2025-09-30 10:20:48,26.04,12900,26.04,D
sz000400,许继电气,2025-09-30 10:20:51,26.05,51100,26.04,U
sz000400,许继电气,2025-09-30 10:21:15,26.09,11000,26.07,U
sz000400,许继电气,2025-09-30 10:21:21,26.09,10000,26.09,U
sz000400,许继电气,2025-09-30 10:21:39,26.09,25100,26.09,U
sz000400,许继电气,2025-09-30 10:21:42,26.13,71500,26.09,U
sz000400,许继电气,2025-09-30 10:21:48,26.11,11000,26.11,D
sz000400,许继电气,2025-09-30 10:21:57,26.14,10100,26.14,U
sz000400,许继电气,2025-09-30 10:22:03,26.14,24800,26.13,U
sz000400,许继电气,2025-09-30 10:22:18,26.15,13700,26.15,U
sz000400,许继电气,2025-09-30 10:22:24,26.14,10500,26.15,D
sz000400,许继电气,2025-09-30 10:22:33,26.14,28700,26.12,U
sz000400,许继电气,2025-09-30 10:22:36,26.14,9500,26.14,D
sz000400,许继电气,2025-09-30 10:22:39,26.14,25500,26.14,U
sz000400,许继电气,2025-09-30 10:22:57,26.14,10900,26.15,D
sz000400,许继电气,2025-09-30 10:23:00,26.14,11400,26.14,D
sz000400,许继电气,2025-09-30 10:23:03,26.14,8200,26.14,D
sz000400,许继电气,2025-09-30 10:23:21,26.12,16900,26.12,U
sz000400,许继电气,2025-09-30 10:23:24,26.13,9100,26.12,U
sz000400,许继电气,2025-09-30 10:23:42,26.12,15800,26.12,U
sz000400,许继电气,2025-09-30 10:23:48,26.12,8300,26.12,U
sz000400,许继电气,2025-09-30 10:24:00,26.1,21300,26.11,D
sz000400,许继电气,2025-09-30 10:24:03,26.11,9400,26.1,E
sz000400,许继电气,2025-09-30 10:24:06,26.1,9400,26.11,D
sz000400,许继电气,2025-09-30 10:24:18,26.1,10000,26.1,U
sz000400,许继电气,2025-09-30 10:24:30,26.09,14700,26.1,D
sz000400,许继电气,2025-09-30 10:24:36,26.09,13800,26.09,D
sz000400,许继电气,2025-09-30 10:24:42,26.09,14400,26.08,U
sz000400,许继电气,2025-09-30 10:24:45,26.1,39400,26.09,U
sz000400,许继电气,2025-09-30 10:24:57,26.1,7900,26.1,U
sz000400,许继电气,2025-09-30 10:25:24,26.09,11100,26.09,U
sz000400,许继电气,2025-09-30 10:25:42,26.07,10600,26.08,D
sz000400,许继电气,2025-09-30 10:26:06,26.05,18000,26.06,D
sz000400,许继电气,2025-09-30 10:26:09,26.05,17900,26.05,D
sz000400,许继电气,2025-09-30 10:26:15,26.05,23400,26.05,D
sz000400,许继电气,2025-09-30 10:26:27,26.04,12000,26.05,D
sz000400,许继电气,2025-09-30 10:26:36,26.04,32900,26.04,U
sz000400,许继电气,2025-09-30 10:26:42,26.04,13700,26.03,U
sz000400,许继电气,2025-09-30 10:26:45,26.02,9000,26.04,D
sz000400,许继电气,2025-09-30 10:26:51,26.02,19700,26.04,D
sz000400,许继电气,2025-09-30 10:26:54,26.01,25000,26.02,D
sz000400,许继电气,2025-09-30 10:26:57,26.0,64538,26.01,D
sz000400,许继电气,2025-09-30 10:27:00,26.0,125062,26.0,D
sz000400,许继电气,2025-09-30 10:27:03,26.0,9400,26.0,D
sz000400,许继电气,2025-09-30 10:27:06,26.0,32200,26.0,D
sz000400,许继电气,2025-09-30 10:27:12,25.99,10538,25.99,D
sz000400,许继电气,2025-09-30 10:27:21,25.98,18400,25.98,D
sz000400,许继电气,2025-09-30 10:27:24,25.98,26500,25.98,D
sz000400,许继电气,2025-09-30 10:27:27,25.98,11400,25.98,U
sz000400,许继电气,2025-09-30 10:27:39,25.96,27800,25.97,D
sz000400,许继电气,2025-09-30 10:27:42,25.96,15300,25.96,D
sz000400,许继电气,2025-09-30 10:27:45,25.96,21003,25.96,D
sz000400,许继电气,2025-09-30 10:27:48,25.96,9197,25.96,D
sz000400,许继电气,2025-09-30 10:27:51,25.96,9100,25.96,U
sz000400,许继电气,2025-09-30 10:27:54,25.95,21500,25.96,D
sz000400,许继电气,2025-09-30 10:27:57,25.95,23200,25.95,D
sz000400,许继电气,2025-09-30 10:28:00,25.95,40200,25.95,D
sz000400,许继电气,2025-09-30 10:28:03,25.93,22100,25.95,D
sz000400,许继电气,2025-09-30 10:28:06,25.95,30000,25.93,U
sz000400,许继电气,2025-09-30 10:28:09,25.95,14300,25.95,D
sz000400,许继电气,2025-09-30 10:28:12,25.95,12200,25.95,D
sz000400,许继电气,2025-09-30 10:28:18,25.94,8100,25.94,D
sz000400,许继电气,2025-09-30 10:28:21,25.95,9900,25.94,U
sz000400,许继电气,2025-09-30 10:28:24,25.94,35000,25.95,D
sz000400,许继电气,2025-09-30 10:28:27,25.95,10100,25.94,U
sz000400,许继电气,2025-09-30 10:28:33,25.94,11500,25.94,D
sz000400,许继电气,2025-09-30 10:28:36,25.95,10600,25.94,E
sz000400,许继电气,2025-09-30 10:28:42,25.94,18200,25.94,U
sz000400,许继电气,2025-09-30 10:28:45,25.95,10100,25.94,E
sz000400,许继电气,2025-09-30 10:28:48,25.96,27200,25.95,U
sz000400,许继电气,2025-09-30 10:28:54,25.95,25900,25.96,D
sz000400,许继电气,2025-09-30 10:29:00,25.96,14000,25.96,U
sz000400,许继电气,2025-09-30 10:29:03,25.96,7900,25.96,U
sz000400,许继电气,2025-09-30 10:29:06,25.96,16800,25.96,U
sz000400,许继电气,2025-09-30 10:29:09,25.95,12600,25.96,D
sz000400,许继电气,2025-09-30 10:29:18,25.98,21603,25.97,U
sz000400,许继电气,2025-09-30 10:29:21,25.98,13200,25.98,U
sz000400,许继电气,2025-09-30 10:29:42,26.0,20100,26.0,U
sz000400,许继电气,2025-09-30 10:29:45,26.0,27800,26.0,D
sz000400,许继电气,2025-09-30 10:30:06,26.04,8400,26.05,D
sz000400,许继电气,2025-09-30 10:30:21,26.04,7900,26.04,U
sz000400,许继电气,2025-09-30 10:30:24,26.04,18200,26.04,D
sz000400,许继电气,2025-09-30 10:30:48,26.01,20300,26.02,D
sz000400,许继电气,2025-09-30 10:30:57,26.01,12300,26.01,D
sz000400,许继电气,2025-09-30 10:31:18,26.0,19400,26.0,D
sz000400,许继电气,2025-09-30 10:31:21,26.01,8000,26.0,U
sz000400,许继电气,2025-09-30 10:31:24,26.0,9300,26.01,D
sz000400,许继电气,2025-09-30 10:31:30,25.99,17900,26.01,D
sz000400,许继电气,2025-09-30 10:31:33,26.0,10100,25.99,U
sz000400,许继电气,2025-09-30 10:32:03,25.98,9200,25.99,D
sz000400,许继电气,2025-09-30 10:32:06,26.0,8200,25.98,U
sz000400,许继电气,2025-09-30 10:32:45,26.0,21100,26.0,U
sz000400,许继电气,2025-09-30 10:32:54,26.0,7900,26.0,U
sz000400,许继电气,2025-09-30 10:33:03,26.01,14900,26.0,U
sz000400,许继电气,2025-09-30 10:33:18,26.02,19600,26.01,U
sz000400,许继电气,2025-09-30 10:33:30,26.02,22700,26.03,D
sz000400,许继电气,2025-09-30 10:33:36,26.02,11200,26.02,U
sz000400,许继电气,2025-09-30 10:34:09,26.03,11400,26.04,D
sz000400,许继电气,2025-09-30 10:34:24,26.03,15000,26.04,D
sz000400,许继电气,2025-09-30 10:34:33,26.04,21800,26.03,U
sz000400,许继电气,2025-09-30 10:35:36,26.08,18000,26.08,D
sz000400,许继电气,2025-09-30 10:35:39,26.07,11600,26.08,D
sz000400,许继电气,2025-09-30 10:35:45,26.07,16000,26.08,D
sz000400,许继电气,2025-09-30 10:35:48,26.08,27000,26.07,U
sz000400,许继电气,2025-09-30 10:35:51,26.08,8100,26.08,D
sz000400,许继电气,2025-09-30 10:35:54,26.09,21800,26.08,U
sz000400,许继电气,2025-09-30 10:36:06,26.1,18200,26.1,U
sz000400,许继电气,2025-09-30 10:36:09,26.1,20800,26.1,U
sz000400,许继电气,2025-09-30 10:36:27,26.11,13800,26.1,U
sz000400,许继电气,2025-09-30 10:36:54,26.09,12700,26.09,U
sz000400,许继电气,2025-09-30 10:36:57,26.08,29400,26.09,D
sz000400,许继电气,2025-09-30 10:37:06,26.08,8600,26.09,D
sz000400,许继电气,2025-09-30 10:38:09,26.1,15500,26.1,D
sz000400,许继电气,2025-09-30 10:38:18,26.08,27500,26.1,D
sz000400,许继电气,2025-09-30 10:38:54,26.07,10400,26.07,D
sz000400,许继电气,2025-09-30 10:39:18,26.08,9100,26.08,U
sz000400,许继电气,2025-09-30 10:39:36,26.07,11800,26.07,D
sz000400,许继电气,2025-09-30 10:39:39,26.07,8000,26.07,D
sz000400,许继电气,2025-09-30 10:39:57,26.06,20500,26.06,D
sz000400,许继电气,2025-09-30 10:40:03,26.06,9700,26.06,D
sz000400,许继电气,2025-09-30 10:40:06,26.06,25500,26.06,D
sz000400,许继电气,2025-09-30 10:40:21,26.03,21900,26.04,D
sz000400,许继电气,2025-09-30 10:40:36,26.02,19000,26.02,D
sz000400,许继电气,2025-09-30 10:40:42,26.01,30100,26.01,D
sz000400,许继电气,2025-09-30 10:40:51,26.01,14700,26.0,U
sz000400,许继电气,2025-09-30 10:41:03,26.0,9400,26.0,D
sz000400,许继电气,2025-09-30 10:41:12,26.01,10600,26.0,U
sz000400,许继电气,2025-09-30 10:41:15,26.0,11300,26.01,D
sz000400,许继电气,2025-09-30 10:41:36,26.0,15400,26.0,D
sz000400,许继电气,2025-09-30 10:42:42,26.01,12300,26.01,D
sz000400,许继电气,2025-09-30 10:43:00,26.0,11500,26.01,D
sz000400,许继电气,2025-09-30 10:43:27,26.01,12900,26.02,D
sz000400,许继电气,2025-09-30 10:44:18,26.01,11700,26.01,D
sz000400,许继电气,2025-09-30 10:44:21,26.01,10300,26.01,U
sz000400,许继电气,2025-09-30 10:44:27,26.01,18900,26.02,D
sz000400,许继电气,2025-09-30 10:44:33,26.01,8100,26.01,U
sz000400,许继电气,2025-09-30 10:45:09,26.01,14400,26.01,U
sz000400,许继电气,2025-09-30 10:45:45,26.02,10900,26.02,U
sz000400,许继电气,2025-09-30 10:45:57,26.02,9100,26.02,U
sz000400,许继电气,2025-09-30 10:46:18,26.02,8200,26.03,D
sz000400,许继电气,2025-09-30 10:46:24,26.02,13100,26.03,D
sz000400,许继电气,2025-09-30 10:46:42,26.03,8800,26.02,U
sz000400,许继电气,2025-09-30 10:46:54,26.02,9000,26.02,D
sz000400,许继电气,2025-09-30 10:47:36,26.01,52100,26.01,D
sz000400,许继电气,2025-09-30 10:47:39,26.0,13900,26.01,D
sz000400,许继电气,2025-09-30 10:47:51,26.0,8300,26.0,D
sz000400,许继电气,2025-09-30 10:47:54,26.0,20000,26.0,D
sz000400,许继电气,2025-09-30 10:48:03,26.0,22200,26.0,D
sz000400,许继电气,2025-09-30 10:48:06,26.0,17800,26.0,D
sz000400,许继电气,2025-09-30 10:48:21,25.99,29000,25.99,D
sz000400,许继电气,2025-09-30 10:48:39,25.98,20900,25.98,D
sz000400,许继电气,2025-09-30 10:48:45,25.98,8800,25.99,D
sz000400,许继电气,2025-09-30 10:49:00,25.98,16600,25.97,U
sz000400,许继电气,2025-09-30 10:49:03,25.98,8300,25.98,U
sz000400,许继电气,2025-09-30 10:49:09,25.97,9400,25.98,D
sz000400,许继电气,2025-09-30 10:49:21,25.99,33400,25.98,U
sz000400,许继电气,2025-09-30 10:49:45,25.98,9300,25.98,D
sz000400,许继电气,2025-09-30 10:50:03,25.98,14500,25.99,D
sz000400,许继电气,2025-09-30 10:50:33,25.99,8100,25.99,D
sz000400,许继电气,2025-09-30 10:51:06,26.0,8600,25.99,U
sz000400,许继电气,2025-09-30 10:51:09,26.0,8900,26.0,U
sz000400,许继电气,2025-09-30 10:51:18,26.0,10000,26.0,U
sz000400,许继电气,2025-09-30 10:51:24,25.99,8200,26.0,D
sz000400,许继电气,2025-09-30 10:51:45,26.0,13800,26.0,U
sz000400,许继电气,2025-09-30 10:51:48,26.0,11200,26.0,U
sz000400,许继电气,2025-09-30 10:51:51,26.0,10200,26.0,U
sz000400,许继电气,2025-09-30 10:51:54,26.01,12300,26.0,U
sz000400,许继电气,2025-09-30 10:52:03,26.0,15700,26.0,D
sz000400,许继电气,2025-09-30 10:52:36,26.01,17400,26.02,D
sz000400,许继电气,2025-09-30 10:53:15,26.03,9900,26.03,U
sz000400,许继电气,2025-09-30 10:53:48,26.05,11400,26.06,D
sz000400,许继电气,2025-09-30 10:54:18,26.07,12000,26.08,D
sz000400,许继电气,2025-09-30 10:54:24,26.07,11900,26.07,U
sz000400,许继电气,2025-09-30 10:54:54,26.09,13300,26.1,D
sz000400,许继电气,2025-09-30 10:55:06,26.1,16100,26.09,U
sz000400,许继电气,2025-09-30 10:55:21,26.1,11400,26.1,U
sz000400,许继电气,2025-09-30 10:55:24,26.1,9600,26.1,U
sz000400,许继电气,2025-09-30 10:55:30,26.1,8000,26.1,D
sz000400,许继电气,2025-09-30 10:55:36,26.1,20800,26.1,U
sz000400,许继电气,2025-09-30 10:55:54,26.11,21400,26.1,U
sz000400,许继电气,2025-09-30 10:55:57,26.1,9300,26.11,D
sz000400,许继电气,2025-09-30 10:56:27,26.12,13600,26.12,U
sz000400,许继电气,2025-09-30 10:57:12,26.1,12100,26.09,U
sz000400,许继电气,2025-09-30 10:57:30,26.1,106200,26.1,U
sz000400,许继电气,2025-09-30 10:58:09,26.11,23600,26.13,D
sz000400,许继电气,2025-09-30 10:58:24,26.13,29600,26.13,U
sz000400,许继电气,2025-09-30 10:58:39,26.13,14854,26.12,U
sz000400,许继电气,2025-09-30 10:59:06,26.1,10600,26.1,D
sz000400,许继电气,2025-09-30 11:00:30,26.08,104300,26.07,U
sz000400,许继电气,2025-09-30 11:00:54,26.12,8400,26.12,U
sz000400,许继电气,2025-09-30 11:00:57,26.14,100100,26.12,U
sz000400,许继电气,2025-09-30 11:01:03,26.13,119700,26.12,D
sz000400,许继电气,2025-09-30 11:01:09,26.16,12900,26.16,U
sz000400,许继电气,2025-09-30 11:01:24,26.18,12000,26.17,U
sz000400,许继电气,2025-09-30 11:01:33,26.2,139600,26.18,U
sz000400,许继电气,2025-09-30 11:01:36,26.2,14100,26.2,D
sz000400,许继电气,2025-09-30 11:01:48,26.2,23400,26.22,D
sz000400,许继电气,2025-09-30 11:01:51,26.22,29700,26.2,U
sz000400,许继电气,2025-09-30 11:01:54,26.2,15400,26.22,D
sz000400,许继电气,2025-09-30 11:01:57,26.23,23500,26.2,U
sz000400,许继电气,2025-09-30 11:02:00,26.22,25600,26.23,E
sz000400,许继电气,2025-09-30 11:02:06,26.22,12800,26.23,E
sz000400,许继电气,2025-09-30 11:02:09,26.23,9100,26.22,U
sz000400,许继电气,2025-09-30 11:02:12,26.21,9100,26.23,D
sz000400,许继电气,2025-09-30 11:02:15,26.22,7800,26.21,E
sz000400,许继电气,2025-09-30 11:02:18,26.21,14900,26.22,D
sz000400,许继电气,2025-09-30 11:02:27,26.21,40400,26.21,D
sz000400,许继电气,2025-09-30 11:02:33,26.21,13100,26.22,U
sz000400,许继电气,2025-09-30 11:02:36,26.2,8500,26.21,D
sz000400,许继电气,2025-09-30 11:02:42,26.2,11500,26.19,U
sz000400,许继电气,2025-09-30 11:02:45,26.18,9000,26.2,D
sz000400,许继电气,2025-09-30 11:04:30,26.17,15100,26.14,U
sz000400,许继电气,2025-09-30 11:04:57,26.15,8700,26.16,D
sz000400,许继电气,2025-09-30 11:05:18,26.15,7700,26.15,D
sz000400,许继电气,2025-09-30 11:05:48,26.16,10900,26.16,U
sz000400,许继电气,2025-09-30 11:05:51,26.15,8500,26.16,D
sz000400,许继电气,2025-09-30 11:08:00,26.13,13300,26.15,D
sz000400,许继电气,2025-09-30 11:08:42,26.13,10200,26.12,U
sz000400,许继电气,2025-09-30 11:10:12,26.11,15600,26.12,D
sz000400,许继电气,2025-09-30 11:11:09,26.13,10500,26.12,U
sz000400,许继电气,2025-09-30 11:11:21,26.12,10600,26.12,D
sz000400,许继电气,2025-09-30 11:11:45,26.13,8700,26.13,U
sz000400,许继电气,2025-09-30 11:11:48,26.13,10600,26.13,U
sz000400,许继电气,2025-09-30 11:12:45,26.18,9300,26.18,U
sz000400,许继电气,2025-09-30 11:13:21,26.18,12400,26.18,U
sz000400,许继电气,2025-09-30 11:14:06,26.17,17700,26.18,D
sz000400,许继电气,2025-09-30 11:14:48,26.15,10900,26.15,U
sz000400,许继电气,2025-09-30 11:15:24,26.16,14800,26.16,D
sz000400,许继电气,2025-09-30 11:15:42,26.16,14000,26.16,U
sz000400,许继电气,2025-09-30 11:16:03,26.16,10600,26.17,D
sz000400,许继电气,2025-09-30 11:16:33,26.18,8100,26.18,U
sz000400,许继电气,2025-09-30 11:16:57,26.16,16300,26.17,D
sz000400,许继电气,2025-09-30 11:17:03,26.16,67200,26.16,U
sz000400,许继电气,2025-09-30 11:17:27,26.16,10000,26.16,U
sz000400,许继电气,2025-09-30 11:19:06,26.16,14600,26.16,U
sz000400,许继电气,2025-09-30 11:19:21,26.16,19500,26.16,D
sz000400,许继电气,2025-09-30 11:19:30,26.18,11500,26.17,U
sz000400,许继电气,2025-09-30 11:20:09,26.17,12000,26.17,U
sz000400,许继电气,2025-09-30 11:20:12,26.17,10300,26.17,U
sz000400,许继电气,2025-09-30 11:20:18,26.16,10100,26.17,D
sz000400,许继电气,2025-09-30 11:20:27,26.17,8400,26.16,U
sz000400,许继电气,2025-09-30 11:21:21,26.16,14100,26.16,D
sz000400,许继电气,2025-09-30 11:22:36,26.15,20500,26.16,D
sz000400,许继电气,2025-09-30 11:23:18,26.15,10100,26.16,D
sz000400,许继电气,2025-09-30 11:23:42,26.16,8600,26.16,U
sz000400,许继电气,2025-09-30 11:23:54,26.16,8200,26.16,D
sz000400,许继电气,2025-09-30 11:24:00,26.16,20800,26.16,U
sz000400,许继电气,2025-09-30 11:24:09,26.16,8200,26.16,U
sz000400,许继电气,2025-09-30 11:24:45,26.16,8200,26.16,D
sz000400,许继电气,2025-09-30 11:26:09,26.17,13100,26.16,U
sz000400,许继电气,2025-09-30 11:26:18,26.16,10600,26.17,D
sz000400,许继电气,2025-09-30 11:27:33,26.16,8300,26.16,D
sz000400,许继电气,2025-09-30 11:28:06,26.16,7800,26.17,D
sz000400,许继电气,2025-09-30 11:28:21,26.17,13300,26.16,U
sz000400,许继电气,2025-09-30 11:29:12,26.16,51000,26.16,D
sz000400,许继电气,2025-09-30 11:29:21,26.16,13300,26.17,D
sz000400,许继电气,2025-09-30 11:29:30,26.16,17500,26.16,U
sz000400,许继电气,2025-09-30 13:00:00,26.18,36000,26.17,U
sz000400,许继电气,2025-09-30 13:00:03,26.18,84900,26.18,U
sz000400,许继电气,2025-09-30 13:00:15,26.16,10400,26.17,D
sz000400,许继电气,2025-09-30 13:00:21,26.16,32200,26.16,D
sz000400,许继电气,2025-09-30 13:00:27,26.16,8500,26.15,U
sz000400,许继电气,2025-09-30 13:00:45,26.14,52100,26.15,D
sz000400,许继电气,2025-09-30 13:01:24,26.12,12900,26.12,D
sz000400,许继电气,2025-09-30 13:01:30,26.13,16400,26.12,U
sz000400,许继电气,2025-09-30 13:01:48,26.13,23500,26.14,D
sz000400,许继电气,2025-09-30 13:02:15,26.14,11200,26.16,D
sz000400,许继电气,2025-09-30 13:02:30,26.15,16900,26.15,U
sz000400,许继电气,2025-09-30 13:02:54,26.17,38600,26.16,U
sz000400,许继电气,2025-09-30 13:03:51,26.18,9200,26.19,D
sz000400,许继电气,2025-09-30 13:04:06,26.18,21000,26.18,D
sz000400,许继电气,2025-09-30 13:05:18,26.18,8100,26.18,U
sz000400,许继电气,2025-09-30 13:05:21,26.17,8100,26.18,D
sz000400,许继电气,2025-09-30 13:05:27,26.23,196400,26.17,U
sz000400,许继电气,2025-09-30 13:05:54,26.25,10600,26.25,U
sz000400,许继电气,2025-09-30 13:06:03,26.25,17900,26.24,U
sz000400,许继电气,2025-09-30 13:06:06,26.26,14100,26.25,U
sz000400,许继电气,2025-09-30 13:06:15,26.26,10000,26.25,U
sz000400,许继电气,2025-09-30 13:06:18,26.26,8300,26.26,U
sz000400,许继电气,2025-09-30 13:06:24,26.25,15500,26.26,D
sz000400,许继电气,2025-09-30 13:06:27,26.26,13200,26.25,U
sz000400,许继电气,2025-09-30 13:06:33,26.27,19900,26.27,U
sz000400,许继电气,2025-09-30 13:06:45,26.27,20600,26.28,D
sz000400,许继电气,2025-09-30 13:06:48,26.27,14900,26.27,D
sz000400,许继电气,2025-09-30 13:07:00,26.27,14600,26.26,U
sz000400,许继电气,2025-09-30 13:07:09,26.27,9300,26.27,D
sz000400,许继电气,2025-09-30 13:07:39,26.27,11700,26.28,D
sz000400,许继电气,2025-09-30 13:07:51,26.29,9400,26.28,U
sz000400,许继电气,2025-09-30 13:07:54,26.29,30600,26.29,U
sz000400,许继电气,2025-09-30 13:07:57,26.31,233534,26.29,U
sz000400,许继电气,2025-09-30 13:08:03,26.33,12200,26.32,U
sz000400,许继电气,2025-09-30 13:08:09,26.34,18500,26.34,U
sz000400,许继电气,2025-09-30 13:08:12,26.34,8600,26.34,U
sz000400,许继电气,2025-09-30 13:08:21,26.34,22800,26.35,D
sz000400,许继电气,2025-09-30 13:08:24,26.35,28700,26.34,U
sz000400,许继电气,2025-09-30 13:08:27,26.35,33400,26.35,U
sz000400,许继电气,2025-09-30 13:08:33,26.35,16900,26.35,D
sz000400,许继电气,2025-09-30 13:08:36,26.35,9900,26.35,D
sz000400,许继电气,2025-09-30 13:08:39,26.37,54900,26.35,U
sz000400,许继电气,2025-09-30 13:08:45,26.38,38500,26.37,U
sz000400,许继电气,2025-09-30 13:08:51,26.38,20100,26.38,U
sz000400,许继电气,2025-09-30 13:09:00,26.37,22700,26.37,U
sz000400,许继电气,2025-09-30 13:09:03,26.37,10500,26.37,D
sz000400,许继电气,2025-09-30 13:09:06,26.35,42400,26.37,D
sz000400,许继电气,2025-09-30 13:09:12,26.36,19300,26.37,E
sz000400,许继电气,2025-09-30 13:09:15,26.36,14100,26.36,D
sz000400,许继电气,2025-09-30 13:09:18,26.36,19900,26.36,D
sz000400,许继电气,2025-09-30 13:09:24,26.36,19400,26.36,D
sz000400,许继电气,2025-09-30 13:09:27,26.36,17300,26.36,D
sz000400,许继电气,2025-09-30 13:09:30,26.36,33000,26.36,D
sz000400,许继电气,2025-09-30 13:09:33,26.36,24900,26.36,D
sz000400,许继电气,2025-09-30 13:09:39,26.39,79100,26.37,U
sz000400,许继电气,2025-09-30 13:09:45,26.38,11500,26.39,D
sz000400,许继电气,2025-09-30 13:09:48,26.39,23700,26.38,U
sz000400,许继电气,2025-09-30 13:09:51,26.39,30800,26.39,U
sz000400,许继电气,2025-09-30 13:09:54,26.38,8200,26.39,D
sz000400,许继电气,2025-09-30 13:09:57,26.39,160400,26.38,U
sz000400,许继电气,2025-09-30 13:10:00,26.49,1077100,26.39,U
sz000400,许继电气,2025-09-30 13:10:03,26.5,639600,26.49,U
sz000400,许继电气,2025-09-30 13:10:06,26.51,71800,26.5,U
sz000400,许继电气,2025-09-30 13:10:09,26.51,31400,26.51,U
sz000400,许继电气,2025-09-30 13:10:12,26.51,40600,26.51,D
sz000400,许继电气,2025-09-30 13:10:15,26.54,29100,26.51,U
sz000400,许继电气,2025-09-30 13:10:18,26.54,8500,26.54,U
sz000400,许继电气,2025-09-30 13:10:21,26.55,79300,26.54,U
sz000400,许继电气,2025-09-30 13:10:24,26.55,70500,26.55,U
sz000400,许继电气,2025-09-30 13:10:27,26.56,51000,26.55,U
sz000400,许继电气,2025-09-30 13:10:30,26.56,24800,26.56,U
sz000400,许继电气,2025-09-30 13:10:33,26.57,33600,26.56,U
sz000400,许继电气,2025-09-30 13:10:36,26.58,15400,26.57,U
sz000400,许继电气,2025-09-30 13:10:39,26.58,56500,26.58,U
sz000400,许继电气,2025-09-30 13:10:42,26.58,83700,26.58,U
sz000400,许继电气,2025-09-30 13:10:45,26.59,56500,26.58,U
sz000400,许继电气,2025-09-30 13:10:48,26.59,22800,26.59,U
sz000400,许继电气,2025-09-30 13:10:51,26.6,25100,26.59,U
sz000400,许继电气,2025-09-30 13:10:54,26.6,62200,26.6,U
sz000400,许继电气,2025-09-30 13:10:57,26.6,108300,26.6,U
sz000400,许继电气,2025-09-30 13:11:00,26.6,101600,26.6,U
sz000400,许继电气,2025-09-30 13:11:03,26.62,142500,26.6,U
sz000400,许继电气,2025-09-30 13:11:06,26.62,32500,26.62,U
sz000400,许继电气,2025-09-30 13:11:09,26.63,25900,26.62,U
sz000400,许继电气,2025-09-30 13:11:12,26.67,177386,26.63,U
sz000400,许继电气,2025-09-30 13:11:15,26.68,77000,26.67,U
sz000400,许继电气,2025-09-30 13:11:18,26.69,166000,26.68,U
sz000400,许继电气,2025-09-30 13:11:21,26.73,34150,26.69,U
sz000400,许继电气,2025-09-30 13:11:24,26.74,17600,26.73,U
sz000400,许继电气,2025-09-30 13:11:27,26.75,54800,26.74,U
sz000400,许继电气,2025-09-30 13:11:30,26.77,57000,26.75,U
sz000400,许继电气,2025-09-30 13:11:33,26.8,212400,26.77,U
sz000400,许继电气,2025-09-30 13:11:36,26.79,32700,26.8,D
sz000400,许继电气,2025-09-30 13:11:39,26.81,38200,26.79,U
sz000400,许继电气,2025-09-30 13:11:42,26.82,28725,26.81,U
sz000400,许继电气,2025-09-30 13:11:45,26.85,22100,26.82,U
sz000400,许继电气,2025-09-30 13:11:48,26.83,20600,26.85,D
sz000400,许继电气,2025-09-30 13:11:51,26.86,73900,26.83,U
sz000400,许继电气,2025-09-30 13:11:54,26.86,115850,26.86,U
sz000400,许继电气,2025-09-30 13:11:57,26.88,141700,26.86,U
sz000400,许继电气,2025-09-30 13:12:00,26.88,84900,26.88,U
sz000400,许继电气,2025-09-30 13:12:03,26.88,93400,26.88,U
sz000400,许继电气,2025-09-30 13:12:06,26.89,54000,26.88,E
sz000400,许继电气,2025-09-30 13:12:09,26.87,159800,26.89,D
sz000400,许继电气,2025-09-30 13:12:12,26.89,125883,26.87,U
sz000400,许继电气,2025-09-30 13:12:15,26.84,107217,26.89,D
sz000400,许继电气,2025-09-30 13:12:18,26.86,51800,26.84,D
sz000400,许继电气,2025-09-30 13:12:21,26.82,45600,26.86,E
sz000400,许继电气,2025-09-30 13:12:24,26.85,39100,26.82,U
sz000400,许继电气,2025-09-30 13:12:27,26.82,45600,26.85,D
sz000400,许继电气,2025-09-30 13:12:30,26.81,37100,26.82,D
sz000400,许继电气,2025-09-30 13:12:33,26.81,44550,26.81,D
sz000400,许继电气,2025-09-30 13:12:36,26.79,22500,26.81,D
sz000400,许继电气,2025-09-30 13:12:39,26.79,27200,26.79,D
sz000400,许继电气,2025-09-30 13:12:42,26.79,25300,26.79,U
sz000400,许继电气,2025-09-30 13:12:45,26.74,28300,26.79,D
sz000400,许继电气,2025-09-30 13:12:48,26.73,50400,26.74,D
sz000400,许继电气,2025-09-30 13:12:51,26.71,13000,26.73,D
sz000400,许继电气,2025-09-30 13:12:54,26.69,10000,26.71,D
sz000400,许继电气,2025-09-30 13:12:57,26.7,16700,26.69,U
sz000400,许继电气,2025-09-30 13:13:00,26.69,29600,26.7,U
sz000400,许继电气,2025-09-30 13:13:03,26.67,8400,26.69,D
sz000400,许继电气,2025-09-30 13:13:06,26.68,16100,26.67,U
sz000400,许继电气,2025-09-30 13:13:09,26.71,124700,26.68,U
sz000400,许继电气,2025-09-30 13:13:12,26.73,44400,26.71,U
sz000400,许继电气,2025-09-30 13:13:15,26.73,22300,26.73,D
sz000400,许继电气,2025-09-30 13:13:18,26.76,19500,26.73,U
sz000400,许继电气,2025-09-30 13:13:21,26.77,18900,26.76,U
sz000400,许继电气,2025-09-30 13:13:24,26.77,8700,26.77,U
sz000400,许继电气,2025-09-30 13:13:27,26.77,42700,26.77,D
sz000400,许继电气,2025-09-30 13:13:30,26.78,37300,26.77,U
sz000400,许继电气,2025-09-30 13:13:33,26.79,37400,26.78,U
sz000400,许继电气,2025-09-30 13:13:36,26.8,34800,26.79,U
sz000400,许继电气,2025-09-30 13:13:39,26.81,103080,26.8,U
sz000400,许继电气,2025-09-30 13:13:42,26.81,59700,26.81,U
sz000400,许继电气,2025-09-30 13:13:45,26.77,80000,26.81,D
sz000400,许继电气,2025-09-30 13:13:48,26.78,64800,26.77,U
sz000400,许继电气,2025-09-30 13:13:51,26.77,7700,26.78,D
sz000400,许继电气,2025-09-30 13:13:54,26.76,63220,26.77,E
sz000400,许继电气,2025-09-30 13:13:57,26.77,24180,26.76,U
sz000400,许继电气,2025-09-30 13:14:00,26.79,34200,26.77,U
sz000400,许继电气,2025-09-30 13:14:03,26.78,25600,26.79,D
sz000400,许继电气,2025-09-30 13:14:06,26.8,43500,26.78,U
sz000400,许继电气,2025-09-30 13:14:09,26.79,47900,26.8,D
sz000400,许继电气,2025-09-30 13:14:12,26.79,25500,26.79,D
sz000400,许继电气,2025-09-30 13:14:15,26.79,22600,26.79,E
sz000400,许继电气,2025-09-30 13:14:18,26.76,98520,26.79,D
sz000400,许继电气,2025-09-30 13:14:21,26.77,30100,26.76,U
sz000400,许继电气,2025-09-30 13:14:24,26.76,13500,26.77,E
sz000400,许继电气,2025-09-30 13:14:27,26.77,30300,26.76,U
sz000400,许继电气,2025-09-30 13:14:30,26.76,16000,26.77,U
sz000400,许继电气,2025-09-30 13:14:33,26.76,20900,26.76,U
sz000400,许继电气,2025-09-30 13:14:36,26.74,31500,26.76,D
sz000400,许继电气,2025-09-30 13:14:42,26.74,21600,26.75,D
sz000400,许继电气,2025-09-30 13:14:45,26.73,8500,26.74,D
sz000400,许继电气,2025-09-30 13:14:48,26.73,9400,26.73,D
sz000400,许继电气,2025-09-30 13:14:54,26.7,16000,26.72,D
sz000400,许继电气,2025-09-30 13:15:12,26.64,24300,26.66,D
sz000400,许继电气,2025-09-30 13:15:21,26.63,20000,26.64,D
sz000400,许继电气,2025-09-30 13:15:24,26.62,14200,26.63,D
sz000400,许继电气,2025-09-30 13:15:27,26.62,11000,26.62,D
sz000400,许继电气,2025-09-30 13:15:30,26.63,18000,26.62,U
sz000400,许继电气,2025-09-30 13:15:33,26.62,13200,26.63,D
sz000400,许继电气,2025-09-30 13:15:36,26.62,106900,26.62,U
sz000400,许继电气,2025-09-30 13:15:39,26.63,63900,26.62,U
sz000400,许继电气,2025-09-30 13:15:42,26.63,19000,26.63,D
sz000400,许继电气,2025-09-30 13:15:45,26.65,36900,26.63,U
sz000400,许继电气,2025-09-30 13:15:48,26.62,23600,26.65,D
sz000400,许继电气,2025-09-30 13:15:51,26.62,24200,26.62,D
sz000400,许继电气,2025-09-30 13:15:54,26.62,54500,26.62,D
sz000400,许继电气,2025-09-30 13:16:03,26.61,9900,26.62,D
sz000400,许继电气,2025-09-30 13:16:06,26.62,11200,26.61,U
sz000400,许继电气,2025-09-30 13:16:09,26.62,30500,26.62,U
sz000400,许继电气,2025-09-30 13:16:12,26.6,41100,26.62,D
sz000400,许继电气,2025-09-30 13:16:15,26.59,18400,26.6,D
sz000400,许继电气,2025-09-30 13:16:21,26.58,18100,26.59,D
sz000400,许继电气,2025-09-30 13:16:24,26.59,12600,26.58,U
sz000400,许继电气,2025-09-30 13:16:27,26.58,14400,26.59,D
sz000400,许继电气,2025-09-30 13:16:30,26.61,58100,26.58,U
sz000400,许继电气,2025-09-30 13:16:33,26.59,8600,26.61,D
sz000400,许继电气,2025-09-30 13:16:36,26.59,13900,26.59,D
sz000400,许继电气,2025-09-30 13:16:39,26.59,12900,26.59,U
sz000400,许继电气,2025-09-30 13:16:42,26.58,16600,26.59,D
sz000400,许继电气,2025-09-30 13:16:45,26.58,8500,26.58,U
sz000400,许继电气,2025-09-30 13:16:48,26.57,30000,26.58,D
sz000400,许继电气,2025-09-30 13:16:51,26.57,9300,26.57,U
sz000400,许继电气,2025-09-30 13:16:54,26.57,21300,26.57,U
sz000400,许继电气,2025-09-30 13:16:57,26.56,47100,26.57,D
sz000400,许继电气,2025-09-30 13:17:00,26.57,14400,26.56,D
sz000400,许继电气,2025-09-30 13:17:03,26.57,18500,26.57,D
sz000400,许继电气,2025-09-30 13:17:09,26.57,26600,26.57,D
sz000400,许继电气,2025-09-30 13:17:12,26.57,24100,26.57,U
sz000400,许继电气,2025-09-30 13:17:15,26.57,10500,26.57,U
sz000400,许继电气,2025-09-30 13:17:21,26.57,39950,26.57,D
sz000400,许继电气,2025-09-30 13:17:27,26.58,12600,26.58,D
sz000400,许继电气,2025-09-30 13:17:33,26.58,20700,26.57,U
sz000400,许继电气,2025-09-30 13:17:42,26.6,14500,26.58,U
sz000400,许继电气,2025-09-30 13:17:45,26.59,14200,26.6,D
sz000400,许继电气,2025-09-30 13:17:48,26.59,16100,26.59,D
sz000400,许继电气,2025-09-30 13:18:06,26.61,10700,26.61,U
sz000400,许继电气,2025-09-30 13:18:12,26.61,9300,26.61,U
sz000400,许继电气,2025-09-30 13:18:21,26.61,52600,26.62,D
sz000400,许继电气,2025-09-30 13:18:24,26.61,8800,26.61,U
sz000400,许继电气,2025-09-30 13:18:27,26.61,8800,26.61,D
sz000400,许继电气,2025-09-30 13:18:30,26.62,11200,26.61,U
sz000400,许继电气,2025-09-30 13:18:33,26.62,8000,26.62,U
sz000400,许继电气,2025-09-30 13:18:42,26.61,17400,26.62,D
sz000400,许继电气,2025-09-30 13:18:45,26.62,24400,26.61,U
sz000400,许继电气,2025-09-30 13:18:48,26.62,15000,26.62,U
sz000400,许继电气,2025-09-30 13:18:51,26.62,8700,26.62,U
sz000400,许继电气,2025-09-30 13:18:54,26.62,16600,26.62,D
sz000400,许继电气,2025-09-30 13:19:09,26.63,8800,26.63,U
sz000400,许继电气,2025-09-30 13:19:12,26.63,16100,26.63,U
sz000400,许继电气,2025-09-30 13:19:18,26.63,15200,26.63,U
sz000400,许继电气,2025-09-30 13:19:21,26.64,24600,26.63,U
sz000400,许继电气,2025-09-30 13:19:30,26.63,11400,26.63,D
sz000400,许继电气,2025-09-30 13:19:36,26.62,15800,26.63,D
sz000400,许继电气,2025-09-30 13:19:39,26.62,40300,26.62,D
sz000400,许继电气,2025-09-30 13:19:42,26.62,10200,26.62,U
sz000400,许继电气,2025-09-30 13:19:48,26.61,10900,26.61,D
sz000400,许继电气,2025-09-30 13:19:54,26.62,38400,26.61,U
sz000400,许继电气,2025-09-30 13:19:57,26.62,11000,26.62,D
sz000400,许继电气,2025-09-30 13:20:00,26.62,14000,26.62,D
sz000400,许继电气,2025-09-30 13:20:06,26.62,11400,26.62,D
sz000400,许继电气,2025-09-30 13:20:18,26.61,8500,26.61,D
sz000400,许继电气,2025-09-30 13:20:21,26.61,9600,26.61,D
sz000400,许继电气,2025-09-30 13:20:24,26.61,11600,26.61,D
sz000400,许继电气,2025-09-30 13:20:33,26.6,64300,26.61,D
sz000400,许继电气,2025-09-30 13:20:42,26.59,32900,26.6,D
sz000400,许继电气,2025-09-30 13:20:48,26.59,9000,26.59,D
sz000400,许继电气,2025-09-30 13:21:00,26.58,7700,26.59,D
sz000400,许继电气,2025-09-30 13:21:03,26.58,8400,26.58,D
sz000400,许继电气,2025-09-30 13:21:15,26.56,11550,26.58,D
sz000400,许继电气,2025-09-30 13:21:21,26.55,19200,26.56,D
sz000400,许继电气,2025-09-30 13:21:30,26.55,13200,26.55,D
sz000400,许继电气,2025-09-30 13:21:33,26.56,8585,26.55,U
sz000400,许继电气,2025-09-30 13:21:39,26.55,31300,26.55,U
sz000400,许继电气,2025-09-30 13:21:45,26.54,8200,26.54,D
sz000400,许继电气,2025-09-30 13:21:51,26.53,9700,26.54,D
sz000400,许继电气,2025-09-30 13:22:00,26.52,14000,26.53,D
sz000400,许继电气,2025-09-30 13:22:09,26.53,16900,26.52,U
sz000400,许继电气,2025-09-30 13:22:12,26.53,27400,26.53,U
sz000400,许继电气,2025-09-30 13:22:15,26.52,20200,26.53,D
sz000400,许继电气,2025-09-30 13:22:18,26.52,22015,26.52,D
sz000400,许继电气,2025-09-30 13:22:21,26.52,21500,26.52,D
sz000400,许继电气,2025-09-30 13:22:24,26.51,19785,26.52,D
sz000400,许继电气,2025-09-30 13:22:30,26.51,31815,26.51,D
sz000400,许继电气,2025-09-30 13:22:36,26.53,8900,26.52,U
sz000400,许继电气,2025-09-30 13:22:42,26.52,12300,26.52,D
sz000400,许继电气,2025-09-30 13:22:51,26.54,17400,26.52,U
sz000400,许继电气,2025-09-30 13:23:06,26.55,7900,26.54,U
sz000400,许继电气,2025-09-30 13:23:15,26.55,10300,26.55,U
sz000400,许继电气,2025-09-30 13:23:36,26.58,9550,26.57,U
sz000400,许继电气,2025-09-30 13:23:42,26.57,15100,26.57,D
sz000400,许继电气,2025-09-30 13:23:45,26.57,41450,26.57,D
sz000400,许继电气,2025-09-30 13:23:48,26.57,11600,26.57,U
sz000400,许继电气,2025-09-30 13:23:54,26.57,32700,26.57,D
sz000400,许继电气,2025-09-30 13:23:57,26.58,12800,26.57,U
sz000400,许继电气,2025-09-30 13:24:03,26.59,9900,26.58,U
sz000400,许继电气,2025-09-30 13:24:06,26.58,8600,26.59,D
sz000400,许继电气,2025-09-30 13:24:09,26.59,8000,26.58,U
sz000400,许继电气,2025-09-30 13:24:21,26.59,28200,26.6,D
sz000400,许继电气,2025-09-30 13:24:33,26.6,19400,26.59,U
sz000400,许继电气,2025-09-30 13:24:36,26.6,26400,26.6,U
sz000400,许继电气,2025-09-30 13:24:39,26.6,9900,26.6,U
sz000400,许继电气,2025-09-30 13:24:51,26.6,18400,26.6,D
sz000400,许继电气,2025-09-30 13:24:54,26.6,10000,26.6,D
sz000400,许继电气,2025-09-30 13:24:57,26.59,9600,26.6,D
sz000400,许继电气,2025-09-30 13:25:03,26.6,32300,26.6,U
sz000400,许继电气,2025-09-30 13:25:15,26.6,14300,26.6,U
sz000400,许继电气,2025-09-30 13:25:18,26.6,18900,26.6,U
sz000400,许继电气,2025-09-30 13:25:27,26.6,13400,26.6,U
sz000400,许继电气,2025-09-30 13:25:33,26.6,27400,26.6,U
sz000400,许继电气,2025-09-30 13:25:39,26.6,15800,26.6,U
sz000400,许继电气,2025-09-30 13:25:45,26.6,9700,26.61,D
sz000400,许继电气,2025-09-30 13:25:48,26.59,9000,26.6,D
sz000400,许继电气,2025-09-30 13:26:00,26.61,27600,26.6,U
sz000400,许继电气,2025-09-30 13:26:27,26.62,21000,26.61,U
sz000400,许继电气,2025-09-30 13:26:33,26.62,12600,26.62,D
sz000400,许继电气,2025-09-30 13:26:36,26.63,9300,26.62,U
sz000400,许继电气,2025-09-30 13:26:39,26.62,26400,26.63,U
sz000400,许继电气,2025-09-30 13:26:45,26.62,9800,26.62,U
sz000400,许继电气,2025-09-30 13:26:48,26.61,16500,26.62,D
sz000400,许继电气,2025-09-30 13:26:57,26.61,11300,26.61,U
sz000400,许继电气,2025-09-30 13:27:03,26.61,9400,26.61,U
sz000400,许继电气,2025-09-30 13:27:18,26.6,15500,26.6,D
sz000400,许继电气,2025-09-30 13:27:30,26.6,29000,26.6,U
sz000400,许继电气,2025-09-30 13:27:42,26.6,9400,26.6,U
sz000400,许继电气,2025-09-30 13:27:45,26.59,14900,26.6,D
sz000400,许继电气,2025-09-30 13:27:57,26.58,13300,26.58,D
sz000400,许继电气,2025-09-30 13:28:00,26.58,24300,26.58,D
sz000400,许继电气,2025-09-30 13:28:21,26.58,10500,26.57,U
sz000400,许继电气,2025-09-30 13:28:24,26.57,7700,26.58,D
sz000400,许继电气,2025-09-30 13:28:30,26.56,13400,26.57,D
sz000400,许继电气,2025-09-30 13:28:42,26.55,8700,26.56,D
sz000400,许继电气,2025-09-30 13:28:54,26.55,22050,26.56,D
sz000400,许继电气,2025-09-30 13:28:57,26.56,21700,26.55,U
sz000400,许继电气,2025-09-30 13:29:00,26.54,11365,26.56,D
sz000400,许继电气,2025-09-30 13:29:24,26.54,19600,26.54,D
sz000400,许继电气,2025-09-30 13:29:27,26.53,10400,26.54,D
sz000400,许继电气,2025-09-30 13:29:33,26.54,8700,26.53,U
sz000400,许继电气,2025-09-30 13:29:36,26.53,11700,26.54,D
sz000400,许继电气,2025-09-30 13:29:42,26.55,8800,26.53,U
sz000400,许继电气,2025-09-30 13:29:57,26.54,11100,26.54,D
sz000400,许继电气,2025-09-30 13:30:36,26.53,8300,26.53,D
sz000400,许继电气,2025-09-30 13:30:42,26.54,13900,26.54,U
sz000400,许继电气,2025-09-30 13:30:54,26.53,9500,26.54,D
sz000400,许继电气,2025-09-30 13:31:36,26.54,32400,26.55,D
sz000400,许继电气,2025-09-30 13:31:39,26.54,15500,26.54,D
sz000400,许继电气,2025-09-30 13:31:57,26.54,14700,26.54,U
sz000400,许继电气,2025-09-30 13:32:00,26.54,11200,26.54,D
sz000400,许继电气,2025-09-30 13:32:09,26.54,14900,26.54,D
sz000400,许继电气,2025-09-30 13:32:36,26.55,13600,26.54,U
sz000400,许继电气,2025-09-30 13:32:48,26.53,31300,26.54,D
sz000400,许继电气,2025-09-30 13:33:00,26.52,20000,26.53,D
sz000400,许继电气,2025-09-30 13:33:03,26.53,11800,26.52,U
sz000400,许继电气,2025-09-30 13:33:15,26.51,7900,26.52,D
sz000400,许继电气,2025-09-30 13:33:24,26.52,23500,26.52,D
sz000400,许继电气,2025-09-30 13:33:36,26.51,12700,26.5,U
sz000400,许继电气,2025-09-30 13:33:39,26.51,10200,26.51,D
sz000400,许继电气,2025-09-30 13:33:42,26.5,66300,26.51,D
sz000400,许继电气,2025-09-30 13:33:45,26.51,7900,26.5,U
sz000400,许继电气,2025-09-30 13:33:48,26.5,23500,26.51,D
sz000400,许继电气,2025-09-30 13:33:57,26.5,22000,26.5,U
sz000400,许继电气,2025-09-30 13:34:30,26.5,9200,26.5,U
sz000400,许继电气,2025-09-30 13:34:36,26.48,8700,26.49,D
sz000400,许继电气,2025-09-30 13:34:45,26.48,13100,26.48,D
sz000400,许继电气,2025-09-30 13:34:48,26.49,15400,26.48,U
sz000400,许继电气,2025-09-30 13:35:03,26.49,18600,26.48,U
sz000400,许继电气,2025-09-30 13:35:15,26.48,17100,26.49,D
sz000400,许继电气,2025-09-30 13:35:27,26.49,9500,26.48,U
sz000400,许继电气,2025-09-30 13:35:30,26.49,11100,26.49,U
sz000400,许继电气,2025-09-30 13:36:00,26.47,13700,26.47,D
sz000400,许继电气,2025-09-30 13:36:03,26.48,10400,26.47,U
sz000400,许继电气,2025-09-30 13:36:18,26.48,8200,26.49,D
sz000400,许继电气,2025-09-30 13:36:27,26.48,8700,26.47,U
sz000400,许继电气,2025-09-30 13:36:36,26.48,8900,26.48,D
sz000400,许继电气,2025-09-30 13:36:42,26.5,31100,26.49,U
sz000400,许继电气,2025-09-30 13:36:48,26.49,15900,26.48,E
sz000400,许继电气,2025-09-30 13:36:51,26.49,23800,26.49,D
sz000400,许继电气,2025-09-30 13:37:03,26.5,9700,26.51,D
sz000400,许继电气,2025-09-30 13:37:18,26.53,8200,26.52,U
sz000400,许继电气,2025-09-30 13:37:21,26.54,10300,26.53,U
sz000400,许继电气,2025-09-30 13:37:33,26.54,8400,26.54,U
sz000400,许继电气,2025-09-30 13:37:42,26.55,8800,26.55,U
sz000400,许继电气,2025-09-30 13:37:48,26.55,18185,26.55,U
sz000400,许继电气,2025-09-30 13:38:00,26.56,7900,26.55,U
sz000400,许继电气,2025-09-30 13:38:03,26.57,7600,26.56,U
sz000400,许继电气,2025-09-30 13:38:09,26.58,14600,26.58,U
sz000400,许继电气,2025-09-30 13:38:12,26.58,8100,26.58,U
sz000400,许继电气,2025-09-30 13:38:36,26.59,21400,26.58,U
sz000400,许继电气,2025-09-30 13:38:51,26.59,9900,26.59,U
sz000400,许继电气,2025-09-30 13:38:54,26.59,17000,26.59,U
sz000400,许继电气,2025-09-30 13:39:03,26.59,7900,26.59,D
sz000400,许继电气,2025-09-30 13:39:09,26.58,9600,26.58,D
sz000400,许继电气,2025-09-30 13:39:27,26.58,10400,26.58,U
sz000400,许继电气,2025-09-30 13:39:36,26.58,8100,26.57,U
sz000400,许继电气,2025-09-30 13:39:42,26.58,8700,26.58,D
sz000400,许继电气,2025-09-30 13:39:45,26.58,13700,26.58,U
sz000400,许继电气,2025-09-30 13:40:06,26.6,16900,26.58,U
sz000400,许继电气,2025-09-30 13:40:39,26.6,28200,26.6,U
sz000400,许继电气,2025-09-30 13:40:42,26.6,9000,26.6,U
sz000400,许继电气,2025-09-30 13:40:48,26.61,72300,26.6,U
sz000400,许继电气,2025-09-30 13:40:57,26.6,11600,26.6,D
sz000400,许继电气,2025-09-30 13:41:00,26.62,11070,26.6,U
sz000400,许继电气,2025-09-30 13:41:06,26.62,20400,26.61,U
sz000400,许继电气,2025-09-30 13:41:12,26.62,16000,26.62,D
sz000400,许继电气,2025-09-30 13:41:21,26.61,19830,26.61,D
sz000400,许继电气,2025-09-30 13:41:33,26.61,11900,26.6,U
sz000400,许继电气,2025-09-30 13:41:39,26.62,10200,26.6,U
sz000400,许继电气,2025-09-30 13:41:48,26.62,10400,26.62,U
sz000400,许继电气,2025-09-30 13:42:06,26.61,10000,26.62,D
sz000400,许继电气,2025-09-30 13:42:09,26.61,8600,26.61,U
sz000400,许继电气,2025-09-30 13:42:15,26.61,9200,26.61,U
sz000400,许继电气,2025-09-30 13:42:24,26.62,19100,26.62,U
sz000400,许继电气,2025-09-30 13:42:36,26.61,14000,26.62,D
sz000400,许继电气,2025-09-30 13:42:42,26.62,8400,26.62,U
sz000400,许继电气,2025-09-30 13:42:54,26.61,21200,26.62,D
sz000400,许继电气,2025-09-30 13:43:00,26.6,35200,26.61,D
sz000400,许继电气,2025-09-30 13:43:18,26.6,24800,26.6,D
sz000400,许继电气,2025-09-30 13:43:24,26.6,31100,26.6,D
sz000400,许继电气,2025-09-30 13:43:27,26.61,13000,26.6,U
sz000400,许继电气,2025-09-30 13:43:30,26.6,15000,26.61,D
sz000400,许继电气,2025-09-30 13:43:33,26.61,39600,26.6,U
sz000400,许继电气,2025-09-30 13:44:03,26.6,16500,26.58,U
sz000400,许继电气,2025-09-30 13:44:18,26.59,9500,26.58,D
sz000400,许继电气,2025-09-30 13:44:33,26.59,11400,26.59,D
sz000400,许继电气,2025-09-30 13:44:39,26.59,25500,26.59,D
sz000400,许继电气,2025-09-30 13:45:09,26.59,28700,26.58,U
sz000400,许继电气,2025-09-30 13:45:39,26.59,23200,26.6,D
sz000400,许继电气,2025-09-30 13:45:51,26.59,8000,26.59,U
sz000400,许继电气,2025-09-30 13:45:57,26.59,7900,26.59,U
sz000400,许继电气,2025-09-30 13:46:27,26.59,11900,26.58,U
sz000400,许继电气,2025-09-30 13:46:33,26.58,41200,26.59,D
sz000400,许继电气,2025-09-30 13:47:30,26.57,38900,26.58,D
sz000400,许继电气,2025-09-30 13:47:45,26.57,13300,26.57,U
sz000400,许继电气,2025-09-30 13:48:03,26.58,10300,26.57,U
sz000400,许继电气,2025-09-30 13:48:24,26.57,12800,26.57,D
sz000400,许继电气,2025-09-30 13:49:33,26.55,7700,26.55,U
sz000400,许继电气,2025-09-30 13:49:39,26.55,30800,26.55,U
sz000400,许继电气,2025-09-30 13:49:42,26.56,7800,26.55,U
sz000400,许继电气,2025-09-30 13:49:51,26.54,19250,26.55,D
sz000400,许继电气,2025-09-30 13:49:54,26.53,39700,26.54,D
sz000400,许继电气,2025-09-30 13:50:12,26.52,9000,26.52,D
sz000400,许继电气,2025-09-30 13:50:24,26.53,11400,26.51,U
sz000400,许继电气,2025-09-30 13:50:33,26.52,12200,26.52,D
sz000400,许继电气,2025-09-30 13:50:42,26.51,7600,26.52,D
sz000400,许继电气,2025-09-30 13:50:51,26.51,11600,26.51,D
sz000400,许继电气,2025-09-30 13:50:54,26.51,14500,26.51,D
sz000400,许继电气,2025-09-30 13:51:15,26.5,16700,26.51,D
sz000400,许继电气,2025-09-30 13:51:21,26.51,46000,26.51,D
sz000400,许继电气,2025-09-30 13:51:27,26.51,9000,26.51,U
sz000400,许继电气,2025-09-30 13:51:33,26.52,10000,26.51,U
sz000400,许继电气,2025-09-30 13:51:39,26.51,8000,26.52,D
sz000400,许继电气,2025-09-30 13:51:42,26.51,8200,26.51,D
sz000400,许继电气,2025-09-30 13:51:45,26.52,11000,26.51,U
sz000400,许继电气,2025-09-30 13:52:12,26.53,14000,26.52,U
sz000400,许继电气,2025-09-30 13:52:27,26.53,9200,26.52,U
sz000400,许继电气,2025-09-30 13:52:30,26.52,24706,26.53,D
sz000400,许继电气,2025-09-30 13:52:51,26.53,8300,26.52,U
sz000400,许继电气,2025-09-30 13:52:54,26.53,16606,26.53,U
sz000400,许继电气,2025-09-30 13:53:27,26.52,69594,26.52,D
sz000400,许继电气,2025-09-30 13:53:33,26.52,9100,26.51,U
sz000400,许继电气,2025-09-30 13:53:45,26.52,27000,26.51,U
sz000400,许继电气,2025-09-30 13:54:42,26.5,28200,26.51,D
sz000400,许继电气,2025-09-30 13:54:45,26.5,28400,26.5,D
sz000400,许继电气,2025-09-30 13:54:51,26.51,28500,26.5,U
sz000400,许继电气,2025-09-30 13:55:03,26.48,40000,26.5,D
sz000400,许继电气,2025-09-30 13:55:15,26.48,16400,26.48,D
sz000400,许继电气,2025-09-30 13:55:21,26.47,20700,26.48,D
sz000400,许继电气,2025-09-30 13:55:24,26.46,11600,26.47,D
sz000400,许继电气,2025-09-30 13:55:33,26.45,12200,26.45,D
sz000400,许继电气,2025-09-30 13:55:36,26.46,12400,26.45,U
sz000400,许继电气,2025-09-30 13:55:39,26.45,17800,26.46,D
sz000400,许继电气,2025-09-30 13:55:51,26.43,8800,26.43,D
sz000400,许继电气,2025-09-30 13:55:54,26.41,13000,26.43,D
sz000400,许继电气,2025-09-30 13:56:06,26.41,18900,26.41,D
sz000400,许继电气,2025-09-30 13:56:18,26.42,11700,26.4,U
sz000400,许继电气,2025-09-30 13:56:27,26.41,8300,26.41,D
sz000400,许继电气,2025-09-30 13:56:30,26.42,12700,26.41,U
sz000400,许继电气,2025-09-30 13:56:33,26.41,7800,26.42,D
sz000400,许继电气,2025-09-30 13:56:36,26.41,20300,26.41,D
sz000400,许继电气,2025-09-30 13:56:42,26.4,9000,26.41,D
sz000400,许继电气,2025-09-30 13:56:48,26.41,9100,26.41,U
sz000400,许继电气,2025-09-30 13:56:51,26.4,13800,26.41,D
sz000400,许继电气,2025-09-30 13:56:54,26.42,19900,26.4,U
sz000400,许继电气,2025-09-30 13:56:57,26.41,8600,26.42,E
sz000400,许继电气,2025-09-30 13:57:00,26.4,9300,26.41,D
sz000400,许继电气,2025-09-30 13:57:03,26.41,27500,26.4,D
sz000400,许继电气,2025-09-30 13:57:06,26.42,10400,26.41,U
sz000400,许继电气,2025-09-30 13:57:12,26.4,18200,26.41,D
sz000400,许继电气,2025-09-30 13:57:15,26.41,13900,26.4,U
sz000400,许继电气,2025-09-30 13:57:27,26.41,8700,26.42,D
sz000400,许继电气,2025-09-30 13:57:39,26.41,35000,26.41,U
sz000400,许继电气,2025-09-30 13:57:42,26.4,8600,26.41,D
sz000400,许继电气,2025-09-30 13:57:51,26.4,22900,26.4,D
sz000400,许继电气,2025-09-30 13:58:00,26.4,7900,26.4,D
sz000400,许继电气,2025-09-30 13:58:18,26.39,28400,26.4,D
sz000400,许继电气,2025-09-30 13:58:21,26.39,9600,26.39,U
sz000400,许继电气,2025-09-30 13:58:27,26.38,13600,26.39,D
sz000400,许继电气,2025-09-30 13:58:33,26.38,10500,26.38,D
sz000400,许继电气,2025-09-30 13:58:39,26.39,11900,26.38,U
sz000400,许继电气,2025-09-30 13:58:42,26.37,26100,26.39,D
sz000400,许继电气,2025-09-30 13:58:45,26.37,17500,26.37,D
sz000400,许继电气,2025-09-30 13:58:51,26.38,8000,26.37,U
sz000400,许继电气,2025-09-30 13:58:57,26.37,9200,26.38,D
sz000400,许继电气,2025-09-30 13:59:03,26.37,16900,26.37,D
sz000400,许继电气,2025-09-30 13:59:12,26.38,11100,26.37,U
sz000400,许继电气,2025-09-30 13:59:15,26.37,10500,26.38,D
sz000400,许继电气,2025-09-30 13:59:21,26.37,11700,26.37,D
sz000400,许继电气,2025-09-30 13:59:24,26.38,11400,26.37,U
sz000400,许继电气,2025-09-30 13:59:42,26.39,14000,26.38,U
sz000400,许继电气,2025-09-30 13:59:45,26.4,20100,26.39,U
sz000400,许继电气,2025-09-30 14:00:06,26.41,17100,26.41,U
sz000400,许继电气,2025-09-30 14:00:15,26.42,7900,26.42,U
sz000400,许继电气,2025-09-30 14:00:33,26.44,7700,26.44,D
sz000400,许继电气,2025-09-30 14:01:18,26.49,10300,26.49,U
sz000400,许继电气,2025-09-30 14:01:30,26.49,10900,26.49,U
sz000400,许继电气,2025-09-30 14:01:42,26.49,8200,26.48,U
sz000400,许继电气,2025-09-30 14:02:09,26.47,8700,26.49,D
sz000400,许继电气,2025-09-30 14:02:15,26.48,12000,26.48,D
sz000400,许继电气,2025-09-30 14:02:30,26.48,10100,26.48,U
sz000400,许继电气,2025-09-30 14:03:09,26.47,10400,26.47,D
sz000400,许继电气,2025-09-30 14:05:06,26.47,17400,26.48,D
sz000400,许继电气,2025-09-30 14:05:09,26.44,21500,26.47,D
sz000400,许继电气,2025-09-30 14:05:12,26.47,18000,26.44,U
sz000400,许继电气,2025-09-30 14:05:27,26.41,23100,26.46,D
sz000400,许继电气,2025-09-30 14:06:09,26.44,13000,26.44,D
sz000400,许继电气,2025-09-30 14:06:15,26.4,21700,26.44,D
sz000400,许继电气,2025-09-30 14:07:06,26.4,14000,26.4,U
sz000400,许继电气,2025-09-30 14:07:18,26.4,22600,26.4,U
sz000400,许继电气,2025-09-30 14:07:39,26.4,12700,26.39,U
sz000400,许继电气,2025-09-30 14:07:42,26.4,8600,26.4,U
sz000400,许继电气,2025-09-30 14:07:45,26.4,12400,26.4,U
sz000400,许继电气,2025-09-30 14:07:57,26.41,8300,26.41,U
sz000400,许继电气,2025-09-30 14:08:00,26.4,7700,26.41,D
sz000400,许继电气,2025-09-30 14:08:15,26.41,19500,26.41,U
sz000400,许继电气,2025-09-30 14:08:21,26.41,14900,26.42,D
sz000400,许继电气,2025-09-30 14:08:36,26.43,22200,26.42,U
sz000400,许继电气,2025-09-30 14:08:48,26.43,10200,26.43,U
sz000400,许继电气,2025-09-30 14:09:03,26.42,23500,26.42,D
sz000400,许继电气,2025-09-30 14:09:09,26.41,10600,26.42,D
sz000400,许继电气,2025-09-30 14:09:18,26.41,13700,26.41,D
sz000400,许继电气,2025-09-30 14:09:36,26.41,10000,26.42,D
sz000400,许继电气,2025-09-30 14:09:39,26.41,11900,26.41,D
sz000400,许继电气,2025-09-30 14:09:51,26.42,13600,26.41,U
sz000400,许继电气,2025-09-30 14:09:57,26.41,12300,26.42,D
sz000400,许继电气,2025-09-30 14:10:18,26.42,16500,26.42,U
sz000400,许继电气,2025-09-30 14:11:00,26.4,9600,26.41,D
sz000400,许继电气,2025-09-30 14:11:03,26.4,34200,26.4,D
sz000400,许继电气,2025-09-30 14:11:09,26.41,28900,26.4,U
sz000400,许继电气,2025-09-30 14:11:12,26.4,13500,26.41,D
sz000400,许继电气,2025-09-30 14:11:24,26.4,11200,26.39,U
sz000400,许继电气,2025-09-30 14:11:45,26.4,10700,26.39,U
sz000400,许继电气,2025-09-30 14:11:48,26.4,10500,26.4,U
sz000400,许继电气,2025-09-30 14:11:57,26.39,26000,26.4,D
sz000400,许继电气,2025-09-30 14:12:09,26.39,60000,26.4,D
sz000400,许继电气,2025-09-30 14:12:18,26.39,19700,26.4,D
sz000400,许继电气,2025-09-30 14:12:27,26.38,26900,26.39,D
sz000400,许继电气,2025-09-30 14:12:33,26.38,23700,26.39,D
sz000400,许继电气,2025-09-30 14:12:42,26.38,10400,26.39,D
sz000400,许继电气,2025-09-30 14:12:45,26.38,37400,26.38,D
sz000400,许继电气,2025-09-30 14:12:51,26.38,12000,26.38,U
sz000400,许继电气,2025-09-30 14:12:54,26.39,11100,26.38,U
sz000400,许继电气,2025-09-30 14:12:57,26.37,16100,26.39,D
sz000400,许继电气,2025-09-30 14:13:09,26.36,14400,26.37,D
sz000400,许继电气,2025-09-30 14:13:21,26.36,15900,26.37,D
sz000400,许继电气,2025-09-30 14:13:33,26.36,8800,26.36,D
sz000400,许继电气,2025-09-30 14:13:39,26.36,7700,26.36,D
sz000400,许继电气,2025-09-30 14:13:42,26.36,8600,26.36,D
sz000400,许继电气,2025-09-30 14:13:45,26.36,14700,26.36,D
sz000400,许继电气,2025-09-30 14:13:54,26.35,12800,26.35,D
sz000400,许继电气,2025-09-30 14:14:03,26.36,7900,26.36,U
sz000400,许继电气,2025-09-30 14:14:12,26.36,14600,26.36,D
sz000400,许继电气,2025-09-30 14:14:18,26.36,13000,26.37,D
sz000400,许继电气,2025-09-30 14:14:36,26.35,14700,26.35,D
sz000400,许继电气,2025-09-30 14:14:39,26.35,9200,26.35,D
sz000400,许继电气,2025-09-30 14:14:42,26.35,8300,26.35,D
sz000400,许继电气,2025-09-30 14:14:57,26.36,8700,26.36,U
sz000400,许继电气,2025-09-30 14:15:21,26.35,43700,26.36,D
sz000400,许继电气,2025-09-30 14:15:27,26.36,26100,26.36,U
sz000400,许继电气,2025-09-30 14:15:33,26.36,17900,26.36,U
sz000400,许继电气,2025-09-30 14:16:06,26.35,10800,26.36,D
sz000400,许继电气,2025-09-30 14:16:12,26.35,24700,26.35,D
sz000400,许继电气,2025-09-30 14:16:15,26.35,7600,26.35,D
sz000400,许继电气,2025-09-30 14:16:24,26.35,19100,26.34,U
sz000400,许继电气,2025-09-30 14:16:39,26.34,12100,26.35,D
sz000400,许继电气,2025-09-30 14:17:00,26.33,31500,26.33,D
sz000400,许继电气,2025-09-30 14:17:06,26.33,10400,26.34,D
sz000400,许继电气,2025-09-30 14:17:42,26.34,9300,26.34,U
sz000400,许继电气,2025-09-30 14:17:48,26.34,18600,26.34,U
sz000400,许继电气,2025-09-30 14:17:51,26.34,15700,26.34,U
sz000400,许继电气,2025-09-30 14:18:00,26.33,14800,26.33,D
sz000400,许继电气,2025-09-30 14:18:15,26.34,14000,26.33,U
sz000400,许继电气,2025-09-30 14:18:24,26.34,8600,26.33,U
sz000400,许继电气,2025-09-30 14:18:39,26.33,31400,26.35,D
sz000400,许继电气,2025-09-30 14:18:45,26.35,19500,26.33,U
sz000400,许继电气,2025-09-30 14:19:15,26.35,9700,26.34,U
sz000400,许继电气,2025-09-30 14:19:24,26.35,8400,26.35,U
sz000400,许继电气,2025-09-30 14:19:36,26.36,39300,26.35,U
sz000400,许继电气,2025-09-30 14:19:42,26.36,42400,26.36,U
sz000400,许继电气,2025-09-30 14:20:03,26.37,22600,26.37,U
sz000400,许继电气,2025-09-30 14:20:06,26.37,14800,26.37,U
sz000400,许继电气,2025-09-30 14:20:24,26.37,28800,26.37,D
sz000400,许继电气,2025-09-30 14:21:15,26.39,9900,26.38,U
sz000400,许继电气,2025-09-30 14:21:18,26.39,8300,26.39,U
sz000400,许继电气,2025-09-30 14:22:03,26.4,13500,26.39,U
sz000400,许继电气,2025-09-30 14:22:06,26.4,32700,26.4,U
sz000400,许继电气,2025-09-30 14:22:12,26.4,12100,26.4,U
sz000400,许继电气,2025-09-30 14:22:15,26.4,13900,26.4,U
sz000400,许继电气,2025-09-30 14:22:39,26.41,9300,26.41,U
sz000400,许继电气,2025-09-30 14:23:06,26.42,8900,26.42,U
sz000400,许继电气,2025-09-30 14:23:27,26.43,12000,26.43,U
sz000400,许继电气,2025-09-30 14:23:48,26.44,13000,26.44,U
sz000400,许继电气,2025-09-30 14:24:03,26.44,17700,26.45,D
sz000400,许继电气,2025-09-30 14:24:12,26.44,34600,26.45,D
sz000400,许继电气,2025-09-30 14:24:15,26.45,8400,26.44,U
sz000400,许继电气,2025-09-30 14:24:21,26.44,14600,26.45,D
sz000400,许继电气,2025-09-30 14:24:24,26.45,9400,26.44,U
sz000400,许继电气,2025-09-30 14:24:48,26.47,13700,26.45,U
sz000400,许继电气,2025-09-30 14:25:12,26.47,26100,26.48,D
sz000400,许继电气,2025-09-30 14:25:15,26.48,18100,26.47,U
sz000400,许继电气,2025-09-30 14:25:21,26.47,8300,26.48,D
sz000400,许继电气,2025-09-30 14:25:30,26.46,12500,26.47,D
sz000400,许继电气,2025-09-30 14:25:54,26.46,7700,26.46,U
sz000400,许继电气,2025-09-30 14:26:15,26.45,19700,26.45,D
sz000400,许继电气,2025-09-30 14:26:18,26.45,18400,26.45,U
sz000400,许继电气,2025-09-30 14:26:27,26.44,10400,26.45,D
sz000400,许继电气,2025-09-30 14:26:33,26.44,10800,26.45,D
sz000400,许继电气,2025-09-30 14:27:00,26.44,7800,26.43,U
sz000400,许继电气,2025-09-30 14:27:03,26.43,10700,26.44,D
sz000400,许继电气,2025-09-30 14:27:12,26.44,10000,26.43,U
sz000400,许继电气,2025-09-30 14:27:15,26.44,15000,26.44,U
sz000400,许继电气,2025-09-30 14:27:18,26.43,27100,26.44,D
sz000400,许继电气,2025-09-30 14:27:21,26.45,30400,26.43,U
sz000400,许继电气,2025-09-30 14:27:30,26.46,9800,26.45,U
sz000400,许继电气,2025-09-30 14:27:36,26.46,14900,26.45,U
sz000400,许继电气,2025-09-30 14:27:42,26.46,11200,26.46,D
sz000400,许继电气,2025-09-30 14:27:45,26.46,10500,26.46,U
sz000400,许继电气,2025-09-30 14:27:51,26.46,13300,26.46,U
sz000400,许继电气,2025-09-30 14:28:09,26.48,12500,26.48,U
sz000400,许继电气,2025-09-30 14:28:18,26.48,19100,26.48,U
sz000400,许继电气,2025-09-30 14:28:27,26.48,7800,26.48,U
sz000400,许继电气,2025-09-30 14:28:39,26.48,20700,26.49,D
sz000400,许继电气,2025-09-30 14:28:48,26.48,11300,26.49,D
sz000400,许继电气,2025-09-30 14:29:03,26.48,36500,26.49,D
sz000400,许继电气,2025-09-30 14:29:09,26.49,8000,26.49,U
sz000400,许继电气,2025-09-30 14:29:21,26.49,8900,26.49,U
sz000400,许继电气,2025-09-30 14:29:27,26.49,13900,26.49,U
sz000400,许继电气,2025-09-30 14:29:39,26.49,8700,26.48,U
sz000400,许继电气,2025-09-30 14:29:42,26.48,49300,26.49,D
sz000400,许继电气,2025-09-30 14:30:00,26.48,27100,26.48,U
sz000400,许继电气,2025-09-30 14:30:03,26.48,8000,26.48,U
sz000400,许继电气,2025-09-30 14:30:12,26.48,7600,26.48,D
sz000400,许继电气,2025-09-30 14:30:15,26.48,15500,26.48,D
sz000400,许继电气,2025-09-30 14:30:18,26.48,7700,26.48,U
sz000400,许继电气,2025-09-30 14:30:24,26.49,8600,26.48,U
sz000400,许继电气,2025-09-30 14:30:30,26.48,12500,26.48,D
sz000400,许继电气,2025-09-30 14:30:33,26.47,20000,26.48,D
sz000400,许继电气,2025-09-30 14:30:42,26.48,9214,26.49,D
sz000400,许继电气,2025-09-30 14:30:45,26.49,12800,26.48,U
sz000400,许继电气,2025-09-30 14:30:51,26.49,71600,26.49,U
sz000400,许继电气,2025-09-30 14:31:03,26.5,62600,26.5,U
sz000400,许继电气,2025-09-30 14:31:24,26.51,10700,26.51,U
sz000400,许继电气,2025-09-30 14:31:30,26.51,8200,26.51,U
sz000400,许继电气,2025-09-30 14:31:42,26.51,21631,26.51,D
sz000400,许继电气,2025-09-30 14:31:48,26.5,22700,26.5,D
sz000400,许继电气,2025-09-30 14:32:03,26.5,12200,26.51,D
sz000400,许继电气,2025-09-30 14:32:09,26.5,14800,26.5,D
sz000400,许继电气,2025-09-30 14:32:12,26.51,48400,26.5,U
sz000400,许继电气,2025-09-30 14:32:18,26.5,8000,26.5,E
sz000400,许继电气,2025-09-30 14:32:30,26.5,12300,26.51,D
sz000400,许继电气,2025-09-30 14:32:39,26.5,17700,26.5,D
sz000400,许继电气,2025-09-30 14:32:45,26.49,11000,26.49,D
sz000400,许继电气,2025-09-30 14:32:51,26.5,31300,26.49,U
sz000400,许继电气,2025-09-30 14:33:09,26.5,17500,26.5,U
sz000400,许继电气,2025-09-30 14:33:30,26.5,9500,26.51,D
sz000400,许继电气,2025-09-30 14:33:39,26.51,26300,26.5,U
sz000400,许继电气,2025-09-30 14:33:42,26.5,10600,26.51,D
sz000400,许继电气,2025-09-30 14:33:45,26.51,7800,26.5,U
sz000400,许继电气,2025-09-30 14:33:51,26.51,16900,26.51,U
sz000400,许继电气,2025-09-30 14:34:03,26.51,9300,26.51,U
sz000400,许继电气,2025-09-30 14:34:15,26.5,11800,26.5,D
sz000400,许继电气,2025-09-30 14:34:18,26.5,11500,26.5,D
sz000400,许继电气,2025-09-30 14:34:21,26.5,9000,26.5,D
sz000400,许继电气,2025-09-30 14:34:33,26.51,9400,26.5,U
sz000400,许继电气,2025-09-30 14:35:03,26.5,9400,26.51,D
sz000400,许继电气,2025-09-30 14:35:06,26.5,12300,26.5,D
sz000400,许继电气,2025-09-30 14:35:27,26.5,16200,26.51,D
sz000400,许继电气,2025-09-30 14:35:33,26.5,9100,26.51,D
sz000400,许继电气,2025-09-30 14:35:36,26.5,14800,26.5,D
sz000400,许继电气,2025-09-30 14:36:15,26.5,25800,26.5,D
sz000400,许继电气,2025-09-30 14:36:21,26.51,10600,26.51,U
sz000400,许继电气,2025-09-30 14:36:24,26.51,16700,26.51,U
sz000400,许继电气,2025-09-30 14:36:36,26.5,23400,26.51,D
sz000400,许继电气,2025-09-30 14:36:39,26.51,8200,26.5,U
sz000400,许继电气,2025-09-30 14:36:42,26.5,13500,26.51,D
sz000400,许继电气,2025-09-30 14:36:45,26.51,8300,26.5,U
sz000400,许继电气,2025-09-30 14:36:48,26.5,68900,26.51,D
sz000400,许继电气,2025-09-30 14:36:51,26.49,28300,26.5,D
sz000400,许继电气,2025-09-30 14:37:03,26.5,9800,26.5,U
sz000400,许继电气,2025-09-30 14:37:09,26.5,13700,26.49,U
sz000400,许继电气,2025-09-30 14:37:15,26.49,17700,26.5,D
sz000400,许继电气,2025-09-30 14:37:18,26.49,7600,26.49,D
sz000400,许继电气,2025-09-30 14:37:27,26.5,17200,26.49,U
sz000400,许继电气,2025-09-30 14:37:33,26.49,10200,26.5,D
sz000400,许继电气,2025-09-30 14:37:39,26.49,9400,26.49,U
sz000400,许继电气,2025-09-30 14:37:48,26.49,10900,26.49,D
sz000400,许继电气,2025-09-30 14:37:51,26.49,10700,26.49,D
sz000400,许继电气,2025-09-30 14:37:57,26.49,14200,26.49,U
sz000400,许继电气,2025-09-30 14:38:00,26.48,10000,26.49,D
sz000400,许继电气,2025-09-30 14:38:06,26.48,14600,26.48,D
sz000400,许继电气,2025-09-30 14:38:12,26.49,14700,26.49,U
sz000400,许继电气,2025-09-30 14:39:00,26.48,17000,26.49,D
sz000400,许继电气,2025-09-30 14:39:15,26.48,10300,26.48,D
sz000400,许继电气,2025-09-30 14:39:30,26.49,8200,26.49,U
sz000400,许继电气,2025-09-30 14:39:33,26.48,9200,26.49,D
sz000400,许继电气,2025-09-30 14:39:39,26.49,7900,26.49,U
sz000400,许继电气,2025-09-30 14:39:42,26.49,15400,26.49,U
sz000400,许继电气,2025-09-30 14:39:45,26.49,15700,26.49,U
sz000400,许继电气,2025-09-30 14:39:57,26.49,13200,26.48,U
sz000400,许继电气,2025-09-30 14:40:06,26.49,8400,26.48,U
sz000400,许继电气,2025-09-30 14:40:09,26.49,20200,26.49,U
sz000400,许继电气,2025-09-30 14:40:12,26.49,22400,26.49,U
sz000400,许继电气,2025-09-30 14:40:21,26.49,7900,26.49,U
sz000400,许继电气,2025-09-30 14:40:27,26.49,102600,26.49,U
sz000400,许继电气,2025-09-30 14:40:42,26.49,9300,26.48,U
sz000400,许继电气,2025-09-30 14:40:48,26.49,11900,26.48,U
sz000400,许继电气,2025-09-30 14:40:57,26.49,28800,26.49,U
sz000400,许继电气,2025-09-30 14:41:03,26.49,11900,26.49,D
sz000400,许继电气,2025-09-30 14:41:36,26.49,22100,26.49,D
sz000400,许继电气,2025-09-30 14:41:42,26.49,14800,26.49,D
sz000400,许继电气,2025-09-30 14:42:15,26.49,22300,26.5,D
sz000400,许继电气,2025-09-30 14:42:18,26.5,9600,26.49,U
sz000400,许继电气,2025-09-30 14:42:21,26.5,7800,26.5,U
sz000400,许继电气,2025-09-30 14:42:24,26.5,9100,26.5,U
sz000400,许继电气,2025-09-30 14:42:27,26.5,26500,26.5,U
sz000400,许继电气,2025-09-30 14:42:30,26.49,13700,26.5,D
sz000400,许继电气,2025-09-30 14:42:36,26.5,10300,26.49,U
sz000400,许继电气,2025-09-30 14:42:39,26.5,8600,26.5,U
sz000400,许继电气,2025-09-30 14:42:42,26.5,8300,26.5,U
sz000400,许继电气,2025-09-30 14:42:48,26.5,17200,26.5,U
sz000400,许继电气,2025-09-30 14:42:54,26.5,10800,26.5,U
sz000400,许继电气,2025-09-30 14:43:00,26.5,12500,26.5,U
sz000400,许继电气,2025-09-30 14:43:03,26.5,21400,26.5,U
sz000400,许继电气,2025-09-30 14:43:06,26.5,10400,26.5,U
sz000400,许继电气,2025-09-30 14:43:18,26.5,8300,26.5,U
sz000400,许继电气,2025-09-30 14:43:24,26.49,10800,26.49,D
sz000400,许继电气,2025-09-30 14:43:30,26.49,15300,26.49,D
sz000400,许继电气,2025-09-30 14:43:36,26.5,12100,26.49,U
sz000400,许继电气,2025-09-30 14:43:45,26.5,11400,26.5,U
sz000400,许继电气,2025-09-30 14:43:48,26.5,13300,26.5,U
sz000400,许继电气,2025-09-30 14:43:51,26.49,11600,26.5,D
sz000400,许继电气,2025-09-30 14:44:18,26.5,7900,26.49,U
sz000400,许继电气,2025-09-30 14:44:21,26.5,9900,26.5,U
sz000400,许继电气,2025-09-30 14:44:30,26.5,9000,26.5,U
sz000400,许继电气,2025-09-30 14:44:33,26.5,11900,26.5,U
sz000400,许继电气,2025-09-30 14:44:36,26.5,16300,26.5,U
sz000400,许继电气,2025-09-30 14:44:39,26.49,11400,26.5,D
sz000400,许继电气,2025-09-30 14:44:42,26.5,42900,26.49,U
sz000400,许继电气,2025-09-30 14:44:45,26.5,12700,26.5,U
sz000400,许继电气,2025-09-30 14:44:51,26.5,18800,26.5,U
sz000400,许继电气,2025-09-30 14:44:54,26.5,10000,26.5,U
sz000400,许继电气,2025-09-30 14:44:57,26.49,11000,26.5,D
sz000400,许继电气,2025-09-30 14:45:00,26.5,11600,26.49,U
sz000400,许继电气,2025-09-30 14:45:06,26.5,9200,26.5,U
sz000400,许继电气,2025-09-30 14:45:09,26.5,13500,26.5,U
sz000400,许继电气,2025-09-30 14:45:12,26.49,21500,26.5,D
sz000400,许继电气,2025-09-30 14:45:15,26.5,12200,26.49,U
sz000400,许继电气,2025-09-30 14:45:18,26.5,8700,26.5,U
sz000400,许继电气,2025-09-30 14:45:21,26.5,36400,26.5,U
sz000400,许继电气,2025-09-30 14:45:27,26.49,14200,26.49,D
sz000400,许继电气,2025-09-30 14:45:30,26.5,9700,26.49,U
sz000400,许继电气,2025-09-30 14:45:42,26.5,7800,26.5,U
sz000400,许继电气,2025-09-30 14:45:48,26.49,13700,26.5,D
sz000400,许继电气,2025-09-30 14:45:51,26.49,62000,26.49,D
sz000400,许继电气,2025-09-30 14:45:54,26.5,13600,26.49,U
sz000400,许继电气,2025-09-30 14:46:06,26.49,7800,26.5,D
sz000400,许继电气,2025-09-30 14:46:09,26.49,71800,26.49,D
sz000400,许继电气,2025-09-30 14:46:18,26.49,47900,26.49,D
sz000400,许继电气,2025-09-30 14:46:24,26.5,11600,26.49,U
sz000400,许继电气,2025-09-30 14:46:33,26.49,34800,26.49,D
sz000400,许继电气,2025-09-30 14:46:39,26.49,9500,26.48,U
sz000400,许继电气,2025-09-30 14:46:45,26.49,15100,26.49,U
sz000400,许继电气,2025-09-30 14:46:57,26.5,19700,26.49,U
sz000400,许继电气,2025-09-30 14:47:00,26.49,17100,26.5,D
sz000400,许继电气,2025-09-30 14:47:03,26.5,12100,26.49,U
sz000400,许继电气,2025-09-30 14:47:06,26.48,27000,26.5,D
sz000400,许继电气,2025-09-30 14:47:15,26.48,14600,26.49,D
sz000400,许继电气,2025-09-30 14:47:18,26.48,10200,26.48,D
sz000400,许继电气,2025-09-30 14:47:21,26.48,9900,26.48,D
sz000400,许继电气,2025-09-30 14:47:27,26.49,8500,26.49,U
sz000400,许继电气,2025-09-30 14:47:30,26.48,18600,26.49,D
sz000400,许继电气,2025-09-30 14:47:36,26.48,19200,26.49,D
sz000400,许继电气,2025-09-30 14:47:39,26.48,12600,26.48,D
sz000400,许继电气,2025-09-30 14:47:42,26.49,17400,26.48,U
sz000400,许继电气,2025-09-30 14:47:51,26.49,10000,26.49,U
sz000400,许继电气,2025-09-30 14:48:09,26.48,10900,26.49,D
sz000400,许继电气,2025-09-30 14:48:12,26.49,13500,26.48,U
sz000400,许继电气,2025-09-30 14:48:21,26.49,7800,26.49,U
sz000400,许继电气,2025-09-30 14:48:24,26.49,9500,26.49,U
sz000400,许继电气,2025-09-30 14:48:27,26.48,22500,26.49,D
sz000400,许继电气,2025-09-30 14:48:30,26.49,24500,26.48,U
sz000400,许继电气,2025-09-30 14:48:39,26.48,25100,26.48,D
sz000400,许继电气,2025-09-30 14:48:45,26.48,14600,26.48,D
sz000400,许继电气,2025-09-30 14:48:48,26.48,10900,26.48,D
sz000400,许继电气,2025-09-30 14:48:51,26.49,12300,26.48,U
sz000400,许继电气,2025-09-30 14:48:57,26.48,27500,26.49,D
sz000400,许继电气,2025-09-30 14:49:03,26.49,10300,26.49,U
sz000400,许继电气,2025-09-30 14:49:06,26.49,16100,26.49,U
sz000400,许继电气,2025-09-30 14:49:09,26.48,39300,26.49,D
sz000400,许继电气,2025-09-30 14:49:21,26.48,26500,26.49,D
sz000400,许继电气,2025-09-30 14:49:24,26.49,15709,26.48,U
sz000400,许继电气,2025-09-30 14:49:33,26.49,21409,26.49,U
sz000400,许继电气,2025-09-30 14:49:48,26.49,15500,26.49,D
sz000400,许继电气,2025-09-30 14:49:51,26.49,18500,26.49,D
sz000400,许继电气,2025-09-30 14:49:57,26.49,15500,26.49,D
sz000400,许继电气,2025-09-30 14:50:00,26.49,11700,26.49,D
sz000400,许继电气,2025-09-30 14:50:03,26.5,81400,26.49,U
sz000400,许继电气,2025-09-30 14:50:06,26.49,22900,26.5,D
sz000400,许继电气,2025-09-30 14:50:12,26.49,20900,26.5,D
sz000400,许继电气,2025-09-30 14:50:18,26.48,28091,26.5,D
sz000400,许继电气,2025-09-30 14:50:21,26.49,17400,26.48,U
sz000400,许继电气,2025-09-30 14:50:24,26.49,28900,26.49,U
sz000400,许继电气,2025-09-30 14:50:30,26.49,37300,26.49,U
sz000400,许继电气,2025-09-30 14:50:33,26.49,22800,26.49,U
sz000400,许继电气,2025-09-30 14:50:36,26.48,12300,26.49,D
sz000400,许继电气,2025-09-30 14:50:42,26.49,20900,26.49,U
sz000400,许继电气,2025-09-30 14:50:45,26.49,12100,26.49,U
sz000400,许继电气,2025-09-30 14:50:48,26.49,15000,26.49,U
sz000400,许继电气,2025-09-30 14:50:51,26.49,22600,26.49,U
sz000400,许继电气,2025-09-30 14:50:54,26.48,28200,26.49,D
sz000400,许继电气,2025-09-30 14:50:57,26.49,16109,26.48,U
sz000400,许继电气,2025-09-30 14:51:03,26.5,14200,26.49,U
sz000400,许继电气,2025-09-30 14:51:06,26.49,12300,26.5,D
sz000400,许继电气,2025-09-30 14:51:15,26.5,49600,26.49,U
sz000400,许继电气,2025-09-30 14:51:18,26.49,34600,26.5,D
sz000400,许继电气,2025-09-30 14:51:21,26.5,8400,26.49,U
sz000400,许继电气,2025-09-30 14:51:27,26.49,42800,26.49,D
sz000400,许继电气,2025-09-30 14:51:39,26.49,24600,26.49,D
sz000400,许继电气,2025-09-30 14:51:42,26.5,11900,26.49,U
sz000400,许继电气,2025-09-30 14:51:48,26.49,14700,26.5,D
sz000400,许继电气,2025-09-30 14:51:51,26.5,10700,26.49,U
sz000400,许继电气,2025-09-30 14:51:57,26.5,151600,26.5,U
sz000400,许继电气,2025-09-30 14:52:00,26.5,49300,26.5,U
sz000400,许继电气,2025-09-30 14:52:03,26.5,8200,26.5,U
sz000400,许继电气,2025-09-30 14:52:06,26.49,67000,26.5,D
sz000400,许继电气,2025-09-30 14:52:09,26.49,13500,26.49,D
sz000400,许继电气,2025-09-30 14:52:12,26.49,30300,26.49,D
sz000400,许继电气,2025-09-30 14:52:15,26.5,9800,26.49,U
sz000400,许继电气,2025-09-30 14:52:21,26.5,9100,26.5,U
sz000400,许继电气,2025-09-30 14:52:24,26.49,11800,26.5,D
sz000400,许继电气,2025-09-30 14:52:27,26.5,30500,26.49,U
sz000400,许继电气,2025-09-30 14:52:30,26.49,44300,26.5,D
sz000400,许继电气,2025-09-30 14:52:33,26.49,21800,26.49,D
sz000400,许继电气,2025-09-30 14:52:36,26.49,11700,26.49,D
sz000400,许继电气,2025-09-30 14:52:39,26.49,16291,26.49,D
sz000400,许继电气,2025-09-30 14:52:45,26.5,12309,26.49,U
sz000400,许继电气,2025-09-30 14:52:51,26.49,35000,26.49,D
sz000400,许继电气,2025-09-30 14:52:54,26.5,29100,26.49,U
sz000400,许继电气,2025-09-30 14:53:03,26.5,20400,26.49,U
sz000400,许继电气,2025-09-30 14:53:06,26.49,8200,26.5,D
sz000400,许继电气,2025-09-30 14:53:09,26.5,7600,26.49,U
sz000400,许继电气,2025-09-30 14:53:12,26.5,13500,26.5,U
sz000400,许继电气,2025-09-30 14:53:18,26.5,11900,26.49,U
sz000400,许继电气,2025-09-30 14:53:33,26.49,13400,26.5,D
sz000400,许继电气,2025-09-30 14:53:36,26.49,37900,26.49,D
sz000400,许继电气,2025-09-30 14:53:42,26.5,8300,26.5,U
sz000400,许继电气,2025-09-30 14:53:45,26.5,42500,26.5,U
sz000400,许继电气,2025-09-30 14:53:48,26.5,35000,26.5,U
sz000400,许继电气,2025-09-30 14:53:51,26.49,14500,26.5,D
sz000400,许继电气,2025-09-30 14:53:54,26.49,27600,26.49,D
sz000400,许继电气,2025-09-30 14:53:57,26.5,23000,26.49,U
sz000400,许继电气,2025-09-30 14:54:03,26.5,16600,26.5,U
sz000400,许继电气,2025-09-30 14:54:06,26.5,15000,26.5,U
sz000400,许继电气,2025-09-30 14:54:12,26.5,12202,26.5,U
sz000400,许继电气,2025-09-30 14:54:15,26.5,10600,26.5,U
sz000400,许继电气,2025-09-30 14:54:18,26.5,22700,26.5,U
sz000400,许继电气,2025-09-30 14:54:21,26.5,25900,26.5,U
sz000400,许继电气,2025-09-30 14:54:24,26.5,24100,26.5,U
sz000400,许继电气,2025-09-30 14:54:30,26.51,14000,26.51,U
sz000400,许继电气,2025-09-30 14:54:33,26.51,11700,26.51,U
sz000400,许继电气,2025-09-30 14:54:36,26.51,9100,26.51,U
sz000400,许继电气,2025-09-30 14:54:39,26.5,15300,26.51,D
sz000400,许继电气,2025-09-30 14:54:42,26.5,13100,26.5,D
sz000400,许继电气,2025-09-30 14:54:45,26.5,19000,26.5,D
sz000400,许继电气,2025-09-30 14:54:51,26.5,9000,26.51,D
sz000400,许继电气,2025-09-30 14:54:54,26.51,9500,26.5,U
sz000400,许继电气,2025-09-30 14:54:57,26.5,11600,26.51,D
sz000400,许继电气,2025-09-30 14:55:00,26.51,10200,26.5,U
sz000400,许继电气,2025-09-30 14:55:03,26.5,42700,26.51,D
sz000400,许继电气,2025-09-30 14:55:06,26.51,26400,26.5,U
sz000400,许继电气,2025-09-30 14:55:09,26.51,16700,26.51,U
sz000400,许继电气,2025-09-30 14:55:12,26.51,30200,26.51,U
sz000400,许继电气,2025-09-30 14:55:15,26.5,21700,26.51,D
sz000400,许继电气,2025-09-30 14:55:18,26.51,13400,26.5,U
sz000400,许继电气,2025-09-30 14:55:21,26.51,38300,26.51,U
sz000400,许继电气,2025-09-30 14:55:24,26.51,19900,26.51,U
sz000400,许继电气,2025-09-30 14:55:27,26.5,27900,26.51,D
sz000400,许继电气,2025-09-30 14:55:30,26.5,25300,26.5,D
sz000400,许继电气,2025-09-30 14:55:33,26.51,22100,26.5,U
sz000400,许继电气,2025-09-30 14:55:36,26.51,11500,26.51,U
sz000400,许继电气,2025-09-30 14:55:39,26.51,35900,26.51,U
sz000400,许继电气,2025-09-30 14:55:42,26.51,14600,26.51,U
sz000400,许继电气,2025-09-30 14:55:45,26.51,24300,26.51,U
sz000400,许继电气,2025-09-30 14:55:51,26.51,21500,26.51,D
sz000400,许继电气,2025-09-30 14:55:54,26.51,10300,26.51,D
sz000400,许继电气,2025-09-30 14:55:57,26.51,18200,26.51,U
sz000400,许继电气,2025-09-30 14:56:00,26.51,26900,26.51,U
sz000400,许继电气,2025-09-30 14:56:03,26.51,85670,26.51,U
