symbol,name,ticktime,price,volume,prev_price,kind
sz000400,许继电气,2025-09-18 09:25:00,24.09,222300,0.0,U
sz000400,许继电气,2025-09-18 09:30:00,24.0,50400,24.09,D
sz000400,许继电气,2025-09-18 09:30:03,24.03,187200,24.0,E
sz000400,许继电气,2025-09-18 09:30:06,24.02,145500,24.03,D
sz000400,许继电气,2025-09-18 09:30:09,24.01,30800,24.02,D
sz000400,许继电气,2025-09-18 09:30:12,24.0,42100,24.01,D
sz000400,许继电气,2025-09-18 09:30:15,23.99,12200,24.0,D
sz000400,许继电气,2025-09-18 09:30:18,23.99,8800,23.99,D
sz000400,许继电气,2025-09-18 09:30:21,23.99,13800,23.99,D
sz000400,许继电气,2025-09-18 09:30:27,23.96,11100,23.96,D
sz000400,许继电气,2025-09-18 09:30:30,23.96,70700,23.96,D
sz000400,许继电气,2025-09-18 09:30:33,23.94,18300,23.96,D
sz000400,许继电气,2025-09-18 09:30:36,23.94,11500,23.94,D
sz000400,许继电气,2025-09-18 09:30:39,23.92,9500,23.94,D
sz000400,许继电气,2025-09-18 09:30:42,23.92,14400,23.92,D
sz000400,许继电气,2025-09-18 09:30:48,23.91,18300,23.92,D
sz000400,许继电气,2025-09-18 09:30:51,23.9,15800,23.91,D
sz000400,许继电气,2025-09-18 09:30:54,23.88,62000,23.9,D
sz000400,许继电气,2025-09-18 09:31:00,23.9,26900,23.88,U
sz000400,许继电气,2025-09-18 09:31:03,23.91,34100,23.9,U
sz000400,许继电气,2025-09-18 09:31:06,23.88,40800,23.91,D
sz000400,许继电气,2025-09-18 09:31:09,23.89,26400,23.88,E
sz000400,许继电气,2025-09-18 09:31:12,23.88,43400,23.89,D
sz000400,许继电气,2025-09-18 09:31:15,23.9,21800,23.88,U
sz000400,许继电气,2025-09-18 09:31:18,23.91,22900,23.9,U
sz000400,许继电气,2025-09-18 09:31:21,23.9,36400,23.91,E
sz000400,许继电气,2025-09-18 09:31:24,23.91,16600,23.9,U
sz000400,许继电气,2025-09-18 09:31:27,23.9,46700,23.91,D
sz000400,许继电气,2025-09-18 09:31:30,23.9,16100,23.9,U
sz000400,许继电气,2025-09-18 09:31:33,23.88,34000,23.9,D
sz000400,许继电气,2025-09-18 09:31:36,23.88,10400,23.88,U
sz000400,许继电气,2025-09-18 09:31:39,23.88,37800,23.88,D
sz000400,许继电气,2025-09-18 09:31:42,23.88,20900,23.88,U
sz000400,许继电气,2025-09-18 09:31:45,23.86,26400,23.88,D
sz000400,许继电气,2025-09-18 09:31:48,23.85,15400,23.86,D
sz000400,许继电气,2025-09-18 09:31:51,23.85,12300,23.85,D
sz000400,许继电气,2025-09-18 09:31:54,23.85,12300,23.85,D
sz000400,许继电气,2025-09-18 09:31:57,23.85,10200,23.85,U
sz000400,许继电气,2025-09-18 09:32:00,23.83,10300,23.85,D
sz000400,许继电气,2025-09-18 09:32:03,23.84,14800,23.83,D
sz000400,许继电气,2025-09-18 09:32:06,23.83,31800,23.84,D
sz000400,许继电气,2025-09-18 09:32:09,23.83,29100,23.83,D
sz000400,许继电气,2025-09-18 09:32:12,23.83,42200,23.83,D
sz000400,许继电气,2025-09-18 09:32:15,23.82,47500,23.83,D
sz000400,许继电气,2025-09-18 09:32:18,23.83,8500,23.82,D
sz000400,许继电气,2025-09-18 09:32:21,23.84,84100,23.83,E
sz000400,许继电气,2025-09-18 09:32:33,23.87,44600,23.85,U
sz000400,许继电气,2025-09-18 09:32:36,23.85,16200,23.87,D
sz000400,许继电气,2025-09-18 09:32:39,23.87,9300,23.85,U
sz000400,许继电气,2025-09-18 09:32:42,23.87,17400,23.87,U
sz000400,许继电气,2025-09-18 09:32:45,23.85,10000,23.87,D
sz000400,许继电气,2025-09-18 09:32:48,23.83,153400,23.85,D
sz000400,许继电气,2025-09-18 09:32:51,23.82,10800,23.83,D
sz000400,许继电气,2025-09-18 09:32:54,23.83,26100,23.82,U
sz000400,许继电气,2025-09-18 09:32:57,23.83,9100,23.83,U
sz000400,许继电气,2025-09-18 09:33:00,23.83,47000,23.83,D
sz000400,许继电气,2025-09-18 09:33:06,23.83,48100,23.84,D
sz000400,许继电气,2025-09-18 09:33:12,23.83,22300,23.83,D
sz000400,许继电气,2025-09-18 09:33:15,23.82,30800,23.83,D
sz000400,许继电气,2025-09-18 09:33:18,23.82,26900,23.82,U
sz000400,许继电气,2025-09-18 09:33:21,23.82,10500,23.82,D
sz000400,许继电气,2025-09-18 09:33:24,23.82,19700,23.82,D
sz000400,许继电气,2025-09-18 09:33:30,23.82,13200,23.83,D
sz000400,许继电气,2025-09-18 09:33:33,23.83,19500,23.82,U
sz000400,许继电气,2025-09-18 09:33:36,23.83,12400,23.83,U
sz000400,许继电气,2025-09-18 09:33:45,23.83,27600,23.83,D
sz000400,许继电气,2025-09-18 09:33:54,23.84,69900,23.85,D
sz000400,许继电气,2025-09-18 09:33:57,23.84,14100,23.84,D
sz000400,许继电气,2025-09-18 09:34:00,23.84,16000,23.84,U
sz000400,许继电气,2025-09-18 09:34:03,23.83,89500,23.84,E
sz000400,许继电气,2025-09-18 09:34:06,23.82,9200,23.83,D
sz000400,许继电气,2025-09-18 09:34:09,23.83,35600,23.82,U
sz000400,许继电气,2025-09-18 09:34:15,23.81,134000,23.82,D
sz000400,许继电气,2025-09-18 09:34:18,23.83,35100,23.81,U
sz000400,许继电气,2025-09-18 09:34:21,23.84,56100,23.83,U
sz000400,许继电气,2025-09-18 09:34:24,23.83,22800,23.84,D
sz000400,许继电气,2025-09-18 09:34:27,23.85,20600,23.83,U
sz000400,许继电气,2025-09-18 09:34:30,23.83,9200,23.85,E
sz000400,许继电气,2025-09-18 09:34:36,23.83,16800,23.83,D
sz000400,许继电气,2025-09-18 09:34:42,23.83,49000,23.84,D
sz000400,许继电气,2025-09-18 09:34:45,23.83,31800,23.83,U
sz000400,许继电气,2025-09-18 09:34:51,23.82,31800,23.83,D
sz000400,许继电气,2025-09-18 09:34:54,23.81,100600,23.82,D
sz000400,许继电气,2025-09-18 09:34:57,23.81,19100,23.81,D
sz000400,许继电气,2025-09-18 09:35:00,23.79,206300,23.81,D
sz000400,许继电气,2025-09-18 09:35:03,23.78,58400,23.79,D
sz000400,许继电气,2025-09-18 09:35:06,23.78,14500,23.78,D
sz000400,许继电气,2025-09-18 09:35:09,23.77,9200,23.78,D
sz000400,许继电气,2025-09-18 09:35:12,23.77,20800,23.77,D
sz000400,许继电气,2025-09-18 09:35:15,23.77,10000,23.77,D
sz000400,许继电气,2025-09-18 09:35:18,23.79,58500,23.77,U
sz000400,许继电气,2025-09-18 09:35:21,23.82,113400,23.79,U
sz000400,许继电气,2025-09-18 09:35:27,23.83,14800,23.83,D
sz000400,许继电气,2025-09-18 09:35:36,23.84,13100,23.83,U
sz000400,许继电气,2025-09-18 09:35:39,23.83,28900,23.84,D
sz000400,许继电气,2025-09-18 09:35:45,23.84,8800,23.84,U
sz000400,许继电气,2025-09-18 09:35:48,23.84,39200,23.84,D
sz000400,许继电气,2025-09-18 09:35:54,23.86,35100,23.84,U
sz000400,许继电气,2025-09-18 09:36:00,23.86,23600,23.85,U
sz000400,许继电气,2025-09-18 09:36:06,23.88,28000,23.86,U
sz000400,许继电气,2025-09-18 09:36:09,23.88,36200,23.88,U
sz000400,许继电气,2025-09-18 09:36:12,23.9,25800,23.88,U
sz000400,许继电气,2025-09-18 09:36:15,23.82,30200,23.9,D
sz000400,许继电气,2025-09-18 09:36:24,23.86,88900,23.89,D
sz000400,许继电气,2025-09-18 09:36:33,23.87,9600,23.88,E
sz000400,许继电气,2025-09-18 09:36:36,23.89,13300,23.87,U
sz000400,许继电气,2025-09-18 09:36:39,23.87,17100,23.89,D
sz000400,许继电气,2025-09-18 09:36:45,23.88,9100,23.87,U
sz000400,许继电气,2025-09-18 09:36:48,23.87,16800,23.88,D
sz000400,许继电气,2025-09-18 09:36:51,23.87,28300,23.87,E
sz000400,许继电气,2025-09-18 09:36:54,23.86,33700,23.87,D
sz000400,许继电气,2025-09-18 09:37:06,23.85,116100,23.87,D
sz000400,许继电气,2025-09-18 09:37:09,23.87,8900,23.85,U
sz000400,许继电气,2025-09-18 09:37:12,23.86,20600,23.87,U
sz000400,许继电气,2025-09-18 09:37:18,23.85,13400,23.84,U
sz000400,许继电气,2025-09-18 09:37:24,23.84,17000,23.84,D
sz000400,许继电气,2025-09-18 09:37:27,23.86,20900,23.84,U
sz000400,许继电气,2025-09-18 09:37:30,23.85,74000,23.86,D
sz000400,许继电气,2025-09-18 09:37:36,23.86,18500,23.85,U
sz000400,许继电气,2025-09-18 09:37:42,23.88,37100,23.87,U
sz000400,许继电气,2025-09-18 09:37:48,23.87,8500,23.88,E
sz000400,许继电气,2025-09-18 09:37:54,23.89,42800,23.87,U
sz000400,许继电气,2025-09-18 09:38:03,23.9,16000,23.88,U
sz000400,许继电气,2025-09-18 09:38:06,23.91,59600,23.9,U
sz000400,许继电气,2025-09-18 09:38:12,23.9,18000,23.91,D
sz000400,许继电气,2025-09-18 09:38:21,23.93,10200,23.93,D
sz000400,许继电气,2025-09-18 09:38:24,23.95,14200,23.93,U
sz000400,许继电气,2025-09-18 09:38:27,23.96,12800,23.95,U
sz000400,许继电气,2025-09-18 09:38:30,23.96,13900,23.96,U
sz000400,许继电气,2025-09-18 09:38:36,23.96,12400,23.96,D
sz000400,许继电气,2025-09-18 09:38:39,23.99,53800,23.96,U
sz000400,许继电气,2025-09-18 09:38:42,23.98,28100,23.99,E
sz000400,许继电气,2025-09-18 09:38:45,24.0,18500,23.98,U
sz000400,许继电气,2025-09-18 09:38:48,24.01,34800,24.0,U
sz000400,许继电气,2025-09-18 09:38:51,24.03,25900,24.01,U
sz000400,许继电气,2025-09-18 09:38:54,24.06,13800,24.03,U
sz000400,许继电气,2025-09-18 09:39:00,24.06,17400,24.04,U
sz000400,许继电气,2025-09-18 09:39:06,24.08,84300,24.05,U
sz000400,许继电气,2025-09-18 09:39:09,24.09,68100,24.08,U
sz000400,许继电气,2025-09-18 09:39:12,24.09,11100,24.09,D
sz000400,许继电气,2025-09-18 09:39:15,24.09,16500,24.09,E
sz000400,许继电气,2025-09-18 09:39:18,24.1,34100,24.09,U
sz000400,许继电气,2025-09-18 09:39:24,24.09,18900,24.09,U
sz000400,许继电气,2025-09-18 09:39:27,24.06,30900,24.09,D
sz000400,许继电气,2025-09-18 09:39:30,24.06,22700,24.06,U
sz000400,许继电气,2025-09-18 09:39:39,24.01,9200,24.03,D
sz000400,许继电气,2025-09-18 09:39:42,24.03,47100,24.01,U
sz000400,许继电气,2025-09-18 09:39:45,24.02,29700,24.03,E
sz000400,许继电气,2025-09-18 09:39:48,24.02,30600,24.02,D
sz000400,许继电气,2025-09-18 09:39:54,24.03,16200,24.03,D
sz000400,许继电气,2025-09-18 09:39:57,24.03,32200,24.03,D
sz000400,许继电气,2025-09-18 09:40:00,24.0,19400,24.03,D
sz000400,许继电气,2025-09-18 09:40:03,23.99,59900,24.0,D
sz000400,许继电气,2025-09-18 09:40:06,24.03,49800,23.99,U
sz000400,许继电气,2025-09-18 09:40:12,23.99,8500,23.98,U
sz000400,许继电气,2025-09-18 09:40:18,23.99,26600,23.97,U
sz000400,许继电气,2025-09-18 09:40:30,24.01,20500,23.99,U
sz000400,许继电气,2025-09-18 09:40:36,24.01,16900,23.99,U
sz000400,许继电气,2025-09-18 09:40:42,24.05,70900,23.99,U
sz000400,许继电气,2025-09-18 09:40:48,24.05,10200,24.03,E
sz000400,许继电气,2025-09-18 09:40:51,24.06,13600,24.05,U
sz000400,许继电气,2025-09-18 09:40:57,24.06,17700,24.06,D
sz000400,许继电气,2025-09-18 09:41:06,24.05,26700,24.07,D
sz000400,许继电气,2025-09-18 09:41:15,24.03,10500,24.03,D
sz000400,许继电气,2025-09-18 09:41:30,24.04,20900,24.03,U
sz000400,许继电气,2025-09-18 09:41:36,24.03,12500,24.03,D
sz000400,许继电气,2025-09-18 09:41:39,24.04,14100,24.03,E
sz000400,许继电气,2025-09-18 09:41:51,24.02,14000,24.02,D
sz000400,许继电气,2025-09-18 09:41:54,24.02,12200,24.02,U
sz000400,许继电气,2025-09-18 09:42:00,24.02,17100,24.02,D
sz000400,许继电气,2025-09-18 09:42:03,24.02,38700,24.02,E
sz000400,许继电气,2025-09-18 09:42:12,24.03,10100,24.05,D
sz000400,许继电气,2025-09-18 09:42:15,24.03,13900,24.03,U
sz000400,许继电气,2025-09-18 09:42:18,24.04,24400,24.03,U
sz000400,许继电气,2025-09-18 09:42:21,24.04,33800,24.04,U
sz000400,许继电气,2025-09-18 09:42:33,24.04,11800,24.04,U
sz000400,许继电气,2025-09-18 09:42:36,24.05,16800,24.04,U
sz000400,许继电气,2025-09-18 09:42:39,24.05,22500,24.05,U
sz000400,许继电气,2025-09-18 09:42:45,24.04,52200,24.05,D
sz000400,许继电气,2025-09-18 09:43:00,24.02,22300,24.03,D
sz000400,许继电气,2025-09-18 09:43:03,24.02,31300,24.02,U
sz000400,许继电气,2025-09-18 09:43:24,24.0,14900,24.01,D
sz000400,许继电气,2025-09-18 09:43:27,24.0,46800,24.0,D
sz000400,许继电气,2025-09-18 09:43:33,23.99,9600,24.0,D
sz000400,许继电气,2025-09-18 09:43:39,24.01,83600,24.0,U
sz000400,许继电气,2025-09-18 09:43:42,24.05,81300,24.01,U
sz000400,许继电气,2025-09-18 09:43:45,24.07,8800,24.05,U
sz000400,许继电气,2025-09-18 09:44:09,24.02,28895,24.02,U
sz000400,许继电气,2025-09-18 09:44:30,24.02,33105,24.02,D
sz000400,许继电气,2025-09-18 09:44:33,24.0,18100,24.02,D
sz000400,许继电气,2025-09-18 09:44:42,23.97,23100,24.0,D
sz000400,许继电气,2025-09-18 09:44:45,23.97,19600,23.97,U
sz000400,许继电气,2025-09-18 09:44:51,23.99,15900,23.96,U
sz000400,许继电气,2025-09-18 09:45:00,23.98,9600,23.97,U
sz000400,许继电气,2025-09-18 09:45:03,23.98,116400,23.98,E
sz000400,许继电气,2025-09-18 09:45:15,23.96,18100,23.96,D
sz000400,许继电气,2025-09-18 09:45:24,23.97,16400,23.96,E
sz000400,许继电气,2025-09-18 09:45:33,23.98,13500,23.97,U
sz000400,许继电气,2025-09-18 09:46:03,23.97,13700,23.98,D
sz000400,许继电气,2025-09-18 09:46:06,23.98,15000,23.97,U
sz000400,许继电气,2025-09-18 09:46:09,23.98,11100,23.98,U
sz000400,许继电气,2025-09-18 09:46:21,23.97,46300,23.97,D
sz000400,许继电气,2025-09-18 09:46:24,23.97,36258,23.97,D
sz000400,许继电气,2025-09-18 09:46:27,23.98,13700,23.97,D
sz000400,许继电气,2025-09-18 09:46:33,23.97,15300,24.0,D
sz000400,许继电气,2025-09-18 09:46:45,23.99,12300,23.99,U
sz000400,许继电气,2025-09-18 09:46:48,24.0,61600,23.99,U
sz000400,许继电气,2025-09-18 09:47:15,24.02,12805,24.02,D
sz000400,许继电气,2025-09-18 09:47:18,24.0,26400,24.02,D
sz000400,许继电气,2025-09-18 09:47:21,23.99,123200,24.0,D
sz000400,许继电气,2025-09-18 09:47:24,23.97,63000,23.99,D
sz000400,许继电气,2025-09-18 09:47:36,23.95,23700,23.96,D
sz000400,许继电气,2025-09-18 09:47:45,23.94,11600,23.95,D
sz000400,许继电气,2025-09-18 09:47:48,23.94,60500,23.94,U
sz000400,许继电气,2025-09-18 09:47:51,23.94,31200,23.94,D
sz000400,许继电气,2025-09-18 09:48:03,23.94,21600,23.94,D
sz000400,许继电气,2025-09-18 09:48:09,23.93,22800,23.94,D
sz000400,许继电气,2025-09-18 09:48:18,23.97,10100,23.94,U
sz000400,许继电气,2025-09-18 09:48:21,23.98,33200,23.97,U
sz000400,许继电气,2025-09-18 09:48:24,24.01,33600,23.98,U
sz000400,许继电气,2025-09-18 09:48:27,23.99,17100,24.01,D
sz000400,许继电气,2025-09-18 09:48:30,24.02,8900,23.99,U
sz000400,许继电气,2025-09-18 09:48:36,24.02,11700,24.01,U
sz000400,许继电气,2025-09-18 09:48:51,24.02,10500,24.02,U
sz000400,许继电气,2025-09-18 09:49:00,24.02,37900,24.02,U
sz000400,许继电气,2025-09-18 09:49:03,24.02,21000,24.02,D
sz000400,许继电气,2025-09-18 09:49:09,24.03,15200,24.02,U
sz000400,许继电气,2025-09-18 09:49:18,24.05,59700,24.03,U
sz000400,许继电气,2025-09-18 09:49:21,24.06,22900,24.05,U
sz000400,许继电气,2025-09-18 09:49:30,24.05,11900,24.05,U
sz000400,许继电气,2025-09-18 09:49:45,24.06,13500,24.05,U
sz000400,许继电气,2025-09-18 09:49:54,24.05,11400,24.05,E
sz000400,许继电气,2025-09-18 09:50:27,24.03,12800,24.04,D
sz000400,许继电气,2025-09-18 09:50:33,24.02,9400,24.04,D
sz000400,许继电气,2025-09-18 09:50:39,24.01,136800,24.03,D
sz000400,许继电气,2025-09-18 09:50:42,24.01,20600,24.01,D
sz000400,许继电气,2025-09-18 09:51:12,24.02,10100,24.03,D
sz000400,许继电气,2025-09-18 09:51:15,24.04,39500,24.02,U
sz000400,许继电气,2025-09-18 09:51:18,24.03,19500,24.04,D
sz000400,许继电气,2025-09-18 09:51:36,24.07,20000,24.05,U
sz000400,许继电气,2025-09-18 09:51:48,24.08,17400,24.06,U
sz000400,许继电气,2025-09-18 09:52:00,24.07,36400,24.08,D
sz000400,许继电气,2025-09-18 09:52:09,24.08,15600,24.09,E
sz000400,许继电气,2025-09-18 09:52:15,24.08,17600,24.07,U
sz000400,许继电气,2025-09-18 09:52:33,24.07,12100,24.06,U
sz000400,许继电气,2025-09-18 09:52:36,24.07,9900,24.07,U
sz000400,许继电气,2025-09-18 09:52:42,24.07,12100,24.07,D
sz000400,许继电气,2025-09-18 09:52:48,24.08,10000,24.07,U
sz000400,许继电气,2025-09-18 09:52:51,24.08,9400,24.08,U
sz000400,许继电气,2025-09-18 09:52:54,24.08,9700,24.08,D
sz000400,许继电气,2025-09-18 09:53:03,24.06,49800,24.08,D
sz000400,许继电气,2025-09-18 09:53:06,24.04,29600,24.06,D
sz000400,许继电气,2025-09-18 09:53:39,24.04,36400,24.05,D
sz000400,许继电气,2025-09-18 09:53:45,24.02,14300,24.03,D
sz000400,许继电气,2025-09-18 09:53:51,24.03,20700,24.02,U
sz000400,许继电气,2025-09-18 09:53:57,24.02,9100,24.02,D
sz000400,许继电气,2025-09-18 09:54:18,24.02,9600,24.02,U
sz000400,许继电气,2025-09-18 09:54:42,23.99,140900,24.02,D
sz000400,许继电气,2025-09-18 09:55:03,23.98,26500,23.97,U
sz000400,许继电气,2025-09-18 09:55:09,23.96,18700,23.97,D
sz000400,许继电气,2025-09-18 09:55:15,23.95,9900,23.96,D
sz000400,许继电气,2025-09-18 09:55:30,23.96,19100,23.96,U
sz000400,许继电气,2025-09-18 09:55:33,23.95,8500,23.96,D
sz000400,许继电气,2025-09-18 09:55:42,23.95,8700,23.96,D
sz000400,许继电气,2025-09-18 09:56:06,23.97,14000,23.96,U
sz000400,许继电气,2025-09-18 09:56:21,23.98,13800,23.98,D
sz000400,许继电气,2025-09-18 09:56:30,23.99,10000,23.99,D
sz000400,许继电气,2025-09-18 09:57:00,24.0,27000,24.0,U
sz000400,许继电气,2025-09-18 09:57:54,23.99,11600,23.98,U
sz000400,许继电气,2025-09-18 09:58:42,24.0,17100,24.0,U
sz000400,许继电气,2025-09-18 09:58:45,24.0,22100,24.0,U
sz000400,许继电气,2025-09-18 09:58:48,23.99,28400,24.0,D
sz000400,许继电气,2025-09-18 09:58:51,24.0,10600,23.99,U
sz000400,许继电气,2025-09-18 09:58:54,24.0,90800,24.0,U
sz000400,许继电气,2025-09-18 09:59:00,24.0,53000,24.0,D
sz000400,许继电气,2025-09-18 09:59:21,24.02,11900,24.02,D
sz000400,许继电气,2025-09-18 09:59:36,24.03,11000,24.04,D
sz000400,许继电气,2025-09-18 09:59:45,24.04,18100,24.03,U
sz000400,许继电气,2025-09-18 10:00:03,24.03,41100,24.03,D
sz000400,许继电气,2025-09-18 10:00:09,24.03,58300,24.04,D
sz000400,许继电气,2025-09-18 10:00:18,24.08,54400,24.04,U
sz000400,许继电气,2025-09-18 10:00:27,24.1,79100,24.09,U
sz000400,许继电气,2025-09-18 10:00:30,24.13,266150,24.1,U
sz000400,许继电气,2025-09-18 10:00:33,24.12,10000,24.13,D
sz000400,许继电气,2025-09-18 10:00:42,24.14,15600,24.14,U
sz000400,许继电气,2025-09-18 10:00:45,24.14,30500,24.14,U
sz000400,许继电气,2025-09-18 10:00:48,24.14,11900,24.14,D
sz000400,许继电气,2025-09-18 10:00:54,24.12,22200,24.14,D
sz000400,许继电气,2025-09-18 10:01:00,24.11,35800,24.14,D
sz000400,许继电气,2025-09-18 10:01:06,24.1,14000,24.11,D
sz000400,许继电气,2025-09-18 10:01:09,24.1,11600,24.1,D
sz000400,许继电气,2025-09-18 10:01:12,24.11,9700,24.1,U
sz000400,许继电气,2025-09-18 10:01:21,24.12,38300,24.11,U
sz000400,许继电气,2025-09-18 10:01:33,24.12,11900,24.13,D
sz000400,许继电气,2025-09-18 10:01:42,24.13,24400,24.13,D
sz000400,许继电气,2025-09-18 10:01:51,24.13,49700,24.13,D
sz000400,许继电气,2025-09-18 10:01:54,24.1,65200,24.13,D
sz000400,许继电气,2025-09-18 10:02:06,24.11,9800,24.1,U
sz000400,许继电气,2025-09-18 10:02:12,24.11,9100,24.11,D
sz000400,许继电气,2025-09-18 10:02:15,24.11,8600,24.11,U
sz000400,许继电气,2025-09-18 10:02:18,24.11,14500,24.11,U
sz000400,许继电气,2025-09-18 10:02:24,24.12,9800,24.11,U
sz000400,许继电气,2025-09-18 10:02:27,24.12,25100,24.12,U
sz000400,许继电气,2025-09-18 10:02:30,24.11,11000,24.12,D
sz000400,许继电气,2025-09-18 10:02:33,24.12,31400,24.11,U
sz000400,许继电气,2025-09-18 10:02:36,24.11,28200,24.12,D
sz000400,许继电气,2025-09-18 10:02:39,24.12,15800,24.11,U
sz000400,许继电气,2025-09-18 10:02:42,24.12,21700,24.12,U
sz000400,许继电气,2025-09-18 10:02:45,24.12,19500,24.12,U
sz000400,许继电气,2025-09-18 10:02:51,24.12,10800,24.11,U
sz000400,许继电气,2025-09-18 10:03:03,24.11,54100,24.12,D
sz000400,许继电气,2025-09-18 10:03:06,24.12,11600,24.11,U
sz000400,许继电气,2025-09-18 10:03:12,24.09,12600,24.11,D
sz000400,许继电气,2025-09-18 10:03:18,24.09,14700,24.11,D
sz000400,许继电气,2025-09-18 10:03:27,24.09,9200,24.09,D
sz000400,许继电气,2025-09-18 10:04:03,24.08,14000,24.09,D
sz000400,许继电气,2025-09-18 10:04:09,24.08,11100,24.08,D
sz000400,许继电气,2025-09-18 10:04:15,24.09,18900,24.08,U
sz000400,许继电气,2025-09-18 10:04:21,24.08,13800,24.09,D
sz000400,许继电气,2025-09-18 10:04:27,24.1,16900,24.09,U
sz000400,许继电气,2025-09-18 10:04:33,24.1,18000,24.08,U
sz000400,许继电气,2025-09-18 10:04:48,24.12,30800,24.1,U
sz000400,许继电气,2025-09-18 10:05:00,24.1,9300,24.11,U
sz000400,许继电气,2025-09-18 10:05:12,24.1,8800,24.1,U
sz000400,许继电气,2025-09-18 10:05:15,24.07,22200,24.1,D
sz000400,许继电气,2025-09-18 10:05:18,24.06,34900,24.07,D
sz000400,许继电气,2025-09-18 10:05:30,24.09,21800,24.08,U
sz000400,许继电气,2025-09-18 10:05:33,24.07,14500,24.09,E
sz000400,许继电气,2025-09-18 10:05:42,24.06,10000,24.08,D
sz000400,许继电气,2025-09-18 10:05:45,24.06,10000,24.06,D
sz000400,许继电气,2025-09-18 10:05:48,24.08,13600,24.06,U
sz000400,许继电气,2025-09-18 10:06:33,24.07,13700,24.07,U
sz000400,许继电气,2025-09-18 10:06:36,24.07,9400,24.07,U
sz000400,许继电气,2025-09-18 10:06:45,24.08,10100,24.08,U
sz000400,许继电气,2025-09-18 10:06:51,24.08,17600,24.08,D
sz000400,许继电气,2025-09-18 10:06:54,24.1,11800,24.08,U
sz000400,许继电气,2025-09-18 10:07:18,24.1,9700,24.09,U
sz000400,许继电气,2025-09-18 10:07:39,24.1,17500,24.09,U
sz000400,许继电气,2025-09-18 10:07:45,24.1,14100,24.09,U
sz000400,许继电气,2025-09-18 10:07:48,24.11,20900,24.1,U
sz000400,许继电气,2025-09-18 10:07:51,24.11,13400,24.11,U
sz000400,许继电气,2025-09-18 10:07:54,24.11,8800,24.11,U
sz000400,许继电气,2025-09-18 10:07:57,24.11,19600,24.11,U
sz000400,许继电气,2025-09-18 10:08:00,24.11,11900,24.11,U
sz000400,许继电气,2025-09-18 10:08:03,24.14,104200,24.11,U
sz000400,许继电气,2025-09-18 10:08:09,24.14,14600,24.12,U
sz000400,许继电气,2025-09-18 10:08:15,24.14,50200,24.14,U
sz000400,许继电气,2025-09-18 10:08:18,24.14,21700,24.14,U
sz000400,许继电气,2025-09-18 10:08:24,24.11,30800,24.14,D
sz000400,许继电气,2025-09-18 10:08:27,24.14,89000,24.11,U
sz000400,许继电气,2025-09-18 10:08:30,24.12,17200,24.14,U
sz000400,许继电气,2025-09-18 10:08:33,24.1,18700,24.12,E
sz000400,许继电气,2025-09-18 10:08:36,24.1,12500,24.1,U
sz000400,许继电气,2025-09-18 10:08:42,24.09,33200,24.1,D
sz000400,许继电气,2025-09-18 10:08:45,24.08,59900,24.09,D
sz000400,许继电气,2025-09-18 10:08:48,24.09,25700,24.08,U
sz000400,许继电气,2025-09-18 10:08:57,24.08,25100,24.08,U
sz000400,许继电气,2025-09-18 10:09:06,24.11,8500,24.09,U
sz000400,许继电气,2025-09-18 10:09:21,24.1,80400,24.1,U
sz000400,许继电气,2025-09-18 10:09:24,24.1,10500,24.1,U
sz000400,许继电气,2025-09-18 10:09:33,24.09,14100,24.09,D
sz000400,许继电气,2025-09-18 10:09:39,24.08,91400,24.08,D
sz000400,许继电气,2025-09-18 10:09:51,24.07,110600,24.08,D
sz000400,许继电气,2025-09-18 10:09:54,24.08,23000,24.07,U
sz000400,许继电气,2025-09-18 10:10:18,24.05,15200,24.06,D
sz000400,许继电气,2025-09-18 10:10:21,24.05,40800,24.05,D
sz000400,许继电气,2025-09-18 10:10:42,24.03,13700,24.03,U
sz000400,许继电气,2025-09-18 10:10:51,24.03,10600,24.03,D
sz000400,许继电气,2025-09-18 10:11:12,24.05,9800,24.04,U
sz000400,许继电气,2025-09-18 10:11:27,24.05,16300,24.05,D
sz000400,许继电气,2025-09-18 10:11:30,24.06,28100,24.05,U
sz000400,许继电气,2025-09-18 10:11:42,24.06,10300,24.06,D
sz000400,许继电气,2025-09-18 10:11:45,24.06,11900,24.06,E
sz000400,许继电气,2025-09-18 10:11:57,24.05,17900,24.05,D
sz000400,许继电气,2025-09-18 10:12:03,24.06,11300,24.05,U
sz000400,许继电气,2025-09-18 10:12:24,24.05,99300,24.07,D
sz000400,许继电气,2025-09-18 10:12:51,24.07,9500,24.06,U
sz000400,许继电气,2025-09-18 10:13:09,24.09,18800,24.07,U
sz000400,许继电气,2025-09-18 10:13:15,24.07,20100,24.07,D
sz000400,许继电气,2025-09-18 10:14:03,24.08,11200,24.09,D
sz000400,许继电气,2025-09-18 10:14:06,24.09,15900,24.08,U
sz000400,许继电气,2025-09-18 10:14:21,24.1,11800,24.1,U
sz000400,许继电气,2025-09-18 10:14:27,24.1,9400,24.1,U
sz000400,许继电气,2025-09-18 10:14:33,24.1,30900,24.09,U
sz000400,许继电气,2025-09-18 10:14:42,24.1,28900,24.1,D
sz000400,许继电气,2025-09-18 10:14:45,24.1,8900,24.1,U
sz000400,许继电气,2025-09-18 10:15:03,24.1,32100,24.1,U
sz000400,许继电气,2025-09-18 10:15:36,24.09,21700,24.09,D
sz000400,许继电气,2025-09-18 10:15:42,24.09,8334,24.09,U
sz000400,许继电气,2025-09-18 10:15:51,24.1,35666,24.09,U
sz000400,许继电气,2025-09-18 10:15:54,24.1,11300,24.1,U
sz000400,许继电气,2025-09-18 10:15:57,24.09,26700,24.1,D
sz000400,许继电气,2025-09-18 10:16:15,24.09,26900,24.1,D
sz000400,许继电气,2025-09-18 10:16:33,24.1,16500,24.09,U
sz000400,许继电气,2025-09-18 10:16:45,24.1,18700,24.1,U
sz000400,许继电气,2025-09-18 10:16:48,24.1,8300,24.1,U
sz000400,许继电气,2025-09-18 10:16:51,24.09,10700,24.1,E
sz000400,许继电气,2025-09-18 10:17:06,24.1,10400,24.09,U
sz000400,许继电气,2025-09-18 10:17:09,24.1,10100,24.1,U
sz000400,许继电气,2025-09-18 10:17:18,24.08,34100,24.09,D
sz000400,许继电气,2025-09-18 10:17:24,24.1,10100,24.1,U
sz000400,许继电气,2025-09-18 10:17:33,24.09,14800,24.09,D
sz000400,许继电气,2025-09-18 10:17:36,24.1,9100,24.09,U
sz000400,许继电气,2025-09-18 10:17:42,24.1,14300,24.1,U
sz000400,许继电气,2025-09-18 10:17:51,24.1,12100,24.1,U
sz000400,许继电气,2025-09-18 10:17:54,24.09,50700,24.1,D
sz000400,许继电气,2025-09-18 10:18:06,24.09,44100,24.09,D
sz000400,许继电气,2025-09-18 10:18:27,24.09,20000,24.08,U
sz000400,许继电气,2025-09-18 10:18:30,24.09,11200,24.09,U
sz000400,许继电气,2025-09-18 10:18:33,24.09,10300,24.09,U
sz000400,许继电气,2025-09-18 10:18:39,24.08,17000,24.1,D
sz000400,许继电气,2025-09-18 10:18:57,24.1,46700,24.09,U
sz000400,许继电气,2025-09-18 10:19:15,24.08,45500,24.09,D
sz000400,许继电气,2025-09-18 10:19:21,24.05,96000,24.07,D
sz000400,许继电气,2025-09-18 10:19:33,24.05,13200,24.06,D
sz000400,许继电气,2025-09-18 10:19:36,24.05,9900,24.05,D
sz000400,许继电气,2025-09-18 10:19:45,24.05,43200,24.06,D
sz000400,许继电气,2025-09-18 10:20:54,24.06,26600,24.06,U
sz000400,许继电气,2025-09-18 10:21:18,24.05,9500,24.06,D
sz000400,许继电气,2025-09-18 10:21:24,24.05,21100,24.05,U
sz000400,许继电气,2025-09-18 10:21:27,24.04,14800,24.05,D
sz000400,许继电气,2025-09-18 10:21:39,24.05,9800,24.05,D
sz000400,许继电气,2025-09-18 10:22:00,24.05,34900,24.05,U
sz000400,许继电气,2025-09-18 10:22:03,24.05,13200,24.05,U
sz000400,许继电气,2025-09-18 10:22:06,24.05,34000,24.05,E
sz000400,许继电气,2025-09-18 10:22:36,24.05,12200,24.05,U
sz000400,许继电气,2025-09-18 10:23:24,24.04,18100,24.05,D
sz000400,许继电气,2025-09-18 10:23:33,24.03,9000,24.04,D
sz000400,许继电气,2025-09-18 10:24:03,24.03,30400,24.02,U
sz000400,许继电气,2025-09-18 10:24:36,24.04,19300,24.03,U
sz000400,许继电气,2025-09-18 10:24:57,24.04,17700,24.04,U
sz000400,许继电气,2025-09-18 10:25:00,24.03,12500,24.04,D
sz000400,许继电气,2025-09-18 10:25:12,24.04,13400,24.03,U
sz000400,许继电气,2025-09-18 10:25:45,24.04,9200,24.05,D
sz000400,许继电气,2025-09-18 10:26:12,24.04,16400,24.05,D
sz000400,许继电气,2025-09-18 10:26:33,24.04,13800,24.04,U
sz000400,许继电气,2025-09-18 10:26:54,24.03,11400,24.02,U
sz000400,许继电气,2025-09-18 10:27:03,24.03,24500,24.03,U
sz000400,许继电气,2025-09-18 10:27:15,24.01,58400,24.02,D
sz000400,许继电气,2025-09-18 10:27:24,24.0,133500,24.0,D
sz000400,许继电气,2025-09-18 10:27:30,23.99,12400,24.0,D
sz000400,许继电气,2025-09-18 10:27:33,24.0,19700,23.99,E
sz000400,许继电气,2025-09-18 10:27:57,23.99,64200,24.0,D
sz000400,许继电气,2025-09-18 10:28:09,24.0,24000,23.99,U
sz000400,许继电气,2025-09-18 10:28:42,24.0,11100,23.99,U
sz000400,许继电气,2025-09-18 10:28:51,24.0,9600,23.99,U
sz000400,许继电气,2025-09-18 10:29:03,24.02,70400,23.99,U
sz000400,许继电气,2025-09-18 10:29:27,24.02,32800,24.02,D
sz000400,许继电气,2025-09-18 10:29:33,24.02,11600,24.03,D
sz000400,许继电气,2025-09-18 10:30:24,24.01,12300,24.03,D
sz000400,许继电气,2025-09-18 10:30:30,24.01,9200,24.02,D
sz000400,许继电气,2025-09-18 10:30:36,24.02,9900,24.02,U
sz000400,许继电气,2025-09-18 10:30:51,24.02,10500,24.03,D
sz000400,许继电气,2025-09-18 10:31:36,24.02,16700,24.02,D
sz000400,许继电气,2025-09-18 10:31:42,24.02,12600,24.02,D
sz000400,许继电气,2025-09-18 10:32:06,24.01,19000,24.01,D
sz000400,许继电气,2025-09-18 10:32:42,24.0,11200,24.0,D
sz000400,许继电气,2025-09-18 10:32:48,24.0,9600,24.0,D
sz000400,许继电气,2025-09-18 10:32:54,23.99,10300,24.0,D
sz000400,许继电气,2025-09-18 10:32:57,23.99,12700,23.99,D
sz000400,许继电气,2025-09-18 10:33:39,23.98,13500,23.98,D
sz000400,许继电气,2025-09-18 10:33:45,23.98,19400,23.98,D
sz000400,许继电气,2025-09-18 10:33:51,23.98,15700,23.99,D
sz000400,许继电气,2025-09-18 10:33:57,23.98,13100,23.99,D
sz000400,许继电气,2025-09-18 10:34:18,23.99,11400,23.98,U
sz000400,许继电气,2025-09-18 10:34:21,23.98,11200,23.99,D
sz000400,许继电气,2025-09-18 10:34:33,23.98,8800,23.98,D
sz000400,许继电气,2025-09-18 10:34:36,23.98,11700,23.98,D
sz000400,许继电气,2025-09-18 10:34:57,23.97,8500,23.97,D
sz000400,许继电气,2025-09-18 10:35:03,23.97,13400,23.98,D
sz000400,许继电气,2025-09-18 10:35:06,23.97,9600,23.97,U
sz000400,许继电气,2025-09-18 10:35:15,23.97,9300,23.97,U
sz000400,许继电气,2025-09-18 10:35:18,23.98,13900,23.97,U
sz000400,许继电气,2025-09-18 10:35:21,23.97,81500,23.98,D
sz000400,许继电气,2025-09-18 10:35:39,23.96,15700,23.97,D
sz000400,许继电气,2025-09-18 10:36:03,23.95,10800,23.96,D
sz000400,许继电气,2025-09-18 10:36:06,23.96,12700,23.95,U
sz000400,许继电气,2025-09-18 10:36:09,23.97,17300,23.96,U
sz000400,许继电气,2025-09-18 10:36:33,23.96,13700,23.96,U
sz000400,许继电气,2025-09-18 10:36:36,23.96,10700,23.96,U
sz000400,许继电气,2025-09-18 10:37:03,23.95,57400,23.96,D
sz000400,许继电气,2025-09-18 10:37:12,23.95,11900,23.96,D
sz000400,许继电气,2025-09-18 10:37:27,23.94,15700,23.94,D
sz000400,许继电气,2025-09-18 10:38:00,23.93,9800,23.92,U
sz000400,许继电气,2025-09-18 10:38:12,23.93,59500,23.92,U
sz000400,许继电气,2025-09-18 10:38:24,23.93,14000,23.92,U
sz000400,许继电气,2025-09-18 10:38:51,23.92,9200,23.92,D
sz000400,许继电气,2025-09-18 10:39:00,23.92,11000,23.92,D
sz000400,许继电气,2025-09-18 10:40:15,23.93,19400,23.93,U
sz000400,许继电气,2025-09-18 10:40:21,23.95,20700,23.93,U
sz000400,许继电气,2025-09-18 10:40:36,23.95,14800,23.96,D
sz000400,许继电气,2025-09-18 10:41:36,23.95,41800,23.96,D
sz000400,许继电气,2025-09-18 10:41:42,23.94,20600,23.94,D
sz000400,许继电气,2025-09-18 10:42:15,23.94,13200,23.94,D
sz000400,许继电气,2025-09-18 10:42:24,23.94,11400,23.94,U
sz000400,许继电气,2025-09-18 10:43:03,23.95,8600,23.95,U
sz000400,许继电气,2025-09-18 10:43:06,23.95,14300,23.95,U
sz000400,许继电气,2025-09-18 10:43:09,23.94,11800,23.95,D
sz000400,许继电气,2025-09-18 10:43:27,23.94,16000,23.95,D
sz000400,许继电气,2025-09-18 10:43:51,23.95,17600,23.95,U
sz000400,许继电气,2025-09-18 10:43:57,23.95,9500,23.94,U
sz000400,许继电气,2025-09-18 10:44:15,23.94,15100,23.94,U
sz000400,许继电气,2025-09-18 10:44:48,23.92,36000,23.94,D
sz000400,许继电气,2025-09-18 10:45:18,23.93,12000,23.92,U
sz000400,许继电气,2025-09-18 10:45:42,23.92,15300,23.92,D
sz000400,许继电气,2025-09-18 10:46:12,23.92,20600,23.92,D
sz000400,许继电气,2025-09-18 10:46:21,23.92,14300,23.92,D
sz000400,许继电气,2025-09-18 10:47:09,23.93,33300,23.93,U
sz000400,许继电气,2025-09-18 10:49:24,23.94,25600,23.95,D
sz000400,许继电气,2025-09-18 10:49:27,23.96,19300,23.94,U
sz000400,许继电气,2025-09-18 10:50:15,23.95,8400,23.95,D
sz000400,许继电气,2025-09-18 10:50:51,23.94,19200,23.94,D
sz000400,许继电气,2025-09-18 10:51:06,23.94,8500,23.93,U
sz000400,许继电气,2025-09-18 10:52:12,23.95,9000,23.95,U
sz000400,许继电气,2025-09-18 10:52:24,23.95,19300,23.95,U
sz000400,许继电气,2025-09-18 10:52:51,23.94,14100,23.95,D
sz000400,许继电气,2025-09-18 10:53:06,23.93,27400,23.95,D
sz000400,许继电气,2025-09-18 10:53:39,23.95,25400,23.94,U
sz000400,许继电气,2025-09-18 10:54:33,23.96,21800,23.97,D
sz000400,许继电气,2025-09-18 10:54:39,23.95,25300,23.95,D
sz000400,许继电气,2025-09-18 10:56:15,23.95,13700,23.95,D
sz000400,许继电气,2025-09-18 10:56:45,23.95,11600,23.95,U
sz000400,许继电气,2025-09-18 10:57:48,23.94,31600,23.94,D
sz000400,许继电气,2025-09-18 10:57:51,23.94,11900,23.94,D
sz000400,许继电气,2025-09-18 10:57:54,23.94,22000,23.94,D
sz000400,许继电气,2025-09-18 10:58:36,23.93,10200,23.94,D
sz000400,许继电气,2025-09-18 10:58:54,23.95,20000,23.94,U
sz000400,许继电气,2025-09-18 10:58:57,23.98,50000,23.95,U
sz000400,许继电气,2025-09-18 10:59:00,24.02,79000,23.98,U
sz000400,许继电气,2025-09-18 10:59:03,24.02,24700,24.02,U
sz000400,许继电气,2025-09-18 10:59:06,24.04,19600,24.02,U
sz000400,许继电气,2025-09-18 10:59:15,24.05,9300,24.05,D
sz000400,许继电气,2025-09-18 10:59:21,24.05,44500,24.07,D
sz000400,许继电气,2025-09-18 10:59:24,24.05,22800,24.05,D
sz000400,许继电气,2025-09-18 10:59:33,24.06,18400,24.05,U
sz000400,许继电气,2025-09-18 10:59:39,24.06,8900,24.06,U
sz000400,许继电气,2025-09-18 10:59:42,24.07,10300,24.06,U
sz000400,许继电气,2025-09-18 10:59:45,24.06,38700,24.07,D
sz000400,许继电气,2025-09-18 11:00:21,24.05,55100,24.06,D
sz000400,许继电气,2025-09-18 11:00:24,24.02,60900,24.05,D
sz000400,许继电气,2025-09-18 11:00:48,24.06,10000,24.05,U
sz000400,许继电气,2025-09-18 11:01:21,24.06,51200,24.04,U
sz000400,许继电气,2025-09-18 11:01:39,24.04,20400,24.05,D
sz000400,许继电气,2025-09-18 11:02:00,24.03,12600,24.03,D
sz000400,许继电气,2025-09-18 11:02:30,24.03,11300,24.02,U
sz000400,许继电气,2025-09-18 11:04:09,24.03,15100,24.02,U
sz000400,许继电气,2025-09-18 11:04:24,24.02,10300,24.02,D
sz000400,许继电气,2025-09-18 11:04:30,24.03,9500,24.02,U
sz000400,许继电气,2025-09-18 11:04:33,24.02,17200,24.03,D
sz000400,许继电气,2025-09-18 11:06:00,24.01,9200,24.01,D
sz000400,许继电气,2025-09-18 11:06:24,24.02,21000,24.02,U
sz000400,许继电气,2025-09-18 11:06:33,24.03,28500,24.02,U
sz000400,许继电气,2025-09-18 11:07:09,24.04,22110,24.03,U
sz000400,许继电气,2025-09-18 11:08:03,24.01,97600,24.04,D
sz000400,许继电气,2025-09-18 11:08:06,24.02,21300,24.01,U
sz000400,许继电气,2025-09-18 11:08:30,24.0,9200,24.02,D
sz000400,许继电气,2025-09-18 11:09:36,24.0,25284,24.01,D
sz000400,许继电气,2025-09-18 11:11:03,23.98,8800,23.98,D
sz000400,许继电气,2025-09-18 11:11:42,23.97,8700,23.98,D
sz000400,许继电气,2025-09-18 11:11:51,23.99,13600,23.99,U
sz000400,许继电气,2025-09-18 11:14:36,24.04,14900,24.03,U
sz000400,许继电气,2025-09-18 11:15:12,24.05,10400,24.05,U
sz000400,许继电气,2025-09-18 11:15:51,24.04,22900,24.04,D
sz000400,许继电气,2025-09-18 11:16:15,24.02,9100,24.03,D
sz000400,许继电气,2025-09-18 11:16:51,24.02,11400,24.03,D
sz000400,许继电气,2025-09-18 11:17:15,24.01,12700,24.01,D
sz000400,许继电气,2025-09-18 11:18:48,24.01,9800,24.02,D
sz000400,许继电气,2025-09-18 11:21:54,24.03,11200,24.03,U
sz000400,许继电气,2025-09-18 11:24:15,24.03,10400,24.03,D
sz000400,许继电气,2025-09-18 11:24:30,24.04,9400,24.04,U
sz000400,许继电气,2025-09-18 11:24:39,24.03,20200,24.03,D
sz000400,许继电气,2025-09-18 11:25:12,24.0,43800,24.02,D
sz000400,许继电气,2025-09-18 11:27:45,24.01,12200,24.02,D
sz000400,许继电气,2025-09-18 11:28:18,24.0,42900,24.01,D
sz000400,许继电气,2025-09-18 11:29:09,24.0,16100,24.01,D
sz000400,许继电气,2025-09-18 13:00:00,24.02,12350,24.01,U
sz000400,许继电气,2025-09-18 13:00:03,24.02,42200,24.02,D
sz000400,许继电气,2025-09-18 13:00:06,24.01,24500,24.02,D
sz000400,许继电气,2025-09-18 13:00:09,24.01,33050,24.01,D
sz000400,许继电气,2025-09-18 13:00:12,24.0,22900,24.01,D
sz000400,许继电气,2025-09-18 13:00:15,23.99,43000,24.0,D
sz000400,许继电气,2025-09-18 13:00:18,23.98,9800,23.99,D
sz000400,许继电气,2025-09-18 13:00:33,23.96,14700,23.98,D
sz000400,许继电气,2025-09-18 13:00:39,23.99,18700,23.96,U
sz000400,许继电气,2025-09-18 13:01:45,24.02,12400,24.03,D
sz000400,许继电气,2025-09-18 13:02:03,24.01,22800,24.03,D
sz000400,许继电气,2025-09-18 13:02:30,24.01,10000,24.01,D
sz000400,许继电气,2025-09-18 13:02:36,23.99,52400,24.01,D
sz000400,许继电气,2025-09-18 13:02:39,23.99,12400,23.99,U
sz000400,许继电气,2025-09-18 13:02:48,24.01,8500,23.99,U
sz000400,许继电气,2025-09-18 13:03:42,23.99,14400,23.99,D
sz000400,许继电气,2025-09-18 13:03:45,23.99,10700,23.99,D
sz000400,许继电气,2025-09-18 13:03:48,24.02,25300,23.99,U
sz000400,许继电气,2025-09-18 13:04:48,24.01,9000,24.01,U
sz000400,许继电气,2025-09-18 13:05:36,24.02,10300,24.02,U
sz000400,许继电气,2025-09-18 13:06:09,24.03,10300,24.01,U
sz000400,许继电气,2025-09-18 13:06:15,24.03,8500,24.01,U
sz000400,许继电气,2025-09-18 13:07:18,24.02,8500,24.01,U
sz000400,许继电气,2025-09-18 13:07:48,24.0,12200,24.0,D
sz000400,许继电气,2025-09-18 13:09:12,24.01,16200,24.0,U
sz000400,许继电气,2025-09-18 13:10:30,24.01,55300,24.01,D
sz000400,许继电气,2025-09-18 13:11:12,24.0,43300,24.01,D
sz000400,许继电气,2025-09-18 13:12:18,23.99,13100,24.0,D
sz000400,许继电气,2025-09-18 13:12:48,24.01,74200,24.0,U
sz000400,许继电气,2025-09-18 13:13:42,24.02,9300,24.02,U
sz000400,许继电气,2025-09-18 13:13:45,24.03,36600,24.02,U
sz000400,许继电气,2025-09-18 13:13:48,24.02,12500,24.03,D
sz000400,许继电气,2025-09-18 13:13:54,24.02,11000,24.02,D
sz000400,许继电气,2025-09-18 13:14:18,24.05,12500,24.03,U
sz000400,许继电气,2025-09-18 13:14:21,24.02,19600,24.05,D
sz000400,许继电气,2025-09-18 13:14:24,24.02,12600,24.02,U
sz000400,许继电气,2025-09-18 13:14:27,24.05,36100,24.02,U
sz000400,许继电气,2025-09-18 13:14:30,24.01,69300,24.05,D
sz000400,许继电气,2025-09-18 13:14:51,24.08,110410,24.05,U
sz000400,许继电气,2025-09-18 13:15:36,24.08,101200,24.08,U
sz000400,许继电气,2025-09-18 13:15:54,24.07,22000,24.08,D
sz000400,许继电气,2025-09-18 13:16:00,24.07,11900,24.07,U
sz000400,许继电气,2025-09-18 13:16:12,24.08,21300,24.08,U
sz000400,许继电气,2025-09-18 13:16:33,24.1,22800,24.1,U
sz000400,许继电气,2025-09-18 13:16:36,24.1,22800,24.1,U
sz000400,许继电气,2025-09-18 13:16:39,24.1,16700,24.1,U
sz000400,许继电气,2025-09-18 13:17:03,24.1,26100,24.1,U
sz000400,许继电气,2025-09-18 13:17:09,24.09,60400,24.1,D
sz000400,许继电气,2025-09-18 13:17:12,24.1,10000,24.09,U
sz000400,许继电气,2025-09-18 13:17:21,24.1,20900,24.1,U
sz000400,许继电气,2025-09-18 13:17:24,24.09,11200,24.1,D
sz000400,许继电气,2025-09-18 13:17:33,24.1,10300,24.09,U
sz000400,许继电气,2025-09-18 13:17:48,24.09,41800,24.09,D
sz000400,许继电气,2025-09-18 13:17:54,24.09,20200,24.09,U
sz000400,许继电气,2025-09-18 13:18:03,24.09,39200,24.09,U
sz000400,许继电气,2025-09-18 13:18:21,24.09,10300,24.08,U
sz000400,许继电气,2025-09-18 13:18:51,24.08,23000,24.08,U
sz000400,许继电气,2025-09-18 13:18:54,24.06,18500,24.08,D
sz000400,许继电气,2025-09-18 13:19:03,24.05,9000,24.05,D
sz000400,许继电气,2025-09-18 13:19:18,24.05,11000,24.05,D
sz000400,许继电气,2025-09-18 13:19:24,24.05,9100,24.06,D
sz000400,许继电气,2025-09-18 13:19:33,24.05,11800,24.04,U
sz000400,许继电气,2025-09-18 13:19:36,24.05,9300,24.05,U
sz000400,许继电气,2025-09-18 13:20:06,24.03,16200,24.03,D
sz000400,许继电气,2025-09-18 13:21:12,24.0,28400,24.0,D
sz000400,许继电气,2025-09-18 13:21:24,23.97,98300,23.99,D
sz000400,许继电气,2025-09-18 13:21:27,23.97,9300,23.97,D
sz000400,许继电气,2025-09-18 13:21:48,23.98,34500,23.96,U
sz000400,许继电气,2025-09-18 13:21:51,23.96,14200,23.98,D
sz000400,许继电气,2025-09-18 13:21:54,23.95,8600,23.96,D
sz000400,许继电气,2025-09-18 13:22:00,23.96,20200,23.95,U
sz000400,许继电气,2025-09-18 13:22:06,23.96,22200,23.95,U
sz000400,许继电气,2025-09-18 13:22:09,23.95,8600,23.96,D
sz000400,许继电气,2025-09-18 13:22:30,23.95,10600,23.94,U
sz000400,许继电气,2025-09-18 13:22:33,23.95,17300,23.95,D
sz000400,许继电气,2025-09-18 13:23:03,23.95,9700,23.95,D
sz000400,许继电气,2025-09-18 13:23:54,23.96,12100,23.97,D
sz000400,许继电气,2025-09-18 13:24:00,23.95,73700,23.96,D
sz000400,许继电气,2025-09-18 13:24:03,23.95,29300,23.95,D
sz000400,许继电气,2025-09-18 13:24:06,23.95,10300,23.95,U
sz000400,许继电气,2025-09-18 13:24:18,23.94,9600,23.94,D
sz000400,许继电气,2025-09-18 13:24:27,23.94,23000,23.94,D
sz000400,许继电气,2025-09-18 13:24:30,23.94,19000,23.94,D
sz000400,许继电气,2025-09-18 13:24:36,23.94,11600,23.94,D
sz000400,许继电气,2025-09-18 13:24:57,23.93,53300,23.93,D
sz000400,许继电气,2025-09-18 13:25:00,23.92,27300,23.93,D
sz000400,许继电气,2025-09-18 13:25:09,23.93,15500,23.92,U
sz000400,许继电气,2025-09-18 13:25:18,23.91,23400,23.92,D
sz000400,许继电气,2025-09-18 13:25:48,23.92,22700,23.92,D
sz000400,许继电气,2025-09-18 13:25:51,23.93,36204,23.92,U
sz000400,许继电气,2025-09-18 13:26:03,23.91,16800,23.92,D
sz000400,许继电气,2025-09-18 13:26:12,23.92,19600,23.91,U
sz000400,许继电气,2025-09-18 13:26:18,23.92,11300,23.92,U
sz000400,许继电气,2025-09-18 13:26:24,23.92,17400,23.91,U
sz000400,许继电气,2025-09-18 13:26:27,23.92,24700,23.92,D
sz000400,许继电气,2025-09-18 13:26:33,23.91,9800,23.92,D
sz000400,许继电气,2025-09-18 13:26:36,23.91,37200,23.91,D
sz000400,许继电气,2025-09-18 13:26:39,23.9,44400,23.91,D
sz000400,许继电气,2025-09-18 13:26:42,23.9,27800,23.9,D
sz000400,许继电气,2025-09-18 13:26:45,23.91,17300,23.9,U
sz000400,许继电气,2025-09-18 13:26:48,23.91,12200,23.91,D
sz000400,许继电气,2025-09-18 13:26:54,23.91,17500,23.91,D
sz000400,许继电气,2025-09-18 13:27:03,23.9,48500,23.91,D
sz000400,许继电气,2025-09-18 13:27:21,23.91,9500,23.9,U
sz000400,许继电气,2025-09-18 13:27:27,23.91,12300,23.9,U
sz000400,许继电气,2025-09-18 13:27:30,23.91,16200,23.91,D
sz000400,许继电气,2025-09-18 13:28:45,23.9,8600,23.9,D
sz000400,许继电气,2025-09-18 13:28:51,23.9,10200,23.9,D
sz000400,许继电气,2025-09-18 13:28:57,23.9,37900,23.91,D
sz000400,许继电气,2025-09-18 13:29:09,23.9,22100,23.9,U
sz000400,许继电气,2025-09-18 13:29:21,23.9,152600,23.9,D
sz000400,许继电气,2025-09-18 13:29:51,23.9,12900,23.9,U
sz000400,许继电气,2025-09-18 13:30:00,23.92,13400,23.9,U
sz000400,许继电气,2025-09-18 13:30:06,23.91,14200,23.92,E
sz000400,许继电气,2025-09-18 13:30:09,23.92,9900,23.91,U
sz000400,许继电气,2025-09-18 13:30:21,23.95,8800,23.94,U
sz000400,许继电气,2025-09-18 13:30:51,23.95,12100,23.95,D
sz000400,许继电气,2025-09-18 13:32:03,23.95,20500,23.96,D
sz000400,许继电气,2025-09-18 13:32:21,23.94,18400,23.94,D
sz000400,许继电气,2025-09-18 13:32:42,23.93,10500,23.93,D
sz000400,许继电气,2025-09-18 13:33:27,23.91,10000,23.92,D
sz000400,许继电气,2025-09-18 13:33:36,23.91,48000,23.92,D
sz000400,许继电气,2025-09-18 13:33:54,23.92,52800,23.91,U
sz000400,许继电气,2025-09-18 13:34:00,23.91,13600,23.92,D
sz000400,许继电气,2025-09-18 13:34:30,23.91,12200,23.91,D
sz000400,许继电气,2025-09-18 13:36:15,23.93,12800,23.93,U
sz000400,许继电气,2025-09-18 13:36:39,23.94,12900,23.94,U
sz000400,许继电气,2025-09-18 13:37:09,23.97,33800,23.95,U
sz000400,许继电气,2025-09-18 13:37:21,23.96,13700,23.97,D
sz000400,许继电气,2025-09-18 13:38:09,23.95,11800,23.95,D
sz000400,许继电气,2025-09-18 13:38:21,23.95,22200,23.95,D
sz000400,许继电气,2025-09-18 13:38:33,23.94,119300,23.95,D
sz000400,许继电气,2025-09-18 13:39:48,23.93,16200,23.94,D
sz000400,许继电气,2025-09-18 13:40:00,23.94,100100,23.94,U
sz000400,许继电气,2025-09-18 13:41:24,23.97,27800,23.95,U
sz000400,许继电气,2025-09-18 13:41:48,23.98,11400,23.98,U
sz000400,许继电气,2025-09-18 13:42:21,23.98,12200,23.98,U
sz000400,许继电气,2025-09-18 13:44:00,23.95,10500,23.95,D
sz000400,许继电气,2025-09-18 13:44:27,23.93,9100,23.93,D
sz000400,许继电气,2025-09-18 13:45:03,23.92,10400,23.93,D
sz000400,许继电气,2025-09-18 13:45:12,23.91,38900,23.91,D
sz000400,许继电气,2025-09-18 13:45:15,23.9,15100,23.91,D
sz000400,许继电气,2025-09-18 13:45:21,23.9,10400,23.9,D
sz000400,许继电气,2025-09-18 13:45:24,23.9,42600,23.9,D
sz000400,许继电气,2025-09-18 13:45:36,23.88,11100,23.9,D
sz000400,许继电气,2025-09-18 13:45:42,23.88,46800,23.88,D
sz000400,许继电气,2025-09-18 13:45:45,23.88,14300,23.88,D
sz000400,许继电气,2025-09-18 13:45:51,23.88,9700,23.89,D
sz000400,许继电气,2025-09-18 13:46:00,23.89,19800,23.88,U
sz000400,许继电气,2025-09-18 13:46:27,23.89,12200,23.87,U
sz000400,许继电气,2025-09-18 13:46:51,23.87,13800,23.87,D
sz000400,许继电气,2025-09-18 13:46:54,23.88,15800,23.87,U
sz000400,许继电气,2025-09-18 13:47:24,23.86,20500,23.86,D
sz000400,许继电气,2025-09-18 13:47:36,23.86,20500,23.86,D
sz000400,许继电气,2025-09-18 13:47:51,23.86,13500,23.85,U
sz000400,许继电气,2025-09-18 13:47:54,23.86,28600,23.86,U
sz000400,许继电气,2025-09-18 13:47:57,23.85,13300,23.86,D
sz000400,许继电气,2025-09-18 13:48:06,23.87,41300,23.85,U
sz000400,许继电气,2025-09-18 13:48:09,23.87,39700,23.87,U
sz000400,许继电气,2025-09-18 13:48:12,23.9,27400,23.87,U
sz000400,许继电气,2025-09-18 13:50:24,23.91,8800,23.91,U
sz000400,许继电气,2025-09-18 13:50:39,23.9,8500,23.91,D
sz000400,许继电气,2025-09-18 13:51:27,23.91,11700,23.9,U
sz000400,许继电气,2025-09-18 13:52:45,23.92,12100,23.91,U
sz000400,许继电气,2025-09-18 13:53:33,23.9,16200,23.91,D
sz000400,许继电气,2025-09-18 13:54:00,23.89,25200,23.91,D
sz000400,许继电气,2025-09-18 13:54:33,23.88,18100,23.89,D
sz000400,许继电气,2025-09-18 13:54:45,23.86,10700,23.87,D
sz000400,许继电气,2025-09-18 13:54:54,23.86,12600,23.86,D
sz000400,许继电气,2025-09-18 13:55:30,23.86,8500,23.86,U
sz000400,许继电气,2025-09-18 13:55:57,23.86,12200,23.87,D
sz000400,许继电气,2025-09-18 13:56:00,23.87,8600,23.86,U
sz000400,许继电气,2025-09-18 13:56:54,23.88,10700,23.87,U
sz000400,许继电气,2025-09-18 13:57:03,23.88,115198,23.87,U
sz000400,许继电气,2025-09-18 13:57:15,23.87,15800,23.88,D
sz000400,许继电气,2025-09-18 13:57:18,23.87,49900,23.87,U
sz000400,许继电气,2025-09-18 13:57:45,23.87,25100,23.87,U
sz000400,许继电气,2025-09-18 13:58:06,23.86,12300,23.86,D
sz000400,许继电气,2025-09-18 13:58:27,23.85,10300,23.85,D
sz000400,许继电气,2025-09-18 13:58:42,23.85,10500,23.86,D
sz000400,许继电气,2025-09-18 13:58:48,23.85,37600,23.86,D
sz000400,许继电气,2025-09-18 13:59:03,23.84,27600,23.85,D
sz000400,许继电气,2025-09-18 13:59:06,23.83,52200,23.84,D
sz000400,许继电气,2025-09-18 13:59:33,23.84,12600,23.83,E
sz000400,许继电气,2025-09-18 13:59:48,23.82,20000,23.84,D
sz000400,许继电气,2025-09-18 13:59:54,23.83,26200,23.82,U
sz000400,许继电气,2025-09-18 13:59:57,23.82,10900,23.83,D
sz000400,许继电气,2025-09-18 14:00:03,23.81,9900,23.83,D
sz000400,许继电气,2025-09-18 14:00:06,23.82,44000,23.81,U
sz000400,许继电气,2025-09-18 14:00:18,23.81,47500,23.83,D
sz000400,许继电气,2025-09-18 14:00:33,23.81,10400,23.81,D
sz000400,许继电气,2025-09-18 14:00:45,23.82,13700,23.81,U
sz000400,许继电气,2025-09-18 14:00:51,23.81,11100,23.81,D
sz000400,许继电气,2025-09-18 14:01:03,23.8,9700,23.8,D
sz000400,许继电气,2025-09-18 14:01:09,23.8,18600,23.8,D
sz000400,许继电气,2025-09-18 14:01:15,23.8,19100,23.81,D
sz000400,许继电气,2025-09-18 14:01:21,23.8,24200,23.8,D
sz000400,许继电气,2025-09-18 14:01:27,23.8,63800,23.81,D
sz000400,许继电气,2025-09-18 14:01:30,23.8,14000,23.8,D
sz000400,许继电气,2025-09-18 14:01:39,23.8,40600,23.81,D
sz000400,许继电气,2025-09-18 14:01:51,23.8,10300,23.81,D
sz000400,许继电气,2025-09-18 14:02:27,23.85,44800,23.84,U
sz000400,许继电气,2025-09-18 14:02:45,23.84,49600,23.86,D
sz000400,许继电气,2025-09-18 14:02:51,23.85,10500,23.84,U
sz000400,许继电气,2025-09-18 14:02:54,23.86,20500,23.85,U
sz000400,许继电气,2025-09-18 14:03:30,23.85,10000,23.86,D
sz000400,许继电气,2025-09-18 14:04:09,23.83,11400,23.83,D
sz000400,许继电气,2025-09-18 14:04:18,23.81,13200,23.82,D
sz000400,许继电气,2025-09-18 14:04:24,23.8,18500,23.81,D
sz000400,许继电气,2025-09-18 14:04:36,23.8,35500,23.8,D
sz000400,许继电气,2025-09-18 14:04:39,23.8,30100,23.8,D
sz000400,许继电气,2025-09-18 14:04:45,23.79,42800,23.8,D
sz000400,许继电气,2025-09-18 14:04:51,23.78,19300,23.79,D
sz000400,许继电气,2025-09-18 14:04:57,23.78,67900,23.78,D
sz000400,许继电气,2025-09-18 14:05:00,23.78,9300,23.78,D
sz000400,许继电气,2025-09-18 14:05:03,23.78,43000,23.78,D
sz000400,许继电气,2025-09-18 14:05:06,23.77,16000,23.78,D
sz000400,许继电气,2025-09-18 14:05:18,23.77,17800,23.77,D
sz000400,许继电气,2025-09-18 14:05:21,23.77,15500,23.77,D
sz000400,许继电气,2025-09-18 14:05:24,23.76,10600,23.77,D
sz000400,许继电气,2025-09-18 14:05:27,23.76,9300,23.76,D
sz000400,许继电气,2025-09-18 14:05:30,23.76,21500,23.76,D
sz000400,许继电气,2025-09-18 14:05:33,23.76,22000,23.76,D
sz000400,许继电气,2025-09-18 14:05:36,23.76,21700,23.76,D
sz000400,许继电气,2025-09-18 14:05:42,23.76,15900,23.76,U
sz000400,许继电气,2025-09-18 14:05:45,23.75,9600,23.76,D
sz000400,许继电气,2025-09-18 14:06:03,23.75,28600,23.76,D
sz000400,许继电气,2025-09-18 14:06:12,23.75,13000,23.75,D
sz000400,许继电气,2025-09-18 14:06:21,23.75,22500,23.75,D
sz000400,许继电气,2025-09-18 14:06:30,23.74,9200,23.75,D
sz000400,许继电气,2025-09-18 14:06:33,23.75,53600,23.74,U
sz000400,许继电气,2025-09-18 14:06:42,23.75,18600,23.75,D
sz000400,许继电气,2025-09-18 14:06:54,23.75,11100,23.74,U
sz000400,许继电气,2025-09-18 14:07:03,23.73,20700,23.73,D
sz000400,许继电气,2025-09-18 14:07:06,23.73,27600,23.73,D
sz000400,许继电气,2025-09-18 14:07:18,23.72,10000,23.72,D
sz000400,许继电气,2025-09-18 14:07:21,23.72,12800,23.72,D
sz000400,许继电气,2025-09-18 14:07:24,23.7,234900,23.72,D
sz000400,许继电气,2025-09-18 14:07:36,23.7,8800,23.7,D
sz000400,许继电气,2025-09-18 14:07:39,23.7,12500,23.7,D
sz000400,许继电气,2025-09-18 14:07:42,23.7,65700,23.7,D
sz000400,许继电气,2025-09-18 14:07:48,23.7,37800,23.7,D
sz000400,许继电气,2025-09-18 14:07:51,23.7,34400,23.7,D
sz000400,许继电气,2025-09-18 14:08:03,23.7,41000,23.7,D
sz000400,许继电气,2025-09-18 14:08:06,23.7,40000,23.7,D
sz000400,许继电气,2025-09-18 14:08:09,23.7,10300,23.7,D
sz000400,许继电气,2025-09-18 14:08:12,23.7,44400,23.7,D
sz000400,许继电气,2025-09-18 14:08:15,23.71,13000,23.7,U
sz000400,许继电气,2025-09-18 14:08:18,23.7,37600,23.71,D
sz000400,许继电气,2025-09-18 14:08:21,23.72,66900,23.7,U
sz000400,许继电气,2025-09-18 14:08:24,23.72,55900,23.72,U
sz000400,许继电气,2025-09-18 14:08:27,23.72,21700,23.72,U
sz000400,许继电气,2025-09-18 14:08:30,23.71,8500,23.72,E
sz000400,许继电气,2025-09-18 14:08:42,23.72,15500,23.73,D
sz000400,许继电气,2025-09-18 14:08:45,23.72,19000,23.72,U
sz000400,许继电气,2025-09-18 14:08:51,23.73,10700,23.72,E
sz000400,许继电气,2025-09-18 14:09:03,23.73,63000,23.74,D
sz000400,许继电气,2025-09-18 14:09:06,23.74,13200,23.73,U
sz000400,许继电气,2025-09-18 14:09:09,23.73,56900,23.74,D
sz000400,许继电气,2025-09-18 14:09:12,23.73,51000,23.73,D
sz000400,许继电气,2025-09-18 14:09:24,23.73,12700,23.73,U
sz000400,许继电气,2025-09-18 14:09:27,23.74,33400,23.73,U
sz000400,许继电气,2025-09-18 14:09:42,23.75,22700,23.75,U
sz000400,许继电气,2025-09-18 14:09:57,23.76,8800,23.75,U
sz000400,许继电气,2025-09-18 14:10:00,23.75,29000,23.76,D
sz000400,许继电气,2025-09-18 14:10:03,23.71,56800,23.75,D
sz000400,许继电气,2025-09-18 14:10:15,23.72,16900,23.72,D
sz000400,许继电气,2025-09-18 14:10:33,23.71,10200,23.71,D
sz000400,许继电气,2025-09-18 14:10:39,23.71,27500,23.71,U
sz000400,许继电气,2025-09-18 14:10:45,23.71,20800,23.72,D
sz000400,许继电气,2025-09-18 14:10:51,23.69,46100,23.71,D
sz000400,许继电气,2025-09-18 14:10:54,23.69,10700,23.69,D
sz000400,许继电气,2025-09-18 14:10:57,23.69,11600,23.69,D
sz000400,许继电气,2025-09-18 14:11:00,23.7,53000,23.69,E
sz000400,许继电气,2025-09-18 14:11:06,23.67,35700,23.68,D
sz000400,许继电气,2025-09-18 14:11:09,23.67,12400,23.67,D
sz000400,许继电气,2025-09-18 14:11:12,23.68,9400,23.67,U
sz000400,许继电气,2025-09-18 14:11:15,23.67,19800,23.68,D
sz000400,许继电气,2025-09-18 14:11:18,23.68,23400,23.67,U
sz000400,许继电气,2025-09-18 14:11:27,23.67,8500,23.67,D
sz000400,许继电气,2025-09-18 14:11:36,23.67,51800,23.67,D
sz000400,许继电气,2025-09-18 14:11:39,23.69,30500,23.67,U
sz000400,许继电气,2025-09-18 14:11:42,23.7,36600,23.69,U
sz000400,许继电气,2025-09-18 14:11:51,23.68,220900,23.7,D
sz000400,许继电气,2025-09-18 14:11:54,23.69,21500,23.68,U
sz000400,许继电气,2025-09-18 14:12:03,23.68,43700,23.69,D
sz000400,许继电气,2025-09-18 14:12:06,23.68,13300,23.68,D
sz000400,许继电气,2025-09-18 14:12:12,23.67,15100,23.67,D
sz000400,许继电气,2025-09-18 14:12:24,23.66,13100,23.66,D
sz000400,许继电气,2025-09-18 14:12:30,23.66,266200,23.67,D
sz000400,许继电气,2025-09-18 14:12:33,23.7,33900,23.66,U
sz000400,许继电气,2025-09-18 14:12:45,23.72,25940,23.71,U
sz000400,许继电气,2025-09-18 14:12:51,23.72,16800,23.72,D
sz000400,许继电气,2025-09-18 14:13:03,23.69,15400,23.7,D
sz000400,许继电气,2025-09-18 14:13:18,23.72,35300,23.7,U
sz000400,许继电气,2025-09-18 14:13:21,23.7,17300,23.72,D
sz000400,许继电气,2025-09-18 14:13:27,23.71,13100,23.72,D
sz000400,许继电气,2025-09-18 14:13:42,23.71,74000,23.71,U
sz000400,许继电气,2025-09-18 14:13:57,23.79,18400,23.76,U
sz000400,许继电气,2025-09-18 14:14:00,23.78,31700,23.79,E
sz000400,许继电气,2025-09-18 14:14:03,23.77,14500,23.78,D
sz000400,许继电气,2025-09-18 14:14:42,23.78,14000,23.78,U
sz000400,许继电气,2025-09-18 14:14:45,23.77,12800,23.78,D
sz000400,许继电气,2025-09-18 14:14:54,23.77,12300,23.77,D
sz000400,许继电气,2025-09-18 14:15:00,23.77,10900,23.77,D
sz000400,许继电气,2025-09-18 14:15:15,23.76,26800,23.76,D
sz000400,许继电气,2025-09-18 14:15:21,23.76,15700,23.76,U
sz000400,许继电气,2025-09-18 14:15:42,23.74,8700,23.73,U
sz000400,许继电气,2025-09-18 14:16:03,23.74,48300,23.74,U
sz000400,许继电气,2025-09-18 14:16:12,23.75,10900,23.76,D
sz000400,许继电气,2025-09-18 14:16:15,23.77,11400,23.75,U
sz000400,许继电气,2025-09-18 14:16:21,23.79,55500,23.77,U
sz000400,许继电气,2025-09-18 14:16:24,23.78,13200,23.79,D
sz000400,许继电气,2025-09-18 14:16:27,23.78,9300,23.78,U
sz000400,许继电气,2025-09-18 14:16:30,23.78,11100,23.78,U
sz000400,许继电气,2025-09-18 14:16:42,23.77,27000,23.78,D
sz000400,许继电气,2025-09-18 14:17:15,23.8,12300,23.8,D
sz000400,许继电气,2025-09-18 14:17:24,23.81,8400,23.81,U
sz000400,许继电气,2025-09-18 14:17:42,23.81,13300,23.81,U
sz000400,许继电气,2025-09-18 14:17:48,23.8,15100,23.8,D
sz000400,许继电气,2025-09-18 14:17:51,23.81,9300,23.8,U
sz000400,许继电气,2025-09-18 14:18:03,23.82,9900,23.82,U
sz000400,许继电气,2025-09-18 14:18:15,23.82,11100,23.83,D
sz000400,许继电气,2025-09-18 14:18:21,23.85,43400,23.83,U
sz000400,许继电气,2025-09-18 14:18:24,23.83,10400,23.85,D
sz000400,许继电气,2025-09-18 14:18:45,23.84,10200,23.85,D
sz000400,许继电气,2025-09-18 14:18:48,23.85,10700,23.84,U
sz000400,许继电气,2025-09-18 14:18:51,23.85,36400,23.85,D
sz000400,许继电气,2025-09-18 14:19:06,23.83,12100,23.83,D
sz000400,许继电气,2025-09-18 14:19:15,23.83,19700,23.83,D
sz000400,许继电气,2025-09-18 14:19:18,23.83,30100,23.83,D
sz000400,许继电气,2025-09-18 14:19:24,23.83,9200,23.83,D
sz000400,许继电气,2025-09-18 14:19:27,23.83,10200,23.83,D
sz000400,许继电气,2025-09-18 14:19:33,23.84,15200,23.83,U
sz000400,许继电气,2025-09-18 14:20:03,23.83,25700,23.83,D
sz000400,许继电气,2025-09-18 14:20:09,23.8,10000,23.81,D
sz000400,许继电气,2025-09-18 14:20:15,23.8,11000,23.8,D
sz000400,许继电气,2025-09-18 14:20:24,23.8,17200,23.79,U
sz000400,许继电气,2025-09-18 14:20:36,23.78,10500,23.78,D
sz000400,许继电气,2025-09-18 14:21:00,23.79,18700,23.78,U
sz000400,许继电气,2025-09-18 14:21:30,23.79,12400,23.78,U
sz000400,许继电气,2025-09-18 14:21:57,23.8,11700,23.79,U
sz000400,许继电气,2025-09-18 14:22:24,23.78,8500,23.79,D
sz000400,许继电气,2025-09-18 14:22:27,23.78,11100,23.78,D
sz000400,许继电气,2025-09-18 14:22:42,23.78,15400,23.78,U
sz000400,许继电气,2025-09-18 14:22:45,23.79,46000,23.78,U
sz000400,许继电气,2025-09-18 14:22:48,23.79,18000,23.79,U
sz000400,许继电气,2025-09-18 14:22:54,23.81,10800,23.8,U
sz000400,许继电气,2025-09-18 14:23:03,23.79,10300,23.8,D
sz000400,许继电气,2025-09-18 14:23:51,23.77,33300,23.77,D
sz000400,许继电气,2025-09-18 14:23:54,23.77,12400,23.77,D
sz000400,许继电气,2025-09-18 14:23:57,23.76,12700,23.77,D
sz000400,许继电气,2025-09-18 14:24:18,23.76,14400,23.76,D
sz000400,许继电气,2025-09-18 14:24:42,23.76,27500,23.75,U
sz000400,许继电气,2025-09-18 14:24:45,23.73,12400,23.76,D
sz000400,许继电气,2025-09-18 14:25:15,23.71,8600,23.72,D
sz000400,许继电气,2025-09-18 14:25:27,23.72,45200,23.71,E
sz000400,许继电气,2025-09-18 14:25:33,23.71,8800,23.73,D
sz000400,许继电气,2025-09-18 14:26:15,23.71,14100,23.71,U
sz000400,许继电气,2025-09-18 14:26:33,23.72,12500,23.72,U
sz000400,许继电气,2025-09-18 14:27:12,23.7,8500,23.71,D
sz000400,许继电气,2025-09-18 14:27:15,23.69,62900,23.7,D
sz000400,许继电气,2025-09-18 14:27:18,23.68,17000,23.69,D
sz000400,许继电气,2025-09-18 14:27:24,23.68,30200,23.68,D
sz000400,许继电气,2025-09-18 14:27:27,23.67,14400,23.68,D
sz000400,许继电气,2025-09-18 14:27:39,23.68,8500,23.67,U
sz000400,许继电气,2025-09-18 14:27:51,23.68,11400,23.67,U
sz000400,许继电气,2025-09-18 14:27:57,23.66,9700,23.67,D
sz000400,许继电气,2025-09-18 14:28:12,23.68,20400,23.66,U
sz000400,许继电气,2025-09-18 14:28:15,23.67,13300,23.68,D
sz000400,许继电气,2025-09-18 14:28:18,23.69,34500,23.67,U
sz000400,许继电气,2025-09-18 14:28:21,23.69,8600,23.69,D
sz000400,许继电气,2025-09-18 14:28:27,23.68,9000,23.69,D
sz000400,许继电气,2025-09-18 14:28:48,23.67,16900,23.69,D
sz000400,许继电气,2025-09-18 14:28:57,23.68,13700,23.67,U
sz000400,许继电气,2025-09-18 14:29:06,23.68,400800,23.67,U
sz000400,许继电气,2025-09-18 14:29:09,23.69,33000,23.68,U
sz000400,许继电气,2025-09-18 14:29:42,23.68,19100,23.69,D
sz000400,许继电气,2025-09-18 14:30:00,23.66,12200,23.68,D
sz000400,许继电气,2025-09-18 14:30:36,23.66,30800,23.67,D
sz000400,许继电气,2025-09-18 14:30:42,23.66,10500,23.66,U
sz000400,许继电气,2025-09-18 14:30:45,23.65,11200,23.66,D
sz000400,许继电气,2025-09-18 14:30:51,23.64,21700,23.65,D
sz000400,许继电气,2025-09-18 14:31:12,23.64,11800,23.65,D
sz000400,许继电气,2025-09-18 14:31:15,23.64,20200,23.64,D
sz000400,许继电气,2025-09-18 14:31:24,23.65,9000,23.66,D
sz000400,许继电气,2025-09-18 14:31:39,23.67,25600,23.67,D
sz000400,许继电气,2025-09-18 14:31:51,23.68,12900,23.68,U
sz000400,许继电气,2025-09-18 14:31:57,23.69,16800,23.67,U
sz000400,许继电气,2025-09-18 14:32:00,23.67,10000,23.69,D
sz000400,许继电气,2025-09-18 14:32:03,23.69,11900,23.67,U
sz000400,许继电气,2025-09-18 14:32:09,23.71,11000,23.7,U
sz000400,许继电气,2025-09-18 14:32:36,23.72,11700,23.72,U
sz000400,许继电气,2025-09-18 14:32:42,23.73,12200,23.72,U
sz000400,许继电气,2025-09-18 14:32:57,23.71,14200,23.71,U
sz000400,许继电气,2025-09-18 14:33:15,23.69,18200,23.71,D
sz000400,许继电气,2025-09-18 14:33:18,23.69,32800,23.69,D
sz000400,许继电气,2025-09-18 14:33:24,23.67,11700,23.67,D
sz000400,许继电气,2025-09-18 14:33:30,23.69,22600,23.67,U
sz000400,许继电气,2025-09-18 14:33:36,23.67,12800,23.67,D
sz000400,许继电气,2025-09-18 14:33:45,23.67,10400,23.66,U
sz000400,许继电气,2025-09-18 14:33:54,23.66,10500,23.66,D
sz000400,许继电气,2025-09-18 14:34:15,23.67,12200,23.67,D
sz000400,许继电气,2025-09-18 14:34:21,23.67,13400,23.68,D
sz000400,许继电气,2025-09-18 14:34:39,23.68,11200,23.67,U
sz000400,许继电气,2025-09-18 14:34:57,23.67,30500,23.67,U
sz000400,许继电气,2025-09-18 14:35:12,23.66,18400,23.66,U
sz000400,许继电气,2025-09-18 14:35:18,23.66,20900,23.65,U
sz000400,许继电气,2025-09-18 14:35:21,23.67,13500,23.66,U
sz000400,许继电气,2025-09-18 14:35:30,23.66,22900,23.66,D
sz000400,许继电气,2025-09-18 14:35:33,23.66,14400,23.66,D
sz000400,许继电气,2025-09-18 14:35:42,23.66,26800,23.65,U
sz000400,许继电气,2025-09-18 14:35:45,23.65,8700,23.66,D
sz000400,许继电气,2025-09-18 14:35:48,23.65,15000,23.65,D
sz000400,许继电气,2025-09-18 14:35:51,23.65,15200,23.65,D
sz000400,许继电气,2025-09-18 14:36:06,23.63,21700,23.64,D
sz000400,许继电气,2025-09-18 14:36:24,23.63,11300,23.64,D
sz000400,许继电气,2025-09-18 14:36:27,23.63,22100,23.63,D
sz000400,许继电气,2025-09-18 14:36:36,23.62,13300,23.64,D
sz000400,许继电气,2025-09-18 14:36:42,23.62,14700,23.62,D
sz000400,许继电气,2025-09-18 14:36:45,23.62,13100,23.62,D
sz000400,许继电气,2025-09-18 14:36:54,23.62,13800,23.62,U
sz000400,许继电气,2025-09-18 14:37:00,23.62,27400,23.61,U
sz000400,许继电气,2025-09-18 14:37:06,23.61,17500,23.62,D
sz000400,许继电气,2025-09-18 14:37:09,23.61,13500,23.61,D
sz000400,许继电气,2025-09-18 14:37:12,23.61,23400,23.61,U
sz000400,许继电气,2025-09-18 14:37:18,23.6,27200,23.61,D
sz000400,许继电气,2025-09-18 14:37:24,23.6,49900,23.6,D
sz000400,许继电气,2025-09-18 14:37:27,23.6,12800,23.6,D
sz000400,许继电气,2025-09-18 14:37:30,23.6,22200,23.6,D
sz000400,许继电气,2025-09-18 14:37:33,23.61,16000,23.6,U
sz000400,许继电气,2025-09-18 14:37:39,23.62,11500,23.61,U
sz000400,许继电气,2025-09-18 14:37:42,23.61,8900,23.62,D
sz000400,许继电气,2025-09-18 14:37:48,23.61,31600,23.61,U
sz000400,许继电气,2025-09-18 14:38:03,23.61,16100,23.61,D
sz000400,许继电气,2025-09-18 14:38:12,23.61,11400,23.61,D
sz000400,许继电气,2025-09-18 14:38:15,23.61,19900,23.61,D
sz000400,许继电气,2025-09-18 14:38:18,23.61,13600,23.61,U
sz000400,许继电气,2025-09-18 14:38:21,23.6,11300,23.61,E
sz000400,许继电气,2025-09-18 14:38:30,23.6,9600,23.6,U
sz000400,许继电气,2025-09-18 14:38:33,23.59,13400,23.6,D
sz000400,许继电气,2025-09-18 14:38:39,23.58,9800,23.58,D
sz000400,许继电气,2025-09-18 14:38:42,23.58,43800,23.58,D
sz000400,许继电气,2025-09-18 14:38:45,23.57,13800,23.58,D
sz000400,许继电气,2025-09-18 14:38:57,23.56,12000,23.57,D
sz000400,许继电气,2025-09-18 14:39:00,23.56,13400,23.56,D
sz000400,许继电气,2025-09-18 14:39:03,23.56,18300,23.56,D
sz000400,许继电气,2025-09-18 14:39:12,23.56,10000,23.56,U
sz000400,许继电气,2025-09-18 14:39:18,23.57,124100,23.55,U
sz000400,许继电气,2025-09-18 14:39:24,23.55,44100,23.57,D
sz000400,许继电气,2025-09-18 14:39:27,23.55,115500,23.55,D
sz000400,许继电气,2025-09-18 14:39:30,23.55,109000,23.55,U
sz000400,许继电气,2025-09-18 14:39:33,23.54,27200,23.55,D
sz000400,许继电气,2025-09-18 14:39:36,23.53,44300,23.54,D
sz000400,许继电气,2025-09-18 14:39:39,23.54,36500,23.53,E
sz000400,许继电气,2025-09-18 14:39:48,23.56,10600,23.56,U
sz000400,许继电气,2025-09-18 14:40:06,23.52,12900,23.53,D
sz000400,许继电气,2025-09-18 14:40:09,23.54,20500,23.52,U
sz000400,许继电气,2025-09-18 14:40:12,23.52,22400,23.54,D
sz000400,许继电气,2025-09-18 14:40:21,23.54,9500,23.52,U
sz000400,许继电气,2025-09-18 14:40:24,23.53,16300,23.54,D
sz000400,许继电气,2025-09-18 14:40:30,23.53,17600,23.54,D
sz000400,许继电气,2025-09-18 14:40:39,23.52,15100,23.53,D
sz000400,许继电气,2025-09-18 14:40:42,23.52,60800,23.52,D
sz000400,许继电气,2025-09-18 14:40:51,23.52,10200,23.53,D
sz000400,许继电气,2025-09-18 14:40:57,23.52,19600,23.51,U
sz000400,许继电气,2025-09-18 14:41:03,23.52,8600,23.53,D
sz000400,许继电气,2025-09-18 14:41:06,23.52,11600,23.52,D
sz000400,许继电气,2025-09-18 14:41:09,23.53,11300,23.52,U
sz000400,许继电气,2025-09-18 14:41:12,23.52,18200,23.53,D
sz000400,许继电气,2025-09-18 14:41:21,23.52,9800,23.52,D
sz000400,许继电气,2025-09-18 14:41:27,23.52,25900,23.53,D
sz000400,许继电气,2025-09-18 14:41:30,23.53,13800,23.52,U
sz000400,许继电气,2025-09-18 14:41:36,23.53,10300,23.53,U
sz000400,许继电气,2025-09-18 14:41:51,23.53,18100,23.53,U
sz000400,许继电气,2025-09-18 14:42:03,23.51,41800,23.52,D
sz000400,许继电气,2025-09-18 14:42:06,23.51,29400,23.51,D
sz000400,许继电气,2025-09-18 14:42:09,23.51,10600,23.51,D
sz000400,许继电气,2025-09-18 14:42:12,23.51,14700,23.51,D
sz000400,许继电气,2025-09-18 14:42:15,23.52,55900,23.51,U
sz000400,许继电气,2025-09-18 14:42:24,23.52,52100,23.52,D
sz000400,许继电气,2025-09-18 14:42:30,23.52,26000,23.53,D
sz000400,许继电气,2025-09-18 14:42:39,23.52,11600,23.52,D
sz000400,许继电气,2025-09-18 14:42:42,23.52,9700,23.52,D
sz000400,许继电气,2025-09-18 14:42:45,23.52,8900,23.52,D
sz000400,许继电气,2025-09-18 14:42:48,23.52,94200,23.52,D
sz000400,许继电气,2025-09-18 14:42:51,23.52,8600,23.52,U
sz000400,许继电气,2025-09-18 14:42:54,23.51,13000,23.52,D
sz000400,许继电气,2025-09-18 14:43:03,23.51,68200,23.52,D
sz000400,许继电气,2025-09-18 14:43:06,23.51,15600,23.51,D
sz000400,许继电气,2025-09-18 14:43:12,23.51,18600,23.51,U
sz000400,许继电气,2025-09-18 14:43:15,23.51,21700,23.51,U
sz000400,许继电气,2025-09-18 14:43:18,23.52,43600,23.51,U
sz000400,许继电气,2025-09-18 14:43:21,23.53,23800,23.52,U
sz000400,许继电气,2025-09-18 14:43:24,23.54,30000,23.53,U
sz000400,许继电气,2025-09-18 14:43:27,23.53,13400,23.54,D
sz000400,许继电气,2025-09-18 14:43:51,23.57,17700,23.56,U
sz000400,许继电气,2025-09-18 14:44:03,23.59,22400,23.56,U
sz000400,许继电气,2025-09-18 14:44:09,23.6,9000,23.59,U
sz000400,许继电气,2025-09-18 14:44:21,23.6,8600,23.6,D
sz000400,许继电气,2025-09-18 14:44:27,23.62,13500,23.6,U
sz000400,许继电气,2025-09-18 14:44:36,23.62,13700,23.62,U
sz000400,许继电气,2025-09-18 14:44:57,23.65,54600,23.65,U
sz000400,许继电气,2025-09-18 14:45:03,23.6,14200,23.64,D
sz000400,许继电气,2025-09-18 14:45:12,23.63,14300,23.63,U
sz000400,许继电气,2025-09-18 14:45:36,23.65,9300,23.66,U
sz000400,许继电气,2025-09-18 14:45:45,23.64,10400,23.65,D
sz000400,许继电气,2025-09-18 14:45:51,23.65,18100,23.64,U
sz000400,许继电气,2025-09-18 14:46:03,23.66,27300,23.66,U
sz000400,许继电气,2025-09-18 14:46:06,23.63,12500,23.66,D
sz000400,许继电气,2025-09-18 14:46:12,23.64,8800,23.65,U
sz000400,许继电气,2025-09-18 14:46:15,23.63,9900,23.64,D
sz000400,许继电气,2025-09-18 14:46:18,23.63,9900,23.63,D
sz000400,许继电气,2025-09-18 14:46:24,23.63,20600,23.63,D
sz000400,许继电气,2025-09-18 14:46:27,23.63,9300,23.63,D
sz000400,许继电气,2025-09-18 14:46:30,23.62,15600,23.63,D
sz000400,许继电气,2025-09-18 14:46:39,23.62,50500,23.63,D
sz000400,许继电气,2025-09-18 14:46:42,23.63,28600,23.62,U
sz000400,许继电气,2025-09-18 14:47:24,23.62,14100,23.62,D
sz000400,许继电气,2025-09-18 14:47:42,23.63,13300,23.63,D
sz000400,许继电气,2025-09-18 14:48:03,23.65,13100,23.65,U
sz000400,许继电气,2025-09-18 14:48:09,23.67,49600,23.65,U
sz000400,许继电气,2025-09-18 14:49:06,23.69,23500,23.7,D
sz000400,许继电气,2025-09-18 14:49:09,23.7,16900,23.69,U
sz000400,许继电气,2025-09-18 14:49:12,23.7,10600,23.7,D
sz000400,许继电气,2025-09-18 14:49:27,23.72,15700,23.72,U
sz000400,许继电气,2025-09-18 14:49:39,23.74,9400,23.73,U
sz000400,许继电气,2025-09-18 14:49:54,23.75,8700,23.75,U
sz000400,许继电气,2025-09-18 14:50:03,23.75,18500,23.75,D
sz000400,许继电气,2025-09-18 14:50:06,23.78,9300,23.75,U
sz000400,许继电气,2025-09-18 14:50:09,23.75,11700,23.78,D
sz000400,许继电气,2025-09-18 14:50:12,23.75,15700,23.75,E
sz000400,许继电气,2025-09-18 14:50:15,23.74,12600,23.75,D
sz000400,许继电气,2025-09-18 14:50:18,23.75,29900,23.74,E
sz000400,许继电气,2025-09-18 14:50:21,23.76,20400,23.75,U
sz000400,许继电气,2025-09-18 14:50:39,23.74,21100,23.73,U
sz000400,许继电气,2025-09-18 14:50:48,23.73,19800,23.74,D
sz000400,许继电气,2025-09-18 14:51:09,23.75,22400,23.74,U
sz000400,许继电气,2025-09-18 14:51:12,23.75,9900,23.75,D
sz000400,许继电气,2025-09-18 14:51:15,23.75,14000,23.75,D
sz000400,许继电气,2025-09-18 14:51:21,23.75,232000,23.75,D
sz000400,许继电气,2025-09-18 14:51:33,23.76,9700,23.74,U
sz000400,许继电气,2025-09-18 14:51:51,23.76,17900,23.75,U
sz000400,许继电气,2025-09-18 14:52:09,23.75,9000,23.74,U
sz000400,许继电气,2025-09-18 14:52:36,23.74,8900,23.74,D
sz000400,许继电气,2025-09-18 14:52:51,23.74,8900,23.74,D
sz000400,许继电气,2025-09-18 14:53:03,23.75,8700,23.74,U
sz000400,许继电气,2025-09-18 14:53:15,23.75,11000,23.74,U
sz000400,许继电气,2025-09-18 14:53:27,23.74,9000,23.75,D
sz000400,许继电气,2025-09-18 14:53:33,23.74,11300,23.75,D
sz000400,许继电气,2025-09-18 14:53:45,23.75,12800,23.74,U
sz000400,许继电气,2025-09-18 14:54:09,23.74,16000,23.73,U
sz000400,许继电气,2025-09-18 14:54:18,23.73,28000,23.74,D
sz000400,许继电气,2025-09-18 14:54:30,23.73,20800,23.74,D
sz000400,许继电气,2025-09-18 14:54:39,23.75,12400,23.73,U
sz000400,许继电气,2025-09-18 14:54:51,23.75,21900,23.73,U
sz000400,许继电气,2025-09-18 14:55:12,23.74,21700,23.74,D
sz000400,许继电气,2025-09-18 14:55:24,23.74,24200,23.74,D
sz000400,许继电气,2025-09-18 14:55:39,23.74,11300,23.75,D
sz000400,许继电气,2025-09-18 14:55:42,23.74,38700,23.74,D
sz000400,许继电气,2025-09-18 14:55:51,23.73,23800,23.74,D
sz000400,许继电气,2025-09-18 14:56:09,23.73,10000,23.74,D
sz000400,许继电气,2025-09-18 14:56:27,23.73,18000,23.74,D
sz000400,许继电气,2025-09-18 14:56:33,23.74,10800,23.73,U
sz000400,许继电气,2025-09-18 14:56:39,23.73,15200,23.74,D
sz000400,许继电气,2025-09-18 14:56:42,23.73,52800,23.73,D
sz000400,许继电气,2025-09-18 14:56:57,23.75,26854,23.74,U
sz000400,许继电气,2025-09-18 15:00:00,23.73,344300,23.75,E
