symbol,name,ticktime,price,volume,prev_price,kind
sz002416,爱施德,2025-09-16 09:25:00,11.66,69400,0.0,D
sz002416,爱施德,2025-09-16 09:30:00,11.71,41800,11.66,U
sz002416,爱施德,2025-09-16 09:30:03,11.66,27900,11.71,D
sz002416,爱施德,2025-09-16 09:30:06,11.67,38200,11.66,U
sz002416,爱施德,2025-09-16 09:30:09,11.71,17200,11.67,U
sz002416,爱施德,2025-09-16 09:30:24,11.67,17700,11.67,D
sz002416,爱施德,2025-09-16 09:30:42,11.64,28800,11.64,D
sz002416,爱施德,2025-09-16 09:31:00,11.63,23700,11.64,D
sz002416,爱施德,2025-09-16 09:31:12,11.63,40800,11.64,D
sz002416,爱施德,2025-09-16 09:32:18,11.64,48800,11.64,U
sz002416,爱施德,2025-09-16 09:34:03,11.67,18700,11.67,U
sz002416,爱施德,2025-09-16 09:34:09,11.67,27400,11.67,U
sz002416,爱施德,2025-09-16 09:35:45,11.68,18300,11.68,U
sz002416,爱施德,2025-09-16 09:37:21,11.69,20100,11.69,D
sz002416,爱施德,2025-09-16 09:39:03,11.7,55500,11.7,D
sz002416,爱施德,2025-09-16 09:39:06,11.69,23400,11.7,D
sz002416,爱施德,2025-09-16 09:39:54,11.68,38300,11.69,D
sz002416,爱施德,2025-09-16 09:41:24,11.68,45400,11.69,D
sz002416,爱施德,2025-09-16 09:42:24,11.67,37700,11.69,D
sz002416,爱施德,2025-09-16 09:42:30,11.69,31900,11.69,U
sz002416,爱施德,2025-09-16 09:42:36,11.68,18100,11.69,D
sz002416,爱施德,2025-09-16 09:42:45,11.68,19000,11.68,U
sz002416,爱施德,2025-09-16 09:43:00,11.68,60600,11.68,D
sz002416,爱施德,2025-09-16 09:43:36,11.7,43400,11.7,U
sz002416,爱施德,2025-09-16 09:44:06,11.71,30100,11.7,U
sz002416,爱施德,2025-09-16 09:44:15,11.72,30600,11.71,U
sz002416,爱施德,2025-09-16 09:44:30,11.7,52000,11.71,D
sz002416,爱施德,2025-09-16 09:44:33,11.71,50000,11.7,U
sz002416,爱施德,2025-09-16 09:46:03,11.7,32600,11.7,U
sz002416,爱施德,2025-09-16 09:46:15,11.71,23100,11.7,U
sz002416,爱施德,2025-09-16 09:46:18,11.7,34800,11.71,D
sz002416,爱施德,2025-09-16 09:46:27,11.71,17200,11.72,D
sz002416,爱施德,2025-09-16 09:46:57,11.72,36100,11.72,D
sz002416,爱施德,2025-09-16 09:49:03,11.71,18600,11.72,D
sz002416,爱施德,2025-09-16 09:50:09,11.72,51700,11.72,U
sz002416,爱施德,2025-09-16 09:50:21,11.72,69300,11.72,U
sz002416,爱施德,2025-09-16 09:50:54,11.73,56900,11.72,U
sz002416,爱施德,2025-09-16 09:51:57,11.71,35000,11.72,D
sz002416,爱施德,2025-09-16 09:52:27,11.71,23600,11.71,D
sz002416,爱施德,2025-09-16 09:53:51,11.71,40600,11.7,U
sz002416,爱施德,2025-09-16 09:53:54,11.71,80000,11.71,U
sz002416,爱施德,2025-09-16 09:54:06,11.71,43000,11.72,D
sz002416,爱施德,2025-09-16 09:54:15,11.72,24300,11.72,U
sz002416,爱施德,2025-09-16 09:55:00,11.73,71200,11.71,U
sz002416,爱施德,2025-09-16 09:55:24,11.74,92100,11.72,U
sz002416,爱施德,2025-09-16 09:55:33,11.74,24400,11.74,U
sz002416,爱施德,2025-09-16 09:56:27,11.75,119800,11.74,U
sz002416,爱施德,2025-09-16 09:56:33,11.76,42200,11.76,U
sz002416,爱施德,2025-09-16 09:56:39,11.78,62700,11.77,U
sz002416,爱施德,2025-09-16 09:56:42,11.79,33200,11.78,U
sz002416,爱施德,2025-09-16 09:56:45,11.81,78700,11.79,U
sz002416,爱施德,2025-09-16 09:56:48,11.81,37700,11.81,E
sz002416,爱施德,2025-09-16 09:56:51,11.87,156000,11.81,U
sz002416,爱施德,2025-09-16 09:56:54,11.84,32300,11.87,D
sz002416,爱施德,2025-09-16 09:56:57,11.84,17800,11.84,D
sz002416,爱施德,2025-09-16 09:57:15,11.81,24400,11.8,U
sz002416,爱施德,2025-09-16 09:57:33,11.81,60300,11.81,D
sz002416,爱施德,2025-09-16 09:57:36,11.81,23400,11.81,U
sz002416,爱施德,2025-09-16 09:57:54,11.8,18300,11.8,D
sz002416,爱施德,2025-09-16 09:57:57,11.8,65400,11.8,D
sz002416,爱施德,2025-09-16 09:58:15,11.79,26700,11.8,D
sz002416,爱施德,2025-09-16 09:58:57,11.79,30000,11.77,U
sz002416,爱施德,2025-09-16 09:59:45,11.78,63800,11.78,D
sz002416,爱施德,2025-09-16 10:00:00,11.8,53700,11.79,U
sz002416,爱施德,2025-09-16 10:00:09,11.8,36400,11.79,U
sz002416,爱施德,2025-09-16 10:00:12,11.81,37200,11.8,U
sz002416,爱施德,2025-09-16 10:00:18,11.82,20600,11.8,U
sz002416,爱施德,2025-09-16 10:00:36,11.82,29800,11.82,U
sz002416,爱施德,2025-09-16 10:00:39,11.82,25800,11.82,U
sz002416,爱施德,2025-09-16 10:00:45,11.83,31400,11.82,U
sz002416,爱施德,2025-09-16 10:00:48,11.84,91300,11.83,U
sz002416,爱施德,2025-09-16 10:00:51,11.85,76500,11.84,U
sz002416,爱施德,2025-09-16 10:00:57,11.86,48700,11.85,U
sz002416,爱施德,2025-09-16 10:01:00,11.89,250100,11.86,U
sz002416,爱施德,2025-09-16 10:01:03,11.88,108500,11.89,D
sz002416,爱施德,2025-09-16 10:01:06,11.9,54900,11.88,U
sz002416,爱施德,2025-09-16 10:01:09,11.9,119500,11.9,U
sz002416,爱施德,2025-09-16 10:01:12,11.92,49800,11.9,U
sz002416,爱施德,2025-09-16 10:01:15,11.93,61100,11.92,U
sz002416,爱施德,2025-09-16 10:01:18,11.93,64900,11.93,U
sz002416,爱施德,2025-09-16 10:01:21,11.93,119900,11.93,U
sz002416,爱施德,2025-09-16 10:01:24,11.91,18300,11.93,D
sz002416,爱施德,2025-09-16 10:01:27,11.92,48900,11.91,U
sz002416,爱施德,2025-09-16 10:01:30,11.92,70500,11.92,U
sz002416,爱施德,2025-09-16 10:01:33,11.92,68400,11.92,U
sz002416,爱施德,2025-09-16 10:01:42,11.9,37000,11.9,U
sz002416,爱施德,2025-09-16 10:01:45,11.89,44600,11.9,D
sz002416,爱施德,2025-09-16 10:01:51,11.89,25700,11.9,D
sz002416,爱施德,2025-09-16 10:01:54,11.89,34800,11.89,D
sz002416,爱施德,2025-09-16 10:02:06,11.87,27900,11.88,D
sz002416,爱施德,2025-09-16 10:02:09,11.88,26400,11.87,U
sz002416,爱施德,2025-09-16 10:02:12,11.9,38500,11.88,U
sz002416,爱施德,2025-09-16 10:02:15,11.88,48200,11.9,D
sz002416,爱施德,2025-09-16 10:02:18,11.88,25800,11.88,D
sz002416,爱施德,2025-09-16 10:02:21,11.88,29800,11.88,D
sz002416,爱施德,2025-09-16 10:02:27,11.88,18900,11.88,D
sz002416,爱施德,2025-09-16 10:02:39,11.86,90600,11.87,D
sz002416,爱施德,2025-09-16 10:02:45,11.88,62700,11.87,U
sz002416,爱施德,2025-09-16 10:02:51,11.88,31800,11.88,D
sz002416,爱施德,2025-09-16 10:03:03,11.88,31500,11.87,U
sz002416,爱施德,2025-09-16 10:04:06,11.85,21100,11.86,D
sz002416,爱施德,2025-09-16 10:04:12,11.85,18200,11.85,D
sz002416,爱施德,2025-09-16 10:04:45,11.85,38000,11.84,U
sz002416,爱施德,2025-09-16 10:05:06,11.84,37200,11.84,D
sz002416,爱施德,2025-09-16 10:05:12,11.84,31000,11.84,U
sz002416,爱施德,2025-09-16 10:05:18,11.84,60400,11.84,U
sz002416,爱施德,2025-09-16 10:06:06,11.85,19500,11.85,U
sz002416,爱施德,2025-09-16 10:06:15,11.84,20000,11.85,D
sz002416,爱施德,2025-09-16 10:06:21,11.86,42800,11.86,U
sz002416,爱施德,2025-09-16 10:06:24,11.86,22200,11.86,U
sz002416,爱施德,2025-09-16 10:06:48,11.86,35100,11.86,U
sz002416,爱施德,2025-09-16 10:07:18,11.87,21700,11.87,U
sz002416,爱施德,2025-09-16 10:07:24,11.87,28400,11.87,U
sz002416,爱施德,2025-09-16 10:08:03,11.87,85500,11.87,D
sz002416,爱施德,2025-09-16 10:09:48,11.85,26000,11.85,D
sz002416,爱施德,2025-09-16 10:11:21,11.84,27900,11.84,D
sz002416,爱施德,2025-09-16 10:13:00,11.83,29900,11.83,D
sz002416,爱施德,2025-09-16 10:14:33,11.83,23600,11.82,U
sz002416,爱施德,2025-09-16 10:16:27,11.81,23200,11.81,D
sz002416,爱施德,2025-09-16 10:17:00,11.8,20000,11.81,D
sz002416,爱施德,2025-09-16 10:17:18,11.8,90100,11.81,D
sz002416,爱施德,2025-09-16 10:18:36,11.78,26800,11.78,D
sz002416,爱施德,2025-09-16 10:20:51,11.78,66900,11.79,D
sz002416,爱施德,2025-09-16 10:23:39,11.77,17100,11.76,U
sz002416,爱施德,2025-09-16 10:27:09,11.75,95200,11.76,D
sz002416,爱施德,2025-09-16 10:28:09,11.76,28000,11.76,U
sz002416,爱施德,2025-09-16 10:30:27,11.76,21900,11.76,U
sz002416,爱施德,2025-09-16 10:32:03,11.76,46700,11.76,D
sz002416,爱施德,2025-09-16 10:32:09,11.75,40200,11.75,D
sz002416,爱施德,2025-09-16 10:32:12,11.75,20100,11.75,D
sz002416,爱施德,2025-09-16 10:32:15,11.74,46300,11.75,D
sz002416,爱施德,2025-09-16 10:33:51,11.73,45400,11.72,U
sz002416,爱施德,2025-09-16 10:35:33,11.72,32400,11.73,D
sz002416,爱施德,2025-09-16 10:36:00,11.72,32300,11.72,D
sz002416,爱施德,2025-09-16 10:38:18,11.72,23100,11.73,D
sz002416,爱施德,2025-09-16 10:39:27,11.71,39900,11.71,D
sz002416,爱施德,2025-09-16 10:40:21,11.71,36500,11.71,D
sz002416,爱施德,2025-09-16 10:40:45,11.72,39000,11.71,U
sz002416,爱施德,2025-09-16 10:41:06,11.72,41400,11.72,U
sz002416,爱施德,2025-09-16 10:43:21,11.73,52800,11.73,D
sz002416,爱施德,2025-09-16 10:44:30,11.72,25000,11.72,D
sz002416,爱施德,2025-09-16 10:45:09,11.72,36400,11.72,U
sz002416,爱施德,2025-09-16 10:50:24,11.73,17200,11.73,D
sz002416,爱施德,2025-09-16 10:53:18,11.71,27500,11.72,D
sz002416,爱施德,2025-09-16 10:53:54,11.72,20400,11.72,U
sz002416,爱施德,2025-09-16 10:54:54,11.71,84700,11.71,D
sz002416,爱施德,2025-09-16 10:55:03,11.7,132900,11.71,D
sz002416,爱施德,2025-09-16 10:55:12,11.69,106700,11.7,D
sz002416,爱施德,2025-09-16 10:55:39,11.68,21300,11.69,D
sz002416,爱施德,2025-09-16 10:57:57,11.68,28100,11.68,D
sz002416,爱施德,2025-09-16 11:01:42,11.7,24500,11.7,U
sz002416,爱施德,2025-09-16 11:08:48,11.71,22600,11.71,U
sz002416,爱施德,2025-09-16 11:16:15,11.7,20800,11.72,D
sz002416,爱施德,2025-09-16 11:18:39,11.7,55000,11.71,D
sz002416,爱施德,2025-09-16 11:19:33,11.72,25600,11.72,U
sz002416,爱施德,2025-09-16 11:23:33,11.74,28000,11.74,U
sz002416,爱施德,2025-09-16 11:24:54,11.74,32800,11.75,D
sz002416,爱施德,2025-09-16 11:25:51,11.73,35100,11.74,D
sz002416,爱施德,2025-09-16 11:29:42,11.75,58100,11.74,U
sz002416,爱施德,2025-09-16 13:00:00,11.75,26400,11.74,U
sz002416,爱施德,2025-09-16 13:00:06,11.73,20600,11.74,D
sz002416,爱施德,2025-09-16 13:01:39,11.72,21100,11.72,D
sz002416,爱施德,2025-09-16 13:02:06,11.71,25000,11.72,D
sz002416,爱施德,2025-09-16 13:03:18,11.71,24100,11.7,U
sz002416,爱施德,2025-09-16 13:04:09,11.72,17100,11.71,U
sz002416,爱施德,2025-09-16 13:10:48,11.71,43800,11.72,D
sz002416,爱施德,2025-09-16 13:14:09,11.72,26100,11.72,D
sz002416,爱施德,2025-09-16 13:14:12,11.71,24200,11.72,D
sz002416,爱施德,2025-09-16 13:17:48,11.71,48500,11.72,D
sz002416,爱施德,2025-09-16 13:18:30,11.72,25400,11.72,U
sz002416,爱施德,2025-09-16 13:21:39,11.73,24700,11.72,U
sz002416,爱施德,2025-09-16 13:21:48,11.72,28000,11.73,D
sz002416,爱施德,2025-09-16 13:22:09,11.71,32300,11.72,D
sz002416,爱施德,2025-09-16 13:22:30,11.71,25500,11.72,D
sz002416,爱施德,2025-09-16 13:23:51,11.72,26000,11.72,U
sz002416,爱施德,2025-09-16 13:28:36,11.7,20900,11.71,D
sz002416,爱施德,2025-09-16 13:31:00,11.69,136800,11.7,D
sz002416,爱施德,2025-09-16 13:37:03,11.71,17200,11.71,U
sz002416,爱施德,2025-09-16 13:39:48,11.71,17500,11.71,D
sz002416,爱施德,2025-09-16 13:41:06,11.7,35600,11.71,D
sz002416,爱施德,2025-09-16 13:47:06,11.74,46400,11.74,D
sz002416,爱施德,2025-09-16 13:52:21,11.74,47300,11.74,U
sz002416,爱施德,2025-09-16 13:54:15,11.73,25400,11.73,D
sz002416,爱施德,2025-09-16 13:56:30,11.73,18400,11.73,D
sz002416,爱施德,2025-09-16 13:56:51,11.74,18100,11.74,U
sz002416,爱施德,2025-09-16 13:57:51,11.74,20200,11.74,U
sz002416,爱施德,2025-09-16 13:59:33,11.75,31000,11.75,U
sz002416,爱施德,2025-09-16 14:00:27,11.76,17600,11.76,U
sz002416,爱施德,2025-09-16 14:01:36,11.75,19200,11.75,D
sz002416,爱施德,2025-09-16 14:05:42,11.76,32300,11.75,U
sz002416,爱施德,2025-09-16 14:07:12,11.75,24900,11.75,D
sz002416,爱施德,2025-09-16 14:11:03,11.74,22000,11.74,D
sz002416,爱施德,2025-09-16 14:13:00,11.73,200800,11.74,D
sz002416,爱施德,2025-09-16 14:14:30,11.74,24600,11.74,U
sz002416,爱施德,2025-09-16 14:15:00,11.74,20400,11.73,U
sz002416,爱施德,2025-09-16 14:15:09,11.75,44100,11.74,U
sz002416,爱施德,2025-09-16 14:16:21,11.74,17700,11.75,D
sz002416,爱施德,2025-09-16 14:16:39,11.74,98000,11.75,D
sz002416,爱施德,2025-09-16 14:17:36,11.74,17800,11.74,D
sz002416,爱施德,2025-09-16 14:18:45,11.75,30400,11.74,U
sz002416,爱施德,2025-09-16 14:20:24,11.74,21900,11.74,U
sz002416,爱施德,2025-09-16 14:22:00,11.75,20000,11.75,U
sz002416,爱施德,2025-09-16 14:23:48,11.75,35100,11.74,U
sz002416,爱施德,2025-09-16 14:32:09,11.74,73600,11.74,U
sz002416,爱施德,2025-09-16 14:34:06,11.72,149100,11.74,D
sz002416,爱施德,2025-09-16 14:35:48,11.72,20000,11.72,D
sz002416,爱施德,2025-09-16 14:39:45,11.74,17100,11.74,U
sz002416,爱施德,2025-09-16 14:43:33,11.74,38000,11.74,D
sz002416,爱施德,2025-09-16 14:44:06,11.74,19500,11.74,D
sz002416,爱施德,2025-09-16 14:45:15,11.74,32700,11.74,D
sz002416,爱施德,2025-09-16 14:46:12,11.74,80400,11.75,D
sz002416,爱施德,2025-09-16 14:48:15,11.74,22300,11.75,D
sz002416,爱施德,2025-09-16 14:50:03,11.74,22800,11.75,D
sz002416,爱施德,2025-09-16 14:50:42,11.75,20300,11.75,U
sz002416,爱施德,2025-09-16 14:51:00,11.76,73220,11.74,U
sz002416,爱施德,2025-09-16 14:52:12,11.77,42100,11.76,U
sz002416,爱施德,2025-09-16 14:52:24,11.77,24900,11.76,U
sz002416,爱施德,2025-09-16 14:54:36,11.77,26500,11.76,U
sz002416,爱施德,2025-09-16 14:55:33,11.76,28100,11.77,D
sz002416,爱施德,2025-09-16 14:56:00,11.76,32300,11.76,D
sz002416,爱施德,2025-09-16 14:56:45,11.76,30200,11.77,D
sz002416,爱施德,2025-09-16 15:00:00,11.77,189900,11.77,U
