symbol,name,ticktime,price,volume,prev_price,kind
sz002416,爱施德,2025-09-26 09:25:00,11.76,47500,0.0,D
sz002416,爱施德,2025-09-26 09:30:00,11.75,36800,11.76,D
sz002416,爱施德,2025-09-26 09:30:03,11.74,58300,11.75,D
sz002416,爱施德,2025-09-26 09:30:12,11.73,38700,11.75,U
sz002416,爱施德,2025-09-26 09:30:30,11.71,23700,11.72,D
sz002416,爱施德,2025-09-26 09:30:54,11.74,97000,11.71,U
sz002416,爱施德,2025-09-26 09:31:00,11.74,97600,11.72,U
sz002416,爱施德,2025-09-26 09:31:15,11.73,22000,11.73,U
sz002416,爱施德,2025-09-26 09:32:03,11.74,35700,11.74,U
sz002416,爱施德,2025-09-26 09:32:36,11.73,21800,11.73,D
sz002416,爱施德,2025-09-26 09:33:03,11.73,57054,11.73,U
sz002416,爱施德,2025-09-26 09:33:21,11.71,38800,11.71,D
sz002416,爱施德,2025-09-26 09:33:24,11.71,77600,11.71,D
sz002416,爱施德,2025-09-26 09:33:30,11.7,22500,11.71,D
sz002416,爱施德,2025-09-26 09:33:33,11.71,61900,11.7,U
sz002416,爱施德,2025-09-26 09:33:51,11.71,32800,11.69,U
sz002416,爱施德,2025-09-26 09:33:57,11.7,28900,11.7,D
sz002416,爱施德,2025-09-26 09:34:24,11.71,40900,11.72,D
sz002416,爱施德,2025-09-26 09:34:33,11.7,21900,11.7,U
sz002416,爱施德,2025-09-26 09:35:03,11.7,64216,11.71,D
sz002416,爱施德,2025-09-26 09:35:18,11.7,19684,11.7,U
sz002416,爱施德,2025-09-26 09:35:21,11.7,19000,11.7,D
sz002416,爱施德,2025-09-26 09:35:24,11.7,31016,11.7,D
sz002416,爱施德,2025-09-26 09:35:27,11.7,21200,11.7,E
sz002416,爱施德,2025-09-26 09:35:33,11.69,17200,11.7,D
sz002416,爱施德,2025-09-26 09:35:57,11.68,63100,11.69,D
sz002416,爱施德,2025-09-26 09:36:03,11.68,45600,11.69,D
sz002416,爱施德,2025-09-26 09:36:48,11.69,17500,11.69,U
sz002416,爱施德,2025-09-26 09:36:54,11.7,37200,11.69,U
sz002416,爱施德,2025-09-26 09:36:57,11.73,242420,11.7,U
sz002416,爱施德,2025-09-26 09:37:00,11.73,21600,11.73,U
sz002416,爱施德,2025-09-26 09:37:06,11.72,36134,11.73,D
sz002416,爱施德,2025-09-26 09:37:12,11.72,39600,11.72,E
sz002416,爱施德,2025-09-26 09:37:54,11.72,129600,11.71,U
sz002416,爱施德,2025-09-26 09:38:00,11.75,30000,11.73,U
sz002416,爱施德,2025-09-26 09:38:12,11.84,215700,11.75,U
sz002416,爱施德,2025-09-26 09:38:15,11.85,37400,11.84,U
sz002416,爱施德,2025-09-26 09:38:18,11.84,24300,11.85,D
sz002416,爱施德,2025-09-26 09:38:24,11.81,47600,11.82,D
sz002416,爱施德,2025-09-26 09:38:39,11.81,23100,11.81,U
sz002416,爱施德,2025-09-26 09:38:45,11.81,19700,11.81,U
sz002416,爱施德,2025-09-26 09:40:03,11.82,34400,11.79,U
sz002416,爱施德,2025-09-26 09:40:12,11.81,19900,11.81,D
sz002416,爱施德,2025-09-26 09:40:24,11.82,23700,11.81,U
sz002416,爱施德,2025-09-26 09:40:36,11.82,160300,11.83,U
sz002416,爱施德,2025-09-26 09:40:42,11.85,38000,11.83,U
sz002416,爱施德,2025-09-26 09:40:51,11.86,17500,11.86,U
sz002416,爱施德,2025-09-26 09:40:54,11.87,22900,11.86,U
sz002416,爱施德,2025-09-26 09:41:09,11.84,65700,11.84,D
sz002416,爱施德,2025-09-26 09:41:18,11.85,23400,11.85,E
sz002416,爱施德,2025-09-26 09:41:21,11.89,136800,11.85,U
sz002416,爱施德,2025-09-26 09:41:24,11.89,34900,11.89,E
sz002416,爱施德,2025-09-26 09:41:30,11.9,24900,11.9,D
sz002416,爱施德,2025-09-26 09:41:36,11.9,18100,11.92,D
sz002416,爱施德,2025-09-26 09:41:45,11.91,38400,11.91,U
sz002416,爱施德,2025-09-26 09:41:48,11.91,28600,11.91,D
sz002416,爱施德,2025-09-26 09:41:51,11.91,21500,11.91,U
sz002416,爱施德,2025-09-26 09:41:54,11.94,83520,11.91,U
sz002416,爱施德,2025-09-26 09:41:57,11.93,46800,11.94,D
sz002416,爱施德,2025-09-26 09:42:03,11.92,32700,11.93,D
sz002416,爱施德,2025-09-26 09:42:06,11.91,53680,11.92,D
sz002416,爱施德,2025-09-26 09:42:12,11.92,62200,11.91,U
sz002416,爱施德,2025-09-26 09:42:15,11.9,69100,11.92,D
sz002416,爱施德,2025-09-26 09:42:42,11.89,17500,11.88,U
sz002416,爱施德,2025-09-26 09:42:45,11.89,22400,11.89,D
sz002416,爱施德,2025-09-26 09:42:48,11.89,20500,11.89,E
sz002416,爱施德,2025-09-26 09:42:54,11.89,18700,11.88,U
sz002416,爱施德,2025-09-26 09:43:03,11.87,38000,11.88,D
sz002416,爱施德,2025-09-26 09:43:12,11.88,90800,11.88,U
sz002416,爱施德,2025-09-26 09:43:24,11.86,42200,11.87,D
sz002416,爱施德,2025-09-26 09:45:03,11.84,21600,11.84,D
sz002416,爱施德,2025-09-26 09:45:15,11.83,19000,11.83,D
sz002416,爱施德,2025-09-26 09:46:51,11.8,47834,11.82,D
sz002416,爱施德,2025-09-26 09:46:57,11.8,71100,11.81,D
sz002416,爱施德,2025-09-26 09:47:33,11.8,28500,11.81,D
sz002416,爱施德,2025-09-26 09:47:36,11.81,53900,11.8,U
sz002416,爱施德,2025-09-26 09:48:00,11.81,70600,11.81,D
sz002416,爱施德,2025-09-26 09:48:42,11.81,20000,11.8,E
sz002416,爱施德,2025-09-26 09:48:48,11.8,33600,11.81,D
sz002416,爱施德,2025-09-26 09:49:06,11.8,120000,11.81,U
sz002416,爱施德,2025-09-26 09:49:57,11.74,85100,11.78,D
sz002416,爱施德,2025-09-26 09:50:18,11.74,85000,11.76,D
sz002416,爱施德,2025-09-26 09:52:03,11.75,24900,11.75,D
sz002416,爱施德,2025-09-26 09:52:30,11.76,26600,11.75,U
sz002416,爱施德,2025-09-26 09:52:48,11.77,20200,11.77,U
sz002416,爱施德,2025-09-26 09:52:54,11.79,50100,11.76,U
sz002416,爱施德,2025-09-26 09:53:03,11.79,54900,11.78,U
sz002416,爱施德,2025-09-26 09:53:06,11.81,36200,11.79,U
sz002416,爱施德,2025-09-26 09:53:09,11.85,25600,11.81,U
sz002416,爱施德,2025-09-26 09:53:12,11.82,22700,11.85,D
sz002416,爱施德,2025-09-26 09:53:15,11.83,45400,11.82,U
sz002416,爱施德,2025-09-26 09:53:18,11.85,50000,11.83,U
sz002416,爱施德,2025-09-26 09:53:30,11.83,53600,11.83,U
sz002416,爱施德,2025-09-26 09:53:42,11.82,18800,11.83,D
sz002416,爱施德,2025-09-26 09:54:12,11.83,55400,11.81,U
sz002416,爱施德,2025-09-26 09:55:00,11.81,18100,11.83,D
sz002416,爱施德,2025-09-26 09:55:03,11.82,17400,11.81,U
sz002416,爱施德,2025-09-26 09:55:06,11.84,18500,11.82,U
sz002416,爱施德,2025-09-26 09:55:27,11.81,29600,11.83,D
sz002416,爱施德,2025-09-26 09:55:48,11.78,20600,11.78,D
sz002416,爱施德,2025-09-26 09:55:54,11.78,20800,11.8,D
sz002416,爱施德,2025-09-26 09:57:39,11.78,25500,11.8,D
sz002416,爱施德,2025-09-26 09:58:39,11.81,42500,11.79,U
sz002416,爱施德,2025-09-26 10:00:27,11.78,38100,11.78,D
sz002416,爱施德,2025-09-26 10:02:00,11.76,27700,11.77,D
sz002416,爱施德,2025-09-26 10:02:21,11.77,32600,11.77,U
sz002416,爱施德,2025-09-26 10:03:06,11.78,46100,11.79,E
sz002416,爱施德,2025-09-26 10:03:30,11.76,38700,11.77,D
sz002416,爱施德,2025-09-26 10:07:21,11.76,34000,11.75,U
sz002416,爱施德,2025-09-26 10:12:33,11.78,20000,11.79,D
sz002416,爱施德,2025-09-26 10:13:12,11.78,17500,11.78,D
sz002416,爱施德,2025-09-26 10:15:06,11.78,121500,11.79,D
sz002416,爱施德,2025-09-26 10:16:36,11.78,29100,11.79,D
sz002416,爱施德,2025-09-26 10:19:30,11.78,40800,11.78,U
sz002416,爱施德,2025-09-26 10:21:27,11.77,22300,11.77,D
sz002416,爱施德,2025-09-26 10:21:54,11.76,24700,11.77,D
sz002416,爱施德,2025-09-26 10:25:54,11.79,70100,11.78,U
sz002416,爱施德,2025-09-26 10:29:03,11.78,42400,11.78,D
sz002416,爱施德,2025-09-26 10:30:51,11.78,201000,11.78,U
sz002416,爱施德,2025-09-26 10:31:39,11.77,50000,11.77,D
sz002416,爱施德,2025-09-26 10:31:51,11.77,28100,11.77,D
sz002416,爱施德,2025-09-26 10:32:06,11.76,20000,11.77,D
sz002416,爱施德,2025-09-26 10:32:18,11.76,22400,11.76,D
sz002416,爱施德,2025-09-26 10:32:51,11.75,80000,11.77,D
sz002416,爱施德,2025-09-26 10:34:45,11.76,101300,11.77,D
sz002416,爱施德,2025-09-26 10:35:00,11.72,204100,11.76,D
sz002416,爱施德,2025-09-26 10:35:12,11.7,312400,11.73,D
sz002416,爱施德,2025-09-26 10:36:42,11.74,56300,11.74,E
sz002416,爱施德,2025-09-26 10:38:18,11.73,20300,11.74,D
sz002416,爱施德,2025-09-26 10:38:57,11.78,60100,11.76,U
sz002416,爱施德,2025-09-26 10:39:03,11.8,30000,11.77,U
sz002416,爱施德,2025-09-26 10:39:24,11.82,20200,11.8,U
sz002416,爱施德,2025-09-26 10:39:30,11.8,20400,11.81,D
sz002416,爱施德,2025-09-26 10:39:39,11.8,20900,11.81,D
sz002416,爱施德,2025-09-26 10:39:45,11.84,20000,11.8,U
sz002416,爱施德,2025-09-26 10:40:33,11.8,17600,11.8,D
sz002416,爱施德,2025-09-26 10:42:00,11.78,40400,11.77,U
sz002416,爱施德,2025-09-26 10:43:03,11.8,20200,11.78,U
sz002416,爱施德,2025-09-26 10:43:09,11.81,20000,11.8,U
sz002416,爱施德,2025-09-26 10:43:45,11.8,20600,11.8,U
sz002416,爱施德,2025-09-26 10:44:15,11.83,30000,11.79,U
sz002416,爱施德,2025-09-26 10:44:24,11.83,20000,11.83,U
sz002416,爱施德,2025-09-26 10:44:33,11.84,30500,11.82,U
sz002416,爱施德,2025-09-26 10:44:39,11.84,20700,11.84,U
sz002416,爱施德,2025-09-26 10:44:57,11.84,20000,11.83,U
sz002416,爱施德,2025-09-26 10:45:06,11.83,22000,11.84,D
sz002416,爱施德,2025-09-26 10:45:24,11.86,91300,11.85,U
sz002416,爱施德,2025-09-26 10:45:48,11.86,43800,11.85,U
sz002416,爱施德,2025-09-26 10:45:51,11.87,20300,11.86,U
sz002416,爱施德,2025-09-26 10:46:12,11.88,40000,11.87,U
sz002416,爱施德,2025-09-26 10:46:27,11.9,134900,11.87,U
sz002416,爱施德,2025-09-26 10:46:30,11.9,102500,11.9,U
sz002416,爱施德,2025-09-26 10:46:39,11.9,21000,11.9,D
sz002416,爱施德,2025-09-26 10:46:42,11.9,32500,11.9,D
sz002416,爱施德,2025-09-26 10:46:45,11.91,18900,11.9,U
sz002416,爱施德,2025-09-26 10:46:51,11.9,33700,11.89,U
sz002416,爱施德,2025-09-26 10:47:00,11.9,171300,11.9,D
sz002416,爱施德,2025-09-26 10:47:03,11.91,20500,11.9,U
sz002416,爱施德,2025-09-26 10:47:06,11.91,40900,11.91,U
sz002416,爱施德,2025-09-26 10:47:09,11.9,50100,11.91,U
sz002416,爱施德,2025-09-26 10:47:18,11.9,55000,11.9,U
sz002416,爱施德,2025-09-26 10:47:24,11.9,28900,11.9,U
sz002416,爱施德,2025-09-26 10:47:33,11.92,152591,11.9,U
sz002416,爱施德,2025-09-26 10:47:36,11.92,253120,11.92,U
sz002416,爱施德,2025-09-26 10:47:51,11.92,43809,11.92,E
sz002416,爱施德,2025-09-26 10:48:18,11.91,99300,11.91,D
sz002416,爱施德,2025-09-26 10:49:00,11.91,42700,11.9,U
sz002416,爱施德,2025-09-26 10:49:03,11.9,32900,11.91,E
sz002416,爱施德,2025-09-26 10:49:15,11.92,40000,11.9,U
sz002416,爱施德,2025-09-26 10:49:18,11.93,287564,11.92,U
sz002416,爱施德,2025-09-26 10:49:21,11.92,23800,11.93,D
sz002416,爱施德,2025-09-26 10:49:24,11.95,249900,11.92,U
sz002416,爱施德,2025-09-26 10:49:27,11.93,111100,11.95,D
sz002416,爱施德,2025-09-26 10:50:06,11.92,20800,11.91,U
sz002416,爱施德,2025-09-26 10:50:27,11.91,21400,11.91,D
sz002416,爱施德,2025-09-26 10:50:45,11.91,73400,11.9,U
sz002416,爱施德,2025-09-26 10:50:54,11.91,30600,11.91,D
sz002416,爱施德,2025-09-26 10:51:45,11.89,17900,11.89,D
sz002416,爱施德,2025-09-26 10:53:03,11.87,27400,11.87,U
sz002416,爱施德,2025-09-26 10:53:21,11.9,35100,11.89,U
sz002416,爱施德,2025-09-26 10:53:30,11.91,21600,11.9,U
sz002416,爱施德,2025-09-26 10:53:36,11.91,20000,11.91,U
sz002416,爱施德,2025-09-26 10:53:48,11.9,33300,11.9,D
sz002416,爱施德,2025-09-26 10:56:51,11.9,51600,11.88,U
sz002416,爱施德,2025-09-26 11:00:48,11.88,35000,11.88,D
sz002416,爱施德,2025-09-26 11:04:15,11.88,17400,11.87,U
sz002416,爱施德,2025-09-26 11:06:36,11.86,67700,11.88,D
sz002416,爱施德,2025-09-26 11:12:06,11.86,24600,11.86,U
sz002416,爱施德,2025-09-26 11:12:36,11.85,16900,11.86,D
sz002416,爱施德,2025-09-26 11:12:45,11.85,31500,11.85,D
sz002416,爱施德,2025-09-26 11:14:06,11.84,17700,11.85,D
sz002416,爱施德,2025-09-26 11:15:15,11.86,26400,11.86,U
sz002416,爱施德,2025-09-26 11:18:48,11.85,23500,11.86,D
sz002416,爱施德,2025-09-26 11:21:03,11.84,20300,11.84,D
sz002416,爱施德,2025-09-26 11:25:15,11.83,43100,11.83,D
sz002416,爱施德,2025-09-26 11:29:48,11.84,30000,11.83,U
sz002416,爱施德,2025-09-26 13:00:03,11.83,20800,11.84,D
sz002416,爱施德,2025-09-26 13:00:09,11.82,24700,11.83,D
sz002416,爱施德,2025-09-26 13:01:30,11.82,25400,11.82,D
sz002416,爱施德,2025-09-26 13:01:45,11.82,68700,11.82,D
sz002416,爱施德,2025-09-26 13:01:57,11.81,23300,11.81,D
sz002416,爱施德,2025-09-26 13:05:15,11.81,40000,11.81,D
sz002416,爱施德,2025-09-26 13:07:21,11.81,56300,11.81,U
sz002416,爱施德,2025-09-26 13:08:48,11.81,20000,11.81,U
sz002416,爱施德,2025-09-26 13:11:15,11.82,19900,11.82,D
sz002416,爱施德,2025-09-26 13:12:24,11.81,20000,11.82,D
sz002416,爱施德,2025-09-26 13:15:54,11.82,46700,11.81,U
sz002416,爱施德,2025-09-26 13:17:03,11.81,74200,11.82,D
sz002416,爱施德,2025-09-26 13:19:57,11.8,23300,11.8,D
sz002416,爱施德,2025-09-26 13:21:18,11.81,21600,11.81,U
sz002416,爱施德,2025-09-26 13:23:00,11.81,21400,11.81,D
sz002416,爱施德,2025-09-26 13:25:30,11.81,17500,11.8,U
sz002416,爱施德,2025-09-26 13:26:24,11.8,22700,11.8,D
sz002416,爱施德,2025-09-26 13:29:00,11.8,41500,11.81,D
sz002416,爱施德,2025-09-26 13:29:03,11.79,29200,11.8,D
sz002416,爱施德,2025-09-26 13:29:12,11.79,30500,11.79,D
sz002416,爱施德,2025-09-26 13:32:03,11.79,17900,11.79,D
sz002416,爱施德,2025-09-26 13:35:54,11.78,59400,11.8,D
sz002416,爱施德,2025-09-26 13:38:36,11.78,22300,11.79,D
sz002416,爱施德,2025-09-26 13:39:30,11.79,47300,11.79,U
sz002416,爱施德,2025-09-26 13:40:27,11.77,56600,11.78,D
sz002416,爱施德,2025-09-26 13:41:48,11.77,25700,11.77,D
sz002416,爱施德,2025-09-26 13:44:30,11.77,20000,11.78,D
sz002416,爱施德,2025-09-26 13:44:36,11.77,20600,11.77,D
sz002416,爱施德,2025-09-26 13:52:09,11.78,43400,11.79,D
sz002416,爱施德,2025-09-26 13:53:06,11.77,47984,11.77,D
sz002416,爱施德,2025-09-26 13:53:09,11.77,21800,11.77,D
sz002416,爱施德,2025-09-26 13:57:18,11.76,28900,11.76,D
sz002416,爱施德,2025-09-26 13:58:00,11.76,20458,11.75,U
sz002416,爱施德,2025-09-26 13:59:39,11.75,86100,11.75,D
sz002416,爱施德,2025-09-26 13:59:42,11.75,33800,11.75,D
sz002416,爱施德,2025-09-26 14:00:00,11.74,26200,11.75,D
sz002416,爱施德,2025-09-26 14:02:57,11.74,64800,11.74,D
sz002416,爱施德,2025-09-26 14:04:09,11.74,63300,11.74,D
sz002416,爱施德,2025-09-26 14:04:45,11.74,17600,11.74,U
sz002416,爱施德,2025-09-26 14:06:06,11.74,48100,11.75,D
sz002416,爱施德,2025-09-26 14:07:36,11.73,62000,11.73,D
sz002416,爱施德,2025-09-26 14:08:03,11.74,18600,11.74,U
sz002416,爱施德,2025-09-26 14:10:09,11.74,35900,11.75,D
sz002416,爱施德,2025-09-26 14:10:48,11.73,39600,11.74,D
sz002416,爱施德,2025-09-26 14:10:51,11.73,19300,11.73,D
sz002416,爱施德,2025-09-26 14:11:18,11.72,105500,11.73,D
sz002416,爱施德,2025-09-26 14:11:51,11.71,119100,11.72,D
sz002416,爱施德,2025-09-26 14:12:15,11.72,82200,11.7,U
sz002416,爱施德,2025-09-26 14:12:39,11.72,30300,11.73,D
sz002416,爱施德,2025-09-26 14:16:39,11.72,18200,11.72,U
sz002416,爱施德,2025-09-26 14:16:54,11.72,26100,11.73,D
sz002416,爱施德,2025-09-26 14:17:06,11.72,34200,11.72,U
sz002416,爱施德,2025-09-26 14:20:27,11.72,37300,11.72,D
sz002416,爱施德,2025-09-26 14:21:39,11.72,17500,11.72,U
sz002416,爱施德,2025-09-26 14:21:51,11.72,17800,11.72,D
sz002416,爱施德,2025-09-26 14:22:00,11.71,76600,11.72,D
sz002416,爱施德,2025-09-26 14:22:45,11.71,77400,11.72,D
sz002416,爱施德,2025-09-26 14:23:42,11.7,230800,11.71,D
sz002416,爱施德,2025-09-26 14:24:03,11.7,19300,11.69,U
sz002416,爱施德,2025-09-26 14:25:03,11.7,26100,11.7,D
sz002416,爱施德,2025-09-26 14:26:27,11.69,17300,11.7,D
sz002416,爱施德,2025-09-26 14:27:15,11.68,81200,11.7,D
sz002416,爱施德,2025-09-26 14:27:39,11.69,21200,11.68,U
sz002416,爱施德,2025-09-26 14:28:00,11.68,124400,11.69,D
sz002416,爱施德,2025-09-26 14:28:21,11.67,86400,11.68,D
sz002416,爱施德,2025-09-26 14:28:33,11.68,126300,11.68,U
sz002416,爱施德,2025-09-26 14:28:51,11.67,30600,11.67,U
sz002416,爱施德,2025-09-26 14:29:30,11.69,23500,11.69,U
sz002416,爱施德,2025-09-26 14:29:36,11.7,20800,11.69,U
sz002416,爱施德,2025-09-26 14:29:48,11.69,28800,11.69,D
sz002416,爱施德,2025-09-26 14:30:00,11.71,24700,11.69,U
sz002416,爱施德,2025-09-26 14:30:09,11.69,19100,11.7,D
sz002416,爱施德,2025-09-26 14:31:45,11.7,24100,11.7,U
sz002416,爱施德,2025-09-26 14:31:54,11.69,28400,11.69,D
sz002416,爱施德,2025-09-26 14:32:06,11.68,17600,11.68,D
sz002416,爱施德,2025-09-26 14:32:09,11.69,17300,11.68,U
sz002416,爱施德,2025-09-26 14:32:39,11.68,25200,11.68,D
sz002416,爱施德,2025-09-26 14:33:03,11.69,31500,11.68,U
sz002416,爱施德,2025-09-26 14:34:00,11.68,30800,11.69,D
sz002416,爱施德,2025-09-26 14:34:15,11.68,20900,11.68,D
sz002416,爱施德,2025-09-26 14:34:57,11.67,33700,11.67,D
sz002416,爱施德,2025-09-26 14:35:24,11.67,22200,11.68,D
sz002416,爱施德,2025-09-26 14:35:33,11.67,48900,11.68,D
sz002416,爱施德,2025-09-26 14:35:36,11.67,27900,11.67,D
sz002416,爱施德,2025-09-26 14:36:18,11.67,40000,11.66,U
sz002416,爱施德,2025-09-26 14:36:21,11.66,79000,11.67,D
sz002416,爱施德,2025-09-26 14:36:30,11.66,31800,11.66,D
sz002416,爱施德,2025-09-26 14:36:36,11.66,60100,11.66,D
sz002416,爱施德,2025-09-26 14:36:39,11.66,23400,11.66,D
sz002416,爱施德,2025-09-26 14:37:21,11.67,33400,11.67,U
sz002416,爱施德,2025-09-26 14:37:51,11.68,28600,11.68,U
sz002416,爱施德,2025-09-26 14:38:21,11.69,30100,11.69,U
sz002416,爱施德,2025-09-26 14:38:42,11.69,27100,11.7,D
sz002416,爱施德,2025-09-26 14:38:48,11.68,20600,11.69,D
sz002416,爱施德,2025-09-26 14:39:00,11.69,17700,11.7,U
sz002416,爱施德,2025-09-26 14:39:15,11.7,33800,11.69,U
sz002416,爱施德,2025-09-26 14:39:36,11.68,38700,11.69,D
sz002416,爱施德,2025-09-26 14:41:42,11.67,80600,11.67,D
sz002416,爱施德,2025-09-26 14:41:45,11.66,35602,11.67,D
sz002416,爱施德,2025-09-26 14:41:57,11.67,18500,11.67,D
sz002416,爱施德,2025-09-26 14:42:12,11.66,56400,11.67,D
sz002416,爱施德,2025-09-26 14:43:15,11.69,19800,11.67,U
sz002416,爱施德,2025-09-26 14:45:51,11.7,25900,11.69,U
sz002416,爱施德,2025-09-26 14:47:36,11.71,46800,11.71,D
sz002416,爱施德,2025-09-26 14:48:39,11.69,42700,11.71,D
sz002416,爱施德,2025-09-26 14:48:51,11.69,28900,11.69,D
sz002416,爱施德,2025-09-26 14:49:15,11.68,29300,11.68,D
sz002416,爱施德,2025-09-26 14:50:36,11.68,26100,11.68,D
sz002416,爱施德,2025-09-26 14:50:39,11.68,17600,11.68,D
sz002416,爱施德,2025-09-26 14:51:00,11.67,38800,11.68,D
sz002416,爱施德,2025-09-26 14:51:30,11.66,36600,11.67,D
sz002416,爱施德,2025-09-26 14:52:18,11.67,17600,11.67,U
sz002416,爱施德,2025-09-26 14:52:27,11.67,25900,11.67,U
sz002416,爱施德,2025-09-26 14:52:48,11.66,26300,11.67,D
sz002416,爱施德,2025-09-26 14:53:12,11.66,31600,11.66,D
sz002416,爱施德,2025-09-26 14:54:03,11.66,79600,11.66,D
sz002416,爱施德,2025-09-26 14:54:24,11.67,54700,11.67,U
sz002416,爱施德,2025-09-26 14:55:03,11.66,26600,11.66,D
sz002416,爱施德,2025-09-26 14:55:21,11.66,96700,11.66,D
sz002416,爱施德,2025-09-26 14:55:24,11.66,56898,11.66,D
sz002416,爱施德,2025-09-26 14:56:18,11.66,59398,11.66,D
sz002416,爱施德,2025-09-26 14:56:30,11.66,63600,11.65,U
sz002416,爱施德,2025-09-26 15:00:00,11.66,166900,11.66,E
