symbol,name,ticktime,price,volume,prev_price,kind
sz002416,爱施德,2025-09-23 09:25:00,11.99,107200,0.0,D
sz002416,爱施德,2025-09-23 09:30:00,12.0,41600,11.99,U
sz002416,爱施德,2025-09-23 09:30:03,11.99,59900,12.0,D
sz002416,爱施德,2025-09-23 09:30:39,12.0,20900,12.0,D
sz002416,爱施德,2025-09-23 09:30:51,11.97,25600,11.99,D
sz002416,爱施德,2025-09-23 09:30:57,11.96,40300,11.98,D
sz002416,爱施德,2025-09-23 09:31:03,11.96,40800,11.96,D
sz002416,爱施德,2025-09-23 09:31:06,11.96,34600,11.96,D
sz002416,爱施德,2025-09-23 09:31:09,11.95,30400,11.96,D
sz002416,爱施德,2025-09-23 09:31:21,11.95,20500,11.95,D
sz002416,爱施德,2025-09-23 09:31:27,11.96,19600,11.95,U
sz002416,爱施德,2025-09-23 09:31:39,11.97,22800,11.96,U
sz002416,爱施德,2025-09-23 09:32:00,11.99,40800,11.98,U
sz002416,爱施德,2025-09-23 09:32:24,11.96,51100,11.97,D
sz002416,爱施德,2025-09-23 09:32:27,11.96,17700,11.96,U
sz002416,爱施德,2025-09-23 09:32:30,11.95,18700,11.96,D
sz002416,爱施德,2025-09-23 09:32:36,11.95,55500,11.96,D
sz002416,爱施德,2025-09-23 09:32:45,11.93,48700,11.95,D
sz002416,爱施德,2025-09-23 09:32:48,11.93,22600,11.93,D
sz002416,爱施德,2025-09-23 09:32:54,11.92,18200,11.93,D
sz002416,爱施德,2025-09-23 09:32:57,11.92,18900,11.92,D
sz002416,爱施德,2025-09-23 09:33:00,11.91,51100,11.92,D
sz002416,爱施德,2025-09-23 09:33:09,11.9,34000,11.9,D
sz002416,爱施德,2025-09-23 09:33:18,11.9,36000,11.89,U
sz002416,爱施德,2025-09-23 09:33:24,11.9,25800,11.9,U
sz002416,爱施德,2025-09-23 09:33:30,11.91,27500,11.91,U
sz002416,爱施德,2025-09-23 09:33:33,11.91,26600,11.91,U
sz002416,爱施德,2025-09-23 09:33:39,11.9,18200,11.91,D
sz002416,爱施德,2025-09-23 09:33:42,11.9,19500,11.9,D
sz002416,爱施德,2025-09-23 09:33:51,11.92,27300,11.91,U
sz002416,爱施德,2025-09-23 09:34:03,11.91,19400,11.91,D
sz002416,爱施德,2025-09-23 09:34:24,11.93,31800,11.92,U
sz002416,爱施德,2025-09-23 09:34:33,11.93,136000,11.93,U
sz002416,爱施德,2025-09-23 09:34:45,11.92,17800,11.92,U
sz002416,爱施德,2025-09-23 09:34:48,11.91,41500,11.92,D
sz002416,爱施德,2025-09-23 09:34:57,11.91,16800,11.9,U
sz002416,爱施德,2025-09-23 09:35:06,11.9,19800,11.9,D
sz002416,爱施德,2025-09-23 09:35:09,11.9,33800,11.9,D
sz002416,爱施德,2025-09-23 09:35:27,11.9,32800,11.91,D
sz002416,爱施德,2025-09-23 09:35:30,11.9,17300,11.9,D
sz002416,爱施德,2025-09-23 09:35:51,11.9,17900,11.9,D
sz002416,爱施德,2025-09-23 09:35:54,11.91,29200,11.9,U
sz002416,爱施德,2025-09-23 09:36:06,11.9,54591,11.91,D
sz002416,爱施德,2025-09-23 09:36:15,11.91,19500,11.91,D
sz002416,爱施德,2025-09-23 09:37:09,11.89,127209,11.9,D
sz002416,爱施德,2025-09-23 09:37:15,11.89,31800,11.89,D
sz002416,爱施德,2025-09-23 09:37:18,11.88,111400,11.89,D
sz002416,爱施德,2025-09-23 09:37:21,11.88,146400,11.88,D
sz002416,爱施德,2025-09-23 09:37:30,11.87,17700,11.87,D
sz002416,爱施德,2025-09-23 09:37:33,11.87,33700,11.87,D
sz002416,爱施德,2025-09-23 09:37:45,11.86,36200,11.87,D
sz002416,爱施德,2025-09-23 09:38:36,11.89,38800,11.89,D
sz002416,爱施德,2025-09-23 09:38:42,11.92,20000,11.89,U
sz002416,爱施德,2025-09-23 09:38:48,11.92,209400,11.92,U
sz002416,爱施德,2025-09-23 09:39:09,11.9,29600,11.9,D
sz002416,爱施德,2025-09-23 09:39:12,11.9,17100,11.9,E
sz002416,爱施德,2025-09-23 09:39:18,11.88,28200,11.89,D
sz002416,爱施德,2025-09-23 09:39:30,11.87,24800,11.88,D
sz002416,爱施德,2025-09-23 09:39:36,11.87,19100,11.87,D
sz002416,爱施德,2025-09-23 09:39:48,11.88,17500,11.87,U
sz002416,爱施德,2025-09-23 09:40:12,11.88,28500,11.87,U
sz002416,爱施德,2025-09-23 09:40:15,11.89,141300,11.88,U
sz002416,爱施德,2025-09-23 09:40:36,11.9,30000,11.88,U
sz002416,爱施德,2025-09-23 09:41:03,11.9,22200,11.91,D
sz002416,爱施德,2025-09-23 09:41:09,11.91,20000,11.9,U
sz002416,爱施德,2025-09-23 09:42:06,11.89,17400,11.89,D
sz002416,爱施德,2025-09-23 09:42:33,11.89,78300,11.88,U
sz002416,爱施德,2025-09-23 09:43:18,11.91,47100,11.9,U
sz002416,爱施德,2025-09-23 09:43:21,11.91,20400,11.91,D
sz002416,爱施德,2025-09-23 09:43:36,11.92,17100,11.91,U
sz002416,爱施德,2025-09-23 09:44:00,11.93,17200,11.93,U
sz002416,爱施德,2025-09-23 09:44:06,11.94,23000,11.93,U
sz002416,爱施德,2025-09-23 09:44:09,11.93,22800,11.94,E
sz002416,爱施德,2025-09-23 09:44:18,11.92,17800,11.93,D
sz002416,爱施德,2025-09-23 09:44:21,11.91,16800,11.92,D
sz002416,爱施德,2025-09-23 09:45:42,11.9,31900,11.9,D
sz002416,爱施德,2025-09-23 09:47:30,11.9,43800,11.91,D
sz002416,爱施德,2025-09-23 09:47:48,11.89,31500,11.89,D
sz002416,爱施德,2025-09-23 09:47:51,11.89,41800,11.89,D
sz002416,爱施德,2025-09-23 09:47:57,11.91,51500,11.89,U
sz002416,爱施德,2025-09-23 09:48:03,11.88,36500,11.89,D
sz002416,爱施德,2025-09-23 09:48:24,11.89,48100,11.9,D
sz002416,爱施德,2025-09-23 09:49:03,11.88,39100,11.89,D
sz002416,爱施德,2025-09-23 09:49:36,11.89,40500,11.89,D
sz002416,爱施德,2025-09-23 09:49:51,11.89,46000,11.89,D
sz002416,爱施德,2025-09-23 09:50:09,11.91,108600,11.9,U
sz002416,爱施德,2025-09-23 09:50:12,11.92,33600,11.91,U
sz002416,爱施德,2025-09-23 09:51:21,11.89,29700,11.89,D
sz002416,爱施德,2025-09-23 09:52:06,11.89,36600,11.89,D
sz002416,爱施德,2025-09-23 09:53:36,11.88,35500,11.88,D
sz002416,爱施德,2025-09-23 09:53:48,11.88,62800,11.89,D
sz002416,爱施德,2025-09-23 09:54:06,11.88,19600,11.87,U
sz002416,爱施德,2025-09-23 09:54:21,11.88,26200,11.87,U
sz002416,爱施德,2025-09-23 09:54:39,11.87,31700,11.87,D
sz002416,爱施德,2025-09-23 09:55:15,11.87,17600,11.88,D
sz002416,爱施德,2025-09-23 09:55:27,11.87,22600,11.87,D
sz002416,爱施德,2025-09-23 09:55:30,11.87,62900,11.87,D
sz002416,爱施德,2025-09-23 09:55:36,11.87,27600,11.86,U
sz002416,爱施德,2025-09-23 09:55:57,11.87,18000,11.87,D
sz002416,爱施德,2025-09-23 09:56:15,11.87,17900,11.87,D
sz002416,爱施德,2025-09-23 09:56:33,11.87,28900,11.87,E
sz002416,爱施德,2025-09-23 09:57:15,11.86,28900,11.86,D
sz002416,爱施德,2025-09-23 09:57:27,11.86,20800,11.86,D
sz002416,爱施德,2025-09-23 09:57:36,11.85,218300,11.86,D
sz002416,爱施德,2025-09-23 09:57:45,11.85,17300,11.85,D
sz002416,爱施德,2025-09-23 09:59:51,11.83,33600,11.83,D
sz002416,爱施德,2025-09-23 10:00:03,11.83,50700,11.83,D
sz002416,爱施德,2025-09-23 10:00:12,11.82,17500,11.82,D
sz002416,爱施德,2025-09-23 10:00:15,11.82,70900,11.82,D
sz002416,爱施德,2025-09-23 10:00:24,11.81,22000,11.81,D
sz002416,爱施德,2025-09-23 10:00:27,11.82,19800,11.81,U
sz002416,爱施德,2025-09-23 10:00:30,11.81,47900,11.82,D
sz002416,爱施德,2025-09-23 10:00:42,11.81,239900,11.81,U
sz002416,爱施德,2025-09-23 10:00:45,11.79,31800,11.81,D
sz002416,爱施德,2025-09-23 10:00:51,11.78,23100,11.78,D
sz002416,爱施德,2025-09-23 10:01:33,11.78,43200,11.78,D
sz002416,爱施德,2025-09-23 10:01:39,11.79,28700,11.78,U
sz002416,爱施德,2025-09-23 10:01:54,11.79,17200,11.79,U
sz002416,爱施德,2025-09-23 10:02:03,11.8,17300,11.79,U
sz002416,爱施德,2025-09-23 10:02:15,11.8,17920,11.79,U
sz002416,爱施德,2025-09-23 10:03:15,11.82,45220,11.81,U
sz002416,爱施德,2025-09-23 10:03:45,11.83,51500,11.82,U
sz002416,爱施德,2025-09-23 10:04:24,11.86,49700,11.84,U
sz002416,爱施德,2025-09-23 10:04:33,11.85,18400,11.86,D
sz002416,爱施德,2025-09-23 10:04:48,11.84,25100,11.84,U
sz002416,爱施德,2025-09-23 10:06:18,11.83,19600,11.83,D
sz002416,爱施德,2025-09-23 10:06:30,11.83,63500,11.82,U
sz002416,爱施德,2025-09-23 10:06:33,11.82,50300,11.83,D
sz002416,爱施德,2025-09-23 10:06:42,11.84,64700,11.82,E
sz002416,爱施德,2025-09-23 10:07:18,11.83,19500,11.83,D
sz002416,爱施德,2025-09-23 10:07:51,11.81,20000,11.81,D
sz002416,爱施德,2025-09-23 10:08:09,11.81,30500,11.81,D
sz002416,爱施德,2025-09-23 10:08:24,11.81,63000,11.81,D
sz002416,爱施德,2025-09-23 10:08:57,11.8,30500,11.8,D
sz002416,爱施德,2025-09-23 10:09:45,11.85,60900,11.82,U
sz002416,爱施德,2025-09-23 10:10:51,11.81,54400,11.84,D
sz002416,爱施德,2025-09-23 10:11:15,11.83,22900,11.83,U
sz002416,爱施德,2025-09-23 10:13:12,11.8,37900,11.8,D
sz002416,爱施德,2025-09-23 10:13:21,11.8,52900,11.8,D
sz002416,爱施德,2025-09-23 10:13:57,11.8,31900,11.8,U
sz002416,爱施德,2025-09-23 10:14:03,11.81,35700,11.79,U
sz002416,爱施德,2025-09-23 10:14:24,11.83,27800,11.82,U
sz002416,爱施德,2025-09-23 10:14:27,11.84,320100,11.83,D
sz002416,爱施德,2025-09-23 10:14:33,11.82,36800,11.84,D
sz002416,爱施德,2025-09-23 10:15:15,11.83,60700,11.82,U
sz002416,爱施德,2025-09-23 10:16:03,11.86,38300,11.86,U
sz002416,爱施德,2025-09-23 10:16:15,11.83,52100,11.84,D
sz002416,爱施德,2025-09-23 10:16:48,11.84,40600,11.85,D
sz002416,爱施德,2025-09-23 10:17:51,11.84,34900,11.83,U
sz002416,爱施德,2025-09-23 10:19:00,11.84,30600,11.82,U
sz002416,爱施德,2025-09-23 10:20:03,11.83,27900,11.82,U
sz002416,爱施德,2025-09-23 10:24:36,11.79,52400,11.79,D
sz002416,爱施德,2025-09-23 10:24:42,11.79,17300,11.79,D
sz002416,爱施德,2025-09-23 10:25:09,11.77,55100,11.78,D
sz002416,爱施德,2025-09-23 10:25:21,11.77,28900,11.77,D
sz002416,爱施德,2025-09-23 10:25:30,11.77,19900,11.77,D
sz002416,爱施德,2025-09-23 10:25:33,11.77,20500,11.77,D
sz002416,爱施德,2025-09-23 10:25:36,11.77,30600,11.77,D
sz002416,爱施德,2025-09-23 10:25:39,11.77,29000,11.77,D
sz002416,爱施德,2025-09-23 10:25:45,11.77,17200,11.77,U
sz002416,爱施德,2025-09-23 10:25:54,11.77,20900,11.77,D
sz002416,爱施德,2025-09-23 10:26:09,11.76,26700,11.76,D
sz002416,爱施德,2025-09-23 10:26:18,11.76,34900,11.75,U
sz002416,爱施德,2025-09-23 10:26:36,11.75,29000,11.75,D
sz002416,爱施德,2025-09-23 10:26:51,11.79,40700,11.75,U
sz002416,爱施德,2025-09-23 10:27:24,11.76,23200,11.77,D
sz002416,爱施德,2025-09-23 10:28:15,11.77,18200,11.77,D
sz002416,爱施德,2025-09-23 10:28:33,11.77,18800,11.77,U
sz002416,爱施德,2025-09-23 10:28:57,11.77,27200,11.77,U
sz002416,爱施德,2025-09-23 10:29:03,11.77,23400,11.77,D
sz002416,爱施德,2025-09-23 10:29:06,11.77,67400,11.77,U
sz002416,爱施德,2025-09-23 10:29:51,11.77,31000,11.77,U
sz002416,爱施德,2025-09-23 10:30:27,11.78,21800,11.78,U
sz002416,爱施德,2025-09-23 10:31:09,11.77,26700,11.76,U
sz002416,爱施德,2025-09-23 10:31:30,11.77,21600,11.77,U
sz002416,爱施德,2025-09-23 10:31:54,11.76,26900,11.76,D
sz002416,爱施德,2025-09-23 10:32:42,11.76,37800,11.76,D
sz002416,爱施德,2025-09-23 10:32:51,11.76,20800,11.75,U
sz002416,爱施德,2025-09-23 10:32:54,11.74,90200,11.76,D
sz002416,爱施德,2025-09-23 10:33:12,11.74,31300,11.75,D
sz002416,爱施德,2025-09-23 10:33:18,11.74,30200,11.75,D
sz002416,爱施德,2025-09-23 10:33:21,11.74,22200,11.74,D
sz002416,爱施德,2025-09-23 10:33:57,11.74,19600,11.74,D
sz002416,爱施德,2025-09-23 10:34:03,11.74,28900,11.75,D
sz002416,爱施德,2025-09-23 10:35:09,11.79,24600,11.78,U
sz002416,爱施德,2025-09-23 10:36:06,11.81,26600,11.8,U
sz002416,爱施德,2025-09-23 10:36:09,11.81,17900,11.81,D
sz002416,爱施德,2025-09-23 10:39:00,11.8,28400,11.79,U
sz002416,爱施德,2025-09-23 10:39:36,11.78,23100,11.79,D
sz002416,爱施德,2025-09-23 10:40:12,11.77,26700,11.78,D
sz002416,爱施德,2025-09-23 10:41:12,11.76,17900,11.77,D
sz002416,爱施德,2025-09-23 10:41:24,11.77,21500,11.76,U
sz002416,爱施德,2025-09-23 10:41:33,11.77,23100,11.76,U
sz002416,爱施德,2025-09-23 10:41:51,11.76,17300,11.75,U
sz002416,爱施德,2025-09-23 10:42:12,11.78,31800,11.76,U
sz002416,爱施德,2025-09-23 10:42:36,11.79,18100,11.79,U
sz002416,爱施德,2025-09-23 10:42:45,11.8,31700,11.79,U
sz002416,爱施德,2025-09-23 10:43:06,11.81,110600,11.8,U
sz002416,爱施德,2025-09-23 10:44:39,11.85,21400,11.85,U
sz002416,爱施德,2025-09-23 10:45:36,11.85,25683,11.84,U
sz002416,爱施德,2025-09-23 10:45:39,11.85,28700,11.85,U
sz002416,爱施德,2025-09-23 10:45:42,11.89,54500,11.85,U
sz002416,爱施德,2025-09-23 10:46:06,11.89,22200,11.89,E
sz002416,爱施德,2025-09-23 10:54:15,11.84,26000,11.82,U
sz002416,爱施德,2025-09-23 10:56:24,11.82,19600,11.83,D
sz002416,爱施德,2025-09-23 10:56:39,11.84,18900,11.83,U
sz002416,爱施德,2025-09-23 10:59:12,11.85,102700,11.84,U
sz002416,爱施德,2025-09-23 11:02:12,11.82,17900,11.83,D
sz002416,爱施德,2025-09-23 11:09:09,11.81,18400,11.82,D
sz002416,爱施德,2025-09-23 11:09:36,11.8,43100,11.8,D
sz002416,爱施德,2025-09-23 11:10:12,11.81,18200,11.79,U
sz002416,爱施德,2025-09-23 11:10:15,11.8,25900,11.81,D
sz002416,爱施德,2025-09-23 11:15:54,11.78,18000,11.78,D
sz002416,爱施德,2025-09-23 11:19:30,11.8,25700,11.79,U
sz002416,爱施德,2025-09-23 11:19:36,11.82,60000,11.8,U
sz002416,爱施德,2025-09-23 11:22:00,11.8,26300,11.8,D
sz002416,爱施德,2025-09-23 11:23:06,11.8,17100,11.8,D
sz002416,爱施德,2025-09-23 11:25:45,11.77,20800,11.78,D
sz002416,爱施德,2025-09-23 11:26:21,11.77,46500,11.77,D
sz002416,爱施德,2025-09-23 11:27:06,11.77,26500,11.77,D
sz002416,爱施德,2025-09-23 11:27:54,11.76,42800,11.76,D
sz002416,爱施德,2025-09-23 11:28:57,11.75,22500,11.76,D
sz002416,爱施德,2025-09-23 11:29:33,11.76,88100,11.76,U
sz002416,爱施德,2025-09-23 13:00:00,11.76,32800,11.76,U
sz002416,爱施德,2025-09-23 13:00:06,11.76,23100,11.76,D
sz002416,爱施德,2025-09-23 13:00:18,11.76,25600,11.76,D
sz002416,爱施德,2025-09-23 13:04:09,11.75,20100,11.75,D
sz002416,爱施德,2025-09-23 13:06:57,11.74,57200,11.74,D
sz002416,爱施德,2025-09-23 13:07:00,11.74,45800,11.74,D
sz002416,爱施德,2025-09-23 13:11:06,11.77,20900,11.77,U
sz002416,爱施德,2025-09-23 13:18:09,11.8,56400,11.82,D
sz002416,爱施德,2025-09-23 13:18:18,11.79,57800,11.79,D
sz002416,爱施德,2025-09-23 13:18:36,11.79,23200,11.79,U
sz002416,爱施德,2025-09-23 13:19:06,11.81,19300,11.8,U
sz002416,爱施德,2025-09-23 13:19:45,11.81,20500,11.81,D
sz002416,爱施德,2025-09-23 13:20:09,11.8,20600,11.81,D
sz002416,爱施德,2025-09-23 13:20:54,11.79,28200,11.8,D
sz002416,爱施德,2025-09-23 13:21:12,11.78,30500,11.78,D
sz002416,爱施德,2025-09-23 13:24:24,11.81,61200,11.8,U
sz002416,爱施德,2025-09-23 13:25:51,11.83,41500,11.81,U
sz002416,爱施德,2025-09-23 13:29:27,11.84,26300,11.83,U
sz002416,爱施德,2025-09-23 13:31:54,11.83,20400,11.83,U
sz002416,爱施德,2025-09-23 13:32:24,11.82,100300,11.82,D
sz002416,爱施德,2025-09-23 13:35:06,11.81,22200,11.82,D
sz002416,爱施德,2025-09-23 13:35:51,11.8,56900,11.8,D
sz002416,爱施德,2025-09-23 13:36:24,11.79,18200,11.79,D
sz002416,爱施德,2025-09-23 13:36:57,11.79,43000,11.79,D
sz002416,爱施德,2025-09-23 13:37:51,11.81,25100,11.8,U
sz002416,爱施德,2025-09-23 13:45:18,11.8,20000,11.8,D
sz002416,爱施德,2025-09-23 13:46:15,11.8,46600,11.81,D
sz002416,爱施德,2025-09-23 13:48:21,11.8,29200,11.81,D
sz002416,爱施德,2025-09-23 13:49:18,11.81,17000,11.81,U
sz002416,爱施德,2025-09-23 13:53:00,11.8,82300,11.81,D
sz002416,爱施德,2025-09-23 13:53:06,11.82,131533,11.8,U
sz002416,爱施德,2025-09-23 13:54:57,11.82,74300,11.82,U
sz002416,爱施德,2025-09-23 13:55:39,11.82,43100,11.82,U
sz002416,爱施德,2025-09-23 13:55:42,11.82,20000,11.82,U
sz002416,爱施德,2025-09-23 13:59:06,11.84,19300,11.84,U
sz002416,爱施德,2025-09-23 13:59:48,11.86,24800,11.85,U
sz002416,爱施德,2025-09-23 14:00:27,11.86,30100,11.85,U
sz002416,爱施德,2025-09-23 14:01:03,11.87,26800,11.86,U
sz002416,爱施德,2025-09-23 14:01:51,11.88,23500,11.88,U
sz002416,爱施德,2025-09-23 14:02:00,11.87,23500,11.87,D
sz002416,爱施德,2025-09-23 14:02:06,11.87,23100,11.86,U
sz002416,爱施德,2025-09-23 14:06:42,11.83,25600,11.82,U
sz002416,爱施德,2025-09-23 14:06:57,11.81,43200,11.83,D
sz002416,爱施德,2025-09-23 14:08:21,11.8,17900,11.81,D
sz002416,爱施德,2025-09-23 14:11:33,11.78,32100,11.79,D
sz002416,爱施德,2025-09-23 14:12:21,11.78,34200,11.79,D
sz002416,爱施德,2025-09-23 14:12:57,11.78,20100,11.78,D
sz002416,爱施德,2025-09-23 14:14:12,11.79,68900,11.8,D
sz002416,爱施德,2025-09-23 14:15:06,11.77,68700,11.78,D
sz002416,爱施德,2025-09-23 14:15:09,11.77,164000,11.77,U
sz002416,爱施德,2025-09-23 14:18:39,11.81,17500,11.81,U
sz002416,爱施德,2025-09-23 14:22:06,11.82,20900,11.83,D
sz002416,爱施德,2025-09-23 14:22:27,11.82,25000,11.83,D
sz002416,爱施德,2025-09-23 14:24:06,11.83,19200,11.82,U
sz002416,爱施德,2025-09-23 14:25:51,11.82,17000,11.83,D
sz002416,爱施德,2025-09-23 14:27:54,11.86,69000,11.84,U
sz002416,爱施德,2025-09-23 14:29:21,11.86,18000,11.86,E
sz002416,爱施德,2025-09-23 14:29:33,11.88,31300,11.87,U
sz002416,爱施德,2025-09-23 14:29:48,11.88,60400,11.87,U
sz002416,爱施德,2025-09-23 14:30:30,11.87,20000,11.88,D
sz002416,爱施德,2025-09-23 14:31:00,11.88,23200,11.86,U
sz002416,爱施德,2025-09-23 14:33:00,11.86,27100,11.85,U
sz002416,爱施德,2025-09-23 14:33:03,11.87,18500,11.86,U
sz002416,爱施德,2025-09-23 14:34:18,11.84,24700,11.85,D
sz002416,爱施德,2025-09-23 14:36:03,11.88,39100,11.88,U
sz002416,爱施德,2025-09-23 14:36:12,11.89,43400,11.88,U
sz002416,爱施德,2025-09-23 14:36:36,11.89,30500,11.89,U
sz002416,爱施德,2025-09-23 14:38:30,11.87,20200,11.88,D
sz002416,爱施德,2025-09-23 14:38:36,11.86,21600,11.87,D
sz002416,爱施德,2025-09-23 14:40:00,11.88,35700,11.86,U
sz002416,爱施德,2025-09-23 14:43:18,11.87,52298,11.87,D
sz002416,爱施德,2025-09-23 14:44:57,11.88,33100,11.87,U
sz002416,爱施德,2025-09-23 14:45:00,11.89,27700,11.88,U
sz002416,爱施德,2025-09-23 14:45:12,11.89,20100,11.88,U
sz002416,爱施德,2025-09-23 14:45:15,11.89,25700,11.89,U
sz002416,爱施德,2025-09-23 14:45:24,11.9,32502,11.88,U
sz002416,爱施德,2025-09-23 14:46:09,11.9,23800,11.9,U
sz002416,爱施德,2025-09-23 14:46:12,11.9,49700,11.9,U
sz002416,爱施德,2025-09-23 14:46:15,11.9,26400,11.9,U
sz002416,爱施德,2025-09-23 14:46:18,11.9,52700,11.9,U
sz002416,爱施德,2025-09-23 14:47:12,11.9,18700,11.9,U
sz002416,爱施德,2025-09-23 14:47:42,11.89,18300,11.9,D
sz002416,爱施德,2025-09-23 14:47:48,11.9,25200,11.9,U
sz002416,爱施德,2025-09-23 14:48:12,11.9,19200,11.9,U
sz002416,爱施德,2025-09-23 14:49:00,11.9,22100,11.9,U
sz002416,爱施德,2025-09-23 14:49:09,11.91,20200,11.9,U
sz002416,爱施德,2025-09-23 14:49:12,11.92,19700,11.91,U
sz002416,爱施德,2025-09-23 14:50:00,11.93,21300,11.92,U
sz002416,爱施德,2025-09-23 14:50:12,11.93,19500,11.93,U
sz002416,爱施德,2025-09-23 14:50:15,11.93,24800,11.93,U
sz002416,爱施德,2025-09-23 14:50:54,11.94,25000,11.93,U
sz002416,爱施德,2025-09-23 14:52:03,11.93,30300,11.92,U
sz002416,爱施德,2025-09-23 14:52:06,11.94,50300,11.93,U
sz002416,爱施德,2025-09-23 14:52:36,11.94,46200,11.93,U
sz002416,爱施德,2025-09-23 14:52:48,11.94,28000,11.94,U
sz002416,爱施德,2025-09-23 14:54:51,11.93,35000,11.92,U
sz002416,爱施德,2025-09-23 14:55:09,11.94,23400,11.94,U
sz002416,爱施德,2025-09-23 14:55:12,11.94,24500,11.94,U
sz002416,爱施德,2025-09-23 14:56:00,11.94,20700,11.93,U
sz002416,爱施德,2025-09-23 14:56:12,11.94,23900,11.94,U
sz002416,爱施德,2025-09-23 14:56:42,11.94,25500,11.94,D
sz002416,爱施德,2025-09-23 15:00:00,11.93,245137,11.94,E
