symbol,name,ticktime,price,volume,prev_price,kind
sz002416,爱施德,2025-09-22 09:25:00,11.95,187860,0.0,U
sz002416,爱施德,2025-09-22 09:30:00,11.98,152900,11.95,U
sz002416,爱施德,2025-09-22 09:30:03,11.98,163300,11.98,U
sz002416,爱施德,2025-09-22 09:30:06,11.96,113900,11.98,D
sz002416,爱施德,2025-09-22 09:30:09,11.98,39500,11.96,U
sz002416,爱施德,2025-09-22 09:30:12,11.99,25900,11.98,U
sz002416,爱施德,2025-09-22 09:30:15,11.98,22600,11.99,D
sz002416,爱施德,2025-09-22 09:30:18,11.98,29200,11.98,U
sz002416,爱施德,2025-09-22 09:30:21,11.98,100100,11.98,U
sz002416,爱施德,2025-09-22 09:30:24,11.97,25700,11.98,E
sz002416,爱施德,2025-09-22 09:30:27,11.98,27200,11.97,U
sz002416,爱施德,2025-09-22 09:30:33,11.97,26100,11.98,D
sz002416,爱施德,2025-09-22 09:30:36,11.97,19300,11.97,U
sz002416,爱施德,2025-09-22 09:30:39,11.97,54500,11.97,U
sz002416,爱施德,2025-09-22 09:30:42,11.98,25300,11.97,U
sz002416,爱施德,2025-09-22 09:30:45,11.97,22100,11.98,D
sz002416,爱施德,2025-09-22 09:30:48,11.97,25600,11.97,D
sz002416,爱施德,2025-09-22 09:30:51,11.97,148500,11.97,D
sz002416,爱施德,2025-09-22 09:30:54,11.96,167400,11.97,D
sz002416,爱施德,2025-09-22 09:30:57,11.96,179300,11.96,D
sz002416,爱施德,2025-09-22 09:31:03,11.95,23640,11.96,D
sz002416,爱施德,2025-09-22 09:31:06,11.95,17300,11.95,U
sz002416,爱施德,2025-09-22 09:31:09,11.94,39300,11.95,D
sz002416,爱施德,2025-09-22 09:31:12,11.94,19000,11.94,U
sz002416,爱施德,2025-09-22 09:31:21,11.91,45100,11.92,D
sz002416,爱施德,2025-09-22 09:31:27,11.91,27300,11.91,D
sz002416,爱施德,2025-09-22 09:31:30,11.94,170800,11.91,U
sz002416,爱施德,2025-09-22 09:31:39,11.93,17700,11.92,U
sz002416,爱施德,2025-09-22 09:31:42,11.94,93000,11.93,U
sz002416,爱施德,2025-09-22 09:31:45,11.94,144400,11.94,U
sz002416,爱施德,2025-09-22 09:31:48,11.95,19800,11.94,U
sz002416,爱施德,2025-09-22 09:31:54,11.96,24800,11.96,U
sz002416,爱施德,2025-09-22 09:32:06,11.97,23500,11.97,U
sz002416,爱施德,2025-09-22 09:32:12,11.97,36600,11.97,D
sz002416,爱施德,2025-09-22 09:32:15,11.98,23000,11.97,U
sz002416,爱施德,2025-09-22 09:32:18,11.98,107000,11.98,D
sz002416,爱施德,2025-09-22 09:32:21,11.97,92000,11.98,D
sz002416,爱施德,2025-09-22 09:32:27,11.99,23400,11.99,U
sz002416,爱施德,2025-09-22 09:32:30,11.99,26600,11.99,U
sz002416,爱施德,2025-09-22 09:32:36,11.99,94400,11.98,U
sz002416,爱施德,2025-09-22 09:32:42,11.99,54800,12.0,D
sz002416,爱施德,2025-09-22 09:32:51,12.0,40800,12.0,D
sz002416,爱施德,2025-09-22 09:32:57,12.01,34500,12.01,U
sz002416,爱施德,2025-09-22 09:33:00,12.01,42000,12.01,U
sz002416,爱施德,2025-09-22 09:33:09,12.02,40000,12.02,U
sz002416,爱施德,2025-09-22 09:33:12,12.01,63900,12.02,D
sz002416,爱施德,2025-09-22 09:33:15,12.0,181800,12.01,D
sz002416,爱施德,2025-09-22 09:33:18,12.0,186600,12.0,U
sz002416,爱施德,2025-09-22 09:33:21,12.0,156700,12.0,U
sz002416,爱施德,2025-09-22 09:33:24,12.0,29000,12.0,U
sz002416,爱施德,2025-09-22 09:33:30,11.99,16800,11.99,U
sz002416,爱施德,2025-09-22 09:33:36,12.0,21800,11.99,U
sz002416,爱施德,2025-09-22 09:33:39,11.99,23200,12.0,D
sz002416,爱施德,2025-09-22 09:33:45,12.0,139100,12.0,U
sz002416,爱施德,2025-09-22 09:33:51,11.99,26700,11.99,U
sz002416,爱施德,2025-09-22 09:33:54,11.99,163000,11.99,U
sz002416,爱施德,2025-09-22 09:34:30,11.99,21200,12.0,D
sz002416,爱施德,2025-09-22 09:34:36,11.99,17100,11.99,D
sz002416,爱施德,2025-09-22 09:34:42,11.99,21500,11.99,D
sz002416,爱施德,2025-09-22 09:34:51,12.0,19800,11.99,U
sz002416,爱施德,2025-09-22 09:34:54,12.01,97000,12.0,U
sz002416,爱施德,2025-09-22 09:35:00,12.02,161600,12.01,U
sz002416,爱施德,2025-09-22 09:35:12,12.05,32800,12.05,U
sz002416,爱施德,2025-09-22 09:35:15,12.06,26400,12.05,U
sz002416,爱施德,2025-09-22 09:35:18,12.06,28800,12.06,U
sz002416,爱施德,2025-09-22 09:35:21,12.06,69500,12.06,U
sz002416,爱施德,2025-09-22 09:35:24,12.07,18400,12.06,U
sz002416,爱施德,2025-09-22 09:35:27,12.07,25200,12.07,U
sz002416,爱施德,2025-09-22 09:35:30,12.08,32400,12.07,U
sz002416,爱施德,2025-09-22 09:35:36,12.08,61500,12.08,U
sz002416,爱施德,2025-09-22 09:35:39,12.08,119400,12.08,U
sz002416,爱施德,2025-09-22 09:35:42,12.08,32300,12.08,U
sz002416,爱施德,2025-09-22 09:35:45,12.08,26200,12.08,D
sz002416,爱施德,2025-09-22 09:35:48,12.08,33100,12.08,U
sz002416,爱施德,2025-09-22 09:35:51,12.08,32700,12.08,D
sz002416,爱施德,2025-09-22 09:35:54,12.08,98500,12.08,D
sz002416,爱施德,2025-09-22 09:36:00,12.08,40100,12.09,D
sz002416,爱施德,2025-09-22 09:36:03,12.08,114200,12.08,D
sz002416,爱施德,2025-09-22 09:36:06,12.08,46400,12.08,U
sz002416,爱施德,2025-09-22 09:36:09,12.08,48700,12.08,D
sz002416,爱施德,2025-09-22 09:36:12,12.07,43200,12.08,D
sz002416,爱施德,2025-09-22 09:36:15,12.06,43800,12.07,D
sz002416,爱施德,2025-09-22 09:36:18,12.07,44200,12.06,U
sz002416,爱施德,2025-09-22 09:36:21,12.08,133600,12.07,U
sz002416,爱施德,2025-09-22 09:36:24,12.1,78100,12.08,U
sz002416,爱施德,2025-09-22 09:36:27,12.09,17600,12.1,E
sz002416,爱施德,2025-09-22 09:36:33,12.1,245300,12.09,U
sz002416,爱施德,2025-09-22 09:36:42,12.12,34600,12.1,U
sz002416,爱施德,2025-09-22 09:36:48,12.13,32200,12.12,U
sz002416,爱施德,2025-09-22 09:36:51,12.12,66300,12.13,D
sz002416,爱施德,2025-09-22 09:36:54,12.13,40100,12.12,U
sz002416,爱施德,2025-09-22 09:36:57,12.13,25600,12.13,D
sz002416,爱施德,2025-09-22 09:37:00,12.12,34000,12.13,D
sz002416,爱施德,2025-09-22 09:37:03,12.12,53000,12.12,U
sz002416,爱施德,2025-09-22 09:37:12,12.11,38600,12.12,D
sz002416,爱施德,2025-09-22 09:37:15,12.12,24000,12.11,U
sz002416,爱施德,2025-09-22 09:37:21,12.1,45700,12.11,D
sz002416,爱施德,2025-09-22 09:37:27,12.1,31700,12.1,U
sz002416,爱施德,2025-09-22 09:37:30,12.09,50300,12.1,D
sz002416,爱施德,2025-09-22 09:37:36,12.13,342100,12.09,U
sz002416,爱施德,2025-09-22 09:37:39,12.14,33200,12.13,U
sz002416,爱施德,2025-09-22 09:37:45,12.14,21000,12.14,D
sz002416,爱施德,2025-09-22 09:37:48,12.15,131900,12.14,U
sz002416,爱施德,2025-09-22 09:37:51,12.16,27400,12.15,U
sz002416,爱施德,2025-09-22 09:37:54,12.16,25800,12.16,U
sz002416,爱施德,2025-09-22 09:37:57,12.16,71700,12.16,U
sz002416,爱施德,2025-09-22 09:38:00,12.16,26400,12.16,U
sz002416,爱施德,2025-09-22 09:38:03,12.18,59900,12.16,U
sz002416,爱施德,2025-09-22 09:38:06,12.16,18000,12.18,D
sz002416,爱施德,2025-09-22 09:38:09,12.16,24100,12.16,D
sz002416,爱施德,2025-09-22 09:38:12,12.16,17300,12.16,U
sz002416,爱施德,2025-09-22 09:38:15,12.15,151200,12.16,D
sz002416,爱施德,2025-09-22 09:38:18,12.14,120300,12.15,D
sz002416,爱施德,2025-09-22 09:38:24,12.14,65600,12.14,U
sz002416,爱施德,2025-09-22 09:38:27,12.14,26800,12.14,E
sz002416,爱施德,2025-09-22 09:38:30,12.14,37000,12.14,U
sz002416,爱施德,2025-09-22 09:38:33,12.12,180100,12.14,D
sz002416,爱施德,2025-09-22 09:38:42,12.1,19900,12.1,D
sz002416,爱施德,2025-09-22 09:38:51,12.1,29300,12.1,U
sz002416,爱施德,2025-09-22 09:39:00,12.12,40800,12.1,U
sz002416,爱施德,2025-09-22 09:39:03,12.12,26700,12.12,D
sz002416,爱施德,2025-09-22 09:39:06,12.13,30600,12.12,U
sz002416,爱施德,2025-09-22 09:39:09,12.14,29100,12.13,U
sz002416,爱施德,2025-09-22 09:39:12,12.13,20000,12.14,D
sz002416,爱施德,2025-09-22 09:39:21,12.13,23000,12.13,D
sz002416,爱施德,2025-09-22 09:39:30,12.13,43700,12.13,D
sz002416,爱施德,2025-09-22 09:39:36,12.13,45900,12.13,U
sz002416,爱施德,2025-09-22 09:39:42,12.12,44100,12.12,D
sz002416,爱施德,2025-09-22 09:39:54,12.13,48300,12.13,U
sz002416,爱施德,2025-09-22 09:39:57,12.12,16600,12.13,D
sz002416,爱施德,2025-09-22 09:40:06,12.13,27900,12.12,U
sz002416,爱施德,2025-09-22 09:40:09,12.12,21600,12.13,D
sz002416,爱施德,2025-09-22 09:40:12,12.12,34200,12.12,D
sz002416,爱施德,2025-09-22 09:40:45,12.1,20600,12.1,D
sz002416,爱施德,2025-09-22 09:40:51,12.1,20100,12.1,D
sz002416,爱施德,2025-09-22 09:40:54,12.1,29100,12.1,D
sz002416,爱施德,2025-09-22 09:41:03,12.1,16800,12.09,U
sz002416,爱施德,2025-09-22 09:41:12,12.08,18000,12.08,D
sz002416,爱施德,2025-09-22 09:41:15,12.08,42520,12.08,D
sz002416,爱施德,2025-09-22 09:41:30,12.07,24500,12.07,D
sz002416,爱施德,2025-09-22 09:41:39,12.06,23300,12.07,D
sz002416,爱施德,2025-09-22 09:42:18,12.09,40900,12.09,U
sz002416,爱施德,2025-09-22 09:42:21,12.09,44700,12.09,U
sz002416,爱施德,2025-09-22 09:42:24,12.09,20000,12.09,U
sz002416,爱施德,2025-09-22 09:42:27,12.1,18300,12.09,U
sz002416,爱施德,2025-09-22 09:42:42,12.11,70300,12.09,U
sz002416,爱施德,2025-09-22 09:42:45,12.1,18500,12.11,U
sz002416,爱施德,2025-09-22 09:42:54,12.11,23800,12.1,U
sz002416,爱施德,2025-09-22 09:43:00,12.11,29300,12.11,U
sz002416,爱施德,2025-09-22 09:43:03,12.11,18400,12.11,U
sz002416,爱施德,2025-09-22 09:43:33,12.1,33700,12.1,D
sz002416,爱施德,2025-09-22 09:43:48,12.12,26400,12.11,U
sz002416,爱施德,2025-09-22 09:43:51,12.12,80613,12.12,U
sz002416,爱施德,2025-09-22 09:44:03,12.12,20000,12.12,U
sz002416,爱施德,2025-09-22 09:44:15,12.13,24700,12.12,U
sz002416,爱施德,2025-09-22 09:44:21,12.12,43000,12.12,D
sz002416,爱施德,2025-09-22 09:44:33,12.14,65000,12.13,U
sz002416,爱施德,2025-09-22 09:44:42,12.14,42000,12.13,U
sz002416,爱施德,2025-09-22 09:44:48,12.14,41400,12.14,U
sz002416,爱施德,2025-09-22 09:44:51,12.14,37800,12.14,U
sz002416,爱施德,2025-09-22 09:45:00,12.14,63900,12.14,U
sz002416,爱施德,2025-09-22 09:45:03,12.14,56400,12.14,U
sz002416,爱施德,2025-09-22 09:45:24,12.14,16500,12.13,U
sz002416,爱施德,2025-09-22 09:45:27,12.14,22700,12.14,U
sz002416,爱施德,2025-09-22 09:45:30,12.14,24000,12.14,D
sz002416,爱施德,2025-09-22 09:45:51,12.14,95100,12.13,U
sz002416,爱施德,2025-09-22 09:46:30,12.12,25300,12.12,D
sz002416,爱施德,2025-09-22 09:46:36,12.12,24000,12.13,D
sz002416,爱施德,2025-09-22 09:46:39,12.12,19700,12.12,U
sz002416,爱施德,2025-09-22 09:46:54,12.11,28600,12.12,D
sz002416,爱施德,2025-09-22 09:46:57,12.11,20000,12.11,D
sz002416,爱施德,2025-09-22 09:47:06,12.11,19987,12.11,D
sz002416,爱施德,2025-09-22 09:47:39,12.1,21087,12.11,D
sz002416,爱施德,2025-09-22 09:48:00,12.1,49200,12.1,D
sz002416,爱施德,2025-09-22 09:48:03,12.09,70280,12.1,D
sz002416,爱施德,2025-09-22 09:48:15,12.09,115220,12.09,D
sz002416,爱施德,2025-09-22 09:48:27,12.08,38800,12.09,D
sz002416,爱施德,2025-09-22 09:48:33,12.07,35700,12.08,D
sz002416,爱施德,2025-09-22 09:48:42,12.06,106400,12.06,D
sz002416,爱施德,2025-09-22 09:49:36,12.05,26800,12.05,U
sz002416,爱施德,2025-09-22 09:49:45,12.04,38600,12.04,D
sz002416,爱施德,2025-09-22 09:50:24,12.03,17000,12.03,D
sz002416,爱施德,2025-09-22 09:50:33,12.03,20600,12.03,D
sz002416,爱施德,2025-09-22 09:51:09,12.02,40700,12.02,D
sz002416,爱施德,2025-09-22 09:51:12,12.03,59500,12.02,U
sz002416,爱施德,2025-09-22 09:51:48,12.06,17400,12.06,U
sz002416,爱施德,2025-09-22 09:51:54,12.05,27600,12.04,U
sz002416,爱施德,2025-09-22 09:52:00,12.04,20900,12.03,U
sz002416,爱施德,2025-09-22 09:52:09,12.03,34700,12.03,D
sz002416,爱施德,2025-09-22 09:52:12,12.04,40200,12.03,U
sz002416,爱施德,2025-09-22 09:52:18,12.03,139700,12.04,D
sz002416,爱施德,2025-09-22 09:52:27,12.02,27900,12.03,D
sz002416,爱施德,2025-09-22 09:53:51,12.02,21400,12.02,D
sz002416,爱施德,2025-09-22 09:54:03,12.02,34600,12.01,U
sz002416,爱施德,2025-09-22 09:55:18,12.02,101700,12.02,U
sz002416,爱施德,2025-09-22 09:56:06,12.02,34800,12.03,D
sz002416,爱施德,2025-09-22 09:56:18,12.01,99000,12.02,D
sz002416,爱施德,2025-09-22 09:56:48,12.01,33900,12.01,D
sz002416,爱施德,2025-09-22 09:56:51,12.01,49700,12.01,D
sz002416,爱施德,2025-09-22 09:57:00,12.01,20380,12.01,D
sz002416,爱施德,2025-09-22 09:58:03,12.0,41700,12.01,D
sz002416,爱施德,2025-09-22 09:58:30,12.01,24500,12.01,U
sz002416,爱施德,2025-09-22 09:58:33,12.0,20300,12.01,D
sz002416,爱施德,2025-09-22 09:58:36,12.01,29100,12.0,U
sz002416,爱施德,2025-09-22 09:58:54,12.0,390900,12.01,D
sz002416,爱施德,2025-09-22 09:58:57,11.99,54300,12.0,E
sz002416,爱施德,2025-09-22 09:59:00,11.96,55100,11.99,D
sz002416,爱施德,2025-09-22 09:59:03,11.97,26100,11.96,U
sz002416,爱施德,2025-09-22 09:59:15,11.97,34000,11.96,U
sz002416,爱施德,2025-09-22 10:00:03,11.97,31000,11.97,D
sz002416,爱施德,2025-09-22 10:00:24,11.98,57400,11.96,U
sz002416,爱施德,2025-09-22 10:00:39,11.97,30000,11.97,U
sz002416,爱施德,2025-09-22 10:00:51,11.97,27900,11.97,U
sz002416,爱施德,2025-09-22 10:01:00,11.96,33800,11.97,D
sz002416,爱施德,2025-09-22 10:01:03,11.95,20900,11.96,D
sz002416,爱施德,2025-09-22 10:01:30,11.96,26400,11.96,U
sz002416,爱施德,2025-09-22 10:02:00,11.95,18300,11.96,D
sz002416,爱施德,2025-09-22 10:02:30,11.96,73200,11.96,U
sz002416,爱施德,2025-09-22 10:03:15,11.98,17100,11.98,U
sz002416,爱施德,2025-09-22 10:04:45,11.98,45000,11.98,D
sz002416,爱施德,2025-09-22 10:04:51,11.98,17600,11.98,U
sz002416,爱施德,2025-09-22 10:05:33,11.97,57100,11.98,D
sz002416,爱施德,2025-09-22 10:06:06,11.97,39400,11.97,D
sz002416,爱施德,2025-09-22 10:06:09,11.97,17800,11.97,D
sz002416,爱施德,2025-09-22 10:06:12,11.97,17200,11.97,D
sz002416,爱施德,2025-09-22 10:07:42,11.97,31800,11.97,U
sz002416,爱施德,2025-09-22 10:08:36,11.97,31100,11.97,U
sz002416,爱施德,2025-09-22 10:09:27,11.97,42900,11.98,D
sz002416,爱施德,2025-09-22 10:10:33,11.98,52200,11.99,D
sz002416,爱施德,2025-09-22 10:11:21,11.99,21600,11.99,U
sz002416,爱施德,2025-09-22 10:13:15,11.97,17400,11.98,D
sz002416,爱施德,2025-09-22 10:14:33,11.97,22400,11.97,D
sz002416,爱施德,2025-09-22 10:15:21,11.95,153300,11.96,D
sz002416,爱施德,2025-09-22 10:15:24,11.95,39200,11.95,D
sz002416,爱施德,2025-09-22 10:16:27,11.96,52400,11.96,U
sz002416,爱施德,2025-09-22 10:17:12,11.96,36400,11.96,U
sz002416,爱施德,2025-09-22 10:18:00,11.97,21200,11.97,U
sz002416,爱施德,2025-09-22 10:18:27,11.98,58400,11.97,U
sz002416,爱施德,2025-09-22 10:21:18,11.96,25900,11.97,D
sz002416,爱施德,2025-09-22 10:26:54,11.97,25200,11.97,U
sz002416,爱施德,2025-09-22 10:27:33,11.99,52100,11.98,U
sz002416,爱施德,2025-09-22 10:27:48,12.0,18200,12.0,U
sz002416,爱施德,2025-09-22 10:28:09,12.0,32200,12.0,U
sz002416,爱施德,2025-09-22 10:28:54,12.02,28800,12.03,D
sz002416,爱施德,2025-09-22 10:29:09,12.0,17100,12.01,D
sz002416,爱施德,2025-09-22 10:30:06,12.0,24200,12.02,D
sz002416,爱施德,2025-09-22 10:32:15,12.01,27200,12.01,D
sz002416,爱施德,2025-09-22 10:33:36,12.02,39800,12.01,U
sz002416,爱施德,2025-09-22 10:33:42,12.02,32900,12.02,U
sz002416,爱施德,2025-09-22 10:34:06,12.0,94178,12.01,D
sz002416,爱施德,2025-09-22 10:35:06,12.01,26622,12.0,U
sz002416,爱施德,2025-09-22 10:36:24,12.0,18500,12.0,U
sz002416,爱施德,2025-09-22 10:38:18,12.0,63400,12.0,D
sz002416,爱施德,2025-09-22 10:39:51,12.0,20000,12.01,D
sz002416,爱施德,2025-09-22 10:41:15,12.0,51200,12.01,D
sz002416,爱施德,2025-09-22 10:41:27,12.01,22300,12.0,U
sz002416,爱施德,2025-09-22 10:43:00,12.0,39600,12.0,D
sz002416,爱施德,2025-09-22 10:46:00,12.02,25700,12.0,U
sz002416,爱施德,2025-09-22 10:46:03,12.01,40700,12.02,E
sz002416,爱施德,2025-09-22 10:46:57,12.04,44700,12.03,U
sz002416,爱施德,2025-09-22 10:47:06,12.04,21200,12.04,D
sz002416,爱施德,2025-09-22 10:48:27,12.04,20300,12.04,U
sz002416,爱施德,2025-09-22 10:49:24,12.05,28600,12.05,U
sz002416,爱施德,2025-09-22 10:49:51,12.05,18400,12.05,U
sz002416,爱施德,2025-09-22 10:50:42,12.05,24600,12.05,U
sz002416,爱施德,2025-09-22 10:51:03,12.04,53900,12.05,D
sz002416,爱施德,2025-09-22 10:52:12,12.03,37000,12.04,D
sz002416,爱施德,2025-09-22 10:53:36,12.02,19200,12.02,U
sz002416,爱施德,2025-09-22 10:53:45,12.01,23200,12.02,D
sz002416,爱施德,2025-09-22 10:54:06,12.02,42600,12.01,U
sz002416,爱施德,2025-09-22 10:56:30,12.02,54500,12.04,D
sz002416,爱施德,2025-09-22 10:57:03,12.02,102000,12.03,D
sz002416,爱施德,2025-09-22 10:57:36,12.01,39300,12.02,D
sz002416,爱施德,2025-09-22 10:57:57,12.0,100200,12.01,D
sz002416,爱施德,2025-09-22 11:00:48,12.0,49320,11.99,U
sz002416,爱施德,2025-09-22 11:02:03,12.0,49400,12.0,D
sz002416,爱施德,2025-09-22 11:03:57,12.01,17700,12.0,U
sz002416,爱施德,2025-09-22 11:06:15,12.01,16900,12.0,U
sz002416,爱施德,2025-09-22 11:07:12,11.99,19400,12.0,D
sz002416,爱施德,2025-09-22 11:14:21,11.97,83600,11.97,D
sz002416,爱施德,2025-09-22 11:14:39,11.97,36700,11.97,D
sz002416,爱施德,2025-09-22 11:16:27,11.96,84100,11.96,D
sz002416,爱施德,2025-09-22 11:19:48,11.96,17300,11.96,D
sz002416,爱施德,2025-09-22 11:19:51,11.96,21900,11.96,D
sz002416,爱施德,2025-09-22 11:21:21,11.96,55600,11.96,U
sz002416,爱施德,2025-09-22 11:21:48,11.97,21200,11.96,U
sz002416,爱施德,2025-09-22 11:22:06,11.98,17800,11.97,U
sz002416,爱施德,2025-09-22 11:26:24,11.96,24400,11.98,D
sz002416,爱施德,2025-09-22 11:26:54,11.98,50200,11.97,U
sz002416,爱施德,2025-09-22 11:27:57,11.98,55400,11.99,D
sz002416,爱施德,2025-09-22 11:28:12,11.99,18500,11.99,D
sz002416,爱施德,2025-09-22 11:28:42,11.99,21100,11.99,U
sz002416,爱施德,2025-09-22 13:00:00,12.05,89600,12.0,U
sz002416,爱施德,2025-09-22 13:00:03,12.01,17660,12.05,D
sz002416,爱施德,2025-09-22 13:01:12,12.03,36000,12.04,D
sz002416,爱施德,2025-09-22 13:02:06,12.03,21700,12.02,U
sz002416,爱施德,2025-09-22 13:02:24,12.04,52600,12.02,U
sz002416,爱施德,2025-09-22 13:02:54,12.03,22800,12.03,D
sz002416,爱施德,2025-09-22 13:03:24,12.03,82200,12.03,U
sz002416,爱施德,2025-09-22 13:04:51,12.02,20000,12.01,U
sz002416,爱施德,2025-09-22 13:05:54,12.03,21800,12.03,U
sz002416,爱施德,2025-09-22 13:10:24,12.0,47540,12.01,D
sz002416,爱施德,2025-09-22 13:10:48,12.0,64000,12.0,D
sz002416,爱施德,2025-09-22 13:11:06,12.0,64000,12.0,D
sz002416,爱施德,2025-09-22 13:11:27,11.98,23900,12.0,D
sz002416,爱施德,2025-09-22 13:12:09,11.99,25800,11.98,U
sz002416,爱施德,2025-09-22 13:12:33,12.0,18300,11.99,U
sz002416,爱施德,2025-09-22 13:13:39,12.0,27200,12.0,D
sz002416,爱施德,2025-09-22 13:16:42,11.99,19700,11.99,D
sz002416,爱施德,2025-09-22 13:19:51,11.97,20800,11.98,D
sz002416,爱施德,2025-09-22 13:22:48,11.98,22800,11.98,U
sz002416,爱施德,2025-09-22 13:22:54,11.99,18000,11.98,U
sz002416,爱施德,2025-09-22 13:29:24,11.99,18800,11.99,U
sz002416,爱施德,2025-09-22 13:30:18,11.97,25100,11.99,D
sz002416,爱施德,2025-09-22 13:34:21,11.98,21100,11.98,U
sz002416,爱施德,2025-09-22 13:37:42,11.97,40000,11.98,D
sz002416,爱施德,2025-09-22 13:42:00,11.99,26300,11.99,U
sz002416,爱施德,2025-09-22 13:42:09,11.99,23500,11.99,D
sz002416,爱施德,2025-09-22 13:42:39,11.99,17500,11.98,U
sz002416,爱施德,2025-09-22 13:43:48,12.0,59000,11.99,U
sz002416,爱施德,2025-09-22 13:46:03,12.0,27900,12.0,U
sz002416,爱施德,2025-09-22 13:46:54,12.0,28300,12.01,D
sz002416,爱施德,2025-09-22 13:47:03,12.01,21000,12.01,U
sz002416,爱施德,2025-09-22 13:48:48,12.0,33300,12.0,D
sz002416,爱施德,2025-09-22 13:49:45,12.0,25000,11.99,U
sz002416,爱施德,2025-09-22 13:49:57,12.0,19000,11.99,U
sz002416,爱施德,2025-09-22 13:50:06,12.0,23000,12.0,U
sz002416,爱施德,2025-09-22 13:50:27,12.0,18500,11.99,U
sz002416,爱施德,2025-09-22 13:50:48,12.0,17000,11.99,U
sz002416,爱施德,2025-09-22 13:51:06,12.01,21800,12.0,U
sz002416,爱施德,2025-09-22 13:52:33,12.01,31000,12.01,D
sz002416,爱施德,2025-09-22 13:54:48,12.02,27800,12.02,U
sz002416,爱施德,2025-09-22 13:54:54,12.03,36000,12.02,U
sz002416,爱施德,2025-09-22 13:55:00,12.03,27700,12.03,U
sz002416,爱施德,2025-09-22 13:55:12,12.04,43600,12.04,U
sz002416,爱施德,2025-09-22 13:55:15,12.05,54600,12.04,U
sz002416,爱施德,2025-09-22 13:55:21,12.08,117600,12.05,U
sz002416,爱施德,2025-09-22 13:55:42,12.07,75100,12.07,D
sz002416,爱施德,2025-09-22 13:55:57,12.06,18400,12.07,D
sz002416,爱施德,2025-09-22 13:56:24,12.07,24440,12.06,U
sz002416,爱施德,2025-09-22 13:56:33,12.07,57800,12.07,D
sz002416,爱施德,2025-09-22 13:57:00,12.07,17200,12.08,D
sz002416,爱施德,2025-09-22 13:57:06,12.09,57000,12.08,U
sz002416,爱施德,2025-09-22 13:57:09,12.07,97860,12.09,D
sz002416,爱施德,2025-09-22 13:57:12,12.08,28900,12.07,U
sz002416,爱施德,2025-09-22 13:57:27,12.07,19600,12.07,D
sz002416,爱施德,2025-09-22 13:59:39,12.06,22500,12.07,D
sz002416,爱施德,2025-09-22 14:00:45,12.04,22400,12.05,D
sz002416,爱施德,2025-09-22 14:01:12,12.03,20300,12.03,D
sz002416,爱施德,2025-09-22 14:02:00,12.02,40600,12.02,U
sz002416,爱施德,2025-09-22 14:04:57,12.01,126700,12.02,D
sz002416,爱施德,2025-09-22 14:05:00,12.01,27100,12.01,D
sz002416,爱施德,2025-09-22 14:05:45,12.01,19700,12.01,U
sz002416,爱施德,2025-09-22 14:06:09,11.99,94800,12.0,D
sz002416,爱施德,2025-09-22 14:06:12,12.0,35300,11.99,U
sz002416,爱施德,2025-09-22 14:07:21,11.99,19900,11.99,U
sz002416,爱施德,2025-09-22 14:09:03,11.99,19500,11.99,D
sz002416,爱施德,2025-09-22 14:09:57,11.99,30600,12.0,D
sz002416,爱施德,2025-09-22 14:12:27,12.01,37300,12.0,U
sz002416,爱施德,2025-09-22 14:13:06,12.0,26400,12.01,D
sz002416,爱施德,2025-09-22 14:17:27,11.99,55000,12.0,D
sz002416,爱施德,2025-09-22 14:17:39,12.0,33100,12.0,U
sz002416,爱施德,2025-09-22 14:18:09,12.0,56000,12.0,D
sz002416,爱施德,2025-09-22 14:18:15,12.0,22900,12.0,U
sz002416,爱施德,2025-09-22 14:20:06,12.01,55000,12.01,U
sz002416,爱施德,2025-09-22 14:20:21,12.02,40000,12.02,U
sz002416,爱施德,2025-09-22 14:20:24,12.02,66100,12.02,U
sz002416,爱施德,2025-09-22 14:20:39,12.03,21200,12.02,U
sz002416,爱施德,2025-09-22 14:20:54,12.03,22400,12.03,U
sz002416,爱施德,2025-09-22 14:21:33,12.04,23100,12.04,U
sz002416,爱施德,2025-09-22 14:21:36,12.03,28800,12.04,D
sz002416,爱施德,2025-09-22 14:21:42,12.05,63300,12.03,U
sz002416,爱施德,2025-09-22 14:21:51,12.05,63700,12.05,U
sz002416,爱施德,2025-09-22 14:26:06,12.03,44900,12.03,U
sz002416,爱施德,2025-09-22 14:26:39,12.03,24700,12.03,D
sz002416,爱施德,2025-09-22 14:29:03,12.03,21800,12.03,U
sz002416,爱施德,2025-09-22 14:30:09,12.03,20400,12.02,U
sz002416,爱施德,2025-09-22 14:30:45,12.03,21600,12.03,U
sz002416,爱施德,2025-09-22 14:30:54,12.03,18100,12.03,U
sz002416,爱施德,2025-09-22 14:31:27,12.04,35100,12.03,U
sz002416,爱施德,2025-09-22 14:31:51,12.05,30100,12.05,U
sz002416,爱施德,2025-09-22 14:31:57,12.05,34000,12.05,U
sz002416,爱施德,2025-09-22 14:32:06,12.05,35000,12.05,U
sz002416,爱施德,2025-09-22 14:32:12,12.05,31400,12.05,U
sz002416,爱施德,2025-09-22 14:32:57,12.05,20200,12.05,U
sz002416,爱施德,2025-09-22 14:33:24,12.05,18700,12.05,D
sz002416,爱施德,2025-09-22 14:34:30,12.07,144100,12.06,U
sz002416,爱施德,2025-09-22 14:35:45,12.07,42000,12.07,D
sz002416,爱施德,2025-09-22 14:38:00,12.07,20500,12.07,U
sz002416,爱施德,2025-09-22 14:38:42,12.07,17800,12.06,U
sz002416,爱施德,2025-09-22 14:39:15,12.05,17200,12.06,D
sz002416,爱施德,2025-09-22 14:39:45,12.06,25400,12.06,U
sz002416,爱施德,2025-09-22 14:41:24,12.06,23000,12.06,U
sz002416,爱施德,2025-09-22 14:44:57,12.06,36000,12.06,U
sz002416,爱施德,2025-09-22 14:45:18,12.05,53600,12.05,D
sz002416,爱施德,2025-09-22 14:45:57,12.06,43100,12.05,U
sz002416,爱施德,2025-09-22 14:46:06,12.06,17800,12.05,U
sz002416,爱施德,2025-09-22 14:46:09,12.06,23700,12.06,D
sz002416,爱施德,2025-09-22 14:47:54,12.07,58400,12.07,U
sz002416,爱施德,2025-09-22 14:48:21,12.07,21200,12.06,U
sz002416,爱施德,2025-09-22 14:48:39,12.07,20200,12.06,U
sz002416,爱施德,2025-09-22 14:49:00,12.07,28900,12.07,U
sz002416,爱施德,2025-09-22 14:49:24,12.07,56900,12.07,U
sz002416,爱施德,2025-09-22 14:50:00,12.07,109800,12.07,U
sz002416,爱施德,2025-09-22 14:50:03,12.06,24900,12.07,D
sz002416,爱施德,2025-09-22 14:50:09,12.07,47800,12.07,U
sz002416,爱施德,2025-09-22 14:51:24,12.06,63600,12.07,D
sz002416,爱施德,2025-09-22 14:51:33,12.06,72480,12.06,D
sz002416,爱施德,2025-09-22 14:52:42,12.06,21900,12.06,U
sz002416,爱施德,2025-09-22 14:53:15,12.06,22300,12.07,D
sz002416,爱施德,2025-09-22 14:53:42,12.07,50700,12.06,U
sz002416,爱施德,2025-09-22 14:53:48,12.07,53300,12.07,U
sz002416,爱施德,2025-09-22 14:54:06,12.07,20900,12.06,U
sz002416,爱施德,2025-09-22 14:54:21,12.07,22600,12.07,U
sz002416,爱施德,2025-09-22 14:54:27,12.06,30400,12.07,D
sz002416,爱施德,2025-09-22 14:54:42,12.07,23700,12.07,U
sz002416,爱施德,2025-09-22 14:55:30,12.07,19000,12.07,U
sz002416,爱施德,2025-09-22 14:56:09,12.07,18000,12.07,U
sz002416,爱施德,2025-09-22 14:56:42,12.07,18600,12.06,U
sz002416,爱施德,2025-09-22 14:56:54,12.06,29682,12.06,D
sz002416,爱施德,2025-09-22 14:56:57,12.07,16600,12.06,U
sz002416,爱施德,2025-09-22 15:00:00,12.07,443814,12.07,E
