symbol,name,ticktime,price,volume,prev_price,kind
sz002416,爱施德,2025-10-10 09:25:00,12.36,196500,0.0,D
sz002416,爱施德,2025-10-10 09:30:00,12.37,90500,12.36,E
sz002416,爱施德,2025-10-10 09:30:03,12.35,164600,12.37,D
sz002416,爱施德,2025-10-10 09:30:06,12.36,55300,12.35,U
sz002416,爱施德,2025-10-10 09:30:09,12.37,29800,12.36,E
sz002416,爱施德,2025-10-10 09:30:18,12.34,84200,12.36,D
sz002416,爱施德,2025-10-10 09:30:36,12.35,17100,12.35,U
sz002416,爱施德,2025-10-10 09:30:42,12.35,31800,12.35,D
sz002416,爱施德,2025-10-10 09:30:48,12.33,123400,12.37,D
sz002416,爱施德,2025-10-10 09:30:51,12.37,93200,12.33,U
sz002416,爱施德,2025-10-10 09:30:54,12.36,66500,12.37,D
sz002416,爱施德,2025-10-10 09:31:06,12.33,20500,12.34,D
sz002416,爱施德,2025-10-10 09:31:09,12.35,35800,12.33,U
sz002416,爱施德,2025-10-10 09:31:33,12.35,24900,12.34,U
sz002416,爱施德,2025-10-10 09:31:39,12.35,36200,12.35,D
sz002416,爱施德,2025-10-10 09:31:45,12.33,74900,12.34,D
sz002416,爱施德,2025-10-10 09:31:48,12.33,25100,12.33,U
sz002416,爱施德,2025-10-10 09:31:51,12.35,35500,12.33,U
sz002416,爱施德,2025-10-10 09:31:54,12.33,19100,12.35,D
sz002416,爱施德,2025-10-10 09:31:57,12.35,27500,12.33,U
sz002416,爱施德,2025-10-10 09:32:06,12.35,32500,12.33,U
sz002416,爱施德,2025-10-10 09:32:24,12.35,41200,12.35,U
sz002416,爱施德,2025-10-10 09:32:33,12.34,23800,12.34,D
sz002416,爱施德,2025-10-10 09:32:45,12.33,21300,12.34,D
sz002416,爱施德,2025-10-10 09:32:48,12.33,22400,12.33,D
sz002416,爱施德,2025-10-10 09:33:03,12.34,22600,12.34,U
sz002416,爱施德,2025-10-10 09:33:06,12.34,19100,12.34,U
sz002416,爱施德,2025-10-10 09:33:15,12.35,44400,12.33,U
sz002416,爱施德,2025-10-10 09:33:18,12.34,17300,12.35,E
sz002416,爱施德,2025-10-10 09:33:33,12.35,43900,12.35,U
sz002416,爱施德,2025-10-10 09:33:36,12.33,19900,12.35,D
sz002416,爱施德,2025-10-10 09:33:42,12.33,22900,12.34,D
sz002416,爱施德,2025-10-10 09:33:57,12.34,21000,12.34,D
sz002416,爱施德,2025-10-10 09:34:09,12.34,17700,12.34,D
sz002416,爱施德,2025-10-10 09:34:18,12.34,19700,12.34,U
sz002416,爱施德,2025-10-10 09:34:36,12.33,108000,12.34,D
sz002416,爱施德,2025-10-10 09:34:45,12.32,25600,12.32,D
sz002416,爱施德,2025-10-10 09:35:03,12.32,16600,12.32,D
sz002416,爱施德,2025-10-10 09:35:15,12.33,19600,12.32,U
sz002416,爱施德,2025-10-10 09:35:33,12.32,21200,12.33,D
sz002416,爱施德,2025-10-10 09:36:00,12.34,57800,12.33,U
sz002416,爱施德,2025-10-10 09:36:15,12.33,24800,12.34,D
sz002416,爱施德,2025-10-10 09:36:18,12.33,16300,12.33,U
sz002416,爱施德,2025-10-10 09:36:39,12.33,17100,12.33,D
sz002416,爱施德,2025-10-10 09:37:03,12.33,20000,12.34,D
sz002416,爱施德,2025-10-10 09:37:09,12.34,70900,12.34,U
sz002416,爱施德,2025-10-10 09:37:15,12.32,65300,12.34,D
sz002416,爱施德,2025-10-10 09:37:21,12.34,25000,12.33,U
sz002416,爱施德,2025-10-10 09:37:30,12.33,17600,12.33,U
sz002416,爱施德,2025-10-10 09:37:36,12.32,21800,12.32,D
sz002416,爱施德,2025-10-10 09:37:51,12.32,18200,12.33,D
sz002416,爱施德,2025-10-10 09:37:57,12.33,51800,12.33,D
sz002416,爱施德,2025-10-10 09:38:03,12.32,95800,12.33,D
sz002416,爱施德,2025-10-10 09:38:06,12.32,25800,12.32,D
sz002416,爱施德,2025-10-10 09:38:15,12.31,22200,12.31,D
sz002416,爱施德,2025-10-10 09:38:21,12.31,47000,12.31,D
sz002416,爱施德,2025-10-10 09:38:24,12.31,18000,12.31,D
sz002416,爱施德,2025-10-10 09:38:33,12.31,78700,12.31,D
sz002416,爱施德,2025-10-10 09:38:36,12.31,37900,12.31,D
sz002416,爱施德,2025-10-10 09:38:39,12.31,18700,12.31,D
sz002416,爱施德,2025-10-10 09:38:45,12.3,28300,12.31,D
sz002416,爱施德,2025-10-10 09:38:48,12.31,161200,12.3,U
sz002416,爱施德,2025-10-10 09:38:57,12.3,42300,12.3,U
sz002416,爱施德,2025-10-10 09:39:03,12.29,45600,12.3,D
sz002416,爱施德,2025-10-10 09:39:12,12.3,44400,12.29,U
sz002416,爱施德,2025-10-10 09:39:27,12.29,20900,12.29,D
sz002416,爱施德,2025-10-10 09:39:30,12.29,18900,12.29,D
sz002416,爱施德,2025-10-10 09:39:33,12.29,32500,12.29,D
sz002416,爱施德,2025-10-10 09:39:36,12.3,80400,12.29,U
sz002416,爱施德,2025-10-10 09:39:39,12.29,29300,12.3,D
sz002416,爱施德,2025-10-10 09:39:51,12.29,21400,12.3,D
sz002416,爱施德,2025-10-10 09:40:06,12.32,25600,12.3,U
sz002416,爱施德,2025-10-10 09:40:15,12.3,18000,12.3,D
sz002416,爱施德,2025-10-10 09:40:27,12.29,17800,12.29,D
sz002416,爱施德,2025-10-10 09:40:51,12.3,18300,12.29,U
sz002416,爱施德,2025-10-10 09:40:54,12.29,16900,12.3,D
sz002416,爱施德,2025-10-10 09:40:57,12.28,81700,12.29,D
sz002416,爱施德,2025-10-10 09:41:03,12.29,27900,12.29,U
sz002416,爱施德,2025-10-10 09:41:15,12.28,52900,12.28,D
sz002416,爱施德,2025-10-10 09:41:51,12.27,86300,12.27,D
sz002416,爱施德,2025-10-10 09:41:54,12.27,27580,12.27,D
sz002416,爱施德,2025-10-10 09:42:00,12.27,23500,12.27,D
sz002416,爱施德,2025-10-10 09:42:03,12.27,89600,12.27,U
sz002416,爱施德,2025-10-10 09:42:12,12.28,45500,12.27,D
sz002416,爱施德,2025-10-10 09:42:18,12.28,51700,12.28,D
sz002416,爱施德,2025-10-10 09:42:24,12.28,17900,12.28,U
sz002416,爱施德,2025-10-10 09:42:27,12.28,33200,12.28,D
sz002416,爱施德,2025-10-10 09:42:57,12.27,27700,12.27,D
sz002416,爱施德,2025-10-10 09:43:03,12.27,54500,12.28,D
sz002416,爱施德,2025-10-10 09:43:06,12.29,105000,12.27,U
sz002416,爱施德,2025-10-10 09:43:09,12.28,49600,12.29,D
sz002416,爱施德,2025-10-10 09:43:27,12.29,30100,12.29,U
sz002416,爱施德,2025-10-10 09:43:45,12.28,25800,12.28,D
sz002416,爱施德,2025-10-10 09:43:51,12.29,35900,12.29,D
sz002416,爱施德,2025-10-10 09:43:57,12.28,62800,12.29,D
sz002416,爱施德,2025-10-10 09:44:30,12.29,32400,12.29,D
sz002416,爱施德,2025-10-10 09:44:57,12.31,28200,12.29,U
sz002416,爱施德,2025-10-10 09:45:03,12.28,79000,12.29,D
sz002416,爱施德,2025-10-10 09:45:18,12.29,32100,12.28,U
sz002416,爱施德,2025-10-10 09:45:42,12.29,16600,12.28,U
sz002416,爱施德,2025-10-10 09:45:45,12.29,77000,12.29,U
sz002416,爱施德,2025-10-10 09:45:48,12.29,37700,12.29,U
sz002416,爱施德,2025-10-10 09:46:00,12.28,43300,12.28,D
sz002416,爱施德,2025-10-10 09:46:06,12.29,35000,12.29,D
sz002416,爱施德,2025-10-10 09:46:42,12.29,19400,12.29,D
sz002416,爱施德,2025-10-10 09:46:54,12.29,34800,12.29,D
sz002416,爱施德,2025-10-10 09:47:45,12.28,32800,12.28,D
sz002416,爱施德,2025-10-10 09:47:51,12.28,28400,12.28,D
sz002416,爱施德,2025-10-10 09:48:03,12.28,19800,12.28,D
sz002416,爱施德,2025-10-10 09:48:09,12.28,26000,12.28,D
sz002416,爱施德,2025-10-10 09:48:12,12.28,35000,12.28,D
sz002416,爱施德,2025-10-10 09:48:21,12.29,30600,12.29,U
sz002416,爱施德,2025-10-10 09:48:51,12.28,19300,12.28,D
sz002416,爱施德,2025-10-10 09:48:57,12.27,28700,12.28,D
sz002416,爱施德,2025-10-10 09:49:03,12.28,26200,12.27,U
sz002416,爱施德,2025-10-10 09:49:24,12.27,84600,12.28,D
sz002416,爱施德,2025-10-10 09:50:00,12.27,37800,12.27,D
sz002416,爱施德,2025-10-10 09:50:03,12.27,46700,12.27,D
sz002416,爱施德,2025-10-10 09:50:24,12.26,20700,12.27,D
sz002416,爱施德,2025-10-10 09:50:36,12.26,22000,12.27,D
sz002416,爱施德,2025-10-10 09:50:45,12.27,25800,12.26,U
sz002416,爱施德,2025-10-10 09:50:48,12.27,23800,12.27,U
sz002416,爱施德,2025-10-10 09:50:54,12.27,53200,12.27,D
sz002416,爱施德,2025-10-10 09:50:57,12.27,25600,12.27,D
sz002416,爱施德,2025-10-10 09:52:09,12.3,22800,12.3,U
sz002416,爱施德,2025-10-10 09:52:21,12.31,27100,12.3,U
sz002416,爱施德,2025-10-10 09:52:48,12.32,20700,12.31,U
sz002416,爱施德,2025-10-10 09:53:45,12.32,21300,12.32,U
sz002416,爱施德,2025-10-10 09:54:39,12.32,36300,12.33,D
sz002416,爱施德,2025-10-10 09:55:54,12.31,119200,12.32,D
sz002416,爱施德,2025-10-10 09:56:45,12.32,22600,12.32,U
sz002416,爱施德,2025-10-10 09:57:15,12.34,116200,12.31,U
sz002416,爱施德,2025-10-10 09:57:21,12.34,36400,12.34,U
sz002416,爱施德,2025-10-10 09:57:45,12.37,26800,12.36,U
sz002416,爱施德,2025-10-10 09:58:06,12.38,20400,12.38,U
sz002416,爱施德,2025-10-10 09:58:09,12.39,22900,12.38,U
sz002416,爱施德,2025-10-10 09:58:15,12.4,51300,12.39,U
sz002416,爱施德,2025-10-10 09:59:06,12.35,38200,12.36,D
sz002416,爱施德,2025-10-10 09:59:51,12.37,31000,12.36,E
sz002416,爱施德,2025-10-10 10:00:30,12.36,32300,12.36,U
sz002416,爱施德,2025-10-10 10:01:48,12.36,17900,12.37,D
sz002416,爱施德,2025-10-10 10:02:30,12.36,31800,12.36,U
sz002416,爱施德,2025-10-10 10:02:33,12.44,392840,12.36,U
sz002416,爱施德,2025-10-10 10:02:36,12.48,308900,12.44,U
sz002416,爱施德,2025-10-10 10:02:39,12.47,22700,12.48,D
sz002416,爱施德,2025-10-10 10:02:42,12.48,54200,12.47,U
sz002416,爱施德,2025-10-10 10:02:51,12.47,30900,12.48,D
sz002416,爱施德,2025-10-10 10:02:54,12.46,20300,12.47,D
sz002416,爱施德,2025-10-10 10:03:00,12.46,17700,12.46,U
sz002416,爱施德,2025-10-10 10:03:06,12.45,35300,12.45,D
sz002416,爱施德,2025-10-10 10:03:12,12.46,21500,12.43,U
sz002416,爱施德,2025-10-10 10:03:21,12.44,39200,12.44,U
sz002416,爱施德,2025-10-10 10:03:45,12.44,23700,12.45,E
sz002416,爱施德,2025-10-10 10:03:54,12.46,113700,12.44,U
sz002416,爱施德,2025-10-10 10:04:03,12.44,16300,12.43,U
sz002416,爱施德,2025-10-10 10:04:21,12.42,27200,12.43,D
sz002416,爱施德,2025-10-10 10:04:30,12.43,16100,12.42,U
sz002416,爱施德,2025-10-10 10:04:42,12.43,26900,12.42,U
sz002416,爱施德,2025-10-10 10:04:51,12.42,16600,12.42,D
sz002416,爱施德,2025-10-10 10:05:09,12.43,19800,12.43,U
sz002416,爱施德,2025-10-10 10:05:24,12.43,24900,12.44,D
sz002416,爱施德,2025-10-10 10:05:27,12.41,49000,12.43,D
sz002416,爱施德,2025-10-10 10:05:45,12.4,46000,12.41,D
sz002416,爱施德,2025-10-10 10:06:15,12.4,29500,12.41,D
sz002416,爱施德,2025-10-10 10:08:21,12.4,22900,12.41,D
sz002416,爱施德,2025-10-10 10:09:51,12.37,53500,12.39,D
sz002416,爱施德,2025-10-10 10:10:06,12.39,63900,12.38,U
sz002416,爱施德,2025-10-10 10:10:27,12.36,67100,12.37,D
sz002416,爱施德,2025-10-10 10:12:24,12.38,28100,12.38,D
sz002416,爱施德,2025-10-10 10:13:27,12.4,25700,12.39,U
sz002416,爱施德,2025-10-10 10:13:39,12.4,71900,12.39,U
sz002416,爱施德,2025-10-10 10:15:03,12.4,70300,12.41,D
sz002416,爱施德,2025-10-10 10:15:24,12.4,56600,12.4,D
sz002416,爱施德,2025-10-10 10:17:21,12.4,30100,12.39,U
sz002416,爱施德,2025-10-10 10:17:27,12.39,26800,12.4,D
sz002416,爱施德,2025-10-10 10:17:54,12.4,133900,12.39,U
sz002416,爱施德,2025-10-10 10:18:06,12.37,35700,12.4,D
sz002416,爱施德,2025-10-10 10:18:42,12.41,19600,12.41,U
sz002416,爱施德,2025-10-10 10:18:48,12.43,90800,12.42,U
sz002416,爱施德,2025-10-10 10:19:09,12.44,21700,12.43,U
sz002416,爱施德,2025-10-10 10:19:27,12.45,157500,12.44,U
sz002416,爱施德,2025-10-10 10:19:51,12.44,17400,12.44,D
sz002416,爱施德,2025-10-10 10:23:09,12.43,16900,12.42,U
sz002416,爱施德,2025-10-10 10:23:21,12.43,40800,12.42,U
sz002416,爱施德,2025-10-10 10:24:42,12.45,30100,12.44,U
sz002416,爱施德,2025-10-10 10:24:48,12.45,19600,12.45,D
sz002416,爱施德,2025-10-10 10:25:27,12.44,35400,12.44,D
sz002416,爱施德,2025-10-10 10:29:24,12.43,23100,12.44,D
sz002416,爱施德,2025-10-10 10:32:03,12.46,21000,12.45,U
sz002416,爱施德,2025-10-10 10:32:33,12.45,25000,12.45,U
sz002416,爱施德,2025-10-10 10:34:06,12.45,61100,12.45,U
sz002416,爱施德,2025-10-10 10:36:33,12.45,119400,12.44,U
sz002416,爱施德,2025-10-10 10:37:06,12.45,18800,12.46,D
sz002416,爱施德,2025-10-10 10:37:39,12.45,41300,12.45,D
sz002416,爱施德,2025-10-10 10:38:18,12.45,21000,12.45,E
sz002416,爱施德,2025-10-10 10:38:48,12.45,20600,12.45,U
sz002416,爱施德,2025-10-10 10:39:00,12.46,54800,12.46,U
sz002416,爱施德,2025-10-10 10:39:21,12.47,18200,12.47,U
sz002416,爱施德,2025-10-10 10:39:27,12.47,30900,12.47,U
sz002416,爱施德,2025-10-10 10:40:06,12.47,52400,12.46,U
sz002416,爱施德,2025-10-10 10:40:48,12.47,48600,12.47,U
sz002416,爱施德,2025-10-10 10:40:51,12.47,30000,12.47,U
sz002416,爱施德,2025-10-10 10:40:54,12.48,162200,12.47,U
sz002416,爱施德,2025-10-10 10:40:57,12.53,409120,12.48,U
sz002416,爱施德,2025-10-10 10:41:00,12.52,51100,12.53,D
sz002416,爱施德,2025-10-10 10:41:03,12.53,18600,12.52,U
sz002416,爱施德,2025-10-10 10:41:09,12.53,25000,12.53,U
sz002416,爱施德,2025-10-10 10:41:15,12.53,21800,12.53,U
sz002416,爱施德,2025-10-10 10:41:39,12.51,20900,12.51,D
sz002416,爱施德,2025-10-10 10:41:54,12.5,18800,12.51,D
sz002416,爱施德,2025-10-10 10:41:57,12.52,18800,12.5,U
sz002416,爱施德,2025-10-10 10:42:18,12.51,26900,12.51,D
sz002416,爱施德,2025-10-10 10:43:06,12.51,19200,12.5,U
sz002416,爱施德,2025-10-10 10:43:12,12.51,60100,12.5,U
sz002416,爱施德,2025-10-10 10:43:30,12.5,22400,12.49,U
sz002416,爱施德,2025-10-10 10:43:45,12.5,23677,12.5,U
sz002416,爱施德,2025-10-10 10:44:30,12.51,20000,12.51,U
sz002416,爱施德,2025-10-10 10:45:15,12.51,81200,12.51,U
sz002416,爱施德,2025-10-10 10:46:57,12.49,89523,12.5,D
sz002416,爱施德,2025-10-10 10:47:36,12.49,27600,12.49,U
sz002416,爱施德,2025-10-10 10:48:12,12.5,17400,12.49,U
sz002416,爱施德,2025-10-10 10:50:42,12.48,18100,12.49,D
sz002416,爱施德,2025-10-10 10:51:03,12.49,60400,12.49,U
sz002416,爱施德,2025-10-10 10:51:39,12.46,40300,12.49,D
sz002416,爱施德,2025-10-10 10:52:33,12.46,120600,12.47,D
sz002416,爱施德,2025-10-10 10:54:39,12.48,43400,12.48,U
sz002416,爱施德,2025-10-10 10:54:54,12.49,25000,12.49,U
sz002416,爱施德,2025-10-10 10:54:57,12.54,411600,12.49,U
sz002416,爱施德,2025-10-10 10:55:00,12.55,34200,12.54,U
sz002416,爱施德,2025-10-10 10:55:48,12.52,21300,12.53,D
sz002416,爱施德,2025-10-10 10:57:03,12.5,323100,12.52,D
sz002416,爱施德,2025-10-10 10:57:06,12.51,79000,12.5,U
sz002416,爱施德,2025-10-10 10:58:21,12.5,33100,12.51,D
sz002416,爱施德,2025-10-10 11:01:06,12.49,98100,12.5,D
sz002416,爱施德,2025-10-10 11:01:48,12.49,28200,12.49,U
sz002416,爱施德,2025-10-10 11:02:24,12.48,16400,12.48,D
sz002416,爱施德,2025-10-10 11:03:09,12.48,20400,12.48,U
sz002416,爱施德,2025-10-10 11:04:12,12.46,20000,12.47,D
sz002416,爱施德,2025-10-10 11:05:51,12.46,20000,12.47,D
sz002416,爱施德,2025-10-10 11:06:15,12.48,25500,12.46,U
sz002416,爱施德,2025-10-10 11:06:27,12.48,18900,12.48,U
sz002416,爱施德,2025-10-10 11:11:09,12.47,25000,12.48,D
sz002416,爱施德,2025-10-10 11:13:15,12.47,129200,12.46,U
sz002416,爱施德,2025-10-10 11:14:03,12.46,20700,12.46,D
sz002416,爱施德,2025-10-10 11:17:27,12.5,185400,12.47,U
sz002416,爱施德,2025-10-10 11:17:30,12.59,975640,12.5,U
sz002416,爱施德,2025-10-10 11:17:33,12.57,34300,12.59,D
sz002416,爱施德,2025-10-10 11:17:39,12.6,36000,12.57,U
sz002416,爱施德,2025-10-10 11:17:48,12.6,17700,12.6,U
sz002416,爱施德,2025-10-10 11:17:51,12.59,20100,12.6,E
sz002416,爱施德,2025-10-10 11:17:57,12.57,18200,12.59,D
sz002416,爱施德,2025-10-10 11:18:09,12.59,65700,12.57,U
sz002416,爱施德,2025-10-10 11:18:12,12.59,39100,12.59,U
sz002416,爱施德,2025-10-10 11:18:18,12.59,181700,12.59,D
sz002416,爱施德,2025-10-10 11:18:21,12.59,18600,12.59,U
sz002416,爱施德,2025-10-10 11:18:24,12.59,24800,12.59,U
sz002416,爱施德,2025-10-10 11:18:27,12.59,119200,12.59,U
sz002416,爱施德,2025-10-10 11:18:30,12.59,36100,12.59,D
sz002416,爱施德,2025-10-10 11:18:36,12.58,16700,12.59,D
sz002416,爱施德,2025-10-10 11:18:45,12.59,35000,12.59,U
sz002416,爱施德,2025-10-10 11:18:51,12.58,26200,12.58,U
sz002416,爱施德,2025-10-10 11:18:57,12.58,19100,12.58,D
sz002416,爱施德,2025-10-10 11:19:00,12.59,53100,12.58,U
sz002416,爱施德,2025-10-10 11:19:06,12.58,20000,12.59,D
sz002416,爱施德,2025-10-10 11:19:09,12.59,63000,12.58,U
sz002416,爱施德,2025-10-10 11:19:15,12.6,60700,12.59,U
sz002416,爱施德,2025-10-10 11:19:21,12.6,184800,12.6,U
sz002416,爱施德,2025-10-10 11:19:24,12.6,64320,12.6,U
sz002416,爱施德,2025-10-10 11:19:27,12.61,22400,12.6,U
sz002416,爱施德,2025-10-10 11:19:33,12.62,49200,12.62,U
sz002416,爱施德,2025-10-10 11:19:39,12.63,87500,12.63,U
sz002416,爱施德,2025-10-10 11:19:42,12.64,22500,12.63,U
sz002416,爱施德,2025-10-10 11:19:48,12.64,95500,12.64,U
sz002416,爱施德,2025-10-10 11:19:51,12.63,126500,12.64,D
sz002416,爱施德,2025-10-10 11:19:54,12.63,199100,12.63,U
sz002416,爱施德,2025-10-10 11:19:57,12.62,76300,12.63,E
sz002416,爱施德,2025-10-10 11:20:03,12.64,71900,12.62,U
sz002416,爱施德,2025-10-10 11:20:06,12.64,21600,12.64,U
sz002416,爱施德,2025-10-10 11:20:09,12.63,82400,12.64,D
sz002416,爱施德,2025-10-10 11:20:15,12.61,38600,12.63,D
sz002416,爱施德,2025-10-10 11:20:21,12.6,28700,12.61,D
sz002416,爱施德,2025-10-10 11:20:27,12.61,17000,12.6,U
sz002416,爱施德,2025-10-10 11:20:42,12.6,20700,12.59,U
sz002416,爱施德,2025-10-10 11:20:45,12.59,19100,12.6,U
sz002416,爱施德,2025-10-10 11:20:48,12.59,22500,12.59,D
sz002416,爱施德,2025-10-10 11:20:57,12.58,18000,12.58,D
sz002416,爱施德,2025-10-10 11:21:00,12.58,17500,12.58,U
sz002416,爱施德,2025-10-10 11:21:03,12.58,28500,12.58,D
sz002416,爱施德,2025-10-10 11:21:24,12.56,19100,12.57,D
sz002416,爱施德,2025-10-10 11:21:39,12.57,31000,12.56,U
sz002416,爱施德,2025-10-10 11:21:45,12.56,31100,12.56,D
sz002416,爱施德,2025-10-10 11:21:51,12.56,23600,12.56,D
sz002416,爱施德,2025-10-10 11:21:54,12.57,229000,12.56,U
sz002416,爱施德,2025-10-10 11:22:15,12.58,20200,12.58,D
sz002416,爱施德,2025-10-10 11:22:21,12.59,21000,12.57,U
sz002416,爱施德,2025-10-10 11:22:27,12.59,27000,12.59,D
sz002416,爱施德,2025-10-10 11:22:30,12.59,28700,12.59,D
sz002416,爱施德,2025-10-10 11:22:51,12.59,24700,12.6,D
sz002416,爱施德,2025-10-10 11:23:06,12.59,23800,12.59,D
sz002416,爱施德,2025-10-10 11:23:12,12.59,65900,12.59,U
sz002416,爱施德,2025-10-10 11:23:54,12.58,20400,12.59,D
sz002416,爱施德,2025-10-10 11:23:57,12.58,23800,12.58,U
sz002416,爱施德,2025-10-10 11:24:06,12.57,19200,12.57,U
sz002416,爱施德,2025-10-10 11:24:24,12.56,44500,12.57,D
sz002416,爱施德,2025-10-10 11:24:27,12.57,25900,12.56,U
sz002416,爱施德,2025-10-10 11:25:00,12.55,81900,12.57,D
sz002416,爱施德,2025-10-10 11:25:18,12.55,35400,12.55,D
sz002416,爱施德,2025-10-10 11:25:24,12.55,24500,12.55,U
sz002416,爱施德,2025-10-10 11:25:42,12.54,33500,12.55,D
sz002416,爱施德,2025-10-10 11:26:12,12.54,66800,12.54,D
sz002416,爱施德,2025-10-10 11:26:42,12.55,25100,12.54,U
sz002416,爱施德,2025-10-10 11:26:48,12.56,68600,12.56,U
sz002416,爱施德,2025-10-10 11:27:27,12.58,19100,12.58,U
sz002416,爱施德,2025-10-10 11:27:30,12.57,29700,12.58,D
sz002416,爱施德,2025-10-10 11:27:33,12.57,89000,12.57,E
sz002416,爱施德,2025-10-10 11:27:51,12.58,49300,12.57,U
sz002416,爱施德,2025-10-10 11:28:06,12.59,17100,12.58,U
sz002416,爱施德,2025-10-10 11:28:15,12.58,35100,12.59,D
sz002416,爱施德,2025-10-10 11:28:21,12.59,20200,12.59,U
sz002416,爱施德,2025-10-10 11:29:06,12.59,135500,12.6,D
sz002416,爱施德,2025-10-10 11:29:24,12.6,81600,12.6,U
sz002416,爱施德,2025-10-10 11:29:27,12.6,303300,12.6,U
sz002416,爱施德,2025-10-10 11:29:45,12.6,17300,12.61,D
sz002416,爱施德,2025-10-10 11:29:48,12.62,22500,12.6,U
sz002416,爱施德,2025-10-10 11:29:54,12.62,19000,12.61,U
sz002416,爱施德,2025-10-10 11:30:00,12.62,23200,12.61,U
sz002416,爱施德,2025-10-10 13:00:00,12.64,227400,12.62,U
sz002416,爱施德,2025-10-10 13:00:03,12.63,210300,12.64,D
sz002416,爱施德,2025-10-10 13:00:06,12.62,61400,12.63,D
sz002416,爱施德,2025-10-10 13:00:09,12.59,150000,12.62,D
sz002416,爱施德,2025-10-10 13:00:27,12.59,19600,12.6,D
sz002416,爱施德,2025-10-10 13:00:42,12.6,25900,12.6,U
sz002416,爱施德,2025-10-10 13:00:57,12.6,26200,12.6,U
sz002416,爱施德,2025-10-10 13:01:30,12.6,47300,12.59,U
sz002416,爱施德,2025-10-10 13:01:33,12.59,22200,12.6,D
sz002416,爱施德,2025-10-10 13:02:21,12.6,20100,12.6,U
sz002416,爱施德,2025-10-10 13:02:45,12.6,27000,12.59,U
sz002416,爱施德,2025-10-10 13:03:00,12.6,16400,12.59,U
sz002416,爱施德,2025-10-10 13:03:48,12.6,76600,12.59,U
sz002416,爱施德,2025-10-10 13:04:18,12.58,37400,12.59,D
sz002416,爱施德,2025-10-10 13:04:36,12.57,59100,12.58,D
sz002416,爱施德,2025-10-10 13:04:57,12.56,19700,12.57,D
sz002416,爱施德,2025-10-10 13:07:12,12.6,120600,12.58,U
sz002416,爱施德,2025-10-10 13:07:33,12.61,25100,12.61,U
sz002416,爱施德,2025-10-10 13:07:36,12.61,19500,12.61,U
sz002416,爱施德,2025-10-10 13:07:39,12.61,21400,12.61,D
sz002416,爱施德,2025-10-10 13:07:42,12.63,121400,12.61,U
sz002416,爱施德,2025-10-10 13:07:51,12.64,28400,12.64,U
sz002416,爱施德,2025-10-10 13:07:57,12.64,25200,12.64,U
sz002416,爱施德,2025-10-10 13:08:12,12.63,55300,12.63,U
sz002416,爱施德,2025-10-10 13:08:48,12.63,22500,12.63,U
sz002416,爱施德,2025-10-10 13:08:57,12.63,50000,12.62,U
sz002416,爱施德,2025-10-10 13:09:00,12.63,21700,12.63,U
sz002416,爱施德,2025-10-10 13:09:09,12.63,15900,12.63,U
sz002416,爱施德,2025-10-10 13:09:21,12.63,27000,12.63,D
sz002416,爱施德,2025-10-10 13:09:24,12.63,25800,12.63,D
sz002416,爱施德,2025-10-10 13:09:33,12.64,26300,12.63,U
sz002416,爱施德,2025-10-10 13:10:06,12.65,143400,12.63,U
sz002416,爱施德,2025-10-10 13:10:21,12.65,41700,12.64,U
sz002416,爱施德,2025-10-10 13:10:36,12.64,46400,12.65,D
sz002416,爱施德,2025-10-10 13:10:45,12.64,20300,12.64,U
sz002416,爱施德,2025-10-10 13:10:48,12.64,20100,12.64,U
sz002416,爱施德,2025-10-10 13:11:00,12.62,112800,12.64,D
sz002416,爱施德,2025-10-10 13:11:27,12.63,26200,12.62,U
sz002416,爱施德,2025-10-10 13:13:24,12.61,23200,12.61,D
sz002416,爱施德,2025-10-10 13:14:54,12.61,23400,12.61,D
sz002416,爱施德,2025-10-10 13:15:30,12.61,20200,12.61,D
sz002416,爱施德,2025-10-10 13:16:57,12.6,90865,12.6,D
sz002416,爱施德,2025-10-10 13:19:09,12.61,24300,12.61,D
sz002416,爱施德,2025-10-10 13:19:42,12.6,24800,12.6,D
sz002416,爱施德,2025-10-10 13:20:18,12.6,18900,12.6,U
sz002416,爱施德,2025-10-10 13:20:30,12.59,28900,12.6,D
sz002416,爱施德,2025-10-10 13:21:33,12.59,18100,12.58,U
sz002416,爱施德,2025-10-10 13:22:24,12.58,40400,12.58,D
sz002416,爱施德,2025-10-10 13:23:39,12.59,32100,12.59,U
sz002416,爱施德,2025-10-10 13:23:57,12.6,30300,12.59,U
sz002416,爱施德,2025-10-10 13:24:30,12.6,50000,12.59,U
sz002416,爱施德,2025-10-10 13:25:18,12.6,20000,12.59,U
sz002416,爱施德,2025-10-10 13:26:51,12.6,42500,12.6,D
sz002416,爱施德,2025-10-10 13:27:33,12.6,18100,12.6,D
sz002416,爱施德,2025-10-10 13:27:36,12.6,33600,12.6,D
sz002416,爱施德,2025-10-10 13:27:48,12.59,21700,12.6,D
sz002416,爱施德,2025-10-10 13:28:42,12.59,47400,12.6,D
sz002416,爱施德,2025-10-10 13:29:12,12.59,16100,12.58,U
sz002416,爱施德,2025-10-10 13:30:30,12.6,68898,12.59,U
sz002416,爱施德,2025-10-10 13:31:51,12.59,17900,12.59,D
sz002416,爱施德,2025-10-10 13:31:54,12.6,24200,12.59,U
sz002416,爱施德,2025-10-10 13:32:30,12.6,19600,12.59,U
sz002416,爱施德,2025-10-10 13:32:33,12.6,73000,12.6,U
sz002416,爱施德,2025-10-10 13:32:39,12.61,87600,12.6,U
sz002416,爱施德,2025-10-10 13:32:48,12.61,26000,12.61,D
sz002416,爱施德,2025-10-10 13:32:54,12.61,31600,12.61,U
sz002416,爱施德,2025-10-10 13:33:00,12.64,290200,12.62,U
sz002416,爱施德,2025-10-10 13:33:03,12.65,123400,12.64,U
sz002416,爱施德,2025-10-10 13:33:09,12.65,76400,12.65,U
sz002416,爱施德,2025-10-10 13:33:15,12.64,75500,12.65,D
sz002416,爱施德,2025-10-10 13:33:39,12.63,17609,12.63,D
sz002416,爱施德,2025-10-10 13:33:42,12.66,342400,12.63,U
sz002416,爱施德,2025-10-10 13:33:51,12.66,19600,12.65,U
sz002416,爱施德,2025-10-10 13:33:54,12.66,17900,12.66,U
sz002416,爱施德,2025-10-10 13:34:00,12.66,49300,12.66,U
sz002416,爱施德,2025-10-10 13:34:03,12.66,28000,12.66,U
sz002416,爱施德,2025-10-10 13:34:06,12.67,156637,12.66,U
sz002416,爱施德,2025-10-10 13:34:09,12.66,28000,12.67,D
sz002416,爱施德,2025-10-10 13:34:24,12.66,20300,12.66,D
sz002416,爱施德,2025-10-10 13:34:27,12.67,25200,12.66,U
sz002416,爱施德,2025-10-10 13:34:45,12.67,266463,12.67,U
sz002416,爱施德,2025-10-10 13:34:48,12.66,20800,12.67,U
sz002416,爱施德,2025-10-10 13:34:54,12.67,75500,12.65,U
sz002416,爱施德,2025-10-10 13:34:57,12.67,36657,12.67,U
sz002416,爱施德,2025-10-10 13:35:03,12.67,43500,12.67,D
sz002416,爱施德,2025-10-10 13:35:09,12.68,70800,12.67,U
sz002416,爱施德,2025-10-10 13:35:15,12.68,79300,12.68,U
sz002416,爱施德,2025-10-10 13:35:18,12.68,82200,12.68,U
sz002416,爱施德,2025-10-10 13:35:30,12.68,77300,12.69,D
sz002416,爱施德,2025-10-10 13:35:33,12.69,33400,12.68,U
sz002416,爱施德,2025-10-10 13:35:42,12.69,30500,12.68,U
sz002416,爱施德,2025-10-10 13:35:45,12.69,54200,12.69,U
sz002416,爱施德,2025-10-10 13:35:48,12.69,42400,12.69,U
sz002416,爱施德,2025-10-10 13:35:51,12.69,63700,12.69,U
sz002416,爱施德,2025-10-10 13:35:54,12.69,41400,12.69,U
sz002416,爱施德,2025-10-10 13:36:00,12.67,32800,12.69,D
sz002416,爱施德,2025-10-10 13:36:15,12.68,16400,12.69,D
sz002416,爱施德,2025-10-10 13:36:18,12.68,16700,12.68,D
sz002416,爱施德,2025-10-10 13:36:21,12.68,137800,12.68,U
sz002416,爱施德,2025-10-10 13:36:24,12.69,21200,12.68,U
sz002416,爱施德,2025-10-10 13:36:27,12.69,22900,12.69,U
sz002416,爱施德,2025-10-10 13:36:33,12.69,38000,12.69,U
sz002416,爱施德,2025-10-10 13:36:36,12.7,32800,12.69,U
sz002416,爱施德,2025-10-10 13:36:51,12.7,43600,12.69,U
sz002416,爱施德,2025-10-10 13:37:06,12.69,41000,12.7,D
sz002416,爱施德,2025-10-10 13:37:09,12.69,22300,12.69,U
sz002416,爱施德,2025-10-10 13:37:15,12.67,61000,12.69,D
sz002416,爱施德,2025-10-10 13:37:18,12.69,156900,12.67,U
sz002416,爱施德,2025-10-10 13:37:21,12.67,17100,12.69,D
sz002416,爱施德,2025-10-10 13:37:36,12.68,20600,12.67,U
sz002416,爱施德,2025-10-10 13:37:42,12.67,87700,12.68,D
sz002416,爱施德,2025-10-10 13:37:48,12.69,20400,12.68,U
sz002416,爱施德,2025-10-10 13:37:54,12.68,18100,12.68,D
sz002416,爱施德,2025-10-10 13:38:18,12.67,24243,12.67,D
sz002416,爱施德,2025-10-10 13:38:42,12.67,18500,12.67,U
sz002416,爱施德,2025-10-10 13:39:06,12.65,73700,12.66,D
sz002416,爱施德,2025-10-10 13:40:57,12.66,43200,12.66,U
sz002416,爱施德,2025-10-10 13:41:03,12.67,23000,12.66,U
sz002416,爱施德,2025-10-10 13:41:30,12.66,17300,12.65,U
sz002416,爱施德,2025-10-10 13:41:42,12.66,21500,12.66,U
sz002416,爱施德,2025-10-10 13:42:09,12.65,39600,12.66,D
sz002416,爱施德,2025-10-10 13:42:12,12.65,21860,12.65,D
sz002416,爱施德,2025-10-10 13:42:54,12.66,40200,12.65,U
sz002416,爱施德,2025-10-10 13:43:18,12.64,19700,12.64,D
sz002416,爱施德,2025-10-10 13:43:33,12.64,19900,12.65,D
sz002416,爱施德,2025-10-10 13:44:36,12.64,39000,12.65,D
sz002416,爱施德,2025-10-10 13:45:00,12.64,34000,12.64,U
sz002416,爱施德,2025-10-10 13:45:27,12.64,44900,12.64,U
sz002416,爱施德,2025-10-10 13:45:39,12.63,21000,12.63,D
sz002416,爱施德,2025-10-10 13:46:21,12.63,24400,12.64,D
sz002416,爱施德,2025-10-10 13:46:33,12.64,27200,12.63,U
sz002416,爱施德,2025-10-10 13:46:39,12.64,26000,12.64,U
sz002416,爱施德,2025-10-10 13:47:54,12.64,29200,12.64,U
sz002416,爱施德,2025-10-10 13:48:51,12.63,34200,12.63,D
sz002416,爱施德,2025-10-10 13:49:03,12.63,31100,12.64,D
sz002416,爱施德,2025-10-10 13:49:15,12.64,23800,12.63,U
sz002416,爱施德,2025-10-10 13:50:51,12.63,27800,12.63,D
sz002416,爱施德,2025-10-10 13:51:12,12.62,39500,12.62,D
sz002416,爱施德,2025-10-10 13:51:48,12.62,36700,12.61,U
sz002416,爱施德,2025-10-10 13:53:39,12.63,16100,12.63,U
sz002416,爱施德,2025-10-10 13:54:36,12.63,19300,12.63,D
sz002416,爱施德,2025-10-10 13:55:09,12.63,20400,12.64,D
sz002416,爱施德,2025-10-10 13:55:21,12.64,16600,12.64,U
sz002416,爱施德,2025-10-10 13:57:03,12.63,17400,12.64,D
sz002416,爱施德,2025-10-10 13:57:36,12.65,33200,12.65,U
sz002416,爱施德,2025-10-10 13:57:48,12.64,19600,12.65,D
sz002416,爱施德,2025-10-10 13:58:12,12.66,19300,12.66,U
sz002416,爱施德,2025-10-10 13:58:15,12.66,26600,12.66,U
sz002416,爱施德,2025-10-10 13:58:27,12.66,21100,12.66,U
sz002416,爱施德,2025-10-10 13:58:39,12.66,35700,12.66,U
sz002416,爱施德,2025-10-10 13:59:12,12.68,37360,12.67,U
sz002416,爱施德,2025-10-10 13:59:45,12.67,26200,12.67,D
sz002416,爱施德,2025-10-10 14:00:12,12.67,21800,12.66,U
sz002416,爱施德,2025-10-10 14:00:18,12.67,29900,12.67,D
sz002416,爱施德,2025-10-10 14:00:39,12.67,39700,12.66,U
sz002416,爱施德,2025-10-10 14:00:51,12.67,22000,12.67,D
sz002416,爱施德,2025-10-10 14:01:00,12.67,33900,12.67,U
sz002416,爱施德,2025-10-10 14:01:30,12.66,25000,12.66,D
sz002416,爱施德,2025-10-10 14:03:33,12.65,167600,12.66,D
sz002416,爱施德,2025-10-10 14:05:12,12.62,55091,12.64,D
sz002416,爱施德,2025-10-10 14:05:30,12.63,25300,12.62,U
sz002416,爱施德,2025-10-10 14:05:39,12.63,18500,12.64,D
sz002416,爱施德,2025-10-10 14:06:09,12.62,25800,12.62,D
sz002416,爱施德,2025-10-10 14:06:24,12.6,22643,12.62,D
sz002416,爱施德,2025-10-10 14:06:33,12.6,170000,12.6,D
sz002416,爱施德,2025-10-10 14:07:18,12.6,16000,12.6,U
sz002416,爱施德,2025-10-10 14:08:54,12.6,26900,12.61,D
sz002416,爱施德,2025-10-10 14:08:57,12.61,16500,12.6,U
sz002416,爱施德,2025-10-10 14:09:00,12.6,25200,12.61,D
sz002416,爱施德,2025-10-10 14:09:30,12.59,59500,12.59,D
sz002416,爱施德,2025-10-10 14:09:54,12.58,27100,12.59,D
sz002416,爱施德,2025-10-10 14:10:21,12.58,16500,12.58,D
sz002416,爱施德,2025-10-10 14:10:39,12.59,32500,12.58,U
sz002416,爱施德,2025-10-10 14:12:03,12.6,28300,12.6,U
sz002416,爱施德,2025-10-10 14:12:33,12.59,72600,12.6,D
sz002416,爱施德,2025-10-10 14:13:03,12.59,18600,12.59,D
sz002416,爱施德,2025-10-10 14:15:21,12.59,26100,12.58,U
sz002416,爱施德,2025-10-10 14:15:24,12.59,20600,12.59,U
sz002416,爱施德,2025-10-10 14:15:54,12.59,25700,12.6,D
sz002416,爱施德,2025-10-10 14:16:00,12.59,17600,12.59,D
sz002416,爱施德,2025-10-10 14:17:00,12.6,30000,12.59,U
sz002416,爱施德,2025-10-10 14:19:36,12.6,32400,12.6,U
sz002416,爱施德,2025-10-10 14:20:03,12.61,26300,12.61,U
sz002416,爱施德,2025-10-10 14:20:06,12.63,25300,12.61,U
sz002416,爱施德,2025-10-10 14:20:30,12.65,27100,12.64,U
sz002416,爱施德,2025-10-10 14:20:45,12.65,16600,12.64,U
sz002416,爱施德,2025-10-10 14:20:48,12.64,56600,12.65,D
sz002416,爱施德,2025-10-10 14:21:00,12.64,19200,12.64,U
sz002416,爱施德,2025-10-10 14:21:15,12.63,29800,12.64,D
sz002416,爱施德,2025-10-10 14:21:24,12.62,22700,12.63,D
sz002416,爱施德,2025-10-10 14:22:09,12.63,18700,12.63,U
sz002416,爱施德,2025-10-10 14:22:27,12.64,43900,12.64,U
sz002416,爱施德,2025-10-10 14:24:21,12.63,42700,12.64,D
sz002416,爱施德,2025-10-10 14:24:33,12.63,16000,12.63,U
sz002416,爱施德,2025-10-10 14:25:57,12.63,16800,12.63,U
sz002416,爱施德,2025-10-10 14:26:18,12.63,21900,12.62,U
sz002416,爱施德,2025-10-10 14:26:27,12.62,27800,12.63,D
sz002416,爱施德,2025-10-10 14:26:45,12.63,23700,12.62,U
sz002416,爱施德,2025-10-10 14:26:51,12.63,20600,12.63,D
sz002416,爱施德,2025-10-10 14:27:51,12.63,24000,12.62,U
sz002416,爱施德,2025-10-10 14:28:09,12.64,40400,12.63,U
sz002416,爱施德,2025-10-10 14:30:12,12.62,67200,12.62,D
sz002416,爱施德,2025-10-10 14:32:39,12.62,32800,12.62,U
sz002416,爱施德,2025-10-10 14:35:27,12.62,19900,12.63,D
sz002416,爱施德,2025-10-10 14:37:15,12.62,17500,12.62,U
sz002416,爱施德,2025-10-10 14:38:06,12.62,18700,12.62,D
sz002416,爱施德,2025-10-10 14:38:12,12.61,61400,12.62,D
sz002416,爱施德,2025-10-10 14:38:15,12.61,30600,12.61,D
sz002416,爱施德,2025-10-10 14:38:18,12.62,39700,12.61,U
sz002416,爱施德,2025-10-10 14:40:39,12.6,56600,12.6,D
sz002416,爱施德,2025-10-10 14:40:42,12.6,27200,12.6,D
sz002416,爱施德,2025-10-10 14:40:51,12.6,18900,12.6,D
sz002416,爱施德,2025-10-10 14:40:54,12.6,25100,12.6,D
sz002416,爱施德,2025-10-10 14:40:57,12.6,62200,12.6,D
sz002416,爱施德,2025-10-10 14:41:06,12.59,30600,12.59,D
sz002416,爱施德,2025-10-10 14:41:18,12.6,32000,12.59,U
sz002416,爱施德,2025-10-10 14:42:06,12.59,16100,12.6,D
sz002416,爱施德,2025-10-10 14:43:09,12.6,20400,12.6,U
sz002416,爱施德,2025-10-10 14:43:12,12.6,28600,12.6,U
sz002416,爱施德,2025-10-10 14:43:21,12.6,19300,12.6,U
sz002416,爱施德,2025-10-10 14:43:57,12.59,48300,12.59,D
sz002416,爱施德,2025-10-10 14:44:00,12.6,48600,12.59,U
sz002416,爱施德,2025-10-10 14:44:45,12.59,17700,12.6,D
sz002416,爱施德,2025-10-10 14:45:24,12.6,28100,12.59,U
sz002416,爱施德,2025-10-10 14:46:00,12.59,49100,12.6,D
sz002416,爱施德,2025-10-10 14:46:33,12.59,29900,12.59,D
sz002416,爱施德,2025-10-10 14:47:03,12.6,86900,12.58,U
sz002416,爱施德,2025-10-10 14:47:39,12.61,154600,12.59,U
sz002416,爱施德,2025-10-10 14:48:06,12.6,16500,12.6,D
sz002416,爱施德,2025-10-10 14:48:09,12.6,36200,12.6,D
sz002416,爱施德,2025-10-10 14:48:21,12.6,32800,12.6,U
sz002416,爱施德,2025-10-10 14:48:30,12.6,63500,12.6,U
sz002416,爱施德,2025-10-10 14:48:57,12.6,39400,12.6,U
sz002416,爱施德,2025-10-10 14:49:03,12.6,58900,12.6,D
sz002416,爱施德,2025-10-10 14:49:12,12.6,35000,12.6,D
sz002416,爱施德,2025-10-10 14:49:33,12.6,26700,12.6,D
sz002416,爱施德,2025-10-10 14:49:48,12.59,45500,12.6,D
sz002416,爱施德,2025-10-10 14:50:03,12.6,23100,12.6,U
sz002416,爱施德,2025-10-10 14:50:06,12.6,57600,12.6,U
sz002416,爱施德,2025-10-10 14:50:12,12.6,35700,12.6,D
sz002416,爱施德,2025-10-10 14:50:21,12.6,33800,12.6,D
sz002416,爱施德,2025-10-10 14:50:27,12.6,42700,12.6,U
sz002416,爱施德,2025-10-10 14:50:33,12.59,17600,12.6,D
sz002416,爱施德,2025-10-10 14:50:45,12.59,82800,12.59,D
sz002416,爱施德,2025-10-10 14:51:03,12.6,19600,12.59,U
sz002416,爱施德,2025-10-10 14:52:03,12.6,95300,12.59,U
sz002416,爱施德,2025-10-10 14:52:09,12.59,15900,12.59,U
sz002416,爱施德,2025-10-10 14:52:18,12.59,19300,12.58,U
sz002416,爱施德,2025-10-10 14:53:06,12.58,36400,12.58,D
sz002416,爱施德,2025-10-10 14:53:09,12.59,16400,12.58,U
sz002416,爱施德,2025-10-10 14:53:12,12.59,42100,12.59,U
sz002416,爱施德,2025-10-10 14:53:18,12.59,19000,12.59,U
sz002416,爱施德,2025-10-10 14:53:24,12.59,17900,12.6,D
sz002416,爱施德,2025-10-10 14:53:30,12.59,17800,12.6,D
sz002416,爱施德,2025-10-10 14:53:42,12.59,19500,12.59,D
sz002416,爱施德,2025-10-10 14:53:51,12.59,27800,12.6,D
sz002416,爱施德,2025-10-10 14:54:06,12.6,29400,12.59,U
sz002416,爱施德,2025-10-10 14:54:15,12.6,93700,12.6,U
sz002416,爱施德,2025-10-10 14:54:21,12.61,35700,12.59,U
sz002416,爱施德,2025-10-10 14:54:36,12.61,20900,12.6,U
sz002416,爱施德,2025-10-10 14:54:39,12.61,66300,12.61,U
sz002416,爱施德,2025-10-10 14:54:42,12.61,29400,12.61,U
sz002416,爱施德,2025-10-10 14:54:48,12.61,25500,12.61,U
sz002416,爱施德,2025-10-10 14:55:09,12.61,18300,12.61,U
sz002416,爱施德,2025-10-10 14:55:24,12.6,43700,12.6,D
sz002416,爱施德,2025-10-10 14:55:27,12.61,23100,12.6,U
sz002416,爱施德,2025-10-10 14:55:36,12.61,37800,12.61,U
sz002416,爱施德,2025-10-10 14:55:39,12.61,16200,12.61,U
sz002416,爱施德,2025-10-10 14:55:48,12.6,27400,12.6,D
sz002416,爱施德,2025-10-10 14:56:09,12.6,16800,12.6,D
sz002416,爱施德,2025-10-10 14:56:27,12.61,27400,12.6,U
sz002416,爱施德,2025-10-10 14:56:33,12.6,85500,12.61,D
sz002416,爱施德,2025-10-10 14:56:36,12.61,24200,12.6,U
sz002416,爱施德,2025-10-10 14:56:42,12.62,37700,12.61,U
sz002416,爱施德,2025-10-10 14:56:51,12.6,19200,12.61,D
sz002416,爱施德,2025-10-10 14:56:54,12.6,26100,12.6,D
sz002416,爱施德,2025-10-10 15:00:00,12.61,607800,12.61,E
