symbol,name,ticktime,price,volume,prev_price,kind
sz002416,爱施德,2025-10-09 09:25:00,12.31,484980,0.0,U
sz002416,爱施德,2025-10-09 09:30:00,12.4,144900,12.31,U
sz002416,爱施德,2025-10-09 09:30:03,12.35,109300,12.4,U
sz002416,爱施德,2025-10-09 09:30:06,12.37,35000,12.35,E
sz002416,爱施德,2025-10-09 09:30:09,12.37,47000,12.37,D
sz002416,爱施德,2025-10-09 09:30:12,12.36,59400,12.37,D
sz002416,爱施德,2025-10-09 09:30:15,12.37,91000,12.36,U
sz002416,爱施德,2025-10-09 09:30:18,12.35,84800,12.37,D
sz002416,爱施德,2025-10-09 09:30:21,12.35,103300,12.35,D
sz002416,爱施德,2025-10-09 09:30:24,12.35,20400,12.35,U
sz002416,爱施德,2025-10-09 09:30:27,12.35,91620,12.35,U
sz002416,爱施德,2025-10-09 09:30:30,12.34,20600,12.35,E
sz002416,爱施德,2025-10-09 09:30:33,12.34,65600,12.34,D
sz002416,爱施德,2025-10-09 09:30:36,12.35,173500,12.34,U
sz002416,爱施德,2025-10-09 09:30:39,12.37,48700,12.35,U
sz002416,爱施德,2025-10-09 09:30:42,12.4,110300,12.37,U
sz002416,爱施德,2025-10-09 09:30:45,12.43,88700,12.4,U
sz002416,爱施德,2025-10-09 09:30:48,12.44,60000,12.43,U
sz002416,爱施德,2025-10-09 09:30:51,12.47,180900,12.44,U
sz002416,爱施德,2025-10-09 09:30:54,12.45,19900,12.47,D
sz002416,爱施德,2025-10-09 09:30:57,12.47,72800,12.45,U
sz002416,爱施德,2025-10-09 09:31:00,12.47,79400,12.47,U
sz002416,爱施德,2025-10-09 09:31:03,12.45,38300,12.47,D
sz002416,爱施德,2025-10-09 09:31:06,12.45,42800,12.45,U
sz002416,爱施德,2025-10-09 09:31:09,12.43,30400,12.45,D
sz002416,爱施德,2025-10-09 09:31:12,12.42,35800,12.43,D
sz002416,爱施德,2025-10-09 09:31:15,12.43,89900,12.42,U
sz002416,爱施德,2025-10-09 09:31:18,12.43,188700,12.43,D
sz002416,爱施德,2025-10-09 09:31:21,12.41,30600,12.43,D
sz002416,爱施德,2025-10-09 09:31:24,12.41,18900,12.41,U
sz002416,爱施德,2025-10-09 09:31:30,12.4,43400,12.41,D
sz002416,爱施德,2025-10-09 09:31:33,12.39,31300,12.4,D
sz002416,爱施德,2025-10-09 09:31:36,12.38,48700,12.39,D
sz002416,爱施德,2025-10-09 09:31:39,12.37,24800,12.38,D
sz002416,爱施德,2025-10-09 09:31:45,12.36,20100,12.37,D
sz002416,爱施德,2025-10-09 09:31:48,12.37,57000,12.36,U
sz002416,爱施德,2025-10-09 09:31:51,12.38,38900,12.37,U
sz002416,爱施德,2025-10-09 09:31:54,12.38,67400,12.38,U
sz002416,爱施德,2025-10-09 09:32:00,12.4,44200,12.4,U
sz002416,爱施德,2025-10-09 09:32:03,12.38,43000,12.4,D
sz002416,爱施德,2025-10-09 09:32:06,12.38,52000,12.38,U
sz002416,爱施德,2025-10-09 09:32:09,12.38,22100,12.38,D
sz002416,爱施德,2025-10-09 09:32:15,12.38,22800,12.38,D
sz002416,爱施德,2025-10-09 09:32:18,12.42,226600,12.38,U
sz002416,爱施德,2025-10-09 09:32:27,12.41,58300,12.42,D
sz002416,爱施德,2025-10-09 09:32:30,12.42,18500,12.41,U
sz002416,爱施德,2025-10-09 09:32:33,12.43,56400,12.42,U
sz002416,爱施德,2025-10-09 09:32:36,12.44,56800,12.43,U
sz002416,爱施德,2025-10-09 09:32:39,12.43,44300,12.44,D
sz002416,爱施德,2025-10-09 09:32:45,12.43,40000,12.42,U
sz002416,爱施德,2025-10-09 09:32:48,12.42,19400,12.43,D
sz002416,爱施德,2025-10-09 09:32:54,12.42,30700,12.42,U
sz002416,爱施德,2025-10-09 09:32:57,12.42,52800,12.42,U
sz002416,爱施德,2025-10-09 09:33:00,12.44,399200,12.42,U
sz002416,爱施德,2025-10-09 09:33:03,12.48,69100,12.44,U
sz002416,爱施德,2025-10-09 09:33:06,12.49,107340,12.48,U
sz002416,爱施德,2025-10-09 09:33:09,12.5,68600,12.49,U
sz002416,爱施德,2025-10-09 09:33:12,12.49,59400,12.5,D
sz002416,爱施德,2025-10-09 09:33:15,12.51,388900,12.49,U
sz002416,爱施德,2025-10-09 09:33:18,12.54,35600,12.51,U
sz002416,爱施德,2025-10-09 09:33:21,12.55,32100,12.54,U
sz002416,爱施德,2025-10-09 09:33:24,12.53,53600,12.55,D
sz002416,爱施德,2025-10-09 09:33:27,12.53,115700,12.53,U
sz002416,爱施德,2025-10-09 09:33:30,12.53,38700,12.53,U
sz002416,爱施德,2025-10-09 09:33:33,12.52,48500,12.53,D
sz002416,爱施德,2025-10-09 09:33:36,12.51,90400,12.52,D
sz002416,爱施德,2025-10-09 09:33:39,12.51,89100,12.51,D
sz002416,爱施德,2025-10-09 09:33:42,12.5,59300,12.51,D
sz002416,爱施德,2025-10-09 09:33:45,12.51,47200,12.5,U
sz002416,爱施德,2025-10-09 09:33:48,12.5,43800,12.51,D
sz002416,爱施德,2025-10-09 09:33:51,12.51,54000,12.5,U
sz002416,爱施德,2025-10-09 09:33:54,12.49,31400,12.51,D
sz002416,爱施德,2025-10-09 09:33:57,12.51,81200,12.49,U
sz002416,爱施德,2025-10-09 09:34:00,12.5,98800,12.51,D
sz002416,爱施德,2025-10-09 09:34:03,12.49,190000,12.5,E
sz002416,爱施德,2025-10-09 09:34:06,12.47,24300,12.49,D
sz002416,爱施德,2025-10-09 09:34:09,12.47,55100,12.47,D
sz002416,爱施德,2025-10-09 09:34:12,12.46,110900,12.47,D
sz002416,爱施德,2025-10-09 09:34:15,12.49,16300,12.46,U
sz002416,爱施德,2025-10-09 09:34:18,12.47,23200,12.49,D
sz002416,爱施德,2025-10-09 09:34:21,12.47,79600,12.47,U
sz002416,爱施德,2025-10-09 09:34:24,12.49,26600,12.47,U
sz002416,爱施德,2025-10-09 09:34:27,12.49,62300,12.49,D
sz002416,爱施德,2025-10-09 09:34:30,12.49,57500,12.49,D
sz002416,爱施德,2025-10-09 09:34:33,12.47,17000,12.49,D
sz002416,爱施德,2025-10-09 09:34:36,12.47,24300,12.47,D
sz002416,爱施德,2025-10-09 09:34:39,12.47,38000,12.47,E
sz002416,爱施德,2025-10-09 09:34:42,12.47,19700,12.47,U
sz002416,爱施德,2025-10-09 09:34:48,12.47,59700,12.48,D
sz002416,爱施德,2025-10-09 09:34:51,12.48,28100,12.47,D
sz002416,爱施德,2025-10-09 09:34:57,12.49,207900,12.47,U
sz002416,爱施德,2025-10-09 09:35:00,12.51,36100,12.49,U
sz002416,爱施德,2025-10-09 09:35:03,12.52,60800,12.51,U
sz002416,爱施德,2025-10-09 09:35:06,12.52,172700,12.52,D
sz002416,爱施德,2025-10-09 09:35:09,12.54,21400,12.52,E
sz002416,爱施德,2025-10-09 09:35:12,12.53,61500,12.54,D
sz002416,爱施德,2025-10-09 09:35:15,12.54,29900,12.53,E
sz002416,爱施德,2025-10-09 09:35:18,12.53,68000,12.54,D
sz002416,爱施德,2025-10-09 09:35:24,12.53,26700,12.54,D
sz002416,爱施德,2025-10-09 09:35:27,12.53,101100,12.53,D
sz002416,爱施德,2025-10-09 09:35:30,12.54,57900,12.53,U
sz002416,爱施德,2025-10-09 09:35:42,12.52,31200,12.54,D
sz002416,爱施德,2025-10-09 09:35:45,12.51,74800,12.52,D
sz002416,爱施德,2025-10-09 09:35:48,12.52,70900,12.51,U
sz002416,爱施德,2025-10-09 09:35:51,12.5,22800,12.52,E
sz002416,爱施德,2025-10-09 09:35:54,12.49,37600,12.5,D
sz002416,爱施德,2025-10-09 09:35:57,12.5,20900,12.49,U
sz002416,爱施德,2025-10-09 09:36:00,12.51,41700,12.5,U
sz002416,爱施德,2025-10-09 09:36:06,12.49,18000,12.49,U
sz002416,爱施德,2025-10-09 09:36:12,12.49,30500,12.49,D
sz002416,爱施德,2025-10-09 09:36:15,12.49,101500,12.49,D
sz002416,爱施德,2025-10-09 09:36:18,12.49,29300,12.49,D
sz002416,爱施德,2025-10-09 09:36:21,12.48,24700,12.49,E
sz002416,爱施德,2025-10-09 09:36:24,12.46,45400,12.48,D
sz002416,爱施德,2025-10-09 09:36:27,12.46,19800,12.46,D
sz002416,爱施德,2025-10-09 09:36:30,12.47,30900,12.46,U
sz002416,爱施德,2025-10-09 09:36:48,12.45,35200,12.44,U
sz002416,爱施德,2025-10-09 09:36:51,12.45,49600,12.45,U
sz002416,爱施德,2025-10-09 09:36:57,12.44,20600,12.45,D
sz002416,爱施德,2025-10-09 09:37:00,12.44,18200,12.44,U
sz002416,爱施德,2025-10-09 09:37:03,12.45,23000,12.44,U
sz002416,爱施德,2025-10-09 09:37:06,12.45,17000,12.45,U
sz002416,爱施德,2025-10-09 09:37:12,12.45,28500,12.46,D
sz002416,爱施德,2025-10-09 09:37:21,12.49,37000,12.46,U
sz002416,爱施德,2025-10-09 09:37:27,12.49,20400,12.47,U
sz002416,爱施德,2025-10-09 09:37:39,12.48,20500,12.48,U
sz002416,爱施德,2025-10-09 09:37:45,12.48,18600,12.48,U
sz002416,爱施德,2025-10-09 09:37:51,12.47,54100,12.48,D
sz002416,爱施德,2025-10-09 09:38:00,12.49,24900,12.49,U
sz002416,爱施德,2025-10-09 09:38:06,12.48,25500,12.48,U
sz002416,爱施德,2025-10-09 09:38:09,12.47,20900,12.48,D
sz002416,爱施德,2025-10-09 09:38:15,12.47,17800,12.48,D
sz002416,爱施德,2025-10-09 09:38:21,12.48,32300,12.47,U
sz002416,爱施德,2025-10-09 09:38:27,12.49,28200,12.49,U
sz002416,爱施德,2025-10-09 09:38:30,12.48,34900,12.49,D
sz002416,爱施德,2025-10-09 09:38:42,12.48,27900,12.48,U
sz002416,爱施德,2025-10-09 09:38:45,12.48,69200,12.48,U
sz002416,爱施德,2025-10-09 09:38:51,12.46,35000,12.47,D
sz002416,爱施德,2025-10-09 09:38:54,12.46,53800,12.46,D
sz002416,爱施德,2025-10-09 09:39:00,12.46,36800,12.47,D
sz002416,爱施德,2025-10-09 09:39:03,12.46,16300,12.46,D
sz002416,爱施德,2025-10-09 09:39:15,12.46,27200,12.46,D
sz002416,爱施德,2025-10-09 09:39:24,12.45,185000,12.46,D
sz002416,爱施德,2025-10-09 09:39:27,12.45,37800,12.45,D
sz002416,爱施德,2025-10-09 09:39:36,12.45,17500,12.45,U
sz002416,爱施德,2025-10-09 09:39:39,12.46,27100,12.45,U
sz002416,爱施德,2025-10-09 09:39:45,12.44,34100,12.44,D
sz002416,爱施德,2025-10-09 09:39:48,12.45,50100,12.44,U
sz002416,爱施德,2025-10-09 09:39:54,12.47,127500,12.46,U
sz002416,爱施德,2025-10-09 09:39:57,12.45,21600,12.47,D
sz002416,爱施德,2025-10-09 09:40:03,12.49,94400,12.47,U
sz002416,爱施德,2025-10-09 09:40:21,12.52,277400,12.48,U
sz002416,爱施德,2025-10-09 09:40:24,12.56,636700,12.52,U
sz002416,爱施德,2025-10-09 09:40:30,12.57,123400,12.57,U
sz002416,爱施德,2025-10-09 09:40:33,12.56,58000,12.57,D
sz002416,爱施德,2025-10-09 09:40:36,12.58,28800,12.56,U
sz002416,爱施德,2025-10-09 09:40:42,12.57,48300,12.58,D
sz002416,爱施德,2025-10-09 09:40:45,12.57,117300,12.57,U
sz002416,爱施德,2025-10-09 09:40:48,12.56,17100,12.57,E
sz002416,爱施德,2025-10-09 09:40:51,12.55,277000,12.56,E
sz002416,爱施德,2025-10-09 09:40:54,12.55,83400,12.55,E
sz002416,爱施德,2025-10-09 09:40:57,12.55,20400,12.55,D
sz002416,爱施德,2025-10-09 09:41:00,12.56,21600,12.55,U
sz002416,爱施德,2025-10-09 09:41:03,12.57,28600,12.56,U
sz002416,爱施德,2025-10-09 09:41:06,12.57,16700,12.57,U
sz002416,爱施德,2025-10-09 09:41:09,12.56,106100,12.57,D
sz002416,爱施德,2025-10-09 09:41:12,12.55,52900,12.56,D
sz002416,爱施德,2025-10-09 09:41:18,12.5,53600,12.55,D
sz002416,爱施德,2025-10-09 09:41:21,12.54,37600,12.5,U
sz002416,爱施德,2025-10-09 09:41:27,12.49,37900,12.53,D
sz002416,爱施德,2025-10-09 09:41:36,12.54,24600,12.53,U
sz002416,爱施德,2025-10-09 09:41:42,12.53,67700,12.53,D
sz002416,爱施德,2025-10-09 09:41:51,12.52,17500,12.53,D
sz002416,爱施德,2025-10-09 09:41:54,12.53,22700,12.52,U
sz002416,爱施德,2025-10-09 09:42:06,12.51,98000,12.51,D
sz002416,爱施德,2025-10-09 09:42:15,12.52,18200,12.51,D
sz002416,爱施德,2025-10-09 09:42:24,12.52,47800,12.54,D
sz002416,爱施德,2025-10-09 09:42:33,12.54,18600,12.53,U
sz002416,爱施德,2025-10-09 09:42:42,12.54,16100,12.53,U
sz002416,爱施德,2025-10-09 09:42:51,12.54,27600,12.54,U
sz002416,爱施德,2025-10-09 09:42:54,12.54,39100,12.54,U
sz002416,爱施德,2025-10-09 09:43:03,12.54,31400,12.54,D
sz002416,爱施德,2025-10-09 09:43:06,12.52,23900,12.54,D
sz002416,爱施德,2025-10-09 09:43:09,12.52,43100,12.52,D
sz002416,爱施德,2025-10-09 09:43:15,12.54,40000,12.53,U
sz002416,爱施德,2025-10-09 09:43:24,12.53,26100,12.53,U
sz002416,爱施德,2025-10-09 09:43:57,12.51,28000,12.51,D
sz002416,爱施德,2025-10-09 09:44:06,12.52,23600,12.52,U
sz002416,爱施德,2025-10-09 09:45:06,12.51,23300,12.51,U
sz002416,爱施德,2025-10-09 09:45:12,12.51,22400,12.51,U
sz002416,爱施德,2025-10-09 09:45:18,12.5,19000,12.5,D
sz002416,爱施德,2025-10-09 09:45:30,12.49,51100,12.5,D
sz002416,爱施德,2025-10-09 09:45:36,12.49,36200,12.5,D
sz002416,爱施德,2025-10-09 09:45:42,12.48,84500,12.48,D
sz002416,爱施德,2025-10-09 09:45:57,12.46,25400,12.47,D
sz002416,爱施德,2025-10-09 09:46:00,12.46,37700,12.46,D
sz002416,爱施德,2025-10-09 09:46:09,12.46,32500,12.46,D
sz002416,爱施德,2025-10-09 09:46:27,12.44,28800,12.45,D
sz002416,爱施德,2025-10-09 09:46:30,12.45,72000,12.44,U
sz002416,爱施德,2025-10-09 09:46:33,12.45,19600,12.45,U
sz002416,爱施德,2025-10-09 09:46:42,12.44,16800,12.44,D
sz002416,爱施德,2025-10-09 09:46:45,12.44,39800,12.44,D
sz002416,爱施德,2025-10-09 09:46:48,12.44,90700,12.44,U
sz002416,爱施德,2025-10-09 09:47:15,12.46,29000,12.45,U
sz002416,爱施德,2025-10-09 09:47:36,12.46,17600,12.45,U
sz002416,爱施德,2025-10-09 09:48:36,12.47,51700,12.47,U
sz002416,爱施德,2025-10-09 09:48:39,12.45,184000,12.47,D
sz002416,爱施德,2025-10-09 09:48:42,12.47,26500,12.45,U
sz002416,爱施德,2025-10-09 09:48:54,12.45,37700,12.46,D
sz002416,爱施德,2025-10-09 09:49:06,12.44,16500,12.45,D
sz002416,爱施德,2025-10-09 09:49:12,12.44,24400,12.44,D
sz002416,爱施德,2025-10-09 09:49:30,12.44,18700,12.44,D
sz002416,爱施德,2025-10-09 09:49:33,12.44,22400,12.44,D
sz002416,爱施德,2025-10-09 09:49:39,12.44,19200,12.44,U
sz002416,爱施德,2025-10-09 09:49:54,12.43,24500,12.43,D
sz002416,爱施德,2025-10-09 09:49:57,12.43,16900,12.43,D
sz002416,爱施德,2025-10-09 09:50:03,12.43,29100,12.44,D
sz002416,爱施德,2025-10-09 09:50:09,12.43,92000,12.43,D
sz002416,爱施德,2025-10-09 09:50:27,12.43,181100,12.43,U
sz002416,爱施德,2025-10-09 09:50:30,12.42,23200,12.43,D
sz002416,爱施德,2025-10-09 09:50:45,12.41,69400,12.42,D
sz002416,爱施德,2025-10-09 09:50:48,12.41,23200,12.41,D
sz002416,爱施德,2025-10-09 09:51:00,12.4,16500,12.4,D
sz002416,爱施德,2025-10-09 09:51:03,12.41,23100,12.4,U
sz002416,爱施德,2025-10-09 09:51:06,12.4,138200,12.41,D
sz002416,爱施德,2025-10-09 09:51:09,12.41,59400,12.4,E
sz002416,爱施德,2025-10-09 09:51:12,12.41,16800,12.41,U
sz002416,爱施德,2025-10-09 09:51:21,12.4,31000,12.41,D
sz002416,爱施德,2025-10-09 09:51:27,12.4,42900,12.41,D
sz002416,爱施德,2025-10-09 09:51:30,12.41,19900,12.4,U
sz002416,爱施德,2025-10-09 09:52:18,12.4,42800,12.4,D
sz002416,爱施德,2025-10-09 09:52:24,12.41,24200,12.41,U
sz002416,爱施德,2025-10-09 09:52:30,12.4,22600,12.41,D
sz002416,爱施德,2025-10-09 09:52:42,12.39,57200,12.4,D
sz002416,爱施德,2025-10-09 09:52:48,12.39,20700,12.39,D
sz002416,爱施德,2025-10-09 09:52:51,12.4,43000,12.39,U
sz002416,爱施德,2025-10-09 09:52:54,12.39,20300,12.4,D
sz002416,爱施德,2025-10-09 09:53:00,12.39,20600,12.38,U
sz002416,爱施德,2025-10-09 09:53:03,12.39,93200,12.39,U
sz002416,爱施德,2025-10-09 09:53:21,12.38,102200,12.39,D
sz002416,爱施德,2025-10-09 09:53:33,12.39,68200,12.37,U
sz002416,爱施德,2025-10-09 09:53:54,12.4,20200,12.4,U
sz002416,爱施德,2025-10-09 09:54:00,12.39,21100,12.39,D
sz002416,爱施德,2025-10-09 09:54:12,12.38,38600,12.4,D
sz002416,爱施德,2025-10-09 09:54:24,12.4,18700,12.39,U
sz002416,爱施德,2025-10-09 09:54:54,12.4,20800,12.4,U
sz002416,爱施德,2025-10-09 09:55:27,12.4,17900,12.41,D
sz002416,爱施德,2025-10-09 09:55:57,12.42,21400,12.42,U
sz002416,爱施德,2025-10-09 09:56:12,12.41,41700,12.42,D
sz002416,爱施德,2025-10-09 09:56:30,12.41,47700,12.42,D
sz002416,爱施德,2025-10-09 09:56:48,12.43,20000,12.43,U
sz002416,爱施德,2025-10-09 09:57:12,12.44,19800,12.44,U
sz002416,爱施德,2025-10-09 09:57:21,12.45,24300,12.44,U
sz002416,爱施德,2025-10-09 09:57:24,12.46,40500,12.45,U
sz002416,爱施德,2025-10-09 09:57:48,12.46,26700,12.46,U
sz002416,爱施德,2025-10-09 09:58:06,12.45,20100,12.45,D
sz002416,爱施德,2025-10-09 09:58:09,12.45,63300,12.45,D
sz002416,爱施德,2025-10-09 09:58:18,12.45,22200,12.45,D
sz002416,爱施德,2025-10-09 09:58:33,12.47,24000,12.46,U
sz002416,爱施德,2025-10-09 09:58:51,12.48,43200,12.48,U
sz002416,爱施德,2025-10-09 09:59:03,12.49,32500,12.48,U
sz002416,爱施德,2025-10-09 09:59:09,12.49,20000,12.49,U
sz002416,爱施德,2025-10-09 09:59:33,12.5,96100,12.48,U
sz002416,爱施德,2025-10-09 09:59:36,12.5,34200,12.5,U
sz002416,爱施德,2025-10-09 10:00:00,12.5,37300,12.48,U
sz002416,爱施德,2025-10-09 10:00:03,12.49,28400,12.5,D
sz002416,爱施德,2025-10-09 10:00:15,12.49,51600,12.49,D
sz002416,爱施德,2025-10-09 10:00:18,12.5,102000,12.49,U
sz002416,爱施德,2025-10-09 10:00:24,12.5,23000,12.51,E
sz002416,爱施德,2025-10-09 10:00:39,12.5,55000,12.51,D
sz002416,爱施德,2025-10-09 10:00:42,12.5,45400,12.5,D
sz002416,爱施德,2025-10-09 10:00:48,12.5,17700,12.5,D
sz002416,爱施德,2025-10-09 10:01:18,12.5,56300,12.5,D
sz002416,爱施德,2025-10-09 10:01:21,12.51,76800,12.5,U
sz002416,爱施德,2025-10-09 10:01:24,12.51,17000,12.51,D
sz002416,爱施德,2025-10-09 10:01:30,12.51,26100,12.52,D
sz002416,爱施德,2025-10-09 10:01:33,12.51,39600,12.51,U
sz002416,爱施德,2025-10-09 10:01:51,12.51,44100,12.51,D
sz002416,爱施德,2025-10-09 10:01:57,12.51,24300,12.52,D
sz002416,爱施德,2025-10-09 10:02:00,12.52,21400,12.51,U
sz002416,爱施德,2025-10-09 10:02:03,12.5,86800,12.52,D
sz002416,爱施德,2025-10-09 10:02:24,12.48,99200,12.5,D
sz002416,爱施德,2025-10-09 10:02:39,12.48,50900,12.48,D
sz002416,爱施德,2025-10-09 10:02:45,12.5,88000,12.48,U
sz002416,爱施德,2025-10-09 10:02:48,12.49,23200,12.5,D
sz002416,爱施德,2025-10-09 10:02:51,12.5,123300,12.49,U
sz002416,爱施德,2025-10-09 10:03:03,12.49,38700,12.49,U
sz002416,爱施德,2025-10-09 10:03:06,12.51,46200,12.49,U
sz002416,爱施德,2025-10-09 10:03:09,12.51,23200,12.51,U
sz002416,爱施德,2025-10-09 10:03:12,12.51,72400,12.51,U
sz002416,爱施德,2025-10-09 10:03:21,12.51,17000,12.51,D
sz002416,爱施德,2025-10-09 10:03:42,12.5,22600,12.51,D
sz002416,爱施德,2025-10-09 10:04:15,12.49,23000,12.48,U
sz002416,爱施德,2025-10-09 10:04:33,12.48,17200,12.48,D
sz002416,爱施德,2025-10-09 10:04:45,12.47,21600,12.47,D
sz002416,爱施德,2025-10-09 10:04:54,12.47,31800,12.47,U
sz002416,爱施德,2025-10-09 10:05:24,12.46,16800,12.46,D
sz002416,爱施德,2025-10-09 10:05:42,12.46,26800,12.47,D
sz002416,爱施德,2025-10-09 10:05:45,12.47,16400,12.46,U
sz002416,爱施德,2025-10-09 10:06:06,12.47,25800,12.46,U
sz002416,爱施德,2025-10-09 10:06:57,12.46,23300,12.46,D
sz002416,爱施德,2025-10-09 10:07:33,12.46,29500,12.47,D
sz002416,爱施德,2025-10-09 10:08:30,12.45,19200,12.46,D
sz002416,爱施德,2025-10-09 10:09:57,12.45,21000,12.45,U
sz002416,爱施德,2025-10-09 10:10:18,12.45,16200,12.46,D
sz002416,爱施德,2025-10-09 10:10:27,12.45,21400,12.45,D
sz002416,爱施德,2025-10-09 10:10:30,12.44,32300,12.45,D
sz002416,爱施德,2025-10-09 10:11:09,12.45,25600,12.46,D
sz002416,爱施德,2025-10-09 10:11:15,12.44,123800,12.45,D
sz002416,爱施德,2025-10-09 10:11:18,12.45,20400,12.44,U
sz002416,爱施德,2025-10-09 10:12:03,12.47,18000,12.45,U
sz002416,爱施德,2025-10-09 10:12:39,12.47,34200,12.45,U
sz002416,爱施德,2025-10-09 10:13:12,12.48,21900,12.47,U
sz002416,爱施德,2025-10-09 10:13:24,12.47,43300,12.48,D
sz002416,爱施德,2025-10-09 10:13:48,12.46,31300,12.47,D
sz002416,爱施德,2025-10-09 10:14:45,12.45,82500,12.47,D
sz002416,爱施德,2025-10-09 10:14:54,12.46,40900,12.46,U
sz002416,爱施德,2025-10-09 10:15:18,12.45,19000,12.46,D
sz002416,爱施德,2025-10-09 10:15:33,12.46,103000,12.44,U
sz002416,爱施德,2025-10-09 10:16:51,12.46,24200,12.46,U
sz002416,爱施德,2025-10-09 10:18:18,12.45,64700,12.45,D
sz002416,爱施德,2025-10-09 10:18:42,12.44,17000,12.44,D
sz002416,爱施德,2025-10-09 10:19:54,12.44,18800,12.44,D
sz002416,爱施德,2025-10-09 10:20:48,12.45,56800,12.44,U
sz002416,爱施德,2025-10-09 10:20:51,12.45,19000,12.45,U
sz002416,爱施德,2025-10-09 10:21:54,12.45,45500,12.45,D
sz002416,爱施德,2025-10-09 10:23:33,12.43,119600,12.44,D
sz002416,爱施德,2025-10-09 10:24:54,12.42,33700,12.42,D
sz002416,爱施德,2025-10-09 10:25:24,12.4,179300,12.41,D
sz002416,爱施德,2025-10-09 10:25:39,12.4,28500,12.41,D
sz002416,爱施德,2025-10-09 10:25:57,12.4,28000,12.4,D
sz002416,爱施德,2025-10-09 10:26:03,12.4,28200,12.41,D
sz002416,爱施德,2025-10-09 10:26:06,12.41,18900,12.4,U
sz002416,爱施德,2025-10-09 10:26:33,12.41,19700,12.41,U
sz002416,爱施德,2025-10-09 10:26:54,12.42,17300,12.41,U
sz002416,爱施德,2025-10-09 10:28:06,12.44,17500,12.44,U
sz002416,爱施德,2025-10-09 10:30:06,12.44,16300,12.43,U
sz002416,爱施德,2025-10-09 10:30:42,12.43,16300,12.43,D
sz002416,爱施德,2025-10-09 10:30:45,12.43,21100,12.43,U
sz002416,爱施德,2025-10-09 10:31:03,12.42,19800,12.42,D
sz002416,爱施德,2025-10-09 10:31:15,12.41,31700,12.41,D
sz002416,爱施德,2025-10-09 10:32:00,12.41,20800,12.41,D
sz002416,爱施德,2025-10-09 10:32:12,12.41,71800,12.41,D
sz002416,爱施德,2025-10-09 10:32:24,12.45,248700,12.41,U
sz002416,爱施德,2025-10-09 10:36:06,12.41,60000,12.42,D
sz002416,爱施德,2025-10-09 10:36:15,12.43,33100,12.42,U
sz002416,爱施德,2025-10-09 10:37:57,12.42,25000,12.43,D
sz002416,爱施德,2025-10-09 10:39:03,12.42,19400,12.42,D
sz002416,爱施德,2025-10-09 10:41:06,12.43,30600,12.43,U
sz002416,爱施德,2025-10-09 10:41:18,12.42,17900,12.43,D
sz002416,爱施德,2025-10-09 10:42:27,12.42,21500,12.42,D
sz002416,爱施德,2025-10-09 10:42:30,12.43,18100,12.42,U
sz002416,爱施德,2025-10-09 10:44:48,12.42,71800,12.42,D
sz002416,爱施德,2025-10-09 10:46:27,12.41,64100,12.41,D
sz002416,爱施德,2025-10-09 10:46:42,12.4,19500,12.4,D
sz002416,爱施德,2025-10-09 10:47:12,12.41,24500,12.41,U
sz002416,爱施德,2025-10-09 10:50:24,12.42,52700,12.41,U
sz002416,爱施德,2025-10-09 10:50:45,12.42,17100,12.43,D
sz002416,爱施德,2025-10-09 10:51:12,12.42,20100,12.42,U
sz002416,爱施德,2025-10-09 10:55:42,12.41,83200,12.41,D
sz002416,爱施德,2025-10-09 10:56:33,12.4,21500,12.4,D
sz002416,爱施德,2025-10-09 10:56:39,12.4,99400,12.41,D
sz002416,爱施德,2025-10-09 10:57:00,12.4,18700,12.4,D
sz002416,爱施德,2025-10-09 10:57:39,12.4,24100,12.4,D
sz002416,爱施德,2025-10-09 10:58:24,12.39,25700,12.39,D
sz002416,爱施德,2025-10-09 10:58:48,12.39,83100,12.39,D
sz002416,爱施德,2025-10-09 10:59:21,12.39,24800,12.39,U
sz002416,爱施德,2025-10-09 11:00:06,12.41,32200,12.39,U
sz002416,爱施德,2025-10-09 11:00:30,12.4,23400,12.41,D
sz002416,爱施德,2025-10-09 11:01:42,12.42,90876,12.42,U
sz002416,爱施德,2025-10-09 11:02:21,12.42,17924,12.42,D
sz002416,爱施德,2025-10-09 11:02:48,12.41,19200,12.41,D
sz002416,爱施德,2025-10-09 11:03:42,12.41,80400,12.42,D
sz002416,爱施德,2025-10-09 11:05:57,12.41,55900,12.4,U
sz002416,爱施德,2025-10-09 11:06:00,12.41,18900,12.41,U
sz002416,爱施德,2025-10-09 11:06:57,12.41,48000,12.42,D
sz002416,爱施德,2025-10-09 11:07:30,12.4,19000,12.4,D
sz002416,爱施德,2025-10-09 11:08:06,12.41,75900,12.41,U
sz002416,爱施德,2025-10-09 11:10:18,12.41,20000,12.41,D
sz002416,爱施德,2025-10-09 11:12:03,12.42,24800,12.41,U
sz002416,爱施德,2025-10-09 11:13:42,12.43,29500,12.43,U
sz002416,爱施德,2025-10-09 11:15:27,12.43,47100,12.42,U
sz002416,爱施德,2025-10-09 11:15:36,12.43,33500,12.43,U
sz002416,爱施德,2025-10-09 11:15:45,12.43,28900,12.43,U
sz002416,爱施德,2025-10-09 11:17:09,12.43,24400,12.42,U
sz002416,爱施德,2025-10-09 11:18:15,12.42,17000,12.42,D
sz002416,爱施德,2025-10-09 11:18:33,12.42,26200,12.42,D
sz002416,爱施德,2025-10-09 11:19:12,12.43,29600,12.43,U
sz002416,爱施德,2025-10-09 11:22:45,12.42,37700,12.42,D
sz002416,爱施德,2025-10-09 11:23:42,12.43,16900,12.42,U
sz002416,爱施德,2025-10-09 11:23:54,12.42,27800,12.42,D
sz002416,爱施德,2025-10-09 11:25:00,12.41,40000,12.41,D
sz002416,爱施德,2025-10-09 11:25:33,12.41,18200,12.41,D
sz002416,爱施德,2025-10-09 11:26:09,12.41,18300,12.41,U
sz002416,爱施德,2025-10-09 11:26:18,12.42,42900,12.42,U
sz002416,爱施德,2025-10-09 11:26:36,12.42,21900,12.42,D
sz002416,爱施德,2025-10-09 11:26:45,12.44,54500,12.43,U
sz002416,爱施德,2025-10-09 11:27:27,12.44,30000,12.43,U
sz002416,爱施德,2025-10-09 11:27:33,12.46,162100,12.43,U
sz002416,爱施德,2025-10-09 11:27:36,12.46,26800,12.46,U
sz002416,爱施德,2025-10-09 11:28:30,12.46,21200,12.46,U
sz002416,爱施德,2025-10-09 11:29:06,12.45,37900,12.45,U
sz002416,爱施德,2025-10-09 13:00:00,12.46,92700,12.46,U
sz002416,爱施德,2025-10-09 13:00:03,12.46,44500,12.46,U
sz002416,爱施德,2025-10-09 13:00:06,12.45,21600,12.46,D
sz002416,爱施德,2025-10-09 13:00:15,12.46,24200,12.46,E
sz002416,爱施德,2025-10-09 13:01:15,12.45,57800,12.45,U
sz002416,爱施德,2025-10-09 13:04:00,12.44,54200,12.44,D
sz002416,爱施德,2025-10-09 13:04:03,12.44,25300,12.44,U
sz002416,爱施德,2025-10-09 13:06:00,12.44,32500,12.44,D
sz002416,爱施德,2025-10-09 13:08:48,12.45,56800,12.44,U
sz002416,爱施德,2025-10-09 13:08:57,12.44,22500,12.45,D
sz002416,爱施德,2025-10-09 13:09:42,12.45,32900,12.44,U
sz002416,爱施德,2025-10-09 13:10:18,12.44,19000,12.44,D
sz002416,爱施德,2025-10-09 13:13:03,12.44,16100,12.43,U
sz002416,爱施德,2025-10-09 13:13:30,12.44,60200,12.43,U
sz002416,爱施德,2025-10-09 13:14:24,12.44,16100,12.44,D
sz002416,爱施德,2025-10-09 13:14:33,12.44,20000,12.45,D
sz002416,爱施德,2025-10-09 13:15:18,12.44,23700,12.44,D
sz002416,爱施德,2025-10-09 13:16:27,12.44,24600,12.44,D
sz002416,爱施德,2025-10-09 13:17:24,12.42,243100,12.44,D
sz002416,爱施德,2025-10-09 13:17:51,12.43,61700,12.42,U
sz002416,爱施德,2025-10-09 13:18:33,12.42,46500,12.42,D
sz002416,爱施德,2025-10-09 13:18:54,12.43,46700,12.41,U
sz002416,爱施德,2025-10-09 13:22:09,12.43,51900,12.43,U
sz002416,爱施德,2025-10-09 13:23:06,12.43,32800,12.43,U
sz002416,爱施德,2025-10-09 13:23:24,12.43,34500,12.43,U
sz002416,爱施德,2025-10-09 13:25:33,12.42,20500,12.42,D
sz002416,爱施德,2025-10-09 13:26:12,12.42,23200,12.43,D
sz002416,爱施德,2025-10-09 13:27:03,12.43,26000,12.42,U
sz002416,爱施德,2025-10-09 13:30:33,12.43,19300,12.43,D
sz002416,爱施德,2025-10-09 13:32:30,12.42,22600,12.43,D
sz002416,爱施德,2025-10-09 13:33:06,12.43,22500,12.42,U
sz002416,爱施德,2025-10-09 13:33:54,12.43,20500,12.43,U
sz002416,爱施德,2025-10-09 13:36:21,12.42,56300,12.43,D
sz002416,爱施德,2025-10-09 13:36:54,12.42,18600,12.43,D
sz002416,爱施德,2025-10-09 13:40:54,12.44,103600,12.43,U
sz002416,爱施德,2025-10-09 13:42:39,12.43,112200,12.43,D
sz002416,爱施德,2025-10-09 13:43:24,12.43,19700,12.43,D
sz002416,爱施德,2025-10-09 13:46:06,12.42,161200,12.42,D
sz002416,爱施德,2025-10-09 13:46:21,12.41,19400,12.41,D
sz002416,爱施德,2025-10-09 13:46:48,12.41,58100,12.41,D
sz002416,爱施德,2025-10-09 13:47:03,12.42,25500,12.41,U
sz002416,爱施德,2025-10-09 13:48:51,12.4,257500,12.4,D
sz002416,爱施德,2025-10-09 13:49:12,12.4,208400,12.41,D
sz002416,爱施德,2025-10-09 13:50:00,12.39,32700,12.39,D
sz002416,爱施德,2025-10-09 13:50:45,12.39,41300,12.39,D
sz002416,爱施德,2025-10-09 13:51:15,12.39,20000,12.39,D
sz002416,爱施德,2025-10-09 13:51:48,12.4,30800,12.39,U
sz002416,爱施德,2025-10-09 13:52:21,12.41,40800,12.41,U
sz002416,爱施德,2025-10-09 13:52:33,12.4,190800,12.41,D
sz002416,爱施德,2025-10-09 13:52:51,12.4,26000,12.41,D
sz002416,爱施德,2025-10-09 13:53:24,12.4,42300,12.41,D
sz002416,爱施德,2025-10-09 13:54:24,12.39,71900,12.4,D
sz002416,爱施德,2025-10-09 13:54:51,12.4,16300,12.4,U
sz002416,爱施德,2025-10-09 13:56:03,12.4,20000,12.4,U
sz002416,爱施德,2025-10-09 13:57:09,12.41,26700,12.4,U
sz002416,爱施德,2025-10-09 13:57:24,12.41,84700,12.41,U
sz002416,爱施德,2025-10-09 13:58:06,12.41,35400,12.41,D
sz002416,爱施德,2025-10-09 13:58:24,12.41,50000,12.41,D
sz002416,爱施德,2025-10-09 13:58:51,12.41,17500,12.41,D
sz002416,爱施德,2025-10-09 13:59:42,12.42,34700,12.41,U
sz002416,爱施德,2025-10-09 14:00:03,12.42,34100,12.41,U
sz002416,爱施德,2025-10-09 14:00:45,12.42,17000,12.42,U
sz002416,爱施德,2025-10-09 14:00:48,12.42,23800,12.42,U
sz002416,爱施德,2025-10-09 14:03:48,12.43,73700,12.43,U
sz002416,爱施德,2025-10-09 14:04:03,12.42,52000,12.43,D
sz002416,爱施德,2025-10-09 14:05:24,12.43,58500,12.42,U
sz002416,爱施德,2025-10-09 14:05:45,12.45,405500,12.44,U
sz002416,爱施德,2025-10-09 14:05:48,12.45,16700,12.45,U
sz002416,爱施德,2025-10-09 14:07:27,12.44,24000,12.44,U
sz002416,爱施德,2025-10-09 14:07:54,12.44,50500,12.44,D
sz002416,爱施德,2025-10-09 14:08:12,12.44,25900,12.44,D
sz002416,爱施德,2025-10-09 14:10:18,12.43,42200,12.43,D
sz002416,爱施德,2025-10-09 14:12:54,12.42,51000,12.43,D
sz002416,爱施德,2025-10-09 14:15:03,12.43,17500,12.43,D
sz002416,爱施德,2025-10-09 14:16:03,12.44,22700,12.43,U
sz002416,爱施德,2025-10-09 14:16:15,12.44,38300,12.44,U
sz002416,爱施德,2025-10-09 14:16:21,12.44,25700,12.43,U
sz002416,爱施德,2025-10-09 14:17:27,12.44,50000,12.45,D
sz002416,爱施德,2025-10-09 14:18:57,12.45,29000,12.45,U
sz002416,爱施德,2025-10-09 14:19:36,12.45,16200,12.45,U
sz002416,爱施德,2025-10-09 14:19:57,12.45,23700,12.45,U
sz002416,爱施德,2025-10-09 14:21:00,12.42,215300,12.45,D
sz002416,爱施德,2025-10-09 14:24:30,12.41,16600,12.42,D
sz002416,爱施德,2025-10-09 14:25:00,12.42,41600,12.42,U
sz002416,爱施德,2025-10-09 14:25:24,12.42,16400,12.42,D
sz002416,爱施德,2025-10-09 14:26:15,12.42,39300,12.42,D
sz002416,爱施德,2025-10-09 14:26:54,12.42,21200,12.41,U
sz002416,爱施德,2025-10-09 14:27:42,12.41,56600,12.42,D
sz002416,爱施德,2025-10-09 14:27:51,12.41,19100,12.41,D
sz002416,爱施德,2025-10-09 14:28:00,12.41,76900,12.41,D
sz002416,爱施德,2025-10-09 14:28:39,12.41,24100,12.41,D
sz002416,爱施德,2025-10-09 14:30:09,12.41,40800,12.41,U
sz002416,爱施德,2025-10-09 14:30:30,12.4,32300,12.41,D
sz002416,爱施德,2025-10-09 14:31:00,12.41,22900,12.41,D
sz002416,爱施德,2025-10-09 14:31:27,12.41,28400,12.41,D
sz002416,爱施德,2025-10-09 14:31:39,12.41,29500,12.41,U
sz002416,爱施德,2025-10-09 14:32:00,12.4,28800,12.4,D
sz002416,爱施德,2025-10-09 14:32:09,12.4,71600,12.4,D
sz002416,爱施德,2025-10-09 14:33:21,12.41,88400,12.41,U
sz002416,爱施德,2025-10-09 14:33:36,12.42,43800,12.41,U
sz002416,爱施德,2025-10-09 14:34:06,12.42,28400,12.42,U
sz002416,爱施德,2025-10-09 14:34:51,12.41,85800,12.41,D
sz002416,爱施德,2025-10-09 14:35:18,12.41,41400,12.42,D
sz002416,爱施德,2025-10-09 14:35:21,12.41,35900,12.41,U
sz002416,爱施德,2025-10-09 14:35:27,12.42,64200,12.41,U
sz002416,爱施德,2025-10-09 14:35:48,12.42,170300,12.41,U
sz002416,爱施德,2025-10-09 14:36:48,12.42,24700,12.43,D
sz002416,爱施德,2025-10-09 14:37:45,12.43,19800,12.43,U
sz002416,爱施德,2025-10-09 14:38:42,12.42,20500,12.43,D
sz002416,爱施德,2025-10-09 14:39:12,12.42,20100,12.42,D
sz002416,爱施德,2025-10-09 14:39:36,12.42,27600,12.42,D
sz002416,爱施德,2025-10-09 14:39:39,12.42,31700,12.42,D
sz002416,爱施德,2025-10-09 14:40:18,12.42,30900,12.42,D
sz002416,爱施德,2025-10-09 14:40:33,12.42,16700,12.42,D
sz002416,爱施德,2025-10-09 14:42:00,12.42,35700,12.42,D
sz002416,爱施德,2025-10-09 14:42:36,12.41,54500,12.41,D
sz002416,爱施德,2025-10-09 14:42:42,12.41,21500,12.41,D
sz002416,爱施德,2025-10-09 14:42:45,12.42,20000,12.41,U
sz002416,爱施德,2025-10-09 14:43:06,12.42,71900,12.41,U
sz002416,爱施德,2025-10-09 14:43:30,12.41,47600,12.42,D
sz002416,爱施德,2025-10-09 14:45:21,12.41,96200,12.42,D
sz002416,爱施德,2025-10-09 14:45:57,12.41,26100,12.42,D
sz002416,爱施德,2025-10-09 14:46:48,12.41,16900,12.42,D
sz002416,爱施德,2025-10-09 14:46:54,12.41,67200,12.41,D
sz002416,爱施德,2025-10-09 14:47:51,12.42,108700,12.42,U
sz002416,爱施德,2025-10-09 14:47:54,12.42,34300,12.42,U
sz002416,爱施德,2025-10-09 14:48:03,12.42,67800,12.42,U
sz002416,爱施德,2025-10-09 14:49:12,12.42,67800,12.43,D
sz002416,爱施德,2025-10-09 14:49:15,12.42,57200,12.42,D
sz002416,爱施德,2025-10-09 14:49:30,12.42,54400,12.43,D
sz002416,爱施德,2025-10-09 14:49:33,12.43,223400,12.42,U
sz002416,爱施德,2025-10-09 14:50:00,12.43,22700,12.44,D
sz002416,爱施德,2025-10-09 14:50:03,12.42,131400,12.43,D
sz002416,爱施德,2025-10-09 14:50:15,12.43,86600,12.42,U
sz002416,爱施德,2025-10-09 14:50:27,12.43,29700,12.42,U
sz002416,爱施德,2025-10-09 14:50:48,12.43,23200,12.42,U
sz002416,爱施德,2025-10-09 14:51:03,12.42,54800,12.43,D
sz002416,爱施德,2025-10-09 14:51:06,12.42,21500,12.42,D
sz002416,爱施德,2025-10-09 14:52:12,12.44,171700,12.43,U
sz002416,爱施德,2025-10-09 14:52:51,12.44,26200,12.44,U
sz002416,爱施德,2025-10-09 14:52:54,12.44,20100,12.44,D
sz002416,爱施德,2025-10-09 14:53:15,12.43,88700,12.44,D
sz002416,爱施德,2025-10-09 14:54:09,12.42,43900,12.43,D
sz002416,爱施德,2025-10-09 14:54:36,12.44,16400,12.44,U
sz002416,爱施德,2025-10-09 14:54:39,12.44,31400,12.44,U
sz002416,爱施德,2025-10-09 14:54:42,12.43,63800,12.44,D
sz002416,爱施德,2025-10-09 14:54:54,12.44,45900,12.44,U
sz002416,爱施德,2025-10-09 14:55:00,12.44,42800,12.44,D
sz002416,爱施德,2025-10-09 14:55:03,12.44,44400,12.44,D
sz002416,爱施德,2025-10-09 14:55:15,12.45,223300,12.44,U
sz002416,爱施德,2025-10-09 14:55:27,12.46,24200,12.45,U
sz002416,爱施德,2025-10-09 14:55:45,12.45,18600,12.45,D
sz002416,爱施德,2025-10-09 14:56:03,12.46,27800,12.46,U
sz002416,爱施德,2025-10-09 14:56:09,12.46,132500,12.46,U
sz002416,爱施德,2025-10-09 14:56:15,12.46,21200,12.46,D
sz002416,爱施德,2025-10-09 14:56:18,12.46,44900,12.46,D
sz002416,爱施德,2025-10-09 14:56:21,12.46,22600,12.46,D
sz002416,爱施德,2025-10-09 14:56:33,12.46,29300,12.47,D
sz002416,爱施德,2025-10-09 14:56:36,12.46,61800,12.46,D
sz002416,爱施德,2025-10-09 14:56:39,12.47,21000,12.46,U
sz002416,爱施德,2025-10-09 14:56:42,12.47,24000,12.47,U
sz002416,爱施德,2025-10-09 14:56:57,12.46,32500,12.46,D
sz002416,爱施德,2025-10-09 14:57:00,12.48,128377,12.46,U
sz002416,爱施德,2025-10-09 15:00:00,12.46,690323,12.48,E
