symbol,name,ticktime,price,volume,prev_price,kind
sh600758,辽宁能源,2025-10-15 09:25:01,4.06,83700,0.0,U
sh600758,辽宁能源,2025-10-15 09:30:04,4.04,20200,4.06,D
sh600758,辽宁能源,2025-10-15 09:30:07,4.05,35600,4.04,E
sh600758,辽宁能源,2025-10-15 09:30:10,4.05,32500,4.05,U
sh600758,辽宁能源,2025-10-15 09:30:16,4.05,33200,4.04,U
sh600758,辽宁能源,2025-10-15 09:30:19,4.04,40300,4.05,D
sh600758,辽宁能源,2025-10-15 09:30:28,4.05,20400,4.05,U
sh600758,辽宁能源,2025-10-15 09:30:34,4.04,25700,4.05,D
sh600758,辽宁能源,2025-10-15 09:30:40,4.04,22400,4.05,D
sh600758,辽宁能源,2025-10-15 09:30:43,4.04,22800,4.04,U
sh600758,辽宁能源,2025-10-15 09:30:49,4.05,33600,4.04,U
sh600758,辽宁能源,2025-10-15 09:30:52,4.05,24500,4.05,U
sh600758,辽宁能源,2025-10-15 09:30:58,4.04,28200,4.05,D
sh600758,辽宁能源,2025-10-15 09:31:01,4.04,52200,4.04,U
sh600758,辽宁能源,2025-10-15 09:31:22,4.04,50300,4.05,D
sh600758,辽宁能源,2025-10-15 09:31:25,4.04,212100,4.04,D
sh600758,辽宁能源,2025-10-15 09:31:28,4.05,25600,4.04,E
sh600758,辽宁能源,2025-10-15 09:31:31,4.05,21400,4.05,U
sh600758,辽宁能源,2025-10-15 09:31:49,4.06,34600,4.06,U
sh600758,辽宁能源,2025-10-15 09:31:52,4.06,58200,4.06,U
sh600758,辽宁能源,2025-10-15 09:32:07,4.06,96600,4.05,U
sh600758,辽宁能源,2025-10-15 09:32:13,4.06,27100,4.06,D
sh600758,辽宁能源,2025-10-15 09:32:22,4.06,20900,4.06,U
sh600758,辽宁能源,2025-10-15 09:32:28,4.06,48300,4.06,U
sh600758,辽宁能源,2025-10-15 09:32:31,4.05,34100,4.06,D
sh600758,辽宁能源,2025-10-15 09:32:55,4.06,58900,4.07,D
sh600758,辽宁能源,2025-10-15 09:32:58,4.07,100400,4.06,U
sh600758,辽宁能源,2025-10-15 09:33:01,4.07,53600,4.07,D
sh600758,辽宁能源,2025-10-15 09:33:04,4.08,35600,4.07,U
sh600758,辽宁能源,2025-10-15 09:33:25,4.08,32600,4.08,U
sh600758,辽宁能源,2025-10-15 09:33:28,4.08,173900,4.08,U
sh600758,辽宁能源,2025-10-15 09:33:31,4.08,92400,4.08,U
sh600758,辽宁能源,2025-10-15 09:33:40,4.08,28000,4.08,D
sh600758,辽宁能源,2025-10-15 09:33:43,4.09,39700,4.08,U
sh600758,辽宁能源,2025-10-15 09:33:46,4.08,90900,4.09,D
sh600758,辽宁能源,2025-10-15 09:33:49,4.08,53600,4.08,E
sh600758,辽宁能源,2025-10-15 09:33:52,4.09,64700,4.08,U
sh600758,辽宁能源,2025-10-15 09:34:01,4.09,178500,4.09,U
sh600758,辽宁能源,2025-10-15 09:34:07,4.1,143100,4.08,U
sh600758,辽宁能源,2025-10-15 09:34:10,4.1,65700,4.1,U
sh600758,辽宁能源,2025-10-15 09:34:13,4.1,70400,4.1,U
sh600758,辽宁能源,2025-10-15 09:34:19,4.11,108700,4.11,U
sh600758,辽宁能源,2025-10-15 09:34:25,4.12,41900,4.12,U
sh600758,辽宁能源,2025-10-15 09:34:31,4.12,116100,4.12,U
sh600758,辽宁能源,2025-10-15 09:34:34,4.12,133000,4.12,U
sh600758,辽宁能源,2025-10-15 09:34:43,4.12,116200,4.13,D
sh600758,辽宁能源,2025-10-15 09:34:46,4.12,88100,4.12,D
sh600758,辽宁能源,2025-10-15 09:34:49,4.12,74700,4.12,U
sh600758,辽宁能源,2025-10-15 09:34:52,4.13,27400,4.12,U
sh600758,辽宁能源,2025-10-15 09:34:55,4.12,56200,4.13,D
sh600758,辽宁能源,2025-10-15 09:35:01,4.11,28200,4.12,D
sh600758,辽宁能源,2025-10-15 09:35:07,4.11,135100,4.11,D
sh600758,辽宁能源,2025-10-15 09:35:10,4.11,34800,4.11,U
sh600758,辽宁能源,2025-10-15 09:35:19,4.11,82400,4.11,U
sh600758,辽宁能源,2025-10-15 09:35:22,4.12,27800,4.11,U
sh600758,辽宁能源,2025-10-15 09:35:25,4.12,34200,4.12,U
sh600758,辽宁能源,2025-10-15 09:35:28,4.11,29000,4.12,D
sh600758,辽宁能源,2025-10-15 09:35:34,4.11,21100,4.11,U
sh600758,辽宁能源,2025-10-15 09:35:37,4.11,22300,4.11,D
sh600758,辽宁能源,2025-10-15 09:35:49,4.1,23200,4.11,D
sh600758,辽宁能源,2025-10-15 09:36:13,4.1,49800,4.1,D
sh600758,辽宁能源,2025-10-15 09:36:16,4.11,37100,4.1,U
sh600758,辽宁能源,2025-10-15 09:36:19,4.1,41200,4.11,D
sh600758,辽宁能源,2025-10-15 09:36:22,4.1,50000,4.1,U
sh600758,辽宁能源,2025-10-15 09:36:25,4.11,52300,4.1,U
sh600758,辽宁能源,2025-10-15 09:36:40,4.1,32000,4.11,D
sh600758,辽宁能源,2025-10-15 09:36:43,4.11,298500,4.1,U
sh600758,辽宁能源,2025-10-15 09:36:46,4.12,23800,4.11,U
sh600758,辽宁能源,2025-10-15 09:36:49,4.12,40600,4.12,U
sh600758,辽宁能源,2025-10-15 09:36:52,4.11,48000,4.12,D
sh600758,辽宁能源,2025-10-15 09:37:10,4.11,38600,4.12,D
sh600758,辽宁能源,2025-10-15 09:37:28,4.11,40000,4.11,D
sh600758,辽宁能源,2025-10-15 09:37:40,4.11,73300,4.11,D
sh600758,辽宁能源,2025-10-15 09:37:43,4.12,108000,4.11,U
sh600758,辽宁能源,2025-10-15 09:37:49,4.12,38600,4.12,U
sh600758,辽宁能源,2025-10-15 09:37:55,4.12,186900,4.12,U
sh600758,辽宁能源,2025-10-15 09:37:58,4.12,77100,4.12,U
sh600758,辽宁能源,2025-10-15 09:38:04,4.12,73700,4.12,D
sh600758,辽宁能源,2025-10-15 09:38:07,4.13,86700,4.12,U
sh600758,辽宁能源,2025-10-15 09:38:13,4.13,47600,4.13,U
sh600758,辽宁能源,2025-10-15 09:38:22,4.12,40400,4.13,D
sh600758,辽宁能源,2025-10-15 09:38:25,4.13,53400,4.12,U
sh600758,辽宁能源,2025-10-15 09:38:31,4.12,29900,4.13,D
sh600758,辽宁能源,2025-10-15 09:38:34,4.12,116800,4.12,D
sh600758,辽宁能源,2025-10-15 09:38:40,4.12,22400,4.12,U
sh600758,辽宁能源,2025-10-15 09:38:55,4.12,179000,4.12,D
sh600758,辽宁能源,2025-10-15 09:38:58,4.12,41300,4.12,D
sh600758,辽宁能源,2025-10-15 09:39:01,4.12,38900,4.12,D
sh600758,辽宁能源,2025-10-15 09:39:07,4.12,20000,4.12,U
sh600758,辽宁能源,2025-10-15 09:39:16,4.12,30000,4.11,U
sh600758,辽宁能源,2025-10-15 09:39:19,4.11,22900,4.12,D
sh600758,辽宁能源,2025-10-15 09:39:22,4.11,118700,4.11,D
sh600758,辽宁能源,2025-10-15 09:39:31,4.11,57300,4.11,U
sh600758,辽宁能源,2025-10-15 09:39:37,4.11,28800,4.11,U
sh600758,辽宁能源,2025-10-15 09:39:52,4.1,32800,4.11,D
sh600758,辽宁能源,2025-10-15 09:40:01,4.1,47700,4.1,D
sh600758,辽宁能源,2025-10-15 09:40:04,4.1,178700,4.1,D
sh600758,辽宁能源,2025-10-15 09:40:07,4.1,25100,4.1,U
sh600758,辽宁能源,2025-10-15 09:40:49,4.1,170700,4.09,U
sh600758,辽宁能源,2025-10-15 09:40:52,4.11,50400,4.1,U
sh600758,辽宁能源,2025-10-15 09:40:55,4.11,304000,4.11,U
sh600758,辽宁能源,2025-10-15 09:41:10,4.12,24300,4.12,U
sh600758,辽宁能源,2025-10-15 09:41:16,4.11,53100,4.11,E
sh600758,辽宁能源,2025-10-15 09:41:19,4.11,60900,4.11,D
sh600758,辽宁能源,2025-10-15 09:41:25,4.11,22100,4.11,U
sh600758,辽宁能源,2025-10-15 09:41:31,4.11,39900,4.11,U
sh600758,辽宁能源,2025-10-15 09:41:34,4.1,50100,4.11,D
sh600758,辽宁能源,2025-10-15 09:43:01,4.11,57600,4.11,U
sh600758,辽宁能源,2025-10-15 09:43:04,4.11,66600,4.11,U
sh600758,辽宁能源,2025-10-15 09:43:10,4.11,28100,4.11,D
sh600758,辽宁能源,2025-10-15 09:43:13,4.11,34400,4.11,D
sh600758,辽宁能源,2025-10-15 09:43:22,4.12,43600,4.12,U
sh600758,辽宁能源,2025-10-15 09:43:37,4.11,81100,4.12,D
sh600758,辽宁能源,2025-10-15 09:44:07,4.11,215700,4.11,D
sh600758,辽宁能源,2025-10-15 09:44:22,4.11,45500,4.1,U
sh600758,辽宁能源,2025-10-15 09:44:28,4.11,48900,4.11,U
sh600758,辽宁能源,2025-10-15 09:44:52,4.11,116500,4.11,U
sh600758,辽宁能源,2025-10-15 09:45:04,4.11,66500,4.11,U
sh600758,辽宁能源,2025-10-15 09:45:25,4.13,581700,4.11,U
sh600758,辽宁能源,2025-10-15 09:45:40,4.14,178800,4.13,U
sh600758,辽宁能源,2025-10-15 09:45:43,4.14,35700,4.14,U
sh600758,辽宁能源,2025-10-15 09:45:52,4.15,34400,4.15,U
sh600758,辽宁能源,2025-10-15 09:46:01,4.15,244700,4.15,U
sh600758,辽宁能源,2025-10-15 09:46:04,4.15,105000,4.15,D
sh600758,辽宁能源,2025-10-15 09:46:07,4.14,72000,4.15,D
sh600758,辽宁能源,2025-10-15 09:46:13,4.14,38300,4.14,U
sh600758,辽宁能源,2025-10-15 09:46:16,4.14,62500,4.14,U
sh600758,辽宁能源,2025-10-15 09:46:25,4.15,34700,4.14,U
sh600758,辽宁能源,2025-10-15 09:47:01,4.12,80900,4.14,D
sh600758,辽宁能源,2025-10-15 09:47:34,4.12,155600,4.13,D
sh600758,辽宁能源,2025-10-15 09:47:43,4.12,45300,4.12,U
sh600758,辽宁能源,2025-10-15 09:47:46,4.12,20700,4.12,U
sh600758,辽宁能源,2025-10-15 09:47:49,4.13,43100,4.12,U
sh600758,辽宁能源,2025-10-15 09:48:04,4.12,22400,4.12,D
sh600758,辽宁能源,2025-10-15 09:48:25,4.12,22000,4.13,D
sh600758,辽宁能源,2025-10-15 09:48:37,4.12,35300,4.12,D
sh600758,辽宁能源,2025-10-15 09:48:40,4.12,42100,4.12,U
sh600758,辽宁能源,2025-10-15 09:49:40,4.12,26800,4.12,D
sh600758,辽宁能源,2025-10-15 09:49:43,4.11,101000,4.12,D
sh600758,辽宁能源,2025-10-15 09:50:10,4.11,213200,4.12,D
sh600758,辽宁能源,2025-10-15 09:50:22,4.12,29200,4.12,U
sh600758,辽宁能源,2025-10-15 09:50:25,4.1,30100,4.12,D
sh600758,辽宁能源,2025-10-15 09:50:31,4.11,66000,4.1,U
sh600758,辽宁能源,2025-10-15 09:50:46,4.11,153300,4.11,U
sh600758,辽宁能源,2025-10-15 09:51:52,4.11,48300,4.1,U
sh600758,辽宁能源,2025-10-15 09:52:10,4.11,21400,4.11,U
sh600758,辽宁能源,2025-10-15 09:52:25,4.11,35900,4.11,U
sh600758,辽宁能源,2025-10-15 09:53:04,4.1,56400,4.1,D
sh600758,辽宁能源,2025-10-15 09:53:37,4.09,199200,4.1,D
sh600758,辽宁能源,2025-10-15 09:54:07,4.09,100000,4.09,D
sh600758,辽宁能源,2025-10-15 09:54:10,4.09,86000,4.09,D
sh600758,辽宁能源,2025-10-15 09:54:46,4.1,131930,4.09,U
sh600758,辽宁能源,2025-10-15 09:54:49,4.1,20000,4.1,D
sh600758,辽宁能源,2025-10-15 09:55:04,4.1,33600,4.1,D
sh600758,辽宁能源,2025-10-15 09:55:07,4.1,21800,4.1,U
sh600758,辽宁能源,2025-10-15 09:55:19,4.11,66800,4.09,U
sh600758,辽宁能源,2025-10-15 09:56:16,4.11,156400,4.09,U
sh600758,辽宁能源,2025-10-15 09:56:25,4.11,31000,4.11,U
sh600758,辽宁能源,2025-10-15 09:56:31,4.11,33300,4.11,D
sh600758,辽宁能源,2025-10-15 09:56:46,4.11,20000,4.11,D
sh600758,辽宁能源,2025-10-15 09:57:04,4.12,20800,4.11,U
sh600758,辽宁能源,2025-10-15 09:57:19,4.11,39300,4.12,D
sh600758,辽宁能源,2025-10-15 09:57:25,4.11,32400,4.11,U
sh600758,辽宁能源,2025-10-15 09:57:55,4.1,24000,4.11,D
sh600758,辽宁能源,2025-10-15 09:58:46,4.11,24200,4.11,U
sh600758,辽宁能源,2025-10-15 09:59:01,4.11,50400,4.11,U
sh600758,辽宁能源,2025-10-15 09:59:43,4.11,21000,4.1,U
sh600758,辽宁能源,2025-10-15 09:59:52,4.11,72100,4.11,U
sh600758,辽宁能源,2025-10-15 10:00:13,4.11,51300,4.12,D
sh600758,辽宁能源,2025-10-15 10:00:16,4.11,34600,4.11,D
sh600758,辽宁能源,2025-10-15 10:00:25,4.12,29200,4.1,U
sh600758,辽宁能源,2025-10-15 10:01:25,4.1,191500,4.11,D
sh600758,辽宁能源,2025-10-15 10:01:34,4.1,27100,4.1,U
sh600758,辽宁能源,2025-10-15 10:02:10,4.1,22600,4.1,U
sh600758,辽宁能源,2025-10-15 10:02:28,4.1,51300,4.1,D
sh600758,辽宁能源,2025-10-15 10:03:07,4.1,25100,4.1,D
sh600758,辽宁能源,2025-10-15 10:03:16,4.09,91400,4.1,D
sh600758,辽宁能源,2025-10-15 10:03:55,4.09,26800,4.09,D
sh600758,辽宁能源,2025-10-15 10:04:34,4.09,25000,4.1,D
sh600758,辽宁能源,2025-10-15 10:06:19,4.09,28800,4.09,D
sh600758,辽宁能源,2025-10-15 10:06:31,4.09,35900,4.09,U
sh600758,辽宁能源,2025-10-15 10:08:46,4.09,95700,4.1,D
sh600758,辽宁能源,2025-10-15 10:10:13,4.1,20600,4.1,U
sh600758,辽宁能源,2025-10-15 10:11:13,4.11,336200,4.1,U
sh600758,辽宁能源,2025-10-15 10:12:34,4.1,218300,4.1,D
sh600758,辽宁能源,2025-10-15 10:13:31,4.11,129800,4.11,U
sh600758,辽宁能源,2025-10-15 10:14:04,4.12,40200,4.12,U
sh600758,辽宁能源,2025-10-15 10:14:28,4.12,25500,4.12,U
sh600758,辽宁能源,2025-10-15 10:14:34,4.12,22300,4.12,U
sh600758,辽宁能源,2025-10-15 10:15:34,4.12,41000,4.12,U
sh600758,辽宁能源,2025-10-15 10:15:46,4.12,35900,4.11,U
sh600758,辽宁能源,2025-10-15 10:16:04,4.1,642300,4.12,D
sh600758,辽宁能源,2025-10-15 10:17:16,4.11,114600,4.1,U
sh600758,辽宁能源,2025-10-15 10:17:43,4.11,30100,4.11,D
sh600758,辽宁能源,2025-10-15 10:19:10,4.11,81600,4.11,D
sh600758,辽宁能源,2025-10-15 10:20:04,4.11,58300,4.11,D
sh600758,辽宁能源,2025-10-15 10:20:19,4.11,39200,4.11,U
sh600758,辽宁能源,2025-10-15 10:20:52,4.1,156100,4.1,D
sh600758,辽宁能源,2025-10-15 10:21:01,4.1,89500,4.1,D
sh600758,辽宁能源,2025-10-15 10:22:19,4.11,30600,4.1,U
sh600758,辽宁能源,2025-10-15 10:22:34,4.11,151600,4.1,U
sh600758,辽宁能源,2025-10-15 10:22:37,4.11,53900,4.11,U
sh600758,辽宁能源,2025-10-15 10:23:04,4.12,100800,4.12,U
sh600758,辽宁能源,2025-10-15 10:24:13,4.1,20000,4.1,D
sh600758,辽宁能源,2025-10-15 10:24:52,4.1,20000,4.1,D
sh600758,辽宁能源,2025-10-15 10:26:07,4.1,45200,4.11,D
sh600758,辽宁能源,2025-10-15 10:27:13,4.1,177600,4.1,D
sh600758,辽宁能源,2025-10-15 10:27:16,4.1,38500,4.1,U
sh600758,辽宁能源,2025-10-15 10:27:43,4.1,47900,4.1,D
sh600758,辽宁能源,2025-10-15 10:29:01,4.11,63600,4.1,U
sh600758,辽宁能源,2025-10-15 10:32:46,4.11,24800,4.11,U
sh600758,辽宁能源,2025-10-15 10:32:49,4.12,322100,4.11,U
sh600758,辽宁能源,2025-10-15 10:33:31,4.11,77742,4.11,D
sh600758,辽宁能源,2025-10-15 10:33:34,4.11,25500,4.11,U
sh600758,辽宁能源,2025-10-15 10:34:04,4.11,21000,4.11,U
sh600758,辽宁能源,2025-10-15 10:34:46,4.11,23800,4.11,U
sh600758,辽宁能源,2025-10-15 10:35:52,4.11,67400,4.11,U
sh600758,辽宁能源,2025-10-15 10:38:13,4.1,26400,4.11,D
sh600758,辽宁能源,2025-10-15 10:38:49,4.11,118800,4.11,U
sh600758,辽宁能源,2025-10-15 10:41:31,4.1,25900,4.1,D
sh600758,辽宁能源,2025-10-15 10:41:37,4.1,49100,4.1,D
sh600758,辽宁能源,2025-10-15 10:41:43,4.1,212400,4.1,D
sh600758,辽宁能源,2025-10-15 10:41:46,4.1,48600,4.1,U
sh600758,辽宁能源,2025-10-15 10:41:49,4.1,21800,4.1,D
sh600758,辽宁能源,2025-10-15 10:42:01,4.11,23700,4.1,U
sh600758,辽宁能源,2025-10-15 10:42:19,4.1,20600,4.1,D
sh600758,辽宁能源,2025-10-15 10:44:25,4.11,28100,4.1,U
sh600758,辽宁能源,2025-10-15 10:44:37,4.11,28300,4.11,U
sh600758,辽宁能源,2025-10-15 10:44:43,4.11,28000,4.11,U
sh600758,辽宁能源,2025-10-15 10:45:10,4.11,24900,4.1,U
sh600758,辽宁能源,2025-10-15 10:45:37,4.11,41700,4.11,U
sh600758,辽宁能源,2025-10-15 10:45:49,4.11,73800,4.11,U
sh600758,辽宁能源,2025-10-15 10:45:52,4.12,88594,4.11,U
sh600758,辽宁能源,2025-10-15 10:46:10,4.12,100000,4.12,U
sh600758,辽宁能源,2025-10-15 10:46:19,4.12,25900,4.12,U
sh600758,辽宁能源,2025-10-15 10:46:31,4.12,51500,4.12,U
sh600758,辽宁能源,2025-10-15 10:46:34,4.13,162400,4.12,U
sh600758,辽宁能源,2025-10-15 10:46:49,4.13,28300,4.12,U
sh600758,辽宁能源,2025-10-15 10:47:10,4.13,35100,4.13,U
sh600758,辽宁能源,2025-10-15 10:47:19,4.13,27300,4.13,U
sh600758,辽宁能源,2025-10-15 10:48:16,4.13,100000,4.13,U
sh600758,辽宁能源,2025-10-15 10:48:46,4.12,28900,4.13,D
sh600758,辽宁能源,2025-10-15 10:49:37,4.13,50200,4.13,U
sh600758,辽宁能源,2025-10-15 10:51:07,4.13,289500,4.13,U
sh600758,辽宁能源,2025-10-15 10:51:19,4.13,25200,4.12,U
sh600758,辽宁能源,2025-10-15 10:51:40,4.12,170740,4.12,D
sh600758,辽宁能源,2025-10-15 10:53:31,4.12,35900,4.11,U
sh600758,辽宁能源,2025-10-15 10:54:19,4.11,61700,4.12,D
sh600758,辽宁能源,2025-10-15 10:54:40,4.11,20000,4.11,D
sh600758,辽宁能源,2025-10-15 10:54:43,4.11,40000,4.11,D
sh600758,辽宁能源,2025-10-15 10:56:01,4.11,133400,4.12,D
sh600758,辽宁能源,2025-10-15 10:56:04,4.1,43900,4.11,D
sh600758,辽宁能源,2025-10-15 10:56:19,4.1,26500,4.11,D
sh600758,辽宁能源,2025-10-15 10:57:46,4.09,188300,4.1,D
sh600758,辽宁能源,2025-10-15 10:58:01,4.09,33500,4.1,D
sh600758,辽宁能源,2025-10-15 10:58:28,4.1,86200,4.09,U
sh600758,辽宁能源,2025-10-15 10:59:19,4.1,23000,4.1,D
sh600758,辽宁能源,2025-10-15 11:01:31,4.11,161600,4.1,U
sh600758,辽宁能源,2025-10-15 11:01:49,4.11,37000,4.11,D
sh600758,辽宁能源,2025-10-15 11:04:07,4.12,89700,4.11,U
sh600758,辽宁能源,2025-10-15 11:06:04,4.12,262400,4.11,U
sh600758,辽宁能源,2025-10-15 11:12:28,4.12,32600,4.11,U
sh600758,辽宁能源,2025-10-15 11:12:58,4.1,125500,4.11,D
sh600758,辽宁能源,2025-10-15 11:13:01,4.1,72500,4.1,D
sh600758,辽宁能源,2025-10-15 11:17:22,4.1,23200,4.1,D
sh600758,辽宁能源,2025-10-15 11:18:43,4.11,20000,4.11,U
sh600758,辽宁能源,2025-10-15 11:19:46,4.11,48200,4.1,U
sh600758,辽宁能源,2025-10-15 11:19:49,4.11,30700,4.11,U
sh600758,辽宁能源,2025-10-15 11:19:52,4.11,31600,4.11,U
sh600758,辽宁能源,2025-10-15 11:20:22,4.11,39800,4.11,D
sh600758,辽宁能源,2025-10-15 11:20:40,4.11,21900,4.11,U
sh600758,辽宁能源,2025-10-15 11:21:31,4.11,47100,4.11,U
sh600758,辽宁能源,2025-10-15 11:26:04,4.11,32600,4.11,U
sh600758,辽宁能源,2025-10-15 11:26:46,4.1,257600,4.11,D
sh600758,辽宁能源,2025-10-15 11:27:04,4.1,23300,4.1,D
sh600758,辽宁能源,2025-10-15 11:28:37,4.1,25900,4.1,D
sh600758,辽宁能源,2025-10-15 11:28:46,4.1,90000,4.1,D
sh600758,辽宁能源,2025-10-15 11:29:07,4.1,28100,4.1,D
sh600758,辽宁能源,2025-10-15 13:00:10,4.1,31600,4.11,D
sh600758,辽宁能源,2025-10-15 13:00:52,4.1,191900,4.1,D
sh600758,辽宁能源,2025-10-15 13:01:01,4.1,41300,4.09,U
sh600758,辽宁能源,2025-10-15 13:01:28,4.1,21500,4.1,D
sh600758,辽宁能源,2025-10-15 13:02:01,4.1,20000,4.1,D
sh600758,辽宁能源,2025-10-15 13:02:10,4.1,30500,4.1,D
sh600758,辽宁能源,2025-10-15 13:02:13,4.1,42200,4.1,U
sh600758,辽宁能源,2025-10-15 13:04:07,4.1,49100,4.1,D
sh600758,辽宁能源,2025-10-15 13:07:55,4.09,142400,4.1,D
sh600758,辽宁能源,2025-10-15 13:08:19,4.09,35100,4.09,D
sh600758,辽宁能源,2025-10-15 13:09:04,4.09,28700,4.09,D
sh600758,辽宁能源,2025-10-15 13:11:40,4.1,29600,4.1,U
sh600758,辽宁能源,2025-10-15 13:12:19,4.09,20000,4.1,D
sh600758,辽宁能源,2025-10-15 13:12:55,4.09,20300,4.09,D
sh600758,辽宁能源,2025-10-15 13:14:04,4.1,30700,4.1,U
sh600758,辽宁能源,2025-10-15 13:14:34,4.09,122300,4.1,D
sh600758,辽宁能源,2025-10-15 13:14:40,4.1,22100,4.09,U
sh600758,辽宁能源,2025-10-15 13:15:34,4.09,122500,4.09,D
sh600758,辽宁能源,2025-10-15 13:26:52,4.1,330000,4.09,U
sh600758,辽宁能源,2025-10-15 13:26:55,4.1,186600,4.1,D
sh600758,辽宁能源,2025-10-15 13:26:58,4.1,37200,4.1,U
sh600758,辽宁能源,2025-10-15 13:27:07,4.1,53500,4.1,D
sh600758,辽宁能源,2025-10-15 13:30:19,4.1,176800,4.1,D
sh600758,辽宁能源,2025-10-15 13:30:22,4.1,33700,4.1,D
sh600758,辽宁能源,2025-10-15 13:30:25,4.1,22900,4.1,U
sh600758,辽宁能源,2025-10-15 13:30:43,4.1,135100,4.1,D
sh600758,辽宁能源,2025-10-15 13:32:40,4.1,38600,4.1,U
sh600758,辽宁能源,2025-10-15 13:32:43,4.1,37400,4.1,U
sh600758,辽宁能源,2025-10-15 13:33:01,4.1,51900,4.1,U
sh600758,辽宁能源,2025-10-15 13:33:49,4.1,20600,4.09,U
sh600758,辽宁能源,2025-10-15 13:36:25,4.09,20000,4.09,D
sh600758,辽宁能源,2025-10-15 13:39:37,4.09,44200,4.09,D
sh600758,辽宁能源,2025-10-15 13:40:28,4.1,21000,4.09,U
sh600758,辽宁能源,2025-10-15 13:42:40,4.1,26900,4.1,U
sh600758,辽宁能源,2025-10-15 13:43:34,4.1,30000,4.1,U
sh600758,辽宁能源,2025-10-15 13:49:37,4.09,78200,4.1,D
sh600758,辽宁能源,2025-10-15 13:51:28,4.11,1125600,4.1,U
sh600758,辽宁能源,2025-10-15 13:53:31,4.12,21000,4.11,U
sh600758,辽宁能源,2025-10-15 13:54:31,4.11,227300,4.12,D
sh600758,辽宁能源,2025-10-15 13:54:34,4.11,29500,4.11,U
sh600758,辽宁能源,2025-10-15 13:56:25,4.11,52500,4.11,U
sh600758,辽宁能源,2025-10-15 13:56:40,4.11,24500,4.11,D
sh600758,辽宁能源,2025-10-15 13:57:46,4.12,29000,4.12,U
sh600758,辽宁能源,2025-10-15 14:01:10,4.11,215700,4.12,D
sh600758,辽宁能源,2025-10-15 14:01:19,4.11,52700,4.11,U
sh600758,辽宁能源,2025-10-15 14:01:22,4.11,20500,4.11,U
sh600758,辽宁能源,2025-10-15 14:13:13,4.12,25000,4.11,U
sh600758,辽宁能源,2025-10-15 14:18:40,4.11,23700,4.11,D
sh600758,辽宁能源,2025-10-15 14:19:49,4.12,60000,4.12,U
sh600758,辽宁能源,2025-10-15 14:19:52,4.11,24600,4.12,D
sh600758,辽宁能源,2025-10-15 14:21:49,4.12,22400,4.12,U
sh600758,辽宁能源,2025-10-15 14:23:04,4.11,31300,4.11,D
sh600758,辽宁能源,2025-10-15 14:23:34,4.11,23500,4.11,D
sh600758,辽宁能源,2025-10-15 14:26:16,4.11,100000,4.12,D
sh600758,辽宁能源,2025-10-15 14:27:28,4.11,129600,4.11,D
sh600758,辽宁能源,2025-10-15 14:28:10,4.11,23000,4.11,D
sh600758,辽宁能源,2025-10-15 14:28:40,4.12,21300,4.12,U
sh600758,辽宁能源,2025-10-15 14:29:07,4.11,241400,4.12,D
sh600758,辽宁能源,2025-10-15 14:29:10,4.12,98000,4.11,U
sh600758,辽宁能源,2025-10-15 14:30:19,4.12,20800,4.12,U
sh600758,辽宁能源,2025-10-15 14:30:52,4.11,22600,4.12,D
sh600758,辽宁能源,2025-10-15 14:31:01,4.12,22300,4.11,U
sh600758,辽宁能源,2025-10-15 14:31:28,4.12,63400,4.12,U
sh600758,辽宁能源,2025-10-15 14:31:58,4.12,43400,4.12,U
sh600758,辽宁能源,2025-10-15 14:32:07,4.12,35200,4.12,U
sh600758,辽宁能源,2025-10-15 14:33:16,4.11,21200,4.12,D
sh600758,辽宁能源,2025-10-15 14:34:40,4.11,48700,4.11,D
sh600758,辽宁能源,2025-10-15 14:36:16,4.11,46600,4.12,D
sh600758,辽宁能源,2025-10-15 14:36:58,4.12,28900,4.12,U
sh600758,辽宁能源,2025-10-15 14:37:10,4.12,155100,4.12,U
sh600758,辽宁能源,2025-10-15 14:38:43,4.12,25100,4.11,U
sh600758,辽宁能源,2025-10-15 14:39:01,4.11,23700,4.12,D
sh600758,辽宁能源,2025-10-15 14:40:10,4.11,60200,4.11,D
sh600758,辽宁能源,2025-10-15 14:40:13,4.11,26200,4.11,D
sh600758,辽宁能源,2025-10-15 14:40:16,4.11,50700,4.11,D
sh600758,辽宁能源,2025-10-15 14:40:19,4.11,64400,4.11,D
sh600758,辽宁能源,2025-10-15 14:40:22,4.11,34000,4.11,D
sh600758,辽宁能源,2025-10-15 14:40:25,4.11,29900,4.11,D
sh600758,辽宁能源,2025-10-15 14:40:28,4.11,36400,4.11,U
sh600758,辽宁能源,2025-10-15 14:40:31,4.11,22100,4.11,U
sh600758,辽宁能源,2025-10-15 14:44:04,4.11,27200,4.11,U
sh600758,辽宁能源,2025-10-15 14:44:16,4.1,28700,4.11,D
sh600758,辽宁能源,2025-10-15 14:44:19,4.11,31800,4.1,U
sh600758,辽宁能源,2025-10-15 14:44:37,4.11,23700,4.1,U
sh600758,辽宁能源,2025-10-15 14:46:37,4.1,22700,4.11,D
sh600758,辽宁能源,2025-10-15 14:47:13,4.11,20600,4.11,U
sh600758,辽宁能源,2025-10-15 14:47:28,4.1,23900,4.11,D
sh600758,辽宁能源,2025-10-15 14:48:10,4.11,47000,4.11,U
sh600758,辽宁能源,2025-10-15 14:48:13,4.11,62500,4.11,U
sh600758,辽宁能源,2025-10-15 14:48:16,4.11,268600,4.11,U
sh600758,辽宁能源,2025-10-15 14:48:19,4.11,130400,4.11,U
sh600758,辽宁能源,2025-10-15 14:48:28,4.11,50700,4.11,D
sh600758,辽宁能源,2025-10-15 14:49:10,4.11,46100,4.11,D
sh600758,辽宁能源,2025-10-15 14:49:46,4.11,64800,4.11,D
sh600758,辽宁能源,2025-10-15 14:49:55,4.11,431700,4.11,D
sh600758,辽宁能源,2025-10-15 14:49:58,4.11,109700,4.11,U
sh600758,辽宁能源,2025-10-15 14:50:04,4.11,52500,4.11,D
sh600758,辽宁能源,2025-10-15 14:50:28,4.12,33900,4.12,U
sh600758,辽宁能源,2025-10-15 14:50:34,4.12,44500,4.12,U
sh600758,辽宁能源,2025-10-15 14:50:37,4.12,23300,4.12,U
sh600758,辽宁能源,2025-10-15 14:50:43,4.11,45600,4.12,D
sh600758,辽宁能源,2025-10-15 14:51:52,4.11,69900,4.11,D
sh600758,辽宁能源,2025-10-15 14:52:19,4.11,27500,4.12,D
sh600758,辽宁能源,2025-10-15 14:52:28,4.11,50000,4.11,D
sh600758,辽宁能源,2025-10-15 14:53:10,4.12,21800,4.12,U
sh600758,辽宁能源,2025-10-15 14:53:31,4.11,24200,4.12,D
sh600758,辽宁能源,2025-10-15 14:54:10,4.12,62700,4.12,U
sh600758,辽宁能源,2025-10-15 14:54:19,4.12,64300,4.11,U
sh600758,辽宁能源,2025-10-15 14:54:37,4.11,27500,4.12,D
sh600758,辽宁能源,2025-10-15 14:55:22,4.12,94300,4.12,U
sh600758,辽宁能源,2025-10-15 14:55:55,4.12,25300,4.11,U
sh600758,辽宁能源,2025-10-15 14:56:13,4.11,31600,4.12,D
sh600758,辽宁能源,2025-10-15 14:56:16,4.12,106800,4.11,U
sh600758,辽宁能源,2025-10-15 14:56:25,4.12,24700,4.12,U
sh600758,辽宁能源,2025-10-15 14:56:31,4.11,35900,4.11,D
sh600758,辽宁能源,2025-10-15 14:56:34,4.12,73600,4.11,U
sh600758,辽宁能源,2025-10-15 14:56:37,4.11,21000,4.12,D
sh600758,辽宁能源,2025-10-15 14:56:58,4.12,50000,4.12,U
sh600758,辽宁能源,2025-10-15 15:00:03,4.12,265700,4.11,U
