symbol,name,ticktime,price,volume,prev_price,kind
sh600758,辽宁能源,2025-10-20 09:25:01,4.19,461900,0.0,U
sh600758,辽宁能源,2025-10-20 09:30:02,4.21,34500,4.19,U
sh600758,辽宁能源,2025-10-20 09:30:05,4.19,42100,4.21,D
sh600758,辽宁能源,2025-10-20 09:30:08,4.21,103200,4.19,U
sh600758,辽宁能源,2025-10-20 09:30:11,4.21,86900,4.21,U
sh600758,辽宁能源,2025-10-20 09:30:14,4.21,63400,4.21,U
sh600758,辽宁能源,2025-10-20 09:30:17,4.19,61600,4.21,D
sh600758,辽宁能源,2025-10-20 09:30:20,4.2,159800,4.19,U
sh600758,辽宁能源,2025-10-20 09:30:23,4.19,29500,4.2,D
sh600758,辽宁能源,2025-10-20 09:30:26,4.2,50500,4.19,U
sh600758,辽宁能源,2025-10-20 09:30:29,4.19,65400,4.2,E
sh600758,辽宁能源,2025-10-20 09:30:32,4.18,33500,4.19,D
sh600758,辽宁能源,2025-10-20 09:30:38,4.19,90200,4.19,D
sh600758,辽宁能源,2025-10-20 09:30:41,4.19,55800,4.19,D
sh600758,辽宁能源,2025-10-20 09:30:50,4.19,24800,4.19,U
sh600758,辽宁能源,2025-10-20 09:30:53,4.19,24900,4.19,U
sh600758,辽宁能源,2025-10-20 09:30:56,4.19,78800,4.19,D
sh600758,辽宁能源,2025-10-20 09:30:59,4.19,47000,4.19,U
sh600758,辽宁能源,2025-10-20 09:31:02,4.2,139300,4.19,U
sh600758,辽宁能源,2025-10-20 09:31:05,4.21,169600,4.2,U
sh600758,辽宁能源,2025-10-20 09:31:08,4.22,69100,4.21,U
sh600758,辽宁能源,2025-10-20 09:31:11,4.23,123700,4.22,U
sh600758,辽宁能源,2025-10-20 09:31:14,4.23,46000,4.23,U
sh600758,辽宁能源,2025-10-20 09:31:17,4.24,91200,4.23,U
sh600758,辽宁能源,2025-10-20 09:31:20,4.24,55100,4.24,U
sh600758,辽宁能源,2025-10-20 09:31:23,4.24,92600,4.24,D
sh600758,辽宁能源,2025-10-20 09:31:26,4.24,138500,4.24,D
sh600758,辽宁能源,2025-10-20 09:31:29,4.25,91100,4.24,U
sh600758,辽宁能源,2025-10-20 09:31:32,4.26,125100,4.25,U
sh600758,辽宁能源,2025-10-20 09:31:35,4.26,79200,4.26,U
sh600758,辽宁能源,2025-10-20 09:31:38,4.26,65300,4.26,U
sh600758,辽宁能源,2025-10-20 09:31:41,4.25,20500,4.26,D
sh600758,辽宁能源,2025-10-20 09:31:44,4.26,54400,4.25,U
sh600758,辽宁能源,2025-10-20 09:31:47,4.25,84100,4.26,D
sh600758,辽宁能源,2025-10-20 09:31:50,4.25,110900,4.25,U
sh600758,辽宁能源,2025-10-20 09:31:53,4.26,77300,4.25,U
sh600758,辽宁能源,2025-10-20 09:31:56,4.26,152800,4.26,U
sh600758,辽宁能源,2025-10-20 09:31:59,4.26,88700,4.26,U
sh600758,辽宁能源,2025-10-20 09:32:02,4.26,39600,4.26,D
sh600758,辽宁能源,2025-10-20 09:32:05,4.26,30000,4.26,U
sh600758,辽宁能源,2025-10-20 09:32:11,4.25,47300,4.26,D
sh600758,辽宁能源,2025-10-20 09:32:14,4.25,252400,4.25,D
sh600758,辽宁能源,2025-10-20 09:32:17,4.26,304600,4.25,U
sh600758,辽宁能源,2025-10-20 09:32:20,4.27,430300,4.26,U
sh600758,辽宁能源,2025-10-20 09:32:23,4.26,165600,4.27,D
sh600758,辽宁能源,2025-10-20 09:32:26,4.26,28100,4.26,U
sh600758,辽宁能源,2025-10-20 09:32:29,4.25,21300,4.26,D
sh600758,辽宁能源,2025-10-20 09:32:32,4.25,48200,4.25,D
sh600758,辽宁能源,2025-10-20 09:32:35,4.23,153700,4.25,E
sh600758,辽宁能源,2025-10-20 09:32:38,4.2,25600,4.23,D
sh600758,辽宁能源,2025-10-20 09:32:41,4.23,24800,4.2,E
sh600758,辽宁能源,2025-10-20 09:32:44,4.23,38800,4.23,D
sh600758,辽宁能源,2025-10-20 09:32:50,4.22,72100,4.22,D
sh600758,辽宁能源,2025-10-20 09:32:53,4.23,31100,4.22,U
sh600758,辽宁能源,2025-10-20 09:32:56,4.23,133000,4.23,U
sh600758,辽宁能源,2025-10-20 09:32:59,4.25,53500,4.23,U
sh600758,辽宁能源,2025-10-20 09:33:02,4.24,103700,4.25,D
sh600758,辽宁能源,2025-10-20 09:33:05,4.24,31300,4.24,D
sh600758,辽宁能源,2025-10-20 09:33:08,4.24,62700,4.24,D
sh600758,辽宁能源,2025-10-20 09:33:23,4.24,82400,4.23,U
sh600758,辽宁能源,2025-10-20 09:33:26,4.24,74000,4.24,D
sh600758,辽宁能源,2025-10-20 09:33:29,4.24,33200,4.24,U
sh600758,辽宁能源,2025-10-20 09:33:32,4.26,203500,4.24,U
sh600758,辽宁能源,2025-10-20 09:33:53,4.24,99300,4.24,D
sh600758,辽宁能源,2025-10-20 09:34:02,4.25,148900,4.24,U
sh600758,辽宁能源,2025-10-20 09:34:05,4.25,151200,4.25,D
sh600758,辽宁能源,2025-10-20 09:34:08,4.26,199300,4.25,U
sh600758,辽宁能源,2025-10-20 09:34:11,4.25,134000,4.26,D
sh600758,辽宁能源,2025-10-20 09:34:14,4.26,62800,4.25,U
sh600758,辽宁能源,2025-10-20 09:34:17,4.26,84600,4.26,D
sh600758,辽宁能源,2025-10-20 09:34:26,4.27,90500,4.25,U
sh600758,辽宁能源,2025-10-20 09:34:32,4.25,161400,4.25,U
sh600758,辽宁能源,2025-10-20 09:34:35,4.26,199800,4.25,E
sh600758,辽宁能源,2025-10-20 09:34:38,4.28,272700,4.26,U
sh600758,辽宁能源,2025-10-20 09:34:41,4.29,140900,4.28,U
sh600758,辽宁能源,2025-10-20 09:34:47,4.27,36000,4.29,D
sh600758,辽宁能源,2025-10-20 09:34:53,4.28,76600,4.28,U
sh600758,辽宁能源,2025-10-20 09:34:59,4.28,46800,4.27,U
sh600758,辽宁能源,2025-10-20 09:35:02,4.28,185100,4.28,D
sh600758,辽宁能源,2025-10-20 09:35:05,4.27,22200,4.28,D
sh600758,辽宁能源,2025-10-20 09:35:08,4.28,21700,4.27,U
sh600758,辽宁能源,2025-10-20 09:35:11,4.28,97000,4.28,U
sh600758,辽宁能源,2025-10-20 09:35:14,4.28,21100,4.28,U
sh600758,辽宁能源,2025-10-20 09:35:17,4.28,23300,4.28,U
sh600758,辽宁能源,2025-10-20 09:35:20,4.28,143500,4.28,U
sh600758,辽宁能源,2025-10-20 09:35:23,4.28,63200,4.28,U
sh600758,辽宁能源,2025-10-20 09:35:29,4.28,53800,4.28,U
sh600758,辽宁能源,2025-10-20 09:35:32,4.28,47700,4.28,D
sh600758,辽宁能源,2025-10-20 09:35:35,4.29,38700,4.28,U
sh600758,辽宁能源,2025-10-20 09:35:38,4.28,106700,4.29,D
sh600758,辽宁能源,2025-10-20 09:35:41,4.28,285700,4.28,D
sh600758,辽宁能源,2025-10-20 09:35:44,4.28,151900,4.28,D
sh600758,辽宁能源,2025-10-20 09:35:47,4.29,91800,4.28,U
sh600758,辽宁能源,2025-10-20 09:35:53,4.28,22000,4.29,D
sh600758,辽宁能源,2025-10-20 09:35:56,4.28,67600,4.28,D
sh600758,辽宁能源,2025-10-20 09:35:59,4.28,65200,4.28,D
sh600758,辽宁能源,2025-10-20 09:36:02,4.29,192000,4.28,U
sh600758,辽宁能源,2025-10-20 09:36:05,4.29,79400,4.29,D
sh600758,辽宁能源,2025-10-20 09:36:08,4.29,34500,4.29,U
sh600758,辽宁能源,2025-10-20 09:36:11,4.29,87200,4.29,U
sh600758,辽宁能源,2025-10-20 09:36:14,4.3,63600,4.29,U
sh600758,辽宁能源,2025-10-20 09:36:17,4.31,311000,4.3,U
sh600758,辽宁能源,2025-10-20 09:36:20,4.31,143000,4.31,U
sh600758,辽宁能源,2025-10-20 09:36:23,4.31,67800,4.31,D
sh600758,辽宁能源,2025-10-20 09:36:26,4.31,96100,4.31,U
sh600758,辽宁能源,2025-10-20 09:36:29,4.3,49000,4.31,D
sh600758,辽宁能源,2025-10-20 09:36:32,4.31,78100,4.3,U
sh600758,辽宁能源,2025-10-20 09:36:35,4.3,27600,4.31,D
sh600758,辽宁能源,2025-10-20 09:36:38,4.3,105200,4.3,U
sh600758,辽宁能源,2025-10-20 09:36:41,4.29,20700,4.3,E
sh600758,辽宁能源,2025-10-20 09:36:44,4.29,26200,4.29,U
sh600758,辽宁能源,2025-10-20 09:36:47,4.28,42400,4.29,D
sh600758,辽宁能源,2025-10-20 09:36:50,4.28,26500,4.28,D
sh600758,辽宁能源,2025-10-20 09:36:53,4.29,60100,4.28,U
sh600758,辽宁能源,2025-10-20 09:36:56,4.29,49800,4.29,U
sh600758,辽宁能源,2025-10-20 09:37:02,4.29,64000,4.29,U
sh600758,辽宁能源,2025-10-20 09:37:05,4.29,51100,4.29,U
sh600758,辽宁能源,2025-10-20 09:37:08,4.29,94500,4.29,D
sh600758,辽宁能源,2025-10-20 09:37:14,4.29,22200,4.29,U
sh600758,辽宁能源,2025-10-20 09:37:17,4.29,25300,4.29,D
sh600758,辽宁能源,2025-10-20 09:37:32,4.3,53700,4.3,U
sh600758,辽宁能源,2025-10-20 09:37:35,4.3,26000,4.3,U
sh600758,辽宁能源,2025-10-20 09:37:44,4.29,101100,4.29,D
sh600758,辽宁能源,2025-10-20 09:37:47,4.28,224200,4.29,D
sh600758,辽宁能源,2025-10-20 09:37:53,4.27,24200,4.28,D
sh600758,辽宁能源,2025-10-20 09:37:56,4.28,80500,4.27,U
sh600758,辽宁能源,2025-10-20 09:38:02,4.27,70200,4.27,D
sh600758,辽宁能源,2025-10-20 09:38:08,4.27,34000,4.27,D
sh600758,辽宁能源,2025-10-20 09:38:11,4.27,26800,4.27,D
sh600758,辽宁能源,2025-10-20 09:38:23,4.28,117200,4.28,U
sh600758,辽宁能源,2025-10-20 09:38:35,4.28,28600,4.28,D
sh600758,辽宁能源,2025-10-20 09:38:41,4.28,67200,4.28,U
sh600758,辽宁能源,2025-10-20 09:38:47,4.28,22100,4.28,U
sh600758,辽宁能源,2025-10-20 09:38:53,4.27,25800,4.27,D
sh600758,辽宁能源,2025-10-20 09:38:56,4.27,35800,4.27,D
sh600758,辽宁能源,2025-10-20 09:38:59,4.26,53300,4.27,D
sh600758,辽宁能源,2025-10-20 09:39:05,4.27,45100,4.27,D
sh600758,辽宁能源,2025-10-20 09:39:17,4.28,549700,4.27,U
sh600758,辽宁能源,2025-10-20 09:39:26,4.3,22700,4.29,U
sh600758,辽宁能源,2025-10-20 09:39:29,4.29,56400,4.3,D
sh600758,辽宁能源,2025-10-20 09:39:32,4.29,69200,4.29,E
sh600758,辽宁能源,2025-10-20 09:39:35,4.28,78100,4.29,D
sh600758,辽宁能源,2025-10-20 09:39:41,4.29,43900,4.29,E
sh600758,辽宁能源,2025-10-20 09:39:47,4.28,142000,4.29,D
sh600758,辽宁能源,2025-10-20 09:39:50,4.29,135600,4.28,U
sh600758,辽宁能源,2025-10-20 09:39:53,4.28,49700,4.29,D
sh600758,辽宁能源,2025-10-20 09:40:11,4.29,43000,4.29,U
sh600758,辽宁能源,2025-10-20 09:40:14,4.28,273000,4.29,D
sh600758,辽宁能源,2025-10-20 09:40:17,4.28,261500,4.28,U
sh600758,辽宁能源,2025-10-20 09:40:23,4.27,96300,4.28,D
sh600758,辽宁能源,2025-10-20 09:40:26,4.28,95300,4.27,U
sh600758,辽宁能源,2025-10-20 09:40:29,4.29,36500,4.28,U
sh600758,辽宁能源,2025-10-20 09:40:32,4.28,38500,4.29,D
sh600758,辽宁能源,2025-10-20 09:40:35,4.28,20000,4.28,U
sh600758,辽宁能源,2025-10-20 09:40:50,4.3,306900,4.29,U
sh600758,辽宁能源,2025-10-20 09:40:53,4.31,29500,4.3,U
sh600758,辽宁能源,2025-10-20 09:40:56,4.31,314700,4.31,U
sh600758,辽宁能源,2025-10-20 09:40:59,4.31,111400,4.31,D
sh600758,辽宁能源,2025-10-20 09:41:02,4.3,58600,4.31,D
sh600758,辽宁能源,2025-10-20 09:41:05,4.31,123700,4.3,U
sh600758,辽宁能源,2025-10-20 09:41:08,4.3,493100,4.31,D
sh600758,辽宁能源,2025-10-20 09:41:11,4.31,243300,4.3,U
sh600758,辽宁能源,2025-10-20 09:41:14,4.3,74700,4.31,E
sh600758,辽宁能源,2025-10-20 09:41:17,4.28,24800,4.3,D
sh600758,辽宁能源,2025-10-20 09:41:20,4.28,135200,4.28,D
sh600758,辽宁能源,2025-10-20 09:41:23,4.28,44900,4.28,D
sh600758,辽宁能源,2025-10-20 09:41:26,4.29,46500,4.28,U
sh600758,辽宁能源,2025-10-20 09:41:29,4.29,21900,4.29,U
sh600758,辽宁能源,2025-10-20 09:41:32,4.29,31800,4.29,U
sh600758,辽宁能源,2025-10-20 09:41:41,4.3,180300,4.29,U
sh600758,辽宁能源,2025-10-20 09:41:44,4.3,25400,4.3,D
sh600758,辽宁能源,2025-10-20 09:41:47,4.3,28500,4.3,D
sh600758,辽宁能源,2025-10-20 09:41:50,4.29,112400,4.3,D
sh600758,辽宁能源,2025-10-20 09:41:56,4.3,40800,4.3,U
sh600758,辽宁能源,2025-10-20 09:42:02,4.3,54200,4.29,U
sh600758,辽宁能源,2025-10-20 09:42:05,4.3,23800,4.3,U
sh600758,辽宁能源,2025-10-20 09:42:08,4.3,53900,4.3,U
sh600758,辽宁能源,2025-10-20 09:42:11,4.3,216200,4.3,D
sh600758,辽宁能源,2025-10-20 09:42:14,4.3,23800,4.3,D
sh600758,辽宁能源,2025-10-20 09:42:20,4.31,166800,4.31,D
sh600758,辽宁能源,2025-10-20 09:42:26,4.31,22000,4.31,U
sh600758,辽宁能源,2025-10-20 09:42:29,4.3,28400,4.31,D
sh600758,辽宁能源,2025-10-20 09:42:32,4.3,83000,4.3,D
sh600758,辽宁能源,2025-10-20 09:42:35,4.31,46300,4.3,U
sh600758,辽宁能源,2025-10-20 09:42:47,4.31,53300,4.31,U
sh600758,辽宁能源,2025-10-20 09:42:50,4.3,47600,4.31,D
sh600758,辽宁能源,2025-10-20 09:43:02,4.29,345800,4.3,D
sh600758,辽宁能源,2025-10-20 09:43:05,4.29,398600,4.29,U
sh600758,辽宁能源,2025-10-20 09:43:08,4.31,36400,4.29,U
sh600758,辽宁能源,2025-10-20 09:43:11,4.31,94600,4.31,U
sh600758,辽宁能源,2025-10-20 09:43:14,4.32,63700,4.31,U
sh600758,辽宁能源,2025-10-20 09:43:17,4.32,113200,4.32,U
sh600758,辽宁能源,2025-10-20 09:43:20,4.31,200500,4.32,E
sh600758,辽宁能源,2025-10-20 09:43:23,4.31,25000,4.31,U
sh600758,辽宁能源,2025-10-20 09:43:26,4.3,93200,4.31,E
sh600758,辽宁能源,2025-10-20 09:43:29,4.31,86300,4.3,U
sh600758,辽宁能源,2025-10-20 09:43:32,4.3,108600,4.31,E
sh600758,辽宁能源,2025-10-20 09:43:35,4.3,30400,4.3,D
sh600758,辽宁能源,2025-10-20 09:43:38,4.31,46300,4.3,U
sh600758,辽宁能源,2025-10-20 09:43:41,4.31,101000,4.31,U
sh600758,辽宁能源,2025-10-20 09:43:44,4.3,63300,4.31,D
sh600758,辽宁能源,2025-10-20 09:43:47,4.31,46800,4.3,E
sh600758,辽宁能源,2025-10-20 09:43:50,4.31,24600,4.31,U
sh600758,辽宁能源,2025-10-20 09:43:53,4.31,40601,4.31,U
sh600758,辽宁能源,2025-10-20 09:43:59,4.3,109599,4.31,D
sh600758,辽宁能源,2025-10-20 09:44:02,4.3,52900,4.3,D
sh600758,辽宁能源,2025-10-20 09:44:05,4.31,36600,4.3,U
sh600758,辽宁能源,2025-10-20 09:44:11,4.3,73700,4.31,D
sh600758,辽宁能源,2025-10-20 09:44:17,4.28,160300,4.3,D
sh600758,辽宁能源,2025-10-20 09:44:20,4.27,41500,4.28,D
sh600758,辽宁能源,2025-10-20 09:44:29,4.27,31200,4.27,D
sh600758,辽宁能源,2025-10-20 09:44:32,4.29,48300,4.27,U
sh600758,辽宁能源,2025-10-20 09:44:35,4.28,29000,4.29,U
sh600758,辽宁能源,2025-10-20 09:44:38,4.27,29300,4.28,D
sh600758,辽宁能源,2025-10-20 09:44:44,4.28,45700,4.28,U
sh600758,辽宁能源,2025-10-20 09:44:53,4.27,71200,4.28,D
sh600758,辽宁能源,2025-10-20 09:45:02,4.27,78900,4.28,D
sh600758,辽宁能源,2025-10-20 09:45:14,4.27,23200,4.27,U
sh600758,辽宁能源,2025-10-20 09:45:35,4.26,52400,4.27,D
sh600758,辽宁能源,2025-10-20 09:45:38,4.27,33600,4.26,U
sh600758,辽宁能源,2025-10-20 09:45:44,4.26,104400,4.27,D
sh600758,辽宁能源,2025-10-20 09:46:02,4.25,82900,4.27,D
sh600758,辽宁能源,2025-10-20 09:46:23,4.25,52600,4.26,D
sh600758,辽宁能源,2025-10-20 09:46:26,4.25,70600,4.25,D
sh600758,辽宁能源,2025-10-20 09:46:29,4.24,91300,4.25,D
sh600758,辽宁能源,2025-10-20 09:46:35,4.26,22000,4.25,U
sh600758,辽宁能源,2025-10-20 09:46:41,4.26,42500,4.25,U
sh600758,辽宁能源,2025-10-20 09:47:02,4.25,37400,4.26,D
sh600758,辽宁能源,2025-10-20 09:47:11,4.27,170800,4.26,U
sh600758,辽宁能源,2025-10-20 09:47:14,4.27,27800,4.27,U
sh600758,辽宁能源,2025-10-20 09:47:17,4.27,25600,4.27,U
sh600758,辽宁能源,2025-10-20 09:47:20,4.27,21600,4.27,U
sh600758,辽宁能源,2025-10-20 09:47:23,4.26,82800,4.27,D
sh600758,辽宁能源,2025-10-20 09:47:29,4.27,27100,4.26,U
sh600758,辽宁能源,2025-10-20 09:47:32,4.27,155800,4.27,U
sh600758,辽宁能源,2025-10-20 09:47:38,4.27,29400,4.27,D
sh600758,辽宁能源,2025-10-20 09:47:47,4.27,703500,4.27,D
sh600758,辽宁能源,2025-10-20 09:47:50,4.27,40500,4.27,U
sh600758,辽宁能源,2025-10-20 09:48:14,4.27,48500,4.27,U
sh600758,辽宁能源,2025-10-20 09:48:26,4.26,31300,4.26,D
sh600758,辽宁能源,2025-10-20 09:48:38,4.27,44500,4.27,U
sh600758,辽宁能源,2025-10-20 09:48:53,4.26,82300,4.27,D
sh600758,辽宁能源,2025-10-20 09:49:05,4.26,35600,4.26,U
sh600758,辽宁能源,2025-10-20 09:49:11,4.26,55400,4.26,U
sh600758,辽宁能源,2025-10-20 09:49:20,4.27,619700,4.26,U
sh600758,辽宁能源,2025-10-20 09:49:23,4.27,151200,4.27,D
sh600758,辽宁能源,2025-10-20 09:49:32,4.27,47400,4.27,D
sh600758,辽宁能源,2025-10-20 09:50:08,4.26,63900,4.27,D
sh600758,辽宁能源,2025-10-20 09:50:20,4.26,144500,4.26,U
sh600758,辽宁能源,2025-10-20 09:50:32,4.25,30900,4.26,D
sh600758,辽宁能源,2025-10-20 09:50:44,4.25,258900,4.26,D
sh600758,辽宁能源,2025-10-20 09:50:50,4.25,49500,4.25,U
sh600758,辽宁能源,2025-10-20 09:50:53,4.25,77900,4.25,U
sh600758,辽宁能源,2025-10-20 09:51:05,4.25,165000,4.25,D
sh600758,辽宁能源,2025-10-20 09:51:32,4.27,89700,4.27,U
sh600758,辽宁能源,2025-10-20 09:51:38,4.26,28400,4.27,D
sh600758,辽宁能源,2025-10-20 09:52:14,4.25,87400,4.26,D
sh600758,辽宁能源,2025-10-20 09:52:29,4.24,58800,4.24,D
sh600758,辽宁能源,2025-10-20 09:52:38,4.25,46200,4.25,U
sh600758,辽宁能源,2025-10-20 09:52:47,4.25,20100,4.24,U
sh600758,辽宁能源,2025-10-20 09:53:26,4.25,27100,4.24,U
sh600758,辽宁能源,2025-10-20 09:53:29,4.24,22700,4.25,D
sh600758,辽宁能源,2025-10-20 09:53:56,4.25,32900,4.25,D
sh600758,辽宁能源,2025-10-20 09:53:59,4.25,39500,4.25,U
sh600758,辽宁能源,2025-10-20 09:54:05,4.25,27000,4.25,U
sh600758,辽宁能源,2025-10-20 09:54:17,4.25,25000,4.25,D
sh600758,辽宁能源,2025-10-20 09:54:20,4.25,75900,4.25,U
sh600758,辽宁能源,2025-10-20 09:54:23,4.25,35900,4.25,U
sh600758,辽宁能源,2025-10-20 09:54:47,4.26,34300,4.25,U
sh600758,辽宁能源,2025-10-20 09:55:02,4.26,76100,4.26,U
sh600758,辽宁能源,2025-10-20 09:55:20,4.26,123200,4.26,U
sh600758,辽宁能源,2025-10-20 09:55:47,4.27,29400,4.27,U
sh600758,辽宁能源,2025-10-20 09:56:08,4.27,22700,4.26,U
sh600758,辽宁能源,2025-10-20 09:56:17,4.26,38300,4.27,D
sh600758,辽宁能源,2025-10-20 09:56:53,4.26,93000,4.27,D
sh600758,辽宁能源,2025-10-20 09:57:02,4.26,20200,4.27,D
sh600758,辽宁能源,2025-10-20 09:57:47,4.27,57900,4.27,U
sh600758,辽宁能源,2025-10-20 09:57:50,4.27,24800,4.27,U
sh600758,辽宁能源,2025-10-20 09:57:53,4.27,38400,4.27,U
sh600758,辽宁能源,2025-10-20 09:57:56,4.27,29200,4.27,U
sh600758,辽宁能源,2025-10-20 09:57:59,4.27,34100,4.27,D
sh600758,辽宁能源,2025-10-20 09:58:32,4.27,85700,4.28,D
sh600758,辽宁能源,2025-10-20 09:59:08,4.28,21700,4.28,U
sh600758,辽宁能源,2025-10-20 09:59:59,4.28,135700,4.28,U
sh600758,辽宁能源,2025-10-20 10:00:05,4.29,37400,4.27,U
sh600758,辽宁能源,2025-10-20 10:00:20,4.28,27300,4.28,D
sh600758,辽宁能源,2025-10-20 10:00:23,4.28,22600,4.28,D
sh600758,辽宁能源,2025-10-20 10:00:26,4.28,50800,4.28,D
sh600758,辽宁能源,2025-10-20 10:00:29,4.28,24300,4.28,D
sh600758,辽宁能源,2025-10-20 10:00:38,4.28,66000,4.27,U
sh600758,辽宁能源,2025-10-20 10:00:50,4.27,113000,4.28,D
sh600758,辽宁能源,2025-10-20 10:01:29,4.27,54200,4.27,D
sh600758,辽宁能源,2025-10-20 10:01:44,4.3,520800,4.28,U
sh600758,辽宁能源,2025-10-20 10:01:47,4.3,376300,4.3,U
sh600758,辽宁能源,2025-10-20 10:01:59,4.31,102900,4.31,U
sh600758,辽宁能源,2025-10-20 10:02:05,4.31,20900,4.31,U
sh600758,辽宁能源,2025-10-20 10:02:08,4.3,21000,4.31,D
sh600758,辽宁能源,2025-10-20 10:02:14,4.3,23400,4.3,D
sh600758,辽宁能源,2025-10-20 10:02:23,4.3,24200,4.3,U
sh600758,辽宁能源,2025-10-20 10:02:38,4.3,52000,4.3,U
sh600758,辽宁能源,2025-10-20 10:02:44,4.3,20100,4.3,U
sh600758,辽宁能源,2025-10-20 10:02:47,4.3,26700,4.3,U
sh600758,辽宁能源,2025-10-20 10:02:50,4.3,42500,4.3,U
sh600758,辽宁能源,2025-10-20 10:03:02,4.3,35400,4.3,U
sh600758,辽宁能源,2025-10-20 10:03:05,4.3,91900,4.3,U
sh600758,辽宁能源,2025-10-20 10:03:11,4.3,68400,4.3,U
sh600758,辽宁能源,2025-10-20 10:03:14,4.3,30000,4.3,D
sh600758,辽宁能源,2025-10-20 10:03:26,4.3,37300,4.3,D
sh600758,辽宁能源,2025-10-20 10:03:29,4.31,329800,4.3,U
sh600758,辽宁能源,2025-10-20 10:03:32,4.31,207000,4.31,D
sh600758,辽宁能源,2025-10-20 10:03:38,4.32,30200,4.31,U
sh600758,辽宁能源,2025-10-20 10:03:41,4.32,29300,4.32,U
sh600758,辽宁能源,2025-10-20 10:03:47,4.32,24200,4.32,U
sh600758,辽宁能源,2025-10-20 10:03:50,4.32,63500,4.32,U
sh600758,辽宁能源,2025-10-20 10:03:56,4.32,41200,4.32,U
sh600758,辽宁能源,2025-10-20 10:03:59,4.33,38500,4.32,U
sh600758,辽宁能源,2025-10-20 10:04:02,4.31,35200,4.33,D
sh600758,辽宁能源,2025-10-20 10:04:05,4.32,55900,4.31,U
sh600758,辽宁能源,2025-10-20 10:04:08,4.32,26700,4.32,U
sh600758,辽宁能源,2025-10-20 10:04:11,4.32,62815,4.32,U
sh600758,辽宁能源,2025-10-20 10:04:14,4.32,23185,4.32,D
sh600758,辽宁能源,2025-10-20 10:04:23,4.31,46300,4.32,D
sh600758,辽宁能源,2025-10-20 10:04:26,4.31,53500,4.31,D
sh600758,辽宁能源,2025-10-20 10:04:38,4.31,20300,4.31,U
sh600758,辽宁能源,2025-10-20 10:04:47,4.31,31600,4.31,U
sh600758,辽宁能源,2025-10-20 10:05:20,4.3,69900,4.31,D
sh600758,辽宁能源,2025-10-20 10:05:23,4.29,99000,4.3,D
sh600758,辽宁能源,2025-10-20 10:05:29,4.3,312700,4.29,U
sh600758,辽宁能源,2025-10-20 10:05:32,4.29,43500,4.3,D
sh600758,辽宁能源,2025-10-20 10:05:47,4.3,129500,4.3,U
sh600758,辽宁能源,2025-10-20 10:05:50,4.3,23400,4.3,D
sh600758,辽宁能源,2025-10-20 10:06:11,4.32,397900,4.31,U
sh600758,辽宁能源,2025-10-20 10:06:17,4.32,73800,4.32,D
sh600758,辽宁能源,2025-10-20 10:06:20,4.32,41500,4.32,U
sh600758,辽宁能源,2025-10-20 10:06:23,4.32,33300,4.32,U
sh600758,辽宁能源,2025-10-20 10:06:26,4.32,29500,4.32,U
sh600758,辽宁能源,2025-10-20 10:06:29,4.32,134200,4.32,D
sh600758,辽宁能源,2025-10-20 10:06:32,4.32,29400,4.32,D
sh600758,辽宁能源,2025-10-20 10:06:35,4.32,22300,4.32,D
sh600758,辽宁能源,2025-10-20 10:06:38,4.33,72600,4.32,U
sh600758,辽宁能源,2025-10-20 10:06:41,4.32,49400,4.33,D
sh600758,辽宁能源,2025-10-20 10:06:44,4.33,47300,4.32,U
sh600758,辽宁能源,2025-10-20 10:06:50,4.32,39200,4.32,D
sh600758,辽宁能源,2025-10-20 10:06:56,4.32,82300,4.32,U
sh600758,辽宁能源,2025-10-20 10:06:59,4.32,32200,4.32,U
sh600758,辽宁能源,2025-10-20 10:07:20,4.32,74300,4.32,U
sh600758,辽宁能源,2025-10-20 10:07:23,4.31,21200,4.32,D
sh600758,辽宁能源,2025-10-20 10:07:26,4.32,37200,4.31,U
sh600758,辽宁能源,2025-10-20 10:07:32,4.31,28500,4.31,D
sh600758,辽宁能源,2025-10-20 10:07:53,4.3,97600,4.3,D
sh600758,辽宁能源,2025-10-20 10:07:59,4.3,39200,4.3,U
sh600758,辽宁能源,2025-10-20 10:08:20,4.3,43800,4.3,U
sh600758,辽宁能源,2025-10-20 10:08:29,4.3,47600,4.3,D
sh600758,辽宁能源,2025-10-20 10:08:32,4.29,59200,4.3,D
sh600758,辽宁能源,2025-10-20 10:08:38,4.3,30100,4.3,U
sh600758,辽宁能源,2025-10-20 10:08:44,4.3,30900,4.3,D
sh600758,辽宁能源,2025-10-20 10:09:05,4.29,61700,4.29,D
sh600758,辽宁能源,2025-10-20 10:09:23,4.3,26300,4.29,U
sh600758,辽宁能源,2025-10-20 10:09:41,4.3,32700,4.29,U
sh600758,辽宁能源,2025-10-20 10:09:53,4.28,26300,4.3,D
sh600758,辽宁能源,2025-10-20 10:10:11,4.3,78900,4.29,U
sh600758,辽宁能源,2025-10-20 10:10:14,4.29,23300,4.3,D
sh600758,辽宁能源,2025-10-20 10:10:17,4.29,97100,4.29,D
sh600758,辽宁能源,2025-10-20 10:10:20,4.29,20800,4.29,U
sh600758,辽宁能源,2025-10-20 10:10:26,4.28,33800,4.29,D
sh600758,辽宁能源,2025-10-20 10:10:29,4.28,159700,4.28,D
sh600758,辽宁能源,2025-10-20 10:10:35,4.28,27000,4.28,D
sh600758,辽宁能源,2025-10-20 10:11:23,4.28,49600,4.27,U
sh600758,辽宁能源,2025-10-20 10:11:38,4.28,26500,4.28,U
sh600758,辽宁能源,2025-10-20 10:11:50,4.28,21500,4.28,U
sh600758,辽宁能源,2025-10-20 10:11:53,4.28,90200,4.28,U
sh600758,辽宁能源,2025-10-20 10:11:59,4.28,185800,4.28,U
sh600758,辽宁能源,2025-10-20 10:12:02,4.29,24500,4.28,U
sh600758,辽宁能源,2025-10-20 10:12:26,4.28,167900,4.29,D
sh600758,辽宁能源,2025-10-20 10:12:32,4.28,25400,4.28,U
sh600758,辽宁能源,2025-10-20 10:12:41,4.27,26400,4.28,D
sh600758,辽宁能源,2025-10-20 10:12:44,4.28,54700,4.27,U
sh600758,辽宁能源,2025-10-20 10:13:11,4.28,24900,4.28,U
sh600758,辽宁能源,2025-10-20 10:13:26,4.28,34300,4.28,D
sh600758,辽宁能源,2025-10-20 10:13:35,4.28,26200,4.29,D
sh600758,辽宁能源,2025-10-20 10:13:38,4.29,20600,4.28,U
sh600758,辽宁能源,2025-10-20 10:13:44,4.29,34500,4.28,U
sh600758,辽宁能源,2025-10-20 10:14:44,4.29,108000,4.28,U
sh600758,辽宁能源,2025-10-20 10:14:53,4.29,27700,4.3,D
sh600758,辽宁能源,2025-10-20 10:15:32,4.29,30300,4.29,U
sh600758,辽宁能源,2025-10-20 10:16:11,4.3,20000,4.3,U
sh600758,辽宁能源,2025-10-20 10:16:59,4.3,35500,4.3,U
sh600758,辽宁能源,2025-10-20 10:17:05,4.31,347400,4.3,U
sh600758,辽宁能源,2025-10-20 10:17:08,4.31,23700,4.31,U
sh600758,辽宁能源,2025-10-20 10:17:11,4.32,85500,4.31,U
sh600758,辽宁能源,2025-10-20 10:17:14,4.32,60800,4.32,U
sh600758,辽宁能源,2025-10-20 10:17:35,4.31,90800,4.32,D
sh600758,辽宁能源,2025-10-20 10:17:38,4.32,49200,4.31,U
sh600758,辽宁能源,2025-10-20 10:17:41,4.32,55200,4.32,D
sh600758,辽宁能源,2025-10-20 10:17:47,4.33,89400,4.32,U
sh600758,辽宁能源,2025-10-20 10:17:50,4.32,114900,4.33,D
sh600758,辽宁能源,2025-10-20 10:17:56,4.32,154900,4.33,D
sh600758,辽宁能源,2025-10-20 10:17:59,4.33,24100,4.32,U
sh600758,辽宁能源,2025-10-20 10:18:02,4.32,159900,4.33,D
sh600758,辽宁能源,2025-10-20 10:18:05,4.33,280100,4.32,U
sh600758,辽宁能源,2025-10-20 10:18:20,4.33,102500,4.34,D
sh600758,辽宁能源,2025-10-20 10:18:23,4.34,53200,4.33,U
sh600758,辽宁能源,2025-10-20 10:18:26,4.33,30600,4.34,D
sh600758,辽宁能源,2025-10-20 10:18:47,4.33,88200,4.34,D
sh600758,辽宁能源,2025-10-20 10:18:56,4.33,76700,4.33,D
sh600758,辽宁能源,2025-10-20 10:19:02,4.32,96000,4.33,D
sh600758,辽宁能源,2025-10-20 10:19:05,4.33,156600,4.32,U
sh600758,辽宁能源,2025-10-20 10:19:08,4.33,24400,4.33,U
sh600758,辽宁能源,2025-10-20 10:19:26,4.33,193200,4.32,U
sh600758,辽宁能源,2025-10-20 10:19:29,4.33,50000,4.33,U
sh600758,辽宁能源,2025-10-20 10:19:32,4.33,20000,4.33,U
sh600758,辽宁能源,2025-10-20 10:19:53,4.34,22600,4.33,U
sh600758,辽宁能源,2025-10-20 10:20:02,4.33,69900,4.34,D
sh600758,辽宁能源,2025-10-20 10:20:05,4.33,79800,4.33,D
sh600758,辽宁能源,2025-10-20 10:20:08,4.33,92600,4.33,U
sh600758,辽宁能源,2025-10-20 10:20:23,4.33,20500,4.33,U
sh600758,辽宁能源,2025-10-20 10:20:26,4.33,37100,4.33,U
sh600758,辽宁能源,2025-10-20 10:20:38,4.33,123700,4.33,U
sh600758,辽宁能源,2025-10-20 10:20:41,4.32,83100,4.33,D
sh600758,辽宁能源,2025-10-20 10:20:56,4.31,216500,4.33,D
sh600758,辽宁能源,2025-10-20 10:21:02,4.31,71000,4.32,D
sh600758,辽宁能源,2025-10-20 10:21:14,4.31,41000,4.31,U
sh600758,辽宁能源,2025-10-20 10:21:17,4.31,34300,4.31,U
sh600758,辽宁能源,2025-10-20 10:22:29,4.31,47600,4.3,U
sh600758,辽宁能源,2025-10-20 10:23:29,4.31,42000,4.3,U
sh600758,辽宁能源,2025-10-20 10:23:41,4.31,48600,4.32,D
sh600758,辽宁能源,2025-10-20 10:23:44,4.3,32600,4.31,D
sh600758,辽宁能源,2025-10-20 10:24:29,4.31,20400,4.31,D
sh600758,辽宁能源,2025-10-20 10:24:44,4.32,27200,4.32,U
sh600758,辽宁能源,2025-10-20 10:25:11,4.31,41600,4.32,D
sh600758,辽宁能源,2025-10-20 10:25:32,4.31,28500,4.32,D
sh600758,辽宁能源,2025-10-20 10:25:35,4.32,60400,4.31,U
sh600758,辽宁能源,2025-10-20 10:26:02,4.31,35500,4.32,D
sh600758,辽宁能源,2025-10-20 10:28:08,4.32,25300,4.32,U
sh600758,辽宁能源,2025-10-20 10:28:29,4.32,44900,4.32,U
sh600758,辽宁能源,2025-10-20 10:28:32,4.32,21200,4.32,U
sh600758,辽宁能源,2025-10-20 10:28:35,4.32,35300,4.32,U
sh600758,辽宁能源,2025-10-20 10:28:38,4.31,24800,4.32,D
sh600758,辽宁能源,2025-10-20 10:28:41,4.32,70000,4.31,U
sh600758,辽宁能源,2025-10-20 10:28:50,4.32,36000,4.32,U
sh600758,辽宁能源,2025-10-20 10:29:02,4.31,24600,4.32,D
sh600758,辽宁能源,2025-10-20 10:29:11,4.32,132100,4.32,U
sh600758,辽宁能源,2025-10-20 10:29:35,4.33,30100,4.32,U
sh600758,辽宁能源,2025-10-20 10:30:35,4.33,20100,4.33,U
sh600758,辽宁能源,2025-10-20 10:31:05,4.33,35200,4.33,U
sh600758,辽宁能源,2025-10-20 10:31:11,4.32,117400,4.33,D
sh600758,辽宁能源,2025-10-20 10:31:14,4.33,24300,4.32,U
sh600758,辽宁能源,2025-10-20 10:31:17,4.33,71700,4.33,U
sh600758,辽宁能源,2025-10-20 10:31:26,4.33,23600,4.33,U
sh600758,辽宁能源,2025-10-20 10:31:38,4.33,87702,4.33,U
sh600758,辽宁能源,2025-10-20 10:31:44,4.32,36100,4.33,D
sh600758,辽宁能源,2025-10-20 10:31:47,4.33,28400,4.32,U
sh600758,辽宁能源,2025-10-20 10:31:53,4.33,24900,4.33,U
sh600758,辽宁能源,2025-10-20 10:32:02,4.33,97000,4.33,U
sh600758,辽宁能源,2025-10-20 10:32:05,4.33,113200,4.33,U
sh600758,辽宁能源,2025-10-20 10:32:14,4.34,255100,4.34,U
sh600758,辽宁能源,2025-10-20 10:32:20,4.34,31900,4.34,U
sh600758,辽宁能源,2025-10-20 10:32:23,4.34,46700,4.34,U
sh600758,辽宁能源,2025-10-20 10:32:26,4.34,27300,4.34,U
sh600758,辽宁能源,2025-10-20 10:32:32,4.35,175100,4.35,U
sh600758,辽宁能源,2025-10-20 10:32:35,4.36,456800,4.35,U
sh600758,辽宁能源,2025-10-20 10:32:38,4.36,68701,4.36,D
sh600758,辽宁能源,2025-10-20 10:32:41,4.36,32200,4.36,U
sh600758,辽宁能源,2025-10-20 10:32:44,4.36,57300,4.36,U
sh600758,辽宁能源,2025-10-20 10:32:47,4.36,93100,4.36,U
sh600758,辽宁能源,2025-10-20 10:32:50,4.37,59600,4.36,U
sh600758,辽宁能源,2025-10-20 10:32:53,4.37,66600,4.37,U
sh600758,辽宁能源,2025-10-20 10:32:56,4.37,82900,4.37,U
sh600758,辽宁能源,2025-10-20 10:32:59,4.37,68800,4.37,U
sh600758,辽宁能源,2025-10-20 10:33:02,4.35,300900,4.37,D
sh600758,辽宁能源,2025-10-20 10:33:05,4.35,85300,4.35,U
sh600758,辽宁能源,2025-10-20 10:33:08,4.36,43400,4.35,U
sh600758,辽宁能源,2025-10-20 10:33:23,4.35,40300,4.36,D
sh600758,辽宁能源,2025-10-20 10:33:32,4.36,25600,4.36,U
sh600758,辽宁能源,2025-10-20 10:33:38,4.36,134200,4.36,U
sh600758,辽宁能源,2025-10-20 10:33:41,4.36,70100,4.36,D
sh600758,辽宁能源,2025-10-20 10:33:47,4.36,156600,4.36,D
sh600758,辽宁能源,2025-10-20 10:33:53,4.36,23000,4.36,U
sh600758,辽宁能源,2025-10-20 10:33:59,4.36,53800,4.36,U
sh600758,辽宁能源,2025-10-20 10:34:02,4.35,39500,4.36,D
sh600758,辽宁能源,2025-10-20 10:34:14,4.36,36000,4.36,U
sh600758,辽宁能源,2025-10-20 10:34:20,4.35,20600,4.36,D
sh600758,辽宁能源,2025-10-20 10:34:38,4.35,153300,4.35,D
sh600758,辽宁能源,2025-10-20 10:34:44,4.35,266400,4.35,U
sh600758,辽宁能源,2025-10-20 10:35:02,4.34,37000,4.35,D
sh600758,辽宁能源,2025-10-20 10:35:44,4.35,22500,4.35,U
sh600758,辽宁能源,2025-10-20 10:36:35,4.35,118600,4.35,U
sh600758,辽宁能源,2025-10-20 10:37:02,4.34,43100,4.36,D
sh600758,辽宁能源,2025-10-20 10:37:17,4.35,26300,4.35,U
sh600758,辽宁能源,2025-10-20 10:37:26,4.35,49900,4.35,U
sh600758,辽宁能源,2025-10-20 10:38:02,4.34,184100,4.35,D
sh600758,辽宁能源,2025-10-20 10:38:05,4.34,119300,4.34,D
sh600758,辽宁能源,2025-10-20 10:38:17,4.34,55700,4.33,U
sh600758,辽宁能源,2025-10-20 10:38:29,4.34,63000,4.34,U
sh600758,辽宁能源,2025-10-20 10:38:35,4.34,31100,4.33,U
sh600758,辽宁能源,2025-10-20 10:39:02,4.33,53900,4.34,D
sh600758,辽宁能源,2025-10-20 10:39:08,4.33,36100,4.33,D
sh600758,辽宁能源,2025-10-20 10:39:17,4.33,62300,4.33,D
sh600758,辽宁能源,2025-10-20 10:39:32,4.33,37000,4.33,D
sh600758,辽宁能源,2025-10-20 10:39:41,4.32,31200,4.33,D
sh600758,辽宁能源,2025-10-20 10:40:29,4.33,29600,4.33,U
sh600758,辽宁能源,2025-10-20 10:41:17,4.33,36900,4.33,U
sh600758,辽宁能源,2025-10-20 10:42:11,4.33,70000,4.33,U
sh600758,辽宁能源,2025-10-20 10:42:50,4.33,210000,4.32,U
sh600758,辽宁能源,2025-10-20 10:43:02,4.32,54000,4.32,D
sh600758,辽宁能源,2025-10-20 10:43:26,4.32,41400,4.33,D
sh600758,辽宁能源,2025-10-20 10:43:41,4.32,44000,4.32,U
sh600758,辽宁能源,2025-10-20 10:44:05,4.33,50000,4.33,U
sh600758,辽宁能源,2025-10-20 10:44:14,4.32,100500,4.33,D
sh600758,辽宁能源,2025-10-20 10:44:50,4.32,23100,4.33,D
sh600758,辽宁能源,2025-10-20 10:47:53,4.33,23000,4.33,U
sh600758,辽宁能源,2025-10-20 10:47:56,4.33,75200,4.33,U
sh600758,辽宁能源,2025-10-20 10:47:59,4.34,49700,4.33,U
sh600758,辽宁能源,2025-10-20 10:48:32,4.34,24000,4.33,U
sh600758,辽宁能源,2025-10-20 10:48:41,4.33,101000,4.34,D
sh600758,辽宁能源,2025-10-20 10:48:56,4.33,20000,4.33,D
sh600758,辽宁能源,2025-10-20 10:48:59,4.34,20300,4.33,U
sh600758,辽宁能源,2025-10-20 10:49:23,4.33,22900,4.34,D
sh600758,辽宁能源,2025-10-20 10:49:47,4.33,36400,4.33,D
sh600758,辽宁能源,2025-10-20 10:51:11,4.33,84500,4.32,U
sh600758,辽宁能源,2025-10-20 10:51:56,4.32,50950,4.32,D
sh600758,辽宁能源,2025-10-20 10:53:11,4.31,601250,4.32,D
sh600758,辽宁能源,2025-10-20 10:53:26,4.31,38900,4.31,D
sh600758,辽宁能源,2025-10-20 10:53:44,4.32,50000,4.32,U
sh600758,辽宁能源,2025-10-20 10:54:17,4.32,22600,4.31,U
sh600758,辽宁能源,2025-10-20 10:55:20,4.32,102800,4.32,U
sh600758,辽宁能源,2025-10-20 10:55:38,4.33,44400,4.32,U
sh600758,辽宁能源,2025-10-20 10:56:08,4.33,22000,4.32,U
sh600758,辽宁能源,2025-10-20 10:57:08,4.32,33400,4.32,D
sh600758,辽宁能源,2025-10-20 10:57:11,4.32,40600,4.32,D
sh600758,辽宁能源,2025-10-20 10:57:17,4.32,31300,4.32,D
sh600758,辽宁能源,2025-10-20 10:57:47,4.33,23400,4.32,U
sh600758,辽宁能源,2025-10-20 10:57:50,4.33,21100,4.33,U
sh600758,辽宁能源,2025-10-20 10:57:53,4.34,22400,4.33,U
sh600758,辽宁能源,2025-10-20 10:58:08,4.33,62100,4.34,D
sh600758,辽宁能源,2025-10-20 10:58:11,4.34,48500,4.33,U
sh600758,辽宁能源,2025-10-20 10:58:26,4.34,95300,4.34,U
sh600758,辽宁能源,2025-10-20 10:58:32,4.34,42500,4.35,D
sh600758,辽宁能源,2025-10-20 10:58:35,4.35,104400,4.34,U
sh600758,辽宁能源,2025-10-20 10:58:44,4.35,29200,4.35,U
sh600758,辽宁能源,2025-10-20 10:58:56,4.35,26400,4.34,U
sh600758,辽宁能源,2025-10-20 10:58:59,4.34,35500,4.35,D
sh600758,辽宁能源,2025-10-20 10:59:02,4.34,45200,4.34,D
sh600758,辽宁能源,2025-10-20 10:59:05,4.35,40000,4.34,U
sh600758,辽宁能源,2025-10-20 10:59:11,4.34,122300,4.35,D
sh600758,辽宁能源,2025-10-20 10:59:59,4.35,64800,4.35,U
sh600758,辽宁能源,2025-10-20 11:00:14,4.35,57900,4.35,D
sh600758,辽宁能源,2025-10-20 11:00:23,4.35,115500,4.35,D
sh600758,辽宁能源,2025-10-20 11:00:29,4.35,89600,4.35,D
sh600758,辽宁能源,2025-10-20 11:00:47,4.36,47500,4.35,U
sh600758,辽宁能源,2025-10-20 11:00:50,4.36,69700,4.36,U
sh600758,辽宁能源,2025-10-20 11:01:02,4.34,34100,4.35,D
sh600758,辽宁能源,2025-10-20 11:01:14,4.34,24100,4.34,U
sh600758,辽宁能源,2025-10-20 11:01:29,4.34,22300,4.34,U
sh600758,辽宁能源,2025-10-20 11:01:32,4.34,26900,4.34,U
sh600758,辽宁能源,2025-10-20 11:02:08,4.35,37800,4.34,U
sh600758,辽宁能源,2025-10-20 11:02:23,4.34,21300,4.35,D
sh600758,辽宁能源,2025-10-20 11:02:35,4.34,34700,4.34,U
sh600758,辽宁能源,2025-10-20 11:03:17,4.34,61000,4.34,D
sh600758,辽宁能源,2025-10-20 11:03:29,4.34,29100,4.34,U
sh600758,辽宁能源,2025-10-20 11:04:47,4.33,156900,4.33,D
sh600758,辽宁能源,2025-10-20 11:05:41,4.34,33500,4.34,D
sh600758,辽宁能源,2025-10-20 11:05:44,4.34,28700,4.34,U
sh600758,辽宁能源,2025-10-20 11:06:02,4.34,72700,4.34,U
sh600758,辽宁能源,2025-10-20 11:06:53,4.34,53700,4.33,U
sh600758,辽宁能源,2025-10-20 11:07:11,4.33,21500,4.34,D
sh600758,辽宁能源,2025-10-20 11:07:29,4.34,142200,4.34,U
sh600758,辽宁能源,2025-10-20 11:09:47,4.34,20200,4.34,U
sh600758,辽宁能源,2025-10-20 11:09:56,4.34,75900,4.34,U
sh600758,辽宁能源,2025-10-20 11:10:20,4.34,28000,4.34,U
sh600758,辽宁能源,2025-10-20 11:10:29,4.34,66000,4.34,D
sh600758,辽宁能源,2025-10-20 11:11:38,4.34,23800,4.35,D
sh600758,辽宁能源,2025-10-20 11:11:41,4.35,82300,4.34,U
sh600758,辽宁能源,2025-10-20 11:11:44,4.34,101600,4.35,D
sh600758,辽宁能源,2025-10-20 11:11:50,4.33,22900,4.34,D
sh600758,辽宁能源,2025-10-20 11:13:11,4.34,40600,4.34,U
sh600758,辽宁能源,2025-10-20 11:15:20,4.33,119000,4.33,D
sh600758,辽宁能源,2025-10-20 11:16:53,4.34,42400,4.34,U
sh600758,辽宁能源,2025-10-20 11:16:59,4.34,91200,4.34,U
sh600758,辽宁能源,2025-10-20 11:17:44,4.34,61900,4.34,U
sh600758,辽宁能源,2025-10-20 11:19:17,4.33,32100,4.34,D
sh600758,辽宁能源,2025-10-20 11:20:41,4.33,28300,4.34,D
sh600758,辽宁能源,2025-10-20 11:22:17,4.33,87400,4.34,D
sh600758,辽宁能源,2025-10-20 11:24:05,4.33,64100,4.33,D
sh600758,辽宁能源,2025-10-20 11:25:17,4.33,20200,4.33,D
sh600758,辽宁能源,2025-10-20 11:25:32,4.33,103300,4.33,D
sh600758,辽宁能源,2025-10-20 11:26:26,4.34,83700,4.34,U
sh600758,辽宁能源,2025-10-20 11:26:38,4.33,100000,4.34,D
sh600758,辽宁能源,2025-10-20 11:27:35,4.33,95140,4.34,D
sh600758,辽宁能源,2025-10-20 11:27:38,4.34,46360,4.33,U
sh600758,辽宁能源,2025-10-20 11:28:32,4.34,45400,4.34,D
sh600758,辽宁能源,2025-10-20 11:29:08,4.34,31600,4.34,U
sh600758,辽宁能源,2025-10-20 11:29:17,4.34,21800,4.34,U
sh600758,辽宁能源,2025-10-20 11:29:26,4.33,90200,4.34,D
sh600758,辽宁能源,2025-10-20 11:29:38,4.34,25400,4.34,U
sh600758,辽宁能源,2025-10-20 13:00:02,4.34,44300,4.34,U
sh600758,辽宁能源,2025-10-20 13:00:05,4.34,251700,4.34,D
sh600758,辽宁能源,2025-10-20 13:00:08,4.34,62900,4.34,D
sh600758,辽宁能源,2025-10-20 13:00:14,4.34,45700,4.34,D
sh600758,辽宁能源,2025-10-20 13:00:17,4.34,103700,4.34,D
sh600758,辽宁能源,2025-10-20 13:00:20,4.34,85600,4.34,U
sh600758,辽宁能源,2025-10-20 13:01:17,4.32,156740,4.33,D
sh600758,辽宁能源,2025-10-20 13:01:53,4.32,38700,4.32,D
sh600758,辽宁能源,2025-10-20 13:02:02,4.31,145200,4.33,D
sh600758,辽宁能源,2025-10-20 13:02:11,4.32,26600,4.32,U
sh600758,辽宁能源,2025-10-20 13:02:14,4.32,21600,4.32,U
sh600758,辽宁能源,2025-10-20 13:03:29,4.32,35800,4.33,D
sh600758,辽宁能源,2025-10-20 13:04:41,4.33,35000,4.32,U
sh600758,辽宁能源,2025-10-20 13:05:23,4.32,59500,4.33,D
sh600758,辽宁能源,2025-10-20 13:06:56,4.33,33300,4.33,U
sh600758,辽宁能源,2025-10-20 13:07:56,4.33,45100,4.33,U
sh600758,辽宁能源,2025-10-20 13:07:59,4.33,44400,4.33,U
sh600758,辽宁能源,2025-10-20 13:08:05,4.33,21600,4.32,E
sh600758,辽宁能源,2025-10-20 13:08:44,4.32,98100,4.33,D
sh600758,辽宁能源,2025-10-20 13:09:41,4.33,30200,4.33,U
sh600758,辽宁能源,2025-10-20 13:09:44,4.33,29200,4.33,U
sh600758,辽宁能源,2025-10-20 13:10:14,4.33,43600,4.34,D
sh600758,辽宁能源,2025-10-20 13:10:32,4.33,26900,4.33,D
sh600758,辽宁能源,2025-10-20 13:10:56,4.33,26600,4.33,D
sh600758,辽宁能源,2025-10-20 13:11:14,4.33,21400,4.34,D
sh600758,辽宁能源,2025-10-20 13:11:26,4.33,45700,4.33,D
sh600758,辽宁能源,2025-10-20 13:11:53,4.34,23000,4.34,U
sh600758,辽宁能源,2025-10-20 13:12:17,4.33,22400,4.34,D
sh600758,辽宁能源,2025-10-20 13:13:11,4.33,116600,4.33,D
sh600758,辽宁能源,2025-10-20 13:13:14,4.33,72700,4.33,D
sh600758,辽宁能源,2025-10-20 13:13:20,4.33,22600,4.33,D
sh600758,辽宁能源,2025-10-20 13:14:02,4.33,145700,4.34,D
sh600758,辽宁能源,2025-10-20 13:15:11,4.33,21300,4.32,U
sh600758,辽宁能源,2025-10-20 13:16:20,4.33,20000,4.33,U
sh600758,辽宁能源,2025-10-20 13:17:38,4.32,63300,4.32,D
sh600758,辽宁能源,2025-10-20 13:17:59,4.33,65100,4.32,U
sh600758,辽宁能源,2025-10-20 13:18:50,4.31,350000,4.32,D
sh600758,辽宁能源,2025-10-20 13:19:02,4.31,34800,4.31,D
sh600758,辽宁能源,2025-10-20 13:19:23,4.31,28500,4.31,D
sh600758,辽宁能源,2025-10-20 13:20:14,4.32,50300,4.32,U
sh600758,辽宁能源,2025-10-20 13:20:38,4.32,289100,4.32,U
sh600758,辽宁能源,2025-10-20 13:20:44,4.33,228700,4.32,U
sh600758,辽宁能源,2025-10-20 13:20:50,4.34,179600,4.33,U
sh600758,辽宁能源,2025-10-20 13:20:59,4.35,314700,4.34,U
sh600758,辽宁能源,2025-10-20 13:21:05,4.36,103500,4.36,U
sh600758,辽宁能源,2025-10-20 13:21:08,4.36,28900,4.36,U
sh600758,辽宁能源,2025-10-20 13:21:23,4.36,21900,4.36,U
sh600758,辽宁能源,2025-10-20 13:21:44,4.35,38900,4.35,U
sh600758,辽宁能源,2025-10-20 13:21:59,4.34,37500,4.35,D
sh600758,辽宁能源,2025-10-20 13:22:05,4.35,20900,4.35,U
sh600758,辽宁能源,2025-10-20 13:22:08,4.35,29800,4.35,U
sh600758,辽宁能源,2025-10-20 13:22:11,4.35,161500,4.35,D
sh600758,辽宁能源,2025-10-20 13:22:14,4.34,27600,4.35,D
sh600758,辽宁能源,2025-10-20 13:22:26,4.35,53000,4.35,U
sh600758,辽宁能源,2025-10-20 13:22:41,4.35,30200,4.35,U
sh600758,辽宁能源,2025-10-20 13:22:44,4.35,30100,4.35,U
sh600758,辽宁能源,2025-10-20 13:22:50,4.36,42100,4.35,U
sh600758,辽宁能源,2025-10-20 13:22:59,4.36,70900,4.36,U
sh600758,辽宁能源,2025-10-20 13:23:02,4.36,67200,4.36,U
sh600758,辽宁能源,2025-10-20 13:23:05,4.36,43100,4.36,U
sh600758,辽宁能源,2025-10-20 13:23:08,4.36,40200,4.36,U
sh600758,辽宁能源,2025-10-20 13:23:17,4.36,38200,4.37,D
sh600758,辽宁能源,2025-10-20 13:23:20,4.36,66200,4.36,D
sh600758,辽宁能源,2025-10-20 13:23:23,4.37,51100,4.36,U
sh600758,辽宁能源,2025-10-20 13:23:26,4.36,69400,4.37,D
sh600758,辽宁能源,2025-10-20 13:23:29,4.37,76000,4.36,U
sh600758,辽宁能源,2025-10-20 13:23:32,4.37,26400,4.37,U
sh600758,辽宁能源,2025-10-20 13:23:38,4.37,64500,4.37,U
sh600758,辽宁能源,2025-10-20 13:23:41,4.37,29200,4.37,U
sh600758,辽宁能源,2025-10-20 13:23:44,4.37,46200,4.37,U
sh600758,辽宁能源,2025-10-20 13:23:53,4.38,110400,4.38,U
sh600758,辽宁能源,2025-10-20 13:23:59,4.38,96800,4.38,U
sh600758,辽宁能源,2025-10-20 13:24:02,4.38,278400,4.38,U
sh600758,辽宁能源,2025-10-20 13:24:05,4.38,63000,4.38,U
sh600758,辽宁能源,2025-10-20 13:24:08,4.38,131400,4.38,U
sh600758,辽宁能源,2025-10-20 13:24:11,4.38,118900,4.38,U
sh600758,辽宁能源,2025-10-20 13:24:14,4.39,91700,4.38,U
sh600758,辽宁能源,2025-10-20 13:24:17,4.38,72700,4.39,D
sh600758,辽宁能源,2025-10-20 13:24:20,4.38,21500,4.38,U
sh600758,辽宁能源,2025-10-20 13:24:23,4.37,37000,4.38,D
sh600758,辽宁能源,2025-10-20 13:24:26,4.38,28500,4.37,D
sh600758,辽宁能源,2025-10-20 13:24:29,4.38,23900,4.38,D
sh600758,辽宁能源,2025-10-20 13:24:35,4.38,33400,4.38,U
sh600758,辽宁能源,2025-10-20 13:24:41,4.37,213100,4.37,D
sh600758,辽宁能源,2025-10-20 13:24:47,4.37,20900,4.37,U
sh600758,辽宁能源,2025-10-20 13:24:53,4.37,21600,4.37,U
sh600758,辽宁能源,2025-10-20 13:24:56,4.37,66900,4.37,U
sh600758,辽宁能源,2025-10-20 13:24:59,4.36,30300,4.37,D
sh600758,辽宁能源,2025-10-20 13:25:02,4.36,44800,4.36,D
sh600758,辽宁能源,2025-10-20 13:25:05,4.37,45600,4.36,U
sh600758,辽宁能源,2025-10-20 13:25:17,4.36,32400,4.36,D
sh600758,辽宁能源,2025-10-20 13:25:26,4.36,30600,4.36,U
sh600758,辽宁能源,2025-10-20 13:25:29,4.37,44700,4.36,U
sh600758,辽宁能源,2025-10-20 13:25:35,4.37,50500,4.36,U
sh600758,辽宁能源,2025-10-20 13:25:41,4.37,72800,4.37,U
sh600758,辽宁能源,2025-10-20 13:25:47,4.37,59300,4.37,U
sh600758,辽宁能源,2025-10-20 13:25:50,4.37,51100,4.37,U
sh600758,辽宁能源,2025-10-20 13:25:59,4.37,121900,4.37,U
sh600758,辽宁能源,2025-10-20 13:26:02,4.37,73100,4.37,U
sh600758,辽宁能源,2025-10-20 13:26:05,4.36,189000,4.37,D
sh600758,辽宁能源,2025-10-20 13:26:08,4.36,44400,4.36,D
sh600758,辽宁能源,2025-10-20 13:26:11,4.37,40600,4.36,U
sh600758,辽宁能源,2025-10-20 13:26:23,4.37,32000,4.37,U
sh600758,辽宁能源,2025-10-20 13:26:32,4.37,24400,4.37,U
sh600758,辽宁能源,2025-10-20 13:26:44,4.37,43600,4.37,U
sh600758,辽宁能源,2025-10-20 13:27:02,4.36,49500,4.36,D
sh600758,辽宁能源,2025-10-20 13:27:20,4.36,205700,4.36,D
sh600758,辽宁能源,2025-10-20 13:27:26,4.36,33400,4.36,U
sh600758,辽宁能源,2025-10-20 13:27:29,4.36,21000,4.36,D
sh600758,辽宁能源,2025-10-20 13:27:41,4.37,20200,4.37,U
sh600758,辽宁能源,2025-10-20 13:27:50,4.37,51300,4.36,U
sh600758,辽宁能源,2025-10-20 13:27:56,4.36,138800,4.37,D
sh600758,辽宁能源,2025-10-20 13:28:05,4.37,202600,4.37,U
sh600758,辽宁能源,2025-10-20 13:28:14,4.38,36000,4.37,U
sh600758,辽宁能源,2025-10-20 13:28:26,4.38,22000,4.38,U
sh600758,辽宁能源,2025-10-20 13:28:38,4.38,30000,4.38,U
sh600758,辽宁能源,2025-10-20 13:28:41,4.38,24500,4.38,U
sh600758,辽宁能源,2025-10-20 13:28:44,4.38,51600,4.38,U
sh600758,辽宁能源,2025-10-20 13:28:53,4.38,20000,4.38,U
sh600758,辽宁能源,2025-10-20 13:28:56,4.38,32000,4.38,U
sh600758,辽宁能源,2025-10-20 13:29:05,4.38,30400,4.38,U
sh600758,辽宁能源,2025-10-20 13:29:23,4.38,37900,4.38,U
sh600758,辽宁能源,2025-10-20 13:29:29,4.38,47700,4.38,U
sh600758,辽宁能源,2025-10-20 13:29:32,4.38,113000,4.38,U
sh600758,辽宁能源,2025-10-20 13:29:53,4.39,36400,4.39,U
sh600758,辽宁能源,2025-10-20 13:29:59,4.39,73800,4.39,U
sh600758,辽宁能源,2025-10-20 13:30:02,4.38,116300,4.39,D
sh600758,辽宁能源,2025-10-20 13:30:08,4.39,53800,4.39,U
sh600758,辽宁能源,2025-10-20 13:30:17,4.39,121600,4.38,U
sh600758,辽宁能源,2025-10-20 13:30:20,4.39,115700,4.39,U
sh600758,辽宁能源,2025-10-20 13:30:29,4.39,36900,4.39,D
sh600758,辽宁能源,2025-10-20 13:30:32,4.4,26500,4.39,U
sh600758,辽宁能源,2025-10-20 13:30:35,4.4,135200,4.4,U
sh600758,辽宁能源,2025-10-20 13:30:38,4.4,176500,4.4,U
sh600758,辽宁能源,2025-10-20 13:30:41,4.4,56600,4.4,U
sh600758,辽宁能源,2025-10-20 13:30:44,4.4,98100,4.4,U
sh600758,辽宁能源,2025-10-20 13:30:47,4.4,84100,4.4,U
sh600758,辽宁能源,2025-10-20 13:30:50,4.4,63600,4.4,U
sh600758,辽宁能源,2025-10-20 13:30:53,4.4,107200,4.4,U
sh600758,辽宁能源,2025-10-20 13:30:56,4.4,89600,4.4,U
sh600758,辽宁能源,2025-10-20 13:31:02,4.41,23300,4.41,U
sh600758,辽宁能源,2025-10-20 13:31:05,4.42,87600,4.41,U
sh600758,辽宁能源,2025-10-20 13:31:08,4.42,56700,4.42,U
sh600758,辽宁能源,2025-10-20 13:31:11,4.43,189100,4.42,U
sh600758,辽宁能源,2025-10-20 13:31:14,4.44,61100,4.43,U
sh600758,辽宁能源,2025-10-20 13:31:17,4.45,113900,4.44,U
sh600758,辽宁能源,2025-10-20 13:31:20,4.45,73200,4.45,U
sh600758,辽宁能源,2025-10-20 13:31:23,4.47,190610,4.45,U
sh600758,辽宁能源,2025-10-20 13:31:26,4.47,95200,4.47,U
sh600758,辽宁能源,2025-10-20 13:31:29,4.47,180200,4.47,U
sh600758,辽宁能源,2025-10-20 13:31:32,4.48,119500,4.47,U
sh600758,辽宁能源,2025-10-20 13:31:35,4.48,87000,4.48,U
sh600758,辽宁能源,2025-10-20 13:31:38,4.47,504600,4.48,D
sh600758,辽宁能源,2025-10-20 13:31:41,4.48,300700,4.47,U
sh600758,辽宁能源,2025-10-20 13:31:44,4.48,68200,4.48,U
sh600758,辽宁能源,2025-10-20 13:31:47,4.48,120600,4.48,U
sh600758,辽宁能源,2025-10-20 13:31:50,4.49,82700,4.48,U
sh600758,辽宁能源,2025-10-20 13:31:53,4.48,261500,4.49,D
sh600758,辽宁能源,2025-10-20 13:31:56,4.48,152300,4.48,D
sh600758,辽宁能源,2025-10-20 13:31:59,4.5,141900,4.48,U
sh600758,辽宁能源,2025-10-20 13:32:02,4.5,244200,4.5,U
sh600758,辽宁能源,2025-10-20 13:32:05,4.49,368000,4.5,D
sh600758,辽宁能源,2025-10-20 13:32:08,4.48,148100,4.49,D
sh600758,辽宁能源,2025-10-20 13:32:11,4.47,48300,4.48,D
sh600758,辽宁能源,2025-10-20 13:32:14,4.49,107600,4.47,U
sh600758,辽宁能源,2025-10-20 13:32:20,4.48,145000,4.49,D
sh600758,辽宁能源,2025-10-20 13:32:23,4.49,38200,4.48,U
sh600758,辽宁能源,2025-10-20 13:32:26,4.51,212600,4.49,U
sh600758,辽宁能源,2025-10-20 13:32:32,4.53,221000,4.51,U
sh600758,辽宁能源,2025-10-20 13:32:35,4.53,53100,4.53,U
sh600758,辽宁能源,2025-10-20 13:32:38,4.54,156700,4.53,U
sh600758,辽宁能源,2025-10-20 13:32:41,4.5,106200,4.54,D
sh600758,辽宁能源,2025-10-20 13:32:44,4.52,157100,4.5,E
sh600758,辽宁能源,2025-10-20 13:32:47,4.51,46300,4.52,E
sh600758,辽宁能源,2025-10-20 13:32:50,4.51,53800,4.51,U
sh600758,辽宁能源,2025-10-20 13:32:53,4.51,70900,4.51,U
sh600758,辽宁能源,2025-10-20 13:32:56,4.5,249000,4.51,D
sh600758,辽宁能源,2025-10-20 13:32:59,4.5,238900,4.5,U
sh600758,辽宁能源,2025-10-20 13:33:02,4.51,36700,4.5,U
sh600758,辽宁能源,2025-10-20 13:33:05,4.5,190200,4.51,D
sh600758,辽宁能源,2025-10-20 13:33:08,4.5,312600,4.5,D
sh600758,辽宁能源,2025-10-20 13:33:11,4.5,67200,4.5,U
sh600758,辽宁能源,2025-10-20 13:33:14,4.48,38400,4.5,D
sh600758,辽宁能源,2025-10-20 13:33:17,4.49,69800,4.48,U
sh600758,辽宁能源,2025-10-20 13:33:20,4.49,42700,4.49,D
sh600758,辽宁能源,2025-10-20 13:33:32,4.49,53300,4.49,D
sh600758,辽宁能源,2025-10-20 13:33:35,4.49,141800,4.49,D
sh600758,辽宁能源,2025-10-20 13:33:38,4.48,47300,4.49,D
sh600758,辽宁能源,2025-10-20 13:33:47,4.48,84900,4.48,U
sh600758,辽宁能源,2025-10-20 13:33:50,4.48,49100,4.48,U
sh600758,辽宁能源,2025-10-20 13:33:53,4.47,64800,4.48,D
sh600758,辽宁能源,2025-10-20 13:33:56,4.47,25600,4.47,U
sh600758,辽宁能源,2025-10-20 13:33:59,4.47,22600,4.47,U
sh600758,辽宁能源,2025-10-20 13:34:02,4.47,137500,4.47,U
sh600758,辽宁能源,2025-10-20 13:34:05,4.47,93200,4.47,D
sh600758,辽宁能源,2025-10-20 13:34:08,4.46,20100,4.47,D
sh600758,辽宁能源,2025-10-20 13:34:14,4.47,46100,4.47,U
sh600758,辽宁能源,2025-10-20 13:34:20,4.46,45400,4.47,D
sh600758,辽宁能源,2025-10-20 13:34:23,4.46,22400,4.46,E
sh600758,辽宁能源,2025-10-20 13:34:26,4.45,149900,4.46,D
sh600758,辽宁能源,2025-10-20 13:34:32,4.45,25200,4.45,U
sh600758,辽宁能源,2025-10-20 13:34:38,4.45,33000,4.44,U
sh600758,辽宁能源,2025-10-20 13:34:47,4.45,22300,4.45,U
sh600758,辽宁能源,2025-10-20 13:34:50,4.46,22800,4.45,U
sh600758,辽宁能源,2025-10-20 13:34:53,4.46,20500,4.46,U
sh600758,辽宁能源,2025-10-20 13:34:56,4.45,25700,4.46,D
sh600758,辽宁能源,2025-10-20 13:34:59,4.46,90200,4.45,U
sh600758,辽宁能源,2025-10-20 13:35:02,4.47,46000,4.46,U
sh600758,辽宁能源,2025-10-20 13:35:08,4.47,52300,4.46,U
sh600758,辽宁能源,2025-10-20 13:35:11,4.47,81400,4.47,U
sh600758,辽宁能源,2025-10-20 13:35:14,4.46,41600,4.47,D
sh600758,辽宁能源,2025-10-20 13:35:17,4.47,689800,4.46,U
sh600758,辽宁能源,2025-10-20 13:35:20,4.46,86600,4.47,E
sh600758,辽宁能源,2025-10-20 13:35:23,4.44,520000,4.46,D
sh600758,辽宁能源,2025-10-20 13:35:26,4.44,86500,4.44,U
sh600758,辽宁能源,2025-10-20 13:35:32,4.44,23600,4.43,U
sh600758,辽宁能源,2025-10-20 13:35:38,4.43,78600,4.44,D
sh600758,辽宁能源,2025-10-20 13:35:41,4.43,41800,4.43,D
sh600758,辽宁能源,2025-10-20 13:35:44,4.42,57800,4.43,D
sh600758,辽宁能源,2025-10-20 13:35:53,4.42,36200,4.42,D
sh600758,辽宁能源,2025-10-20 13:36:14,4.42,36300,4.42,D
sh600758,辽宁能源,2025-10-20 13:36:20,4.42,62200,4.42,D
sh600758,辽宁能源,2025-10-20 13:36:32,4.42,26600,4.41,U
sh600758,辽宁能源,2025-10-20 13:36:53,4.42,91300,4.41,U
sh600758,辽宁能源,2025-10-20 13:36:59,4.41,81700,4.41,D
sh600758,辽宁能源,2025-10-20 13:37:02,4.41,26800,4.41,D
sh600758,辽宁能源,2025-10-20 13:37:08,4.4,26800,4.41,D
sh600758,辽宁能源,2025-10-20 13:37:11,4.4,21300,4.4,D
sh600758,辽宁能源,2025-10-20 13:37:20,4.4,25600,4.4,D
sh600758,辽宁能源,2025-10-20 13:37:26,4.41,111300,4.4,U
sh600758,辽宁能源,2025-10-20 13:37:29,4.41,25000,4.41,U
sh600758,辽宁能源,2025-10-20 13:37:32,4.41,154500,4.41,U
sh600758,辽宁能源,2025-10-20 13:37:38,4.41,83800,4.4,U
sh600758,辽宁能源,2025-10-20 13:37:44,4.41,164900,4.41,U
sh600758,辽宁能源,2025-10-20 13:37:50,4.41,27400,4.41,U
sh600758,辽宁能源,2025-10-20 13:37:53,4.41,59600,4.41,U
sh600758,辽宁能源,2025-10-20 13:38:02,4.41,67500,4.41,U
sh600758,辽宁能源,2025-10-20 13:38:05,4.4,69500,4.41,D
sh600758,辽宁能源,2025-10-20 13:38:08,4.41,50600,4.4,U
sh600758,辽宁能源,2025-10-20 13:38:14,4.41,24900,4.41,U
sh600758,辽宁能源,2025-10-20 13:38:29,4.41,48400,4.41,U
sh600758,辽宁能源,2025-10-20 13:38:32,4.41,52900,4.41,U
sh600758,辽宁能源,2025-10-20 13:38:41,4.41,138700,4.41,U
sh600758,辽宁能源,2025-10-20 13:38:44,4.41,46800,4.41,U
sh600758,辽宁能源,2025-10-20 13:38:47,4.41,49700,4.41,D
sh600758,辽宁能源,2025-10-20 13:38:53,4.41,59600,4.41,U
sh600758,辽宁能源,2025-10-20 13:39:08,4.42,21100,4.42,U
sh600758,辽宁能源,2025-10-20 13:39:17,4.42,64100,4.42,U
sh600758,辽宁能源,2025-10-20 13:39:20,4.42,31600,4.42,U
sh600758,辽宁能源,2025-10-20 13:39:23,4.42,73900,4.42,U
sh600758,辽宁能源,2025-10-20 13:39:32,4.42,40700,4.43,D
sh600758,辽宁能源,2025-10-20 13:39:35,4.43,42600,4.42,U
sh600758,辽宁能源,2025-10-20 13:39:38,4.43,86200,4.43,U
sh600758,辽宁能源,2025-10-20 13:39:47,4.44,31500,4.44,U
sh600758,辽宁能源,2025-10-20 13:39:50,4.44,117700,4.44,D
sh600758,辽宁能源,2025-10-20 13:39:53,4.44,79100,4.44,D
sh600758,辽宁能源,2025-10-20 13:39:56,4.44,27100,4.44,D
sh600758,辽宁能源,2025-10-20 13:40:05,4.44,94300,4.45,D
sh600758,辽宁能源,2025-10-20 13:40:08,4.44,39000,4.44,D
sh600758,辽宁能源,2025-10-20 13:40:11,4.45,30300,4.44,U
sh600758,辽宁能源,2025-10-20 13:40:14,4.45,21500,4.45,U
sh600758,辽宁能源,2025-10-20 13:40:17,4.43,83900,4.45,D
sh600758,辽宁能源,2025-10-20 13:40:23,4.43,57800,4.44,D
sh600758,辽宁能源,2025-10-20 13:40:29,4.43,25000,4.44,D
sh600758,辽宁能源,2025-10-20 13:40:32,4.43,62400,4.43,D
sh600758,辽宁能源,2025-10-20 13:40:44,4.43,52800,4.44,D
sh600758,辽宁能源,2025-10-20 13:40:53,4.42,100500,4.44,D
sh600758,辽宁能源,2025-10-20 13:41:08,4.42,34800,4.43,D
sh600758,辽宁能源,2025-10-20 13:41:11,4.42,147900,4.42,D
sh600758,辽宁能源,2025-10-20 13:41:29,4.42,21500,4.42,U
sh600758,辽宁能源,2025-10-20 13:41:59,4.41,56700,4.42,D
sh600758,辽宁能源,2025-10-20 13:42:02,4.42,31000,4.41,U
sh600758,辽宁能源,2025-10-20 13:42:29,4.43,36100,4.42,U
sh600758,辽宁能源,2025-10-20 13:42:41,4.43,80300,4.42,U
sh600758,辽宁能源,2025-10-20 13:42:56,4.43,35400,4.42,U
sh600758,辽宁能源,2025-10-20 13:42:59,4.43,34700,4.43,D
sh600758,辽宁能源,2025-10-20 13:43:05,4.44,50600,4.43,U
sh600758,辽宁能源,2025-10-20 13:43:14,4.45,32800,4.44,U
sh600758,辽宁能源,2025-10-20 13:43:20,4.45,27700,4.45,U
sh600758,辽宁能源,2025-10-20 13:43:23,4.45,47200,4.45,U
sh600758,辽宁能源,2025-10-20 13:43:41,4.46,30200,4.46,U
sh600758,辽宁能源,2025-10-20 13:43:44,4.46,34100,4.46,U
sh600758,辽宁能源,2025-10-20 13:43:56,4.47,42300,4.46,U
sh600758,辽宁能源,2025-10-20 13:43:59,4.46,37100,4.47,D
sh600758,辽宁能源,2025-10-20 13:44:02,4.46,62500,4.46,D
sh600758,辽宁能源,2025-10-20 13:44:35,4.47,50800,4.46,U
sh600758,辽宁能源,2025-10-20 13:44:38,4.47,65400,4.47,U
sh600758,辽宁能源,2025-10-20 13:44:41,4.46,61400,4.47,D
sh600758,辽宁能源,2025-10-20 13:44:53,4.48,50394,4.47,U
sh600758,辽宁能源,2025-10-20 13:45:02,4.48,25500,4.48,U
sh600758,辽宁能源,2025-10-20 13:45:05,4.47,44906,4.48,D
sh600758,辽宁能源,2025-10-20 13:45:08,4.47,38800,4.47,U
sh600758,辽宁能源,2025-10-20 13:45:20,4.47,92200,4.47,U
sh600758,辽宁能源,2025-10-20 13:45:35,4.46,21600,4.46,U
sh600758,辽宁能源,2025-10-20 13:45:41,4.45,59800,4.46,D
sh600758,辽宁能源,2025-10-20 13:45:44,4.45,24500,4.45,U
sh600758,辽宁能源,2025-10-20 13:46:05,4.45,32900,4.45,U
sh600758,辽宁能源,2025-10-20 13:46:08,4.45,69500,4.45,U
sh600758,辽宁能源,2025-10-20 13:46:26,4.45,35900,4.45,D
sh600758,辽宁能源,2025-10-20 13:46:35,4.45,22100,4.45,D
sh600758,辽宁能源,2025-10-20 13:46:44,4.45,57400,4.45,D
sh600758,辽宁能源,2025-10-20 13:46:59,4.45,23300,4.45,U
sh600758,辽宁能源,2025-10-20 13:47:20,4.44,38300,4.44,D
sh600758,辽宁能源,2025-10-20 13:47:23,4.44,85400,4.44,D
sh600758,辽宁能源,2025-10-20 13:47:26,4.44,34400,4.44,U
sh600758,辽宁能源,2025-10-20 13:47:53,4.43,171600,4.44,D
sh600758,辽宁能源,2025-10-20 13:48:05,4.43,21800,4.43,U
sh600758,辽宁能源,2025-10-20 13:48:11,4.43,370700,4.43,U
sh600758,辽宁能源,2025-10-20 13:48:14,4.42,170000,4.43,U
sh600758,辽宁能源,2025-10-20 13:48:23,4.42,27500,4.41,U
sh600758,辽宁能源,2025-10-20 13:48:32,4.41,326700,4.42,D
sh600758,辽宁能源,2025-10-20 13:48:41,4.41,508100,4.41,D
sh600758,辽宁能源,2025-10-20 13:48:53,4.4,24000,4.41,D
sh600758,辽宁能源,2025-10-20 13:49:14,4.43,270100,4.41,U
sh600758,辽宁能源,2025-10-20 13:49:17,4.43,21700,4.43,U
sh600758,辽宁能源,2025-10-20 13:49:29,4.43,24100,4.43,U
sh600758,辽宁能源,2025-10-20 13:49:38,4.43,26700,4.43,U
sh600758,辽宁能源,2025-10-20 13:49:44,4.44,449700,4.43,U
sh600758,辽宁能源,2025-10-20 13:49:50,4.43,39900,4.43,D
sh600758,辽宁能源,2025-10-20 13:49:53,4.44,26100,4.43,U
sh600758,辽宁能源,2025-10-20 13:50:02,4.43,20700,4.44,D
sh600758,辽宁能源,2025-10-20 13:50:26,4.43,20400,4.43,D
sh600758,辽宁能源,2025-10-20 13:50:41,4.43,168200,4.44,D
sh600758,辽宁能源,2025-10-20 13:50:44,4.43,36700,4.43,U
sh600758,辽宁能源,2025-10-20 13:50:47,4.43,26100,4.43,D
sh600758,辽宁能源,2025-10-20 13:50:50,4.44,46300,4.43,U
sh600758,辽宁能源,2025-10-20 13:50:59,4.42,36300,4.42,D
sh600758,辽宁能源,2025-10-20 13:51:20,4.44,78200,4.43,U
sh600758,辽宁能源,2025-10-20 13:51:23,4.44,67900,4.44,U
sh600758,辽宁能源,2025-10-20 13:51:26,4.44,33100,4.44,D
sh600758,辽宁能源,2025-10-20 13:51:41,4.44,45300,4.44,U
sh600758,辽宁能源,2025-10-20 13:51:56,4.45,254500,4.45,U
sh600758,辽宁能源,2025-10-20 13:51:59,4.45,45200,4.45,U
sh600758,辽宁能源,2025-10-20 13:52:11,4.46,62900,4.45,U
sh600758,辽宁能源,2025-10-20 13:52:14,4.46,67900,4.46,U
sh600758,辽宁能源,2025-10-20 13:52:20,4.46,39800,4.45,U
sh600758,辽宁能源,2025-10-20 13:52:26,4.46,20500,4.46,U
sh600758,辽宁能源,2025-10-20 13:52:32,4.47,76100,4.47,U
sh600758,辽宁能源,2025-10-20 13:52:44,4.5,396800,4.48,U
sh600758,辽宁能源,2025-10-20 13:52:50,4.51,108800,4.51,U
sh600758,辽宁能源,2025-10-20 13:52:53,4.5,101200,4.51,D
sh600758,辽宁能源,2025-10-20 13:52:56,4.51,69600,4.5,U
sh600758,辽宁能源,2025-10-20 13:52:59,4.51,40700,4.51,D
sh600758,辽宁能源,2025-10-20 13:53:02,4.51,20100,4.51,U
sh600758,辽宁能源,2025-10-20 13:53:05,4.51,93300,4.51,U
sh600758,辽宁能源,2025-10-20 13:53:14,4.51,52300,4.52,D
sh600758,辽宁能源,2025-10-20 13:53:17,4.52,77600,4.51,U
sh600758,辽宁能源,2025-10-20 13:53:20,4.52,42700,4.52,U
sh600758,辽宁能源,2025-10-20 13:53:23,4.53,51100,4.52,U
sh600758,辽宁能源,2025-10-20 13:53:26,4.51,50900,4.53,D
sh600758,辽宁能源,2025-10-20 13:53:29,4.52,47900,4.51,U
sh600758,辽宁能源,2025-10-20 13:53:35,4.52,35700,4.52,U
sh600758,辽宁能源,2025-10-20 13:53:38,4.52,37200,4.52,U
sh600758,辽宁能源,2025-10-20 13:53:41,4.53,77100,4.52,U
sh600758,辽宁能源,2025-10-20 13:53:44,4.52,81600,4.53,D
sh600758,辽宁能源,2025-10-20 13:53:47,4.52,34400,4.52,U
sh600758,辽宁能源,2025-10-20 13:53:53,4.53,56000,4.52,U
sh600758,辽宁能源,2025-10-20 13:53:56,4.53,215500,4.53,U
sh600758,辽宁能源,2025-10-20 13:54:02,4.53,135000,4.53,U
sh600758,辽宁能源,2025-10-20 13:54:08,4.54,96300,4.54,U
sh600758,辽宁能源,2025-10-20 13:54:11,4.54,101100,4.54,U
sh600758,辽宁能源,2025-10-20 13:54:14,4.53,76500,4.54,D
sh600758,辽宁能源,2025-10-20 13:54:17,4.54,33500,4.53,U
sh600758,辽宁能源,2025-10-20 13:54:20,4.54,63400,4.54,U
sh600758,辽宁能源,2025-10-20 13:54:23,4.54,121302,4.54,U
sh600758,辽宁能源,2025-10-20 13:54:26,4.55,24100,4.54,U
sh600758,辽宁能源,2025-10-20 13:54:29,4.55,31100,4.55,U
sh600758,辽宁能源,2025-10-20 13:54:32,4.55,101200,4.55,U
sh600758,辽宁能源,2025-10-20 13:54:35,4.55,282600,4.55,D
sh600758,辽宁能源,2025-10-20 13:54:38,4.55,29700,4.55,U
sh600758,辽宁能源,2025-10-20 13:54:41,4.55,115600,4.55,U
sh600758,辽宁能源,2025-10-20 13:54:44,4.56,44800,4.55,U
sh600758,辽宁能源,2025-10-20 13:54:47,4.56,173100,4.56,U
sh600758,辽宁能源,2025-10-20 13:54:50,4.56,1401600,4.56,U
sh600758,辽宁能源,2025-10-20 13:54:53,4.58,275600,4.56,U
sh600758,辽宁能源,2025-10-20 13:54:56,4.58,403400,4.58,U
sh600758,辽宁能源,2025-10-20 13:54:59,4.57,447300,4.58,D
sh600758,辽宁能源,2025-10-20 13:55:02,4.58,132200,4.57,U
sh600758,辽宁能源,2025-10-20 13:55:05,4.57,96400,4.58,D
sh600758,辽宁能源,2025-10-20 13:55:08,4.58,769700,4.57,U
sh600758,辽宁能源,2025-10-20 13:55:11,4.58,1145700,4.58,U
sh600758,辽宁能源,2025-10-20 13:55:14,4.58,89300,4.58,U
sh600758,辽宁能源,2025-10-20 13:55:17,4.57,84000,4.58,D
sh600758,辽宁能源,2025-10-20 13:55:20,4.57,78500,4.57,U
sh600758,辽宁能源,2025-10-20 13:55:23,4.57,101400,4.57,U
sh600758,辽宁能源,2025-10-20 13:55:26,4.58,35500,4.57,U
sh600758,辽宁能源,2025-10-20 13:55:29,4.58,114000,4.58,U
sh600758,辽宁能源,2025-10-20 13:55:32,4.58,43700,4.58,U
sh600758,辽宁能源,2025-10-20 13:55:35,4.58,536400,4.58,U
sh600758,辽宁能源,2025-10-20 13:55:38,4.58,164500,4.58,U
sh600758,辽宁能源,2025-10-20 13:55:41,4.57,103200,4.58,D
sh600758,辽宁能源,2025-10-20 13:55:44,4.57,85200,4.57,U
sh600758,辽宁能源,2025-10-20 13:55:47,4.57,37400,4.57,U
sh600758,辽宁能源,2025-10-20 13:55:50,4.57,35300,4.57,U
sh600758,辽宁能源,2025-10-20 13:55:53,4.57,124764,4.57,U
sh600758,辽宁能源,2025-10-20 13:55:59,4.58,122036,4.57,U
sh600758,辽宁能源,2025-10-20 13:56:02,4.58,30800,4.58,U
sh600758,辽宁能源,2025-10-20 13:56:05,4.58,103400,4.58,U
sh600758,辽宁能源,2025-10-20 13:56:08,4.58,67900,4.58,U
sh600758,辽宁能源,2025-10-20 13:56:11,4.58,28600,4.58,U
sh600758,辽宁能源,2025-10-20 13:56:14,4.57,57400,4.58,D
sh600758,辽宁能源,2025-10-20 13:56:17,4.58,28100,4.57,U
sh600758,辽宁能源,2025-10-20 13:56:20,4.57,181000,4.58,D
sh600758,辽宁能源,2025-10-20 13:56:23,4.58,21200,4.57,U
sh600758,辽宁能源,2025-10-20 13:56:26,4.57,23700,4.58,U
sh600758,辽宁能源,2025-10-20 13:56:32,4.57,24400,4.56,U
sh600758,辽宁能源,2025-10-20 13:56:35,4.57,31300,4.57,U
sh600758,辽宁能源,2025-10-20 13:56:38,4.57,64800,4.57,U
sh600758,辽宁能源,2025-10-20 13:56:41,4.57,21900,4.57,U
sh600758,辽宁能源,2025-10-20 13:56:47,4.57,20000,4.57,U
sh600758,辽宁能源,2025-10-20 13:56:50,4.56,113200,4.57,D
sh600758,辽宁能源,2025-10-20 13:56:56,4.56,24000,4.56,U
sh600758,辽宁能源,2025-10-20 13:56:59,4.56,28500,4.56,U
sh600758,辽宁能源,2025-10-20 13:57:02,4.55,81600,4.56,D
sh600758,辽宁能源,2025-10-20 13:57:08,4.56,22000,4.55,U
sh600758,辽宁能源,2025-10-20 13:57:11,4.56,120300,4.56,U
sh600758,辽宁能源,2025-10-20 13:57:14,4.55,42600,4.56,D
sh600758,辽宁能源,2025-10-20 13:57:26,4.55,35400,4.54,U
sh600758,辽宁能源,2025-10-20 13:57:35,4.55,72000,4.54,U
sh600758,辽宁能源,2025-10-20 13:57:44,4.54,79700,4.55,D
sh600758,辽宁能源,2025-10-20 13:57:47,4.54,21100,4.54,D
sh600758,辽宁能源,2025-10-20 13:57:50,4.54,112300,4.54,D
sh600758,辽宁能源,2025-10-20 13:57:59,4.54,22800,4.54,U
sh600758,辽宁能源,2025-10-20 13:58:02,4.54,22300,4.54,D
sh600758,辽宁能源,2025-10-20 13:58:05,4.54,72700,4.54,D
sh600758,辽宁能源,2025-10-20 13:58:08,4.54,25800,4.54,E
sh600758,辽宁能源,2025-10-20 13:58:17,4.53,21300,4.54,D
sh600758,辽宁能源,2025-10-20 13:58:35,4.53,35900,4.53,D
sh600758,辽宁能源,2025-10-20 13:58:53,4.53,21300,4.53,D
sh600758,辽宁能源,2025-10-20 13:59:02,4.54,25600,4.54,U
sh600758,辽宁能源,2025-10-20 13:59:11,4.54,33200,4.54,D
sh600758,辽宁能源,2025-10-20 13:59:20,4.55,21000,4.55,U
sh600758,辽宁能源,2025-10-20 13:59:23,4.55,20900,4.55,U
sh600758,辽宁能源,2025-10-20 13:59:26,4.55,50400,4.55,U
sh600758,辽宁能源,2025-10-20 13:59:29,4.55,25500,4.55,U
sh600758,辽宁能源,2025-10-20 13:59:32,4.55,38400,4.55,U
sh600758,辽宁能源,2025-10-20 13:59:41,4.55,75000,4.55,U
sh600758,辽宁能源,2025-10-20 13:59:47,4.55,61500,4.55,U
sh600758,辽宁能源,2025-10-20 13:59:50,4.55,21300,4.55,U
sh600758,辽宁能源,2025-10-20 14:00:02,4.55,32700,4.55,U
sh600758,辽宁能源,2025-10-20 14:00:08,4.54,34600,4.55,D
sh600758,辽宁能源,2025-10-20 14:00:11,4.54,37100,4.54,D
sh600758,辽宁能源,2025-10-20 14:00:14,4.54,22900,4.54,D
sh600758,辽宁能源,2025-10-20 14:00:17,4.54,42200,4.54,D
sh600758,辽宁能源,2025-10-20 14:00:20,4.54,73200,4.54,D
sh600758,辽宁能源,2025-10-20 14:00:23,4.53,138700,4.54,D
sh600758,辽宁能源,2025-10-20 14:00:26,4.54,50000,4.53,E
sh600758,辽宁能源,2025-10-20 14:00:38,4.54,25600,4.53,U
sh600758,辽宁能源,2025-10-20 14:00:41,4.54,28900,4.54,U
sh600758,辽宁能源,2025-10-20 14:00:44,4.55,162200,4.54,U
sh600758,辽宁能源,2025-10-20 14:00:56,4.55,60700,4.55,U
sh600758,辽宁能源,2025-10-20 14:01:05,4.55,20400,4.54,U
sh600758,辽宁能源,2025-10-20 14:01:11,4.55,33300,4.54,U
sh600758,辽宁能源,2025-10-20 14:01:17,4.54,70900,4.54,D
sh600758,辽宁能源,2025-10-20 14:01:23,4.54,62900,4.54,D
sh600758,辽宁能源,2025-10-20 14:01:26,4.55,71200,4.54,U
sh600758,辽宁能源,2025-10-20 14:01:47,4.54,202900,4.54,D
sh600758,辽宁能源,2025-10-20 14:01:53,4.53,26900,4.53,D
sh600758,辽宁能源,2025-10-20 14:01:56,4.53,34900,4.53,D
sh600758,辽宁能源,2025-10-20 14:02:02,4.52,60898,4.53,D
sh600758,辽宁能源,2025-10-20 14:02:05,4.52,46400,4.52,D
sh600758,辽宁能源,2025-10-20 14:02:11,4.53,22700,4.52,U
sh600758,辽宁能源,2025-10-20 14:02:23,4.52,53400,4.52,D
sh600758,辽宁能源,2025-10-20 14:02:29,4.52,20200,4.52,D
sh600758,辽宁能源,2025-10-20 14:02:41,4.52,70400,4.52,D
sh600758,辽宁能源,2025-10-20 14:02:44,4.52,26300,4.52,D
sh600758,辽宁能源,2025-10-20 14:02:53,4.53,22100,4.52,U
sh600758,辽宁能源,2025-10-20 14:02:56,4.52,31600,4.53,D
sh600758,辽宁能源,2025-10-20 14:03:02,4.51,48802,4.52,D
sh600758,辽宁能源,2025-10-20 14:03:14,4.52,94600,4.51,U
sh600758,辽宁能源,2025-10-20 14:03:26,4.51,25200,4.52,D
sh600758,辽宁能源,2025-10-20 14:03:32,4.51,27700,4.52,D
sh600758,辽宁能源,2025-10-20 14:03:38,4.52,82600,4.52,U
sh600758,辽宁能源,2025-10-20 14:03:41,4.52,37400,4.52,U
sh600758,辽宁能源,2025-10-20 14:03:53,4.52,44700,4.52,U
sh600758,辽宁能源,2025-10-20 14:03:59,4.51,27100,4.51,D
sh600758,辽宁能源,2025-10-20 14:04:17,4.52,51300,4.51,U
sh600758,辽宁能源,2025-10-20 14:04:59,4.52,83300,4.52,U
sh600758,辽宁能源,2025-10-20 14:05:02,4.52,25200,4.52,U
sh600758,辽宁能源,2025-10-20 14:05:23,4.52,23900,4.52,U
sh600758,辽宁能源,2025-10-20 14:05:29,4.52,20600,4.52,U
sh600758,辽宁能源,2025-10-20 14:05:35,4.52,83600,4.52,U
sh600758,辽宁能源,2025-10-20 14:05:50,4.51,37400,4.52,D
sh600758,辽宁能源,2025-10-20 14:05:53,4.52,31123,4.51,U
sh600758,辽宁能源,2025-10-20 14:05:56,4.52,23700,4.52,D
sh600758,辽宁能源,2025-10-20 14:05:59,4.52,25700,4.52,D
sh600758,辽宁能源,2025-10-20 14:06:08,4.52,20800,4.52,D
sh600758,辽宁能源,2025-10-20 14:06:26,4.52,532175,4.52,D
sh600758,辽宁能源,2025-10-20 14:06:50,4.52,29900,4.51,U
sh600758,辽宁能源,2025-10-20 14:07:35,4.52,44200,4.52,U
sh600758,辽宁能源,2025-10-20 14:07:38,4.51,71200,4.52,D
sh600758,辽宁能源,2025-10-20 14:07:56,4.51,20300,4.52,D
sh600758,辽宁能源,2025-10-20 14:08:11,4.51,91200,4.51,D
sh600758,辽宁能源,2025-10-20 14:08:44,4.52,44200,4.52,U
sh600758,辽宁能源,2025-10-20 14:08:50,4.52,61000,4.52,U
sh600758,辽宁能源,2025-10-20 14:09:05,4.52,63100,4.51,U
sh600758,辽宁能源,2025-10-20 14:09:08,4.52,24800,4.52,U
sh600758,辽宁能源,2025-10-20 14:09:29,4.52,121100,4.52,U
sh600758,辽宁能源,2025-10-20 14:09:38,4.53,26200,4.53,U
sh600758,辽宁能源,2025-10-20 14:09:41,4.53,31900,4.53,U
sh600758,辽宁能源,2025-10-20 14:09:53,4.53,42500,4.53,U
sh600758,辽宁能源,2025-10-20 14:10:02,4.53,145300,4.53,U
sh600758,辽宁能源,2025-10-20 14:10:08,4.54,23700,4.54,U
sh600758,辽宁能源,2025-10-20 14:10:29,4.54,44000,4.54,U
sh600758,辽宁能源,2025-10-20 14:10:32,4.55,32300,4.54,U
sh600758,辽宁能源,2025-10-20 14:10:44,4.55,44100,4.55,U
sh600758,辽宁能源,2025-10-20 14:10:47,4.54,90100,4.55,D
sh600758,辽宁能源,2025-10-20 14:10:50,4.54,60700,4.54,U
sh600758,辽宁能源,2025-10-20 14:10:56,4.55,55900,4.55,U
sh600758,辽宁能源,2025-10-20 14:10:59,4.55,159900,4.55,U
sh600758,辽宁能源,2025-10-20 14:11:02,4.55,59800,4.55,U
sh600758,辽宁能源,2025-10-20 14:11:05,4.55,39100,4.55,U
sh600758,辽宁能源,2025-10-20 14:11:14,4.56,82200,4.55,U
sh600758,辽宁能源,2025-10-20 14:11:20,4.56,20100,4.56,U
sh600758,辽宁能源,2025-10-20 14:11:23,4.56,38400,4.56,U
sh600758,辽宁能源,2025-10-20 14:11:32,4.56,63000,4.56,U
sh600758,辽宁能源,2025-10-20 14:11:35,4.56,28300,4.56,U
sh600758,辽宁能源,2025-10-20 14:11:50,4.56,63200,4.56,U
sh600758,辽宁能源,2025-10-20 14:11:59,4.56,20600,4.56,U
sh600758,辽宁能源,2025-10-20 14:12:14,4.55,24400,4.56,D
sh600758,辽宁能源,2025-10-20 14:12:29,4.55,84200,4.56,D
sh600758,辽宁能源,2025-10-20 14:12:41,4.55,155300,4.56,D
sh600758,辽宁能源,2025-10-20 14:12:53,4.55,43500,4.55,U
sh600758,辽宁能源,2025-10-20 14:13:02,4.54,20500,4.55,D
sh600758,辽宁能源,2025-10-20 14:13:05,4.55,49000,4.54,U
sh600758,辽宁能源,2025-10-20 14:13:23,4.55,114600,4.54,U
sh600758,辽宁能源,2025-10-20 14:13:44,4.56,50800,4.56,U
sh600758,辽宁能源,2025-10-20 14:13:50,4.55,188900,4.56,D
sh600758,辽宁能源,2025-10-20 14:13:56,4.55,26500,4.55,U
sh600758,辽宁能源,2025-10-20 14:14:02,4.55,26900,4.55,U
sh600758,辽宁能源,2025-10-20 14:14:08,4.55,38200,4.55,U
sh600758,辽宁能源,2025-10-20 14:14:11,4.55,22400,4.55,U
sh600758,辽宁能源,2025-10-20 14:14:14,4.55,34400,4.55,U
sh600758,辽宁能源,2025-10-20 14:14:17,4.55,20467,4.55,U
sh600758,辽宁能源,2025-10-20 14:14:26,4.55,30000,4.55,D
sh600758,辽宁能源,2025-10-20 14:14:32,4.55,35633,4.55,D
sh600758,辽宁能源,2025-10-20 14:14:38,4.55,45667,4.55,U
sh600758,辽宁能源,2025-10-20 14:15:05,4.55,29500,4.55,U
sh600758,辽宁能源,2025-10-20 14:15:23,4.55,147800,4.55,U
sh600758,辽宁能源,2025-10-20 14:15:32,4.55,69000,4.55,D
sh600758,辽宁能源,2025-10-20 14:15:59,4.55,179200,4.56,D
sh600758,辽宁能源,2025-10-20 14:16:08,4.56,29500,4.56,U
sh600758,辽宁能源,2025-10-20 14:16:14,4.56,99100,4.56,U
sh600758,辽宁能源,2025-10-20 14:16:26,4.56,65300,4.56,U
sh600758,辽宁能源,2025-10-20 14:16:32,4.56,26000,4.55,U
sh600758,辽宁能源,2025-10-20 14:17:02,4.56,104800,4.56,U
sh600758,辽宁能源,2025-10-20 14:17:08,4.57,25100,4.57,U
sh600758,辽宁能源,2025-10-20 14:17:17,4.57,47600,4.57,U
sh600758,辽宁能源,2025-10-20 14:17:20,4.57,105100,4.57,U
sh600758,辽宁能源,2025-10-20 14:17:23,4.56,145700,4.57,D
sh600758,辽宁能源,2025-10-20 14:17:32,4.57,30200,4.57,U
sh600758,辽宁能源,2025-10-20 14:17:41,4.57,187400,4.57,U
sh600758,辽宁能源,2025-10-20 14:17:47,4.57,163300,4.57,U
sh600758,辽宁能源,2025-10-20 14:17:50,4.57,43800,4.57,U
sh600758,辽宁能源,2025-10-20 14:17:56,4.57,25700,4.57,U
sh600758,辽宁能源,2025-10-20 14:17:59,4.57,69300,4.57,U
sh600758,辽宁能源,2025-10-20 14:18:02,4.57,153900,4.57,U
sh600758,辽宁能源,2025-10-20 14:18:05,4.58,3019200,4.57,U
sh600758,辽宁能源,2025-10-20 14:18:08,4.57,703900,4.58,D
sh600758,辽宁能源,2025-10-20 14:18:11,4.58,287000,4.57,U
sh600758,辽宁能源,2025-10-20 14:18:14,4.58,479000,4.58,U
sh600758,辽宁能源,2025-10-20 14:18:17,4.58,63300,4.58,U
sh600758,辽宁能源,2025-10-20 14:18:20,4.58,101500,4.58,U
sh600758,辽宁能源,2025-10-20 14:18:23,4.58,133500,4.58,U
sh600758,辽宁能源,2025-10-20 14:18:26,4.58,26900,4.58,U
sh600758,辽宁能源,2025-10-20 14:18:29,4.58,259100,4.58,U
sh600758,辽宁能源,2025-10-20 14:18:32,4.58,131700,4.58,U
sh600758,辽宁能源,2025-10-20 14:18:35,4.58,118900,4.58,U
sh600758,辽宁能源,2025-10-20 14:18:38,4.58,107000,4.58,U
sh600758,辽宁能源,2025-10-20 14:18:41,4.58,97500,4.58,U
sh600758,辽宁能源,2025-10-20 14:18:44,4.58,40400,4.58,U
sh600758,辽宁能源,2025-10-20 14:18:50,4.58,109000,4.58,U
sh600758,辽宁能源,2025-10-20 14:18:53,4.58,37400,4.58,U
sh600758,辽宁能源,2025-10-20 14:18:56,4.57,34700,4.58,D
sh600758,辽宁能源,2025-10-20 14:19:05,4.58,38300,4.57,U
sh600758,辽宁能源,2025-10-20 14:19:08,4.58,33900,4.58,U
sh600758,辽宁能源,2025-10-20 14:19:20,4.58,38800,4.58,U
sh600758,辽宁能源,2025-10-20 14:19:23,4.58,27500,4.58,U
sh600758,辽宁能源,2025-10-20 14:19:26,4.58,42000,4.58,U
sh600758,辽宁能源,2025-10-20 14:19:35,4.58,40600,4.58,U
sh600758,辽宁能源,2025-10-20 14:19:59,4.58,20600,4.58,U
sh600758,辽宁能源,2025-10-20 14:20:14,4.58,57600,4.58,U
sh600758,辽宁能源,2025-10-20 14:20:17,4.58,27400,4.58,U
sh600758,辽宁能源,2025-10-20 14:20:23,4.57,716200,4.57,D
sh600758,辽宁能源,2025-10-20 14:20:26,4.57,25200,4.57,U
sh600758,辽宁能源,2025-10-20 14:20:38,4.56,149200,4.57,D
sh600758,辽宁能源,2025-10-20 14:20:44,4.56,36800,4.56,U
sh600758,辽宁能源,2025-10-20 14:20:50,4.57,35000,4.57,U
sh600758,辽宁能源,2025-10-20 14:20:56,4.57,28200,4.56,U
sh600758,辽宁能源,2025-10-20 14:21:02,4.57,279700,4.56,U
sh600758,辽宁能源,2025-10-20 14:21:14,4.56,62500,4.56,U
sh600758,辽宁能源,2025-10-20 14:21:29,4.56,21400,4.55,U
sh600758,辽宁能源,2025-10-20 14:21:35,4.55,22900,4.56,D
sh600758,辽宁能源,2025-10-20 14:21:47,4.56,34200,4.56,U
sh600758,辽宁能源,2025-10-20 14:21:59,4.56,21200,4.55,U
sh600758,辽宁能源,2025-10-20 14:22:14,4.56,90500,4.55,U
sh600758,辽宁能源,2025-10-20 14:22:17,4.55,25700,4.56,D
sh600758,辽宁能源,2025-10-20 14:22:20,4.56,21700,4.55,U
sh600758,辽宁能源,2025-10-20 14:22:23,4.55,43000,4.56,D
sh600758,辽宁能源,2025-10-20 14:22:56,4.55,20800,4.55,D
sh600758,辽宁能源,2025-10-20 14:22:59,4.56,47300,4.55,U
sh600758,辽宁能源,2025-10-20 14:23:20,4.56,55800,4.56,U
sh600758,辽宁能源,2025-10-20 14:23:26,4.55,36100,4.56,D
sh600758,辽宁能源,2025-10-20 14:23:35,4.56,34600,4.55,U
sh600758,辽宁能源,2025-10-20 14:23:44,4.56,26400,4.56,U
sh600758,辽宁能源,2025-10-20 14:23:47,4.56,45400,4.56,U
sh600758,辽宁能源,2025-10-20 14:23:53,4.56,140300,4.56,D
sh600758,辽宁能源,2025-10-20 14:24:08,4.57,23600,4.56,U
sh600758,辽宁能源,2025-10-20 14:24:17,4.57,20100,4.56,U
sh600758,辽宁能源,2025-10-20 14:24:26,4.57,121800,4.57,U
sh600758,辽宁能源,2025-10-20 14:24:32,4.57,69400,4.57,U
sh600758,辽宁能源,2025-10-20 14:24:47,4.56,49500,4.57,D
sh600758,辽宁能源,2025-10-20 14:25:05,4.57,56700,4.57,U
sh600758,辽宁能源,2025-10-20 14:25:17,4.57,22700,4.57,U
sh600758,辽宁能源,2025-10-20 14:25:23,4.57,51400,4.57,U
sh600758,辽宁能源,2025-10-20 14:25:29,4.57,34500,4.57,U
sh600758,辽宁能源,2025-10-20 14:25:38,4.57,80600,4.57,D
sh600758,辽宁能源,2025-10-20 14:25:44,4.58,56900,4.57,U
sh600758,辽宁能源,2025-10-20 14:26:02,4.58,58400,4.58,U
sh600758,辽宁能源,2025-10-20 14:26:08,4.58,22800,4.58,U
sh600758,辽宁能源,2025-10-20 14:26:14,4.58,41700,4.58,U
sh600758,辽宁能源,2025-10-20 14:26:20,4.58,28300,4.58,U
sh600758,辽宁能源,2025-10-20 14:26:23,4.58,206300,4.58,U
sh600758,辽宁能源,2025-10-20 14:26:26,4.58,495100,4.58,U
sh600758,辽宁能源,2025-10-20 14:26:29,4.58,124000,4.58,U
sh600758,辽宁能源,2025-10-20 14:26:32,4.57,106300,4.58,D
sh600758,辽宁能源,2025-10-20 14:26:35,4.58,82900,4.57,U
sh600758,辽宁能源,2025-10-20 14:26:38,4.58,109300,4.58,U
sh600758,辽宁能源,2025-10-20 14:26:44,4.58,46900,4.58,U
sh600758,辽宁能源,2025-10-20 14:26:47,4.58,28800,4.58,U
sh600758,辽宁能源,2025-10-20 14:26:56,4.58,54100,4.58,U
sh600758,辽宁能源,2025-10-20 14:26:59,4.58,42800,4.58,U
sh600758,辽宁能源,2025-10-20 14:27:05,4.58,46500,4.58,U
sh600758,辽宁能源,2025-10-20 14:27:11,4.57,46300,4.58,D
sh600758,辽宁能源,2025-10-20 14:27:14,4.57,26600,4.57,D
sh600758,辽宁能源,2025-10-20 14:27:17,4.58,25500,4.57,U
sh600758,辽宁能源,2025-10-20 14:27:35,4.58,56400,4.57,U
sh600758,辽宁能源,2025-10-20 14:27:41,4.58,23700,4.58,U
sh600758,辽宁能源,2025-10-20 14:27:44,4.58,37900,4.58,U
sh600758,辽宁能源,2025-10-20 14:27:56,4.58,301100,4.57,U
sh600758,辽宁能源,2025-10-20 14:27:59,4.58,134800,4.58,U
sh600758,辽宁能源,2025-10-20 14:28:02,4.57,51300,4.58,D
sh600758,辽宁能源,2025-10-20 14:28:05,4.58,26200,4.57,U
sh600758,辽宁能源,2025-10-20 14:28:11,4.58,27500,4.58,U
sh600758,辽宁能源,2025-10-20 14:28:14,4.58,38400,4.58,U
sh600758,辽宁能源,2025-10-20 14:28:23,4.58,66600,4.58,U
sh600758,辽宁能源,2025-10-20 14:28:26,4.58,103100,4.58,U
sh600758,辽宁能源,2025-10-20 14:28:29,4.58,120500,4.58,U
sh600758,辽宁能源,2025-10-20 14:28:32,4.58,2160770,4.58,U
sh600758,辽宁能源,2025-10-20 14:28:50,4.58,41200,4.58,D
sh600758,辽宁能源,2025-10-20 14:29:08,4.58,91300,4.58,D
sh600758,辽宁能源,2025-10-20 14:29:11,4.58,304800,4.58,D
sh600758,辽宁能源,2025-10-20 14:29:26,4.58,50200,4.58,D
sh600758,辽宁能源,2025-10-20 14:30:35,4.58,40200,4.58,D
sh600758,辽宁能源,2025-10-20 14:31:32,4.58,20600,4.58,D
sh600758,辽宁能源,2025-10-20 14:31:44,4.58,20000,4.58,D
sh600758,辽宁能源,2025-10-20 14:32:08,4.58,40500,4.58,D
sh600758,辽宁能源,2025-10-20 14:33:11,4.58,260000,4.58,D
sh600758,辽宁能源,2025-10-20 14:33:23,4.58,242800,4.58,D
sh600758,辽宁能源,2025-10-20 14:33:41,4.58,255000,4.58,D
sh600758,辽宁能源,2025-10-20 14:33:50,4.58,253700,4.58,D
sh600758,辽宁能源,2025-10-20 14:33:56,4.58,260900,4.58,D
sh600758,辽宁能源,2025-10-20 14:34:14,4.58,156900,4.58,D
sh600758,辽宁能源,2025-10-20 14:34:26,4.58,26900,4.58,D
sh600758,辽宁能源,2025-10-20 14:34:32,4.58,284200,4.58,D
sh600758,辽宁能源,2025-10-20 14:34:35,4.58,223600,4.58,D
sh600758,辽宁能源,2025-10-20 14:34:41,4.58,281300,4.58,D
sh600758,辽宁能源,2025-10-20 14:34:53,4.58,1003000,4.58,D
sh600758,辽宁能源,2025-10-20 14:34:56,4.58,263400,4.58,D
sh600758,辽宁能源,2025-10-20 14:34:59,4.58,998660,4.58,D
sh600758,辽宁能源,2025-10-20 14:35:02,4.58,155700,4.58,D
sh600758,辽宁能源,2025-10-20 14:35:05,4.58,121800,4.58,D
sh600758,辽宁能源,2025-10-20 14:35:08,4.58,62600,4.58,D
sh600758,辽宁能源,2025-10-20 14:35:11,4.58,52400,4.58,D
sh600758,辽宁能源,2025-10-20 14:35:14,4.57,111470,4.58,U
sh600758,辽宁能源,2025-10-20 14:35:17,4.58,99800,4.57,U
sh600758,辽宁能源,2025-10-20 14:35:23,4.57,20700,4.57,D
sh600758,辽宁能源,2025-10-20 14:35:26,4.57,52200,4.57,D
sh600758,辽宁能源,2025-10-20 14:35:35,4.58,37200,4.58,U
sh600758,辽宁能源,2025-10-20 14:35:38,4.58,318130,4.58,U
sh600758,辽宁能源,2025-10-20 14:35:44,4.58,210000,4.58,D
sh600758,辽宁能源,2025-10-20 14:35:59,4.58,481200,4.58,D
sh600758,辽宁能源,2025-10-20 14:36:53,4.58,53900,4.58,D
sh600758,辽宁能源,2025-10-20 14:37:05,4.58,31000,4.58,D
sh600758,辽宁能源,2025-10-20 14:37:44,4.58,33100,4.58,D
sh600758,辽宁能源,2025-10-20 14:38:20,4.58,176400,4.58,D
sh600758,辽宁能源,2025-10-20 14:38:50,4.58,22000,4.58,D
sh600758,辽宁能源,2025-10-20 14:39:44,4.58,44900,4.58,D
sh600758,辽宁能源,2025-10-20 14:41:02,4.58,40000,4.58,D
sh600758,辽宁能源,2025-10-20 14:41:41,4.58,43200,4.58,D
sh600758,辽宁能源,2025-10-20 14:41:44,4.58,20200,4.58,D
sh600758,辽宁能源,2025-10-20 14:41:53,4.58,32100,4.58,D
sh600758,辽宁能源,2025-10-20 14:42:47,4.58,252300,4.58,D
sh600758,辽宁能源,2025-10-20 14:42:59,4.58,50000,4.58,D
sh600758,辽宁能源,2025-10-20 14:44:41,4.58,20000,4.58,D
sh600758,辽宁能源,2025-10-20 14:44:50,4.58,151000,4.58,D
sh600758,辽宁能源,2025-10-20 14:45:41,4.58,30100,4.58,D
sh600758,辽宁能源,2025-10-20 14:45:47,4.58,50800,4.58,D
sh600758,辽宁能源,2025-10-20 14:47:02,4.58,31900,4.58,D
sh600758,辽宁能源,2025-10-20 14:47:38,4.58,20000,4.58,D
sh600758,辽宁能源,2025-10-20 14:47:44,4.58,20000,4.58,D
sh600758,辽宁能源,2025-10-20 14:47:56,4.58,60000,4.58,D
sh600758,辽宁能源,2025-10-20 14:49:56,4.58,60000,4.58,D
sh600758,辽宁能源,2025-10-20 14:49:59,4.58,25100,4.58,D
sh600758,辽宁能源,2025-10-20 14:50:41,4.58,26000,4.58,D
sh600758,辽宁能源,2025-10-20 14:51:56,4.58,40000,4.58,D
sh600758,辽宁能源,2025-10-20 14:52:20,4.58,50100,4.58,D
sh600758,辽宁能源,2025-10-20 14:53:08,4.58,25200,4.58,D
sh600758,辽宁能源,2025-10-20 14:53:11,4.58,50000,4.58,D
sh600758,辽宁能源,2025-10-20 15:00:01,4.58,237700,4.58,U
