symbol,name,ticktime,price,volume,prev_price,kind
sh600758,辽宁能源,2025-10-17 09:25:01,4.13,167800,0.0,U
sh600758,辽宁能源,2025-10-17 09:30:03,4.13,54300,4.13,U
sh600758,辽宁能源,2025-10-17 09:30:06,4.15,71700,4.13,U
sh600758,辽宁能源,2025-10-17 09:30:12,4.15,77100,4.15,U
sh600758,辽宁能源,2025-10-17 09:30:15,4.15,25900,4.15,U
sh600758,辽宁能源,2025-10-17 09:30:18,4.14,60800,4.15,D
sh600758,辽宁能源,2025-10-17 09:30:21,4.15,58900,4.14,U
sh600758,辽宁能源,2025-10-17 09:30:24,4.15,51200,4.15,D
sh600758,辽宁能源,2025-10-17 09:30:27,4.15,130600,4.15,D
sh600758,辽宁能源,2025-10-17 09:30:30,4.16,59900,4.15,U
sh600758,辽宁能源,2025-10-17 09:30:33,4.16,49200,4.16,U
sh600758,辽宁能源,2025-10-17 09:30:36,4.17,21500,4.16,U
sh600758,辽宁能源,2025-10-17 09:30:42,4.16,34000,4.16,D
sh600758,辽宁能源,2025-10-17 09:31:00,4.17,22600,4.17,U
sh600758,辽宁能源,2025-10-17 09:31:03,4.17,67201,4.17,U
sh600758,辽宁能源,2025-10-17 09:31:06,4.18,39600,4.17,U
sh600758,辽宁能源,2025-10-17 09:31:09,4.18,117600,4.18,U
sh600758,辽宁能源,2025-10-17 09:31:12,4.18,26500,4.18,U
sh600758,辽宁能源,2025-10-17 09:31:18,4.17,20900,4.17,D
sh600758,辽宁能源,2025-10-17 09:31:27,4.18,38900,4.17,U
sh600758,辽宁能源,2025-10-17 09:31:33,4.17,43000,4.17,D
sh600758,辽宁能源,2025-10-17 09:31:39,4.18,170900,4.18,U
sh600758,辽宁能源,2025-10-17 09:31:51,4.19,58600,4.18,U
sh600758,辽宁能源,2025-10-17 09:31:54,4.2,321500,4.19,U
sh600758,辽宁能源,2025-10-17 09:31:57,4.2,263200,4.2,U
sh600758,辽宁能源,2025-10-17 09:32:00,4.2,98400,4.2,D
sh600758,辽宁能源,2025-10-17 09:32:03,4.21,41100,4.2,U
sh600758,辽宁能源,2025-10-17 09:32:06,4.2,67900,4.21,D
sh600758,辽宁能源,2025-10-17 09:32:18,4.2,127900,4.2,D
sh600758,辽宁能源,2025-10-17 09:32:21,4.2,37400,4.2,U
sh600758,辽宁能源,2025-10-17 09:32:27,4.2,27400,4.2,U
sh600758,辽宁能源,2025-10-17 09:32:36,4.19,38400,4.2,D
sh600758,辽宁能源,2025-10-17 09:32:39,4.19,121800,4.19,D
sh600758,辽宁能源,2025-10-17 09:32:51,4.2,69900,4.2,U
sh600758,辽宁能源,2025-10-17 09:33:09,4.19,24500,4.19,D
sh600758,辽宁能源,2025-10-17 09:33:15,4.19,25200,4.19,D
sh600758,辽宁能源,2025-10-17 09:33:18,4.19,86500,4.19,D
sh600758,辽宁能源,2025-10-17 09:33:27,4.19,20500,4.18,U
sh600758,辽宁能源,2025-10-17 09:33:36,4.19,25300,4.19,U
sh600758,辽宁能源,2025-10-17 09:33:48,4.19,41300,4.19,D
sh600758,辽宁能源,2025-10-17 09:33:51,4.19,25100,4.19,U
sh600758,辽宁能源,2025-10-17 09:33:57,4.19,20600,4.19,U
sh600758,辽宁能源,2025-10-17 09:34:00,4.19,35900,4.19,U
sh600758,辽宁能源,2025-10-17 09:34:21,4.18,101500,4.19,D
sh600758,辽宁能源,2025-10-17 09:34:24,4.19,23400,4.18,E
sh600758,辽宁能源,2025-10-17 09:34:33,4.19,67900,4.19,D
sh600758,辽宁能源,2025-10-17 09:34:45,4.2,26400,4.19,U
sh600758,辽宁能源,2025-10-17 09:34:51,4.22,631800,4.2,U
sh600758,辽宁能源,2025-10-17 09:34:54,4.22,97500,4.22,U
sh600758,辽宁能源,2025-10-17 09:35:06,4.22,72100,4.22,U
sh600758,辽宁能源,2025-10-17 09:35:12,4.21,75300,4.22,D
sh600758,辽宁能源,2025-10-17 09:35:21,4.2,89600,4.21,D
sh600758,辽宁能源,2025-10-17 09:35:24,4.2,62300,4.2,D
sh600758,辽宁能源,2025-10-17 09:35:33,4.21,195400,4.2,U
sh600758,辽宁能源,2025-10-17 09:35:45,4.21,83400,4.21,U
sh600758,辽宁能源,2025-10-17 09:35:57,4.22,61300,4.21,U
sh600758,辽宁能源,2025-10-17 09:36:00,4.22,21700,4.22,U
sh600758,辽宁能源,2025-10-17 09:36:09,4.22,27400,4.22,U
sh600758,辽宁能源,2025-10-17 09:36:27,4.22,322200,4.22,U
sh600758,辽宁能源,2025-10-17 09:36:42,4.22,94900,4.21,U
sh600758,辽宁能源,2025-10-17 09:36:48,4.22,35000,4.22,U
sh600758,辽宁能源,2025-10-17 09:37:00,4.21,104900,4.22,D
sh600758,辽宁能源,2025-10-17 09:37:03,4.22,311400,4.21,U
sh600758,辽宁能源,2025-10-17 09:37:09,4.22,32600,4.23,D
sh600758,辽宁能源,2025-10-17 09:37:12,4.23,40100,4.22,U
sh600758,辽宁能源,2025-10-17 09:37:15,4.23,129100,4.23,U
sh600758,辽宁能源,2025-10-17 09:37:27,4.24,122800,4.23,U
sh600758,辽宁能源,2025-10-17 09:37:33,4.24,20600,4.24,D
sh600758,辽宁能源,2025-10-17 09:37:36,4.24,28200,4.24,D
sh600758,辽宁能源,2025-10-17 09:37:39,4.25,163400,4.24,U
sh600758,辽宁能源,2025-10-17 09:37:51,4.25,270200,4.25,U
sh600758,辽宁能源,2025-10-17 09:37:54,4.25,128000,4.25,U
sh600758,辽宁能源,2025-10-17 09:37:57,4.25,30200,4.25,D
sh600758,辽宁能源,2025-10-17 09:38:09,4.26,141200,4.26,U
sh600758,辽宁能源,2025-10-17 09:38:12,4.26,157500,4.26,D
sh600758,辽宁能源,2025-10-17 09:38:15,4.26,40500,4.26,D
sh600758,辽宁能源,2025-10-17 09:38:18,4.26,52400,4.26,D
sh600758,辽宁能源,2025-10-17 09:38:27,4.27,29000,4.26,U
sh600758,辽宁能源,2025-10-17 09:38:30,4.27,69500,4.27,U
sh600758,辽宁能源,2025-10-17 09:38:36,4.26,63600,4.27,D
sh600758,辽宁能源,2025-10-17 09:38:39,4.27,23000,4.26,U
sh600758,辽宁能源,2025-10-17 09:38:42,4.27,55700,4.27,U
sh600758,辽宁能源,2025-10-17 09:38:45,4.27,363700,4.27,U
sh600758,辽宁能源,2025-10-17 09:38:48,4.27,40300,4.27,U
sh600758,辽宁能源,2025-10-17 09:38:51,4.26,63600,4.27,D
sh600758,辽宁能源,2025-10-17 09:38:57,4.26,63300,4.26,U
sh600758,辽宁能源,2025-10-17 09:39:03,4.25,31600,4.25,D
sh600758,辽宁能源,2025-10-17 09:39:06,4.26,309600,4.25,U
sh600758,辽宁能源,2025-10-17 09:39:18,4.26,78300,4.26,D
sh600758,辽宁能源,2025-10-17 09:39:21,4.26,43100,4.26,D
sh600758,辽宁能源,2025-10-17 09:39:24,4.25,75400,4.26,D
sh600758,辽宁能源,2025-10-17 09:39:30,4.26,55900,4.26,U
sh600758,辽宁能源,2025-10-17 09:39:33,4.26,34700,4.26,U
sh600758,辽宁能源,2025-10-17 09:39:39,4.26,55100,4.27,D
sh600758,辽宁能源,2025-10-17 09:39:42,4.27,23200,4.26,U
sh600758,辽宁能源,2025-10-17 09:39:45,4.27,23200,4.27,U
sh600758,辽宁能源,2025-10-17 09:39:48,4.27,232900,4.27,U
sh600758,辽宁能源,2025-10-17 09:39:54,4.28,34900,4.28,U
sh600758,辽宁能源,2025-10-17 09:40:00,4.27,97000,4.28,D
sh600758,辽宁能源,2025-10-17 09:40:03,4.27,89200,4.27,U
sh600758,辽宁能源,2025-10-17 09:40:09,4.28,60100,4.27,U
sh600758,辽宁能源,2025-10-17 09:40:18,4.27,85800,4.27,U
sh600758,辽宁能源,2025-10-17 09:40:21,4.26,148800,4.27,D
sh600758,辽宁能源,2025-10-17 09:40:24,4.26,26000,4.26,U
sh600758,辽宁能源,2025-10-17 09:40:30,4.26,52300,4.26,U
sh600758,辽宁能源,2025-10-17 09:40:36,4.26,36700,4.26,U
sh600758,辽宁能源,2025-10-17 09:40:39,4.27,21400,4.26,U
sh600758,辽宁能源,2025-10-17 09:40:48,4.27,61600,4.26,U
sh600758,辽宁能源,2025-10-17 09:40:54,4.27,104700,4.26,U
sh600758,辽宁能源,2025-10-17 09:41:06,4.27,27600,4.27,U
sh600758,辽宁能源,2025-10-17 09:41:12,4.26,58200,4.27,D
sh600758,辽宁能源,2025-10-17 09:41:15,4.26,29900,4.26,D
sh600758,辽宁能源,2025-10-17 09:41:21,4.25,35400,4.26,D
sh600758,辽宁能源,2025-10-17 09:41:27,4.26,28700,4.25,U
sh600758,辽宁能源,2025-10-17 09:41:30,4.24,156900,4.26,D
sh600758,辽宁能源,2025-10-17 09:41:42,4.24,42900,4.24,D
sh600758,辽宁能源,2025-10-17 09:41:48,4.25,29700,4.24,U
sh600758,辽宁能源,2025-10-17 09:41:51,4.24,44500,4.25,D
sh600758,辽宁能源,2025-10-17 09:42:00,4.24,40700,4.25,D
sh600758,辽宁能源,2025-10-17 09:42:12,4.23,116000,4.24,D
sh600758,辽宁能源,2025-10-17 09:42:21,4.23,77500,4.23,U
sh600758,辽宁能源,2025-10-17 09:42:33,4.22,22500,4.23,D
sh600758,辽宁能源,2025-10-17 09:42:54,4.24,29000,4.23,U
sh600758,辽宁能源,2025-10-17 09:43:12,4.23,20300,4.23,D
sh600758,辽宁能源,2025-10-17 09:43:15,4.24,49500,4.23,U
sh600758,辽宁能源,2025-10-17 09:43:30,4.23,44500,4.24,D
sh600758,辽宁能源,2025-10-17 09:43:33,4.24,108200,4.23,U
sh600758,辽宁能源,2025-10-17 09:44:12,4.24,35800,4.25,D
sh600758,辽宁能源,2025-10-17 09:44:18,4.24,28100,4.24,U
sh600758,辽宁能源,2025-10-17 09:44:27,4.24,25700,4.24,U
sh600758,辽宁能源,2025-10-17 09:44:30,4.25,348100,4.24,U
sh600758,辽宁能源,2025-10-17 09:44:39,4.26,20200,4.26,U
sh600758,辽宁能源,2025-10-17 09:44:48,4.26,30300,4.26,U
sh600758,辽宁能源,2025-10-17 09:44:57,4.26,76500,4.26,U
sh600758,辽宁能源,2025-10-17 09:45:03,4.25,20800,4.25,D
sh600758,辽宁能源,2025-10-17 09:45:06,4.25,102600,4.25,U
sh600758,辽宁能源,2025-10-17 09:45:12,4.25,37700,4.25,D
sh600758,辽宁能源,2025-10-17 09:45:18,4.24,103800,4.25,D
sh600758,辽宁能源,2025-10-17 09:45:24,4.24,41600,4.24,U
sh600758,辽宁能源,2025-10-17 09:45:27,4.24,89000,4.24,E
sh600758,辽宁能源,2025-10-17 09:45:30,4.24,29500,4.24,U
sh600758,辽宁能源,2025-10-17 09:45:42,4.25,81644,4.24,U
sh600758,辽宁能源,2025-10-17 09:45:45,4.25,115900,4.25,U
sh600758,辽宁能源,2025-10-17 09:45:48,4.25,34800,4.25,U
sh600758,辽宁能源,2025-10-17 09:46:03,4.24,128300,4.24,D
sh600758,辽宁能源,2025-10-17 09:46:09,4.25,38900,4.24,U
sh600758,辽宁能源,2025-10-17 09:46:21,4.25,32800,4.25,U
sh600758,辽宁能源,2025-10-17 09:46:27,4.25,25200,4.24,U
sh600758,辽宁能源,2025-10-17 09:46:45,4.25,24900,4.24,U
sh600758,辽宁能源,2025-10-17 09:46:57,4.25,28700,4.25,U
sh600758,辽宁能源,2025-10-17 09:47:00,4.25,275300,4.25,U
sh600758,辽宁能源,2025-10-17 09:47:06,4.25,34300,4.25,U
sh600758,辽宁能源,2025-10-17 09:47:09,4.25,48400,4.25,U
sh600758,辽宁能源,2025-10-17 09:47:12,4.24,158000,4.25,D
sh600758,辽宁能源,2025-10-17 09:47:15,4.24,42800,4.24,U
sh600758,辽宁能源,2025-10-17 09:47:39,4.24,63700,4.23,U
sh600758,辽宁能源,2025-10-17 09:47:48,4.24,30200,4.24,U
sh600758,辽宁能源,2025-10-17 09:47:54,4.24,47400,4.24,U
sh600758,辽宁能源,2025-10-17 09:48:06,4.24,20000,4.24,U
sh600758,辽宁能源,2025-10-17 09:48:12,4.24,20100,4.24,U
sh600758,辽宁能源,2025-10-17 09:48:15,4.23,153656,4.24,D
sh600758,辽宁能源,2025-10-17 09:48:36,4.23,32000,4.23,U
sh600758,辽宁能源,2025-10-17 09:48:42,4.22,37450,4.22,D
sh600758,辽宁能源,2025-10-17 09:48:51,4.23,116400,4.22,U
sh600758,辽宁能源,2025-10-17 09:49:00,4.22,168000,4.23,D
sh600758,辽宁能源,2025-10-17 09:49:09,4.23,44700,4.24,D
sh600758,辽宁能源,2025-10-17 09:49:12,4.24,39100,4.23,U
sh600758,辽宁能源,2025-10-17 09:49:18,4.24,39100,4.24,U
sh600758,辽宁能源,2025-10-17 09:49:21,4.25,52100,4.24,U
sh600758,辽宁能源,2025-10-17 09:49:24,4.25,55400,4.25,U
sh600758,辽宁能源,2025-10-17 09:49:27,4.25,32900,4.25,U
sh600758,辽宁能源,2025-10-17 09:49:30,4.25,72700,4.25,U
sh600758,辽宁能源,2025-10-17 09:49:33,4.25,55200,4.25,U
sh600758,辽宁能源,2025-10-17 09:49:36,4.24,91500,4.25,D
sh600758,辽宁能源,2025-10-17 09:49:39,4.24,25500,4.24,D
sh600758,辽宁能源,2025-10-17 09:49:42,4.24,47200,4.24,D
sh600758,辽宁能源,2025-10-17 09:49:48,4.24,20300,4.24,U
sh600758,辽宁能源,2025-10-17 09:49:57,4.24,26600,4.24,U
sh600758,辽宁能源,2025-10-17 09:50:03,4.23,140700,4.24,D
sh600758,辽宁能源,2025-10-17 09:50:09,4.23,37500,4.23,U
sh600758,辽宁能源,2025-10-17 09:50:21,4.23,36200,4.23,U
sh600758,辽宁能源,2025-10-17 09:50:27,4.24,123300,4.22,U
sh600758,辽宁能源,2025-10-17 09:50:30,4.23,50100,4.24,E
sh600758,辽宁能源,2025-10-17 09:50:36,4.23,22100,4.23,U
sh600758,辽宁能源,2025-10-17 09:50:45,4.23,21400,4.23,U
sh600758,辽宁能源,2025-10-17 09:50:48,4.23,87500,4.23,U
sh600758,辽宁能源,2025-10-17 09:51:03,4.21,174700,4.23,D
sh600758,辽宁能源,2025-10-17 09:51:18,4.2,213300,4.22,D
sh600758,辽宁能源,2025-10-17 09:51:21,4.21,25600,4.2,U
sh600758,辽宁能源,2025-10-17 09:51:27,4.21,29700,4.21,D
sh600758,辽宁能源,2025-10-17 09:51:33,4.21,32100,4.22,D
sh600758,辽宁能源,2025-10-17 09:51:39,4.21,33300,4.21,U
sh600758,辽宁能源,2025-10-17 09:51:42,4.21,22500,4.21,U
sh600758,辽宁能源,2025-10-17 09:51:45,4.21,29400,4.21,U
sh600758,辽宁能源,2025-10-17 09:51:48,4.2,20300,4.21,D
sh600758,辽宁能源,2025-10-17 09:51:51,4.22,24300,4.2,U
sh600758,辽宁能源,2025-10-17 09:51:57,4.21,169344,4.22,D
sh600758,辽宁能源,2025-10-17 09:52:18,4.21,42500,4.21,U
sh600758,辽宁能源,2025-10-17 09:52:36,4.2,78100,4.2,D
sh600758,辽宁能源,2025-10-17 09:53:09,4.21,36900,4.21,U
sh600758,辽宁能源,2025-10-17 09:53:24,4.2,38100,4.21,D
sh600758,辽宁能源,2025-10-17 09:53:45,4.21,45600,4.21,U
sh600758,辽宁能源,2025-10-17 09:54:09,4.2,24000,4.2,D
sh600758,辽宁能源,2025-10-17 09:54:24,4.22,178300,4.21,U
sh600758,辽宁能源,2025-10-17 09:54:33,4.21,25700,4.21,D
sh600758,辽宁能源,2025-10-17 09:54:48,4.21,42200,4.22,D
sh600758,辽宁能源,2025-10-17 09:54:57,4.22,27500,4.22,U
sh600758,辽宁能源,2025-10-17 09:55:09,4.22,60900,4.22,U
sh600758,辽宁能源,2025-10-17 09:55:48,4.23,121600,4.22,U
sh600758,辽宁能源,2025-10-17 09:56:12,4.23,33400,4.23,U
sh600758,辽宁能源,2025-10-17 09:56:21,4.22,30900,4.23,D
sh600758,辽宁能源,2025-10-17 09:56:36,4.22,20000,4.23,E
sh600758,辽宁能源,2025-10-17 09:56:39,4.23,59000,4.22,U
sh600758,辽宁能源,2025-10-17 09:57:00,4.22,114900,4.23,D
sh600758,辽宁能源,2025-10-17 09:57:18,4.22,21900,4.22,U
sh600758,辽宁能源,2025-10-17 09:57:24,4.21,53700,4.22,D
sh600758,辽宁能源,2025-10-17 09:58:21,4.21,99500,4.21,D
sh600758,辽宁能源,2025-10-17 09:59:30,4.22,25100,4.21,U
sh600758,辽宁能源,2025-10-17 09:59:39,4.21,126400,4.22,D
sh600758,辽宁能源,2025-10-17 10:00:00,4.21,50000,4.22,D
sh600758,辽宁能源,2025-10-17 10:00:24,4.21,20000,4.21,U
sh600758,辽宁能源,2025-10-17 10:00:27,4.21,40100,4.21,U
sh600758,辽宁能源,2025-10-17 10:00:33,4.2,33300,4.22,D
sh600758,辽宁能源,2025-10-17 10:00:54,4.21,55700,4.21,U
sh600758,辽宁能源,2025-10-17 10:01:39,4.21,68200,4.21,D
sh600758,辽宁能源,2025-10-17 10:02:21,4.22,231000,4.22,U
sh600758,辽宁能源,2025-10-17 10:02:33,4.23,29900,4.22,U
sh600758,辽宁能源,2025-10-17 10:03:48,4.22,25400,4.23,D
sh600758,辽宁能源,2025-10-17 10:04:03,4.23,81000,4.23,U
sh600758,辽宁能源,2025-10-17 10:04:09,4.22,186000,4.23,D
sh600758,辽宁能源,2025-10-17 10:04:36,4.24,21200,4.24,U
sh600758,辽宁能源,2025-10-17 10:04:48,4.24,50500,4.25,D
sh600758,辽宁能源,2025-10-17 10:04:54,4.25,111600,4.25,U
sh600758,辽宁能源,2025-10-17 10:04:57,4.25,36400,4.25,U
sh600758,辽宁能源,2025-10-17 10:05:03,4.25,81100,4.25,U
sh600758,辽宁能源,2025-10-17 10:05:06,4.25,28200,4.25,U
sh600758,辽宁能源,2025-10-17 10:05:21,4.25,22700,4.24,U
sh600758,辽宁能源,2025-10-17 10:05:27,4.25,44500,4.25,U
sh600758,辽宁能源,2025-10-17 10:05:51,4.24,27700,4.25,D
sh600758,辽宁能源,2025-10-17 10:05:54,4.24,21700,4.24,D
sh600758,辽宁能源,2025-10-17 10:06:00,4.24,44000,4.25,D
sh600758,辽宁能源,2025-10-17 10:06:03,4.25,78700,4.24,U
sh600758,辽宁能源,2025-10-17 10:06:06,4.24,29600,4.25,D
sh600758,辽宁能源,2025-10-17 10:06:42,4.24,24000,4.24,U
sh600758,辽宁能源,2025-10-17 10:08:12,4.24,85300,4.24,U
sh600758,辽宁能源,2025-10-17 10:08:24,4.23,208400,4.24,D
sh600758,辽宁能源,2025-10-17 10:09:00,4.22,114900,4.23,D
sh600758,辽宁能源,2025-10-17 10:09:21,4.22,38900,4.23,D
sh600758,辽宁能源,2025-10-17 10:09:27,4.21,66500,4.22,D
sh600758,辽宁能源,2025-10-17 10:09:30,4.22,53300,4.21,U
sh600758,辽宁能源,2025-10-17 10:11:09,4.22,23200,4.21,U
sh600758,辽宁能源,2025-10-17 10:11:24,4.23,69100,4.23,U
sh600758,辽宁能源,2025-10-17 10:12:03,4.22,20000,4.22,U
sh600758,辽宁能源,2025-10-17 10:12:12,4.21,24500,4.22,D
sh600758,辽宁能源,2025-10-17 10:12:15,4.21,80000,4.21,D
sh600758,辽宁能源,2025-10-17 10:12:18,4.21,54200,4.21,D
sh600758,辽宁能源,2025-10-17 10:12:24,4.22,46000,4.21,U
sh600758,辽宁能源,2025-10-17 10:12:30,4.22,21000,4.22,U
sh600758,辽宁能源,2025-10-17 10:12:48,4.22,20400,4.22,U
sh600758,辽宁能源,2025-10-17 10:12:51,4.22,34400,4.22,U
sh600758,辽宁能源,2025-10-17 10:13:57,4.23,235000,4.23,U
sh600758,辽宁能源,2025-10-17 10:14:18,4.23,23800,4.23,D
sh600758,辽宁能源,2025-10-17 10:14:21,4.23,58300,4.23,D
sh600758,辽宁能源,2025-10-17 10:14:54,4.24,53000,4.24,U
sh600758,辽宁能源,2025-10-17 10:14:57,4.24,89200,4.24,U
sh600758,辽宁能源,2025-10-17 10:15:18,4.23,94500,4.24,D
sh600758,辽宁能源,2025-10-17 10:16:18,4.24,35300,4.24,U
sh600758,辽宁能源,2025-10-17 10:16:21,4.24,21600,4.24,U
sh600758,辽宁能源,2025-10-17 10:16:45,4.23,23600,4.23,D
sh600758,辽宁能源,2025-10-17 10:17:06,4.23,29800,4.23,D
sh600758,辽宁能源,2025-10-17 10:17:51,4.24,30000,4.24,U
sh600758,辽宁能源,2025-10-17 10:18:00,4.24,35300,4.24,U
sh600758,辽宁能源,2025-10-17 10:18:09,4.25,56700,4.24,U
sh600758,辽宁能源,2025-10-17 10:18:30,4.25,42900,4.24,U
sh600758,辽宁能源,2025-10-17 10:18:54,4.25,232500,4.25,U
sh600758,辽宁能源,2025-10-17 10:19:18,4.25,26000,4.25,D
sh600758,辽宁能源,2025-10-17 10:19:21,4.24,82400,4.25,D
sh600758,辽宁能源,2025-10-17 10:19:33,4.24,23800,4.25,D
sh600758,辽宁能源,2025-10-17 10:19:48,4.25,34600,4.24,U
sh600758,辽宁能源,2025-10-17 10:20:18,4.24,332800,4.24,D
sh600758,辽宁能源,2025-10-17 10:21:09,4.23,21900,4.23,D
sh600758,辽宁能源,2025-10-17 10:21:12,4.23,55000,4.23,D
sh600758,辽宁能源,2025-10-17 10:21:15,4.22,176900,4.23,D
sh600758,辽宁能源,2025-10-17 10:21:36,4.23,59600,4.23,U
sh600758,辽宁能源,2025-10-17 10:21:42,4.23,62700,4.23,D
sh600758,辽宁能源,2025-10-17 10:22:27,4.23,25000,4.24,D
sh600758,辽宁能源,2025-10-17 10:22:39,4.24,124200,4.24,U
sh600758,辽宁能源,2025-10-17 10:22:48,4.24,47600,4.25,D
sh600758,辽宁能源,2025-10-17 10:23:21,4.24,30500,4.24,D
sh600758,辽宁能源,2025-10-17 10:23:27,4.24,150100,4.24,D
sh600758,辽宁能源,2025-10-17 10:23:39,4.25,64700,4.25,U
sh600758,辽宁能源,2025-10-17 10:24:09,4.25,150900,4.26,D
sh600758,辽宁能源,2025-10-17 10:24:15,4.26,224900,4.25,U
sh600758,辽宁能源,2025-10-17 10:24:18,4.26,122700,4.26,U
sh600758,辽宁能源,2025-10-17 10:24:39,4.25,62300,4.26,D
sh600758,辽宁能源,2025-10-17 10:24:45,4.26,42500,4.26,U
sh600758,辽宁能源,2025-10-17 10:25:00,4.25,100400,4.26,D
sh600758,辽宁能源,2025-10-17 10:25:09,4.25,40900,4.25,U
sh600758,辽宁能源,2025-10-17 10:25:15,4.25,36400,4.25,U
sh600758,辽宁能源,2025-10-17 10:25:18,4.23,322200,4.25,D
sh600758,辽宁能源,2025-10-17 10:26:06,4.24,42600,4.24,D
sh600758,辽宁能源,2025-10-17 10:26:30,4.23,47000,4.24,D
sh600758,辽宁能源,2025-10-17 10:27:30,4.22,166600,4.24,D
sh600758,辽宁能源,2025-10-17 10:28:24,4.23,46200,4.23,U
sh600758,辽宁能源,2025-10-17 10:28:27,4.22,30400,4.23,D
sh600758,辽宁能源,2025-10-17 10:29:27,4.22,40300,4.23,D
sh600758,辽宁能源,2025-10-17 10:29:30,4.22,44000,4.22,D
sh600758,辽宁能源,2025-10-17 10:29:39,4.22,22100,4.22,D
sh600758,辽宁能源,2025-10-17 10:31:15,4.22,40200,4.22,D
sh600758,辽宁能源,2025-10-17 10:33:03,4.22,23600,4.22,D
sh600758,辽宁能源,2025-10-17 10:33:09,4.22,30000,4.23,D
sh600758,辽宁能源,2025-10-17 10:33:12,4.22,49700,4.22,D
sh600758,辽宁能源,2025-10-17 10:33:15,4.22,22300,4.22,D
sh600758,辽宁能源,2025-10-17 10:34:06,4.22,69300,4.21,U
sh600758,辽宁能源,2025-10-17 10:35:06,4.22,37500,4.22,U
sh600758,辽宁能源,2025-10-17 10:37:36,4.21,21600,4.22,D
sh600758,辽宁能源,2025-10-17 10:39:12,4.21,59800,4.21,D
sh600758,辽宁能源,2025-10-17 10:39:27,4.21,51000,4.21,D
sh600758,辽宁能源,2025-10-17 10:39:30,4.21,50400,4.21,D
sh600758,辽宁能源,2025-10-17 10:39:45,4.21,78300,4.21,D
sh600758,辽宁能源,2025-10-17 10:40:15,4.2,29200,4.2,D
sh600758,辽宁能源,2025-10-17 10:40:42,4.2,78100,4.2,D
sh600758,辽宁能源,2025-10-17 10:41:54,4.2,36600,4.21,D
sh600758,辽宁能源,2025-10-17 10:42:57,4.2,313900,4.2,D
sh600758,辽宁能源,2025-10-17 10:43:03,4.2,80900,4.2,U
sh600758,辽宁能源,2025-10-17 10:44:03,4.21,41400,4.21,U
sh600758,辽宁能源,2025-10-17 10:45:03,4.21,38900,4.21,U
sh600758,辽宁能源,2025-10-17 10:45:06,4.21,801400,4.21,U
sh600758,辽宁能源,2025-10-17 10:45:09,4.22,20100,4.21,U
sh600758,辽宁能源,2025-10-17 10:45:42,4.2,117300,4.22,D
sh600758,辽宁能源,2025-10-17 10:46:03,4.21,38700,4.21,U
sh600758,辽宁能源,2025-10-17 10:46:18,4.22,132600,4.22,U
sh600758,辽宁能源,2025-10-17 10:46:27,4.22,48600,4.22,D
sh600758,辽宁能源,2025-10-17 10:46:45,4.21,20600,4.22,D
sh600758,辽宁能源,2025-10-17 10:46:54,4.23,131300,4.23,U
sh600758,辽宁能源,2025-10-17 10:47:33,4.23,20200,4.23,U
sh600758,辽宁能源,2025-10-17 10:47:45,4.23,39800,4.22,U
sh600758,辽宁能源,2025-10-17 10:48:48,4.22,74300,4.22,D
sh600758,辽宁能源,2025-10-17 10:49:15,4.22,26300,4.22,U
sh600758,辽宁能源,2025-10-17 10:53:27,4.2,173200,4.22,D
sh600758,辽宁能源,2025-10-17 10:54:24,4.2,41600,4.2,D
sh600758,辽宁能源,2025-10-17 10:54:27,4.2,65000,4.2,D
sh600758,辽宁能源,2025-10-17 10:55:18,4.21,27400,4.21,U
sh600758,辽宁能源,2025-10-17 10:55:21,4.21,47000,4.21,U
sh600758,辽宁能源,2025-10-17 10:55:39,4.21,40000,4.21,D
sh600758,辽宁能源,2025-10-17 10:57:39,4.22,214800,4.21,U
sh600758,辽宁能源,2025-10-17 10:58:06,4.23,28100,4.23,U
sh600758,辽宁能源,2025-10-17 10:59:24,4.23,27400,4.23,U
sh600758,辽宁能源,2025-10-17 10:59:54,4.23,43900,4.22,U
sh600758,辽宁能源,2025-10-17 11:00:00,4.23,20200,4.23,U
sh600758,辽宁能源,2025-10-17 11:01:00,4.23,25600,4.23,U
sh600758,辽宁能源,2025-10-17 11:01:54,4.22,171000,4.22,D
sh600758,辽宁能源,2025-10-17 11:02:03,4.22,34400,4.21,U
sh600758,辽宁能源,2025-10-17 11:02:09,4.22,648300,4.22,U
sh600758,辽宁能源,2025-10-17 11:02:12,4.23,143500,4.22,U
sh600758,辽宁能源,2025-10-17 11:02:18,4.23,25000,4.24,D
sh600758,辽宁能源,2025-10-17 11:02:27,4.23,30800,4.23,D
sh600758,辽宁能源,2025-10-17 11:02:30,4.23,22600,4.23,U
sh600758,辽宁能源,2025-10-17 11:03:15,4.22,78500,4.22,D
sh600758,辽宁能源,2025-10-17 11:03:18,4.22,22900,4.22,D
sh600758,辽宁能源,2025-10-17 11:04:39,4.22,49400,4.21,U
sh600758,辽宁能源,2025-10-17 11:05:30,4.21,25000,4.21,D
sh600758,辽宁能源,2025-10-17 11:05:48,4.22,53500,4.22,U
sh600758,辽宁能源,2025-10-17 11:07:03,4.21,20000,4.22,D
sh600758,辽宁能源,2025-10-17 11:09:18,4.21,157400,4.21,D
sh600758,辽宁能源,2025-10-17 11:10:54,4.21,32200,4.22,D
sh600758,辽宁能源,2025-10-17 11:11:09,4.21,56700,4.21,D
sh600758,辽宁能源,2025-10-17 11:11:36,4.2,75700,4.2,D
sh600758,辽宁能源,2025-10-17 11:14:12,4.21,23700,4.21,U
sh600758,辽宁能源,2025-10-17 11:14:15,4.21,117400,4.21,U
sh600758,辽宁能源,2025-10-17 11:17:00,4.21,66700,4.21,U
sh600758,辽宁能源,2025-10-17 11:17:21,4.21,39200,4.2,U
sh600758,辽宁能源,2025-10-17 11:18:00,4.21,30400,4.21,D
sh600758,辽宁能源,2025-10-17 11:21:33,4.21,131300,4.22,D
sh600758,辽宁能源,2025-10-17 11:24:24,4.21,139500,4.22,D
sh600758,辽宁能源,2025-10-17 11:26:06,4.19,171800,4.2,D
sh600758,辽宁能源,2025-10-17 11:26:30,4.19,72100,4.2,D
sh600758,辽宁能源,2025-10-17 11:26:33,4.2,26100,4.19,U
sh600758,辽宁能源,2025-10-17 11:27:48,4.19,41000,4.2,D
sh600758,辽宁能源,2025-10-17 11:28:18,4.19,122200,4.19,D
sh600758,辽宁能源,2025-10-17 11:29:03,4.19,26600,4.18,U
sh600758,辽宁能源,2025-10-17 11:29:12,4.2,66600,4.19,U
sh600758,辽宁能源,2025-10-17 11:29:27,4.19,66000,4.19,D
sh600758,辽宁能源,2025-10-17 11:29:33,4.19,81700,4.19,D
sh600758,辽宁能源,2025-10-17 13:00:12,4.2,48100,4.2,U
sh600758,辽宁能源,2025-10-17 13:00:24,4.2,44450,4.19,U
sh600758,辽宁能源,2025-10-17 13:00:42,4.2,70750,4.21,D
sh600758,辽宁能源,2025-10-17 13:01:03,4.2,23600,4.2,D
sh600758,辽宁能源,2025-10-17 13:04:12,4.21,58200,4.21,U
sh600758,辽宁能源,2025-10-17 13:05:33,4.21,20000,4.21,U
sh600758,辽宁能源,2025-10-17 13:06:09,4.19,215900,4.2,D
sh600758,辽宁能源,2025-10-17 13:10:06,4.18,68550,4.19,D
sh600758,辽宁能源,2025-10-17 13:13:09,4.18,20600,4.19,D
sh600758,辽宁能源,2025-10-17 13:13:42,4.18,93100,4.18,D
sh600758,辽宁能源,2025-10-17 13:14:33,4.18,35600,4.19,D
sh600758,辽宁能源,2025-10-17 13:15:18,4.19,117900,4.19,U
sh600758,辽宁能源,2025-10-17 13:17:24,4.19,32200,4.19,D
sh600758,辽宁能源,2025-10-17 13:18:51,4.19,195000,4.19,D
sh600758,辽宁能源,2025-10-17 13:20:24,4.19,142200,4.19,U
sh600758,辽宁能源,2025-10-17 13:20:45,4.19,40800,4.19,D
sh600758,辽宁能源,2025-10-17 13:26:21,4.19,30000,4.19,D
sh600758,辽宁能源,2025-10-17 13:27:18,4.2,90100,4.19,U
sh600758,辽宁能源,2025-10-17 13:27:27,4.19,61700,4.2,D
sh600758,辽宁能源,2025-10-17 13:28:21,4.19,22500,4.2,D
sh600758,辽宁能源,2025-10-17 13:31:12,4.21,335500,4.2,U
sh600758,辽宁能源,2025-10-17 13:31:30,4.2,34000,4.2,D
sh600758,辽宁能源,2025-10-17 13:31:42,4.2,27000,4.2,D
sh600758,辽宁能源,2025-10-17 13:32:12,4.2,26300,4.19,U
sh600758,辽宁能源,2025-10-17 13:32:33,4.2,35900,4.2,U
sh600758,辽宁能源,2025-10-17 13:33:39,4.2,20100,4.19,U
sh600758,辽宁能源,2025-10-17 13:36:33,4.19,754000,4.19,D
sh600758,辽宁能源,2025-10-17 13:36:36,4.19,35600,4.19,D
sh600758,辽宁能源,2025-10-17 13:36:42,4.19,26000,4.19,D
sh600758,辽宁能源,2025-10-17 13:36:45,4.19,30100,4.19,D
sh600758,辽宁能源,2025-10-17 13:36:48,4.2,375100,4.19,U
sh600758,辽宁能源,2025-10-17 13:36:51,4.19,82400,4.2,D
sh600758,辽宁能源,2025-10-17 13:38:24,4.19,50000,4.19,D
sh600758,辽宁能源,2025-10-17 13:40:18,4.2,56100,4.2,U
sh600758,辽宁能源,2025-10-17 13:40:48,4.19,36700,4.19,D
sh600758,辽宁能源,2025-10-17 13:41:03,4.2,24600,4.19,U
sh600758,辽宁能源,2025-10-17 13:44:33,4.18,151800,4.19,D
sh600758,辽宁能源,2025-10-17 13:45:18,4.19,96900,4.18,U
sh600758,辽宁能源,2025-10-17 13:46:03,4.19,32000,4.18,U
sh600758,辽宁能源,2025-10-17 13:46:45,4.18,25500,4.19,D
sh600758,辽宁能源,2025-10-17 13:49:48,4.18,123900,4.19,D
sh600758,辽宁能源,2025-10-17 13:50:24,4.19,82900,4.19,U
sh600758,辽宁能源,2025-10-17 13:50:27,4.19,21400,4.19,U
sh600758,辽宁能源,2025-10-17 13:51:00,4.19,23600,4.19,U
sh600758,辽宁能源,2025-10-17 13:51:06,4.19,20800,4.2,D
sh600758,辽宁能源,2025-10-17 13:52:12,4.2,396500,4.19,U
sh600758,辽宁能源,2025-10-17 13:52:33,4.2,50400,4.2,D
sh600758,辽宁能源,2025-10-17 13:55:42,4.19,38200,4.2,D
sh600758,辽宁能源,2025-10-17 13:58:30,4.17,441400,4.19,D
sh600758,辽宁能源,2025-10-17 13:58:33,4.18,293300,4.17,U
sh600758,辽宁能源,2025-10-17 13:59:03,4.2,46800,4.19,U
sh600758,辽宁能源,2025-10-17 14:00:15,4.19,30200,4.19,D
sh600758,辽宁能源,2025-10-17 14:00:18,4.19,80000,4.19,D
sh600758,辽宁能源,2025-10-17 14:00:51,4.18,30000,4.18,D
sh600758,辽宁能源,2025-10-17 14:01:39,4.19,795200,4.19,U
sh600758,辽宁能源,2025-10-17 14:02:18,4.18,97900,4.19,D
sh600758,辽宁能源,2025-10-17 14:03:03,4.19,21600,4.19,U
sh600758,辽宁能源,2025-10-17 14:04:27,4.19,20400,4.19,U
sh600758,辽宁能源,2025-10-17 14:04:30,4.19,22000,4.19,U
sh600758,辽宁能源,2025-10-17 14:06:09,4.19,35400,4.19,U
sh600758,辽宁能源,2025-10-17 14:07:27,4.19,51700,4.2,D
sh600758,辽宁能源,2025-10-17 14:08:09,4.18,20600,4.18,D
sh600758,辽宁能源,2025-10-17 14:08:45,4.18,75000,4.18,D
sh600758,辽宁能源,2025-10-17 14:10:06,4.18,85000,4.18,D
sh600758,辽宁能源,2025-10-17 14:12:18,4.17,29700,4.18,D
sh600758,辽宁能源,2025-10-17 14:12:39,4.17,117200,4.18,D
sh600758,辽宁能源,2025-10-17 14:13:03,4.18,29000,4.17,U
sh600758,辽宁能源,2025-10-17 14:13:06,4.17,27900,4.18,D
sh600758,辽宁能源,2025-10-17 14:13:51,4.18,69700,4.17,U
sh600758,辽宁能源,2025-10-17 14:13:57,4.18,87100,4.18,U
sh600758,辽宁能源,2025-10-17 14:15:57,4.17,20000,4.17,D
sh600758,辽宁能源,2025-10-17 14:16:21,4.17,113600,4.17,D
sh600758,辽宁能源,2025-10-17 14:17:03,4.18,39600,4.17,U
sh600758,辽宁能源,2025-10-17 14:17:36,4.17,23700,4.18,D
sh600758,辽宁能源,2025-10-17 14:18:51,4.18,46100,4.18,U
sh600758,辽宁能源,2025-10-17 14:20:24,4.17,27200,4.17,D
sh600758,辽宁能源,2025-10-17 14:20:30,4.17,27700,4.17,D
sh600758,辽宁能源,2025-10-17 14:20:39,4.17,39100,4.17,D
sh600758,辽宁能源,2025-10-17 14:21:03,4.18,80000,4.17,U
sh600758,辽宁能源,2025-10-17 14:21:06,4.17,37600,4.18,D
sh600758,辽宁能源,2025-10-17 14:21:51,4.17,31600,4.17,D
sh600758,辽宁能源,2025-10-17 14:22:06,4.18,66200,4.18,U
sh600758,辽宁能源,2025-10-17 14:22:33,4.17,45700,4.17,D
sh600758,辽宁能源,2025-10-17 14:23:00,4.18,176900,4.17,U
sh600758,辽宁能源,2025-10-17 14:23:03,4.18,45200,4.18,U
sh600758,辽宁能源,2025-10-17 14:24:09,4.17,73900,4.17,D
sh600758,辽宁能源,2025-10-17 14:24:42,4.17,37600,4.17,D
sh600758,辽宁能源,2025-10-17 14:26:42,4.17,23100,4.17,U
sh600758,辽宁能源,2025-10-17 14:26:48,4.16,30000,4.17,D
sh600758,辽宁能源,2025-10-17 14:28:03,4.18,174400,4.17,U
sh600758,辽宁能源,2025-10-17 14:28:06,4.17,30100,4.18,D
sh600758,辽宁能源,2025-10-17 14:28:45,4.17,35000,4.18,D
sh600758,辽宁能源,2025-10-17 14:29:03,4.17,20000,4.17,D
sh600758,辽宁能源,2025-10-17 14:29:15,4.17,130100,4.17,D
sh600758,辽宁能源,2025-10-17 14:29:27,4.17,20000,4.18,D
sh600758,辽宁能源,2025-10-17 14:29:45,4.17,32700,4.17,D
sh600758,辽宁能源,2025-10-17 14:30:15,4.17,24100,4.18,D
sh600758,辽宁能源,2025-10-17 14:31:00,4.17,32200,4.17,D
sh600758,辽宁能源,2025-10-17 14:31:18,4.17,94200,4.18,D
sh600758,辽宁能源,2025-10-17 14:31:30,4.17,186000,4.17,U
sh600758,辽宁能源,2025-10-17 14:31:33,4.17,53800,4.17,D
sh600758,辽宁能源,2025-10-17 14:32:03,4.17,28900,4.17,D
sh600758,辽宁能源,2025-10-17 14:33:51,4.18,45400,4.17,U
sh600758,辽宁能源,2025-10-17 14:35:18,4.17,23300,4.17,D
sh600758,辽宁能源,2025-10-17 14:35:30,4.17,20500,4.17,U
sh600758,辽宁能源,2025-10-17 14:35:36,4.17,26900,4.17,U
sh600758,辽宁能源,2025-10-17 14:35:45,4.18,72900,4.17,U
sh600758,辽宁能源,2025-10-17 14:36:03,4.17,28900,4.16,U
sh600758,辽宁能源,2025-10-17 14:36:09,4.16,20500,4.17,D
sh600758,辽宁能源,2025-10-17 14:36:30,4.16,24300,4.16,D
sh600758,辽宁能源,2025-10-17 14:36:51,4.16,59400,4.16,D
sh600758,辽宁能源,2025-10-17 14:37:06,4.17,27700,4.17,U
sh600758,辽宁能源,2025-10-17 14:37:09,4.16,42600,4.17,D
sh600758,辽宁能源,2025-10-17 14:37:12,4.17,125600,4.16,U
sh600758,辽宁能源,2025-10-17 14:37:15,4.17,28200,4.17,U
sh600758,辽宁能源,2025-10-17 14:37:18,4.17,25100,4.17,D
sh600758,辽宁能源,2025-10-17 14:38:03,4.17,32500,4.17,U
sh600758,辽宁能源,2025-10-17 14:38:09,4.17,141900,4.17,U
sh600758,辽宁能源,2025-10-17 14:38:18,4.17,20200,4.17,U
sh600758,辽宁能源,2025-10-17 14:38:30,4.16,22500,4.16,D
sh600758,辽宁能源,2025-10-17 14:38:54,4.16,20100,4.16,D
sh600758,辽宁能源,2025-10-17 14:39:03,4.17,44600,4.16,U
sh600758,辽宁能源,2025-10-17 14:39:30,4.16,28100,4.16,D
sh600758,辽宁能源,2025-10-17 14:40:15,4.16,44100,4.15,U
sh600758,辽宁能源,2025-10-17 14:40:18,4.16,95300,4.16,U
sh600758,辽宁能源,2025-10-17 14:40:45,4.16,91600,4.17,D
sh600758,辽宁能源,2025-10-17 14:41:03,4.17,25500,4.16,U
sh600758,辽宁能源,2025-10-17 14:41:06,4.16,40100,4.17,D
sh600758,辽宁能源,2025-10-17 14:41:24,4.16,121100,4.17,D
sh600758,辽宁能源,2025-10-17 14:43:09,4.17,65600,4.16,U
sh600758,辽宁能源,2025-10-17 14:43:21,4.17,139000,4.16,U
sh600758,辽宁能源,2025-10-17 14:44:03,4.17,32500,4.16,U
sh600758,辽宁能源,2025-10-17 14:44:21,4.17,33600,4.17,U
sh600758,辽宁能源,2025-10-17 14:44:27,4.17,131100,4.17,U
sh600758,辽宁能源,2025-10-17 14:44:36,4.17,30200,4.17,U
sh600758,辽宁能源,2025-10-17 14:45:03,4.18,90200,4.17,U
sh600758,辽宁能源,2025-10-17 14:45:18,4.18,28700,4.18,U
sh600758,辽宁能源,2025-10-17 14:45:42,4.17,24800,4.18,D
sh600758,辽宁能源,2025-10-17 14:46:30,4.18,32000,4.18,U
sh600758,辽宁能源,2025-10-17 14:46:45,4.18,65300,4.18,U
sh600758,辽宁能源,2025-10-17 14:47:15,4.18,25000,4.18,U
sh600758,辽宁能源,2025-10-17 14:47:27,4.18,31700,4.17,U
sh600758,辽宁能源,2025-10-17 14:47:39,4.17,31700,4.17,D
sh600758,辽宁能源,2025-10-17 14:47:42,4.18,39700,4.17,U
sh600758,辽宁能源,2025-10-17 14:48:18,4.17,28700,4.18,D
sh600758,辽宁能源,2025-10-17 14:48:54,4.17,38200,4.18,D
sh600758,辽宁能源,2025-10-17 14:48:57,4.17,131200,4.17,D
sh600758,辽宁能源,2025-10-17 14:49:18,4.17,77700,4.17,D
sh600758,辽宁能源,2025-10-17 14:49:42,4.17,22900,4.17,D
sh600758,辽宁能源,2025-10-17 14:50:27,4.17,197300,4.16,U
sh600758,辽宁能源,2025-10-17 14:50:30,4.16,208300,4.17,D
sh600758,辽宁能源,2025-10-17 14:50:33,4.17,45300,4.16,E
sh600758,辽宁能源,2025-10-17 14:50:36,4.16,22600,4.17,D
sh600758,辽宁能源,2025-10-17 14:51:33,4.17,77900,4.16,U
sh600758,辽宁能源,2025-10-17 14:51:36,4.16,23300,4.17,D
sh600758,辽宁能源,2025-10-17 14:51:57,4.17,41900,4.17,U
sh600758,辽宁能源,2025-10-17 14:52:00,4.16,26600,4.17,D
sh600758,辽宁能源,2025-10-17 14:52:03,4.18,133000,4.16,U
sh600758,辽宁能源,2025-10-17 14:52:12,4.17,20000,4.17,D
sh600758,辽宁能源,2025-10-17 14:52:15,4.17,48200,4.17,U
sh600758,辽宁能源,2025-10-17 14:52:42,4.18,20000,4.18,U
sh600758,辽宁能源,2025-10-17 14:52:54,4.17,23500,4.17,D
sh600758,辽宁能源,2025-10-17 14:53:06,4.17,24000,4.17,D
sh600758,辽宁能源,2025-10-17 14:53:09,4.17,23900,4.17,D
sh600758,辽宁能源,2025-10-17 14:53:18,4.17,26900,4.17,U
sh600758,辽宁能源,2025-10-17 14:53:33,4.17,67400,4.17,U
sh600758,辽宁能源,2025-10-17 14:53:45,4.17,30500,4.16,U
sh600758,辽宁能源,2025-10-17 14:54:03,4.16,21400,4.16,D
sh600758,辽宁能源,2025-10-17 14:54:06,4.17,20800,4.16,U
sh600758,辽宁能源,2025-10-17 14:54:09,4.18,81900,4.17,U
sh600758,辽宁能源,2025-10-17 14:54:12,4.17,33500,4.18,D
sh600758,辽宁能源,2025-10-17 14:54:21,4.17,46300,4.17,D
sh600758,辽宁能源,2025-10-17 14:54:27,4.17,26600,4.17,D
sh600758,辽宁能源,2025-10-17 14:55:00,4.17,28700,4.17,U
sh600758,辽宁能源,2025-10-17 14:55:03,4.16,54500,4.17,D
sh600758,辽宁能源,2025-10-17 14:55:09,4.17,36200,4.16,U
sh600758,辽宁能源,2025-10-17 14:55:30,4.17,81900,4.17,U
sh600758,辽宁能源,2025-10-17 14:55:45,4.16,244200,4.17,D
sh600758,辽宁能源,2025-10-17 14:56:09,4.17,20400,4.17,U
sh600758,辽宁能源,2025-10-17 14:56:39,4.16,64400,4.17,D
sh600758,辽宁能源,2025-10-17 14:56:42,4.17,31900,4.16,U
sh600758,辽宁能源,2025-10-17 15:00:03,4.16,509600,4.17,U
