symbol,name,ticktime,price,volume,prev_price,kind
sh600758,辽宁能源,2025-09-29 09:25:00,3.78,144500,0.0,U
sh600758,辽宁能源,2025-09-29 09:30:03,3.78,26600,3.78,U
sh600758,辽宁能源,2025-09-29 09:30:06,3.77,54400,3.78,D
sh600758,辽宁能源,2025-09-29 09:30:12,3.77,25200,3.77,U
sh600758,辽宁能源,2025-09-29 09:30:21,3.77,27100,3.77,U
sh600758,辽宁能源,2025-09-29 09:30:36,3.75,168600,3.76,D
sh600758,辽宁能源,2025-09-29 09:30:39,3.76,106100,3.75,U
sh600758,辽宁能源,2025-09-29 09:30:51,3.75,68900,3.76,D
sh600758,辽宁能源,2025-09-29 09:31:15,3.75,55200,3.75,U
sh600758,辽宁能源,2025-09-29 09:31:54,3.75,21700,3.75,U
sh600758,辽宁能源,2025-09-29 09:32:00,3.74,65400,3.75,D
sh600758,辽宁能源,2025-09-29 09:32:12,3.74,68900,3.74,D
sh600758,辽宁能源,2025-09-29 09:32:24,3.73,21000,3.74,D
sh600758,辽宁能源,2025-09-29 09:32:42,3.73,117200,3.74,D
sh600758,辽宁能源,2025-09-29 09:32:48,3.73,33100,3.73,D
sh600758,辽宁能源,2025-09-29 09:32:54,3.73,176500,3.73,D
sh600758,辽宁能源,2025-09-29 09:32:57,3.73,69300,3.73,U
sh600758,辽宁能源,2025-09-29 09:33:30,3.73,35300,3.73,D
sh600758,辽宁能源,2025-09-29 09:33:39,3.74,27200,3.73,U
sh600758,辽宁能源,2025-09-29 09:33:48,3.73,21400,3.72,U
sh600758,辽宁能源,2025-09-29 09:33:54,3.72,22000,3.73,D
sh600758,辽宁能源,2025-09-29 09:34:03,3.72,32100,3.72,D
sh600758,辽宁能源,2025-09-29 09:34:09,3.73,35500,3.72,U
sh600758,辽宁能源,2025-09-29 09:34:27,3.72,38600,3.73,D
sh600758,辽宁能源,2025-09-29 09:34:45,3.73,30500,3.73,U
sh600758,辽宁能源,2025-09-29 09:34:48,3.72,114300,3.73,D
sh600758,辽宁能源,2025-09-29 09:34:51,3.73,36600,3.72,U
sh600758,辽宁能源,2025-09-29 09:35:03,3.72,32900,3.72,D
sh600758,辽宁能源,2025-09-29 09:35:42,3.71,66800,3.72,D
sh600758,辽宁能源,2025-09-29 09:36:00,3.71,32400,3.71,D
sh600758,辽宁能源,2025-09-29 09:36:09,3.7,635200,3.71,D
sh600758,辽宁能源,2025-09-29 09:36:12,3.69,114300,3.7,D
sh600758,辽宁能源,2025-09-29 09:36:15,3.69,31400,3.69,D
sh600758,辽宁能源,2025-09-29 09:36:42,3.7,36300,3.69,U
sh600758,辽宁能源,2025-09-29 09:36:48,3.69,92600,3.7,D
sh600758,辽宁能源,2025-09-29 09:37:03,3.69,75800,3.69,D
sh600758,辽宁能源,2025-09-29 09:37:06,3.68,52500,3.69,D
sh600758,辽宁能源,2025-09-29 09:37:09,3.67,35100,3.68,D
sh600758,辽宁能源,2025-09-29 09:37:12,3.68,21900,3.67,U
sh600758,辽宁能源,2025-09-29 09:38:21,3.69,25100,3.69,U
sh600758,辽宁能源,2025-09-29 09:38:39,3.68,64100,3.69,D
sh600758,辽宁能源,2025-09-29 09:39:03,3.69,22500,3.68,U
sh600758,辽宁能源,2025-09-29 09:39:18,3.69,37400,3.69,U
sh600758,辽宁能源,2025-09-29 09:39:33,3.68,36000,3.69,D
sh600758,辽宁能源,2025-09-29 09:39:39,3.68,20000,3.68,D
sh600758,辽宁能源,2025-09-29 09:39:54,3.68,25200,3.69,D
sh600758,辽宁能源,2025-09-29 09:40:42,3.69,21300,3.69,U
sh600758,辽宁能源,2025-09-29 09:41:15,3.69,70100,3.7,D
sh600758,辽宁能源,2025-09-29 09:41:48,3.69,33400,3.69,D
sh600758,辽宁能源,2025-09-29 09:41:51,3.69,25000,3.69,E
sh600758,辽宁能源,2025-09-29 09:43:12,3.7,24300,3.7,U
sh600758,辽宁能源,2025-09-29 09:43:24,3.7,229700,3.71,D
sh600758,辽宁能源,2025-09-29 09:44:33,3.71,22900,3.7,U
sh600758,辽宁能源,2025-09-29 09:45:24,3.71,77400,3.71,U
sh600758,辽宁能源,2025-09-29 09:46:06,3.72,37500,3.71,U
sh600758,辽宁能源,2025-09-29 09:46:36,3.72,26100,3.72,D
sh600758,辽宁能源,2025-09-29 09:46:48,3.72,62600,3.72,D
sh600758,辽宁能源,2025-09-29 09:47:21,3.73,24000,3.73,U
sh600758,辽宁能源,2025-09-29 09:48:30,3.7,155600,3.72,D
sh600758,辽宁能源,2025-09-29 09:49:06,3.71,32200,3.71,D
sh600758,辽宁能源,2025-09-29 09:49:12,3.72,50000,3.71,U
sh600758,辽宁能源,2025-09-29 09:49:27,3.72,64700,3.72,U
sh600758,辽宁能源,2025-09-29 09:49:39,3.72,30100,3.72,D
sh600758,辽宁能源,2025-09-29 09:50:24,3.73,150400,3.72,U
sh600758,辽宁能源,2025-09-29 09:50:39,3.73,23900,3.74,D
sh600758,辽宁能源,2025-09-29 09:53:12,3.73,43500,3.73,D
sh600758,辽宁能源,2025-09-29 09:53:33,3.72,35500,3.72,D
sh600758,辽宁能源,2025-09-29 09:57:03,3.72,72200,3.72,D
sh600758,辽宁能源,2025-09-29 09:57:06,3.73,57100,3.72,U
sh600758,辽宁能源,2025-09-29 09:57:48,3.74,30600,3.73,U
sh600758,辽宁能源,2025-09-29 09:59:12,3.74,75000,3.73,U
sh600758,辽宁能源,2025-09-29 09:59:18,3.75,20000,3.74,U
sh600758,辽宁能源,2025-09-29 10:03:06,3.74,25000,3.75,D
sh600758,辽宁能源,2025-09-29 10:03:33,3.74,41700,3.75,D
sh600758,辽宁能源,2025-09-29 10:04:33,3.74,43100,3.75,D
sh600758,辽宁能源,2025-09-29 10:04:51,3.76,208600,3.75,U
sh600758,辽宁能源,2025-09-29 10:06:30,3.75,30000,3.75,D
sh600758,辽宁能源,2025-09-29 10:08:48,3.75,20000,3.75,D
sh600758,辽宁能源,2025-09-29 10:09:21,3.75,24200,3.75,D
sh600758,辽宁能源,2025-09-29 10:09:51,3.75,31200,3.75,D
sh600758,辽宁能源,2025-09-29 10:11:12,3.76,40100,3.76,U
sh600758,辽宁能源,2025-09-29 10:12:27,3.76,24000,3.75,U
sh600758,辽宁能源,2025-09-29 10:13:24,3.76,41600,3.76,U
sh600758,辽宁能源,2025-09-29 10:14:15,3.76,24200,3.75,U
sh600758,辽宁能源,2025-09-29 10:19:54,3.77,186400,3.77,U
sh600758,辽宁能源,2025-09-29 10:23:30,3.77,30400,3.77,U
sh600758,辽宁能源,2025-09-29 10:24:00,3.77,30000,3.76,U
sh600758,辽宁能源,2025-09-29 10:24:12,3.77,20300,3.77,U
sh600758,辽宁能源,2025-09-29 10:33:03,3.76,100800,3.76,D
sh600758,辽宁能源,2025-09-29 10:34:03,3.77,268000,3.77,U
sh600758,辽宁能源,2025-09-29 10:36:33,3.77,80400,3.78,D
sh600758,辽宁能源,2025-09-29 10:36:45,3.77,168700,3.77,D
sh600758,辽宁能源,2025-09-29 10:36:57,3.76,20200,3.77,D
sh600758,辽宁能源,2025-09-29 10:39:15,3.76,35700,3.76,D
sh600758,辽宁能源,2025-09-29 10:39:24,3.77,213700,3.76,U
sh600758,辽宁能源,2025-09-29 10:43:36,3.77,303200,3.78,D
sh600758,辽宁能源,2025-09-29 10:46:06,3.77,23100,3.78,D
sh600758,辽宁能源,2025-09-29 10:46:30,3.77,90800,3.77,D
sh600758,辽宁能源,2025-09-29 10:46:33,3.78,195300,3.77,U
sh600758,辽宁能源,2025-09-29 10:46:42,3.78,25400,3.78,D
sh600758,辽宁能源,2025-09-29 10:47:09,3.79,72200,3.79,U
sh600758,辽宁能源,2025-09-29 10:48:33,3.77,97900,3.78,D
sh600758,辽宁能源,2025-09-29 10:52:18,3.78,50000,3.78,D
sh600758,辽宁能源,2025-09-29 10:52:33,3.78,51000,3.78,D
sh600758,辽宁能源,2025-09-29 10:54:06,3.79,35800,3.79,U
sh600758,辽宁能源,2025-09-29 10:56:18,3.78,24900,3.78,D
sh600758,辽宁能源,2025-09-29 10:57:57,3.78,25500,3.78,D
sh600758,辽宁能源,2025-09-29 10:59:21,3.79,26200,3.78,U
sh600758,辽宁能源,2025-09-29 11:02:18,3.78,21600,3.78,D
sh600758,辽宁能源,2025-09-29 11:09:57,3.78,109800,3.78,D
sh600758,辽宁能源,2025-09-29 11:11:12,3.77,99300,3.77,D
sh600758,辽宁能源,2025-09-29 11:18:00,3.78,45200,3.77,U
sh600758,辽宁能源,2025-09-29 11:23:21,3.78,45300,3.78,U
sh600758,辽宁能源,2025-09-29 11:25:48,3.78,20300,3.77,U
sh600758,辽宁能源,2025-09-29 13:02:09,3.78,30000,3.78,U
sh600758,辽宁能源,2025-09-29 13:02:39,3.78,30000,3.78,U
sh600758,辽宁能源,2025-09-29 13:05:45,3.77,133100,3.78,D
sh600758,辽宁能源,2025-09-29 13:06:18,3.77,27500,3.77,U
sh600758,辽宁能源,2025-09-29 13:07:42,3.77,85600,3.77,D
sh600758,辽宁能源,2025-09-29 13:08:15,3.76,32700,3.76,D
sh600758,辽宁能源,2025-09-29 13:08:39,3.77,39700,3.76,U
sh600758,辽宁能源,2025-09-29 13:14:45,3.76,20700,3.76,D
sh600758,辽宁能源,2025-09-29 13:27:33,3.76,20000,3.76,D
sh600758,辽宁能源,2025-09-29 13:28:06,3.75,103000,3.76,D
sh600758,辽宁能源,2025-09-29 13:30:00,3.76,25500,3.75,U
sh600758,辽宁能源,2025-09-29 13:30:03,3.76,26200,3.76,U
sh600758,辽宁能源,2025-09-29 13:32:24,3.76,50000,3.76,D
sh600758,辽宁能源,2025-09-29 13:39:42,3.76,29600,3.76,D
sh600758,辽宁能源,2025-09-29 13:40:00,3.77,22100,3.76,U
sh600758,辽宁能源,2025-09-29 13:40:06,3.76,49600,3.76,D
sh600758,辽宁能源,2025-09-29 13:41:09,3.76,29700,3.76,D
sh600758,辽宁能源,2025-09-29 13:42:03,3.78,86500,3.77,U
sh600758,辽宁能源,2025-09-29 13:43:30,3.77,28300,3.78,D
sh600758,辽宁能源,2025-09-29 13:43:33,3.77,53600,3.77,D
sh600758,辽宁能源,2025-09-29 13:49:42,3.77,51300,3.78,D
sh600758,辽宁能源,2025-09-29 13:50:09,3.77,52200,3.78,D
sh600758,辽宁能源,2025-09-29 13:50:42,3.78,45600,3.78,U
sh600758,辽宁能源,2025-09-29 13:50:54,3.78,36900,3.78,D
sh600758,辽宁能源,2025-09-29 13:50:57,3.77,30700,3.78,D
sh600758,辽宁能源,2025-09-29 13:51:06,3.78,22700,3.78,U
sh600758,辽宁能源,2025-09-29 13:54:45,3.79,27600,3.79,U
sh600758,辽宁能源,2025-09-29 13:55:33,3.79,31400,3.79,U
sh600758,辽宁能源,2025-09-29 13:55:36,3.79,128900,3.79,U
sh600758,辽宁能源,2025-09-29 13:55:39,3.79,39800,3.79,D
sh600758,辽宁能源,2025-09-29 13:55:51,3.8,23900,3.79,U
sh600758,辽宁能源,2025-09-29 13:57:54,3.79,28000,3.8,D
sh600758,辽宁能源,2025-09-29 13:58:06,3.8,22400,3.79,U
sh600758,辽宁能源,2025-09-29 14:07:36,3.79,36300,3.8,D
sh600758,辽宁能源,2025-09-29 14:08:30,3.79,254800,3.79,D
sh600758,辽宁能源,2025-09-29 14:09:39,3.79,55600,3.79,U
sh600758,辽宁能源,2025-09-29 14:10:45,3.79,20400,3.79,U
sh600758,辽宁能源,2025-09-29 14:10:48,3.79,20300,3.79,U
sh600758,辽宁能源,2025-09-29 14:12:30,3.79,33700,3.78,U
sh600758,辽宁能源,2025-09-29 14:12:54,3.8,47100,3.79,U
sh600758,辽宁能源,2025-09-29 14:13:12,3.8,65600,3.8,U
sh600758,辽宁能源,2025-09-29 14:14:39,3.8,130800,3.79,U
sh600758,辽宁能源,2025-09-29 14:21:33,3.79,49400,3.78,U
sh600758,辽宁能源,2025-09-29 14:29:42,3.8,101100,3.79,U
sh600758,辽宁能源,2025-09-29 14:29:45,3.8,20000,3.8,U
sh600758,辽宁能源,2025-09-29 14:29:48,3.8,56900,3.8,U
sh600758,辽宁能源,2025-09-29 14:30:39,3.8,30400,3.8,D
sh600758,辽宁能源,2025-09-29 14:34:03,3.79,23600,3.79,D
sh600758,辽宁能源,2025-09-29 14:34:45,3.79,35400,3.8,D
sh600758,辽宁能源,2025-09-29 14:35:39,3.8,20000,3.8,U
sh600758,辽宁能源,2025-09-29 14:45:33,3.8,23200,3.8,U
sh600758,辽宁能源,2025-09-29 14:46:36,3.8,29500,3.79,U
sh600758,辽宁能源,2025-09-29 14:48:03,3.79,125200,3.79,D
sh600758,辽宁能源,2025-09-29 14:49:36,3.8,20200,3.8,U
sh600758,辽宁能源,2025-09-29 14:50:18,3.8,54800,3.8,U
sh600758,辽宁能源,2025-09-29 14:50:36,3.8,39900,3.8,U
sh600758,辽宁能源,2025-09-29 14:51:12,3.8,53100,3.8,U
sh600758,辽宁能源,2025-09-29 14:51:33,3.79,62200,3.8,D
sh600758,辽宁能源,2025-09-29 14:54:00,3.8,22800,3.8,D
sh600758,辽宁能源,2025-09-29 14:54:09,3.8,20400,3.79,U
sh600758,辽宁能源,2025-09-29 14:55:39,3.8,41600,3.8,U
sh600758,辽宁能源,2025-09-29 14:56:12,3.8,70900,3.8,D
sh600758,辽宁能源,2025-09-29 15:00:03,3.8,190500,3.8,U
