symbol,name,ticktime,price,volume,prev_price,kind
sz300008,天海防务,2025-10-22 09:25:00,6.46,346400,0.0,D
sz300008,天海防务,2025-10-22 09:30:00,6.46,390100,6.46,U
sz300008,天海防务,2025-10-22 09:30:03,6.47,182900,6.46,U
sz300008,天海防务,2025-10-22 09:30:06,6.48,71200,6.47,U
sz300008,天海防务,2025-10-22 09:30:09,6.48,23800,6.48,D
sz300008,天海防务,2025-10-22 09:30:12,6.48,33300,6.48,D
sz300008,天海防务,2025-10-22 09:30:15,6.46,22700,6.48,D
sz300008,天海防务,2025-10-22 09:30:30,6.47,25300,6.47,D
sz300008,天海防务,2025-10-22 09:30:36,6.46,63100,6.47,D
sz300008,天海防务,2025-10-22 09:30:39,6.46,28200,6.46,U
sz300008,天海防务,2025-10-22 09:30:42,6.46,48800,6.46,U
sz300008,天海防务,2025-10-22 09:30:45,6.46,193000,6.46,U
sz300008,天海防务,2025-10-22 09:30:48,6.46,105500,6.46,U
sz300008,天海防务,2025-10-22 09:30:51,6.45,33900,6.46,D
sz300008,天海防务,2025-10-22 09:30:54,6.46,51600,6.45,U
sz300008,天海防务,2025-10-22 09:30:57,6.44,42800,6.46,D
sz300008,天海防务,2025-10-22 09:31:00,6.45,36600,6.44,D
sz300008,天海防务,2025-10-22 09:31:06,6.45,33200,6.45,D
sz300008,天海防务,2025-10-22 09:31:09,6.45,45300,6.45,U
sz300008,天海防务,2025-10-22 09:31:15,6.46,22100,6.45,U
sz300008,天海防务,2025-10-22 09:31:18,6.47,46600,6.46,U
sz300008,天海防务,2025-10-22 09:31:27,6.47,21300,6.47,U
sz300008,天海防务,2025-10-22 09:31:33,6.48,52900,6.48,U
sz300008,天海防务,2025-10-22 09:31:48,6.47,21600,6.47,D
sz300008,天海防务,2025-10-22 09:31:51,6.48,23500,6.47,U
sz300008,天海防务,2025-10-22 09:31:57,6.48,28900,6.48,D
sz300008,天海防务,2025-10-22 09:32:12,6.49,47800,6.49,U
sz300008,天海防务,2025-10-22 09:32:15,6.48,23400,6.49,D
sz300008,天海防务,2025-10-22 09:32:36,6.48,21900,6.48,D
sz300008,天海防务,2025-10-22 09:32:39,6.48,102200,6.48,D
sz300008,天海防务,2025-10-22 09:32:42,6.48,49100,6.48,U
sz300008,天海防务,2025-10-22 09:32:45,6.48,45500,6.48,D
sz300008,天海防务,2025-10-22 09:32:48,6.48,22300,6.48,U
sz300008,天海防务,2025-10-22 09:32:51,6.48,125900,6.48,U
sz300008,天海防务,2025-10-22 09:32:54,6.48,20000,6.48,D
sz300008,天海防务,2025-10-22 09:33:09,6.47,80400,6.49,D
sz300008,天海防务,2025-10-22 09:33:18,6.47,53700,6.48,D
sz300008,天海防务,2025-10-22 09:33:30,6.47,21100,6.47,D
sz300008,天海防务,2025-10-22 09:33:33,6.47,21700,6.47,D
sz300008,天海防务,2025-10-22 09:33:39,6.48,59500,6.47,U
sz300008,天海防务,2025-10-22 09:33:42,6.48,40900,6.48,U
sz300008,天海防务,2025-10-22 09:33:51,6.47,20100,6.48,D
sz300008,天海防务,2025-10-22 09:33:57,6.48,47800,6.48,U
sz300008,天海防务,2025-10-22 09:34:00,6.47,20400,6.48,D
sz300008,天海防务,2025-10-22 09:34:15,6.48,44700,6.49,D
sz300008,天海防务,2025-10-22 09:34:33,6.47,30500,6.47,D
sz300008,天海防务,2025-10-22 09:34:39,6.47,61900,6.47,D
sz300008,天海防务,2025-10-22 09:34:42,6.48,65200,6.47,U
sz300008,天海防务,2025-10-22 09:34:45,6.48,23400,6.48,U
sz300008,天海防务,2025-10-22 09:34:51,6.48,70000,6.48,D
sz300008,天海防务,2025-10-22 09:34:54,6.48,218100,6.48,D
sz300008,天海防务,2025-10-22 09:34:57,6.48,85800,6.48,U
sz300008,天海防务,2025-10-22 09:35:00,6.48,44600,6.48,U
sz300008,天海防务,2025-10-22 09:35:03,6.49,52900,6.48,U
sz300008,天海防务,2025-10-22 09:35:06,6.48,22800,6.49,D
sz300008,天海防务,2025-10-22 09:35:18,6.49,51500,6.49,D
sz300008,天海防务,2025-10-22 09:35:36,6.51,38200,6.51,U
sz300008,天海防务,2025-10-22 09:35:39,6.5,22000,6.51,D
sz300008,天海防务,2025-10-22 09:36:03,6.5,61300,6.51,D
sz300008,天海防务,2025-10-22 09:36:18,6.5,42900,6.5,U
sz300008,天海防务,2025-10-22 09:36:21,6.49,219700,6.5,D
sz300008,天海防务,2025-10-22 09:36:27,6.49,73500,6.48,U
sz300008,天海防务,2025-10-22 09:36:30,6.48,94900,6.49,D
sz300008,天海防务,2025-10-22 09:36:33,6.48,29500,6.48,D
sz300008,天海防务,2025-10-22 09:36:36,6.49,31800,6.48,U
sz300008,天海防务,2025-10-22 09:36:42,6.49,36600,6.48,U
sz300008,天海防务,2025-10-22 09:36:57,6.49,58000,6.49,D
sz300008,天海防务,2025-10-22 09:37:09,6.49,402600,6.49,D
sz300008,天海防务,2025-10-22 09:37:12,6.49,49600,6.49,D
sz300008,天海防务,2025-10-22 09:37:27,6.48,35300,6.48,D
sz300008,天海防务,2025-10-22 09:37:42,6.47,30500,6.47,D
sz300008,天海防务,2025-10-22 09:37:48,6.47,153100,6.47,D
sz300008,天海防务,2025-10-22 09:37:57,6.47,103100,6.47,D
sz300008,天海防务,2025-10-22 09:38:03,6.47,74000,6.47,D
sz300008,天海防务,2025-10-22 09:38:12,6.46,29100,6.47,D
sz300008,天海防务,2025-10-22 09:38:18,6.47,24300,6.47,U
sz300008,天海防务,2025-10-22 09:38:21,6.46,27000,6.47,D
sz300008,天海防务,2025-10-22 09:38:33,6.47,22200,6.46,U
sz300008,天海防务,2025-10-22 09:38:57,6.46,29100,6.46,D
sz300008,天海防务,2025-10-22 09:39:00,6.47,147700,6.46,U
sz300008,天海防务,2025-10-22 09:39:12,6.47,21800,6.48,D
sz300008,天海防务,2025-10-22 09:39:24,6.48,77400,6.47,U
sz300008,天海防务,2025-10-22 09:39:39,6.47,52700,6.48,D
sz300008,天海防务,2025-10-22 09:40:00,6.47,23600,6.48,D
sz300008,天海防务,2025-10-22 09:40:06,6.47,20400,6.47,U
sz300008,天海防务,2025-10-22 09:40:12,6.46,329100,6.47,D
sz300008,天海防务,2025-10-22 09:40:18,6.46,20000,6.46,D
sz300008,天海防务,2025-10-22 09:40:27,6.46,21600,6.46,D
sz300008,天海防务,2025-10-22 09:40:36,6.46,165700,6.46,D
sz300008,天海防务,2025-10-22 09:40:39,6.47,195600,6.46,U
sz300008,天海防务,2025-10-22 09:40:54,6.46,201400,6.46,D
sz300008,天海防务,2025-10-22 09:41:03,6.46,100800,6.46,U
sz300008,天海防务,2025-10-22 09:41:09,6.46,60600,6.46,D
sz300008,天海防务,2025-10-22 09:41:12,6.47,90400,6.46,U
sz300008,天海防务,2025-10-22 09:41:15,6.47,162200,6.47,U
sz300008,天海防务,2025-10-22 09:41:18,6.47,72400,6.47,D
sz300008,天海防务,2025-10-22 09:41:21,6.47,21400,6.47,D
sz300008,天海防务,2025-10-22 09:41:54,6.47,27800,6.47,U
sz300008,天海防务,2025-10-22 09:42:06,6.46,29000,6.46,D
sz300008,天海防务,2025-10-22 09:42:24,6.46,167200,6.47,D
sz300008,天海防务,2025-10-22 09:42:27,6.46,21700,6.46,D
sz300008,天海防务,2025-10-22 09:42:30,6.47,77900,6.46,U
sz300008,天海防务,2025-10-22 09:42:39,6.46,32500,6.46,D
sz300008,天海防务,2025-10-22 09:42:42,6.46,118000,6.46,D
sz300008,天海防务,2025-10-22 09:42:45,6.47,36600,6.46,U
sz300008,天海防务,2025-10-22 09:43:27,6.46,67400,6.46,D
sz300008,天海防务,2025-10-22 09:43:33,6.47,20800,6.46,U
sz300008,天海防务,2025-10-22 09:43:45,6.46,28400,6.47,D
sz300008,天海防务,2025-10-22 09:44:00,6.48,192300,6.46,U
sz300008,天海防务,2025-10-22 09:44:30,6.47,20700,6.47,D
sz300008,天海防务,2025-10-22 09:44:45,6.47,48400,6.47,D
sz300008,天海防务,2025-10-22 09:44:51,6.48,29200,6.47,U
sz300008,天海防务,2025-10-22 09:44:54,6.46,25900,6.48,D
sz300008,天海防务,2025-10-22 09:45:12,6.47,33400,6.47,D
sz300008,天海防务,2025-10-22 09:45:15,6.47,26000,6.47,U
sz300008,天海防务,2025-10-22 09:45:21,6.46,22000,6.46,D
sz300008,天海防务,2025-10-22 09:45:36,6.46,32600,6.46,D
sz300008,天海防务,2025-10-22 09:45:39,6.46,25600,6.46,D
sz300008,天海防务,2025-10-22 09:45:45,6.46,36400,6.47,D
sz300008,天海防务,2025-10-22 09:46:06,6.46,26000,6.46,D
sz300008,天海防务,2025-10-22 09:46:21,6.46,44900,6.46,D
sz300008,天海防务,2025-10-22 09:46:24,6.46,34300,6.46,D
sz300008,天海防务,2025-10-22 09:46:27,6.47,111700,6.46,U
sz300008,天海防务,2025-10-22 09:46:30,6.47,57800,6.47,U
sz300008,天海防务,2025-10-22 09:46:33,6.46,42200,6.47,D
sz300008,天海防务,2025-10-22 09:47:00,6.47,92800,6.47,U
sz300008,天海防务,2025-10-22 09:47:30,6.47,20000,6.47,D
sz300008,天海防务,2025-10-22 09:47:36,6.48,53000,6.48,U
sz300008,天海防务,2025-10-22 09:47:39,6.48,72500,6.48,U
sz300008,天海防务,2025-10-22 09:48:18,6.48,24900,6.48,D
sz300008,天海防务,2025-10-22 09:48:39,6.48,191400,6.48,D
sz300008,天海防务,2025-10-22 09:49:12,6.48,36700,6.48,D
sz300008,天海防务,2025-10-22 09:49:42,6.48,43400,6.47,U
sz300008,天海防务,2025-10-22 09:50:33,6.47,52200,6.47,D
sz300008,天海防务,2025-10-22 09:50:54,6.47,141700,6.48,D
sz300008,天海防务,2025-10-22 09:51:27,6.46,305400,6.47,D
sz300008,天海防务,2025-10-22 09:51:30,6.46,38800,6.46,D
sz300008,天海防务,2025-10-22 09:51:45,6.46,20900,6.47,D
sz300008,天海防务,2025-10-22 09:52:21,6.46,50500,6.46,D
sz300008,天海防务,2025-10-22 09:52:27,6.46,23000,6.46,D
sz300008,天海防务,2025-10-22 09:52:39,6.46,27900,6.46,D
sz300008,天海防务,2025-10-22 09:52:54,6.46,202000,6.46,D
sz300008,天海防务,2025-10-22 09:52:57,6.46,90318,6.46,U
sz300008,天海防务,2025-10-22 09:53:00,6.46,71400,6.46,D
sz300008,天海防务,2025-10-22 09:53:03,6.45,22000,6.46,D
sz300008,天海防务,2025-10-22 09:53:39,6.47,21300,6.47,U
sz300008,天海防务,2025-10-22 09:53:42,6.47,126900,6.47,U
sz300008,天海防务,2025-10-22 09:53:45,6.47,34600,6.47,D
sz300008,天海防务,2025-10-22 09:54:54,6.47,24300,6.48,D
sz300008,天海防务,2025-10-22 09:55:06,6.47,23400,6.47,D
sz300008,天海防务,2025-10-22 09:55:42,6.48,31200,6.47,U
sz300008,天海防务,2025-10-22 09:55:48,6.47,50400,6.47,D
sz300008,天海防务,2025-10-22 09:55:51,6.47,21600,6.47,D
sz300008,天海防务,2025-10-22 09:56:00,6.47,23100,6.47,U
sz300008,天海防务,2025-10-22 09:57:30,6.47,59000,6.47,U
sz300008,天海防务,2025-10-22 09:57:33,6.47,33100,6.47,U
sz300008,天海防务,2025-10-22 09:59:03,6.47,77100,6.47,U
sz300008,天海防务,2025-10-22 09:59:06,6.46,105600,6.47,D
sz300008,天海防务,2025-10-22 09:59:51,6.46,36100,6.46,D
sz300008,天海防务,2025-10-22 10:00:00,6.46,52000,6.46,D
sz300008,天海防务,2025-10-22 10:00:03,6.46,455700,6.46,D
sz300008,天海防务,2025-10-22 10:00:12,6.45,26700,6.45,D
sz300008,天海防务,2025-10-22 10:00:21,6.45,26400,6.45,D
sz300008,天海防务,2025-10-22 10:00:24,6.45,40500,6.45,D
sz300008,天海防务,2025-10-22 10:00:30,6.45,24100,6.45,D
sz300008,天海防务,2025-10-22 10:00:33,6.45,22400,6.45,D
sz300008,天海防务,2025-10-22 10:00:54,6.46,20400,6.45,U
sz300008,天海防务,2025-10-22 10:01:00,6.46,34500,6.45,U
sz300008,天海防务,2025-10-22 10:01:03,6.46,209000,6.46,U
sz300008,天海防务,2025-10-22 10:01:09,6.45,41900,6.47,D
sz300008,天海防务,2025-10-22 10:01:12,6.46,94600,6.45,D
sz300008,天海防务,2025-10-22 10:01:36,6.46,59500,6.46,D
sz300008,天海防务,2025-10-22 10:02:24,6.47,231900,6.46,U
sz300008,天海防务,2025-10-22 10:02:57,6.47,94500,6.46,U
sz300008,天海防务,2025-10-22 10:03:12,6.47,41000,6.47,D
sz300008,天海防务,2025-10-22 10:03:42,6.47,161000,6.47,D
sz300008,天海防务,2025-10-22 10:03:45,6.47,51900,6.47,U
sz300008,天海防务,2025-10-22 10:03:48,6.47,23800,6.47,U
sz300008,天海防务,2025-10-22 10:03:51,6.47,85700,6.47,U
sz300008,天海防务,2025-10-22 10:04:03,6.47,61800,6.47,D
sz300008,天海防务,2025-10-22 10:04:18,6.46,39200,6.47,D
sz300008,天海防务,2025-10-22 10:05:06,6.46,100600,6.46,D
sz300008,天海防务,2025-10-22 10:05:54,6.47,22200,6.47,U
sz300008,天海防务,2025-10-22 10:06:06,6.47,130600,6.46,U
sz300008,天海防务,2025-10-22 10:06:39,6.47,50000,6.47,D
sz300008,天海防务,2025-10-22 10:06:57,6.47,28100,6.48,D
sz300008,天海防务,2025-10-22 10:07:09,6.48,28600,6.48,U
sz300008,天海防务,2025-10-22 10:07:48,6.47,21400,6.47,D
sz300008,天海防务,2025-10-22 10:07:54,6.47,51400,6.47,D
sz300008,天海防务,2025-10-22 10:08:21,6.48,78200,6.48,U
sz300008,天海防务,2025-10-22 10:08:24,6.48,92900,6.48,U
sz300008,天海防务,2025-10-22 10:08:42,6.48,33700,6.48,D
sz300008,天海防务,2025-10-22 10:09:24,6.47,41500,6.47,D
sz300008,天海防务,2025-10-22 10:09:42,6.47,163400,6.47,D
sz300008,天海防务,2025-10-22 10:10:48,6.47,21500,6.47,U
sz300008,天海防务,2025-10-22 10:10:51,6.46,27900,6.47,D
sz300008,天海防务,2025-10-22 10:11:27,6.46,40800,6.47,D
sz300008,天海防务,2025-10-22 10:11:45,6.46,47200,6.47,D
sz300008,天海防务,2025-10-22 10:13:12,6.47,61500,6.46,U
sz300008,天海防务,2025-10-22 10:14:39,6.47,22800,6.46,U
sz300008,天海防务,2025-10-22 10:14:42,6.47,136800,6.47,U
sz300008,天海防务,2025-10-22 10:15:18,6.47,47000,6.47,D
sz300008,天海防务,2025-10-22 10:15:27,6.48,20600,6.47,U
sz300008,天海防务,2025-10-22 10:17:33,6.47,30200,6.48,D
sz300008,天海防务,2025-10-22 10:17:36,6.48,83700,6.47,U
sz300008,天海防务,2025-10-22 10:17:48,6.48,104700,6.48,U
sz300008,天海防务,2025-10-22 10:18:27,6.48,21800,6.47,U
sz300008,天海防务,2025-10-22 10:21:00,6.47,148300,6.48,D
sz300008,天海防务,2025-10-22 10:21:42,6.47,31100,6.48,D
sz300008,天海防务,2025-10-22 10:22:48,6.48,28000,6.47,U
sz300008,天海防务,2025-10-22 10:23:24,6.48,34400,6.47,U
sz300008,天海防务,2025-10-22 10:23:42,6.48,42500,6.47,U
sz300008,天海防务,2025-10-22 10:23:48,6.47,20800,6.47,D
sz300008,天海防务,2025-10-22 10:24:36,6.48,20000,6.48,U
sz300008,天海防务,2025-10-22 10:25:24,6.48,20300,6.48,U
sz300008,天海防务,2025-10-22 10:25:27,6.48,23200,6.48,U
sz300008,天海防务,2025-10-22 10:26:09,6.49,26000,6.48,U
sz300008,天海防务,2025-10-22 10:31:36,6.49,21300,6.49,U
sz300008,天海防务,2025-10-22 10:31:51,6.48,34400,6.49,D
sz300008,天海防务,2025-10-22 10:32:03,6.48,49700,6.49,D
sz300008,天海防务,2025-10-22 10:32:06,6.48,269800,6.48,D
sz300008,天海防务,2025-10-22 10:34:33,6.48,36400,6.47,U
sz300008,天海防务,2025-10-22 10:35:03,6.47,23000,6.47,D
sz300008,天海防务,2025-10-22 10:37:57,6.47,189000,6.47,D
sz300008,天海防务,2025-10-22 10:38:03,6.47,235000,6.47,D
sz300008,天海防务,2025-10-22 10:40:00,6.46,988800,6.46,D
sz300008,天海防务,2025-10-22 10:40:27,6.45,23500,6.46,D
sz300008,天海防务,2025-10-22 10:40:54,6.45,93800,6.45,D
sz300008,天海防务,2025-10-22 10:41:24,6.45,70100,6.45,D
sz300008,天海防务,2025-10-22 10:42:48,6.46,51400,6.45,U
sz300008,天海防务,2025-10-22 10:42:51,6.46,43500,6.46,U
sz300008,天海防务,2025-10-22 10:42:54,6.46,43800,6.46,U
sz300008,天海防务,2025-10-22 10:43:45,6.45,20500,6.45,D
sz300008,天海防务,2025-10-22 10:44:09,6.46,30700,6.46,U
sz300008,天海防务,2025-10-22 10:44:33,6.46,25700,6.45,U
sz300008,天海防务,2025-10-22 10:44:36,6.46,22300,6.46,U
sz300008,天海防务,2025-10-22 10:44:57,6.46,94200,6.45,U
sz300008,天海防务,2025-10-22 10:45:12,6.46,61400,6.45,U
sz300008,天海防务,2025-10-22 10:46:39,6.45,37000,6.46,D
sz300008,天海防务,2025-10-22 10:47:12,6.45,61100,6.45,D
sz300008,天海防务,2025-10-22 10:49:21,6.45,22500,6.46,D
sz300008,天海防务,2025-10-22 10:50:24,6.45,34800,6.45,D
sz300008,天海防务,2025-10-22 10:51:12,6.45,45200,6.45,D
sz300008,天海防务,2025-10-22 10:51:30,6.46,66700,6.46,U
sz300008,天海防务,2025-10-22 10:51:33,6.45,34400,6.46,D
sz300008,天海防务,2025-10-22 10:51:51,6.45,933400,6.45,D
sz300008,天海防务,2025-10-22 10:52:15,6.45,237100,6.45,U
sz300008,天海防务,2025-10-22 10:52:18,6.45,26600,6.45,D
sz300008,天海防务,2025-10-22 10:52:24,6.45,24000,6.45,D
sz300008,天海防务,2025-10-22 10:52:45,6.45,76100,6.46,D
sz300008,天海防务,2025-10-22 10:53:00,6.45,39000,6.45,D
sz300008,天海防务,2025-10-22 10:53:06,6.45,169600,6.45,D
sz300008,天海防务,2025-10-22 10:53:24,6.46,634200,6.46,U
sz300008,天海防务,2025-10-22 10:53:27,6.46,280200,6.46,D
sz300008,天海防务,2025-10-22 10:57:21,6.46,59500,6.45,U
sz300008,天海防务,2025-10-22 10:59:09,6.45,54500,6.45,D
sz300008,天海防务,2025-10-22 10:59:36,6.45,29100,6.46,D
sz300008,天海防务,2025-10-22 10:59:39,6.45,24700,6.45,D
sz300008,天海防务,2025-10-22 10:59:45,6.45,20600,6.45,D
sz300008,天海防务,2025-10-22 11:00:09,6.46,37100,6.45,U
sz300008,天海防务,2025-10-22 11:00:18,6.45,30300,6.45,D
sz300008,天海防务,2025-10-22 11:00:45,6.45,30000,6.45,U
sz300008,天海防务,2025-10-22 11:02:12,6.44,30000,6.45,D
sz300008,天海防务,2025-10-22 11:02:42,6.44,30500,6.44,D
sz300008,天海防务,2025-10-22 11:05:00,6.44,25900,6.44,D
sz300008,天海防务,2025-10-22 11:06:00,6.44,23700,6.44,D
sz300008,天海防务,2025-10-22 11:09:45,6.45,20000,6.45,U
sz300008,天海防务,2025-10-22 11:11:57,6.45,65100,6.45,U
sz300008,天海防务,2025-10-22 11:12:00,6.45,41700,6.45,U
sz300008,天海防务,2025-10-22 11:12:06,6.45,20800,6.45,D
sz300008,天海防务,2025-10-22 11:14:21,6.45,20000,6.45,D
sz300008,天海防务,2025-10-22 11:15:36,6.45,24900,6.45,D
sz300008,天海防务,2025-10-22 11:15:39,6.45,31200,6.45,D
sz300008,天海防务,2025-10-22 11:16:09,6.45,48200,6.45,D
sz300008,天海防务,2025-10-22 11:19:06,6.45,143500,6.45,D
sz300008,天海防务,2025-10-22 11:20:27,6.44,25600,6.44,D
sz300008,天海防务,2025-10-22 11:21:09,6.45,29300,6.45,U
sz300008,天海防务,2025-10-22 11:21:51,6.44,30900,6.44,D
sz300008,天海防务,2025-10-22 11:22:00,6.44,70900,6.45,D
sz300008,天海防务,2025-10-22 11:23:06,6.45,250800,6.45,U
sz300008,天海防务,2025-10-22 11:23:39,6.46,38300,6.46,U
sz300008,天海防务,2025-10-22 11:28:27,6.45,52500,6.45,D
sz300008,天海防务,2025-10-22 11:29:18,6.44,41700,6.45,D
sz300008,天海防务,2025-10-22 11:29:24,6.44,34100,6.44,D
sz300008,天海防务,2025-10-22 11:30:00,6.44,20900,6.45,D
sz300008,天海防务,2025-10-22 13:00:00,6.45,188600,6.44,U
sz300008,天海防务,2025-10-22 13:00:03,6.45,37600,6.45,U
sz300008,天海防务,2025-10-22 13:01:09,6.45,126100,6.45,U
sz300008,天海防务,2025-10-22 13:02:15,6.45,20300,6.45,D
sz300008,天海防务,2025-10-22 13:02:30,6.45,26400,6.45,U
sz300008,天海防务,2025-10-22 13:02:54,6.45,29500,6.45,D
sz300008,天海防务,2025-10-22 13:03:12,6.45,110400,6.46,D
sz300008,天海防务,2025-10-22 13:03:18,6.46,110000,6.45,U
sz300008,天海防务,2025-10-22 13:04:39,6.46,28500,6.46,D
sz300008,天海防务,2025-10-22 13:06:27,6.47,39000,6.46,U
sz300008,天海防务,2025-10-22 13:06:30,6.47,495800,6.47,U
sz300008,天海防务,2025-10-22 13:06:45,6.47,20800,6.47,D
sz300008,天海防务,2025-10-22 13:07:00,6.47,67600,6.48,D
sz300008,天海防务,2025-10-22 13:07:39,6.47,87400,6.47,D
sz300008,天海防务,2025-10-22 13:10:21,6.47,122200,6.47,U
sz300008,天海防务,2025-10-22 13:11:51,6.46,20000,6.47,D
sz300008,天海防务,2025-10-22 13:13:12,6.47,22400,6.47,U
sz300008,天海防务,2025-10-22 13:15:24,6.46,47800,6.46,D
sz300008,天海防务,2025-10-22 13:15:45,6.46,20900,6.46,D
sz300008,天海防务,2025-10-22 13:16:12,6.47,77600,6.47,U
sz300008,天海防务,2025-10-22 13:16:27,6.47,21600,6.47,U
sz300008,天海防务,2025-10-22 13:16:39,6.47,305300,6.47,U
sz300008,天海防务,2025-10-22 13:17:21,6.47,30800,6.47,U
sz300008,天海防务,2025-10-22 13:19:00,6.46,28800,6.47,D
sz300008,天海防务,2025-10-22 13:19:12,6.48,108300,6.47,U
sz300008,天海防务,2025-10-22 13:19:48,6.48,27100,6.48,U
sz300008,天海防务,2025-10-22 13:21:57,6.47,40900,6.47,D
sz300008,天海防务,2025-10-22 13:22:30,6.47,28400,6.47,D
sz300008,天海防务,2025-10-22 13:23:48,6.47,85400,6.48,D
sz300008,天海防务,2025-10-22 13:26:18,6.48,21900,6.47,U
sz300008,天海防务,2025-10-22 13:27:15,6.48,33400,6.47,U
sz300008,天海防务,2025-10-22 13:27:42,6.48,423500,6.48,U
sz300008,天海防务,2025-10-22 13:28:27,6.48,41300,6.49,D
sz300008,天海防务,2025-10-22 13:29:00,6.48,20100,6.48,E
sz300008,天海防务,2025-10-22 13:29:33,6.48,22100,6.48,D
sz300008,天海防务,2025-10-22 13:32:36,6.47,54600,6.48,D
sz300008,天海防务,2025-10-22 13:34:12,6.48,36400,6.48,U
sz300008,天海防务,2025-10-22 13:34:27,6.48,39500,6.48,U
sz300008,天海防务,2025-10-22 13:37:12,6.47,22800,6.47,D
sz300008,天海防务,2025-10-22 13:38:21,6.46,302100,6.48,D
sz300008,天海防务,2025-10-22 13:42:12,6.46,49500,6.46,D
sz300008,天海防务,2025-10-22 13:42:45,6.46,25100,6.47,D
sz300008,天海防务,2025-10-22 13:42:48,6.46,21000,6.46,D
sz300008,天海防务,2025-10-22 13:42:54,6.46,21800,6.46,D
sz300008,天海防务,2025-10-22 13:43:06,6.45,69700,6.46,D
sz300008,天海防务,2025-10-22 13:43:33,6.45,61000,6.46,D
sz300008,天海防务,2025-10-22 13:44:09,6.45,54600,6.46,D
sz300008,天海防务,2025-10-22 13:45:15,6.45,250300,6.46,D
sz300008,天海防务,2025-10-22 13:45:21,6.45,36300,6.45,D
sz300008,天海防务,2025-10-22 13:45:24,6.45,22500,6.45,D
sz300008,天海防务,2025-10-22 13:45:30,6.45,31124,6.45,D
sz300008,天海防务,2025-10-22 13:45:57,6.45,103400,6.45,D
sz300008,天海防务,2025-10-22 13:46:03,6.45,107400,6.45,D
sz300008,天海防务,2025-10-22 13:46:24,6.45,40000,6.45,D
sz300008,天海防务,2025-10-22 13:46:51,6.45,52600,6.45,D
sz300008,天海防务,2025-10-22 13:47:36,6.45,22000,6.46,D
sz300008,天海防务,2025-10-22 13:49:54,6.46,34500,6.46,U
sz300008,天海防务,2025-10-22 13:51:03,6.46,122700,6.46,U
sz300008,天海防务,2025-10-22 13:53:36,6.47,21300,6.46,U
sz300008,天海防务,2025-10-22 13:55:18,6.47,36100,6.46,U
sz300008,天海防务,2025-10-22 13:55:27,6.47,90000,6.47,U
sz300008,天海防务,2025-10-22 13:55:30,6.47,154400,6.47,U
sz300008,天海防务,2025-10-22 13:59:57,6.46,239900,6.46,D
sz300008,天海防务,2025-10-22 14:00:06,6.46,33500,6.46,U
sz300008,天海防务,2025-10-22 14:00:36,6.45,23400,6.46,D
sz300008,天海防务,2025-10-22 14:00:51,6.45,110600,6.45,D
sz300008,天海防务,2025-10-22 14:02:39,6.46,22300,6.46,U
sz300008,天海防务,2025-10-22 14:04:03,6.46,36600,6.46,U
sz300008,天海防务,2025-10-22 14:04:39,6.45,53500,6.45,D
sz300008,天海防务,2025-10-22 14:05:06,6.45,24300,6.45,D
sz300008,天海防务,2025-10-22 14:06:24,6.46,20000,6.45,U
sz300008,天海防务,2025-10-22 14:07:03,6.46,51000,6.45,U
sz300008,天海防务,2025-10-22 14:07:12,6.47,122500,6.46,U
sz300008,天海防务,2025-10-22 14:07:15,6.46,76000,6.47,D
sz300008,天海防务,2025-10-22 14:07:21,6.46,21600,6.46,U
sz300008,天海防务,2025-10-22 14:09:06,6.46,96200,6.46,D
sz300008,天海防务,2025-10-22 14:10:39,6.45,40200,6.46,D
sz300008,天海防务,2025-10-22 14:12:36,6.46,30000,6.46,U
sz300008,天海防务,2025-10-22 14:13:36,6.46,50200,6.46,U
sz300008,天海防务,2025-10-22 14:14:12,6.47,22000,6.47,U
sz300008,天海防务,2025-10-22 14:15:54,6.46,107700,6.47,D
sz300008,天海防务,2025-10-22 14:28:03,6.46,57900,6.45,U
sz300008,天海防务,2025-10-22 14:29:18,6.46,36600,6.46,U
sz300008,天海防务,2025-10-22 14:30:09,6.47,333800,6.46,U
sz300008,天海防务,2025-10-22 14:31:39,6.45,217200,6.47,D
sz300008,天海防务,2025-10-22 14:32:33,6.46,30000,6.45,U
sz300008,天海防务,2025-10-22 14:32:36,6.46,45800,6.46,U
sz300008,天海防务,2025-10-22 14:32:57,6.45,30900,6.46,D
sz300008,天海防务,2025-10-22 14:33:36,6.45,50100,6.46,D
sz300008,天海防务,2025-10-22 14:35:21,6.46,31400,6.45,U
sz300008,天海防务,2025-10-22 14:35:39,6.46,20100,6.45,U
sz300008,天海防务,2025-10-22 14:39:00,6.46,186200,6.45,U
sz300008,天海防务,2025-10-22 14:39:51,6.46,53400,6.46,U
sz300008,天海防务,2025-10-22 14:40:03,6.46,37500,6.46,U
sz300008,天海防务,2025-10-22 14:40:06,6.46,22100,6.46,U
sz300008,天海防务,2025-10-22 14:40:18,6.46,31100,6.46,D
sz300008,天海防务,2025-10-22 14:40:21,6.46,26900,6.46,D
sz300008,天海防务,2025-10-22 14:40:27,6.46,29900,6.46,D
sz300008,天海防务,2025-10-22 14:41:18,6.46,81300,6.46,D
sz300008,天海防务,2025-10-22 14:41:36,6.45,32200,6.46,D
sz300008,天海防务,2025-10-22 14:42:09,6.45,74400,6.45,D
sz300008,天海防务,2025-10-22 14:42:15,6.46,22500,6.45,U
sz300008,天海防务,2025-10-22 14:42:48,6.45,32300,6.46,D
sz300008,天海防务,2025-10-22 14:43:00,6.46,34100,6.46,U
sz300008,天海防务,2025-10-22 14:44:33,6.46,22300,6.46,U
sz300008,天海防务,2025-10-22 14:44:36,6.46,20900,6.46,U
sz300008,天海防务,2025-10-22 14:46:00,6.45,55800,6.45,D
sz300008,天海防务,2025-10-22 14:46:24,6.45,36000,6.45,D
sz300008,天海防务,2025-10-22 14:46:45,6.46,128200,6.46,U
sz300008,天海防务,2025-10-22 14:47:03,6.46,49500,6.46,U
sz300008,天海防务,2025-10-22 14:47:48,6.46,26100,6.46,D
sz300008,天海防务,2025-10-22 14:49:15,6.47,51800,6.46,U
sz300008,天海防务,2025-10-22 14:49:18,6.47,150900,6.47,U
sz300008,天海防务,2025-10-22 14:49:48,6.46,47800,6.46,D
sz300008,天海防务,2025-10-22 14:50:21,6.46,148500,6.47,D
sz300008,天海防务,2025-10-22 14:51:09,6.46,40700,6.46,D
sz300008,天海防务,2025-10-22 14:52:27,6.47,135700,6.46,U
sz300008,天海防务,2025-10-22 14:52:36,6.46,37600,6.46,D
sz300008,天海防务,2025-10-22 14:52:42,6.47,70686,6.46,U
sz300008,天海防务,2025-10-22 14:53:06,6.47,35400,6.46,U
sz300008,天海防务,2025-10-22 14:53:15,6.46,38500,6.47,D
sz300008,天海防务,2025-10-22 14:53:18,6.47,29900,6.46,U
sz300008,天海防务,2025-10-22 14:53:33,6.47,63900,6.47,U
sz300008,天海防务,2025-10-22 14:53:36,6.47,26400,6.47,U
sz300008,天海防务,2025-10-22 14:53:51,6.46,20000,6.46,D
sz300008,天海防务,2025-10-22 14:54:27,6.46,71000,6.46,D
sz300008,天海防务,2025-10-22 14:54:30,6.47,48100,6.46,U
sz300008,天海防务,2025-10-22 14:55:15,6.46,89200,6.46,D
sz300008,天海防务,2025-10-22 14:55:21,6.46,57700,6.46,D
sz300008,天海防务,2025-10-22 14:55:24,6.46,29500,6.46,D
sz300008,天海防务,2025-10-22 14:55:39,6.46,36800,6.46,D
sz300008,天海防务,2025-10-22 14:56:03,6.46,110600,6.46,D
sz300008,天海防务,2025-10-22 14:56:15,6.46,43500,6.45,U
sz300008,天海防务,2025-10-22 14:56:33,6.46,31400,6.47,D
sz300008,天海防务,2025-10-22 14:56:45,6.46,23200,6.47,D
sz300008,天海防务,2025-10-22 14:57:00,6.46,20900,6.46,D
sz300008,天海防务,2025-10-22 15:00:00,6.46,497300,6.46,U
