symbol,name,ticktime,price,volume,prev_price,kind
sz002517,恺英网络,2025-10-14 09:25:00,24.68,102500,0.0,U
sz002517,恺英网络,2025-10-14 09:30:00,24.74,35000,24.68,U
sz002517,恺英网络,2025-10-14 09:30:03,24.78,31900,24.74,U
sz002517,恺英网络,2025-10-14 09:30:06,24.8,27800,24.78,E
sz002517,恺英网络,2025-10-14 09:30:09,24.83,41100,24.8,U
sz002517,恺英网络,2025-10-14 09:30:12,24.8,42200,24.83,D
sz002517,恺英网络,2025-10-14 09:30:15,24.8,49300,24.8,D
sz002517,恺英网络,2025-10-14 09:30:18,24.79,46700,24.8,D
sz002517,恺英网络,2025-10-14 09:30:21,24.75,93700,24.79,D
sz002517,恺英网络,2025-10-14 09:30:24,24.75,46300,24.75,U
sz002517,恺英网络,2025-10-14 09:30:27,24.79,35700,24.75,E
sz002517,恺英网络,2025-10-14 09:30:30,24.7,18800,24.79,D
sz002517,恺英网络,2025-10-14 09:30:33,24.7,17168,24.7,D
sz002517,恺英网络,2025-10-14 09:30:36,24.71,20500,24.7,U
sz002517,恺英网络,2025-10-14 09:30:39,24.77,53600,24.71,U
sz002517,恺英网络,2025-10-14 09:30:42,24.78,17100,24.77,U
sz002517,恺英网络,2025-10-14 09:30:45,24.8,31200,24.78,U
sz002517,恺英网络,2025-10-14 09:30:48,24.86,38500,24.8,U
sz002517,恺英网络,2025-10-14 09:30:51,24.83,16000,24.86,D
sz002517,恺英网络,2025-10-14 09:30:57,24.85,11800,24.86,D
sz002517,恺英网络,2025-10-14 09:31:00,24.89,13300,24.85,U
sz002517,恺英网络,2025-10-14 09:31:03,24.88,86200,24.89,E
sz002517,恺英网络,2025-10-14 09:31:06,24.82,15100,24.88,D
sz002517,恺英网络,2025-10-14 09:31:09,24.88,13300,24.82,U
sz002517,恺英网络,2025-10-14 09:31:12,24.89,13800,24.88,E
sz002517,恺英网络,2025-10-14 09:31:15,24.84,39100,24.89,D
sz002517,恺英网络,2025-10-14 09:31:18,24.83,11200,24.84,D
sz002517,恺英网络,2025-10-14 09:31:21,24.83,29200,24.83,D
sz002517,恺英网络,2025-10-14 09:31:24,24.84,36700,24.83,E
sz002517,恺英网络,2025-10-14 09:31:27,24.9,12800,24.84,U
sz002517,恺英网络,2025-10-14 09:31:30,24.9,17600,24.9,D
sz002517,恺英网络,2025-10-14 09:31:33,24.88,27200,24.9,D
sz002517,恺英网络,2025-10-14 09:31:36,24.88,28900,24.88,E
sz002517,恺英网络,2025-10-14 09:31:39,24.86,29600,24.88,U
sz002517,恺英网络,2025-10-14 09:31:42,24.83,13800,24.86,D
sz002517,恺英网络,2025-10-14 09:31:45,24.83,51800,24.83,D
sz002517,恺英网络,2025-10-14 09:31:48,24.86,27700,24.83,U
sz002517,恺英网络,2025-10-14 09:31:51,24.89,20700,24.86,U
sz002517,恺英网络,2025-10-14 09:31:54,24.9,50000,24.89,U
sz002517,恺英网络,2025-10-14 09:31:57,24.89,15000,24.9,D
sz002517,恺英网络,2025-10-14 09:32:00,24.9,14300,24.89,U
sz002517,恺英网络,2025-10-14 09:32:03,24.9,17000,24.9,E
sz002517,恺英网络,2025-10-14 09:32:12,24.9,36800,24.92,D
sz002517,恺英网络,2025-10-14 09:32:15,24.91,24100,24.9,E
sz002517,恺英网络,2025-10-14 09:32:18,24.9,17100,24.91,D
sz002517,恺英网络,2025-10-14 09:32:21,24.89,39600,24.9,D
sz002517,恺英网络,2025-10-14 09:32:24,24.88,101900,24.89,D
sz002517,恺英网络,2025-10-14 09:32:27,24.86,31400,24.88,D
sz002517,恺英网络,2025-10-14 09:32:30,24.82,76200,24.86,D
sz002517,恺英网络,2025-10-14 09:32:33,24.85,9800,24.82,U
sz002517,恺英网络,2025-10-14 09:32:36,24.82,12000,24.85,D
sz002517,恺英网络,2025-10-14 09:32:39,24.85,18200,24.82,U
sz002517,恺英网络,2025-10-14 09:32:42,24.85,14500,24.85,D
sz002517,恺英网络,2025-10-14 09:32:45,24.85,12800,24.85,U
sz002517,恺英网络,2025-10-14 09:32:54,24.86,18500,24.89,D
sz002517,恺英网络,2025-10-14 09:32:57,24.85,12700,24.86,D
sz002517,恺英网络,2025-10-14 09:33:00,24.84,21200,24.85,D
sz002517,恺英网络,2025-10-14 09:33:03,24.82,28700,24.84,D
sz002517,恺英网络,2025-10-14 09:33:06,24.79,49600,24.82,D
sz002517,恺英网络,2025-10-14 09:33:12,24.79,23300,24.76,E
sz002517,恺英网络,2025-10-14 09:33:15,24.8,11000,24.79,U
sz002517,恺英网络,2025-10-14 09:33:18,24.78,23100,24.8,D
sz002517,恺英网络,2025-10-14 09:33:21,24.78,9800,24.78,D
sz002517,恺英网络,2025-10-14 09:33:27,24.76,8200,24.8,D
sz002517,恺英网络,2025-10-14 09:33:30,24.76,15000,24.76,D
sz002517,恺英网络,2025-10-14 09:33:33,24.78,11800,24.76,E
sz002517,恺英网络,2025-10-14 09:33:42,24.79,37200,24.78,U
sz002517,恺英网络,2025-10-14 09:33:45,24.79,10400,24.79,U
sz002517,恺英网络,2025-10-14 09:33:48,24.78,8900,24.79,U
sz002517,恺英网络,2025-10-14 09:33:54,24.75,8500,24.78,D
sz002517,恺英网络,2025-10-14 09:34:03,24.73,21000,24.76,D
sz002517,恺英网络,2025-10-14 09:34:06,24.75,27700,24.73,U
sz002517,恺英网络,2025-10-14 09:34:09,24.74,19400,24.75,D
sz002517,恺英网络,2025-10-14 09:34:15,24.71,15500,24.73,D
sz002517,恺英网络,2025-10-14 09:34:18,24.74,15100,24.71,U
sz002517,恺英网络,2025-10-14 09:34:21,24.75,62500,24.74,U
sz002517,恺英网络,2025-10-14 09:34:24,24.74,28000,24.75,D
sz002517,恺英网络,2025-10-14 09:34:27,24.75,20700,24.74,E
sz002517,恺英网络,2025-10-14 09:34:33,24.75,15500,24.73,U
sz002517,恺英网络,2025-10-14 09:34:36,24.76,8200,24.75,U
sz002517,恺英网络,2025-10-14 09:34:39,24.78,27600,24.76,U
sz002517,恺英网络,2025-10-14 09:34:48,24.77,8100,24.78,D
sz002517,恺英网络,2025-10-14 09:34:51,24.78,8800,24.77,U
sz002517,恺英网络,2025-10-14 09:34:54,24.78,10300,24.78,U
sz002517,恺英网络,2025-10-14 09:35:00,24.78,12400,24.77,U
sz002517,恺英网络,2025-10-14 09:35:03,24.78,78700,24.78,U
sz002517,恺英网络,2025-10-14 09:35:12,24.8,22200,24.8,D
sz002517,恺英网络,2025-10-14 09:35:15,24.8,16500,24.8,D
sz002517,恺英网络,2025-10-14 09:35:21,24.79,122300,24.8,D
sz002517,恺英网络,2025-10-14 09:35:24,24.78,15100,24.79,U
sz002517,恺英网络,2025-10-14 09:35:30,24.78,10500,24.77,U
sz002517,恺英网络,2025-10-14 09:35:45,24.75,11400,24.75,D
sz002517,恺英网络,2025-10-14 09:35:48,24.75,12200,24.75,D
sz002517,恺英网络,2025-10-14 09:35:57,24.77,24500,24.76,U
sz002517,恺英网络,2025-10-14 09:36:00,24.78,10300,24.77,E
sz002517,恺英网络,2025-10-14 09:36:03,24.8,25000,24.78,U
sz002517,恺英网络,2025-10-14 09:36:06,24.84,27100,24.8,U
sz002517,恺英网络,2025-10-14 09:36:12,24.87,22000,24.84,U
sz002517,恺英网络,2025-10-14 09:36:15,24.86,21600,24.87,D
sz002517,恺英网络,2025-10-14 09:36:18,24.84,79900,24.86,D
sz002517,恺英网络,2025-10-14 09:36:24,24.84,19700,24.8,U
sz002517,恺英网络,2025-10-14 09:36:27,24.84,8200,24.84,U
sz002517,恺英网络,2025-10-14 09:36:33,24.81,11600,24.8,E
sz002517,恺英网络,2025-10-14 09:36:45,24.82,9500,24.82,D
sz002517,恺英网络,2025-10-14 09:36:51,24.83,10400,24.83,D
sz002517,恺英网络,2025-10-14 09:36:57,24.83,10000,24.83,D
sz002517,恺英网络,2025-10-14 09:37:00,24.83,15000,24.83,D
sz002517,恺英网络,2025-10-14 09:37:03,24.84,27000,24.83,U
sz002517,恺英网络,2025-10-14 09:37:06,24.83,8600,24.84,D
sz002517,恺英网络,2025-10-14 09:37:09,24.84,11700,24.83,E
sz002517,恺英网络,2025-10-14 09:37:12,24.91,45800,24.84,U
sz002517,恺英网络,2025-10-14 09:37:15,24.92,21600,24.91,U
sz002517,恺英网络,2025-10-14 09:37:18,24.92,29900,24.92,D
sz002517,恺英网络,2025-10-14 09:37:24,24.92,18600,24.92,U
sz002517,恺英网络,2025-10-14 09:37:30,24.94,19900,24.92,U
sz002517,恺英网络,2025-10-14 09:37:33,24.94,30600,24.94,D
sz002517,恺英网络,2025-10-14 09:37:36,24.94,14600,24.94,U
sz002517,恺英网络,2025-10-14 09:37:39,24.95,24700,24.94,U
sz002517,恺英网络,2025-10-14 09:37:42,24.95,17100,24.95,U
sz002517,恺英网络,2025-10-14 09:37:45,24.96,9500,24.95,U
sz002517,恺英网络,2025-10-14 09:37:48,24.97,9800,24.96,U
sz002517,恺英网络,2025-10-14 09:37:54,24.96,24900,24.96,U
sz002517,恺英网络,2025-10-14 09:37:57,24.95,31500,24.96,E
sz002517,恺英网络,2025-10-14 09:38:00,24.9,24300,24.95,D
sz002517,恺英网络,2025-10-14 09:38:03,24.92,20500,24.9,E
sz002517,恺英网络,2025-10-14 09:38:06,24.92,11300,24.92,D
sz002517,恺英网络,2025-10-14 09:38:09,24.93,29900,24.92,E
sz002517,恺英网络,2025-10-14 09:38:12,24.96,44500,24.93,U
sz002517,恺英网络,2025-10-14 09:38:15,24.95,49700,24.96,D
sz002517,恺英网络,2025-10-14 09:38:18,24.99,69700,24.95,U
sz002517,恺英网络,2025-10-14 09:38:21,25.03,20900,24.99,U
sz002517,恺英网络,2025-10-14 09:38:24,25.05,23100,25.03,U
sz002517,恺英网络,2025-10-14 09:38:27,25.06,18300,25.05,U
sz002517,恺英网络,2025-10-14 09:38:30,25.07,22400,25.06,U
sz002517,恺英网络,2025-10-14 09:38:33,25.07,41900,25.07,D
sz002517,恺英网络,2025-10-14 09:38:36,25.08,18300,25.07,E
sz002517,恺英网络,2025-10-14 09:38:39,25.11,17800,25.08,U
sz002517,恺英网络,2025-10-14 09:38:42,25.15,14400,25.11,U
sz002517,恺英网络,2025-10-14 09:38:45,25.14,23900,25.15,U
sz002517,恺英网络,2025-10-14 09:38:48,25.13,51800,25.14,E
sz002517,恺英网络,2025-10-14 09:38:51,25.13,131400,25.13,E
sz002517,恺英网络,2025-10-14 09:38:54,25.14,37200,25.13,U
sz002517,恺英网络,2025-10-14 09:38:57,25.13,28100,25.14,D
sz002517,恺英网络,2025-10-14 09:39:00,25.13,40500,25.13,D
sz002517,恺英网络,2025-10-14 09:39:03,25.13,38500,25.13,U
sz002517,恺英网络,2025-10-14 09:39:06,25.13,78800,25.13,U
sz002517,恺英网络,2025-10-14 09:39:09,25.17,28700,25.13,U
sz002517,恺英网络,2025-10-14 09:39:12,25.18,12800,25.17,U
sz002517,恺英网络,2025-10-14 09:39:15,25.07,87300,25.18,D
sz002517,恺英网络,2025-10-14 09:39:18,25.1,62100,25.07,E
sz002517,恺英网络,2025-10-14 09:39:21,25.11,115800,25.1,U
sz002517,恺英网络,2025-10-14 09:39:24,25.12,11200,25.11,D
sz002517,恺英网络,2025-10-14 09:39:27,25.16,24000,25.12,U
sz002517,恺英网络,2025-10-14 09:39:30,25.17,24300,25.16,U
sz002517,恺英网络,2025-10-14 09:39:33,25.17,23600,25.17,U
sz002517,恺英网络,2025-10-14 09:39:36,25.16,32200,25.17,D
sz002517,恺英网络,2025-10-14 09:39:39,25.16,18500,25.16,E
sz002517,恺英网络,2025-10-14 09:39:45,25.14,20700,25.15,U
sz002517,恺英网络,2025-10-14 09:39:48,25.14,26100,25.14,U
sz002517,恺英网络,2025-10-14 09:39:51,25.14,25400,25.14,U
sz002517,恺英网络,2025-10-14 09:39:54,25.15,29200,25.14,U
sz002517,恺英网络,2025-10-14 09:39:57,25.15,46300,25.15,E
sz002517,恺英网络,2025-10-14 09:40:00,25.14,27800,25.15,D
sz002517,恺英网络,2025-10-14 09:40:03,25.16,34500,25.14,U
sz002517,恺英网络,2025-10-14 09:40:06,25.17,25100,25.16,U
sz002517,恺英网络,2025-10-14 09:40:09,25.17,54500,25.17,U
sz002517,恺英网络,2025-10-14 09:40:12,25.2,66500,25.17,U
sz002517,恺英网络,2025-10-14 09:40:15,25.11,146000,25.2,D
sz002517,恺英网络,2025-10-14 09:40:18,25.15,58000,25.11,U
sz002517,恺英网络,2025-10-14 09:40:21,25.17,11400,25.15,U
sz002517,恺英网络,2025-10-14 09:40:24,25.2,30300,25.17,U
sz002517,恺英网络,2025-10-14 09:40:27,25.19,56200,25.2,E
sz002517,恺英网络,2025-10-14 09:40:30,25.2,32800,25.19,U
sz002517,恺英网络,2025-10-14 09:40:33,25.2,22800,25.2,U
sz002517,恺英网络,2025-10-14 09:40:36,25.2,16800,25.2,D
sz002517,恺英网络,2025-10-14 09:40:39,25.19,13600,25.2,D
sz002517,恺英网络,2025-10-14 09:40:42,25.2,31200,25.19,U
sz002517,恺英网络,2025-10-14 09:40:45,25.2,18800,25.2,U
sz002517,恺英网络,2025-10-14 09:40:48,25.19,29000,25.2,E
sz002517,恺英网络,2025-10-14 09:40:51,25.21,36800,25.19,U
sz002517,恺英网络,2025-10-14 09:40:54,25.22,20900,25.21,U
sz002517,恺英网络,2025-10-14 09:40:57,25.23,14100,25.22,U
sz002517,恺英网络,2025-10-14 09:41:00,25.26,24200,25.23,U
sz002517,恺英网络,2025-10-14 09:41:06,25.26,22700,25.25,U
sz002517,恺英网络,2025-10-14 09:41:09,25.26,30300,25.26,D
sz002517,恺英网络,2025-10-14 09:41:12,25.26,19400,25.26,U
sz002517,恺英网络,2025-10-14 09:41:15,25.26,22000,25.26,U
sz002517,恺英网络,2025-10-14 09:41:18,25.28,18400,25.26,U
sz002517,恺英网络,2025-10-14 09:41:21,25.28,24900,25.28,U
sz002517,恺英网络,2025-10-14 09:41:24,25.3,38400,25.28,U
sz002517,恺英网络,2025-10-14 09:41:27,25.3,15100,25.3,U
sz002517,恺英网络,2025-10-14 09:41:30,25.32,20400,25.3,U
sz002517,恺英网络,2025-10-14 09:41:33,25.32,9600,25.32,U
sz002517,恺英网络,2025-10-14 09:41:36,25.32,13300,25.32,U
sz002517,恺英网络,2025-10-14 09:41:39,25.32,114900,25.32,U
sz002517,恺英网络,2025-10-14 09:41:42,25.32,31100,25.32,U
sz002517,恺英网络,2025-10-14 09:41:45,25.32,34200,25.32,D
sz002517,恺英网络,2025-10-14 09:41:48,25.34,28100,25.32,U
sz002517,恺英网络,2025-10-14 09:41:51,25.34,73800,25.34,U
sz002517,恺英网络,2025-10-14 09:41:54,25.34,147500,25.34,U
sz002517,恺英网络,2025-10-14 09:41:57,25.34,56800,25.34,U
sz002517,恺英网络,2025-10-14 09:42:00,25.36,25600,25.34,U
sz002517,恺英网络,2025-10-14 09:42:03,25.36,27100,25.36,U
sz002517,恺英网络,2025-10-14 09:42:06,25.34,41100,25.36,D
sz002517,恺英网络,2025-10-14 09:42:09,25.3,29500,25.34,D
sz002517,恺英网络,2025-10-14 09:42:12,25.32,12900,25.3,U
sz002517,恺英网络,2025-10-14 09:42:15,25.33,14200,25.32,U
sz002517,恺英网络,2025-10-14 09:42:18,25.33,37200,25.33,U
sz002517,恺英网络,2025-10-14 09:42:21,25.35,44500,25.33,U
sz002517,恺英网络,2025-10-14 09:42:24,25.33,43000,25.35,E
sz002517,恺英网络,2025-10-14 09:42:27,25.31,51200,25.33,D
sz002517,恺英网络,2025-10-14 09:42:30,25.34,133100,25.31,U
sz002517,恺英网络,2025-10-14 09:42:33,25.34,36100,25.34,D
sz002517,恺英网络,2025-10-14 09:42:36,25.36,23600,25.34,U
sz002517,恺英网络,2025-10-14 09:42:39,25.35,69300,25.36,D
sz002517,恺英网络,2025-10-14 09:42:42,25.35,21500,25.35,U
sz002517,恺英网络,2025-10-14 09:42:45,25.31,56600,25.35,D
sz002517,恺英网络,2025-10-14 09:42:48,25.3,342800,25.31,D
sz002517,恺英网络,2025-10-14 09:42:51,25.26,62900,25.3,D
sz002517,恺英网络,2025-10-14 09:42:54,25.29,73100,25.26,E
sz002517,恺英网络,2025-10-14 09:42:57,25.27,94300,25.29,E
sz002517,恺英网络,2025-10-14 09:43:00,25.28,56300,25.27,E
sz002517,恺英网络,2025-10-14 09:43:03,25.3,43900,25.28,E
sz002517,恺英网络,2025-10-14 09:43:06,25.28,28900,25.3,D
sz002517,恺英网络,2025-10-14 09:43:09,25.26,9200,25.28,D
sz002517,恺英网络,2025-10-14 09:43:12,25.18,53700,25.26,D
sz002517,恺英网络,2025-10-14 09:43:15,25.18,13100,25.18,D
sz002517,恺英网络,2025-10-14 09:43:18,25.12,16400,25.18,D
sz002517,恺英网络,2025-10-14 09:43:21,25.15,28700,25.12,E
sz002517,恺英网络,2025-10-14 09:43:24,25.13,96800,25.15,E
sz002517,恺英网络,2025-10-14 09:43:27,25.14,36400,25.13,E
sz002517,恺英网络,2025-10-14 09:43:33,25.08,13100,25.12,D
sz002517,恺英网络,2025-10-14 09:43:36,25.05,9300,25.08,D
sz002517,恺英网络,2025-10-14 09:43:39,25.05,25500,25.05,D
sz002517,恺英网络,2025-10-14 09:43:42,25.06,38300,25.05,E
sz002517,恺英网络,2025-10-14 09:43:45,25.05,45700,25.06,D
sz002517,恺英网络,2025-10-14 09:43:48,25.12,8500,25.05,U
sz002517,恺英网络,2025-10-14 09:43:51,25.1,16200,25.12,D
sz002517,恺英网络,2025-10-14 09:43:54,25.13,32400,25.1,U
sz002517,恺英网络,2025-10-14 09:43:57,25.17,35300,25.13,U
sz002517,恺英网络,2025-10-14 09:44:00,25.09,13000,25.17,D
sz002517,恺英网络,2025-10-14 09:44:03,25.08,46500,25.09,E
sz002517,恺英网络,2025-10-14 09:44:06,25.08,11900,25.08,U
sz002517,恺英网络,2025-10-14 09:44:09,25.09,11000,25.08,U
sz002517,恺英网络,2025-10-14 09:44:12,25.1,24800,25.09,U
sz002517,恺英网络,2025-10-14 09:44:15,25.16,8800,25.1,E
sz002517,恺英网络,2025-10-14 09:44:18,25.14,18700,25.16,E
sz002517,恺英网络,2025-10-14 09:44:21,25.17,37600,25.14,U
sz002517,恺英网络,2025-10-14 09:44:27,25.19,21300,25.15,U
sz002517,恺英网络,2025-10-14 09:44:30,25.15,12000,25.19,D
sz002517,恺英网络,2025-10-14 09:44:33,25.19,14700,25.15,U
sz002517,恺英网络,2025-10-14 09:44:36,25.19,24500,25.19,U
sz002517,恺英网络,2025-10-14 09:44:39,25.2,11700,25.19,U
sz002517,恺英网络,2025-10-14 09:44:45,25.23,20200,25.21,U
sz002517,恺英网络,2025-10-14 09:44:48,25.22,26900,25.23,D
sz002517,恺英网络,2025-10-14 09:44:51,25.22,20800,25.22,D
sz002517,恺英网络,2025-10-14 09:44:57,25.25,15300,25.25,U
sz002517,恺英网络,2025-10-14 09:45:00,25.19,46500,25.25,D
sz002517,恺英网络,2025-10-14 09:45:03,25.2,27500,25.19,U
sz002517,恺英网络,2025-10-14 09:45:06,25.21,48700,25.2,U
sz002517,恺英网络,2025-10-14 09:45:12,25.2,19400,25.21,D
sz002517,恺英网络,2025-10-14 09:45:15,25.19,19600,25.2,E
sz002517,恺英网络,2025-10-14 09:45:18,25.14,18100,25.19,D
sz002517,恺英网络,2025-10-14 09:45:24,25.17,20500,25.13,U
sz002517,恺英网络,2025-10-14 09:45:27,25.17,10800,25.17,D
sz002517,恺英网络,2025-10-14 09:45:30,25.17,15100,25.17,U
sz002517,恺英网络,2025-10-14 09:45:36,25.19,8100,25.18,U
sz002517,恺英网络,2025-10-14 09:45:39,25.2,14900,25.19,U
sz002517,恺英网络,2025-10-14 09:45:42,25.19,8200,25.2,D
sz002517,恺英网络,2025-10-14 09:45:48,25.18,9700,25.18,U
sz002517,恺英网络,2025-10-14 09:45:51,25.18,9900,25.18,U
sz002517,恺英网络,2025-10-14 09:45:57,25.15,8300,25.17,D
sz002517,恺英网络,2025-10-14 09:46:00,25.19,24600,25.15,U
sz002517,恺英网络,2025-10-14 09:46:06,25.17,9400,25.17,U
sz002517,恺英网络,2025-10-14 09:46:12,25.14,22000,25.15,D
sz002517,恺英网络,2025-10-14 09:46:15,25.11,41300,25.14,D
sz002517,恺英网络,2025-10-14 09:46:18,25.13,68700,25.11,U
sz002517,恺英网络,2025-10-14 09:46:21,25.17,36400,25.13,U
sz002517,恺英网络,2025-10-14 09:46:24,25.19,25200,25.17,U
sz002517,恺英网络,2025-10-14 09:46:27,25.2,15700,25.19,U
sz002517,恺英网络,2025-10-14 09:46:30,25.2,14300,25.2,D
sz002517,恺英网络,2025-10-14 09:46:33,25.21,23900,25.2,U
sz002517,恺英网络,2025-10-14 09:46:36,25.23,17000,25.21,U
sz002517,恺英网络,2025-10-14 09:46:39,25.24,17100,25.23,U
sz002517,恺英网络,2025-10-14 09:46:42,25.25,9500,25.24,U
sz002517,恺英网络,2025-10-14 09:46:45,25.24,8000,25.25,D
sz002517,恺英网络,2025-10-14 09:46:48,25.26,9100,25.24,U
sz002517,恺英网络,2025-10-14 09:46:54,25.26,8600,25.27,D
sz002517,恺英网络,2025-10-14 09:46:57,25.27,14300,25.26,U
sz002517,恺英网络,2025-10-14 09:47:00,25.27,12400,25.27,U
sz002517,恺英网络,2025-10-14 09:47:03,25.27,32100,25.27,U
sz002517,恺英网络,2025-10-14 09:47:06,25.28,21300,25.27,U
sz002517,恺英网络,2025-10-14 09:47:09,25.29,13500,25.28,U
sz002517,恺英网络,2025-10-14 09:47:12,25.28,9000,25.29,D
sz002517,恺英网络,2025-10-14 09:47:15,25.3,75800,25.28,U
sz002517,恺英网络,2025-10-14 09:47:18,25.29,9500,25.3,D
sz002517,恺英网络,2025-10-14 09:47:21,25.31,20000,25.29,D
sz002517,恺英网络,2025-10-14 09:47:24,25.33,17800,25.31,U
sz002517,恺英网络,2025-10-14 09:47:27,25.34,15700,25.33,U
sz002517,恺英网络,2025-10-14 09:47:33,25.31,58300,25.35,D
sz002517,恺英网络,2025-10-14 09:47:36,25.3,19500,25.31,E
sz002517,恺英网络,2025-10-14 09:47:39,25.29,11700,25.3,E
sz002517,恺英网络,2025-10-14 09:47:42,25.25,49400,25.29,D
sz002517,恺英网络,2025-10-14 09:47:45,25.2,8500,25.25,D
sz002517,恺英网络,2025-10-14 09:47:48,25.24,20600,25.2,U
sz002517,恺英网络,2025-10-14 09:47:51,25.21,10900,25.24,D
sz002517,恺英网络,2025-10-14 09:47:54,25.24,13000,25.21,U
sz002517,恺英网络,2025-10-14 09:48:03,25.24,9700,25.23,U
sz002517,恺英网络,2025-10-14 09:48:06,25.25,13500,25.24,U
sz002517,恺英网络,2025-10-14 09:48:09,25.24,9200,25.25,E
sz002517,恺英网络,2025-10-14 09:48:12,25.22,11000,25.24,D
sz002517,恺英网络,2025-10-14 09:48:15,25.19,33100,25.22,D
sz002517,恺英网络,2025-10-14 09:48:18,25.19,10000,25.19,U
sz002517,恺英网络,2025-10-14 09:48:21,25.19,22100,25.19,U
sz002517,恺英网络,2025-10-14 09:48:24,25.21,41300,25.19,U
sz002517,恺英网络,2025-10-14 09:48:27,25.25,38700,25.21,U
sz002517,恺英网络,2025-10-14 09:48:30,25.25,29200,25.25,U
sz002517,恺英网络,2025-10-14 09:48:33,25.25,29200,25.25,U
sz002517,恺英网络,2025-10-14 09:48:36,25.24,15400,25.25,U
sz002517,恺英网络,2025-10-14 09:48:39,25.25,30600,25.24,U
sz002517,恺英网络,2025-10-14 09:48:42,25.25,8800,25.25,U
sz002517,恺英网络,2025-10-14 09:48:45,25.24,10200,25.25,D
sz002517,恺英网络,2025-10-14 09:48:48,25.22,29300,25.24,E
sz002517,恺英网络,2025-10-14 09:48:51,25.23,14800,25.22,U
sz002517,恺英网络,2025-10-14 09:48:54,25.24,13700,25.23,U
sz002517,恺英网络,2025-10-14 09:48:57,25.22,10900,25.24,D
sz002517,恺英网络,2025-10-14 09:49:00,25.22,27000,25.22,E
sz002517,恺英网络,2025-10-14 09:49:03,25.21,10600,25.22,E
sz002517,恺英网络,2025-10-14 09:49:06,25.23,12600,25.21,U
sz002517,恺英网络,2025-10-14 09:49:12,25.25,134000,25.24,U
sz002517,恺英网络,2025-10-14 09:49:18,25.28,33000,25.27,U
sz002517,恺英网络,2025-10-14 09:49:21,25.3,39100,25.28,U
sz002517,恺英网络,2025-10-14 09:49:24,25.3,38500,25.3,U
sz002517,恺英网络,2025-10-14 09:49:27,25.31,19000,25.3,U
sz002517,恺英网络,2025-10-14 09:49:30,25.28,17400,25.31,D
sz002517,恺英网络,2025-10-14 09:49:33,25.26,13400,25.28,D
sz002517,恺英网络,2025-10-14 09:49:36,25.27,16500,25.26,U
sz002517,恺英网络,2025-10-14 09:49:42,25.3,27700,25.28,U
sz002517,恺英网络,2025-10-14 09:49:45,25.3,18400,25.3,U
sz002517,恺英网络,2025-10-14 09:49:48,25.32,10900,25.3,U
sz002517,恺英网络,2025-10-14 09:49:51,25.32,41100,25.32,U
sz002517,恺英网络,2025-10-14 09:49:54,25.32,25100,25.32,U
sz002517,恺英网络,2025-10-14 09:49:57,25.32,25100,25.32,U
sz002517,恺英网络,2025-10-14 09:50:00,25.32,28100,25.32,D
sz002517,恺英网络,2025-10-14 09:50:03,25.35,41200,25.32,U
sz002517,恺英网络,2025-10-14 09:50:06,25.3,45200,25.35,D
sz002517,恺英网络,2025-10-14 09:50:09,25.31,69700,25.3,U
sz002517,恺英网络,2025-10-14 09:50:12,25.26,43700,25.31,D
sz002517,恺英网络,2025-10-14 09:50:15,25.24,44000,25.26,D
sz002517,恺英网络,2025-10-14 09:50:18,25.18,28600,25.24,D
sz002517,恺英网络,2025-10-14 09:50:21,25.12,42400,25.18,D
sz002517,恺英网络,2025-10-14 09:50:24,25.16,19400,25.12,U
sz002517,恺英网络,2025-10-14 09:50:27,25.11,128800,25.16,D
sz002517,恺英网络,2025-10-14 09:50:30,25.12,84500,25.11,U
sz002517,恺英网络,2025-10-14 09:50:33,25.15,29100,25.12,U
sz002517,恺英网络,2025-10-14 09:50:36,25.11,85400,25.15,D
sz002517,恺英网络,2025-10-14 09:50:39,25.08,70300,25.11,D
sz002517,恺英网络,2025-10-14 09:50:42,25.09,21800,25.08,U
sz002517,恺英网络,2025-10-14 09:50:45,25.09,8100,25.09,U
sz002517,恺英网络,2025-10-14 09:50:51,25.08,47600,25.08,U
sz002517,恺英网络,2025-10-14 09:51:00,25.09,13000,25.08,U
sz002517,恺英网络,2025-10-14 09:51:06,25.09,11500,25.09,D
sz002517,恺英网络,2025-10-14 09:51:09,25.08,12800,25.09,D
sz002517,恺英网络,2025-10-14 09:51:12,25.09,8500,25.08,U
sz002517,恺英网络,2025-10-14 09:51:15,25.1,16200,25.09,U
sz002517,恺英网络,2025-10-14 09:51:18,25.11,24700,25.1,U
sz002517,恺英网络,2025-10-14 09:51:21,25.09,27900,25.11,D
sz002517,恺英网络,2025-10-14 09:51:27,25.1,10000,25.1,U
sz002517,恺英网络,2025-10-14 09:51:33,25.09,12400,25.09,D
sz002517,恺英网络,2025-10-14 09:51:36,25.09,11900,25.09,D
sz002517,恺英网络,2025-10-14 09:51:39,25.09,14800,25.09,U
sz002517,恺英网络,2025-10-14 09:51:48,25.1,12300,25.1,D
sz002517,恺英网络,2025-10-14 09:51:51,25.09,18800,25.1,D
sz002517,恺英网络,2025-10-14 09:51:54,25.08,48500,25.09,D
sz002517,恺英网络,2025-10-14 09:51:57,25.08,13000,25.08,U
sz002517,恺英网络,2025-10-14 09:52:00,25.07,10300,25.08,U
sz002517,恺英网络,2025-10-14 09:52:03,25.07,16300,25.07,U
sz002517,恺英网络,2025-10-14 09:52:06,25.07,50000,25.07,D
sz002517,恺英网络,2025-10-14 09:52:12,25.06,22800,25.06,U
sz002517,恺英网络,2025-10-14 09:52:15,25.05,25200,25.06,D
sz002517,恺英网络,2025-10-14 09:52:18,25.01,39800,25.05,D
sz002517,恺英网络,2025-10-14 09:52:21,25.01,129100,25.01,D
sz002517,恺英网络,2025-10-14 09:52:27,24.99,17700,24.98,E
sz002517,恺英网络,2025-10-14 09:52:33,24.96,9400,24.99,D
sz002517,恺英网络,2025-10-14 09:52:45,24.98,15700,24.97,U
sz002517,恺英网络,2025-10-14 09:52:48,24.98,22100,24.98,D
sz002517,恺英网络,2025-10-14 09:52:54,25.0,13400,25.0,U
sz002517,恺英网络,2025-10-14 09:53:00,25.02,8500,25.01,U
sz002517,恺英网络,2025-10-14 09:53:03,25.03,10500,25.02,E
sz002517,恺英网络,2025-10-14 09:53:06,25.0,34400,25.03,D
sz002517,恺英网络,2025-10-14 09:53:09,24.98,19100,25.0,D
sz002517,恺英网络,2025-10-14 09:53:12,24.98,35700,24.98,D
sz002517,恺英网络,2025-10-14 09:53:15,24.98,12000,24.98,D
sz002517,恺英网络,2025-10-14 09:53:18,24.98,19600,24.98,D
sz002517,恺英网络,2025-10-14 09:53:21,24.98,8500,24.98,D
sz002517,恺英网络,2025-10-14 09:53:24,24.98,38100,24.98,D
sz002517,恺英网络,2025-10-14 09:53:27,25.0,49400,24.98,U
sz002517,恺英网络,2025-10-14 09:53:30,24.98,51300,25.0,D
sz002517,恺英网络,2025-10-14 09:53:39,24.96,12200,24.96,D
sz002517,恺英网络,2025-10-14 09:53:42,24.96,23900,24.96,D
sz002517,恺英网络,2025-10-14 09:53:45,24.94,12700,24.96,E
sz002517,恺英网络,2025-10-14 09:53:48,24.94,33800,24.94,U
sz002517,恺英网络,2025-10-14 09:53:51,24.95,14100,24.94,E
sz002517,恺英网络,2025-10-14 09:53:54,24.95,23400,24.95,U
sz002517,恺英网络,2025-10-14 09:53:57,24.97,16000,24.95,U
sz002517,恺英网络,2025-10-14 09:54:00,24.97,16300,24.97,D
sz002517,恺英网络,2025-10-14 09:54:15,24.95,11500,24.95,D
sz002517,恺英网络,2025-10-14 09:54:18,24.94,42500,24.95,D
sz002517,恺英网络,2025-10-14 09:54:21,24.94,12200,24.94,U
sz002517,恺英网络,2025-10-14 09:54:30,24.94,30900,24.94,U
sz002517,恺英网络,2025-10-14 09:54:33,24.94,12600,24.94,D
sz002517,恺英网络,2025-10-14 09:54:36,24.94,35100,24.94,D
sz002517,恺英网络,2025-10-14 09:54:45,24.93,8500,24.93,D
sz002517,恺英网络,2025-10-14 09:54:48,24.92,15800,24.93,D
sz002517,恺英网络,2025-10-14 09:54:54,24.88,60000,24.92,D
sz002517,恺英网络,2025-10-14 09:54:57,24.88,9000,24.88,D
sz002517,恺英网络,2025-10-14 09:55:00,24.88,8400,24.88,D
sz002517,恺英网络,2025-10-14 09:55:03,24.92,39400,24.88,U
sz002517,恺英网络,2025-10-14 09:55:24,24.95,28400,24.95,D
sz002517,恺英网络,2025-10-14 09:55:36,24.95,10600,24.96,D
sz002517,恺英网络,2025-10-14 09:55:39,24.93,11400,24.95,D
sz002517,恺英网络,2025-10-14 09:55:42,24.94,12300,24.93,E
sz002517,恺英网络,2025-10-14 09:55:51,24.93,10500,24.93,U
sz002517,恺英网络,2025-10-14 09:55:57,24.92,13300,24.94,D
sz002517,恺英网络,2025-10-14 09:56:00,24.92,15700,24.92,U
sz002517,恺英网络,2025-10-14 09:56:03,24.93,18500,24.92,U
sz002517,恺英网络,2025-10-14 09:56:06,24.92,9100,24.93,E
sz002517,恺英网络,2025-10-14 09:56:09,24.91,12000,24.92,D
sz002517,恺英网络,2025-10-14 09:56:15,24.89,15100,24.9,D
sz002517,恺英网络,2025-10-14 09:56:18,24.9,22900,24.89,U
sz002517,恺英网络,2025-10-14 09:56:24,24.88,54300,24.89,D
sz002517,恺英网络,2025-10-14 09:56:27,24.88,12300,24.88,U
sz002517,恺英网络,2025-10-14 09:56:30,24.86,27600,24.88,D
sz002517,恺英网络,2025-10-14 09:56:36,24.87,20600,24.87,U
sz002517,恺英网络,2025-10-14 09:56:39,24.89,20900,24.87,U
sz002517,恺英网络,2025-10-14 09:56:51,24.88,9800,24.89,D
sz002517,恺英网络,2025-10-14 09:57:09,24.91,8100,24.89,U
sz002517,恺英网络,2025-10-14 09:57:21,24.88,17200,24.9,D
sz002517,恺英网络,2025-10-14 09:57:27,24.89,11700,24.89,U
sz002517,恺英网络,2025-10-14 09:57:33,24.9,35900,24.89,U
sz002517,恺英网络,2025-10-14 09:57:51,24.91,23300,24.91,U
sz002517,恺英网络,2025-10-14 09:57:54,24.91,26200,24.91,U
sz002517,恺英网络,2025-10-14 09:58:18,24.92,12900,24.91,U
sz002517,恺英网络,2025-10-14 09:58:21,24.89,137700,24.92,D
sz002517,恺英网络,2025-10-14 09:58:24,24.88,26000,24.89,D
sz002517,恺英网络,2025-10-14 09:58:27,24.89,14600,24.88,U
sz002517,恺英网络,2025-10-14 09:58:30,24.88,8700,24.89,D
sz002517,恺英网络,2025-10-14 09:58:39,24.9,11700,24.88,U
sz002517,恺英网络,2025-10-14 09:58:48,24.89,22800,24.89,D
sz002517,恺英网络,2025-10-14 09:59:33,24.9,20500,24.91,D
sz002517,恺英网络,2025-10-14 09:59:36,24.89,47300,24.9,D
sz002517,恺英网络,2025-10-14 09:59:39,24.88,22300,24.89,D
sz002517,恺英网络,2025-10-14 09:59:42,24.88,17900,24.88,D
sz002517,恺英网络,2025-10-14 09:59:45,24.88,20300,24.88,U
sz002517,恺英网络,2025-10-14 09:59:54,24.87,14200,24.87,D
sz002517,恺英网络,2025-10-14 10:00:06,24.87,8700,24.87,U
sz002517,恺英网络,2025-10-14 10:00:15,24.85,59100,24.86,D
sz002517,恺英网络,2025-10-14 10:00:18,24.83,12000,24.85,D
sz002517,恺英网络,2025-10-14 10:00:21,24.82,11600,24.83,D
sz002517,恺英网络,2025-10-14 10:00:30,24.8,21600,24.81,D
sz002517,恺英网络,2025-10-14 10:00:33,24.8,37600,24.8,D
sz002517,恺英网络,2025-10-14 10:00:42,24.8,12300,24.78,U
sz002517,恺英网络,2025-10-14 10:00:45,24.8,19900,24.8,D
sz002517,恺英网络,2025-10-14 10:00:48,24.8,12800,24.8,D
sz002517,恺英网络,2025-10-14 10:00:54,24.8,16500,24.8,D
sz002517,恺英网络,2025-10-14 10:01:03,24.79,31300,24.8,D
sz002517,恺英网络,2025-10-14 10:01:09,24.76,49200,24.78,D
sz002517,恺英网络,2025-10-14 10:01:12,24.77,16000,24.76,U
sz002517,恺英网络,2025-10-14 10:01:15,24.76,27400,24.77,D
sz002517,恺英网络,2025-10-14 10:01:27,24.74,8600,24.75,D
sz002517,恺英网络,2025-10-14 10:01:30,24.74,18600,24.74,D
sz002517,恺英网络,2025-10-14 10:01:42,24.75,20900,24.74,U
sz002517,恺英网络,2025-10-14 10:01:48,24.77,24200,24.75,U
sz002517,恺英网络,2025-10-14 10:01:57,24.76,9300,24.77,D
sz002517,恺英网络,2025-10-14 10:02:03,24.75,8800,24.76,D
sz002517,恺英网络,2025-10-14 10:02:12,24.76,13300,24.75,U
sz002517,恺英网络,2025-10-14 10:02:21,24.76,15000,24.75,U
sz002517,恺英网络,2025-10-14 10:02:24,24.75,15200,24.76,D
sz002517,恺英网络,2025-10-14 10:02:30,24.75,11000,24.76,D
sz002517,恺英网络,2025-10-14 10:02:33,24.75,63000,24.75,D
sz002517,恺英网络,2025-10-14 10:02:54,24.72,24700,24.73,D
sz002517,恺英网络,2025-10-14 10:03:00,24.71,8200,24.72,D
sz002517,恺英网络,2025-10-14 10:03:03,24.71,19500,24.71,D
sz002517,恺英网络,2025-10-14 10:03:06,24.71,15100,24.71,D
sz002517,恺英网络,2025-10-14 10:03:18,24.71,15200,24.71,U
sz002517,恺英网络,2025-10-14 10:03:24,24.71,17400,24.71,U
sz002517,恺英网络,2025-10-14 10:03:30,24.7,11300,24.7,D
sz002517,恺英网络,2025-10-14 10:03:45,24.72,13600,24.71,U
sz002517,恺英网络,2025-10-14 10:04:00,24.7,9900,24.71,D
sz002517,恺英网络,2025-10-14 10:04:09,24.72,57900,24.7,U
sz002517,恺英网络,2025-10-14 10:04:21,24.74,8100,24.72,U
sz002517,恺英网络,2025-10-14 10:04:39,24.75,9600,24.75,U
sz002517,恺英网络,2025-10-14 10:04:51,24.76,11000,24.76,D
sz002517,恺英网络,2025-10-14 10:05:00,24.76,16900,24.76,D
sz002517,恺英网络,2025-10-14 10:05:12,24.77,12900,24.77,D
sz002517,恺英网络,2025-10-14 10:05:15,24.76,24400,24.77,D
sz002517,恺英网络,2025-10-14 10:05:24,24.77,39900,24.76,U
sz002517,恺英网络,2025-10-14 10:05:30,24.78,8800,24.78,D
sz002517,恺英网络,2025-10-14 10:05:45,24.77,16000,24.78,D
sz002517,恺英网络,2025-10-14 10:05:51,24.78,12600,24.78,D
sz002517,恺英网络,2025-10-14 10:05:57,24.75,30900,24.77,D
sz002517,恺英网络,2025-10-14 10:06:00,24.73,38000,24.75,D
sz002517,恺英网络,2025-10-14 10:06:42,24.83,20200,24.78,U
sz002517,恺英网络,2025-10-14 10:06:57,24.79,23300,24.79,U
sz002517,恺英网络,2025-10-14 10:07:00,24.79,15200,24.79,U
sz002517,恺英网络,2025-10-14 10:07:03,24.79,11500,24.79,U
sz002517,恺英网络,2025-10-14 10:07:06,24.76,22700,24.79,D
sz002517,恺英网络,2025-10-14 10:07:12,24.75,15100,24.76,D
sz002517,恺英网络,2025-10-14 10:07:15,24.75,62200,24.75,D
sz002517,恺英网络,2025-10-14 10:07:18,24.75,11300,24.75,D
sz002517,恺英网络,2025-10-14 10:07:36,24.75,11000,24.75,D
sz002517,恺英网络,2025-10-14 10:07:45,24.72,12800,24.74,D
sz002517,恺英网络,2025-10-14 10:07:48,24.73,33300,24.72,U
sz002517,恺英网络,2025-10-14 10:07:54,24.71,10200,24.71,D
sz002517,恺英网络,2025-10-14 10:07:57,24.66,254032,24.71,D
sz002517,恺英网络,2025-10-14 10:08:00,24.68,13400,24.66,U
sz002517,恺英网络,2025-10-14 10:08:03,24.68,8500,24.68,D
sz002517,恺英网络,2025-10-14 10:08:21,24.66,15400,24.67,D
sz002517,恺英网络,2025-10-14 10:08:27,24.65,18300,24.65,D
sz002517,恺英网络,2025-10-14 10:08:33,24.63,11300,24.64,D
sz002517,恺英网络,2025-10-14 10:08:36,24.63,18700,24.63,D
sz002517,恺英网络,2025-10-14 10:08:51,24.64,8900,24.64,D
sz002517,恺英网络,2025-10-14 10:08:54,24.62,12100,24.64,D
sz002517,恺英网络,2025-10-14 10:09:09,24.63,15800,24.63,U
sz002517,恺英网络,2025-10-14 10:09:18,24.62,17000,24.63,D
sz002517,恺英网络,2025-10-14 10:09:24,24.61,25000,24.61,D
sz002517,恺英网络,2025-10-14 10:09:30,24.6,13600,24.62,D
sz002517,恺英网络,2025-10-14 10:09:36,24.61,21900,24.61,U
sz002517,恺英网络,2025-10-14 10:10:03,24.61,10300,24.61,D
sz002517,恺英网络,2025-10-14 10:10:21,24.62,21700,24.62,D
sz002517,恺英网络,2025-10-14 10:10:36,24.62,14700,24.62,D
sz002517,恺英网络,2025-10-14 10:10:39,24.6,33700,24.62,D
sz002517,恺英网络,2025-10-14 10:10:42,24.58,68100,24.6,D
sz002517,恺英网络,2025-10-14 10:10:48,24.58,12800,24.58,D
sz002517,恺英网络,2025-10-14 10:10:51,24.58,9900,24.58,D
sz002517,恺英网络,2025-10-14 10:10:54,24.57,9300,24.58,D
sz002517,恺英网络,2025-10-14 10:11:03,24.57,13300,24.57,D
sz002517,恺英网络,2025-10-14 10:11:06,24.56,9600,24.57,D
sz002517,恺英网络,2025-10-14 10:11:15,24.53,16500,24.55,D
sz002517,恺英网络,2025-10-14 10:11:18,24.52,13000,24.53,D
sz002517,恺英网络,2025-10-14 10:11:21,24.52,8500,24.52,D
sz002517,恺英网络,2025-10-14 10:11:27,24.53,21500,24.51,U
sz002517,恺英网络,2025-10-14 10:11:30,24.55,41400,24.53,U
sz002517,恺英网络,2025-10-14 10:11:33,24.52,37300,24.55,D
sz002517,恺英网络,2025-10-14 10:11:39,24.54,8500,24.54,U
sz002517,恺英网络,2025-10-14 10:11:45,24.54,11500,24.54,D
sz002517,恺英网络,2025-10-14 10:11:51,24.53,22000,24.53,D
sz002517,恺英网络,2025-10-14 10:11:54,24.54,10100,24.53,E
sz002517,恺英网络,2025-10-14 10:11:57,24.56,9000,24.54,U
sz002517,恺英网络,2025-10-14 10:12:00,24.55,10800,24.56,E
sz002517,恺英网络,2025-10-14 10:12:03,24.58,61400,24.55,U
sz002517,恺英网络,2025-10-14 10:12:09,24.55,10700,24.56,D
sz002517,恺英网络,2025-10-14 10:12:15,24.53,9300,24.55,D
sz002517,恺英网络,2025-10-14 10:12:18,24.54,12800,24.53,U
sz002517,恺英网络,2025-10-14 10:12:21,24.56,22500,24.54,U
sz002517,恺英网络,2025-10-14 10:12:27,24.53,27000,24.55,D
sz002517,恺英网络,2025-10-14 10:12:33,24.54,11100,24.54,E
sz002517,恺英网络,2025-10-14 10:12:36,24.55,19400,24.54,U
sz002517,恺英网络,2025-10-14 10:12:54,24.53,15600,24.54,D
sz002517,恺英网络,2025-10-14 10:13:00,24.52,19200,24.53,D
sz002517,恺英网络,2025-10-14 10:13:09,24.52,12300,24.52,D
sz002517,恺英网络,2025-10-14 10:13:15,24.53,15500,24.52,U
sz002517,恺英网络,2025-10-14 10:13:24,24.52,15600,24.52,D
sz002517,恺英网络,2025-10-14 10:13:42,24.54,11400,24.53,U
sz002517,恺英网络,2025-10-14 10:13:45,24.55,8300,24.54,U
sz002517,恺英网络,2025-10-14 10:13:54,24.55,10600,24.53,U
sz002517,恺英网络,2025-10-14 10:14:21,24.58,13500,24.57,U
sz002517,恺英网络,2025-10-14 10:14:24,24.58,13400,24.58,D
sz002517,恺英网络,2025-10-14 10:14:27,24.6,11700,24.58,U
sz002517,恺英网络,2025-10-14 10:14:36,24.63,11500,24.61,U
sz002517,恺英网络,2025-10-14 10:14:42,24.63,9000,24.63,U
sz002517,恺英网络,2025-10-14 10:14:48,24.66,41600,24.66,U
sz002517,恺英网络,2025-10-14 10:14:54,24.66,12000,24.66,D
sz002517,恺英网络,2025-10-14 10:14:57,24.66,23800,24.66,E
sz002517,恺英网络,2025-10-14 10:15:03,24.69,21800,24.64,U
sz002517,恺英网络,2025-10-14 10:15:06,24.69,14300,24.69,U
sz002517,恺英网络,2025-10-14 10:15:21,24.7,15100,24.69,U
sz002517,恺英网络,2025-10-14 10:15:27,24.7,22400,24.68,E
sz002517,恺英网络,2025-10-14 10:15:30,24.7,35600,24.7,U
sz002517,恺英网络,2025-10-14 10:15:36,24.71,8700,24.7,U
sz002517,恺英网络,2025-10-14 10:15:45,24.71,30800,24.71,U
sz002517,恺英网络,2025-10-14 10:15:57,24.71,24500,24.71,D
sz002517,恺英网络,2025-10-14 10:16:00,24.67,26300,24.71,D
sz002517,恺英网络,2025-10-14 10:16:21,24.66,8900,24.66,D
sz002517,恺英网络,2025-10-14 10:16:30,24.64,10700,24.65,D
sz002517,恺英网络,2025-10-14 10:17:00,24.66,10700,24.63,U
sz002517,恺英网络,2025-10-14 10:17:39,24.73,11700,24.71,U
sz002517,恺英网络,2025-10-14 10:17:42,24.73,10300,24.73,U
sz002517,恺英网络,2025-10-14 10:17:54,24.73,11000,24.73,E
sz002517,恺英网络,2025-10-14 10:18:09,24.7,12000,24.7,U
sz002517,恺英网络,2025-10-14 10:18:36,24.7,19900,24.7,E
sz002517,恺英网络,2025-10-14 10:18:39,24.68,10500,24.7,D
sz002517,恺英网络,2025-10-14 10:19:18,24.71,8300,24.69,U
sz002517,恺英网络,2025-10-14 10:19:27,24.69,18000,24.7,D
sz002517,恺英网络,2025-10-14 10:19:54,24.67,17100,24.68,D
sz002517,恺英网络,2025-10-14 10:20:36,24.7,8300,24.72,D
sz002517,恺英网络,2025-10-14 10:20:45,24.74,14700,24.72,U
sz002517,恺英网络,2025-10-14 10:20:48,24.73,11596,24.74,E
sz002517,恺英网络,2025-10-14 10:21:15,24.75,14600,24.74,U
sz002517,恺英网络,2025-10-14 10:21:24,24.73,8104,24.75,D
sz002517,恺英网络,2025-10-14 10:21:30,24.72,8900,24.73,D
sz002517,恺英网络,2025-10-14 10:21:51,24.69,8200,24.69,U
sz002517,恺英网络,2025-10-14 10:22:06,24.68,13200,24.69,D
sz002517,恺英网络,2025-10-14 10:22:09,24.67,8900,24.68,D
sz002517,恺英网络,2025-10-14 10:22:18,24.64,9700,24.67,D
sz002517,恺英网络,2025-10-14 10:22:30,24.61,11500,24.64,D
sz002517,恺英网络,2025-10-14 10:22:51,24.61,63700,24.62,D
sz002517,恺英网络,2025-10-14 10:23:00,24.62,19100,24.61,U
sz002517,恺英网络,2025-10-14 10:23:06,24.61,11500,24.61,D
sz002517,恺英网络,2025-10-14 10:23:18,24.6,8400,24.6,D
sz002517,恺英网络,2025-10-14 10:23:30,24.62,78600,24.6,U
sz002517,恺英网络,2025-10-14 10:23:33,24.6,9500,24.62,D
sz002517,恺英网络,2025-10-14 10:23:36,24.6,14500,24.6,D
sz002517,恺英网络,2025-10-14 10:23:39,24.59,11700,24.6,D
sz002517,恺英网络,2025-10-14 10:23:45,24.59,9500,24.6,D
sz002517,恺英网络,2025-10-14 10:23:48,24.64,17000,24.59,U
sz002517,恺英网络,2025-10-14 10:23:54,24.6,15400,24.61,D
sz002517,恺英网络,2025-10-14 10:24:00,24.64,22400,24.6,E
sz002517,恺英网络,2025-10-14 10:24:09,24.61,9500,24.62,D
sz002517,恺英网络,2025-10-14 10:24:30,24.62,9100,24.65,D
sz002517,恺英网络,2025-10-14 10:25:09,24.66,14700,24.65,E
sz002517,恺英网络,2025-10-14 10:25:12,24.64,13700,24.66,D
sz002517,恺英网络,2025-10-14 10:25:15,24.59,780250,24.64,D
sz002517,恺英网络,2025-10-14 10:25:36,24.58,21800,24.59,D
sz002517,恺英网络,2025-10-14 10:25:39,24.58,8600,24.58,D
sz002517,恺英网络,2025-10-14 10:25:48,24.57,95500,24.58,E
sz002517,恺英网络,2025-10-14 10:25:51,24.55,18400,24.57,D
sz002517,恺英网络,2025-10-14 10:25:54,24.59,23000,24.55,E
sz002517,恺英网络,2025-10-14 10:25:57,24.59,13200,24.59,E
sz002517,恺英网络,2025-10-14 10:26:00,24.61,24300,24.59,U
sz002517,恺英网络,2025-10-14 10:26:03,24.59,27000,24.61,D
sz002517,恺英网络,2025-10-14 10:26:09,24.59,10400,24.6,E
sz002517,恺英网络,2025-10-14 10:26:12,24.6,11800,24.59,E
sz002517,恺英网络,2025-10-14 10:26:18,24.59,22100,24.57,U
sz002517,恺英网络,2025-10-14 10:26:21,24.61,13500,24.59,U
sz002517,恺英网络,2025-10-14 10:26:24,24.62,19800,24.61,U
sz002517,恺英网络,2025-10-14 10:26:54,24.57,15400,24.57,D
sz002517,恺英网络,2025-10-14 10:26:57,24.6,12800,24.57,E
sz002517,恺英网络,2025-10-14 10:27:03,24.6,56600,24.57,U
sz002517,恺英网络,2025-10-14 10:27:06,24.58,8300,24.6,E
sz002517,恺英网络,2025-10-14 10:27:09,24.58,13200,24.58,D
sz002517,恺英网络,2025-10-14 10:27:12,24.59,16600,24.58,D
sz002517,恺英网络,2025-10-14 10:27:15,24.6,29200,24.59,E
sz002517,恺英网络,2025-10-14 10:27:39,24.59,16300,24.59,D
sz002517,恺英网络,2025-10-14 10:27:45,24.63,11200,24.6,U
sz002517,恺英网络,2025-10-14 10:28:03,24.6,8900,24.59,U
sz002517,恺英网络,2025-10-14 10:28:24,24.58,8800,24.58,D
sz002517,恺英网络,2025-10-14 10:28:48,24.57,50200,24.59,D
sz002517,恺英网络,2025-10-14 10:28:51,24.61,12000,24.57,U
sz002517,恺英网络,2025-10-14 10:29:00,24.6,8600,24.6,D
sz002517,恺英网络,2025-10-14 10:30:48,24.6,11500,24.61,D
sz002517,恺英网络,2025-10-14 10:31:12,24.6,61800,24.61,D
sz002517,恺英网络,2025-10-14 10:31:15,24.6,8800,24.6,D
sz002517,恺英网络,2025-10-14 10:31:33,24.6,18600,24.6,D
sz002517,恺英网络,2025-10-14 10:32:00,24.58,15200,24.57,U
sz002517,恺英网络,2025-10-14 10:32:12,24.61,54300,24.57,U
sz002517,恺英网络,2025-10-14 10:32:15,24.57,86200,24.61,D
sz002517,恺英网络,2025-10-14 10:32:21,24.58,52500,24.57,E
sz002517,恺英网络,2025-10-14 10:32:24,24.62,17300,24.58,U
sz002517,恺英网络,2025-10-14 10:32:30,24.61,41000,24.61,D
sz002517,恺英网络,2025-10-14 10:32:36,24.58,14500,24.6,D
sz002517,恺英网络,2025-10-14 10:33:06,24.6,19400,24.59,D
sz002517,恺英网络,2025-10-14 10:33:12,24.63,22600,24.62,U
sz002517,恺英网络,2025-10-14 10:33:21,24.64,40400,24.63,U
sz002517,恺英网络,2025-10-14 10:33:24,24.67,40400,24.64,U
sz002517,恺英网络,2025-10-14 10:33:27,24.71,21700,24.67,U
sz002517,恺英网络,2025-10-14 10:33:30,24.72,16400,24.71,D
sz002517,恺英网络,2025-10-14 10:33:33,24.77,24700,24.72,U
sz002517,恺英网络,2025-10-14 10:33:42,24.7,21500,24.7,U
sz002517,恺英网络,2025-10-14 10:33:48,24.7,15500,24.7,U
sz002517,恺英网络,2025-10-14 10:34:00,24.67,9000,24.67,D
sz002517,恺英网络,2025-10-14 10:34:03,24.67,17000,24.67,D
sz002517,恺英网络,2025-10-14 10:34:06,24.64,10800,24.67,D
sz002517,恺英网络,2025-10-14 10:34:09,24.64,10400,24.64,D
sz002517,恺英网络,2025-10-14 10:34:12,24.62,11500,24.64,D
sz002517,恺英网络,2025-10-14 10:34:15,24.63,17000,24.62,E
sz002517,恺英网络,2025-10-14 10:34:21,24.63,10500,24.62,E
sz002517,恺英网络,2025-10-14 10:34:24,24.62,13700,24.63,D
sz002517,恺英网络,2025-10-14 10:34:27,24.62,9500,24.62,D
sz002517,恺英网络,2025-10-14 10:34:30,24.61,12400,24.62,D
sz002517,恺英网络,2025-10-14 10:34:33,24.61,14600,24.61,D
sz002517,恺英网络,2025-10-14 10:34:36,24.68,73900,24.61,U
sz002517,恺英网络,2025-10-14 10:34:42,24.65,26600,24.68,D
sz002517,恺英网络,2025-10-14 10:34:45,24.67,12000,24.65,E
sz002517,恺英网络,2025-10-14 10:34:51,24.66,17900,24.67,E
sz002517,恺英网络,2025-10-14 10:35:00,24.62,8900,24.62,D
sz002517,恺英网络,2025-10-14 10:35:03,24.61,40800,24.62,D
sz002517,恺英网络,2025-10-14 10:35:06,24.62,14100,24.61,U
sz002517,恺英网络,2025-10-14 10:35:12,24.61,14400,24.61,D
sz002517,恺英网络,2025-10-14 10:35:18,24.6,17100,24.6,D
sz002517,恺英网络,2025-10-14 10:35:27,24.61,28600,24.61,D
sz002517,恺英网络,2025-10-14 10:35:33,24.61,45800,24.6,U
sz002517,恺英网络,2025-10-14 10:35:39,24.69,12100,24.61,U
sz002517,恺英网络,2025-10-14 10:36:00,24.61,15600,24.62,D
sz002517,恺英网络,2025-10-14 10:36:09,24.62,10700,24.65,E
sz002517,恺英网络,2025-10-14 10:36:21,24.66,9800,24.65,U
sz002517,恺英网络,2025-10-14 10:36:36,24.64,10600,24.66,D
sz002517,恺英网络,2025-10-14 10:36:48,24.62,27900,24.66,D
sz002517,恺英网络,2025-10-14 10:37:18,24.69,15000,24.72,D
sz002517,恺英网络,2025-10-14 10:38:00,24.73,12400,24.65,U
sz002517,恺英网络,2025-10-14 10:38:30,24.65,9900,24.65,E
sz002517,恺英网络,2025-10-14 10:38:39,24.67,16300,24.66,U
sz002517,恺英网络,2025-10-14 10:38:51,24.67,11200,24.67,D
sz002517,恺英网络,2025-10-14 10:38:54,24.68,53900,24.67,E
sz002517,恺英网络,2025-10-14 10:39:27,24.65,16000,24.68,D
sz002517,恺英网络,2025-10-14 10:39:36,24.66,15200,24.65,E
sz002517,恺英网络,2025-10-14 10:40:00,24.65,12600,24.65,U
sz002517,恺英网络,2025-10-14 10:40:15,24.63,12900,24.62,U
sz002517,恺英网络,2025-10-14 10:40:18,24.62,16600,24.63,D
sz002517,恺英网络,2025-10-14 10:40:36,24.61,8700,24.61,U
sz002517,恺英网络,2025-10-14 10:40:39,24.63,55200,24.61,U
sz002517,恺英网络,2025-10-14 10:41:30,24.62,54700,24.63,D
sz002517,恺英网络,2025-10-14 10:41:33,24.6,37400,24.62,D
sz002517,恺英网络,2025-10-14 10:42:15,24.65,27100,24.64,U
sz002517,恺英网络,2025-10-14 10:42:18,24.64,66600,24.65,D
sz002517,恺英网络,2025-10-14 10:42:21,24.63,27300,24.64,D
sz002517,恺英网络,2025-10-14 10:42:24,24.62,64400,24.63,D
sz002517,恺英网络,2025-10-14 10:42:27,24.62,42500,24.62,D
sz002517,恺英网络,2025-10-14 10:42:30,24.63,13800,24.62,D
sz002517,恺英网络,2025-10-14 10:42:48,24.67,17700,24.63,U
sz002517,恺英网络,2025-10-14 10:43:24,24.7,8900,24.69,U
sz002517,恺英网络,2025-10-14 10:43:51,24.7,10500,24.67,E
sz002517,恺英网络,2025-10-14 10:44:12,24.7,26000,24.7,U
sz002517,恺英网络,2025-10-14 10:44:15,24.66,110200,24.7,D
sz002517,恺英网络,2025-10-14 10:44:18,24.73,23900,24.66,U
sz002517,恺英网络,2025-10-14 10:44:21,24.74,10100,24.73,U
sz002517,恺英网络,2025-10-14 10:44:24,24.76,8900,24.74,U
sz002517,恺英网络,2025-10-14 10:45:18,24.7,12800,24.73,D
sz002517,恺英网络,2025-10-14 10:45:21,24.72,12900,24.7,U
sz002517,恺英网络,2025-10-14 10:45:24,24.71,12000,24.72,E
sz002517,恺英网络,2025-10-14 10:45:36,24.7,9500,24.73,D
sz002517,恺英网络,2025-10-14 10:45:39,24.7,14900,24.7,D
sz002517,恺英网络,2025-10-14 10:45:42,24.68,12500,24.7,D
sz002517,恺英网络,2025-10-14 10:46:03,24.73,101200,24.71,U
sz002517,恺英网络,2025-10-14 10:46:06,24.73,8700,24.73,U
sz002517,恺英网络,2025-10-14 10:46:09,24.73,15200,24.73,U
sz002517,恺英网络,2025-10-14 10:46:12,24.7,18800,24.73,D
sz002517,恺英网络,2025-10-14 10:46:15,24.7,16300,24.7,U
sz002517,恺英网络,2025-10-14 10:46:51,24.75,23400,24.75,D
sz002517,恺英网络,2025-10-14 10:46:54,24.75,20800,24.75,D
sz002517,恺英网络,2025-10-14 10:47:00,24.74,14500,24.77,D
sz002517,恺英网络,2025-10-14 10:47:27,24.68,47600,24.74,D
sz002517,恺英网络,2025-10-14 10:47:30,24.71,11400,24.68,U
sz002517,恺英网络,2025-10-14 10:47:42,24.74,10500,24.71,U
sz002517,恺英网络,2025-10-14 10:48:06,24.71,55800,24.71,D
sz002517,恺英网络,2025-10-14 10:48:12,24.71,12000,24.7,U
sz002517,恺英网络,2025-10-14 10:48:15,24.72,10800,24.71,U
sz002517,恺英网络,2025-10-14 10:48:24,24.7,71000,24.75,D
sz002517,恺英网络,2025-10-14 10:48:27,24.7,8600,24.7,U
sz002517,恺英网络,2025-10-14 10:48:33,24.71,24800,24.74,D
sz002517,恺英网络,2025-10-14 10:48:36,24.71,8100,24.71,D
sz002517,恺英网络,2025-10-14 10:48:48,24.71,12300,24.74,D
sz002517,恺英网络,2025-10-14 10:49:09,24.7,38100,24.71,D
sz002517,恺英网络,2025-10-14 10:49:12,24.73,14200,24.7,U
sz002517,恺英网络,2025-10-14 10:49:54,24.71,8200,24.7,U
sz002517,恺英网络,2025-10-14 10:50:21,24.69,17300,24.7,D
sz002517,恺英网络,2025-10-14 10:50:27,24.68,8400,24.69,D
sz002517,恺英网络,2025-10-14 10:50:36,24.69,15700,24.69,U
sz002517,恺英网络,2025-10-14 10:50:48,24.69,24100,24.68,U
sz002517,恺英网络,2025-10-14 10:50:54,24.69,40500,24.69,U
sz002517,恺英网络,2025-10-14 10:50:57,24.69,13500,24.69,U
sz002517,恺英网络,2025-10-14 10:51:00,24.69,22600,24.69,U
sz002517,恺英网络,2025-10-14 10:51:21,24.72,17000,24.69,U
sz002517,恺英网络,2025-10-14 10:51:27,24.71,21600,24.71,U
sz002517,恺英网络,2025-10-14 10:51:39,24.75,220400,24.74,U
sz002517,恺英网络,2025-10-14 10:51:42,24.75,57800,24.75,U
sz002517,恺英网络,2025-10-14 10:51:45,24.76,31200,24.75,U
sz002517,恺英网络,2025-10-14 10:51:54,24.78,8500,24.78,U
sz002517,恺英网络,2025-10-14 10:52:24,24.74,30900,24.73,U
sz002517,恺英网络,2025-10-14 10:52:30,24.73,44700,24.75,D
sz002517,恺英网络,2025-10-14 10:52:33,24.74,13200,24.73,E
sz002517,恺英网络,2025-10-14 10:52:45,24.71,97300,24.73,D
sz002517,恺英网络,2025-10-14 10:52:48,24.72,77000,24.71,U
sz002517,恺英网络,2025-10-14 10:52:51,24.69,10500,24.72,D
sz002517,恺英网络,2025-10-14 10:52:54,24.69,19700,24.69,D
sz002517,恺英网络,2025-10-14 10:52:57,24.74,11500,24.69,U
sz002517,恺英网络,2025-10-14 10:53:21,24.68,73100,24.69,D
sz002517,恺英网络,2025-10-14 10:53:36,24.7,18300,24.69,U
sz002517,恺英网络,2025-10-14 10:54:24,24.66,10200,24.67,D
sz002517,恺英网络,2025-10-14 10:54:51,24.67,9400,24.67,U
sz002517,恺英网络,2025-10-14 10:55:00,24.68,12000,24.67,U
sz002517,恺英网络,2025-10-14 10:55:39,24.68,8500,24.69,D
sz002517,恺英网络,2025-10-14 10:55:54,24.67,56400,24.7,D
sz002517,恺英网络,2025-10-14 10:55:57,24.69,19900,24.67,E
sz002517,恺英网络,2025-10-14 10:56:09,24.65,22200,24.67,D
sz002517,恺英网络,2025-10-14 10:56:15,24.65,28800,24.66,D
sz002517,恺英网络,2025-10-14 10:56:18,24.67,22700,24.65,U
sz002517,恺英网络,2025-10-14 10:56:54,24.65,11800,24.64,U
sz002517,恺英网络,2025-10-14 10:56:57,24.66,8400,24.65,U
sz002517,恺英网络,2025-10-14 10:57:03,24.63,9900,24.64,D
sz002517,恺英网络,2025-10-14 10:57:42,24.62,18100,24.63,D
sz002517,恺英网络,2025-10-14 10:57:54,24.63,12700,24.63,U
sz002517,恺英网络,2025-10-14 10:58:00,24.62,11900,24.63,D
sz002517,恺英网络,2025-10-14 10:58:15,24.61,9800,24.62,D
sz002517,恺英网络,2025-10-14 10:58:24,24.61,9600,24.61,U
sz002517,恺英网络,2025-10-14 10:58:33,24.6,11200,24.61,D
sz002517,恺英网络,2025-10-14 11:00:09,24.6,30200,24.58,U
sz002517,恺英网络,2025-10-14 11:00:15,24.6,32500,24.61,D
sz002517,恺英网络,2025-10-14 11:00:21,24.61,15200,24.61,U
sz002517,恺英网络,2025-10-14 11:00:36,24.61,11100,24.6,U
sz002517,恺英网络,2025-10-14 11:00:39,24.62,18900,24.61,U
sz002517,恺英网络,2025-10-14 11:00:42,24.61,10800,24.62,D
sz002517,恺英网络,2025-10-14 11:01:12,24.64,9400,24.63,U
sz002517,恺英网络,2025-10-14 11:01:18,24.61,18300,24.63,D
sz002517,恺英网络,2025-10-14 11:01:27,24.61,17800,24.6,U
sz002517,恺英网络,2025-10-14 11:01:54,24.63,25000,24.64,E
sz002517,恺英网络,2025-10-14 11:05:03,24.64,69400,24.61,U
sz002517,恺英网络,2025-10-14 11:05:06,24.63,20300,24.64,U
sz002517,恺英网络,2025-10-14 11:05:18,24.62,9400,24.63,D
sz002517,恺英网络,2025-10-14 11:06:21,24.56,11900,24.56,D
sz002517,恺英网络,2025-10-14 11:06:24,24.56,16100,24.56,D
sz002517,恺英网络,2025-10-14 11:06:33,24.56,24000,24.57,D
sz002517,恺英网络,2025-10-14 11:06:54,24.54,170800,24.56,D
sz002517,恺英网络,2025-10-14 11:07:09,24.51,22000,24.53,D
sz002517,恺英网络,2025-10-14 11:07:45,24.5,83500,24.52,D
sz002517,恺英网络,2025-10-14 11:07:48,24.48,8300,24.5,D
sz002517,恺英网络,2025-10-14 11:08:03,24.48,25400,24.48,D
sz002517,恺英网络,2025-10-14 11:08:15,24.49,11400,24.47,U
sz002517,恺英网络,2025-10-14 11:08:21,24.47,50600,24.48,D
sz002517,恺英网络,2025-10-14 11:09:12,24.48,36600,24.49,D
sz002517,恺英网络,2025-10-14 11:09:15,24.49,15900,24.48,U
sz002517,恺英网络,2025-10-14 11:09:30,24.48,13900,24.5,D
sz002517,恺英网络,2025-10-14 11:09:51,24.46,10100,24.47,D
sz002517,恺英网络,2025-10-14 11:09:57,24.44,51700,24.47,D
sz002517,恺英网络,2025-10-14 11:10:06,24.44,10200,24.43,U
sz002517,恺英网络,2025-10-14 11:10:36,24.43,9500,24.45,D
sz002517,恺英网络,2025-10-14 11:10:42,24.43,50800,24.42,E
sz002517,恺英网络,2025-10-14 11:10:57,24.38,58500,24.42,D
sz002517,恺英网络,2025-10-14 11:11:03,24.44,12900,24.43,D
sz002517,恺英网络,2025-10-14 11:11:06,24.44,8300,24.44,U
sz002517,恺英网络,2025-10-14 11:11:15,24.44,50200,24.45,D
sz002517,恺英网络,2025-10-14 11:11:18,24.43,39500,24.44,E
sz002517,恺英网络,2025-10-14 11:11:45,24.43,8800,24.44,D
sz002517,恺英网络,2025-10-14 11:12:00,24.42,9400,24.43,D
sz002517,恺英网络,2025-10-14 11:12:48,24.48,8900,24.46,U
sz002517,恺英网络,2025-10-14 11:12:54,24.47,52000,24.48,D
sz002517,恺英网络,2025-10-14 11:13:21,24.48,13900,24.46,U
sz002517,恺英网络,2025-10-14 11:14:39,24.46,17100,24.46,U
sz002517,恺英网络,2025-10-14 11:16:24,24.46,26000,24.48,D
sz002517,恺英网络,2025-10-14 11:17:06,24.46,24600,24.45,U
sz002517,恺英网络,2025-10-14 11:17:36,24.4,8900,24.41,D
sz002517,恺英网络,2025-10-14 11:17:42,24.4,10900,24.4,E
sz002517,恺英网络,2025-10-14 11:17:45,24.4,11500,24.4,D
sz002517,恺英网络,2025-10-14 11:18:12,24.42,8700,24.43,D
sz002517,恺英网络,2025-10-14 11:18:15,24.42,8900,24.42,E
sz002517,恺英网络,2025-10-14 11:18:21,24.41,29300,24.41,D
sz002517,恺英网络,2025-10-14 11:18:51,24.4,10100,24.4,D
sz002517,恺英网络,2025-10-14 11:18:54,24.36,110600,24.4,D
sz002517,恺英网络,2025-10-14 11:19:06,24.36,30900,24.37,E
sz002517,恺英网络,2025-10-14 11:19:09,24.33,30500,24.36,D
sz002517,恺英网络,2025-10-14 11:19:12,24.36,17300,24.33,E
sz002517,恺英网络,2025-10-14 11:19:15,24.37,24000,24.36,E
sz002517,恺英网络,2025-10-14 11:19:18,24.35,26000,24.37,D
sz002517,恺英网络,2025-10-14 11:19:21,24.35,22900,24.35,D
sz002517,恺英网络,2025-10-14 11:19:24,24.32,21800,24.35,D
sz002517,恺英网络,2025-10-14 11:19:27,24.36,24700,24.32,U
sz002517,恺英网络,2025-10-14 11:19:30,24.35,35800,24.36,D
sz002517,恺英网络,2025-10-14 11:19:33,24.31,33800,24.35,D
sz002517,恺英网络,2025-10-14 11:19:36,24.32,21800,24.31,D
sz002517,恺英网络,2025-10-14 11:19:42,24.33,73300,24.33,U
sz002517,恺英网络,2025-10-14 11:19:48,24.31,33900,24.33,D
sz002517,恺英网络,2025-10-14 11:19:51,24.33,18700,24.31,E
sz002517,恺英网络,2025-10-14 11:19:54,24.32,24900,24.33,D
sz002517,恺英网络,2025-10-14 11:20:00,24.36,9400,24.35,U
sz002517,恺英网络,2025-10-14 11:20:06,24.36,18900,24.36,E
sz002517,恺英网络,2025-10-14 11:20:21,24.33,9700,24.35,D
sz002517,恺英网络,2025-10-14 11:20:27,24.35,11800,24.37,D
sz002517,恺英网络,2025-10-14 11:20:45,24.34,11100,24.35,D
sz002517,恺英网络,2025-10-14 11:22:33,24.36,19600,24.35,U
sz002517,恺英网络,2025-10-14 11:22:36,24.39,63200,24.36,U
sz002517,恺英网络,2025-10-14 11:23:24,24.38,12000,24.4,D
sz002517,恺英网络,2025-10-14 11:23:51,24.42,9500,24.41,U
sz002517,恺英网络,2025-10-14 11:24:09,24.46,14900,24.42,U
sz002517,恺英网络,2025-10-14 11:25:24,24.41,13200,24.4,E
sz002517,恺英网络,2025-10-14 11:27:21,24.38,10000,24.37,U
sz002517,恺英网络,2025-10-14 11:28:06,24.4,8200,24.39,U
sz002517,恺英网络,2025-10-14 11:28:12,24.4,18000,24.42,D
sz002517,恺英网络,2025-10-14 13:00:00,24.41,32000,24.41,D
sz002517,恺英网络,2025-10-14 13:00:03,24.4,35900,24.41,D
sz002517,恺英网络,2025-10-14 13:00:09,24.39,11100,24.39,U
sz002517,恺英网络,2025-10-14 13:00:15,24.38,14300,24.37,U
sz002517,恺英网络,2025-10-14 13:00:42,24.35,46300,24.36,D
sz002517,恺英网络,2025-10-14 13:00:48,24.31,100500,24.35,D
sz002517,恺英网络,2025-10-14 13:01:03,24.33,12400,24.33,E
sz002517,恺英网络,2025-10-14 13:01:42,24.28,61200,24.31,D
sz002517,恺英网络,2025-10-14 13:02:00,24.28,18400,24.28,D
sz002517,恺英网络,2025-10-14 13:02:06,24.26,41100,24.28,D
sz002517,恺英网络,2025-10-14 13:02:54,24.25,11200,24.26,D
sz002517,恺英网络,2025-10-14 13:03:27,24.23,14400,24.24,D
sz002517,恺英网络,2025-10-14 13:04:00,24.2,70000,24.23,D
sz002517,恺英网络,2025-10-14 13:04:15,24.21,8300,24.23,D
sz002517,恺英网络,2025-10-14 13:04:48,24.19,12400,24.19,U
sz002517,恺英网络,2025-10-14 13:04:57,24.19,13600,24.19,D
sz002517,恺英网络,2025-10-14 13:05:06,24.18,23200,24.19,D
sz002517,恺英网络,2025-10-14 13:05:09,24.18,17800,24.18,U
sz002517,恺英网络,2025-10-14 13:05:18,24.19,41600,24.18,U
sz002517,恺英网络,2025-10-14 13:05:27,24.21,10400,24.19,U
sz002517,恺英网络,2025-10-14 13:05:45,24.21,42100,24.2,U
sz002517,恺英网络,2025-10-14 13:06:06,24.25,74000,24.21,U
sz002517,恺英网络,2025-10-14 13:06:15,24.23,24800,24.24,D
sz002517,恺英网络,2025-10-14 13:07:00,24.2,21900,24.21,D
sz002517,恺英网络,2025-10-14 13:07:21,24.22,52600,24.19,U
sz002517,恺英网络,2025-10-14 13:07:30,24.23,11900,24.22,U
sz002517,恺英网络,2025-10-14 13:07:42,24.24,26200,24.25,D
sz002517,恺英网络,2025-10-14 13:07:45,24.24,8300,24.24,U
sz002517,恺英网络,2025-10-14 13:08:57,24.24,10500,24.22,U
sz002517,恺英网络,2025-10-14 13:09:33,24.2,8500,24.22,D
sz002517,恺英网络,2025-10-14 13:09:45,24.2,13100,24.21,D
sz002517,恺英网络,2025-10-14 13:10:21,24.19,10800,24.19,U
sz002517,恺英网络,2025-10-14 13:10:30,24.19,10800,24.2,D
sz002517,恺英网络,2025-10-14 13:10:36,24.19,12500,24.2,D
sz002517,恺英网络,2025-10-14 13:10:39,24.21,8600,24.19,U
sz002517,恺英网络,2025-10-14 13:10:45,24.2,10200,24.2,D
sz002517,恺英网络,2025-10-14 13:10:48,24.18,19100,24.2,D
sz002517,恺英网络,2025-10-14 13:10:54,24.19,12500,24.18,E
sz002517,恺英网络,2025-10-14 13:11:12,24.21,10400,24.2,U
sz002517,恺英网络,2025-10-14 13:11:54,24.2,10200,24.19,U
sz002517,恺英网络,2025-10-14 13:12:15,24.18,8500,24.19,D
sz002517,恺英网络,2025-10-14 13:12:33,24.17,12500,24.17,D
sz002517,恺英网络,2025-10-14 13:13:00,24.18,27700,24.16,U
sz002517,恺英网络,2025-10-14 13:13:03,24.2,11300,24.18,U
sz002517,恺英网络,2025-10-14 13:13:36,24.19,8300,24.19,D
sz002517,恺英网络,2025-10-14 13:13:57,24.18,11200,24.19,D
sz002517,恺英网络,2025-10-14 13:15:00,24.21,36300,24.18,U
sz002517,恺英网络,2025-10-14 13:15:18,24.22,16300,24.22,D
sz002517,恺英网络,2025-10-14 13:15:21,24.24,22200,24.22,U
sz002517,恺英网络,2025-10-14 13:15:27,24.24,16000,24.25,D
sz002517,恺英网络,2025-10-14 13:16:15,24.21,16300,24.22,D
sz002517,恺英网络,2025-10-14 13:17:15,24.25,10600,24.24,U
sz002517,恺英网络,2025-10-14 13:17:24,24.23,8500,24.26,D
sz002517,恺英网络,2025-10-14 13:18:06,24.27,10400,24.26,U
sz002517,恺英网络,2025-10-14 13:18:09,24.28,18400,24.27,U
sz002517,恺英网络,2025-10-14 13:18:12,24.3,12400,24.28,U
sz002517,恺英网络,2025-10-14 13:18:24,24.3,8300,24.31,E
sz002517,恺英网络,2025-10-14 13:18:39,24.29,10600,24.3,D
sz002517,恺英网络,2025-10-14 13:19:09,24.28,13000,24.28,D
sz002517,恺英网络,2025-10-14 13:19:15,24.34,36000,24.28,U
sz002517,恺英网络,2025-10-14 13:19:21,24.36,9800,24.32,U
sz002517,恺英网络,2025-10-14 13:19:42,24.39,9700,24.4,D
sz002517,恺英网络,2025-10-14 13:19:51,24.38,32800,24.39,D
sz002517,恺英网络,2025-10-14 13:20:00,24.38,25500,24.42,D
sz002517,恺英网络,2025-10-14 13:20:03,24.38,23700,24.38,D
sz002517,恺英网络,2025-10-14 13:20:33,24.4,8600,24.4,U
sz002517,恺英网络,2025-10-14 13:20:39,24.42,10600,24.39,U
sz002517,恺英网络,2025-10-14 13:20:48,24.4,14500,24.4,E
sz002517,恺英网络,2025-10-14 13:21:15,24.44,14200,24.4,U
sz002517,恺英网络,2025-10-14 13:21:18,24.47,8200,24.44,U
sz002517,恺英网络,2025-10-14 13:21:42,24.47,31200,24.47,E
sz002517,恺英网络,2025-10-14 13:22:36,24.45,18600,24.46,D
sz002517,恺英网络,2025-10-14 13:23:03,24.43,32800,24.44,D
sz002517,恺英网络,2025-10-14 13:23:12,24.42,15100,24.44,D
sz002517,恺英网络,2025-10-14 13:23:45,24.42,19300,24.42,U
sz002517,恺英网络,2025-10-14 13:23:48,24.43,11800,24.42,U
sz002517,恺英网络,2025-10-14 13:23:54,24.39,11200,24.4,D
sz002517,恺英网络,2025-10-14 13:24:21,24.39,15300,24.38,U
sz002517,恺英网络,2025-10-14 13:24:24,24.42,19300,24.39,U
sz002517,恺英网络,2025-10-14 13:24:33,24.44,10900,24.42,U
sz002517,恺英网络,2025-10-14 13:24:45,24.45,16900,24.44,U
sz002517,恺英网络,2025-10-14 13:24:51,24.44,10500,24.44,D
sz002517,恺英网络,2025-10-14 13:24:54,24.45,15300,24.44,E
sz002517,恺英网络,2025-10-14 13:24:57,24.45,41100,24.45,U
sz002517,恺英网络,2025-10-14 13:25:12,24.41,12600,24.4,E
sz002517,恺英网络,2025-10-14 13:25:18,24.4,20600,24.41,D
sz002517,恺英网络,2025-10-14 13:26:09,24.45,11700,24.47,D
sz002517,恺英网络,2025-10-14 13:26:54,24.4,16200,24.44,D
sz002517,恺英网络,2025-10-14 13:27:09,24.45,9100,24.44,U
sz002517,恺英网络,2025-10-14 13:28:00,24.45,11300,24.47,D
sz002517,恺英网络,2025-10-14 13:28:42,24.39,23000,24.4,D
sz002517,恺英网络,2025-10-14 13:28:45,24.4,8700,24.39,U
sz002517,恺英网络,2025-10-14 13:28:48,24.41,44900,24.4,U
sz002517,恺英网络,2025-10-14 13:29:39,24.39,10200,24.37,U
sz002517,恺英网络,2025-10-14 13:29:54,24.37,8400,24.39,D
sz002517,恺英网络,2025-10-14 13:31:06,24.49,9700,24.48,U
sz002517,恺英网络,2025-10-14 13:31:21,24.49,15200,24.49,D
sz002517,恺英网络,2025-10-14 13:31:33,24.47,18600,24.52,D
sz002517,恺英网络,2025-10-14 13:31:39,24.46,10300,24.5,D
sz002517,恺英网络,2025-10-14 13:31:48,24.46,18400,24.46,E
sz002517,恺英网络,2025-10-14 13:31:54,24.45,34800,24.45,D
sz002517,恺英网络,2025-10-14 13:32:03,24.44,30700,24.46,D
sz002517,恺英网络,2025-10-14 13:32:12,24.43,22700,24.44,D
sz002517,恺英网络,2025-10-14 13:32:18,24.43,17200,24.43,D
sz002517,恺英网络,2025-10-14 13:32:24,24.44,9200,24.42,U
sz002517,恺英网络,2025-10-14 13:32:39,24.43,21200,24.45,D
sz002517,恺英网络,2025-10-14 13:33:00,24.41,15200,24.4,U
sz002517,恺英网络,2025-10-14 13:33:12,24.36,14800,24.37,D
sz002517,恺英网络,2025-10-14 13:33:15,24.36,18700,24.36,D
sz002517,恺英网络,2025-10-14 13:33:27,24.34,18200,24.35,D
sz002517,恺英网络,2025-10-14 13:33:30,24.36,10100,24.34,U
sz002517,恺英网络,2025-10-14 13:33:57,24.36,9700,24.35,U
sz002517,恺英网络,2025-10-14 13:34:03,24.36,8900,24.36,D
sz002517,恺英网络,2025-10-14 13:34:09,24.36,10500,24.36,D
sz002517,恺英网络,2025-10-14 13:35:33,24.35,8700,24.35,D
sz002517,恺英网络,2025-10-14 13:35:48,24.33,14400,24.34,D
sz002517,恺英网络,2025-10-14 13:36:48,24.3,28400,24.33,D
sz002517,恺英网络,2025-10-14 13:36:51,24.3,23600,24.3,U
sz002517,恺英网络,2025-10-14 13:37:33,24.28,9300,24.28,D
sz002517,恺英网络,2025-10-14 13:37:51,24.28,15400,24.29,D
sz002517,恺英网络,2025-10-14 13:38:12,24.28,11500,24.29,D
sz002517,恺英网络,2025-10-14 13:38:36,24.27,10000,24.27,D
sz002517,恺英网络,2025-10-14 13:39:00,24.27,16600,24.27,D
sz002517,恺英网络,2025-10-14 13:39:09,24.29,19800,24.26,U
sz002517,恺英网络,2025-10-14 13:40:06,24.26,104400,24.27,D
sz002517,恺英网络,2025-10-14 13:40:33,24.26,10500,24.26,D
sz002517,恺英网络,2025-10-14 13:41:09,24.23,10700,24.23,D
sz002517,恺英网络,2025-10-14 13:41:24,24.26,15100,24.23,U
sz002517,恺英网络,2025-10-14 13:43:09,24.25,9200,24.25,U
sz002517,恺英网络,2025-10-14 13:43:12,24.23,25500,24.25,D
sz002517,恺英网络,2025-10-14 13:43:24,24.26,9500,24.25,U
sz002517,恺英网络,2025-10-14 13:44:00,24.27,21000,24.28,D
sz002517,恺英网络,2025-10-14 13:44:03,24.26,8400,24.27,E
sz002517,恺英网络,2025-10-14 13:44:09,24.28,11700,24.27,U
sz002517,恺英网络,2025-10-14 13:44:12,24.27,50300,24.28,D
sz002517,恺英网络,2025-10-14 13:44:33,24.31,18800,24.28,U
sz002517,恺英网络,2025-10-14 13:44:51,24.3,16100,24.3,D
sz002517,恺英网络,2025-10-14 13:45:57,24.25,9500,24.26,D
sz002517,恺英网络,2025-10-14 13:46:00,24.25,62800,24.25,D
sz002517,恺英网络,2025-10-14 13:47:39,24.29,8600,24.3,D
sz002517,恺英网络,2025-10-14 13:48:06,24.27,28900,24.27,D
sz002517,恺英网络,2025-10-14 13:48:30,24.3,52200,24.29,U
sz002517,恺英网络,2025-10-14 13:48:33,24.33,11200,24.3,U
sz002517,恺英网络,2025-10-14 13:50:09,24.37,15700,24.37,U
sz002517,恺英网络,2025-10-14 13:50:12,24.38,10500,24.37,U
sz002517,恺英网络,2025-10-14 13:50:24,24.39,9500,24.38,U
sz002517,恺英网络,2025-10-14 13:51:06,24.36,10200,24.38,D
sz002517,恺英网络,2025-10-14 13:51:24,24.39,8400,24.36,U
sz002517,恺英网络,2025-10-14 13:51:30,24.43,8800,24.41,U
sz002517,恺英网络,2025-10-14 13:51:42,24.46,8200,24.43,U
sz002517,恺英网络,2025-10-14 13:51:45,24.46,10200,24.46,U
sz002517,恺英网络,2025-10-14 13:52:03,24.47,10800,24.46,U
sz002517,恺英网络,2025-10-14 13:52:06,24.47,18100,24.47,U
sz002517,恺英网络,2025-10-14 13:52:09,24.5,11200,24.47,U
sz002517,恺英网络,2025-10-14 13:52:12,24.49,17300,24.5,E
sz002517,恺英网络,2025-10-14 13:52:15,24.49,8800,24.49,D
sz002517,恺英网络,2025-10-14 13:52:30,24.49,25400,24.5,D
sz002517,恺英网络,2025-10-14 13:52:36,24.47,11800,24.51,D
sz002517,恺英网络,2025-10-14 13:53:03,24.43,15900,24.44,D
sz002517,恺英网络,2025-10-14 13:53:33,24.43,10700,24.43,U
sz002517,恺英网络,2025-10-14 13:54:00,24.47,10100,24.48,D
sz002517,恺英网络,2025-10-14 13:54:03,24.48,13400,24.47,U
sz002517,恺英网络,2025-10-14 13:54:15,24.47,12900,24.46,U
sz002517,恺英网络,2025-10-14 13:54:39,24.43,18000,24.45,D
sz002517,恺英网络,2025-10-14 13:54:48,24.48,26000,24.45,U
sz002517,恺英网络,2025-10-14 13:55:12,24.46,8200,24.47,U
sz002517,恺英网络,2025-10-14 13:55:18,24.45,14200,24.47,D
sz002517,恺英网络,2025-10-14 13:55:57,24.45,10500,24.45,D
sz002517,恺英网络,2025-10-14 13:56:18,24.44,12500,24.45,D
sz002517,恺英网络,2025-10-14 13:56:36,24.45,20700,24.44,U
sz002517,恺英网络,2025-10-14 13:56:54,24.44,8700,24.44,U
sz002517,恺英网络,2025-10-14 13:57:36,24.44,11700,24.44,D
sz002517,恺英网络,2025-10-14 13:58:00,24.43,8700,24.44,D
sz002517,恺英网络,2025-10-14 13:58:27,24.44,8900,24.45,E
sz002517,恺英网络,2025-10-14 13:58:36,24.44,9200,24.42,U
sz002517,恺英网络,2025-10-14 13:59:06,24.44,10400,24.44,U
sz002517,恺英网络,2025-10-14 13:59:30,24.45,13900,24.41,U
sz002517,恺英网络,2025-10-14 13:59:33,24.44,10000,24.45,E
sz002517,恺英网络,2025-10-14 13:59:51,24.42,56700,24.42,U
sz002517,恺英网络,2025-10-14 14:00:00,24.39,26600,24.4,D
sz002517,恺英网络,2025-10-14 14:00:15,24.43,15000,24.4,U
sz002517,恺英网络,2025-10-14 14:01:00,24.42,12500,24.42,U
sz002517,恺英网络,2025-10-14 14:02:06,24.43,8800,24.4,U
sz002517,恺英网络,2025-10-14 14:02:21,24.38,94400,24.4,D
sz002517,恺英网络,2025-10-14 14:02:24,24.35,8700,24.38,D
sz002517,恺英网络,2025-10-14 14:02:27,24.38,11600,24.35,E
sz002517,恺英网络,2025-10-14 14:03:24,24.44,11700,24.44,U
sz002517,恺英网络,2025-10-14 14:03:30,24.46,10500,24.47,D
sz002517,恺英网络,2025-10-14 14:03:39,24.44,25400,24.45,D
sz002517,恺英网络,2025-10-14 14:03:45,24.45,48900,24.46,E
sz002517,恺英网络,2025-10-14 14:04:03,24.44,16700,24.44,D
sz002517,恺英网络,2025-10-14 14:04:15,24.44,8200,24.44,D
sz002517,恺英网络,2025-10-14 14:04:27,24.42,111100,24.42,U
sz002517,恺英网络,2025-10-14 14:05:45,24.38,65200,24.4,D
sz002517,恺英网络,2025-10-14 14:06:06,24.36,8300,24.36,U
sz002517,恺英网络,2025-10-14 14:07:48,24.4,10300,24.39,U
sz002517,恺英网络,2025-10-14 14:09:12,24.32,11500,24.32,D
sz002517,恺英网络,2025-10-14 14:10:12,24.31,15700,24.32,D
sz002517,恺英网络,2025-10-14 14:10:18,24.31,43600,24.32,D
sz002517,恺英网络,2025-10-14 14:10:21,24.3,9100,24.31,D
sz002517,恺英网络,2025-10-14 14:11:33,24.29,11600,24.29,U
sz002517,恺英网络,2025-10-14 14:11:39,24.28,21000,24.3,D
sz002517,恺英网络,2025-10-14 14:11:51,24.32,15500,24.3,U
sz002517,恺英网络,2025-10-14 14:12:03,24.33,11900,24.32,U
sz002517,恺英网络,2025-10-14 14:12:33,24.34,15900,24.33,U
sz002517,恺英网络,2025-10-14 14:12:54,24.32,10900,24.33,D
sz002517,恺英网络,2025-10-14 14:13:12,24.32,11650,24.3,U
sz002517,恺英网络,2025-10-14 14:13:21,24.33,9400,24.31,U
sz002517,恺英网络,2025-10-14 14:14:03,24.33,90400,24.3,U
sz002517,恺英网络,2025-10-14 14:14:54,24.36,14400,24.36,U
sz002517,恺英网络,2025-10-14 14:15:00,24.36,10500,24.35,U
sz002517,恺英网络,2025-10-14 14:15:06,24.37,19400,24.36,U
sz002517,恺英网络,2025-10-14 14:15:27,24.33,13950,24.35,D
sz002517,恺英网络,2025-10-14 14:17:21,24.32,11800,24.32,U
sz002517,恺英网络,2025-10-14 14:17:48,24.29,38700,24.29,U
sz002517,恺英网络,2025-10-14 14:18:24,24.3,20400,24.3,E
sz002517,恺英网络,2025-10-14 14:18:30,24.27,16200,24.3,D
sz002517,恺英网络,2025-10-14 14:19:03,24.28,11400,24.27,U
sz002517,恺英网络,2025-10-14 14:19:39,24.27,10300,24.26,U
sz002517,恺英网络,2025-10-14 14:19:45,24.26,16200,24.27,D
sz002517,恺英网络,2025-10-14 14:20:51,24.26,11900,24.26,U
sz002517,恺英网络,2025-10-14 14:21:00,24.27,18900,24.26,U
sz002517,恺英网络,2025-10-14 14:21:03,24.28,14300,24.27,U
sz002517,恺英网络,2025-10-14 14:21:27,24.26,19200,24.28,D
sz002517,恺英网络,2025-10-14 14:21:30,24.26,10800,24.26,E
sz002517,恺英网络,2025-10-14 14:22:00,24.23,8400,24.23,D
sz002517,恺英网络,2025-10-14 14:22:42,24.25,12300,24.24,U
sz002517,恺英网络,2025-10-14 14:23:54,24.21,20000,24.22,D
sz002517,恺英网络,2025-10-14 14:23:57,24.21,16900,24.21,D
sz002517,恺英网络,2025-10-14 14:24:45,24.23,30900,24.23,D
sz002517,恺英网络,2025-10-14 14:25:00,24.22,25300,24.23,D
sz002517,恺英网络,2025-10-14 14:25:03,24.21,9700,24.22,D
sz002517,恺英网络,2025-10-14 14:25:09,24.21,16200,24.21,D
sz002517,恺英网络,2025-10-14 14:25:12,24.22,9100,24.21,U
sz002517,恺英网络,2025-10-14 14:26:03,24.23,12900,24.22,U
sz002517,恺英网络,2025-10-14 14:26:33,24.24,12500,24.23,U
sz002517,恺英网络,2025-10-14 14:26:45,24.25,9200,24.23,U
sz002517,恺英网络,2025-10-14 14:27:24,24.22,9000,24.22,D
sz002517,恺英网络,2025-10-14 14:27:51,24.22,38900,24.22,U
sz002517,恺英网络,2025-10-14 14:28:03,24.21,48400,24.2,U
sz002517,恺英网络,2025-10-14 14:28:15,24.23,8400,24.22,U
sz002517,恺英网络,2025-10-14 14:28:45,24.22,10300,24.22,U
sz002517,恺英网络,2025-10-14 14:28:48,24.23,31100,24.22,U
sz002517,恺英网络,2025-10-14 14:29:00,24.2,52900,24.23,D
sz002517,恺英网络,2025-10-14 14:29:09,24.24,8500,24.24,U
sz002517,恺英网络,2025-10-14 14:30:09,24.27,13600,24.27,D
sz002517,恺英网络,2025-10-14 14:30:12,24.27,14000,24.27,D
sz002517,恺英网络,2025-10-14 14:30:15,24.27,28200,24.27,E
sz002517,恺英网络,2025-10-14 14:31:00,24.26,10000,24.27,D
sz002517,恺英网络,2025-10-14 14:31:12,24.29,8700,24.28,U
sz002517,恺英网络,2025-10-14 14:31:15,24.29,13800,24.29,U
sz002517,恺英网络,2025-10-14 14:31:51,24.32,19900,24.31,U
sz002517,恺英网络,2025-10-14 14:32:00,24.29,8800,24.32,D
sz002517,恺英网络,2025-10-14 14:32:03,24.28,11300,24.29,D
sz002517,恺英网络,2025-10-14 14:32:09,24.3,11600,24.29,U
sz002517,恺英网络,2025-10-14 14:32:12,24.3,53800,24.3,E
sz002517,恺英网络,2025-10-14 14:32:21,24.32,16600,24.32,U
sz002517,恺英网络,2025-10-14 14:32:33,24.32,9800,24.32,U
sz002517,恺英网络,2025-10-14 14:33:06,24.3,15300,24.31,D
sz002517,恺英网络,2025-10-14 14:33:09,24.3,12000,24.3,D
sz002517,恺英网络,2025-10-14 14:33:12,24.28,9600,24.3,D
sz002517,恺英网络,2025-10-14 14:33:15,24.26,9600,24.28,D
sz002517,恺英网络,2025-10-14 14:33:39,24.22,9600,24.24,D
sz002517,恺英网络,2025-10-14 14:33:51,24.25,110300,24.23,U
sz002517,恺英网络,2025-10-14 14:34:00,24.25,8400,24.25,U
sz002517,恺英网络,2025-10-14 14:34:03,24.24,9200,24.25,D
sz002517,恺英网络,2025-10-14 14:34:06,24.23,10100,24.24,D
sz002517,恺英网络,2025-10-14 14:34:12,24.21,21800,24.21,D
sz002517,恺英网络,2025-10-14 14:34:15,24.19,93700,24.21,D
sz002517,恺英网络,2025-10-14 14:34:18,24.2,10300,24.19,U
sz002517,恺英网络,2025-10-14 14:34:24,24.17,21300,24.19,D
sz002517,恺英网络,2025-10-14 14:34:57,24.19,10100,24.18,U
sz002517,恺英网络,2025-10-14 14:35:15,24.18,8400,24.19,D
sz002517,恺英网络,2025-10-14 14:35:30,24.19,51700,24.18,U
sz002517,恺英网络,2025-10-14 14:35:36,24.18,24400,24.19,D
sz002517,恺英网络,2025-10-14 14:36:03,24.18,86500,24.17,U
sz002517,恺英网络,2025-10-14 14:36:06,24.15,10200,24.18,D
sz002517,恺英网络,2025-10-14 14:36:18,24.16,12300,24.16,D
sz002517,恺英网络,2025-10-14 14:36:21,24.16,25300,24.16,D
sz002517,恺英网络,2025-10-14 14:36:24,24.17,31100,24.16,U
sz002517,恺英网络,2025-10-14 14:36:33,24.16,35500,24.15,U
sz002517,恺英网络,2025-10-14 14:36:36,24.14,10500,24.16,D
sz002517,恺英网络,2025-10-14 14:36:39,24.13,41800,24.14,D
sz002517,恺英网络,2025-10-14 14:37:09,24.12,17700,24.11,U
sz002517,恺英网络,2025-10-14 14:37:21,24.12,8600,24.13,D
sz002517,恺英网络,2025-10-14 14:37:24,24.12,10000,24.12,U
sz002517,恺英网络,2025-10-14 14:37:30,24.12,13700,24.12,U
sz002517,恺英网络,2025-10-14 14:37:39,24.13,53200,24.12,U
sz002517,恺英网络,2025-10-14 14:37:54,24.12,8700,24.11,U
sz002517,恺英网络,2025-10-14 14:38:12,24.14,21200,24.12,U
sz002517,恺英网络,2025-10-14 14:38:54,24.11,12400,24.11,D
sz002517,恺英网络,2025-10-14 14:39:12,24.11,84200,24.11,D
sz002517,恺英网络,2025-10-14 14:39:21,24.1,9500,24.1,E
sz002517,恺英网络,2025-10-14 14:39:27,24.13,69300,24.09,U
sz002517,恺英网络,2025-10-14 14:39:30,24.11,26100,24.13,D
sz002517,恺英网络,2025-10-14 14:40:00,24.09,12500,24.09,D
sz002517,恺英网络,2025-10-14 14:40:06,24.08,14600,24.09,D
sz002517,恺英网络,2025-10-14 14:40:09,24.07,23200,24.08,D
sz002517,恺英网络,2025-10-14 14:40:12,24.07,16600,24.07,D
sz002517,恺英网络,2025-10-14 14:40:15,24.07,8400,24.07,U
sz002517,恺英网络,2025-10-14 14:40:30,24.05,13500,24.07,D
sz002517,恺英网络,2025-10-14 14:40:42,24.06,30900,24.08,D
sz002517,恺英网络,2025-10-14 14:40:45,24.05,20300,24.06,D
sz002517,恺英网络,2025-10-14 14:40:48,24.05,17300,24.05,U
sz002517,恺英网络,2025-10-14 14:40:51,24.04,9300,24.05,D
sz002517,恺英网络,2025-10-14 14:40:54,24.05,9100,24.04,U
sz002517,恺英网络,2025-10-14 14:40:57,24.05,90400,24.05,U
sz002517,恺英网络,2025-10-14 14:41:09,24.07,15200,24.06,U
sz002517,恺英网络,2025-10-14 14:41:30,24.07,9000,24.07,U
sz002517,恺英网络,2025-10-14 14:41:51,24.05,8400,24.05,D
sz002517,恺英网络,2025-10-14 14:42:09,24.04,15400,24.04,D
sz002517,恺英网络,2025-10-14 14:42:12,24.04,11300,24.04,U
sz002517,恺英网络,2025-10-14 14:42:18,24.03,47400,24.03,D
sz002517,恺英网络,2025-10-14 14:42:21,24.03,48700,24.03,U
sz002517,恺英网络,2025-10-14 14:42:48,24.04,8600,24.03,U
sz002517,恺英网络,2025-10-14 14:42:51,24.03,84300,24.04,D
sz002517,恺英网络,2025-10-14 14:43:03,24.01,93500,24.02,D
sz002517,恺英网络,2025-10-14 14:43:12,24.02,88900,24.01,U
sz002517,恺英网络,2025-10-14 14:43:18,24.02,9100,24.02,D
sz002517,恺英网络,2025-10-14 14:43:21,24.01,81100,24.02,D
sz002517,恺英网络,2025-10-14 14:43:24,24.04,18200,24.01,U
sz002517,恺英网络,2025-10-14 14:43:27,24.03,49500,24.04,D
sz002517,恺英网络,2025-10-14 14:43:30,24.01,17556,24.03,D
sz002517,恺英网络,2025-10-14 14:43:33,24.02,101600,24.01,E
sz002517,恺英网络,2025-10-14 14:43:42,24.06,74900,24.04,U
sz002517,恺英网络,2025-10-14 14:43:48,24.05,9400,24.07,D
sz002517,恺英网络,2025-10-14 14:43:54,24.05,26300,24.07,D
sz002517,恺英网络,2025-10-14 14:43:57,24.06,15400,24.05,U
sz002517,恺英网络,2025-10-14 14:44:09,24.05,10500,24.07,D
sz002517,恺英网络,2025-10-14 14:44:24,24.04,13900,24.05,D
sz002517,恺英网络,2025-10-14 14:44:30,24.03,15200,24.04,D
sz002517,恺英网络,2025-10-14 14:44:33,24.04,9400,24.03,U
sz002517,恺英网络,2025-10-14 14:44:36,24.02,10500,24.04,D
sz002517,恺英网络,2025-10-14 14:44:39,24.01,14500,24.02,D
sz002517,恺英网络,2025-10-14 14:44:45,24.0,10100,24.0,D
sz002517,恺英网络,2025-10-14 14:44:48,24.0,19700,24.0,D
sz002517,恺英网络,2025-10-14 14:45:06,24.01,19100,24.01,D
sz002517,恺英网络,2025-10-14 14:45:09,24.04,24300,24.01,U
sz002517,恺英网络,2025-10-14 14:45:12,24.03,82000,24.04,D
sz002517,恺英网络,2025-10-14 14:45:21,24.03,10200,24.03,D
sz002517,恺英网络,2025-10-14 14:45:24,24.0,18900,24.03,D
sz002517,恺英网络,2025-10-14 14:45:36,24.03,9000,24.02,U
sz002517,恺英网络,2025-10-14 14:45:48,24.03,28000,24.03,D
sz002517,恺英网络,2025-10-14 14:46:09,24.03,8500,24.03,U
sz002517,恺英网络,2025-10-14 14:46:15,24.02,33500,24.02,D
sz002517,恺英网络,2025-10-14 14:46:18,24.03,15300,24.02,U
sz002517,恺英网络,2025-10-14 14:46:39,24.01,23200,24.01,D
sz002517,恺英网络,2025-10-14 14:46:42,24.01,29500,24.01,U
sz002517,恺英网络,2025-10-14 14:46:54,24.0,17800,24.0,D
sz002517,恺英网络,2025-10-14 14:46:57,24.0,94500,24.0,D
sz002517,恺英网络,2025-10-14 14:47:09,24.0,31700,24.01,D
sz002517,恺英网络,2025-10-14 14:47:12,24.05,12600,24.0,U
sz002517,恺英网络,2025-10-14 14:47:45,24.04,13800,24.04,D
sz002517,恺英网络,2025-10-14 14:48:00,24.02,19800,24.03,D
sz002517,恺英网络,2025-10-14 14:48:03,24.05,20100,24.02,U
sz002517,恺英网络,2025-10-14 14:48:12,24.07,12300,24.05,U
sz002517,恺英网络,2025-10-14 14:48:30,24.1,10600,24.08,U
sz002517,恺英网络,2025-10-14 14:48:45,24.08,10900,24.09,D
sz002517,恺英网络,2025-10-14 14:48:51,24.07,12000,24.08,D
sz002517,恺英网络,2025-10-14 14:49:03,24.07,17000,24.06,U
sz002517,恺英网络,2025-10-14 14:49:09,24.06,9000,24.06,D
sz002517,恺英网络,2025-10-14 14:49:15,24.09,29223,24.06,U
sz002517,恺英网络,2025-10-14 14:49:21,24.08,14000,24.09,D
sz002517,恺英网络,2025-10-14 14:49:30,24.09,11100,24.08,U
sz002517,恺英网络,2025-10-14 14:49:42,24.12,21100,24.1,U
sz002517,恺英网络,2025-10-14 14:49:48,24.11,13000,24.11,D
sz002517,恺英网络,2025-10-14 14:49:54,24.11,11100,24.1,U
sz002517,恺英网络,2025-10-14 14:50:00,24.12,22200,24.11,U
sz002517,恺英网络,2025-10-14 14:50:03,24.11,12100,24.12,D
sz002517,恺英网络,2025-10-14 14:50:09,24.14,15200,24.12,U
sz002517,恺英网络,2025-10-14 14:50:12,24.17,14500,24.14,U
sz002517,恺英网络,2025-10-14 14:50:15,24.15,68600,24.17,E
sz002517,恺英网络,2025-10-14 14:50:18,24.18,13600,24.15,E
sz002517,恺英网络,2025-10-14 14:50:51,24.15,8500,24.14,U
sz002517,恺英网络,2025-10-14 14:50:54,24.15,15400,24.15,D
sz002517,恺英网络,2025-10-14 14:51:03,24.18,9400,24.18,U
sz002517,恺英网络,2025-10-14 14:51:06,24.2,9700,24.18,U
sz002517,恺英网络,2025-10-14 14:51:09,24.3,71700,24.2,U
sz002517,恺英网络,2025-10-14 14:51:18,24.14,30400,24.18,D
sz002517,恺英网络,2025-10-14 14:51:24,24.14,18100,24.15,D
sz002517,恺英网络,2025-10-14 14:51:27,24.13,9100,24.14,D
sz002517,恺英网络,2025-10-14 14:51:33,24.11,9900,24.11,D
sz002517,恺英网络,2025-10-14 14:51:36,24.11,18100,24.11,D
sz002517,恺英网络,2025-10-14 14:51:42,24.11,24000,24.12,D
sz002517,恺英网络,2025-10-14 14:51:54,24.17,61000,24.11,U
sz002517,恺英网络,2025-10-14 14:51:57,24.13,27300,24.17,E
sz002517,恺英网络,2025-10-14 14:52:06,24.12,32800,24.12,D
sz002517,恺英网络,2025-10-14 14:52:18,24.13,14200,24.13,D
sz002517,恺英网络,2025-10-14 14:52:27,24.12,24700,24.12,U
sz002517,恺英网络,2025-10-14 14:52:30,24.12,9700,24.12,U
sz002517,恺英网络,2025-10-14 14:52:36,24.12,15200,24.12,U
sz002517,恺英网络,2025-10-14 14:52:57,24.09,46600,24.1,D
sz002517,恺英网络,2025-10-14 14:53:06,24.11,22100,24.09,U
sz002517,恺英网络,2025-10-14 14:53:09,24.1,40400,24.11,D
sz002517,恺英网络,2025-10-14 14:53:15,24.1,17800,24.1,D
sz002517,恺英网络,2025-10-14 14:53:30,24.09,26200,24.09,D
sz002517,恺英网络,2025-10-14 14:53:33,24.09,21000,24.09,U
sz002517,恺英网络,2025-10-14 14:53:45,24.08,19800,24.09,D
sz002517,恺英网络,2025-10-14 14:54:00,24.1,29600,24.08,U
sz002517,恺英网络,2025-10-14 14:54:06,24.1,127100,24.09,U
sz002517,恺英网络,2025-10-14 14:54:09,24.1,9200,24.1,D
sz002517,恺英网络,2025-10-14 14:54:12,24.13,8500,24.1,U
sz002517,恺英网络,2025-10-14 14:54:27,24.09,51800,24.11,D
sz002517,恺英网络,2025-10-14 14:54:36,24.08,66400,24.08,D
sz002517,恺英网络,2025-10-14 14:55:06,24.1,46100,24.08,U
sz002517,恺英网络,2025-10-14 14:55:12,24.1,31500,24.1,U
sz002517,恺英网络,2025-10-14 14:55:18,24.09,27700,24.12,D
sz002517,恺英网络,2025-10-14 14:55:39,24.11,52700,24.09,U
sz002517,恺英网络,2025-10-14 14:56:03,24.08,67700,24.11,D
sz002517,恺英网络,2025-10-14 14:56:09,24.08,11800,24.09,D
sz002517,恺英网络,2025-10-14 14:56:12,24.08,15100,24.08,D
sz002517,恺英网络,2025-10-14 14:56:15,24.09,20600,24.08,E
sz002517,恺英网络,2025-10-14 14:56:18,24.07,36900,24.09,D
sz002517,恺英网络,2025-10-14 14:56:24,24.07,10000,24.08,D
sz002517,恺英网络,2025-10-14 14:56:33,24.08,9000,24.07,U
sz002517,恺英网络,2025-10-14 14:56:39,24.08,9800,24.08,D
sz002517,恺英网络,2025-10-14 14:56:42,24.07,24900,24.08,D
sz002517,恺英网络,2025-10-14 14:56:45,24.06,9000,24.07,D
sz002517,恺英网络,2025-10-14 14:56:51,24.06,51300,24.06,D
sz002517,恺英网络,2025-10-14 15:00:00,24.08,189600,24.08,E
