symbol,name,ticktime,price,volume,prev_price,kind
sz002517,恺英网络,2025-10-16 09:25:00,24.03,46200,0.0,D
sz002517,恺英网络,2025-10-16 09:30:00,23.98,39700,24.03,D
sz002517,恺英网络,2025-10-16 09:30:03,23.95,37500,23.98,D
sz002517,恺英网络,2025-10-16 09:30:06,23.92,31600,23.95,D
sz002517,恺英网络,2025-10-16 09:30:09,23.9,44600,23.92,D
sz002517,恺英网络,2025-10-16 09:30:12,23.88,36500,23.9,D
sz002517,恺英网络,2025-10-16 09:30:15,23.81,37800,23.88,D
sz002517,恺英网络,2025-10-16 09:30:18,23.79,20400,23.81,D
sz002517,恺英网络,2025-10-16 09:30:21,23.79,19800,23.79,D
sz002517,恺英网络,2025-10-16 09:30:24,23.78,15100,23.79,D
sz002517,恺英网络,2025-10-16 09:30:27,23.8,10000,23.78,U
sz002517,恺英网络,2025-10-16 09:30:30,23.8,15700,23.8,U
sz002517,恺英网络,2025-10-16 09:30:33,23.82,16400,23.8,U
sz002517,恺英网络,2025-10-16 09:30:36,23.84,65500,23.82,U
sz002517,恺英网络,2025-10-16 09:30:39,23.8,26600,23.84,D
sz002517,恺英网络,2025-10-16 09:30:42,23.77,28500,23.8,D
sz002517,恺英网络,2025-10-16 09:30:45,23.75,29200,23.77,D
sz002517,恺英网络,2025-10-16 09:30:48,23.76,40400,23.75,U
sz002517,恺英网络,2025-10-16 09:30:51,23.75,24500,23.76,D
sz002517,恺英网络,2025-10-16 09:30:54,23.73,20200,23.75,D
sz002517,恺英网络,2025-10-16 09:30:57,23.77,11300,23.73,U
sz002517,恺英网络,2025-10-16 09:31:00,23.77,9700,23.77,D
sz002517,恺英网络,2025-10-16 09:31:03,23.77,8500,23.77,U
sz002517,恺英网络,2025-10-16 09:31:06,23.8,27600,23.77,U
sz002517,恺英网络,2025-10-16 09:31:09,23.87,86200,23.8,U
sz002517,恺英网络,2025-10-16 09:31:15,23.86,8600,23.84,U
sz002517,恺英网络,2025-10-16 09:31:21,23.89,16600,23.86,U
sz002517,恺英网络,2025-10-16 09:31:27,23.92,10300,23.89,U
sz002517,恺英网络,2025-10-16 09:31:30,23.9,28700,23.92,D
sz002517,恺英网络,2025-10-16 09:31:33,23.93,14700,23.9,U
sz002517,恺英网络,2025-10-16 09:31:42,23.96,10300,23.96,U
sz002517,恺英网络,2025-10-16 09:31:45,24.05,43200,23.96,U
sz002517,恺英网络,2025-10-16 09:32:00,24.05,10300,24.05,U
sz002517,恺英网络,2025-10-16 09:32:18,24.09,23400,24.06,E
sz002517,恺英网络,2025-10-16 09:32:21,24.1,21900,24.09,U
sz002517,恺英网络,2025-10-16 09:32:27,24.08,10500,24.08,U
sz002517,恺英网络,2025-10-16 09:32:39,24.05,22600,24.07,D
sz002517,恺英网络,2025-10-16 09:32:42,24.11,49500,24.05,U
sz002517,恺英网络,2025-10-16 09:32:57,24.14,30900,24.13,E
sz002517,恺英网络,2025-10-16 09:33:03,24.1,19600,24.15,D
sz002517,恺英网络,2025-10-16 09:33:33,24.06,23500,24.07,D
sz002517,恺英网络,2025-10-16 09:33:42,24.08,18000,24.07,U
sz002517,恺英网络,2025-10-16 09:33:45,24.06,13000,24.08,D
sz002517,恺英网络,2025-10-16 09:33:57,24.08,10400,24.08,U
sz002517,恺英网络,2025-10-16 09:34:00,24.08,8400,24.08,D
sz002517,恺英网络,2025-10-16 09:34:06,24.05,39300,24.06,D
sz002517,恺英网络,2025-10-16 09:34:09,24.12,72900,24.05,U
sz002517,恺英网络,2025-10-16 09:34:12,24.11,14100,24.12,D
sz002517,恺英网络,2025-10-16 09:34:45,24.07,9800,24.07,U
sz002517,恺英网络,2025-10-16 09:34:51,24.05,11200,24.06,E
sz002517,恺英网络,2025-10-16 09:34:54,24.04,8700,24.05,D
sz002517,恺英网络,2025-10-16 09:35:00,24.04,63600,24.05,E
sz002517,恺英网络,2025-10-16 09:35:03,24.03,23000,24.04,D
sz002517,恺英网络,2025-10-16 09:35:06,24.05,18700,24.03,U
sz002517,恺英网络,2025-10-16 09:35:09,24.1,44400,24.05,U
sz002517,恺英网络,2025-10-16 09:35:12,24.1,10500,24.1,E
sz002517,恺英网络,2025-10-16 09:35:15,24.12,13400,24.1,U
sz002517,恺英网络,2025-10-16 09:35:24,24.13,8700,24.12,D
sz002517,恺英网络,2025-10-16 09:35:36,24.14,15000,24.15,E
sz002517,恺英网络,2025-10-16 09:35:42,24.18,27600,24.15,U
sz002517,恺英网络,2025-10-16 09:35:48,24.18,11800,24.18,U
sz002517,恺英网络,2025-10-16 09:35:51,24.2,15900,24.18,U
sz002517,恺英网络,2025-10-16 09:35:54,24.18,19600,24.2,E
sz002517,恺英网络,2025-10-16 09:35:57,24.09,16500,24.18,D
sz002517,恺英网络,2025-10-16 09:36:03,24.08,14200,24.12,D
sz002517,恺英网络,2025-10-16 09:36:09,24.09,90400,24.05,U
sz002517,恺英网络,2025-10-16 09:36:12,24.12,9800,24.09,U
sz002517,恺英网络,2025-10-16 09:36:45,24.13,9900,24.13,D
sz002517,恺英网络,2025-10-16 09:36:51,24.14,18600,24.14,D
sz002517,恺英网络,2025-10-16 09:36:57,24.12,13800,24.12,U
sz002517,恺英网络,2025-10-16 09:37:03,24.14,35200,24.12,U
sz002517,恺英网络,2025-10-16 09:37:15,24.17,11600,24.17,D
sz002517,恺英网络,2025-10-16 09:37:21,24.17,10800,24.17,U
sz002517,恺英网络,2025-10-16 09:37:30,24.18,36300,24.17,U
sz002517,恺英网络,2025-10-16 09:37:33,24.15,17700,24.18,D
sz002517,恺英网络,2025-10-16 09:37:36,24.15,8500,24.15,E
sz002517,恺英网络,2025-10-16 09:37:39,24.14,14500,24.15,E
sz002517,恺英网络,2025-10-16 09:37:54,24.1,12000,24.1,D
sz002517,恺英网络,2025-10-16 09:38:12,24.1,22700,24.07,U
sz002517,恺英网络,2025-10-16 09:38:21,24.08,20900,24.11,D
sz002517,恺英网络,2025-10-16 09:38:24,24.11,20600,24.08,U
sz002517,恺英网络,2025-10-16 09:38:33,24.1,10200,24.12,D
sz002517,恺英网络,2025-10-16 09:38:36,24.11,9600,24.1,D
sz002517,恺英网络,2025-10-16 09:38:42,24.09,10300,24.1,D
sz002517,恺英网络,2025-10-16 09:39:03,24.06,37000,24.08,D
sz002517,恺英网络,2025-10-16 09:39:21,24.11,9100,24.1,U
sz002517,恺英网络,2025-10-16 09:39:27,24.13,36300,24.1,U
sz002517,恺英网络,2025-10-16 09:39:42,24.12,9800,24.12,D
sz002517,恺英网络,2025-10-16 09:40:09,24.16,14100,24.15,U
sz002517,恺英网络,2025-10-16 09:40:12,24.22,59900,24.16,U
sz002517,恺英网络,2025-10-16 09:40:24,24.17,13300,24.19,D
sz002517,恺英网络,2025-10-16 09:40:33,24.17,10100,24.17,U
sz002517,恺英网络,2025-10-16 09:40:36,24.18,34100,24.17,U
sz002517,恺英网络,2025-10-16 09:40:45,24.19,11000,24.19,U
sz002517,恺英网络,2025-10-16 09:40:48,24.19,13600,24.19,U
sz002517,恺英网络,2025-10-16 09:40:51,24.19,40900,24.19,U
sz002517,恺英网络,2025-10-16 09:40:54,24.17,8300,24.19,D
sz002517,恺英网络,2025-10-16 09:41:15,24.19,14500,24.17,U
sz002517,恺英网络,2025-10-16 09:41:21,24.2,44900,24.17,U
sz002517,恺英网络,2025-10-16 09:41:24,24.18,16000,24.2,D
sz002517,恺英网络,2025-10-16 09:41:33,24.17,16000,24.18,D
sz002517,恺英网络,2025-10-16 09:41:36,24.17,54500,24.17,E
sz002517,恺英网络,2025-10-16 09:41:57,24.21,10200,24.2,U
sz002517,恺英网络,2025-10-16 09:42:03,24.21,28800,24.22,D
sz002517,恺英网络,2025-10-16 09:42:09,24.24,29500,24.21,U
sz002517,恺英网络,2025-10-16 09:42:12,24.28,22900,24.24,U
sz002517,恺英网络,2025-10-16 09:42:15,24.33,74300,24.28,U
sz002517,恺英网络,2025-10-16 09:42:18,24.34,22400,24.33,E
sz002517,恺英网络,2025-10-16 09:42:21,24.28,13500,24.34,D
sz002517,恺英网络,2025-10-16 09:42:24,24.27,11300,24.28,D
sz002517,恺英网络,2025-10-16 09:42:36,24.3,23800,24.27,U
sz002517,恺英网络,2025-10-16 09:42:39,24.22,42200,24.3,D
sz002517,恺英网络,2025-10-16 09:42:42,24.25,22600,24.22,U
sz002517,恺英网络,2025-10-16 09:42:54,24.24,24400,24.22,U
sz002517,恺英网络,2025-10-16 09:42:57,24.25,8800,24.24,U
sz002517,恺英网络,2025-10-16 09:43:00,24.25,9000,24.25,U
sz002517,恺英网络,2025-10-16 09:43:03,24.24,9200,24.25,E
sz002517,恺英网络,2025-10-16 09:43:09,24.23,10800,24.25,D
sz002517,恺英网络,2025-10-16 09:43:18,24.26,14100,24.26,U
sz002517,恺英网络,2025-10-16 09:43:21,24.3,32300,24.26,U
sz002517,恺英网络,2025-10-16 09:43:42,24.27,11800,24.27,U
sz002517,恺英网络,2025-10-16 09:43:45,24.26,13600,24.27,D
sz002517,恺英网络,2025-10-16 09:43:48,24.25,50600,24.26,D
sz002517,恺英网络,2025-10-16 09:44:03,24.3,16300,24.31,D
sz002517,恺英网络,2025-10-16 09:44:06,24.3,20400,24.3,D
sz002517,恺英网络,2025-10-16 09:44:21,24.29,26500,24.3,D
sz002517,恺英网络,2025-10-16 09:44:33,24.26,9000,24.28,D
sz002517,恺英网络,2025-10-16 09:44:36,24.25,76800,24.26,D
sz002517,恺英网络,2025-10-16 09:44:39,24.26,198500,24.25,U
sz002517,恺英网络,2025-10-16 09:45:06,24.23,10200,24.22,U
sz002517,恺英网络,2025-10-16 09:45:09,24.23,15500,24.23,D
sz002517,恺英网络,2025-10-16 09:45:15,24.2,18900,24.22,D
sz002517,恺英网络,2025-10-16 09:45:21,24.21,14000,24.22,U
sz002517,恺英网络,2025-10-16 09:45:57,24.17,13300,24.18,D
sz002517,恺英网络,2025-10-16 09:46:00,24.17,13500,24.17,D
sz002517,恺英网络,2025-10-16 09:46:12,24.18,15500,24.17,U
sz002517,恺英网络,2025-10-16 09:46:18,24.22,18600,24.18,U
sz002517,恺英网络,2025-10-16 09:46:36,24.21,10200,24.22,D
sz002517,恺英网络,2025-10-16 09:46:42,24.22,9700,24.22,U
sz002517,恺英网络,2025-10-16 09:46:57,24.23,18800,24.22,U
sz002517,恺英网络,2025-10-16 09:47:15,24.18,16300,24.19,D
sz002517,恺英网络,2025-10-16 09:47:18,24.21,18400,24.18,U
sz002517,恺英网络,2025-10-16 09:47:27,24.22,31200,24.22,U
sz002517,恺英网络,2025-10-16 09:47:36,24.22,40100,24.22,U
sz002517,恺英网络,2025-10-16 09:47:48,24.23,19700,24.22,E
sz002517,恺英网络,2025-10-16 09:47:51,24.21,31300,24.23,D
sz002517,恺英网络,2025-10-16 09:48:00,24.19,39200,24.2,D
sz002517,恺英网络,2025-10-16 09:48:03,24.18,10100,24.19,D
sz002517,恺英网络,2025-10-16 09:48:06,24.15,64000,24.18,D
sz002517,恺英网络,2025-10-16 09:48:21,24.16,17000,24.14,U
sz002517,恺英网络,2025-10-16 09:48:45,24.16,34800,24.16,D
sz002517,恺英网络,2025-10-16 09:49:03,24.15,8900,24.15,D
sz002517,恺英网络,2025-10-16 09:49:15,24.15,23100,24.15,U
sz002517,恺英网络,2025-10-16 09:49:18,24.16,10900,24.15,E
sz002517,恺英网络,2025-10-16 09:49:21,24.19,26300,24.16,U
sz002517,恺英网络,2025-10-16 09:49:24,24.19,25500,24.19,D
sz002517,恺英网络,2025-10-16 09:49:33,24.14,12900,24.19,D
sz002517,恺英网络,2025-10-16 09:49:36,24.2,25000,24.14,U
sz002517,恺英网络,2025-10-16 09:49:39,24.2,8500,24.2,U
sz002517,恺英网络,2025-10-16 09:49:54,24.15,9900,24.17,D
sz002517,恺英网络,2025-10-16 09:49:57,24.15,14600,24.15,D
sz002517,恺英网络,2025-10-16 09:50:00,24.17,12900,24.15,U
sz002517,恺英网络,2025-10-16 09:50:12,24.14,22400,24.15,D
sz002517,恺英网络,2025-10-16 09:50:15,24.14,16600,24.14,U
sz002517,恺英网络,2025-10-16 09:50:21,24.13,11600,24.14,D
sz002517,恺英网络,2025-10-16 09:50:24,24.1,8500,24.13,D
sz002517,恺英网络,2025-10-16 09:50:27,24.06,90900,24.1,D
sz002517,恺英网络,2025-10-16 09:50:30,24.06,15100,24.06,D
sz002517,恺英网络,2025-10-16 09:50:33,24.09,14500,24.06,U
sz002517,恺英网络,2025-10-16 09:50:36,24.11,47100,24.09,U
sz002517,恺英网络,2025-10-16 09:50:57,24.11,30000,24.12,D
sz002517,恺英网络,2025-10-16 09:51:03,24.17,10100,24.14,U
sz002517,恺英网络,2025-10-16 09:51:42,24.13,8400,24.14,D
sz002517,恺英网络,2025-10-16 09:51:45,24.12,8500,24.13,D
sz002517,恺英网络,2025-10-16 09:52:15,24.14,9800,24.13,U
sz002517,恺英网络,2025-10-16 09:52:21,24.14,32200,24.14,U
sz002517,恺英网络,2025-10-16 09:52:27,24.13,27600,24.14,D
sz002517,恺英网络,2025-10-16 09:52:30,24.1,18900,24.13,D
sz002517,恺英网络,2025-10-16 09:52:33,24.12,29500,24.1,E
sz002517,恺英网络,2025-10-16 09:52:36,24.07,43200,24.12,D
sz002517,恺英网络,2025-10-16 09:52:39,24.07,8600,24.07,D
sz002517,恺英网络,2025-10-16 09:52:54,24.11,8900,24.13,E
sz002517,恺英网络,2025-10-16 09:53:03,24.17,30300,24.14,U
sz002517,恺英网络,2025-10-16 09:53:15,24.18,10500,24.17,E
sz002517,恺英网络,2025-10-16 09:53:21,24.18,10400,24.19,D
sz002517,恺英网络,2025-10-16 09:53:33,24.2,8300,24.16,U
sz002517,恺英网络,2025-10-16 09:53:36,24.21,31900,24.2,U
sz002517,恺英网络,2025-10-16 09:53:48,24.19,8300,24.2,E
sz002517,恺英网络,2025-10-16 09:54:00,24.15,9000,24.15,D
sz002517,恺英网络,2025-10-16 09:54:09,24.19,10300,24.19,E
sz002517,恺英网络,2025-10-16 09:54:12,24.18,11700,24.19,D
sz002517,恺英网络,2025-10-16 09:54:21,24.2,26100,24.2,D
sz002517,恺英网络,2025-10-16 09:54:39,24.23,26500,24.22,U
sz002517,恺英网络,2025-10-16 09:54:45,24.2,12600,24.22,D
sz002517,恺英网络,2025-10-16 09:54:48,24.18,39900,24.2,D
sz002517,恺英网络,2025-10-16 09:54:51,24.16,37100,24.18,D
sz002517,恺英网络,2025-10-16 09:54:54,24.18,30300,24.16,E
sz002517,恺英网络,2025-10-16 09:54:57,24.17,8700,24.18,E
sz002517,恺英网络,2025-10-16 09:55:00,24.18,19800,24.17,U
sz002517,恺英网络,2025-10-16 09:55:27,24.18,11600,24.16,U
sz002517,恺英网络,2025-10-16 09:55:36,24.18,13300,24.18,U
sz002517,恺英网络,2025-10-16 09:56:09,24.13,9100,24.15,D
sz002517,恺英网络,2025-10-16 09:56:15,24.11,11700,24.12,D
sz002517,恺英网络,2025-10-16 09:56:24,24.1,14600,24.1,U
sz002517,恺英网络,2025-10-16 09:56:36,24.12,11100,24.1,U
sz002517,恺英网络,2025-10-16 09:56:54,24.12,25400,24.1,U
sz002517,恺英网络,2025-10-16 09:56:57,24.13,28400,24.12,U
sz002517,恺英网络,2025-10-16 09:57:06,24.12,22700,24.1,U
sz002517,恺英网络,2025-10-16 09:57:09,24.16,36700,24.12,U
sz002517,恺英网络,2025-10-16 09:57:27,24.12,12500,24.12,D
sz002517,恺英网络,2025-10-16 09:57:39,24.12,11100,24.13,D
sz002517,恺英网络,2025-10-16 09:57:45,24.11,24400,24.14,D
sz002517,恺英网络,2025-10-16 09:57:54,24.1,18600,24.11,D
sz002517,恺英网络,2025-10-16 09:57:57,24.09,12000,24.1,D
sz002517,恺英网络,2025-10-16 09:58:00,24.09,12700,24.09,D
sz002517,恺英网络,2025-10-16 09:58:12,24.11,22700,24.1,U
sz002517,恺英网络,2025-10-16 09:58:15,24.11,40700,24.11,D
sz002517,恺英网络,2025-10-16 09:58:30,24.13,10000,24.13,D
sz002517,恺英网络,2025-10-16 09:58:33,24.12,11200,24.13,D
sz002517,恺英网络,2025-10-16 09:59:00,24.09,18500,24.1,D
sz002517,恺英网络,2025-10-16 09:59:03,24.09,8400,24.09,D
sz002517,恺英网络,2025-10-16 09:59:09,24.08,10400,24.08,D
sz002517,恺英网络,2025-10-16 09:59:24,24.06,14900,24.07,D
sz002517,恺英网络,2025-10-16 09:59:27,24.07,14600,24.06,U
sz002517,恺英网络,2025-10-16 09:59:30,24.05,11300,24.07,D
sz002517,恺英网络,2025-10-16 09:59:36,24.04,12700,24.05,D
sz002517,恺英网络,2025-10-16 09:59:45,24.09,12200,24.07,U
sz002517,恺英网络,2025-10-16 09:59:48,24.09,13600,24.09,D
sz002517,恺英网络,2025-10-16 09:59:51,24.09,10100,24.09,D
sz002517,恺英网络,2025-10-16 10:00:36,24.15,11900,24.14,U
sz002517,恺英网络,2025-10-16 10:00:42,24.19,23100,24.15,U
sz002517,恺英网络,2025-10-16 10:00:48,24.22,13100,24.2,U
sz002517,恺英网络,2025-10-16 10:01:06,24.22,8900,24.22,U
sz002517,恺英网络,2025-10-16 10:01:09,24.23,10100,24.22,U
sz002517,恺英网络,2025-10-16 10:01:15,24.23,37200,24.23,D
sz002517,恺英网络,2025-10-16 10:01:21,24.2,9300,24.23,D
sz002517,恺英网络,2025-10-16 10:02:06,24.18,11100,24.16,E
sz002517,恺英网络,2025-10-16 10:02:09,24.2,13400,24.18,U
sz002517,恺英网络,2025-10-16 10:02:21,24.18,12500,24.19,D
sz002517,恺英网络,2025-10-16 10:03:00,24.17,12300,24.17,U
sz002517,恺英网络,2025-10-16 10:03:12,24.14,11200,24.15,D
sz002517,恺英网络,2025-10-16 10:03:21,24.19,17100,24.16,U
sz002517,恺英网络,2025-10-16 10:03:42,24.19,20200,24.18,U
sz002517,恺英网络,2025-10-16 10:03:45,24.18,17200,24.19,D
sz002517,恺英网络,2025-10-16 10:03:48,24.19,13000,24.18,U
sz002517,恺英网络,2025-10-16 10:03:57,24.16,19800,24.17,D
sz002517,恺英网络,2025-10-16 10:04:03,24.2,16900,24.16,U
sz002517,恺英网络,2025-10-16 10:04:33,24.19,9100,24.2,D
sz002517,恺英网络,2025-10-16 10:04:54,24.19,23200,24.2,D
sz002517,恺英网络,2025-10-16 10:05:00,24.2,14000,24.19,U
sz002517,恺英网络,2025-10-16 10:05:18,24.22,16400,24.21,U
sz002517,恺英网络,2025-10-16 10:05:21,24.22,12200,24.22,U
sz002517,恺英网络,2025-10-16 10:05:30,24.23,16100,24.23,U
sz002517,恺英网络,2025-10-16 10:05:36,24.17,27200,24.22,D
sz002517,恺英网络,2025-10-16 10:05:39,24.16,9900,24.17,D
sz002517,恺英网络,2025-10-16 10:05:54,24.16,13400,24.17,D
sz002517,恺英网络,2025-10-16 10:06:12,24.19,14100,24.17,U
sz002517,恺英网络,2025-10-16 10:06:18,24.17,8500,24.2,D
sz002517,恺英网络,2025-10-16 10:06:42,24.18,26700,24.18,U
sz002517,恺英网络,2025-10-16 10:06:48,24.17,9700,24.18,D
sz002517,恺英网络,2025-10-16 10:07:27,24.17,18600,24.18,D
sz002517,恺英网络,2025-10-16 10:07:45,24.18,9100,24.17,U
sz002517,恺英网络,2025-10-16 10:08:03,24.15,11300,24.17,D
sz002517,恺英网络,2025-10-16 10:08:09,24.17,51200,24.16,U
sz002517,恺英网络,2025-10-16 10:08:48,24.16,8800,24.18,D
sz002517,恺英网络,2025-10-16 10:08:57,24.15,10200,24.16,D
sz002517,恺英网络,2025-10-16 10:09:27,24.25,73200,24.23,U
sz002517,恺英网络,2025-10-16 10:09:30,24.26,10800,24.25,U
sz002517,恺英网络,2025-10-16 10:09:57,24.25,11900,24.23,U
sz002517,恺英网络,2025-10-16 10:10:15,24.25,8500,24.26,D
sz002517,恺英网络,2025-10-16 10:10:18,24.25,29000,24.25,D
sz002517,恺英网络,2025-10-16 10:10:21,24.26,18400,24.25,U
sz002517,恺英网络,2025-10-16 10:10:45,24.23,25800,24.24,D
sz002517,恺英网络,2025-10-16 10:10:48,24.21,14800,24.23,D
sz002517,恺英网络,2025-10-16 10:10:51,24.2,33100,24.21,D
sz002517,恺英网络,2025-10-16 10:10:54,24.2,9200,24.2,D
sz002517,恺英网络,2025-10-16 10:11:09,24.2,28800,24.2,U
sz002517,恺英网络,2025-10-16 10:11:24,24.18,27500,24.2,D
sz002517,恺英网络,2025-10-16 10:12:06,24.21,25200,24.21,D
sz002517,恺英网络,2025-10-16 10:12:36,24.21,9400,24.21,D
sz002517,恺英网络,2025-10-16 10:13:00,24.21,14000,24.22,D
sz002517,恺英网络,2025-10-16 10:13:06,24.22,18100,24.21,U
sz002517,恺英网络,2025-10-16 10:13:18,24.21,41600,24.22,D
sz002517,恺英网络,2025-10-16 10:13:42,24.19,11800,24.19,D
sz002517,恺英网络,2025-10-16 10:14:06,24.19,17000,24.17,D
sz002517,恺英网络,2025-10-16 10:14:12,24.19,8700,24.17,U
sz002517,恺英网络,2025-10-16 10:14:15,24.16,13400,24.19,D
sz002517,恺英网络,2025-10-16 10:14:18,24.16,10400,24.16,E
sz002517,恺英网络,2025-10-16 10:14:21,24.16,23300,24.16,U
sz002517,恺英网络,2025-10-16 10:15:15,24.16,14900,24.13,U
sz002517,恺英网络,2025-10-16 10:15:33,24.12,12500,24.12,D
sz002517,恺英网络,2025-10-16 10:15:39,24.14,29000,24.12,U
sz002517,恺英网络,2025-10-16 10:15:45,24.14,40300,24.14,D
sz002517,恺英网络,2025-10-16 10:15:54,24.13,14400,24.11,D
sz002517,恺英网络,2025-10-16 10:15:57,24.13,8500,24.13,U
sz002517,恺英网络,2025-10-16 10:16:12,24.14,12200,24.11,E
sz002517,恺英网络,2025-10-16 10:16:15,24.14,8300,24.14,U
sz002517,恺英网络,2025-10-16 10:16:21,24.13,11300,24.14,D
sz002517,恺英网络,2025-10-16 10:16:27,24.11,13300,24.13,D
sz002517,恺英网络,2025-10-16 10:16:42,24.13,12100,24.13,D
sz002517,恺英网络,2025-10-16 10:17:18,24.11,11700,24.12,D
sz002517,恺英网络,2025-10-16 10:17:27,24.12,18900,24.12,U
sz002517,恺英网络,2025-10-16 10:17:36,24.13,11200,24.13,U
sz002517,恺英网络,2025-10-16 10:18:06,24.15,9000,24.12,U
sz002517,恺英网络,2025-10-16 10:18:42,24.14,8400,24.14,D
sz002517,恺英网络,2025-10-16 10:18:45,24.15,14800,24.14,U
sz002517,恺英网络,2025-10-16 10:18:48,24.15,17300,24.15,D
sz002517,恺英网络,2025-10-16 10:19:03,24.15,8300,24.15,D
sz002517,恺英网络,2025-10-16 10:19:09,24.12,53500,24.13,D
sz002517,恺英网络,2025-10-16 10:19:12,24.13,9400,24.12,U
sz002517,恺英网络,2025-10-16 10:19:36,24.11,12100,24.12,D
sz002517,恺英网络,2025-10-16 10:19:42,24.1,11200,24.1,D
sz002517,恺英网络,2025-10-16 10:19:48,24.1,17100,24.1,U
sz002517,恺英网络,2025-10-16 10:19:57,24.09,15600,24.08,U
sz002517,恺英网络,2025-10-16 10:20:18,24.06,9100,24.06,D
sz002517,恺英网络,2025-10-16 10:20:27,24.05,10300,24.06,D
sz002517,恺英网络,2025-10-16 10:20:39,24.07,19600,24.06,U
sz002517,恺英网络,2025-10-16 10:21:36,24.06,9700,24.06,U
sz002517,恺英网络,2025-10-16 10:21:57,24.1,33000,24.08,U
sz002517,恺英网络,2025-10-16 10:22:54,24.05,11800,24.06,D
sz002517,恺英网络,2025-10-16 10:23:06,24.08,36000,24.06,U
sz002517,恺英网络,2025-10-16 10:23:21,24.07,9500,24.08,E
sz002517,恺英网络,2025-10-16 10:23:24,24.06,20400,24.07,D
sz002517,恺英网络,2025-10-16 10:23:48,24.05,15200,24.06,D
sz002517,恺英网络,2025-10-16 10:23:57,24.05,30400,24.06,D
sz002517,恺英网络,2025-10-16 10:24:06,24.06,9600,24.06,U
sz002517,恺英网络,2025-10-16 10:24:24,24.06,11300,24.05,U
sz002517,恺英网络,2025-10-16 10:24:51,24.04,10200,24.05,D
sz002517,恺英网络,2025-10-16 10:24:57,24.05,8900,24.05,U
sz002517,恺英网络,2025-10-16 10:25:00,24.04,30100,24.05,D
sz002517,恺英网络,2025-10-16 10:25:06,24.04,14900,24.04,D
sz002517,恺英网络,2025-10-16 10:25:09,24.03,13500,24.04,D
sz002517,恺英网络,2025-10-16 10:25:18,24.03,20400,24.03,D
sz002517,恺英网络,2025-10-16 10:25:45,24.03,10700,24.03,D
sz002517,恺英网络,2025-10-16 10:26:18,24.02,8900,24.03,D
sz002517,恺英网络,2025-10-16 10:26:21,24.02,37300,24.02,D
sz002517,恺英网络,2025-10-16 10:26:27,24.01,18500,24.02,D
sz002517,恺英网络,2025-10-16 10:26:30,24.01,10000,24.01,D
sz002517,恺英网络,2025-10-16 10:27:03,24.03,8500,24.03,U
sz002517,恺英网络,2025-10-16 10:28:03,24.01,28900,24.03,D
sz002517,恺英网络,2025-10-16 10:28:06,24.01,40000,24.01,D
sz002517,恺英网络,2025-10-16 10:28:09,24.0,29900,24.01,D
sz002517,恺英网络,2025-10-16 10:28:12,24.0,172800,24.0,D
sz002517,恺英网络,2025-10-16 10:28:15,24.0,34400,24.0,U
sz002517,恺英网络,2025-10-16 10:28:18,23.97,9500,24.0,D
sz002517,恺英网络,2025-10-16 10:28:21,23.97,8500,23.97,D
sz002517,恺英网络,2025-10-16 10:28:24,23.95,18500,23.97,D
sz002517,恺英网络,2025-10-16 10:28:27,23.95,11100,23.95,D
sz002517,恺英网络,2025-10-16 10:28:33,23.97,49900,23.95,U
sz002517,恺英网络,2025-10-16 10:28:36,23.95,11600,23.97,D
sz002517,恺英网络,2025-10-16 10:28:39,23.94,21500,23.95,D
sz002517,恺英网络,2025-10-16 10:28:48,23.95,10400,23.95,U
sz002517,恺英网络,2025-10-16 10:29:15,23.94,33200,23.94,D
sz002517,恺英网络,2025-10-16 10:29:21,23.94,14300,23.95,D
sz002517,恺英网络,2025-10-16 10:29:45,23.95,38500,23.94,U
sz002517,恺英网络,2025-10-16 10:29:54,23.95,11000,23.95,U
sz002517,恺英网络,2025-10-16 10:30:00,23.95,39200,23.95,U
sz002517,恺英网络,2025-10-16 10:30:03,23.98,22100,23.95,U
sz002517,恺英网络,2025-10-16 10:30:33,23.99,50100,23.96,U
sz002517,恺英网络,2025-10-16 10:31:00,24.0,33600,24.0,U
sz002517,恺英网络,2025-10-16 10:31:12,23.96,8900,23.96,D
sz002517,恺英网络,2025-10-16 10:31:18,23.97,21600,23.96,U
sz002517,恺英网络,2025-10-16 10:32:03,23.95,9400,23.95,D
sz002517,恺英网络,2025-10-16 10:32:18,23.95,9000,23.95,U
sz002517,恺英网络,2025-10-16 10:32:39,23.95,12800,23.96,D
sz002517,恺英网络,2025-10-16 10:32:48,23.95,12900,23.95,D
sz002517,恺英网络,2025-10-16 10:32:51,23.95,11800,23.95,D
sz002517,恺英网络,2025-10-16 10:32:54,23.93,15300,23.95,D
sz002517,恺英网络,2025-10-16 10:33:21,23.99,45400,23.94,U
sz002517,恺英网络,2025-10-16 10:34:03,23.97,12800,23.97,U
sz002517,恺英网络,2025-10-16 10:34:15,23.95,11500,23.96,D
sz002517,恺英网络,2025-10-16 10:34:18,23.96,19200,23.95,U
sz002517,恺英网络,2025-10-16 10:34:21,23.93,32700,23.96,D
sz002517,恺英网络,2025-10-16 10:34:48,23.92,301800,23.93,D
sz002517,恺英网络,2025-10-16 10:35:15,23.92,10000,23.91,U
sz002517,恺英网络,2025-10-16 10:35:33,23.91,19700,23.92,D
sz002517,恺英网络,2025-10-16 10:35:39,23.92,10500,23.91,E
sz002517,恺英网络,2025-10-16 10:36:00,23.94,10700,23.92,U
sz002517,恺英网络,2025-10-16 10:36:12,23.94,352200,23.95,D
sz002517,恺英网络,2025-10-16 10:37:03,23.91,12300,23.92,D
sz002517,恺英网络,2025-10-16 10:37:45,23.93,10300,23.92,U
sz002517,恺英网络,2025-10-16 10:38:00,23.94,26200,23.93,U
sz002517,恺英网络,2025-10-16 10:38:15,23.95,8800,23.95,U
sz002517,恺英网络,2025-10-16 10:38:30,23.93,8600,23.95,D
sz002517,恺英网络,2025-10-16 10:39:09,23.96,12100,23.94,U
sz002517,恺英网络,2025-10-16 10:39:54,23.95,39700,23.95,U
sz002517,恺英网络,2025-10-16 10:40:09,23.95,20800,23.95,U
sz002517,恺英网络,2025-10-16 10:40:12,23.96,39100,23.95,U
sz002517,恺英网络,2025-10-16 10:40:27,23.94,9100,23.97,D
sz002517,恺英网络,2025-10-16 10:41:39,23.96,101200,23.98,D
sz002517,恺英网络,2025-10-16 10:42:42,23.94,8400,23.94,U
sz002517,恺英网络,2025-10-16 10:42:48,23.95,12400,23.94,U
sz002517,恺英网络,2025-10-16 10:43:03,23.96,10400,23.96,U
sz002517,恺英网络,2025-10-16 10:43:45,23.94,14800,23.94,U
sz002517,恺英网络,2025-10-16 10:44:06,23.93,9500,23.92,U
sz002517,恺英网络,2025-10-16 10:44:24,23.94,9600,23.93,U
sz002517,恺英网络,2025-10-16 10:44:39,23.96,25100,23.95,U
sz002517,恺英网络,2025-10-16 10:45:21,23.94,21300,23.95,D
sz002517,恺英网络,2025-10-16 10:46:03,23.98,24200,23.95,U
sz002517,恺英网络,2025-10-16 10:46:18,23.94,208900,23.97,D
sz002517,恺英网络,2025-10-16 10:46:54,23.94,9500,23.94,D
sz002517,恺英网络,2025-10-16 10:47:54,23.92,201200,23.95,D
sz002517,恺英网络,2025-10-16 10:48:09,23.92,14800,23.92,D
sz002517,恺英网络,2025-10-16 10:48:48,23.94,10400,23.92,U
sz002517,恺英网络,2025-10-16 10:48:54,23.95,23600,23.94,U
sz002517,恺英网络,2025-10-16 10:48:57,23.95,8400,23.95,U
sz002517,恺英网络,2025-10-16 10:49:03,23.94,8800,23.94,D
sz002517,恺英网络,2025-10-16 10:49:42,23.9,180700,23.95,D
sz002517,恺英网络,2025-10-16 10:50:03,24.0,10700,23.97,U
sz002517,恺英网络,2025-10-16 10:50:09,24.0,8800,23.99,U
sz002517,恺英网络,2025-10-16 10:50:12,24.0,10800,24.0,U
sz002517,恺英网络,2025-10-16 10:50:15,23.96,16000,24.0,D
sz002517,恺英网络,2025-10-16 10:50:21,24.0,16600,24.0,U
sz002517,恺英网络,2025-10-16 10:50:30,23.97,9800,23.98,D
sz002517,恺英网络,2025-10-16 10:50:36,24.0,8500,23.99,U
sz002517,恺英网络,2025-10-16 10:51:12,24.02,9800,24.0,U
sz002517,恺英网络,2025-10-16 10:51:18,24.02,8500,24.02,U
sz002517,恺英网络,2025-10-16 10:51:24,24.03,10000,24.02,U
sz002517,恺英网络,2025-10-16 10:52:03,24.02,11200,24.03,D
sz002517,恺英网络,2025-10-16 10:52:39,24.03,26100,24.03,U
sz002517,恺英网络,2025-10-16 10:52:45,24.04,8900,24.02,U
sz002517,恺英网络,2025-10-16 10:52:48,24.04,11000,24.04,U
sz002517,恺英网络,2025-10-16 10:53:09,24.02,13700,24.02,U
sz002517,恺英网络,2025-10-16 10:53:21,24.03,8700,24.02,U
sz002517,恺英网络,2025-10-16 10:53:51,24.02,11500,24.02,D
sz002517,恺英网络,2025-10-16 10:53:57,24.0,18900,24.0,D
sz002517,恺英网络,2025-10-16 10:54:00,24.01,27100,24.0,U
sz002517,恺英网络,2025-10-16 10:54:03,24.02,19500,24.01,U
sz002517,恺英网络,2025-10-16 10:55:21,24.03,8700,24.03,U
sz002517,恺英网络,2025-10-16 10:56:18,24.02,11200,24.03,D
sz002517,恺英网络,2025-10-16 10:57:51,23.99,9700,24.01,D
sz002517,恺英网络,2025-10-16 10:58:33,24.0,9800,24.01,D
sz002517,恺英网络,2025-10-16 10:58:36,24.01,34600,24.0,U
sz002517,恺英网络,2025-10-16 10:58:45,24.01,17600,24.01,U
sz002517,恺英网络,2025-10-16 10:59:27,23.98,40500,24.0,D
sz002517,恺英网络,2025-10-16 10:59:36,24.0,15600,23.98,U
sz002517,恺英网络,2025-10-16 11:00:09,23.97,18500,23.99,D
sz002517,恺英网络,2025-10-16 11:00:15,23.98,24300,23.96,U
sz002517,恺英网络,2025-10-16 11:00:21,23.96,11600,23.98,D
sz002517,恺英网络,2025-10-16 11:00:30,23.97,18300,23.99,D
sz002517,恺英网络,2025-10-16 11:00:54,23.97,10300,24.01,D
sz002517,恺英网络,2025-10-16 11:01:03,23.99,47600,24.0,E
sz002517,恺英网络,2025-10-16 11:01:15,24.02,9600,24.0,U
sz002517,恺英网络,2025-10-16 11:01:21,24.0,9500,24.03,D
sz002517,恺英网络,2025-10-16 11:01:54,24.01,9400,24.03,D
sz002517,恺英网络,2025-10-16 11:02:09,23.99,14500,24.01,D
sz002517,恺英网络,2025-10-16 11:02:42,24.0,9100,23.99,U
sz002517,恺英网络,2025-10-16 11:03:03,24.02,11700,24.0,U
sz002517,恺英网络,2025-10-16 11:03:06,24.05,11900,24.02,U
sz002517,恺英网络,2025-10-16 11:03:09,24.02,14900,24.05,D
sz002517,恺英网络,2025-10-16 11:03:12,24.04,23400,24.02,U
sz002517,恺英网络,2025-10-16 11:03:18,24.05,15000,24.05,U
sz002517,恺英网络,2025-10-16 11:03:24,24.03,8500,24.04,D
sz002517,恺英网络,2025-10-16 11:04:06,24.01,15200,24.03,D
sz002517,恺英网络,2025-10-16 11:04:09,24.02,13800,24.01,U
sz002517,恺英网络,2025-10-16 11:04:21,24.03,15200,24.03,U
sz002517,恺英网络,2025-10-16 11:05:03,24.05,9900,24.07,D
sz002517,恺英网络,2025-10-16 11:05:06,24.04,13300,24.05,D
sz002517,恺英网络,2025-10-16 11:05:21,24.04,53700,24.04,U
sz002517,恺英网络,2025-10-16 11:05:27,24.08,10900,24.08,U
sz002517,恺英网络,2025-10-16 11:05:33,24.06,11100,24.05,D
sz002517,恺英网络,2025-10-16 11:05:45,24.06,8900,24.08,D
sz002517,恺英网络,2025-10-16 11:07:21,24.0,10800,24.02,D
sz002517,恺英网络,2025-10-16 11:07:57,24.02,34200,24.0,U
sz002517,恺英网络,2025-10-16 11:08:03,24.02,12000,24.01,U
sz002517,恺英网络,2025-10-16 11:08:06,24.03,9100,24.02,U
sz002517,恺英网络,2025-10-16 11:08:24,24.0,9100,24.01,D
sz002517,恺英网络,2025-10-16 11:08:57,23.99,9700,24.01,D
sz002517,恺英网络,2025-10-16 11:09:54,24.01,9100,24.01,D
sz002517,恺英网络,2025-10-16 11:10:21,23.99,9100,24.02,D
sz002517,恺英网络,2025-10-16 11:11:33,24.0,10400,24.01,D
sz002517,恺英网络,2025-10-16 11:12:54,23.99,9400,24.02,D
sz002517,恺英网络,2025-10-16 11:13:00,24.01,42200,24.01,U
sz002517,恺英网络,2025-10-16 11:13:03,24.02,79300,24.01,U
sz002517,恺英网络,2025-10-16 11:13:06,24.04,19700,24.02,U
sz002517,恺英网络,2025-10-16 11:13:24,24.04,80700,24.04,U
sz002517,恺英网络,2025-10-16 11:13:27,24.05,14600,24.04,E
sz002517,恺英网络,2025-10-16 11:14:21,24.06,8400,24.07,D
sz002517,恺英网络,2025-10-16 11:16:09,24.04,11600,24.05,D
sz002517,恺英网络,2025-10-16 11:16:15,24.02,11400,24.03,D
sz002517,恺英网络,2025-10-16 11:16:45,24.0,9800,24.0,D
sz002517,恺英网络,2025-10-16 11:17:39,23.99,10000,23.99,D
sz002517,恺英网络,2025-10-16 11:17:48,23.98,9500,23.98,D
sz002517,恺英网络,2025-10-16 11:18:06,23.96,10500,23.97,D
sz002517,恺英网络,2025-10-16 11:18:12,23.98,17400,23.98,U
sz002517,恺英网络,2025-10-16 11:18:57,23.98,17700,24.0,D
sz002517,恺英网络,2025-10-16 11:19:00,23.98,8400,23.98,U
sz002517,恺英网络,2025-10-16 11:19:24,23.98,13300,23.99,D
sz002517,恺英网络,2025-10-16 11:20:36,23.96,11400,23.96,D
sz002517,恺英网络,2025-10-16 11:20:39,23.94,20800,23.96,D
sz002517,恺英网络,2025-10-16 11:22:00,23.98,23500,23.96,U
sz002517,恺英网络,2025-10-16 11:24:12,23.94,16900,23.96,D
sz002517,恺英网络,2025-10-16 11:27:45,23.95,16900,23.96,D
sz002517,恺英网络,2025-10-16 11:29:54,23.9,62200,23.9,D
sz002517,恺英网络,2025-10-16 13:00:00,23.89,91800,23.89,D
sz002517,恺英网络,2025-10-16 13:00:03,23.89,42700,23.89,D
sz002517,恺英网络,2025-10-16 13:01:18,23.88,19100,23.88,D
sz002517,恺英网络,2025-10-16 13:01:21,23.88,11900,23.88,D
sz002517,恺英网络,2025-10-16 13:01:36,23.86,12700,23.86,D
sz002517,恺英网络,2025-10-16 13:02:03,23.85,11800,23.85,D
sz002517,恺英网络,2025-10-16 13:02:24,23.86,73500,23.86,U
sz002517,恺英网络,2025-10-16 13:02:27,23.86,18200,23.86,D
sz002517,恺英网络,2025-10-16 13:02:30,23.86,40500,23.86,D
sz002517,恺英网络,2025-10-16 13:05:03,23.85,17300,23.85,D
sz002517,恺英网络,2025-10-16 13:05:06,23.84,30200,23.85,D
sz002517,恺英网络,2025-10-16 13:05:09,23.84,25300,23.84,D
sz002517,恺英网络,2025-10-16 13:05:12,23.84,29900,23.84,D
sz002517,恺英网络,2025-10-16 13:05:18,23.84,12700,23.84,D
sz002517,恺英网络,2025-10-16 13:05:36,23.82,19800,23.81,U
sz002517,恺英网络,2025-10-16 13:05:39,23.81,25400,23.82,D
sz002517,恺英网络,2025-10-16 13:05:42,23.82,8500,23.81,U
sz002517,恺英网络,2025-10-16 13:06:27,23.85,10600,23.85,D
sz002517,恺英网络,2025-10-16 13:06:51,23.82,10000,23.83,D
sz002517,恺英网络,2025-10-16 13:07:03,23.83,10100,23.82,U
sz002517,恺英网络,2025-10-16 13:07:12,23.83,32900,23.83,U
sz002517,恺英网络,2025-10-16 13:07:48,23.82,11300,23.83,D
sz002517,恺英网络,2025-10-16 13:08:39,23.81,11700,23.81,D
sz002517,恺英网络,2025-10-16 13:08:48,23.81,9500,23.81,D
sz002517,恺英网络,2025-10-16 13:09:00,23.8,22700,23.81,D
sz002517,恺英网络,2025-10-16 13:09:15,23.83,61800,23.81,U
sz002517,恺英网络,2025-10-16 13:12:39,23.81,8800,23.82,D
sz002517,恺英网络,2025-10-16 13:12:42,23.8,13800,23.81,D
sz002517,恺英网络,2025-10-16 13:13:06,23.81,10000,23.8,U
sz002517,恺英网络,2025-10-16 13:15:18,23.85,59200,23.84,U
sz002517,恺英网络,2025-10-16 13:15:24,23.87,31300,23.86,U
sz002517,恺英网络,2025-10-16 13:15:30,23.86,11400,23.86,D
sz002517,恺英网络,2025-10-16 13:15:33,23.86,18900,23.86,D
sz002517,恺英网络,2025-10-16 13:15:36,23.85,59200,23.86,D
sz002517,恺英网络,2025-10-16 13:16:09,23.82,22500,23.83,D
sz002517,恺英网络,2025-10-16 13:16:15,23.82,9800,23.82,D
sz002517,恺英网络,2025-10-16 13:17:33,23.81,42800,23.81,D
sz002517,恺英网络,2025-10-16 13:17:39,23.8,15900,23.81,D
sz002517,恺英网络,2025-10-16 13:17:48,23.81,13100,23.8,U
sz002517,恺英网络,2025-10-16 13:17:54,23.81,22000,23.8,U
sz002517,恺英网络,2025-10-16 13:18:00,23.77,143200,23.8,D
sz002517,恺英网络,2025-10-16 13:18:21,23.77,17100,23.78,D
sz002517,恺英网络,2025-10-16 13:18:30,23.77,14300,23.77,D
sz002517,恺英网络,2025-10-16 13:18:48,23.77,9900,23.77,D
sz002517,恺英网络,2025-10-16 13:19:03,23.77,12500,23.77,D
sz002517,恺英网络,2025-10-16 13:20:06,23.79,25600,23.77,U
sz002517,恺英网络,2025-10-16 13:20:09,23.76,11100,23.79,D
sz002517,恺英网络,2025-10-16 13:21:06,23.79,8600,23.78,U
sz002517,恺英网络,2025-10-16 13:21:42,23.79,10400,23.8,D
sz002517,恺英网络,2025-10-16 13:22:33,23.78,11700,23.79,D
sz002517,恺英网络,2025-10-16 13:22:36,23.8,32800,23.78,U
sz002517,恺英网络,2025-10-16 13:22:54,23.79,9500,23.81,D
sz002517,恺英网络,2025-10-16 13:23:00,23.79,9900,23.79,U
sz002517,恺英网络,2025-10-16 13:23:18,23.79,22700,23.78,U
sz002517,恺英网络,2025-10-16 13:24:00,23.78,20700,23.78,D
sz002517,恺英网络,2025-10-16 13:24:15,23.78,57200,23.77,U
sz002517,恺英网络,2025-10-16 13:24:18,23.79,23300,23.78,U
sz002517,恺英网络,2025-10-16 13:25:03,23.79,264900,23.78,U
sz002517,恺英网络,2025-10-16 13:25:36,23.78,8900,23.79,D
sz002517,恺英网络,2025-10-16 13:25:48,23.78,14500,23.78,D
sz002517,恺英网络,2025-10-16 13:25:54,23.77,17600,23.79,D
sz002517,恺英网络,2025-10-16 13:26:03,23.77,11200,23.78,D
sz002517,恺英网络,2025-10-16 13:26:12,23.77,8700,23.77,U
sz002517,恺英网络,2025-10-16 13:26:15,23.76,9200,23.77,D
sz002517,恺英网络,2025-10-16 13:26:24,23.75,11900,23.75,D
sz002517,恺英网络,2025-10-16 13:26:51,23.75,9300,23.76,D
sz002517,恺英网络,2025-10-16 13:27:12,23.75,19500,23.75,D
sz002517,恺英网络,2025-10-16 13:27:21,23.74,38300,23.75,D
sz002517,恺英网络,2025-10-16 13:27:36,23.73,74200,23.73,D
sz002517,恺英网络,2025-10-16 13:27:51,23.72,58300,23.72,U
sz002517,恺英网络,2025-10-16 13:27:57,23.7,56300,23.71,D
sz002517,恺英网络,2025-10-16 13:28:06,23.71,24800,23.72,D
sz002517,恺英网络,2025-10-16 13:28:12,23.69,13900,23.71,D
sz002517,恺英网络,2025-10-16 13:28:24,23.7,9100,23.72,D
sz002517,恺英网络,2025-10-16 13:28:27,23.7,13000,23.7,D
sz002517,恺英网络,2025-10-16 13:29:06,23.73,15500,23.72,U
sz002517,恺英网络,2025-10-16 13:29:39,23.73,34200,23.74,D
sz002517,恺英网络,2025-10-16 13:29:42,23.74,8800,23.73,U
sz002517,恺英网络,2025-10-16 13:30:00,23.73,14200,23.73,D
sz002517,恺英网络,2025-10-16 13:30:03,23.71,24900,23.73,D
sz002517,恺英网络,2025-10-16 13:30:06,23.7,21000,23.71,D
sz002517,恺英网络,2025-10-16 13:30:09,23.69,29100,23.7,D
sz002517,恺英网络,2025-10-16 13:30:12,23.7,15600,23.69,U
sz002517,恺英网络,2025-10-16 13:30:15,23.69,11100,23.7,D
sz002517,恺英网络,2025-10-16 13:30:21,23.68,18000,23.69,D
sz002517,恺英网络,2025-10-16 13:30:30,23.66,59200,23.67,D
sz002517,恺英网络,2025-10-16 13:30:33,23.65,37100,23.66,D
sz002517,恺英网络,2025-10-16 13:30:36,23.65,26100,23.65,U
sz002517,恺英网络,2025-10-16 13:30:39,23.66,61600,23.65,U
sz002517,恺英网络,2025-10-16 13:30:42,23.65,10600,23.66,D
sz002517,恺英网络,2025-10-16 13:31:00,23.65,21000,23.65,U
sz002517,恺英网络,2025-10-16 13:31:03,23.64,19500,23.65,D
sz002517,恺英网络,2025-10-16 13:32:09,23.65,46500,23.65,U
sz002517,恺英网络,2025-10-16 13:32:12,23.65,8900,23.65,E
sz002517,恺英网络,2025-10-16 13:32:15,23.67,20800,23.65,U
sz002517,恺英网络,2025-10-16 13:32:21,23.66,10000,23.67,D
sz002517,恺英网络,2025-10-16 13:32:33,23.67,51800,23.65,U
sz002517,恺英网络,2025-10-16 13:33:06,23.66,17500,23.67,D
sz002517,恺英网络,2025-10-16 13:33:09,23.65,8900,23.66,D
sz002517,恺英网络,2025-10-16 13:33:12,23.63,13500,23.65,D
sz002517,恺英网络,2025-10-16 13:33:24,23.64,43000,23.63,U
sz002517,恺英网络,2025-10-16 13:33:33,23.63,200300,23.65,D
sz002517,恺英网络,2025-10-16 13:34:00,23.65,36800,23.65,E
sz002517,恺英网络,2025-10-16 13:34:06,23.68,57700,23.66,U
sz002517,恺英网络,2025-10-16 13:34:09,23.68,40400,23.68,U
sz002517,恺英网络,2025-10-16 13:34:21,23.65,9000,23.68,D
sz002517,恺英网络,2025-10-16 13:35:24,23.68,11400,23.68,U
sz002517,恺英网络,2025-10-16 13:35:42,23.69,11000,23.69,U
sz002517,恺英网络,2025-10-16 13:35:51,23.7,10600,23.69,U
sz002517,恺英网络,2025-10-16 13:36:09,23.69,18400,23.72,D
sz002517,恺英网络,2025-10-16 13:36:12,23.68,10200,23.69,D
sz002517,恺英网络,2025-10-16 13:36:15,23.68,10600,23.68,D
sz002517,恺英网络,2025-10-16 13:36:48,23.66,11500,23.66,D
sz002517,恺英网络,2025-10-16 13:37:00,23.68,24900,23.65,U
sz002517,恺英网络,2025-10-16 13:37:21,23.69,11700,23.69,U
sz002517,恺英网络,2025-10-16 13:37:42,23.68,14200,23.69,D
sz002517,恺英网络,2025-10-16 13:37:45,23.68,8600,23.68,U
sz002517,恺英网络,2025-10-16 13:37:51,23.68,22900,23.67,U
sz002517,恺英网络,2025-10-16 13:37:57,23.66,8600,23.67,D
sz002517,恺英网络,2025-10-16 13:38:03,23.66,15500,23.67,D
sz002517,恺英网络,2025-10-16 13:38:06,23.65,23100,23.66,D
sz002517,恺英网络,2025-10-16 13:39:09,23.64,21600,23.65,D
sz002517,恺英网络,2025-10-16 13:39:15,23.65,13500,23.64,U
sz002517,恺英网络,2025-10-16 13:40:06,23.67,44500,23.63,U
sz002517,恺英网络,2025-10-16 13:40:27,23.66,10600,23.68,D
sz002517,恺英网络,2025-10-16 13:40:30,23.66,33400,23.66,U
sz002517,恺英网络,2025-10-16 13:40:42,23.67,10200,23.66,U
sz002517,恺英网络,2025-10-16 13:41:03,23.66,34200,23.68,D
sz002517,恺英网络,2025-10-16 13:41:27,23.64,11300,23.65,D
sz002517,恺英网络,2025-10-16 13:41:36,23.64,12700,23.64,D
sz002517,恺英网络,2025-10-16 13:41:51,23.64,38000,23.64,D
sz002517,恺英网络,2025-10-16 13:42:00,23.63,48300,23.63,D
sz002517,恺英网络,2025-10-16 13:42:12,23.61,9800,23.61,D
sz002517,恺英网络,2025-10-16 13:42:15,23.61,12500,23.61,D
sz002517,恺英网络,2025-10-16 13:42:30,23.6,75400,23.6,D
sz002517,恺英网络,2025-10-16 13:42:42,23.58,10200,23.58,D
sz002517,恺英网络,2025-10-16 13:42:48,23.57,16300,23.58,D
sz002517,恺英网络,2025-10-16 13:42:57,23.58,44300,23.58,D
sz002517,恺英网络,2025-10-16 13:43:03,23.58,41700,23.59,D
sz002517,恺英网络,2025-10-16 13:43:12,23.6,10300,23.58,U
sz002517,恺英网络,2025-10-16 13:43:33,23.58,14900,23.58,D
sz002517,恺英网络,2025-10-16 13:43:51,23.59,8600,23.58,U
sz002517,恺英网络,2025-10-16 13:44:06,23.57,19500,23.58,D
sz002517,恺英网络,2025-10-16 13:44:27,23.56,37200,23.58,D
sz002517,恺英网络,2025-10-16 13:44:36,23.56,27600,23.56,U
sz002517,恺英网络,2025-10-16 13:44:39,23.55,12000,23.56,D
sz002517,恺英网络,2025-10-16 13:44:42,23.56,50700,23.55,U
sz002517,恺英网络,2025-10-16 13:44:45,23.57,30600,23.56,U
sz002517,恺英网络,2025-10-16 13:44:51,23.56,18000,23.56,D
sz002517,恺英网络,2025-10-16 13:44:57,23.57,30900,23.56,E
sz002517,恺英网络,2025-10-16 13:45:06,23.57,8500,23.58,D
sz002517,恺英网络,2025-10-16 13:45:21,23.57,13500,23.58,D
sz002517,恺英网络,2025-10-16 13:45:27,23.57,28400,23.57,D
sz002517,恺英网络,2025-10-16 13:45:36,23.56,11800,23.57,D
sz002517,恺英网络,2025-10-16 13:45:45,23.55,10800,23.54,U
sz002517,恺英网络,2025-10-16 13:45:48,23.54,9700,23.55,D
sz002517,恺英网络,2025-10-16 13:45:57,23.55,11200,23.54,U
sz002517,恺英网络,2025-10-16 13:46:03,23.55,28000,23.54,U
sz002517,恺英网络,2025-10-16 13:46:06,23.55,21500,23.55,D
sz002517,恺英网络,2025-10-16 13:46:39,23.54,11100,23.54,U
sz002517,恺英网络,2025-10-16 13:46:42,23.53,10000,23.54,D
sz002517,恺英网络,2025-10-16 13:46:57,23.53,10100,23.52,U
sz002517,恺英网络,2025-10-16 13:47:06,23.52,16200,23.52,D
sz002517,恺英网络,2025-10-16 13:47:33,23.5,197800,23.52,D
sz002517,恺英网络,2025-10-16 13:47:39,23.49,18900,23.5,D
sz002517,恺英网络,2025-10-16 13:47:45,23.49,17600,23.51,D
sz002517,恺英网络,2025-10-16 13:47:51,23.49,11700,23.5,D
sz002517,恺英网络,2025-10-16 13:47:54,23.51,24100,23.49,U
sz002517,恺英网络,2025-10-16 13:48:03,23.49,9600,23.5,D
sz002517,恺英网络,2025-10-16 13:48:06,23.5,33400,23.49,U
sz002517,恺英网络,2025-10-16 13:48:09,23.5,9000,23.5,U
sz002517,恺英网络,2025-10-16 13:48:27,23.49,25100,23.5,D
sz002517,恺英网络,2025-10-16 13:48:36,23.48,11100,23.49,D
sz002517,恺英网络,2025-10-16 13:48:39,23.49,38900,23.48,U
sz002517,恺英网络,2025-10-16 13:48:42,23.49,15800,23.49,D
sz002517,恺英网络,2025-10-16 13:49:00,23.49,12800,23.5,D
sz002517,恺英网络,2025-10-16 13:49:09,23.52,69100,23.49,U
sz002517,恺英网络,2025-10-16 13:49:12,23.52,17700,23.52,D
sz002517,恺英网络,2025-10-16 13:49:18,23.53,8500,23.53,U
sz002517,恺英网络,2025-10-16 13:49:21,23.51,15900,23.53,D
sz002517,恺英网络,2025-10-16 13:49:42,23.52,15800,23.51,U
sz002517,恺英网络,2025-10-16 13:49:51,23.5,8800,23.51,D
sz002517,恺英网络,2025-10-16 13:50:18,23.52,12500,23.52,U
sz002517,恺英网络,2025-10-16 13:50:21,23.53,12900,23.52,U
sz002517,恺英网络,2025-10-16 13:50:27,23.53,25800,23.53,U
sz002517,恺英网络,2025-10-16 13:50:30,23.53,10900,23.53,U
sz002517,恺英网络,2025-10-16 13:51:03,23.54,46000,23.52,U
sz002517,恺英网络,2025-10-16 13:51:39,23.54,36900,23.53,U
sz002517,恺英网络,2025-10-16 13:51:54,23.56,11600,23.56,U
sz002517,恺英网络,2025-10-16 13:52:06,23.58,16900,23.59,U
sz002517,恺英网络,2025-10-16 13:52:09,23.55,10000,23.58,D
sz002517,恺英网络,2025-10-16 13:52:15,23.55,15200,23.55,D
sz002517,恺英网络,2025-10-16 13:52:21,23.54,17200,23.55,D
sz002517,恺英网络,2025-10-16 13:52:42,23.53,8900,23.54,D
sz002517,恺英网络,2025-10-16 13:52:54,23.54,11100,23.53,U
sz002517,恺英网络,2025-10-16 13:53:00,23.54,12500,23.54,U
sz002517,恺英网络,2025-10-16 13:53:03,23.56,52700,23.54,U
sz002517,恺英网络,2025-10-16 13:53:39,23.56,9900,23.56,D
sz002517,恺英网络,2025-10-16 13:53:48,23.56,20800,23.56,U
sz002517,恺英网络,2025-10-16 13:53:54,23.57,21600,23.56,U
sz002517,恺英网络,2025-10-16 13:54:03,23.57,17500,23.58,D
sz002517,恺英网络,2025-10-16 13:54:30,23.58,8600,23.58,U
sz002517,恺英网络,2025-10-16 13:54:33,23.58,11900,23.58,D
sz002517,恺英网络,2025-10-16 13:54:39,23.58,8500,23.58,U
sz002517,恺英网络,2025-10-16 13:54:45,23.56,16800,23.58,D
sz002517,恺英网络,2025-10-16 13:55:03,23.58,43300,23.57,U
sz002517,恺英网络,2025-10-16 13:55:06,23.58,10300,23.58,D
sz002517,恺英网络,2025-10-16 13:55:51,23.59,14700,23.59,U
sz002517,恺英网络,2025-10-16 13:55:54,23.59,12200,23.59,D
sz002517,恺英网络,2025-10-16 13:55:57,23.59,41900,23.59,D
sz002517,恺英网络,2025-10-16 13:56:15,23.61,38600,23.59,U
sz002517,恺英网络,2025-10-16 13:56:21,23.61,13500,23.62,D
sz002517,恺英网络,2025-10-16 13:57:03,23.59,38400,23.6,D
sz002517,恺英网络,2025-10-16 13:57:06,23.6,18000,23.59,U
sz002517,恺英网络,2025-10-16 13:57:21,23.6,9400,23.6,U
sz002517,恺英网络,2025-10-16 13:57:36,23.6,8500,23.6,D
sz002517,恺英网络,2025-10-16 13:58:09,23.59,9900,23.59,D
sz002517,恺英网络,2025-10-16 13:58:15,23.59,47300,23.59,D
sz002517,恺英网络,2025-10-16 13:58:48,23.57,15400,23.57,D
sz002517,恺英网络,2025-10-16 13:59:00,23.55,11400,23.55,D
sz002517,恺英网络,2025-10-16 13:59:03,23.55,9200,23.55,U
sz002517,恺英网络,2025-10-16 13:59:21,23.54,10900,23.54,D
sz002517,恺英网络,2025-10-16 13:59:27,23.54,15000,23.54,D
sz002517,恺英网络,2025-10-16 13:59:30,23.54,11800,23.54,D
sz002517,恺英网络,2025-10-16 13:59:57,23.54,13900,23.54,D
sz002517,恺英网络,2025-10-16 14:00:00,23.52,41200,23.54,D
sz002517,恺英网络,2025-10-16 14:00:06,23.52,9300,23.52,D
sz002517,恺英网络,2025-10-16 14:00:15,23.51,13700,23.52,D
sz002517,恺英网络,2025-10-16 14:00:18,23.52,29800,23.51,U
sz002517,恺英网络,2025-10-16 14:00:21,23.53,9600,23.52,U
sz002517,恺英网络,2025-10-16 14:00:30,23.53,8800,23.52,U
sz002517,恺英网络,2025-10-16 14:00:33,23.52,16500,23.53,D
sz002517,恺英网络,2025-10-16 14:00:42,23.52,10800,23.52,D
sz002517,恺英网络,2025-10-16 14:01:00,23.52,9800,23.52,U
sz002517,恺英网络,2025-10-16 14:01:03,23.54,53700,23.52,U
sz002517,恺英网络,2025-10-16 14:01:06,23.54,14900,23.54,U
sz002517,恺英网络,2025-10-16 14:01:21,23.55,14800,23.54,U
sz002517,恺英网络,2025-10-16 14:01:51,23.53,20600,23.54,D
sz002517,恺英网络,2025-10-16 14:02:03,23.53,16900,23.53,D
sz002517,恺英网络,2025-10-16 14:02:24,23.52,13900,23.52,D
sz002517,恺英网络,2025-10-16 14:02:30,23.54,47900,23.52,U
sz002517,恺英网络,2025-10-16 14:02:33,23.54,10000,23.54,U
sz002517,恺英网络,2025-10-16 14:03:03,23.53,14100,23.53,U
sz002517,恺英网络,2025-10-16 14:03:12,23.53,8700,23.53,U
sz002517,恺英网络,2025-10-16 14:03:21,23.52,14400,23.52,D
sz002517,恺英网络,2025-10-16 14:03:30,23.52,12100,23.51,U
sz002517,恺英网络,2025-10-16 14:03:45,23.5,14100,23.51,D
sz002517,恺英网络,2025-10-16 14:03:48,23.52,36800,23.5,U
sz002517,恺英网络,2025-10-16 14:03:51,23.52,11900,23.52,D
sz002517,恺英网络,2025-10-16 14:03:57,23.5,54400,23.52,D
sz002517,恺英网络,2025-10-16 14:04:15,23.51,22900,23.51,D
sz002517,恺英网络,2025-10-16 14:04:21,23.52,27500,23.53,D
sz002517,恺英网络,2025-10-16 14:04:33,23.52,12200,23.53,D
sz002517,恺英网络,2025-10-16 14:04:45,23.52,51300,23.53,D
sz002517,恺英网络,2025-10-16 14:05:03,23.55,39400,23.52,U
sz002517,恺英网络,2025-10-16 14:05:06,23.55,15600,23.55,D
sz002517,恺英网络,2025-10-16 14:05:21,23.56,10000,23.56,D
sz002517,恺英网络,2025-10-16 14:05:45,23.56,14700,23.57,D
sz002517,恺英网络,2025-10-16 14:06:03,23.6,102500,23.56,U
sz002517,恺英网络,2025-10-16 14:06:24,23.58,15800,23.6,D
sz002517,恺英网络,2025-10-16 14:06:27,23.6,19400,23.58,U
sz002517,恺英网络,2025-10-16 14:06:33,23.61,20600,23.58,E
sz002517,恺英网络,2025-10-16 14:07:06,23.59,21100,23.59,D
sz002517,恺英网络,2025-10-16 14:07:12,23.58,8600,23.58,D
sz002517,恺英网络,2025-10-16 14:07:45,23.57,22500,23.58,D
sz002517,恺英网络,2025-10-16 14:08:03,23.57,10100,23.57,D
sz002517,恺英网络,2025-10-16 14:08:15,23.57,8500,23.58,D
sz002517,恺英网络,2025-10-16 14:08:27,23.57,19800,23.57,D
sz002517,恺英网络,2025-10-16 14:08:57,23.57,25100,23.56,U
sz002517,恺英网络,2025-10-16 14:09:00,23.58,19200,23.57,U
sz002517,恺英网络,2025-10-16 14:09:06,23.56,13900,23.57,D
sz002517,恺英网络,2025-10-16 14:09:24,23.58,10500,23.57,U
sz002517,恺英网络,2025-10-16 14:09:33,23.57,22600,23.57,D
sz002517,恺英网络,2025-10-16 14:09:45,23.57,12000,23.59,D
sz002517,恺英网络,2025-10-16 14:10:09,23.59,27600,23.59,U
sz002517,恺英网络,2025-10-16 14:10:12,23.6,24000,23.59,U
sz002517,恺英网络,2025-10-16 14:10:15,23.6,22400,23.6,U
sz002517,恺英网络,2025-10-16 14:10:18,23.6,12800,23.6,D
sz002517,恺英网络,2025-10-16 14:10:27,23.62,13900,23.62,U
sz002517,恺英网络,2025-10-16 14:10:33,23.62,15800,23.61,U
sz002517,恺英网络,2025-10-16 14:11:06,23.61,14700,23.6,D
sz002517,恺英网络,2025-10-16 14:11:15,23.6,8600,23.6,D
sz002517,恺英网络,2025-10-16 14:11:33,23.6,61700,23.59,U
sz002517,恺英网络,2025-10-16 14:11:36,23.6,12100,23.6,U
sz002517,恺英网络,2025-10-16 14:11:42,23.58,9000,23.59,D
sz002517,恺英网络,2025-10-16 14:11:54,23.55,9400,23.56,D
sz002517,恺英网络,2025-10-16 14:12:00,23.55,8500,23.56,D
sz002517,恺英网络,2025-10-16 14:12:03,23.56,11700,23.55,E
sz002517,恺英网络,2025-10-16 14:12:09,23.57,8900,23.56,U
sz002517,恺英网络,2025-10-16 14:12:18,23.59,29400,23.57,U
sz002517,恺英网络,2025-10-16 14:12:24,23.59,13700,23.57,U
sz002517,恺英网络,2025-10-16 14:12:30,23.57,14300,23.57,D
sz002517,恺英网络,2025-10-16 14:12:39,23.56,17600,23.53,E
sz002517,恺英网络,2025-10-16 14:12:42,23.54,11700,23.56,D
sz002517,恺英网络,2025-10-16 14:12:45,23.52,16600,23.54,D
sz002517,恺英网络,2025-10-16 14:12:48,23.57,9200,23.52,U
sz002517,恺英网络,2025-10-16 14:12:51,23.57,18000,23.57,U
sz002517,恺英网络,2025-10-16 14:12:57,23.53,12500,23.58,D
sz002517,恺英网络,2025-10-16 14:13:00,23.58,12600,23.53,U
sz002517,恺英网络,2025-10-16 14:13:03,23.57,15300,23.58,D
sz002517,恺英网络,2025-10-16 14:13:18,23.57,11200,23.57,D
sz002517,恺英网络,2025-10-16 14:13:24,23.59,28300,23.57,U
sz002517,恺英网络,2025-10-16 14:14:00,23.58,11800,23.58,D
sz002517,恺英网络,2025-10-16 14:14:39,23.57,9400,23.57,D
sz002517,恺英网络,2025-10-16 14:14:45,23.58,35700,23.57,U
sz002517,恺英网络,2025-10-16 14:14:48,23.58,31000,23.58,D
sz002517,恺英网络,2025-10-16 14:14:51,23.56,12500,23.58,D
sz002517,恺英网络,2025-10-16 14:15:21,23.57,14700,23.56,U
sz002517,恺英网络,2025-10-16 14:15:45,23.55,31600,23.56,D
sz002517,恺英网络,2025-10-16 14:15:48,23.57,21800,23.55,U
sz002517,恺英网络,2025-10-16 14:15:51,23.56,33300,23.57,U
sz002517,恺英网络,2025-10-16 14:15:57,23.53,31900,23.55,D
sz002517,恺英网络,2025-10-16 14:16:03,23.53,9200,23.52,U
sz002517,恺英网络,2025-10-16 14:16:09,23.53,22500,23.53,D
sz002517,恺英网络,2025-10-16 14:16:12,23.54,23000,23.53,U
sz002517,恺英网络,2025-10-16 14:16:18,23.55,16100,23.54,U
sz002517,恺英网络,2025-10-16 14:16:21,23.54,9300,23.55,D
sz002517,恺英网络,2025-10-16 14:16:51,23.55,14500,23.54,U
sz002517,恺英网络,2025-10-16 14:17:24,23.52,10900,23.52,D
sz002517,恺英网络,2025-10-16 14:17:30,23.52,10900,23.52,D
sz002517,恺英网络,2025-10-16 14:17:36,23.54,49200,23.52,U
sz002517,恺英网络,2025-10-16 14:17:51,23.53,13800,23.54,D
sz002517,恺英网络,2025-10-16 14:18:03,23.53,9500,23.53,U
sz002517,恺英网络,2025-10-16 14:18:06,23.52,23100,23.53,D
sz002517,恺英网络,2025-10-16 14:18:09,23.53,12800,23.52,E
sz002517,恺英网络,2025-10-16 14:18:12,23.55,11200,23.53,U
sz002517,恺英网络,2025-10-16 14:18:15,23.55,57800,23.55,U
sz002517,恺英网络,2025-10-16 14:18:54,23.55,24200,23.55,D
sz002517,恺英网络,2025-10-16 14:19:06,23.58,42000,23.57,U
sz002517,恺英网络,2025-10-16 14:19:51,23.57,9800,23.56,U
sz002517,恺英网络,2025-10-16 14:20:27,23.56,12800,23.56,D
sz002517,恺英网络,2025-10-16 14:20:48,23.56,22100,23.55,U
sz002517,恺英网络,2025-10-16 14:21:06,23.57,9400,23.56,U
sz002517,恺英网络,2025-10-16 14:21:09,23.57,11000,23.57,D
sz002517,恺英网络,2025-10-16 14:21:48,23.56,11200,23.56,D
sz002517,恺英网络,2025-10-16 14:21:54,23.55,12900,23.55,D
sz002517,恺英网络,2025-10-16 14:22:00,23.55,17000,23.55,D
sz002517,恺英网络,2025-10-16 14:22:03,23.55,9100,23.55,U
sz002517,恺英网络,2025-10-16 14:22:06,23.56,15400,23.55,U
sz002517,恺英网络,2025-10-16 14:22:09,23.56,42900,23.56,U
sz002517,恺英网络,2025-10-16 14:22:54,23.54,8600,23.54,D
sz002517,恺英网络,2025-10-16 14:23:09,23.51,11300,23.52,D
sz002517,恺英网络,2025-10-16 14:23:15,23.5,41300,23.51,D
sz002517,恺英网络,2025-10-16 14:23:18,23.51,121500,23.5,U
sz002517,恺英网络,2025-10-16 14:23:21,23.5,13000,23.51,D
sz002517,恺英网络,2025-10-16 14:23:24,23.51,12200,23.5,E
sz002517,恺英网络,2025-10-16 14:23:27,23.52,13800,23.51,U
sz002517,恺英网络,2025-10-16 14:23:30,23.51,30500,23.52,D
sz002517,恺英网络,2025-10-16 14:23:36,23.53,9500,23.52,U
sz002517,恺英网络,2025-10-16 14:23:54,23.55,26500,23.53,U
sz002517,恺英网络,2025-10-16 14:24:00,23.53,36100,23.54,D
sz002517,恺英网络,2025-10-16 14:24:15,23.55,11100,23.55,D
sz002517,恺英网络,2025-10-16 14:24:36,23.54,15300,23.53,U
sz002517,恺英网络,2025-10-16 14:24:39,23.53,14500,23.54,E
sz002517,恺英网络,2025-10-16 14:25:18,23.53,19300,23.52,U
sz002517,恺英网络,2025-10-16 14:25:57,23.53,81100,23.53,D
sz002517,恺英网络,2025-10-16 14:26:00,23.53,18400,23.53,D
sz002517,恺英网络,2025-10-16 14:26:03,23.54,24000,23.53,U
sz002517,恺英网络,2025-10-16 14:26:09,23.54,34500,23.54,D
sz002517,恺英网络,2025-10-16 14:26:21,23.54,13200,23.55,E
sz002517,恺英网络,2025-10-16 14:26:24,23.55,8800,23.54,U
sz002517,恺英网络,2025-10-16 14:26:45,23.56,9900,23.56,D
sz002517,恺英网络,2025-10-16 14:26:54,23.56,12300,23.56,D
sz002517,恺英网络,2025-10-16 14:27:06,23.55,15600,23.55,D
sz002517,恺英网络,2025-10-16 14:27:15,23.55,36100,23.54,E
sz002517,恺英网络,2025-10-16 14:27:21,23.56,21800,23.55,U
sz002517,恺英网络,2025-10-16 14:27:36,23.53,17700,23.53,D
sz002517,恺英网络,2025-10-16 14:27:39,23.52,10100,23.53,D
sz002517,恺英网络,2025-10-16 14:27:45,23.53,11600,23.53,D
sz002517,恺英网络,2025-10-16 14:27:48,23.53,9400,23.53,D
sz002517,恺英网络,2025-10-16 14:27:51,23.54,11400,23.53,U
sz002517,恺英网络,2025-10-16 14:27:54,23.55,12700,23.54,U
sz002517,恺英网络,2025-10-16 14:27:57,23.55,47200,23.55,E
sz002517,恺英网络,2025-10-16 14:28:21,23.55,12900,23.56,D
sz002517,恺英网络,2025-10-16 14:28:45,23.59,11400,23.58,U
sz002517,恺英网络,2025-10-16 14:29:18,23.58,13200,23.59,D
sz002517,恺英网络,2025-10-16 14:29:21,23.61,42800,23.58,U
sz002517,恺英网络,2025-10-16 14:29:27,23.59,10500,23.6,D
sz002517,恺英网络,2025-10-16 14:29:30,23.58,11400,23.59,D
sz002517,恺英网络,2025-10-16 14:30:03,23.61,58000,23.58,U
sz002517,恺英网络,2025-10-16 14:30:09,23.6,11400,23.61,D
sz002517,恺英网络,2025-10-16 14:30:21,23.62,27300,23.62,U
sz002517,恺英网络,2025-10-16 14:30:24,23.61,11500,23.62,D
sz002517,恺英网络,2025-10-16 14:31:00,23.61,15500,23.61,D
sz002517,恺英网络,2025-10-16 14:31:09,23.6,8900,23.6,D
sz002517,恺英网络,2025-10-16 14:31:18,23.6,8700,23.6,D
sz002517,恺英网络,2025-10-16 14:31:39,23.62,25800,23.61,U
sz002517,恺英网络,2025-10-16 14:31:48,23.61,17300,23.62,D
sz002517,恺英网络,2025-10-16 14:31:54,23.62,17200,23.62,D
sz002517,恺英网络,2025-10-16 14:32:27,23.6,10900,23.61,D
sz002517,恺英网络,2025-10-16 14:32:39,23.58,18100,23.6,D
sz002517,恺英网络,2025-10-16 14:32:45,23.59,15300,23.58,U
sz002517,恺英网络,2025-10-16 14:32:48,23.59,19800,23.59,D
sz002517,恺英网络,2025-10-16 14:33:15,23.61,24200,23.59,U
sz002517,恺英网络,2025-10-16 14:33:18,23.61,10000,23.61,U
sz002517,恺英网络,2025-10-16 14:33:33,23.62,9300,23.61,U
sz002517,恺英网络,2025-10-16 14:33:48,23.62,30500,23.62,U
sz002517,恺英网络,2025-10-16 14:34:00,23.6,14100,23.62,D
sz002517,恺英网络,2025-10-16 14:34:21,23.61,12200,23.6,U
sz002517,恺英网络,2025-10-16 14:34:48,23.6,8800,23.6,D
sz002517,恺英网络,2025-10-16 14:34:51,23.59,12400,23.6,D
sz002517,恺英网络,2025-10-16 14:35:27,23.58,10500,23.58,D
sz002517,恺英网络,2025-10-16 14:35:39,23.59,13500,23.58,U
sz002517,恺英网络,2025-10-16 14:36:15,23.57,9100,23.57,D
sz002517,恺英网络,2025-10-16 14:36:39,23.55,12600,23.55,D
sz002517,恺英网络,2025-10-16 14:36:45,23.56,112900,23.55,U
sz002517,恺英网络,2025-10-16 14:36:48,23.55,11200,23.56,D
sz002517,恺英网络,2025-10-16 14:37:03,23.56,13700,23.54,U
sz002517,恺英网络,2025-10-16 14:37:24,23.53,16900,23.53,D
sz002517,恺英网络,2025-10-16 14:37:39,23.53,12300,23.55,D
sz002517,恺英网络,2025-10-16 14:37:42,23.54,22500,23.53,U
sz002517,恺英网络,2025-10-16 14:38:06,23.52,13800,23.53,D
sz002517,恺英网络,2025-10-16 14:38:18,23.52,12000,23.53,D
sz002517,恺英网络,2025-10-16 14:38:24,23.53,15000,23.53,D
sz002517,恺英网络,2025-10-16 14:38:57,23.52,13000,23.52,D
sz002517,恺英网络,2025-10-16 14:39:06,23.53,18900,23.52,U
sz002517,恺英网络,2025-10-16 14:39:21,23.53,16000,23.53,D
sz002517,恺英网络,2025-10-16 14:39:39,23.53,103200,23.52,U
sz002517,恺英网络,2025-10-16 14:39:54,23.51,12200,23.51,D
sz002517,恺英网络,2025-10-16 14:40:06,23.52,22600,23.52,D
sz002517,恺英网络,2025-10-16 14:40:09,23.53,31200,23.52,D
sz002517,恺英网络,2025-10-16 14:40:15,23.55,19100,23.53,U
sz002517,恺英网络,2025-10-16 14:40:18,23.55,11500,23.55,D
sz002517,恺英网络,2025-10-16 14:40:21,23.56,12000,23.55,U
sz002517,恺英网络,2025-10-16 14:40:30,23.54,60400,23.54,U
sz002517,恺英网络,2025-10-16 14:40:45,23.54,21900,23.54,E
sz002517,恺英网络,2025-10-16 14:40:51,23.51,9100,23.51,D
sz002517,恺英网络,2025-10-16 14:40:57,23.52,14900,23.52,D
sz002517,恺英网络,2025-10-16 14:41:00,23.5,11600,23.52,D
sz002517,恺英网络,2025-10-16 14:41:18,23.5,12700,23.51,D
sz002517,恺英网络,2025-10-16 14:41:27,23.51,17800,23.51,D
sz002517,恺英网络,2025-10-16 14:41:36,23.51,10700,23.5,U
sz002517,恺英网络,2025-10-16 14:41:39,23.5,9000,23.51,D
sz002517,恺英网络,2025-10-16 14:41:54,23.5,11800,23.5,D
sz002517,恺英网络,2025-10-16 14:41:57,23.51,16100,23.5,U
sz002517,恺英网络,2025-10-16 14:42:03,23.5,25300,23.5,U
sz002517,恺英网络,2025-10-16 14:42:21,23.49,10800,23.49,D
sz002517,恺英网络,2025-10-16 14:42:24,23.5,30900,23.49,U
sz002517,恺英网络,2025-10-16 14:42:45,23.51,22400,23.49,U
sz002517,恺英网络,2025-10-16 14:43:09,23.49,8700,23.49,D
sz002517,恺英网络,2025-10-16 14:43:21,23.49,18400,23.49,D
sz002517,恺英网络,2025-10-16 14:43:24,23.5,26200,23.49,U
sz002517,恺英网络,2025-10-16 14:43:27,23.5,25900,23.5,U
sz002517,恺英网络,2025-10-16 14:43:30,23.49,8800,23.5,D
sz002517,恺英网络,2025-10-16 14:43:33,23.48,15500,23.49,D
sz002517,恺英网络,2025-10-16 14:43:42,23.48,37300,23.48,D
sz002517,恺英网络,2025-10-16 14:43:45,23.48,10600,23.48,D
sz002517,恺英网络,2025-10-16 14:43:48,23.48,41100,23.48,D
sz002517,恺英网络,2025-10-16 14:43:51,23.47,10800,23.48,D
sz002517,恺英网络,2025-10-16 14:44:03,23.5,102800,23.48,U
sz002517,恺英网络,2025-10-16 14:44:06,23.5,41800,23.5,U
sz002517,恺英网络,2025-10-16 14:44:15,23.51,14400,23.51,U
sz002517,恺英网络,2025-10-16 14:44:18,23.5,26100,23.51,D
sz002517,恺英网络,2025-10-16 14:44:24,23.5,10800,23.52,D
sz002517,恺英网络,2025-10-16 14:44:39,23.52,11700,23.5,U
sz002517,恺英网络,2025-10-16 14:44:42,23.52,25700,23.52,U
sz002517,恺英网络,2025-10-16 14:44:51,23.52,11100,23.51,U
sz002517,恺英网络,2025-10-16 14:45:00,23.5,14600,23.51,D
sz002517,恺英网络,2025-10-16 14:45:09,23.52,41600,23.51,U
sz002517,恺英网络,2025-10-16 14:45:12,23.54,99400,23.52,U
sz002517,恺英网络,2025-10-16 14:45:15,23.54,13700,23.54,D
sz002517,恺英网络,2025-10-16 14:45:18,23.55,28300,23.54,U
sz002517,恺英网络,2025-10-16 14:45:21,23.56,30700,23.55,U
sz002517,恺英网络,2025-10-16 14:45:30,23.55,14000,23.55,U
sz002517,恺英网络,2025-10-16 14:45:51,23.53,23700,23.53,D
sz002517,恺英网络,2025-10-16 14:45:54,23.54,11200,23.53,U
sz002517,恺英网络,2025-10-16 14:45:57,23.53,14800,23.54,D
sz002517,恺英网络,2025-10-16 14:46:00,23.53,14800,23.53,U
sz002517,恺英网络,2025-10-16 14:46:09,23.53,34400,23.54,D
sz002517,恺英网络,2025-10-16 14:46:15,23.54,69400,23.54,D
sz002517,恺英网络,2025-10-16 14:46:24,23.54,8500,23.54,U
sz002517,恺英网络,2025-10-16 14:46:42,23.54,19200,23.53,U
sz002517,恺英网络,2025-10-16 14:46:45,23.54,8600,23.54,E
sz002517,恺英网络,2025-10-16 14:46:54,23.51,20700,23.52,D
sz002517,恺英网络,2025-10-16 14:47:00,23.53,9400,23.51,U
sz002517,恺英网络,2025-10-16 14:47:09,23.5,8800,23.51,D
sz002517,恺英网络,2025-10-16 14:47:12,23.52,22100,23.5,U
sz002517,恺英网络,2025-10-16 14:47:30,23.51,26000,23.5,U
sz002517,恺英网络,2025-10-16 14:47:42,23.52,15900,23.52,U
sz002517,恺英网络,2025-10-16 14:47:51,23.52,17300,23.52,U
sz002517,恺英网络,2025-10-16 14:48:06,23.53,26900,23.52,U
sz002517,恺英网络,2025-10-16 14:48:18,23.54,38000,23.52,U
sz002517,恺英网络,2025-10-16 14:48:24,23.52,11300,23.53,D
sz002517,恺英网络,2025-10-16 14:48:48,23.52,11700,23.52,D
sz002517,恺英网络,2025-10-16 14:48:51,23.52,20100,23.52,D
sz002517,恺英网络,2025-10-16 14:49:00,23.52,14100,23.52,U
sz002517,恺英网络,2025-10-16 14:49:03,23.52,13400,23.52,D
sz002517,恺英网络,2025-10-16 14:49:06,23.54,28000,23.52,U
sz002517,恺英网络,2025-10-16 14:49:09,23.55,19100,23.54,U
sz002517,恺英网络,2025-10-16 14:49:42,23.53,8700,23.53,D
sz002517,恺英网络,2025-10-16 14:50:00,23.53,13500,23.53,U
sz002517,恺英网络,2025-10-16 14:50:03,23.55,37300,23.53,U
sz002517,恺英网络,2025-10-16 14:50:06,23.54,13900,23.55,D
sz002517,恺英网络,2025-10-16 14:50:18,23.56,10800,23.56,U
sz002517,恺英网络,2025-10-16 14:50:21,23.57,9300,23.56,U
sz002517,恺英网络,2025-10-16 14:50:24,23.57,11300,23.57,U
sz002517,恺英网络,2025-10-16 14:50:36,23.56,56400,23.55,U
sz002517,恺英网络,2025-10-16 14:51:18,23.55,12700,23.56,D
sz002517,恺英网络,2025-10-16 14:51:27,23.55,8500,23.55,U
sz002517,恺英网络,2025-10-16 14:51:42,23.55,9800,23.56,D
sz002517,恺英网络,2025-10-16 14:51:51,23.55,11200,23.55,D
sz002517,恺英网络,2025-10-16 14:52:06,23.57,9300,23.56,U
sz002517,恺英网络,2025-10-16 14:52:09,23.56,9800,23.57,D
sz002517,恺英网络,2025-10-16 14:52:12,23.56,12400,23.56,U
sz002517,恺英网络,2025-10-16 14:52:18,23.56,9100,23.55,U
sz002517,恺英网络,2025-10-16 14:52:27,23.55,10300,23.55,D
sz002517,恺英网络,2025-10-16 14:52:30,23.56,18700,23.55,U
sz002517,恺英网络,2025-10-16 14:52:48,23.56,11100,23.56,U
sz002517,恺英网络,2025-10-16 14:53:06,23.55,68900,23.55,D
sz002517,恺英网络,2025-10-16 14:53:09,23.56,9600,23.55,U
sz002517,恺英网络,2025-10-16 14:53:12,23.56,26900,23.56,U
sz002517,恺英网络,2025-10-16 14:53:18,23.55,14100,23.56,D
sz002517,恺英网络,2025-10-16 14:53:21,23.56,18300,23.55,U
sz002517,恺英网络,2025-10-16 14:53:27,23.57,16000,23.56,U
sz002517,恺英网络,2025-10-16 14:53:30,23.54,19100,23.57,D
sz002517,恺英网络,2025-10-16 14:53:42,23.58,27100,23.56,U
sz002517,恺英网络,2025-10-16 14:53:45,23.56,22300,23.58,D
sz002517,恺英网络,2025-10-16 14:53:48,23.57,22200,23.56,U
sz002517,恺英网络,2025-10-16 14:53:51,23.56,11000,23.57,D
sz002517,恺英网络,2025-10-16 14:53:54,23.57,28700,23.56,U
sz002517,恺英网络,2025-10-16 14:53:57,23.58,45000,23.57,U
sz002517,恺英网络,2025-10-16 14:54:00,23.59,18500,23.58,U
sz002517,恺英网络,2025-10-16 14:54:03,23.58,9400,23.59,E
sz002517,恺英网络,2025-10-16 14:54:06,23.57,10300,23.58,D
sz002517,恺英网络,2025-10-16 14:54:18,23.59,9300,23.59,U
sz002517,恺英网络,2025-10-16 14:54:24,23.58,17600,23.59,D
sz002517,恺英网络,2025-10-16 14:54:45,23.58,9000,23.58,U
sz002517,恺英网络,2025-10-16 14:55:03,23.59,63200,23.59,U
sz002517,恺英网络,2025-10-16 14:55:06,23.6,13200,23.59,U
sz002517,恺英网络,2025-10-16 14:55:09,23.6,20800,23.6,U
sz002517,恺英网络,2025-10-16 14:55:24,23.59,17800,23.6,D
sz002517,恺英网络,2025-10-16 14:55:30,23.6,24900,23.6,U
sz002517,恺英网络,2025-10-16 14:55:54,23.6,14800,23.6,E
sz002517,恺英网络,2025-10-16 14:56:03,23.59,36700,23.6,D
sz002517,恺英网络,2025-10-16 14:56:06,23.59,23500,23.59,D
sz002517,恺英网络,2025-10-16 14:56:09,23.59,21300,23.59,D
sz002517,恺英网络,2025-10-16 14:56:12,23.6,26700,23.59,E
sz002517,恺英网络,2025-10-16 14:56:30,23.59,17000,23.6,D
sz002517,恺英网络,2025-10-16 14:56:45,23.61,19100,23.6,U
sz002517,恺英网络,2025-10-16 14:56:57,23.62,12600,23.62,U
sz002517,恺英网络,2025-10-16 14:57:00,23.62,26200,23.62,U
sz002517,恺英网络,2025-10-16 15:00:00,23.63,235800,23.62,U
