symbol,name,ticktime,price,volume,prev_price,kind
sz002517,恺英网络,2025-10-24 09:25:00,24.49,77750,0.0,D
sz002517,恺英网络,2025-10-24 09:30:00,24.51,56400,24.49,U
sz002517,恺英网络,2025-10-24 09:30:03,24.56,47500,24.51,U
sz002517,恺英网络,2025-10-24 09:30:06,24.53,28400,24.56,D
sz002517,恺英网络,2025-10-24 09:30:09,24.49,133950,24.53,D
sz002517,恺英网络,2025-10-24 09:30:12,24.41,47200,24.49,D
sz002517,恺英网络,2025-10-24 09:30:15,24.4,26600,24.41,D
sz002517,恺英网络,2025-10-24 09:30:18,24.37,40400,24.4,D
sz002517,恺英网络,2025-10-24 09:30:21,24.4,63000,24.37,U
sz002517,恺英网络,2025-10-24 09:30:24,24.36,8700,24.4,D
sz002517,恺英网络,2025-10-24 09:30:27,24.35,22700,24.36,E
sz002517,恺英网络,2025-10-24 09:30:30,24.37,46900,24.35,U
sz002517,恺英网络,2025-10-24 09:30:33,24.34,91300,24.37,D
sz002517,恺英网络,2025-10-24 09:30:36,24.4,21400,24.34,U
sz002517,恺英网络,2025-10-24 09:30:39,24.47,17100,24.4,U
sz002517,恺英网络,2025-10-24 09:30:42,24.51,49100,24.47,U
sz002517,恺英网络,2025-10-24 09:30:45,24.52,18000,24.51,U
sz002517,恺英网络,2025-10-24 09:30:48,24.52,20000,24.52,U
sz002517,恺英网络,2025-10-24 09:30:51,24.55,23700,24.52,U
sz002517,恺英网络,2025-10-24 09:30:54,24.62,33200,24.55,U
sz002517,恺英网络,2025-10-24 09:30:57,24.61,18500,24.62,D
sz002517,恺英网络,2025-10-24 09:31:00,24.56,27300,24.61,D
sz002517,恺英网络,2025-10-24 09:31:03,24.5,30200,24.56,D
sz002517,恺英网络,2025-10-24 09:31:06,24.52,118100,24.5,U
sz002517,恺英网络,2025-10-24 09:31:12,24.5,8600,24.5,U
sz002517,恺英网络,2025-10-24 09:31:15,24.57,34900,24.5,U
sz002517,恺英网络,2025-10-24 09:31:18,24.57,15700,24.57,D
sz002517,恺英网络,2025-10-24 09:31:24,24.63,39200,24.58,U
sz002517,恺英网络,2025-10-24 09:31:27,24.65,36000,24.63,U
sz002517,恺英网络,2025-10-24 09:31:30,24.67,19500,24.65,U
sz002517,恺英网络,2025-10-24 09:31:33,24.65,44700,24.67,D
sz002517,恺英网络,2025-10-24 09:31:36,24.65,14200,24.65,U
sz002517,恺英网络,2025-10-24 09:31:39,24.69,33100,24.65,U
sz002517,恺英网络,2025-10-24 09:31:42,24.71,48400,24.69,U
sz002517,恺英网络,2025-10-24 09:31:45,24.73,17000,24.71,U
sz002517,恺英网络,2025-10-24 09:31:51,24.73,14400,24.72,E
sz002517,恺英网络,2025-10-24 09:31:54,24.73,28500,24.73,U
sz002517,恺英网络,2025-10-24 09:31:57,24.73,18900,24.73,U
sz002517,恺英网络,2025-10-24 09:32:00,24.72,37300,24.73,U
sz002517,恺英网络,2025-10-24 09:32:06,24.69,43500,24.72,D
sz002517,恺英网络,2025-10-24 09:32:09,24.67,11700,24.69,D
sz002517,恺英网络,2025-10-24 09:32:12,24.68,37200,24.67,E
sz002517,恺英网络,2025-10-24 09:32:15,24.65,32100,24.68,D
sz002517,恺英网络,2025-10-24 09:32:18,24.67,21600,24.65,U
sz002517,恺英网络,2025-10-24 09:32:21,24.69,38000,24.67,U
sz002517,恺英网络,2025-10-24 09:32:24,24.7,66300,24.69,U
sz002517,恺英网络,2025-10-24 09:32:27,24.71,28900,24.7,E
sz002517,恺英网络,2025-10-24 09:32:30,24.69,14400,24.71,E
sz002517,恺英网络,2025-10-24 09:32:39,24.68,51100,24.67,E
sz002517,恺英网络,2025-10-24 09:32:42,24.73,34300,24.68,U
sz002517,恺英网络,2025-10-24 09:32:45,24.7,18100,24.73,U
sz002517,恺英网络,2025-10-24 09:32:54,24.67,45100,24.69,E
sz002517,恺英网络,2025-10-24 09:32:57,24.65,33500,24.67,E
sz002517,恺英网络,2025-10-24 09:33:09,24.65,11600,24.65,U
sz002517,恺英网络,2025-10-24 09:33:12,24.66,37800,24.65,U
sz002517,恺英网络,2025-10-24 09:33:15,24.67,31600,24.66,E
sz002517,恺英网络,2025-10-24 09:33:18,24.71,22600,24.67,U
sz002517,恺英网络,2025-10-24 09:33:27,24.72,117100,24.7,U
sz002517,恺英网络,2025-10-24 09:33:30,24.74,12700,24.72,U
sz002517,恺英网络,2025-10-24 09:33:36,24.74,27500,24.75,D
sz002517,恺英网络,2025-10-24 09:33:39,24.74,17100,24.74,U
sz002517,恺英网络,2025-10-24 09:33:45,24.66,53900,24.74,D
sz002517,恺英网络,2025-10-24 09:33:51,24.7,19400,24.65,U
sz002517,恺英网络,2025-10-24 09:33:57,24.71,29400,24.67,U
sz002517,恺英网络,2025-10-24 09:34:00,24.69,11800,24.71,E
sz002517,恺英网络,2025-10-24 09:34:03,24.65,16200,24.69,D
sz002517,恺英网络,2025-10-24 09:34:06,24.6,12900,24.65,D
sz002517,恺英网络,2025-10-24 09:34:09,24.58,27300,24.6,D
sz002517,恺英网络,2025-10-24 09:34:12,24.56,137700,24.58,D
sz002517,恺英网络,2025-10-24 09:34:15,24.5,72300,24.56,D
sz002517,恺英网络,2025-10-24 09:34:18,24.55,10200,24.5,U
sz002517,恺英网络,2025-10-24 09:34:24,24.56,99800,24.55,U
sz002517,恺英网络,2025-10-24 09:34:27,24.55,17400,24.56,D
sz002517,恺英网络,2025-10-24 09:34:33,24.55,30300,24.55,E
sz002517,恺英网络,2025-10-24 09:34:39,24.54,47200,24.54,U
sz002517,恺英网络,2025-10-24 09:34:42,24.52,77200,24.54,E
sz002517,恺英网络,2025-10-24 09:34:51,24.5,20900,24.5,U
sz002517,恺英网络,2025-10-24 09:34:54,24.48,15700,24.5,D
sz002517,恺英网络,2025-10-24 09:34:57,24.55,108300,24.48,U
sz002517,恺英网络,2025-10-24 09:35:06,24.6,10300,24.56,U
sz002517,恺英网络,2025-10-24 09:35:09,24.58,11300,24.6,D
sz002517,恺英网络,2025-10-24 09:35:18,24.61,13700,24.61,U
sz002517,恺英网络,2025-10-24 09:35:21,24.6,21000,24.61,D
sz002517,恺英网络,2025-10-24 09:35:45,24.63,13800,24.66,D
sz002517,恺英网络,2025-10-24 09:35:48,24.66,11600,24.63,U
sz002517,恺英网络,2025-10-24 09:35:51,24.64,19500,24.66,D
sz002517,恺英网络,2025-10-24 09:35:54,24.63,29400,24.64,D
sz002517,恺英网络,2025-10-24 09:35:57,24.63,13300,24.63,D
sz002517,恺英网络,2025-10-24 09:36:09,24.65,21900,24.64,U
sz002517,恺英网络,2025-10-24 09:36:12,24.64,29000,24.65,U
sz002517,恺英网络,2025-10-24 09:36:15,24.63,41000,24.64,D
sz002517,恺英网络,2025-10-24 09:36:18,24.61,64900,24.63,D
sz002517,恺英网络,2025-10-24 09:36:24,24.6,13800,24.62,D
sz002517,恺英网络,2025-10-24 09:36:27,24.6,13600,24.6,D
sz002517,恺英网络,2025-10-24 09:36:39,24.61,21100,24.61,D
sz002517,恺英网络,2025-10-24 09:36:48,24.61,31100,24.61,U
sz002517,恺英网络,2025-10-24 09:36:54,24.62,83800,24.61,U
sz002517,恺英网络,2025-10-24 09:37:06,24.69,44400,24.62,U
sz002517,恺英网络,2025-10-24 09:37:09,24.67,10700,24.69,D
sz002517,恺英网络,2025-10-24 09:37:15,24.69,19500,24.7,E
sz002517,恺英网络,2025-10-24 09:37:27,24.72,8200,24.72,U
sz002517,恺英网络,2025-10-24 09:37:36,24.73,28700,24.72,U
sz002517,恺英网络,2025-10-24 09:37:39,24.73,9100,24.73,U
sz002517,恺英网络,2025-10-24 09:37:42,24.79,187100,24.73,U
sz002517,恺英网络,2025-10-24 09:37:45,24.76,11700,24.79,D
sz002517,恺英网络,2025-10-24 09:37:51,24.8,8800,24.8,U
sz002517,恺英网络,2025-10-24 09:37:57,24.8,9600,24.79,U
sz002517,恺英网络,2025-10-24 09:38:00,24.79,19900,24.8,U
sz002517,恺英网络,2025-10-24 09:38:06,24.78,27500,24.79,D
sz002517,恺英网络,2025-10-24 09:38:09,24.78,15900,24.78,U
sz002517,恺英网络,2025-10-24 09:38:18,24.76,41300,24.78,D
sz002517,恺英网络,2025-10-24 09:38:27,24.78,60900,24.76,U
sz002517,恺英网络,2025-10-24 09:38:30,24.81,92300,24.78,U
sz002517,恺英网络,2025-10-24 09:38:36,24.81,8200,24.79,U
sz002517,恺英网络,2025-10-24 09:38:39,24.8,19200,24.81,E
sz002517,恺英网络,2025-10-24 09:38:42,24.81,32800,24.8,E
sz002517,恺英网络,2025-10-24 09:38:48,24.84,17600,24.81,U
sz002517,恺英网络,2025-10-24 09:38:54,24.83,9800,24.84,D
sz002517,恺英网络,2025-10-24 09:39:00,24.84,16500,24.82,U
sz002517,恺英网络,2025-10-24 09:39:03,24.84,106800,24.84,U
sz002517,恺英网络,2025-10-24 09:39:09,24.87,35000,24.84,U
sz002517,恺英网络,2025-10-24 09:39:12,24.86,19000,24.87,E
sz002517,恺英网络,2025-10-24 09:39:18,24.87,129800,24.87,U
sz002517,恺英网络,2025-10-24 09:39:24,24.76,8800,24.82,D
sz002517,恺英网络,2025-10-24 09:39:33,24.77,14600,24.75,E
sz002517,恺英网络,2025-10-24 09:39:42,24.74,10200,24.75,D
sz002517,恺英网络,2025-10-24 09:39:51,24.71,30700,24.71,D
sz002517,恺英网络,2025-10-24 09:39:57,24.72,10900,24.68,U
sz002517,恺英网络,2025-10-24 09:40:00,24.71,10400,24.72,E
sz002517,恺英网络,2025-10-24 09:40:03,24.71,20600,24.71,U
sz002517,恺英网络,2025-10-24 09:40:06,24.74,15000,24.71,U
sz002517,恺英网络,2025-10-24 09:40:12,24.75,18900,24.74,U
sz002517,恺英网络,2025-10-24 09:40:21,24.74,15800,24.75,D
sz002517,恺英网络,2025-10-24 09:40:27,24.73,21200,24.73,D
sz002517,恺英网络,2025-10-24 09:40:36,24.72,11300,24.73,D
sz002517,恺英网络,2025-10-24 09:40:39,24.74,44600,24.72,U
sz002517,恺英网络,2025-10-24 09:40:45,24.75,32000,24.74,D
sz002517,恺英网络,2025-10-24 09:41:12,24.76,19800,24.76,U
sz002517,恺英网络,2025-10-24 09:41:18,24.75,35800,24.74,U
sz002517,恺英网络,2025-10-24 09:41:24,24.74,12200,24.75,D
sz002517,恺英网络,2025-10-24 09:41:27,24.74,12307,24.74,U
sz002517,恺英网络,2025-10-24 09:41:42,24.75,21600,24.73,U
sz002517,恺英网络,2025-10-24 09:41:51,24.72,8100,24.73,D
sz002517,恺英网络,2025-10-24 09:41:57,24.73,15100,24.74,D
sz002517,恺英网络,2025-10-24 09:42:06,24.75,21900,24.73,U
sz002517,恺英网络,2025-10-24 09:42:15,24.72,24500,24.73,D
sz002517,恺英网络,2025-10-24 09:42:18,24.74,11600,24.72,U
sz002517,恺英网络,2025-10-24 09:42:27,24.72,8400,24.72,D
sz002517,恺英网络,2025-10-24 09:42:36,24.74,32107,24.72,U
sz002517,恺英网络,2025-10-24 09:42:39,24.76,13100,24.74,U
sz002517,恺英网络,2025-10-24 09:42:57,24.73,22600,24.74,D
sz002517,恺英网络,2025-10-24 09:43:00,24.72,14000,24.73,D
sz002517,恺英网络,2025-10-24 09:43:03,24.71,38700,24.72,D
sz002517,恺英网络,2025-10-24 09:43:06,24.72,13400,24.71,U
sz002517,恺英网络,2025-10-24 09:43:24,24.72,8400,24.72,U
sz002517,恺英网络,2025-10-24 09:43:27,24.71,22200,24.72,D
sz002517,恺英网络,2025-10-24 09:43:30,24.71,77700,24.71,D
sz002517,恺英网络,2025-10-24 09:43:33,24.66,34100,24.71,D
sz002517,恺英网络,2025-10-24 09:43:36,24.65,14800,24.66,D
sz002517,恺英网络,2025-10-24 09:44:00,24.67,8400,24.64,U
sz002517,恺英网络,2025-10-24 09:44:09,24.7,29600,24.66,U
sz002517,恺英网络,2025-10-24 09:44:12,24.68,35800,24.7,D
sz002517,恺英网络,2025-10-24 09:44:21,24.64,26600,24.69,D
sz002517,恺英网络,2025-10-24 09:44:24,24.63,35100,24.64,D
sz002517,恺英网络,2025-10-24 09:44:27,24.62,38800,24.63,E
sz002517,恺英网络,2025-10-24 09:45:09,24.68,10600,24.65,U
sz002517,恺英网络,2025-10-24 09:45:27,24.7,20100,24.68,U
sz002517,恺英网络,2025-10-24 09:45:39,24.7,41500,24.7,U
sz002517,恺英网络,2025-10-24 09:45:57,24.71,21700,24.73,D
sz002517,恺英网络,2025-10-24 09:46:09,24.69,8693,24.71,D
sz002517,恺英网络,2025-10-24 09:46:12,24.68,20000,24.69,D
sz002517,恺英网络,2025-10-24 09:46:18,24.65,20500,24.67,D
sz002517,恺英网络,2025-10-24 09:46:21,24.65,12500,24.65,D
sz002517,恺英网络,2025-10-24 09:46:48,24.64,19600,24.65,D
sz002517,恺英网络,2025-10-24 09:46:57,24.64,9400,24.63,U
sz002517,恺英网络,2025-10-24 09:47:18,24.65,22500,24.64,U
sz002517,恺英网络,2025-10-24 09:47:21,24.64,24100,24.65,D
sz002517,恺英网络,2025-10-24 09:47:24,24.64,9300,24.64,U
sz002517,恺英网络,2025-10-24 09:47:36,24.63,26700,24.64,D
sz002517,恺英网络,2025-10-24 09:47:45,24.62,9100,24.63,D
sz002517,恺英网络,2025-10-24 09:48:00,24.68,33800,24.63,U
sz002517,恺英网络,2025-10-24 09:48:30,24.74,23300,24.7,U
sz002517,恺英网络,2025-10-24 09:48:51,24.69,12300,24.7,D
sz002517,恺英网络,2025-10-24 09:48:54,24.68,25500,24.69,D
sz002517,恺英网络,2025-10-24 09:49:12,24.64,49000,24.69,D
sz002517,恺英网络,2025-10-24 09:49:15,24.64,19000,24.64,E
sz002517,恺英网络,2025-10-24 09:49:21,24.61,32400,24.61,D
sz002517,恺英网络,2025-10-24 09:49:27,24.61,19400,24.61,E
sz002517,恺英网络,2025-10-24 09:49:42,24.61,23000,24.61,D
sz002517,恺英网络,2025-10-24 09:49:51,24.61,12100,24.61,U
sz002517,恺英网络,2025-10-24 09:50:03,24.62,8200,24.61,U
sz002517,恺英网络,2025-10-24 09:50:06,24.62,15600,24.62,D
sz002517,恺英网络,2025-10-24 09:50:21,24.63,11900,24.62,U
sz002517,恺英网络,2025-10-24 09:50:27,24.62,9000,24.62,U
sz002517,恺英网络,2025-10-24 09:50:30,24.62,13200,24.62,U
sz002517,恺英网络,2025-10-24 09:50:33,24.64,8200,24.62,U
sz002517,恺英网络,2025-10-24 09:51:03,24.65,25200,24.66,D
sz002517,恺英网络,2025-10-24 09:51:09,24.65,16600,24.65,E
sz002517,恺英网络,2025-10-24 09:51:36,24.66,29700,24.66,U
sz002517,恺英网络,2025-10-24 09:51:39,24.67,18400,24.66,E
sz002517,恺英网络,2025-10-24 09:52:06,24.67,12500,24.67,E
sz002517,恺英网络,2025-10-24 09:52:09,24.64,22400,24.67,D
sz002517,恺英网络,2025-10-24 09:52:45,24.62,23900,24.65,D
sz002517,恺英网络,2025-10-24 09:52:48,24.64,16600,24.62,U
sz002517,恺英网络,2025-10-24 09:52:54,24.63,15100,24.63,D
sz002517,恺英网络,2025-10-24 09:53:03,24.63,16200,24.63,U
sz002517,恺英网络,2025-10-24 09:53:36,24.65,8500,24.65,D
sz002517,恺英网络,2025-10-24 09:53:45,24.66,10100,24.66,U
sz002517,恺英网络,2025-10-24 09:53:51,24.65,10300,24.65,D
sz002517,恺英网络,2025-10-24 09:54:03,24.65,11500,24.66,D
sz002517,恺英网络,2025-10-24 09:54:36,24.65,11000,24.64,U
sz002517,恺英网络,2025-10-24 09:54:45,24.64,13000,24.65,D
sz002517,恺英网络,2025-10-24 09:54:48,24.64,34100,24.64,E
sz002517,恺英网络,2025-10-24 09:54:51,24.63,13300,24.64,E
sz002517,恺英网络,2025-10-24 09:54:54,24.68,111400,24.63,U
sz002517,恺英网络,2025-10-24 09:55:00,24.63,11700,24.64,E
sz002517,恺英网络,2025-10-24 09:55:03,24.63,16000,24.63,D
sz002517,恺英网络,2025-10-24 09:55:06,24.67,152500,24.63,U
sz002517,恺英网络,2025-10-24 09:55:09,24.67,11000,24.67,U
sz002517,恺英网络,2025-10-24 09:55:15,24.61,16500,24.64,D
sz002517,恺英网络,2025-10-24 09:55:18,24.67,17100,24.61,U
sz002517,恺英网络,2025-10-24 09:55:33,24.64,15400,24.65,D
sz002517,恺英网络,2025-10-24 09:55:39,24.64,9500,24.64,U
sz002517,恺英网络,2025-10-24 09:55:45,24.68,14100,24.64,U
sz002517,恺英网络,2025-10-24 09:56:33,24.75,27600,24.73,U
sz002517,恺英网络,2025-10-24 09:56:42,24.7,38500,24.73,D
sz002517,恺英网络,2025-10-24 09:56:45,24.7,21900,24.7,U
sz002517,恺英网络,2025-10-24 09:56:57,24.65,138600,24.7,D
sz002517,恺英网络,2025-10-24 09:57:45,24.65,15500,24.69,D
sz002517,恺英网络,2025-10-24 09:57:57,24.65,32600,24.65,D
sz002517,恺英网络,2025-10-24 09:58:18,24.65,8700,24.65,D
sz002517,恺英网络,2025-10-24 09:58:45,24.66,16600,24.66,D
sz002517,恺英网络,2025-10-24 09:58:51,24.66,16100,24.66,D
sz002517,恺英网络,2025-10-24 09:58:57,24.67,25200,24.66,U
sz002517,恺英网络,2025-10-24 09:59:00,24.67,12100,24.67,U
sz002517,恺英网络,2025-10-24 09:59:12,24.63,19300,24.65,D
sz002517,恺英网络,2025-10-24 09:59:36,24.63,12900,24.62,U
sz002517,恺英网络,2025-10-24 09:59:51,24.63,10000,24.65,D
sz002517,恺英网络,2025-10-24 10:00:18,24.64,14000,24.65,D
sz002517,恺英网络,2025-10-24 10:00:27,24.65,11200,24.65,U
sz002517,恺英网络,2025-10-24 10:00:36,24.65,15900,24.65,D
sz002517,恺英网络,2025-10-24 10:00:57,24.66,8300,24.66,U
sz002517,恺英网络,2025-10-24 10:01:03,24.66,21100,24.66,D
sz002517,恺英网络,2025-10-24 10:01:06,24.66,8800,24.66,U
sz002517,恺英网络,2025-10-24 10:01:42,24.63,10300,24.64,D
sz002517,恺英网络,2025-10-24 10:01:45,24.62,21600,24.63,D
sz002517,恺英网络,2025-10-24 10:01:54,24.61,31300,24.62,D
sz002517,恺英网络,2025-10-24 10:01:57,24.6,10300,24.61,D
sz002517,恺英网络,2025-10-24 10:02:03,24.6,13600,24.6,D
sz002517,恺英网络,2025-10-24 10:02:06,24.61,10900,24.6,U
sz002517,恺英网络,2025-10-24 10:02:09,24.61,11200,24.61,U
sz002517,恺英网络,2025-10-24 10:02:27,24.62,12500,24.6,U
sz002517,恺英网络,2025-10-24 10:02:39,24.6,76200,24.6,D
sz002517,恺英网络,2025-10-24 10:02:42,24.59,8600,24.6,D
sz002517,恺英网络,2025-10-24 10:02:45,24.59,13700,24.59,D
sz002517,恺英网络,2025-10-24 10:02:48,24.59,15500,24.59,D
sz002517,恺英网络,2025-10-24 10:02:51,24.62,95700,24.59,U
sz002517,恺英网络,2025-10-24 10:02:54,24.66,129700,24.62,E
sz002517,恺英网络,2025-10-24 10:02:57,24.67,48900,24.66,E
sz002517,恺英网络,2025-10-24 10:03:00,24.69,22400,24.67,E
sz002517,恺英网络,2025-10-24 10:03:24,24.73,12800,24.73,D
sz002517,恺英网络,2025-10-24 10:03:30,24.7,41100,24.74,D
sz002517,恺英网络,2025-10-24 10:03:33,24.71,17300,24.7,E
sz002517,恺英网络,2025-10-24 10:03:48,24.74,19200,24.73,U
sz002517,恺英网络,2025-10-24 10:04:09,24.71,8100,24.7,U
sz002517,恺英网络,2025-10-24 10:04:15,24.73,24200,24.71,U
sz002517,恺英网络,2025-10-24 10:04:18,24.72,33100,24.73,D
sz002517,恺英网络,2025-10-24 10:04:21,24.72,13200,24.72,D
sz002517,恺英网络,2025-10-24 10:04:24,24.75,27400,24.72,U
sz002517,恺英网络,2025-10-24 10:04:27,24.7,17300,24.75,D
sz002517,恺英网络,2025-10-24 10:04:33,24.7,42400,24.7,U
sz002517,恺英网络,2025-10-24 10:04:36,24.75,43400,24.7,U
sz002517,恺英网络,2025-10-24 10:04:39,24.68,11500,24.75,E
sz002517,恺英网络,2025-10-24 10:04:42,24.7,26500,24.68,U
sz002517,恺英网络,2025-10-24 10:05:09,24.67,13100,24.68,D
sz002517,恺英网络,2025-10-24 10:05:21,24.68,8600,24.69,D
sz002517,恺英网络,2025-10-24 10:06:00,24.72,38900,24.72,D
sz002517,恺英网络,2025-10-24 10:06:18,24.72,8400,24.71,U
sz002517,恺英网络,2025-10-24 10:07:03,24.73,10000,24.73,D
sz002517,恺英网络,2025-10-24 10:07:30,24.73,20500,24.73,U
sz002517,恺英网络,2025-10-24 10:07:39,24.72,11700,24.73,D
sz002517,恺英网络,2025-10-24 10:07:45,24.72,40900,24.73,D
sz002517,恺英网络,2025-10-24 10:07:48,24.72,16100,24.72,D
sz002517,恺英网络,2025-10-24 10:07:51,24.72,24500,24.72,D
sz002517,恺英网络,2025-10-24 10:08:00,24.74,16300,24.71,U
sz002517,恺英网络,2025-10-24 10:08:06,24.71,14500,24.73,D
sz002517,恺英网络,2025-10-24 10:08:15,24.73,39500,24.73,U
sz002517,恺英网络,2025-10-24 10:08:18,24.75,12800,24.73,U
sz002517,恺英网络,2025-10-24 10:08:30,24.76,11500,24.77,E
sz002517,恺英网络,2025-10-24 10:08:33,24.77,14800,24.76,U
sz002517,恺英网络,2025-10-24 10:08:39,24.75,14000,24.76,U
sz002517,恺英网络,2025-10-24 10:08:42,24.75,27700,24.75,U
sz002517,恺英网络,2025-10-24 10:09:12,24.77,11400,24.75,U
sz002517,恺英网络,2025-10-24 10:09:18,24.76,11600,24.77,U
sz002517,恺英网络,2025-10-24 10:09:21,24.76,8400,24.76,E
sz002517,恺英网络,2025-10-24 10:09:30,24.78,8600,24.78,U
sz002517,恺英网络,2025-10-24 10:09:36,24.78,12300,24.78,U
sz002517,恺英网络,2025-10-24 10:09:39,24.78,15100,24.78,U
sz002517,恺英网络,2025-10-24 10:09:48,24.79,12600,24.78,U
sz002517,恺英网络,2025-10-24 10:09:54,24.8,16300,24.78,U
sz002517,恺英网络,2025-10-24 10:10:00,24.78,32200,24.79,D
sz002517,恺英网络,2025-10-24 10:10:03,24.8,30900,24.78,U
sz002517,恺英网络,2025-10-24 10:10:12,24.78,10600,24.78,U
sz002517,恺英网络,2025-10-24 10:10:15,24.79,11900,24.78,U
sz002517,恺英网络,2025-10-24 10:10:24,24.8,187000,24.77,U
sz002517,恺英网络,2025-10-24 10:10:27,24.8,49800,24.8,D
sz002517,恺英网络,2025-10-24 10:10:30,24.81,12800,24.8,U
sz002517,恺英网络,2025-10-24 10:10:33,24.8,28600,24.81,D
sz002517,恺英网络,2025-10-24 10:10:39,24.79,23700,24.81,E
sz002517,恺英网络,2025-10-24 10:10:42,24.78,8800,24.79,D
sz002517,恺英网络,2025-10-24 10:10:48,24.78,9700,24.83,D
sz002517,恺英网络,2025-10-24 10:11:09,24.77,40000,24.8,D
sz002517,恺英网络,2025-10-24 10:11:12,24.8,16400,24.77,U
sz002517,恺英网络,2025-10-24 10:11:21,24.8,20100,24.8,U
sz002517,恺英网络,2025-10-24 10:11:51,24.79,9200,24.78,U
sz002517,恺英网络,2025-10-24 10:11:54,24.74,24100,24.79,D
sz002517,恺英网络,2025-10-24 10:12:03,24.8,8500,24.76,U
sz002517,恺英网络,2025-10-24 10:12:36,24.8,15700,24.79,U
sz002517,恺英网络,2025-10-24 10:12:45,24.77,10400,24.79,D
sz002517,恺英网络,2025-10-24 10:12:51,24.78,13100,24.79,U
sz002517,恺英网络,2025-10-24 10:12:54,24.79,15600,24.78,E
sz002517,恺英网络,2025-10-24 10:12:57,24.79,9000,24.79,U
sz002517,恺英网络,2025-10-24 10:13:00,24.79,9300,24.79,U
sz002517,恺英网络,2025-10-24 10:13:12,24.74,26300,24.77,D
sz002517,恺英网络,2025-10-24 10:13:15,24.72,18800,24.74,D
sz002517,恺英网络,2025-10-24 10:13:18,24.75,15700,24.72,U
sz002517,恺英网络,2025-10-24 10:13:21,24.74,35900,24.75,U
sz002517,恺英网络,2025-10-24 10:13:24,24.74,16700,24.74,U
sz002517,恺英网络,2025-10-24 10:13:27,24.73,11700,24.74,U
sz002517,恺英网络,2025-10-24 10:13:30,24.7,11900,24.73,D
sz002517,恺英网络,2025-10-24 10:13:33,24.7,9800,24.7,U
sz002517,恺英网络,2025-10-24 10:13:36,24.71,10100,24.7,U
sz002517,恺英网络,2025-10-24 10:14:00,24.69,21800,24.72,D
sz002517,恺英网络,2025-10-24 10:14:03,24.69,11200,24.69,D
sz002517,恺英网络,2025-10-24 10:14:15,24.69,13500,24.69,U
sz002517,恺英网络,2025-10-24 10:14:21,24.66,9800,24.68,D
sz002517,恺英网络,2025-10-24 10:14:48,24.66,84400,24.66,D
sz002517,恺英网络,2025-10-24 10:14:54,24.65,41900,24.65,D
sz002517,恺英网络,2025-10-24 10:15:27,24.62,19000,24.64,D
sz002517,恺英网络,2025-10-24 10:15:33,24.63,10100,24.64,E
sz002517,恺英网络,2025-10-24 10:15:39,24.63,13400,24.64,E
sz002517,恺英网络,2025-10-24 10:15:48,24.62,19800,24.62,D
sz002517,恺英网络,2025-10-24 10:15:51,24.62,19400,24.62,D
sz002517,恺英网络,2025-10-24 10:15:54,24.63,17300,24.62,U
sz002517,恺英网络,2025-10-24 10:16:03,24.62,9400,24.63,D
sz002517,恺英网络,2025-10-24 10:16:39,24.59,82800,24.62,D
sz002517,恺英网络,2025-10-24 10:16:48,24.58,19400,24.58,D
sz002517,恺英网络,2025-10-24 10:16:57,24.57,14800,24.58,D
sz002517,恺英网络,2025-10-24 10:17:00,24.58,8300,24.57,U
sz002517,恺英网络,2025-10-24 10:17:03,24.57,13500,24.58,D
sz002517,恺英网络,2025-10-24 10:17:09,24.57,8200,24.57,U
sz002517,恺英网络,2025-10-24 10:17:12,24.56,13900,24.57,D
sz002517,恺英网络,2025-10-24 10:17:15,24.56,9800,24.56,D
sz002517,恺英网络,2025-10-24 10:17:18,24.55,16000,24.56,D
sz002517,恺英网络,2025-10-24 10:17:30,24.58,10000,24.56,U
sz002517,恺英网络,2025-10-24 10:18:06,24.57,11400,24.56,U
sz002517,恺英网络,2025-10-24 10:18:15,24.57,14400,24.58,D
sz002517,恺英网络,2025-10-24 10:18:21,24.58,9200,24.58,D
sz002517,恺英网络,2025-10-24 10:18:33,24.58,28800,24.59,D
sz002517,恺英网络,2025-10-24 10:18:36,24.58,18400,24.58,D
sz002517,恺英网络,2025-10-24 10:18:39,24.57,9000,24.58,D
sz002517,恺英网络,2025-10-24 10:18:57,24.63,15900,24.6,U
sz002517,恺英网络,2025-10-24 10:19:03,24.59,10900,24.6,D
sz002517,恺英网络,2025-10-24 10:19:06,24.59,16600,24.59,D
sz002517,恺英网络,2025-10-24 10:19:15,24.6,8400,24.59,U
sz002517,恺英网络,2025-10-24 10:19:21,24.6,8200,24.58,U
sz002517,恺英网络,2025-10-24 10:19:27,24.56,23800,24.59,D
sz002517,恺英网络,2025-10-24 10:19:30,24.54,109000,24.56,D
sz002517,恺英网络,2025-10-24 10:19:33,24.53,14900,24.54,D
sz002517,恺英网络,2025-10-24 10:20:06,24.53,14600,24.53,D
sz002517,恺英网络,2025-10-24 10:20:15,24.54,10600,24.53,D
sz002517,恺英网络,2025-10-24 10:20:36,24.55,13400,24.54,U
sz002517,恺英网络,2025-10-24 10:20:54,24.52,87000,24.53,D
sz002517,恺英网络,2025-10-24 10:20:57,24.58,23300,24.52,U
sz002517,恺英网络,2025-10-24 10:21:15,24.52,75700,24.55,D
sz002517,恺英网络,2025-10-24 10:21:18,24.57,18800,24.52,U
sz002517,恺英网络,2025-10-24 10:21:27,24.57,26100,24.59,E
sz002517,恺英网络,2025-10-24 10:21:30,24.6,13700,24.57,U
sz002517,恺英网络,2025-10-24 10:21:48,24.55,15900,24.55,D
sz002517,恺英网络,2025-10-24 10:21:51,24.55,18100,24.55,U
sz002517,恺英网络,2025-10-24 10:21:57,24.54,8400,24.55,D
sz002517,恺英网络,2025-10-24 10:22:27,24.53,8300,24.53,D
sz002517,恺英网络,2025-10-24 10:23:03,24.54,12000,24.54,D
sz002517,恺英网络,2025-10-24 10:23:06,24.55,10100,24.54,U
sz002517,恺英网络,2025-10-24 10:23:09,24.54,10700,24.55,D
sz002517,恺英网络,2025-10-24 10:24:12,24.56,16600,24.56,U
sz002517,恺英网络,2025-10-24 10:25:09,24.57,8700,24.59,D
sz002517,恺英网络,2025-10-24 10:25:21,24.55,21100,24.57,D
sz002517,恺英网络,2025-10-24 10:25:24,24.55,10400,24.55,D
sz002517,恺英网络,2025-10-24 10:25:27,24.56,13100,24.55,U
sz002517,恺英网络,2025-10-24 10:26:21,24.55,22400,24.55,D
sz002517,恺英网络,2025-10-24 10:28:42,24.56,10500,24.54,U
sz002517,恺英网络,2025-10-24 10:28:54,24.55,10600,24.56,E
sz002517,恺英网络,2025-10-24 10:29:09,24.52,40700,24.54,D
sz002517,恺英网络,2025-10-24 10:29:12,24.53,31500,24.52,U
sz002517,恺英网络,2025-10-24 10:29:15,24.51,21400,24.53,D
sz002517,恺英网络,2025-10-24 10:29:24,24.51,51700,24.51,D
sz002517,恺英网络,2025-10-24 10:29:27,24.46,124300,24.51,D
sz002517,恺英网络,2025-10-24 10:29:30,24.46,18100,24.46,D
sz002517,恺英网络,2025-10-24 10:29:33,24.48,27400,24.46,U
sz002517,恺英网络,2025-10-24 10:29:42,24.47,21600,24.51,D
sz002517,恺英网络,2025-10-24 10:29:54,24.48,8200,24.47,D
sz002517,恺英网络,2025-10-24 10:30:03,24.47,12500,24.47,D
sz002517,恺英网络,2025-10-24 10:30:06,24.46,12000,24.47,D
sz002517,恺英网络,2025-10-24 10:30:09,24.48,8600,24.46,U
sz002517,恺英网络,2025-10-24 10:30:42,24.42,76600,24.47,D
sz002517,恺英网络,2025-10-24 10:30:45,24.47,21500,24.42,U
sz002517,恺英网络,2025-10-24 10:30:51,24.44,42800,24.46,E
sz002517,恺英网络,2025-10-24 10:30:54,24.44,19000,24.44,D
sz002517,恺英网络,2025-10-24 10:32:12,24.41,123100,24.46,D
sz002517,恺英网络,2025-10-24 10:32:15,24.45,37300,24.41,E
sz002517,恺英网络,2025-10-24 10:33:00,24.45,9700,24.45,U
sz002517,恺英网络,2025-10-24 10:33:24,24.44,13400,24.45,D
sz002517,恺英网络,2025-10-24 10:33:51,24.43,16400,24.43,D
sz002517,恺英网络,2025-10-24 10:33:54,24.45,13700,24.43,U
sz002517,恺英网络,2025-10-24 10:34:00,24.42,14700,24.42,D
sz002517,恺英网络,2025-10-24 10:34:03,24.43,15700,24.42,U
sz002517,恺英网络,2025-10-24 10:34:18,24.43,9700,24.42,U
sz002517,恺英网络,2025-10-24 10:34:30,24.42,11600,24.42,D
sz002517,恺英网络,2025-10-24 10:34:33,24.42,13400,24.42,D
sz002517,恺英网络,2025-10-24 10:34:36,24.42,14000,24.42,U
sz002517,恺英网络,2025-10-24 10:34:39,24.41,23800,24.42,D
sz002517,恺英网络,2025-10-24 10:34:54,24.4,27100,24.4,D
sz002517,恺英网络,2025-10-24 10:34:57,24.4,25700,24.4,D
sz002517,恺英网络,2025-10-24 10:35:00,24.4,10500,24.4,D
sz002517,恺英网络,2025-10-24 10:35:27,24.4,27000,24.4,D
sz002517,恺英网络,2025-10-24 10:35:30,24.4,11200,24.4,D
sz002517,恺英网络,2025-10-24 10:35:51,24.39,12600,24.39,D
sz002517,恺英网络,2025-10-24 10:35:54,24.39,32000,24.39,D
sz002517,恺英网络,2025-10-24 10:35:57,24.38,15800,24.39,D
sz002517,恺英网络,2025-10-24 10:36:00,24.39,12600,24.38,U
sz002517,恺英网络,2025-10-24 10:36:03,24.38,9700,24.39,D
sz002517,恺英网络,2025-10-24 10:36:06,24.38,14200,24.38,U
sz002517,恺英网络,2025-10-24 10:36:12,24.4,10766,24.38,U
sz002517,恺英网络,2025-10-24 10:36:48,24.4,37200,24.42,D
sz002517,恺英网络,2025-10-24 10:36:51,24.39,21934,24.4,D
sz002517,恺英网络,2025-10-24 10:36:54,24.4,9800,24.39,E
sz002517,恺英网络,2025-10-24 10:37:27,24.41,16000,24.4,D
sz002517,恺英网络,2025-10-24 10:37:33,24.42,8300,24.42,D
sz002517,恺英网络,2025-10-24 10:37:45,24.43,10300,24.43,U
sz002517,恺英网络,2025-10-24 10:37:51,24.43,10000,24.43,D
sz002517,恺英网络,2025-10-24 10:37:54,24.43,8500,24.43,D
sz002517,恺英网络,2025-10-24 10:38:03,24.44,38700,24.44,U
sz002517,恺英网络,2025-10-24 10:38:06,24.43,20900,24.44,D
sz002517,恺英网络,2025-10-24 10:38:09,24.43,18400,24.43,D
sz002517,恺英网络,2025-10-24 10:38:18,24.45,10500,24.43,U
sz002517,恺英网络,2025-10-24 10:38:30,24.44,11200,24.43,D
sz002517,恺英网络,2025-10-24 10:38:36,24.43,23300,24.45,D
sz002517,恺英网络,2025-10-24 10:38:39,24.44,12800,24.43,U
sz002517,恺英网络,2025-10-24 10:38:54,24.46,10900,24.46,U
sz002517,恺英网络,2025-10-24 10:39:33,24.45,54600,24.47,D
sz002517,恺英网络,2025-10-24 10:39:36,24.48,18600,24.45,U
sz002517,恺英网络,2025-10-24 10:39:57,24.44,15300,24.47,D
sz002517,恺英网络,2025-10-24 10:40:00,24.44,10200,24.44,D
sz002517,恺英网络,2025-10-24 10:40:03,24.43,9600,24.44,D
sz002517,恺英网络,2025-10-24 10:40:24,24.47,15100,24.47,U
sz002517,恺英网络,2025-10-24 10:40:51,24.46,19400,24.47,D
sz002517,恺英网络,2025-10-24 10:41:03,24.47,17100,24.46,U
sz002517,恺英网络,2025-10-24 10:41:15,24.46,36200,24.45,D
sz002517,恺英网络,2025-10-24 10:41:18,24.43,28900,24.46,D
sz002517,恺英网络,2025-10-24 10:41:21,24.42,29700,24.43,D
sz002517,恺英网络,2025-10-24 10:41:24,24.42,16800,24.42,E
sz002517,恺英网络,2025-10-24 10:42:06,24.4,12200,24.41,D
sz002517,恺英网络,2025-10-24 10:42:09,24.4,11900,24.4,D
sz002517,恺英网络,2025-10-24 10:42:39,24.38,10300,24.39,D
sz002517,恺英网络,2025-10-24 10:42:57,24.39,16000,24.38,U
sz002517,恺英网络,2025-10-24 10:43:00,24.4,13100,24.39,U
sz002517,恺英网络,2025-10-24 10:43:06,24.39,9900,24.4,E
sz002517,恺英网络,2025-10-24 10:43:12,24.4,11500,24.39,U
sz002517,恺英网络,2025-10-24 10:43:15,24.39,9000,24.4,D
sz002517,恺英网络,2025-10-24 10:43:33,24.38,13000,24.38,D
sz002517,恺英网络,2025-10-24 10:43:39,24.37,9900,24.37,D
sz002517,恺英网络,2025-10-24 10:43:45,24.37,13200,24.38,U
sz002517,恺英网络,2025-10-24 10:43:48,24.35,21700,24.37,D
sz002517,恺英网络,2025-10-24 10:43:51,24.35,25600,24.35,D
sz002517,恺英网络,2025-10-24 10:43:54,24.35,14300,24.35,D
sz002517,恺英网络,2025-10-24 10:43:57,24.34,29100,24.35,D
sz002517,恺英网络,2025-10-24 10:44:00,24.32,10300,24.34,D
sz002517,恺英网络,2025-10-24 10:44:06,24.3,10600,24.33,D
sz002517,恺英网络,2025-10-24 10:44:12,24.31,10500,24.32,D
sz002517,恺英网络,2025-10-24 10:44:21,24.3,53300,24.3,D
sz002517,恺英网络,2025-10-24 10:44:24,24.3,13700,24.3,U
sz002517,恺英网络,2025-10-24 10:44:48,24.27,15200,24.26,E
sz002517,恺英网络,2025-10-24 10:45:09,24.28,23600,24.26,E
sz002517,恺英网络,2025-10-24 10:45:27,24.29,18000,24.3,D
sz002517,恺英网络,2025-10-24 10:45:30,24.3,9300,24.29,U
sz002517,恺英网络,2025-10-24 10:45:33,24.3,11900,24.3,D
sz002517,恺英网络,2025-10-24 10:45:36,24.32,29000,24.3,U
sz002517,恺英网络,2025-10-24 10:45:42,24.3,9900,24.32,D
sz002517,恺英网络,2025-10-24 10:46:00,24.3,28300,24.3,D
sz002517,恺英网络,2025-10-24 10:46:03,24.27,32100,24.3,D
sz002517,恺英网络,2025-10-24 10:46:09,24.27,8900,24.26,U
sz002517,恺英网络,2025-10-24 10:46:21,24.27,11600,24.27,U
sz002517,恺英网络,2025-10-24 10:46:24,24.27,21200,24.27,U
sz002517,恺英网络,2025-10-24 10:46:27,24.25,9600,24.27,D
sz002517,恺英网络,2025-10-24 10:46:36,24.25,8500,24.25,D
sz002517,恺英网络,2025-10-24 10:47:00,24.25,14100,24.24,U
sz002517,恺英网络,2025-10-24 10:47:21,24.25,12100,24.25,U
sz002517,恺英网络,2025-10-24 10:48:57,24.32,11600,24.31,U
sz002517,恺英网络,2025-10-24 10:49:45,24.38,10000,24.39,D
sz002517,恺英网络,2025-10-24 10:49:51,24.38,9200,24.38,U
sz002517,恺英网络,2025-10-24 10:50:45,24.38,34700,24.37,U
sz002517,恺英网络,2025-10-24 10:51:12,24.41,9000,24.41,U
sz002517,恺英网络,2025-10-24 10:52:00,24.42,12400,24.43,D
sz002517,恺英网络,2025-10-24 10:52:45,24.44,11700,24.42,U
sz002517,恺英网络,2025-10-24 10:53:00,24.39,15300,24.44,D
sz002517,恺英网络,2025-10-24 10:53:06,24.41,8800,24.38,U
sz002517,恺英网络,2025-10-24 10:53:54,24.4,8200,24.41,U
sz002517,恺英网络,2025-10-24 10:54:30,24.41,11900,24.42,D
sz002517,恺英网络,2025-10-24 10:56:18,24.44,8800,24.45,D
sz002517,恺英网络,2025-10-24 10:56:30,24.44,10200,24.44,U
sz002517,恺英网络,2025-10-24 10:56:48,24.44,18300,24.43,U
sz002517,恺英网络,2025-10-24 10:57:12,24.44,12000,24.44,U
sz002517,恺英网络,2025-10-24 10:57:21,24.44,9100,24.44,D
sz002517,恺英网络,2025-10-24 10:57:54,24.45,15400,24.45,U
sz002517,恺英网络,2025-10-24 10:58:12,24.49,27000,24.46,U
sz002517,恺英网络,2025-10-24 10:58:30,24.5,10600,24.5,U
sz002517,恺英网络,2025-10-24 10:58:51,24.52,30800,24.52,D
sz002517,恺英网络,2025-10-24 10:58:57,24.55,12600,24.53,U
sz002517,恺英网络,2025-10-24 10:59:21,24.5,30400,24.53,D
sz002517,恺英网络,2025-10-24 10:59:42,24.51,8400,24.51,U
sz002517,恺英网络,2025-10-24 10:59:54,24.51,22700,24.5,D
sz002517,恺英网络,2025-10-24 11:00:00,24.52,10700,24.51,U
sz002517,恺英网络,2025-10-24 11:00:03,24.52,11400,24.52,U
sz002517,恺英网络,2025-10-24 11:00:09,24.54,13000,24.5,U
sz002517,恺英网络,2025-10-24 11:00:24,24.56,9800,24.53,U
sz002517,恺英网络,2025-10-24 11:00:30,24.57,15300,24.56,U
sz002517,恺英网络,2025-10-24 11:00:33,24.6,15000,24.57,U
sz002517,恺英网络,2025-10-24 11:00:51,24.6,8300,24.59,U
sz002517,恺英网络,2025-10-24 11:01:00,24.63,29900,24.6,U
sz002517,恺英网络,2025-10-24 11:01:06,24.63,11000,24.62,U
sz002517,恺英网络,2025-10-24 11:01:21,24.64,23000,24.64,E
sz002517,恺英网络,2025-10-24 11:01:36,24.62,9600,24.62,U
sz002517,恺英网络,2025-10-24 11:01:45,24.62,65400,24.61,U
sz002517,恺英网络,2025-10-24 11:01:51,24.63,28400,24.61,U
sz002517,恺英网络,2025-10-24 11:02:57,24.61,24200,24.6,U
sz002517,恺英网络,2025-10-24 11:03:09,24.65,44200,24.64,U
sz002517,恺英网络,2025-10-24 11:03:57,24.63,11100,24.64,D
sz002517,恺英网络,2025-10-24 11:04:03,24.62,16400,24.64,D
sz002517,恺英网络,2025-10-24 11:05:09,24.66,67400,24.63,U
sz002517,恺英网络,2025-10-24 11:05:54,24.68,44300,24.67,U
sz002517,恺英网络,2025-10-24 11:06:51,24.67,26600,24.68,D
sz002517,恺英网络,2025-10-24 11:06:54,24.67,11400,24.67,D
sz002517,恺英网络,2025-10-24 11:07:30,24.67,39100,24.67,D
sz002517,恺英网络,2025-10-24 11:08:12,24.67,10300,24.67,D
sz002517,恺英网络,2025-10-24 11:09:09,24.66,8300,24.66,D
sz002517,恺英网络,2025-10-24 11:09:12,24.66,10000,24.66,D
sz002517,恺英网络,2025-10-24 11:09:18,24.66,12600,24.65,U
sz002517,恺英网络,2025-10-24 11:09:21,24.68,83700,24.66,U
sz002517,恺英网络,2025-10-24 11:09:57,24.69,16200,24.69,D
sz002517,恺英网络,2025-10-24 11:10:15,24.7,12000,24.69,U
sz002517,恺英网络,2025-10-24 11:10:18,24.69,34300,24.7,D
sz002517,恺英网络,2025-10-24 11:10:45,24.7,8100,24.7,U
sz002517,恺英网络,2025-10-24 11:11:03,24.69,41600,24.71,D
sz002517,恺英网络,2025-10-24 11:11:09,24.67,33100,24.69,D
sz002517,恺英网络,2025-10-24 11:12:09,24.68,8200,24.67,U
sz002517,恺英网络,2025-10-24 11:12:15,24.69,9300,24.69,U
sz002517,恺英网络,2025-10-24 11:12:27,24.69,10500,24.7,D
sz002517,恺英网络,2025-10-24 11:12:36,24.69,27200,24.7,D
sz002517,恺英网络,2025-10-24 11:14:03,24.7,14200,24.69,U
sz002517,恺英网络,2025-10-24 11:14:45,24.69,47000,24.69,D
sz002517,恺英网络,2025-10-24 11:15:00,24.71,17200,24.69,U
sz002517,恺英网络,2025-10-24 11:15:03,24.71,23700,24.71,U
sz002517,恺英网络,2025-10-24 11:15:21,24.72,8400,24.72,U
sz002517,恺英网络,2025-10-24 11:16:09,24.7,11300,24.7,D
sz002517,恺英网络,2025-10-24 11:16:45,24.69,15700,24.7,D
sz002517,恺英网络,2025-10-24 11:17:00,24.67,34200,24.69,D
sz002517,恺英网络,2025-10-24 11:17:03,24.67,14600,24.67,D
sz002517,恺英网络,2025-10-24 11:17:09,24.66,13700,24.66,D
sz002517,恺英网络,2025-10-24 11:17:15,24.66,12400,24.65,U
sz002517,恺英网络,2025-10-24 11:17:24,24.66,11000,24.66,D
sz002517,恺英网络,2025-10-24 11:17:36,24.71,189600,24.65,U
sz002517,恺英网络,2025-10-24 11:17:42,24.72,12300,24.7,E
sz002517,恺英网络,2025-10-24 11:17:51,24.7,11900,24.72,D
sz002517,恺英网络,2025-10-24 11:18:39,24.74,49100,24.71,U
sz002517,恺英网络,2025-10-24 11:18:45,24.72,12900,24.74,D
sz002517,恺英网络,2025-10-24 11:18:48,24.77,45000,24.72,U
sz002517,恺英网络,2025-10-24 11:18:57,24.75,40400,24.75,D
sz002517,恺英网络,2025-10-24 11:19:12,24.7,20000,24.77,D
sz002517,恺英网络,2025-10-24 11:19:18,24.77,13500,24.7,U
sz002517,恺英网络,2025-10-24 11:20:06,24.71,17500,24.71,D
sz002517,恺英网络,2025-10-24 11:20:48,24.7,24500,24.71,D
sz002517,恺英网络,2025-10-24 11:20:51,24.69,39100,24.7,D
sz002517,恺英网络,2025-10-24 11:21:54,24.7,8800,24.69,U
sz002517,恺英网络,2025-10-24 11:23:36,24.69,16000,24.69,D
sz002517,恺英网络,2025-10-24 11:23:54,24.7,8100,24.7,U
sz002517,恺英网络,2025-10-24 11:24:42,24.7,28500,24.7,U
sz002517,恺英网络,2025-10-24 11:25:54,24.7,22300,24.71,D
sz002517,恺英网络,2025-10-24 11:25:57,24.7,29400,24.7,D
sz002517,恺英网络,2025-10-24 11:26:33,24.7,15800,24.7,U
sz002517,恺英网络,2025-10-24 11:26:36,24.72,30100,24.7,U
sz002517,恺英网络,2025-10-24 11:26:39,24.74,28700,24.72,U
sz002517,恺英网络,2025-10-24 11:27:06,24.71,40200,24.72,D
sz002517,恺英网络,2025-10-24 11:27:24,24.7,23300,24.7,D
sz002517,恺英网络,2025-10-24 11:27:30,24.7,12800,24.71,E
sz002517,恺英网络,2025-10-24 11:27:39,24.67,28800,24.68,D
sz002517,恺英网络,2025-10-24 11:28:12,24.69,11600,24.69,E
sz002517,恺英网络,2025-10-24 11:28:21,24.66,20700,24.68,D
sz002517,恺英网络,2025-10-24 11:28:51,24.68,28700,24.7,E
sz002517,恺英网络,2025-10-24 11:29:15,24.7,12600,24.7,E
sz002517,恺英网络,2025-10-24 11:29:27,24.65,43000,24.67,D
sz002517,恺英网络,2025-10-24 11:29:33,24.63,23500,24.65,D
sz002517,恺英网络,2025-10-24 11:29:42,24.63,15500,24.64,D
sz002517,恺英网络,2025-10-24 11:29:54,24.6,8800,24.6,D
sz002517,恺英网络,2025-10-24 13:00:00,24.59,15500,24.59,U
sz002517,恺英网络,2025-10-24 13:00:03,24.59,9500,24.59,D
sz002517,恺英网络,2025-10-24 13:00:51,24.66,19200,24.65,U
sz002517,恺英网络,2025-10-24 13:01:30,24.63,10500,24.61,U
sz002517,恺英网络,2025-10-24 13:02:03,24.62,10600,24.64,D
sz002517,恺英网络,2025-10-24 13:02:24,24.63,40400,24.64,D
sz002517,恺英网络,2025-10-24 13:02:36,24.7,53300,24.64,U
sz002517,恺英网络,2025-10-24 13:02:57,24.72,21700,24.72,D
sz002517,恺英网络,2025-10-24 13:03:00,24.67,25500,24.72,D
sz002517,恺英网络,2025-10-24 13:04:57,24.58,61900,24.62,D
sz002517,恺英网络,2025-10-24 13:05:21,24.59,8400,24.58,U
sz002517,恺英网络,2025-10-24 13:05:48,24.56,20900,24.57,D
sz002517,恺英网络,2025-10-24 13:06:00,24.57,137700,24.56,U
sz002517,恺英网络,2025-10-24 13:06:27,24.59,14400,24.61,D
sz002517,恺英网络,2025-10-24 13:08:00,24.59,8400,24.61,D
sz002517,恺英网络,2025-10-24 13:10:03,24.62,12100,24.61,U
sz002517,恺英网络,2025-10-24 13:10:06,24.61,8400,24.62,D
sz002517,恺英网络,2025-10-24 13:12:18,24.62,9200,24.61,U
sz002517,恺英网络,2025-10-24 13:13:06,24.63,10300,24.62,U
sz002517,恺英网络,2025-10-24 13:13:15,24.6,15600,24.62,D
sz002517,恺英网络,2025-10-24 13:13:36,24.58,65200,24.6,D
sz002517,恺英网络,2025-10-24 13:13:45,24.58,13600,24.58,D
sz002517,恺英网络,2025-10-24 13:14:33,24.56,8700,24.56,D
sz002517,恺英网络,2025-10-24 13:14:45,24.56,10100,24.55,E
sz002517,恺英网络,2025-10-24 13:15:00,24.56,47300,24.57,D
sz002517,恺英网络,2025-10-24 13:15:24,24.56,8400,24.55,U
sz002517,恺英网络,2025-10-24 13:16:48,24.59,8900,24.58,U
sz002517,恺英网络,2025-10-24 13:17:24,24.61,12500,24.61,D
sz002517,恺英网络,2025-10-24 13:17:39,24.64,187000,24.61,U
sz002517,恺英网络,2025-10-24 13:17:42,24.64,12100,24.64,U
sz002517,恺英网络,2025-10-24 13:17:45,24.64,10900,24.64,D
sz002517,恺英网络,2025-10-24 13:17:48,24.6,17400,24.64,D
sz002517,恺英网络,2025-10-24 13:18:00,24.65,8300,24.6,U
sz002517,恺英网络,2025-10-24 13:18:03,24.64,15200,24.65,E
sz002517,恺英网络,2025-10-24 13:18:15,24.61,11300,24.62,D
sz002517,恺英网络,2025-10-24 13:21:15,24.64,16700,24.64,D
sz002517,恺英网络,2025-10-24 13:21:18,24.64,13900,24.64,D
sz002517,恺英网络,2025-10-24 13:21:21,24.66,18000,24.64,U
sz002517,恺英网络,2025-10-24 13:21:24,24.68,51300,24.66,U
sz002517,恺英网络,2025-10-24 13:21:27,24.7,25000,24.68,U
sz002517,恺英网络,2025-10-24 13:21:30,24.67,22400,24.7,D
sz002517,恺英网络,2025-10-24 13:21:33,24.7,46300,24.67,U
sz002517,恺英网络,2025-10-24 13:21:39,24.7,25500,24.67,U
sz002517,恺英网络,2025-10-24 13:21:51,24.71,52200,24.7,U
sz002517,恺英网络,2025-10-24 13:21:54,24.75,71000,24.71,U
sz002517,恺英网络,2025-10-24 13:21:57,24.7,35800,24.75,D
sz002517,恺英网络,2025-10-24 13:22:00,24.7,50800,24.7,D
sz002517,恺英网络,2025-10-24 13:22:03,24.72,14788,24.7,E
sz002517,恺英网络,2025-10-24 13:22:06,24.76,30200,24.72,U
sz002517,恺英网络,2025-10-24 13:22:12,24.76,57000,24.75,D
sz002517,恺英网络,2025-10-24 13:22:15,24.79,31000,24.76,U
sz002517,恺英网络,2025-10-24 13:22:18,24.77,9900,24.79,D
sz002517,恺英网络,2025-10-24 13:22:21,24.77,10400,24.77,D
sz002517,恺英网络,2025-10-24 13:22:33,24.79,28100,24.78,U
sz002517,恺英网络,2025-10-24 13:22:36,24.79,13000,24.79,U
sz002517,恺英网络,2025-10-24 13:22:42,24.79,9000,24.79,D
sz002517,恺英网络,2025-10-24 13:22:54,24.79,28400,24.79,D
sz002517,恺英网络,2025-10-24 13:23:00,24.77,14200,24.78,D
sz002517,恺英网络,2025-10-24 13:23:12,24.76,23200,24.79,D
sz002517,恺英网络,2025-10-24 13:23:15,24.75,27000,24.76,D
sz002517,恺英网络,2025-10-24 13:23:24,24.75,25100,24.75,U
sz002517,恺英网络,2025-10-24 13:23:27,24.75,25900,24.75,D
sz002517,恺英网络,2025-10-24 13:23:30,24.78,28600,24.75,E
sz002517,恺英网络,2025-10-24 13:23:33,24.81,330200,24.78,U
sz002517,恺英网络,2025-10-24 13:23:36,24.82,10800,24.81,U
sz002517,恺英网络,2025-10-24 13:23:39,24.79,26200,24.82,D
sz002517,恺英网络,2025-10-24 13:23:45,24.82,100000,24.81,U
sz002517,恺英网络,2025-10-24 13:23:48,24.81,33500,24.82,U
sz002517,恺英网络,2025-10-24 13:23:54,24.81,100000,24.81,D
sz002517,恺英网络,2025-10-24 13:24:00,24.83,15800,24.78,U
sz002517,恺英网络,2025-10-24 13:24:09,24.82,22200,24.82,D
sz002517,恺英网络,2025-10-24 13:24:12,24.82,150700,24.82,D
sz002517,恺英网络,2025-10-24 13:24:21,24.79,25200,24.82,D
sz002517,恺英网络,2025-10-24 13:24:24,24.81,37700,24.79,E
sz002517,恺英网络,2025-10-24 13:24:27,24.82,22300,24.81,U
sz002517,恺英网络,2025-10-24 13:24:30,24.83,102700,24.82,U
sz002517,恺英网络,2025-10-24 13:24:39,24.85,10600,24.84,U
sz002517,恺英网络,2025-10-24 13:24:45,24.88,249700,24.85,U
sz002517,恺英网络,2025-10-24 13:24:48,24.89,9300,24.88,U
sz002517,恺英网络,2025-10-24 13:24:51,24.89,8200,24.89,U
sz002517,恺英网络,2025-10-24 13:24:54,24.88,117500,24.89,D
sz002517,恺英网络,2025-10-24 13:24:57,24.9,13100,24.88,U
sz002517,恺英网络,2025-10-24 13:25:00,24.88,93200,24.9,E
sz002517,恺英网络,2025-10-24 13:25:06,24.9,33100,24.9,U
sz002517,恺英网络,2025-10-24 13:25:09,24.9,98900,24.9,U
sz002517,恺英网络,2025-10-24 13:25:12,24.9,23400,24.9,D
sz002517,恺英网络,2025-10-24 13:25:18,24.9,48100,24.9,D
sz002517,恺英网络,2025-10-24 13:25:30,24.9,62700,24.9,U
sz002517,恺英网络,2025-10-24 13:25:33,24.88,8400,24.9,D
sz002517,恺英网络,2025-10-24 13:25:36,24.88,15500,24.88,D
sz002517,恺英网络,2025-10-24 13:25:45,24.88,50200,24.89,D
sz002517,恺英网络,2025-10-24 13:26:00,24.89,100700,24.88,U
sz002517,恺英网络,2025-10-24 13:26:12,24.91,45100,24.9,U
sz002517,恺英网络,2025-10-24 13:26:27,24.91,8900,24.92,D
sz002517,恺英网络,2025-10-24 13:26:33,24.92,39300,24.92,D
sz002517,恺英网络,2025-10-24 13:26:36,24.92,16500,24.92,D
sz002517,恺英网络,2025-10-24 13:26:42,24.91,11100,24.92,D
sz002517,恺英网络,2025-10-24 13:27:03,24.9,39800,24.9,U
sz002517,恺英网络,2025-10-24 13:27:24,24.92,14300,24.93,U
sz002517,恺英网络,2025-10-24 13:27:33,24.93,30700,24.92,U
sz002517,恺英网络,2025-10-24 13:27:36,24.93,18700,24.93,U
sz002517,恺英网络,2025-10-24 13:27:42,24.93,8800,24.93,U
sz002517,恺英网络,2025-10-24 13:27:45,24.9,17900,24.93,D
sz002517,恺英网络,2025-10-24 13:28:00,24.9,10900,24.9,D
sz002517,恺英网络,2025-10-24 13:28:06,24.9,9800,24.9,U
sz002517,恺英网络,2025-10-24 13:28:30,24.9,89600,24.88,U
sz002517,恺英网络,2025-10-24 13:28:33,24.89,10600,24.9,D
sz002517,恺英网络,2025-10-24 13:28:39,24.93,29500,24.91,U
sz002517,恺英网络,2025-10-24 13:28:42,24.92,9100,24.93,D
sz002517,恺英网络,2025-10-24 13:28:48,24.94,64100,24.94,U
sz002517,恺英网络,2025-10-24 13:28:51,24.99,206900,24.94,U
sz002517,恺英网络,2025-10-24 13:28:54,25.0,107000,24.99,U
sz002517,恺英网络,2025-10-24 13:28:57,25.01,318600,25.0,U
sz002517,恺英网络,2025-10-24 13:29:00,25.02,103300,25.01,E
sz002517,恺英网络,2025-10-24 13:29:03,25.02,8200,25.02,U
sz002517,恺英网络,2025-10-24 13:29:06,25.01,14900,25.02,U
sz002517,恺英网络,2025-10-24 13:29:09,25.01,14200,25.01,U
sz002517,恺英网络,2025-10-24 13:29:12,25.01,8900,25.01,U
sz002517,恺英网络,2025-10-24 13:29:18,25.01,9300,25.0,U
sz002517,恺英网络,2025-10-24 13:29:21,25.01,9100,25.01,U
sz002517,恺英网络,2025-10-24 13:29:27,25.0,30600,25.01,E
sz002517,恺英网络,2025-10-24 13:29:30,25.05,17300,25.0,U
sz002517,恺英网络,2025-10-24 13:29:39,25.06,21600,25.05,U
sz002517,恺英网络,2025-10-24 13:29:42,25.05,18800,25.06,E
sz002517,恺英网络,2025-10-24 13:29:45,25.06,15000,25.05,E
sz002517,恺英网络,2025-10-24 13:29:48,25.06,10100,25.06,U
sz002517,恺英网络,2025-10-24 13:29:51,25.05,31900,25.06,D
sz002517,恺英网络,2025-10-24 13:29:54,25.05,14500,25.05,U
sz002517,恺英网络,2025-10-24 13:29:57,25.06,60600,25.05,U
sz002517,恺英网络,2025-10-24 13:30:00,25.06,51700,25.06,U
sz002517,恺英网络,2025-10-24 13:30:03,25.07,9600,25.06,E
sz002517,恺英网络,2025-10-24 13:30:09,25.07,23100,25.08,D
sz002517,恺英网络,2025-10-24 13:30:12,25.08,31300,25.07,U
sz002517,恺英网络,2025-10-24 13:30:24,25.07,8300,25.1,D
sz002517,恺英网络,2025-10-24 13:30:27,25.08,49500,25.07,U
sz002517,恺英网络,2025-10-24 13:30:30,25.07,9000,25.08,D
sz002517,恺英网络,2025-10-24 13:30:33,25.07,34100,25.07,D
sz002517,恺英网络,2025-10-24 13:30:36,25.07,32600,25.07,D
sz002517,恺英网络,2025-10-24 13:30:39,25.08,15400,25.07,E
sz002517,恺英网络,2025-10-24 13:30:42,25.07,11000,25.08,D
sz002517,恺英网络,2025-10-24 13:30:48,25.05,80200,25.06,D
sz002517,恺英网络,2025-10-24 13:30:51,25.07,30800,25.05,U
sz002517,恺英网络,2025-10-24 13:30:54,25.09,159800,25.07,U
sz002517,恺英网络,2025-10-24 13:30:57,25.06,39600,25.09,E
sz002517,恺英网络,2025-10-24 13:31:00,25.06,19000,25.06,D
sz002517,恺英网络,2025-10-24 13:31:03,25.1,32100,25.06,U
sz002517,恺英网络,2025-10-24 13:31:06,25.1,19600,25.1,D
sz002517,恺英网络,2025-10-24 13:31:12,25.15,29800,25.13,U
sz002517,恺英网络,2025-10-24 13:31:15,25.15,15300,25.15,U
sz002517,恺英网络,2025-10-24 13:31:18,25.15,16800,25.15,D
sz002517,恺英网络,2025-10-24 13:31:21,25.15,28000,25.15,U
sz002517,恺英网络,2025-10-24 13:31:24,25.13,14500,25.15,E
sz002517,恺英网络,2025-10-24 13:31:30,25.14,20800,25.13,U
sz002517,恺英网络,2025-10-24 13:31:36,25.13,40300,25.15,D
sz002517,恺英网络,2025-10-24 13:31:39,25.13,9600,25.13,U
sz002517,恺英网络,2025-10-24 13:31:45,25.12,82700,25.12,E
sz002517,恺英网络,2025-10-24 13:31:51,25.1,160300,25.11,D
sz002517,恺英网络,2025-10-24 13:31:54,25.1,13300,25.1,U
sz002517,恺英网络,2025-10-24 13:31:57,25.06,11300,25.1,D
sz002517,恺英网络,2025-10-24 13:32:00,25.06,8600,25.06,D
sz002517,恺英网络,2025-10-24 13:32:09,25.08,13500,25.06,E
sz002517,恺英网络,2025-10-24 13:32:24,25.07,12000,25.06,U
sz002517,恺英网络,2025-10-24 13:32:33,25.05,44400,25.05,D
sz002517,恺英网络,2025-10-24 13:32:36,25.05,11500,25.05,D
sz002517,恺英网络,2025-10-24 13:32:51,25.03,18900,25.04,D
sz002517,恺英网络,2025-10-24 13:33:18,25.0,16800,25.0,D
sz002517,恺英网络,2025-10-24 13:33:36,24.93,9400,24.95,D
sz002517,恺英网络,2025-10-24 13:33:39,24.96,9200,24.93,U
sz002517,恺英网络,2025-10-24 13:33:42,24.97,51300,24.96,U
sz002517,恺英网络,2025-10-24 13:33:57,24.98,20100,24.99,D
sz002517,恺英网络,2025-10-24 13:34:03,24.98,24300,24.99,D
sz002517,恺英网络,2025-10-24 13:34:09,24.98,18800,24.98,U
sz002517,恺英网络,2025-10-24 13:34:15,24.98,9300,24.98,U
sz002517,恺英网络,2025-10-24 13:34:27,24.98,10300,24.99,D
sz002517,恺英网络,2025-10-24 13:34:36,24.98,15300,24.98,U
sz002517,恺英网络,2025-10-24 13:34:51,24.98,25500,24.97,U
sz002517,恺英网络,2025-10-24 13:34:54,24.99,13000,24.98,U
sz002517,恺英网络,2025-10-24 13:34:57,24.98,18000,24.99,D
sz002517,恺英网络,2025-10-24 13:35:12,24.97,9300,24.98,D
sz002517,恺英网络,2025-10-24 13:35:18,24.97,13400,24.98,D
sz002517,恺英网络,2025-10-24 13:35:36,24.97,47100,24.97,D
sz002517,恺英网络,2025-10-24 13:35:51,24.94,18600,24.95,D
sz002517,恺英网络,2025-10-24 13:35:57,24.93,12900,24.93,U
sz002517,恺英网络,2025-10-24 13:36:03,24.92,10000,24.92,D
sz002517,恺英网络,2025-10-24 13:36:09,24.91,11600,24.92,D
sz002517,恺英网络,2025-10-24 13:36:15,24.91,17300,24.91,D
sz002517,恺英网络,2025-10-24 13:36:18,24.91,8400,24.91,D
sz002517,恺英网络,2025-10-24 13:36:30,24.93,135900,24.92,U
sz002517,恺英网络,2025-10-24 13:36:42,24.91,19600,24.93,D
sz002517,恺英网络,2025-10-24 13:36:45,24.91,21800,24.91,D
sz002517,恺英网络,2025-10-24 13:36:48,24.91,25300,24.91,D
sz002517,恺英网络,2025-10-24 13:36:51,24.92,27600,24.91,U
sz002517,恺英网络,2025-10-24 13:36:54,24.92,21900,24.92,U
sz002517,恺英网络,2025-10-24 13:36:57,24.92,8600,24.92,U
sz002517,恺英网络,2025-10-24 13:37:00,24.92,11200,24.92,U
sz002517,恺英网络,2025-10-24 13:37:03,24.89,20400,24.92,D
sz002517,恺英网络,2025-10-24 13:37:06,24.89,17400,24.89,D
sz002517,恺英网络,2025-10-24 13:37:09,24.92,17600,24.89,U
sz002517,恺英网络,2025-10-24 13:37:12,24.88,15100,24.92,D
sz002517,恺英网络,2025-10-24 13:37:15,24.9,12500,24.88,U
sz002517,恺英网络,2025-10-24 13:37:18,24.89,17600,24.9,D
sz002517,恺英网络,2025-10-24 13:37:21,24.9,11800,24.89,U
sz002517,恺英网络,2025-10-24 13:37:24,24.89,10200,24.9,U
sz002517,恺英网络,2025-10-24 13:37:27,24.87,12600,24.89,D
sz002517,恺英网络,2025-10-24 13:37:30,24.86,8300,24.87,D
sz002517,恺英网络,2025-10-24 13:37:33,24.87,22700,24.86,D
sz002517,恺英网络,2025-10-24 13:37:36,24.86,19800,24.87,D
sz002517,恺英网络,2025-10-24 13:37:57,24.87,26900,24.84,U
sz002517,恺英网络,2025-10-24 13:38:00,24.88,27900,24.87,U
sz002517,恺英网络,2025-10-24 13:38:06,24.86,25300,24.82,E
sz002517,恺英网络,2025-10-24 13:38:09,24.8,22300,24.86,D
sz002517,恺英网络,2025-10-24 13:38:12,24.82,31400,24.8,D
sz002517,恺英网络,2025-10-24 13:38:15,24.82,29800,24.82,D
sz002517,恺英网络,2025-10-24 13:38:18,24.83,22500,24.82,E
sz002517,恺英网络,2025-10-24 13:38:21,24.86,21700,24.83,U
sz002517,恺英网络,2025-10-24 13:38:24,24.86,21200,24.86,U
sz002517,恺英网络,2025-10-24 13:38:27,24.82,101100,24.86,D
sz002517,恺英网络,2025-10-24 13:38:30,24.82,25100,24.82,E
sz002517,恺英网络,2025-10-24 13:38:33,24.8,23800,24.82,D
sz002517,恺英网络,2025-10-24 13:38:36,24.85,29000,24.8,U
sz002517,恺英网络,2025-10-24 13:38:39,24.81,17700,24.85,D
sz002517,恺英网络,2025-10-24 13:38:42,24.85,23900,24.81,U
sz002517,恺英网络,2025-10-24 13:38:51,24.83,22700,24.82,E
sz002517,恺英网络,2025-10-24 13:39:27,24.88,13500,24.89,D
sz002517,恺英网络,2025-10-24 13:39:30,24.88,10500,24.88,U
sz002517,恺英网络,2025-10-24 13:39:36,24.89,58500,24.88,U
sz002517,恺英网络,2025-10-24 13:39:57,24.88,18600,24.9,D
sz002517,恺英网络,2025-10-24 13:40:00,24.87,93500,24.88,D
sz002517,恺英网络,2025-10-24 13:40:12,24.87,13400,24.87,D
sz002517,恺英网络,2025-10-24 13:40:27,24.88,8200,24.88,U
sz002517,恺英网络,2025-10-24 13:41:18,24.92,29300,24.91,U
sz002517,恺英网络,2025-10-24 13:41:39,24.91,33900,24.92,D
sz002517,恺英网络,2025-10-24 13:41:42,24.91,17700,24.91,D
sz002517,恺英网络,2025-10-24 13:41:57,24.92,48400,24.91,U
sz002517,恺英网络,2025-10-24 13:42:18,24.91,194600,24.9,U
sz002517,恺英网络,2025-10-24 13:42:51,24.87,15600,24.88,D
sz002517,恺英网络,2025-10-24 13:43:21,24.87,24500,24.87,D
sz002517,恺英网络,2025-10-24 13:44:18,24.87,25400,24.89,D
sz002517,恺英网络,2025-10-24 13:46:03,24.87,28600,24.87,D
sz002517,恺英网络,2025-10-24 13:46:27,24.88,9500,24.88,U
sz002517,恺英网络,2025-10-24 13:47:36,24.89,8700,24.89,U
sz002517,恺英网络,2025-10-24 13:47:57,24.9,37504,24.9,U
sz002517,恺英网络,2025-10-24 13:48:30,24.95,13500,24.95,U
sz002517,恺英网络,2025-10-24 13:48:42,24.96,11900,24.95,U
sz002517,恺英网络,2025-10-24 13:48:48,24.96,9300,24.96,U
sz002517,恺英网络,2025-10-24 13:48:51,24.96,15000,24.96,D
sz002517,恺英网络,2025-10-24 13:48:57,24.97,14700,24.95,U
sz002517,恺英网络,2025-10-24 13:49:06,24.94,22600,24.96,D
sz002517,恺英网络,2025-10-24 13:49:09,24.95,22700,24.94,U
sz002517,恺英网络,2025-10-24 13:49:12,24.92,12600,24.95,D
sz002517,恺英网络,2025-10-24 13:49:18,24.94,9800,24.94,U
sz002517,恺英网络,2025-10-24 13:49:24,24.92,11400,24.93,D
sz002517,恺英网络,2025-10-24 13:49:30,24.92,9100,24.94,E
sz002517,恺英网络,2025-10-24 13:49:39,24.92,9800,24.92,U
sz002517,恺英网络,2025-10-24 13:49:42,24.92,17800,24.92,D
sz002517,恺英网络,2025-10-24 13:49:54,24.9,8300,24.91,D
sz002517,恺英网络,2025-10-24 13:50:06,24.89,8500,24.91,D
sz002517,恺英网络,2025-10-24 13:51:12,24.92,11700,24.91,U
sz002517,恺英网络,2025-10-24 13:51:36,24.93,13200,24.93,U
sz002517,恺英网络,2025-10-24 13:51:48,24.93,10500,24.93,D
sz002517,恺英网络,2025-10-24 13:52:15,24.92,15400,24.94,D
sz002517,恺英网络,2025-10-24 13:52:24,24.91,59600,24.92,D
sz002517,恺英网络,2025-10-24 13:52:33,24.89,41600,24.91,D
sz002517,恺英网络,2025-10-24 13:53:18,24.92,68300,24.9,U
sz002517,恺英网络,2025-10-24 13:53:57,24.92,28100,24.91,U
sz002517,恺英网络,2025-10-24 13:55:24,24.89,15100,24.89,D
sz002517,恺英网络,2025-10-24 13:55:48,24.91,9500,24.91,U
sz002517,恺英网络,2025-10-24 13:57:21,24.94,16200,24.95,U
sz002517,恺英网络,2025-10-24 13:57:36,24.94,48900,24.91,U
sz002517,恺英网络,2025-10-24 13:57:45,24.98,31500,24.95,U
sz002517,恺英网络,2025-10-24 13:57:51,24.98,9800,24.97,U
sz002517,恺英网络,2025-10-24 13:57:57,24.98,8900,24.97,U
sz002517,恺英网络,2025-10-24 13:58:00,24.97,16300,24.98,D
sz002517,恺英网络,2025-10-24 13:58:03,24.98,10400,24.97,U
sz002517,恺英网络,2025-10-24 13:58:12,24.99,59900,24.97,U
sz002517,恺英网络,2025-10-24 13:58:15,24.98,23400,24.99,D
sz002517,恺英网络,2025-10-24 13:58:18,25.01,54100,24.98,U
sz002517,恺英网络,2025-10-24 13:58:21,25.01,21600,25.01,U
sz002517,恺英网络,2025-10-24 13:58:42,25.04,10000,25.0,U
sz002517,恺英网络,2025-10-24 13:58:48,25.04,8400,25.04,U
sz002517,恺英网络,2025-10-24 13:58:51,25.02,18500,25.04,E
sz002517,恺英网络,2025-10-24 13:58:54,25.04,160500,25.02,U
sz002517,恺英网络,2025-10-24 13:58:57,25.03,19700,25.04,E
sz002517,恺英网络,2025-10-24 13:59:00,25.01,10000,25.03,D
sz002517,恺英网络,2025-10-24 13:59:18,25.05,162000,25.05,U
sz002517,恺英网络,2025-10-24 13:59:21,25.03,15700,25.05,D
sz002517,恺英网络,2025-10-24 13:59:24,25.03,52200,25.03,D
sz002517,恺英网络,2025-10-24 13:59:27,25.05,23400,25.03,U
sz002517,恺英网络,2025-10-24 13:59:33,25.05,15200,25.04,U
sz002517,恺英网络,2025-10-24 13:59:45,25.05,16100,25.05,D
sz002517,恺英网络,2025-10-24 13:59:48,25.04,25000,25.05,D
sz002517,恺英网络,2025-10-24 13:59:51,25.06,101200,25.04,U
sz002517,恺英网络,2025-10-24 13:59:54,25.08,49700,25.06,U
sz002517,恺英网络,2025-10-24 13:59:57,25.07,37900,25.08,U
sz002517,恺英网络,2025-10-24 14:00:00,25.11,11400,25.07,U
sz002517,恺英网络,2025-10-24 14:00:03,25.09,9900,25.11,E
sz002517,恺英网络,2025-10-24 14:00:06,25.1,9500,25.09,U
sz002517,恺英网络,2025-10-24 14:00:12,25.07,8000,25.07,U
sz002517,恺英网络,2025-10-24 14:00:15,25.07,52600,25.07,E
sz002517,恺英网络,2025-10-24 14:00:21,25.04,8900,25.09,D
sz002517,恺英网络,2025-10-24 14:00:33,25.07,10600,25.05,E
sz002517,恺英网络,2025-10-24 14:00:36,25.01,13100,25.07,D
sz002517,恺英网络,2025-10-24 14:00:39,25.05,21400,25.01,E
sz002517,恺英网络,2025-10-24 14:00:42,25.09,24900,25.05,U
sz002517,恺英网络,2025-10-24 14:00:45,25.05,17600,25.09,D
sz002517,恺英网络,2025-10-24 14:00:57,25.07,22600,25.05,U
sz002517,恺英网络,2025-10-24 14:01:18,25.06,30500,25.06,U
sz002517,恺英网络,2025-10-24 14:01:21,25.05,8900,25.06,D
sz002517,恺英网络,2025-10-24 14:01:27,25.05,10300,25.05,U
sz002517,恺英网络,2025-10-24 14:01:33,25.04,51900,25.03,D
sz002517,恺英网络,2025-10-24 14:01:36,25.04,12700,25.04,D
sz002517,恺英网络,2025-10-24 14:01:39,25.04,36800,25.04,D
sz002517,恺英网络,2025-10-24 14:01:51,25.03,26500,25.04,D
sz002517,恺英网络,2025-10-24 14:01:57,25.08,28500,25.03,U
sz002517,恺英网络,2025-10-24 14:02:06,25.07,17000,25.08,D
sz002517,恺英网络,2025-10-24 14:02:09,25.09,15300,25.07,U
sz002517,恺英网络,2025-10-24 14:02:15,25.09,15800,25.1,D
sz002517,恺英网络,2025-10-24 14:02:21,25.09,64800,25.09,D
sz002517,恺英网络,2025-10-24 14:02:24,25.09,15200,25.09,U
sz002517,恺英网络,2025-10-24 14:02:30,25.09,15200,25.08,U
sz002517,恺英网络,2025-10-24 14:02:33,25.09,10300,25.09,D
sz002517,恺英网络,2025-10-24 14:02:36,25.09,9300,25.09,D
sz002517,恺英网络,2025-10-24 14:02:39,25.08,13600,25.09,D
sz002517,恺英网络,2025-10-24 14:02:42,25.08,16600,25.08,D
sz002517,恺英网络,2025-10-24 14:02:51,25.07,8900,25.08,E
sz002517,恺英网络,2025-10-24 14:03:12,25.04,19200,25.04,U
sz002517,恺英网络,2025-10-24 14:03:18,25.06,19900,25.03,U
sz002517,恺英网络,2025-10-24 14:03:30,25.02,8400,25.04,E
sz002517,恺英网络,2025-10-24 14:03:33,25.02,17400,25.02,E
sz002517,恺英网络,2025-10-24 14:03:54,25.01,8000,25.02,D
sz002517,恺英网络,2025-10-24 14:04:12,25.03,8000,25.01,U
sz002517,恺英网络,2025-10-24 14:04:27,25.01,22000,25.02,D
sz002517,恺英网络,2025-10-24 14:05:00,25.03,9800,25.02,U
sz002517,恺英网络,2025-10-24 14:05:09,25.03,16800,25.03,U
sz002517,恺英网络,2025-10-24 14:05:57,25.03,9900,25.04,D
sz002517,恺英网络,2025-10-24 14:06:09,25.07,26100,25.03,U
sz002517,恺英网络,2025-10-24 14:06:15,25.07,8400,25.07,U
sz002517,恺英网络,2025-10-24 14:06:33,25.09,241800,25.05,U
sz002517,恺英网络,2025-10-24 14:06:39,25.08,10300,25.08,D
sz002517,恺英网络,2025-10-24 14:06:54,25.11,100800,25.09,U
sz002517,恺英网络,2025-10-24 14:06:57,25.11,12500,25.11,D
sz002517,恺英网络,2025-10-24 14:07:06,25.12,23200,25.11,U
sz002517,恺英网络,2025-10-24 14:07:24,25.11,10900,25.11,D
sz002517,恺英网络,2025-10-24 14:07:33,25.11,9200,25.11,D
sz002517,恺英网络,2025-10-24 14:07:36,25.12,23200,25.11,U
sz002517,恺英网络,2025-10-24 14:07:39,25.14,10200,25.12,U
sz002517,恺英网络,2025-10-24 14:07:42,25.14,13400,25.14,U
sz002517,恺英网络,2025-10-24 14:07:57,25.14,51700,25.15,D
sz002517,恺英网络,2025-10-24 14:08:00,25.16,63000,25.14,U
sz002517,恺英网络,2025-10-24 14:08:03,25.15,40400,25.16,D
sz002517,恺英网络,2025-10-24 14:08:12,25.17,74100,25.16,U
sz002517,恺英网络,2025-10-24 14:08:18,25.18,11300,25.17,U
sz002517,恺英网络,2025-10-24 14:08:24,25.18,128000,25.16,U
sz002517,恺英网络,2025-10-24 14:08:39,25.19,136400,25.19,U
sz002517,恺英网络,2025-10-24 14:08:42,25.19,11600,25.19,D
sz002517,恺英网络,2025-10-24 14:08:45,25.2,23300,25.19,U
sz002517,恺英网络,2025-10-24 14:08:48,25.19,16900,25.2,E
sz002517,恺英网络,2025-10-24 14:08:51,25.19,36000,25.19,U
sz002517,恺英网络,2025-10-24 14:08:54,25.19,118300,25.19,U
sz002517,恺英网络,2025-10-24 14:08:57,25.19,37100,25.19,U
sz002517,恺英网络,2025-10-24 14:09:00,25.16,13500,25.19,D
sz002517,恺英网络,2025-10-24 14:09:09,25.16,18700,25.17,D
sz002517,恺英网络,2025-10-24 14:09:12,25.13,12100,25.16,D
sz002517,恺英网络,2025-10-24 14:09:33,25.16,62300,25.14,U
sz002517,恺英网络,2025-10-24 14:09:48,25.18,51600,25.18,U
sz002517,恺英网络,2025-10-24 14:09:54,25.2,40300,25.18,U
sz002517,恺英网络,2025-10-24 14:10:12,25.18,46100,25.19,D
sz002517,恺英网络,2025-10-24 14:10:15,25.19,13500,25.18,U
sz002517,恺英网络,2025-10-24 14:10:18,25.19,32200,25.19,U
sz002517,恺英网络,2025-10-24 14:10:39,25.19,13900,25.17,U
sz002517,恺英网络,2025-10-24 14:11:12,25.19,16100,25.19,U
sz002517,恺英网络,2025-10-24 14:11:24,25.19,55900,25.18,U
sz002517,恺英网络,2025-10-24 14:11:27,25.2,24600,25.19,U
sz002517,恺英网络,2025-10-24 14:11:30,25.2,10800,25.2,D
sz002517,恺英网络,2025-10-24 14:11:33,25.18,8100,25.2,D
sz002517,恺英网络,2025-10-24 14:11:45,25.18,20200,25.19,D
sz002517,恺英网络,2025-10-24 14:12:00,25.19,20600,25.18,U
sz002517,恺英网络,2025-10-24 14:12:18,25.14,78000,25.16,D
sz002517,恺英网络,2025-10-24 14:12:21,25.12,138600,25.14,D
sz002517,恺英网络,2025-10-24 14:12:33,25.11,22900,25.12,D
sz002517,恺英网络,2025-10-24 14:12:39,25.12,31300,25.12,D
sz002517,恺英网络,2025-10-24 14:12:42,25.12,9400,25.12,D
sz002517,恺英网络,2025-10-24 14:12:57,25.13,44800,25.13,U
sz002517,恺英网络,2025-10-24 14:13:15,25.1,10900,25.11,D
sz002517,恺英网络,2025-10-24 14:13:36,25.11,9400,25.09,U
sz002517,恺英网络,2025-10-24 14:14:00,25.12,9400,25.12,U
sz002517,恺英网络,2025-10-24 14:14:03,25.15,50400,25.12,U
sz002517,恺英网络,2025-10-24 14:15:00,25.15,11900,25.13,U
sz002517,恺英网络,2025-10-24 14:15:15,25.15,109500,25.15,D
sz002517,恺英网络,2025-10-24 14:15:57,25.14,54200,25.16,D
sz002517,恺英网络,2025-10-24 14:16:03,25.14,35100,25.14,D
sz002517,恺英网络,2025-10-24 14:16:09,25.12,9900,25.12,D
sz002517,恺英网络,2025-10-24 14:16:21,25.16,20000,25.13,U
sz002517,恺英网络,2025-10-24 14:16:24,25.13,8600,25.16,U
sz002517,恺英网络,2025-10-24 14:16:36,25.1,34500,25.12,D
sz002517,恺英网络,2025-10-24 14:17:15,25.1,27700,25.1,D
sz002517,恺英网络,2025-10-24 14:17:27,25.11,10200,25.1,U
sz002517,恺英网络,2025-10-24 14:17:54,25.11,25900,25.09,U
sz002517,恺英网络,2025-10-24 14:18:00,25.1,13100,25.1,D
sz002517,恺英网络,2025-10-24 14:18:03,25.1,17600,25.1,D
sz002517,恺英网络,2025-10-24 14:18:15,25.11,20000,25.09,U
sz002517,恺英网络,2025-10-24 14:18:21,25.11,9300,25.11,D
sz002517,恺英网络,2025-10-24 14:18:48,25.11,8800,25.11,D
sz002517,恺英网络,2025-10-24 14:18:51,25.11,9000,25.11,D
sz002517,恺英网络,2025-10-24 14:19:03,25.1,24200,25.11,D
sz002517,恺英网络,2025-10-24 14:19:12,25.09,11500,25.09,D
sz002517,恺英网络,2025-10-24 14:19:42,25.08,8600,25.08,E
sz002517,恺英网络,2025-10-24 14:20:21,25.07,23500,25.07,D
sz002517,恺英网络,2025-10-24 14:21:00,25.06,8400,25.07,D
sz002517,恺英网络,2025-10-24 14:21:36,25.03,10500,25.03,D
sz002517,恺英网络,2025-10-24 14:22:12,25.04,8100,25.05,D
sz002517,恺英网络,2025-10-24 14:22:15,25.02,11700,25.04,D
sz002517,恺英网络,2025-10-24 14:22:18,25.03,29400,25.02,E
sz002517,恺英网络,2025-10-24 14:22:21,24.98,88900,25.03,D
sz002517,恺英网络,2025-10-24 14:22:24,24.96,8100,24.98,D
sz002517,恺英网络,2025-10-24 14:22:27,24.96,71500,24.96,D
sz002517,恺英网络,2025-10-24 14:22:33,24.9,32400,24.92,D
sz002517,恺英网络,2025-10-24 14:22:36,24.89,30900,24.9,D
sz002517,恺英网络,2025-10-24 14:22:39,24.88,16500,24.89,D
sz002517,恺英网络,2025-10-24 14:22:42,24.88,73200,24.88,D
sz002517,恺英网络,2025-10-24 14:22:45,24.88,26800,24.88,U
sz002517,恺英网络,2025-10-24 14:22:51,24.87,24800,24.87,U
sz002517,恺英网络,2025-10-24 14:22:54,24.86,37300,24.87,D
sz002517,恺英网络,2025-10-24 14:22:57,24.87,18700,24.86,U
sz002517,恺英网络,2025-10-24 14:23:00,24.87,60200,24.87,D
sz002517,恺英网络,2025-10-24 14:23:03,24.88,43300,24.87,E
sz002517,恺英网络,2025-10-24 14:23:06,24.91,61200,24.88,U
sz002517,恺英网络,2025-10-24 14:23:09,24.9,21300,24.91,D
sz002517,恺英网络,2025-10-24 14:23:12,24.9,16800,24.9,D
sz002517,恺英网络,2025-10-24 14:23:15,24.9,11300,24.9,D
sz002517,恺英网络,2025-10-24 14:23:21,24.9,18000,24.9,D
sz002517,恺英网络,2025-10-24 14:23:24,24.91,19600,24.9,U
sz002517,恺英网络,2025-10-24 14:23:27,24.9,21100,24.91,D
sz002517,恺英网络,2025-10-24 14:23:30,24.91,8400,24.9,U
sz002517,恺英网络,2025-10-24 14:23:33,24.9,21200,24.91,D
sz002517,恺英网络,2025-10-24 14:23:36,24.9,15000,24.9,D
sz002517,恺英网络,2025-10-24 14:23:39,24.88,17100,24.9,D
sz002517,恺英网络,2025-10-24 14:23:42,24.9,32000,24.88,U
sz002517,恺英网络,2025-10-24 14:23:45,24.89,13400,24.9,D
sz002517,恺英网络,2025-10-24 14:23:54,24.89,12100,24.89,U
sz002517,恺英网络,2025-10-24 14:23:57,24.88,29400,24.89,D
sz002517,恺英网络,2025-10-24 14:24:00,24.88,100200,24.88,D
sz002517,恺英网络,2025-10-24 14:24:06,24.9,13800,24.88,U
sz002517,恺英网络,2025-10-24 14:24:09,24.9,13900,24.9,E
sz002517,恺英网络,2025-10-24 14:24:12,24.89,16500,24.9,D
sz002517,恺英网络,2025-10-24 14:24:15,24.88,17400,24.89,D
sz002517,恺英网络,2025-10-24 14:24:21,24.88,18200,24.89,D
sz002517,恺英网络,2025-10-24 14:24:30,24.87,79400,24.87,D
sz002517,恺英网络,2025-10-24 14:24:33,24.87,16800,24.87,D
sz002517,恺英网络,2025-10-24 14:24:36,24.88,10800,24.87,U
sz002517,恺英网络,2025-10-24 14:24:39,24.87,35900,24.88,D
sz002517,恺英网络,2025-10-24 14:24:42,24.87,11500,24.87,D
sz002517,恺英网络,2025-10-24 14:24:45,24.87,11500,24.87,D
sz002517,恺英网络,2025-10-24 14:24:48,24.86,24000,24.87,D
sz002517,恺英网络,2025-10-24 14:25:00,24.86,10500,24.86,D
sz002517,恺英网络,2025-10-24 14:25:03,24.86,19600,24.86,D
sz002517,恺英网络,2025-10-24 14:25:06,24.86,14500,24.86,U
sz002517,恺英网络,2025-10-24 14:25:09,24.86,98100,24.86,U
sz002517,恺英网络,2025-10-24 14:25:12,24.86,19700,24.86,D
sz002517,恺英网络,2025-10-24 14:25:15,24.86,17300,24.86,D
sz002517,恺英网络,2025-10-24 14:25:24,24.86,9000,24.86,D
sz002517,恺英网络,2025-10-24 14:25:27,24.86,10800,24.86,D
sz002517,恺英网络,2025-10-24 14:25:36,24.86,24200,24.85,U
sz002517,恺英网络,2025-10-24 14:25:42,24.86,13500,24.86,U
sz002517,恺英网络,2025-10-24 14:25:45,24.86,14900,24.86,D
sz002517,恺英网络,2025-10-24 14:25:48,24.86,13700,24.86,D
sz002517,恺英网络,2025-10-24 14:25:51,24.86,9600,24.86,D
sz002517,恺英网络,2025-10-24 14:25:57,24.87,9400,24.87,D
sz002517,恺英网络,2025-10-24 14:26:00,24.86,24900,24.87,D
sz002517,恺英网络,2025-10-24 14:26:06,24.87,13400,24.87,D
sz002517,恺英网络,2025-10-24 14:26:09,24.87,10500,24.87,D
sz002517,恺英网络,2025-10-24 14:26:12,24.87,20300,24.87,D
sz002517,恺英网络,2025-10-24 14:26:21,24.89,8300,24.88,U
sz002517,恺英网络,2025-10-24 14:26:27,24.89,16700,24.89,U
sz002517,恺英网络,2025-10-24 14:26:30,24.89,12700,24.89,U
sz002517,恺英网络,2025-10-24 14:26:36,24.9,23500,24.88,U
sz002517,恺英网络,2025-10-24 14:26:42,24.9,11800,24.89,U
sz002517,恺英网络,2025-10-24 14:26:48,24.89,16500,24.89,U
sz002517,恺英网络,2025-10-24 14:26:51,24.89,10600,24.89,U
sz002517,恺英网络,2025-10-24 14:26:54,24.9,8400,24.89,U
sz002517,恺英网络,2025-10-24 14:26:57,24.9,47400,24.9,U
sz002517,恺英网络,2025-10-24 14:27:03,24.9,10500,24.89,U
sz002517,恺英网络,2025-10-24 14:27:09,24.9,8100,24.9,D
sz002517,恺英网络,2025-10-24 14:27:15,24.9,9300,24.9,U
sz002517,恺英网络,2025-10-24 14:27:33,24.89,8800,24.89,D
sz002517,恺英网络,2025-10-24 14:27:39,24.89,20000,24.89,U
sz002517,恺英网络,2025-10-24 14:27:45,24.88,17600,24.9,D
sz002517,恺英网络,2025-10-24 14:27:48,24.89,10300,24.88,E
sz002517,恺英网络,2025-10-24 14:28:03,24.9,43700,24.89,U
sz002517,恺英网络,2025-10-24 14:28:06,24.91,15800,24.9,U
sz002517,恺英网络,2025-10-24 14:28:33,24.91,9900,24.91,D
sz002517,恺英网络,2025-10-24 14:29:03,24.94,12300,24.92,U
sz002517,恺英网络,2025-10-24 14:29:27,24.91,37400,24.92,D
sz002517,恺英网络,2025-10-24 14:29:42,24.91,8300,24.91,D
sz002517,恺英网络,2025-10-24 14:29:51,24.91,11400,24.9,U
sz002517,恺英网络,2025-10-24 14:30:09,24.93,27500,24.91,U
sz002517,恺英网络,2025-10-24 14:30:12,24.93,11100,24.93,D
sz002517,恺英网络,2025-10-24 14:30:15,24.97,32600,24.93,U
sz002517,恺英网络,2025-10-24 14:30:21,24.99,28000,24.97,U
sz002517,恺英网络,2025-10-24 14:30:24,25.0,67500,24.99,U
sz002517,恺英网络,2025-10-24 14:30:27,24.99,9600,25.0,D
sz002517,恺英网络,2025-10-24 14:30:30,24.98,17200,24.99,D
sz002517,恺英网络,2025-10-24 14:30:33,25.03,10400,24.98,U
sz002517,恺英网络,2025-10-24 14:30:36,25.02,12300,25.03,U
sz002517,恺英网络,2025-10-24 14:30:48,24.99,8400,24.99,U
sz002517,恺英网络,2025-10-24 14:31:06,24.99,8300,24.99,U
sz002517,恺英网络,2025-10-24 14:31:12,24.96,9900,24.99,D
sz002517,恺英网络,2025-10-24 14:31:33,24.97,8700,24.97,D
sz002517,恺英网络,2025-10-24 14:31:36,24.96,8700,24.97,D
sz002517,恺英网络,2025-10-24 14:31:42,24.96,20100,24.97,D
sz002517,恺英网络,2025-10-24 14:31:45,24.96,13900,24.96,U
sz002517,恺英网络,2025-10-24 14:31:54,24.95,10600,24.96,D
sz002517,恺英网络,2025-10-24 14:31:57,24.95,9600,24.95,U
sz002517,恺英网络,2025-10-24 14:32:03,24.95,14000,24.95,U
sz002517,恺英网络,2025-10-24 14:32:06,24.96,14500,24.95,U
sz002517,恺英网络,2025-10-24 14:32:09,24.97,10200,24.96,U
sz002517,恺英网络,2025-10-24 14:32:12,24.96,11800,24.97,D
sz002517,恺英网络,2025-10-24 14:32:18,24.94,18800,24.95,D
sz002517,恺英网络,2025-10-24 14:32:21,24.94,9200,24.94,D
sz002517,恺英网络,2025-10-24 14:32:27,24.94,22800,24.95,D
sz002517,恺英网络,2025-10-24 14:32:36,24.95,12800,24.95,U
sz002517,恺英网络,2025-10-24 14:32:42,24.95,119800,24.96,D
sz002517,恺英网络,2025-10-24 14:32:48,24.98,9600,24.98,U
sz002517,恺英网络,2025-10-24 14:32:51,24.97,24600,24.98,D
sz002517,恺英网络,2025-10-24 14:33:36,24.99,38300,24.97,U
sz002517,恺英网络,2025-10-24 14:33:39,25.0,68100,24.99,U
sz002517,恺英网络,2025-10-24 14:33:42,25.0,15000,25.0,U
sz002517,恺英网络,2025-10-24 14:33:45,24.99,8700,25.0,E
sz002517,恺英网络,2025-10-24 14:34:18,25.0,8900,24.99,U
sz002517,恺英网络,2025-10-24 14:34:27,25.0,21200,25.0,U
sz002517,恺英网络,2025-10-24 14:34:30,24.99,8100,25.0,D
sz002517,恺英网络,2025-10-24 14:34:36,25.0,10800,25.0,U
sz002517,恺英网络,2025-10-24 14:34:45,24.99,9700,25.0,D
sz002517,恺英网络,2025-10-24 14:34:51,25.0,9800,25.0,U
sz002517,恺英网络,2025-10-24 14:35:09,24.99,10000,24.99,D
sz002517,恺英网络,2025-10-24 14:35:21,24.99,8200,25.0,D
sz002517,恺英网络,2025-10-24 14:35:54,24.99,12300,24.98,U
sz002517,恺英网络,2025-10-24 14:35:57,24.99,10100,24.99,U
sz002517,恺英网络,2025-10-24 14:36:12,24.98,17100,24.99,D
sz002517,恺英网络,2025-10-24 14:36:33,24.98,8600,24.98,U
sz002517,恺英网络,2025-10-24 14:36:39,25.0,175800,24.98,U
sz002517,恺英网络,2025-10-24 14:36:42,25.0,13600,25.0,U
sz002517,恺英网络,2025-10-24 14:36:45,25.0,15900,25.0,U
sz002517,恺英网络,2025-10-24 14:36:51,25.01,27800,25.01,U
sz002517,恺英网络,2025-10-24 14:37:54,24.97,15200,24.97,D
sz002517,恺英网络,2025-10-24 14:38:00,24.99,20900,24.97,U
sz002517,恺英网络,2025-10-24 14:38:06,24.99,10900,24.99,D
sz002517,恺英网络,2025-10-24 14:38:15,24.98,53700,24.98,D
sz002517,恺英网络,2025-10-24 14:38:51,24.98,8400,24.98,D
sz002517,恺英网络,2025-10-24 14:39:27,24.99,13700,24.99,U
sz002517,恺英网络,2025-10-24 14:39:51,24.98,22400,24.98,D
sz002517,恺英网络,2025-10-24 14:40:03,24.97,38800,24.98,D
sz002517,恺英网络,2025-10-24 14:40:09,24.97,47300,24.97,U
sz002517,恺英网络,2025-10-24 14:40:12,24.97,10700,24.97,U
sz002517,恺英网络,2025-10-24 14:40:15,24.97,17500,24.97,U
sz002517,恺英网络,2025-10-24 14:40:18,24.97,9300,24.97,U
sz002517,恺英网络,2025-10-24 14:40:27,24.97,9200,24.97,D
sz002517,恺英网络,2025-10-24 14:40:45,24.95,11600,24.95,D
sz002517,恺英网络,2025-10-24 14:40:54,24.94,14200,24.95,D
sz002517,恺英网络,2025-10-24 14:41:00,24.99,41400,24.94,U
sz002517,恺英网络,2025-10-24 14:41:06,25.0,133700,24.96,U
sz002517,恺英网络,2025-10-24 14:41:09,24.99,25700,25.0,D
sz002517,恺英网络,2025-10-24 14:41:15,25.0,17100,25.0,U
sz002517,恺英网络,2025-10-24 14:41:18,25.0,25300,25.0,D
sz002517,恺英网络,2025-10-24 14:41:27,25.0,14500,25.01,D
sz002517,恺英网络,2025-10-24 14:41:30,25.0,14600,25.0,D
sz002517,恺英网络,2025-10-24 14:41:39,25.0,70100,25.0,U
sz002517,恺英网络,2025-10-24 14:41:45,25.0,8700,25.0,U
sz002517,恺英网络,2025-10-24 14:41:48,25.01,17300,25.0,U
sz002517,恺英网络,2025-10-24 14:41:51,25.01,39200,25.01,U
sz002517,恺英网络,2025-10-24 14:41:54,25.01,23100,25.01,U
sz002517,恺英网络,2025-10-24 14:42:15,25.0,19700,25.01,D
sz002517,恺英网络,2025-10-24 14:42:27,25.0,9000,25.0,D
sz002517,恺英网络,2025-10-24 14:42:42,25.0,35000,25.0,D
sz002517,恺英网络,2025-10-24 14:43:09,24.99,20100,24.99,D
sz002517,恺英网络,2025-10-24 14:43:21,24.99,9400,24.98,U
sz002517,恺英网络,2025-10-24 14:43:24,25.0,50600,24.99,U
sz002517,恺英网络,2025-10-24 14:43:27,25.0,27100,25.0,U
sz002517,恺英网络,2025-10-24 14:43:33,25.0,10500,24.98,U
sz002517,恺英网络,2025-10-24 14:43:36,25.0,16900,25.0,U
sz002517,恺英网络,2025-10-24 14:43:51,24.99,35300,25.0,D
sz002517,恺英网络,2025-10-24 14:44:06,25.01,51300,24.99,U
sz002517,恺英网络,2025-10-24 14:44:12,25.0,11100,25.0,D
sz002517,恺英网络,2025-10-24 14:44:18,25.01,21200,25.0,U
sz002517,恺英网络,2025-10-24 14:44:24,25.01,12100,25.0,U
sz002517,恺英网络,2025-10-24 14:44:36,25.0,64700,25.01,D
sz002517,恺英网络,2025-10-24 14:44:48,25.0,31600,25.0,U
sz002517,恺英网络,2025-10-24 14:45:00,25.01,28000,25.0,U
sz002517,恺英网络,2025-10-24 14:45:03,25.0,16000,25.01,D
sz002517,恺英网络,2025-10-24 14:45:12,25.01,17400,25.01,U
sz002517,恺英网络,2025-10-24 14:45:27,25.0,17600,25.0,D
sz002517,恺英网络,2025-10-24 14:45:33,25.0,17600,25.0,D
sz002517,恺英网络,2025-10-24 14:45:39,24.99,12900,25.0,D
sz002517,恺英网络,2025-10-24 14:46:00,24.98,9200,24.99,D
sz002517,恺英网络,2025-10-24 14:46:03,24.98,10000,24.98,D
sz002517,恺英网络,2025-10-24 14:46:09,24.99,50600,24.98,U
sz002517,恺英网络,2025-10-24 14:46:12,24.98,18200,24.99,D
sz002517,恺英网络,2025-10-24 14:46:39,24.98,8800,24.98,D
sz002517,恺英网络,2025-10-24 14:46:51,24.98,8800,24.98,D
sz002517,恺英网络,2025-10-24 14:46:57,24.98,16900,24.98,D
sz002517,恺英网络,2025-10-24 14:47:09,24.99,15000,24.99,U
sz002517,恺英网络,2025-10-24 14:47:12,24.98,12400,24.99,D
sz002517,恺英网络,2025-10-24 14:47:15,24.99,24700,24.98,U
sz002517,恺英网络,2025-10-24 14:47:48,24.99,16300,24.98,U
sz002517,恺英网络,2025-10-24 14:47:54,24.99,15500,24.99,U
sz002517,恺英网络,2025-10-24 14:47:57,24.98,31100,24.99,D
sz002517,恺英网络,2025-10-24 14:48:03,25.0,65700,24.98,U
sz002517,恺英网络,2025-10-24 14:48:12,25.01,8400,25.01,U
sz002517,恺英网络,2025-10-24 14:48:18,25.01,10200,25.0,U
sz002517,恺英网络,2025-10-24 14:48:24,25.01,17500,25.01,U
sz002517,恺英网络,2025-10-24 14:48:39,25.01,8500,25.01,U
sz002517,恺英网络,2025-10-24 14:48:45,25.01,13700,25.01,D
sz002517,恺英网络,2025-10-24 14:48:51,25.01,10200,25.01,U
sz002517,恺英网络,2025-10-24 14:49:06,25.01,27100,25.0,U
sz002517,恺英网络,2025-10-24 14:49:09,25.01,18400,25.01,D
sz002517,恺英网络,2025-10-24 14:49:21,25.01,10500,25.0,U
sz002517,恺英网络,2025-10-24 14:49:42,25.0,8600,25.0,D
sz002517,恺英网络,2025-10-24 14:49:54,25.0,9900,25.0,D
sz002517,恺英网络,2025-10-24 14:50:00,24.99,29000,25.0,D
sz002517,恺英网络,2025-10-24 14:50:03,24.99,9400,24.99,E
sz002517,恺英网络,2025-10-24 14:50:30,24.98,10500,24.99,D
sz002517,恺英网络,2025-10-24 14:50:33,24.98,38500,24.98,D
sz002517,恺英网络,2025-10-24 14:50:36,24.98,11500,24.98,D
sz002517,恺英网络,2025-10-24 14:51:03,24.98,9700,24.99,D
sz002517,恺英网络,2025-10-24 14:51:12,24.98,27600,24.98,D
sz002517,恺英网络,2025-10-24 14:51:15,24.98,17900,24.98,D
sz002517,恺英网络,2025-10-24 14:51:21,24.97,8700,24.98,E
sz002517,恺英网络,2025-10-24 14:51:24,24.97,13900,24.97,E
sz002517,恺英网络,2025-10-24 14:51:27,24.98,29200,24.97,U
sz002517,恺英网络,2025-10-24 14:51:36,24.96,14100,24.97,D
sz002517,恺英网络,2025-10-24 14:52:00,24.95,9300,24.96,D
sz002517,恺英网络,2025-10-24 14:52:03,24.95,14800,24.95,D
sz002517,恺英网络,2025-10-24 14:52:06,24.95,14400,24.95,D
sz002517,恺英网络,2025-10-24 14:52:21,24.95,11500,24.95,U
sz002517,恺英网络,2025-10-24 14:52:30,24.96,20500,24.95,U
sz002517,恺英网络,2025-10-24 14:52:33,24.96,10800,24.96,D
sz002517,恺英网络,2025-10-24 14:52:42,24.96,22000,24.96,D
sz002517,恺英网络,2025-10-24 14:52:45,24.97,31600,24.96,U
sz002517,恺英网络,2025-10-24 14:52:51,24.98,8900,24.97,U
sz002517,恺英网络,2025-10-24 14:52:57,24.97,12700,24.98,E
sz002517,恺英网络,2025-10-24 14:53:00,24.97,8200,24.97,D
sz002517,恺英网络,2025-10-24 14:53:06,24.98,9700,24.98,U
sz002517,恺英网络,2025-10-24 14:53:09,24.98,8800,24.98,D
sz002517,恺英网络,2025-10-24 14:53:12,24.98,14800,24.98,U
sz002517,恺英网络,2025-10-24 14:53:15,24.99,13800,24.98,U
sz002517,恺英网络,2025-10-24 14:53:24,24.98,10000,24.99,D
sz002517,恺英网络,2025-10-24 14:53:27,24.98,34600,24.98,D
sz002517,恺英网络,2025-10-24 14:53:30,24.99,16100,24.98,E
sz002517,恺英网络,2025-10-24 14:53:33,25.0,10300,24.99,U
sz002517,恺英网络,2025-10-24 14:53:42,25.0,9400,24.99,U
sz002517,恺英网络,2025-10-24 14:53:51,24.99,25200,24.99,D
sz002517,恺英网络,2025-10-24 14:53:54,24.99,36400,24.99,U
sz002517,恺英网络,2025-10-24 14:53:57,24.99,8500,24.99,U
sz002517,恺英网络,2025-10-24 14:54:06,24.98,9700,24.99,D
sz002517,恺英网络,2025-10-24 14:54:09,24.99,9800,24.98,U
sz002517,恺英网络,2025-10-24 14:54:12,24.98,33300,24.99,D
sz002517,恺英网络,2025-10-24 14:54:21,24.97,12600,24.97,D
sz002517,恺英网络,2025-10-24 14:54:48,24.98,8100,24.97,U
sz002517,恺英网络,2025-10-24 14:54:57,24.97,11200,24.98,D
sz002517,恺英网络,2025-10-24 14:55:00,24.99,135200,24.97,U
sz002517,恺英网络,2025-10-24 14:55:21,25.01,100700,24.98,U
sz002517,恺英网络,2025-10-24 14:55:27,25.0,9200,25.0,D
sz002517,恺英网络,2025-10-24 14:55:33,24.99,20600,25.0,D
sz002517,恺英网络,2025-10-24 14:55:48,25.01,17400,25.0,U
sz002517,恺英网络,2025-10-24 14:55:51,25.0,8300,25.01,D
sz002517,恺英网络,2025-10-24 14:55:54,25.01,10800,25.0,U
sz002517,恺英网络,2025-10-24 14:55:57,25.0,15800,25.01,D
sz002517,恺英网络,2025-10-24 14:56:00,25.0,12700,25.0,D
sz002517,恺英网络,2025-10-24 14:56:09,25.0,17900,25.01,D
sz002517,恺英网络,2025-10-24 14:56:12,25.0,8300,25.0,D
sz002517,恺英网络,2025-10-24 14:56:15,25.0,20300,25.0,D
sz002517,恺英网络,2025-10-24 14:56:18,25.01,14200,25.0,U
sz002517,恺英网络,2025-10-24 14:56:21,25.01,25800,25.01,U
sz002517,恺英网络,2025-10-24 14:56:27,25.01,9600,25.01,D
sz002517,恺英网络,2025-10-24 14:56:39,25.01,23100,25.01,U
sz002517,恺英网络,2025-10-24 14:56:42,25.01,20200,25.01,D
sz002517,恺英网络,2025-10-24 14:56:54,25.01,8600,25.01,D
sz002517,恺英网络,2025-10-24 15:00:00,25.01,313900,25.01,U
