symbol,name,ticktime,price,volume,prev_price,kind
sz002517,恺英网络,2025-09-26 09:25:00,28.94,146400,0.0,D
sz002517,恺英网络,2025-09-26 09:30:00,28.89,29600,28.94,D
sz002517,恺英网络,2025-09-26 09:30:03,28.81,50200,28.89,D
sz002517,恺英网络,2025-09-26 09:30:06,28.82,51300,28.81,E
sz002517,恺英网络,2025-09-26 09:30:09,28.8,27900,28.82,E
sz002517,恺英网络,2025-09-26 09:30:12,28.8,19400,28.8,U
sz002517,恺英网络,2025-09-26 09:30:15,28.8,25500,28.8,D
sz002517,恺英网络,2025-09-26 09:30:18,28.76,24300,28.8,E
sz002517,恺英网络,2025-09-26 09:30:21,28.79,42850,28.76,U
sz002517,恺英网络,2025-09-26 09:30:24,28.78,33300,28.79,D
sz002517,恺英网络,2025-09-26 09:30:27,28.78,19800,28.78,U
sz002517,恺英网络,2025-09-26 09:30:30,28.79,43700,28.78,U
sz002517,恺英网络,2025-09-26 09:30:33,28.82,45200,28.79,U
sz002517,恺英网络,2025-09-26 09:30:36,28.79,23800,28.82,D
sz002517,恺英网络,2025-09-26 09:30:39,28.78,128700,28.79,D
sz002517,恺英网络,2025-09-26 09:30:42,28.8,15100,28.78,U
sz002517,恺英网络,2025-09-26 09:30:45,28.76,45300,28.8,D
sz002517,恺英网络,2025-09-26 09:30:48,28.79,8200,28.76,U
sz002517,恺英网络,2025-09-26 09:30:51,28.73,11800,28.79,D
sz002517,恺英网络,2025-09-26 09:30:54,28.76,18500,28.73,U
sz002517,恺英网络,2025-09-26 09:30:57,28.72,23100,28.76,D
sz002517,恺英网络,2025-09-26 09:31:00,28.7,30900,28.72,D
sz002517,恺英网络,2025-09-26 09:31:03,28.67,64300,28.7,D
sz002517,恺英网络,2025-09-26 09:31:06,28.7,85000,28.67,U
sz002517,恺英网络,2025-09-26 09:31:09,28.7,35800,28.7,U
sz002517,恺英网络,2025-09-26 09:31:12,28.69,99100,28.7,U
sz002517,恺英网络,2025-09-26 09:31:15,28.68,70600,28.69,D
sz002517,恺英网络,2025-09-26 09:31:18,28.67,11600,28.68,E
sz002517,恺英网络,2025-09-26 09:31:21,28.66,16600,28.67,D
sz002517,恺英网络,2025-09-26 09:31:24,28.62,27700,28.66,D
sz002517,恺英网络,2025-09-26 09:31:27,28.6,33500,28.62,D
sz002517,恺英网络,2025-09-26 09:31:30,28.61,61600,28.6,E
sz002517,恺英网络,2025-09-26 09:31:33,28.66,28700,28.61,U
sz002517,恺英网络,2025-09-26 09:31:36,28.65,15700,28.66,D
sz002517,恺英网络,2025-09-26 09:31:39,28.68,67400,28.65,U
sz002517,恺英网络,2025-09-26 09:31:42,28.64,51300,28.68,D
sz002517,恺英网络,2025-09-26 09:31:45,28.65,27100,28.64,U
sz002517,恺英网络,2025-09-26 09:31:48,28.65,17800,28.65,D
sz002517,恺英网络,2025-09-26 09:31:51,28.65,26900,28.65,D
sz002517,恺英网络,2025-09-26 09:31:54,28.64,10800,28.65,D
sz002517,恺英网络,2025-09-26 09:31:57,28.64,36200,28.64,D
sz002517,恺英网络,2025-09-26 09:32:00,28.64,21400,28.64,D
sz002517,恺英网络,2025-09-26 09:32:03,28.68,51500,28.64,U
sz002517,恺英网络,2025-09-26 09:32:06,28.68,141000,28.68,D
sz002517,恺英网络,2025-09-26 09:32:09,28.7,52600,28.68,U
sz002517,恺英网络,2025-09-26 09:32:12,28.67,15400,28.7,E
sz002517,恺英网络,2025-09-26 09:32:18,28.67,45000,28.68,D
sz002517,恺英网络,2025-09-26 09:32:21,28.68,10500,28.67,U
sz002517,恺英网络,2025-09-26 09:32:24,28.67,35500,28.68,D
sz002517,恺英网络,2025-09-26 09:32:27,28.67,13000,28.67,U
sz002517,恺英网络,2025-09-26 09:32:30,28.67,28800,28.67,U
sz002517,恺英网络,2025-09-26 09:32:33,28.67,11100,28.67,D
sz002517,恺英网络,2025-09-26 09:32:36,28.63,53300,28.67,D
sz002517,恺英网络,2025-09-26 09:32:39,28.66,22200,28.63,U
sz002517,恺英网络,2025-09-26 09:32:42,28.61,32100,28.66,D
sz002517,恺英网络,2025-09-26 09:32:45,28.63,8400,28.61,E
sz002517,恺英网络,2025-09-26 09:32:48,28.63,31100,28.63,D
sz002517,恺英网络,2025-09-26 09:32:51,28.67,24300,28.63,U
sz002517,恺英网络,2025-09-26 09:32:54,28.72,93000,28.67,U
sz002517,恺英网络,2025-09-26 09:32:57,28.67,8500,28.72,D
sz002517,恺英网络,2025-09-26 09:33:03,28.71,18300,28.72,D
sz002517,恺英网络,2025-09-26 09:33:06,28.74,9500,28.71,U
sz002517,恺英网络,2025-09-26 09:33:09,28.71,28400,28.74,D
sz002517,恺英网络,2025-09-26 09:33:12,28.66,19700,28.71,D
sz002517,恺英网络,2025-09-26 09:33:15,28.68,12300,28.66,U
sz002517,恺英网络,2025-09-26 09:33:18,28.67,7800,28.68,E
sz002517,恺英网络,2025-09-26 09:33:21,28.67,7500,28.67,U
sz002517,恺英网络,2025-09-26 09:33:24,28.66,19100,28.67,D
sz002517,恺英网络,2025-09-26 09:33:42,28.63,15900,28.63,D
sz002517,恺英网络,2025-09-26 09:33:45,28.63,9100,28.63,D
sz002517,恺英网络,2025-09-26 09:33:48,28.66,63300,28.63,U
sz002517,恺英网络,2025-09-26 09:33:51,28.7,20100,28.66,U
sz002517,恺英网络,2025-09-26 09:33:54,28.66,38800,28.7,D
sz002517,恺英网络,2025-09-26 09:33:57,28.69,19900,28.66,E
sz002517,恺英网络,2025-09-26 09:34:03,28.67,15500,28.66,U
sz002517,恺英网络,2025-09-26 09:34:06,28.66,8500,28.67,E
sz002517,恺英网络,2025-09-26 09:34:12,28.66,23000,28.66,U
sz002517,恺英网络,2025-09-26 09:34:15,28.64,7800,28.66,D
sz002517,恺英网络,2025-09-26 09:34:21,28.63,11600,28.64,D
sz002517,恺英网络,2025-09-26 09:34:24,28.62,16900,28.63,D
sz002517,恺英网络,2025-09-26 09:34:27,28.58,57500,28.62,D
sz002517,恺英网络,2025-09-26 09:34:30,28.59,24800,28.58,U
sz002517,恺英网络,2025-09-26 09:34:33,28.58,12800,28.59,E
sz002517,恺英网络,2025-09-26 09:34:36,28.57,11500,28.58,U
sz002517,恺英网络,2025-09-26 09:34:39,28.54,21100,28.57,D
sz002517,恺英网络,2025-09-26 09:34:48,28.51,13800,28.52,D
sz002517,恺英网络,2025-09-26 09:34:51,28.5,14300,28.51,D
sz002517,恺英网络,2025-09-26 09:34:54,28.51,24400,28.5,U
sz002517,恺英网络,2025-09-26 09:34:57,28.48,25900,28.51,D
sz002517,恺英网络,2025-09-26 09:35:00,28.45,14100,28.48,D
sz002517,恺英网络,2025-09-26 09:35:03,28.45,37600,28.45,U
sz002517,恺英网络,2025-09-26 09:35:06,28.48,47600,28.45,E
sz002517,恺英网络,2025-09-26 09:35:09,28.44,22800,28.48,D
sz002517,恺英网络,2025-09-26 09:35:12,28.43,47200,28.44,D
sz002517,恺英网络,2025-09-26 09:35:15,28.43,53200,28.43,D
sz002517,恺英网络,2025-09-26 09:35:18,28.46,169100,28.43,E
sz002517,恺英网络,2025-09-26 09:35:21,28.45,103500,28.46,D
sz002517,恺英网络,2025-09-26 09:35:24,28.51,32000,28.45,U
sz002517,恺英网络,2025-09-26 09:35:27,28.5,15000,28.51,E
sz002517,恺英网络,2025-09-26 09:35:30,28.46,15800,28.5,D
sz002517,恺英网络,2025-09-26 09:35:33,28.47,8800,28.46,D
sz002517,恺英网络,2025-09-26 09:35:36,28.47,16700,28.47,U
sz002517,恺英网络,2025-09-26 09:35:39,28.44,36500,28.47,D
sz002517,恺英网络,2025-09-26 09:35:42,28.4,43400,28.44,D
sz002517,恺英网络,2025-09-26 09:35:45,28.39,28300,28.4,E
sz002517,恺英网络,2025-09-26 09:35:48,28.37,13300,28.39,U
sz002517,恺英网络,2025-09-26 09:35:51,28.35,15500,28.37,D
sz002517,恺英网络,2025-09-26 09:35:54,28.34,25700,28.35,E
sz002517,恺英网络,2025-09-26 09:35:57,28.34,83800,28.34,U
sz002517,恺英网络,2025-09-26 09:36:00,28.3,52700,28.34,D
sz002517,恺英网络,2025-09-26 09:36:03,28.31,103200,28.3,E
sz002517,恺英网络,2025-09-26 09:36:06,28.3,46400,28.31,D
sz002517,恺英网络,2025-09-26 09:36:09,28.3,25600,28.3,U
sz002517,恺英网络,2025-09-26 09:36:12,28.27,13500,28.3,D
sz002517,恺英网络,2025-09-26 09:36:15,28.26,45100,28.27,U
sz002517,恺英网络,2025-09-26 09:36:18,28.29,58900,28.26,U
sz002517,恺英网络,2025-09-26 09:36:21,28.26,92400,28.29,D
sz002517,恺英网络,2025-09-26 09:36:24,28.29,143900,28.26,U
sz002517,恺英网络,2025-09-26 09:36:27,28.24,50100,28.29,D
sz002517,恺英网络,2025-09-26 09:36:30,28.26,15500,28.24,E
sz002517,恺英网络,2025-09-26 09:36:33,28.27,13200,28.26,U
sz002517,恺英网络,2025-09-26 09:36:36,28.25,33000,28.27,D
sz002517,恺英网络,2025-09-26 09:36:39,28.25,21600,28.25,D
sz002517,恺英网络,2025-09-26 09:36:42,28.24,40300,28.25,D
sz002517,恺英网络,2025-09-26 09:36:45,28.27,19900,28.24,U
sz002517,恺英网络,2025-09-26 09:36:48,28.26,22900,28.27,D
sz002517,恺英网络,2025-09-26 09:36:51,28.27,34662,28.26,U
sz002517,恺英网络,2025-09-26 09:36:54,28.26,12400,28.27,D
sz002517,恺英网络,2025-09-26 09:36:57,28.26,138400,28.26,D
sz002517,恺英网络,2025-09-26 09:37:00,28.26,8000,28.26,D
sz002517,恺英网络,2025-09-26 09:37:03,28.3,43600,28.26,U
sz002517,恺英网络,2025-09-26 09:37:06,28.28,20000,28.3,D
sz002517,恺英网络,2025-09-26 09:37:12,28.27,9900,28.27,D
sz002517,恺英网络,2025-09-26 09:37:15,28.27,13100,28.27,D
sz002517,恺英网络,2025-09-26 09:37:18,28.3,45100,28.27,U
sz002517,恺英网络,2025-09-26 09:37:21,28.34,19400,28.3,U
sz002517,恺英网络,2025-09-26 09:37:24,28.34,30600,28.34,U
sz002517,恺英网络,2025-09-26 09:37:27,28.34,14800,28.34,U
sz002517,恺英网络,2025-09-26 09:37:30,28.34,22800,28.34,U
sz002517,恺英网络,2025-09-26 09:37:33,28.34,11100,28.34,U
sz002517,恺英网络,2025-09-26 09:37:36,28.34,11900,28.34,U
sz002517,恺英网络,2025-09-26 09:37:39,28.33,27600,28.34,D
sz002517,恺英网络,2025-09-26 09:37:42,28.3,15200,28.33,D
sz002517,恺英网络,2025-09-26 09:37:51,28.35,13000,28.35,U
sz002517,恺英网络,2025-09-26 09:37:54,28.35,11500,28.35,U
sz002517,恺英网络,2025-09-26 09:37:57,28.34,22400,28.35,E
sz002517,恺英网络,2025-09-26 09:38:03,28.31,59900,28.33,D
sz002517,恺英网络,2025-09-26 09:38:06,28.26,76300,28.31,D
sz002517,恺英网络,2025-09-26 09:38:09,28.26,8800,28.26,E
sz002517,恺英网络,2025-09-26 09:38:12,28.21,151738,28.26,D
sz002517,恺英网络,2025-09-26 09:38:15,28.2,17600,28.21,E
sz002517,恺英网络,2025-09-26 09:38:18,28.19,38700,28.2,D
sz002517,恺英网络,2025-09-26 09:38:21,28.17,7500,28.19,D
sz002517,恺英网络,2025-09-26 09:38:24,28.14,35800,28.17,D
sz002517,恺英网络,2025-09-26 09:38:27,28.13,13600,28.14,D
sz002517,恺英网络,2025-09-26 09:38:30,28.12,34300,28.13,D
sz002517,恺英网络,2025-09-26 09:38:33,28.12,62500,28.12,D
sz002517,恺英网络,2025-09-26 09:38:36,28.11,18500,28.12,D
sz002517,恺英网络,2025-09-26 09:38:39,28.13,81300,28.11,U
sz002517,恺英网络,2025-09-26 09:38:42,28.14,21200,28.13,E
sz002517,恺英网络,2025-09-26 09:38:45,28.14,21800,28.14,D
sz002517,恺英网络,2025-09-26 09:38:48,28.14,21700,28.14,D
sz002517,恺英网络,2025-09-26 09:38:51,28.15,19900,28.14,E
sz002517,恺英网络,2025-09-26 09:38:54,28.14,14000,28.15,D
sz002517,恺英网络,2025-09-26 09:38:57,28.16,49300,28.14,U
sz002517,恺英网络,2025-09-26 09:39:00,28.25,499962,28.16,U
sz002517,恺英网络,2025-09-26 09:39:03,28.24,32200,28.25,D
sz002517,恺英网络,2025-09-26 09:39:06,28.25,27500,28.24,E
sz002517,恺英网络,2025-09-26 09:39:09,28.3,16800,28.25,U
sz002517,恺英网络,2025-09-26 09:39:12,28.35,32800,28.3,U
sz002517,恺英网络,2025-09-26 09:39:15,28.34,22500,28.35,D
sz002517,恺英网络,2025-09-26 09:39:18,28.39,41700,28.34,U
sz002517,恺英网络,2025-09-26 09:39:21,28.36,19300,28.39,E
sz002517,恺英网络,2025-09-26 09:39:24,28.39,16600,28.36,U
sz002517,恺英网络,2025-09-26 09:39:27,28.39,32000,28.39,U
sz002517,恺英网络,2025-09-26 09:39:30,28.36,16900,28.39,U
sz002517,恺英网络,2025-09-26 09:39:33,28.36,51400,28.36,D
sz002517,恺英网络,2025-09-26 09:39:36,28.31,82400,28.36,D
sz002517,恺英网络,2025-09-26 09:39:42,28.33,32900,28.32,E
sz002517,恺英网络,2025-09-26 09:39:48,28.32,27600,28.32,U
sz002517,恺英网络,2025-09-26 09:39:51,28.31,9600,28.32,D
sz002517,恺英网络,2025-09-26 09:39:54,28.3,15400,28.31,E
sz002517,恺英网络,2025-09-26 09:39:57,28.31,69300,28.3,U
sz002517,恺英网络,2025-09-26 09:40:03,28.35,42300,28.32,U
sz002517,恺英网络,2025-09-26 09:40:06,28.39,9600,28.35,U
sz002517,恺英网络,2025-09-26 09:40:09,28.42,18200,28.39,U
sz002517,恺英网络,2025-09-26 09:40:12,28.41,36900,28.42,D
sz002517,恺英网络,2025-09-26 09:40:15,28.42,7500,28.41,U
sz002517,恺英网络,2025-09-26 09:40:18,28.42,24300,28.42,U
sz002517,恺英网络,2025-09-26 09:40:24,28.42,36100,28.43,D
sz002517,恺英网络,2025-09-26 09:40:27,28.42,42400,28.42,U
sz002517,恺英网络,2025-09-26 09:40:30,28.41,8300,28.42,E
sz002517,恺英网络,2025-09-26 09:40:33,28.42,16700,28.41,U
sz002517,恺英网络,2025-09-26 09:40:39,28.41,16000,28.41,U
sz002517,恺英网络,2025-09-26 09:40:42,28.42,42500,28.41,U
sz002517,恺英网络,2025-09-26 09:40:48,28.43,7900,28.43,U
sz002517,恺英网络,2025-09-26 09:40:51,28.43,11400,28.43,U
sz002517,恺英网络,2025-09-26 09:40:57,28.45,27700,28.44,U
sz002517,恺英网络,2025-09-26 09:41:00,28.44,20200,28.45,U
sz002517,恺英网络,2025-09-26 09:41:03,28.41,31300,28.44,D
sz002517,恺英网络,2025-09-26 09:41:06,28.42,7900,28.41,U
sz002517,恺英网络,2025-09-26 09:41:09,28.44,8200,28.42,E
sz002517,恺英网络,2025-09-26 09:41:12,28.44,8500,28.44,U
sz002517,恺英网络,2025-09-26 09:41:15,28.42,45100,28.44,D
sz002517,恺英网络,2025-09-26 09:41:18,28.41,13400,28.42,U
sz002517,恺英网络,2025-09-26 09:41:24,28.47,129400,28.39,U
sz002517,恺英网络,2025-09-26 09:41:27,28.42,28900,28.47,D
sz002517,恺英网络,2025-09-26 09:41:30,28.42,10300,28.42,D
sz002517,恺英网络,2025-09-26 09:41:33,28.43,15000,28.42,D
sz002517,恺英网络,2025-09-26 09:41:36,28.44,11700,28.43,U
sz002517,恺英网络,2025-09-26 09:41:39,28.43,7500,28.44,D
sz002517,恺英网络,2025-09-26 09:41:42,28.42,7800,28.43,D
sz002517,恺英网络,2025-09-26 09:41:45,28.42,16900,28.42,D
sz002517,恺英网络,2025-09-26 09:41:48,28.42,16600,28.42,D
sz002517,恺英网络,2025-09-26 09:41:51,28.42,20900,28.42,D
sz002517,恺英网络,2025-09-26 09:41:54,28.42,74900,28.42,D
sz002517,恺英网络,2025-09-26 09:41:57,28.36,10600,28.42,D
sz002517,恺英网络,2025-09-26 09:42:00,28.38,11700,28.36,E
sz002517,恺英网络,2025-09-26 09:42:06,28.35,67500,28.35,D
sz002517,恺英网络,2025-09-26 09:42:09,28.35,16600,28.35,U
sz002517,恺英网络,2025-09-26 09:42:12,28.31,11800,28.35,D
sz002517,恺英网络,2025-09-26 09:42:21,28.31,7800,28.31,U
sz002517,恺英网络,2025-09-26 09:42:27,28.3,22500,28.3,D
sz002517,恺英网络,2025-09-26 09:42:30,28.31,87100,28.3,U
sz002517,恺英网络,2025-09-26 09:42:33,28.31,9000,28.31,D
sz002517,恺英网络,2025-09-26 09:42:48,28.32,39800,28.33,D
sz002517,恺英网络,2025-09-26 09:42:51,28.32,25800,28.32,U
sz002517,恺英网络,2025-09-26 09:42:54,28.32,19000,28.32,U
sz002517,恺英网络,2025-09-26 09:43:00,28.3,23700,28.31,D
sz002517,恺英网络,2025-09-26 09:43:03,28.29,14000,28.3,D
sz002517,恺英网络,2025-09-26 09:43:06,28.29,12400,28.29,D
sz002517,恺英网络,2025-09-26 09:43:09,28.32,62700,28.29,U
sz002517,恺英网络,2025-09-26 09:43:12,28.32,7900,28.32,D
sz002517,恺英网络,2025-09-26 09:43:15,28.32,9200,28.32,D
sz002517,恺英网络,2025-09-26 09:43:18,28.33,26000,28.32,U
sz002517,恺英网络,2025-09-26 09:43:21,28.35,8800,28.33,U
sz002517,恺英网络,2025-09-26 09:43:30,28.36,8700,28.34,E
sz002517,恺英网络,2025-09-26 09:43:33,28.35,7400,28.36,E
sz002517,恺英网络,2025-09-26 09:43:39,28.36,9500,28.35,U
sz002517,恺英网络,2025-09-26 09:43:54,28.37,12700,28.37,D
sz002517,恺英网络,2025-09-26 09:43:57,28.3,92400,28.37,D
sz002517,恺英网络,2025-09-26 09:44:00,28.35,58000,28.3,U
sz002517,恺英网络,2025-09-26 09:44:09,28.32,9200,28.3,E
sz002517,恺英网络,2025-09-26 09:44:12,28.3,7600,28.32,D
sz002517,恺英网络,2025-09-26 09:44:15,28.32,8000,28.3,U
sz002517,恺英网络,2025-09-26 09:44:24,28.34,14500,28.32,U
sz002517,恺英网络,2025-09-26 09:44:27,28.35,52400,28.34,U
sz002517,恺英网络,2025-09-26 09:44:30,28.34,9900,28.35,D
sz002517,恺英网络,2025-09-26 09:44:33,28.35,8300,28.34,U
sz002517,恺英网络,2025-09-26 09:44:36,28.38,7800,28.35,U
sz002517,恺英网络,2025-09-26 09:44:42,28.39,9900,28.39,D
sz002517,恺英网络,2025-09-26 09:44:45,28.39,11600,28.39,D
sz002517,恺英网络,2025-09-26 09:44:54,28.39,8700,28.37,U
sz002517,恺英网络,2025-09-26 09:44:57,28.37,10000,28.39,D
sz002517,恺英网络,2025-09-26 09:45:00,28.39,35300,28.37,U
sz002517,恺英网络,2025-09-26 09:45:03,28.38,14000,28.39,D
sz002517,恺英网络,2025-09-26 09:45:06,28.38,10300,28.38,U
sz002517,恺英网络,2025-09-26 09:45:12,28.39,25200,28.39,U
sz002517,恺英网络,2025-09-26 09:45:15,28.36,28700,28.39,D
sz002517,恺英网络,2025-09-26 09:45:18,28.37,18500,28.36,U
sz002517,恺英网络,2025-09-26 09:45:21,28.39,10900,28.37,E
sz002517,恺英网络,2025-09-26 09:45:30,28.43,37100,28.41,U
sz002517,恺英网络,2025-09-26 09:45:33,28.39,27400,28.43,D
sz002517,恺英网络,2025-09-26 09:45:36,28.44,14500,28.39,U
sz002517,恺英网络,2025-09-26 09:45:39,28.41,12700,28.44,E
sz002517,恺英网络,2025-09-26 09:45:42,28.42,23200,28.41,D
sz002517,恺英网络,2025-09-26 09:45:45,28.43,13800,28.42,E
sz002517,恺英网络,2025-09-26 09:45:48,28.48,14700,28.43,U
sz002517,恺英网络,2025-09-26 09:45:51,28.45,8100,28.48,E
sz002517,恺英网络,2025-09-26 09:45:54,28.47,8900,28.45,U
sz002517,恺英网络,2025-09-26 09:45:57,28.47,20700,28.47,U
sz002517,恺英网络,2025-09-26 09:46:00,28.47,11400,28.47,D
sz002517,恺英网络,2025-09-26 09:46:06,28.54,23500,28.49,U
sz002517,恺英网络,2025-09-26 09:46:09,28.55,14800,28.54,U
sz002517,恺英网络,2025-09-26 09:46:12,28.53,8200,28.55,E
sz002517,恺英网络,2025-09-26 09:46:15,28.55,13300,28.53,U
sz002517,恺英网络,2025-09-26 09:46:18,28.58,9100,28.55,E
sz002517,恺英网络,2025-09-26 09:46:21,28.56,8700,28.58,D
sz002517,恺英网络,2025-09-26 09:46:24,28.59,22400,28.56,U
sz002517,恺英网络,2025-09-26 09:46:27,28.59,16100,28.59,U
sz002517,恺英网络,2025-09-26 09:46:30,28.59,8200,28.59,U
sz002517,恺英网络,2025-09-26 09:46:36,28.56,37400,28.58,D
sz002517,恺英网络,2025-09-26 09:46:39,28.58,25100,28.56,D
sz002517,恺英网络,2025-09-26 09:46:42,28.6,30000,28.58,U
sz002517,恺英网络,2025-09-26 09:46:45,28.61,15200,28.6,E
sz002517,恺英网络,2025-09-26 09:46:48,28.61,13100,28.61,U
sz002517,恺英网络,2025-09-26 09:46:54,28.6,9400,28.61,E
sz002517,恺英网络,2025-09-26 09:47:00,28.62,28700,28.61,U
sz002517,恺英网络,2025-09-26 09:47:03,28.6,26200,28.62,D
sz002517,恺英网络,2025-09-26 09:47:06,28.58,26000,28.6,E
sz002517,恺英网络,2025-09-26 09:47:09,28.51,9300,28.58,D
sz002517,恺英网络,2025-09-26 09:47:12,28.57,27700,28.51,U
sz002517,恺英网络,2025-09-26 09:47:15,28.55,12500,28.57,D
sz002517,恺英网络,2025-09-26 09:47:24,28.54,8700,28.54,U
sz002517,恺英网络,2025-09-26 09:47:27,28.56,57900,28.54,U
sz002517,恺英网络,2025-09-26 09:47:30,28.63,17000,28.56,U
sz002517,恺英网络,2025-09-26 09:47:33,28.6,16700,28.63,D
sz002517,恺英网络,2025-09-26 09:47:45,28.6,11400,28.6,D
sz002517,恺英网络,2025-09-26 09:47:51,28.62,8300,28.6,U
sz002517,恺英网络,2025-09-26 09:47:54,28.6,12400,28.62,D
sz002517,恺英网络,2025-09-26 09:48:00,28.61,36200,28.59,U
sz002517,恺英网络,2025-09-26 09:48:03,28.61,21900,28.61,D
sz002517,恺英网络,2025-09-26 09:48:06,28.58,10700,28.61,D
sz002517,恺英网络,2025-09-26 09:48:15,28.6,16800,28.58,E
sz002517,恺英网络,2025-09-26 09:48:18,28.61,13600,28.6,U
sz002517,恺英网络,2025-09-26 09:48:21,28.62,18600,28.61,U
sz002517,恺英网络,2025-09-26 09:48:24,28.63,7300,28.62,U
sz002517,恺英网络,2025-09-26 09:48:27,28.6,18000,28.63,D
sz002517,恺英网络,2025-09-26 09:48:30,28.64,12900,28.6,U
sz002517,恺英网络,2025-09-26 09:48:42,28.6,8000,28.62,D
sz002517,恺英网络,2025-09-26 09:48:45,28.59,11700,28.6,D
sz002517,恺英网络,2025-09-26 09:48:51,28.58,8900,28.58,D
sz002517,恺英网络,2025-09-26 09:49:00,28.57,14200,28.57,U
sz002517,恺英网络,2025-09-26 09:49:06,28.54,10200,28.55,D
sz002517,恺英网络,2025-09-26 09:49:09,28.53,19200,28.54,D
sz002517,恺英网络,2025-09-26 09:49:12,28.52,10400,28.53,D
sz002517,恺英网络,2025-09-26 09:49:15,28.56,11700,28.52,U
sz002517,恺英网络,2025-09-26 09:49:18,28.51,18100,28.56,D
sz002517,恺英网络,2025-09-26 09:49:21,28.53,24400,28.51,U
sz002517,恺英网络,2025-09-26 09:49:24,28.52,10700,28.53,D
sz002517,恺英网络,2025-09-26 09:50:00,28.55,10600,28.52,U
sz002517,恺英网络,2025-09-26 09:50:03,28.54,548300,28.55,D
sz002517,恺英网络,2025-09-26 09:50:09,28.52,12600,28.5,U
sz002517,恺英网络,2025-09-26 09:50:33,28.46,15400,28.47,D
sz002517,恺英网络,2025-09-26 09:50:39,28.5,50000,28.47,U
sz002517,恺英网络,2025-09-26 09:50:42,28.46,23700,28.5,D
sz002517,恺英网络,2025-09-26 09:50:45,28.51,9100,28.46,U
sz002517,恺英网络,2025-09-26 09:50:51,28.48,32500,28.45,U
sz002517,恺英网络,2025-09-26 09:50:54,28.46,10300,28.48,D
sz002517,恺英网络,2025-09-26 09:50:57,28.45,17400,28.46,D
sz002517,恺英网络,2025-09-26 09:51:03,28.5,14400,28.46,U
sz002517,恺英网络,2025-09-26 09:51:18,28.45,8300,28.46,D
sz002517,恺英网络,2025-09-26 09:51:21,28.47,55800,28.45,U
sz002517,恺英网络,2025-09-26 09:51:33,28.51,16100,28.45,U
sz002517,恺英网络,2025-09-26 09:51:57,28.53,14200,28.53,D
sz002517,恺英网络,2025-09-26 09:52:00,28.57,13000,28.53,U
sz002517,恺英网络,2025-09-26 09:52:21,28.61,7600,28.6,D
sz002517,恺英网络,2025-09-26 09:52:27,28.68,10700,28.67,U
sz002517,恺英网络,2025-09-26 09:52:45,28.66,11200,28.66,D
sz002517,恺英网络,2025-09-26 09:52:48,28.65,20500,28.66,D
sz002517,恺英网络,2025-09-26 09:53:12,28.52,8200,28.56,D
sz002517,恺英网络,2025-09-26 09:53:15,28.52,8900,28.52,D
sz002517,恺英网络,2025-09-26 09:53:21,28.51,19100,28.51,U
sz002517,恺英网络,2025-09-26 09:53:27,28.5,11300,28.51,D
sz002517,恺英网络,2025-09-26 09:53:45,28.51,16100,28.55,E
sz002517,恺英网络,2025-09-26 09:54:00,28.53,30400,28.51,U
sz002517,恺英网络,2025-09-26 09:54:03,28.55,20900,28.53,E
sz002517,恺英网络,2025-09-26 09:54:09,28.5,16400,28.53,D
sz002517,恺英网络,2025-09-26 09:54:15,28.46,9500,28.49,D
sz002517,恺英网络,2025-09-26 09:54:21,28.47,7200,28.47,U
sz002517,恺英网络,2025-09-26 09:54:36,28.46,7400,28.47,D
sz002517,恺英网络,2025-09-26 09:54:39,28.46,17300,28.46,U
sz002517,恺英网络,2025-09-26 09:54:42,28.44,11300,28.46,D
sz002517,恺英网络,2025-09-26 09:54:48,28.4,10200,28.43,D
sz002517,恺英网络,2025-09-26 09:54:51,28.46,35000,28.4,U
sz002517,恺英网络,2025-09-26 09:54:54,28.4,42800,28.46,D
sz002517,恺英网络,2025-09-26 09:55:00,28.45,13800,28.41,U
sz002517,恺英网络,2025-09-26 09:55:12,28.5,28500,28.47,U
sz002517,恺英网络,2025-09-26 09:55:15,28.47,11100,28.5,D
sz002517,恺英网络,2025-09-26 09:55:18,28.47,13100,28.47,D
sz002517,恺英网络,2025-09-26 09:55:21,28.5,20700,28.47,U
sz002517,恺英网络,2025-09-26 09:55:24,28.5,53100,28.5,D
sz002517,恺英网络,2025-09-26 09:55:33,28.4,91600,28.5,D
sz002517,恺英网络,2025-09-26 09:55:36,28.4,26900,28.4,U
sz002517,恺英网络,2025-09-26 09:55:42,28.4,22500,28.4,U
sz002517,恺英网络,2025-09-26 09:56:00,28.4,272100,28.38,U
sz002517,恺英网络,2025-09-26 09:56:03,28.38,219100,28.4,D
sz002517,恺英网络,2025-09-26 09:56:06,28.38,12400,28.38,D
sz002517,恺英网络,2025-09-26 09:56:15,28.38,21400,28.39,D
sz002517,恺英网络,2025-09-26 09:56:18,28.38,17700,28.38,U
sz002517,恺英网络,2025-09-26 09:56:21,28.37,43900,28.38,U
sz002517,恺英网络,2025-09-26 09:56:24,28.35,30600,28.37,E
sz002517,恺英网络,2025-09-26 09:56:27,28.32,37300,28.35,D
sz002517,恺英网络,2025-09-26 09:56:30,28.32,8700,28.32,U
sz002517,恺英网络,2025-09-26 09:56:33,28.3,15200,28.32,D
sz002517,恺英网络,2025-09-26 09:56:36,28.3,23800,28.3,D
sz002517,恺英网络,2025-09-26 09:56:39,28.31,18400,28.3,U
sz002517,恺英网络,2025-09-26 09:56:45,28.31,38200,28.31,E
sz002517,恺英网络,2025-09-26 09:56:48,28.32,12800,28.31,E
sz002517,恺英网络,2025-09-26 09:56:51,28.31,11300,28.32,D
sz002517,恺英网络,2025-09-26 09:56:54,28.3,22400,28.31,D
sz002517,恺英网络,2025-09-26 09:56:57,28.27,25000,28.3,D
sz002517,恺英网络,2025-09-26 09:57:00,28.33,60100,28.27,U
sz002517,恺英网络,2025-09-26 09:57:03,28.31,9100,28.33,E
sz002517,恺英网络,2025-09-26 09:57:09,28.33,11700,28.3,U
sz002517,恺英网络,2025-09-26 09:57:18,28.28,16200,28.29,D
sz002517,恺英网络,2025-09-26 09:57:21,28.3,22600,28.28,U
sz002517,恺英网络,2025-09-26 09:57:30,28.3,18800,28.3,U
sz002517,恺英网络,2025-09-26 09:57:33,28.3,26000,28.3,U
sz002517,恺英网络,2025-09-26 09:57:36,28.32,11600,28.3,U
sz002517,恺英网络,2025-09-26 09:57:39,28.3,24000,28.32,D
sz002517,恺英网络,2025-09-26 09:57:45,28.35,15000,28.32,U
sz002517,恺英网络,2025-09-26 09:57:51,28.31,13500,28.32,D
sz002517,恺英网络,2025-09-26 09:57:57,28.29,12600,28.31,D
sz002517,恺英网络,2025-09-26 09:58:00,28.31,23700,28.29,U
sz002517,恺英网络,2025-09-26 09:58:06,28.31,44800,28.3,U
sz002517,恺英网络,2025-09-26 09:58:12,28.26,8800,28.27,D
sz002517,恺英网络,2025-09-26 09:58:15,28.26,22300,28.26,U
sz002517,恺英网络,2025-09-26 09:58:18,28.3,44500,28.26,U
sz002517,恺英网络,2025-09-26 09:58:33,28.31,22900,28.27,U
sz002517,恺英网络,2025-09-26 09:58:36,28.32,38000,28.31,U
sz002517,恺英网络,2025-09-26 09:58:39,28.35,23200,28.32,U
sz002517,恺英网络,2025-09-26 09:58:45,28.32,8900,28.34,D
sz002517,恺英网络,2025-09-26 09:58:48,28.35,25400,28.32,U
sz002517,恺英网络,2025-09-26 09:58:54,28.33,17300,28.33,U
sz002517,恺英网络,2025-09-26 09:58:57,28.33,8500,28.33,U
sz002517,恺英网络,2025-09-26 09:59:03,28.34,9900,28.34,D
sz002517,恺英网络,2025-09-26 09:59:06,28.33,27300,28.34,D
sz002517,恺英网络,2025-09-26 09:59:09,28.37,11800,28.33,U
sz002517,恺英网络,2025-09-26 09:59:12,28.33,15399,28.37,D
sz002517,恺英网络,2025-09-26 09:59:21,28.38,22700,28.35,U
sz002517,恺英网络,2025-09-26 09:59:27,28.38,14200,28.4,E
sz002517,恺英网络,2025-09-26 09:59:33,28.38,23200,28.36,D
sz002517,恺英网络,2025-09-26 09:59:39,28.37,17200,28.38,D
sz002517,恺英网络,2025-09-26 09:59:42,28.38,96900,28.37,U
sz002517,恺英网络,2025-09-26 10:00:00,28.4,19600,28.37,U
sz002517,恺英网络,2025-09-26 10:00:06,28.38,9400,28.4,D
sz002517,恺英网络,2025-09-26 10:00:12,28.4,14100,28.38,U
sz002517,恺英网络,2025-09-26 10:00:21,28.37,26800,28.38,D
sz002517,恺英网络,2025-09-26 10:00:24,28.34,42100,28.37,D
sz002517,恺英网络,2025-09-26 10:00:27,28.32,7600,28.34,D
sz002517,恺英网络,2025-09-26 10:00:33,28.3,16200,28.32,D
sz002517,恺英网络,2025-09-26 10:00:36,28.34,25000,28.3,U
sz002517,恺英网络,2025-09-26 10:00:39,28.31,12400,28.34,E
sz002517,恺英网络,2025-09-26 10:00:45,28.33,14000,28.34,D
sz002517,恺英网络,2025-09-26 10:01:21,28.39,12400,28.38,U
sz002517,恺英网络,2025-09-26 10:01:30,28.39,9200,28.41,D
sz002517,恺英网络,2025-09-26 10:01:57,28.4,8300,28.41,D
sz002517,恺英网络,2025-09-26 10:02:00,28.45,26300,28.4,U
sz002517,恺英网络,2025-09-26 10:02:06,28.38,129700,28.45,D
sz002517,恺英网络,2025-09-26 10:02:09,28.39,10500,28.38,U
sz002517,恺英网络,2025-09-26 10:02:18,28.45,14500,28.41,U
sz002517,恺英网络,2025-09-26 10:02:30,28.49,11400,28.46,U
sz002517,恺英网络,2025-09-26 10:02:39,28.53,22600,28.49,U
sz002517,恺英网络,2025-09-26 10:02:42,28.52,62100,28.53,E
sz002517,恺英网络,2025-09-26 10:02:48,28.55,16200,28.53,U
sz002517,恺英网络,2025-09-26 10:02:54,28.56,23700,28.55,U
sz002517,恺英网络,2025-09-26 10:02:57,28.57,19000,28.56,U
sz002517,恺英网络,2025-09-26 10:03:00,28.57,9900,28.57,U
sz002517,恺英网络,2025-09-26 10:03:09,28.62,45700,28.59,U
sz002517,恺英网络,2025-09-26 10:03:15,28.68,15200,28.67,U
sz002517,恺英网络,2025-09-26 10:03:18,28.68,24100,28.68,U
sz002517,恺英网络,2025-09-26 10:03:21,28.68,29300,28.68,D
sz002517,恺英网络,2025-09-26 10:03:27,28.69,14700,28.67,U
sz002517,恺英网络,2025-09-26 10:03:48,28.68,18800,28.67,U
sz002517,恺英网络,2025-09-26 10:03:51,28.69,23100,28.68,U
sz002517,恺英网络,2025-09-26 10:03:54,28.67,16900,28.69,D
sz002517,恺英网络,2025-09-26 10:04:06,28.69,26400,28.72,E
sz002517,恺英网络,2025-09-26 10:04:15,28.69,45300,28.67,U
sz002517,恺英网络,2025-09-26 10:04:18,28.67,9100,28.69,U
sz002517,恺英网络,2025-09-26 10:04:24,28.69,11400,28.69,U
sz002517,恺英网络,2025-09-26 10:04:42,28.6,58400,28.66,D
sz002517,恺英网络,2025-09-26 10:04:45,28.63,37100,28.6,U
sz002517,恺英网络,2025-09-26 10:04:57,28.59,9900,28.62,D
sz002517,恺英网络,2025-09-26 10:05:03,28.58,7300,28.58,U
sz002517,恺英网络,2025-09-26 10:05:06,28.53,12000,28.58,D
sz002517,恺英网络,2025-09-26 10:05:15,28.49,7400,28.5,D
sz002517,恺英网络,2025-09-26 10:05:24,28.47,7600,28.47,E
sz002517,恺英网络,2025-09-26 10:05:30,28.46,15000,28.46,D
sz002517,恺英网络,2025-09-26 10:05:33,28.45,9700,28.46,D
sz002517,恺英网络,2025-09-26 10:05:45,28.46,17700,28.42,U
sz002517,恺英网络,2025-09-26 10:05:54,28.45,7900,28.44,U
sz002517,恺英网络,2025-09-26 10:06:21,28.4,9700,28.41,U
sz002517,恺英网络,2025-09-26 10:06:30,28.4,8800,28.41,D
sz002517,恺英网络,2025-09-26 10:06:39,28.4,7400,28.38,U
sz002517,恺英网络,2025-09-26 10:06:42,28.38,11400,28.4,D
sz002517,恺英网络,2025-09-26 10:06:45,28.38,30800,28.38,U
sz002517,恺英网络,2025-09-26 10:06:48,28.41,12800,28.38,U
sz002517,恺英网络,2025-09-26 10:06:51,28.4,9300,28.41,D
sz002517,恺英网络,2025-09-26 10:07:06,28.4,12600,28.4,U
sz002517,恺英网络,2025-09-26 10:07:09,28.39,22500,28.4,D
sz002517,恺英网络,2025-09-26 10:07:12,28.38,14700,28.39,D
sz002517,恺英网络,2025-09-26 10:07:18,28.38,11100,28.39,D
sz002517,恺英网络,2025-09-26 10:07:21,28.37,13500,28.38,D
sz002517,恺英网络,2025-09-26 10:07:24,28.37,10600,28.37,U
sz002517,恺英网络,2025-09-26 10:07:42,28.36,7800,28.36,D
sz002517,恺英网络,2025-09-26 10:07:51,28.36,8300,28.36,D
sz002517,恺英网络,2025-09-26 10:08:09,28.38,8000,28.39,D
sz002517,恺英网络,2025-09-26 10:08:15,28.38,11100,28.39,D
sz002517,恺英网络,2025-09-26 10:08:18,28.38,16800,28.38,U
sz002517,恺英网络,2025-09-26 10:08:21,28.38,25100,28.38,U
sz002517,恺英网络,2025-09-26 10:08:36,28.4,13400,28.36,U
sz002517,恺英网络,2025-09-26 10:08:54,28.41,13700,28.42,D
sz002517,恺英网络,2025-09-26 10:09:15,28.49,11100,28.43,U
sz002517,恺英网络,2025-09-26 10:09:18,28.46,12500,28.49,E
sz002517,恺英网络,2025-09-26 10:09:30,28.48,10400,28.49,E
sz002517,恺英网络,2025-09-26 10:09:42,28.52,10600,28.5,U
sz002517,恺英网络,2025-09-26 10:09:45,28.51,7200,28.52,E
sz002517,恺英网络,2025-09-26 10:10:00,28.52,28400,28.51,U
sz002517,恺英网络,2025-09-26 10:10:03,28.53,31200,28.52,U
sz002517,恺英网络,2025-09-26 10:10:30,28.57,7100,28.56,U
sz002517,恺英网络,2025-09-26 10:10:33,28.58,7400,28.57,U
sz002517,恺英网络,2025-09-26 10:10:36,28.58,9200,28.58,D
sz002517,恺英网络,2025-09-26 10:10:39,28.57,14200,28.58,D
sz002517,恺英网络,2025-09-26 10:10:42,28.59,14700,28.57,U
sz002517,恺英网络,2025-09-26 10:10:45,28.58,7700,28.59,D
sz002517,恺英网络,2025-09-26 10:10:51,28.63,7100,28.59,U
sz002517,恺英网络,2025-09-26 10:10:57,28.61,12900,28.6,E
sz002517,恺英网络,2025-09-26 10:11:03,28.61,9000,28.6,U
sz002517,恺英网络,2025-09-26 10:11:06,28.59,14700,28.61,D
sz002517,恺英网络,2025-09-26 10:11:09,28.56,13300,28.59,D
sz002517,恺英网络,2025-09-26 10:11:12,28.57,16600,28.56,E
sz002517,恺英网络,2025-09-26 10:11:18,28.54,7800,28.55,U
sz002517,恺英网络,2025-09-26 10:11:24,28.52,38100,28.54,D
sz002517,恺英网络,2025-09-26 10:11:27,28.58,18900,28.52,U
sz002517,恺英网络,2025-09-26 10:11:30,28.58,7500,28.58,U
sz002517,恺英网络,2025-09-26 10:11:45,28.58,7400,28.58,D
sz002517,恺英网络,2025-09-26 10:11:54,28.57,30700,28.58,E
sz002517,恺英网络,2025-09-26 10:11:57,28.6,14900,28.57,E
sz002517,恺英网络,2025-09-26 10:12:00,28.62,10300,28.6,U
sz002517,恺英网络,2025-09-26 10:12:03,28.62,13500,28.62,U
sz002517,恺英网络,2025-09-26 10:12:06,28.58,7500,28.62,D
sz002517,恺英网络,2025-09-26 10:12:15,28.6,11600,28.61,U
sz002517,恺英网络,2025-09-26 10:12:18,28.62,15000,28.6,U
sz002517,恺英网络,2025-09-26 10:12:24,28.54,8200,28.59,E
sz002517,恺英网络,2025-09-26 10:12:27,28.53,7900,28.54,D
sz002517,恺英网络,2025-09-26 10:12:30,28.51,39100,28.53,D
sz002517,恺英网络,2025-09-26 10:12:33,28.52,7200,28.51,E
sz002517,恺英网络,2025-09-26 10:12:36,28.5,16400,28.52,U
sz002517,恺英网络,2025-09-26 10:12:48,28.46,13700,28.5,D
sz002517,恺英网络,2025-09-26 10:12:54,28.46,22900,28.46,U
sz002517,恺英网络,2025-09-26 10:13:00,28.46,7600,28.46,U
sz002517,恺英网络,2025-09-26 10:13:03,28.45,28900,28.46,E
sz002517,恺英网络,2025-09-26 10:13:12,28.4,18700,28.42,D
sz002517,恺英网络,2025-09-26 10:13:15,28.39,7200,28.4,D
sz002517,恺英网络,2025-09-26 10:13:18,28.38,13000,28.39,D
sz002517,恺英网络,2025-09-26 10:13:21,28.36,10400,28.38,D
sz002517,恺英网络,2025-09-26 10:13:24,28.35,33700,28.36,D
sz002517,恺英网络,2025-09-26 10:13:39,28.33,12800,28.34,D
sz002517,恺英网络,2025-09-26 10:13:42,28.33,8800,28.33,D
sz002517,恺英网络,2025-09-26 10:13:54,28.32,24900,28.32,D
sz002517,恺英网络,2025-09-26 10:13:57,28.33,12300,28.32,U
sz002517,恺英网络,2025-09-26 10:14:00,28.33,18200,28.33,U
sz002517,恺英网络,2025-09-26 10:14:18,28.33,7600,28.34,D
sz002517,恺英网络,2025-09-26 10:14:27,28.35,12400,28.35,D
sz002517,恺英网络,2025-09-26 10:14:36,28.37,8300,28.35,U
sz002517,恺英网络,2025-09-26 10:14:42,28.35,7200,28.35,D
sz002517,恺英网络,2025-09-26 10:14:45,28.35,11700,28.35,D
sz002517,恺英网络,2025-09-26 10:14:48,28.34,13900,28.35,D
sz002517,恺英网络,2025-09-26 10:14:51,28.33,17500,28.34,D
sz002517,恺英网络,2025-09-26 10:14:54,28.31,30600,28.33,D
sz002517,恺英网络,2025-09-26 10:14:57,28.3,30400,28.31,D
sz002517,恺英网络,2025-09-26 10:15:00,28.26,160700,28.3,D
sz002517,恺英网络,2025-09-26 10:15:03,28.25,25100,28.26,D
sz002517,恺英网络,2025-09-26 10:15:06,28.25,7800,28.25,U
sz002517,恺英网络,2025-09-26 10:15:12,28.24,18500,28.24,D
sz002517,恺英网络,2025-09-26 10:15:15,28.2,194500,28.24,D
sz002517,恺英网络,2025-09-26 10:15:18,28.19,8600,28.2,D
sz002517,恺英网络,2025-09-26 10:15:21,28.18,59900,28.19,D
sz002517,恺英网络,2025-09-26 10:15:27,28.19,17200,28.19,D
sz002517,恺英网络,2025-09-26 10:15:30,28.22,7200,28.19,U
sz002517,恺英网络,2025-09-26 10:15:51,28.23,8900,28.24,D
sz002517,恺英网络,2025-09-26 10:15:54,28.22,16200,28.23,D
sz002517,恺英网络,2025-09-26 10:15:57,28.21,26800,28.22,D
sz002517,恺英网络,2025-09-26 10:16:00,28.2,11500,28.21,D
sz002517,恺英网络,2025-09-26 10:16:06,28.19,18900,28.2,D
sz002517,恺英网络,2025-09-26 10:16:09,28.19,9500,28.19,U
sz002517,恺英网络,2025-09-26 10:16:12,28.18,7800,28.19,D
sz002517,恺英网络,2025-09-26 10:16:15,28.18,63800,28.18,D
sz002517,恺英网络,2025-09-26 10:16:21,28.18,32300,28.18,D
sz002517,恺英网络,2025-09-26 10:16:30,28.16,39500,28.19,D
sz002517,恺英网络,2025-09-26 10:16:39,28.18,8700,28.2,D
sz002517,恺英网络,2025-09-26 10:17:00,28.2,8900,28.2,D
sz002517,恺英网络,2025-09-26 10:17:03,28.19,10200,28.2,D
sz002517,恺英网络,2025-09-26 10:17:06,28.18,37100,28.19,D
sz002517,恺英网络,2025-09-26 10:17:09,28.18,10100,28.18,U
sz002517,恺英网络,2025-09-26 10:17:18,28.18,16200,28.19,D
sz002517,恺英网络,2025-09-26 10:17:21,28.18,7900,28.18,D
sz002517,恺英网络,2025-09-26 10:17:24,28.18,10700,28.18,D
sz002517,恺英网络,2025-09-26 10:17:27,28.18,9100,28.18,D
sz002517,恺英网络,2025-09-26 10:17:30,28.2,7300,28.18,U
sz002517,恺英网络,2025-09-26 10:17:42,28.18,9700,28.18,U
sz002517,恺英网络,2025-09-26 10:17:45,28.18,11500,28.18,D
sz002517,恺英网络,2025-09-26 10:18:00,28.17,15300,28.18,D
sz002517,恺英网络,2025-09-26 10:18:03,28.17,20400,28.17,D
sz002517,恺英网络,2025-09-26 10:18:06,28.17,10800,28.17,D
sz002517,恺英网络,2025-09-26 10:18:09,28.17,7800,28.17,D
sz002517,恺英网络,2025-09-26 10:18:24,28.16,13800,28.16,D
sz002517,恺英网络,2025-09-26 10:18:36,28.16,18200,28.17,D
sz002517,恺英网络,2025-09-26 10:18:39,28.16,22900,28.16,D
sz002517,恺英网络,2025-09-26 10:18:45,28.13,198000,28.16,D
sz002517,恺英网络,2025-09-26 10:18:48,28.12,8400,28.13,D
sz002517,恺英网络,2025-09-26 10:18:57,28.12,20000,28.12,D
sz002517,恺英网络,2025-09-26 10:19:12,28.15,8300,28.15,D
sz002517,恺英网络,2025-09-26 10:19:18,28.15,11900,28.15,D
sz002517,恺英网络,2025-09-26 10:19:21,28.15,11400,28.15,D
sz002517,恺英网络,2025-09-26 10:19:27,28.14,7800,28.15,D
sz002517,恺英网络,2025-09-26 10:19:36,28.16,15400,28.14,U
sz002517,恺英网络,2025-09-26 10:19:48,28.17,16300,28.17,U
sz002517,恺英网络,2025-09-26 10:19:54,28.18,8000,28.17,U
sz002517,恺英网络,2025-09-26 10:20:09,28.21,8500,28.19,U
sz002517,恺英网络,2025-09-26 10:20:12,28.22,8000,28.21,U
sz002517,恺英网络,2025-09-26 10:20:15,28.26,32100,28.22,U
sz002517,恺英网络,2025-09-26 10:20:33,28.24,10600,28.29,D
sz002517,恺英网络,2025-09-26 10:20:39,28.23,15800,28.23,D
sz002517,恺英网络,2025-09-26 10:20:42,28.25,11900,28.23,U
sz002517,恺英网络,2025-09-26 10:20:48,28.3,28200,28.28,U
sz002517,恺英网络,2025-09-26 10:20:54,28.31,12800,28.31,U
sz002517,恺英网络,2025-09-26 10:21:00,28.29,13500,28.28,U
sz002517,恺英网络,2025-09-26 10:21:09,28.28,50100,28.26,E
sz002517,恺英网络,2025-09-26 10:21:27,28.23,7500,28.25,D
sz002517,恺英网络,2025-09-26 10:21:30,28.22,12500,28.23,D
sz002517,恺英网络,2025-09-26 10:21:39,28.2,106900,28.21,D
sz002517,恺英网络,2025-09-26 10:21:42,28.2,53200,28.2,U
sz002517,恺英网络,2025-09-26 10:21:51,28.22,24100,28.2,U
sz002517,恺英网络,2025-09-26 10:21:54,28.17,17800,28.22,D
sz002517,恺英网络,2025-09-26 10:22:00,28.27,17500,28.21,U
sz002517,恺英网络,2025-09-26 10:22:06,28.26,50600,28.3,E
sz002517,恺英网络,2025-09-26 10:22:39,28.3,14000,28.29,U
sz002517,恺英网络,2025-09-26 10:22:42,28.3,16700,28.3,D
sz002517,恺英网络,2025-09-26 10:23:00,28.31,11100,28.3,U
sz002517,恺英网络,2025-09-26 10:23:36,28.25,17200,28.27,D
sz002517,恺英网络,2025-09-26 10:23:39,28.27,17000,28.25,U
sz002517,恺英网络,2025-09-26 10:23:42,28.28,18800,28.27,U
sz002517,恺英网络,2025-09-26 10:23:45,28.32,10000,28.28,U
sz002517,恺英网络,2025-09-26 10:23:48,28.32,20600,28.32,U
sz002517,恺英网络,2025-09-26 10:24:09,28.31,33000,28.31,D
sz002517,恺英网络,2025-09-26 10:24:18,28.32,12600,28.29,U
sz002517,恺英网络,2025-09-26 10:24:33,28.33,8400,28.3,U
sz002517,恺英网络,2025-09-26 10:24:48,28.28,7300,28.28,U
sz002517,恺英网络,2025-09-26 10:25:00,28.3,18300,28.3,U
sz002517,恺英网络,2025-09-26 10:25:57,28.31,20300,28.31,U
sz002517,恺英网络,2025-09-26 10:26:00,28.31,9500,28.31,U
sz002517,恺英网络,2025-09-26 10:26:27,28.3,7100,28.31,D
sz002517,恺英网络,2025-09-26 10:26:57,28.28,31100,28.3,D
sz002517,恺英网络,2025-09-26 10:27:00,28.25,37500,28.28,D
sz002517,恺英网络,2025-09-26 10:27:03,28.25,11000,28.25,D
sz002517,恺英网络,2025-09-26 10:27:24,28.2,9600,28.22,D
sz002517,恺英网络,2025-09-26 10:27:45,28.22,7900,28.25,D
sz002517,恺英网络,2025-09-26 10:28:00,28.26,39500,28.25,U
sz002517,恺英网络,2025-09-26 10:28:03,28.26,13300,28.26,U
sz002517,恺英网络,2025-09-26 10:29:03,28.22,14900,28.22,U
sz002517,恺英网络,2025-09-26 10:29:06,28.21,18500,28.22,D
sz002517,恺英网络,2025-09-26 10:29:09,28.21,12000,28.21,D
sz002517,恺英网络,2025-09-26 10:29:21,28.2,18900,28.21,D
sz002517,恺英网络,2025-09-26 10:29:27,28.22,12700,28.2,U
sz002517,恺英网络,2025-09-26 10:30:00,28.29,16700,28.25,U
sz002517,恺英网络,2025-09-26 10:30:33,28.3,11500,28.29,U
sz002517,恺英网络,2025-09-26 10:30:45,28.3,15200,28.3,U
sz002517,恺英网络,2025-09-26 10:31:00,28.33,16800,28.3,U
sz002517,恺英网络,2025-09-26 10:31:27,28.35,10800,28.35,U
sz002517,恺英网络,2025-09-26 10:31:30,28.33,7100,28.35,D
sz002517,恺英网络,2025-09-26 10:31:39,28.3,11600,28.33,D
sz002517,恺英网络,2025-09-26 10:32:00,28.33,9800,28.33,U
sz002517,恺英网络,2025-09-26 10:32:06,28.35,10800,28.33,U
sz002517,恺英网络,2025-09-26 10:32:09,28.37,10400,28.35,U
sz002517,恺英网络,2025-09-26 10:32:15,28.39,8400,28.35,U
sz002517,恺英网络,2025-09-26 10:32:21,28.41,15300,28.37,U
sz002517,恺英网络,2025-09-26 10:33:00,28.4,7300,28.39,U
sz002517,恺英网络,2025-09-26 10:33:21,28.37,15300,28.39,D
sz002517,恺英网络,2025-09-26 10:34:00,28.38,7200,28.37,U
sz002517,恺英网络,2025-09-26 10:34:06,28.41,30300,28.38,U
sz002517,恺英网络,2025-09-26 10:34:09,28.46,9200,28.41,U
sz002517,恺英网络,2025-09-26 10:34:12,28.43,10200,28.46,D
sz002517,恺英网络,2025-09-26 10:34:21,28.44,8500,28.44,U
sz002517,恺英网络,2025-09-26 10:34:39,28.4,8000,28.43,D
sz002517,恺英网络,2025-09-26 10:36:00,28.38,9900,28.4,D
sz002517,恺英网络,2025-09-26 10:36:45,28.36,10600,28.32,U
sz002517,恺英网络,2025-09-26 10:36:57,28.35,8600,28.33,U
sz002517,恺英网络,2025-09-26 10:37:06,28.31,10400,28.32,D
sz002517,恺英网络,2025-09-26 10:37:12,28.32,16100,28.31,U
sz002517,恺英网络,2025-09-26 10:37:45,28.31,18000,28.32,D
sz002517,恺英网络,2025-09-26 10:37:54,28.32,23800,28.33,E
sz002517,恺英网络,2025-09-26 10:38:15,28.35,9100,28.35,U
sz002517,恺英网络,2025-09-26 10:38:48,28.3,79900,28.33,D
sz002517,恺英网络,2025-09-26 10:38:51,28.26,109500,28.3,D
sz002517,恺英网络,2025-09-26 10:38:54,28.29,17200,28.26,U
sz002517,恺英网络,2025-09-26 10:39:12,28.25,14500,28.25,U
sz002517,恺英网络,2025-09-26 10:39:18,28.25,8200,28.27,E
sz002517,恺英网络,2025-09-26 10:39:27,28.24,7800,28.26,D
sz002517,恺英网络,2025-09-26 10:39:36,28.24,9700,28.25,D
sz002517,恺英网络,2025-09-26 10:39:42,28.24,9200,28.25,D
sz002517,恺英网络,2025-09-26 10:39:48,28.22,11000,28.24,D
sz002517,恺英网络,2025-09-26 10:40:00,28.24,7200,28.22,D
sz002517,恺英网络,2025-09-26 10:40:06,28.22,19100,28.24,D
sz002517,恺英网络,2025-09-26 10:40:09,28.22,8000,28.22,E
sz002517,恺英网络,2025-09-26 10:40:27,28.21,13900,28.23,D
sz002517,恺英网络,2025-09-26 10:40:33,28.2,38400,28.21,D
sz002517,恺英网络,2025-09-26 10:40:48,28.18,48100,28.18,D
sz002517,恺英网络,2025-09-26 10:40:51,28.17,27400,28.18,D
sz002517,恺英网络,2025-09-26 10:40:54,28.15,16000,28.17,D
sz002517,恺英网络,2025-09-26 10:40:57,28.15,48100,28.15,D
sz002517,恺英网络,2025-09-26 10:41:00,28.15,15400,28.15,U
sz002517,恺英网络,2025-09-26 10:41:03,28.17,13800,28.15,U
sz002517,恺英网络,2025-09-26 10:41:06,28.15,7300,28.17,D
sz002517,恺英网络,2025-09-26 10:41:15,28.15,9000,28.15,U
sz002517,恺英网络,2025-09-26 10:41:24,28.15,7400,28.16,D
sz002517,恺英网络,2025-09-26 10:41:30,28.16,13600,28.15,U
sz002517,恺英网络,2025-09-26 10:41:33,28.15,10200,28.16,D
sz002517,恺英网络,2025-09-26 10:41:39,28.15,8700,28.14,D
sz002517,恺英网络,2025-09-26 10:42:06,28.13,51100,28.15,D
sz002517,恺英网络,2025-09-26 10:42:09,28.14,27800,28.13,U
sz002517,恺英网络,2025-09-26 10:42:12,28.13,9200,28.14,U
sz002517,恺英网络,2025-09-26 10:42:24,28.15,13800,28.14,U
sz002517,恺英网络,2025-09-26 10:42:30,28.15,15500,28.14,U
sz002517,恺英网络,2025-09-26 10:42:36,28.15,10600,28.14,U
sz002517,恺英网络,2025-09-26 10:42:42,28.16,18100,28.15,U
sz002517,恺英网络,2025-09-26 10:43:00,28.16,9700,28.15,U
sz002517,恺英网络,2025-09-26 10:43:12,28.14,15100,28.15,D
sz002517,恺英网络,2025-09-26 10:43:15,28.15,18000,28.14,U
sz002517,恺英网络,2025-09-26 10:43:21,28.14,9000,28.14,U
sz002517,恺英网络,2025-09-26 10:43:27,28.12,16900,28.14,D
sz002517,恺英网络,2025-09-26 10:43:30,28.12,11100,28.12,D
sz002517,恺英网络,2025-09-26 10:43:39,28.15,9100,28.13,U
sz002517,恺英网络,2025-09-26 10:44:03,28.13,10300,28.15,D
sz002517,恺英网络,2025-09-26 10:44:18,28.13,10700,28.13,D
sz002517,恺英网络,2025-09-26 10:44:33,28.13,10900,28.14,D
sz002517,恺英网络,2025-09-26 10:45:18,28.2,10600,28.19,U
sz002517,恺英网络,2025-09-26 10:45:27,28.22,13100,28.21,U
sz002517,恺英网络,2025-09-26 10:45:42,28.2,11000,28.2,D
sz002517,恺英网络,2025-09-26 10:45:45,28.21,7300,28.2,U
sz002517,恺英网络,2025-09-26 10:45:54,28.23,16800,28.21,U
sz002517,恺英网络,2025-09-26 10:46:03,28.21,47400,28.22,D
sz002517,恺英网络,2025-09-26 10:46:06,28.21,12500,28.21,U
sz002517,恺英网络,2025-09-26 10:46:24,28.21,8900,28.21,U
sz002517,恺英网络,2025-09-26 10:46:30,28.21,13900,28.21,U
sz002517,恺英网络,2025-09-26 10:46:39,28.21,9200,28.21,U
sz002517,恺英网络,2025-09-26 10:47:15,28.21,9600,28.21,U
sz002517,恺英网络,2025-09-26 10:47:30,28.22,37400,28.22,U
sz002517,恺英网络,2025-09-26 10:48:06,28.3,7400,28.28,U
sz002517,恺英网络,2025-09-26 10:48:09,28.27,7400,28.3,D
sz002517,恺英网络,2025-09-26 10:48:15,28.27,12400,28.27,D
sz002517,恺英网络,2025-09-26 10:48:27,28.27,13800,28.28,D
sz002517,恺英网络,2025-09-26 10:48:33,28.25,8100,28.27,D
sz002517,恺英网络,2025-09-26 10:48:54,28.27,7900,28.28,D
sz002517,恺英网络,2025-09-26 10:49:18,28.27,22300,28.28,D
sz002517,恺英网络,2025-09-26 10:49:39,28.23,8700,28.25,D
sz002517,恺英网络,2025-09-26 10:49:48,28.22,27600,28.21,U
sz002517,恺英网络,2025-09-26 10:49:54,28.24,8100,28.23,U
sz002517,恺英网络,2025-09-26 10:49:57,28.22,15600,28.24,D
sz002517,恺英网络,2025-09-26 10:50:00,28.23,8500,28.22,E
sz002517,恺英网络,2025-09-26 10:50:15,28.23,12200,28.23,D
sz002517,恺英网络,2025-09-26 10:50:21,28.26,8100,28.23,U
sz002517,恺英网络,2025-09-26 10:50:51,28.23,8300,28.25,D
sz002517,恺英网络,2025-09-26 10:51:06,28.24,16200,28.25,U
sz002517,恺英网络,2025-09-26 10:51:15,28.24,10100,28.24,U
sz002517,恺英网络,2025-09-26 10:51:36,28.26,18200,28.25,U
sz002517,恺英网络,2025-09-26 10:51:39,28.29,20400,28.26,U
sz002517,恺英网络,2025-09-26 10:51:54,28.3,12200,28.3,U
sz002517,恺英网络,2025-09-26 10:52:39,28.3,12600,28.3,D
sz002517,恺英网络,2025-09-26 10:52:54,28.31,12500,28.29,U
sz002517,恺英网络,2025-09-26 10:53:03,28.27,7200,28.29,D
sz002517,恺英网络,2025-09-26 10:53:15,28.29,8400,28.29,D
sz002517,恺英网络,2025-09-26 10:53:24,28.29,7700,28.27,E
sz002517,恺英网络,2025-09-26 10:53:30,28.31,10700,28.27,U
sz002517,恺英网络,2025-09-26 10:53:45,28.26,8300,28.27,D
sz002517,恺英网络,2025-09-26 10:53:57,28.26,9300,28.28,D
sz002517,恺英网络,2025-09-26 10:54:06,28.24,58500,28.27,D
sz002517,恺英网络,2025-09-26 10:55:24,28.24,11900,28.22,U
sz002517,恺英网络,2025-09-26 10:55:36,28.25,16500,28.22,U
sz002517,恺英网络,2025-09-26 10:56:21,28.26,7600,28.25,U
sz002517,恺英网络,2025-09-26 10:56:27,28.27,15800,28.25,U
sz002517,恺英网络,2025-09-26 10:56:30,28.31,26000,28.27,U
sz002517,恺英网络,2025-09-26 10:56:33,28.31,8900,28.31,D
sz002517,恺英网络,2025-09-26 10:56:39,28.32,7900,28.31,U
sz002517,恺英网络,2025-09-26 10:56:48,28.32,7400,28.32,D
sz002517,恺英网络,2025-09-26 10:56:54,28.31,32800,28.31,D
sz002517,恺英网络,2025-09-26 10:57:03,28.26,7900,28.3,D
sz002517,恺英网络,2025-09-26 10:57:18,28.3,7800,28.3,U
sz002517,恺英网络,2025-09-26 10:57:36,28.32,7200,28.3,U
sz002517,恺英网络,2025-09-26 10:57:51,28.32,9200,28.3,U
sz002517,恺英网络,2025-09-26 10:57:54,28.32,13000,28.32,U
sz002517,恺英网络,2025-09-26 10:58:00,28.33,7400,28.28,U
sz002517,恺英网络,2025-09-26 10:59:00,28.35,29100,28.32,U
sz002517,恺英网络,2025-09-26 10:59:18,28.38,7500,28.35,U
sz002517,恺英网络,2025-09-26 11:00:00,28.37,7400,28.31,U
sz002517,恺英网络,2025-09-26 11:00:06,28.36,9100,28.35,E
sz002517,恺英网络,2025-09-26 11:00:24,28.36,11200,28.36,D
sz002517,恺英网络,2025-09-26 11:00:27,28.39,24100,28.36,U
sz002517,恺英网络,2025-09-26 11:01:21,28.37,11800,28.39,D
sz002517,恺英网络,2025-09-26 11:01:33,28.36,16700,28.39,D
sz002517,恺英网络,2025-09-26 11:01:45,28.4,11100,28.39,U
sz002517,恺英网络,2025-09-26 11:02:00,28.43,7300,28.42,U
sz002517,恺英网络,2025-09-26 11:02:03,28.43,8200,28.43,U
sz002517,恺英网络,2025-09-26 11:02:18,28.45,21400,28.44,U
sz002517,恺英网络,2025-09-26 11:02:21,28.47,12300,28.45,U
sz002517,恺英网络,2025-09-26 11:02:42,28.47,10100,28.48,D
sz002517,恺英网络,2025-09-26 11:02:51,28.48,9700,28.5,D
sz002517,恺英网络,2025-09-26 11:03:00,28.53,20200,28.5,U
sz002517,恺英网络,2025-09-26 11:03:09,28.5,20800,28.5,D
sz002517,恺英网络,2025-09-26 11:03:33,28.47,7300,28.47,D
sz002517,恺英网络,2025-09-26 11:03:39,28.47,11100,28.47,D
sz002517,恺英网络,2025-09-26 11:03:51,28.47,19600,28.47,U
sz002517,恺英网络,2025-09-26 11:04:00,28.49,9500,28.47,U
sz002517,恺英网络,2025-09-26 11:04:03,28.51,7800,28.49,U
sz002517,恺英网络,2025-09-26 11:04:15,28.51,8400,28.5,U
sz002517,恺英网络,2025-09-26 11:05:00,28.5,8800,28.49,U
sz002517,恺英网络,2025-09-26 11:05:06,28.51,16700,28.49,U
sz002517,恺英网络,2025-09-26 11:05:15,28.5,8500,28.51,D
sz002517,恺英网络,2025-09-26 11:06:06,28.44,8900,28.45,D
sz002517,恺英网络,2025-09-26 11:06:12,28.44,11600,28.44,D
sz002517,恺英网络,2025-09-26 11:07:09,28.39,24100,28.39,U
sz002517,恺英网络,2025-09-26 11:08:03,28.41,9800,28.41,U
sz002517,恺英网络,2025-09-26 11:08:21,28.4,11100,28.4,U
sz002517,恺英网络,2025-09-26 11:08:39,28.39,9300,28.4,D
sz002517,恺英网络,2025-09-26 11:09:33,28.36,10300,28.37,D
sz002517,恺英网络,2025-09-26 11:09:51,28.36,9100,28.36,D
sz002517,恺英网络,2025-09-26 11:09:57,28.36,8900,28.35,E
sz002517,恺英网络,2025-09-26 11:10:00,28.35,8600,28.36,D
sz002517,恺英网络,2025-09-26 11:10:33,28.32,8900,28.33,D
sz002517,恺英网络,2025-09-26 11:10:48,28.33,23400,28.33,U
sz002517,恺英网络,2025-09-26 11:11:30,28.31,9100,28.3,U
sz002517,恺英网络,2025-09-26 11:11:36,28.3,11900,28.31,D
sz002517,恺英网络,2025-09-26 11:11:42,28.33,20400,28.31,U
sz002517,恺英网络,2025-09-26 11:12:03,28.3,11200,28.31,D
sz002517,恺英网络,2025-09-26 11:12:09,28.28,24500,28.29,D
sz002517,恺英网络,2025-09-26 11:12:15,28.27,9800,28.29,D
sz002517,恺英网络,2025-09-26 11:12:30,28.32,28900,28.27,U
sz002517,恺英网络,2025-09-26 11:12:48,28.26,39800,28.26,D
sz002517,恺英网络,2025-09-26 11:12:57,28.26,13700,28.26,D
sz002517,恺英网络,2025-09-26 11:13:12,28.25,15800,28.27,D
sz002517,恺英网络,2025-09-26 11:13:15,28.25,7500,28.25,D
sz002517,恺英网络,2025-09-26 11:13:27,28.28,30400,28.29,E
sz002517,恺英网络,2025-09-26 11:13:39,28.21,15600,28.28,D
sz002517,恺英网络,2025-09-26 11:13:51,28.2,30200,28.21,D
sz002517,恺英网络,2025-09-26 11:14:15,28.21,12700,28.24,D
sz002517,恺英网络,2025-09-26 11:14:27,28.27,10200,28.21,U
sz002517,恺英网络,2025-09-26 11:14:42,28.29,8200,28.27,U
sz002517,恺英网络,2025-09-26 11:15:00,28.3,8800,28.29,U
sz002517,恺英网络,2025-09-26 11:15:15,28.3,7400,28.29,U
sz002517,恺英网络,2025-09-26 11:15:18,28.33,10600,28.3,U
sz002517,恺英网络,2025-09-26 11:15:51,28.29,10600,28.3,D
sz002517,恺英网络,2025-09-26 11:15:54,28.3,7700,28.29,U
sz002517,恺英网络,2025-09-26 11:16:12,28.27,20100,28.3,D
sz002517,恺英网络,2025-09-26 11:16:21,28.26,7800,28.31,D
sz002517,恺英网络,2025-09-26 11:16:36,28.29,15300,28.29,U
sz002517,恺英网络,2025-09-26 11:16:54,28.27,12600,28.29,D
sz002517,恺英网络,2025-09-26 11:16:57,28.26,20100,28.27,D
sz002517,恺英网络,2025-09-26 11:17:45,28.27,7100,28.28,D
sz002517,恺英网络,2025-09-26 11:18:21,28.27,8200,28.28,D
sz002517,恺英网络,2025-09-26 11:18:24,28.27,7600,28.27,D
sz002517,恺英网络,2025-09-26 11:18:36,28.25,22300,28.26,D
sz002517,恺英网络,2025-09-26 11:19:18,28.25,12000,28.27,D
sz002517,恺英网络,2025-09-26 11:19:27,28.25,17800,28.24,U
sz002517,恺英网络,2025-09-26 11:19:33,28.22,16400,28.25,D
sz002517,恺英网络,2025-09-26 11:19:48,28.22,7100,28.22,D
sz002517,恺英网络,2025-09-26 11:19:57,28.2,22600,28.22,D
sz002517,恺英网络,2025-09-26 11:20:03,28.22,7100,28.23,D
sz002517,恺英网络,2025-09-26 11:20:24,28.25,8300,28.25,U
sz002517,恺英网络,2025-09-26 11:20:27,28.21,17200,28.25,D
sz002517,恺英网络,2025-09-26 11:21:15,28.21,11700,28.21,D
sz002517,恺英网络,2025-09-26 11:21:24,28.22,7300,28.24,D
sz002517,恺英网络,2025-09-26 11:21:57,28.22,32200,28.25,D
sz002517,恺英网络,2025-09-26 11:22:15,28.26,12700,28.25,U
sz002517,恺英网络,2025-09-26 11:22:36,28.3,16000,28.26,U
sz002517,恺英网络,2025-09-26 11:24:06,28.31,26200,28.31,D
sz002517,恺英网络,2025-09-26 11:24:12,28.31,21100,28.31,U
sz002517,恺英网络,2025-09-26 11:24:24,28.33,26500,28.34,D
sz002517,恺英网络,2025-09-26 11:24:39,28.32,7200,28.29,U
sz002517,恺英网络,2025-09-26 11:24:54,28.29,10500,28.33,E
sz002517,恺英网络,2025-09-26 11:25:18,28.23,11000,28.25,D
sz002517,恺英网络,2025-09-26 11:25:21,28.23,8500,28.23,D
sz002517,恺英网络,2025-09-26 11:26:03,28.22,15800,28.22,D
sz002517,恺英网络,2025-09-26 11:26:12,28.2,37900,28.2,D
sz002517,恺英网络,2025-09-26 11:26:15,28.2,10900,28.2,D
sz002517,恺英网络,2025-09-26 11:26:18,28.2,9600,28.2,D
sz002517,恺英网络,2025-09-26 11:26:24,28.17,36500,28.19,D
sz002517,恺英网络,2025-09-26 11:26:27,28.16,28500,28.17,D
sz002517,恺英网络,2025-09-26 11:26:36,28.18,7500,28.15,U
sz002517,恺英网络,2025-09-26 11:26:51,28.18,9800,28.18,D
sz002517,恺英网络,2025-09-26 11:26:54,28.25,46000,28.18,U
sz002517,恺英网络,2025-09-26 11:27:00,28.19,11300,28.19,D
sz002517,恺英网络,2025-09-26 11:27:21,28.18,10400,28.2,D
sz002517,恺英网络,2025-09-26 11:27:33,28.22,9300,28.17,U
sz002517,恺英网络,2025-09-26 11:27:42,28.28,7100,28.2,U
sz002517,恺英网络,2025-09-26 11:28:18,28.21,10100,28.2,U
sz002517,恺英网络,2025-09-26 11:28:27,28.25,7300,28.23,U
sz002517,恺英网络,2025-09-26 11:28:42,28.24,12500,28.25,D
sz002517,恺英网络,2025-09-26 11:29:03,28.24,19200,28.22,U
sz002517,恺英网络,2025-09-26 11:29:06,28.24,18800,28.24,D
sz002517,恺英网络,2025-09-26 11:29:09,28.24,8500,28.24,D
sz002517,恺英网络,2025-09-26 11:29:12,28.22,16900,28.24,D
sz002517,恺英网络,2025-09-26 11:29:15,28.21,7400,28.22,E
sz002517,恺英网络,2025-09-26 13:00:00,28.26,29400,28.24,U
sz002517,恺英网络,2025-09-26 13:00:03,28.25,19300,28.26,D
sz002517,恺英网络,2025-09-26 13:00:09,28.22,18600,28.25,D
sz002517,恺英网络,2025-09-26 13:00:12,28.21,19100,28.22,D
sz002517,恺英网络,2025-09-26 13:00:15,28.19,19982,28.21,D
sz002517,恺英网络,2025-09-26 13:00:21,28.17,11500,28.18,D
sz002517,恺英网络,2025-09-26 13:00:24,28.16,8900,28.17,D
sz002517,恺英网络,2025-09-26 13:00:27,28.16,7900,28.16,D
sz002517,恺英网络,2025-09-26 13:00:33,28.17,21400,28.16,U
sz002517,恺英网络,2025-09-26 13:00:45,28.2,28900,28.16,U
sz002517,恺英网络,2025-09-26 13:00:48,28.22,7400,28.2,U
sz002517,恺英网络,2025-09-26 13:00:51,28.22,7700,28.22,D
sz002517,恺英网络,2025-09-26 13:01:18,28.24,23600,28.2,U
sz002517,恺英网络,2025-09-26 13:01:51,28.14,103200,28.25,D
sz002517,恺英网络,2025-09-26 13:02:06,28.12,102800,28.2,D
sz002517,恺英网络,2025-09-26 13:02:09,28.22,11700,28.12,E
sz002517,恺英网络,2025-09-26 13:02:15,28.12,58900,28.22,D
sz002517,恺英网络,2025-09-26 13:02:36,28.2,26600,28.21,E
sz002517,恺英网络,2025-09-26 13:02:51,28.21,8900,28.23,D
sz002517,恺英网络,2025-09-26 13:03:00,28.26,18500,28.21,U
sz002517,恺英网络,2025-09-26 13:03:06,28.28,7200,28.26,U
sz002517,恺英网络,2025-09-26 13:03:57,28.23,10700,28.23,D
sz002517,恺英网络,2025-09-26 13:05:09,28.19,7100,28.22,D
sz002517,恺英网络,2025-09-26 13:05:42,28.22,18100,28.23,E
sz002517,恺英网络,2025-09-26 13:05:45,28.21,9600,28.22,E
sz002517,恺英网络,2025-09-26 13:05:57,28.25,7800,28.23,U
sz002517,恺英网络,2025-09-26 13:06:12,28.2,8600,28.23,D
sz002517,恺英网络,2025-09-26 13:06:54,28.23,10300,28.22,U
sz002517,恺英网络,2025-09-26 13:07:03,28.25,19200,28.22,U
sz002517,恺英网络,2025-09-26 13:07:54,28.2,7800,28.2,U
sz002517,恺英网络,2025-09-26 13:08:15,28.15,9800,28.16,D
sz002517,恺英网络,2025-09-26 13:08:48,28.15,8400,28.16,D
sz002517,恺英网络,2025-09-26 13:08:51,28.18,8600,28.15,U
sz002517,恺英网络,2025-09-26 13:09:00,28.19,27000,28.15,U
sz002517,恺英网络,2025-09-26 13:09:03,28.18,10400,28.19,D
sz002517,恺英网络,2025-09-26 13:09:06,28.15,16200,28.18,D
sz002517,恺英网络,2025-09-26 13:09:09,28.15,14200,28.15,D
sz002517,恺英网络,2025-09-26 13:09:12,28.14,15600,28.15,D
sz002517,恺英网络,2025-09-26 13:09:15,28.12,7700,28.14,D
sz002517,恺英网络,2025-09-26 13:09:18,28.12,69200,28.12,D
sz002517,恺英网络,2025-09-26 13:09:21,28.12,38000,28.12,D
sz002517,恺英网络,2025-09-26 13:09:24,28.12,36800,28.12,D
sz002517,恺英网络,2025-09-26 13:09:27,28.15,28700,28.12,E
sz002517,恺英网络,2025-09-26 13:09:30,28.13,15000,28.15,D
sz002517,恺英网络,2025-09-26 13:09:45,28.13,11500,28.13,D
sz002517,恺英网络,2025-09-26 13:09:51,28.13,13700,28.13,U
sz002517,恺英网络,2025-09-26 13:09:54,28.13,14500,28.13,U
sz002517,恺英网络,2025-09-26 13:10:03,28.11,7700,28.11,D
sz002517,恺英网络,2025-09-26 13:10:06,28.14,48100,28.11,U
sz002517,恺英网络,2025-09-26 13:10:09,28.11,23400,28.14,D
sz002517,恺英网络,2025-09-26 13:10:21,28.14,12400,28.18,E
sz002517,恺英网络,2025-09-26 13:10:33,28.14,43296,28.13,U
sz002517,恺英网络,2025-09-26 13:10:36,28.11,12900,28.14,D
sz002517,恺英网络,2025-09-26 13:11:12,28.13,16000,28.13,D
sz002517,恺英网络,2025-09-26 13:11:15,28.12,10900,28.13,D
sz002517,恺英网络,2025-09-26 13:11:18,28.16,13600,28.12,U
sz002517,恺英网络,2025-09-26 13:11:36,28.12,20100,28.14,D
sz002517,恺英网络,2025-09-26 13:11:39,28.13,7900,28.12,E
sz002517,恺英网络,2025-09-26 13:11:45,28.13,13400,28.12,U
sz002517,恺英网络,2025-09-26 13:12:00,28.14,8100,28.11,U
sz002517,恺英网络,2025-09-26 13:12:24,28.12,15100,28.12,U
sz002517,恺英网络,2025-09-26 13:12:27,28.12,15600,28.12,U
sz002517,恺英网络,2025-09-26 13:12:33,28.11,10000,28.12,D
sz002517,恺英网络,2025-09-26 13:12:36,28.11,31600,28.11,D
sz002517,恺英网络,2025-09-26 13:12:39,28.12,10500,28.11,E
sz002517,恺英网络,2025-09-26 13:12:42,28.12,23600,28.12,D
sz002517,恺英网络,2025-09-26 13:12:45,28.12,12600,28.12,D
sz002517,恺英网络,2025-09-26 13:13:06,28.15,8500,28.15,U
sz002517,恺英网络,2025-09-26 13:13:18,28.12,10000,28.15,D
sz002517,恺英网络,2025-09-26 13:13:36,28.15,7400,28.15,U
sz002517,恺英网络,2025-09-26 13:13:39,28.13,9200,28.15,D
sz002517,恺英网络,2025-09-26 13:15:12,28.17,11000,28.18,D
sz002517,恺英网络,2025-09-26 13:15:33,28.18,9000,28.15,U
sz002517,恺英网络,2025-09-26 13:16:09,28.17,15100,28.15,U
sz002517,恺英网络,2025-09-26 13:16:12,28.17,14900,28.17,U
sz002517,恺英网络,2025-09-26 13:16:39,28.13,13100,28.13,D
sz002517,恺英网络,2025-09-26 13:16:45,28.13,8000,28.13,D
sz002517,恺英网络,2025-09-26 13:16:54,28.13,8300,28.13,D
sz002517,恺英网络,2025-09-26 13:17:00,28.15,7900,28.15,U
sz002517,恺英网络,2025-09-26 13:17:15,28.13,9200,28.14,D
sz002517,恺英网络,2025-09-26 13:17:18,28.12,10200,28.13,D
sz002517,恺英网络,2025-09-26 13:17:30,28.11,11000,28.11,D
sz002517,恺英网络,2025-09-26 13:17:39,28.11,21100,28.12,D
sz002517,恺英网络,2025-09-26 13:17:45,28.11,15300,28.12,D
sz002517,恺英网络,2025-09-26 13:18:00,28.15,51300,28.11,U
sz002517,恺英网络,2025-09-26 13:18:12,28.14,17900,28.11,E
sz002517,恺英网络,2025-09-26 13:18:27,28.14,17500,28.14,D
sz002517,恺英网络,2025-09-26 13:18:36,28.11,8400,28.12,D
sz002517,恺英网络,2025-09-26 13:18:45,28.1,32800,28.12,D
sz002517,恺英网络,2025-09-26 13:18:51,28.1,12000,28.11,D
sz002517,恺英网络,2025-09-26 13:18:54,28.1,33800,28.1,D
sz002517,恺英网络,2025-09-26 13:19:03,28.11,7200,28.11,U
sz002517,恺英网络,2025-09-26 13:19:06,28.11,10500,28.11,D
sz002517,恺英网络,2025-09-26 13:19:18,28.12,23000,28.12,U
sz002517,恺英网络,2025-09-26 13:19:21,28.12,8100,28.12,U
sz002517,恺英网络,2025-09-26 13:19:24,28.1,29100,28.12,D
sz002517,恺英网络,2025-09-26 13:20:06,28.1,64000,28.1,D
sz002517,恺英网络,2025-09-26 13:20:09,28.1,24200,28.1,D
sz002517,恺英网络,2025-09-26 13:20:15,28.11,8700,28.1,U
sz002517,恺英网络,2025-09-26 13:20:21,28.1,11100,28.1,D
sz002517,恺英网络,2025-09-26 13:20:33,28.11,20900,28.1,U
sz002517,恺英网络,2025-09-26 13:20:36,28.11,18400,28.11,U
sz002517,恺英网络,2025-09-26 13:20:42,28.1,9700,28.1,U
sz002517,恺英网络,2025-09-26 13:21:06,28.12,12100,28.1,U
sz002517,恺英网络,2025-09-26 13:21:33,28.13,8300,28.13,E
sz002517,恺英网络,2025-09-26 13:21:51,28.11,43800,28.14,D
sz002517,恺英网络,2025-09-26 13:22:21,28.14,14600,28.14,U
sz002517,恺英网络,2025-09-26 13:22:54,28.12,9500,28.14,D
sz002517,恺英网络,2025-09-26 13:23:00,28.12,15300,28.12,U
sz002517,恺英网络,2025-09-26 13:23:12,28.11,21300,28.11,D
sz002517,恺英网络,2025-09-26 13:23:27,28.1,81000,28.1,D
sz002517,恺英网络,2025-09-26 13:23:30,28.11,18400,28.1,U
sz002517,恺英网络,2025-09-26 13:23:48,28.1,46100,28.1,D
sz002517,恺英网络,2025-09-26 13:24:03,28.11,9300,28.12,E
sz002517,恺英网络,2025-09-26 13:24:12,28.09,48700,28.09,D
sz002517,恺英网络,2025-09-26 13:24:15,28.09,17200,28.09,U
sz002517,恺英网络,2025-09-26 13:24:24,28.09,24500,28.08,U
sz002517,恺英网络,2025-09-26 13:24:27,28.08,7300,28.09,E
sz002517,恺英网络,2025-09-26 13:24:30,28.07,7500,28.08,D
sz002517,恺英网络,2025-09-26 13:24:39,28.07,25200,28.06,U
sz002517,恺英网络,2025-09-26 13:24:45,28.05,81000,28.07,D
sz002517,恺英网络,2025-09-26 13:24:48,28.05,8800,28.05,D
sz002517,恺英网络,2025-09-26 13:24:51,28.05,24600,28.05,U
sz002517,恺英网络,2025-09-26 13:25:00,28.07,8300,28.05,U
sz002517,恺英网络,2025-09-26 13:25:15,28.08,38200,28.07,U
sz002517,恺英网络,2025-09-26 13:25:33,28.07,10000,28.07,U
sz002517,恺英网络,2025-09-26 13:25:51,28.1,13300,28.1,U
sz002517,恺英网络,2025-09-26 13:26:00,28.12,15846,28.1,U
sz002517,恺英网络,2025-09-26 13:26:27,28.07,12900,28.08,D
sz002517,恺英网络,2025-09-26 13:26:30,28.08,23646,28.07,U
sz002517,恺英网络,2025-09-26 13:26:33,28.08,22700,28.08,U
sz002517,恺英网络,2025-09-26 13:26:54,28.06,9100,28.07,D
sz002517,恺英网络,2025-09-26 13:27:30,28.06,7500,28.06,D
sz002517,恺英网络,2025-09-26 13:27:33,28.05,9000,28.06,D
sz002517,恺英网络,2025-09-26 13:28:00,28.06,11100,28.04,U
sz002517,恺英网络,2025-09-26 13:28:03,28.06,17800,28.06,U
sz002517,恺英网络,2025-09-26 13:28:06,28.03,11400,28.06,D
sz002517,恺英网络,2025-09-26 13:28:15,28.04,9300,28.03,U
sz002517,恺英网络,2025-09-26 13:28:18,28.03,24800,28.04,D
sz002517,恺英网络,2025-09-26 13:28:24,28.04,17100,28.02,U
sz002517,恺英网络,2025-09-26 13:28:27,28.02,9900,28.04,D
sz002517,恺英网络,2025-09-26 13:28:45,28.02,64000,28.03,D
sz002517,恺英网络,2025-09-26 13:29:00,28.04,21700,28.01,U
sz002517,恺英网络,2025-09-26 13:29:03,28.07,124600,28.04,U
sz002517,恺英网络,2025-09-26 13:29:12,28.05,8400,28.05,D
sz002517,恺英网络,2025-09-26 13:29:36,28.03,17100,28.03,U
sz002517,恺英网络,2025-09-26 13:29:51,28.02,16300,28.02,U
sz002517,恺英网络,2025-09-26 13:30:30,28.02,24600,28.03,D
sz002517,恺英网络,2025-09-26 13:30:33,28.04,9900,28.02,U
sz002517,恺英网络,2025-09-26 13:31:06,28.01,98000,28.02,D
sz002517,恺英网络,2025-09-26 13:31:15,28.0,8200,28.01,D
sz002517,恺英网络,2025-09-26 13:31:24,28.0,314500,28.01,D
sz002517,恺英网络,2025-09-26 13:31:33,28.0,72200,28.0,D
sz002517,恺英网络,2025-09-26 13:31:36,27.99,13800,28.0,D
sz002517,恺英网络,2025-09-26 13:31:39,28.0,7300,27.99,U
sz002517,恺英网络,2025-09-26 13:31:42,27.98,9600,28.0,D
sz002517,恺英网络,2025-09-26 13:31:45,27.98,16800,27.98,D
sz002517,恺英网络,2025-09-26 13:31:51,27.99,10800,27.98,U
sz002517,恺英网络,2025-09-26 13:32:00,27.98,11200,27.98,D
sz002517,恺英网络,2025-09-26 13:32:06,27.96,11700,27.98,D
sz002517,恺英网络,2025-09-26 13:32:15,27.94,9300,27.95,D
sz002517,恺英网络,2025-09-26 13:32:21,27.9,67000,27.94,D
sz002517,恺英网络,2025-09-26 13:32:24,27.91,38700,27.9,E
sz002517,恺英网络,2025-09-26 13:32:27,27.91,15000,27.91,D
sz002517,恺英网络,2025-09-26 13:32:30,27.93,18600,27.91,U
sz002517,恺英网络,2025-09-26 13:32:33,27.91,7400,27.93,D
sz002517,恺英网络,2025-09-26 13:32:36,27.93,9800,27.91,U
sz002517,恺英网络,2025-09-26 13:32:42,27.94,40700,27.92,U
sz002517,恺英网络,2025-09-26 13:32:57,27.94,16500,27.93,U
sz002517,恺英网络,2025-09-26 13:33:00,27.94,24300,27.94,U
sz002517,恺英网络,2025-09-26 13:33:03,27.93,28500,27.94,E
sz002517,恺英网络,2025-09-26 13:33:27,27.96,188800,27.97,D
sz002517,恺英网络,2025-09-26 13:33:30,27.96,65100,27.96,U
sz002517,恺英网络,2025-09-26 13:33:33,27.95,17900,27.96,E
sz002517,恺英网络,2025-09-26 13:33:45,27.94,15200,27.94,U
sz002517,恺英网络,2025-09-26 13:34:00,27.88,10000,27.9,D
sz002517,恺英网络,2025-09-26 13:34:03,27.86,16400,27.88,D
sz002517,恺英网络,2025-09-26 13:34:06,27.87,12300,27.86,E
sz002517,恺英网络,2025-09-26 13:34:09,27.85,9800,27.87,D
sz002517,恺英网络,2025-09-26 13:34:12,27.88,21200,27.85,U
sz002517,恺英网络,2025-09-26 13:34:15,27.87,13800,27.88,E
sz002517,恺英网络,2025-09-26 13:34:18,27.85,21400,27.87,D
sz002517,恺英网络,2025-09-26 13:34:21,27.87,22900,27.85,U
sz002517,恺英网络,2025-09-26 13:34:27,27.86,13200,27.86,U
sz002517,恺英网络,2025-09-26 13:34:39,27.85,33700,27.84,U
sz002517,恺英网络,2025-09-26 13:34:42,27.84,25500,27.85,E
sz002517,恺英网络,2025-09-26 13:34:48,27.82,17500,27.84,D
sz002517,恺英网络,2025-09-26 13:34:57,27.8,67100,27.8,D
sz002517,恺英网络,2025-09-26 13:35:00,27.79,10800,27.8,D
sz002517,恺英网络,2025-09-26 13:35:03,27.77,26300,27.79,D
sz002517,恺英网络,2025-09-26 13:35:15,27.77,23600,27.77,U
sz002517,恺英网络,2025-09-26 13:35:18,27.79,78400,27.77,U
sz002517,恺英网络,2025-09-26 13:35:21,27.83,125700,27.79,U
sz002517,恺英网络,2025-09-26 13:35:24,27.82,17500,27.83,D
sz002517,恺英网络,2025-09-26 13:35:27,27.85,76100,27.82,U
sz002517,恺英网络,2025-09-26 13:35:30,27.8,16200,27.85,D
sz002517,恺英网络,2025-09-26 13:35:33,27.88,9300,27.8,U
sz002517,恺英网络,2025-09-26 13:35:42,27.86,7400,27.87,E
sz002517,恺英网络,2025-09-26 13:35:45,27.88,19300,27.86,U
sz002517,恺英网络,2025-09-26 13:35:48,27.88,32600,27.88,D
sz002517,恺英网络,2025-09-26 13:35:51,27.89,14600,27.88,U
sz002517,恺英网络,2025-09-26 13:35:54,27.88,31900,27.89,D
sz002517,恺英网络,2025-09-26 13:35:57,27.88,7600,27.88,U
sz002517,恺英网络,2025-09-26 13:36:03,27.89,76000,27.88,U
sz002517,恺英网络,2025-09-26 13:36:24,27.86,10200,27.85,U
sz002517,恺英网络,2025-09-26 13:36:42,27.81,12800,27.84,D
sz002517,恺英网络,2025-09-26 13:36:54,27.8,7400,27.81,D
sz002517,恺英网络,2025-09-26 13:37:03,27.8,12200,27.82,D
sz002517,恺英网络,2025-09-26 13:37:06,27.82,7700,27.8,E
sz002517,恺英网络,2025-09-26 13:37:09,27.86,30200,27.82,U
sz002517,恺英网络,2025-09-26 13:37:24,27.85,20500,27.85,U
sz002517,恺英网络,2025-09-26 13:37:36,27.85,11600,27.86,D
sz002517,恺英网络,2025-09-26 13:37:42,27.87,8400,27.87,U
sz002517,恺英网络,2025-09-26 13:37:51,27.88,11300,27.88,U
sz002517,恺英网络,2025-09-26 13:38:03,27.88,48346,27.87,U
sz002517,恺英网络,2025-09-26 13:38:15,27.9,7500,27.91,D
sz002517,恺英网络,2025-09-26 13:38:24,27.91,8900,27.9,U
sz002517,恺英网络,2025-09-26 13:38:45,27.93,17800,27.93,U
sz002517,恺英网络,2025-09-26 13:38:51,27.93,9000,27.93,U
sz002517,恺英网络,2025-09-26 13:38:54,27.91,12400,27.93,D
sz002517,恺英网络,2025-09-26 13:38:57,27.9,23400,27.91,D
sz002517,恺英网络,2025-09-26 13:39:00,27.88,20100,27.9,D
sz002517,恺英网络,2025-09-26 13:39:12,27.89,7900,27.88,U
sz002517,恺英网络,2025-09-26 13:39:27,27.9,25500,27.88,U
sz002517,恺英网络,2025-09-26 13:39:30,27.89,15500,27.9,D
sz002517,恺英网络,2025-09-26 13:39:51,27.93,17900,27.91,U
sz002517,恺英网络,2025-09-26 13:40:03,27.91,10300,27.92,D
sz002517,恺英网络,2025-09-26 13:40:06,27.91,10800,27.91,U
sz002517,恺英网络,2025-09-26 13:40:24,27.91,14700,27.91,D
sz002517,恺英网络,2025-09-26 13:40:33,27.91,8500,27.92,D
sz002517,恺英网络,2025-09-26 13:40:36,27.92,7400,27.91,D
sz002517,恺英网络,2025-09-26 13:40:54,27.9,75200,27.91,D
sz002517,恺英网络,2025-09-26 13:41:42,27.89,10400,27.9,D
sz002517,恺英网络,2025-09-26 13:41:54,27.89,11100,27.89,D
sz002517,恺英网络,2025-09-26 13:42:09,27.9,10500,27.9,U
sz002517,恺英网络,2025-09-26 13:42:36,27.88,9400,27.9,D
sz002517,恺英网络,2025-09-26 13:42:42,27.9,25500,27.9,U
sz002517,恺英网络,2025-09-26 13:42:51,27.92,24100,27.91,U
sz002517,恺英网络,2025-09-26 13:43:30,27.94,7200,27.93,U
sz002517,恺英网络,2025-09-26 13:44:06,27.94,15100,27.93,U
sz002517,恺英网络,2025-09-26 13:44:12,27.92,11900,27.92,D
sz002517,恺英网络,2025-09-26 13:44:18,27.91,7900,27.92,D
sz002517,恺英网络,2025-09-26 13:44:39,27.89,8700,27.9,D
sz002517,恺英网络,2025-09-26 13:45:12,27.9,9200,27.91,E
sz002517,恺英网络,2025-09-26 13:45:24,27.91,21800,27.91,D
sz002517,恺英网络,2025-09-26 13:45:36,27.93,33037,27.92,U
sz002517,恺英网络,2025-09-26 13:46:24,27.92,9400,27.92,U
sz002517,恺英网络,2025-09-26 13:46:33,27.92,11200,27.91,U
sz002517,恺英网络,2025-09-26 13:46:36,27.91,9100,27.92,D
sz002517,恺英网络,2025-09-26 13:46:54,27.9,38800,27.91,D
sz002517,恺英网络,2025-09-26 13:47:03,27.92,9800,27.94,D
sz002517,恺英网络,2025-09-26 13:47:12,27.96,32200,27.93,U
sz002517,恺英网络,2025-09-26 13:47:15,27.92,10900,27.96,D
sz002517,恺英网络,2025-09-26 13:47:27,27.99,12500,27.96,U
sz002517,恺英网络,2025-09-26 13:47:39,28.0,18300,27.99,U
sz002517,恺英网络,2025-09-26 13:48:00,28.01,8400,28.0,U
sz002517,恺英网络,2025-09-26 13:48:39,28.0,9800,27.99,U
sz002517,恺英网络,2025-09-26 13:48:48,28.01,13400,28.01,U
sz002517,恺英网络,2025-09-26 13:49:21,28.04,10000,28.04,D
sz002517,恺英网络,2025-09-26 13:49:30,28.05,8100,28.05,U
sz002517,恺英网络,2025-09-26 13:49:36,28.06,7500,28.06,U
sz002517,恺英网络,2025-09-26 13:49:57,28.08,9400,28.08,U
sz002517,恺英网络,2025-09-26 13:50:03,28.06,11000,28.06,D
sz002517,恺英网络,2025-09-26 13:50:09,28.07,7500,28.06,U
sz002517,恺英网络,2025-09-26 13:50:18,28.08,19900,28.08,U
sz002517,恺英网络,2025-09-26 13:50:27,28.07,12100,28.08,D
sz002517,恺英网络,2025-09-26 13:50:36,28.07,16600,28.08,D
sz002517,恺英网络,2025-09-26 13:51:27,28.04,10100,28.05,D
sz002517,恺英网络,2025-09-26 13:51:36,28.05,14000,28.05,D
sz002517,恺英网络,2025-09-26 13:52:03,28.06,9400,28.06,D
sz002517,恺英网络,2025-09-26 13:52:06,28.04,15500,28.06,D
sz002517,恺英网络,2025-09-26 13:52:12,28.04,9300,28.07,D
sz002517,恺英网络,2025-09-26 13:52:24,28.01,7200,28.05,D
sz002517,恺英网络,2025-09-26 13:52:33,28.0,17400,28.01,D
sz002517,恺英网络,2025-09-26 13:52:54,27.97,12300,27.99,D
sz002517,恺英网络,2025-09-26 13:53:03,27.94,7900,27.96,D
sz002517,恺英网络,2025-09-26 13:53:12,27.9,9000,27.91,D
sz002517,恺英网络,2025-09-26 13:53:24,27.91,23300,27.9,U
sz002517,恺英网络,2025-09-26 13:53:33,27.88,15900,27.9,D
sz002517,恺英网络,2025-09-26 13:53:39,27.88,32300,27.89,D
sz002517,恺英网络,2025-09-26 13:53:45,27.89,9900,27.9,D
sz002517,恺英网络,2025-09-26 13:54:03,27.88,13100,27.9,D
sz002517,恺英网络,2025-09-26 13:54:15,27.91,8800,27.88,U
sz002517,恺英网络,2025-09-26 13:55:18,27.9,11200,27.91,D
sz002517,恺英网络,2025-09-26 13:55:21,27.91,7700,27.9,E
sz002517,恺英网络,2025-09-26 13:55:54,27.9,9100,27.91,D
sz002517,恺英网络,2025-09-26 13:56:51,27.9,8100,27.9,D
sz002517,恺英网络,2025-09-26 13:57:09,27.91,7700,27.91,U
sz002517,恺英网络,2025-09-26 13:57:12,27.9,23700,27.91,D
sz002517,恺英网络,2025-09-26 13:57:21,27.89,13800,27.9,D
sz002517,恺英网络,2025-09-26 13:57:33,27.9,8500,27.89,U
sz002517,恺英网络,2025-09-26 13:57:45,27.9,15200,27.9,D
sz002517,恺英网络,2025-09-26 13:58:18,27.89,15600,27.89,U
sz002517,恺英网络,2025-09-26 13:58:24,27.91,20200,27.88,U
sz002517,恺英网络,2025-09-26 13:58:30,27.91,12900,27.9,U
sz002517,恺英网络,2025-09-26 13:59:09,27.88,8600,27.89,D
sz002517,恺英网络,2025-09-26 13:59:48,27.88,7500,27.89,D
sz002517,恺英网络,2025-09-26 14:00:21,27.88,12400,27.88,D
sz002517,恺英网络,2025-09-26 14:00:27,27.88,7200,27.88,D
sz002517,恺英网络,2025-09-26 14:00:39,27.88,10000,27.89,D
sz002517,恺英网络,2025-09-26 14:00:42,27.9,10100,27.88,U
sz002517,恺英网络,2025-09-26 14:00:57,27.9,8300,27.9,U
sz002517,恺英网络,2025-09-26 14:01:12,27.92,28100,27.9,U
sz002517,恺英网络,2025-09-26 14:01:15,27.92,8000,27.92,U
sz002517,恺英网络,2025-09-26 14:01:18,27.95,7800,27.92,U
sz002517,恺英网络,2025-09-26 14:01:33,27.99,10800,27.96,U
sz002517,恺英网络,2025-09-26 14:02:06,27.99,14100,28.0,E
sz002517,恺英网络,2025-09-26 14:02:09,27.99,7200,27.99,U
sz002517,恺英网络,2025-09-26 14:02:12,28.0,8400,27.99,U
sz002517,恺英网络,2025-09-26 14:03:18,28.0,8100,28.0,D
sz002517,恺英网络,2025-09-26 14:03:24,28.0,11400,28.01,D
sz002517,恺英网络,2025-09-26 14:03:27,28.0,8700,28.0,D
sz002517,恺英网络,2025-09-26 14:03:33,28.01,37100,28.0,U
sz002517,恺英网络,2025-09-26 14:03:36,28.01,12500,28.01,D
sz002517,恺英网络,2025-09-26 14:04:06,28.02,47600,28.02,D
sz002517,恺英网络,2025-09-26 14:04:48,28.04,34500,28.01,U
sz002517,恺英网络,2025-09-26 14:04:51,28.05,22000,28.04,U
sz002517,恺英网络,2025-09-26 14:05:18,28.09,13600,28.07,U
sz002517,恺英网络,2025-09-26 14:05:21,28.08,29500,28.09,E
sz002517,恺英网络,2025-09-26 14:05:27,28.1,10600,28.07,U
sz002517,恺英网络,2025-09-26 14:05:48,28.06,7500,28.08,D
sz002517,恺英网络,2025-09-26 14:06:48,28.0,9800,28.0,D
sz002517,恺英网络,2025-09-26 14:06:54,28.0,7300,28.0,D
sz002517,恺英网络,2025-09-26 14:07:06,28.0,10400,28.0,D
sz002517,恺英网络,2025-09-26 14:07:12,28.0,7800,27.99,D
sz002517,恺英网络,2025-09-26 14:07:18,27.98,8600,28.0,D
sz002517,恺英网络,2025-09-26 14:07:30,27.99,8100,27.99,U
sz002517,恺英网络,2025-09-26 14:07:45,27.97,10400,27.99,D
sz002517,恺英网络,2025-09-26 14:07:51,27.98,8700,27.97,E
sz002517,恺英网络,2025-09-26 14:08:03,27.99,10000,27.97,U
sz002517,恺英网络,2025-09-26 14:08:33,27.98,14700,27.98,D
sz002517,恺英网络,2025-09-26 14:08:42,27.97,18000,27.98,D
sz002517,恺英网络,2025-09-26 14:08:51,27.96,7500,27.95,E
sz002517,恺英网络,2025-09-26 14:09:09,27.95,25900,27.94,U
sz002517,恺英网络,2025-09-26 14:09:12,27.95,11200,27.95,D
sz002517,恺英网络,2025-09-26 14:09:18,27.96,8100,27.95,U
sz002517,恺英网络,2025-09-26 14:09:21,27.95,7400,27.96,D
sz002517,恺英网络,2025-09-26 14:10:24,27.9,9800,27.91,D
sz002517,恺英网络,2025-09-26 14:10:36,27.9,13600,27.91,D
sz002517,恺英网络,2025-09-26 14:10:39,27.9,36800,27.9,D
sz002517,恺英网络,2025-09-26 14:10:48,27.88,13200,27.9,D
sz002517,恺英网络,2025-09-26 14:10:54,27.86,44100,27.89,D
sz002517,恺英网络,2025-09-26 14:11:15,27.86,24200,27.85,U
sz002517,恺英网络,2025-09-26 14:11:27,27.85,7900,27.85,D
sz002517,恺英网络,2025-09-26 14:11:36,27.85,9100,27.85,U
sz002517,恺英网络,2025-09-26 14:11:57,27.84,11300,27.84,U
sz002517,恺英网络,2025-09-26 14:12:00,27.82,9500,27.84,D
sz002517,恺英网络,2025-09-26 14:12:03,27.85,21900,27.82,U
sz002517,恺英网络,2025-09-26 14:12:45,27.84,7200,27.85,D
sz002517,恺英网络,2025-09-26 14:12:48,27.85,14500,27.84,U
sz002517,恺英网络,2025-09-26 14:12:54,27.84,9400,27.83,U
sz002517,恺英网络,2025-09-26 14:13:00,27.83,36500,27.83,U
sz002517,恺英网络,2025-09-26 14:13:03,27.83,69400,27.83,D
sz002517,恺英网络,2025-09-26 14:13:06,27.82,12400,27.83,E
sz002517,恺英网络,2025-09-26 14:13:09,27.82,42400,27.82,D
sz002517,恺英网络,2025-09-26 14:13:15,27.8,133400,27.8,D
sz002517,恺英网络,2025-09-26 14:13:24,27.8,18300,27.8,D
sz002517,恺英网络,2025-09-26 14:13:30,27.79,17400,27.79,D
sz002517,恺英网络,2025-09-26 14:13:33,27.78,34500,27.79,D
sz002517,恺英网络,2025-09-26 14:13:45,27.77,8200,27.79,D
sz002517,恺英网络,2025-09-26 14:13:54,27.77,13000,27.77,D
sz002517,恺英网络,2025-09-26 14:14:00,27.76,12200,27.77,D
sz002517,恺英网络,2025-09-26 14:14:03,27.77,38000,27.76,U
sz002517,恺英网络,2025-09-26 14:14:06,27.78,66900,27.77,U
sz002517,恺英网络,2025-09-26 14:14:09,27.76,10500,27.78,D
sz002517,恺英网络,2025-09-26 14:14:21,27.77,32900,27.77,U
sz002517,恺英网络,2025-09-26 14:14:24,27.76,29800,27.77,D
sz002517,恺英网络,2025-09-26 14:14:33,27.75,61000,27.75,D
sz002517,恺英网络,2025-09-26 14:14:36,27.75,16400,27.75,U
sz002517,恺英网络,2025-09-26 14:14:42,27.75,13500,27.75,U
sz002517,恺英网络,2025-09-26 14:14:57,27.71,15300,27.72,D
sz002517,恺英网络,2025-09-26 14:15:00,27.72,20700,27.71,U
sz002517,恺英网络,2025-09-26 14:15:03,27.71,44900,27.72,D
sz002517,恺英网络,2025-09-26 14:15:06,27.71,54400,27.71,U
sz002517,恺英网络,2025-09-26 14:15:09,27.7,14000,27.71,D
sz002517,恺英网络,2025-09-26 14:15:15,27.74,68800,27.7,U
sz002517,恺英网络,2025-09-26 14:15:18,27.72,32500,27.74,D
sz002517,恺英网络,2025-09-26 14:15:21,27.74,14400,27.72,U
sz002517,恺英网络,2025-09-26 14:15:24,27.71,34500,27.74,D
sz002517,恺英网络,2025-09-26 14:15:30,27.74,8900,27.73,U
sz002517,恺英网络,2025-09-26 14:15:33,27.73,8200,27.74,D
sz002517,恺英网络,2025-09-26 14:15:36,27.72,14300,27.73,D
sz002517,恺英网络,2025-09-26 14:15:39,27.73,31200,27.72,U
sz002517,恺英网络,2025-09-26 14:15:42,27.7,15200,27.73,D
sz002517,恺英网络,2025-09-26 14:15:51,27.71,7400,27.71,D
sz002517,恺英网络,2025-09-26 14:15:54,27.7,57000,27.71,D
sz002517,恺英网络,2025-09-26 14:16:00,27.69,21100,27.69,U
sz002517,恺英网络,2025-09-26 14:16:03,27.69,27400,27.69,U
sz002517,恺英网络,2025-09-26 14:16:06,27.7,20900,27.69,U
sz002517,恺英网络,2025-09-26 14:16:09,27.7,84600,27.7,U
sz002517,恺英网络,2025-09-26 14:16:12,27.7,9300,27.7,U
sz002517,恺英网络,2025-09-26 14:16:15,27.7,9800,27.7,D
sz002517,恺英网络,2025-09-26 14:16:18,27.71,10600,27.7,U
sz002517,恺英网络,2025-09-26 14:16:21,27.71,11300,27.71,U
sz002517,恺英网络,2025-09-26 14:16:24,27.7,7300,27.71,D
sz002517,恺英网络,2025-09-26 14:16:30,27.71,18400,27.7,U
sz002517,恺英网络,2025-09-26 14:16:36,27.7,10600,27.71,D
sz002517,恺英网络,2025-09-26 14:16:45,27.71,14700,27.71,D
sz002517,恺英网络,2025-09-26 14:16:54,27.71,13300,27.72,D
sz002517,恺英网络,2025-09-26 14:16:57,27.7,7700,27.71,D
sz002517,恺英网络,2025-09-26 14:17:00,27.69,46900,27.7,D
sz002517,恺英网络,2025-09-26 14:17:06,27.67,19100,27.69,D
sz002517,恺英网络,2025-09-26 14:17:15,27.66,8700,27.68,D
sz002517,恺英网络,2025-09-26 14:17:18,27.67,20600,27.66,U
sz002517,恺英网络,2025-09-26 14:17:21,27.66,17900,27.67,D
sz002517,恺英网络,2025-09-26 14:17:27,27.66,43300,27.66,U
sz002517,恺英网络,2025-09-26 14:17:36,27.66,20500,27.64,U
sz002517,恺英网络,2025-09-26 14:17:39,27.66,10400,27.66,D
sz002517,恺英网络,2025-09-26 14:17:42,27.67,15300,27.66,U
sz002517,恺英网络,2025-09-26 14:17:45,27.67,42500,27.67,U
sz002517,恺英网络,2025-09-26 14:17:48,27.66,143600,27.67,D
sz002517,恺英网络,2025-09-26 14:17:54,27.66,13800,27.66,D
sz002517,恺英网络,2025-09-26 14:17:57,27.66,7750,27.66,U
sz002517,恺英网络,2025-09-26 14:18:00,27.64,9150,27.66,D
sz002517,恺英网络,2025-09-26 14:18:03,27.73,90300,27.64,U
sz002517,恺英网络,2025-09-26 14:18:06,27.65,20800,27.73,D
sz002517,恺英网络,2025-09-26 14:18:09,27.64,8700,27.65,E
sz002517,恺英网络,2025-09-26 14:18:15,27.65,26300,27.66,E
sz002517,恺英网络,2025-09-26 14:18:21,27.68,16600,27.66,U
sz002517,恺英网络,2025-09-26 14:18:33,27.7,11500,27.68,E
sz002517,恺英网络,2025-09-26 14:19:00,27.72,12100,27.73,D
sz002517,恺英网络,2025-09-26 14:19:03,27.74,17400,27.72,U
sz002517,恺英网络,2025-09-26 14:19:18,27.73,9700,27.73,D
sz002517,恺英网络,2025-09-26 14:19:21,27.72,10700,27.73,D
sz002517,恺英网络,2025-09-26 14:19:39,27.73,8400,27.73,U
sz002517,恺英网络,2025-09-26 14:19:48,27.72,15400,27.71,U
sz002517,恺英网络,2025-09-26 14:19:57,27.7,43600,27.71,D
sz002517,恺英网络,2025-09-26 14:20:00,27.69,18200,27.7,D
sz002517,恺英网络,2025-09-26 14:20:03,27.68,11100,27.69,D
sz002517,恺英网络,2025-09-26 14:20:15,27.68,9900,27.69,D
sz002517,恺英网络,2025-09-26 14:20:33,27.7,16900,27.7,U
sz002517,恺英网络,2025-09-26 14:21:03,27.8,41750,27.71,U
sz002517,恺英网络,2025-09-26 14:21:27,27.73,37500,27.73,U
sz002517,恺英网络,2025-09-26 14:21:30,27.73,13300,27.73,U
sz002517,恺英网络,2025-09-26 14:21:33,27.72,10400,27.73,D
sz002517,恺英网络,2025-09-26 14:21:36,27.69,41600,27.72,D
sz002517,恺英网络,2025-09-26 14:21:42,27.71,21300,27.72,E
sz002517,恺英网络,2025-09-26 14:21:45,27.69,10000,27.71,D
sz002517,恺英网络,2025-09-26 14:21:48,27.7,9800,27.69,U
sz002517,恺英网络,2025-09-26 14:21:54,27.69,9600,27.69,D
sz002517,恺英网络,2025-09-26 14:21:57,27.7,58800,27.69,U
sz002517,恺英网络,2025-09-26 14:22:00,27.68,20600,27.7,D
sz002517,恺英网络,2025-09-26 14:22:03,27.68,48500,27.68,D
sz002517,恺英网络,2025-09-26 14:22:06,27.68,40800,27.68,D
sz002517,恺英网络,2025-09-26 14:22:09,27.65,18100,27.68,D
sz002517,恺英网络,2025-09-26 14:22:12,27.65,10900,27.65,D
sz002517,恺英网络,2025-09-26 14:22:18,27.7,16900,27.69,U
sz002517,恺英网络,2025-09-26 14:22:21,27.7,30500,27.7,D
sz002517,恺英网络,2025-09-26 14:22:24,27.7,16200,27.7,D
sz002517,恺英网络,2025-09-26 14:22:33,27.68,40300,27.67,U
sz002517,恺英网络,2025-09-26 14:22:36,27.68,19300,27.68,D
sz002517,恺英网络,2025-09-26 14:22:45,27.69,11700,27.69,D
sz002517,恺英网络,2025-09-26 14:22:48,27.68,19600,27.69,D
sz002517,恺英网络,2025-09-26 14:22:54,27.68,14000,27.69,D
sz002517,恺英网络,2025-09-26 14:23:06,27.68,8000,27.7,D
sz002517,恺英网络,2025-09-26 14:23:12,27.68,7700,27.69,D
sz002517,恺英网络,2025-09-26 14:23:15,27.68,23200,27.68,D
sz002517,恺英网络,2025-09-26 14:23:18,27.68,32600,27.68,D
sz002517,恺英网络,2025-09-26 14:23:21,27.67,7900,27.68,D
sz002517,恺英网络,2025-09-26 14:23:24,27.66,13800,27.67,D
sz002517,恺英网络,2025-09-26 14:23:27,27.65,14600,27.66,D
sz002517,恺英网络,2025-09-26 14:23:30,27.65,15700,27.65,D
sz002517,恺英网络,2025-09-26 14:23:33,27.68,21400,27.65,U
sz002517,恺英网络,2025-09-26 14:23:36,27.66,12300,27.68,D
sz002517,恺英网络,2025-09-26 14:23:39,27.66,11600,27.66,D
sz002517,恺英网络,2025-09-26 14:23:42,27.66,37500,27.66,D
sz002517,恺英网络,2025-09-26 14:23:45,27.66,13500,27.66,D
sz002517,恺英网络,2025-09-26 14:23:54,27.66,35100,27.66,D
sz002517,恺英网络,2025-09-26 14:23:57,27.66,12100,27.66,D
sz002517,恺英网络,2025-09-26 14:24:06,27.67,16300,27.69,D
sz002517,恺英网络,2025-09-26 14:24:24,27.67,9700,27.67,U
sz002517,恺英网络,2025-09-26 14:24:27,27.66,15400,27.67,D
sz002517,恺英网络,2025-09-26 14:24:33,27.67,8500,27.67,U
sz002517,恺英网络,2025-09-26 14:24:39,27.68,9900,27.68,U
sz002517,恺英网络,2025-09-26 14:24:42,27.65,9500,27.68,D
sz002517,恺英网络,2025-09-26 14:24:45,27.65,9500,27.65,D
sz002517,恺英网络,2025-09-26 14:24:51,27.67,21800,27.65,U
sz002517,恺英网络,2025-09-26 14:24:54,27.68,22000,27.67,U
sz002517,恺英网络,2025-09-26 14:25:00,27.65,12500,27.69,D
sz002517,恺英网络,2025-09-26 14:25:06,27.65,15500,27.65,D
sz002517,恺英网络,2025-09-26 14:25:15,27.66,16800,27.67,E
sz002517,恺英网络,2025-09-26 14:25:18,27.66,14000,27.66,D
sz002517,恺英网络,2025-09-26 14:25:21,27.66,7500,27.66,D
sz002517,恺英网络,2025-09-26 14:25:24,27.65,9600,27.66,D
sz002517,恺英网络,2025-09-26 14:25:33,27.65,9200,27.65,U
sz002517,恺英网络,2025-09-26 14:25:36,27.64,13500,27.65,D
sz002517,恺英网络,2025-09-26 14:25:39,27.63,12900,27.64,E
sz002517,恺英网络,2025-09-26 14:25:42,27.64,8500,27.63,U
sz002517,恺英网络,2025-09-26 14:25:45,27.63,10900,27.64,D
sz002517,恺英网络,2025-09-26 14:25:48,27.61,21100,27.63,D
sz002517,恺英网络,2025-09-26 14:25:51,27.61,12000,27.61,D
sz002517,恺英网络,2025-09-26 14:25:54,27.6,8300,27.61,D
sz002517,恺英网络,2025-09-26 14:26:00,27.61,40200,27.6,U
sz002517,恺英网络,2025-09-26 14:26:03,27.64,63500,27.61,U
sz002517,恺英网络,2025-09-26 14:26:06,27.6,61700,27.64,D
sz002517,恺英网络,2025-09-26 14:26:09,27.61,12700,27.6,E
sz002517,恺英网络,2025-09-26 14:26:12,27.61,9900,27.61,D
sz002517,恺英网络,2025-09-26 14:26:27,27.59,21900,27.59,U
sz002517,恺英网络,2025-09-26 14:26:30,27.59,17600,27.59,U
sz002517,恺英网络,2025-09-26 14:26:33,27.59,82100,27.59,D
sz002517,恺英网络,2025-09-26 14:26:36,27.6,14100,27.59,E
sz002517,恺英网络,2025-09-26 14:26:39,27.62,7900,27.6,U
sz002517,恺英网络,2025-09-26 14:26:42,27.6,22500,27.62,D
sz002517,恺英网络,2025-09-26 14:26:45,27.62,32300,27.6,U
sz002517,恺英网络,2025-09-26 14:26:48,27.62,26600,27.62,U
sz002517,恺英网络,2025-09-26 14:26:51,27.59,23100,27.62,D
sz002517,恺英网络,2025-09-26 14:26:54,27.59,23900,27.59,D
sz002517,恺英网络,2025-09-26 14:26:57,27.58,18900,27.59,D
sz002517,恺英网络,2025-09-26 14:27:00,27.61,21400,27.58,U
sz002517,恺英网络,2025-09-26 14:27:03,27.63,57200,27.61,U
sz002517,恺英网络,2025-09-26 14:27:06,27.59,50700,27.63,D
sz002517,恺英网络,2025-09-26 14:27:09,27.59,15100,27.59,D
sz002517,恺英网络,2025-09-26 14:27:15,27.57,18100,27.58,D
sz002517,恺英网络,2025-09-26 14:27:18,27.58,13200,27.57,D
sz002517,恺英网络,2025-09-26 14:27:21,27.62,14500,27.58,U
sz002517,恺英网络,2025-09-26 14:27:24,27.62,21700,27.62,U
sz002517,恺英网络,2025-09-26 14:27:27,27.56,13700,27.62,D
sz002517,恺英网络,2025-09-26 14:27:30,27.56,10700,27.56,U
sz002517,恺英网络,2025-09-26 14:27:33,27.65,11600,27.56,U
sz002517,恺英网络,2025-09-26 14:27:36,27.62,18200,27.65,E
sz002517,恺英网络,2025-09-26 14:27:48,27.55,19500,27.56,D
sz002517,恺英网络,2025-09-26 14:27:51,27.6,9000,27.55,U
sz002517,恺英网络,2025-09-26 14:27:54,27.55,8200,27.6,D
sz002517,恺英网络,2025-09-26 14:27:57,27.55,12500,27.55,D
sz002517,恺英网络,2025-09-26 14:28:03,27.56,10700,27.55,D
sz002517,恺英网络,2025-09-26 14:28:06,27.55,7300,27.56,D
sz002517,恺英网络,2025-09-26 14:28:15,27.54,24100,27.55,D
sz002517,恺英网络,2025-09-26 14:28:18,27.54,15300,27.54,D
sz002517,恺英网络,2025-09-26 14:28:21,27.54,10700,27.54,D
sz002517,恺英网络,2025-09-26 14:28:27,27.54,8000,27.55,D
sz002517,恺英网络,2025-09-26 14:28:39,27.55,16400,27.53,U
sz002517,恺英网络,2025-09-26 14:28:42,27.54,49100,27.55,D
sz002517,恺英网络,2025-09-26 14:28:45,27.53,22600,27.54,D
sz002517,恺英网络,2025-09-26 14:28:48,27.61,19600,27.53,U
sz002517,恺英网络,2025-09-26 14:28:51,27.57,12900,27.61,D
sz002517,恺英网络,2025-09-26 14:28:54,27.6,17600,27.57,E
sz002517,恺英网络,2025-09-26 14:29:00,27.62,28900,27.62,U
sz002517,恺英网络,2025-09-26 14:29:03,27.63,8700,27.62,U
sz002517,恺英网络,2025-09-26 14:29:06,27.61,9800,27.63,D
sz002517,恺英网络,2025-09-26 14:29:09,27.6,24900,27.61,D
sz002517,恺英网络,2025-09-26 14:29:15,27.61,15600,27.6,E
sz002517,恺英网络,2025-09-26 14:29:27,27.62,24200,27.61,U
sz002517,恺英网络,2025-09-26 14:29:45,27.67,17100,27.63,E
sz002517,恺英网络,2025-09-26 14:29:54,27.61,13000,27.63,D
sz002517,恺英网络,2025-09-26 14:30:00,27.6,10000,27.62,D
sz002517,恺英网络,2025-09-26 14:30:03,27.6,20100,27.6,U
sz002517,恺英网络,2025-09-26 14:30:06,27.6,49900,27.6,U
sz002517,恺英网络,2025-09-26 14:30:09,27.58,7300,27.6,D
sz002517,恺英网络,2025-09-26 14:30:12,27.57,16500,27.58,D
sz002517,恺英网络,2025-09-26 14:30:18,27.56,9900,27.56,U
sz002517,恺英网络,2025-09-26 14:30:21,27.56,26400,27.56,U
sz002517,恺英网络,2025-09-26 14:30:24,27.55,8400,27.56,D
sz002517,恺英网络,2025-09-26 14:30:27,27.55,17200,27.55,U
sz002517,恺英网络,2025-09-26 14:30:30,27.54,14600,27.55,D
sz002517,恺英网络,2025-09-26 14:30:33,27.55,43800,27.54,U
sz002517,恺英网络,2025-09-26 14:30:36,27.54,33800,27.55,D
sz002517,恺英网络,2025-09-26 14:30:39,27.56,13300,27.54,U
sz002517,恺英网络,2025-09-26 14:30:48,27.53,28900,27.54,D
sz002517,恺英网络,2025-09-26 14:30:51,27.52,23100,27.53,D
sz002517,恺英网络,2025-09-26 14:30:54,27.51,56700,27.52,D
sz002517,恺英网络,2025-09-26 14:30:57,27.51,51300,27.51,D
sz002517,恺英网络,2025-09-26 14:31:00,27.52,93900,27.51,E
sz002517,恺英网络,2025-09-26 14:31:03,27.52,144500,27.52,U
sz002517,恺英网络,2025-09-26 14:31:06,27.55,118200,27.52,U
sz002517,恺英网络,2025-09-26 14:31:09,27.52,26500,27.55,D
sz002517,恺英网络,2025-09-26 14:31:12,27.54,19800,27.52,U
sz002517,恺英网络,2025-09-26 14:31:15,27.51,95400,27.54,D
sz002517,恺英网络,2025-09-26 14:31:18,27.51,120100,27.51,U
sz002517,恺英网络,2025-09-26 14:31:21,27.5,102700,27.51,D
sz002517,恺英网络,2025-09-26 14:31:24,27.48,27100,27.5,D
sz002517,恺英网络,2025-09-26 14:31:27,27.46,16000,27.48,D
sz002517,恺英网络,2025-09-26 14:31:30,27.45,12800,27.46,D
sz002517,恺英网络,2025-09-26 14:31:33,27.44,22000,27.45,D
sz002517,恺英网络,2025-09-26 14:31:36,27.42,26200,27.44,D
sz002517,恺英网络,2025-09-26 14:31:39,27.41,50000,27.42,D
sz002517,恺英网络,2025-09-26 14:31:42,27.4,42600,27.41,D
sz002517,恺英网络,2025-09-26 14:31:45,27.39,32200,27.4,D
sz002517,恺英网络,2025-09-26 14:31:48,27.38,54200,27.39,D
sz002517,恺英网络,2025-09-26 14:31:51,27.37,41600,27.38,D
sz002517,恺英网络,2025-09-26 14:31:54,27.36,76600,27.37,D
sz002517,恺英网络,2025-09-26 14:31:57,27.35,117000,27.36,D
sz002517,恺英网络,2025-09-26 14:32:00,27.31,75100,27.35,D
sz002517,恺英网络,2025-09-26 14:32:03,27.35,291600,27.31,U
sz002517,恺英网络,2025-09-26 14:32:06,27.32,101900,27.35,D
sz002517,恺英网络,2025-09-26 14:32:09,27.3,99800,27.32,D
sz002517,恺英网络,2025-09-26 14:32:12,27.26,54100,27.3,D
sz002517,恺英网络,2025-09-26 14:32:15,27.24,25800,27.26,D
sz002517,恺英网络,2025-09-26 14:32:18,27.24,133100,27.24,D
sz002517,恺英网络,2025-09-26 14:32:21,27.24,34000,27.24,D
sz002517,恺英网络,2025-09-26 14:32:24,27.22,87400,27.24,D
sz002517,恺英网络,2025-09-26 14:32:27,27.16,58900,27.22,D
sz002517,恺英网络,2025-09-26 14:32:30,27.22,89400,27.16,E
sz002517,恺英网络,2025-09-26 14:32:33,27.17,52800,27.22,E
sz002517,恺英网络,2025-09-26 14:32:36,27.17,129800,27.17,U
sz002517,恺英网络,2025-09-26 14:32:39,27.16,124400,27.17,D
sz002517,恺英网络,2025-09-26 14:32:42,27.15,20600,27.16,D
sz002517,恺英网络,2025-09-26 14:32:45,27.13,119900,27.15,D
sz002517,恺英网络,2025-09-26 14:32:48,27.12,80800,27.13,D
sz002517,恺英网络,2025-09-26 14:32:51,27.1,229200,27.12,D
sz002517,恺英网络,2025-09-26 14:32:54,27.13,245200,27.1,U
sz002517,恺英网络,2025-09-26 14:32:57,27.12,34400,27.13,D
sz002517,恺英网络,2025-09-26 14:33:00,27.21,122000,27.12,U
sz002517,恺英网络,2025-09-26 14:33:03,27.18,159100,27.21,D
sz002517,恺英网络,2025-09-26 14:33:06,27.19,73100,27.18,E
sz002517,恺英网络,2025-09-26 14:33:09,27.17,65300,27.19,D
sz002517,恺英网络,2025-09-26 14:33:12,27.16,14600,27.17,D
sz002517,恺英网络,2025-09-26 14:33:15,27.15,28900,27.16,D
sz002517,恺英网络,2025-09-26 14:33:18,27.19,163400,27.15,U
sz002517,恺英网络,2025-09-26 14:33:21,27.18,91400,27.19,D
sz002517,恺英网络,2025-09-26 14:33:24,27.17,50800,27.18,D
sz002517,恺英网络,2025-09-26 14:33:27,27.18,37900,27.17,U
sz002517,恺英网络,2025-09-26 14:33:30,27.19,74300,27.18,U
sz002517,恺英网络,2025-09-26 14:33:33,27.18,65000,27.19,E
sz002517,恺英网络,2025-09-26 14:33:36,27.17,21600,27.18,U
sz002517,恺英网络,2025-09-26 14:33:39,27.18,53600,27.17,U
sz002517,恺英网络,2025-09-26 14:33:42,27.19,31800,27.18,U
sz002517,恺英网络,2025-09-26 14:33:45,27.18,117800,27.19,D
sz002517,恺英网络,2025-09-26 14:33:48,27.21,24900,27.18,E
sz002517,恺英网络,2025-09-26 14:33:51,27.26,14300,27.21,U
sz002517,恺英网络,2025-09-26 14:33:54,27.21,29700,27.26,D
sz002517,恺英网络,2025-09-26 14:33:57,27.26,13300,27.21,D
sz002517,恺英网络,2025-09-26 14:34:00,27.26,55654,27.26,D
sz002517,恺英网络,2025-09-26 14:34:03,27.26,53400,27.26,U
sz002517,恺英网络,2025-09-26 14:34:06,27.35,9700,27.26,U
sz002517,恺英网络,2025-09-26 14:34:09,27.28,37300,27.35,E
sz002517,恺英网络,2025-09-26 14:34:12,27.35,10100,27.28,U
sz002517,恺英网络,2025-09-26 14:34:15,27.34,12300,27.35,E
sz002517,恺英网络,2025-09-26 14:34:18,27.35,48100,27.34,U
sz002517,恺英网络,2025-09-26 14:34:21,27.37,20300,27.35,U
sz002517,恺英网络,2025-09-26 14:34:24,27.37,50700,27.37,U
sz002517,恺英网络,2025-09-26 14:34:27,27.38,14500,27.37,U
sz002517,恺英网络,2025-09-26 14:34:30,27.38,36800,27.38,U
sz002517,恺英网络,2025-09-26 14:34:33,27.37,17700,27.38,E
sz002517,恺英网络,2025-09-26 14:34:36,27.36,7900,27.37,E
sz002517,恺英网络,2025-09-26 14:34:39,27.35,20700,27.36,D
sz002517,恺英网络,2025-09-26 14:34:42,27.35,13500,27.35,D
sz002517,恺英网络,2025-09-26 14:34:45,27.37,25900,27.35,U
sz002517,恺英网络,2025-09-26 14:34:48,27.35,17400,27.37,D
sz002517,恺英网络,2025-09-26 14:34:51,27.34,8000,27.35,D
sz002517,恺英网络,2025-09-26 14:34:54,27.36,21600,27.34,U
sz002517,恺英网络,2025-09-26 14:34:57,27.35,9200,27.36,D
sz002517,恺英网络,2025-09-26 14:35:00,27.35,16000,27.35,D
sz002517,恺英网络,2025-09-26 14:35:03,27.35,40600,27.35,U
sz002517,恺英网络,2025-09-26 14:35:06,27.34,12900,27.35,E
sz002517,恺英网络,2025-09-26 14:35:12,27.3,19400,27.34,D
sz002517,恺英网络,2025-09-26 14:35:15,27.29,13200,27.3,D
sz002517,恺英网络,2025-09-26 14:35:18,27.3,11600,27.29,U
sz002517,恺英网络,2025-09-26 14:35:21,27.27,13600,27.3,D
sz002517,恺英网络,2025-09-26 14:35:24,27.27,33500,27.27,D
sz002517,恺英网络,2025-09-26 14:35:27,27.26,141500,27.27,E
sz002517,恺英网络,2025-09-26 14:35:30,27.27,56400,27.26,D
sz002517,恺英网络,2025-09-26 14:35:33,27.29,10800,27.27,U
sz002517,恺英网络,2025-09-26 14:35:36,27.29,25100,27.29,U
sz002517,恺英网络,2025-09-26 14:35:45,27.28,32800,27.27,U
sz002517,恺英网络,2025-09-26 14:35:48,27.24,13000,27.28,D
sz002517,恺英网络,2025-09-26 14:35:51,27.23,23200,27.24,D
sz002517,恺英网络,2025-09-26 14:35:54,27.22,15746,27.23,D
sz002517,恺英网络,2025-09-26 14:35:57,27.23,79500,27.22,U
sz002517,恺英网络,2025-09-26 14:36:00,27.22,18900,27.23,E
sz002517,恺英网络,2025-09-26 14:36:03,27.24,84500,27.22,U
sz002517,恺英网络,2025-09-26 14:36:06,27.24,27800,27.24,U
sz002517,恺英网络,2025-09-26 14:36:09,27.24,30900,27.24,U
sz002517,恺英网络,2025-09-26 14:36:12,27.23,21600,27.24,D
sz002517,恺英网络,2025-09-26 14:36:18,27.24,9600,27.23,U
sz002517,恺英网络,2025-09-26 14:36:21,27.24,12200,27.24,U
sz002517,恺英网络,2025-09-26 14:36:24,27.23,24700,27.24,D
sz002517,恺英网络,2025-09-26 14:36:27,27.23,9300,27.23,D
sz002517,恺英网络,2025-09-26 14:36:30,27.24,10600,27.23,U
sz002517,恺英网络,2025-09-26 14:36:39,27.23,12500,27.23,U
sz002517,恺英网络,2025-09-26 14:36:42,27.23,34100,27.23,U
sz002517,恺英网络,2025-09-26 14:36:45,27.23,36200,27.23,U
sz002517,恺英网络,2025-09-26 14:36:48,27.27,151300,27.23,U
sz002517,恺英网络,2025-09-26 14:36:51,27.28,27600,27.27,U
sz002517,恺英网络,2025-09-26 14:36:54,27.28,7600,27.28,U
sz002517,恺英网络,2025-09-26 14:36:57,27.28,15300,27.28,U
sz002517,恺英网络,2025-09-26 14:37:00,27.29,34600,27.28,U
sz002517,恺英网络,2025-09-26 14:37:03,27.4,80800,27.29,U
sz002517,恺英网络,2025-09-26 14:37:06,27.41,35500,27.4,U
sz002517,恺英网络,2025-09-26 14:37:09,27.42,32600,27.41,U
sz002517,恺英网络,2025-09-26 14:37:12,27.42,17900,27.42,D
sz002517,恺英网络,2025-09-26 14:37:15,27.39,32500,27.42,D
sz002517,恺英网络,2025-09-26 14:37:18,27.39,9700,27.39,U
sz002517,恺英网络,2025-09-26 14:37:27,27.4,30000,27.4,U
sz002517,恺英网络,2025-09-26 14:37:30,27.4,23800,27.4,D
sz002517,恺英网络,2025-09-26 14:37:33,27.38,15000,27.4,D
sz002517,恺英网络,2025-09-26 14:37:39,27.38,12800,27.38,U
sz002517,恺英网络,2025-09-26 14:37:42,27.37,9100,27.38,E
sz002517,恺英网络,2025-09-26 14:37:45,27.37,14500,27.37,U
sz002517,恺英网络,2025-09-26 14:37:48,27.35,20900,27.37,D
sz002517,恺英网络,2025-09-26 14:37:51,27.35,19900,27.35,U
sz002517,恺英网络,2025-09-26 14:37:54,27.34,10200,27.35,D
sz002517,恺英网络,2025-09-26 14:37:57,27.34,15900,27.34,U
sz002517,恺英网络,2025-09-26 14:38:00,27.33,34100,27.34,D
sz002517,恺英网络,2025-09-26 14:38:03,27.35,82200,27.33,U
sz002517,恺英网络,2025-09-26 14:38:06,27.36,29200,27.35,U
sz002517,恺英网络,2025-09-26 14:38:12,27.37,10500,27.34,U
sz002517,恺英网络,2025-09-26 14:38:15,27.36,11500,27.37,D
sz002517,恺英网络,2025-09-26 14:38:18,27.37,13600,27.36,U
sz002517,恺英网络,2025-09-26 14:38:27,27.37,27800,27.37,U
sz002517,恺英网络,2025-09-26 14:38:30,27.37,22100,27.37,U
sz002517,恺英网络,2025-09-26 14:38:45,27.37,15000,27.37,U
sz002517,恺英网络,2025-09-26 14:38:48,27.37,9400,27.37,U
sz002517,恺英网络,2025-09-26 14:38:54,27.37,8700,27.37,U
sz002517,恺英网络,2025-09-26 14:39:00,27.36,11100,27.37,D
sz002517,恺英网络,2025-09-26 14:39:03,27.37,11300,27.36,U
sz002517,恺英网络,2025-09-26 14:39:06,27.37,19400,27.37,D
sz002517,恺英网络,2025-09-26 14:39:15,27.38,7500,27.38,U
sz002517,恺英网络,2025-09-26 14:39:24,27.38,19400,27.38,U
sz002517,恺英网络,2025-09-26 14:39:30,27.38,13300,27.37,U
sz002517,恺英网络,2025-09-26 14:39:36,27.38,8100,27.38,U
sz002517,恺英网络,2025-09-26 14:39:42,27.38,7600,27.38,U
sz002517,恺英网络,2025-09-26 14:39:48,27.38,14700,27.38,E
sz002517,恺英网络,2025-09-26 14:39:51,27.37,11100,27.38,D
sz002517,恺英网络,2025-09-26 14:39:57,27.39,7800,27.37,U
sz002517,恺英网络,2025-09-26 14:40:00,27.42,39700,27.39,U
sz002517,恺英网络,2025-09-26 14:40:12,27.35,64700,27.41,D
sz002517,恺英网络,2025-09-26 14:40:18,27.38,8400,27.4,D
sz002517,恺英网络,2025-09-26 14:40:21,27.39,14000,27.38,U
sz002517,恺英网络,2025-09-26 14:40:27,27.36,14100,27.38,D
sz002517,恺英网络,2025-09-26 14:40:30,27.35,34000,27.36,D
sz002517,恺英网络,2025-09-26 14:40:36,27.34,11100,27.36,D
sz002517,恺英网络,2025-09-26 14:40:45,27.33,8900,27.34,D
sz002517,恺英网络,2025-09-26 14:40:54,27.34,22700,27.33,U
sz002517,恺英网络,2025-09-26 14:40:57,27.33,14100,27.34,E
sz002517,恺英网络,2025-09-26 14:41:00,27.34,10900,27.33,U
sz002517,恺英网络,2025-09-26 14:41:03,27.33,16700,27.34,U
sz002517,恺英网络,2025-09-26 14:41:06,27.36,11700,27.33,U
sz002517,恺英网络,2025-09-26 14:41:12,27.39,94700,27.34,U
sz002517,恺英网络,2025-09-26 14:41:15,27.39,8300,27.39,E
sz002517,恺英网络,2025-09-26 14:41:18,27.4,8500,27.39,U
sz002517,恺英网络,2025-09-26 14:41:27,27.38,8100,27.39,E
sz002517,恺英网络,2025-09-26 14:41:33,27.38,12400,27.38,U
sz002517,恺英网络,2025-09-26 14:41:36,27.38,11100,27.38,U
sz002517,恺英网络,2025-09-26 14:41:39,27.38,7400,27.38,U
sz002517,恺英网络,2025-09-26 14:41:45,27.38,20100,27.38,D
sz002517,恺英网络,2025-09-26 14:41:48,27.38,11800,27.38,U
sz002517,恺英网络,2025-09-26 14:41:54,27.38,10300,27.38,D
sz002517,恺英网络,2025-09-26 14:41:57,27.39,9000,27.38,U
sz002517,恺英网络,2025-09-26 14:42:06,27.37,19850,27.39,D
sz002517,恺英网络,2025-09-26 14:42:12,27.37,8000,27.36,U
sz002517,恺英网络,2025-09-26 14:42:15,27.37,10500,27.37,U
sz002517,恺英网络,2025-09-26 14:42:18,27.37,13500,27.37,U
sz002517,恺英网络,2025-09-26 14:42:24,27.37,14426,27.38,D
sz002517,恺英网络,2025-09-26 14:42:42,27.36,23774,27.37,D
sz002517,恺英网络,2025-09-26 14:42:45,27.36,17200,27.36,U
sz002517,恺英网络,2025-09-26 14:42:57,27.37,16200,27.36,U
sz002517,恺英网络,2025-09-26 14:43:03,27.39,19026,27.37,U
sz002517,恺英网络,2025-09-26 14:43:09,27.4,25400,27.39,U
sz002517,恺英网络,2025-09-26 14:43:18,27.4,17000,27.42,D
sz002517,恺英网络,2025-09-26 14:43:21,27.4,8400,27.4,U
sz002517,恺英网络,2025-09-26 14:43:24,27.39,14300,27.4,D
sz002517,恺英网络,2025-09-26 14:43:27,27.39,34800,27.39,D
sz002517,恺英网络,2025-09-26 14:43:30,27.4,45100,27.39,U
sz002517,恺英网络,2025-09-26 14:43:33,27.4,20200,27.4,U
sz002517,恺英网络,2025-09-26 14:43:36,27.4,20100,27.4,U
sz002517,恺英网络,2025-09-26 14:43:39,27.4,25500,27.4,U
sz002517,恺英网络,2025-09-26 14:43:45,27.4,13700,27.39,U
sz002517,恺英网络,2025-09-26 14:43:48,27.4,15700,27.4,U
sz002517,恺英网络,2025-09-26 14:43:54,27.41,12900,27.41,U
sz002517,恺英网络,2025-09-26 14:44:03,27.41,8200,27.4,U
sz002517,恺英网络,2025-09-26 14:44:09,27.42,26100,27.41,U
sz002517,恺英网络,2025-09-26 14:44:12,27.41,7400,27.42,D
sz002517,恺英网络,2025-09-26 14:44:30,27.43,15700,27.43,U
sz002517,恺英网络,2025-09-26 14:44:33,27.42,19500,27.43,D
sz002517,恺英网络,2025-09-26 14:44:36,27.42,26400,27.42,U
sz002517,恺英网络,2025-09-26 14:44:42,27.42,41400,27.42,U
sz002517,恺英网络,2025-09-26 14:44:45,27.42,25600,27.42,U
sz002517,恺英网络,2025-09-26 14:44:48,27.42,7500,27.42,U
sz002517,恺英网络,2025-09-26 14:44:51,27.43,16300,27.42,U
sz002517,恺英网络,2025-09-26 14:45:00,27.44,11600,27.43,U
sz002517,恺英网络,2025-09-26 14:45:03,27.43,43200,27.44,D
sz002517,恺英网络,2025-09-26 14:45:09,27.43,11500,27.43,D
sz002517,恺英网络,2025-09-26 14:45:15,27.44,12700,27.44,U
sz002517,恺英网络,2025-09-26 14:45:18,27.44,16500,27.44,D
sz002517,恺英网络,2025-09-26 14:45:21,27.44,28400,27.44,D
sz002517,恺英网络,2025-09-26 14:45:24,27.48,51500,27.44,U
sz002517,恺英网络,2025-09-26 14:45:27,27.45,11600,27.48,D
sz002517,恺英网络,2025-09-26 14:45:30,27.49,8000,27.45,E
sz002517,恺英网络,2025-09-26 14:45:33,27.49,8900,27.49,U
sz002517,恺英网络,2025-09-26 14:45:39,27.49,13000,27.44,U
sz002517,恺英网络,2025-09-26 14:45:42,27.48,14500,27.49,E
sz002517,恺英网络,2025-09-26 14:45:45,27.48,7500,27.48,U
sz002517,恺英网络,2025-09-26 14:45:51,27.48,24400,27.47,U
sz002517,恺英网络,2025-09-26 14:45:54,27.5,24300,27.48,U
sz002517,恺英网络,2025-09-26 14:46:00,27.49,7300,27.5,D
sz002517,恺英网络,2025-09-26 14:46:03,27.49,8700,27.49,U
sz002517,恺英网络,2025-09-26 14:46:06,27.48,7700,27.49,D
sz002517,恺英网络,2025-09-26 14:46:09,27.51,21000,27.48,U
sz002517,恺英网络,2025-09-26 14:46:12,27.5,7900,27.51,D
sz002517,恺英网络,2025-09-26 14:46:15,27.57,11100,27.5,U
sz002517,恺英网络,2025-09-26 14:46:18,27.59,18100,27.57,E
sz002517,恺英网络,2025-09-26 14:46:21,27.59,9400,27.59,U
sz002517,恺英网络,2025-09-26 14:46:24,27.52,32300,27.59,E
sz002517,恺英网络,2025-09-26 14:46:27,27.51,23700,27.52,D
sz002517,恺英网络,2025-09-26 14:46:30,27.51,14100,27.51,D
sz002517,恺英网络,2025-09-26 14:46:33,27.59,7900,27.51,U
sz002517,恺英网络,2025-09-26 14:46:39,27.58,23500,27.58,U
sz002517,恺英网络,2025-09-26 14:46:42,27.58,28700,27.58,D
sz002517,恺英网络,2025-09-26 14:46:48,27.51,12700,27.58,D
sz002517,恺英网络,2025-09-26 14:46:51,27.58,15588,27.51,U
sz002517,恺英网络,2025-09-26 14:46:54,27.57,8800,27.58,E
sz002517,恺英网络,2025-09-26 14:47:00,27.56,20600,27.58,E
sz002517,恺英网络,2025-09-26 14:47:03,27.58,8800,27.56,U
sz002517,恺英网络,2025-09-26 14:47:09,27.57,35750,27.57,D
sz002517,恺英网络,2025-09-26 14:47:12,27.57,57500,27.57,U
sz002517,恺英网络,2025-09-26 14:47:18,27.57,8100,27.56,U
sz002517,恺英网络,2025-09-26 14:47:21,27.57,19300,27.57,D
sz002517,恺英网络,2025-09-26 14:47:24,27.58,8000,27.57,U
sz002517,恺英网络,2025-09-26 14:47:30,27.53,7800,27.56,D
sz002517,恺英网络,2025-09-26 14:47:33,27.53,8600,27.53,E
sz002517,恺英网络,2025-09-26 14:47:36,27.54,12200,27.53,U
sz002517,恺英网络,2025-09-26 14:47:39,27.51,21600,27.54,D
sz002517,恺英网络,2025-09-26 14:47:45,27.57,21300,27.51,U
sz002517,恺英网络,2025-09-26 14:47:51,27.6,17200,27.51,U
sz002517,恺英网络,2025-09-26 14:47:54,27.51,11000,27.6,E
sz002517,恺英网络,2025-09-26 14:48:00,27.5,28900,27.51,D
sz002517,恺英网络,2025-09-26 14:48:09,27.5,11700,27.5,U
sz002517,恺英网络,2025-09-26 14:48:12,27.48,32200,27.5,D
sz002517,恺英网络,2025-09-26 14:48:15,27.47,9000,27.48,D
sz002517,恺英网络,2025-09-26 14:48:18,27.5,29400,27.47,U
sz002517,恺英网络,2025-09-26 14:48:21,27.47,16800,27.5,D
sz002517,恺英网络,2025-09-26 14:48:27,27.46,31300,27.48,D
sz002517,恺英网络,2025-09-26 14:48:30,27.44,14700,27.46,D
sz002517,恺英网络,2025-09-26 14:48:33,27.56,9200,27.44,U
sz002517,恺英网络,2025-09-26 14:48:36,27.46,10800,27.56,E
sz002517,恺英网络,2025-09-26 14:48:39,27.59,10300,27.46,U
sz002517,恺英网络,2025-09-26 14:48:51,27.48,9800,27.46,U
sz002517,恺英网络,2025-09-26 14:48:57,27.48,7700,27.47,U
sz002517,恺英网络,2025-09-26 14:49:00,27.54,9600,27.48,U
sz002517,恺英网络,2025-09-26 14:49:03,27.49,22200,27.54,U
sz002517,恺英网络,2025-09-26 14:49:06,27.48,15200,27.49,D
sz002517,恺英网络,2025-09-26 14:49:09,27.47,14000,27.48,D
sz002517,恺英网络,2025-09-26 14:49:15,27.57,72500,27.58,E
sz002517,恺英网络,2025-09-26 14:49:18,27.57,13200,27.57,U
sz002517,恺英网络,2025-09-26 14:49:21,27.56,9400,27.57,E
sz002517,恺英网络,2025-09-26 14:49:30,27.56,11700,27.55,U
sz002517,恺英网络,2025-09-26 14:49:36,27.56,13600,27.54,U
sz002517,恺英网络,2025-09-26 14:49:54,27.53,9700,27.54,D
sz002517,恺英网络,2025-09-26 14:50:00,27.51,12600,27.53,D
sz002517,恺英网络,2025-09-26 14:50:06,27.51,13400,27.52,D
sz002517,恺英网络,2025-09-26 14:50:09,27.51,8500,27.51,U
sz002517,恺英网络,2025-09-26 14:50:42,27.5,8300,27.49,U
sz002517,恺英网络,2025-09-26 14:50:57,27.49,13100,27.49,U
sz002517,恺英网络,2025-09-26 14:51:09,27.49,7700,27.49,U
sz002517,恺英网络,2025-09-26 14:51:18,27.47,10300,27.48,D
sz002517,恺英网络,2025-09-26 14:51:24,27.47,14600,27.48,D
sz002517,恺英网络,2025-09-26 14:51:33,27.45,19400,27.47,D
sz002517,恺英网络,2025-09-26 14:51:45,27.46,8000,27.45,U
sz002517,恺英网络,2025-09-26 14:51:48,27.46,8900,27.46,U
sz002517,恺英网络,2025-09-26 14:51:51,27.46,15000,27.46,U
sz002517,恺英网络,2025-09-26 14:52:03,27.45,15900,27.44,E
sz002517,恺英网络,2025-09-26 14:52:27,27.46,13100,27.45,U
sz002517,恺英网络,2025-09-26 14:52:30,27.45,76300,27.46,D
sz002517,恺英网络,2025-09-26 14:53:06,27.46,18500,27.46,U
sz002517,恺英网络,2025-09-26 14:53:12,27.45,12800,27.45,D
sz002517,恺英网络,2025-09-26 14:53:15,27.44,29200,27.45,D
sz002517,恺英网络,2025-09-26 14:53:18,27.44,45000,27.44,U
sz002517,恺英网络,2025-09-26 14:53:21,27.43,7400,27.44,E
sz002517,恺英网络,2025-09-26 14:53:24,27.42,18600,27.43,D
sz002517,恺英网络,2025-09-26 14:53:33,27.43,7600,27.43,U
sz002517,恺英网络,2025-09-26 14:53:36,27.42,38100,27.43,D
sz002517,恺英网络,2025-09-26 14:53:42,27.42,8100,27.41,U
sz002517,恺英网络,2025-09-26 14:53:45,27.42,43500,27.42,U
sz002517,恺英网络,2025-09-26 14:53:48,27.4,11400,27.42,D
sz002517,恺英网络,2025-09-26 14:53:51,27.42,52800,27.4,U
sz002517,恺英网络,2025-09-26 14:53:54,27.41,16000,27.42,E
sz002517,恺英网络,2025-09-26 14:54:03,27.4,16432,27.41,D
sz002517,恺英网络,2025-09-26 14:54:06,27.4,18200,27.4,D
sz002517,恺英网络,2025-09-26 14:54:09,27.4,9800,27.4,D
sz002517,恺英网络,2025-09-26 14:54:12,27.41,38600,27.4,U
sz002517,恺英网络,2025-09-26 14:54:18,27.42,10400,27.41,U
sz002517,恺英网络,2025-09-26 14:54:21,27.42,11000,27.42,U
sz002517,恺英网络,2025-09-26 14:54:24,27.41,10200,27.42,D
sz002517,恺英网络,2025-09-26 14:54:30,27.41,17500,27.41,D
sz002517,恺英网络,2025-09-26 14:54:33,27.45,17500,27.41,U
sz002517,恺英网络,2025-09-26 14:54:36,27.45,44800,27.45,U
sz002517,恺英网络,2025-09-26 14:54:45,27.45,17000,27.45,U
sz002517,恺英网络,2025-09-26 14:54:54,27.45,7700,27.44,U
sz002517,恺英网络,2025-09-26 14:54:57,27.45,13500,27.45,U
sz002517,恺英网络,2025-09-26 14:55:00,27.44,15800,27.45,D
sz002517,恺英网络,2025-09-26 14:55:03,27.43,17300,27.44,D
sz002517,恺英网络,2025-09-26 14:55:06,27.42,8400,27.43,D
sz002517,恺英网络,2025-09-26 14:55:18,27.44,8500,27.43,U
sz002517,恺英网络,2025-09-26 14:55:24,27.42,14500,27.43,D
sz002517,恺英网络,2025-09-26 14:55:27,27.43,8100,27.42,D
sz002517,恺英网络,2025-09-26 14:55:30,27.48,38100,27.43,U
sz002517,恺英网络,2025-09-26 14:55:39,27.48,19500,27.42,U
sz002517,恺英网络,2025-09-26 14:55:42,27.5,7500,27.48,U
sz002517,恺英网络,2025-09-26 14:55:51,27.52,11400,27.5,U
sz002517,恺英网络,2025-09-26 14:55:54,27.59,9500,27.52,U
sz002517,恺英网络,2025-09-26 14:56:03,27.58,17200,27.55,U
sz002517,恺英网络,2025-09-26 14:56:09,27.54,7600,27.55,E
sz002517,恺英网络,2025-09-26 14:56:12,27.58,17200,27.54,U
sz002517,恺英网络,2025-09-26 14:56:18,27.56,24000,27.56,U
sz002517,恺英网络,2025-09-26 14:56:21,27.57,21600,27.56,U
sz002517,恺英网络,2025-09-26 14:56:30,27.57,11000,27.58,E
sz002517,恺英网络,2025-09-26 14:56:33,27.54,29800,27.57,D
sz002517,恺英网络,2025-09-26 14:56:36,27.58,60900,27.54,U
sz002517,恺英网络,2025-09-26 14:56:48,27.58,27600,27.58,U
sz002517,恺英网络,2025-09-26 15:00:00,27.59,324000,27.59,E
