symbol,name,ticktime,price,volume,prev_price,kind
sz002517,恺英网络,2025-09-22 09:25:00,26.62,172200,0.0,D
sz002517,恺英网络,2025-09-22 09:30:00,26.62,134000,26.62,U
sz002517,恺英网络,2025-09-22 09:30:03,26.6,86100,26.62,U
sz002517,恺英网络,2025-09-22 09:30:06,26.54,78185,26.6,D
sz002517,恺英网络,2025-09-22 09:30:09,26.53,14115,26.54,D
sz002517,恺英网络,2025-09-22 09:30:12,26.52,53200,26.53,D
sz002517,恺英网络,2025-09-22 09:30:15,26.48,38100,26.52,D
sz002517,恺英网络,2025-09-22 09:30:18,26.42,18900,26.48,D
sz002517,恺英网络,2025-09-22 09:30:21,26.47,55400,26.42,U
sz002517,恺英网络,2025-09-22 09:30:24,26.47,19700,26.47,U
sz002517,恺英网络,2025-09-22 09:30:27,26.5,39500,26.47,U
sz002517,恺英网络,2025-09-22 09:30:30,26.5,28800,26.5,D
sz002517,恺英网络,2025-09-22 09:30:33,26.54,32000,26.5,U
sz002517,恺英网络,2025-09-22 09:30:36,26.62,15400,26.54,U
sz002517,恺英网络,2025-09-22 09:30:45,26.59,22100,26.56,E
sz002517,恺英网络,2025-09-22 09:30:48,26.59,19600,26.59,U
sz002517,恺英网络,2025-09-22 09:30:51,26.56,69700,26.59,D
sz002517,恺英网络,2025-09-22 09:30:54,26.54,44000,26.56,D
sz002517,恺英网络,2025-09-22 09:30:57,26.6,62100,26.54,U
sz002517,恺英网络,2025-09-22 09:31:00,26.6,18300,26.6,D
sz002517,恺英网络,2025-09-22 09:31:03,26.6,68100,26.6,D
sz002517,恺英网络,2025-09-22 09:31:06,26.51,48200,26.6,D
sz002517,恺英网络,2025-09-22 09:31:09,26.55,20500,26.51,U
sz002517,恺英网络,2025-09-22 09:31:12,26.54,12800,26.55,D
sz002517,恺英网络,2025-09-22 09:31:15,26.56,33300,26.54,U
sz002517,恺英网络,2025-09-22 09:31:18,26.51,114100,26.56,D
sz002517,恺英网络,2025-09-22 09:31:21,26.53,16700,26.51,D
sz002517,恺英网络,2025-09-22 09:31:24,26.53,51600,26.53,D
sz002517,恺英网络,2025-09-22 09:31:27,26.54,59900,26.53,U
sz002517,恺英网络,2025-09-22 09:31:30,26.56,37000,26.54,E
sz002517,恺英网络,2025-09-22 09:31:36,26.5,522600,26.61,D
sz002517,恺英网络,2025-09-22 09:31:39,26.6,8200,26.5,E
sz002517,恺英网络,2025-09-22 09:31:45,26.56,11700,26.59,D
sz002517,恺英网络,2025-09-22 09:31:51,26.58,25000,26.61,E
sz002517,恺英网络,2025-09-22 09:32:00,26.56,15700,26.57,D
sz002517,恺英网络,2025-09-22 09:32:03,26.59,15400,26.56,U
sz002517,恺英网络,2025-09-22 09:32:06,26.57,10500,26.59,E
sz002517,恺英网络,2025-09-22 09:32:12,26.51,15100,26.53,D
sz002517,恺英网络,2025-09-22 09:32:15,26.43,106400,26.51,D
sz002517,恺英网络,2025-09-22 09:32:21,26.41,11800,26.47,D
sz002517,恺英网络,2025-09-22 09:32:24,26.42,39800,26.41,E
sz002517,恺英网络,2025-09-22 09:32:27,26.41,94600,26.42,E
sz002517,恺英网络,2025-09-22 09:32:33,26.37,16300,26.37,U
sz002517,恺英网络,2025-09-22 09:32:36,26.39,51400,26.37,E
sz002517,恺英网络,2025-09-22 09:32:39,26.38,15600,26.39,D
sz002517,恺英网络,2025-09-22 09:32:42,26.34,22300,26.38,D
sz002517,恺英网络,2025-09-22 09:32:45,26.35,22000,26.34,U
sz002517,恺英网络,2025-09-22 09:32:48,26.3,23000,26.35,D
sz002517,恺英网络,2025-09-22 09:32:51,26.33,38200,26.3,U
sz002517,恺英网络,2025-09-22 09:32:54,26.28,41200,26.33,D
sz002517,恺英网络,2025-09-22 09:32:57,26.3,28200,26.28,E
sz002517,恺英网络,2025-09-22 09:33:00,26.29,12900,26.3,E
sz002517,恺英网络,2025-09-22 09:33:03,26.33,21500,26.29,U
sz002517,恺英网络,2025-09-22 09:33:06,26.33,10115,26.33,D
sz002517,恺英网络,2025-09-22 09:33:09,26.33,10500,26.33,E
sz002517,恺英网络,2025-09-22 09:33:12,26.33,9300,26.33,U
sz002517,恺英网络,2025-09-22 09:33:15,26.33,32000,26.33,U
sz002517,恺英网络,2025-09-22 09:33:18,26.3,49685,26.33,D
sz002517,恺英网络,2025-09-22 09:33:21,26.32,10500,26.3,U
sz002517,恺英网络,2025-09-22 09:33:24,26.27,18500,26.32,D
sz002517,恺英网络,2025-09-22 09:33:27,26.3,21200,26.27,E
sz002517,恺英网络,2025-09-22 09:33:30,26.27,23700,26.3,D
sz002517,恺英网络,2025-09-22 09:33:33,26.25,25900,26.27,D
sz002517,恺英网络,2025-09-22 09:33:36,26.25,32900,26.25,D
sz002517,恺英网络,2025-09-22 09:33:39,26.26,16400,26.25,D
sz002517,恺英网络,2025-09-22 09:33:42,26.26,19400,26.26,D
sz002517,恺英网络,2025-09-22 09:33:45,26.29,25400,26.26,E
sz002517,恺英网络,2025-09-22 09:33:48,26.3,100800,26.29,E
sz002517,恺英网络,2025-09-22 09:33:51,26.32,29200,26.3,E
sz002517,恺英网络,2025-09-22 09:33:54,26.29,27100,26.32,D
sz002517,恺英网络,2025-09-22 09:33:57,26.28,36500,26.29,D
sz002517,恺英网络,2025-09-22 09:34:00,26.28,9900,26.28,D
sz002517,恺英网络,2025-09-22 09:34:03,26.28,16800,26.28,E
sz002517,恺英网络,2025-09-22 09:34:06,26.27,16300,26.28,E
sz002517,恺英网络,2025-09-22 09:34:09,26.28,17700,26.27,U
sz002517,恺英网络,2025-09-22 09:34:12,26.29,32100,26.28,U
sz002517,恺英网络,2025-09-22 09:34:15,26.31,27900,26.29,U
sz002517,恺英网络,2025-09-22 09:34:18,26.31,8600,26.31,E
sz002517,恺英网络,2025-09-22 09:34:21,26.33,22800,26.31,E
sz002517,恺英网络,2025-09-22 09:34:27,26.32,45200,26.31,E
sz002517,恺英网络,2025-09-22 09:34:33,26.29,20100,26.31,D
sz002517,恺英网络,2025-09-22 09:34:36,26.3,17000,26.29,U
sz002517,恺英网络,2025-09-22 09:34:39,26.3,43000,26.3,U
sz002517,恺英网络,2025-09-22 09:34:42,26.27,16691,26.3,D
sz002517,恺英网络,2025-09-22 09:34:45,26.27,12400,26.27,D
sz002517,恺英网络,2025-09-22 09:34:48,26.27,23100,26.27,D
sz002517,恺英网络,2025-09-22 09:34:51,26.31,35700,26.27,U
sz002517,恺英网络,2025-09-22 09:34:54,26.28,13300,26.31,D
sz002517,恺英网络,2025-09-22 09:34:57,26.29,9800,26.28,E
sz002517,恺英网络,2025-09-22 09:35:06,26.37,8100,26.31,U
sz002517,恺英网络,2025-09-22 09:35:12,26.3,78300,26.34,D
sz002517,恺英网络,2025-09-22 09:35:15,26.3,31500,26.3,U
sz002517,恺英网络,2025-09-22 09:35:18,26.3,924300,26.3,U
sz002517,恺英网络,2025-09-22 09:35:21,26.3,25200,26.3,D
sz002517,恺英网络,2025-09-22 09:35:30,26.3,29000,26.3,D
sz002517,恺英网络,2025-09-22 09:35:33,26.33,17000,26.3,D
sz002517,恺英网络,2025-09-22 09:35:36,26.34,31200,26.33,E
sz002517,恺英网络,2025-09-22 09:35:45,26.38,12400,26.37,E
sz002517,恺英网络,2025-09-22 09:35:51,26.38,12000,26.38,U
sz002517,恺英网络,2025-09-22 09:36:03,26.43,14500,26.38,U
sz002517,恺英网络,2025-09-22 09:36:18,26.45,12700,26.46,D
sz002517,恺英网络,2025-09-22 09:36:30,26.44,15900,26.46,D
sz002517,恺英网络,2025-09-22 09:36:33,26.43,15500,26.44,D
sz002517,恺英网络,2025-09-22 09:36:36,26.43,10500,26.43,D
sz002517,恺英网络,2025-09-22 09:36:39,26.42,21200,26.43,E
sz002517,恺英网络,2025-09-22 09:36:42,26.42,9000,26.42,U
sz002517,恺英网络,2025-09-22 09:36:48,26.4,9300,26.41,D
sz002517,恺英网络,2025-09-22 09:36:51,26.38,8100,26.4,D
sz002517,恺英网络,2025-09-22 09:36:54,26.36,29500,26.38,D
sz002517,恺英网络,2025-09-22 09:37:03,26.35,7600,26.35,D
sz002517,恺英网络,2025-09-22 09:37:06,26.38,19800,26.35,U
sz002517,恺英网络,2025-09-22 09:37:12,26.38,55600,26.35,U
sz002517,恺英网络,2025-09-22 09:37:15,26.35,38200,26.38,E
sz002517,恺英网络,2025-09-22 09:37:33,26.35,20600,26.33,U
sz002517,恺英网络,2025-09-22 09:38:06,26.33,59000,26.39,D
sz002517,恺英网络,2025-09-22 09:38:09,26.36,8600,26.33,U
sz002517,恺英网络,2025-09-22 09:38:18,26.34,11200,26.33,E
sz002517,恺英网络,2025-09-22 09:38:21,26.34,25600,26.34,D
sz002517,恺英网络,2025-09-22 09:38:24,26.37,48900,26.34,U
sz002517,恺英网络,2025-09-22 09:38:27,26.37,7600,26.37,D
sz002517,恺英网络,2025-09-22 09:38:30,26.44,66100,26.37,U
sz002517,恺英网络,2025-09-22 09:38:48,26.44,14200,26.44,U
sz002517,恺英网络,2025-09-22 09:38:54,26.46,35200,26.44,U
sz002517,恺英网络,2025-09-22 09:39:00,26.47,34100,26.44,D
sz002517,恺英网络,2025-09-22 09:39:03,26.5,8100,26.47,U
sz002517,恺英网络,2025-09-22 09:39:15,26.51,15000,26.54,D
sz002517,恺英网络,2025-09-22 09:39:18,26.54,31500,26.51,E
sz002517,恺英网络,2025-09-22 09:39:21,26.5,40300,26.54,D
sz002517,恺英网络,2025-09-22 09:39:27,26.44,115500,26.48,D
sz002517,恺英网络,2025-09-22 09:39:33,26.44,23400,26.43,U
sz002517,恺英网络,2025-09-22 09:39:36,26.43,10100,26.44,E
sz002517,恺英网络,2025-09-22 09:39:39,26.43,32600,26.43,E
sz002517,恺英网络,2025-09-22 09:39:54,26.4,9100,26.43,D
sz002517,恺英网络,2025-09-22 09:39:57,26.43,46600,26.4,U
sz002517,恺英网络,2025-09-22 09:40:03,26.43,10600,26.45,D
sz002517,恺英网络,2025-09-22 09:40:09,26.4,18300,26.43,D
sz002517,恺英网络,2025-09-22 09:40:21,26.4,15000,26.41,D
sz002517,恺英网络,2025-09-22 09:40:33,26.39,59400,26.42,D
sz002517,恺英网络,2025-09-22 09:40:45,26.38,17700,26.41,D
sz002517,恺英网络,2025-09-22 09:41:09,26.34,10500,26.34,D
sz002517,恺英网络,2025-09-22 09:41:12,26.32,8000,26.34,D
sz002517,恺英网络,2025-09-22 09:41:18,26.32,115600,26.32,D
sz002517,恺英网络,2025-09-22 09:41:21,26.4,11600,26.32,U
sz002517,恺英网络,2025-09-22 09:41:24,26.51,391000,26.4,U
sz002517,恺英网络,2025-09-22 09:41:27,26.54,38500,26.51,U
sz002517,恺英网络,2025-09-22 09:41:39,26.59,37500,26.56,U
sz002517,恺英网络,2025-09-22 09:41:42,26.56,12300,26.59,D
sz002517,恺英网络,2025-09-22 09:41:45,26.59,8500,26.56,U
sz002517,恺英网络,2025-09-22 09:41:57,26.59,7800,26.59,E
sz002517,恺英网络,2025-09-22 09:42:00,26.57,23100,26.59,D
sz002517,恺英网络,2025-09-22 09:42:06,26.56,10300,26.52,U
sz002517,恺英网络,2025-09-22 09:42:09,26.54,13100,26.56,E
sz002517,恺英网络,2025-09-22 09:42:12,26.51,16900,26.54,D
sz002517,恺英网络,2025-09-22 09:42:18,26.59,19400,26.59,U
sz002517,恺英网络,2025-09-22 09:42:24,26.59,42400,26.59,U
sz002517,恺英网络,2025-09-22 09:42:27,26.6,10400,26.59,U
sz002517,恺英网络,2025-09-22 09:42:33,26.64,9300,26.59,U
sz002517,恺英网络,2025-09-22 09:42:57,26.66,53000,26.69,D
sz002517,恺英网络,2025-09-22 09:43:03,26.66,11200,26.66,D
sz002517,恺英网络,2025-09-22 09:43:15,26.68,15400,26.67,U
sz002517,恺英网络,2025-09-22 09:43:21,26.69,30500,26.67,U
sz002517,恺英网络,2025-09-22 09:43:24,26.66,9100,26.69,D
sz002517,恺英网络,2025-09-22 09:43:33,26.63,9000,26.65,D
sz002517,恺英网络,2025-09-22 09:43:36,26.65,20400,26.63,U
sz002517,恺英网络,2025-09-22 09:43:48,26.6,11200,26.64,D
sz002517,恺英网络,2025-09-22 09:43:57,26.69,16200,26.62,U
sz002517,恺英网络,2025-09-22 09:44:03,26.68,27600,26.67,U
sz002517,恺英网络,2025-09-22 09:44:15,26.64,18800,26.63,U
sz002517,恺英网络,2025-09-22 09:44:36,26.65,25700,26.62,U
sz002517,恺英网络,2025-09-22 09:44:45,26.61,9400,26.61,U
sz002517,恺英网络,2025-09-22 09:44:57,26.63,9600,26.6,U
sz002517,恺英网络,2025-09-22 09:45:00,26.64,17600,26.63,U
sz002517,恺英网络,2025-09-22 09:45:12,26.67,11100,26.67,D
sz002517,恺英网络,2025-09-22 09:45:18,26.62,8600,26.62,U
sz002517,恺英网络,2025-09-22 09:45:21,26.58,14900,26.62,D
sz002517,恺英网络,2025-09-22 09:46:03,26.53,15200,26.52,U
sz002517,恺英网络,2025-09-22 09:46:06,26.52,14700,26.53,D
sz002517,恺英网络,2025-09-22 09:46:09,26.53,10500,26.52,U
sz002517,恺英网络,2025-09-22 09:46:21,26.5,59500,26.51,D
sz002517,恺英网络,2025-09-22 09:46:24,26.49,112300,26.5,D
sz002517,恺英网络,2025-09-22 09:46:39,26.48,19400,26.45,U
sz002517,恺英网络,2025-09-22 09:46:45,26.48,7600,26.46,E
sz002517,恺英网络,2025-09-22 09:46:48,26.53,130600,26.48,U
sz002517,恺英网络,2025-09-22 09:47:03,26.5,22400,26.5,U
sz002517,恺英网络,2025-09-22 09:47:06,26.5,9500,26.5,U
sz002517,恺英网络,2025-09-22 09:47:12,26.5,40400,26.51,D
sz002517,恺英网络,2025-09-22 09:47:15,26.49,8000,26.5,D
sz002517,恺英网络,2025-09-22 09:47:21,26.5,29200,26.49,U
sz002517,恺英网络,2025-09-22 09:47:24,26.49,20900,26.5,U
sz002517,恺英网络,2025-09-22 09:47:30,26.51,15200,26.49,U
sz002517,恺英网络,2025-09-22 09:47:51,26.51,10400,26.51,D
sz002517,恺英网络,2025-09-22 09:48:03,26.51,17000,26.51,U
sz002517,恺英网络,2025-09-22 09:48:12,26.49,19900,26.48,U
sz002517,恺英网络,2025-09-22 09:48:15,26.48,8000,26.49,D
sz002517,恺英网络,2025-09-22 09:48:18,26.47,16000,26.48,E
sz002517,恺英网络,2025-09-22 09:48:21,26.46,19800,26.47,D
sz002517,恺英网络,2025-09-22 09:48:36,26.48,9900,26.48,D
sz002517,恺英网络,2025-09-22 09:48:39,26.5,14100,26.48,U
sz002517,恺英网络,2025-09-22 09:49:03,26.52,8200,26.56,D
sz002517,恺英网络,2025-09-22 09:49:06,26.61,9000,26.52,U
sz002517,恺英网络,2025-09-22 09:49:15,26.55,14600,26.51,U
sz002517,恺英网络,2025-09-22 09:49:24,26.53,24600,26.51,D
sz002517,恺英网络,2025-09-22 09:49:27,26.5,75000,26.53,D
sz002517,恺英网络,2025-09-22 09:49:30,26.55,17800,26.5,U
sz002517,恺英网络,2025-09-22 09:49:39,26.53,9100,26.52,U
sz002517,恺英网络,2025-09-22 09:49:42,26.5,10300,26.53,D
sz002517,恺英网络,2025-09-22 09:49:45,26.55,15400,26.5,U
sz002517,恺英网络,2025-09-22 09:50:06,26.55,41900,26.54,U
sz002517,恺英网络,2025-09-22 09:50:09,26.55,31300,26.55,U
sz002517,恺英网络,2025-09-22 09:50:18,26.56,9300,26.59,D
sz002517,恺英网络,2025-09-22 09:50:27,26.59,12900,26.56,U
sz002517,恺英网络,2025-09-22 09:50:36,26.65,23500,26.6,U
sz002517,恺英网络,2025-09-22 09:50:42,26.56,9500,26.63,D
sz002517,恺英网络,2025-09-22 09:50:45,26.64,9600,26.56,U
sz002517,恺英网络,2025-09-22 09:51:06,26.56,30500,26.57,D
sz002517,恺英网络,2025-09-22 09:51:21,26.58,13400,26.59,D
sz002517,恺英网络,2025-09-22 09:51:24,26.58,59100,26.58,D
sz002517,恺英网络,2025-09-22 09:51:27,26.57,71200,26.58,U
sz002517,恺英网络,2025-09-22 09:51:39,26.51,24700,26.6,D
sz002517,恺英网络,2025-09-22 09:51:45,26.6,8300,26.56,U
sz002517,恺英网络,2025-09-22 09:51:54,26.56,15900,26.58,D
sz002517,恺英网络,2025-09-22 09:52:06,26.55,8400,26.56,E
sz002517,恺英网络,2025-09-22 09:52:15,26.49,32800,26.51,D
sz002517,恺英网络,2025-09-22 09:52:18,26.45,7600,26.49,D
sz002517,恺英网络,2025-09-22 09:52:27,26.45,9800,26.44,U
sz002517,恺英网络,2025-09-22 09:52:39,26.45,10300,26.46,D
sz002517,恺英网络,2025-09-22 09:52:45,26.45,9900,26.46,D
sz002517,恺英网络,2025-09-22 09:52:48,26.45,13900,26.45,U
sz002517,恺英网络,2025-09-22 09:53:00,26.44,10900,26.43,U
sz002517,恺英网络,2025-09-22 09:53:03,26.41,14700,26.44,D
sz002517,恺英网络,2025-09-22 09:53:06,26.43,10400,26.41,U
sz002517,恺英网络,2025-09-22 09:53:21,26.4,12100,26.41,D
sz002517,恺英网络,2025-09-22 09:53:30,26.39,21500,26.4,E
sz002517,恺英网络,2025-09-22 09:53:36,26.4,22600,26.4,D
sz002517,恺英网络,2025-09-22 09:53:51,26.41,65500,26.41,D
sz002517,恺英网络,2025-09-22 09:53:54,26.41,12700,26.41,U
sz002517,恺英网络,2025-09-22 09:53:57,26.4,11600,26.41,D
sz002517,恺英网络,2025-09-22 09:54:03,26.4,8900,26.4,D
sz002517,恺英网络,2025-09-22 09:54:06,26.39,21100,26.4,D
sz002517,恺英网络,2025-09-22 09:54:21,26.39,26800,26.39,D
sz002517,恺英网络,2025-09-22 09:54:33,26.39,8300,26.4,D
sz002517,恺英网络,2025-09-22 09:54:39,26.38,11200,26.4,D
sz002517,恺英网络,2025-09-22 09:54:42,26.38,8000,26.38,D
sz002517,恺英网络,2025-09-22 09:54:45,26.38,9900,26.38,D
sz002517,恺英网络,2025-09-22 09:54:48,26.39,9500,26.38,U
sz002517,恺英网络,2025-09-22 09:54:54,26.36,11900,26.38,D
sz002517,恺英网络,2025-09-22 09:55:03,26.38,22600,26.36,U
sz002517,恺英网络,2025-09-22 09:55:18,26.36,165600,26.37,D
sz002517,恺英网络,2025-09-22 09:55:24,26.37,13500,26.34,U
sz002517,恺英网络,2025-09-22 09:55:33,26.34,10700,26.34,D
sz002517,恺英网络,2025-09-22 09:55:39,26.33,37500,26.34,D
sz002517,恺英网络,2025-09-22 09:55:45,26.31,15200,26.31,D
sz002517,恺英网络,2025-09-22 09:55:51,26.33,35000,26.31,U
sz002517,恺英网络,2025-09-22 09:55:54,26.33,27500,26.33,D
sz002517,恺英网络,2025-09-22 09:56:03,26.3,22400,26.32,D
sz002517,恺英网络,2025-09-22 09:56:12,26.31,12500,26.31,D
sz002517,恺英网络,2025-09-22 09:56:15,26.31,9800,26.31,D
sz002517,恺英网络,2025-09-22 09:56:24,26.31,21000,26.32,D
sz002517,恺英网络,2025-09-22 09:56:27,26.32,9100,26.31,U
sz002517,恺英网络,2025-09-22 09:56:48,26.31,9300,26.31,D
sz002517,恺英网络,2025-09-22 09:56:51,26.3,8800,26.31,D
sz002517,恺英网络,2025-09-22 09:56:54,26.3,54500,26.3,D
sz002517,恺英网络,2025-09-22 09:56:57,26.29,131600,26.3,D
sz002517,恺英网络,2025-09-22 09:57:03,26.28,49100,26.28,D
sz002517,恺英网络,2025-09-22 09:57:24,26.27,10800,26.28,D
sz002517,恺英网络,2025-09-22 09:57:30,26.28,11400,26.27,U
sz002517,恺英网络,2025-09-22 09:57:33,26.28,50700,26.28,U
sz002517,恺英网络,2025-09-22 09:57:48,26.31,20200,26.3,U
sz002517,恺英网络,2025-09-22 09:57:54,26.35,42400,26.32,U
sz002517,恺英网络,2025-09-22 09:57:57,26.33,12900,26.35,D
sz002517,恺英网络,2025-09-22 09:58:03,26.33,8600,26.35,D
sz002517,恺英网络,2025-09-22 09:58:21,26.37,14000,26.34,U
sz002517,恺英网络,2025-09-22 09:58:30,26.38,8800,26.38,U
sz002517,恺英网络,2025-09-22 09:58:39,26.42,25700,26.4,U
sz002517,恺英网络,2025-09-22 09:58:45,26.41,8500,26.42,D
sz002517,恺英网络,2025-09-22 09:59:06,26.38,14800,26.4,D
sz002517,恺英网络,2025-09-22 09:59:12,26.4,20500,26.36,U
sz002517,恺英网络,2025-09-22 09:59:24,26.36,33900,26.36,D
sz002517,恺英网络,2025-09-22 09:59:27,26.35,17200,26.36,D
sz002517,恺英网络,2025-09-22 09:59:30,26.35,13200,26.35,D
sz002517,恺英网络,2025-09-22 09:59:36,26.33,11300,26.35,D
sz002517,恺英网络,2025-09-22 09:59:39,26.3,12900,26.33,D
sz002517,恺英网络,2025-09-22 09:59:51,26.3,67600,26.31,D
sz002517,恺英网络,2025-09-22 09:59:54,26.3,9200,26.3,U
sz002517,恺英网络,2025-09-22 09:59:57,26.28,26700,26.3,D
sz002517,恺英网络,2025-09-22 10:00:00,26.27,12100,26.28,D
sz002517,恺英网络,2025-09-22 10:00:03,26.28,9100,26.27,D
sz002517,恺英网络,2025-09-22 10:00:06,26.28,17100,26.28,D
sz002517,恺英网络,2025-09-22 10:00:09,26.29,21000,26.28,E
sz002517,恺英网络,2025-09-22 10:00:18,26.29,10700,26.28,E
sz002517,恺英网络,2025-09-22 10:00:21,26.33,16100,26.29,U
sz002517,恺英网络,2025-09-22 10:00:27,26.33,10400,26.35,D
sz002517,恺英网络,2025-09-22 10:00:42,26.34,13100,26.34,U
sz002517,恺英网络,2025-09-22 10:00:45,26.31,9200,26.34,E
sz002517,恺英网络,2025-09-22 10:01:00,26.31,36800,26.32,E
sz002517,恺英网络,2025-09-22 10:02:06,26.3,14600,26.3,D
sz002517,恺英网络,2025-09-22 10:02:18,26.3,39000,26.32,D
sz002517,恺英网络,2025-09-22 10:02:21,26.33,8500,26.3,U
sz002517,恺英网络,2025-09-22 10:02:24,26.31,11900,26.33,D
sz002517,恺英网络,2025-09-22 10:02:42,26.35,8500,26.35,U
sz002517,恺英网络,2025-09-22 10:02:48,26.38,33900,26.35,U
sz002517,恺英网络,2025-09-22 10:02:51,26.4,19400,26.38,U
sz002517,恺英网络,2025-09-22 10:03:03,26.39,9100,26.38,U
sz002517,恺英网络,2025-09-22 10:03:24,26.4,9700,26.4,D
sz002517,恺英网络,2025-09-22 10:03:57,26.41,15800,26.41,U
sz002517,恺英网络,2025-09-22 10:04:51,26.4,11800,26.39,U
sz002517,恺英网络,2025-09-22 10:05:00,26.43,19700,26.4,U
sz002517,恺英网络,2025-09-22 10:05:03,26.42,10600,26.43,D
sz002517,恺英网络,2025-09-22 10:05:21,26.43,27300,26.45,D
sz002517,恺英网络,2025-09-22 10:06:18,26.45,10700,26.46,D
sz002517,恺英网络,2025-09-22 10:06:21,26.44,18500,26.45,D
sz002517,恺英网络,2025-09-22 10:06:24,26.45,51600,26.44,U
sz002517,恺英网络,2025-09-22 10:06:27,26.44,9600,26.45,D
sz002517,恺英网络,2025-09-22 10:07:06,26.43,28300,26.44,D
sz002517,恺英网络,2025-09-22 10:07:15,26.41,74700,26.41,U
sz002517,恺英网络,2025-09-22 10:07:24,26.45,38500,26.44,U
sz002517,恺英网络,2025-09-22 10:07:27,26.43,48400,26.45,D
sz002517,恺英网络,2025-09-22 10:07:39,26.48,14200,26.45,U
sz002517,恺英网络,2025-09-22 10:07:45,26.48,12000,26.48,D
sz002517,恺英网络,2025-09-22 10:08:00,26.49,8800,26.49,U
sz002517,恺英网络,2025-09-22 10:08:12,26.5,10800,26.47,U
sz002517,恺英网络,2025-09-22 10:08:21,26.45,14000,26.47,D
sz002517,恺英网络,2025-09-22 10:09:15,26.46,10500,26.45,U
sz002517,恺英网络,2025-09-22 10:10:24,26.49,10500,26.49,D
sz002517,恺英网络,2025-09-22 10:10:45,26.51,44500,26.48,U
sz002517,恺英网络,2025-09-22 10:11:12,26.52,13700,26.52,D
sz002517,恺英网络,2025-09-22 10:11:21,26.52,10000,26.52,D
sz002517,恺英网络,2025-09-22 10:11:24,26.51,11200,26.52,D
sz002517,恺英网络,2025-09-22 10:12:09,26.49,11000,26.51,D
sz002517,恺英网络,2025-09-22 10:12:18,26.48,8000,26.48,D
sz002517,恺英网络,2025-09-22 10:12:33,26.45,9400,26.47,D
sz002517,恺英网络,2025-09-22 10:12:51,26.43,29200,26.44,D
sz002517,恺英网络,2025-09-22 10:13:27,26.51,543900,26.39,U
sz002517,恺英网络,2025-09-22 10:13:33,26.52,7700,26.52,D
sz002517,恺英网络,2025-09-22 10:13:57,26.53,24300,26.53,D
sz002517,恺英网络,2025-09-22 10:14:00,26.53,8100,26.53,U
sz002517,恺英网络,2025-09-22 10:14:30,26.49,18900,26.52,D
sz002517,恺英网络,2025-09-22 10:15:00,26.5,11000,26.5,U
sz002517,恺英网络,2025-09-22 10:15:45,26.49,29500,26.49,D
sz002517,恺英网络,2025-09-22 10:15:54,26.48,11000,26.48,D
sz002517,恺英网络,2025-09-22 10:16:36,26.41,7700,26.41,D
sz002517,恺英网络,2025-09-22 10:16:42,26.44,16200,26.41,U
sz002517,恺英网络,2025-09-22 10:17:39,26.46,12100,26.46,U
sz002517,恺英网络,2025-09-22 10:17:48,26.46,10000,26.46,U
sz002517,恺英网络,2025-09-22 10:18:03,26.46,10400,26.46,U
sz002517,恺英网络,2025-09-22 10:18:36,26.46,16900,26.45,U
sz002517,恺英网络,2025-09-22 10:19:03,26.48,10200,26.46,U
sz002517,恺英网络,2025-09-22 10:19:36,26.4,16600,26.4,D
sz002517,恺英网络,2025-09-22 10:19:48,26.4,11500,26.4,D
sz002517,恺英网络,2025-09-22 10:19:54,26.41,23200,26.4,U
sz002517,恺英网络,2025-09-22 10:20:21,26.41,17700,26.4,U
sz002517,恺英网络,2025-09-22 10:21:03,26.4,16200,26.43,D
sz002517,恺英网络,2025-09-22 10:21:09,26.4,8200,26.4,U
sz002517,恺英网络,2025-09-22 10:21:30,26.44,17900,26.43,U
sz002517,恺英网络,2025-09-22 10:22:03,26.45,57100,26.45,D
sz002517,恺英网络,2025-09-22 10:22:33,26.48,12600,26.46,U
sz002517,恺英网络,2025-09-22 10:23:00,26.48,7600,26.47,U
sz002517,恺英网络,2025-09-22 10:23:03,26.49,12100,26.48,U
sz002517,恺英网络,2025-09-22 10:24:45,26.45,10200,26.46,D
sz002517,恺英网络,2025-09-22 10:25:03,26.48,21200,26.46,U
sz002517,恺英网络,2025-09-22 10:25:21,26.49,15800,26.47,U
sz002517,恺英网络,2025-09-22 10:26:00,26.48,8400,26.48,U
sz002517,恺英网络,2025-09-22 10:26:03,26.47,9700,26.48,D
sz002517,恺英网络,2025-09-22 10:26:12,26.5,15200,26.49,U
sz002517,恺英网络,2025-09-22 10:26:21,26.53,22400,26.5,U
sz002517,恺英网络,2025-09-22 10:27:15,26.53,8100,26.53,U
sz002517,恺英网络,2025-09-22 10:27:21,26.58,40200,26.54,U
sz002517,恺英网络,2025-09-22 10:27:30,26.55,31100,26.59,D
sz002517,恺英网络,2025-09-22 10:28:33,26.54,26000,26.55,D
sz002517,恺英网络,2025-09-22 10:29:00,26.53,32100,26.53,D
sz002517,恺英网络,2025-09-22 10:29:03,26.53,17700,26.53,U
sz002517,恺英网络,2025-09-22 10:29:06,26.53,18800,26.53,U
sz002517,恺英网络,2025-09-22 10:29:42,26.53,16800,26.53,D
sz002517,恺英网络,2025-09-22 10:30:03,26.54,8400,26.53,U
sz002517,恺英网络,2025-09-22 10:30:18,26.53,9000,26.55,D
sz002517,恺英网络,2025-09-22 10:30:21,26.54,8100,26.53,E
sz002517,恺英网络,2025-09-22 10:30:48,26.53,16300,26.53,D
sz002517,恺英网络,2025-09-22 10:31:27,26.54,11100,26.53,U
sz002517,恺英网络,2025-09-22 10:31:45,26.52,92300,26.54,D
sz002517,恺英网络,2025-09-22 10:31:51,26.5,63900,26.51,D
sz002517,恺英网络,2025-09-22 10:31:54,26.5,9500,26.5,U
sz002517,恺英网络,2025-09-22 10:32:21,26.46,12600,26.47,D
sz002517,恺英网络,2025-09-22 10:32:24,26.47,18800,26.46,U
sz002517,恺英网络,2025-09-22 10:32:30,26.44,38000,26.45,D
sz002517,恺英网络,2025-09-22 10:32:42,26.43,10300,26.43,D
sz002517,恺英网络,2025-09-22 10:33:00,26.41,8800,26.41,D
sz002517,恺英网络,2025-09-22 10:33:39,26.41,24200,26.42,D
sz002517,恺英网络,2025-09-22 10:33:45,26.38,24700,26.4,D
sz002517,恺英网络,2025-09-22 10:34:00,26.37,8200,26.37,D
sz002517,恺英网络,2025-09-22 10:34:18,26.36,9900,26.36,D
sz002517,恺英网络,2025-09-22 10:34:45,26.35,22400,26.36,D
sz002517,恺英网络,2025-09-22 10:34:57,26.35,16900,26.34,U
sz002517,恺英网络,2025-09-22 10:35:00,26.33,195100,26.35,D
sz002517,恺英网络,2025-09-22 10:35:27,26.36,8200,26.36,D
sz002517,恺英网络,2025-09-22 10:36:18,26.47,23400,26.45,U
sz002517,恺英网络,2025-09-22 10:36:42,26.48,11200,26.46,U
sz002517,恺英网络,2025-09-22 10:36:48,26.48,14900,26.48,D
sz002517,恺英网络,2025-09-22 10:36:54,26.49,11100,26.48,E
sz002517,恺英网络,2025-09-22 10:36:57,26.47,12200,26.49,E
sz002517,恺英网络,2025-09-22 10:37:06,26.48,15500,26.47,U
sz002517,恺英网络,2025-09-22 10:37:15,26.46,22400,26.49,D
sz002517,恺英网络,2025-09-22 10:37:21,26.53,19700,26.51,U
sz002517,恺英网络,2025-09-22 10:37:27,26.55,11600,26.54,U
sz002517,恺英网络,2025-09-22 10:37:48,26.5,33600,26.53,D
sz002517,恺英网络,2025-09-22 10:37:51,26.52,18600,26.5,U
sz002517,恺英网络,2025-09-22 10:37:54,26.47,10600,26.52,D
sz002517,恺英网络,2025-09-22 10:37:57,26.48,9500,26.47,E
sz002517,恺英网络,2025-09-22 10:38:03,26.47,71300,26.48,D
sz002517,恺英网络,2025-09-22 10:38:15,26.49,12000,26.49,D
sz002517,恺英网络,2025-09-22 10:38:21,26.47,8100,26.48,D
sz002517,恺英网络,2025-09-22 10:38:27,26.46,21500,26.47,D
sz002517,恺英网络,2025-09-22 10:38:33,26.46,12500,26.46,D
sz002517,恺英网络,2025-09-22 10:38:39,26.46,13800,26.48,D
sz002517,恺英网络,2025-09-22 10:38:42,26.5,23200,26.46,U
sz002517,恺英网络,2025-09-22 10:39:00,26.49,22300,26.48,U
sz002517,恺英网络,2025-09-22 10:39:03,26.44,94100,26.49,D
sz002517,恺英网络,2025-09-22 10:39:21,26.44,9700,26.44,D
sz002517,恺英网络,2025-09-22 10:39:36,26.41,15100,26.41,D
sz002517,恺英网络,2025-09-22 10:39:39,26.41,25000,26.41,U
sz002517,恺英网络,2025-09-22 10:39:48,26.41,13900,26.41,D
sz002517,恺英网络,2025-09-22 10:39:57,26.41,15500,26.41,D
sz002517,恺英网络,2025-09-22 10:40:00,26.39,18800,26.41,D
sz002517,恺英网络,2025-09-22 10:40:03,26.44,26700,26.39,U
sz002517,恺英网络,2025-09-22 10:40:06,26.44,25800,26.44,U
sz002517,恺英网络,2025-09-22 10:40:15,26.45,10500,26.44,U
sz002517,恺英网络,2025-09-22 10:40:24,26.42,23500,26.42,E
sz002517,恺英网络,2025-09-22 10:40:27,26.39,19000,26.42,D
sz002517,恺英网络,2025-09-22 10:40:30,26.38,12800,26.39,E
sz002517,恺英网络,2025-09-22 10:40:48,26.42,13700,26.39,U
sz002517,恺英网络,2025-09-22 10:41:03,26.37,7700,26.38,E
sz002517,恺英网络,2025-09-22 10:41:06,26.36,8600,26.37,U
sz002517,恺英网络,2025-09-22 10:41:09,26.33,14900,26.36,D
sz002517,恺英网络,2025-09-22 10:41:15,26.32,14900,26.34,D
sz002517,恺英网络,2025-09-22 10:41:42,26.33,42500,26.33,D
sz002517,恺英网络,2025-09-22 10:41:45,26.33,16100,26.33,U
sz002517,恺英网络,2025-09-22 10:41:54,26.32,11000,26.32,E
sz002517,恺英网络,2025-09-22 10:42:03,26.33,18400,26.32,U
sz002517,恺英网络,2025-09-22 10:42:09,26.31,9800,26.32,D
sz002517,恺英网络,2025-09-22 10:42:24,26.32,25800,26.31,U
sz002517,恺英网络,2025-09-22 10:42:33,26.31,12000,26.3,U
sz002517,恺英网络,2025-09-22 10:42:42,26.33,45800,26.31,U
sz002517,恺英网络,2025-09-22 10:42:57,26.31,17900,26.31,U
sz002517,恺英网络,2025-09-22 10:43:03,26.3,8700,26.3,U
sz002517,恺英网络,2025-09-22 10:43:09,26.29,8300,26.29,D
sz002517,恺英网络,2025-09-22 10:43:12,26.3,10400,26.29,U
sz002517,恺英网络,2025-09-22 10:43:54,26.32,12500,26.31,U
sz002517,恺英网络,2025-09-22 10:44:51,26.32,18100,26.34,D
sz002517,恺英网络,2025-09-22 10:45:00,26.31,13900,26.32,D
sz002517,恺英网络,2025-09-22 10:45:18,26.35,24200,26.34,U
sz002517,恺英网络,2025-09-22 10:46:00,26.34,18000,26.35,D
sz002517,恺英网络,2025-09-22 10:46:03,26.35,67500,26.34,U
sz002517,恺英网络,2025-09-22 10:46:57,26.33,39700,26.35,D
sz002517,恺英网络,2025-09-22 10:47:06,26.31,59600,26.32,D
sz002517,恺英网络,2025-09-22 10:47:12,26.29,48800,26.3,D
sz002517,恺英网络,2025-09-22 10:47:15,26.29,15100,26.29,D
sz002517,恺英网络,2025-09-22 10:47:24,26.3,10900,26.29,U
sz002517,恺英网络,2025-09-22 10:47:27,26.29,17300,26.3,D
sz002517,恺英网络,2025-09-22 10:47:30,26.28,18400,26.29,D
sz002517,恺英网络,2025-09-22 10:47:33,26.27,12100,26.28,D
sz002517,恺英网络,2025-09-22 10:47:39,26.27,15300,26.28,D
sz002517,恺英网络,2025-09-22 10:47:42,26.27,13800,26.27,U
sz002517,恺英网络,2025-09-22 10:47:45,26.25,52800,26.27,D
sz002517,恺英网络,2025-09-22 10:47:48,26.25,21400,26.25,D
sz002517,恺英网络,2025-09-22 10:47:51,26.25,8700,26.25,D
sz002517,恺英网络,2025-09-22 10:48:03,26.26,14000,26.25,U
sz002517,恺英网络,2025-09-22 10:48:06,26.26,18800,26.26,D
sz002517,恺英网络,2025-09-22 10:48:09,26.26,11200,26.26,D
sz002517,恺英网络,2025-09-22 10:49:03,26.29,15800,26.3,D
sz002517,恺英网络,2025-09-22 10:49:09,26.28,8200,26.28,D
sz002517,恺英网络,2025-09-22 10:49:12,26.28,24700,26.28,D
sz002517,恺英网络,2025-09-22 10:49:45,26.26,10400,26.27,D
sz002517,恺英网络,2025-09-22 10:49:54,26.27,19200,26.26,U
sz002517,恺英网络,2025-09-22 10:49:57,26.25,19200,26.27,D
sz002517,恺英网络,2025-09-22 10:50:09,26.29,41400,26.27,U
sz002517,恺英网络,2025-09-22 10:50:15,26.3,62200,26.29,U
sz002517,恺英网络,2025-09-22 10:50:33,26.3,13300,26.3,D
sz002517,恺英网络,2025-09-22 10:51:51,26.28,8000,26.28,D
sz002517,恺英网络,2025-09-22 10:51:54,26.29,7900,26.28,U
sz002517,恺英网络,2025-09-22 10:52:00,26.3,22700,26.29,U
sz002517,恺英网络,2025-09-22 10:52:03,26.3,50300,26.3,U
sz002517,恺英网络,2025-09-22 10:52:06,26.31,45900,26.3,U
sz002517,恺英网络,2025-09-22 10:53:12,26.3,13300,26.31,D
sz002517,恺英网络,2025-09-22 10:53:42,26.29,10500,26.29,D
sz002517,恺英网络,2025-09-22 10:53:51,26.29,11000,26.29,U
sz002517,恺英网络,2025-09-22 10:54:03,26.26,10800,26.27,D
sz002517,恺英网络,2025-09-22 10:54:27,26.3,10400,26.29,U
sz002517,恺英网络,2025-09-22 10:54:42,26.31,94300,26.29,U
sz002517,恺英网络,2025-09-22 10:54:45,26.31,8700,26.31,U
sz002517,恺英网络,2025-09-22 10:55:09,26.3,10400,26.3,D
sz002517,恺英网络,2025-09-22 10:55:24,26.3,14600,26.3,D
sz002517,恺英网络,2025-09-22 10:55:51,26.31,10800,26.33,E
sz002517,恺英网络,2025-09-22 10:56:12,26.29,11400,26.3,D
sz002517,恺英网络,2025-09-22 10:56:45,26.31,43800,26.3,U
sz002517,恺英网络,2025-09-22 10:57:33,26.28,8800,26.27,U
sz002517,恺英网络,2025-09-22 10:57:57,26.26,9300,26.26,D
sz002517,恺英网络,2025-09-22 10:58:09,26.27,16000,26.26,U
sz002517,恺英网络,2025-09-22 10:58:15,26.27,14500,26.27,U
sz002517,恺英网络,2025-09-22 10:58:24,26.29,22500,26.27,U
sz002517,恺英网络,2025-09-22 10:59:30,26.33,96800,26.29,U
sz002517,恺英网络,2025-09-22 10:59:33,26.29,14700,26.33,D
sz002517,恺英网络,2025-09-22 11:00:06,26.32,18500,26.33,D
sz002517,恺英网络,2025-09-22 11:00:12,26.36,21900,26.32,U
sz002517,恺英网络,2025-09-22 11:00:36,26.36,21000,26.36,U
sz002517,恺英网络,2025-09-22 11:01:03,26.35,10000,26.35,D
sz002517,恺英网络,2025-09-22 11:01:18,26.35,30200,26.34,U
sz002517,恺英网络,2025-09-22 11:01:33,26.31,12700,26.32,D
sz002517,恺英网络,2025-09-22 11:01:48,26.3,9700,26.33,D
sz002517,恺英网络,2025-09-22 11:01:54,26.32,9700,26.31,U
sz002517,恺英网络,2025-09-22 11:02:24,26.31,8100,26.31,D
sz002517,恺英网络,2025-09-22 11:02:33,26.3,8000,26.3,D
sz002517,恺英网络,2025-09-22 11:02:36,26.3,11200,26.3,D
sz002517,恺英网络,2025-09-22 11:02:39,26.3,50100,26.3,D
sz002517,恺英网络,2025-09-22 11:02:42,26.3,29700,26.3,D
sz002517,恺英网络,2025-09-22 11:02:45,26.3,11200,26.3,D
sz002517,恺英网络,2025-09-22 11:02:48,26.3,11400,26.3,D
sz002517,恺英网络,2025-09-22 11:03:15,26.28,18100,26.29,D
sz002517,恺英网络,2025-09-22 11:03:27,26.28,13100,26.29,D
sz002517,恺英网络,2025-09-22 11:03:51,26.29,10900,26.3,D
sz002517,恺英网络,2025-09-22 11:03:54,26.31,8200,26.29,U
sz002517,恺英网络,2025-09-22 11:04:33,26.31,10900,26.3,U
sz002517,恺英网络,2025-09-22 11:05:00,26.31,9700,26.31,D
sz002517,恺英网络,2025-09-22 11:05:33,26.3,8200,26.32,D
sz002517,恺英网络,2025-09-22 11:06:03,26.31,11100,26.31,D
sz002517,恺英网络,2025-09-22 11:06:15,26.3,9200,26.31,D
sz002517,恺英网络,2025-09-22 11:06:39,26.29,15800,26.3,D
sz002517,恺英网络,2025-09-22 11:06:45,26.27,10300,26.3,D
sz002517,恺英网络,2025-09-22 11:06:51,26.27,9500,26.29,D
sz002517,恺英网络,2025-09-22 11:07:54,26.27,22400,26.27,D
sz002517,恺英网络,2025-09-22 11:08:30,26.28,7800,26.28,E
sz002517,恺英网络,2025-09-22 11:08:51,26.27,8000,26.28,D
sz002517,恺英网络,2025-09-22 11:09:03,26.26,10700,26.27,D
sz002517,恺英网络,2025-09-22 11:09:18,26.26,28000,26.27,D
sz002517,恺英网络,2025-09-22 11:09:36,26.28,8300,26.26,U
sz002517,恺英网络,2025-09-22 11:09:48,26.26,14100,26.26,D
sz002517,恺英网络,2025-09-22 11:09:51,26.25,22800,26.26,D
sz002517,恺英网络,2025-09-22 11:10:06,26.25,26800,26.25,D
sz002517,恺英网络,2025-09-22 11:10:18,26.27,7900,26.27,U
sz002517,恺英网络,2025-09-22 11:10:21,26.27,25200,26.27,E
sz002517,恺英网络,2025-09-22 11:10:54,26.26,8500,26.27,D
sz002517,恺英网络,2025-09-22 11:11:03,26.26,10500,26.26,D
sz002517,恺英网络,2025-09-22 11:11:21,26.27,9600,26.27,D
sz002517,恺英网络,2025-09-22 11:11:33,26.27,8700,26.26,U
sz002517,恺英网络,2025-09-22 11:11:57,26.27,15800,26.27,D
sz002517,恺英网络,2025-09-22 11:12:00,26.27,39200,26.27,D
sz002517,恺英网络,2025-09-22 11:12:12,26.26,11800,26.25,U
sz002517,恺英网络,2025-09-22 11:12:21,26.28,12700,26.25,U
sz002517,恺英网络,2025-09-22 11:12:33,26.25,360900,26.25,D
sz002517,恺英网络,2025-09-22 11:12:42,26.25,8600,26.21,U
sz002517,恺英网络,2025-09-22 11:12:45,26.19,13700,26.25,D
sz002517,恺英网络,2025-09-22 11:12:57,26.19,73000,26.22,D
sz002517,恺英网络,2025-09-22 11:13:15,26.2,13500,26.22,D
sz002517,恺英网络,2025-09-22 11:13:18,26.2,7900,26.2,D
sz002517,恺英网络,2025-09-22 11:13:24,26.18,15000,26.19,D
sz002517,恺英网络,2025-09-22 11:13:27,26.19,26100,26.18,U
sz002517,恺英网络,2025-09-22 11:13:33,26.15,23600,26.18,D
sz002517,恺英网络,2025-09-22 11:13:39,26.17,7700,26.19,D
sz002517,恺英网络,2025-09-22 11:13:45,26.16,15000,26.16,D
sz002517,恺英网络,2025-09-22 11:13:48,26.13,11800,26.16,D
sz002517,恺英网络,2025-09-22 11:13:51,26.14,17500,26.13,E
sz002517,恺英网络,2025-09-22 11:13:57,26.14,10700,26.13,U
sz002517,恺英网络,2025-09-22 11:14:00,26.12,16000,26.14,D
sz002517,恺英网络,2025-09-22 11:14:03,26.12,55300,26.12,D
sz002517,恺英网络,2025-09-22 11:14:12,26.11,16700,26.13,D
sz002517,恺英网络,2025-09-22 11:14:15,26.11,80700,26.11,U
sz002517,恺英网络,2025-09-22 11:14:21,26.11,9800,26.11,U
sz002517,恺英网络,2025-09-22 11:14:27,26.09,12300,26.09,D
sz002517,恺英网络,2025-09-22 11:14:30,26.09,26400,26.09,D
sz002517,恺英网络,2025-09-22 11:14:36,26.09,15400,26.09,U
sz002517,恺英网络,2025-09-22 11:14:39,26.11,37200,26.09,U
sz002517,恺英网络,2025-09-22 11:14:42,26.1,33500,26.11,D
sz002517,恺英网络,2025-09-22 11:14:51,26.09,11300,26.1,D
sz002517,恺英网络,2025-09-22 11:15:06,26.1,42129,26.09,U
sz002517,恺英网络,2025-09-22 11:15:21,26.1,40900,26.1,D
sz002517,恺英网络,2025-09-22 11:15:36,26.1,16300,26.1,U
sz002517,恺英网络,2025-09-22 11:15:42,26.11,11400,26.11,D
sz002517,恺英网络,2025-09-22 11:15:51,26.12,122900,26.11,U
sz002517,恺英网络,2025-09-22 11:15:54,26.11,36300,26.12,D
sz002517,恺英网络,2025-09-22 11:15:57,26.12,25500,26.11,D
sz002517,恺英网络,2025-09-22 11:16:03,26.13,10300,26.12,U
sz002517,恺英网络,2025-09-22 11:16:06,26.12,35100,26.13,D
sz002517,恺英网络,2025-09-22 11:16:12,26.12,17400,26.11,U
sz002517,恺英网络,2025-09-22 11:16:18,26.12,28000,26.12,U
sz002517,恺英网络,2025-09-22 11:16:30,26.1,12300,26.11,D
sz002517,恺英网络,2025-09-22 11:16:45,26.1,13500,26.1,D
sz002517,恺英网络,2025-09-22 11:16:51,26.1,11800,26.11,D
sz002517,恺英网络,2025-09-22 11:16:57,26.11,8600,26.1,U
sz002517,恺英网络,2025-09-22 11:17:18,26.11,33700,26.1,U
sz002517,恺英网络,2025-09-22 11:17:21,26.1,16600,26.11,D
sz002517,恺英网络,2025-09-22 11:17:24,26.1,16600,26.1,D
sz002517,恺英网络,2025-09-22 11:17:45,26.1,10700,26.11,D
sz002517,恺英网络,2025-09-22 11:17:57,26.11,9900,26.12,D
sz002517,恺英网络,2025-09-22 11:18:12,26.12,25100,26.11,U
sz002517,恺英网络,2025-09-22 11:18:15,26.13,14000,26.12,U
sz002517,恺英网络,2025-09-22 11:18:18,26.13,9700,26.13,U
sz002517,恺英网络,2025-09-22 11:18:33,26.13,7700,26.13,U
sz002517,恺英网络,2025-09-22 11:18:39,26.13,8900,26.13,U
sz002517,恺英网络,2025-09-22 11:18:42,26.13,16400,26.13,U
sz002517,恺英网络,2025-09-22 11:18:51,26.14,24300,26.12,U
sz002517,恺英网络,2025-09-22 11:18:54,26.12,8600,26.14,D
sz002517,恺英网络,2025-09-22 11:18:57,26.12,9900,26.12,D
sz002517,恺英网络,2025-09-22 11:19:00,26.12,18200,26.12,D
sz002517,恺英网络,2025-09-22 11:19:03,26.15,20500,26.12,U
sz002517,恺英网络,2025-09-22 11:19:12,26.14,10400,26.15,E
sz002517,恺英网络,2025-09-22 11:19:45,26.14,11200,26.12,U
sz002517,恺英网络,2025-09-22 11:19:54,26.13,17200,26.15,D
sz002517,恺英网络,2025-09-22 11:19:57,26.13,7700,26.13,D
sz002517,恺英网络,2025-09-22 11:20:00,26.14,11600,26.13,U
sz002517,恺英网络,2025-09-22 11:20:09,26.17,56600,26.14,U
sz002517,恺英网络,2025-09-22 11:20:51,26.2,8500,26.19,U
sz002517,恺英网络,2025-09-22 11:21:12,26.2,54200,26.19,U
sz002517,恺英网络,2025-09-22 11:21:33,26.22,21100,26.2,U
sz002517,恺英网络,2025-09-22 11:21:48,26.24,21300,26.21,U
sz002517,恺英网络,2025-09-22 11:22:15,26.25,33400,26.25,D
sz002517,恺英网络,2025-09-22 11:23:06,26.31,64200,26.26,U
sz002517,恺英网络,2025-09-22 11:23:30,26.35,24200,26.34,U
sz002517,恺英网络,2025-09-22 11:23:39,26.39,27500,26.37,U
sz002517,恺英网络,2025-09-22 11:23:45,26.38,14500,26.39,D
sz002517,恺英网络,2025-09-22 11:23:54,26.38,40900,26.4,D
sz002517,恺英网络,2025-09-22 11:24:00,26.39,29979,26.38,U
sz002517,恺英网络,2025-09-22 11:24:03,26.41,70800,26.39,U
sz002517,恺英网络,2025-09-22 11:24:42,26.4,13900,26.4,D
sz002517,恺英网络,2025-09-22 11:25:54,26.33,8700,26.33,U
sz002517,恺英网络,2025-09-22 11:26:06,26.35,14200,26.32,U
sz002517,恺英网络,2025-09-22 11:26:09,26.35,47700,26.35,U
sz002517,恺英网络,2025-09-22 11:26:24,26.38,37400,26.34,U
sz002517,恺英网络,2025-09-22 11:26:27,26.35,34000,26.38,E
sz002517,恺英网络,2025-09-22 11:27:09,26.36,19100,26.34,U
sz002517,恺英网络,2025-09-22 11:27:18,26.38,8800,26.37,U
sz002517,恺英网络,2025-09-22 11:27:36,26.37,10500,26.37,D
sz002517,恺英网络,2025-09-22 11:27:42,26.35,7800,26.37,D
sz002517,恺英网络,2025-09-22 11:28:09,26.33,14400,26.32,U
sz002517,恺英网络,2025-09-22 11:28:12,26.35,23900,26.33,U
sz002517,恺英网络,2025-09-22 11:28:39,26.38,12500,26.38,E
sz002517,恺英网络,2025-09-22 11:28:42,26.4,21600,26.38,U
sz002517,恺英网络,2025-09-22 11:28:48,26.4,10700,26.4,E
sz002517,恺英网络,2025-09-22 11:28:57,26.4,9000,26.4,D
sz002517,恺英网络,2025-09-22 11:29:12,26.41,52700,26.38,U
sz002517,恺英网络,2025-09-22 13:00:00,26.37,22400,26.37,D
sz002517,恺英网络,2025-09-22 13:00:03,26.36,13200,26.37,U
sz002517,恺英网络,2025-09-22 13:00:06,26.35,8000,26.36,D
sz002517,恺英网络,2025-09-22 13:00:12,26.33,17000,26.32,E
sz002517,恺英网络,2025-09-22 13:00:27,26.29,9200,26.31,D
sz002517,恺英网络,2025-09-22 13:00:42,26.25,19000,26.24,D
sz002517,恺英网络,2025-09-22 13:00:48,26.29,18100,26.25,U
sz002517,恺英网络,2025-09-22 13:00:51,26.3,12000,26.29,E
sz002517,恺英网络,2025-09-22 13:00:57,26.35,7800,26.29,U
sz002517,恺英网络,2025-09-22 13:01:00,26.29,25200,26.35,D
sz002517,恺英网络,2025-09-22 13:01:15,26.37,17600,26.34,U
sz002517,恺英网络,2025-09-22 13:01:18,26.36,11300,26.37,D
sz002517,恺英网络,2025-09-22 13:01:45,26.36,8400,26.33,U
sz002517,恺英网络,2025-09-22 13:01:48,26.34,8700,26.36,E
sz002517,恺英网络,2025-09-22 13:03:12,26.33,26100,26.27,U
sz002517,恺英网络,2025-09-22 13:03:15,26.34,10200,26.33,U
sz002517,恺英网络,2025-09-22 13:03:24,26.35,31800,26.34,U
sz002517,恺英网络,2025-09-22 13:03:51,26.35,17300,26.37,D
sz002517,恺英网络,2025-09-22 13:05:00,26.31,8500,26.33,D
sz002517,恺英网络,2025-09-22 13:05:45,26.35,16000,26.38,D
sz002517,恺英网络,2025-09-22 13:05:48,26.4,16700,26.35,U
sz002517,恺英网络,2025-09-22 13:05:51,26.39,20400,26.4,D
sz002517,恺英网络,2025-09-22 13:06:00,26.45,34900,26.44,U
sz002517,恺英网络,2025-09-22 13:06:03,26.45,22300,26.45,D
sz002517,恺英网络,2025-09-22 13:06:06,26.45,8200,26.45,D
sz002517,恺英网络,2025-09-22 13:06:09,26.46,54400,26.45,E
sz002517,恺英网络,2025-09-22 13:06:12,26.49,11600,26.46,U
sz002517,恺英网络,2025-09-22 13:06:21,26.41,10900,26.45,D
sz002517,恺英网络,2025-09-22 13:06:24,26.45,8600,26.41,E
sz002517,恺英网络,2025-09-22 13:06:30,26.47,9300,26.46,U
sz002517,恺英网络,2025-09-22 13:06:54,26.45,8300,26.41,U
sz002517,恺英网络,2025-09-22 13:11:48,26.32,10500,26.31,U
sz002517,恺英网络,2025-09-22 13:12:03,26.31,8100,26.31,D
sz002517,恺英网络,2025-09-22 13:12:09,26.33,9500,26.32,U
sz002517,恺英网络,2025-09-22 13:12:12,26.34,22100,26.33,U
sz002517,恺英网络,2025-09-22 13:12:42,26.36,15700,26.36,U
sz002517,恺英网络,2025-09-22 13:12:51,26.43,9700,26.37,U
sz002517,恺英网络,2025-09-22 13:12:57,26.44,10200,26.44,U
sz002517,恺英网络,2025-09-22 13:13:00,26.47,38000,26.44,U
sz002517,恺英网络,2025-09-22 13:13:03,26.47,10900,26.47,U
sz002517,恺英网络,2025-09-22 13:13:06,26.49,111000,26.47,U
sz002517,恺英网络,2025-09-22 13:13:09,26.52,31300,26.49,U
sz002517,恺英网络,2025-09-22 13:13:12,26.52,21000,26.52,U
sz002517,恺英网络,2025-09-22 13:13:30,26.47,13400,26.44,U
sz002517,恺英网络,2025-09-22 13:13:36,26.45,17900,26.46,E
sz002517,恺英网络,2025-09-22 13:13:39,26.45,8100,26.45,U
sz002517,恺英网络,2025-09-22 13:13:45,26.47,11200,26.45,U
sz002517,恺英网络,2025-09-22 13:14:03,26.46,8100,26.45,U
sz002517,恺英网络,2025-09-22 13:14:30,26.49,58700,26.47,U
sz002517,恺英网络,2025-09-22 13:14:33,26.55,30300,26.49,U
sz002517,恺英网络,2025-09-22 13:14:48,26.49,8000,26.49,U
sz002517,恺英网络,2025-09-22 13:14:54,26.44,13500,26.47,D
sz002517,恺英网络,2025-09-22 13:15:00,26.47,8200,26.49,E
sz002517,恺英网络,2025-09-22 13:15:06,26.48,29000,26.48,D
sz002517,恺英网络,2025-09-22 13:15:12,26.51,24500,26.49,U
sz002517,恺英网络,2025-09-22 13:15:15,26.51,23600,26.51,D
sz002517,恺英网络,2025-09-22 13:15:18,26.55,42100,26.51,U
sz002517,恺英网络,2025-09-22 13:15:21,26.54,9800,26.55,E
sz002517,恺英网络,2025-09-22 13:15:24,26.59,51800,26.54,U
sz002517,恺英网络,2025-09-22 13:15:27,26.59,15000,26.59,U
sz002517,恺英网络,2025-09-22 13:15:30,26.57,38200,26.59,D
sz002517,恺英网络,2025-09-22 13:15:33,26.6,108300,26.57,U
sz002517,恺英网络,2025-09-22 13:15:36,26.6,38200,26.6,U
sz002517,恺英网络,2025-09-22 13:15:39,26.57,8900,26.6,D
sz002517,恺英网络,2025-09-22 13:15:42,26.62,23300,26.57,U
sz002517,恺英网络,2025-09-22 13:15:51,26.55,47900,26.57,D
sz002517,恺英网络,2025-09-22 13:16:18,26.51,12300,26.5,U
sz002517,恺英网络,2025-09-22 13:16:21,26.56,18100,26.51,U
sz002517,恺英网络,2025-09-22 13:16:27,26.59,11400,26.59,U
sz002517,恺英网络,2025-09-22 13:16:36,26.61,38800,26.61,U
sz002517,恺英网络,2025-09-22 13:16:39,26.61,13600,26.61,U
sz002517,恺英网络,2025-09-22 13:16:51,26.61,9200,26.63,D
sz002517,恺英网络,2025-09-22 13:16:54,26.63,7600,26.61,U
sz002517,恺英网络,2025-09-22 13:17:03,26.63,49700,26.59,U
sz002517,恺英网络,2025-09-22 13:17:18,26.61,16000,26.6,U
sz002517,恺英网络,2025-09-22 13:17:21,26.62,29600,26.61,U
sz002517,恺英网络,2025-09-22 13:17:24,26.65,32300,26.62,U
sz002517,恺英网络,2025-09-22 13:17:30,26.68,27100,26.67,U
sz002517,恺英网络,2025-09-22 13:17:33,26.69,34700,26.68,U
sz002517,恺英网络,2025-09-22 13:17:36,26.7,28300,26.69,U
sz002517,恺英网络,2025-09-22 13:17:42,26.67,92800,26.7,D
sz002517,恺英网络,2025-09-22 13:17:48,26.68,8400,26.67,U
sz002517,恺英网络,2025-09-22 13:17:51,26.68,15000,26.68,U
sz002517,恺英网络,2025-09-22 13:17:54,26.69,32900,26.68,U
sz002517,恺英网络,2025-09-22 13:17:57,26.69,9700,26.69,D
sz002517,恺英网络,2025-09-22 13:18:00,26.69,29200,26.69,D
sz002517,恺英网络,2025-09-22 13:18:03,26.69,51700,26.69,U
sz002517,恺英网络,2025-09-22 13:18:06,26.69,9500,26.69,U
sz002517,恺英网络,2025-09-22 13:18:09,26.69,65000,26.69,U
sz002517,恺英网络,2025-09-22 13:18:15,26.69,9800,26.69,U
sz002517,恺英网络,2025-09-22 13:18:18,26.69,21700,26.69,U
sz002517,恺英网络,2025-09-22 13:18:24,26.66,12900,26.69,D
sz002517,恺英网络,2025-09-22 13:18:30,26.66,8500,26.66,D
sz002517,恺英网络,2025-09-22 13:18:33,26.66,12000,26.66,D
sz002517,恺英网络,2025-09-22 13:18:36,26.67,10500,26.66,U
sz002517,恺英网络,2025-09-22 13:18:54,26.65,85600,26.7,D
sz002517,恺英网络,2025-09-22 13:18:57,26.68,15600,26.65,U
sz002517,恺英网络,2025-09-22 13:19:00,26.66,7700,26.68,E
sz002517,恺英网络,2025-09-22 13:19:06,26.66,9400,26.65,U
sz002517,恺英网络,2025-09-22 13:19:51,26.6,11200,26.61,D
sz002517,恺英网络,2025-09-22 13:19:57,26.61,8600,26.59,U
sz002517,恺英网络,2025-09-22 13:20:39,26.54,10900,26.52,U
sz002517,恺英网络,2025-09-22 13:21:00,26.55,14300,26.55,U
sz002517,恺英网络,2025-09-22 13:21:03,26.57,15100,26.55,U
sz002517,恺英网络,2025-09-22 13:21:09,26.59,9300,26.59,U
sz002517,恺英网络,2025-09-22 13:21:15,26.59,8300,26.58,U
sz002517,恺英网络,2025-09-22 13:22:27,26.52,8200,26.55,D
sz002517,恺英网络,2025-09-22 13:22:45,26.58,16300,26.58,U
sz002517,恺英网络,2025-09-22 13:22:57,26.58,8100,26.58,D
sz002517,恺英网络,2025-09-22 13:23:33,26.58,19600,26.59,D
sz002517,恺英网络,2025-09-22 13:24:00,26.67,11800,26.67,E
sz002517,恺英网络,2025-09-22 13:24:06,26.68,13700,26.67,E
sz002517,恺英网络,2025-09-22 13:24:09,26.7,12200,26.68,U
sz002517,恺英网络,2025-09-22 13:24:18,26.68,12500,26.69,E
sz002517,恺英网络,2025-09-22 13:24:21,26.7,33200,26.68,U
sz002517,恺英网络,2025-09-22 13:24:24,26.69,32300,26.7,U
sz002517,恺英网络,2025-09-22 13:24:27,26.69,25300,26.69,U
sz002517,恺英网络,2025-09-22 13:24:30,26.7,8700,26.69,U
sz002517,恺英网络,2025-09-22 13:24:33,26.7,9800,26.7,U
sz002517,恺英网络,2025-09-22 13:24:36,26.68,19900,26.7,D
sz002517,恺英网络,2025-09-22 13:24:39,26.7,8300,26.68,U
sz002517,恺英网络,2025-09-22 13:24:48,26.68,24900,26.68,D
sz002517,恺英网络,2025-09-22 13:24:54,26.68,10200,26.69,D
sz002517,恺英网络,2025-09-22 13:24:57,26.71,12700,26.68,U
sz002517,恺英网络,2025-09-22 13:25:03,26.67,10600,26.69,D
sz002517,恺英网络,2025-09-22 13:25:06,26.69,9000,26.67,U
sz002517,恺英网络,2025-09-22 13:25:39,26.65,33700,26.69,D
sz002517,恺英网络,2025-09-22 13:25:45,26.67,7700,26.67,U
sz002517,恺英网络,2025-09-22 13:26:21,26.65,8600,26.65,E
sz002517,恺英网络,2025-09-22 13:26:45,26.63,23600,26.64,E
sz002517,恺英网络,2025-09-22 13:27:09,26.67,7600,26.67,E
sz002517,恺英网络,2025-09-22 13:27:15,26.67,11000,26.67,U
sz002517,恺英网络,2025-09-22 13:27:30,26.68,47200,26.68,U
sz002517,恺英网络,2025-09-22 13:27:33,26.7,10300,26.68,U
sz002517,恺英网络,2025-09-22 13:27:42,26.71,29200,26.7,U
sz002517,恺英网络,2025-09-22 13:27:48,26.72,29000,26.72,U
sz002517,恺英网络,2025-09-22 13:27:54,26.73,10000,26.73,U
sz002517,恺英网络,2025-09-22 13:28:03,26.7,8900,26.7,U
sz002517,恺英网络,2025-09-22 13:28:24,26.7,10700,26.68,U
sz002517,恺英网络,2025-09-22 13:29:00,26.66,18000,26.63,U
sz002517,恺英网络,2025-09-22 13:29:18,26.7,15500,26.65,U
sz002517,恺英网络,2025-09-22 13:29:21,26.69,14500,26.7,E
sz002517,恺英网络,2025-09-22 13:29:24,26.69,9900,26.69,U
sz002517,恺英网络,2025-09-22 13:29:36,26.69,12200,26.68,U
sz002517,恺英网络,2025-09-22 13:29:39,26.69,21100,26.69,U
sz002517,恺英网络,2025-09-22 13:29:42,26.66,10300,26.69,D
sz002517,恺英网络,2025-09-22 13:29:45,26.68,21300,26.66,U
sz002517,恺英网络,2025-09-22 13:30:00,26.65,11900,26.65,U
sz002517,恺英网络,2025-09-22 13:30:12,26.68,8300,26.65,U
sz002517,恺英网络,2025-09-22 13:30:18,26.68,17100,26.68,D
sz002517,恺英网络,2025-09-22 13:30:24,26.65,12700,26.66,D
sz002517,恺英网络,2025-09-22 13:30:27,26.65,15400,26.65,U
sz002517,恺英网络,2025-09-22 13:30:39,26.68,7800,26.67,U
sz002517,恺英网络,2025-09-22 13:31:03,26.67,8000,26.66,E
sz002517,恺英网络,2025-09-22 13:31:06,26.66,8000,26.67,D
sz002517,恺英网络,2025-09-22 13:31:09,26.69,20100,26.66,U
sz002517,恺英网络,2025-09-22 13:31:12,26.73,29300,26.69,U
sz002517,恺英网络,2025-09-22 13:31:15,26.75,22600,26.73,U
sz002517,恺英网络,2025-09-22 13:31:27,26.77,12100,26.77,U
sz002517,恺英网络,2025-09-22 13:31:30,26.76,9800,26.77,D
sz002517,恺英网络,2025-09-22 13:31:36,26.78,11400,26.76,U
sz002517,恺英网络,2025-09-22 13:31:42,26.78,19300,26.76,U
sz002517,恺英网络,2025-09-22 13:31:45,26.78,15600,26.78,E
sz002517,恺英网络,2025-09-22 13:31:48,26.77,7800,26.78,D
sz002517,恺英网络,2025-09-22 13:31:51,26.78,36000,26.77,U
sz002517,恺英网络,2025-09-22 13:31:54,26.76,12900,26.78,D
sz002517,恺英网络,2025-09-22 13:32:03,26.73,15000,26.76,E
sz002517,恺英网络,2025-09-22 13:32:09,26.74,12300,26.74,U
sz002517,恺英网络,2025-09-22 13:32:18,26.73,29400,26.71,E
sz002517,恺英网络,2025-09-22 13:32:27,26.7,21800,26.72,D
sz002517,恺英网络,2025-09-22 13:32:57,26.71,9079,26.71,U
sz002517,恺英网络,2025-09-22 13:33:00,26.7,13221,26.71,D
sz002517,恺英网络,2025-09-22 13:33:03,26.7,8400,26.7,U
sz002517,恺英网络,2025-09-22 13:33:12,26.72,8000,26.72,D
sz002517,恺英网络,2025-09-22 13:33:42,26.76,18500,26.76,D
sz002517,恺英网络,2025-09-22 13:33:51,26.76,8500,26.77,D
sz002517,恺英网络,2025-09-22 13:33:54,26.75,19900,26.76,D
sz002517,恺英网络,2025-09-22 13:34:03,26.75,37900,26.76,D
sz002517,恺英网络,2025-09-22 13:34:15,26.72,20300,26.74,D
sz002517,恺英网络,2025-09-22 13:34:18,26.71,8700,26.72,U
sz002517,恺英网络,2025-09-22 13:34:24,26.71,9200,26.74,D
sz002517,恺英网络,2025-09-22 13:34:30,26.73,7900,26.7,U
sz002517,恺英网络,2025-09-22 13:34:45,26.69,21600,26.7,D
sz002517,恺英网络,2025-09-22 13:35:00,26.68,8521,26.68,D
sz002517,恺英网络,2025-09-22 13:35:15,26.68,7800,26.67,U
sz002517,恺英网络,2025-09-22 13:35:30,26.68,7700,26.68,U
sz002517,恺英网络,2025-09-22 13:35:33,26.67,9500,26.68,E
sz002517,恺英网络,2025-09-22 13:35:54,26.64,28400,26.65,D
sz002517,恺英网络,2025-09-22 13:36:00,26.65,9600,26.67,U
sz002517,恺英网络,2025-09-22 13:36:33,26.69,9400,26.68,U
sz002517,恺英网络,2025-09-22 13:36:39,26.68,13300,26.68,U
sz002517,恺英网络,2025-09-22 13:37:09,26.64,17800,26.68,D
sz002517,恺英网络,2025-09-22 13:37:12,26.61,26500,26.64,D
sz002517,恺英网络,2025-09-22 13:37:15,26.61,9400,26.61,D
sz002517,恺英网络,2025-09-22 13:37:21,26.6,8000,26.6,D
sz002517,恺英网络,2025-09-22 13:37:24,26.6,15500,26.6,E
sz002517,恺英网络,2025-09-22 13:37:30,26.61,46100,26.59,U
sz002517,恺英网络,2025-09-22 13:37:33,26.63,8600,26.61,U
sz002517,恺英网络,2025-09-22 13:37:42,26.65,18500,26.63,U
sz002517,恺英网络,2025-09-22 13:37:48,26.68,16100,26.65,U
sz002517,恺英网络,2025-09-22 13:37:51,26.68,8700,26.68,U
sz002517,恺英网络,2025-09-22 13:37:57,26.69,21000,26.68,U
sz002517,恺英网络,2025-09-22 13:38:42,26.7,22900,26.7,D
sz002517,恺英网络,2025-09-22 13:38:48,26.7,10900,26.7,U
sz002517,恺英网络,2025-09-22 13:39:00,26.71,8300,26.71,U
sz002517,恺英网络,2025-09-22 13:39:18,26.74,8200,26.73,U
sz002517,恺英网络,2025-09-22 13:39:21,26.76,11200,26.74,U
sz002517,恺英网络,2025-09-22 13:39:39,26.76,9800,26.76,U
sz002517,恺英网络,2025-09-22 13:39:45,26.77,7800,26.76,U
sz002517,恺英网络,2025-09-22 13:39:48,26.77,11700,26.77,U
sz002517,恺英网络,2025-09-22 13:39:57,26.76,15900,26.77,D
sz002517,恺英网络,2025-09-22 13:40:03,26.73,29200,26.75,D
sz002517,恺英网络,2025-09-22 13:40:06,26.74,15100,26.73,U
sz002517,恺英网络,2025-09-22 13:40:27,26.71,9200,26.7,U
sz002517,恺英网络,2025-09-22 13:40:39,26.71,8200,26.71,D
sz002517,恺英网络,2025-09-22 13:40:48,26.7,13000,26.71,D
sz002517,恺英网络,2025-09-22 13:41:00,26.72,29600,26.7,U
sz002517,恺英网络,2025-09-22 13:41:03,26.72,9900,26.72,U
sz002517,恺英网络,2025-09-22 13:41:06,26.73,17900,26.72,E
sz002517,恺英网络,2025-09-22 13:41:33,26.75,14100,26.73,U
sz002517,恺英网络,2025-09-22 13:41:36,26.7,22400,26.75,D
sz002517,恺英网络,2025-09-22 13:41:39,26.72,7900,26.7,U
sz002517,恺英网络,2025-09-22 13:41:48,26.7,8700,26.7,U
sz002517,恺英网络,2025-09-22 13:41:57,26.71,25800,26.72,E
sz002517,恺英网络,2025-09-22 13:42:00,26.7,10100,26.71,E
sz002517,恺英网络,2025-09-22 13:42:03,26.69,9100,26.7,D
sz002517,恺英网络,2025-09-22 13:42:06,26.68,25000,26.69,D
sz002517,恺英网络,2025-09-22 13:42:09,26.64,14500,26.68,D
sz002517,恺英网络,2025-09-22 13:42:39,26.61,19600,26.65,D
sz002517,恺英网络,2025-09-22 13:42:57,26.62,41200,26.61,U
sz002517,恺英网络,2025-09-22 13:43:06,26.62,9600,26.62,D
sz002517,恺英网络,2025-09-22 13:43:09,26.61,8600,26.62,D
sz002517,恺英网络,2025-09-22 13:43:12,26.58,14600,26.61,D
sz002517,恺英网络,2025-09-22 13:43:39,26.66,10300,26.66,D
sz002517,恺英网络,2025-09-22 13:43:42,26.64,23500,26.66,D
sz002517,恺英网络,2025-09-22 13:43:45,26.66,10500,26.64,U
sz002517,恺英网络,2025-09-22 13:44:03,26.57,40100,26.6,D
sz002517,恺英网络,2025-09-22 13:44:12,26.55,23700,26.56,D
sz002517,恺英网络,2025-09-22 13:44:39,26.56,9100,26.54,U
sz002517,恺英网络,2025-09-22 13:44:45,26.54,20000,26.56,D
sz002517,恺英网络,2025-09-22 13:45:09,26.53,10800,26.53,U
sz002517,恺英网络,2025-09-22 13:45:15,26.51,7800,26.52,D
sz002517,恺英网络,2025-09-22 13:45:18,26.52,16800,26.51,E
sz002517,恺英网络,2025-09-22 13:45:36,26.5,17000,26.52,D
sz002517,恺英网络,2025-09-22 13:45:39,26.52,9000,26.5,U
sz002517,恺英网络,2025-09-22 13:45:42,26.53,26100,26.52,U
sz002517,恺英网络,2025-09-22 13:45:48,26.6,20700,26.55,U
sz002517,恺英网络,2025-09-22 13:45:54,26.58,7700,26.57,U
sz002517,恺英网络,2025-09-22 13:46:21,26.59,18300,26.61,D
sz002517,恺英网络,2025-09-22 13:46:45,26.62,9500,26.6,U
sz002517,恺英网络,2025-09-22 13:46:51,26.62,106200,26.59,U
sz002517,恺英网络,2025-09-22 13:46:54,26.62,9000,26.62,U
sz002517,恺英网络,2025-09-22 13:46:57,26.62,9100,26.62,U
sz002517,恺英网络,2025-09-22 13:47:06,26.6,7600,26.6,D
sz002517,恺英网络,2025-09-22 13:47:09,26.6,8600,26.6,U
sz002517,恺英网络,2025-09-22 13:47:24,26.58,17300,26.58,U
sz002517,恺英网络,2025-09-22 13:47:33,26.5,14600,26.57,D
sz002517,恺英网络,2025-09-22 13:47:57,26.5,11100,26.55,D
sz002517,恺英网络,2025-09-22 13:48:27,26.55,23500,26.57,D
sz002517,恺英网络,2025-09-22 13:48:39,26.6,20100,26.59,U
sz002517,恺英网络,2025-09-22 13:48:51,26.62,7900,26.61,U
sz002517,恺英网络,2025-09-22 13:49:00,26.61,11100,26.62,D
sz002517,恺英网络,2025-09-22 13:49:12,26.63,12900,26.62,U
sz002517,恺英网络,2025-09-22 13:50:09,26.64,14100,26.66,D
sz002517,恺英网络,2025-09-22 13:50:57,26.66,9000,26.66,U
sz002517,恺英网络,2025-09-22 13:51:21,26.64,12500,26.66,D
sz002517,恺英网络,2025-09-22 13:51:45,26.63,14200,26.65,D
sz002517,恺英网络,2025-09-22 13:53:12,26.63,16600,26.65,D
sz002517,恺英网络,2025-09-22 13:53:30,26.62,14800,26.61,E
sz002517,恺英网络,2025-09-22 13:55:00,26.66,18300,26.65,U
sz002517,恺英网络,2025-09-22 13:55:06,26.64,13500,26.65,D
sz002517,恺英网络,2025-09-22 13:55:12,26.63,13400,26.62,U
sz002517,恺英网络,2025-09-22 13:55:39,26.63,15800,26.64,D
sz002517,恺英网络,2025-09-22 13:56:27,26.59,60100,26.63,D
sz002517,恺英网络,2025-09-22 13:56:30,26.62,8700,26.59,U
sz002517,恺英网络,2025-09-22 13:56:42,26.63,11700,26.58,U
sz002517,恺英网络,2025-09-22 13:57:00,26.61,14900,26.63,E
sz002517,恺英网络,2025-09-22 13:57:51,26.66,19900,26.66,D
sz002517,恺英网络,2025-09-22 13:58:03,26.63,18900,26.64,D
sz002517,恺英网络,2025-09-22 13:58:09,26.65,170200,26.62,U
sz002517,恺英网络,2025-09-22 13:58:15,26.75,160000,26.65,U
sz002517,恺英网络,2025-09-22 13:58:18,26.7,10200,26.75,E
sz002517,恺英网络,2025-09-22 13:58:21,26.73,48500,26.7,U
sz002517,恺英网络,2025-09-22 13:58:30,26.76,96000,26.68,U
sz002517,恺英网络,2025-09-22 13:58:39,26.72,90500,26.7,U
sz002517,恺英网络,2025-09-22 13:58:45,26.7,40100,26.72,D
sz002517,恺英网络,2025-09-22 13:58:48,26.72,95700,26.7,U
sz002517,恺英网络,2025-09-22 13:58:57,26.72,15800,26.73,D
sz002517,恺英网络,2025-09-22 13:59:03,26.71,23100,26.74,D
sz002517,恺英网络,2025-09-22 13:59:15,26.75,11200,26.73,U
sz002517,恺英网络,2025-09-22 13:59:18,26.73,14100,26.75,D
sz002517,恺英网络,2025-09-22 13:59:21,26.73,30500,26.73,U
sz002517,恺英网络,2025-09-22 13:59:33,26.76,24400,26.75,U
sz002517,恺英网络,2025-09-22 13:59:36,26.76,77600,26.76,D
sz002517,恺英网络,2025-09-22 13:59:42,26.77,45900,26.77,U
sz002517,恺英网络,2025-09-22 13:59:51,26.78,27400,26.78,U
sz002517,恺英网络,2025-09-22 13:59:54,26.78,16900,26.78,U
sz002517,恺英网络,2025-09-22 14:00:00,26.78,20700,26.78,D
sz002517,恺英网络,2025-09-22 14:00:03,26.76,78600,26.78,D
sz002517,恺英网络,2025-09-22 14:00:15,26.72,15200,26.74,D
sz002517,恺英网络,2025-09-22 14:00:33,26.71,35400,26.72,D
sz002517,恺英网络,2025-09-22 14:00:36,26.71,17700,26.71,D
sz002517,恺英网络,2025-09-22 14:00:39,26.71,8100,26.71,U
sz002517,恺英网络,2025-09-22 14:01:24,26.62,15500,26.62,D
sz002517,恺英网络,2025-09-22 14:02:12,26.66,16100,26.64,U
sz002517,恺英网络,2025-09-22 14:03:03,26.66,76900,26.66,D
sz002517,恺英网络,2025-09-22 14:03:12,26.62,25400,26.64,D
sz002517,恺英网络,2025-09-22 14:03:15,26.64,36400,26.62,U
sz002517,恺英网络,2025-09-22 14:03:18,26.65,9800,26.64,U
sz002517,恺英网络,2025-09-22 14:03:33,26.69,14500,26.66,U
sz002517,恺英网络,2025-09-22 14:03:36,26.72,8400,26.69,U
sz002517,恺英网络,2025-09-22 14:04:00,26.7,9800,26.7,U
sz002517,恺英网络,2025-09-22 14:04:18,26.75,11400,26.72,U
sz002517,恺英网络,2025-09-22 14:04:21,26.74,12400,26.75,U
sz002517,恺英网络,2025-09-22 14:04:39,26.75,7500,26.73,U
sz002517,恺英网络,2025-09-22 14:04:51,26.76,9900,26.75,U
sz002517,恺英网络,2025-09-22 14:05:24,26.72,64800,26.75,D
sz002517,恺英网络,2025-09-22 14:06:03,26.71,8100,26.72,D
sz002517,恺英网络,2025-09-22 14:06:06,26.72,8000,26.71,U
sz002517,恺英网络,2025-09-22 14:06:12,26.7,17900,26.71,D
sz002517,恺英网络,2025-09-22 14:06:24,26.7,24700,26.71,D
sz002517,恺英网络,2025-09-22 14:06:27,26.7,10400,26.7,D
sz002517,恺英网络,2025-09-22 14:06:45,26.73,8500,26.72,U
sz002517,恺英网络,2025-09-22 14:07:18,26.74,8900,26.73,U
sz002517,恺英网络,2025-09-22 14:07:33,26.76,8300,26.75,U
sz002517,恺英网络,2025-09-22 14:07:36,26.74,11000,26.76,D
sz002517,恺英网络,2025-09-22 14:07:42,26.71,8400,26.75,D
sz002517,恺英网络,2025-09-22 14:07:45,26.7,16900,26.71,D
sz002517,恺英网络,2025-09-22 14:07:48,26.69,11600,26.7,D
sz002517,恺英网络,2025-09-22 14:07:54,26.65,46100,26.69,D
sz002517,恺英网络,2025-09-22 14:09:48,26.71,8100,26.71,D
sz002517,恺英网络,2025-09-22 14:11:03,26.73,26400,26.73,U
sz002517,恺英网络,2025-09-22 14:11:09,26.7,14800,26.73,D
sz002517,恺英网络,2025-09-22 14:11:12,26.68,16500,26.7,D
sz002517,恺英网络,2025-09-22 14:11:18,26.72,41100,26.68,U
sz002517,恺英网络,2025-09-22 14:11:24,26.68,18000,26.7,D
sz002517,恺英网络,2025-09-22 14:11:36,26.69,18500,26.7,D
sz002517,恺英网络,2025-09-22 14:11:57,26.69,13600,26.68,U
sz002517,恺英网络,2025-09-22 14:12:33,26.71,12900,26.7,U
sz002517,恺英网络,2025-09-22 14:12:45,26.72,9400,26.71,U
sz002517,恺英网络,2025-09-22 14:12:54,26.73,11800,26.72,U
sz002517,恺英网络,2025-09-22 14:13:00,26.74,11000,26.73,U
sz002517,恺英网络,2025-09-22 14:13:09,26.74,30400,26.74,D
sz002517,恺英网络,2025-09-22 14:13:12,26.73,7900,26.74,E
sz002517,恺英网络,2025-09-22 14:13:15,26.73,8100,26.73,U
sz002517,恺英网络,2025-09-22 14:13:30,26.73,13200,26.72,U
sz002517,恺英网络,2025-09-22 14:13:36,26.73,14700,26.74,D
sz002517,恺英网络,2025-09-22 14:13:39,26.72,10200,26.73,D
sz002517,恺英网络,2025-09-22 14:13:45,26.72,11900,26.72,U
sz002517,恺英网络,2025-09-22 14:13:48,26.72,14700,26.72,U
sz002517,恺英网络,2025-09-22 14:13:51,26.7,14700,26.72,D
sz002517,恺英网络,2025-09-22 14:13:54,26.68,12700,26.7,D
sz002517,恺英网络,2025-09-22 14:14:21,26.75,16500,26.69,U
sz002517,恺英网络,2025-09-22 14:14:27,26.75,15400,26.75,U
sz002517,恺英网络,2025-09-22 14:14:36,26.75,9100,26.72,U
sz002517,恺英网络,2025-09-22 14:14:48,26.76,8900,26.75,U
sz002517,恺英网络,2025-09-22 14:14:51,26.76,12700,26.76,U
sz002517,恺英网络,2025-09-22 14:14:54,26.76,14800,26.76,U
sz002517,恺英网络,2025-09-22 14:15:06,26.74,17300,26.76,D
sz002517,恺英网络,2025-09-22 14:15:09,26.74,23900,26.74,U
sz002517,恺英网络,2025-09-22 14:15:15,26.74,8300,26.74,E
sz002517,恺英网络,2025-09-22 14:16:00,26.73,8000,26.73,U
sz002517,恺英网络,2025-09-22 14:17:00,26.73,8900,26.73,U
sz002517,恺英网络,2025-09-22 14:17:30,26.72,17900,26.71,E
sz002517,恺英网络,2025-09-22 14:18:03,26.7,31400,26.69,U
sz002517,恺英网络,2025-09-22 14:18:57,26.72,11800,26.71,U
sz002517,恺英网络,2025-09-22 14:19:09,26.75,24600,26.72,U
sz002517,恺英网络,2025-09-22 14:19:15,26.75,13500,26.75,U
sz002517,恺英网络,2025-09-22 14:20:03,26.76,8300,26.76,U
sz002517,恺英网络,2025-09-22 14:20:27,26.76,9100,26.76,D
sz002517,恺英网络,2025-09-22 14:20:30,26.77,15600,26.76,U
sz002517,恺英网络,2025-09-22 14:20:57,26.77,27400,26.76,U
sz002517,恺英网络,2025-09-22 14:21:00,26.76,8100,26.77,D
sz002517,恺英网络,2025-09-22 14:21:03,26.76,10600,26.76,D
sz002517,恺英网络,2025-09-22 14:21:06,26.76,9000,26.76,U
sz002517,恺英网络,2025-09-22 14:21:45,26.77,19000,26.76,U
sz002517,恺英网络,2025-09-22 14:21:48,26.76,26100,26.77,U
sz002517,恺英网络,2025-09-22 14:21:51,26.77,39000,26.76,U
sz002517,恺英网络,2025-09-22 14:21:54,26.79,25600,26.77,U
sz002517,恺英网络,2025-09-22 14:21:57,26.78,26400,26.79,U
sz002517,恺英网络,2025-09-22 14:22:00,26.79,44100,26.78,U
sz002517,恺英网络,2025-09-22 14:22:03,26.8,18500,26.79,U
sz002517,恺英网络,2025-09-22 14:22:09,26.78,20300,26.8,D
sz002517,恺英网络,2025-09-22 14:22:21,26.78,15200,26.77,U
sz002517,恺英网络,2025-09-22 14:22:42,26.75,12300,26.77,D
sz002517,恺英网络,2025-09-22 14:24:03,26.77,14700,26.76,U
sz002517,恺英网络,2025-09-22 14:24:24,26.76,13800,26.77,D
sz002517,恺英网络,2025-09-22 14:24:30,26.76,27700,26.77,D
sz002517,恺英网络,2025-09-22 14:24:45,26.76,9300,26.76,U
sz002517,恺英网络,2025-09-22 14:25:00,26.75,7700,26.76,D
sz002517,恺英网络,2025-09-22 14:25:03,26.76,17400,26.75,U
sz002517,恺英网络,2025-09-22 14:25:06,26.75,8600,26.76,E
sz002517,恺英网络,2025-09-22 14:26:33,26.72,8100,26.72,D
sz002517,恺英网络,2025-09-22 14:26:39,26.72,8400,26.72,D
sz002517,恺英网络,2025-09-22 14:26:48,26.73,7800,26.72,U
sz002517,恺英网络,2025-09-22 14:27:09,26.72,8400,26.73,D
sz002517,恺英网络,2025-09-22 14:28:03,26.71,9000,26.71,D
sz002517,恺英网络,2025-09-22 14:28:15,26.74,15400,26.72,U
sz002517,恺英网络,2025-09-22 14:28:54,26.75,11600,26.76,D
sz002517,恺英网络,2025-09-22 14:29:00,26.75,8200,26.76,D
sz002517,恺英网络,2025-09-22 14:29:24,26.74,9800,26.74,D
sz002517,恺英网络,2025-09-22 14:31:15,26.76,12000,26.76,D
sz002517,恺英网络,2025-09-22 14:31:30,26.77,10500,26.76,U
sz002517,恺英网络,2025-09-22 14:31:39,26.77,21700,26.77,U
sz002517,恺英网络,2025-09-22 14:31:54,26.77,9200,26.76,U
sz002517,恺英网络,2025-09-22 14:31:57,26.77,8900,26.77,U
sz002517,恺英网络,2025-09-22 14:32:21,26.77,8800,26.77,U
sz002517,恺英网络,2025-09-22 14:32:33,26.77,10600,26.77,D
sz002517,恺英网络,2025-09-22 14:32:48,26.78,9200,26.78,U
sz002517,恺英网络,2025-09-22 14:32:51,26.78,13200,26.78,U
sz002517,恺英网络,2025-09-22 14:32:54,26.76,11500,26.78,D
sz002517,恺英网络,2025-09-22 14:33:03,26.78,11000,26.78,D
sz002517,恺英网络,2025-09-22 14:33:12,26.76,9100,26.78,D
sz002517,恺英网络,2025-09-22 14:33:39,26.77,9700,26.77,U
sz002517,恺英网络,2025-09-22 14:33:45,26.77,9700,26.77,U
sz002517,恺英网络,2025-09-22 14:34:12,26.78,58500,26.77,U
sz002517,恺英网络,2025-09-22 14:34:15,26.77,9300,26.78,D
sz002517,恺英网络,2025-09-22 14:35:00,26.79,11600,26.78,U
sz002517,恺英网络,2025-09-22 14:35:12,26.8,20900,26.78,U
sz002517,恺英网络,2025-09-22 14:35:18,26.8,16900,26.8,U
sz002517,恺英网络,2025-09-22 14:35:21,26.8,18200,26.8,U
sz002517,恺英网络,2025-09-22 14:35:24,26.8,25600,26.8,U
sz002517,恺英网络,2025-09-22 14:35:30,26.8,9800,26.8,U
sz002517,恺英网络,2025-09-22 14:35:45,26.81,17000,26.8,U
sz002517,恺英网络,2025-09-22 14:35:51,26.82,12900,26.81,U
sz002517,恺英网络,2025-09-22 14:35:54,26.82,16400,26.82,U
sz002517,恺英网络,2025-09-22 14:35:57,26.81,22500,26.82,D
sz002517,恺英网络,2025-09-22 14:36:24,26.82,11100,26.82,U
sz002517,恺英网络,2025-09-22 14:36:30,26.83,8000,26.83,U
sz002517,恺英网络,2025-09-22 14:36:33,26.83,9300,26.83,U
sz002517,恺英网络,2025-09-22 14:36:45,26.83,29800,26.83,E
sz002517,恺英网络,2025-09-22 14:36:48,26.81,97700,26.83,D
sz002517,恺英网络,2025-09-22 14:37:06,26.81,8600,26.81,U
sz002517,恺英网络,2025-09-22 14:37:12,26.81,10300,26.81,U
sz002517,恺英网络,2025-09-22 14:37:21,26.78,7800,26.78,D
sz002517,恺英网络,2025-09-22 14:37:48,26.79,8800,26.79,U
sz002517,恺英网络,2025-09-22 14:38:06,26.78,14800,26.78,D
sz002517,恺英网络,2025-09-22 14:38:39,26.79,7700,26.79,U
sz002517,恺英网络,2025-09-22 14:38:57,26.8,13000,26.79,U
sz002517,恺英网络,2025-09-22 14:39:03,26.8,10600,26.79,U
sz002517,恺英网络,2025-09-22 14:39:06,26.8,11900,26.8,U
sz002517,恺英网络,2025-09-22 14:39:12,26.77,53500,26.81,D
sz002517,恺英网络,2025-09-22 14:39:15,26.78,13200,26.77,E
sz002517,恺英网络,2025-09-22 14:39:21,26.77,10800,26.77,D
sz002517,恺英网络,2025-09-22 14:39:24,26.77,8400,26.77,U
sz002517,恺英网络,2025-09-22 14:39:36,26.77,9600,26.77,D
sz002517,恺英网络,2025-09-22 14:40:00,26.78,12100,26.79,D
sz002517,恺英网络,2025-09-22 14:40:06,26.78,12600,26.79,D
sz002517,恺英网络,2025-09-22 14:40:09,26.79,12900,26.78,U
sz002517,恺英网络,2025-09-22 14:40:18,26.79,7800,26.79,U
sz002517,恺英网络,2025-09-22 14:40:21,26.8,7700,26.79,U
sz002517,恺英网络,2025-09-22 14:40:48,26.81,7700,26.8,U
sz002517,恺英网络,2025-09-22 14:41:00,26.79,9900,26.79,D
sz002517,恺英网络,2025-09-22 14:41:03,26.8,7600,26.79,U
sz002517,恺英网络,2025-09-22 14:41:06,26.8,12400,26.8,U
sz002517,恺英网络,2025-09-22 14:41:18,26.81,8900,26.8,U
sz002517,恺英网络,2025-09-22 14:41:36,26.81,10100,26.81,U
sz002517,恺英网络,2025-09-22 14:41:48,26.82,11800,26.81,U
sz002517,恺英网络,2025-09-22 14:42:00,26.81,9300,26.82,D
sz002517,恺英网络,2025-09-22 14:42:03,26.82,24400,26.81,U
sz002517,恺英网络,2025-09-22 14:42:06,26.82,8800,26.82,D
sz002517,恺英网络,2025-09-22 14:42:09,26.82,16000,26.82,U
sz002517,恺英网络,2025-09-22 14:42:18,26.82,8700,26.83,D
sz002517,恺英网络,2025-09-22 14:42:21,26.83,8800,26.82,U
sz002517,恺英网络,2025-09-22 14:42:30,26.83,18900,26.82,U
sz002517,恺英网络,2025-09-22 14:42:36,26.84,17200,26.83,U
sz002517,恺英网络,2025-09-22 14:42:48,26.84,13800,26.83,U
sz002517,恺英网络,2025-09-22 14:42:51,26.82,45400,26.84,D
sz002517,恺英网络,2025-09-22 14:42:54,26.83,11200,26.82,U
sz002517,恺英网络,2025-09-22 14:42:57,26.84,33200,26.83,U
sz002517,恺英网络,2025-09-22 14:43:00,26.8,42000,26.84,D
sz002517,恺英网络,2025-09-22 14:43:03,26.79,11900,26.8,D
sz002517,恺英网络,2025-09-22 14:43:06,26.82,33400,26.79,U
sz002517,恺英网络,2025-09-22 14:43:09,26.79,11200,26.82,D
sz002517,恺英网络,2025-09-22 14:43:12,26.82,10600,26.79,U
sz002517,恺英网络,2025-09-22 14:43:21,26.8,14400,26.81,D
sz002517,恺英网络,2025-09-22 14:43:36,26.82,8100,26.81,U
sz002517,恺英网络,2025-09-22 14:43:51,26.82,15900,26.82,U
sz002517,恺英网络,2025-09-22 14:44:03,26.82,7600,26.82,D
sz002517,恺英网络,2025-09-22 14:44:12,26.82,12300,26.82,U
sz002517,恺英网络,2025-09-22 14:44:18,26.82,8700,26.82,D
sz002517,恺英网络,2025-09-22 14:44:24,26.83,10400,26.83,U
sz002517,恺英网络,2025-09-22 14:44:39,26.82,22300,26.82,U
sz002517,恺英网络,2025-09-22 14:44:48,26.81,28900,26.82,D
sz002517,恺英网络,2025-09-22 14:44:54,26.81,9600,26.81,U
sz002517,恺英网络,2025-09-22 14:45:00,26.8,23400,26.8,D
sz002517,恺英网络,2025-09-22 14:45:03,26.8,38300,26.8,D
sz002517,恺英网络,2025-09-22 14:45:06,26.8,8000,26.8,U
sz002517,恺英网络,2025-09-22 14:45:09,26.8,10500,26.8,U
sz002517,恺英网络,2025-09-22 14:45:30,26.82,15700,26.8,U
sz002517,恺英网络,2025-09-22 14:46:00,26.79,36100,26.81,D
sz002517,恺英网络,2025-09-22 14:46:03,26.78,23500,26.79,D
sz002517,恺英网络,2025-09-22 14:46:06,26.79,16500,26.78,U
sz002517,恺英网络,2025-09-22 14:46:15,26.8,25000,26.79,U
sz002517,恺英网络,2025-09-22 14:46:21,26.8,9100,26.8,U
sz002517,恺英网络,2025-09-22 14:46:39,26.81,18000,26.8,U
sz002517,恺英网络,2025-09-22 14:46:42,26.84,74600,26.81,U
sz002517,恺英网络,2025-09-22 14:46:45,26.86,48900,26.84,U
sz002517,恺英网络,2025-09-22 14:46:48,26.86,35800,26.86,U
sz002517,恺英网络,2025-09-22 14:46:51,26.86,34100,26.86,U
sz002517,恺英网络,2025-09-22 14:46:57,26.86,9700,26.86,D
sz002517,恺英网络,2025-09-22 14:47:00,26.84,12400,26.86,D
sz002517,恺英网络,2025-09-22 14:47:03,26.86,36800,26.84,U
sz002517,恺英网络,2025-09-22 14:47:09,26.85,21900,26.83,U
sz002517,恺英网络,2025-09-22 14:47:15,26.86,46500,26.85,U
sz002517,恺英网络,2025-09-22 14:47:21,26.88,47500,26.86,U
sz002517,恺英网络,2025-09-22 14:47:24,26.86,13500,26.88,E
sz002517,恺英网络,2025-09-22 14:47:33,26.87,49900,26.87,D
sz002517,恺英网络,2025-09-22 14:47:45,26.87,12600,26.88,D
sz002517,恺英网络,2025-09-22 14:47:48,26.87,19900,26.87,U
sz002517,恺英网络,2025-09-22 14:48:00,26.86,49500,26.88,D
sz002517,恺英网络,2025-09-22 14:48:03,26.88,11100,26.86,U
sz002517,恺英网络,2025-09-22 14:48:06,26.88,11300,26.88,U
sz002517,恺英网络,2025-09-22 14:48:18,26.88,8800,26.88,D
sz002517,恺英网络,2025-09-22 14:48:21,26.89,8900,26.88,U
sz002517,恺英网络,2025-09-22 14:48:24,26.89,29900,26.89,U
sz002517,恺英网络,2025-09-22 14:48:27,26.9,45300,26.89,U
sz002517,恺英网络,2025-09-22 14:48:30,26.9,36000,26.9,U
sz002517,恺英网络,2025-09-22 14:48:39,26.9,7500,26.9,U
sz002517,恺英网络,2025-09-22 14:48:45,26.89,16200,26.9,D
sz002517,恺英网络,2025-09-22 14:48:48,26.89,9900,26.89,U
sz002517,恺英网络,2025-09-22 14:49:00,26.89,60300,26.9,D
sz002517,恺英网络,2025-09-22 14:49:03,26.9,14100,26.89,E
sz002517,恺英网络,2025-09-22 14:49:06,26.91,7700,26.9,U
sz002517,恺英网络,2025-09-22 14:49:09,26.89,9200,26.91,D
sz002517,恺英网络,2025-09-22 14:49:21,26.9,16600,26.9,U
sz002517,恺英网络,2025-09-22 14:49:24,26.89,9600,26.9,D
sz002517,恺英网络,2025-09-22 14:49:42,26.93,23200,26.92,U
sz002517,恺英网络,2025-09-22 14:49:51,26.93,15500,26.93,U
sz002517,恺英网络,2025-09-22 14:50:00,26.91,24900,26.93,D
sz002517,恺英网络,2025-09-22 14:50:03,26.91,30300,26.91,D
sz002517,恺英网络,2025-09-22 14:50:06,26.92,7700,26.91,U
sz002517,恺英网络,2025-09-22 14:50:12,26.91,9500,26.92,D
sz002517,恺英网络,2025-09-22 14:50:15,26.88,71600,26.91,D
sz002517,恺英网络,2025-09-22 14:50:18,26.89,12800,26.88,U
sz002517,恺英网络,2025-09-22 14:50:21,26.89,12300,26.89,U
sz002517,恺英网络,2025-09-22 14:50:27,26.88,12600,26.88,D
sz002517,恺英网络,2025-09-22 14:50:30,26.88,13100,26.88,D
sz002517,恺英网络,2025-09-22 14:51:00,26.87,15800,26.89,D
sz002517,恺英网络,2025-09-22 14:51:03,26.85,32700,26.87,D
sz002517,恺英网络,2025-09-22 14:51:12,26.89,7600,26.88,U
sz002517,恺英网络,2025-09-22 14:51:24,26.89,10200,26.89,U
sz002517,恺英网络,2025-09-22 14:51:30,26.89,20800,26.89,U
sz002517,恺英网络,2025-09-22 14:52:00,26.88,21800,26.9,D
sz002517,恺英网络,2025-09-22 14:52:03,26.89,11400,26.88,U
sz002517,恺英网络,2025-09-22 14:52:18,26.9,21400,26.89,U
sz002517,恺英网络,2025-09-22 14:52:30,26.91,8300,26.91,U
sz002517,恺英网络,2025-09-22 14:52:39,26.91,13500,26.91,U
sz002517,恺英网络,2025-09-22 14:52:51,26.91,35700,26.91,D
sz002517,恺英网络,2025-09-22 14:52:54,26.91,9700,26.91,U
sz002517,恺英网络,2025-09-22 14:53:00,26.88,103200,26.91,D
sz002517,恺英网络,2025-09-22 14:53:03,26.87,46800,26.88,D
sz002517,恺英网络,2025-09-22 14:53:06,26.89,14300,26.87,U
sz002517,恺英网络,2025-09-22 14:53:15,26.9,22500,26.89,U
sz002517,恺英网络,2025-09-22 14:53:36,26.9,17700,26.9,D
sz002517,恺英网络,2025-09-22 14:53:48,26.9,10600,26.91,D
sz002517,恺英网络,2025-09-22 14:54:00,26.88,25000,26.9,D
sz002517,恺英网络,2025-09-22 14:54:03,26.89,28500,26.88,U
sz002517,恺英网络,2025-09-22 14:54:06,26.87,9500,26.89,U
sz002517,恺英网络,2025-09-22 14:54:27,26.89,9400,26.88,U
sz002517,恺英网络,2025-09-22 14:54:36,26.88,21700,26.9,U
sz002517,恺英网络,2025-09-22 14:54:42,26.88,12200,26.88,U
sz002517,恺英网络,2025-09-22 14:54:45,26.87,17100,26.88,E
sz002517,恺英网络,2025-09-22 14:55:00,26.87,16100,26.88,D
sz002517,恺英网络,2025-09-22 14:55:06,26.88,9600,26.89,E
sz002517,恺英网络,2025-09-22 14:55:27,26.92,78600,26.89,U
sz002517,恺英网络,2025-09-22 14:55:33,26.9,7500,26.9,U
sz002517,恺英网络,2025-09-22 14:55:42,26.9,7700,26.9,U
sz002517,恺英网络,2025-09-22 14:55:45,26.9,16800,26.9,D
sz002517,恺英网络,2025-09-22 14:55:48,26.9,8700,26.9,D
sz002517,恺英网络,2025-09-22 14:55:57,26.91,23700,26.91,U
sz002517,恺英网络,2025-09-22 14:56:00,26.91,11100,26.91,D
sz002517,恺英网络,2025-09-22 14:56:03,26.88,85900,26.91,D
sz002517,恺英网络,2025-09-22 14:56:06,26.9,18300,26.88,E
sz002517,恺英网络,2025-09-22 14:56:12,26.89,40300,26.89,U
sz002517,恺英网络,2025-09-22 14:56:15,26.89,10700,26.89,U
sz002517,恺英网络,2025-09-22 14:56:18,26.88,37300,26.89,D
sz002517,恺英网络,2025-09-22 14:56:21,26.86,12500,26.88,D
sz002517,恺英网络,2025-09-22 14:56:27,26.88,13800,26.88,D
sz002517,恺英网络,2025-09-22 14:56:30,26.88,10500,26.88,U
sz002517,恺英网络,2025-09-22 14:56:33,26.89,7900,26.88,U
sz002517,恺英网络,2025-09-22 14:56:39,26.87,11400,26.89,D
sz002517,恺英网络,2025-09-22 14:56:45,26.89,9800,26.89,U
sz002517,恺英网络,2025-09-22 14:56:48,26.88,12600,26.89,E
sz002517,恺英网络,2025-09-22 15:00:00,26.88,411600,26.89,D
