symbol,name,ticktime,price,volume,prev_price,kind
sz002517,恺英网络,2025-09-15 09:25:00,23.91,75300,0.0,D
sz002517,恺英网络,2025-09-15 09:30:00,23.85,85500,23.91,D
sz002517,恺英网络,2025-09-15 09:30:03,23.89,83900,23.85,E
sz002517,恺英网络,2025-09-15 09:30:06,23.84,31600,23.89,D
sz002517,恺英网络,2025-09-15 09:30:09,23.83,10800,23.84,D
sz002517,恺英网络,2025-09-15 09:30:12,23.8,62700,23.83,D
sz002517,恺英网络,2025-09-15 09:30:15,23.78,43200,23.8,D
sz002517,恺英网络,2025-09-15 09:30:18,23.77,26200,23.78,D
sz002517,恺英网络,2025-09-15 09:30:21,23.76,66100,23.77,D
sz002517,恺英网络,2025-09-15 09:30:24,23.82,59600,23.76,U
sz002517,恺英网络,2025-09-15 09:30:27,23.76,64500,23.82,D
sz002517,恺英网络,2025-09-15 09:30:30,23.8,21500,23.76,U
sz002517,恺英网络,2025-09-15 09:30:33,23.82,34700,23.8,E
sz002517,恺英网络,2025-09-15 09:30:36,23.82,14100,23.82,D
sz002517,恺英网络,2025-09-15 09:30:42,23.82,11800,23.78,U
sz002517,恺英网络,2025-09-15 09:30:45,23.82,8900,23.82,U
sz002517,恺英网络,2025-09-15 09:30:48,23.83,9000,23.82,U
sz002517,恺英网络,2025-09-15 09:30:51,23.83,26500,23.83,D
sz002517,恺英网络,2025-09-15 09:30:54,23.84,31400,23.83,D
sz002517,恺英网络,2025-09-15 09:30:57,23.86,15600,23.84,U
sz002517,恺英网络,2025-09-15 09:31:00,23.96,71900,23.86,U
sz002517,恺英网络,2025-09-15 09:31:03,23.92,22300,23.96,D
sz002517,恺英网络,2025-09-15 09:31:06,23.95,10100,23.92,U
sz002517,恺英网络,2025-09-15 09:31:12,23.92,15700,23.96,D
sz002517,恺英网络,2025-09-15 09:31:21,23.95,23500,23.96,E
sz002517,恺英网络,2025-09-15 09:31:27,23.89,10100,23.9,D
sz002517,恺英网络,2025-09-15 09:31:33,23.91,9300,23.89,E
sz002517,恺英网络,2025-09-15 09:31:36,23.92,8900,23.91,E
sz002517,恺英网络,2025-09-15 09:31:39,23.91,38400,23.92,D
sz002517,恺英网络,2025-09-15 09:31:42,23.88,57400,23.91,E
sz002517,恺英网络,2025-09-15 09:31:48,23.85,9800,23.82,U
sz002517,恺英网络,2025-09-15 09:31:51,23.83,22000,23.85,D
sz002517,恺英网络,2025-09-15 09:31:54,23.83,22300,23.83,D
sz002517,恺英网络,2025-09-15 09:31:57,23.88,18200,23.83,U
sz002517,恺英网络,2025-09-15 09:32:00,23.88,12900,23.88,U
sz002517,恺英网络,2025-09-15 09:32:03,23.93,50600,23.88,U
sz002517,恺英网络,2025-09-15 09:32:06,23.9,28600,23.93,D
sz002517,恺英网络,2025-09-15 09:32:09,23.86,22400,23.9,D
sz002517,恺英网络,2025-09-15 09:32:15,23.86,20100,23.86,D
sz002517,恺英网络,2025-09-15 09:32:18,23.93,289900,23.86,U
sz002517,恺英网络,2025-09-15 09:32:21,23.93,41900,23.93,U
sz002517,恺英网络,2025-09-15 09:32:24,23.9,29100,23.93,D
sz002517,恺英网络,2025-09-15 09:32:27,23.9,25300,23.9,U
sz002517,恺英网络,2025-09-15 09:32:30,23.91,13900,23.9,E
sz002517,恺英网络,2025-09-15 09:32:33,23.91,74700,23.91,D
sz002517,恺英网络,2025-09-15 09:32:36,23.91,52100,23.91,D
sz002517,恺英网络,2025-09-15 09:32:39,23.91,13800,23.91,D
sz002517,恺英网络,2025-09-15 09:32:45,23.86,102500,23.88,D
sz002517,恺英网络,2025-09-15 09:32:48,23.85,73300,23.86,D
sz002517,恺英网络,2025-09-15 09:32:51,23.95,28200,23.85,U
sz002517,恺英网络,2025-09-15 09:32:54,23.96,35500,23.95,U
sz002517,恺英网络,2025-09-15 09:32:57,23.96,54000,23.96,D
sz002517,恺英网络,2025-09-15 09:33:00,24.01,10400,23.96,U
sz002517,恺英网络,2025-09-15 09:33:03,23.98,17300,24.01,D
sz002517,恺英网络,2025-09-15 09:33:09,23.94,27400,23.94,D
sz002517,恺英网络,2025-09-15 09:33:12,23.91,8600,23.94,D
sz002517,恺英网络,2025-09-15 09:33:15,23.91,13500,23.91,D
sz002517,恺英网络,2025-09-15 09:33:33,23.91,14700,23.91,D
sz002517,恺英网络,2025-09-15 09:33:36,23.92,47700,23.91,U
sz002517,恺英网络,2025-09-15 09:33:39,23.92,19700,23.92,D
sz002517,恺英网络,2025-09-15 09:33:42,23.94,11300,23.92,D
sz002517,恺英网络,2025-09-15 09:33:45,23.92,15100,23.94,D
sz002517,恺英网络,2025-09-15 09:33:57,23.87,37400,23.91,D
sz002517,恺英网络,2025-09-15 09:34:00,23.9,28900,23.87,U
sz002517,恺英网络,2025-09-15 09:34:03,23.87,10800,23.9,D
sz002517,恺英网络,2025-09-15 09:34:12,23.87,10200,23.87,D
sz002517,恺英网络,2025-09-15 09:34:18,23.87,17300,23.87,U
sz002517,恺英网络,2025-09-15 09:34:21,23.84,23200,23.87,D
sz002517,恺英网络,2025-09-15 09:34:27,23.84,23600,23.85,D
sz002517,恺英网络,2025-09-15 09:34:30,23.83,12100,23.84,D
sz002517,恺英网络,2025-09-15 09:34:39,23.83,16500,23.83,U
sz002517,恺英网络,2025-09-15 09:34:42,23.85,8800,23.83,U
sz002517,恺英网络,2025-09-15 09:34:45,23.85,10800,23.85,D
sz002517,恺英网络,2025-09-15 09:34:51,23.85,11200,23.85,U
sz002517,恺英网络,2025-09-15 09:34:57,23.84,13100,23.85,D
sz002517,恺英网络,2025-09-15 09:35:00,23.85,10700,23.84,E
sz002517,恺英网络,2025-09-15 09:35:03,23.82,155500,23.85,D
sz002517,恺英网络,2025-09-15 09:35:06,23.82,41500,23.82,U
sz002517,恺英网络,2025-09-15 09:35:09,23.83,21700,23.82,E
sz002517,恺英网络,2025-09-15 09:35:12,23.82,32300,23.83,D
sz002517,恺英网络,2025-09-15 09:35:15,23.84,70400,23.82,U
sz002517,恺英网络,2025-09-15 09:35:18,23.83,20300,23.84,D
sz002517,恺英网络,2025-09-15 09:35:21,23.85,38300,23.83,U
sz002517,恺英网络,2025-09-15 09:35:24,23.85,16250,23.85,U
sz002517,恺英网络,2025-09-15 09:35:27,23.84,43200,23.85,D
sz002517,恺英网络,2025-09-15 09:35:30,23.84,27500,23.84,E
sz002517,恺英网络,2025-09-15 09:35:33,23.83,14100,23.84,D
sz002517,恺英网络,2025-09-15 09:35:36,23.83,15700,23.83,D
sz002517,恺英网络,2025-09-15 09:35:39,23.83,24400,23.83,D
sz002517,恺英网络,2025-09-15 09:35:45,23.84,18900,23.84,E
sz002517,恺英网络,2025-09-15 09:35:48,23.83,20000,23.84,D
sz002517,恺英网络,2025-09-15 09:35:51,23.84,9500,23.83,E
sz002517,恺英网络,2025-09-15 09:35:54,23.84,11400,23.84,D
sz002517,恺英网络,2025-09-15 09:36:03,23.84,53900,23.84,D
sz002517,恺英网络,2025-09-15 09:36:06,23.83,73700,23.84,D
sz002517,恺英网络,2025-09-15 09:36:09,23.81,12400,23.83,E
sz002517,恺英网络,2025-09-15 09:36:12,23.81,10700,23.81,D
sz002517,恺英网络,2025-09-15 09:36:15,23.83,17900,23.81,U
sz002517,恺英网络,2025-09-15 09:36:18,23.83,24000,23.83,E
sz002517,恺英网络,2025-09-15 09:36:21,23.83,23400,23.83,D
sz002517,恺英网络,2025-09-15 09:36:24,23.84,19700,23.83,U
sz002517,恺英网络,2025-09-15 09:36:27,23.83,19600,23.84,D
sz002517,恺英网络,2025-09-15 09:36:30,23.82,19600,23.83,D
sz002517,恺英网络,2025-09-15 09:36:33,23.82,12400,23.82,D
sz002517,恺英网络,2025-09-15 09:36:36,23.81,103900,23.82,D
sz002517,恺英网络,2025-09-15 09:36:39,23.8,10900,23.81,D
sz002517,恺英网络,2025-09-15 09:36:42,23.8,57900,23.8,D
sz002517,恺英网络,2025-09-15 09:36:45,23.79,57900,23.8,D
sz002517,恺英网络,2025-09-15 09:36:48,23.8,27300,23.79,U
sz002517,恺英网络,2025-09-15 09:36:51,23.79,9800,23.8,D
sz002517,恺英网络,2025-09-15 09:36:54,23.79,8500,23.79,D
sz002517,恺英网络,2025-09-15 09:36:57,23.81,12300,23.79,U
sz002517,恺英网络,2025-09-15 09:37:00,23.81,25400,23.81,U
sz002517,恺英网络,2025-09-15 09:37:03,23.83,55600,23.81,U
sz002517,恺英网络,2025-09-15 09:37:12,23.8,53100,23.81,D
sz002517,恺英网络,2025-09-15 09:37:15,23.86,15900,23.8,U
sz002517,恺英网络,2025-09-15 09:37:18,23.89,12700,23.86,U
sz002517,恺英网络,2025-09-15 09:37:21,23.89,29100,23.89,D
sz002517,恺英网络,2025-09-15 09:37:30,23.92,21700,23.92,D
sz002517,恺英网络,2025-09-15 09:37:33,23.88,35900,23.92,D
sz002517,恺英网络,2025-09-15 09:37:36,23.83,54200,23.88,D
sz002517,恺英网络,2025-09-15 09:37:39,23.9,17100,23.83,U
sz002517,恺英网络,2025-09-15 09:37:42,23.93,24300,23.9,U
sz002517,恺英网络,2025-09-15 09:37:48,23.94,14000,23.91,D
sz002517,恺英网络,2025-09-15 09:37:54,23.99,26600,23.94,U
sz002517,恺英网络,2025-09-15 09:38:00,23.94,60800,23.98,D
sz002517,恺英网络,2025-09-15 09:38:03,23.91,10900,23.94,D
sz002517,恺英网络,2025-09-15 09:38:06,23.91,26200,23.91,D
sz002517,恺英网络,2025-09-15 09:38:12,23.93,15100,23.91,E
sz002517,恺英网络,2025-09-15 09:38:18,23.92,14400,23.94,E
sz002517,恺英网络,2025-09-15 09:38:21,23.88,9600,23.92,D
sz002517,恺英网络,2025-09-15 09:38:24,23.91,10000,23.88,U
sz002517,恺英网络,2025-09-15 09:38:39,23.91,14900,23.9,U
sz002517,恺英网络,2025-09-15 09:38:45,23.91,11700,23.91,U
sz002517,恺英网络,2025-09-15 09:38:54,23.93,8700,23.91,U
sz002517,恺英网络,2025-09-15 09:39:00,23.94,25400,23.92,U
sz002517,恺英网络,2025-09-15 09:39:03,23.95,18500,23.94,U
sz002517,恺英网络,2025-09-15 09:39:06,23.97,15400,23.95,U
sz002517,恺英网络,2025-09-15 09:39:09,23.97,18000,23.97,D
sz002517,恺英网络,2025-09-15 09:39:12,23.96,58400,23.97,D
sz002517,恺英网络,2025-09-15 09:39:15,24.01,45469,23.96,U
sz002517,恺英网络,2025-09-15 09:39:21,24.01,9700,24.02,D
sz002517,恺英网络,2025-09-15 09:39:27,24.04,15400,24.02,U
sz002517,恺英网络,2025-09-15 09:39:33,24.04,21900,24.05,D
sz002517,恺英网络,2025-09-15 09:39:36,24.08,12200,24.04,U
sz002517,恺英网络,2025-09-15 09:39:39,24.07,21200,24.08,D
sz002517,恺英网络,2025-09-15 09:39:42,24.09,39900,24.07,U
sz002517,恺英网络,2025-09-15 09:39:45,24.09,13800,24.09,U
sz002517,恺英网络,2025-09-15 09:39:48,24.1,35200,24.09,U
sz002517,恺英网络,2025-09-15 09:39:57,24.1,38700,24.15,D
sz002517,恺英网络,2025-09-15 09:40:03,24.1,40900,24.1,U
sz002517,恺英网络,2025-09-15 09:40:06,24.1,73000,24.1,U
sz002517,恺英网络,2025-09-15 09:40:09,24.1,38000,24.1,E
sz002517,恺英网络,2025-09-15 09:40:12,24.07,27300,24.1,D
sz002517,恺英网络,2025-09-15 09:40:15,24.0,37400,24.07,D
sz002517,恺英网络,2025-09-15 09:40:21,24.08,12900,24.08,E
sz002517,恺英网络,2025-09-15 09:40:24,24.09,10700,24.08,E
sz002517,恺英网络,2025-09-15 09:40:30,24.08,17300,24.09,D
sz002517,恺英网络,2025-09-15 09:40:45,23.97,18200,24.01,D
sz002517,恺英网络,2025-09-15 09:40:48,23.97,8900,23.97,D
sz002517,恺英网络,2025-09-15 09:40:54,23.96,9300,23.97,D
sz002517,恺英网络,2025-09-15 09:41:00,23.97,24000,23.97,U
sz002517,恺英网络,2025-09-15 09:41:03,23.93,21400,23.97,D
sz002517,恺英网络,2025-09-15 09:41:09,23.97,16600,23.96,U
sz002517,恺英网络,2025-09-15 09:41:24,24.02,25100,24.0,U
sz002517,恺英网络,2025-09-15 09:41:30,23.98,30400,24.03,D
sz002517,恺英网络,2025-09-15 09:41:33,23.99,20800,23.98,E
sz002517,恺英网络,2025-09-15 09:41:36,24.0,13800,23.99,U
sz002517,恺英网络,2025-09-15 09:41:51,23.99,36700,24.01,D
sz002517,恺英网络,2025-09-15 09:41:57,23.98,8800,23.99,D
sz002517,恺英网络,2025-09-15 09:42:00,24.02,41100,23.98,U
sz002517,恺英网络,2025-09-15 09:42:18,24.05,11400,24.04,U
sz002517,恺英网络,2025-09-15 09:42:21,24.06,18700,24.05,U
sz002517,恺英网络,2025-09-15 09:42:30,24.09,15300,24.08,U
sz002517,恺英网络,2025-09-15 09:42:36,24.06,10100,24.07,D
sz002517,恺英网络,2025-09-15 09:42:39,24.07,8800,24.06,U
sz002517,恺英网络,2025-09-15 09:42:42,24.07,58300,24.07,U
sz002517,恺英网络,2025-09-15 09:42:48,24.12,78500,24.08,U
sz002517,恺英网络,2025-09-15 09:42:51,24.14,72600,24.12,U
sz002517,恺英网络,2025-09-15 09:42:54,24.19,19800,24.14,U
sz002517,恺英网络,2025-09-15 09:42:57,24.2,73800,24.19,U
sz002517,恺英网络,2025-09-15 09:43:00,24.21,22500,24.2,U
sz002517,恺英网络,2025-09-15 09:43:03,24.21,22800,24.21,E
sz002517,恺英网络,2025-09-15 09:43:06,24.2,12800,24.21,U
sz002517,恺英网络,2025-09-15 09:43:09,24.18,16100,24.2,D
sz002517,恺英网络,2025-09-15 09:43:12,24.14,19000,24.18,D
sz002517,恺英网络,2025-09-15 09:43:15,24.11,10900,24.14,D
sz002517,恺英网络,2025-09-15 09:43:21,24.11,26200,24.13,D
sz002517,恺英网络,2025-09-15 09:43:24,24.08,16900,24.11,D
sz002517,恺英网络,2025-09-15 09:43:27,24.09,16100,24.08,E
sz002517,恺英网络,2025-09-15 09:43:30,24.04,17600,24.09,E
sz002517,恺英网络,2025-09-15 09:43:39,24.15,27900,24.14,U
sz002517,恺英网络,2025-09-15 09:43:42,24.16,12500,24.15,U
sz002517,恺英网络,2025-09-15 09:43:45,24.14,15300,24.16,E
sz002517,恺英网络,2025-09-15 09:43:48,24.13,10800,24.14,D
sz002517,恺英网络,2025-09-15 09:43:51,24.14,62400,24.13,E
sz002517,恺英网络,2025-09-15 09:43:57,24.13,17700,24.13,U
sz002517,恺英网络,2025-09-15 09:44:00,24.17,46000,24.13,U
sz002517,恺英网络,2025-09-15 09:44:03,24.18,54100,24.17,U
sz002517,恺英网络,2025-09-15 09:44:06,24.18,46400,24.18,U
sz002517,恺英网络,2025-09-15 09:44:09,24.17,22500,24.18,D
sz002517,恺英网络,2025-09-15 09:44:12,24.18,35800,24.17,E
sz002517,恺英网络,2025-09-15 09:44:15,24.16,11700,24.18,D
sz002517,恺英网络,2025-09-15 09:44:18,24.2,27500,24.16,U
sz002517,恺英网络,2025-09-15 09:44:24,24.2,12500,24.17,U
sz002517,恺英网络,2025-09-15 09:44:33,24.19,26200,24.18,U
sz002517,恺英网络,2025-09-15 09:44:36,24.19,9100,24.19,U
sz002517,恺英网络,2025-09-15 09:44:39,24.18,8500,24.19,E
sz002517,恺英网络,2025-09-15 09:44:42,24.16,23600,24.18,D
sz002517,恺英网络,2025-09-15 09:44:45,24.15,14800,24.16,U
sz002517,恺英网络,2025-09-15 09:44:51,24.13,8300,24.14,D
sz002517,恺英网络,2025-09-15 09:44:54,24.09,21500,24.13,D
sz002517,恺英网络,2025-09-15 09:45:03,24.1,8300,24.09,E
sz002517,恺英网络,2025-09-15 09:45:12,24.13,15200,24.1,U
sz002517,恺英网络,2025-09-15 09:45:15,24.11,9600,24.13,D
sz002517,恺英网络,2025-09-15 09:45:21,24.16,25900,24.13,U
sz002517,恺英网络,2025-09-15 09:45:24,24.16,8700,24.16,U
sz002517,恺英网络,2025-09-15 09:45:27,24.14,17500,24.16,D
sz002517,恺英网络,2025-09-15 09:45:30,24.12,26300,24.14,D
sz002517,恺英网络,2025-09-15 09:45:33,24.14,9500,24.12,D
sz002517,恺英网络,2025-09-15 09:45:36,24.12,16900,24.14,D
sz002517,恺英网络,2025-09-15 09:45:42,24.13,47700,24.11,U
sz002517,恺英网络,2025-09-15 09:45:45,24.13,12600,24.13,U
sz002517,恺英网络,2025-09-15 09:45:57,24.12,18600,24.13,D
sz002517,恺英网络,2025-09-15 09:46:00,24.11,14500,24.12,D
sz002517,恺英网络,2025-09-15 09:46:09,24.13,9300,24.13,E
sz002517,恺英网络,2025-09-15 09:46:12,24.1,17200,24.13,D
sz002517,恺英网络,2025-09-15 09:46:30,24.1,8400,24.11,D
sz002517,恺英网络,2025-09-15 09:46:33,24.1,44800,24.1,D
sz002517,恺英网络,2025-09-15 09:46:42,24.15,20200,24.16,D
sz002517,恺英网络,2025-09-15 09:46:51,24.18,200200,24.16,U
sz002517,恺英网络,2025-09-15 09:46:54,24.21,34400,24.18,U
sz002517,恺英网络,2025-09-15 09:46:57,24.23,13200,24.21,U
sz002517,恺英网络,2025-09-15 09:47:00,24.23,15600,24.23,U
sz002517,恺英网络,2025-09-15 09:47:03,24.28,23700,24.23,U
sz002517,恺英网络,2025-09-15 09:47:06,24.25,26000,24.28,D
sz002517,恺英网络,2025-09-15 09:47:12,24.27,9200,24.28,D
sz002517,恺英网络,2025-09-15 09:47:15,24.32,124000,24.27,U
sz002517,恺英网络,2025-09-15 09:47:18,24.33,23300,24.32,U
sz002517,恺英网络,2025-09-15 09:47:21,24.33,23200,24.33,U
sz002517,恺英网络,2025-09-15 09:47:24,24.33,10400,24.33,U
sz002517,恺英网络,2025-09-15 09:47:27,24.33,62500,24.33,U
sz002517,恺英网络,2025-09-15 09:47:33,24.34,64700,24.34,D
sz002517,恺英网络,2025-09-15 09:47:36,24.35,31600,24.34,E
sz002517,恺英网络,2025-09-15 09:47:39,24.34,30600,24.35,D
sz002517,恺英网络,2025-09-15 09:47:42,24.34,23600,24.34,U
sz002517,恺英网络,2025-09-15 09:47:45,24.34,17900,24.34,U
sz002517,恺英网络,2025-09-15 09:47:48,24.33,22900,24.34,D
sz002517,恺英网络,2025-09-15 09:47:51,24.33,8400,24.33,U
sz002517,恺英网络,2025-09-15 09:47:54,24.32,19400,24.33,D
sz002517,恺英网络,2025-09-15 09:48:00,24.33,13300,24.31,U
sz002517,恺英网络,2025-09-15 09:48:03,24.32,39100,24.33,D
sz002517,恺英网络,2025-09-15 09:48:09,24.29,25000,24.32,D
sz002517,恺英网络,2025-09-15 09:48:12,24.3,109000,24.29,U
sz002517,恺英网络,2025-09-15 09:48:15,24.29,15100,24.3,D
sz002517,恺英网络,2025-09-15 09:48:18,24.31,9500,24.29,U
sz002517,恺英网络,2025-09-15 09:48:21,24.31,28700,24.31,U
sz002517,恺英网络,2025-09-15 09:48:24,24.31,15600,24.31,D
sz002517,恺英网络,2025-09-15 09:48:30,24.29,17700,24.34,D
sz002517,恺英网络,2025-09-15 09:48:36,24.32,11800,24.33,D
sz002517,恺英网络,2025-09-15 09:48:39,24.35,51400,24.32,U
sz002517,恺英网络,2025-09-15 09:48:42,24.35,20300,24.35,D
sz002517,恺英网络,2025-09-15 09:48:45,24.35,16700,24.35,D
sz002517,恺英网络,2025-09-15 09:48:48,24.43,294000,24.35,U
sz002517,恺英网络,2025-09-15 09:48:51,24.41,23900,24.43,D
sz002517,恺英网络,2025-09-15 09:48:57,24.41,10799,24.41,D
sz002517,恺英网络,2025-09-15 09:49:00,24.42,31401,24.41,U
sz002517,恺英网络,2025-09-15 09:49:06,24.44,8300,24.41,U
sz002517,恺英网络,2025-09-15 09:49:12,24.44,26600,24.44,U
sz002517,恺英网络,2025-09-15 09:49:18,24.42,16000,24.44,D
sz002517,恺英网络,2025-09-15 09:49:21,24.4,52700,24.42,D
sz002517,恺英网络,2025-09-15 09:49:30,24.4,10400,24.39,U
sz002517,恺英网络,2025-09-15 09:49:33,24.4,12300,24.4,U
sz002517,恺英网络,2025-09-15 09:49:36,24.4,44299,24.4,U
sz002517,恺英网络,2025-09-15 09:49:39,24.4,14300,24.4,D
sz002517,恺英网络,2025-09-15 09:49:42,24.4,26500,24.4,U
sz002517,恺英网络,2025-09-15 09:49:45,24.34,73500,24.4,D
sz002517,恺英网络,2025-09-15 09:49:48,24.37,18600,24.34,U
sz002517,恺英网络,2025-09-15 09:49:51,24.38,19100,24.37,U
sz002517,恺英网络,2025-09-15 09:50:00,24.37,23800,24.36,U
sz002517,恺英网络,2025-09-15 09:50:09,24.37,16800,24.35,U
sz002517,恺英网络,2025-09-15 09:50:12,24.41,103800,24.37,U
sz002517,恺英网络,2025-09-15 09:50:18,24.39,41800,24.41,D
sz002517,恺英网络,2025-09-15 09:50:21,24.38,24000,24.39,D
sz002517,恺英网络,2025-09-15 09:50:24,24.38,21000,24.38,D
sz002517,恺英网络,2025-09-15 09:50:27,24.38,30400,24.38,U
sz002517,恺英网络,2025-09-15 09:50:30,24.38,39400,24.38,U
sz002517,恺英网络,2025-09-15 09:50:36,24.36,33400,24.37,D
sz002517,恺英网络,2025-09-15 09:50:39,24.33,19100,24.36,D
sz002517,恺英网络,2025-09-15 09:50:45,24.3,14100,24.35,D
sz002517,恺英网络,2025-09-15 09:50:57,24.31,9300,24.31,D
sz002517,恺英网络,2025-09-15 09:51:00,24.31,14200,24.31,D
sz002517,恺英网络,2025-09-15 09:51:09,24.31,22200,24.3,U
sz002517,恺英网络,2025-09-15 09:51:12,24.3,20200,24.31,E
sz002517,恺英网络,2025-09-15 09:51:18,24.32,14100,24.28,U
sz002517,恺英网络,2025-09-15 09:51:27,24.32,47400,24.3,U
sz002517,恺英网络,2025-09-15 09:51:33,24.3,16100,24.3,U
sz002517,恺英网络,2025-09-15 09:51:39,24.31,12600,24.32,E
sz002517,恺英网络,2025-09-15 09:51:48,24.35,9200,24.35,U
sz002517,恺英网络,2025-09-15 09:51:51,24.31,14200,24.35,D
sz002517,恺英网络,2025-09-15 09:51:54,24.3,19500,24.31,D
sz002517,恺英网络,2025-09-15 09:52:06,24.29,13600,24.3,D
sz002517,恺英网络,2025-09-15 09:52:09,24.28,12500,24.29,D
sz002517,恺英网络,2025-09-15 09:52:12,24.27,13700,24.28,D
sz002517,恺英网络,2025-09-15 09:52:15,24.27,11500,24.27,D
sz002517,恺英网络,2025-09-15 09:52:18,24.23,35100,24.27,D
sz002517,恺英网络,2025-09-15 09:52:21,24.24,30000,24.23,U
sz002517,恺英网络,2025-09-15 09:52:24,24.23,9000,24.24,D
sz002517,恺英网络,2025-09-15 09:52:27,24.24,15200,24.23,U
sz002517,恺英网络,2025-09-15 09:52:30,24.25,21800,24.24,U
sz002517,恺英网络,2025-09-15 09:52:33,24.27,19400,24.25,U
sz002517,恺英网络,2025-09-15 09:52:36,24.28,13900,24.27,U
sz002517,恺英网络,2025-09-15 09:52:45,24.31,15200,24.3,U
sz002517,恺英网络,2025-09-15 09:52:48,24.31,14700,24.31,U
sz002517,恺英网络,2025-09-15 09:52:51,24.31,9000,24.31,E
sz002517,恺英网络,2025-09-15 09:52:54,24.3,25500,24.31,D
sz002517,恺英网络,2025-09-15 09:52:57,24.31,18800,24.3,U
sz002517,恺英网络,2025-09-15 09:53:00,24.3,14100,24.31,D
sz002517,恺英网络,2025-09-15 09:53:03,24.29,16600,24.3,U
sz002517,恺英网络,2025-09-15 09:53:12,24.28,62200,24.3,D
sz002517,恺英网络,2025-09-15 09:53:15,24.35,143400,24.28,U
sz002517,恺英网络,2025-09-15 09:53:18,24.37,36100,24.35,U
sz002517,恺英网络,2025-09-15 09:53:21,24.35,22100,24.37,D
sz002517,恺英网络,2025-09-15 09:53:24,24.37,10400,24.35,U
sz002517,恺英网络,2025-09-15 09:53:33,24.35,13100,24.36,D
sz002517,恺英网络,2025-09-15 09:53:36,24.35,8900,24.35,U
sz002517,恺英网络,2025-09-15 09:53:39,24.35,29400,24.35,U
sz002517,恺英网络,2025-09-15 09:53:48,24.33,19800,24.33,D
sz002517,恺英网络,2025-09-15 09:53:51,24.35,11900,24.33,U
sz002517,恺英网络,2025-09-15 09:53:57,24.33,11800,24.34,D
sz002517,恺英网络,2025-09-15 09:54:00,24.34,12500,24.33,U
sz002517,恺英网络,2025-09-15 09:54:03,24.35,11600,24.34,U
sz002517,恺英网络,2025-09-15 09:54:06,24.31,50800,24.35,D
sz002517,恺英网络,2025-09-15 09:54:09,24.27,68300,24.31,D
sz002517,恺英网络,2025-09-15 09:54:12,24.23,13900,24.27,D
sz002517,恺英网络,2025-09-15 09:54:15,24.26,72800,24.23,U
sz002517,恺英网络,2025-09-15 09:54:18,24.25,58800,24.26,U
sz002517,恺英网络,2025-09-15 09:54:21,24.3,20000,24.25,E
sz002517,恺英网络,2025-09-15 09:54:33,24.3,8600,24.3,D
sz002517,恺英网络,2025-09-15 09:54:36,24.31,137600,24.3,U
sz002517,恺英网络,2025-09-15 09:54:39,24.34,16200,24.31,E
sz002517,恺英网络,2025-09-15 09:54:48,24.41,108800,24.38,U
sz002517,恺英网络,2025-09-15 09:54:51,24.41,16200,24.41,U
sz002517,恺英网络,2025-09-15 09:54:54,24.38,34900,24.41,D
sz002517,恺英网络,2025-09-15 09:54:57,24.44,67400,24.38,U
sz002517,恺英网络,2025-09-15 09:55:00,24.46,18500,24.44,U
sz002517,恺英网络,2025-09-15 09:55:03,24.44,9700,24.46,E
sz002517,恺英网络,2025-09-15 09:55:06,24.45,19500,24.44,U
sz002517,恺英网络,2025-09-15 09:55:09,24.45,13000,24.45,D
sz002517,恺英网络,2025-09-15 09:55:12,24.46,20000,24.45,U
sz002517,恺英网络,2025-09-15 09:55:15,24.46,23200,24.46,U
sz002517,恺英网络,2025-09-15 09:55:21,24.41,10900,24.45,D
sz002517,恺英网络,2025-09-15 09:55:27,24.42,55400,24.41,E
sz002517,恺英网络,2025-09-15 09:55:33,24.41,11000,24.41,D
sz002517,恺英网络,2025-09-15 09:55:36,24.44,16500,24.41,U
sz002517,恺英网络,2025-09-15 09:55:39,24.42,57500,24.44,D
sz002517,恺英网络,2025-09-15 09:55:45,24.52,328200,24.44,U
sz002517,恺英网络,2025-09-15 09:55:48,24.53,12100,24.52,U
sz002517,恺英网络,2025-09-15 09:55:51,24.55,58700,24.53,U
sz002517,恺英网络,2025-09-15 09:55:54,24.5,72400,24.55,D
sz002517,恺英网络,2025-09-15 09:55:57,24.51,63200,24.5,E
sz002517,恺英网络,2025-09-15 09:56:00,24.55,68500,24.51,U
sz002517,恺英网络,2025-09-15 09:56:09,24.52,20500,24.53,U
sz002517,恺英网络,2025-09-15 09:56:27,24.45,9100,24.44,U
sz002517,恺英网络,2025-09-15 09:56:30,24.45,10800,24.45,U
sz002517,恺英网络,2025-09-15 09:56:33,24.47,11900,24.45,U
sz002517,恺英网络,2025-09-15 09:56:36,24.45,12100,24.47,D
sz002517,恺英网络,2025-09-15 09:56:48,24.53,161200,24.48,U
sz002517,恺英网络,2025-09-15 09:56:51,24.54,70500,24.53,U
sz002517,恺英网络,2025-09-15 09:56:54,24.55,8200,24.54,U
sz002517,恺英网络,2025-09-15 09:56:57,24.53,20600,24.55,D
sz002517,恺英网络,2025-09-15 09:57:03,24.49,18200,24.49,D
sz002517,恺英网络,2025-09-15 09:57:06,24.49,8900,24.49,D
sz002517,恺英网络,2025-09-15 09:57:12,24.49,60900,24.51,D
sz002517,恺英网络,2025-09-15 09:57:15,24.5,8900,24.49,U
sz002517,恺英网络,2025-09-15 09:57:18,24.49,17500,24.5,D
sz002517,恺英网络,2025-09-15 09:57:21,24.49,8400,24.49,U
sz002517,恺英网络,2025-09-15 09:57:24,24.48,24600,24.49,D
sz002517,恺英网络,2025-09-15 09:57:27,24.49,25300,24.48,U
sz002517,恺英网络,2025-09-15 09:57:30,24.48,20000,24.49,D
sz002517,恺英网络,2025-09-15 09:57:33,24.5,40000,24.48,U
sz002517,恺英网络,2025-09-15 09:57:42,24.51,22100,24.51,D
sz002517,恺英网络,2025-09-15 09:57:45,24.51,17600,24.51,U
sz002517,恺英网络,2025-09-15 09:57:48,24.51,49300,24.51,D
sz002517,恺英网络,2025-09-15 09:57:51,24.51,24700,24.51,U
sz002517,恺英网络,2025-09-15 09:58:03,24.49,13500,24.5,E
sz002517,恺英网络,2025-09-15 09:58:12,24.51,11600,24.49,U
sz002517,恺英网络,2025-09-15 09:58:18,24.5,9400,24.5,D
sz002517,恺英网络,2025-09-15 09:58:21,24.5,12200,24.5,D
sz002517,恺英网络,2025-09-15 09:58:27,24.49,16800,24.5,D
sz002517,恺英网络,2025-09-15 09:58:36,24.5,11300,24.48,U
sz002517,恺英网络,2025-09-15 09:58:39,24.5,37200,24.5,U
sz002517,恺英网络,2025-09-15 09:58:42,24.49,12600,24.5,D
sz002517,恺英网络,2025-09-15 09:58:45,24.5,20400,24.49,U
sz002517,恺英网络,2025-09-15 09:58:48,24.5,11800,24.5,D
sz002517,恺英网络,2025-09-15 09:58:54,24.51,12900,24.5,U
sz002517,恺英网络,2025-09-15 09:58:57,24.48,19200,24.51,D
sz002517,恺英网络,2025-09-15 09:59:00,24.48,15200,24.48,D
sz002517,恺英网络,2025-09-15 09:59:03,24.5,69302,24.48,U
sz002517,恺英网络,2025-09-15 09:59:06,24.5,13298,24.5,D
sz002517,恺英网络,2025-09-15 09:59:12,24.48,25700,24.5,D
sz002517,恺英网络,2025-09-15 09:59:24,24.49,24900,24.49,D
sz002517,恺英网络,2025-09-15 09:59:27,24.49,13800,24.49,D
sz002517,恺英网络,2025-09-15 09:59:33,24.5,13700,24.5,U
sz002517,恺英网络,2025-09-15 09:59:36,24.52,20700,24.5,U
sz002517,恺英网络,2025-09-15 09:59:39,24.5,15100,24.52,D
sz002517,恺英网络,2025-09-15 09:59:42,24.44,25200,24.5,D
sz002517,恺英网络,2025-09-15 09:59:54,24.45,25600,24.46,D
sz002517,恺英网络,2025-09-15 09:59:57,24.45,11800,24.45,E
sz002517,恺英网络,2025-09-15 10:00:00,24.42,15300,24.45,D
sz002517,恺英网络,2025-09-15 10:00:03,24.43,8300,24.42,E
sz002517,恺英网络,2025-09-15 10:00:06,24.42,28500,24.43,D
sz002517,恺英网络,2025-09-15 10:00:09,24.41,24300,24.42,D
sz002517,恺英网络,2025-09-15 10:00:12,24.41,46400,24.41,D
sz002517,恺英网络,2025-09-15 10:00:15,24.41,25400,24.41,U
sz002517,恺英网络,2025-09-15 10:00:18,24.41,10100,24.41,D
sz002517,恺英网络,2025-09-15 10:00:21,24.42,36600,24.41,D
sz002517,恺英网络,2025-09-15 10:00:27,24.41,79400,24.43,D
sz002517,恺英网络,2025-09-15 10:00:30,24.4,51300,24.41,D
sz002517,恺英网络,2025-09-15 10:00:33,24.39,43100,24.4,E
sz002517,恺英网络,2025-09-15 10:00:39,24.37,15700,24.4,E
sz002517,恺英网络,2025-09-15 10:00:42,24.33,10100,24.37,D
sz002517,恺英网络,2025-09-15 10:00:48,24.38,11800,24.36,E
sz002517,恺英网络,2025-09-15 10:00:51,24.39,12100,24.38,U
sz002517,恺英网络,2025-09-15 10:00:57,24.35,38500,24.38,E
sz002517,恺英网络,2025-09-15 10:01:00,24.35,10600,24.35,D
sz002517,恺英网络,2025-09-15 10:01:03,24.39,42700,24.35,U
sz002517,恺英网络,2025-09-15 10:01:06,24.29,81800,24.39,D
sz002517,恺英网络,2025-09-15 10:01:09,24.27,31200,24.29,D
sz002517,恺英网络,2025-09-15 10:01:12,24.27,25400,24.27,E
sz002517,恺英网络,2025-09-15 10:01:24,24.36,14100,24.35,U
sz002517,恺英网络,2025-09-15 10:01:27,24.31,9000,24.36,D
sz002517,恺英网络,2025-09-15 10:01:33,24.36,10500,24.3,U
sz002517,恺英网络,2025-09-15 10:01:36,24.34,13500,24.36,E
sz002517,恺英网络,2025-09-15 10:01:39,24.32,15200,24.34,E
sz002517,恺英网络,2025-09-15 10:01:42,24.29,21100,24.32,D
sz002517,恺英网络,2025-09-15 10:01:51,24.32,20200,24.31,U
sz002517,恺英网络,2025-09-15 10:01:54,24.29,9700,24.32,D
sz002517,恺英网络,2025-09-15 10:01:57,24.28,15700,24.29,D
sz002517,恺英网络,2025-09-15 10:02:06,24.3,13900,24.3,D
sz002517,恺英网络,2025-09-15 10:02:09,24.33,19200,24.3,U
sz002517,恺英网络,2025-09-15 10:02:12,24.32,8300,24.33,D
sz002517,恺英网络,2025-09-15 10:02:15,24.33,40000,24.32,D
sz002517,恺英网络,2025-09-15 10:02:18,24.34,17000,24.33,U
sz002517,恺英网络,2025-09-15 10:02:48,24.37,12900,24.36,U
sz002517,恺英网络,2025-09-15 10:02:57,24.35,29500,24.35,D
sz002517,恺英网络,2025-09-15 10:03:03,24.36,16300,24.36,D
sz002517,恺英网络,2025-09-15 10:03:15,24.36,9700,24.36,U
sz002517,恺英网络,2025-09-15 10:03:21,24.4,61200,24.36,U
sz002517,恺英网络,2025-09-15 10:03:24,24.41,50500,24.4,U
sz002517,恺英网络,2025-09-15 10:03:45,24.43,12800,24.42,U
sz002517,恺英网络,2025-09-15 10:03:54,24.42,34700,24.44,D
sz002517,恺英网络,2025-09-15 10:04:12,24.46,9900,24.45,D
sz002517,恺英网络,2025-09-15 10:04:15,24.51,91500,24.46,U
sz002517,恺英网络,2025-09-15 10:04:24,24.48,56800,24.5,E
sz002517,恺英网络,2025-09-15 10:04:30,24.48,20400,24.5,D
sz002517,恺英网络,2025-09-15 10:04:33,24.48,13100,24.48,D
sz002517,恺英网络,2025-09-15 10:04:36,24.49,8900,24.48,E
sz002517,恺英网络,2025-09-15 10:04:42,24.43,13800,24.46,D
sz002517,恺英网络,2025-09-15 10:04:45,24.43,14500,24.43,D
sz002517,恺英网络,2025-09-15 10:05:06,24.38,69400,24.43,D
sz002517,恺英网络,2025-09-15 10:05:09,24.38,16900,24.38,D
sz002517,恺英网络,2025-09-15 10:05:12,24.38,40100,24.38,D
sz002517,恺英网络,2025-09-15 10:05:15,24.38,15900,24.38,D
sz002517,恺英网络,2025-09-15 10:05:18,24.36,12500,24.38,D
sz002517,恺英网络,2025-09-15 10:05:48,24.36,9000,24.35,U
sz002517,恺英网络,2025-09-15 10:05:51,24.36,8800,24.36,E
sz002517,恺英网络,2025-09-15 10:05:54,24.37,13800,24.36,U
sz002517,恺英网络,2025-09-15 10:05:57,24.36,27100,24.37,D
sz002517,恺英网络,2025-09-15 10:06:03,24.36,47100,24.37,D
sz002517,恺英网络,2025-09-15 10:06:06,24.38,16000,24.36,E
sz002517,恺英网络,2025-09-15 10:06:33,24.41,16800,24.41,D
sz002517,恺英网络,2025-09-15 10:06:36,24.39,29600,24.41,D
sz002517,恺英网络,2025-09-15 10:06:42,24.41,11200,24.43,D
sz002517,恺英网络,2025-09-15 10:06:45,24.41,19200,24.41,D
sz002517,恺英网络,2025-09-15 10:06:48,24.4,12100,24.41,D
sz002517,恺英网络,2025-09-15 10:07:03,24.51,182410,24.46,U
sz002517,恺英网络,2025-09-15 10:07:06,24.49,15900,24.51,D
sz002517,恺英网络,2025-09-15 10:07:09,24.48,46600,24.49,D
sz002517,恺英网络,2025-09-15 10:07:12,24.47,34700,24.48,D
sz002517,恺英网络,2025-09-15 10:07:15,24.49,13100,24.47,E
sz002517,恺英网络,2025-09-15 10:07:18,24.52,51600,24.49,U
sz002517,恺英网络,2025-09-15 10:07:21,24.51,30200,24.52,E
sz002517,恺英网络,2025-09-15 10:07:24,24.49,8900,24.51,D
sz002517,恺英网络,2025-09-15 10:07:27,24.53,18900,24.49,U
sz002517,恺英网络,2025-09-15 10:07:30,24.52,23000,24.53,U
sz002517,恺英网络,2025-09-15 10:07:33,24.56,168368,24.52,U
sz002517,恺英网络,2025-09-15 10:07:36,24.53,104800,24.56,D
sz002517,恺英网络,2025-09-15 10:07:39,24.53,29000,24.53,D
sz002517,恺英网络,2025-09-15 10:07:42,24.58,37900,24.53,U
sz002517,恺英网络,2025-09-15 10:07:45,24.53,35400,24.58,D
sz002517,恺英网络,2025-09-15 10:07:48,24.56,70000,24.53,D
sz002517,恺英网络,2025-09-15 10:07:51,24.58,24000,24.56,U
sz002517,恺英网络,2025-09-15 10:07:54,24.54,47900,24.58,D
sz002517,恺英网络,2025-09-15 10:07:57,24.58,25600,24.54,U
sz002517,恺英网络,2025-09-15 10:08:00,24.54,26500,24.58,U
sz002517,恺英网络,2025-09-15 10:08:09,24.46,34600,24.49,D
sz002517,恺英网络,2025-09-15 10:08:12,24.43,8500,24.46,D
sz002517,恺英网络,2025-09-15 10:08:15,24.45,42700,24.43,U
sz002517,恺英网络,2025-09-15 10:08:18,24.41,11200,24.45,D
sz002517,恺英网络,2025-09-15 10:08:21,24.45,30800,24.41,U
sz002517,恺英网络,2025-09-15 10:08:24,24.41,17900,24.45,D
sz002517,恺英网络,2025-09-15 10:08:57,24.44,23000,24.44,U
sz002517,恺英网络,2025-09-15 10:09:00,24.44,13800,24.44,D
sz002517,恺英网络,2025-09-15 10:09:03,24.45,33100,24.44,U
sz002517,恺英网络,2025-09-15 10:09:06,24.44,14200,24.45,U
sz002517,恺英网络,2025-09-15 10:09:09,24.43,19200,24.44,E
sz002517,恺英网络,2025-09-15 10:09:18,24.4,21400,24.41,D
sz002517,恺英网络,2025-09-15 10:09:21,24.41,27700,24.4,U
sz002517,恺英网络,2025-09-15 10:09:24,24.41,19500,24.41,D
sz002517,恺英网络,2025-09-15 10:09:33,24.41,15100,24.41,U
sz002517,恺英网络,2025-09-15 10:09:36,24.41,47800,24.41,U
sz002517,恺英网络,2025-09-15 10:09:39,24.41,15600,24.41,D
sz002517,恺英网络,2025-09-15 10:10:00,24.42,18800,24.4,U
sz002517,恺英网络,2025-09-15 10:10:03,24.42,16600,24.42,U
sz002517,恺英网络,2025-09-15 10:10:06,24.41,13400,24.42,D
sz002517,恺英网络,2025-09-15 10:10:12,24.43,28300,24.42,U
sz002517,恺英网络,2025-09-15 10:10:15,24.45,10300,24.43,U
sz002517,恺英网络,2025-09-15 10:10:39,24.47,12000,24.47,U
sz002517,恺英网络,2025-09-15 10:10:48,24.49,15700,24.48,U
sz002517,恺英网络,2025-09-15 10:10:54,24.49,17000,24.5,E
sz002517,恺英网络,2025-09-15 10:11:00,24.52,29200,24.5,U
sz002517,恺英网络,2025-09-15 10:11:03,24.52,44300,24.52,D
sz002517,恺英网络,2025-09-15 10:11:06,24.52,42100,24.52,D
sz002517,恺英网络,2025-09-15 10:11:09,24.51,25800,24.52,D
sz002517,恺英网络,2025-09-15 10:11:12,24.51,25700,24.51,U
sz002517,恺英网络,2025-09-15 10:11:18,24.5,17100,24.5,D
sz002517,恺英网络,2025-09-15 10:11:21,24.53,18000,24.5,U
sz002517,恺英网络,2025-09-15 10:11:24,24.51,16700,24.53,D
sz002517,恺英网络,2025-09-15 10:11:30,24.51,19900,24.52,D
sz002517,恺英网络,2025-09-15 10:11:33,24.5,13500,24.51,D
sz002517,恺英网络,2025-09-15 10:11:45,24.51,11100,24.5,U
sz002517,恺英网络,2025-09-15 10:12:00,24.52,9000,24.51,U
sz002517,恺英网络,2025-09-15 10:12:06,24.52,24400,24.52,U
sz002517,恺英网络,2025-09-15 10:12:09,24.51,10500,24.52,D
sz002517,恺英网络,2025-09-15 10:12:15,24.51,14000,24.51,D
sz002517,恺英网络,2025-09-15 10:12:21,24.52,19200,24.52,D
sz002517,恺英网络,2025-09-15 10:12:24,24.52,9800,24.52,E
sz002517,恺英网络,2025-09-15 10:12:27,24.53,8300,24.52,U
sz002517,恺英网络,2025-09-15 10:12:33,24.51,15100,24.52,D
sz002517,恺英网络,2025-09-15 10:12:45,24.53,9400,24.52,U
sz002517,恺英网络,2025-09-15 10:12:48,24.51,46800,24.53,D
sz002517,恺英网络,2025-09-15 10:12:51,24.5,23300,24.51,D
sz002517,恺英网络,2025-09-15 10:13:00,24.5,9500,24.5,D
sz002517,恺英网络,2025-09-15 10:13:03,24.5,16000,24.5,D
sz002517,恺英网络,2025-09-15 10:13:06,24.49,14800,24.5,D
sz002517,恺英网络,2025-09-15 10:13:09,24.49,18100,24.49,D
sz002517,恺英网络,2025-09-15 10:13:12,24.5,18600,24.49,U
sz002517,恺英网络,2025-09-15 10:13:15,24.49,59300,24.5,D
sz002517,恺英网络,2025-09-15 10:13:18,24.5,24800,24.49,U
sz002517,恺英网络,2025-09-15 10:13:21,24.5,9600,24.5,U
sz002517,恺英网络,2025-09-15 10:13:24,24.49,37300,24.5,D
sz002517,恺英网络,2025-09-15 10:13:27,24.49,9800,24.49,D
sz002517,恺英网络,2025-09-15 10:13:30,24.48,26300,24.49,D
sz002517,恺英网络,2025-09-15 10:13:36,24.45,8900,24.47,D
sz002517,恺英网络,2025-09-15 10:13:42,24.45,11000,24.46,E
sz002517,恺英网络,2025-09-15 10:14:09,24.44,12400,24.43,U
sz002517,恺英网络,2025-09-15 10:14:15,24.43,9900,24.43,D
sz002517,恺英网络,2025-09-15 10:14:30,24.43,24800,24.43,U
sz002517,恺英网络,2025-09-15 10:14:33,24.61,1010600,24.43,U
sz002517,恺英网络,2025-09-15 10:14:36,24.61,36800,24.61,D
sz002517,恺英网络,2025-09-15 10:14:39,24.54,32400,24.61,D
sz002517,恺英网络,2025-09-15 10:14:48,24.5,15000,24.53,D
sz002517,恺英网络,2025-09-15 10:14:54,24.51,16300,24.42,U
sz002517,恺英网络,2025-09-15 10:14:57,24.53,14100,24.51,U
sz002517,恺英网络,2025-09-15 10:15:00,24.51,20900,24.53,D
sz002517,恺英网络,2025-09-15 10:15:06,24.5,8700,24.5,U
sz002517,恺英网络,2025-09-15 10:15:12,24.48,14200,24.5,D
sz002517,恺英网络,2025-09-15 10:15:15,24.51,12900,24.48,U
sz002517,恺英网络,2025-09-15 10:15:21,24.49,68400,24.5,D
sz002517,恺英网络,2025-09-15 10:15:27,24.49,9200,24.48,U
sz002517,恺英网络,2025-09-15 10:15:30,24.49,11400,24.49,U
sz002517,恺英网络,2025-09-15 10:15:33,24.49,19700,24.49,D
sz002517,恺英网络,2025-09-15 10:15:36,24.5,9900,24.49,E
sz002517,恺英网络,2025-09-15 10:15:39,24.51,19700,24.5,U
sz002517,恺英网络,2025-09-15 10:15:42,24.51,101600,24.51,D
sz002517,恺英网络,2025-09-15 10:15:45,24.48,25700,24.51,D
sz002517,恺英网络,2025-09-15 10:15:48,24.42,49000,24.48,D
sz002517,恺英网络,2025-09-15 10:15:57,24.42,22100,24.47,D
sz002517,恺英网络,2025-09-15 10:16:15,24.44,11200,24.44,D
sz002517,恺英网络,2025-09-15 10:16:18,24.45,10600,24.44,D
sz002517,恺英网络,2025-09-15 10:16:48,24.5,10000,24.49,U
sz002517,恺英网络,2025-09-15 10:16:54,24.49,13000,24.49,D
sz002517,恺英网络,2025-09-15 10:17:06,24.47,8800,24.48,D
sz002517,恺英网络,2025-09-15 10:17:09,24.48,9000,24.47,E
sz002517,恺英网络,2025-09-15 10:17:12,24.48,21700,24.48,D
sz002517,恺英网络,2025-09-15 10:17:15,24.49,11500,24.48,U
sz002517,恺英网络,2025-09-15 10:17:21,24.5,10100,24.49,U
sz002517,恺英网络,2025-09-15 10:17:45,24.48,11200,24.51,D
sz002517,恺英网络,2025-09-15 10:18:03,24.48,28700,24.47,U
sz002517,恺英网络,2025-09-15 10:18:06,24.48,16300,24.48,D
sz002517,恺英网络,2025-09-15 10:18:09,24.51,12600,24.48,U
sz002517,恺英网络,2025-09-15 10:18:15,24.52,8700,24.49,U
sz002517,恺英网络,2025-09-15 10:18:21,24.51,16100,24.5,U
sz002517,恺英网络,2025-09-15 10:18:24,24.55,41100,24.51,U
sz002517,恺英网络,2025-09-15 10:18:48,24.54,13900,24.56,E
sz002517,恺英网络,2025-09-15 10:18:57,24.54,37200,24.55,D
sz002517,恺英网络,2025-09-15 10:19:06,24.54,36700,24.54,D
sz002517,恺英网络,2025-09-15 10:19:24,24.59,14100,24.54,U
sz002517,恺英网络,2025-09-15 10:19:27,24.58,13400,24.59,D
sz002517,恺英网络,2025-09-15 10:19:30,24.58,22800,24.58,U
sz002517,恺英网络,2025-09-15 10:19:36,24.58,8800,24.55,U
sz002517,恺英网络,2025-09-15 10:19:42,24.58,10600,24.58,U
sz002517,恺英网络,2025-09-15 10:19:51,24.61,9900,24.59,U
sz002517,恺英网络,2025-09-15 10:19:57,24.6,19800,24.59,E
sz002517,恺英网络,2025-09-15 10:20:00,24.61,13800,24.6,U
sz002517,恺英网络,2025-09-15 10:20:03,24.6,15600,24.61,E
sz002517,恺英网络,2025-09-15 10:20:09,24.57,10400,24.59,D
sz002517,恺英网络,2025-09-15 10:20:12,24.59,19400,24.57,U
sz002517,恺英网络,2025-09-15 10:20:18,24.61,46400,24.58,U
sz002517,恺英网络,2025-09-15 10:20:21,24.61,20800,24.61,U
sz002517,恺英网络,2025-09-15 10:20:27,24.61,20500,24.61,U
sz002517,恺英网络,2025-09-15 10:20:30,24.61,15500,24.61,U
sz002517,恺英网络,2025-09-15 10:20:33,24.62,20881,24.61,U
sz002517,恺英网络,2025-09-15 10:20:36,24.61,33900,24.62,D
sz002517,恺英网络,2025-09-15 10:20:39,24.61,14700,24.61,D
sz002517,恺英网络,2025-09-15 10:20:42,24.61,17100,24.61,D
sz002517,恺英网络,2025-09-15 10:20:45,24.61,45000,24.61,D
sz002517,恺英网络,2025-09-15 10:20:48,24.62,10000,24.61,U
sz002517,恺英网络,2025-09-15 10:20:57,24.62,8500,24.62,D
sz002517,恺英网络,2025-09-15 10:21:06,24.62,9500,24.61,U
sz002517,恺英网络,2025-09-15 10:21:09,24.62,9400,24.62,D
sz002517,恺英网络,2025-09-15 10:21:12,24.62,15500,24.62,D
sz002517,恺英网络,2025-09-15 10:21:18,24.64,9300,24.62,U
sz002517,恺英网络,2025-09-15 10:21:21,24.62,9200,24.64,D
sz002517,恺英网络,2025-09-15 10:21:27,24.63,10400,24.63,D
sz002517,恺英网络,2025-09-15 10:21:30,24.64,11400,24.63,U
sz002517,恺英网络,2025-09-15 10:21:33,24.65,37000,24.64,U
sz002517,恺英网络,2025-09-15 10:21:36,24.65,24600,24.65,D
sz002517,恺英网络,2025-09-15 10:21:39,24.66,21300,24.65,U
sz002517,恺英网络,2025-09-15 10:21:42,24.65,15900,24.66,D
sz002517,恺英网络,2025-09-15 10:21:45,24.66,27700,24.65,U
sz002517,恺英网络,2025-09-15 10:21:54,24.66,14500,24.66,U
sz002517,恺英网络,2025-09-15 10:21:57,24.66,68800,24.66,U
sz002517,恺英网络,2025-09-15 10:22:00,24.68,40200,24.66,U
sz002517,恺英网络,2025-09-15 10:22:03,24.74,405000,24.68,U
sz002517,恺英网络,2025-09-15 10:22:06,24.74,60300,24.74,U
sz002517,恺英网络,2025-09-15 10:22:09,24.75,26900,24.74,U
sz002517,恺英网络,2025-09-15 10:22:12,24.75,14700,24.75,U
sz002517,恺英网络,2025-09-15 10:22:15,24.75,53600,24.75,U
sz002517,恺英网络,2025-09-15 10:22:18,24.78,8200,24.75,U
sz002517,恺英网络,2025-09-15 10:22:21,24.78,29100,24.78,U
sz002517,恺英网络,2025-09-15 10:22:24,24.78,12200,24.78,U
sz002517,恺英网络,2025-09-15 10:22:27,24.78,15400,24.78,U
sz002517,恺英网络,2025-09-15 10:22:30,24.79,16100,24.78,U
sz002517,恺英网络,2025-09-15 10:22:33,24.79,12600,24.79,U
sz002517,恺英网络,2025-09-15 10:22:36,24.79,36600,24.79,U
sz002517,恺英网络,2025-09-15 10:22:39,24.79,19500,24.79,U
sz002517,恺英网络,2025-09-15 10:22:45,24.79,35700,24.79,D
sz002517,恺英网络,2025-09-15 10:22:48,24.79,64100,24.79,D
sz002517,恺英网络,2025-09-15 10:22:54,24.8,40900,24.78,U
sz002517,恺英网络,2025-09-15 10:22:57,24.8,30200,24.8,U
sz002517,恺英网络,2025-09-15 10:23:00,24.8,25800,24.8,U
sz002517,恺英网络,2025-09-15 10:23:03,24.8,14400,24.8,U
sz002517,恺英网络,2025-09-15 10:23:06,24.79,42500,24.8,D
sz002517,恺英网络,2025-09-15 10:23:09,24.8,44800,24.79,U
sz002517,恺英网络,2025-09-15 10:23:12,24.8,18300,24.8,D
sz002517,恺英网络,2025-09-15 10:23:15,24.79,13800,24.8,D
sz002517,恺英网络,2025-09-15 10:23:18,24.8,11400,24.79,U
sz002517,恺英网络,2025-09-15 10:23:21,24.77,27400,24.8,D
sz002517,恺英网络,2025-09-15 10:23:24,24.74,13400,24.77,D
sz002517,恺英网络,2025-09-15 10:23:27,24.68,29700,24.74,D
sz002517,恺英网络,2025-09-15 10:23:30,24.68,16200,24.68,D
sz002517,恺英网络,2025-09-15 10:23:33,24.7,20500,24.68,U
sz002517,恺英网络,2025-09-15 10:23:36,24.69,9100,24.7,D
sz002517,恺英网络,2025-09-15 10:23:39,24.68,12100,24.69,D
sz002517,恺英网络,2025-09-15 10:23:54,24.71,10400,24.7,U
sz002517,恺英网络,2025-09-15 10:24:03,24.7,9000,24.71,D
sz002517,恺英网络,2025-09-15 10:24:06,24.68,113700,24.7,D
sz002517,恺英网络,2025-09-15 10:24:12,24.73,12900,24.71,U
sz002517,恺英网络,2025-09-15 10:24:27,24.75,14300,24.74,U
sz002517,恺英网络,2025-09-15 10:24:36,24.77,9400,24.76,U
sz002517,恺英网络,2025-09-15 10:24:42,24.77,22000,24.78,D
sz002517,恺英网络,2025-09-15 10:24:48,24.79,35700,24.78,U
sz002517,恺英网络,2025-09-15 10:24:51,24.8,173600,24.79,U
sz002517,恺英网络,2025-09-15 10:24:54,24.8,56100,24.8,E
sz002517,恺英网络,2025-09-15 10:24:57,24.82,19400,24.8,D
sz002517,恺英网络,2025-09-15 10:25:00,24.81,22000,24.82,D
sz002517,恺英网络,2025-09-15 10:25:03,24.82,51800,24.81,U
sz002517,恺英网络,2025-09-15 10:25:06,24.82,39400,24.82,U
sz002517,恺英网络,2025-09-15 10:25:09,24.84,39700,24.82,U
sz002517,恺英网络,2025-09-15 10:25:12,24.84,24200,24.84,U
sz002517,恺英网络,2025-09-15 10:25:18,24.84,15200,24.84,U
sz002517,恺英网络,2025-09-15 10:25:21,24.83,49500,24.84,D
sz002517,恺英网络,2025-09-15 10:25:24,24.84,49900,24.83,U
sz002517,恺英网络,2025-09-15 10:25:27,24.84,12800,24.84,U
sz002517,恺英网络,2025-09-15 10:25:30,24.84,31300,24.84,U
sz002517,恺英网络,2025-09-15 10:25:33,24.82,44000,24.84,D
sz002517,恺英网络,2025-09-15 10:25:36,24.83,27800,24.82,U
sz002517,恺英网络,2025-09-15 10:25:39,24.82,12800,24.83,D
sz002517,恺英网络,2025-09-15 10:25:42,24.84,25900,24.82,U
sz002517,恺英网络,2025-09-15 10:25:45,24.84,22600,24.84,U
sz002517,恺英网络,2025-09-15 10:25:48,24.84,16300,24.84,U
sz002517,恺英网络,2025-09-15 10:25:57,24.83,15100,24.83,D
sz002517,恺英网络,2025-09-15 10:26:00,24.8,115300,24.83,D
sz002517,恺英网络,2025-09-15 10:26:03,24.83,76900,24.8,U
sz002517,恺英网络,2025-09-15 10:26:06,24.8,10100,24.83,E
sz002517,恺英网络,2025-09-15 10:26:09,24.81,12800,24.8,U
sz002517,恺英网络,2025-09-15 10:26:12,24.76,11900,24.81,D
sz002517,恺英网络,2025-09-15 10:26:15,24.74,13000,24.76,D
sz002517,恺英网络,2025-09-15 10:26:18,24.73,30500,24.74,D
sz002517,恺英网络,2025-09-15 10:26:24,24.75,9100,24.74,U
sz002517,恺英网络,2025-09-15 10:26:27,24.79,8800,24.75,U
sz002517,恺英网络,2025-09-15 10:26:33,24.79,9600,24.79,U
sz002517,恺英网络,2025-09-15 10:26:36,24.83,34300,24.79,U
sz002517,恺英网络,2025-09-15 10:26:39,24.79,14700,24.83,D
sz002517,恺英网络,2025-09-15 10:26:45,24.79,10500,24.8,D
sz002517,恺英网络,2025-09-15 10:26:51,24.79,8800,24.79,D
sz002517,恺英网络,2025-09-15 10:26:57,24.79,26800,24.79,D
sz002517,恺英网络,2025-09-15 10:27:00,24.78,12600,24.79,E
sz002517,恺英网络,2025-09-15 10:27:06,24.73,19800,24.77,D
sz002517,恺英网络,2025-09-15 10:27:09,24.7,10000,24.73,D
sz002517,恺英网络,2025-09-15 10:27:12,24.73,33900,24.7,E
sz002517,恺英网络,2025-09-15 10:27:21,24.71,23200,24.71,D
sz002517,恺英网络,2025-09-15 10:27:33,24.74,40540,24.73,U
sz002517,恺英网络,2025-09-15 10:27:42,24.76,18600,24.76,U
sz002517,恺英网络,2025-09-15 10:27:45,24.77,8300,24.76,E
sz002517,恺英网络,2025-09-15 10:27:48,24.77,26900,24.77,D
sz002517,恺英网络,2025-09-15 10:27:51,24.77,12400,24.77,U
sz002517,恺英网络,2025-09-15 10:28:00,24.73,28100,24.76,D
sz002517,恺英网络,2025-09-15 10:28:03,24.74,16400,24.73,E
sz002517,恺英网络,2025-09-15 10:28:06,24.73,9500,24.74,D
sz002517,恺英网络,2025-09-15 10:28:15,24.75,8300,24.76,D
sz002517,恺英网络,2025-09-15 10:28:24,24.73,8860,24.73,D
sz002517,恺英网络,2025-09-15 10:28:27,24.71,11000,24.73,D
sz002517,恺英网络,2025-09-15 10:28:36,24.72,8340,24.73,D
sz002517,恺英网络,2025-09-15 10:28:51,24.75,21200,24.74,U
sz002517,恺英网络,2025-09-15 10:29:00,24.75,8900,24.74,U
sz002517,恺英网络,2025-09-15 10:29:09,24.73,18800,24.75,D
sz002517,恺英网络,2025-09-15 10:29:12,24.73,13300,24.73,E
sz002517,恺英网络,2025-09-15 10:29:21,24.72,21500,24.73,D
sz002517,恺英网络,2025-09-15 10:29:27,24.72,13700,24.73,D
sz002517,恺英网络,2025-09-15 10:29:30,24.72,16000,24.72,D
sz002517,恺英网络,2025-09-15 10:29:36,24.72,16700,24.73,D
sz002517,恺英网络,2025-09-15 10:29:42,24.71,12900,24.71,D
sz002517,恺英网络,2025-09-15 10:29:51,24.71,14000,24.72,D
sz002517,恺英网络,2025-09-15 10:30:00,24.7,12000,24.71,D
sz002517,恺英网络,2025-09-15 10:30:03,24.71,22900,24.7,U
sz002517,恺英网络,2025-09-15 10:30:09,24.69,12700,24.71,D
sz002517,恺英网络,2025-09-15 10:30:27,24.66,22200,24.67,D
sz002517,恺英网络,2025-09-15 10:30:39,24.67,19500,24.66,U
sz002517,恺英网络,2025-09-15 10:30:48,24.66,11000,24.66,D
sz002517,恺英网络,2025-09-15 10:31:00,24.65,23500,24.66,D
sz002517,恺英网络,2025-09-15 10:31:12,24.65,16400,24.64,U
sz002517,恺英网络,2025-09-15 10:31:15,24.67,18200,24.65,U
sz002517,恺英网络,2025-09-15 10:31:21,24.69,8500,24.66,U
sz002517,恺英网络,2025-09-15 10:31:54,24.71,10200,24.71,D
sz002517,恺英网络,2025-09-15 10:32:12,24.76,12500,24.75,U
sz002517,恺英网络,2025-09-15 10:32:15,24.74,55100,24.76,D
sz002517,恺英网络,2025-09-15 10:32:18,24.77,30400,24.74,U
sz002517,恺英网络,2025-09-15 10:32:24,24.78,11800,24.78,D
sz002517,恺英网络,2025-09-15 10:32:30,24.79,11400,24.79,D
sz002517,恺英网络,2025-09-15 10:32:33,24.8,8500,24.79,U
sz002517,恺英网络,2025-09-15 10:32:36,24.8,17000,24.8,U
sz002517,恺英网络,2025-09-15 10:32:42,24.8,11600,24.8,U
sz002517,恺英网络,2025-09-15 10:32:45,24.81,90119,24.8,U
sz002517,恺英网络,2025-09-15 10:32:48,24.8,75900,24.81,D
sz002517,恺英网络,2025-09-15 10:32:54,24.81,30100,24.81,U
sz002517,恺英网络,2025-09-15 10:33:00,24.81,19800,24.81,D
sz002517,恺英网络,2025-09-15 10:33:12,24.81,24500,24.81,U
sz002517,恺英网络,2025-09-15 10:33:15,24.81,9300,24.81,U
sz002517,恺英网络,2025-09-15 10:33:18,24.8,58400,24.81,D
sz002517,恺英网络,2025-09-15 10:33:24,24.81,10900,24.81,U
sz002517,恺英网络,2025-09-15 10:33:27,24.81,15600,24.81,U
sz002517,恺英网络,2025-09-15 10:33:30,24.8,8700,24.81,D
sz002517,恺英网络,2025-09-15 10:33:33,24.82,20300,24.8,U
sz002517,恺英网络,2025-09-15 10:33:36,24.88,696900,24.82,U
sz002517,恺英网络,2025-09-15 10:33:39,24.88,127900,24.88,U
sz002517,恺英网络,2025-09-15 10:33:42,24.87,69300,24.88,E
sz002517,恺英网络,2025-09-15 10:33:45,24.88,26900,24.87,U
sz002517,恺英网络,2025-09-15 10:33:48,24.89,176700,24.88,U
sz002517,恺英网络,2025-09-15 10:33:51,24.9,63500,24.89,U
sz002517,恺英网络,2025-09-15 10:33:54,24.91,69800,24.9,U
sz002517,恺英网络,2025-09-15 10:33:57,24.94,42900,24.91,U
sz002517,恺英网络,2025-09-15 10:34:00,24.94,24400,24.94,U
sz002517,恺英网络,2025-09-15 10:34:03,24.95,43000,24.94,U
sz002517,恺英网络,2025-09-15 10:34:06,24.95,10900,24.95,U
sz002517,恺英网络,2025-09-15 10:34:09,24.95,39600,24.95,U
sz002517,恺英网络,2025-09-15 10:34:12,24.94,51000,24.95,D
sz002517,恺英网络,2025-09-15 10:34:18,24.96,11900,24.95,U
sz002517,恺英网络,2025-09-15 10:34:21,24.96,16900,24.96,U
sz002517,恺英网络,2025-09-15 10:34:24,24.96,15700,24.96,U
sz002517,恺英网络,2025-09-15 10:34:27,24.95,15800,24.96,D
sz002517,恺英网络,2025-09-15 10:34:30,24.96,9000,24.95,U
sz002517,恺英网络,2025-09-15 10:34:33,24.95,9300,24.96,D
sz002517,恺英网络,2025-09-15 10:34:36,24.96,22300,24.95,U
sz002517,恺英网络,2025-09-15 10:34:39,24.96,25800,24.96,U
sz002517,恺英网络,2025-09-15 10:34:42,24.95,22700,24.96,E
sz002517,恺英网络,2025-09-15 10:34:45,24.94,135500,24.95,D
sz002517,恺英网络,2025-09-15 10:34:51,24.9,20800,24.94,D
sz002517,恺英网络,2025-09-15 10:34:54,24.89,16100,24.9,D
sz002517,恺英网络,2025-09-15 10:34:57,24.9,102300,24.89,U
sz002517,恺英网络,2025-09-15 10:35:21,24.86,33200,24.87,D
sz002517,恺英网络,2025-09-15 10:35:30,24.87,10400,24.88,D
sz002517,恺英网络,2025-09-15 10:35:33,24.89,15500,24.87,U
sz002517,恺英网络,2025-09-15 10:35:51,24.88,9500,24.87,U
sz002517,恺英网络,2025-09-15 10:35:54,24.88,49300,24.88,U
sz002517,恺英网络,2025-09-15 10:35:57,24.88,12300,24.88,U
sz002517,恺英网络,2025-09-15 10:36:00,24.9,27700,24.88,U
sz002517,恺英网络,2025-09-15 10:36:06,24.9,25300,24.89,U
sz002517,恺英网络,2025-09-15 10:36:09,24.9,10600,24.9,E
sz002517,恺英网络,2025-09-15 10:36:12,24.92,19000,24.9,U
sz002517,恺英网络,2025-09-15 10:36:18,24.93,79100,24.93,U
sz002517,恺英网络,2025-09-15 10:36:21,24.94,12200,24.93,U
sz002517,恺英网络,2025-09-15 10:36:24,24.94,38000,24.94,U
sz002517,恺英网络,2025-09-15 10:36:30,24.93,22900,24.93,D
sz002517,恺英网络,2025-09-15 10:36:33,24.93,24000,24.93,D
sz002517,恺英网络,2025-09-15 10:36:36,24.94,14000,24.93,U
sz002517,恺英网络,2025-09-15 10:36:39,24.94,25900,24.94,D
sz002517,恺英网络,2025-09-15 10:36:42,24.94,19000,24.94,U
sz002517,恺英网络,2025-09-15 10:36:48,24.94,25900,24.94,U
sz002517,恺英网络,2025-09-15 10:36:51,24.93,18700,24.94,D
sz002517,恺英网络,2025-09-15 10:36:54,24.94,26900,24.93,U
sz002517,恺英网络,2025-09-15 10:36:57,24.94,27500,24.94,U
sz002517,恺英网络,2025-09-15 10:37:00,24.95,12800,24.94,U
sz002517,恺英网络,2025-09-15 10:37:03,24.94,11000,24.95,D
sz002517,恺英网络,2025-09-15 10:37:12,24.94,11100,24.95,D
sz002517,恺英网络,2025-09-15 10:37:15,24.95,8800,24.94,U
sz002517,恺英网络,2025-09-15 10:37:24,24.94,9300,24.95,D
sz002517,恺英网络,2025-09-15 10:37:27,24.95,25600,24.94,U
sz002517,恺英网络,2025-09-15 10:37:30,24.95,12000,24.95,U
sz002517,恺英网络,2025-09-15 10:37:33,24.94,45000,24.95,D
sz002517,恺英网络,2025-09-15 10:37:36,24.94,17000,24.94,D
sz002517,恺英网络,2025-09-15 10:37:39,24.94,9800,24.94,U
sz002517,恺英网络,2025-09-15 10:37:42,24.95,9000,24.94,U
sz002517,恺英网络,2025-09-15 10:37:45,24.94,17700,24.95,D
sz002517,恺英网络,2025-09-15 10:37:51,24.94,18200,24.95,D
sz002517,恺英网络,2025-09-15 10:37:54,24.93,9000,24.94,D
sz002517,恺英网络,2025-09-15 10:38:00,24.93,79500,24.94,D
sz002517,恺英网络,2025-09-15 10:38:03,24.93,14500,24.93,D
sz002517,恺英网络,2025-09-15 10:38:06,24.92,35700,24.93,D
sz002517,恺英网络,2025-09-15 10:38:09,24.92,19800,24.92,D
sz002517,恺英网络,2025-09-15 10:38:12,24.92,13200,24.92,U
sz002517,恺英网络,2025-09-15 10:38:24,24.92,19500,24.92,D
sz002517,恺英网络,2025-09-15 10:38:30,24.92,11700,24.92,U
sz002517,恺英网络,2025-09-15 10:38:33,24.91,11200,24.92,D
sz002517,恺英网络,2025-09-15 10:38:36,24.9,14900,24.91,D
sz002517,恺英网络,2025-09-15 10:38:42,24.9,8100,24.9,D
sz002517,恺英网络,2025-09-15 10:38:48,24.92,8300,24.91,U
sz002517,恺英网络,2025-09-15 10:38:54,24.93,14100,24.92,U
sz002517,恺英网络,2025-09-15 10:38:57,24.93,8200,24.93,D
sz002517,恺英网络,2025-09-15 10:39:00,24.94,18600,24.93,U
sz002517,恺英网络,2025-09-15 10:39:03,24.94,19100,24.94,U
sz002517,恺英网络,2025-09-15 10:39:06,24.93,19200,24.94,D
sz002517,恺英网络,2025-09-15 10:39:18,24.95,53200,24.95,U
sz002517,恺英网络,2025-09-15 10:39:21,24.95,23500,24.95,U
sz002517,恺英网络,2025-09-15 10:39:24,24.96,22800,24.95,U
sz002517,恺英网络,2025-09-15 10:39:27,24.96,96400,24.96,U
sz002517,恺英网络,2025-09-15 10:39:30,24.97,61100,24.96,U
sz002517,恺英网络,2025-09-15 10:39:33,24.98,228158,24.97,U
sz002517,恺英网络,2025-09-15 10:39:36,24.98,161100,24.98,U
sz002517,恺英网络,2025-09-15 10:39:39,25.05,519050,24.98,U
sz002517,恺英网络,2025-09-15 10:39:42,25.08,116400,25.05,U
sz002517,恺英网络,2025-09-15 10:39:45,25.1,145200,25.08,U
sz002517,恺英网络,2025-09-15 10:39:48,25.13,30300,25.1,U
sz002517,恺英网络,2025-09-15 10:39:51,25.15,42100,25.13,U
sz002517,恺英网络,2025-09-15 10:39:54,25.18,66600,25.15,U
sz002517,恺英网络,2025-09-15 10:39:57,25.18,84792,25.18,U
sz002517,恺英网络,2025-09-15 10:40:00,25.18,90408,25.18,D
sz002517,恺英网络,2025-09-15 10:40:03,25.18,78392,25.18,U
sz002517,恺英网络,2025-09-15 10:40:06,25.18,55900,25.18,D
sz002517,恺英网络,2025-09-15 10:40:09,25.15,54208,25.18,D
sz002517,恺英网络,2025-09-15 10:40:12,25.19,18900,25.15,U
sz002517,恺英网络,2025-09-15 10:40:15,25.19,33500,25.19,U
sz002517,恺英网络,2025-09-15 10:40:18,25.18,16500,25.19,D
sz002517,恺英网络,2025-09-15 10:40:21,25.15,23900,25.18,D
sz002517,恺英网络,2025-09-15 10:40:24,25.17,35700,25.15,U
sz002517,恺英网络,2025-09-15 10:40:27,25.15,20900,25.17,D
sz002517,恺英网络,2025-09-15 10:40:30,25.15,10900,25.15,U
sz002517,恺英网络,2025-09-15 10:40:33,25.15,38400,25.15,D
sz002517,恺英网络,2025-09-15 10:40:36,25.15,11900,25.15,D
sz002517,恺英网络,2025-09-15 10:40:39,25.15,15800,25.15,U
sz002517,恺英网络,2025-09-15 10:40:42,25.15,33200,25.15,D
sz002517,恺英网络,2025-09-15 10:40:45,25.15,54700,25.15,D
sz002517,恺英网络,2025-09-15 10:40:48,25.16,85392,25.15,E
sz002517,恺英网络,2025-09-15 10:40:51,25.18,82500,25.16,E
sz002517,恺英网络,2025-09-15 10:40:54,25.19,32700,25.18,U
sz002517,恺英网络,2025-09-15 10:40:57,25.18,22300,25.19,D
sz002517,恺英网络,2025-09-15 10:41:00,25.21,25800,25.18,U
sz002517,恺英网络,2025-09-15 10:41:03,25.2,24700,25.21,D
sz002517,恺英网络,2025-09-15 10:41:06,25.2,32600,25.2,D
sz002517,恺英网络,2025-09-15 10:41:09,25.2,58100,25.2,U
sz002517,恺英网络,2025-09-15 10:41:12,25.16,38800,25.2,D
sz002517,恺英网络,2025-09-15 10:41:15,25.2,18700,25.16,U
sz002517,恺英网络,2025-09-15 10:41:18,25.19,12300,25.2,U
sz002517,恺英网络,2025-09-15 10:41:21,25.19,18400,25.19,U
sz002517,恺英网络,2025-09-15 10:41:24,25.19,10000,25.19,U
sz002517,恺英网络,2025-09-15 10:41:27,25.17,18300,25.19,E
sz002517,恺英网络,2025-09-15 10:41:30,25.17,28500,25.17,U
sz002517,恺英网络,2025-09-15 10:41:33,25.17,11400,25.17,D
sz002517,恺英网络,2025-09-15 10:41:36,25.17,64100,25.17,U
sz002517,恺英网络,2025-09-15 10:41:39,25.17,8200,25.17,U
sz002517,恺英网络,2025-09-15 10:41:42,25.17,14800,25.17,U
sz002517,恺英网络,2025-09-15 10:41:45,25.16,27300,25.17,D
sz002517,恺英网络,2025-09-15 10:41:57,25.16,9200,25.17,D
sz002517,恺英网络,2025-09-15 10:42:00,25.16,14000,25.16,D
sz002517,恺英网络,2025-09-15 10:42:03,25.15,8408,25.16,D
sz002517,恺英网络,2025-09-15 10:42:06,25.14,21400,25.15,D
sz002517,恺英网络,2025-09-15 10:42:09,25.15,13200,25.14,E
sz002517,恺英网络,2025-09-15 10:42:12,25.15,9800,25.15,D
sz002517,恺英网络,2025-09-15 10:42:15,25.15,16000,25.15,U
sz002517,恺英网络,2025-09-15 10:42:18,25.15,25100,25.15,U
sz002517,恺英网络,2025-09-15 10:42:24,25.15,39000,25.15,D
sz002517,恺英网络,2025-09-15 10:42:27,25.15,8500,25.15,D
sz002517,恺英网络,2025-09-15 10:42:30,25.16,10392,25.15,U
sz002517,恺英网络,2025-09-15 10:42:33,25.16,18600,25.16,D
sz002517,恺英网络,2025-09-15 10:42:36,25.18,11800,25.16,E
sz002517,恺英网络,2025-09-15 10:42:39,25.17,26700,25.18,D
sz002517,恺英网络,2025-09-15 10:42:42,25.2,23100,25.17,U
sz002517,恺英网络,2025-09-15 10:42:45,25.19,36500,25.2,D
sz002517,恺英网络,2025-09-15 10:42:48,25.2,58600,25.19,U
sz002517,恺英网络,2025-09-15 10:42:51,25.19,14700,25.2,E
sz002517,恺英网络,2025-09-15 10:42:54,25.15,71408,25.19,D
sz002517,恺英网络,2025-09-15 10:42:57,25.2,69000,25.15,U
sz002517,恺英网络,2025-09-15 10:43:09,25.18,18300,25.18,D
sz002517,恺英网络,2025-09-15 10:43:15,25.2,25100,25.18,U
sz002517,恺英网络,2025-09-15 10:43:18,25.21,12992,25.2,U
sz002517,恺英网络,2025-09-15 10:43:21,25.22,11808,25.21,U
sz002517,恺英网络,2025-09-15 10:43:24,25.17,34800,25.22,D
sz002517,恺英网络,2025-09-15 10:43:27,25.18,27300,25.17,U
sz002517,恺英网络,2025-09-15 10:43:30,25.21,28100,25.18,U
sz002517,恺英网络,2025-09-15 10:43:33,25.17,20000,25.21,D
sz002517,恺英网络,2025-09-15 10:43:36,25.21,15500,25.17,U
sz002517,恺英网络,2025-09-15 10:43:39,25.21,15300,25.21,U
sz002517,恺英网络,2025-09-15 10:43:42,25.2,19900,25.21,D
sz002517,恺英网络,2025-09-15 10:43:45,25.2,23500,25.2,U
sz002517,恺英网络,2025-09-15 10:43:48,25.15,26000,25.2,D
sz002517,恺英网络,2025-09-15 10:43:51,25.14,34900,25.15,D
sz002517,恺英网络,2025-09-15 10:43:57,25.14,17800,25.17,E
sz002517,恺英网络,2025-09-15 10:44:09,25.12,19600,25.14,E
sz002517,恺英网络,2025-09-15 10:44:12,25.11,22300,25.12,D
sz002517,恺英网络,2025-09-15 10:44:15,25.11,13400,25.11,D
sz002517,恺英网络,2025-09-15 10:44:21,25.1,16400,25.12,D
sz002517,恺英网络,2025-09-15 10:44:24,25.1,37200,25.1,U
sz002517,恺英网络,2025-09-15 10:44:42,25.14,13100,25.12,U
sz002517,恺英网络,2025-09-15 10:44:48,25.14,15200,25.13,U
sz002517,恺英网络,2025-09-15 10:44:54,25.15,14000,25.14,U
sz002517,恺英网络,2025-09-15 10:45:00,25.14,25200,25.16,D
sz002517,恺英网络,2025-09-15 10:45:09,25.15,22200,25.16,D
sz002517,恺英网络,2025-09-15 10:45:18,25.15,9000,25.17,D
sz002517,恺英网络,2025-09-15 10:45:24,25.15,8500,25.14,E
sz002517,恺英网络,2025-09-15 10:45:27,25.16,8300,25.15,E
sz002517,恺英网络,2025-09-15 10:45:30,25.18,12200,25.16,U
sz002517,恺英网络,2025-09-15 10:45:39,25.16,21000,25.18,D
sz002517,恺英网络,2025-09-15 10:45:45,25.19,8400,25.18,U
sz002517,恺英网络,2025-09-15 10:45:57,25.18,21600,25.16,U
sz002517,恺英网络,2025-09-15 10:46:06,25.19,12700,25.19,D
sz002517,恺英网络,2025-09-15 10:46:09,25.2,17000,25.19,U
sz002517,恺英网络,2025-09-15 10:46:18,25.19,112500,25.18,E
sz002517,恺英网络,2025-09-15 10:46:24,25.2,45500,25.19,U
sz002517,恺英网络,2025-09-15 10:46:27,25.21,11200,25.2,U
sz002517,恺英网络,2025-09-15 10:46:33,25.21,10300,25.2,U
sz002517,恺英网络,2025-09-15 10:46:36,25.21,16000,25.21,U
sz002517,恺英网络,2025-09-15 10:46:42,25.21,8300,25.21,D
sz002517,恺英网络,2025-09-15 10:46:45,25.21,15200,25.21,D
sz002517,恺英网络,2025-09-15 10:46:48,25.22,8492,25.21,U
sz002517,恺英网络,2025-09-15 10:46:51,25.22,22100,25.22,D
sz002517,恺英网络,2025-09-15 10:46:54,25.23,33400,25.22,U
sz002517,恺英网络,2025-09-15 10:46:57,25.22,24600,25.23,D
sz002517,恺英网络,2025-09-15 10:47:00,25.23,19000,25.22,U
sz002517,恺英网络,2025-09-15 10:47:03,25.23,11800,25.23,U
sz002517,恺英网络,2025-09-15 10:47:06,25.23,24700,25.23,D
sz002517,恺英网络,2025-09-15 10:47:09,25.25,15000,25.23,U
sz002517,恺英网络,2025-09-15 10:47:12,25.23,36500,25.25,D
sz002517,恺英网络,2025-09-15 10:47:15,25.24,46600,25.23,U
sz002517,恺英网络,2025-09-15 10:47:18,25.24,34600,25.24,U
sz002517,恺英网络,2025-09-15 10:47:21,25.24,40300,25.24,U
sz002517,恺英网络,2025-09-15 10:47:24,25.2,20500,25.24,E
sz002517,恺英网络,2025-09-15 10:47:27,25.23,53100,25.2,U
sz002517,恺英网络,2025-09-15 10:47:36,25.22,27000,25.25,D
sz002517,恺英网络,2025-09-15 10:47:54,25.21,14600,25.21,D
sz002517,恺英网络,2025-09-15 10:48:00,25.21,23700,25.22,D
sz002517,恺英网络,2025-09-15 10:48:03,25.22,29700,25.21,U
sz002517,恺英网络,2025-09-15 10:48:06,25.21,17800,25.22,D
sz002517,恺英网络,2025-09-15 10:48:09,25.21,8600,25.21,U
sz002517,恺英网络,2025-09-15 10:48:12,25.21,8700,25.21,U
sz002517,恺英网络,2025-09-15 10:48:21,25.22,10800,25.21,U
sz002517,恺英网络,2025-09-15 10:48:30,25.21,8100,25.22,D
sz002517,恺英网络,2025-09-15 10:48:45,25.21,9300,25.21,U
sz002517,恺英网络,2025-09-15 10:48:48,25.2,57100,25.21,D
sz002517,恺英网络,2025-09-15 10:48:51,25.21,48900,25.2,U
sz002517,恺英网络,2025-09-15 10:48:54,25.21,28100,25.21,D
sz002517,恺英网络,2025-09-15 10:48:57,25.23,38100,25.21,U
sz002517,恺英网络,2025-09-15 10:49:00,25.23,11100,25.23,U
sz002517,恺英网络,2025-09-15 10:49:03,25.24,24400,25.23,U
sz002517,恺英网络,2025-09-15 10:49:06,25.25,19500,25.24,U
sz002517,恺英网络,2025-09-15 10:49:09,25.24,16700,25.25,D
sz002517,恺英网络,2025-09-15 10:49:15,25.23,51900,25.24,D
sz002517,恺英网络,2025-09-15 10:49:30,25.25,11600,25.25,U
sz002517,恺英网络,2025-09-15 10:49:36,25.25,102700,25.25,U
sz002517,恺英网络,2025-09-15 10:49:42,25.24,12200,25.24,D
sz002517,恺英网络,2025-09-15 10:49:54,25.24,11700,25.24,U
sz002517,恺英网络,2025-09-15 10:49:57,25.24,11900,25.24,U
sz002517,恺英网络,2025-09-15 10:50:00,25.25,35100,25.24,U
sz002517,恺英网络,2025-09-15 10:50:06,25.23,9000,25.24,D
sz002517,恺英网络,2025-09-15 10:50:09,25.21,41100,25.23,D
sz002517,恺英网络,2025-09-15 10:50:12,25.21,8100,25.21,D
sz002517,恺英网络,2025-09-15 10:50:15,25.21,64600,25.21,D
sz002517,恺英网络,2025-09-15 10:50:30,25.17,9800,25.18,D
sz002517,恺英网络,2025-09-15 10:50:42,25.14,9200,25.15,D
sz002517,恺英网络,2025-09-15 10:50:51,25.11,11600,25.13,D
sz002517,恺英网络,2025-09-15 10:50:54,25.11,12200,25.11,U
sz002517,恺英网络,2025-09-15 10:50:57,25.12,13600,25.11,E
sz002517,恺英网络,2025-09-15 10:51:00,25.11,10200,25.12,D
sz002517,恺英网络,2025-09-15 10:51:03,25.13,8600,25.11,U
sz002517,恺英网络,2025-09-15 10:51:09,25.13,18000,25.13,D
sz002517,恺英网络,2025-09-15 10:51:15,25.13,8900,25.13,D
sz002517,恺英网络,2025-09-15 10:51:21,25.12,38200,25.12,D
sz002517,恺英网络,2025-09-15 10:51:24,25.13,12200,25.12,U
sz002517,恺英网络,2025-09-15 10:51:33,25.11,25200,25.12,D
sz002517,恺英网络,2025-09-15 10:51:39,25.11,13000,25.12,D
sz002517,恺英网络,2025-09-15 10:51:45,25.1,13400,25.1,D
sz002517,恺英网络,2025-09-15 10:51:48,25.08,51100,25.1,D
sz002517,恺英网络,2025-09-15 10:51:54,25.1,77126,25.09,U
sz002517,恺英网络,2025-09-15 10:51:57,25.1,19200,25.1,E
sz002517,恺英网络,2025-09-15 10:52:03,25.1,12700,25.1,D
sz002517,恺英网络,2025-09-15 10:52:06,25.1,19700,25.1,D
sz002517,恺英网络,2025-09-15 10:52:09,25.09,37500,25.1,D
sz002517,恺英网络,2025-09-15 10:52:12,25.1,9300,25.09,U
sz002517,恺英网络,2025-09-15 10:52:15,25.09,28900,25.1,D
sz002517,恺英网络,2025-09-15 10:52:18,25.09,20300,25.09,D
sz002517,恺英网络,2025-09-15 10:52:24,25.1,13800,25.1,D
sz002517,恺英网络,2025-09-15 10:52:33,25.1,19100,25.09,U
sz002517,恺英网络,2025-09-15 10:52:45,25.1,24200,25.09,U
sz002517,恺英网络,2025-09-15 10:52:54,25.11,12500,25.1,U
sz002517,恺英网络,2025-09-15 10:53:00,25.12,85700,25.11,U
sz002517,恺英网络,2025-09-15 10:53:03,25.12,52300,25.12,U
sz002517,恺英网络,2025-09-15 10:53:06,25.11,60600,25.12,D
sz002517,恺英网络,2025-09-15 10:53:21,25.11,14200,25.12,D
sz002517,恺英网络,2025-09-15 10:53:30,25.12,23600,25.11,U
sz002517,恺英网络,2025-09-15 10:54:00,25.13,11800,25.11,U
sz002517,恺英网络,2025-09-15 10:54:03,25.11,17700,25.13,D
sz002517,恺英网络,2025-09-15 10:54:09,25.1,12400,25.11,D
sz002517,恺英网络,2025-09-15 10:54:21,25.1,19100,25.1,D
sz002517,恺英网络,2025-09-15 10:54:39,25.1,9900,25.1,D
sz002517,恺英网络,2025-09-15 10:54:42,25.1,9500,25.1,D
sz002517,恺英网络,2025-09-15 10:55:00,25.11,22000,25.1,U
sz002517,恺英网络,2025-09-15 10:55:24,25.12,23500,25.1,U
sz002517,恺英网络,2025-09-15 10:55:27,25.13,10800,25.12,U
sz002517,恺英网络,2025-09-15 10:55:48,25.14,12600,25.14,U
sz002517,恺英网络,2025-09-15 10:56:15,25.15,8800,25.15,U
sz002517,恺英网络,2025-09-15 10:56:18,25.16,31000,25.15,U
sz002517,恺英网络,2025-09-15 10:56:21,25.15,34000,25.16,D
sz002517,恺英网络,2025-09-15 10:56:48,25.14,16500,25.15,D
sz002517,恺英网络,2025-09-15 10:56:54,25.15,9100,25.14,U
sz002517,恺英网络,2025-09-15 10:57:09,25.12,32700,25.15,D
sz002517,恺英网络,2025-09-15 10:57:18,25.12,18200,25.14,U
sz002517,恺英网络,2025-09-15 10:57:21,25.12,14900,25.12,U
sz002517,恺英网络,2025-09-15 10:57:30,25.1,15700,25.11,D
sz002517,恺英网络,2025-09-15 10:57:33,25.15,12200,25.1,U
sz002517,恺英网络,2025-09-15 10:57:36,25.1,18600,25.15,D
sz002517,恺英网络,2025-09-15 10:57:42,25.11,12000,25.11,D
sz002517,恺英网络,2025-09-15 10:57:57,25.11,17200,25.1,U
sz002517,恺英网络,2025-09-15 10:58:00,25.1,8800,25.11,U
sz002517,恺英网络,2025-09-15 10:58:03,25.09,15100,25.1,D
sz002517,恺英网络,2025-09-15 10:58:15,25.09,13100,25.09,D
sz002517,恺英网络,2025-09-15 10:58:18,25.09,16800,25.09,D
sz002517,恺英网络,2025-09-15 10:58:42,25.04,15100,25.05,D
sz002517,恺英网络,2025-09-15 10:58:51,25.03,9000,25.03,D
sz002517,恺英网络,2025-09-15 10:58:54,25.03,10700,25.03,D
sz002517,恺英网络,2025-09-15 10:59:00,25.03,24300,25.02,U
sz002517,恺英网络,2025-09-15 10:59:03,25.02,21300,25.03,E
sz002517,恺英网络,2025-09-15 10:59:06,25.01,30000,25.02,D
sz002517,恺英网络,2025-09-15 10:59:09,25.02,9100,25.01,U
sz002517,恺英网络,2025-09-15 10:59:15,25.0,9700,25.0,D
sz002517,恺英网络,2025-09-15 10:59:18,25.0,80100,25.0,D
sz002517,恺英网络,2025-09-15 10:59:21,25.02,38600,25.0,U
sz002517,恺英网络,2025-09-15 10:59:27,25.02,25800,25.02,D
sz002517,恺英网络,2025-09-15 10:59:39,25.05,11300,25.04,U
sz002517,恺英网络,2025-09-15 10:59:42,25.05,8800,25.05,D
sz002517,恺英网络,2025-09-15 10:59:45,25.06,12900,25.05,D
sz002517,恺英网络,2025-09-15 10:59:48,25.07,8400,25.06,E
sz002517,恺英网络,2025-09-15 10:59:51,25.1,13600,25.07,U
sz002517,恺英网络,2025-09-15 11:00:00,25.13,11400,25.1,U
sz002517,恺英网络,2025-09-15 11:00:03,25.14,17100,25.13,U
sz002517,恺英网络,2025-09-15 11:00:21,25.15,13700,25.16,D
sz002517,恺英网络,2025-09-15 11:00:48,25.1,8700,25.11,D
sz002517,恺英网络,2025-09-15 11:01:21,25.03,13100,25.06,D
sz002517,恺英网络,2025-09-15 11:01:24,25.07,20100,25.03,U
sz002517,恺英网络,2025-09-15 11:01:48,25.08,10300,25.07,U
sz002517,恺英网络,2025-09-15 11:01:54,25.1,8700,25.09,U
sz002517,恺英网络,2025-09-15 11:02:18,25.09,11400,25.08,U
sz002517,恺英网络,2025-09-15 11:02:21,25.08,10100,25.09,D
sz002517,恺英网络,2025-09-15 11:02:42,25.09,29600,25.07,U
sz002517,恺英网络,2025-09-15 11:02:48,25.09,14300,25.09,D
sz002517,恺英网络,2025-09-15 11:02:51,25.08,14900,25.09,D
sz002517,恺英网络,2025-09-15 11:02:54,25.08,8200,25.08,E
sz002517,恺英网络,2025-09-15 11:03:06,25.1,13600,25.08,U
sz002517,恺英网络,2025-09-15 11:03:42,25.02,11200,25.03,D
sz002517,恺英网络,2025-09-15 11:03:48,25.03,26200,25.02,D
sz002517,恺英网络,2025-09-15 11:03:51,25.06,15400,25.03,E
sz002517,恺英网络,2025-09-15 11:03:54,25.09,16200,25.06,U
sz002517,恺英网络,2025-09-15 11:03:57,25.04,10400,25.09,D
sz002517,恺英网络,2025-09-15 11:04:12,25.04,9600,25.04,D
sz002517,恺英网络,2025-09-15 11:04:39,25.05,21800,25.05,U
sz002517,恺英网络,2025-09-15 11:05:03,25.1,65700,25.07,U
sz002517,恺英网络,2025-09-15 11:05:09,25.1,8300,25.1,D
sz002517,恺英网络,2025-09-15 11:05:15,25.11,9900,25.1,U
sz002517,恺英网络,2025-09-15 11:05:27,25.15,35400,25.12,U
sz002517,恺英网络,2025-09-15 11:05:36,25.1,52800,25.1,D
sz002517,恺英网络,2025-09-15 11:05:39,25.1,9100,25.1,U
sz002517,恺英网络,2025-09-15 11:05:48,25.08,45200,25.08,D
sz002517,恺英网络,2025-09-15 11:06:06,25.1,9100,25.08,U
sz002517,恺英网络,2025-09-15 11:06:24,25.08,8900,25.1,D
sz002517,恺英网络,2025-09-15 11:06:45,25.06,8900,25.07,D
sz002517,恺英网络,2025-09-15 11:06:51,25.11,20700,25.05,U
sz002517,恺英网络,2025-09-15 11:07:15,25.03,19400,25.06,D
sz002517,恺英网络,2025-09-15 11:07:18,25.06,15700,25.03,U
sz002517,恺英网络,2025-09-15 11:07:21,25.06,11300,25.06,D
sz002517,恺英网络,2025-09-15 11:07:48,25.01,22500,25.01,D
sz002517,恺英网络,2025-09-15 11:08:24,25.03,22800,25.01,U
sz002517,恺英网络,2025-09-15 11:08:27,25.03,8400,25.03,D
sz002517,恺英网络,2025-09-15 11:08:36,25.04,8700,25.03,U
sz002517,恺英网络,2025-09-15 11:08:42,25.04,8300,25.04,U
sz002517,恺英网络,2025-09-15 11:09:03,25.02,25200,25.03,E
sz002517,恺英网络,2025-09-15 11:09:24,25.02,12900,25.01,U
sz002517,恺英网络,2025-09-15 11:09:27,25.02,14700,25.02,U
sz002517,恺英网络,2025-09-15 11:09:30,25.0,17100,25.02,D
sz002517,恺英网络,2025-09-15 11:09:42,25.01,13100,25.01,D
sz002517,恺英网络,2025-09-15 11:09:57,25.01,8700,25.0,U
sz002517,恺英网络,2025-09-15 11:10:15,25.0,11200,25.0,D
sz002517,恺英网络,2025-09-15 11:10:18,24.99,12300,25.0,D
sz002517,恺英网络,2025-09-15 11:10:30,25.0,9800,24.99,U
sz002517,恺英网络,2025-09-15 11:11:03,24.99,9800,24.99,D
sz002517,恺英网络,2025-09-15 11:11:12,24.95,11000,24.98,D
sz002517,恺英网络,2025-09-15 11:11:27,24.97,9600,24.97,U
sz002517,恺英网络,2025-09-15 11:11:30,24.99,37879,24.97,U
sz002517,恺英网络,2025-09-15 11:11:33,24.97,22221,24.99,D
sz002517,恺英网络,2025-09-15 11:11:51,24.96,8400,24.96,D
sz002517,恺英网络,2025-09-15 11:12:00,24.97,16300,24.96,U
sz002517,恺英网络,2025-09-15 11:12:09,24.97,33900,24.96,U
sz002517,恺英网络,2025-09-15 11:12:18,24.95,8200,24.95,D
sz002517,恺英网络,2025-09-15 11:12:36,24.94,10700,24.94,D
sz002517,恺英网络,2025-09-15 11:12:45,24.94,23600,24.93,U
sz002517,恺英网络,2025-09-15 11:12:48,24.93,17200,24.94,E
sz002517,恺英网络,2025-09-15 11:13:15,24.93,11800,24.92,U
sz002517,恺英网络,2025-09-15 11:13:24,24.94,15800,24.93,U
sz002517,恺英网络,2025-09-15 11:13:27,24.95,8400,24.94,U
sz002517,恺英网络,2025-09-15 11:13:51,24.96,21000,24.95,U
sz002517,恺英网络,2025-09-15 11:13:54,24.97,49179,24.96,U
sz002517,恺英网络,2025-09-15 11:13:57,24.98,39800,24.97,U
sz002517,恺英网络,2025-09-15 11:14:24,25.04,12200,25.02,U
sz002517,恺英网络,2025-09-15 11:14:27,25.02,19300,25.04,D
sz002517,恺英网络,2025-09-15 11:14:54,25.08,17000,25.06,U
sz002517,恺英网络,2025-09-15 11:15:06,25.1,8000,25.1,U
sz002517,恺英网络,2025-09-15 11:15:24,25.08,9600,25.09,D
sz002517,恺英网络,2025-09-15 11:15:33,25.09,15400,25.06,U
sz002517,恺英网络,2025-09-15 11:16:54,25.02,12000,25.05,D
sz002517,恺英网络,2025-09-15 11:17:42,25.02,13600,25.02,D
sz002517,恺英网络,2025-09-15 11:17:51,25.01,9800,25.02,D
sz002517,恺英网络,2025-09-15 11:18:39,25.02,10700,25.01,U
sz002517,恺英网络,2025-09-15 11:18:45,25.02,23000,25.02,D
sz002517,恺英网络,2025-09-15 11:18:57,25.07,29800,25.02,U
sz002517,恺英网络,2025-09-15 11:19:39,25.08,9300,25.07,U
sz002517,恺英网络,2025-09-15 11:20:24,25.06,24700,25.07,D
sz002517,恺英网络,2025-09-15 11:20:27,25.06,11800,25.06,D
sz002517,恺英网络,2025-09-15 11:21:09,25.03,8400,25.02,U
sz002517,恺英网络,2025-09-15 11:22:33,25.05,10900,25.05,U
sz002517,恺英网络,2025-09-15 11:23:48,25.05,10000,25.04,U
sz002517,恺英网络,2025-09-15 11:24:00,25.02,27000,25.05,D
sz002517,恺英网络,2025-09-15 11:24:15,25.05,18800,25.03,U
sz002517,恺英网络,2025-09-15 11:24:18,25.07,8000,25.05,U
sz002517,恺英网络,2025-09-15 11:26:24,25.08,18800,25.07,U
sz002517,恺英网络,2025-09-15 11:28:03,25.05,9400,25.05,D
sz002517,恺英网络,2025-09-15 11:28:27,25.09,113300,25.06,U
sz002517,恺英网络,2025-09-15 11:28:45,25.08,13700,25.08,D
sz002517,恺英网络,2025-09-15 11:28:57,25.09,28300,25.08,U
sz002517,恺英网络,2025-09-15 11:29:00,25.09,13800,25.09,D
sz002517,恺英网络,2025-09-15 11:29:06,25.1,56700,25.09,U
sz002517,恺英网络,2025-09-15 11:29:12,25.09,38600,25.09,D
sz002517,恺英网络,2025-09-15 11:29:27,25.09,13800,25.09,U
sz002517,恺英网络,2025-09-15 11:29:48,25.09,14700,25.08,U
sz002517,恺英网络,2025-09-15 13:00:00,25.12,27000,25.1,U
sz002517,恺英网络,2025-09-15 13:00:03,25.11,24800,25.12,D
sz002517,恺英网络,2025-09-15 13:00:09,25.1,20900,25.1,D
sz002517,恺英网络,2025-09-15 13:00:12,25.08,48800,25.1,D
sz002517,恺英网络,2025-09-15 13:00:15,25.05,28800,25.08,D
sz002517,恺英网络,2025-09-15 13:00:18,25.06,31700,25.05,E
sz002517,恺英网络,2025-09-15 13:00:24,25.06,9200,25.06,D
sz002517,恺英网络,2025-09-15 13:00:36,25.1,9000,25.1,U
sz002517,恺英网络,2025-09-15 13:00:54,25.09,11300,25.13,D
sz002517,恺英网络,2025-09-15 13:01:00,25.08,9900,25.1,D
sz002517,恺英网络,2025-09-15 13:01:06,25.1,21100,25.11,E
sz002517,恺英网络,2025-09-15 13:01:18,25.12,11000,25.11,U
sz002517,恺英网络,2025-09-15 13:01:30,25.15,12700,25.14,U
sz002517,恺英网络,2025-09-15 13:01:48,25.15,23700,25.15,U
sz002517,恺英网络,2025-09-15 13:02:21,25.11,8300,25.12,D
sz002517,恺英网络,2025-09-15 13:02:27,25.1,11400,25.11,D
sz002517,恺英网络,2025-09-15 13:02:30,25.13,10700,25.1,U
sz002517,恺英网络,2025-09-15 13:02:48,25.11,9300,25.1,U
sz002517,恺英网络,2025-09-15 13:03:03,25.11,14900,25.1,U
sz002517,恺英网络,2025-09-15 13:03:45,25.1,26200,25.1,D
sz002517,恺英网络,2025-09-15 13:04:21,25.07,11200,25.08,D
sz002517,恺英网络,2025-09-15 13:04:57,25.09,8800,25.09,U
sz002517,恺英网络,2025-09-15 13:05:00,25.08,10300,25.09,D
sz002517,恺英网络,2025-09-15 13:05:12,25.09,17700,25.09,U
sz002517,恺英网络,2025-09-15 13:05:24,25.09,15000,25.1,D
sz002517,恺英网络,2025-09-15 13:05:36,25.07,32300,25.08,D
sz002517,恺英网络,2025-09-15 13:05:39,25.07,18100,25.07,D
sz002517,恺英网络,2025-09-15 13:05:45,25.09,10100,25.07,U
sz002517,恺英网络,2025-09-15 13:06:30,25.07,9300,25.07,D
sz002517,恺英网络,2025-09-15 13:07:15,25.07,8800,25.08,D
sz002517,恺英网络,2025-09-15 13:07:21,25.09,12800,25.07,U
sz002517,恺英网络,2025-09-15 13:08:18,25.07,15800,25.07,D
sz002517,恺英网络,2025-09-15 13:08:33,25.06,9500,25.07,D
sz002517,恺英网络,2025-09-15 13:09:33,25.05,14100,25.05,U
sz002517,恺英网络,2025-09-15 13:09:39,25.05,38800,25.04,U
sz002517,恺英网络,2025-09-15 13:09:42,25.06,9600,25.05,U
sz002517,恺英网络,2025-09-15 13:09:48,25.07,13000,25.06,U
sz002517,恺英网络,2025-09-15 13:09:51,25.07,8900,25.07,D
sz002517,恺英网络,2025-09-15 13:10:00,25.08,10700,25.05,U
sz002517,恺英网络,2025-09-15 13:10:24,25.09,8300,25.09,U
sz002517,恺英网络,2025-09-15 13:11:03,25.09,9700,25.09,U
sz002517,恺英网络,2025-09-15 13:11:15,25.1,11400,25.1,U
sz002517,恺英网络,2025-09-15 13:11:21,25.1,32500,25.1,U
sz002517,恺英网络,2025-09-15 13:11:51,25.08,8300,25.08,D
sz002517,恺英网络,2025-09-15 13:12:06,25.06,11300,25.09,D
sz002517,恺英网络,2025-09-15 13:13:30,25.02,11800,25.03,D
sz002517,恺英网络,2025-09-15 13:13:33,25.04,10300,25.02,U
sz002517,恺英网络,2025-09-15 13:13:54,25.04,25600,25.02,U
sz002517,恺英网络,2025-09-15 13:14:54,25.05,20600,25.06,D
sz002517,恺英网络,2025-09-15 13:15:06,25.05,12600,25.05,D
sz002517,恺英网络,2025-09-15 13:15:09,25.06,8500,25.05,U
sz002517,恺英网络,2025-09-15 13:15:15,25.02,12100,25.05,D
sz002517,恺英网络,2025-09-15 13:15:30,25.06,36800,25.06,U
sz002517,恺英网络,2025-09-15 13:15:33,25.06,33600,25.06,D
sz002517,恺英网络,2025-09-15 13:15:36,25.08,9400,25.06,U
sz002517,恺英网络,2025-09-15 13:16:27,25.08,12700,25.06,U
sz002517,恺英网络,2025-09-15 13:17:33,25.07,10900,25.06,U
sz002517,恺英网络,2025-09-15 13:17:51,25.05,40600,25.07,D
sz002517,恺英网络,2025-09-15 13:17:57,25.03,11800,25.04,D
sz002517,恺英网络,2025-09-15 13:18:27,25.03,25200,25.02,U
sz002517,恺英网络,2025-09-15 13:18:30,25.06,9400,25.03,U
sz002517,恺英网络,2025-09-15 13:18:51,25.07,18900,25.05,U
sz002517,恺英网络,2025-09-15 13:19:09,25.08,21800,25.08,D
sz002517,恺英网络,2025-09-15 13:20:00,25.08,22500,25.08,U
sz002517,恺英网络,2025-09-15 13:20:03,25.08,8000,25.08,D
sz002517,恺英网络,2025-09-15 13:20:15,25.08,8100,25.08,D
sz002517,恺英网络,2025-09-15 13:20:21,25.09,10000,25.08,U
sz002517,恺英网络,2025-09-15 13:20:33,25.07,14800,25.08,D
sz002517,恺英网络,2025-09-15 13:21:27,25.06,10200,25.06,D
sz002517,恺英网络,2025-09-15 13:21:57,25.06,11000,25.07,D
sz002517,恺英网络,2025-09-15 13:22:15,25.06,8000,25.05,U
sz002517,恺英网络,2025-09-15 13:22:54,25.02,13100,25.04,D
sz002517,恺英网络,2025-09-15 13:23:15,25.03,9300,25.03,D
sz002517,恺英网络,2025-09-15 13:23:21,25.02,19200,25.02,D
sz002517,恺英网络,2025-09-15 13:24:03,25.01,13600,25.0,U
sz002517,恺英网络,2025-09-15 13:24:06,25.0,77900,25.01,D
sz002517,恺英网络,2025-09-15 13:24:09,25.0,10600,25.0,U
sz002517,恺英网络,2025-09-15 13:24:12,25.01,31000,25.0,U
sz002517,恺英网络,2025-09-15 13:25:51,25.0,8900,25.01,D
sz002517,恺英网络,2025-09-15 13:26:18,25.01,8600,25.01,U
sz002517,恺英网络,2025-09-15 13:26:39,25.02,24600,25.01,U
sz002517,恺英网络,2025-09-15 13:26:42,25.02,13900,25.02,U
sz002517,恺英网络,2025-09-15 13:26:45,25.0,15900,25.02,D
sz002517,恺英网络,2025-09-15 13:26:54,25.0,16600,25.0,U
sz002517,恺英网络,2025-09-15 13:26:57,24.99,12800,25.0,D
sz002517,恺英网络,2025-09-15 13:27:39,25.0,12300,25.01,D
sz002517,恺英网络,2025-09-15 13:27:45,24.98,19000,25.01,D
sz002517,恺英网络,2025-09-15 13:27:54,25.0,16600,25.01,D
sz002517,恺英网络,2025-09-15 13:29:03,24.99,9700,25.0,D
sz002517,恺英网络,2025-09-15 13:29:30,25.0,21200,25.0,D
sz002517,恺英网络,2025-09-15 13:29:39,25.02,88600,25.01,U
sz002517,恺英网络,2025-09-15 13:29:42,25.04,58400,25.02,U
sz002517,恺英网络,2025-09-15 13:29:45,25.04,24700,25.04,U
sz002517,恺英网络,2025-09-15 13:29:48,25.04,29800,25.04,U
sz002517,恺英网络,2025-09-15 13:29:51,25.04,38400,25.04,U
sz002517,恺英网络,2025-09-15 13:29:54,25.04,11200,25.04,U
sz002517,恺英网络,2025-09-15 13:29:57,25.04,11000,25.04,D
sz002517,恺英网络,2025-09-15 13:30:00,25.05,22200,25.04,U
sz002517,恺英网络,2025-09-15 13:30:03,25.05,18400,25.05,U
sz002517,恺英网络,2025-09-15 13:30:09,25.05,24300,25.04,U
sz002517,恺英网络,2025-09-15 13:30:12,25.05,30700,25.05,U
sz002517,恺英网络,2025-09-15 13:30:15,25.08,89200,25.05,U
sz002517,恺英网络,2025-09-15 13:30:18,25.08,25300,25.08,U
sz002517,恺英网络,2025-09-15 13:30:21,25.1,225900,25.08,U
sz002517,恺英网络,2025-09-15 13:30:24,25.11,45400,25.1,U
sz002517,恺英网络,2025-09-15 13:30:27,25.15,51000,25.11,U
sz002517,恺英网络,2025-09-15 13:30:30,25.16,110600,25.15,U
sz002517,恺英网络,2025-09-15 13:30:33,25.16,39300,25.16,U
sz002517,恺英网络,2025-09-15 13:30:36,25.17,12400,25.16,U
sz002517,恺英网络,2025-09-15 13:30:39,25.18,30000,25.17,U
sz002517,恺英网络,2025-09-15 13:30:45,25.19,17200,25.18,U
sz002517,恺英网络,2025-09-15 13:30:48,25.2,8300,25.19,U
sz002517,恺英网络,2025-09-15 13:30:51,25.2,117500,25.2,U
sz002517,恺英网络,2025-09-15 13:30:54,25.21,53200,25.2,U
sz002517,恺英网络,2025-09-15 13:30:57,25.22,14900,25.21,U
sz002517,恺英网络,2025-09-15 13:31:06,25.22,25200,25.22,D
sz002517,恺英网络,2025-09-15 13:31:09,25.23,32600,25.22,U
sz002517,恺英网络,2025-09-15 13:31:15,25.22,10200,25.23,E
sz002517,恺英网络,2025-09-15 13:31:21,25.24,9200,25.23,U
sz002517,恺英网络,2025-09-15 13:31:24,25.25,13300,25.24,U
sz002517,恺英网络,2025-09-15 13:31:27,25.22,14000,25.25,D
sz002517,恺英网络,2025-09-15 13:31:39,25.23,10000,25.24,E
sz002517,恺英网络,2025-09-15 13:31:48,25.23,16400,25.24,D
sz002517,恺英网络,2025-09-15 13:31:51,25.24,12300,25.23,U
sz002517,恺英网络,2025-09-15 13:31:54,25.25,24300,25.24,U
sz002517,恺英网络,2025-09-15 13:32:09,25.24,21300,25.25,D
sz002517,恺英网络,2025-09-15 13:32:42,25.22,15400,25.23,D
sz002517,恺英网络,2025-09-15 13:32:51,25.24,9800,25.22,U
sz002517,恺英网络,2025-09-15 13:33:21,25.23,37300,25.22,U
sz002517,恺英网络,2025-09-15 13:33:30,25.22,9300,25.22,U
sz002517,恺英网络,2025-09-15 13:33:36,25.22,41000,25.22,U
sz002517,恺英网络,2025-09-15 13:33:42,25.21,15400,25.2,U
sz002517,恺英网络,2025-09-15 13:33:51,25.21,11100,25.19,U
sz002517,恺英网络,2025-09-15 13:33:57,25.2,14700,25.19,U
sz002517,恺英网络,2025-09-15 13:34:06,25.2,10100,25.2,U
sz002517,恺英网络,2025-09-15 13:34:33,25.18,45200,25.19,D
sz002517,恺英网络,2025-09-15 13:34:39,25.18,28800,25.19,D
sz002517,恺英网络,2025-09-15 13:34:42,25.18,9500,25.18,U
sz002517,恺英网络,2025-09-15 13:35:33,25.18,21900,25.18,D
sz002517,恺英网络,2025-09-15 13:35:45,25.17,8500,25.18,D
sz002517,恺英网络,2025-09-15 13:35:48,25.18,24200,25.17,E
sz002517,恺英网络,2025-09-15 13:36:42,25.18,38600,25.18,U
sz002517,恺英网络,2025-09-15 13:36:45,25.18,21800,25.18,E
sz002517,恺英网络,2025-09-15 13:36:48,25.18,11700,25.18,D
sz002517,恺英网络,2025-09-15 13:36:51,25.18,11000,25.18,D
sz002517,恺英网络,2025-09-15 13:36:54,25.19,14800,25.18,E
sz002517,恺英网络,2025-09-15 13:37:18,25.18,12500,25.2,D
sz002517,恺英网络,2025-09-15 13:37:24,25.2,28000,25.2,U
sz002517,恺英网络,2025-09-15 13:37:36,25.22,8800,25.22,U
sz002517,恺英网络,2025-09-15 13:37:42,25.22,10900,25.21,U
sz002517,恺英网络,2025-09-15 13:37:48,25.22,11000,25.22,D
sz002517,恺英网络,2025-09-15 13:38:00,25.21,12900,25.22,D
sz002517,恺英网络,2025-09-15 13:38:09,25.21,11300,25.21,D
sz002517,恺英网络,2025-09-15 13:38:51,25.2,15400,25.21,D
sz002517,恺英网络,2025-09-15 13:39:03,25.21,31500,25.19,U
sz002517,恺英网络,2025-09-15 13:39:09,25.2,16100,25.2,U
sz002517,恺英网络,2025-09-15 13:39:30,25.21,8400,25.2,U
sz002517,恺英网络,2025-09-15 13:39:33,25.2,9200,25.21,E
sz002517,恺英网络,2025-09-15 13:39:39,25.2,16200,25.21,D
sz002517,恺英网络,2025-09-15 13:39:51,25.19,11500,25.2,D
sz002517,恺英网络,2025-09-15 13:40:21,25.23,169400,25.2,U
sz002517,恺英网络,2025-09-15 13:40:24,25.23,19800,25.23,U
sz002517,恺英网络,2025-09-15 13:40:36,25.23,16600,25.23,U
sz002517,恺英网络,2025-09-15 13:40:51,25.25,33900,25.24,U
sz002517,恺英网络,2025-09-15 13:40:54,25.25,19800,25.25,U
sz002517,恺英网络,2025-09-15 13:40:57,25.27,241000,25.25,U
sz002517,恺英网络,2025-09-15 13:41:00,25.28,141500,25.27,U
sz002517,恺英网络,2025-09-15 13:41:03,25.3,107700,25.28,U
sz002517,恺英网络,2025-09-15 13:41:06,25.3,69200,25.3,U
sz002517,恺英网络,2025-09-15 13:41:09,25.3,13800,25.3,U
sz002517,恺英网络,2025-09-15 13:41:12,25.29,110700,25.3,D
sz002517,恺英网络,2025-09-15 13:41:15,25.31,9100,25.29,U
sz002517,恺英网络,2025-09-15 13:41:27,25.32,8500,25.32,U
sz002517,恺英网络,2025-09-15 13:41:30,25.33,8300,25.32,U
sz002517,恺英网络,2025-09-15 13:41:36,25.33,8000,25.33,U
sz002517,恺英网络,2025-09-15 13:41:39,25.34,17300,25.33,U
sz002517,恺英网络,2025-09-15 13:41:42,25.32,44800,25.34,D
sz002517,恺英网络,2025-09-15 13:41:45,25.32,11100,25.32,U
sz002517,恺英网络,2025-09-15 13:41:48,25.34,30100,25.32,U
sz002517,恺英网络,2025-09-15 13:41:51,25.35,43400,25.34,U
sz002517,恺英网络,2025-09-15 13:41:54,25.36,15500,25.35,U
sz002517,恺英网络,2025-09-15 13:42:06,25.35,31700,25.36,D
sz002517,恺英网络,2025-09-15 13:42:09,25.35,12500,25.35,U
sz002517,恺英网络,2025-09-15 13:42:18,25.35,31400,25.35,U
sz002517,恺英网络,2025-09-15 13:42:21,25.34,9200,25.35,E
sz002517,恺英网络,2025-09-15 13:42:30,25.36,12200,25.35,U
sz002517,恺英网络,2025-09-15 13:42:36,25.36,12300,25.36,U
sz002517,恺英网络,2025-09-15 13:42:42,25.39,86300,25.36,U
sz002517,恺英网络,2025-09-15 13:42:45,25.36,17200,25.39,D
sz002517,恺英网络,2025-09-15 13:42:51,25.39,8500,25.38,U
sz002517,恺英网络,2025-09-15 13:42:54,25.39,41800,25.39,U
sz002517,恺英网络,2025-09-15 13:42:57,25.39,48800,25.39,U
sz002517,恺英网络,2025-09-15 13:43:03,25.38,19400,25.39,D
sz002517,恺英网络,2025-09-15 13:43:15,25.37,48800,25.38,D
sz002517,恺英网络,2025-09-15 13:43:27,25.37,15100,25.37,U
sz002517,恺英网络,2025-09-15 13:43:33,25.36,26900,25.37,D
sz002517,恺英网络,2025-09-15 13:43:39,25.37,15600,25.36,U
sz002517,恺英网络,2025-09-15 13:43:45,25.37,26000,25.37,D
sz002517,恺英网络,2025-09-15 13:43:48,25.38,23200,25.37,U
sz002517,恺英网络,2025-09-15 13:43:51,25.37,24100,25.38,D
sz002517,恺英网络,2025-09-15 13:43:54,25.38,11500,25.37,U
sz002517,恺英网络,2025-09-15 13:44:00,25.37,11200,25.37,U
sz002517,恺英网络,2025-09-15 13:44:24,25.37,12800,25.36,U
sz002517,恺英网络,2025-09-15 13:44:27,25.37,8600,25.37,D
sz002517,恺英网络,2025-09-15 13:44:33,25.37,9300,25.37,D
sz002517,恺英网络,2025-09-15 13:44:36,25.37,8100,25.37,D
sz002517,恺英网络,2025-09-15 13:44:39,25.39,48550,25.37,U
sz002517,恺英网络,2025-09-15 13:44:42,25.4,53800,25.39,U
sz002517,恺英网络,2025-09-15 13:44:45,25.4,21200,25.4,U
sz002517,恺英网络,2025-09-15 13:44:48,25.41,19600,25.4,U
sz002517,恺英网络,2025-09-15 13:44:51,25.44,43100,25.41,U
sz002517,恺英网络,2025-09-15 13:44:54,25.45,40700,25.44,U
sz002517,恺英网络,2025-09-15 13:44:57,25.45,49400,25.45,D
sz002517,恺英网络,2025-09-15 13:45:00,25.46,55400,25.45,D
sz002517,恺英网络,2025-09-15 13:45:03,25.48,40900,25.46,U
sz002517,恺英网络,2025-09-15 13:45:06,25.46,26500,25.48,D
sz002517,恺英网络,2025-09-15 13:45:09,25.49,33700,25.46,U
sz002517,恺英网络,2025-09-15 13:45:12,25.49,68200,25.49,U
sz002517,恺英网络,2025-09-15 13:45:15,25.5,46100,25.49,U
sz002517,恺英网络,2025-09-15 13:45:18,25.5,35300,25.5,U
sz002517,恺英网络,2025-09-15 13:45:21,25.5,37900,25.5,U
sz002517,恺英网络,2025-09-15 13:45:24,25.49,68200,25.5,D
sz002517,恺英网络,2025-09-15 13:45:27,25.5,50900,25.49,U
sz002517,恺英网络,2025-09-15 13:45:30,25.54,32000,25.5,U
sz002517,恺英网络,2025-09-15 13:45:33,25.51,12100,25.54,E
sz002517,恺英网络,2025-09-15 13:45:36,25.54,13200,25.51,U
sz002517,恺英网络,2025-09-15 13:45:39,25.54,31500,25.54,U
sz002517,恺英网络,2025-09-15 13:45:42,25.54,60000,25.54,D
sz002517,恺英网络,2025-09-15 13:45:45,25.55,19600,25.54,D
sz002517,恺英网络,2025-09-15 13:45:48,25.58,9100,25.55,U
sz002517,恺英网络,2025-09-15 13:45:51,25.57,13600,25.58,U
sz002517,恺英网络,2025-09-15 13:45:54,25.58,13000,25.57,U
sz002517,恺英网络,2025-09-15 13:45:57,25.59,37300,25.58,U
sz002517,恺英网络,2025-09-15 13:46:00,25.59,33100,25.59,U
sz002517,恺英网络,2025-09-15 13:46:03,25.59,21700,25.59,U
sz002517,恺英网络,2025-09-15 13:46:06,25.59,55300,25.59,D
sz002517,恺英网络,2025-09-15 13:46:09,25.6,26450,25.59,U
sz002517,恺英网络,2025-09-15 13:46:12,25.61,16100,25.6,U
sz002517,恺英网络,2025-09-15 13:46:15,25.6,53900,25.61,D
sz002517,恺英网络,2025-09-15 13:46:18,25.6,9000,25.6,U
sz002517,恺英网络,2025-09-15 13:46:21,25.61,17000,25.6,U
sz002517,恺英网络,2025-09-15 13:46:24,25.6,48900,25.61,D
sz002517,恺英网络,2025-09-15 13:46:27,25.6,24100,25.6,D
sz002517,恺英网络,2025-09-15 13:46:30,25.62,17000,25.6,U
sz002517,恺英网络,2025-09-15 13:46:33,25.62,9100,25.62,U
sz002517,恺英网络,2025-09-15 13:46:39,25.63,20200,25.62,U
sz002517,恺英网络,2025-09-15 13:46:45,25.61,9700,25.62,D
sz002517,恺英网络,2025-09-15 13:46:51,25.62,12600,25.63,E
sz002517,恺英网络,2025-09-15 13:46:54,25.62,15300,25.62,U
sz002517,恺英网络,2025-09-15 13:46:57,25.6,30500,25.62,D
sz002517,恺英网络,2025-09-15 13:47:00,25.62,80100,25.6,U
sz002517,恺英网络,2025-09-15 13:47:03,25.65,49439,25.62,U
sz002517,恺英网络,2025-09-15 13:47:06,25.65,115800,25.65,D
sz002517,恺英网络,2025-09-15 13:47:09,25.65,66500,25.65,D
sz002517,恺英网络,2025-09-15 13:47:12,25.65,27300,25.65,D
sz002517,恺英网络,2025-09-15 13:47:15,25.65,11700,25.65,U
sz002517,恺英网络,2025-09-15 13:47:18,25.63,76000,25.65,D
sz002517,恺英网络,2025-09-15 13:47:21,25.64,10400,25.63,U
sz002517,恺英网络,2025-09-15 13:47:24,25.59,12400,25.64,D
sz002517,恺英网络,2025-09-15 13:47:27,25.59,8700,25.59,D
sz002517,恺英网络,2025-09-15 13:47:30,25.59,9100,25.59,D
sz002517,恺英网络,2025-09-15 13:47:33,25.6,12100,25.59,U
sz002517,恺英网络,2025-09-15 13:47:39,25.6,9800,25.6,D
sz002517,恺英网络,2025-09-15 13:47:45,25.62,11100,25.6,U
sz002517,恺英网络,2025-09-15 13:47:48,25.6,16600,25.62,D
sz002517,恺英网络,2025-09-15 13:47:51,25.61,16900,25.6,U
sz002517,恺英网络,2025-09-15 13:47:54,25.62,12000,25.61,U
sz002517,恺英网络,2025-09-15 13:48:00,25.61,9800,25.61,U
sz002517,恺英网络,2025-09-15 13:48:03,25.59,33700,25.61,D
sz002517,恺英网络,2025-09-15 13:48:06,25.61,14900,25.59,U
sz002517,恺英网络,2025-09-15 13:48:09,25.6,9700,25.61,U
sz002517,恺英网络,2025-09-15 13:48:12,25.58,12200,25.6,D
sz002517,恺英网络,2025-09-15 13:48:21,25.59,8400,25.6,E
sz002517,恺英网络,2025-09-15 13:48:24,25.58,13761,25.59,D
sz002517,恺英网络,2025-09-15 13:48:30,25.58,26500,25.59,D
sz002517,恺英网络,2025-09-15 13:48:36,25.58,12900,25.58,D
sz002517,恺英网络,2025-09-15 13:48:39,25.59,12500,25.58,U
sz002517,恺英网络,2025-09-15 13:48:42,25.6,30200,25.59,U
sz002517,恺英网络,2025-09-15 13:48:45,25.57,19800,25.6,D
sz002517,恺英网络,2025-09-15 13:48:54,25.58,19200,25.58,U
sz002517,恺英网络,2025-09-15 13:48:57,25.6,20300,25.58,U
sz002517,恺英网络,2025-09-15 13:49:06,25.54,12800,25.57,D
sz002517,恺英网络,2025-09-15 13:49:27,25.53,9500,25.54,D
sz002517,恺英网络,2025-09-15 13:49:30,25.53,7900,25.53,D
sz002517,恺英网络,2025-09-15 13:49:36,25.54,16300,25.53,U
sz002517,恺英网络,2025-09-15 13:49:39,25.53,9400,25.54,E
sz002517,恺英网络,2025-09-15 13:49:51,25.54,11100,25.53,U
sz002517,恺英网络,2025-09-15 13:49:54,25.53,25200,25.54,D
sz002517,恺英网络,2025-09-15 13:50:06,25.55,9800,25.53,U
sz002517,恺英网络,2025-09-15 13:50:30,25.55,9300,25.56,D
sz002517,恺英网络,2025-09-15 13:50:48,25.57,19800,25.55,U
sz002517,恺英网络,2025-09-15 13:50:51,25.58,24800,25.57,U
sz002517,恺英网络,2025-09-15 13:50:54,25.55,36700,25.58,D
sz002517,恺英网络,2025-09-15 13:50:57,25.56,14600,25.55,U
sz002517,恺英网络,2025-09-15 13:51:00,25.58,26500,25.56,U
sz002517,恺英网络,2025-09-15 13:51:03,25.58,13900,25.58,D
sz002517,恺英网络,2025-09-15 13:51:06,25.6,17500,25.58,U
sz002517,恺英网络,2025-09-15 13:51:09,25.6,11200,25.6,U
sz002517,恺英网络,2025-09-15 13:51:12,25.6,12000,25.6,U
sz002517,恺英网络,2025-09-15 13:51:15,25.61,24739,25.6,U
sz002517,恺英网络,2025-09-15 13:51:24,25.61,44500,25.6,U
sz002517,恺英网络,2025-09-15 13:51:33,25.62,23900,25.61,U
sz002517,恺英网络,2025-09-15 13:51:36,25.62,10800,25.62,U
sz002517,恺英网络,2025-09-15 13:51:39,25.62,9500,25.62,U
sz002517,恺英网络,2025-09-15 13:51:42,25.62,17400,25.62,U
sz002517,恺英网络,2025-09-15 13:51:48,25.61,15300,25.62,D
sz002517,恺英网络,2025-09-15 13:51:51,25.62,19100,25.61,U
sz002517,恺英网络,2025-09-15 13:51:54,25.61,24200,25.62,D
sz002517,恺英网络,2025-09-15 13:51:57,25.62,10900,25.61,U
sz002517,恺英网络,2025-09-15 13:52:06,25.63,10200,25.63,U
sz002517,恺英网络,2025-09-15 13:52:18,25.63,49300,25.63,U
sz002517,恺英网络,2025-09-15 13:52:21,25.62,8000,25.63,D
sz002517,恺英网络,2025-09-15 13:52:24,25.63,18500,25.62,U
sz002517,恺英网络,2025-09-15 13:52:27,25.64,21800,25.63,U
sz002517,恺英网络,2025-09-15 13:52:42,25.64,8100,25.63,U
sz002517,恺英网络,2025-09-15 13:52:48,25.64,12200,25.64,U
sz002517,恺英网络,2025-09-15 13:52:51,25.64,25800,25.64,U
sz002517,恺英网络,2025-09-15 13:52:54,25.63,60900,25.64,D
sz002517,恺英网络,2025-09-15 13:53:00,25.64,9100,25.64,U
sz002517,恺英网络,2025-09-15 13:53:03,25.63,9000,25.64,D
sz002517,恺英网络,2025-09-15 13:53:09,25.63,9300,25.64,D
sz002517,恺英网络,2025-09-15 13:53:24,25.64,22700,25.63,U
sz002517,恺英网络,2025-09-15 13:53:30,25.64,32900,25.64,D
sz002517,恺英网络,2025-09-15 13:53:45,25.64,12800,25.64,D
sz002517,恺英网络,2025-09-15 13:53:51,25.64,10100,25.63,U
sz002517,恺英网络,2025-09-15 13:53:54,25.63,55700,25.64,D
sz002517,恺英网络,2025-09-15 13:53:57,25.62,22400,25.63,D
sz002517,恺英网络,2025-09-15 13:54:00,25.62,21200,25.62,D
sz002517,恺英网络,2025-09-15 13:54:03,25.62,13700,25.62,D
sz002517,恺英网络,2025-09-15 13:54:06,25.61,11500,25.62,D
sz002517,恺英网络,2025-09-15 13:54:12,25.59,67100,25.61,D
sz002517,恺英网络,2025-09-15 13:54:15,25.61,32900,25.59,U
sz002517,恺英网络,2025-09-15 13:54:18,25.6,12900,25.61,U
sz002517,恺英网络,2025-09-15 13:54:21,25.6,11200,25.6,D
sz002517,恺英网络,2025-09-15 13:54:27,25.6,8000,25.6,D
sz002517,恺英网络,2025-09-15 13:54:33,25.6,8400,25.6,D
sz002517,恺英网络,2025-09-15 13:54:45,25.6,8700,25.6,D
sz002517,恺英网络,2025-09-15 13:54:51,25.6,41100,25.6,D
sz002517,恺英网络,2025-09-15 13:54:54,25.59,22100,25.6,D
sz002517,恺英网络,2025-09-15 13:54:57,25.59,12700,25.59,D
sz002517,恺英网络,2025-09-15 13:55:00,25.59,9600,25.59,D
sz002517,恺英网络,2025-09-15 13:55:06,25.59,9300,25.58,U
sz002517,恺英网络,2025-09-15 13:55:12,25.6,10000,25.58,U
sz002517,恺英网络,2025-09-15 13:55:15,25.6,26100,25.6,D
sz002517,恺英网络,2025-09-15 13:55:18,25.58,13300,25.6,D
sz002517,恺英网络,2025-09-15 13:55:21,25.58,20700,25.58,D
sz002517,恺英网络,2025-09-15 13:55:24,25.58,13500,25.58,D
sz002517,恺英网络,2025-09-15 13:55:27,25.58,15200,25.58,D
sz002517,恺英网络,2025-09-15 13:55:30,25.56,12500,25.58,D
sz002517,恺英网络,2025-09-15 13:55:33,25.56,8000,25.56,D
sz002517,恺英网络,2025-09-15 13:55:36,25.56,11300,25.56,D
sz002517,恺英网络,2025-09-15 13:55:39,25.56,10500,25.56,U
sz002517,恺英网络,2025-09-15 13:56:03,25.58,25200,25.54,U
sz002517,恺英网络,2025-09-15 13:56:06,25.58,21300,25.58,D
sz002517,恺英网络,2025-09-15 13:56:09,25.57,10600,25.58,D
sz002517,恺英网络,2025-09-15 13:56:12,25.57,10900,25.57,D
sz002517,恺英网络,2025-09-15 13:56:18,25.58,9500,25.58,U
sz002517,恺英网络,2025-09-15 13:56:21,25.57,8400,25.58,U
sz002517,恺英网络,2025-09-15 13:56:39,25.57,9800,25.57,U
sz002517,恺英网络,2025-09-15 13:56:51,25.56,11000,25.55,U
sz002517,恺英网络,2025-09-15 13:56:54,25.51,19400,25.56,D
sz002517,恺英网络,2025-09-15 13:56:57,25.51,12000,25.51,D
sz002517,恺英网络,2025-09-15 13:57:00,25.5,17100,25.51,D
sz002517,恺英网络,2025-09-15 13:57:03,25.5,10100,25.5,D
sz002517,恺英网络,2025-09-15 13:57:06,25.5,13600,25.5,D
sz002517,恺英网络,2025-09-15 13:57:09,25.5,10500,25.5,D
sz002517,恺英网络,2025-09-15 13:57:15,25.5,10700,25.5,E
sz002517,恺英网络,2025-09-15 13:57:51,25.57,11000,25.57,U
sz002517,恺英网络,2025-09-15 13:57:57,25.56,9600,25.52,U
sz002517,恺英网络,2025-09-15 13:58:00,25.6,25600,25.56,U
sz002517,恺英网络,2025-09-15 13:58:03,25.59,22400,25.6,D
sz002517,恺英网络,2025-09-15 13:58:09,25.6,12300,25.6,D
sz002517,恺英网络,2025-09-15 13:58:15,25.61,8800,25.6,U
sz002517,恺英网络,2025-09-15 13:58:27,25.6,7900,25.59,U
sz002517,恺英网络,2025-09-15 13:58:36,25.6,16900,25.61,D
sz002517,恺英网络,2025-09-15 13:58:39,25.61,11500,25.6,U
sz002517,恺英网络,2025-09-15 13:58:42,25.59,23100,25.61,D
sz002517,恺英网络,2025-09-15 13:58:45,25.59,20900,25.59,D
sz002517,恺英网络,2025-09-15 13:58:48,25.61,8300,25.59,U
sz002517,恺英网络,2025-09-15 13:58:51,25.61,9800,25.61,U
sz002517,恺英网络,2025-09-15 13:58:57,25.59,12100,25.6,D
sz002517,恺英网络,2025-09-15 13:59:12,25.6,10100,25.6,D
sz002517,恺英网络,2025-09-15 13:59:33,25.6,13600,25.6,D
sz002517,恺英网络,2025-09-15 13:59:51,25.59,10300,25.59,D
sz002517,恺英网络,2025-09-15 13:59:57,25.59,12200,25.59,D
sz002517,恺英网络,2025-09-15 14:00:03,25.59,20000,25.59,D
sz002517,恺英网络,2025-09-15 14:00:12,25.58,11200,25.59,D
sz002517,恺英网络,2025-09-15 14:00:30,25.57,12400,25.58,D
sz002517,恺英网络,2025-09-15 14:00:33,25.56,20800,25.57,D
sz002517,恺英网络,2025-09-15 14:00:51,25.53,67700,25.55,D
sz002517,恺英网络,2025-09-15 14:01:03,25.53,26900,25.55,D
sz002517,恺英网络,2025-09-15 14:01:06,25.52,13900,25.53,D
sz002517,恺英网络,2025-09-15 14:01:12,25.51,14800,25.52,D
sz002517,恺英网络,2025-09-15 14:01:18,25.52,9100,25.52,U
sz002517,恺英网络,2025-09-15 14:01:51,25.53,22600,25.52,U
sz002517,恺英网络,2025-09-15 14:01:54,25.52,23400,25.53,E
sz002517,恺英网络,2025-09-15 14:01:57,25.51,10500,25.52,E
sz002517,恺英网络,2025-09-15 14:02:00,25.5,14900,25.51,D
sz002517,恺英网络,2025-09-15 14:02:03,25.5,56200,25.5,D
sz002517,恺英网络,2025-09-15 14:02:12,25.46,9400,25.47,D
sz002517,恺英网络,2025-09-15 14:02:39,25.41,10700,25.43,D
sz002517,恺英网络,2025-09-15 14:02:51,25.41,13600,25.41,D
sz002517,恺英网络,2025-09-15 14:02:54,25.41,9100,25.41,D
sz002517,恺英网络,2025-09-15 14:02:57,25.41,9900,25.41,D
sz002517,恺英网络,2025-09-15 14:03:00,25.4,23900,25.41,D
sz002517,恺英网络,2025-09-15 14:03:03,25.43,95900,25.4,U
sz002517,恺英网络,2025-09-15 14:03:06,25.46,8300,25.43,U
sz002517,恺英网络,2025-09-15 14:03:09,25.46,35100,25.46,U
sz002517,恺英网络,2025-09-15 14:03:12,25.55,30400,25.46,U
sz002517,恺英网络,2025-09-15 14:03:15,25.59,18300,25.55,U
sz002517,恺英网络,2025-09-15 14:03:18,25.54,25200,25.59,D
sz002517,恺英网络,2025-09-15 14:03:21,25.6,14300,25.54,U
sz002517,恺英网络,2025-09-15 14:03:30,25.6,14200,25.58,U
sz002517,恺英网络,2025-09-15 14:03:48,25.59,12500,25.6,D
sz002517,恺英网络,2025-09-15 14:03:51,25.6,11000,25.59,U
sz002517,恺英网络,2025-09-15 14:03:54,25.59,21500,25.6,D
sz002517,恺英网络,2025-09-15 14:04:06,25.58,14100,25.59,D
sz002517,恺英网络,2025-09-15 14:04:09,25.58,19900,25.58,D
sz002517,恺英网络,2025-09-15 14:04:21,25.57,40800,25.58,D
sz002517,恺英网络,2025-09-15 14:04:24,25.58,28500,25.57,U
sz002517,恺英网络,2025-09-15 14:04:36,25.58,11300,25.55,U
sz002517,恺英网络,2025-09-15 14:04:39,25.54,21200,25.58,D
sz002517,恺英网络,2025-09-15 14:04:42,25.48,15800,25.54,D
sz002517,恺英网络,2025-09-15 14:04:51,25.52,10900,25.55,D
sz002517,恺英网络,2025-09-15 14:05:00,25.52,8800,25.52,U
sz002517,恺英网络,2025-09-15 14:05:03,25.54,10300,25.52,U
sz002517,恺英网络,2025-09-15 14:05:12,25.53,8100,25.53,D
sz002517,恺英网络,2025-09-15 14:05:18,25.54,14700,25.53,U
sz002517,恺英网络,2025-09-15 14:05:24,25.53,12900,25.56,D
sz002517,恺英网络,2025-09-15 14:05:27,25.53,8400,25.53,D
sz002517,恺英网络,2025-09-15 14:05:30,25.53,11100,25.53,D
sz002517,恺英网络,2025-09-15 14:05:42,25.52,16300,25.53,D
sz002517,恺英网络,2025-09-15 14:05:45,25.51,8600,25.52,D
sz002517,恺英网络,2025-09-15 14:05:57,25.52,12200,25.51,U
sz002517,恺英网络,2025-09-15 14:06:18,25.52,17000,25.5,U
sz002517,恺英网络,2025-09-15 14:06:21,25.51,12400,25.52,D
sz002517,恺英网络,2025-09-15 14:06:24,25.46,44000,25.51,D
sz002517,恺英网络,2025-09-15 14:06:27,25.48,8100,25.46,E
sz002517,恺英网络,2025-09-15 14:06:30,25.54,40700,25.48,U
sz002517,恺英网络,2025-09-15 14:06:33,25.52,15600,25.54,D
sz002517,恺英网络,2025-09-15 14:06:42,25.52,10600,25.53,D
sz002517,恺英网络,2025-09-15 14:06:57,25.52,12600,25.55,D
sz002517,恺英网络,2025-09-15 14:07:03,25.56,8900,25.56,U
sz002517,恺英网络,2025-09-15 14:07:12,25.55,10400,25.55,U
sz002517,恺英网络,2025-09-15 14:07:15,25.54,10200,25.55,D
sz002517,恺英网络,2025-09-15 14:07:18,25.55,15900,25.54,U
sz002517,恺英网络,2025-09-15 14:07:21,25.55,26900,25.55,U
sz002517,恺英网络,2025-09-15 14:07:24,25.57,25300,25.55,U
sz002517,恺英网络,2025-09-15 14:07:27,25.58,10200,25.57,U
sz002517,恺英网络,2025-09-15 14:07:33,25.58,8600,25.58,U
sz002517,恺英网络,2025-09-15 14:07:36,25.58,20700,25.58,U
sz002517,恺英网络,2025-09-15 14:07:39,25.59,9700,25.58,U
sz002517,恺英网络,2025-09-15 14:08:00,25.58,9600,25.58,U
sz002517,恺英网络,2025-09-15 14:08:03,25.58,14600,25.58,U
sz002517,恺英网络,2025-09-15 14:08:12,25.58,9500,25.58,U
sz002517,恺英网络,2025-09-15 14:08:21,25.57,9000,25.58,D
sz002517,恺英网络,2025-09-15 14:08:33,25.56,8200,25.56,D
sz002517,恺英网络,2025-09-15 14:09:21,25.56,8400,25.57,D
sz002517,恺英网络,2025-09-15 14:09:30,25.57,15700,25.58,D
sz002517,恺英网络,2025-09-15 14:09:33,25.57,12900,25.57,D
sz002517,恺英网络,2025-09-15 14:09:45,25.58,54700,25.57,U
sz002517,恺英网络,2025-09-15 14:09:48,25.59,48300,25.58,U
sz002517,恺英网络,2025-09-15 14:09:51,25.58,14100,25.59,E
sz002517,恺英网络,2025-09-15 14:09:54,25.6,18200,25.58,U
sz002517,恺英网络,2025-09-15 14:10:09,25.58,18800,25.58,D
sz002517,恺英网络,2025-09-15 14:10:18,25.59,8200,25.59,D
sz002517,恺英网络,2025-09-15 14:10:21,25.6,15000,25.59,U
sz002517,恺英网络,2025-09-15 14:10:27,25.6,9200,25.59,U
sz002517,恺英网络,2025-09-15 14:10:36,25.62,81500,25.6,U
sz002517,恺英网络,2025-09-15 14:10:45,25.61,74500,25.6,U
sz002517,恺英网络,2025-09-15 14:11:00,25.59,14500,25.61,D
sz002517,恺英网络,2025-09-15 14:11:12,25.62,9000,25.61,U
sz002517,恺英网络,2025-09-15 14:11:18,25.62,14000,25.62,U
sz002517,恺英网络,2025-09-15 14:11:30,25.61,11000,25.61,U
sz002517,恺英网络,2025-09-15 14:11:48,25.62,15800,25.61,U
sz002517,恺英网络,2025-09-15 14:11:57,25.63,19700,25.63,U
sz002517,恺英网络,2025-09-15 14:12:03,25.63,8200,25.62,U
sz002517,恺英网络,2025-09-15 14:12:12,25.62,15600,25.62,D
sz002517,恺英网络,2025-09-15 14:12:24,25.62,76600,25.63,D
sz002517,恺英网络,2025-09-15 14:12:30,25.62,16600,25.62,D
sz002517,恺英网络,2025-09-15 14:12:36,25.62,9300,25.62,U
sz002517,恺英网络,2025-09-15 14:12:51,25.62,8900,25.61,U
sz002517,恺英网络,2025-09-15 14:12:57,25.62,24100,25.62,U
sz002517,恺英网络,2025-09-15 14:13:03,25.63,62000,25.62,U
sz002517,恺英网络,2025-09-15 14:13:06,25.63,28500,25.63,D
sz002517,恺英网络,2025-09-15 14:13:09,25.64,8100,25.63,U
sz002517,恺英网络,2025-09-15 14:13:15,25.64,17000,25.63,U
sz002517,恺英网络,2025-09-15 14:13:18,25.64,37700,25.64,U
sz002517,恺英网络,2025-09-15 14:13:30,25.64,11300,25.64,U
sz002517,恺英网络,2025-09-15 14:14:27,25.64,15900,25.63,U
sz002517,恺英网络,2025-09-15 14:14:36,25.64,26200,25.64,D
sz002517,恺英网络,2025-09-15 14:14:51,25.64,23500,25.65,E
sz002517,恺英网络,2025-09-15 14:14:57,25.65,23200,25.64,U
sz002517,恺英网络,2025-09-15 14:15:06,25.64,34700,25.65,D
sz002517,恺英网络,2025-09-15 14:15:12,25.64,18700,25.64,U
sz002517,恺英网络,2025-09-15 14:15:42,25.63,24400,25.64,D
sz002517,恺英网络,2025-09-15 14:15:51,25.61,106900,25.63,D
sz002517,恺英网络,2025-09-15 14:16:03,25.61,53200,25.61,D
sz002517,恺英网络,2025-09-15 14:16:09,25.6,8300,25.6,D
sz002517,恺英网络,2025-09-15 14:16:21,25.6,17000,25.6,D
sz002517,恺英网络,2025-09-15 14:16:39,25.6,35000,25.6,D
sz002517,恺英网络,2025-09-15 14:16:42,25.61,10100,25.6,U
sz002517,恺英网络,2025-09-15 14:16:51,25.59,40400,25.59,D
sz002517,恺英网络,2025-09-15 14:16:57,25.6,18400,25.58,U
sz002517,恺英网络,2025-09-15 14:17:12,25.59,12200,25.59,D
sz002517,恺英网络,2025-09-15 14:17:21,25.61,26400,25.6,U
sz002517,恺英网络,2025-09-15 14:17:24,25.61,10200,25.61,U
sz002517,恺英网络,2025-09-15 14:17:42,25.6,21900,25.6,D
sz002517,恺英网络,2025-09-15 14:17:45,25.6,8200,25.6,D
sz002517,恺英网络,2025-09-15 14:17:54,25.6,50600,25.6,D
sz002517,恺英网络,2025-09-15 14:18:03,25.59,8900,25.59,D
sz002517,恺英网络,2025-09-15 14:18:12,25.59,8900,25.59,D
sz002517,恺英网络,2025-09-15 14:18:18,25.59,63300,25.59,D
sz002517,恺英网络,2025-09-15 14:18:24,25.58,13000,25.59,D
sz002517,恺英网络,2025-09-15 14:18:33,25.58,18500,25.58,D
sz002517,恺英网络,2025-09-15 14:18:48,25.6,81700,25.58,U
sz002517,恺英网络,2025-09-15 14:18:57,25.6,10300,25.6,D
sz002517,恺英网络,2025-09-15 14:19:00,25.6,157236,25.6,D
sz002517,恺英网络,2025-09-15 14:19:06,25.6,9200,25.6,U
sz002517,恺英网络,2025-09-15 14:19:12,25.59,27864,25.6,D
sz002517,恺英网络,2025-09-15 14:19:18,25.58,13436,25.58,D
sz002517,恺英网络,2025-09-15 14:19:27,25.6,25700,25.59,U
sz002517,恺英网络,2025-09-15 14:19:33,25.61,54300,25.6,U
sz002517,恺英网络,2025-09-15 14:19:51,25.6,14200,25.59,U
sz002517,恺英网络,2025-09-15 14:19:54,25.59,11000,25.6,D
sz002517,恺英网络,2025-09-15 14:20:48,25.58,11400,25.58,D
sz002517,恺英网络,2025-09-15 14:20:54,25.58,19500,25.58,D
sz002517,恺英网络,2025-09-15 14:20:57,25.58,10200,25.58,U
sz002517,恺英网络,2025-09-15 14:21:06,25.58,12900,25.58,U
sz002517,恺英网络,2025-09-15 14:21:39,25.57,8900,25.57,D
sz002517,恺英网络,2025-09-15 14:21:54,25.58,45300,25.58,U
sz002517,恺英网络,2025-09-15 14:21:57,25.57,9700,25.58,D
sz002517,恺英网络,2025-09-15 14:22:15,25.57,16600,25.56,U
sz002517,恺英网络,2025-09-15 14:22:24,25.56,12000,25.56,D
sz002517,恺英网络,2025-09-15 14:22:45,25.55,19200,25.55,D
sz002517,恺英网络,2025-09-15 14:22:51,25.55,9000,25.55,D
sz002517,恺英网络,2025-09-15 14:23:03,25.54,82800,25.54,D
sz002517,恺英网络,2025-09-15 14:23:12,25.53,9800,25.53,D
sz002517,恺英网络,2025-09-15 14:23:21,25.53,16300,25.53,D
sz002517,恺英网络,2025-09-15 14:23:27,25.54,9400,25.53,U
sz002517,恺英网络,2025-09-15 14:23:33,25.54,13800,25.53,U
sz002517,恺英网络,2025-09-15 14:23:42,25.52,19600,25.53,D
sz002517,恺英网络,2025-09-15 14:24:06,25.52,13800,25.52,D
sz002517,恺英网络,2025-09-15 14:24:09,25.52,9100,25.52,D
sz002517,恺英网络,2025-09-15 14:24:12,25.52,7900,25.52,D
sz002517,恺英网络,2025-09-15 14:24:48,25.51,8500,25.52,D
sz002517,恺英网络,2025-09-15 14:24:51,25.51,12000,25.51,D
sz002517,恺英网络,2025-09-15 14:25:00,25.52,13500,25.51,U
sz002517,恺英网络,2025-09-15 14:25:06,25.51,8300,25.52,D
sz002517,恺英网络,2025-09-15 14:25:18,25.52,10500,25.51,U
sz002517,恺英网络,2025-09-15 14:25:42,25.51,30900,25.51,D
sz002517,恺英网络,2025-09-15 14:25:45,25.53,32400,25.51,U
sz002517,恺英网络,2025-09-15 14:25:48,25.53,25000,25.53,U
sz002517,恺英网络,2025-09-15 14:26:03,25.53,15900,25.53,D
sz002517,恺英网络,2025-09-15 14:26:18,25.53,37000,25.53,D
sz002517,恺英网络,2025-09-15 14:26:42,25.55,17100,25.54,U
sz002517,恺英网络,2025-09-15 14:27:15,25.55,14900,25.56,D
sz002517,恺英网络,2025-09-15 14:27:24,25.56,10500,25.56,U
sz002517,恺英网络,2025-09-15 14:27:36,25.55,10500,25.56,D
sz002517,恺英网络,2025-09-15 14:27:48,25.56,10600,25.56,U
sz002517,恺英网络,2025-09-15 14:27:57,25.56,53900,25.55,U
sz002517,恺英网络,2025-09-15 14:28:30,25.55,9600,25.54,U
sz002517,恺英网络,2025-09-15 14:28:45,25.54,16900,25.54,D
sz002517,恺英网络,2025-09-15 14:29:09,25.54,8100,25.54,U
sz002517,恺英网络,2025-09-15 14:29:27,25.53,11700,25.54,D
sz002517,恺英网络,2025-09-15 14:30:12,25.54,9500,25.54,U
sz002517,恺英网络,2025-09-15 14:30:15,25.54,62500,25.54,U
sz002517,恺英网络,2025-09-15 14:30:24,25.54,9025,25.52,U
sz002517,恺英网络,2025-09-15 14:30:27,25.53,9675,25.54,D
sz002517,恺英网络,2025-09-15 14:30:57,25.52,12100,25.53,D
sz002517,恺英网络,2025-09-15 14:31:03,25.52,11300,25.52,D
sz002517,恺英网络,2025-09-15 14:31:21,25.53,34925,25.53,U
sz002517,恺英网络,2025-09-15 14:31:33,25.52,32200,25.53,D
sz002517,恺英网络,2025-09-15 14:31:42,25.52,9900,25.52,D
sz002517,恺英网络,2025-09-15 14:31:54,25.53,11600,25.53,U
sz002517,恺英网络,2025-09-15 14:32:00,25.51,12900,25.53,D
sz002517,恺英网络,2025-09-15 14:32:33,25.52,11900,25.52,D
sz002517,恺英网络,2025-09-15 14:32:42,25.51,12300,25.52,D
sz002517,恺英网络,2025-09-15 14:32:51,25.52,10300,25.52,U
sz002517,恺英网络,2025-09-15 14:32:54,25.51,15500,25.52,D
sz002517,恺英网络,2025-09-15 14:32:57,25.52,25100,25.51,U
sz002517,恺英网络,2025-09-15 14:33:00,25.5,14200,25.52,D
sz002517,恺英网络,2025-09-15 14:33:06,25.5,10100,25.5,D
sz002517,恺英网络,2025-09-15 14:33:15,25.51,15000,25.5,U
sz002517,恺英网络,2025-09-15 14:33:18,25.5,19300,25.51,D
sz002517,恺英网络,2025-09-15 14:33:21,25.51,34300,25.5,E
sz002517,恺英网络,2025-09-15 14:33:24,25.55,20900,25.51,U
sz002517,恺英网络,2025-09-15 14:33:27,25.52,16800,25.55,D
sz002517,恺英网络,2025-09-15 14:34:00,25.54,11100,25.54,U
sz002517,恺英网络,2025-09-15 14:34:24,25.54,8500,25.54,D
sz002517,恺英网络,2025-09-15 14:34:48,25.53,12800,25.53,D
sz002517,恺英网络,2025-09-15 14:34:51,25.54,8100,25.53,U
sz002517,恺英网络,2025-09-15 14:35:00,25.53,15400,25.54,D
sz002517,恺英网络,2025-09-15 14:35:03,25.52,19000,25.53,D
sz002517,恺英网络,2025-09-15 14:35:09,25.53,23500,25.52,U
sz002517,恺英网络,2025-09-15 14:35:15,25.52,12200,25.52,D
sz002517,恺英网络,2025-09-15 14:35:21,25.52,15500,25.52,D
sz002517,恺英网络,2025-09-15 14:35:36,25.52,14000,25.53,D
sz002517,恺英网络,2025-09-15 14:35:48,25.51,12900,25.51,D
sz002517,恺英网络,2025-09-15 14:35:54,25.52,18200,25.51,U
sz002517,恺英网络,2025-09-15 14:35:57,25.51,9000,25.52,D
sz002517,恺英网络,2025-09-15 14:36:30,25.51,15600,25.52,D
sz002517,恺英网络,2025-09-15 14:36:39,25.51,8400,25.51,D
sz002517,恺英网络,2025-09-15 14:36:42,25.51,11300,25.51,D
sz002517,恺英网络,2025-09-15 14:36:48,25.5,12500,25.51,D
sz002517,恺英网络,2025-09-15 14:36:54,25.51,10500,25.51,U
sz002517,恺英网络,2025-09-15 14:36:57,25.51,17300,25.51,U
sz002517,恺英网络,2025-09-15 14:37:00,25.52,16000,25.51,U
sz002517,恺英网络,2025-09-15 14:37:03,25.5,15100,25.52,D
sz002517,恺英网络,2025-09-15 14:37:30,25.52,14300,25.52,U
sz002517,恺英网络,2025-09-15 14:37:33,25.51,8600,25.52,U
sz002517,恺英网络,2025-09-15 14:37:45,25.51,12000,25.51,U
sz002517,恺英网络,2025-09-15 14:37:48,25.51,11700,25.51,U
sz002517,恺英网络,2025-09-15 14:37:51,25.51,53200,25.51,U
sz002517,恺英网络,2025-09-15 14:37:54,25.52,55800,25.51,U
sz002517,恺英网络,2025-09-15 14:37:57,25.5,14000,25.52,D
sz002517,恺英网络,2025-09-15 14:38:06,25.51,8500,25.51,U
sz002517,恺英网络,2025-09-15 14:38:27,25.5,17500,25.5,D
sz002517,恺英网络,2025-09-15 14:39:09,25.49,14600,25.5,D
sz002517,恺英网络,2025-09-15 14:39:12,25.49,12300,25.49,D
sz002517,恺英网络,2025-09-15 14:39:18,25.49,8100,25.49,D
sz002517,恺英网络,2025-09-15 14:39:42,25.49,36600,25.5,D
sz002517,恺英网络,2025-09-15 14:39:57,25.5,13600,25.49,U
sz002517,恺英网络,2025-09-15 14:40:06,25.49,10300,25.49,D
sz002517,恺英网络,2025-09-15 14:40:42,25.48,14900,25.48,D
sz002517,恺英网络,2025-09-15 14:40:45,25.48,26300,25.48,D
sz002517,恺英网络,2025-09-15 14:41:00,25.47,22400,25.47,D
sz002517,恺英网络,2025-09-15 14:41:18,25.45,18600,25.45,D
sz002517,恺英网络,2025-09-15 14:41:30,25.43,30400,25.43,U
sz002517,恺英网络,2025-09-15 14:41:48,25.41,8100,25.41,D
sz002517,恺英网络,2025-09-15 14:41:54,25.4,10900,25.41,D
sz002517,恺英网络,2025-09-15 14:42:00,25.39,17300,25.4,D
sz002517,恺英网络,2025-09-15 14:42:03,25.39,16500,25.39,D
sz002517,恺英网络,2025-09-15 14:42:06,25.39,38550,25.39,D
sz002517,恺英网络,2025-09-15 14:42:09,25.39,29450,25.39,U
sz002517,恺英网络,2025-09-15 14:42:15,25.39,11850,25.38,D
sz002517,恺英网络,2025-09-15 14:42:18,25.39,15400,25.39,D
sz002517,恺英网络,2025-09-15 14:42:21,25.39,9300,25.39,U
sz002517,恺英网络,2025-09-15 14:42:30,25.38,16500,25.38,U
sz002517,恺英网络,2025-09-15 14:42:33,25.36,10100,25.38,D
sz002517,恺英网络,2025-09-15 14:42:36,25.36,15800,25.36,D
sz002517,恺英网络,2025-09-15 14:42:45,25.35,32200,25.36,D
sz002517,恺英网络,2025-09-15 14:42:48,25.36,20300,25.35,U
sz002517,恺英网络,2025-09-15 14:42:51,25.35,10000,25.36,D
sz002517,恺英网络,2025-09-15 14:42:54,25.35,22000,25.35,D
sz002517,恺英网络,2025-09-15 14:42:57,25.35,130500,25.35,E
sz002517,恺英网络,2025-09-15 14:43:00,25.39,16168,25.35,U
sz002517,恺英网络,2025-09-15 14:43:03,25.35,9400,25.39,D
sz002517,恺英网络,2025-09-15 14:43:06,25.38,12300,25.35,U
sz002517,恺英网络,2025-09-15 14:43:09,25.39,51700,25.38,U
sz002517,恺英网络,2025-09-15 14:43:12,25.39,12000,25.39,U
sz002517,恺英网络,2025-09-15 14:43:15,25.39,25600,25.39,D
sz002517,恺英网络,2025-09-15 14:43:18,25.39,15200,25.39,D
sz002517,恺英网络,2025-09-15 14:43:27,25.39,34200,25.4,D
sz002517,恺英网络,2025-09-15 14:43:30,25.39,15400,25.39,D
sz002517,恺英网络,2025-09-15 14:43:48,25.39,10100,25.39,U
sz002517,恺英网络,2025-09-15 14:43:57,25.39,22500,25.38,U
sz002517,恺英网络,2025-09-15 14:44:00,25.38,12200,25.39,D
sz002517,恺英网络,2025-09-15 14:44:09,25.38,8500,25.37,U
sz002517,恺英网络,2025-09-15 14:44:21,25.37,36300,25.38,D
sz002517,恺英网络,2025-09-15 14:44:39,25.36,8200,25.37,D
sz002517,恺英网络,2025-09-15 14:44:42,25.36,20200,25.36,D
sz002517,恺英网络,2025-09-15 14:44:48,25.36,8600,25.37,D
sz002517,恺英网络,2025-09-15 14:44:57,25.37,10600,25.36,U
sz002517,恺英网络,2025-09-15 14:45:00,25.36,16700,25.37,U
sz002517,恺英网络,2025-09-15 14:45:06,25.36,9200,25.36,U
sz002517,恺英网络,2025-09-15 14:45:09,25.36,13500,25.36,U
sz002517,恺英网络,2025-09-15 14:45:18,25.35,15600,25.36,D
sz002517,恺英网络,2025-09-15 14:45:27,25.34,12900,25.35,D
sz002517,恺英网络,2025-09-15 14:45:33,25.35,9100,25.34,U
sz002517,恺英网络,2025-09-15 14:45:36,25.34,28900,25.35,D
sz002517,恺英网络,2025-09-15 14:45:48,25.33,8600,25.33,D
sz002517,恺英网络,2025-09-15 14:45:57,25.32,23700,25.32,D
sz002517,恺英网络,2025-09-15 14:46:00,25.32,26800,25.32,D
sz002517,恺英网络,2025-09-15 14:46:03,25.33,18200,25.32,E
sz002517,恺英网络,2025-09-15 14:46:06,25.35,40200,25.33,U
sz002517,恺英网络,2025-09-15 14:46:09,25.34,18600,25.35,E
sz002517,恺英网络,2025-09-15 14:46:18,25.34,25500,25.34,D
sz002517,恺英网络,2025-09-15 14:46:27,25.33,11200,25.33,D
sz002517,恺英网络,2025-09-15 14:46:36,25.32,19900,25.33,D
sz002517,恺英网络,2025-09-15 14:46:39,25.32,13700,25.32,D
sz002517,恺英网络,2025-09-15 14:46:42,25.32,15900,25.32,D
sz002517,恺英网络,2025-09-15 14:46:48,25.34,27200,25.32,U
sz002517,恺英网络,2025-09-15 14:46:51,25.35,40600,25.34,U
sz002517,恺英网络,2025-09-15 14:46:54,25.33,11900,25.35,D
sz002517,恺英网络,2025-09-15 14:47:00,25.34,11400,25.34,U
sz002517,恺英网络,2025-09-15 14:47:12,25.34,8000,25.34,U
sz002517,恺英网络,2025-09-15 14:47:15,25.35,13500,25.34,U
sz002517,恺英网络,2025-09-15 14:47:18,25.33,10300,25.35,D
sz002517,恺英网络,2025-09-15 14:47:21,25.34,9000,25.33,U
sz002517,恺英网络,2025-09-15 14:47:24,25.34,19300,25.34,D
sz002517,恺英网络,2025-09-15 14:47:27,25.34,39800,25.34,D
sz002517,恺英网络,2025-09-15 14:47:30,25.34,28300,25.34,U
