symbol,name,ticktime,price,volume,prev_price,kind
sz002517,恺英网络,2025-09-17 09:25:00,25.7,136900,0.0,U
sz002517,恺英网络,2025-09-17 09:30:00,25.65,48500,25.7,D
sz002517,恺英网络,2025-09-17 09:30:03,25.68,247100,25.65,U
sz002517,恺英网络,2025-09-17 09:30:06,25.69,82200,25.68,U
sz002517,恺英网络,2025-09-17 09:30:09,25.69,33900,25.69,D
sz002517,恺英网络,2025-09-17 09:30:15,25.95,44600,25.88,U
sz002517,恺英网络,2025-09-17 09:30:18,26.02,51700,25.95,U
sz002517,恺英网络,2025-09-17 09:30:21,26.09,36100,26.02,U
sz002517,恺英网络,2025-09-17 09:30:24,26.09,29900,26.09,U
sz002517,恺英网络,2025-09-17 09:30:27,26.09,46400,26.09,U
sz002517,恺英网络,2025-09-17 09:30:30,26.09,43700,26.09,U
sz002517,恺英网络,2025-09-17 09:30:33,26.08,32600,26.09,D
sz002517,恺英网络,2025-09-17 09:30:36,25.95,12800,26.08,D
sz002517,恺英网络,2025-09-17 09:30:39,25.89,15700,25.95,E
sz002517,恺英网络,2025-09-17 09:30:42,25.88,53400,25.89,D
sz002517,恺英网络,2025-09-17 09:30:45,25.88,80300,25.88,U
sz002517,恺英网络,2025-09-17 09:30:48,25.86,25900,25.88,E
sz002517,恺英网络,2025-09-17 09:30:51,25.89,16500,25.86,U
sz002517,恺英网络,2025-09-17 09:30:54,25.91,10400,25.89,U
sz002517,恺英网络,2025-09-17 09:30:57,26.08,82000,25.91,U
sz002517,恺英网络,2025-09-17 09:31:00,26.08,18900,26.08,U
sz002517,恺英网络,2025-09-17 09:31:03,26.02,64000,26.08,D
sz002517,恺英网络,2025-09-17 09:31:06,25.89,42400,26.02,D
sz002517,恺英网络,2025-09-17 09:31:09,25.93,41900,25.89,U
sz002517,恺英网络,2025-09-17 09:31:12,25.92,20600,25.93,D
sz002517,恺英网络,2025-09-17 09:31:15,25.86,49200,25.92,D
sz002517,恺英网络,2025-09-17 09:31:21,25.82,57300,25.8,U
sz002517,恺英网络,2025-09-17 09:31:24,25.83,60600,25.82,E
sz002517,恺英网络,2025-09-17 09:31:27,25.87,28500,25.83,U
sz002517,恺英网络,2025-09-17 09:31:30,25.86,28900,25.87,D
sz002517,恺英网络,2025-09-17 09:31:33,25.86,90200,25.86,U
sz002517,恺英网络,2025-09-17 09:31:36,25.94,37000,25.86,U
sz002517,恺英网络,2025-09-17 09:31:39,25.89,12800,25.94,D
sz002517,恺英网络,2025-09-17 09:31:42,25.88,11300,25.89,D
sz002517,恺英网络,2025-09-17 09:31:45,25.85,9100,25.88,D
sz002517,恺英网络,2025-09-17 09:31:48,25.84,8000,25.85,D
sz002517,恺英网络,2025-09-17 09:31:51,25.83,17600,25.84,D
sz002517,恺英网络,2025-09-17 09:31:54,25.8,15600,25.83,D
sz002517,恺英网络,2025-09-17 09:31:57,25.8,38000,25.8,E
sz002517,恺英网络,2025-09-17 09:32:00,25.79,13900,25.8,D
sz002517,恺英网络,2025-09-17 09:32:03,25.81,42800,25.79,U
sz002517,恺英网络,2025-09-17 09:32:06,25.89,74100,25.81,U
sz002517,恺英网络,2025-09-17 09:32:09,25.88,11700,25.89,D
sz002517,恺英网络,2025-09-17 09:32:12,25.85,10800,25.88,D
sz002517,恺英网络,2025-09-17 09:32:15,25.84,8600,25.85,D
sz002517,恺英网络,2025-09-17 09:32:21,25.82,27700,25.83,D
sz002517,恺英网络,2025-09-17 09:32:24,25.85,11800,25.82,U
sz002517,恺英网络,2025-09-17 09:32:33,25.89,28900,25.88,U
sz002517,恺英网络,2025-09-17 09:32:36,25.88,27300,25.89,U
sz002517,恺英网络,2025-09-17 09:32:39,25.88,35000,25.88,U
sz002517,恺英网络,2025-09-17 09:32:42,25.84,13500,25.88,D
sz002517,恺英网络,2025-09-17 09:32:45,25.81,13200,25.84,D
sz002517,恺英网络,2025-09-17 09:32:48,25.82,12300,25.81,E
sz002517,恺英网络,2025-09-17 09:32:57,25.82,22300,25.85,E
sz002517,恺英网络,2025-09-17 09:33:03,25.91,41500,25.85,U
sz002517,恺英网络,2025-09-17 09:33:09,25.95,12500,25.92,E
sz002517,恺英网络,2025-09-17 09:33:12,25.93,43500,25.95,D
sz002517,恺英网络,2025-09-17 09:33:15,25.93,17300,25.93,U
sz002517,恺英网络,2025-09-17 09:33:18,25.9,10300,25.93,E
sz002517,恺英网络,2025-09-17 09:33:21,25.92,8700,25.9,U
sz002517,恺英网络,2025-09-17 09:33:24,25.9,22600,25.92,E
sz002517,恺英网络,2025-09-17 09:33:27,25.93,27300,25.9,U
sz002517,恺英网络,2025-09-17 09:33:30,25.98,9300,25.93,U
sz002517,恺英网络,2025-09-17 09:33:39,25.97,30300,25.97,U
sz002517,恺英网络,2025-09-17 09:33:42,25.94,28500,25.97,E
sz002517,恺英网络,2025-09-17 09:33:48,25.95,24400,25.9,U
sz002517,恺英网络,2025-09-17 09:33:51,25.91,10600,25.95,E
sz002517,恺英网络,2025-09-17 09:33:57,25.95,26800,25.92,U
sz002517,恺英网络,2025-09-17 09:34:00,25.87,47600,25.95,D
sz002517,恺英网络,2025-09-17 09:34:06,25.83,8600,25.87,D
sz002517,恺英网络,2025-09-17 09:34:09,25.85,145200,25.83,E
sz002517,恺英网络,2025-09-17 09:34:15,25.87,17200,25.83,E
sz002517,恺英网络,2025-09-17 09:34:21,25.87,8900,25.87,U
sz002517,恺英网络,2025-09-17 09:34:27,25.85,22300,25.87,D
sz002517,恺英网络,2025-09-17 09:34:30,25.84,11300,25.85,E
sz002517,恺英网络,2025-09-17 09:34:33,25.89,37600,25.84,U
sz002517,恺英网络,2025-09-17 09:34:36,25.92,18623,25.89,U
sz002517,恺英网络,2025-09-17 09:34:39,25.93,26400,25.92,U
sz002517,恺英网络,2025-09-17 09:34:42,25.93,34900,25.93,D
sz002517,恺英网络,2025-09-17 09:34:45,25.93,37600,25.93,D
sz002517,恺英网络,2025-09-17 09:34:48,25.96,33600,25.93,E
sz002517,恺英网络,2025-09-17 09:34:51,26.0,47100,25.96,U
sz002517,恺英网络,2025-09-17 09:34:54,26.06,22500,26.0,U
sz002517,恺英网络,2025-09-17 09:35:00,26.06,24100,26.08,E
sz002517,恺英网络,2025-09-17 09:35:03,26.08,37700,26.06,U
sz002517,恺英网络,2025-09-17 09:35:06,26.07,9500,26.08,E
sz002517,恺英网络,2025-09-17 09:35:09,26.07,9300,26.07,E
sz002517,恺英网络,2025-09-17 09:35:12,26.06,9700,26.07,E
sz002517,恺英网络,2025-09-17 09:35:15,26.04,39000,26.06,D
sz002517,恺英网络,2025-09-17 09:35:21,26.01,19300,26.01,D
sz002517,恺英网络,2025-09-17 09:35:24,26.01,34700,26.01,D
sz002517,恺英网络,2025-09-17 09:35:27,26.01,11400,26.01,E
sz002517,恺英网络,2025-09-17 09:35:30,26.0,9200,26.01,D
sz002517,恺英网络,2025-09-17 09:35:33,25.98,9500,26.0,D
sz002517,恺英网络,2025-09-17 09:35:36,25.96,10200,25.98,D
sz002517,恺英网络,2025-09-17 09:35:39,26.0,8200,25.96,U
sz002517,恺英网络,2025-09-17 09:35:51,25.96,23200,26.0,D
sz002517,恺英网络,2025-09-17 09:35:57,26.0,8100,25.98,U
sz002517,恺英网络,2025-09-17 09:36:03,26.0,9200,26.01,D
sz002517,恺英网络,2025-09-17 09:36:09,26.0,34000,26.0,D
sz002517,恺英网络,2025-09-17 09:36:12,25.99,10200,26.0,D
sz002517,恺英网络,2025-09-17 09:36:15,25.98,28300,25.99,D
sz002517,恺英网络,2025-09-17 09:36:18,25.99,22900,25.98,U
sz002517,恺英网络,2025-09-17 09:36:27,25.98,7900,25.97,U
sz002517,恺英网络,2025-09-17 09:36:36,25.92,11400,25.97,D
sz002517,恺英网络,2025-09-17 09:36:39,25.97,10300,25.92,U
sz002517,恺英网络,2025-09-17 09:36:45,25.91,12100,25.95,D
sz002517,恺英网络,2025-09-17 09:36:54,25.88,33700,25.91,D
sz002517,恺英网络,2025-09-17 09:37:00,25.89,15500,25.88,E
sz002517,恺英网络,2025-09-17 09:37:06,25.88,52400,25.9,D
sz002517,恺英网络,2025-09-17 09:37:33,25.87,28800,25.88,D
sz002517,恺英网络,2025-09-17 09:37:36,25.88,13400,25.87,E
sz002517,恺英网络,2025-09-17 09:37:51,25.88,12500,25.87,U
sz002517,恺英网络,2025-09-17 09:38:18,25.94,55500,25.95,E
sz002517,恺英网络,2025-09-17 09:38:24,25.94,15200,25.93,U
sz002517,恺英网络,2025-09-17 09:38:30,25.88,8700,25.94,D
sz002517,恺英网络,2025-09-17 09:38:36,25.93,13600,25.94,E
sz002517,恺英网络,2025-09-17 09:38:39,25.9,20600,25.93,D
sz002517,恺英网络,2025-09-17 09:38:45,25.88,8600,25.93,D
sz002517,恺英网络,2025-09-17 09:38:48,25.93,14000,25.88,U
sz002517,恺英网络,2025-09-17 09:38:51,25.91,31800,25.93,E
sz002517,恺英网络,2025-09-17 09:38:54,25.95,13077,25.91,U
sz002517,恺英网络,2025-09-17 09:39:00,25.95,11000,25.97,D
sz002517,恺英网络,2025-09-17 09:39:03,26.0,37000,25.95,U
sz002517,恺英网络,2025-09-17 09:39:06,25.98,11700,26.0,D
sz002517,恺英网络,2025-09-17 09:39:12,26.0,7800,26.01,U
sz002517,恺英网络,2025-09-17 09:39:18,25.98,8900,26.0,D
sz002517,恺英网络,2025-09-17 09:39:21,25.96,11300,25.98,D
sz002517,恺英网络,2025-09-17 09:39:30,25.97,12700,25.99,D
sz002517,恺英网络,2025-09-17 09:39:33,26.0,30600,25.97,D
sz002517,恺英网络,2025-09-17 09:39:57,26.03,8800,26.02,U
sz002517,恺英网络,2025-09-17 09:40:03,26.02,25200,26.02,D
sz002517,恺英网络,2025-09-17 09:40:06,26.01,15500,26.02,D
sz002517,恺英网络,2025-09-17 09:40:12,26.03,17300,26.03,D
sz002517,恺英网络,2025-09-17 09:40:27,26.04,16400,26.05,D
sz002517,恺英网络,2025-09-17 09:40:30,25.97,195500,26.04,D
sz002517,恺英网络,2025-09-17 09:40:33,25.95,9800,25.97,D
sz002517,恺英网络,2025-09-17 09:40:36,25.95,11000,25.95,D
sz002517,恺英网络,2025-09-17 09:40:45,25.95,14900,25.95,D
sz002517,恺英网络,2025-09-17 09:40:48,25.97,18000,25.95,E
sz002517,恺英网络,2025-09-17 09:41:06,26.0,29200,26.0,U
sz002517,恺英网络,2025-09-17 09:41:15,26.03,12000,26.01,U
sz002517,恺英网络,2025-09-17 09:41:30,26.05,15600,26.03,U
sz002517,恺英网络,2025-09-17 09:41:33,26.0,45700,26.05,D
sz002517,恺英网络,2025-09-17 09:41:36,26.02,16000,26.0,E
sz002517,恺英网络,2025-09-17 09:41:39,26.01,13400,26.02,E
sz002517,恺英网络,2025-09-17 09:41:57,26.0,20700,26.0,D
sz002517,恺英网络,2025-09-17 09:42:00,26.0,8700,26.0,D
sz002517,恺英网络,2025-09-17 09:42:03,26.0,15400,26.0,D
sz002517,恺英网络,2025-09-17 09:42:21,25.98,13600,25.98,D
sz002517,恺英网络,2025-09-17 09:42:27,25.95,10200,25.96,D
sz002517,恺英网络,2025-09-17 09:42:30,25.93,34223,25.95,D
sz002517,恺英网络,2025-09-17 09:42:39,25.93,16900,25.93,D
sz002517,恺英网络,2025-09-17 09:42:42,25.98,23577,25.93,U
sz002517,恺英网络,2025-09-17 09:42:54,25.95,25000,25.95,D
sz002517,恺英网络,2025-09-17 09:42:57,25.97,8900,25.95,U
sz002517,恺英网络,2025-09-17 09:43:00,25.98,23300,25.97,E
sz002517,恺英网络,2025-09-17 09:43:03,25.96,10600,25.98,D
sz002517,恺英网络,2025-09-17 09:43:12,25.99,7900,25.95,U
sz002517,恺英网络,2025-09-17 09:43:24,25.96,20800,25.94,U
sz002517,恺英网络,2025-09-17 09:43:30,25.95,11700,25.95,D
sz002517,恺英网络,2025-09-17 09:43:39,25.95,17900,25.95,D
sz002517,恺英网络,2025-09-17 09:43:45,25.95,15700,25.95,U
sz002517,恺英网络,2025-09-17 09:43:51,25.96,9800,25.96,D
sz002517,恺英网络,2025-09-17 09:43:54,25.92,12500,25.96,D
sz002517,恺英网络,2025-09-17 09:44:00,25.91,12600,25.96,D
sz002517,恺英网络,2025-09-17 09:44:03,25.91,14000,25.91,U
sz002517,恺英网络,2025-09-17 09:44:09,25.84,100100,25.91,D
sz002517,恺英网络,2025-09-17 09:44:12,25.82,58200,25.84,D
sz002517,恺英网络,2025-09-17 09:44:18,25.8,112500,25.81,D
sz002517,恺英网络,2025-09-17 09:44:27,25.81,10700,25.82,D
sz002517,恺英网络,2025-09-17 09:44:39,25.79,33400,25.8,D
sz002517,恺英网络,2025-09-17 09:44:48,25.75,18900,25.75,D
sz002517,恺英网络,2025-09-17 09:44:54,25.74,8300,25.73,E
sz002517,恺英网络,2025-09-17 09:44:57,25.71,123000,25.74,D
sz002517,恺英网络,2025-09-17 09:45:03,25.69,17900,25.68,U
sz002517,恺英网络,2025-09-17 09:45:06,25.69,27800,25.69,D
sz002517,恺英网络,2025-09-17 09:45:15,25.68,46900,25.69,D
sz002517,恺英网络,2025-09-17 09:45:21,25.64,11300,25.68,D
sz002517,恺英网络,2025-09-17 09:45:33,25.66,30800,25.63,U
sz002517,恺英网络,2025-09-17 09:45:36,25.63,46100,25.66,D
sz002517,恺英网络,2025-09-17 09:45:39,25.64,10300,25.63,E
sz002517,恺英网络,2025-09-17 09:45:45,25.65,18600,25.64,E
sz002517,恺英网络,2025-09-17 09:45:48,25.67,13300,25.65,E
sz002517,恺英网络,2025-09-17 09:45:51,25.64,8600,25.67,D
sz002517,恺英网络,2025-09-17 09:45:57,25.66,20700,25.66,U
sz002517,恺英网络,2025-09-17 09:46:03,25.63,9700,25.63,D
sz002517,恺英网络,2025-09-17 09:46:06,25.62,8500,25.63,D
sz002517,恺英网络,2025-09-17 09:46:09,25.61,21800,25.62,D
sz002517,恺英网络,2025-09-17 09:46:15,25.63,18500,25.62,U
sz002517,恺英网络,2025-09-17 09:46:24,25.62,26700,25.62,U
sz002517,恺英网络,2025-09-17 09:46:27,25.62,12900,25.62,U
sz002517,恺英网络,2025-09-17 09:46:30,25.61,24600,25.62,D
sz002517,恺英网络,2025-09-17 09:46:42,25.61,97500,25.61,D
sz002517,恺英网络,2025-09-17 09:46:45,25.61,9800,25.61,U
sz002517,恺英网络,2025-09-17 09:46:48,25.61,26500,25.61,U
sz002517,恺英网络,2025-09-17 09:46:54,25.61,14500,25.61,D
sz002517,恺英网络,2025-09-17 09:47:00,25.61,17100,25.61,U
sz002517,恺英网络,2025-09-17 09:47:03,25.6,18700,25.61,D
sz002517,恺英网络,2025-09-17 09:47:06,25.61,20200,25.6,E
sz002517,恺英网络,2025-09-17 09:47:15,25.61,18500,25.61,D
sz002517,恺英网络,2025-09-17 09:47:36,25.64,8400,25.62,U
sz002517,恺英网络,2025-09-17 09:47:39,25.65,8800,25.64,U
sz002517,恺英网络,2025-09-17 09:47:57,25.66,9600,25.68,D
sz002517,恺英网络,2025-09-17 09:48:00,25.7,25600,25.66,U
sz002517,恺英网络,2025-09-17 09:48:03,25.7,12500,25.7,U
sz002517,恺英网络,2025-09-17 09:48:06,25.7,24600,25.7,U
sz002517,恺英网络,2025-09-17 09:48:18,25.7,23500,25.71,D
sz002517,恺英网络,2025-09-17 09:48:33,25.72,12300,25.75,D
sz002517,恺英网络,2025-09-17 09:49:12,25.78,34300,25.78,D
sz002517,恺英网络,2025-09-17 09:49:18,25.78,8600,25.78,U
sz002517,恺英网络,2025-09-17 09:49:21,25.75,35000,25.78,D
sz002517,恺英网络,2025-09-17 09:49:27,25.75,8900,25.74,U
sz002517,恺英网络,2025-09-17 09:49:36,25.72,8300,25.74,D
sz002517,恺英网络,2025-09-17 09:49:39,25.73,12400,25.72,U
sz002517,恺英网络,2025-09-17 09:50:03,25.74,10600,25.72,U
sz002517,恺英网络,2025-09-17 09:50:21,25.73,13100,25.73,D
sz002517,恺英网络,2025-09-17 09:50:30,25.75,13000,25.73,U
sz002517,恺英网络,2025-09-17 09:50:42,25.75,10500,25.75,D
sz002517,恺英网络,2025-09-17 09:50:51,25.69,237600,25.74,D
sz002517,恺英网络,2025-09-17 09:51:03,25.66,8900,25.66,D
sz002517,恺英网络,2025-09-17 09:51:06,25.65,91500,25.66,D
sz002517,恺英网络,2025-09-17 09:51:12,25.64,32200,25.65,D
sz002517,恺英网络,2025-09-17 09:51:15,25.61,27300,25.64,D
sz002517,恺英网络,2025-09-17 09:51:18,25.61,18600,25.61,D
sz002517,恺英网络,2025-09-17 09:51:21,25.6,47000,25.61,D
sz002517,恺英网络,2025-09-17 09:51:24,25.6,29600,25.6,D
sz002517,恺英网络,2025-09-17 09:51:27,25.61,15400,25.6,U
sz002517,恺英网络,2025-09-17 09:51:39,25.6,23700,25.6,D
sz002517,恺英网络,2025-09-17 09:51:45,25.6,15800,25.61,D
sz002517,恺英网络,2025-09-17 09:51:51,25.6,21600,25.61,D
sz002517,恺英网络,2025-09-17 09:51:54,25.6,10900,25.6,D
sz002517,恺英网络,2025-09-17 09:52:09,25.61,14100,25.61,D
sz002517,恺英网络,2025-09-17 09:52:12,25.6,39900,25.61,D
sz002517,恺英网络,2025-09-17 09:52:15,25.6,9800,25.6,D
sz002517,恺英网络,2025-09-17 09:52:21,25.61,23300,25.61,U
sz002517,恺英网络,2025-09-17 09:52:33,25.61,13800,25.61,U
sz002517,恺英网络,2025-09-17 09:52:39,25.61,10300,25.61,D
sz002517,恺英网络,2025-09-17 09:52:42,25.6,9300,25.61,D
sz002517,恺英网络,2025-09-17 09:52:48,25.65,26300,25.62,U
sz002517,恺英网络,2025-09-17 09:53:03,25.67,39900,25.64,U
sz002517,恺英网络,2025-09-17 09:53:09,25.63,54700,25.66,D
sz002517,恺英网络,2025-09-17 09:53:45,25.7,13100,25.68,U
sz002517,恺英网络,2025-09-17 09:53:54,25.67,46800,25.7,D
sz002517,恺英网络,2025-09-17 09:54:15,25.66,10500,25.67,D
sz002517,恺英网络,2025-09-17 09:54:42,25.63,11900,25.63,U
sz002517,恺英网络,2025-09-17 09:54:48,25.61,9600,25.61,D
sz002517,恺英网络,2025-09-17 09:54:51,25.62,20500,25.61,E
sz002517,恺英网络,2025-09-17 09:55:00,25.64,41800,25.63,U
sz002517,恺英网络,2025-09-17 09:55:09,25.65,8200,25.67,E
sz002517,恺英网络,2025-09-17 09:55:15,25.71,41400,25.72,U
sz002517,恺英网络,2025-09-17 09:55:18,25.69,16300,25.71,D
sz002517,恺英网络,2025-09-17 09:55:27,25.67,8500,25.69,E
sz002517,恺英网络,2025-09-17 09:55:30,25.69,19000,25.67,U
sz002517,恺英网络,2025-09-17 09:55:36,25.67,46500,25.65,D
sz002517,恺英网络,2025-09-17 09:55:39,25.66,22600,25.67,D
sz002517,恺英网络,2025-09-17 09:55:51,25.64,10900,25.68,D
sz002517,恺英网络,2025-09-17 09:55:54,25.68,10500,25.64,E
sz002517,恺英网络,2025-09-17 09:55:57,25.68,13500,25.68,U
sz002517,恺英网络,2025-09-17 09:56:00,25.6,374200,25.68,D
sz002517,恺英网络,2025-09-17 09:56:03,25.66,30200,25.6,U
sz002517,恺英网络,2025-09-17 09:56:06,25.65,13900,25.66,U
sz002517,恺英网络,2025-09-17 09:56:12,25.58,8900,25.64,D
sz002517,恺英网络,2025-09-17 09:56:15,25.6,19500,25.58,U
sz002517,恺英网络,2025-09-17 09:56:18,25.6,20900,25.6,D
sz002517,恺英网络,2025-09-17 09:56:21,25.58,8800,25.6,D
sz002517,恺英网络,2025-09-17 09:56:27,25.55,42900,25.6,D
sz002517,恺英网络,2025-09-17 09:56:39,25.51,11400,25.51,D
sz002517,恺英网络,2025-09-17 09:56:42,25.52,81300,25.51,U
sz002517,恺英网络,2025-09-17 09:56:45,25.51,9800,25.52,D
sz002517,恺英网络,2025-09-17 09:56:48,25.51,29100,25.51,D
sz002517,恺英网络,2025-09-17 09:56:51,25.5,36100,25.51,E
sz002517,恺英网络,2025-09-17 09:56:57,25.48,12600,25.46,U
sz002517,恺英网络,2025-09-17 09:57:00,25.41,68500,25.48,D
sz002517,恺英网络,2025-09-17 09:57:03,25.41,38500,25.41,D
sz002517,恺英网络,2025-09-17 09:57:06,25.45,125500,25.41,U
sz002517,恺英网络,2025-09-17 09:57:09,25.42,11600,25.45,D
sz002517,恺英网络,2025-09-17 09:57:12,25.41,51500,25.42,D
sz002517,恺英网络,2025-09-17 09:57:15,25.45,39600,25.41,E
sz002517,恺英网络,2025-09-17 09:57:18,25.44,23800,25.45,D
sz002517,恺英网络,2025-09-17 09:57:21,25.41,20600,25.44,D
sz002517,恺英网络,2025-09-17 09:57:24,25.4,141500,25.41,D
sz002517,恺英网络,2025-09-17 09:57:27,25.35,65400,25.4,D
sz002517,恺英网络,2025-09-17 09:57:30,25.34,22300,25.35,D
sz002517,恺英网络,2025-09-17 09:57:33,25.35,13500,25.34,D
sz002517,恺英网络,2025-09-17 09:57:36,25.35,64700,25.35,D
sz002517,恺英网络,2025-09-17 09:57:39,25.35,18000,25.35,D
sz002517,恺英网络,2025-09-17 09:57:42,25.35,11900,25.35,D
sz002517,恺英网络,2025-09-17 09:57:45,25.39,36800,25.35,E
sz002517,恺英网络,2025-09-17 09:57:48,25.38,16700,25.39,E
sz002517,恺英网络,2025-09-17 09:57:54,25.4,16900,25.36,E
sz002517,恺英网络,2025-09-17 09:57:57,25.37,47700,25.4,D
sz002517,恺英网络,2025-09-17 09:58:00,25.44,44600,25.37,U
sz002517,恺英网络,2025-09-17 09:58:03,25.42,20500,25.44,E
sz002517,恺英网络,2025-09-17 09:58:06,25.44,23300,25.42,E
sz002517,恺英网络,2025-09-17 09:58:12,25.44,30700,25.43,U
sz002517,恺英网络,2025-09-17 09:58:15,25.44,22900,25.44,D
sz002517,恺英网络,2025-09-17 09:58:18,25.4,69500,25.44,D
sz002517,恺英网络,2025-09-17 09:58:27,25.46,19000,25.43,E
sz002517,恺英网络,2025-09-17 09:58:33,25.57,11000,25.52,U
sz002517,恺英网络,2025-09-17 09:58:36,25.5,55400,25.57,E
sz002517,恺英网络,2025-09-17 09:59:12,25.54,11000,25.54,U
sz002517,恺英网络,2025-09-17 09:59:15,25.53,7900,25.54,E
sz002517,恺英网络,2025-09-17 09:59:24,25.54,9000,25.54,U
sz002517,恺英网络,2025-09-17 09:59:27,25.5,31100,25.54,D
sz002517,恺英网络,2025-09-17 09:59:33,25.53,16100,25.56,E
sz002517,恺英网络,2025-09-17 09:59:42,25.58,32300,25.55,U
sz002517,恺英网络,2025-09-17 10:00:03,25.57,16100,25.57,E
sz002517,恺英网络,2025-09-17 10:00:15,25.56,14000,25.54,U
sz002517,恺英网络,2025-09-17 10:00:18,25.52,9300,25.56,D
sz002517,恺英网络,2025-09-17 10:00:33,25.57,11100,25.51,U
sz002517,恺英网络,2025-09-17 10:00:42,25.59,11500,25.57,U
sz002517,恺英网络,2025-09-17 10:00:45,25.52,8000,25.59,D
sz002517,恺英网络,2025-09-17 10:00:57,25.57,42600,25.57,U
sz002517,恺英网络,2025-09-17 10:01:00,25.57,18800,25.57,D
sz002517,恺英网络,2025-09-17 10:01:03,25.59,29500,25.57,E
sz002517,恺英网络,2025-09-17 10:01:06,25.58,19100,25.59,D
sz002517,恺英网络,2025-09-17 10:02:03,25.6,12500,25.61,D
sz002517,恺英网络,2025-09-17 10:02:06,25.58,13600,25.6,D
sz002517,恺英网络,2025-09-17 10:02:09,25.55,12500,25.58,D
sz002517,恺英网络,2025-09-17 10:02:24,25.54,9400,25.55,D
sz002517,恺英网络,2025-09-17 10:02:30,25.52,11900,25.52,D
sz002517,恺英网络,2025-09-17 10:03:00,25.54,10100,25.57,D
sz002517,恺英网络,2025-09-17 10:03:03,25.56,33400,25.54,U
sz002517,恺英网络,2025-09-17 10:03:06,25.59,15800,25.56,U
sz002517,恺英网络,2025-09-17 10:03:24,25.59,11800,25.54,U
sz002517,恺英网络,2025-09-17 10:03:42,25.5,22200,25.55,D
sz002517,恺英网络,2025-09-17 10:04:03,25.54,18300,25.56,D
sz002517,恺英网络,2025-09-17 10:04:21,25.54,14000,25.54,U
sz002517,恺英网络,2025-09-17 10:04:45,25.6,9300,25.6,U
sz002517,恺英网络,2025-09-17 10:04:48,25.6,98900,25.6,U
sz002517,恺英网络,2025-09-17 10:04:51,25.64,16000,25.6,U
sz002517,恺英网络,2025-09-17 10:04:54,25.65,10100,25.64,U
sz002517,恺英网络,2025-09-17 10:05:00,25.66,30000,25.66,U
sz002517,恺英网络,2025-09-17 10:05:03,25.69,15400,25.66,U
sz002517,恺英网络,2025-09-17 10:05:09,25.66,18600,25.66,D
sz002517,恺英网络,2025-09-17 10:05:12,25.66,13600,25.66,U
sz002517,恺英网络,2025-09-17 10:05:15,25.66,8600,25.66,D
sz002517,恺英网络,2025-09-17 10:05:24,25.69,11300,25.69,D
sz002517,恺英网络,2025-09-17 10:05:45,25.68,16600,25.73,D
sz002517,恺英网络,2025-09-17 10:05:48,25.69,14000,25.68,U
sz002517,恺英网络,2025-09-17 10:05:51,25.7,7800,25.69,U
sz002517,恺英网络,2025-09-17 10:05:54,25.66,11400,25.7,D
sz002517,恺英网络,2025-09-17 10:05:57,25.66,20000,25.66,U
sz002517,恺英网络,2025-09-17 10:06:00,25.69,13000,25.66,U
sz002517,恺英网络,2025-09-17 10:06:06,25.66,16400,25.71,D
sz002517,恺英网络,2025-09-17 10:06:21,25.71,8700,25.65,U
sz002517,恺英网络,2025-09-17 10:06:33,25.68,10600,25.68,U
sz002517,恺英网络,2025-09-17 10:06:36,25.69,10700,25.68,U
sz002517,恺英网络,2025-09-17 10:07:06,25.69,11300,25.69,U
sz002517,恺英网络,2025-09-17 10:07:12,25.67,13200,25.69,E
sz002517,恺英网络,2025-09-17 10:07:21,25.68,13000,25.71,D
sz002517,恺英网络,2025-09-17 10:07:27,25.68,15200,25.7,D
sz002517,恺英网络,2025-09-17 10:07:30,25.68,10300,25.68,U
sz002517,恺英网络,2025-09-17 10:07:33,25.68,11600,25.68,D
sz002517,恺英网络,2025-09-17 10:07:39,25.68,7900,25.7,U
sz002517,恺英网络,2025-09-17 10:07:42,25.7,16600,25.68,U
sz002517,恺英网络,2025-09-17 10:07:45,25.7,7800,25.7,D
sz002517,恺英网络,2025-09-17 10:07:57,25.68,12200,25.69,E
sz002517,恺英网络,2025-09-17 10:08:00,25.73,8200,25.68,U
sz002517,恺英网络,2025-09-17 10:08:06,25.74,9500,25.68,U
sz002517,恺英网络,2025-09-17 10:08:12,25.73,15500,25.69,U
sz002517,恺英网络,2025-09-17 10:08:36,25.74,9400,25.73,U
sz002517,恺英网络,2025-09-17 10:08:39,25.74,11700,25.74,U
sz002517,恺英网络,2025-09-17 10:08:54,25.77,9000,25.76,U
sz002517,恺英网络,2025-09-17 10:09:00,25.78,30200,25.79,U
sz002517,恺英网络,2025-09-17 10:09:03,25.78,8600,25.78,U
sz002517,恺英网络,2025-09-17 10:09:24,25.75,16500,25.78,D
sz002517,恺英网络,2025-09-17 10:09:27,25.79,9500,25.75,U
sz002517,恺英网络,2025-09-17 10:09:30,25.79,8500,25.79,D
sz002517,恺英网络,2025-09-17 10:09:51,25.79,26800,25.8,D
sz002517,恺英网络,2025-09-17 10:09:54,25.78,9100,25.79,D
sz002517,恺英网络,2025-09-17 10:09:57,25.78,12900,25.78,U
sz002517,恺英网络,2025-09-17 10:10:00,25.73,40500,25.78,D
sz002517,恺英网络,2025-09-17 10:10:03,25.71,11100,25.73,D
sz002517,恺英网络,2025-09-17 10:10:15,25.7,15500,25.7,D
sz002517,恺英网络,2025-09-17 10:10:18,25.67,23000,25.7,D
sz002517,恺英网络,2025-09-17 10:10:24,25.64,16300,25.65,D
sz002517,恺英网络,2025-09-17 10:10:42,25.64,10500,25.67,D
sz002517,恺英网络,2025-09-17 10:11:27,25.67,28500,25.66,U
sz002517,恺英网络,2025-09-17 10:11:30,25.67,18000,25.67,U
sz002517,恺英网络,2025-09-17 10:11:33,25.7,8500,25.67,U
sz002517,恺英网络,2025-09-17 10:12:12,25.7,11100,25.7,U
sz002517,恺英网络,2025-09-17 10:12:30,25.66,11100,25.67,D
sz002517,恺英网络,2025-09-17 10:12:39,25.67,8200,25.68,U
sz002517,恺英网络,2025-09-17 10:12:51,25.63,19800,25.66,D
sz002517,恺英网络,2025-09-17 10:13:09,25.65,25000,25.65,U
sz002517,恺英网络,2025-09-17 10:13:39,25.66,28000,25.63,U
sz002517,恺英网络,2025-09-17 10:13:42,25.66,10500,25.66,U
sz002517,恺英网络,2025-09-17 10:13:57,25.65,9300,25.65,U
sz002517,恺英网络,2025-09-17 10:14:03,25.66,8100,25.65,U
sz002517,恺英网络,2025-09-17 10:14:24,25.66,21400,25.66,U
sz002517,恺英网络,2025-09-17 10:14:27,25.67,8900,25.66,U
sz002517,恺英网络,2025-09-17 10:14:36,25.67,8700,25.66,U
sz002517,恺英网络,2025-09-17 10:14:48,25.67,11400,25.72,D
sz002517,恺英网络,2025-09-17 10:15:15,25.69,12800,25.7,E
sz002517,恺英网络,2025-09-17 10:15:45,25.7,17100,25.69,U
sz002517,恺英网络,2025-09-17 10:15:54,25.69,11600,25.69,D
sz002517,恺英网络,2025-09-17 10:16:06,25.7,81600,25.7,D
sz002517,恺英网络,2025-09-17 10:16:09,25.7,21500,25.7,U
sz002517,恺英网络,2025-09-17 10:16:18,25.72,22200,25.71,U
sz002517,恺英网络,2025-09-17 10:16:30,25.75,31000,25.72,U
sz002517,恺英网络,2025-09-17 10:16:42,25.79,7800,25.75,U
sz002517,恺英网络,2025-09-17 10:16:48,25.79,14700,25.75,U
sz002517,恺英网络,2025-09-17 10:16:54,25.75,35800,25.79,D
sz002517,恺英网络,2025-09-17 10:17:18,25.79,10800,25.78,U
sz002517,恺英网络,2025-09-17 10:17:27,25.8,8100,25.79,U
sz002517,恺英网络,2025-09-17 10:17:39,25.8,18000,25.79,U
sz002517,恺英网络,2025-09-17 10:17:48,25.79,8600,25.79,D
sz002517,恺英网络,2025-09-17 10:18:48,25.74,8000,25.74,D
sz002517,恺英网络,2025-09-17 10:20:03,25.76,10100,25.76,U
sz002517,恺英网络,2025-09-17 10:20:09,25.75,10100,25.76,D
sz002517,恺英网络,2025-09-17 10:20:24,25.74,31600,25.74,D
sz002517,恺英网络,2025-09-17 10:20:27,25.75,30400,25.74,U
sz002517,恺英网络,2025-09-17 10:20:30,25.73,8100,25.75,D
sz002517,恺英网络,2025-09-17 10:20:33,25.74,11700,25.73,E
sz002517,恺英网络,2025-09-17 10:20:48,25.75,8100,25.77,D
sz002517,恺英网络,2025-09-17 10:20:51,25.74,27900,25.75,D
sz002517,恺英网络,2025-09-17 10:21:18,25.75,17200,25.74,U
sz002517,恺英网络,2025-09-17 10:21:30,25.73,63700,25.75,D
sz002517,恺英网络,2025-09-17 10:21:39,25.73,24800,25.73,U
sz002517,恺英网络,2025-09-17 10:21:57,25.76,87300,25.73,U
sz002517,恺英网络,2025-09-17 10:22:09,25.78,45700,25.74,U
sz002517,恺英网络,2025-09-17 10:22:12,25.75,11200,25.78,D
sz002517,恺英网络,2025-09-17 10:22:39,25.76,13100,25.75,U
sz002517,恺英网络,2025-09-17 10:23:06,25.71,9500,25.71,D
sz002517,恺英网络,2025-09-17 10:23:12,25.7,13600,25.71,D
sz002517,恺英网络,2025-09-17 10:24:06,25.7,23100,25.71,D
sz002517,恺英网络,2025-09-17 10:24:09,25.71,8900,25.7,U
sz002517,恺英网络,2025-09-17 10:24:27,25.74,7900,25.75,E
sz002517,恺英网络,2025-09-17 10:24:51,25.77,16400,25.77,D
sz002517,恺英网络,2025-09-17 10:25:54,25.7,12200,25.71,D
sz002517,恺英网络,2025-09-17 10:26:03,25.68,18600,25.7,D
sz002517,恺英网络,2025-09-17 10:26:33,25.71,20400,25.69,U
sz002517,恺英网络,2025-09-17 10:27:03,25.7,29800,25.72,D
sz002517,恺英网络,2025-09-17 10:27:06,25.69,8100,25.7,D
sz002517,恺英网络,2025-09-17 10:27:12,25.69,10100,25.69,U
sz002517,恺英网络,2025-09-17 10:27:27,25.71,11100,25.67,U
sz002517,恺英网络,2025-09-17 10:27:33,25.7,10400,25.7,D
sz002517,恺英网络,2025-09-17 10:29:15,25.65,22900,25.67,D
sz002517,恺英网络,2025-09-17 10:29:18,25.65,25500,25.65,D
sz002517,恺英网络,2025-09-17 10:29:21,25.66,8300,25.65,U
sz002517,恺英网络,2025-09-17 10:29:24,25.63,23500,25.66,D
sz002517,恺英网络,2025-09-17 10:29:30,25.66,46300,25.66,U
sz002517,恺英网络,2025-09-17 10:29:33,25.68,22600,25.66,U
sz002517,恺英网络,2025-09-17 10:29:39,25.69,8200,25.66,U
sz002517,恺英网络,2025-09-17 10:30:21,25.64,23800,25.64,D
sz002517,恺英网络,2025-09-17 10:30:54,25.71,8000,25.67,U
sz002517,恺英网络,2025-09-17 10:31:57,25.73,17900,25.73,U
sz002517,恺英网络,2025-09-17 10:32:00,25.77,30800,25.73,U
sz002517,恺英网络,2025-09-17 10:32:03,25.77,22900,25.77,U
sz002517,恺英网络,2025-09-17 10:33:06,25.77,10000,25.75,U
sz002517,恺英网络,2025-09-17 10:34:33,25.7,10500,25.67,U
sz002517,恺英网络,2025-09-17 10:34:42,25.7,10500,25.71,D
sz002517,恺英网络,2025-09-17 10:36:12,25.66,13200,25.64,U
sz002517,恺英网络,2025-09-17 10:36:54,25.61,8000,25.63,D
sz002517,恺英网络,2025-09-17 10:37:15,25.61,11600,25.61,D
sz002517,恺英网络,2025-09-17 10:37:18,25.59,18800,25.61,D
sz002517,恺英网络,2025-09-17 10:37:30,25.58,10200,25.61,D
sz002517,恺英网络,2025-09-17 10:38:06,25.59,14000,25.6,D
sz002517,恺英网络,2025-09-17 10:38:24,25.58,16900,25.58,D
sz002517,恺英网络,2025-09-17 10:38:39,25.58,8000,25.58,U
sz002517,恺英网络,2025-09-17 10:38:45,25.62,30400,25.57,U
sz002517,恺英网络,2025-09-17 10:39:54,25.61,18000,25.64,D
sz002517,恺英网络,2025-09-17 10:40:54,25.58,17600,25.61,D
sz002517,恺英网络,2025-09-17 10:42:33,25.62,25200,25.6,U
sz002517,恺英网络,2025-09-17 10:43:27,25.6,8000,25.61,D
sz002517,恺英网络,2025-09-17 10:43:45,25.63,12100,25.61,U
sz002517,恺英网络,2025-09-17 10:44:06,25.64,8000,25.63,E
sz002517,恺英网络,2025-09-17 10:45:54,25.71,9300,25.73,D
sz002517,恺英网络,2025-09-17 10:46:27,25.76,7800,25.74,U
sz002517,恺英网络,2025-09-17 10:47:36,25.77,21400,25.74,U
sz002517,恺英网络,2025-09-17 10:47:39,25.79,9800,25.77,U
sz002517,恺英网络,2025-09-17 10:48:42,25.79,11100,25.79,U
sz002517,恺英网络,2025-09-17 10:48:48,25.8,8000,25.79,U
sz002517,恺英网络,2025-09-17 10:48:54,25.79,17600,25.79,U
sz002517,恺英网络,2025-09-17 10:49:03,25.83,10900,25.8,U
sz002517,恺英网络,2025-09-17 10:49:21,25.86,8800,25.85,U
sz002517,恺英网络,2025-09-17 10:49:24,25.85,13100,25.86,D
sz002517,恺英网络,2025-09-17 10:49:27,25.85,11900,25.85,E
sz002517,恺英网络,2025-09-17 10:51:03,25.84,89000,25.82,U
sz002517,恺英网络,2025-09-17 10:51:06,25.85,25900,25.84,U
sz002517,恺英网络,2025-09-17 10:51:21,25.88,12400,25.88,U
sz002517,恺英网络,2025-09-17 10:51:24,25.88,16400,25.88,U
sz002517,恺英网络,2025-09-17 10:51:27,25.88,23000,25.88,U
sz002517,恺英网络,2025-09-17 10:51:42,25.9,18600,25.9,U
sz002517,恺英网络,2025-09-17 10:51:45,25.91,15700,25.9,U
sz002517,恺英网络,2025-09-17 10:51:54,25.92,12600,25.92,U
sz002517,恺英网络,2025-09-17 10:52:06,25.93,23200,25.93,D
sz002517,恺英网络,2025-09-17 10:52:12,25.93,16700,25.93,U
sz002517,恺英网络,2025-09-17 10:52:18,25.93,27500,25.97,D
sz002517,恺英网络,2025-09-17 10:52:30,25.96,10500,25.96,D
sz002517,恺英网络,2025-09-17 10:52:39,25.96,14700,25.96,D
sz002517,恺英网络,2025-09-17 10:52:42,25.96,19900,25.96,U
sz002517,恺英网络,2025-09-17 10:52:57,25.96,12400,25.95,E
sz002517,恺英网络,2025-09-17 10:53:03,25.93,14000,25.97,D
sz002517,恺英网络,2025-09-17 10:53:06,25.96,16500,25.93,U
sz002517,恺英网络,2025-09-17 10:53:12,25.94,10600,25.95,D
sz002517,恺英网络,2025-09-17 10:53:15,25.94,17900,25.94,D
sz002517,恺英网络,2025-09-17 10:53:27,25.94,19700,25.96,D
sz002517,恺英网络,2025-09-17 10:53:42,25.98,16400,25.98,U
sz002517,恺英网络,2025-09-17 10:53:45,25.98,20700,25.98,U
sz002517,恺英网络,2025-09-17 10:53:48,25.98,271700,25.98,D
sz002517,恺英网络,2025-09-17 10:53:51,26.06,13200,25.98,U
sz002517,恺英网络,2025-09-17 10:54:03,26.04,44500,26.03,U
sz002517,恺英网络,2025-09-17 10:54:06,26.04,16800,26.04,U
sz002517,恺英网络,2025-09-17 10:54:12,26.04,9500,26.04,U
sz002517,恺英网络,2025-09-17 10:54:18,26.02,11100,26.04,E
sz002517,恺英网络,2025-09-17 10:54:24,26.02,19600,26.04,D
sz002517,恺英网络,2025-09-17 10:54:27,26.0,76200,26.02,D
sz002517,恺英网络,2025-09-17 10:54:39,25.99,14400,25.98,D
sz002517,恺英网络,2025-09-17 10:54:42,26.03,16600,25.99,U
sz002517,恺英网络,2025-09-17 10:54:48,25.96,15500,25.99,D
sz002517,恺英网络,2025-09-17 10:54:51,25.98,10400,25.96,U
sz002517,恺英网络,2025-09-17 10:54:57,25.98,9700,25.98,U
sz002517,恺英网络,2025-09-17 10:55:09,25.96,7900,25.97,D
sz002517,恺英网络,2025-09-17 10:55:12,25.95,18900,25.96,D
sz002517,恺英网络,2025-09-17 10:55:15,25.93,21500,25.95,D
sz002517,恺英网络,2025-09-17 10:55:30,25.93,21400,25.9,U
sz002517,恺英网络,2025-09-17 10:55:57,25.89,9700,25.91,D
sz002517,恺英网络,2025-09-17 10:56:18,25.88,7900,25.88,D
sz002517,恺英网络,2025-09-17 10:56:21,25.9,9300,25.88,U
sz002517,恺英网络,2025-09-17 10:56:48,25.92,9100,25.85,U
sz002517,恺英网络,2025-09-17 10:57:15,25.88,16800,25.91,D
sz002517,恺英网络,2025-09-17 10:57:18,25.84,47300,25.88,D
sz002517,恺英网络,2025-09-17 10:57:21,25.77,28800,25.84,D
sz002517,恺英网络,2025-09-17 10:57:24,25.76,17600,25.77,D
sz002517,恺英网络,2025-09-17 10:58:03,25.79,22000,25.79,U
sz002517,恺英网络,2025-09-17 10:58:30,25.74,16200,25.76,D
sz002517,恺英网络,2025-09-17 10:58:33,25.75,11700,25.74,U
sz002517,恺英网络,2025-09-17 10:58:39,25.7,9100,25.71,D
sz002517,恺英网络,2025-09-17 10:59:21,25.81,8100,25.76,U
sz002517,恺英网络,2025-09-17 11:01:36,25.76,8000,25.76,D
sz002517,恺英网络,2025-09-17 11:01:39,25.76,9300,25.76,U
sz002517,恺英网络,2025-09-17 11:02:18,25.74,43700,25.76,D
sz002517,恺英网络,2025-09-17 11:03:15,25.8,13000,25.77,U
sz002517,恺英网络,2025-09-17 11:04:00,25.79,7800,25.73,U
sz002517,恺英网络,2025-09-17 11:05:06,25.78,10400,25.76,U
sz002517,恺英网络,2025-09-17 11:08:12,25.76,9500,25.75,U
sz002517,恺英网络,2025-09-17 11:08:57,25.8,50500,25.76,U
sz002517,恺英网络,2025-09-17 11:09:00,25.84,8200,25.8,U
sz002517,恺英网络,2025-09-17 11:11:54,25.8,8400,25.82,D
sz002517,恺英网络,2025-09-17 11:15:09,25.92,20400,25.87,U
sz002517,恺英网络,2025-09-17 11:15:57,25.89,9700,25.91,U
sz002517,恺英网络,2025-09-17 11:16:03,25.9,15800,25.89,E
sz002517,恺英网络,2025-09-17 11:16:48,25.92,15600,25.91,U
sz002517,恺英网络,2025-09-17 11:18:00,25.9,8600,25.88,U
sz002517,恺英网络,2025-09-17 11:18:06,25.93,11800,25.93,D
sz002517,恺英网络,2025-09-17 11:19:12,25.93,10200,25.95,D
sz002517,恺英网络,2025-09-17 11:20:51,25.93,10300,25.92,U
sz002517,恺英网络,2025-09-17 11:21:24,25.95,21100,25.94,U
sz002517,恺英网络,2025-09-17 11:21:27,25.95,9000,25.95,U
sz002517,恺英网络,2025-09-17 11:23:15,25.97,11500,25.95,U
sz002517,恺英网络,2025-09-17 11:23:27,25.95,20600,25.94,U
sz002517,恺英网络,2025-09-17 11:25:03,25.93,125000,25.88,U
sz002517,恺英网络,2025-09-17 11:26:57,25.83,42900,25.83,U
sz002517,恺英网络,2025-09-17 11:27:06,25.86,12400,25.83,U
sz002517,恺英网络,2025-09-17 11:27:15,25.88,80000,25.86,U
sz002517,恺英网络,2025-09-17 11:27:24,25.95,11300,25.92,U
sz002517,恺英网络,2025-09-17 11:27:33,25.93,11200,25.95,E
sz002517,恺英网络,2025-09-17 11:28:03,25.92,8200,25.93,D
sz002517,恺英网络,2025-09-17 11:28:06,25.92,10500,25.92,D
sz002517,恺英网络,2025-09-17 11:28:15,25.92,10400,25.93,U
sz002517,恺英网络,2025-09-17 11:28:18,25.92,41700,25.92,U
sz002517,恺英网络,2025-09-17 11:29:03,25.88,8500,25.9,D
sz002517,恺英网络,2025-09-17 11:29:39,25.87,16100,25.86,U
sz002517,恺英网络,2025-09-17 11:29:42,25.88,9800,25.87,U
sz002517,恺英网络,2025-09-17 13:00:00,25.97,78700,25.95,U
sz002517,恺英网络,2025-09-17 13:00:03,26.0,84800,25.97,U
sz002517,恺英网络,2025-09-17 13:00:06,25.99,8900,26.0,D
sz002517,恺英网络,2025-09-17 13:00:09,26.04,19300,25.99,U
sz002517,恺英网络,2025-09-17 13:00:12,26.12,207500,26.04,U
sz002517,恺英网络,2025-09-17 13:00:15,26.27,384300,26.12,U
sz002517,恺英网络,2025-09-17 13:00:18,26.27,31200,26.27,U
sz002517,恺英网络,2025-09-17 13:00:21,26.27,11500,26.27,U
sz002517,恺英网络,2025-09-17 13:00:24,26.23,29500,26.27,D
sz002517,恺英网络,2025-09-17 13:00:30,26.23,12200,26.27,D
sz002517,恺英网络,2025-09-17 13:00:39,26.24,22200,26.24,U
sz002517,恺英网络,2025-09-17 13:00:48,26.2,10500,26.23,D
sz002517,恺英网络,2025-09-17 13:01:03,26.2,10100,26.2,U
sz002517,恺英网络,2025-09-17 13:01:06,26.2,30400,26.2,U
sz002517,恺英网络,2025-09-17 13:01:09,26.2,8000,26.2,D
sz002517,恺英网络,2025-09-17 13:01:18,26.19,10000,26.2,E
sz002517,恺英网络,2025-09-17 13:01:21,26.19,9800,26.19,U
sz002517,恺英网络,2025-09-17 13:01:24,26.18,32600,26.19,E
sz002517,恺英网络,2025-09-17 13:01:33,26.15,19000,26.16,D
sz002517,恺英网络,2025-09-17 13:01:36,26.15,10200,26.15,E
sz002517,恺英网络,2025-09-17 13:01:48,26.15,10100,26.15,U
sz002517,恺英网络,2025-09-17 13:02:06,26.16,10800,26.16,U
sz002517,恺英网络,2025-09-17 13:02:24,26.15,32500,26.16,D
sz002517,恺英网络,2025-09-17 13:03:15,26.11,20400,26.08,U
sz002517,恺英网络,2025-09-17 13:03:36,26.09,60600,26.08,U
sz002517,恺英网络,2025-09-17 13:04:00,26.05,15000,26.06,D
sz002517,恺英网络,2025-09-17 13:04:18,26.04,35500,26.03,U
sz002517,恺英网络,2025-09-17 13:04:45,26.02,8500,26.02,D
sz002517,恺英网络,2025-09-17 13:04:54,26.02,8800,26.0,U
sz002517,恺英网络,2025-09-17 13:05:06,26.03,12600,26.02,U
sz002517,恺英网络,2025-09-17 13:05:09,26.02,28700,26.03,U
sz002517,恺英网络,2025-09-17 13:05:12,26.05,17800,26.02,U
sz002517,恺英网络,2025-09-17 13:05:27,26.13,47300,26.06,U
sz002517,恺英网络,2025-09-17 13:05:30,26.14,12000,26.13,U
sz002517,恺英网络,2025-09-17 13:05:33,26.17,79500,26.14,U
sz002517,恺英网络,2025-09-17 13:05:36,26.17,18500,26.17,U
sz002517,恺英网络,2025-09-17 13:05:42,26.21,14300,26.2,U
sz002517,恺英网络,2025-09-17 13:05:48,26.26,93900,26.2,U
sz002517,恺英网络,2025-09-17 13:05:54,26.28,8800,26.28,U
sz002517,恺英网络,2025-09-17 13:05:57,26.27,12500,26.28,E
sz002517,恺英网络,2025-09-17 13:06:00,26.28,39700,26.27,U
sz002517,恺英网络,2025-09-17 13:06:03,26.24,20900,26.28,D
sz002517,恺英网络,2025-09-17 13:06:18,26.21,12000,26.21,D
sz002517,恺英网络,2025-09-17 13:06:24,26.23,39400,26.22,E
sz002517,恺英网络,2025-09-17 13:06:36,26.26,57200,26.26,U
sz002517,恺英网络,2025-09-17 13:06:42,26.31,129600,26.29,U
sz002517,恺英网络,2025-09-17 13:06:45,26.38,63200,26.31,U
sz002517,恺英网络,2025-09-17 13:06:48,26.38,36800,26.38,U
sz002517,恺英网络,2025-09-17 13:06:51,26.37,14100,26.38,E
sz002517,恺英网络,2025-09-17 13:06:54,26.34,21300,26.37,E
sz002517,恺英网络,2025-09-17 13:07:18,26.32,14600,26.31,U
sz002517,恺英网络,2025-09-17 13:07:21,26.32,11300,26.32,E
sz002517,恺英网络,2025-09-17 13:07:33,26.32,19900,26.31,U
sz002517,恺英网络,2025-09-17 13:07:48,26.3,18400,26.28,E
sz002517,恺英网络,2025-09-17 13:07:57,26.3,11900,26.3,U
sz002517,恺英网络,2025-09-17 13:08:00,26.25,29000,26.3,D
sz002517,恺英网络,2025-09-17 13:08:57,26.2,16700,26.21,D
sz002517,恺英网络,2025-09-17 13:09:21,26.25,68000,26.2,U
sz002517,恺英网络,2025-09-17 13:09:27,26.3,9700,26.25,U
sz002517,恺英网络,2025-09-17 13:09:54,26.3,12600,26.3,U
sz002517,恺英网络,2025-09-17 13:09:57,26.3,12000,26.3,D
sz002517,恺英网络,2025-09-17 13:10:00,26.3,61800,26.3,D
sz002517,恺英网络,2025-09-17 13:10:03,26.31,15600,26.3,E
sz002517,恺英网络,2025-09-17 13:10:09,26.3,9800,26.3,U
sz002517,恺英网络,2025-09-17 13:10:12,26.3,11500,26.3,D
sz002517,恺英网络,2025-09-17 13:10:15,26.31,89600,26.3,U
sz002517,恺英网络,2025-09-17 13:10:33,26.31,7700,26.3,E
sz002517,恺英网络,2025-09-17 13:10:36,26.32,40900,26.31,U
sz002517,恺英网络,2025-09-17 13:10:39,26.32,7900,26.32,U
sz002517,恺英网络,2025-09-17 13:10:45,26.31,25300,26.3,U
sz002517,恺英网络,2025-09-17 13:10:48,26.32,16200,26.31,U
sz002517,恺英网络,2025-09-17 13:11:00,26.33,9100,26.32,U
sz002517,恺英网络,2025-09-17 13:11:03,26.34,24200,26.33,E
sz002517,恺英网络,2025-09-17 13:11:06,26.38,26500,26.34,U
sz002517,恺英网络,2025-09-17 13:11:09,26.38,10000,26.38,U
sz002517,恺英网络,2025-09-17 13:11:12,26.39,8600,26.38,U
sz002517,恺英网络,2025-09-17 13:11:18,26.39,15500,26.39,U
sz002517,恺英网络,2025-09-17 13:11:21,26.39,21700,26.39,U
sz002517,恺英网络,2025-09-17 13:11:27,26.39,21300,26.39,U
sz002517,恺英网络,2025-09-17 13:11:36,26.41,26900,26.39,U
sz002517,恺英网络,2025-09-17 13:11:42,26.41,9900,26.4,U
sz002517,恺英网络,2025-09-17 13:11:45,26.43,22900,26.41,U
sz002517,恺英网络,2025-09-17 13:11:48,26.43,20700,26.43,U
sz002517,恺英网络,2025-09-17 13:11:51,26.42,11400,26.43,E
sz002517,恺英网络,2025-09-17 13:11:54,26.43,12900,26.42,U
sz002517,恺英网络,2025-09-17 13:11:57,26.41,121100,26.43,D
sz002517,恺英网络,2025-09-17 13:12:00,26.45,60900,26.41,U
sz002517,恺英网络,2025-09-17 13:12:06,26.45,36200,26.45,U
sz002517,恺英网络,2025-09-17 13:12:12,26.42,8600,26.44,D
sz002517,恺英网络,2025-09-17 13:12:15,26.44,11000,26.42,U
sz002517,恺英网络,2025-09-17 13:12:18,26.45,23400,26.44,U
sz002517,恺英网络,2025-09-17 13:12:24,26.37,30000,26.44,D
sz002517,恺英网络,2025-09-17 13:12:27,26.44,12500,26.37,U
sz002517,恺英网络,2025-09-17 13:12:39,26.35,33000,26.42,D
sz002517,恺英网络,2025-09-17 13:12:42,26.35,108200,26.35,E
sz002517,恺英网络,2025-09-17 13:12:45,26.45,323100,26.35,U
sz002517,恺英网络,2025-09-17 13:12:48,26.55,179500,26.45,U
sz002517,恺英网络,2025-09-17 13:12:51,26.45,99600,26.55,D
sz002517,恺英网络,2025-09-17 13:12:54,26.57,11900,26.45,U
sz002517,恺英网络,2025-09-17 13:12:57,26.57,24400,26.57,U
sz002517,恺英网络,2025-09-17 13:13:00,26.57,28000,26.57,U
sz002517,恺英网络,2025-09-17 13:13:03,26.5,45300,26.57,D
sz002517,恺英网络,2025-09-17 13:13:06,26.55,24400,26.5,E
sz002517,恺英网络,2025-09-17 13:13:09,26.5,36700,26.55,E
sz002517,恺英网络,2025-09-17 13:13:12,26.55,39700,26.5,U
sz002517,恺英网络,2025-09-17 13:13:15,26.48,25300,26.55,E
sz002517,恺英网络,2025-09-17 13:13:18,26.5,15100,26.48,E
sz002517,恺英网络,2025-09-17 13:13:24,26.45,11800,26.5,D
sz002517,恺英网络,2025-09-17 13:13:27,26.5,8600,26.45,U
sz002517,恺英网络,2025-09-17 13:13:30,26.5,26200,26.5,E
sz002517,恺英网络,2025-09-17 13:13:33,26.51,60000,26.5,U
sz002517,恺英网络,2025-09-17 13:13:36,26.5,52400,26.51,D
sz002517,恺英网络,2025-09-17 13:13:39,26.57,68300,26.5,U
sz002517,恺英网络,2025-09-17 13:13:45,26.55,11900,26.56,E
sz002517,恺英网络,2025-09-17 13:13:48,26.57,8600,26.55,U
sz002517,恺英网络,2025-09-17 13:13:51,26.58,36400,26.57,U
sz002517,恺英网络,2025-09-17 13:13:54,26.58,29500,26.58,U
sz002517,恺英网络,2025-09-17 13:13:57,26.55,36800,26.58,D
sz002517,恺英网络,2025-09-17 13:14:00,26.58,23100,26.55,E
sz002517,恺英网络,2025-09-17 13:14:03,26.6,18700,26.58,U
sz002517,恺英网络,2025-09-17 13:14:06,26.58,11000,26.6,D
sz002517,恺英网络,2025-09-17 13:14:12,26.58,8700,26.58,U
sz002517,恺英网络,2025-09-17 13:14:15,26.51,22000,26.58,D
sz002517,恺英网络,2025-09-17 13:14:18,26.54,8400,26.51,U
sz002517,恺英网络,2025-09-17 13:14:21,26.54,14200,26.54,U
sz002517,恺英网络,2025-09-17 13:14:27,26.5,16100,26.56,D
sz002517,恺英网络,2025-09-17 13:14:36,26.53,9400,26.5,E
sz002517,恺英网络,2025-09-17 13:14:42,26.54,13200,26.56,D
sz002517,恺英网络,2025-09-17 13:14:45,26.58,152500,26.54,U
sz002517,恺英网络,2025-09-17 13:14:48,26.63,152200,26.58,U
sz002517,恺英网络,2025-09-17 13:14:51,26.6,45900,26.63,D
sz002517,恺英网络,2025-09-17 13:14:54,26.67,88800,26.6,U
sz002517,恺英网络,2025-09-17 13:14:57,26.68,30000,26.67,U
sz002517,恺英网络,2025-09-17 13:15:00,26.68,36500,26.68,U
sz002517,恺英网络,2025-09-17 13:15:03,26.7,60700,26.68,U
sz002517,恺英网络,2025-09-17 13:15:06,26.73,17600,26.7,U
sz002517,恺英网络,2025-09-17 13:15:09,26.71,17700,26.73,D
sz002517,恺英网络,2025-09-17 13:15:12,26.74,24700,26.71,U
sz002517,恺英网络,2025-09-17 13:15:15,26.72,20500,26.74,D
sz002517,恺英网络,2025-09-17 13:15:18,26.73,92700,26.72,E
sz002517,恺英网络,2025-09-17 13:15:21,26.72,67000,26.73,E
sz002517,恺英网络,2025-09-17 13:15:24,26.73,55600,26.72,E
sz002517,恺英网络,2025-09-17 13:15:27,26.74,56000,26.73,U
sz002517,恺英网络,2025-09-17 13:15:30,26.81,131400,26.74,U
sz002517,恺英网络,2025-09-17 13:15:33,26.84,24200,26.81,U
sz002517,恺英网络,2025-09-17 13:15:36,26.84,72000,26.84,D
sz002517,恺英网络,2025-09-17 13:15:39,26.84,52800,26.84,U
sz002517,恺英网络,2025-09-17 13:15:42,26.87,48800,26.84,U
sz002517,恺英网络,2025-09-17 13:15:45,26.89,74900,26.87,U
sz002517,恺英网络,2025-09-17 13:15:48,26.9,75900,26.89,U
sz002517,恺英网络,2025-09-17 13:15:51,26.92,25000,26.9,U
sz002517,恺英网络,2025-09-17 13:15:54,26.9,51300,26.92,D
sz002517,恺英网络,2025-09-17 13:15:57,26.92,86700,26.9,U
sz002517,恺英网络,2025-09-17 13:16:00,26.93,72800,26.92,U
sz002517,恺英网络,2025-09-17 13:16:03,26.92,35300,26.93,D
sz002517,恺英网络,2025-09-17 13:16:06,26.92,38900,26.92,D
sz002517,恺英网络,2025-09-17 13:16:09,26.95,75700,26.92,U
sz002517,恺英网络,2025-09-17 13:16:12,26.98,289950,26.95,U
sz002517,恺英网络,2025-09-17 13:16:15,27.05,35100,26.98,U
sz002517,恺英网络,2025-09-17 13:16:18,27.09,73300,27.05,U
sz002517,恺英网络,2025-09-17 13:16:21,27.09,44100,27.09,U
sz002517,恺英网络,2025-09-17 13:16:24,27.1,51400,27.09,U
sz002517,恺英网络,2025-09-17 13:16:27,27.12,35500,27.1,D
sz002517,恺英网络,2025-09-17 13:16:30,27.15,58700,27.12,U
sz002517,恺英网络,2025-09-17 13:16:33,27.17,46300,27.15,U
sz002517,恺英网络,2025-09-17 13:16:36,27.17,24200,27.17,U
sz002517,恺英网络,2025-09-17 13:16:39,27.19,28400,27.17,U
sz002517,恺英网络,2025-09-17 13:16:42,27.14,111300,27.19,D
sz002517,恺英网络,2025-09-17 13:16:45,27.11,51700,27.14,D
sz002517,恺英网络,2025-09-17 13:16:48,27.05,21700,27.11,D
sz002517,恺英网络,2025-09-17 13:16:51,27.0,18000,27.05,D
sz002517,恺英网络,2025-09-17 13:16:54,27.12,21200,27.0,U
sz002517,恺英网络,2025-09-17 13:16:57,27.09,36400,27.12,E
sz002517,恺英网络,2025-09-17 13:17:00,27.12,40700,27.09,U
sz002517,恺英网络,2025-09-17 13:17:03,27.11,89100,27.12,E
sz002517,恺英网络,2025-09-17 13:17:06,27.09,53800,27.11,D
sz002517,恺英网络,2025-09-17 13:17:09,27.09,29200,27.09,U
sz002517,恺英网络,2025-09-17 13:17:12,27.07,42900,27.09,E
sz002517,恺英网络,2025-09-17 13:17:15,27.01,44400,27.07,D
sz002517,恺英网络,2025-09-17 13:17:18,27.0,8100,27.01,U
sz002517,恺英网络,2025-09-17 13:17:21,26.92,25400,27.0,D
sz002517,恺英网络,2025-09-17 13:17:27,26.92,13700,26.93,U
sz002517,恺英网络,2025-09-17 13:17:30,26.96,12800,26.92,U
sz002517,恺英网络,2025-09-17 13:17:33,26.99,7800,26.96,U
sz002517,恺英网络,2025-09-17 13:17:36,26.92,23600,26.99,E
sz002517,恺英网络,2025-09-17 13:17:39,27.0,17900,26.92,U
sz002517,恺英网络,2025-09-17 13:17:42,27.0,63300,27.0,U
sz002517,恺英网络,2025-09-17 13:17:45,27.05,26800,27.0,U
sz002517,恺英网络,2025-09-17 13:17:48,26.98,185800,27.05,D
sz002517,恺英网络,2025-09-17 13:17:51,27.05,186500,26.98,U
sz002517,恺英网络,2025-09-17 13:17:54,27.1,33700,27.05,U
sz002517,恺英网络,2025-09-17 13:17:57,27.15,32100,27.1,U
sz002517,恺英网络,2025-09-17 13:18:00,27.12,27300,27.15,D
sz002517,恺英网络,2025-09-17 13:18:03,27.15,41600,27.12,U
sz002517,恺英网络,2025-09-17 13:18:06,27.11,34700,27.15,D
sz002517,恺英网络,2025-09-17 13:18:09,27.11,29100,27.11,D
sz002517,恺英网络,2025-09-17 13:18:12,27.04,10000,27.11,D
sz002517,恺英网络,2025-09-17 13:18:15,27.04,24800,27.04,D
sz002517,恺英网络,2025-09-17 13:18:18,27.08,14100,27.04,U
sz002517,恺英网络,2025-09-17 13:18:21,27.06,35500,27.08,D
sz002517,恺英网络,2025-09-17 13:18:24,27.1,17700,27.06,E
sz002517,恺英网络,2025-09-17 13:18:27,27.06,25100,27.1,E
sz002517,恺英网络,2025-09-17 13:18:30,27.05,20800,27.06,E
sz002517,恺英网络,2025-09-17 13:18:33,27.04,42200,27.05,E
sz002517,恺英网络,2025-09-17 13:18:36,27.11,46000,27.04,U
sz002517,恺英网络,2025-09-17 13:18:39,27.04,51900,27.11,D
sz002517,恺英网络,2025-09-17 13:18:42,27.1,34400,27.04,E
sz002517,恺英网络,2025-09-17 13:18:45,27.1,26700,27.1,U
sz002517,恺英网络,2025-09-17 13:18:48,27.11,26600,27.1,E
sz002517,恺英网络,2025-09-17 13:18:51,27.1,16500,27.11,D
sz002517,恺英网络,2025-09-17 13:18:54,27.05,20500,27.1,D
sz002517,恺英网络,2025-09-17 13:18:57,27.05,52700,27.05,D
sz002517,恺英网络,2025-09-17 13:19:00,27.01,9800,27.05,E
sz002517,恺英网络,2025-09-17 13:19:03,27.05,25600,27.01,U
sz002517,恺英网络,2025-09-17 13:19:06,26.97,14300,27.05,E
sz002517,恺英网络,2025-09-17 13:19:09,27.02,18100,26.97,U
sz002517,恺英网络,2025-09-17 13:19:12,27.01,16600,27.02,U
sz002517,恺英网络,2025-09-17 13:19:15,27.01,48900,27.01,D
sz002517,恺英网络,2025-09-17 13:19:18,27.03,24700,27.01,E
sz002517,恺英网络,2025-09-17 13:19:21,27.04,38300,27.03,E
sz002517,恺英网络,2025-09-17 13:19:24,27.03,27300,27.04,D
sz002517,恺英网络,2025-09-17 13:19:27,27.05,23800,27.03,U
sz002517,恺英网络,2025-09-17 13:19:30,27.02,11100,27.05,D
sz002517,恺英网络,2025-09-17 13:19:33,27.01,10600,27.02,D
sz002517,恺英网络,2025-09-17 13:19:36,27.01,14300,27.01,D
sz002517,恺英网络,2025-09-17 13:19:39,27.0,63300,27.01,D
sz002517,恺英网络,2025-09-17 13:19:42,26.99,11300,27.0,D
sz002517,恺英网络,2025-09-17 13:19:45,27.0,33200,26.99,U
sz002517,恺英网络,2025-09-17 13:19:48,27.0,12600,27.0,D
sz002517,恺英网络,2025-09-17 13:19:51,27.01,11900,27.0,U
sz002517,恺英网络,2025-09-17 13:20:06,27.1,30400,27.07,U
sz002517,恺英网络,2025-09-17 13:20:09,27.1,35000,27.1,U
sz002517,恺英网络,2025-09-17 13:20:12,27.13,49929,27.1,U
sz002517,恺英网络,2025-09-17 13:20:15,27.15,138300,27.13,U
sz002517,恺英网络,2025-09-17 13:20:18,27.15,68200,27.15,U
sz002517,恺英网络,2025-09-17 13:20:21,27.18,30900,27.15,U
sz002517,恺英网络,2025-09-17 13:20:24,27.13,77900,27.18,D
sz002517,恺英网络,2025-09-17 13:20:27,27.18,24800,27.13,U
sz002517,恺英网络,2025-09-17 13:20:30,27.19,11200,27.18,U
sz002517,恺英网络,2025-09-17 13:20:33,27.2,21900,27.19,U
sz002517,恺英网络,2025-09-17 13:20:36,27.2,65300,27.2,U
sz002517,恺英网络,2025-09-17 13:20:39,27.21,31900,27.2,U
sz002517,恺英网络,2025-09-17 13:20:42,27.27,15600,27.21,U
sz002517,恺英网络,2025-09-17 13:20:45,27.27,25100,27.27,U
sz002517,恺英网络,2025-09-17 13:20:48,27.27,20500,27.27,U
sz002517,恺英网络,2025-09-17 13:20:51,27.21,80800,27.27,D
sz002517,恺英网络,2025-09-17 13:20:54,27.25,18900,27.21,U
sz002517,恺英网络,2025-09-17 13:20:57,27.21,8500,27.25,E
sz002517,恺英网络,2025-09-17 13:21:00,27.25,39500,27.21,E
sz002517,恺英网络,2025-09-17 13:21:03,27.27,21200,27.25,U
sz002517,恺英网络,2025-09-17 13:21:06,27.26,32400,27.27,E
sz002517,恺英网络,2025-09-17 13:21:09,27.28,25700,27.26,U
sz002517,恺英网络,2025-09-17 13:21:12,27.28,31100,27.28,U
sz002517,恺英网络,2025-09-17 13:21:15,27.3,49200,27.28,E
sz002517,恺英网络,2025-09-17 13:21:18,27.3,42400,27.3,U
sz002517,恺英网络,2025-09-17 13:21:21,27.3,61800,27.3,U
sz002517,恺英网络,2025-09-17 13:21:24,27.23,92200,27.3,D
sz002517,恺英网络,2025-09-17 13:21:27,27.3,76700,27.23,U
sz002517,恺英网络,2025-09-17 13:21:30,27.31,24000,27.3,U
sz002517,恺英网络,2025-09-17 13:21:33,27.3,64400,27.31,E
sz002517,恺英网络,2025-09-17 13:21:36,27.3,12700,27.3,U
sz002517,恺英网络,2025-09-17 13:21:39,27.27,34800,27.3,E
sz002517,恺英网络,2025-09-17 13:21:42,27.26,23600,27.27,D
sz002517,恺英网络,2025-09-17 13:21:45,27.27,47100,27.26,E
sz002517,恺英网络,2025-09-17 13:21:48,27.3,23700,27.27,U
sz002517,恺英网络,2025-09-17 13:21:51,27.3,7700,27.3,U
sz002517,恺英网络,2025-09-17 13:21:54,27.31,30200,27.3,U
sz002517,恺英网络,2025-09-17 13:21:57,27.3,28200,27.31,D
sz002517,恺英网络,2025-09-17 13:22:00,27.3,42900,27.3,U
sz002517,恺英网络,2025-09-17 13:22:03,27.25,22300,27.3,D
sz002517,恺英网络,2025-09-17 13:22:06,27.25,59800,27.25,D
sz002517,恺英网络,2025-09-17 13:22:09,27.25,17200,27.25,U
sz002517,恺英网络,2025-09-17 13:22:12,27.22,31600,27.25,D
sz002517,恺英网络,2025-09-17 13:22:15,27.19,143900,27.22,D
sz002517,恺英网络,2025-09-17 13:22:18,27.19,12000,27.19,U
sz002517,恺英网络,2025-09-17 13:22:21,27.17,10700,27.19,D
sz002517,恺英网络,2025-09-17 13:22:27,27.16,10100,27.15,U
sz002517,恺英网络,2025-09-17 13:22:30,27.17,86400,27.16,U
sz002517,恺英网络,2025-09-17 13:22:33,27.17,15200,27.17,D
sz002517,恺英网络,2025-09-17 13:22:36,27.17,26400,27.17,E
sz002517,恺英网络,2025-09-17 13:22:39,27.19,19100,27.17,U
sz002517,恺英网络,2025-09-17 13:22:42,27.2,11200,27.19,U
sz002517,恺英网络,2025-09-17 13:22:45,27.23,12600,27.2,U
sz002517,恺英网络,2025-09-17 13:22:48,27.23,10200,27.23,D
sz002517,恺英网络,2025-09-17 13:23:00,27.2,11100,27.21,D
sz002517,恺英网络,2025-09-17 13:23:03,27.27,27400,27.2,U
sz002517,恺英网络,2025-09-17 13:23:06,27.29,99800,27.27,U
sz002517,恺英网络,2025-09-17 13:23:09,27.25,27400,27.29,D
sz002517,恺英网络,2025-09-17 13:23:12,27.23,44000,27.25,D
sz002517,恺英网络,2025-09-17 13:23:15,27.31,8000,27.23,D
sz002517,恺英网络,2025-09-17 13:23:18,27.31,9400,27.31,D
sz002517,恺英网络,2025-09-17 13:23:21,27.32,37400,27.31,U
sz002517,恺英网络,2025-09-17 13:23:24,27.33,76300,27.32,U
sz002517,恺英网络,2025-09-17 13:23:27,27.33,18600,27.33,U
sz002517,恺英网络,2025-09-17 13:23:30,27.32,29800,27.33,D
sz002517,恺英网络,2025-09-17 13:23:33,27.35,113700,27.32,U
sz002517,恺英网络,2025-09-17 13:23:36,27.33,40900,27.35,D
sz002517,恺英网络,2025-09-17 13:23:39,27.39,21600,27.33,U
sz002517,恺英网络,2025-09-17 13:23:42,27.4,8500,27.39,U
sz002517,恺英网络,2025-09-17 13:23:48,27.4,127500,27.41,D
sz002517,恺英网络,2025-09-17 13:23:51,27.4,19000,27.4,U
sz002517,恺英网络,2025-09-17 13:23:54,27.45,38300,27.4,U
sz002517,恺英网络,2025-09-17 13:23:57,27.46,10700,27.45,U
sz002517,恺英网络,2025-09-17 13:24:00,27.46,27400,27.46,U
sz002517,恺英网络,2025-09-17 13:24:03,27.46,143100,27.46,U
sz002517,恺英网络,2025-09-17 13:24:06,27.46,25100,27.46,U
sz002517,恺英网络,2025-09-17 13:24:09,27.46,19300,27.46,D
sz002517,恺英网络,2025-09-17 13:24:15,27.44,43900,27.47,U
sz002517,恺英网络,2025-09-17 13:24:18,27.39,18200,27.44,E
sz002517,恺英网络,2025-09-17 13:24:24,27.37,7700,27.4,E
sz002517,恺英网络,2025-09-17 13:24:27,27.38,8400,27.37,E
sz002517,恺英网络,2025-09-17 13:24:30,27.34,19700,27.38,D
sz002517,恺英网络,2025-09-17 13:24:36,27.3,24000,27.37,D
sz002517,恺英网络,2025-09-17 13:24:39,27.29,34900,27.3,D
sz002517,恺英网络,2025-09-17 13:24:45,27.26,56700,27.26,D
sz002517,恺英网络,2025-09-17 13:24:57,27.3,32900,27.29,U
sz002517,恺英网络,2025-09-17 13:25:00,27.28,93200,27.3,D
sz002517,恺英网络,2025-09-17 13:25:03,27.27,12100,27.28,D
sz002517,恺英网络,2025-09-17 13:25:06,27.29,26000,27.27,U
sz002517,恺英网络,2025-09-17 13:25:12,27.29,11200,27.29,D
sz002517,恺英网络,2025-09-17 13:25:15,27.3,52600,27.29,U
sz002517,恺英网络,2025-09-17 13:25:18,27.29,17600,27.3,D
sz002517,恺英网络,2025-09-17 13:25:24,27.28,14800,27.27,E
sz002517,恺英网络,2025-09-17 13:25:27,27.2,50700,27.28,D
sz002517,恺英网络,2025-09-17 13:25:39,27.18,9900,27.2,D
sz002517,恺英网络,2025-09-17 13:25:48,27.2,18500,27.18,U
sz002517,恺英网络,2025-09-17 13:25:51,27.18,32700,27.2,D
sz002517,恺英网络,2025-09-17 13:25:57,27.16,18800,27.18,D
sz002517,恺英网络,2025-09-17 13:26:03,27.15,26700,27.18,D
sz002517,恺英网络,2025-09-17 13:26:06,27.14,8300,27.15,D
sz002517,恺英网络,2025-09-17 13:26:09,27.18,15300,27.14,U
sz002517,恺英网络,2025-09-17 13:26:12,27.15,7800,27.18,D
sz002517,恺英网络,2025-09-17 13:26:18,27.16,11000,27.16,D
sz002517,恺英网络,2025-09-17 13:26:27,27.16,12400,27.16,D
sz002517,恺英网络,2025-09-17 13:26:30,27.16,36900,27.16,D
sz002517,恺英网络,2025-09-17 13:26:33,27.15,13000,27.16,D
sz002517,恺英网络,2025-09-17 13:26:36,27.16,22100,27.15,U
sz002517,恺英网络,2025-09-17 13:26:42,27.13,8700,27.14,D
sz002517,恺英网络,2025-09-17 13:26:45,27.12,49100,27.13,D
sz002517,恺英网络,2025-09-17 13:26:48,27.13,16100,27.12,E
sz002517,恺英网络,2025-09-17 13:26:57,27.07,29800,27.1,D
sz002517,恺英网络,2025-09-17 13:27:06,27.07,10700,27.08,D
sz002517,恺英网络,2025-09-17 13:27:09,27.06,12100,27.07,D
sz002517,恺英网络,2025-09-17 13:27:15,27.06,7600,27.06,D
sz002517,恺英网络,2025-09-17 13:27:18,27.05,35700,27.06,D
sz002517,恺英网络,2025-09-17 13:27:27,27.01,18800,27.02,D
sz002517,恺英网络,2025-09-17 13:27:30,27.0,71600,27.01,D
sz002517,恺英网络,2025-09-17 13:27:36,26.95,30400,26.99,D
sz002517,恺英网络,2025-09-17 13:27:39,26.95,18900,26.95,D
sz002517,恺英网络,2025-09-17 13:27:42,26.89,17000,26.95,D
sz002517,恺英网络,2025-09-17 13:27:48,26.93,16700,26.89,U
sz002517,恺英网络,2025-09-17 13:27:51,26.91,29900,26.93,E
sz002517,恺英网络,2025-09-17 13:27:54,27.01,27000,26.91,U
sz002517,恺英网络,2025-09-17 13:28:06,27.06,15900,27.03,U
sz002517,恺英网络,2025-09-17 13:28:12,27.03,28500,27.05,D
sz002517,恺英网络,2025-09-17 13:28:15,27.02,8200,27.03,D
sz002517,恺英网络,2025-09-17 13:28:18,27.01,66800,27.02,D
sz002517,恺英网络,2025-09-17 13:28:33,27.01,17400,27.01,D
sz002517,恺英网络,2025-09-17 13:28:36,27.02,22900,27.01,U
sz002517,恺英网络,2025-09-17 13:28:39,27.02,19800,27.02,U
sz002517,恺英网络,2025-09-17 13:28:45,27.01,7500,27.01,D
sz002517,恺英网络,2025-09-17 13:28:48,27.02,17300,27.01,U
sz002517,恺英网络,2025-09-17 13:28:54,27.01,13600,27.02,D
sz002517,恺英网络,2025-09-17 13:28:57,27.02,30800,27.01,U
sz002517,恺英网络,2025-09-17 13:29:00,27.03,8100,27.02,U
sz002517,恺英网络,2025-09-17 13:29:03,27.01,7700,27.03,D
sz002517,恺英网络,2025-09-17 13:29:06,27.02,16200,27.01,U
sz002517,恺英网络,2025-09-17 13:29:09,27.01,16900,27.02,D
sz002517,恺英网络,2025-09-17 13:29:15,27.0,11600,27.01,D
sz002517,恺英网络,2025-09-17 13:29:24,27.03,10200,27.02,U
sz002517,恺英网络,2025-09-17 13:29:36,27.07,11700,27.02,U
sz002517,恺英网络,2025-09-17 13:29:45,27.03,20600,27.08,D
sz002517,恺英网络,2025-09-17 13:29:48,27.09,9300,27.03,D
sz002517,恺英网络,2025-09-17 13:30:03,27.08,10300,27.09,D
sz002517,恺英网络,2025-09-17 13:30:15,27.17,9100,27.12,U
sz002517,恺英网络,2025-09-17 13:30:18,27.19,16400,27.17,U
sz002517,恺英网络,2025-09-17 13:30:21,27.22,53600,27.19,U
sz002517,恺英网络,2025-09-17 13:30:27,27.26,7400,27.22,U
sz002517,恺英网络,2025-09-17 13:30:30,27.27,8900,27.26,U
sz002517,恺英网络,2025-09-17 13:30:33,27.28,8300,27.27,U
sz002517,恺英网络,2025-09-17 13:30:36,27.27,19000,27.28,D
sz002517,恺英网络,2025-09-17 13:30:39,27.26,40500,27.27,E
sz002517,恺英网络,2025-09-17 13:30:42,27.26,11600,27.26,U
sz002517,恺英网络,2025-09-17 13:30:45,27.25,9400,27.26,E
sz002517,恺英网络,2025-09-17 13:30:48,27.25,31900,27.25,U
sz002517,恺英网络,2025-09-17 13:30:57,27.21,11500,27.2,U
sz002517,恺英网络,2025-09-17 13:31:00,27.19,13800,27.21,D
sz002517,恺英网络,2025-09-17 13:31:18,27.16,17300,27.17,D
sz002517,恺英网络,2025-09-17 13:31:21,27.2,21000,27.16,U
sz002517,恺英网络,2025-09-17 13:31:24,27.16,22900,27.2,D
sz002517,恺英网络,2025-09-17 13:31:39,27.22,15000,27.21,U
sz002517,恺英网络,2025-09-17 13:31:42,27.22,17300,27.22,D
sz002517,恺英网络,2025-09-17 13:31:45,27.26,12100,27.22,U
sz002517,恺英网络,2025-09-17 13:31:48,27.25,20600,27.26,E
sz002517,恺英网络,2025-09-17 13:31:51,27.29,14400,27.25,U
sz002517,恺英网络,2025-09-17 13:31:54,27.35,60600,27.29,U
sz002517,恺英网络,2025-09-17 13:31:57,27.35,16800,27.35,D
sz002517,恺英网络,2025-09-17 13:32:00,27.39,14800,27.35,U
sz002517,恺英网络,2025-09-17 13:32:03,27.32,28600,27.39,D
sz002517,恺英网络,2025-09-17 13:32:06,27.32,26100,27.32,D
sz002517,恺英网络,2025-09-17 13:32:09,27.29,34100,27.32,D
sz002517,恺英网络,2025-09-17 13:32:18,27.23,9500,27.22,E
sz002517,恺英网络,2025-09-17 13:32:24,27.27,13400,27.24,U
sz002517,恺英网络,2025-09-17 13:32:33,27.26,33000,27.27,E
sz002517,恺英网络,2025-09-17 13:32:36,27.27,54500,27.26,U
sz002517,恺英网络,2025-09-17 13:32:42,27.24,10000,27.26,D
sz002517,恺英网络,2025-09-17 13:32:45,27.22,78500,27.24,D
sz002517,恺英网络,2025-09-17 13:32:48,27.21,43600,27.22,D
sz002517,恺英网络,2025-09-17 13:32:54,27.21,10900,27.21,U
sz002517,恺英网络,2025-09-17 13:32:57,27.2,13300,27.21,D
sz002517,恺英网络,2025-09-17 13:33:06,27.18,36500,27.17,U
sz002517,恺英网络,2025-09-17 13:33:09,27.16,7900,27.18,D
sz002517,恺英网络,2025-09-17 13:33:15,27.07,29100,27.2,D
sz002517,恺英网络,2025-09-17 13:33:21,27.14,21700,27.17,D
sz002517,恺英网络,2025-09-17 13:33:24,27.14,64200,27.14,U
sz002517,恺英网络,2025-09-17 13:33:27,27.14,73300,27.14,U
sz002517,恺英网络,2025-09-17 13:33:30,27.14,23200,27.14,U
sz002517,恺英网络,2025-09-17 13:33:33,27.13,17000,27.14,E
sz002517,恺英网络,2025-09-17 13:33:36,27.13,26600,27.13,U
sz002517,恺英网络,2025-09-17 13:33:42,27.12,33700,27.13,D
sz002517,恺英网络,2025-09-17 13:33:57,27.19,31800,27.13,U
sz002517,恺英网络,2025-09-17 13:34:09,27.15,40900,27.19,D
sz002517,恺英网络,2025-09-17 13:34:27,27.2,29300,27.17,U
sz002517,恺英网络,2025-09-17 13:34:33,27.18,8400,27.18,D
sz002517,恺英网络,2025-09-17 13:34:36,27.2,13900,27.18,U
sz002517,恺英网络,2025-09-17 13:34:39,27.2,19800,27.2,U
sz002517,恺英网络,2025-09-17 13:34:42,27.19,14700,27.2,D
sz002517,恺英网络,2025-09-17 13:34:45,27.2,12800,27.19,U
sz002517,恺英网络,2025-09-17 13:34:54,27.21,18500,27.22,D
sz002517,恺英网络,2025-09-17 13:34:57,27.21,10000,27.21,U
sz002517,恺英网络,2025-09-17 13:35:00,27.21,110500,27.21,D
sz002517,恺英网络,2025-09-17 13:35:03,27.18,19600,27.21,E
sz002517,恺英网络,2025-09-17 13:35:12,27.11,17100,27.19,E
sz002517,恺英网络,2025-09-17 13:35:18,27.07,9200,27.11,E
sz002517,恺英网络,2025-09-17 13:35:21,27.12,11000,27.07,U
sz002517,恺英网络,2025-09-17 13:35:24,27.07,14800,27.12,D
sz002517,恺英网络,2025-09-17 13:35:27,27.07,12400,27.07,E
sz002517,恺英网络,2025-09-17 13:35:33,27.06,40000,27.07,D
sz002517,恺英网络,2025-09-17 13:35:36,27.02,14800,27.06,D
sz002517,恺英网络,2025-09-17 13:35:39,27.0,64900,27.02,D
sz002517,恺英网络,2025-09-17 13:35:42,26.96,13100,27.0,D
sz002517,恺英网络,2025-09-17 13:35:45,26.92,9400,26.96,D
sz002517,恺英网络,2025-09-17 13:35:48,26.93,14100,26.92,E
sz002517,恺英网络,2025-09-17 13:35:54,26.93,7600,26.93,D
sz002517,恺英网络,2025-09-17 13:35:57,26.93,56800,26.93,D
sz002517,恺英网络,2025-09-17 13:36:00,26.93,18500,26.93,U
sz002517,恺英网络,2025-09-17 13:36:03,26.88,44800,26.93,D
sz002517,恺英网络,2025-09-17 13:36:06,26.87,9100,26.88,D
sz002517,恺英网络,2025-09-17 13:36:09,26.87,43700,26.87,D
sz002517,恺英网络,2025-09-17 13:36:12,26.89,13100,26.87,U
sz002517,恺英网络,2025-09-17 13:36:21,26.88,24900,26.88,D
sz002517,恺英网络,2025-09-17 13:36:24,26.88,17600,26.88,U
sz002517,恺英网络,2025-09-17 13:36:30,26.9,26400,26.89,U
sz002517,恺英网络,2025-09-17 13:36:36,26.9,9700,26.9,D
sz002517,恺英网络,2025-09-17 13:36:45,26.93,26600,26.91,U
sz002517,恺英网络,2025-09-17 13:37:00,26.93,11600,26.92,U
sz002517,恺英网络,2025-09-17 13:37:06,26.93,8500,26.92,U
sz002517,恺英网络,2025-09-17 13:37:09,26.93,24300,26.93,U
sz002517,恺英网络,2025-09-17 13:37:12,26.92,15750,26.93,D
sz002517,恺英网络,2025-09-17 13:37:18,26.93,9800,26.92,D
sz002517,恺英网络,2025-09-17 13:37:24,26.94,8100,26.93,U
sz002517,恺英网络,2025-09-17 13:37:27,26.94,16900,26.94,U
sz002517,恺英网络,2025-09-17 13:37:30,26.93,10600,26.94,D
sz002517,恺英网络,2025-09-17 13:37:33,26.93,23000,26.93,D
sz002517,恺英网络,2025-09-17 13:37:36,26.94,7500,26.93,U
sz002517,恺英网络,2025-09-17 13:37:39,26.94,11700,26.94,D
sz002517,恺英网络,2025-09-17 13:37:42,26.94,9100,26.94,D
sz002517,恺英网络,2025-09-17 13:37:45,26.94,18600,26.94,D
sz002517,恺英网络,2025-09-17 13:37:51,26.97,10800,26.95,U
sz002517,恺英网络,2025-09-17 13:37:57,26.98,8900,26.97,U
sz002517,恺英网络,2025-09-17 13:38:09,26.97,9600,26.97,D
sz002517,恺英网络,2025-09-17 13:38:15,26.96,15900,26.97,E
sz002517,恺英网络,2025-09-17 13:38:24,26.96,9600,26.96,U
sz002517,恺英网络,2025-09-17 13:38:27,26.96,9300,26.96,D
sz002517,恺英网络,2025-09-17 13:38:36,26.94,7900,26.94,U
sz002517,恺英网络,2025-09-17 13:38:42,26.91,10400,26.93,D
sz002517,恺英网络,2025-09-17 13:39:18,26.96,17900,26.99,D
sz002517,恺英网络,2025-09-17 13:39:21,26.92,10100,26.96,D
sz002517,恺英网络,2025-09-17 13:39:24,26.93,8900,26.92,E
sz002517,恺英网络,2025-09-17 13:40:00,26.92,51600,26.94,D
sz002517,恺英网络,2025-09-17 13:40:09,26.9,26850,26.92,D
sz002517,恺英网络,2025-09-17 13:40:12,26.92,14900,26.9,U
sz002517,恺英网络,2025-09-17 13:40:15,26.9,16200,26.92,D
sz002517,恺英网络,2025-09-17 13:40:21,26.91,7600,26.9,E
sz002517,恺英网络,2025-09-17 13:40:24,26.9,24200,26.91,D
sz002517,恺英网络,2025-09-17 13:40:27,26.89,13800,26.9,D
sz002517,恺英网络,2025-09-17 13:40:33,26.89,34000,26.89,D
sz002517,恺英网络,2025-09-17 13:40:36,26.89,11600,26.89,D
sz002517,恺英网络,2025-09-17 13:41:03,26.92,16700,26.9,U
sz002517,恺英网络,2025-09-17 13:41:06,26.9,9500,26.92,D
sz002517,恺英网络,2025-09-17 13:41:09,26.92,14200,26.9,E
sz002517,恺英网络,2025-09-17 13:41:12,26.96,7700,26.92,U
sz002517,恺英网络,2025-09-17 13:41:15,26.97,20500,26.96,U
sz002517,恺英网络,2025-09-17 13:41:21,26.95,22200,26.96,D
sz002517,恺英网络,2025-09-17 13:41:33,26.95,11800,26.96,D
sz002517,恺英网络,2025-09-17 13:41:45,26.95,9000,26.95,U
sz002517,恺英网络,2025-09-17 13:42:18,26.95,19200,26.94,U
sz002517,恺英网络,2025-09-17 13:42:24,26.96,9300,26.95,E
sz002517,恺英网络,2025-09-17 13:42:54,26.98,8600,26.98,D
sz002517,恺英网络,2025-09-17 13:43:00,26.99,9500,26.99,U
sz002517,恺英网络,2025-09-17 13:43:03,26.99,11000,26.99,U
sz002517,恺英网络,2025-09-17 13:43:12,26.99,20600,26.99,D
sz002517,恺英网络,2025-09-17 13:43:18,27.0,8800,27.0,U
sz002517,恺英网络,2025-09-17 13:43:24,27.0,7500,26.99,U
sz002517,恺英网络,2025-09-17 13:43:54,26.98,16000,27.0,D
sz002517,恺英网络,2025-09-17 13:43:57,26.98,13300,26.98,D
sz002517,恺英网络,2025-09-17 13:44:24,26.95,21600,26.96,D
sz002517,恺英网络,2025-09-17 13:44:36,26.96,14400,26.95,E
sz002517,恺英网络,2025-09-17 13:44:42,26.99,15500,26.99,U
sz002517,恺英网络,2025-09-17 13:44:54,26.99,8300,27.0,E
sz002517,恺英网络,2025-09-17 13:44:57,27.0,16700,26.99,U
sz002517,恺英网络,2025-09-17 13:45:00,27.0,8300,27.0,U
sz002517,恺英网络,2025-09-17 13:45:09,27.0,10700,27.0,U
sz002517,恺英网络,2025-09-17 13:45:18,27.0,9500,27.0,U
sz002517,恺英网络,2025-09-17 13:45:30,27.0,10100,26.99,U
sz002517,恺英网络,2025-09-17 13:45:36,27.06,50900,27.0,U
sz002517,恺英网络,2025-09-17 13:45:39,27.1,13100,27.06,U
sz002517,恺英网络,2025-09-17 13:45:42,27.12,12100,27.1,U
sz002517,恺英网络,2025-09-17 13:45:45,27.13,8200,27.12,U
sz002517,恺英网络,2025-09-17 13:46:03,27.16,21500,27.13,U
sz002517,恺英网络,2025-09-17 13:46:12,27.13,15000,27.16,D
sz002517,恺英网络,2025-09-17 13:46:15,27.14,10600,27.13,U
sz002517,恺英网络,2025-09-17 13:46:21,27.16,29500,27.14,U
sz002517,恺英网络,2025-09-17 13:46:30,27.15,25500,27.16,D
sz002517,恺英网络,2025-09-17 13:46:36,27.17,15900,27.15,U
sz002517,恺英网络,2025-09-17 13:46:39,27.13,8200,27.17,D
sz002517,恺英网络,2025-09-17 13:46:48,27.18,41400,27.16,U
sz002517,恺英网络,2025-09-17 13:46:54,27.15,29300,27.17,D
sz002517,恺英网络,2025-09-17 13:47:03,27.15,13300,27.14,U
sz002517,恺英网络,2025-09-17 13:47:18,27.1,15000,27.13,D
sz002517,恺英网络,2025-09-17 13:47:57,27.0,8300,27.0,D
sz002517,恺英网络,2025-09-17 13:48:06,26.99,15600,27.0,D
sz002517,恺英网络,2025-09-17 13:48:12,27.02,28000,26.98,U
sz002517,恺英网络,2025-09-17 13:48:18,27.05,23400,26.99,U
sz002517,恺英网络,2025-09-17 13:48:27,27.05,8200,27.05,U
sz002517,恺英网络,2025-09-17 13:48:33,27.05,22400,27.05,D
sz002517,恺英网络,2025-09-17 13:49:12,27.04,12600,27.03,U
sz002517,恺英网络,2025-09-17 13:49:21,27.04,25200,27.02,U
sz002517,恺英网络,2025-09-17 13:49:36,27.09,11000,27.05,U
sz002517,恺英网络,2025-09-17 13:49:48,27.09,7400,27.09,U
sz002517,恺英网络,2025-09-17 13:50:18,27.09,10800,27.1,U
sz002517,恺英网络,2025-09-17 13:50:33,27.09,52900,27.09,D
sz002517,恺英网络,2025-09-17 13:50:36,27.1,27000,27.09,U
sz002517,恺英网络,2025-09-17 13:50:42,27.11,61900,27.1,U
sz002517,恺英网络,2025-09-17 13:50:51,27.1,26300,27.11,D
sz002517,恺英网络,2025-09-17 13:50:57,27.12,11800,27.1,U
sz002517,恺英网络,2025-09-17 13:51:33,27.1,33300,27.11,D
sz002517,恺英网络,2025-09-17 13:51:39,27.11,9100,27.12,E
sz002517,恺英网络,2025-09-17 13:51:45,27.12,57900,27.11,U
sz002517,恺英网络,2025-09-17 13:51:54,27.13,58300,27.13,U
sz002517,恺英网络,2025-09-17 13:52:00,27.13,16500,27.13,U
sz002517,恺英网络,2025-09-17 13:52:03,27.13,24800,27.13,D
sz002517,恺英网络,2025-09-17 13:52:06,27.14,92600,27.13,U
sz002517,恺英网络,2025-09-17 13:52:09,27.15,60500,27.14,U
sz002517,恺英网络,2025-09-17 13:52:12,27.16,91000,27.15,U
sz002517,恺英网络,2025-09-17 13:52:18,27.2,16600,27.18,U
sz002517,恺英网络,2025-09-17 13:52:21,27.2,12100,27.2,U
sz002517,恺英网络,2025-09-17 13:52:24,27.2,14900,27.2,U
sz002517,恺英网络,2025-09-17 13:52:33,27.21,38000,27.19,U
sz002517,恺英网络,2025-09-17 13:52:42,27.23,22000,27.22,U
sz002517,恺英网络,2025-09-17 13:52:48,27.25,11400,27.23,U
sz002517,恺英网络,2025-09-17 13:52:54,27.26,8500,27.26,U
sz002517,恺英网络,2025-09-17 13:52:57,27.26,8100,27.26,U
sz002517,恺英网络,2025-09-17 13:53:00,27.26,10100,27.26,U
sz002517,恺英网络,2025-09-17 13:53:03,27.26,13300,27.26,U
sz002517,恺英网络,2025-09-17 13:53:06,27.26,8200,27.26,U
sz002517,恺英网络,2025-09-17 13:53:09,27.26,7500,27.26,U
sz002517,恺英网络,2025-09-17 13:53:12,27.25,10500,27.26,D
sz002517,恺英网络,2025-09-17 13:53:27,27.26,24900,27.26,U
sz002517,恺英网络,2025-09-17 13:53:30,27.26,19400,27.26,E
sz002517,恺英网络,2025-09-17 13:53:36,27.26,14000,27.25,D
sz002517,恺英网络,2025-09-17 13:53:39,27.28,17200,27.26,E
sz002517,恺英网络,2025-09-17 13:53:45,27.3,16100,27.3,U
sz002517,恺英网络,2025-09-17 13:53:51,27.3,29900,27.3,U
sz002517,恺英网络,2025-09-17 13:54:06,27.32,9800,27.32,U
sz002517,恺英网络,2025-09-17 13:54:18,27.38,17600,27.36,U
sz002517,恺英网络,2025-09-17 13:54:21,27.4,15300,27.38,U
sz002517,恺英网络,2025-09-17 13:54:24,27.4,36200,27.4,U
sz002517,恺英网络,2025-09-17 13:54:27,27.4,32800,27.4,U
sz002517,恺英网络,2025-09-17 13:54:30,27.35,20400,27.4,D
sz002517,恺英网络,2025-09-17 13:54:33,27.4,42900,27.35,U
sz002517,恺英网络,2025-09-17 13:54:36,27.39,8900,27.4,U
sz002517,恺英网络,2025-09-17 13:54:39,27.39,13400,27.39,U
sz002517,恺英网络,2025-09-17 13:54:45,27.4,7600,27.39,U
sz002517,恺英网络,2025-09-17 13:54:51,27.39,12600,27.38,D
sz002517,恺英网络,2025-09-17 13:55:00,27.39,15700,27.38,U
sz002517,恺英网络,2025-09-17 13:55:03,27.36,30800,27.39,D
sz002517,恺英网络,2025-09-17 13:55:06,27.36,17500,27.36,U
sz002517,恺英网络,2025-09-17 13:55:18,27.38,8500,27.38,U
sz002517,恺英网络,2025-09-17 13:55:27,27.39,18700,27.37,U
sz002517,恺英网络,2025-09-17 13:55:30,27.39,14100,27.39,D
sz002517,恺英网络,2025-09-17 13:55:36,27.4,21000,27.4,U
sz002517,恺英网络,2025-09-17 13:55:42,27.4,16400,27.4,U
sz002517,恺英网络,2025-09-17 13:55:45,27.4,7900,27.4,D
sz002517,恺英网络,2025-09-17 13:55:51,27.4,12200,27.4,U
sz002517,恺英网络,2025-09-17 13:55:57,27.4,8200,27.4,U
sz002517,恺英网络,2025-09-17 13:56:00,27.4,7500,27.4,U
sz002517,恺英网络,2025-09-17 13:56:21,27.39,13300,27.39,D
sz002517,恺英网络,2025-09-17 13:56:24,27.4,7300,27.39,U
sz002517,恺英网络,2025-09-17 13:56:30,27.39,8700,27.39,D
sz002517,恺英网络,2025-09-17 13:56:33,27.39,8000,27.39,D
sz002517,恺英网络,2025-09-17 13:56:39,27.39,10600,27.4,U
sz002517,恺英网络,2025-09-17 13:56:45,27.39,8700,27.39,D
sz002517,恺英网络,2025-09-17 13:56:57,27.38,17200,27.38,D
sz002517,恺英网络,2025-09-17 13:57:00,27.37,27400,27.38,D
sz002517,恺英网络,2025-09-17 13:57:06,27.36,26800,27.36,D
sz002517,恺英网络,2025-09-17 13:57:15,27.31,15700,27.31,D
sz002517,恺英网络,2025-09-17 13:57:42,27.33,10800,27.34,D
sz002517,恺英网络,2025-09-17 13:57:48,27.33,16700,27.33,D
sz002517,恺英网络,2025-09-17 13:57:51,27.33,12000,27.33,D
sz002517,恺英网络,2025-09-17 13:57:57,27.32,17600,27.33,D
sz002517,恺英网络,2025-09-17 13:58:00,27.32,15400,27.32,U
sz002517,恺英网络,2025-09-17 13:58:03,27.32,53500,27.32,U
sz002517,恺英网络,2025-09-17 13:58:33,27.33,10500,27.33,D
sz002517,恺英网络,2025-09-17 13:58:36,27.33,31700,27.33,U
sz002517,恺英网络,2025-09-17 13:58:42,27.32,28800,27.33,D
sz002517,恺英网络,2025-09-17 13:58:45,27.31,7400,27.32,D
sz002517,恺英网络,2025-09-17 13:59:00,27.3,11600,27.3,U
sz002517,恺英网络,2025-09-17 13:59:03,27.27,12400,27.3,D
sz002517,恺英网络,2025-09-17 13:59:09,27.29,53400,27.3,U
sz002517,恺英网络,2025-09-17 13:59:12,27.31,8300,27.29,E
sz002517,恺英网络,2025-09-17 13:59:15,27.31,7900,27.31,D
sz002517,恺英网络,2025-09-17 13:59:24,27.32,7700,27.29,U
sz002517,恺英网络,2025-09-17 13:59:30,27.32,8100,27.32,U
sz002517,恺英网络,2025-09-17 13:59:36,27.31,13900,27.32,D
sz002517,恺英网络,2025-09-17 13:59:45,27.3,9600,27.32,D
sz002517,恺英网络,2025-09-17 13:59:48,27.29,16400,27.3,D
sz002517,恺英网络,2025-09-17 13:59:57,27.31,53100,27.29,U
sz002517,恺英网络,2025-09-17 14:00:15,27.28,20100,27.32,D
sz002517,恺英网络,2025-09-17 14:00:30,27.25,8100,27.25,D
sz002517,恺英网络,2025-09-17 14:00:33,27.25,13300,27.25,D
sz002517,恺英网络,2025-09-17 14:00:36,27.24,15500,27.25,D
sz002517,恺英网络,2025-09-17 14:00:57,27.23,8900,27.24,D
sz002517,恺英网络,2025-09-17 14:01:03,27.22,7500,27.23,D
sz002517,恺英网络,2025-09-17 14:01:09,27.22,22500,27.21,U
sz002517,恺英网络,2025-09-17 14:01:15,27.22,23300,27.22,U
sz002517,恺英网络,2025-09-17 14:01:18,27.23,12000,27.22,U
sz002517,恺英网络,2025-09-17 14:01:33,27.22,50500,27.22,D
sz002517,恺英网络,2025-09-17 14:01:45,27.21,9600,27.22,D
sz002517,恺英网络,2025-09-17 14:01:48,27.23,57400,27.21,U
sz002517,恺英网络,2025-09-17 14:01:57,27.24,10900,27.23,U
sz002517,恺英网络,2025-09-17 14:02:09,27.2,24600,27.24,D
sz002517,恺英网络,2025-09-17 14:02:12,27.18,10600,27.2,D
sz002517,恺英网络,2025-09-17 14:02:21,27.15,8400,27.19,D
sz002517,恺英网络,2025-09-17 14:02:30,27.12,33400,27.13,D
sz002517,恺英网络,2025-09-17 14:02:39,27.14,38100,27.12,U
sz002517,恺英网络,2025-09-17 14:03:03,27.09,11700,27.1,D
sz002517,恺英网络,2025-09-17 14:03:09,27.07,24700,27.11,D
sz002517,恺英网络,2025-09-17 14:03:12,27.06,8100,27.07,E
sz002517,恺英网络,2025-09-17 14:03:24,27.07,9300,27.06,U
sz002517,恺英网络,2025-09-17 14:03:27,27.07,12200,27.07,U
sz002517,恺英网络,2025-09-17 14:03:57,27.16,14500,27.16,U
sz002517,恺英网络,2025-09-17 14:04:03,27.16,17900,27.15,U
sz002517,恺英网络,2025-09-17 14:04:09,27.2,10300,27.16,U
sz002517,恺英网络,2025-09-17 14:04:15,27.17,11000,27.2,D
sz002517,恺英网络,2025-09-17 14:04:24,27.17,12600,27.18,D
sz002517,恺英网络,2025-09-17 14:04:39,27.17,26000,27.17,U
sz002517,恺英网络,2025-09-17 14:04:48,27.15,23900,27.16,D
sz002517,恺英网络,2025-09-17 14:05:09,27.13,18200,27.14,D
sz002517,恺英网络,2025-09-17 14:05:51,27.12,13400,27.12,U
sz002517,恺英网络,2025-09-17 14:06:15,27.12,10100,27.12,D
sz002517,恺英网络,2025-09-17 14:06:42,27.11,8200,27.12,D
sz002517,恺英网络,2025-09-17 14:06:45,27.11,7400,27.11,D
sz002517,恺英网络,2025-09-17 14:06:51,27.12,8900,27.11,U
sz002517,恺英网络,2025-09-17 14:06:54,27.11,22600,27.12,D
sz002517,恺英网络,2025-09-17 14:06:57,27.11,15400,27.11,E
sz002517,恺英网络,2025-09-17 14:07:18,27.1,8400,27.07,U
sz002517,恺英网络,2025-09-17 14:07:36,27.08,12300,27.06,U
sz002517,恺英网络,2025-09-17 14:07:45,27.06,8000,27.07,D
sz002517,恺英网络,2025-09-17 14:07:57,27.08,11800,27.08,D
sz002517,恺英网络,2025-09-17 14:08:27,27.1,7500,27.09,U
sz002517,恺英网络,2025-09-17 14:08:33,27.1,19900,27.1,U
sz002517,恺英网络,2025-09-17 14:08:42,27.13,20200,27.12,U
sz002517,恺英网络,2025-09-17 14:09:12,27.15,11200,27.13,U
sz002517,恺英网络,2025-09-17 14:09:18,27.13,11300,27.15,D
sz002517,恺英网络,2025-09-17 14:09:39,27.12,24400,27.13,D
sz002517,恺英网络,2025-09-17 14:10:09,27.1,9400,27.12,D
sz002517,恺英网络,2025-09-17 14:10:54,27.13,8300,27.15,D
sz002517,恺英网络,2025-09-17 14:11:03,27.15,8000,27.14,U
sz002517,恺英网络,2025-09-17 14:11:12,27.15,11400,27.14,U
sz002517,恺英网络,2025-09-17 14:11:21,27.15,7400,27.15,U
sz002517,恺英网络,2025-09-17 14:11:33,27.2,14200,27.2,U
sz002517,恺英网络,2025-09-17 14:11:39,27.2,11100,27.2,U
sz002517,恺英网络,2025-09-17 14:12:09,27.23,12700,27.23,U
sz002517,恺英网络,2025-09-17 14:12:18,27.25,24500,27.25,U
sz002517,恺英网络,2025-09-17 14:12:30,27.27,9200,27.27,U
sz002517,恺英网络,2025-09-17 14:12:51,27.3,19800,27.29,U
sz002517,恺英网络,2025-09-17 14:12:57,27.33,31600,27.3,U
sz002517,恺英网络,2025-09-17 14:13:00,27.33,8100,27.33,U
sz002517,恺英网络,2025-09-17 14:13:06,27.35,10200,27.35,U
sz002517,恺英网络,2025-09-17 14:13:09,27.38,21000,27.35,U
sz002517,恺英网络,2025-09-17 14:13:21,27.39,12900,27.38,U
sz002517,恺英网络,2025-09-17 14:13:24,27.39,13000,27.39,D
sz002517,恺英网络,2025-09-17 14:13:27,27.4,28400,27.39,U
sz002517,恺英网络,2025-09-17 14:13:30,27.42,103500,27.4,U
sz002517,恺英网络,2025-09-17 14:13:33,27.39,32400,27.42,D
sz002517,恺英网络,2025-09-17 14:13:39,27.39,10800,27.39,U
sz002517,恺英网络,2025-09-17 14:13:42,27.4,42600,27.39,U
sz002517,恺英网络,2025-09-17 14:13:45,27.42,10001,27.4,U
sz002517,恺英网络,2025-09-17 14:13:48,27.43,90900,27.42,U
sz002517,恺英网络,2025-09-17 14:13:51,27.43,62400,27.43,U
sz002517,恺英网络,2025-09-17 14:13:54,27.44,28600,27.43,U
sz002517,恺英网络,2025-09-17 14:13:57,27.43,14100,27.44,E
sz002517,恺英网络,2025-09-17 14:14:00,27.43,46900,27.43,E
sz002517,恺英网络,2025-09-17 14:14:03,27.45,40400,27.43,U
sz002517,恺英网络,2025-09-17 14:14:06,27.45,16000,27.45,U
sz002517,恺英网络,2025-09-17 14:14:09,27.45,20800,27.45,U
sz002517,恺英网络,2025-09-17 14:14:12,27.45,9700,27.45,U
sz002517,恺英网络,2025-09-17 14:14:21,27.45,10900,27.44,U
sz002517,恺英网络,2025-09-17 14:14:24,27.45,31700,27.45,U
sz002517,恺英网络,2025-09-17 14:14:30,27.45,8000,27.45,U
sz002517,恺英网络,2025-09-17 14:14:33,27.46,103900,27.45,U
sz002517,恺英网络,2025-09-17 14:14:42,27.46,41300,27.46,U
sz002517,恺英网络,2025-09-17 14:14:51,27.46,18100,27.46,U
sz002517,恺英网络,2025-09-17 14:14:54,27.45,9600,27.46,D
sz002517,恺英网络,2025-09-17 14:15:00,27.45,25300,27.45,U
sz002517,恺英网络,2025-09-17 14:15:03,27.47,40300,27.45,U
sz002517,恺英网络,2025-09-17 14:15:06,27.47,27400,27.47,U
sz002517,恺英网络,2025-09-17 14:15:09,27.54,402900,27.47,U
sz002517,恺英网络,2025-09-17 14:15:12,27.58,36500,27.54,U
sz002517,恺英网络,2025-09-17 14:15:15,27.6,45700,27.58,U
sz002517,恺英网络,2025-09-17 14:15:18,27.65,47500,27.6,U
sz002517,恺英网络,2025-09-17 14:15:21,27.68,10400,27.65,U
sz002517,恺英网络,2025-09-17 14:15:24,27.69,43000,27.68,U
sz002517,恺英网络,2025-09-17 14:15:27,27.7,7700,27.69,U
sz002517,恺英网络,2025-09-17 14:15:30,27.73,27500,27.7,U
sz002517,恺英网络,2025-09-17 14:15:33,27.71,27600,27.73,D
sz002517,恺英网络,2025-09-17 14:15:36,27.77,14400,27.71,U
sz002517,恺英网络,2025-09-17 14:15:39,27.77,17800,27.77,U
sz002517,恺英网络,2025-09-17 14:15:42,27.78,15400,27.77,U
sz002517,恺英网络,2025-09-17 14:15:45,27.81,40850,27.78,U
sz002517,恺英网络,2025-09-17 14:15:48,27.83,22200,27.81,U
sz002517,恺英网络,2025-09-17 14:15:51,27.83,16500,27.83,U
sz002517,恺英网络,2025-09-17 14:15:54,27.83,66400,27.83,U
sz002517,恺英网络,2025-09-17 14:15:57,27.81,41900,27.83,D
sz002517,恺英网络,2025-09-17 14:16:00,27.77,71700,27.81,D
sz002517,恺英网络,2025-09-17 14:16:03,27.77,40400,27.77,D
sz002517,恺英网络,2025-09-17 14:16:06,27.77,9500,27.77,U
sz002517,恺英网络,2025-09-17 14:16:09,27.77,35200,27.77,U
sz002517,恺英网络,2025-09-17 14:16:12,27.76,21800,27.77,E
sz002517,恺英网络,2025-09-17 14:16:15,27.8,12100,27.76,U
sz002517,恺英网络,2025-09-17 14:16:18,27.88,261150,27.8,U
sz002517,恺英网络,2025-09-17 14:16:21,27.89,111200,27.88,U
sz002517,恺英网络,2025-09-17 14:16:24,27.93,30400,27.89,U
sz002517,恺英网络,2025-09-17 14:16:27,27.9,76700,27.93,D
sz002517,恺英网络,2025-09-17 14:16:30,27.9,31800,27.9,U
sz002517,恺英网络,2025-09-17 14:16:36,27.93,12000,27.93,D
sz002517,恺英网络,2025-09-17 14:16:39,28.0,315700,27.93,U
sz002517,恺英网络,2025-09-17 14:16:42,27.99,254800,28.0,D
sz002517,恺英网络,2025-09-17 14:16:45,27.98,30300,27.99,D
sz002517,恺英网络,2025-09-17 14:16:48,27.98,21900,27.98,U
sz002517,恺英网络,2025-09-17 14:16:51,27.98,35900,27.98,U
sz002517,恺英网络,2025-09-17 14:16:54,27.99,8700,27.98,U
sz002517,恺英网络,2025-09-17 14:16:57,27.99,20600,27.99,U
sz002517,恺英网络,2025-09-17 14:17:00,27.95,38500,27.99,D
sz002517,恺英网络,2025-09-17 14:17:03,27.96,67900,27.95,E
sz002517,恺英网络,2025-09-17 14:17:06,27.95,27200,27.96,D
sz002517,恺英网络,2025-09-17 14:17:09,27.96,251900,27.95,E
sz002517,恺英网络,2025-09-17 14:17:12,27.96,49400,27.96,D
sz002517,恺英网络,2025-09-17 14:17:15,27.99,25300,27.96,U
sz002517,恺英网络,2025-09-17 14:17:18,27.98,64000,27.99,D
sz002517,恺英网络,2025-09-17 14:17:21,27.98,12900,27.98,U
sz002517,恺英网络,2025-09-17 14:17:24,27.97,14600,27.98,D
sz002517,恺英网络,2025-09-17 14:17:27,27.97,11400,27.97,U
sz002517,恺英网络,2025-09-17 14:17:30,27.97,22700,27.97,U
sz002517,恺英网络,2025-09-17 14:17:36,27.99,13700,27.97,U
sz002517,恺英网络,2025-09-17 14:17:39,27.98,64100,27.99,U
sz002517,恺英网络,2025-09-17 14:17:42,27.99,27400,27.98,U
sz002517,恺英网络,2025-09-17 14:17:45,27.99,13500,27.99,U
sz002517,恺英网络,2025-09-17 14:17:48,27.98,13600,27.99,D
sz002517,恺英网络,2025-09-17 14:17:51,28.0,10700,27.98,U
sz002517,恺英网络,2025-09-17 14:18:00,27.97,14700,27.99,D
sz002517,恺英网络,2025-09-17 14:18:06,28.0,40600,27.99,U
sz002517,恺英网络,2025-09-17 14:18:09,27.99,39300,28.0,D
sz002517,恺英网络,2025-09-17 14:18:12,27.99,44500,27.99,U
sz002517,恺英网络,2025-09-17 14:18:18,27.99,28700,27.99,U
sz002517,恺英网络,2025-09-17 14:18:21,27.99,66100,27.99,U
sz002517,恺英网络,2025-09-17 14:18:27,27.99,24700,27.98,U
sz002517,恺英网络,2025-09-17 14:18:30,27.99,17600,27.99,U
sz002517,恺英网络,2025-09-17 14:18:33,27.98,15700,27.99,D
sz002517,恺英网络,2025-09-17 14:18:36,27.99,11200,27.98,E
sz002517,恺英网络,2025-09-17 14:18:39,28.0,13800,27.99,U
sz002517,恺英网络,2025-09-17 14:18:42,28.02,11300,28.0,E
sz002517,恺英网络,2025-09-17 14:18:45,28.0,7200,28.02,D
sz002517,恺英网络,2025-09-17 14:18:48,28.03,9100,28.0,U
sz002517,恺英网络,2025-09-17 14:18:54,28.07,22900,28.06,U
sz002517,恺英网络,2025-09-17 14:18:57,28.08,10600,28.07,U
sz002517,恺英网络,2025-09-17 14:19:00,28.08,14300,28.08,U
sz002517,恺英网络,2025-09-17 14:19:03,28.07,27600,28.08,D
sz002517,恺英网络,2025-09-17 14:19:06,28.09,17800,28.07,E
sz002517,恺英网络,2025-09-17 14:19:09,28.12,30900,28.09,U
sz002517,恺英网络,2025-09-17 14:19:12,28.16,57100,28.12,U
sz002517,恺英网络,2025-09-17 14:19:15,28.17,30400,28.16,U
sz002517,恺英网络,2025-09-17 14:19:18,28.25,44000,28.17,U
sz002517,恺英网络,2025-09-17 14:19:21,28.2,26400,28.25,E
sz002517,恺英网络,2025-09-17 14:19:24,28.28,62300,28.2,U
sz002517,恺英网络,2025-09-17 14:19:27,28.27,17200,28.28,E
sz002517,恺英网络,2025-09-17 14:19:30,28.2,126200,28.27,D
sz002517,恺英网络,2025-09-17 14:19:33,28.3,68300,28.2,U
sz002517,恺英网络,2025-09-17 14:19:36,28.3,115200,28.3,U
sz002517,恺英网络,2025-09-17 14:19:39,28.23,69700,28.3,D
sz002517,恺英网络,2025-09-17 14:19:42,28.23,52100,28.23,U
sz002517,恺英网络,2025-09-17 14:19:45,28.24,17500,28.23,U
sz002517,恺英网络,2025-09-17 14:19:51,28.24,37400,28.24,D
sz002517,恺英网络,2025-09-17 14:19:54,28.24,27400,28.24,U
sz002517,恺英网络,2025-09-17 14:19:57,28.21,14400,28.24,D
sz002517,恺英网络,2025-09-17 14:20:00,28.19,17000,28.21,D
sz002517,恺英网络,2025-09-17 14:20:03,28.18,81500,28.19,D
sz002517,恺英网络,2025-09-17 14:20:06,28.06,19200,28.18,D
sz002517,恺英网络,2025-09-17 14:20:09,28.1,19500,28.06,U
sz002517,恺英网络,2025-09-17 14:20:12,28.18,16700,28.1,U
sz002517,恺英网络,2025-09-17 14:20:15,28.18,25300,28.18,D
sz002517,恺英网络,2025-09-17 14:20:21,28.2,14300,28.2,U
sz002517,恺英网络,2025-09-17 14:20:24,28.21,11100,28.2,U
sz002517,恺英网络,2025-09-17 14:20:27,28.2,34600,28.21,D
sz002517,恺英网络,2025-09-17 14:20:30,28.2,47200,28.2,U
sz002517,恺英网络,2025-09-17 14:20:33,28.19,44300,28.2,D
sz002517,恺英网络,2025-09-17 14:20:36,28.18,11600,28.19,D
sz002517,恺英网络,2025-09-17 14:20:39,28.19,12800,28.18,U
sz002517,恺英网络,2025-09-17 14:20:42,28.18,19400,28.19,D
sz002517,恺英网络,2025-09-17 14:20:45,28.11,8800,28.18,D
sz002517,恺英网络,2025-09-17 14:20:51,28.05,16700,28.11,D
sz002517,恺英网络,2025-09-17 14:20:54,28.04,18800,28.05,D
sz002517,恺英网络,2025-09-17 14:20:57,28.05,32700,28.04,U
sz002517,恺英网络,2025-09-17 14:21:03,28.02,27900,28.0,U
sz002517,恺英网络,2025-09-17 14:21:06,28.0,11500,28.02,D
sz002517,恺英网络,2025-09-17 14:21:09,28.0,72100,28.0,D
sz002517,恺英网络,2025-09-17 14:21:12,27.99,20300,28.0,D
sz002517,恺英网络,2025-09-17 14:21:15,28.0,21100,27.99,U
sz002517,恺英网络,2025-09-17 14:21:18,27.99,10600,28.0,D
sz002517,恺英网络,2025-09-17 14:21:21,27.99,32900,27.99,D
sz002517,恺英网络,2025-09-17 14:21:24,27.99,12500,27.99,D
sz002517,恺英网络,2025-09-17 14:21:27,28.0,8100,27.99,U
sz002517,恺英网络,2025-09-17 14:21:30,27.99,18400,28.0,D
sz002517,恺英网络,2025-09-17 14:21:33,27.99,23900,27.99,D
sz002517,恺英网络,2025-09-17 14:21:36,27.99,33900,27.99,D
sz002517,恺英网络,2025-09-17 14:21:39,28.0,142500,27.99,U
sz002517,恺英网络,2025-09-17 14:21:42,28.0,86000,28.0,D
sz002517,恺英网络,2025-09-17 14:21:45,28.0,14100,28.0,D
sz002517,恺英网络,2025-09-17 14:21:51,27.98,33900,27.99,D
sz002517,恺英网络,2025-09-17 14:21:54,27.99,22800,27.98,D
sz002517,恺英网络,2025-09-17 14:21:57,27.99,8800,27.99,D
sz002517,恺英网络,2025-09-17 14:22:00,28.0,43000,27.99,U
sz002517,恺英网络,2025-09-17 14:22:06,28.0,14000,28.0,D
sz002517,恺英网络,2025-09-17 14:22:09,27.99,61800,28.0,D
sz002517,恺英网络,2025-09-17 14:22:12,28.0,30000,27.99,U
sz002517,恺英网络,2025-09-17 14:22:18,27.91,23600,27.94,D
sz002517,恺英网络,2025-09-17 14:22:24,27.85,12500,27.9,D
sz002517,恺英网络,2025-09-17 14:22:30,27.9,14100,27.9,U
sz002517,恺英网络,2025-09-17 14:22:36,27.88,7600,27.89,D
sz002517,恺英网络,2025-09-17 14:22:39,28.0,67500,27.88,U
sz002517,恺英网络,2025-09-17 14:22:42,27.9,25500,28.0,D
sz002517,恺英网络,2025-09-17 14:22:45,27.89,22500,27.9,D
sz002517,恺英网络,2025-09-17 14:22:48,27.92,18500,27.89,E
sz002517,恺英网络,2025-09-17 14:22:51,28.0,38500,27.92,U
sz002517,恺英网络,2025-09-17 14:22:54,28.0,19100,28.0,U
sz002517,恺英网络,2025-09-17 14:22:57,28.02,24300,28.0,U
sz002517,恺英网络,2025-09-17 14:23:00,28.0,10100,28.02,E
sz002517,恺英网络,2025-09-17 14:23:06,27.99,11400,27.92,E
sz002517,恺英网络,2025-09-17 14:23:09,28.0,10800,27.99,U
sz002517,恺英网络,2025-09-17 14:23:12,27.99,22800,28.0,D
sz002517,恺英网络,2025-09-17 14:23:18,28.01,21900,28.01,D
sz002517,恺英网络,2025-09-17 14:23:21,28.02,7900,28.01,E
sz002517,恺英网络,2025-09-17 14:23:30,28.0,11200,28.0,U
sz002517,恺英网络,2025-09-17 14:23:36,27.94,7700,28.0,D
sz002517,恺英网络,2025-09-17 14:23:39,28.0,14500,27.94,U
sz002517,恺英网络,2025-09-17 14:23:45,27.95,9400,27.93,U
sz002517,恺英网络,2025-09-17 14:23:51,27.94,43200,27.93,E
sz002517,恺英网络,2025-09-17 14:23:54,27.95,7400,27.94,E
sz002517,恺英网络,2025-09-17 14:23:57,27.94,12100,27.95,D
sz002517,恺英网络,2025-09-17 14:24:00,27.95,30400,27.94,U
sz002517,恺英网络,2025-09-17 14:24:03,27.95,12100,27.95,D
sz002517,恺英网络,2025-09-17 14:24:09,28.0,31700,27.97,U
sz002517,恺英网络,2025-09-17 14:24:12,28.0,12700,28.0,D
sz002517,恺英网络,2025-09-17 14:24:15,28.01,28600,28.0,U
sz002517,恺英网络,2025-09-17 14:24:21,27.98,11300,27.99,D
sz002517,恺英网络,2025-09-17 14:24:24,27.99,30300,27.98,U
sz002517,恺英网络,2025-09-17 14:24:27,27.98,9200,27.99,D
sz002517,恺英网络,2025-09-17 14:24:30,28.0,23500,27.98,U
sz002517,恺英网络,2025-09-17 14:24:33,28.0,10700,28.0,D
sz002517,恺英网络,2025-09-17 14:24:36,28.0,17900,28.0,D
sz002517,恺英网络,2025-09-17 14:24:39,28.01,23700,28.0,U
sz002517,恺英网络,2025-09-17 14:24:48,28.01,18900,28.01,U
sz002517,恺英网络,2025-09-17 14:24:54,28.01,28000,28.01,U
sz002517,恺英网络,2025-09-17 14:24:57,28.0,27900,28.01,D
sz002517,恺英网络,2025-09-17 14:25:03,27.99,7400,28.0,D
sz002517,恺英网络,2025-09-17 14:25:06,27.99,10000,27.99,D
sz002517,恺英网络,2025-09-17 14:25:09,28.0,16500,27.99,U
sz002517,恺英网络,2025-09-17 14:25:12,28.01,20700,28.0,U
sz002517,恺英网络,2025-09-17 14:25:15,28.0,11900,28.01,D
sz002517,恺英网络,2025-09-17 14:25:18,28.0,14500,28.0,D
sz002517,恺英网络,2025-09-17 14:25:24,28.01,13000,28.0,U
sz002517,恺英网络,2025-09-17 14:25:30,28.0,10300,28.01,D
sz002517,恺英网络,2025-09-17 14:25:33,27.99,33800,28.0,D
sz002517,恺英网络,2025-09-17 14:25:36,28.0,11600,27.99,E
sz002517,恺英网络,2025-09-17 14:25:39,28.0,13700,28.0,D
sz002517,恺英网络,2025-09-17 14:25:42,28.01,11200,28.0,U
sz002517,恺英网络,2025-09-17 14:25:48,28.0,17200,28.01,U
sz002517,恺英网络,2025-09-17 14:25:51,28.0,15600,28.0,D
sz002517,恺英网络,2025-09-17 14:25:54,28.0,22600,28.0,U
sz002517,恺英网络,2025-09-17 14:25:57,28.01,10500,28.0,U
sz002517,恺英网络,2025-09-17 14:26:00,28.01,8700,28.01,U
sz002517,恺英网络,2025-09-17 14:26:09,28.02,8500,28.01,U
sz002517,恺英网络,2025-09-17 14:26:12,28.01,9200,28.02,D
sz002517,恺英网络,2025-09-17 14:26:15,28.02,32300,28.01,U
sz002517,恺英网络,2025-09-17 14:26:21,28.01,13200,28.02,D
sz002517,恺英网络,2025-09-17 14:26:24,28.02,12300,28.01,U
sz002517,恺英网络,2025-09-17 14:26:27,28.01,27600,28.02,D
sz002517,恺英网络,2025-09-17 14:26:30,28.0,14000,28.01,D
sz002517,恺英网络,2025-09-17 14:26:33,28.02,11000,28.0,U
sz002517,恺英网络,2025-09-17 14:26:36,28.01,32500,28.02,D
sz002517,恺英网络,2025-09-17 14:26:39,27.99,12000,28.01,D
sz002517,恺英网络,2025-09-17 14:26:42,28.02,21600,27.99,U
sz002517,恺英网络,2025-09-17 14:26:45,28.01,7200,28.02,U
sz002517,恺英网络,2025-09-17 14:26:54,27.97,10900,27.98,D
sz002517,恺英网络,2025-09-17 14:26:57,27.98,15100,27.97,E
sz002517,恺英网络,2025-09-17 14:27:00,27.96,15500,27.98,D
sz002517,恺英网络,2025-09-17 14:27:09,27.98,29700,27.98,U
sz002517,恺英网络,2025-09-17 14:27:15,27.95,30000,27.97,D
sz002517,恺英网络,2025-09-17 14:27:18,27.97,33800,27.95,U
sz002517,恺英网络,2025-09-17 14:27:21,27.98,13500,27.97,U
sz002517,恺英网络,2025-09-17 14:27:24,27.97,16700,27.98,E
sz002517,恺英网络,2025-09-17 14:27:27,27.96,29100,27.97,D
sz002517,恺英网络,2025-09-17 14:27:36,27.97,37500,27.97,U
sz002517,恺英网络,2025-09-17 14:27:39,27.97,19500,27.97,D
sz002517,恺英网络,2025-09-17 14:27:42,27.97,20600,27.97,D
sz002517,恺英网络,2025-09-17 14:27:54,27.96,8300,27.96,D
sz002517,恺英网络,2025-09-17 14:28:00,27.95,28400,27.96,D
sz002517,恺英网络,2025-09-17 14:28:03,27.97,11900,27.95,U
sz002517,恺英网络,2025-09-17 14:28:06,27.96,11400,27.97,D
sz002517,恺英网络,2025-09-17 14:28:09,27.96,15100,27.96,D
sz002517,恺英网络,2025-09-17 14:28:27,27.97,52800,27.96,U
sz002517,恺英网络,2025-09-17 14:28:30,27.97,16200,27.97,D
sz002517,恺英网络,2025-09-17 14:28:42,27.96,24100,27.97,D
sz002517,恺英网络,2025-09-17 14:28:51,27.95,11200,27.97,D
sz002517,恺英网络,2025-09-17 14:28:57,27.94,32200,27.95,D
sz002517,恺英网络,2025-09-17 14:29:00,27.94,7500,27.94,D
sz002517,恺英网络,2025-09-17 14:29:12,27.96,15100,27.94,U
sz002517,恺英网络,2025-09-17 14:29:27,27.95,19700,27.94,U
sz002517,恺英网络,2025-09-17 14:29:30,27.95,10300,27.95,D
sz002517,恺英网络,2025-09-17 14:29:36,27.96,8600,27.95,U
sz002517,恺英网络,2025-09-17 14:29:39,27.96,60600,27.96,U
sz002517,恺英网络,2025-09-17 14:29:42,27.97,11700,27.96,U
sz002517,恺英网络,2025-09-17 14:29:51,27.97,17800,27.96,U
sz002517,恺英网络,2025-09-17 14:29:54,27.98,19700,27.97,U
sz002517,恺英网络,2025-09-17 14:29:57,27.98,16500,27.98,U
sz002517,恺英网络,2025-09-17 14:30:03,28.0,8100,27.99,U
sz002517,恺英网络,2025-09-17 14:30:06,28.0,36000,28.0,U
sz002517,恺英网络,2025-09-17 14:30:09,28.01,9600,28.0,U
sz002517,恺英网络,2025-09-17 14:30:12,28.01,22000,28.01,U
sz002517,恺英网络,2025-09-17 14:30:18,28.02,62400,28.01,U
sz002517,恺英网络,2025-09-17 14:30:24,28.03,32500,28.03,U
sz002517,恺英网络,2025-09-17 14:30:27,28.03,16100,28.03,U
sz002517,恺英网络,2025-09-17 14:30:30,28.03,12500,28.03,U
sz002517,恺英网络,2025-09-17 14:30:33,28.03,20500,28.03,U
sz002517,恺英网络,2025-09-17 14:30:36,28.04,19400,28.03,U
sz002517,恺英网络,2025-09-17 14:30:39,28.04,26700,28.04,U
sz002517,恺英网络,2025-09-17 14:30:42,28.04,11900,28.04,U
sz002517,恺英网络,2025-09-17 14:30:45,28.04,15600,28.04,U
sz002517,恺英网络,2025-09-17 14:30:54,28.05,68000,28.04,U
sz002517,恺英网络,2025-09-17 14:31:06,28.05,12900,28.05,U
sz002517,恺英网络,2025-09-17 14:31:12,28.06,11300,28.05,U
sz002517,恺英网络,2025-09-17 14:31:15,28.06,10000,28.06,U
sz002517,恺英网络,2025-09-17 14:31:18,28.05,25300,28.06,D
sz002517,恺英网络,2025-09-17 14:31:21,28.06,31500,28.05,U
sz002517,恺英网络,2025-09-17 14:31:24,28.05,12500,28.06,D
sz002517,恺英网络,2025-09-17 14:31:27,28.07,12600,28.05,U
sz002517,恺英网络,2025-09-17 14:31:30,28.07,13000,28.07,U
sz002517,恺英网络,2025-09-17 14:31:33,28.09,25100,28.07,U
sz002517,恺英网络,2025-09-17 14:31:39,28.06,13000,28.09,D
sz002517,恺英网络,2025-09-17 14:31:42,28.15,15900,28.06,U
sz002517,恺英网络,2025-09-17 14:31:45,28.15,10000,28.15,U
sz002517,恺英网络,2025-09-17 14:31:54,28.18,15600,28.15,U
sz002517,恺英网络,2025-09-17 14:31:57,28.19,28700,28.18,U
sz002517,恺英网络,2025-09-17 14:32:00,28.2,16500,28.19,U
sz002517,恺英网络,2025-09-17 14:32:03,28.2,15100,28.2,U
sz002517,恺英网络,2025-09-17 14:32:06,28.2,29000,28.2,U
sz002517,恺英网络,2025-09-17 14:32:12,28.21,23200,28.21,U
sz002517,恺英网络,2025-09-17 14:32:15,28.21,28200,28.21,U
sz002517,恺英网络,2025-09-17 14:32:18,28.2,26600,28.21,D
sz002517,恺英网络,2025-09-17 14:32:21,28.2,10400,28.2,D
sz002517,恺英网络,2025-09-17 14:32:24,28.21,7200,28.2,U
sz002517,恺英网络,2025-09-17 14:32:27,28.2,22000,28.21,D
sz002517,恺英网络,2025-09-17 14:32:30,28.21,10800,28.2,U
sz002517,恺英网络,2025-09-17 14:32:33,28.21,11500,28.21,U
sz002517,恺英网络,2025-09-17 14:32:36,28.21,9900,28.21,U
sz002517,恺英网络,2025-09-17 14:32:39,28.21,24600,28.21,D
sz002517,恺英网络,2025-09-17 14:32:42,28.21,9400,28.21,D
sz002517,恺英网络,2025-09-17 14:32:51,28.21,10100,28.21,D
sz002517,恺英网络,2025-09-17 14:32:54,28.21,15900,28.21,D
sz002517,恺英网络,2025-09-17 14:33:00,28.21,42000,28.22,D
sz002517,恺英网络,2025-09-17 14:33:03,28.21,8300,28.21,D
sz002517,恺英网络,2025-09-17 14:33:06,28.22,20200,28.21,U
sz002517,恺英网络,2025-09-17 14:33:12,28.22,29710,28.22,U
sz002517,恺英网络,2025-09-17 14:33:15,28.23,25600,28.22,U
sz002517,恺英网络,2025-09-17 14:33:21,28.22,18600,28.23,D
sz002517,恺英网络,2025-09-17 14:33:24,28.23,9300,28.22,U
sz002517,恺英网络,2025-09-17 14:33:27,28.23,9800,28.23,U
sz002517,恺英网络,2025-09-17 14:33:30,28.23,22100,28.23,U
sz002517,恺英网络,2025-09-17 14:33:33,28.22,34100,28.23,D
sz002517,恺英网络,2025-09-17 14:33:36,28.23,129100,28.22,U
sz002517,恺英网络,2025-09-17 14:33:45,28.24,25100,28.23,U
sz002517,恺英网络,2025-09-17 14:33:48,28.21,7600,28.24,D
sz002517,恺英网络,2025-09-17 14:33:54,28.23,13300,28.23,D
sz002517,恺英网络,2025-09-17 14:34:00,28.24,10000,28.24,D
sz002517,恺英网络,2025-09-17 14:34:06,28.24,12800,28.25,D
sz002517,恺英网络,2025-09-17 14:34:09,28.25,9000,28.24,U
sz002517,恺英网络,2025-09-17 14:34:12,28.25,8400,28.25,U
sz002517,恺英网络,2025-09-17 14:34:15,28.25,17000,28.25,U
sz002517,恺英网络,2025-09-17 14:34:18,28.25,14400,28.25,U
sz002517,恺英网络,2025-09-17 14:34:21,28.26,69400,28.25,U
sz002517,恺英网络,2025-09-17 14:34:24,28.26,34200,28.26,U
sz002517,恺英网络,2025-09-17 14:34:27,28.25,21900,28.26,D
sz002517,恺英网络,2025-09-17 14:34:30,28.25,20600,28.25,D
sz002517,恺英网络,2025-09-17 14:34:33,28.25,9000,28.25,U
sz002517,恺英网络,2025-09-17 14:34:36,28.28,42700,28.25,U
sz002517,恺英网络,2025-09-17 14:34:39,28.28,32800,28.28,U
sz002517,恺英网络,2025-09-17 14:34:42,28.28,70900,28.28,U
sz002517,恺英网络,2025-09-17 14:34:45,28.29,10900,28.28,U
sz002517,恺英网络,2025-09-17 14:34:48,28.29,56100,28.29,U
sz002517,恺英网络,2025-09-17 14:34:51,28.28,27000,28.29,D
sz002517,恺英网络,2025-09-17 14:34:54,28.3,17000,28.28,U
sz002517,恺英网络,2025-09-17 14:34:57,28.3,12400,28.3,U
sz002517,恺英网络,2025-09-17 14:35:00,28.3,31000,28.3,U
sz002517,恺英网络,2025-09-17 14:35:03,28.3,17700,28.3,U
sz002517,恺英网络,2025-09-17 14:35:06,28.29,23500,28.3,D
sz002517,恺英网络,2025-09-17 14:35:09,28.29,7800,28.29,U
sz002517,恺英网络,2025-09-17 14:35:15,28.28,23500,28.28,D
sz002517,恺英网络,2025-09-17 14:35:18,28.29,30100,28.28,U
sz002517,恺英网络,2025-09-17 14:35:21,28.29,12700,28.29,D
sz002517,恺英网络,2025-09-17 14:35:24,28.3,12400,28.29,U
sz002517,恺英网络,2025-09-17 14:35:27,28.3,18600,28.3,U
sz002517,恺英网络,2025-09-17 14:35:30,28.29,9400,28.3,D
sz002517,恺英网络,2025-09-17 14:35:33,28.3,100500,28.29,U
sz002517,恺英网络,2025-09-17 14:35:36,28.29,34500,28.3,D
sz002517,恺英网络,2025-09-17 14:35:39,28.3,21000,28.29,U
sz002517,恺英网络,2025-09-17 14:35:42,28.29,17600,28.3,D
sz002517,恺英网络,2025-09-17 14:35:45,28.29,72900,28.29,U
sz002517,恺英网络,2025-09-17 14:35:48,28.29,15600,28.29,U
sz002517,恺英网络,2025-09-17 14:35:51,28.3,23200,28.29,U
sz002517,恺英网络,2025-09-17 14:35:54,28.3,14100,28.3,U
sz002517,恺英网络,2025-09-17 14:35:57,28.29,40000,28.3,D
sz002517,恺英网络,2025-09-17 14:36:00,28.3,15000,28.29,U
sz002517,恺英网络,2025-09-17 14:36:03,28.3,13400,28.3,U
sz002517,恺英网络,2025-09-17 14:36:06,28.29,14200,28.3,D
sz002517,恺英网络,2025-09-17 14:36:09,28.29,14400,28.29,D
sz002517,恺英网络,2025-09-17 14:36:12,28.29,25500,28.29,U
sz002517,恺英网络,2025-09-17 14:36:15,28.29,104900,28.29,U
sz002517,恺英网络,2025-09-17 14:36:18,28.29,26100,28.29,U
sz002517,恺英网络,2025-09-17 14:36:21,28.29,23900,28.29,D
sz002517,恺英网络,2025-09-17 14:36:24,28.29,7700,28.29,D
sz002517,恺英网络,2025-09-17 14:36:33,28.29,8700,28.28,U
sz002517,恺英网络,2025-09-17 14:36:36,28.29,10500,28.29,D
sz002517,恺英网络,2025-09-17 14:36:39,28.3,13300,28.29,U
sz002517,恺英网络,2025-09-17 14:36:45,28.3,16300,28.3,U
sz002517,恺英网络,2025-09-17 14:36:48,28.29,8500,28.3,D
sz002517,恺英网络,2025-09-17 14:36:51,28.3,41900,28.29,U
sz002517,恺英网络,2025-09-17 14:36:54,28.3,18700,28.3,U
sz002517,恺英网络,2025-09-17 14:36:57,28.3,16000,28.3,U
sz002517,恺英网络,2025-09-17 14:37:00,28.3,10500,28.3,U
sz002517,恺英网络,2025-09-17 14:37:03,28.28,31400,28.3,D
sz002517,恺英网络,2025-09-17 14:37:06,28.3,8800,28.28,U
sz002517,恺英网络,2025-09-17 14:37:09,28.29,8800,28.3,D
sz002517,恺英网络,2025-09-17 14:37:15,28.29,39200,28.29,U
sz002517,恺英网络,2025-09-17 14:37:18,28.29,19000,28.29,U
sz002517,恺英网络,2025-09-17 14:37:24,28.28,9300,28.28,D
sz002517,恺英网络,2025-09-17 14:37:33,28.28,7100,28.28,U
sz002517,恺英网络,2025-09-17 14:37:39,28.28,9900,28.28,D
sz002517,恺英网络,2025-09-17 14:37:48,28.29,14200,28.28,U
sz002517,恺英网络,2025-09-17 14:38:00,28.26,11900,28.26,D
sz002517,恺英网络,2025-09-17 14:38:03,28.26,9900,28.26,D
sz002517,恺英网络,2025-09-17 14:38:09,28.26,12400,28.26,U
sz002517,恺英网络,2025-09-17 14:38:21,28.24,8200,28.21,U
sz002517,恺英网络,2025-09-17 14:38:24,28.21,9200,28.24,U
sz002517,恺英网络,2025-09-17 14:38:39,28.15,9000,28.17,D
sz002517,恺英网络,2025-09-17 14:39:03,28.14,31700,28.12,U
sz002517,恺英网络,2025-09-17 14:39:21,28.07,12200,28.07,U
sz002517,恺英网络,2025-09-17 14:39:24,28.06,13500,28.07,U
sz002517,恺英网络,2025-09-17 14:39:30,28.01,11900,28.06,D
sz002517,恺英网络,2025-09-17 14:39:36,28.01,15000,28.05,D
sz002517,恺英网络,2025-09-17 14:39:39,28.01,20100,28.01,U
sz002517,恺英网络,2025-09-17 14:39:42,28.0,29300,28.01,D
sz002517,恺英网络,2025-09-17 14:39:45,28.0,21800,28.0,U
sz002517,恺英网络,2025-09-17 14:39:48,28.0,11200,28.0,U
sz002517,恺英网络,2025-09-17 14:39:51,28.04,24100,28.0,U
sz002517,恺英网络,2025-09-17 14:39:54,28.0,24200,28.04,D
sz002517,恺英网络,2025-09-17 14:39:57,28.01,37500,28.0,U
sz002517,恺英网络,2025-09-17 14:40:03,28.04,32900,28.01,U
sz002517,恺英网络,2025-09-17 14:40:06,28.05,9500,28.04,U
sz002517,恺英网络,2025-09-17 14:40:09,28.05,43100,28.05,U
sz002517,恺英网络,2025-09-17 14:40:15,28.08,11100,28.05,E
sz002517,恺英网络,2025-09-17 14:40:18,28.11,17400,28.08,U
sz002517,恺英网络,2025-09-17 14:40:21,28.08,12800,28.11,D
sz002517,恺英网络,2025-09-17 14:40:24,28.11,19500,28.08,U
sz002517,恺英网络,2025-09-17 14:40:27,28.11,16300,28.11,U
sz002517,恺英网络,2025-09-17 14:40:30,28.1,15400,28.11,D
sz002517,恺英网络,2025-09-17 14:40:33,28.11,13700,28.1,U
sz002517,恺英网络,2025-09-17 14:40:36,28.1,15900,28.11,D
sz002517,恺英网络,2025-09-17 14:40:39,28.12,9100,28.1,U
sz002517,恺英网络,2025-09-17 14:40:42,28.12,20900,28.12,D
sz002517,恺英网络,2025-09-17 14:40:45,28.1,19900,28.12,D
sz002517,恺英网络,2025-09-17 14:40:48,28.1,25500,28.1,D
sz002517,恺英网络,2025-09-17 14:40:51,28.11,11200,28.1,U
sz002517,恺英网络,2025-09-17 14:40:54,28.1,10700,28.11,D
sz002517,恺英网络,2025-09-17 14:41:00,28.12,18800,28.12,U
sz002517,恺英网络,2025-09-17 14:41:03,28.1,26100,28.12,D
sz002517,恺英网络,2025-09-17 14:41:06,28.12,23400,28.1,D
sz002517,恺英网络,2025-09-17 14:41:12,28.12,17500,28.14,D
sz002517,恺英网络,2025-09-17 14:41:15,28.15,22300,28.12,U
sz002517,恺英网络,2025-09-17 14:41:18,28.15,26100,28.15,U
sz002517,恺英网络,2025-09-17 14:41:21,28.14,14300,28.15,U
sz002517,恺英网络,2025-09-17 14:41:27,28.18,43300,28.14,U
sz002517,恺英网络,2025-09-17 14:41:30,28.15,23100,28.18,D
sz002517,恺英网络,2025-09-17 14:41:36,28.17,19400,28.15,E
sz002517,恺英网络,2025-09-17 14:41:39,28.2,11200,28.17,U
sz002517,恺英网络,2025-09-17 14:41:42,28.2,7500,28.2,D
sz002517,恺英网络,2025-09-17 14:41:45,28.21,14606,28.2,U
sz002517,恺英网络,2025-09-17 14:41:48,28.25,12400,28.21,U
sz002517,恺英网络,2025-09-17 14:41:51,28.23,28200,28.25,D
sz002517,恺英网络,2025-09-17 14:41:54,28.26,12200,28.23,U
sz002517,恺英网络,2025-09-17 14:41:57,28.27,37500,28.26,U
sz002517,恺英网络,2025-09-17 14:42:00,28.26,10400,28.27,U
sz002517,恺英网络,2025-09-17 14:42:03,28.26,21700,28.26,U
sz002517,恺英网络,2025-09-17 14:42:06,28.26,26200,28.26,U
sz002517,恺英网络,2025-09-17 14:42:09,28.27,19500,28.26,U
sz002517,恺英网络,2025-09-17 14:42:12,28.26,25200,28.27,D
sz002517,恺英网络,2025-09-17 14:42:15,28.26,13100,28.26,D
sz002517,恺英网络,2025-09-17 14:42:18,28.26,38500,28.26,D
sz002517,恺英网络,2025-09-17 14:42:21,28.27,18100,28.26,U
sz002517,恺英网络,2025-09-17 14:42:24,28.26,9800,28.27,D
sz002517,恺英网络,2025-09-17 14:42:27,28.26,70400,28.26,U
sz002517,恺英网络,2025-09-17 14:42:30,28.22,16700,28.26,D
sz002517,恺英网络,2025-09-17 14:42:33,28.26,31300,28.22,U
sz002517,恺英网络,2025-09-17 14:42:39,28.25,13400,28.21,U
sz002517,恺英网络,2025-09-17 14:42:45,28.21,9500,28.26,D
sz002517,恺英网络,2025-09-17 14:42:48,28.26,12000,28.21,U
sz002517,恺英网络,2025-09-17 14:42:51,28.22,16500,28.26,E
sz002517,恺英网络,2025-09-17 14:42:54,28.21,20300,28.22,D
sz002517,恺英网络,2025-09-17 14:42:57,28.27,13700,28.21,U
sz002517,恺英网络,2025-09-17 14:43:00,28.27,26600,28.27,U
sz002517,恺英网络,2025-09-17 14:43:03,28.26,21900,28.27,E
sz002517,恺英网络,2025-09-17 14:43:09,28.26,29600,28.26,D
sz002517,恺英网络,2025-09-17 14:43:12,28.26,14800,28.26,D
sz002517,恺英网络,2025-09-17 14:43:21,28.26,24600,28.26,D
sz002517,恺英网络,2025-09-17 14:43:27,28.27,8200,28.27,U
sz002517,恺英网络,2025-09-17 14:43:30,28.27,8500,28.27,U
sz002517,恺英网络,2025-09-17 14:43:39,28.22,8200,28.23,D
sz002517,恺英网络,2025-09-17 14:43:45,28.26,9100,28.22,U
sz002517,恺英网络,2025-09-17 14:43:48,28.26,9100,28.26,U
sz002517,恺英网络,2025-09-17 14:44:06,28.26,8400,28.23,U
sz002517,恺英网络,2025-09-17 14:44:15,28.23,38800,28.23,D
sz002517,恺英网络,2025-09-17 14:44:51,28.24,38400,28.23,U
sz002517,恺英网络,2025-09-17 14:44:57,28.24,13600,28.24,U
sz002517,恺英网络,2025-09-17 14:45:00,28.23,10200,28.24,D
sz002517,恺英网络,2025-09-17 14:45:03,28.23,16200,28.23,U
sz002517,恺英网络,2025-09-17 14:45:06,28.24,15300,28.23,U
sz002517,恺英网络,2025-09-17 14:45:15,28.23,26700,28.23,U
sz002517,恺英网络,2025-09-17 14:45:21,28.23,43100,28.23,U
sz002517,恺英网络,2025-09-17 14:45:27,28.24,13400,28.23,U
sz002517,恺英网络,2025-09-17 14:45:30,28.23,8100,28.24,D
sz002517,恺英网络,2025-09-17 14:45:36,28.21,7400,28.21,U
sz002517,恺英网络,2025-09-17 14:45:39,28.22,9800,28.21,E
sz002517,恺英网络,2025-09-17 14:45:45,28.23,10700,28.23,U
sz002517,恺英网络,2025-09-17 14:45:48,28.22,11000,28.23,E
sz002517,恺英网络,2025-09-17 14:45:51,28.21,7300,28.22,E
sz002517,恺英网络,2025-09-17 14:45:54,28.21,20000,28.21,U
sz002517,恺英网络,2025-09-17 14:45:57,28.2,13400,28.21,D
sz002517,恺英网络,2025-09-17 14:46:00,28.22,13700,28.2,U
sz002517,恺英网络,2025-09-17 14:46:09,28.23,30900,28.2,U
sz002517,恺英网络,2025-09-17 14:46:12,28.23,20600,28.23,U
sz002517,恺英网络,2025-09-17 14:46:30,28.17,15800,28.18,D
sz002517,恺英网络,2025-09-17 14:46:39,28.16,12400,28.17,D
sz002517,恺英网络,2025-09-17 14:47:06,28.16,33900,28.13,U
sz002517,恺英网络,2025-09-17 14:47:24,28.15,13400,28.15,E
sz002517,恺英网络,2025-09-17 14:47:27,28.19,37700,28.15,U
sz002517,恺英网络,2025-09-17 14:47:30,28.22,8200,28.19,U
sz002517,恺英网络,2025-09-17 14:47:39,28.17,11700,28.2,D
sz002517,恺英网络,2025-09-17 14:47:42,28.17,13500,28.17,D
sz002517,恺英网络,2025-09-17 14:47:51,28.15,19900,28.17,D
sz002517,恺英网络,2025-09-17 14:48:03,28.16,17700,28.17,E
sz002517,恺英网络,2025-09-17 14:48:06,28.15,14500,28.16,D
sz002517,恺英网络,2025-09-17 14:48:12,28.2,7500,28.2,U
sz002517,恺英网络,2025-09-17 14:48:36,28.18,15600,28.18,U
sz002517,恺英网络,2025-09-17 14:48:39,28.2,13300,28.18,U
sz002517,恺英网络,2025-09-17 14:48:48,28.18,14400,28.18,D
sz002517,恺英网络,2025-09-17 14:48:57,28.17,8700,28.17,D
sz002517,恺英网络,2025-09-17 14:49:03,28.17,7900,28.18,D
sz002517,恺英网络,2025-09-17 14:49:06,28.17,28700,28.17,D
sz002517,恺英网络,2025-09-17 14:49:09,28.18,19500,28.17,U
sz002517,恺英网络,2025-09-17 14:49:15,28.16,9500,28.17,D
sz002517,恺英网络,2025-09-17 14:49:30,28.17,8000,28.18,D
sz002517,恺英网络,2025-09-17 14:49:48,28.16,7500,28.17,D
sz002517,恺英网络,2025-09-17 14:50:00,28.16,9300,28.16,D
sz002517,恺英网络,2025-09-17 14:50:03,28.15,17000,28.16,D
sz002517,恺英网络,2025-09-17 14:50:09,28.11,19800,28.15,D
sz002517,恺英网络,2025-09-17 14:50:12,28.12,11900,28.11,E
sz002517,恺英网络,2025-09-17 14:50:18,28.12,19700,28.1,U
sz002517,恺英网络,2025-09-17 14:50:21,28.13,12200,28.12,U
sz002517,恺英网络,2025-09-17 14:50:42,28.14,16600,28.14,D
sz002517,恺英网络,2025-09-17 14:50:45,28.15,7500,28.14,U
sz002517,恺英网络,2025-09-17 14:50:48,28.16,7400,28.15,U
sz002517,恺英网络,2025-09-17 14:50:54,28.15,14400,28.16,D
sz002517,恺英网络,2025-09-17 14:50:57,28.17,26000,28.15,U
sz002517,恺英网络,2025-09-17 14:51:00,28.16,29400,28.17,E
sz002517,恺英网络,2025-09-17 14:51:12,28.15,8400,28.15,U
sz002517,恺英网络,2025-09-17 14:51:15,28.15,9700,28.15,D
sz002517,恺英网络,2025-09-17 14:51:18,28.15,17200,28.15,D
sz002517,恺英网络,2025-09-17 14:51:48,28.13,30400,28.13,U
sz002517,恺英网络,2025-09-17 14:52:09,28.11,7500,28.11,D
sz002517,恺英网络,2025-09-17 14:52:12,28.11,30900,28.11,D
sz002517,恺英网络,2025-09-17 14:52:27,28.08,7200,28.1,D
sz002517,恺英网络,2025-09-17 14:52:51,28.06,7350,28.06,D
sz002517,恺英网络,2025-09-17 14:52:54,28.05,7700,28.06,D
sz002517,恺英网络,2025-09-17 14:52:57,28.04,16700,28.05,D
sz002517,恺英网络,2025-09-17 14:53:18,28.02,13000,28.02,D
sz002517,恺英网络,2025-09-17 14:53:27,28.02,30500,28.01,U
sz002517,恺英网络,2025-09-17 14:53:30,28.01,14200,28.02,D
sz002517,恺英网络,2025-09-17 14:53:33,28.02,15000,28.01,U
sz002517,恺英网络,2025-09-17 14:53:45,28.0,49400,28.0,D
sz002517,恺英网络,2025-09-17 14:54:06,27.98,13700,27.94,U
sz002517,恺英网络,2025-09-17 14:54:09,28.03,136750,27.98,U
sz002517,恺英网络,2025-09-17 14:54:12,28.04,24400,28.03,U
sz002517,恺英网络,2025-09-17 14:54:15,28.04,9000,28.04,U
sz002517,恺英网络,2025-09-17 14:54:21,28.04,13400,28.03,U
sz002517,恺英网络,2025-09-17 14:54:27,28.04,10700,28.04,D
sz002517,恺英网络,2025-09-17 14:54:30,28.06,25600,28.04,U
sz002517,恺英网络,2025-09-17 14:54:33,28.07,44000,28.06,U
sz002517,恺英网络,2025-09-17 14:54:45,28.1,41200,28.07,E
sz002517,恺英网络,2025-09-17 14:54:48,28.1,9600,28.1,D
sz002517,恺英网络,2025-09-17 14:54:57,28.1,22700,28.1,U
sz002517,恺英网络,2025-09-17 14:55:27,28.05,9093,28.07,D
sz002517,恺英网络,2025-09-17 14:55:45,28.04,10500,28.05,D
sz002517,恺英网络,2025-09-17 14:55:51,28.05,11293,28.06,D
sz002517,恺英网络,2025-09-17 14:56:00,28.06,26745,28.06,U
sz002517,恺英网络,2025-09-17 14:56:03,28.05,24300,28.06,D
sz002517,恺英网络,2025-09-17 14:56:12,28.08,15100,28.07,U
sz002517,恺英网络,2025-09-17 14:56:15,28.06,8600,28.08,D
sz002517,恺英网络,2025-09-17 14:56:18,28.07,7400,28.06,U
sz002517,恺英网络,2025-09-17 14:56:30,28.07,8100,28.06,U
sz002517,恺英网络,2025-09-17 14:56:36,28.07,22300,28.07,U
sz002517,恺英网络,2025-09-17 14:56:39,28.07,10500,28.07,U
sz002517,恺英网络,2025-09-17 14:56:45,28.06,16200,28.06,D
sz002517,恺英网络,2025-09-17 14:56:57,28.07,10000,28.06,U
sz002517,恺英网络,2025-09-17 15:00:00,28.06,287700,28.06,U
