symbol,name,ticktime,price,volume,prev_price,kind
sz002517,恺英网络,2025-10-13 09:25:00,23.84,344800,0.0,D
sz002517,恺英网络,2025-10-13 09:30:00,23.88,610800,23.84,U
sz002517,恺英网络,2025-10-13 09:30:03,23.9,830700,23.88,U
sz002517,恺英网络,2025-10-13 09:30:06,23.89,227600,23.9,D
sz002517,恺英网络,2025-10-13 09:30:09,24.0,84400,23.89,U
sz002517,恺英网络,2025-10-13 09:30:12,24.01,34100,24.0,E
sz002517,恺英网络,2025-10-13 09:30:15,24.15,14000,24.01,U
sz002517,恺英网络,2025-10-13 09:30:18,24.18,56600,24.15,E
sz002517,恺英网络,2025-10-13 09:30:21,24.3,51600,24.18,U
sz002517,恺英网络,2025-10-13 09:30:24,24.18,30600,24.3,D
sz002517,恺英网络,2025-10-13 09:30:27,24.14,26900,24.18,D
sz002517,恺英网络,2025-10-13 09:30:30,24.06,147900,24.14,D
sz002517,恺英网络,2025-10-13 09:30:33,24.15,87900,24.06,U
sz002517,恺英网络,2025-10-13 09:30:36,24.17,22200,24.15,U
sz002517,恺英网络,2025-10-13 09:30:39,24.28,28800,24.17,U
sz002517,恺英网络,2025-10-13 09:30:42,24.24,53800,24.28,D
sz002517,恺英网络,2025-10-13 09:30:45,24.24,62500,24.24,U
sz002517,恺英网络,2025-10-13 09:30:48,24.28,30300,24.24,U
sz002517,恺英网络,2025-10-13 09:30:51,24.28,35100,24.28,D
sz002517,恺英网络,2025-10-13 09:30:54,24.27,45600,24.28,D
sz002517,恺英网络,2025-10-13 09:30:57,24.25,47600,24.27,D
sz002517,恺英网络,2025-10-13 09:31:00,24.29,26900,24.25,U
sz002517,恺英网络,2025-10-13 09:31:03,24.3,92800,24.29,U
sz002517,恺英网络,2025-10-13 09:31:06,24.3,21400,24.3,D
sz002517,恺英网络,2025-10-13 09:31:09,24.36,110600,24.3,U
sz002517,恺英网络,2025-10-13 09:31:12,24.32,30400,24.36,D
sz002517,恺英网络,2025-10-13 09:31:15,24.34,61600,24.32,E
sz002517,恺英网络,2025-10-13 09:31:18,24.34,34200,24.34,U
sz002517,恺英网络,2025-10-13 09:31:21,24.33,38400,24.34,D
sz002517,恺英网络,2025-10-13 09:31:24,24.34,46600,24.33,U
sz002517,恺英网络,2025-10-13 09:31:27,24.33,34300,24.34,U
sz002517,恺英网络,2025-10-13 09:31:30,24.33,46500,24.33,U
sz002517,恺英网络,2025-10-13 09:31:33,24.33,11300,24.33,D
sz002517,恺英网络,2025-10-13 09:31:36,24.35,43500,24.33,U
sz002517,恺英网络,2025-10-13 09:31:39,24.33,39100,24.35,D
sz002517,恺英网络,2025-10-13 09:31:42,24.35,47800,24.33,U
sz002517,恺英网络,2025-10-13 09:31:45,24.35,67200,24.35,U
sz002517,恺英网络,2025-10-13 09:31:48,24.33,56600,24.35,D
sz002517,恺英网络,2025-10-13 09:31:51,24.37,94700,24.33,U
sz002517,恺英网络,2025-10-13 09:31:54,24.38,136400,24.37,U
sz002517,恺英网络,2025-10-13 09:31:57,24.4,37100,24.38,U
sz002517,恺英网络,2025-10-13 09:32:00,24.44,11448,24.4,U
sz002517,恺英网络,2025-10-13 09:32:03,24.42,34600,24.44,D
sz002517,恺英网络,2025-10-13 09:32:06,24.47,32500,24.42,U
sz002517,恺英网络,2025-10-13 09:32:09,24.43,19900,24.47,D
sz002517,恺英网络,2025-10-13 09:32:12,24.39,97500,24.43,D
sz002517,恺英网络,2025-10-13 09:32:15,24.43,30600,24.39,U
sz002517,恺英网络,2025-10-13 09:32:18,24.46,126200,24.43,U
sz002517,恺英网络,2025-10-13 09:32:21,24.5,67500,24.46,U
sz002517,恺英网络,2025-10-13 09:32:24,24.49,184000,24.5,D
sz002517,恺英网络,2025-10-13 09:32:27,24.63,15800,24.49,U
sz002517,恺英网络,2025-10-13 09:32:30,24.7,16600,24.63,U
sz002517,恺英网络,2025-10-13 09:32:33,24.76,39300,24.7,U
sz002517,恺英网络,2025-10-13 09:32:36,24.79,8100,24.76,U
sz002517,恺英网络,2025-10-13 09:32:39,24.82,41600,24.79,U
sz002517,恺英网络,2025-10-13 09:32:42,24.82,18600,24.82,D
sz002517,恺英网络,2025-10-13 09:32:45,24.8,30900,24.82,D
sz002517,恺英网络,2025-10-13 09:32:48,24.74,80600,24.8,D
sz002517,恺英网络,2025-10-13 09:32:51,24.81,99100,24.74,U
sz002517,恺英网络,2025-10-13 09:32:54,24.81,82200,24.81,D
sz002517,恺英网络,2025-10-13 09:32:57,24.84,18700,24.81,U
sz002517,恺英网络,2025-10-13 09:33:00,24.84,57132,24.84,U
sz002517,恺英网络,2025-10-13 09:33:03,24.84,31100,24.84,D
sz002517,恺英网络,2025-10-13 09:33:06,24.88,57600,24.84,U
sz002517,恺英网络,2025-10-13 09:33:09,24.9,22000,24.88,U
sz002517,恺英网络,2025-10-13 09:33:12,24.9,23100,24.9,U
sz002517,恺英网络,2025-10-13 09:33:15,24.9,27500,24.9,D
sz002517,恺英网络,2025-10-13 09:33:18,24.9,27800,24.9,D
sz002517,恺英网络,2025-10-13 09:33:21,24.88,73400,24.9,D
sz002517,恺英网络,2025-10-13 09:33:27,24.91,39900,24.85,U
sz002517,恺英网络,2025-10-13 09:33:30,24.99,221100,24.91,U
sz002517,恺英网络,2025-10-13 09:33:33,24.92,66100,24.99,D
sz002517,恺英网络,2025-10-13 09:33:36,24.96,14300,24.92,U
sz002517,恺英网络,2025-10-13 09:33:42,24.96,12700,24.95,D
sz002517,恺英网络,2025-10-13 09:33:45,24.92,16000,24.96,D
sz002517,恺英网络,2025-10-13 09:33:48,24.9,31700,24.92,D
sz002517,恺英网络,2025-10-13 09:33:51,24.9,48000,24.9,D
sz002517,恺英网络,2025-10-13 09:33:54,24.93,16900,24.9,E
sz002517,恺英网络,2025-10-13 09:33:57,24.93,28500,24.93,U
sz002517,恺英网络,2025-10-13 09:34:00,24.93,53800,24.93,D
sz002517,恺英网络,2025-10-13 09:34:03,24.93,28100,24.93,D
sz002517,恺英网络,2025-10-13 09:34:06,24.85,13900,24.93,D
sz002517,恺英网络,2025-10-13 09:34:09,24.85,12200,24.85,D
sz002517,恺英网络,2025-10-13 09:34:12,24.85,14400,24.85,U
sz002517,恺英网络,2025-10-13 09:34:15,24.82,39400,24.85,D
sz002517,恺英网络,2025-10-13 09:34:18,24.8,31100,24.82,D
sz002517,恺英网络,2025-10-13 09:34:21,24.76,101000,24.8,D
sz002517,恺英网络,2025-10-13 09:34:24,24.77,73300,24.76,U
sz002517,恺英网络,2025-10-13 09:34:27,24.82,56400,24.77,U
sz002517,恺英网络,2025-10-13 09:34:30,24.78,24800,24.82,D
sz002517,恺英网络,2025-10-13 09:34:33,24.86,39300,24.78,U
sz002517,恺英网络,2025-10-13 09:34:36,24.86,28000,24.86,U
sz002517,恺英网络,2025-10-13 09:34:39,24.83,10400,24.86,D
sz002517,恺英网络,2025-10-13 09:34:42,24.82,17400,24.83,D
sz002517,恺英网络,2025-10-13 09:34:45,24.82,30600,24.82,U
sz002517,恺英网络,2025-10-13 09:34:48,24.78,24300,24.82,D
sz002517,恺英网络,2025-10-13 09:34:54,24.82,12400,24.78,U
sz002517,恺英网络,2025-10-13 09:34:57,24.81,33800,24.82,D
sz002517,恺英网络,2025-10-13 09:35:00,24.88,90600,24.81,U
sz002517,恺英网络,2025-10-13 09:35:03,24.88,43400,24.88,D
sz002517,恺英网络,2025-10-13 09:35:06,24.87,28500,24.88,D
sz002517,恺英网络,2025-10-13 09:35:15,24.91,17200,24.89,U
sz002517,恺英网络,2025-10-13 09:35:18,24.88,58900,24.91,D
sz002517,恺英网络,2025-10-13 09:35:21,24.91,20800,24.88,U
sz002517,恺英网络,2025-10-13 09:35:24,24.91,9200,24.91,D
sz002517,恺英网络,2025-10-13 09:35:27,24.9,17300,24.91,D
sz002517,恺英网络,2025-10-13 09:35:30,24.89,18100,24.9,D
sz002517,恺英网络,2025-10-13 09:35:39,24.91,12200,24.88,U
sz002517,恺英网络,2025-10-13 09:35:48,24.93,8200,24.93,U
sz002517,恺英网络,2025-10-13 09:35:51,24.93,11500,24.93,D
sz002517,恺英网络,2025-10-13 09:35:54,24.96,144700,24.93,U
sz002517,恺英网络,2025-10-13 09:35:57,24.97,18700,24.96,D
sz002517,恺英网络,2025-10-13 09:36:00,25.03,11600,24.97,U
sz002517,恺英网络,2025-10-13 09:36:03,25.0,43500,25.03,D
sz002517,恺英网络,2025-10-13 09:36:06,24.93,352300,25.0,D
sz002517,恺英网络,2025-10-13 09:36:09,24.93,11500,24.93,U
sz002517,恺英网络,2025-10-13 09:36:12,24.89,58700,24.93,D
sz002517,恺英网络,2025-10-13 09:36:15,24.88,13800,24.89,D
sz002517,恺英网络,2025-10-13 09:36:18,24.84,9500,24.88,D
sz002517,恺英网络,2025-10-13 09:36:21,24.85,14000,24.84,U
sz002517,恺英网络,2025-10-13 09:36:24,24.85,10300,24.85,U
sz002517,恺英网络,2025-10-13 09:36:27,24.88,12900,24.85,U
sz002517,恺英网络,2025-10-13 09:36:36,24.92,11100,24.93,U
sz002517,恺英网络,2025-10-13 09:36:39,24.91,10300,24.92,E
sz002517,恺英网络,2025-10-13 09:36:42,24.9,12600,24.91,U
sz002517,恺英网络,2025-10-13 09:36:51,24.86,52300,24.85,E
sz002517,恺英网络,2025-10-13 09:36:54,24.85,24000,24.86,D
sz002517,恺英网络,2025-10-13 09:37:00,24.88,22100,24.85,U
sz002517,恺英网络,2025-10-13 09:37:03,24.89,62400,24.88,U
sz002517,恺英网络,2025-10-13 09:37:09,24.9,15100,24.89,U
sz002517,恺英网络,2025-10-13 09:37:12,24.84,48200,24.9,D
sz002517,恺英网络,2025-10-13 09:37:15,24.84,98500,24.84,E
sz002517,恺英网络,2025-10-13 09:37:18,24.86,108900,24.84,U
sz002517,恺英网络,2025-10-13 09:37:21,24.99,238800,24.86,U
sz002517,恺英网络,2025-10-13 09:37:30,24.96,11300,24.92,U
sz002517,恺英网络,2025-10-13 09:37:36,24.9,8300,24.89,D
sz002517,恺英网络,2025-10-13 09:37:39,24.9,16400,24.9,U
sz002517,恺英网络,2025-10-13 09:37:42,24.91,9100,24.9,E
sz002517,恺英网络,2025-10-13 09:37:45,24.9,16600,24.91,D
sz002517,恺英网络,2025-10-13 09:37:48,24.81,36000,24.9,D
sz002517,恺英网络,2025-10-13 09:37:57,24.87,57800,24.83,E
sz002517,恺英网络,2025-10-13 09:38:00,24.85,8100,24.87,E
sz002517,恺英网络,2025-10-13 09:38:03,24.84,15800,24.85,D
sz002517,恺英网络,2025-10-13 09:38:06,24.87,98000,24.84,U
sz002517,恺英网络,2025-10-13 09:38:09,24.87,77700,24.87,U
sz002517,恺英网络,2025-10-13 09:38:12,24.86,9600,24.87,D
sz002517,恺英网络,2025-10-13 09:38:15,24.85,97800,24.86,D
sz002517,恺英网络,2025-10-13 09:38:24,24.84,13300,24.83,U
sz002517,恺英网络,2025-10-13 09:38:27,24.92,30600,24.84,U
sz002517,恺英网络,2025-10-13 09:38:33,24.87,30600,24.91,D
sz002517,恺英网络,2025-10-13 09:38:36,24.87,23600,24.87,U
sz002517,恺英网络,2025-10-13 09:38:57,24.79,12300,24.81,D
sz002517,恺英网络,2025-10-13 09:39:00,24.74,109500,24.79,D
sz002517,恺英网络,2025-10-13 09:39:03,24.71,23000,24.74,E
sz002517,恺英网络,2025-10-13 09:39:06,24.72,9300,24.71,E
sz002517,恺英网络,2025-10-13 09:39:09,24.71,12900,24.72,D
sz002517,恺英网络,2025-10-13 09:39:12,24.7,16900,24.71,D
sz002517,恺英网络,2025-10-13 09:39:18,24.66,20000,24.7,D
sz002517,恺英网络,2025-10-13 09:39:21,24.68,94800,24.66,U
sz002517,恺英网络,2025-10-13 09:39:24,24.68,13100,24.68,D
sz002517,恺英网络,2025-10-13 09:39:27,24.73,24700,24.68,U
sz002517,恺英网络,2025-10-13 09:39:30,24.69,18000,24.73,D
sz002517,恺英网络,2025-10-13 09:39:33,24.66,17800,24.69,D
sz002517,恺英网络,2025-10-13 09:39:39,24.63,11600,24.65,D
sz002517,恺英网络,2025-10-13 09:39:42,24.62,8900,24.63,D
sz002517,恺英网络,2025-10-13 09:39:48,24.6,26300,24.6,U
sz002517,恺英网络,2025-10-13 09:39:51,24.6,23300,24.6,D
sz002517,恺英网络,2025-10-13 09:39:54,24.64,68400,24.6,U
sz002517,恺英网络,2025-10-13 09:39:57,24.62,20300,24.64,D
sz002517,恺英网络,2025-10-13 09:40:03,24.69,27500,24.64,U
sz002517,恺英网络,2025-10-13 09:40:06,24.68,21900,24.69,E
sz002517,恺英网络,2025-10-13 09:40:12,24.71,34800,24.69,U
sz002517,恺英网络,2025-10-13 09:40:15,24.72,11800,24.71,E
sz002517,恺英网络,2025-10-13 09:40:24,24.72,11500,24.72,U
sz002517,恺英网络,2025-10-13 09:40:27,24.76,45300,24.72,U
sz002517,恺英网络,2025-10-13 09:40:33,24.75,13400,24.76,D
sz002517,恺英网络,2025-10-13 09:40:39,24.7,19300,24.74,D
sz002517,恺英网络,2025-10-13 09:40:42,24.77,15000,24.7,U
sz002517,恺英网络,2025-10-13 09:40:45,24.81,20600,24.77,U
sz002517,恺英网络,2025-10-13 09:40:51,24.81,20700,24.81,U
sz002517,恺英网络,2025-10-13 09:41:00,24.79,14300,24.8,E
sz002517,恺英网络,2025-10-13 09:41:06,24.83,44100,24.8,U
sz002517,恺英网络,2025-10-13 09:41:09,24.83,15800,24.83,E
sz002517,恺英网络,2025-10-13 09:41:12,24.81,62700,24.83,D
sz002517,恺英网络,2025-10-13 09:41:15,24.81,32200,24.81,U
sz002517,恺英网络,2025-10-13 09:41:18,24.88,61600,24.81,U
sz002517,恺英网络,2025-10-13 09:41:30,24.78,63700,24.88,D
sz002517,恺英网络,2025-10-13 09:41:33,24.77,36600,24.78,D
sz002517,恺英网络,2025-10-13 09:41:36,24.77,18500,24.77,E
sz002517,恺英网络,2025-10-13 09:41:42,24.8,43200,24.81,D
sz002517,恺英网络,2025-10-13 09:41:51,24.8,13000,24.8,D
sz002517,恺英网络,2025-10-13 09:41:57,24.82,17300,24.81,U
sz002517,恺英网络,2025-10-13 09:42:03,24.81,11400,24.82,D
sz002517,恺英网络,2025-10-13 09:42:06,24.79,39600,24.81,D
sz002517,恺英网络,2025-10-13 09:42:09,24.83,27700,24.79,U
sz002517,恺英网络,2025-10-13 09:42:15,24.86,13500,24.83,U
sz002517,恺英网络,2025-10-13 09:42:21,24.88,10700,24.87,U
sz002517,恺英网络,2025-10-13 09:42:24,24.86,8600,24.88,D
sz002517,恺英网络,2025-10-13 09:42:27,24.88,311500,24.86,U
sz002517,恺英网络,2025-10-13 09:42:39,24.88,13300,24.88,U
sz002517,恺英网络,2025-10-13 09:42:42,24.88,9100,24.88,D
sz002517,恺英网络,2025-10-13 09:42:45,24.84,18300,24.88,D
sz002517,恺英网络,2025-10-13 09:43:03,24.9,12400,24.88,U
sz002517,恺英网络,2025-10-13 09:43:06,24.85,169600,24.9,D
sz002517,恺英网络,2025-10-13 09:43:09,24.83,12500,24.85,D
sz002517,恺英网络,2025-10-13 09:43:12,24.85,76700,24.83,U
sz002517,恺英网络,2025-10-13 09:43:15,24.85,81000,24.85,U
sz002517,恺英网络,2025-10-13 09:43:30,24.88,18600,24.88,U
sz002517,恺英网络,2025-10-13 09:43:33,24.87,28800,24.88,D
sz002517,恺英网络,2025-10-13 09:43:36,24.87,17700,24.87,U
sz002517,恺英网络,2025-10-13 09:43:42,24.87,12400,24.87,U
sz002517,恺英网络,2025-10-13 09:43:54,24.87,20300,24.88,D
sz002517,恺英网络,2025-10-13 09:43:57,24.86,15300,24.87,D
sz002517,恺英网络,2025-10-13 09:44:03,24.85,11200,24.85,D
sz002517,恺英网络,2025-10-13 09:44:06,24.86,21400,24.85,U
sz002517,恺英网络,2025-10-13 09:44:09,24.87,14300,24.86,E
sz002517,恺英网络,2025-10-13 09:44:15,24.86,16300,24.87,D
sz002517,恺英网络,2025-10-13 09:44:21,24.89,36100,24.87,U
sz002517,恺英网络,2025-10-13 09:44:30,24.88,22200,24.85,U
sz002517,恺英网络,2025-10-13 09:44:45,24.88,10700,24.88,U
sz002517,恺英网络,2025-10-13 09:44:51,24.88,15800,24.87,U
sz002517,恺英网络,2025-10-13 09:44:57,24.86,10100,24.88,D
sz002517,恺英网络,2025-10-13 09:45:15,24.86,11900,24.86,D
sz002517,恺英网络,2025-10-13 09:45:21,24.87,11300,24.87,U
sz002517,恺英网络,2025-10-13 09:45:24,24.86,18500,24.87,D
sz002517,恺英网络,2025-10-13 09:45:27,24.87,21000,24.86,U
sz002517,恺英网络,2025-10-13 09:45:36,24.84,56600,24.87,D
sz002517,恺英网络,2025-10-13 09:45:48,24.82,44100,24.82,E
sz002517,恺英网络,2025-10-13 09:45:51,24.83,10400,24.82,U
sz002517,恺英网络,2025-10-13 09:45:54,24.84,17700,24.83,U
sz002517,恺英网络,2025-10-13 09:45:57,24.83,13000,24.84,D
sz002517,恺英网络,2025-10-13 09:46:12,24.8,27300,24.83,D
sz002517,恺英网络,2025-10-13 09:46:21,24.79,22800,24.76,U
sz002517,恺英网络,2025-10-13 09:46:24,24.81,19800,24.79,U
sz002517,恺英网络,2025-10-13 09:46:42,24.8,11000,24.78,U
sz002517,恺英网络,2025-10-13 09:47:03,24.82,25200,24.78,U
sz002517,恺英网络,2025-10-13 09:47:06,24.81,10100,24.82,D
sz002517,恺英网络,2025-10-13 09:47:09,24.77,12000,24.81,D
sz002517,恺英网络,2025-10-13 09:47:12,24.71,53500,24.77,D
sz002517,恺英网络,2025-10-13 09:47:15,24.72,11400,24.71,D
sz002517,恺英网络,2025-10-13 09:47:21,24.72,13400,24.71,U
sz002517,恺英网络,2025-10-13 09:47:24,24.72,16800,24.72,D
sz002517,恺英网络,2025-10-13 09:47:33,24.74,10300,24.75,D
sz002517,恺英网络,2025-10-13 09:47:36,24.77,33800,24.74,U
sz002517,恺英网络,2025-10-13 09:47:48,24.76,15500,24.8,D
sz002517,恺英网络,2025-10-13 09:47:57,24.77,15800,24.76,D
sz002517,恺英网络,2025-10-13 09:48:03,24.77,20400,24.77,U
sz002517,恺英网络,2025-10-13 09:48:06,24.79,13500,24.77,U
sz002517,恺英网络,2025-10-13 09:48:12,24.81,70813,24.79,U
sz002517,恺英网络,2025-10-13 09:48:27,24.81,10300,24.81,D
sz002517,恺英网络,2025-10-13 09:48:30,24.81,26400,24.81,D
sz002517,恺英网络,2025-10-13 09:48:39,24.79,17700,24.8,D
sz002517,恺英网络,2025-10-13 09:48:42,24.77,14900,24.79,D
sz002517,恺英网络,2025-10-13 09:48:45,24.78,13500,24.77,E
sz002517,恺英网络,2025-10-13 09:48:48,24.79,27600,24.78,U
sz002517,恺英网络,2025-10-13 09:48:51,24.8,11800,24.79,U
sz002517,恺英网络,2025-10-13 09:48:54,24.81,24000,24.8,U
sz002517,恺英网络,2025-10-13 09:49:00,24.81,10300,24.8,U
sz002517,恺英网络,2025-10-13 09:49:06,24.8,25400,24.8,D
sz002517,恺英网络,2025-10-13 09:49:09,24.77,19100,24.8,D
sz002517,恺英网络,2025-10-13 09:49:24,24.76,23000,24.77,D
sz002517,恺英网络,2025-10-13 09:49:27,24.74,10600,24.76,D
sz002517,恺英网络,2025-10-13 09:49:51,24.79,26600,24.73,U
sz002517,恺英网络,2025-10-13 09:50:00,24.72,8700,24.72,D
sz002517,恺英网络,2025-10-13 09:50:03,24.73,30100,24.72,U
sz002517,恺英网络,2025-10-13 09:50:06,24.69,24700,24.73,D
sz002517,恺英网络,2025-10-13 09:50:09,24.67,53100,24.69,D
sz002517,恺英网络,2025-10-13 09:50:15,24.66,21000,24.66,D
sz002517,恺英网络,2025-10-13 09:50:18,24.64,14100,24.66,D
sz002517,恺英网络,2025-10-13 09:50:21,24.64,54800,24.64,E
sz002517,恺英网络,2025-10-13 09:50:27,24.64,38200,24.63,U
sz002517,恺英网络,2025-10-13 09:50:36,24.67,11100,24.68,D
sz002517,恺英网络,2025-10-13 09:50:39,24.71,44500,24.67,U
sz002517,恺英网络,2025-10-13 09:50:51,24.7,11400,24.73,D
sz002517,恺英网络,2025-10-13 09:51:06,24.7,43600,24.69,U
sz002517,恺英网络,2025-10-13 09:51:09,24.68,20600,24.7,D
sz002517,恺英网络,2025-10-13 09:51:21,24.66,14100,24.68,D
sz002517,恺英网络,2025-10-13 09:51:27,24.69,14200,24.65,U
sz002517,恺英网络,2025-10-13 09:51:42,24.69,12600,24.68,U
sz002517,恺英网络,2025-10-13 09:51:45,24.7,8600,24.69,U
sz002517,恺英网络,2025-10-13 09:51:51,24.69,9300,24.7,D
sz002517,恺英网络,2025-10-13 09:52:12,24.67,24550,24.72,D
sz002517,恺英网络,2025-10-13 09:52:15,24.66,16300,24.67,D
sz002517,恺英网络,2025-10-13 09:52:18,24.65,10700,24.66,D
sz002517,恺英网络,2025-10-13 09:52:36,24.64,17000,24.64,U
sz002517,恺英网络,2025-10-13 09:52:45,24.63,28100,24.64,D
sz002517,恺英网络,2025-10-13 09:52:48,24.62,11800,24.63,D
sz002517,恺英网络,2025-10-13 09:52:51,24.64,33300,24.62,U
sz002517,恺英网络,2025-10-13 09:52:54,24.65,9200,24.64,U
sz002517,恺英网络,2025-10-13 09:53:15,24.68,8400,24.68,U
sz002517,恺英网络,2025-10-13 09:53:18,24.69,9900,24.68,U
sz002517,恺英网络,2025-10-13 09:53:27,24.68,8400,24.69,D
sz002517,恺英网络,2025-10-13 09:53:30,24.68,12500,24.68,U
sz002517,恺英网络,2025-10-13 09:53:36,24.68,8600,24.68,D
sz002517,恺英网络,2025-10-13 09:54:03,24.64,43200,24.67,D
sz002517,恺英网络,2025-10-13 09:54:18,24.6,56500,24.61,D
sz002517,恺英网络,2025-10-13 09:54:21,24.62,38300,24.6,U
sz002517,恺英网络,2025-10-13 09:54:33,24.62,17000,24.6,U
sz002517,恺英网络,2025-10-13 09:54:36,24.62,21000,24.62,U
sz002517,恺英网络,2025-10-13 09:54:54,24.58,18000,24.6,D
sz002517,恺英网络,2025-10-13 09:54:57,24.57,9100,24.58,D
sz002517,恺英网络,2025-10-13 09:55:03,24.58,14000,24.55,U
sz002517,恺英网络,2025-10-13 09:55:06,24.6,44200,24.58,U
sz002517,恺英网络,2025-10-13 09:55:09,24.61,23500,24.6,U
sz002517,恺英网络,2025-10-13 09:55:12,24.6,29300,24.61,D
sz002517,恺英网络,2025-10-13 09:55:18,24.63,62500,24.61,U
sz002517,恺英网络,2025-10-13 09:55:36,24.66,16400,24.66,E
sz002517,恺英网络,2025-10-13 09:55:48,24.66,22600,24.67,D
sz002517,恺英网络,2025-10-13 09:55:51,24.68,23300,24.66,U
sz002517,恺英网络,2025-10-13 09:56:00,24.64,40200,24.64,D
sz002517,恺英网络,2025-10-13 09:56:03,24.64,68800,24.64,U
sz002517,恺英网络,2025-10-13 09:56:06,24.6,12500,24.64,D
sz002517,恺英网络,2025-10-13 09:56:09,24.59,27100,24.6,D
sz002517,恺英网络,2025-10-13 09:56:15,24.55,29600,24.58,D
sz002517,恺英网络,2025-10-13 09:56:21,24.55,48300,24.56,D
sz002517,恺英网络,2025-10-13 09:56:24,24.55,16500,24.55,D
sz002517,恺英网络,2025-10-13 09:56:30,24.54,9500,24.55,D
sz002517,恺英网络,2025-10-13 09:56:36,24.51,30000,24.54,D
sz002517,恺英网络,2025-10-13 09:56:39,24.51,11700,24.51,U
sz002517,恺英网络,2025-10-13 09:56:42,24.49,13600,24.51,D
sz002517,恺英网络,2025-10-13 09:56:45,24.46,10600,24.49,D
sz002517,恺英网络,2025-10-13 09:56:51,24.46,9600,24.47,D
sz002517,恺英网络,2025-10-13 09:56:57,24.48,29500,24.45,U
sz002517,恺英网络,2025-10-13 09:57:12,24.49,8900,24.49,D
sz002517,恺英网络,2025-10-13 09:57:18,24.49,16700,24.49,D
sz002517,恺英网络,2025-10-13 09:57:24,24.49,21540,24.49,U
sz002517,恺英网络,2025-10-13 09:57:33,24.5,8260,24.5,U
sz002517,恺英网络,2025-10-13 09:57:36,24.5,8400,24.5,U
sz002517,恺英网络,2025-10-13 09:57:39,24.49,10000,24.5,D
sz002517,恺英网络,2025-10-13 09:57:48,24.46,24000,24.47,D
sz002517,恺英网络,2025-10-13 09:57:54,24.46,8500,24.45,U
sz002517,恺英网络,2025-10-13 09:57:57,24.45,10300,24.46,D
sz002517,恺英网络,2025-10-13 09:58:00,24.44,41900,24.45,D
sz002517,恺英网络,2025-10-13 09:58:03,24.44,18600,24.44,U
sz002517,恺英网络,2025-10-13 09:58:12,24.4,18800,24.42,D
sz002517,恺英网络,2025-10-13 09:58:18,24.4,16400,24.4,D
sz002517,恺英网络,2025-10-13 09:58:21,24.4,14600,24.4,D
sz002517,恺英网络,2025-10-13 09:58:33,24.39,12300,24.4,D
sz002517,恺英网络,2025-10-13 09:58:36,24.38,39200,24.39,D
sz002517,恺英网络,2025-10-13 09:58:42,24.37,21900,24.37,D
sz002517,恺英网络,2025-10-13 09:58:45,24.38,8900,24.37,U
sz002517,恺英网络,2025-10-13 09:58:51,24.41,180500,24.37,U
sz002517,恺英网络,2025-10-13 09:58:57,24.41,16100,24.42,D
sz002517,恺英网络,2025-10-13 09:59:00,24.41,48700,24.41,U
sz002517,恺英网络,2025-10-13 09:59:06,24.41,19900,24.41,D
sz002517,恺英网络,2025-10-13 09:59:12,24.42,35400,24.41,U
sz002517,恺英网络,2025-10-13 09:59:15,24.46,13800,24.42,U
sz002517,恺英网络,2025-10-13 09:59:18,24.47,12200,24.46,U
sz002517,恺英网络,2025-10-13 09:59:27,24.47,33900,24.45,U
sz002517,恺英网络,2025-10-13 09:59:36,24.48,16100,24.47,U
sz002517,恺英网络,2025-10-13 09:59:57,24.49,11200,24.49,D
sz002517,恺英网络,2025-10-13 10:00:03,24.49,14700,24.49,U
sz002517,恺英网络,2025-10-13 10:00:06,24.49,8900,24.49,U
sz002517,恺英网络,2025-10-13 10:00:09,24.47,12000,24.49,D
sz002517,恺英网络,2025-10-13 10:00:15,24.47,22300,24.46,U
sz002517,恺英网络,2025-10-13 10:00:18,24.46,86200,24.47,D
sz002517,恺英网络,2025-10-13 10:00:21,24.44,24700,24.46,D
sz002517,恺英网络,2025-10-13 10:00:27,24.45,10140,24.44,U
sz002517,恺英网络,2025-10-13 10:00:30,24.46,13000,24.45,U
sz002517,恺英网络,2025-10-13 10:00:42,24.46,12500,24.45,U
sz002517,恺英网络,2025-10-13 10:00:51,24.46,18800,24.46,U
sz002517,恺英网络,2025-10-13 10:00:54,24.47,9500,24.46,E
sz002517,恺英网络,2025-10-13 10:01:06,24.46,20400,24.47,D
sz002517,恺英网络,2025-10-13 10:01:09,24.46,8900,24.46,U
sz002517,恺英网络,2025-10-13 10:01:18,24.45,15100,24.46,D
sz002517,恺英网络,2025-10-13 10:01:21,24.47,37300,24.45,U
sz002517,恺英网络,2025-10-13 10:01:24,24.48,11800,24.47,D
sz002517,恺英网络,2025-10-13 10:01:36,24.47,18900,24.47,U
sz002517,恺英网络,2025-10-13 10:01:39,24.46,34800,24.47,D
sz002517,恺英网络,2025-10-13 10:01:51,24.47,9900,24.46,E
sz002517,恺英网络,2025-10-13 10:01:57,24.47,9700,24.47,D
sz002517,恺英网络,2025-10-13 10:02:00,24.45,39600,24.47,D
sz002517,恺英网络,2025-10-13 10:02:03,24.44,35000,24.45,D
sz002517,恺英网络,2025-10-13 10:02:06,24.42,8800,24.44,D
sz002517,恺英网络,2025-10-13 10:02:09,24.44,18996,24.42,U
sz002517,恺英网络,2025-10-13 10:02:12,24.45,24000,24.44,U
sz002517,恺英网络,2025-10-13 10:02:24,24.46,17600,24.46,D
sz002517,恺英网络,2025-10-13 10:02:27,24.45,8800,24.46,E
sz002517,恺英网络,2025-10-13 10:02:30,24.44,42404,24.45,D
sz002517,恺英网络,2025-10-13 10:02:33,24.42,9900,24.44,D
sz002517,恺英网络,2025-10-13 10:02:36,24.43,71600,24.42,D
sz002517,恺英网络,2025-10-13 10:02:39,24.43,11800,24.43,D
sz002517,恺英网络,2025-10-13 10:02:42,24.43,36400,24.43,U
sz002517,恺英网络,2025-10-13 10:02:45,24.43,59900,24.43,E
sz002517,恺英网络,2025-10-13 10:02:48,24.46,31700,24.43,E
sz002517,恺英网络,2025-10-13 10:02:54,24.42,11500,24.44,D
sz002517,恺英网络,2025-10-13 10:02:57,24.41,42800,24.42,D
sz002517,恺英网络,2025-10-13 10:03:00,24.43,18400,24.41,D
sz002517,恺英网络,2025-10-13 10:03:03,24.41,25100,24.43,D
sz002517,恺英网络,2025-10-13 10:03:06,24.37,24800,24.41,D
sz002517,恺英网络,2025-10-13 10:03:09,24.39,60700,24.37,E
sz002517,恺英网络,2025-10-13 10:03:12,24.37,16100,24.39,D
sz002517,恺英网络,2025-10-13 10:03:18,24.39,13200,24.4,E
sz002517,恺英网络,2025-10-13 10:03:21,24.42,22100,24.39,U
sz002517,恺英网络,2025-10-13 10:03:27,24.42,19700,24.41,D
sz002517,恺英网络,2025-10-13 10:03:42,24.41,10300,24.41,U
sz002517,恺英网络,2025-10-13 10:03:45,24.41,15300,24.41,U
sz002517,恺英网络,2025-10-13 10:03:48,24.41,13800,24.41,U
sz002517,恺英网络,2025-10-13 10:03:54,24.37,11100,24.4,D
sz002517,恺英网络,2025-10-13 10:04:00,24.37,9400,24.38,D
sz002517,恺英网络,2025-10-13 10:04:03,24.42,45800,24.37,U
sz002517,恺英网络,2025-10-13 10:04:06,24.43,21700,24.42,U
sz002517,恺英网络,2025-10-13 10:04:09,24.42,23800,24.43,D
sz002517,恺英网络,2025-10-13 10:04:12,24.42,11700,24.42,D
sz002517,恺英网络,2025-10-13 10:04:18,24.4,19000,24.41,D
sz002517,恺英网络,2025-10-13 10:04:21,24.39,32300,24.4,D
sz002517,恺英网络,2025-10-13 10:04:27,24.37,11600,24.38,D
sz002517,恺英网络,2025-10-13 10:04:30,24.38,18000,24.37,U
sz002517,恺英网络,2025-10-13 10:04:33,24.37,10700,24.38,D
sz002517,恺英网络,2025-10-13 10:04:36,24.37,11700,24.37,U
sz002517,恺英网络,2025-10-13 10:04:39,24.39,57300,24.37,U
sz002517,恺英网络,2025-10-13 10:04:42,24.39,18800,24.39,D
sz002517,恺英网络,2025-10-13 10:04:48,24.42,34300,24.38,U
sz002517,恺英网络,2025-10-13 10:04:51,24.43,10100,24.42,U
sz002517,恺英网络,2025-10-13 10:05:00,24.4,9500,24.41,D
sz002517,恺英网络,2025-10-13 10:05:03,24.38,14400,24.4,D
sz002517,恺英网络,2025-10-13 10:05:15,24.39,12000,24.4,D
sz002517,恺英网络,2025-10-13 10:05:27,24.38,19300,24.4,D
sz002517,恺英网络,2025-10-13 10:05:30,24.38,11700,24.38,D
sz002517,恺英网络,2025-10-13 10:05:33,24.42,16300,24.38,U
sz002517,恺英网络,2025-10-13 10:05:39,24.41,19100,24.41,U
sz002517,恺英网络,2025-10-13 10:05:42,24.41,9500,24.41,D
sz002517,恺英网络,2025-10-13 10:05:48,24.43,32800,24.41,U
sz002517,恺英网络,2025-10-13 10:05:54,24.45,19000,24.44,U
sz002517,恺英网络,2025-10-13 10:06:15,24.46,17200,24.44,U
sz002517,恺英网络,2025-10-13 10:06:21,24.44,9500,24.45,D
sz002517,恺英网络,2025-10-13 10:06:27,24.45,10200,24.45,D
sz002517,恺英网络,2025-10-13 10:06:42,24.46,10900,24.44,U
sz002517,恺英网络,2025-10-13 10:06:45,24.44,12600,24.46,D
sz002517,恺英网络,2025-10-13 10:06:54,24.44,8600,24.43,U
sz002517,恺英网络,2025-10-13 10:07:00,24.43,16200,24.44,D
sz002517,恺英网络,2025-10-13 10:07:12,24.41,48900,24.42,D
sz002517,恺英网络,2025-10-13 10:07:15,24.42,18200,24.41,E
sz002517,恺英网络,2025-10-13 10:07:18,24.4,9900,24.42,D
sz002517,恺英网络,2025-10-13 10:07:24,24.42,60300,24.4,U
sz002517,恺英网络,2025-10-13 10:07:27,24.42,21000,24.42,D
sz002517,恺英网络,2025-10-13 10:07:39,24.41,17800,24.41,D
sz002517,恺英网络,2025-10-13 10:07:42,24.4,8900,24.41,D
sz002517,恺英网络,2025-10-13 10:07:51,24.4,14400,24.41,D
sz002517,恺英网络,2025-10-13 10:07:57,24.41,18500,24.42,D
sz002517,恺英网络,2025-10-13 10:08:15,24.46,24900,24.43,U
sz002517,恺英网络,2025-10-13 10:08:21,24.44,19000,24.44,U
sz002517,恺英网络,2025-10-13 10:08:27,24.44,9700,24.44,U
sz002517,恺英网络,2025-10-13 10:08:33,24.46,11000,24.45,U
sz002517,恺英网络,2025-10-13 10:08:39,24.46,15700,24.45,U
sz002517,恺英网络,2025-10-13 10:08:54,24.46,11700,24.46,D
sz002517,恺英网络,2025-10-13 10:09:03,24.46,22600,24.44,U
sz002517,恺英网络,2025-10-13 10:09:06,24.47,9800,24.46,U
sz002517,恺英网络,2025-10-13 10:09:39,24.46,17700,24.46,D
sz002517,恺英网络,2025-10-13 10:09:42,24.48,11100,24.46,U
sz002517,恺英网络,2025-10-13 10:09:54,24.49,13100,24.45,U
sz002517,恺英网络,2025-10-13 10:09:57,24.51,27900,24.49,U
sz002517,恺英网络,2025-10-13 10:10:00,24.47,21900,24.51,D
sz002517,恺英网络,2025-10-13 10:10:03,24.52,15900,24.47,D
sz002517,恺英网络,2025-10-13 10:10:09,24.47,8800,24.52,D
sz002517,恺英网络,2025-10-13 10:10:15,24.51,13700,24.52,E
sz002517,恺英网络,2025-10-13 10:10:18,24.47,17100,24.51,D
sz002517,恺英网络,2025-10-13 10:10:21,24.47,11600,24.47,U
sz002517,恺英网络,2025-10-13 10:10:24,24.49,65100,24.47,D
sz002517,恺英网络,2025-10-13 10:10:27,24.47,15300,24.49,D
sz002517,恺英网络,2025-10-13 10:10:30,24.44,25500,24.47,D
sz002517,恺英网络,2025-10-13 10:10:33,24.52,14300,24.44,D
sz002517,恺英网络,2025-10-13 10:10:36,24.53,21700,24.52,U
sz002517,恺英网络,2025-10-13 10:10:42,24.52,10500,24.52,D
sz002517,恺英网络,2025-10-13 10:10:51,24.45,18200,24.49,D
sz002517,恺英网络,2025-10-13 10:10:57,24.47,13300,24.51,D
sz002517,恺英网络,2025-10-13 10:11:00,24.48,42800,24.47,D
sz002517,恺英网络,2025-10-13 10:11:06,24.43,9100,24.46,D
sz002517,恺英网络,2025-10-13 10:11:12,24.48,21900,24.45,U
sz002517,恺英网络,2025-10-13 10:11:15,24.45,12100,24.48,E
sz002517,恺英网络,2025-10-13 10:11:18,24.45,8500,24.45,U
sz002517,恺英网络,2025-10-13 10:11:39,24.48,13300,24.5,D
sz002517,恺英网络,2025-10-13 10:11:42,24.48,29300,24.48,U
sz002517,恺英网络,2025-10-13 10:11:45,24.48,15700,24.48,D
sz002517,恺英网络,2025-10-13 10:11:48,24.48,12700,24.48,E
sz002517,恺英网络,2025-10-13 10:12:15,24.47,8400,24.47,D
sz002517,恺英网络,2025-10-13 10:12:24,24.44,13500,24.45,D
sz002517,恺英网络,2025-10-13 10:12:27,24.43,10500,24.44,D
sz002517,恺英网络,2025-10-13 10:12:45,24.45,10500,24.45,U
sz002517,恺英网络,2025-10-13 10:12:57,24.45,10600,24.46,D
sz002517,恺英网络,2025-10-13 10:13:00,24.46,17500,24.45,D
sz002517,恺英网络,2025-10-13 10:13:33,24.49,11600,24.49,D
sz002517,恺英网络,2025-10-13 10:13:39,24.49,20400,24.52,D
sz002517,恺英网络,2025-10-13 10:13:42,24.53,8600,24.49,U
sz002517,恺英网络,2025-10-13 10:13:45,24.5,10800,24.53,D
sz002517,恺英网络,2025-10-13 10:13:54,24.52,8600,24.52,D
sz002517,恺英网络,2025-10-13 10:13:57,24.54,10800,24.52,U
sz002517,恺英网络,2025-10-13 10:14:21,24.56,15400,24.56,D
sz002517,恺英网络,2025-10-13 10:14:24,24.56,8800,24.56,U
sz002517,恺英网络,2025-10-13 10:14:30,24.57,10500,24.56,U
sz002517,恺英网络,2025-10-13 10:15:00,24.58,58100,24.57,U
sz002517,恺英网络,2025-10-13 10:15:03,24.53,17000,24.58,D
sz002517,恺英网络,2025-10-13 10:15:06,24.54,15200,24.53,U
sz002517,恺英网络,2025-10-13 10:15:15,24.51,25400,24.52,D
sz002517,恺英网络,2025-10-13 10:15:18,24.5,8400,24.51,E
sz002517,恺英网络,2025-10-13 10:15:30,24.49,13300,24.48,U
sz002517,恺英网络,2025-10-13 10:15:42,24.46,14400,24.45,U
sz002517,恺英网络,2025-10-13 10:15:48,24.46,14500,24.46,U
sz002517,恺英网络,2025-10-13 10:16:03,24.44,13300,24.43,U
sz002517,恺英网络,2025-10-13 10:16:06,24.45,11000,24.44,U
sz002517,恺英网络,2025-10-13 10:16:12,24.45,18000,24.44,U
sz002517,恺英网络,2025-10-13 10:16:15,24.45,18100,24.45,U
sz002517,恺英网络,2025-10-13 10:16:18,24.46,18100,24.45,U
sz002517,恺英网络,2025-10-13 10:16:21,24.46,24300,24.46,D
sz002517,恺英网络,2025-10-13 10:16:24,24.47,10400,24.46,D
sz002517,恺英网络,2025-10-13 10:16:27,24.47,24700,24.47,E
sz002517,恺英网络,2025-10-13 10:16:33,24.47,17800,24.48,D
sz002517,恺英网络,2025-10-13 10:16:36,24.48,18000,24.47,U
sz002517,恺英网络,2025-10-13 10:16:42,24.47,10000,24.48,D
sz002517,恺英网络,2025-10-13 10:16:54,24.46,11500,24.47,D
sz002517,恺英网络,2025-10-13 10:17:00,24.45,10500,24.46,D
sz002517,恺英网络,2025-10-13 10:17:03,24.45,15200,24.45,U
sz002517,恺英网络,2025-10-13 10:17:06,24.44,14600,24.45,D
sz002517,恺英网络,2025-10-13 10:17:09,24.43,15900,24.44,D
sz002517,恺英网络,2025-10-13 10:17:15,24.42,17400,24.44,D
sz002517,恺英网络,2025-10-13 10:17:18,24.4,33500,24.42,D
sz002517,恺英网络,2025-10-13 10:17:21,24.41,13100,24.4,U
sz002517,恺英网络,2025-10-13 10:17:24,24.4,10300,24.41,D
sz002517,恺英网络,2025-10-13 10:17:36,24.41,12400,24.4,U
sz002517,恺英网络,2025-10-13 10:17:39,24.42,9200,24.41,U
sz002517,恺英网络,2025-10-13 10:17:48,24.43,9700,24.43,U
sz002517,恺英网络,2025-10-13 10:18:03,24.43,8500,24.44,D
sz002517,恺英网络,2025-10-13 10:18:09,24.45,20500,24.44,U
sz002517,恺英网络,2025-10-13 10:18:15,24.45,22900,24.45,D
sz002517,恺英网络,2025-10-13 10:18:30,24.44,11200,24.44,D
sz002517,恺英网络,2025-10-13 10:18:33,24.44,11800,24.44,D
sz002517,恺英网络,2025-10-13 10:18:51,24.46,11200,24.47,D
sz002517,恺英网络,2025-10-13 10:18:54,24.47,8200,24.46,D
sz002517,恺英网络,2025-10-13 10:19:30,24.5,29900,24.47,U
sz002517,恺英网络,2025-10-13 10:19:33,24.52,32500,24.5,U
sz002517,恺英网络,2025-10-13 10:19:36,24.52,11600,24.52,D
sz002517,恺英网络,2025-10-13 10:20:18,24.55,10000,24.54,U
sz002517,恺英网络,2025-10-13 10:20:33,24.58,17300,24.56,U
sz002517,恺英网络,2025-10-13 10:20:36,24.59,31900,24.58,U
sz002517,恺英网络,2025-10-13 10:20:39,24.59,10600,24.59,D
sz002517,恺英网络,2025-10-13 10:20:45,24.6,10100,24.59,U
sz002517,恺英网络,2025-10-13 10:20:54,24.59,15100,24.59,D
sz002517,恺英网络,2025-10-13 10:21:00,24.6,10800,24.6,U
sz002517,恺英网络,2025-10-13 10:21:21,24.61,8400,24.6,U
sz002517,恺英网络,2025-10-13 10:21:51,24.64,11800,24.65,D
sz002517,恺英网络,2025-10-13 10:22:06,24.6,25500,24.6,D
sz002517,恺英网络,2025-10-13 10:22:09,24.6,8700,24.6,D
sz002517,恺英网络,2025-10-13 10:22:24,24.54,36200,24.58,D
sz002517,恺英网络,2025-10-13 10:22:27,24.53,12100,24.54,D
sz002517,恺英网络,2025-10-13 10:22:36,24.53,8200,24.52,E
sz002517,恺英网络,2025-10-13 10:22:42,24.53,9700,24.53,D
sz002517,恺英网络,2025-10-13 10:22:48,24.51,27800,24.52,D
sz002517,恺英网络,2025-10-13 10:22:51,24.51,15000,24.51,U
sz002517,恺英网络,2025-10-13 10:23:03,24.45,26300,24.47,D
sz002517,恺英网络,2025-10-13 10:23:06,24.46,11300,24.45,U
sz002517,恺英网络,2025-10-13 10:23:09,24.46,17900,24.46,U
sz002517,恺英网络,2025-10-13 10:23:24,24.5,19700,24.5,D
sz002517,恺英网络,2025-10-13 10:23:27,24.51,19200,24.5,E
sz002517,恺英网络,2025-10-13 10:23:30,24.53,11300,24.51,D
sz002517,恺英网络,2025-10-13 10:23:33,24.52,11000,24.53,D
sz002517,恺英网络,2025-10-13 10:23:36,24.53,8400,24.52,U
sz002517,恺英网络,2025-10-13 10:23:39,24.53,11100,24.53,U
sz002517,恺英网络,2025-10-13 10:23:57,24.52,33400,24.53,D
sz002517,恺英网络,2025-10-13 10:24:00,24.52,11300,24.52,U
sz002517,恺英网络,2025-10-13 10:24:21,24.52,11000,24.5,U
sz002517,恺英网络,2025-10-13 10:24:30,24.51,8400,24.5,E
sz002517,恺英网络,2025-10-13 10:24:33,24.51,8300,24.51,U
sz002517,恺英网络,2025-10-13 10:24:39,24.5,10400,24.52,E
sz002517,恺英网络,2025-10-13 10:24:45,24.48,8800,24.49,D
sz002517,恺英网络,2025-10-13 10:24:51,24.52,22800,24.48,U
sz002517,恺英网络,2025-10-13 10:25:00,24.5,12400,24.51,E
sz002517,恺英网络,2025-10-13 10:25:09,24.47,10200,24.48,D
sz002517,恺英网络,2025-10-13 10:25:39,24.48,8900,24.48,U
sz002517,恺英网络,2025-10-13 10:25:48,24.49,8200,24.46,U
sz002517,恺英网络,2025-10-13 10:26:09,24.45,21900,24.46,D
sz002517,恺英网络,2025-10-13 10:26:12,24.47,10800,24.45,U
sz002517,恺英网络,2025-10-13 10:26:45,24.47,17700,24.48,D
sz002517,恺英网络,2025-10-13 10:26:48,24.48,9100,24.47,U
sz002517,恺英网络,2025-10-13 10:27:09,24.47,10100,24.46,U
sz002517,恺英网络,2025-10-13 10:27:12,24.47,13000,24.47,D
sz002517,恺英网络,2025-10-13 10:27:51,24.5,9200,24.48,U
sz002517,恺英网络,2025-10-13 10:27:54,24.5,12600,24.5,D
sz002517,恺英网络,2025-10-13 10:28:03,24.52,8400,24.52,D
sz002517,恺英网络,2025-10-13 10:29:03,24.49,16300,24.49,U
sz002517,恺英网络,2025-10-13 10:29:06,24.47,10700,24.49,D
sz002517,恺英网络,2025-10-13 10:30:15,24.53,30500,24.52,U
sz002517,恺英网络,2025-10-13 10:30:18,24.56,13000,24.53,U
sz002517,恺英网络,2025-10-13 10:30:33,24.54,9400,24.55,D
sz002517,恺英网络,2025-10-13 10:31:06,24.5,11800,24.52,D
sz002517,恺英网络,2025-10-13 10:31:09,24.51,10600,24.5,U
sz002517,恺英网络,2025-10-13 10:31:42,24.5,16600,24.53,D
sz002517,恺英网络,2025-10-13 10:31:45,24.49,66700,24.5,D
sz002517,恺英网络,2025-10-13 10:31:48,24.5,17900,24.49,U
sz002517,恺英网络,2025-10-13 10:31:57,24.5,10400,24.48,U
sz002517,恺英网络,2025-10-13 10:32:21,24.55,18900,24.55,U
sz002517,恺英网络,2025-10-13 10:32:24,24.55,16800,24.55,D
sz002517,恺英网络,2025-10-13 10:32:27,24.56,26100,24.55,U
sz002517,恺英网络,2025-10-13 10:32:30,24.53,8400,24.56,D
sz002517,恺英网络,2025-10-13 10:32:48,24.56,14300,24.55,U
sz002517,恺英网络,2025-10-13 10:33:00,24.59,26900,24.56,U
sz002517,恺英网络,2025-10-13 10:33:03,24.6,10500,24.59,U
sz002517,恺英网络,2025-10-13 10:33:21,24.52,54100,24.57,D
sz002517,恺英网络,2025-10-13 10:33:24,24.51,9700,24.52,D
sz002517,恺英网络,2025-10-13 10:33:48,24.55,12400,24.55,D
sz002517,恺英网络,2025-10-13 10:33:51,24.54,24100,24.55,D
sz002517,恺英网络,2025-10-13 10:34:06,24.48,96000,24.52,D
sz002517,恺英网络,2025-10-13 10:34:09,24.49,34300,24.48,U
sz002517,恺英网络,2025-10-13 10:34:12,24.48,26900,24.49,D
sz002517,恺英网络,2025-10-13 10:35:03,24.55,16500,24.56,D
sz002517,恺英网络,2025-10-13 10:35:39,24.53,15900,24.53,U
sz002517,恺英网络,2025-10-13 10:36:06,24.51,11700,24.52,D
sz002517,恺英网络,2025-10-13 10:36:09,24.53,17600,24.51,U
sz002517,恺英网络,2025-10-13 10:36:45,24.54,24600,24.58,D
sz002517,恺英网络,2025-10-13 10:36:54,24.53,19800,24.54,D
sz002517,恺英网络,2025-10-13 10:36:57,24.53,122200,24.53,U
sz002517,恺英网络,2025-10-13 10:37:00,24.48,27000,24.53,D
sz002517,恺英网络,2025-10-13 10:37:09,24.5,11600,24.49,U
sz002517,恺英网络,2025-10-13 10:37:18,24.5,19200,24.5,D
sz002517,恺英网络,2025-10-13 10:37:48,24.51,8400,24.51,U
sz002517,恺英网络,2025-10-13 10:38:24,24.5,16200,24.51,D
sz002517,恺英网络,2025-10-13 10:38:39,24.5,13900,24.49,U
sz002517,恺英网络,2025-10-13 10:38:42,24.5,14900,24.5,U
sz002517,恺英网络,2025-10-13 10:39:03,24.47,25800,24.5,D
sz002517,恺英网络,2025-10-13 10:39:06,24.46,21200,24.47,D
sz002517,恺英网络,2025-10-13 10:39:30,24.45,15800,24.45,D
sz002517,恺英网络,2025-10-13 10:39:39,24.45,39900,24.46,D
sz002517,恺英网络,2025-10-13 10:39:48,24.42,12400,24.43,D
sz002517,恺英网络,2025-10-13 10:39:51,24.43,9800,24.42,E
sz002517,恺英网络,2025-10-13 10:40:00,24.43,8500,24.44,D
sz002517,恺英网络,2025-10-13 10:40:09,24.46,9100,24.43,U
sz002517,恺英网络,2025-10-13 10:40:12,24.48,19000,24.46,U
sz002517,恺英网络,2025-10-13 10:40:15,24.5,21900,24.48,U
sz002517,恺英网络,2025-10-13 10:40:42,24.47,13800,24.46,U
sz002517,恺英网络,2025-10-13 10:41:39,24.5,10900,24.5,U
sz002517,恺英网络,2025-10-13 10:41:42,24.5,8900,24.5,U
sz002517,恺英网络,2025-10-13 10:41:45,24.5,8700,24.5,D
sz002517,恺英网络,2025-10-13 10:41:48,24.5,27600,24.5,U
sz002517,恺英网络,2025-10-13 10:41:51,24.5,12800,24.5,U
sz002517,恺英网络,2025-10-13 10:41:54,24.51,23500,24.5,U
sz002517,恺英网络,2025-10-13 10:41:57,24.52,25300,24.51,E
sz002517,恺英网络,2025-10-13 10:42:00,24.52,9800,24.52,D
sz002517,恺英网络,2025-10-13 10:42:12,24.53,8200,24.54,D
sz002517,恺英网络,2025-10-13 10:42:27,24.5,9100,24.51,D
sz002517,恺英网络,2025-10-13 10:42:30,24.52,16800,24.5,U
sz002517,恺英网络,2025-10-13 10:42:33,24.51,13100,24.52,D
sz002517,恺英网络,2025-10-13 10:42:36,24.51,19700,24.51,D
sz002517,恺英网络,2025-10-13 10:42:39,24.49,23900,24.51,D
sz002517,恺英网络,2025-10-13 10:42:51,24.53,35200,24.49,U
sz002517,恺英网络,2025-10-13 10:42:54,24.51,14400,24.53,D
sz002517,恺英网络,2025-10-13 10:43:15,24.5,20700,24.5,U
sz002517,恺英网络,2025-10-13 10:43:18,24.52,9400,24.5,E
sz002517,恺英网络,2025-10-13 10:43:36,24.54,8200,24.54,U
sz002517,恺英网络,2025-10-13 10:43:51,24.57,16000,24.55,U
sz002517,恺英网络,2025-10-13 10:44:06,24.56,10300,24.56,D
sz002517,恺英网络,2025-10-13 10:44:12,24.58,10300,24.55,U
sz002517,恺英网络,2025-10-13 10:45:30,24.64,13400,24.64,U
sz002517,恺英网络,2025-10-13 10:45:48,24.64,14600,24.63,U
sz002517,恺英网络,2025-10-13 10:46:03,24.64,22000,24.64,D
sz002517,恺英网络,2025-10-13 10:46:09,24.65,18200,24.62,U
sz002517,恺英网络,2025-10-13 10:46:36,24.67,12700,24.67,U
sz002517,恺英网络,2025-10-13 10:46:39,24.69,10100,24.67,U
sz002517,恺英网络,2025-10-13 10:46:48,24.69,13500,24.68,D
sz002517,恺英网络,2025-10-13 10:47:03,24.66,59400,24.69,D
sz002517,恺英网络,2025-10-13 10:47:06,24.68,18900,24.66,U
sz002517,恺英网络,2025-10-13 10:47:21,24.66,32200,24.67,D
sz002517,恺英网络,2025-10-13 10:47:48,24.68,11800,24.68,D
sz002517,恺英网络,2025-10-13 10:48:06,24.68,10300,24.69,D
sz002517,恺英网络,2025-10-13 10:48:09,24.7,9400,24.68,U
sz002517,恺英网络,2025-10-13 10:48:15,24.7,25600,24.68,U
sz002517,恺英网络,2025-10-13 10:48:18,24.7,11200,24.7,D
sz002517,恺英网络,2025-10-13 10:48:21,24.7,16600,24.7,U
sz002517,恺英网络,2025-10-13 10:48:24,24.71,64700,24.7,U
sz002517,恺英网络,2025-10-13 10:48:30,24.73,26800,24.72,U
sz002517,恺英网络,2025-10-13 10:48:36,24.73,10800,24.73,D
sz002517,恺英网络,2025-10-13 10:48:39,24.73,17800,24.73,E
sz002517,恺英网络,2025-10-13 10:48:45,24.73,11900,24.72,U
sz002517,恺英网络,2025-10-13 10:48:48,24.72,19200,24.73,D
sz002517,恺英网络,2025-10-13 10:48:54,24.71,8300,24.72,D
sz002517,恺英网络,2025-10-13 10:48:57,24.72,15300,24.71,U
sz002517,恺英网络,2025-10-13 10:49:00,24.73,10000,24.72,U
sz002517,恺英网络,2025-10-13 10:49:06,24.71,13400,24.72,D
sz002517,恺英网络,2025-10-13 10:49:09,24.73,44800,24.71,U
sz002517,恺英网络,2025-10-13 10:49:15,24.72,10200,24.72,U
sz002517,恺英网络,2025-10-13 10:49:18,24.71,13300,24.72,D
sz002517,恺英网络,2025-10-13 10:49:21,24.7,8900,24.71,D
sz002517,恺英网络,2025-10-13 10:49:24,24.71,10600,24.7,U
sz002517,恺英网络,2025-10-13 10:49:33,24.69,26000,24.71,D
sz002517,恺英网络,2025-10-13 10:49:39,24.69,16000,24.69,D
sz002517,恺英网络,2025-10-13 10:49:42,24.68,31700,24.69,D
sz002517,恺英网络,2025-10-13 10:49:45,24.67,12500,24.68,E
sz002517,恺英网络,2025-10-13 10:50:06,24.61,27200,24.63,D
sz002517,恺英网络,2025-10-13 10:50:18,24.61,10700,24.62,D
sz002517,恺英网络,2025-10-13 10:50:24,24.61,13900,24.61,U
sz002517,恺英网络,2025-10-13 10:50:30,24.6,33000,24.61,D
sz002517,恺英网络,2025-10-13 10:50:33,24.63,107500,24.6,U
sz002517,恺英网络,2025-10-13 10:50:54,24.63,13300,24.64,D
sz002517,恺英网络,2025-10-13 10:51:03,24.61,19300,24.63,D
sz002517,恺英网络,2025-10-13 10:51:06,24.59,21000,24.61,D
sz002517,恺英网络,2025-10-13 10:51:24,24.55,20000,24.56,D
sz002517,恺英网络,2025-10-13 10:51:45,24.52,9700,24.54,D
sz002517,恺英网络,2025-10-13 10:51:54,24.52,14300,24.52,D
sz002517,恺英网络,2025-10-13 10:52:00,24.53,12600,24.52,U
sz002517,恺英网络,2025-10-13 10:52:21,24.52,8500,24.5,U
sz002517,恺英网络,2025-10-13 10:52:24,24.54,8900,24.52,U
sz002517,恺英网络,2025-10-13 10:53:45,24.58,15487,24.56,U
sz002517,恺英网络,2025-10-13 10:54:18,24.6,9300,24.61,D
sz002517,恺英网络,2025-10-13 10:54:27,24.63,94200,24.6,U
sz002517,恺英网络,2025-10-13 10:54:36,24.63,44900,24.63,U
sz002517,恺英网络,2025-10-13 10:54:54,24.64,15700,24.65,D
sz002517,恺英网络,2025-10-13 10:54:57,24.64,10600,24.64,U
sz002517,恺英网络,2025-10-13 10:55:03,24.63,27400,24.62,U
sz002517,恺英网络,2025-10-13 10:55:06,24.61,39200,24.63,D
sz002517,恺英网络,2025-10-13 10:55:09,24.61,10600,24.61,U
sz002517,恺英网络,2025-10-13 10:55:12,24.64,22400,24.61,U
sz002517,恺英网络,2025-10-13 10:55:15,24.64,15100,24.64,D
sz002517,恺英网络,2025-10-13 10:55:33,24.64,49000,24.62,U
sz002517,恺英网络,2025-10-13 10:55:42,24.62,35000,24.63,D
sz002517,恺英网络,2025-10-13 10:55:54,24.65,33200,24.64,U
sz002517,恺英网络,2025-10-13 10:55:57,24.67,19900,24.65,U
sz002517,恺英网络,2025-10-13 10:56:06,24.61,15100,24.65,D
sz002517,恺英网络,2025-10-13 10:56:09,24.61,10600,24.61,D
sz002517,恺英网络,2025-10-13 10:56:15,24.62,17500,24.62,U
sz002517,恺英网络,2025-10-13 10:56:27,24.64,11000,24.62,U
sz002517,恺英网络,2025-10-13 10:56:30,24.62,67700,24.64,D
sz002517,恺英网络,2025-10-13 10:56:45,24.69,33700,24.68,U
sz002517,恺英网络,2025-10-13 10:57:06,24.68,29000,24.69,U
sz002517,恺英网络,2025-10-13 10:57:36,24.69,54700,24.67,U
sz002517,恺英网络,2025-10-13 10:57:48,24.72,41100,24.7,U
sz002517,恺英网络,2025-10-13 10:57:51,24.74,26900,24.72,U
sz002517,恺英网络,2025-10-13 10:58:09,24.74,8800,24.74,U
sz002517,恺英网络,2025-10-13 10:58:18,24.73,14300,24.73,D
sz002517,恺英网络,2025-10-13 10:58:21,24.74,23700,24.73,U
sz002517,恺英网络,2025-10-13 10:58:42,24.71,14500,24.71,U
sz002517,恺英网络,2025-10-13 10:59:00,24.69,35900,24.67,U
sz002517,恺英网络,2025-10-13 10:59:45,24.65,30800,24.65,D
sz002517,恺英网络,2025-10-13 10:59:54,24.62,10300,24.63,D
sz002517,恺英网络,2025-10-13 11:00:06,24.61,14100,24.62,D
sz002517,恺英网络,2025-10-13 11:00:18,24.61,8600,24.61,U
sz002517,恺英网络,2025-10-13 11:00:27,24.62,34100,24.61,U
sz002517,恺英网络,2025-10-13 11:00:39,24.62,39700,24.62,U
sz002517,恺英网络,2025-10-13 11:01:03,24.62,22700,24.62,D
sz002517,恺英网络,2025-10-13 11:01:09,24.6,8300,24.6,D
sz002517,恺英网络,2025-10-13 11:01:15,24.63,41400,24.61,U
sz002517,恺英网络,2025-10-13 11:01:18,24.63,11800,24.63,D
sz002517,恺英网络,2025-10-13 11:01:39,24.61,9400,24.61,D
sz002517,恺英网络,2025-10-13 11:02:00,24.61,15800,24.6,U
sz002517,恺英网络,2025-10-13 11:02:09,24.63,24700,24.61,U
sz002517,恺英网络,2025-10-13 11:02:15,24.64,20100,24.63,U
sz002517,恺英网络,2025-10-13 11:02:18,24.64,18200,24.64,D
sz002517,恺英网络,2025-10-13 11:02:21,24.65,12000,24.64,U
sz002517,恺英网络,2025-10-13 11:02:27,24.6,12700,24.62,D
sz002517,恺英网络,2025-10-13 11:02:39,24.6,19900,24.61,D
sz002517,恺英网络,2025-10-13 11:02:54,24.59,8200,24.59,D
sz002517,恺英网络,2025-10-13 11:02:57,24.6,9900,24.59,U
sz002517,恺英网络,2025-10-13 11:03:30,24.6,76200,24.63,D
sz002517,恺英网络,2025-10-13 11:03:45,24.6,11300,24.59,U
sz002517,恺英网络,2025-10-13 11:04:06,24.57,20100,24.59,D
sz002517,恺英网络,2025-10-13 11:04:21,24.56,8987,24.56,D
sz002517,恺英网络,2025-10-13 11:04:45,24.58,33000,24.56,U
sz002517,恺英网络,2025-10-13 11:04:48,24.55,30600,24.58,D
sz002517,恺英网络,2025-10-13 11:04:54,24.6,46500,24.59,U
sz002517,恺英网络,2025-10-13 11:05:27,24.56,9200,24.54,U
sz002517,恺英网络,2025-10-13 11:05:51,24.52,8900,24.54,D
sz002517,恺英网络,2025-10-13 11:05:57,24.54,15000,24.53,U
sz002517,恺英网络,2025-10-13 11:06:45,24.57,12100,24.57,U
sz002517,恺英网络,2025-10-13 11:07:09,24.54,11500,24.55,D
sz002517,恺英网络,2025-10-13 11:07:15,24.53,9500,24.53,U
sz002517,恺英网络,2025-10-13 11:08:03,24.52,12100,24.53,D
sz002517,恺英网络,2025-10-13 11:08:09,24.51,10100,24.51,D
sz002517,恺英网络,2025-10-13 11:08:12,24.52,9700,24.51,U
sz002517,恺英网络,2025-10-13 11:08:18,24.52,13900,24.54,D
sz002517,恺英网络,2025-10-13 11:09:18,24.54,9700,24.55,D
sz002517,恺英网络,2025-10-13 11:09:21,24.55,9000,24.54,U
sz002517,恺英网络,2025-10-13 11:09:54,24.57,8700,24.57,U
sz002517,恺英网络,2025-10-13 11:10:15,24.57,9300,24.58,D
sz002517,恺英网络,2025-10-13 11:11:51,24.56,10000,24.55,U
sz002517,恺英网络,2025-10-13 11:11:54,24.57,14900,24.56,U
sz002517,恺英网络,2025-10-13 11:11:57,24.59,9700,24.57,U
sz002517,恺英网络,2025-10-13 11:12:12,24.57,13800,24.58,D
sz002517,恺英网络,2025-10-13 11:12:15,24.56,8500,24.57,D
sz002517,恺英网络,2025-10-13 11:12:51,24.57,44600,24.56,U
sz002517,恺英网络,2025-10-13 11:12:54,24.56,10200,24.57,D
sz002517,恺英网络,2025-10-13 11:13:06,24.56,11300,24.56,D
sz002517,恺英网络,2025-10-13 11:13:18,24.56,37200,24.56,U
sz002517,恺英网络,2025-10-13 11:13:27,24.56,9600,24.56,U
sz002517,恺英网络,2025-10-13 11:13:36,24.55,12200,24.55,D
sz002517,恺英网络,2025-10-13 11:13:39,24.54,62200,24.55,D
sz002517,恺英网络,2025-10-13 11:13:42,24.55,41900,24.54,U
sz002517,恺英网络,2025-10-13 11:13:45,24.54,9100,24.55,E
sz002517,恺英网络,2025-10-13 11:14:09,24.48,27200,24.5,D
sz002517,恺英网络,2025-10-13 11:14:33,24.48,8600,24.48,D
sz002517,恺英网络,2025-10-13 11:14:36,24.48,10500,24.48,U
sz002517,恺英网络,2025-10-13 11:14:45,24.47,8800,24.47,D
sz002517,恺英网络,2025-10-13 11:15:09,24.46,42400,24.47,D
sz002517,恺英网络,2025-10-13 11:15:39,24.49,18900,24.48,U
sz002517,恺英网络,2025-10-13 11:15:57,24.51,45300,24.5,U
sz002517,恺英网络,2025-10-13 11:16:24,24.54,9500,24.54,U
sz002517,恺英网络,2025-10-13 11:18:06,24.54,9300,24.54,U
sz002517,恺英网络,2025-10-13 11:18:30,24.54,18300,24.54,D
sz002517,恺英网络,2025-10-13 11:19:09,24.48,45200,24.56,D
sz002517,恺英网络,2025-10-13 11:19:18,24.51,25000,24.49,U
sz002517,恺英网络,2025-10-13 11:19:36,24.49,14300,24.49,U
sz002517,恺英网络,2025-10-13 11:19:45,24.48,11200,24.48,D
sz002517,恺英网络,2025-10-13 11:20:15,24.5,10400,24.48,U
sz002517,恺英网络,2025-10-13 11:21:24,24.48,19800,24.48,D
sz002517,恺英网络,2025-10-13 11:21:45,24.48,23000,24.49,D
sz002517,恺英网络,2025-10-13 11:21:48,24.48,15100,24.48,U
sz002517,恺英网络,2025-10-13 11:22:12,24.45,35500,24.46,D
sz002517,恺英网络,2025-10-13 11:22:18,24.43,9500,24.44,D
sz002517,恺英网络,2025-10-13 11:22:30,24.42,9500,24.42,D
sz002517,恺英网络,2025-10-13 11:22:39,24.43,9500,24.43,D
sz002517,恺英网络,2025-10-13 11:22:54,24.41,35700,24.42,D
sz002517,恺英网络,2025-10-13 11:23:00,24.42,8400,24.41,U
sz002517,恺英网络,2025-10-13 11:24:03,24.4,34100,24.42,D
sz002517,恺英网络,2025-10-13 11:24:06,24.39,13500,24.4,D
sz002517,恺英网络,2025-10-13 11:24:39,24.38,26500,24.38,D
sz002517,恺英网络,2025-10-13 11:24:45,24.38,8800,24.39,D
sz002517,恺英网络,2025-10-13 11:24:51,24.37,10200,24.38,D
sz002517,恺英网络,2025-10-13 11:25:09,24.4,8300,24.38,U
sz002517,恺英网络,2025-10-13 11:25:15,24.42,8800,24.42,U
sz002517,恺英网络,2025-10-13 11:25:18,24.42,8500,24.42,D
sz002517,恺英网络,2025-10-13 11:26:00,24.4,27500,24.42,D
sz002517,恺英网络,2025-10-13 11:26:09,24.38,10200,24.39,D
sz002517,恺英网络,2025-10-13 11:26:12,24.38,39600,24.38,D
sz002517,恺英网络,2025-10-13 11:26:15,24.37,23200,24.38,D
sz002517,恺英网络,2025-10-13 11:26:18,24.36,9200,24.37,D
sz002517,恺英网络,2025-10-13 11:26:39,24.33,9300,24.33,D
sz002517,恺英网络,2025-10-13 11:26:42,24.32,15500,24.33,D
sz002517,恺英网络,2025-10-13 11:26:45,24.32,18600,24.32,D
sz002517,恺英网络,2025-10-13 11:27:45,24.34,18000,24.34,U
sz002517,恺英网络,2025-10-13 11:28:54,24.33,11300,24.33,D
sz002517,恺英网络,2025-10-13 11:29:15,24.32,20500,24.32,D
sz002517,恺英网络,2025-10-13 11:29:21,24.31,42200,24.31,D
sz002517,恺英网络,2025-10-13 11:29:27,24.3,13400,24.31,D
sz002517,恺英网络,2025-10-13 11:29:42,24.3,14200,24.29,U
sz002517,恺英网络,2025-10-13 13:00:00,24.29,65500,24.3,D
sz002517,恺英网络,2025-10-13 13:00:03,24.29,50800,24.29,U
sz002517,恺英网络,2025-10-13 13:00:06,24.29,32400,24.29,U
sz002517,恺英网络,2025-10-13 13:00:09,24.29,40500,24.29,U
sz002517,恺英网络,2025-10-13 13:00:12,24.27,24800,24.29,D
sz002517,恺英网络,2025-10-13 13:00:15,24.27,17600,24.27,D
sz002517,恺英网络,2025-10-13 13:00:18,24.26,9200,24.27,D
sz002517,恺英网络,2025-10-13 13:00:21,24.26,32200,24.26,U
sz002517,恺英网络,2025-10-13 13:00:24,24.25,20200,24.26,D
sz002517,恺英网络,2025-10-13 13:00:27,24.25,16100,24.25,U
sz002517,恺英网络,2025-10-13 13:00:33,24.25,11000,24.25,D
sz002517,恺英网络,2025-10-13 13:00:39,24.26,21100,24.25,D
sz002517,恺英网络,2025-10-13 13:00:51,24.28,16200,24.26,U
sz002517,恺英网络,2025-10-13 13:00:54,24.26,8300,24.28,D
sz002517,恺英网络,2025-10-13 13:01:00,24.27,11400,24.26,U
sz002517,恺英网络,2025-10-13 13:01:06,24.27,21200,24.27,D
sz002517,恺英网络,2025-10-13 13:01:09,24.25,9600,24.27,D
sz002517,恺英网络,2025-10-13 13:01:15,24.24,13900,24.24,D
sz002517,恺英网络,2025-10-13 13:01:24,24.22,15200,24.23,D
sz002517,恺英网络,2025-10-13 13:01:27,24.21,18800,24.22,D
sz002517,恺英网络,2025-10-13 13:01:33,24.21,11400,24.2,E
sz002517,恺英网络,2025-10-13 13:01:39,24.2,8300,24.2,D
sz002517,恺英网络,2025-10-13 13:01:42,24.22,17000,24.2,U
sz002517,恺英网络,2025-10-13 13:01:54,24.2,8800,24.2,D
sz002517,恺英网络,2025-10-13 13:02:00,24.2,13100,24.2,D
sz002517,恺英网络,2025-10-13 13:02:06,24.21,11300,24.22,D
sz002517,恺英网络,2025-10-13 13:02:09,24.2,9700,24.21,D
sz002517,恺英网络,2025-10-13 13:02:12,24.21,11900,24.2,U
sz002517,恺英网络,2025-10-13 13:02:30,24.16,10900,24.18,D
sz002517,恺英网络,2025-10-13 13:02:42,24.15,10200,24.15,D
sz002517,恺英网络,2025-10-13 13:02:45,24.16,42800,24.15,D
sz002517,恺英网络,2025-10-13 13:02:48,24.16,10700,24.16,U
sz002517,恺英网络,2025-10-13 13:02:57,24.15,8300,24.16,D
sz002517,恺英网络,2025-10-13 13:03:00,24.15,10500,24.15,D
sz002517,恺英网络,2025-10-13 13:03:03,24.16,31600,24.15,U
sz002517,恺英网络,2025-10-13 13:03:15,24.16,19500,24.16,D
sz002517,恺英网络,2025-10-13 13:03:24,24.15,18900,24.14,U
sz002517,恺英网络,2025-10-13 13:03:27,24.15,9700,24.15,D
sz002517,恺英网络,2025-10-13 13:03:30,24.18,29200,24.15,U
sz002517,恺英网络,2025-10-13 13:03:33,24.18,21100,24.18,D
sz002517,恺英网络,2025-10-13 13:03:36,24.17,14700,24.18,D
sz002517,恺英网络,2025-10-13 13:03:39,24.17,20500,24.17,D
sz002517,恺英网络,2025-10-13 13:03:42,24.15,8300,24.17,D
sz002517,恺英网络,2025-10-13 13:03:45,24.14,9500,24.15,D
sz002517,恺英网络,2025-10-13 13:03:48,24.15,19500,24.14,U
sz002517,恺英网络,2025-10-13 13:03:57,24.16,12100,24.16,U
sz002517,恺英网络,2025-10-13 13:04:00,24.14,9400,24.16,D
sz002517,恺英网络,2025-10-13 13:04:03,24.13,12100,24.14,D
sz002517,恺英网络,2025-10-13 13:04:09,24.13,15000,24.13,D
sz002517,恺英网络,2025-10-13 13:04:30,24.11,8400,24.12,D
sz002517,恺英网络,2025-10-13 13:04:33,24.11,11100,24.11,D
sz002517,恺英网络,2025-10-13 13:04:45,24.12,8800,24.11,E
sz002517,恺英网络,2025-10-13 13:04:48,24.14,44800,24.12,U
sz002517,恺英网络,2025-10-13 13:04:51,24.13,36500,24.14,D
sz002517,恺英网络,2025-10-13 13:04:54,24.13,9600,24.13,D
sz002517,恺英网络,2025-10-13 13:04:57,24.12,13100,24.13,D
sz002517,恺英网络,2025-10-13 13:05:00,24.12,13200,24.12,D
sz002517,恺英网络,2025-10-13 13:05:06,24.13,9300,24.15,D
sz002517,恺英网络,2025-10-13 13:05:09,24.13,9100,24.13,U
sz002517,恺英网络,2025-10-13 13:05:12,24.13,10600,24.13,D
sz002517,恺英网络,2025-10-13 13:05:27,24.13,9500,24.12,U
sz002517,恺英网络,2025-10-13 13:05:39,24.11,84800,24.14,D
sz002517,恺英网络,2025-10-13 13:05:42,24.13,13700,24.11,D
sz002517,恺英网络,2025-10-13 13:05:48,24.15,18600,24.13,U
sz002517,恺英网络,2025-10-13 13:05:51,24.14,8500,24.15,E
sz002517,恺英网络,2025-10-13 13:05:54,24.13,9300,24.14,D
sz002517,恺英网络,2025-10-13 13:06:00,24.12,75100,24.13,D
sz002517,恺英网络,2025-10-13 13:06:03,24.12,37800,24.12,E
sz002517,恺英网络,2025-10-13 13:06:06,24.11,12200,24.12,D
sz002517,恺英网络,2025-10-13 13:06:09,24.11,19700,24.11,U
sz002517,恺英网络,2025-10-13 13:06:12,24.12,15000,24.11,E
sz002517,恺英网络,2025-10-13 13:06:18,24.12,19700,24.12,D
sz002517,恺英网络,2025-10-13 13:06:24,24.1,16200,24.1,D
sz002517,恺英网络,2025-10-13 13:06:30,24.16,60700,24.12,U
sz002517,恺英网络,2025-10-13 13:06:33,24.18,10600,24.16,U
sz002517,恺英网络,2025-10-13 13:06:36,24.16,19600,24.18,D
sz002517,恺英网络,2025-10-13 13:07:03,24.16,16900,24.14,U
sz002517,恺英网络,2025-10-13 13:07:30,24.15,13700,24.15,D
sz002517,恺英网络,2025-10-13 13:07:42,24.15,18700,24.15,D
sz002517,恺英网络,2025-10-13 13:08:03,24.2,47200,24.16,U
sz002517,恺英网络,2025-10-13 13:08:06,24.21,22900,24.2,U
sz002517,恺英网络,2025-10-13 13:08:09,24.2,11900,24.21,D
sz002517,恺英网络,2025-10-13 13:08:15,24.2,11900,24.2,D
sz002517,恺英网络,2025-10-13 13:08:39,24.16,11100,24.16,D
sz002517,恺英网络,2025-10-13 13:08:51,24.17,13500,24.16,U
sz002517,恺英网络,2025-10-13 13:08:54,24.17,15900,24.17,U
sz002517,恺英网络,2025-10-13 13:09:36,24.19,10100,24.19,U
sz002517,恺英网络,2025-10-13 13:10:00,24.2,23700,24.17,U
sz002517,恺英网络,2025-10-13 13:10:03,24.2,16700,24.2,D
sz002517,恺英网络,2025-10-13 13:11:18,24.23,14500,24.23,D
sz002517,恺英网络,2025-10-13 13:11:21,24.19,20200,24.23,D
sz002517,恺英网络,2025-10-13 13:11:27,24.17,13100,24.18,D
sz002517,恺英网络,2025-10-13 13:11:33,24.17,9900,24.17,U
sz002517,恺英网络,2025-10-13 13:11:57,24.18,11800,24.16,U
sz002517,恺英网络,2025-10-13 13:12:12,24.21,10500,24.19,U
sz002517,恺英网络,2025-10-13 13:13:24,24.16,81900,24.16,D
sz002517,恺英网络,2025-10-13 13:13:27,24.15,10000,24.16,D
sz002517,恺英网络,2025-10-13 13:13:30,24.13,21000,24.15,E
sz002517,恺英网络,2025-10-13 13:13:33,24.15,15000,24.13,U
sz002517,恺英网络,2025-10-13 13:13:36,24.15,18400,24.15,D
sz002517,恺英网络,2025-10-13 13:13:45,24.17,8400,24.16,U
sz002517,恺英网络,2025-10-13 13:13:54,24.2,8800,24.19,U
sz002517,恺英网络,2025-10-13 13:14:03,24.18,10400,24.2,D
sz002517,恺英网络,2025-10-13 13:14:15,24.22,22800,24.21,E
sz002517,恺英网络,2025-10-13 13:15:15,24.27,19255,24.22,U
sz002517,恺英网络,2025-10-13 13:15:21,24.26,40700,24.26,D
sz002517,恺英网络,2025-10-13 13:15:33,24.27,9900,24.27,U
sz002517,恺英网络,2025-10-13 13:15:42,24.28,52200,24.28,U
sz002517,恺英网络,2025-10-13 13:15:45,24.29,12700,24.28,D
sz002517,恺英网络,2025-10-13 13:15:54,24.28,23800,24.3,D
sz002517,恺英网络,2025-10-13 13:16:00,24.28,8300,24.27,U
sz002517,恺英网络,2025-10-13 13:16:33,24.28,8600,24.28,D
sz002517,恺英网络,2025-10-13 13:16:51,24.27,9400,24.27,D
sz002517,恺英网络,2025-10-13 13:16:54,24.26,14000,24.27,D
sz002517,恺英网络,2025-10-13 13:17:09,24.21,9800,24.22,D
sz002517,恺英网络,2025-10-13 13:18:21,24.22,9200,24.21,U
sz002517,恺英网络,2025-10-13 13:18:30,24.22,10000,24.22,D
sz002517,恺英网络,2025-10-13 13:18:39,24.24,17500,24.24,U
sz002517,恺英网络,2025-10-13 13:18:48,24.23,10100,24.24,D
sz002517,恺英网络,2025-10-13 13:18:57,24.25,13200,24.23,U
sz002517,恺英网络,2025-10-13 13:19:09,24.25,20100,24.25,U
sz002517,恺英网络,2025-10-13 13:19:39,24.23,8300,24.24,D
sz002517,恺英网络,2025-10-13 13:19:51,24.22,8900,24.22,D
sz002517,恺英网络,2025-10-13 13:19:54,24.23,8900,24.22,U
sz002517,恺英网络,2025-10-13 13:20:03,24.21,10300,24.22,D
sz002517,恺英网络,2025-10-13 13:20:12,24.21,8300,24.2,U
sz002517,恺英网络,2025-10-13 13:20:21,24.21,9400,24.22,D
sz002517,恺英网络,2025-10-13 13:20:27,24.21,10700,24.21,D
sz002517,恺英网络,2025-10-13 13:20:57,24.22,8600,24.23,D
sz002517,恺英网络,2025-10-13 13:21:30,24.22,8300,24.21,U
sz002517,恺英网络,2025-10-13 13:22:42,24.25,15100,24.25,D
sz002517,恺英网络,2025-10-13 13:22:51,24.24,8900,24.25,D
sz002517,恺英网络,2025-10-13 13:22:57,24.2,26400,24.25,D
sz002517,恺英网络,2025-10-13 13:23:03,24.2,13400,24.21,D
sz002517,恺英网络,2025-10-13 13:23:09,24.23,8700,24.2,E
sz002517,恺英网络,2025-10-13 13:23:48,24.26,8300,24.25,U
sz002517,恺英网络,2025-10-13 13:24:33,24.28,35600,24.28,U
sz002517,恺英网络,2025-10-13 13:24:39,24.25,22000,24.27,D
sz002517,恺英网络,2025-10-13 13:24:45,24.24,12500,24.25,D
sz002517,恺英网络,2025-10-13 13:24:48,24.21,11100,24.24,D
sz002517,恺英网络,2025-10-13 13:24:54,24.21,12900,24.21,D
sz002517,恺英网络,2025-10-13 13:24:57,24.23,42300,24.21,U
sz002517,恺英网络,2025-10-13 13:25:00,24.23,15600,24.23,D
sz002517,恺英网络,2025-10-13 13:25:03,24.2,16700,24.23,D
sz002517,恺英网络,2025-10-13 13:25:06,24.22,14000,24.2,U
sz002517,恺英网络,2025-10-13 13:25:09,24.21,8500,24.22,D
sz002517,恺英网络,2025-10-13 13:25:12,24.21,18700,24.21,U
sz002517,恺英网络,2025-10-13 13:25:15,24.21,27500,24.21,D
sz002517,恺英网络,2025-10-13 13:25:18,24.17,20100,24.21,D
sz002517,恺英网络,2025-10-13 13:25:27,24.2,13000,24.17,U
sz002517,恺英网络,2025-10-13 13:26:03,24.23,13000,24.22,U
sz002517,恺英网络,2025-10-13 13:26:27,24.24,59100,24.25,D
sz002517,恺英网络,2025-10-13 13:26:30,24.23,14800,24.24,D
sz002517,恺英网络,2025-10-13 13:27:15,24.25,8400,24.26,D
sz002517,恺英网络,2025-10-13 13:27:18,24.26,12400,24.25,U
sz002517,恺英网络,2025-10-13 13:28:03,24.26,9800,24.27,D
sz002517,恺英网络,2025-10-13 13:28:18,24.25,14500,24.24,E
sz002517,恺英网络,2025-10-13 13:28:30,24.25,10400,24.25,E
sz002517,恺英网络,2025-10-13 13:30:18,24.25,14200,24.27,D
sz002517,恺英网络,2025-10-13 13:30:24,24.24,9700,24.25,D
sz002517,恺英网络,2025-10-13 13:30:30,24.23,9800,24.24,D
sz002517,恺英网络,2025-10-13 13:31:00,24.23,8600,24.22,U
sz002517,恺英网络,2025-10-13 13:31:03,24.25,16500,24.23,U
sz002517,恺英网络,2025-10-13 13:31:09,24.22,17600,24.26,D
sz002517,恺英网络,2025-10-13 13:31:45,24.26,11600,24.26,U
sz002517,恺英网络,2025-10-13 13:31:51,24.27,42000,24.26,U
sz002517,恺英网络,2025-10-13 13:31:54,24.25,28600,24.27,D
sz002517,恺英网络,2025-10-13 13:32:12,24.26,28200,24.25,U
sz002517,恺英网络,2025-10-13 13:32:15,24.25,14100,24.26,D
sz002517,恺英网络,2025-10-13 13:33:33,24.24,15000,24.27,D
sz002517,恺英网络,2025-10-13 13:34:51,24.25,9500,24.25,U
sz002517,恺英网络,2025-10-13 13:34:54,24.23,9300,24.25,D
sz002517,恺英网络,2025-10-13 13:35:09,24.22,12000,24.24,D
sz002517,恺英网络,2025-10-13 13:35:12,24.24,14400,24.22,U
sz002517,恺英网络,2025-10-13 13:35:24,24.21,9000,24.22,D
sz002517,恺英网络,2025-10-13 13:35:39,24.22,10500,24.23,D
sz002517,恺英网络,2025-10-13 13:36:42,24.24,8400,24.24,D
sz002517,恺英网络,2025-10-13 13:36:45,24.24,11100,24.24,D
sz002517,恺英网络,2025-10-13 13:36:48,24.25,10300,24.24,D
sz002517,恺英网络,2025-10-13 13:36:51,24.26,14400,24.25,U
sz002517,恺英网络,2025-10-13 13:36:57,24.26,8900,24.27,D
sz002517,恺英网络,2025-10-13 13:37:09,24.29,42400,24.25,U
sz002517,恺英网络,2025-10-13 13:37:12,24.29,17400,24.29,U
sz002517,恺英网络,2025-10-13 13:37:24,24.27,17400,24.28,D
sz002517,恺英网络,2025-10-13 13:37:30,24.26,29600,24.27,D
sz002517,恺英网络,2025-10-13 13:38:18,24.32,10900,24.3,U
sz002517,恺英网络,2025-10-13 13:38:24,24.33,8400,24.33,U
sz002517,恺英网络,2025-10-13 13:38:27,24.31,16800,24.33,D
sz002517,恺英网络,2025-10-13 13:38:45,24.31,32500,24.33,D
sz002517,恺英网络,2025-10-13 13:38:48,24.33,13000,24.31,U
sz002517,恺英网络,2025-10-13 13:39:00,24.31,22800,24.32,D
sz002517,恺英网络,2025-10-13 13:39:06,24.31,14000,24.32,D
sz002517,恺英网络,2025-10-13 13:39:12,24.34,24600,24.34,D
sz002517,恺英网络,2025-10-13 13:39:18,24.34,31800,24.34,D
sz002517,恺英网络,2025-10-13 13:39:21,24.36,10018,24.34,U
sz002517,恺英网络,2025-10-13 13:39:24,24.36,9700,24.36,E
sz002517,恺英网络,2025-10-13 13:39:27,24.39,92500,24.36,U
sz002517,恺英网络,2025-10-13 13:39:45,24.4,9700,24.4,U
sz002517,恺英网络,2025-10-13 13:39:57,24.41,10600,24.41,U
sz002517,恺英网络,2025-10-13 13:40:03,24.42,11500,24.41,U
sz002517,恺英网络,2025-10-13 13:40:18,24.43,10400,24.42,U
sz002517,恺英网络,2025-10-13 13:40:24,24.43,9900,24.42,U
sz002517,恺英网络,2025-10-13 13:40:27,24.42,10800,24.43,D
sz002517,恺英网络,2025-10-13 13:40:30,24.45,35300,24.42,U
sz002517,恺英网络,2025-10-13 13:40:36,24.41,10800,24.43,D
sz002517,恺英网络,2025-10-13 13:41:18,24.47,11100,24.46,U
sz002517,恺英网络,2025-10-13 13:41:21,24.48,10000,24.47,U
sz002517,恺英网络,2025-10-13 13:41:24,24.48,20100,24.48,U
sz002517,恺英网络,2025-10-13 13:41:30,24.5,11900,24.49,U
sz002517,恺英网络,2025-10-13 13:41:39,24.5,13900,24.49,U
sz002517,恺英网络,2025-10-13 13:41:51,24.48,8700,24.5,D
sz002517,恺英网络,2025-10-13 13:41:57,24.47,29300,24.48,D
sz002517,恺英网络,2025-10-13 13:42:00,24.47,9000,24.47,D
sz002517,恺英网络,2025-10-13 13:42:15,24.51,8200,24.5,U
sz002517,恺英网络,2025-10-13 13:42:24,24.51,53000,24.51,U
sz002517,恺英网络,2025-10-13 13:42:54,24.51,41400,24.5,U
sz002517,恺英网络,2025-10-13 13:42:57,24.5,15700,24.51,D
sz002517,恺英网络,2025-10-13 13:43:27,24.5,48100,24.52,D
sz002517,恺英网络,2025-10-13 13:43:39,24.47,12900,24.49,D
sz002517,恺英网络,2025-10-13 13:43:54,24.49,12000,24.5,D
sz002517,恺英网络,2025-10-13 13:43:57,24.47,8800,24.49,D
sz002517,恺英网络,2025-10-13 13:44:18,24.52,12800,24.49,U
sz002517,恺英网络,2025-10-13 13:44:30,24.51,11500,24.52,D
sz002517,恺英网络,2025-10-13 13:44:42,24.49,15800,24.48,U
sz002517,恺英网络,2025-10-13 13:44:51,24.48,17700,24.49,D
sz002517,恺英网络,2025-10-13 13:45:00,24.47,32500,24.48,D
sz002517,恺英网络,2025-10-13 13:45:03,24.45,22000,24.47,D
sz002517,恺英网络,2025-10-13 13:45:06,24.45,12200,24.45,D
sz002517,恺英网络,2025-10-13 13:45:12,24.45,8600,24.45,U
sz002517,恺英网络,2025-10-13 13:45:15,24.44,8200,24.45,D
sz002517,恺英网络,2025-10-13 13:45:18,24.45,10300,24.44,U
sz002517,恺英网络,2025-10-13 13:45:42,24.45,25200,24.46,D
sz002517,恺英网络,2025-10-13 13:45:48,24.45,10500,24.45,U
sz002517,恺英网络,2025-10-13 13:46:00,24.43,10500,24.44,D
sz002517,恺英网络,2025-10-13 13:46:03,24.44,18300,24.43,U
sz002517,恺英网络,2025-10-13 13:46:54,24.47,9100,24.46,U
sz002517,恺英网络,2025-10-13 13:46:57,24.44,15500,24.47,D
sz002517,恺英网络,2025-10-13 13:47:00,24.45,9300,24.44,U
sz002517,恺英网络,2025-10-13 13:47:30,24.4,8200,24.4,U
sz002517,恺英网络,2025-10-13 13:47:36,24.4,8900,24.41,D
sz002517,恺英网络,2025-10-13 13:47:45,24.41,11900,24.42,D
sz002517,恺英网络,2025-10-13 13:48:03,24.39,27200,24.4,D
sz002517,恺英网络,2025-10-13 13:48:18,24.37,8400,24.4,D
sz002517,恺英网络,2025-10-13 13:48:42,24.41,13000,24.41,D
sz002517,恺英网络,2025-10-13 13:49:06,24.44,19100,24.41,U
sz002517,恺英网络,2025-10-13 13:49:18,24.45,24700,24.46,D
sz002517,恺英网络,2025-10-13 13:49:45,24.42,10600,24.43,D
sz002517,恺英网络,2025-10-13 13:50:15,24.42,13400,24.44,D
sz002517,恺英网络,2025-10-13 13:50:27,24.44,11100,24.44,U
sz002517,恺英网络,2025-10-13 13:50:42,24.44,13900,24.44,E
sz002517,恺英网络,2025-10-13 13:51:12,24.44,21300,24.43,U
sz002517,恺英网络,2025-10-13 13:51:18,24.46,9800,24.45,U
sz002517,恺英网络,2025-10-13 13:51:21,24.48,18000,24.46,U
sz002517,恺英网络,2025-10-13 13:51:30,24.46,13800,24.48,D
sz002517,恺英网络,2025-10-13 13:51:51,24.46,15700,24.46,D
sz002517,恺英网络,2025-10-13 13:52:09,24.46,8200,24.47,D
sz002517,恺英网络,2025-10-13 13:52:15,24.47,17700,24.46,U
sz002517,恺英网络,2025-10-13 13:52:21,24.49,37500,24.47,U
sz002517,恺英网络,2025-10-13 13:52:42,24.49,10000,24.49,D
sz002517,恺英网络,2025-10-13 13:52:48,24.47,52600,24.49,D
sz002517,恺英网络,2025-10-13 13:53:18,24.46,8900,24.47,D
sz002517,恺英网络,2025-10-13 13:53:24,24.46,25700,24.46,D
sz002517,恺英网络,2025-10-13 13:53:39,24.44,20200,24.46,D
sz002517,恺英网络,2025-10-13 13:53:48,24.45,9500,24.46,D
sz002517,恺英网络,2025-10-13 13:54:21,24.47,8400,24.46,U
sz002517,恺英网络,2025-10-13 13:54:33,24.47,8300,24.48,D
sz002517,恺英网络,2025-10-13 13:54:36,24.46,15600,24.47,D
sz002517,恺英网络,2025-10-13 13:54:39,24.45,9300,24.46,D
sz002517,恺英网络,2025-10-13 13:54:51,24.46,16400,24.45,U
sz002517,恺英网络,2025-10-13 13:55:18,24.46,14500,24.46,U
sz002517,恺英网络,2025-10-13 13:55:21,24.47,14400,24.46,U
sz002517,恺英网络,2025-10-13 13:55:39,24.47,10700,24.46,U
sz002517,恺英网络,2025-10-13 13:55:48,24.47,12400,24.47,U
sz002517,恺英网络,2025-10-13 13:55:51,24.45,25300,24.47,D
sz002517,恺英网络,2025-10-13 13:55:54,24.45,22100,24.45,U
sz002517,恺英网络,2025-10-13 13:55:57,24.44,36800,24.45,D
sz002517,恺英网络,2025-10-13 13:56:06,24.4,8600,24.42,D
sz002517,恺英网络,2025-10-13 13:56:09,24.43,12700,24.4,U
sz002517,恺英网络,2025-10-13 13:56:24,24.4,11500,24.41,D
sz002517,恺英网络,2025-10-13 13:57:39,24.46,10700,24.45,U
sz002517,恺英网络,2025-10-13 13:57:42,24.46,10300,24.46,D
sz002517,恺英网络,2025-10-13 13:58:09,24.44,11200,24.45,D
sz002517,恺英网络,2025-10-13 13:58:27,24.46,26500,24.44,U
sz002517,恺英网络,2025-10-13 13:59:03,24.46,10100,24.45,U
sz002517,恺英网络,2025-10-13 14:00:09,24.49,11000,24.49,U
sz002517,恺英网络,2025-10-13 14:00:24,24.5,10500,24.49,U
sz002517,恺英网络,2025-10-13 14:00:27,24.5,29200,24.5,U
sz002517,恺英网络,2025-10-13 14:00:30,24.51,14500,24.5,U
sz002517,恺英网络,2025-10-13 14:00:39,24.56,19900,24.56,U
sz002517,恺英网络,2025-10-13 14:00:42,24.55,18500,24.56,D
sz002517,恺英网络,2025-10-13 14:00:45,24.56,42400,24.55,E
sz002517,恺英网络,2025-10-13 14:00:51,24.56,9500,24.56,U
sz002517,恺英网络,2025-10-13 14:01:09,24.57,8200,24.57,U
sz002517,恺英网络,2025-10-13 14:01:12,24.55,10300,24.57,D
sz002517,恺英网络,2025-10-13 14:01:18,24.56,18300,24.57,D
sz002517,恺英网络,2025-10-13 14:01:24,24.57,11400,24.57,U
sz002517,恺英网络,2025-10-13 14:01:36,24.56,9000,24.57,D
sz002517,恺英网络,2025-10-13 14:02:03,24.53,9300,24.55,D
sz002517,恺英网络,2025-10-13 14:02:06,24.55,10000,24.53,U
sz002517,恺英网络,2025-10-13 14:02:09,24.55,14200,24.55,U
sz002517,恺英网络,2025-10-13 14:02:15,24.55,8700,24.55,U
sz002517,恺英网络,2025-10-13 14:02:45,24.56,9000,24.56,D
sz002517,恺英网络,2025-10-13 14:02:54,24.55,11600,24.55,D
sz002517,恺英网络,2025-10-13 14:02:57,24.54,12300,24.55,D
sz002517,恺英网络,2025-10-13 14:03:18,24.55,16000,24.56,D
sz002517,恺英网络,2025-10-13 14:03:39,24.58,10400,24.56,U
sz002517,恺英网络,2025-10-13 14:03:42,24.59,11900,24.58,U
sz002517,恺英网络,2025-10-13 14:03:45,24.58,14600,24.59,D
sz002517,恺英网络,2025-10-13 14:03:48,24.6,37100,24.58,U
sz002517,恺英网络,2025-10-13 14:03:51,24.62,9000,24.6,U
sz002517,恺英网络,2025-10-13 14:03:54,24.6,18400,24.62,E
sz002517,恺英网络,2025-10-13 14:03:57,24.58,12800,24.6,D
sz002517,恺英网络,2025-10-13 14:04:00,24.55,90800,24.58,D
sz002517,恺英网络,2025-10-13 14:04:03,24.55,11000,24.55,D
sz002517,恺英网络,2025-10-13 14:04:06,24.55,11700,24.55,D
sz002517,恺英网络,2025-10-13 14:04:09,24.58,15100,24.55,U
sz002517,恺英网络,2025-10-13 14:04:12,24.6,10803,24.58,U
sz002517,恺英网络,2025-10-13 14:04:27,24.61,10700,24.61,U
sz002517,恺英网络,2025-10-13 14:04:30,24.62,11500,24.61,U
sz002517,恺英网络,2025-10-13 14:04:39,24.61,15600,24.63,D
sz002517,恺英网络,2025-10-13 14:04:42,24.62,18500,24.61,U
sz002517,恺英网络,2025-10-13 14:04:48,24.64,10500,24.62,U
sz002517,恺英网络,2025-10-13 14:04:54,24.64,14300,24.64,U
sz002517,恺英网络,2025-10-13 14:05:00,24.66,14500,24.65,U
sz002517,恺英网络,2025-10-13 14:05:03,24.62,13800,24.66,D
sz002517,恺英网络,2025-10-13 14:05:06,24.6,53400,24.62,D
sz002517,恺英网络,2025-10-13 14:05:09,24.63,24400,24.6,U
sz002517,恺英网络,2025-10-13 14:05:51,24.6,9700,24.6,E
sz002517,恺英网络,2025-10-13 14:05:54,24.59,10800,24.6,D
sz002517,恺英网络,2025-10-13 14:05:57,24.6,21200,24.59,U
sz002517,恺英网络,2025-10-13 14:06:06,24.58,13400,24.6,D
sz002517,恺英网络,2025-10-13 14:06:09,24.61,22400,24.58,U
sz002517,恺英网络,2025-10-13 14:06:12,24.62,10700,24.61,U
sz002517,恺英网络,2025-10-13 14:06:21,24.64,10200,24.64,U
sz002517,恺英网络,2025-10-13 14:06:24,24.63,18500,24.64,D
sz002517,恺英网络,2025-10-13 14:06:27,24.64,22300,24.63,U
sz002517,恺英网络,2025-10-13 14:06:30,24.63,35100,24.64,D
sz002517,恺英网络,2025-10-13 14:06:48,24.6,8700,24.62,D
sz002517,恺英网络,2025-10-13 14:07:12,24.6,9100,24.6,U
sz002517,恺英网络,2025-10-13 14:07:51,24.59,14700,24.57,U
sz002517,恺英网络,2025-10-13 14:07:54,24.59,17200,24.59,U
sz002517,恺英网络,2025-10-13 14:08:06,24.58,12300,24.59,E
sz002517,恺英网络,2025-10-13 14:08:39,24.59,18900,24.59,D
sz002517,恺英网络,2025-10-13 14:08:42,24.59,11700,24.59,U
sz002517,恺英网络,2025-10-13 14:09:03,24.61,32200,24.59,U
sz002517,恺英网络,2025-10-13 14:09:06,24.63,11200,24.61,U
sz002517,恺英网络,2025-10-13 14:09:18,24.62,27600,24.63,D
sz002517,恺英网络,2025-10-13 14:09:24,24.61,18500,24.59,U
sz002517,恺英网络,2025-10-13 14:09:33,24.61,13700,24.61,D
sz002517,恺英网络,2025-10-13 14:09:36,24.63,61600,24.61,U
sz002517,恺英网络,2025-10-13 14:09:39,24.64,49400,24.63,E
sz002517,恺英网络,2025-10-13 14:09:45,24.66,63300,24.66,U
sz002517,恺英网络,2025-10-13 14:09:48,24.66,62200,24.66,E
sz002517,恺英网络,2025-10-13 14:09:54,24.65,42900,24.66,E
sz002517,恺英网络,2025-10-13 14:10:00,24.68,29900,24.65,U
sz002517,恺英网络,2025-10-13 14:10:06,24.71,23200,24.69,U
sz002517,恺英网络,2025-10-13 14:10:15,24.71,26400,24.72,D
sz002517,恺英网络,2025-10-13 14:10:18,24.72,13600,24.71,D
sz002517,恺英网络,2025-10-13 14:10:21,24.78,20000,24.72,U
sz002517,恺英网络,2025-10-13 14:10:27,24.77,19000,24.73,U
sz002517,恺英网络,2025-10-13 14:10:33,24.74,24000,24.74,U
sz002517,恺英网络,2025-10-13 14:10:36,24.74,18800,24.74,U
sz002517,恺英网络,2025-10-13 14:10:42,24.77,31300,24.74,E
sz002517,恺英网络,2025-10-13 14:10:48,24.8,32200,24.77,U
sz002517,恺英网络,2025-10-13 14:10:51,24.76,11000,24.8,D
sz002517,恺英网络,2025-10-13 14:10:57,24.77,31900,24.78,E
sz002517,恺英网络,2025-10-13 14:11:03,24.76,39100,24.76,D
sz002517,恺英网络,2025-10-13 14:11:06,24.77,20600,24.76,U
sz002517,恺英网络,2025-10-13 14:11:09,24.8,25400,24.77,U
sz002517,恺英网络,2025-10-13 14:11:18,24.78,29700,24.78,U
sz002517,恺英网络,2025-10-13 14:11:21,24.77,49500,24.78,D
sz002517,恺英网络,2025-10-13 14:11:24,24.79,15100,24.77,U
sz002517,恺英网络,2025-10-13 14:11:30,24.76,18500,24.77,D
sz002517,恺英网络,2025-10-13 14:11:39,24.78,20900,24.78,U
sz002517,恺英网络,2025-10-13 14:11:42,24.79,10100,24.78,E
sz002517,恺英网络,2025-10-13 14:11:45,24.79,22400,24.79,U
sz002517,恺英网络,2025-10-13 14:11:48,24.79,8100,24.79,E
sz002517,恺英网络,2025-10-13 14:11:51,24.77,37900,24.79,D
sz002517,恺英网络,2025-10-13 14:11:54,24.81,56800,24.77,U
sz002517,恺英网络,2025-10-13 14:12:00,24.81,17000,24.83,D
sz002517,恺英网络,2025-10-13 14:12:06,24.83,31600,24.82,U
sz002517,恺英网络,2025-10-13 14:12:12,24.85,14600,24.82,U
sz002517,恺英网络,2025-10-13 14:12:21,24.84,14200,24.83,U
sz002517,恺英网络,2025-10-13 14:12:24,24.82,18900,24.84,D
sz002517,恺英网络,2025-10-13 14:12:27,24.83,14500,24.82,U
sz002517,恺英网络,2025-10-13 14:12:33,24.88,75000,24.83,U
sz002517,恺英网络,2025-10-13 14:12:39,24.84,33200,24.83,U
sz002517,恺英网络,2025-10-13 14:12:42,24.81,26600,24.84,D
sz002517,恺英网络,2025-10-13 14:12:45,24.76,10500,24.81,D
sz002517,恺英网络,2025-10-13 14:12:48,24.76,16500,24.76,D
sz002517,恺英网络,2025-10-13 14:12:51,24.75,8800,24.76,D
sz002517,恺英网络,2025-10-13 14:12:54,24.76,12500,24.75,U
sz002517,恺英网络,2025-10-13 14:12:57,24.73,9900,24.76,D
sz002517,恺英网络,2025-10-13 14:13:15,24.72,10200,24.75,D
sz002517,恺英网络,2025-10-13 14:13:18,24.73,33500,24.72,U
sz002517,恺英网络,2025-10-13 14:13:27,24.7,9600,24.72,D
sz002517,恺英网络,2025-10-13 14:13:51,24.71,12500,24.72,D
sz002517,恺英网络,2025-10-13 14:13:57,24.68,10500,24.71,D
sz002517,恺英网络,2025-10-13 14:14:33,24.66,26200,24.66,D
sz002517,恺英网络,2025-10-13 14:14:39,24.69,11100,24.66,U
sz002517,恺英网络,2025-10-13 14:15:21,24.7,8600,24.69,U
sz002517,恺英网络,2025-10-13 14:16:00,24.67,62800,24.69,D
sz002517,恺英网络,2025-10-13 14:16:06,24.65,20500,24.66,D
sz002517,恺英网络,2025-10-13 14:16:18,24.67,21600,24.65,U
sz002517,恺英网络,2025-10-13 14:16:21,24.7,51200,24.67,U
sz002517,恺英网络,2025-10-13 14:16:24,24.71,13100,24.7,U
sz002517,恺英网络,2025-10-13 14:16:27,24.69,12400,24.71,E
sz002517,恺英网络,2025-10-13 14:17:33,24.65,15800,24.67,D
sz002517,恺英网络,2025-10-13 14:17:36,24.64,15000,24.65,D
sz002517,恺英网络,2025-10-13 14:17:51,24.63,11300,24.62,U
sz002517,恺英网络,2025-10-13 14:18:06,24.64,26100,24.63,U
sz002517,恺英网络,2025-10-13 14:18:48,24.66,12200,24.66,U
sz002517,恺英网络,2025-10-13 14:18:51,24.67,14200,24.66,U
sz002517,恺英网络,2025-10-13 14:19:03,24.67,36300,24.64,U
sz002517,恺英网络,2025-10-13 14:19:06,24.7,59900,24.67,U
sz002517,恺英网络,2025-10-13 14:19:15,24.68,27100,24.7,D
sz002517,恺英网络,2025-10-13 14:19:18,24.73,44800,24.68,U
sz002517,恺英网络,2025-10-13 14:19:54,24.7,17200,24.69,U
sz002517,恺英网络,2025-10-13 14:20:18,24.72,8700,24.72,U
sz002517,恺英网络,2025-10-13 14:20:30,24.7,12700,24.73,D
sz002517,恺英网络,2025-10-13 14:21:03,24.7,24400,24.69,U
sz002517,恺英网络,2025-10-13 14:21:12,24.71,10600,24.7,U
sz002517,恺英网络,2025-10-13 14:21:15,24.73,18200,24.71,U
sz002517,恺英网络,2025-10-13 14:21:21,24.73,13400,24.73,D
sz002517,恺英网络,2025-10-13 14:21:36,24.71,13300,24.71,D
sz002517,恺英网络,2025-10-13 14:21:39,24.72,36900,24.71,U
sz002517,恺英网络,2025-10-13 14:22:33,24.72,63400,24.7,U
sz002517,恺英网络,2025-10-13 14:22:36,24.72,8100,24.72,U
sz002517,恺英网络,2025-10-13 14:22:48,24.72,10800,24.73,D
sz002517,恺英网络,2025-10-13 14:22:51,24.71,16500,24.72,D
sz002517,恺英网络,2025-10-13 14:23:12,24.71,12500,24.71,D
sz002517,恺英网络,2025-10-13 14:23:15,24.72,10500,24.71,U
sz002517,恺英网络,2025-10-13 14:23:18,24.72,10900,24.72,U
sz002517,恺英网络,2025-10-13 14:23:33,24.71,13200,24.72,D
sz002517,恺英网络,2025-10-13 14:23:45,24.7,12800,24.7,D
sz002517,恺英网络,2025-10-13 14:23:48,24.69,9300,24.7,D
sz002517,恺英网络,2025-10-13 14:23:51,24.7,21800,24.69,U
sz002517,恺英网络,2025-10-13 14:24:00,24.7,20700,24.7,U
sz002517,恺英网络,2025-10-13 14:24:21,24.72,21750,24.71,U
sz002517,恺英网络,2025-10-13 14:24:30,24.73,12600,24.72,U
sz002517,恺英网络,2025-10-13 14:24:48,24.73,33250,24.74,D
sz002517,恺英网络,2025-10-13 14:24:51,24.74,12000,24.73,U
sz002517,恺英网络,2025-10-13 14:25:18,24.73,11400,24.74,D
sz002517,恺英网络,2025-10-13 14:25:21,24.73,12000,24.73,E
sz002517,恺英网络,2025-10-13 14:26:27,24.7,13700,24.72,D
sz002517,恺英网络,2025-10-13 14:26:57,24.66,16000,24.67,D
sz002517,恺英网络,2025-10-13 14:27:12,24.69,65800,24.66,U
sz002517,恺英网络,2025-10-13 14:27:30,24.68,41000,24.68,U
sz002517,恺英网络,2025-10-13 14:27:54,24.68,31900,24.68,E
sz002517,恺英网络,2025-10-13 14:28:06,24.65,8400,24.66,D
sz002517,恺英网络,2025-10-13 14:28:12,24.64,11200,24.65,D
sz002517,恺英网络,2025-10-13 14:28:18,24.67,47400,24.64,U
sz002517,恺英网络,2025-10-13 14:28:42,24.65,22300,24.66,D
sz002517,恺英网络,2025-10-13 14:28:48,24.65,9700,24.65,D
sz002517,恺英网络,2025-10-13 14:29:00,24.66,15100,24.66,U
sz002517,恺英网络,2025-10-13 14:29:09,24.65,13600,24.67,D
sz002517,恺英网络,2025-10-13 14:29:24,24.64,10100,24.63,U
sz002517,恺英网络,2025-10-13 14:29:36,24.64,14000,24.63,U
sz002517,恺英网络,2025-10-13 14:29:48,24.64,47950,24.64,U
sz002517,恺英网络,2025-10-13 14:30:12,24.65,17400,24.64,U
sz002517,恺英网络,2025-10-13 14:30:15,24.63,12700,24.65,D
sz002517,恺英网络,2025-10-13 14:30:18,24.62,45100,24.63,D
sz002517,恺英网络,2025-10-13 14:30:27,24.64,10700,24.65,D
sz002517,恺英网络,2025-10-13 14:30:54,24.62,9800,24.62,D
sz002517,恺英网络,2025-10-13 14:30:57,24.62,16100,24.62,D
sz002517,恺英网络,2025-10-13 14:31:00,24.62,8300,24.62,D
sz002517,恺英网络,2025-10-13 14:31:15,24.66,26200,24.63,U
sz002517,恺英网络,2025-10-13 14:31:24,24.66,8400,24.66,U
sz002517,恺英网络,2025-10-13 14:31:42,24.64,11700,24.63,D
sz002517,恺英网络,2025-10-13 14:31:45,24.64,31800,24.64,U
sz002517,恺英网络,2025-10-13 14:31:54,24.63,11000,24.64,D
sz002517,恺英网络,2025-10-13 14:32:03,24.64,16700,24.65,D
sz002517,恺英网络,2025-10-13 14:32:06,24.63,13000,24.64,D
sz002517,恺英网络,2025-10-13 14:32:15,24.63,8200,24.64,D
sz002517,恺英网络,2025-10-13 14:32:21,24.63,23300,24.63,U
sz002517,恺英网络,2025-10-13 14:32:42,24.66,48200,24.62,U
sz002517,恺英网络,2025-10-13 14:32:51,24.66,9900,24.64,U
sz002517,恺英网络,2025-10-13 14:33:06,24.67,30000,24.66,U
sz002517,恺英网络,2025-10-13 14:33:12,24.7,9100,24.7,U
sz002517,恺英网络,2025-10-13 14:33:15,24.7,8100,24.7,U
sz002517,恺英网络,2025-10-13 14:33:54,24.7,9200,24.7,U
sz002517,恺英网络,2025-10-13 14:33:57,24.7,14700,24.7,U
sz002517,恺英网络,2025-10-13 14:34:03,24.67,40200,24.67,D
sz002517,恺英网络,2025-10-13 14:34:12,24.7,12600,24.68,U
sz002517,恺英网络,2025-10-13 14:34:48,24.68,8500,24.68,D
sz002517,恺英网络,2025-10-13 14:34:54,24.68,18300,24.69,D
sz002517,恺英网络,2025-10-13 14:35:06,24.71,9600,24.68,U
sz002517,恺英网络,2025-10-13 14:35:12,24.71,9700,24.71,U
sz002517,恺英网络,2025-10-13 14:35:18,24.72,10400,24.7,U
sz002517,恺英网络,2025-10-13 14:35:39,24.71,8600,24.7,U
sz002517,恺英网络,2025-10-13 14:35:48,24.7,8300,24.7,D
sz002517,恺英网络,2025-10-13 14:36:00,24.68,31600,24.7,D
sz002517,恺英网络,2025-10-13 14:36:06,24.68,9200,24.68,D
sz002517,恺英网络,2025-10-13 14:37:12,24.69,15300,24.69,U
sz002517,恺英网络,2025-10-13 14:37:18,24.68,8500,24.67,D
sz002517,恺英网络,2025-10-13 14:37:51,24.69,19200,24.69,U
sz002517,恺英网络,2025-10-13 14:37:54,24.68,39700,24.69,D
sz002517,恺英网络,2025-10-13 14:38:06,24.67,11700,24.68,D
sz002517,恺英网络,2025-10-13 14:38:09,24.66,54100,24.67,D
sz002517,恺英网络,2025-10-13 14:38:18,24.66,28400,24.67,D
sz002517,恺英网络,2025-10-13 14:38:21,24.67,23700,24.66,U
sz002517,恺英网络,2025-10-13 14:38:33,24.67,8800,24.65,U
sz002517,恺英网络,2025-10-13 14:39:12,24.67,31100,24.65,U
sz002517,恺英网络,2025-10-13 14:39:24,24.66,13500,24.66,U
sz002517,恺英网络,2025-10-13 14:40:00,24.64,10200,24.64,D
sz002517,恺英网络,2025-10-13 14:40:03,24.63,14200,24.64,D
sz002517,恺英网络,2025-10-13 14:40:06,24.61,37700,24.63,D
sz002517,恺英网络,2025-10-13 14:40:09,24.61,18200,24.61,U
sz002517,恺英网络,2025-10-13 14:40:15,24.6,14600,24.62,D
sz002517,恺英网络,2025-10-13 14:40:18,24.62,17100,24.6,E
sz002517,恺英网络,2025-10-13 14:40:24,24.61,25100,24.6,U
sz002517,恺英网络,2025-10-13 14:40:27,24.6,15000,24.61,D
sz002517,恺英网络,2025-10-13 14:40:30,24.6,8800,24.6,D
sz002517,恺英网络,2025-10-13 14:40:36,24.62,15600,24.61,U
sz002517,恺英网络,2025-10-13 14:40:51,24.6,9000,24.62,D
sz002517,恺英网络,2025-10-13 14:41:06,24.6,19900,24.61,D
sz002517,恺英网络,2025-10-13 14:41:09,24.61,21800,24.6,U
sz002517,恺英网络,2025-10-13 14:41:15,24.58,10100,24.58,D
sz002517,恺英网络,2025-10-13 14:41:30,24.58,13700,24.58,D
sz002517,恺英网络,2025-10-13 14:41:42,24.6,40100,24.58,U
sz002517,恺英网络,2025-10-13 14:41:51,24.65,51000,24.61,U
sz002517,恺英网络,2025-10-13 14:41:57,24.64,20900,24.62,U
sz002517,恺英网络,2025-10-13 14:42:00,24.63,8300,24.64,D
sz002517,恺英网络,2025-10-13 14:42:06,24.64,28900,24.66,D
sz002517,恺英网络,2025-10-13 14:42:09,24.63,9100,24.64,D
sz002517,恺英网络,2025-10-13 14:42:12,24.64,59500,24.63,D
sz002517,恺英网络,2025-10-13 14:42:24,24.62,10400,24.64,D
sz002517,恺英网络,2025-10-13 14:42:48,24.64,9600,24.63,U
sz002517,恺英网络,2025-10-13 14:43:06,24.65,13400,24.65,D
sz002517,恺英网络,2025-10-13 14:43:09,24.65,44300,24.65,D
sz002517,恺英网络,2025-10-13 14:43:15,24.63,16200,24.64,D
sz002517,恺英网络,2025-10-13 14:43:24,24.63,11500,24.64,D
sz002517,恺英网络,2025-10-13 14:44:06,24.61,17100,24.63,D
sz002517,恺英网络,2025-10-13 14:44:15,24.6,9100,24.62,D
sz002517,恺英网络,2025-10-13 14:44:30,24.61,8200,24.61,U
sz002517,恺英网络,2025-10-13 14:44:36,24.59,9500,24.59,D
sz002517,恺英网络,2025-10-13 14:45:12,24.6,17100,24.59,D
sz002517,恺英网络,2025-10-13 14:45:18,24.61,13300,24.6,U
sz002517,恺英网络,2025-10-13 14:45:21,24.61,12400,24.61,D
sz002517,恺英网络,2025-10-13 14:45:27,24.61,13200,24.61,D
sz002517,恺英网络,2025-10-13 14:45:33,24.6,11300,24.6,D
sz002517,恺英网络,2025-10-13 14:45:54,24.6,10300,24.59,U
sz002517,恺英网络,2025-10-13 14:45:57,24.61,12300,24.6,U
sz002517,恺英网络,2025-10-13 14:46:00,24.6,9600,24.61,D
sz002517,恺英网络,2025-10-13 14:46:03,24.58,16200,24.6,D
sz002517,恺英网络,2025-10-13 14:46:09,24.6,12600,24.6,D
sz002517,恺英网络,2025-10-13 14:46:21,24.58,11300,24.58,D
sz002517,恺英网络,2025-10-13 14:46:36,24.57,14300,24.57,D
sz002517,恺英网络,2025-10-13 14:46:51,24.58,12600,24.58,U
sz002517,恺英网络,2025-10-13 14:46:54,24.58,11000,24.58,D
sz002517,恺英网络,2025-10-13 14:47:06,24.58,12200,24.57,U
sz002517,恺英网络,2025-10-13 14:47:09,24.57,12200,24.58,D
sz002517,恺英网络,2025-10-13 14:47:12,24.58,18100,24.57,U
sz002517,恺英网络,2025-10-13 14:47:27,24.58,8800,24.57,U
sz002517,恺英网络,2025-10-13 14:47:45,24.57,10100,24.58,D
sz002517,恺英网络,2025-10-13 14:48:03,24.59,12100,24.58,U
sz002517,恺英网络,2025-10-13 14:48:06,24.57,9300,24.59,D
sz002517,恺英网络,2025-10-13 14:48:09,24.58,10300,24.57,D
sz002517,恺英网络,2025-10-13 14:48:15,24.58,14100,24.58,U
sz002517,恺英网络,2025-10-13 14:48:21,24.58,34700,24.58,D
sz002517,恺英网络,2025-10-13 14:48:45,24.59,15000,24.57,U
sz002517,恺英网络,2025-10-13 14:48:54,24.59,28900,24.57,U
sz002517,恺英网络,2025-10-13 14:48:57,24.6,110500,24.59,U
sz002517,恺英网络,2025-10-13 14:49:12,24.59,13500,24.6,D
sz002517,恺英网络,2025-10-13 14:49:21,24.56,22200,24.59,D
sz002517,恺英网络,2025-10-13 14:49:27,24.55,16100,24.57,D
sz002517,恺英网络,2025-10-13 14:49:30,24.55,23500,24.55,D
sz002517,恺英网络,2025-10-13 14:49:33,24.55,10200,24.55,D
sz002517,恺英网络,2025-10-13 14:49:36,24.58,13600,24.55,U
sz002517,恺英网络,2025-10-13 14:49:51,24.57,13300,24.58,E
sz002517,恺英网络,2025-10-13 14:50:00,24.58,9000,24.58,D
sz002517,恺英网络,2025-10-13 14:50:03,24.58,14500,24.58,U
sz002517,恺英网络,2025-10-13 14:50:09,24.58,10100,24.57,U
sz002517,恺英网络,2025-10-13 14:50:24,24.57,17700,24.58,D
sz002517,恺英网络,2025-10-13 14:50:42,24.56,10300,24.57,D
sz002517,恺英网络,2025-10-13 14:50:48,24.57,15600,24.57,U
sz002517,恺英网络,2025-10-13 14:50:54,24.57,12900,24.56,U
sz002517,恺英网络,2025-10-13 14:51:00,24.57,22100,24.57,U
sz002517,恺英网络,2025-10-13 14:51:12,24.56,10300,24.57,D
sz002517,恺英网络,2025-10-13 14:51:21,24.57,13600,24.56,U
sz002517,恺英网络,2025-10-13 14:51:24,24.56,13500,24.57,D
sz002517,恺英网络,2025-10-13 14:51:30,24.56,12200,24.56,U
sz002517,恺英网络,2025-10-13 14:51:33,24.57,25300,24.56,U
sz002517,恺英网络,2025-10-13 14:51:42,24.56,8800,24.57,D
sz002517,恺英网络,2025-10-13 14:51:51,24.56,16500,24.56,E
sz002517,恺英网络,2025-10-13 14:51:54,24.55,8600,24.56,D
sz002517,恺英网络,2025-10-13 14:51:57,24.55,9100,24.55,D
sz002517,恺英网络,2025-10-13 14:52:03,24.57,73600,24.55,U
sz002517,恺英网络,2025-10-13 14:52:06,24.58,8900,24.57,U
sz002517,恺英网络,2025-10-13 14:52:09,24.57,39100,24.58,D
sz002517,恺英网络,2025-10-13 14:52:33,24.6,9300,24.6,U
sz002517,恺英网络,2025-10-13 14:53:18,24.57,51200,24.57,D
sz002517,恺英网络,2025-10-13 14:53:24,24.55,72400,24.56,D
sz002517,恺英网络,2025-10-13 14:53:33,24.55,19200,24.54,U
sz002517,恺英网络,2025-10-13 14:53:48,24.56,38200,24.55,U
sz002517,恺英网络,2025-10-13 14:53:51,24.55,12700,24.56,D
sz002517,恺英网络,2025-10-13 14:53:54,24.55,9100,24.55,U
sz002517,恺英网络,2025-10-13 14:54:00,24.57,8600,24.57,U
sz002517,恺英网络,2025-10-13 14:54:12,24.56,9800,24.57,D
sz002517,恺英网络,2025-10-13 14:54:24,24.57,32200,24.57,D
sz002517,恺英网络,2025-10-13 14:54:33,24.57,56500,24.56,U
sz002517,恺英网络,2025-10-13 14:55:09,24.56,13200,24.56,D
sz002517,恺英网络,2025-10-13 14:55:15,24.6,113500,24.56,U
sz002517,恺英网络,2025-10-13 14:55:18,24.6,9600,24.6,U
sz002517,恺英网络,2025-10-13 14:55:21,24.59,11000,24.6,D
sz002517,恺英网络,2025-10-13 14:55:30,24.58,8600,24.59,D
sz002517,恺英网络,2025-10-13 14:55:51,24.59,67200,24.59,U
sz002517,恺英网络,2025-10-13 14:56:00,24.57,9200,24.59,D
sz002517,恺英网络,2025-10-13 14:56:03,24.58,25800,24.57,E
sz002517,恺英网络,2025-10-13 14:56:27,24.58,17700,24.59,D
sz002517,恺英网络,2025-10-13 14:56:39,24.57,16000,24.57,D
sz002517,恺英网络,2025-10-13 15:00:00,24.58,227100,24.58,E
