symbol,name,ticktime,price,volume,prev_price,kind
sz002517,恺英网络,2025-10-28 09:25:00,24.2,128400,0.0,D
sz002517,恺英网络,2025-10-28 09:30:00,24.17,45500,24.2,D
sz002517,恺英网络,2025-10-28 09:30:03,24.16,60300,24.17,E
sz002517,恺英网络,2025-10-28 09:30:06,24.11,46400,24.16,D
sz002517,恺英网络,2025-10-28 09:30:09,24.08,19400,24.11,D
sz002517,恺英网络,2025-10-28 09:30:15,24.06,52400,24.07,D
sz002517,恺英网络,2025-10-28 09:30:18,24.05,114707,24.06,E
sz002517,恺英网络,2025-10-28 09:30:21,24.08,29200,24.05,U
sz002517,恺英网络,2025-10-28 09:30:24,24.13,25000,24.08,D
sz002517,恺英网络,2025-10-28 09:30:30,24.19,93100,24.17,U
sz002517,恺英网络,2025-10-28 09:30:33,24.19,79900,24.19,U
sz002517,恺英网络,2025-10-28 09:30:36,24.21,16000,24.19,U
sz002517,恺英网络,2025-10-28 09:30:39,24.23,9200,24.21,U
sz002517,恺英网络,2025-10-28 09:30:42,24.24,76500,24.23,U
sz002517,恺英网络,2025-10-28 09:30:45,24.23,69300,24.24,D
sz002517,恺英网络,2025-10-28 09:30:48,24.2,61100,24.23,D
sz002517,恺英网络,2025-10-28 09:30:51,24.24,99900,24.2,U
sz002517,恺英网络,2025-10-28 09:30:54,24.27,14700,24.24,U
sz002517,恺英网络,2025-10-28 09:30:57,24.31,21800,24.27,U
sz002517,恺英网络,2025-10-28 09:31:00,24.29,21400,24.31,E
sz002517,恺英网络,2025-10-28 09:31:03,24.29,10200,24.29,D
sz002517,恺英网络,2025-10-28 09:31:06,24.28,9400,24.29,D
sz002517,恺英网络,2025-10-28 09:31:12,24.3,17700,24.29,U
sz002517,恺英网络,2025-10-28 09:31:15,24.26,21600,24.3,D
sz002517,恺英网络,2025-10-28 09:31:21,24.3,55700,24.28,U
sz002517,恺英网络,2025-10-28 09:31:24,24.29,25900,24.3,D
sz002517,恺英网络,2025-10-28 09:31:33,24.32,60500,24.3,U
sz002517,恺英网络,2025-10-28 09:31:36,24.33,19300,24.32,E
sz002517,恺英网络,2025-10-28 09:31:39,24.36,17900,24.33,U
sz002517,恺英网络,2025-10-28 09:31:42,24.39,30600,24.36,U
sz002517,恺英网络,2025-10-28 09:31:48,24.4,9800,24.39,U
sz002517,恺英网络,2025-10-28 09:31:51,24.39,13000,24.4,D
sz002517,恺英网络,2025-10-28 09:31:54,24.4,11800,24.39,U
sz002517,恺英网络,2025-10-28 09:32:00,24.43,22200,24.4,U
sz002517,恺英网络,2025-10-28 09:32:03,24.43,22300,24.43,E
sz002517,恺英网络,2025-10-28 09:32:06,24.43,13300,24.43,D
sz002517,恺英网络,2025-10-28 09:32:09,24.44,14200,24.43,E
sz002517,恺英网络,2025-10-28 09:32:12,24.45,36400,24.44,E
sz002517,恺英网络,2025-10-28 09:32:15,24.38,65500,24.45,D
sz002517,恺英网络,2025-10-28 09:32:18,24.38,28200,24.38,E
sz002517,恺英网络,2025-10-28 09:32:21,24.38,9100,24.38,U
sz002517,恺英网络,2025-10-28 09:32:24,24.36,11500,24.38,E
sz002517,恺英网络,2025-10-28 09:32:27,24.35,22700,24.36,D
sz002517,恺英网络,2025-10-28 09:32:30,24.3,16600,24.35,D
sz002517,恺英网络,2025-10-28 09:32:33,24.3,16300,24.3,U
sz002517,恺英网络,2025-10-28 09:32:36,24.29,39900,24.3,D
sz002517,恺英网络,2025-10-28 09:32:39,24.27,14400,24.29,D
sz002517,恺英网络,2025-10-28 09:32:42,24.25,22500,24.27,D
sz002517,恺英网络,2025-10-28 09:32:48,24.23,11800,24.2,U
sz002517,恺英网络,2025-10-28 09:32:54,24.19,12300,24.2,D
sz002517,恺英网络,2025-10-28 09:33:03,24.19,90100,24.18,U
sz002517,恺英网络,2025-10-28 09:33:06,24.19,22800,24.19,U
sz002517,恺英网络,2025-10-28 09:33:12,24.22,15800,24.19,U
sz002517,恺英网络,2025-10-28 09:33:15,24.23,19000,24.22,U
sz002517,恺英网络,2025-10-28 09:33:18,24.24,11100,24.23,U
sz002517,恺英网络,2025-10-28 09:33:33,24.27,11800,24.28,E
sz002517,恺英网络,2025-10-28 09:33:39,24.24,15300,24.24,E
sz002517,恺英网络,2025-10-28 09:33:42,24.24,11500,24.24,E
sz002517,恺英网络,2025-10-28 09:33:54,24.23,22800,24.23,U
sz002517,恺英网络,2025-10-28 09:33:57,24.23,13100,24.23,U
sz002517,恺英网络,2025-10-28 09:34:00,24.22,27700,24.23,D
sz002517,恺英网络,2025-10-28 09:34:03,24.23,11400,24.22,U
sz002517,恺英网络,2025-10-28 09:34:06,24.23,9200,24.23,D
sz002517,恺英网络,2025-10-28 09:34:09,24.24,21600,24.23,U
sz002517,恺英网络,2025-10-28 09:34:15,24.24,12400,24.23,U
sz002517,恺英网络,2025-10-28 09:34:24,24.22,56000,24.25,D
sz002517,恺英网络,2025-10-28 09:34:27,24.19,58200,24.22,D
sz002517,恺英网络,2025-10-28 09:34:30,24.2,12700,24.19,U
sz002517,恺英网络,2025-10-28 09:34:33,24.19,15600,24.2,D
sz002517,恺英网络,2025-10-28 09:34:48,24.2,10400,24.21,D
sz002517,恺英网络,2025-10-28 09:34:57,24.2,10400,24.19,U
sz002517,恺英网络,2025-10-28 09:35:00,24.18,70800,24.2,D
sz002517,恺英网络,2025-10-28 09:35:06,24.19,41500,24.17,U
sz002517,恺英网络,2025-10-28 09:35:09,24.21,13900,24.19,E
sz002517,恺英网络,2025-10-28 09:35:15,24.21,9300,24.2,D
sz002517,恺英网络,2025-10-28 09:35:45,24.22,12599,24.19,U
sz002517,恺英网络,2025-10-28 09:35:51,24.24,12900,24.22,U
sz002517,恺英网络,2025-10-28 09:36:09,24.23,10200,24.23,U
sz002517,恺英网络,2025-10-28 09:36:18,24.24,18300,24.24,D
sz002517,恺英网络,2025-10-28 09:36:24,24.24,8800,24.23,U
sz002517,恺英网络,2025-10-28 09:36:27,24.22,10000,24.24,D
sz002517,恺英网络,2025-10-28 09:36:36,24.21,8500,24.21,D
sz002517,恺英网络,2025-10-28 09:36:39,24.2,15300,24.21,D
sz002517,恺英网络,2025-10-28 09:36:42,24.21,33300,24.2,U
sz002517,恺英网络,2025-10-28 09:36:45,24.23,58400,24.21,U
sz002517,恺英网络,2025-10-28 09:37:06,24.21,10900,24.24,D
sz002517,恺英网络,2025-10-28 09:37:09,24.2,10500,24.21,D
sz002517,恺英网络,2025-10-28 09:37:18,24.2,26300,24.2,U
sz002517,恺英网络,2025-10-28 09:37:27,24.2,13300,24.26,D
sz002517,恺英网络,2025-10-28 09:37:33,24.27,13300,24.27,U
sz002517,恺英网络,2025-10-28 09:37:51,24.22,11600,24.23,D
sz002517,恺英网络,2025-10-28 09:38:03,24.22,23700,24.23,D
sz002517,恺英网络,2025-10-28 09:38:06,24.2,12700,24.22,D
sz002517,恺英网络,2025-10-28 09:38:09,24.2,9700,24.2,D
sz002517,恺英网络,2025-10-28 09:38:12,24.17,36700,24.2,D
sz002517,恺英网络,2025-10-28 09:38:15,24.16,9900,24.17,D
sz002517,恺英网络,2025-10-28 09:38:18,24.15,12600,24.16,D
sz002517,恺英网络,2025-10-28 09:38:21,24.13,36100,24.15,D
sz002517,恺英网络,2025-10-28 09:38:24,24.1,11500,24.13,D
sz002517,恺英网络,2025-10-28 09:38:27,24.1,29800,24.1,D
sz002517,恺英网络,2025-10-28 09:38:30,24.1,9800,24.1,D
sz002517,恺英网络,2025-10-28 09:38:33,24.07,41700,24.1,D
sz002517,恺英网络,2025-10-28 09:38:36,24.12,37000,24.07,U
sz002517,恺英网络,2025-10-28 09:38:39,24.1,27700,24.12,D
sz002517,恺英网络,2025-10-28 09:38:42,24.1,29500,24.1,D
sz002517,恺英网络,2025-10-28 09:38:45,24.1,11100,24.1,D
sz002517,恺英网络,2025-10-28 09:38:51,24.1,21000,24.1,U
sz002517,恺英网络,2025-10-28 09:38:54,24.09,28700,24.1,U
sz002517,恺英网络,2025-10-28 09:38:57,24.09,24300,24.09,U
sz002517,恺英网络,2025-10-28 09:39:00,24.06,34200,24.09,D
sz002517,恺英网络,2025-10-28 09:39:03,24.08,21100,24.06,U
sz002517,恺英网络,2025-10-28 09:39:06,24.07,89400,24.08,D
sz002517,恺英网络,2025-10-28 09:39:09,24.06,11800,24.07,D
sz002517,恺英网络,2025-10-28 09:39:12,24.06,9700,24.06,U
sz002517,恺英网络,2025-10-28 09:39:15,24.04,24900,24.06,D
sz002517,恺英网络,2025-10-28 09:39:18,24.05,24800,24.04,E
sz002517,恺英网络,2025-10-28 09:39:21,24.03,44300,24.05,D
sz002517,恺英网络,2025-10-28 09:39:27,24.03,24900,24.04,D
sz002517,恺英网络,2025-10-28 09:39:30,24.05,24900,24.03,U
sz002517,恺英网络,2025-10-28 09:39:36,24.03,28900,24.03,U
sz002517,恺英网络,2025-10-28 09:39:39,24.02,126600,24.03,D
sz002517,恺英网络,2025-10-28 09:39:42,24.03,44100,24.02,E
sz002517,恺英网络,2025-10-28 09:39:45,24.03,10700,24.03,D
sz002517,恺英网络,2025-10-28 09:39:48,24.03,9300,24.03,D
sz002517,恺英网络,2025-10-28 09:39:54,24.0,46600,24.02,D
sz002517,恺英网络,2025-10-28 09:39:57,24.01,14500,24.0,U
sz002517,恺英网络,2025-10-28 09:40:00,24.0,34200,24.01,D
sz002517,恺英网络,2025-10-28 09:40:03,24.01,59400,24.0,U
sz002517,恺英网络,2025-10-28 09:40:06,24.0,9200,24.01,D
sz002517,恺英网络,2025-10-28 09:40:09,24.02,68700,24.0,E
sz002517,恺英网络,2025-10-28 09:40:12,24.04,18600,24.02,U
sz002517,恺英网络,2025-10-28 09:40:15,24.03,13800,24.04,D
sz002517,恺英网络,2025-10-28 09:40:21,24.09,36000,24.07,U
sz002517,恺英网络,2025-10-28 09:41:03,24.13,8800,24.11,U
sz002517,恺英网络,2025-10-28 09:41:21,24.13,24300,24.19,D
sz002517,恺英网络,2025-10-28 09:41:27,24.1,14900,24.11,D
sz002517,恺英网络,2025-10-28 09:41:36,24.1,12900,24.1,D
sz002517,恺英网络,2025-10-28 09:41:39,24.11,12500,24.1,U
sz002517,恺英网络,2025-10-28 09:41:45,24.11,9000,24.11,D
sz002517,恺英网络,2025-10-28 09:41:48,24.1,18800,24.11,D
sz002517,恺英网络,2025-10-28 09:42:00,24.12,51600,24.08,U
sz002517,恺英网络,2025-10-28 09:42:21,24.12,8700,24.13,D
sz002517,恺英网络,2025-10-28 09:42:36,24.11,10900,24.13,D
sz002517,恺英网络,2025-10-28 09:42:42,24.16,50500,24.11,U
sz002517,恺英网络,2025-10-28 09:43:12,24.11,8400,24.13,D
sz002517,恺英网络,2025-10-28 09:43:24,24.1,20800,24.12,D
sz002517,恺英网络,2025-10-28 09:43:30,24.1,15600,24.1,U
sz002517,恺英网络,2025-10-28 09:43:45,24.0,77800,24.1,D
sz002517,恺英网络,2025-10-28 09:43:51,24.1,12700,24.09,U
sz002517,恺英网络,2025-10-28 09:44:09,24.07,46700,24.05,E
sz002517,恺英网络,2025-10-28 09:44:15,24.04,64700,24.05,D
sz002517,恺英网络,2025-10-28 09:44:18,24.07,28000,24.04,U
sz002517,恺英网络,2025-10-28 09:44:24,24.06,13200,24.07,E
sz002517,恺英网络,2025-10-28 09:44:33,24.05,42000,24.06,E
sz002517,恺英网络,2025-10-28 09:44:42,24.05,16900,24.08,D
sz002517,恺英网络,2025-10-28 09:44:57,24.05,24800,24.04,U
sz002517,恺英网络,2025-10-28 09:45:00,24.07,12700,24.05,U
sz002517,恺英网络,2025-10-28 09:45:03,24.02,62000,24.07,D
sz002517,恺英网络,2025-10-28 09:45:15,24.05,11500,24.04,U
sz002517,恺英网络,2025-10-28 09:45:33,24.0,16200,24.02,D
sz002517,恺英网络,2025-10-28 09:45:51,24.03,9500,24.02,U
sz002517,恺英网络,2025-10-28 09:46:03,24.05,24700,24.04,U
sz002517,恺英网络,2025-10-28 09:46:06,24.03,21900,24.05,D
sz002517,恺英网络,2025-10-28 09:46:12,24.05,19000,24.03,U
sz002517,恺英网络,2025-10-28 09:46:33,24.04,39800,24.06,D
sz002517,恺英网络,2025-10-28 09:46:39,24.01,68300,24.03,D
sz002517,恺英网络,2025-10-28 09:46:42,24.01,61500,24.01,D
sz002517,恺英网络,2025-10-28 09:46:45,24.0,28300,24.01,D
sz002517,恺英网络,2025-10-28 09:46:48,24.0,61300,24.0,D
sz002517,恺英网络,2025-10-28 09:46:54,23.99,21300,23.99,U
sz002517,恺英网络,2025-10-28 09:46:57,23.98,18300,23.99,D
sz002517,恺英网络,2025-10-28 09:47:00,24.01,45700,23.98,U
sz002517,恺英网络,2025-10-28 09:47:03,23.99,14500,24.01,D
sz002517,恺英网络,2025-10-28 09:47:15,23.99,34800,23.99,D
sz002517,恺英网络,2025-10-28 09:47:21,23.98,15800,23.98,D
sz002517,恺英网络,2025-10-28 09:47:24,23.98,86100,23.98,D
sz002517,恺英网络,2025-10-28 09:47:30,23.98,20300,23.98,U
sz002517,恺英网络,2025-10-28 09:47:39,23.95,12900,23.96,D
sz002517,恺英网络,2025-10-28 09:47:42,23.95,12900,23.95,D
sz002517,恺英网络,2025-10-28 09:47:45,23.95,30900,23.95,D
sz002517,恺英网络,2025-10-28 09:47:48,23.94,29400,23.95,D
sz002517,恺英网络,2025-10-28 09:47:57,23.92,15200,23.92,U
sz002517,恺英网络,2025-10-28 09:48:00,23.94,111300,23.92,U
sz002517,恺英网络,2025-10-28 09:48:03,23.93,31100,23.94,E
sz002517,恺英网络,2025-10-28 09:48:06,23.93,14900,23.93,D
sz002517,恺英网络,2025-10-28 09:48:09,23.93,73900,23.93,E
sz002517,恺英网络,2025-10-28 09:48:12,23.92,30600,23.93,D
sz002517,恺英网络,2025-10-28 09:48:15,23.93,115800,23.92,E
sz002517,恺英网络,2025-10-28 09:48:18,23.88,30900,23.93,D
sz002517,恺英网络,2025-10-28 09:48:21,23.91,18100,23.88,U
sz002517,恺英网络,2025-10-28 09:48:24,23.87,15000,23.91,D
sz002517,恺英网络,2025-10-28 09:48:27,23.92,18600,23.87,U
sz002517,恺英网络,2025-10-28 09:48:30,23.89,12900,23.92,D
sz002517,恺英网络,2025-10-28 09:48:33,23.92,61400,23.89,U
sz002517,恺英网络,2025-10-28 09:48:36,23.9,57100,23.92,D
sz002517,恺英网络,2025-10-28 09:48:39,23.91,34100,23.9,U
sz002517,恺英网络,2025-10-28 09:48:51,23.91,17500,23.91,U
sz002517,恺英网络,2025-10-28 09:48:54,23.91,12500,23.91,D
sz002517,恺英网络,2025-10-28 09:48:57,23.87,126200,23.91,D
sz002517,恺英网络,2025-10-28 09:49:00,23.87,15100,23.87,D
sz002517,恺英网络,2025-10-28 09:49:03,23.88,56800,23.87,U
sz002517,恺英网络,2025-10-28 09:49:06,23.88,12100,23.88,U
sz002517,恺英网络,2025-10-28 09:49:09,23.91,26500,23.88,U
sz002517,恺英网络,2025-10-28 09:49:18,23.9,20100,23.9,D
sz002517,恺英网络,2025-10-28 09:49:21,23.88,17200,23.9,D
sz002517,恺英网络,2025-10-28 09:49:27,23.89,9300,23.89,U
sz002517,恺英网络,2025-10-28 09:49:36,23.88,20800,23.88,D
sz002517,恺英网络,2025-10-28 09:49:45,23.88,10600,23.88,D
sz002517,恺英网络,2025-10-28 09:49:51,23.9,17500,23.88,U
sz002517,恺英网络,2025-10-28 09:50:06,23.91,13900,23.91,D
sz002517,恺英网络,2025-10-28 09:50:15,23.93,9900,23.91,U
sz002517,恺英网络,2025-10-28 09:50:18,23.95,8600,23.93,U
sz002517,恺英网络,2025-10-28 09:50:21,23.95,14600,23.95,D
sz002517,恺英网络,2025-10-28 09:50:30,23.95,27600,23.96,D
sz002517,恺英网络,2025-10-28 09:50:33,23.96,13700,23.95,U
sz002517,恺英网络,2025-10-28 09:50:45,23.95,12200,23.95,D
sz002517,恺英网络,2025-10-28 09:50:54,23.94,10600,23.95,D
sz002517,恺英网络,2025-10-28 09:51:12,23.92,24400,23.93,D
sz002517,恺英网络,2025-10-28 09:51:15,23.92,27900,23.92,U
sz002517,恺英网络,2025-10-28 09:51:24,23.92,12300,23.92,U
sz002517,恺英网络,2025-10-28 09:51:33,23.92,14100,23.94,D
sz002517,恺英网络,2025-10-28 09:51:36,23.93,9400,23.92,U
sz002517,恺英网络,2025-10-28 09:51:39,23.92,81000,23.93,D
sz002517,恺英网络,2025-10-28 09:51:42,23.94,24900,23.92,E
sz002517,恺英网络,2025-10-28 09:51:48,23.93,9100,23.93,D
sz002517,恺英网络,2025-10-28 09:51:51,23.92,9700,23.93,D
sz002517,恺英网络,2025-10-28 09:51:54,23.92,24300,23.92,U
sz002517,恺英网络,2025-10-28 09:51:57,23.9,85900,23.92,D
sz002517,恺英网络,2025-10-28 09:52:00,23.93,23100,23.9,U
sz002517,恺英网络,2025-10-28 09:52:06,23.89,10400,23.9,D
sz002517,恺英网络,2025-10-28 09:52:09,23.9,9600,23.89,U
sz002517,恺英网络,2025-10-28 09:52:15,23.94,23300,23.9,U
sz002517,恺英网络,2025-10-28 09:52:24,23.95,10600,23.95,D
sz002517,恺英网络,2025-10-28 09:52:33,23.94,10400,23.95,D
sz002517,恺英网络,2025-10-28 09:52:42,23.94,42200,23.94,U
sz002517,恺英网络,2025-10-28 09:52:45,23.95,20900,23.94,E
sz002517,恺英网络,2025-10-28 09:53:00,24.0,10600,23.99,U
sz002517,恺英网络,2025-10-28 09:53:06,24.02,9700,23.99,U
sz002517,恺英网络,2025-10-28 09:53:27,24.01,21100,24.04,D
sz002517,恺英网络,2025-10-28 09:53:57,24.03,14300,24.04,E
sz002517,恺英网络,2025-10-28 09:54:06,24.01,8500,24.03,D
sz002517,恺英网络,2025-10-28 09:54:09,24.0,13200,24.01,D
sz002517,恺英网络,2025-10-28 09:54:12,24.0,18200,24.0,D
sz002517,恺英网络,2025-10-28 09:54:15,23.98,17200,24.0,D
sz002517,恺英网络,2025-10-28 09:54:42,23.92,21000,23.93,D
sz002517,恺英网络,2025-10-28 09:54:51,23.94,15600,23.94,U
sz002517,恺英网络,2025-10-28 09:54:57,23.94,8600,23.94,U
sz002517,恺英网络,2025-10-28 09:55:03,23.95,21100,23.94,U
sz002517,恺英网络,2025-10-28 09:55:06,23.95,15000,23.95,D
sz002517,恺英网络,2025-10-28 09:55:12,23.95,20600,23.96,D
sz002517,恺英网络,2025-10-28 09:55:33,23.96,9200,23.96,D
sz002517,恺英网络,2025-10-28 09:55:45,23.96,10600,23.96,D
sz002517,恺英网络,2025-10-28 09:55:48,23.95,13300,23.96,D
sz002517,恺英网络,2025-10-28 09:55:57,23.96,37600,23.96,U
sz002517,恺英网络,2025-10-28 09:56:00,23.96,11500,23.96,U
sz002517,恺英网络,2025-10-28 09:56:03,23.97,22500,23.96,U
sz002517,恺英网络,2025-10-28 09:56:15,23.98,9800,23.98,D
sz002517,恺英网络,2025-10-28 09:56:21,23.96,24000,23.98,D
sz002517,恺英网络,2025-10-28 09:56:27,23.95,12900,23.95,D
sz002517,恺英网络,2025-10-28 09:57:03,23.95,26700,23.93,U
sz002517,恺英网络,2025-10-28 09:57:06,23.97,32300,23.95,U
sz002517,恺英网络,2025-10-28 09:57:09,23.97,11300,23.97,U
sz002517,恺英网络,2025-10-28 09:57:15,23.98,8400,23.96,U
sz002517,恺英网络,2025-10-28 09:57:45,23.98,13200,23.97,U
sz002517,恺英网络,2025-10-28 09:58:12,24.04,11800,24.05,U
sz002517,恺英网络,2025-10-28 09:58:15,24.04,8600,24.04,D
sz002517,恺英网络,2025-10-28 09:58:36,23.98,10100,23.99,D
sz002517,恺英网络,2025-10-28 09:59:09,23.97,22100,23.97,U
sz002517,恺英网络,2025-10-28 09:59:15,23.96,23600,23.97,D
sz002517,恺英网络,2025-10-28 09:59:21,23.93,16300,23.96,D
sz002517,恺英网络,2025-10-28 09:59:30,23.94,18300,23.95,D
sz002517,恺英网络,2025-10-28 09:59:48,23.93,10400,23.93,D
sz002517,恺英网络,2025-10-28 10:00:03,23.93,147600,23.93,D
sz002517,恺英网络,2025-10-28 10:00:18,23.91,201400,23.94,D
sz002517,恺英网络,2025-10-28 10:00:21,23.93,10500,23.91,D
sz002517,恺英网络,2025-10-28 10:00:24,23.9,98000,23.93,D
sz002517,恺英网络,2025-10-28 10:00:30,23.91,46000,23.91,U
sz002517,恺英网络,2025-10-28 10:00:33,23.89,50300,23.91,D
sz002517,恺英网络,2025-10-28 10:00:36,23.89,8400,23.89,U
sz002517,恺英网络,2025-10-28 10:00:39,23.9,32600,23.89,U
sz002517,恺英网络,2025-10-28 10:00:42,23.93,120800,23.9,U
sz002517,恺英网络,2025-10-28 10:00:45,23.92,14900,23.93,D
sz002517,恺英网络,2025-10-28 10:00:54,23.9,9400,23.91,D
sz002517,恺英网络,2025-10-28 10:00:57,23.91,42700,23.9,U
sz002517,恺英网络,2025-10-28 10:01:03,23.9,13600,23.91,D
sz002517,恺英网络,2025-10-28 10:01:09,23.91,16200,23.9,U
sz002517,恺英网络,2025-10-28 10:01:12,23.9,10800,23.91,D
sz002517,恺英网络,2025-10-28 10:01:15,23.9,13800,23.9,U
sz002517,恺英网络,2025-10-28 10:01:18,23.92,19100,23.9,U
sz002517,恺英网络,2025-10-28 10:01:21,23.91,9000,23.92,D
sz002517,恺英网络,2025-10-28 10:01:30,23.9,10500,23.92,D
sz002517,恺英网络,2025-10-28 10:01:33,23.9,9600,23.9,D
sz002517,恺英网络,2025-10-28 10:01:36,23.91,27800,23.9,E
sz002517,恺英网络,2025-10-28 10:01:39,23.93,10900,23.91,E
sz002517,恺英网络,2025-10-28 10:01:51,23.91,21800,23.92,D
sz002517,恺英网络,2025-10-28 10:01:54,23.92,28500,23.91,U
sz002517,恺英网络,2025-10-28 10:01:57,23.93,9200,23.92,U
sz002517,恺英网络,2025-10-28 10:02:00,23.92,44200,23.93,D
sz002517,恺英网络,2025-10-28 10:02:03,23.91,9800,23.92,D
sz002517,恺英网络,2025-10-28 10:02:12,23.92,79200,23.91,U
sz002517,恺英网络,2025-10-28 10:02:15,23.92,9500,23.92,D
sz002517,恺英网络,2025-10-28 10:02:36,23.93,15200,23.94,D
sz002517,恺英网络,2025-10-28 10:02:51,23.99,9900,23.97,U
sz002517,恺英网络,2025-10-28 10:03:03,24.0,19800,23.97,U
sz002517,恺英网络,2025-10-28 10:03:06,24.0,17400,24.0,U
sz002517,恺英网络,2025-10-28 10:03:09,24.02,16600,24.0,U
sz002517,恺英网络,2025-10-28 10:03:33,24.01,12300,24.02,D
sz002517,恺英网络,2025-10-28 10:03:39,24.02,8700,24.02,U
sz002517,恺英网络,2025-10-28 10:03:42,24.02,39200,24.02,U
sz002517,恺英网络,2025-10-28 10:03:45,24.01,11600,24.02,D
sz002517,恺英网络,2025-10-28 10:03:57,24.02,35900,24.02,U
sz002517,恺英网络,2025-10-28 10:04:03,24.01,14400,24.02,D
sz002517,恺英网络,2025-10-28 10:04:15,24.02,9600,24.01,U
sz002517,恺英网络,2025-10-28 10:04:18,24.01,57900,24.02,E
sz002517,恺英网络,2025-10-28 10:04:30,24.01,9700,24.02,D
sz002517,恺英网络,2025-10-28 10:04:33,24.01,8700,24.01,D
sz002517,恺英网络,2025-10-28 10:04:51,24.0,10300,24.0,D
sz002517,恺英网络,2025-10-28 10:04:57,24.01,23300,24.0,U
sz002517,恺英网络,2025-10-28 10:05:03,23.99,18500,24.0,D
sz002517,恺英网络,2025-10-28 10:05:30,23.97,19700,23.99,D
sz002517,恺英网络,2025-10-28 10:05:33,23.97,10000,23.97,D
sz002517,恺英网络,2025-10-28 10:05:42,24.0,15600,24.0,D
sz002517,恺英网络,2025-10-28 10:05:54,23.98,11400,23.98,D
sz002517,恺英网络,2025-10-28 10:06:03,23.97,13700,23.99,D
sz002517,恺英网络,2025-10-28 10:06:15,23.96,35700,23.97,D
sz002517,恺英网络,2025-10-28 10:06:18,23.95,17600,23.96,D
sz002517,恺英网络,2025-10-28 10:06:24,23.99,21900,23.95,U
sz002517,恺英网络,2025-10-28 10:06:33,23.96,11800,23.96,D
sz002517,恺英网络,2025-10-28 10:06:36,23.99,22500,23.96,U
sz002517,恺英网络,2025-10-28 10:06:39,23.98,22100,23.99,E
sz002517,恺英网络,2025-10-28 10:06:45,23.99,40700,23.98,E
sz002517,恺英网络,2025-10-28 10:07:03,23.97,8400,23.97,D
sz002517,恺英网络,2025-10-28 10:07:42,24.0,15400,24.0,U
sz002517,恺英网络,2025-10-28 10:08:21,24.0,11400,24.0,U
sz002517,恺英网络,2025-10-28 10:08:27,23.99,11100,23.99,D
sz002517,恺英网络,2025-10-28 10:08:30,23.99,9500,23.99,U
sz002517,恺英网络,2025-10-28 10:08:39,24.0,8500,23.98,U
sz002517,恺英网络,2025-10-28 10:08:42,24.02,20800,24.0,U
sz002517,恺英网络,2025-10-28 10:08:45,24.02,24700,24.02,U
sz002517,恺英网络,2025-10-28 10:08:57,24.03,12900,24.02,U
sz002517,恺英网络,2025-10-28 10:09:00,24.03,12900,24.03,D
sz002517,恺英网络,2025-10-28 10:09:03,24.05,14800,24.03,U
sz002517,恺英网络,2025-10-28 10:09:09,24.03,59700,24.04,D
sz002517,恺英网络,2025-10-28 10:09:18,24.0,18100,24.0,D
sz002517,恺英网络,2025-10-28 10:09:21,24.01,10500,24.0,U
sz002517,恺英网络,2025-10-28 10:09:27,24.01,12300,24.01,U
sz002517,恺英网络,2025-10-28 10:09:42,24.0,11800,24.0,D
sz002517,恺英网络,2025-10-28 10:09:45,23.99,10300,24.0,D
sz002517,恺英网络,2025-10-28 10:10:06,23.98,81500,23.98,D
sz002517,恺英网络,2025-10-28 10:10:30,23.98,20600,23.99,D
sz002517,恺英网络,2025-10-28 10:10:39,23.99,20200,23.99,D
sz002517,恺英网络,2025-10-28 10:11:09,23.99,18200,23.99,U
sz002517,恺英网络,2025-10-28 10:11:18,23.98,9500,23.98,D
sz002517,恺英网络,2025-10-28 10:11:21,23.98,9500,23.98,D
sz002517,恺英网络,2025-10-28 10:11:57,23.97,10000,23.98,D
sz002517,恺英网络,2025-10-28 10:12:00,23.99,18200,23.97,U
sz002517,恺英网络,2025-10-28 10:12:15,23.99,28900,23.99,U
sz002517,恺英网络,2025-10-28 10:12:18,24.01,29000,23.99,U
sz002517,恺英网络,2025-10-28 10:12:39,24.01,31300,24.02,D
sz002517,恺英网络,2025-10-28 10:12:42,24.01,9600,24.01,D
sz002517,恺英网络,2025-10-28 10:12:57,24.02,21100,24.02,U
sz002517,恺英网络,2025-10-28 10:13:00,24.05,70300,24.02,U
sz002517,恺英网络,2025-10-28 10:13:51,24.06,20400,24.06,U
sz002517,恺英网络,2025-10-28 10:14:03,24.04,22300,24.05,D
sz002517,恺英网络,2025-10-28 10:14:42,24.07,9200,24.06,U
sz002517,恺英网络,2025-10-28 10:14:45,24.09,12400,24.07,U
sz002517,恺英网络,2025-10-28 10:14:48,24.08,13100,24.09,E
sz002517,恺英网络,2025-10-28 10:14:51,24.1,10500,24.08,U
sz002517,恺英网络,2025-10-28 10:14:54,24.1,19400,24.1,D
sz002517,恺英网络,2025-10-28 10:15:12,24.1,21900,24.11,E
sz002517,恺英网络,2025-10-28 10:15:18,24.1,87900,24.1,D
sz002517,恺英网络,2025-10-28 10:15:21,24.09,10900,24.1,D
sz002517,恺英网络,2025-10-28 10:16:00,24.1,21300,24.09,U
sz002517,恺英网络,2025-10-28 10:16:03,24.09,44800,24.1,D
sz002517,恺英网络,2025-10-28 10:16:18,24.09,30900,24.08,U
sz002517,恺英网络,2025-10-28 10:16:21,24.06,8500,24.09,D
sz002517,恺英网络,2025-10-28 10:16:24,24.06,28100,24.06,D
sz002517,恺英网络,2025-10-28 10:17:06,24.1,23300,24.1,U
sz002517,恺英网络,2025-10-28 10:17:33,24.09,23700,24.1,D
sz002517,恺英网络,2025-10-28 10:17:48,24.07,21700,24.08,D
sz002517,恺英网络,2025-10-28 10:18:06,24.11,15800,24.08,U
sz002517,恺英网络,2025-10-28 10:18:09,24.12,14500,24.11,U
sz002517,恺英网络,2025-10-28 10:18:30,24.13,11000,24.12,U
sz002517,恺英网络,2025-10-28 10:19:03,24.12,25300,24.14,D
sz002517,恺英网络,2025-10-28 10:19:33,24.09,28900,24.1,D
sz002517,恺英网络,2025-10-28 10:19:54,24.09,84700,24.11,D
sz002517,恺英网络,2025-10-28 10:19:57,24.09,11000,24.09,U
sz002517,恺英网络,2025-10-28 10:20:06,24.08,8400,24.08,D
sz002517,恺英网络,2025-10-28 10:21:06,24.07,20800,24.06,U
sz002517,恺英网络,2025-10-28 10:22:03,24.06,22097,24.09,D
sz002517,恺英网络,2025-10-28 10:22:33,24.05,11100,24.05,D
sz002517,恺英网络,2025-10-28 10:22:39,24.05,12400,24.05,D
sz002517,恺英网络,2025-10-28 10:22:54,24.03,21500,24.04,D
sz002517,恺英网络,2025-10-28 10:23:03,24.02,64400,24.03,D
sz002517,恺英网络,2025-10-28 10:23:06,24.02,10200,24.02,U
sz002517,恺英网络,2025-10-28 10:23:09,24.01,12000,24.02,D
sz002517,恺英网络,2025-10-28 10:23:54,24.01,15100,24.02,D
sz002517,恺英网络,2025-10-28 10:24:18,24.03,9700,24.02,U
sz002517,恺英网络,2025-10-28 10:24:21,24.02,13300,24.03,D
sz002517,恺英网络,2025-10-28 10:24:45,24.0,20600,24.01,D
sz002517,恺英网络,2025-10-28 10:25:21,24.0,9800,24.0,U
sz002517,恺英网络,2025-10-28 10:25:24,23.99,13400,24.0,D
sz002517,恺英网络,2025-10-28 10:25:27,23.99,12600,23.99,U
sz002517,恺英网络,2025-10-28 10:26:30,23.98,19300,23.98,D
sz002517,恺英网络,2025-10-28 10:27:03,23.97,8600,23.97,D
sz002517,恺英网络,2025-10-28 10:27:30,23.97,12600,23.97,D
sz002517,恺英网络,2025-10-28 10:27:33,23.98,21700,23.97,U
sz002517,恺英网络,2025-10-28 10:28:12,23.97,9800,23.97,U
sz002517,恺英网络,2025-10-28 10:28:21,23.97,9500,23.97,U
sz002517,恺英网络,2025-10-28 10:28:42,23.97,15600,23.97,U
sz002517,恺英网络,2025-10-28 10:29:51,23.96,11000,23.95,U
sz002517,恺英网络,2025-10-28 10:30:15,23.97,9500,23.97,U
sz002517,恺英网络,2025-10-28 10:30:54,24.0,23800,24.0,D
sz002517,恺英网络,2025-10-28 10:31:03,23.99,16500,23.99,D
sz002517,恺英网络,2025-10-28 10:31:51,23.96,11200,23.96,D
sz002517,恺英网络,2025-10-28 10:32:15,23.96,40600,23.96,D
sz002517,恺英网络,2025-10-28 10:32:27,23.95,13000,23.96,D
sz002517,恺英网络,2025-10-28 10:32:54,23.96,11400,23.96,U
sz002517,恺英网络,2025-10-28 10:32:57,23.97,8700,23.96,E
sz002517,恺英网络,2025-10-28 10:33:30,23.97,13900,23.99,D
sz002517,恺英网络,2025-10-28 10:34:27,24.0,9900,23.99,U
sz002517,恺英网络,2025-10-28 10:34:39,24.0,8600,24.0,U
sz002517,恺英网络,2025-10-28 10:35:24,24.0,9100,24.0,U
sz002517,恺英网络,2025-10-28 10:35:42,24.02,40800,24.0,U
sz002517,恺英网络,2025-10-28 10:35:45,24.02,23100,24.02,U
sz002517,恺英网络,2025-10-28 10:35:48,24.01,16500,24.02,D
sz002517,恺英网络,2025-10-28 10:36:00,23.99,14800,24.0,D
sz002517,恺英网络,2025-10-28 10:36:27,23.98,30200,23.99,D
sz002517,恺英网络,2025-10-28 10:36:54,23.97,10100,23.98,D
sz002517,恺英网络,2025-10-28 10:37:03,23.99,30100,23.99,E
sz002517,恺英网络,2025-10-28 10:37:24,24.0,12900,24.01,D
sz002517,恺英网络,2025-10-28 10:37:27,23.99,15700,24.0,D
sz002517,恺英网络,2025-10-28 10:38:12,23.99,32600,24.0,D
sz002517,恺英网络,2025-10-28 10:38:48,23.97,98700,23.99,D
sz002517,恺英网络,2025-10-28 10:39:15,23.96,9000,23.96,D
sz002517,恺英网络,2025-10-28 10:39:48,23.95,9100,23.95,D
sz002517,恺英网络,2025-10-28 10:40:06,23.94,17800,23.95,D
sz002517,恺英网络,2025-10-28 10:40:09,23.94,15700,23.94,D
sz002517,恺英网络,2025-10-28 10:40:27,23.94,10300,23.94,U
sz002517,恺英网络,2025-10-28 10:40:45,23.94,11600,23.93,U
sz002517,恺英网络,2025-10-28 10:40:48,23.93,9800,23.94,D
sz002517,恺英网络,2025-10-28 10:40:57,23.95,8400,23.93,U
sz002517,恺英网络,2025-10-28 10:41:00,23.93,24900,23.95,D
sz002517,恺英网络,2025-10-28 10:41:33,23.93,15700,23.92,U
sz002517,恺英网络,2025-10-28 10:41:36,23.92,9200,23.93,D
sz002517,恺英网络,2025-10-28 10:41:45,23.92,9700,23.93,D
sz002517,恺英网络,2025-10-28 10:41:54,23.93,14000,23.91,U
sz002517,恺英网络,2025-10-28 10:42:00,23.94,15900,23.94,U
sz002517,恺英网络,2025-10-28 10:42:45,23.93,50400,23.93,D
sz002517,恺英网络,2025-10-28 10:42:48,23.93,22900,23.93,U
sz002517,恺英网络,2025-10-28 10:42:51,23.91,14400,23.93,D
sz002517,恺英网络,2025-10-28 10:43:33,23.91,88700,23.92,D
sz002517,恺英网络,2025-10-28 10:43:51,23.91,17500,23.92,D
sz002517,恺英网络,2025-10-28 10:43:54,23.91,30200,23.91,D
sz002517,恺英网络,2025-10-28 10:44:00,23.91,13000,23.91,U
sz002517,恺英网络,2025-10-28 10:44:03,23.92,23400,23.91,U
sz002517,恺英网络,2025-10-28 10:44:18,23.91,11200,23.92,D
sz002517,恺英网络,2025-10-28 10:44:21,23.91,29300,23.91,U
sz002517,恺英网络,2025-10-28 10:44:27,23.91,11600,23.91,U
sz002517,恺英网络,2025-10-28 10:44:48,23.91,86600,23.91,D
sz002517,恺英网络,2025-10-28 10:44:54,23.91,9400,23.91,D
sz002517,恺英网络,2025-10-28 10:44:57,23.9,17000,23.91,D
sz002517,恺英网络,2025-10-28 10:45:09,23.9,13200,23.9,U
sz002517,恺英网络,2025-10-28 10:45:27,23.89,17900,23.9,D
sz002517,恺英网络,2025-10-28 10:45:45,23.9,31300,23.9,U
sz002517,恺英网络,2025-10-28 10:45:57,23.92,10000,23.92,D
sz002517,恺英网络,2025-10-28 10:46:33,23.92,81700,23.92,U
sz002517,恺英网络,2025-10-28 10:46:39,23.91,9200,23.92,D
sz002517,恺英网络,2025-10-28 10:46:42,23.91,16500,23.91,U
sz002517,恺英网络,2025-10-28 10:46:45,23.91,31100,23.91,U
sz002517,恺英网络,2025-10-28 10:47:36,23.91,10300,23.91,D
sz002517,恺英网络,2025-10-28 10:47:45,23.9,9100,23.9,D
sz002517,恺英网络,2025-10-28 10:47:57,23.9,27000,23.91,D
sz002517,恺英网络,2025-10-28 10:48:06,23.9,18600,23.9,U
sz002517,恺英网络,2025-10-28 10:48:09,23.89,11100,23.9,D
sz002517,恺英网络,2025-10-28 10:48:24,23.89,21900,23.9,D
sz002517,恺英网络,2025-10-28 10:48:39,23.89,13900,23.89,D
sz002517,恺英网络,2025-10-28 10:48:45,23.89,10200,23.89,D
sz002517,恺英网络,2025-10-28 10:48:57,23.89,15000,23.89,U
sz002517,恺英网络,2025-10-28 10:49:06,23.88,101300,23.89,D
sz002517,恺英网络,2025-10-28 10:49:09,23.87,44200,23.88,D
sz002517,恺英网络,2025-10-28 10:49:15,23.87,11100,23.87,D
sz002517,恺英网络,2025-10-28 10:49:24,23.88,15900,23.88,U
sz002517,恺英网络,2025-10-28 10:49:30,23.87,14000,23.88,D
sz002517,恺英网络,2025-10-28 10:49:39,23.86,18800,23.87,D
sz002517,恺英网络,2025-10-28 10:49:42,23.87,26600,23.86,U
sz002517,恺英网络,2025-10-28 10:49:45,23.86,12600,23.87,D
sz002517,恺英网络,2025-10-28 10:49:54,23.86,30000,23.87,D
sz002517,恺英网络,2025-10-28 10:49:57,23.87,14400,23.86,U
sz002517,恺英网络,2025-10-28 10:50:09,23.86,26400,23.86,D
sz002517,恺英网络,2025-10-28 10:50:24,23.86,8400,23.86,D
sz002517,恺英网络,2025-10-28 10:50:30,23.86,11300,23.86,D
sz002517,恺英网络,2025-10-28 10:50:33,23.86,136300,23.86,D
sz002517,恺英网络,2025-10-28 10:50:36,23.85,31600,23.86,D
sz002517,恺英网络,2025-10-28 10:50:39,23.85,19100,23.85,U
sz002517,恺英网络,2025-10-28 10:50:48,23.83,12000,23.83,D
sz002517,恺英网络,2025-10-28 10:50:51,23.84,44800,23.83,U
sz002517,恺英网络,2025-10-28 10:50:57,23.83,17000,23.83,D
sz002517,恺英网络,2025-10-28 10:51:03,23.83,11500,23.82,U
sz002517,恺英网络,2025-10-28 10:51:06,23.83,21900,23.83,U
sz002517,恺英网络,2025-10-28 10:51:15,23.82,51600,23.83,D
sz002517,恺英网络,2025-10-28 10:51:18,23.82,8600,23.82,U
sz002517,恺英网络,2025-10-28 10:51:24,23.82,10300,23.82,U
sz002517,恺英网络,2025-10-28 10:51:27,23.82,30900,23.82,U
sz002517,恺英网络,2025-10-28 10:51:45,23.81,22300,23.81,D
sz002517,恺英网络,2025-10-28 10:52:06,23.8,38800,23.81,D
sz002517,恺英网络,2025-10-28 10:52:09,23.8,14500,23.8,D
sz002517,恺英网络,2025-10-28 10:52:12,23.81,68800,23.8,U
sz002517,恺英网络,2025-10-28 10:52:15,23.84,13400,23.81,U
sz002517,恺英网络,2025-10-28 10:52:48,23.86,11200,23.86,D
sz002517,恺英网络,2025-10-28 10:53:21,23.86,23300,23.86,U
sz002517,恺英网络,2025-10-28 10:53:27,23.85,23900,23.86,D
sz002517,恺英网络,2025-10-28 10:54:03,23.86,30700,23.85,U
sz002517,恺英网络,2025-10-28 10:54:06,23.86,14900,23.86,U
sz002517,恺英网络,2025-10-28 10:54:09,23.86,8500,23.86,U
sz002517,恺英网络,2025-10-28 10:54:12,23.85,34400,23.86,D
sz002517,恺英网络,2025-10-28 10:54:21,23.86,26000,23.86,U
sz002517,恺英网络,2025-10-28 10:54:27,23.87,38600,23.86,U
sz002517,恺英网络,2025-10-28 10:55:06,23.9,8400,23.89,U
sz002517,恺英网络,2025-10-28 10:55:24,23.89,10900,23.89,D
sz002517,恺英网络,2025-10-28 10:55:36,23.89,10200,23.89,D
sz002517,恺英网络,2025-10-28 10:55:57,23.89,9900,23.89,D
sz002517,恺英网络,2025-10-28 10:56:15,23.87,47100,23.89,D
sz002517,恺英网络,2025-10-28 10:56:18,23.87,9400,23.87,D
sz002517,恺英网络,2025-10-28 10:57:30,23.88,11500,23.88,U
sz002517,恺英网络,2025-10-28 10:58:00,23.9,12400,23.9,E
sz002517,恺英网络,2025-10-28 10:58:03,23.9,10200,23.9,D
sz002517,恺英网络,2025-10-28 10:58:21,23.89,20300,23.9,E
sz002517,恺英网络,2025-10-28 10:58:54,23.9,10300,23.88,U
sz002517,恺英网络,2025-10-28 10:59:18,23.89,9400,23.89,D
sz002517,恺英网络,2025-10-28 10:59:30,23.89,11600,23.9,D
sz002517,恺英网络,2025-10-28 11:00:21,23.91,53300,23.88,U
sz002517,恺英网络,2025-10-28 11:00:24,23.92,15600,23.91,U
sz002517,恺英网络,2025-10-28 11:00:45,23.91,21300,23.92,D
sz002517,恺英网络,2025-10-28 11:00:54,23.92,23700,23.91,U
sz002517,恺英网络,2025-10-28 11:00:57,23.92,17700,23.92,U
sz002517,恺英网络,2025-10-28 11:01:30,23.93,26500,23.93,U
sz002517,恺英网络,2025-10-28 11:01:33,23.93,9600,23.93,U
sz002517,恺英网络,2025-10-28 11:02:00,23.9,10400,23.92,D
sz002517,恺英网络,2025-10-28 11:02:33,23.9,9600,23.9,D
sz002517,恺英网络,2025-10-28 11:02:39,23.9,17900,23.9,D
sz002517,恺英网络,2025-10-28 11:02:42,23.89,13500,23.9,D
sz002517,恺英网络,2025-10-28 11:03:27,23.86,50000,23.89,D
sz002517,恺英网络,2025-10-28 11:03:36,23.88,9400,23.88,D
sz002517,恺英网络,2025-10-28 11:04:12,23.85,22100,23.88,D
sz002517,恺英网络,2025-10-28 11:04:33,23.87,21700,23.85,U
sz002517,恺英网络,2025-10-28 11:04:39,23.85,9000,23.85,U
sz002517,恺英网络,2025-10-28 11:04:42,23.85,8400,23.85,U
sz002517,恺英网络,2025-10-28 11:04:51,23.85,58000,23.85,E
sz002517,恺英网络,2025-10-28 11:04:57,23.87,15300,23.86,U
sz002517,恺英网络,2025-10-28 11:05:45,23.87,37000,23.84,U
sz002517,恺英网络,2025-10-28 11:05:54,23.86,81400,23.87,D
sz002517,恺英网络,2025-10-28 11:05:57,23.87,11500,23.86,U
sz002517,恺英网络,2025-10-28 11:06:00,23.86,10500,23.87,D
sz002517,恺英网络,2025-10-28 11:06:33,23.86,8500,23.86,D
sz002517,恺英网络,2025-10-28 11:06:48,23.87,60900,23.87,U
sz002517,恺英网络,2025-10-28 11:06:51,23.85,25100,23.87,D
sz002517,恺英网络,2025-10-28 11:06:57,23.9,20900,23.89,U
sz002517,恺英网络,2025-10-28 11:07:06,23.89,14600,23.9,D
sz002517,恺英网络,2025-10-28 11:07:57,23.9,45900,23.9,U
sz002517,恺英网络,2025-10-28 11:08:00,23.89,8900,23.9,D
sz002517,恺英网络,2025-10-28 11:08:03,23.89,20000,23.89,D
sz002517,恺英网络,2025-10-28 11:08:06,23.93,11600,23.89,U
sz002517,恺英网络,2025-10-28 11:08:09,23.91,8800,23.93,D
sz002517,恺英网络,2025-10-28 11:09:09,23.9,9000,23.92,D
sz002517,恺英网络,2025-10-28 11:09:15,23.9,9200,23.92,D
sz002517,恺英网络,2025-10-28 11:09:21,23.93,72400,23.92,U
sz002517,恺英网络,2025-10-28 11:09:24,23.92,23800,23.93,D
sz002517,恺英网络,2025-10-28 11:09:36,23.94,10600,23.92,D
sz002517,恺英网络,2025-10-28 11:09:48,23.98,31300,23.97,U
sz002517,恺英网络,2025-10-28 11:09:51,23.94,13300,23.98,D
sz002517,恺英网络,2025-10-28 11:09:57,23.96,13300,23.98,E
sz002517,恺英网络,2025-10-28 11:10:15,23.97,9300,23.97,U
sz002517,恺英网络,2025-10-28 11:10:36,23.95,8500,23.96,D
sz002517,恺英网络,2025-10-28 11:10:39,23.96,24700,23.95,U
sz002517,恺英网络,2025-10-28 11:10:45,23.95,10600,23.97,D
sz002517,恺英网络,2025-10-28 11:10:51,23.96,12600,23.97,E
sz002517,恺英网络,2025-10-28 11:10:57,23.96,8600,23.97,D
sz002517,恺英网络,2025-10-28 11:11:54,23.96,12900,23.94,U
sz002517,恺英网络,2025-10-28 11:11:57,23.95,8900,23.96,D
sz002517,恺英网络,2025-10-28 11:12:00,23.98,118300,23.95,U
sz002517,恺英网络,2025-10-28 11:12:03,23.97,9900,23.98,E
sz002517,恺英网络,2025-10-28 11:12:06,23.95,11100,23.97,D
sz002517,恺英网络,2025-10-28 11:13:57,23.95,9900,23.95,U
sz002517,恺英网络,2025-10-28 11:14:00,23.95,8900,23.95,U
sz002517,恺英网络,2025-10-28 11:14:03,23.98,21700,23.95,U
sz002517,恺英网络,2025-10-28 11:14:18,23.98,39400,23.98,U
sz002517,恺英网络,2025-10-28 11:14:21,23.98,11900,23.98,U
sz002517,恺英网络,2025-10-28 11:14:30,23.94,13800,23.97,D
sz002517,恺英网络,2025-10-28 11:14:36,23.93,15400,23.95,D
sz002517,恺英网络,2025-10-28 11:15:15,23.89,11400,23.9,D
sz002517,恺英网络,2025-10-28 11:15:18,23.89,11800,23.89,D
sz002517,恺英网络,2025-10-28 11:15:24,23.89,13000,23.89,D
sz002517,恺英网络,2025-10-28 11:15:27,23.89,18600,23.89,D
sz002517,恺英网络,2025-10-28 11:15:30,23.88,12500,23.89,D
sz002517,恺英网络,2025-10-28 11:15:36,23.88,12900,23.88,D
sz002517,恺英网络,2025-10-28 11:15:39,23.87,21600,23.88,D
sz002517,恺英网络,2025-10-28 11:15:42,23.86,15000,23.87,D
sz002517,恺英网络,2025-10-28 11:16:18,23.87,57400,23.87,D
sz002517,恺英网络,2025-10-28 11:16:21,23.87,21100,23.87,D
sz002517,恺英网络,2025-10-28 11:16:27,23.87,10700,23.89,D
sz002517,恺英网络,2025-10-28 11:16:30,23.89,16200,23.87,U
sz002517,恺英网络,2025-10-28 11:16:36,23.87,9100,23.88,D
sz002517,恺英网络,2025-10-28 11:16:39,23.91,66600,23.87,U
sz002517,恺英网络,2025-10-28 11:16:42,23.87,12600,23.91,D
sz002517,恺英网络,2025-10-28 11:16:48,23.91,37600,23.9,U
sz002517,恺英网络,2025-10-28 11:16:54,23.91,27300,23.91,U
sz002517,恺英网络,2025-10-28 11:16:57,23.88,13900,23.91,D
sz002517,恺英网络,2025-10-28 11:17:00,23.92,53000,23.88,E
sz002517,恺英网络,2025-10-28 11:17:03,23.93,8500,23.92,U
sz002517,恺英网络,2025-10-28 11:17:09,23.91,51600,23.93,D
sz002517,恺英网络,2025-10-28 11:17:12,23.91,20700,23.91,U
sz002517,恺英网络,2025-10-28 11:17:18,23.93,12800,23.94,U
sz002517,恺英网络,2025-10-28 11:17:27,23.94,10500,23.9,U
sz002517,恺英网络,2025-10-28 11:17:30,23.89,9000,23.94,D
sz002517,恺英网络,2025-10-28 11:17:36,23.89,10300,23.9,D
sz002517,恺英网络,2025-10-28 11:17:42,23.9,8800,23.89,D
sz002517,恺英网络,2025-10-28 11:17:51,23.89,11600,23.9,D
sz002517,恺英网络,2025-10-28 11:18:09,23.9,48900,23.9,U
sz002517,恺英网络,2025-10-28 11:18:12,23.93,13300,23.9,U
sz002517,恺英网络,2025-10-28 11:18:15,23.91,9200,23.93,D
sz002517,恺英网络,2025-10-28 11:19:03,23.95,14800,23.95,U
sz002517,恺英网络,2025-10-28 11:19:06,23.95,11300,23.95,U
sz002517,恺英网络,2025-10-28 11:19:12,23.95,17500,23.94,U
sz002517,恺英网络,2025-10-28 11:19:15,23.95,12300,23.95,U
sz002517,恺英网络,2025-10-28 11:19:21,23.93,9800,23.94,E
sz002517,恺英网络,2025-10-28 11:19:27,23.9,8400,23.91,D
sz002517,恺英网络,2025-10-28 11:19:51,23.93,9600,23.9,U
sz002517,恺英网络,2025-10-28 11:20:00,23.89,15200,23.9,D
sz002517,恺英网络,2025-10-28 11:20:03,23.89,19400,23.89,D
sz002517,恺英网络,2025-10-28 11:20:09,23.88,8700,23.88,D
sz002517,恺英网络,2025-10-28 11:20:30,23.9,35800,23.89,U
sz002517,恺英网络,2025-10-28 11:20:33,23.93,12900,23.9,U
sz002517,恺英网络,2025-10-28 11:21:00,23.9,13400,23.92,D
sz002517,恺英网络,2025-10-28 11:21:06,23.91,37300,23.9,E
sz002517,恺英网络,2025-10-28 11:21:09,23.92,12500,23.91,U
sz002517,恺英网络,2025-10-28 11:21:18,23.9,17300,23.92,D
sz002517,恺英网络,2025-10-28 11:21:30,23.89,20400,23.9,D
sz002517,恺英网络,2025-10-28 11:21:36,23.9,9900,23.9,U
sz002517,恺英网络,2025-10-28 11:22:03,23.92,29000,23.9,U
sz002517,恺英网络,2025-10-28 11:22:06,23.89,16500,23.92,D
sz002517,恺英网络,2025-10-28 11:22:36,23.93,13300,23.93,U
sz002517,恺英网络,2025-10-28 11:22:39,23.93,14100,23.93,U
sz002517,恺英网络,2025-10-28 11:22:48,23.94,14000,23.93,U
sz002517,恺英网络,2025-10-28 11:22:57,23.95,16300,23.94,U
sz002517,恺英网络,2025-10-28 11:23:12,23.97,10000,23.97,D
sz002517,恺英网络,2025-10-28 11:23:33,23.95,26800,23.97,D
sz002517,恺英网络,2025-10-28 11:23:36,23.94,16200,23.95,D
sz002517,恺英网络,2025-10-28 11:23:42,23.94,11900,23.94,D
sz002517,恺英网络,2025-10-28 11:24:24,23.98,51200,23.98,U
sz002517,恺英网络,2025-10-28 11:24:27,23.99,17400,23.98,U
sz002517,恺英网络,2025-10-28 11:24:33,23.99,8700,23.99,D
sz002517,恺英网络,2025-10-28 11:24:48,23.97,9900,23.99,D
sz002517,恺英网络,2025-10-28 11:25:00,23.97,16800,23.99,D
sz002517,恺英网络,2025-10-28 11:25:24,23.96,34100,23.96,D
sz002517,恺英网络,2025-10-28 11:25:27,23.96,9800,23.96,U
sz002517,恺英网络,2025-10-28 11:25:30,23.95,29300,23.96,D
sz002517,恺英网络,2025-10-28 11:25:51,23.98,8800,23.98,D
sz002517,恺英网络,2025-10-28 11:27:30,23.96,19200,23.99,D
sz002517,恺英网络,2025-10-28 11:27:33,23.96,13100,23.96,U
sz002517,恺英网络,2025-10-28 11:27:51,23.95,11000,23.96,D
sz002517,恺英网络,2025-10-28 11:28:06,23.93,10700,23.94,D
sz002517,恺英网络,2025-10-28 11:28:21,23.94,8900,23.94,U
sz002517,恺英网络,2025-10-28 11:28:27,23.9,50800,23.93,D
sz002517,恺英网络,2025-10-28 11:28:30,23.91,13800,23.9,D
sz002517,恺英网络,2025-10-28 11:28:33,23.91,57400,23.91,D
sz002517,恺英网络,2025-10-28 11:28:36,23.99,33300,23.91,U
sz002517,恺英网络,2025-10-28 11:28:42,23.99,30600,23.91,U
sz002517,恺英网络,2025-10-28 11:28:48,23.92,30200,23.94,D
sz002517,恺英网络,2025-10-28 11:28:51,23.93,30300,23.92,U
sz002517,恺英网络,2025-10-28 11:28:54,24.0,35000,23.93,U
sz002517,恺英网络,2025-10-28 11:29:00,24.0,36300,23.93,U
sz002517,恺英网络,2025-10-28 11:29:03,24.0,63300,24.0,U
sz002517,恺英网络,2025-10-28 11:29:09,23.92,27600,23.94,D
sz002517,恺英网络,2025-10-28 11:29:15,23.91,12000,23.94,D
sz002517,恺英网络,2025-10-28 11:29:24,23.9,31000,23.9,U
sz002517,恺英网络,2025-10-28 13:00:00,23.89,51600,23.89,D
sz002517,恺英网络,2025-10-28 13:00:03,23.9,26400,23.89,E
sz002517,恺英网络,2025-10-28 13:00:06,23.9,26500,23.9,D
sz002517,恺英网络,2025-10-28 13:00:15,23.91,34800,23.92,D
sz002517,恺英网络,2025-10-28 13:00:21,23.9,10200,23.9,D
sz002517,恺英网络,2025-10-28 13:00:27,23.9,27700,23.89,U
sz002517,恺英网络,2025-10-28 13:00:39,23.89,17000,23.89,D
sz002517,恺英网络,2025-10-28 13:00:48,23.89,22400,23.89,D
sz002517,恺英网络,2025-10-28 13:01:12,23.9,8500,23.89,U
sz002517,恺英网络,2025-10-28 13:01:15,23.89,11500,23.9,D
sz002517,恺英网络,2025-10-28 13:01:33,23.87,58000,23.89,D
sz002517,恺英网络,2025-10-28 13:01:36,23.86,10600,23.87,D
sz002517,恺英网络,2025-10-28 13:01:39,23.86,11800,23.86,D
sz002517,恺英网络,2025-10-28 13:02:03,23.85,10300,23.85,D
sz002517,恺英网络,2025-10-28 13:02:42,23.84,34400,23.84,U
sz002517,恺英网络,2025-10-28 13:02:45,23.86,11500,23.84,U
sz002517,恺英网络,2025-10-28 13:03:21,23.86,13100,23.87,D
sz002517,恺英网络,2025-10-28 13:03:42,23.87,14100,23.87,D
sz002517,恺英网络,2025-10-28 13:03:45,23.88,20200,23.87,U
sz002517,恺英网络,2025-10-28 13:03:51,23.87,9300,23.89,D
sz002517,恺英网络,2025-10-28 13:04:00,23.91,16000,23.89,U
sz002517,恺英网络,2025-10-28 13:04:06,23.92,8900,23.91,E
sz002517,恺英网络,2025-10-28 13:04:21,23.91,11000,23.9,U
sz002517,恺英网络,2025-10-28 13:04:36,23.88,11700,23.9,D
sz002517,恺英网络,2025-10-28 13:04:42,23.87,10500,23.87,D
sz002517,恺英网络,2025-10-28 13:04:45,23.87,12900,23.87,U
sz002517,恺英网络,2025-10-28 13:05:00,23.86,18600,23.87,D
sz002517,恺英网络,2025-10-28 13:05:12,23.84,13800,23.85,D
sz002517,恺英网络,2025-10-28 13:05:18,23.83,15600,23.85,D
sz002517,恺英网络,2025-10-28 13:05:24,23.84,12200,23.83,U
sz002517,恺英网络,2025-10-28 13:05:42,23.84,9700,23.85,D
sz002517,恺英网络,2025-10-28 13:05:45,23.84,18800,23.84,U
sz002517,恺英网络,2025-10-28 13:05:57,23.83,12000,23.84,D
sz002517,恺英网络,2025-10-28 13:06:27,23.84,10700,23.82,U
sz002517,恺英网络,2025-10-28 13:06:30,23.84,23300,23.84,U
sz002517,恺英网络,2025-10-28 13:06:33,23.86,17700,23.84,U
sz002517,恺英网络,2025-10-28 13:06:36,23.86,10700,23.86,U
sz002517,恺英网络,2025-10-28 13:07:45,23.85,14400,23.84,U
sz002517,恺英网络,2025-10-28 13:07:48,23.84,19100,23.85,D
sz002517,恺英网络,2025-10-28 13:08:03,23.84,14200,23.84,D
sz002517,恺英网络,2025-10-28 13:08:09,23.84,15400,23.84,U
sz002517,恺英网络,2025-10-28 13:08:12,23.84,13200,23.84,U
sz002517,恺英网络,2025-10-28 13:08:18,23.86,12500,23.85,U
sz002517,恺英网络,2025-10-28 13:09:12,23.88,10600,23.88,D
sz002517,恺英网络,2025-10-28 13:09:21,23.87,15900,23.87,D
sz002517,恺英网络,2025-10-28 13:09:27,23.87,10700,23.87,U
sz002517,恺英网络,2025-10-28 13:09:39,23.85,11900,23.85,D
sz002517,恺英网络,2025-10-28 13:09:45,23.86,12600,23.85,E
sz002517,恺英网络,2025-10-28 13:09:51,23.85,10600,23.86,D
sz002517,恺英网络,2025-10-28 13:10:21,23.85,9000,23.85,U
sz002517,恺英网络,2025-10-28 13:10:30,23.84,20300,23.84,D
sz002517,恺英网络,2025-10-28 13:10:42,23.84,11600,23.83,U
sz002517,恺英网络,2025-10-28 13:10:45,23.84,21900,23.84,U
sz002517,恺英网络,2025-10-28 13:11:06,23.83,9600,23.84,D
sz002517,恺英网络,2025-10-28 13:11:18,23.83,36600,23.84,D
sz002517,恺英网络,2025-10-28 13:11:27,23.83,13200,23.83,U
sz002517,恺英网络,2025-10-28 13:11:42,23.82,10400,23.82,D
sz002517,恺英网络,2025-10-28 13:11:45,23.87,25900,23.82,U
sz002517,恺英网络,2025-10-28 13:11:48,23.86,10300,23.87,E
sz002517,恺英网络,2025-10-28 13:12:06,23.82,22600,23.85,D
sz002517,恺英网络,2025-10-28 13:13:12,23.83,35800,23.85,D
sz002517,恺英网络,2025-10-28 13:13:21,23.86,8700,23.84,U
sz002517,恺英网络,2025-10-28 13:13:24,23.84,16800,23.86,D
sz002517,恺英网络,2025-10-28 13:14:42,23.84,9000,23.84,U
sz002517,恺英网络,2025-10-28 13:15:00,23.85,18800,23.85,U
sz002517,恺英网络,2025-10-28 13:15:06,23.85,21600,23.85,U
sz002517,恺英网络,2025-10-28 13:15:09,23.87,11600,23.85,U
sz002517,恺英网络,2025-10-28 13:15:15,23.87,17800,23.86,U
sz002517,恺英网络,2025-10-28 13:15:24,23.89,11300,23.87,U
sz002517,恺英网络,2025-10-28 13:15:30,23.9,12700,23.89,U
sz002517,恺英网络,2025-10-28 13:15:33,23.9,11700,23.9,D
sz002517,恺英网络,2025-10-28 13:15:51,23.88,19200,23.89,D
sz002517,恺英网络,2025-10-28 13:16:21,23.88,12100,23.87,U
sz002517,恺英网络,2025-10-28 13:16:24,23.87,8400,23.88,E
sz002517,恺英网络,2025-10-28 13:16:42,23.86,11200,23.86,U
sz002517,恺英网络,2025-10-28 13:17:51,23.87,10500,23.89,D
sz002517,恺英网络,2025-10-28 13:17:54,23.87,49600,23.87,D
sz002517,恺英网络,2025-10-28 13:17:57,23.87,12400,23.87,U
sz002517,恺英网络,2025-10-28 13:18:12,23.85,8700,23.85,D
sz002517,恺英网络,2025-10-28 13:18:27,23.86,12500,23.86,U
sz002517,恺英网络,2025-10-28 13:18:30,23.86,14600,23.86,D
sz002517,恺英网络,2025-10-28 13:18:33,23.86,25500,23.86,D
sz002517,恺英网络,2025-10-28 13:18:51,23.88,11100,23.87,U
sz002517,恺英网络,2025-10-28 13:18:57,23.89,9800,23.88,E
sz002517,恺英网络,2025-10-28 13:19:24,23.91,16200,23.9,U
sz002517,恺英网络,2025-10-28 13:20:06,23.91,8900,23.91,D
sz002517,恺英网络,2025-10-28 13:20:09,23.9,32800,23.91,D
sz002517,恺英网络,2025-10-28 13:20:45,23.88,46800,23.9,D
sz002517,恺英网络,2025-10-28 13:20:48,23.86,21400,23.88,D
sz002517,恺英网络,2025-10-28 13:20:51,23.88,11000,23.86,U
sz002517,恺英网络,2025-10-28 13:20:54,23.86,13600,23.88,D
sz002517,恺英网络,2025-10-28 13:20:57,23.87,21000,23.86,D
sz002517,恺英网络,2025-10-28 13:21:00,23.87,21900,23.87,D
sz002517,恺英网络,2025-10-28 13:21:03,23.87,44300,23.87,D
sz002517,恺英网络,2025-10-28 13:21:06,23.87,9800,23.87,D
sz002517,恺英网络,2025-10-28 13:21:39,23.89,21700,23.89,D
sz002517,恺英网络,2025-10-28 13:21:42,23.87,28300,23.89,D
sz002517,恺英网络,2025-10-28 13:21:45,23.86,19800,23.87,D
sz002517,恺英网络,2025-10-28 13:22:03,23.85,13800,23.85,U
sz002517,恺英网络,2025-10-28 13:22:18,23.85,23300,23.84,U
sz002517,恺英网络,2025-10-28 13:22:42,23.86,21700,23.86,D
sz002517,恺英网络,2025-10-28 13:23:09,23.86,13600,23.86,U
sz002517,恺英网络,2025-10-28 13:23:21,23.84,9200,23.84,D
sz002517,恺英网络,2025-10-28 13:23:24,23.82,54000,23.84,D
sz002517,恺英网络,2025-10-28 13:23:27,23.82,18900,23.82,D
sz002517,恺英网络,2025-10-28 13:23:30,23.82,8500,23.82,D
sz002517,恺英网络,2025-10-28 13:23:39,23.82,19700,23.82,D
sz002517,恺英网络,2025-10-28 13:23:42,23.81,10800,23.82,D
sz002517,恺英网络,2025-10-28 13:23:45,23.83,27800,23.81,U
sz002517,恺英网络,2025-10-28 13:23:51,23.81,27700,23.82,D
sz002517,恺英网络,2025-10-28 13:23:57,23.83,11100,23.82,U
sz002517,恺英网络,2025-10-28 13:24:06,23.83,10100,23.82,U
sz002517,恺英网络,2025-10-28 13:24:12,23.82,8400,23.83,D
sz002517,恺英网络,2025-10-28 13:24:36,23.81,14300,23.82,D
sz002517,恺英网络,2025-10-28 13:24:57,23.82,46800,23.83,D
sz002517,恺英网络,2025-10-28 13:25:00,23.81,21200,23.82,D
sz002517,恺英网络,2025-10-28 13:25:03,23.81,9400,23.81,D
sz002517,恺英网络,2025-10-28 13:25:06,23.82,9500,23.81,U
sz002517,恺英网络,2025-10-28 13:25:12,23.81,34900,23.82,D
sz002517,恺英网络,2025-10-28 13:25:15,23.81,24400,23.81,D
sz002517,恺英网络,2025-10-28 13:25:18,23.81,21900,23.81,D
sz002517,恺英网络,2025-10-28 13:25:21,23.8,12900,23.81,D
sz002517,恺英网络,2025-10-28 13:25:24,23.8,8700,23.8,D
sz002517,恺英网络,2025-10-28 13:25:33,23.81,8900,23.8,U
sz002517,恺英网络,2025-10-28 13:25:45,23.81,23800,23.8,U
sz002517,恺英网络,2025-10-28 13:25:48,23.8,9400,23.81,D
sz002517,恺英网络,2025-10-28 13:26:03,23.8,22500,23.81,D
sz002517,恺英网络,2025-10-28 13:26:06,23.8,23900,23.8,D
sz002517,恺英网络,2025-10-28 13:26:09,23.8,38900,23.8,D
sz002517,恺英网络,2025-10-28 13:26:12,23.8,59400,23.8,D
sz002517,恺英网络,2025-10-28 13:26:15,23.8,43700,23.8,D
sz002517,恺英网络,2025-10-28 13:26:18,23.8,24600,23.8,D
sz002517,恺英网络,2025-10-28 13:26:21,23.81,14200,23.8,U
sz002517,恺英网络,2025-10-28 13:26:24,23.8,16000,23.81,D
sz002517,恺英网络,2025-10-28 13:26:27,23.8,21400,23.8,D
sz002517,恺英网络,2025-10-28 13:26:30,23.8,27500,23.8,D
sz002517,恺英网络,2025-10-28 13:26:36,23.8,9100,23.8,D
sz002517,恺英网络,2025-10-28 13:26:39,23.8,22600,23.8,D
sz002517,恺英网络,2025-10-28 13:26:42,23.79,9900,23.8,D
sz002517,恺英网络,2025-10-28 13:26:45,23.79,8800,23.79,D
sz002517,恺英网络,2025-10-28 13:26:48,23.78,22300,23.79,D
sz002517,恺英网络,2025-10-28 13:26:54,23.78,10800,23.8,D
sz002517,恺英网络,2025-10-28 13:27:09,23.77,10100,23.78,D
sz002517,恺英网络,2025-10-28 13:27:33,23.78,16700,23.78,U
sz002517,恺英网络,2025-10-28 13:27:36,23.77,24700,23.78,D
sz002517,恺英网络,2025-10-28 13:27:39,23.76,9300,23.77,D
sz002517,恺英网络,2025-10-28 13:27:45,23.77,37200,23.76,U
sz002517,恺英网络,2025-10-28 13:27:48,23.77,19900,23.77,D
sz002517,恺英网络,2025-10-28 13:27:51,23.77,8900,23.77,D
sz002517,恺英网络,2025-10-28 13:28:18,23.77,14100,23.79,D
sz002517,恺英网络,2025-10-28 13:28:21,23.77,32000,23.77,D
sz002517,恺英网络,2025-10-28 13:28:24,23.78,16300,23.77,E
sz002517,恺英网络,2025-10-28 13:28:27,23.78,13100,23.78,U
sz002517,恺英网络,2025-10-28 13:28:36,23.78,14100,23.77,U
sz002517,恺英网络,2025-10-28 13:28:54,23.76,15800,23.76,D
sz002517,恺英网络,2025-10-28 13:28:57,23.75,9900,23.76,D
sz002517,恺英网络,2025-10-28 13:29:00,23.75,10300,23.75,D
sz002517,恺英网络,2025-10-28 13:29:03,23.75,12000,23.75,D
sz002517,恺英网络,2025-10-28 13:29:06,23.76,17500,23.75,U
sz002517,恺英网络,2025-10-28 13:29:09,23.75,17800,23.76,D
sz002517,恺英网络,2025-10-28 13:29:12,23.76,16600,23.75,U
sz002517,恺英网络,2025-10-28 13:29:15,23.77,166600,23.76,U
sz002517,恺英网络,2025-10-28 13:29:18,23.77,75100,23.77,E
sz002517,恺英网络,2025-10-28 13:29:21,23.73,27100,23.77,D
sz002517,恺英网络,2025-10-28 13:29:24,23.75,11900,23.73,D
sz002517,恺英网络,2025-10-28 13:29:27,23.76,14900,23.75,U
sz002517,恺英网络,2025-10-28 13:29:30,23.75,34000,23.76,U
sz002517,恺英网络,2025-10-28 13:29:33,23.73,12300,23.75,D
sz002517,恺英网络,2025-10-28 13:29:36,23.73,14000,23.73,D
sz002517,恺英网络,2025-10-28 13:29:39,23.72,29400,23.73,D
sz002517,恺英网络,2025-10-28 13:29:42,23.72,31700,23.72,D
sz002517,恺英网络,2025-10-28 13:29:45,23.74,26100,23.72,U
sz002517,恺英网络,2025-10-28 13:29:48,23.7,63100,23.74,D
sz002517,恺英网络,2025-10-28 13:29:51,23.7,43900,23.7,D
sz002517,恺英网络,2025-10-28 13:29:54,23.72,9600,23.7,D
sz002517,恺英网络,2025-10-28 13:29:57,23.74,10100,23.72,U
sz002517,恺英网络,2025-10-28 13:30:00,23.75,8600,23.74,U
sz002517,恺英网络,2025-10-28 13:30:03,23.73,35900,23.75,D
sz002517,恺英网络,2025-10-28 13:30:18,23.74,34800,23.73,U
sz002517,恺英网络,2025-10-28 13:30:21,23.75,13700,23.74,D
sz002517,恺英网络,2025-10-28 13:30:24,23.74,12200,23.75,D
sz002517,恺英网络,2025-10-28 13:30:27,23.74,14700,23.74,D
sz002517,恺英网络,2025-10-28 13:30:30,23.74,16000,23.74,D
sz002517,恺英网络,2025-10-28 13:30:33,23.74,14000,23.74,D
sz002517,恺英网络,2025-10-28 13:30:36,23.75,12500,23.74,U
sz002517,恺英网络,2025-10-28 13:30:39,23.74,8500,23.75,D
sz002517,恺英网络,2025-10-28 13:30:45,23.74,16000,23.74,D
sz002517,恺英网络,2025-10-28 13:30:57,23.73,14700,23.72,U
sz002517,恺英网络,2025-10-28 13:31:24,23.71,44700,23.72,D
sz002517,恺英网络,2025-10-28 13:31:27,23.7,31200,23.71,D
sz002517,恺英网络,2025-10-28 13:31:30,23.7,11100,23.7,D
sz002517,恺英网络,2025-10-28 13:31:33,23.7,35300,23.7,D
sz002517,恺英网络,2025-10-28 13:31:45,23.7,30000,23.7,D
sz002517,恺英网络,2025-10-28 13:31:48,23.69,11900,23.7,D
sz002517,恺英网络,2025-10-28 13:31:57,23.69,16200,23.7,D
sz002517,恺英网络,2025-10-28 13:32:00,23.7,35700,23.69,U
sz002517,恺英网络,2025-10-28 13:32:03,23.68,32500,23.7,D
sz002517,恺英网络,2025-10-28 13:32:06,23.69,13800,23.68,D
sz002517,恺英网络,2025-10-28 13:32:12,23.68,10900,23.68,D
sz002517,恺英网络,2025-10-28 13:32:15,23.68,24200,23.68,D
sz002517,恺英网络,2025-10-28 13:32:18,23.68,15300,23.68,U
sz002517,恺英网络,2025-10-28 13:32:21,23.68,16800,23.68,U
sz002517,恺英网络,2025-10-28 13:32:24,23.68,35100,23.68,D
sz002517,恺英网络,2025-10-28 13:32:27,23.67,14100,23.68,D
sz002517,恺英网络,2025-10-28 13:32:30,23.66,23000,23.67,D
sz002517,恺英网络,2025-10-28 13:32:33,23.66,47900,23.66,D
sz002517,恺英网络,2025-10-28 13:32:36,23.65,14500,23.66,D
sz002517,恺英网络,2025-10-28 13:32:45,23.66,15800,23.65,U
sz002517,恺英网络,2025-10-28 13:32:51,23.67,45900,23.66,U
sz002517,恺英网络,2025-10-28 13:32:54,23.66,27500,23.67,D
sz002517,恺英网络,2025-10-28 13:32:57,23.7,24400,23.66,U
sz002517,恺英网络,2025-10-28 13:33:00,23.69,22800,23.7,D
sz002517,恺英网络,2025-10-28 13:33:03,23.69,25400,23.69,U
sz002517,恺英网络,2025-10-28 13:33:12,23.71,18300,23.69,U
sz002517,恺英网络,2025-10-28 13:33:15,23.71,18800,23.71,U
sz002517,恺英网络,2025-10-28 13:33:24,23.72,17600,23.71,E
sz002517,恺英网络,2025-10-28 13:33:33,23.72,9400,23.72,U
sz002517,恺英网络,2025-10-28 13:33:45,23.72,13100,23.72,D
sz002517,恺英网络,2025-10-28 13:33:54,23.72,16600,23.71,U
sz002517,恺英网络,2025-10-28 13:33:57,23.71,21100,23.72,D
sz002517,恺英网络,2025-10-28 13:34:03,23.7,15400,23.71,D
sz002517,恺英网络,2025-10-28 13:34:21,23.68,16200,23.7,D
sz002517,恺英网络,2025-10-28 13:34:33,23.68,13900,23.68,U
sz002517,恺英网络,2025-10-28 13:34:42,23.68,10200,23.68,D
sz002517,恺英网络,2025-10-28 13:34:57,23.68,9400,23.68,U
sz002517,恺英网络,2025-10-28 13:35:03,23.66,11800,23.67,D
sz002517,恺英网络,2025-10-28 13:35:15,23.66,15200,23.66,D
sz002517,恺英网络,2025-10-28 13:35:24,23.65,14400,23.66,D
sz002517,恺英网络,2025-10-28 13:35:36,23.64,68000,23.64,D
sz002517,恺英网络,2025-10-28 13:35:39,23.64,19900,23.64,U
sz002517,恺英网络,2025-10-28 13:35:42,23.64,27400,23.64,U
sz002517,恺英网络,2025-10-28 13:35:45,23.64,26100,23.64,D
sz002517,恺英网络,2025-10-28 13:35:48,23.63,42100,23.64,D
sz002517,恺英网络,2025-10-28 13:35:51,23.63,15200,23.63,D
sz002517,恺英网络,2025-10-28 13:35:54,23.62,18400,23.63,D
sz002517,恺英网络,2025-10-28 13:35:57,23.62,62700,23.62,U
sz002517,恺英网络,2025-10-28 13:36:00,23.62,17600,23.62,D
sz002517,恺英网络,2025-10-28 13:36:03,23.6,25900,23.62,D
sz002517,恺英网络,2025-10-28 13:36:06,23.6,48300,23.6,D
sz002517,恺英网络,2025-10-28 13:36:09,23.59,9700,23.6,D
sz002517,恺英网络,2025-10-28 13:36:15,23.6,23400,23.59,U
sz002517,恺英网络,2025-10-28 13:36:18,23.61,87800,23.6,U
sz002517,恺英网络,2025-10-28 13:36:21,23.61,40300,23.61,D
sz002517,恺英网络,2025-10-28 13:36:24,23.6,10500,23.61,D
sz002517,恺英网络,2025-10-28 13:36:33,23.6,35700,23.59,U
sz002517,恺英网络,2025-10-28 13:36:36,23.59,34500,23.6,D
sz002517,恺英网络,2025-10-28 13:36:39,23.59,18500,23.59,U
sz002517,恺英网络,2025-10-28 13:36:42,23.59,14500,23.59,U
sz002517,恺英网络,2025-10-28 13:36:45,23.58,19900,23.59,D
sz002517,恺英网络,2025-10-28 13:36:48,23.58,9500,23.58,U
sz002517,恺英网络,2025-10-28 13:36:51,23.57,10600,23.58,D
sz002517,恺英网络,2025-10-28 13:36:54,23.58,17000,23.57,U
sz002517,恺英网络,2025-10-28 13:37:03,23.57,12500,23.58,D
sz002517,恺英网络,2025-10-28 13:37:06,23.58,9500,23.57,U
sz002517,恺英网络,2025-10-28 13:37:12,23.58,16300,23.58,U
sz002517,恺英网络,2025-10-28 13:37:15,23.58,15100,23.58,U
sz002517,恺英网络,2025-10-28 13:37:21,23.57,22700,23.57,D
sz002517,恺英网络,2025-10-28 13:37:24,23.59,38900,23.57,U
sz002517,恺英网络,2025-10-28 13:37:27,23.59,11100,23.59,D
sz002517,恺英网络,2025-10-28 13:37:30,23.6,9100,23.59,E
sz002517,恺英网络,2025-10-28 13:37:39,23.62,15200,23.61,U
sz002517,恺英网络,2025-10-28 13:37:48,23.55,58000,23.6,D
sz002517,恺英网络,2025-10-28 13:37:51,23.58,15800,23.55,D
sz002517,恺英网络,2025-10-28 13:37:54,23.57,25600,23.58,D
sz002517,恺英网络,2025-10-28 13:38:03,23.58,24600,23.57,U
sz002517,恺英网络,2025-10-28 13:38:06,23.6,11700,23.58,U
sz002517,恺英网络,2025-10-28 13:38:18,23.58,72700,23.58,D
sz002517,恺英网络,2025-10-28 13:38:21,23.58,15800,23.58,E
sz002517,恺英网络,2025-10-28 13:38:24,23.59,21400,23.58,U
sz002517,恺英网络,2025-10-28 13:38:33,23.57,14900,23.57,D
sz002517,恺英网络,2025-10-28 13:38:39,23.56,10800,23.56,D
sz002517,恺英网络,2025-10-28 13:38:42,23.55,11700,23.56,D
sz002517,恺英网络,2025-10-28 13:39:03,23.56,21100,23.57,D
sz002517,恺英网络,2025-10-28 13:39:12,23.55,14400,23.56,D
sz002517,恺英网络,2025-10-28 13:39:18,23.56,17500,23.55,U
sz002517,恺英网络,2025-10-28 13:39:21,23.55,15300,23.56,D
sz002517,恺英网络,2025-10-28 13:39:24,23.55,21000,23.55,U
sz002517,恺英网络,2025-10-28 13:39:30,23.54,18400,23.55,D
sz002517,恺英网络,2025-10-28 13:39:36,23.54,30100,23.54,D
sz002517,恺英网络,2025-10-28 13:39:39,23.56,11900,23.54,U
sz002517,恺英网络,2025-10-28 13:39:42,23.54,11300,23.56,D
sz002517,恺英网络,2025-10-28 13:39:45,23.54,16500,23.54,D
sz002517,恺英网络,2025-10-28 13:39:48,23.53,10900,23.54,D
sz002517,恺英网络,2025-10-28 13:39:54,23.55,35700,23.54,U
sz002517,恺英网络,2025-10-28 13:39:57,23.55,29600,23.55,U
sz002517,恺英网络,2025-10-28 13:40:03,23.55,11200,23.54,U
sz002517,恺英网络,2025-10-28 13:40:06,23.54,14100,23.55,D
sz002517,恺英网络,2025-10-28 13:40:09,23.54,9800,23.54,D
sz002517,恺英网络,2025-10-28 13:40:18,23.56,20700,23.54,U
sz002517,恺英网络,2025-10-28 13:40:33,23.58,16000,23.58,U
sz002517,恺英网络,2025-10-28 13:40:39,23.58,9800,23.58,U
sz002517,恺英网络,2025-10-28 13:40:42,23.57,9700,23.58,D
sz002517,恺英网络,2025-10-28 13:40:45,23.57,31300,23.57,D
sz002517,恺英网络,2025-10-28 13:41:06,23.56,17900,23.56,D
sz002517,恺英网络,2025-10-28 13:41:09,23.55,10300,23.56,D
sz002517,恺英网络,2025-10-28 13:41:15,23.55,38900,23.55,U
sz002517,恺英网络,2025-10-28 13:41:18,23.55,46400,23.55,D
sz002517,恺英网络,2025-10-28 13:41:21,23.56,16300,23.55,U
sz002517,恺英网络,2025-10-28 13:41:33,23.55,11200,23.55,U
sz002517,恺英网络,2025-10-28 13:41:36,23.55,9600,23.55,U
sz002517,恺英网络,2025-10-28 13:41:51,23.54,10500,23.55,D
sz002517,恺英网络,2025-10-28 13:41:54,23.54,17400,23.54,D
sz002517,恺英网络,2025-10-28 13:41:57,23.59,25900,23.54,U
sz002517,恺英网络,2025-10-28 13:42:00,23.59,54200,23.59,U
sz002517,恺英网络,2025-10-28 13:42:03,23.56,19200,23.59,D
sz002517,恺英网络,2025-10-28 13:42:09,23.56,18200,23.58,D
sz002517,恺英网络,2025-10-28 13:42:12,23.55,24700,23.56,D
sz002517,恺英网络,2025-10-28 13:42:15,23.59,20800,23.55,U
sz002517,恺英网络,2025-10-28 13:42:18,23.55,10300,23.59,D
sz002517,恺英网络,2025-10-28 13:42:21,23.58,12700,23.55,U
sz002517,恺英网络,2025-10-28 13:42:30,23.55,31800,23.57,D
sz002517,恺英网络,2025-10-28 13:42:33,23.55,9300,23.55,U
sz002517,恺英网络,2025-10-28 13:42:39,23.55,13000,23.54,U
sz002517,恺英网络,2025-10-28 13:42:45,23.55,8500,23.54,U
sz002517,恺英网络,2025-10-28 13:42:57,23.54,15100,23.53,U
sz002517,恺英网络,2025-10-28 13:43:00,23.53,12500,23.54,D
sz002517,恺英网络,2025-10-28 13:43:03,23.53,11000,23.53,D
sz002517,恺英网络,2025-10-28 13:43:18,23.53,14700,23.53,U
sz002517,恺英网络,2025-10-28 13:43:24,23.53,9300,23.53,U
sz002517,恺英网络,2025-10-28 13:43:27,23.53,13600,23.53,D
sz002517,恺英网络,2025-10-28 13:43:30,23.53,10100,23.53,U
sz002517,恺英网络,2025-10-28 13:43:48,23.51,11900,23.52,D
sz002517,恺英网络,2025-10-28 13:43:51,23.52,8700,23.51,U
sz002517,恺英网络,2025-10-28 13:43:54,23.51,9800,23.52,D
sz002517,恺英网络,2025-10-28 13:44:00,23.5,51300,23.52,D
sz002517,恺英网络,2025-10-28 13:44:03,23.51,19100,23.5,E
sz002517,恺英网络,2025-10-28 13:44:09,23.52,61200,23.5,U
sz002517,恺英网络,2025-10-28 13:44:12,23.53,66100,23.52,U
sz002517,恺英网络,2025-10-28 13:44:15,23.52,11900,23.53,D
sz002517,恺英网络,2025-10-28 13:44:21,23.52,12300,23.52,U
sz002517,恺英网络,2025-10-28 13:44:27,23.52,14100,23.52,U
sz002517,恺英网络,2025-10-28 13:44:33,23.52,43600,23.51,U
sz002517,恺英网络,2025-10-28 13:44:36,23.53,11600,23.52,U
sz002517,恺英网络,2025-10-28 13:44:54,23.53,196700,23.52,U
sz002517,恺英网络,2025-10-28 13:44:57,23.52,59600,23.53,E
sz002517,恺英网络,2025-10-28 13:45:06,23.53,38000,23.53,U
sz002517,恺英网络,2025-10-28 13:45:09,23.57,9200,23.53,U
sz002517,恺英网络,2025-10-28 13:45:36,23.57,16900,23.56,U
sz002517,恺英网络,2025-10-28 13:45:48,23.56,11100,23.56,U
sz002517,恺英网络,2025-10-28 13:45:57,23.56,9000,23.56,U
sz002517,恺英网络,2025-10-28 13:46:00,23.57,8900,23.56,U
sz002517,恺英网络,2025-10-28 13:46:03,23.59,11500,23.57,U
sz002517,恺英网络,2025-10-28 13:46:09,23.57,20400,23.58,D
sz002517,恺英网络,2025-10-28 13:46:18,23.57,23700,23.59,D
sz002517,恺英网络,2025-10-28 13:46:24,23.57,8900,23.57,E
sz002517,恺英网络,2025-10-28 13:46:30,23.56,20700,23.57,D
sz002517,恺英网络,2025-10-28 13:47:09,23.57,49600,23.56,U
sz002517,恺英网络,2025-10-28 13:47:12,23.59,11400,23.57,U
sz002517,恺英网络,2025-10-28 13:47:15,23.6,11900,23.59,U
sz002517,恺英网络,2025-10-28 13:47:18,23.6,9200,23.6,U
sz002517,恺英网络,2025-10-28 13:47:33,23.6,15000,23.6,U
sz002517,恺英网络,2025-10-28 13:47:45,23.6,9500,23.6,D
sz002517,恺英网络,2025-10-28 13:47:51,23.59,10300,23.6,D
sz002517,恺英网络,2025-10-28 13:47:57,23.6,10600,23.6,E
sz002517,恺英网络,2025-10-28 13:48:03,23.61,10100,23.6,U
sz002517,恺英网络,2025-10-28 13:48:06,23.6,12000,23.61,D
sz002517,恺英网络,2025-10-28 13:48:09,23.6,15400,23.6,D
sz002517,恺英网络,2025-10-28 13:48:12,23.59,11900,23.6,D
sz002517,恺英网络,2025-10-28 13:48:39,23.59,45900,23.61,D
sz002517,恺英网络,2025-10-28 13:48:42,23.59,14300,23.59,U
sz002517,恺英网络,2025-10-28 13:48:45,23.6,24300,23.59,U
sz002517,恺英网络,2025-10-28 13:49:18,23.62,11900,23.62,U
sz002517,恺英网络,2025-10-28 13:49:57,23.63,8900,23.64,D
sz002517,恺英网络,2025-10-28 13:50:00,23.64,12600,23.63,U
sz002517,恺英网络,2025-10-28 13:50:03,23.64,14800,23.64,D
sz002517,恺英网络,2025-10-28 13:50:33,23.65,11900,23.65,D
sz002517,恺英网络,2025-10-28 13:50:36,23.66,9200,23.65,U
sz002517,恺英网络,2025-10-28 13:50:45,23.66,10100,23.66,U
sz002517,恺英网络,2025-10-28 13:51:09,23.65,32700,23.66,D
sz002517,恺英网络,2025-10-28 13:51:18,23.64,31400,23.65,D
sz002517,恺英网络,2025-10-28 13:51:30,23.64,12900,23.64,U
sz002517,恺英网络,2025-10-28 13:51:36,23.64,10500,23.64,D
sz002517,恺英网络,2025-10-28 13:52:12,23.63,22500,23.62,U
sz002517,恺英网络,2025-10-28 13:52:15,23.64,8900,23.63,E
sz002517,恺英网络,2025-10-28 13:52:27,23.68,8600,23.65,U
sz002517,恺英网络,2025-10-28 13:52:33,23.66,17700,23.67,D
sz002517,恺英网络,2025-10-28 13:52:36,23.66,58600,23.66,E
sz002517,恺英网络,2025-10-28 13:52:39,23.64,10800,23.66,D
sz002517,恺英网络,2025-10-28 13:53:03,23.65,65000,23.65,D
sz002517,恺英网络,2025-10-28 13:53:06,23.64,10200,23.65,D
sz002517,恺英网络,2025-10-28 13:54:03,23.69,19000,23.66,U
sz002517,恺英网络,2025-10-28 13:54:18,23.71,12700,23.69,U
sz002517,恺英网络,2025-10-28 13:55:15,23.71,52400,23.71,D
sz002517,恺英网络,2025-10-28 13:55:18,23.71,12400,23.71,U
sz002517,恺英网络,2025-10-28 13:55:33,23.69,20500,23.69,D
sz002517,恺英网络,2025-10-28 13:55:36,23.69,10600,23.69,U
sz002517,恺英网络,2025-10-28 13:55:39,23.67,12000,23.69,D
sz002517,恺英网络,2025-10-28 13:55:42,23.66,13000,23.67,E
sz002517,恺英网络,2025-10-28 13:55:45,23.66,12500,23.66,D
sz002517,恺英网络,2025-10-28 13:55:48,23.66,15400,23.66,D
sz002517,恺英网络,2025-10-28 13:55:51,23.65,10900,23.66,D
sz002517,恺英网络,2025-10-28 13:56:03,23.67,25300,23.63,U
sz002517,恺英网络,2025-10-28 13:56:12,23.63,9600,23.65,D
sz002517,恺英网络,2025-10-28 13:56:27,23.61,13000,23.62,D
sz002517,恺英网络,2025-10-28 13:56:30,23.61,12100,23.61,D
sz002517,恺英网络,2025-10-28 13:56:36,23.61,18900,23.61,U
sz002517,恺英网络,2025-10-28 13:56:48,23.61,9200,23.61,D
sz002517,恺英网络,2025-10-28 13:56:51,23.61,8500,23.61,D
sz002517,恺英网络,2025-10-28 13:56:54,23.61,15800,23.61,D
sz002517,恺英网络,2025-10-28 13:56:57,23.61,9900,23.61,D
sz002517,恺英网络,2025-10-28 13:57:15,23.62,14800,23.62,U
sz002517,恺英网络,2025-10-28 13:57:45,23.64,11800,23.65,D
sz002517,恺英网络,2025-10-28 13:57:51,23.65,44300,23.63,U
sz002517,恺英网络,2025-10-28 13:58:00,23.68,15000,23.65,U
sz002517,恺英网络,2025-10-28 13:58:36,23.68,10400,23.67,U
sz002517,恺英网络,2025-10-28 13:59:06,23.66,14600,23.67,D
sz002517,恺英网络,2025-10-28 13:59:09,23.67,29800,23.66,U
sz002517,恺英网络,2025-10-28 13:59:21,23.68,12300,23.68,U
sz002517,恺英网络,2025-10-28 13:59:24,23.7,20400,23.68,U
sz002517,恺英网络,2025-10-28 13:59:27,23.72,9700,23.7,U
sz002517,恺英网络,2025-10-28 13:59:30,23.75,34300,23.72,U
sz002517,恺英网络,2025-10-28 13:59:51,23.75,18200,23.74,U
sz002517,恺英网络,2025-10-28 13:59:54,23.75,110000,23.75,E
sz002517,恺英网络,2025-10-28 14:00:03,23.73,28700,23.75,D
sz002517,恺英网络,2025-10-28 14:00:09,23.74,10900,23.75,D
sz002517,恺英网络,2025-10-28 14:00:51,23.75,12700,23.75,U
sz002517,恺英网络,2025-10-28 14:01:00,23.76,55700,23.74,U
sz002517,恺英网络,2025-10-28 14:01:03,23.75,52100,23.76,D
sz002517,恺英网络,2025-10-28 14:01:30,23.75,18400,23.74,U
sz002517,恺英网络,2025-10-28 14:01:48,23.76,12500,23.77,D
sz002517,恺英网络,2025-10-28 14:01:54,23.76,8900,23.76,U
sz002517,恺英网络,2025-10-28 14:02:12,23.76,30000,23.78,D
sz002517,恺英网络,2025-10-28 14:02:15,23.77,32100,23.76,U
sz002517,恺英网络,2025-10-28 14:02:18,23.79,14200,23.77,U
sz002517,恺英网络,2025-10-28 14:02:21,23.8,22700,23.79,U
sz002517,恺英网络,2025-10-28 14:03:03,23.78,18300,23.8,D
sz002517,恺英网络,2025-10-28 14:03:24,23.79,14800,23.78,U
sz002517,恺英网络,2025-10-28 14:03:33,23.79,20500,23.8,D
sz002517,恺英网络,2025-10-28 14:03:48,23.79,8600,23.79,U
sz002517,恺英网络,2025-10-28 14:03:51,23.79,8700,23.79,D
sz002517,恺英网络,2025-10-28 14:04:12,23.78,19700,23.78,D
sz002517,恺英网络,2025-10-28 14:04:54,23.77,16300,23.77,D
sz002517,恺英网络,2025-10-28 14:05:15,23.76,14800,23.76,D
sz002517,恺英网络,2025-10-28 14:05:39,23.77,50800,23.75,U
sz002517,恺英网络,2025-10-28 14:05:42,23.77,9200,23.77,D
sz002517,恺英网络,2025-10-28 14:05:54,23.76,20000,23.76,D
sz002517,恺英网络,2025-10-28 14:06:09,23.75,11900,23.75,D
sz002517,恺英网络,2025-10-28 14:06:12,23.74,13300,23.75,D
sz002517,恺英网络,2025-10-28 14:07:06,23.77,51100,23.74,U
sz002517,恺英网络,2025-10-28 14:07:15,23.79,21000,23.77,U
sz002517,恺英网络,2025-10-28 14:07:27,23.79,8900,23.79,D
sz002517,恺英网络,2025-10-28 14:07:42,23.77,30500,23.78,D
sz002517,恺英网络,2025-10-28 14:07:45,23.76,14800,23.77,D
sz002517,恺英网络,2025-10-28 14:08:00,23.74,9200,23.74,D
sz002517,恺英网络,2025-10-28 14:09:00,23.75,12000,23.73,U
sz002517,恺英网络,2025-10-28 14:09:03,23.75,11800,23.75,U
sz002517,恺英网络,2025-10-28 14:09:39,23.77,9000,23.76,U
sz002517,恺英网络,2025-10-28 14:09:54,23.79,57200,23.78,U
sz002517,恺英网络,2025-10-28 14:10:12,23.81,10100,23.79,U
sz002517,恺英网络,2025-10-28 14:10:36,23.78,10200,23.8,D
sz002517,恺英网络,2025-10-28 14:10:48,23.8,11300,23.78,U
sz002517,恺英网络,2025-10-28 14:10:54,23.78,13000,23.8,D
sz002517,恺英网络,2025-10-28 14:11:18,23.79,18700,23.78,U
sz002517,恺英网络,2025-10-28 14:11:21,23.79,8700,23.79,D
sz002517,恺英网络,2025-10-28 14:11:30,23.8,25000,23.79,U
sz002517,恺英网络,2025-10-28 14:12:27,23.8,17900,23.8,D
sz002517,恺英网络,2025-10-28 14:12:42,23.79,12700,23.79,D
sz002517,恺英网络,2025-10-28 14:13:39,23.78,8500,23.78,D
sz002517,恺英网络,2025-10-28 14:14:06,23.74,48200,23.77,D
sz002517,恺英网络,2025-10-28 14:14:15,23.73,13900,23.74,D
sz002517,恺英网络,2025-10-28 14:14:42,23.74,13800,23.76,D
sz002517,恺英网络,2025-10-28 14:14:57,23.78,17800,23.78,U
sz002517,恺英网络,2025-10-28 14:16:24,23.77,16500,23.77,D
sz002517,恺英网络,2025-10-28 14:16:57,23.76,17900,23.76,D
sz002517,恺英网络,2025-10-28 14:17:15,23.75,11000,23.75,D
sz002517,恺英网络,2025-10-28 14:17:27,23.75,11500,23.74,U
sz002517,恺英网络,2025-10-28 14:18:06,23.72,19900,23.73,D
sz002517,恺英网络,2025-10-28 14:18:48,23.72,8500,23.73,D
sz002517,恺英网络,2025-10-28 14:18:51,23.73,15800,23.72,U
sz002517,恺英网络,2025-10-28 14:19:51,23.75,15300,23.73,U
sz002517,恺英网络,2025-10-28 14:20:03,23.75,15292,23.74,U
sz002517,恺英网络,2025-10-28 14:20:18,23.76,45600,23.75,U
sz002517,恺英网络,2025-10-28 14:20:21,23.78,32800,23.76,U
sz002517,恺英网络,2025-10-28 14:20:33,23.79,41200,23.77,U
sz002517,恺英网络,2025-10-28 14:20:36,23.78,9900,23.79,D
sz002517,恺英网络,2025-10-28 14:20:45,23.77,13300,23.78,D
sz002517,恺英网络,2025-10-28 14:21:24,23.75,19400,23.75,D
sz002517,恺英网络,2025-10-28 14:21:33,23.75,9800,23.75,D
sz002517,恺英网络,2025-10-28 14:22:18,23.79,16100,23.75,U
sz002517,恺英网络,2025-10-28 14:23:00,23.8,33600,23.8,U
sz002517,恺英网络,2025-10-28 14:23:12,23.81,14900,23.8,U
sz002517,恺英网络,2025-10-28 14:23:57,23.79,13800,23.79,D
sz002517,恺英网络,2025-10-28 14:24:30,23.79,17400,23.8,D
sz002517,恺英网络,2025-10-28 14:24:33,23.79,8600,23.79,D
sz002517,恺英网络,2025-10-28 14:24:42,23.81,75100,23.81,U
sz002517,恺英网络,2025-10-28 14:25:06,23.81,10600,23.81,D
sz002517,恺英网络,2025-10-28 14:25:24,23.81,9000,23.8,U
sz002517,恺英网络,2025-10-28 14:25:51,23.82,21500,23.82,U
sz002517,恺英网络,2025-10-28 14:26:36,23.83,18300,23.82,U
sz002517,恺英网络,2025-10-28 14:26:42,23.87,27200,23.83,U
sz002517,恺英网络,2025-10-28 14:26:51,23.85,38100,23.84,U
sz002517,恺英网络,2025-10-28 14:26:54,23.83,18000,23.85,D
sz002517,恺英网络,2025-10-28 14:27:09,23.83,17200,23.83,U
sz002517,恺英网络,2025-10-28 14:27:18,23.82,18100,23.82,D
sz002517,恺英网络,2025-10-28 14:27:24,23.83,11800,23.82,U
sz002517,恺英网络,2025-10-28 14:28:03,23.83,14700,23.82,U
sz002517,恺英网络,2025-10-28 14:28:48,23.82,10093,23.81,U
sz002517,恺英网络,2025-10-28 14:29:51,23.81,11600,23.81,D
sz002517,恺英网络,2025-10-28 14:29:57,23.81,16300,23.81,D
sz002517,恺英网络,2025-10-28 14:30:00,23.79,34800,23.81,D
sz002517,恺英网络,2025-10-28 14:30:03,23.79,12200,23.79,D
sz002517,恺英网络,2025-10-28 14:30:06,23.8,118200,23.79,U
sz002517,恺英网络,2025-10-28 14:30:12,23.8,8800,23.8,U
sz002517,恺英网络,2025-10-28 14:30:21,23.81,13600,23.8,U
sz002517,恺英网络,2025-10-28 14:30:30,23.82,22300,23.81,D
sz002517,恺英网络,2025-10-28 14:30:33,23.82,51200,23.82,D
sz002517,恺英网络,2025-10-28 14:31:03,23.81,22500,23.81,D
sz002517,恺英网络,2025-10-28 14:31:24,23.81,42000,23.83,D
sz002517,恺英网络,2025-10-28 14:31:33,23.82,10400,23.8,U
sz002517,恺英网络,2025-10-28 14:32:18,23.81,8400,23.81,D
sz002517,恺英网络,2025-10-28 14:32:39,23.8,76300,23.82,D
sz002517,恺英网络,2025-10-28 14:32:48,23.81,10300,23.79,U
sz002517,恺英网络,2025-10-28 14:33:12,23.79,38800,23.78,U
sz002517,恺英网络,2025-10-28 14:34:09,23.8,36100,23.8,U
sz002517,恺英网络,2025-10-28 14:34:12,23.8,15100,23.8,U
sz002517,恺英网络,2025-10-28 14:34:15,23.8,14000,23.8,U
sz002517,恺英网络,2025-10-28 14:34:39,23.8,22900,23.79,U
sz002517,恺英网络,2025-10-28 14:34:42,23.81,24200,23.8,U
sz002517,恺英网络,2025-10-28 14:34:45,23.81,27900,23.81,D
sz002517,恺英网络,2025-10-28 14:35:12,23.8,10800,23.8,D
sz002517,恺英网络,2025-10-28 14:36:03,23.8,9000,23.8,D
sz002517,恺英网络,2025-10-28 14:36:36,23.81,12900,23.8,U
sz002517,恺英网络,2025-10-28 14:36:51,23.81,8800,23.81,U
sz002517,恺英网络,2025-10-28 14:37:00,23.81,19100,23.8,U
sz002517,恺英网络,2025-10-28 14:37:09,23.82,56000,23.81,U
sz002517,恺英网络,2025-10-28 14:38:27,23.81,17000,23.82,D
sz002517,恺英网络,2025-10-28 14:39:21,23.8,31400,23.81,D
sz002517,恺英网络,2025-10-28 14:39:33,23.8,9700,23.8,D
sz002517,恺英网络,2025-10-28 14:39:36,23.8,9400,23.8,D
sz002517,恺英网络,2025-10-28 14:40:15,23.79,37307,23.8,D
sz002517,恺英网络,2025-10-28 14:40:18,23.8,22200,23.79,U
sz002517,恺英网络,2025-10-28 14:40:30,23.8,9600,23.8,D
sz002517,恺英网络,2025-10-28 14:40:39,23.8,10400,23.81,D
sz002517,恺英网络,2025-10-28 14:41:21,23.79,10500,23.8,D
sz002517,恺英网络,2025-10-28 14:41:24,23.8,11700,23.79,U
sz002517,恺英网络,2025-10-28 14:41:27,23.79,10400,23.8,D
sz002517,恺英网络,2025-10-28 14:41:30,23.8,47200,23.79,U
sz002517,恺英网络,2025-10-28 14:42:09,23.82,18800,23.81,U
sz002517,恺英网络,2025-10-28 14:42:15,23.82,43100,23.81,U
sz002517,恺英网络,2025-10-28 14:42:18,23.82,9700,23.82,D
sz002517,恺英网络,2025-10-28 14:42:30,23.8,15500,23.82,D
sz002517,恺英网络,2025-10-28 14:43:00,23.79,47000,23.8,D
sz002517,恺英网络,2025-10-28 14:43:03,23.8,47907,23.79,U
sz002517,恺英网络,2025-10-28 14:43:42,23.78,12400,23.78,D
sz002517,恺英网络,2025-10-28 14:43:48,23.78,9100,23.78,D
sz002517,恺英网络,2025-10-28 14:43:51,23.78,11000,23.78,D
sz002517,恺英网络,2025-10-28 14:43:54,23.78,14341,23.78,D
sz002517,恺英网络,2025-10-28 14:44:06,23.78,16959,23.78,U
sz002517,恺英网络,2025-10-28 14:44:48,23.81,46300,23.8,U
sz002517,恺英网络,2025-10-28 14:44:57,23.8,10400,23.79,E
sz002517,恺英网络,2025-10-28 14:45:24,23.82,100400,23.81,U
sz002517,恺英网络,2025-10-28 14:45:39,23.81,12800,23.81,D
sz002517,恺英网络,2025-10-28 14:45:45,23.81,8500,23.81,D
sz002517,恺英网络,2025-10-28 14:46:12,23.8,8500,23.8,D
sz002517,恺英网络,2025-10-28 14:46:39,23.81,29800,23.8,U
sz002517,恺英网络,2025-10-28 14:46:48,23.8,12800,23.8,D
sz002517,恺英网络,2025-10-28 14:47:09,23.8,28800,23.8,D
sz002517,恺英网络,2025-10-28 14:47:12,23.81,20900,23.8,E
sz002517,恺英网络,2025-10-28 14:47:18,23.8,13300,23.81,D
sz002517,恺英网络,2025-10-28 14:47:24,23.82,15500,23.81,E
sz002517,恺英网络,2025-10-28 14:47:42,23.82,24300,23.82,D
sz002517,恺英网络,2025-10-28 14:47:45,23.81,12600,23.82,D
sz002517,恺英网络,2025-10-28 14:47:57,23.82,8400,23.81,U
sz002517,恺英网络,2025-10-28 14:48:09,23.82,32100,23.82,D
sz002517,恺英网络,2025-10-28 14:48:24,23.82,29900,23.83,D
sz002517,恺英网络,2025-10-28 14:48:27,23.83,10900,23.82,U
sz002517,恺英网络,2025-10-28 14:48:33,23.82,10400,23.82,D
sz002517,恺英网络,2025-10-28 14:48:51,23.82,9700,23.82,U
sz002517,恺英网络,2025-10-28 14:49:09,23.82,13500,23.83,D
sz002517,恺英网络,2025-10-28 14:49:15,23.82,25000,23.83,D
sz002517,恺英网络,2025-10-28 14:49:27,23.81,35100,23.83,D
sz002517,恺英网络,2025-10-28 14:49:30,23.82,10700,23.81,E
sz002517,恺英网络,2025-10-28 14:49:39,23.81,14700,23.81,D
sz002517,恺英网络,2025-10-28 14:49:48,23.82,8500,23.81,U
sz002517,恺英网络,2025-10-28 14:49:54,23.81,9400,23.81,D
sz002517,恺英网络,2025-10-28 14:50:00,23.8,14000,23.81,D
sz002517,恺英网络,2025-10-28 14:50:09,23.82,73000,23.8,U
sz002517,恺英网络,2025-10-28 14:51:09,23.81,27300,23.82,D
sz002517,恺英网络,2025-10-28 14:51:15,23.82,12400,23.81,U
sz002517,恺英网络,2025-10-28 14:51:18,23.81,10500,23.82,D
sz002517,恺英网络,2025-10-28 14:51:39,23.79,38200,23.81,D
sz002517,恺英网络,2025-10-28 14:51:48,23.8,10400,23.79,U
sz002517,恺英网络,2025-10-28 14:52:03,23.8,17700,23.8,U
sz002517,恺英网络,2025-10-28 14:52:12,23.8,8900,23.8,D
sz002517,恺英网络,2025-10-28 14:52:48,23.81,8600,23.8,U
sz002517,恺英网络,2025-10-28 14:53:00,23.81,26600,23.8,U
sz002517,恺英网络,2025-10-28 14:53:03,23.81,21000,23.81,U
sz002517,恺英网络,2025-10-28 14:53:12,23.83,97900,23.81,U
sz002517,恺英网络,2025-10-28 14:53:15,23.82,13600,23.83,D
sz002517,恺英网络,2025-10-28 14:54:06,23.83,15500,23.83,U
sz002517,恺英网络,2025-10-28 14:54:09,23.83,10600,23.83,D
sz002517,恺英网络,2025-10-28 14:54:12,23.83,13900,23.83,D
sz002517,恺英网络,2025-10-28 14:54:18,23.83,19900,23.83,D
sz002517,恺英网络,2025-10-28 14:54:57,23.83,14900,23.84,D
sz002517,恺英网络,2025-10-28 14:55:00,23.83,11700,23.83,D
sz002517,恺英网络,2025-10-28 14:55:06,23.83,12700,23.84,D
sz002517,恺英网络,2025-10-28 14:55:27,23.84,8900,23.83,U
sz002517,恺英网络,2025-10-28 14:55:36,23.83,26300,23.84,D
sz002517,恺英网络,2025-10-28 14:55:39,23.83,10700,23.83,U
sz002517,恺英网络,2025-10-28 14:55:57,23.83,8700,23.84,D
sz002517,恺英网络,2025-10-28 14:56:00,23.85,8900,23.83,U
sz002517,恺英网络,2025-10-28 14:56:03,23.83,15200,23.85,D
sz002517,恺英网络,2025-10-28 14:56:06,23.82,36900,23.83,D
sz002517,恺英网络,2025-10-28 14:56:09,23.84,8800,23.82,U
sz002517,恺英网络,2025-10-28 14:56:18,23.83,13200,23.84,U
sz002517,恺英网络,2025-10-28 14:56:36,23.84,13000,23.84,U
sz002517,恺英网络,2025-10-28 14:56:39,23.84,13900,23.84,U
sz002517,恺英网络,2025-10-28 14:56:45,23.85,11700,23.84,U
sz002517,恺英网络,2025-10-28 14:56:51,23.85,39000,23.84,U
sz002517,恺英网络,2025-10-28 14:56:54,23.85,19200,23.85,D
sz002517,恺英网络,2025-10-28 15:00:00,23.85,207100,23.85,E
