symbol,name,ticktime,price,volume,prev_price,kind
sz002517,恺英网络,2025-09-19 09:25:00,27.28,544300,0.0,U
sz002517,恺英网络,2025-09-19 09:30:00,27.22,159300,27.28,D
sz002517,恺英网络,2025-09-19 09:30:03,27.3,253900,27.22,U
sz002517,恺英网络,2025-09-19 09:30:06,27.3,83700,27.3,E
sz002517,恺英网络,2025-09-19 09:30:09,27.21,51000,27.3,D
sz002517,恺英网络,2025-09-19 09:30:12,27.19,40900,27.21,D
sz002517,恺英网络,2025-09-19 09:30:15,27.24,76300,27.19,U
sz002517,恺英网络,2025-09-19 09:30:18,27.02,47600,27.24,D
sz002517,恺英网络,2025-09-19 09:30:21,27.05,35200,27.02,U
sz002517,恺英网络,2025-09-19 09:30:24,27.02,13300,27.05,D
sz002517,恺英网络,2025-09-19 09:30:27,27.22,53000,27.02,U
sz002517,恺英网络,2025-09-19 09:30:30,27.16,54200,27.22,E
sz002517,恺英网络,2025-09-19 09:30:33,27.13,57200,27.16,D
sz002517,恺英网络,2025-09-19 09:30:36,27.2,38800,27.13,U
sz002517,恺英网络,2025-09-19 09:30:39,27.27,31300,27.2,U
sz002517,恺英网络,2025-09-19 09:30:42,27.0,122100,27.27,D
sz002517,恺英网络,2025-09-19 09:30:45,27.01,64300,27.0,U
sz002517,恺英网络,2025-09-19 09:30:48,27.13,104000,27.01,U
sz002517,恺英网络,2025-09-19 09:30:54,27.19,15400,27.2,E
sz002517,恺英网络,2025-09-19 09:30:57,27.19,21400,27.19,D
sz002517,恺英网络,2025-09-19 09:31:00,27.1,28500,27.19,D
sz002517,恺英网络,2025-09-19 09:31:03,27.14,96800,27.1,U
sz002517,恺英网络,2025-09-19 09:31:06,27.22,70800,27.14,U
sz002517,恺英网络,2025-09-19 09:31:09,27.22,68800,27.22,D
sz002517,恺英网络,2025-09-19 09:31:12,27.12,41000,27.22,D
sz002517,恺英网络,2025-09-19 09:31:15,27.14,77900,27.12,E
sz002517,恺英网络,2025-09-19 09:31:18,27.08,31200,27.14,D
sz002517,恺英网络,2025-09-19 09:31:21,27.1,31000,27.08,E
sz002517,恺英网络,2025-09-19 09:31:24,27.13,75200,27.1,U
sz002517,恺英网络,2025-09-19 09:31:27,27.11,41400,27.13,E
sz002517,恺英网络,2025-09-19 09:31:30,27.13,56100,27.11,U
sz002517,恺英网络,2025-09-19 09:31:33,27.15,65800,27.13,E
sz002517,恺英网络,2025-09-19 09:31:36,27.23,189300,27.15,U
sz002517,恺英网络,2025-09-19 09:31:39,27.15,59200,27.23,D
sz002517,恺英网络,2025-09-19 09:31:42,27.15,27900,27.15,U
sz002517,恺英网络,2025-09-19 09:31:45,27.15,38900,27.15,U
sz002517,恺英网络,2025-09-19 09:31:48,27.15,29900,27.15,D
sz002517,恺英网络,2025-09-19 09:31:51,27.15,19900,27.15,D
sz002517,恺英网络,2025-09-19 09:31:57,27.12,24500,27.13,D
sz002517,恺英网络,2025-09-19 09:32:00,27.14,29700,27.12,U
sz002517,恺英网络,2025-09-19 09:32:03,27.11,28800,27.14,D
sz002517,恺英网络,2025-09-19 09:32:06,27.1,9000,27.11,D
sz002517,恺英网络,2025-09-19 09:32:09,27.1,19100,27.1,D
sz002517,恺英网络,2025-09-19 09:32:12,26.97,119400,27.1,D
sz002517,恺英网络,2025-09-19 09:32:15,26.97,22900,26.97,U
sz002517,恺英网络,2025-09-19 09:32:18,26.91,19800,26.97,D
sz002517,恺英网络,2025-09-19 09:32:21,26.94,68800,26.91,U
sz002517,恺英网络,2025-09-19 09:32:24,26.93,50700,26.94,D
sz002517,恺英网络,2025-09-19 09:32:27,26.92,31500,26.93,D
sz002517,恺英网络,2025-09-19 09:32:30,26.92,27100,26.92,D
sz002517,恺英网络,2025-09-19 09:32:33,26.91,33600,26.92,D
sz002517,恺英网络,2025-09-19 09:32:36,26.91,20400,26.91,D
sz002517,恺英网络,2025-09-19 09:32:39,26.86,46500,26.91,D
sz002517,恺英网络,2025-09-19 09:32:42,26.86,12100,26.86,D
sz002517,恺英网络,2025-09-19 09:32:45,26.86,17400,26.86,D
sz002517,恺英网络,2025-09-19 09:32:48,26.82,36900,26.86,D
sz002517,恺英网络,2025-09-19 09:32:51,26.82,154800,26.82,D
sz002517,恺英网络,2025-09-19 09:32:54,26.86,223400,26.82,U
sz002517,恺英网络,2025-09-19 09:32:57,26.86,254600,26.86,D
sz002517,恺英网络,2025-09-19 09:33:00,26.86,31900,26.86,D
sz002517,恺英网络,2025-09-19 09:33:03,26.86,54600,26.86,E
sz002517,恺英网络,2025-09-19 09:33:06,26.91,136200,26.86,U
sz002517,恺英网络,2025-09-19 09:33:09,26.91,30400,26.91,D
sz002517,恺英网络,2025-09-19 09:33:12,26.92,47200,26.91,E
sz002517,恺英网络,2025-09-19 09:33:15,26.9,120200,26.92,D
sz002517,恺英网络,2025-09-19 09:33:18,26.84,48200,26.9,D
sz002517,恺英网络,2025-09-19 09:33:24,26.85,12400,26.83,E
sz002517,恺英网络,2025-09-19 09:33:27,26.82,45400,26.85,D
sz002517,恺英网络,2025-09-19 09:33:30,26.83,27200,26.82,E
sz002517,恺英网络,2025-09-19 09:33:33,26.8,93600,26.83,D
sz002517,恺英网络,2025-09-19 09:33:36,26.78,34700,26.8,D
sz002517,恺英网络,2025-09-19 09:33:39,26.78,21800,26.78,D
sz002517,恺英网络,2025-09-19 09:33:42,26.77,29400,26.78,D
sz002517,恺英网络,2025-09-19 09:33:45,26.76,10400,26.77,D
sz002517,恺英网络,2025-09-19 09:33:48,26.74,28600,26.76,D
sz002517,恺英网络,2025-09-19 09:33:51,26.76,51942,26.74,U
sz002517,恺英网络,2025-09-19 09:33:54,26.77,95800,26.76,U
sz002517,恺英网络,2025-09-19 09:33:57,26.77,22700,26.77,D
sz002517,恺英网络,2025-09-19 09:34:00,26.77,15900,26.77,D
sz002517,恺英网络,2025-09-19 09:34:03,26.9,62800,26.77,U
sz002517,恺英网络,2025-09-19 09:34:06,26.87,50500,26.9,E
sz002517,恺英网络,2025-09-19 09:34:09,26.88,31900,26.87,E
sz002517,恺英网络,2025-09-19 09:34:12,26.89,19200,26.88,U
sz002517,恺英网络,2025-09-19 09:34:15,26.89,14900,26.89,D
sz002517,恺英网络,2025-09-19 09:34:18,26.9,20100,26.89,E
sz002517,恺英网络,2025-09-19 09:34:21,26.97,19000,26.9,U
sz002517,恺英网络,2025-09-19 09:34:24,26.92,29100,26.97,D
sz002517,恺英网络,2025-09-19 09:34:27,26.93,16900,26.92,D
sz002517,恺英网络,2025-09-19 09:34:30,26.99,59500,26.93,U
sz002517,恺英网络,2025-09-19 09:34:33,26.97,18300,26.99,E
sz002517,恺英网络,2025-09-19 09:34:36,26.95,22000,26.97,E
sz002517,恺英网络,2025-09-19 09:34:39,26.97,25900,26.95,U
sz002517,恺英网络,2025-09-19 09:34:42,26.97,96300,26.97,U
sz002517,恺英网络,2025-09-19 09:34:45,26.97,36000,26.97,D
sz002517,恺英网络,2025-09-19 09:34:48,27.0,83800,26.97,U
sz002517,恺英网络,2025-09-19 09:34:51,26.99,28900,27.0,E
sz002517,恺英网络,2025-09-19 09:34:54,27.05,23000,26.99,U
sz002517,恺英网络,2025-09-19 09:34:57,26.99,22900,27.05,D
sz002517,恺英网络,2025-09-19 09:35:00,26.99,20000,26.99,D
sz002517,恺英网络,2025-09-19 09:35:03,26.99,47100,26.99,D
sz002517,恺英网络,2025-09-19 09:35:06,26.98,8800,26.99,E
sz002517,恺英网络,2025-09-19 09:35:09,26.9,36600,26.98,D
sz002517,恺英网络,2025-09-19 09:35:12,26.9,39200,26.9,D
sz002517,恺英网络,2025-09-19 09:35:15,26.89,67200,26.9,U
sz002517,恺英网络,2025-09-19 09:35:18,26.86,12900,26.89,D
sz002517,恺英网络,2025-09-19 09:35:21,26.9,17500,26.86,U
sz002517,恺英网络,2025-09-19 09:35:24,26.9,36600,26.9,D
sz002517,恺英网络,2025-09-19 09:35:27,26.9,35400,26.9,D
sz002517,恺英网络,2025-09-19 09:35:30,26.91,11100,26.9,D
sz002517,恺英网络,2025-09-19 09:35:33,26.91,18400,26.91,D
sz002517,恺英网络,2025-09-19 09:35:36,26.93,13500,26.91,E
sz002517,恺英网络,2025-09-19 09:35:39,26.92,30100,26.93,D
sz002517,恺英网络,2025-09-19 09:35:42,26.93,28000,26.92,U
sz002517,恺英网络,2025-09-19 09:35:45,26.92,12900,26.93,D
sz002517,恺英网络,2025-09-19 09:35:48,26.92,44100,26.92,U
sz002517,恺英网络,2025-09-19 09:35:51,26.92,43700,26.92,U
sz002517,恺英网络,2025-09-19 09:35:54,26.91,19000,26.92,D
sz002517,恺英网络,2025-09-19 09:35:57,26.92,29800,26.91,U
sz002517,恺英网络,2025-09-19 09:36:00,26.96,79000,26.92,U
sz002517,恺英网络,2025-09-19 09:36:03,27.0,61000,26.96,U
sz002517,恺英网络,2025-09-19 09:36:06,27.0,37100,27.0,U
sz002517,恺英网络,2025-09-19 09:36:12,27.03,19200,27.02,U
sz002517,恺英网络,2025-09-19 09:36:15,27.0,15100,27.03,E
sz002517,恺英网络,2025-09-19 09:36:18,27.03,16400,27.0,U
sz002517,恺英网络,2025-09-19 09:36:21,27.0,22700,27.03,D
sz002517,恺英网络,2025-09-19 09:36:24,26.94,29400,27.0,D
sz002517,恺英网络,2025-09-19 09:36:27,26.93,17500,26.94,D
sz002517,恺英网络,2025-09-19 09:36:30,26.93,19800,26.93,U
sz002517,恺英网络,2025-09-19 09:36:33,26.93,11600,26.93,D
sz002517,恺英网络,2025-09-19 09:36:36,26.9,9700,26.93,D
sz002517,恺英网络,2025-09-19 09:36:39,26.9,30300,26.9,D
sz002517,恺英网络,2025-09-19 09:36:42,26.9,21300,26.9,D
sz002517,恺英网络,2025-09-19 09:36:48,26.87,12600,26.88,D
sz002517,恺英网络,2025-09-19 09:36:51,26.86,10100,26.87,D
sz002517,恺英网络,2025-09-19 09:36:54,26.86,26400,26.86,D
sz002517,恺英网络,2025-09-19 09:36:57,26.85,104700,26.86,D
sz002517,恺英网络,2025-09-19 09:37:00,26.86,22800,26.85,U
sz002517,恺英网络,2025-09-19 09:37:03,26.87,40200,26.86,U
sz002517,恺英网络,2025-09-19 09:37:06,26.85,38800,26.87,D
sz002517,恺英网络,2025-09-19 09:37:09,26.87,19000,26.85,U
sz002517,恺英网络,2025-09-19 09:37:12,26.87,31500,26.87,U
sz002517,恺英网络,2025-09-19 09:37:15,26.87,28900,26.87,D
sz002517,恺英网络,2025-09-19 09:37:18,26.86,30600,26.87,D
sz002517,恺英网络,2025-09-19 09:37:21,26.82,38200,26.86,D
sz002517,恺英网络,2025-09-19 09:37:24,26.8,27300,26.82,D
sz002517,恺英网络,2025-09-19 09:37:27,26.8,50600,26.8,D
sz002517,恺英网络,2025-09-19 09:37:30,26.8,23300,26.8,U
sz002517,恺英网络,2025-09-19 09:37:33,26.77,25600,26.8,D
sz002517,恺英网络,2025-09-19 09:37:36,26.76,44500,26.77,D
sz002517,恺英网络,2025-09-19 09:37:39,26.74,49200,26.76,D
sz002517,恺英网络,2025-09-19 09:37:42,26.75,61300,26.74,E
sz002517,恺英网络,2025-09-19 09:37:45,26.79,46200,26.75,E
sz002517,恺英网络,2025-09-19 09:37:48,26.75,47900,26.79,D
sz002517,恺英网络,2025-09-19 09:37:51,26.81,53600,26.75,U
sz002517,恺英网络,2025-09-19 09:37:54,26.85,23600,26.81,E
sz002517,恺英网络,2025-09-19 09:37:57,26.84,20300,26.85,D
sz002517,恺英网络,2025-09-19 09:38:00,26.81,7700,26.84,E
sz002517,恺英网络,2025-09-19 09:38:03,26.8,66400,26.81,D
sz002517,恺英网络,2025-09-19 09:38:06,26.77,15800,26.8,D
sz002517,恺英网络,2025-09-19 09:38:09,26.77,8600,26.77,U
sz002517,恺英网络,2025-09-19 09:38:15,26.77,32900,26.77,U
sz002517,恺英网络,2025-09-19 09:38:18,26.77,35800,26.77,D
sz002517,恺英网络,2025-09-19 09:38:21,26.78,18800,26.77,E
sz002517,恺英网络,2025-09-19 09:38:24,26.77,26300,26.78,D
sz002517,恺英网络,2025-09-19 09:38:30,26.77,21900,26.78,D
sz002517,恺英网络,2025-09-19 09:38:33,26.75,15100,26.77,D
sz002517,恺英网络,2025-09-19 09:38:36,26.75,23200,26.75,D
sz002517,恺英网络,2025-09-19 09:38:39,26.71,89000,26.75,D
sz002517,恺英网络,2025-09-19 09:38:42,26.71,18300,26.71,D
sz002517,恺英网络,2025-09-19 09:38:45,26.72,9900,26.71,U
sz002517,恺英网络,2025-09-19 09:38:48,26.72,28300,26.72,D
sz002517,恺英网络,2025-09-19 09:38:51,26.74,85400,26.72,U
sz002517,恺英网络,2025-09-19 09:38:54,26.74,20000,26.74,D
sz002517,恺英网络,2025-09-19 09:38:57,26.74,22000,26.74,D
sz002517,恺英网络,2025-09-19 09:39:00,26.74,9800,26.74,D
sz002517,恺英网络,2025-09-19 09:39:03,26.75,38000,26.74,U
sz002517,恺英网络,2025-09-19 09:39:06,26.74,46200,26.75,U
sz002517,恺英网络,2025-09-19 09:39:09,26.78,51100,26.74,U
sz002517,恺英网络,2025-09-19 09:39:12,26.81,17900,26.78,E
sz002517,恺英网络,2025-09-19 09:39:15,26.81,20500,26.81,D
sz002517,恺英网络,2025-09-19 09:39:18,26.81,17000,26.81,D
sz002517,恺英网络,2025-09-19 09:39:27,26.79,9400,26.84,D
sz002517,恺英网络,2025-09-19 09:39:30,26.82,42600,26.79,U
sz002517,恺英网络,2025-09-19 09:39:33,26.8,41200,26.82,D
sz002517,恺英网络,2025-09-19 09:39:36,26.8,31500,26.8,U
sz002517,恺英网络,2025-09-19 09:39:39,26.81,21200,26.8,E
sz002517,恺英网络,2025-09-19 09:39:45,26.81,8600,26.8,U
sz002517,恺英网络,2025-09-19 09:39:48,26.82,15200,26.81,E
sz002517,恺英网络,2025-09-19 09:39:51,26.88,11000,26.82,E
sz002517,恺英网络,2025-09-19 09:40:03,26.86,29200,26.85,E
sz002517,恺英网络,2025-09-19 09:40:06,26.78,13800,26.86,D
sz002517,恺英网络,2025-09-19 09:40:12,26.8,27800,26.79,U
sz002517,恺英网络,2025-09-19 09:40:15,26.8,7700,26.8,U
sz002517,恺英网络,2025-09-19 09:40:18,26.82,20500,26.8,U
sz002517,恺英网络,2025-09-19 09:40:24,26.8,16700,26.87,D
sz002517,恺英网络,2025-09-19 09:40:27,26.82,15800,26.8,E
sz002517,恺英网络,2025-09-19 09:40:33,26.8,21900,26.8,D
sz002517,恺英网络,2025-09-19 09:40:36,26.8,13600,26.8,U
sz002517,恺英网络,2025-09-19 09:40:39,26.79,30100,26.8,D
sz002517,恺英网络,2025-09-19 09:40:42,26.78,7700,26.79,D
sz002517,恺英网络,2025-09-19 09:40:45,26.8,15800,26.78,U
sz002517,恺英网络,2025-09-19 09:40:54,26.78,12300,26.8,D
sz002517,恺英网络,2025-09-19 09:40:57,26.78,45700,26.78,D
sz002517,恺英网络,2025-09-19 09:41:00,26.8,8600,26.78,U
sz002517,恺英网络,2025-09-19 09:41:03,26.81,60400,26.8,U
sz002517,恺英网络,2025-09-19 09:41:09,26.81,15400,26.81,D
sz002517,恺英网络,2025-09-19 09:41:12,26.85,13200,26.81,U
sz002517,恺英网络,2025-09-19 09:41:15,26.88,20900,26.85,U
sz002517,恺英网络,2025-09-19 09:41:18,26.85,15400,26.88,D
sz002517,恺英网络,2025-09-19 09:41:21,26.85,11900,26.85,U
sz002517,恺英网络,2025-09-19 09:41:27,26.9,45400,26.86,E
sz002517,恺英网络,2025-09-19 09:41:30,26.85,10700,26.9,D
sz002517,恺英网络,2025-09-19 09:41:33,26.86,15600,26.85,U
sz002517,恺英网络,2025-09-19 09:41:36,26.83,12600,26.86,D
sz002517,恺英网络,2025-09-19 09:41:39,26.86,19900,26.83,U
sz002517,恺英网络,2025-09-19 09:41:42,26.84,33800,26.86,D
sz002517,恺英网络,2025-09-19 09:41:48,26.83,25000,26.83,D
sz002517,恺英网络,2025-09-19 09:41:54,26.83,11700,26.83,U
sz002517,恺英网络,2025-09-19 09:41:57,26.79,38900,26.83,D
sz002517,恺英网络,2025-09-19 09:42:00,26.76,50100,26.79,D
sz002517,恺英网络,2025-09-19 09:42:03,26.72,12800,26.76,D
sz002517,恺英网络,2025-09-19 09:42:06,26.75,8000,26.72,U
sz002517,恺英网络,2025-09-19 09:42:09,26.71,13200,26.75,D
sz002517,恺英网络,2025-09-19 09:42:12,26.71,10100,26.71,D
sz002517,恺英网络,2025-09-19 09:42:15,26.72,18800,26.71,U
sz002517,恺英网络,2025-09-19 09:42:18,26.71,12500,26.72,D
sz002517,恺英网络,2025-09-19 09:42:21,26.71,8100,26.71,U
sz002517,恺英网络,2025-09-19 09:42:24,26.71,33800,26.71,U
sz002517,恺英网络,2025-09-19 09:42:30,26.7,28600,26.71,D
sz002517,恺英网络,2025-09-19 09:42:33,26.7,67300,26.7,D
sz002517,恺英网络,2025-09-19 09:42:36,26.69,39300,26.7,D
sz002517,恺英网络,2025-09-19 09:42:39,26.68,9900,26.69,D
sz002517,恺英网络,2025-09-19 09:42:42,26.68,40100,26.68,D
sz002517,恺英网络,2025-09-19 09:42:45,26.67,22600,26.68,D
sz002517,恺英网络,2025-09-19 09:42:48,26.67,41200,26.67,D
sz002517,恺英网络,2025-09-19 09:42:51,26.66,26600,26.67,D
sz002517,恺英网络,2025-09-19 09:42:54,26.67,10900,26.66,U
sz002517,恺英网络,2025-09-19 09:42:57,26.71,215300,26.67,U
sz002517,恺英网络,2025-09-19 09:43:00,26.79,25600,26.71,U
sz002517,恺英网络,2025-09-19 09:43:03,26.72,16000,26.79,E
sz002517,恺英网络,2025-09-19 09:43:06,26.72,7900,26.72,D
sz002517,恺英网络,2025-09-19 09:43:09,26.73,43000,26.72,E
sz002517,恺英网络,2025-09-19 09:43:12,26.8,14000,26.73,U
sz002517,恺英网络,2025-09-19 09:43:15,26.79,111100,26.8,D
sz002517,恺英网络,2025-09-19 09:43:27,26.75,8200,26.73,E
sz002517,恺英网络,2025-09-19 09:43:36,26.74,24100,26.73,U
sz002517,恺英网络,2025-09-19 09:43:45,26.73,10900,26.73,D
sz002517,恺英网络,2025-09-19 09:43:48,26.73,15000,26.73,D
sz002517,恺英网络,2025-09-19 09:43:51,26.72,10200,26.73,D
sz002517,恺英网络,2025-09-19 09:43:54,26.71,14700,26.72,D
sz002517,恺英网络,2025-09-19 09:43:57,26.71,21700,26.71,D
sz002517,恺英网络,2025-09-19 09:44:00,26.69,13600,26.71,D
sz002517,恺英网络,2025-09-19 09:44:03,26.71,48000,26.69,U
sz002517,恺英网络,2025-09-19 09:44:12,26.71,9400,26.71,D
sz002517,恺英网络,2025-09-19 09:44:15,26.73,11600,26.71,U
sz002517,恺英网络,2025-09-19 09:44:18,26.71,12900,26.73,D
sz002517,恺英网络,2025-09-19 09:44:24,26.71,33500,26.71,D
sz002517,恺英网络,2025-09-19 09:44:30,26.71,13400,26.71,U
sz002517,恺英网络,2025-09-19 09:44:33,26.71,32900,26.71,U
sz002517,恺英网络,2025-09-19 09:44:36,26.71,30000,26.71,U
sz002517,恺英网络,2025-09-19 09:44:39,26.75,22700,26.71,U
sz002517,恺英网络,2025-09-19 09:44:42,26.71,10900,26.75,D
sz002517,恺英网络,2025-09-19 09:44:54,26.73,33000,26.72,E
sz002517,恺英网络,2025-09-19 09:45:03,26.75,17500,26.73,U
sz002517,恺英网络,2025-09-19 09:45:09,26.78,9800,26.75,U
sz002517,恺英网络,2025-09-19 09:45:15,26.79,7800,26.76,U
sz002517,恺英网络,2025-09-19 09:45:18,26.79,32700,26.79,U
sz002517,恺英网络,2025-09-19 09:45:27,26.79,18500,26.8,D
sz002517,恺英网络,2025-09-19 09:45:33,26.75,17700,26.73,E
sz002517,恺英网络,2025-09-19 09:45:36,26.73,15800,26.75,D
sz002517,恺英网络,2025-09-19 09:45:39,26.73,20300,26.73,D
sz002517,恺英网络,2025-09-19 09:45:42,26.71,24200,26.73,D
sz002517,恺英网络,2025-09-19 09:45:45,26.69,7600,26.71,D
sz002517,恺英网络,2025-09-19 09:45:48,26.71,15500,26.69,U
sz002517,恺英网络,2025-09-19 09:45:51,26.68,9800,26.71,D
sz002517,恺英网络,2025-09-19 09:45:54,26.67,26000,26.68,D
sz002517,恺英网络,2025-09-19 09:45:57,26.67,12500,26.67,D
sz002517,恺英网络,2025-09-19 09:46:00,26.68,19600,26.67,E
sz002517,恺英网络,2025-09-19 09:46:03,26.73,13400,26.68,U
sz002517,恺英网络,2025-09-19 09:46:06,26.68,28900,26.73,D
sz002517,恺英网络,2025-09-19 09:46:09,26.73,26300,26.68,U
sz002517,恺英网络,2025-09-19 09:46:12,26.72,22700,26.73,E
sz002517,恺英网络,2025-09-19 09:46:15,26.72,8900,26.72,U
sz002517,恺英网络,2025-09-19 09:46:18,26.68,7600,26.72,D
sz002517,恺英网络,2025-09-19 09:46:21,26.7,34700,26.68,E
sz002517,恺英网络,2025-09-19 09:46:24,26.71,19800,26.7,E
sz002517,恺英网络,2025-09-19 09:46:27,26.71,12900,26.71,D
sz002517,恺英网络,2025-09-19 09:46:30,26.7,24900,26.71,D
sz002517,恺英网络,2025-09-19 09:46:33,26.67,26800,26.7,D
sz002517,恺英网络,2025-09-19 09:46:36,26.66,14400,26.67,D
sz002517,恺英网络,2025-09-19 09:46:39,26.66,16000,26.66,D
sz002517,恺英网络,2025-09-19 09:46:42,26.65,10100,26.66,D
sz002517,恺英网络,2025-09-19 09:46:45,26.65,35400,26.65,D
sz002517,恺英网络,2025-09-19 09:46:48,26.65,12400,26.65,D
sz002517,恺英网络,2025-09-19 09:46:51,26.66,22200,26.65,U
sz002517,恺英网络,2025-09-19 09:46:54,26.65,73400,26.66,D
sz002517,恺英网络,2025-09-19 09:46:57,26.65,19700,26.65,D
sz002517,恺英网络,2025-09-19 09:47:00,26.65,11700,26.65,D
sz002517,恺英网络,2025-09-19 09:47:03,26.66,22000,26.65,U
sz002517,恺英网络,2025-09-19 09:47:06,26.66,18100,26.66,D
sz002517,恺英网络,2025-09-19 09:47:09,26.65,31400,26.66,D
sz002517,恺英网络,2025-09-19 09:47:12,26.65,26600,26.65,D
sz002517,恺英网络,2025-09-19 09:47:15,26.66,148000,26.65,U
sz002517,恺英网络,2025-09-19 09:47:18,26.65,375900,26.66,D
sz002517,恺英网络,2025-09-19 09:47:21,26.64,57600,26.65,D
sz002517,恺英网络,2025-09-19 09:47:24,26.69,135900,26.64,U
sz002517,恺英网络,2025-09-19 09:47:27,26.71,62600,26.69,U
sz002517,恺英网络,2025-09-19 09:47:33,26.71,9500,26.71,D
sz002517,恺英网络,2025-09-19 09:47:36,26.69,11800,26.71,D
sz002517,恺英网络,2025-09-19 09:47:39,26.71,20700,26.69,U
sz002517,恺英网络,2025-09-19 09:47:45,26.71,10600,26.7,U
sz002517,恺英网络,2025-09-19 09:47:57,26.75,9500,26.71,U
sz002517,恺英网络,2025-09-19 09:48:00,26.71,8300,26.75,D
sz002517,恺英网络,2025-09-19 09:48:03,26.7,10500,26.71,D
sz002517,恺英网络,2025-09-19 09:48:06,26.71,12200,26.7,U
sz002517,恺英网络,2025-09-19 09:48:09,26.7,27000,26.71,D
sz002517,恺英网络,2025-09-19 09:48:12,26.67,78600,26.7,D
sz002517,恺英网络,2025-09-19 09:48:15,26.64,49500,26.67,E
sz002517,恺英网络,2025-09-19 09:48:18,26.63,14600,26.64,U
sz002517,恺英网络,2025-09-19 09:48:21,26.63,14700,26.63,D
sz002517,恺英网络,2025-09-19 09:48:24,26.63,16900,26.63,D
sz002517,恺英网络,2025-09-19 09:48:27,26.62,9700,26.63,D
sz002517,恺英网络,2025-09-19 09:48:30,26.64,30900,26.62,U
sz002517,恺英网络,2025-09-19 09:48:33,26.64,10200,26.64,D
sz002517,恺英网络,2025-09-19 09:48:36,26.65,8700,26.64,D
sz002517,恺英网络,2025-09-19 09:48:39,26.65,11700,26.65,E
sz002517,恺英网络,2025-09-19 09:48:45,26.67,8300,26.66,U
sz002517,恺英网络,2025-09-19 09:48:48,26.67,17700,26.67,U
sz002517,恺英网络,2025-09-19 09:48:54,26.65,57600,26.67,D
sz002517,恺英网络,2025-09-19 09:48:57,26.65,15200,26.65,D
sz002517,恺英网络,2025-09-19 09:49:00,26.64,13900,26.65,E
sz002517,恺英网络,2025-09-19 09:49:03,26.62,45400,26.64,D
sz002517,恺英网络,2025-09-19 09:49:06,26.62,16200,26.62,D
sz002517,恺英网络,2025-09-19 09:49:12,26.62,20100,26.62,D
sz002517,恺英网络,2025-09-19 09:49:15,26.63,24000,26.62,U
sz002517,恺英网络,2025-09-19 09:49:18,26.62,59200,26.63,D
sz002517,恺英网络,2025-09-19 09:49:21,26.62,28400,26.62,D
sz002517,恺英网络,2025-09-19 09:49:24,26.64,24800,26.62,E
sz002517,恺英网络,2025-09-19 09:49:27,26.64,9800,26.64,D
sz002517,恺英网络,2025-09-19 09:49:30,26.66,34400,26.64,U
sz002517,恺英网络,2025-09-19 09:49:33,26.7,46800,26.66,U
sz002517,恺英网络,2025-09-19 09:49:36,26.67,13250,26.7,D
sz002517,恺英网络,2025-09-19 09:49:39,26.66,20700,26.67,D
sz002517,恺英网络,2025-09-19 09:49:42,26.71,8800,26.66,U
sz002517,恺英网络,2025-09-19 09:49:45,26.67,23700,26.71,D
sz002517,恺英网络,2025-09-19 09:49:48,26.69,13000,26.67,E
sz002517,恺英网络,2025-09-19 09:50:00,26.69,40200,26.67,U
sz002517,恺英网络,2025-09-19 09:50:03,26.69,26400,26.69,D
sz002517,恺英网络,2025-09-19 09:50:06,26.69,55200,26.69,D
sz002517,恺英网络,2025-09-19 09:50:09,26.71,31900,26.69,U
sz002517,恺英网络,2025-09-19 09:50:12,26.7,25400,26.71,D
sz002517,恺英网络,2025-09-19 09:50:15,26.71,17100,26.7,U
sz002517,恺英网络,2025-09-19 09:50:18,26.71,29200,26.71,U
sz002517,恺英网络,2025-09-19 09:50:24,26.66,32400,26.69,D
sz002517,恺英网络,2025-09-19 09:50:30,26.62,29700,26.66,D
sz002517,恺英网络,2025-09-19 09:50:36,26.63,13400,26.63,D
sz002517,恺英网络,2025-09-19 09:50:39,26.66,20500,26.63,U
sz002517,恺英网络,2025-09-19 09:50:48,26.63,23100,26.64,D
sz002517,恺英网络,2025-09-19 09:50:51,26.63,11200,26.63,D
sz002517,恺英网络,2025-09-19 09:50:54,26.66,35200,26.63,U
sz002517,恺英网络,2025-09-19 09:50:57,26.63,9500,26.66,D
sz002517,恺英网络,2025-09-19 09:51:00,26.63,12500,26.63,U
sz002517,恺英网络,2025-09-19 09:51:03,26.64,7700,26.63,U
sz002517,恺英网络,2025-09-19 09:51:06,26.65,32400,26.64,U
sz002517,恺英网络,2025-09-19 09:51:12,26.64,24700,26.66,D
sz002517,恺英网络,2025-09-19 09:51:15,26.65,9000,26.64,D
sz002517,恺英网络,2025-09-19 09:51:21,26.63,10100,26.65,D
sz002517,恺英网络,2025-09-19 09:51:24,26.63,10300,26.63,D
sz002517,恺英网络,2025-09-19 09:51:27,26.65,27400,26.63,U
sz002517,恺英网络,2025-09-19 09:51:36,26.63,11200,26.64,D
sz002517,恺英网络,2025-09-19 09:51:39,26.63,10700,26.63,D
sz002517,恺英网络,2025-09-19 09:51:42,26.6,65300,26.63,D
sz002517,恺英网络,2025-09-19 09:51:45,26.61,13400,26.6,E
sz002517,恺英网络,2025-09-19 09:51:48,26.6,11500,26.61,D
sz002517,恺英网络,2025-09-19 09:51:51,26.59,244200,26.6,D
sz002517,恺英网络,2025-09-19 09:51:54,26.54,50500,26.59,D
sz002517,恺英网络,2025-09-19 09:51:57,26.53,22200,26.54,D
sz002517,恺英网络,2025-09-19 09:52:00,26.51,23300,26.53,D
sz002517,恺英网络,2025-09-19 09:52:03,26.53,93700,26.51,U
sz002517,恺英网络,2025-09-19 09:52:06,26.53,58500,26.53,D
sz002517,恺英网络,2025-09-19 09:52:09,26.53,44900,26.53,D
sz002517,恺英网络,2025-09-19 09:52:12,26.54,54800,26.53,U
sz002517,恺英网络,2025-09-19 09:52:15,26.57,31700,26.54,U
sz002517,恺英网络,2025-09-19 09:52:18,26.55,68900,26.57,D
sz002517,恺英网络,2025-09-19 09:52:21,26.6,114500,26.55,U
sz002517,恺英网络,2025-09-19 09:52:24,26.61,35600,26.6,E
sz002517,恺英网络,2025-09-19 09:52:27,26.62,9200,26.61,U
sz002517,恺英网络,2025-09-19 09:52:30,26.61,22200,26.62,E
sz002517,恺英网络,2025-09-19 09:52:33,26.62,83100,26.61,U
sz002517,恺英网络,2025-09-19 09:52:36,26.62,34800,26.62,D
sz002517,恺英网络,2025-09-19 09:52:39,26.62,19400,26.62,D
sz002517,恺英网络,2025-09-19 09:52:42,26.64,21600,26.62,U
sz002517,恺英网络,2025-09-19 09:52:51,26.63,22300,26.65,E
sz002517,恺英网络,2025-09-19 09:52:54,26.62,7800,26.63,D
sz002517,恺英网络,2025-09-19 09:52:57,26.62,17200,26.62,D
sz002517,恺英网络,2025-09-19 09:53:00,26.6,64400,26.62,D
sz002517,恺英网络,2025-09-19 09:53:03,26.57,51500,26.6,D
sz002517,恺英网络,2025-09-19 09:53:06,26.6,40300,26.57,E
sz002517,恺英网络,2025-09-19 09:53:12,26.61,35100,26.58,U
sz002517,恺英网络,2025-09-19 09:53:15,26.58,20500,26.61,E
sz002517,恺英网络,2025-09-19 09:53:18,26.58,33000,26.58,U
sz002517,恺英网络,2025-09-19 09:53:21,26.6,16000,26.58,U
sz002517,恺英网络,2025-09-19 09:53:24,26.56,34900,26.6,D
sz002517,恺英网络,2025-09-19 09:53:27,26.59,24900,26.56,E
sz002517,恺英网络,2025-09-19 09:53:30,26.59,16600,26.59,D
sz002517,恺英网络,2025-09-19 09:53:33,26.6,23500,26.59,E
sz002517,恺英网络,2025-09-19 09:53:36,26.61,8400,26.6,D
sz002517,恺英网络,2025-09-19 09:53:39,26.62,19100,26.61,D
sz002517,恺英网络,2025-09-19 09:53:45,26.62,8100,26.61,U
sz002517,恺英网络,2025-09-19 09:53:51,26.6,30200,26.6,E
sz002517,恺英网络,2025-09-19 09:53:57,26.6,8000,26.6,U
sz002517,恺英网络,2025-09-19 09:54:00,26.6,7600,26.6,U
sz002517,恺英网络,2025-09-19 09:54:03,26.6,15700,26.6,U
sz002517,恺英网络,2025-09-19 09:54:06,26.59,18600,26.6,E
sz002517,恺英网络,2025-09-19 09:54:09,26.61,14800,26.59,U
sz002517,恺英网络,2025-09-19 09:54:12,26.6,9600,26.61,D
sz002517,恺英网络,2025-09-19 09:54:15,26.6,13500,26.6,U
sz002517,恺英网络,2025-09-19 09:54:18,26.6,26400,26.6,D
sz002517,恺英网络,2025-09-19 09:54:21,26.6,10500,26.6,D
sz002517,恺英网络,2025-09-19 09:54:24,26.6,12600,26.6,U
sz002517,恺英网络,2025-09-19 09:54:30,26.58,9400,26.6,D
sz002517,恺英网络,2025-09-19 09:54:33,26.57,7800,26.58,D
sz002517,恺英网络,2025-09-19 09:54:39,26.58,22979,26.57,U
sz002517,恺英网络,2025-09-19 09:54:45,26.58,8600,26.56,U
sz002517,恺英网络,2025-09-19 09:54:48,26.57,65400,26.58,D
sz002517,恺英网络,2025-09-19 09:54:51,26.58,11800,26.57,U
sz002517,恺英网络,2025-09-19 09:54:57,26.58,16200,26.58,U
sz002517,恺英网络,2025-09-19 09:55:03,26.56,14200,26.55,E
sz002517,恺英网络,2025-09-19 09:55:06,26.58,11800,26.56,E
sz002517,恺英网络,2025-09-19 09:55:09,26.58,29900,26.58,U
sz002517,恺英网络,2025-09-19 09:55:12,26.55,7800,26.58,D
sz002517,恺英网络,2025-09-19 09:55:18,26.61,84400,26.58,U
sz002517,恺英网络,2025-09-19 09:55:21,26.58,58000,26.61,D
sz002517,恺英网络,2025-09-19 09:55:24,26.56,56600,26.58,D
sz002517,恺英网络,2025-09-19 09:55:27,26.58,20200,26.56,D
sz002517,恺英网络,2025-09-19 09:55:30,26.63,10600,26.58,U
sz002517,恺英网络,2025-09-19 09:55:33,26.58,29300,26.63,D
sz002517,恺英网络,2025-09-19 09:55:36,26.6,19500,26.58,E
sz002517,恺英网络,2025-09-19 09:55:39,26.6,10200,26.6,D
sz002517,恺英网络,2025-09-19 09:55:54,26.62,8100,26.62,U
sz002517,恺英网络,2025-09-19 09:55:57,26.62,12200,26.62,D
sz002517,恺英网络,2025-09-19 09:56:00,26.62,7600,26.62,D
sz002517,恺英网络,2025-09-19 09:56:03,26.62,9900,26.62,U
sz002517,恺英网络,2025-09-19 09:56:06,26.62,14000,26.62,U
sz002517,恺英网络,2025-09-19 09:56:09,26.62,13800,26.62,U
sz002517,恺英网络,2025-09-19 09:56:15,26.62,9400,26.61,U
sz002517,恺英网络,2025-09-19 09:56:18,26.6,8700,26.62,D
sz002517,恺英网络,2025-09-19 09:56:33,26.6,11800,26.6,U
sz002517,恺英网络,2025-09-19 09:56:36,26.6,13300,26.6,U
sz002517,恺英网络,2025-09-19 09:56:39,26.6,8000,26.6,D
sz002517,恺英网络,2025-09-19 09:56:42,26.61,10900,26.6,U
sz002517,恺英网络,2025-09-19 09:56:51,26.61,8000,26.6,U
sz002517,恺英网络,2025-09-19 09:56:54,26.6,16700,26.61,D
sz002517,恺英网络,2025-09-19 09:56:57,26.57,15600,26.6,D
sz002517,恺英网络,2025-09-19 09:57:00,26.56,19900,26.57,D
sz002517,恺英网络,2025-09-19 09:57:03,26.56,11700,26.56,D
sz002517,恺英网络,2025-09-19 09:57:06,26.54,18100,26.56,D
sz002517,恺英网络,2025-09-19 09:57:12,26.54,17600,26.56,D
sz002517,恺英网络,2025-09-19 09:57:15,26.54,21600,26.54,U
sz002517,恺英网络,2025-09-19 09:57:18,26.53,9400,26.54,D
sz002517,恺英网络,2025-09-19 09:57:21,26.52,13000,26.53,D
sz002517,恺英网络,2025-09-19 09:57:27,26.52,13100,26.53,D
sz002517,恺英网络,2025-09-19 09:57:30,26.52,12200,26.52,U
sz002517,恺英网络,2025-09-19 09:57:33,26.51,9500,26.52,D
sz002517,恺英网络,2025-09-19 09:57:36,26.52,90100,26.51,U
sz002517,恺英网络,2025-09-19 09:57:39,26.52,27200,26.52,D
sz002517,恺英网络,2025-09-19 09:57:42,26.53,21700,26.52,E
sz002517,恺英网络,2025-09-19 09:57:45,26.53,18300,26.53,D
sz002517,恺英网络,2025-09-19 09:57:48,26.55,28800,26.53,U
sz002517,恺英网络,2025-09-19 09:57:51,26.51,84200,26.55,D
sz002517,恺英网络,2025-09-19 09:57:54,26.55,25200,26.51,E
sz002517,恺英网络,2025-09-19 09:57:57,26.56,19600,26.55,U
sz002517,恺英网络,2025-09-19 09:58:00,26.53,25500,26.56,D
sz002517,恺英网络,2025-09-19 09:58:03,26.53,85200,26.53,D
sz002517,恺英网络,2025-09-19 09:58:06,26.53,18400,26.53,D
sz002517,恺英网络,2025-09-19 09:58:09,26.56,16500,26.53,U
sz002517,恺英网络,2025-09-19 09:58:12,26.56,15100,26.56,U
sz002517,恺英网络,2025-09-19 09:58:15,26.54,57800,26.56,E
sz002517,恺英网络,2025-09-19 09:58:18,26.55,24000,26.54,U
sz002517,恺英网络,2025-09-19 09:58:21,26.54,15300,26.55,E
sz002517,恺英网络,2025-09-19 09:58:27,26.54,15000,26.54,D
sz002517,恺英网络,2025-09-19 09:58:30,26.55,30300,26.54,U
sz002517,恺英网络,2025-09-19 09:58:33,26.55,14700,26.55,D
sz002517,恺英网络,2025-09-19 09:58:36,26.55,8800,26.55,U
sz002517,恺英网络,2025-09-19 09:58:39,26.55,21000,26.55,U
sz002517,恺英网络,2025-09-19 09:58:45,26.55,9700,26.55,D
sz002517,恺英网络,2025-09-19 09:58:48,26.55,12200,26.55,D
sz002517,恺英网络,2025-09-19 09:58:57,26.54,18100,26.55,D
sz002517,恺英网络,2025-09-19 09:59:00,26.55,9600,26.54,D
sz002517,恺英网络,2025-09-19 09:59:03,26.58,69000,26.55,U
sz002517,恺英网络,2025-09-19 09:59:06,26.56,45500,26.58,D
sz002517,恺英网络,2025-09-19 09:59:09,26.56,14600,26.56,D
sz002517,恺英网络,2025-09-19 09:59:12,26.6,25700,26.56,U
sz002517,恺英网络,2025-09-19 09:59:15,26.6,10500,26.6,U
sz002517,恺英网络,2025-09-19 09:59:18,26.61,13100,26.6,U
sz002517,恺英网络,2025-09-19 09:59:39,26.6,23500,26.59,U
sz002517,恺英网络,2025-09-19 09:59:48,26.57,9300,26.59,D
sz002517,恺英网络,2025-09-19 10:00:00,26.59,10700,26.59,U
sz002517,恺英网络,2025-09-19 10:00:03,26.54,7800,26.59,D
sz002517,恺英网络,2025-09-19 10:00:09,26.59,8300,26.55,U
sz002517,恺英网络,2025-09-19 10:00:21,26.56,13000,26.55,E
sz002517,恺英网络,2025-09-19 10:00:24,26.55,8700,26.56,D
sz002517,恺英网络,2025-09-19 10:00:27,26.58,23700,26.55,U
sz002517,恺英网络,2025-09-19 10:00:30,26.58,12700,26.58,U
sz002517,恺英网络,2025-09-19 10:00:45,26.58,26000,26.58,U
sz002517,恺英网络,2025-09-19 10:00:48,26.57,8000,26.58,E
sz002517,恺英网络,2025-09-19 10:00:51,26.57,13200,26.57,E
sz002517,恺英网络,2025-09-19 10:00:54,26.57,7800,26.57,D
sz002517,恺英网络,2025-09-19 10:01:12,26.54,8400,26.53,U
sz002517,恺英网络,2025-09-19 10:01:15,26.54,219500,26.54,U
sz002517,恺英网络,2025-09-19 10:01:18,26.53,60500,26.54,D
sz002517,恺英网络,2025-09-19 10:01:21,26.53,18700,26.53,U
sz002517,恺英网络,2025-09-19 10:01:24,26.5,15900,26.53,D
sz002517,恺英网络,2025-09-19 10:01:27,26.51,15400,26.5,U
sz002517,恺英网络,2025-09-19 10:01:36,26.5,55100,26.5,D
sz002517,恺英网络,2025-09-19 10:01:39,26.49,13800,26.5,D
sz002517,恺英网络,2025-09-19 10:01:42,26.48,7700,26.49,D
sz002517,恺英网络,2025-09-19 10:01:48,26.48,60400,26.48,D
sz002517,恺英网络,2025-09-19 10:01:51,26.51,49800,26.48,E
sz002517,恺英网络,2025-09-19 10:01:54,26.49,16400,26.51,U
sz002517,恺英网络,2025-09-19 10:01:57,26.5,27500,26.49,U
sz002517,恺英网络,2025-09-19 10:02:03,26.48,59900,26.47,E
sz002517,恺英网络,2025-09-19 10:02:06,26.5,14500,26.48,E
sz002517,恺英网络,2025-09-19 10:02:09,26.56,18400,26.5,U
sz002517,恺英网络,2025-09-19 10:02:12,26.5,9900,26.56,D
sz002517,恺英网络,2025-09-19 10:02:15,26.54,9500,26.5,U
sz002517,恺英网络,2025-09-19 10:02:27,26.52,8200,26.54,D
sz002517,恺英网络,2025-09-19 10:02:30,26.52,37800,26.52,D
sz002517,恺英网络,2025-09-19 10:02:33,26.52,8400,26.52,D
sz002517,恺英网络,2025-09-19 10:02:36,26.52,9500,26.52,D
sz002517,恺英网络,2025-09-19 10:02:45,26.54,161400,26.52,U
sz002517,恺英网络,2025-09-19 10:02:57,26.61,60600,26.56,U
sz002517,恺英网络,2025-09-19 10:03:00,26.63,38700,26.61,U
sz002517,恺英网络,2025-09-19 10:03:03,26.65,21600,26.63,U
sz002517,恺英网络,2025-09-19 10:03:06,26.65,60900,26.65,U
sz002517,恺英网络,2025-09-19 10:03:09,26.63,17500,26.65,D
sz002517,恺英网络,2025-09-19 10:03:12,26.65,11700,26.63,D
sz002517,恺英网络,2025-09-19 10:03:18,26.65,9200,26.64,D
sz002517,恺英网络,2025-09-19 10:03:24,26.66,37200,26.66,D
sz002517,恺英网络,2025-09-19 10:03:33,26.68,34800,26.66,U
sz002517,恺英网络,2025-09-19 10:03:36,26.7,18900,26.68,U
sz002517,恺英网络,2025-09-19 10:03:39,26.67,13300,26.7,D
sz002517,恺英网络,2025-09-19 10:03:42,26.62,102000,26.67,D
sz002517,恺英网络,2025-09-19 10:03:48,26.58,12300,26.58,U
sz002517,恺英网络,2025-09-19 10:04:03,26.65,22900,26.67,E
sz002517,恺英网络,2025-09-19 10:04:15,26.69,11700,26.69,U
sz002517,恺英网络,2025-09-19 10:04:21,26.69,8800,26.7,U
sz002517,恺英网络,2025-09-19 10:04:24,26.59,32900,26.69,D
sz002517,恺英网络,2025-09-19 10:04:27,26.68,44800,26.59,U
sz002517,恺英网络,2025-09-19 10:04:30,26.59,18800,26.68,D
sz002517,恺英网络,2025-09-19 10:04:42,26.6,13100,26.64,D
sz002517,恺英网络,2025-09-19 10:04:45,26.63,12000,26.6,E
sz002517,恺英网络,2025-09-19 10:04:54,26.68,31700,26.66,U
sz002517,恺英网络,2025-09-19 10:04:57,26.69,70500,26.68,U
sz002517,恺英网络,2025-09-19 10:05:00,26.69,19000,26.69,U
sz002517,恺英网络,2025-09-19 10:05:03,26.66,14100,26.69,D
sz002517,恺英网络,2025-09-19 10:05:15,26.71,11800,26.68,U
sz002517,恺英网络,2025-09-19 10:05:18,26.68,7600,26.71,D
sz002517,恺英网络,2025-09-19 10:05:21,26.69,8700,26.68,E
sz002517,恺英网络,2025-09-19 10:05:27,26.67,13400,26.67,E
sz002517,恺英网络,2025-09-19 10:05:33,26.66,19300,26.66,D
sz002517,恺英网络,2025-09-19 10:05:36,26.64,9500,26.66,E
sz002517,恺英网络,2025-09-19 10:05:39,26.61,9400,26.64,D
sz002517,恺英网络,2025-09-19 10:05:45,26.6,12400,26.6,D
sz002517,恺英网络,2025-09-19 10:05:54,26.62,16200,26.62,U
sz002517,恺英网络,2025-09-19 10:06:09,26.68,18500,26.67,U
sz002517,恺英网络,2025-09-19 10:06:18,26.7,15400,26.68,U
sz002517,恺英网络,2025-09-19 10:06:21,26.71,10100,26.7,U
sz002517,恺英网络,2025-09-19 10:06:24,26.72,8600,26.71,U
sz002517,恺英网络,2025-09-19 10:06:27,26.74,20000,26.72,U
sz002517,恺英网络,2025-09-19 10:06:30,26.74,11200,26.74,U
sz002517,恺英网络,2025-09-19 10:06:39,26.73,18800,26.74,D
sz002517,恺英网络,2025-09-19 10:06:42,26.73,9000,26.73,U
sz002517,恺英网络,2025-09-19 10:06:48,26.72,14800,26.73,E
sz002517,恺英网络,2025-09-19 10:06:51,26.72,14200,26.72,U
sz002517,恺英网络,2025-09-19 10:07:03,26.72,7700,26.71,U
sz002517,恺英网络,2025-09-19 10:07:06,26.72,21100,26.72,U
sz002517,恺英网络,2025-09-19 10:07:09,26.7,28100,26.72,D
sz002517,恺英网络,2025-09-19 10:07:12,26.71,11800,26.7,U
sz002517,恺英网络,2025-09-19 10:07:15,26.69,21800,26.71,E
sz002517,恺英网络,2025-09-19 10:07:21,26.67,13400,26.62,E
sz002517,恺英网络,2025-09-19 10:08:06,26.6,32400,26.61,E
sz002517,恺英网络,2025-09-19 10:08:15,26.6,8800,26.58,U
sz002517,恺英网络,2025-09-19 10:08:36,26.56,7900,26.56,U
sz002517,恺英网络,2025-09-19 10:08:48,26.51,10500,26.55,D
sz002517,恺英网络,2025-09-19 10:09:03,26.54,14600,26.51,U
sz002517,恺英网络,2025-09-19 10:09:15,26.57,9200,26.56,U
sz002517,恺英网络,2025-09-19 10:09:21,26.6,160700,26.57,U
sz002517,恺英网络,2025-09-19 10:09:39,26.56,14000,26.61,D
sz002517,恺英网络,2025-09-19 10:09:42,26.56,10500,26.56,D
sz002517,恺英网络,2025-09-19 10:09:57,26.61,8300,26.58,U
sz002517,恺英网络,2025-09-19 10:10:03,26.58,7800,26.61,D
sz002517,恺英网络,2025-09-19 10:10:36,26.58,58800,26.54,U
sz002517,恺英网络,2025-09-19 10:10:39,26.56,13000,26.58,E
sz002517,恺英网络,2025-09-19 10:10:45,26.56,63500,26.56,D
sz002517,恺英网络,2025-09-19 10:10:48,26.57,12800,26.56,U
sz002517,恺英网络,2025-09-19 10:10:57,26.53,17900,26.53,D
sz002517,恺英网络,2025-09-19 10:11:00,26.53,8100,26.53,U
sz002517,恺英网络,2025-09-19 10:11:03,26.51,23000,26.53,D
sz002517,恺英网络,2025-09-19 10:11:06,26.52,10400,26.51,U
sz002517,恺英网络,2025-09-19 10:11:09,26.52,38400,26.52,U
sz002517,恺英网络,2025-09-19 10:11:12,26.5,10900,26.52,D
sz002517,恺英网络,2025-09-19 10:11:15,26.5,14400,26.5,D
sz002517,恺英网络,2025-09-19 10:11:30,26.5,34200,26.51,D
sz002517,恺英网络,2025-09-19 10:11:33,26.51,21400,26.5,U
sz002517,恺英网络,2025-09-19 10:11:39,26.5,17900,26.5,D
sz002517,恺英网络,2025-09-19 10:11:45,26.51,7900,26.52,D
sz002517,恺英网络,2025-09-19 10:11:48,26.5,19200,26.51,D
sz002517,恺英网络,2025-09-19 10:11:57,26.48,121200,26.5,D
sz002517,恺英网络,2025-09-19 10:12:00,26.47,29500,26.48,E
sz002517,恺英网络,2025-09-19 10:12:03,26.42,9000,26.47,D
sz002517,恺英网络,2025-09-19 10:12:06,26.45,21500,26.42,U
sz002517,恺英网络,2025-09-19 10:12:09,26.45,43100,26.45,D
sz002517,恺英网络,2025-09-19 10:12:12,26.48,24800,26.45,U
sz002517,恺英网络,2025-09-19 10:12:15,26.48,14000,26.48,U
sz002517,恺英网络,2025-09-19 10:12:18,26.48,11800,26.48,D
sz002517,恺英网络,2025-09-19 10:12:27,26.5,42800,26.43,U
sz002517,恺英网络,2025-09-19 10:12:30,26.5,11500,26.5,U
sz002517,恺英网络,2025-09-19 10:12:33,26.5,50950,26.5,U
sz002517,恺英网络,2025-09-19 10:12:36,26.5,23600,26.5,D
sz002517,恺英网络,2025-09-19 10:12:39,26.53,8500,26.5,E
sz002517,恺英网络,2025-09-19 10:12:42,26.5,9100,26.53,D
sz002517,恺英网络,2025-09-19 10:12:48,26.5,15600,26.53,D
sz002517,恺英网络,2025-09-19 10:12:54,26.5,14600,26.53,D
sz002517,恺英网络,2025-09-19 10:12:57,26.53,11000,26.5,U
sz002517,恺英网络,2025-09-19 10:13:00,26.53,18900,26.53,D
sz002517,恺英网络,2025-09-19 10:13:03,26.53,10300,26.53,D
sz002517,恺英网络,2025-09-19 10:13:12,26.51,13500,26.52,D
sz002517,恺英网络,2025-09-19 10:13:15,26.53,12600,26.51,U
sz002517,恺英网络,2025-09-19 10:13:18,26.55,7600,26.53,U
sz002517,恺英网络,2025-09-19 10:13:24,26.58,75200,26.55,U
sz002517,恺英网络,2025-09-19 10:13:27,26.53,13900,26.58,D
sz002517,恺英网络,2025-09-19 10:13:33,26.55,28000,26.58,D
sz002517,恺英网络,2025-09-19 10:13:39,26.6,16100,26.6,U
sz002517,恺英网络,2025-09-19 10:13:51,26.63,10700,26.58,U
sz002517,恺英网络,2025-09-19 10:13:57,26.59,11800,26.64,D
sz002517,恺英网络,2025-09-19 10:14:00,26.62,8500,26.59,D
sz002517,恺英网络,2025-09-19 10:14:03,26.62,11900,26.62,U
sz002517,恺英网络,2025-09-19 10:14:06,26.55,7600,26.62,D
sz002517,恺英网络,2025-09-19 10:14:09,26.54,12200,26.55,D
sz002517,恺英网络,2025-09-19 10:14:12,26.61,17200,26.54,E
sz002517,恺英网络,2025-09-19 10:14:15,26.62,15300,26.61,U
sz002517,恺英网络,2025-09-19 10:14:21,26.54,11300,26.53,D
sz002517,恺英网络,2025-09-19 10:14:33,26.55,25400,26.55,D
sz002517,恺英网络,2025-09-19 10:14:39,26.53,10900,26.53,D
sz002517,恺英网络,2025-09-19 10:14:57,26.54,10100,26.54,U
sz002517,恺英网络,2025-09-19 10:15:09,26.54,25200,26.55,D
sz002517,恺英网络,2025-09-19 10:15:12,26.55,10500,26.54,E
sz002517,恺英网络,2025-09-19 10:15:15,26.59,32800,26.55,U
sz002517,恺英网络,2025-09-19 10:15:24,26.59,21800,26.58,U
sz002517,恺英网络,2025-09-19 10:15:27,26.54,26500,26.59,D
sz002517,恺英网络,2025-09-19 10:15:30,26.58,13600,26.54,U
sz002517,恺英网络,2025-09-19 10:15:33,26.58,11400,26.58,U
sz002517,恺英网络,2025-09-19 10:15:51,26.61,19200,26.6,U
sz002517,恺英网络,2025-09-19 10:15:54,26.6,26300,26.61,D
sz002517,恺英网络,2025-09-19 10:16:12,26.63,8500,26.64,D
sz002517,恺英网络,2025-09-19 10:16:15,26.66,7700,26.63,U
sz002517,恺英网络,2025-09-19 10:16:39,26.66,7600,26.66,D
sz002517,恺英网络,2025-09-19 10:16:42,26.68,29600,26.66,U
sz002517,恺英网络,2025-09-19 10:16:45,26.7,22900,26.68,U
sz002517,恺英网络,2025-09-19 10:16:54,26.7,9400,26.7,U
sz002517,恺英网络,2025-09-19 10:16:57,26.7,11100,26.7,U
sz002517,恺英网络,2025-09-19 10:17:00,26.69,50300,26.7,E
sz002517,恺英网络,2025-09-19 10:17:03,26.69,20668,26.69,U
sz002517,恺英网络,2025-09-19 10:17:06,26.72,29100,26.69,U
sz002517,恺英网络,2025-09-19 10:17:15,26.73,8000,26.73,U
sz002517,恺英网络,2025-09-19 10:17:18,26.74,10700,26.73,U
sz002517,恺英网络,2025-09-19 10:18:03,26.66,9200,26.67,D
sz002517,恺英网络,2025-09-19 10:18:15,26.65,15400,26.65,D
sz002517,恺英网络,2025-09-19 10:18:27,26.64,16300,26.65,D
sz002517,恺英网络,2025-09-19 10:18:30,26.62,7600,26.64,D
sz002517,恺英网络,2025-09-19 10:18:42,26.66,37579,26.65,U
sz002517,恺英网络,2025-09-19 10:18:45,26.67,11700,26.66,U
sz002517,恺英网络,2025-09-19 10:18:48,26.68,9200,26.67,U
sz002517,恺英网络,2025-09-19 10:18:51,26.68,17500,26.68,E
sz002517,恺英网络,2025-09-19 10:18:57,26.72,8200,26.69,U
sz002517,恺英网络,2025-09-19 10:19:00,26.72,33900,26.72,D
sz002517,恺英网络,2025-09-19 10:19:09,26.74,14400,26.75,E
sz002517,恺英网络,2025-09-19 10:19:15,26.74,18700,26.72,U
sz002517,恺英网络,2025-09-19 10:19:24,26.74,8200,26.74,D
sz002517,恺英网络,2025-09-19 10:19:30,26.74,9500,26.75,D
sz002517,恺英网络,2025-09-19 10:19:33,26.74,11100,26.74,D
sz002517,恺英网络,2025-09-19 10:20:12,26.78,13100,26.76,U
sz002517,恺英网络,2025-09-19 10:20:15,26.78,8900,26.78,U
sz002517,恺英网络,2025-09-19 10:20:18,26.78,10400,26.78,U
sz002517,恺英网络,2025-09-19 10:20:21,26.8,49400,26.78,U
sz002517,恺英网络,2025-09-19 10:20:24,26.83,17700,26.8,U
sz002517,恺英网络,2025-09-19 10:20:27,26.79,11700,26.83,D
sz002517,恺英网络,2025-09-19 10:20:33,26.8,24100,26.83,U
sz002517,恺英网络,2025-09-19 10:20:36,26.8,14380,26.8,U
sz002517,恺英网络,2025-09-19 10:20:42,26.79,9100,26.8,E
sz002517,恺英网络,2025-09-19 10:20:45,26.82,212700,26.79,U
sz002517,恺英网络,2025-09-19 10:20:48,26.84,48100,26.82,E
sz002517,恺英网络,2025-09-19 10:20:51,26.9,11800,26.84,U
sz002517,恺英网络,2025-09-19 10:20:54,26.83,11600,26.9,E
sz002517,恺英网络,2025-09-19 10:20:57,26.88,78200,26.83,U
sz002517,恺英网络,2025-09-19 10:21:00,26.87,22600,26.88,E
sz002517,恺英网络,2025-09-19 10:21:03,26.83,39200,26.87,D
sz002517,恺英网络,2025-09-19 10:21:06,26.8,18500,26.83,D
sz002517,恺英网络,2025-09-19 10:21:09,26.88,14700,26.8,U
sz002517,恺英网络,2025-09-19 10:21:12,26.87,13600,26.88,U
sz002517,恺英网络,2025-09-19 10:21:15,26.87,18200,26.87,U
sz002517,恺英网络,2025-09-19 10:21:18,26.87,8100,26.87,U
sz002517,恺英网络,2025-09-19 10:21:21,26.86,7700,26.87,E
sz002517,恺英网络,2025-09-19 10:21:24,26.86,31800,26.86,U
sz002517,恺英网络,2025-09-19 10:21:27,26.87,8500,26.86,D
sz002517,恺英网络,2025-09-19 10:21:30,26.82,22900,26.87,D
sz002517,恺英网络,2025-09-19 10:21:33,26.82,13900,26.82,D
sz002517,恺英网络,2025-09-19 10:21:39,26.87,24300,26.83,E
sz002517,恺英网络,2025-09-19 10:22:15,26.85,8300,26.84,U
sz002517,恺英网络,2025-09-19 10:22:27,26.85,20600,26.85,U
sz002517,恺英网络,2025-09-19 10:22:30,26.85,11200,26.85,U
sz002517,恺英网络,2025-09-19 10:22:36,26.85,9300,26.85,D
sz002517,恺英网络,2025-09-19 10:22:42,26.83,7600,26.85,E
sz002517,恺英网络,2025-09-19 10:22:45,26.85,59600,26.83,U
sz002517,恺英网络,2025-09-19 10:22:48,26.82,16800,26.85,E
sz002517,恺英网络,2025-09-19 10:23:03,26.8,22600,26.77,U
sz002517,恺英网络,2025-09-19 10:23:09,26.86,23100,26.79,U
sz002517,恺英网络,2025-09-19 10:23:12,26.85,20200,26.86,E
sz002517,恺英网络,2025-09-19 10:23:27,26.91,11500,26.91,U
sz002517,恺英网络,2025-09-19 10:23:30,26.93,12900,26.91,U
sz002517,恺英网络,2025-09-19 10:23:33,26.91,15000,26.93,D
sz002517,恺英网络,2025-09-19 10:23:39,26.92,18700,26.93,D
sz002517,恺英网络,2025-09-19 10:23:42,26.94,23400,26.92,U
sz002517,恺英网络,2025-09-19 10:23:54,26.97,13300,26.96,U
sz002517,恺英网络,2025-09-19 10:23:57,26.97,9800,26.97,U
sz002517,恺英网络,2025-09-19 10:24:00,27.02,82700,26.97,U
sz002517,恺英网络,2025-09-19 10:24:03,26.97,16300,27.02,D
sz002517,恺英网络,2025-09-19 10:24:06,27.02,15400,26.97,U
sz002517,恺英网络,2025-09-19 10:24:09,26.97,35000,27.02,D
sz002517,恺英网络,2025-09-19 10:24:12,26.97,46900,26.97,U
sz002517,恺英网络,2025-09-19 10:24:15,26.97,38200,26.97,U
sz002517,恺英网络,2025-09-19 10:24:18,26.96,196700,26.97,E
sz002517,恺英网络,2025-09-19 10:24:21,26.83,45600,26.96,D
sz002517,恺英网络,2025-09-19 10:24:30,26.94,38400,26.9,U
sz002517,恺英网络,2025-09-19 10:24:36,26.9,16000,26.93,D
sz002517,恺英网络,2025-09-19 10:24:39,26.94,13900,26.9,U
sz002517,恺英网络,2025-09-19 10:24:42,26.95,14400,26.94,U
sz002517,恺英网络,2025-09-19 10:24:45,26.99,12400,26.95,U
sz002517,恺英网络,2025-09-19 10:24:57,27.02,19100,27.02,U
sz002517,恺英网络,2025-09-19 10:25:03,27.07,70900,27.02,U
sz002517,恺英网络,2025-09-19 10:25:06,27.06,16600,27.07,D
sz002517,恺英网络,2025-09-19 10:25:09,27.24,14400,27.06,U
sz002517,恺英网络,2025-09-19 10:25:12,27.25,23000,27.24,U
sz002517,恺英网络,2025-09-19 10:25:15,27.24,12200,27.25,E
sz002517,恺英网络,2025-09-19 10:25:18,27.24,15600,27.24,U
sz002517,恺英网络,2025-09-19 10:25:21,27.23,30900,27.24,U
sz002517,恺英网络,2025-09-19 10:25:24,27.08,9300,27.23,D
sz002517,恺英网络,2025-09-19 10:25:30,27.11,11300,27.07,U
sz002517,恺英网络,2025-09-19 10:25:33,27.11,23100,27.11,U
sz002517,恺英网络,2025-09-19 10:25:36,27.11,25800,27.11,D
sz002517,恺英网络,2025-09-19 10:25:39,27.15,123000,27.11,E
sz002517,恺英网络,2025-09-19 10:25:42,27.15,40600,27.15,U
sz002517,恺英网络,2025-09-19 10:25:45,27.15,34600,27.15,U
sz002517,恺英网络,2025-09-19 10:25:48,27.11,113800,27.15,D
sz002517,恺英网络,2025-09-19 10:25:51,27.15,30600,27.11,U
sz002517,恺英网络,2025-09-19 10:25:54,27.11,9400,27.15,E
sz002517,恺英网络,2025-09-19 10:25:57,27.11,16900,27.11,D
sz002517,恺英网络,2025-09-19 10:26:00,27.02,29800,27.11,D
sz002517,恺英网络,2025-09-19 10:26:03,27.1,31900,27.02,U
sz002517,恺英网络,2025-09-19 10:26:06,26.99,31800,27.1,D
sz002517,恺英网络,2025-09-19 10:26:09,26.99,10200,26.99,D
sz002517,恺英网络,2025-09-19 10:26:15,27.06,13700,26.99,E
sz002517,恺英网络,2025-09-19 10:26:18,26.94,23200,27.06,D
sz002517,恺英网络,2025-09-19 10:26:21,27.0,10300,26.94,D
sz002517,恺英网络,2025-09-19 10:26:24,27.04,11000,27.0,U
sz002517,恺英网络,2025-09-19 10:26:27,27.04,10200,27.04,U
sz002517,恺英网络,2025-09-19 10:26:30,27.04,8200,27.04,U
sz002517,恺英网络,2025-09-19 10:26:33,27.01,19400,27.04,D
sz002517,恺英网络,2025-09-19 10:26:39,27.0,61500,27.01,D
sz002517,恺英网络,2025-09-19 10:26:42,27.0,12300,27.0,D
sz002517,恺英网络,2025-09-19 10:26:45,26.99,9400,27.0,E
sz002517,恺英网络,2025-09-19 10:26:48,26.92,25100,26.99,E
sz002517,恺英网络,2025-09-19 10:26:51,26.92,25900,26.92,D
sz002517,恺英网络,2025-09-19 10:26:54,26.9,9600,26.92,D
sz002517,恺英网络,2025-09-19 10:26:57,26.94,9000,26.9,E
sz002517,恺英网络,2025-09-19 10:27:03,27.0,8200,26.98,U
sz002517,恺英网络,2025-09-19 10:27:24,26.97,9800,26.99,D
sz002517,恺英网络,2025-09-19 10:27:27,26.97,15400,26.97,D
sz002517,恺英网络,2025-09-19 10:27:33,26.97,8300,26.97,U
sz002517,恺英网络,2025-09-19 10:27:42,26.88,75000,26.95,D
sz002517,恺英网络,2025-09-19 10:27:45,26.88,21600,26.88,U
sz002517,恺英网络,2025-09-19 10:27:48,26.88,9200,26.88,U
sz002517,恺英网络,2025-09-19 10:27:54,26.83,9400,26.8,U
sz002517,恺英网络,2025-09-19 10:28:03,26.76,45700,26.82,D
sz002517,恺英网络,2025-09-19 10:28:06,26.75,11300,26.76,D
sz002517,恺英网络,2025-09-19 10:28:27,26.81,13500,26.79,U
sz002517,恺英网络,2025-09-19 10:28:45,26.82,9100,26.82,D
sz002517,恺英网络,2025-09-19 10:28:48,26.82,51400,26.82,U
sz002517,恺英网络,2025-09-19 10:28:51,26.84,20100,26.82,U
sz002517,恺英网络,2025-09-19 10:28:57,26.81,9800,26.78,E
sz002517,恺英网络,2025-09-19 10:29:03,26.84,10200,26.84,U
sz002517,恺英网络,2025-09-19 10:29:12,26.84,36300,26.84,D
sz002517,恺英网络,2025-09-19 10:29:15,26.89,8300,26.84,E
sz002517,恺英网络,2025-09-19 10:29:21,26.81,10600,26.82,D
sz002517,恺英网络,2025-09-19 10:29:24,26.82,12700,26.81,U
sz002517,恺英网络,2025-09-19 10:29:33,26.81,8400,26.82,D
sz002517,恺英网络,2025-09-19 10:29:45,26.82,11700,26.8,U
sz002517,恺英网络,2025-09-19 10:29:48,26.81,15200,26.82,E
sz002517,恺英网络,2025-09-19 10:29:54,26.8,15100,26.8,U
sz002517,恺英网络,2025-09-19 10:29:57,26.72,9900,26.8,D
sz002517,恺英网络,2025-09-19 10:30:00,26.78,15600,26.72,E
sz002517,恺英网络,2025-09-19 10:30:03,26.8,11300,26.78,U
sz002517,恺英网络,2025-09-19 10:30:15,26.8,11800,26.76,U
sz002517,恺英网络,2025-09-19 10:30:18,26.78,12000,26.8,D
sz002517,恺英网络,2025-09-19 10:30:27,26.8,7600,26.8,U
sz002517,恺英网络,2025-09-19 10:30:30,26.81,8500,26.8,U
sz002517,恺英网络,2025-09-19 10:30:54,26.8,38700,26.83,D
sz002517,恺英网络,2025-09-19 10:31:09,26.79,12200,26.74,U
sz002517,恺英网络,2025-09-19 10:31:18,26.78,11600,26.75,E
sz002517,恺英网络,2025-09-19 10:31:36,26.76,18200,26.75,U
sz002517,恺英网络,2025-09-19 10:32:06,26.77,9600,26.76,U
sz002517,恺英网络,2025-09-19 10:32:21,26.78,14000,26.78,D
sz002517,恺英网络,2025-09-19 10:32:24,26.75,10500,26.78,D
sz002517,恺英网络,2025-09-19 10:32:45,26.71,12700,26.72,D
sz002517,恺英网络,2025-09-19 10:33:33,26.74,10800,26.76,D
sz002517,恺英网络,2025-09-19 10:33:39,26.75,10700,26.72,U
sz002517,恺英网络,2025-09-19 10:34:15,26.79,8500,26.79,U
sz002517,恺英网络,2025-09-19 10:34:51,26.85,7700,26.81,U
sz002517,恺英网络,2025-09-19 10:35:15,26.85,13300,26.82,U
sz002517,恺英网络,2025-09-19 10:35:24,26.83,9200,26.83,D
sz002517,恺英网络,2025-09-19 10:35:33,26.86,8600,26.86,U
sz002517,恺英网络,2025-09-19 10:35:42,26.95,13900,26.86,U
sz002517,恺英网络,2025-09-19 10:35:57,26.88,25700,26.88,D
sz002517,恺英网络,2025-09-19 10:36:00,26.91,8900,26.88,U
sz002517,恺英网络,2025-09-19 10:36:15,26.92,7700,26.92,U
sz002517,恺英网络,2025-09-19 10:36:42,26.85,11000,26.85,U
sz002517,恺英网络,2025-09-19 10:36:51,26.9,10100,26.87,U
sz002517,恺英网络,2025-09-19 10:37:03,26.87,8600,26.9,D
sz002517,恺英网络,2025-09-19 10:37:06,26.87,13600,26.87,D
sz002517,恺英网络,2025-09-19 10:37:27,26.86,15500,26.83,U
sz002517,恺英网络,2025-09-19 10:37:39,26.82,7700,26.82,D
sz002517,恺英网络,2025-09-19 10:38:09,26.86,39600,26.85,U
sz002517,恺英网络,2025-09-19 10:38:24,26.89,12200,26.89,D
sz002517,恺英网络,2025-09-19 10:38:36,26.9,11700,26.9,D
sz002517,恺英网络,2025-09-19 10:38:39,26.93,23300,26.9,U
sz002517,恺英网络,2025-09-19 10:38:48,26.93,7800,26.92,U
sz002517,恺英网络,2025-09-19 10:39:03,26.91,13900,26.92,D
sz002517,恺英网络,2025-09-19 10:39:12,26.88,146100,26.93,D
sz002517,恺英网络,2025-09-19 10:39:15,26.88,40700,26.88,U
sz002517,恺英网络,2025-09-19 10:39:18,26.9,17400,26.88,U
sz002517,恺英网络,2025-09-19 10:39:21,26.81,7800,26.9,D
sz002517,恺英网络,2025-09-19 10:39:24,26.89,8700,26.81,U
sz002517,恺英网络,2025-09-19 10:40:15,26.88,11900,26.85,U
sz002517,恺英网络,2025-09-19 10:41:30,26.88,7600,26.89,D
sz002517,恺英网络,2025-09-19 10:41:33,26.9,13900,26.88,U
sz002517,恺英网络,2025-09-19 10:41:36,26.9,24600,26.9,U
sz002517,恺英网络,2025-09-19 10:41:39,26.9,9500,26.9,U
sz002517,恺英网络,2025-09-19 10:41:57,26.88,7500,26.85,E
sz002517,恺英网络,2025-09-19 10:42:03,26.91,15500,26.86,U
sz002517,恺英网络,2025-09-19 10:42:54,26.89,7600,26.88,U
sz002517,恺英网络,2025-09-19 10:43:09,26.87,12100,26.82,U
sz002517,恺英网络,2025-09-19 10:43:15,26.81,20500,26.82,D
sz002517,恺英网络,2025-09-19 10:43:54,26.85,7800,26.83,U
sz002517,恺英网络,2025-09-19 10:44:18,26.81,13200,26.82,D
sz002517,恺英网络,2025-09-19 10:44:27,26.85,8200,26.81,U
sz002517,恺英网络,2025-09-19 10:44:45,26.81,10000,26.84,D
sz002517,恺英网络,2025-09-19 10:44:48,26.82,58800,26.81,E
sz002517,恺英网络,2025-09-19 10:45:03,26.82,9500,26.78,U
sz002517,恺英网络,2025-09-19 10:45:06,26.79,9000,26.82,U
sz002517,恺英网络,2025-09-19 10:45:18,26.75,10300,26.8,D
sz002517,恺英网络,2025-09-19 10:45:21,26.78,13100,26.75,U
sz002517,恺英网络,2025-09-19 10:45:42,26.78,8200,26.76,U
sz002517,恺英网络,2025-09-19 10:46:03,26.88,15400,26.76,U
sz002517,恺英网络,2025-09-19 10:46:45,26.8,12900,26.8,D
sz002517,恺英网络,2025-09-19 10:46:57,26.77,9800,26.76,D
sz002517,恺英网络,2025-09-19 10:48:09,26.75,8500,26.79,D
sz002517,恺英网络,2025-09-19 10:48:24,26.76,16700,26.76,U
sz002517,恺英网络,2025-09-19 10:48:36,26.76,15800,26.78,D
sz002517,恺英网络,2025-09-19 10:48:39,26.73,40600,26.76,D
sz002517,恺英网络,2025-09-19 10:48:42,26.73,11100,26.73,U
sz002517,恺英网络,2025-09-19 10:48:48,26.7,23500,26.72,D
sz002517,恺英网络,2025-09-19 10:48:51,26.7,49900,26.7,D
sz002517,恺英网络,2025-09-19 10:48:54,26.66,17600,26.7,D
sz002517,恺英网络,2025-09-19 10:48:57,26.69,7600,26.66,D
sz002517,恺英网络,2025-09-19 10:49:12,26.65,9800,26.65,D
sz002517,恺英网络,2025-09-19 10:49:15,26.66,15300,26.65,U
sz002517,恺英网络,2025-09-19 10:49:48,26.66,15300,26.66,D
sz002517,恺英网络,2025-09-19 10:50:00,26.7,10900,26.66,U
sz002517,恺英网络,2025-09-19 10:50:45,26.68,9100,26.68,D
sz002517,恺英网络,2025-09-19 10:51:27,26.72,14000,26.71,U
sz002517,恺英网络,2025-09-19 10:51:30,26.72,10200,26.72,D
sz002517,恺英网络,2025-09-19 10:51:33,26.71,37700,26.72,D
sz002517,恺英网络,2025-09-19 10:51:36,26.73,19600,26.71,U
sz002517,恺英网络,2025-09-19 10:51:51,26.7,9100,26.69,U
sz002517,恺英网络,2025-09-19 10:51:54,26.69,15700,26.7,D
sz002517,恺英网络,2025-09-19 10:52:00,26.7,15000,26.7,U
sz002517,恺英网络,2025-09-19 10:52:06,26.69,84200,26.68,U
sz002517,恺英网络,2025-09-19 10:52:09,26.65,18000,26.69,D
sz002517,恺英网络,2025-09-19 10:52:12,26.66,20700,26.65,E
sz002517,恺英网络,2025-09-19 10:52:18,26.63,14200,26.64,D
sz002517,恺英网络,2025-09-19 10:52:30,26.66,43200,26.65,U
sz002517,恺英网络,2025-09-19 10:52:42,26.62,14300,26.63,D
sz002517,恺英网络,2025-09-19 10:52:57,26.63,16600,26.63,D
sz002517,恺英网络,2025-09-19 10:53:21,26.62,16900,26.62,D
sz002517,恺英网络,2025-09-19 10:53:24,26.63,30300,26.62,E
sz002517,恺英网络,2025-09-19 10:53:27,26.6,20200,26.63,D
sz002517,恺英网络,2025-09-19 10:53:30,26.61,9900,26.6,U
sz002517,恺英网络,2025-09-19 10:53:33,26.6,7600,26.61,D
sz002517,恺英网络,2025-09-19 10:53:36,26.55,336200,26.6,D
sz002517,恺英网络,2025-09-19 10:53:39,26.56,32500,26.55,U
sz002517,恺英网络,2025-09-19 10:53:42,26.55,10700,26.56,D
sz002517,恺英网络,2025-09-19 10:53:45,26.55,14800,26.55,D
sz002517,恺英网络,2025-09-19 10:53:54,26.56,9700,26.55,D
sz002517,恺英网络,2025-09-19 10:53:57,26.57,103400,26.56,U
sz002517,恺英网络,2025-09-19 10:54:00,26.58,20900,26.57,U
sz002517,恺英网络,2025-09-19 10:54:09,26.59,17200,26.57,U
sz002517,恺英网络,2025-09-19 10:54:18,26.57,10500,26.59,D
sz002517,恺英网络,2025-09-19 10:54:33,26.55,10900,26.57,D
sz002517,恺英网络,2025-09-19 10:54:36,26.57,10300,26.55,U
sz002517,恺英网络,2025-09-19 10:54:39,26.58,9800,26.57,E
sz002517,恺英网络,2025-09-19 10:55:03,26.59,12200,26.6,D
sz002517,恺英网络,2025-09-19 10:55:12,26.55,8900,26.55,D
sz002517,恺英网络,2025-09-19 10:55:45,26.55,18300,26.53,U
sz002517,恺英网络,2025-09-19 10:56:03,26.55,31800,26.55,D
sz002517,恺英网络,2025-09-19 10:56:18,26.54,8400,26.54,D
sz002517,恺英网络,2025-09-19 10:56:57,26.53,16700,26.54,D
sz002517,恺英网络,2025-09-19 10:57:00,26.54,27800,26.53,U
sz002517,恺英网络,2025-09-19 10:57:03,26.54,20600,26.54,D
sz002517,恺英网络,2025-09-19 10:57:06,26.54,14600,26.54,U
sz002517,恺英网络,2025-09-19 10:57:09,26.53,8500,26.54,D
sz002517,恺英网络,2025-09-19 10:57:12,26.54,8400,26.53,U
sz002517,恺英网络,2025-09-19 10:57:30,26.53,11700,26.54,D
sz002517,恺英网络,2025-09-19 10:57:33,26.53,11600,26.53,D
sz002517,恺英网络,2025-09-19 10:57:36,26.53,8700,26.53,D
sz002517,恺英网络,2025-09-19 10:57:45,26.53,8400,26.53,D
sz002517,恺英网络,2025-09-19 10:57:48,26.53,11500,26.53,D
sz002517,恺英网络,2025-09-19 10:57:51,26.54,11300,26.53,U
sz002517,恺英网络,2025-09-19 10:58:06,26.54,9600,26.54,D
sz002517,恺英网络,2025-09-19 10:58:09,26.54,25000,26.54,D
sz002517,恺英网络,2025-09-19 10:58:12,26.54,9600,26.54,U
sz002517,恺英网络,2025-09-19 10:58:21,26.52,9400,26.53,D
sz002517,恺英网络,2025-09-19 10:58:39,26.52,11200,26.53,D
sz002517,恺英网络,2025-09-19 10:58:42,26.52,8100,26.52,D
sz002517,恺英网络,2025-09-19 10:58:57,26.55,18800,26.54,U
sz002517,恺英网络,2025-09-19 10:59:36,26.59,15700,26.6,E
sz002517,恺英网络,2025-09-19 10:59:39,26.6,9900,26.59,U
sz002517,恺英网络,2025-09-19 11:00:33,26.65,236200,26.63,E
sz002517,恺英网络,2025-09-19 11:00:39,26.62,7800,26.66,D
sz002517,恺英网络,2025-09-19 11:01:06,26.65,9800,26.63,D
sz002517,恺英网络,2025-09-19 11:01:39,26.62,12300,26.62,U
sz002517,恺英网络,2025-09-19 11:01:45,26.62,14100,26.62,D
sz002517,恺英网络,2025-09-19 11:02:06,26.6,9800,26.6,U
sz002517,恺英网络,2025-09-19 11:02:48,26.54,10400,26.56,D
sz002517,恺英网络,2025-09-19 11:02:54,26.54,8700,26.55,D
sz002517,恺英网络,2025-09-19 11:03:06,26.55,11800,26.55,U
sz002517,恺英网络,2025-09-19 11:03:24,26.57,12600,26.56,U
sz002517,恺英网络,2025-09-19 11:04:21,26.57,8200,26.57,U
sz002517,恺英网络,2025-09-19 11:04:42,26.56,16200,26.55,U
sz002517,恺英网络,2025-09-19 11:05:06,26.56,10200,26.56,D
sz002517,恺英网络,2025-09-19 11:05:24,26.59,8100,26.58,U
sz002517,恺英网络,2025-09-19 11:06:15,26.7,10600,26.63,U
sz002517,恺英网络,2025-09-19 11:06:21,26.64,16100,26.64,D
sz002517,恺英网络,2025-09-19 11:06:42,26.63,7700,26.62,U
sz002517,恺英网络,2025-09-19 11:06:45,26.66,21000,26.63,U
sz002517,恺英网络,2025-09-19 11:06:54,26.67,11800,26.66,U
sz002517,恺英网络,2025-09-19 11:07:00,26.67,9000,26.68,D
sz002517,恺英网络,2025-09-19 11:07:15,26.67,8900,26.7,D
sz002517,恺英网络,2025-09-19 11:07:42,26.67,9200,26.67,D
sz002517,恺英网络,2025-09-19 11:07:57,26.69,15800,26.67,U
sz002517,恺英网络,2025-09-19 11:08:09,26.78,8600,26.73,U
sz002517,恺英网络,2025-09-19 11:08:24,26.78,18800,26.76,U
sz002517,恺英网络,2025-09-19 11:08:30,26.75,10000,26.76,D
sz002517,恺英网络,2025-09-19 11:08:33,26.74,13300,26.75,D
sz002517,恺英网络,2025-09-19 11:08:36,26.77,10300,26.74,U
sz002517,恺英网络,2025-09-19 11:08:42,26.76,9600,26.76,U
sz002517,恺英网络,2025-09-19 11:08:45,26.78,21100,26.76,U
sz002517,恺英网络,2025-09-19 11:08:51,26.78,29800,26.78,U
sz002517,恺英网络,2025-09-19 11:08:54,26.77,11700,26.78,E
sz002517,恺英网络,2025-09-19 11:09:36,26.65,24900,26.71,D
sz002517,恺英网络,2025-09-19 11:09:39,26.65,7900,26.65,D
sz002517,恺英网络,2025-09-19 11:09:42,26.6,104100,26.65,D
sz002517,恺英网络,2025-09-19 11:09:57,26.61,12900,26.65,D
sz002517,恺英网络,2025-09-19 11:10:09,26.67,9100,26.62,U
sz002517,恺英网络,2025-09-19 11:10:57,26.67,10300,26.7,D
sz002517,恺英网络,2025-09-19 11:11:00,26.7,13000,26.67,U
sz002517,恺英网络,2025-09-19 11:11:24,26.72,21800,26.72,U
sz002517,恺英网络,2025-09-19 11:11:30,26.72,11100,26.71,U
sz002517,恺英网络,2025-09-19 11:11:36,26.75,16200,26.71,U
sz002517,恺英网络,2025-09-19 11:11:54,26.71,29500,26.74,D
sz002517,恺英网络,2025-09-19 11:13:06,26.62,12400,26.65,D
sz002517,恺英网络,2025-09-19 11:13:42,26.67,21400,26.66,U
sz002517,恺英网络,2025-09-19 11:13:48,26.66,7800,26.66,U
sz002517,恺英网络,2025-09-19 11:13:54,26.68,31700,26.66,U
sz002517,恺英网络,2025-09-19 11:13:57,26.69,33000,26.68,U
sz002517,恺英网络,2025-09-19 11:14:00,26.69,11400,26.69,U
sz002517,恺英网络,2025-09-19 11:14:03,26.7,13100,26.69,U
sz002517,恺英网络,2025-09-19 11:14:09,26.71,15700,26.71,U
sz002517,恺英网络,2025-09-19 11:14:12,26.71,10000,26.71,U
sz002517,恺英网络,2025-09-19 11:14:18,26.71,11600,26.71,U
sz002517,恺英网络,2025-09-19 11:14:24,26.71,12400,26.71,U
sz002517,恺英网络,2025-09-19 11:14:39,26.67,9500,26.67,D
sz002517,恺英网络,2025-09-19 11:17:09,26.67,19300,26.7,D
sz002517,恺英网络,2025-09-19 11:17:12,26.65,9900,26.67,D
sz002517,恺英网络,2025-09-19 11:17:15,26.65,8700,26.65,D
sz002517,恺英网络,2025-09-19 11:18:12,26.65,8500,26.63,U
sz002517,恺英网络,2025-09-19 11:19:33,26.63,12400,26.63,D
sz002517,恺英网络,2025-09-19 11:19:51,26.63,14300,26.64,D
sz002517,恺英网络,2025-09-19 11:20:09,26.63,10100,26.63,D
sz002517,恺英网络,2025-09-19 11:20:18,26.64,27000,26.63,U
sz002517,恺英网络,2025-09-19 11:20:21,26.62,14800,26.64,D
sz002517,恺英网络,2025-09-19 11:20:24,26.6,20600,26.62,D
sz002517,恺英网络,2025-09-19 11:20:27,26.6,9500,26.6,D
sz002517,恺英网络,2025-09-19 11:20:30,26.6,9100,26.6,D
sz002517,恺英网络,2025-09-19 11:20:33,26.6,9500,26.6,D
sz002517,恺英网络,2025-09-19 11:20:36,26.57,9400,26.6,D
sz002517,恺英网络,2025-09-19 11:20:45,26.59,7800,26.57,U
sz002517,恺英网络,2025-09-19 11:21:21,26.57,9600,26.57,D
sz002517,恺英网络,2025-09-19 11:21:24,26.56,11100,26.57,D
sz002517,恺英网络,2025-09-19 11:22:18,26.56,26800,26.55,U
sz002517,恺英网络,2025-09-19 11:23:06,26.58,8000,26.58,U
sz002517,恺英网络,2025-09-19 11:24:39,26.65,7800,26.64,E
sz002517,恺英网络,2025-09-19 11:24:42,26.68,19900,26.65,U
sz002517,恺英网络,2025-09-19 11:24:45,26.68,8700,26.68,U
sz002517,恺英网络,2025-09-19 11:24:57,26.68,13100,26.67,U
sz002517,恺英网络,2025-09-19 11:25:51,26.6,9300,26.61,D
sz002517,恺英网络,2025-09-19 11:26:06,26.6,10000,26.6,D
sz002517,恺英网络,2025-09-19 11:26:39,26.59,7700,26.58,U
sz002517,恺英网络,2025-09-19 11:26:48,26.59,14800,26.58,U
sz002517,恺英网络,2025-09-19 11:26:51,26.59,10700,26.59,U
sz002517,恺英网络,2025-09-19 11:27:45,26.58,7700,26.58,U
sz002517,恺英网络,2025-09-19 11:27:51,26.6,8600,26.58,U
sz002517,恺英网络,2025-09-19 11:28:45,26.61,7900,26.61,D
sz002517,恺英网络,2025-09-19 11:28:48,26.58,9500,26.61,D
sz002517,恺英网络,2025-09-19 11:29:45,26.6,7600,26.6,D
sz002517,恺英网络,2025-09-19 11:29:57,26.62,7800,26.59,U
sz002517,恺英网络,2025-09-19 13:00:00,26.63,10600,26.62,U
sz002517,恺英网络,2025-09-19 13:00:03,26.65,22200,26.63,U
sz002517,恺英网络,2025-09-19 13:00:06,26.63,69300,26.65,D
sz002517,恺英网络,2025-09-19 13:00:09,26.61,40300,26.63,D
sz002517,恺英网络,2025-09-19 13:00:12,26.57,44900,26.61,D
sz002517,恺英网络,2025-09-19 13:00:15,26.57,8800,26.57,U
sz002517,恺英网络,2025-09-19 13:00:24,26.59,8800,26.57,U
sz002517,恺英网络,2025-09-19 13:01:54,26.58,9100,26.57,U
sz002517,恺英网络,2025-09-19 13:02:03,26.68,16700,26.58,U
sz002517,恺英网络,2025-09-19 13:02:12,26.69,7800,26.69,U
sz002517,恺英网络,2025-09-19 13:02:42,26.69,17300,26.68,U
sz002517,恺英网络,2025-09-19 13:02:48,26.7,8200,26.69,U
sz002517,恺英网络,2025-09-19 13:02:51,26.71,8600,26.7,U
sz002517,恺英网络,2025-09-19 13:03:06,26.7,20700,26.73,D
sz002517,恺英网络,2025-09-19 13:03:36,26.7,21000,26.69,U
sz002517,恺英网络,2025-09-19 13:04:42,26.71,48600,26.71,U
sz002517,恺英网络,2025-09-19 13:04:45,26.68,9800,26.71,D
sz002517,恺英网络,2025-09-19 13:05:03,26.71,9300,26.7,U
sz002517,恺英网络,2025-09-19 13:05:18,26.7,33300,26.68,U
sz002517,恺英网络,2025-09-19 13:05:21,26.71,33000,26.7,U
sz002517,恺英网络,2025-09-19 13:05:24,26.74,8900,26.71,U
sz002517,恺英网络,2025-09-19 13:05:27,26.74,36600,26.74,U
sz002517,恺英网络,2025-09-19 13:05:30,26.74,8500,26.74,U
sz002517,恺英网络,2025-09-19 13:05:33,26.74,8400,26.74,U
sz002517,恺英网络,2025-09-19 13:05:48,26.67,58600,26.73,D
sz002517,恺英网络,2025-09-19 13:05:51,26.73,8200,26.67,E
sz002517,恺英网络,2025-09-19 13:06:00,26.75,48700,26.73,U
sz002517,恺英网络,2025-09-19 13:06:03,26.7,9700,26.75,D
sz002517,恺英网络,2025-09-19 13:06:12,26.76,7900,26.67,U
sz002517,恺英网络,2025-09-19 13:06:15,26.75,7600,26.76,D
sz002517,恺英网络,2025-09-19 13:07:03,26.7,11600,26.7,D
sz002517,恺英网络,2025-09-19 13:08:30,26.74,20500,26.74,U
sz002517,恺英网络,2025-09-19 13:08:36,26.75,15800,26.73,U
sz002517,恺英网络,2025-09-19 13:08:54,26.74,10900,26.75,D
sz002517,恺英网络,2025-09-19 13:09:18,26.76,7900,26.74,U
sz002517,恺英网络,2025-09-19 13:09:48,26.77,13800,26.77,D
sz002517,恺英网络,2025-09-19 13:09:51,26.79,19000,26.77,U
sz002517,恺英网络,2025-09-19 13:09:54,26.82,26300,26.79,U
sz002517,恺英网络,2025-09-19 13:10:06,26.81,154100,26.78,U
sz002517,恺英网络,2025-09-19 13:10:18,26.83,44900,26.77,U
sz002517,恺英网络,2025-09-19 13:10:21,26.77,8400,26.83,E
sz002517,恺英网络,2025-09-19 13:10:24,26.82,9200,26.77,U
sz002517,恺英网络,2025-09-19 13:10:42,26.83,14700,26.83,U
sz002517,恺英网络,2025-09-19 13:10:51,26.77,10900,26.82,D
sz002517,恺英网络,2025-09-19 13:11:42,26.82,9100,26.82,U
sz002517,恺英网络,2025-09-19 13:12:06,26.82,9300,26.81,U
sz002517,恺英网络,2025-09-19 13:12:45,26.8,13100,26.8,D
sz002517,恺英网络,2025-09-19 13:13:39,26.82,7900,26.82,U
sz002517,恺英网络,2025-09-19 13:13:42,26.82,8500,26.82,D
sz002517,恺英网络,2025-09-19 13:13:54,26.82,24400,26.82,U
sz002517,恺英网络,2025-09-19 13:15:00,26.81,12100,26.81,D
sz002517,恺英网络,2025-09-19 13:15:03,26.81,7700,26.81,U
sz002517,恺英网络,2025-09-19 13:15:09,26.83,86300,26.81,U
sz002517,恺英网络,2025-09-19 13:15:12,26.83,9800,26.83,D
sz002517,恺英网络,2025-09-19 13:15:15,26.9,64900,26.83,U
sz002517,恺英网络,2025-09-19 13:15:18,26.91,27100,26.9,U
sz002517,恺英网络,2025-09-19 13:15:24,26.9,19600,26.91,D
sz002517,恺英网络,2025-09-19 13:15:27,26.87,10200,26.9,D
sz002517,恺英网络,2025-09-19 13:15:33,26.91,9300,26.9,U
sz002517,恺英网络,2025-09-19 13:15:54,26.89,15200,26.89,U
sz002517,恺英网络,2025-09-19 13:16:00,26.81,11800,26.87,D
sz002517,恺英网络,2025-09-19 13:16:03,26.81,37000,26.81,D
sz002517,恺英网络,2025-09-19 13:16:12,26.89,9300,26.88,U
sz002517,恺英网络,2025-09-19 13:16:15,26.89,13200,26.89,U
sz002517,恺英网络,2025-09-19 13:16:21,26.9,8000,26.89,U
sz002517,恺英网络,2025-09-19 13:16:24,26.95,16800,26.9,U
sz002517,恺英网络,2025-09-19 13:16:27,26.9,10800,26.95,D
sz002517,恺英网络,2025-09-19 13:16:30,26.97,14400,26.9,U
sz002517,恺英网络,2025-09-19 13:16:36,26.96,9200,26.92,U
sz002517,恺英网络,2025-09-19 13:16:39,26.99,16900,26.96,U
sz002517,恺英网络,2025-09-19 13:16:42,26.97,10900,26.99,E
sz002517,恺英网络,2025-09-19 13:16:45,26.96,12300,26.97,D
sz002517,恺英网络,2025-09-19 13:16:48,26.98,13600,26.96,U
sz002517,恺英网络,2025-09-19 13:16:54,26.97,10100,26.97,U
sz002517,恺英网络,2025-09-19 13:16:57,26.94,7500,26.97,D
sz002517,恺英网络,2025-09-19 13:17:00,26.96,58600,26.94,U
sz002517,恺英网络,2025-09-19 13:17:03,26.96,20400,26.96,U
sz002517,恺英网络,2025-09-19 13:17:06,26.96,14200,26.96,E
sz002517,恺英网络,2025-09-19 13:17:09,26.92,8300,26.96,D
sz002517,恺英网络,2025-09-19 13:17:12,26.96,8400,26.92,U
sz002517,恺英网络,2025-09-19 13:17:15,26.95,16400,26.96,U
sz002517,恺英网络,2025-09-19 13:17:33,26.93,19600,26.92,E
sz002517,恺英网络,2025-09-19 13:17:51,26.93,8300,26.93,D
sz002517,恺英网络,2025-09-19 13:18:00,26.94,7900,26.94,U
sz002517,恺英网络,2025-09-19 13:18:12,26.95,18700,26.95,U
sz002517,恺英网络,2025-09-19 13:18:18,26.94,70600,26.95,E
sz002517,恺英网络,2025-09-19 13:18:36,26.9,8000,26.9,D
sz002517,恺英网络,2025-09-19 13:18:51,26.89,28800,26.9,D
sz002517,恺英网络,2025-09-19 13:18:54,26.9,8900,26.89,E
sz002517,恺英网络,2025-09-19 13:19:00,26.92,106500,26.9,U
sz002517,恺英网络,2025-09-19 13:19:06,26.92,17600,26.92,U
sz002517,恺英网络,2025-09-19 13:19:12,26.92,11800,26.92,E
sz002517,恺英网络,2025-09-19 13:20:00,26.89,13700,26.9,D
sz002517,恺英网络,2025-09-19 13:20:18,26.86,8300,26.88,D
sz002517,恺英网络,2025-09-19 13:21:12,26.82,9500,26.84,D
sz002517,恺英网络,2025-09-19 13:21:15,26.85,10100,26.82,U
sz002517,恺英网络,2025-09-19 13:22:09,26.85,16000,26.86,D
sz002517,恺英网络,2025-09-19 13:22:36,26.83,7700,26.82,U
sz002517,恺英网络,2025-09-19 13:22:45,26.83,70400,26.83,D
sz002517,恺英网络,2025-09-19 13:23:00,26.81,11200,26.82,D
sz002517,恺英网络,2025-09-19 13:23:36,26.8,30800,26.81,D
sz002517,恺英网络,2025-09-19 13:24:06,26.8,14500,26.8,U
sz002517,恺英网络,2025-09-19 13:24:09,26.8,22500,26.8,U
sz002517,恺英网络,2025-09-19 13:24:36,26.82,35000,26.82,U
sz002517,恺英网络,2025-09-19 13:25:15,26.75,25900,26.77,D
sz002517,恺英网络,2025-09-19 13:25:21,26.75,43900,26.75,D
sz002517,恺英网络,2025-09-19 13:25:36,26.77,46900,26.78,D
sz002517,恺英网络,2025-09-19 13:25:51,26.8,21000,26.76,U
sz002517,恺英网络,2025-09-19 13:26:12,26.83,13000,26.81,U
sz002517,恺英网络,2025-09-19 13:26:15,26.84,10000,26.83,U
sz002517,恺英网络,2025-09-19 13:26:33,26.85,53800,26.85,D
sz002517,恺英网络,2025-09-19 13:26:39,26.87,8900,26.86,U
sz002517,恺英网络,2025-09-19 13:27:18,26.86,9300,26.87,D
sz002517,恺英网络,2025-09-19 13:27:30,26.85,16400,26.84,U
sz002517,恺英网络,2025-09-19 13:27:33,26.81,13300,26.85,D
sz002517,恺英网络,2025-09-19 13:27:48,26.8,13500,26.8,D
sz002517,恺英网络,2025-09-19 13:27:57,26.78,11000,26.8,D
sz002517,恺英网络,2025-09-19 13:28:00,26.78,8500,26.78,U
sz002517,恺英网络,2025-09-19 13:28:21,26.78,9000,26.78,U
sz002517,恺英网络,2025-09-19 13:28:42,26.76,36500,26.77,D
sz002517,恺英网络,2025-09-19 13:28:51,26.75,10200,26.76,D
sz002517,恺英网络,2025-09-19 13:29:00,26.75,8100,26.76,D
sz002517,恺英网络,2025-09-19 13:29:42,26.74,11800,26.74,D
sz002517,恺英网络,2025-09-19 13:30:00,26.73,28500,26.74,D
sz002517,恺英网络,2025-09-19 13:30:54,26.71,12600,26.71,D
sz002517,恺英网络,2025-09-19 13:31:15,26.75,114000,26.71,U
sz002517,恺英网络,2025-09-19 13:31:54,26.75,9800,26.74,U
sz002517,恺英网络,2025-09-19 13:32:12,26.73,21000,26.74,D
sz002517,恺英网络,2025-09-19 13:32:15,26.72,17000,26.73,D
sz002517,恺英网络,2025-09-19 13:32:18,26.7,16800,26.72,D
sz002517,恺英网络,2025-09-19 13:32:21,26.7,16000,26.7,D
sz002517,恺英网络,2025-09-19 13:32:27,26.7,7800,26.7,D
sz002517,恺英网络,2025-09-19 13:32:54,26.68,11100,26.69,D
sz002517,恺英网络,2025-09-19 13:33:54,26.7,70900,26.68,U
sz002517,恺英网络,2025-09-19 13:34:06,26.69,13400,26.68,U
sz002517,恺英网络,2025-09-19 13:34:12,26.66,8400,26.67,D
sz002517,恺英网络,2025-09-19 13:34:24,26.66,19400,26.66,U
sz002517,恺英网络,2025-09-19 13:34:51,26.68,18500,26.66,U
sz002517,恺英网络,2025-09-19 13:35:06,26.7,15700,26.69,U
sz002517,恺英网络,2025-09-19 13:35:15,26.68,94800,26.7,D
sz002517,恺英网络,2025-09-19 13:36:09,26.68,8100,26.69,D
sz002517,恺英网络,2025-09-19 13:36:21,26.68,10600,26.67,U
sz002517,恺英网络,2025-09-19 13:36:54,26.68,12200,26.68,D
sz002517,恺英网络,2025-09-19 13:37:06,26.67,12700,26.68,D
sz002517,恺英网络,2025-09-19 13:37:12,26.67,7600,26.67,U
sz002517,恺英网络,2025-09-19 13:37:18,26.66,81800,26.66,D
sz002517,恺英网络,2025-09-19 13:37:54,26.62,11900,26.63,D
sz002517,恺英网络,2025-09-19 13:38:30,26.62,21700,26.63,D
sz002517,恺英网络,2025-09-19 13:38:45,26.64,91300,26.63,U
sz002517,恺英网络,2025-09-19 13:38:51,26.67,26300,26.64,U
sz002517,恺英网络,2025-09-19 13:39:03,26.72,29900,26.7,U
sz002517,恺英网络,2025-09-19 13:39:09,26.68,13100,26.68,E
sz002517,恺英网络,2025-09-19 13:40:54,26.67,8100,26.67,D
sz002517,恺英网络,2025-09-19 13:41:30,26.67,15200,26.67,D
sz002517,恺英网络,2025-09-19 13:41:42,26.66,11500,26.67,D
sz002517,恺英网络,2025-09-19 13:41:45,26.66,8600,26.66,D
sz002517,恺英网络,2025-09-19 13:41:48,26.66,10600,26.66,U
sz002517,恺英网络,2025-09-19 13:42:30,26.61,53500,26.62,D
sz002517,恺英网络,2025-09-19 13:42:33,26.61,11300,26.61,D
sz002517,恺英网络,2025-09-19 13:42:51,26.6,9200,26.6,D
sz002517,恺英网络,2025-09-19 13:42:54,26.6,21900,26.6,D
sz002517,恺英网络,2025-09-19 13:43:00,26.6,9700,26.61,D
sz002517,恺英网络,2025-09-19 13:43:12,26.6,7600,26.61,D
sz002517,恺英网络,2025-09-19 13:43:24,26.6,10700,26.61,D
sz002517,恺英网络,2025-09-19 13:43:51,26.61,44300,26.61,D
sz002517,恺英网络,2025-09-19 13:44:12,26.59,10000,26.61,D
sz002517,恺英网络,2025-09-19 13:44:15,26.61,11000,26.59,U
sz002517,恺英网络,2025-09-19 13:44:30,26.57,35200,26.61,D
sz002517,恺英网络,2025-09-19 13:44:54,26.62,9000,26.62,U
sz002517,恺英网络,2025-09-19 13:45:12,26.58,53500,26.61,D
sz002517,恺英网络,2025-09-19 13:45:24,26.61,7706,26.6,U
sz002517,恺英网络,2025-09-19 13:45:36,26.61,11500,26.62,D
sz002517,恺英网络,2025-09-19 13:45:54,26.62,10700,26.62,D
sz002517,恺英网络,2025-09-19 13:46:03,26.62,12000,26.62,U
sz002517,恺英网络,2025-09-19 13:46:09,26.64,59600,26.62,U
sz002517,恺英网络,2025-09-19 13:46:12,26.67,20700,26.64,U
sz002517,恺英网络,2025-09-19 13:46:54,26.68,12600,26.67,U
sz002517,恺英网络,2025-09-19 13:46:57,26.68,19000,26.68,E
sz002517,恺英网络,2025-09-19 13:47:06,26.65,15800,26.66,D
sz002517,恺英网络,2025-09-19 13:47:09,26.65,11000,26.65,U
sz002517,恺英网络,2025-09-19 13:47:24,26.64,8000,26.62,U
sz002517,恺英网络,2025-09-19 13:47:57,26.63,12500,26.64,D
sz002517,恺英网络,2025-09-19 13:48:03,26.61,12900,26.62,D
sz002517,恺英网络,2025-09-19 13:48:30,26.62,12300,26.62,D
sz002517,恺英网络,2025-09-19 13:48:54,26.63,9600,26.62,U
sz002517,恺英网络,2025-09-19 13:48:57,26.63,12300,26.63,U
sz002517,恺英网络,2025-09-19 13:49:06,26.64,12200,26.62,U
sz002517,恺英网络,2025-09-19 13:49:09,26.64,10100,26.64,U
sz002517,恺英网络,2025-09-19 13:49:48,26.64,8100,26.65,D
sz002517,恺英网络,2025-09-19 13:49:54,26.64,10900,26.64,D
sz002517,恺英网络,2025-09-19 13:50:12,26.63,15800,26.64,D
sz002517,恺英网络,2025-09-19 13:50:21,26.62,8000,26.63,D
sz002517,恺英网络,2025-09-19 13:50:24,26.62,10600,26.62,D
sz002517,恺英网络,2025-09-19 13:50:30,26.6,59400,26.61,D
sz002517,恺英网络,2025-09-19 13:50:33,26.61,9000,26.6,U
sz002517,恺英网络,2025-09-19 13:50:48,26.58,12000,26.58,D
sz002517,恺英网络,2025-09-19 13:51:03,26.59,15300,26.58,U
sz002517,恺英网络,2025-09-19 13:51:15,26.59,10400,26.59,U
sz002517,恺英网络,2025-09-19 13:51:39,26.59,9900,26.59,D
sz002517,恺英网络,2025-09-19 13:51:54,26.6,10900,26.59,U
sz002517,恺英网络,2025-09-19 13:52:09,26.6,7800,26.59,U
sz002517,恺英网络,2025-09-19 13:52:24,26.61,7700,26.6,U
sz002517,恺英网络,2025-09-19 13:52:27,26.61,15200,26.61,D
sz002517,恺英网络,2025-09-19 13:52:42,26.59,25300,26.6,D
sz002517,恺英网络,2025-09-19 13:52:48,26.61,9500,26.59,U
sz002517,恺英网络,2025-09-19 13:53:12,26.59,10900,26.59,D
sz002517,恺英网络,2025-09-19 13:53:18,26.6,9500,26.58,U
sz002517,恺英网络,2025-09-19 13:53:36,26.61,8700,26.6,U
sz002517,恺英网络,2025-09-19 13:53:51,26.61,9400,26.61,U
sz002517,恺英网络,2025-09-19 13:54:00,26.61,292000,26.61,D
sz002517,恺英网络,2025-09-19 13:54:03,26.59,8000,26.61,U
sz002517,恺英网络,2025-09-19 13:54:06,26.59,14100,26.59,U
sz002517,恺英网络,2025-09-19 13:54:24,26.56,8100,26.57,D
sz002517,恺英网络,2025-09-19 13:54:42,26.56,7900,26.56,D
sz002517,恺英网络,2025-09-19 13:54:45,26.56,10100,26.56,D
sz002517,恺英网络,2025-09-19 13:54:54,26.56,18600,26.56,D
sz002517,恺英网络,2025-09-19 13:55:18,26.58,40500,26.56,U
sz002517,恺英网络,2025-09-19 13:55:21,26.56,12400,26.58,D
sz002517,恺英网络,2025-09-19 13:55:51,26.63,11300,26.61,U
sz002517,恺英网络,2025-09-19 13:56:48,26.58,14900,26.57,U
sz002517,恺英网络,2025-09-19 13:57:09,26.59,16000,26.6,D
sz002517,恺英网络,2025-09-19 13:57:15,26.64,12400,26.62,U
sz002517,恺英网络,2025-09-19 13:57:30,26.66,9900,26.66,U
sz002517,恺英网络,2025-09-19 13:57:54,26.65,7700,26.61,U
sz002517,恺英网络,2025-09-19 13:58:09,26.64,11300,26.65,D
sz002517,恺英网络,2025-09-19 13:58:12,26.64,11500,26.64,D
sz002517,恺英网络,2025-09-19 13:58:21,26.65,16100,26.65,U
sz002517,恺英网络,2025-09-19 13:58:33,26.65,11700,26.65,D
sz002517,恺英网络,2025-09-19 13:58:39,26.64,15600,26.65,D
sz002517,恺英网络,2025-09-19 13:58:42,26.65,24100,26.64,U
sz002517,恺英网络,2025-09-19 13:58:48,26.64,25600,26.65,D
sz002517,恺英网络,2025-09-19 13:58:54,26.64,16000,26.64,D
sz002517,恺英网络,2025-09-19 13:59:03,26.64,12400,26.64,D
sz002517,恺英网络,2025-09-19 13:59:09,26.64,8400,26.64,D
sz002517,恺英网络,2025-09-19 13:59:21,26.61,13100,26.61,E
sz002517,恺英网络,2025-09-19 13:59:45,26.59,10800,26.59,E
sz002517,恺英网络,2025-09-19 13:59:54,26.6,9500,26.6,U
sz002517,恺英网络,2025-09-19 14:00:06,26.59,8900,26.59,D
sz002517,恺英网络,2025-09-19 14:00:24,26.62,9500,26.6,U
sz002517,恺英网络,2025-09-19 14:00:51,26.59,23200,26.6,D
sz002517,恺英网络,2025-09-19 14:00:54,26.59,17900,26.59,U
sz002517,恺英网络,2025-09-19 14:00:57,26.59,15300,26.59,U
sz002517,恺英网络,2025-09-19 14:01:03,26.59,55400,26.59,U
sz002517,恺英网络,2025-09-19 14:01:06,26.63,18700,26.59,U
sz002517,恺英网络,2025-09-19 14:01:18,26.64,13400,26.66,D
sz002517,恺英网络,2025-09-19 14:02:00,26.67,10500,26.66,U
sz002517,恺英网络,2025-09-19 14:02:06,26.68,8600,26.68,U
sz002517,恺英网络,2025-09-19 14:02:24,26.68,8600,26.68,U
sz002517,恺英网络,2025-09-19 14:02:42,26.66,7800,26.66,D
sz002517,恺英网络,2025-09-19 14:02:54,26.65,8400,26.65,U
sz002517,恺英网络,2025-09-19 14:03:24,26.67,8000,26.68,D
sz002517,恺英网络,2025-09-19 14:03:33,26.68,15500,26.69,D
sz002517,恺英网络,2025-09-19 14:03:45,26.7,9700,26.7,U
sz002517,恺英网络,2025-09-19 14:03:48,26.69,7600,26.7,D
sz002517,恺英网络,2025-09-19 14:04:24,26.7,8000,26.7,U
sz002517,恺英网络,2025-09-19 14:04:45,26.71,10400,26.7,U
sz002517,恺英网络,2025-09-19 14:04:54,26.72,8900,26.7,U
sz002517,恺英网络,2025-09-19 14:05:36,26.74,12400,26.75,D
sz002517,恺英网络,2025-09-19 14:05:42,26.76,11500,26.77,D
sz002517,恺英网络,2025-09-19 14:05:54,26.8,9600,26.78,U
sz002517,恺英网络,2025-09-19 14:06:06,26.78,55500,26.78,D
sz002517,恺英网络,2025-09-19 14:06:18,26.85,24000,26.82,U
sz002517,恺英网络,2025-09-19 14:06:21,26.85,10900,26.85,D
sz002517,恺英网络,2025-09-19 14:06:24,26.86,9000,26.85,U
sz002517,恺英网络,2025-09-19 14:06:45,26.84,9400,26.86,D
sz002517,恺英网络,2025-09-19 14:06:54,26.86,15000,26.85,U
sz002517,恺英网络,2025-09-19 14:07:15,26.88,10700,26.88,U
sz002517,恺英网络,2025-09-19 14:07:30,26.87,19300,26.87,D
sz002517,恺英网络,2025-09-19 14:07:36,26.87,10600,26.88,E
sz002517,恺英网络,2025-09-19 14:07:42,26.85,15100,26.88,D
sz002517,恺英网络,2025-09-19 14:07:45,26.86,12100,26.85,E
sz002517,恺英网络,2025-09-19 14:07:51,26.85,12800,26.86,E
sz002517,恺英网络,2025-09-19 14:07:54,26.87,14600,26.85,U
sz002517,恺英网络,2025-09-19 14:08:00,26.84,9200,26.85,D
sz002517,恺英网络,2025-09-19 14:08:09,26.82,11100,26.84,D
sz002517,恺英网络,2025-09-19 14:08:12,26.83,10300,26.82,U
sz002517,恺英网络,2025-09-19 14:08:18,26.8,10700,26.82,D
sz002517,恺英网络,2025-09-19 14:08:30,26.82,12200,26.8,U
sz002517,恺英网络,2025-09-19 14:08:39,26.82,9300,26.81,E
sz002517,恺英网络,2025-09-19 14:08:42,26.8,15400,26.82,D
sz002517,恺英网络,2025-09-19 14:08:45,26.79,11200,26.8,D
sz002517,恺英网络,2025-09-19 14:09:00,26.79,21500,26.79,D
sz002517,恺英网络,2025-09-19 14:09:03,26.78,16200,26.79,D
sz002517,恺英网络,2025-09-19 14:09:06,26.78,26100,26.78,U
sz002517,恺英网络,2025-09-19 14:09:09,26.76,7700,26.78,D
sz002517,恺英网络,2025-09-19 14:09:12,26.78,60800,26.76,U
sz002517,恺英网络,2025-09-19 14:09:15,26.84,15400,26.78,U
sz002517,恺英网络,2025-09-19 14:09:18,26.86,8200,26.84,U
sz002517,恺英网络,2025-09-19 14:09:21,26.85,30100,26.86,D
sz002517,恺英网络,2025-09-19 14:09:24,26.85,9500,26.85,D
sz002517,恺英网络,2025-09-19 14:09:33,26.85,34000,26.85,E
sz002517,恺英网络,2025-09-19 14:09:45,26.81,38000,26.81,E
sz002517,恺英网络,2025-09-19 14:09:48,26.78,12000,26.81,D
sz002517,恺英网络,2025-09-19 14:09:54,26.78,13400,26.8,D
sz002517,恺英网络,2025-09-19 14:10:03,26.8,81500,26.78,U
sz002517,恺英网络,2025-09-19 14:10:24,26.73,12800,26.75,D
sz002517,恺英网络,2025-09-19 14:10:33,26.73,11400,26.72,U
sz002517,恺英网络,2025-09-19 14:10:36,26.72,30300,26.73,D
sz002517,恺英网络,2025-09-19 14:10:57,26.72,11900,26.73,D
sz002517,恺英网络,2025-09-19 14:11:18,26.73,9200,26.73,U
sz002517,恺英网络,2025-09-19 14:11:33,26.72,9900,26.72,D
sz002517,恺英网络,2025-09-19 14:11:54,26.71,8300,26.71,U
sz002517,恺英网络,2025-09-19 14:12:18,26.71,8100,26.71,U
sz002517,恺英网络,2025-09-19 14:12:45,26.71,9000,26.71,D
sz002517,恺英网络,2025-09-19 14:12:54,26.7,12300,26.72,D
sz002517,恺英网络,2025-09-19 14:13:00,26.74,34500,26.7,U
sz002517,恺英网络,2025-09-19 14:13:06,26.74,9000,26.74,D
sz002517,恺英网络,2025-09-19 14:13:15,26.77,8100,26.77,U
sz002517,恺英网络,2025-09-19 14:13:27,26.8,9100,26.79,U
sz002517,恺英网络,2025-09-19 14:13:54,26.84,10100,26.84,U
sz002517,恺英网络,2025-09-19 14:14:27,26.81,9300,26.82,D
sz002517,恺英网络,2025-09-19 14:14:45,26.8,45500,26.82,D
sz002517,恺英网络,2025-09-19 14:14:48,26.77,8800,26.8,D
sz002517,恺英网络,2025-09-19 14:14:54,26.83,9700,26.81,U
sz002517,恺英网络,2025-09-19 14:14:57,26.82,7900,26.83,E
sz002517,恺英网络,2025-09-19 14:15:03,26.83,9400,26.82,U
sz002517,恺英网络,2025-09-19 14:15:15,26.83,12100,26.83,U
sz002517,恺英网络,2025-09-19 14:15:27,26.83,8200,26.83,U
sz002517,恺英网络,2025-09-19 14:15:39,26.85,12800,26.84,U
sz002517,恺英网络,2025-09-19 14:15:42,26.85,19400,26.85,U
sz002517,恺英网络,2025-09-19 14:15:54,26.87,14500,26.86,U
sz002517,恺英网络,2025-09-19 14:16:00,26.9,51300,26.87,U
sz002517,恺英网络,2025-09-19 14:16:03,26.91,7600,26.9,U
sz002517,恺英网络,2025-09-19 14:16:18,26.92,12400,26.92,U
sz002517,恺英网络,2025-09-19 14:16:24,26.92,7500,26.91,U
sz002517,恺英网络,2025-09-19 14:16:33,26.92,13600,26.92,U
sz002517,恺英网络,2025-09-19 14:16:45,26.9,17600,26.93,D
sz002517,恺英网络,2025-09-19 14:16:54,26.91,11700,26.91,U
sz002517,恺英网络,2025-09-19 14:17:00,26.84,17700,26.87,D
sz002517,恺英网络,2025-09-19 14:17:09,26.88,9700,26.85,U
sz002517,恺英网络,2025-09-19 14:17:42,26.84,12500,26.86,D
sz002517,恺英网络,2025-09-19 14:17:54,26.85,8700,26.84,U
sz002517,恺英网络,2025-09-19 14:17:57,26.84,20100,26.85,D
sz002517,恺英网络,2025-09-19 14:18:06,26.82,7900,26.84,D
sz002517,恺英网络,2025-09-19 14:18:09,26.85,7500,26.82,U
sz002517,恺英网络,2025-09-19 14:18:12,26.8,7500,26.85,D
sz002517,恺英网络,2025-09-19 14:18:27,26.8,17700,26.8,D
sz002517,恺英网络,2025-09-19 14:18:30,26.8,17100,26.8,D
sz002517,恺英网络,2025-09-19 14:18:48,26.78,29700,26.79,E
sz002517,恺英网络,2025-09-19 14:18:54,26.77,12700,26.78,E
sz002517,恺英网络,2025-09-19 14:19:09,26.75,12300,26.75,D
sz002517,恺英网络,2025-09-19 14:19:15,26.74,8200,26.76,D
sz002517,恺英网络,2025-09-19 14:19:33,26.71,30200,26.72,D
sz002517,恺英网络,2025-09-19 14:19:42,26.73,10200,26.71,U
sz002517,恺英网络,2025-09-19 14:19:54,26.74,25000,26.74,U
sz002517,恺英网络,2025-09-19 14:20:00,26.75,14100,26.74,U
sz002517,恺英网络,2025-09-19 14:20:42,26.78,11000,26.77,U
sz002517,恺英网络,2025-09-19 14:20:45,26.77,10000,26.78,U
sz002517,恺英网络,2025-09-19 14:20:54,26.75,14800,26.76,D
sz002517,恺英网络,2025-09-19 14:20:57,26.74,9200,26.75,D
sz002517,恺英网络,2025-09-19 14:21:00,26.75,8200,26.74,U
sz002517,恺英网络,2025-09-19 14:21:15,26.74,35000,26.75,D
sz002517,恺英网络,2025-09-19 14:21:39,26.71,17000,26.71,D
sz002517,恺英网络,2025-09-19 14:21:54,26.71,11000,26.71,D
sz002517,恺英网络,2025-09-19 14:22:42,26.72,11900,26.71,U
sz002517,恺英网络,2025-09-19 14:22:54,26.72,9700,26.71,U
sz002517,恺英网络,2025-09-19 14:23:06,26.73,25900,26.72,U
sz002517,恺英网络,2025-09-19 14:23:09,26.73,64900,26.73,U
sz002517,恺英网络,2025-09-19 14:23:27,26.82,15100,26.78,U
sz002517,恺英网络,2025-09-19 14:23:48,26.78,8700,26.77,U
sz002517,恺英网络,2025-09-19 14:24:12,26.79,8000,26.78,U
sz002517,恺英网络,2025-09-19 14:24:27,26.86,53600,26.8,U
sz002517,恺英网络,2025-09-19 14:24:39,26.85,8900,26.81,U
sz002517,恺英网络,2025-09-19 14:24:54,26.83,11000,26.83,E
sz002517,恺英网络,2025-09-19 14:25:36,26.8,10300,26.81,D
sz002517,恺英网络,2025-09-19 14:25:54,26.79,12000,26.79,U
sz002517,恺英网络,2025-09-19 14:26:06,26.81,47900,26.79,U
sz002517,恺英网络,2025-09-19 14:26:21,26.85,17200,26.85,U
sz002517,恺英网络,2025-09-19 14:26:36,26.85,7900,26.85,U
sz002517,恺英网络,2025-09-19 14:26:48,26.85,17500,26.85,U
sz002517,恺英网络,2025-09-19 14:26:51,26.86,87700,26.85,U
sz002517,恺英网络,2025-09-19 14:26:54,26.84,10000,26.86,D
sz002517,恺英网络,2025-09-19 14:27:06,26.85,40700,26.84,U
sz002517,恺英网络,2025-09-19 14:27:15,26.84,16000,26.85,D
sz002517,恺英网络,2025-09-19 14:27:42,26.85,10100,26.84,U
sz002517,恺英网络,2025-09-19 14:27:48,26.86,24200,26.85,U
sz002517,恺英网络,2025-09-19 14:27:51,26.9,43800,26.86,U
sz002517,恺英网络,2025-09-19 14:27:54,26.92,13000,26.9,U
sz002517,恺英网络,2025-09-19 14:28:00,26.92,11400,26.91,U
sz002517,恺英网络,2025-09-19 14:28:03,26.91,11000,26.92,D
sz002517,恺英网络,2025-09-19 14:28:21,26.88,10200,26.91,D
sz002517,恺英网络,2025-09-19 14:28:48,26.9,26000,26.88,U
sz002517,恺英网络,2025-09-19 14:28:51,26.91,7900,26.9,U
sz002517,恺英网络,2025-09-19 14:28:54,26.91,13600,26.91,U
sz002517,恺英网络,2025-09-19 14:29:42,26.89,10300,26.88,E
sz002517,恺英网络,2025-09-19 14:29:51,26.9,12000,26.89,U
sz002517,恺英网络,2025-09-19 14:29:54,26.88,10400,26.9,U
sz002517,恺英网络,2025-09-19 14:29:57,26.89,8100,26.88,U
sz002517,恺英网络,2025-09-19 14:30:15,26.88,12800,26.87,U
sz002517,恺英网络,2025-09-19 14:30:42,26.86,8900,26.86,U
sz002517,恺英网络,2025-09-19 14:30:54,26.84,11000,26.86,D
sz002517,恺英网络,2025-09-19 14:30:57,26.83,11000,26.84,D
sz002517,恺英网络,2025-09-19 14:31:48,26.84,8300,26.84,U
sz002517,恺英网络,2025-09-19 14:31:57,26.84,9000,26.84,D
sz002517,恺英网络,2025-09-19 14:32:03,26.86,31100,26.85,U
sz002517,恺英网络,2025-09-19 14:32:06,26.86,19600,26.86,U
sz002517,恺英网络,2025-09-19 14:32:21,26.91,16100,26.89,U
sz002517,恺英网络,2025-09-19 14:32:30,26.93,104900,26.91,U
sz002517,恺英网络,2025-09-19 14:32:39,26.92,8000,26.93,D
sz002517,恺英网络,2025-09-19 14:32:45,26.93,7500,26.93,D
sz002517,恺英网络,2025-09-19 14:32:51,26.93,15300,26.92,U
sz002517,恺英网络,2025-09-19 14:32:54,26.92,12000,26.93,E
sz002517,恺英网络,2025-09-19 14:32:57,26.92,10600,26.92,D
sz002517,恺英网络,2025-09-19 14:33:06,26.88,20000,26.91,D
sz002517,恺英网络,2025-09-19 14:33:09,26.88,8200,26.88,D
sz002517,恺英网络,2025-09-19 14:33:12,26.86,17200,26.88,D
sz002517,恺英网络,2025-09-19 14:33:30,26.87,10900,26.87,U
sz002517,恺英网络,2025-09-19 14:33:54,26.86,12900,26.85,U
sz002517,恺英网络,2025-09-19 14:34:18,26.85,7900,26.86,D
sz002517,恺英网络,2025-09-19 14:34:36,26.85,10000,26.85,D
sz002517,恺英网络,2025-09-19 14:34:48,26.84,16500,26.84,D
sz002517,恺英网络,2025-09-19 14:34:54,26.86,10100,26.85,U
sz002517,恺英网络,2025-09-19 14:34:57,26.85,12100,26.86,D
sz002517,恺英网络,2025-09-19 14:35:03,26.82,38600,26.85,D
sz002517,恺英网络,2025-09-19 14:35:21,26.81,14900,26.8,U
sz002517,恺英网络,2025-09-19 14:35:27,26.81,8000,26.81,D
sz002517,恺英网络,2025-09-19 14:35:54,26.82,10200,26.81,U
sz002517,恺英网络,2025-09-19 14:36:00,26.82,18400,26.82,U
sz002517,恺英网络,2025-09-19 14:36:09,26.81,31600,26.8,U
sz002517,恺英网络,2025-09-19 14:36:18,26.79,14300,26.79,D
sz002517,恺英网络,2025-09-19 14:36:24,26.79,7700,26.78,U
sz002517,恺英网络,2025-09-19 14:36:42,26.8,12500,26.79,U
sz002517,恺英网络,2025-09-19 14:36:54,26.8,15000,26.8,U
sz002517,恺英网络,2025-09-19 14:37:00,26.81,12300,26.8,U
sz002517,恺英网络,2025-09-19 14:37:36,26.81,20500,26.82,D
sz002517,恺英网络,2025-09-19 14:37:54,26.81,12500,26.8,U
sz002517,恺英网络,2025-09-19 14:38:03,26.81,8800,26.8,U
sz002517,恺英网络,2025-09-19 14:38:24,26.78,32800,26.8,D
sz002517,恺英网络,2025-09-19 14:38:27,26.8,20700,26.78,U
sz002517,恺英网络,2025-09-19 14:38:33,26.8,17000,26.8,U
sz002517,恺英网络,2025-09-19 14:38:39,26.76,8300,26.8,D
sz002517,恺英网络,2025-09-19 14:38:45,26.75,21000,26.76,D
sz002517,恺英网络,2025-09-19 14:38:48,26.73,9300,26.75,D
sz002517,恺英网络,2025-09-19 14:38:57,26.74,8100,26.74,D
sz002517,恺英网络,2025-09-19 14:39:03,26.74,12100,26.74,D
sz002517,恺英网络,2025-09-19 14:39:06,26.74,34300,26.74,U
sz002517,恺英网络,2025-09-19 14:39:09,26.77,35900,26.74,U
sz002517,恺英网络,2025-09-19 14:39:33,26.79,14500,26.8,D
sz002517,恺英网络,2025-09-19 14:39:39,26.79,15500,26.8,E
sz002517,恺英网络,2025-09-19 14:39:42,26.75,11800,26.79,E
sz002517,恺英网络,2025-09-19 14:39:54,26.77,9600,26.77,U
sz002517,恺英网络,2025-09-19 14:40:03,26.77,9100,26.76,U
sz002517,恺英网络,2025-09-19 14:40:09,26.77,40100,26.77,U
sz002517,恺英网络,2025-09-19 14:40:12,26.77,8400,26.77,E
sz002517,恺英网络,2025-09-19 14:40:18,26.74,20500,26.76,D
sz002517,恺英网络,2025-09-19 14:40:21,26.75,17500,26.74,E
sz002517,恺英网络,2025-09-19 14:40:54,26.76,22800,26.77,D
sz002517,恺英网络,2025-09-19 14:41:06,26.76,24100,26.77,D
sz002517,恺英网络,2025-09-19 14:41:27,26.76,10000,26.77,D
sz002517,恺英网络,2025-09-19 14:41:54,26.78,10300,26.78,U
sz002517,恺英网络,2025-09-19 14:42:51,26.77,21900,26.77,D
sz002517,恺英网络,2025-09-19 14:42:54,26.78,9800,26.77,U
sz002517,恺英网络,2025-09-19 14:43:12,26.76,9600,26.77,D
sz002517,恺英网络,2025-09-19 14:43:18,26.78,21300,26.76,U
sz002517,恺英网络,2025-09-19 14:43:54,26.77,10200,26.77,D
sz002517,恺英网络,2025-09-19 14:44:00,26.77,7900,26.77,D
sz002517,恺英网络,2025-09-19 14:44:06,26.75,41700,26.76,D
sz002517,恺英网络,2025-09-19 14:44:15,26.75,8600,26.76,D
sz002517,恺英网络,2025-09-19 14:44:54,26.77,11900,26.78,D
sz002517,恺英网络,2025-09-19 14:45:03,26.77,16800,26.76,U
sz002517,恺英网络,2025-09-19 14:45:06,26.77,7900,26.77,D
sz002517,恺英网络,2025-09-19 14:45:15,26.77,15400,26.78,D
sz002517,恺英网络,2025-09-19 14:45:51,26.77,10100,26.77,U
sz002517,恺英网络,2025-09-19 14:45:54,26.77,18900,26.77,U
sz002517,恺英网络,2025-09-19 14:46:00,26.76,21100,26.77,D
sz002517,恺英网络,2025-09-19 14:46:18,26.74,29063,26.76,D
sz002517,恺英网络,2025-09-19 14:46:21,26.73,22100,26.74,D
sz002517,恺英网络,2025-09-19 14:46:39,26.74,8800,26.74,D
sz002517,恺英网络,2025-09-19 14:46:54,26.74,9400,26.73,U
sz002517,恺英网络,2025-09-19 14:47:09,26.74,12300,26.74,D
sz002517,恺英网络,2025-09-19 14:47:12,26.73,15100,26.74,D
sz002517,恺英网络,2025-09-19 14:47:15,26.74,7700,26.73,U
sz002517,恺英网络,2025-09-19 14:47:48,26.72,11600,26.73,D
sz002517,恺英网络,2025-09-19 14:47:51,26.72,9900,26.72,D
sz002517,恺英网络,2025-09-19 14:47:54,26.72,17000,26.72,D
sz002517,恺英网络,2025-09-19 14:48:12,26.72,20048,26.73,D
sz002517,恺英网络,2025-09-19 14:48:27,26.73,12300,26.73,U
sz002517,恺英网络,2025-09-19 14:48:54,26.72,21052,26.72,D
sz002517,恺英网络,2025-09-19 14:48:57,26.72,18000,26.72,U
sz002517,恺英网络,2025-09-19 14:49:00,26.71,11200,26.72,D
sz002517,恺英网络,2025-09-19 14:49:03,26.72,113600,26.71,E
sz002517,恺英网络,2025-09-19 14:49:06,26.7,21900,26.72,D
sz002517,恺英网络,2025-09-19 14:49:09,26.69,10600,26.7,D
sz002517,恺英网络,2025-09-19 14:49:12,26.69,7900,26.69,D
sz002517,恺英网络,2025-09-19 14:49:36,26.67,52100,26.68,D
sz002517,恺英网络,2025-09-19 14:49:54,26.67,13200,26.68,D
sz002517,恺英网络,2025-09-19 14:50:06,26.7,23200,26.68,U
sz002517,恺英网络,2025-09-19 14:50:15,26.74,7500,26.68,U
sz002517,恺英网络,2025-09-19 14:50:54,26.71,10600,26.7,U
sz002517,恺英网络,2025-09-19 14:51:00,26.71,9800,26.7,U
sz002517,恺英网络,2025-09-19 14:51:06,26.71,7900,26.7,U
sz002517,恺英网络,2025-09-19 14:51:09,26.7,9300,26.71,D
sz002517,恺英网络,2025-09-19 14:51:24,26.68,11000,26.69,D
sz002517,恺英网络,2025-09-19 14:51:27,26.68,7500,26.68,D
sz002517,恺英网络,2025-09-19 14:51:54,26.69,11300,26.68,U
sz002517,恺英网络,2025-09-19 14:52:03,26.68,10700,26.69,D
sz002517,恺英网络,2025-09-19 14:52:12,26.7,19300,26.68,U
sz002517,恺英网络,2025-09-19 14:52:15,26.69,15700,26.7,D
sz002517,恺英网络,2025-09-19 14:52:24,26.68,11000,26.69,D
sz002517,恺英网络,2025-09-19 14:52:36,26.69,8100,26.69,D
sz002517,恺英网络,2025-09-19 14:52:51,26.69,14200,26.7,D
sz002517,恺英网络,2025-09-19 14:52:54,26.69,12800,26.69,U
sz002517,恺英网络,2025-09-19 14:53:06,26.69,19700,26.7,D
sz002517,恺英网络,2025-09-19 14:53:15,26.71,22600,26.7,U
sz002517,恺英网络,2025-09-19 14:53:18,26.7,8200,26.71,D
sz002517,恺英网络,2025-09-19 14:53:36,26.7,29900,26.7,D
sz002517,恺英网络,2025-09-19 14:53:39,26.72,15400,26.7,U
sz002517,恺英网络,2025-09-19 14:53:45,26.71,23600,26.7,U
sz002517,恺英网络,2025-09-19 14:53:54,26.72,9500,26.72,U
sz002517,恺英网络,2025-09-19 14:54:06,26.72,11100,26.72,U
sz002517,恺英网络,2025-09-19 14:54:15,26.72,8700,26.72,U
sz002517,恺英网络,2025-09-19 14:54:27,26.7,54100,26.7,D
sz002517,恺英网络,2025-09-19 14:54:30,26.71,28900,26.7,U
sz002517,恺英网络,2025-09-19 14:55:03,26.72,15100,26.72,U
sz002517,恺英网络,2025-09-19 14:55:06,26.72,21800,26.72,U
sz002517,恺英网络,2025-09-19 14:55:09,26.71,60202,26.72,D
sz002517,恺英网络,2025-09-19 14:55:18,26.7,11400,26.72,D
sz002517,恺英网络,2025-09-19 14:55:24,26.7,49100,26.72,D
sz002517,恺英网络,2025-09-19 14:55:36,26.71,9700,26.71,D
sz002517,恺英网络,2025-09-19 14:55:39,26.71,23200,26.71,U
sz002517,恺英网络,2025-09-19 14:55:48,26.7,12900,26.71,D
sz002517,恺英网络,2025-09-19 14:56:00,26.7,18400,26.7,D
sz002517,恺英网络,2025-09-19 14:56:03,26.7,31600,26.7,D
sz002517,恺英网络,2025-09-19 14:56:06,26.71,14800,26.7,U
sz002517,恺英网络,2025-09-19 14:56:09,26.7,25400,26.71,E
sz002517,恺英网络,2025-09-19 14:56:12,26.7,42900,26.7,U
sz002517,恺英网络,2025-09-19 14:56:24,26.7,12300,26.7,D
sz002517,恺英网络,2025-09-19 15:00:00,26.8,434700,26.68,U
