symbol,name,ticktime,price,volume,prev_price,kind
sz002517,恺英网络,2025-10-15 09:25:00,24.26,47200,0.0,U
sz002517,恺英网络,2025-10-15 09:30:00,24.3,50300,24.26,U
sz002517,恺英网络,2025-10-15 09:30:03,24.29,20200,24.3,E
sz002517,恺英网络,2025-10-15 09:30:06,24.29,36300,24.29,D
sz002517,恺英网络,2025-10-15 09:30:09,24.27,17500,24.29,D
sz002517,恺英网络,2025-10-15 09:30:12,24.25,77800,24.27,D
sz002517,恺英网络,2025-10-15 09:30:15,24.21,53400,24.25,D
sz002517,恺英网络,2025-10-15 09:30:18,24.23,74600,24.21,U
sz002517,恺英网络,2025-10-15 09:30:21,24.19,68200,24.23,D
sz002517,恺英网络,2025-10-15 09:30:24,24.2,9700,24.19,U
sz002517,恺英网络,2025-10-15 09:30:27,24.19,24300,24.2,U
sz002517,恺英网络,2025-10-15 09:30:30,24.25,66700,24.19,U
sz002517,恺英网络,2025-10-15 09:30:33,24.3,76900,24.25,U
sz002517,恺英网络,2025-10-15 09:30:36,24.38,10000,24.3,U
sz002517,恺英网络,2025-10-15 09:30:42,24.32,16200,24.38,D
sz002517,恺英网络,2025-10-15 09:30:48,24.35,46000,24.31,U
sz002517,恺英网络,2025-10-15 09:30:51,24.35,26500,24.35,U
sz002517,恺英网络,2025-10-15 09:30:54,24.34,16300,24.35,D
sz002517,恺英网络,2025-10-15 09:30:57,24.27,18100,24.34,D
sz002517,恺英网络,2025-10-15 09:31:00,24.27,11800,24.27,D
sz002517,恺英网络,2025-10-15 09:31:03,24.24,13700,24.27,D
sz002517,恺英网络,2025-10-15 09:31:09,24.24,19600,24.25,E
sz002517,恺英网络,2025-10-15 09:31:12,24.19,14200,24.24,D
sz002517,恺英网络,2025-10-15 09:31:15,24.19,25000,24.19,U
sz002517,恺英网络,2025-10-15 09:31:18,24.19,23500,24.19,U
sz002517,恺英网络,2025-10-15 09:31:21,24.16,18400,24.19,D
sz002517,恺英网络,2025-10-15 09:31:24,24.15,19900,24.16,D
sz002517,恺英网络,2025-10-15 09:31:27,24.13,8300,24.15,D
sz002517,恺英网络,2025-10-15 09:31:30,24.13,15700,24.13,D
sz002517,恺英网络,2025-10-15 09:31:33,24.12,20500,24.13,D
sz002517,恺英网络,2025-10-15 09:31:36,24.1,85900,24.12,D
sz002517,恺英网络,2025-10-15 09:31:39,24.1,19300,24.1,D
sz002517,恺英网络,2025-10-15 09:31:42,24.07,13500,24.1,D
sz002517,恺英网络,2025-10-15 09:31:45,24.06,14000,24.07,D
sz002517,恺英网络,2025-10-15 09:31:51,24.07,17500,24.06,E
sz002517,恺英网络,2025-10-15 09:31:54,24.05,26800,24.07,D
sz002517,恺英网络,2025-10-15 09:31:57,24.04,64200,24.05,D
sz002517,恺英网络,2025-10-15 09:32:00,24.01,10600,24.04,E
sz002517,恺英网络,2025-10-15 09:32:03,23.98,12500,24.01,D
sz002517,恺英网络,2025-10-15 09:32:06,23.97,14300,23.98,D
sz002517,恺英网络,2025-10-15 09:32:09,23.94,15900,23.97,D
sz002517,恺英网络,2025-10-15 09:32:12,23.92,36200,23.94,D
sz002517,恺英网络,2025-10-15 09:32:15,23.88,16500,23.92,D
sz002517,恺英网络,2025-10-15 09:32:18,23.85,15400,23.88,D
sz002517,恺英网络,2025-10-15 09:32:21,23.81,11700,23.85,D
sz002517,恺英网络,2025-10-15 09:32:24,23.8,21400,23.81,D
sz002517,恺英网络,2025-10-15 09:32:27,23.76,13700,23.8,D
sz002517,恺英网络,2025-10-15 09:32:30,23.74,60300,23.76,D
sz002517,恺英网络,2025-10-15 09:32:33,23.73,45600,23.74,D
sz002517,恺英网络,2025-10-15 09:32:36,23.7,24100,23.73,D
sz002517,恺英网络,2025-10-15 09:32:39,23.63,13000,23.7,D
sz002517,恺英网络,2025-10-15 09:32:42,23.63,29400,23.63,D
sz002517,恺英网络,2025-10-15 09:32:45,23.69,367400,23.63,U
sz002517,恺英网络,2025-10-15 09:32:48,23.63,36400,23.69,D
sz002517,恺英网络,2025-10-15 09:32:51,23.64,94800,23.63,D
sz002517,恺英网络,2025-10-15 09:32:54,23.63,12300,23.64,D
sz002517,恺英网络,2025-10-15 09:32:57,23.6,35900,23.63,D
sz002517,恺英网络,2025-10-15 09:33:00,23.57,12000,23.6,D
sz002517,恺英网络,2025-10-15 09:33:03,23.56,30900,23.57,E
sz002517,恺英网络,2025-10-15 09:33:06,23.53,12600,23.56,D
sz002517,恺英网络,2025-10-15 09:33:09,23.51,23900,23.53,D
sz002517,恺英网络,2025-10-15 09:33:12,23.51,39400,23.51,U
sz002517,恺英网络,2025-10-15 09:33:15,23.5,37600,23.51,E
sz002517,恺英网络,2025-10-15 09:33:18,23.5,33000,23.5,D
sz002517,恺英网络,2025-10-15 09:33:21,23.5,55400,23.5,D
sz002517,恺英网络,2025-10-15 09:33:24,23.48,45900,23.5,D
sz002517,恺英网络,2025-10-15 09:33:27,23.45,60000,23.48,D
sz002517,恺英网络,2025-10-15 09:33:30,23.44,18500,23.45,E
sz002517,恺英网络,2025-10-15 09:33:33,23.42,13500,23.44,E
sz002517,恺英网络,2025-10-15 09:33:36,23.42,61100,23.42,D
sz002517,恺英网络,2025-10-15 09:33:39,23.41,58700,23.42,D
sz002517,恺英网络,2025-10-15 09:33:42,23.4,27100,23.41,D
sz002517,恺英网络,2025-10-15 09:33:45,23.37,21300,23.4,E
sz002517,恺英网络,2025-10-15 09:33:48,23.36,39200,23.37,E
sz002517,恺英网络,2025-10-15 09:33:51,23.37,36400,23.36,E
sz002517,恺英网络,2025-10-15 09:33:54,23.34,67000,23.37,E
sz002517,恺英网络,2025-10-15 09:33:57,23.35,82800,23.34,D
sz002517,恺英网络,2025-10-15 09:34:00,23.36,45800,23.35,U
sz002517,恺英网络,2025-10-15 09:34:03,23.38,70500,23.36,E
sz002517,恺英网络,2025-10-15 09:34:06,23.37,100800,23.38,E
sz002517,恺英网络,2025-10-15 09:34:09,23.39,111000,23.37,E
sz002517,恺英网络,2025-10-15 09:34:12,23.37,118300,23.39,D
sz002517,恺英网络,2025-10-15 09:34:15,23.37,73200,23.37,D
sz002517,恺英网络,2025-10-15 09:34:18,23.38,83800,23.37,U
sz002517,恺英网络,2025-10-15 09:34:21,23.39,34550,23.38,U
sz002517,恺英网络,2025-10-15 09:34:24,23.39,54000,23.39,U
sz002517,恺英网络,2025-10-15 09:34:27,23.4,12900,23.39,U
sz002517,恺英网络,2025-10-15 09:34:30,23.38,47400,23.4,D
sz002517,恺英网络,2025-10-15 09:34:33,23.37,57600,23.38,U
sz002517,恺英网络,2025-10-15 09:34:36,23.34,61050,23.37,D
sz002517,恺英网络,2025-10-15 09:34:39,23.33,102400,23.34,U
sz002517,恺英网络,2025-10-15 09:34:42,23.3,35200,23.33,D
sz002517,恺英网络,2025-10-15 09:34:45,23.25,32600,23.3,D
sz002517,恺英网络,2025-10-15 09:34:48,23.3,59000,23.25,U
sz002517,恺英网络,2025-10-15 09:34:51,23.34,34200,23.3,U
sz002517,恺英网络,2025-10-15 09:34:54,23.33,17850,23.34,E
sz002517,恺英网络,2025-10-15 09:34:57,23.34,39600,23.33,E
sz002517,恺英网络,2025-10-15 09:35:00,23.34,38500,23.34,U
sz002517,恺英网络,2025-10-15 09:35:03,23.33,33100,23.34,E
sz002517,恺英网络,2025-10-15 09:35:06,23.37,30100,23.33,E
sz002517,恺英网络,2025-10-15 09:35:09,23.39,53600,23.37,U
sz002517,恺英网络,2025-10-15 09:35:12,23.41,76500,23.39,E
sz002517,恺英网络,2025-10-15 09:35:15,23.39,12700,23.41,D
sz002517,恺英网络,2025-10-15 09:35:18,23.47,79700,23.39,U
sz002517,恺英网络,2025-10-15 09:35:21,23.45,12800,23.47,D
sz002517,恺英网络,2025-10-15 09:35:24,23.47,40000,23.45,D
sz002517,恺英网络,2025-10-15 09:35:27,23.5,17800,23.47,E
sz002517,恺英网络,2025-10-15 09:35:30,23.52,8700,23.5,E
sz002517,恺英网络,2025-10-15 09:35:33,23.55,29900,23.52,U
sz002517,恺英网络,2025-10-15 09:35:36,23.56,86400,23.55,U
sz002517,恺英网络,2025-10-15 09:35:39,23.52,50000,23.56,D
sz002517,恺英网络,2025-10-15 09:35:42,23.54,9300,23.52,U
sz002517,恺英网络,2025-10-15 09:35:45,23.54,42900,23.54,U
sz002517,恺英网络,2025-10-15 09:35:48,23.5,117000,23.54,D
sz002517,恺英网络,2025-10-15 09:35:51,23.54,24800,23.5,D
sz002517,恺英网络,2025-10-15 09:35:54,23.54,15400,23.54,D
sz002517,恺英网络,2025-10-15 09:35:57,23.56,20700,23.54,U
sz002517,恺英网络,2025-10-15 09:36:03,23.61,108100,23.57,U
sz002517,恺英网络,2025-10-15 09:36:06,23.63,193600,23.61,U
sz002517,恺英网络,2025-10-15 09:36:09,23.63,31900,23.63,U
sz002517,恺英网络,2025-10-15 09:36:12,23.61,62900,23.63,E
sz002517,恺英网络,2025-10-15 09:36:15,23.6,36200,23.61,U
sz002517,恺英网络,2025-10-15 09:36:18,23.57,55700,23.6,D
sz002517,恺英网络,2025-10-15 09:36:24,23.58,25000,23.57,U
sz002517,恺英网络,2025-10-15 09:36:27,23.61,26900,23.58,U
sz002517,恺英网络,2025-10-15 09:36:30,23.62,23100,23.61,U
sz002517,恺英网络,2025-10-15 09:36:33,23.57,28400,23.62,D
sz002517,恺英网络,2025-10-15 09:36:36,23.57,32600,23.57,E
sz002517,恺英网络,2025-10-15 09:36:39,23.53,41200,23.57,D
sz002517,恺英网络,2025-10-15 09:36:42,23.54,24100,23.53,U
sz002517,恺英网络,2025-10-15 09:36:45,23.57,48800,23.54,U
sz002517,恺英网络,2025-10-15 09:36:48,23.57,44900,23.57,U
sz002517,恺英网络,2025-10-15 09:36:51,23.57,12900,23.57,U
sz002517,恺英网络,2025-10-15 09:36:54,23.53,42200,23.57,D
sz002517,恺英网络,2025-10-15 09:37:00,23.53,27200,23.53,D
sz002517,恺英网络,2025-10-15 09:37:03,23.53,23000,23.53,D
sz002517,恺英网络,2025-10-15 09:37:06,23.53,20600,23.53,E
sz002517,恺英网络,2025-10-15 09:37:09,23.53,33400,23.53,E
sz002517,恺英网络,2025-10-15 09:37:12,23.53,34400,23.53,E
sz002517,恺英网络,2025-10-15 09:37:15,23.59,14600,23.53,U
sz002517,恺英网络,2025-10-15 09:37:18,23.6,13700,23.59,U
sz002517,恺英网络,2025-10-15 09:37:21,23.62,13300,23.6,U
sz002517,恺英网络,2025-10-15 09:37:24,23.61,36700,23.62,E
sz002517,恺英网络,2025-10-15 09:37:30,23.64,16800,23.61,U
sz002517,恺英网络,2025-10-15 09:37:33,23.65,71600,23.64,U
sz002517,恺英网络,2025-10-15 09:37:36,23.65,13400,23.65,D
sz002517,恺英网络,2025-10-15 09:37:39,23.66,10200,23.65,D
sz002517,恺英网络,2025-10-15 09:37:42,23.65,18400,23.66,D
sz002517,恺英网络,2025-10-15 09:37:45,23.7,24900,23.65,U
sz002517,恺英网络,2025-10-15 09:37:48,23.66,8800,23.7,E
sz002517,恺英网络,2025-10-15 09:37:51,23.74,29700,23.66,U
sz002517,恺英网络,2025-10-15 09:37:54,23.72,10200,23.74,D
sz002517,恺英网络,2025-10-15 09:38:00,23.67,14100,23.67,D
sz002517,恺英网络,2025-10-15 09:38:06,23.72,25900,23.72,E
sz002517,恺英网络,2025-10-15 09:38:09,23.72,10400,23.72,U
sz002517,恺英网络,2025-10-15 09:38:12,23.71,10100,23.72,D
sz002517,恺英网络,2025-10-15 09:38:15,23.71,18800,23.71,D
sz002517,恺英网络,2025-10-15 09:38:18,23.66,18200,23.71,D
sz002517,恺英网络,2025-10-15 09:38:21,23.66,20600,23.66,D
sz002517,恺英网络,2025-10-15 09:38:24,23.66,53300,23.66,U
sz002517,恺英网络,2025-10-15 09:38:27,23.69,17500,23.66,U
sz002517,恺英网络,2025-10-15 09:38:30,23.8,29400,23.69,U
sz002517,恺英网络,2025-10-15 09:38:33,23.74,17400,23.8,D
sz002517,恺英网络,2025-10-15 09:38:39,23.75,37500,23.73,U
sz002517,恺英网络,2025-10-15 09:38:42,23.74,9400,23.75,U
sz002517,恺英网络,2025-10-15 09:38:45,23.74,20400,23.74,U
sz002517,恺英网络,2025-10-15 09:38:48,23.73,15200,23.74,E
sz002517,恺英网络,2025-10-15 09:38:51,23.74,20600,23.73,U
sz002517,恺英网络,2025-10-15 09:38:54,23.73,9100,23.74,D
sz002517,恺英网络,2025-10-15 09:38:57,23.74,19200,23.73,E
sz002517,恺英网络,2025-10-15 09:39:00,23.71,32000,23.74,D
sz002517,恺英网络,2025-10-15 09:39:03,23.76,24300,23.71,U
sz002517,恺英网络,2025-10-15 09:39:06,23.76,9800,23.76,U
sz002517,恺英网络,2025-10-15 09:39:09,23.77,32700,23.76,E
sz002517,恺英网络,2025-10-15 09:39:12,23.84,31800,23.77,U
sz002517,恺英网络,2025-10-15 09:39:18,23.83,68600,23.83,E
sz002517,恺英网络,2025-10-15 09:39:24,23.79,24400,23.8,D
sz002517,恺英网络,2025-10-15 09:39:27,23.78,21100,23.79,D
sz002517,恺英网络,2025-10-15 09:39:30,23.79,18600,23.78,U
sz002517,恺英网络,2025-10-15 09:39:36,23.77,16500,23.78,E
sz002517,恺英网络,2025-10-15 09:39:39,23.77,17500,23.77,E
sz002517,恺英网络,2025-10-15 09:39:45,23.8,38400,23.78,U
sz002517,恺英网络,2025-10-15 09:39:48,23.77,35200,23.8,D
sz002517,恺英网络,2025-10-15 09:39:51,23.77,17000,23.77,U
sz002517,恺英网络,2025-10-15 09:39:57,23.77,23200,23.77,U
sz002517,恺英网络,2025-10-15 09:40:00,23.79,24800,23.77,U
sz002517,恺英网络,2025-10-15 09:40:03,23.81,23100,23.79,U
sz002517,恺英网络,2025-10-15 09:40:12,23.87,24200,23.82,U
sz002517,恺英网络,2025-10-15 09:40:15,23.86,35000,23.87,E
sz002517,恺英网络,2025-10-15 09:40:18,23.85,14500,23.86,E
sz002517,恺英网络,2025-10-15 09:40:21,23.81,12900,23.85,D
sz002517,恺英网络,2025-10-15 09:40:24,23.76,42100,23.81,D
sz002517,恺英网络,2025-10-15 09:40:27,23.74,22500,23.76,E
sz002517,恺英网络,2025-10-15 09:40:33,23.71,11600,23.73,D
sz002517,恺英网络,2025-10-15 09:40:45,23.69,33300,23.72,D
sz002517,恺英网络,2025-10-15 09:40:48,23.7,18200,23.69,U
sz002517,恺英网络,2025-10-15 09:40:51,23.7,36800,23.7,U
sz002517,恺英网络,2025-10-15 09:40:54,23.73,34500,23.7,U
sz002517,恺英网络,2025-10-15 09:40:57,23.73,17800,23.73,D
sz002517,恺英网络,2025-10-15 09:41:00,23.77,10700,23.73,U
sz002517,恺英网络,2025-10-15 09:41:09,23.76,15800,23.75,E
sz002517,恺英网络,2025-10-15 09:41:12,23.74,10700,23.76,D
sz002517,恺英网络,2025-10-15 09:41:18,23.78,23800,23.75,U
sz002517,恺英网络,2025-10-15 09:41:21,23.78,9400,23.78,E
sz002517,恺英网络,2025-10-15 09:41:30,23.77,19500,23.78,D
sz002517,恺英网络,2025-10-15 09:41:33,23.77,28800,23.77,D
sz002517,恺英网络,2025-10-15 09:41:39,23.8,11900,23.82,E
sz002517,恺英网络,2025-10-15 09:41:45,23.79,10800,23.79,U
sz002517,恺英网络,2025-10-15 09:41:48,23.78,8600,23.79,E
sz002517,恺英网络,2025-10-15 09:41:54,23.73,9500,23.77,D
sz002517,恺英网络,2025-10-15 09:41:57,23.77,31200,23.73,U
sz002517,恺英网络,2025-10-15 09:42:00,23.77,31400,23.77,D
sz002517,恺英网络,2025-10-15 09:42:03,23.74,12100,23.77,D
sz002517,恺英网络,2025-10-15 09:42:06,23.79,92600,23.74,U
sz002517,恺英网络,2025-10-15 09:42:09,23.79,15400,23.79,E
sz002517,恺英网络,2025-10-15 09:42:12,23.84,29500,23.79,U
sz002517,恺英网络,2025-10-15 09:42:15,23.85,51200,23.84,U
sz002517,恺英网络,2025-10-15 09:42:18,23.88,18000,23.85,U
sz002517,恺英网络,2025-10-15 09:42:21,23.85,27000,23.88,D
sz002517,恺英网络,2025-10-15 09:42:24,23.85,19000,23.85,U
sz002517,恺英网络,2025-10-15 09:42:27,23.87,23800,23.85,U
sz002517,恺英网络,2025-10-15 09:42:33,23.8,30900,23.85,D
sz002517,恺英网络,2025-10-15 09:42:36,23.81,48900,23.8,E
sz002517,恺英网络,2025-10-15 09:42:39,23.77,18600,23.81,D
sz002517,恺英网络,2025-10-15 09:42:42,23.79,14700,23.77,E
sz002517,恺英网络,2025-10-15 09:42:45,23.8,13600,23.79,U
sz002517,恺英网络,2025-10-15 09:42:48,23.78,27600,23.8,D
sz002517,恺英网络,2025-10-15 09:42:54,23.79,18400,23.8,E
sz002517,恺英网络,2025-10-15 09:42:57,23.78,13800,23.79,E
sz002517,恺英网络,2025-10-15 09:43:03,23.78,12700,23.79,E
sz002517,恺英网络,2025-10-15 09:43:06,23.76,12200,23.78,E
sz002517,恺英网络,2025-10-15 09:43:12,23.78,19400,23.79,E
sz002517,恺英网络,2025-10-15 09:43:15,23.76,61000,23.78,E
sz002517,恺英网络,2025-10-15 09:43:18,23.85,45100,23.76,U
sz002517,恺英网络,2025-10-15 09:43:21,23.87,42600,23.85,U
sz002517,恺英网络,2025-10-15 09:43:24,23.89,17900,23.87,U
sz002517,恺英网络,2025-10-15 09:43:33,23.85,10400,23.9,D
sz002517,恺英网络,2025-10-15 09:43:36,23.89,13300,23.85,U
sz002517,恺英网络,2025-10-15 09:43:42,23.85,19100,23.86,D
sz002517,恺英网络,2025-10-15 09:43:45,23.86,60300,23.85,U
sz002517,恺英网络,2025-10-15 09:43:48,23.89,10600,23.86,U
sz002517,恺英网络,2025-10-15 09:43:51,23.88,13100,23.89,D
sz002517,恺英网络,2025-10-15 09:43:54,23.86,9700,23.88,D
sz002517,恺英网络,2025-10-15 09:44:03,23.87,11300,23.88,D
sz002517,恺英网络,2025-10-15 09:44:06,23.92,15100,23.87,U
sz002517,恺英网络,2025-10-15 09:44:12,23.88,15900,23.92,D
sz002517,恺英网络,2025-10-15 09:44:15,23.89,18400,23.88,U
sz002517,恺英网络,2025-10-15 09:44:18,23.88,18100,23.89,D
sz002517,恺英网络,2025-10-15 09:44:21,23.86,24200,23.88,D
sz002517,恺英网络,2025-10-15 09:44:24,23.87,20500,23.86,U
sz002517,恺英网络,2025-10-15 09:44:27,23.85,13000,23.87,E
sz002517,恺英网络,2025-10-15 09:44:30,23.86,21200,23.85,U
sz002517,恺英网络,2025-10-15 09:44:33,23.85,11000,23.86,E
sz002517,恺英网络,2025-10-15 09:44:36,23.8,14700,23.85,D
sz002517,恺英网络,2025-10-15 09:44:42,23.83,32900,23.86,D
sz002517,恺英网络,2025-10-15 09:44:45,23.88,36600,23.83,U
sz002517,恺英网络,2025-10-15 09:44:48,23.8,29900,23.88,D
sz002517,恺英网络,2025-10-15 09:44:51,23.89,31100,23.8,U
sz002517,恺英网络,2025-10-15 09:44:54,23.82,20400,23.89,D
sz002517,恺英网络,2025-10-15 09:44:57,23.92,37500,23.82,U
sz002517,恺英网络,2025-10-15 09:45:00,23.89,9900,23.92,U
sz002517,恺英网络,2025-10-15 09:45:03,23.94,53700,23.89,U
sz002517,恺英网络,2025-10-15 09:45:09,23.9,13200,23.91,D
sz002517,恺英网络,2025-10-15 09:45:12,23.9,21900,23.9,D
sz002517,恺英网络,2025-10-15 09:45:15,23.91,10600,23.9,U
sz002517,恺英网络,2025-10-15 09:45:18,23.9,11100,23.91,E
sz002517,恺英网络,2025-10-15 09:45:24,23.93,13900,23.9,U
sz002517,恺英网络,2025-10-15 09:45:27,23.92,14000,23.93,E
sz002517,恺英网络,2025-10-15 09:45:30,23.93,16400,23.92,E
sz002517,恺英网络,2025-10-15 09:45:33,23.92,11700,23.93,D
sz002517,恺英网络,2025-10-15 09:45:39,23.93,23100,23.92,U
sz002517,恺英网络,2025-10-15 09:45:45,23.93,18600,23.9,U
sz002517,恺英网络,2025-10-15 09:45:48,23.93,19300,23.93,U
sz002517,恺英网络,2025-10-15 09:45:57,23.93,11400,23.93,D
sz002517,恺英网络,2025-10-15 09:46:00,23.97,11300,23.93,U
sz002517,恺英网络,2025-10-15 09:46:03,23.92,16400,23.97,D
sz002517,恺英网络,2025-10-15 09:46:09,23.97,19000,23.96,D
sz002517,恺英网络,2025-10-15 09:46:12,23.97,13600,23.97,D
sz002517,恺英网络,2025-10-15 09:46:15,23.98,13600,23.97,D
sz002517,恺英网络,2025-10-15 09:46:18,24.0,13800,23.98,U
sz002517,恺英网络,2025-10-15 09:46:21,23.98,16200,24.0,D
sz002517,恺英网络,2025-10-15 09:46:24,23.96,21600,23.98,E
sz002517,恺英网络,2025-10-15 09:46:30,24.0,9900,24.0,D
sz002517,恺英网络,2025-10-15 09:46:36,24.01,9600,24.0,E
sz002517,恺英网络,2025-10-15 09:46:42,23.98,19200,23.99,D
sz002517,恺英网络,2025-10-15 09:46:45,23.98,10700,23.98,D
sz002517,恺英网络,2025-10-15 09:46:48,23.99,13600,23.98,U
sz002517,恺英网络,2025-10-15 09:47:00,24.01,14600,24.0,E
sz002517,恺英网络,2025-10-15 09:47:09,24.0,15100,24.01,D
sz002517,恺英网络,2025-10-15 09:47:15,23.99,20500,23.99,U
sz002517,恺英网络,2025-10-15 09:47:18,24.0,11000,23.99,U
sz002517,恺英网络,2025-10-15 09:47:24,24.01,10800,24.0,U
sz002517,恺英网络,2025-10-15 09:47:27,24.03,11900,24.01,U
sz002517,恺英网络,2025-10-15 09:47:39,24.07,15700,24.06,U
sz002517,恺英网络,2025-10-15 09:47:42,23.98,155200,24.07,D
sz002517,恺英网络,2025-10-15 09:47:45,23.99,61500,23.98,U
sz002517,恺英网络,2025-10-15 09:47:54,23.91,8900,23.97,D
sz002517,恺英网络,2025-10-15 09:47:57,23.95,23000,23.91,U
sz002517,恺英网络,2025-10-15 09:48:00,23.97,19900,23.95,U
sz002517,恺英网络,2025-10-15 09:48:09,23.87,23800,23.88,D
sz002517,恺英网络,2025-10-15 09:48:15,23.84,10100,23.85,D
sz002517,恺英网络,2025-10-15 09:48:30,23.81,23300,23.83,D
sz002517,恺英网络,2025-10-15 09:48:33,23.8,11800,23.81,E
sz002517,恺英网络,2025-10-15 09:48:36,23.8,52700,23.8,E
sz002517,恺英网络,2025-10-15 09:48:45,23.8,13400,23.81,D
sz002517,恺英网络,2025-10-15 09:48:51,23.83,42800,23.8,U
sz002517,恺英网络,2025-10-15 09:48:54,23.85,9000,23.83,U
sz002517,恺英网络,2025-10-15 09:49:03,23.83,17000,23.86,D
sz002517,恺英网络,2025-10-15 09:49:06,23.81,10700,23.83,D
sz002517,恺英网络,2025-10-15 09:49:18,23.77,121300,23.8,D
sz002517,恺英网络,2025-10-15 09:49:21,23.77,22300,23.77,D
sz002517,恺英网络,2025-10-15 09:49:24,23.77,13900,23.77,D
sz002517,恺英网络,2025-10-15 09:49:33,23.8,53800,23.79,U
sz002517,恺英网络,2025-10-15 09:49:36,23.81,43300,23.8,E
sz002517,恺英网络,2025-10-15 09:49:42,23.81,24100,23.86,D
sz002517,恺英网络,2025-10-15 09:50:06,23.83,11600,23.83,U
sz002517,恺英网络,2025-10-15 09:50:24,23.79,15900,23.78,U
sz002517,恺英网络,2025-10-15 09:50:27,23.8,27300,23.79,U
sz002517,恺英网络,2025-10-15 09:50:30,23.8,11700,23.8,D
sz002517,恺英网络,2025-10-15 09:50:36,23.8,18300,23.81,D
sz002517,恺英网络,2025-10-15 09:50:39,23.82,21800,23.8,U
sz002517,恺英网络,2025-10-15 09:50:45,23.86,13700,23.84,U
sz002517,恺英网络,2025-10-15 09:50:48,23.88,8400,23.86,U
sz002517,恺英网络,2025-10-15 09:50:51,23.88,12700,23.88,D
sz002517,恺英网络,2025-10-15 09:51:06,23.88,33400,23.86,U
sz002517,恺英网络,2025-10-15 09:51:09,23.92,13100,23.88,U
sz002517,恺英网络,2025-10-15 09:51:15,23.92,14300,23.92,D
sz002517,恺英网络,2025-10-15 09:51:27,23.91,10300,23.93,D
sz002517,恺英网络,2025-10-15 09:51:39,23.96,38100,23.92,U
sz002517,恺英网络,2025-10-15 09:51:42,23.96,24000,23.96,U
sz002517,恺英网络,2025-10-15 09:51:45,23.95,9700,23.96,D
sz002517,恺英网络,2025-10-15 09:52:03,23.92,9100,23.93,D
sz002517,恺英网络,2025-10-15 09:52:06,23.92,29500,23.92,D
sz002517,恺英网络,2025-10-15 09:52:09,23.89,23000,23.92,D
sz002517,恺英网络,2025-10-15 09:52:27,23.95,11100,23.93,U
sz002517,恺英网络,2025-10-15 09:52:30,23.96,11900,23.95,U
sz002517,恺英网络,2025-10-15 09:52:36,23.95,17900,23.93,U
sz002517,恺英网络,2025-10-15 09:52:39,23.9,20900,23.95,D
sz002517,恺英网络,2025-10-15 09:52:54,23.88,21800,23.88,U
sz002517,恺英网络,2025-10-15 09:52:57,23.9,13000,23.88,E
sz002517,恺英网络,2025-10-15 09:53:06,23.88,14200,23.9,D
sz002517,恺英网络,2025-10-15 09:53:24,23.88,104500,23.9,D
sz002517,恺英网络,2025-10-15 09:53:27,23.93,25700,23.88,U
sz002517,恺英网络,2025-10-15 09:53:30,23.9,10600,23.93,D
sz002517,恺英网络,2025-10-15 09:53:51,23.93,9500,23.91,U
sz002517,恺英网络,2025-10-15 09:54:06,23.93,26400,23.9,U
sz002517,恺英网络,2025-10-15 09:54:09,23.93,11700,23.93,U
sz002517,恺英网络,2025-10-15 09:54:12,23.93,17200,23.93,D
sz002517,恺英网络,2025-10-15 09:54:15,23.93,10500,23.93,D
sz002517,恺英网络,2025-10-15 09:54:18,23.93,12500,23.93,D
sz002517,恺英网络,2025-10-15 09:54:30,23.91,10800,23.91,U
sz002517,恺英网络,2025-10-15 09:54:42,23.92,9800,23.92,U
sz002517,恺英网络,2025-10-15 09:55:00,23.89,13400,23.92,D
sz002517,恺英网络,2025-10-15 09:55:06,23.88,9500,23.89,D
sz002517,恺英网络,2025-10-15 09:55:12,23.9,18700,23.88,U
sz002517,恺英网络,2025-10-15 09:55:15,23.91,48800,23.9,E
sz002517,恺英网络,2025-10-15 09:55:18,23.92,12000,23.91,U
sz002517,恺英网络,2025-10-15 09:55:42,23.85,19600,23.86,E
sz002517,恺英网络,2025-10-15 09:56:30,23.88,43500,23.86,U
sz002517,恺英网络,2025-10-15 09:56:33,23.87,11600,23.88,D
sz002517,恺英网络,2025-10-15 09:56:54,23.84,9800,23.85,D
sz002517,恺英网络,2025-10-15 09:56:57,23.84,20700,23.84,D
sz002517,恺英网络,2025-10-15 09:57:03,23.84,12200,23.84,D
sz002517,恺英网络,2025-10-15 09:57:06,23.83,8500,23.84,D
sz002517,恺英网络,2025-10-15 09:57:15,23.81,11100,23.8,U
sz002517,恺英网络,2025-10-15 09:57:18,23.8,10000,23.81,D
sz002517,恺英网络,2025-10-15 09:57:21,23.8,9500,23.8,D
sz002517,恺英网络,2025-10-15 09:57:57,23.78,17700,23.77,U
sz002517,恺英网络,2025-10-15 09:58:00,23.79,10000,23.78,U
sz002517,恺英网络,2025-10-15 09:58:09,23.77,8700,23.79,D
sz002517,恺英网络,2025-10-15 09:58:21,23.79,10600,23.79,D
sz002517,恺英网络,2025-10-15 09:59:03,23.79,82100,23.77,U
sz002517,恺英网络,2025-10-15 09:59:15,23.8,12200,23.8,D
sz002517,恺英网络,2025-10-15 10:00:00,23.85,15400,23.84,U
sz002517,恺英网络,2025-10-15 10:00:09,23.86,16200,23.84,U
sz002517,恺英网络,2025-10-15 10:00:18,23.87,19300,23.87,D
sz002517,恺英网络,2025-10-15 10:00:24,23.9,9100,23.9,U
sz002517,恺英网络,2025-10-15 10:00:27,23.9,15700,23.9,U
sz002517,恺英网络,2025-10-15 10:00:30,23.91,9900,23.9,U
sz002517,恺英网络,2025-10-15 10:00:33,23.9,11200,23.91,D
sz002517,恺英网络,2025-10-15 10:01:21,23.85,15200,23.85,U
sz002517,恺英网络,2025-10-15 10:01:24,23.83,9800,23.85,D
sz002517,恺英网络,2025-10-15 10:01:48,23.87,29600,23.84,U
sz002517,恺英网络,2025-10-15 10:01:54,23.85,10000,23.86,D
sz002517,恺英网络,2025-10-15 10:02:09,23.88,24300,23.86,U
sz002517,恺英网络,2025-10-15 10:02:15,23.88,29300,23.86,U
sz002517,恺英网络,2025-10-15 10:02:18,23.89,11200,23.88,D
sz002517,恺英网络,2025-10-15 10:02:39,23.87,25500,23.85,U
sz002517,恺英网络,2025-10-15 10:03:48,23.84,13600,23.86,D
sz002517,恺英网络,2025-10-15 10:03:51,23.88,86300,23.84,U
sz002517,恺英网络,2025-10-15 10:03:54,23.87,12800,23.88,D
sz002517,恺英网络,2025-10-15 10:04:03,23.85,12600,23.85,D
sz002517,恺英网络,2025-10-15 10:04:06,23.85,41000,23.85,U
sz002517,恺英网络,2025-10-15 10:04:09,23.81,10200,23.85,D
sz002517,恺英网络,2025-10-15 10:04:15,23.8,16800,23.81,D
sz002517,恺英网络,2025-10-15 10:04:18,23.81,35400,23.8,U
sz002517,恺英网络,2025-10-15 10:04:24,23.8,20100,23.81,D
sz002517,恺英网络,2025-10-15 10:04:27,23.81,20900,23.8,E
sz002517,恺英网络,2025-10-15 10:04:33,23.84,16100,23.82,U
sz002517,恺英网络,2025-10-15 10:04:36,23.84,15900,23.84,D
sz002517,恺英网络,2025-10-15 10:04:45,23.88,9500,23.87,U
sz002517,恺英网络,2025-10-15 10:04:51,23.86,9100,23.89,D
sz002517,恺英网络,2025-10-15 10:04:54,23.9,9900,23.86,U
sz002517,恺英网络,2025-10-15 10:05:36,23.83,31700,23.84,D
sz002517,恺英网络,2025-10-15 10:06:27,23.8,13400,23.81,D
sz002517,恺英网络,2025-10-15 10:07:09,23.8,16700,23.8,U
sz002517,恺英网络,2025-10-15 10:07:12,23.79,65600,23.8,D
sz002517,恺英网络,2025-10-15 10:07:15,23.78,12800,23.79,D
sz002517,恺英网络,2025-10-15 10:07:30,23.81,62400,23.78,U
sz002517,恺英网络,2025-10-15 10:07:33,23.79,28600,23.81,D
sz002517,恺英网络,2025-10-15 10:07:36,23.82,18400,23.79,U
sz002517,恺英网络,2025-10-15 10:07:39,23.82,14500,23.82,D
sz002517,恺英网络,2025-10-15 10:07:45,23.82,49700,23.82,D
sz002517,恺英网络,2025-10-15 10:07:48,23.82,14100,23.82,D
sz002517,恺英网络,2025-10-15 10:07:51,23.82,9300,23.82,D
sz002517,恺英网络,2025-10-15 10:07:57,23.82,13300,23.84,U
sz002517,恺英网络,2025-10-15 10:08:06,23.81,11000,23.84,D
sz002517,恺英网络,2025-10-15 10:08:12,23.82,11800,23.82,U
sz002517,恺英网络,2025-10-15 10:08:33,23.82,13700,23.82,D
sz002517,恺英网络,2025-10-15 10:09:03,23.86,14000,23.85,U
sz002517,恺英网络,2025-10-15 10:09:06,23.87,23400,23.86,E
sz002517,恺英网络,2025-10-15 10:09:09,23.91,23600,23.87,U
sz002517,恺英网络,2025-10-15 10:09:12,23.9,9700,23.91,D
sz002517,恺英网络,2025-10-15 10:09:15,23.9,11200,23.9,D
sz002517,恺英网络,2025-10-15 10:09:21,23.9,9800,23.91,D
sz002517,恺英网络,2025-10-15 10:09:42,23.96,11100,23.94,U
sz002517,恺英网络,2025-10-15 10:09:48,23.95,15800,23.96,D
sz002517,恺英网络,2025-10-15 10:09:51,23.96,8500,23.95,E
sz002517,恺英网络,2025-10-15 10:09:54,23.96,12800,23.96,D
sz002517,恺英网络,2025-10-15 10:09:57,23.96,21900,23.96,D
sz002517,恺英网络,2025-10-15 10:10:09,24.0,14900,23.99,U
sz002517,恺英网络,2025-10-15 10:10:12,24.0,21400,24.0,U
sz002517,恺英网络,2025-10-15 10:10:18,24.0,8400,23.99,U
sz002517,恺英网络,2025-10-15 10:10:33,24.01,11500,24.02,D
sz002517,恺英网络,2025-10-15 10:10:42,24.0,18400,24.0,D
sz002517,恺英网络,2025-10-15 10:10:45,23.97,11200,24.0,D
sz002517,恺英网络,2025-10-15 10:10:51,23.99,15200,23.97,E
sz002517,恺英网络,2025-10-15 10:11:00,23.99,20800,24.0,D
sz002517,恺英网络,2025-10-15 10:11:06,23.98,10500,23.98,D
sz002517,恺英网络,2025-10-15 10:11:12,23.98,33600,23.98,D
sz002517,恺英网络,2025-10-15 10:11:21,23.97,9800,23.97,D
sz002517,恺英网络,2025-10-15 10:11:57,23.96,9200,23.96,U
sz002517,恺英网络,2025-10-15 10:12:09,23.96,23800,23.95,U
sz002517,恺英网络,2025-10-15 10:12:15,23.98,22500,23.97,U
sz002517,恺英网络,2025-10-15 10:12:18,23.96,14400,23.98,D
sz002517,恺英网络,2025-10-15 10:12:27,24.0,21700,23.98,U
sz002517,恺英网络,2025-10-15 10:12:33,23.99,12600,23.99,D
sz002517,恺英网络,2025-10-15 10:12:39,24.01,29400,24.0,U
sz002517,恺英网络,2025-10-15 10:12:42,23.99,11300,24.01,D
sz002517,恺英网络,2025-10-15 10:12:48,23.97,14400,23.98,D
sz002517,恺英网络,2025-10-15 10:12:51,23.99,20400,23.97,U
sz002517,恺英网络,2025-10-15 10:13:06,23.97,10000,23.95,U
sz002517,恺英网络,2025-10-15 10:13:15,23.99,11200,23.97,U
sz002517,恺英网络,2025-10-15 10:13:21,23.99,10200,23.99,U
sz002517,恺英网络,2025-10-15 10:13:45,23.98,14400,23.98,U
sz002517,恺英网络,2025-10-15 10:14:03,23.95,21700,23.96,D
sz002517,恺英网络,2025-10-15 10:14:06,23.94,23800,23.95,D
sz002517,恺英网络,2025-10-15 10:14:12,23.95,16500,23.97,D
sz002517,恺英网络,2025-10-15 10:14:18,23.99,8400,23.95,U
sz002517,恺英网络,2025-10-15 10:14:54,23.89,9600,23.9,D
sz002517,恺英网络,2025-10-15 10:15:00,23.88,10400,23.88,D
sz002517,恺英网络,2025-10-15 10:15:24,23.9,28600,23.89,U
sz002517,恺英网络,2025-10-15 10:15:36,23.92,11700,23.93,D
sz002517,恺英网络,2025-10-15 10:16:03,23.95,70100,23.92,U
sz002517,恺英网络,2025-10-15 10:16:21,23.95,9200,23.97,D
sz002517,恺英网络,2025-10-15 10:16:48,23.98,20500,23.97,U
sz002517,恺英网络,2025-10-15 10:16:57,23.96,24400,23.97,D
sz002517,恺英网络,2025-10-15 10:17:03,23.97,14800,23.97,D
sz002517,恺英网络,2025-10-15 10:17:06,24.0,10300,23.97,U
sz002517,恺英网络,2025-10-15 10:17:09,23.99,8900,24.0,E
sz002517,恺英网络,2025-10-15 10:17:15,24.03,21300,24.0,U
sz002517,恺英网络,2025-10-15 10:17:27,24.01,9800,24.01,U
sz002517,恺英网络,2025-10-15 10:17:36,24.03,9700,24.03,U
sz002517,恺英网络,2025-10-15 10:17:42,24.06,13500,24.05,U
sz002517,恺英网络,2025-10-15 10:17:51,24.03,18700,24.08,D
sz002517,恺英网络,2025-10-15 10:17:54,24.04,22900,24.03,E
sz002517,恺英网络,2025-10-15 10:17:57,24.04,12500,24.04,U
sz002517,恺英网络,2025-10-15 10:18:00,24.05,10600,24.04,U
sz002517,恺英网络,2025-10-15 10:18:03,24.04,38800,24.05,D
sz002517,恺英网络,2025-10-15 10:18:06,24.02,11000,24.04,D
sz002517,恺英网络,2025-10-15 10:18:09,24.02,24500,24.02,U
sz002517,恺英网络,2025-10-15 10:18:15,24.07,27200,24.04,U
sz002517,恺英网络,2025-10-15 10:18:21,24.1,30700,24.04,U
sz002517,恺英网络,2025-10-15 10:18:27,24.11,13000,24.1,U
sz002517,恺英网络,2025-10-15 10:18:30,24.09,9700,24.11,D
sz002517,恺英网络,2025-10-15 10:18:33,24.08,9200,24.09,D
sz002517,恺英网络,2025-10-15 10:18:36,24.11,9300,24.08,U
sz002517,恺英网络,2025-10-15 10:18:42,24.1,58900,24.11,E
sz002517,恺英网络,2025-10-15 10:18:51,24.12,44100,24.07,U
sz002517,恺英网络,2025-10-15 10:19:00,24.09,11000,24.11,D
sz002517,恺英网络,2025-10-15 10:19:03,24.12,19800,24.09,U
sz002517,恺英网络,2025-10-15 10:19:12,24.08,20100,24.12,D
sz002517,恺英网络,2025-10-15 10:19:15,24.11,11300,24.08,E
sz002517,恺英网络,2025-10-15 10:19:18,24.11,14600,24.11,D
sz002517,恺英网络,2025-10-15 10:19:21,24.14,8400,24.11,U
sz002517,恺英网络,2025-10-15 10:19:24,24.13,9900,24.14,E
sz002517,恺英网络,2025-10-15 10:19:33,24.18,29300,24.14,U
sz002517,恺英网络,2025-10-15 10:19:36,24.14,12100,24.18,D
sz002517,恺英网络,2025-10-15 10:19:39,24.15,35500,24.14,U
sz002517,恺英网络,2025-10-15 10:19:42,24.17,28100,24.15,U
sz002517,恺英网络,2025-10-15 10:19:45,24.14,117200,24.17,D
sz002517,恺英网络,2025-10-15 10:19:48,24.13,14600,24.14,D
sz002517,恺英网络,2025-10-15 10:19:51,24.15,24000,24.13,U
sz002517,恺英网络,2025-10-15 10:19:54,24.1,23800,24.15,D
sz002517,恺英网络,2025-10-15 10:19:57,24.12,13500,24.1,E
sz002517,恺英网络,2025-10-15 10:20:12,24.16,10000,24.16,D
sz002517,恺英网络,2025-10-15 10:20:21,24.16,8900,24.16,U
sz002517,恺英网络,2025-10-15 10:20:24,24.17,10400,24.16,U
sz002517,恺英网络,2025-10-15 10:20:30,24.18,8800,24.17,U
sz002517,恺英网络,2025-10-15 10:20:36,24.18,14000,24.18,D
sz002517,恺英网络,2025-10-15 10:20:45,24.18,14100,24.2,D
sz002517,恺英网络,2025-10-15 10:20:48,24.18,9800,24.18,D
sz002517,恺英网络,2025-10-15 10:20:51,24.14,26200,24.18,D
sz002517,恺英网络,2025-10-15 10:20:57,24.12,8700,24.15,D
sz002517,恺英网络,2025-10-15 10:21:15,24.15,16200,24.13,U
sz002517,恺英网络,2025-10-15 10:21:24,24.15,9000,24.14,U
sz002517,恺英网络,2025-10-15 10:21:27,24.14,15400,24.15,U
sz002517,恺英网络,2025-10-15 10:21:39,24.16,28800,24.14,U
sz002517,恺英网络,2025-10-15 10:21:42,24.17,10400,24.16,U
sz002517,恺英网络,2025-10-15 10:21:48,24.16,8300,24.16,E
sz002517,恺英网络,2025-10-15 10:21:51,24.15,39700,24.16,U
sz002517,恺英网络,2025-10-15 10:21:54,24.15,9100,24.15,D
sz002517,恺英网络,2025-10-15 10:22:09,24.15,20700,24.14,U
sz002517,恺英网络,2025-10-15 10:22:12,24.16,15900,24.15,E
sz002517,恺英网络,2025-10-15 10:22:15,24.17,10200,24.16,U
sz002517,恺英网络,2025-10-15 10:22:24,24.14,17200,24.15,D
sz002517,恺英网络,2025-10-15 10:22:42,24.12,78400,24.13,D
sz002517,恺英网络,2025-10-15 10:22:45,24.1,9300,24.12,D
sz002517,恺英网络,2025-10-15 10:22:48,24.1,18200,24.1,D
sz002517,恺英网络,2025-10-15 10:22:51,24.09,42100,24.1,D
sz002517,恺英网络,2025-10-15 10:22:54,24.11,16500,24.09,U
sz002517,恺英网络,2025-10-15 10:22:57,24.08,33000,24.11,D
sz002517,恺英网络,2025-10-15 10:23:18,24.07,106700,24.1,D
sz002517,恺英网络,2025-10-15 10:23:24,24.03,15500,24.04,D
sz002517,恺英网络,2025-10-15 10:23:33,24.02,10000,24.02,U
sz002517,恺英网络,2025-10-15 10:23:39,24.01,13800,24.0,U
sz002517,恺英网络,2025-10-15 10:23:45,24.02,11700,24.0,U
sz002517,恺英网络,2025-10-15 10:23:57,24.03,9900,24.03,E
sz002517,恺英网络,2025-10-15 10:24:03,24.04,23300,24.03,U
sz002517,恺英网络,2025-10-15 10:24:06,24.04,31100,24.04,U
sz002517,恺英网络,2025-10-15 10:24:12,24.05,16200,24.06,D
sz002517,恺英网络,2025-10-15 10:24:24,24.11,11415,24.1,U
sz002517,恺英网络,2025-10-15 10:24:39,24.1,10715,24.1,U
sz002517,恺英网络,2025-10-15 10:25:27,24.12,20000,24.13,D
sz002517,恺英网络,2025-10-15 10:25:30,24.12,16300,24.12,D
sz002517,恺英网络,2025-10-15 10:25:42,24.12,9100,24.11,U
sz002517,恺英网络,2025-10-15 10:26:00,24.1,10500,24.11,D
sz002517,恺英网络,2025-10-15 10:26:09,24.09,8900,24.08,U
sz002517,恺英网络,2025-10-15 10:27:15,24.05,13600,24.06,D
sz002517,恺英网络,2025-10-15 10:27:30,24.04,10900,24.05,D
sz002517,恺英网络,2025-10-15 10:28:12,24.05,13400,24.04,U
sz002517,恺英网络,2025-10-15 10:28:15,24.07,38400,24.05,U
sz002517,恺英网络,2025-10-15 10:28:18,24.08,9100,24.07,E
sz002517,恺英网络,2025-10-15 10:28:21,24.11,25600,24.08,U
sz002517,恺英网络,2025-10-15 10:28:30,24.08,17900,24.1,D
sz002517,恺英网络,2025-10-15 10:28:36,24.08,10800,24.08,U
sz002517,恺英网络,2025-10-15 10:28:42,24.09,14600,24.08,U
sz002517,恺英网络,2025-10-15 10:28:51,24.1,13400,24.12,D
sz002517,恺英网络,2025-10-15 10:28:54,24.12,11500,24.1,U
sz002517,恺英网络,2025-10-15 10:28:57,24.16,9800,24.12,U
sz002517,恺英网络,2025-10-15 10:29:12,24.12,8900,24.12,E
sz002517,恺英网络,2025-10-15 10:29:18,24.16,20700,24.12,U
sz002517,恺英网络,2025-10-15 10:29:27,24.14,19100,24.16,U
sz002517,恺英网络,2025-10-15 10:29:42,24.14,9700,24.11,U
sz002517,恺英网络,2025-10-15 10:30:27,24.11,14400,24.09,U
sz002517,恺英网络,2025-10-15 10:31:24,24.1,11000,24.1,U
sz002517,恺英网络,2025-10-15 10:32:12,24.1,33900,24.07,U
sz002517,恺英网络,2025-10-15 10:32:18,24.1,8600,24.09,U
sz002517,恺英网络,2025-10-15 10:32:33,24.08,25200,24.08,D
sz002517,恺英网络,2025-10-15 10:35:12,24.05,14500,24.06,D
sz002517,恺英网络,2025-10-15 10:35:39,24.04,13100,24.05,D
sz002517,恺英网络,2025-10-15 10:35:42,24.04,18300,24.04,D
sz002517,恺英网络,2025-10-15 10:36:36,24.02,9300,24.02,U
sz002517,恺英网络,2025-10-15 10:36:51,24.02,9000,24.02,U
sz002517,恺英网络,2025-10-15 10:37:18,24.03,26000,24.02,U
sz002517,恺英网络,2025-10-15 10:37:21,24.04,10100,24.03,U
sz002517,恺英网络,2025-10-15 10:37:27,24.04,25600,24.05,D
sz002517,恺英网络,2025-10-15 10:37:51,24.04,10400,24.05,D
sz002517,恺英网络,2025-10-15 10:38:36,24.02,14900,24.02,D
sz002517,恺英网络,2025-10-15 10:39:51,24.02,9000,24.02,U
sz002517,恺英网络,2025-10-15 10:40:39,24.04,20200,24.05,D
sz002517,恺英网络,2025-10-15 10:41:27,24.03,11200,24.04,D
sz002517,恺英网络,2025-10-15 10:42:15,24.02,24700,24.02,U
sz002517,恺英网络,2025-10-15 10:42:42,23.98,128700,24.01,D
sz002517,恺英网络,2025-10-15 10:42:45,23.98,20000,23.98,D
sz002517,恺英网络,2025-10-15 10:42:48,23.97,59400,23.98,D
sz002517,恺英网络,2025-10-15 10:42:51,23.96,31100,23.97,D
sz002517,恺英网络,2025-10-15 10:42:54,23.94,20700,23.96,D
sz002517,恺英网络,2025-10-15 10:42:57,23.93,9300,23.94,D
sz002517,恺英网络,2025-10-15 10:43:00,23.93,29100,23.93,D
sz002517,恺英网络,2025-10-15 10:43:03,23.91,22000,23.93,D
sz002517,恺英网络,2025-10-15 10:43:06,23.9,10300,23.91,D
sz002517,恺英网络,2025-10-15 10:43:09,23.9,19900,23.9,D
sz002517,恺英网络,2025-10-15 10:43:12,23.89,9600,23.9,D
sz002517,恺英网络,2025-10-15 10:43:15,23.89,13300,23.89,D
sz002517,恺英网络,2025-10-15 10:43:27,23.9,27900,23.89,U
sz002517,恺英网络,2025-10-15 10:43:30,23.91,9300,23.9,U
sz002517,恺英网络,2025-10-15 10:43:33,23.91,9500,23.91,D
sz002517,恺英网络,2025-10-15 10:43:36,23.86,12800,23.91,D
sz002517,恺英网络,2025-10-15 10:43:42,23.88,11600,23.89,D
sz002517,恺英网络,2025-10-15 10:43:48,23.89,11200,23.88,D
sz002517,恺英网络,2025-10-15 10:44:09,23.86,20500,23.87,D
sz002517,恺英网络,2025-10-15 10:44:15,23.89,23700,23.87,U
sz002517,恺英网络,2025-10-15 10:44:18,23.9,9700,23.89,U
sz002517,恺英网络,2025-10-15 10:44:33,23.88,8500,23.89,D
sz002517,恺英网络,2025-10-15 10:44:39,23.89,13700,23.89,D
sz002517,恺英网络,2025-10-15 10:44:42,23.87,12200,23.89,D
sz002517,恺英网络,2025-10-15 10:44:51,23.89,8800,23.89,E
sz002517,恺英网络,2025-10-15 10:44:57,23.88,8800,23.87,D
sz002517,恺英网络,2025-10-15 10:45:57,23.92,8400,23.93,D
sz002517,恺英网络,2025-10-15 10:46:15,23.94,9000,23.93,U
sz002517,恺英网络,2025-10-15 10:48:00,23.96,9800,23.95,U
sz002517,恺英网络,2025-10-15 10:48:09,23.98,10000,23.97,U
sz002517,恺英网络,2025-10-15 10:48:42,23.97,14500,24.01,D
sz002517,恺英网络,2025-10-15 10:48:51,23.97,15300,23.97,E
sz002517,恺英网络,2025-10-15 10:48:54,23.97,14100,23.97,D
sz002517,恺英网络,2025-10-15 10:49:12,23.98,8400,23.97,U
sz002517,恺英网络,2025-10-15 10:51:06,23.97,16900,23.93,U
sz002517,恺英网络,2025-10-15 10:51:36,23.96,18900,23.95,U
sz002517,恺英网络,2025-10-15 10:52:57,23.95,16800,23.95,U
sz002517,恺英网络,2025-10-15 10:53:00,23.94,21900,23.95,D
sz002517,恺英网络,2025-10-15 10:53:03,23.96,12900,23.94,U
sz002517,恺英网络,2025-10-15 10:53:09,23.94,8500,23.95,D
sz002517,恺英网络,2025-10-15 10:53:12,23.95,14300,23.94,U
sz002517,恺英网络,2025-10-15 10:54:15,23.95,8400,23.94,U
sz002517,恺英网络,2025-10-15 10:54:27,23.97,22800,23.95,U
sz002517,恺英网络,2025-10-15 10:55:18,23.94,9200,23.95,D
sz002517,恺英网络,2025-10-15 10:56:33,23.92,9700,23.91,U
sz002517,恺英网络,2025-10-15 10:56:39,23.92,44400,23.91,U
sz002517,恺英网络,2025-10-15 10:56:48,23.92,10100,23.92,D
sz002517,恺英网络,2025-10-15 10:57:21,23.9,52000,23.91,D
sz002517,恺英网络,2025-10-15 10:57:33,23.89,11700,23.89,D
sz002517,恺英网络,2025-10-15 10:57:48,23.88,13100,23.89,D
sz002517,恺英网络,2025-10-15 10:58:39,23.86,9500,23.86,U
sz002517,恺英网络,2025-10-15 10:58:42,23.85,28700,23.86,D
sz002517,恺英网络,2025-10-15 10:58:54,23.85,18000,23.85,D
sz002517,恺英网络,2025-10-15 10:59:27,23.85,8600,23.85,U
sz002517,恺英网络,2025-10-15 10:59:57,23.83,22900,23.84,D
sz002517,恺英网络,2025-10-15 11:00:03,23.85,15300,23.84,U
sz002517,恺英网络,2025-10-15 11:00:12,23.87,11900,23.86,U
sz002517,恺英网络,2025-10-15 11:00:15,23.87,14700,23.87,U
sz002517,恺英网络,2025-10-15 11:00:18,23.88,10200,23.87,U
sz002517,恺英网络,2025-10-15 11:00:21,23.88,8900,23.88,U
sz002517,恺英网络,2025-10-15 11:00:36,23.87,10800,23.88,D
sz002517,恺英网络,2025-10-15 11:01:24,23.88,10500,23.88,D
sz002517,恺英网络,2025-10-15 11:01:30,23.87,17500,23.87,D
sz002517,恺英网络,2025-10-15 11:02:27,23.85,16700,23.85,D
sz002517,恺英网络,2025-10-15 11:02:42,23.84,8400,23.83,U
sz002517,恺英网络,2025-10-15 11:03:15,23.83,11200,23.81,U
sz002517,恺英网络,2025-10-15 11:04:03,23.89,30400,23.83,U
sz002517,恺英网络,2025-10-15 11:04:06,23.88,10400,23.89,D
sz002517,恺英网络,2025-10-15 11:04:18,23.87,10200,23.87,D
sz002517,恺英网络,2025-10-15 11:06:06,23.85,9200,23.86,D
sz002517,恺英网络,2025-10-15 11:06:33,23.83,57000,23.84,D
sz002517,恺英网络,2025-10-15 11:06:39,23.81,25800,23.81,D
sz002517,恺英网络,2025-10-15 11:06:45,23.8,9700,23.8,D
sz002517,恺英网络,2025-10-15 11:06:54,23.82,54000,23.8,U
sz002517,恺英网络,2025-10-15 11:07:03,23.79,10000,23.81,D
sz002517,恺英网络,2025-10-15 11:07:06,23.81,14500,23.79,U
sz002517,恺英网络,2025-10-15 11:07:33,23.81,16300,23.82,D
sz002517,恺英网络,2025-10-15 11:07:54,23.8,12000,23.81,D
sz002517,恺英网络,2025-10-15 11:07:57,23.8,24700,23.8,D
sz002517,恺英网络,2025-10-15 11:08:03,23.79,10600,23.79,D
sz002517,恺英网络,2025-10-15 11:08:21,23.78,10500,23.79,D
sz002517,恺英网络,2025-10-15 11:08:27,23.78,9900,23.78,D
sz002517,恺英网络,2025-10-15 11:08:30,23.78,20600,23.78,U
sz002517,恺英网络,2025-10-15 11:08:33,23.81,8800,23.78,U
sz002517,恺英网络,2025-10-15 11:08:36,23.81,9300,23.81,D
sz002517,恺英网络,2025-10-15 11:08:51,23.81,27900,23.81,D
sz002517,恺英网络,2025-10-15 11:09:42,23.75,25100,23.75,D
sz002517,恺英网络,2025-10-15 11:10:03,23.78,12700,23.77,U
sz002517,恺英网络,2025-10-15 11:10:48,23.79,14200,23.79,D
sz002517,恺英网络,2025-10-15 11:11:33,23.77,24500,23.76,U
sz002517,恺英网络,2025-10-15 11:11:36,23.78,9600,23.77,E
sz002517,恺英网络,2025-10-15 11:13:03,23.73,15300,23.75,D
sz002517,恺英网络,2025-10-15 11:13:21,23.73,18800,23.71,U
sz002517,恺英网络,2025-10-15 11:13:45,23.72,20600,23.71,U
sz002517,恺英网络,2025-10-15 11:13:51,23.72,193300,23.72,D
sz002517,恺英网络,2025-10-15 11:13:57,23.7,37700,23.7,D
sz002517,恺英网络,2025-10-15 11:14:00,23.7,34400,23.7,U
sz002517,恺英网络,2025-10-15 11:14:03,23.72,27600,23.7,U
sz002517,恺英网络,2025-10-15 11:14:06,23.76,26200,23.72,U
sz002517,恺英网络,2025-10-15 11:14:09,23.74,19800,23.76,D
sz002517,恺英网络,2025-10-15 11:14:12,23.74,8700,23.74,D
sz002517,恺英网络,2025-10-15 11:14:30,23.75,14600,23.74,U
sz002517,恺英网络,2025-10-15 11:14:33,23.78,36800,23.75,U
sz002517,恺英网络,2025-10-15 11:14:36,23.78,11300,23.78,D
sz002517,恺英网络,2025-10-15 11:14:48,23.77,9400,23.76,E
sz002517,恺英网络,2025-10-15 11:15:30,23.73,11400,23.72,U
sz002517,恺英网络,2025-10-15 11:16:15,23.75,24500,23.72,U
sz002517,恺英网络,2025-10-15 11:16:18,23.75,13200,23.75,D
sz002517,恺英网络,2025-10-15 11:17:00,23.75,21600,23.73,U
sz002517,恺英网络,2025-10-15 11:17:03,23.74,33300,23.75,D
sz002517,恺英网络,2025-10-15 11:17:06,23.75,18600,23.74,U
sz002517,恺英网络,2025-10-15 11:17:09,23.77,26200,23.75,U
sz002517,恺英网络,2025-10-15 11:17:12,23.78,10000,23.77,E
sz002517,恺英网络,2025-10-15 11:18:03,23.77,23400,23.75,U
sz002517,恺英网络,2025-10-15 11:18:06,23.77,8900,23.77,D
sz002517,恺英网络,2025-10-15 11:18:09,23.78,9800,23.77,U
sz002517,恺英网络,2025-10-15 11:18:12,23.77,9900,23.78,D
sz002517,恺英网络,2025-10-15 11:18:24,23.77,9400,23.77,D
sz002517,恺英网络,2025-10-15 11:18:39,23.74,10500,23.76,D
sz002517,恺英网络,2025-10-15 11:18:51,23.73,18800,23.72,U
sz002517,恺英网络,2025-10-15 11:19:00,23.72,138900,23.73,D
sz002517,恺英网络,2025-10-15 11:19:03,23.72,18700,23.72,D
sz002517,恺英网络,2025-10-15 11:19:06,23.71,28500,23.72,D
sz002517,恺英网络,2025-10-15 11:19:09,23.72,29400,23.71,D
sz002517,恺英网络,2025-10-15 11:19:12,23.74,9100,23.72,U
sz002517,恺英网络,2025-10-15 11:19:15,23.74,14600,23.74,U
sz002517,恺英网络,2025-10-15 11:19:18,23.76,13800,23.74,U
sz002517,恺英网络,2025-10-15 11:19:27,23.75,12000,23.76,E
sz002517,恺英网络,2025-10-15 11:19:33,23.77,9100,23.78,D
sz002517,恺英网络,2025-10-15 11:19:36,23.79,9200,23.77,U
sz002517,恺英网络,2025-10-15 11:19:57,23.76,16800,23.76,D
sz002517,恺英网络,2025-10-15 11:21:09,23.78,9300,23.78,U
sz002517,恺英网络,2025-10-15 11:21:24,23.78,14500,23.79,D
sz002517,恺英网络,2025-10-15 11:23:36,23.75,11300,23.75,D
sz002517,恺英网络,2025-10-15 11:23:39,23.76,18400,23.75,U
sz002517,恺英网络,2025-10-15 11:23:48,23.78,12700,23.77,U
sz002517,恺英网络,2025-10-15 11:24:18,23.77,10300,23.76,U
sz002517,恺英网络,2025-10-15 11:24:21,23.77,10400,23.77,D
sz002517,恺英网络,2025-10-15 11:24:27,23.76,35800,23.76,U
sz002517,恺英网络,2025-10-15 11:24:54,23.73,10600,23.71,U
sz002517,恺英网络,2025-10-15 11:25:09,23.73,11300,23.74,D
sz002517,恺英网络,2025-10-15 11:25:21,23.75,33000,23.75,U
sz002517,恺英网络,2025-10-15 11:25:27,23.74,11100,23.74,D
sz002517,恺英网络,2025-10-15 11:25:51,23.77,11000,23.76,U
sz002517,恺英网络,2025-10-15 11:25:57,23.8,13700,23.77,U
sz002517,恺英网络,2025-10-15 11:26:12,23.8,10100,23.8,U
sz002517,恺英网络,2025-10-15 11:26:18,23.8,15000,23.8,U
sz002517,恺英网络,2025-10-15 11:26:27,23.77,14000,23.8,D
sz002517,恺英网络,2025-10-15 11:27:00,23.77,12900,23.75,U
sz002517,恺英网络,2025-10-15 11:27:03,23.76,9400,23.77,D
sz002517,恺英网络,2025-10-15 11:27:15,23.77,9200,23.77,D
sz002517,恺英网络,2025-10-15 11:27:33,23.77,33300,23.77,D
sz002517,恺英网络,2025-10-15 11:27:36,23.77,13300,23.77,D
sz002517,恺英网络,2025-10-15 11:27:39,23.76,23000,23.77,D
sz002517,恺英网络,2025-10-15 11:27:42,23.76,10200,23.76,D
sz002517,恺英网络,2025-10-15 11:28:09,23.78,10400,23.78,D
sz002517,恺英网络,2025-10-15 11:28:15,23.81,12200,23.8,U
sz002517,恺英网络,2025-10-15 11:28:39,23.8,21600,23.8,D
sz002517,恺英网络,2025-10-15 11:28:42,23.81,12100,23.8,U
sz002517,恺英网络,2025-10-15 11:28:51,23.8,38700,23.8,U
sz002517,恺英网络,2025-10-15 11:28:54,23.84,12100,23.8,U
sz002517,恺英网络,2025-10-15 11:28:57,23.83,9600,23.84,E
sz002517,恺英网络,2025-10-15 11:29:03,23.8,15800,23.82,D
sz002517,恺英网络,2025-10-15 11:29:06,23.82,9200,23.8,U
sz002517,恺英网络,2025-10-15 11:29:12,23.81,16800,23.81,U
sz002517,恺英网络,2025-10-15 11:29:42,23.79,9200,23.77,U
sz002517,恺英网络,2025-10-15 11:29:45,23.78,35200,23.79,E
sz002517,恺英网络,2025-10-15 13:00:00,23.79,20200,23.78,U
sz002517,恺英网络,2025-10-15 13:00:03,23.8,21400,23.79,U
sz002517,恺英网络,2025-10-15 13:00:06,23.81,8500,23.8,U
sz002517,恺英网络,2025-10-15 13:00:12,23.87,15600,23.8,U
sz002517,恺英网络,2025-10-15 13:00:15,23.9,17100,23.87,U
sz002517,恺英网络,2025-10-15 13:00:18,23.9,15600,23.9,D
sz002517,恺英网络,2025-10-15 13:00:36,23.9,12700,23.89,U
sz002517,恺英网络,2025-10-15 13:00:42,23.9,10400,23.9,D
sz002517,恺英网络,2025-10-15 13:01:06,23.94,24400,23.9,U
sz002517,恺英网络,2025-10-15 13:01:09,23.9,31900,23.94,D
sz002517,恺英网络,2025-10-15 13:01:30,23.91,8700,23.9,U
sz002517,恺英网络,2025-10-15 13:01:33,23.92,9700,23.91,U
sz002517,恺英网络,2025-10-15 13:02:24,23.97,33400,23.96,U
sz002517,恺英网络,2025-10-15 13:02:33,23.95,27400,23.95,D
sz002517,恺英网络,2025-10-15 13:02:48,23.98,30000,23.96,U
sz002517,恺英网络,2025-10-15 13:03:06,24.0,64900,23.97,U
sz002517,恺英网络,2025-10-15 13:03:09,24.02,13600,24.0,U
sz002517,恺英网络,2025-10-15 13:03:15,23.99,10800,24.01,D
sz002517,恺英网络,2025-10-15 13:03:36,24.0,13200,23.98,U
sz002517,恺英网络,2025-10-15 13:03:45,23.99,10700,24.0,D
sz002517,恺英网络,2025-10-15 13:03:48,24.03,10900,23.99,U
sz002517,恺英网络,2025-10-15 13:03:51,24.03,26100,24.03,U
sz002517,恺英网络,2025-10-15 13:04:15,24.05,8500,24.04,U
sz002517,恺英网络,2025-10-15 13:04:18,24.07,25000,24.05,U
sz002517,恺英网络,2025-10-15 13:04:21,24.07,10200,24.07,U
sz002517,恺英网络,2025-10-15 13:04:27,24.08,20500,24.08,U
sz002517,恺英网络,2025-10-15 13:04:33,24.08,15400,24.09,D
sz002517,恺英网络,2025-10-15 13:04:36,24.08,15300,24.08,D
sz002517,恺英网络,2025-10-15 13:04:39,24.1,11200,24.08,U
sz002517,恺英网络,2025-10-15 13:04:42,24.09,10200,24.1,D
sz002517,恺英网络,2025-10-15 13:04:48,24.09,11200,24.09,D
sz002517,恺英网络,2025-10-15 13:05:03,24.09,10100,24.08,U
sz002517,恺英网络,2025-10-15 13:05:06,24.11,71800,24.09,U
sz002517,恺英网络,2025-10-15 13:05:09,24.1,8300,24.11,D
sz002517,恺英网络,2025-10-15 13:05:15,24.11,9100,24.11,D
sz002517,恺英网络,2025-10-15 13:05:42,24.1,31900,24.12,D
sz002517,恺英网络,2025-10-15 13:05:48,24.1,9100,24.1,D
sz002517,恺英网络,2025-10-15 13:05:57,24.09,10600,24.09,D
sz002517,恺英网络,2025-10-15 13:06:12,24.06,11900,24.08,D
sz002517,恺英网络,2025-10-15 13:07:00,24.05,27300,24.08,D
sz002517,恺英网络,2025-10-15 13:07:09,24.06,19300,24.05,E
sz002517,恺英网络,2025-10-15 13:07:15,24.05,12900,24.05,D
sz002517,恺英网络,2025-10-15 13:07:36,24.07,16600,24.05,U
sz002517,恺英网络,2025-10-15 13:07:42,24.07,8700,24.05,U
sz002517,恺英网络,2025-10-15 13:07:45,24.09,13100,24.07,U
sz002517,恺英网络,2025-10-15 13:07:48,24.08,31500,24.09,D
sz002517,恺英网络,2025-10-15 13:07:57,24.07,9300,24.07,D
sz002517,恺英网络,2025-10-15 13:08:30,24.04,12200,24.05,D
sz002517,恺英网络,2025-10-15 13:08:36,24.05,9300,24.04,U
sz002517,恺英网络,2025-10-15 13:08:39,24.05,18900,24.05,D
sz002517,恺英网络,2025-10-15 13:09:00,24.04,13600,24.05,D
sz002517,恺英网络,2025-10-15 13:09:18,24.02,12100,24.02,D
sz002517,恺英网络,2025-10-15 13:10:06,23.97,10000,23.98,D
sz002517,恺英网络,2025-10-15 13:11:00,23.99,12000,23.99,U
sz002517,恺英网络,2025-10-15 13:11:09,23.99,98700,23.99,D
sz002517,恺英网络,2025-10-15 13:11:18,23.98,8800,23.99,D
sz002517,恺英网络,2025-10-15 13:12:06,23.97,39900,23.94,U
sz002517,恺英网络,2025-10-15 13:13:03,23.95,9100,23.93,U
sz002517,恺英网络,2025-10-15 13:13:06,23.98,29600,23.95,U
sz002517,恺英网络,2025-10-15 13:13:24,24.01,11600,23.98,U
sz002517,恺英网络,2025-10-15 13:14:42,24.02,32900,24.01,U
sz002517,恺英网络,2025-10-15 13:15:06,24.03,9500,24.01,U
sz002517,恺英网络,2025-10-15 13:15:27,24.06,8800,24.05,D
sz002517,恺英网络,2025-10-15 13:15:33,24.08,9600,24.07,U
sz002517,恺英网络,2025-10-15 13:15:39,24.07,10500,24.08,D
sz002517,恺英网络,2025-10-15 13:16:09,24.12,73800,24.06,U
sz002517,恺英网络,2025-10-15 13:16:12,24.14,14300,24.12,U
sz002517,恺英网络,2025-10-15 13:16:15,24.13,18900,24.14,D
sz002517,恺英网络,2025-10-15 13:16:18,24.13,22400,24.13,D
sz002517,恺英网络,2025-10-15 13:16:24,24.13,13400,24.12,U
sz002517,恺英网络,2025-10-15 13:16:33,24.13,13500,24.13,D
sz002517,恺英网络,2025-10-15 13:16:48,24.1,8500,24.11,D
sz002517,恺英网络,2025-10-15 13:16:51,24.13,46200,24.1,U
sz002517,恺英网络,2025-10-15 13:16:54,24.12,33000,24.13,D
sz002517,恺英网络,2025-10-15 13:16:57,24.14,11300,24.12,U
sz002517,恺英网络,2025-10-15 13:17:00,24.14,8300,24.14,U
sz002517,恺英网络,2025-10-15 13:17:06,24.14,8800,24.14,U
sz002517,恺英网络,2025-10-15 13:17:09,24.18,28100,24.14,U
sz002517,恺英网络,2025-10-15 13:17:15,24.19,27900,24.18,U
sz002517,恺英网络,2025-10-15 13:17:18,24.19,17900,24.19,U
sz002517,恺英网络,2025-10-15 13:17:21,24.18,11200,24.19,D
sz002517,恺英网络,2025-10-15 13:17:24,24.18,51500,24.18,D
sz002517,恺英网络,2025-10-15 13:17:27,24.22,13500,24.18,U
sz002517,恺英网络,2025-10-15 13:17:30,24.19,22400,24.22,D
sz002517,恺英网络,2025-10-15 13:17:45,24.23,8500,24.22,U
sz002517,恺英网络,2025-10-15 13:17:48,24.21,51500,24.23,D
sz002517,恺英网络,2025-10-15 13:17:51,24.24,37400,24.21,U
sz002517,恺英网络,2025-10-15 13:18:06,24.22,14200,24.22,U
sz002517,恺英网络,2025-10-15 13:18:09,24.21,9900,24.22,D
sz002517,恺英网络,2025-10-15 13:18:30,24.16,10900,24.14,U
sz002517,恺英网络,2025-10-15 13:18:57,24.15,9200,24.14,U
sz002517,恺英网络,2025-10-15 13:19:00,24.14,27500,24.15,D
sz002517,恺英网络,2025-10-15 13:19:03,24.14,10000,24.14,U
sz002517,恺英网络,2025-10-15 13:19:12,24.19,16900,24.18,U
sz002517,恺英网络,2025-10-15 13:19:15,24.19,24500,24.19,D
sz002517,恺英网络,2025-10-15 13:19:18,24.23,13000,24.19,U
sz002517,恺英网络,2025-10-15 13:19:42,24.19,13900,24.19,D
sz002517,恺英网络,2025-10-15 13:20:30,24.18,9300,24.18,D
sz002517,恺英网络,2025-10-15 13:20:48,24.16,26200,24.16,D
sz002517,恺英网络,2025-10-15 13:20:51,24.15,8300,24.16,D
sz002517,恺英网络,2025-10-15 13:21:51,24.12,25300,24.13,D
sz002517,恺英网络,2025-10-15 13:21:57,24.12,9600,24.13,D
sz002517,恺英网络,2025-10-15 13:23:24,24.13,25900,24.15,D
sz002517,恺英网络,2025-10-15 13:24:36,24.15,12400,24.12,U
sz002517,恺英网络,2025-10-15 13:24:39,24.15,10100,24.15,D
sz002517,恺英网络,2025-10-15 13:24:51,24.15,43600,24.15,U
sz002517,恺英网络,2025-10-15 13:26:12,24.15,28100,24.12,U
sz002517,恺英网络,2025-10-15 13:26:21,24.14,15100,24.15,D
sz002517,恺英网络,2025-10-15 13:26:42,24.14,11900,24.12,U
sz002517,恺英网络,2025-10-15 13:27:03,24.14,13200,24.13,U
sz002517,恺英网络,2025-10-15 13:28:06,24.14,17500,24.12,U
sz002517,恺英网络,2025-10-15 13:28:18,24.13,14300,24.13,D
sz002517,恺英网络,2025-10-15 13:28:27,24.14,10700,24.13,U
sz002517,恺英网络,2025-10-15 13:28:42,24.13,52400,24.17,D
sz002517,恺英网络,2025-10-15 13:28:45,24.17,9900,24.13,U
sz002517,恺英网络,2025-10-15 13:28:48,24.16,9400,24.17,D
sz002517,恺英网络,2025-10-15 13:29:39,24.19,12500,24.18,U
sz002517,恺英网络,2025-10-15 13:30:00,24.17,32700,24.16,U
sz002517,恺英网络,2025-10-15 13:30:03,24.16,8300,24.17,D
sz002517,恺英网络,2025-10-15 13:30:21,24.2,50000,24.18,U
sz002517,恺英网络,2025-10-15 13:30:24,24.18,14900,24.2,D
sz002517,恺英网络,2025-10-15 13:31:12,24.19,10500,24.18,U
sz002517,恺英网络,2025-10-15 13:31:15,24.19,10200,24.19,D
sz002517,恺英网络,2025-10-15 13:31:27,24.19,36900,24.19,D
sz002517,恺英网络,2025-10-15 13:31:30,24.18,10300,24.19,D
sz002517,恺英网络,2025-10-15 13:31:48,24.19,15200,24.19,U
sz002517,恺英网络,2025-10-15 13:32:18,24.2,10400,24.21,D
sz002517,恺英网络,2025-10-15 13:32:27,24.22,13600,24.2,U
sz002517,恺英网络,2025-10-15 13:32:36,24.21,12300,24.2,U
sz002517,恺英网络,2025-10-15 13:33:06,24.22,10200,24.23,D
sz002517,恺英网络,2025-10-15 13:33:33,24.22,29600,24.23,D
sz002517,恺英网络,2025-10-15 13:34:03,24.22,10000,24.23,D
sz002517,恺英网络,2025-10-15 13:34:39,24.24,50700,24.24,D
sz002517,恺英网络,2025-10-15 13:35:03,24.19,8500,24.22,D
sz002517,恺英网络,2025-10-15 13:35:33,24.19,10800,24.2,D
sz002517,恺英网络,2025-10-15 13:36:00,24.17,8900,24.19,D
sz002517,恺英网络,2025-10-15 13:36:03,24.17,11700,24.17,D
sz002517,恺英网络,2025-10-15 13:36:27,24.19,11900,24.19,U
sz002517,恺英网络,2025-10-15 13:36:30,24.2,13900,24.19,U
sz002517,恺英网络,2025-10-15 13:36:57,24.22,13100,24.21,U
sz002517,恺英网络,2025-10-15 13:37:24,24.22,15800,24.22,U
sz002517,恺英网络,2025-10-15 13:37:27,24.22,9700,24.22,U
sz002517,恺英网络,2025-10-15 13:37:36,24.23,23200,24.22,U
sz002517,恺英网络,2025-10-15 13:37:54,24.24,28300,24.23,U
sz002517,恺英网络,2025-10-15 13:37:57,24.25,19800,24.24,U
sz002517,恺英网络,2025-10-15 13:38:15,24.26,8500,24.26,U
sz002517,恺英网络,2025-10-15 13:38:51,24.26,13400,24.27,D
sz002517,恺英网络,2025-10-15 13:39:06,24.24,10700,24.25,D
sz002517,恺英网络,2025-10-15 13:39:57,24.22,10200,24.24,D
sz002517,恺英网络,2025-10-15 13:40:06,24.24,11000,24.24,D
sz002517,恺英网络,2025-10-15 13:41:12,24.2,11900,24.23,D
sz002517,恺英网络,2025-10-15 13:41:15,24.2,19300,24.2,D
sz002517,恺英网络,2025-10-15 13:41:18,24.19,17800,24.2,D
sz002517,恺英网络,2025-10-15 13:41:21,24.17,11500,24.19,D
sz002517,恺英网络,2025-10-15 13:41:48,24.18,8700,24.17,U
sz002517,恺英网络,2025-10-15 13:42:06,24.14,11800,24.15,D
sz002517,恺英网络,2025-10-15 13:43:00,24.15,10700,24.16,D
sz002517,恺英网络,2025-10-15 13:43:15,24.11,21800,24.13,D
sz002517,恺英网络,2025-10-15 13:43:24,24.11,38600,24.1,U
sz002517,恺英网络,2025-10-15 13:43:30,24.08,20600,24.11,D
sz002517,恺英网络,2025-10-15 13:43:51,24.08,9500,24.08,U
sz002517,恺英网络,2025-10-15 13:44:03,24.09,9300,24.07,U
sz002517,恺英网络,2025-10-15 13:44:06,24.1,46500,24.09,U
sz002517,恺英网络,2025-10-15 13:44:18,24.07,10300,24.07,U
sz002517,恺英网络,2025-10-15 13:44:30,24.06,33300,24.08,D
sz002517,恺英网络,2025-10-15 13:44:33,24.08,8600,24.06,E
sz002517,恺英网络,2025-10-15 13:44:36,24.06,9200,24.08,D
sz002517,恺英网络,2025-10-15 13:44:42,24.09,11500,24.05,U
sz002517,恺英网络,2025-10-15 13:45:18,24.08,24000,24.1,D
sz002517,恺英网络,2025-10-15 13:45:30,24.06,27400,24.06,D
sz002517,恺英网络,2025-10-15 13:45:36,24.06,16300,24.05,U
sz002517,恺英网络,2025-10-15 13:46:18,24.05,41500,24.06,D
sz002517,恺英网络,2025-10-15 13:46:21,24.05,13800,24.05,U
sz002517,恺英网络,2025-10-15 13:46:24,24.04,38400,24.05,D
sz002517,恺英网络,2025-10-15 13:46:27,24.06,15000,24.04,U
sz002517,恺英网络,2025-10-15 13:46:30,24.04,112300,24.06,D
sz002517,恺英网络,2025-10-15 13:46:39,24.01,13900,24.02,D
sz002517,恺英网络,2025-10-15 13:46:54,24.04,10500,24.03,U
sz002517,恺英网络,2025-10-15 13:46:57,24.05,19600,24.04,U
sz002517,恺英网络,2025-10-15 13:47:03,24.07,8400,24.06,U
sz002517,恺英网络,2025-10-15 13:47:30,24.04,28100,24.07,D
sz002517,恺英网络,2025-10-15 13:48:03,24.02,10800,24.04,D
sz002517,恺英网络,2025-10-15 13:48:24,24.03,10000,24.02,U
sz002517,恺英网络,2025-10-15 13:48:33,24.01,27500,24.03,D
sz002517,恺英网络,2025-10-15 13:48:39,24.02,9100,24.02,D
sz002517,恺英网络,2025-10-15 13:49:03,24.01,11400,24.02,D
sz002517,恺英网络,2025-10-15 13:49:15,24.01,12500,24.02,D
sz002517,恺英网络,2025-10-15 13:49:33,24.0,30800,24.0,D
sz002517,恺英网络,2025-10-15 13:49:57,24.01,9500,24.01,D
sz002517,恺英网络,2025-10-15 13:50:33,23.99,22000,24.01,D
sz002517,恺英网络,2025-10-15 13:51:12,23.99,9800,23.99,D
sz002517,恺英网络,2025-10-15 13:51:33,23.98,28600,24.0,D
sz002517,恺英网络,2025-10-15 13:52:03,24.03,89100,24.02,U
sz002517,恺英网络,2025-10-15 13:52:06,24.0,25700,24.03,D
sz002517,恺英网络,2025-10-15 13:52:30,24.0,59100,24.01,D
sz002517,恺英网络,2025-10-15 13:52:57,23.95,39200,23.99,D
sz002517,恺英网络,2025-10-15 13:54:12,24.01,33100,24.0,U
sz002517,恺英网络,2025-10-15 13:54:42,24.01,10000,24.01,D
sz002517,恺英网络,2025-10-15 13:55:00,23.99,14900,24.0,D
sz002517,恺英网络,2025-10-15 13:56:27,23.99,17200,24.01,D
sz002517,恺英网络,2025-10-15 13:56:45,23.97,10800,23.99,D
sz002517,恺英网络,2025-10-15 13:57:06,23.97,24500,23.98,D
sz002517,恺英网络,2025-10-15 13:57:15,23.99,46800,23.97,U
sz002517,恺英网络,2025-10-15 13:57:18,24.0,15100,23.99,U
sz002517,恺英网络,2025-10-15 13:57:48,23.97,32200,23.99,D
sz002517,恺英网络,2025-10-15 13:58:03,23.99,15400,24.0,D
sz002517,恺英网络,2025-10-15 13:58:27,23.98,19800,23.99,D
sz002517,恺英网络,2025-10-15 13:58:36,23.98,17500,23.97,U
sz002517,恺英网络,2025-10-15 13:59:09,24.0,14500,24.02,D
sz002517,恺英网络,2025-10-15 13:59:42,23.97,41400,23.99,D
sz002517,恺英网络,2025-10-15 13:59:48,23.95,30900,23.96,D
sz002517,恺英网络,2025-10-15 14:00:03,23.94,52400,23.94,D
sz002517,恺英网络,2025-10-15 14:00:09,23.94,9200,23.93,U
sz002517,恺英网络,2025-10-15 14:00:27,23.95,8600,23.96,D
sz002517,恺英网络,2025-10-15 14:00:30,23.95,13200,23.95,U
sz002517,恺英网络,2025-10-15 14:00:33,23.95,8500,23.95,U
sz002517,恺英网络,2025-10-15 14:00:39,23.95,9900,23.95,D
sz002517,恺英网络,2025-10-15 14:00:51,23.95,10100,23.96,D
sz002517,恺英网络,2025-10-15 14:01:06,23.92,28200,23.94,D
sz002517,恺英网络,2025-10-15 14:01:12,23.95,11800,23.94,U
sz002517,恺英网络,2025-10-15 14:01:24,23.94,78100,23.95,D
sz002517,恺英网络,2025-10-15 14:01:48,23.94,16000,23.95,D
sz002517,恺英网络,2025-10-15 14:02:09,23.98,11700,23.96,U
sz002517,恺英网络,2025-10-15 14:02:21,23.98,11900,23.98,U
sz002517,恺英网络,2025-10-15 14:02:27,23.98,30500,23.98,U
sz002517,恺英网络,2025-10-15 14:03:03,23.97,18400,24.0,D
sz002517,恺英网络,2025-10-15 14:03:06,23.94,28800,23.97,D
sz002517,恺英网络,2025-10-15 14:03:33,23.96,18100,23.95,U
sz002517,恺英网络,2025-10-15 14:03:48,23.96,20200,23.98,D
sz002517,恺英网络,2025-10-15 14:03:51,23.98,10200,23.96,U
sz002517,恺英网络,2025-10-15 14:04:03,23.96,11600,23.97,D
sz002517,恺英网络,2025-10-15 14:04:27,23.97,12300,23.99,D
sz002517,恺英网络,2025-10-15 14:04:36,23.98,8900,23.97,U
sz002517,恺英网络,2025-10-15 14:04:54,23.95,21500,23.98,D
sz002517,恺英网络,2025-10-15 14:05:09,23.98,28000,23.97,E
sz002517,恺英网络,2025-10-15 14:05:48,23.98,12900,23.99,D
sz002517,恺英网络,2025-10-15 14:06:12,23.97,12400,23.96,U
sz002517,恺英网络,2025-10-15 14:06:27,23.95,32700,23.96,D
sz002517,恺英网络,2025-10-15 14:07:09,23.98,28400,23.98,D
sz002517,恺英网络,2025-10-15 14:07:36,24.0,10700,23.99,U
sz002517,恺英网络,2025-10-15 14:07:48,24.0,8500,24.01,D
sz002517,恺英网络,2025-10-15 14:07:51,24.0,19300,24.0,U
sz002517,恺英网络,2025-10-15 14:08:03,23.98,11100,24.0,D
sz002517,恺英网络,2025-10-15 14:08:42,23.99,15000,23.99,U
sz002517,恺英网络,2025-10-15 14:09:45,23.99,11500,23.99,U
sz002517,恺英网络,2025-10-15 14:09:48,23.98,16700,23.99,D
sz002517,恺英网络,2025-10-15 14:11:09,24.04,12200,24.02,U
sz002517,恺英网络,2025-10-15 14:11:12,24.05,14500,24.04,U
sz002517,恺英网络,2025-10-15 14:11:36,24.04,22600,24.04,U
sz002517,恺英网络,2025-10-15 14:12:00,24.04,8400,24.04,U
sz002517,恺英网络,2025-10-15 14:12:27,24.05,8900,24.04,U
sz002517,恺英网络,2025-10-15 14:13:03,24.02,23000,24.04,D
sz002517,恺英网络,2025-10-15 14:14:42,24.03,36300,24.03,D
sz002517,恺英网络,2025-10-15 14:15:00,24.04,27200,24.02,U
sz002517,恺英网络,2025-10-15 14:15:45,24.06,11900,24.05,U
sz002517,恺英网络,2025-10-15 14:16:00,24.05,13000,24.07,D
sz002517,恺英网络,2025-10-15 14:16:09,24.03,11800,24.04,D
sz002517,恺英网络,2025-10-15 14:16:27,24.03,22600,24.03,U
sz002517,恺英网络,2025-10-15 14:16:33,24.06,16600,24.03,U
sz002517,恺英网络,2025-10-15 14:16:36,24.03,12200,24.06,D
sz002517,恺英网络,2025-10-15 14:17:03,24.02,12300,24.05,D
sz002517,恺英网络,2025-10-15 14:17:12,24.06,17300,24.04,U
sz002517,恺英网络,2025-10-15 14:17:15,24.1,62600,24.06,U
sz002517,恺英网络,2025-10-15 14:17:18,24.09,27900,24.1,D
sz002517,恺英网络,2025-10-15 14:17:21,24.13,30300,24.09,U
sz002517,恺英网络,2025-10-15 14:17:27,24.17,18336,24.15,U
sz002517,恺英网络,2025-10-15 14:17:33,24.22,73500,24.18,U
sz002517,恺英网络,2025-10-15 14:17:39,24.22,16900,24.21,U
sz002517,恺英网络,2025-10-15 14:17:42,24.21,66400,24.22,D
sz002517,恺英网络,2025-10-15 14:17:45,24.22,14000,24.21,U
sz002517,恺英网络,2025-10-15 14:17:48,24.22,8300,24.22,U
sz002517,恺英网络,2025-10-15 14:17:51,24.22,61800,24.22,U
sz002517,恺英网络,2025-10-15 14:17:54,24.23,12400,24.22,U
sz002517,恺英网络,2025-10-15 14:17:57,24.24,20300,24.23,U
sz002517,恺英网络,2025-10-15 14:18:03,24.2,96700,24.24,D
sz002517,恺英网络,2025-10-15 14:18:06,24.23,37700,24.2,U
sz002517,恺英网络,2025-10-15 14:18:12,24.23,17800,24.22,U
sz002517,恺英网络,2025-10-15 14:18:15,24.24,9400,24.23,U
sz002517,恺英网络,2025-10-15 14:18:18,24.24,9500,24.24,U
sz002517,恺英网络,2025-10-15 14:18:21,24.25,11500,24.24,U
sz002517,恺英网络,2025-10-15 14:18:24,24.24,10100,24.25,D
sz002517,恺英网络,2025-10-15 14:18:27,24.24,30100,24.24,D
sz002517,恺英网络,2025-10-15 14:18:30,24.25,30900,24.24,U
sz002517,恺英网络,2025-10-15 14:18:33,24.26,12200,24.25,U
sz002517,恺英网络,2025-10-15 14:18:36,24.25,19500,24.26,D
sz002517,恺英网络,2025-10-15 14:18:39,24.26,17200,24.25,U
sz002517,恺英网络,2025-10-15 14:18:42,24.27,47400,24.26,U
sz002517,恺英网络,2025-10-15 14:18:45,24.26,10200,24.27,U
sz002517,恺英网络,2025-10-15 14:18:48,24.25,89900,24.26,D
sz002517,恺英网络,2025-10-15 14:18:51,24.25,15800,24.25,E
sz002517,恺英网络,2025-10-15 14:18:54,24.27,44400,24.25,U
sz002517,恺英网络,2025-10-15 14:19:00,24.28,55900,24.28,U
sz002517,恺英网络,2025-10-15 14:19:03,24.28,21600,24.28,E
sz002517,恺英网络,2025-10-15 14:19:06,24.28,29500,24.28,U
sz002517,恺英网络,2025-10-15 14:19:09,24.23,139600,24.28,D
sz002517,恺英网络,2025-10-15 14:19:12,24.24,10100,24.23,U
sz002517,恺英网络,2025-10-15 14:19:15,24.24,16600,24.24,U
sz002517,恺英网络,2025-10-15 14:19:18,24.25,16200,24.24,E
sz002517,恺英网络,2025-10-15 14:19:21,24.25,9900,24.25,U
sz002517,恺英网络,2025-10-15 14:19:27,24.26,12700,24.26,U
sz002517,恺英网络,2025-10-15 14:19:30,24.27,13300,24.26,U
sz002517,恺英网络,2025-10-15 14:19:36,24.26,13600,24.27,D
sz002517,恺英网络,2025-10-15 14:19:39,24.26,9100,24.26,E
sz002517,恺英网络,2025-10-15 14:19:42,24.26,66100,24.26,U
sz002517,恺英网络,2025-10-15 14:19:45,24.25,29700,24.26,E
sz002517,恺英网络,2025-10-15 14:19:48,24.26,20900,24.25,U
sz002517,恺英网络,2025-10-15 14:19:51,24.2,67000,24.26,D
sz002517,恺英网络,2025-10-15 14:19:54,24.26,20100,24.2,U
sz002517,恺英网络,2025-10-15 14:19:57,24.24,17100,24.26,E
sz002517,恺英网络,2025-10-15 14:20:00,24.25,13600,24.24,U
sz002517,恺英网络,2025-10-15 14:20:03,24.24,21100,24.25,D
sz002517,恺英网络,2025-10-15 14:20:06,24.24,19700,24.24,E
sz002517,恺英网络,2025-10-15 14:20:09,24.26,32300,24.24,U
sz002517,恺英网络,2025-10-15 14:20:12,24.25,19200,24.26,E
sz002517,恺英网络,2025-10-15 14:20:15,24.26,66700,24.25,U
sz002517,恺英网络,2025-10-15 14:20:18,24.26,12500,24.26,D
sz002517,恺英网络,2025-10-15 14:20:27,24.29,44300,24.26,U
sz002517,恺英网络,2025-10-15 14:20:33,24.27,18300,24.27,D
sz002517,恺英网络,2025-10-15 14:20:36,24.28,17800,24.27,U
sz002517,恺英网络,2025-10-15 14:20:39,24.27,33500,24.28,E
sz002517,恺英网络,2025-10-15 14:20:42,24.27,15300,24.27,U
sz002517,恺英网络,2025-10-15 14:20:51,24.26,14700,24.26,U
sz002517,恺英网络,2025-10-15 14:20:57,24.26,39200,24.27,D
sz002517,恺英网络,2025-10-15 14:21:03,24.25,22500,24.26,D
sz002517,恺英网络,2025-10-15 14:21:06,24.27,22500,24.25,U
sz002517,恺英网络,2025-10-15 14:21:12,24.29,56100,24.27,U
sz002517,恺英网络,2025-10-15 14:21:18,24.31,221400,24.3,U
sz002517,恺英网络,2025-10-15 14:21:21,24.32,18500,24.31,U
sz002517,恺英网络,2025-10-15 14:21:24,24.34,51800,24.32,U
sz002517,恺英网络,2025-10-15 14:21:27,24.35,21100,24.34,U
sz002517,恺英网络,2025-10-15 14:21:30,24.34,62900,24.35,D
sz002517,恺英网络,2025-10-15 14:21:33,24.35,29700,24.34,U
sz002517,恺英网络,2025-10-15 14:21:36,24.35,47600,24.35,U
sz002517,恺英网络,2025-10-15 14:21:39,24.35,53300,24.35,U
sz002517,恺英网络,2025-10-15 14:21:42,24.35,11800,24.35,U
sz002517,恺英网络,2025-10-15 14:21:45,24.33,18300,24.35,D
sz002517,恺英网络,2025-10-15 14:21:48,24.3,36400,24.33,D
sz002517,恺英网络,2025-10-15 14:21:51,24.3,15700,24.3,D
sz002517,恺英网络,2025-10-15 14:21:54,24.33,24900,24.3,U
sz002517,恺英网络,2025-10-15 14:21:57,24.33,14600,24.33,U
sz002517,恺英网络,2025-10-15 14:22:03,24.3,42400,24.33,D
sz002517,恺英网络,2025-10-15 14:22:09,24.31,12500,24.3,U
sz002517,恺英网络,2025-10-15 14:22:18,24.31,17800,24.32,D
sz002517,恺英网络,2025-10-15 14:22:24,24.3,30600,24.31,D
sz002517,恺英网络,2025-10-15 14:22:30,24.31,25900,24.31,U
sz002517,恺英网络,2025-10-15 14:22:36,24.31,11400,24.3,U
sz002517,恺英网络,2025-10-15 14:22:39,24.29,11600,24.31,E
sz002517,恺英网络,2025-10-15 14:22:42,24.29,16700,24.29,E
sz002517,恺英网络,2025-10-15 14:22:45,24.3,21100,24.29,U
sz002517,恺英网络,2025-10-15 14:22:51,24.29,16300,24.29,E
sz002517,恺英网络,2025-10-15 14:23:09,24.29,16300,24.29,D
sz002517,恺英网络,2025-10-15 14:23:18,24.3,27500,24.3,D
sz002517,恺英网络,2025-10-15 14:23:21,24.3,10500,24.3,D
sz002517,恺英网络,2025-10-15 14:23:27,24.3,9800,24.3,U
sz002517,恺英网络,2025-10-15 14:23:33,24.3,13600,24.3,D
sz002517,恺英网络,2025-10-15 14:23:39,24.3,9400,24.3,U
sz002517,恺英网络,2025-10-15 14:23:45,24.3,29700,24.3,E
sz002517,恺英网络,2025-10-15 14:23:51,24.29,24300,24.3,E
sz002517,恺英网络,2025-10-15 14:23:57,24.29,27400,24.29,U
sz002517,恺英网络,2025-10-15 14:24:03,24.29,14800,24.29,U
sz002517,恺英网络,2025-10-15 14:24:21,24.3,11400,24.29,U
sz002517,恺英网络,2025-10-15 14:24:33,24.3,59600,24.3,D
sz002517,恺英网络,2025-10-15 14:24:36,24.27,34600,24.3,D
sz002517,恺英网络,2025-10-15 14:24:39,24.3,42200,24.27,U
sz002517,恺英网络,2025-10-15 14:24:48,24.28,18500,24.28,D
sz002517,恺英网络,2025-10-15 14:24:54,24.29,11800,24.29,U
sz002517,恺英网络,2025-10-15 14:25:03,24.29,15100,24.29,E
sz002517,恺英网络,2025-10-15 14:25:15,24.3,11900,24.3,U
sz002517,恺英网络,2025-10-15 14:25:18,24.3,15500,24.3,U
sz002517,恺英网络,2025-10-15 14:25:21,24.3,13700,24.3,U
sz002517,恺英网络,2025-10-15 14:25:30,24.3,10800,24.29,U
sz002517,恺英网络,2025-10-15 14:25:33,24.3,10500,24.3,U
sz002517,恺英网络,2025-10-15 14:25:36,24.3,12600,24.3,U
sz002517,恺英网络,2025-10-15 14:25:57,24.3,13900,24.31,D
sz002517,恺英网络,2025-10-15 14:26:30,24.31,16300,24.32,D
sz002517,恺英网络,2025-10-15 14:26:39,24.31,47000,24.32,D
sz002517,恺英网络,2025-10-15 14:26:48,24.3,17100,24.32,D
sz002517,恺英网络,2025-10-15 14:26:51,24.29,96000,24.3,D
sz002517,恺英网络,2025-10-15 14:27:03,24.28,43300,24.28,D
sz002517,恺英网络,2025-10-15 14:27:09,24.28,15900,24.29,D
sz002517,恺英网络,2025-10-15 14:27:12,24.29,8700,24.28,U
sz002517,恺英网络,2025-10-15 14:27:18,24.28,23200,24.29,D
sz002517,恺英网络,2025-10-15 14:27:24,24.29,11600,24.29,E
sz002517,恺英网络,2025-10-15 14:27:30,24.3,9100,24.3,U
sz002517,恺英网络,2025-10-15 14:27:36,24.31,11900,24.31,U
sz002517,恺英网络,2025-10-15 14:27:42,24.32,12900,24.31,U
sz002517,恺英网络,2025-10-15 14:27:48,24.32,66600,24.32,U
sz002517,恺英网络,2025-10-15 14:27:51,24.32,19500,24.32,E
sz002517,恺英网络,2025-10-15 14:27:57,24.31,49500,24.32,D
sz002517,恺英网络,2025-10-15 14:28:00,24.31,46700,24.31,U
sz002517,恺英网络,2025-10-15 14:28:03,24.28,12600,24.31,D
sz002517,恺英网络,2025-10-15 14:28:09,24.3,9800,24.29,U
sz002517,恺英网络,2025-10-15 14:28:15,24.3,11800,24.3,U
sz002517,恺英网络,2025-10-15 14:28:33,24.31,16500,24.31,U
sz002517,恺英网络,2025-10-15 14:28:36,24.3,39800,24.31,D
sz002517,恺英网络,2025-10-15 14:28:39,24.31,19200,24.3,U
sz002517,恺英网络,2025-10-15 14:28:54,24.3,22600,24.31,D
sz002517,恺英网络,2025-10-15 14:29:00,24.28,46400,24.29,D
sz002517,恺英网络,2025-10-15 14:29:03,24.28,10200,24.28,U
sz002517,恺英网络,2025-10-15 14:29:06,24.26,30400,24.28,D
sz002517,恺英网络,2025-10-15 14:29:09,24.28,14700,24.26,U
sz002517,恺英网络,2025-10-15 14:29:18,24.27,10900,24.28,D
sz002517,恺英网络,2025-10-15 14:29:21,24.28,19900,24.27,E
sz002517,恺英网络,2025-10-15 14:29:30,24.26,23600,24.26,D
sz002517,恺英网络,2025-10-15 14:29:39,24.26,14000,24.26,D
sz002517,恺英网络,2025-10-15 14:29:45,24.27,12900,24.26,U
sz002517,恺英网络,2025-10-15 14:29:48,24.26,25700,24.27,E
sz002517,恺英网络,2025-10-15 14:29:54,24.23,56800,24.27,D
sz002517,恺英网络,2025-10-15 14:30:03,24.24,16200,24.24,D
sz002517,恺英网络,2025-10-15 14:30:45,24.25,9300,24.25,U
sz002517,恺英网络,2025-10-15 14:30:54,24.24,8300,24.25,D
sz002517,恺英网络,2025-10-15 14:31:00,24.24,14600,24.24,D
sz002517,恺英网络,2025-10-15 14:31:06,24.23,13800,24.24,D
sz002517,恺英网络,2025-10-15 14:31:15,24.24,14200,24.24,U
sz002517,恺英网络,2025-10-15 14:31:18,24.24,9600,24.24,D
sz002517,恺英网络,2025-10-15 14:31:27,24.25,17000,24.25,U
sz002517,恺英网络,2025-10-15 14:31:39,24.23,41700,24.25,D
sz002517,恺英网络,2025-10-15 14:31:42,24.21,82200,24.23,D
sz002517,恺英网络,2025-10-15 14:31:45,24.21,16300,24.21,D
sz002517,恺英网络,2025-10-15 14:31:48,24.24,15800,24.21,U
sz002517,恺英网络,2025-10-15 14:31:54,24.21,29700,24.21,D
sz002517,恺英网络,2025-10-15 14:31:57,24.21,12600,24.21,U
sz002517,恺英网络,2025-10-15 14:32:03,24.21,15500,24.21,U
sz002517,恺英网络,2025-10-15 14:32:30,24.22,10000,24.21,U
sz002517,恺英网络,2025-10-15 14:32:33,24.23,8500,24.22,U
sz002517,恺英网络,2025-10-15 14:32:39,24.21,18800,24.23,D
sz002517,恺英网络,2025-10-15 14:32:48,24.22,21000,24.22,D
sz002517,恺英网络,2025-10-15 14:32:51,24.2,44800,24.22,D
sz002517,恺英网络,2025-10-15 14:32:54,24.19,96500,24.2,D
sz002517,恺英网络,2025-10-15 14:32:57,24.19,24900,24.19,D
sz002517,恺英网络,2025-10-15 14:33:12,24.19,31100,24.2,D
sz002517,恺英网络,2025-10-15 14:33:15,24.17,34000,24.19,D
sz002517,恺英网络,2025-10-15 14:33:18,24.17,20400,24.17,D
sz002517,恺英网络,2025-10-15 14:33:48,24.2,11300,24.19,U
sz002517,恺英网络,2025-10-15 14:33:51,24.19,16800,24.2,D
sz002517,恺英网络,2025-10-15 14:34:00,24.22,11500,24.2,U
sz002517,恺英网络,2025-10-15 14:34:12,24.23,11500,24.22,U
sz002517,恺英网络,2025-10-15 14:34:21,24.24,15000,24.24,U
sz002517,恺英网络,2025-10-15 14:34:27,24.26,9200,24.24,U
sz002517,恺英网络,2025-10-15 14:34:33,24.25,33500,24.26,D
sz002517,恺英网络,2025-10-15 14:34:36,24.26,12300,24.25,U
sz002517,恺英网络,2025-10-15 14:34:42,24.26,16600,24.26,U
sz002517,恺英网络,2025-10-15 14:35:09,24.25,11300,24.25,U
sz002517,恺英网络,2025-10-15 14:35:24,24.26,8700,24.26,U
sz002517,恺英网络,2025-10-15 14:35:51,24.24,12600,24.25,D
sz002517,恺英网络,2025-10-15 14:36:06,24.23,10000,24.24,D
sz002517,恺英网络,2025-10-15 14:36:21,24.23,10300,24.23,U
sz002517,恺英网络,2025-10-15 14:36:36,24.26,9400,24.24,U
sz002517,恺英网络,2025-10-15 14:37:00,24.25,9400,24.25,D
sz002517,恺英网络,2025-10-15 14:37:03,24.22,78500,24.25,D
sz002517,恺英网络,2025-10-15 14:37:09,24.22,10100,24.24,D
sz002517,恺英网络,2025-10-15 14:38:00,24.23,12800,24.23,U
sz002517,恺英网络,2025-10-15 14:38:33,24.23,19800,24.23,D
sz002517,恺英网络,2025-10-15 14:39:00,24.23,14300,24.24,D
sz002517,恺英网络,2025-10-15 14:39:03,24.24,18100,24.23,U
sz002517,恺英网络,2025-10-15 14:39:24,24.23,10900,24.24,D
sz002517,恺英网络,2025-10-15 14:39:48,24.23,15500,24.23,D
sz002517,恺英网络,2025-10-15 14:39:54,24.22,19400,24.22,D
sz002517,恺英网络,2025-10-15 14:39:57,24.22,8300,24.22,D
sz002517,恺英网络,2025-10-15 14:40:00,24.2,84700,24.22,D
sz002517,恺英网络,2025-10-15 14:40:03,24.2,65800,24.2,D
sz002517,恺英网络,2025-10-15 14:40:09,24.19,9800,24.2,D
sz002517,恺英网络,2025-10-15 14:40:21,24.2,28600,24.2,U
sz002517,恺英网络,2025-10-15 14:40:30,24.2,9700,24.21,D
sz002517,恺英网络,2025-10-15 14:40:42,24.21,10100,24.2,U
sz002517,恺英网络,2025-10-15 14:40:45,24.2,13400,24.21,D
sz002517,恺英网络,2025-10-15 14:41:00,24.2,15400,24.2,D
sz002517,恺英网络,2025-10-15 14:41:03,24.2,8800,24.2,D
sz002517,恺英网络,2025-10-15 14:41:27,24.21,12500,24.21,U
sz002517,恺英网络,2025-10-15 14:41:36,24.2,16100,24.2,D
sz002517,恺英网络,2025-10-15 14:41:48,24.2,31000,24.2,U
sz002517,恺英网络,2025-10-15 14:42:00,24.2,13000,24.21,D
sz002517,恺英网络,2025-10-15 14:42:03,24.21,17700,24.2,U
sz002517,恺英网络,2025-10-15 14:42:06,24.21,11000,24.21,U
sz002517,恺英网络,2025-10-15 14:42:12,24.21,9900,24.21,U
sz002517,恺英网络,2025-10-15 14:42:36,24.2,11400,24.21,D
sz002517,恺英网络,2025-10-15 14:42:42,24.2,37900,24.2,D
sz002517,恺英网络,2025-10-15 14:42:57,24.18,141700,24.2,D
sz002517,恺英网络,2025-10-15 14:43:03,24.17,24800,24.18,U
sz002517,恺英网络,2025-10-15 14:43:12,24.19,11900,24.17,U
sz002517,恺英网络,2025-10-15 14:43:33,24.18,20400,24.18,D
sz002517,恺英网络,2025-10-15 14:43:54,24.17,11600,24.17,D
sz002517,恺英网络,2025-10-15 14:43:57,24.18,14500,24.17,U
sz002517,恺英网络,2025-10-15 14:44:06,24.21,129400,24.18,U
sz002517,恺英网络,2025-10-15 14:44:36,24.18,15900,24.19,D
sz002517,恺英网络,2025-10-15 14:44:39,24.19,27600,24.18,U
sz002517,恺英网络,2025-10-15 14:44:42,24.18,11500,24.19,D
sz002517,恺英网络,2025-10-15 14:45:00,24.19,20000,24.2,D
sz002517,恺英网络,2025-10-15 14:45:03,24.18,67600,24.19,D
sz002517,恺英网络,2025-10-15 14:45:06,24.18,8400,24.18,U
sz002517,恺英网络,2025-10-15 14:45:09,24.17,12000,24.18,D
sz002517,恺英网络,2025-10-15 14:45:12,24.16,33100,24.17,D
sz002517,恺英网络,2025-10-15 14:45:15,24.16,18000,24.16,D
sz002517,恺英网络,2025-10-15 14:45:24,24.17,13700,24.16,U
sz002517,恺英网络,2025-10-15 14:45:27,24.16,17600,24.17,D
sz002517,恺英网络,2025-10-15 14:45:33,24.17,10800,24.16,U
sz002517,恺英网络,2025-10-15 14:45:45,24.17,13600,24.16,U
sz002517,恺英网络,2025-10-15 14:45:54,24.18,35300,24.17,U
sz002517,恺英网络,2025-10-15 14:46:09,24.18,11200,24.19,D
sz002517,恺英网络,2025-10-15 14:46:18,24.19,12300,24.18,U
sz002517,恺英网络,2025-10-15 14:46:33,24.2,14700,24.2,U
sz002517,恺英网络,2025-10-15 14:46:48,24.18,9600,24.2,D
sz002517,恺英网络,2025-10-15 14:47:06,24.19,16200,24.2,D
sz002517,恺英网络,2025-10-15 14:47:09,24.2,15900,24.19,U
sz002517,恺英网络,2025-10-15 14:47:21,24.2,18900,24.21,D
sz002517,恺英网络,2025-10-15 14:47:30,24.19,15400,24.2,D
sz002517,恺英网络,2025-10-15 14:47:36,24.2,21500,24.2,U
sz002517,恺英网络,2025-10-15 14:47:42,24.19,18600,24.2,D
sz002517,恺英网络,2025-10-15 14:48:15,24.21,8300,24.22,D
sz002517,恺英网络,2025-10-15 14:48:18,24.19,66800,24.21,D
sz002517,恺英网络,2025-10-15 14:48:21,24.18,11900,24.19,D
sz002517,恺英网络,2025-10-15 14:48:27,24.18,17900,24.18,U
sz002517,恺英网络,2025-10-15 14:48:30,24.18,10400,24.18,U
sz002517,恺英网络,2025-10-15 14:48:33,24.17,18000,24.18,D
sz002517,恺英网络,2025-10-15 14:48:36,24.17,45400,24.17,U
sz002517,恺英网络,2025-10-15 14:48:45,24.18,8302,24.16,U
sz002517,恺英网络,2025-10-15 14:48:51,24.17,10300,24.18,D
sz002517,恺英网络,2025-10-15 14:49:06,24.18,15700,24.18,D
sz002517,恺英网络,2025-10-15 14:49:15,24.19,9400,24.2,D
sz002517,恺英网络,2025-10-15 14:49:27,24.18,14300,24.2,D
sz002517,恺英网络,2025-10-15 14:49:42,24.18,33100,24.19,D
sz002517,恺英网络,2025-10-15 14:49:45,24.18,26700,24.18,U
sz002517,恺英网络,2025-10-15 14:50:00,24.18,26600,24.18,U
sz002517,恺英网络,2025-10-15 14:50:03,24.17,37900,24.18,D
sz002517,恺英网络,2025-10-15 14:50:09,24.17,11500,24.18,D
sz002517,恺英网络,2025-10-15 14:50:12,24.17,14400,24.17,D
sz002517,恺英网络,2025-10-15 14:50:15,24.17,33600,24.17,U
sz002517,恺英网络,2025-10-15 14:50:18,24.17,13400,24.17,D
sz002517,恺英网络,2025-10-15 14:50:21,24.16,64100,24.17,D
sz002517,恺英网络,2025-10-15 14:50:24,24.16,19200,24.16,U
sz002517,恺英网络,2025-10-15 14:51:00,24.18,10900,24.19,D
sz002517,恺英网络,2025-10-15 14:51:09,24.19,20000,24.18,U
sz002517,恺英网络,2025-10-15 14:51:18,24.19,8600,24.18,U
sz002517,恺英网络,2025-10-15 14:52:00,24.19,54500,24.19,D
sz002517,恺英网络,2025-10-15 14:52:03,24.19,62400,24.19,D
sz002517,恺英网络,2025-10-15 14:52:06,24.19,16300,24.19,U
sz002517,恺英网络,2025-10-15 14:52:42,24.19,264900,24.19,D
sz002517,恺英网络,2025-10-15 14:52:45,24.19,45300,24.19,U
sz002517,恺英网络,2025-10-15 14:53:24,24.18,12000,24.18,D
sz002517,恺英网络,2025-10-15 14:54:06,24.18,32100,24.19,D
sz002517,恺英网络,2025-10-15 14:54:09,24.18,26700,24.18,D
sz002517,恺英网络,2025-10-15 14:54:15,24.18,25100,24.18,D
sz002517,恺英网络,2025-10-15 14:54:36,24.18,12500,24.18,D
sz002517,恺英网络,2025-10-15 14:54:45,24.18,23900,24.17,U
sz002517,恺英网络,2025-10-15 14:54:51,24.18,41300,24.18,U
sz002517,恺英网络,2025-10-15 14:55:00,24.17,20200,24.18,D
sz002517,恺英网络,2025-10-15 14:55:03,24.17,50200,24.17,D
sz002517,恺英网络,2025-10-15 14:55:06,24.17,31200,24.17,D
sz002517,恺英网络,2025-10-15 14:55:09,24.16,43400,24.17,D
sz002517,恺英网络,2025-10-15 14:55:12,24.16,17600,24.16,D
sz002517,恺英网络,2025-10-15 14:55:15,24.17,14900,24.16,U
sz002517,恺英网络,2025-10-15 14:55:18,24.17,14700,24.17,U
sz002517,恺英网络,2025-10-15 14:55:21,24.17,27000,24.17,U
sz002517,恺英网络,2025-10-15 14:55:27,24.17,17600,24.17,D
sz002517,恺英网络,2025-10-15 14:55:33,24.18,8500,24.18,U
sz002517,恺英网络,2025-10-15 14:55:36,24.17,39500,24.18,D
sz002517,恺英网络,2025-10-15 14:55:39,24.18,14500,24.17,U
sz002517,恺英网络,2025-10-15 14:55:42,24.17,9200,24.18,D
sz002517,恺英网络,2025-10-15 14:55:48,24.2,10300,24.17,U
sz002517,恺英网络,2025-10-15 14:55:54,24.19,12600,24.19,D
sz002517,恺英网络,2025-10-15 14:56:00,24.17,16500,24.17,D
sz002517,恺英网络,2025-10-15 14:56:03,24.18,22000,24.17,U
sz002517,恺英网络,2025-10-15 14:56:09,24.21,13400,24.19,U
sz002517,恺英网络,2025-10-15 14:56:15,24.19,9700,24.2,D
sz002517,恺英网络,2025-10-15 14:56:18,24.18,28100,24.19,D
sz002517,恺英网络,2025-10-15 14:56:21,24.19,9600,24.18,E
sz002517,恺英网络,2025-10-15 14:56:27,24.18,10400,24.19,D
sz002517,恺英网络,2025-10-15 14:56:30,24.18,56400,24.18,D
sz002517,恺英网络,2025-10-15 14:56:33,24.18,17400,24.18,U
sz002517,恺英网络,2025-10-15 14:56:42,24.18,17400,24.2,D
sz002517,恺英网络,2025-10-15 14:56:45,24.18,27700,24.18,U
sz002517,恺英网络,2025-10-15 14:56:51,24.18,15300,24.2,D
sz002517,恺英网络,2025-10-15 14:56:54,24.2,8600,24.18,U
sz002517,恺英网络,2025-10-15 14:57:00,24.18,9900,24.18,D
sz002517,恺英网络,2025-10-15 15:00:00,24.18,895600,24.18,U
