symbol,name,ticktime,price,volume,prev_price,kind
sz002517,恺英网络,2025-10-21 09:25:00,23.76,50800,0.0,U
sz002517,恺英网络,2025-10-21 09:30:00,23.8,22800,23.76,U
sz002517,恺英网络,2025-10-21 09:30:03,23.8,29700,23.8,D
sz002517,恺英网络,2025-10-21 09:30:06,23.79,23000,23.8,E
sz002517,恺英网络,2025-10-21 09:30:09,23.77,86800,23.79,D
sz002517,恺英网络,2025-10-21 09:30:12,23.75,142800,23.77,D
sz002517,恺英网络,2025-10-21 09:30:15,23.73,36000,23.75,D
sz002517,恺英网络,2025-10-21 09:30:18,23.7,50100,23.73,D
sz002517,恺英网络,2025-10-21 09:30:21,23.64,21800,23.7,D
sz002517,恺英网络,2025-10-21 09:30:24,23.66,19900,23.64,U
sz002517,恺英网络,2025-10-21 09:30:27,23.75,106000,23.66,U
sz002517,恺英网络,2025-10-21 09:30:30,23.87,99300,23.75,U
sz002517,恺英网络,2025-10-21 09:30:33,23.76,56100,23.87,D
sz002517,恺英网络,2025-10-21 09:30:36,23.75,32300,23.76,D
sz002517,恺英网络,2025-10-21 09:30:39,23.73,9000,23.75,D
sz002517,恺英网络,2025-10-21 09:30:45,23.73,26400,23.74,U
sz002517,恺英网络,2025-10-21 09:30:54,23.7,9800,23.68,U
sz002517,恺英网络,2025-10-21 09:30:57,23.73,16800,23.7,U
sz002517,恺英网络,2025-10-21 09:31:03,23.72,10300,23.73,D
sz002517,恺英网络,2025-10-21 09:31:06,23.72,28800,23.72,U
sz002517,恺英网络,2025-10-21 09:31:09,23.7,17400,23.72,E
sz002517,恺英网络,2025-10-21 09:31:12,23.69,39400,23.7,E
sz002517,恺英网络,2025-10-21 09:31:15,23.68,9100,23.69,D
sz002517,恺英网络,2025-10-21 09:31:24,23.69,17400,23.66,U
sz002517,恺英网络,2025-10-21 09:31:27,23.75,42800,23.69,U
sz002517,恺英网络,2025-10-21 09:31:30,23.73,11600,23.75,D
sz002517,恺英网络,2025-10-21 09:31:36,23.77,9800,23.7,U
sz002517,恺英网络,2025-10-21 09:31:39,23.74,27500,23.77,D
sz002517,恺英网络,2025-10-21 09:31:51,23.8,21100,23.78,U
sz002517,恺英网络,2025-10-21 09:31:54,23.79,34300,23.8,D
sz002517,恺英网络,2025-10-21 09:31:57,23.78,9000,23.79,E
sz002517,恺英网络,2025-10-21 09:32:00,23.8,21500,23.78,U
sz002517,恺英网络,2025-10-21 09:32:03,23.76,9600,23.8,D
sz002517,恺英网络,2025-10-21 09:32:06,23.74,12600,23.76,D
sz002517,恺英网络,2025-10-21 09:32:12,23.72,9300,23.74,D
sz002517,恺英网络,2025-10-21 09:32:18,23.7,26500,23.71,D
sz002517,恺英网络,2025-10-21 09:32:21,23.68,21000,23.7,D
sz002517,恺英网络,2025-10-21 09:32:24,23.68,26200,23.68,D
sz002517,恺英网络,2025-10-21 09:32:27,23.67,10600,23.68,E
sz002517,恺英网络,2025-10-21 09:32:30,23.66,74100,23.67,D
sz002517,恺英网络,2025-10-21 09:32:33,23.64,29500,23.66,D
sz002517,恺英网络,2025-10-21 09:32:36,23.6,12400,23.64,D
sz002517,恺英网络,2025-10-21 09:32:45,23.61,13200,23.6,E
sz002517,恺英网络,2025-10-21 09:32:48,23.63,27900,23.61,U
sz002517,恺英网络,2025-10-21 09:32:51,23.62,21900,23.63,D
sz002517,恺英网络,2025-10-21 09:32:54,23.6,21200,23.62,D
sz002517,恺英网络,2025-10-21 09:32:57,23.62,10600,23.6,U
sz002517,恺英网络,2025-10-21 09:33:03,23.61,19900,23.62,D
sz002517,恺英网络,2025-10-21 09:33:06,23.6,12000,23.61,D
sz002517,恺英网络,2025-10-21 09:33:09,23.61,15100,23.6,E
sz002517,恺英网络,2025-10-21 09:33:12,23.6,12300,23.61,E
sz002517,恺英网络,2025-10-21 09:33:18,23.59,25700,23.57,U
sz002517,恺英网络,2025-10-21 09:33:21,23.57,15100,23.59,D
sz002517,恺英网络,2025-10-21 09:33:24,23.57,16800,23.57,D
sz002517,恺英网络,2025-10-21 09:33:27,23.56,19600,23.57,D
sz002517,恺英网络,2025-10-21 09:33:30,23.55,31800,23.56,D
sz002517,恺英网络,2025-10-21 09:33:33,23.57,44200,23.55,U
sz002517,恺英网络,2025-10-21 09:33:36,23.61,17000,23.57,U
sz002517,恺英网络,2025-10-21 09:33:39,23.58,27300,23.61,D
sz002517,恺英网络,2025-10-21 09:33:42,23.59,32500,23.58,E
sz002517,恺英网络,2025-10-21 09:34:03,23.59,17200,23.59,U
sz002517,恺英网络,2025-10-21 09:34:18,23.58,50700,23.59,D
sz002517,恺英网络,2025-10-21 09:34:21,23.58,20600,23.58,D
sz002517,恺英网络,2025-10-21 09:34:24,23.58,16500,23.58,U
sz002517,恺英网络,2025-10-21 09:34:30,23.57,9800,23.58,D
sz002517,恺英网络,2025-10-21 09:34:39,23.56,22100,23.56,D
sz002517,恺英网络,2025-10-21 09:34:45,23.56,13400,23.56,U
sz002517,恺英网络,2025-10-21 09:34:48,23.55,15900,23.56,D
sz002517,恺英网络,2025-10-21 09:34:51,23.55,11500,23.55,U
sz002517,恺英网络,2025-10-21 09:34:54,23.56,77000,23.55,U
sz002517,恺英网络,2025-10-21 09:34:57,23.56,10300,23.56,D
sz002517,恺英网络,2025-10-21 09:35:00,23.57,12000,23.56,U
sz002517,恺英网络,2025-10-21 09:35:03,23.56,18700,23.57,D
sz002517,恺英网络,2025-10-21 09:35:18,23.63,232800,23.59,U
sz002517,恺英网络,2025-10-21 09:35:21,23.61,31300,23.63,D
sz002517,恺英网络,2025-10-21 09:35:27,23.62,28100,23.62,U
sz002517,恺英网络,2025-10-21 09:35:39,23.62,16600,23.62,D
sz002517,恺英网络,2025-10-21 09:36:00,23.6,39300,23.61,D
sz002517,恺英网络,2025-10-21 09:36:03,23.58,11000,23.6,D
sz002517,恺英网络,2025-10-21 09:36:06,23.61,11800,23.58,U
sz002517,恺英网络,2025-10-21 09:36:15,23.65,15800,23.63,U
sz002517,恺英网络,2025-10-21 09:36:18,23.67,22900,23.65,U
sz002517,恺英网络,2025-10-21 09:36:30,23.72,11600,23.72,U
sz002517,恺英网络,2025-10-21 09:36:33,23.69,26400,23.72,D
sz002517,恺英网络,2025-10-21 09:36:36,23.72,10300,23.69,U
sz002517,恺英网络,2025-10-21 09:36:39,23.69,9700,23.72,D
sz002517,恺英网络,2025-10-21 09:36:45,23.7,9900,23.7,E
sz002517,恺英网络,2025-10-21 09:36:51,23.71,10300,23.71,D
sz002517,恺英网络,2025-10-21 09:37:00,23.75,13600,23.75,U
sz002517,恺英网络,2025-10-21 09:37:09,23.72,64800,23.73,D
sz002517,恺英网络,2025-10-21 09:37:12,23.73,15400,23.72,U
sz002517,恺英网络,2025-10-21 09:37:15,23.72,8800,23.73,E
sz002517,恺英网络,2025-10-21 09:37:18,23.7,11700,23.72,E
sz002517,恺英网络,2025-10-21 09:37:21,23.7,9400,23.7,D
sz002517,恺英网络,2025-10-21 09:38:06,23.78,14500,23.75,U
sz002517,恺英网络,2025-10-21 09:38:15,23.75,8500,23.75,U
sz002517,恺英网络,2025-10-21 09:38:21,23.77,8800,23.75,U
sz002517,恺英网络,2025-10-21 09:38:27,23.73,30700,23.76,D
sz002517,恺英网络,2025-10-21 09:38:30,23.71,14100,23.73,D
sz002517,恺英网络,2025-10-21 09:38:33,23.74,8700,23.71,U
sz002517,恺英网络,2025-10-21 09:38:39,23.72,22600,23.72,E
sz002517,恺英网络,2025-10-21 09:39:00,23.73,11800,23.7,U
sz002517,恺英网络,2025-10-21 09:39:03,23.71,14000,23.73,D
sz002517,恺英网络,2025-10-21 09:39:06,23.73,54600,23.71,U
sz002517,恺英网络,2025-10-21 09:39:09,23.74,14900,23.73,U
sz002517,恺英网络,2025-10-21 09:39:12,23.77,21900,23.74,U
sz002517,恺英网络,2025-10-21 09:39:15,23.76,21000,23.77,D
sz002517,恺英网络,2025-10-21 09:39:18,23.77,10400,23.76,U
sz002517,恺英网络,2025-10-21 09:39:27,23.75,18300,23.75,E
sz002517,恺英网络,2025-10-21 09:39:42,23.73,30600,23.76,D
sz002517,恺英网络,2025-10-21 09:40:00,23.74,37800,23.75,D
sz002517,恺英网络,2025-10-21 09:40:03,23.72,15200,23.74,D
sz002517,恺英网络,2025-10-21 09:40:06,23.74,11400,23.72,U
sz002517,恺英网络,2025-10-21 09:40:09,23.74,8800,23.74,E
sz002517,恺英网络,2025-10-21 09:40:12,23.75,12900,23.74,U
sz002517,恺英网络,2025-10-21 09:40:21,23.76,11300,23.74,U
sz002517,恺英网络,2025-10-21 09:40:24,23.75,15400,23.76,U
sz002517,恺英网络,2025-10-21 09:40:39,23.75,30100,23.75,D
sz002517,恺英网络,2025-10-21 09:40:42,23.73,13100,23.75,D
sz002517,恺英网络,2025-10-21 09:40:45,23.72,17000,23.73,D
sz002517,恺英网络,2025-10-21 09:40:51,23.71,9000,23.72,D
sz002517,恺英网络,2025-10-21 09:41:33,23.71,11000,23.72,D
sz002517,恺英网络,2025-10-21 09:42:12,23.7,85200,23.76,D
sz002517,恺英网络,2025-10-21 09:42:15,23.72,19400,23.7,U
sz002517,恺英网络,2025-10-21 09:42:18,23.69,13400,23.72,D
sz002517,恺英网络,2025-10-21 09:42:21,23.73,16200,23.69,U
sz002517,恺英网络,2025-10-21 09:42:54,23.7,15800,23.73,D
sz002517,恺英网络,2025-10-21 09:43:12,23.74,27100,23.73,U
sz002517,恺英网络,2025-10-21 09:43:15,23.75,11000,23.74,U
sz002517,恺英网络,2025-10-21 09:43:36,23.72,10300,23.72,D
sz002517,恺英网络,2025-10-21 09:43:39,23.71,22100,23.72,D
sz002517,恺英网络,2025-10-21 09:43:45,23.7,14700,23.71,D
sz002517,恺英网络,2025-10-21 09:43:48,23.69,12400,23.7,D
sz002517,恺英网络,2025-10-21 09:44:15,23.69,8800,23.69,D
sz002517,恺英网络,2025-10-21 09:44:18,23.68,34000,23.69,D
sz002517,恺英网络,2025-10-21 09:44:21,23.7,13700,23.68,U
sz002517,恺英网络,2025-10-21 09:44:27,23.69,8600,23.68,U
sz002517,恺英网络,2025-10-21 09:44:30,23.68,24000,23.69,D
sz002517,恺英网络,2025-10-21 09:44:45,23.65,35200,23.68,D
sz002517,恺英网络,2025-10-21 09:44:48,23.65,9000,23.65,D
sz002517,恺英网络,2025-10-21 09:44:51,23.63,510200,23.65,D
sz002517,恺英网络,2025-10-21 09:44:54,23.62,178700,23.63,U
sz002517,恺英网络,2025-10-21 09:44:57,23.62,30300,23.62,D
sz002517,恺英网络,2025-10-21 09:45:00,23.61,9700,23.62,D
sz002517,恺英网络,2025-10-21 09:45:03,23.67,12100,23.61,U
sz002517,恺英网络,2025-10-21 09:45:18,23.67,36100,23.69,D
sz002517,恺英网络,2025-10-21 09:45:27,23.69,8600,23.67,U
sz002517,恺英网络,2025-10-21 09:45:30,23.68,15200,23.69,E
sz002517,恺英网络,2025-10-21 09:46:03,23.64,11800,23.67,D
sz002517,恺英网络,2025-10-21 09:46:12,23.71,17200,23.65,U
sz002517,恺英网络,2025-10-21 09:46:18,23.66,11400,23.65,E
sz002517,恺英网络,2025-10-21 09:46:24,23.65,13500,23.66,D
sz002517,恺英网络,2025-10-21 09:46:27,23.66,26400,23.65,D
sz002517,恺英网络,2025-10-21 09:46:33,23.72,15200,23.7,U
sz002517,恺英网络,2025-10-21 09:46:36,23.77,74700,23.72,U
sz002517,恺英网络,2025-10-21 09:46:39,23.76,27500,23.77,E
sz002517,恺英网络,2025-10-21 09:46:42,23.77,15400,23.76,U
sz002517,恺英网络,2025-10-21 09:46:45,23.78,15700,23.77,U
sz002517,恺英网络,2025-10-21 09:46:48,23.78,65000,23.78,U
sz002517,恺英网络,2025-10-21 09:46:54,23.8,30900,23.79,U
sz002517,恺英网络,2025-10-21 09:46:57,23.8,10400,23.8,U
sz002517,恺英网络,2025-10-21 09:47:00,23.79,12300,23.8,D
sz002517,恺英网络,2025-10-21 09:47:06,23.83,20600,23.8,U
sz002517,恺英网络,2025-10-21 09:47:12,23.84,17400,23.84,D
sz002517,恺英网络,2025-10-21 09:47:15,23.83,15100,23.84,E
sz002517,恺英网络,2025-10-21 09:47:18,23.81,38300,23.83,D
sz002517,恺英网络,2025-10-21 09:47:21,23.77,22500,23.81,D
sz002517,恺英网络,2025-10-21 09:47:24,23.74,63000,23.77,D
sz002517,恺英网络,2025-10-21 09:47:27,23.74,22800,23.74,E
sz002517,恺英网络,2025-10-21 09:47:30,23.74,12100,23.74,D
sz002517,恺英网络,2025-10-21 09:47:33,23.74,25000,23.74,E
sz002517,恺英网络,2025-10-21 09:47:36,23.73,22500,23.74,E
sz002517,恺英网络,2025-10-21 09:47:39,23.73,45000,23.73,D
sz002517,恺英网络,2025-10-21 09:47:42,23.74,19200,23.73,U
sz002517,恺英网络,2025-10-21 09:47:45,23.76,9000,23.74,U
sz002517,恺英网络,2025-10-21 09:47:57,23.76,19400,23.77,D
sz002517,恺英网络,2025-10-21 09:48:00,23.78,42300,23.76,E
sz002517,恺英网络,2025-10-21 09:48:03,23.75,14400,23.78,D
sz002517,恺英网络,2025-10-21 09:48:09,23.75,11000,23.77,D
sz002517,恺英网络,2025-10-21 09:48:12,23.77,18800,23.75,U
sz002517,恺英网络,2025-10-21 09:48:18,23.74,17800,23.74,D
sz002517,恺英网络,2025-10-21 09:48:21,23.76,12600,23.74,U
sz002517,恺英网络,2025-10-21 09:48:51,23.73,42600,23.74,D
sz002517,恺英网络,2025-10-21 09:48:54,23.71,91800,23.73,D
sz002517,恺英网络,2025-10-21 09:49:00,23.68,10100,23.71,D
sz002517,恺英网络,2025-10-21 09:49:06,23.71,14700,23.71,D
sz002517,恺英网络,2025-10-21 09:49:12,23.73,12100,23.73,U
sz002517,恺英网络,2025-10-21 09:49:21,23.72,21200,23.72,E
sz002517,恺英网络,2025-10-21 09:49:24,23.7,33100,23.72,D
sz002517,恺英网络,2025-10-21 09:49:27,23.7,32500,23.7,D
sz002517,恺英网络,2025-10-21 09:49:30,23.7,23200,23.7,U
sz002517,恺英网络,2025-10-21 09:49:33,23.71,56500,23.7,E
sz002517,恺英网络,2025-10-21 09:49:39,23.71,10400,23.73,D
sz002517,恺英网络,2025-10-21 09:49:42,23.74,25600,23.71,U
sz002517,恺英网络,2025-10-21 09:49:48,23.71,12300,23.72,D
sz002517,恺英网络,2025-10-21 09:49:51,23.73,37300,23.71,U
sz002517,恺英网络,2025-10-21 09:49:54,23.73,26100,23.73,U
sz002517,恺英网络,2025-10-21 09:49:57,23.71,19900,23.73,D
sz002517,恺英网络,2025-10-21 09:50:00,23.73,14700,23.71,U
sz002517,恺英网络,2025-10-21 09:50:03,23.74,33600,23.73,E
sz002517,恺英网络,2025-10-21 09:50:09,23.77,17000,23.78,D
sz002517,恺英网络,2025-10-21 09:50:12,23.78,8500,23.77,U
sz002517,恺英网络,2025-10-21 09:50:15,23.78,14700,23.78,U
sz002517,恺英网络,2025-10-21 09:50:18,23.77,43700,23.78,D
sz002517,恺英网络,2025-10-21 09:50:21,23.78,9600,23.77,U
sz002517,恺英网络,2025-10-21 09:50:24,23.77,17500,23.78,D
sz002517,恺英网络,2025-10-21 09:50:27,23.77,11700,23.77,U
sz002517,恺英网络,2025-10-21 09:50:30,23.78,16300,23.77,U
sz002517,恺英网络,2025-10-21 09:50:33,23.78,11300,23.78,U
sz002517,恺英网络,2025-10-21 09:50:39,23.78,11800,23.79,E
sz002517,恺英网络,2025-10-21 09:50:42,23.78,14500,23.78,U
sz002517,恺英网络,2025-10-21 09:50:45,23.8,24000,23.78,U
sz002517,恺英网络,2025-10-21 09:50:48,23.81,20300,23.8,U
sz002517,恺英网络,2025-10-21 09:50:51,23.83,8600,23.81,U
sz002517,恺英网络,2025-10-21 09:51:00,23.83,27500,23.82,U
sz002517,恺英网络,2025-10-21 09:51:06,23.83,8800,23.83,U
sz002517,恺英网络,2025-10-21 09:51:09,23.83,9400,23.83,U
sz002517,恺英网络,2025-10-21 09:51:12,23.8,55700,23.83,D
sz002517,恺英网络,2025-10-21 09:51:15,23.78,17800,23.8,E
sz002517,恺英网络,2025-10-21 09:51:21,23.77,214200,23.78,E
sz002517,恺英网络,2025-10-21 09:51:24,23.81,10200,23.77,E
sz002517,恺英网络,2025-10-21 09:51:27,23.81,11500,23.81,D
sz002517,恺英网络,2025-10-21 09:51:33,23.78,22100,23.81,D
sz002517,恺英网络,2025-10-21 09:51:39,23.77,13400,23.83,D
sz002517,恺英网络,2025-10-21 09:51:42,23.74,175800,23.77,D
sz002517,恺英网络,2025-10-21 09:51:45,23.81,13700,23.74,U
sz002517,恺英网络,2025-10-21 09:51:48,23.78,25400,23.81,D
sz002517,恺英网络,2025-10-21 09:51:51,23.8,11500,23.78,U
sz002517,恺英网络,2025-10-21 09:51:54,23.79,24700,23.8,D
sz002517,恺英网络,2025-10-21 09:52:00,23.79,10200,23.79,E
sz002517,恺英网络,2025-10-21 09:52:12,23.74,13600,23.76,D
sz002517,恺英网络,2025-10-21 09:52:15,23.76,90200,23.74,U
sz002517,恺英网络,2025-10-21 09:52:21,23.72,11100,23.75,D
sz002517,恺英网络,2025-10-21 09:52:36,23.73,11300,23.72,E
sz002517,恺英网络,2025-10-21 09:53:00,23.75,14100,23.78,D
sz002517,恺英网络,2025-10-21 09:53:09,23.75,9400,23.74,E
sz002517,恺英网络,2025-10-21 09:53:12,23.73,9500,23.75,D
sz002517,恺英网络,2025-10-21 09:53:48,23.73,12500,23.74,D
sz002517,恺英网络,2025-10-21 09:53:51,23.74,9400,23.73,U
sz002517,恺英网络,2025-10-21 09:53:54,23.74,10100,23.74,D
sz002517,恺英网络,2025-10-21 09:53:57,23.75,70800,23.74,U
sz002517,恺英网络,2025-10-21 09:54:00,23.77,23200,23.75,U
sz002517,恺英网络,2025-10-21 09:54:03,23.74,19100,23.77,D
sz002517,恺英网络,2025-10-21 09:54:06,23.75,10300,23.74,U
sz002517,恺英网络,2025-10-21 09:54:12,23.78,14600,23.73,U
sz002517,恺英网络,2025-10-21 09:54:45,23.75,12100,23.77,D
sz002517,恺英网络,2025-10-21 09:54:51,23.74,11600,23.73,U
sz002517,恺英网络,2025-10-21 09:55:03,23.76,26900,23.74,U
sz002517,恺英网络,2025-10-21 09:55:06,23.72,39800,23.76,D
sz002517,恺英网络,2025-10-21 09:55:09,23.72,14400,23.72,D
sz002517,恺英网络,2025-10-21 09:55:12,23.74,53500,23.72,U
sz002517,恺英网络,2025-10-21 09:55:15,23.72,24900,23.74,E
sz002517,恺英网络,2025-10-21 09:55:18,23.72,11500,23.72,D
sz002517,恺英网络,2025-10-21 09:55:33,23.73,9000,23.73,U
sz002517,恺英网络,2025-10-21 09:55:36,23.75,17300,23.73,U
sz002517,恺英网络,2025-10-21 09:55:39,23.73,16200,23.75,D
sz002517,恺英网络,2025-10-21 09:55:42,23.77,37300,23.73,U
sz002517,恺英网络,2025-10-21 09:55:45,23.73,20500,23.77,D
sz002517,恺英网络,2025-10-21 09:55:48,23.77,13700,23.73,U
sz002517,恺英网络,2025-10-21 09:55:51,23.77,34800,23.77,U
sz002517,恺英网络,2025-10-21 09:56:39,23.73,8700,23.74,D
sz002517,恺英网络,2025-10-21 09:56:51,23.76,11600,23.74,U
sz002517,恺英网络,2025-10-21 09:57:12,23.75,13500,23.75,D
sz002517,恺英网络,2025-10-21 09:57:42,23.76,11500,23.75,U
sz002517,恺英网络,2025-10-21 09:57:48,23.76,21700,23.75,U
sz002517,恺英网络,2025-10-21 09:57:51,23.79,18500,23.76,U
sz002517,恺英网络,2025-10-21 09:57:54,23.8,27300,23.79,U
sz002517,恺英网络,2025-10-21 09:58:45,23.86,15700,23.85,U
sz002517,恺英网络,2025-10-21 09:58:51,23.88,26100,23.87,U
sz002517,恺英网络,2025-10-21 09:58:54,23.87,31800,23.88,D
sz002517,恺英网络,2025-10-21 09:59:00,23.87,44400,23.87,D
sz002517,恺英网络,2025-10-21 09:59:09,23.9,28000,23.87,U
sz002517,恺英网络,2025-10-21 09:59:12,23.92,8900,23.9,U
sz002517,恺英网络,2025-10-21 09:59:21,23.88,79800,23.91,D
sz002517,恺英网络,2025-10-21 09:59:24,23.9,11200,23.88,U
sz002517,恺英网络,2025-10-21 09:59:27,23.87,30800,23.9,D
sz002517,恺英网络,2025-10-21 10:00:03,23.92,15000,23.91,U
sz002517,恺英网络,2025-10-21 10:00:06,23.95,17800,23.92,U
sz002517,恺英网络,2025-10-21 10:00:09,23.97,25500,23.95,U
sz002517,恺英网络,2025-10-21 10:00:12,23.95,31000,23.97,E
sz002517,恺英网络,2025-10-21 10:00:15,23.95,44500,23.95,U
sz002517,恺英网络,2025-10-21 10:00:18,23.92,25900,23.95,D
sz002517,恺英网络,2025-10-21 10:00:21,23.9,47200,23.92,D
sz002517,恺英网络,2025-10-21 10:00:24,23.9,21600,23.9,U
sz002517,恺英网络,2025-10-21 10:00:27,23.9,69700,23.9,U
sz002517,恺英网络,2025-10-21 10:00:30,23.91,61800,23.9,U
sz002517,恺英网络,2025-10-21 10:00:36,23.9,21800,23.91,D
sz002517,恺英网络,2025-10-21 10:00:39,23.92,27000,23.9,U
sz002517,恺英网络,2025-10-21 10:00:48,23.92,8900,23.92,U
sz002517,恺英网络,2025-10-21 10:00:51,23.88,50700,23.92,D
sz002517,恺英网络,2025-10-21 10:00:54,23.87,65800,23.88,D
sz002517,恺英网络,2025-10-21 10:00:57,23.88,11600,23.87,E
sz002517,恺英网络,2025-10-21 10:01:03,23.81,20000,23.82,D
sz002517,恺英网络,2025-10-21 10:01:09,23.8,20000,23.81,D
sz002517,恺英网络,2025-10-21 10:01:15,23.8,29100,23.75,U
sz002517,恺英网络,2025-10-21 10:01:18,23.8,13000,23.8,U
sz002517,恺英网络,2025-10-21 10:01:21,23.8,12700,23.8,D
sz002517,恺英网络,2025-10-21 10:01:24,23.79,23100,23.8,D
sz002517,恺英网络,2025-10-21 10:01:30,23.75,25600,23.79,D
sz002517,恺英网络,2025-10-21 10:01:36,23.79,31400,23.81,D
sz002517,恺英网络,2025-10-21 10:01:45,23.81,9800,23.83,D
sz002517,恺英网络,2025-10-21 10:01:51,23.83,13900,23.82,U
sz002517,恺英网络,2025-10-21 10:02:00,23.83,9600,23.81,U
sz002517,恺英网络,2025-10-21 10:02:06,23.82,44900,23.83,D
sz002517,恺英网络,2025-10-21 10:02:12,23.81,18000,23.82,E
sz002517,恺英网络,2025-10-21 10:02:15,23.84,10300,23.81,U
sz002517,恺英网络,2025-10-21 10:02:33,23.86,14200,23.87,U
sz002517,恺英网络,2025-10-21 10:02:51,23.86,30800,23.88,D
sz002517,恺英网络,2025-10-21 10:02:54,23.88,8800,23.86,U
sz002517,恺英网络,2025-10-21 10:03:03,23.84,10900,23.86,D
sz002517,恺英网络,2025-10-21 10:03:06,23.86,16400,23.84,U
sz002517,恺英网络,2025-10-21 10:03:39,23.91,8400,23.89,U
sz002517,恺英网络,2025-10-21 10:03:45,23.92,8800,23.91,U
sz002517,恺英网络,2025-10-21 10:04:00,23.96,20600,23.95,U
sz002517,恺英网络,2025-10-21 10:04:03,23.97,34900,23.96,U
sz002517,恺英网络,2025-10-21 10:04:06,23.96,8600,23.97,D
sz002517,恺英网络,2025-10-21 10:04:09,23.98,31900,23.96,U
sz002517,恺英网络,2025-10-21 10:04:12,23.98,30700,23.98,U
sz002517,恺英网络,2025-10-21 10:04:15,24.0,37800,23.98,U
sz002517,恺英网络,2025-10-21 10:04:27,24.06,21200,24.03,U
sz002517,恺英网络,2025-10-21 10:04:30,24.06,34700,24.06,D
sz002517,恺英网络,2025-10-21 10:04:33,24.06,13400,24.06,D
sz002517,恺英网络,2025-10-21 10:04:36,24.07,21200,24.06,U
sz002517,恺英网络,2025-10-21 10:04:39,24.07,27800,24.07,U
sz002517,恺英网络,2025-10-21 10:04:42,24.07,31700,24.07,U
sz002517,恺英网络,2025-10-21 10:04:51,24.1,45600,24.09,U
sz002517,恺英网络,2025-10-21 10:04:54,24.11,25200,24.1,U
sz002517,恺英网络,2025-10-21 10:04:57,24.13,18300,24.11,U
sz002517,恺英网络,2025-10-21 10:05:00,24.14,17200,24.13,U
sz002517,恺英网络,2025-10-21 10:05:03,24.14,19300,24.14,U
sz002517,恺英网络,2025-10-21 10:05:06,24.11,35300,24.14,D
sz002517,恺英网络,2025-10-21 10:05:09,24.11,35800,24.11,D
sz002517,恺英网络,2025-10-21 10:05:12,24.12,236200,24.11,E
sz002517,恺英网络,2025-10-21 10:05:15,24.11,23100,24.12,E
sz002517,恺英网络,2025-10-21 10:05:18,24.08,20600,24.11,E
sz002517,恺英网络,2025-10-21 10:05:21,24.07,21000,24.08,E
sz002517,恺英网络,2025-10-21 10:05:24,24.09,16800,24.07,E
sz002517,恺英网络,2025-10-21 10:05:27,24.09,8700,24.09,D
sz002517,恺英网络,2025-10-21 10:05:30,24.1,14400,24.09,U
sz002517,恺英网络,2025-10-21 10:05:39,24.11,70600,24.1,U
sz002517,恺英网络,2025-10-21 10:05:42,24.11,19300,24.11,U
sz002517,恺英网络,2025-10-21 10:05:45,24.1,8500,24.11,D
sz002517,恺英网络,2025-10-21 10:05:48,24.11,13100,24.1,U
sz002517,恺英网络,2025-10-21 10:05:51,24.08,48000,24.11,D
sz002517,恺英网络,2025-10-21 10:05:54,24.06,54500,24.08,D
sz002517,恺英网络,2025-10-21 10:06:03,24.04,70200,24.03,U
sz002517,恺英网络,2025-10-21 10:06:06,24.04,8400,24.04,E
sz002517,恺英网络,2025-10-21 10:06:15,24.06,10400,24.06,U
sz002517,恺英网络,2025-10-21 10:06:21,24.06,9700,24.07,D
sz002517,恺英网络,2025-10-21 10:06:24,24.06,10300,24.06,D
sz002517,恺英网络,2025-10-21 10:06:27,24.06,11100,24.06,U
sz002517,恺英网络,2025-10-21 10:06:30,24.07,13900,24.06,E
sz002517,恺英网络,2025-10-21 10:06:36,24.07,9100,24.06,U
sz002517,恺英网络,2025-10-21 10:06:39,24.07,20900,24.07,D
sz002517,恺英网络,2025-10-21 10:06:42,24.07,17400,24.07,D
sz002517,恺英网络,2025-10-21 10:06:45,24.08,13000,24.07,U
sz002517,恺英网络,2025-10-21 10:06:48,24.08,9300,24.08,U
sz002517,恺英网络,2025-10-21 10:06:51,24.03,141300,24.08,D
sz002517,恺英网络,2025-10-21 10:06:54,24.03,56400,24.03,U
sz002517,恺英网络,2025-10-21 10:06:57,24.01,13100,24.03,E
sz002517,恺英网络,2025-10-21 10:07:00,24.03,29500,24.01,U
sz002517,恺英网络,2025-10-21 10:07:03,24.03,8800,24.03,D
sz002517,恺英网络,2025-10-21 10:07:06,24.05,16900,24.03,U
sz002517,恺英网络,2025-10-21 10:07:09,24.07,26800,24.05,U
sz002517,恺英网络,2025-10-21 10:07:12,24.08,23100,24.07,U
sz002517,恺英网络,2025-10-21 10:07:15,24.09,13700,24.08,U
sz002517,恺英网络,2025-10-21 10:07:18,24.13,36000,24.09,U
sz002517,恺英网络,2025-10-21 10:07:21,24.14,124700,24.13,U
sz002517,恺英网络,2025-10-21 10:07:24,24.13,33400,24.14,D
sz002517,恺英网络,2025-10-21 10:07:27,24.15,12600,24.13,U
sz002517,恺英网络,2025-10-21 10:07:30,24.12,52500,24.15,D
sz002517,恺英网络,2025-10-21 10:07:33,24.14,31700,24.12,E
sz002517,恺英网络,2025-10-21 10:07:36,24.13,20000,24.14,U
sz002517,恺英网络,2025-10-21 10:07:39,24.14,52700,24.13,U
sz002517,恺英网络,2025-10-21 10:07:42,24.13,37500,24.14,D
sz002517,恺英网络,2025-10-21 10:07:45,24.13,30000,24.13,U
sz002517,恺英网络,2025-10-21 10:07:48,24.13,23600,24.13,D
sz002517,恺英网络,2025-10-21 10:07:51,24.17,41400,24.13,U
sz002517,恺英网络,2025-10-21 10:07:54,24.17,71200,24.17,D
sz002517,恺英网络,2025-10-21 10:07:57,24.18,118500,24.17,U
sz002517,恺英网络,2025-10-21 10:08:00,24.18,109300,24.18,E
sz002517,恺英网络,2025-10-21 10:08:03,24.19,111900,24.18,U
sz002517,恺英网络,2025-10-21 10:08:06,24.2,27800,24.19,U
sz002517,恺英网络,2025-10-21 10:08:09,24.24,34900,24.2,U
sz002517,恺英网络,2025-10-21 10:08:12,24.24,12600,24.24,U
sz002517,恺英网络,2025-10-21 10:08:15,24.24,78300,24.24,U
sz002517,恺英网络,2025-10-21 10:08:18,24.24,60500,24.24,D
sz002517,恺英网络,2025-10-21 10:08:21,24.23,63200,24.24,E
sz002517,恺英网络,2025-10-21 10:08:24,24.26,110900,24.23,U
sz002517,恺英网络,2025-10-21 10:08:27,24.27,48200,24.26,E
sz002517,恺英网络,2025-10-21 10:08:30,24.32,97300,24.27,U
sz002517,恺英网络,2025-10-21 10:08:33,24.31,19700,24.32,D
sz002517,恺英网络,2025-10-21 10:08:36,24.32,40900,24.31,U
sz002517,恺英网络,2025-10-21 10:08:39,24.32,27800,24.32,U
sz002517,恺英网络,2025-10-21 10:08:42,24.29,25700,24.32,D
sz002517,恺英网络,2025-10-21 10:08:45,24.32,147800,24.29,U
sz002517,恺英网络,2025-10-21 10:08:48,24.33,81100,24.32,U
sz002517,恺英网络,2025-10-21 10:08:51,24.33,47200,24.33,U
sz002517,恺英网络,2025-10-21 10:08:54,24.33,52000,24.33,U
sz002517,恺英网络,2025-10-21 10:08:57,24.3,54900,24.33,D
sz002517,恺英网络,2025-10-21 10:09:00,24.33,37500,24.3,U
sz002517,恺英网络,2025-10-21 10:09:03,24.3,47700,24.33,D
sz002517,恺英网络,2025-10-21 10:09:06,24.3,36800,24.3,U
sz002517,恺英网络,2025-10-21 10:09:09,24.3,19000,24.3,U
sz002517,恺英网络,2025-10-21 10:09:12,24.24,191600,24.3,D
sz002517,恺英网络,2025-10-21 10:09:15,24.22,64500,24.24,D
sz002517,恺英网络,2025-10-21 10:09:18,24.21,35200,24.22,D
sz002517,恺英网络,2025-10-21 10:09:21,24.2,169000,24.21,E
sz002517,恺英网络,2025-10-21 10:09:24,24.21,69100,24.2,E
sz002517,恺英网络,2025-10-21 10:09:27,24.21,12400,24.21,D
sz002517,恺英网络,2025-10-21 10:09:30,24.21,10800,24.21,D
sz002517,恺英网络,2025-10-21 10:09:33,24.25,17200,24.21,U
sz002517,恺英网络,2025-10-21 10:09:36,24.21,19000,24.25,D
sz002517,恺英网络,2025-10-21 10:09:39,24.21,8800,24.21,D
sz002517,恺英网络,2025-10-21 10:09:42,24.21,21300,24.21,D
sz002517,恺英网络,2025-10-21 10:09:45,24.14,42600,24.21,D
sz002517,恺英网络,2025-10-21 10:09:54,24.13,18700,24.15,D
sz002517,恺英网络,2025-10-21 10:09:57,24.14,9000,24.13,U
sz002517,恺英网络,2025-10-21 10:10:00,24.13,38600,24.14,E
sz002517,恺英网络,2025-10-21 10:10:03,24.14,24500,24.13,U
sz002517,恺英网络,2025-10-21 10:10:06,24.08,67700,24.14,D
sz002517,恺英网络,2025-10-21 10:10:09,24.07,26100,24.08,D
sz002517,恺英网络,2025-10-21 10:10:12,24.08,20400,24.07,D
sz002517,恺英网络,2025-10-21 10:10:15,24.07,44200,24.08,D
sz002517,恺英网络,2025-10-21 10:10:18,24.07,48500,24.07,E
sz002517,恺英网络,2025-10-21 10:10:21,24.05,14000,24.07,D
sz002517,恺英网络,2025-10-21 10:10:24,24.05,33200,24.05,E
sz002517,恺英网络,2025-10-21 10:10:27,24.02,19400,24.05,D
sz002517,恺英网络,2025-10-21 10:10:30,24.07,32200,24.02,U
sz002517,恺英网络,2025-10-21 10:10:33,24.05,50700,24.07,E
sz002517,恺英网络,2025-10-21 10:10:36,24.07,50200,24.05,U
sz002517,恺英网络,2025-10-21 10:10:39,24.06,19100,24.07,E
sz002517,恺英网络,2025-10-21 10:10:45,24.08,21300,24.07,U
sz002517,恺英网络,2025-10-21 10:10:48,24.09,74000,24.08,U
sz002517,恺英网络,2025-10-21 10:10:51,24.09,10100,24.09,U
sz002517,恺英网络,2025-10-21 10:10:54,24.09,13000,24.09,D
sz002517,恺英网络,2025-10-21 10:10:57,24.12,41000,24.09,U
sz002517,恺英网络,2025-10-21 10:11:00,24.09,42900,24.12,U
sz002517,恺英网络,2025-10-21 10:11:03,24.08,12300,24.09,E
sz002517,恺英网络,2025-10-21 10:11:12,24.1,11600,24.1,U
sz002517,恺英网络,2025-10-21 10:11:15,24.1,50900,24.1,U
sz002517,恺英网络,2025-10-21 10:11:18,24.1,14000,24.1,D
sz002517,恺英网络,2025-10-21 10:11:21,24.09,14200,24.1,D
sz002517,恺英网络,2025-10-21 10:11:24,24.11,31700,24.09,U
sz002517,恺英网络,2025-10-21 10:11:27,24.09,15000,24.11,E
sz002517,恺英网络,2025-10-21 10:11:30,24.07,11900,24.09,D
sz002517,恺英网络,2025-10-21 10:11:33,24.06,21600,24.07,D
sz002517,恺英网络,2025-10-21 10:11:36,24.06,20500,24.06,U
sz002517,恺英网络,2025-10-21 10:11:39,24.05,31600,24.06,D
sz002517,恺英网络,2025-10-21 10:11:42,24.05,11600,24.05,U
sz002517,恺英网络,2025-10-21 10:11:45,24.05,8500,24.05,E
sz002517,恺英网络,2025-10-21 10:11:48,24.03,9500,24.05,D
sz002517,恺英网络,2025-10-21 10:11:51,24.03,21700,24.03,U
sz002517,恺英网络,2025-10-21 10:11:54,24.05,9100,24.03,U
sz002517,恺英网络,2025-10-21 10:12:09,24.03,11100,24.03,D
sz002517,恺英网络,2025-10-21 10:12:12,24.03,33900,24.03,D
sz002517,恺英网络,2025-10-21 10:12:15,24.01,16900,24.03,D
sz002517,恺英网络,2025-10-21 10:12:30,24.04,12500,24.03,U
sz002517,恺英网络,2025-10-21 10:12:33,24.04,10200,24.04,U
sz002517,恺英网络,2025-10-21 10:12:45,24.05,21400,24.05,U
sz002517,恺英网络,2025-10-21 10:12:51,24.04,24900,24.05,E
sz002517,恺英网络,2025-10-21 10:12:57,24.03,10400,24.04,D
sz002517,恺英网络,2025-10-21 10:13:00,24.02,81600,24.03,D
sz002517,恺英网络,2025-10-21 10:13:03,24.03,9200,24.02,U
sz002517,恺英网络,2025-10-21 10:13:18,24.0,74700,24.03,D
sz002517,恺英网络,2025-10-21 10:13:21,24.0,69700,24.0,D
sz002517,恺英网络,2025-10-21 10:13:24,24.01,11000,24.0,U
sz002517,恺英网络,2025-10-21 10:13:30,24.01,11400,23.99,U
sz002517,恺英网络,2025-10-21 10:13:33,24.02,26100,24.01,U
sz002517,恺英网络,2025-10-21 10:13:48,24.0,15800,24.0,D
sz002517,恺英网络,2025-10-21 10:13:57,24.0,10600,24.0,U
sz002517,恺英网络,2025-10-21 10:14:00,24.0,16900,24.0,U
sz002517,恺英网络,2025-10-21 10:14:06,24.0,15300,24.0,U
sz002517,恺英网络,2025-10-21 10:14:36,24.0,10500,24.0,U
sz002517,恺英网络,2025-10-21 10:14:42,23.99,44100,24.0,D
sz002517,恺英网络,2025-10-21 10:14:45,24.0,13600,23.99,U
sz002517,恺英网络,2025-10-21 10:14:48,23.99,13400,24.0,D
sz002517,恺英网络,2025-10-21 10:14:51,24.0,8400,23.99,U
sz002517,恺英网络,2025-10-21 10:15:09,24.01,32000,24.02,D
sz002517,恺英网络,2025-10-21 10:15:12,24.01,172500,24.01,E
sz002517,恺英网络,2025-10-21 10:15:15,24.03,33000,24.01,U
sz002517,恺英网络,2025-10-21 10:15:21,24.01,9200,24.03,D
sz002517,恺英网络,2025-10-21 10:15:24,24.0,25800,24.01,D
sz002517,恺英网络,2025-10-21 10:15:27,24.0,21400,24.0,D
sz002517,恺英网络,2025-10-21 10:15:30,23.99,23400,24.0,E
sz002517,恺英网络,2025-10-21 10:15:48,24.01,22400,23.98,U
sz002517,恺英网络,2025-10-21 10:15:57,23.99,14800,23.99,U
sz002517,恺英网络,2025-10-21 10:16:24,24.0,15200,24.0,U
sz002517,恺英网络,2025-10-21 10:16:27,24.0,11600,24.0,U
sz002517,恺英网络,2025-10-21 10:16:33,24.0,10300,24.0,U
sz002517,恺英网络,2025-10-21 10:16:39,24.02,23800,24.0,U
sz002517,恺英网络,2025-10-21 10:16:42,24.01,29000,24.02,D
sz002517,恺英网络,2025-10-21 10:17:12,24.07,16700,24.03,U
sz002517,恺英网络,2025-10-21 10:17:18,24.06,14100,24.06,E
sz002517,恺英网络,2025-10-21 10:17:21,24.01,69500,24.06,D
sz002517,恺英网络,2025-10-21 10:17:30,24.01,15100,24.02,D
sz002517,恺英网络,2025-10-21 10:17:36,24.01,23800,24.0,U
sz002517,恺英网络,2025-10-21 10:18:06,24.0,36900,24.03,D
sz002517,恺英网络,2025-10-21 10:18:30,24.02,11200,24.02,U
sz002517,恺英网络,2025-10-21 10:18:33,24.0,16100,24.02,D
sz002517,恺英网络,2025-10-21 10:18:48,24.03,18600,24.01,U
sz002517,恺英网络,2025-10-21 10:19:30,24.03,18900,24.05,D
sz002517,恺英网络,2025-10-21 10:19:42,24.01,9300,24.03,D
sz002517,恺英网络,2025-10-21 10:19:54,24.01,32700,24.03,D
sz002517,恺英网络,2025-10-21 10:20:18,24.04,44300,24.06,D
sz002517,恺英网络,2025-10-21 10:20:48,24.05,19800,24.04,U
sz002517,恺英网络,2025-10-21 10:21:00,24.04,25900,24.06,D
sz002517,恺英网络,2025-10-21 10:21:03,24.04,32000,24.04,U
sz002517,恺英网络,2025-10-21 10:21:06,24.06,26400,24.04,U
sz002517,恺英网络,2025-10-21 10:21:30,24.06,10400,24.05,U
sz002517,恺英网络,2025-10-21 10:21:54,24.08,17200,24.07,U
sz002517,恺英网络,2025-10-21 10:21:57,24.06,17600,24.08,D
sz002517,恺英网络,2025-10-21 10:22:03,24.06,30400,24.07,D
sz002517,恺英网络,2025-10-21 10:22:06,24.06,14700,24.06,U
sz002517,恺英网络,2025-10-21 10:22:09,24.06,11300,24.06,U
sz002517,恺英网络,2025-10-21 10:22:27,24.07,10200,24.06,U
sz002517,恺英网络,2025-10-21 10:22:42,24.08,15400,24.08,U
sz002517,恺英网络,2025-10-21 10:22:48,24.08,60400,24.08,U
sz002517,恺英网络,2025-10-21 10:22:57,24.09,12000,24.08,U
sz002517,恺英网络,2025-10-21 10:23:09,24.04,21600,24.06,D
sz002517,恺英网络,2025-10-21 10:23:12,24.0,123500,24.04,D
sz002517,恺英网络,2025-10-21 10:23:15,24.0,38300,24.0,D
sz002517,恺英网络,2025-10-21 10:23:36,24.02,18100,24.02,U
sz002517,恺英网络,2025-10-21 10:23:54,24.02,9300,24.03,D
sz002517,恺英网络,2025-10-21 10:24:30,24.06,11100,24.06,U
sz002517,恺英网络,2025-10-21 10:25:15,24.1,10000,24.09,U
sz002517,恺英网络,2025-10-21 10:25:24,24.08,48600,24.1,D
sz002517,恺英网络,2025-10-21 10:25:33,24.08,12300,24.08,U
sz002517,恺英网络,2025-10-21 10:25:54,24.1,10400,24.1,U
sz002517,恺英网络,2025-10-21 10:25:57,24.1,24800,24.1,U
sz002517,恺英网络,2025-10-21 10:26:06,24.11,8800,24.1,U
sz002517,恺英网络,2025-10-21 10:26:24,24.12,9700,24.12,U
sz002517,恺英网络,2025-10-21 10:26:36,24.12,17900,24.12,U
sz002517,恺英网络,2025-10-21 10:26:39,24.11,9900,24.12,D
sz002517,恺英网络,2025-10-21 10:26:45,24.12,16500,24.11,U
sz002517,恺英网络,2025-10-21 10:26:48,24.09,15000,24.12,D
sz002517,恺英网络,2025-10-21 10:27:51,24.1,26700,24.12,D
sz002517,恺英网络,2025-10-21 10:27:54,24.09,23000,24.1,D
sz002517,恺英网络,2025-10-21 10:28:03,24.11,14600,24.1,U
sz002517,恺英网络,2025-10-21 10:28:12,24.11,12500,24.1,E
sz002517,恺英网络,2025-10-21 10:28:15,24.12,8300,24.11,U
sz002517,恺英网络,2025-10-21 10:28:48,24.12,29500,24.12,U
sz002517,恺英网络,2025-10-21 10:29:18,24.08,43800,24.11,D
sz002517,恺英网络,2025-10-21 10:30:00,24.06,14100,24.07,D
sz002517,恺英网络,2025-10-21 10:30:03,24.06,11700,24.06,U
sz002517,恺英网络,2025-10-21 10:30:09,24.07,12100,24.07,U
sz002517,恺英网络,2025-10-21 10:30:15,24.07,8800,24.07,D
sz002517,恺英网络,2025-10-21 10:30:39,24.06,13800,24.07,E
sz002517,恺英网络,2025-10-21 10:30:51,24.07,11800,24.06,U
sz002517,恺英网络,2025-10-21 10:30:57,24.06,11000,24.07,D
sz002517,恺英网络,2025-10-21 10:31:18,24.05,8800,24.04,U
sz002517,恺英网络,2025-10-21 10:31:33,24.05,10800,24.03,U
sz002517,恺英网络,2025-10-21 10:31:48,24.05,9800,24.05,D
sz002517,恺英网络,2025-10-21 10:33:03,24.06,12400,24.05,U
sz002517,恺英网络,2025-10-21 10:34:03,24.07,10900,24.07,U
sz002517,恺英网络,2025-10-21 10:34:12,24.02,38000,24.07,D
sz002517,恺英网络,2025-10-21 10:34:15,24.02,15400,24.02,U
sz002517,恺英网络,2025-10-21 10:35:03,24.03,11300,24.03,U
sz002517,恺英网络,2025-10-21 10:35:21,24.01,42600,24.03,D
sz002517,恺英网络,2025-10-21 10:35:24,24.0,12000,24.01,D
sz002517,恺英网络,2025-10-21 10:35:27,24.01,31900,24.0,U
sz002517,恺英网络,2025-10-21 10:35:30,24.0,15300,24.01,D
sz002517,恺英网络,2025-10-21 10:35:33,24.0,16500,24.0,D
sz002517,恺英网络,2025-10-21 10:35:42,24.0,26800,24.0,U
sz002517,恺英网络,2025-10-21 10:36:09,24.03,12900,24.02,U
sz002517,恺英网络,2025-10-21 10:38:00,24.06,13400,24.07,D
sz002517,恺英网络,2025-10-21 10:38:03,24.06,11700,24.06,D
sz002517,恺英网络,2025-10-21 10:38:09,24.05,42900,24.06,D
sz002517,恺英网络,2025-10-21 10:38:12,24.03,14500,24.05,D
sz002517,恺英网络,2025-10-21 10:38:15,24.03,15400,24.03,U
sz002517,恺英网络,2025-10-21 10:38:27,24.04,9000,24.03,U
sz002517,恺英网络,2025-10-21 10:38:36,24.04,10200,24.05,D
sz002517,恺英网络,2025-10-21 10:39:18,24.01,18900,24.05,D
sz002517,恺英网络,2025-10-21 10:39:30,24.04,10800,24.03,U
sz002517,恺英网络,2025-10-21 10:39:36,24.07,9000,24.06,U
sz002517,恺英网络,2025-10-21 10:40:03,24.06,10700,24.05,U
sz002517,恺英网络,2025-10-21 10:40:06,24.04,9300,24.06,D
sz002517,恺英网络,2025-10-21 10:40:21,24.07,8500,24.07,U
sz002517,恺英网络,2025-10-21 10:40:24,24.06,8900,24.07,D
sz002517,恺英网络,2025-10-21 10:40:27,24.07,9000,24.06,U
sz002517,恺英网络,2025-10-21 10:40:30,24.08,8500,24.07,U
sz002517,恺英网络,2025-10-21 10:40:39,24.07,10100,24.07,E
sz002517,恺英网络,2025-10-21 10:40:54,24.09,21400,24.1,E
sz002517,恺英网络,2025-10-21 10:40:57,24.11,11700,24.09,U
sz002517,恺英网络,2025-10-21 10:41:03,24.1,15400,24.11,D
sz002517,恺英网络,2025-10-21 10:41:12,24.12,9000,24.12,U
sz002517,恺英网络,2025-10-21 10:41:15,24.12,29900,24.12,U
sz002517,恺英网络,2025-10-21 10:41:18,24.08,22500,24.12,D
sz002517,恺英网络,2025-10-21 10:41:27,24.05,21900,24.09,D
sz002517,恺英网络,2025-10-21 10:41:39,24.05,11400,24.06,D
sz002517,恺英网络,2025-10-21 10:41:48,24.05,64800,24.05,U
sz002517,恺英网络,2025-10-21 10:41:51,24.06,45000,24.05,U
sz002517,恺英网络,2025-10-21 10:42:09,24.0,47900,24.05,D
sz002517,恺英网络,2025-10-21 10:42:12,24.0,48500,24.0,D
sz002517,恺英网络,2025-10-21 10:42:15,24.0,27800,24.0,U
sz002517,恺英网络,2025-10-21 10:42:18,24.02,19300,24.0,U
sz002517,恺英网络,2025-10-21 10:42:27,23.99,10900,24.01,D
sz002517,恺英网络,2025-10-21 10:42:33,23.98,102300,24.0,D
sz002517,恺英网络,2025-10-21 10:42:36,23.96,18500,23.98,D
sz002517,恺英网络,2025-10-21 10:42:39,23.95,24900,23.96,D
sz002517,恺英网络,2025-10-21 10:42:42,23.96,15500,23.95,E
sz002517,恺英网络,2025-10-21 10:42:54,23.95,45800,23.96,D
sz002517,恺英网络,2025-10-21 10:43:03,23.97,30300,23.94,U
sz002517,恺英网络,2025-10-21 10:43:15,24.06,43400,24.0,U
sz002517,恺英网络,2025-10-21 10:43:36,24.02,27700,24.02,D
sz002517,恺英网络,2025-10-21 10:43:42,24.04,14600,24.02,U
sz002517,恺英网络,2025-10-21 10:43:51,24.06,20800,24.04,U
sz002517,恺英网络,2025-10-21 10:44:03,24.04,20500,24.04,E
sz002517,恺英网络,2025-10-21 10:44:09,24.04,44800,24.04,U
sz002517,恺英网络,2025-10-21 10:44:15,24.06,16300,24.03,U
sz002517,恺英网络,2025-10-21 10:44:33,24.03,18000,24.05,D
sz002517,恺英网络,2025-10-21 10:44:36,24.04,27500,24.03,U
sz002517,恺英网络,2025-10-21 10:44:39,24.04,9100,24.04,D
sz002517,恺英网络,2025-10-21 10:44:45,24.08,10800,24.04,U
sz002517,恺英网络,2025-10-21 10:45:00,24.04,15600,24.04,D
sz002517,恺英网络,2025-10-21 10:45:03,24.03,11700,24.04,D
sz002517,恺英网络,2025-10-21 10:45:12,24.05,8400,24.05,U
sz002517,恺英网络,2025-10-21 10:45:15,24.03,22700,24.05,E
sz002517,恺英网络,2025-10-21 10:45:24,24.03,12100,24.05,D
sz002517,恺英网络,2025-10-21 10:45:48,24.01,22800,24.02,D
sz002517,恺英网络,2025-10-21 10:45:54,24.02,20900,24.02,D
sz002517,恺英网络,2025-10-21 10:45:57,24.03,9200,24.02,U
sz002517,恺英网络,2025-10-21 10:46:33,24.1,53100,24.02,U
sz002517,恺英网络,2025-10-21 10:46:36,24.05,15700,24.1,E
sz002517,恺英网络,2025-10-21 10:47:54,24.02,11400,24.03,E
sz002517,恺英网络,2025-10-21 10:48:21,23.99,32200,24.0,D
sz002517,恺英网络,2025-10-21 10:48:30,24.0,9000,24.0,U
sz002517,恺英网络,2025-10-21 10:48:48,24.0,15700,24.01,D
sz002517,恺英网络,2025-10-21 10:48:54,24.0,12900,24.0,E
sz002517,恺英网络,2025-10-21 10:49:21,23.99,40200,23.99,E
sz002517,恺英网络,2025-10-21 10:49:39,23.95,11200,23.96,D
sz002517,恺英网络,2025-10-21 10:49:45,23.95,11700,23.96,D
sz002517,恺英网络,2025-10-21 10:50:00,23.94,56400,23.94,D
sz002517,恺英网络,2025-10-21 10:50:03,23.94,9000,23.94,U
sz002517,恺英网络,2025-10-21 10:50:18,23.93,13800,23.94,D
sz002517,恺英网络,2025-10-21 10:50:57,23.91,35400,23.92,D
sz002517,恺英网络,2025-10-21 10:51:00,23.9,27200,23.91,D
sz002517,恺英网络,2025-10-21 10:51:03,23.91,13900,23.9,U
sz002517,恺英网络,2025-10-21 10:51:06,23.9,25200,23.91,D
sz002517,恺英网络,2025-10-21 10:51:12,23.9,19200,23.9,D
sz002517,恺英网络,2025-10-21 10:51:33,23.91,12200,23.89,U
sz002517,恺英网络,2025-10-21 10:51:48,23.88,41400,23.89,D
sz002517,恺英网络,2025-10-21 10:52:06,23.86,9300,23.86,U
sz002517,恺英网络,2025-10-21 10:52:09,23.87,17800,23.86,U
sz002517,恺英网络,2025-10-21 10:52:18,23.89,11400,23.89,U
sz002517,恺英网络,2025-10-21 10:52:24,23.89,22400,23.89,U
sz002517,恺英网络,2025-10-21 10:52:30,23.84,22400,23.86,D
sz002517,恺英网络,2025-10-21 10:52:33,23.83,24200,23.84,D
sz002517,恺英网络,2025-10-21 10:52:36,23.81,101900,23.83,D
sz002517,恺英网络,2025-10-21 10:52:39,23.81,13500,23.81,U
sz002517,恺英网络,2025-10-21 10:53:27,23.88,36400,23.88,U
sz002517,恺英网络,2025-10-21 10:53:36,23.9,10400,23.9,E
sz002517,恺英网络,2025-10-21 10:53:48,23.91,22100,23.91,U
sz002517,恺英网络,2025-10-21 10:54:03,23.91,11200,23.91,U
sz002517,恺英网络,2025-10-21 10:54:18,23.91,11500,23.91,U
sz002517,恺英网络,2025-10-21 10:54:33,23.9,10200,23.93,D
sz002517,恺英网络,2025-10-21 10:55:03,23.91,18000,23.91,U
sz002517,恺英网络,2025-10-21 10:56:39,23.9,16600,23.91,D
sz002517,恺英网络,2025-10-21 10:56:54,23.89,9700,23.9,D
sz002517,恺英网络,2025-10-21 10:57:00,23.87,30000,23.88,D
sz002517,恺英网络,2025-10-21 10:57:12,23.88,14000,23.86,U
sz002517,恺英网络,2025-10-21 10:58:00,23.87,9600,23.87,U
sz002517,恺英网络,2025-10-21 10:58:15,23.86,8800,23.87,D
sz002517,恺英网络,2025-10-21 10:59:24,23.89,10000,23.89,U
sz002517,恺英网络,2025-10-21 11:00:00,23.89,9500,23.9,D
sz002517,恺英网络,2025-10-21 11:00:27,23.92,29500,23.9,U
sz002517,恺英网络,2025-10-21 11:01:03,23.9,19100,23.9,D
sz002517,恺英网络,2025-10-21 11:01:12,23.91,12300,23.91,U
sz002517,恺英网络,2025-10-21 11:02:06,23.95,10200,23.95,U
sz002517,恺英网络,2025-10-21 11:02:30,23.95,41500,23.95,D
sz002517,恺英网络,2025-10-21 11:02:33,23.95,12500,23.95,U
sz002517,恺英网络,2025-10-21 11:03:09,23.99,12900,23.98,U
sz002517,恺英网络,2025-10-21 11:05:06,23.98,13100,23.96,U
sz002517,恺英网络,2025-10-21 11:05:09,23.96,15900,23.98,D
sz002517,恺英网络,2025-10-21 11:06:42,23.95,12700,23.96,D
sz002517,恺英网络,2025-10-21 11:06:48,23.99,51000,23.95,U
sz002517,恺英网络,2025-10-21 11:06:51,24.0,53400,23.99,U
sz002517,恺英网络,2025-10-21 11:07:18,24.0,19200,24.02,D
sz002517,恺英网络,2025-10-21 11:07:51,24.01,42000,24.02,D
sz002517,恺英网络,2025-10-21 11:08:03,24.0,14500,24.0,D
sz002517,恺英网络,2025-10-21 11:08:06,23.97,106700,24.0,D
sz002517,恺英网络,2025-10-21 11:08:09,23.92,55300,23.97,D
sz002517,恺英网络,2025-10-21 11:10:51,23.99,8500,23.99,D
sz002517,恺英网络,2025-10-21 11:11:30,23.99,45400,24.0,D
sz002517,恺英网络,2025-10-21 11:12:42,24.0,13200,23.99,U
sz002517,恺英网络,2025-10-21 11:13:06,24.01,9000,23.99,U
sz002517,恺英网络,2025-10-21 11:13:12,23.98,54700,24.01,D
sz002517,恺英网络,2025-10-21 11:14:15,24.06,10600,24.06,U
sz002517,恺英网络,2025-10-21 11:14:54,24.01,17400,24.04,D
sz002517,恺英网络,2025-10-21 11:15:27,24.04,8500,24.03,U
sz002517,恺英网络,2025-10-21 11:15:36,24.05,8800,24.03,U
sz002517,恺英网络,2025-10-21 11:15:39,24.11,84700,24.05,U
sz002517,恺英网络,2025-10-21 11:15:42,24.11,8400,24.11,E
sz002517,恺英网络,2025-10-21 11:15:45,24.14,12100,24.11,U
sz002517,恺英网络,2025-10-21 11:15:48,24.15,8400,24.14,U
sz002517,恺英网络,2025-10-21 11:15:51,24.14,22000,24.15,D
sz002517,恺英网络,2025-10-21 11:15:54,24.13,18900,24.14,D
sz002517,恺英网络,2025-10-21 11:16:00,24.13,11200,24.15,D
sz002517,恺英网络,2025-10-21 11:16:24,24.09,31500,24.1,E
sz002517,恺英网络,2025-10-21 11:16:27,24.12,16500,24.09,U
sz002517,恺英网络,2025-10-21 11:16:33,24.1,11200,24.12,D
sz002517,恺英网络,2025-10-21 11:16:48,24.1,27200,24.11,E
sz002517,恺英网络,2025-10-21 11:16:51,24.11,51900,24.1,U
sz002517,恺英网络,2025-10-21 11:16:54,24.11,18400,24.11,U
sz002517,恺英网络,2025-10-21 11:16:57,24.11,8500,24.11,U
sz002517,恺英网络,2025-10-21 11:17:03,24.11,9400,24.12,D
sz002517,恺英网络,2025-10-21 11:17:12,24.12,20500,24.12,D
sz002517,恺英网络,2025-10-21 11:17:15,24.15,21600,24.12,U
sz002517,恺英网络,2025-10-21 11:17:21,24.16,8800,24.16,U
sz002517,恺英网络,2025-10-21 11:18:09,24.13,17200,24.14,D
sz002517,恺英网络,2025-10-21 11:18:12,24.13,10700,24.13,U
sz002517,恺英网络,2025-10-21 11:18:15,24.1,11400,24.13,D
sz002517,恺英网络,2025-10-21 11:18:48,24.15,9800,24.15,U
sz002517,恺英网络,2025-10-21 11:18:54,24.16,8600,24.15,U
sz002517,恺英网络,2025-10-21 11:19:03,24.16,8700,24.17,D
sz002517,恺英网络,2025-10-21 11:19:18,24.17,18500,24.17,U
sz002517,恺英网络,2025-10-21 11:20:06,24.13,11000,24.15,D
sz002517,恺英网络,2025-10-21 11:20:30,24.14,12200,24.13,U
sz002517,恺英网络,2025-10-21 11:20:36,24.15,11300,24.15,U
sz002517,恺英网络,2025-10-21 11:20:39,24.15,8700,24.15,U
sz002517,恺英网络,2025-10-21 11:21:24,24.15,16000,24.12,U
sz002517,恺英网络,2025-10-21 11:21:42,24.14,20600,24.16,D
sz002517,恺英网络,2025-10-21 11:22:06,24.16,10900,24.16,U
sz002517,恺英网络,2025-10-21 11:22:12,24.16,9400,24.16,U
sz002517,恺英网络,2025-10-21 11:22:24,24.16,15900,24.16,U
sz002517,恺英网络,2025-10-21 11:22:33,24.17,8600,24.16,U
sz002517,恺英网络,2025-10-21 11:22:54,24.16,8300,24.17,D
sz002517,恺英网络,2025-10-21 11:24:33,24.16,11100,24.16,U
sz002517,恺英网络,2025-10-21 11:24:42,24.17,8800,24.16,U
sz002517,恺英网络,2025-10-21 11:24:48,24.17,9800,24.17,U
sz002517,恺英网络,2025-10-21 11:25:03,24.16,18600,24.18,D
sz002517,恺英网络,2025-10-21 11:25:09,24.18,17000,24.18,U
sz002517,恺英网络,2025-10-21 11:25:39,24.17,17900,24.16,U
sz002517,恺英网络,2025-10-21 11:26:06,24.18,11800,24.16,U
sz002517,恺英网络,2025-10-21 11:26:27,24.18,22400,24.16,U
sz002517,恺英网络,2025-10-21 11:26:57,24.17,20500,24.17,E
sz002517,恺英网络,2025-10-21 11:27:18,24.18,18800,24.15,U
sz002517,恺英网络,2025-10-21 11:27:48,24.18,11700,24.18,U
sz002517,恺英网络,2025-10-21 11:28:06,24.19,13800,24.18,U
sz002517,恺英网络,2025-10-21 11:28:12,24.13,11000,24.15,D
sz002517,恺英网络,2025-10-21 11:28:18,24.13,24000,24.13,U
sz002517,恺英网络,2025-10-21 13:00:00,24.11,38800,24.11,U
sz002517,恺英网络,2025-10-21 13:00:03,24.09,53700,24.11,D
sz002517,恺英网络,2025-10-21 13:00:06,24.09,19600,24.09,U
sz002517,恺英网络,2025-10-21 13:00:09,24.08,21700,24.09,D
sz002517,恺英网络,2025-10-21 13:00:12,24.08,14400,24.08,U
sz002517,恺英网络,2025-10-21 13:00:15,24.09,27500,24.08,U
sz002517,恺英网络,2025-10-21 13:00:21,24.09,10900,24.09,D
sz002517,恺英网络,2025-10-21 13:00:27,24.1,10400,24.09,U
sz002517,恺英网络,2025-10-21 13:01:03,24.05,11000,24.07,D
sz002517,恺英网络,2025-10-21 13:01:18,24.05,46700,24.07,D
sz002517,恺英网络,2025-10-21 13:01:24,24.08,9800,24.08,U
sz002517,恺英网络,2025-10-21 13:02:03,24.06,28100,24.06,D
sz002517,恺英网络,2025-10-21 13:02:09,24.08,10800,24.06,U
sz002517,恺英网络,2025-10-21 13:02:30,24.11,12800,24.1,U
sz002517,恺英网络,2025-10-21 13:03:15,24.06,12500,24.1,D
sz002517,恺英网络,2025-10-21 13:05:09,24.06,17900,24.06,U
sz002517,恺英网络,2025-10-21 13:05:21,24.07,42600,24.05,U
sz002517,恺英网络,2025-10-21 13:05:27,24.08,10300,24.07,U
sz002517,恺英网络,2025-10-21 13:05:48,24.1,8800,24.09,U
sz002517,恺英网络,2025-10-21 13:05:51,24.1,11700,24.1,D
sz002517,恺英网络,2025-10-21 13:05:54,24.1,13000,24.1,U
sz002517,恺英网络,2025-10-21 13:07:33,24.13,15800,24.13,D
sz002517,恺英网络,2025-10-21 13:08:45,24.16,44000,24.14,U
sz002517,恺英网络,2025-10-21 13:08:48,24.16,9100,24.16,U
sz002517,恺英网络,2025-10-21 13:08:57,24.18,11100,24.18,U
sz002517,恺英网络,2025-10-21 13:09:03,24.19,20000,24.2,U
sz002517,恺英网络,2025-10-21 13:09:09,24.19,20100,24.2,U
sz002517,恺英网络,2025-10-21 13:09:15,24.2,10300,24.19,U
sz002517,恺英网络,2025-10-21 13:09:21,24.15,26200,24.18,D
sz002517,恺英网络,2025-10-21 13:09:27,24.17,15400,24.16,U
sz002517,恺英网络,2025-10-21 13:09:48,24.2,8600,24.2,U
sz002517,恺英网络,2025-10-21 13:09:51,24.2,11700,24.2,U
sz002517,恺英网络,2025-10-21 13:09:54,24.19,24300,24.2,D
sz002517,恺英网络,2025-10-21 13:10:03,24.17,10700,24.19,D
sz002517,恺英网络,2025-10-21 13:11:18,24.16,12700,24.16,U
sz002517,恺英网络,2025-10-21 13:11:42,24.15,11800,24.15,U
sz002517,恺英网络,2025-10-21 13:11:51,24.15,10300,24.14,U
sz002517,恺英网络,2025-10-21 13:12:03,24.15,23700,24.15,D
sz002517,恺英网络,2025-10-21 13:12:27,24.18,9600,24.16,U
sz002517,恺英网络,2025-10-21 13:12:30,24.16,10200,24.18,D
sz002517,恺英网络,2025-10-21 13:12:45,24.18,11700,24.18,U
sz002517,恺英网络,2025-10-21 13:12:48,24.16,112700,24.18,D
sz002517,恺英网络,2025-10-21 13:12:51,24.16,22500,24.16,D
sz002517,恺英网络,2025-10-21 13:13:03,24.14,22600,24.17,D
sz002517,恺英网络,2025-10-21 13:13:12,24.09,13900,24.11,D
sz002517,恺英网络,2025-10-21 13:13:36,24.14,93600,24.09,U
sz002517,恺英网络,2025-10-21 13:13:39,24.13,32200,24.14,E
sz002517,恺英网络,2025-10-21 13:13:45,24.13,8600,24.17,D
sz002517,恺英网络,2025-10-21 13:13:57,24.15,10700,24.13,U
sz002517,恺英网络,2025-10-21 13:14:00,24.19,30200,24.15,U
sz002517,恺英网络,2025-10-21 13:14:06,24.2,60600,24.2,U
sz002517,恺英网络,2025-10-21 13:14:09,24.22,33500,24.2,U
sz002517,恺英网络,2025-10-21 13:14:12,24.23,13400,24.22,U
sz002517,恺英网络,2025-10-21 13:14:21,24.21,14900,24.21,U
sz002517,恺英网络,2025-10-21 13:14:24,24.23,12000,24.21,U
sz002517,恺英网络,2025-10-21 13:14:27,24.25,33800,24.23,U
sz002517,恺英网络,2025-10-21 13:14:30,24.25,14600,24.25,D
sz002517,恺英网络,2025-10-21 13:14:39,24.28,19600,24.28,U
sz002517,恺英网络,2025-10-21 13:14:45,24.25,21500,24.28,D
sz002517,恺英网络,2025-10-21 13:14:48,24.25,61800,24.25,D
sz002517,恺英网络,2025-10-21 13:14:51,24.25,31400,24.25,U
sz002517,恺英网络,2025-10-21 13:14:57,24.25,8800,24.27,U
sz002517,恺英网络,2025-10-21 13:15:03,24.24,14600,24.25,D
sz002517,恺英网络,2025-10-21 13:15:06,24.25,10900,24.24,U
sz002517,恺英网络,2025-10-21 13:15:12,24.25,25900,24.22,U
sz002517,恺英网络,2025-10-21 13:15:18,24.22,9600,24.21,U
sz002517,恺英网络,2025-10-21 13:15:27,24.22,53800,24.22,D
sz002517,恺英网络,2025-10-21 13:15:33,24.22,35000,24.21,U
sz002517,恺英网络,2025-10-21 13:15:51,24.21,46300,24.19,U
sz002517,恺英网络,2025-10-21 13:15:54,24.3,296900,24.21,U
sz002517,恺英网络,2025-10-21 13:15:57,24.25,11000,24.3,D
sz002517,恺英网络,2025-10-21 13:16:03,24.3,33400,24.27,U
sz002517,恺英网络,2025-10-21 13:16:06,24.3,59300,24.3,U
sz002517,恺英网络,2025-10-21 13:16:09,24.3,16100,24.3,D
sz002517,恺英网络,2025-10-21 13:16:12,24.31,15400,24.3,E
sz002517,恺英网络,2025-10-21 13:16:15,24.3,17800,24.31,E
sz002517,恺英网络,2025-10-21 13:16:18,24.3,13000,24.3,U
sz002517,恺英网络,2025-10-21 13:16:33,24.31,34700,24.27,U
sz002517,恺英网络,2025-10-21 13:17:00,24.27,8900,24.28,U
sz002517,恺英网络,2025-10-21 13:17:03,24.32,48700,24.27,U
sz002517,恺英网络,2025-10-21 13:17:06,24.38,289800,24.32,U
sz002517,恺英网络,2025-10-21 13:17:12,24.36,9900,24.39,D
sz002517,恺英网络,2025-10-21 13:17:15,24.37,15300,24.36,E
sz002517,恺英网络,2025-10-21 13:17:18,24.37,21600,24.37,E
sz002517,恺英网络,2025-10-21 13:17:30,24.34,11600,24.36,D
sz002517,恺英网络,2025-10-21 13:17:33,24.36,23400,24.34,U
sz002517,恺英网络,2025-10-21 13:17:36,24.39,20200,24.36,E
sz002517,恺英网络,2025-10-21 13:17:42,24.39,10100,24.38,U
sz002517,恺英网络,2025-10-21 13:17:45,24.39,19100,24.39,U
sz002517,恺英网络,2025-10-21 13:17:48,24.4,22600,24.39,U
sz002517,恺英网络,2025-10-21 13:17:51,24.4,10700,24.4,U
sz002517,恺英网络,2025-10-21 13:17:54,24.39,15900,24.4,U
sz002517,恺英网络,2025-10-21 13:17:57,24.4,17500,24.39,U
sz002517,恺英网络,2025-10-21 13:18:00,24.4,15800,24.4,U
sz002517,恺英网络,2025-10-21 13:18:03,24.4,44500,24.4,U
sz002517,恺英网络,2025-10-21 13:18:06,24.4,31800,24.4,U
sz002517,恺英网络,2025-10-21 13:18:09,24.39,32600,24.4,D
sz002517,恺英网络,2025-10-21 13:18:12,24.41,19600,24.39,U
sz002517,恺英网络,2025-10-21 13:18:15,24.41,26300,24.41,U
sz002517,恺英网络,2025-10-21 13:18:18,24.42,17000,24.41,U
sz002517,恺英网络,2025-10-21 13:18:21,24.43,17200,24.42,U
sz002517,恺英网络,2025-10-21 13:18:30,24.41,12700,24.44,D
sz002517,恺英网络,2025-10-21 13:18:36,24.4,21000,24.43,D
sz002517,恺英网络,2025-10-21 13:18:39,24.41,62700,24.4,U
sz002517,恺英网络,2025-10-21 13:18:42,24.41,21300,24.41,U
sz002517,恺英网络,2025-10-21 13:18:48,24.4,11900,24.4,U
sz002517,恺英网络,2025-10-21 13:18:51,24.41,20100,24.4,U
sz002517,恺英网络,2025-10-21 13:18:54,24.4,17900,24.41,D
sz002517,恺英网络,2025-10-21 13:18:57,24.43,23200,24.4,U
sz002517,恺英网络,2025-10-21 13:19:00,24.4,20400,24.43,D
sz002517,恺英网络,2025-10-21 13:19:03,24.41,9900,24.4,U
sz002517,恺英网络,2025-10-21 13:19:06,24.4,26500,24.41,E
sz002517,恺英网络,2025-10-21 13:19:09,24.4,33500,24.4,D
sz002517,恺英网络,2025-10-21 13:19:12,24.41,8600,24.4,U
sz002517,恺英网络,2025-10-21 13:19:15,24.43,42000,24.41,U
sz002517,恺英网络,2025-10-21 13:19:18,24.42,35900,24.43,D
sz002517,恺英网络,2025-10-21 13:19:24,24.43,17400,24.42,U
sz002517,恺英网络,2025-10-21 13:19:27,24.43,28600,24.43,U
sz002517,恺英网络,2025-10-21 13:19:30,24.39,56600,24.43,D
sz002517,恺英网络,2025-10-21 13:19:33,24.39,17100,24.39,U
sz002517,恺英网络,2025-10-21 13:19:36,24.38,22000,24.39,E
sz002517,恺英网络,2025-10-21 13:19:39,24.39,27100,24.38,U
sz002517,恺英网络,2025-10-21 13:19:42,24.39,14600,24.39,U
sz002517,恺英网络,2025-10-21 13:19:48,24.35,17400,24.39,D
sz002517,恺英网络,2025-10-21 13:19:51,24.38,18400,24.35,U
sz002517,恺英网络,2025-10-21 13:19:54,24.38,9000,24.38,U
sz002517,恺英网络,2025-10-21 13:19:57,24.36,69200,24.38,E
sz002517,恺英网络,2025-10-21 13:20:00,24.35,10300,24.36,D
sz002517,恺英网络,2025-10-21 13:20:03,24.39,67500,24.35,U
sz002517,恺英网络,2025-10-21 13:20:06,24.39,20400,24.39,U
sz002517,恺英网络,2025-10-21 13:20:09,24.36,15200,24.39,D
sz002517,恺英网络,2025-10-21 13:20:12,24.39,9400,24.36,U
sz002517,恺英网络,2025-10-21 13:20:15,24.41,21800,24.39,U
sz002517,恺英网络,2025-10-21 13:20:18,24.41,18100,24.41,U
sz002517,恺英网络,2025-10-21 13:20:21,24.42,13600,24.41,U
sz002517,恺英网络,2025-10-21 13:20:24,24.4,38300,24.42,D
sz002517,恺英网络,2025-10-21 13:20:27,24.4,22100,24.4,E
sz002517,恺英网络,2025-10-21 13:20:33,24.39,14100,24.37,U
sz002517,恺英网络,2025-10-21 13:20:45,24.41,18000,24.38,U
sz002517,恺英网络,2025-10-21 13:20:54,24.39,12800,24.37,U
sz002517,恺英网络,2025-10-21 13:20:57,24.39,15700,24.39,U
sz002517,恺英网络,2025-10-21 13:21:03,24.39,30300,24.39,U
sz002517,恺英网络,2025-10-21 13:21:09,24.38,11300,24.38,D
sz002517,恺英网络,2025-10-21 13:21:12,24.39,9800,24.38,U
sz002517,恺英网络,2025-10-21 13:21:15,24.39,18800,24.39,U
sz002517,恺英网络,2025-10-21 13:21:21,24.38,17100,24.38,D
sz002517,恺英网络,2025-10-21 13:21:24,24.38,36800,24.38,D
sz002517,恺英网络,2025-10-21 13:21:27,24.39,10300,24.38,U
sz002517,恺英网络,2025-10-21 13:21:30,24.35,21300,24.39,D
sz002517,恺英网络,2025-10-21 13:21:33,24.37,23600,24.35,U
sz002517,恺英网络,2025-10-21 13:21:36,24.37,8600,24.37,U
sz002517,恺英网络,2025-10-21 13:21:45,24.37,9600,24.37,U
sz002517,恺英网络,2025-10-21 13:21:57,24.38,24600,24.35,U
sz002517,恺英网络,2025-10-21 13:22:00,24.36,24800,24.38,D
sz002517,恺英网络,2025-10-21 13:22:03,24.4,17900,24.36,U
sz002517,恺英网络,2025-10-21 13:22:06,24.4,15800,24.4,U
sz002517,恺英网络,2025-10-21 13:22:09,24.4,13300,24.4,U
sz002517,恺英网络,2025-10-21 13:22:15,24.41,27200,24.4,U
sz002517,恺英网络,2025-10-21 13:22:18,24.41,101700,24.41,U
sz002517,恺英网络,2025-10-21 13:22:21,24.41,8800,24.41,U
sz002517,恺英网络,2025-10-21 13:22:24,24.41,13000,24.41,U
sz002517,恺英网络,2025-10-21 13:22:27,24.41,18900,24.41,U
sz002517,恺英网络,2025-10-21 13:22:33,24.41,24300,24.41,U
sz002517,恺英网络,2025-10-21 13:22:39,24.34,29500,24.4,D
sz002517,恺英网络,2025-10-21 13:22:42,24.35,25100,24.34,E
sz002517,恺英网络,2025-10-21 13:23:00,24.4,18100,24.39,U
sz002517,恺英网络,2025-10-21 13:23:03,24.42,12700,24.4,U
sz002517,恺英网络,2025-10-21 13:23:06,24.42,35700,24.42,U
sz002517,恺英网络,2025-10-21 13:23:15,24.42,10400,24.42,E
sz002517,恺英网络,2025-10-21 13:23:18,24.42,15900,24.42,U
sz002517,恺英网络,2025-10-21 13:23:24,24.44,56500,24.42,U
sz002517,恺英网络,2025-10-21 13:23:27,24.45,12500,24.44,U
sz002517,恺英网络,2025-10-21 13:23:33,24.47,147200,24.45,U
sz002517,恺英网络,2025-10-21 13:23:36,24.44,31600,24.47,D
sz002517,恺英网络,2025-10-21 13:23:42,24.47,57200,24.47,U
sz002517,恺英网络,2025-10-21 13:23:45,24.47,12500,24.47,U
sz002517,恺英网络,2025-10-21 13:23:48,24.46,11000,24.47,D
sz002517,恺英网络,2025-10-21 13:23:54,24.43,65100,24.46,D
sz002517,恺英网络,2025-10-21 13:24:03,24.43,14800,24.44,U
sz002517,恺英网络,2025-10-21 13:24:09,24.38,8900,24.41,D
sz002517,恺英网络,2025-10-21 13:24:12,24.36,24400,24.38,D
sz002517,恺英网络,2025-10-21 13:24:15,24.41,26200,24.36,U
sz002517,恺英网络,2025-10-21 13:24:18,24.41,31600,24.41,U
sz002517,恺英网络,2025-10-21 13:24:24,24.39,8800,24.42,D
sz002517,恺英网络,2025-10-21 13:24:27,24.41,13900,24.39,U
sz002517,恺英网络,2025-10-21 13:24:30,24.4,9100,24.41,D
sz002517,恺英网络,2025-10-21 13:24:33,24.41,10300,24.4,U
sz002517,恺英网络,2025-10-21 13:24:36,24.4,8700,24.41,E
sz002517,恺英网络,2025-10-21 13:24:54,24.4,10700,24.37,U
sz002517,恺英网络,2025-10-21 13:24:57,24.39,10700,24.4,D
sz002517,恺英网络,2025-10-21 13:25:03,24.39,17700,24.39,U
sz002517,恺英网络,2025-10-21 13:25:06,24.4,11700,24.39,U
sz002517,恺英网络,2025-10-21 13:25:15,24.4,18300,24.4,U
sz002517,恺英网络,2025-10-21 13:25:21,24.32,23100,24.37,D
sz002517,恺英网络,2025-10-21 13:25:33,24.36,39600,24.35,U
sz002517,恺英网络,2025-10-21 13:25:36,24.38,8600,24.36,U
sz002517,恺英网络,2025-10-21 13:25:45,24.36,9200,24.36,D
sz002517,恺英网络,2025-10-21 13:25:48,24.36,11800,24.36,D
sz002517,恺英网络,2025-10-21 13:26:03,24.4,16200,24.42,D
sz002517,恺英网络,2025-10-21 13:26:06,24.45,26100,24.4,U
sz002517,恺英网络,2025-10-21 13:26:12,24.45,11500,24.4,U
sz002517,恺英网络,2025-10-21 13:26:15,24.45,14000,24.45,U
sz002517,恺英网络,2025-10-21 13:26:24,24.45,9600,24.45,U
sz002517,恺英网络,2025-10-21 13:26:27,24.47,10700,24.45,U
sz002517,恺英网络,2025-10-21 13:26:42,24.47,16400,24.46,U
sz002517,恺英网络,2025-10-21 13:26:45,24.47,19600,24.47,U
sz002517,恺英网络,2025-10-21 13:26:48,24.48,44300,24.47,U
sz002517,恺英网络,2025-10-21 13:26:51,24.48,9300,24.48,U
sz002517,恺英网络,2025-10-21 13:26:54,24.47,31300,24.48,D
sz002517,恺英网络,2025-10-21 13:26:57,24.48,27000,24.47,U
sz002517,恺英网络,2025-10-21 13:27:00,24.48,29900,24.48,D
sz002517,恺英网络,2025-10-21 13:27:03,24.47,26200,24.48,D
sz002517,恺英网络,2025-10-21 13:27:06,24.47,27200,24.47,D
sz002517,恺英网络,2025-10-21 13:27:09,24.43,33400,24.47,D
sz002517,恺英网络,2025-10-21 13:27:12,24.39,15900,24.43,D
sz002517,恺英网络,2025-10-21 13:27:15,24.39,14300,24.39,D
sz002517,恺英网络,2025-10-21 13:27:27,24.38,39300,24.42,D
sz002517,恺英网络,2025-10-21 13:27:30,24.4,35200,24.38,U
sz002517,恺英网络,2025-10-21 13:27:33,24.4,10400,24.4,D
sz002517,恺英网络,2025-10-21 13:27:36,24.41,8900,24.4,U
sz002517,恺英网络,2025-10-21 13:27:39,24.4,10000,24.41,E
sz002517,恺英网络,2025-10-21 13:27:48,24.38,59295,24.39,D
sz002517,恺英网络,2025-10-21 13:27:54,24.36,63895,24.37,D
sz002517,恺英网络,2025-10-21 13:28:00,24.32,24300,24.35,D
sz002517,恺英网络,2025-10-21 13:28:03,24.33,23600,24.32,U
sz002517,恺英网络,2025-10-21 13:28:15,24.35,9400,24.35,U
sz002517,恺英网络,2025-10-21 13:28:24,24.37,12400,24.35,E
sz002517,恺英网络,2025-10-21 13:28:27,24.38,15900,24.37,D
sz002517,恺英网络,2025-10-21 13:28:30,24.4,8300,24.38,U
sz002517,恺英网络,2025-10-21 13:28:36,24.44,9000,24.41,U
sz002517,恺英网络,2025-10-21 13:28:42,24.4,16100,24.38,D
sz002517,恺英网络,2025-10-21 13:28:45,24.47,18200,24.4,U
sz002517,恺英网络,2025-10-21 13:28:48,24.43,13500,24.47,E
sz002517,恺英网络,2025-10-21 13:28:57,24.44,11600,24.45,D
sz002517,恺英网络,2025-10-21 13:29:03,24.42,10600,24.43,D
sz002517,恺英网络,2025-10-21 13:29:12,24.47,13700,24.44,U
sz002517,恺英网络,2025-10-21 13:29:18,24.44,22900,24.47,D
sz002517,恺英网络,2025-10-21 13:29:27,24.43,12900,24.44,D
sz002517,恺英网络,2025-10-21 13:29:33,24.42,10700,24.43,E
sz002517,恺英网络,2025-10-21 13:29:36,24.45,10400,24.42,U
sz002517,恺英网络,2025-10-21 13:29:39,24.38,8300,24.45,D
sz002517,恺英网络,2025-10-21 13:29:42,24.46,15600,24.38,U
sz002517,恺英网络,2025-10-21 13:29:45,24.47,21800,24.46,U
sz002517,恺英网络,2025-10-21 13:29:48,24.41,26500,24.47,D
sz002517,恺英网络,2025-10-21 13:29:57,24.45,12400,24.45,U
sz002517,恺英网络,2025-10-21 13:30:03,24.43,11700,24.41,U
sz002517,恺英网络,2025-10-21 13:30:15,24.45,13400,24.45,U
sz002517,恺英网络,2025-10-21 13:30:18,24.43,14600,24.45,E
sz002517,恺英网络,2025-10-21 13:30:27,24.41,28400,24.41,D
sz002517,恺英网络,2025-10-21 13:30:33,24.41,17700,24.4,U
sz002517,恺英网络,2025-10-21 13:30:42,24.41,12800,24.4,U
sz002517,恺英网络,2025-10-21 13:30:48,24.41,13700,24.41,U
sz002517,恺英网络,2025-10-21 13:30:54,24.45,18700,24.43,U
sz002517,恺英网络,2025-10-21 13:30:57,24.45,14500,24.45,U
sz002517,恺英网络,2025-10-21 13:31:00,24.46,10200,24.45,U
sz002517,恺英网络,2025-10-21 13:31:06,24.47,8500,24.46,U
sz002517,恺英网络,2025-10-21 13:31:09,24.45,18800,24.47,D
sz002517,恺英网络,2025-10-21 13:31:15,24.45,25600,24.45,U
sz002517,恺英网络,2025-10-21 13:31:18,24.45,9000,24.45,D
sz002517,恺英网络,2025-10-21 13:31:33,24.45,11300,24.44,U
sz002517,恺英网络,2025-10-21 13:31:45,24.44,10300,24.44,U
sz002517,恺英网络,2025-10-21 13:31:54,24.47,8900,24.44,U
sz002517,恺英网络,2025-10-21 13:32:03,24.47,16800,24.45,U
sz002517,恺英网络,2025-10-21 13:32:27,24.46,12700,24.46,U
sz002517,恺英网络,2025-10-21 13:32:39,24.42,112700,24.46,D
sz002517,恺英网络,2025-10-21 13:32:42,24.43,8600,24.42,U
sz002517,恺英网络,2025-10-21 13:32:45,24.4,35103,24.43,D
sz002517,恺英网络,2025-10-21 13:32:48,24.41,8300,24.4,U
sz002517,恺英网络,2025-10-21 13:32:57,24.42,11500,24.4,U
sz002517,恺英网络,2025-10-21 13:33:09,24.39,51900,24.43,D
sz002517,恺英网络,2025-10-21 13:33:15,24.39,14303,24.38,U
sz002517,恺英网络,2025-10-21 13:33:18,24.44,30100,24.39,U
sz002517,恺英网络,2025-10-21 13:33:27,24.45,52600,24.42,U
sz002517,恺英网络,2025-10-21 13:33:33,24.43,8400,24.43,D
sz002517,恺英网络,2025-10-21 13:33:36,24.46,23700,24.43,U
sz002517,恺英网络,2025-10-21 13:33:39,24.48,27200,24.46,U
sz002517,恺英网络,2025-10-21 13:33:45,24.48,13100,24.48,U
sz002517,恺英网络,2025-10-21 13:33:48,24.48,34600,24.48,U
sz002517,恺英网络,2025-10-21 13:33:51,24.49,30000,24.48,U
sz002517,恺英网络,2025-10-21 13:33:54,24.48,13400,24.49,D
sz002517,恺英网络,2025-10-21 13:33:57,24.5,110300,24.48,U
sz002517,恺英网络,2025-10-21 13:34:00,24.5,33900,24.5,U
sz002517,恺英网络,2025-10-21 13:34:03,24.5,9500,24.5,U
sz002517,恺英网络,2025-10-21 13:34:06,24.48,17408,24.5,U
sz002517,恺英网络,2025-10-21 13:34:09,24.47,15200,24.48,D
sz002517,恺英网络,2025-10-21 13:34:12,24.45,12000,24.47,D
sz002517,恺英网络,2025-10-21 13:34:15,24.47,49092,24.45,U
sz002517,恺英网络,2025-10-21 13:34:18,24.45,14007,24.47,E
sz002517,恺英网络,2025-10-21 13:34:27,24.44,12800,24.42,U
sz002517,恺英网络,2025-10-21 13:34:45,24.44,8900,24.44,U
sz002517,恺英网络,2025-10-21 13:34:48,24.45,12000,24.44,U
sz002517,恺英网络,2025-10-21 13:34:51,24.45,9500,24.45,U
sz002517,恺英网络,2025-10-21 13:35:00,24.43,21300,24.46,D
sz002517,恺英网络,2025-10-21 13:35:03,24.39,50400,24.43,D
sz002517,恺英网络,2025-10-21 13:35:06,24.43,33900,24.39,U
sz002517,恺英网络,2025-10-21 13:35:09,24.44,14300,24.43,U
sz002517,恺英网络,2025-10-21 13:35:15,24.38,17100,24.43,D
sz002517,恺英网络,2025-10-21 13:35:18,24.46,12700,24.38,U
sz002517,恺英网络,2025-10-21 13:35:30,24.44,13800,24.44,U
sz002517,恺英网络,2025-10-21 13:35:39,24.46,14000,24.45,U
sz002517,恺英网络,2025-10-21 13:35:57,24.46,17700,24.45,U
sz002517,恺英网络,2025-10-21 13:36:03,24.47,12301,24.46,U
sz002517,恺英网络,2025-10-21 13:36:06,24.48,28400,24.47,U
sz002517,恺英网络,2025-10-21 13:36:09,24.49,11000,24.48,U
sz002517,恺英网络,2025-10-21 13:36:18,24.5,11801,24.49,U
sz002517,恺英网络,2025-10-21 13:36:21,24.5,10907,24.5,U
sz002517,恺英网络,2025-10-21 13:36:24,24.49,22592,24.5,D
sz002517,恺英网络,2025-10-21 13:36:30,24.48,26200,24.49,D
sz002517,恺英网络,2025-10-21 13:36:33,24.47,28800,24.48,D
sz002517,恺英网络,2025-10-21 13:36:36,24.47,11900,24.47,U
sz002517,恺英网络,2025-10-21 13:36:39,24.48,16806,24.47,U
sz002517,恺英网络,2025-10-21 13:36:48,24.45,12394,24.45,D
sz002517,恺英网络,2025-10-21 13:36:51,24.47,11800,24.45,U
sz002517,恺英网络,2025-10-21 13:37:00,24.44,17903,24.44,U
sz002517,恺英网络,2025-10-21 13:37:06,24.45,10997,24.44,U
sz002517,恺英网络,2025-10-21 13:37:15,24.42,42300,24.46,D
sz002517,恺英网络,2025-10-21 13:37:21,24.41,9800,24.42,E
sz002517,恺英网络,2025-10-21 13:37:30,24.43,8400,24.43,U
sz002517,恺英网络,2025-10-21 13:37:36,24.43,8400,24.4,U
sz002517,恺英网络,2025-10-21 13:37:39,24.43,11500,24.43,U
sz002517,恺英网络,2025-10-21 13:37:54,24.4,14800,24.42,D
sz002517,恺英网络,2025-10-21 13:37:57,24.4,13500,24.4,U
sz002517,恺英网络,2025-10-21 13:38:00,24.4,8900,24.4,U
sz002517,恺英网络,2025-10-21 13:38:03,24.4,18400,24.4,U
sz002517,恺英网络,2025-10-21 13:38:06,24.37,71100,24.4,D
sz002517,恺英网络,2025-10-21 13:38:09,24.37,14100,24.37,U
sz002517,恺英网络,2025-10-21 13:38:24,24.4,11200,24.35,U
sz002517,恺英网络,2025-10-21 13:38:27,24.4,43000,24.4,U
sz002517,恺英网络,2025-10-21 13:38:39,24.42,13300,24.4,U
sz002517,恺英网络,2025-10-21 13:38:48,24.36,13500,24.39,D
sz002517,恺英网络,2025-10-21 13:39:06,24.36,13000,24.36,D
sz002517,恺英网络,2025-10-21 13:39:09,24.38,22700,24.36,U
sz002517,恺英网络,2025-10-21 13:39:21,24.36,9100,24.35,U
sz002517,恺英网络,2025-10-21 13:39:30,24.37,19400,24.36,U
sz002517,恺英网络,2025-10-21 13:39:36,24.4,12800,24.37,U
sz002517,恺英网络,2025-10-21 13:39:39,24.37,16500,24.4,E
sz002517,恺英网络,2025-10-21 13:39:42,24.4,15400,24.37,U
sz002517,恺英网络,2025-10-21 13:39:48,24.4,9600,24.4,U
sz002517,恺英网络,2025-10-21 13:39:54,24.41,11800,24.4,U
sz002517,恺英网络,2025-10-21 13:40:06,24.38,9100,24.37,U
sz002517,恺英网络,2025-10-21 13:40:09,24.42,11900,24.38,U
sz002517,恺英网络,2025-10-21 13:40:12,24.42,10400,24.42,U
sz002517,恺英网络,2025-10-21 13:40:18,24.43,21900,24.42,U
sz002517,恺英网络,2025-10-21 13:40:30,24.4,28600,24.39,U
sz002517,恺英网络,2025-10-21 13:40:39,24.41,11100,24.39,U
sz002517,恺英网络,2025-10-21 13:40:45,24.41,8700,24.41,U
sz002517,恺英网络,2025-10-21 13:40:48,24.42,20600,24.41,U
sz002517,恺英网络,2025-10-21 13:40:54,24.38,11500,24.42,D
sz002517,恺英网络,2025-10-21 13:41:06,24.4,9200,24.42,U
sz002517,恺英网络,2025-10-21 13:41:15,24.41,9900,24.41,U
sz002517,恺英网络,2025-10-21 13:41:18,24.42,27500,24.41,U
sz002517,恺英网络,2025-10-21 13:41:21,24.43,14000,24.42,U
sz002517,恺英网络,2025-10-21 13:41:42,24.43,18200,24.44,E
sz002517,恺英网络,2025-10-21 13:41:45,24.41,9800,24.43,D
sz002517,恺英网络,2025-10-21 13:42:00,24.45,16400,24.42,U
sz002517,恺英网络,2025-10-21 13:42:06,24.44,14200,24.41,U
sz002517,恺英网络,2025-10-21 13:42:09,24.45,12800,24.44,U
sz002517,恺英网络,2025-10-21 13:42:21,24.45,9100,24.46,E
sz002517,恺英网络,2025-10-21 13:42:24,24.47,9500,24.45,U
sz002517,恺英网络,2025-10-21 13:42:27,24.48,11900,24.47,U
sz002517,恺英网络,2025-10-21 13:42:30,24.46,20900,24.48,E
sz002517,恺英网络,2025-10-21 13:42:36,24.48,13500,24.49,U
sz002517,恺英网络,2025-10-21 13:42:48,24.45,11394,24.47,D
sz002517,恺英网络,2025-10-21 13:43:06,24.44,23397,24.45,D
sz002517,恺英网络,2025-10-21 13:43:09,24.46,10000,24.44,U
sz002517,恺英网络,2025-10-21 13:43:21,24.46,8900,24.45,U
sz002517,恺英网络,2025-10-21 13:43:24,24.44,9200,24.46,E
sz002517,恺英网络,2025-10-21 13:43:36,24.44,8500,24.44,U
sz002517,恺英网络,2025-10-21 13:43:39,24.44,13000,24.44,U
sz002517,恺英网络,2025-10-21 13:44:00,24.47,15600,24.46,U
sz002517,恺英网络,2025-10-21 13:44:06,24.46,9500,24.45,U
sz002517,恺英网络,2025-10-21 13:44:09,24.48,9000,24.46,U
sz002517,恺英网络,2025-10-21 13:44:21,24.43,52200,24.43,D
sz002517,恺英网络,2025-10-21 13:44:33,24.42,33100,24.42,E
sz002517,恺英网络,2025-10-21 13:44:51,24.46,12600,24.45,U
sz002517,恺英网络,2025-10-21 13:44:57,24.45,51400,24.41,U
sz002517,恺英网络,2025-10-21 13:45:00,24.44,8800,24.45,D
sz002517,恺英网络,2025-10-21 13:45:03,24.41,11300,24.44,D
sz002517,恺英网络,2025-10-21 13:45:18,24.44,15700,24.4,U
sz002517,恺英网络,2025-10-21 13:45:21,24.39,11100,24.44,D
sz002517,恺英网络,2025-10-21 13:45:36,24.38,9700,24.39,D
sz002517,恺英网络,2025-10-21 13:45:39,24.4,10300,24.38,U
sz002517,恺英网络,2025-10-21 13:45:48,24.39,9300,24.4,D
sz002517,恺英网络,2025-10-21 13:45:57,24.39,9700,24.39,U
sz002517,恺英网络,2025-10-21 13:46:09,24.41,10300,24.42,E
sz002517,恺英网络,2025-10-21 13:46:18,24.44,17800,24.43,U
sz002517,恺英网络,2025-10-21 13:46:21,24.44,8600,24.44,U
sz002517,恺英网络,2025-10-21 13:46:27,24.44,10600,24.42,U
sz002517,恺英网络,2025-10-21 13:46:36,24.44,13300,24.4,U
sz002517,恺英网络,2025-10-21 13:46:39,24.44,9400,24.44,U
sz002517,恺英网络,2025-10-21 13:46:57,24.41,13700,24.4,U
sz002517,恺英网络,2025-10-21 13:47:18,24.45,12800,24.42,U
sz002517,恺英网络,2025-10-21 13:47:27,24.46,8900,24.45,U
sz002517,恺英网络,2025-10-21 13:47:36,24.43,35800,24.45,D
sz002517,恺英网络,2025-10-21 13:47:39,24.45,8300,24.43,U
sz002517,恺英网络,2025-10-21 13:47:42,24.44,15300,24.45,E
sz002517,恺英网络,2025-10-21 13:47:45,24.42,8300,24.44,D
sz002517,恺英网络,2025-10-21 13:47:51,24.43,10100,24.42,U
sz002517,恺英网络,2025-10-21 13:48:09,24.44,14600,24.44,U
sz002517,恺英网络,2025-10-21 13:48:12,24.42,9900,24.44,D
sz002517,恺英网络,2025-10-21 13:48:18,24.45,12900,24.45,U
sz002517,恺英网络,2025-10-21 13:48:27,24.47,14100,24.45,U
sz002517,恺英网络,2025-10-21 13:48:30,24.46,8400,24.47,U
sz002517,恺英网络,2025-10-21 13:48:48,24.48,15900,24.47,U
sz002517,恺英网络,2025-10-21 13:49:00,24.44,8800,24.45,D
sz002517,恺英网络,2025-10-21 13:49:03,24.42,14400,24.44,D
sz002517,恺英网络,2025-10-21 13:49:27,24.45,12900,24.44,U
sz002517,恺英网络,2025-10-21 13:49:39,24.47,13300,24.45,U
sz002517,恺英网络,2025-10-21 13:49:42,24.44,10600,24.47,U
sz002517,恺英网络,2025-10-21 13:49:54,24.47,16800,24.44,U
sz002517,恺英网络,2025-10-21 13:50:00,24.43,9000,24.46,D
sz002517,恺英网络,2025-10-21 13:50:21,24.41,9300,24.43,D
sz002517,恺英网络,2025-10-21 13:50:24,24.43,19000,24.41,U
sz002517,恺英网络,2025-10-21 13:50:27,24.42,16800,24.43,E
sz002517,恺英网络,2025-10-21 13:50:30,24.45,16700,24.42,U
sz002517,恺英网络,2025-10-21 13:50:36,24.42,9600,24.41,U
sz002517,恺英网络,2025-10-21 13:50:48,24.44,9600,24.43,U
sz002517,恺英网络,2025-10-21 13:50:51,24.43,9700,24.44,D
sz002517,恺英网络,2025-10-21 13:51:06,24.42,9300,24.42,D
sz002517,恺英网络,2025-10-21 13:51:18,24.42,11800,24.44,D
sz002517,恺英网络,2025-10-21 13:51:27,24.44,11800,24.44,U
sz002517,恺英网络,2025-10-21 13:51:36,24.44,16800,24.42,U
sz002517,恺英网络,2025-10-21 13:51:51,24.44,14400,24.43,U
sz002517,恺英网络,2025-10-21 13:52:06,24.45,12000,24.43,U
sz002517,恺英网络,2025-10-21 13:52:09,24.45,10100,24.45,U
sz002517,恺英网络,2025-10-21 13:52:18,24.45,11200,24.45,U
sz002517,恺英网络,2025-10-21 13:52:27,24.46,12300,24.43,U
sz002517,恺英网络,2025-10-21 13:52:42,24.45,8400,24.46,E
sz002517,恺英网络,2025-10-21 13:52:45,24.44,11301,24.45,D
sz002517,恺英网络,2025-10-21 13:52:57,24.47,13000,24.44,U
sz002517,恺英网络,2025-10-21 13:53:09,24.47,18100,24.46,U
sz002517,恺英网络,2025-10-21 13:53:12,24.47,12600,24.47,U
sz002517,恺英网络,2025-10-21 13:53:30,24.48,14300,24.48,U
sz002517,恺英网络,2025-10-21 13:53:36,24.48,23000,24.46,U
sz002517,恺英网络,2025-10-21 13:53:39,24.47,15101,24.48,E
sz002517,恺英网络,2025-10-21 13:53:48,24.46,24699,24.46,D
sz002517,恺英网络,2025-10-21 13:53:54,24.45,12104,24.45,U
sz002517,恺英网络,2025-10-21 13:54:00,24.44,25500,24.45,E
sz002517,恺英网络,2025-10-21 13:54:15,24.43,56500,24.42,U
sz002517,恺英网络,2025-10-21 13:54:18,24.37,27200,24.43,D
sz002517,恺英网络,2025-10-21 13:54:21,24.37,8900,24.37,D
sz002517,恺英网络,2025-10-21 13:54:27,24.38,9300,24.38,U
sz002517,恺英网络,2025-10-21 13:54:57,24.4,11200,24.39,E
sz002517,恺英网络,2025-10-21 13:55:03,24.38,8600,24.39,D
sz002517,恺英网络,2025-10-21 13:55:27,24.44,23500,24.46,E
sz002517,恺英网络,2025-10-21 13:55:36,24.46,10000,24.41,U
sz002517,恺英网络,2025-10-21 13:55:39,24.45,9600,24.46,U
sz002517,恺英网络,2025-10-21 13:55:57,24.45,13700,24.46,U
sz002517,恺英网络,2025-10-21 13:56:00,24.47,10400,24.45,U
sz002517,恺英网络,2025-10-21 13:56:36,24.47,14600,24.42,U
sz002517,恺英网络,2025-10-21 13:56:48,24.43,18100,24.47,D
sz002517,恺英网络,2025-10-21 13:56:57,24.48,13000,24.44,U
sz002517,恺英网络,2025-10-21 13:57:09,24.46,17900,24.47,E
sz002517,恺英网络,2025-10-21 13:57:15,24.43,23200,24.46,D
sz002517,恺英网络,2025-10-21 13:57:18,24.43,11102,24.43,U
sz002517,恺英网络,2025-10-21 13:57:21,24.41,8698,24.43,D
sz002517,恺英网络,2025-10-21 13:57:36,24.43,9300,24.4,U
sz002517,恺英网络,2025-10-21 13:57:57,24.44,10900,24.42,U
sz002517,恺英网络,2025-10-21 13:58:09,24.46,17500,24.44,U
sz002517,恺英网络,2025-10-21 13:58:15,24.47,10600,24.46,U
sz002517,恺英网络,2025-10-21 13:58:18,24.48,16000,24.47,U
sz002517,恺英网络,2025-10-21 13:58:33,24.48,30000,24.46,U
sz002517,恺英网络,2025-10-21 13:58:36,24.46,16500,24.48,U
sz002517,恺英网络,2025-10-21 13:58:51,24.44,8500,24.47,D
sz002517,恺英网络,2025-10-21 13:59:00,24.45,17002,24.44,U
sz002517,恺英网络,2025-10-21 13:59:06,24.46,8300,24.43,U
sz002517,恺英网络,2025-10-21 13:59:18,24.44,14700,24.45,D
sz002517,恺英网络,2025-10-21 13:59:39,24.48,9700,24.47,U
sz002517,恺英网络,2025-10-21 13:59:48,24.46,14100,24.46,U
sz002517,恺英网络,2025-10-21 13:59:54,24.46,12200,24.47,U
sz002517,恺英网络,2025-10-21 14:00:00,24.46,24600,24.46,U
sz002517,恺英网络,2025-10-21 14:00:03,24.45,8700,24.46,D
sz002517,恺英网络,2025-10-21 14:00:06,24.46,8500,24.45,U
sz002517,恺英网络,2025-10-21 14:00:09,24.47,12300,24.46,U
sz002517,恺英网络,2025-10-21 14:00:12,24.48,9300,24.47,U
sz002517,恺英网络,2025-10-21 14:00:18,24.46,11400,24.47,E
sz002517,恺英网络,2025-10-21 14:00:30,24.46,15203,24.46,U
sz002517,恺英网络,2025-10-21 14:00:33,24.45,12600,24.46,D
sz002517,恺英网络,2025-10-21 14:00:39,24.46,12201,24.46,U
sz002517,恺英网络,2025-10-21 14:00:54,24.48,10200,24.45,U
sz002517,恺英网络,2025-10-21 14:00:57,24.48,12100,24.48,U
sz002517,恺英网络,2025-10-21 14:01:18,24.48,9700,24.48,U
sz002517,恺英网络,2025-10-21 14:01:24,24.48,11500,24.48,U
sz002517,恺英网络,2025-10-21 14:01:27,24.48,11800,24.48,U
sz002517,恺英网络,2025-10-21 14:01:30,24.49,14304,24.48,U
sz002517,恺英网络,2025-10-21 14:01:39,24.48,16200,24.49,D
sz002517,恺英网络,2025-10-21 14:01:51,24.49,8500,24.49,U
sz002517,恺英网络,2025-10-21 14:01:54,24.48,13100,24.49,D
sz002517,恺英网络,2025-10-21 14:01:57,24.49,18695,24.48,U
sz002517,恺英网络,2025-10-21 14:02:00,24.48,10800,24.49,E
sz002517,恺英网络,2025-10-21 14:02:03,24.47,10900,24.48,D
sz002517,恺英网络,2025-10-21 14:02:09,24.49,10700,24.48,U
sz002517,恺英网络,2025-10-21 14:02:18,24.48,21500,24.49,D
sz002517,恺英网络,2025-10-21 14:02:27,24.48,11395,24.48,D
sz002517,恺英网络,2025-10-21 14:02:39,24.48,15500,24.47,U
sz002517,恺英网络,2025-10-21 14:02:45,24.47,11500,24.48,D
sz002517,恺英网络,2025-10-21 14:02:48,24.47,11000,24.47,U
sz002517,恺英网络,2025-10-21 14:02:57,24.47,11400,24.47,U
sz002517,恺英网络,2025-10-21 14:03:03,24.48,10000,24.48,U
sz002517,恺英网络,2025-10-21 14:03:21,24.47,24000,24.49,E
sz002517,恺英网络,2025-10-21 14:03:24,24.46,12300,24.47,D
sz002517,恺英网络,2025-10-21 14:03:36,24.48,8300,24.48,U
sz002517,恺英网络,2025-10-21 14:03:42,24.47,8500,24.48,D
sz002517,恺英网络,2025-10-21 14:03:45,24.49,9500,24.47,U
sz002517,恺英网络,2025-10-21 14:03:48,24.49,10800,24.49,U
sz002517,恺英网络,2025-10-21 14:03:51,24.48,10700,24.49,U
sz002517,恺英网络,2025-10-21 14:03:57,24.49,9600,24.46,U
sz002517,恺英网络,2025-10-21 14:04:00,24.48,13000,24.49,E
sz002517,恺英网络,2025-10-21 14:04:06,24.49,10700,24.48,U
sz002517,恺英网络,2025-10-21 14:04:27,24.5,10106,24.49,U
sz002517,恺英网络,2025-10-21 14:04:33,24.48,10794,24.5,D
sz002517,恺英网络,2025-10-21 14:04:36,24.48,8306,24.48,U
sz002517,恺英网络,2025-10-21 14:04:39,24.5,8300,24.48,U
sz002517,恺英网络,2025-10-21 14:04:48,24.5,21700,24.49,U
sz002517,恺英网络,2025-10-21 14:04:54,24.5,20800,24.49,U
sz002517,恺英网络,2025-10-21 14:04:57,24.5,8700,24.5,U
sz002517,恺英网络,2025-10-21 14:05:00,24.49,11100,24.5,D
sz002517,恺英网络,2025-10-21 14:05:03,24.49,22400,24.49,D
sz002517,恺英网络,2025-10-21 14:05:06,24.49,27500,24.49,U
sz002517,恺英网络,2025-10-21 14:05:15,24.5,9612,24.47,U
sz002517,恺英网络,2025-10-21 14:05:18,24.49,10688,24.5,D
sz002517,恺英网络,2025-10-21 14:05:21,24.5,168700,24.49,U
sz002517,恺英网络,2025-10-21 14:05:24,24.5,9400,24.5,U
sz002517,恺英网络,2025-10-21 14:05:27,24.5,30300,24.5,U
sz002517,恺英网络,2025-10-21 14:05:33,24.49,18512,24.49,U
sz002517,恺英网络,2025-10-21 14:05:36,24.5,62400,24.49,U
sz002517,恺英网络,2025-10-21 14:05:39,24.5,10300,24.5,U
sz002517,恺英网络,2025-10-21 14:05:42,24.52,100604,24.5,U
sz002517,恺英网络,2025-10-21 14:05:48,24.5,62400,24.52,D
sz002517,恺英网络,2025-10-21 14:05:51,24.53,24509,24.5,U
sz002517,恺英网络,2025-10-21 14:05:54,24.53,8700,24.53,U
sz002517,恺英网络,2025-10-21 14:05:57,24.54,36000,24.53,U
sz002517,恺英网络,2025-10-21 14:06:00,24.54,14500,24.54,U
sz002517,恺英网络,2025-10-21 14:06:03,24.52,35900,24.54,E
sz002517,恺英网络,2025-10-21 14:06:06,24.53,12212,24.52,U
sz002517,恺英网络,2025-10-21 14:06:09,24.53,70400,24.53,D
sz002517,恺英网络,2025-10-21 14:06:15,24.53,19100,24.53,D
sz002517,恺英网络,2025-10-21 14:06:18,24.54,8200,24.53,U
sz002517,恺英网络,2025-10-21 14:06:21,24.52,20000,24.54,E
sz002517,恺英网络,2025-10-21 14:06:24,24.5,9700,24.52,E
sz002517,恺英网络,2025-10-21 14:06:30,24.51,9007,24.51,U
sz002517,恺英网络,2025-10-21 14:06:39,24.52,9707,24.5,U
sz002517,恺英网络,2025-10-21 14:06:42,24.51,15000,24.52,E
sz002517,恺英网络,2025-10-21 14:06:48,24.5,9307,24.5,U
sz002517,恺英网络,2025-10-21 14:06:51,24.5,9700,24.5,D
sz002517,恺英网络,2025-10-21 14:06:54,24.51,9293,24.5,U
sz002517,恺英网络,2025-10-21 14:06:57,24.49,14600,24.51,D
sz002517,恺英网络,2025-10-21 14:07:18,24.53,21000,24.52,U
sz002517,恺英网络,2025-10-21 14:07:21,24.54,8600,24.53,U
sz002517,恺英网络,2025-10-21 14:07:24,24.49,24200,24.54,D
sz002517,恺英网络,2025-10-21 14:07:30,24.5,13000,24.51,D
sz002517,恺英网络,2025-10-21 14:07:33,24.48,24292,24.5,D
sz002517,恺英网络,2025-10-21 14:07:45,24.51,9200,24.51,U
sz002517,恺英网络,2025-10-21 14:07:48,24.53,11700,24.51,U
sz002517,恺英网络,2025-10-21 14:07:54,24.51,11100,24.51,U
sz002517,恺英网络,2025-10-21 14:07:57,24.53,34000,24.51,U
sz002517,恺英网络,2025-10-21 14:08:06,24.53,17200,24.53,U
sz002517,恺英网络,2025-10-21 14:08:09,24.52,36900,24.53,U
sz002517,恺英网络,2025-10-21 14:08:12,24.47,23807,24.52,D
sz002517,恺英网络,2025-10-21 14:08:18,24.45,26893,24.47,D
sz002517,恺英网络,2025-10-21 14:08:21,24.45,11400,24.45,U
sz002517,恺英网络,2025-10-21 14:08:24,24.44,10800,24.45,E
sz002517,恺英网络,2025-10-21 14:08:27,24.44,15400,24.44,U
sz002517,恺英网络,2025-10-21 14:08:36,24.44,14100,24.43,U
sz002517,恺英网络,2025-10-21 14:08:48,24.49,9900,24.48,U
sz002517,恺英网络,2025-10-21 14:08:57,24.49,10300,24.48,U
sz002517,恺英网络,2025-10-21 14:09:00,24.49,27116,24.49,U
sz002517,恺英网络,2025-10-21 14:09:03,24.49,14800,24.49,U
sz002517,恺英网络,2025-10-21 14:09:06,24.52,24700,24.49,U
sz002517,恺英网络,2025-10-21 14:09:15,24.52,19400,24.5,U
sz002517,恺英网络,2025-10-21 14:09:27,24.52,11500,24.51,U
sz002517,恺英网络,2025-10-21 14:09:30,24.51,8900,24.52,E
sz002517,恺英网络,2025-10-21 14:09:33,24.51,14000,24.51,U
sz002517,恺英网络,2025-10-21 14:09:48,24.46,15500,24.52,D
sz002517,恺英网络,2025-10-21 14:09:57,24.5,8900,24.51,E
sz002517,恺英网络,2025-10-21 14:10:12,24.48,26900,24.51,D
sz002517,恺英网络,2025-10-21 14:10:18,24.5,11500,24.5,U
sz002517,恺英网络,2025-10-21 14:10:24,24.47,16600,24.52,E
sz002517,恺英网络,2025-10-21 14:10:30,24.46,9300,24.47,E
sz002517,恺英网络,2025-10-21 14:10:33,24.47,12400,24.46,U
sz002517,恺英网络,2025-10-21 14:10:39,24.48,12600,24.49,E
sz002517,恺英网络,2025-10-21 14:10:48,24.46,13100,24.45,U
sz002517,恺英网络,2025-10-21 14:10:57,24.46,9600,24.44,U
sz002517,恺英网络,2025-10-21 14:11:00,24.45,19500,24.46,D
sz002517,恺英网络,2025-10-21 14:11:18,24.5,28800,24.48,U
sz002517,恺英网络,2025-10-21 14:11:36,24.47,9806,24.47,U
sz002517,恺英网络,2025-10-21 14:11:39,24.47,17800,24.47,U
sz002517,恺英网络,2025-10-21 14:11:51,24.44,22200,24.48,D
sz002517,恺英网络,2025-10-21 14:12:09,24.47,8605,24.46,U
sz002517,恺英网络,2025-10-21 14:12:15,24.49,35500,24.47,U
sz002517,恺英网络,2025-10-21 14:12:18,24.49,15100,24.49,U
sz002517,恺英网络,2025-10-21 14:12:27,24.48,15900,24.49,D
sz002517,恺英网络,2025-10-21 14:12:30,24.52,18400,24.48,U
sz002517,恺英网络,2025-10-21 14:12:36,24.52,8900,24.52,U
sz002517,恺英网络,2025-10-21 14:12:39,24.5,10400,24.52,E
sz002517,恺英网络,2025-10-21 14:12:48,24.53,11800,24.53,U
sz002517,恺英网络,2025-10-21 14:12:51,24.53,9400,24.53,U
sz002517,恺英网络,2025-10-21 14:12:57,24.53,13500,24.53,U
sz002517,恺英网络,2025-10-21 14:13:00,24.54,15800,24.53,U
sz002517,恺英网络,2025-10-21 14:13:03,24.51,8907,24.54,D
sz002517,恺英网络,2025-10-21 14:13:06,24.51,12793,24.51,D
sz002517,恺英网络,2025-10-21 14:13:09,24.51,15700,24.51,U
sz002517,恺英网络,2025-10-21 14:13:12,24.51,16000,24.51,U
sz002517,恺英网络,2025-10-21 14:13:15,24.51,12300,24.51,U
sz002517,恺英网络,2025-10-21 14:13:27,24.54,9700,24.5,U
sz002517,恺英网络,2025-10-21 14:13:30,24.54,12600,24.54,U
sz002517,恺英网络,2025-10-21 14:13:36,24.54,19500,24.52,U
sz002517,恺英网络,2025-10-21 14:13:39,24.54,24400,24.54,U
sz002517,恺英网络,2025-10-21 14:13:51,24.54,10900,24.53,U
sz002517,恺英网络,2025-10-21 14:14:09,24.54,17900,24.54,U
sz002517,恺英网络,2025-10-21 14:14:12,24.52,107900,24.54,E
sz002517,恺英网络,2025-10-21 14:14:18,24.55,8600,24.55,U
sz002517,恺英网络,2025-10-21 14:14:21,24.56,8900,24.55,U
sz002517,恺英网络,2025-10-21 14:14:24,24.55,12400,24.56,E
sz002517,恺英网络,2025-10-21 14:14:45,24.53,12292,24.56,D
sz002517,恺英网络,2025-10-21 14:14:48,24.52,21100,24.53,D
sz002517,恺英网络,2025-10-21 14:14:51,24.55,53400,24.52,U
sz002517,恺英网络,2025-10-21 14:15:00,24.51,9700,24.54,D
sz002517,恺英网络,2025-10-21 14:15:18,24.55,10900,24.51,U
sz002517,恺英网络,2025-10-21 14:15:36,24.54,11300,24.54,U
sz002517,恺英网络,2025-10-21 14:15:39,24.55,13908,24.54,U
sz002517,恺英网络,2025-10-21 14:15:48,24.53,21300,24.54,D
sz002517,恺英网络,2025-10-21 14:16:00,24.53,14200,24.56,D
sz002517,恺英网络,2025-10-21 14:16:03,24.52,22200,24.53,D
sz002517,恺英网络,2025-10-21 14:16:36,24.55,14200,24.53,U
sz002517,恺英网络,2025-10-21 14:16:45,24.56,11600,24.53,U
sz002517,恺英网络,2025-10-21 14:16:48,24.57,10800,24.56,U
sz002517,恺英网络,2025-10-21 14:17:00,24.56,9800,24.56,U
sz002517,恺英网络,2025-10-21 14:17:12,24.51,51292,24.56,D
sz002517,恺英网络,2025-10-21 14:17:15,24.5,36900,24.51,D
sz002517,恺英网络,2025-10-21 14:17:18,24.51,17300,24.5,U
sz002517,恺英网络,2025-10-21 14:17:39,24.52,9000,24.51,U
sz002517,恺英网络,2025-10-21 14:17:57,24.54,29900,24.52,U
sz002517,恺英网络,2025-10-21 14:18:27,24.55,13800,24.5,U
sz002517,恺英网络,2025-10-21 14:18:48,24.5,71900,24.5,D
sz002517,恺英网络,2025-10-21 14:19:06,24.53,13400,24.49,U
sz002517,恺英网络,2025-10-21 14:19:33,24.51,9300,24.5,E
sz002517,恺英网络,2025-10-21 14:19:36,24.51,8500,24.51,U
sz002517,恺英网络,2025-10-21 14:19:45,24.51,13000,24.51,U
sz002517,恺英网络,2025-10-21 14:19:48,24.54,19000,24.51,U
sz002517,恺英网络,2025-10-21 14:19:51,24.5,17200,24.54,D
sz002517,恺英网络,2025-10-21 14:20:00,24.49,67000,24.54,D
sz002517,恺英网络,2025-10-21 14:20:06,24.47,66900,24.49,D
sz002517,恺英网络,2025-10-21 14:20:21,24.46,9200,24.47,D
sz002517,恺英网络,2025-10-21 14:20:27,24.45,26800,24.47,D
sz002517,恺英网络,2025-10-21 14:20:30,24.46,12900,24.45,U
sz002517,恺英网络,2025-10-21 14:20:33,24.46,22900,24.46,U
sz002517,恺英网络,2025-10-21 14:20:39,24.46,34300,24.45,U
sz002517,恺英网络,2025-10-21 14:20:42,24.47,9000,24.46,U
sz002517,恺英网络,2025-10-21 14:20:45,24.5,46900,24.47,U
sz002517,恺英网络,2025-10-21 14:20:48,24.51,28100,24.5,U
sz002517,恺英网络,2025-10-21 14:20:51,24.51,8500,24.51,U
sz002517,恺英网络,2025-10-21 14:20:57,24.47,26400,24.52,D
sz002517,恺英网络,2025-10-21 14:21:03,24.52,46900,24.48,U
sz002517,恺英网络,2025-10-21 14:21:18,24.47,10900,24.47,D
sz002517,恺英网络,2025-10-21 14:21:24,24.52,29600,24.49,U
sz002517,恺英网络,2025-10-21 14:21:27,24.54,11100,24.52,U
sz002517,恺英网络,2025-10-21 14:21:36,24.53,11200,24.52,U
sz002517,恺英网络,2025-10-21 14:21:54,24.55,66800,24.54,U
sz002517,恺英网络,2025-10-21 14:21:57,24.57,64900,24.55,U
sz002517,恺英网络,2025-10-21 14:22:00,24.57,20600,24.57,U
sz002517,恺英网络,2025-10-21 14:22:15,24.56,11500,24.57,D
sz002517,恺英网络,2025-10-21 14:22:27,24.57,16866,24.57,U
sz002517,恺英网络,2025-10-21 14:22:33,24.59,78600,24.57,U
sz002517,恺英网络,2025-10-21 14:22:36,24.58,8700,24.59,D
sz002517,恺英网络,2025-10-21 14:22:45,24.59,11500,24.59,U
sz002517,恺英网络,2025-10-21 14:22:54,24.59,9100,24.59,U
sz002517,恺英网络,2025-10-21 14:22:57,24.59,21400,24.59,U
sz002517,恺英网络,2025-10-21 14:23:06,24.6,107700,24.6,U
sz002517,恺英网络,2025-10-21 14:23:09,24.62,20500,24.6,E
sz002517,恺英网络,2025-10-21 14:23:12,24.64,19700,24.62,U
sz002517,恺英网络,2025-10-21 14:23:15,24.64,10300,24.64,U
sz002517,恺英网络,2025-10-21 14:23:18,24.63,45200,24.64,D
sz002517,恺英网络,2025-10-21 14:23:21,24.62,15500,24.63,D
sz002517,恺英网络,2025-10-21 14:23:24,24.63,32500,24.62,U
sz002517,恺英网络,2025-10-21 14:23:30,24.61,29400,24.63,D
sz002517,恺英网络,2025-10-21 14:23:33,24.61,25700,24.61,D
sz002517,恺英网络,2025-10-21 14:23:36,24.62,86100,24.61,U
sz002517,恺英网络,2025-10-21 14:23:39,24.61,16500,24.62,E
sz002517,恺英网络,2025-10-21 14:23:42,24.58,15000,24.61,D
sz002517,恺英网络,2025-10-21 14:23:45,24.59,10700,24.58,U
sz002517,恺英网络,2025-10-21 14:23:48,24.59,40600,24.59,U
sz002517,恺英网络,2025-10-21 14:23:57,24.64,13000,24.6,U
sz002517,恺英网络,2025-10-21 14:24:15,24.62,13800,24.62,U
sz002517,恺英网络,2025-10-21 14:24:18,24.62,8300,24.62,D
sz002517,恺英网络,2025-10-21 14:24:27,24.63,36100,24.63,U
sz002517,恺英网络,2025-10-21 14:24:30,24.63,18300,24.63,U
sz002517,恺英网络,2025-10-21 14:24:36,24.64,18600,24.63,U
sz002517,恺英网络,2025-10-21 14:24:39,24.65,28000,24.64,U
sz002517,恺英网络,2025-10-21 14:24:42,24.62,11100,24.65,D
sz002517,恺英网络,2025-10-21 14:24:45,24.64,15500,24.62,U
sz002517,恺英网络,2025-10-21 14:24:48,24.62,21200,24.64,D
sz002517,恺英网络,2025-10-21 14:24:51,24.65,16500,24.62,U
sz002517,恺英网络,2025-10-21 14:24:54,24.65,21400,24.65,U
sz002517,恺英网络,2025-10-21 14:24:57,24.65,10000,24.65,U
sz002517,恺英网络,2025-10-21 14:25:03,24.66,8200,24.65,U
sz002517,恺英网络,2025-10-21 14:25:06,24.66,25900,24.66,U
sz002517,恺英网络,2025-10-21 14:25:09,24.66,16900,24.66,U
sz002517,恺英网络,2025-10-21 14:25:12,24.67,38800,24.66,U
sz002517,恺英网络,2025-10-21 14:25:15,24.68,24900,24.67,U
sz002517,恺英网络,2025-10-21 14:25:18,24.68,14800,24.68,U
sz002517,恺英网络,2025-10-21 14:25:21,24.67,27000,24.68,D
sz002517,恺英网络,2025-10-21 14:25:24,24.69,23200,24.67,U
sz002517,恺英网络,2025-10-21 14:25:27,24.69,25700,24.69,U
sz002517,恺英网络,2025-10-21 14:25:30,24.69,10800,24.69,U
sz002517,恺英网络,2025-10-21 14:25:33,24.68,35800,24.69,D
sz002517,恺英网络,2025-10-21 14:25:36,24.68,74700,24.68,D
sz002517,恺英网络,2025-10-21 14:25:39,24.7,24200,24.68,U
sz002517,恺英网络,2025-10-21 14:25:42,24.66,79200,24.7,D
sz002517,恺英网络,2025-10-21 14:25:45,24.66,31800,24.66,E
sz002517,恺英网络,2025-10-21 14:25:48,24.66,17100,24.66,D
sz002517,恺英网络,2025-10-21 14:25:51,24.68,12600,24.66,E
sz002517,恺英网络,2025-10-21 14:25:54,24.68,22700,24.68,D
sz002517,恺英网络,2025-10-21 14:25:57,24.69,9900,24.68,U
sz002517,恺英网络,2025-10-21 14:26:00,24.69,11100,24.69,D
sz002517,恺英网络,2025-10-21 14:26:03,24.69,30800,24.69,U
sz002517,恺英网络,2025-10-21 14:26:06,24.69,36200,24.69,U
sz002517,恺英网络,2025-10-21 14:26:09,24.68,14100,24.69,E
sz002517,恺英网络,2025-10-21 14:26:12,24.69,110500,24.68,U
sz002517,恺英网络,2025-10-21 14:26:15,24.7,21400,24.69,U
sz002517,恺英网络,2025-10-21 14:26:18,24.7,84600,24.7,U
sz002517,恺英网络,2025-10-21 14:26:21,24.7,19500,24.7,D
sz002517,恺英网络,2025-10-21 14:26:24,24.71,20100,24.7,E
sz002517,恺英网络,2025-10-21 14:26:27,24.72,22400,24.71,U
sz002517,恺英网络,2025-10-21 14:26:30,24.72,89100,24.72,U
sz002517,恺英网络,2025-10-21 14:26:33,24.71,28300,24.72,E
sz002517,恺英网络,2025-10-21 14:26:36,24.72,30600,24.71,E
sz002517,恺英网络,2025-10-21 14:26:39,24.73,20900,24.72,U
sz002517,恺英网络,2025-10-21 14:26:42,24.74,14100,24.73,U
sz002517,恺英网络,2025-10-21 14:26:45,24.71,15300,24.74,E
sz002517,恺英网络,2025-10-21 14:26:48,24.74,61700,24.71,U
sz002517,恺英网络,2025-10-21 14:26:51,24.71,14200,24.74,U
sz002517,恺英网络,2025-10-21 14:26:54,24.73,13900,24.71,U
sz002517,恺英网络,2025-10-21 14:26:57,24.72,19200,24.73,E
sz002517,恺英网络,2025-10-21 14:27:03,24.72,13600,24.71,U
sz002517,恺英网络,2025-10-21 14:27:06,24.72,16200,24.72,U
sz002517,恺英网络,2025-10-21 14:27:09,24.71,8200,24.72,E
sz002517,恺英网络,2025-10-21 14:27:12,24.7,27500,24.71,D
sz002517,恺英网络,2025-10-21 14:27:15,24.71,16900,24.7,U
sz002517,恺英网络,2025-10-21 14:27:18,24.69,23700,24.71,D
sz002517,恺英网络,2025-10-21 14:27:21,24.7,33600,24.69,U
sz002517,恺英网络,2025-10-21 14:27:24,24.73,17400,24.7,U
sz002517,恺英网络,2025-10-21 14:27:27,24.68,14000,24.73,D
sz002517,恺英网络,2025-10-21 14:27:30,24.67,26800,24.68,D
sz002517,恺英网络,2025-10-21 14:27:36,24.72,16800,24.68,U
sz002517,恺英网络,2025-10-21 14:27:39,24.7,11000,24.72,E
sz002517,恺英网络,2025-10-21 14:27:45,24.71,10800,24.7,U
sz002517,恺英网络,2025-10-21 14:27:51,24.69,9800,24.71,D
sz002517,恺英网络,2025-10-21 14:27:57,24.72,13300,24.72,U
sz002517,恺英网络,2025-10-21 14:28:00,24.69,61100,24.72,D
sz002517,恺英网络,2025-10-21 14:28:03,24.71,14900,24.69,U
sz002517,恺英网络,2025-10-21 14:28:06,24.68,18200,24.71,D
sz002517,恺英网络,2025-10-21 14:28:09,24.73,14200,24.68,U
sz002517,恺英网络,2025-10-21 14:28:12,24.7,18100,24.73,U
sz002517,恺英网络,2025-10-21 14:28:15,24.7,15800,24.7,U
sz002517,恺英网络,2025-10-21 14:28:21,24.7,27100,24.68,U
sz002517,恺英网络,2025-10-21 14:28:27,24.67,9800,24.7,D
sz002517,恺英网络,2025-10-21 14:28:30,24.67,14000,24.67,E
sz002517,恺英网络,2025-10-21 14:28:33,24.69,8300,24.67,E
sz002517,恺英网络,2025-10-21 14:28:36,24.7,20400,24.69,U
sz002517,恺英网络,2025-10-21 14:28:39,24.67,22300,24.7,E
sz002517,恺英网络,2025-10-21 14:28:45,24.7,11200,24.72,E
sz002517,恺英网络,2025-10-21 14:28:48,24.7,19300,24.7,U
sz002517,恺英网络,2025-10-21 14:28:51,24.7,21900,24.7,U
sz002517,恺英网络,2025-10-21 14:28:54,24.67,38800,24.7,D
sz002517,恺英网络,2025-10-21 14:28:57,24.65,27200,24.67,D
sz002517,恺英网络,2025-10-21 14:29:00,24.66,57600,24.65,E
sz002517,恺英网络,2025-10-21 14:29:03,24.7,20200,24.66,U
sz002517,恺英网络,2025-10-21 14:29:06,24.64,15100,24.7,D
sz002517,恺英网络,2025-10-21 14:29:09,24.7,9600,24.64,U
sz002517,恺英网络,2025-10-21 14:29:12,24.61,31500,24.7,D
sz002517,恺英网络,2025-10-21 14:29:15,24.69,29500,24.61,U
sz002517,恺英网络,2025-10-21 14:29:18,24.67,22200,24.69,E
sz002517,恺英网络,2025-10-21 14:29:21,24.63,17000,24.67,D
sz002517,恺英网络,2025-10-21 14:29:27,24.66,11700,24.63,U
sz002517,恺英网络,2025-10-21 14:29:36,24.66,10000,24.69,E
sz002517,恺英网络,2025-10-21 14:29:39,24.66,12800,24.66,D
sz002517,恺英网络,2025-10-21 14:29:42,24.7,8300,24.66,U
sz002517,恺英网络,2025-10-21 14:29:45,24.67,14700,24.7,D
sz002517,恺英网络,2025-10-21 14:29:54,24.71,9200,24.7,U
sz002517,恺英网络,2025-10-21 14:30:06,24.71,13900,24.7,U
sz002517,恺英网络,2025-10-21 14:30:09,24.68,14500,24.71,E
sz002517,恺英网络,2025-10-21 14:30:12,24.7,10600,24.68,U
sz002517,恺英网络,2025-10-21 14:30:15,24.71,24500,24.7,U
sz002517,恺英网络,2025-10-21 14:30:18,24.68,9300,24.71,D
sz002517,恺英网络,2025-10-21 14:30:21,24.65,35400,24.68,D
sz002517,恺英网络,2025-10-21 14:30:24,24.68,18700,24.65,U
sz002517,恺英网络,2025-10-21 14:30:27,24.66,18200,24.68,E
sz002517,恺英网络,2025-10-21 14:30:30,24.67,18500,24.66,U
sz002517,恺英网络,2025-10-21 14:30:33,24.66,18500,24.67,D
sz002517,恺英网络,2025-10-21 14:30:36,24.69,16500,24.66,U
sz002517,恺英网络,2025-10-21 14:30:39,24.7,18100,24.69,U
sz002517,恺英网络,2025-10-21 14:30:42,24.7,14800,24.7,U
sz002517,恺英网络,2025-10-21 14:30:45,24.72,23700,24.7,U
sz002517,恺英网络,2025-10-21 14:30:57,24.71,17900,24.7,U
sz002517,恺英网络,2025-10-21 14:31:00,24.68,20900,24.71,D
sz002517,恺英网络,2025-10-21 14:31:03,24.68,8700,24.68,D
sz002517,恺英网络,2025-10-21 14:31:06,24.66,30800,24.68,D
sz002517,恺英网络,2025-10-21 14:31:15,24.67,9700,24.67,U
sz002517,恺英网络,2025-10-21 14:31:18,24.66,15800,24.67,D
sz002517,恺英网络,2025-10-21 14:31:24,24.68,13300,24.67,U
sz002517,恺英网络,2025-10-21 14:31:27,24.66,12200,24.68,E
sz002517,恺英网络,2025-10-21 14:31:42,24.65,21500,24.66,D
sz002517,恺英网络,2025-10-21 14:31:45,24.65,18900,24.65,U
sz002517,恺英网络,2025-10-21 14:31:48,24.66,9700,24.65,E
sz002517,恺英网络,2025-10-21 14:31:51,24.64,19300,24.66,D
sz002517,恺英网络,2025-10-21 14:31:57,24.63,15600,24.64,D
sz002517,恺英网络,2025-10-21 14:32:06,24.65,8900,24.64,U
sz002517,恺英网络,2025-10-21 14:32:09,24.66,35400,24.65,U
sz002517,恺英网络,2025-10-21 14:32:12,24.68,26400,24.66,U
sz002517,恺英网络,2025-10-21 14:32:15,24.69,37400,24.68,U
sz002517,恺英网络,2025-10-21 14:32:27,24.67,13300,24.68,E
sz002517,恺英网络,2025-10-21 14:32:33,24.66,35100,24.68,D
sz002517,恺英网络,2025-10-21 14:32:42,24.67,10500,24.67,U
sz002517,恺英网络,2025-10-21 14:32:45,24.67,10900,24.67,U
sz002517,恺英网络,2025-10-21 14:32:48,24.67,9400,24.67,U
sz002517,恺英网络,2025-10-21 14:32:57,24.67,11000,24.66,U
sz002517,恺英网络,2025-10-21 14:33:03,24.67,8400,24.67,U
sz002517,恺英网络,2025-10-21 14:33:06,24.67,17000,24.67,E
sz002517,恺英网络,2025-10-21 14:33:12,24.7,11900,24.68,U
sz002517,恺英网络,2025-10-21 14:33:15,24.7,8800,24.7,U
sz002517,恺英网络,2025-10-21 14:33:18,24.7,10600,24.7,U
sz002517,恺英网络,2025-10-21 14:33:24,24.7,13400,24.68,U
sz002517,恺英网络,2025-10-21 14:33:27,24.7,13800,24.7,U
sz002517,恺英网络,2025-10-21 14:33:30,24.68,11900,24.7,E
sz002517,恺英网络,2025-10-21 14:33:42,24.69,10400,24.68,U
sz002517,恺英网络,2025-10-21 14:33:45,24.7,8300,24.69,U
sz002517,恺英网络,2025-10-21 14:33:54,24.7,16100,24.7,U
sz002517,恺英网络,2025-10-21 14:34:03,24.68,29100,24.69,D
sz002517,恺英网络,2025-10-21 14:34:09,24.66,10100,24.66,D
sz002517,恺英网络,2025-10-21 14:34:12,24.69,15500,24.66,U
sz002517,恺英网络,2025-10-21 14:34:15,24.66,16400,24.69,D
sz002517,恺英网络,2025-10-21 14:34:21,24.66,10000,24.65,U
sz002517,恺英网络,2025-10-21 14:34:33,24.67,11900,24.67,U
sz002517,恺英网络,2025-10-21 14:34:36,24.65,9100,24.67,D
sz002517,恺英网络,2025-10-21 14:34:39,24.67,8800,24.65,U
sz002517,恺英网络,2025-10-21 14:34:45,24.67,14400,24.66,U
sz002517,恺英网络,2025-10-21 14:34:54,24.64,38200,24.66,D
sz002517,恺英网络,2025-10-21 14:34:57,24.64,11900,24.64,U
sz002517,恺英网络,2025-10-21 14:35:03,24.65,18900,24.63,U
sz002517,恺英网络,2025-10-21 14:35:06,24.63,17500,24.65,D
sz002517,恺英网络,2025-10-21 14:35:15,24.67,18300,24.66,U
sz002517,恺英网络,2025-10-21 14:35:27,24.67,9200,24.67,U
sz002517,恺英网络,2025-10-21 14:35:42,24.69,10200,24.68,U
sz002517,恺英网络,2025-10-21 14:35:45,24.7,13600,24.69,U
sz002517,恺英网络,2025-10-21 14:35:57,24.69,11100,24.7,E
sz002517,恺英网络,2025-10-21 14:36:06,24.69,14900,24.7,U
sz002517,恺英网络,2025-10-21 14:36:12,24.7,8300,24.69,U
sz002517,恺英网络,2025-10-21 14:36:15,24.69,15100,24.7,E
sz002517,恺英网络,2025-10-21 14:36:18,24.68,13700,24.69,D
sz002517,恺英网络,2025-10-21 14:36:21,24.67,15200,24.68,D
sz002517,恺英网络,2025-10-21 14:36:24,24.66,24800,24.67,D
sz002517,恺英网络,2025-10-21 14:36:27,24.64,16800,24.66,D
sz002517,恺英网络,2025-10-21 14:36:54,24.69,10300,24.68,U
sz002517,恺英网络,2025-10-21 14:37:03,24.69,9100,24.66,U
sz002517,恺英网络,2025-10-21 14:37:06,24.67,14600,24.69,D
sz002517,恺英网络,2025-10-21 14:37:15,24.69,16900,24.67,U
sz002517,恺英网络,2025-10-21 14:37:18,24.7,8500,24.69,U
sz002517,恺英网络,2025-10-21 14:37:21,24.7,9000,24.7,U
sz002517,恺英网络,2025-10-21 14:37:24,24.7,11800,24.7,U
sz002517,恺英网络,2025-10-21 14:37:27,24.68,11400,24.7,D
sz002517,恺英网络,2025-10-21 14:37:30,24.69,8200,24.68,E
sz002517,恺英网络,2025-10-21 14:37:33,24.7,16900,24.69,U
sz002517,恺英网络,2025-10-21 14:37:45,24.7,9100,24.7,U
sz002517,恺英网络,2025-10-21 14:37:48,24.7,16200,24.7,U
sz002517,恺英网络,2025-10-21 14:37:51,24.7,18600,24.7,U
sz002517,恺英网络,2025-10-21 14:37:57,24.69,16400,24.69,E
sz002517,恺英网络,2025-10-21 14:38:03,24.69,8400,24.69,D
sz002517,恺英网络,2025-10-21 14:38:06,24.72,21700,24.69,U
sz002517,恺英网络,2025-10-21 14:38:12,24.72,10100,24.71,U
sz002517,恺英网络,2025-10-21 14:38:15,24.72,12100,24.72,U
sz002517,恺英网络,2025-10-21 14:38:27,24.72,11600,24.7,U
sz002517,恺英网络,2025-10-21 14:38:30,24.71,25300,24.72,D
sz002517,恺英网络,2025-10-21 14:38:33,24.72,39300,24.71,U
sz002517,恺英网络,2025-10-21 14:38:39,24.72,19900,24.71,U
sz002517,恺英网络,2025-10-21 14:38:45,24.71,22800,24.73,D
sz002517,恺英网络,2025-10-21 14:38:51,24.72,9300,24.71,U
sz002517,恺英网络,2025-10-21 14:38:54,24.7,45000,24.72,D
sz002517,恺英网络,2025-10-21 14:38:57,24.68,18000,24.7,D
sz002517,恺英网络,2025-10-21 14:39:00,24.68,8900,24.68,D
sz002517,恺英网络,2025-10-21 14:39:03,24.71,9800,24.68,U
sz002517,恺英网络,2025-10-21 14:39:30,24.72,9200,24.71,U
sz002517,恺英网络,2025-10-21 14:39:36,24.73,17500,24.72,U
sz002517,恺英网络,2025-10-21 14:39:39,24.71,10000,24.73,E
sz002517,恺英网络,2025-10-21 14:39:51,24.71,10700,24.71,D
sz002517,恺英网络,2025-10-21 14:39:57,24.73,8700,24.71,U
sz002517,恺英网络,2025-10-21 14:40:03,24.7,10400,24.7,D
sz002517,恺英网络,2025-10-21 14:40:06,24.74,17400,24.7,U
sz002517,恺英网络,2025-10-21 14:40:15,24.74,10000,24.74,U
sz002517,恺英网络,2025-10-21 14:40:18,24.72,35700,24.74,E
sz002517,恺英网络,2025-10-21 14:40:24,24.68,53100,24.7,D
sz002517,恺英网络,2025-10-21 14:40:30,24.69,20800,24.69,U
sz002517,恺英网络,2025-10-21 14:40:33,24.7,30500,24.69,U
sz002517,恺英网络,2025-10-21 14:40:36,24.71,8900,24.7,E
sz002517,恺英网络,2025-10-21 14:40:54,24.71,9200,24.71,D
sz002517,恺英网络,2025-10-21 14:41:06,24.73,19000,24.72,U
sz002517,恺英网络,2025-10-21 14:41:09,24.69,107600,24.73,D
sz002517,恺英网络,2025-10-21 14:41:12,24.67,70600,24.69,D
sz002517,恺英网络,2025-10-21 14:41:15,24.69,8200,24.67,U
sz002517,恺英网络,2025-10-21 14:41:42,24.7,13000,24.68,U
sz002517,恺英网络,2025-10-21 14:41:57,24.69,11900,24.71,D
sz002517,恺英网络,2025-10-21 14:42:00,24.69,27600,24.69,D
sz002517,恺英网络,2025-10-21 14:42:03,24.69,11500,24.69,D
sz002517,恺英网络,2025-10-21 14:42:06,24.71,29300,24.69,U
sz002517,恺英网络,2025-10-21 14:42:18,24.71,15100,24.72,D
sz002517,恺英网络,2025-10-21 14:42:39,24.71,27700,24.71,D
sz002517,恺英网络,2025-10-21 14:42:42,24.72,9800,24.71,E
sz002517,恺英网络,2025-10-21 14:42:48,24.71,17400,24.73,D
sz002517,恺英网络,2025-10-21 14:42:57,24.72,16300,24.73,D
sz002517,恺英网络,2025-10-21 14:43:00,24.71,18900,24.72,D
sz002517,恺英网络,2025-10-21 14:43:03,24.73,11800,24.71,U
sz002517,恺英网络,2025-10-21 14:43:06,24.72,25700,24.73,E
sz002517,恺英网络,2025-10-21 14:43:15,24.73,9800,24.72,U
sz002517,恺英网络,2025-10-21 14:43:21,24.73,11200,24.72,U
sz002517,恺英网络,2025-10-21 14:43:24,24.71,12400,24.73,D
sz002517,恺英网络,2025-10-21 14:43:27,24.71,16200,24.71,D
sz002517,恺英网络,2025-10-21 14:43:30,24.71,15000,24.71,D
sz002517,恺英网络,2025-10-21 14:43:33,24.71,23000,24.71,E
sz002517,恺英网络,2025-10-21 14:43:48,24.72,12500,24.72,U
sz002517,恺英网络,2025-10-21 14:43:54,24.72,54400,24.73,D
sz002517,恺英网络,2025-10-21 14:43:57,24.72,101500,24.72,U
sz002517,恺英网络,2025-10-21 14:44:06,24.73,9800,24.73,U
sz002517,恺英网络,2025-10-21 14:44:12,24.74,10800,24.73,U
sz002517,恺英网络,2025-10-21 14:44:15,24.74,11900,24.74,U
sz002517,恺英网络,2025-10-21 14:44:24,24.72,53500,24.72,D
sz002517,恺英网络,2025-10-21 14:44:30,24.72,30900,24.72,U
sz002517,恺英网络,2025-10-21 14:44:36,24.71,40400,24.71,D
sz002517,恺英网络,2025-10-21 14:44:42,24.7,9200,24.72,D
sz002517,恺英网络,2025-10-21 14:44:45,24.7,109200,24.7,D
sz002517,恺英网络,2025-10-21 14:44:48,24.7,8800,24.7,U
sz002517,恺英网络,2025-10-21 14:44:51,24.69,8800,24.7,D
sz002517,恺英网络,2025-10-21 14:44:57,24.68,24200,24.7,D
sz002517,恺英网络,2025-10-21 14:45:03,24.68,9000,24.68,D
sz002517,恺英网络,2025-10-21 14:45:12,24.68,9900,24.68,U
sz002517,恺英网络,2025-10-21 14:45:21,24.66,21500,24.68,D
sz002517,恺英网络,2025-10-21 14:45:27,24.65,23400,24.66,D
sz002517,恺英网络,2025-10-21 14:45:36,24.64,9600,24.63,U
sz002517,恺英网络,2025-10-21 14:45:45,24.63,44600,24.62,U
sz002517,恺英网络,2025-10-21 14:45:48,24.63,20000,24.63,U
sz002517,恺英网络,2025-10-21 14:45:57,24.63,13200,24.62,U
sz002517,恺英网络,2025-10-21 14:46:09,24.64,21400,24.63,U
sz002517,恺英网络,2025-10-21 14:46:12,24.67,43700,24.64,U
sz002517,恺英网络,2025-10-21 14:46:15,24.69,17500,24.67,U
sz002517,恺英网络,2025-10-21 14:46:18,24.69,22600,24.69,U
sz002517,恺英网络,2025-10-21 14:46:21,24.69,20100,24.69,D
sz002517,恺英网络,2025-10-21 14:46:27,24.68,23800,24.69,D
sz002517,恺英网络,2025-10-21 14:46:30,24.71,73700,24.68,U
sz002517,恺英网络,2025-10-21 14:46:33,24.71,26000,24.71,D
sz002517,恺英网络,2025-10-21 14:46:36,24.71,9296,24.71,D
sz002517,恺英网络,2025-10-21 14:46:42,24.71,8500,24.72,U
sz002517,恺英网络,2025-10-21 14:46:45,24.69,62800,24.71,D
sz002517,恺英网络,2025-10-21 14:46:48,24.71,18500,24.69,D
sz002517,恺英网络,2025-10-21 14:46:57,24.71,50100,24.7,U
sz002517,恺英网络,2025-10-21 14:47:00,24.73,14700,24.71,U
sz002517,恺英网络,2025-10-21 14:47:03,24.73,9100,24.73,D
sz002517,恺英网络,2025-10-21 14:47:06,24.71,19800,24.73,D
sz002517,恺英网络,2025-10-21 14:47:33,24.7,17000,24.7,U
sz002517,恺英网络,2025-10-21 14:47:39,24.7,8700,24.7,U
sz002517,恺英网络,2025-10-21 14:48:03,24.7,22700,24.7,D
sz002517,恺英网络,2025-10-21 14:48:06,24.7,25900,24.7,D
sz002517,恺英网络,2025-10-21 14:48:12,24.69,8400,24.69,D
sz002517,恺英网络,2025-10-21 14:48:27,24.68,8700,24.69,D
sz002517,恺英网络,2025-10-21 14:48:30,24.7,8107,24.68,U
sz002517,恺英网络,2025-10-21 14:48:48,24.7,10800,24.7,D
sz002517,恺英网络,2025-10-21 14:49:06,24.71,15800,24.72,D
sz002517,恺英网络,2025-10-21 14:49:24,24.7,9600,24.71,D
sz002517,恺英网络,2025-10-21 14:49:33,24.7,8900,24.71,D
sz002517,恺英网络,2025-10-21 14:49:45,24.7,8200,24.7,D
sz002517,恺英网络,2025-10-21 14:49:48,24.7,27800,24.7,D
sz002517,恺英网络,2025-10-21 14:49:51,24.7,10000,24.7,D
sz002517,恺英网络,2025-10-21 14:49:57,24.7,9500,24.7,D
sz002517,恺英网络,2025-10-21 14:50:00,24.69,25900,24.7,D
sz002517,恺英网络,2025-10-21 14:50:03,24.66,67900,24.69,D
sz002517,恺英网络,2025-10-21 14:50:06,24.65,19493,24.66,D
sz002517,恺英网络,2025-10-21 14:50:09,24.67,32200,24.65,U
sz002517,恺英网络,2025-10-21 14:50:12,24.66,14700,24.67,D
sz002517,恺英网络,2025-10-21 14:50:15,24.66,8500,24.66,U
sz002517,恺英网络,2025-10-21 14:50:18,24.62,20500,24.66,D
sz002517,恺英网络,2025-10-21 14:50:21,24.62,25600,24.62,D
sz002517,恺英网络,2025-10-21 14:50:24,24.66,11000,24.62,U
sz002517,恺英网络,2025-10-21 14:50:27,24.65,18900,24.66,E
sz002517,恺英网络,2025-10-21 14:50:30,24.64,28100,24.65,E
sz002517,恺英网络,2025-10-21 14:50:36,24.66,35800,24.65,U
sz002517,恺英网络,2025-10-21 14:50:42,24.65,8500,24.66,D
sz002517,恺英网络,2025-10-21 14:50:51,24.65,48300,24.66,D
sz002517,恺英网络,2025-10-21 14:51:03,24.66,45700,24.67,E
sz002517,恺英网络,2025-10-21 14:51:06,24.7,46300,24.66,U
sz002517,恺英网络,2025-10-21 14:51:09,24.67,10500,24.7,D
sz002517,恺英网络,2025-10-21 14:51:15,24.67,11400,24.66,E
sz002517,恺英网络,2025-10-21 14:51:36,24.65,35200,24.68,D
sz002517,恺英网络,2025-10-21 14:51:39,24.69,23600,24.65,U
sz002517,恺英网络,2025-10-21 14:52:06,24.68,12300,24.67,U
sz002517,恺英网络,2025-10-21 14:52:09,24.67,9700,24.68,D
sz002517,恺英网络,2025-10-21 14:52:21,24.69,29500,24.67,U
sz002517,恺英网络,2025-10-21 14:52:45,24.69,52900,24.69,U
sz002517,恺英网络,2025-10-21 14:52:48,24.69,30600,24.69,D
sz002517,恺英网络,2025-10-21 14:52:54,24.68,12600,24.68,D
sz002517,恺英网络,2025-10-21 14:53:03,24.69,11500,24.69,U
sz002517,恺英网络,2025-10-21 14:53:06,24.69,18800,24.69,D
sz002517,恺英网络,2025-10-21 14:53:24,24.68,11700,24.68,D
sz002517,恺英网络,2025-10-21 14:53:48,24.68,14300,24.68,D
sz002517,恺英网络,2025-10-21 14:54:06,24.68,13300,24.68,D
sz002517,恺英网络,2025-10-21 14:54:12,24.68,14300,24.69,D
sz002517,恺英网络,2025-10-21 14:54:15,24.68,10700,24.68,D
sz002517,恺英网络,2025-10-21 14:54:21,24.68,10700,24.68,D
sz002517,恺英网络,2025-10-21 14:54:33,24.69,10200,24.68,U
sz002517,恺英网络,2025-10-21 14:54:45,24.69,58200,24.69,U
sz002517,恺英网络,2025-10-21 14:54:51,24.7,27800,24.67,U
sz002517,恺英网络,2025-10-21 14:54:54,24.7,59100,24.7,D
sz002517,恺英网络,2025-10-21 14:55:00,24.74,61300,24.71,U
sz002517,恺英网络,2025-10-21 14:55:03,24.7,17300,24.74,D
sz002517,恺英网络,2025-10-21 14:55:09,24.69,72500,24.71,D
sz002517,恺英网络,2025-10-21 14:55:12,24.69,11600,24.69,D
sz002517,恺英网络,2025-10-21 14:55:15,24.69,18700,24.69,E
sz002517,恺英网络,2025-10-21 14:55:18,24.69,13800,24.69,D
sz002517,恺英网络,2025-10-21 14:55:21,24.69,17600,24.69,D
sz002517,恺英网络,2025-10-21 14:55:27,24.69,16800,24.69,U
sz002517,恺英网络,2025-10-21 14:55:30,24.7,14100,24.69,E
sz002517,恺英网络,2025-10-21 14:55:33,24.7,8300,24.7,U
sz002517,恺英网络,2025-10-21 14:55:36,24.7,11100,24.7,D
sz002517,恺英网络,2025-10-21 14:55:39,24.71,10400,24.7,U
sz002517,恺英网络,2025-10-21 14:55:42,24.71,17000,24.71,D
sz002517,恺英网络,2025-10-21 14:55:45,24.7,22600,24.71,E
sz002517,恺英网络,2025-10-21 14:55:48,24.73,18200,24.7,U
sz002517,恺英网络,2025-10-21 14:56:03,24.71,9100,24.73,D
sz002517,恺英网络,2025-10-21 14:56:09,24.7,11700,24.73,D
sz002517,恺英网络,2025-10-21 14:56:12,24.73,23500,24.7,U
sz002517,恺英网络,2025-10-21 14:56:24,24.7,9300,24.71,D
sz002517,恺英网络,2025-10-21 14:56:27,24.71,11800,24.7,E
sz002517,恺英网络,2025-10-21 14:56:30,24.72,14600,24.71,U
sz002517,恺英网络,2025-10-21 14:56:39,24.71,9600,24.71,U
sz002517,恺英网络,2025-10-21 14:56:42,24.7,10600,24.71,D
sz002517,恺英网络,2025-10-21 14:56:48,24.7,13200,24.72,D
sz002517,恺英网络,2025-10-21 15:00:00,24.69,535200,24.71,E
