symbol,name,ticktime,price,volume,prev_price,kind
sz002517,恺英网络,2025-09-24 09:25:00,27.44,164500,0.0,D
sz002517,恺英网络,2025-09-24 09:30:00,27.23,67900,27.44,D
sz002517,恺英网络,2025-09-24 09:30:03,27.3,96200,27.23,U
sz002517,恺英网络,2025-09-24 09:30:06,27.21,45300,27.3,D
sz002517,恺英网络,2025-09-24 09:30:09,27.13,35300,27.21,E
sz002517,恺英网络,2025-09-24 09:30:12,27.21,14700,27.13,U
sz002517,恺英网络,2025-09-24 09:30:15,27.25,26000,27.21,E
sz002517,恺英网络,2025-09-24 09:30:18,27.24,24000,27.25,E
sz002517,恺英网络,2025-09-24 09:30:21,27.21,19300,27.24,D
sz002517,恺英网络,2025-09-24 09:30:24,27.2,18000,27.21,D
sz002517,恺英网络,2025-09-24 09:30:27,27.2,62000,27.2,D
sz002517,恺英网络,2025-09-24 09:30:30,27.13,16000,27.2,D
sz002517,恺英网络,2025-09-24 09:30:33,27.18,22400,27.13,U
sz002517,恺英网络,2025-09-24 09:30:36,27.21,67400,27.18,D
sz002517,恺英网络,2025-09-24 09:30:39,27.26,59200,27.21,U
sz002517,恺英网络,2025-09-24 09:30:42,27.18,79300,27.26,D
sz002517,恺英网络,2025-09-24 09:30:45,27.09,30500,27.18,D
sz002517,恺英网络,2025-09-24 09:30:48,27.12,30100,27.09,U
sz002517,恺英网络,2025-09-24 09:30:51,27.05,107200,27.12,D
sz002517,恺英网络,2025-09-24 09:30:54,27.15,23700,27.05,E
sz002517,恺英网络,2025-09-24 09:30:57,27.05,70600,27.15,D
sz002517,恺英网络,2025-09-24 09:31:00,26.99,41500,27.05,D
sz002517,恺英网络,2025-09-24 09:31:03,26.95,47700,26.99,D
sz002517,恺英网络,2025-09-24 09:31:06,26.99,49700,26.95,U
sz002517,恺英网络,2025-09-24 09:31:09,26.99,11700,26.99,D
sz002517,恺英网络,2025-09-24 09:31:12,27.01,25200,26.99,E
sz002517,恺英网络,2025-09-24 09:31:15,27.03,47900,27.01,E
sz002517,恺英网络,2025-09-24 09:31:18,27.04,27600,27.03,U
sz002517,恺英网络,2025-09-24 09:31:21,27.04,31700,27.04,E
sz002517,恺英网络,2025-09-24 09:31:24,27.01,21900,27.04,D
sz002517,恺英网络,2025-09-24 09:31:27,27.01,53800,27.01,D
sz002517,恺英网络,2025-09-24 09:31:30,27.01,29700,27.01,U
sz002517,恺英网络,2025-09-24 09:31:33,27.05,42400,27.01,U
sz002517,恺英网络,2025-09-24 09:31:36,27.08,15500,27.05,U
sz002517,恺英网络,2025-09-24 09:31:39,27.12,45900,27.08,U
sz002517,恺英网络,2025-09-24 09:31:42,27.06,8900,27.12,D
sz002517,恺英网络,2025-09-24 09:31:45,27.15,58100,27.06,U
sz002517,恺英网络,2025-09-24 09:31:48,27.12,27900,27.15,D
sz002517,恺英网络,2025-09-24 09:31:51,27.14,12100,27.12,U
sz002517,恺英网络,2025-09-24 09:31:54,27.14,8300,27.14,U
sz002517,恺英网络,2025-09-24 09:31:57,27.14,11000,27.14,D
sz002517,恺英网络,2025-09-24 09:32:00,27.06,54700,27.14,D
sz002517,恺英网络,2025-09-24 09:32:03,27.07,46400,27.06,U
sz002517,恺英网络,2025-09-24 09:32:06,27.06,26300,27.07,D
sz002517,恺英网络,2025-09-24 09:32:09,27.02,18800,27.06,D
sz002517,恺英网络,2025-09-24 09:32:12,26.98,41200,27.02,D
sz002517,恺英网络,2025-09-24 09:32:15,26.95,24900,26.98,D
sz002517,恺英网络,2025-09-24 09:32:18,26.98,12700,26.95,U
sz002517,恺英网络,2025-09-24 09:32:21,26.98,19400,26.98,U
sz002517,恺英网络,2025-09-24 09:32:24,26.98,23000,26.98,D
sz002517,恺英网络,2025-09-24 09:32:27,26.98,21900,26.98,D
sz002517,恺英网络,2025-09-24 09:32:30,26.96,13200,26.98,D
sz002517,恺英网络,2025-09-24 09:32:33,26.96,97500,26.96,U
sz002517,恺英网络,2025-09-24 09:32:36,26.95,11400,26.96,E
sz002517,恺英网络,2025-09-24 09:32:39,26.96,22700,26.95,U
sz002517,恺英网络,2025-09-24 09:32:42,26.96,13000,26.96,D
sz002517,恺英网络,2025-09-24 09:32:45,26.96,58900,26.96,D
sz002517,恺英网络,2025-09-24 09:32:48,26.97,9500,26.96,E
sz002517,恺英网络,2025-09-24 09:32:51,26.98,18800,26.97,U
sz002517,恺英网络,2025-09-24 09:32:54,26.96,30000,26.98,D
sz002517,恺英网络,2025-09-24 09:32:57,26.95,23200,26.96,D
sz002517,恺英网络,2025-09-24 09:33:00,26.95,23800,26.95,U
sz002517,恺英网络,2025-09-24 09:33:03,26.92,68600,26.95,D
sz002517,恺英网络,2025-09-24 09:33:06,26.93,37200,26.92,U
sz002517,恺英网络,2025-09-24 09:33:09,26.88,20700,26.93,D
sz002517,恺英网络,2025-09-24 09:33:12,26.87,12800,26.88,D
sz002517,恺英网络,2025-09-24 09:33:15,26.88,25500,26.87,U
sz002517,恺英网络,2025-09-24 09:33:18,26.87,11600,26.88,D
sz002517,恺英网络,2025-09-24 09:33:21,26.86,14900,26.87,D
sz002517,恺英网络,2025-09-24 09:33:24,26.84,10700,26.86,D
sz002517,恺英网络,2025-09-24 09:33:27,26.85,61600,26.84,U
sz002517,恺英网络,2025-09-24 09:33:30,26.87,21500,26.85,E
sz002517,恺英网络,2025-09-24 09:33:33,26.9,49600,26.87,U
sz002517,恺英网络,2025-09-24 09:33:36,26.93,24300,26.9,U
sz002517,恺英网络,2025-09-24 09:33:39,26.95,14300,26.93,E
sz002517,恺英网络,2025-09-24 09:33:45,26.96,12700,26.95,E
sz002517,恺英网络,2025-09-24 09:33:48,27.03,36400,26.96,U
sz002517,恺英网络,2025-09-24 09:33:51,27.07,13900,27.03,U
sz002517,恺英网络,2025-09-24 09:33:57,27.09,20700,27.09,U
sz002517,恺英网络,2025-09-24 09:34:03,27.07,17600,27.08,D
sz002517,恺英网络,2025-09-24 09:34:06,27.09,26600,27.07,U
sz002517,恺英网络,2025-09-24 09:34:15,27.14,20100,27.11,U
sz002517,恺英网络,2025-09-24 09:34:18,27.12,8000,27.14,D
sz002517,恺英网络,2025-09-24 09:34:21,27.13,12000,27.12,U
sz002517,恺英网络,2025-09-24 09:34:27,27.07,36100,27.1,D
sz002517,恺英网络,2025-09-24 09:34:33,27.07,13300,27.08,D
sz002517,恺英网络,2025-09-24 09:34:36,27.08,9300,27.07,U
sz002517,恺英网络,2025-09-24 09:34:39,27.07,9300,27.08,D
sz002517,恺英网络,2025-09-24 09:34:42,27.05,8000,27.07,D
sz002517,恺英网络,2025-09-24 09:34:45,27.07,19700,27.05,U
sz002517,恺英网络,2025-09-24 09:34:48,27.05,15500,27.07,D
sz002517,恺英网络,2025-09-24 09:34:51,27.04,8600,27.05,D
sz002517,恺英网络,2025-09-24 09:34:54,27.05,40200,27.04,U
sz002517,恺英网络,2025-09-24 09:34:57,27.04,9100,27.05,E
sz002517,恺英网络,2025-09-24 09:35:00,27.04,24300,27.04,D
sz002517,恺英网络,2025-09-24 09:35:03,27.02,17000,27.04,U
sz002517,恺英网络,2025-09-24 09:35:06,27.0,73100,27.02,U
sz002517,恺英网络,2025-09-24 09:35:12,26.96,31500,26.96,D
sz002517,恺英网络,2025-09-24 09:35:15,26.97,20400,26.96,E
sz002517,恺英网络,2025-09-24 09:35:18,26.97,32500,26.97,D
sz002517,恺英网络,2025-09-24 09:35:21,27.03,69200,26.97,U
sz002517,恺英网络,2025-09-24 09:35:24,27.03,10700,27.03,E
sz002517,恺英网络,2025-09-24 09:35:27,27.03,15900,27.03,D
sz002517,恺英网络,2025-09-24 09:35:30,27.04,42400,27.03,U
sz002517,恺英网络,2025-09-24 09:35:36,27.06,8300,27.05,E
sz002517,恺英网络,2025-09-24 09:35:39,27.08,8300,27.06,U
sz002517,恺英网络,2025-09-24 09:35:42,27.06,10300,27.08,D
sz002517,恺英网络,2025-09-24 09:35:51,27.06,13900,27.06,D
sz002517,恺英网络,2025-09-24 09:35:54,27.06,20000,27.06,D
sz002517,恺英网络,2025-09-24 09:35:57,27.04,21100,27.06,D
sz002517,恺英网络,2025-09-24 09:36:03,27.04,23100,27.05,D
sz002517,恺英网络,2025-09-24 09:36:09,27.0,10900,27.03,D
sz002517,恺英网络,2025-09-24 09:36:12,27.0,7700,27.0,E
sz002517,恺英网络,2025-09-24 09:36:15,26.95,68800,27.0,D
sz002517,恺英网络,2025-09-24 09:36:18,26.94,58500,26.95,U
sz002517,恺英网络,2025-09-24 09:36:21,26.92,14600,26.94,D
sz002517,恺英网络,2025-09-24 09:36:24,26.98,18700,26.92,U
sz002517,恺英网络,2025-09-24 09:36:27,26.91,13700,26.98,D
sz002517,恺英网络,2025-09-24 09:36:30,26.95,21000,26.91,U
sz002517,恺英网络,2025-09-24 09:36:33,26.96,27600,26.95,U
sz002517,恺英网络,2025-09-24 09:36:36,26.97,12900,26.96,U
sz002517,恺英网络,2025-09-24 09:36:39,26.95,14300,26.97,E
sz002517,恺英网络,2025-09-24 09:36:42,26.96,13600,26.95,U
sz002517,恺英网络,2025-09-24 09:36:45,26.95,19300,26.96,D
sz002517,恺英网络,2025-09-24 09:36:48,26.95,22100,26.95,U
sz002517,恺英网络,2025-09-24 09:36:51,26.93,13500,26.95,D
sz002517,恺英网络,2025-09-24 09:36:54,26.95,14700,26.93,U
sz002517,恺英网络,2025-09-24 09:36:57,26.97,26000,26.95,U
sz002517,恺英网络,2025-09-24 09:37:03,26.94,10000,26.94,U
sz002517,恺英网络,2025-09-24 09:37:09,26.94,10200,26.94,D
sz002517,恺英网络,2025-09-24 09:37:12,26.95,34300,26.94,E
sz002517,恺英网络,2025-09-24 09:37:15,26.97,12300,26.95,E
sz002517,恺英网络,2025-09-24 09:37:24,27.01,44500,26.98,U
sz002517,恺英网络,2025-09-24 09:37:30,27.04,16700,27.01,U
sz002517,恺英网络,2025-09-24 09:37:33,27.08,14000,27.04,E
sz002517,恺英网络,2025-09-24 09:37:39,27.1,12000,27.05,U
sz002517,恺英网络,2025-09-24 09:37:42,27.09,25900,27.1,E
sz002517,恺英网络,2025-09-24 09:37:57,27.13,7600,27.12,U
sz002517,恺英网络,2025-09-24 09:38:00,27.15,7800,27.13,U
sz002517,恺英网络,2025-09-24 09:38:06,27.16,12500,27.15,U
sz002517,恺英网络,2025-09-24 09:38:18,27.22,8900,27.18,U
sz002517,恺英网络,2025-09-24 09:38:27,27.26,14000,27.24,U
sz002517,恺英网络,2025-09-24 09:38:33,27.26,8100,27.26,U
sz002517,恺英网络,2025-09-24 09:38:36,27.27,11000,27.26,D
sz002517,恺英网络,2025-09-24 09:38:39,27.27,10600,27.27,E
sz002517,恺英网络,2025-09-24 09:38:45,27.21,82900,27.27,D
sz002517,恺英网络,2025-09-24 09:38:51,27.26,7600,27.2,U
sz002517,恺英网络,2025-09-24 09:39:03,27.24,10700,27.23,U
sz002517,恺英网络,2025-09-24 09:39:06,27.28,18300,27.24,U
sz002517,恺英网络,2025-09-24 09:39:09,27.3,32700,27.28,U
sz002517,恺英网络,2025-09-24 09:39:15,27.26,13300,27.24,E
sz002517,恺英网络,2025-09-24 09:39:18,27.35,11100,27.26,U
sz002517,恺英网络,2025-09-24 09:39:21,27.32,18900,27.35,E
sz002517,恺英网络,2025-09-24 09:39:24,27.4,106800,27.32,U
sz002517,恺英网络,2025-09-24 09:39:27,27.37,16000,27.4,D
sz002517,恺英网络,2025-09-24 09:39:30,27.37,19600,27.37,D
sz002517,恺英网络,2025-09-24 09:39:33,27.46,24200,27.37,U
sz002517,恺英网络,2025-09-24 09:39:36,27.45,13900,27.46,D
sz002517,恺英网络,2025-09-24 09:39:39,27.48,9100,27.45,E
sz002517,恺英网络,2025-09-24 09:39:42,27.45,14200,27.48,D
sz002517,恺英网络,2025-09-24 09:39:45,27.49,58100,27.45,U
sz002517,恺英网络,2025-09-24 09:39:48,27.55,19500,27.49,U
sz002517,恺英网络,2025-09-24 09:39:51,27.54,16200,27.55,D
sz002517,恺英网络,2025-09-24 09:39:54,27.56,14200,27.54,E
sz002517,恺英网络,2025-09-24 09:39:57,27.58,16300,27.56,U
sz002517,恺英网络,2025-09-24 09:40:00,27.6,34300,27.58,U
sz002517,恺英网络,2025-09-24 09:40:03,27.61,7600,27.6,U
sz002517,恺英网络,2025-09-24 09:40:09,27.62,8200,27.61,D
sz002517,恺英网络,2025-09-24 09:40:12,27.58,109100,27.62,D
sz002517,恺英网络,2025-09-24 09:40:15,27.58,39000,27.58,U
sz002517,恺英网络,2025-09-24 09:40:21,27.57,26800,27.58,E
sz002517,恺英网络,2025-09-24 09:40:24,27.58,21400,27.57,U
sz002517,恺英网络,2025-09-24 09:40:27,27.58,34800,27.58,U
sz002517,恺英网络,2025-09-24 09:40:30,27.52,17400,27.58,D
sz002517,恺英网络,2025-09-24 09:40:33,27.58,22400,27.52,U
sz002517,恺英网络,2025-09-24 09:40:36,27.59,47300,27.58,U
sz002517,恺英网络,2025-09-24 09:40:39,27.59,9700,27.59,D
sz002517,恺英网络,2025-09-24 09:40:42,27.62,8800,27.59,U
sz002517,恺英网络,2025-09-24 09:40:45,27.6,16500,27.62,D
sz002517,恺英网络,2025-09-24 09:40:48,27.62,59900,27.6,U
sz002517,恺英网络,2025-09-24 09:40:51,27.62,13100,27.62,D
sz002517,恺英网络,2025-09-24 09:40:54,27.62,45800,27.62,D
sz002517,恺英网络,2025-09-24 09:40:57,27.67,46100,27.62,U
sz002517,恺英网络,2025-09-24 09:41:00,27.68,18000,27.67,U
sz002517,恺英网络,2025-09-24 09:41:03,27.69,69000,27.68,E
sz002517,恺英网络,2025-09-24 09:41:06,27.69,20900,27.69,D
sz002517,恺英网络,2025-09-24 09:41:09,27.72,7700,27.69,D
sz002517,恺英网络,2025-09-24 09:41:12,27.73,25800,27.72,D
sz002517,恺英网络,2025-09-24 09:41:15,27.7,47800,27.73,D
sz002517,恺英网络,2025-09-24 09:41:18,27.71,45800,27.7,U
sz002517,恺英网络,2025-09-24 09:41:21,27.7,18500,27.71,E
sz002517,恺英网络,2025-09-24 09:41:24,27.69,22000,27.7,E
sz002517,恺英网络,2025-09-24 09:41:27,27.65,58100,27.69,D
sz002517,恺英网络,2025-09-24 09:41:30,27.68,21900,27.65,U
sz002517,恺英网络,2025-09-24 09:41:33,27.63,9100,27.68,E
sz002517,恺英网络,2025-09-24 09:41:36,27.62,7700,27.63,D
sz002517,恺英网络,2025-09-24 09:41:39,27.63,78900,27.62,E
sz002517,恺英网络,2025-09-24 09:41:42,27.63,39800,27.63,D
sz002517,恺英网络,2025-09-24 09:41:45,27.64,8500,27.63,E
sz002517,恺英网络,2025-09-24 09:41:48,27.66,15300,27.64,E
sz002517,恺英网络,2025-09-24 09:41:51,27.66,7700,27.66,D
sz002517,恺英网络,2025-09-24 09:41:54,27.66,13500,27.66,D
sz002517,恺英网络,2025-09-24 09:41:57,27.66,14900,27.66,D
sz002517,恺英网络,2025-09-24 09:42:00,27.63,13800,27.66,D
sz002517,恺英网络,2025-09-24 09:42:03,27.62,13100,27.63,E
sz002517,恺英网络,2025-09-24 09:42:06,27.63,16800,27.62,U
sz002517,恺英网络,2025-09-24 09:42:09,27.62,11100,27.63,U
sz002517,恺英网络,2025-09-24 09:42:12,27.62,8100,27.62,U
sz002517,恺英网络,2025-09-24 09:42:15,27.58,10800,27.62,E
sz002517,恺英网络,2025-09-24 09:42:18,27.62,15600,27.58,U
sz002517,恺英网络,2025-09-24 09:42:21,27.59,15900,27.62,E
sz002517,恺英网络,2025-09-24 09:42:24,27.58,8400,27.59,E
sz002517,恺英网络,2025-09-24 09:42:27,27.57,8800,27.58,D
sz002517,恺英网络,2025-09-24 09:42:36,27.57,7500,27.58,D
sz002517,恺英网络,2025-09-24 09:42:39,27.56,20600,27.57,D
sz002517,恺英网络,2025-09-24 09:42:42,27.59,9600,27.56,U
sz002517,恺英网络,2025-09-24 09:42:48,27.56,15000,27.57,D
sz002517,恺英网络,2025-09-24 09:42:51,27.56,49600,27.56,U
sz002517,恺英网络,2025-09-24 09:42:54,27.62,20700,27.56,U
sz002517,恺英网络,2025-09-24 09:43:00,27.62,8600,27.61,U
sz002517,恺英网络,2025-09-24 09:43:06,27.63,8600,27.63,E
sz002517,恺英网络,2025-09-24 09:43:15,27.64,12300,27.64,U
sz002517,恺英网络,2025-09-24 09:43:18,27.63,53700,27.64,D
sz002517,恺英网络,2025-09-24 09:43:21,27.63,17800,27.63,U
sz002517,恺英网络,2025-09-24 09:43:24,27.63,46400,27.63,U
sz002517,恺英网络,2025-09-24 09:43:27,27.63,23000,27.63,U
sz002517,恺英网络,2025-09-24 09:43:30,27.63,11000,27.63,D
sz002517,恺英网络,2025-09-24 09:43:33,27.6,10600,27.63,D
sz002517,恺英网络,2025-09-24 09:43:36,27.59,13000,27.6,D
sz002517,恺英网络,2025-09-24 09:43:39,27.63,9500,27.59,U
sz002517,恺英网络,2025-09-24 09:43:42,27.6,19900,27.63,U
sz002517,恺英网络,2025-09-24 09:43:45,27.6,12800,27.6,U
sz002517,恺英网络,2025-09-24 09:43:48,27.56,18000,27.6,D
sz002517,恺英网络,2025-09-24 09:43:51,27.6,11500,27.56,U
sz002517,恺英网络,2025-09-24 09:43:54,27.57,83000,27.6,D
sz002517,恺英网络,2025-09-24 09:43:57,27.6,38400,27.57,U
sz002517,恺英网络,2025-09-24 09:44:00,27.58,14600,27.6,D
sz002517,恺英网络,2025-09-24 09:44:03,27.58,59500,27.58,D
sz002517,恺英网络,2025-09-24 09:44:06,27.55,36300,27.58,D
sz002517,恺英网络,2025-09-24 09:44:09,27.53,16400,27.55,D
sz002517,恺英网络,2025-09-24 09:44:12,27.5,26300,27.53,D
sz002517,恺英网络,2025-09-24 09:44:15,27.5,26700,27.5,D
sz002517,恺英网络,2025-09-24 09:44:18,27.5,29400,27.5,D
sz002517,恺英网络,2025-09-24 09:44:21,27.5,8400,27.5,D
sz002517,恺英网络,2025-09-24 09:44:24,27.46,24400,27.5,D
sz002517,恺英网络,2025-09-24 09:44:27,27.45,10200,27.46,E
sz002517,恺英网络,2025-09-24 09:44:39,27.38,13100,27.39,D
sz002517,恺英网络,2025-09-24 09:44:45,27.35,11700,27.37,D
sz002517,恺英网络,2025-09-24 09:44:48,27.43,60800,27.35,U
sz002517,恺英网络,2025-09-24 09:44:51,27.46,14300,27.43,U
sz002517,恺英网络,2025-09-24 09:44:57,27.46,9200,27.46,D
sz002517,恺英网络,2025-09-24 09:45:00,27.49,41300,27.46,U
sz002517,恺英网络,2025-09-24 09:45:03,27.5,15000,27.49,U
sz002517,恺英网络,2025-09-24 09:45:09,27.5,18400,27.49,U
sz002517,恺英网络,2025-09-24 09:45:12,27.45,23400,27.5,D
sz002517,恺英网络,2025-09-24 09:45:18,27.49,24800,27.47,U
sz002517,恺英网络,2025-09-24 09:45:30,27.5,32300,27.45,U
sz002517,恺英网络,2025-09-24 09:45:33,27.51,13300,27.5,E
sz002517,恺英网络,2025-09-24 09:45:36,27.51,12700,27.51,D
sz002517,恺英网络,2025-09-24 09:45:39,27.51,15100,27.51,U
sz002517,恺英网络,2025-09-24 09:45:42,27.51,18600,27.51,U
sz002517,恺英网络,2025-09-24 09:45:45,27.5,10500,27.51,D
sz002517,恺英网络,2025-09-24 09:46:00,27.49,13400,27.5,E
sz002517,恺英网络,2025-09-24 09:46:03,27.52,25800,27.49,U
sz002517,恺英网络,2025-09-24 09:46:06,27.47,14400,27.52,D
sz002517,恺英网络,2025-09-24 09:46:12,27.52,7300,27.49,U
sz002517,恺英网络,2025-09-24 09:46:15,27.46,19000,27.52,D
sz002517,恺英网络,2025-09-24 09:46:18,27.46,11500,27.46,D
sz002517,恺英网络,2025-09-24 09:46:21,27.47,8000,27.46,U
sz002517,恺英网络,2025-09-24 09:46:30,27.45,13500,27.47,D
sz002517,恺英网络,2025-09-24 09:46:33,27.45,18900,27.45,D
sz002517,恺英网络,2025-09-24 09:46:36,27.44,9700,27.45,D
sz002517,恺英网络,2025-09-24 09:46:45,27.44,7700,27.44,D
sz002517,恺英网络,2025-09-24 09:46:51,27.44,10100,27.44,U
sz002517,恺英网络,2025-09-24 09:47:00,27.42,15000,27.43,D
sz002517,恺英网络,2025-09-24 09:47:03,27.37,17800,27.42,D
sz002517,恺英网络,2025-09-24 09:47:09,27.35,10300,27.37,D
sz002517,恺英网络,2025-09-24 09:47:36,27.3,14700,27.31,D
sz002517,恺英网络,2025-09-24 09:47:39,27.31,8600,27.3,U
sz002517,恺英网络,2025-09-24 09:47:42,27.3,17300,27.31,D
sz002517,恺英网络,2025-09-24 09:47:48,27.28,12300,27.29,D
sz002517,恺英网络,2025-09-24 09:47:54,27.28,21000,27.28,D
sz002517,恺英网络,2025-09-24 09:47:57,27.27,28900,27.28,E
sz002517,恺英网络,2025-09-24 09:48:00,27.32,17900,27.27,U
sz002517,恺英网络,2025-09-24 09:48:12,27.36,18000,27.33,U
sz002517,恺英网络,2025-09-24 09:48:21,27.37,12900,27.37,U
sz002517,恺英网络,2025-09-24 09:48:39,27.4,7300,27.4,D
sz002517,恺英网络,2025-09-24 09:48:48,27.4,11400,27.41,D
sz002517,恺英网络,2025-09-24 09:48:54,27.41,21000,27.4,U
sz002517,恺英网络,2025-09-24 09:49:12,27.47,15800,27.45,U
sz002517,恺英网络,2025-09-24 09:49:15,27.49,9400,27.47,U
sz002517,恺英网络,2025-09-24 09:49:18,27.51,13200,27.49,U
sz002517,恺英网络,2025-09-24 09:49:24,27.52,13400,27.5,U
sz002517,恺英网络,2025-09-24 09:49:36,27.53,14400,27.52,U
sz002517,恺英网络,2025-09-24 09:49:39,27.54,8200,27.53,U
sz002517,恺英网络,2025-09-24 09:49:42,27.53,13800,27.54,D
sz002517,恺英网络,2025-09-24 09:49:48,27.55,30900,27.54,U
sz002517,恺英网络,2025-09-24 09:49:51,27.55,22900,27.55,U
sz002517,恺英网络,2025-09-24 09:50:00,27.57,14500,27.57,D
sz002517,恺英网络,2025-09-24 09:50:03,27.58,8900,27.57,U
sz002517,恺英网络,2025-09-24 09:50:06,27.59,9200,27.58,U
sz002517,恺英网络,2025-09-24 09:50:09,27.6,7300,27.59,U
sz002517,恺英网络,2025-09-24 09:50:12,27.59,15300,27.6,D
sz002517,恺英网络,2025-09-24 09:50:15,27.6,8600,27.59,U
sz002517,恺英网络,2025-09-24 09:50:18,27.54,38700,27.6,D
sz002517,恺英网络,2025-09-24 09:50:21,27.52,9300,27.54,D
sz002517,恺英网络,2025-09-24 09:50:24,27.49,31700,27.52,D
sz002517,恺英网络,2025-09-24 09:50:27,27.5,12700,27.49,U
sz002517,恺英网络,2025-09-24 09:50:30,27.47,11300,27.5,D
sz002517,恺英网络,2025-09-24 09:50:42,27.42,42600,27.46,D
sz002517,恺英网络,2025-09-24 09:50:45,27.44,8100,27.42,U
sz002517,恺英网络,2025-09-24 09:51:00,27.44,31600,27.41,U
sz002517,恺英网络,2025-09-24 09:51:03,27.45,54900,27.44,U
sz002517,恺英网络,2025-09-24 09:51:06,27.47,30900,27.45,U
sz002517,恺英网络,2025-09-24 09:51:15,27.46,9000,27.46,U
sz002517,恺英网络,2025-09-24 09:51:21,27.47,21600,27.45,U
sz002517,恺英网络,2025-09-24 09:51:24,27.49,7900,27.47,U
sz002517,恺英网络,2025-09-24 09:51:27,27.49,9900,27.49,U
sz002517,恺英网络,2025-09-24 09:51:30,27.57,12000,27.49,U
sz002517,恺英网络,2025-09-24 09:51:33,27.58,82800,27.57,U
sz002517,恺英网络,2025-09-24 09:51:36,27.56,58100,27.58,D
sz002517,恺英网络,2025-09-24 09:51:39,27.59,11200,27.56,U
sz002517,恺英网络,2025-09-24 09:51:48,27.56,20700,27.59,D
sz002517,恺英网络,2025-09-24 09:51:51,27.58,23700,27.56,U
sz002517,恺英网络,2025-09-24 09:51:57,27.55,16100,27.58,D
sz002517,恺英网络,2025-09-24 09:52:00,27.56,17100,27.55,U
sz002517,恺英网络,2025-09-24 09:52:03,27.52,7300,27.56,D
sz002517,恺英网络,2025-09-24 09:52:18,27.52,11500,27.52,U
sz002517,恺英网络,2025-09-24 09:52:24,27.52,12700,27.52,U
sz002517,恺英网络,2025-09-24 09:52:27,27.52,12600,27.52,U
sz002517,恺英网络,2025-09-24 09:52:33,27.45,49500,27.5,D
sz002517,恺英网络,2025-09-24 09:52:57,27.44,19800,27.46,D
sz002517,恺英网络,2025-09-24 09:53:00,27.41,8900,27.44,D
sz002517,恺英网络,2025-09-24 09:53:06,27.39,83800,27.46,D
sz002517,恺英网络,2025-09-24 09:53:09,27.36,25900,27.39,D
sz002517,恺英网络,2025-09-24 09:53:12,27.35,13700,27.36,D
sz002517,恺英网络,2025-09-24 09:53:24,27.33,9600,27.34,D
sz002517,恺英网络,2025-09-24 09:53:45,27.29,68700,27.35,D
sz002517,恺英网络,2025-09-24 09:53:48,27.3,26500,27.29,U
sz002517,恺英网络,2025-09-24 09:53:51,27.3,35500,27.3,U
sz002517,恺英网络,2025-09-24 09:53:57,27.3,7700,27.29,U
sz002517,恺英网络,2025-09-24 09:54:12,27.31,16700,27.29,U
sz002517,恺英网络,2025-09-24 09:54:21,27.34,7800,27.34,D
sz002517,恺英网络,2025-09-24 09:54:30,27.31,16500,27.34,D
sz002517,恺英网络,2025-09-24 09:54:33,27.32,14300,27.31,U
sz002517,恺英网络,2025-09-24 09:54:36,27.29,30000,27.32,D
sz002517,恺英网络,2025-09-24 09:54:48,27.29,15200,27.29,U
sz002517,恺英网络,2025-09-24 09:54:54,27.29,16700,27.29,D
sz002517,恺英网络,2025-09-24 09:55:12,27.29,11700,27.29,D
sz002517,恺英网络,2025-09-24 09:55:15,27.28,9200,27.29,D
sz002517,恺英网络,2025-09-24 09:55:18,27.28,15000,27.28,D
sz002517,恺英网络,2025-09-24 09:55:21,27.22,48400,27.28,D
sz002517,恺英网络,2025-09-24 09:55:36,27.2,10000,27.2,E
sz002517,恺英网络,2025-09-24 09:55:45,27.19,11100,27.2,E
sz002517,恺英网络,2025-09-24 09:55:48,27.19,9300,27.19,D
sz002517,恺英网络,2025-09-24 09:55:54,27.23,7400,27.21,U
sz002517,恺英网络,2025-09-24 09:56:03,27.19,8500,27.22,D
sz002517,恺英网络,2025-09-24 09:56:09,27.24,23600,27.2,U
sz002517,恺英网络,2025-09-24 09:56:21,27.2,12700,27.2,D
sz002517,恺英网络,2025-09-24 09:56:24,27.2,9300,27.2,D
sz002517,恺英网络,2025-09-24 09:57:15,27.24,13291,27.22,U
sz002517,恺英网络,2025-09-24 09:57:18,27.25,7500,27.24,E
sz002517,恺英网络,2025-09-24 09:57:36,27.26,17200,27.25,U
sz002517,恺英网络,2025-09-24 09:57:42,27.24,11900,27.26,D
sz002517,恺英网络,2025-09-24 09:57:48,27.23,10509,27.24,D
sz002517,恺英网络,2025-09-24 09:57:51,27.22,7400,27.23,D
sz002517,恺英网络,2025-09-24 09:58:03,27.23,20500,27.22,U
sz002517,恺英网络,2025-09-24 09:58:06,27.21,10000,27.23,D
sz002517,恺英网络,2025-09-24 09:58:27,27.19,57300,27.22,D
sz002517,恺英网络,2025-09-24 09:58:30,27.17,27500,27.19,D
sz002517,恺英网络,2025-09-24 09:58:51,27.17,11500,27.15,U
sz002517,恺英网络,2025-09-24 09:58:57,27.17,114200,27.16,U
sz002517,恺英网络,2025-09-24 09:59:00,27.18,13700,27.17,U
sz002517,恺英网络,2025-09-24 09:59:03,27.16,86300,27.18,D
sz002517,恺英网络,2025-09-24 09:59:09,27.16,9200,27.15,E
sz002517,恺英网络,2025-09-24 09:59:12,27.2,21500,27.16,U
sz002517,恺英网络,2025-09-24 09:59:21,27.2,7900,27.2,E
sz002517,恺英网络,2025-09-24 09:59:30,27.19,78900,27.18,E
sz002517,恺英网络,2025-09-24 09:59:36,27.22,37300,27.14,U
sz002517,恺英网络,2025-09-24 09:59:39,27.15,11700,27.22,D
sz002517,恺英网络,2025-09-24 09:59:42,27.25,7700,27.15,E
sz002517,恺英网络,2025-09-24 09:59:48,27.23,72000,27.27,E
sz002517,恺英网络,2025-09-24 09:59:54,27.23,9900,27.23,U
sz002517,恺英网络,2025-09-24 10:00:09,27.24,30600,27.24,D
sz002517,恺英网络,2025-09-24 10:00:27,27.31,7900,27.31,D
sz002517,恺英网络,2025-09-24 10:00:33,27.32,59800,27.33,D
sz002517,恺英网络,2025-09-24 10:00:39,27.31,54700,27.32,U
sz002517,恺英网络,2025-09-24 10:00:42,27.23,50700,27.31,D
sz002517,恺英网络,2025-09-24 10:01:12,27.29,14200,27.32,D
sz002517,恺英网络,2025-09-24 10:01:18,27.3,7500,27.3,U
sz002517,恺英网络,2025-09-24 10:01:27,27.28,8200,27.27,E
sz002517,恺英网络,2025-09-24 10:01:36,27.28,8200,27.3,D
sz002517,恺英网络,2025-09-24 10:01:39,27.31,12800,27.28,U
sz002517,恺英网络,2025-09-24 10:01:42,27.33,16700,27.31,U
sz002517,恺英网络,2025-09-24 10:01:45,27.31,11900,27.33,D
sz002517,恺英网络,2025-09-24 10:01:51,27.33,33400,27.32,U
sz002517,恺英网络,2025-09-24 10:02:00,27.31,46400,27.31,D
sz002517,恺英网络,2025-09-24 10:02:27,27.15,88700,27.28,D
sz002517,恺英网络,2025-09-24 10:02:39,27.23,8100,27.21,U
sz002517,恺英网络,2025-09-24 10:02:42,27.21,13800,27.23,D
sz002517,恺英网络,2025-09-24 10:02:57,27.23,7400,27.28,D
sz002517,恺英网络,2025-09-24 10:03:12,27.26,17200,27.26,U
sz002517,恺英网络,2025-09-24 10:03:15,27.24,23500,27.26,E
sz002517,恺英网络,2025-09-24 10:03:27,27.27,13000,27.26,U
sz002517,恺英网络,2025-09-24 10:04:03,27.28,11400,27.31,D
sz002517,恺英网络,2025-09-24 10:04:12,27.26,59800,27.27,D
sz002517,恺英网络,2025-09-24 10:05:06,27.28,39900,27.28,U
sz002517,恺英网络,2025-09-24 10:05:09,27.28,9400,27.28,D
sz002517,恺英网络,2025-09-24 10:05:21,27.25,23100,27.28,D
sz002517,恺英网络,2025-09-24 10:06:09,27.24,32300,27.23,U
sz002517,恺英网络,2025-09-24 10:06:33,27.26,53300,27.25,U
sz002517,恺英网络,2025-09-24 10:06:39,27.25,23600,27.27,D
sz002517,恺英网络,2025-09-24 10:07:21,27.21,8800,27.24,D
sz002517,恺英网络,2025-09-24 10:07:33,27.24,8400,27.22,U
sz002517,恺英网络,2025-09-24 10:07:36,27.24,7700,27.24,D
sz002517,恺英网络,2025-09-24 10:07:42,27.24,9200,27.24,D
sz002517,恺英网络,2025-09-24 10:07:48,27.27,7400,27.24,U
sz002517,恺英网络,2025-09-24 10:08:36,27.22,11200,27.22,D
sz002517,恺英网络,2025-09-24 10:08:39,27.28,21300,27.22,U
sz002517,恺英网络,2025-09-24 10:08:42,27.23,8100,27.28,D
sz002517,恺英网络,2025-09-24 10:08:54,27.35,28200,27.3,U
sz002517,恺英网络,2025-09-24 10:09:51,27.4,7400,27.37,U
sz002517,恺英网络,2025-09-24 10:10:03,27.36,13400,27.37,D
sz002517,恺英网络,2025-09-24 10:10:06,27.37,8100,27.36,E
sz002517,恺英网络,2025-09-24 10:10:39,27.37,10200,27.33,U
sz002517,恺英网络,2025-09-24 10:10:42,27.33,87100,27.37,D
sz002517,恺英网络,2025-09-24 10:11:12,27.47,53300,27.44,U
sz002517,恺英网络,2025-09-24 10:11:15,27.45,9000,27.47,D
sz002517,恺英网络,2025-09-24 10:11:18,27.47,46700,27.45,E
sz002517,恺英网络,2025-09-24 10:11:21,27.5,18900,27.47,D
sz002517,恺英网络,2025-09-24 10:11:27,27.5,9300,27.53,D
sz002517,恺英网络,2025-09-24 10:11:30,27.5,17700,27.5,D
sz002517,恺英网络,2025-09-24 10:11:36,27.49,11800,27.5,E
sz002517,恺英网络,2025-09-24 10:11:39,27.5,18300,27.49,U
sz002517,恺英网络,2025-09-24 10:11:42,27.5,22300,27.5,U
sz002517,恺英网络,2025-09-24 10:11:45,27.54,29400,27.5,E
sz002517,恺英网络,2025-09-24 10:11:48,27.62,265800,27.54,U
sz002517,恺英网络,2025-09-24 10:11:51,27.68,117800,27.62,U
sz002517,恺英网络,2025-09-24 10:11:57,27.65,9200,27.66,U
sz002517,恺英网络,2025-09-24 10:12:00,27.62,14200,27.65,D
sz002517,恺英网络,2025-09-24 10:12:03,27.62,28400,27.62,U
sz002517,恺英网络,2025-09-24 10:12:06,27.63,16900,27.62,U
sz002517,恺英网络,2025-09-24 10:12:09,27.57,13400,27.63,D
sz002517,恺英网络,2025-09-24 10:12:12,27.57,19500,27.57,D
sz002517,恺英网络,2025-09-24 10:12:18,27.69,135600,27.62,U
sz002517,恺英网络,2025-09-24 10:12:21,27.78,176700,27.69,U
sz002517,恺英网络,2025-09-24 10:12:24,27.73,28500,27.78,D
sz002517,恺英网络,2025-09-24 10:12:27,27.76,18800,27.73,E
sz002517,恺英网络,2025-09-24 10:12:30,27.78,112000,27.76,U
sz002517,恺英网络,2025-09-24 10:12:33,27.79,16600,27.78,E
sz002517,恺英网络,2025-09-24 10:12:36,27.81,39900,27.79,U
sz002517,恺英网络,2025-09-24 10:12:39,27.79,12100,27.81,E
sz002517,恺英网络,2025-09-24 10:12:42,27.8,8000,27.79,U
sz002517,恺英网络,2025-09-24 10:12:45,27.8,21300,27.8,U
sz002517,恺英网络,2025-09-24 10:12:48,27.78,30100,27.8,D
sz002517,恺英网络,2025-09-24 10:12:51,27.77,8400,27.78,D
sz002517,恺英网络,2025-09-24 10:12:54,27.8,90700,27.77,U
sz002517,恺英网络,2025-09-24 10:12:57,27.83,40100,27.8,U
sz002517,恺英网络,2025-09-24 10:13:00,27.88,63300,27.83,U
sz002517,恺英网络,2025-09-24 10:13:03,27.93,179300,27.88,U
sz002517,恺英网络,2025-09-24 10:13:06,27.92,62100,27.93,E
sz002517,恺英网络,2025-09-24 10:13:09,27.93,41100,27.92,E
sz002517,恺英网络,2025-09-24 10:13:12,27.93,31800,27.93,U
sz002517,恺英网络,2025-09-24 10:13:15,27.91,54100,27.93,E
sz002517,恺英网络,2025-09-24 10:13:18,27.91,23500,27.91,U
sz002517,恺英网络,2025-09-24 10:13:21,27.9,35400,27.91,E
sz002517,恺英网络,2025-09-24 10:13:24,27.85,12200,27.9,D
sz002517,恺英网络,2025-09-24 10:13:27,27.88,18400,27.85,U
sz002517,恺英网络,2025-09-24 10:13:30,27.81,37900,27.88,D
sz002517,恺英网络,2025-09-24 10:13:33,27.88,10100,27.81,U
sz002517,恺英网络,2025-09-24 10:13:36,27.84,12200,27.88,D
sz002517,恺英网络,2025-09-24 10:13:39,27.89,23500,27.84,U
sz002517,恺英网络,2025-09-24 10:13:42,27.89,40600,27.89,U
sz002517,恺英网络,2025-09-24 10:13:45,27.88,12300,27.89,D
sz002517,恺英网络,2025-09-24 10:13:48,27.88,20600,27.88,U
sz002517,恺英网络,2025-09-24 10:13:51,27.88,35600,27.88,U
sz002517,恺英网络,2025-09-24 10:13:54,27.88,27200,27.88,U
sz002517,恺英网络,2025-09-24 10:13:57,27.89,25800,27.88,U
sz002517,恺英网络,2025-09-24 10:14:00,27.89,63500,27.89,U
sz002517,恺英网络,2025-09-24 10:14:03,27.86,53300,27.89,D
sz002517,恺英网络,2025-09-24 10:14:06,27.84,24200,27.86,E
sz002517,恺英网络,2025-09-24 10:14:09,27.83,67800,27.84,E
sz002517,恺英网络,2025-09-24 10:14:12,27.78,36800,27.83,D
sz002517,恺英网络,2025-09-24 10:14:15,27.78,11600,27.78,D
sz002517,恺英网络,2025-09-24 10:14:18,27.79,32900,27.78,U
sz002517,恺英网络,2025-09-24 10:14:21,27.77,21400,27.79,D
sz002517,恺英网络,2025-09-24 10:14:24,27.76,10000,27.77,D
sz002517,恺英网络,2025-09-24 10:14:27,27.76,44400,27.76,D
sz002517,恺英网络,2025-09-24 10:14:30,27.76,19700,27.76,U
sz002517,恺英网络,2025-09-24 10:14:33,27.77,43500,27.76,E
sz002517,恺英网络,2025-09-24 10:14:36,27.77,11900,27.77,D
sz002517,恺英网络,2025-09-24 10:14:39,27.78,59000,27.77,U
sz002517,恺英网络,2025-09-24 10:14:42,27.77,39900,27.78,D
sz002517,恺英网络,2025-09-24 10:14:48,27.78,8800,27.78,D
sz002517,恺英网络,2025-09-24 10:14:51,27.74,30800,27.78,D
sz002517,恺英网络,2025-09-24 10:14:54,27.72,10500,27.74,D
sz002517,恺英网络,2025-09-24 10:14:57,27.7,18300,27.72,D
sz002517,恺英网络,2025-09-24 10:15:03,27.71,17100,27.71,U
sz002517,恺英网络,2025-09-24 10:15:12,27.71,10600,27.73,D
sz002517,恺英网络,2025-09-24 10:15:15,27.72,24800,27.71,U
sz002517,恺英网络,2025-09-24 10:15:18,27.71,18700,27.72,D
sz002517,恺英网络,2025-09-24 10:15:21,27.75,7500,27.71,U
sz002517,恺英网络,2025-09-24 10:15:24,27.72,13200,27.75,D
sz002517,恺英网络,2025-09-24 10:15:30,27.72,7800,27.72,D
sz002517,恺英网络,2025-09-24 10:15:33,27.77,35800,27.72,U
sz002517,恺英网络,2025-09-24 10:15:36,27.77,23800,27.77,U
sz002517,恺英网络,2025-09-24 10:15:45,27.8,10000,27.79,U
sz002517,恺英网络,2025-09-24 10:15:48,27.8,11800,27.8,D
sz002517,恺英网络,2025-09-24 10:15:51,27.79,32800,27.8,D
sz002517,恺英网络,2025-09-24 10:15:54,27.77,15100,27.79,D
sz002517,恺英网络,2025-09-24 10:15:57,27.79,21600,27.77,U
sz002517,恺英网络,2025-09-24 10:16:00,27.79,9500,27.79,E
sz002517,恺英网络,2025-09-24 10:16:03,27.78,28700,27.79,D
sz002517,恺英网络,2025-09-24 10:16:06,27.76,10900,27.78,E
sz002517,恺英网络,2025-09-24 10:16:12,27.72,10200,27.73,D
sz002517,恺英网络,2025-09-24 10:16:15,27.72,11200,27.72,D
sz002517,恺英网络,2025-09-24 10:16:18,27.71,30200,27.72,D
sz002517,恺英网络,2025-09-24 10:16:21,27.71,8400,27.71,D
sz002517,恺英网络,2025-09-24 10:16:24,27.71,8600,27.71,D
sz002517,恺英网络,2025-09-24 10:16:27,27.71,10900,27.71,U
sz002517,恺英网络,2025-09-24 10:16:30,27.69,25400,27.71,D
sz002517,恺英网络,2025-09-24 10:16:33,27.68,15700,27.69,D
sz002517,恺英网络,2025-09-24 10:16:39,27.67,10400,27.67,U
sz002517,恺英网络,2025-09-24 10:16:42,27.57,47800,27.67,D
sz002517,恺英网络,2025-09-24 10:16:45,27.65,35100,27.57,E
sz002517,恺英网络,2025-09-24 10:16:48,27.63,8200,27.65,D
sz002517,恺英网络,2025-09-24 10:16:51,27.63,7600,27.63,U
sz002517,恺英网络,2025-09-24 10:17:00,27.61,12000,27.6,E
sz002517,恺英网络,2025-09-24 10:17:18,27.57,31100,27.61,D
sz002517,恺英网络,2025-09-24 10:17:30,27.62,26200,27.59,U
sz002517,恺英网络,2025-09-24 10:17:36,27.65,35200,27.62,U
sz002517,恺英网络,2025-09-24 10:17:42,27.6,59900,27.62,D
sz002517,恺英网络,2025-09-24 10:17:51,27.62,9800,27.6,U
sz002517,恺英网络,2025-09-24 10:17:54,27.62,162200,27.62,U
sz002517,恺英网络,2025-09-24 10:18:03,27.71,9400,27.7,U
sz002517,恺英网络,2025-09-24 10:18:06,27.73,11200,27.71,U
sz002517,恺英网络,2025-09-24 10:18:18,27.75,12300,27.75,U
sz002517,恺英网络,2025-09-24 10:18:24,27.76,8300,27.75,U
sz002517,恺英网络,2025-09-24 10:18:30,27.78,16600,27.77,U
sz002517,恺英网络,2025-09-24 10:18:33,27.76,7300,27.78,D
sz002517,恺英网络,2025-09-24 10:18:36,27.72,116200,27.76,D
sz002517,恺英网络,2025-09-24 10:18:39,27.72,29800,27.72,U
sz002517,恺英网络,2025-09-24 10:18:48,27.74,8200,27.72,U
sz002517,恺英网络,2025-09-24 10:19:00,27.74,7800,27.73,U
sz002517,恺英网络,2025-09-24 10:19:03,27.73,11000,27.74,D
sz002517,恺英网络,2025-09-24 10:19:06,27.71,8200,27.73,D
sz002517,恺英网络,2025-09-24 10:19:27,27.73,8400,27.74,D
sz002517,恺英网络,2025-09-24 10:19:30,27.72,8500,27.73,E
sz002517,恺英网络,2025-09-24 10:19:33,27.72,94300,27.72,E
sz002517,恺英网络,2025-09-24 10:19:36,27.66,10600,27.72,D
sz002517,恺英网络,2025-09-24 10:19:39,27.71,7800,27.66,U
sz002517,恺英网络,2025-09-24 10:19:48,27.69,8400,27.69,U
sz002517,恺英网络,2025-09-24 10:19:51,27.7,14700,27.69,D
sz002517,恺英网络,2025-09-24 10:19:54,27.7,12500,27.7,U
sz002517,恺英网络,2025-09-24 10:20:00,27.7,19500,27.7,U
sz002517,恺英网络,2025-09-24 10:20:18,27.72,23500,27.72,U
sz002517,恺英网络,2025-09-24 10:20:33,27.74,24400,27.74,U
sz002517,恺英网络,2025-09-24 10:20:36,27.73,12500,27.74,D
sz002517,恺英网络,2025-09-24 10:20:39,27.76,19800,27.73,U
sz002517,恺英网络,2025-09-24 10:20:42,27.71,8600,27.76,D
sz002517,恺英网络,2025-09-24 10:20:57,27.75,7400,27.75,D
sz002517,恺英网络,2025-09-24 10:21:06,27.75,15200,27.75,U
sz002517,恺英网络,2025-09-24 10:21:15,27.75,17300,27.75,D
sz002517,恺英网络,2025-09-24 10:21:18,27.83,108700,27.75,U
sz002517,恺英网络,2025-09-24 10:21:21,27.85,19400,27.83,U
sz002517,恺英网络,2025-09-24 10:21:24,27.86,15100,27.85,U
sz002517,恺英网络,2025-09-24 10:21:33,27.86,13900,27.86,U
sz002517,恺英网络,2025-09-24 10:21:36,27.86,8200,27.86,U
sz002517,恺英网络,2025-09-24 10:21:42,27.84,14000,27.85,D
sz002517,恺英网络,2025-09-24 10:21:45,27.86,33400,27.84,U
sz002517,恺英网络,2025-09-24 10:21:48,27.87,24200,27.86,U
sz002517,恺英网络,2025-09-24 10:21:51,27.86,9100,27.87,U
sz002517,恺英网络,2025-09-24 10:21:57,27.86,16900,27.85,U
sz002517,恺英网络,2025-09-24 10:22:06,27.85,16500,27.86,D
sz002517,恺英网络,2025-09-24 10:22:09,27.85,23900,27.85,D
sz002517,恺英网络,2025-09-24 10:22:15,27.85,8300,27.85,D
sz002517,恺英网络,2025-09-24 10:22:18,27.85,30500,27.85,D
sz002517,恺英网络,2025-09-24 10:22:21,27.87,32800,27.85,U
sz002517,恺英网络,2025-09-24 10:22:24,27.94,155100,27.87,U
sz002517,恺英网络,2025-09-24 10:22:27,27.92,60900,27.94,D
sz002517,恺英网络,2025-09-24 10:22:30,27.92,23900,27.92,D
sz002517,恺英网络,2025-09-24 10:22:33,27.92,14900,27.92,D
sz002517,恺英网络,2025-09-24 10:22:36,27.92,12800,27.92,U
sz002517,恺英网络,2025-09-24 10:22:39,27.93,9400,27.92,E
sz002517,恺英网络,2025-09-24 10:22:42,27.93,32500,27.93,U
sz002517,恺英网络,2025-09-24 10:22:48,27.94,15900,27.96,U
sz002517,恺英网络,2025-09-24 10:22:51,27.96,28900,27.94,U
sz002517,恺英网络,2025-09-24 10:22:57,27.94,15300,27.94,D
sz002517,恺英网络,2025-09-24 10:23:00,27.93,29900,27.94,D
sz002517,恺英网络,2025-09-24 10:23:03,27.95,34800,27.93,U
sz002517,恺英网络,2025-09-24 10:23:06,27.95,47500,27.95,D
sz002517,恺英网络,2025-09-24 10:23:09,27.96,25700,27.95,U
sz002517,恺英网络,2025-09-24 10:23:12,27.96,34900,27.96,U
sz002517,恺英网络,2025-09-24 10:23:15,27.96,17600,27.96,U
sz002517,恺英网络,2025-09-24 10:23:18,27.95,11000,27.96,D
sz002517,恺英网络,2025-09-24 10:23:21,27.96,12200,27.95,U
sz002517,恺英网络,2025-09-24 10:23:24,27.96,13200,27.96,D
sz002517,恺英网络,2025-09-24 10:23:27,27.96,30700,27.96,D
sz002517,恺英网络,2025-09-24 10:23:30,27.96,13800,27.96,D
sz002517,恺英网络,2025-09-24 10:23:33,27.97,11400,27.96,U
sz002517,恺英网络,2025-09-24 10:23:36,27.97,20600,27.97,U
sz002517,恺英网络,2025-09-24 10:23:39,27.97,49800,27.97,U
sz002517,恺英网络,2025-09-24 10:23:42,27.97,34800,27.97,D
sz002517,恺英网络,2025-09-24 10:23:45,27.97,8000,27.97,D
sz002517,恺英网络,2025-09-24 10:23:48,27.97,13000,27.97,D
sz002517,恺英网络,2025-09-24 10:23:51,27.97,41200,27.97,D
sz002517,恺英网络,2025-09-24 10:23:54,27.98,60600,27.97,U
sz002517,恺英网络,2025-09-24 10:23:57,27.97,27700,27.98,D
sz002517,恺英网络,2025-09-24 10:24:00,27.99,17900,27.97,U
sz002517,恺英网络,2025-09-24 10:24:03,27.98,46500,27.99,D
sz002517,恺英网络,2025-09-24 10:24:06,27.98,18700,27.98,D
sz002517,恺英网络,2025-09-24 10:24:09,27.99,8400,27.98,U
sz002517,恺英网络,2025-09-24 10:24:12,27.99,22900,27.99,U
sz002517,恺英网络,2025-09-24 10:24:15,27.99,14200,27.99,U
sz002517,恺英网络,2025-09-24 10:24:18,27.99,10500,27.99,U
sz002517,恺英网络,2025-09-24 10:24:24,27.99,10400,27.99,U
sz002517,恺英网络,2025-09-24 10:24:27,27.99,23800,27.99,U
sz002517,恺英网络,2025-09-24 10:24:33,27.95,75000,27.99,D
sz002517,恺英网络,2025-09-24 10:24:42,27.95,14500,27.94,U
sz002517,恺英网络,2025-09-24 10:24:45,27.97,9000,27.95,E
sz002517,恺英网络,2025-09-24 10:24:48,27.96,7900,27.97,D
sz002517,恺英网络,2025-09-24 10:24:54,27.96,18300,27.96,D
sz002517,恺英网络,2025-09-24 10:25:09,27.95,14900,27.96,D
sz002517,恺英网络,2025-09-24 10:25:15,27.95,16800,27.96,D
sz002517,恺英网络,2025-09-24 10:25:21,27.94,11100,27.94,D
sz002517,恺英网络,2025-09-24 10:25:36,27.92,31200,27.94,D
sz002517,恺英网络,2025-09-24 10:25:42,27.93,10200,27.93,U
sz002517,恺英网络,2025-09-24 10:25:45,27.92,15500,27.93,D
sz002517,恺英网络,2025-09-24 10:25:48,27.92,12700,27.92,D
sz002517,恺英网络,2025-09-24 10:25:51,27.93,15833,27.92,U
sz002517,恺英网络,2025-09-24 10:25:57,27.93,12200,27.93,U
sz002517,恺英网络,2025-09-24 10:26:00,27.91,33067,27.93,D
sz002517,恺英网络,2025-09-24 10:26:09,27.92,25700,27.91,U
sz002517,恺英网络,2025-09-24 10:26:15,27.93,68700,27.92,U
sz002517,恺英网络,2025-09-24 10:26:27,27.92,8100,27.92,U
sz002517,恺英网络,2025-09-24 10:26:36,27.9,11726,27.91,D
sz002517,恺英网络,2025-09-24 10:26:39,27.92,16174,27.9,U
sz002517,恺英网络,2025-09-24 10:26:42,27.96,78026,27.92,U
sz002517,恺英网络,2025-09-24 10:26:45,27.98,36800,27.96,U
sz002517,恺英网络,2025-09-24 10:26:48,27.99,22900,27.98,U
sz002517,恺英网络,2025-09-24 10:26:54,27.99,58700,27.99,U
sz002517,恺英网络,2025-09-24 10:26:57,27.99,7600,27.99,E
sz002517,恺英网络,2025-09-24 10:27:00,28.0,10700,27.99,U
sz002517,恺英网络,2025-09-24 10:27:03,27.99,20500,28.0,D
sz002517,恺英网络,2025-09-24 10:27:06,28.0,11700,27.99,U
sz002517,恺英网络,2025-09-24 10:27:09,28.0,38300,28.0,U
sz002517,恺英网络,2025-09-24 10:27:12,28.0,9000,28.0,U
sz002517,恺英网络,2025-09-24 10:27:15,28.06,272500,28.0,U
sz002517,恺英网络,2025-09-24 10:27:18,28.02,15700,28.06,D
sz002517,恺英网络,2025-09-24 10:27:24,28.02,20700,28.09,D
sz002517,恺英网络,2025-09-24 10:27:27,28.09,19400,28.02,U
sz002517,恺英网络,2025-09-24 10:27:30,28.1,23100,28.09,U
sz002517,恺英网络,2025-09-24 10:27:33,28.09,18600,28.1,D
sz002517,恺英网络,2025-09-24 10:27:36,28.07,19300,28.09,E
sz002517,恺英网络,2025-09-24 10:27:39,28.08,21100,28.07,U
sz002517,恺英网络,2025-09-24 10:27:45,28.07,8100,28.07,U
sz002517,恺英网络,2025-09-24 10:27:51,28.05,25100,28.05,U
sz002517,恺英网络,2025-09-24 10:27:54,28.05,14500,28.05,U
sz002517,恺英网络,2025-09-24 10:27:57,28.05,31100,28.05,U
sz002517,恺英网络,2025-09-24 10:28:00,28.02,12500,28.05,D
sz002517,恺英网络,2025-09-24 10:28:03,28.05,18200,28.02,E
sz002517,恺英网络,2025-09-24 10:28:06,28.08,9900,28.05,U
sz002517,恺英网络,2025-09-24 10:28:09,28.09,15400,28.08,U
sz002517,恺英网络,2025-09-24 10:28:12,28.06,31000,28.09,E
sz002517,恺英网络,2025-09-24 10:28:15,28.0,38600,28.06,D
sz002517,恺英网络,2025-09-24 10:28:18,27.95,30500,28.0,D
sz002517,恺英网络,2025-09-24 10:28:21,27.91,24900,27.95,D
sz002517,恺英网络,2025-09-24 10:28:33,27.95,14800,27.98,D
sz002517,恺英网络,2025-09-24 10:28:36,28.01,26200,27.95,U
sz002517,恺英网络,2025-09-24 10:28:39,28.01,15000,28.01,D
sz002517,恺英网络,2025-09-24 10:28:42,28.03,13200,28.01,E
sz002517,恺英网络,2025-09-24 10:28:45,28.01,20400,28.03,D
sz002517,恺英网络,2025-09-24 10:28:48,28.09,38300,28.01,U
sz002517,恺英网络,2025-09-24 10:28:54,28.01,7700,28.07,D
sz002517,恺英网络,2025-09-24 10:29:00,28.02,13400,28.02,U
sz002517,恺英网络,2025-09-24 10:29:06,28.0,18300,28.02,D
sz002517,恺英网络,2025-09-24 10:29:09,28.01,9000,28.0,U
sz002517,恺英网络,2025-09-24 10:29:15,28.03,9000,28.01,U
sz002517,恺英网络,2025-09-24 10:29:27,28.02,7400,28.02,D
sz002517,恺英网络,2025-09-24 10:29:36,28.02,11100,28.01,U
sz002517,恺英网络,2025-09-24 10:29:39,28.07,46800,28.02,U
sz002517,恺英网络,2025-09-24 10:29:42,28.02,13900,28.07,E
sz002517,恺英网络,2025-09-24 10:29:45,28.03,10800,28.02,U
sz002517,恺英网络,2025-09-24 10:29:54,28.07,16000,28.04,U
sz002517,恺英网络,2025-09-24 10:30:06,28.05,7400,28.05,E
sz002517,恺英网络,2025-09-24 10:30:18,28.06,9700,28.07,D
sz002517,恺英网络,2025-09-24 10:30:24,28.06,8200,28.05,U
sz002517,恺英网络,2025-09-24 10:30:27,28.06,11000,28.06,U
sz002517,恺英网络,2025-09-24 10:30:36,28.06,9000,28.05,U
sz002517,恺英网络,2025-09-24 10:30:39,28.05,14900,28.06,D
sz002517,恺英网络,2025-09-24 10:30:42,28.06,22800,28.05,U
sz002517,恺英网络,2025-09-24 10:30:45,28.06,42100,28.06,D
sz002517,恺英网络,2025-09-24 10:30:48,28.08,36400,28.06,U
sz002517,恺英网络,2025-09-24 10:30:51,28.12,101400,28.08,U
sz002517,恺英网络,2025-09-24 10:31:00,28.14,7700,28.14,U
sz002517,恺英网络,2025-09-24 10:31:03,28.14,10100,28.14,D
sz002517,恺英网络,2025-09-24 10:31:06,28.15,14600,28.14,U
sz002517,恺英网络,2025-09-24 10:31:09,28.13,18500,28.15,D
sz002517,恺英网络,2025-09-24 10:31:12,28.14,13800,28.13,U
sz002517,恺英网络,2025-09-24 10:31:18,28.07,17300,28.13,D
sz002517,恺英网络,2025-09-24 10:31:27,28.07,8900,28.13,D
sz002517,恺英网络,2025-09-24 10:31:36,28.1,77800,28.1,D
sz002517,恺英网络,2025-09-24 10:31:39,28.1,15000,28.1,D
sz002517,恺英网络,2025-09-24 10:31:42,28.1,8900,28.1,U
sz002517,恺英网络,2025-09-24 10:31:45,28.1,11300,28.1,D
sz002517,恺英网络,2025-09-24 10:31:54,28.1,19300,28.1,U
sz002517,恺英网络,2025-09-24 10:31:57,28.06,8200,28.1,D
sz002517,恺英网络,2025-09-24 10:32:00,28.08,10400,28.06,U
sz002517,恺英网络,2025-09-24 10:32:03,28.05,11600,28.08,D
sz002517,恺英网络,2025-09-24 10:32:12,28.05,11400,28.04,U
sz002517,恺英网络,2025-09-24 10:32:18,28.03,23700,28.03,D
sz002517,恺英网络,2025-09-24 10:32:21,28.03,31800,28.03,D
sz002517,恺英网络,2025-09-24 10:32:24,28.03,38300,28.03,D
sz002517,恺英网络,2025-09-24 10:32:27,28.03,27700,28.03,D
sz002517,恺英网络,2025-09-24 10:32:30,28.1,10900,28.03,U
sz002517,恺英网络,2025-09-24 10:32:39,28.05,12900,28.1,D
sz002517,恺英网络,2025-09-24 10:32:45,28.04,14600,28.05,D
sz002517,恺英网络,2025-09-24 10:32:54,28.04,9800,28.04,U
sz002517,恺英网络,2025-09-24 10:32:57,28.03,7700,28.04,D
sz002517,恺英网络,2025-09-24 10:33:00,28.05,17000,28.03,U
sz002517,恺英网络,2025-09-24 10:33:03,28.07,9300,28.05,U
sz002517,恺英网络,2025-09-24 10:33:06,28.07,9100,28.07,U
sz002517,恺英网络,2025-09-24 10:33:09,28.08,7700,28.07,U
sz002517,恺英网络,2025-09-24 10:33:12,28.07,20300,28.08,E
sz002517,恺英网络,2025-09-24 10:33:15,28.1,20900,28.07,U
sz002517,恺英网络,2025-09-24 10:33:21,28.1,15500,28.09,U
sz002517,恺英网络,2025-09-24 10:33:27,28.12,11900,28.1,D
sz002517,恺英网络,2025-09-24 10:33:30,28.16,50500,28.12,U
sz002517,恺英网络,2025-09-24 10:33:33,28.15,17600,28.16,E
sz002517,恺英网络,2025-09-24 10:33:36,28.17,8500,28.15,E
sz002517,恺英网络,2025-09-24 10:33:39,28.15,17400,28.17,D
sz002517,恺英网络,2025-09-24 10:33:42,28.17,9700,28.15,U
sz002517,恺英网络,2025-09-24 10:33:45,28.17,9700,28.17,U
sz002517,恺英网络,2025-09-24 10:33:48,28.17,37600,28.17,D
sz002517,恺英网络,2025-09-24 10:33:51,28.18,18500,28.17,U
sz002517,恺英网络,2025-09-24 10:33:54,28.18,18100,28.18,U
sz002517,恺英网络,2025-09-24 10:33:57,28.17,19600,28.18,D
sz002517,恺英网络,2025-09-24 10:34:06,28.17,13400,28.17,D
sz002517,恺英网络,2025-09-24 10:34:09,28.19,8200,28.17,U
sz002517,恺英网络,2025-09-24 10:34:12,28.17,13500,28.19,D
sz002517,恺英网络,2025-09-24 10:34:15,28.18,9200,28.17,E
sz002517,恺英网络,2025-09-24 10:34:21,28.18,10600,28.19,U
sz002517,恺英网络,2025-09-24 10:34:24,28.19,8600,28.18,U
sz002517,恺英网络,2025-09-24 10:34:30,28.17,9200,28.18,D
sz002517,恺英网络,2025-09-24 10:34:33,28.19,11800,28.17,U
sz002517,恺英网络,2025-09-24 10:34:36,28.18,12400,28.19,D
sz002517,恺英网络,2025-09-24 10:34:39,28.19,38000,28.18,U
sz002517,恺英网络,2025-09-24 10:34:42,28.19,75100,28.19,U
sz002517,恺英网络,2025-09-24 10:34:45,28.19,29600,28.19,D
sz002517,恺英网络,2025-09-24 10:34:48,28.2,10200,28.19,U
sz002517,恺英网络,2025-09-24 10:34:51,28.2,87200,28.2,U
sz002517,恺英网络,2025-09-24 10:34:54,28.2,119100,28.2,D
sz002517,恺英网络,2025-09-24 10:35:00,28.21,38600,28.2,D
sz002517,恺英网络,2025-09-24 10:35:06,28.2,15700,28.21,D
sz002517,恺英网络,2025-09-24 10:35:09,28.21,70100,28.2,U
sz002517,恺英网络,2025-09-24 10:35:15,28.19,53200,28.21,D
sz002517,恺英网络,2025-09-24 10:35:18,28.21,18800,28.19,U
sz002517,恺英网络,2025-09-24 10:35:21,28.2,30600,28.21,E
sz002517,恺英网络,2025-09-24 10:35:24,28.15,62700,28.2,D
sz002517,恺英网络,2025-09-24 10:35:30,28.1,14200,28.1,D
sz002517,恺英网络,2025-09-24 10:35:33,28.15,25100,28.1,E
sz002517,恺英网络,2025-09-24 10:35:39,28.1,9000,28.15,D
sz002517,恺英网络,2025-09-24 10:36:06,28.13,25400,28.12,U
sz002517,恺英网络,2025-09-24 10:36:15,28.17,22500,28.13,U
sz002517,恺英网络,2025-09-24 10:36:18,28.18,11400,28.17,U
sz002517,恺英网络,2025-09-24 10:36:21,28.16,13600,28.18,E
sz002517,恺英网络,2025-09-24 10:36:27,28.16,16700,28.18,D
sz002517,恺英网络,2025-09-24 10:36:30,28.16,7600,28.16,D
sz002517,恺英网络,2025-09-24 10:36:36,28.16,10800,28.19,D
sz002517,恺英网络,2025-09-24 10:36:39,28.17,16900,28.16,U
sz002517,恺英网络,2025-09-24 10:36:54,28.19,9400,28.19,U
sz002517,恺英网络,2025-09-24 10:36:57,28.19,24200,28.19,U
sz002517,恺英网络,2025-09-24 10:37:03,28.15,30200,28.18,D
sz002517,恺英网络,2025-09-24 10:37:06,28.17,64800,28.15,U
sz002517,恺英网络,2025-09-24 10:37:12,28.14,13900,28.15,E
sz002517,恺英网络,2025-09-24 10:37:15,28.14,33400,28.14,U
sz002517,恺英网络,2025-09-24 10:37:21,28.14,10200,28.14,D
sz002517,恺英网络,2025-09-24 10:37:27,28.15,18700,28.12,U
sz002517,恺英网络,2025-09-24 10:37:39,28.14,7700,28.14,D
sz002517,恺英网络,2025-09-24 10:37:48,28.12,40600,28.12,D
sz002517,恺英网络,2025-09-24 10:38:00,28.12,8500,28.13,D
sz002517,恺英网络,2025-09-24 10:38:03,28.12,12100,28.12,U
sz002517,恺英网络,2025-09-24 10:38:18,28.11,8000,28.1,U
sz002517,恺英网络,2025-09-24 10:38:30,28.1,8300,28.1,D
sz002517,恺英网络,2025-09-24 10:38:54,28.06,7400,28.06,D
sz002517,恺英网络,2025-09-24 10:38:57,28.05,14900,28.06,D
sz002517,恺英网络,2025-09-24 10:39:09,28.05,8200,28.04,U
sz002517,恺英网络,2025-09-24 10:39:15,28.07,27400,28.03,U
sz002517,恺英网络,2025-09-24 10:39:18,28.04,9300,28.07,E
sz002517,恺英网络,2025-09-24 10:39:21,28.08,19800,28.04,U
sz002517,恺英网络,2025-09-24 10:39:24,28.1,30700,28.08,U
sz002517,恺英网络,2025-09-24 10:39:27,28.12,8600,28.1,U
sz002517,恺英网络,2025-09-24 10:39:33,28.12,28000,28.13,D
sz002517,恺英网络,2025-09-24 10:39:42,28.19,33000,28.18,U
sz002517,恺英网络,2025-09-24 10:39:45,28.19,36700,28.19,D
sz002517,恺英网络,2025-09-24 10:39:48,28.2,65100,28.19,U
sz002517,恺英网络,2025-09-24 10:39:51,28.22,99100,28.2,U
sz002517,恺英网络,2025-09-24 10:39:54,28.22,51600,28.22,U
sz002517,恺英网络,2025-09-24 10:39:57,28.22,8600,28.22,E
sz002517,恺英网络,2025-09-24 10:40:03,28.23,19500,28.22,U
sz002517,恺英网络,2025-09-24 10:40:06,28.24,7100,28.23,U
sz002517,恺英网络,2025-09-24 10:40:09,28.21,9300,28.24,D
sz002517,恺英网络,2025-09-24 10:40:18,28.21,7700,28.21,D
sz002517,恺英网络,2025-09-24 10:40:24,28.22,9300,28.21,U
sz002517,恺英网络,2025-09-24 10:40:27,28.22,17700,28.22,U
sz002517,恺英网络,2025-09-24 10:40:33,28.23,7100,28.23,U
sz002517,恺英网络,2025-09-24 10:40:36,28.22,11500,28.23,D
sz002517,恺英网络,2025-09-24 10:40:42,28.22,9600,28.23,D
sz002517,恺英网络,2025-09-24 10:40:57,28.21,12900,28.22,E
sz002517,恺英网络,2025-09-24 10:41:06,28.21,11200,28.21,D
sz002517,恺英网络,2025-09-24 10:41:09,28.21,19100,28.21,D
sz002517,恺英网络,2025-09-24 10:41:12,28.21,21700,28.21,D
sz002517,恺英网络,2025-09-24 10:41:15,28.22,60500,28.21,E
sz002517,恺英网络,2025-09-24 10:41:18,28.21,11000,28.22,D
sz002517,恺英网络,2025-09-24 10:41:21,28.22,18400,28.21,E
sz002517,恺英网络,2025-09-24 10:41:24,28.24,16700,28.22,U
sz002517,恺英网络,2025-09-24 10:41:27,28.24,8700,28.24,E
sz002517,恺英网络,2025-09-24 10:41:30,28.24,13600,28.24,U
sz002517,恺英网络,2025-09-24 10:41:33,28.24,10200,28.24,U
sz002517,恺英网络,2025-09-24 10:41:36,28.26,38300,28.24,U
sz002517,恺英网络,2025-09-24 10:41:39,28.25,22900,28.26,D
sz002517,恺英网络,2025-09-24 10:41:42,28.25,17500,28.25,D
sz002517,恺英网络,2025-09-24 10:41:48,28.27,8400,28.26,U
sz002517,恺英网络,2025-09-24 10:41:54,28.28,12100,28.28,U
sz002517,恺英网络,2025-09-24 10:41:57,28.28,10000,28.28,U
sz002517,恺英网络,2025-09-24 10:42:00,28.28,35400,28.28,U
sz002517,恺英网络,2025-09-24 10:42:03,28.28,18600,28.28,U
sz002517,恺英网络,2025-09-24 10:42:06,28.28,43800,28.28,U
sz002517,恺英网络,2025-09-24 10:42:09,28.28,10500,28.28,U
sz002517,恺英网络,2025-09-24 10:42:15,28.28,78300,28.28,U
sz002517,恺英网络,2025-09-24 10:42:18,28.29,16400,28.28,E
sz002517,恺英网络,2025-09-24 10:42:21,28.3,15500,28.29,U
sz002517,恺英网络,2025-09-24 10:42:24,28.3,7400,28.3,U
sz002517,恺英网络,2025-09-24 10:42:27,28.28,14000,28.3,D
sz002517,恺英网络,2025-09-24 10:42:30,28.29,11500,28.28,U
sz002517,恺英网络,2025-09-24 10:42:33,28.29,11200,28.29,U
sz002517,恺英网络,2025-09-24 10:42:36,28.28,11600,28.29,D
sz002517,恺英网络,2025-09-24 10:42:39,28.29,12500,28.28,U
sz002517,恺英网络,2025-09-24 10:42:42,28.3,22000,28.29,U
sz002517,恺英网络,2025-09-24 10:42:45,28.3,12400,28.3,D
sz002517,恺英网络,2025-09-24 10:42:48,28.3,9400,28.3,D
sz002517,恺英网络,2025-09-24 10:42:51,28.32,10500,28.3,U
sz002517,恺英网络,2025-09-24 10:42:54,28.31,12900,28.32,D
sz002517,恺英网络,2025-09-24 10:42:57,28.32,14700,28.31,U
sz002517,恺英网络,2025-09-24 10:43:00,28.31,19600,28.32,D
sz002517,恺英网络,2025-09-24 10:43:03,28.33,14800,28.31,U
sz002517,恺英网络,2025-09-24 10:43:06,28.33,13100,28.33,D
sz002517,恺英网络,2025-09-24 10:43:09,28.35,9700,28.33,U
sz002517,恺英网络,2025-09-24 10:43:15,28.35,17200,28.35,U
sz002517,恺英网络,2025-09-24 10:43:18,28.35,18900,28.35,U
sz002517,恺英网络,2025-09-24 10:43:21,28.38,69700,28.35,U
sz002517,恺英网络,2025-09-24 10:43:24,28.39,19600,28.38,U
sz002517,恺英网络,2025-09-24 10:43:27,28.39,25900,28.39,U
sz002517,恺英网络,2025-09-24 10:43:30,28.4,33300,28.39,U
sz002517,恺英网络,2025-09-24 10:43:33,28.42,11000,28.4,U
sz002517,恺英网络,2025-09-24 10:43:36,28.45,21900,28.42,U
sz002517,恺英网络,2025-09-24 10:43:39,28.47,69800,28.45,U
sz002517,恺英网络,2025-09-24 10:43:42,28.49,25100,28.47,E
sz002517,恺英网络,2025-09-24 10:43:45,28.5,33200,28.49,U
sz002517,恺英网络,2025-09-24 10:43:48,28.5,40200,28.5,U
sz002517,恺英网络,2025-09-24 10:43:51,28.49,52100,28.5,D
sz002517,恺英网络,2025-09-24 10:43:54,28.49,84700,28.49,U
sz002517,恺英网络,2025-09-24 10:43:57,28.43,52600,28.49,D
sz002517,恺英网络,2025-09-24 10:44:00,28.41,27400,28.43,D
sz002517,恺英网络,2025-09-24 10:44:03,28.4,28600,28.41,D
sz002517,恺英网络,2025-09-24 10:44:06,28.4,92500,28.4,D
sz002517,恺英网络,2025-09-24 10:44:09,28.37,21600,28.4,D
sz002517,恺英网络,2025-09-24 10:44:12,28.45,31900,28.37,U
sz002517,恺英网络,2025-09-24 10:44:18,28.41,31100,28.4,E
sz002517,恺英网络,2025-09-24 10:44:21,28.4,13300,28.41,E
sz002517,恺英网络,2025-09-24 10:44:24,28.41,8500,28.4,U
sz002517,恺英网络,2025-09-24 10:44:27,28.4,17800,28.41,D
sz002517,恺英网络,2025-09-24 10:44:30,28.4,16900,28.4,D
sz002517,恺英网络,2025-09-24 10:44:33,28.4,20200,28.4,U
sz002517,恺英网络,2025-09-24 10:44:36,28.4,7700,28.4,D
sz002517,恺英网络,2025-09-24 10:44:39,28.42,97700,28.4,E
sz002517,恺英网络,2025-09-24 10:44:42,28.4,10600,28.42,D
sz002517,恺英网络,2025-09-24 10:44:45,28.4,50600,28.4,D
sz002517,恺英网络,2025-09-24 10:44:48,28.4,66300,28.4,U
sz002517,恺英网络,2025-09-24 10:44:51,28.42,16200,28.4,U
sz002517,恺英网络,2025-09-24 10:44:54,28.41,13300,28.42,D
sz002517,恺英网络,2025-09-24 10:44:57,28.42,19100,28.41,U
sz002517,恺英网络,2025-09-24 10:45:03,28.42,79200,28.41,U
sz002517,恺英网络,2025-09-24 10:45:09,28.41,23500,28.41,D
sz002517,恺英网络,2025-09-24 10:45:12,28.42,19700,28.41,E
sz002517,恺英网络,2025-09-24 10:45:15,28.42,10100,28.42,D
sz002517,恺英网络,2025-09-24 10:45:18,28.44,74900,28.42,U
sz002517,恺英网络,2025-09-24 10:45:27,28.44,9800,28.45,D
sz002517,恺英网络,2025-09-24 10:45:30,28.45,12400,28.44,U
sz002517,恺英网络,2025-09-24 10:45:33,28.45,31000,28.45,U
sz002517,恺英网络,2025-09-24 10:45:36,28.45,19100,28.45,U
sz002517,恺英网络,2025-09-24 10:45:42,28.46,48600,28.45,U
sz002517,恺英网络,2025-09-24 10:45:45,28.46,15400,28.46,U
sz002517,恺英网络,2025-09-24 10:45:48,28.47,24100,28.46,U
sz002517,恺英网络,2025-09-24 10:45:51,28.47,40000,28.47,U
sz002517,恺英网络,2025-09-24 10:45:54,28.47,9900,28.47,U
sz002517,恺英网络,2025-09-24 10:45:57,28.47,12900,28.47,U
sz002517,恺英网络,2025-09-24 10:46:03,28.48,8200,28.48,U
sz002517,恺英网络,2025-09-24 10:46:06,28.48,11700,28.48,U
sz002517,恺英网络,2025-09-24 10:46:09,28.48,17700,28.48,U
sz002517,恺英网络,2025-09-24 10:46:12,28.48,55300,28.48,U
sz002517,恺英网络,2025-09-24 10:46:15,28.48,39200,28.48,U
sz002517,恺英网络,2025-09-24 10:46:21,28.48,9500,28.49,D
sz002517,恺英网络,2025-09-24 10:46:24,28.49,11900,28.48,U
sz002517,恺英网络,2025-09-24 10:46:27,28.48,19300,28.49,D
sz002517,恺英网络,2025-09-24 10:46:30,28.48,11400,28.48,D
sz002517,恺英网络,2025-09-24 10:46:36,28.49,14700,28.49,U
sz002517,恺英网络,2025-09-24 10:46:42,28.5,12100,28.5,U
sz002517,恺英网络,2025-09-24 10:46:45,28.49,16300,28.5,D
sz002517,恺英网络,2025-09-24 10:46:48,28.5,21300,28.49,U
sz002517,恺英网络,2025-09-24 10:46:51,28.49,10400,28.5,D
sz002517,恺英网络,2025-09-24 10:46:54,28.5,25200,28.49,U
sz002517,恺英网络,2025-09-24 10:46:57,28.49,18700,28.5,E
sz002517,恺英网络,2025-09-24 10:47:00,28.45,31000,28.49,D
sz002517,恺英网络,2025-09-24 10:47:03,28.44,70300,28.45,D
sz002517,恺英网络,2025-09-24 10:47:06,28.44,11300,28.44,D
sz002517,恺英网络,2025-09-24 10:47:09,28.42,24700,28.44,D
sz002517,恺英网络,2025-09-24 10:47:15,28.44,7300,28.44,D
sz002517,恺英网络,2025-09-24 10:47:18,28.42,23800,28.44,D
sz002517,恺英网络,2025-09-24 10:47:21,28.42,9100,28.42,D
sz002517,恺英网络,2025-09-24 10:47:24,28.42,11500,28.42,U
sz002517,恺英网络,2025-09-24 10:47:30,28.41,15200,28.42,D
sz002517,恺英网络,2025-09-24 10:47:36,28.4,59300,28.4,D
sz002517,恺英网络,2025-09-24 10:47:39,28.41,19700,28.4,U
sz002517,恺英网络,2025-09-24 10:47:42,28.42,17600,28.41,U
sz002517,恺英网络,2025-09-24 10:47:45,28.45,15300,28.42,U
sz002517,恺英网络,2025-09-24 10:47:48,28.4,26100,28.45,D
sz002517,恺英网络,2025-09-24 10:47:54,28.44,17300,28.45,D
sz002517,恺英网络,2025-09-24 10:48:12,28.4,8600,28.42,D
sz002517,恺英网络,2025-09-24 10:48:15,28.41,10300,28.4,U
sz002517,恺英网络,2025-09-24 10:48:18,28.42,9500,28.41,U
sz002517,恺英网络,2025-09-24 10:48:39,28.41,12500,28.41,D
sz002517,恺英网络,2025-09-24 10:48:45,28.44,8000,28.42,U
sz002517,恺英网络,2025-09-24 10:48:48,28.44,7800,28.44,U
sz002517,恺英网络,2025-09-24 10:48:51,28.43,18300,28.44,D
sz002517,恺英网络,2025-09-24 10:49:21,28.43,8100,28.43,U
sz002517,恺英网络,2025-09-24 10:49:24,28.43,8100,28.43,U
sz002517,恺英网络,2025-09-24 10:49:27,28.43,12400,28.43,D
sz002517,恺英网络,2025-09-24 10:49:30,28.44,36100,28.43,E
sz002517,恺英网络,2025-09-24 10:49:39,28.48,14000,28.43,U
sz002517,恺英网络,2025-09-24 10:50:03,28.48,8300,28.48,D
sz002517,恺英网络,2025-09-24 10:50:09,28.48,10500,28.48,D
sz002517,恺英网络,2025-09-24 10:50:12,28.48,9000,28.48,U
sz002517,恺英网络,2025-09-24 10:50:18,28.49,12700,28.49,U
sz002517,恺英网络,2025-09-24 10:50:24,28.5,9200,28.49,U
sz002517,恺英网络,2025-09-24 10:50:30,28.5,9000,28.5,U
sz002517,恺英网络,2025-09-24 10:50:33,28.5,11255,28.5,U
sz002517,恺英网络,2025-09-24 10:50:36,28.5,38300,28.5,U
sz002517,恺英网络,2025-09-24 10:50:42,28.51,12200,28.51,U
sz002517,恺英网络,2025-09-24 10:50:48,28.51,13800,28.5,U
sz002517,恺英网络,2025-09-24 10:50:54,28.51,26000,28.51,D
sz002517,恺英网络,2025-09-24 10:50:57,28.52,8100,28.51,U
sz002517,恺英网络,2025-09-24 10:51:03,28.53,7400,28.52,U
sz002517,恺英网络,2025-09-24 10:51:06,28.54,34300,28.53,U
sz002517,恺英网络,2025-09-24 10:51:15,28.54,7500,28.55,D
sz002517,恺英网络,2025-09-24 10:51:18,28.55,13200,28.54,U
sz002517,恺英网络,2025-09-24 10:51:21,28.56,7300,28.55,U
sz002517,恺英网络,2025-09-24 10:51:30,28.57,7500,28.56,U
sz002517,恺英网络,2025-09-24 10:51:36,28.57,13200,28.57,U
sz002517,恺英网络,2025-09-24 10:51:42,28.57,19700,28.57,U
sz002517,恺英网络,2025-09-24 10:51:45,28.56,21000,28.57,D
sz002517,恺英网络,2025-09-24 10:51:48,28.57,22400,28.56,E
sz002517,恺英网络,2025-09-24 10:51:51,28.57,48300,28.57,D
sz002517,恺英网络,2025-09-24 10:52:00,28.55,10200,28.57,D
sz002517,恺英网络,2025-09-24 10:52:03,28.57,23900,28.55,E
sz002517,恺英网络,2025-09-24 10:52:09,28.59,7900,28.58,E
sz002517,恺英网络,2025-09-24 10:52:15,28.59,7300,28.6,D
sz002517,恺英网络,2025-09-24 10:52:18,28.59,21000,28.59,U
sz002517,恺英网络,2025-09-24 10:52:21,28.59,11000,28.59,D
sz002517,恺英网络,2025-09-24 10:52:27,28.6,7700,28.6,U
sz002517,恺英网络,2025-09-24 10:52:33,28.6,35900,28.6,U
sz002517,恺英网络,2025-09-24 10:52:36,28.6,41700,28.6,U
sz002517,恺英网络,2025-09-24 10:52:39,28.6,14300,28.6,D
sz002517,恺英网络,2025-09-24 10:52:42,28.64,12000,28.6,U
sz002517,恺英网络,2025-09-24 10:52:48,28.66,8000,28.65,U
sz002517,恺英网络,2025-09-24 10:52:51,28.66,19200,28.66,U
sz002517,恺英网络,2025-09-24 10:52:57,28.67,14100,28.68,D
sz002517,恺英网络,2025-09-24 10:53:00,28.69,25000,28.67,U
sz002517,恺英网络,2025-09-24 10:53:03,28.69,27200,28.69,D
sz002517,恺英网络,2025-09-24 10:53:06,28.71,47400,28.69,U
sz002517,恺英网络,2025-09-24 10:53:09,28.71,52000,28.71,U
sz002517,恺英网络,2025-09-24 10:53:12,28.72,33300,28.71,U
sz002517,恺英网络,2025-09-24 10:53:15,28.73,15100,28.72,U
sz002517,恺英网络,2025-09-24 10:53:18,28.68,73900,28.73,D
sz002517,恺英网络,2025-09-24 10:53:21,28.66,13900,28.68,D
sz002517,恺英网络,2025-09-24 10:53:24,28.7,8500,28.66,U
sz002517,恺英网络,2025-09-24 10:53:27,28.73,24500,28.7,U
sz002517,恺英网络,2025-09-24 10:53:30,28.73,19200,28.73,U
sz002517,恺英网络,2025-09-24 10:53:33,28.75,57000,28.73,U
sz002517,恺英网络,2025-09-24 10:53:36,28.71,40700,28.75,D
sz002517,恺英网络,2025-09-24 10:53:39,28.79,50000,28.71,U
sz002517,恺英网络,2025-09-24 10:53:45,28.74,7600,28.75,E
sz002517,恺英网络,2025-09-24 10:53:51,28.69,67200,28.73,D
sz002517,恺英网络,2025-09-24 10:53:54,28.71,11100,28.69,U
sz002517,恺英网络,2025-09-24 10:53:57,28.69,51300,28.71,D
sz002517,恺英网络,2025-09-24 10:54:00,28.69,27300,28.69,U
sz002517,恺英网络,2025-09-24 10:54:03,28.69,8600,28.69,U
sz002517,恺英网络,2025-09-24 10:54:06,28.69,10400,28.69,U
sz002517,恺英网络,2025-09-24 10:54:09,28.68,16200,28.69,D
sz002517,恺英网络,2025-09-24 10:54:15,28.7,9000,28.74,D
sz002517,恺英网络,2025-09-24 10:54:24,28.73,8600,28.73,D
sz002517,恺英网络,2025-09-24 10:54:30,28.75,40600,28.73,U
sz002517,恺英网络,2025-09-24 10:54:36,28.75,24600,28.74,U
sz002517,恺英网络,2025-09-24 10:54:39,28.75,11000,28.75,U
sz002517,恺英网络,2025-09-24 10:54:42,28.75,27500,28.75,D
sz002517,恺英网络,2025-09-24 10:54:45,28.76,21700,28.75,U
sz002517,恺英网络,2025-09-24 10:54:54,28.78,10700,28.78,D
sz002517,恺英网络,2025-09-24 10:54:57,28.78,86300,28.78,U
sz002517,恺英网络,2025-09-24 10:55:00,28.77,10400,28.78,D
sz002517,恺英网络,2025-09-24 10:55:03,28.78,8700,28.77,U
sz002517,恺英网络,2025-09-24 10:55:06,28.78,31700,28.78,D
sz002517,恺英网络,2025-09-24 10:55:09,28.78,8800,28.78,D
sz002517,恺英网络,2025-09-24 10:55:15,28.77,15300,28.78,D
sz002517,恺英网络,2025-09-24 10:55:18,28.77,10400,28.77,U
sz002517,恺英网络,2025-09-24 10:55:21,28.75,9900,28.77,D
sz002517,恺英网络,2025-09-24 10:55:27,28.78,8100,28.77,U
sz002517,恺英网络,2025-09-24 10:55:30,28.78,8700,28.78,U
sz002517,恺英网络,2025-09-24 10:55:36,28.77,8400,28.76,U
sz002517,恺英网络,2025-09-24 10:55:39,28.77,9300,28.77,D
sz002517,恺英网络,2025-09-24 10:55:42,28.79,10000,28.77,U
sz002517,恺英网络,2025-09-24 10:55:48,28.79,61600,28.78,U
sz002517,恺英网络,2025-09-24 10:55:57,28.77,19200,28.79,D
sz002517,恺英网络,2025-09-24 10:56:00,28.74,17500,28.77,D
sz002517,恺英网络,2025-09-24 10:56:06,28.8,24900,28.79,U
sz002517,恺英网络,2025-09-24 10:56:09,28.81,12900,28.8,U
sz002517,恺英网络,2025-09-24 10:56:21,28.82,10100,28.82,U
sz002517,恺英网络,2025-09-24 10:56:24,28.83,8200,28.82,U
sz002517,恺英网络,2025-09-24 10:56:27,28.85,10000,28.83,U
sz002517,恺英网络,2025-09-24 10:56:30,28.85,58300,28.85,U
sz002517,恺英网络,2025-09-24 10:56:33,28.85,8900,28.85,D
sz002517,恺英网络,2025-09-24 10:56:36,28.85,14100,28.85,U
sz002517,恺英网络,2025-09-24 10:56:39,28.85,21800,28.85,D
sz002517,恺英网络,2025-09-24 10:56:42,28.85,21000,28.85,D
sz002517,恺英网络,2025-09-24 10:56:45,28.81,16500,28.85,D
sz002517,恺英网络,2025-09-24 10:56:48,28.79,44000,28.81,D
sz002517,恺英网络,2025-09-24 10:56:51,28.8,13300,28.79,E
sz002517,恺英网络,2025-09-24 10:56:54,28.77,18800,28.8,D
sz002517,恺英网络,2025-09-24 10:57:00,28.75,15100,28.83,D
sz002517,恺英网络,2025-09-24 10:57:06,28.82,45700,28.82,U
sz002517,恺英网络,2025-09-24 10:57:18,28.76,10600,28.77,D
sz002517,恺英网络,2025-09-24 10:57:24,28.75,43800,28.76,D
sz002517,恺英网络,2025-09-24 10:57:27,28.74,33600,28.75,D
sz002517,恺英网络,2025-09-24 10:57:30,28.72,11100,28.74,D
sz002517,恺英网络,2025-09-24 10:57:33,28.7,17000,28.72,D
sz002517,恺英网络,2025-09-24 10:57:36,28.7,10300,28.7,D
sz002517,恺英网络,2025-09-24 10:57:39,28.72,31000,28.7,U
sz002517,恺英网络,2025-09-24 10:57:45,28.69,13900,28.7,D
sz002517,恺英网络,2025-09-24 10:57:48,28.68,7600,28.69,D
sz002517,恺英网络,2025-09-24 10:57:51,28.7,16600,28.68,U
sz002517,恺英网络,2025-09-24 10:57:57,28.7,34700,28.68,U
sz002517,恺英网络,2025-09-24 10:58:00,28.68,48500,28.7,D
sz002517,恺英网络,2025-09-24 10:58:03,28.71,24500,28.68,U
sz002517,恺英网络,2025-09-24 10:58:06,28.71,27400,28.71,U
sz002517,恺英网络,2025-09-24 10:58:09,28.71,25000,28.71,D
sz002517,恺英网络,2025-09-24 10:58:12,28.73,11200,28.71,U
sz002517,恺英网络,2025-09-24 10:58:15,28.74,7300,28.73,U
sz002517,恺英网络,2025-09-24 10:58:18,28.74,8900,28.74,U
sz002517,恺英网络,2025-09-24 10:58:24,28.78,7900,28.75,U
sz002517,恺英网络,2025-09-24 10:58:27,28.76,8700,28.78,D
sz002517,恺英网络,2025-09-24 10:58:30,28.76,8700,28.76,U
sz002517,恺英网络,2025-09-24 10:58:36,28.79,8400,28.79,U
sz002517,恺英网络,2025-09-24 10:58:39,28.8,107600,28.79,U
sz002517,恺英网络,2025-09-24 10:58:42,28.77,9700,28.8,D
sz002517,恺英网络,2025-09-24 10:58:45,28.77,11600,28.77,D
sz002517,恺英网络,2025-09-24 10:58:48,28.8,24800,28.77,U
sz002517,恺英网络,2025-09-24 10:58:57,28.81,20000,28.81,U
sz002517,恺英网络,2025-09-24 10:59:12,28.77,17500,28.78,D
sz002517,恺英网络,2025-09-24 10:59:18,28.76,7500,28.76,D
sz002517,恺英网络,2025-09-24 10:59:21,28.77,8800,28.76,E
sz002517,恺英网络,2025-09-24 10:59:24,28.76,20200,28.77,D
sz002517,恺英网络,2025-09-24 10:59:33,28.76,9600,28.75,U
sz002517,恺英网络,2025-09-24 10:59:51,28.75,14900,28.74,U
sz002517,恺英网络,2025-09-24 10:59:54,28.74,8300,28.75,D
sz002517,恺英网络,2025-09-24 11:00:03,28.74,8300,28.74,D
sz002517,恺英网络,2025-09-24 11:00:06,28.74,28100,28.74,D
sz002517,恺英网络,2025-09-24 11:00:09,28.74,10100,28.74,U
sz002517,恺英网络,2025-09-24 11:00:12,28.74,14200,28.74,D
sz002517,恺英网络,2025-09-24 11:00:21,28.73,11400,28.74,E
sz002517,恺英网络,2025-09-24 11:00:24,28.75,10000,28.73,U
sz002517,恺英网络,2025-09-24 11:00:36,28.76,12500,28.75,U
sz002517,恺英网络,2025-09-24 11:00:45,28.78,21500,28.74,U
sz002517,恺英网络,2025-09-24 11:01:03,28.79,11200,28.75,U
sz002517,恺英网络,2025-09-24 11:01:09,28.8,8000,28.8,U
sz002517,恺英网络,2025-09-24 11:01:15,28.8,10600,28.8,U
sz002517,恺英网络,2025-09-24 11:01:18,28.8,20200,28.8,U
sz002517,恺英网络,2025-09-24 11:01:21,28.75,13200,28.8,E
sz002517,恺英网络,2025-09-24 11:01:30,28.8,8100,28.78,U
sz002517,恺英网络,2025-09-24 11:01:33,28.8,30100,28.8,U
sz002517,恺英网络,2025-09-24 11:01:36,28.78,36000,28.8,D
sz002517,恺英网络,2025-09-24 11:01:39,28.78,7700,28.78,D
sz002517,恺英网络,2025-09-24 11:01:42,28.78,19400,28.78,D
sz002517,恺英网络,2025-09-24 11:01:45,28.78,22200,28.78,D
sz002517,恺英网络,2025-09-24 11:01:48,28.8,10000,28.78,U
sz002517,恺英网络,2025-09-24 11:01:51,28.78,16700,28.8,D
sz002517,恺英网络,2025-09-24 11:02:03,28.8,16200,28.8,U
sz002517,恺英网络,2025-09-24 11:02:06,28.79,10600,28.8,E
sz002517,恺英网络,2025-09-24 11:02:12,28.79,7600,28.8,D
sz002517,恺英网络,2025-09-24 11:02:15,28.8,51200,28.79,U
sz002517,恺英网络,2025-09-24 11:02:18,28.8,36700,28.8,D
sz002517,恺英网络,2025-09-24 11:02:21,28.82,90400,28.8,U
sz002517,恺英网络,2025-09-24 11:02:24,28.84,80300,28.82,U
sz002517,恺英网络,2025-09-24 11:02:27,28.85,40700,28.84,U
sz002517,恺英网络,2025-09-24 11:02:30,28.85,18400,28.85,U
sz002517,恺英网络,2025-09-24 11:02:33,28.85,52400,28.85,U
sz002517,恺英网络,2025-09-24 11:02:36,28.86,16200,28.85,U
sz002517,恺英网络,2025-09-24 11:02:39,28.86,19700,28.86,U
sz002517,恺英网络,2025-09-24 11:02:42,28.88,55200,28.86,U
sz002517,恺英网络,2025-09-24 11:02:45,28.88,11000,28.88,U
sz002517,恺英网络,2025-09-24 11:02:48,28.88,14800,28.88,U
sz002517,恺英网络,2025-09-24 11:02:51,28.88,20500,28.88,U
sz002517,恺英网络,2025-09-24 11:02:54,28.87,12000,28.88,D
sz002517,恺英网络,2025-09-24 11:02:57,28.88,7300,28.87,U
sz002517,恺英网络,2025-09-24 11:03:03,28.84,77200,28.88,D
sz002517,恺英网络,2025-09-24 11:03:06,28.88,14300,28.84,U
sz002517,恺英网络,2025-09-24 11:03:09,28.82,111400,28.88,E
sz002517,恺英网络,2025-09-24 11:03:12,28.84,44300,28.82,U
sz002517,恺英网络,2025-09-24 11:03:15,28.82,50000,28.84,E
sz002517,恺英网络,2025-09-24 11:03:18,28.82,26500,28.82,U
sz002517,恺英网络,2025-09-24 11:03:30,28.79,41200,28.81,D
sz002517,恺英网络,2025-09-24 11:03:33,28.79,14700,28.79,D
sz002517,恺英网络,2025-09-24 11:03:48,28.8,16800,28.77,U
sz002517,恺英网络,2025-09-24 11:03:51,28.81,7000,28.8,U
sz002517,恺英网络,2025-09-24 11:04:00,28.79,17200,28.82,D
sz002517,恺英网络,2025-09-24 11:04:03,28.82,7000,28.79,U
sz002517,恺英网络,2025-09-24 11:04:21,28.81,10900,28.82,U
sz002517,恺英网络,2025-09-24 11:04:24,28.79,9800,28.81,D
sz002517,恺英网络,2025-09-24 11:04:36,28.75,11100,28.77,D
sz002517,恺英网络,2025-09-24 11:04:48,28.75,24100,28.75,D
sz002517,恺英网络,2025-09-24 11:04:51,28.77,13700,28.75,U
sz002517,恺英网络,2025-09-24 11:04:57,28.75,8600,28.74,U
sz002517,恺英网络,2025-09-24 11:05:06,28.73,22500,28.74,D
sz002517,恺英网络,2025-09-24 11:05:09,28.74,12100,28.73,U
sz002517,恺英网络,2025-09-24 11:05:12,28.75,13900,28.74,U
sz002517,恺英网络,2025-09-24 11:05:21,28.7,7300,28.72,D
sz002517,恺英网络,2025-09-24 11:05:24,28.71,10000,28.7,U
sz002517,恺英网络,2025-09-24 11:06:00,28.76,76500,28.7,U
sz002517,恺英网络,2025-09-24 11:06:21,28.7,48600,28.71,D
sz002517,恺英网络,2025-09-24 11:06:24,28.7,10500,28.7,E
sz002517,恺英网络,2025-09-24 11:06:36,28.64,10900,28.65,D
sz002517,恺英网络,2025-09-24 11:06:39,28.65,7000,28.64,E
sz002517,恺英网络,2025-09-24 11:06:42,28.64,12600,28.65,D
sz002517,恺英网络,2025-09-24 11:06:48,28.64,7500,28.65,D
sz002517,恺英网络,2025-09-24 11:07:00,28.6,23100,28.6,U
sz002517,恺英网络,2025-09-24 11:07:06,28.55,8000,28.56,D
sz002517,恺英网络,2025-09-24 11:07:09,28.55,8000,28.55,D
sz002517,恺英网络,2025-09-24 11:07:12,28.55,7700,28.55,U
sz002517,恺英网络,2025-09-24 11:07:15,28.5,12000,28.55,D
sz002517,恺英网络,2025-09-24 11:07:21,28.5,19900,28.5,D
sz002517,恺英网络,2025-09-24 11:07:24,28.49,15400,28.5,D
sz002517,恺英网络,2025-09-24 11:07:27,28.5,15400,28.49,U
sz002517,恺英网络,2025-09-24 11:07:30,28.47,9800,28.5,D
sz002517,恺英网络,2025-09-24 11:07:36,28.46,7400,28.47,D
sz002517,恺英网络,2025-09-24 11:07:39,28.45,8000,28.46,D
sz002517,恺英网络,2025-09-24 11:07:42,28.46,30500,28.45,U
sz002517,恺英网络,2025-09-24 11:07:45,28.45,16000,28.46,D
sz002517,恺英网络,2025-09-24 11:07:48,28.45,10500,28.45,D
sz002517,恺英网络,2025-09-24 11:07:51,28.45,12600,28.45,D
sz002517,恺英网络,2025-09-24 11:07:54,28.43,7800,28.45,D
sz002517,恺英网络,2025-09-24 11:07:57,28.43,10800,28.43,D
sz002517,恺英网络,2025-09-24 11:08:00,28.42,7300,28.43,D
sz002517,恺英网络,2025-09-24 11:08:06,28.42,13900,28.42,D
sz002517,恺英网络,2025-09-24 11:08:12,28.4,9800,28.42,D
sz002517,恺英网络,2025-09-24 11:08:18,28.4,17400,28.41,D
sz002517,恺英网络,2025-09-24 11:08:21,28.4,8100,28.4,D
sz002517,恺英网络,2025-09-24 11:08:24,28.39,12000,28.4,D
sz002517,恺英网络,2025-09-24 11:08:30,28.38,9600,28.39,D
sz002517,恺英网络,2025-09-24 11:08:45,28.37,14700,28.37,U
sz002517,恺英网络,2025-09-24 11:08:51,28.37,9400,28.37,U
sz002517,恺英网络,2025-09-24 11:08:54,28.36,7700,28.37,D
sz002517,恺英网络,2025-09-24 11:08:57,28.37,26300,28.36,U
sz002517,恺英网络,2025-09-24 11:09:00,28.37,12800,28.37,D
sz002517,恺英网络,2025-09-24 11:09:03,28.4,9100,28.37,U
sz002517,恺英网络,2025-09-24 11:09:09,28.42,10518,28.41,U
sz002517,恺英网络,2025-09-24 11:09:15,28.43,11500,28.43,U
sz002517,恺英网络,2025-09-24 11:09:33,28.49,8700,28.49,U
sz002517,恺英网络,2025-09-24 11:09:54,28.54,10000,28.54,D
sz002517,恺英网络,2025-09-24 11:10:00,28.52,20800,28.54,D
sz002517,恺英网络,2025-09-24 11:10:03,28.54,9500,28.52,U
sz002517,恺英网络,2025-09-24 11:10:18,28.53,7400,28.54,D
sz002517,恺英网络,2025-09-24 11:10:21,28.53,12700,28.53,U
sz002517,恺英网络,2025-09-24 11:10:24,28.54,7300,28.53,U
sz002517,恺英网络,2025-09-24 11:10:27,28.53,12000,28.54,D
sz002517,恺英网络,2025-09-24 11:10:54,28.6,14100,28.58,U
sz002517,恺英网络,2025-09-24 11:10:57,28.6,10000,28.6,U
sz002517,恺英网络,2025-09-24 11:11:33,28.62,27000,28.63,D
sz002517,恺英网络,2025-09-24 11:11:36,28.6,19700,28.62,D
sz002517,恺英网络,2025-09-24 11:11:39,28.6,7800,28.6,D
sz002517,恺英网络,2025-09-24 11:11:54,28.55,25300,28.55,D
sz002517,恺英网络,2025-09-24 11:11:57,28.55,8300,28.55,D
sz002517,恺英网络,2025-09-24 11:12:00,28.6,37700,28.55,U
sz002517,恺英网络,2025-09-24 11:12:03,28.6,9100,28.6,U
sz002517,恺英网络,2025-09-24 11:12:06,28.51,7800,28.6,D
sz002517,恺英网络,2025-09-24 11:12:09,28.6,8000,28.51,U
sz002517,恺英网络,2025-09-24 11:12:15,28.6,9200,28.55,U
sz002517,恺英网络,2025-09-24 11:12:27,28.55,9900,28.6,D
sz002517,恺英网络,2025-09-24 11:12:48,28.6,10100,28.58,U
sz002517,恺英网络,2025-09-24 11:13:21,28.52,8500,28.56,D
sz002517,恺英网络,2025-09-24 11:13:33,28.51,31300,28.51,D
sz002517,恺英网络,2025-09-24 11:13:51,28.5,8000,28.5,D
sz002517,恺英网络,2025-09-24 11:13:57,28.5,7300,28.5,D
sz002517,恺英网络,2025-09-24 11:14:30,28.53,95600,28.46,U
sz002517,恺英网络,2025-09-24 11:14:33,28.55,7400,28.53,U
sz002517,恺英网络,2025-09-24 11:14:36,28.5,24800,28.55,D
sz002517,恺英网络,2025-09-24 11:14:51,28.48,8200,28.5,D
sz002517,恺英网络,2025-09-24 11:15:03,28.49,7500,28.5,D
sz002517,恺英网络,2025-09-24 11:15:09,28.49,22200,28.49,U
sz002517,恺英网络,2025-09-24 11:15:30,28.49,35300,28.5,D
sz002517,恺英网络,2025-09-24 11:15:36,28.49,8800,28.48,U
sz002517,恺英网络,2025-09-24 11:15:57,28.47,7500,28.47,U
sz002517,恺英网络,2025-09-24 11:16:12,28.45,15600,28.46,D
sz002517,恺英网络,2025-09-24 11:16:18,28.42,23900,28.43,D
sz002517,恺英网络,2025-09-24 11:16:33,28.41,9800,28.43,D
sz002517,恺英网络,2025-09-24 11:16:42,28.43,15300,28.43,D
sz002517,恺英网络,2025-09-24 11:16:45,28.43,23200,28.43,D
sz002517,恺英网络,2025-09-24 11:16:51,28.45,7400,28.43,U
sz002517,恺英网络,2025-09-24 11:16:54,28.42,8700,28.45,D
sz002517,恺英网络,2025-09-24 11:17:06,28.41,10800,28.43,D
sz002517,恺英网络,2025-09-24 11:17:09,28.41,8500,28.41,D
sz002517,恺英网络,2025-09-24 11:17:15,28.42,10400,28.41,U
sz002517,恺英网络,2025-09-24 11:17:21,28.42,236800,28.42,D
sz002517,恺英网络,2025-09-24 11:17:24,28.44,9300,28.42,E
sz002517,恺英网络,2025-09-24 11:17:33,28.49,10900,28.44,U
sz002517,恺英网络,2025-09-24 11:17:36,28.5,8400,28.49,U
sz002517,恺英网络,2025-09-24 11:17:57,28.49,8500,28.48,U
sz002517,恺英网络,2025-09-24 11:18:30,28.49,15900,28.48,U
sz002517,恺英网络,2025-09-24 11:18:42,28.45,11100,28.48,D
sz002517,恺英网络,2025-09-24 11:19:06,28.4,87800,28.44,D
sz002517,恺英网络,2025-09-24 11:19:27,28.46,10900,28.47,D
sz002517,恺英网络,2025-09-24 11:19:45,28.42,36200,28.43,D
sz002517,恺英网络,2025-09-24 11:20:06,28.43,13100,28.47,D
sz002517,恺英网络,2025-09-24 11:20:18,28.48,29000,28.43,U
sz002517,恺英网络,2025-09-24 11:20:54,28.44,7400,28.42,U
sz002517,恺英网络,2025-09-24 11:21:39,28.47,33200,28.42,U
sz002517,恺英网络,2025-09-24 11:22:42,28.48,10400,28.5,D
sz002517,恺英网络,2025-09-24 11:22:45,28.48,8200,28.48,D
sz002517,恺英网络,2025-09-24 11:22:48,28.48,54914,28.48,U
sz002517,恺英网络,2025-09-24 11:22:51,28.52,12000,28.48,U
sz002517,恺英网络,2025-09-24 11:23:21,28.6,7900,28.6,U
sz002517,恺英网络,2025-09-24 11:25:03,28.66,7000,28.63,U
sz002517,恺英网络,2025-09-24 11:25:24,28.67,8000,28.66,U
sz002517,恺英网络,2025-09-24 11:25:30,28.66,7600,28.66,U
sz002517,恺英网络,2025-09-24 11:26:06,28.63,8200,28.63,D
sz002517,恺英网络,2025-09-24 11:26:15,28.63,7400,28.63,D
sz002517,恺英网络,2025-09-24 11:26:21,28.63,7200,28.63,D
sz002517,恺英网络,2025-09-24 11:26:42,28.66,16600,28.65,U
sz002517,恺英网络,2025-09-24 11:26:45,28.69,29700,28.66,U
sz002517,恺英网络,2025-09-24 11:26:48,28.64,19300,28.69,D
sz002517,恺英网络,2025-09-24 11:27:00,28.69,11300,28.7,E
sz002517,恺英网络,2025-09-24 11:27:12,28.67,13800,28.68,E
sz002517,恺英网络,2025-09-24 11:27:24,28.65,12700,28.68,D
sz002517,恺英网络,2025-09-24 11:27:33,28.62,10900,28.64,D
sz002517,恺英网络,2025-09-24 11:27:39,28.65,13100,28.64,U
sz002517,恺英网络,2025-09-24 11:28:09,28.48,8100,28.5,D
sz002517,恺英网络,2025-09-24 11:28:15,28.59,11300,28.5,U
sz002517,恺英网络,2025-09-24 11:28:18,28.59,8400,28.59,U
sz002517,恺英网络,2025-09-24 11:28:33,28.64,8800,28.6,U
sz002517,恺英网络,2025-09-24 11:28:48,28.62,8600,28.62,D
sz002517,恺英网络,2025-09-24 13:00:00,28.62,29600,28.58,U
sz002517,恺英网络,2025-09-24 13:00:03,28.64,42800,28.62,E
sz002517,恺英网络,2025-09-24 13:00:06,28.66,10100,28.64,D
sz002517,恺英网络,2025-09-24 13:00:21,28.62,15300,28.69,D
sz002517,恺英网络,2025-09-24 13:00:57,28.63,49400,28.64,U
sz002517,恺英网络,2025-09-24 13:01:00,28.6,14600,28.63,D
sz002517,恺英网络,2025-09-24 13:01:03,28.61,85700,28.6,E
sz002517,恺英网络,2025-09-24 13:01:15,28.58,56900,28.58,D
sz002517,恺英网络,2025-09-24 13:01:18,28.58,8200,28.58,D
sz002517,恺英网络,2025-09-24 13:01:39,28.64,29200,28.64,U
sz002517,恺英网络,2025-09-24 13:02:00,28.58,9300,28.62,D
sz002517,恺英网络,2025-09-24 13:02:03,28.58,55700,28.58,D
sz002517,恺英网络,2025-09-24 13:02:06,28.58,19200,28.58,E
sz002517,恺英网络,2025-09-24 13:02:12,28.58,8100,28.6,D
sz002517,恺英网络,2025-09-24 13:02:21,28.6,13600,28.55,U
sz002517,恺英网络,2025-09-24 13:04:27,28.58,13700,28.58,E
sz002517,恺英网络,2025-09-24 13:04:30,28.6,21700,28.58,U
sz002517,恺英网络,2025-09-24 13:04:33,28.6,27900,28.6,D
sz002517,恺英网络,2025-09-24 13:04:36,28.55,19600,28.6,D
sz002517,恺英网络,2025-09-24 13:04:45,28.61,7500,28.61,U
sz002517,恺英网络,2025-09-24 13:04:54,28.55,9100,28.57,D
sz002517,恺英网络,2025-09-24 13:05:00,28.55,9500,28.61,D
sz002517,恺英网络,2025-09-24 13:05:03,28.54,24200,28.55,D
sz002517,恺英网络,2025-09-24 13:05:06,28.6,39200,28.54,U
sz002517,恺英网络,2025-09-24 13:05:24,28.6,9400,28.62,D
sz002517,恺英网络,2025-09-24 13:05:45,28.57,10900,28.57,D
sz002517,恺英网络,2025-09-24 13:06:18,28.52,9300,28.55,D
sz002517,恺英网络,2025-09-24 13:06:33,28.51,7600,28.51,D
sz002517,恺英网络,2025-09-24 13:06:36,28.51,10800,28.51,D
sz002517,恺英网络,2025-09-24 13:06:45,28.5,8000,28.51,D
sz002517,恺英网络,2025-09-24 13:06:48,28.5,7100,28.5,D
sz002517,恺英网络,2025-09-24 13:06:54,28.45,11700,28.49,D
sz002517,恺英网络,2025-09-24 13:06:57,28.46,13200,28.45,U
sz002517,恺英网络,2025-09-24 13:07:00,28.45,7500,28.46,D
sz002517,恺英网络,2025-09-24 13:07:03,28.5,17100,28.45,U
sz002517,恺英网络,2025-09-24 13:07:06,28.5,20600,28.5,D
sz002517,恺英网络,2025-09-24 13:07:15,28.46,9700,28.5,D
sz002517,恺英网络,2025-09-24 13:07:24,28.51,20000,28.5,U
sz002517,恺英网络,2025-09-24 13:08:15,28.44,14200,28.45,D
sz002517,恺英网络,2025-09-24 13:08:24,28.41,8900,28.42,D
sz002517,恺英网络,2025-09-24 13:08:30,28.41,49900,28.41,D
sz002517,恺英网络,2025-09-24 13:08:33,28.41,12100,28.41,D
sz002517,恺英网络,2025-09-24 13:08:51,28.4,10500,28.4,D
sz002517,恺英网络,2025-09-24 13:08:54,28.41,7600,28.4,U
sz002517,恺英网络,2025-09-24 13:09:03,28.39,10400,28.4,D
sz002517,恺英网络,2025-09-24 13:09:12,28.38,12700,28.39,D
sz002517,恺英网络,2025-09-24 13:09:21,28.38,10400,28.39,U
sz002517,恺英网络,2025-09-24 13:09:27,28.37,10700,28.4,D
sz002517,恺英网络,2025-09-24 13:09:45,28.36,33900,28.39,D
sz002517,恺英网络,2025-09-24 13:09:51,28.4,7500,28.37,U
sz002517,恺英网络,2025-09-24 13:09:54,28.37,7800,28.4,D
sz002517,恺英网络,2025-09-24 13:09:57,28.37,14700,28.37,U
sz002517,恺英网络,2025-09-24 13:10:00,28.36,18100,28.37,D
sz002517,恺英网络,2025-09-24 13:10:03,28.36,14300,28.36,D
sz002517,恺英网络,2025-09-24 13:10:12,28.36,9800,28.37,D
sz002517,恺英网络,2025-09-24 13:10:15,28.4,17400,28.36,U
sz002517,恺英网络,2025-09-24 13:10:27,28.4,14700,28.4,D
sz002517,恺英网络,2025-09-24 13:11:03,28.42,18100,28.41,U
sz002517,恺英网络,2025-09-24 13:11:06,28.47,32300,28.42,U
sz002517,恺英网络,2025-09-24 13:11:09,28.42,36000,28.47,D
sz002517,恺英网络,2025-09-24 13:11:12,28.49,42500,28.42,U
sz002517,恺英网络,2025-09-24 13:11:15,28.49,35900,28.49,U
sz002517,恺英网络,2025-09-24 13:11:18,28.5,19900,28.49,U
sz002517,恺英网络,2025-09-24 13:11:21,28.5,16200,28.5,U
sz002517,恺英网络,2025-09-24 13:11:24,28.48,14500,28.5,D
sz002517,恺英网络,2025-09-24 13:11:54,28.48,10400,28.48,U
sz002517,恺英网络,2025-09-24 13:12:09,28.48,7600,28.48,D
sz002517,恺英网络,2025-09-24 13:12:27,28.49,7900,28.47,U
sz002517,恺英网络,2025-09-24 13:13:33,28.43,12800,28.43,D
sz002517,恺英网络,2025-09-24 13:13:48,28.42,29800,28.43,D
sz002517,恺英网络,2025-09-24 13:13:54,28.4,16700,28.43,D
sz002517,恺英网络,2025-09-24 13:14:12,28.37,11100,28.38,D
sz002517,恺英网络,2025-09-24 13:14:15,28.38,8300,28.37,U
sz002517,恺英网络,2025-09-24 13:14:21,28.36,12000,28.37,D
sz002517,恺英网络,2025-09-24 13:14:24,28.36,11400,28.36,D
sz002517,恺英网络,2025-09-24 13:14:30,28.38,9000,28.36,U
sz002517,恺英网络,2025-09-24 13:14:33,28.38,7800,28.38,D
sz002517,恺英网络,2025-09-24 13:14:36,28.38,25100,28.38,D
sz002517,恺英网络,2025-09-24 13:15:15,28.4,8500,28.39,U
sz002517,恺英网络,2025-09-24 13:15:24,28.4,7900,28.4,D
sz002517,恺英网络,2025-09-24 13:15:27,28.4,11000,28.4,D
sz002517,恺英网络,2025-09-24 13:16:15,28.4,13800,28.42,D
sz002517,恺英网络,2025-09-24 13:16:24,28.41,14000,28.4,U
sz002517,恺英网络,2025-09-24 13:17:06,28.48,7200,28.48,U
sz002517,恺英网络,2025-09-24 13:17:24,28.48,9400,28.5,D
sz002517,恺英网络,2025-09-24 13:17:42,28.53,42300,28.53,U
sz002517,恺英网络,2025-09-24 13:17:57,28.58,10600,28.59,E
sz002517,恺英网络,2025-09-24 13:18:45,28.51,9400,28.52,D
sz002517,恺英网络,2025-09-24 13:19:33,28.47,22200,28.47,D
sz002517,恺英网络,2025-09-24 13:19:42,28.41,13900,28.47,D
sz002517,恺英网络,2025-09-24 13:20:09,28.43,23000,28.48,D
sz002517,恺英网络,2025-09-24 13:20:45,28.43,8800,28.44,D
sz002517,恺英网络,2025-09-24 13:21:12,28.43,23000,28.43,D
sz002517,恺英网络,2025-09-24 13:21:45,28.46,14300,28.46,D
sz002517,恺英网络,2025-09-24 13:25:00,28.5,8800,28.54,D
sz002517,恺英网络,2025-09-24 13:25:45,28.52,9300,28.54,D
sz002517,恺英网络,2025-09-24 13:25:54,28.54,17800,28.52,U
sz002517,恺英网络,2025-09-24 13:25:57,28.52,14100,28.54,D
sz002517,恺英网络,2025-09-24 13:26:00,28.58,9400,28.52,U
sz002517,恺英网络,2025-09-24 13:26:03,28.51,40200,28.58,D
sz002517,恺英网络,2025-09-24 13:26:06,28.54,26600,28.51,E
sz002517,恺英网络,2025-09-24 13:26:42,28.55,7600,28.56,D
sz002517,恺英网络,2025-09-24 13:26:45,28.56,7100,28.55,U
sz002517,恺英网络,2025-09-24 13:26:57,28.6,26500,28.55,U
sz002517,恺英网络,2025-09-24 13:27:00,28.55,35400,28.6,D
sz002517,恺英网络,2025-09-24 13:27:03,28.6,16300,28.55,U
sz002517,恺英网络,2025-09-24 13:27:09,28.6,13000,28.57,U
sz002517,恺英网络,2025-09-24 13:27:36,28.55,18600,28.57,D
sz002517,恺英网络,2025-09-24 13:27:45,28.59,20900,28.57,U
sz002517,恺英网络,2025-09-24 13:27:48,28.57,19700,28.59,D
sz002517,恺英网络,2025-09-24 13:28:00,28.54,11200,28.57,D
sz002517,恺英网络,2025-09-24 13:28:03,28.51,14100,28.54,D
sz002517,恺英网络,2025-09-24 13:28:36,28.55,10700,28.57,D
sz002517,恺英网络,2025-09-24 13:28:51,28.6,7500,28.6,U
sz002517,恺英网络,2025-09-24 13:29:03,28.51,8000,28.54,D
sz002517,恺英网络,2025-09-24 13:29:06,28.54,8800,28.51,U
sz002517,恺英网络,2025-09-24 13:29:39,28.62,16810,28.57,U
sz002517,恺英网络,2025-09-24 13:29:45,28.64,9200,28.62,U
sz002517,恺英网络,2025-09-24 13:29:51,28.64,20200,28.64,U
sz002517,恺英网络,2025-09-24 13:29:54,28.64,12500,28.64,U
sz002517,恺英网络,2025-09-24 13:29:57,28.64,12000,28.64,U
sz002517,恺英网络,2025-09-24 13:30:00,28.63,7800,28.64,D
sz002517,恺英网络,2025-09-24 13:30:12,28.67,9900,28.66,U
sz002517,恺英网络,2025-09-24 13:30:18,28.68,12900,28.67,U
sz002517,恺英网络,2025-09-24 13:30:30,28.68,13200,28.68,U
sz002517,恺英网络,2025-09-24 13:30:42,28.7,24200,28.69,U
sz002517,恺英网络,2025-09-24 13:30:48,28.71,10900,28.7,U
sz002517,恺英网络,2025-09-24 13:30:54,28.72,9600,28.72,U
sz002517,恺英网络,2025-09-24 13:30:57,28.74,8400,28.72,U
sz002517,恺英网络,2025-09-24 13:31:00,28.72,11300,28.74,D
sz002517,恺英网络,2025-09-24 13:31:06,28.74,8500,28.75,D
sz002517,恺英网络,2025-09-24 13:31:12,28.74,8700,28.74,D
sz002517,恺英网络,2025-09-24 13:31:15,28.76,11200,28.74,E
sz002517,恺英网络,2025-09-24 13:31:18,28.79,42200,28.76,U
sz002517,恺英网络,2025-09-24 13:31:36,28.8,32300,28.79,U
sz002517,恺英网络,2025-09-24 13:31:39,28.8,7800,28.8,U
sz002517,恺英网络,2025-09-24 13:31:48,28.76,31600,28.78,E
sz002517,恺英网络,2025-09-24 13:31:57,28.79,38100,28.78,U
sz002517,恺英网络,2025-09-24 13:32:00,28.76,28100,28.79,D
sz002517,恺英网络,2025-09-24 13:32:03,28.76,12200,28.76,D
sz002517,恺英网络,2025-09-24 13:32:06,28.79,10300,28.76,U
sz002517,恺英网络,2025-09-24 13:32:18,28.8,9100,28.77,U
sz002517,恺英网络,2025-09-24 13:32:21,28.77,20700,28.8,D
sz002517,恺英网络,2025-09-24 13:32:33,28.76,7900,28.77,D
sz002517,恺英网络,2025-09-24 13:32:45,28.79,7800,28.78,U
sz002517,恺英网络,2025-09-24 13:32:54,28.79,7900,28.75,U
sz002517,恺英网络,2025-09-24 13:33:00,28.77,23200,28.78,D
sz002517,恺英网络,2025-09-24 13:33:03,28.81,26300,28.77,U
sz002517,恺英网络,2025-09-24 13:33:06,28.82,52600,28.81,U
sz002517,恺英网络,2025-09-24 13:33:09,28.86,46100,28.82,U
sz002517,恺英网络,2025-09-24 13:33:12,28.86,14300,28.86,U
sz002517,恺英网络,2025-09-24 13:33:15,28.87,44600,28.86,U
sz002517,恺英网络,2025-09-24 13:33:18,28.88,65800,28.87,U
sz002517,恺英网络,2025-09-24 13:33:21,28.9,51900,28.88,U
sz002517,恺英网络,2025-09-24 13:33:24,28.9,34700,28.9,U
sz002517,恺英网络,2025-09-24 13:33:27,28.91,16600,28.9,U
sz002517,恺英网络,2025-09-24 13:33:30,28.9,10600,28.91,D
sz002517,恺英网络,2025-09-24 13:33:33,28.95,20400,28.9,U
sz002517,恺英网络,2025-09-24 13:33:36,28.96,23200,28.95,U
sz002517,恺英网络,2025-09-24 13:33:39,28.96,33800,28.96,U
sz002517,恺英网络,2025-09-24 13:33:42,28.98,44000,28.96,U
sz002517,恺英网络,2025-09-24 13:33:45,29.0,239900,28.98,U
sz002517,恺英网络,2025-09-24 13:33:48,29.0,71300,29.0,U
sz002517,恺英网络,2025-09-24 13:33:51,29.0,30900,29.0,U
sz002517,恺英网络,2025-09-24 13:33:54,28.99,23000,29.0,E
sz002517,恺英网络,2025-09-24 13:33:57,29.0,25400,28.99,U
sz002517,恺英网络,2025-09-24 13:34:09,29.03,17400,29.02,D
sz002517,恺英网络,2025-09-24 13:34:12,29.02,8000,29.03,D
sz002517,恺英网络,2025-09-24 13:34:15,29.03,19200,29.02,U
sz002517,恺英网络,2025-09-24 13:34:18,29.03,22000,29.03,U
sz002517,恺英网络,2025-09-24 13:34:21,29.03,26000,29.03,U
sz002517,恺英网络,2025-09-24 13:34:24,29.05,16200,29.03,U
sz002517,恺英网络,2025-09-24 13:34:30,29.03,11200,29.03,U
sz002517,恺英网络,2025-09-24 13:34:33,29.01,9400,29.03,D
sz002517,恺英网络,2025-09-24 13:34:36,29.09,40300,29.01,U
sz002517,恺英网络,2025-09-24 13:34:39,29.01,10800,29.09,D
sz002517,恺英网络,2025-09-24 13:34:42,29.01,18500,29.01,D
sz002517,恺英网络,2025-09-24 13:34:48,29.06,19400,29.06,D
sz002517,恺英网络,2025-09-24 13:34:51,29.06,53500,29.06,D
sz002517,恺英网络,2025-09-24 13:34:54,29.08,18900,29.06,U
sz002517,恺英网络,2025-09-24 13:34:57,29.08,10700,29.08,U
sz002517,恺英网络,2025-09-24 13:35:00,29.08,8700,29.08,U
sz002517,恺英网络,2025-09-24 13:35:03,29.08,11900,29.08,U
sz002517,恺英网络,2025-09-24 13:35:06,29.14,14200,29.08,U
sz002517,恺英网络,2025-09-24 13:35:09,29.1,9400,29.14,U
sz002517,恺英网络,2025-09-24 13:35:12,29.17,58100,29.1,U
sz002517,恺英网络,2025-09-24 13:35:15,29.19,30900,29.17,U
sz002517,恺英网络,2025-09-24 13:35:18,29.19,44700,29.19,E
sz002517,恺英网络,2025-09-24 13:35:21,29.25,33300,29.19,U
sz002517,恺英网络,2025-09-24 13:35:24,29.29,76200,29.25,U
sz002517,恺英网络,2025-09-24 13:35:27,29.29,14300,29.29,U
sz002517,恺英网络,2025-09-24 13:35:30,29.28,18000,29.29,D
sz002517,恺英网络,2025-09-24 13:35:33,29.28,25700,29.28,U
sz002517,恺英网络,2025-09-24 13:35:36,29.22,25600,29.28,D
sz002517,恺英网络,2025-09-24 13:35:39,29.22,17600,29.22,U
sz002517,恺英网络,2025-09-24 13:35:42,29.22,8400,29.22,D
sz002517,恺英网络,2025-09-24 13:35:45,29.17,19700,29.22,D
sz002517,恺英网络,2025-09-24 13:35:48,29.17,18300,29.17,E
sz002517,恺英网络,2025-09-24 13:35:51,29.17,46600,29.17,D
sz002517,恺英网络,2025-09-24 13:35:57,29.22,8400,29.18,U
sz002517,恺英网络,2025-09-24 13:36:03,29.17,10800,29.22,D
sz002517,恺英网络,2025-09-24 13:36:06,29.2,55200,29.17,U
sz002517,恺英网络,2025-09-24 13:36:09,29.18,45400,29.2,E
sz002517,恺英网络,2025-09-24 13:36:12,29.17,16800,29.18,E
sz002517,恺英网络,2025-09-24 13:36:15,29.09,10600,29.17,D
sz002517,恺英网络,2025-09-24 13:36:21,29.04,13200,29.04,D
sz002517,恺英网络,2025-09-24 13:36:24,29.04,36300,29.04,D
sz002517,恺英网络,2025-09-24 13:36:27,29.09,12900,29.04,E
sz002517,恺英网络,2025-09-24 13:36:30,29.09,9000,29.09,D
sz002517,恺英网络,2025-09-24 13:36:33,29.09,7800,29.09,D
sz002517,恺英网络,2025-09-24 13:36:39,29.1,7300,29.09,U
sz002517,恺英网络,2025-09-24 13:36:54,29.08,18800,29.16,D
sz002517,恺英网络,2025-09-24 13:36:57,29.11,43400,29.08,U
sz002517,恺英网络,2025-09-24 13:37:00,29.09,26900,29.11,D
sz002517,恺英网络,2025-09-24 13:37:03,29.09,14300,29.09,D
sz002517,恺英网络,2025-09-24 13:37:06,29.17,11900,29.09,U
sz002517,恺英网络,2025-09-24 13:37:18,29.16,7600,29.11,E
sz002517,恺英网络,2025-09-24 13:37:21,29.11,8900,29.16,D
sz002517,恺英网络,2025-09-24 13:37:30,29.16,9000,29.18,D
sz002517,恺英网络,2025-09-24 13:37:33,29.2,11900,29.16,U
sz002517,恺英网络,2025-09-24 13:37:36,29.21,8400,29.2,U
sz002517,恺英网络,2025-09-24 13:37:39,29.2,7900,29.21,U
sz002517,恺英网络,2025-09-24 13:37:45,29.26,9000,29.21,U
sz002517,恺英网络,2025-09-24 13:37:48,29.26,9100,29.26,U
sz002517,恺英网络,2025-09-24 13:37:51,29.26,22500,29.26,E
sz002517,恺英网络,2025-09-24 13:37:54,29.3,81400,29.26,U
sz002517,恺英网络,2025-09-24 13:37:57,29.33,24400,29.3,U
sz002517,恺英网络,2025-09-24 13:38:00,29.33,7700,29.33,D
sz002517,恺英网络,2025-09-24 13:38:03,29.35,8900,29.33,U
sz002517,恺英网络,2025-09-24 13:38:06,29.27,24800,29.35,D
sz002517,恺英网络,2025-09-24 13:38:09,29.26,11300,29.27,E
sz002517,恺英网络,2025-09-24 13:38:15,29.23,11000,29.24,D
sz002517,恺英网络,2025-09-24 13:38:18,29.24,19100,29.23,E
sz002517,恺英网络,2025-09-24 13:38:21,29.28,15600,29.24,U
sz002517,恺英网络,2025-09-24 13:38:24,29.28,11100,29.28,D
sz002517,恺英网络,2025-09-24 13:38:27,29.28,22800,29.28,D
sz002517,恺英网络,2025-09-24 13:38:30,29.29,32300,29.28,U
sz002517,恺英网络,2025-09-24 13:38:33,29.2,70600,29.29,D
sz002517,恺英网络,2025-09-24 13:38:36,29.1,125100,29.2,D
sz002517,恺英网络,2025-09-24 13:38:39,29.11,92900,29.1,E
sz002517,恺英网络,2025-09-24 13:38:42,29.11,46500,29.11,E
sz002517,恺英网络,2025-09-24 13:38:45,29.15,28000,29.11,E
sz002517,恺英网络,2025-09-24 13:38:51,29.2,13700,29.2,D
sz002517,恺英网络,2025-09-24 13:38:57,29.29,20900,29.23,U
sz002517,恺英网络,2025-09-24 13:39:00,29.28,16200,29.29,E
sz002517,恺英网络,2025-09-24 13:39:06,29.29,17700,29.28,U
sz002517,恺英网络,2025-09-24 13:39:09,29.27,48000,29.29,U
sz002517,恺英网络,2025-09-24 13:39:12,29.28,7800,29.27,U
sz002517,恺英网络,2025-09-24 13:39:15,29.27,13500,29.28,E
sz002517,恺英网络,2025-09-24 13:39:21,29.29,14300,29.28,U
sz002517,恺英网络,2025-09-24 13:39:24,29.3,56600,29.29,U
sz002517,恺英网络,2025-09-24 13:39:27,29.3,17400,29.3,U
sz002517,恺英网络,2025-09-24 13:39:30,29.27,30000,29.3,D
sz002517,恺英网络,2025-09-24 13:39:36,29.31,10100,29.28,U
sz002517,恺英网络,2025-09-24 13:39:39,29.35,22400,29.31,U
sz002517,恺英网络,2025-09-24 13:39:42,29.36,38700,29.35,U
sz002517,恺英网络,2025-09-24 13:39:45,29.36,10000,29.36,D
sz002517,恺英网络,2025-09-24 13:39:48,29.41,57500,29.36,U
sz002517,恺英网络,2025-09-24 13:39:51,29.35,12100,29.41,D
sz002517,恺英网络,2025-09-24 13:39:54,29.4,15300,29.35,U
sz002517,恺英网络,2025-09-24 13:39:57,29.4,20400,29.4,U
sz002517,恺英网络,2025-09-24 13:40:03,29.4,33000,29.33,U
sz002517,恺英网络,2025-09-24 13:40:06,29.34,14200,29.4,D
sz002517,恺英网络,2025-09-24 13:40:15,29.39,21900,29.4,E
sz002517,恺英网络,2025-09-24 13:40:18,29.4,20400,29.39,U
sz002517,恺英网络,2025-09-24 13:40:21,29.4,17000,29.4,D
sz002517,恺英网络,2025-09-24 13:40:24,29.4,7800,29.4,E
sz002517,恺英网络,2025-09-24 13:40:30,29.37,14800,29.4,D
sz002517,恺英网络,2025-09-24 13:40:39,29.38,13900,29.4,E
sz002517,恺英网络,2025-09-24 13:40:42,29.39,33400,29.38,U
sz002517,恺英网络,2025-09-24 13:40:45,29.4,19500,29.39,U
sz002517,恺英网络,2025-09-24 13:40:48,29.4,18300,29.4,U
sz002517,恺英网络,2025-09-24 13:40:51,29.46,24600,29.4,U
sz002517,恺英网络,2025-09-24 13:40:54,29.4,21700,29.46,E
sz002517,恺英网络,2025-09-24 13:40:57,29.46,37600,29.4,U
sz002517,恺英网络,2025-09-24 13:41:03,29.4,22200,29.4,D
sz002517,恺英网络,2025-09-24 13:41:06,29.4,20400,29.4,D
sz002517,恺英网络,2025-09-24 13:41:09,29.4,14400,29.4,U
sz002517,恺英网络,2025-09-24 13:41:30,29.41,8900,29.4,U
sz002517,恺英网络,2025-09-24 13:41:36,29.38,14800,29.4,D
sz002517,恺英网络,2025-09-24 13:41:39,29.39,9300,29.38,U
sz002517,恺英网络,2025-09-24 13:41:42,29.33,42100,29.39,D
sz002517,恺英网络,2025-09-24 13:41:48,29.33,14700,29.35,D
sz002517,恺英网络,2025-09-24 13:41:51,29.34,15700,29.33,U
sz002517,恺英网络,2025-09-24 13:41:54,29.34,7900,29.34,D
sz002517,恺英网络,2025-09-24 13:41:57,29.34,7600,29.34,D
sz002517,恺英网络,2025-09-24 13:42:06,29.35,34000,29.34,U
sz002517,恺英网络,2025-09-24 13:42:12,29.35,26200,29.35,D
sz002517,恺英网络,2025-09-24 13:42:24,29.34,8600,29.35,D
sz002517,恺英网络,2025-09-24 13:42:30,29.34,7500,29.35,D
sz002517,恺英网络,2025-09-24 13:42:36,29.34,7000,29.34,D
sz002517,恺英网络,2025-09-24 13:42:42,29.34,14900,29.34,D
sz002517,恺英网络,2025-09-24 13:42:45,29.35,10900,29.34,U
sz002517,恺英网络,2025-09-24 13:43:00,29.35,9000,29.34,U
sz002517,恺英网络,2025-09-24 13:43:06,29.34,7700,29.34,D
sz002517,恺英网络,2025-09-24 13:43:09,29.34,8000,29.34,D
sz002517,恺英网络,2025-09-24 13:43:12,29.34,22300,29.34,U
sz002517,恺英网络,2025-09-24 13:43:15,29.34,9900,29.34,U
sz002517,恺英网络,2025-09-24 13:43:18,29.31,11600,29.34,E
sz002517,恺英网络,2025-09-24 13:43:24,29.3,17700,29.3,U
sz002517,恺英网络,2025-09-24 13:43:36,29.27,9900,29.28,D
sz002517,恺英网络,2025-09-24 13:43:48,29.23,10000,29.25,D
sz002517,恺英网络,2025-09-24 13:43:51,29.22,8900,29.23,D
sz002517,恺英网络,2025-09-24 13:44:00,29.19,8300,29.21,D
sz002517,恺英网络,2025-09-24 13:44:03,29.2,7900,29.19,U
sz002517,恺英网络,2025-09-24 13:44:06,29.16,26200,29.2,D
sz002517,恺英网络,2025-09-24 13:44:09,29.13,10100,29.16,E
sz002517,恺英网络,2025-09-24 13:44:12,29.13,21100,29.13,D
sz002517,恺英网络,2025-09-24 13:44:15,29.13,13800,29.13,D
sz002517,恺英网络,2025-09-24 13:44:18,29.18,18800,29.13,U
sz002517,恺英网络,2025-09-24 13:44:21,29.19,19800,29.18,E
sz002517,恺英网络,2025-09-24 13:44:24,29.2,29300,29.19,U
sz002517,恺英网络,2025-09-24 13:44:39,29.22,70000,29.22,D
sz002517,恺英网络,2025-09-24 13:45:03,29.11,33300,29.13,D
sz002517,恺英网络,2025-09-24 13:45:06,29.18,9600,29.11,E
sz002517,恺英网络,2025-09-24 13:45:21,29.19,9300,29.17,U
sz002517,恺英网络,2025-09-24 13:45:36,29.17,9200,29.2,D
sz002517,恺英网络,2025-09-24 13:45:45,29.2,29400,29.17,U
sz002517,恺英网络,2025-09-24 13:45:48,29.2,11000,29.2,U
sz002517,恺英网络,2025-09-24 13:46:03,29.22,14100,29.22,U
sz002517,恺英网络,2025-09-24 13:46:06,29.22,9600,29.22,U
sz002517,恺英网络,2025-09-24 13:46:24,29.21,10700,29.21,D
sz002517,恺英网络,2025-09-24 13:46:30,29.21,28600,29.22,D
sz002517,恺英网络,2025-09-24 13:46:54,29.22,8000,29.22,U
sz002517,恺英网络,2025-09-24 13:47:36,29.2,8900,29.2,D
sz002517,恺英网络,2025-09-24 13:47:51,29.2,16600,29.21,D
sz002517,恺英网络,2025-09-24 13:48:00,29.18,7400,29.19,D
sz002517,恺英网络,2025-09-24 13:48:09,29.13,18300,29.18,D
sz002517,恺英网络,2025-09-24 13:48:12,29.19,8100,29.13,U
sz002517,恺英网络,2025-09-24 13:48:39,29.18,10800,29.18,D
sz002517,恺英网络,2025-09-24 13:48:42,29.13,17500,29.18,D
sz002517,恺英网络,2025-09-24 13:48:57,29.11,46100,29.12,D
sz002517,恺英网络,2025-09-24 13:49:03,29.11,8900,29.12,D
sz002517,恺英网络,2025-09-24 13:49:09,29.11,14800,29.11,U
sz002517,恺英网络,2025-09-24 13:49:21,29.06,8600,29.08,D
sz002517,恺英网络,2025-09-24 13:49:33,29.05,9200,29.06,D
sz002517,恺英网络,2025-09-24 13:49:39,29.08,25400,29.05,U
sz002517,恺英网络,2025-09-24 13:49:42,29.08,7400,29.08,D
sz002517,恺英网络,2025-09-24 13:49:54,29.12,14800,29.1,U
sz002517,恺英网络,2025-09-24 13:50:45,29.13,14900,29.11,U
sz002517,恺英网络,2025-09-24 13:50:54,29.13,14700,29.14,D
sz002517,恺英网络,2025-09-24 13:51:00,29.13,31100,29.13,D
sz002517,恺英网络,2025-09-24 13:51:18,29.15,11400,29.14,U
sz002517,恺英网络,2025-09-24 13:51:21,29.15,10900,29.15,U
sz002517,恺英网络,2025-09-24 13:51:24,29.14,9500,29.15,D
sz002517,恺英网络,2025-09-24 13:51:33,29.19,11000,29.16,U
sz002517,恺英网络,2025-09-24 13:51:36,29.19,7600,29.19,U
sz002517,恺英网络,2025-09-24 13:51:57,29.16,7400,29.17,D
sz002517,恺英网络,2025-09-24 13:52:00,29.15,8300,29.16,D
sz002517,恺英网络,2025-09-24 13:52:15,29.15,7200,29.15,U
sz002517,恺英网络,2025-09-24 13:52:18,29.15,9900,29.15,U
sz002517,恺英网络,2025-09-24 13:52:42,29.15,7800,29.15,U
sz002517,恺英网络,2025-09-24 13:53:00,29.13,66900,29.15,D
sz002517,恺英网络,2025-09-24 13:53:12,29.11,13100,29.11,D
sz002517,恺英网络,2025-09-24 13:53:18,29.11,10000,29.11,U
sz002517,恺英网络,2025-09-24 13:53:51,29.09,10400,29.09,U
sz002517,恺英网络,2025-09-24 13:53:54,29.09,7000,29.09,U
sz002517,恺英网络,2025-09-24 13:54:03,29.03,13400,29.03,D
sz002517,恺英网络,2025-09-24 13:54:15,29.01,19200,29.08,D
sz002517,恺英网络,2025-09-24 13:54:18,29.02,12500,29.01,E
sz002517,恺英网络,2025-09-24 13:54:33,29.05,11000,29.02,U
sz002517,恺英网络,2025-09-24 13:54:48,29.0,12900,29.02,D
sz002517,恺英网络,2025-09-24 13:54:57,28.99,44300,29.01,D
sz002517,恺英网络,2025-09-24 13:55:03,28.96,7400,28.98,D
sz002517,恺英网络,2025-09-24 13:55:18,28.9,28700,28.94,D
sz002517,恺英网络,2025-09-24 13:55:30,28.89,10700,28.89,D
sz002517,恺英网络,2025-09-24 13:55:36,28.89,11000,28.9,D
sz002517,恺英网络,2025-09-24 13:55:39,28.88,9600,28.89,D
sz002517,恺英网络,2025-09-24 13:55:45,28.87,10500,28.88,D
sz002517,恺英网络,2025-09-24 13:56:00,28.87,8600,28.88,D
sz002517,恺英网络,2025-09-24 13:56:21,28.86,7300,28.86,D
sz002517,恺英网络,2025-09-24 13:56:24,28.86,11500,28.86,E
sz002517,恺英网络,2025-09-24 13:56:33,28.87,9900,28.87,D
sz002517,恺英网络,2025-09-24 13:56:36,28.88,16500,28.87,U
sz002517,恺英网络,2025-09-24 13:56:48,28.9,11700,28.88,U
sz002517,恺英网络,2025-09-24 13:56:57,28.86,10100,28.88,D
sz002517,恺英网络,2025-09-24 13:57:09,28.89,22700,28.89,U
sz002517,恺英网络,2025-09-24 13:57:21,28.9,10500,28.89,U
sz002517,恺英网络,2025-09-24 13:57:51,28.91,16400,28.92,D
sz002517,恺英网络,2025-09-24 13:57:54,28.91,24300,28.91,U
sz002517,恺英网络,2025-09-24 13:58:06,28.91,9900,28.9,U
sz002517,恺英网络,2025-09-24 13:58:09,28.91,7000,28.91,D
sz002517,恺英网络,2025-09-24 13:58:33,28.94,7200,28.93,U
sz002517,恺英网络,2025-09-24 13:59:03,28.97,12000,28.95,U
sz002517,恺英网络,2025-09-24 13:59:30,29.0,12700,28.99,U
sz002517,恺英网络,2025-09-24 14:00:00,28.98,17600,29.0,D
sz002517,恺英网络,2025-09-24 14:00:03,29.02,16400,28.98,U
sz002517,恺英网络,2025-09-24 14:00:21,29.07,14100,29.05,U
sz002517,恺英网络,2025-09-24 14:00:24,29.08,8300,29.07,U
sz002517,恺英网络,2025-09-24 14:00:27,29.1,7800,29.08,U
sz002517,恺英网络,2025-09-24 14:00:30,29.1,22100,29.1,U
sz002517,恺英网络,2025-09-24 14:00:39,29.1,8400,29.09,U
sz002517,恺英网络,2025-09-24 14:00:54,29.1,11700,29.11,D
sz002517,恺英网络,2025-09-24 14:01:00,29.07,21300,29.11,D
sz002517,恺英网络,2025-09-24 14:01:30,29.04,8400,29.04,U
sz002517,恺英网络,2025-09-24 14:01:51,29.02,10400,29.01,U
sz002517,恺英网络,2025-09-24 14:02:00,29.01,8200,29.01,U
sz002517,恺英网络,2025-09-24 14:02:03,29.0,12700,29.01,D
sz002517,恺英网络,2025-09-24 14:02:27,28.97,22200,28.98,D
sz002517,恺英网络,2025-09-24 14:03:09,28.97,10100,28.97,U
sz002517,恺英网络,2025-09-24 14:03:21,28.96,10200,28.95,E
sz002517,恺英网络,2025-09-24 14:05:30,28.95,7100,28.95,D
sz002517,恺英网络,2025-09-24 14:05:39,28.94,7300,28.97,D
sz002517,恺英网络,2025-09-24 14:05:45,28.97,12100,28.94,U
sz002517,恺英网络,2025-09-24 14:07:03,28.94,10700,28.94,D
sz002517,恺英网络,2025-09-24 14:07:42,28.99,12100,28.99,D
sz002517,恺英网络,2025-09-24 14:07:54,29.0,10100,29.0,U
sz002517,恺英网络,2025-09-24 14:08:00,28.99,10000,29.0,D
sz002517,恺英网络,2025-09-24 14:08:06,28.99,7500,29.0,D
sz002517,恺英网络,2025-09-24 14:09:00,29.0,9400,29.04,D
sz002517,恺英网络,2025-09-24 14:09:39,29.02,7800,29.01,U
sz002517,恺英网络,2025-09-24 14:10:42,28.99,7700,28.99,D
sz002517,恺英网络,2025-09-24 14:11:00,28.98,13400,29.0,D
sz002517,恺英网络,2025-09-24 14:12:12,28.97,9200,28.96,E
sz002517,恺英网络,2025-09-24 14:12:27,28.97,7600,29.0,D
sz002517,恺英网络,2025-09-24 14:14:30,28.98,9200,28.97,U
sz002517,恺英网络,2025-09-24 14:14:51,29.0,16800,29.0,U
sz002517,恺英网络,2025-09-24 14:15:12,28.99,8400,29.0,D
sz002517,恺英网络,2025-09-24 14:15:15,29.0,11300,28.99,U
sz002517,恺英网络,2025-09-24 14:17:15,28.98,26200,28.99,D
sz002517,恺英网络,2025-09-24 14:17:36,28.99,8600,28.99,D
sz002517,恺英网络,2025-09-24 14:18:42,28.98,10800,28.99,D
sz002517,恺英网络,2025-09-24 14:18:45,28.98,14700,28.98,D
sz002517,恺英网络,2025-09-24 14:18:51,28.98,8200,28.98,D
sz002517,恺英网络,2025-09-24 14:19:00,28.97,11729,28.98,D
sz002517,恺英网络,2025-09-24 14:19:42,28.97,8200,28.97,D
sz002517,恺英网络,2025-09-24 14:19:57,28.97,7700,28.98,D
sz002517,恺英网络,2025-09-24 14:20:00,28.96,8000,28.97,D
sz002517,恺英网络,2025-09-24 14:20:09,28.95,24100,28.96,D
sz002517,恺英网络,2025-09-24 14:20:54,28.96,10600,28.96,D
sz002517,恺英网络,2025-09-24 14:21:15,28.96,11100,28.95,U
sz002517,恺英网络,2025-09-24 14:21:57,28.95,17200,28.95,D
sz002517,恺英网络,2025-09-24 14:22:09,28.95,10000,28.95,D
sz002517,恺英网络,2025-09-24 14:23:00,28.95,7600,28.96,D
sz002517,恺英网络,2025-09-24 14:23:39,28.95,7200,28.96,D
sz002517,恺英网络,2025-09-24 14:24:33,28.95,21700,28.95,D
sz002517,恺英网络,2025-09-24 14:24:48,28.95,7200,28.96,D
sz002517,恺英网络,2025-09-24 14:25:18,28.92,28000,28.94,D
sz002517,恺英网络,2025-09-24 14:25:21,28.9,12200,28.92,D
sz002517,恺英网络,2025-09-24 14:25:45,28.9,7400,28.91,D
sz002517,恺英网络,2025-09-24 14:25:57,28.9,15200,28.9,D
sz002517,恺英网络,2025-09-24 14:26:03,28.88,30400,28.9,D
sz002517,恺英网络,2025-09-24 14:26:09,28.93,20300,28.88,U
sz002517,恺英网络,2025-09-24 14:26:24,28.93,17200,28.93,D
sz002517,恺英网络,2025-09-24 14:26:30,28.94,10700,28.93,U
sz002517,恺英网络,2025-09-24 14:27:00,28.93,42400,28.95,D
sz002517,恺英网络,2025-09-24 14:27:03,28.95,12700,28.93,U
sz002517,恺英网络,2025-09-24 14:27:12,28.91,32200,28.91,U
sz002517,恺英网络,2025-09-24 14:27:45,28.93,10100,28.94,D
sz002517,恺英网络,2025-09-24 14:28:00,28.9,47300,28.93,D
sz002517,恺英网络,2025-09-24 14:28:03,28.9,11400,28.9,D
sz002517,恺英网络,2025-09-24 14:29:09,28.91,13300,28.92,D
sz002517,恺英网络,2025-09-24 14:29:15,28.92,11200,28.91,U
sz002517,恺英网络,2025-09-24 14:29:24,28.91,7300,28.91,D
sz002517,恺英网络,2025-09-24 14:30:12,28.9,7000,28.9,D
sz002517,恺英网络,2025-09-24 14:30:36,28.9,7000,28.9,D
sz002517,恺英网络,2025-09-24 14:30:42,28.91,93100,28.9,U
sz002517,恺英网络,2025-09-24 14:31:00,28.88,14800,28.9,D
sz002517,恺英网络,2025-09-24 14:31:12,28.88,18600,28.88,D
sz002517,恺英网络,2025-09-24 14:31:21,28.87,8300,28.87,D
sz002517,恺英网络,2025-09-24 14:31:51,28.85,7700,28.86,D
sz002517,恺英网络,2025-09-24 14:32:00,28.83,7000,28.84,D
sz002517,恺英网络,2025-09-24 14:32:06,28.82,18200,28.84,D
sz002517,恺英网络,2025-09-24 14:32:15,28.82,10000,28.83,D
sz002517,恺英网络,2025-09-24 14:32:27,28.81,9400,28.81,D
sz002517,恺英网络,2025-09-24 14:32:30,28.8,23600,28.81,D
sz002517,恺英网络,2025-09-24 14:32:36,28.8,8700,28.79,U
sz002517,恺英网络,2025-09-24 14:32:48,28.79,14000,28.79,D
sz002517,恺英网络,2025-09-24 14:32:51,28.78,21900,28.79,D
sz002517,恺英网络,2025-09-24 14:32:54,28.78,7500,28.78,U
sz002517,恺英网络,2025-09-24 14:33:06,28.76,16000,28.77,D
sz002517,恺英网络,2025-09-24 14:33:09,28.75,8300,28.76,D
sz002517,恺英网络,2025-09-24 14:33:12,28.8,98500,28.75,U
sz002517,恺英网络,2025-09-24 14:33:15,28.78,15000,28.8,D
sz002517,恺英网络,2025-09-24 14:33:21,28.79,7700,28.8,D
sz002517,恺英网络,2025-09-24 14:33:24,28.86,41800,28.79,U
sz002517,恺英网络,2025-09-24 14:33:27,28.81,16400,28.86,E
sz002517,恺英网络,2025-09-24 14:33:30,28.86,7100,28.81,U
sz002517,恺英网络,2025-09-24 14:33:33,28.9,61400,28.86,U
sz002517,恺英网络,2025-09-24 14:33:39,28.9,14400,28.9,U
sz002517,恺英网络,2025-09-24 14:33:42,28.9,9600,28.9,U
sz002517,恺英网络,2025-09-24 14:33:45,28.9,9700,28.9,U
sz002517,恺英网络,2025-09-24 14:33:51,28.9,26314,28.9,U
sz002517,恺英网络,2025-09-24 14:34:00,28.91,10000,28.9,U
sz002517,恺英网络,2025-09-24 14:34:06,28.9,8300,28.91,D
sz002517,恺英网络,2025-09-24 14:34:09,28.91,7800,28.9,U
sz002517,恺英网络,2025-09-24 14:34:18,28.91,7300,28.92,D
sz002517,恺英网络,2025-09-24 14:34:24,28.91,57600,28.92,D
sz002517,恺英网络,2025-09-24 14:34:30,28.9,100100,28.91,D
sz002517,恺英网络,2025-09-24 14:34:57,28.89,8500,28.91,D
sz002517,恺英网络,2025-09-24 14:35:21,28.88,10900,28.89,D
sz002517,恺英网络,2025-09-24 14:35:24,28.91,7100,28.88,U
sz002517,恺英网络,2025-09-24 14:36:36,28.9,11900,28.9,U
sz002517,恺英网络,2025-09-24 14:36:45,28.9,8100,28.9,U
sz002517,恺英网络,2025-09-24 14:36:48,28.89,9700,28.9,D
sz002517,恺英网络,2025-09-24 14:37:39,28.88,12500,28.89,D
sz002517,恺英网络,2025-09-24 14:38:09,28.87,85400,28.87,U
sz002517,恺英网络,2025-09-24 14:38:21,28.88,89100,28.86,U
sz002517,恺英网络,2025-09-24 14:38:36,28.9,11900,28.9,U
sz002517,恺英网络,2025-09-24 14:38:39,28.91,51900,28.9,U
sz002517,恺英网络,2025-09-24 14:39:15,28.9,17100,28.91,D
sz002517,恺英网络,2025-09-24 14:39:24,28.9,12600,28.91,D
sz002517,恺英网络,2025-09-24 14:39:27,28.89,19200,28.9,D
sz002517,恺英网络,2025-09-24 14:39:39,28.91,7200,28.9,U
sz002517,恺英网络,2025-09-24 14:39:42,28.9,8100,28.91,D
sz002517,恺英网络,2025-09-24 14:39:48,28.89,17000,28.9,D
sz002517,恺英网络,2025-09-24 14:39:54,28.89,13500,28.9,D
sz002517,恺英网络,2025-09-24 14:40:06,28.91,11100,28.9,U
sz002517,恺英网络,2025-09-24 14:40:30,28.89,40300,28.9,D
sz002517,恺英网络,2025-09-24 14:40:45,28.91,41200,28.89,U
sz002517,恺英网络,2025-09-24 14:40:51,28.9,23700,28.9,D
sz002517,恺英网络,2025-09-24 14:41:00,28.89,11300,28.9,D
sz002517,恺英网络,2025-09-24 14:41:18,28.91,11800,28.91,U
sz002517,恺英网络,2025-09-24 14:41:27,28.9,12000,28.9,D
sz002517,恺英网络,2025-09-24 14:41:48,28.91,40200,28.9,U
sz002517,恺英网络,2025-09-24 14:42:03,28.9,11600,28.9,D
sz002517,恺英网络,2025-09-24 14:42:30,28.89,20700,28.9,D
sz002517,恺英网络,2025-09-24 14:42:39,28.89,25000,28.89,D
sz002517,恺英网络,2025-09-24 14:42:51,28.89,23700,28.9,D
sz002517,恺英网络,2025-09-24 14:43:06,28.88,17000,28.9,D
sz002517,恺英网络,2025-09-24 14:43:15,28.88,7600,28.89,D
sz002517,恺英网络,2025-09-24 14:43:24,28.88,21500,28.88,D
sz002517,恺英网络,2025-09-24 14:44:18,28.9,10500,28.89,U
sz002517,恺英网络,2025-09-24 14:44:36,28.9,8700,28.9,U
sz002517,恺英网络,2025-09-24 14:44:39,28.88,19100,28.9,D
sz002517,恺英网络,2025-09-24 14:44:42,28.89,57400,28.88,U
sz002517,恺英网络,2025-09-24 14:44:48,28.89,10000,28.9,D
sz002517,恺英网络,2025-09-24 14:44:57,28.89,27400,28.9,D
sz002517,恺英网络,2025-09-24 14:45:03,28.88,21100,28.9,D
sz002517,恺英网络,2025-09-24 14:45:33,28.88,16900,28.89,D
sz002517,恺英网络,2025-09-24 14:45:42,28.9,12000,28.89,U
sz002517,恺英网络,2025-09-24 14:45:54,28.9,14100,28.9,U
sz002517,恺英网络,2025-09-24 14:46:18,28.9,19000,28.9,U
sz002517,恺英网络,2025-09-24 14:46:21,28.89,10700,28.9,E
sz002517,恺英网络,2025-09-24 14:46:24,28.9,7700,28.89,U
sz002517,恺英网络,2025-09-24 14:46:36,28.9,8400,28.89,U
sz002517,恺英网络,2025-09-24 14:47:03,28.89,18900,28.89,D
sz002517,恺英网络,2025-09-24 14:47:09,28.88,22500,28.89,D
sz002517,恺英网络,2025-09-24 14:47:12,28.88,14100,28.88,D
sz002517,恺英网络,2025-09-24 14:47:18,28.9,13900,28.9,U
sz002517,恺英网络,2025-09-24 14:47:42,28.9,7000,28.9,U
sz002517,恺英网络,2025-09-24 14:47:54,28.88,7100,28.88,D
sz002517,恺英网络,2025-09-24 14:47:57,28.87,20800,28.88,D
sz002517,恺英网络,2025-09-24 14:48:12,28.89,16600,28.88,U
sz002517,恺英网络,2025-09-24 14:48:45,28.89,8200,28.89,U
sz002517,恺英网络,2025-09-24 14:48:48,28.88,25500,28.89,D
sz002517,恺英网络,2025-09-24 14:48:54,28.88,20300,28.9,D
sz002517,恺英网络,2025-09-24 14:49:09,28.9,11800,28.89,U
sz002517,恺英网络,2025-09-24 14:49:21,28.9,8000,28.9,U
sz002517,恺英网络,2025-09-24 14:49:48,28.88,23400,28.9,D
sz002517,恺英网络,2025-09-24 14:49:57,28.9,7100,28.89,U
sz002517,恺英网络,2025-09-24 14:50:03,28.89,7600,28.89,D
sz002517,恺英网络,2025-09-24 14:50:06,28.9,11100,28.89,U
sz002517,恺英网络,2025-09-24 14:50:15,28.9,7000,28.9,U
sz002517,恺英网络,2025-09-24 14:50:18,28.9,27700,28.9,U
sz002517,恺英网络,2025-09-24 14:50:24,28.9,17100,28.9,U
sz002517,恺英网络,2025-09-24 14:50:36,28.88,8300,28.89,D
sz002517,恺英网络,2025-09-24 14:50:57,28.88,16600,28.89,D
sz002517,恺英网络,2025-09-24 14:51:00,28.88,8300,28.88,D
sz002517,恺英网络,2025-09-24 14:51:03,28.9,15000,28.88,U
sz002517,恺英网络,2025-09-24 14:51:06,28.89,7300,28.9,E
sz002517,恺英网络,2025-09-24 14:51:21,28.89,36700,28.89,U
sz002517,恺英网络,2025-09-24 14:51:27,28.89,20400,28.89,D
sz002517,恺英网络,2025-09-24 14:51:30,28.9,7000,28.89,U
sz002517,恺英网络,2025-09-24 14:51:33,28.9,49900,28.9,U
sz002517,恺英网络,2025-09-24 14:51:36,28.9,13700,28.9,U
sz002517,恺英网络,2025-09-24 14:51:39,28.9,26200,28.9,D
sz002517,恺英网络,2025-09-24 14:51:42,28.89,8500,28.9,D
sz002517,恺英网络,2025-09-24 14:51:45,28.9,9014,28.89,U
sz002517,恺英网络,2025-09-24 14:52:06,28.87,23000,28.88,D
sz002517,恺英网络,2025-09-24 14:52:21,28.88,13200,28.88,U
sz002517,恺英网络,2025-09-24 14:52:36,28.88,8100,28.88,D
sz002517,恺英网络,2025-09-24 14:52:42,28.88,9500,28.88,D
sz002517,恺英网络,2025-09-24 14:52:45,28.88,20100,28.88,D
sz002517,恺英网络,2025-09-24 14:52:57,28.89,10600,28.89,U
sz002517,恺英网络,2025-09-24 14:53:00,28.89,8500,28.89,U
sz002517,恺英网络,2025-09-24 14:53:09,28.9,16100,28.9,U
sz002517,恺英网络,2025-09-24 14:53:15,28.88,10800,28.9,D
sz002517,恺英网络,2025-09-24 14:53:21,28.88,18600,28.89,D
sz002517,恺英网络,2025-09-24 14:53:30,28.88,8700,28.88,D
sz002517,恺英网络,2025-09-24 14:53:39,28.88,14300,28.88,D
sz002517,恺英网络,2025-09-24 14:53:48,28.88,17000,28.89,D
sz002517,恺英网络,2025-09-24 14:53:51,28.88,7300,28.88,D
sz002517,恺英网络,2025-09-24 14:53:54,28.89,9100,28.88,U
sz002517,恺英网络,2025-09-24 14:54:00,28.88,11700,28.89,D
sz002517,恺英网络,2025-09-24 14:54:06,28.89,19500,28.89,U
sz002517,恺英网络,2025-09-24 14:54:24,28.88,28900,28.89,D
sz002517,恺英网络,2025-09-24 14:54:27,28.9,8600,28.88,U
sz002517,恺英网络,2025-09-24 14:54:30,28.9,11200,28.9,U
sz002517,恺英网络,2025-09-24 14:54:33,28.89,9600,28.9,D
sz002517,恺英网络,2025-09-24 14:54:39,28.9,12500,28.9,U
sz002517,恺英网络,2025-09-24 14:54:48,28.9,9200,28.9,U
sz002517,恺英网络,2025-09-24 14:54:57,28.89,13700,28.9,D
sz002517,恺英网络,2025-09-24 14:55:00,28.89,106600,28.89,D
sz002517,恺英网络,2025-09-24 14:55:21,28.9,8800,28.9,U
sz002517,恺英网络,2025-09-24 14:55:24,28.9,14600,28.9,D
sz002517,恺英网络,2025-09-24 14:55:27,28.91,7700,28.9,U
sz002517,恺英网络,2025-09-24 14:55:33,28.91,11900,28.92,D
sz002517,恺英网络,2025-09-24 14:55:39,28.92,52600,28.92,U
sz002517,恺英网络,2025-09-24 14:55:42,28.92,14300,28.92,U
sz002517,恺英网络,2025-09-24 14:55:45,28.91,64500,28.92,U
sz002517,恺英网络,2025-09-24 14:55:48,28.91,28100,28.91,D
sz002517,恺英网络,2025-09-24 14:55:51,28.91,83500,28.91,D
sz002517,恺英网络,2025-09-24 14:55:54,28.93,8000,28.91,U
sz002517,恺英网络,2025-09-24 14:56:00,28.91,14000,28.92,D
sz002517,恺英网络,2025-09-24 14:56:18,28.93,61500,28.93,U
sz002517,恺英网络,2025-09-24 14:56:21,28.92,8500,28.93,D
sz002517,恺英网络,2025-09-24 14:56:24,28.93,17214,28.92,U
sz002517,恺英网络,2025-09-24 14:56:27,28.9,28086,28.93,D
sz002517,恺英网络,2025-09-24 14:56:33,28.9,14100,28.93,D
sz002517,恺英网络,2025-09-24 14:56:36,28.93,9100,28.9,U
sz002517,恺英网络,2025-09-24 14:56:42,28.9,16500,28.9,D
sz002517,恺英网络,2025-09-24 14:56:48,28.94,14700,28.91,U
