symbol,name,ticktime,price,volume,prev_price,kind
sz002517,恺英网络,2025-10-09 09:25:00,28.29,108200,0.0,U
sz002517,恺英网络,2025-10-09 09:30:00,28.19,135400,28.29,D
sz002517,恺英网络,2025-10-09 09:30:03,28.22,258400,28.19,U
sz002517,恺英网络,2025-10-09 09:30:06,28.28,62700,28.22,U
sz002517,恺英网络,2025-10-09 09:30:09,28.17,50100,28.28,D
sz002517,恺英网络,2025-10-09 09:30:12,28.1,59400,28.17,D
sz002517,恺英网络,2025-10-09 09:30:15,28.03,41700,28.1,D
sz002517,恺英网络,2025-10-09 09:30:18,28.08,37000,28.03,U
sz002517,恺英网络,2025-10-09 09:30:21,28.04,13800,28.08,E
sz002517,恺英网络,2025-10-09 09:30:24,27.99,21300,28.04,D
sz002517,恺英网络,2025-10-09 09:30:27,28.08,30400,27.99,U
sz002517,恺英网络,2025-10-09 09:30:30,27.99,19800,28.08,E
sz002517,恺英网络,2025-10-09 09:30:33,27.92,7800,27.99,D
sz002517,恺英网络,2025-10-09 09:30:36,27.92,19200,27.92,U
sz002517,恺英网络,2025-10-09 09:30:42,27.92,12000,27.92,D
sz002517,恺英网络,2025-10-09 09:30:45,27.87,7700,27.92,D
sz002517,恺英网络,2025-10-09 09:30:48,27.72,36900,27.87,D
sz002517,恺英网络,2025-10-09 09:30:51,27.7,88100,27.72,D
sz002517,恺英网络,2025-10-09 09:30:54,27.73,98500,27.7,U
sz002517,恺英网络,2025-10-09 09:30:57,27.68,18500,27.73,D
sz002517,恺英网络,2025-10-09 09:31:00,27.73,12200,27.68,U
sz002517,恺英网络,2025-10-09 09:31:03,27.71,12100,27.73,D
sz002517,恺英网络,2025-10-09 09:31:06,27.71,16600,27.71,D
sz002517,恺英网络,2025-10-09 09:31:09,27.71,45900,27.71,D
sz002517,恺英网络,2025-10-09 09:31:12,27.76,19700,27.71,U
sz002517,恺英网络,2025-10-09 09:31:15,27.84,7700,27.76,U
sz002517,恺英网络,2025-10-09 09:31:18,27.89,11000,27.84,U
sz002517,恺英网络,2025-10-09 09:31:21,27.92,17000,27.89,U
sz002517,恺英网络,2025-10-09 09:31:24,27.91,24200,27.92,D
sz002517,恺英网络,2025-10-09 09:31:27,27.91,18000,27.91,D
sz002517,恺英网络,2025-10-09 09:31:30,27.92,34100,27.91,U
sz002517,恺英网络,2025-10-09 09:31:33,27.87,34900,27.92,D
sz002517,恺英网络,2025-10-09 09:31:36,27.9,26000,27.87,E
sz002517,恺英网络,2025-10-09 09:31:39,27.85,69600,27.9,D
sz002517,恺英网络,2025-10-09 09:31:42,27.87,24400,27.85,D
sz002517,恺英网络,2025-10-09 09:31:45,27.95,9600,27.87,U
sz002517,恺英网络,2025-10-09 09:31:51,27.91,61206,27.91,D
sz002517,恺英网络,2025-10-09 09:31:54,27.84,25494,27.91,D
sz002517,恺英网络,2025-10-09 09:31:57,27.82,25700,27.84,D
sz002517,恺英网络,2025-10-09 09:32:00,27.81,64200,27.82,D
sz002517,恺英网络,2025-10-09 09:32:03,27.87,20300,27.81,U
sz002517,恺英网络,2025-10-09 09:32:06,27.88,30300,27.87,U
sz002517,恺英网络,2025-10-09 09:32:09,27.9,12100,27.88,E
sz002517,恺英网络,2025-10-09 09:32:15,28.04,28400,27.96,U
sz002517,恺英网络,2025-10-09 09:32:18,27.99,8800,28.04,E
sz002517,恺英网络,2025-10-09 09:32:21,28.09,8300,27.99,U
sz002517,恺英网络,2025-10-09 09:32:24,28.04,22600,28.09,D
sz002517,恺英网络,2025-10-09 09:32:27,28.02,11500,28.04,D
sz002517,恺英网络,2025-10-09 09:32:30,27.96,36800,28.02,D
sz002517,恺英网络,2025-10-09 09:32:36,28.0,24100,28.01,E
sz002517,恺英网络,2025-10-09 09:32:42,27.96,25400,27.96,D
sz002517,恺英网络,2025-10-09 09:32:45,27.95,10800,27.96,E
sz002517,恺英网络,2025-10-09 09:32:48,27.89,63300,27.95,E
sz002517,恺英网络,2025-10-09 09:32:51,27.9,7900,27.89,E
sz002517,恺英网络,2025-10-09 09:32:54,27.88,9600,27.9,E
sz002517,恺英网络,2025-10-09 09:33:00,27.83,21900,27.88,D
sz002517,恺英网络,2025-10-09 09:33:03,27.81,21100,27.83,D
sz002517,恺英网络,2025-10-09 09:33:06,27.82,7600,27.81,U
sz002517,恺英网络,2025-10-09 09:33:09,27.82,66800,27.82,U
sz002517,恺英网络,2025-10-09 09:33:12,27.82,9300,27.82,D
sz002517,恺英网络,2025-10-09 09:33:18,27.83,19900,27.82,U
sz002517,恺英网络,2025-10-09 09:33:21,27.83,19600,27.83,D
sz002517,恺英网络,2025-10-09 09:33:24,27.87,23600,27.83,U
sz002517,恺英网络,2025-10-09 09:33:27,27.86,24700,27.87,D
sz002517,恺英网络,2025-10-09 09:33:30,27.86,14900,27.86,D
sz002517,恺英网络,2025-10-09 09:33:33,27.84,15400,27.86,D
sz002517,恺英网络,2025-10-09 09:33:36,27.84,18100,27.84,U
sz002517,恺英网络,2025-10-09 09:33:39,27.84,10100,27.84,D
sz002517,恺英网络,2025-10-09 09:33:42,27.84,14500,27.84,D
sz002517,恺英网络,2025-10-09 09:33:45,27.91,8400,27.84,U
sz002517,恺英网络,2025-10-09 09:33:48,27.9,14400,27.91,D
sz002517,恺英网络,2025-10-09 09:33:51,27.95,19400,27.9,U
sz002517,恺英网络,2025-10-09 09:33:54,27.95,8200,27.95,D
sz002517,恺英网络,2025-10-09 09:33:57,27.95,9600,27.95,D
sz002517,恺英网络,2025-10-09 09:34:00,27.99,22600,27.95,U
sz002517,恺英网络,2025-10-09 09:34:03,27.93,42700,27.99,D
sz002517,恺英网络,2025-10-09 09:34:06,27.99,24900,27.93,U
sz002517,恺英网络,2025-10-09 09:34:09,27.98,7400,27.99,D
sz002517,恺英网络,2025-10-09 09:34:12,27.96,33100,27.98,D
sz002517,恺英网络,2025-10-09 09:34:15,27.99,14600,27.96,U
sz002517,恺英网络,2025-10-09 09:34:18,27.96,21500,27.99,D
sz002517,恺英网络,2025-10-09 09:34:21,27.96,14900,27.96,U
sz002517,恺英网络,2025-10-09 09:34:24,27.94,103700,27.96,D
sz002517,恺英网络,2025-10-09 09:34:30,27.9,29200,27.9,D
sz002517,恺英网络,2025-10-09 09:34:33,27.91,20700,27.9,E
sz002517,恺英网络,2025-10-09 09:34:36,27.9,10200,27.91,D
sz002517,恺英网络,2025-10-09 09:34:42,27.95,12600,27.91,U
sz002517,恺英网络,2025-10-09 09:34:45,27.91,23000,27.95,D
sz002517,恺英网络,2025-10-09 09:34:48,27.96,11800,27.91,D
sz002517,恺英网络,2025-10-09 09:34:54,27.95,12000,27.96,D
sz002517,恺英网络,2025-10-09 09:35:00,27.91,9500,27.94,D
sz002517,恺英网络,2025-10-09 09:35:03,27.99,11200,27.91,U
sz002517,恺英网络,2025-10-09 09:35:06,28.0,11800,27.99,E
sz002517,恺英网络,2025-10-09 09:35:09,28.0,22200,28.0,D
sz002517,恺英网络,2025-10-09 09:35:15,28.04,17400,28.01,E
sz002517,恺英网络,2025-10-09 09:35:18,28.05,9500,28.04,U
sz002517,恺英网络,2025-10-09 09:35:21,28.04,10000,28.05,D
sz002517,恺英网络,2025-10-09 09:35:30,28.02,27000,28.04,D
sz002517,恺英网络,2025-10-09 09:35:33,27.97,35200,28.02,D
sz002517,恺英网络,2025-10-09 09:35:36,27.93,30900,27.97,D
sz002517,恺英网络,2025-10-09 09:35:39,27.93,12800,27.93,D
sz002517,恺英网络,2025-10-09 09:35:42,27.93,19100,27.93,D
sz002517,恺英网络,2025-10-09 09:35:45,27.93,12100,27.93,U
sz002517,恺英网络,2025-10-09 09:35:48,27.93,15200,27.93,E
sz002517,恺英网络,2025-10-09 09:35:51,27.92,17300,27.93,D
sz002517,恺英网络,2025-10-09 09:35:57,27.9,27500,27.9,D
sz002517,恺英网络,2025-10-09 09:36:00,27.85,26300,27.9,D
sz002517,恺英网络,2025-10-09 09:36:03,27.83,32300,27.85,D
sz002517,恺英网络,2025-10-09 09:36:06,27.81,7200,27.83,D
sz002517,恺英网络,2025-10-09 09:36:09,27.82,18200,27.81,D
sz002517,恺英网络,2025-10-09 09:36:12,27.8,14300,27.82,D
sz002517,恺英网络,2025-10-09 09:36:15,27.8,16800,27.8,D
sz002517,恺英网络,2025-10-09 09:36:18,27.8,65300,27.8,E
sz002517,恺英网络,2025-10-09 09:36:21,27.76,45300,27.8,D
sz002517,恺英网络,2025-10-09 09:36:30,27.73,40300,27.74,D
sz002517,恺英网络,2025-10-09 09:36:33,27.68,72200,27.73,D
sz002517,恺英网络,2025-10-09 09:36:36,27.69,70600,27.68,U
sz002517,恺英网络,2025-10-09 09:36:39,27.67,34900,27.69,D
sz002517,恺英网络,2025-10-09 09:36:42,27.72,18600,27.67,U
sz002517,恺英网络,2025-10-09 09:36:45,27.79,63000,27.72,U
sz002517,恺英网络,2025-10-09 09:36:48,27.85,15358,27.79,U
sz002517,恺英网络,2025-10-09 09:36:51,27.88,26900,27.85,E
sz002517,恺英网络,2025-10-09 09:36:54,27.89,24900,27.88,E
sz002517,恺英网络,2025-10-09 09:37:00,27.88,7700,27.88,D
sz002517,恺英网络,2025-10-09 09:37:03,27.88,7800,27.88,U
sz002517,恺英网络,2025-10-09 09:37:06,27.92,47100,27.88,U
sz002517,恺英网络,2025-10-09 09:37:09,27.86,18000,27.92,D
sz002517,恺英网络,2025-10-09 09:37:15,27.86,10600,27.88,D
sz002517,恺英网络,2025-10-09 09:37:21,27.88,22600,27.94,D
sz002517,恺英网络,2025-10-09 09:37:24,27.9,29200,27.88,E
sz002517,恺英网络,2025-10-09 09:37:30,27.91,11400,27.94,E
sz002517,恺英网络,2025-10-09 09:37:33,27.94,8500,27.91,U
sz002517,恺英网络,2025-10-09 09:37:36,27.94,18600,27.94,E
sz002517,恺英网络,2025-10-09 09:37:39,27.94,21900,27.94,U
sz002517,恺英网络,2025-10-09 09:37:42,27.94,46800,27.94,U
sz002517,恺英网络,2025-10-09 09:37:48,27.99,14700,27.95,U
sz002517,恺英网络,2025-10-09 09:37:51,27.95,14300,27.99,D
sz002517,恺英网络,2025-10-09 09:37:54,27.95,25366,27.95,D
sz002517,恺英网络,2025-10-09 09:38:00,27.96,10300,27.98,D
sz002517,恺英网络,2025-10-09 09:38:03,27.93,32200,27.96,D
sz002517,恺英网络,2025-10-09 09:38:06,27.92,16700,27.93,D
sz002517,恺英网络,2025-10-09 09:38:09,27.91,30900,27.92,D
sz002517,恺英网络,2025-10-09 09:38:12,27.9,42500,27.91,D
sz002517,恺英网络,2025-10-09 09:38:39,27.83,12900,27.83,D
sz002517,恺英网络,2025-10-09 09:38:54,27.8,16100,27.8,D
sz002517,恺英网络,2025-10-09 09:39:00,27.77,20300,27.78,D
sz002517,恺英网络,2025-10-09 09:39:03,27.76,43900,27.77,D
sz002517,恺英网络,2025-10-09 09:39:09,27.76,20500,27.76,U
sz002517,恺英网络,2025-10-09 09:39:12,27.75,16200,27.76,E
sz002517,恺英网络,2025-10-09 09:39:15,27.76,26600,27.75,E
sz002517,恺英网络,2025-10-09 09:39:18,27.76,22100,27.76,D
sz002517,恺英网络,2025-10-09 09:39:24,27.75,29100,27.77,D
sz002517,恺英网络,2025-10-09 09:39:27,27.76,9100,27.75,U
sz002517,恺英网络,2025-10-09 09:39:30,27.77,16800,27.76,U
sz002517,恺英网络,2025-10-09 09:39:33,27.76,11800,27.77,D
sz002517,恺英网络,2025-10-09 09:39:36,27.76,34300,27.76,D
sz002517,恺英网络,2025-10-09 09:39:42,27.78,11400,27.79,U
sz002517,恺英网络,2025-10-09 09:39:45,27.78,31600,27.78,D
sz002517,恺英网络,2025-10-09 09:39:48,27.78,8300,27.78,D
sz002517,恺英网络,2025-10-09 09:40:06,27.76,11800,27.78,D
sz002517,恺英网络,2025-10-09 09:40:12,27.78,21500,27.77,U
sz002517,恺英网络,2025-10-09 09:40:15,27.86,24500,27.78,U
sz002517,恺英网络,2025-10-09 09:40:18,27.85,39600,27.86,E
sz002517,恺英网络,2025-10-09 09:40:21,27.87,17900,27.85,E
sz002517,恺英网络,2025-10-09 09:40:24,27.83,20500,27.87,D
sz002517,恺英网络,2025-10-09 09:40:30,27.81,20700,27.81,D
sz002517,恺英网络,2025-10-09 09:40:33,27.81,7200,27.81,U
sz002517,恺英网络,2025-10-09 09:40:36,27.82,10100,27.81,U
sz002517,恺英网络,2025-10-09 09:40:42,27.83,11900,27.8,U
sz002517,恺英网络,2025-10-09 09:40:54,27.81,49800,27.81,D
sz002517,恺英网络,2025-10-09 09:40:57,27.83,35300,27.81,U
sz002517,恺英网络,2025-10-09 09:41:03,27.88,45700,27.82,U
sz002517,恺英网络,2025-10-09 09:41:06,27.88,8600,27.88,D
sz002517,恺英网络,2025-10-09 09:41:09,27.88,8300,27.88,D
sz002517,恺英网络,2025-10-09 09:41:21,27.86,11900,27.83,U
sz002517,恺英网络,2025-10-09 09:41:27,27.86,8100,27.83,U
sz002517,恺英网络,2025-10-09 09:41:30,27.87,10300,27.86,U
sz002517,恺英网络,2025-10-09 09:41:33,27.89,33600,27.87,U
sz002517,恺英网络,2025-10-09 09:41:36,27.86,8300,27.89,D
sz002517,恺英网络,2025-10-09 09:41:42,27.87,14800,27.88,E
sz002517,恺英网络,2025-10-09 09:41:45,27.87,8600,27.87,U
sz002517,恺英网络,2025-10-09 09:41:48,27.89,22300,27.87,U
sz002517,恺英网络,2025-10-09 09:41:51,27.9,32100,27.89,U
sz002517,恺英网络,2025-10-09 09:42:00,27.9,8500,27.9,D
sz002517,恺英网络,2025-10-09 09:42:06,27.9,9300,27.9,D
sz002517,恺英网络,2025-10-09 09:42:09,27.92,14900,27.9,U
sz002517,恺英网络,2025-10-09 09:42:24,27.9,23400,27.9,D
sz002517,恺英网络,2025-10-09 09:42:27,27.9,11200,27.9,D
sz002517,恺英网络,2025-10-09 09:42:30,27.88,12000,27.9,D
sz002517,恺英网络,2025-10-09 09:42:33,27.91,12100,27.88,U
sz002517,恺英网络,2025-10-09 09:42:36,27.88,7500,27.91,D
sz002517,恺英网络,2025-10-09 09:42:39,27.88,9900,27.88,D
sz002517,恺英网络,2025-10-09 09:42:45,27.87,11000,27.86,E
sz002517,恺英网络,2025-10-09 09:42:51,27.87,8200,27.86,E
sz002517,恺英网络,2025-10-09 09:42:54,27.88,10500,27.87,U
sz002517,恺英网络,2025-10-09 09:43:00,27.86,13600,27.88,D
sz002517,恺英网络,2025-10-09 09:43:09,27.83,9600,27.83,D
sz002517,恺英网络,2025-10-09 09:43:12,27.81,19000,27.83,D
sz002517,恺英网络,2025-10-09 09:43:15,27.81,12900,27.81,D
sz002517,恺英网络,2025-10-09 09:43:18,27.8,21200,27.81,D
sz002517,恺英网络,2025-10-09 09:43:21,27.74,157200,27.8,D
sz002517,恺英网络,2025-10-09 09:43:24,27.77,19700,27.74,U
sz002517,恺英网络,2025-10-09 09:43:36,27.74,26700,27.73,U
sz002517,恺英网络,2025-10-09 09:43:39,27.74,12500,27.74,D
sz002517,恺英网络,2025-10-09 09:43:42,27.76,41600,27.74,U
sz002517,恺英网络,2025-10-09 09:43:45,27.77,21800,27.76,U
sz002517,恺英网络,2025-10-09 09:43:48,27.72,13700,27.77,D
sz002517,恺英网络,2025-10-09 09:43:51,27.73,43900,27.72,E
sz002517,恺英网络,2025-10-09 09:43:54,27.72,48800,27.73,E
sz002517,恺英网络,2025-10-09 09:43:57,27.7,90700,27.72,D
sz002517,恺英网络,2025-10-09 09:44:00,27.7,18200,27.7,U
sz002517,恺英网络,2025-10-09 09:44:03,27.68,83300,27.7,D
sz002517,恺英网络,2025-10-09 09:44:06,27.71,52500,27.68,U
sz002517,恺英网络,2025-10-09 09:44:09,27.71,43800,27.71,U
sz002517,恺英网络,2025-10-09 09:44:12,27.65,25000,27.71,D
sz002517,恺英网络,2025-10-09 09:44:15,27.65,49000,27.65,D
sz002517,恺英网络,2025-10-09 09:44:18,27.66,27800,27.65,U
sz002517,恺英网络,2025-10-09 09:44:21,27.65,22000,27.66,U
sz002517,恺英网络,2025-10-09 09:44:24,27.68,53800,27.65,U
sz002517,恺英网络,2025-10-09 09:44:27,27.67,23500,27.68,D
sz002517,恺英网络,2025-10-09 09:44:30,27.67,27600,27.67,U
sz002517,恺英网络,2025-10-09 09:44:36,27.68,262000,27.67,U
sz002517,恺英网络,2025-10-09 09:44:39,27.68,44000,27.68,D
sz002517,恺英网络,2025-10-09 09:44:42,27.66,19500,27.68,D
sz002517,恺英网络,2025-10-09 09:44:45,27.7,57100,27.66,U
sz002517,恺英网络,2025-10-09 09:44:48,27.68,14400,27.7,D
sz002517,恺英网络,2025-10-09 09:44:54,27.68,17800,27.68,D
sz002517,恺英网络,2025-10-09 09:44:57,27.66,16500,27.68,D
sz002517,恺英网络,2025-10-09 09:45:00,27.68,12000,27.66,U
sz002517,恺英网络,2025-10-09 09:45:03,27.69,10300,27.68,U
sz002517,恺英网络,2025-10-09 09:45:09,27.68,11400,27.69,D
sz002517,恺英网络,2025-10-09 09:45:12,27.68,35900,27.68,D
sz002517,恺英网络,2025-10-09 09:45:15,27.68,28300,27.68,U
sz002517,恺英网络,2025-10-09 09:45:18,27.69,12600,27.68,U
sz002517,恺英网络,2025-10-09 09:45:21,27.67,16300,27.69,D
sz002517,恺英网络,2025-10-09 09:45:24,27.68,29700,27.67,U
sz002517,恺英网络,2025-10-09 09:45:27,27.66,30700,27.68,D
sz002517,恺英网络,2025-10-09 09:45:30,27.65,148200,27.66,E
sz002517,恺英网络,2025-10-09 09:45:33,27.6,36000,27.65,D
sz002517,恺英网络,2025-10-09 09:45:36,27.61,22100,27.6,U
sz002517,恺英网络,2025-10-09 09:45:39,27.62,35900,27.61,U
sz002517,恺英网络,2025-10-09 09:45:42,27.62,89800,27.62,U
sz002517,恺英网络,2025-10-09 09:45:45,27.6,17200,27.62,D
sz002517,恺英网络,2025-10-09 09:45:48,27.6,35500,27.6,U
sz002517,恺英网络,2025-10-09 09:45:51,27.54,11500,27.6,D
sz002517,恺英网络,2025-10-09 09:45:54,27.45,130700,27.54,D
sz002517,恺英网络,2025-10-09 09:45:57,27.43,17400,27.45,D
sz002517,恺英网络,2025-10-09 09:46:00,27.42,26600,27.43,D
sz002517,恺英网络,2025-10-09 09:46:03,27.43,46000,27.42,E
sz002517,恺英网络,2025-10-09 09:46:06,27.41,48900,27.43,D
sz002517,恺英网络,2025-10-09 09:46:15,27.39,13500,27.39,U
sz002517,恺英网络,2025-10-09 09:46:18,27.37,178047,27.39,E
sz002517,恺英网络,2025-10-09 09:46:21,27.37,42600,27.37,D
sz002517,恺英网络,2025-10-09 09:46:24,27.35,69459,27.37,D
sz002517,恺英网络,2025-10-09 09:46:27,27.33,45500,27.35,D
sz002517,恺英网络,2025-10-09 09:46:30,27.33,27800,27.33,D
sz002517,恺英网络,2025-10-09 09:46:33,27.34,27600,27.33,E
sz002517,恺英网络,2025-10-09 09:46:36,27.31,70700,27.34,D
sz002517,恺英网络,2025-10-09 09:46:39,27.33,12200,27.31,U
sz002517,恺英网络,2025-10-09 09:46:42,27.33,35400,27.33,U
sz002517,恺英网络,2025-10-09 09:46:45,27.33,91200,27.33,U
sz002517,恺英网络,2025-10-09 09:46:48,27.33,28500,27.33,D
sz002517,恺英网络,2025-10-09 09:46:51,27.32,23400,27.33,D
sz002517,恺英网络,2025-10-09 09:46:54,27.32,28100,27.32,D
sz002517,恺英网络,2025-10-09 09:46:57,27.32,35000,27.32,D
sz002517,恺英网络,2025-10-09 09:47:00,27.32,15700,27.32,D
sz002517,恺英网络,2025-10-09 09:47:03,27.33,16400,27.32,E
sz002517,恺英网络,2025-10-09 09:47:06,27.32,22400,27.33,D
sz002517,恺英网络,2025-10-09 09:47:09,27.37,39100,27.32,U
sz002517,恺英网络,2025-10-09 09:47:12,27.36,18000,27.37,E
sz002517,恺英网络,2025-10-09 09:47:15,27.37,32100,27.36,E
sz002517,恺英网络,2025-10-09 09:47:18,27.35,15800,27.37,D
sz002517,恺英网络,2025-10-09 09:47:21,27.36,23700,27.35,U
sz002517,恺英网络,2025-10-09 09:47:24,27.35,16700,27.36,D
sz002517,恺英网络,2025-10-09 09:47:27,27.37,9600,27.35,U
sz002517,恺英网络,2025-10-09 09:47:30,27.37,19000,27.37,U
sz002517,恺英网络,2025-10-09 09:47:33,27.37,32600,27.37,U
sz002517,恺英网络,2025-10-09 09:47:36,27.37,23000,27.37,D
sz002517,恺英网络,2025-10-09 09:47:39,27.38,17300,27.37,E
sz002517,恺英网络,2025-10-09 09:47:42,27.4,15600,27.38,E
sz002517,恺英网络,2025-10-09 09:47:45,27.39,28400,27.4,D
sz002517,恺英网络,2025-10-09 09:47:48,27.43,13700,27.39,U
sz002517,恺英网络,2025-10-09 09:47:51,27.38,27500,27.43,D
sz002517,恺英网络,2025-10-09 09:47:54,27.35,37300,27.38,D
sz002517,恺英网络,2025-10-09 09:47:57,27.29,230200,27.35,D
sz002517,恺英网络,2025-10-09 09:48:00,27.24,52600,27.29,D
sz002517,恺英网络,2025-10-09 09:48:03,27.27,61000,27.24,U
sz002517,恺英网络,2025-10-09 09:48:06,27.2,36900,27.27,D
sz002517,恺英网络,2025-10-09 09:48:09,27.22,55200,27.2,U
sz002517,恺英网络,2025-10-09 09:48:12,27.2,41800,27.22,E
sz002517,恺英网络,2025-10-09 09:48:15,27.18,84200,27.2,D
sz002517,恺英网络,2025-10-09 09:48:18,27.22,64000,27.18,U
sz002517,恺英网络,2025-10-09 09:48:21,27.14,30700,27.22,D
sz002517,恺英网络,2025-10-09 09:48:24,27.16,17000,27.14,U
sz002517,恺英网络,2025-10-09 09:48:27,27.16,23700,27.16,D
sz002517,恺英网络,2025-10-09 09:48:30,27.14,18500,27.16,D
sz002517,恺英网络,2025-10-09 09:48:33,27.14,25100,27.14,E
sz002517,恺英网络,2025-10-09 09:48:36,27.15,115500,27.14,E
sz002517,恺英网络,2025-10-09 09:48:39,27.15,27800,27.15,D
sz002517,恺英网络,2025-10-09 09:48:42,27.17,25900,27.15,U
sz002517,恺英网络,2025-10-09 09:48:45,27.15,56400,27.17,D
sz002517,恺英网络,2025-10-09 09:48:48,27.15,44600,27.15,U
sz002517,恺英网络,2025-10-09 09:48:51,27.14,40200,27.15,E
sz002517,恺英网络,2025-10-09 09:48:54,27.12,8700,27.14,E
sz002517,恺英网络,2025-10-09 09:48:57,27.1,22300,27.12,D
sz002517,恺英网络,2025-10-09 09:49:00,27.1,10600,27.1,D
sz002517,恺英网络,2025-10-09 09:49:03,27.08,62900,27.1,D
sz002517,恺英网络,2025-10-09 09:49:06,27.06,33400,27.08,E
sz002517,恺英网络,2025-10-09 09:49:09,27.01,88900,27.06,D
sz002517,恺英网络,2025-10-09 09:49:12,27.0,37900,27.01,D
sz002517,恺英网络,2025-10-09 09:49:15,27.0,80400,27.0,D
sz002517,恺英网络,2025-10-09 09:49:18,27.0,62500,27.0,D
sz002517,恺英网络,2025-10-09 09:49:21,27.0,77800,27.0,U
sz002517,恺英网络,2025-10-09 09:49:24,27.01,44700,27.0,U
sz002517,恺英网络,2025-10-09 09:49:27,26.98,100300,27.01,D
sz002517,恺英网络,2025-10-09 09:49:30,26.99,49800,26.98,U
sz002517,恺英网络,2025-10-09 09:49:33,26.99,62300,26.99,D
sz002517,恺英网络,2025-10-09 09:49:36,27.0,45600,26.99,U
sz002517,恺英网络,2025-10-09 09:49:39,26.99,113700,27.0,D
sz002517,恺英网络,2025-10-09 09:49:42,26.99,63300,26.99,U
sz002517,恺英网络,2025-10-09 09:49:45,27.0,26600,26.99,U
sz002517,恺英网络,2025-10-09 09:49:48,26.99,17200,27.0,D
sz002517,恺英网络,2025-10-09 09:49:51,27.05,60300,26.99,U
sz002517,恺英网络,2025-10-09 09:49:54,27.0,104400,27.05,D
sz002517,恺英网络,2025-10-09 09:49:57,26.99,32500,27.0,D
sz002517,恺英网络,2025-10-09 09:50:00,27.01,20800,26.99,E
sz002517,恺英网络,2025-10-09 09:50:03,27.0,20500,27.01,D
sz002517,恺英网络,2025-10-09 09:50:06,27.02,21100,27.0,U
sz002517,恺英网络,2025-10-09 09:50:09,27.02,42600,27.02,D
sz002517,恺英网络,2025-10-09 09:50:12,27.04,28700,27.02,U
sz002517,恺英网络,2025-10-09 09:50:15,27.02,18000,27.04,D
sz002517,恺英网络,2025-10-09 09:50:18,27.05,12700,27.02,E
sz002517,恺英网络,2025-10-09 09:50:21,27.04,26900,27.05,D
sz002517,恺英网络,2025-10-09 09:50:24,27.04,10700,27.04,D
sz002517,恺英网络,2025-10-09 09:50:27,27.02,11000,27.04,D
sz002517,恺英网络,2025-10-09 09:50:30,27.05,17800,27.02,U
sz002517,恺英网络,2025-10-09 09:50:33,27.05,12700,27.05,U
sz002517,恺英网络,2025-10-09 09:50:36,27.03,52400,27.05,D
sz002517,恺英网络,2025-10-09 09:50:39,27.04,25900,27.03,E
sz002517,恺英网络,2025-10-09 09:50:42,27.01,35900,27.04,D
sz002517,恺英网络,2025-10-09 09:50:45,27.08,74300,27.01,U
sz002517,恺英网络,2025-10-09 09:50:48,27.05,49400,27.08,E
sz002517,恺英网络,2025-10-09 09:50:51,27.03,28300,27.05,D
sz002517,恺英网络,2025-10-09 09:50:54,27.03,220400,27.03,D
sz002517,恺英网络,2025-10-09 09:50:57,27.0,18800,27.03,D
sz002517,恺英网络,2025-10-09 09:51:00,27.0,123400,27.0,U
sz002517,恺英网络,2025-10-09 09:51:03,26.98,42700,27.0,D
sz002517,恺英网络,2025-10-09 09:51:06,26.99,28600,26.98,E
sz002517,恺英网络,2025-10-09 09:51:09,26.9,32000,26.99,D
sz002517,恺英网络,2025-10-09 09:51:12,26.91,16600,26.9,D
sz002517,恺英网络,2025-10-09 09:51:15,26.89,48200,26.91,D
sz002517,恺英网络,2025-10-09 09:51:18,26.89,33400,26.89,D
sz002517,恺英网络,2025-10-09 09:51:21,26.88,16800,26.89,D
sz002517,恺英网络,2025-10-09 09:51:24,26.83,32000,26.88,D
sz002517,恺英网络,2025-10-09 09:51:27,26.81,16300,26.83,D
sz002517,恺英网络,2025-10-09 09:51:30,26.84,74700,26.81,U
sz002517,恺英网络,2025-10-09 09:51:33,26.83,45400,26.84,D
sz002517,恺英网络,2025-10-09 09:51:36,26.85,166400,26.83,E
sz002517,恺英网络,2025-10-09 09:51:39,26.87,49500,26.85,E
sz002517,恺英网络,2025-10-09 09:51:42,26.9,91700,26.87,E
sz002517,恺英网络,2025-10-09 09:51:45,26.9,47900,26.9,D
sz002517,恺英网络,2025-10-09 09:51:48,26.91,33300,26.9,E
sz002517,恺英网络,2025-10-09 09:51:51,26.91,37500,26.91,D
sz002517,恺英网络,2025-10-09 09:51:54,26.92,24000,26.91,E
sz002517,恺英网络,2025-10-09 09:51:57,26.95,24500,26.92,E
sz002517,恺英网络,2025-10-09 09:52:03,26.95,78000,26.94,E
sz002517,恺英网络,2025-10-09 09:52:06,26.96,36500,26.95,U
sz002517,恺英网络,2025-10-09 09:52:09,26.96,37000,26.96,D
sz002517,恺英网络,2025-10-09 09:52:12,26.96,43200,26.96,U
sz002517,恺英网络,2025-10-09 09:52:15,26.96,46300,26.96,U
sz002517,恺英网络,2025-10-09 09:52:18,26.89,25800,26.96,D
sz002517,恺英网络,2025-10-09 09:52:21,26.9,14500,26.89,U
sz002517,恺英网络,2025-10-09 09:52:24,26.9,15200,26.9,D
sz002517,恺英网络,2025-10-09 09:52:27,26.9,21800,26.9,D
sz002517,恺英网络,2025-10-09 09:52:30,26.89,40700,26.9,D
sz002517,恺英网络,2025-10-09 09:52:33,26.88,72500,26.89,D
sz002517,恺英网络,2025-10-09 09:52:36,26.86,20900,26.88,D
sz002517,恺英网络,2025-10-09 09:52:39,26.85,29600,26.86,D
sz002517,恺英网络,2025-10-09 09:52:42,26.84,33500,26.85,D
sz002517,恺英网络,2025-10-09 09:52:45,26.81,90700,26.84,D
sz002517,恺英网络,2025-10-09 09:52:48,26.8,61100,26.81,D
sz002517,恺英网络,2025-10-09 09:52:51,26.79,32400,26.8,D
sz002517,恺英网络,2025-10-09 09:52:54,26.76,66500,26.79,D
sz002517,恺英网络,2025-10-09 09:52:57,26.79,43300,26.76,U
sz002517,恺英网络,2025-10-09 09:53:00,26.82,237700,26.79,U
sz002517,恺英网络,2025-10-09 09:53:03,26.82,99017,26.82,D
sz002517,恺英网络,2025-10-09 09:53:06,26.83,40400,26.82,U
sz002517,恺英网络,2025-10-09 09:53:09,26.91,106500,26.83,U
sz002517,恺英网络,2025-10-09 09:53:12,26.87,53400,26.91,D
sz002517,恺英网络,2025-10-09 09:53:15,26.92,34200,26.87,E
sz002517,恺英网络,2025-10-09 09:53:18,26.91,69000,26.92,E
sz002517,恺英网络,2025-10-09 09:53:21,26.86,50500,26.91,D
sz002517,恺英网络,2025-10-09 09:53:24,26.9,53600,26.86,U
sz002517,恺英网络,2025-10-09 09:53:27,26.81,14500,26.9,D
sz002517,恺英网络,2025-10-09 09:53:30,26.82,22200,26.81,E
sz002517,恺英网络,2025-10-09 09:53:33,26.81,15800,26.82,D
sz002517,恺英网络,2025-10-09 09:53:36,26.81,48800,26.81,U
sz002517,恺英网络,2025-10-09 09:53:39,26.8,44600,26.81,D
sz002517,恺英网络,2025-10-09 09:53:42,26.8,48900,26.8,E
sz002517,恺英网络,2025-10-09 09:53:45,26.76,37900,26.8,D
sz002517,恺英网络,2025-10-09 09:53:48,26.81,15500,26.76,U
sz002517,恺英网络,2025-10-09 09:53:51,26.77,40100,26.81,D
sz002517,恺英网络,2025-10-09 09:53:54,26.81,31300,26.77,D
sz002517,恺英网络,2025-10-09 09:53:57,26.85,10700,26.81,E
sz002517,恺英网络,2025-10-09 09:54:00,26.83,18800,26.85,E
sz002517,恺英网络,2025-10-09 09:54:03,26.85,23200,26.83,E
sz002517,恺英网络,2025-10-09 09:54:06,26.81,16800,26.85,D
sz002517,恺英网络,2025-10-09 09:54:12,26.82,11000,26.84,D
sz002517,恺英网络,2025-10-09 09:54:15,26.8,34400,26.82,D
sz002517,恺英网络,2025-10-09 09:54:18,26.82,29800,26.8,U
sz002517,恺英网络,2025-10-09 09:54:21,26.8,64600,26.82,D
sz002517,恺英网络,2025-10-09 09:54:24,26.8,18500,26.8,D
sz002517,恺英网络,2025-10-09 09:54:27,26.81,26900,26.8,U
sz002517,恺英网络,2025-10-09 09:54:30,26.81,24300,26.81,U
sz002517,恺英网络,2025-10-09 09:54:33,26.8,13300,26.81,D
sz002517,恺英网络,2025-10-09 09:54:36,26.78,13400,26.8,D
sz002517,恺英网络,2025-10-09 09:54:39,26.78,29200,26.78,D
sz002517,恺英网络,2025-10-09 09:54:42,26.79,29300,26.78,U
sz002517,恺英网络,2025-10-09 09:54:45,26.8,11200,26.79,U
sz002517,恺英网络,2025-10-09 09:54:48,26.8,56800,26.8,U
sz002517,恺英网络,2025-10-09 09:54:51,26.8,47500,26.8,D
sz002517,恺英网络,2025-10-09 09:54:54,26.78,15500,26.8,D
sz002517,恺英网络,2025-10-09 09:54:57,26.79,18600,26.78,U
sz002517,恺英网络,2025-10-09 09:55:00,26.74,174300,26.79,D
sz002517,恺英网络,2025-10-09 09:55:03,26.71,65083,26.74,D
sz002517,恺英网络,2025-10-09 09:55:06,26.73,22600,26.71,U
sz002517,恺英网络,2025-10-09 09:55:09,26.7,24600,26.73,D
sz002517,恺英网络,2025-10-09 09:55:12,26.71,33500,26.7,U
sz002517,恺英网络,2025-10-09 09:55:15,26.7,34100,26.71,D
sz002517,恺英网络,2025-10-09 09:55:18,26.7,36600,26.7,D
sz002517,恺英网络,2025-10-09 09:55:21,26.67,113900,26.7,D
sz002517,恺英网络,2025-10-09 09:55:24,26.69,135276,26.67,U
sz002517,恺英网络,2025-10-09 09:55:27,26.67,17400,26.69,D
sz002517,恺英网络,2025-10-09 09:55:30,26.72,94324,26.67,U
sz002517,恺英网络,2025-10-09 09:55:33,26.76,69500,26.72,U
sz002517,恺英网络,2025-10-09 09:55:36,26.74,84300,26.76,E
sz002517,恺英网络,2025-10-09 09:55:39,26.76,34600,26.74,E
sz002517,恺英网络,2025-10-09 09:55:42,26.76,48000,26.76,D
sz002517,恺英网络,2025-10-09 09:55:45,26.73,33500,26.76,D
sz002517,恺英网络,2025-10-09 09:55:48,26.75,42100,26.73,E
sz002517,恺英网络,2025-10-09 09:55:51,26.71,96000,26.75,D
sz002517,恺英网络,2025-10-09 09:55:54,26.74,94600,26.71,U
sz002517,恺英网络,2025-10-09 09:55:57,26.72,78800,26.74,D
sz002517,恺英网络,2025-10-09 09:56:00,26.71,19300,26.72,D
sz002517,恺英网络,2025-10-09 09:56:03,26.75,30400,26.71,U
sz002517,恺英网络,2025-10-09 09:56:06,26.73,65000,26.75,D
sz002517,恺英网络,2025-10-09 09:56:09,26.71,70100,26.73,D
sz002517,恺英网络,2025-10-09 09:56:12,26.71,47200,26.71,D
sz002517,恺英网络,2025-10-09 09:56:15,26.72,16900,26.71,U
sz002517,恺英网络,2025-10-09 09:56:18,26.71,17900,26.72,D
sz002517,恺英网络,2025-10-09 09:56:21,26.7,15800,26.71,D
sz002517,恺英网络,2025-10-09 09:56:24,26.7,18000,26.7,D
sz002517,恺英网络,2025-10-09 09:56:30,26.69,37600,26.72,D
sz002517,恺英网络,2025-10-09 09:56:33,26.7,11000,26.69,D
sz002517,恺英网络,2025-10-09 09:56:36,26.68,39800,26.7,D
sz002517,恺英网络,2025-10-09 09:56:39,26.68,11200,26.68,D
sz002517,恺英网络,2025-10-09 09:56:42,26.68,19000,26.68,U
sz002517,恺英网络,2025-10-09 09:56:45,26.68,16000,26.68,U
sz002517,恺英网络,2025-10-09 09:56:48,26.66,11500,26.68,D
sz002517,恺英网络,2025-10-09 09:56:51,26.65,28500,26.66,D
sz002517,恺英网络,2025-10-09 09:56:54,26.63,37000,26.65,D
sz002517,恺英网络,2025-10-09 09:56:57,26.68,66300,26.63,U
sz002517,恺英网络,2025-10-09 09:57:00,26.65,12900,26.68,D
sz002517,恺英网络,2025-10-09 09:57:03,26.65,17100,26.65,U
sz002517,恺英网络,2025-10-09 09:57:06,26.62,98700,26.65,E
sz002517,恺英网络,2025-10-09 09:57:09,26.63,62700,26.62,E
sz002517,恺英网络,2025-10-09 09:57:12,26.63,22400,26.63,U
sz002517,恺英网络,2025-10-09 09:57:15,26.62,16900,26.63,E
sz002517,恺英网络,2025-10-09 09:57:18,26.61,22100,26.62,D
sz002517,恺英网络,2025-10-09 09:57:21,26.6,19200,26.61,D
sz002517,恺英网络,2025-10-09 09:57:24,26.6,43400,26.6,D
sz002517,恺英网络,2025-10-09 09:57:27,26.6,61700,26.6,U
sz002517,恺英网络,2025-10-09 09:57:30,26.59,37400,26.6,D
sz002517,恺英网络,2025-10-09 09:57:33,26.58,35100,26.59,D
sz002517,恺英网络,2025-10-09 09:57:36,26.55,40200,26.58,D
sz002517,恺英网络,2025-10-09 09:57:39,26.53,19800,26.55,D
sz002517,恺英网络,2025-10-09 09:57:42,26.5,42700,26.53,D
sz002517,恺英网络,2025-10-09 09:57:45,26.5,124500,26.5,D
sz002517,恺英网络,2025-10-09 09:57:48,26.48,42200,26.5,D
sz002517,恺英网络,2025-10-09 09:57:51,26.48,12600,26.48,U
sz002517,恺英网络,2025-10-09 09:57:54,26.5,198300,26.48,U
sz002517,恺英网络,2025-10-09 09:57:57,26.49,228600,26.5,D
sz002517,恺英网络,2025-10-09 09:58:00,26.49,90300,26.49,D
sz002517,恺英网络,2025-10-09 09:58:03,26.48,32100,26.49,D
sz002517,恺英网络,2025-10-09 09:58:06,26.47,27000,26.48,D
sz002517,恺英网络,2025-10-09 09:58:09,26.48,49500,26.47,U
sz002517,恺英网络,2025-10-09 09:58:12,26.47,44100,26.48,E
sz002517,恺英网络,2025-10-09 09:58:15,26.42,48800,26.47,D
sz002517,恺英网络,2025-10-09 09:58:18,26.45,83700,26.42,D
sz002517,恺英网络,2025-10-09 09:58:21,26.48,162300,26.45,U
sz002517,恺英网络,2025-10-09 09:58:24,26.55,62300,26.48,U
sz002517,恺英网络,2025-10-09 09:58:27,26.59,108000,26.55,U
sz002517,恺英网络,2025-10-09 09:58:30,26.6,143800,26.59,U
sz002517,恺英网络,2025-10-09 09:58:33,26.6,89000,26.6,D
sz002517,恺英网络,2025-10-09 09:58:36,26.63,34300,26.6,U
sz002517,恺英网络,2025-10-09 09:58:39,26.63,49500,26.63,E
sz002517,恺英网络,2025-10-09 09:58:42,26.61,23100,26.63,D
sz002517,恺英网络,2025-10-09 09:58:45,26.62,44700,26.61,E
sz002517,恺英网络,2025-10-09 09:58:48,26.6,30900,26.62,D
sz002517,恺英网络,2025-10-09 09:58:51,26.62,18100,26.6,U
sz002517,恺英网络,2025-10-09 09:58:54,26.61,22500,26.62,E
sz002517,恺英网络,2025-10-09 09:58:57,26.6,45400,26.61,D
sz002517,恺英网络,2025-10-09 09:59:00,26.59,68900,26.6,D
sz002517,恺英网络,2025-10-09 09:59:03,26.6,27500,26.59,U
sz002517,恺英网络,2025-10-09 09:59:06,26.58,13000,26.6,D
sz002517,恺英网络,2025-10-09 09:59:09,26.59,21500,26.58,U
sz002517,恺英网络,2025-10-09 09:59:12,26.58,19100,26.59,D
sz002517,恺英网络,2025-10-09 09:59:15,26.57,18900,26.58,D
sz002517,恺英网络,2025-10-09 09:59:18,26.57,30500,26.57,D
sz002517,恺英网络,2025-10-09 09:59:21,26.58,18400,26.57,U
sz002517,恺英网络,2025-10-09 09:59:24,26.58,24200,26.58,U
sz002517,恺英网络,2025-10-09 09:59:27,26.57,10600,26.58,E
sz002517,恺英网络,2025-10-09 09:59:30,26.62,29900,26.57,U
sz002517,恺英网络,2025-10-09 09:59:33,26.63,15100,26.62,U
sz002517,恺英网络,2025-10-09 09:59:36,26.63,72200,26.63,U
sz002517,恺英网络,2025-10-09 09:59:39,26.64,20500,26.63,U
sz002517,恺英网络,2025-10-09 09:59:42,26.63,13600,26.64,D
sz002517,恺英网络,2025-10-09 09:59:45,26.63,9400,26.63,U
sz002517,恺英网络,2025-10-09 09:59:48,26.63,15500,26.63,U
sz002517,恺英网络,2025-10-09 09:59:51,26.62,98700,26.63,D
sz002517,恺英网络,2025-10-09 09:59:54,26.61,48900,26.62,D
sz002517,恺英网络,2025-10-09 09:59:57,26.61,23900,26.61,D
sz002517,恺英网络,2025-10-09 10:00:00,26.65,32500,26.61,U
sz002517,恺英网络,2025-10-09 10:00:03,26.65,16200,26.65,D
sz002517,恺英网络,2025-10-09 10:00:06,26.61,9000,26.65,D
sz002517,恺英网络,2025-10-09 10:00:09,26.61,11400,26.61,D
sz002517,恺英网络,2025-10-09 10:00:12,26.63,35600,26.61,E
sz002517,恺英网络,2025-10-09 10:00:15,26.65,12000,26.63,U
sz002517,恺英网络,2025-10-09 10:00:18,26.68,32000,26.65,E
sz002517,恺英网络,2025-10-09 10:00:21,26.65,22400,26.68,D
sz002517,恺英网络,2025-10-09 10:00:24,26.63,20900,26.65,D
sz002517,恺英网络,2025-10-09 10:00:27,26.69,63800,26.63,U
sz002517,恺英网络,2025-10-09 10:00:30,26.7,18500,26.69,E
sz002517,恺英网络,2025-10-09 10:00:33,26.74,23000,26.7,U
sz002517,恺英网络,2025-10-09 10:00:36,26.74,19200,26.74,U
sz002517,恺英网络,2025-10-09 10:00:39,26.74,22000,26.74,U
sz002517,恺英网络,2025-10-09 10:00:42,26.74,30500,26.74,U
sz002517,恺英网络,2025-10-09 10:00:45,26.7,40200,26.74,D
sz002517,恺英网络,2025-10-09 10:00:48,26.7,19100,26.7,U
sz002517,恺英网络,2025-10-09 10:00:51,26.7,28600,26.7,U
sz002517,恺英网络,2025-10-09 10:00:54,26.7,19600,26.7,U
sz002517,恺英网络,2025-10-09 10:00:57,26.7,26700,26.7,U
sz002517,恺英网络,2025-10-09 10:01:00,26.68,13200,26.7,D
sz002517,恺英网络,2025-10-09 10:01:03,26.71,24200,26.68,D
sz002517,恺英网络,2025-10-09 10:01:06,26.71,13300,26.71,E
sz002517,恺英网络,2025-10-09 10:01:09,26.67,57400,26.71,D
sz002517,恺英网络,2025-10-09 10:01:12,26.7,40300,26.67,U
sz002517,恺英网络,2025-10-09 10:01:15,26.71,16600,26.7,U
sz002517,恺英网络,2025-10-09 10:01:18,26.71,11000,26.71,D
sz002517,恺英网络,2025-10-09 10:01:21,26.71,39400,26.71,D
sz002517,恺英网络,2025-10-09 10:01:24,26.68,18700,26.71,D
sz002517,恺英网络,2025-10-09 10:01:27,26.7,29200,26.68,D
sz002517,恺英网络,2025-10-09 10:01:30,26.7,27800,26.7,U
sz002517,恺英网络,2025-10-09 10:01:33,26.65,59400,26.7,D
sz002517,恺英网络,2025-10-09 10:01:36,26.64,35300,26.65,D
sz002517,恺英网络,2025-10-09 10:01:39,26.65,43600,26.64,U
sz002517,恺英网络,2025-10-09 10:01:42,26.65,23600,26.65,U
sz002517,恺英网络,2025-10-09 10:01:45,26.65,70000,26.65,D
sz002517,恺英网络,2025-10-09 10:01:48,26.64,19600,26.65,E
sz002517,恺英网络,2025-10-09 10:01:51,26.62,26700,26.64,E
sz002517,恺英网络,2025-10-09 10:01:54,26.62,16100,26.62,U
sz002517,恺英网络,2025-10-09 10:01:57,26.6,18600,26.62,D
sz002517,恺英网络,2025-10-09 10:02:00,26.58,16100,26.6,D
sz002517,恺英网络,2025-10-09 10:02:03,26.58,23000,26.58,U
sz002517,恺英网络,2025-10-09 10:02:06,26.57,37000,26.58,E
sz002517,恺英网络,2025-10-09 10:02:09,26.56,18400,26.57,D
sz002517,恺英网络,2025-10-09 10:02:12,26.6,19200,26.56,E
sz002517,恺英网络,2025-10-09 10:02:15,26.58,18100,26.6,D
sz002517,恺英网络,2025-10-09 10:02:18,26.6,17800,26.58,U
sz002517,恺英网络,2025-10-09 10:02:21,26.61,11600,26.6,D
sz002517,恺英网络,2025-10-09 10:02:27,26.58,13400,26.6,D
sz002517,恺英网络,2025-10-09 10:02:30,26.58,13900,26.58,D
sz002517,恺英网络,2025-10-09 10:02:33,26.56,30100,26.58,D
sz002517,恺英网络,2025-10-09 10:02:36,26.55,14600,26.56,D
sz002517,恺英网络,2025-10-09 10:02:39,26.51,34500,26.55,D
sz002517,恺英网络,2025-10-09 10:02:42,26.51,36600,26.51,U
sz002517,恺英网络,2025-10-09 10:02:45,26.56,142100,26.51,U
sz002517,恺英网络,2025-10-09 10:02:48,26.51,145800,26.56,D
sz002517,恺英网络,2025-10-09 10:02:51,26.53,127200,26.51,E
sz002517,恺英网络,2025-10-09 10:02:54,26.53,49700,26.53,D
sz002517,恺英网络,2025-10-09 10:02:57,26.56,16000,26.53,U
sz002517,恺英网络,2025-10-09 10:03:00,26.55,13200,26.56,D
sz002517,恺英网络,2025-10-09 10:03:03,26.56,9600,26.55,U
sz002517,恺英网络,2025-10-09 10:03:06,26.61,22400,26.56,U
sz002517,恺英网络,2025-10-09 10:03:09,26.59,14000,26.61,D
sz002517,恺英网络,2025-10-09 10:03:12,26.57,31700,26.59,D
sz002517,恺英网络,2025-10-09 10:03:15,26.6,7800,26.57,U
sz002517,恺英网络,2025-10-09 10:03:21,26.6,30100,26.61,D
sz002517,恺英网络,2025-10-09 10:03:24,26.59,9000,26.6,D
sz002517,恺英网络,2025-10-09 10:03:27,26.55,10300,26.59,D
sz002517,恺英网络,2025-10-09 10:03:30,26.55,54400,26.55,D
sz002517,恺英网络,2025-10-09 10:03:33,26.53,79100,26.55,E
sz002517,恺英网络,2025-10-09 10:03:36,26.51,37500,26.53,E
sz002517,恺英网络,2025-10-09 10:03:39,26.52,168100,26.51,U
sz002517,恺英网络,2025-10-09 10:03:42,26.52,12300,26.52,D
sz002517,恺英网络,2025-10-09 10:03:45,26.51,11000,26.52,D
sz002517,恺英网络,2025-10-09 10:03:48,26.56,85600,26.51,U
sz002517,恺英网络,2025-10-09 10:03:51,26.54,13100,26.56,D
sz002517,恺英网络,2025-10-09 10:03:54,26.59,21100,26.54,U
sz002517,恺英网络,2025-10-09 10:03:57,26.59,12700,26.59,D
sz002517,恺英网络,2025-10-09 10:04:00,26.59,7600,26.59,D
sz002517,恺英网络,2025-10-09 10:04:03,26.57,12400,26.59,D
sz002517,恺英网络,2025-10-09 10:04:06,26.57,15800,26.57,D
sz002517,恺英网络,2025-10-09 10:04:09,26.57,12000,26.57,D
sz002517,恺英网络,2025-10-09 10:04:12,26.55,30800,26.57,D
sz002517,恺英网络,2025-10-09 10:04:18,26.6,27000,26.59,U
sz002517,恺英网络,2025-10-09 10:04:21,26.58,8800,26.6,E
sz002517,恺英网络,2025-10-09 10:04:24,26.56,18800,26.58,E
sz002517,恺英网络,2025-10-09 10:04:27,26.58,13400,26.56,E
sz002517,恺英网络,2025-10-09 10:04:30,26.56,9700,26.58,D
sz002517,恺英网络,2025-10-09 10:04:33,26.54,65400,26.56,D
sz002517,恺英网络,2025-10-09 10:04:36,26.51,39000,26.54,D
sz002517,恺英网络,2025-10-09 10:04:39,26.52,18200,26.51,E
sz002517,恺英网络,2025-10-09 10:04:42,26.52,16500,26.52,U
sz002517,恺英网络,2025-10-09 10:04:45,26.51,33400,26.52,D
sz002517,恺英网络,2025-10-09 10:04:48,26.51,23100,26.51,U
sz002517,恺英网络,2025-10-09 10:04:51,26.48,29800,26.51,D
sz002517,恺英网络,2025-10-09 10:04:54,26.49,24800,26.48,U
sz002517,恺英网络,2025-10-09 10:04:57,26.46,34400,26.49,D
sz002517,恺英网络,2025-10-09 10:05:00,26.49,15700,26.46,E
sz002517,恺英网络,2025-10-09 10:05:03,26.47,15600,26.49,D
sz002517,恺英网络,2025-10-09 10:05:06,26.47,10400,26.47,D
sz002517,恺英网络,2025-10-09 10:05:12,26.47,36900,26.48,D
sz002517,恺英网络,2025-10-09 10:05:15,26.51,50300,26.47,U
sz002517,恺英网络,2025-10-09 10:05:18,26.47,26500,26.51,D
sz002517,恺英网络,2025-10-09 10:05:21,26.48,16000,26.47,E
sz002517,恺英网络,2025-10-09 10:05:24,26.5,16900,26.48,U
sz002517,恺英网络,2025-10-09 10:05:33,26.49,8900,26.52,D
sz002517,恺英网络,2025-10-09 10:05:36,26.52,11300,26.49,U
sz002517,恺英网络,2025-10-09 10:05:39,26.5,21100,26.52,E
sz002517,恺英网络,2025-10-09 10:05:42,26.5,18600,26.5,U
sz002517,恺英网络,2025-10-09 10:05:45,26.49,9300,26.5,D
sz002517,恺英网络,2025-10-09 10:05:48,26.47,8500,26.49,D
sz002517,恺英网络,2025-10-09 10:05:51,26.49,40800,26.47,U
sz002517,恺英网络,2025-10-09 10:05:54,26.47,18100,26.49,E
sz002517,恺英网络,2025-10-09 10:05:57,26.47,14700,26.47,D
sz002517,恺英网络,2025-10-09 10:06:03,26.47,8100,26.48,D
sz002517,恺英网络,2025-10-09 10:06:06,26.47,31700,26.47,E
sz002517,恺英网络,2025-10-09 10:06:09,26.49,9500,26.47,U
sz002517,恺英网络,2025-10-09 10:06:12,26.46,15700,26.49,D
sz002517,恺英网络,2025-10-09 10:06:15,26.48,16000,26.46,U
sz002517,恺英网络,2025-10-09 10:06:18,26.48,25400,26.48,D
sz002517,恺英网络,2025-10-09 10:06:21,26.48,12800,26.48,U
sz002517,恺英网络,2025-10-09 10:06:24,26.46,90600,26.48,D
sz002517,恺英网络,2025-10-09 10:06:30,26.46,45100,26.46,D
sz002517,恺英网络,2025-10-09 10:06:33,26.44,34600,26.46,D
sz002517,恺英网络,2025-10-09 10:06:36,26.45,31800,26.44,U
sz002517,恺英网络,2025-10-09 10:06:39,26.45,72300,26.45,D
sz002517,恺英网络,2025-10-09 10:06:42,26.45,12500,26.45,D
sz002517,恺英网络,2025-10-09 10:06:45,26.44,12400,26.45,D
sz002517,恺英网络,2025-10-09 10:06:48,26.44,10000,26.44,D
sz002517,恺英网络,2025-10-09 10:06:51,26.44,14000,26.44,D
sz002517,恺英网络,2025-10-09 10:06:54,26.45,21900,26.44,D
sz002517,恺英网络,2025-10-09 10:06:57,26.45,46100,26.45,E
sz002517,恺英网络,2025-10-09 10:07:00,26.42,13100,26.45,D
sz002517,恺英网络,2025-10-09 10:07:03,26.42,28900,26.42,D
sz002517,恺英网络,2025-10-09 10:07:06,26.44,95000,26.42,U
sz002517,恺英网络,2025-10-09 10:07:09,26.43,35400,26.44,U
sz002517,恺英网络,2025-10-09 10:07:12,26.41,56300,26.43,D
sz002517,恺英网络,2025-10-09 10:07:15,26.41,101300,26.41,U
sz002517,恺英网络,2025-10-09 10:07:18,26.4,47100,26.41,D
sz002517,恺英网络,2025-10-09 10:07:21,26.4,39500,26.4,U
sz002517,恺英网络,2025-10-09 10:07:24,26.45,86300,26.4,U
sz002517,恺英网络,2025-10-09 10:07:27,26.4,34700,26.45,E
sz002517,恺英网络,2025-10-09 10:07:30,26.41,68800,26.4,U
sz002517,恺英网络,2025-10-09 10:07:33,26.42,47800,26.41,D
sz002517,恺英网络,2025-10-09 10:07:36,26.44,13700,26.42,E
sz002517,恺英网络,2025-10-09 10:07:39,26.48,39300,26.44,U
sz002517,恺英网络,2025-10-09 10:07:42,26.47,17700,26.48,D
sz002517,恺英网络,2025-10-09 10:07:45,26.5,16500,26.47,U
sz002517,恺英网络,2025-10-09 10:07:48,26.5,29900,26.5,U
sz002517,恺英网络,2025-10-09 10:07:51,26.49,28100,26.5,D
sz002517,恺英网络,2025-10-09 10:07:54,26.48,25600,26.49,D
sz002517,恺英网络,2025-10-09 10:08:00,26.48,20900,26.49,D
sz002517,恺英网络,2025-10-09 10:08:03,26.46,15100,26.48,D
sz002517,恺英网络,2025-10-09 10:08:06,26.46,18100,26.46,D
sz002517,恺英网络,2025-10-09 10:08:15,26.48,26400,26.48,U
sz002517,恺英网络,2025-10-09 10:08:21,26.47,23800,26.49,D
sz002517,恺英网络,2025-10-09 10:08:27,26.49,15700,26.48,U
sz002517,恺英网络,2025-10-09 10:08:30,26.49,26800,26.49,U
sz002517,恺英网络,2025-10-09 10:08:33,26.48,21000,26.49,U
sz002517,恺英网络,2025-10-09 10:08:36,26.47,7800,26.48,U
sz002517,恺英网络,2025-10-09 10:08:45,26.47,9300,26.48,U
sz002517,恺英网络,2025-10-09 10:08:48,26.46,34200,26.47,D
sz002517,恺英网络,2025-10-09 10:08:51,26.45,13600,26.46,D
sz002517,恺英网络,2025-10-09 10:08:54,26.46,28600,26.45,U
sz002517,恺英网络,2025-10-09 10:08:57,26.45,12500,26.46,E
sz002517,恺英网络,2025-10-09 10:09:00,26.46,12200,26.45,U
sz002517,恺英网络,2025-10-09 10:09:03,26.46,13900,26.46,U
sz002517,恺英网络,2025-10-09 10:09:06,26.44,15300,26.46,D
sz002517,恺英网络,2025-10-09 10:09:09,26.43,37500,26.44,D
sz002517,恺英网络,2025-10-09 10:09:12,26.42,34900,26.43,D
sz002517,恺英网络,2025-10-09 10:09:15,26.43,8700,26.42,U
sz002517,恺英网络,2025-10-09 10:09:18,26.42,12800,26.43,D
sz002517,恺英网络,2025-10-09 10:09:21,26.42,18200,26.42,D
sz002517,恺英网络,2025-10-09 10:09:24,26.43,19000,26.42,U
sz002517,恺英网络,2025-10-09 10:09:27,26.42,19500,26.43,D
sz002517,恺英网络,2025-10-09 10:09:30,26.4,24500,26.42,D
sz002517,恺英网络,2025-10-09 10:09:33,26.4,52000,26.4,D
sz002517,恺英网络,2025-10-09 10:09:36,26.4,36900,26.4,D
sz002517,恺英网络,2025-10-09 10:09:39,26.37,41600,26.4,D
sz002517,恺英网络,2025-10-09 10:09:42,26.38,23350,26.37,E
sz002517,恺英网络,2025-10-09 10:09:45,26.35,26100,26.38,D
sz002517,恺英网络,2025-10-09 10:09:48,26.37,24000,26.35,E
sz002517,恺英网络,2025-10-09 10:09:51,26.4,44600,26.37,U
sz002517,恺英网络,2025-10-09 10:09:54,26.38,32700,26.4,E
sz002517,恺英网络,2025-10-09 10:09:57,26.4,10300,26.38,U
sz002517,恺英网络,2025-10-09 10:10:00,26.37,13600,26.4,E
sz002517,恺英网络,2025-10-09 10:10:03,26.36,57900,26.37,D
sz002517,恺英网络,2025-10-09 10:10:06,26.37,11100,26.36,E
sz002517,恺英网络,2025-10-09 10:10:09,26.36,32300,26.37,D
sz002517,恺英网络,2025-10-09 10:10:12,26.38,8200,26.36,U
sz002517,恺英网络,2025-10-09 10:10:15,26.39,91500,26.38,U
sz002517,恺英网络,2025-10-09 10:10:18,26.4,30500,26.39,U
sz002517,恺英网络,2025-10-09 10:10:21,26.39,65400,26.4,E
sz002517,恺英网络,2025-10-09 10:10:24,26.42,41100,26.39,U
sz002517,恺英网络,2025-10-09 10:10:27,26.39,69400,26.42,D
sz002517,恺英网络,2025-10-09 10:10:33,26.42,18700,26.43,D
sz002517,恺英网络,2025-10-09 10:10:36,26.42,41400,26.42,D
sz002517,恺英网络,2025-10-09 10:10:39,26.42,32000,26.42,D
sz002517,恺英网络,2025-10-09 10:10:42,26.46,9500,26.42,U
sz002517,恺英网络,2025-10-09 10:10:48,26.44,14300,26.45,D
sz002517,恺英网络,2025-10-09 10:10:54,26.44,10600,26.44,D
sz002517,恺英网络,2025-10-09 10:10:57,26.45,16200,26.44,U
sz002517,恺英网络,2025-10-09 10:11:00,26.46,18600,26.45,U
sz002517,恺英网络,2025-10-09 10:11:03,26.45,11800,26.46,D
sz002517,恺英网络,2025-10-09 10:11:06,26.46,8100,26.45,U
sz002517,恺英网络,2025-10-09 10:11:09,26.45,11600,26.46,D
sz002517,恺英网络,2025-10-09 10:11:12,26.46,44900,26.45,U
sz002517,恺英网络,2025-10-09 10:11:15,26.47,28000,26.46,D
sz002517,恺英网络,2025-10-09 10:11:18,26.48,27200,26.47,E
sz002517,恺英网络,2025-10-09 10:11:24,26.48,25900,26.49,D
sz002517,恺英网络,2025-10-09 10:11:27,26.47,25300,26.48,D
sz002517,恺英网络,2025-10-09 10:11:33,26.48,10800,26.49,E
sz002517,恺英网络,2025-10-09 10:11:36,26.5,70300,26.48,U
sz002517,恺英网络,2025-10-09 10:11:39,26.5,7700,26.5,U
sz002517,恺英网络,2025-10-09 10:11:42,26.49,19000,26.5,D
sz002517,恺英网络,2025-10-09 10:11:45,26.5,26800,26.49,U
sz002517,恺英网络,2025-10-09 10:11:48,26.5,15900,26.5,D
sz002517,恺英网络,2025-10-09 10:11:51,26.51,11800,26.5,U
sz002517,恺英网络,2025-10-09 10:11:54,26.52,22100,26.51,U
sz002517,恺英网络,2025-10-09 10:11:57,26.6,52400,26.52,U
sz002517,恺英网络,2025-10-09 10:12:00,26.62,19100,26.6,U
sz002517,恺英网络,2025-10-09 10:12:03,26.54,27900,26.62,D
sz002517,恺英网络,2025-10-09 10:12:15,26.63,25000,26.62,U
sz002517,恺英网络,2025-10-09 10:12:18,26.62,15500,26.63,D
sz002517,恺英网络,2025-10-09 10:12:21,26.62,18100,26.62,D
sz002517,恺英网络,2025-10-09 10:12:27,26.65,17800,26.63,U
sz002517,恺英网络,2025-10-09 10:12:30,26.65,10800,26.65,U
sz002517,恺英网络,2025-10-09 10:12:33,26.65,30500,26.65,D
sz002517,恺英网络,2025-10-09 10:12:36,26.66,26100,26.65,U
sz002517,恺英网络,2025-10-09 10:12:42,26.65,73100,26.66,D
sz002517,恺英网络,2025-10-09 10:12:45,26.65,8200,26.65,U
sz002517,恺英网络,2025-10-09 10:12:48,26.65,27000,26.65,U
sz002517,恺英网络,2025-10-09 10:12:51,26.63,20100,26.65,D
sz002517,恺英网络,2025-10-09 10:12:54,26.64,60100,26.63,E
sz002517,恺英网络,2025-10-09 10:12:57,26.66,11400,26.64,U
sz002517,恺英网络,2025-10-09 10:13:03,26.66,71500,26.65,U
sz002517,恺英网络,2025-10-09 10:13:06,26.67,9100,26.66,U
sz002517,恺英网络,2025-10-09 10:13:12,26.68,16200,26.66,U
sz002517,恺英网络,2025-10-09 10:13:15,26.68,8100,26.68,U
sz002517,恺英网络,2025-10-09 10:13:18,26.68,20300,26.68,U
sz002517,恺英网络,2025-10-09 10:13:21,26.68,7500,26.68,D
sz002517,恺英网络,2025-10-09 10:13:24,26.68,36700,26.68,D
sz002517,恺英网络,2025-10-09 10:13:27,26.68,20400,26.68,D
sz002517,恺英网络,2025-10-09 10:13:30,26.68,11600,26.68,U
sz002517,恺英网络,2025-10-09 10:13:33,26.68,11100,26.68,U
sz002517,恺英网络,2025-10-09 10:13:36,26.67,42600,26.68,E
sz002517,恺英网络,2025-10-09 10:13:39,26.67,21600,26.67,U
sz002517,恺英网络,2025-10-09 10:13:45,26.68,13400,26.67,U
sz002517,恺英网络,2025-10-09 10:13:48,26.67,9300,26.68,D
sz002517,恺英网络,2025-10-09 10:13:51,26.65,12000,26.67,D
sz002517,恺英网络,2025-10-09 10:13:54,26.66,38500,26.65,E
sz002517,恺英网络,2025-10-09 10:13:57,26.65,28900,26.66,D
sz002517,恺英网络,2025-10-09 10:14:00,26.66,27600,26.65,U
sz002517,恺英网络,2025-10-09 10:14:03,26.65,21200,26.66,E
sz002517,恺英网络,2025-10-09 10:14:06,26.61,31500,26.65,D
sz002517,恺英网络,2025-10-09 10:14:09,26.63,15500,26.61,U
sz002517,恺英网络,2025-10-09 10:14:15,26.6,20100,26.63,D
sz002517,恺英网络,2025-10-09 10:14:18,26.62,28600,26.6,U
sz002517,恺英网络,2025-10-09 10:14:21,26.56,16500,26.62,D
sz002517,恺英网络,2025-10-09 10:14:24,26.57,14600,26.56,E
sz002517,恺英网络,2025-10-09 10:14:27,26.58,100200,26.57,U
sz002517,恺英网络,2025-10-09 10:14:30,26.57,8300,26.58,D
sz002517,恺英网络,2025-10-09 10:14:33,26.57,10800,26.57,D
sz002517,恺英网络,2025-10-09 10:14:36,26.57,17500,26.57,D
sz002517,恺英网络,2025-10-09 10:14:39,26.57,16500,26.57,D
sz002517,恺英网络,2025-10-09 10:14:42,26.57,12100,26.57,D
sz002517,恺英网络,2025-10-09 10:14:45,26.56,10200,26.57,D
sz002517,恺英网络,2025-10-09 10:14:48,26.56,18900,26.56,U
sz002517,恺英网络,2025-10-09 10:14:51,26.56,8000,26.56,U
sz002517,恺英网络,2025-10-09 10:14:57,26.55,29700,26.56,D
sz002517,恺英网络,2025-10-09 10:15:00,26.55,31500,26.55,U
sz002517,恺英网络,2025-10-09 10:15:03,26.57,86400,26.55,U
sz002517,恺英网络,2025-10-09 10:15:06,26.59,32700,26.57,U
sz002517,恺英网络,2025-10-09 10:15:09,26.57,14800,26.59,D
sz002517,恺英网络,2025-10-09 10:15:12,26.59,18700,26.57,U
sz002517,恺英网络,2025-10-09 10:15:15,26.59,10700,26.59,D
sz002517,恺英网络,2025-10-09 10:15:21,26.58,12600,26.57,E
sz002517,恺英网络,2025-10-09 10:15:24,26.56,11700,26.58,D
sz002517,恺英网络,2025-10-09 10:15:27,26.56,16500,26.56,D
sz002517,恺英网络,2025-10-09 10:15:30,26.56,23900,26.56,D
sz002517,恺英网络,2025-10-09 10:15:33,26.58,14200,26.56,U
sz002517,恺英网络,2025-10-09 10:15:36,26.57,26500,26.58,D
sz002517,恺英网络,2025-10-09 10:15:39,26.57,10700,26.57,D
sz002517,恺英网络,2025-10-09 10:15:42,26.56,22500,26.57,D
sz002517,恺英网络,2025-10-09 10:15:45,26.56,24300,26.56,U
sz002517,恺英网络,2025-10-09 10:15:48,26.55,27200,26.56,E
sz002517,恺英网络,2025-10-09 10:15:51,26.52,10500,26.55,D
sz002517,恺英网络,2025-10-09 10:15:54,26.51,9400,26.52,D
sz002517,恺英网络,2025-10-09 10:15:57,26.53,124300,26.51,U
sz002517,恺英网络,2025-10-09 10:16:00,26.5,66800,26.53,D
sz002517,恺英网络,2025-10-09 10:16:03,26.48,20400,26.5,D
sz002517,恺英网络,2025-10-09 10:16:06,26.52,47700,26.48,U
sz002517,恺英网络,2025-10-09 10:16:09,26.49,38800,26.52,D
sz002517,恺英网络,2025-10-09 10:16:15,26.5,15900,26.52,E
sz002517,恺英网络,2025-10-09 10:16:18,26.52,28500,26.5,U
sz002517,恺英网络,2025-10-09 10:16:21,26.49,9600,26.52,D
sz002517,恺英网络,2025-10-09 10:16:24,26.48,15900,26.49,D
sz002517,恺英网络,2025-10-09 10:16:27,26.49,12200,26.48,U
sz002517,恺英网络,2025-10-09 10:16:33,26.48,9800,26.48,D
sz002517,恺英网络,2025-10-09 10:16:39,26.47,22700,26.49,D
sz002517,恺英网络,2025-10-09 10:16:42,26.48,14000,26.47,U
sz002517,恺英网络,2025-10-09 10:16:45,26.48,38300,26.48,U
sz002517,恺英网络,2025-10-09 10:16:48,26.45,22900,26.48,D
sz002517,恺英网络,2025-10-09 10:16:51,26.46,13400,26.45,U
sz002517,恺英网络,2025-10-09 10:16:54,26.45,39600,26.46,D
sz002517,恺英网络,2025-10-09 10:16:57,26.45,14500,26.45,U
sz002517,恺英网络,2025-10-09 10:17:00,26.44,108400,26.45,D
sz002517,恺英网络,2025-10-09 10:17:03,26.46,23300,26.44,U
sz002517,恺英网络,2025-10-09 10:17:06,26.44,21400,26.46,D
sz002517,恺英网络,2025-10-09 10:17:09,26.44,12900,26.44,D
sz002517,恺英网络,2025-10-09 10:17:12,26.45,10400,26.44,U
sz002517,恺英网络,2025-10-09 10:17:15,26.45,22200,26.45,U
sz002517,恺英网络,2025-10-09 10:17:18,26.45,8800,26.45,U
sz002517,恺英网络,2025-10-09 10:17:21,26.45,19300,26.45,D
sz002517,恺英网络,2025-10-09 10:17:24,26.47,34200,26.45,U
sz002517,恺英网络,2025-10-09 10:17:27,26.48,128800,26.47,U
sz002517,恺英网络,2025-10-09 10:17:30,26.46,8800,26.48,D
sz002517,恺英网络,2025-10-09 10:17:33,26.45,11200,26.46,D
sz002517,恺英网络,2025-10-09 10:17:36,26.45,11900,26.45,U
sz002517,恺英网络,2025-10-09 10:17:39,26.44,14100,26.45,D
sz002517,恺英网络,2025-10-09 10:17:42,26.42,50800,26.44,D
sz002517,恺英网络,2025-10-09 10:17:45,26.42,14000,26.42,D
sz002517,恺英网络,2025-10-09 10:17:48,26.43,10100,26.42,U
sz002517,恺英网络,2025-10-09 10:17:51,26.42,9900,26.43,D
sz002517,恺英网络,2025-10-09 10:17:54,26.41,69900,26.42,D
sz002517,恺英网络,2025-10-09 10:17:57,26.41,16900,26.41,D
sz002517,恺英网络,2025-10-09 10:18:00,26.4,25100,26.41,D
sz002517,恺英网络,2025-10-09 10:18:03,26.41,10000,26.4,U
sz002517,恺英网络,2025-10-09 10:18:06,26.41,11300,26.41,D
sz002517,恺英网络,2025-10-09 10:18:09,26.41,15500,26.41,U
sz002517,恺英网络,2025-10-09 10:18:12,26.41,25300,26.41,U
sz002517,恺英网络,2025-10-09 10:18:15,26.42,14900,26.41,U
sz002517,恺英网络,2025-10-09 10:18:18,26.41,10300,26.42,E
sz002517,恺英网络,2025-10-09 10:18:21,26.42,17500,26.41,U
sz002517,恺英网络,2025-10-09 10:18:24,26.41,27900,26.42,D
sz002517,恺英网络,2025-10-09 10:18:27,26.4,13500,26.41,D
sz002517,恺英网络,2025-10-09 10:18:30,26.4,9600,26.4,D
sz002517,恺英网络,2025-10-09 10:18:33,26.41,18400,26.4,E
sz002517,恺英网络,2025-10-09 10:18:36,26.41,8500,26.41,U
sz002517,恺英网络,2025-10-09 10:18:39,26.41,99000,26.41,U
sz002517,恺英网络,2025-10-09 10:18:42,26.45,49800,26.41,U
sz002517,恺英网络,2025-10-09 10:18:45,26.42,19600,26.45,D
sz002517,恺英网络,2025-10-09 10:18:51,26.42,13800,26.43,D
sz002517,恺英网络,2025-10-09 10:19:00,26.43,23600,26.44,D
sz002517,恺英网络,2025-10-09 10:19:06,26.43,19500,26.45,D
sz002517,恺英网络,2025-10-09 10:19:09,26.41,25500,26.43,D
sz002517,恺英网络,2025-10-09 10:19:12,26.42,25000,26.41,E
sz002517,恺英网络,2025-10-09 10:19:18,26.44,22200,26.43,U
sz002517,恺英网络,2025-10-09 10:19:21,26.43,7700,26.44,D
sz002517,恺英网络,2025-10-09 10:19:24,26.44,9300,26.43,U
sz002517,恺英网络,2025-10-09 10:19:30,26.42,9300,26.43,D
sz002517,恺英网络,2025-10-09 10:19:33,26.43,12700,26.42,U
sz002517,恺英网络,2025-10-09 10:19:39,26.43,49000,26.43,E
sz002517,恺英网络,2025-10-09 10:19:45,26.46,59500,26.44,U
sz002517,恺英网络,2025-10-09 10:19:51,26.47,43200,26.46,E
sz002517,恺英网络,2025-10-09 10:19:54,26.47,7900,26.47,D
sz002517,恺英网络,2025-10-09 10:19:57,26.47,19800,26.47,D
sz002517,恺英网络,2025-10-09 10:20:03,26.47,10200,26.5,D
sz002517,恺英网络,2025-10-09 10:20:06,26.46,15600,26.47,D
sz002517,恺英网络,2025-10-09 10:20:09,26.48,15500,26.46,U
sz002517,恺英网络,2025-10-09 10:20:12,26.46,23500,26.48,D
sz002517,恺英网络,2025-10-09 10:20:18,26.47,10700,26.47,D
sz002517,恺英网络,2025-10-09 10:20:21,26.48,15600,26.47,U
sz002517,恺英网络,2025-10-09 10:20:30,26.49,8300,26.49,U
sz002517,恺英网络,2025-10-09 10:20:36,26.48,34500,26.49,D
sz002517,恺英网络,2025-10-09 10:20:39,26.48,26600,26.48,E
sz002517,恺英网络,2025-10-09 10:20:42,26.5,11300,26.48,U
sz002517,恺英网络,2025-10-09 10:20:45,26.49,13800,26.5,E
sz002517,恺英网络,2025-10-09 10:20:51,26.49,25000,26.48,U
sz002517,恺英网络,2025-10-09 10:20:54,26.49,9500,26.49,U
sz002517,恺英网络,2025-10-09 10:20:57,26.49,9600,26.49,U
sz002517,恺英网络,2025-10-09 10:21:00,26.48,16800,26.49,D
sz002517,恺英网络,2025-10-09 10:21:03,26.49,9700,26.48,U
sz002517,恺英网络,2025-10-09 10:21:06,26.49,14500,26.49,D
sz002517,恺英网络,2025-10-09 10:21:09,26.49,11500,26.49,D
sz002517,恺英网络,2025-10-09 10:21:12,26.5,33000,26.49,U
sz002517,恺英网络,2025-10-09 10:21:15,26.49,9200,26.5,D
sz002517,恺英网络,2025-10-09 10:21:18,26.48,9200,26.49,D
sz002517,恺英网络,2025-10-09 10:21:21,26.48,11900,26.48,U
sz002517,恺英网络,2025-10-09 10:21:27,26.5,9100,26.49,U
sz002517,恺英网络,2025-10-09 10:21:30,26.48,10500,26.5,D
sz002517,恺英网络,2025-10-09 10:21:36,26.48,18200,26.48,D
sz002517,恺英网络,2025-10-09 10:21:39,26.49,21800,26.48,D
sz002517,恺英网络,2025-10-09 10:21:42,26.49,10100,26.49,D
sz002517,恺英网络,2025-10-09 10:21:48,26.49,13000,26.49,D
sz002517,恺英网络,2025-10-09 10:21:57,26.52,33900,26.5,U
sz002517,恺英网络,2025-10-09 10:22:00,26.5,8600,26.52,D
sz002517,恺英网络,2025-10-09 10:22:09,26.52,12900,26.52,U
sz002517,恺英网络,2025-10-09 10:22:15,26.52,7700,26.52,U
sz002517,恺英网络,2025-10-09 10:22:18,26.5,10100,26.52,D
sz002517,恺英网络,2025-10-09 10:22:21,26.51,7700,26.5,D
sz002517,恺英网络,2025-10-09 10:22:27,26.51,7900,26.52,D
sz002517,恺英网络,2025-10-09 10:22:36,26.5,8300,26.5,D
sz002517,恺英网络,2025-10-09 10:22:39,26.5,19300,26.5,D
sz002517,恺英网络,2025-10-09 10:22:42,26.5,13600,26.5,D
sz002517,恺英网络,2025-10-09 10:22:48,26.5,8400,26.5,D
sz002517,恺英网络,2025-10-09 10:22:51,26.51,13600,26.5,U
sz002517,恺英网络,2025-10-09 10:22:54,26.5,9300,26.51,D
sz002517,恺英网络,2025-10-09 10:22:57,26.5,9700,26.5,D
sz002517,恺英网络,2025-10-09 10:23:00,26.51,15700,26.5,E
sz002517,恺英网络,2025-10-09 10:23:03,26.51,11100,26.51,D
sz002517,恺英网络,2025-10-09 10:23:06,26.5,99200,26.51,E
sz002517,恺英网络,2025-10-09 10:23:09,26.5,22400,26.5,D
sz002517,恺英网络,2025-10-09 10:23:12,26.53,9300,26.5,U
sz002517,恺英网络,2025-10-09 10:23:15,26.51,42700,26.53,E
sz002517,恺英网络,2025-10-09 10:23:21,26.53,9900,26.52,U
sz002517,恺英网络,2025-10-09 10:23:24,26.53,19300,26.53,D
sz002517,恺英网络,2025-10-09 10:23:27,26.55,15400,26.53,U
sz002517,恺英网络,2025-10-09 10:23:39,26.53,8800,26.55,D
sz002517,恺英网络,2025-10-09 10:23:45,26.53,14500,26.53,U
sz002517,恺英网络,2025-10-09 10:23:48,26.53,14800,26.53,U
sz002517,恺英网络,2025-10-09 10:23:51,26.52,9200,26.53,D
sz002517,恺英网络,2025-10-09 10:24:09,26.53,52600,26.53,D
sz002517,恺英网络,2025-10-09 10:24:12,26.54,31800,26.53,U
sz002517,恺英网络,2025-10-09 10:24:15,26.56,9000,26.54,U
sz002517,恺英网络,2025-10-09 10:24:18,26.53,37600,26.56,D
sz002517,恺英网络,2025-10-09 10:24:21,26.54,19700,26.53,E
sz002517,恺英网络,2025-10-09 10:24:24,26.55,21900,26.54,E
sz002517,恺英网络,2025-10-09 10:24:27,26.55,21500,26.55,U
sz002517,恺英网络,2025-10-09 10:24:33,26.55,14200,26.54,U
sz002517,恺英网络,2025-10-09 10:24:36,26.57,10900,26.55,U
sz002517,恺英网络,2025-10-09 10:24:42,26.59,43200,26.56,U
sz002517,恺英网络,2025-10-09 10:24:45,26.59,38000,26.59,U
sz002517,恺英网络,2025-10-09 10:24:48,26.58,48100,26.59,D
sz002517,恺英网络,2025-10-09 10:24:51,26.61,42500,26.58,U
sz002517,恺英网络,2025-10-09 10:24:54,26.6,8100,26.61,D
sz002517,恺英网络,2025-10-09 10:25:00,26.63,37800,26.63,D
sz002517,恺英网络,2025-10-09 10:25:03,26.63,55100,26.63,U
sz002517,恺英网络,2025-10-09 10:25:06,26.64,16000,26.63,U
sz002517,恺英网络,2025-10-09 10:25:09,26.6,24900,26.64,D
sz002517,恺英网络,2025-10-09 10:25:12,26.63,30800,26.6,U
sz002517,恺英网络,2025-10-09 10:25:15,26.6,17300,26.63,E
sz002517,恺英网络,2025-10-09 10:25:18,26.63,15400,26.6,U
sz002517,恺英网络,2025-10-09 10:25:21,26.59,23700,26.63,D
sz002517,恺英网络,2025-10-09 10:25:27,26.63,10000,26.63,U
sz002517,恺英网络,2025-10-09 10:25:30,26.58,28100,26.63,D
sz002517,恺英网络,2025-10-09 10:25:33,26.5,71300,26.58,D
sz002517,恺英网络,2025-10-09 10:25:36,26.5,23800,26.5,D
sz002517,恺英网络,2025-10-09 10:25:39,26.5,10100,26.5,D
sz002517,恺英网络,2025-10-09 10:25:42,26.51,53000,26.5,E
sz002517,恺英网络,2025-10-09 10:25:45,26.51,29700,26.51,D
sz002517,恺英网络,2025-10-09 10:25:51,26.5,8000,26.5,D
sz002517,恺英网络,2025-10-09 10:25:54,26.5,16000,26.5,D
sz002517,恺英网络,2025-10-09 10:26:00,26.5,11700,26.51,D
sz002517,恺英网络,2025-10-09 10:26:03,26.52,16500,26.5,U
sz002517,恺英网络,2025-10-09 10:26:06,26.51,13500,26.52,D
sz002517,恺英网络,2025-10-09 10:26:09,26.51,12200,26.51,D
sz002517,恺英网络,2025-10-09 10:26:15,26.51,23400,26.5,D
sz002517,恺英网络,2025-10-09 10:26:18,26.5,51700,26.51,D
sz002517,恺英网络,2025-10-09 10:26:21,26.49,13500,26.5,D
sz002517,恺英网络,2025-10-09 10:26:24,26.49,24800,26.49,U
sz002517,恺英网络,2025-10-09 10:26:30,26.5,9200,26.49,U
sz002517,恺英网络,2025-10-09 10:26:33,26.5,8700,26.5,D
sz002517,恺英网络,2025-10-09 10:26:42,26.49,18300,26.49,D
sz002517,恺英网络,2025-10-09 10:26:45,26.49,25600,26.49,D
sz002517,恺英网络,2025-10-09 10:26:48,26.48,13200,26.49,D
sz002517,恺英网络,2025-10-09 10:26:51,26.48,30800,26.48,D
sz002517,恺英网络,2025-10-09 10:26:54,26.5,69800,26.48,U
sz002517,恺英网络,2025-10-09 10:26:57,26.5,35200,26.5,D
sz002517,恺英网络,2025-10-09 10:27:00,26.5,27600,26.5,D
sz002517,恺英网络,2025-10-09 10:27:03,26.51,22200,26.5,U
sz002517,恺英网络,2025-10-09 10:27:06,26.49,51900,26.51,D
sz002517,恺英网络,2025-10-09 10:27:27,26.49,7900,26.49,U
sz002517,恺英网络,2025-10-09 10:27:42,26.5,12600,26.49,U
sz002517,恺英网络,2025-10-09 10:27:51,26.49,34400,26.5,D
sz002517,恺英网络,2025-10-09 10:27:54,26.48,9500,26.49,D
sz002517,恺英网络,2025-10-09 10:27:57,26.5,9600,26.48,U
sz002517,恺英网络,2025-10-09 10:28:00,26.48,18800,26.5,D
sz002517,恺英网络,2025-10-09 10:28:03,26.46,56000,26.48,D
sz002517,恺英网络,2025-10-09 10:28:06,26.49,18200,26.46,U
sz002517,恺英网络,2025-10-09 10:28:09,26.47,10800,26.49,D
sz002517,恺英网络,2025-10-09 10:28:18,26.48,10500,26.48,U
sz002517,恺英网络,2025-10-09 10:28:21,26.47,9000,26.48,E
sz002517,恺英网络,2025-10-09 10:28:24,26.48,11500,26.47,U
sz002517,恺英网络,2025-10-09 10:28:27,26.46,21800,26.48,D
sz002517,恺英网络,2025-10-09 10:28:30,26.48,12500,26.46,E
sz002517,恺英网络,2025-10-09 10:28:33,26.48,7900,26.48,D
sz002517,恺英网络,2025-10-09 10:28:36,26.48,10400,26.48,U
sz002517,恺英网络,2025-10-09 10:28:39,26.5,15000,26.48,U
sz002517,恺英网络,2025-10-09 10:28:42,26.48,34400,26.5,D
sz002517,恺英网络,2025-10-09 10:28:45,26.49,43100,26.48,E
sz002517,恺英网络,2025-10-09 10:28:48,26.5,37300,26.49,U
sz002517,恺英网络,2025-10-09 10:28:51,26.5,14300,26.5,D
sz002517,恺英网络,2025-10-09 10:28:57,26.5,10200,26.5,D
sz002517,恺英网络,2025-10-09 10:29:09,26.5,11700,26.5,D
sz002517,恺英网络,2025-10-09 10:29:12,26.5,14800,26.5,D
sz002517,恺英网络,2025-10-09 10:29:21,26.5,12700,26.5,U
sz002517,恺英网络,2025-10-09 10:29:33,26.5,9100,26.51,D
sz002517,恺英网络,2025-10-09 10:29:51,26.58,10500,26.55,U
sz002517,恺英网络,2025-10-09 10:30:00,26.58,10800,26.58,D
sz002517,恺英网络,2025-10-09 10:30:03,26.57,14400,26.58,E
sz002517,恺英网络,2025-10-09 10:30:06,26.59,10800,26.57,E
sz002517,恺英网络,2025-10-09 10:30:15,26.59,13100,26.59,D
sz002517,恺英网络,2025-10-09 10:30:18,26.58,10400,26.59,D
sz002517,恺英网络,2025-10-09 10:30:21,26.58,12600,26.58,D
sz002517,恺英网络,2025-10-09 10:30:24,26.58,13700,26.58,U
sz002517,恺英网络,2025-10-09 10:30:33,26.6,39500,26.59,U
sz002517,恺英网络,2025-10-09 10:30:36,26.62,19000,26.6,U
sz002517,恺英网络,2025-10-09 10:30:54,26.63,10600,26.61,U
sz002517,恺英网络,2025-10-09 10:31:06,26.63,14400,26.64,D
sz002517,恺英网络,2025-10-09 10:31:12,26.63,12800,26.62,E
sz002517,恺英网络,2025-10-09 10:31:15,26.65,7600,26.63,U
sz002517,恺英网络,2025-10-09 10:31:18,26.65,23300,26.65,U
sz002517,恺英网络,2025-10-09 10:31:30,26.64,17200,26.62,U
sz002517,恺英网络,2025-10-09 10:31:45,26.63,8700,26.64,D
sz002517,恺英网络,2025-10-09 10:31:51,26.64,18200,26.63,U
sz002517,恺英网络,2025-10-09 10:31:54,26.63,33200,26.64,D
sz002517,恺英网络,2025-10-09 10:31:57,26.6,13000,26.63,D
sz002517,恺英网络,2025-10-09 10:32:00,26.62,15800,26.6,D
sz002517,恺英网络,2025-10-09 10:32:03,26.6,18300,26.62,D
sz002517,恺英网络,2025-10-09 10:32:06,26.61,12300,26.6,E
sz002517,恺英网络,2025-10-09 10:32:12,26.59,10800,26.59,D
sz002517,恺英网络,2025-10-09 10:32:15,26.6,7800,26.59,U
sz002517,恺英网络,2025-10-09 10:32:18,26.59,14800,26.6,D
sz002517,恺英网络,2025-10-09 10:32:27,26.57,43300,26.62,D
sz002517,恺英网络,2025-10-09 10:32:33,26.61,17500,26.61,U
sz002517,恺英网络,2025-10-09 10:32:54,26.58,9200,26.58,U
sz002517,恺英网络,2025-10-09 10:33:00,26.57,10600,26.58,D
sz002517,恺英网络,2025-10-09 10:33:03,26.6,12200,26.57,U
sz002517,恺英网络,2025-10-09 10:33:06,26.6,8000,26.6,U
sz002517,恺英网络,2025-10-09 10:33:12,26.6,8000,26.59,U
sz002517,恺英网络,2025-10-09 10:33:18,26.6,13100,26.6,U
sz002517,恺英网络,2025-10-09 10:33:21,26.6,12600,26.6,U
sz002517,恺英网络,2025-10-09 10:33:27,26.6,13300,26.59,U
sz002517,恺英网络,2025-10-09 10:33:48,26.61,14800,26.61,D
sz002517,恺英网络,2025-10-09 10:33:51,26.6,12800,26.61,D
sz002517,恺英网络,2025-10-09 10:33:57,26.6,14100,26.61,D
sz002517,恺英网络,2025-10-09 10:34:00,26.6,21300,26.6,U
sz002517,恺英网络,2025-10-09 10:34:06,26.59,27300,26.59,U
sz002517,恺英网络,2025-10-09 10:34:09,26.59,10200,26.59,D
sz002517,恺英网络,2025-10-09 10:34:12,26.59,13300,26.59,D
sz002517,恺英网络,2025-10-09 10:34:18,26.6,8600,26.61,D
sz002517,恺英网络,2025-10-09 10:34:21,26.6,7800,26.6,U
sz002517,恺英网络,2025-10-09 10:34:24,26.58,10100,26.6,D
sz002517,恺英网络,2025-10-09 10:34:27,26.56,13800,26.58,D
sz002517,恺英网络,2025-10-09 10:34:30,26.54,7800,26.56,D
sz002517,恺英网络,2025-10-09 10:34:45,26.55,9900,26.54,U
sz002517,恺英网络,2025-10-09 10:34:48,26.54,15000,26.55,U
sz002517,恺英网络,2025-10-09 10:34:51,26.52,11700,26.54,D
sz002517,恺英网络,2025-10-09 10:34:54,26.51,79200,26.52,D
sz002517,恺英网络,2025-10-09 10:34:57,26.49,136600,26.51,D
sz002517,恺英网络,2025-10-09 10:35:00,26.47,140200,26.49,D
sz002517,恺英网络,2025-10-09 10:35:03,26.43,201100,26.47,D
sz002517,恺英网络,2025-10-09 10:35:06,26.45,13300,26.43,U
sz002517,恺英网络,2025-10-09 10:35:09,26.45,50000,26.45,U
sz002517,恺英网络,2025-10-09 10:35:12,26.45,40800,26.45,D
sz002517,恺英网络,2025-10-09 10:35:15,26.45,30300,26.45,U
sz002517,恺英网络,2025-10-09 10:35:18,26.44,17900,26.45,D
sz002517,恺英网络,2025-10-09 10:35:21,26.45,29100,26.44,D
sz002517,恺英网络,2025-10-09 10:35:24,26.46,15300,26.45,E
sz002517,恺英网络,2025-10-09 10:35:27,26.48,31100,26.46,U
sz002517,恺英网络,2025-10-09 10:35:30,26.46,12800,26.48,D
sz002517,恺英网络,2025-10-09 10:35:33,26.48,15200,26.46,U
sz002517,恺英网络,2025-10-09 10:35:36,26.5,11900,26.48,U
sz002517,恺英网络,2025-10-09 10:35:39,26.51,16400,26.5,U
sz002517,恺英网络,2025-10-09 10:35:42,26.48,31400,26.51,D
sz002517,恺英网络,2025-10-09 10:35:48,26.5,14800,26.5,U
sz002517,恺英网络,2025-10-09 10:35:51,26.5,67986,26.5,U
sz002517,恺英网络,2025-10-09 10:35:54,26.58,31700,26.5,U
sz002517,恺英网络,2025-10-09 10:35:57,26.52,27700,26.58,E
sz002517,恺英网络,2025-10-09 10:36:00,26.48,22714,26.52,D
sz002517,恺英网络,2025-10-09 10:36:03,26.47,25900,26.48,D
sz002517,恺英网络,2025-10-09 10:36:06,26.5,18386,26.47,U
sz002517,恺英网络,2025-10-09 10:36:09,26.5,125700,26.5,D
sz002517,恺英网络,2025-10-09 10:36:12,26.47,76000,26.5,D
sz002517,恺英网络,2025-10-09 10:36:15,26.49,70700,26.47,D
sz002517,恺英网络,2025-10-09 10:36:18,26.56,26600,26.49,U
sz002517,恺英网络,2025-10-09 10:36:21,26.54,46700,26.56,U
sz002517,恺英网络,2025-10-09 10:36:24,26.45,97300,26.54,D
sz002517,恺英网络,2025-10-09 10:36:27,26.44,26200,26.45,D
sz002517,恺英网络,2025-10-09 10:36:30,26.49,11900,26.44,U
sz002517,恺英网络,2025-10-09 10:36:36,26.49,17900,26.48,U
sz002517,恺英网络,2025-10-09 10:36:39,26.49,21300,26.49,D
sz002517,恺英网络,2025-10-09 10:36:42,26.45,16700,26.49,D
sz002517,恺英网络,2025-10-09 10:36:48,26.46,9700,26.46,D
sz002517,恺英网络,2025-10-09 10:36:51,26.47,13600,26.46,U
sz002517,恺英网络,2025-10-09 10:36:54,26.46,20300,26.47,D
sz002517,恺英网络,2025-10-09 10:36:57,26.47,17100,26.46,U
sz002517,恺英网络,2025-10-09 10:37:00,26.47,17500,26.47,D
sz002517,恺英网络,2025-10-09 10:37:03,26.48,19100,26.47,U
sz002517,恺英网络,2025-10-09 10:37:06,26.47,9600,26.48,D
sz002517,恺英网络,2025-10-09 10:37:09,26.48,11000,26.47,E
sz002517,恺英网络,2025-10-09 10:37:12,26.46,8600,26.48,D
sz002517,恺英网络,2025-10-09 10:37:15,26.48,26300,26.46,E
sz002517,恺英网络,2025-10-09 10:37:18,26.47,9000,26.48,D
sz002517,恺英网络,2025-10-09 10:37:21,26.48,16900,26.47,U
sz002517,恺英网络,2025-10-09 10:37:27,26.48,17000,26.48,D
sz002517,恺英网络,2025-10-09 10:37:33,26.45,20600,26.47,D
sz002517,恺英网络,2025-10-09 10:37:42,26.44,30800,26.45,D
sz002517,恺英网络,2025-10-09 10:37:45,26.45,9200,26.44,U
sz002517,恺英网络,2025-10-09 10:37:48,26.44,11400,26.45,D
sz002517,恺英网络,2025-10-09 10:37:51,26.45,16100,26.44,U
sz002517,恺英网络,2025-10-09 10:37:54,26.44,9900,26.45,D
sz002517,恺英网络,2025-10-09 10:38:39,26.48,15600,26.46,U
sz002517,恺英网络,2025-10-09 10:38:42,26.47,7700,26.48,D
sz002517,恺英网络,2025-10-09 10:38:48,26.48,8000,26.48,D
sz002517,恺英网络,2025-10-09 10:38:51,26.49,80600,26.48,U
sz002517,恺英网络,2025-10-09 10:38:54,26.49,12900,26.49,D
sz002517,恺英网络,2025-10-09 10:38:57,26.5,26800,26.49,U
sz002517,恺英网络,2025-10-09 10:39:00,26.51,9800,26.5,E
sz002517,恺英网络,2025-10-09 10:39:03,26.52,23500,26.51,E
sz002517,恺英网络,2025-10-09 10:39:06,26.51,34200,26.52,D
sz002517,恺英网络,2025-10-09 10:39:09,26.51,8800,26.51,U
sz002517,恺英网络,2025-10-09 10:39:12,26.51,7800,26.51,U
sz002517,恺英网络,2025-10-09 10:39:15,26.52,8500,26.51,U
sz002517,恺英网络,2025-10-09 10:39:18,26.53,10100,26.52,U
sz002517,恺英网络,2025-10-09 10:39:33,26.51,9300,26.51,D
sz002517,恺英网络,2025-10-09 10:39:39,26.51,8500,26.51,D
sz002517,恺英网络,2025-10-09 10:39:42,26.5,8700,26.51,D
sz002517,恺英网络,2025-10-09 10:39:45,26.5,16000,26.5,D
sz002517,恺英网络,2025-10-09 10:39:48,26.51,29300,26.5,U
sz002517,恺英网络,2025-10-09 10:39:51,26.52,23600,26.51,U
sz002517,恺英网络,2025-10-09 10:39:54,26.51,24800,26.52,D
sz002517,恺英网络,2025-10-09 10:39:57,26.51,13000,26.51,U
sz002517,恺英网络,2025-10-09 10:40:00,26.51,17500,26.51,U
sz002517,恺英网络,2025-10-09 10:40:03,26.51,11000,26.51,D
sz002517,恺英网络,2025-10-09 10:40:09,26.52,41400,26.5,U
sz002517,恺英网络,2025-10-09 10:40:15,26.51,12500,26.52,D
sz002517,恺英网络,2025-10-09 10:40:21,26.51,16200,26.51,U
sz002517,恺英网络,2025-10-09 10:40:24,26.52,12000,26.51,U
sz002517,恺英网络,2025-10-09 10:40:27,26.52,14400,26.52,U
sz002517,恺英网络,2025-10-09 10:40:30,26.52,18500,26.52,U
sz002517,恺英网络,2025-10-09 10:40:33,26.53,8600,26.52,U
sz002517,恺英网络,2025-10-09 10:40:39,26.54,8000,26.53,U
sz002517,恺英网络,2025-10-09 10:40:54,26.51,12700,26.53,D
sz002517,恺英网络,2025-10-09 10:40:57,26.51,11700,26.51,D
sz002517,恺英网络,2025-10-09 10:41:00,26.49,8300,26.51,D
sz002517,恺英网络,2025-10-09 10:41:06,26.53,27900,26.5,U
sz002517,恺英网络,2025-10-09 10:41:09,26.53,11800,26.53,U
sz002517,恺英网络,2025-10-09 10:41:12,26.53,13100,26.53,E
sz002517,恺英网络,2025-10-09 10:41:15,26.54,8100,26.53,E
sz002517,恺英网络,2025-10-09 10:41:18,26.54,10300,26.54,D
sz002517,恺英网络,2025-10-09 10:41:27,26.58,8700,26.57,U
sz002517,恺英网络,2025-10-09 10:41:33,26.58,17800,26.59,D
sz002517,恺英网络,2025-10-09 10:41:39,26.55,16900,26.57,D
sz002517,恺英网络,2025-10-09 10:41:45,26.56,11000,26.57,D
sz002517,恺英网络,2025-10-09 10:41:48,26.55,12300,26.56,D
sz002517,恺英网络,2025-10-09 10:41:51,26.57,9400,26.55,E
sz002517,恺英网络,2025-10-09 10:42:03,26.59,8300,26.59,U
sz002517,恺英网络,2025-10-09 10:42:09,26.59,10100,26.59,U
sz002517,恺英网络,2025-10-09 10:42:12,26.6,9400,26.59,U
sz002517,恺英网络,2025-10-09 10:42:15,26.59,9900,26.6,D
sz002517,恺英网络,2025-10-09 10:42:21,26.59,19300,26.58,U
sz002517,恺英网络,2025-10-09 10:42:24,26.59,14100,26.59,U
sz002517,恺英网络,2025-10-09 10:42:33,26.59,10400,26.59,D
sz002517,恺英网络,2025-10-09 10:42:36,26.6,8000,26.59,U
sz002517,恺英网络,2025-10-09 10:42:39,26.61,10300,26.6,U
sz002517,恺英网络,2025-10-09 10:42:48,26.58,9800,26.59,D
sz002517,恺英网络,2025-10-09 10:43:03,26.58,11900,26.59,D
sz002517,恺英网络,2025-10-09 10:43:06,26.58,12700,26.58,D
sz002517,恺英网络,2025-10-09 10:43:09,26.6,21000,26.58,U
sz002517,恺英网络,2025-10-09 10:43:12,26.6,17600,26.6,U
sz002517,恺英网络,2025-10-09 10:43:15,26.6,18500,26.6,U
sz002517,恺英网络,2025-10-09 10:43:18,26.61,21500,26.6,U
sz002517,恺英网络,2025-10-09 10:43:21,26.61,26900,26.61,U
sz002517,恺英网络,2025-10-09 10:43:24,26.62,14900,26.61,U
sz002517,恺英网络,2025-10-09 10:43:27,26.61,17400,26.62,D
sz002517,恺英网络,2025-10-09 10:43:30,26.62,17000,26.61,U
sz002517,恺英网络,2025-10-09 10:43:36,26.61,17600,26.61,U
sz002517,恺英网络,2025-10-09 10:43:39,26.61,27200,26.61,U
sz002517,恺英网络,2025-10-09 10:43:42,26.61,20600,26.61,U
sz002517,恺英网络,2025-10-09 10:43:45,26.61,18200,26.61,U
sz002517,恺英网络,2025-10-09 10:43:48,26.6,20000,26.61,D
sz002517,恺英网络,2025-10-09 10:43:51,26.6,15900,26.6,E
sz002517,恺英网络,2025-10-09 10:43:54,26.59,16100,26.6,E
sz002517,恺英网络,2025-10-09 10:44:00,26.59,7800,26.62,D
sz002517,恺英网络,2025-10-09 10:44:03,26.6,26700,26.59,E
sz002517,恺英网络,2025-10-09 10:44:06,26.59,10400,26.6,D
sz002517,恺英网络,2025-10-09 10:44:12,26.63,24400,26.59,U
sz002517,恺英网络,2025-10-09 10:44:15,26.61,9300,26.63,E
sz002517,恺英网络,2025-10-09 10:44:21,26.61,9300,26.6,U
sz002517,恺英网络,2025-10-09 10:44:24,26.62,14400,26.61,E
sz002517,恺英网络,2025-10-09 10:44:30,26.64,15600,26.62,U
sz002517,恺英网络,2025-10-09 10:44:33,26.66,16000,26.64,U
sz002517,恺英网络,2025-10-09 10:44:39,26.67,18100,26.65,U
sz002517,恺英网络,2025-10-09 10:44:42,26.67,20100,26.67,D
sz002517,恺英网络,2025-10-09 10:44:48,26.7,23100,26.69,U
sz002517,恺英网络,2025-10-09 10:44:51,26.73,10300,26.7,U
sz002517,恺英网络,2025-10-09 10:44:57,26.74,51800,26.73,U
sz002517,恺英网络,2025-10-09 10:45:03,26.73,12600,26.74,D
sz002517,恺英网络,2025-10-09 10:45:06,26.73,27300,26.73,D
sz002517,恺英网络,2025-10-09 10:45:12,26.75,7700,26.72,U
sz002517,恺英网络,2025-10-09 10:45:15,26.75,8000,26.75,U
sz002517,恺英网络,2025-10-09 10:45:18,26.74,9300,26.75,D
sz002517,恺英网络,2025-10-09 10:45:24,26.73,11800,26.73,U
sz002517,恺英网络,2025-10-09 10:45:30,26.73,8400,26.73,D
sz002517,恺英网络,2025-10-09 10:45:33,26.73,8100,26.73,U
sz002517,恺英网络,2025-10-09 10:45:48,26.73,22100,26.77,D
sz002517,恺英网络,2025-10-09 10:45:51,26.74,12900,26.73,U
sz002517,恺英网络,2025-10-09 10:46:03,26.75,13900,26.74,U
sz002517,恺英网络,2025-10-09 10:46:18,26.74,13500,26.73,U
sz002517,恺英网络,2025-10-09 10:46:24,26.74,16000,26.7,U
sz002517,恺英网络,2025-10-09 10:46:36,26.73,18000,26.7,E
sz002517,恺英网络,2025-10-09 10:47:00,26.71,33100,26.72,D
sz002517,恺英网络,2025-10-09 10:47:03,26.74,13000,26.71,U
sz002517,恺英网络,2025-10-09 10:47:06,26.75,23400,26.74,U
sz002517,恺英网络,2025-10-09 10:47:12,26.74,7900,26.75,D
sz002517,恺英网络,2025-10-09 10:47:18,26.72,13900,26.74,D
sz002517,恺英网络,2025-10-09 10:47:27,26.68,10700,26.73,D
sz002517,恺英网络,2025-10-09 10:47:30,26.73,8100,26.68,U
sz002517,恺英网络,2025-10-09 10:47:36,26.71,7800,26.73,D
sz002517,恺英网络,2025-10-09 10:47:42,26.7,7900,26.7,U
sz002517,恺英网络,2025-10-09 10:47:45,26.71,17500,26.7,U
sz002517,恺英网络,2025-10-09 10:47:57,26.72,9100,26.72,U
sz002517,恺英网络,2025-10-09 10:48:12,26.75,18000,26.74,U
sz002517,恺英网络,2025-10-09 10:48:18,26.74,8600,26.73,E
sz002517,恺英网络,2025-10-09 10:48:21,26.73,24400,26.74,D
sz002517,恺英网络,2025-10-09 10:48:24,26.73,14600,26.73,D
sz002517,恺英网络,2025-10-09 10:48:27,26.75,29100,26.73,U
sz002517,恺英网络,2025-10-09 10:48:33,26.77,32500,26.75,U
sz002517,恺英网络,2025-10-09 10:48:36,26.81,21600,26.77,U
sz002517,恺英网络,2025-10-09 10:48:39,26.81,9100,26.81,U
sz002517,恺英网络,2025-10-09 10:48:42,26.82,18000,26.81,U
sz002517,恺英网络,2025-10-09 10:48:48,26.85,7500,26.83,U
sz002517,恺英网络,2025-10-09 10:48:54,26.87,7700,26.84,U
sz002517,恺英网络,2025-10-09 10:49:03,26.87,32300,26.87,U
sz002517,恺英网络,2025-10-09 10:49:06,26.87,21600,26.87,D
sz002517,恺英网络,2025-10-09 10:49:09,26.87,21900,26.87,D
sz002517,恺英网络,2025-10-09 10:49:12,26.84,8800,26.87,D
sz002517,恺英网络,2025-10-09 10:49:15,26.87,9900,26.84,U
sz002517,恺英网络,2025-10-09 10:49:18,26.87,11700,26.87,U
sz002517,恺英网络,2025-10-09 10:49:21,26.86,20300,26.87,E
sz002517,恺英网络,2025-10-09 10:49:24,26.86,41900,26.86,U
sz002517,恺英网络,2025-10-09 10:49:27,26.85,23300,26.86,E
sz002517,恺英网络,2025-10-09 10:49:30,26.81,21100,26.85,D
sz002517,恺英网络,2025-10-09 10:49:33,26.82,23800,26.81,E
sz002517,恺英网络,2025-10-09 10:49:36,26.81,14700,26.82,D
sz002517,恺英网络,2025-10-09 10:49:39,26.85,35300,26.81,E
sz002517,恺英网络,2025-10-09 10:49:42,26.85,24100,26.85,U
sz002517,恺英网络,2025-10-09 10:49:45,26.83,18700,26.85,D
sz002517,恺英网络,2025-10-09 10:49:48,26.82,35700,26.83,D
sz002517,恺英网络,2025-10-09 10:49:51,26.83,9500,26.82,E
sz002517,恺英网络,2025-10-09 10:49:54,26.85,20900,26.83,U
sz002517,恺英网络,2025-10-09 10:49:57,26.84,43200,26.85,D
sz002517,恺英网络,2025-10-09 10:50:00,26.85,15400,26.84,U
sz002517,恺英网络,2025-10-09 10:50:03,26.88,24400,26.85,U
sz002517,恺英网络,2025-10-09 10:50:06,26.89,11500,26.88,U
sz002517,恺英网络,2025-10-09 10:50:09,26.88,16400,26.89,E
sz002517,恺英网络,2025-10-09 10:50:12,26.88,12000,26.88,U
sz002517,恺英网络,2025-10-09 10:50:15,26.9,17000,26.88,U
sz002517,恺英网络,2025-10-09 10:50:18,26.91,8800,26.9,E
sz002517,恺英网络,2025-10-09 10:50:21,26.92,24600,26.91,D
sz002517,恺英网络,2025-10-09 10:50:24,26.91,10600,26.92,D
sz002517,恺英网络,2025-10-09 10:50:27,26.95,12400,26.91,U
sz002517,恺英网络,2025-10-09 10:50:30,26.95,18000,26.95,U
sz002517,恺英网络,2025-10-09 10:50:36,26.95,12600,26.9,U
sz002517,恺英网络,2025-10-09 10:50:42,26.91,27700,26.95,D
sz002517,恺英网络,2025-10-09 10:50:45,26.9,43000,26.91,D
sz002517,恺英网络,2025-10-09 10:50:48,26.96,9600,26.9,U
sz002517,恺英网络,2025-10-09 10:50:51,26.97,22800,26.96,U
sz002517,恺英网络,2025-10-09 10:50:54,26.95,13700,26.97,E
sz002517,恺英网络,2025-10-09 10:50:57,26.93,15500,26.95,E
sz002517,恺英网络,2025-10-09 10:51:00,26.95,9900,26.93,E
sz002517,恺英网络,2025-10-09 10:51:03,26.95,60100,26.95,U
sz002517,恺英网络,2025-10-09 10:51:06,26.92,39000,26.95,D
sz002517,恺英网络,2025-10-09 10:51:09,26.88,47500,26.92,D
sz002517,恺英网络,2025-10-09 10:51:12,26.93,78200,26.88,U
sz002517,恺英网络,2025-10-09 10:51:18,26.93,116400,26.91,U
sz002517,恺英网络,2025-10-09 10:51:21,26.9,22500,26.93,E
sz002517,恺英网络,2025-10-09 10:51:24,26.95,27400,26.9,U
sz002517,恺英网络,2025-10-09 10:51:27,26.86,10700,26.95,E
sz002517,恺英网络,2025-10-09 10:51:33,26.88,9200,26.85,E
sz002517,恺英网络,2025-10-09 10:51:36,26.86,20600,26.88,D
sz002517,恺英网络,2025-10-09 10:51:39,26.85,32200,26.86,D
sz002517,恺英网络,2025-10-09 10:51:42,26.83,55900,26.85,E
sz002517,恺英网络,2025-10-09 10:51:45,26.83,27900,26.83,D
sz002517,恺英网络,2025-10-09 10:51:48,26.83,17100,26.83,U
sz002517,恺英网络,2025-10-09 10:51:51,26.81,47700,26.83,D
sz002517,恺英网络,2025-10-09 10:51:57,26.88,15500,26.83,U
sz002517,恺英网络,2025-10-09 10:52:09,26.93,13500,26.93,U
sz002517,恺英网络,2025-10-09 10:52:12,26.93,7800,26.93,U
sz002517,恺英网络,2025-10-09 10:52:24,26.91,19500,26.94,D
sz002517,恺英网络,2025-10-09 10:52:27,26.92,12700,26.91,E
sz002517,恺英网络,2025-10-09 10:52:36,26.88,16100,26.88,D
sz002517,恺英网络,2025-10-09 10:52:42,26.88,10400,26.87,E
sz002517,恺英网络,2025-10-09 10:52:48,26.88,7800,26.88,D
sz002517,恺英网络,2025-10-09 10:53:00,26.9,12600,26.88,U
sz002517,恺英网络,2025-10-09 10:53:03,26.9,16600,26.9,D
sz002517,恺英网络,2025-10-09 10:53:06,26.88,10700,26.9,E
sz002517,恺英网络,2025-10-09 10:53:12,26.88,10600,26.9,D
sz002517,恺英网络,2025-10-09 10:53:15,26.86,24100,26.88,D
sz002517,恺英网络,2025-10-09 10:53:21,26.85,9500,26.85,D
sz002517,恺英网络,2025-10-09 10:53:24,26.83,7500,26.85,D
sz002517,恺英网络,2025-10-09 10:53:27,26.86,18300,26.83,U
sz002517,恺英网络,2025-10-09 10:53:30,26.88,39900,26.86,U
sz002517,恺英网络,2025-10-09 10:53:33,26.86,34200,26.88,D
sz002517,恺英网络,2025-10-09 10:53:39,26.86,32900,26.85,E
sz002517,恺英网络,2025-10-09 10:53:42,26.87,25300,26.86,U
sz002517,恺英网络,2025-10-09 10:53:45,26.85,30800,26.87,D
sz002517,恺英网络,2025-10-09 10:53:48,26.85,8300,26.85,D
sz002517,恺英网络,2025-10-09 10:53:51,26.85,43900,26.85,U
sz002517,恺英网络,2025-10-09 10:53:54,26.81,17000,26.85,D
sz002517,恺英网络,2025-10-09 10:53:57,26.83,18500,26.81,E
sz002517,恺英网络,2025-10-09 10:54:00,26.81,14700,26.83,D
sz002517,恺英网络,2025-10-09 10:54:03,26.81,17700,26.81,D
sz002517,恺英网络,2025-10-09 10:54:09,26.82,29800,26.81,U
sz002517,恺英网络,2025-10-09 10:54:15,26.84,19400,26.83,U
sz002517,恺英网络,2025-10-09 10:54:21,26.83,7700,26.84,D
sz002517,恺英网络,2025-10-09 10:54:24,26.83,8400,26.83,D
sz002517,恺英网络,2025-10-09 10:54:33,26.83,26500,26.83,U
sz002517,恺英网络,2025-10-09 10:54:36,26.82,22600,26.83,U
sz002517,恺英网络,2025-10-09 10:54:39,26.83,11600,26.82,U
sz002517,恺英网络,2025-10-09 10:54:42,26.83,12800,26.83,U
sz002517,恺英网络,2025-10-09 10:54:45,26.83,8400,26.83,D
sz002517,恺英网络,2025-10-09 10:54:48,26.84,9600,26.83,U
sz002517,恺英网络,2025-10-09 10:54:51,26.82,12300,26.84,D
sz002517,恺英网络,2025-10-09 10:54:57,26.82,9600,26.82,U
sz002517,恺英网络,2025-10-09 10:55:00,26.82,8700,26.82,U
sz002517,恺英网络,2025-10-09 10:55:03,26.82,11000,26.82,U
sz002517,恺英网络,2025-10-09 10:55:09,26.8,20800,26.81,D
sz002517,恺英网络,2025-10-09 10:55:12,26.78,8300,26.8,D
sz002517,恺英网络,2025-10-09 10:55:18,26.75,8300,26.76,D
sz002517,恺英网络,2025-10-09 10:55:30,26.75,10500,26.75,D
sz002517,恺英网络,2025-10-09 10:55:39,26.75,16900,26.75,U
sz002517,恺英网络,2025-10-09 10:55:42,26.72,18900,26.75,D
sz002517,恺英网络,2025-10-09 10:55:45,26.71,9600,26.72,D
sz002517,恺英网络,2025-10-09 10:55:48,26.74,18800,26.71,U
sz002517,恺英网络,2025-10-09 10:55:51,26.73,10900,26.74,D
sz002517,恺英网络,2025-10-09 10:55:54,26.74,11300,26.73,U
sz002517,恺英网络,2025-10-09 10:56:15,26.73,10300,26.71,U
sz002517,恺英网络,2025-10-09 10:56:21,26.72,9000,26.73,D
sz002517,恺英网络,2025-10-09 10:56:39,26.69,12300,26.7,D
sz002517,恺英网络,2025-10-09 10:56:42,26.7,10700,26.69,U
sz002517,恺英网络,2025-10-09 10:56:51,26.7,20000,26.69,U
sz002517,恺英网络,2025-10-09 10:56:54,26.7,24300,26.7,D
sz002517,恺英网络,2025-10-09 10:56:57,26.7,12100,26.7,D
sz002517,恺英网络,2025-10-09 10:57:12,26.66,39300,26.68,D
sz002517,恺英网络,2025-10-09 10:57:24,26.67,11000,26.66,U
sz002517,恺英网络,2025-10-09 10:57:30,26.67,9400,26.67,D
sz002517,恺英网络,2025-10-09 10:57:36,26.68,11300,26.67,U
sz002517,恺英网络,2025-10-09 10:57:42,26.68,17400,26.67,U
sz002517,恺英网络,2025-10-09 10:57:45,26.68,16400,26.68,U
sz002517,恺英网络,2025-10-09 10:58:09,26.64,10800,26.66,D
sz002517,恺英网络,2025-10-09 10:58:15,26.62,7800,26.62,D
sz002517,恺英网络,2025-10-09 10:58:18,26.64,9600,26.62,U
sz002517,恺英网络,2025-10-09 10:58:42,26.64,13100,26.63,U
sz002517,恺英网络,2025-10-09 10:58:51,26.66,13800,26.65,U
sz002517,恺英网络,2025-10-09 10:59:03,26.63,16700,26.63,U
sz002517,恺英网络,2025-10-09 10:59:09,26.63,13800,26.63,E
sz002517,恺英网络,2025-10-09 10:59:24,26.62,89200,26.61,U
sz002517,恺英网络,2025-10-09 10:59:27,26.59,19000,26.62,D
sz002517,恺英网络,2025-10-09 10:59:30,26.63,17000,26.59,U
sz002517,恺英网络,2025-10-09 10:59:39,26.61,71900,26.6,D
sz002517,恺英网络,2025-10-09 10:59:42,26.57,23100,26.61,D
sz002517,恺英网络,2025-10-09 10:59:45,26.57,11400,26.57,E
sz002517,恺英网络,2025-10-09 10:59:51,26.6,7800,26.59,U
sz002517,恺英网络,2025-10-09 10:59:57,26.6,23300,26.57,U
sz002517,恺英网络,2025-10-09 11:00:00,26.63,21200,26.6,U
sz002517,恺英网络,2025-10-09 11:00:03,26.63,42500,26.63,U
sz002517,恺英网络,2025-10-09 11:00:06,26.64,14200,26.63,U
sz002517,恺英网络,2025-10-09 11:00:12,26.64,11700,26.63,U
sz002517,恺英网络,2025-10-09 11:00:27,26.67,20000,26.63,U
sz002517,恺英网络,2025-10-09 11:00:30,26.67,13900,26.67,U
sz002517,恺英网络,2025-10-09 11:00:48,26.68,10900,26.67,U
sz002517,恺英网络,2025-10-09 11:00:57,26.66,14300,26.68,D
sz002517,恺英网络,2025-10-09 11:01:00,26.65,20600,26.66,D
sz002517,恺英网络,2025-10-09 11:01:03,26.65,9000,26.65,D
sz002517,恺英网络,2025-10-09 11:01:09,26.63,8000,26.63,D
sz002517,恺英网络,2025-10-09 11:01:12,26.64,13900,26.63,U
sz002517,恺英网络,2025-10-09 11:01:21,26.65,11300,26.64,E
sz002517,恺英网络,2025-10-09 11:01:24,26.66,18200,26.65,U
sz002517,恺英网络,2025-10-09 11:01:27,26.65,9600,26.66,D
sz002517,恺英网络,2025-10-09 11:01:30,26.69,17700,26.65,U
sz002517,恺英网络,2025-10-09 11:01:39,26.67,11300,26.69,E
sz002517,恺英网络,2025-10-09 11:01:42,26.67,23100,26.67,D
sz002517,恺英网络,2025-10-09 11:01:51,26.68,25900,26.67,U
sz002517,恺英网络,2025-10-09 11:01:57,26.68,22700,26.68,U
sz002517,恺英网络,2025-10-09 11:02:00,26.67,13100,26.68,D
sz002517,恺英网络,2025-10-09 11:02:03,26.67,21200,26.67,D
sz002517,恺英网络,2025-10-09 11:02:06,26.68,8800,26.67,U
sz002517,恺英网络,2025-10-09 11:02:15,26.66,8200,26.68,D
sz002517,恺英网络,2025-10-09 11:02:24,26.66,7700,26.67,D
sz002517,恺英网络,2025-10-09 11:02:39,26.67,9700,26.67,U
sz002517,恺英网络,2025-10-09 11:02:42,26.65,10200,26.67,D
sz002517,恺英网络,2025-10-09 11:03:00,26.67,26300,26.67,D
sz002517,恺英网络,2025-10-09 11:03:06,26.69,10100,26.67,U
sz002517,恺英网络,2025-10-09 11:03:21,26.7,62100,26.67,U
sz002517,恺英网络,2025-10-09 11:03:24,26.7,11800,26.7,U
sz002517,恺英网络,2025-10-09 11:03:27,26.69,13400,26.7,D
sz002517,恺英网络,2025-10-09 11:03:30,26.7,21700,26.69,U
sz002517,恺英网络,2025-10-09 11:03:33,26.64,44800,26.7,D
sz002517,恺英网络,2025-10-09 11:03:36,26.7,9100,26.64,U
sz002517,恺英网络,2025-10-09 11:03:42,26.7,19900,26.7,U
sz002517,恺英网络,2025-10-09 11:03:45,26.68,12700,26.7,D
sz002517,恺英网络,2025-10-09 11:03:48,26.68,35000,26.68,U
sz002517,恺英网络,2025-10-09 11:03:54,26.66,17200,26.67,D
sz002517,恺英网络,2025-10-09 11:04:06,26.67,10800,26.7,D
sz002517,恺英网络,2025-10-09 11:04:09,26.66,13900,26.67,D
sz002517,恺英网络,2025-10-09 11:04:12,26.66,8600,26.66,D
sz002517,恺英网络,2025-10-09 11:04:15,26.65,9500,26.66,D
sz002517,恺英网络,2025-10-09 11:04:18,26.7,25800,26.65,U
sz002517,恺英网络,2025-10-09 11:04:24,26.71,72200,26.7,U
sz002517,恺英网络,2025-10-09 11:04:27,26.66,8000,26.71,D
sz002517,恺英网络,2025-10-09 11:04:33,26.64,11300,26.64,U
sz002517,恺英网络,2025-10-09 11:05:06,26.65,13500,26.65,U
sz002517,恺英网络,2025-10-09 11:05:15,26.63,28100,26.64,E
sz002517,恺英网络,2025-10-09 11:05:18,26.65,37700,26.63,U
sz002517,恺英网络,2025-10-09 11:05:21,26.65,74100,26.65,D
sz002517,恺英网络,2025-10-09 11:05:30,26.66,73700,26.66,U
sz002517,恺英网络,2025-10-09 11:05:48,26.64,12400,26.65,E
sz002517,恺英网络,2025-10-09 11:05:51,26.65,8100,26.64,U
sz002517,恺英网络,2025-10-09 11:05:54,26.64,7900,26.65,E
sz002517,恺英网络,2025-10-09 11:05:57,26.63,55700,26.64,D
sz002517,恺英网络,2025-10-09 11:06:00,26.63,29700,26.63,D
sz002517,恺英网络,2025-10-09 11:06:03,26.61,10700,26.63,D
sz002517,恺英网络,2025-10-09 11:06:09,26.65,20300,26.63,D
sz002517,恺英网络,2025-10-09 11:06:12,26.61,13900,26.65,D
sz002517,恺英网络,2025-10-09 11:06:18,26.64,28500,26.6,U
sz002517,恺英网络,2025-10-09 11:06:24,26.61,16200,26.63,D
sz002517,恺英网络,2025-10-09 11:06:39,26.61,7900,26.61,D
sz002517,恺英网络,2025-10-09 11:06:45,26.63,11800,26.6,U
sz002517,恺英网络,2025-10-09 11:06:48,26.6,11300,26.63,D
sz002517,恺英网络,2025-10-09 11:06:54,26.62,12500,26.6,E
sz002517,恺英网络,2025-10-09 11:07:15,26.62,13500,26.61,U
sz002517,恺英网络,2025-10-09 11:07:18,26.63,7800,26.62,U
sz002517,恺英网络,2025-10-09 11:07:21,26.61,10100,26.63,D
sz002517,恺英网络,2025-10-09 11:07:27,26.64,13000,26.63,U
sz002517,恺英网络,2025-10-09 11:07:30,26.63,44700,26.64,D
sz002517,恺英网络,2025-10-09 11:07:33,26.62,12400,26.63,D
sz002517,恺英网络,2025-10-09 11:07:36,26.6,9600,26.62,D
sz002517,恺英网络,2025-10-09 11:07:45,26.6,7900,26.63,D
sz002517,恺英网络,2025-10-09 11:08:00,26.6,12200,26.63,D
sz002517,恺英网络,2025-10-09 11:08:15,26.63,10400,26.63,U
sz002517,恺英网络,2025-10-09 11:08:24,26.65,13200,26.63,U
sz002517,恺英网络,2025-10-09 11:08:27,26.61,8200,26.65,D
sz002517,恺英网络,2025-10-09 11:08:30,26.62,24800,26.61,E
sz002517,恺英网络,2025-10-09 11:08:33,26.63,10900,26.62,E
sz002517,恺英网络,2025-10-09 11:08:51,26.64,11500,26.65,D
sz002517,恺英网络,2025-10-09 11:08:54,26.65,55500,26.64,U
sz002517,恺英网络,2025-10-09 11:09:00,26.65,42700,26.63,U
sz002517,恺英网络,2025-10-09 11:09:03,26.69,21400,26.65,U
sz002517,恺英网络,2025-10-09 11:09:09,26.69,20900,26.65,U
sz002517,恺英网络,2025-10-09 11:09:12,26.7,20800,26.69,U
sz002517,恺英网络,2025-10-09 11:09:45,26.76,15400,26.72,U
sz002517,恺英网络,2025-10-09 11:10:03,26.79,15100,26.79,D
sz002517,恺英网络,2025-10-09 11:10:06,26.79,7600,26.79,U
sz002517,恺英网络,2025-10-09 11:10:36,26.82,28300,26.79,U
sz002517,恺英网络,2025-10-09 11:11:06,26.83,33300,26.84,D
sz002517,恺英网络,2025-10-09 11:11:09,26.82,11800,26.83,D
sz002517,恺英网络,2025-10-09 11:11:21,26.83,9500,26.83,U
sz002517,恺英网络,2025-10-09 11:11:27,26.8,21300,26.83,D
sz002517,恺英网络,2025-10-09 11:11:30,26.83,21300,26.8,U
sz002517,恺英网络,2025-10-09 11:11:33,26.83,7500,26.83,U
sz002517,恺英网络,2025-10-09 11:11:51,26.81,10500,26.83,D
sz002517,恺英网络,2025-10-09 11:12:03,26.8,15800,26.8,U
sz002517,恺英网络,2025-10-09 11:12:15,26.8,21100,26.79,U
sz002517,恺英网络,2025-10-09 11:12:24,26.83,21400,26.83,U
sz002517,恺英网络,2025-10-09 11:12:30,26.82,15800,26.82,D
sz002517,恺英网络,2025-10-09 11:12:33,26.84,8900,26.82,U
sz002517,恺英网络,2025-10-09 11:12:36,26.85,32900,26.84,U
sz002517,恺英网络,2025-10-09 11:12:54,26.84,9700,26.84,D
sz002517,恺英网络,2025-10-09 11:13:03,26.84,8200,26.85,D
sz002517,恺英网络,2025-10-09 11:13:15,26.85,8500,26.85,D
sz002517,恺英网络,2025-10-09 11:13:21,26.86,11700,26.86,U
sz002517,恺英网络,2025-10-09 11:13:24,26.87,15500,26.86,U
sz002517,恺英网络,2025-10-09 11:13:27,26.89,14100,26.87,U
sz002517,恺英网络,2025-10-09 11:14:12,26.84,14800,26.86,D
sz002517,恺英网络,2025-10-09 11:14:39,26.8,7600,26.85,D
sz002517,恺英网络,2025-10-09 11:15:45,26.79,18800,26.79,U
sz002517,恺英网络,2025-10-09 11:17:24,26.76,8200,26.75,U
sz002517,恺英网络,2025-10-09 11:17:30,26.77,8800,26.75,U
sz002517,恺英网络,2025-10-09 11:17:33,26.75,40700,26.77,D
sz002517,恺英网络,2025-10-09 11:17:39,26.8,42300,26.78,U
sz002517,恺英网络,2025-10-09 11:17:42,26.8,12300,26.8,E
sz002517,恺英网络,2025-10-09 11:17:45,26.8,12200,26.8,D
sz002517,恺英网络,2025-10-09 11:18:03,26.85,17000,26.86,D
sz002517,恺英网络,2025-10-09 11:18:39,26.9,40200,26.88,U
sz002517,恺英网络,2025-10-09 11:18:48,26.93,12100,26.92,U
sz002517,恺英网络,2025-10-09 11:19:15,26.93,9900,26.92,U
sz002517,恺英网络,2025-10-09 11:19:30,26.92,7900,26.92,U
sz002517,恺英网络,2025-10-09 11:19:48,26.92,8000,26.93,D
sz002517,恺英网络,2025-10-09 11:20:03,26.91,10300,26.93,D
sz002517,恺英网络,2025-10-09 11:20:21,26.89,7800,26.91,D
sz002517,恺英网络,2025-10-09 11:20:30,26.88,20400,26.89,D
sz002517,恺英网络,2025-10-09 11:20:51,26.94,14500,26.92,U
sz002517,恺英网络,2025-10-09 11:21:00,26.94,21500,26.94,U
sz002517,恺英网络,2025-10-09 11:21:12,26.96,18300,26.94,U
sz002517,恺英网络,2025-10-09 11:21:15,26.96,7800,26.96,U
sz002517,恺英网络,2025-10-09 11:21:33,26.97,18300,26.96,U
sz002517,恺英网络,2025-10-09 11:21:57,26.94,20500,26.94,D
sz002517,恺英网络,2025-10-09 11:22:00,26.91,21100,26.94,D
sz002517,恺英网络,2025-10-09 11:22:03,26.88,10900,26.91,D
sz002517,恺英网络,2025-10-09 11:22:21,26.92,41600,26.89,U
sz002517,恺英网络,2025-10-09 11:23:00,26.9,13000,26.91,D
sz002517,恺英网络,2025-10-09 11:23:39,26.9,8000,26.91,D
sz002517,恺英网络,2025-10-09 11:23:54,26.9,14800,26.91,D
sz002517,恺英网络,2025-10-09 11:24:00,26.88,9000,26.88,D
sz002517,恺英网络,2025-10-09 11:24:30,26.86,21500,26.88,D
sz002517,恺英网络,2025-10-09 11:24:54,26.86,13100,26.85,U
sz002517,恺英网络,2025-10-09 11:24:57,26.87,19700,26.86,U
sz002517,恺英网络,2025-10-09 11:25:03,26.9,9800,26.89,U
sz002517,恺英网络,2025-10-09 11:25:39,26.91,16900,26.92,D
sz002517,恺英网络,2025-10-09 11:25:48,26.91,9900,26.91,U
sz002517,恺英网络,2025-10-09 11:25:51,26.91,11500,26.91,U
sz002517,恺英网络,2025-10-09 11:27:00,26.89,11100,26.89,D
sz002517,恺英网络,2025-10-09 11:27:21,26.91,8500,26.91,U
sz002517,恺英网络,2025-10-09 11:28:57,26.93,10400,26.92,U
sz002517,恺英网络,2025-10-09 13:00:00,26.94,59300,26.92,U
sz002517,恺英网络,2025-10-09 13:00:03,26.94,77600,26.94,U
sz002517,恺英网络,2025-10-09 13:00:06,26.91,21700,26.94,D
sz002517,恺英网络,2025-10-09 13:00:09,26.9,16300,26.91,D
sz002517,恺英网络,2025-10-09 13:00:18,26.9,7900,26.89,U
sz002517,恺英网络,2025-10-09 13:00:27,26.92,7900,26.91,E
sz002517,恺英网络,2025-10-09 13:00:42,26.94,19500,26.93,U
sz002517,恺英网络,2025-10-09 13:00:45,26.94,8100,26.94,U
sz002517,恺英网络,2025-10-09 13:00:48,26.93,7800,26.94,D
sz002517,恺英网络,2025-10-09 13:01:03,26.87,20200,26.91,D
sz002517,恺英网络,2025-10-09 13:01:39,26.9,11200,26.89,D
sz002517,恺英网络,2025-10-09 13:01:51,26.93,9100,26.94,D
sz002517,恺英网络,2025-10-09 13:01:54,26.93,10400,26.93,U
sz002517,恺英网络,2025-10-09 13:02:09,26.94,7500,26.92,U
sz002517,恺英网络,2025-10-09 13:02:12,26.92,8700,26.94,D
sz002517,恺英网络,2025-10-09 13:02:27,26.91,24600,26.93,D
sz002517,恺英网络,2025-10-09 13:02:51,26.93,9100,26.93,D
sz002517,恺英网络,2025-10-09 13:02:54,26.98,114500,26.93,U
sz002517,恺英网络,2025-10-09 13:03:03,26.98,22100,26.97,U
sz002517,恺英网络,2025-10-09 13:03:06,26.98,8800,26.98,U
sz002517,恺英网络,2025-10-09 13:03:12,26.98,7600,26.98,U
sz002517,恺英网络,2025-10-09 13:03:21,26.98,7800,26.97,U
sz002517,恺英网络,2025-10-09 13:03:24,26.97,8200,26.98,D
sz002517,恺英网络,2025-10-09 13:03:36,26.99,50200,26.97,U
sz002517,恺英网络,2025-10-09 13:03:48,27.04,121900,26.99,U
sz002517,恺英网络,2025-10-09 13:03:57,27.05,12500,27.04,U
sz002517,恺英网络,2025-10-09 13:04:03,27.05,9100,27.04,U
sz002517,恺英网络,2025-10-09 13:04:15,27.02,10500,27.06,D
sz002517,恺英网络,2025-10-09 13:04:24,27.05,9500,27.05,U
sz002517,恺英网络,2025-10-09 13:04:27,27.02,13900,27.05,D
sz002517,恺英网络,2025-10-09 13:04:36,27.04,8900,27.05,E
sz002517,恺英网络,2025-10-09 13:04:42,27.04,10300,27.05,E
sz002517,恺英网络,2025-10-09 13:04:48,27.03,10300,27.05,D
sz002517,恺英网络,2025-10-09 13:05:06,27.03,9700,27.03,D
sz002517,恺英网络,2025-10-09 13:05:09,27.02,12700,27.03,E
sz002517,恺英网络,2025-10-09 13:05:12,27.01,7700,27.02,D
sz002517,恺英网络,2025-10-09 13:05:15,27.02,11400,27.01,E
sz002517,恺英网络,2025-10-09 13:05:36,27.02,12000,27.0,U
sz002517,恺英网络,2025-10-09 13:06:00,27.0,10100,27.0,U
sz002517,恺英网络,2025-10-09 13:06:42,27.02,18800,27.01,U
sz002517,恺英网络,2025-10-09 13:07:00,27.04,8500,27.05,D
sz002517,恺英网络,2025-10-09 13:07:12,27.05,12500,27.05,U
sz002517,恺英网络,2025-10-09 13:07:39,26.97,74700,27.01,D
sz002517,恺英网络,2025-10-09 13:07:42,26.97,11900,26.97,U
sz002517,恺英网络,2025-10-09 13:08:54,27.03,8100,27.03,D
sz002517,恺英网络,2025-10-09 13:08:57,27.04,10500,27.03,U
sz002517,恺英网络,2025-10-09 13:09:00,27.03,15800,27.04,D
sz002517,恺英网络,2025-10-09 13:09:06,27.05,17200,27.04,U
sz002517,恺英网络,2025-10-09 13:09:09,27.06,8700,27.05,U
sz002517,恺英网络,2025-10-09 13:09:12,27.05,17000,27.06,D
sz002517,恺英网络,2025-10-09 13:09:15,27.06,7400,27.05,D
sz002517,恺英网络,2025-10-09 13:09:27,27.07,9000,27.07,D
sz002517,恺英网络,2025-10-09 13:09:57,27.07,7500,27.08,D
sz002517,恺英网络,2025-10-09 13:10:18,27.05,8300,27.05,D
sz002517,恺英网络,2025-10-09 13:10:21,27.06,7700,27.05,U
sz002517,恺英网络,2025-10-09 13:10:42,27.06,7700,27.06,U
sz002517,恺英网络,2025-10-09 13:10:57,27.03,15700,27.04,D
sz002517,恺英网络,2025-10-09 13:11:09,27.0,35500,27.01,D
sz002517,恺英网络,2025-10-09 13:11:15,26.98,25700,27.0,D
sz002517,恺英网络,2025-10-09 13:11:45,27.01,29000,26.99,U
sz002517,恺英网络,2025-10-09 13:12:27,27.01,13100,27.03,D
sz002517,恺英网络,2025-10-09 13:12:42,27.02,9200,27.03,D
sz002517,恺英网络,2025-10-09 13:12:57,27.03,10300,27.05,D
sz002517,恺英网络,2025-10-09 13:13:30,27.0,81000,27.04,D
sz002517,恺英网络,2025-10-09 13:13:33,27.05,13300,27.0,U
sz002517,恺英网络,2025-10-09 13:13:36,27.05,8400,27.05,D
sz002517,恺英网络,2025-10-09 13:13:39,27.04,8600,27.05,D
sz002517,恺英网络,2025-10-09 13:13:57,27.07,10900,27.06,U
sz002517,恺英网络,2025-10-09 13:14:30,27.05,26400,27.04,U
sz002517,恺英网络,2025-10-09 13:14:42,27.08,53200,27.05,U
sz002517,恺英网络,2025-10-09 13:14:48,27.08,10000,27.06,U
sz002517,恺英网络,2025-10-09 13:14:51,27.09,13900,27.08,U
sz002517,恺英网络,2025-10-09 13:14:57,27.1,45200,27.08,U
sz002517,恺英网络,2025-10-09 13:15:00,27.1,12700,27.1,U
sz002517,恺英网络,2025-10-09 13:15:03,27.1,9900,27.1,U
sz002517,恺英网络,2025-10-09 13:15:09,27.1,14889,27.1,D
sz002517,恺英网络,2025-10-09 13:15:15,27.15,40400,27.11,U
sz002517,恺英网络,2025-10-09 13:15:18,27.0,50000,27.15,D
sz002517,恺英网络,2025-10-09 13:15:42,27.09,8200,27.08,U
sz002517,恺英网络,2025-10-09 13:16:09,27.09,8400,27.09,U
sz002517,恺英网络,2025-10-09 13:16:18,27.09,23900,27.1,D
sz002517,恺英网络,2025-10-09 13:16:27,27.06,12100,27.09,D
sz002517,恺英网络,2025-10-09 13:16:30,27.08,14300,27.06,U
sz002517,恺英网络,2025-10-09 13:16:33,27.07,7400,27.08,E
sz002517,恺英网络,2025-10-09 13:16:36,27.07,9300,27.07,U
sz002517,恺英网络,2025-10-09 13:16:39,27.04,11000,27.07,D
sz002517,恺英网络,2025-10-09 13:16:45,27.08,10200,27.06,U
sz002517,恺英网络,2025-10-09 13:17:03,27.06,9700,27.07,D
sz002517,恺英网络,2025-10-09 13:17:12,27.01,12500,27.04,D
sz002517,恺英网络,2025-10-09 13:17:21,27.02,26200,27.02,D
sz002517,恺英网络,2025-10-09 13:17:42,27.02,13300,27.01,U
sz002517,恺英网络,2025-10-09 13:17:45,27.05,19100,27.02,U
sz002517,恺英网络,2025-10-09 13:18:12,27.02,14400,27.02,D
sz002517,恺英网络,2025-10-09 13:18:27,27.01,28300,27.03,D
sz002517,恺英网络,2025-10-09 13:18:36,27.0,40700,27.01,D
sz002517,恺英网络,2025-10-09 13:18:39,27.0,11111,27.0,D
sz002517,恺英网络,2025-10-09 13:19:03,26.97,7700,26.99,D
sz002517,恺英网络,2025-10-09 13:19:33,26.96,11700,26.96,U
sz002517,恺英网络,2025-10-09 13:19:36,26.96,9600,26.96,D
sz002517,恺英网络,2025-10-09 13:19:39,26.96,12300,26.96,D
sz002517,恺英网络,2025-10-09 13:19:42,26.98,17000,26.96,U
sz002517,恺英网络,2025-10-09 13:19:45,26.99,13200,26.98,U
sz002517,恺英网络,2025-10-09 13:19:48,27.0,23789,26.99,U
sz002517,恺英网络,2025-10-09 13:19:51,27.01,12100,27.0,U
sz002517,恺英网络,2025-10-09 13:19:54,27.0,10200,27.01,D
sz002517,恺英网络,2025-10-09 13:19:57,27.0,9700,27.0,D
sz002517,恺英网络,2025-10-09 13:20:09,27.01,20900,27.02,D
sz002517,恺英网络,2025-10-09 13:20:18,27.0,25700,27.02,D
sz002517,恺英网络,2025-10-09 13:20:21,27.01,10400,27.0,U
sz002517,恺英网络,2025-10-09 13:20:30,26.98,39811,27.0,D
sz002517,恺英网络,2025-10-09 13:21:03,26.93,23300,26.96,D
sz002517,恺英网络,2025-10-09 13:21:15,26.94,9100,26.93,U
sz002517,恺英网络,2025-10-09 13:21:24,26.96,9500,26.98,D
sz002517,恺英网络,2025-10-09 13:21:45,27.0,15700,26.99,U
sz002517,恺英网络,2025-10-09 13:21:51,27.03,9700,27.0,U
sz002517,恺英网络,2025-10-09 13:22:48,27.0,7900,27.0,U
sz002517,恺英网络,2025-10-09 13:23:24,27.0,10800,26.99,U
sz002517,恺英网络,2025-10-09 13:23:27,26.99,19100,27.0,D
sz002517,恺英网络,2025-10-09 13:24:12,26.99,9300,26.99,D
sz002517,恺英网络,2025-10-09 13:24:15,26.98,8300,26.99,D
sz002517,恺英网络,2025-10-09 13:24:24,26.98,13400,26.98,D
sz002517,恺英网络,2025-10-09 13:24:45,26.99,8100,26.99,U
sz002517,恺英网络,2025-10-09 13:24:48,27.0,10900,26.99,U
sz002517,恺英网络,2025-10-09 13:24:54,27.0,11200,27.0,U
sz002517,恺英网络,2025-10-09 13:24:57,27.01,9600,27.0,U
sz002517,恺英网络,2025-10-09 13:25:30,27.0,10000,27.01,D
sz002517,恺英网络,2025-10-09 13:25:51,27.0,11300,27.0,U
sz002517,恺英网络,2025-10-09 13:26:00,26.99,8600,26.99,U
sz002517,恺英网络,2025-10-09 13:26:06,26.99,28100,26.99,U
sz002517,恺英网络,2025-10-09 13:26:12,27.0,18200,26.99,U
sz002517,恺英网络,2025-10-09 13:26:48,27.01,11500,27.0,U
sz002517,恺英网络,2025-10-09 13:28:00,27.0,10700,26.99,U
sz002517,恺英网络,2025-10-09 13:28:03,26.99,8800,27.0,D
sz002517,恺英网络,2025-10-09 13:28:24,27.0,12800,27.0,U
sz002517,恺英网络,2025-10-09 13:28:27,27.0,15400,27.0,U
sz002517,恺英网络,2025-10-09 13:28:33,27.0,9100,27.01,D
sz002517,恺英网络,2025-10-09 13:28:36,27.0,7800,27.0,D
sz002517,恺英网络,2025-10-09 13:28:42,27.01,13600,27.01,D
sz002517,恺英网络,2025-10-09 13:28:48,27.01,7800,27.01,D
sz002517,恺英网络,2025-10-09 13:29:57,26.99,8200,27.0,D
sz002517,恺英网络,2025-10-09 13:30:27,26.98,8000,26.98,D
sz002517,恺英网络,2025-10-09 13:30:33,26.98,8800,26.98,D
sz002517,恺英网络,2025-10-09 13:30:36,26.98,18000,26.98,D
sz002517,恺英网络,2025-10-09 13:30:39,26.99,14300,26.98,U
sz002517,恺英网络,2025-10-09 13:30:54,27.0,9600,27.0,U
sz002517,恺英网络,2025-10-09 13:31:00,27.0,43200,27.0,U
sz002517,恺英网络,2025-10-09 13:31:03,26.99,14500,27.0,D
sz002517,恺英网络,2025-10-09 13:31:06,27.0,10300,26.99,U
sz002517,恺英网络,2025-10-09 13:31:30,27.03,10000,27.02,U
sz002517,恺英网络,2025-10-09 13:32:15,27.01,14900,27.01,U
sz002517,恺英网络,2025-10-09 13:32:33,27.01,10600,27.01,U
sz002517,恺英网络,2025-10-09 13:33:00,27.0,8700,27.0,D
sz002517,恺英网络,2025-10-09 13:33:45,26.99,11000,26.99,D
sz002517,恺英网络,2025-10-09 13:34:09,27.0,12600,26.99,U
sz002517,恺英网络,2025-10-09 13:34:15,27.0,20500,27.0,U
sz002517,恺英网络,2025-10-09 13:34:30,27.0,8700,26.99,U
sz002517,恺英网络,2025-10-09 13:34:54,26.99,11400,26.99,D
sz002517,恺英网络,2025-10-09 13:35:06,27.0,55300,26.99,U
sz002517,恺英网络,2025-10-09 13:35:09,27.01,15400,27.0,U
sz002517,恺英网络,2025-10-09 13:35:15,27.0,18100,27.0,U
sz002517,恺英网络,2025-10-09 13:35:30,27.01,8500,27.0,U
sz002517,恺英网络,2025-10-09 13:35:33,27.02,14600,27.01,U
sz002517,恺英网络,2025-10-09 13:35:36,27.01,9000,27.02,D
sz002517,恺英网络,2025-10-09 13:35:42,27.03,14700,27.02,U
sz002517,恺英网络,2025-10-09 13:36:00,27.01,8000,27.0,U
sz002517,恺英网络,2025-10-09 13:36:09,27.01,21600,27.0,U
sz002517,恺英网络,2025-10-09 13:36:36,27.0,20900,26.99,U
sz002517,恺英网络,2025-10-09 13:36:39,27.01,9500,27.0,U
sz002517,恺英网络,2025-10-09 13:37:18,27.0,7800,27.0,D
sz002517,恺英网络,2025-10-09 13:37:54,27.0,13400,27.01,D
sz002517,恺英网络,2025-10-09 13:38:03,27.0,25600,27.0,D
sz002517,恺英网络,2025-10-09 13:38:09,27.0,10400,27.0,D
sz002517,恺英网络,2025-10-09 13:38:15,27.01,13200,27.0,U
sz002517,恺英网络,2025-10-09 13:38:33,27.01,10800,27.01,U
sz002517,恺英网络,2025-10-09 13:38:57,27.0,11400,27.01,D
sz002517,恺英网络,2025-10-09 13:40:06,26.99,10700,26.99,D
sz002517,恺英网络,2025-10-09 13:40:09,26.99,23900,26.99,D
sz002517,恺英网络,2025-10-09 13:40:15,26.98,8000,26.99,D
sz002517,恺英网络,2025-10-09 13:40:57,26.98,18400,26.98,D
sz002517,恺英网络,2025-10-09 13:42:03,27.0,24000,27.0,U
sz002517,恺英网络,2025-10-09 13:42:06,27.0,15500,27.0,U
sz002517,恺英网络,2025-10-09 13:42:12,27.0,48700,27.0,U
sz002517,恺英网络,2025-10-09 13:42:15,27.01,10900,27.0,U
sz002517,恺英网络,2025-10-09 13:42:18,27.02,39290,27.01,U
sz002517,恺英网络,2025-10-09 13:42:24,27.04,10600,27.05,D
sz002517,恺英网络,2025-10-09 13:42:27,27.04,9700,27.04,U
sz002517,恺英网络,2025-10-09 13:42:54,27.04,13300,27.05,D
sz002517,恺英网络,2025-10-09 13:43:03,27.05,10500,27.05,U
sz002517,恺英网络,2025-10-09 13:43:09,27.06,15500,27.02,U
sz002517,恺英网络,2025-10-09 13:43:42,27.01,42710,27.02,D
sz002517,恺英网络,2025-10-09 13:43:57,27.0,8300,27.0,D
sz002517,恺英网络,2025-10-09 13:44:06,27.0,8800,27.0,D
sz002517,恺英网络,2025-10-09 13:44:09,27.01,17300,27.0,U
sz002517,恺英网络,2025-10-09 13:44:12,27.0,69300,27.01,D
sz002517,恺英网络,2025-10-09 13:44:45,27.0,8500,26.98,U
sz002517,恺英网络,2025-10-09 13:44:57,26.99,9200,26.99,D
sz002517,恺英网络,2025-10-09 13:45:45,26.98,11400,26.98,U
sz002517,恺英网络,2025-10-09 13:45:48,26.97,10000,26.98,D
sz002517,恺英网络,2025-10-09 13:46:27,26.96,42900,26.98,D
sz002517,恺英网络,2025-10-09 13:46:30,26.97,19600,26.96,U
sz002517,恺英网络,2025-10-09 13:46:39,26.99,8000,26.98,U
sz002517,恺英网络,2025-10-09 13:46:42,26.98,8000,26.99,D
sz002517,恺英网络,2025-10-09 13:46:45,26.98,12500,26.98,U
sz002517,恺英网络,2025-10-09 13:46:48,27.0,8300,26.98,U
sz002517,恺英网络,2025-10-09 13:47:00,26.96,59000,27.0,D
sz002517,恺英网络,2025-10-09 13:47:06,26.95,11100,26.96,D
sz002517,恺英网络,2025-10-09 13:47:24,26.96,42400,27.0,D
sz002517,恺英网络,2025-10-09 13:47:30,26.96,16900,26.96,U
sz002517,恺英网络,2025-10-09 13:48:03,26.98,10800,26.97,U
sz002517,恺英网络,2025-10-09 13:48:30,26.98,8500,26.97,U
sz002517,恺英网络,2025-10-09 13:48:36,26.97,9700,26.96,E
sz002517,恺英网络,2025-10-09 13:48:42,26.97,16600,26.96,U
sz002517,恺英网络,2025-10-09 13:48:45,26.99,12800,26.97,U
sz002517,恺英网络,2025-10-09 13:48:57,26.97,18400,26.95,U
sz002517,恺英网络,2025-10-09 13:49:06,26.96,8700,26.96,U
sz002517,恺英网络,2025-10-09 13:49:15,26.95,38800,26.96,D
sz002517,恺英网络,2025-10-09 13:49:18,26.93,10000,26.95,D
sz002517,恺英网络,2025-10-09 13:49:30,26.95,14200,26.94,U
sz002517,恺英网络,2025-10-09 13:49:42,26.94,16000,26.94,U
sz002517,恺英网络,2025-10-09 13:50:09,26.91,18700,26.9,U
sz002517,恺英网络,2025-10-09 13:50:12,26.92,20400,26.91,U
sz002517,恺英网络,2025-10-09 13:50:39,26.93,23200,26.92,E
sz002517,恺英网络,2025-10-09 13:51:09,26.93,10400,26.94,D
sz002517,恺英网络,2025-10-09 13:51:27,26.95,13600,26.95,U
sz002517,恺英网络,2025-10-09 13:51:30,26.95,9200,26.95,D
sz002517,恺英网络,2025-10-09 13:51:33,26.94,10900,26.95,D
sz002517,恺英网络,2025-10-09 13:51:39,26.94,24400,26.96,D
sz002517,恺英网络,2025-10-09 13:52:18,26.93,8000,26.93,D
sz002517,恺英网络,2025-10-09 13:52:24,26.93,22100,26.94,D
sz002517,恺英网络,2025-10-09 13:52:27,26.93,8200,26.93,D
sz002517,恺英网络,2025-10-09 13:52:30,26.94,21700,26.93,U
sz002517,恺英网络,2025-10-09 13:52:45,26.94,11700,26.94,D
sz002517,恺英网络,2025-10-09 13:52:48,26.93,30700,26.94,D
sz002517,恺英网络,2025-10-09 13:52:51,26.96,16200,26.93,U
sz002517,恺英网络,2025-10-09 13:53:18,26.98,7700,26.99,D
sz002517,恺英网络,2025-10-09 13:53:36,27.0,15500,27.0,U
sz002517,恺英网络,2025-10-09 13:53:39,26.99,9600,27.0,D
sz002517,恺英网络,2025-10-09 13:54:03,26.99,8400,27.0,D
sz002517,恺英网络,2025-10-09 13:54:09,27.0,8200,26.99,U
sz002517,恺英网络,2025-10-09 13:54:30,27.0,8600,27.0,U
sz002517,恺英网络,2025-10-09 13:55:15,26.99,7500,26.99,D
sz002517,恺英网络,2025-10-09 13:55:39,26.99,12800,27.0,D
sz002517,恺英网络,2025-10-09 13:55:45,26.99,11100,26.99,U
sz002517,恺英网络,2025-10-09 13:55:51,26.98,10900,26.98,D
sz002517,恺英网络,2025-10-09 13:56:06,26.98,53600,26.98,U
sz002517,恺英网络,2025-10-09 13:56:09,26.98,40900,26.98,U
sz002517,恺英网络,2025-10-09 13:56:12,26.99,12000,26.98,U
sz002517,恺英网络,2025-10-09 13:56:15,26.97,10000,26.99,D
sz002517,恺英网络,2025-10-09 13:56:30,26.98,8500,26.98,D
sz002517,恺英网络,2025-10-09 13:56:54,27.0,9400,27.0,U
sz002517,恺英网络,2025-10-09 13:57:00,26.99,21700,27.0,D
sz002517,恺英网络,2025-10-09 13:57:15,27.0,8600,26.99,U
sz002517,恺英网络,2025-10-09 13:57:27,27.0,24400,27.0,U
sz002517,恺英网络,2025-10-09 13:57:30,26.99,7900,27.0,D
sz002517,恺英网络,2025-10-09 13:57:36,27.0,8800,26.99,U
sz002517,恺英网络,2025-10-09 13:59:00,26.98,11400,26.99,D
sz002517,恺英网络,2025-10-09 13:59:06,26.99,10200,26.98,U
sz002517,恺英网络,2025-10-09 13:59:21,26.98,15400,26.98,U
sz002517,恺英网络,2025-10-09 14:00:00,26.97,11900,26.98,D
sz002517,恺英网络,2025-10-09 14:00:21,26.97,16300,26.98,D
sz002517,恺英网络,2025-10-09 14:00:24,26.97,12000,26.97,U
sz002517,恺英网络,2025-10-09 14:00:33,26.96,8700,26.97,D
sz002517,恺英网络,2025-10-09 14:00:36,26.97,18600,26.96,U
sz002517,恺英网络,2025-10-09 14:00:54,26.96,14700,26.97,D
sz002517,恺英网络,2025-10-09 14:01:27,26.96,8300,26.96,D
sz002517,恺英网络,2025-10-09 14:01:30,26.97,8400,26.96,U
sz002517,恺英网络,2025-10-09 14:02:18,26.98,8000,26.98,U
sz002517,恺英网络,2025-10-09 14:02:51,26.97,8800,26.99,D
sz002517,恺英网络,2025-10-09 14:03:30,26.98,8700,26.98,D
sz002517,恺英网络,2025-10-09 14:03:39,26.98,8600,26.98,D
sz002517,恺英网络,2025-10-09 14:04:06,26.99,11600,26.98,U
sz002517,恺英网络,2025-10-09 14:04:15,27.0,11100,26.99,U
sz002517,恺英网络,2025-10-09 14:04:21,27.0,10300,27.0,U
sz002517,恺英网络,2025-10-09 14:04:24,26.99,12000,27.0,D
sz002517,恺英网络,2025-10-09 14:04:30,26.98,7600,26.99,D
sz002517,恺英网络,2025-10-09 14:04:36,27.0,9500,26.98,U
sz002517,恺英网络,2025-10-09 14:04:51,26.99,7800,27.0,D
sz002517,恺英网络,2025-10-09 14:05:15,26.99,10100,26.99,D
sz002517,恺英网络,2025-10-09 14:05:45,27.0,7600,27.0,U
sz002517,恺英网络,2025-10-09 14:06:12,26.99,13400,26.99,U
sz002517,恺英网络,2025-10-09 14:06:33,26.98,7900,26.99,D
sz002517,恺英网络,2025-10-09 14:06:51,26.98,17630,26.98,D
sz002517,恺英网络,2025-10-09 14:07:12,26.97,11300,26.97,D
sz002517,恺英网络,2025-10-09 14:07:21,26.97,14600,26.98,D
sz002517,恺英网络,2025-10-09 14:07:24,27.0,7800,26.97,U
sz002517,恺英网络,2025-10-09 14:08:09,26.99,7800,27.0,D
sz002517,恺英网络,2025-10-09 14:08:12,27.0,178900,26.99,U
sz002517,恺英网络,2025-10-09 14:08:15,27.03,48070,27.0,U
sz002517,恺英网络,2025-10-09 14:08:21,27.01,10900,27.03,D
sz002517,恺英网络,2025-10-09 14:08:39,27.05,12400,27.04,U
sz002517,恺英网络,2025-10-09 14:08:42,27.05,13700,27.05,U
sz002517,恺英网络,2025-10-09 14:08:51,27.04,13700,27.04,E
sz002517,恺英网络,2025-10-09 14:09:06,27.04,7900,27.03,U
sz002517,恺英网络,2025-10-09 14:09:39,27.01,12400,27.0,D
sz002517,恺英网络,2025-10-09 14:10:18,27.02,9800,27.02,U
sz002517,恺英网络,2025-10-09 14:10:24,27.02,9300,27.02,D
sz002517,恺英网络,2025-10-09 14:10:30,27.03,8400,27.03,U
sz002517,恺英网络,2025-10-09 14:10:33,27.03,16000,27.03,U
sz002517,恺英网络,2025-10-09 14:10:45,27.02,12100,27.05,D
sz002517,恺英网络,2025-10-09 14:10:48,27.03,20100,27.02,U
sz002517,恺英网络,2025-10-09 14:10:57,27.02,13100,27.01,U
sz002517,恺英网络,2025-10-09 14:11:18,27.02,8500,27.02,U
sz002517,恺英网络,2025-10-09 14:11:30,27.02,10100,27.02,D
sz002517,恺英网络,2025-10-09 14:11:51,27.02,30600,27.02,U
sz002517,恺英网络,2025-10-09 14:11:57,27.0,15600,27.0,D
sz002517,恺英网络,2025-10-09 14:12:00,26.99,22200,27.0,D
sz002517,恺英网络,2025-10-09 14:12:06,26.99,8400,26.99,U
sz002517,恺英网络,2025-10-09 14:12:57,27.0,8300,26.99,U
sz002517,恺英网络,2025-10-09 14:13:24,26.98,9900,26.98,D
sz002517,恺英网络,2025-10-09 14:13:54,26.99,9000,26.98,U
sz002517,恺英网络,2025-10-09 14:14:48,27.0,10000,27.0,U
sz002517,恺英网络,2025-10-09 14:15:21,27.0,29200,27.0,U
sz002517,恺英网络,2025-10-09 14:15:24,27.0,13600,27.0,U
sz002517,恺英网络,2025-10-09 14:15:27,27.0,18100,27.0,U
sz002517,恺英网络,2025-10-09 14:15:30,27.0,8700,27.0,U
sz002517,恺英网络,2025-10-09 14:15:42,27.01,8100,27.01,U
sz002517,恺英网络,2025-10-09 14:15:48,27.01,13500,27.01,U
sz002517,恺英网络,2025-10-09 14:15:51,27.02,14300,27.01,U
sz002517,恺英网络,2025-10-09 14:15:57,27.03,9900,27.02,U
sz002517,恺英网络,2025-10-09 14:16:09,27.01,8200,27.01,D
sz002517,恺英网络,2025-10-09 14:16:18,27.01,10500,27.01,U
sz002517,恺英网络,2025-10-09 14:16:27,27.01,8300,27.0,U
sz002517,恺英网络,2025-10-09 14:16:45,27.01,10000,27.01,U
sz002517,恺英网络,2025-10-09 14:17:24,27.01,8500,27.01,D
sz002517,恺英网络,2025-10-09 14:17:30,27.0,9600,27.01,D
sz002517,恺英网络,2025-10-09 14:17:39,27.0,31200,27.0,D
sz002517,恺英网络,2025-10-09 14:17:42,27.01,7800,27.0,U
sz002517,恺英网络,2025-10-09 14:17:54,26.98,31700,26.99,D
sz002517,恺英网络,2025-10-09 14:18:18,26.99,16000,26.99,U
sz002517,恺英网络,2025-10-09 14:18:24,26.99,19800,26.97,U
sz002517,恺英网络,2025-10-09 14:18:45,26.98,11300,27.0,D
sz002517,恺英网络,2025-10-09 14:19:42,26.98,30700,26.99,D
sz002517,恺英网络,2025-10-09 14:19:48,26.99,9800,26.99,U
sz002517,恺英网络,2025-10-09 14:19:54,26.99,14400,26.98,U
sz002517,恺英网络,2025-10-09 14:20:06,27.0,8500,26.99,U
sz002517,恺英网络,2025-10-09 14:20:33,26.99,13500,26.99,D
sz002517,恺英网络,2025-10-09 14:20:45,26.98,7700,26.98,D
sz002517,恺英网络,2025-10-09 14:20:54,26.97,14700,26.98,D
sz002517,恺英网络,2025-10-09 14:21:00,26.97,12100,26.98,D
sz002517,恺英网络,2025-10-09 14:21:09,26.99,8000,26.99,E
sz002517,恺英网络,2025-10-09 14:21:12,26.99,11100,26.99,D
sz002517,恺英网络,2025-10-09 14:21:24,26.98,22500,26.99,D
sz002517,恺英网络,2025-10-09 14:21:54,26.96,15100,26.98,D
sz002517,恺英网络,2025-10-09 14:22:00,26.96,16200,26.97,D
sz002517,恺英网络,2025-10-09 14:22:06,26.95,10900,26.96,D
sz002517,恺英网络,2025-10-09 14:22:09,26.96,8400,26.95,D
sz002517,恺英网络,2025-10-09 14:22:42,26.96,11500,26.97,D
sz002517,恺英网络,2025-10-09 14:23:06,26.98,10500,26.99,D
