symbol,name,ticktime,price,volume,prev_price,kind
sz002517,恺英网络,2025-10-28 09:25:00,24.2,128400,0.0,D
sz002517,恺英网络,2025-10-28 09:30:00,24.17,45500,24.2,D
sz002517,恺英网络,2025-10-28 09:30:03,24.16,60300,24.17,E
sz002517,恺英网络,2025-10-28 09:30:06,24.11,46400,24.16,D
sz002517,恺英网络,2025-10-28 09:30:09,24.08,19400,24.11,D
sz002517,恺英网络,2025-10-28 09:30:15,24.06,52400,24.07,D
sz002517,恺英网络,2025-10-28 09:30:18,24.05,114707,24.06,E
sz002517,恺英网络,2025-10-28 09:30:21,24.08,29200,24.05,U
sz002517,恺英网络,2025-10-28 09:30:24,24.13,25000,24.08,D
sz002517,恺英网络,2025-10-28 09:30:30,24.19,93100,24.17,U
sz002517,恺英网络,2025-10-28 09:30:33,24.19,79900,24.19,U
sz002517,恺英网络,2025-10-28 09:30:36,24.21,16000,24.19,U
sz002517,恺英网络,2025-10-28 09:30:39,24.23,9200,24.21,U
sz002517,恺英网络,2025-10-28 09:30:42,24.24,76500,24.23,U
sz002517,恺英网络,2025-10-28 09:30:45,24.23,69300,24.24,D
sz002517,恺英网络,2025-10-28 09:30:48,24.2,61100,24.23,D
sz002517,恺英网络,2025-10-28 09:30:51,24.24,99900,24.2,U
sz002517,恺英网络,2025-10-28 09:30:54,24.27,14700,24.24,U
sz002517,恺英网络,2025-10-28 09:30:57,24.31,21800,24.27,U
sz002517,恺英网络,2025-10-28 09:31:00,24.29,21400,24.31,E
sz002517,恺英网络,2025-10-28 09:31:03,24.29,10200,24.29,D
sz002517,恺英网络,2025-10-28 09:31:06,24.28,9400,24.29,D
sz002517,恺英网络,2025-10-28 09:31:12,24.3,17700,24.29,U
sz002517,恺英网络,2025-10-28 09:31:15,24.26,21600,24.3,D
sz002517,恺英网络,2025-10-28 09:31:21,24.3,55700,24.28,U
sz002517,恺英网络,2025-10-28 09:31:24,24.29,25900,24.3,D
sz002517,恺英网络,2025-10-28 09:31:33,24.32,60500,24.3,U
sz002517,恺英网络,2025-10-28 09:31:36,24.33,19300,24.32,E
sz002517,恺英网络,2025-10-28 09:31:39,24.36,17900,24.33,U
sz002517,恺英网络,2025-10-28 09:31:42,24.39,30600,24.36,U
sz002517,恺英网络,2025-10-28 09:31:48,24.4,9800,24.39,U
sz002517,恺英网络,2025-10-28 09:31:51,24.39,13000,24.4,D
sz002517,恺英网络,2025-10-28 09:31:54,24.4,11800,24.39,U
sz002517,恺英网络,2025-10-28 09:32:00,24.43,22200,24.4,U
sz002517,恺英网络,2025-10-28 09:32:03,24.43,22300,24.43,E
sz002517,恺英网络,2025-10-28 09:32:06,24.43,13300,24.43,D
sz002517,恺英网络,2025-10-28 09:32:09,24.44,14200,24.43,E
sz002517,恺英网络,2025-10-28 09:32:12,24.45,36400,24.44,E
sz002517,恺英网络,2025-10-28 09:32:15,24.38,65500,24.45,D
sz002517,恺英网络,2025-10-28 09:32:18,24.38,28200,24.38,E
sz002517,恺英网络,2025-10-28 09:32:21,24.38,9100,24.38,U
sz002517,恺英网络,2025-10-28 09:32:24,24.36,11500,24.38,E
sz002517,恺英网络,2025-10-28 09:32:27,24.35,22700,24.36,D
sz002517,恺英网络,2025-10-28 09:32:30,24.3,16600,24.35,D
sz002517,恺英网络,2025-10-28 09:32:33,24.3,16300,24.3,U
sz002517,恺英网络,2025-10-28 09:32:36,24.29,39900,24.3,D
sz002517,恺英网络,2025-10-28 09:32:39,24.27,14400,24.29,D
sz002517,恺英网络,2025-10-28 09:32:42,24.25,22500,24.27,D
sz002517,恺英网络,2025-10-28 09:32:48,24.23,11800,24.2,U
sz002517,恺英网络,2025-10-28 09:32:54,24.19,12300,24.2,D
sz002517,恺英网络,2025-10-28 09:33:03,24.19,90100,24.18,U
sz002517,恺英网络,2025-10-28 09:33:06,24.19,22800,24.19,U
sz002517,恺英网络,2025-10-28 09:33:12,24.22,15800,24.19,U
sz002517,恺英网络,2025-10-28 09:33:15,24.23,19000,24.22,U
sz002517,恺英网络,2025-10-28 09:33:18,24.24,11100,24.23,U
sz002517,恺英网络,2025-10-28 09:33:33,24.27,11800,24.28,E
sz002517,恺英网络,2025-10-28 09:33:39,24.24,15300,24.24,E
sz002517,恺英网络,2025-10-28 09:33:42,24.24,11500,24.24,E
sz002517,恺英网络,2025-10-28 09:33:54,24.23,22800,24.23,U
sz002517,恺英网络,2025-10-28 09:33:57,24.23,13100,24.23,U
sz002517,恺英网络,2025-10-28 09:34:00,24.22,27700,24.23,D
sz002517,恺英网络,2025-10-28 09:34:03,24.23,11400,24.22,U
sz002517,恺英网络,2025-10-28 09:34:06,24.23,9200,24.23,D
sz002517,恺英网络,2025-10-28 09:34:09,24.24,21600,24.23,U
sz002517,恺英网络,2025-10-28 09:34:15,24.24,12400,24.23,U
sz002517,恺英网络,2025-10-28 09:34:24,24.22,56000,24.25,D
sz002517,恺英网络,2025-10-28 09:34:27,24.19,58200,24.22,D
sz002517,恺英网络,2025-10-28 09:34:30,24.2,12700,24.19,U
sz002517,恺英网络,2025-10-28 09:34:33,24.19,15600,24.2,D
sz002517,恺英网络,2025-10-28 09:34:48,24.2,10400,24.21,D
sz002517,恺英网络,2025-10-28 09:34:57,24.2,10400,24.19,U
sz002517,恺英网络,2025-10-28 09:35:00,24.18,70800,24.2,D
sz002517,恺英网络,2025-10-28 09:35:06,24.19,41500,24.17,U
sz002517,恺英网络,2025-10-28 09:35:09,24.21,13900,24.19,E
sz002517,恺英网络,2025-10-28 09:35:15,24.21,9300,24.2,D
sz002517,恺英网络,2025-10-28 09:35:45,24.22,12599,24.19,U
sz002517,恺英网络,2025-10-28 09:35:51,24.24,12900,24.22,U
sz002517,恺英网络,2025-10-28 09:36:09,24.23,10200,24.23,U
sz002517,恺英网络,2025-10-28 09:36:18,24.24,18300,24.24,D
sz002517,恺英网络,2025-10-28 09:36:24,24.24,8800,24.23,U
sz002517,恺英网络,2025-10-28 09:36:27,24.22,10000,24.24,D
sz002517,恺英网络,2025-10-28 09:36:36,24.21,8500,24.21,D
sz002517,恺英网络,2025-10-28 09:36:39,24.2,15300,24.21,D
sz002517,恺英网络,2025-10-28 09:36:42,24.21,33300,24.2,U
sz002517,恺英网络,2025-10-28 09:36:45,24.23,58400,24.21,U
sz002517,恺英网络,2025-10-28 09:37:06,24.21,10900,24.24,D
sz002517,恺英网络,2025-10-28 09:37:09,24.2,10500,24.21,D
sz002517,恺英网络,2025-10-28 09:37:18,24.2,26300,24.2,U
sz002517,恺英网络,2025-10-28 09:37:27,24.2,13300,24.26,D
sz002517,恺英网络,2025-10-28 09:37:33,24.27,13300,24.27,U
sz002517,恺英网络,2025-10-28 09:37:51,24.22,11600,24.23,D
sz002517,恺英网络,2025-10-28 09:38:03,24.22,23700,24.23,D
sz002517,恺英网络,2025-10-28 09:38:06,24.2,12700,24.22,D
sz002517,恺英网络,2025-10-28 09:38:09,24.2,9700,24.2,D
sz002517,恺英网络,2025-10-28 09:38:12,24.17,36700,24.2,D
sz002517,恺英网络,2025-10-28 09:38:15,24.16,9900,24.17,D
sz002517,恺英网络,2025-10-28 09:38:18,24.15,12600,24.16,D
sz002517,恺英网络,2025-10-28 09:38:21,24.13,36100,24.15,D
sz002517,恺英网络,2025-10-28 09:38:24,24.1,11500,24.13,D
sz002517,恺英网络,2025-10-28 09:38:27,24.1,29800,24.1,D
sz002517,恺英网络,2025-10-28 09:38:30,24.1,9800,24.1,D
sz002517,恺英网络,2025-10-28 09:38:33,24.07,41700,24.1,D
sz002517,恺英网络,2025-10-28 09:38:36,24.12,37000,24.07,U
sz002517,恺英网络,2025-10-28 09:38:39,24.1,27700,24.12,D
sz002517,恺英网络,2025-10-28 09:38:42,24.1,29500,24.1,D
sz002517,恺英网络,2025-10-28 09:38:45,24.1,11100,24.1,D
sz002517,恺英网络,2025-10-28 09:38:51,24.1,21000,24.1,U
sz002517,恺英网络,2025-10-28 09:38:54,24.09,28700,24.1,U
sz002517,恺英网络,2025-10-28 09:38:57,24.09,24300,24.09,U
sz002517,恺英网络,2025-10-28 09:39:00,24.06,34200,24.09,D
sz002517,恺英网络,2025-10-28 09:39:03,24.08,21100,24.06,U
sz002517,恺英网络,2025-10-28 09:39:06,24.07,89400,24.08,D
sz002517,恺英网络,2025-10-28 09:39:09,24.06,11800,24.07,D
sz002517,恺英网络,2025-10-28 09:39:12,24.06,9700,24.06,U
sz002517,恺英网络,2025-10-28 09:39:15,24.04,24900,24.06,D
sz002517,恺英网络,2025-10-28 09:39:18,24.05,24800,24.04,E
sz002517,恺英网络,2025-10-28 09:39:21,24.03,44300,24.05,D
sz002517,恺英网络,2025-10-28 09:39:27,24.03,24900,24.04,D
sz002517,恺英网络,2025-10-28 09:39:30,24.05,24900,24.03,U
sz002517,恺英网络,2025-10-28 09:39:36,24.03,28900,24.03,U
sz002517,恺英网络,2025-10-28 09:39:39,24.02,126600,24.03,D
sz002517,恺英网络,2025-10-28 09:39:42,24.03,44100,24.02,E
sz002517,恺英网络,2025-10-28 09:39:45,24.03,10700,24.03,D
sz002517,恺英网络,2025-10-28 09:39:48,24.03,9300,24.03,D
sz002517,恺英网络,2025-10-28 09:39:54,24.0,46600,24.02,D
sz002517,恺英网络,2025-10-28 09:39:57,24.01,14500,24.0,U
sz002517,恺英网络,2025-10-28 09:40:00,24.0,34200,24.01,D
sz002517,恺英网络,2025-10-28 09:40:03,24.01,59400,24.0,U
sz002517,恺英网络,2025-10-28 09:40:06,24.0,9200,24.01,D
sz002517,恺英网络,2025-10-28 09:40:09,24.02,68700,24.0,E
sz002517,恺英网络,2025-10-28 09:40:12,24.04,18600,24.02,U
sz002517,恺英网络,2025-10-28 09:40:15,24.03,13800,24.04,D
sz002517,恺英网络,2025-10-28 09:40:21,24.09,36000,24.07,U
sz002517,恺英网络,2025-10-28 09:41:03,24.13,8800,24.11,U
sz002517,恺英网络,2025-10-28 09:41:21,24.13,24300,24.19,D
sz002517,恺英网络,2025-10-28 09:41:27,24.1,14900,24.11,D
sz002517,恺英网络,2025-10-28 09:41:36,24.1,12900,24.1,D
sz002517,恺英网络,2025-10-28 09:41:39,24.11,12500,24.1,U
sz002517,恺英网络,2025-10-28 09:41:45,24.11,9000,24.11,D
sz002517,恺英网络,2025-10-28 09:41:48,24.1,18800,24.11,D
sz002517,恺英网络,2025-10-28 09:42:00,24.12,51600,24.08,U
sz002517,恺英网络,2025-10-28 09:42:21,24.12,8700,24.13,D
sz002517,恺英网络,2025-10-28 09:42:36,24.11,10900,24.13,D
sz002517,恺英网络,2025-10-28 09:42:42,24.16,50500,24.11,U
sz002517,恺英网络,2025-10-28 09:43:12,24.11,8400,24.13,D
sz002517,恺英网络,2025-10-28 09:43:24,24.1,20800,24.12,D
sz002517,恺英网络,2025-10-28 09:43:30,24.1,15600,24.1,U
sz002517,恺英网络,2025-10-28 09:43:45,24.0,77800,24.1,D
sz002517,恺英网络,2025-10-28 09:43:51,24.1,12700,24.09,U
sz002517,恺英网络,2025-10-28 09:44:09,24.07,46700,24.05,E
sz002517,恺英网络,2025-10-28 09:44:15,24.04,64700,24.05,D
sz002517,恺英网络,2025-10-28 09:44:18,24.07,28000,24.04,U
sz002517,恺英网络,2025-10-28 09:44:24,24.06,13200,24.07,E
sz002517,恺英网络,2025-10-28 09:44:33,24.05,42000,24.06,E
sz002517,恺英网络,2025-10-28 09:44:42,24.05,16900,24.08,D
sz002517,恺英网络,2025-10-28 09:44:57,24.05,24800,24.04,U
sz002517,恺英网络,2025-10-28 09:45:00,24.07,12700,24.05,U
sz002517,恺英网络,2025-10-28 09:45:03,24.02,62000,24.07,D
sz002517,恺英网络,2025-10-28 09:45:15,24.05,11500,24.04,U
sz002517,恺英网络,2025-10-28 09:45:33,24.0,16200,24.02,D
sz002517,恺英网络,2025-10-28 09:45:51,24.03,9500,24.02,U
sz002517,恺英网络,2025-10-28 09:46:03,24.05,24700,24.04,U
sz002517,恺英网络,2025-10-28 09:46:06,24.03,21900,24.05,D
sz002517,恺英网络,2025-10-28 09:46:12,24.05,19000,24.03,U
sz002517,恺英网络,2025-10-28 09:46:33,24.04,39800,24.06,D
sz002517,恺英网络,2025-10-28 09:46:39,24.01,68300,24.03,D
sz002517,恺英网络,2025-10-28 09:46:42,24.01,61500,24.01,D
sz002517,恺英网络,2025-10-28 09:46:45,24.0,28300,24.01,D
sz002517,恺英网络,2025-10-28 09:46:48,24.0,61300,24.0,D
sz002517,恺英网络,2025-10-28 09:46:54,23.99,21300,23.99,U
sz002517,恺英网络,2025-10-28 09:46:57,23.98,18300,23.99,D
sz002517,恺英网络,2025-10-28 09:47:00,24.01,45700,23.98,U
sz002517,恺英网络,2025-10-28 09:47:03,23.99,14500,24.01,D
sz002517,恺英网络,2025-10-28 09:47:15,23.99,34800,23.99,D
sz002517,恺英网络,2025-10-28 09:47:21,23.98,15800,23.98,D
sz002517,恺英网络,2025-10-28 09:47:24,23.98,86100,23.98,D
sz002517,恺英网络,2025-10-28 09:47:30,23.98,20300,23.98,U
sz002517,恺英网络,2025-10-28 09:47:39,23.95,12900,23.96,D
sz002517,恺英网络,2025-10-28 09:47:42,23.95,12900,23.95,D
sz002517,恺英网络,2025-10-28 09:47:45,23.95,30900,23.95,D
sz002517,恺英网络,2025-10-28 09:47:48,23.94,29400,23.95,D
sz002517,恺英网络,2025-10-28 09:47:57,23.92,15200,23.92,U
sz002517,恺英网络,2025-10-28 09:48:00,23.94,111300,23.92,U
sz002517,恺英网络,2025-10-28 09:48:03,23.93,31100,23.94,E
sz002517,恺英网络,2025-10-28 09:48:06,23.93,14900,23.93,D
sz002517,恺英网络,2025-10-28 09:48:09,23.93,73900,23.93,E
sz002517,恺英网络,2025-10-28 09:48:12,23.92,30600,23.93,D
sz002517,恺英网络,2025-10-28 09:48:15,23.93,115800,23.92,E
sz002517,恺英网络,2025-10-28 09:48:18,23.88,30900,23.93,D
sz002517,恺英网络,2025-10-28 09:48:21,23.91,18100,23.88,U
sz002517,恺英网络,2025-10-28 09:48:24,23.87,15000,23.91,D
sz002517,恺英网络,2025-10-28 09:48:27,23.92,18600,23.87,U
sz002517,恺英网络,2025-10-28 09:48:30,23.89,12900,23.92,D
sz002517,恺英网络,2025-10-28 09:48:33,23.92,61400,23.89,U
sz002517,恺英网络,2025-10-28 09:48:36,23.9,57100,23.92,D
sz002517,恺英网络,2025-10-28 09:48:39,23.91,34100,23.9,U
sz002517,恺英网络,2025-10-28 09:48:51,23.91,17500,23.91,U
sz002517,恺英网络,2025-10-28 09:48:54,23.91,12500,23.91,D
sz002517,恺英网络,2025-10-28 09:48:57,23.87,126200,23.91,D
sz002517,恺英网络,2025-10-28 09:49:00,23.87,15100,23.87,D
sz002517,恺英网络,2025-10-28 09:49:03,23.88,56800,23.87,U
sz002517,恺英网络,2025-10-28 09:49:06,23.88,12100,23.88,U
sz002517,恺英网络,2025-10-28 09:49:09,23.91,26500,23.88,U
sz002517,恺英网络,2025-10-28 09:49:18,23.9,20100,23.9,D
sz002517,恺英网络,2025-10-28 09:49:21,23.88,17200,23.9,D
sz002517,恺英网络,2025-10-28 09:49:27,23.89,9300,23.89,U
sz002517,恺英网络,2025-10-28 09:49:36,23.88,20800,23.88,D
sz002517,恺英网络,2025-10-28 09:49:45,23.88,10600,23.88,D
sz002517,恺英网络,2025-10-28 09:49:51,23.9,17500,23.88,U
sz002517,恺英网络,2025-10-28 09:50:06,23.91,13900,23.91,D
sz002517,恺英网络,2025-10-28 09:50:15,23.93,9900,23.91,U
sz002517,恺英网络,2025-10-28 09:50:18,23.95,8600,23.93,U
sz002517,恺英网络,2025-10-28 09:50:21,23.95,14600,23.95,D
sz002517,恺英网络,2025-10-28 09:50:30,23.95,27600,23.96,D
sz002517,恺英网络,2025-10-28 09:50:33,23.96,13700,23.95,U
sz002517,恺英网络,2025-10-28 09:50:45,23.95,12200,23.95,D
sz002517,恺英网络,2025-10-28 09:50:54,23.94,10600,23.95,D
sz002517,恺英网络,2025-10-28 09:51:12,23.92,24400,23.93,D
sz002517,恺英网络,2025-10-28 09:51:15,23.92,27900,23.92,U
sz002517,恺英网络,2025-10-28 09:51:24,23.92,12300,23.92,U
sz002517,恺英网络,2025-10-28 09:51:33,23.92,14100,23.94,D
sz002517,恺英网络,2025-10-28 09:51:36,23.93,9400,23.92,U
sz002517,恺英网络,2025-10-28 09:51:39,23.92,81000,23.93,D
sz002517,恺英网络,2025-10-28 09:51:42,23.94,24900,23.92,E
sz002517,恺英网络,2025-10-28 09:51:48,23.93,9100,23.93,D
sz002517,恺英网络,2025-10-28 09:51:51,23.92,9700,23.93,D
sz002517,恺英网络,2025-10-28 09:51:54,23.92,24300,23.92,U
sz002517,恺英网络,2025-10-28 09:51:57,23.9,85900,23.92,D
sz002517,恺英网络,2025-10-28 09:52:00,23.93,23100,23.9,U
sz002517,恺英网络,2025-10-28 09:52:06,23.89,10400,23.9,D
sz002517,恺英网络,2025-10-28 09:52:09,23.9,9600,23.89,U
sz002517,恺英网络,2025-10-28 09:52:15,23.94,23300,23.9,U
sz002517,恺英网络,2025-10-28 09:52:24,23.95,10600,23.95,D
sz002517,恺英网络,2025-10-28 09:52:33,23.94,10400,23.95,D
sz002517,恺英网络,2025-10-28 09:52:42,23.94,42200,23.94,U
sz002517,恺英网络,2025-10-28 09:52:45,23.95,20900,23.94,E
sz002517,恺英网络,2025-10-28 09:53:00,24.0,10600,23.99,U
sz002517,恺英网络,2025-10-28 09:53:06,24.02,9700,23.99,U
sz002517,恺英网络,2025-10-28 09:53:27,24.01,21100,24.04,D
sz002517,恺英网络,2025-10-28 09:53:57,24.03,14300,24.04,E
sz002517,恺英网络,2025-10-28 09:54:06,24.01,8500,24.03,D
sz002517,恺英网络,2025-10-28 09:54:09,24.0,13200,24.01,D
sz002517,恺英网络,2025-10-28 09:54:12,24.0,18200,24.0,D
sz002517,恺英网络,2025-10-28 09:54:15,23.98,17200,24.0,D
sz002517,恺英网络,2025-10-28 09:54:42,23.92,21000,23.93,D
sz002517,恺英网络,2025-10-28 09:54:51,23.94,15600,23.94,U
sz002517,恺英网络,2025-10-28 09:54:57,23.94,8600,23.94,U
sz002517,恺英网络,2025-10-28 09:55:03,23.95,21100,23.94,U
sz002517,恺英网络,2025-10-28 09:55:06,23.95,15000,23.95,D
sz002517,恺英网络,2025-10-28 09:55:12,23.95,20600,23.96,D
sz002517,恺英网络,2025-10-28 09:55:33,23.96,9200,23.96,D
sz002517,恺英网络,2025-10-28 09:55:45,23.96,10600,23.96,D
sz002517,恺英网络,2025-10-28 09:55:48,23.95,13300,23.96,D
sz002517,恺英网络,2025-10-28 09:55:57,23.96,37600,23.96,U
sz002517,恺英网络,2025-10-28 09:56:00,23.96,11500,23.96,U
sz002517,恺英网络,2025-10-28 09:56:03,23.97,22500,23.96,U
sz002517,恺英网络,2025-10-28 09:56:15,23.98,9800,23.98,D
sz002517,恺英网络,2025-10-28 09:56:21,23.96,24000,23.98,D
sz002517,恺英网络,2025-10-28 09:56:27,23.95,12900,23.95,D
sz002517,恺英网络,2025-10-28 09:57:03,23.95,26700,23.93,U
sz002517,恺英网络,2025-10-28 09:57:06,23.97,32300,23.95,U
sz002517,恺英网络,2025-10-28 09:57:09,23.97,11300,23.97,U
sz002517,恺英网络,2025-10-28 09:57:15,23.98,8400,23.96,U
sz002517,恺英网络,2025-10-28 09:57:45,23.98,13200,23.97,U
sz002517,恺英网络,2025-10-28 09:58:12,24.04,11800,24.05,U
sz002517,恺英网络,2025-10-28 09:58:15,24.04,8600,24.04,D
sz002517,恺英网络,2025-10-28 09:58:36,23.98,10100,23.99,D
sz002517,恺英网络,2025-10-28 09:59:09,23.97,22100,23.97,U
sz002517,恺英网络,2025-10-28 09:59:15,23.96,23600,23.97,D
sz002517,恺英网络,2025-10-28 09:59:21,23.93,16300,23.96,D
sz002517,恺英网络,2025-10-28 09:59:30,23.94,18300,23.95,D
sz002517,恺英网络,2025-10-28 09:59:48,23.93,10400,23.93,D
sz002517,恺英网络,2025-10-28 10:00:03,23.93,147600,23.93,D
sz002517,恺英网络,2025-10-28 10:00:18,23.91,201400,23.94,D
sz002517,恺英网络,2025-10-28 10:00:21,23.93,10500,23.91,D
sz002517,恺英网络,2025-10-28 10:00:24,23.9,98000,23.93,D
sz002517,恺英网络,2025-10-28 10:00:30,23.91,46000,23.91,U
sz002517,恺英网络,2025-10-28 10:00:33,23.89,50300,23.91,D
sz002517,恺英网络,2025-10-28 10:00:36,23.89,8400,23.89,U
sz002517,恺英网络,2025-10-28 10:00:39,23.9,32600,23.89,U
sz002517,恺英网络,2025-10-28 10:00:42,23.93,120800,23.9,U
sz002517,恺英网络,2025-10-28 10:00:45,23.92,14900,23.93,D
sz002517,恺英网络,2025-10-28 10:00:54,23.9,9400,23.91,D
sz002517,恺英网络,2025-10-28 10:00:57,23.91,42700,23.9,U
sz002517,恺英网络,2025-10-28 10:01:03,23.9,13600,23.91,D
sz002517,恺英网络,2025-10-28 10:01:09,23.91,16200,23.9,U
sz002517,恺英网络,2025-10-28 10:01:12,23.9,10800,23.91,D
sz002517,恺英网络,2025-10-28 10:01:15,23.9,13800,23.9,U
sz002517,恺英网络,2025-10-28 10:01:18,23.92,19100,23.9,U
sz002517,恺英网络,2025-10-28 10:01:21,23.91,9000,23.92,D
sz002517,恺英网络,2025-10-28 10:01:30,23.9,10500,23.92,D
sz002517,恺英网络,2025-10-28 10:01:33,23.9,9600,23.9,D
sz002517,恺英网络,2025-10-28 10:01:36,23.91,27800,23.9,E
sz002517,恺英网络,2025-10-28 10:01:39,23.93,10900,23.91,E
sz002517,恺英网络,2025-10-28 10:01:51,23.91,21800,23.92,D
sz002517,恺英网络,2025-10-28 10:01:54,23.92,28500,23.91,U
sz002517,恺英网络,2025-10-28 10:01:57,23.93,9200,23.92,U
sz002517,恺英网络,2025-10-28 10:02:00,23.92,44200,23.93,D
sz002517,恺英网络,2025-10-28 10:02:03,23.91,9800,23.92,D
sz002517,恺英网络,2025-10-28 10:02:12,23.92,79200,23.91,U
sz002517,恺英网络,2025-10-28 10:02:15,23.92,9500,23.92,D
sz002517,恺英网络,2025-10-28 10:02:36,23.93,15200,23.94,D
sz002517,恺英网络,2025-10-28 10:02:51,23.99,9900,23.97,U
sz002517,恺英网络,2025-10-28 10:03:03,24.0,19800,23.97,U
sz002517,恺英网络,2025-10-28 10:03:06,24.0,17400,24.0,U
sz002517,恺英网络,2025-10-28 10:03:09,24.02,16600,24.0,U
sz002517,恺英网络,2025-10-28 10:03:33,24.01,12300,24.02,D
sz002517,恺英网络,2025-10-28 10:03:39,24.02,8700,24.02,U
sz002517,恺英网络,2025-10-28 10:03:42,24.02,39200,24.02,U
sz002517,恺英网络,2025-10-28 10:03:45,24.01,11600,24.02,D
sz002517,恺英网络,2025-10-28 10:03:57,24.02,35900,24.02,U
sz002517,恺英网络,2025-10-28 10:04:03,24.01,14400,24.02,D
sz002517,恺英网络,2025-10-28 10:04:15,24.02,9600,24.01,U
sz002517,恺英网络,2025-10-28 10:04:18,24.01,57900,24.02,E
sz002517,恺英网络,2025-10-28 10:04:30,24.01,9700,24.02,D
sz002517,恺英网络,2025-10-28 10:04:33,24.01,8700,24.01,D
sz002517,恺英网络,2025-10-28 10:04:51,24.0,10300,24.0,D
sz002517,恺英网络,2025-10-28 10:04:57,24.01,23300,24.0,U
sz002517,恺英网络,2025-10-28 10:05:03,23.99,18500,24.0,D
sz002517,恺英网络,2025-10-28 10:05:30,23.97,19700,23.99,D
sz002517,恺英网络,2025-10-28 10:05:33,23.97,10000,23.97,D
sz002517,恺英网络,2025-10-28 10:05:42,24.0,15600,24.0,D
sz002517,恺英网络,2025-10-28 10:05:54,23.98,11400,23.98,D
sz002517,恺英网络,2025-10-28 10:06:03,23.97,13700,23.99,D
sz002517,恺英网络,2025-10-28 10:06:15,23.96,35700,23.97,D
sz002517,恺英网络,2025-10-28 10:06:18,23.95,17600,23.96,D
sz002517,恺英网络,2025-10-28 10:06:24,23.99,21900,23.95,U
sz002517,恺英网络,2025-10-28 10:06:33,23.96,11800,23.96,D
sz002517,恺英网络,2025-10-28 10:06:36,23.99,22500,23.96,U
sz002517,恺英网络,2025-10-28 10:06:39,23.98,22100,23.99,E
sz002517,恺英网络,2025-10-28 10:06:45,23.99,40700,23.98,E
sz002517,恺英网络,2025-10-28 10:07:03,23.97,8400,23.97,D
sz002517,恺英网络,2025-10-28 10:07:42,24.0,15400,24.0,U
sz002517,恺英网络,2025-10-28 10:08:21,24.0,11400,24.0,U
sz002517,恺英网络,2025-10-28 10:08:27,23.99,11100,23.99,D
sz002517,恺英网络,2025-10-28 10:08:30,23.99,9500,23.99,U
sz002517,恺英网络,2025-10-28 10:08:39,24.0,8500,23.98,U
sz002517,恺英网络,2025-10-28 10:08:42,24.02,20800,24.0,U
sz002517,恺英网络,2025-10-28 10:08:45,24.02,24700,24.02,U
sz002517,恺英网络,2025-10-28 10:08:57,24.03,12900,24.02,U
sz002517,恺英网络,2025-10-28 10:09:00,24.03,12900,24.03,D
sz002517,恺英网络,2025-10-28 10:09:03,24.05,14800,24.03,U
sz002517,恺英网络,2025-10-28 10:09:09,24.03,59700,24.04,D
sz002517,恺英网络,2025-10-28 10:09:18,24.0,18100,24.0,D
sz002517,恺英网络,2025-10-28 10:09:21,24.01,10500,24.0,U
sz002517,恺英网络,2025-10-28 10:09:27,24.01,12300,24.01,U
sz002517,恺英网络,2025-10-28 10:09:42,24.0,11800,24.0,D
sz002517,恺英网络,2025-10-28 10:09:45,23.99,10300,24.0,D
sz002517,恺英网络,2025-10-28 10:10:06,23.98,81500,23.98,D
sz002517,恺英网络,2025-10-28 10:10:30,23.98,20600,23.99,D
sz002517,恺英网络,2025-10-28 10:10:39,23.99,20200,23.99,D
sz002517,恺英网络,2025-10-28 10:11:09,23.99,18200,23.99,U
sz002517,恺英网络,2025-10-28 10:11:18,23.98,9500,23.98,D
sz002517,恺英网络,2025-10-28 10:11:21,23.98,9500,23.98,D
sz002517,恺英网络,2025-10-28 10:11:57,23.97,10000,23.98,D
sz002517,恺英网络,2025-10-28 10:12:00,23.99,18200,23.97,U
sz002517,恺英网络,2025-10-28 10:12:15,23.99,28900,23.99,U
sz002517,恺英网络,2025-10-28 10:12:18,24.01,29000,23.99,U
sz002517,恺英网络,2025-10-28 10:12:39,24.01,31300,24.02,D
sz002517,恺英网络,2025-10-28 10:12:42,24.01,9600,24.01,D
sz002517,恺英网络,2025-10-28 10:12:57,24.02,21100,24.02,U
sz002517,恺英网络,2025-10-28 10:13:00,24.05,70300,24.02,U
sz002517,恺英网络,2025-10-28 10:13:51,24.06,20400,24.06,U
sz002517,恺英网络,2025-10-28 10:14:03,24.04,22300,24.05,D
sz002517,恺英网络,2025-10-28 10:14:42,24.07,9200,24.06,U
sz002517,恺英网络,2025-10-28 10:14:45,24.09,12400,24.07,U
sz002517,恺英网络,2025-10-28 10:14:48,24.08,13100,24.09,E
sz002517,恺英网络,2025-10-28 10:14:51,24.1,10500,24.08,U
sz002517,恺英网络,2025-10-28 10:14:54,24.1,19400,24.1,D
sz002517,恺英网络,2025-10-28 10:15:12,24.1,21900,24.11,E
sz002517,恺英网络,2025-10-28 10:15:18,24.1,87900,24.1,D
sz002517,恺英网络,2025-10-28 10:15:21,24.09,10900,24.1,D
sz002517,恺英网络,2025-10-28 10:16:00,24.1,21300,24.09,U
sz002517,恺英网络,2025-10-28 10:16:03,24.09,44800,24.1,D
sz002517,恺英网络,2025-10-28 10:16:18,24.09,30900,24.08,U
sz002517,恺英网络,2025-10-28 10:16:21,24.06,8500,24.09,D
sz002517,恺英网络,2025-10-28 10:16:24,24.06,28100,24.06,D
sz002517,恺英网络,2025-10-28 10:17:06,24.1,23300,24.1,U
sz002517,恺英网络,2025-10-28 10:17:33,24.09,23700,24.1,D
sz002517,恺英网络,2025-10-28 10:17:48,24.07,21700,24.08,D
sz002517,恺英网络,2025-10-28 10:18:06,24.11,15800,24.08,U
sz002517,恺英网络,2025-10-28 10:18:09,24.12,14500,24.11,U
sz002517,恺英网络,2025-10-28 10:18:30,24.13,11000,24.12,U
sz002517,恺英网络,2025-10-28 10:19:03,24.12,25300,24.14,D
sz002517,恺英网络,2025-10-28 10:19:33,24.09,28900,24.1,D
sz002517,恺英网络,2025-10-28 10:19:54,24.09,84700,24.11,D
sz002517,恺英网络,2025-10-28 10:19:57,24.09,11000,24.09,U
sz002517,恺英网络,2025-10-28 10:20:06,24.08,8400,24.08,D
sz002517,恺英网络,2025-10-28 10:21:06,24.07,20800,24.06,U
sz002517,恺英网络,2025-10-28 10:22:03,24.06,22097,24.09,D
sz002517,恺英网络,2025-10-28 10:22:33,24.05,11100,24.05,D
sz002517,恺英网络,2025-10-28 10:22:39,24.05,12400,24.05,D
sz002517,恺英网络,2025-10-28 10:22:54,24.03,21500,24.04,D
sz002517,恺英网络,2025-10-28 10:23:03,24.02,64400,24.03,D
sz002517,恺英网络,2025-10-28 10:23:06,24.02,10200,24.02,U
sz002517,恺英网络,2025-10-28 10:23:09,24.01,12000,24.02,D
sz002517,恺英网络,2025-10-28 10:23:54,24.01,15100,24.02,D
sz002517,恺英网络,2025-10-28 10:24:18,24.03,9700,24.02,U
sz002517,恺英网络,2025-10-28 10:24:21,24.02,13300,24.03,D
sz002517,恺英网络,2025-10-28 10:24:45,24.0,20600,24.01,D
sz002517,恺英网络,2025-10-28 10:25:21,24.0,9800,24.0,U
sz002517,恺英网络,2025-10-28 10:25:24,23.99,13400,24.0,D
sz002517,恺英网络,2025-10-28 10:25:27,23.99,12600,23.99,U
sz002517,恺英网络,2025-10-28 10:26:30,23.98,19300,23.98,D
sz002517,恺英网络,2025-10-28 10:27:03,23.97,8600,23.97,D
sz002517,恺英网络,2025-10-28 10:27:30,23.97,12600,23.97,D
sz002517,恺英网络,2025-10-28 10:27:33,23.98,21700,23.97,U
sz002517,恺英网络,2025-10-28 10:28:12,23.97,9800,23.97,U
sz002517,恺英网络,2025-10-28 10:28:21,23.97,9500,23.97,U
sz002517,恺英网络,2025-10-28 10:28:42,23.97,15600,23.97,U
sz002517,恺英网络,2025-10-28 10:29:51,23.96,11000,23.95,U
sz002517,恺英网络,2025-10-28 10:30:15,23.97,9500,23.97,U
sz002517,恺英网络,2025-10-28 10:30:54,24.0,23800,24.0,D
sz002517,恺英网络,2025-10-28 10:31:03,23.99,16500,23.99,D
sz002517,恺英网络,2025-10-28 10:31:51,23.96,11200,23.96,D
sz002517,恺英网络,2025-10-28 10:32:15,23.96,40600,23.96,D
sz002517,恺英网络,2025-10-28 10:32:27,23.95,13000,23.96,D
sz002517,恺英网络,2025-10-28 10:32:54,23.96,11400,23.96,U
sz002517,恺英网络,2025-10-28 10:32:57,23.97,8700,23.96,E
sz002517,恺英网络,2025-10-28 10:33:30,23.97,13900,23.99,D
sz002517,恺英网络,2025-10-28 10:34:27,24.0,9900,23.99,U
sz002517,恺英网络,2025-10-28 10:34:39,24.0,8600,24.0,U
sz002517,恺英网络,2025-10-28 10:35:24,24.0,9100,24.0,U
sz002517,恺英网络,2025-10-28 10:35:42,24.02,40800,24.0,U
sz002517,恺英网络,2025-10-28 10:35:45,24.02,23100,24.02,U
sz002517,恺英网络,2025-10-28 10:35:48,24.01,16500,24.02,D
sz002517,恺英网络,2025-10-28 10:36:00,23.99,14800,24.0,D
sz002517,恺英网络,2025-10-28 10:36:27,23.98,30200,23.99,D
sz002517,恺英网络,2025-10-28 10:36:54,23.97,10100,23.98,D
sz002517,恺英网络,2025-10-28 10:37:03,23.99,30100,23.99,E
sz002517,恺英网络,2025-10-28 10:37:24,24.0,12900,24.01,D
sz002517,恺英网络,2025-10-28 10:37:27,23.99,15700,24.0,D
sz002517,恺英网络,2025-10-28 10:38:12,23.99,32600,24.0,D
sz002517,恺英网络,2025-10-28 10:38:48,23.97,98700,23.99,D
sz002517,恺英网络,2025-10-28 10:39:15,23.96,9000,23.96,D
sz002517,恺英网络,2025-10-28 10:39:48,23.95,9100,23.95,D
sz002517,恺英网络,2025-10-28 10:40:06,23.94,17800,23.95,D
sz002517,恺英网络,2025-10-28 10:40:09,23.94,15700,23.94,D
sz002517,恺英网络,2025-10-28 10:40:27,23.94,10300,23.94,U
sz002517,恺英网络,2025-10-28 10:40:45,23.94,11600,23.93,U
sz002517,恺英网络,2025-10-28 10:40:48,23.93,9800,23.94,D
sz002517,恺英网络,2025-10-28 10:40:57,23.95,8400,23.93,U
sz002517,恺英网络,2025-10-28 10:41:00,23.93,24900,23.95,D
sz002517,恺英网络,2025-10-28 10:41:33,23.93,15700,23.92,U
sz002517,恺英网络,2025-10-28 10:41:36,23.92,9200,23.93,D
sz002517,恺英网络,2025-10-28 10:41:45,23.92,9700,23.93,D
sz002517,恺英网络,2025-10-28 10:41:54,23.93,14000,23.91,U
sz002517,恺英网络,2025-10-28 10:42:00,23.94,15900,23.94,U
sz002517,恺英网络,2025-10-28 10:42:45,23.93,50400,23.93,D
sz002517,恺英网络,2025-10-28 10:42:48,23.93,22900,23.93,U
sz002517,恺英网络,2025-10-28 10:42:51,23.91,14400,23.93,D
sz002517,恺英网络,2025-10-28 10:43:33,23.91,88700,23.92,D
sz002517,恺英网络,2025-10-28 10:43:51,23.91,17500,23.92,D
sz002517,恺英网络,2025-10-28 10:43:54,23.91,30200,23.91,D
sz002517,恺英网络,2025-10-28 10:44:00,23.91,13000,23.91,U
sz002517,恺英网络,2025-10-28 10:44:03,23.92,23400,23.91,U
sz002517,恺英网络,2025-10-28 10:44:18,23.91,11200,23.92,D
sz002517,恺英网络,2025-10-28 10:44:21,23.91,29300,23.91,U
sz002517,恺英网络,2025-10-28 10:44:27,23.91,11600,23.91,U
sz002517,恺英网络,2025-10-28 10:44:48,23.91,86600,23.91,D
sz002517,恺英网络,2025-10-28 10:44:54,23.91,9400,23.91,D
sz002517,恺英网络,2025-10-28 10:44:57,23.9,17000,23.91,D
sz002517,恺英网络,2025-10-28 10:45:09,23.9,13200,23.9,U
sz002517,恺英网络,2025-10-28 10:45:27,23.89,17900,23.9,D
sz002517,恺英网络,2025-10-28 10:45:45,23.9,31300,23.9,U
sz002517,恺英网络,2025-10-28 10:45:57,23.92,10000,23.92,D
sz002517,恺英网络,2025-10-28 10:46:33,23.92,81700,23.92,U
sz002517,恺英网络,2025-10-28 10:46:39,23.91,9200,23.92,D
sz002517,恺英网络,2025-10-28 10:46:42,23.91,16500,23.91,U
sz002517,恺英网络,2025-10-28 10:46:45,23.91,31100,23.91,U
sz002517,恺英网络,2025-10-28 10:47:36,23.91,10300,23.91,D
sz002517,恺英网络,2025-10-28 10:47:45,23.9,9100,23.9,D
sz002517,恺英网络,2025-10-28 10:47:57,23.9,27000,23.91,D
sz002517,恺英网络,2025-10-28 10:48:06,23.9,18600,23.9,U
sz002517,恺英网络,2025-10-28 10:48:09,23.89,11100,23.9,D
sz002517,恺英网络,2025-10-28 10:48:24,23.89,21900,23.9,D
sz002517,恺英网络,2025-10-28 10:48:39,23.89,13900,23.89,D
sz002517,恺英网络,2025-10-28 10:48:45,23.89,10200,23.89,D
sz002517,恺英网络,2025-10-28 10:48:57,23.89,15000,23.89,U
sz002517,恺英网络,2025-10-28 10:49:06,23.88,101300,23.89,D
sz002517,恺英网络,2025-10-28 10:49:09,23.87,44200,23.88,D
sz002517,恺英网络,2025-10-28 10:49:15,23.87,11100,23.87,D
sz002517,恺英网络,2025-10-28 10:49:24,23.88,15900,23.88,U
sz002517,恺英网络,2025-10-28 10:49:30,23.87,14000,23.88,D
sz002517,恺英网络,2025-10-28 10:49:39,23.86,18800,23.87,D
sz002517,恺英网络,2025-10-28 10:49:42,23.87,26600,23.86,U
sz002517,恺英网络,2025-10-28 10:49:45,23.86,12600,23.87,D
sz002517,恺英网络,2025-10-28 10:49:54,23.86,30000,23.87,D
sz002517,恺英网络,2025-10-28 10:49:57,23.87,14400,23.86,U
sz002517,恺英网络,2025-10-28 10:50:09,23.86,26400,23.86,D
sz002517,恺英网络,2025-10-28 10:50:24,23.86,8400,23.86,D
sz002517,恺英网络,2025-10-28 10:50:30,23.86,11300,23.86,D
sz002517,恺英网络,2025-10-28 10:50:33,23.86,136300,23.86,D
sz002517,恺英网络,2025-10-28 10:50:36,23.85,31600,23.86,D
sz002517,恺英网络,2025-10-28 10:50:39,23.85,19100,23.85,U
sz002517,恺英网络,2025-10-28 10:50:48,23.83,12000,23.83,D
sz002517,恺英网络,2025-10-28 10:50:51,23.84,44800,23.83,U
sz002517,恺英网络,2025-10-28 10:50:57,23.83,17000,23.83,D
sz002517,恺英网络,2025-10-28 10:51:03,23.83,11500,23.82,U
sz002517,恺英网络,2025-10-28 10:51:06,23.83,21900,23.83,U
sz002517,恺英网络,2025-10-28 10:51:15,23.82,51600,23.83,D
sz002517,恺英网络,2025-10-28 10:51:18,23.82,8600,23.82,U
sz002517,恺英网络,2025-10-28 10:51:24,23.82,10300,23.82,U
sz002517,恺英网络,2025-10-28 10:51:27,23.82,30900,23.82,U
sz002517,恺英网络,2025-10-28 10:51:45,23.81,22300,23.81,D
sz002517,恺英网络,2025-10-28 10:52:06,23.8,38800,23.81,D
sz002517,恺英网络,2025-10-28 10:52:09,23.8,14500,23.8,D
sz002517,恺英网络,2025-10-28 10:52:12,23.81,68800,23.8,U
sz002517,恺英网络,2025-10-28 10:52:15,23.84,13400,23.81,U
sz002517,恺英网络,2025-10-28 10:52:48,23.86,11200,23.86,D
sz002517,恺英网络,2025-10-28 10:53:21,23.86,23300,23.86,U
sz002517,恺英网络,2025-10-28 10:53:27,23.85,23900,23.86,D
sz002517,恺英网络,2025-10-28 10:54:03,23.86,30700,23.85,U
sz002517,恺英网络,2025-10-28 10:54:06,23.86,14900,23.86,U
sz002517,恺英网络,2025-10-28 10:54:09,23.86,8500,23.86,U
sz002517,恺英网络,2025-10-28 10:54:12,23.85,34400,23.86,D
sz002517,恺英网络,2025-10-28 10:54:21,23.86,26000,23.86,U
sz002517,恺英网络,2025-10-28 10:54:27,23.87,38600,23.86,U
sz002517,恺英网络,2025-10-28 10:55:06,23.9,8400,23.89,U
sz002517,恺英网络,2025-10-28 10:55:24,23.89,10900,23.89,D
sz002517,恺英网络,2025-10-28 10:55:36,23.89,10200,23.89,D
sz002517,恺英网络,2025-10-28 10:55:57,23.89,9900,23.89,D
sz002517,恺英网络,2025-10-28 10:56:15,23.87,47100,23.89,D
sz002517,恺英网络,2025-10-28 10:56:18,23.87,9400,23.87,D
sz002517,恺英网络,2025-10-28 10:57:30,23.88,11500,23.88,U
sz002517,恺英网络,2025-10-28 10:58:00,23.9,12400,23.9,E
sz002517,恺英网络,2025-10-28 10:58:03,23.9,10200,23.9,D
sz002517,恺英网络,2025-10-28 10:58:21,23.89,20300,23.9,E
sz002517,恺英网络,2025-10-28 10:58:54,23.9,10300,23.88,U
sz002517,恺英网络,2025-10-28 10:59:18,23.89,9400,23.89,D
sz002517,恺英网络,2025-10-28 10:59:30,23.89,11600,23.9,D
sz002517,恺英网络,2025-10-28 11:00:21,23.91,53300,23.88,U
sz002517,恺英网络,2025-10-28 11:00:24,23.92,15600,23.91,U
sz002517,恺英网络,2025-10-28 11:00:45,23.91,21300,23.92,D
sz002517,恺英网络,2025-10-28 11:00:54,23.92,23700,23.91,U
sz002517,恺英网络,2025-10-28 11:00:57,23.92,17700,23.92,U
sz002517,恺英网络,2025-10-28 11:01:30,23.93,26500,23.93,U
sz002517,恺英网络,2025-10-28 11:01:33,23.93,9600,23.93,U
sz002517,恺英网络,2025-10-28 11:02:00,23.9,10400,23.92,D
sz002517,恺英网络,2025-10-28 11:02:33,23.9,9600,23.9,D
sz002517,恺英网络,2025-10-28 11:02:39,23.9,17900,23.9,D
sz002517,恺英网络,2025-10-28 11:02:42,23.89,13500,23.9,D
sz002517,恺英网络,2025-10-28 11:03:27,23.86,50000,23.89,D
sz002517,恺英网络,2025-10-28 11:03:36,23.88,9400,23.88,D
sz002517,恺英网络,2025-10-28 11:04:12,23.85,22100,23.88,D
sz002517,恺英网络,2025-10-28 11:04:33,23.87,21700,23.85,U
sz002517,恺英网络,2025-10-28 11:04:39,23.85,9000,23.85,U
sz002517,恺英网络,2025-10-28 11:04:42,23.85,8400,23.85,U
sz002517,恺英网络,2025-10-28 11:04:51,23.85,58000,23.85,E
sz002517,恺英网络,2025-10-28 11:04:57,23.87,15300,23.86,U
sz002517,恺英网络,2025-10-28 11:05:45,23.87,37000,23.84,U
sz002517,恺英网络,2025-10-28 11:05:54,23.86,81400,23.87,D
sz002517,恺英网络,2025-10-28 11:05:57,23.87,11500,23.86,U
sz002517,恺英网络,2025-10-28 11:06:00,23.86,10500,23.87,D
sz002517,恺英网络,2025-10-28 11:06:33,23.86,8500,23.86,D
sz002517,恺英网络,2025-10-28 11:06:48,23.87,60900,23.87,U
sz002517,恺英网络,2025-10-28 11:06:51,23.85,25100,23.87,D
sz002517,恺英网络,2025-10-28 11:06:57,23.9,20900,23.89,U
sz002517,恺英网络,2025-10-28 11:07:06,23.89,14600,23.9,D
sz002517,恺英网络,2025-10-28 11:07:57,23.9,45900,23.9,U
sz002517,恺英网络,2025-10-28 11:08:00,23.89,8900,23.9,D
sz002517,恺英网络,2025-10-28 11:08:03,23.89,20000,23.89,D
sz002517,恺英网络,2025-10-28 11:08:06,23.93,11600,23.89,U
sz002517,恺英网络,2025-10-28 11:08:09,23.91,8800,23.93,D
sz002517,恺英网络,2025-10-28 11:09:09,23.9,9000,23.92,D
sz002517,恺英网络,2025-10-28 11:09:15,23.9,9200,23.92,D
sz002517,恺英网络,2025-10-28 11:09:21,23.93,72400,23.92,U
sz002517,恺英网络,2025-10-28 11:09:24,23.92,23800,23.93,D
sz002517,恺英网络,2025-10-28 11:09:36,23.94,10600,23.92,D
sz002517,恺英网络,2025-10-28 11:09:48,23.98,31300,23.97,U
sz002517,恺英网络,2025-10-28 11:09:51,23.94,13300,23.98,D
sz002517,恺英网络,2025-10-28 11:09:57,23.96,13300,23.98,E
sz002517,恺英网络,2025-10-28 11:10:15,23.97,9300,23.97,U
sz002517,恺英网络,2025-10-28 11:10:36,23.95,8500,23.96,D
sz002517,恺英网络,2025-10-28 11:10:39,23.96,24700,23.95,U
sz002517,恺英网络,2025-10-28 11:10:45,23.95,10600,23.97,D
sz002517,恺英网络,2025-10-28 11:10:51,23.96,12600,23.97,E
sz002517,恺英网络,2025-10-28 11:10:57,23.96,8600,23.97,D
sz002517,恺英网络,2025-10-28 11:11:54,23.96,12900,23.94,U
sz002517,恺英网络,2025-10-28 11:11:57,23.95,8900,23.96,D
sz002517,恺英网络,2025-10-28 11:12:00,23.98,118300,23.95,U
sz002517,恺英网络,2025-10-28 11:12:03,23.97,9900,23.98,E
sz002517,恺英网络,2025-10-28 11:12:06,23.95,11100,23.97,D
sz002517,恺英网络,2025-10-28 11:13:57,23.95,9900,23.95,U
sz002517,恺英网络,2025-10-28 11:14:00,23.95,8900,23.95,U
sz002517,恺英网络,2025-10-28 11:14:03,23.98,21700,23.95,U
sz002517,恺英网络,2025-10-28 11:14:18,23.98,39400,23.98,U
sz002517,恺英网络,2025-10-28 11:14:21,23.98,11900,23.98,U
sz002517,恺英网络,2025-10-28 11:14:30,23.94,13800,23.97,D
sz002517,恺英网络,2025-10-28 11:14:36,23.93,15400,23.95,D
sz002517,恺英网络,2025-10-28 11:15:15,23.89,11400,23.9,D
sz002517,恺英网络,2025-10-28 11:15:18,23.89,11800,23.89,D
sz002517,恺英网络,2025-10-28 11:15:24,23.89,13000,23.89,D
sz002517,恺英网络,2025-10-28 11:15:27,23.89,18600,23.89,D
sz002517,恺英网络,2025-10-28 11:15:30,23.88,12500,23.89,D
sz002517,恺英网络,2025-10-28 11:15:36,23.88,12900,23.88,D
sz002517,恺英网络,2025-10-28 11:15:39,23.87,21600,23.88,D
sz002517,恺英网络,2025-10-28 11:15:42,23.86,15000,23.87,D
sz002517,恺英网络,2025-10-28 11:16:18,23.87,57400,23.87,D
sz002517,恺英网络,2025-10-28 11:16:21,23.87,21100,23.87,D
sz002517,恺英网络,2025-10-28 11:16:27,23.87,10700,23.89,D
sz002517,恺英网络,2025-10-28 11:16:30,23.89,16200,23.87,U
sz002517,恺英网络,2025-10-28 11:16:36,23.87,9100,23.88,D
sz002517,恺英网络,2025-10-28 11:16:39,23.91,66600,23.87,U
sz002517,恺英网络,2025-10-28 11:16:42,23.87,12600,23.91,D
sz002517,恺英网络,2025-10-28 11:16:48,23.91,37600,23.9,U
sz002517,恺英网络,2025-10-28 11:16:54,23.91,27300,23.91,U
sz002517,恺英网络,2025-10-28 11:16:57,23.88,13900,23.91,D
sz002517,恺英网络,2025-10-28 11:17:00,23.92,53000,23.88,E
sz002517,恺英网络,2025-10-28 11:17:03,23.93,8500,23.92,U
sz002517,恺英网络,2025-10-28 11:17:09,23.91,51600,23.93,D
sz002517,恺英网络,2025-10-28 11:17:12,23.91,20700,23.91,U
sz002517,恺英网络,2025-10-28 11:17:18,23.93,12800,23.94,U
sz002517,恺英网络,2025-10-28 11:17:27,23.94,10500,23.9,U
sz002517,恺英网络,2025-10-28 11:17:30,23.89,9000,23.94,D
sz002517,恺英网络,2025-10-28 11:17:36,23.89,10300,23.9,D
sz002517,恺英网络,2025-10-28 11:17:42,23.9,8800,23.89,D
sz002517,恺英网络,2025-10-28 11:17:51,23.89,11600,23.9,D
sz002517,恺英网络,2025-10-28 11:18:09,23.9,48900,23.9,U
sz002517,恺英网络,2025-10-28 11:18:12,23.93,13300,23.9,U
sz002517,恺英网络,2025-10-28 11:18:15,23.91,9200,23.93,D
sz002517,恺英网络,2025-10-28 11:19:03,23.95,14800,23.95,U
sz002517,恺英网络,2025-10-28 11:19:06,23.95,11300,23.95,U
sz002517,恺英网络,2025-10-28 11:19:12,23.95,17500,23.94,U
sz002517,恺英网络,2025-10-28 11:19:15,23.95,12300,23.95,U
sz002517,恺英网络,2025-10-28 11:19:21,23.93,9800,23.94,E
sz002517,恺英网络,2025-10-28 11:19:27,23.9,8400,23.91,D
sz002517,恺英网络,2025-10-28 11:19:51,23.93,9600,23.9,U
sz002517,恺英网络,2025-10-28 11:20:00,23.89,15200,23.9,D
sz002517,恺英网络,2025-10-28 11:20:03,23.89,19400,23.89,D
sz002517,恺英网络,2025-10-28 11:20:09,23.88,8700,23.88,D
sz002517,恺英网络,2025-10-28 11:20:30,23.9,35800,23.89,U
sz002517,恺英网络,2025-10-28 11:20:33,23.93,12900,23.9,U
sz002517,恺英网络,2025-10-28 11:21:00,23.9,13400,23.92,D
sz002517,恺英网络,2025-10-28 11:21:06,23.91,37300,23.9,E
sz002517,恺英网络,2025-10-28 11:21:09,23.92,12500,23.91,U
sz002517,恺英网络,2025-10-28 11:21:18,23.9,17300,23.92,D
sz002517,恺英网络,2025-10-28 11:21:30,23.89,20400,23.9,D
sz002517,恺英网络,2025-10-28 11:21:36,23.9,9900,23.9,U
sz002517,恺英网络,2025-10-28 11:22:03,23.92,29000,23.9,U
sz002517,恺英网络,2025-10-28 11:22:06,23.89,16500,23.92,D
sz002517,恺英网络,2025-10-28 11:22:36,23.93,13300,23.93,U
sz002517,恺英网络,2025-10-28 11:22:39,23.93,14100,23.93,U
sz002517,恺英网络,2025-10-28 11:22:48,23.94,14000,23.93,U
sz002517,恺英网络,2025-10-28 11:22:57,23.95,16300,23.94,U
sz002517,恺英网络,2025-10-28 11:23:12,23.97,10000,23.97,D
sz002517,恺英网络,2025-10-28 11:23:33,23.95,26800,23.97,D
sz002517,恺英网络,2025-10-28 11:23:36,23.94,16200,23.95,D
sz002517,恺英网络,2025-10-28 11:23:42,23.94,11900,23.94,D
sz002517,恺英网络,2025-10-28 11:24:24,23.98,51200,23.98,U
sz002517,恺英网络,2025-10-28 11:24:27,23.99,17400,23.98,U
sz002517,恺英网络,2025-10-28 11:24:33,23.99,8700,23.99,D
sz002517,恺英网络,2025-10-28 11:24:48,23.97,9900,23.99,D
sz002517,恺英网络,2025-10-28 11:25:00,23.97,16800,23.99,D
sz002517,恺英网络,2025-10-28 11:25:24,23.96,34100,23.96,D
sz002517,恺英网络,2025-10-28 11:25:27,23.96,9800,23.96,U
sz002517,恺英网络,2025-10-28 11:25:30,23.95,29300,23.96,D
sz002517,恺英网络,2025-10-28 11:25:51,23.98,8800,23.98,D
sz002517,恺英网络,2025-10-28 11:27:30,23.96,19200,23.99,D
sz002517,恺英网络,2025-10-28 11:27:33,23.96,13100,23.96,U
sz002517,恺英网络,2025-10-28 11:27:51,23.95,11000,23.96,D
sz002517,恺英网络,2025-10-28 11:28:06,23.93,10700,23.94,D
sz002517,恺英网络,2025-10-28 11:28:21,23.94,8900,23.94,U
sz002517,恺英网络,2025-10-28 11:28:27,23.9,50800,23.93,D
sz002517,恺英网络,2025-10-28 11:28:30,23.91,13800,23.9,D
sz002517,恺英网络,2025-10-28 11:28:33,23.91,57400,23.91,D
sz002517,恺英网络,2025-10-28 11:28:36,23.99,33300,23.91,U
sz002517,恺英网络,2025-10-28 11:28:42,23.99,30600,23.91,U
sz002517,恺英网络,2025-10-28 11:28:48,23.92,30200,23.94,D
sz002517,恺英网络,2025-10-28 11:28:51,23.93,30300,23.92,U
sz002517,恺英网络,2025-10-28 11:28:54,24.0,35000,23.93,U
sz002517,恺英网络,2025-10-28 11:29:00,24.0,36300,23.93,U
sz002517,恺英网络,2025-10-28 11:29:03,24.0,63300,24.0,U
sz002517,恺英网络,2025-10-28 11:29:09,23.92,27600,23.94,D
sz002517,恺英网络,2025-10-28 11:29:15,23.91,12000,23.94,D
sz002517,恺英网络,2025-10-28 11:29:24,23.9,31000,23.9,U
