symbol,name,ticktime,price,volume,prev_price,kind
sz002517,恺英网络,2025-10-30 09:25:00,25.35,421300,0.0,U
sz002517,恺英网络,2025-10-30 09:30:00,25.34,95300,25.35,D
sz002517,恺英网络,2025-10-30 09:30:03,25.24,216000,25.34,D
sz002517,恺英网络,2025-10-30 09:30:06,25.17,128700,25.24,D
sz002517,恺英网络,2025-10-30 09:30:09,25.21,49000,25.17,U
sz002517,恺英网络,2025-10-30 09:30:12,25.13,51800,25.21,E
sz002517,恺英网络,2025-10-30 09:30:15,25.18,41300,25.13,U
sz002517,恺英网络,2025-10-30 09:30:18,25.21,103900,25.18,U
sz002517,恺英网络,2025-10-30 09:30:21,25.17,83200,25.21,D
sz002517,恺英网络,2025-10-30 09:30:24,25.15,19300,25.17,D
sz002517,恺英网络,2025-10-30 09:30:27,25.09,25400,25.15,E
sz002517,恺英网络,2025-10-30 09:30:30,25.14,92800,25.09,E
sz002517,恺英网络,2025-10-30 09:30:33,25.15,49400,25.14,D
sz002517,恺英网络,2025-10-30 09:30:36,25.2,56500,25.15,U
sz002517,恺英网络,2025-10-30 09:30:39,25.1,84200,25.2,D
sz002517,恺英网络,2025-10-30 09:30:42,25.17,30700,25.1,U
sz002517,恺英网络,2025-10-30 09:30:45,25.16,24000,25.17,D
sz002517,恺英网络,2025-10-30 09:30:48,25.17,49800,25.16,U
sz002517,恺英网络,2025-10-30 09:30:51,25.16,79900,25.17,D
sz002517,恺英网络,2025-10-30 09:30:54,25.1,22900,25.16,D
sz002517,恺英网络,2025-10-30 09:30:57,25.07,62800,25.1,D
sz002517,恺英网络,2025-10-30 09:31:00,25.04,49400,25.07,D
sz002517,恺英网络,2025-10-30 09:31:03,25.0,80000,25.04,D
sz002517,恺英网络,2025-10-30 09:31:06,25.0,57800,25.0,U
sz002517,恺英网络,2025-10-30 09:31:09,25.0,24300,25.0,E
sz002517,恺英网络,2025-10-30 09:31:12,25.0,32800,25.0,D
sz002517,恺英网络,2025-10-30 09:31:15,24.99,35900,25.0,D
sz002517,恺英网络,2025-10-30 09:31:18,24.96,56100,24.99,D
sz002517,恺英网络,2025-10-30 09:31:21,24.95,38600,24.96,D
sz002517,恺英网络,2025-10-30 09:31:24,24.88,29700,24.95,D
sz002517,恺英网络,2025-10-30 09:31:27,24.87,15900,24.88,D
sz002517,恺英网络,2025-10-30 09:31:30,24.85,75500,24.87,D
sz002517,恺英网络,2025-10-30 09:31:33,24.88,95600,24.85,U
sz002517,恺英网络,2025-10-30 09:31:36,24.9,74700,24.88,U
sz002517,恺英网络,2025-10-30 09:31:39,24.89,45900,24.9,E
sz002517,恺英网络,2025-10-30 09:31:42,24.88,33400,24.89,D
sz002517,恺英网络,2025-10-30 09:31:45,24.85,73400,24.88,D
sz002517,恺英网络,2025-10-30 09:31:48,24.87,95300,24.85,U
sz002517,恺英网络,2025-10-30 09:31:51,24.86,59200,24.87,E
sz002517,恺英网络,2025-10-30 09:31:54,24.83,39100,24.86,D
sz002517,恺英网络,2025-10-30 09:31:57,24.83,59300,24.83,D
sz002517,恺英网络,2025-10-30 09:32:00,24.85,95400,24.83,U
sz002517,恺英网络,2025-10-30 09:32:03,24.85,28300,24.85,D
sz002517,恺英网络,2025-10-30 09:32:06,24.86,26100,24.85,E
sz002517,恺英网络,2025-10-30 09:32:09,24.9,52300,24.86,U
sz002517,恺英网络,2025-10-30 09:32:12,24.91,20700,24.9,E
sz002517,恺英网络,2025-10-30 09:32:15,24.85,49300,24.91,D
sz002517,恺英网络,2025-10-30 09:32:18,24.85,29700,24.85,U
sz002517,恺英网络,2025-10-30 09:32:21,24.85,34000,24.85,D
sz002517,恺英网络,2025-10-30 09:32:24,24.85,19400,24.85,D
sz002517,恺英网络,2025-10-30 09:32:27,24.86,18200,24.85,D
sz002517,恺英网络,2025-10-30 09:32:30,24.86,52600,24.86,D
sz002517,恺英网络,2025-10-30 09:32:33,24.81,44400,24.86,D
sz002517,恺英网络,2025-10-30 09:32:36,24.81,125800,24.81,D
sz002517,恺英网络,2025-10-30 09:32:39,24.81,40200,24.81,U
sz002517,恺英网络,2025-10-30 09:32:42,24.8,12000,24.81,D
sz002517,恺英网络,2025-10-30 09:32:45,24.77,27500,24.8,D
sz002517,恺英网络,2025-10-30 09:32:48,24.78,29800,24.77,U
sz002517,恺英网络,2025-10-30 09:32:51,24.8,10000,24.78,U
sz002517,恺英网络,2025-10-30 09:32:54,24.78,42400,24.8,D
sz002517,恺英网络,2025-10-30 09:32:57,24.77,17400,24.78,E
sz002517,恺英网络,2025-10-30 09:33:00,24.71,89400,24.77,D
sz002517,恺英网络,2025-10-30 09:33:03,24.71,18200,24.71,D
sz002517,恺英网络,2025-10-30 09:33:06,24.68,11700,24.71,D
sz002517,恺英网络,2025-10-30 09:33:09,24.67,30200,24.68,D
sz002517,恺英网络,2025-10-30 09:33:12,24.69,48400,24.67,E
sz002517,恺英网络,2025-10-30 09:33:15,24.68,80200,24.69,D
sz002517,恺英网络,2025-10-30 09:33:18,24.67,41600,24.68,D
sz002517,恺英网络,2025-10-30 09:33:21,24.67,25600,24.67,D
sz002517,恺英网络,2025-10-30 09:33:24,24.68,73400,24.67,U
sz002517,恺英网络,2025-10-30 09:33:27,24.69,16100,24.68,E
sz002517,恺英网络,2025-10-30 09:33:30,24.7,17000,24.69,U
sz002517,恺英网络,2025-10-30 09:33:33,24.72,10500,24.7,E
sz002517,恺英网络,2025-10-30 09:33:36,24.7,30000,24.72,D
sz002517,恺英网络,2025-10-30 09:33:39,24.72,17200,24.7,E
sz002517,恺英网络,2025-10-30 09:33:45,24.72,12300,24.72,U
sz002517,恺英网络,2025-10-30 09:33:48,24.73,84900,24.72,U
sz002517,恺英网络,2025-10-30 09:33:51,24.72,23800,24.73,D
sz002517,恺英网络,2025-10-30 09:33:54,24.69,69000,24.72,D
sz002517,恺英网络,2025-10-30 09:33:57,24.69,22800,24.69,U
sz002517,恺英网络,2025-10-30 09:34:00,24.69,9900,24.69,U
sz002517,恺英网络,2025-10-30 09:34:03,24.69,38100,24.69,D
sz002517,恺英网络,2025-10-30 09:34:06,24.69,76800,24.69,D
sz002517,恺英网络,2025-10-30 09:34:09,24.67,23600,24.69,D
sz002517,恺英网络,2025-10-30 09:34:15,24.65,146200,24.69,D
sz002517,恺英网络,2025-10-30 09:34:18,24.65,60500,24.65,D
sz002517,恺英网络,2025-10-30 09:34:21,24.63,11700,24.65,D
sz002517,恺英网络,2025-10-30 09:34:24,24.62,15900,24.63,D
sz002517,恺英网络,2025-10-30 09:34:27,24.63,17600,24.62,U
sz002517,恺英网络,2025-10-30 09:34:30,24.63,35800,24.63,U
sz002517,恺英网络,2025-10-30 09:34:33,24.62,42900,24.63,D
sz002517,恺英网络,2025-10-30 09:34:36,24.63,10200,24.62,E
sz002517,恺英网络,2025-10-30 09:34:39,24.62,12700,24.63,D
sz002517,恺英网络,2025-10-30 09:34:42,24.63,42800,24.62,U
sz002517,恺英网络,2025-10-30 09:34:45,24.62,20400,24.63,D
sz002517,恺英网络,2025-10-30 09:34:48,24.63,25800,24.62,U
sz002517,恺英网络,2025-10-30 09:34:51,24.63,34600,24.63,U
sz002517,恺英网络,2025-10-30 09:34:54,24.62,92200,24.63,D
sz002517,恺英网络,2025-10-30 09:34:57,24.59,92100,24.62,D
sz002517,恺英网络,2025-10-30 09:35:00,24.6,42300,24.59,U
sz002517,恺英网络,2025-10-30 09:35:03,24.6,24900,24.6,U
sz002517,恺英网络,2025-10-30 09:35:06,24.58,16800,24.6,D
sz002517,恺英网络,2025-10-30 09:35:09,24.6,75400,24.58,U
sz002517,恺英网络,2025-10-30 09:35:12,24.59,32600,24.6,D
sz002517,恺英网络,2025-10-30 09:35:15,24.58,30800,24.59,D
sz002517,恺英网络,2025-10-30 09:35:18,24.58,35400,24.58,D
sz002517,恺英网络,2025-10-30 09:35:21,24.58,45200,24.58,D
sz002517,恺英网络,2025-10-30 09:35:24,24.57,38600,24.58,E
sz002517,恺英网络,2025-10-30 09:35:27,24.56,25700,24.57,D
sz002517,恺英网络,2025-10-30 09:35:30,24.56,36100,24.56,D
sz002517,恺英网络,2025-10-30 09:35:33,24.57,20800,24.56,E
sz002517,恺英网络,2025-10-30 09:35:36,24.55,26100,24.57,D
sz002517,恺英网络,2025-10-30 09:35:39,24.56,23800,24.55,E
sz002517,恺英网络,2025-10-30 09:35:42,24.57,10600,24.56,U
sz002517,恺英网络,2025-10-30 09:35:45,24.55,36500,24.57,D
sz002517,恺英网络,2025-10-30 09:35:48,24.56,17600,24.55,U
sz002517,恺英网络,2025-10-30 09:35:51,24.54,70500,24.56,D
sz002517,恺英网络,2025-10-30 09:35:54,24.54,17200,24.54,D
sz002517,恺英网络,2025-10-30 09:35:57,24.54,14100,24.54,D
sz002517,恺英网络,2025-10-30 09:36:00,24.55,38700,24.54,U
sz002517,恺英网络,2025-10-30 09:36:03,24.54,35100,24.55,D
sz002517,恺英网络,2025-10-30 09:36:06,24.54,49700,24.54,D
sz002517,恺英网络,2025-10-30 09:36:09,24.54,32900,24.54,U
sz002517,恺英网络,2025-10-30 09:36:12,24.54,42600,24.54,U
sz002517,恺英网络,2025-10-30 09:36:15,24.54,22700,24.54,U
sz002517,恺英网络,2025-10-30 09:36:18,24.53,73500,24.54,D
sz002517,恺英网络,2025-10-30 09:36:21,24.52,147600,24.53,E
sz002517,恺英网络,2025-10-30 09:36:24,24.49,59300,24.52,D
sz002517,恺英网络,2025-10-30 09:36:27,24.43,27900,24.49,D
sz002517,恺英网络,2025-10-30 09:36:30,24.43,39700,24.43,U
sz002517,恺英网络,2025-10-30 09:36:33,24.44,39100,24.43,E
sz002517,恺英网络,2025-10-30 09:36:36,24.44,31400,24.44,D
sz002517,恺英网络,2025-10-30 09:36:39,24.49,44000,24.44,U
sz002517,恺英网络,2025-10-30 09:36:42,24.47,56000,24.49,D
sz002517,恺英网络,2025-10-30 09:36:45,24.44,31500,24.47,D
sz002517,恺英网络,2025-10-30 09:36:48,24.41,70400,24.44,D
sz002517,恺英网络,2025-10-30 09:36:51,24.4,37900,24.41,D
sz002517,恺英网络,2025-10-30 09:36:54,24.4,39500,24.4,D
sz002517,恺英网络,2025-10-30 09:36:57,24.4,70800,24.4,D
sz002517,恺英网络,2025-10-30 09:37:00,24.39,111700,24.4,E
sz002517,恺英网络,2025-10-30 09:37:03,24.36,60500,24.39,D
sz002517,恺英网络,2025-10-30 09:37:06,24.36,46800,24.36,D
sz002517,恺英网络,2025-10-30 09:37:09,24.37,83300,24.36,D
sz002517,恺英网络,2025-10-30 09:37:12,24.37,64400,24.37,D
sz002517,恺英网络,2025-10-30 09:37:15,24.35,121900,24.37,D
sz002517,恺英网络,2025-10-30 09:37:18,24.35,190700,24.35,D
sz002517,恺英网络,2025-10-30 09:37:21,24.35,35300,24.35,U
sz002517,恺英网络,2025-10-30 09:37:24,24.35,21400,24.35,D
sz002517,恺英网络,2025-10-30 09:37:27,24.33,59400,24.35,D
sz002517,恺英网络,2025-10-30 09:37:30,24.36,30500,24.33,U
sz002517,恺英网络,2025-10-30 09:37:33,24.37,119900,24.36,E
sz002517,恺英网络,2025-10-30 09:37:36,24.41,90200,24.37,U
sz002517,恺英网络,2025-10-30 09:37:39,24.38,41800,24.41,D
sz002517,恺英网络,2025-10-30 09:37:42,24.38,90900,24.38,U
sz002517,恺英网络,2025-10-30 09:37:45,24.4,56200,24.38,U
sz002517,恺英网络,2025-10-30 09:37:48,24.4,60900,24.4,U
sz002517,恺英网络,2025-10-30 09:37:51,24.4,28000,24.4,U
sz002517,恺英网络,2025-10-30 09:37:54,24.41,24500,24.4,U
sz002517,恺英网络,2025-10-30 09:37:57,24.4,36500,24.41,D
sz002517,恺英网络,2025-10-30 09:38:00,24.4,39900,24.4,U
sz002517,恺英网络,2025-10-30 09:38:03,24.42,32700,24.4,U
sz002517,恺英网络,2025-10-30 09:38:06,24.4,58300,24.42,D
sz002517,恺英网络,2025-10-30 09:38:09,24.4,48900,24.4,U
sz002517,恺英网络,2025-10-30 09:38:12,24.4,79900,24.4,U
sz002517,恺英网络,2025-10-30 09:38:15,24.37,229000,24.4,D
sz002517,恺英网络,2025-10-30 09:38:18,24.35,62800,24.37,D
sz002517,恺英网络,2025-10-30 09:38:21,24.37,38400,24.35,U
sz002517,恺英网络,2025-10-30 09:38:24,24.4,13600,24.37,E
sz002517,恺英网络,2025-10-30 09:38:27,24.36,101400,24.4,D
sz002517,恺英网络,2025-10-30 09:38:30,24.36,19000,24.36,D
sz002517,恺英网络,2025-10-30 09:38:33,24.36,112500,24.36,D
sz002517,恺英网络,2025-10-30 09:38:36,24.36,26600,24.36,U
sz002517,恺英网络,2025-10-30 09:38:39,24.31,301800,24.36,D
sz002517,恺英网络,2025-10-30 09:38:42,24.29,25900,24.31,D
sz002517,恺英网络,2025-10-30 09:38:45,24.29,89900,24.29,D
sz002517,恺英网络,2025-10-30 09:38:48,24.28,65700,24.29,D
sz002517,恺英网络,2025-10-30 09:38:51,24.26,67800,24.28,D
sz002517,恺英网络,2025-10-30 09:38:54,24.26,190500,24.26,U
sz002517,恺英网络,2025-10-30 09:38:57,24.3,39000,24.26,U
sz002517,恺英网络,2025-10-30 09:39:00,24.28,16000,24.3,E
sz002517,恺英网络,2025-10-30 09:39:03,24.28,43900,24.28,D
sz002517,恺英网络,2025-10-30 09:39:06,24.28,41900,24.28,D
sz002517,恺英网络,2025-10-30 09:39:09,24.28,57500,24.28,U
sz002517,恺英网络,2025-10-30 09:39:12,24.27,75600,24.28,D
sz002517,恺英网络,2025-10-30 09:39:15,24.19,250500,24.27,D
sz002517,恺英网络,2025-10-30 09:39:18,24.16,117400,24.19,D
sz002517,恺英网络,2025-10-30 09:39:21,24.12,27300,24.16,D
sz002517,恺英网络,2025-10-30 09:39:24,24.15,48100,24.12,U
sz002517,恺英网络,2025-10-30 09:39:27,24.13,102300,24.15,E
sz002517,恺英网络,2025-10-30 09:39:30,24.12,51600,24.13,E
sz002517,恺英网络,2025-10-30 09:39:33,24.1,130300,24.12,D
sz002517,恺英网络,2025-10-30 09:39:36,24.1,36200,24.1,U
sz002517,恺英网络,2025-10-30 09:39:39,24.1,79500,24.1,U
sz002517,恺英网络,2025-10-30 09:39:42,24.1,50100,24.1,D
sz002517,恺英网络,2025-10-30 09:39:45,24.1,25600,24.1,D
sz002517,恺英网络,2025-10-30 09:39:48,24.1,129900,24.1,D
sz002517,恺英网络,2025-10-30 09:39:51,24.09,30200,24.1,E
sz002517,恺英网络,2025-10-30 09:39:54,24.07,86900,24.09,D
sz002517,恺英网络,2025-10-30 09:39:57,24.07,50700,24.07,U
sz002517,恺英网络,2025-10-30 09:40:00,24.0,193100,24.07,D
sz002517,恺英网络,2025-10-30 09:40:03,23.98,233600,24.0,D
sz002517,恺英网络,2025-10-30 09:40:06,24.04,50900,23.98,U
sz002517,恺英网络,2025-10-30 09:40:09,24.05,38000,24.04,U
sz002517,恺英网络,2025-10-30 09:40:12,24.07,43300,24.05,U
sz002517,恺英网络,2025-10-30 09:40:15,24.03,93700,24.07,D
sz002517,恺英网络,2025-10-30 09:40:18,24.05,71600,24.03,E
sz002517,恺英网络,2025-10-30 09:40:21,24.05,143400,24.05,U
sz002517,恺英网络,2025-10-30 09:40:24,24.05,152900,24.05,U
sz002517,恺英网络,2025-10-30 09:40:27,24.04,46800,24.05,E
sz002517,恺英网络,2025-10-30 09:40:30,24.04,56700,24.04,U
sz002517,恺英网络,2025-10-30 09:40:33,24.04,65000,24.04,U
sz002517,恺英网络,2025-10-30 09:40:36,24.05,39700,24.04,U
sz002517,恺英网络,2025-10-30 09:40:39,24.05,100000,24.05,E
sz002517,恺英网络,2025-10-30 09:40:42,24.05,175800,24.05,U
sz002517,恺英网络,2025-10-30 09:40:45,24.06,54600,24.05,D
sz002517,恺英网络,2025-10-30 09:40:48,24.07,56100,24.06,E
sz002517,恺英网络,2025-10-30 09:40:51,24.05,276400,24.07,D
sz002517,恺英网络,2025-10-30 09:40:54,24.06,119800,24.05,U
sz002517,恺英网络,2025-10-30 09:40:57,24.06,55100,24.06,U
sz002517,恺英网络,2025-10-30 09:41:00,24.05,239800,24.06,D
sz002517,恺英网络,2025-10-30 09:41:03,24.05,103050,24.05,U
sz002517,恺英网络,2025-10-30 09:41:06,23.97,285850,24.05,D
sz002517,恺英网络,2025-10-30 09:41:09,23.97,64500,23.97,U
sz002517,恺英网络,2025-10-30 09:41:12,23.97,72100,23.97,U
sz002517,恺英网络,2025-10-30 09:41:15,23.97,40900,23.97,D
sz002517,恺英网络,2025-10-30 09:41:18,23.99,52700,23.97,U
sz002517,恺英网络,2025-10-30 09:41:21,24.03,132400,23.99,U
sz002517,恺英网络,2025-10-30 09:41:24,23.99,71300,24.03,E
sz002517,恺英网络,2025-10-30 09:41:27,23.98,31000,23.99,D
sz002517,恺英网络,2025-10-30 09:41:30,24.01,153000,23.98,E
sz002517,恺英网络,2025-10-30 09:41:33,24.0,179300,24.01,D
sz002517,恺英网络,2025-10-30 09:41:36,23.98,93500,24.0,D
sz002517,恺英网络,2025-10-30 09:41:39,23.98,100725,23.98,D
sz002517,恺英网络,2025-10-30 09:41:42,23.99,31725,23.98,U
sz002517,恺英网络,2025-10-30 09:41:45,23.98,97200,23.99,D
sz002517,恺英网络,2025-10-30 09:41:48,23.98,110350,23.98,D
sz002517,恺英网络,2025-10-30 09:41:51,23.99,69100,23.98,U
sz002517,恺英网络,2025-10-30 09:41:54,23.98,66350,23.99,D
sz002517,恺英网络,2025-10-30 09:41:57,23.99,29400,23.98,U
sz002517,恺英网络,2025-10-30 09:42:00,23.99,27000,23.99,U
sz002517,恺英网络,2025-10-30 09:42:03,23.99,51100,23.99,D
sz002517,恺英网络,2025-10-30 09:42:06,23.99,26200,23.99,D
sz002517,恺英网络,2025-10-30 09:42:09,24.0,58600,23.99,U
sz002517,恺英网络,2025-10-30 09:42:12,24.01,10000,24.0,U
sz002517,恺英网络,2025-10-30 09:42:15,24.01,30900,24.01,U
sz002517,恺英网络,2025-10-30 09:42:18,24.01,26500,24.01,D
sz002517,恺英网络,2025-10-30 09:42:21,23.99,136200,24.01,D
sz002517,恺英网络,2025-10-30 09:42:24,23.96,63000,23.99,D
sz002517,恺英网络,2025-10-30 09:42:27,23.97,28800,23.96,U
sz002517,恺英网络,2025-10-30 09:42:30,23.96,20300,23.97,E
sz002517,恺英网络,2025-10-30 09:42:33,23.96,37900,23.96,D
sz002517,恺英网络,2025-10-30 09:42:36,23.94,86600,23.96,D
sz002517,恺英网络,2025-10-30 09:42:39,23.93,155600,23.94,D
sz002517,恺英网络,2025-10-30 09:42:42,23.93,44300,23.93,U
sz002517,恺英网络,2025-10-30 09:42:45,23.97,49700,23.93,U
sz002517,恺英网络,2025-10-30 09:42:48,23.96,12000,23.97,D
sz002517,恺英网络,2025-10-30 09:42:51,24.01,36400,23.96,U
sz002517,恺英网络,2025-10-30 09:42:54,24.0,31800,24.01,D
sz002517,恺英网络,2025-10-30 09:42:57,23.97,30900,24.0,D
sz002517,恺英网络,2025-10-30 09:43:00,23.98,49400,23.97,U
sz002517,恺英网络,2025-10-30 09:43:03,23.95,106700,23.98,D
sz002517,恺英网络,2025-10-30 09:43:06,23.94,83600,23.95,E
sz002517,恺英网络,2025-10-30 09:43:09,23.95,18900,23.94,U
sz002517,恺英网络,2025-10-30 09:43:12,23.93,50150,23.95,D
sz002517,恺英网络,2025-10-30 09:43:15,23.94,34200,23.93,D
sz002517,恺英网络,2025-10-30 09:43:21,23.95,11700,23.95,U
sz002517,恺英网络,2025-10-30 09:43:24,23.94,22800,23.95,D
sz002517,恺英网络,2025-10-30 09:43:27,23.95,36800,23.94,U
sz002517,恺英网络,2025-10-30 09:43:30,23.92,140750,23.95,D
sz002517,恺英网络,2025-10-30 09:43:33,23.92,28800,23.92,D
sz002517,恺英网络,2025-10-30 09:43:36,23.93,95900,23.92,U
sz002517,恺英网络,2025-10-30 09:43:39,23.93,60800,23.93,D
sz002517,恺英网络,2025-10-30 09:43:42,23.93,30500,23.93,D
sz002517,恺英网络,2025-10-30 09:43:45,23.93,80800,23.93,D
sz002517,恺英网络,2025-10-30 09:43:48,23.93,17100,23.93,U
sz002517,恺英网络,2025-10-30 09:43:54,23.92,40800,23.93,D
sz002517,恺英网络,2025-10-30 09:43:57,23.92,33800,23.92,D
sz002517,恺英网络,2025-10-30 09:44:00,23.92,30300,23.92,D
sz002517,恺英网络,2025-10-30 09:44:03,23.93,19400,23.92,U
sz002517,恺英网络,2025-10-30 09:44:06,23.93,38300,23.93,U
sz002517,恺英网络,2025-10-30 09:44:09,23.95,41000,23.93,U
sz002517,恺英网络,2025-10-30 09:44:12,23.94,68600,23.95,D
sz002517,恺英网络,2025-10-30 09:44:15,23.94,26700,23.94,U
sz002517,恺英网络,2025-10-30 09:44:18,23.95,12100,23.94,U
sz002517,恺英网络,2025-10-30 09:44:21,23.95,11500,23.95,U
sz002517,恺英网络,2025-10-30 09:44:24,23.97,26800,23.95,U
sz002517,恺英网络,2025-10-30 09:44:27,23.96,21400,23.97,E
sz002517,恺英网络,2025-10-30 09:44:30,23.96,12100,23.96,D
sz002517,恺英网络,2025-10-30 09:44:33,23.97,60700,23.96,U
sz002517,恺英网络,2025-10-30 09:44:36,23.98,23800,23.97,U
sz002517,恺英网络,2025-10-30 09:44:39,23.97,19000,23.98,D
sz002517,恺英网络,2025-10-30 09:44:42,23.98,9500,23.97,E
sz002517,恺英网络,2025-10-30 09:44:48,24.0,9300,24.0,U
sz002517,恺英网络,2025-10-30 09:44:51,24.0,10400,24.0,D
sz002517,恺英网络,2025-10-30 09:44:54,24.01,48300,24.0,U
sz002517,恺英网络,2025-10-30 09:45:00,24.01,14400,24.02,D
sz002517,恺英网络,2025-10-30 09:45:03,24.01,52000,24.01,D
sz002517,恺英网络,2025-10-30 09:45:06,24.03,98300,24.01,U
sz002517,恺英网络,2025-10-30 09:45:09,24.04,10700,24.03,E
sz002517,恺英网络,2025-10-30 09:45:12,24.03,17700,24.04,D
sz002517,恺英网络,2025-10-30 09:45:15,24.09,61200,24.03,U
sz002517,恺英网络,2025-10-30 09:45:18,24.05,25400,24.09,D
sz002517,恺英网络,2025-10-30 09:45:21,24.05,57400,24.05,E
sz002517,恺英网络,2025-10-30 09:45:24,24.0,74400,24.05,D
sz002517,恺英网络,2025-10-30 09:45:27,24.04,57532,24.0,U
sz002517,恺英网络,2025-10-30 09:45:30,24.03,44968,24.04,D
sz002517,恺英网络,2025-10-30 09:45:33,24.0,44300,24.03,D
sz002517,恺英网络,2025-10-30 09:45:36,24.0,61500,24.0,D
sz002517,恺英网络,2025-10-30 09:45:39,24.01,49100,24.0,D
sz002517,恺英网络,2025-10-30 09:45:42,24.0,49100,24.01,D
sz002517,恺英网络,2025-10-30 09:45:45,24.01,56200,24.0,E
sz002517,恺英网络,2025-10-30 09:45:48,24.01,230600,24.01,D
sz002517,恺英网络,2025-10-30 09:45:51,23.98,18600,24.01,D
sz002517,恺英网络,2025-10-30 09:45:54,23.98,36900,23.98,D
sz002517,恺英网络,2025-10-30 09:45:57,23.99,55500,23.98,E
sz002517,恺英网络,2025-10-30 09:46:00,24.0,16000,23.99,E
sz002517,恺英网络,2025-10-30 09:46:03,23.97,109900,24.0,D
sz002517,恺英网络,2025-10-30 09:46:06,23.95,212800,23.97,D
sz002517,恺英网络,2025-10-30 09:46:09,23.95,35100,23.95,D
sz002517,恺英网络,2025-10-30 09:46:12,23.94,38100,23.95,D
sz002517,恺英网络,2025-10-30 09:46:15,23.93,76100,23.94,D
sz002517,恺英网络,2025-10-30 09:46:18,23.9,646700,23.93,D
sz002517,恺英网络,2025-10-30 09:46:21,23.88,22600,23.9,E
sz002517,恺英网络,2025-10-30 09:46:27,23.88,48400,23.86,U
sz002517,恺英网络,2025-10-30 09:46:30,23.86,72800,23.88,D
sz002517,恺英网络,2025-10-30 09:46:33,23.86,20000,23.86,D
sz002517,恺英网络,2025-10-30 09:46:36,23.86,29400,23.86,U
sz002517,恺英网络,2025-10-30 09:46:39,23.86,57100,23.86,D
sz002517,恺英网络,2025-10-30 09:46:42,23.86,24800,23.86,D
sz002517,恺英网络,2025-10-30 09:46:45,23.86,35200,23.86,D
sz002517,恺英网络,2025-10-30 09:46:48,23.86,113300,23.86,D
sz002517,恺英网络,2025-10-30 09:46:51,23.84,222600,23.86,D
sz002517,恺英网络,2025-10-30 09:46:54,23.81,33800,23.84,D
sz002517,恺英网络,2025-10-30 09:46:57,23.83,56400,23.81,U
sz002517,恺英网络,2025-10-30 09:47:00,23.78,166400,23.83,D
sz002517,恺英网络,2025-10-30 09:47:03,23.8,84000,23.78,U
sz002517,恺英网络,2025-10-30 09:47:06,23.78,87600,23.8,D
sz002517,恺英网络,2025-10-30 09:47:09,23.82,12000,23.78,E
sz002517,恺英网络,2025-10-30 09:47:12,23.84,24600,23.82,U
sz002517,恺英网络,2025-10-30 09:47:18,23.88,27500,23.83,U
sz002517,恺英网络,2025-10-30 09:47:27,23.88,32500,23.87,U
sz002517,恺英网络,2025-10-30 09:47:30,23.88,73800,23.88,D
sz002517,恺英网络,2025-10-30 09:47:33,23.88,27000,23.88,U
sz002517,恺英网络,2025-10-30 09:47:36,23.88,9500,23.88,U
sz002517,恺英网络,2025-10-30 09:47:39,23.84,216600,23.88,D
sz002517,恺英网络,2025-10-30 09:47:42,23.81,32500,23.84,D
sz002517,恺英网络,2025-10-30 09:47:45,23.8,50300,23.81,D
sz002517,恺英网络,2025-10-30 09:47:48,23.81,28800,23.8,U
sz002517,恺英网络,2025-10-30 09:47:51,23.81,16000,23.81,U
sz002517,恺英网络,2025-10-30 09:47:54,23.8,22300,23.81,D
sz002517,恺英网络,2025-10-30 09:47:57,23.82,42300,23.8,U
sz002517,恺英网络,2025-10-30 09:48:00,23.8,40000,23.82,D
sz002517,恺英网络,2025-10-30 09:48:06,23.82,18400,23.81,D
sz002517,恺英网络,2025-10-30 09:48:09,23.83,12400,23.82,U
sz002517,恺英网络,2025-10-30 09:48:12,23.86,14600,23.83,U
sz002517,恺英网络,2025-10-30 09:48:15,23.91,18100,23.86,U
sz002517,恺英网络,2025-10-30 09:48:18,23.9,9000,23.91,E
sz002517,恺英网络,2025-10-30 09:48:21,23.93,44300,23.9,E
sz002517,恺英网络,2025-10-30 09:48:24,23.94,42400,23.93,D
sz002517,恺英网络,2025-10-30 09:48:27,23.89,14300,23.94,D
sz002517,恺英网络,2025-10-30 09:48:30,23.87,12000,23.89,D
sz002517,恺英网络,2025-10-30 09:48:33,23.84,77800,23.87,D
sz002517,恺英网络,2025-10-30 09:48:36,23.83,13500,23.84,D
sz002517,恺英网络,2025-10-30 09:48:42,23.81,92800,23.85,D
sz002517,恺英网络,2025-10-30 09:48:45,23.83,22300,23.81,U
sz002517,恺英网络,2025-10-30 09:48:48,23.81,66600,23.83,D
sz002517,恺英网络,2025-10-30 09:48:51,23.82,32600,23.81,U
sz002517,恺英网络,2025-10-30 09:48:54,23.83,39000,23.82,U
sz002517,恺英网络,2025-10-30 09:48:57,23.82,12100,23.83,D
sz002517,恺英网络,2025-10-30 09:49:00,23.85,12300,23.82,U
sz002517,恺英网络,2025-10-30 09:49:03,23.82,26000,23.85,D
sz002517,恺英网络,2025-10-30 09:49:06,23.82,23200,23.82,D
sz002517,恺英网络,2025-10-30 09:49:09,23.83,28200,23.82,U
sz002517,恺英网络,2025-10-30 09:49:12,23.81,42400,23.83,D
sz002517,恺英网络,2025-10-30 09:49:15,23.81,85900,23.81,D
sz002517,恺英网络,2025-10-30 09:49:18,23.81,30600,23.81,U
sz002517,恺英网络,2025-10-30 09:49:21,23.81,13900,23.81,U
sz002517,恺英网络,2025-10-30 09:49:24,23.82,9900,23.81,U
sz002517,恺英网络,2025-10-30 09:49:27,23.81,31900,23.82,D
sz002517,恺英网络,2025-10-30 09:49:30,23.81,44300,23.81,D
sz002517,恺英网络,2025-10-30 09:49:33,23.77,632800,23.81,D
sz002517,恺英网络,2025-10-30 09:49:36,23.75,45500,23.77,D
sz002517,恺英网络,2025-10-30 09:49:39,23.77,98200,23.75,U
sz002517,恺英网络,2025-10-30 09:49:42,23.74,49200,23.77,U
sz002517,恺英网络,2025-10-30 09:49:45,23.73,74100,23.74,E
sz002517,恺英网络,2025-10-30 09:49:48,23.73,18200,23.73,U
sz002517,恺英网络,2025-10-30 09:49:51,23.73,15300,23.73,U
sz002517,恺英网络,2025-10-30 09:49:54,23.73,220700,23.73,U
sz002517,恺英网络,2025-10-30 09:49:57,23.71,51200,23.73,D
sz002517,恺英网络,2025-10-30 09:50:00,23.7,20400,23.71,D
sz002517,恺英网络,2025-10-30 09:50:03,23.68,197100,23.7,D
sz002517,恺英网络,2025-10-30 09:50:06,23.68,130900,23.68,D
sz002517,恺英网络,2025-10-30 09:50:09,23.66,36000,23.68,D
sz002517,恺英网络,2025-10-30 09:50:12,23.67,23300,23.66,U
sz002517,恺英网络,2025-10-30 09:50:15,23.64,112000,23.67,D
sz002517,恺英网络,2025-10-30 09:50:18,23.64,30700,23.64,U
sz002517,恺英网络,2025-10-30 09:50:21,23.6,107800,23.64,D
sz002517,恺英网络,2025-10-30 09:50:24,23.62,73000,23.6,U
sz002517,恺英网络,2025-10-30 09:50:27,23.65,69800,23.62,U
sz002517,恺英网络,2025-10-30 09:50:30,23.67,24200,23.65,U
sz002517,恺英网络,2025-10-30 09:50:33,23.65,26300,23.67,E
sz002517,恺英网络,2025-10-30 09:50:36,23.65,78900,23.65,U
sz002517,恺英网络,2025-10-30 09:50:39,23.65,33100,23.65,E
sz002517,恺英网络,2025-10-30 09:50:42,23.64,19900,23.65,D
sz002517,恺英网络,2025-10-30 09:50:45,23.65,81500,23.64,U
sz002517,恺英网络,2025-10-30 09:50:48,23.64,82100,23.65,D
sz002517,恺英网络,2025-10-30 09:50:51,23.66,20400,23.64,U
sz002517,恺英网络,2025-10-30 09:50:54,23.64,48500,23.66,D
sz002517,恺英网络,2025-10-30 09:50:57,23.64,214300,23.64,D
sz002517,恺英网络,2025-10-30 09:51:00,23.6,63100,23.64,D
sz002517,恺英网络,2025-10-30 09:51:03,23.6,25200,23.6,D
sz002517,恺英网络,2025-10-30 09:51:06,23.6,16300,23.6,D
sz002517,恺英网络,2025-10-30 09:51:09,23.63,30900,23.6,E
sz002517,恺英网络,2025-10-30 09:51:12,23.64,25200,23.63,U
sz002517,恺英网络,2025-10-30 09:51:15,23.61,14500,23.64,D
sz002517,恺英网络,2025-10-30 09:51:18,23.63,22900,23.61,E
sz002517,恺英网络,2025-10-30 09:51:21,23.62,15100,23.63,D
sz002517,恺英网络,2025-10-30 09:51:24,23.64,13300,23.62,U
sz002517,恺英网络,2025-10-30 09:51:27,23.64,23000,23.64,U
sz002517,恺英网络,2025-10-30 09:51:30,23.63,29100,23.64,E
sz002517,恺英网络,2025-10-30 09:51:33,23.62,15800,23.63,D
sz002517,恺英网络,2025-10-30 09:51:36,23.6,160600,23.62,D
sz002517,恺英网络,2025-10-30 09:51:39,23.6,83900,23.6,U
sz002517,恺英网络,2025-10-30 09:51:42,23.58,36600,23.6,D
sz002517,恺英网络,2025-10-30 09:51:45,23.58,30000,23.58,D
sz002517,恺英网络,2025-10-30 09:51:48,23.58,20100,23.58,D
sz002517,恺英网络,2025-10-30 09:51:51,23.59,48100,23.58,U
sz002517,恺英网络,2025-10-30 09:51:54,23.57,29900,23.59,E
sz002517,恺英网络,2025-10-30 09:51:57,23.58,39300,23.57,U
sz002517,恺英网络,2025-10-30 09:52:00,23.54,24500,23.58,D
sz002517,恺英网络,2025-10-30 09:52:03,23.54,30200,23.54,U
sz002517,恺英网络,2025-10-30 09:52:06,23.54,100100,23.54,U
sz002517,恺英网络,2025-10-30 09:52:09,23.53,80000,23.54,E
sz002517,恺英网络,2025-10-30 09:52:12,23.54,33200,23.53,U
sz002517,恺英网络,2025-10-30 09:52:15,23.57,62300,23.54,U
sz002517,恺英网络,2025-10-30 09:52:18,23.59,55500,23.57,E
sz002517,恺英网络,2025-10-30 09:52:21,23.62,18700,23.59,E
sz002517,恺英网络,2025-10-30 09:52:24,23.65,20100,23.62,U
sz002517,恺英网络,2025-10-30 09:52:27,23.62,15200,23.65,E
sz002517,恺英网络,2025-10-30 09:52:30,23.64,20500,23.62,U
sz002517,恺英网络,2025-10-30 09:52:33,23.61,27300,23.64,D
sz002517,恺英网络,2025-10-30 09:52:36,23.62,29700,23.61,U
sz002517,恺英网络,2025-10-30 09:52:39,23.6,27500,23.62,D
sz002517,恺英网络,2025-10-30 09:52:42,23.59,33400,23.6,D
sz002517,恺英网络,2025-10-30 09:52:45,23.61,32800,23.59,U
sz002517,恺英网络,2025-10-30 09:52:48,23.59,18300,23.61,E
sz002517,恺英网络,2025-10-30 09:52:51,23.6,31400,23.59,U
sz002517,恺英网络,2025-10-30 09:52:54,23.59,27200,23.6,E
sz002517,恺英网络,2025-10-30 09:52:57,23.58,24700,23.59,E
sz002517,恺英网络,2025-10-30 09:53:00,23.59,34600,23.58,E
sz002517,恺英网络,2025-10-30 09:53:03,23.59,30400,23.59,D
sz002517,恺英网络,2025-10-30 09:53:06,23.58,28500,23.59,D
sz002517,恺英网络,2025-10-30 09:53:09,23.58,34400,23.58,D
sz002517,恺英网络,2025-10-30 09:53:12,23.59,53700,23.58,U
sz002517,恺英网络,2025-10-30 09:53:15,23.6,38300,23.59,E
sz002517,恺英网络,2025-10-30 09:53:18,23.61,48900,23.6,U
sz002517,恺英网络,2025-10-30 09:53:21,23.63,28800,23.61,U
sz002517,恺英网络,2025-10-30 09:53:24,23.6,15800,23.63,D
sz002517,恺英网络,2025-10-30 09:53:27,23.61,12400,23.6,D
sz002517,恺英网络,2025-10-30 09:53:30,23.62,17300,23.61,U
sz002517,恺英网络,2025-10-30 09:53:33,23.63,13700,23.62,U
sz002517,恺英网络,2025-10-30 09:53:36,23.62,57400,23.63,D
sz002517,恺英网络,2025-10-30 09:53:39,23.61,42000,23.62,E
sz002517,恺英网络,2025-10-30 09:53:42,23.62,37300,23.61,U
sz002517,恺英网络,2025-10-30 09:53:45,23.62,26500,23.62,U
sz002517,恺英网络,2025-10-30 09:53:48,23.63,34200,23.62,U
sz002517,恺英网络,2025-10-30 09:53:51,23.64,25900,23.63,U
sz002517,恺英网络,2025-10-30 09:53:54,23.64,13300,23.64,D
sz002517,恺英网络,2025-10-30 09:53:57,23.64,65300,23.64,D
sz002517,恺英网络,2025-10-30 09:54:00,23.66,36500,23.64,U
sz002517,恺英网络,2025-10-30 09:54:03,23.65,27400,23.66,D
sz002517,恺英网络,2025-10-30 09:54:06,23.64,53200,23.65,D
sz002517,恺英网络,2025-10-30 09:54:09,23.64,49500,23.64,U
sz002517,恺英网络,2025-10-30 09:54:12,23.62,30600,23.64,D
sz002517,恺英网络,2025-10-30 09:54:15,23.63,32900,23.62,U
sz002517,恺英网络,2025-10-30 09:54:18,23.63,23800,23.63,U
sz002517,恺英网络,2025-10-30 09:54:21,23.64,22400,23.63,U
sz002517,恺英网络,2025-10-30 09:54:24,23.64,39600,23.64,D
sz002517,恺英网络,2025-10-30 09:54:27,23.6,45700,23.64,D
sz002517,恺英网络,2025-10-30 09:54:30,23.62,19400,23.6,E
sz002517,恺英网络,2025-10-30 09:54:33,23.64,52700,23.62,U
sz002517,恺英网络,2025-10-30 09:54:36,23.6,25100,23.64,D
sz002517,恺英网络,2025-10-30 09:54:39,23.61,45000,23.6,U
sz002517,恺英网络,2025-10-30 09:54:42,23.62,16600,23.61,E
sz002517,恺英网络,2025-10-30 09:54:45,23.65,44400,23.62,U
sz002517,恺英网络,2025-10-30 09:54:48,23.63,17000,23.65,D
sz002517,恺英网络,2025-10-30 09:54:51,23.64,34200,23.63,U
sz002517,恺英网络,2025-10-30 09:54:54,23.65,47800,23.64,E
sz002517,恺英网络,2025-10-30 09:54:57,23.68,45400,23.65,U
sz002517,恺英网络,2025-10-30 09:55:00,23.6,77100,23.68,D
sz002517,恺英网络,2025-10-30 09:55:03,23.68,40900,23.6,U
sz002517,恺英网络,2025-10-30 09:55:06,23.67,23500,23.68,E
sz002517,恺英网络,2025-10-30 09:55:09,23.66,19200,23.67,E
sz002517,恺英网络,2025-10-30 09:55:12,23.69,36042,23.66,U
sz002517,恺英网络,2025-10-30 09:55:15,23.66,31100,23.69,D
sz002517,恺英网络,2025-10-30 09:55:18,23.66,52800,23.66,D
sz002517,恺英网络,2025-10-30 09:55:21,23.68,43800,23.66,U
sz002517,恺英网络,2025-10-30 09:55:24,23.67,256800,23.68,D
sz002517,恺英网络,2025-10-30 09:55:27,23.65,115700,23.67,D
sz002517,恺英网络,2025-10-30 09:55:30,23.65,58700,23.65,D
sz002517,恺英网络,2025-10-30 09:55:33,23.65,19700,23.65,D
sz002517,恺英网络,2025-10-30 09:55:36,23.66,20700,23.65,U
sz002517,恺英网络,2025-10-30 09:55:39,23.64,52300,23.66,D
sz002517,恺英网络,2025-10-30 09:55:42,23.63,337600,23.64,D
sz002517,恺英网络,2025-10-30 09:55:45,23.58,29600,23.63,D
sz002517,恺英网络,2025-10-30 09:55:48,23.58,27300,23.58,D
sz002517,恺英网络,2025-10-30 09:55:54,23.6,87600,23.6,U
sz002517,恺英网络,2025-10-30 09:55:57,23.65,259100,23.6,U
sz002517,恺英网络,2025-10-30 09:56:06,23.62,17000,23.63,D
sz002517,恺英网络,2025-10-30 09:56:09,23.62,103700,23.62,U
sz002517,恺英网络,2025-10-30 09:56:12,23.71,26500,23.62,U
sz002517,恺英网络,2025-10-30 09:56:15,23.67,11900,23.71,D
sz002517,恺英网络,2025-10-30 09:56:21,23.74,50100,23.71,U
sz002517,恺英网络,2025-10-30 09:56:27,23.72,19000,23.72,D
sz002517,恺英网络,2025-10-30 09:56:33,23.76,14100,23.76,U
sz002517,恺英网络,2025-10-30 09:56:36,23.76,33500,23.76,E
sz002517,恺英网络,2025-10-30 09:56:39,23.79,16800,23.76,E
sz002517,恺英网络,2025-10-30 09:56:42,23.79,13600,23.79,U
sz002517,恺英网络,2025-10-30 09:56:45,23.79,38900,23.79,U
sz002517,恺英网络,2025-10-30 09:56:48,23.79,43900,23.79,U
sz002517,恺英网络,2025-10-30 09:56:51,23.79,20600,23.79,U
sz002517,恺英网络,2025-10-30 09:56:54,23.79,14300,23.79,U
sz002517,恺英网络,2025-10-30 09:56:57,23.79,18600,23.79,U
sz002517,恺英网络,2025-10-30 09:57:00,23.79,40000,23.79,U
sz002517,恺英网络,2025-10-30 09:57:03,23.76,28300,23.79,D
sz002517,恺英网络,2025-10-30 09:57:06,23.76,22300,23.76,D
sz002517,恺英网络,2025-10-30 09:57:09,23.77,31800,23.76,U
sz002517,恺英网络,2025-10-30 09:57:15,23.75,14900,23.77,D
sz002517,恺英网络,2025-10-30 09:57:18,23.73,40100,23.75,D
sz002517,恺英网络,2025-10-30 09:57:21,23.73,21700,23.73,U
sz002517,恺英网络,2025-10-30 09:57:24,23.71,12500,23.73,D
sz002517,恺英网络,2025-10-30 09:57:27,23.71,27700,23.71,D
sz002517,恺英网络,2025-10-30 09:57:30,23.7,37200,23.71,D
sz002517,恺英网络,2025-10-30 09:57:33,23.7,12000,23.7,U
sz002517,恺英网络,2025-10-30 09:57:36,23.7,32400,23.7,U
sz002517,恺英网络,2025-10-30 09:57:42,23.7,16000,23.68,U
sz002517,恺英网络,2025-10-30 09:57:45,23.66,38000,23.7,D
sz002517,恺英网络,2025-10-30 09:57:48,23.73,42800,23.66,U
sz002517,恺英网络,2025-10-30 09:57:54,23.77,31500,23.71,U
sz002517,恺英网络,2025-10-30 09:57:57,23.8,26500,23.77,U
sz002517,恺英网络,2025-10-30 09:58:06,23.79,53800,23.78,U
sz002517,恺英网络,2025-10-30 09:58:12,23.78,33600,23.79,D
sz002517,恺英网络,2025-10-30 09:58:15,23.8,81700,23.78,U
sz002517,恺英网络,2025-10-30 09:58:18,23.79,8900,23.8,D
sz002517,恺英网络,2025-10-30 09:58:21,23.8,11500,23.79,U
sz002517,恺英网络,2025-10-30 09:58:24,23.78,20400,23.8,D
sz002517,恺英网络,2025-10-30 09:58:27,23.77,44000,23.78,D
sz002517,恺英网络,2025-10-30 09:58:30,23.74,39500,23.77,U
sz002517,恺英网络,2025-10-30 09:58:39,23.73,85400,23.74,D
sz002517,恺英网络,2025-10-30 09:58:42,23.78,22600,23.73,U
sz002517,恺英网络,2025-10-30 09:58:45,23.75,20100,23.78,D
sz002517,恺英网络,2025-10-30 09:58:51,23.77,13800,23.75,U
sz002517,恺英网络,2025-10-30 09:58:57,23.75,53500,23.75,D
sz002517,恺英网络,2025-10-30 09:59:00,23.73,11200,23.75,D
sz002517,恺英网络,2025-10-30 09:59:03,23.73,57800,23.73,D
sz002517,恺英网络,2025-10-30 09:59:06,23.73,24100,23.73,U
sz002517,恺英网络,2025-10-30 09:59:15,23.71,20900,23.72,D
sz002517,恺英网络,2025-10-30 09:59:18,23.7,55800,23.71,D
sz002517,恺英网络,2025-10-30 09:59:21,23.71,53300,23.7,U
sz002517,恺英网络,2025-10-30 09:59:24,23.71,19500,23.71,U
sz002517,恺英网络,2025-10-30 09:59:30,23.71,20000,23.71,U
sz002517,恺英网络,2025-10-30 09:59:33,23.7,33800,23.71,D
sz002517,恺英网络,2025-10-30 09:59:36,23.69,38900,23.7,D
sz002517,恺英网络,2025-10-30 09:59:39,23.69,20000,23.69,D
sz002517,恺英网络,2025-10-30 09:59:42,23.66,96100,23.69,D
sz002517,恺英网络,2025-10-30 09:59:45,23.62,10900,23.66,D
sz002517,恺英网络,2025-10-30 09:59:48,23.62,11400,23.62,D
sz002517,恺英网络,2025-10-30 09:59:51,23.64,38300,23.62,U
sz002517,恺英网络,2025-10-30 09:59:54,23.63,68800,23.64,E
sz002517,恺英网络,2025-10-30 09:59:57,23.61,38700,23.63,D
sz002517,恺英网络,2025-10-30 10:00:00,23.65,12800,23.61,U
sz002517,恺英网络,2025-10-30 10:00:06,23.65,32700,23.63,D
sz002517,恺英网络,2025-10-30 10:00:09,23.65,18200,23.65,D
sz002517,恺英网络,2025-10-30 10:00:12,23.65,43500,23.65,D
sz002517,恺英网络,2025-10-30 10:00:15,23.68,21200,23.65,U
sz002517,恺英网络,2025-10-30 10:00:21,23.69,37600,23.69,U
sz002517,恺英网络,2025-10-30 10:00:24,23.69,13500,23.69,D
sz002517,恺英网络,2025-10-30 10:00:27,23.69,23000,23.69,U
sz002517,恺英网络,2025-10-30 10:00:30,23.69,20800,23.69,U
sz002517,恺英网络,2025-10-30 10:00:39,23.7,10800,23.69,U
sz002517,恺英网络,2025-10-30 10:00:42,23.7,15800,23.7,U
sz002517,恺英网络,2025-10-30 10:00:45,23.7,9600,23.7,D
sz002517,恺英网络,2025-10-30 10:00:51,23.71,17600,23.71,U
sz002517,恺英网络,2025-10-30 10:00:54,23.71,26900,23.71,D
sz002517,恺英网络,2025-10-30 10:00:57,23.71,21800,23.71,D
sz002517,恺英网络,2025-10-30 10:01:00,23.71,17000,23.71,D
sz002517,恺英网络,2025-10-30 10:01:03,23.71,12800,23.71,D
sz002517,恺英网络,2025-10-30 10:01:06,23.72,30766,23.71,U
sz002517,恺英网络,2025-10-30 10:01:09,23.73,10734,23.72,U
sz002517,恺英网络,2025-10-30 10:01:15,23.71,15300,23.72,D
sz002517,恺英网络,2025-10-30 10:01:18,23.72,16900,23.71,U
sz002517,恺英网络,2025-10-30 10:01:24,23.72,10100,23.71,U
sz002517,恺英网络,2025-10-30 10:01:36,23.72,31200,23.72,D
sz002517,恺英网络,2025-10-30 10:01:39,23.72,167000,23.72,D
sz002517,恺英网络,2025-10-30 10:01:42,23.72,11100,23.72,D
sz002517,恺英网络,2025-10-30 10:01:45,23.73,16066,23.72,U
sz002517,恺英网络,2025-10-30 10:01:51,23.73,15134,23.73,D
sz002517,恺英网络,2025-10-30 10:01:54,23.73,26500,23.73,U
sz002517,恺英网络,2025-10-30 10:01:57,23.73,22200,23.73,U
sz002517,恺英网络,2025-10-30 10:02:00,23.72,9500,23.73,E
sz002517,恺英网络,2025-10-30 10:02:06,23.73,19800,23.73,U
sz002517,恺英网络,2025-10-30 10:02:15,23.73,15400,23.73,D
sz002517,恺英网络,2025-10-30 10:02:21,23.72,16100,23.73,D
sz002517,恺英网络,2025-10-30 10:02:24,23.72,18300,23.72,D
sz002517,恺英网络,2025-10-30 10:02:33,23.72,13600,23.72,D
sz002517,恺英网络,2025-10-30 10:02:54,23.72,14400,23.72,D
sz002517,恺英网络,2025-10-30 10:02:57,23.71,60000,23.72,D
sz002517,恺英网络,2025-10-30 10:03:00,23.7,21000,23.71,D
sz002517,恺英网络,2025-10-30 10:03:03,23.69,112500,23.7,D
sz002517,恺英网络,2025-10-30 10:03:06,23.67,46000,23.69,D
sz002517,恺英网络,2025-10-30 10:03:09,23.68,44100,23.67,U
sz002517,恺英网络,2025-10-30 10:03:15,23.65,14700,23.66,D
sz002517,恺英网络,2025-10-30 10:03:27,23.67,19500,23.66,U
sz002517,恺英网络,2025-10-30 10:03:33,23.69,76900,23.66,U
sz002517,恺英网络,2025-10-30 10:03:36,23.7,56700,23.69,U
sz002517,恺英网络,2025-10-30 10:03:39,23.71,9000,23.7,U
sz002517,恺英网络,2025-10-30 10:03:42,23.71,15000,23.71,D
sz002517,恺英网络,2025-10-30 10:03:48,23.72,9500,23.71,D
sz002517,恺英网络,2025-10-30 10:03:51,23.72,14300,23.72,D
sz002517,恺英网络,2025-10-30 10:04:03,23.73,9700,23.72,U
sz002517,恺英网络,2025-10-30 10:04:06,23.72,9900,23.73,D
sz002517,恺英网络,2025-10-30 10:04:09,23.73,14000,23.72,U
sz002517,恺英网络,2025-10-30 10:04:15,23.72,8800,23.72,D
sz002517,恺英网络,2025-10-30 10:04:18,23.7,32300,23.72,D
sz002517,恺英网络,2025-10-30 10:04:21,23.69,13700,23.7,D
sz002517,恺英网络,2025-10-30 10:04:27,23.68,20800,23.67,U
sz002517,恺英网络,2025-10-30 10:04:36,23.67,18800,23.67,U
sz002517,恺英网络,2025-10-30 10:04:57,23.67,26500,23.68,D
sz002517,恺英网络,2025-10-30 10:05:09,23.68,27000,23.69,D
sz002517,恺英网络,2025-10-30 10:05:15,23.7,61300,23.68,U
sz002517,恺英网络,2025-10-30 10:05:21,23.7,18200,23.7,U
sz002517,恺英网络,2025-10-30 10:05:33,23.71,8600,23.7,U
sz002517,恺英网络,2025-10-30 10:05:42,23.71,11500,23.71,U
sz002517,恺英网络,2025-10-30 10:05:45,23.71,11000,23.71,U
sz002517,恺英网络,2025-10-30 10:05:51,23.7,22100,23.7,D
sz002517,恺英网络,2025-10-30 10:05:54,23.68,108200,23.7,D
sz002517,恺英网络,2025-10-30 10:05:57,23.67,68300,23.68,D
sz002517,恺英网络,2025-10-30 10:06:00,23.65,16200,23.67,D
sz002517,恺英网络,2025-10-30 10:06:06,23.66,20600,23.65,U
sz002517,恺英网络,2025-10-30 10:06:12,23.65,9900,23.67,D
sz002517,恺英网络,2025-10-30 10:06:21,23.65,51600,23.66,D
sz002517,恺英网络,2025-10-30 10:06:24,23.65,17800,23.65,D
sz002517,恺英网络,2025-10-30 10:06:30,23.66,14100,23.66,U
sz002517,恺英网络,2025-10-30 10:06:51,23.66,38100,23.67,D
sz002517,恺英网络,2025-10-30 10:06:54,23.66,55800,23.66,D
sz002517,恺英网络,2025-10-30 10:07:06,23.66,8800,23.66,D
sz002517,恺英网络,2025-10-30 10:07:12,23.67,14100,23.67,U
sz002517,恺英网络,2025-10-30 10:07:15,23.66,36500,23.67,D
sz002517,恺英网络,2025-10-30 10:07:27,23.66,17900,23.66,D
sz002517,恺英网络,2025-10-30 10:07:42,23.67,12300,23.67,U
sz002517,恺英网络,2025-10-30 10:07:51,23.67,13500,23.66,U
sz002517,恺英网络,2025-10-30 10:08:12,23.68,19100,23.68,U
sz002517,恺英网络,2025-10-30 10:08:15,23.69,12800,23.68,U
sz002517,恺英网络,2025-10-30 10:08:18,23.7,9500,23.69,U
sz002517,恺英网络,2025-10-30 10:08:21,23.7,25500,23.7,U
sz002517,恺英网络,2025-10-30 10:08:27,23.69,23300,23.69,U
sz002517,恺英网络,2025-10-30 10:08:42,23.68,17700,23.69,D
sz002517,恺英网络,2025-10-30 10:08:51,23.69,11300,23.69,U
sz002517,恺英网络,2025-10-30 10:08:54,23.68,15900,23.69,D
sz002517,恺英网络,2025-10-30 10:08:57,23.68,12700,23.68,D
sz002517,恺英网络,2025-10-30 10:09:00,23.67,25100,23.68,D
sz002517,恺英网络,2025-10-30 10:09:03,23.67,8500,23.67,U
sz002517,恺英网络,2025-10-30 10:09:06,23.66,14600,23.67,D
sz002517,恺英网络,2025-10-30 10:09:09,23.66,19500,23.66,D
sz002517,恺英网络,2025-10-30 10:09:12,23.67,8500,23.66,U
sz002517,恺英网络,2025-10-30 10:09:21,23.68,14700,23.68,U
sz002517,恺英网络,2025-10-30 10:09:24,23.68,13300,23.68,U
sz002517,恺英网络,2025-10-30 10:09:33,23.68,11100,23.68,U
sz002517,恺英网络,2025-10-30 10:09:36,23.68,9400,23.68,U
sz002517,恺英网络,2025-10-30 10:09:48,23.69,18800,23.69,U
sz002517,恺英网络,2025-10-30 10:09:54,23.71,56300,23.7,U
sz002517,恺英网络,2025-10-30 10:10:00,23.72,29000,23.72,D
sz002517,恺英网络,2025-10-30 10:10:03,23.71,14000,23.72,D
sz002517,恺英网络,2025-10-30 10:10:06,23.7,8500,23.71,D
sz002517,恺英网络,2025-10-30 10:10:09,23.7,33000,23.7,D
sz002517,恺英网络,2025-10-30 10:10:15,23.69,11100,23.69,D
sz002517,恺英网络,2025-10-30 10:10:18,23.69,14700,23.69,D
sz002517,恺英网络,2025-10-30 10:10:21,23.69,15900,23.69,D
sz002517,恺英网络,2025-10-30 10:10:24,23.69,12900,23.69,D
sz002517,恺英网络,2025-10-30 10:10:30,23.69,14000,23.69,D
sz002517,恺英网络,2025-10-30 10:10:33,23.69,27700,23.69,D
sz002517,恺英网络,2025-10-30 10:10:36,23.69,11000,23.69,D
sz002517,恺英网络,2025-10-30 10:10:42,23.66,247200,23.7,D
sz002517,恺英网络,2025-10-30 10:10:51,23.66,24200,23.67,D
sz002517,恺英网络,2025-10-30 10:10:54,23.67,15300,23.66,U
sz002517,恺英网络,2025-10-30 10:10:57,23.67,19300,23.67,U
sz002517,恺英网络,2025-10-30 10:11:00,23.67,40800,23.67,D
sz002517,恺英网络,2025-10-30 10:11:03,23.68,36900,23.67,U
sz002517,恺英网络,2025-10-30 10:11:09,23.67,15300,23.67,D
sz002517,恺英网络,2025-10-30 10:11:30,23.67,10200,23.68,D
sz002517,恺英网络,2025-10-30 10:11:33,23.68,17300,23.67,U
sz002517,恺英网络,2025-10-30 10:11:45,23.68,11500,23.68,D
sz002517,恺英网络,2025-10-30 10:11:48,23.69,8700,23.68,U
sz002517,恺英网络,2025-10-30 10:11:51,23.71,55700,23.69,U
sz002517,恺英网络,2025-10-30 10:11:54,23.73,14500,23.71,U
sz002517,恺英网络,2025-10-30 10:12:09,23.7,23000,23.73,D
sz002517,恺英网络,2025-10-30 10:12:21,23.7,9700,23.7,D
sz002517,恺英网络,2025-10-30 10:12:24,23.7,11200,23.7,U
sz002517,恺英网络,2025-10-30 10:12:30,23.69,12300,23.7,D
sz002517,恺英网络,2025-10-30 10:12:42,23.68,12300,23.69,D
sz002517,恺英网络,2025-10-30 10:12:48,23.69,11100,23.7,D
sz002517,恺英网络,2025-10-30 10:12:51,23.68,17100,23.69,D
sz002517,恺英网络,2025-10-30 10:12:54,23.69,9100,23.68,U
sz002517,恺英网络,2025-10-30 10:13:00,23.68,24700,23.69,D
sz002517,恺英网络,2025-10-30 10:13:03,23.71,9600,23.68,U
sz002517,恺英网络,2025-10-30 10:13:27,23.7,21000,23.72,D
sz002517,恺英网络,2025-10-30 10:13:30,23.71,10700,23.7,D
sz002517,恺英网络,2025-10-30 10:13:33,23.7,18300,23.71,D
sz002517,恺英网络,2025-10-30 10:13:39,23.69,10000,23.69,D
sz002517,恺英网络,2025-10-30 10:13:45,23.71,18300,23.7,U
sz002517,恺英网络,2025-10-30 10:13:51,23.69,39300,23.69,D
sz002517,恺英网络,2025-10-30 10:13:54,23.68,17000,23.69,D
sz002517,恺英网络,2025-10-30 10:13:57,23.68,13600,23.68,D
sz002517,恺英网络,2025-10-30 10:14:00,23.68,29300,23.68,D
sz002517,恺英网络,2025-10-30 10:14:03,23.68,15900,23.68,D
sz002517,恺英网络,2025-10-30 10:14:09,23.68,27000,23.68,D
sz002517,恺英网络,2025-10-30 10:14:12,23.68,11800,23.68,D
sz002517,恺英网络,2025-10-30 10:14:21,23.68,13800,23.68,D
sz002517,恺英网络,2025-10-30 10:14:24,23.68,15600,23.68,D
sz002517,恺英网络,2025-10-30 10:14:27,23.68,8900,23.68,D
sz002517,恺英网络,2025-10-30 10:14:30,23.68,10300,23.68,D
sz002517,恺英网络,2025-10-30 10:14:33,23.68,17300,23.68,D
sz002517,恺英网络,2025-10-30 10:14:36,23.68,10800,23.68,U
sz002517,恺英网络,2025-10-30 10:14:39,23.67,16700,23.68,D
sz002517,恺英网络,2025-10-30 10:14:42,23.68,14200,23.67,D
sz002517,恺英网络,2025-10-30 10:14:45,23.68,37000,23.68,D
sz002517,恺英网络,2025-10-30 10:14:51,23.68,20400,23.67,U
sz002517,恺英网络,2025-10-30 10:15:03,23.66,114400,23.68,D
sz002517,恺英网络,2025-10-30 10:15:06,23.66,32207,23.66,D
sz002517,恺英网络,2025-10-30 10:15:09,23.66,21700,23.66,D
sz002517,恺英网络,2025-10-30 10:15:12,23.66,43000,23.66,D
sz002517,恺英网络,2025-10-30 10:15:15,23.66,70700,23.66,D
sz002517,恺英网络,2025-10-30 10:15:18,23.66,13700,23.66,D
sz002517,恺英网络,2025-10-30 10:15:21,23.65,43893,23.66,D
sz002517,恺英网络,2025-10-30 10:15:24,23.65,127900,23.65,D
sz002517,恺英网络,2025-10-30 10:15:27,23.65,13700,23.65,D
sz002517,恺英网络,2025-10-30 10:15:30,23.63,37300,23.65,D
sz002517,恺英网络,2025-10-30 10:15:33,23.63,29700,23.63,D
sz002517,恺英网络,2025-10-30 10:15:39,23.63,17000,23.63,D
sz002517,恺英网络,2025-10-30 10:15:42,23.63,8900,23.63,D
sz002517,恺英网络,2025-10-30 10:16:00,23.63,14507,23.63,D
sz002517,恺英网络,2025-10-30 10:16:09,23.65,9400,23.64,U
sz002517,恺英网络,2025-10-30 10:16:12,23.63,12600,23.65,D
sz002517,恺英网络,2025-10-30 10:16:18,23.63,14300,23.64,D
sz002517,恺英网络,2025-10-30 10:16:21,23.63,13500,23.63,D
sz002517,恺英网络,2025-10-30 10:16:30,23.64,11300,23.64,D
sz002517,恺英网络,2025-10-30 10:16:36,23.65,23200,23.64,U
sz002517,恺英网络,2025-10-30 10:16:39,23.64,13500,23.65,D
sz002517,恺英网络,2025-10-30 10:16:42,23.64,17000,23.64,D
sz002517,恺英网络,2025-10-30 10:16:45,23.64,28300,23.64,D
sz002517,恺英网络,2025-10-30 10:16:48,23.64,15700,23.64,D
sz002517,恺英网络,2025-10-30 10:16:51,23.63,15500,23.64,D
sz002517,恺英网络,2025-10-30 10:16:54,23.66,13600,23.63,U
sz002517,恺英网络,2025-10-30 10:17:00,23.63,13900,23.65,D
sz002517,恺英网络,2025-10-30 10:17:03,23.64,39600,23.63,U
sz002517,恺英网络,2025-10-30 10:17:06,23.64,13700,23.64,U
sz002517,恺英网络,2025-10-30 10:17:09,23.63,9600,23.64,D
sz002517,恺英网络,2025-10-30 10:17:12,23.65,8600,23.63,U
sz002517,恺英网络,2025-10-30 10:17:18,23.65,9200,23.65,U
sz002517,恺英网络,2025-10-30 10:17:21,23.64,14400,23.65,D
sz002517,恺英网络,2025-10-30 10:17:27,23.65,13100,23.65,U
sz002517,恺英网络,2025-10-30 10:17:39,23.64,9100,23.64,D
sz002517,恺英网络,2025-10-30 10:17:48,23.65,9100,23.65,U
sz002517,恺英网络,2025-10-30 10:17:51,23.65,20900,23.65,U
sz002517,恺英网络,2025-10-30 10:17:57,23.64,100700,23.65,D
sz002517,恺英网络,2025-10-30 10:18:00,23.63,30800,23.64,D
sz002517,恺英网络,2025-10-30 10:18:09,23.62,9400,23.63,D
sz002517,恺英网络,2025-10-30 10:18:12,23.62,12600,23.62,D
sz002517,恺英网络,2025-10-30 10:18:21,23.65,33800,23.62,U
sz002517,恺英网络,2025-10-30 10:18:27,23.65,19800,23.64,U
sz002517,恺英网络,2025-10-30 10:18:30,23.65,39400,23.65,U
sz002517,恺英网络,2025-10-30 10:18:36,23.62,19500,23.64,D
sz002517,恺英网络,2025-10-30 10:18:39,23.63,18500,23.62,U
sz002517,恺英网络,2025-10-30 10:18:42,23.62,29993,23.63,D
sz002517,恺英网络,2025-10-30 10:18:45,23.62,15600,23.62,U
sz002517,恺英网络,2025-10-30 10:18:51,23.62,17900,23.61,U
sz002517,恺英网络,2025-10-30 10:19:00,23.61,23507,23.62,D
sz002517,恺英网络,2025-10-30 10:19:06,23.62,10000,23.61,D
sz002517,恺英网络,2025-10-30 10:19:09,23.63,13300,23.62,U
sz002517,恺英网络,2025-10-30 10:19:12,23.64,22100,23.63,U
sz002517,恺英网络,2025-10-30 10:19:18,23.62,19400,23.64,D
sz002517,恺英网络,2025-10-30 10:19:30,23.63,10000,23.65,D
sz002517,恺英网络,2025-10-30 10:19:33,23.62,12600,23.63,D
sz002517,恺英网络,2025-10-30 10:19:39,23.64,17600,23.63,U
sz002517,恺英网络,2025-10-30 10:19:51,23.62,9200,23.63,D
sz002517,恺英网络,2025-10-30 10:19:54,23.63,10600,23.62,U
sz002517,恺英网络,2025-10-30 10:20:00,23.63,14300,23.63,U
sz002517,恺英网络,2025-10-30 10:20:03,23.63,17400,23.63,U
sz002517,恺英网络,2025-10-30 10:20:06,23.62,12600,23.63,D
sz002517,恺英网络,2025-10-30 10:20:12,23.62,32800,23.62,D
sz002517,恺英网络,2025-10-30 10:20:21,23.63,9900,23.62,U
sz002517,恺英网络,2025-10-30 10:20:24,23.63,12100,23.63,D
sz002517,恺英网络,2025-10-30 10:20:30,23.62,26200,23.63,D
sz002517,恺英网络,2025-10-30 10:20:42,23.62,17100,23.64,D
sz002517,恺英网络,2025-10-30 10:20:51,23.64,30600,23.63,U
sz002517,恺英网络,2025-10-30 10:21:00,23.63,13100,23.63,U
sz002517,恺英网络,2025-10-30 10:21:03,23.64,23800,23.63,U
sz002517,恺英网络,2025-10-30 10:21:06,23.66,14800,23.64,U
sz002517,恺英网络,2025-10-30 10:21:21,23.66,10100,23.67,D
sz002517,恺英网络,2025-10-30 10:21:33,23.68,12000,23.68,U
sz002517,恺英网络,2025-10-30 10:21:36,23.72,128700,23.68,U
sz002517,恺英网络,2025-10-30 10:21:48,23.73,14400,23.72,U
sz002517,恺英网络,2025-10-30 10:21:51,23.71,11800,23.73,D
sz002517,恺英网络,2025-10-30 10:21:54,23.72,23000,23.71,U
sz002517,恺英网络,2025-10-30 10:21:57,23.68,47000,23.72,D
sz002517,恺英网络,2025-10-30 10:22:00,23.68,38900,23.68,D
sz002517,恺英网络,2025-10-30 10:22:03,23.68,10000,23.68,U
sz002517,恺英网络,2025-10-30 10:22:06,23.68,16100,23.68,U
sz002517,恺英网络,2025-10-30 10:22:09,23.66,14100,23.68,D
sz002517,恺英网络,2025-10-30 10:22:12,23.67,30700,23.66,D
sz002517,恺英网络,2025-10-30 10:22:18,23.66,14900,23.67,D
sz002517,恺英网络,2025-10-30 10:22:21,23.66,11600,23.66,D
sz002517,恺英网络,2025-10-30 10:22:24,23.67,9800,23.66,U
sz002517,恺英网络,2025-10-30 10:22:33,23.68,44700,23.67,U
sz002517,恺英网络,2025-10-30 10:22:36,23.68,141999,23.68,U
sz002517,恺英网络,2025-10-30 10:22:39,23.73,20400,23.68,U
sz002517,恺英网络,2025-10-30 10:22:42,23.74,9800,23.73,U
sz002517,恺英网络,2025-10-30 10:22:51,23.68,116027,23.73,D
sz002517,恺英网络,2025-10-30 10:22:54,23.68,61700,23.68,U
sz002517,恺英网络,2025-10-30 10:22:57,23.68,15700,23.68,U
sz002517,恺英网络,2025-10-30 10:23:00,23.68,49800,23.68,U
sz002517,恺英网络,2025-10-30 10:23:03,23.68,24200,23.68,U
sz002517,恺英网络,2025-10-30 10:23:06,23.68,31100,23.68,U
sz002517,恺英网络,2025-10-30 10:23:09,23.67,12200,23.68,D
sz002517,恺英网络,2025-10-30 10:23:15,23.68,60800,23.67,U
sz002517,恺英网络,2025-10-30 10:23:21,23.72,28600,23.68,U
sz002517,恺英网络,2025-10-30 10:23:39,23.68,33900,23.69,D
sz002517,恺英网络,2025-10-30 10:23:42,23.71,8800,23.68,U
sz002517,恺英网络,2025-10-30 10:23:45,23.69,9100,23.71,D
sz002517,恺英网络,2025-10-30 10:23:48,23.68,13700,23.69,D
sz002517,恺英网络,2025-10-30 10:23:51,23.68,13600,23.68,D
sz002517,恺英网络,2025-10-30 10:23:54,23.68,14600,23.68,D
sz002517,恺英网络,2025-10-30 10:23:57,23.69,10300,23.68,U
sz002517,恺英网络,2025-10-30 10:24:00,23.68,8700,23.69,D
sz002517,恺英网络,2025-10-30 10:24:03,23.68,10300,23.68,D
sz002517,恺英网络,2025-10-30 10:24:06,23.68,12900,23.68,D
sz002517,恺英网络,2025-10-30 10:24:09,23.67,15000,23.68,D
sz002517,恺英网络,2025-10-30 10:24:18,23.67,12600,23.69,D
sz002517,恺英网络,2025-10-30 10:24:21,23.69,20200,23.67,U
sz002517,恺英网络,2025-10-30 10:24:30,23.7,9900,23.68,U
sz002517,恺英网络,2025-10-30 10:24:33,23.68,19500,23.7,D
sz002517,恺英网络,2025-10-30 10:24:39,23.66,34200,23.68,D
sz002517,恺英网络,2025-10-30 10:24:45,23.66,37500,23.66,D
sz002517,恺英网络,2025-10-30 10:24:48,23.66,12900,23.66,D
sz002517,恺英网络,2025-10-30 10:24:54,23.67,8600,23.66,U
sz002517,恺英网络,2025-10-30 10:24:57,23.67,19500,23.67,U
sz002517,恺英网络,2025-10-30 10:25:00,23.67,19700,23.67,U
sz002517,恺英网络,2025-10-30 10:25:03,23.66,13900,23.67,D
sz002517,恺英网络,2025-10-30 10:25:06,23.65,15000,23.66,D
sz002517,恺英网络,2025-10-30 10:25:15,23.66,19900,23.66,U
sz002517,恺英网络,2025-10-30 10:25:18,23.66,13100,23.66,E
sz002517,恺英网络,2025-10-30 10:25:30,23.65,13100,23.66,D
sz002517,恺英网络,2025-10-30 10:25:33,23.65,12000,23.65,D
sz002517,恺英网络,2025-10-30 10:25:36,23.65,14300,23.65,D
sz002517,恺英网络,2025-10-30 10:25:39,23.65,20600,23.65,D
sz002517,恺英网络,2025-10-30 10:25:42,23.65,10300,23.65,U
sz002517,恺英网络,2025-10-30 10:25:45,23.64,15000,23.65,D
sz002517,恺英网络,2025-10-30 10:25:48,23.65,17900,23.64,U
sz002517,恺英网络,2025-10-30 10:25:51,23.64,10600,23.65,D
sz002517,恺英网络,2025-10-30 10:25:57,23.63,47200,23.64,D
sz002517,恺英网络,2025-10-30 10:26:00,23.65,12400,23.63,U
sz002517,恺英网络,2025-10-30 10:26:15,23.64,11200,23.63,U
sz002517,恺英网络,2025-10-30 10:26:18,23.64,30100,23.64,U
sz002517,恺英网络,2025-10-30 10:26:39,23.64,8800,23.63,U
sz002517,恺英网络,2025-10-30 10:26:45,23.63,10300,23.64,D
sz002517,恺英网络,2025-10-30 10:26:48,23.64,9700,23.63,U
sz002517,恺英网络,2025-10-30 10:27:00,23.63,17100,23.64,D
sz002517,恺英网络,2025-10-30 10:27:12,23.65,15200,23.64,U
sz002517,恺英网络,2025-10-30 10:27:21,23.65,12800,23.65,D
sz002517,恺英网络,2025-10-30 10:27:30,23.66,10400,23.66,U
sz002517,恺英网络,2025-10-30 10:27:33,23.66,39700,23.66,U
sz002517,恺英网络,2025-10-30 10:27:39,23.66,10200,23.66,U
sz002517,恺英网络,2025-10-30 10:27:48,23.65,15900,23.66,D
sz002517,恺英网络,2025-10-30 10:28:00,23.66,13800,23.66,D
sz002517,恺英网络,2025-10-30 10:28:03,23.66,8900,23.66,D
sz002517,恺英网络,2025-10-30 10:28:06,23.65,21200,23.66,D
sz002517,恺英网络,2025-10-30 10:28:15,23.66,9000,23.66,U
sz002517,恺英网络,2025-10-30 10:28:21,23.66,13100,23.66,D
sz002517,恺英网络,2025-10-30 10:28:27,23.67,13100,23.66,U
sz002517,恺英网络,2025-10-30 10:28:30,23.67,10000,23.67,U
sz002517,恺英网络,2025-10-30 10:28:36,23.67,12200,23.66,U
sz002517,恺英网络,2025-10-30 10:28:39,23.67,10000,23.67,U
sz002517,恺英网络,2025-10-30 10:28:42,23.67,17300,23.67,U
sz002517,恺英网络,2025-10-30 10:28:48,23.67,20300,23.68,D
sz002517,恺英网络,2025-10-30 10:28:54,23.68,10200,23.68,U
sz002517,恺英网络,2025-10-30 10:29:00,23.68,10500,23.68,D
sz002517,恺英网络,2025-10-30 10:29:03,23.68,16400,23.68,D
sz002517,恺英网络,2025-10-30 10:29:06,23.69,15400,23.68,U
sz002517,恺英网络,2025-10-30 10:29:09,23.68,21000,23.69,D
sz002517,恺英网络,2025-10-30 10:29:12,23.68,15100,23.68,D
sz002517,恺英网络,2025-10-30 10:29:15,23.68,8500,23.68,D
sz002517,恺英网络,2025-10-30 10:29:21,23.69,17700,23.68,U
sz002517,恺英网络,2025-10-30 10:29:33,23.69,11000,23.69,D
sz002517,恺英网络,2025-10-30 10:29:48,23.71,11400,23.71,U
sz002517,恺英网络,2025-10-30 10:29:57,23.72,15800,23.72,U
sz002517,恺英网络,2025-10-30 10:30:00,23.72,27900,23.72,D
sz002517,恺英网络,2025-10-30 10:30:03,23.72,34600,23.72,U
sz002517,恺英网络,2025-10-30 10:30:06,23.72,22900,23.72,U
sz002517,恺英网络,2025-10-30 10:30:09,23.72,13800,23.72,D
sz002517,恺英网络,2025-10-30 10:30:18,23.74,9100,23.75,E
sz002517,恺英网络,2025-10-30 10:30:21,23.74,12200,23.74,U
sz002517,恺英网络,2025-10-30 10:30:24,23.75,16900,23.74,U
sz002517,恺英网络,2025-10-30 10:30:27,23.75,13400,23.75,U
sz002517,恺英网络,2025-10-30 10:30:30,23.75,11100,23.75,D
sz002517,恺英网络,2025-10-30 10:30:33,23.75,11400,23.75,U
sz002517,恺英网络,2025-10-30 10:30:36,23.75,16900,23.75,D
sz002517,恺英网络,2025-10-30 10:30:39,23.75,9700,23.75,D
sz002517,恺英网络,2025-10-30 10:30:42,23.75,13600,23.75,D
sz002517,恺英网络,2025-10-30 10:30:45,23.77,12900,23.75,U
sz002517,恺英网络,2025-10-30 10:30:48,23.78,11200,23.77,U
sz002517,恺英网络,2025-10-30 10:30:51,23.81,25200,23.78,U
sz002517,恺英网络,2025-10-30 10:30:57,23.79,9100,23.79,U
sz002517,恺英网络,2025-10-30 10:31:00,23.77,17400,23.79,D
sz002517,恺英网络,2025-10-30 10:31:03,23.79,10500,23.77,U
sz002517,恺英网络,2025-10-30 10:31:06,23.79,11600,23.79,D
sz002517,恺英网络,2025-10-30 10:31:09,23.79,19900,23.79,D
sz002517,恺英网络,2025-10-30 10:31:12,23.79,21800,23.79,D
sz002517,恺英网络,2025-10-30 10:31:15,23.81,25300,23.79,U
sz002517,恺英网络,2025-10-30 10:31:18,23.81,17400,23.81,D
sz002517,恺英网络,2025-10-30 10:31:21,23.82,34900,23.81,U
sz002517,恺英网络,2025-10-30 10:31:24,23.82,16400,23.82,U
sz002517,恺英网络,2025-10-30 10:31:27,23.83,14100,23.82,U
sz002517,恺英网络,2025-10-30 10:31:30,23.81,16000,23.83,D
sz002517,恺英网络,2025-10-30 10:31:33,23.8,31100,23.81,D
sz002517,恺英网络,2025-10-30 10:31:36,23.8,17000,23.8,D
sz002517,恺英网络,2025-10-30 10:31:45,23.82,11000,23.8,U
sz002517,恺英网络,2025-10-30 10:32:00,23.8,13100,23.81,D
sz002517,恺英网络,2025-10-30 10:32:03,23.81,19000,23.8,U
sz002517,恺英网络,2025-10-30 10:32:09,23.79,25300,23.8,D
sz002517,恺英网络,2025-10-30 10:32:12,23.76,18000,23.79,D
sz002517,恺英网络,2025-10-30 10:32:18,23.78,8700,23.79,E
sz002517,恺英网络,2025-10-30 10:32:21,23.81,37100,23.78,U
sz002517,恺英网络,2025-10-30 10:32:24,23.8,13100,23.81,U
sz002517,恺英网络,2025-10-30 10:32:30,23.8,8500,23.79,U
sz002517,恺英网络,2025-10-30 10:32:33,23.8,14200,23.8,D
sz002517,恺英网络,2025-10-30 10:32:39,23.8,17100,23.8,D
sz002517,恺英网络,2025-10-30 10:32:48,23.79,11500,23.8,D
sz002517,恺英网络,2025-10-30 10:32:51,23.8,23800,23.79,U
sz002517,恺英网络,2025-10-30 10:33:00,23.82,10500,23.82,U
sz002517,恺英网络,2025-10-30 10:33:15,23.82,13100,23.82,U
sz002517,恺英网络,2025-10-30 10:33:18,23.82,15300,23.82,U
sz002517,恺英网络,2025-10-30 10:33:21,23.82,27300,23.82,U
sz002517,恺英网络,2025-10-30 10:33:24,23.82,30000,23.82,D
sz002517,恺英网络,2025-10-30 10:33:30,23.82,14100,23.83,D
sz002517,恺英网络,2025-10-30 10:33:36,23.82,14700,23.82,E
sz002517,恺英网络,2025-10-30 10:33:45,23.82,14200,23.83,D
sz002517,恺英网络,2025-10-30 10:33:48,23.82,13000,23.82,U
sz002517,恺英网络,2025-10-30 10:33:51,23.84,37200,23.82,U
sz002517,恺英网络,2025-10-30 10:34:03,23.86,38100,23.86,U
sz002517,恺英网络,2025-10-30 10:34:06,23.86,13000,23.86,E
sz002517,恺英网络,2025-10-30 10:34:09,23.88,55100,23.86,U
sz002517,恺英网络,2025-10-30 10:34:18,23.92,40200,23.91,U
sz002517,恺英网络,2025-10-30 10:34:21,23.97,46800,23.92,U
sz002517,恺英网络,2025-10-30 10:34:24,23.95,15600,23.97,D
sz002517,恺英网络,2025-10-30 10:34:27,24.0,19400,23.95,U
sz002517,恺英网络,2025-10-30 10:34:30,24.02,63900,24.0,U
sz002517,恺英网络,2025-10-30 10:34:33,24.02,54400,24.02,U
sz002517,恺英网络,2025-10-30 10:34:36,24.01,32400,24.02,E
sz002517,恺英网络,2025-10-30 10:34:39,24.0,41800,24.01,D
sz002517,恺英网络,2025-10-30 10:34:42,24.02,19300,24.0,E
sz002517,恺英网络,2025-10-30 10:34:45,24.02,13600,24.02,D
sz002517,恺英网络,2025-10-30 10:34:48,24.02,21500,24.02,U
sz002517,恺英网络,2025-10-30 10:34:51,24.02,19800,24.02,U
sz002517,恺英网络,2025-10-30 10:34:54,24.0,20800,24.02,D
sz002517,恺英网络,2025-10-30 10:34:57,24.01,28500,24.0,U
sz002517,恺英网络,2025-10-30 10:35:00,24.0,22000,24.01,D
sz002517,恺英网络,2025-10-30 10:35:03,23.98,18800,24.0,E
sz002517,恺英网络,2025-10-30 10:35:15,23.98,24300,23.99,D
sz002517,恺英网络,2025-10-30 10:35:18,23.98,10200,23.98,D
sz002517,恺英网络,2025-10-30 10:35:21,23.99,15300,23.98,E
sz002517,恺英网络,2025-10-30 10:35:27,23.99,28600,23.98,U
sz002517,恺英网络,2025-10-30 10:35:30,23.98,17500,23.99,D
sz002517,恺英网络,2025-10-30 10:35:33,23.92,19600,23.98,D
sz002517,恺英网络,2025-10-30 10:35:39,23.97,28100,23.93,U
sz002517,恺英网络,2025-10-30 10:35:42,23.97,37500,23.97,D
sz002517,恺英网络,2025-10-30 10:35:48,24.0,23900,23.98,U
sz002517,恺英网络,2025-10-30 10:35:51,24.0,34800,24.0,D
sz002517,恺英网络,2025-10-30 10:35:54,24.0,18300,24.0,U
sz002517,恺英网络,2025-10-30 10:35:57,23.99,14900,24.0,U
sz002517,恺英网络,2025-10-30 10:36:00,23.99,23200,23.99,D
sz002517,恺英网络,2025-10-30 10:36:06,23.99,10800,23.98,U
sz002517,恺英网络,2025-10-30 10:36:09,23.98,14600,23.99,D
sz002517,恺英网络,2025-10-30 10:36:15,23.98,15300,23.98,D
sz002517,恺英网络,2025-10-30 10:36:18,23.99,40200,23.98,U
sz002517,恺英网络,2025-10-30 10:36:21,23.98,11400,23.99,U
sz002517,恺英网络,2025-10-30 10:36:27,23.97,16200,23.99,D
sz002517,恺英网络,2025-10-30 10:36:30,23.97,25600,23.97,D
sz002517,恺英网络,2025-10-30 10:36:33,23.97,13000,23.97,D
sz002517,恺英网络,2025-10-30 10:36:36,23.98,20000,23.97,U
sz002517,恺英网络,2025-10-30 10:36:39,23.99,22000,23.98,E
sz002517,恺英网络,2025-10-30 10:36:42,24.0,8900,23.99,E
sz002517,恺英网络,2025-10-30 10:36:48,24.0,18000,24.0,U
sz002517,恺英网络,2025-10-30 10:36:54,24.0,8400,24.0,D
sz002517,恺英网络,2025-10-30 10:37:00,24.0,27300,24.0,D
sz002517,恺英网络,2025-10-30 10:37:09,24.0,9200,24.01,D
sz002517,恺英网络,2025-10-30 10:37:12,24.0,64300,24.0,D
sz002517,恺英网络,2025-10-30 10:37:18,24.0,8700,24.01,D
sz002517,恺英网络,2025-10-30 10:37:21,24.0,14700,24.0,D
sz002517,恺英网络,2025-10-30 10:37:24,24.01,10300,24.0,U
sz002517,恺英网络,2025-10-30 10:37:30,23.99,12600,24.0,D
sz002517,恺英网络,2025-10-30 10:37:36,24.0,14500,24.0,D
sz002517,恺英网络,2025-10-30 10:37:39,24.0,11800,24.0,D
sz002517,恺英网络,2025-10-30 10:37:42,24.0,30600,24.0,D
sz002517,恺英网络,2025-10-30 10:37:48,24.01,9800,24.01,D
sz002517,恺英网络,2025-10-30 10:37:51,24.0,18100,24.01,D
sz002517,恺英网络,2025-10-30 10:38:00,24.01,15400,24.0,U
sz002517,恺英网络,2025-10-30 10:38:03,23.99,10600,24.01,D
sz002517,恺英网络,2025-10-30 10:38:09,24.0,11000,24.0,U
sz002517,恺英网络,2025-10-30 10:38:12,23.99,34800,24.0,D
sz002517,恺英网络,2025-10-30 10:38:15,24.0,21000,23.99,U
sz002517,恺英网络,2025-10-30 10:38:21,23.99,13100,23.99,D
sz002517,恺英网络,2025-10-30 10:38:33,23.99,10100,24.0,D
sz002517,恺英网络,2025-10-30 10:39:00,24.0,13600,24.01,D
sz002517,恺英网络,2025-10-30 10:39:03,24.0,57200,24.0,D
sz002517,恺英网络,2025-10-30 10:39:12,24.0,10800,24.0,D
sz002517,恺英网络,2025-10-30 10:39:18,23.99,24300,24.0,D
sz002517,恺英网络,2025-10-30 10:39:21,23.99,13300,23.99,D
sz002517,恺英网络,2025-10-30 10:39:27,24.0,13700,24.0,D
sz002517,恺英网络,2025-10-30 10:39:30,24.01,12100,24.0,U
sz002517,恺英网络,2025-10-30 10:39:33,24.0,19500,24.01,D
sz002517,恺英网络,2025-10-30 10:39:39,24.0,11300,24.01,D
sz002517,恺英网络,2025-10-30 10:39:42,24.0,9100,24.0,D
sz002517,恺英网络,2025-10-30 10:40:03,24.0,14700,24.01,D
sz002517,恺英网络,2025-10-30 10:40:12,24.02,39100,24.01,U
sz002517,恺英网络,2025-10-30 10:40:15,24.01,22700,24.02,D
sz002517,恺英网络,2025-10-30 10:40:21,24.01,10800,24.02,D
sz002517,恺英网络,2025-10-30 10:40:30,24.01,10200,24.01,D
sz002517,恺英网络,2025-10-30 10:40:39,24.01,9700,24.01,D
sz002517,恺英网络,2025-10-30 10:40:42,23.99,49000,24.01,D
sz002517,恺英网络,2025-10-30 10:40:45,24.0,14900,23.99,U
sz002517,恺英网络,2025-10-30 10:40:48,23.99,10100,24.0,D
sz002517,恺英网络,2025-10-30 10:40:51,24.0,18600,23.99,U
sz002517,恺英网络,2025-10-30 10:40:57,24.01,14700,24.0,U
sz002517,恺英网络,2025-10-30 10:41:00,24.01,17400,24.01,U
sz002517,恺英网络,2025-10-30 10:41:03,24.01,9900,24.01,D
sz002517,恺英网络,2025-10-30 10:41:18,24.01,13800,24.01,D
sz002517,恺英网络,2025-10-30 10:41:24,24.01,10600,24.0,E
sz002517,恺英网络,2025-10-30 10:41:30,24.0,10400,24.0,D
sz002517,恺英网络,2025-10-30 10:41:33,24.02,14300,24.0,U
sz002517,恺英网络,2025-10-30 10:41:36,24.0,55300,24.02,D
sz002517,恺英网络,2025-10-30 10:41:39,24.0,16300,24.0,U
sz002517,恺英网络,2025-10-30 10:41:42,23.99,15800,24.0,D
sz002517,恺英网络,2025-10-30 10:41:57,24.0,26800,24.0,D
sz002517,恺英网络,2025-10-30 10:42:00,24.0,27300,24.0,U
sz002517,恺英网络,2025-10-30 10:42:03,23.99,14100,24.0,D
sz002517,恺英网络,2025-10-30 10:42:06,24.0,35100,23.99,U
sz002517,恺英网络,2025-10-30 10:42:09,24.0,16900,24.0,D
sz002517,恺英网络,2025-10-30 10:42:12,24.0,12300,24.0,D
sz002517,恺英网络,2025-10-30 10:42:15,23.99,16900,24.0,D
sz002517,恺英网络,2025-10-30 10:42:21,24.0,18200,24.0,U
sz002517,恺英网络,2025-10-30 10:42:30,24.0,34500,24.0,D
sz002517,恺英网络,2025-10-30 10:42:36,24.03,66800,24.01,U
sz002517,恺英网络,2025-10-30 10:42:39,24.02,12000,24.03,D
sz002517,恺英网络,2025-10-30 10:42:51,24.04,8600,24.03,U
sz002517,恺英网络,2025-10-30 10:42:54,24.04,10800,24.04,U
sz002517,恺英网络,2025-10-30 10:43:00,24.03,17400,24.03,D
sz002517,恺英网络,2025-10-30 10:43:03,24.04,22900,24.03,U
sz002517,恺英网络,2025-10-30 10:43:15,24.01,15000,24.0,E
sz002517,恺英网络,2025-10-30 10:43:18,23.98,73600,24.01,D
sz002517,恺英网络,2025-10-30 10:43:21,23.98,14500,23.98,D
sz002517,恺英网络,2025-10-30 10:43:24,23.99,15300,23.98,U
sz002517,恺英网络,2025-10-30 10:43:33,24.0,12400,23.99,U
sz002517,恺英网络,2025-10-30 10:43:48,24.0,9400,24.0,D
sz002517,恺英网络,2025-10-30 10:43:51,24.0,18600,24.0,D
sz002517,恺英网络,2025-10-30 10:43:54,24.01,10300,24.0,U
sz002517,恺英网络,2025-10-30 10:43:57,24.0,12100,24.01,D
sz002517,恺英网络,2025-10-30 10:44:00,24.0,16300,24.0,D
sz002517,恺英网络,2025-10-30 10:44:03,24.0,10800,24.0,D
sz002517,恺英网络,2025-10-30 10:44:06,23.99,22600,24.0,D
sz002517,恺英网络,2025-10-30 10:44:09,23.99,8700,23.99,D
sz002517,恺英网络,2025-10-30 10:44:12,23.98,16700,23.99,D
sz002517,恺英网络,2025-10-30 10:44:18,23.97,30800,23.98,D
sz002517,恺英网络,2025-10-30 10:44:21,23.97,9200,23.97,D
sz002517,恺英网络,2025-10-30 10:44:30,23.99,12100,23.98,U
sz002517,恺英网络,2025-10-30 10:44:33,23.99,18900,23.99,D
sz002517,恺英网络,2025-10-30 10:44:42,24.01,9000,24.0,U
sz002517,恺英网络,2025-10-30 10:44:51,24.01,12700,24.01,U
sz002517,恺英网络,2025-10-30 10:45:00,24.02,34000,24.0,U
sz002517,恺英网络,2025-10-30 10:45:03,24.02,11900,24.02,U
sz002517,恺英网络,2025-10-30 10:45:06,24.01,17000,24.02,D
sz002517,恺英网络,2025-10-30 10:45:12,24.06,25900,24.0,U
sz002517,恺英网络,2025-10-30 10:45:21,24.06,43100,24.06,D
sz002517,恺英网络,2025-10-30 10:45:27,24.07,11700,24.08,D
sz002517,恺英网络,2025-10-30 10:45:33,24.08,28800,24.08,D
sz002517,恺英网络,2025-10-30 10:45:36,24.09,21600,24.08,U
sz002517,恺英网络,2025-10-30 10:45:39,24.03,17000,24.09,D
sz002517,恺英网络,2025-10-30 10:45:42,24.06,11700,24.03,E
sz002517,恺英网络,2025-10-30 10:45:45,24.02,19400,24.06,U
sz002517,恺英网络,2025-10-30 10:45:51,24.01,10400,24.02,D
sz002517,恺英网络,2025-10-30 10:46:00,24.02,25000,24.01,E
sz002517,恺英网络,2025-10-30 10:46:03,24.02,13500,24.02,D
sz002517,恺英网络,2025-10-30 10:46:09,24.0,13200,24.02,D
sz002517,恺英网络,2025-10-30 10:46:21,24.01,14900,24.02,D
sz002517,恺英网络,2025-10-30 10:46:24,24.0,12800,24.01,D
sz002517,恺英网络,2025-10-30 10:46:27,24.02,17900,24.0,U
sz002517,恺英网络,2025-10-30 10:46:30,24.02,13300,24.02,D
sz002517,恺英网络,2025-10-30 10:46:33,24.0,9600,24.02,D
sz002517,恺英网络,2025-10-30 10:46:39,24.01,13500,24.0,D
sz002517,恺英网络,2025-10-30 10:46:42,24.0,22600,24.01,D
sz002517,恺英网络,2025-10-30 10:46:45,24.01,14100,24.0,U
sz002517,恺英网络,2025-10-30 10:46:51,24.0,21600,24.0,D
sz002517,恺英网络,2025-10-30 10:46:54,23.98,73800,24.0,D
sz002517,恺英网络,2025-10-30 10:46:57,23.99,16200,23.98,U
sz002517,恺英网络,2025-10-30 10:47:00,23.99,14200,23.99,D
sz002517,恺英网络,2025-10-30 10:47:03,24.0,18300,23.99,U
sz002517,恺英网络,2025-10-30 10:47:06,23.99,8600,24.0,D
sz002517,恺英网络,2025-10-30 10:47:09,23.99,16500,23.99,D
sz002517,恺英网络,2025-10-30 10:47:15,24.02,17300,24.01,U
sz002517,恺英网络,2025-10-30 10:47:21,24.0,14500,24.0,D
sz002517,恺英网络,2025-10-30 10:47:30,24.02,21900,24.03,E
sz002517,恺英网络,2025-10-30 10:47:36,24.05,12200,24.03,E
sz002517,恺英网络,2025-10-30 10:47:39,24.02,11800,24.05,D
sz002517,恺英网络,2025-10-30 10:48:00,24.06,23600,24.06,U
sz002517,恺英网络,2025-10-30 10:48:09,24.02,10200,24.05,D
sz002517,恺英网络,2025-10-30 10:48:15,24.05,24000,24.02,U
sz002517,恺英网络,2025-10-30 10:48:21,24.01,16800,24.03,D
sz002517,恺英网络,2025-10-30 10:48:24,24.04,11100,24.01,U
sz002517,恺英网络,2025-10-30 10:48:33,24.02,11200,24.02,D
sz002517,恺英网络,2025-10-30 10:48:36,24.05,17600,24.02,U
sz002517,恺英网络,2025-10-30 10:48:39,24.06,24400,24.05,U
sz002517,恺英网络,2025-10-30 10:48:42,24.06,14800,24.06,D
sz002517,恺英网络,2025-10-30 10:48:45,24.07,10100,24.06,U
sz002517,恺英网络,2025-10-30 10:48:48,24.05,30300,24.07,D
sz002517,恺英网络,2025-10-30 10:48:51,24.05,13800,24.05,U
sz002517,恺英网络,2025-10-30 10:48:54,24.02,12600,24.05,U
sz002517,恺英网络,2025-10-30 10:49:03,24.01,10400,24.01,D
sz002517,恺英网络,2025-10-30 10:49:06,24.05,18200,24.01,U
sz002517,恺英网络,2025-10-30 10:49:09,24.0,8900,24.05,D
sz002517,恺英网络,2025-10-30 10:49:15,24.05,21000,24.0,U
sz002517,恺英网络,2025-10-30 10:49:18,24.01,9800,24.05,D
sz002517,恺英网络,2025-10-30 10:49:21,24.01,8400,24.01,D
sz002517,恺英网络,2025-10-30 10:49:33,24.02,29000,24.01,U
sz002517,恺英网络,2025-10-30 10:49:39,24.02,10800,24.02,U
sz002517,恺英网络,2025-10-30 10:49:42,24.01,15800,24.02,D
sz002517,恺英网络,2025-10-30 10:49:45,24.02,9100,24.01,E
sz002517,恺英网络,2025-10-30 10:49:48,24.01,11200,24.02,D
sz002517,恺英网络,2025-10-30 10:50:00,24.02,8600,24.01,U
sz002517,恺英网络,2025-10-30 10:50:03,24.0,13500,24.02,D
sz002517,恺英网络,2025-10-30 10:50:09,24.0,13200,24.03,D
sz002517,恺英网络,2025-10-30 10:50:15,24.02,9600,24.0,U
sz002517,恺英网络,2025-10-30 10:50:21,24.0,13400,24.01,D
sz002517,恺英网络,2025-10-30 10:50:30,24.01,36000,24.01,U
sz002517,恺英网络,2025-10-30 10:50:33,24.01,15500,24.01,U
sz002517,恺英网络,2025-10-30 10:50:39,23.99,73300,24.0,D
sz002517,恺英网络,2025-10-30 10:50:48,24.0,16100,24.0,U
sz002517,恺英网络,2025-10-30 10:51:00,24.0,9400,24.0,D
sz002517,恺英网络,2025-10-30 10:51:03,24.0,9800,24.0,D
sz002517,恺英网络,2025-10-30 10:51:09,24.0,12500,24.0,D
sz002517,恺英网络,2025-10-30 10:51:12,24.02,33800,24.0,U
sz002517,恺英网络,2025-10-30 10:52:00,24.01,51100,24.04,D
sz002517,恺英网络,2025-10-30 10:52:12,24.02,11100,24.0,U
sz002517,恺英网络,2025-10-30 10:52:21,24.01,21800,24.02,D
sz002517,恺英网络,2025-10-30 10:52:24,24.02,8500,24.01,U
sz002517,恺英网络,2025-10-30 10:52:30,24.01,9000,24.01,D
sz002517,恺英网络,2025-10-30 10:52:33,24.0,17400,24.01,D
sz002517,恺英网络,2025-10-30 10:52:42,24.0,10500,24.0,D
sz002517,恺英网络,2025-10-30 10:52:51,24.01,10400,24.02,D
sz002517,恺英网络,2025-10-30 10:53:00,24.01,11400,24.02,D
sz002517,恺英网络,2025-10-30 10:53:03,24.01,15200,24.01,D
sz002517,恺英网络,2025-10-30 10:53:12,24.01,9200,24.0,U
sz002517,恺英网络,2025-10-30 10:53:18,24.0,14900,24.01,D
sz002517,恺英网络,2025-10-30 10:53:24,24.0,17200,24.0,D
sz002517,恺英网络,2025-10-30 10:53:33,24.01,10400,24.0,U
sz002517,恺英网络,2025-10-30 10:53:42,24.04,38900,24.01,U
sz002517,恺英网络,2025-10-30 10:53:51,24.01,10400,24.01,D
sz002517,恺英网络,2025-10-30 10:54:03,24.02,9300,24.01,U
sz002517,恺英网络,2025-10-30 10:54:12,24.02,19700,24.0,U
sz002517,恺英网络,2025-10-30 10:54:21,24.01,14500,24.02,D
sz002517,恺英网络,2025-10-30 10:54:24,24.01,8900,24.01,D
sz002517,恺英网络,2025-10-30 10:54:30,24.0,12600,24.0,D
sz002517,恺英网络,2025-10-30 10:54:33,24.01,10000,24.0,U
sz002517,恺英网络,2025-10-30 10:54:36,24.0,14900,24.01,D
sz002517,恺英网络,2025-10-30 10:54:42,23.99,72300,24.0,D
sz002517,恺英网络,2025-10-30 10:54:45,24.0,52700,23.99,U
sz002517,恺英网络,2025-10-30 10:54:48,23.98,73300,24.0,D
sz002517,恺英网络,2025-10-30 10:54:51,23.96,25100,23.98,D
sz002517,恺英网络,2025-10-30 10:54:54,23.99,12200,23.96,U
sz002517,恺英网络,2025-10-30 10:54:57,23.96,11200,23.99,E
sz002517,恺英网络,2025-10-30 10:55:00,23.96,9900,23.96,U
sz002517,恺英网络,2025-10-30 10:55:12,23.98,8900,23.96,U
sz002517,恺英网络,2025-10-30 10:55:18,23.98,10500,23.97,U
sz002517,恺英网络,2025-10-30 10:55:33,23.98,12700,23.97,U
sz002517,恺英网络,2025-10-30 10:55:45,23.99,8600,23.98,U
sz002517,恺英网络,2025-10-30 10:55:48,23.98,18800,23.99,D
sz002517,恺英网络,2025-10-30 10:55:51,23.99,9500,23.98,U
sz002517,恺英网络,2025-10-30 10:56:00,23.99,12100,23.99,D
sz002517,恺英网络,2025-10-30 10:56:03,23.99,11000,23.99,D
sz002517,恺英网络,2025-10-30 10:56:12,24.0,10800,23.98,U
sz002517,恺英网络,2025-10-30 10:56:21,23.99,9900,23.99,D
sz002517,恺英网络,2025-10-30 10:56:30,23.98,18000,23.99,D
sz002517,恺英网络,2025-10-30 10:56:33,24.0,10500,23.98,U
sz002517,恺英网络,2025-10-30 10:56:42,24.01,9500,23.99,U
sz002517,恺英网络,2025-10-30 10:56:48,24.0,15300,24.01,D
sz002517,恺英网络,2025-10-30 10:56:54,24.01,26300,24.01,D
sz002517,恺英网络,2025-10-30 10:57:03,24.04,17200,24.02,U
sz002517,恺英网络,2025-10-30 10:57:09,24.0,11200,24.01,D
sz002517,恺英网络,2025-10-30 10:57:30,24.01,12800,24.01,D
sz002517,恺英网络,2025-10-30 10:57:33,24.0,22000,24.01,D
sz002517,恺英网络,2025-10-30 10:57:48,24.0,22200,24.0,D
sz002517,恺英网络,2025-10-30 10:57:51,24.02,18500,24.0,U
sz002517,恺英网络,2025-10-30 10:58:12,24.05,33100,24.01,U
sz002517,恺英网络,2025-10-30 10:58:21,24.0,11700,24.01,D
sz002517,恺英网络,2025-10-30 10:58:24,24.03,10600,24.0,U
sz002517,恺英网络,2025-10-30 10:58:30,24.01,18500,24.0,E
sz002517,恺英网络,2025-10-30 10:58:33,24.01,14700,24.01,D
sz002517,恺英网络,2025-10-30 10:58:42,24.02,11100,24.02,D
sz002517,恺英网络,2025-10-30 10:58:51,24.01,9400,24.01,D
sz002517,恺英网络,2025-10-30 10:59:00,24.02,10700,24.01,U
sz002517,恺英网络,2025-10-30 10:59:03,24.01,14700,24.02,D
sz002517,恺英网络,2025-10-30 10:59:15,24.03,26800,24.0,U
sz002517,恺英网络,2025-10-30 10:59:18,24.0,11400,24.03,D
sz002517,恺英网络,2025-10-30 10:59:24,24.05,24800,24.0,U
sz002517,恺英网络,2025-10-30 10:59:30,24.0,26500,24.03,D
sz002517,恺英网络,2025-10-30 10:59:33,24.01,13400,24.0,E
sz002517,恺英网络,2025-10-30 10:59:51,23.99,22900,24.0,D
sz002517,恺英网络,2025-10-30 10:59:54,23.97,18800,23.99,D
sz002517,恺英网络,2025-10-30 11:00:00,23.96,49200,23.97,D
sz002517,恺英网络,2025-10-30 11:00:12,23.96,10100,23.97,D
sz002517,恺英网络,2025-10-30 11:00:15,24.0,21200,23.96,U
sz002517,恺英网络,2025-10-30 11:00:30,23.99,11200,24.0,D
sz002517,恺英网络,2025-10-30 11:00:51,24.0,12400,24.0,D
sz002517,恺英网络,2025-10-30 11:00:54,24.01,13100,24.0,U
sz002517,恺英网络,2025-10-30 11:01:09,23.98,8500,23.99,D
sz002517,恺英网络,2025-10-30 11:01:24,23.97,12000,23.99,D
sz002517,恺英网络,2025-10-30 11:01:27,23.96,9700,23.97,D
sz002517,恺英网络,2025-10-30 11:01:36,23.96,18400,23.98,D
sz002517,恺英网络,2025-10-30 11:01:42,23.95,11700,23.97,D
sz002517,恺英网络,2025-10-30 11:01:51,23.97,11800,23.97,D
sz002517,恺英网络,2025-10-30 11:01:54,23.95,8400,23.97,D
sz002517,恺英网络,2025-10-30 11:02:03,23.97,8800,23.95,U
sz002517,恺英网络,2025-10-30 11:02:09,23.98,15200,23.97,D
sz002517,恺英网络,2025-10-30 11:02:18,23.99,9400,23.99,U
sz002517,恺英网络,2025-10-30 11:02:42,23.99,14900,23.97,U
sz002517,恺英网络,2025-10-30 11:02:54,23.97,18900,23.99,D
sz002517,恺英网络,2025-10-30 11:03:00,23.96,11500,23.97,D
sz002517,恺英网络,2025-10-30 11:03:18,23.98,9000,23.98,U
sz002517,恺英网络,2025-10-30 11:03:21,23.98,8400,23.98,D
sz002517,恺英网络,2025-10-30 11:03:30,23.98,9400,23.98,D
sz002517,恺英网络,2025-10-30 11:03:33,23.99,15300,23.98,U
sz002517,恺英网络,2025-10-30 11:04:00,23.99,8600,23.99,D
sz002517,恺英网络,2025-10-30 11:04:12,23.99,11700,24.0,D
sz002517,恺英网络,2025-10-30 11:04:30,24.0,9700,24.0,D
sz002517,恺英网络,2025-10-30 11:04:33,24.0,20600,24.0,D
sz002517,恺英网络,2025-10-30 11:04:39,24.0,9800,24.0,D
sz002517,恺英网络,2025-10-30 11:04:45,23.99,13200,23.99,D
sz002517,恺英网络,2025-10-30 11:04:48,23.99,21800,23.99,E
sz002517,恺英网络,2025-10-30 11:04:51,24.01,13600,23.99,U
sz002517,恺英网络,2025-10-30 11:05:09,24.0,14400,23.99,U
sz002517,恺英网络,2025-10-30 11:05:12,23.96,22000,24.0,D
sz002517,恺英网络,2025-10-30 11:05:21,23.97,26100,23.96,E
sz002517,恺英网络,2025-10-30 11:05:27,24.01,12800,23.98,U
sz002517,恺英网络,2025-10-30 11:05:36,23.99,15000,23.98,U
sz002517,恺英网络,2025-10-30 11:05:39,23.97,20300,23.99,D
sz002517,恺英网络,2025-10-30 11:05:42,24.02,11500,23.97,U
sz002517,恺英网络,2025-10-30 11:06:03,24.01,9000,24.0,U
sz002517,恺英网络,2025-10-30 11:06:12,24.04,16600,24.02,U
sz002517,恺英网络,2025-10-30 11:06:18,24.06,40900,24.05,U
sz002517,恺英网络,2025-10-30 11:06:27,24.06,22800,24.06,D
sz002517,恺英网络,2025-10-30 11:06:39,24.1,20400,24.1,U
sz002517,恺英网络,2025-10-30 11:06:42,24.11,15600,24.1,U
sz002517,恺英网络,2025-10-30 11:06:48,24.14,32300,24.11,U
sz002517,恺英网络,2025-10-30 11:07:00,24.11,8500,24.11,U
sz002517,恺英网络,2025-10-30 11:07:03,24.1,14300,24.11,E
sz002517,恺英网络,2025-10-30 11:07:24,24.1,11200,24.1,D
sz002517,恺英网络,2025-10-30 11:07:27,24.09,9500,24.1,D
sz002517,恺英网络,2025-10-30 11:07:30,24.1,31800,24.09,U
sz002517,恺英网络,2025-10-30 11:07:45,24.07,8700,24.08,D
sz002517,恺英网络,2025-10-30 11:08:42,24.03,14000,24.06,E
sz002517,恺英网络,2025-10-30 11:08:54,24.0,17000,24.02,D
sz002517,恺英网络,2025-10-30 11:09:21,24.0,48400,24.02,D
sz002517,恺英网络,2025-10-30 11:09:36,24.0,27500,24.0,D
sz002517,恺英网络,2025-10-30 11:09:42,23.96,11200,23.97,D
sz002517,恺英网络,2025-10-30 11:09:54,23.98,12500,23.99,D
sz002517,恺英网络,2025-10-30 11:10:00,24.0,8800,24.01,D
sz002517,恺英网络,2025-10-30 11:10:03,24.0,18900,24.0,D
sz002517,恺英网络,2025-10-30 11:10:06,23.97,20900,24.0,D
sz002517,恺英网络,2025-10-30 11:10:09,23.96,9800,23.97,D
sz002517,恺英网络,2025-10-30 11:10:15,23.96,10200,23.96,D
sz002517,恺英网络,2025-10-30 11:10:18,23.97,30500,23.96,U
sz002517,恺英网络,2025-10-30 11:10:21,23.97,13700,23.97,D
sz002517,恺英网络,2025-10-30 11:10:30,23.97,21000,23.97,D
sz002517,恺英网络,2025-10-30 11:10:36,23.98,9500,23.99,D
sz002517,恺英网络,2025-10-30 11:10:39,23.98,13300,23.98,D
sz002517,恺英网络,2025-10-30 11:10:42,23.98,31900,23.98,D
sz002517,恺英网络,2025-10-30 11:10:48,23.99,12000,23.98,E
sz002517,恺英网络,2025-10-30 11:10:51,23.99,9400,23.99,D
sz002517,恺英网络,2025-10-30 11:10:54,23.98,12300,23.99,D
sz002517,恺英网络,2025-10-30 11:11:06,23.98,14700,23.98,D
sz002517,恺英网络,2025-10-30 11:11:12,23.98,13100,23.98,D
sz002517,恺英网络,2025-10-30 11:11:21,23.98,36700,23.98,U
sz002517,恺英网络,2025-10-30 11:11:48,23.99,14500,23.99,D
sz002517,恺英网络,2025-10-30 11:12:03,23.99,8900,24.0,D
sz002517,恺英网络,2025-10-30 11:12:27,23.98,10100,23.99,D
sz002517,恺英网络,2025-10-30 11:12:48,23.99,22200,23.99,D
sz002517,恺英网络,2025-10-30 11:13:15,23.99,10400,23.99,D
sz002517,恺英网络,2025-10-30 11:13:57,24.0,10400,24.0,D
sz002517,恺英网络,2025-10-30 11:14:00,23.99,13200,24.0,D
sz002517,恺英网络,2025-10-30 11:14:12,23.99,10500,23.99,D
sz002517,恺英网络,2025-10-30 11:14:15,23.98,12800,23.99,D
sz002517,恺英网络,2025-10-30 11:14:27,23.98,13800,23.98,D
sz002517,恺英网络,2025-10-30 11:14:30,23.98,11000,23.98,D
sz002517,恺英网络,2025-10-30 11:14:57,23.99,10200,24.0,D
sz002517,恺英网络,2025-10-30 11:15:09,23.99,10400,23.99,D
sz002517,恺英网络,2025-10-30 11:15:27,23.98,36300,23.99,D
sz002517,恺英网络,2025-10-30 11:15:45,23.99,17200,23.98,U
sz002517,恺英网络,2025-10-30 11:15:48,23.98,9900,23.99,D
sz002517,恺英网络,2025-10-30 11:16:03,23.97,26900,23.99,D
sz002517,恺英网络,2025-10-30 11:16:09,23.97,9800,23.97,D
sz002517,恺英网络,2025-10-30 11:16:15,23.96,19700,23.97,D
sz002517,恺英网络,2025-10-30 11:16:18,23.96,23100,23.96,D
sz002517,恺英网络,2025-10-30 11:16:21,23.95,16300,23.96,D
sz002517,恺英网络,2025-10-30 11:16:42,23.95,16700,23.95,D
sz002517,恺英网络,2025-10-30 11:16:45,23.94,26700,23.95,D
sz002517,恺英网络,2025-10-30 11:16:48,23.94,12100,23.94,D
sz002517,恺英网络,2025-10-30 11:16:51,23.93,8800,23.94,D
sz002517,恺英网络,2025-10-30 11:17:00,23.92,16100,23.92,D
sz002517,恺英网络,2025-10-30 11:17:06,23.9,23200,23.91,D
sz002517,恺英网络,2025-10-30 11:17:09,23.9,10100,23.9,D
sz002517,恺英网络,2025-10-30 11:18:03,23.9,14100,23.9,D
sz002517,恺英网络,2025-10-30 11:18:09,23.93,11300,23.9,U
sz002517,恺英网络,2025-10-30 11:18:36,23.94,15200,23.93,U
sz002517,恺英网络,2025-10-30 11:20:03,23.94,11600,23.94,D
sz002517,恺英网络,2025-10-30 11:20:30,23.95,12700,23.95,D
sz002517,恺英网络,2025-10-30 11:20:42,23.95,9300,23.95,D
sz002517,恺英网络,2025-10-30 11:20:48,23.96,9700,23.96,D
sz002517,恺英网络,2025-10-30 11:21:33,23.94,11300,23.95,D
sz002517,恺英网络,2025-10-30 11:21:36,23.93,12600,23.94,D
sz002517,恺英网络,2025-10-30 11:22:06,23.93,14000,23.94,D
sz002517,恺英网络,2025-10-30 11:22:33,23.93,8600,23.94,D
sz002517,恺英网络,2025-10-30 11:22:36,23.94,8900,23.93,D
sz002517,恺英网络,2025-10-30 11:22:57,23.94,9600,23.93,U
sz002517,恺英网络,2025-10-30 11:23:15,23.92,22300,23.93,D
sz002517,恺英网络,2025-10-30 11:23:51,23.92,13700,23.91,U
sz002517,恺英网络,2025-10-30 11:24:00,23.9,22000,23.91,D
sz002517,恺英网络,2025-10-30 11:24:15,23.91,10700,23.9,U
sz002517,恺英网络,2025-10-30 11:24:39,23.9,9800,23.91,D
sz002517,恺英网络,2025-10-30 11:24:42,23.9,13600,23.9,D
sz002517,恺英网络,2025-10-30 11:25:00,23.91,13800,23.91,D
sz002517,恺英网络,2025-10-30 11:25:27,23.92,10300,23.91,U
sz002517,恺英网络,2025-10-30 11:26:15,23.94,17900,23.94,D
sz002517,恺英网络,2025-10-30 11:26:24,23.94,11700,23.94,D
sz002517,恺英网络,2025-10-30 11:27:03,23.99,11000,23.98,U
sz002517,恺英网络,2025-10-30 11:27:15,23.98,8900,24.0,D
sz002517,恺英网络,2025-10-30 11:27:24,23.99,8500,23.98,U
sz002517,恺英网络,2025-10-30 11:27:39,23.98,11900,23.99,D
sz002517,恺英网络,2025-10-30 11:27:51,23.98,8600,23.99,D
sz002517,恺英网络,2025-10-30 11:28:21,24.0,13500,23.99,U
sz002517,恺英网络,2025-10-30 11:29:00,24.0,10100,24.0,D
sz002517,恺英网络,2025-10-30 11:29:09,23.99,9100,23.98,E
sz002517,恺英网络,2025-10-30 11:29:30,23.99,10500,23.97,U
sz002517,恺英网络,2025-10-30 13:00:00,24.0,33900,23.99,U
sz002517,恺英网络,2025-10-30 13:00:03,24.0,77500,24.0,D
sz002517,恺英网络,2025-10-30 13:00:06,24.0,18200,24.0,D
sz002517,恺英网络,2025-10-30 13:00:09,23.99,10600,24.0,D
sz002517,恺英网络,2025-10-30 13:00:12,23.98,50100,23.99,D
sz002517,恺英网络,2025-10-30 13:00:15,23.95,35300,23.98,D
sz002517,恺英网络,2025-10-30 13:00:18,23.94,29500,23.95,D
sz002517,恺英网络,2025-10-30 13:00:21,23.94,18900,23.94,D
sz002517,恺英网络,2025-10-30 13:00:33,23.92,18900,23.93,D
sz002517,恺英网络,2025-10-30 13:00:48,23.9,10100,23.92,D
sz002517,恺英网络,2025-10-30 13:00:54,23.9,23500,23.9,D
sz002517,恺英网络,2025-10-30 13:00:57,23.9,20400,23.9,D
sz002517,恺英网络,2025-10-30 13:01:00,23.9,14300,23.9,D
sz002517,恺英网络,2025-10-30 13:01:03,23.9,35600,23.9,D
sz002517,恺英网络,2025-10-30 13:01:06,23.87,130034,23.9,D
sz002517,恺英网络,2025-10-30 13:01:09,23.86,22100,23.87,D
sz002517,恺英网络,2025-10-30 13:01:12,23.86,17600,23.86,D
sz002517,恺英网络,2025-10-30 13:01:15,23.86,14600,23.86,D
sz002517,恺英网络,2025-10-30 13:01:18,23.86,25400,23.86,D
sz002517,恺英网络,2025-10-30 13:01:24,23.81,25600,23.84,D
sz002517,恺英网络,2025-10-30 13:01:27,23.81,15000,23.81,D
sz002517,恺英网络,2025-10-30 13:01:33,23.84,8900,23.82,U
sz002517,恺英网络,2025-10-30 13:01:39,23.82,13000,23.85,D
sz002517,恺英网络,2025-10-30 13:01:42,23.81,10400,23.82,D
sz002517,恺英网络,2025-10-30 13:01:45,23.83,10500,23.81,U
sz002517,恺英网络,2025-10-30 13:01:54,23.8,26700,23.81,D
sz002517,恺英网络,2025-10-30 13:02:03,23.8,32900,23.8,D
sz002517,恺英网络,2025-10-30 13:02:06,23.81,20200,23.8,U
sz002517,恺英网络,2025-10-30 13:02:12,23.8,14800,23.8,D
sz002517,恺英网络,2025-10-30 13:02:15,23.79,87200,23.8,D
sz002517,恺英网络,2025-10-30 13:02:18,23.78,17700,23.79,D
sz002517,恺英网络,2025-10-30 13:02:24,23.78,11200,23.78,D
sz002517,恺英网络,2025-10-30 13:02:27,23.76,10500,23.78,D
sz002517,恺英网络,2025-10-30 13:02:33,23.76,13300,23.76,D
sz002517,恺英网络,2025-10-30 13:02:48,23.75,15700,23.75,D
sz002517,恺英网络,2025-10-30 13:02:51,23.75,33100,23.75,D
sz002517,恺英网络,2025-10-30 13:02:54,23.73,13100,23.75,D
sz002517,恺英网络,2025-10-30 13:02:57,23.72,14000,23.73,D
sz002517,恺英网络,2025-10-30 13:03:03,23.71,10800,23.72,D
sz002517,恺英网络,2025-10-30 13:03:06,23.71,18900,23.71,D
sz002517,恺英网络,2025-10-30 13:03:09,23.7,9000,23.71,D
sz002517,恺英网络,2025-10-30 13:03:15,23.7,15300,23.7,D
sz002517,恺英网络,2025-10-30 13:03:24,23.7,17000,23.71,D
sz002517,恺英网络,2025-10-30 13:03:33,23.69,18400,23.7,D
sz002517,恺英网络,2025-10-30 13:03:36,23.69,25000,23.69,D
sz002517,恺英网络,2025-10-30 13:03:39,23.68,21300,23.69,D
sz002517,恺英网络,2025-10-30 13:03:42,23.69,23600,23.68,U
sz002517,恺英网络,2025-10-30 13:03:45,23.68,11700,23.69,D
sz002517,恺英网络,2025-10-30 13:03:48,23.68,8600,23.68,D
sz002517,恺英网络,2025-10-30 13:03:51,23.69,11200,23.68,U
sz002517,恺英网络,2025-10-30 13:03:54,23.68,10800,23.69,D
sz002517,恺英网络,2025-10-30 13:04:00,23.69,11700,23.68,U
sz002517,恺英网络,2025-10-30 13:04:03,23.68,40600,23.69,D
sz002517,恺英网络,2025-10-30 13:04:06,23.66,47000,23.68,D
sz002517,恺英网络,2025-10-30 13:04:09,23.66,44100,23.66,D
sz002517,恺英网络,2025-10-30 13:04:12,23.66,17000,23.66,D
sz002517,恺英网络,2025-10-30 13:04:18,23.65,17500,23.65,D
sz002517,恺英网络,2025-10-30 13:04:21,23.65,35200,23.65,D
sz002517,恺英网络,2025-10-30 13:04:24,23.63,13300,23.65,D
sz002517,恺英网络,2025-10-30 13:04:27,23.63,14100,23.63,D
sz002517,恺英网络,2025-10-30 13:04:30,23.63,10100,23.63,D
sz002517,恺英网络,2025-10-30 13:04:36,23.63,11500,23.63,D
sz002517,恺英网络,2025-10-30 13:04:45,23.64,14300,23.64,D
sz002517,恺英网络,2025-10-30 13:04:51,23.64,13000,23.63,E
sz002517,恺英网络,2025-10-30 13:04:54,23.64,13200,23.64,D
sz002517,恺英网络,2025-10-30 13:05:03,23.63,16000,23.63,D
sz002517,恺英网络,2025-10-30 13:05:06,23.63,12400,23.63,D
sz002517,恺英网络,2025-10-30 13:05:09,23.62,14100,23.63,D
sz002517,恺英网络,2025-10-30 13:05:12,23.63,11900,23.62,E
sz002517,恺英网络,2025-10-30 13:05:18,23.63,10800,23.62,E
sz002517,恺英网络,2025-10-30 13:05:21,23.62,9100,23.63,D
sz002517,恺英网络,2025-10-30 13:05:24,23.63,10700,23.62,E
sz002517,恺英网络,2025-10-30 13:05:27,23.63,16100,23.63,D
sz002517,恺英网络,2025-10-30 13:05:36,23.64,19500,23.63,U
sz002517,恺英网络,2025-10-30 13:05:42,23.64,9500,23.64,D
sz002517,恺英网络,2025-10-30 13:05:45,23.62,68400,23.64,D
sz002517,恺英网络,2025-10-30 13:05:48,23.62,9800,23.62,D
sz002517,恺英网络,2025-10-30 13:05:54,23.62,12300,23.62,D
sz002517,恺英网络,2025-10-30 13:05:57,23.63,9600,23.62,E
sz002517,恺英网络,2025-10-30 13:06:03,23.64,12900,23.64,U
sz002517,恺英网络,2025-10-30 13:06:06,23.63,13400,23.64,D
sz002517,恺英网络,2025-10-30 13:06:18,23.63,15300,23.63,D
sz002517,恺英网络,2025-10-30 13:06:21,23.62,12600,23.63,D
sz002517,恺英网络,2025-10-30 13:06:24,23.62,16300,23.62,D
sz002517,恺英网络,2025-10-30 13:06:30,23.63,13700,23.63,D
sz002517,恺英网络,2025-10-30 13:06:33,23.63,14700,23.63,D
sz002517,恺英网络,2025-10-30 13:06:36,23.63,19400,23.63,D
sz002517,恺英网络,2025-10-30 13:06:39,23.64,13500,23.63,E
sz002517,恺英网络,2025-10-30 13:06:45,23.63,13500,23.64,D
sz002517,恺英网络,2025-10-30 13:06:54,23.65,15300,23.64,E
sz002517,恺英网络,2025-10-30 13:06:57,23.66,10800,23.65,U
sz002517,恺英网络,2025-10-30 13:07:15,23.66,9200,23.66,D
sz002517,恺英网络,2025-10-30 13:07:18,23.67,14400,23.66,U
sz002517,恺英网络,2025-10-30 13:07:24,23.66,29900,23.66,D
sz002517,恺英网络,2025-10-30 13:07:27,23.65,9400,23.66,D
sz002517,恺英网络,2025-10-30 13:07:30,23.66,9800,23.65,U
sz002517,恺英网络,2025-10-30 13:07:33,23.64,21900,23.66,D
sz002517,恺英网络,2025-10-30 13:07:39,23.65,13400,23.65,D
sz002517,恺英网络,2025-10-30 13:07:45,23.65,14200,23.65,D
sz002517,恺英网络,2025-10-30 13:07:51,23.66,11200,23.66,U
sz002517,恺英网络,2025-10-30 13:08:03,23.66,14900,23.65,U
sz002517,恺英网络,2025-10-30 13:08:06,23.66,21900,23.66,D
sz002517,恺英网络,2025-10-30 13:08:27,23.67,12600,23.66,U
sz002517,恺英网络,2025-10-30 13:08:33,23.66,11700,23.66,D
sz002517,恺英网络,2025-10-30 13:08:36,23.67,13100,23.66,U
sz002517,恺英网络,2025-10-30 13:08:42,23.66,8800,23.67,D
sz002517,恺英网络,2025-10-30 13:08:48,23.65,19500,23.67,D
sz002517,恺英网络,2025-10-30 13:08:51,23.65,27100,23.65,U
sz002517,恺英网络,2025-10-30 13:08:54,23.64,12100,23.65,D
sz002517,恺英网络,2025-10-30 13:09:03,23.65,8700,23.65,U
sz002517,恺英网络,2025-10-30 13:09:06,23.65,13400,23.65,D
sz002517,恺英网络,2025-10-30 13:09:24,23.65,14600,23.66,D
sz002517,恺英网络,2025-10-30 13:09:27,23.66,8900,23.65,U
sz002517,恺英网络,2025-10-30 13:09:33,23.66,8700,23.66,D
sz002517,恺英网络,2025-10-30 13:09:36,23.65,12500,23.66,D
sz002517,恺英网络,2025-10-30 13:09:48,23.66,9700,23.66,U
sz002517,恺英网络,2025-10-30 13:09:51,23.64,26700,23.66,D
sz002517,恺英网络,2025-10-30 13:09:54,23.65,44700,23.64,U
sz002517,恺英网络,2025-10-30 13:09:57,23.65,20500,23.65,U
sz002517,恺英网络,2025-10-30 13:10:03,23.64,22900,23.64,D
sz002517,恺英网络,2025-10-30 13:10:06,23.62,32200,23.64,D
sz002517,恺英网络,2025-10-30 13:10:09,23.62,31400,23.62,D
sz002517,恺英网络,2025-10-30 13:10:12,23.62,39200,23.62,D
sz002517,恺英网络,2025-10-30 13:10:15,23.63,45100,23.62,U
sz002517,恺英网络,2025-10-30 13:10:18,23.61,27400,23.63,D
sz002517,恺英网络,2025-10-30 13:10:21,23.63,20050,23.61,U
sz002517,恺英网络,2025-10-30 13:10:24,23.63,20200,23.63,D
sz002517,恺英网络,2025-10-30 13:10:33,23.61,13300,23.61,D
sz002517,恺英网络,2025-10-30 13:10:36,23.61,14500,23.61,D
sz002517,恺英网络,2025-10-30 13:10:42,23.62,14500,23.61,U
sz002517,恺英网络,2025-10-30 13:10:45,23.62,9300,23.62,D
sz002517,恺英网络,2025-10-30 13:10:51,23.61,9500,23.61,D
sz002517,恺英网络,2025-10-30 13:10:54,23.61,13700,23.61,D
sz002517,恺英网络,2025-10-30 13:11:00,23.62,8700,23.61,U
sz002517,恺英网络,2025-10-30 13:11:03,23.61,11800,23.62,D
sz002517,恺英网络,2025-10-30 13:11:12,23.62,9500,23.61,U
sz002517,恺英网络,2025-10-30 13:11:18,23.62,10200,23.61,U
sz002517,恺英网络,2025-10-30 13:11:27,23.61,9600,23.61,D
sz002517,恺英网络,2025-10-30 13:11:33,23.61,8700,23.62,D
sz002517,恺英网络,2025-10-30 13:11:36,23.61,11700,23.61,D
sz002517,恺英网络,2025-10-30 13:11:42,23.61,20300,23.62,D
sz002517,恺英网络,2025-10-30 13:11:45,23.6,21843,23.61,D
sz002517,恺英网络,2025-10-30 13:11:48,23.6,16600,23.6,D
sz002517,恺英网络,2025-10-30 13:11:51,23.61,15900,23.6,U
sz002517,恺英网络,2025-10-30 13:12:00,23.6,8600,23.61,D
sz002517,恺英网络,2025-10-30 13:12:06,23.6,12000,23.61,D
sz002517,恺英网络,2025-10-30 13:12:18,23.6,80900,23.61,D
sz002517,恺英网络,2025-10-30 13:12:21,23.6,14800,23.6,D
sz002517,恺英网络,2025-10-30 13:12:24,23.6,10500,23.6,D
sz002517,恺英网络,2025-10-30 13:12:27,23.6,34100,23.6,D
sz002517,恺英网络,2025-10-30 13:12:33,23.6,13500,23.6,D
sz002517,恺英网络,2025-10-30 13:12:36,23.6,18000,23.6,D
sz002517,恺英网络,2025-10-30 13:12:39,23.6,11600,23.6,D
sz002517,恺英网络,2025-10-30 13:12:42,23.6,9500,23.6,D
sz002517,恺英网络,2025-10-30 13:12:45,23.61,11400,23.6,U
sz002517,恺英网络,2025-10-30 13:12:51,23.6,146757,23.6,D
sz002517,恺英网络,2025-10-30 13:12:54,23.6,13700,23.6,D
sz002517,恺英网络,2025-10-30 13:12:57,23.61,183400,23.6,U
sz002517,恺英网络,2025-10-30 13:13:00,23.59,57343,23.61,D
sz002517,恺英网络,2025-10-30 13:13:03,23.59,29257,23.59,D
sz002517,恺英网络,2025-10-30 13:13:06,23.58,43000,23.59,D
sz002517,恺英网络,2025-10-30 13:13:15,23.58,13100,23.58,D
sz002517,恺英网络,2025-10-30 13:13:18,23.59,8900,23.58,U
sz002517,恺英网络,2025-10-30 13:13:24,23.58,15900,23.58,D
sz002517,恺英网络,2025-10-30 13:13:45,23.59,10200,23.58,U
sz002517,恺英网络,2025-10-30 13:13:48,23.59,18100,23.59,U
sz002517,恺英网络,2025-10-30 13:13:51,23.58,9800,23.59,D
sz002517,恺英网络,2025-10-30 13:13:57,23.59,14700,23.58,D
sz002517,恺英网络,2025-10-30 13:14:03,23.58,11000,23.59,D
sz002517,恺英网络,2025-10-30 13:14:06,23.58,13700,23.58,D
sz002517,恺英网络,2025-10-30 13:14:09,23.58,9900,23.58,D
sz002517,恺英网络,2025-10-30 13:14:15,23.57,21400,23.59,D
sz002517,恺英网络,2025-10-30 13:14:18,23.57,13000,23.57,D
sz002517,恺英网络,2025-10-30 13:14:21,23.57,28500,23.57,D
sz002517,恺英网络,2025-10-30 13:14:24,23.56,22900,23.57,D
sz002517,恺英网络,2025-10-30 13:14:27,23.56,11000,23.56,D
sz002517,恺英网络,2025-10-30 13:14:33,23.57,37800,23.57,D
sz002517,恺英网络,2025-10-30 13:14:36,23.56,8900,23.57,D
sz002517,恺英网络,2025-10-30 13:14:54,23.56,24800,23.58,D
sz002517,恺英网络,2025-10-30 13:15:06,23.57,21000,23.56,E
sz002517,恺英网络,2025-10-30 13:15:09,23.57,10300,23.57,U
sz002517,恺英网络,2025-10-30 13:15:18,23.56,9000,23.56,D
sz002517,恺英网络,2025-10-30 13:15:24,23.56,10500,23.57,D
sz002517,恺英网络,2025-10-30 13:15:27,23.57,50800,23.56,U
sz002517,恺英网络,2025-10-30 13:15:33,23.56,8700,23.57,D
sz002517,恺英网络,2025-10-30 13:15:36,23.56,14500,23.56,D
sz002517,恺英网络,2025-10-30 13:15:42,23.56,10600,23.57,D
sz002517,恺英网络,2025-10-30 13:15:45,23.56,9900,23.56,D
sz002517,恺英网络,2025-10-30 13:15:48,23.56,42000,23.56,D
sz002517,恺英网络,2025-10-30 13:15:51,23.55,11700,23.56,D
sz002517,恺英网络,2025-10-30 13:15:54,23.57,14600,23.55,U
sz002517,恺英网络,2025-10-30 13:16:03,23.55,9000,23.57,D
sz002517,恺英网络,2025-10-30 13:16:06,23.55,18400,23.55,D
sz002517,恺英网络,2025-10-30 13:16:09,23.55,25100,23.55,D
sz002517,恺英网络,2025-10-30 13:16:15,23.55,13500,23.56,D
sz002517,恺英网络,2025-10-30 13:16:21,23.57,26600,23.56,U
sz002517,恺英网络,2025-10-30 13:16:27,23.58,10300,23.57,U
sz002517,恺英网络,2025-10-30 13:16:39,23.58,13800,23.58,U
sz002517,恺英网络,2025-10-30 13:16:48,23.58,8800,23.58,U
sz002517,恺英网络,2025-10-30 13:16:54,23.58,52400,23.59,D
sz002517,恺英网络,2025-10-30 13:17:00,23.61,10500,23.6,U
sz002517,恺英网络,2025-10-30 13:17:03,23.61,19500,23.61,D
sz002517,恺英网络,2025-10-30 13:17:06,23.64,16600,23.61,U
sz002517,恺英网络,2025-10-30 13:17:54,23.65,40500,23.66,D
sz002517,恺英网络,2025-10-30 13:17:57,23.66,12500,23.65,U
sz002517,恺英网络,2025-10-30 13:18:03,23.66,19300,23.65,U
sz002517,恺英网络,2025-10-30 13:18:06,23.66,9800,23.66,U
sz002517,恺英网络,2025-10-30 13:18:12,23.64,16900,23.65,D
sz002517,恺英网络,2025-10-30 13:18:15,23.65,35600,23.64,U
sz002517,恺英网络,2025-10-30 13:18:24,23.6,37200,23.61,D
sz002517,恺英网络,2025-10-30 13:18:30,23.6,8700,23.6,D
sz002517,恺英网络,2025-10-30 13:18:33,23.6,20200,23.6,D
sz002517,恺英网络,2025-10-30 13:18:36,23.58,20400,23.6,D
sz002517,恺英网络,2025-10-30 13:18:45,23.58,13200,23.6,D
sz002517,恺英网络,2025-10-30 13:18:48,23.61,10000,23.58,U
sz002517,恺英网络,2025-10-30 13:18:51,23.61,19700,23.61,D
sz002517,恺英网络,2025-10-30 13:18:54,23.62,10100,23.61,E
sz002517,恺英网络,2025-10-30 13:18:57,23.6,15500,23.62,D
sz002517,恺英网络,2025-10-30 13:19:03,23.6,22300,23.62,D
sz002517,恺英网络,2025-10-30 13:19:06,23.61,9700,23.6,U
sz002517,恺英网络,2025-10-30 13:19:09,23.6,16000,23.61,D
sz002517,恺英网络,2025-10-30 13:19:12,23.6,13200,23.6,D
sz002517,恺英网络,2025-10-30 13:19:24,23.6,16700,23.61,D
sz002517,恺英网络,2025-10-30 13:19:27,23.62,9700,23.6,U
sz002517,恺英网络,2025-10-30 13:19:33,23.6,14800,23.62,D
sz002517,恺英网络,2025-10-30 13:19:36,23.6,13000,23.6,D
sz002517,恺英网络,2025-10-30 13:19:39,23.61,10600,23.6,E
sz002517,恺英网络,2025-10-30 13:19:42,23.61,10000,23.61,D
sz002517,恺英网络,2025-10-30 13:19:45,23.6,17300,23.61,D
sz002517,恺英网络,2025-10-30 13:19:54,23.6,12100,23.6,D
sz002517,恺英网络,2025-10-30 13:20:03,23.61,9400,23.61,E
sz002517,恺英网络,2025-10-30 13:20:12,23.61,11700,23.6,D
sz002517,恺英网络,2025-10-30 13:20:21,23.6,36700,23.6,D
sz002517,恺英网络,2025-10-30 13:20:24,23.59,23600,23.6,D
sz002517,恺英网络,2025-10-30 13:20:27,23.59,41700,23.59,D
sz002517,恺英网络,2025-10-30 13:20:30,23.56,33700,23.59,D
sz002517,恺英网络,2025-10-30 13:20:33,23.57,40500,23.56,U
sz002517,恺英网络,2025-10-30 13:20:51,23.57,23700,23.56,U
sz002517,恺英网络,2025-10-30 13:20:57,23.58,8800,23.57,U
sz002517,恺英网络,2025-10-30 13:21:15,23.58,12700,23.58,U
sz002517,恺英网络,2025-10-30 13:21:30,23.61,8900,23.6,U
sz002517,恺英网络,2025-10-30 13:21:33,23.6,10100,23.61,D
sz002517,恺英网络,2025-10-30 13:21:36,23.6,10000,23.6,D
sz002517,恺英网络,2025-10-30 13:21:45,23.62,9400,23.62,U
sz002517,恺英网络,2025-10-30 13:22:06,23.62,13100,23.63,D
sz002517,恺英网络,2025-10-30 13:22:12,23.61,12000,23.61,D
sz002517,恺英网络,2025-10-30 13:22:21,23.59,30500,23.6,D
sz002517,恺英网络,2025-10-30 13:22:27,23.59,11500,23.61,D
sz002517,恺英网络,2025-10-30 13:22:39,23.6,15800,23.59,U
sz002517,恺英网络,2025-10-30 13:22:42,23.61,10300,23.6,U
sz002517,恺英网络,2025-10-30 13:22:48,23.6,10800,23.6,D
sz002517,恺英网络,2025-10-30 13:22:51,23.6,16500,23.6,D
sz002517,恺英网络,2025-10-30 13:22:57,23.6,13100,23.6,D
sz002517,恺英网络,2025-10-30 13:23:00,23.59,10500,23.6,D
sz002517,恺英网络,2025-10-30 13:23:06,23.59,14600,23.59,D
sz002517,恺英网络,2025-10-30 13:23:09,23.58,21400,23.59,D
sz002517,恺英网络,2025-10-30 13:23:15,23.59,10900,23.58,E
sz002517,恺英网络,2025-10-30 13:23:18,23.58,12000,23.59,D
sz002517,恺英网络,2025-10-30 13:23:21,23.58,17600,23.58,D
sz002517,恺英网络,2025-10-30 13:23:24,23.58,14700,23.58,D
sz002517,恺英网络,2025-10-30 13:23:27,23.58,10300,23.58,D
sz002517,恺英网络,2025-10-30 13:23:30,23.57,10900,23.58,D
sz002517,恺英网络,2025-10-30 13:24:03,23.58,18000,23.58,D
sz002517,恺英网络,2025-10-30 13:24:09,23.57,12200,23.58,D
sz002517,恺英网络,2025-10-30 13:24:21,23.57,9200,23.59,D
sz002517,恺英网络,2025-10-30 13:24:36,23.58,10300,23.58,D
sz002517,恺英网络,2025-10-30 13:24:48,23.57,16800,23.57,D
sz002517,恺英网络,2025-10-30 13:25:00,23.57,8500,23.57,D
sz002517,恺英网络,2025-10-30 13:25:03,23.59,15800,23.57,U
sz002517,恺英网络,2025-10-30 13:25:06,23.57,17300,23.59,D
sz002517,恺英网络,2025-10-30 13:25:09,23.58,33100,23.57,E
sz002517,恺英网络,2025-10-30 13:25:12,23.57,12700,23.58,D
sz002517,恺英网络,2025-10-30 13:25:18,23.57,9400,23.58,D
sz002517,恺英网络,2025-10-30 13:25:21,23.57,15400,23.57,D
sz002517,恺英网络,2025-10-30 13:25:30,23.57,15500,23.57,D
sz002517,恺英网络,2025-10-30 13:25:33,23.58,9500,23.57,U
sz002517,恺英网络,2025-10-30 13:25:36,23.58,8700,23.58,E
sz002517,恺英网络,2025-10-30 13:25:39,23.58,9200,23.58,D
sz002517,恺英网络,2025-10-30 13:26:00,23.57,9400,23.58,D
sz002517,恺英网络,2025-10-30 13:26:03,23.57,9000,23.57,D
sz002517,恺英网络,2025-10-30 13:26:15,23.57,11200,23.57,D
sz002517,恺英网络,2025-10-30 13:26:21,23.58,18400,23.58,D
sz002517,恺英网络,2025-10-30 13:26:24,23.65,49100,23.58,U
sz002517,恺英网络,2025-10-30 13:26:27,23.65,22700,23.65,D
sz002517,恺英网络,2025-10-30 13:26:30,23.61,13800,23.65,D
sz002517,恺英网络,2025-10-30 13:26:39,23.59,11700,23.63,D
sz002517,恺英网络,2025-10-30 13:26:51,23.6,11600,23.62,D
sz002517,恺英网络,2025-10-30 13:27:06,23.59,17900,23.62,D
sz002517,恺英网络,2025-10-30 13:27:12,23.63,20100,23.62,U
sz002517,恺英网络,2025-10-30 13:27:18,23.62,10000,23.62,D
sz002517,恺英网络,2025-10-30 13:27:30,23.61,9000,23.61,D
sz002517,恺英网络,2025-10-30 13:27:36,23.59,15400,23.61,D
sz002517,恺英网络,2025-10-30 13:27:39,23.59,16200,23.59,D
sz002517,恺英网络,2025-10-30 13:27:48,23.58,11500,23.59,D
sz002517,恺英网络,2025-10-30 13:27:51,23.6,12400,23.58,U
sz002517,恺英网络,2025-10-30 13:28:09,23.59,9500,23.58,E
sz002517,恺英网络,2025-10-30 13:28:15,23.59,19200,23.59,D
sz002517,恺英网络,2025-10-30 13:28:18,23.58,10100,23.59,D
sz002517,恺英网络,2025-10-30 13:28:30,23.58,9700,23.58,D
sz002517,恺英网络,2025-10-30 13:28:39,23.58,9700,23.58,D
sz002517,恺英网络,2025-10-30 13:28:42,23.6,8500,23.58,U
sz002517,恺英网络,2025-10-30 13:28:48,23.58,13000,23.58,D
sz002517,恺英网络,2025-10-30 13:29:21,23.58,16300,23.6,D
sz002517,恺英网络,2025-10-30 13:29:30,23.59,9900,23.59,D
sz002517,恺英网络,2025-10-30 13:29:39,23.58,9400,23.6,D
sz002517,恺英网络,2025-10-30 13:29:42,23.58,8900,23.58,D
sz002517,恺英网络,2025-10-30 13:29:48,23.58,20500,23.58,D
sz002517,恺英网络,2025-10-30 13:29:51,23.58,11400,23.58,D
sz002517,恺英网络,2025-10-30 13:29:57,23.58,8700,23.59,D
sz002517,恺英网络,2025-10-30 13:30:06,23.58,18500,23.58,D
sz002517,恺英网络,2025-10-30 13:30:09,23.58,13200,23.58,D
sz002517,恺英网络,2025-10-30 13:30:12,23.57,15400,23.58,D
sz002517,恺英网络,2025-10-30 13:30:15,23.57,30500,23.57,D
sz002517,恺英网络,2025-10-30 13:30:18,23.57,17900,23.57,D
sz002517,恺英网络,2025-10-30 13:30:21,23.57,17300,23.57,D
sz002517,恺英网络,2025-10-30 13:30:24,23.57,16200,23.57,D
sz002517,恺英网络,2025-10-30 13:30:27,23.58,30400,23.57,U
sz002517,恺英网络,2025-10-30 13:30:30,23.58,11100,23.58,D
sz002517,恺英网络,2025-10-30 13:30:33,23.59,26900,23.58,U
sz002517,恺英网络,2025-10-30 13:30:39,23.58,16300,23.58,D
sz002517,恺英网络,2025-10-30 13:30:42,23.58,27400,23.58,D
sz002517,恺英网络,2025-10-30 13:30:48,23.59,10100,23.58,U
sz002517,恺英网络,2025-10-30 13:30:51,23.58,13000,23.59,D
sz002517,恺英网络,2025-10-30 13:31:00,23.59,20600,23.58,U
sz002517,恺英网络,2025-10-30 13:31:06,23.58,10100,23.59,D
sz002517,恺英网络,2025-10-30 13:31:09,23.58,25100,23.58,D
sz002517,恺英网络,2025-10-30 13:31:12,23.58,9400,23.58,D
sz002517,恺英网络,2025-10-30 13:31:18,23.58,9000,23.58,D
sz002517,恺英网络,2025-10-30 13:31:21,23.58,8600,23.58,D
sz002517,恺英网络,2025-10-30 13:31:24,23.58,11500,23.58,D
sz002517,恺英网络,2025-10-30 13:31:27,23.58,12100,23.58,D
sz002517,恺英网络,2025-10-30 13:31:30,23.57,16000,23.58,D
sz002517,恺英网络,2025-10-30 13:31:33,23.58,16100,23.57,U
sz002517,恺英网络,2025-10-30 13:31:36,23.58,23200,23.58,U
sz002517,恺英网络,2025-10-30 13:31:39,23.57,18500,23.58,D
sz002517,恺英网络,2025-10-30 13:31:42,23.57,9400,23.57,D
sz002517,恺英网络,2025-10-30 13:31:45,23.57,12300,23.57,D
sz002517,恺英网络,2025-10-30 13:32:09,23.58,12900,23.57,U
sz002517,恺英网络,2025-10-30 13:32:12,23.57,9300,23.58,D
sz002517,恺英网络,2025-10-30 13:32:18,23.57,8500,23.57,D
sz002517,恺英网络,2025-10-30 13:32:21,23.57,12400,23.57,D
sz002517,恺英网络,2025-10-30 13:32:30,23.57,12800,23.58,D
sz002517,恺英网络,2025-10-30 13:32:36,23.57,16100,23.58,D
sz002517,恺英网络,2025-10-30 13:32:39,23.57,15700,23.57,D
sz002517,恺英网络,2025-10-30 13:32:42,23.57,15800,23.57,D
sz002517,恺英网络,2025-10-30 13:32:45,23.57,9600,23.57,D
sz002517,恺英网络,2025-10-30 13:32:48,23.58,10700,23.57,U
sz002517,恺英网络,2025-10-30 13:32:51,23.57,9000,23.58,D
sz002517,恺英网络,2025-10-30 13:32:54,23.58,17100,23.57,U
sz002517,恺英网络,2025-10-30 13:32:57,23.57,43700,23.58,D
sz002517,恺英网络,2025-10-30 13:33:00,23.59,8600,23.57,U
sz002517,恺英网络,2025-10-30 13:33:12,23.58,9900,23.58,D
sz002517,恺英网络,2025-10-30 13:33:30,23.58,24700,23.59,D
sz002517,恺英网络,2025-10-30 13:33:39,23.58,13000,23.58,D
sz002517,恺英网络,2025-10-30 13:33:42,23.58,26700,23.58,D
sz002517,恺英网络,2025-10-30 13:33:45,23.59,19700,23.58,E
sz002517,恺英网络,2025-10-30 13:33:48,23.58,10000,23.59,D
sz002517,恺英网络,2025-10-30 13:33:57,23.57,18100,23.59,D
sz002517,恺英网络,2025-10-30 13:34:00,23.6,32000,23.57,U
sz002517,恺英网络,2025-10-30 13:34:03,23.6,11300,23.6,D
sz002517,恺英网络,2025-10-30 13:34:12,23.59,10600,23.61,D
sz002517,恺英网络,2025-10-30 13:34:15,23.61,15300,23.59,U
sz002517,恺英网络,2025-10-30 13:34:18,23.61,12000,23.61,D
sz002517,恺英网络,2025-10-30 13:34:21,23.6,20500,23.61,D
sz002517,恺英网络,2025-10-30 13:34:30,23.58,25300,23.6,D
sz002517,恺英网络,2025-10-30 13:34:33,23.57,16300,23.58,D
sz002517,恺英网络,2025-10-30 13:34:48,23.6,23600,23.58,U
sz002517,恺英网络,2025-10-30 13:35:00,23.6,38500,23.58,U
sz002517,恺英网络,2025-10-30 13:35:18,23.6,14100,23.6,D
sz002517,恺英网络,2025-10-30 13:35:30,23.61,10000,23.61,U
sz002517,恺英网络,2025-10-30 13:35:39,23.58,17800,23.6,D
sz002517,恺英网络,2025-10-30 13:35:42,23.58,13200,23.58,D
sz002517,恺英网络,2025-10-30 13:35:57,23.58,8500,23.58,D
sz002517,恺英网络,2025-10-30 13:36:09,23.59,8900,23.6,D
sz002517,恺英网络,2025-10-30 13:36:12,23.62,10800,23.59,U
sz002517,恺英网络,2025-10-30 13:36:42,23.61,9800,23.63,D
sz002517,恺英网络,2025-10-30 13:37:00,23.62,9800,23.61,E
sz002517,恺英网络,2025-10-30 13:37:06,23.63,10000,23.61,U
sz002517,恺英网络,2025-10-30 13:37:18,23.63,10800,23.63,U
sz002517,恺英网络,2025-10-30 13:37:21,23.62,12000,23.63,U
sz002517,恺英网络,2025-10-30 13:37:27,23.62,11900,23.61,U
sz002517,恺英网络,2025-10-30 13:37:54,23.63,30000,23.61,U
sz002517,恺英网络,2025-10-30 13:37:57,23.64,21100,23.63,U
sz002517,恺英网络,2025-10-30 13:38:15,23.64,10400,23.64,D
sz002517,恺英网络,2025-10-30 13:38:18,23.64,16000,23.64,D
sz002517,恺英网络,2025-10-30 13:38:21,23.65,8700,23.64,U
sz002517,恺英网络,2025-10-30 13:38:27,23.64,9600,23.63,U
sz002517,恺英网络,2025-10-30 13:38:30,23.63,30700,23.64,D
sz002517,恺英网络,2025-10-30 13:38:33,23.63,13300,23.63,U
sz002517,恺英网络,2025-10-30 13:38:39,23.61,11700,23.62,D
sz002517,恺英网络,2025-10-30 13:38:51,23.61,12400,23.62,D
sz002517,恺英网络,2025-10-30 13:39:12,23.62,9100,23.62,D
sz002517,恺英网络,2025-10-30 13:39:15,23.61,13900,23.62,D
sz002517,恺英网络,2025-10-30 13:39:39,23.64,9700,23.63,U
sz002517,恺英网络,2025-10-30 13:39:51,23.61,12400,23.64,D
sz002517,恺英网络,2025-10-30 13:39:54,23.63,9300,23.61,E
sz002517,恺英网络,2025-10-30 13:40:06,23.62,10200,23.63,D
sz002517,恺英网络,2025-10-30 13:40:09,23.6,18200,23.62,D
sz002517,恺英网络,2025-10-30 13:40:30,23.6,11600,23.6,D
sz002517,恺英网络,2025-10-30 13:40:36,23.61,8900,23.6,U
sz002517,恺英网络,2025-10-30 13:40:39,23.62,65000,23.61,U
sz002517,恺英网络,2025-10-30 13:40:42,23.62,9200,23.62,D
sz002517,恺英网络,2025-10-30 13:40:48,23.61,30500,23.62,D
sz002517,恺英网络,2025-10-30 13:40:54,23.61,9400,23.61,U
sz002517,恺英网络,2025-10-30 13:41:00,23.61,9400,23.61,D
sz002517,恺英网络,2025-10-30 13:41:18,23.61,14200,23.61,D
sz002517,恺英网络,2025-10-30 13:41:24,23.62,59100,23.61,U
sz002517,恺英网络,2025-10-30 13:41:27,23.61,9000,23.62,E
sz002517,恺英网络,2025-10-30 13:41:54,23.62,16500,23.62,U
sz002517,恺英网络,2025-10-30 13:41:57,23.6,14300,23.62,D
sz002517,恺英网络,2025-10-30 13:42:00,23.6,52400,23.6,D
sz002517,恺英网络,2025-10-30 13:42:03,23.59,13500,23.6,D
sz002517,恺英网络,2025-10-30 13:42:06,23.59,26700,23.59,D
sz002517,恺英网络,2025-10-30 13:42:15,23.6,14200,23.59,U
sz002517,恺英网络,2025-10-30 13:42:18,23.59,10200,23.6,D
sz002517,恺英网络,2025-10-30 13:42:27,23.59,47000,23.6,D
sz002517,恺英网络,2025-10-30 13:42:45,23.62,13100,23.63,D
sz002517,恺英网络,2025-10-30 13:42:48,23.59,21400,23.62,D
sz002517,恺英网络,2025-10-30 13:42:51,23.59,22100,23.59,D
sz002517,恺英网络,2025-10-30 13:42:54,23.59,15400,23.59,D
sz002517,恺英网络,2025-10-30 13:43:09,23.59,10300,23.61,D
sz002517,恺英网络,2025-10-30 13:43:12,23.59,56100,23.59,D
sz002517,恺英网络,2025-10-30 13:43:27,23.6,11900,23.6,D
sz002517,恺英网络,2025-10-30 13:43:33,23.62,24900,23.6,U
sz002517,恺英网络,2025-10-30 13:43:36,23.63,10800,23.62,U
sz002517,恺英网络,2025-10-30 13:43:57,23.6,13600,23.62,D
sz002517,恺英网络,2025-10-30 13:44:00,23.59,10700,23.6,D
sz002517,恺英网络,2025-10-30 13:44:27,23.59,69400,23.6,D
sz002517,恺英网络,2025-10-30 13:44:30,23.61,13800,23.59,U
sz002517,恺英网络,2025-10-30 13:44:33,23.59,13300,23.61,D
sz002517,恺英网络,2025-10-30 13:44:36,23.59,14500,23.59,D
sz002517,恺英网络,2025-10-30 13:44:42,23.62,11700,23.59,U
sz002517,恺英网络,2025-10-30 13:45:00,23.62,32300,23.6,U
sz002517,恺英网络,2025-10-30 13:45:03,23.62,8600,23.62,D
sz002517,恺英网络,2025-10-30 13:45:12,23.59,10000,23.61,D
sz002517,恺英网络,2025-10-30 13:45:27,23.59,21600,23.6,D
sz002517,恺英网络,2025-10-30 13:45:30,23.59,9700,23.59,D
sz002517,恺英网络,2025-10-30 13:45:36,23.59,13100,23.59,D
sz002517,恺英网络,2025-10-30 13:45:39,23.59,17400,23.59,D
sz002517,恺英网络,2025-10-30 13:45:48,23.59,13400,23.59,D
sz002517,恺英网络,2025-10-30 13:45:51,23.59,9100,23.59,D
sz002517,恺英网络,2025-10-30 13:46:09,23.6,9200,23.6,U
sz002517,恺英网络,2025-10-30 13:46:24,23.59,15800,23.6,D
sz002517,恺英网络,2025-10-30 13:46:27,23.59,27800,23.59,D
sz002517,恺英网络,2025-10-30 13:46:30,23.61,106500,23.59,U
sz002517,恺英网络,2025-10-30 13:46:45,23.65,21500,23.62,U
sz002517,恺英网络,2025-10-30 13:47:00,23.66,8800,23.66,U
sz002517,恺英网络,2025-10-30 13:47:09,23.64,36600,23.67,D
sz002517,恺英网络,2025-10-30 13:47:15,23.67,13100,23.64,U
sz002517,恺英网络,2025-10-30 13:47:39,23.63,13000,23.64,U
sz002517,恺英网络,2025-10-30 13:47:45,23.61,8800,23.63,D
sz002517,恺英网络,2025-10-30 13:47:54,23.6,11800,23.63,D
sz002517,恺英网络,2025-10-30 13:48:00,23.63,13300,23.61,U
sz002517,恺英网络,2025-10-30 13:48:24,23.64,8900,23.65,E
sz002517,恺英网络,2025-10-30 13:49:03,23.62,22400,23.63,D
sz002517,恺英网络,2025-10-30 13:49:09,23.62,9800,23.62,U
sz002517,恺英网络,2025-10-30 13:49:12,23.66,28400,23.62,U
sz002517,恺英网络,2025-10-30 13:49:15,23.65,15500,23.66,D
sz002517,恺英网络,2025-10-30 13:49:18,23.65,12700,23.65,D
sz002517,恺英网络,2025-10-30 13:49:36,23.62,24000,23.61,E
sz002517,恺英网络,2025-10-30 13:49:39,23.61,13600,23.62,E
sz002517,恺英网络,2025-10-30 13:49:45,23.6,21900,23.6,D
sz002517,恺英网络,2025-10-30 13:49:48,23.6,11100,23.6,D
sz002517,恺英网络,2025-10-30 13:49:51,23.6,14400,23.6,D
sz002517,恺英网络,2025-10-30 13:49:57,23.6,15900,23.6,D
sz002517,恺英网络,2025-10-30 13:50:00,23.59,41600,23.6,D
sz002517,恺英网络,2025-10-30 13:50:03,23.6,24300,23.59,E
sz002517,恺英网络,2025-10-30 13:50:09,23.6,36100,23.6,D
sz002517,恺英网络,2025-10-30 13:50:12,23.6,21400,23.6,D
sz002517,恺英网络,2025-10-30 13:50:15,23.6,35500,23.6,D
sz002517,恺英网络,2025-10-30 13:50:21,23.61,64300,23.61,D
sz002517,恺英网络,2025-10-30 13:50:24,23.6,9300,23.61,D
sz002517,恺英网络,2025-10-30 13:50:30,23.6,50400,23.6,D
sz002517,恺英网络,2025-10-30 13:50:42,23.6,20700,23.61,D
sz002517,恺英网络,2025-10-30 13:50:45,23.6,31800,23.6,D
sz002517,恺英网络,2025-10-30 13:50:48,23.6,37800,23.6,D
sz002517,恺英网络,2025-10-30 13:50:51,23.59,48900,23.6,D
sz002517,恺英网络,2025-10-30 13:50:54,23.59,13800,23.59,D
sz002517,恺英网络,2025-10-30 13:50:57,23.59,35100,23.59,D
sz002517,恺英网络,2025-10-30 13:51:00,23.6,18300,23.59,U
sz002517,恺英网络,2025-10-30 13:51:18,23.59,8700,23.59,D
sz002517,恺英网络,2025-10-30 13:51:21,23.6,21700,23.59,U
sz002517,恺英网络,2025-10-30 13:51:39,23.6,11300,23.6,D
sz002517,恺英网络,2025-10-30 13:51:42,23.61,15700,23.6,U
sz002517,恺英网络,2025-10-30 13:51:45,23.59,19200,23.61,D
sz002517,恺英网络,2025-10-30 13:51:48,23.6,14500,23.59,E
sz002517,恺英网络,2025-10-30 13:51:51,23.58,25200,23.6,D
sz002517,恺英网络,2025-10-30 13:51:54,23.59,13100,23.58,E
sz002517,恺英网络,2025-10-30 13:51:57,23.58,14000,23.59,D
sz002517,恺英网络,2025-10-30 13:52:00,23.58,12500,23.58,D
sz002517,恺英网络,2025-10-30 13:52:15,23.58,11000,23.59,D
sz002517,恺英网络,2025-10-30 13:52:18,23.59,14800,23.58,U
sz002517,恺英网络,2025-10-30 13:52:27,23.59,17400,23.59,D
sz002517,恺英网络,2025-10-30 13:52:30,23.58,16200,23.59,D
sz002517,恺英网络,2025-10-30 13:52:48,23.59,22600,23.59,D
sz002517,恺英网络,2025-10-30 13:53:00,23.59,8800,23.59,U
sz002517,恺英网络,2025-10-30 13:53:03,23.58,9600,23.59,D
sz002517,恺英网络,2025-10-30 13:53:24,23.6,15200,23.6,U
sz002517,恺英网络,2025-10-30 13:53:39,23.59,35800,23.61,D
sz002517,恺英网络,2025-10-30 13:53:42,23.59,24300,23.59,D
sz002517,恺英网络,2025-10-30 13:53:45,23.58,37300,23.59,D
sz002517,恺英网络,2025-10-30 13:53:48,23.59,14900,23.58,E
sz002517,恺英网络,2025-10-30 13:53:51,23.58,18400,23.59,D
sz002517,恺英网络,2025-10-30 13:53:57,23.58,13500,23.6,D
sz002517,恺英网络,2025-10-30 13:54:00,23.58,14200,23.58,D
sz002517,恺英网络,2025-10-30 13:54:06,23.59,10300,23.59,U
sz002517,恺英网络,2025-10-30 13:54:09,23.59,10500,23.59,U
sz002517,恺英网络,2025-10-30 13:54:15,23.59,9400,23.59,U
sz002517,恺英网络,2025-10-30 13:54:24,23.59,23800,23.58,U
sz002517,恺英网络,2025-10-30 13:54:27,23.58,43300,23.59,D
sz002517,恺英网络,2025-10-30 13:54:30,23.59,17200,23.58,U
sz002517,恺英网络,2025-10-30 13:54:33,23.59,22400,23.59,U
sz002517,恺英网络,2025-10-30 13:54:48,23.58,54300,23.59,D
sz002517,恺英网络,2025-10-30 13:54:51,23.59,12400,23.58,U
