symbol,name,ticktime,price,volume,prev_price,kind
sz002517,恺英网络,2025-09-30 09:25:00,27.89,116600,0.0,D
sz002517,恺英网络,2025-09-30 09:30:00,27.84,62800,27.89,D
sz002517,恺英网络,2025-09-30 09:30:03,27.87,33300,27.84,E
sz002517,恺英网络,2025-09-30 09:30:06,27.85,35000,27.87,D
sz002517,恺英网络,2025-09-30 09:30:09,27.8,35400,27.85,D
sz002517,恺英网络,2025-09-30 09:30:12,27.82,54600,27.8,U
sz002517,恺英网络,2025-09-30 09:30:15,27.88,19400,27.82,U
sz002517,恺英网络,2025-09-30 09:30:18,27.79,32700,27.88,U
sz002517,恺英网络,2025-09-30 09:30:24,27.88,14500,27.84,U
sz002517,恺英网络,2025-09-30 09:30:27,27.88,39600,27.88,D
sz002517,恺英网络,2025-09-30 09:30:30,27.9,17300,27.88,U
sz002517,恺英网络,2025-09-30 09:30:33,27.92,21500,27.9,U
sz002517,恺英网络,2025-09-30 09:30:42,28.0,19000,28.0,D
sz002517,恺英网络,2025-09-30 09:30:45,28.0,9900,28.0,D
sz002517,恺英网络,2025-09-30 09:30:48,27.85,103200,28.0,D
sz002517,恺英网络,2025-09-30 09:30:51,27.94,160100,27.85,U
sz002517,恺英网络,2025-09-30 09:30:54,27.96,11600,27.94,U
sz002517,恺英网络,2025-09-30 09:30:57,28.05,61200,27.96,U
sz002517,恺英网络,2025-09-30 09:31:00,28.0,33200,28.05,D
sz002517,恺英网络,2025-09-30 09:31:06,27.98,42900,28.01,E
sz002517,恺英网络,2025-09-30 09:31:09,27.98,81900,27.98,U
sz002517,恺英网络,2025-09-30 09:31:12,28.0,34500,27.98,U
sz002517,恺英网络,2025-09-30 09:31:15,28.01,152600,28.0,U
sz002517,恺英网络,2025-09-30 09:31:18,28.05,62200,28.01,U
sz002517,恺英网络,2025-09-30 09:31:24,28.07,12900,28.05,U
sz002517,恺英网络,2025-09-30 09:31:27,28.05,15900,28.07,U
sz002517,恺英网络,2025-09-30 09:31:30,28.06,8800,28.05,U
sz002517,恺英网络,2025-09-30 09:31:33,28.1,14700,28.06,U
sz002517,恺英网络,2025-09-30 09:31:36,28.1,7700,28.1,U
sz002517,恺英网络,2025-09-30 09:31:39,28.09,20200,28.1,D
sz002517,恺英网络,2025-09-30 09:31:42,28.05,50400,28.09,D
sz002517,恺英网络,2025-09-30 09:31:48,28.0,18800,28.05,D
sz002517,恺英网络,2025-09-30 09:31:51,28.04,8900,28.0,U
sz002517,恺英网络,2025-09-30 09:31:54,28.05,29400,28.04,U
sz002517,恺英网络,2025-09-30 09:31:57,28.07,13700,28.05,U
sz002517,恺英网络,2025-09-30 09:32:00,28.05,12700,28.07,E
sz002517,恺英网络,2025-09-30 09:32:06,28.04,125600,28.02,U
sz002517,恺英网络,2025-09-30 09:32:09,28.05,21700,28.04,U
sz002517,恺英网络,2025-09-30 09:32:12,28.14,30500,28.05,U
sz002517,恺英网络,2025-09-30 09:32:15,28.22,36800,28.14,U
sz002517,恺英网络,2025-09-30 09:32:18,28.22,15200,28.22,D
sz002517,恺英网络,2025-09-30 09:32:21,28.24,28700,28.22,E
sz002517,恺英网络,2025-09-30 09:32:24,28.23,27500,28.24,U
sz002517,恺英网络,2025-09-30 09:32:27,28.22,34700,28.23,D
sz002517,恺英网络,2025-09-30 09:32:30,28.22,30100,28.22,U
sz002517,恺英网络,2025-09-30 09:32:33,28.22,17900,28.22,U
sz002517,恺英网络,2025-09-30 09:32:36,28.23,22700,28.22,U
sz002517,恺英网络,2025-09-30 09:32:39,28.2,8700,28.23,E
sz002517,恺英网络,2025-09-30 09:32:42,28.17,8500,28.2,D
sz002517,恺英网络,2025-09-30 09:32:48,28.19,13000,28.21,E
sz002517,恺英网络,2025-09-30 09:32:54,28.2,8700,28.19,U
sz002517,恺英网络,2025-09-30 09:32:57,28.22,10200,28.2,U
sz002517,恺英网络,2025-09-30 09:33:00,28.22,9300,28.22,U
sz002517,恺英网络,2025-09-30 09:33:03,28.23,11400,28.22,U
sz002517,恺英网络,2025-09-30 09:33:06,28.25,15000,28.23,U
sz002517,恺英网络,2025-09-30 09:33:09,28.23,9800,28.25,D
sz002517,恺英网络,2025-09-30 09:33:12,28.26,12600,28.23,U
sz002517,恺英网络,2025-09-30 09:33:15,28.25,24200,28.26,E
sz002517,恺英网络,2025-09-30 09:33:18,28.25,10200,28.25,U
sz002517,恺英网络,2025-09-30 09:33:21,28.24,31800,28.25,E
sz002517,恺英网络,2025-09-30 09:33:27,28.23,12100,28.23,U
sz002517,恺英网络,2025-09-30 09:33:33,28.22,14600,28.24,D
sz002517,恺英网络,2025-09-30 09:33:36,28.23,7500,28.22,U
sz002517,恺英网络,2025-09-30 09:33:39,28.19,8700,28.23,D
sz002517,恺英网络,2025-09-30 09:33:42,28.19,10700,28.19,E
sz002517,恺英网络,2025-09-30 09:33:45,28.18,18800,28.19,D
sz002517,恺英网络,2025-09-30 09:33:51,28.17,22200,28.18,D
sz002517,恺英网络,2025-09-30 09:33:54,28.17,18700,28.17,D
sz002517,恺英网络,2025-09-30 09:33:57,28.17,73500,28.17,U
sz002517,恺英网络,2025-09-30 09:34:03,28.04,12400,28.15,D
sz002517,恺英网络,2025-09-30 09:34:09,28.06,23400,28.06,D
sz002517,恺英网络,2025-09-30 09:34:12,28.13,34400,28.06,U
sz002517,恺英网络,2025-09-30 09:34:15,28.16,150400,28.13,U
sz002517,恺英网络,2025-09-30 09:34:18,28.15,7300,28.16,D
sz002517,恺英网络,2025-09-30 09:34:21,28.16,25100,28.15,E
sz002517,恺英网络,2025-09-30 09:34:24,28.19,26400,28.16,U
sz002517,恺英网络,2025-09-30 09:34:27,28.16,9500,28.19,D
sz002517,恺英网络,2025-09-30 09:34:30,28.21,24700,28.16,U
sz002517,恺英网络,2025-09-30 09:34:33,28.24,30500,28.21,U
sz002517,恺英网络,2025-09-30 09:34:39,28.21,21200,28.17,U
sz002517,恺英网络,2025-09-30 09:34:45,28.24,7200,28.21,U
sz002517,恺英网络,2025-09-30 09:34:51,28.23,21200,28.23,E
sz002517,恺英网络,2025-09-30 09:34:54,28.23,39200,28.23,U
sz002517,恺英网络,2025-09-30 09:34:57,28.23,19500,28.23,U
sz002517,恺英网络,2025-09-30 09:35:00,28.23,50200,28.23,U
sz002517,恺英网络,2025-09-30 09:35:03,28.24,18200,28.23,U
sz002517,恺英网络,2025-09-30 09:35:06,28.28,19100,28.24,U
sz002517,恺英网络,2025-09-30 09:35:09,28.26,9000,28.28,D
sz002517,恺英网络,2025-09-30 09:35:12,28.27,15800,28.26,U
sz002517,恺英网络,2025-09-30 09:35:15,28.27,20300,28.27,U
sz002517,恺英网络,2025-09-30 09:35:18,28.29,21800,28.27,U
sz002517,恺英网络,2025-09-30 09:35:21,28.28,83000,28.29,D
sz002517,恺英网络,2025-09-30 09:35:24,28.27,34300,28.28,E
sz002517,恺英网络,2025-09-30 09:35:27,28.27,27800,28.27,U
sz002517,恺英网络,2025-09-30 09:35:30,28.23,50500,28.27,D
sz002517,恺英网络,2025-09-30 09:35:33,28.25,33300,28.23,U
sz002517,恺英网络,2025-09-30 09:35:36,28.26,40200,28.25,U
sz002517,恺英网络,2025-09-30 09:35:39,28.25,19400,28.26,E
sz002517,恺英网络,2025-09-30 09:35:42,28.23,22100,28.25,D
sz002517,恺英网络,2025-09-30 09:35:45,28.25,12000,28.23,U
sz002517,恺英网络,2025-09-30 09:35:48,28.26,27700,28.25,E
sz002517,恺英网络,2025-09-30 09:35:51,28.27,7900,28.26,U
sz002517,恺英网络,2025-09-30 09:35:54,28.27,15600,28.27,U
sz002517,恺英网络,2025-09-30 09:35:57,28.23,8100,28.27,D
sz002517,恺英网络,2025-09-30 09:36:00,28.21,11300,28.23,D
sz002517,恺英网络,2025-09-30 09:36:06,28.13,37700,28.19,D
sz002517,恺英网络,2025-09-30 09:36:12,28.1,12200,28.13,D
sz002517,恺英网络,2025-09-30 09:36:21,28.04,10300,28.05,D
sz002517,恺英网络,2025-09-30 09:36:24,27.99,29700,28.04,D
sz002517,恺英网络,2025-09-30 09:36:30,28.0,16100,27.98,U
sz002517,恺英网络,2025-09-30 09:36:39,28.04,14600,28.0,U
sz002517,恺英网络,2025-09-30 09:36:42,28.04,10000,28.04,D
sz002517,恺英网络,2025-09-30 09:36:48,28.04,8100,28.0,U
sz002517,恺英网络,2025-09-30 09:36:54,28.0,32500,28.01,D
sz002517,恺英网络,2025-09-30 09:36:57,28.04,9700,28.0,U
sz002517,恺英网络,2025-09-30 09:37:00,27.97,18000,28.04,D
sz002517,恺英网络,2025-09-30 09:37:03,28.01,35000,27.97,U
sz002517,恺英网络,2025-09-30 09:37:18,28.01,52600,27.99,U
sz002517,恺英网络,2025-09-30 09:37:21,28.05,45900,28.01,U
sz002517,恺英网络,2025-09-30 09:37:27,28.02,14400,28.07,D
sz002517,恺英网络,2025-09-30 09:37:39,28.1,12100,28.07,U
sz002517,恺英网络,2025-09-30 09:37:48,28.09,13000,28.09,D
sz002517,恺英网络,2025-09-30 09:37:51,28.12,56100,28.09,U
sz002517,恺英网络,2025-09-30 09:37:54,28.13,9700,28.12,U
sz002517,恺英网络,2025-09-30 09:38:00,28.15,8100,28.14,U
sz002517,恺英网络,2025-09-30 09:38:09,28.19,7200,28.2,U
sz002517,恺英网络,2025-09-30 09:38:12,28.17,9700,28.19,D
sz002517,恺英网络,2025-09-30 09:38:15,28.17,11200,28.17,D
sz002517,恺英网络,2025-09-30 09:38:18,28.17,8100,28.17,D
sz002517,恺英网络,2025-09-30 09:38:21,28.17,9400,28.17,U
sz002517,恺英网络,2025-09-30 09:38:24,28.17,16300,28.17,U
sz002517,恺英网络,2025-09-30 09:38:27,28.17,8700,28.17,D
sz002517,恺英网络,2025-09-30 09:38:36,28.13,13000,28.18,D
sz002517,恺英网络,2025-09-30 09:38:39,28.16,61800,28.13,U
sz002517,恺英网络,2025-09-30 09:38:51,28.14,9700,28.13,U
sz002517,恺英网络,2025-09-30 09:38:57,28.13,9700,28.1,U
sz002517,恺英网络,2025-09-30 09:39:03,28.09,14100,28.11,D
sz002517,恺英网络,2025-09-30 09:39:09,28.09,15500,28.12,D
sz002517,恺英网络,2025-09-30 09:39:15,28.07,12400,28.09,D
sz002517,恺英网络,2025-09-30 09:39:24,28.0,38800,28.02,D
sz002517,恺英网络,2025-09-30 09:39:27,28.0,11000,28.0,D
sz002517,恺英网络,2025-09-30 09:39:30,28.01,15300,28.0,U
sz002517,恺英网络,2025-09-30 09:39:33,28.05,34000,28.01,U
sz002517,恺英网络,2025-09-30 09:39:36,28.05,16700,28.05,U
sz002517,恺英网络,2025-09-30 09:39:48,28.01,32800,28.02,D
sz002517,恺英网络,2025-09-30 09:39:57,28.02,7200,28.02,D
sz002517,恺英网络,2025-09-30 09:40:12,28.01,9900,28.03,D
sz002517,恺英网络,2025-09-30 09:40:15,28.01,9600,28.01,D
sz002517,恺英网络,2025-09-30 09:40:18,27.97,12900,28.01,D
sz002517,恺英网络,2025-09-30 09:40:21,27.93,30400,27.97,D
sz002517,恺英网络,2025-09-30 09:40:30,27.95,9900,27.92,U
sz002517,恺英网络,2025-09-30 09:40:33,27.9,17700,27.95,D
sz002517,恺英网络,2025-09-30 09:40:36,27.95,10700,27.9,U
sz002517,恺英网络,2025-09-30 09:40:39,27.95,13100,27.95,D
sz002517,恺英网络,2025-09-30 09:40:42,27.93,11000,27.95,D
sz002517,恺英网络,2025-09-30 09:40:48,27.97,28200,27.95,U
sz002517,恺英网络,2025-09-30 09:41:00,27.95,12600,27.96,D
sz002517,恺英网络,2025-09-30 09:41:06,27.97,29200,27.95,U
sz002517,恺英网络,2025-09-30 09:41:09,27.98,8600,27.97,U
sz002517,恺英网络,2025-09-30 09:41:12,27.94,11700,27.98,D
sz002517,恺英网络,2025-09-30 09:41:21,27.9,26000,27.95,D
sz002517,恺英网络,2025-09-30 09:41:42,27.95,7900,27.95,U
sz002517,恺英网络,2025-09-30 09:41:45,27.95,16800,27.95,U
sz002517,恺英网络,2025-09-30 09:41:54,27.97,12800,27.96,U
sz002517,恺英网络,2025-09-30 09:41:57,27.99,25800,27.97,U
sz002517,恺英网络,2025-09-30 09:42:00,28.01,17100,27.99,U
sz002517,恺英网络,2025-09-30 09:42:21,28.07,7400,28.05,U
sz002517,恺英网络,2025-09-30 09:42:27,28.11,7500,28.07,U
sz002517,恺英网络,2025-09-30 09:42:33,28.1,8900,28.1,D
sz002517,恺英网络,2025-09-30 09:42:42,28.1,11500,28.11,D
sz002517,恺英网络,2025-09-30 09:42:48,28.07,17000,28.07,D
sz002517,恺英网络,2025-09-30 09:43:00,28.04,8000,28.05,D
sz002517,恺英网络,2025-09-30 09:43:03,28.06,9900,28.04,U
sz002517,恺英网络,2025-09-30 09:43:12,28.06,10900,28.04,U
sz002517,恺英网络,2025-09-30 09:43:24,28.04,12400,28.05,D
sz002517,恺英网络,2025-09-30 09:43:30,28.06,16900,28.06,U
sz002517,恺英网络,2025-09-30 09:43:33,28.05,21200,28.06,D
sz002517,恺英网络,2025-09-30 09:43:42,27.98,23400,28.03,D
sz002517,恺英网络,2025-09-30 09:44:12,27.93,13000,27.95,D
sz002517,恺英网络,2025-09-30 09:44:21,27.94,8300,27.92,E
sz002517,恺英网络,2025-09-30 09:44:27,27.94,18700,27.92,U
sz002517,恺英网络,2025-09-30 09:44:30,27.94,41400,27.94,D
sz002517,恺英网络,2025-09-30 09:44:36,27.92,44000,27.95,D
sz002517,恺英网络,2025-09-30 09:44:42,27.95,24600,27.95,E
sz002517,恺英网络,2025-09-30 09:44:45,27.92,15200,27.95,D
sz002517,恺英网络,2025-09-30 09:44:54,27.91,29800,27.92,D
sz002517,恺英网络,2025-09-30 09:45:03,27.91,7700,27.91,D
sz002517,恺英网络,2025-09-30 09:45:06,27.91,13200,27.91,D
sz002517,恺英网络,2025-09-30 09:45:18,27.95,7300,27.96,E
sz002517,恺英网络,2025-09-30 09:45:27,27.94,27200,27.95,E
sz002517,恺英网络,2025-09-30 09:45:39,27.95,7600,27.95,D
sz002517,恺英网络,2025-09-30 09:45:48,27.95,8100,27.95,U
sz002517,恺英网络,2025-09-30 09:45:51,27.99,16200,27.95,U
sz002517,恺英网络,2025-09-30 09:46:03,27.96,7600,27.96,U
sz002517,恺英网络,2025-09-30 09:46:18,27.95,7300,27.96,D
sz002517,恺英网络,2025-09-30 09:46:24,27.91,25800,27.95,D
sz002517,恺英网络,2025-09-30 09:46:27,27.89,9500,27.91,D
sz002517,恺英网络,2025-09-30 09:46:30,27.9,15700,27.89,U
sz002517,恺英网络,2025-09-30 09:46:45,27.87,9000,27.85,U
sz002517,恺英网络,2025-09-30 09:46:48,27.85,30000,27.87,D
sz002517,恺英网络,2025-09-30 09:46:54,27.84,47700,27.9,D
sz002517,恺英网络,2025-09-30 09:47:03,27.85,11900,27.89,D
sz002517,恺英网络,2025-09-30 09:47:12,27.84,13000,27.86,D
sz002517,恺英网络,2025-09-30 09:47:15,27.83,63900,27.84,D
sz002517,恺英网络,2025-09-30 09:47:18,27.83,21000,27.83,D
sz002517,恺英网络,2025-09-30 09:47:21,27.82,8500,27.83,D
sz002517,恺英网络,2025-09-30 09:47:24,27.84,60600,27.82,U
sz002517,恺英网络,2025-09-30 09:47:27,27.82,27900,27.84,D
sz002517,恺英网络,2025-09-30 09:47:39,27.85,12800,27.85,U
sz002517,恺英网络,2025-09-30 09:47:42,27.88,27600,27.85,U
sz002517,恺英网络,2025-09-30 09:47:45,27.88,8300,27.88,U
sz002517,恺英网络,2025-09-30 09:47:51,27.88,7700,27.88,U
sz002517,恺英网络,2025-09-30 09:47:54,27.9,37900,27.88,U
sz002517,恺英网络,2025-09-30 09:48:06,27.91,14000,27.93,D
sz002517,恺英网络,2025-09-30 09:48:09,27.93,13500,27.91,U
sz002517,恺英网络,2025-09-30 09:48:18,27.91,14100,27.92,U
sz002517,恺英网络,2025-09-30 09:48:27,27.9,9600,27.91,D
sz002517,恺英网络,2025-09-30 09:48:30,27.91,11900,27.9,U
sz002517,恺英网络,2025-09-30 09:48:45,27.91,50200,27.9,U
sz002517,恺英网络,2025-09-30 09:49:09,27.95,9600,27.95,U
sz002517,恺英网络,2025-09-30 09:49:15,27.95,21300,27.94,U
sz002517,恺英网络,2025-09-30 09:49:18,28.0,8000,27.95,U
sz002517,恺英网络,2025-09-30 09:49:30,27.96,8900,27.97,D
sz002517,恺英网络,2025-09-30 09:49:42,28.0,7800,27.97,U
sz002517,恺英网络,2025-09-30 09:49:45,27.97,10600,28.0,D
sz002517,恺英网络,2025-09-30 09:50:06,28.01,18300,28.01,U
sz002517,恺英网络,2025-09-30 09:50:12,28.01,10400,28.01,U
sz002517,恺英网络,2025-09-30 09:50:33,28.03,13400,28.01,U
sz002517,恺英网络,2025-09-30 09:50:36,27.99,17000,28.03,D
sz002517,恺英网络,2025-09-30 09:50:51,28.0,15900,28.0,U
sz002517,恺英网络,2025-09-30 09:51:00,28.0,9800,27.99,U
sz002517,恺英网络,2025-09-30 09:51:03,27.97,22600,28.0,D
sz002517,恺英网络,2025-09-30 09:51:15,28.0,19400,27.97,U
sz002517,恺英网络,2025-09-30 09:51:27,27.96,19100,27.98,D
sz002517,恺英网络,2025-09-30 09:51:30,27.96,10100,27.96,D
sz002517,恺英网络,2025-09-30 09:51:33,27.98,25500,27.96,U
sz002517,恺英网络,2025-09-30 09:51:57,27.97,11500,27.96,U
sz002517,恺英网络,2025-09-30 09:52:00,28.02,115600,27.97,U
sz002517,恺英网络,2025-09-30 09:52:06,28.03,21600,28.04,D
sz002517,恺英网络,2025-09-30 09:52:15,28.09,13100,28.06,U
sz002517,恺英网络,2025-09-30 09:52:18,28.07,15700,28.09,D
sz002517,恺英网络,2025-09-30 09:52:33,28.11,10900,28.1,D
sz002517,恺英网络,2025-09-30 09:52:45,28.12,10100,28.12,U
sz002517,恺英网络,2025-09-30 09:52:51,28.12,18600,28.12,D
sz002517,恺英网络,2025-09-30 09:52:54,28.12,8300,28.12,U
sz002517,恺英网络,2025-09-30 09:52:57,28.09,18800,28.12,D
sz002517,恺英网络,2025-09-30 09:53:00,28.07,19600,28.09,D
sz002517,恺英网络,2025-09-30 09:53:03,28.03,16700,28.07,D
sz002517,恺英网络,2025-09-30 09:53:27,27.99,9700,27.99,U
sz002517,恺英网络,2025-09-30 09:53:30,27.99,7600,27.99,U
sz002517,恺英网络,2025-09-30 09:53:39,27.98,8000,27.99,D
sz002517,恺英网络,2025-09-30 09:53:57,27.94,49100,27.97,D
sz002517,恺英网络,2025-09-30 09:54:03,27.93,17900,27.93,D
sz002517,恺英网络,2025-09-30 09:54:18,27.91,8100,27.92,D
sz002517,恺英网络,2025-09-30 09:54:21,27.92,19400,27.91,U
sz002517,恺英网络,2025-09-30 09:54:24,27.92,14600,27.92,U
sz002517,恺英网络,2025-09-30 09:54:33,27.88,45800,27.9,D
sz002517,恺英网络,2025-09-30 09:55:06,27.88,30400,27.88,U
sz002517,恺英网络,2025-09-30 09:55:39,27.91,10100,27.91,D
sz002517,恺英网络,2025-09-30 09:55:57,27.92,8700,27.91,U
sz002517,恺英网络,2025-09-30 09:56:15,27.89,18900,27.89,D
sz002517,恺英网络,2025-09-30 09:56:18,27.89,21900,27.89,U
sz002517,恺英网络,2025-09-30 09:56:21,27.88,26000,27.89,D
sz002517,恺英网络,2025-09-30 09:56:27,27.88,8900,27.88,U
sz002517,恺英网络,2025-09-30 09:56:30,27.87,9300,27.88,E
sz002517,恺英网络,2025-09-30 09:56:33,27.86,7300,27.87,U
sz002517,恺英网络,2025-09-30 09:57:09,27.87,11800,27.88,D
sz002517,恺英网络,2025-09-30 09:57:12,27.88,7300,27.87,U
sz002517,恺英网络,2025-09-30 09:57:18,27.86,27400,27.87,D
sz002517,恺英网络,2025-09-30 09:57:21,27.85,10800,27.86,D
sz002517,恺英网络,2025-09-30 09:57:33,27.87,12100,27.87,U
sz002517,恺英网络,2025-09-30 09:57:48,27.86,21300,27.86,D
sz002517,恺英网络,2025-09-30 09:57:51,27.85,9900,27.86,D
sz002517,恺英网络,2025-09-30 09:57:54,27.85,7900,27.85,U
sz002517,恺英网络,2025-09-30 09:57:57,27.83,13700,27.85,D
sz002517,恺英网络,2025-09-30 09:58:03,27.83,17700,27.83,D
sz002517,恺英网络,2025-09-30 09:58:18,27.81,17200,27.82,D
sz002517,恺英网络,2025-09-30 09:58:21,27.8,8300,27.81,D
sz002517,恺英网络,2025-09-30 09:58:24,27.8,14700,27.8,D
sz002517,恺英网络,2025-09-30 09:58:36,27.8,7200,27.8,D
sz002517,恺英网络,2025-09-30 09:58:39,27.8,31400,27.8,D
sz002517,恺英网络,2025-09-30 09:58:48,27.79,18800,27.8,D
sz002517,恺英网络,2025-09-30 09:58:54,27.81,27100,27.8,U
sz002517,恺英网络,2025-09-30 09:59:06,27.77,9000,27.78,D
sz002517,恺英网络,2025-09-30 09:59:09,27.77,30200,27.77,D
sz002517,恺英网络,2025-09-30 09:59:15,27.79,33000,27.76,U
sz002517,恺英网络,2025-09-30 09:59:18,27.85,44300,27.79,U
sz002517,恺英网络,2025-09-30 09:59:27,27.79,8600,27.78,D
sz002517,恺英网络,2025-09-30 09:59:39,27.8,11800,27.79,U
sz002517,恺英网络,2025-09-30 09:59:42,27.79,32200,27.8,D
sz002517,恺英网络,2025-09-30 09:59:54,27.79,13600,27.8,D
sz002517,恺英网络,2025-09-30 09:59:57,27.8,12300,27.79,U
sz002517,恺英网络,2025-09-30 10:00:00,27.79,10700,27.8,E
sz002517,恺英网络,2025-09-30 10:00:03,27.77,60500,27.79,D
sz002517,恺英网络,2025-09-30 10:00:06,27.75,16900,27.77,D
sz002517,恺英网络,2025-09-30 10:00:09,27.73,10900,27.75,D
sz002517,恺英网络,2025-09-30 10:00:15,27.68,125108,27.73,D
sz002517,恺英网络,2025-09-30 10:00:18,27.68,24500,27.68,U
sz002517,恺英网络,2025-09-30 10:00:21,27.68,25300,27.68,D
sz002517,恺英网络,2025-09-30 10:00:33,27.69,13400,27.7,D
sz002517,恺英网络,2025-09-30 10:00:39,27.67,14500,27.68,D
sz002517,恺英网络,2025-09-30 10:00:42,27.68,18100,27.67,U
sz002517,恺英网络,2025-09-30 10:00:45,27.66,24200,27.68,D
sz002517,恺英网络,2025-09-30 10:00:48,27.67,8900,27.66,D
sz002517,恺英网络,2025-09-30 10:00:54,27.65,34800,27.67,D
sz002517,恺英网络,2025-09-30 10:00:57,27.67,13000,27.65,E
sz002517,恺英网络,2025-09-30 10:01:03,27.68,8700,27.67,U
sz002517,恺英网络,2025-09-30 10:01:06,27.66,10500,27.68,D
sz002517,恺英网络,2025-09-30 10:01:09,27.67,21100,27.66,U
sz002517,恺英网络,2025-09-30 10:01:12,27.68,16000,27.67,E
sz002517,恺英网络,2025-09-30 10:01:15,27.71,23200,27.68,U
sz002517,恺英网络,2025-09-30 10:01:18,27.7,13692,27.71,E
sz002517,恺英网络,2025-09-30 10:01:30,27.74,17500,27.72,E
sz002517,恺英网络,2025-09-30 10:01:36,27.7,9000,27.74,D
sz002517,恺英网络,2025-09-30 10:01:42,27.7,17500,27.74,D
sz002517,恺英网络,2025-09-30 10:02:03,27.71,12600,27.7,D
sz002517,恺英网络,2025-09-30 10:03:12,27.73,9800,27.75,D
sz002517,恺英网络,2025-09-30 10:03:15,27.73,10100,27.73,D
sz002517,恺英网络,2025-09-30 10:03:24,27.71,7300,27.71,D
sz002517,恺英网络,2025-09-30 10:03:30,27.74,8600,27.71,U
sz002517,恺英网络,2025-09-30 10:03:54,27.76,22100,27.73,U
sz002517,恺英网络,2025-09-30 10:04:06,27.74,8200,27.77,D
sz002517,恺英网络,2025-09-30 10:04:09,27.75,8900,27.74,U
sz002517,恺英网络,2025-09-30 10:05:12,27.75,8400,27.75,U
sz002517,恺英网络,2025-09-30 10:05:33,27.76,13700,27.76,D
sz002517,恺英网络,2025-09-30 10:06:12,27.76,7900,27.76,U
sz002517,恺英网络,2025-09-30 10:06:18,27.76,7700,27.76,D
sz002517,恺英网络,2025-09-30 10:06:27,27.76,8400,27.78,D
sz002517,恺英网络,2025-09-30 10:06:51,27.76,12500,27.75,U
sz002517,恺英网络,2025-09-30 10:07:03,27.76,8500,27.75,U
sz002517,恺英网络,2025-09-30 10:07:12,27.78,10700,27.77,U
sz002517,恺英网络,2025-09-30 10:07:15,27.8,13100,27.78,U
sz002517,恺英网络,2025-09-30 10:07:21,27.82,23200,27.8,U
sz002517,恺英网络,2025-09-30 10:07:45,27.82,8900,27.82,U
sz002517,恺英网络,2025-09-30 10:08:33,27.87,16500,27.87,D
sz002517,恺英网络,2025-09-30 10:08:36,27.87,8700,27.87,D
sz002517,恺英网络,2025-09-30 10:08:39,27.87,17400,27.87,U
sz002517,恺英网络,2025-09-30 10:08:42,27.86,9500,27.87,D
sz002517,恺英网络,2025-09-30 10:08:54,27.86,10400,27.86,D
sz002517,恺英网络,2025-09-30 10:09:00,27.86,20300,27.87,D
sz002517,恺英网络,2025-09-30 10:09:06,27.87,10100,27.87,D
sz002517,恺英网络,2025-09-30 10:09:42,27.87,8600,27.87,U
sz002517,恺英网络,2025-09-30 10:09:45,27.86,12100,27.87,D
sz002517,恺英网络,2025-09-30 10:09:54,27.87,10200,27.89,D
sz002517,恺英网络,2025-09-30 10:10:09,27.87,26800,27.89,D
sz002517,恺英网络,2025-09-30 10:10:15,27.87,17900,27.87,U
sz002517,恺英网络,2025-09-30 10:11:09,27.82,13200,27.82,U
sz002517,恺英网络,2025-09-30 10:11:12,27.82,7800,27.82,U
sz002517,恺英网络,2025-09-30 10:11:24,27.85,25800,27.84,U
sz002517,恺英网络,2025-09-30 10:11:54,27.82,9000,27.8,U
sz002517,恺英网络,2025-09-30 10:12:03,27.8,7300,27.83,D
sz002517,恺英网络,2025-09-30 10:12:27,27.81,7900,27.85,D
sz002517,恺英网络,2025-09-30 10:13:21,27.82,7200,27.83,D
sz002517,恺英网络,2025-09-30 10:13:24,27.82,8600,27.82,D
sz002517,恺英网络,2025-09-30 10:13:36,27.81,11500,27.81,U
sz002517,恺英网络,2025-09-30 10:13:39,27.82,9700,27.81,U
sz002517,恺英网络,2025-09-30 10:13:42,27.81,21800,27.82,D
sz002517,恺英网络,2025-09-30 10:13:45,27.81,8500,27.81,D
sz002517,恺英网络,2025-09-30 10:13:57,27.8,21800,27.77,U
sz002517,恺英网络,2025-09-30 10:14:00,27.77,23600,27.8,D
sz002517,恺英网络,2025-09-30 10:14:12,27.77,15400,27.77,D
sz002517,恺英网络,2025-09-30 10:14:18,27.76,9000,27.77,D
sz002517,恺英网络,2025-09-30 10:14:24,27.77,11200,27.77,U
sz002517,恺英网络,2025-09-30 10:14:27,27.77,9300,27.77,D
sz002517,恺英网络,2025-09-30 10:14:30,27.77,7700,27.77,D
sz002517,恺英网络,2025-09-30 10:14:33,27.78,10100,27.77,U
sz002517,恺英网络,2025-09-30 10:14:36,27.78,7200,27.78,U
sz002517,恺英网络,2025-09-30 10:14:42,27.78,9700,27.73,U
sz002517,恺英网络,2025-09-30 10:14:45,27.78,7900,27.78,D
sz002517,恺英网络,2025-09-30 10:15:03,27.82,27100,27.78,U
sz002517,恺英网络,2025-09-30 10:15:48,27.75,25100,27.76,D
sz002517,恺英网络,2025-09-30 10:16:00,27.74,35700,27.74,E
sz002517,恺英网络,2025-09-30 10:16:09,27.73,7300,27.74,E
sz002517,恺英网络,2025-09-30 10:16:12,27.72,7500,27.73,D
sz002517,恺英网络,2025-09-30 10:17:09,27.73,12400,27.73,D
sz002517,恺英网络,2025-09-30 10:17:18,27.72,19500,27.73,D
sz002517,恺英网络,2025-09-30 10:17:21,27.72,14600,27.72,U
sz002517,恺英网络,2025-09-30 10:17:24,27.75,8700,27.72,U
sz002517,恺英网络,2025-09-30 10:17:39,27.74,12300,27.73,E
sz002517,恺英网络,2025-09-30 10:17:54,27.71,18900,27.72,D
sz002517,恺英网络,2025-09-30 10:17:57,27.71,8700,27.71,D
sz002517,恺英网络,2025-09-30 10:18:15,27.72,9700,27.72,D
sz002517,恺英网络,2025-09-30 10:18:18,27.71,10500,27.72,D
sz002517,恺英网络,2025-09-30 10:18:21,27.69,67000,27.71,D
sz002517,恺英网络,2025-09-30 10:18:30,27.68,17000,27.68,D
sz002517,恺英网络,2025-09-30 10:18:36,27.68,9300,27.68,D
sz002517,恺英网络,2025-09-30 10:18:39,27.68,12200,27.68,U
sz002517,恺英网络,2025-09-30 10:19:15,27.69,12300,27.7,D
sz002517,恺英网络,2025-09-30 10:19:27,27.7,21500,27.7,U
sz002517,恺英网络,2025-09-30 10:19:33,27.71,37600,27.71,U
sz002517,恺英网络,2025-09-30 10:19:48,27.71,181900,27.72,D
sz002517,恺英网络,2025-09-30 10:20:00,27.69,17400,27.72,D
sz002517,恺英网络,2025-09-30 10:20:15,27.71,18900,27.72,E
sz002517,恺英网络,2025-09-30 10:20:21,27.73,21300,27.71,U
sz002517,恺英网络,2025-09-30 10:20:24,27.74,21700,27.73,U
sz002517,恺英网络,2025-09-30 10:20:33,27.74,18400,27.74,U
sz002517,恺英网络,2025-09-30 10:20:42,27.73,9800,27.74,D
sz002517,恺英网络,2025-09-30 10:20:48,27.71,12500,27.73,D
sz002517,恺英网络,2025-09-30 10:20:57,27.74,12800,27.73,U
sz002517,恺英网络,2025-09-30 10:21:42,27.72,16600,27.74,D
sz002517,恺英网络,2025-09-30 10:21:45,27.72,7400,27.72,D
sz002517,恺英网络,2025-09-30 10:21:54,27.72,11100,27.73,D
sz002517,恺英网络,2025-09-30 10:22:03,27.71,7500,27.71,D
sz002517,恺英网络,2025-09-30 10:22:06,27.71,8400,27.71,D
sz002517,恺英网络,2025-09-30 10:22:09,27.71,8200,27.71,D
sz002517,恺英网络,2025-09-30 10:22:12,27.71,26100,27.71,D
sz002517,恺英网络,2025-09-30 10:22:21,27.71,24000,27.71,D
sz002517,恺英网络,2025-09-30 10:22:42,27.71,10200,27.71,D
sz002517,恺英网络,2025-09-30 10:22:45,27.7,14100,27.71,D
sz002517,恺英网络,2025-09-30 10:22:54,27.71,8500,27.71,D
sz002517,恺英网络,2025-09-30 10:22:57,27.75,32800,27.71,U
sz002517,恺英网络,2025-09-30 10:23:00,27.75,10500,27.75,U
sz002517,恺英网络,2025-09-30 10:23:24,27.73,16800,27.73,D
sz002517,恺英网络,2025-09-30 10:23:36,27.76,12500,27.75,E
sz002517,恺英网络,2025-09-30 10:24:00,27.82,41600,27.77,U
sz002517,恺英网络,2025-09-30 10:25:00,27.84,7300,27.82,U
sz002517,恺英网络,2025-09-30 10:25:09,27.8,26700,27.84,E
sz002517,恺英网络,2025-09-30 10:25:21,27.81,11000,27.8,U
sz002517,恺英网络,2025-09-30 10:26:00,27.79,12400,27.81,D
sz002517,恺英网络,2025-09-30 10:26:30,27.77,8000,27.76,U
sz002517,恺英网络,2025-09-30 10:27:30,27.76,10200,27.75,U
sz002517,恺英网络,2025-09-30 10:27:33,27.74,13000,27.76,D
sz002517,恺英网络,2025-09-30 10:27:39,27.76,15800,27.74,U
sz002517,恺英网络,2025-09-30 10:27:45,27.75,9600,27.74,E
sz002517,恺英网络,2025-09-30 10:27:48,27.72,19700,27.75,D
sz002517,恺英网络,2025-09-30 10:27:54,27.72,17400,27.75,D
sz002517,恺英网络,2025-09-30 10:28:15,27.7,14900,27.71,D
sz002517,恺英网络,2025-09-30 10:28:21,27.72,52500,27.7,U
sz002517,恺英网络,2025-09-30 10:28:27,27.69,9700,27.7,D
sz002517,恺英网络,2025-09-30 10:28:30,27.7,7600,27.69,U
sz002517,恺英网络,2025-09-30 10:28:39,27.68,13700,27.69,D
sz002517,恺英网络,2025-09-30 10:28:45,27.69,29300,27.7,D
sz002517,恺英网络,2025-09-30 10:29:12,27.7,8800,27.71,D
sz002517,恺英网络,2025-09-30 10:29:18,27.78,28600,27.7,U
sz002517,恺英网络,2025-09-30 10:29:27,27.76,15500,27.73,E
sz002517,恺英网络,2025-09-30 10:29:33,27.73,10400,27.76,D
sz002517,恺英网络,2025-09-30 10:29:39,27.8,7800,27.73,U
sz002517,恺英网络,2025-09-30 10:29:45,27.72,22600,27.76,D
sz002517,恺英网络,2025-09-30 10:29:48,27.79,9300,27.72,U
sz002517,恺英网络,2025-09-30 10:30:21,27.72,13000,27.74,D
sz002517,恺英网络,2025-09-30 10:30:24,27.72,8300,27.72,U
sz002517,恺英网络,2025-09-30 10:31:03,27.73,19800,27.72,E
sz002517,恺英网络,2025-09-30 10:31:42,27.67,62800,27.71,D
sz002517,恺英网络,2025-09-30 10:32:00,27.68,7600,27.66,U
sz002517,恺英网络,2025-09-30 10:32:03,27.72,13800,27.68,U
sz002517,恺英网络,2025-09-30 10:32:18,27.77,10700,27.72,U
sz002517,恺英网络,2025-09-30 10:32:21,27.72,11600,27.77,D
sz002517,恺英网络,2025-09-30 10:32:27,27.77,10000,27.77,U
sz002517,恺英网络,2025-09-30 10:32:42,27.76,26900,27.76,U
sz002517,恺英网络,2025-09-30 10:32:57,27.71,9000,27.73,D
sz002517,恺英网络,2025-09-30 10:33:00,27.75,12200,27.71,D
sz002517,恺英网络,2025-09-30 10:34:12,27.74,36300,27.73,U
sz002517,恺英网络,2025-09-30 10:34:54,27.76,9600,27.76,U
sz002517,恺英网络,2025-09-30 10:36:03,27.76,10100,27.77,D
sz002517,恺英网络,2025-09-30 10:38:00,27.7,10400,27.7,D
sz002517,恺英网络,2025-09-30 10:40:18,27.72,13800,27.73,D
sz002517,恺英网络,2025-09-30 10:41:00,27.74,9500,27.76,D
sz002517,恺英网络,2025-09-30 10:41:06,27.7,18000,27.72,D
sz002517,恺英网络,2025-09-30 10:41:48,27.71,12000,27.7,U
sz002517,恺英网络,2025-09-30 10:42:00,27.72,17200,27.76,D
sz002517,恺英网络,2025-09-30 10:43:21,27.78,52500,27.73,U
sz002517,恺英网络,2025-09-30 10:43:24,27.77,9000,27.78,E
sz002517,恺英网络,2025-09-30 10:43:30,27.78,9400,27.75,U
sz002517,恺英网络,2025-09-30 10:44:06,27.76,43600,27.76,U
sz002517,恺英网络,2025-09-30 10:44:12,27.72,29900,27.72,D
sz002517,恺英网络,2025-09-30 10:44:24,27.72,9100,27.71,E
sz002517,恺英网络,2025-09-30 10:44:33,27.72,14400,27.71,U
sz002517,恺英网络,2025-09-30 10:44:36,27.7,7400,27.72,D
sz002517,恺英网络,2025-09-30 10:44:42,27.7,8400,27.71,D
sz002517,恺英网络,2025-09-30 10:44:51,27.69,9000,27.69,D
sz002517,恺英网络,2025-09-30 10:44:54,27.72,32000,27.69,U
sz002517,恺英网络,2025-09-30 10:44:57,27.71,9600,27.72,D
sz002517,恺英网络,2025-09-30 10:45:06,27.71,8200,27.72,D
sz002517,恺英网络,2025-09-30 10:45:09,27.71,33700,27.71,U
sz002517,恺英网络,2025-09-30 10:45:12,27.73,36300,27.71,U
sz002517,恺英网络,2025-09-30 10:46:03,27.72,8500,27.72,U
sz002517,恺英网络,2025-09-30 10:46:12,27.71,8600,27.71,D
sz002517,恺英网络,2025-09-30 10:46:33,27.7,11700,27.71,D
sz002517,恺英网络,2025-09-30 10:46:39,27.71,53800,27.7,U
sz002517,恺英网络,2025-09-30 10:46:45,27.72,19500,27.72,U
sz002517,恺英网络,2025-09-30 10:46:48,27.76,7500,27.72,U
sz002517,恺英网络,2025-09-30 10:48:03,27.78,48000,27.76,U
sz002517,恺英网络,2025-09-30 10:48:06,27.81,25900,27.78,U
sz002517,恺英网络,2025-09-30 10:48:12,27.82,9400,27.82,U
sz002517,恺英网络,2025-09-30 10:48:15,27.82,27400,27.82,U
sz002517,恺英网络,2025-09-30 10:48:18,27.85,16100,27.82,U
sz002517,恺英网络,2025-09-30 10:48:21,27.87,23700,27.85,U
sz002517,恺英网络,2025-09-30 10:48:27,27.88,9500,27.87,U
sz002517,恺英网络,2025-09-30 10:48:42,27.89,14700,27.87,U
sz002517,恺英网络,2025-09-30 10:48:48,27.9,11900,27.86,U
sz002517,恺英网络,2025-09-30 10:49:12,27.94,28300,27.91,U
sz002517,恺英网络,2025-09-30 10:49:24,27.97,12500,27.93,U
sz002517,恺英网络,2025-09-30 10:49:30,27.95,9900,27.96,D
sz002517,恺英网络,2025-09-30 10:49:36,27.95,14400,27.95,U
sz002517,恺英网络,2025-09-30 10:49:42,27.94,10100,27.94,U
sz002517,恺英网络,2025-09-30 10:50:45,27.83,25000,27.87,D
sz002517,恺英网络,2025-09-30 10:50:48,27.87,7500,27.83,U
sz002517,恺英网络,2025-09-30 10:51:09,27.9,15700,27.9,U
sz002517,恺英网络,2025-09-30 10:52:03,27.89,39600,27.92,D
sz002517,恺英网络,2025-09-30 10:52:06,27.9,12000,27.89,U
sz002517,恺英网络,2025-09-30 10:53:12,27.96,65600,27.91,U
sz002517,恺英网络,2025-09-30 10:53:15,27.99,11200,27.96,U
sz002517,恺英网络,2025-09-30 10:53:21,28.0,32800,27.99,U
sz002517,恺英网络,2025-09-30 10:53:24,28.0,36000,28.0,U
sz002517,恺英网络,2025-09-30 10:53:27,28.0,12300,28.0,U
sz002517,恺英网络,2025-09-30 10:53:33,28.05,42800,28.0,U
sz002517,恺英网络,2025-09-30 10:53:39,28.03,12700,28.01,E
sz002517,恺英网络,2025-09-30 10:53:42,28.04,8500,28.03,U
sz002517,恺英网络,2025-09-30 10:53:45,28.01,8500,28.04,D
sz002517,恺英网络,2025-09-30 10:53:48,28.03,8300,28.01,U
sz002517,恺英网络,2025-09-30 10:53:51,28.02,19200,28.03,D
sz002517,恺英网络,2025-09-30 10:53:54,28.02,14700,28.02,E
sz002517,恺英网络,2025-09-30 10:54:09,28.03,14400,28.03,D
sz002517,恺英网络,2025-09-30 10:54:12,28.04,9400,28.03,U
sz002517,恺英网络,2025-09-30 10:54:24,28.04,13200,28.03,U
sz002517,恺英网络,2025-09-30 10:54:39,28.05,14100,28.04,U
sz002517,恺英网络,2025-09-30 10:54:45,28.06,15600,28.05,U
sz002517,恺英网络,2025-09-30 10:54:48,28.07,13200,28.06,U
sz002517,恺英网络,2025-09-30 10:54:51,28.09,9400,28.07,U
sz002517,恺英网络,2025-09-30 10:54:57,28.09,11300,28.09,U
sz002517,恺英网络,2025-09-30 10:55:00,28.09,19100,28.09,D
sz002517,恺英网络,2025-09-30 10:55:06,28.09,14200,28.09,D
sz002517,恺英网络,2025-09-30 10:55:15,28.09,14700,28.08,U
sz002517,恺英网络,2025-09-30 10:55:24,28.06,23000,28.08,D
sz002517,恺英网络,2025-09-30 10:55:57,28.03,9300,28.03,D
sz002517,恺英网络,2025-09-30 10:56:15,28.03,11000,28.05,D
sz002517,恺英网络,2025-09-30 10:56:18,28.05,8800,28.03,U
sz002517,恺英网络,2025-09-30 10:56:21,28.03,15000,28.05,D
sz002517,恺英网络,2025-09-30 10:56:39,28.05,13100,28.05,U
sz002517,恺英网络,2025-09-30 10:57:33,28.08,10600,28.09,U
sz002517,恺英网络,2025-09-30 10:57:54,28.12,149500,28.09,U
sz002517,恺英网络,2025-09-30 10:57:57,28.13,22600,28.12,U
sz002517,恺英网络,2025-09-30 10:58:00,28.13,8600,28.13,U
sz002517,恺英网络,2025-09-30 10:58:06,28.13,31200,28.13,U
sz002517,恺英网络,2025-09-30 10:58:09,28.16,10600,28.13,U
sz002517,恺英网络,2025-09-30 10:58:12,28.14,8700,28.16,D
sz002517,恺英网络,2025-09-30 10:58:18,28.16,19100,28.18,U
sz002517,恺英网络,2025-09-30 10:58:21,28.11,28300,28.16,E
sz002517,恺英网络,2025-09-30 10:58:24,28.11,9200,28.11,U
sz002517,恺英网络,2025-09-30 10:58:33,28.11,30900,28.11,D
sz002517,恺英网络,2025-09-30 10:58:39,28.12,11700,28.14,E
sz002517,恺英网络,2025-09-30 10:58:48,28.12,10200,28.13,D
sz002517,恺英网络,2025-09-30 10:59:00,28.09,7600,28.12,D
sz002517,恺英网络,2025-09-30 10:59:03,28.08,19500,28.09,D
sz002517,恺英网络,2025-09-30 10:59:06,28.08,9100,28.08,U
sz002517,恺英网络,2025-09-30 10:59:24,28.12,9200,28.11,U
sz002517,恺英网络,2025-09-30 10:59:51,28.1,15500,28.1,U
sz002517,恺英网络,2025-09-30 11:00:12,28.13,23900,28.12,U
sz002517,恺英网络,2025-09-30 11:00:15,28.14,8200,28.13,U
sz002517,恺英网络,2025-09-30 11:00:27,28.14,11400,28.14,U
sz002517,恺英网络,2025-09-30 11:00:30,28.1,8200,28.14,D
sz002517,恺英网络,2025-09-30 11:00:39,28.1,25400,28.12,D
sz002517,恺英网络,2025-09-30 11:00:42,28.1,7200,28.1,U
sz002517,恺英网络,2025-09-30 11:00:54,28.1,15300,28.1,U
sz002517,恺英网络,2025-09-30 11:01:00,28.14,17800,28.1,U
sz002517,恺英网络,2025-09-30 11:01:18,28.14,7900,28.14,U
sz002517,恺英网络,2025-09-30 11:01:27,28.13,21300,28.1,U
sz002517,恺英网络,2025-09-30 11:01:30,28.12,11900,28.13,E
sz002517,恺英网络,2025-09-30 11:01:33,28.13,7600,28.12,U
sz002517,恺英网络,2025-09-30 11:01:39,28.16,17200,28.15,U
sz002517,恺英网络,2025-09-30 11:01:42,28.17,7800,28.16,U
sz002517,恺英网络,2025-09-30 11:01:45,28.17,12400,28.17,U
sz002517,恺英网络,2025-09-30 11:01:48,28.17,7100,28.17,U
sz002517,恺英网络,2025-09-30 11:01:54,28.18,22400,28.17,U
sz002517,恺英网络,2025-09-30 11:01:57,28.18,19600,28.18,U
sz002517,恺英网络,2025-09-30 11:02:06,28.16,15800,28.17,D
sz002517,恺英网络,2025-09-30 11:02:27,28.17,10000,28.16,U
sz002517,恺英网络,2025-09-30 11:02:42,28.16,8300,28.16,D
sz002517,恺英网络,2025-09-30 11:02:51,28.17,10800,28.17,D
sz002517,恺英网络,2025-09-30 11:03:30,28.17,15400,28.16,U
sz002517,恺英网络,2025-09-30 11:03:51,28.18,10500,28.17,U
sz002517,恺英网络,2025-09-30 11:04:15,28.18,9400,28.17,U
sz002517,恺英网络,2025-09-30 11:04:18,28.17,12500,28.18,D
sz002517,恺英网络,2025-09-30 11:04:39,28.22,213000,28.17,U
sz002517,恺英网络,2025-09-30 11:04:42,28.23,44800,28.22,E
sz002517,恺英网络,2025-09-30 11:04:45,28.26,35900,28.23,U
sz002517,恺英网络,2025-09-30 11:04:48,28.26,11200,28.26,U
sz002517,恺英网络,2025-09-30 11:04:51,28.28,9600,28.26,U
sz002517,恺英网络,2025-09-30 11:04:57,28.26,19900,28.28,D
sz002517,恺英网络,2025-09-30 11:05:00,28.27,27500,28.26,E
sz002517,恺英网络,2025-09-30 11:05:06,28.27,14000,28.26,U
sz002517,恺英网络,2025-09-30 11:05:15,28.27,11800,28.27,U
sz002517,恺英网络,2025-09-30 11:05:27,28.24,14300,28.24,E
sz002517,恺英网络,2025-09-30 11:05:30,28.25,7200,28.24,E
sz002517,恺英网络,2025-09-30 11:05:36,28.4,582700,28.25,U
sz002517,恺英网络,2025-09-30 11:05:39,28.4,18500,28.4,D
sz002517,恺英网络,2025-09-30 11:05:42,28.44,25400,28.4,U
sz002517,恺英网络,2025-09-30 11:05:48,28.42,58800,28.4,E
sz002517,恺英网络,2025-09-30 11:05:51,28.44,81000,28.42,U
sz002517,恺英网络,2025-09-30 11:05:54,28.39,9700,28.44,D
sz002517,恺英网络,2025-09-30 11:05:57,28.46,102500,28.39,U
sz002517,恺英网络,2025-09-30 11:06:06,28.37,10400,28.37,U
sz002517,恺英网络,2025-09-30 11:06:15,28.4,12100,28.39,U
sz002517,恺英网络,2025-09-30 11:06:18,28.36,10500,28.4,D
sz002517,恺英网络,2025-09-30 11:06:21,28.39,7100,28.36,U
sz002517,恺英网络,2025-09-30 11:06:27,28.32,12000,28.32,E
sz002517,恺英网络,2025-09-30 11:06:33,28.31,13400,28.31,U
sz002517,恺英网络,2025-09-30 11:06:36,28.32,20700,28.31,U
sz002517,恺英网络,2025-09-30 11:07:00,28.32,23800,28.33,D
sz002517,恺英网络,2025-09-30 11:07:03,28.32,7600,28.32,E
sz002517,恺英网络,2025-09-30 11:07:06,28.33,8800,28.32,U
sz002517,恺英网络,2025-09-30 11:08:15,28.26,8800,28.27,D
sz002517,恺英网络,2025-09-30 11:09:00,28.26,16300,28.26,U
sz002517,恺英网络,2025-09-30 11:09:33,28.35,11100,28.33,U
sz002517,恺英网络,2025-09-30 11:09:39,28.36,7700,28.35,U
sz002517,恺英网络,2025-09-30 11:09:42,28.36,8200,28.36,U
sz002517,恺英网络,2025-09-30 11:09:45,28.37,13400,28.36,U
sz002517,恺英网络,2025-09-30 11:09:48,28.37,11500,28.37,U
sz002517,恺英网络,2025-09-30 11:09:51,28.37,7100,28.37,U
sz002517,恺英网络,2025-09-30 11:10:00,28.36,9800,28.35,U
sz002517,恺英网络,2025-09-30 11:10:12,28.36,14700,28.37,D
sz002517,恺英网络,2025-09-30 11:10:18,28.37,12100,28.35,U
sz002517,恺英网络,2025-09-30 11:10:24,28.36,12800,28.36,U
sz002517,恺英网络,2025-09-30 11:10:45,28.34,10100,28.34,D
sz002517,恺英网络,2025-09-30 11:13:00,28.3,8600,28.31,D
sz002517,恺英网络,2025-09-30 11:13:24,28.29,11200,28.3,D
sz002517,恺英网络,2025-09-30 11:13:39,28.29,7600,28.3,D
sz002517,恺英网络,2025-09-30 11:13:42,28.3,23106,28.29,U
sz002517,恺英网络,2025-09-30 11:13:45,28.32,27200,28.3,U
sz002517,恺英网络,2025-09-30 11:13:48,28.34,16200,28.32,U
sz002517,恺英网络,2025-09-30 11:13:51,28.35,19000,28.34,U
sz002517,恺英网络,2025-09-30 11:13:54,28.36,7800,28.35,U
sz002517,恺英网络,2025-09-30 11:13:57,28.37,11300,28.36,U
sz002517,恺英网络,2025-09-30 11:14:00,28.37,10400,28.37,U
sz002517,恺英网络,2025-09-30 11:14:03,28.39,12800,28.37,U
sz002517,恺英网络,2025-09-30 11:14:06,28.4,10300,28.39,U
sz002517,恺英网络,2025-09-30 11:14:09,28.4,10200,28.4,U
sz002517,恺英网络,2025-09-30 11:14:18,28.38,11300,28.4,D
sz002517,恺英网络,2025-09-30 11:14:30,28.4,11700,28.38,U
sz002517,恺英网络,2025-09-30 11:15:03,28.37,11700,28.38,D
sz002517,恺英网络,2025-09-30 11:15:12,28.35,13800,28.37,D
sz002517,恺英网络,2025-09-30 11:15:15,28.33,13500,28.35,D
sz002517,恺英网络,2025-09-30 11:15:27,28.32,16600,28.31,E
sz002517,恺英网络,2025-09-30 11:15:30,28.32,7800,28.32,D
sz002517,恺英网络,2025-09-30 11:15:54,28.32,7400,28.32,D
sz002517,恺英网络,2025-09-30 11:15:57,28.33,14400,28.32,U
sz002517,恺英网络,2025-09-30 11:16:15,28.33,7400,28.33,D
sz002517,恺英网络,2025-09-30 11:16:39,28.31,7600,28.31,D
sz002517,恺英网络,2025-09-30 11:16:48,28.28,12500,28.31,D
sz002517,恺英网络,2025-09-30 11:18:21,28.2,18500,28.19,U
sz002517,恺英网络,2025-09-30 11:18:57,28.2,33800,28.17,U
sz002517,恺英网络,2025-09-30 11:20:24,28.29,13100,28.29,E
sz002517,恺英网络,2025-09-30 11:20:33,28.29,27400,28.31,D
sz002517,恺英网络,2025-09-30 11:20:42,28.29,12100,28.28,U
sz002517,恺英网络,2025-09-30 11:20:48,28.29,9500,28.31,D
sz002517,恺英网络,2025-09-30 11:22:12,28.23,33700,28.22,U
sz002517,恺英网络,2025-09-30 11:23:48,28.21,10100,28.23,D
sz002517,恺英网络,2025-09-30 11:24:39,28.16,10800,28.19,D
sz002517,恺英网络,2025-09-30 11:26:15,28.14,8700,28.13,U
sz002517,恺英网络,2025-09-30 11:26:54,28.16,56500,28.15,U
sz002517,恺英网络,2025-09-30 11:26:57,28.16,11800,28.16,D
sz002517,恺英网络,2025-09-30 11:27:57,28.22,165650,28.19,U
sz002517,恺英网络,2025-09-30 11:29:12,28.21,10500,28.2,U
sz002517,恺英网络,2025-09-30 11:29:21,28.15,11200,28.2,D
sz002517,恺英网络,2025-09-30 13:00:00,28.16,29200,28.17,D
sz002517,恺英网络,2025-09-30 13:00:03,28.15,14400,28.16,D
sz002517,恺英网络,2025-09-30 13:00:09,28.06,66700,28.12,D
sz002517,恺英网络,2025-09-30 13:00:12,28.06,30400,28.06,D
sz002517,恺英网络,2025-09-30 13:00:15,28.06,14100,28.06,D
sz002517,恺英网络,2025-09-30 13:00:18,28.05,20500,28.06,D
sz002517,恺英网络,2025-09-30 13:00:30,28.07,15600,28.03,U
sz002517,恺英网络,2025-09-30 13:01:15,28.03,10000,28.03,D
sz002517,恺英网络,2025-09-30 13:01:24,28.0,42600,28.03,D
sz002517,恺英网络,2025-09-30 13:02:03,27.99,12100,27.98,U
sz002517,恺英网络,2025-09-30 13:03:00,28.01,18300,28.01,D
sz002517,恺英网络,2025-09-30 13:03:45,28.01,18100,28.04,D
sz002517,恺英网络,2025-09-30 13:04:51,28.01,7700,28.02,D
sz002517,恺英网络,2025-09-30 13:05:06,28.0,9900,28.01,D
sz002517,恺英网络,2025-09-30 13:06:33,28.03,32600,28.04,D
sz002517,恺英网络,2025-09-30 13:08:09,28.09,11200,28.1,E
sz002517,恺英网络,2025-09-30 13:09:21,28.07,20400,28.08,D
sz002517,恺英网络,2025-09-30 13:09:45,28.11,15200,28.1,U
sz002517,恺英网络,2025-09-30 13:09:48,28.1,14300,28.11,D
sz002517,恺英网络,2025-09-30 13:10:03,28.11,12600,28.13,D
sz002517,恺英网络,2025-09-30 13:10:45,28.12,9200,28.16,D
sz002517,恺英网络,2025-09-30 13:11:33,28.18,8400,28.16,U
sz002517,恺英网络,2025-09-30 13:11:39,28.18,10000,28.18,U
sz002517,恺英网络,2025-09-30 13:12:12,28.22,30700,28.22,U
sz002517,恺英网络,2025-09-30 13:13:39,28.24,8300,28.2,U
sz002517,恺英网络,2025-09-30 13:13:45,28.22,7500,28.22,D
sz002517,恺英网络,2025-09-30 13:13:51,28.24,8000,28.25,E
sz002517,恺英网络,2025-09-30 13:13:57,28.24,7700,28.23,U
sz002517,恺英网络,2025-09-30 13:16:48,28.2,13500,28.19,U
sz002517,恺英网络,2025-09-30 13:16:51,28.22,30700,28.2,U
sz002517,恺英网络,2025-09-30 13:16:54,28.22,19100,28.22,U
sz002517,恺英网络,2025-09-30 13:16:57,28.24,19700,28.22,U
sz002517,恺英网络,2025-09-30 13:17:00,28.25,7700,28.24,U
sz002517,恺英网络,2025-09-30 13:17:18,28.25,10700,28.25,D
sz002517,恺英网络,2025-09-30 13:17:21,28.25,9800,28.25,U
sz002517,恺英网络,2025-09-30 13:17:27,28.27,11500,28.27,U
sz002517,恺英网络,2025-09-30 13:17:33,28.28,10400,28.28,U
sz002517,恺英网络,2025-09-30 13:17:39,28.28,12900,28.28,U
sz002517,恺英网络,2025-09-30 13:17:42,28.29,7300,28.28,U
sz002517,恺英网络,2025-09-30 13:17:51,28.29,7500,28.29,D
sz002517,恺英网络,2025-09-30 13:18:06,28.3,12800,28.3,U
sz002517,恺英网络,2025-09-30 13:18:39,28.27,7400,28.27,U
sz002517,恺英网络,2025-09-30 13:19:06,28.26,7800,28.26,D
sz002517,恺英网络,2025-09-30 13:19:15,28.3,114600,28.26,U
sz002517,恺英网络,2025-09-30 13:19:24,28.35,24000,28.33,U
sz002517,恺英网络,2025-09-30 13:19:30,28.35,8200,28.35,U
sz002517,恺英网络,2025-09-30 13:19:33,28.35,8100,28.35,D
sz002517,恺英网络,2025-09-30 13:19:54,28.3,7400,28.35,D
sz002517,恺英网络,2025-09-30 13:20:03,28.33,19300,28.29,E
sz002517,恺英网络,2025-09-30 13:20:36,28.25,14900,28.25,D
sz002517,恺英网络,2025-09-30 13:21:30,28.27,10500,28.22,U
sz002517,恺英网络,2025-09-30 13:22:42,28.23,24000,28.25,D
sz002517,恺英网络,2025-09-30 13:23:00,28.22,8000,28.23,D
sz002517,恺英网络,2025-09-30 13:23:09,28.23,10600,28.23,U
sz002517,恺英网络,2025-09-30 13:23:21,28.23,19600,28.22,U
sz002517,恺英网络,2025-09-30 13:23:48,28.23,8400,28.22,U
sz002517,恺英网络,2025-09-30 13:24:12,28.21,30100,28.21,D
sz002517,恺英网络,2025-09-30 13:24:18,28.25,21000,28.23,U
sz002517,恺英网络,2025-09-30 13:24:27,28.25,41300,28.23,U
sz002517,恺英网络,2025-09-30 13:24:33,28.3,26500,28.25,U
sz002517,恺英网络,2025-09-30 13:24:39,28.35,37500,28.26,U
sz002517,恺英网络,2025-09-30 13:24:48,28.35,15200,28.35,U
sz002517,恺英网络,2025-09-30 13:24:54,28.35,7400,28.35,U
sz002517,恺英网络,2025-09-30 13:25:42,28.33,8400,28.32,U
sz002517,恺英网络,2025-09-30 13:26:39,28.31,7300,28.32,D
sz002517,恺英网络,2025-09-30 13:26:42,28.32,7300,28.31,U
sz002517,恺英网络,2025-09-30 13:27:15,28.31,20200,28.32,D
sz002517,恺英网络,2025-09-30 13:27:21,28.32,23500,28.31,U
sz002517,恺英网络,2025-09-30 13:27:27,28.32,10300,28.32,D
sz002517,恺英网络,2025-09-30 13:27:45,28.35,60300,28.33,U
sz002517,恺英网络,2025-09-30 13:27:48,28.37,39300,28.35,U
sz002517,恺英网络,2025-09-30 13:27:51,28.38,46100,28.37,U
sz002517,恺英网络,2025-09-30 13:28:03,28.37,12300,28.36,U
sz002517,恺英网络,2025-09-30 13:28:06,28.38,8600,28.37,U
sz002517,恺英网络,2025-09-30 13:28:09,28.44,248476,28.38,U
sz002517,恺英网络,2025-09-30 13:28:15,28.45,64500,28.44,U
sz002517,恺英网络,2025-09-30 13:28:21,28.44,27400,28.43,U
sz002517,恺英网络,2025-09-30 13:28:24,28.44,39500,28.44,D
sz002517,恺英网络,2025-09-30 13:28:27,28.46,94800,28.44,E
sz002517,恺英网络,2025-09-30 13:28:30,28.5,19000,28.46,U
sz002517,恺英网络,2025-09-30 13:28:36,28.55,239950,28.47,U
sz002517,恺英网络,2025-09-30 13:28:39,28.5,41300,28.55,D
sz002517,恺英网络,2025-09-30 13:28:42,28.5,18100,28.5,D
sz002517,恺英网络,2025-09-30 13:28:45,28.5,12000,28.5,D
sz002517,恺英网络,2025-09-30 13:28:48,28.47,14000,28.5,D
sz002517,恺英网络,2025-09-30 13:28:51,28.5,15550,28.47,U
sz002517,恺英网络,2025-09-30 13:28:54,28.44,9300,28.5,D
sz002517,恺英网络,2025-09-30 13:29:00,28.39,37200,28.44,D
sz002517,恺英网络,2025-09-30 13:29:03,28.37,23200,28.39,E
sz002517,恺英网络,2025-09-30 13:29:06,28.33,14800,28.37,D
sz002517,恺英网络,2025-09-30 13:29:42,28.33,14600,28.33,D
sz002517,恺英网络,2025-09-30 13:29:51,28.31,42200,28.31,U
sz002517,恺英网络,2025-09-30 13:29:54,28.31,9700,28.31,D
sz002517,恺英网络,2025-09-30 13:30:03,28.3,7300,28.31,D
sz002517,恺英网络,2025-09-30 13:30:09,28.31,13200,28.29,U
sz002517,恺英网络,2025-09-30 13:30:27,28.29,9200,28.32,D
sz002517,恺英网络,2025-09-30 13:30:30,28.3,8600,28.29,E
sz002517,恺英网络,2025-09-30 13:30:39,28.29,7400,28.29,U
sz002517,恺英网络,2025-09-30 13:30:45,28.26,9400,28.29,D
sz002517,恺英网络,2025-09-30 13:31:00,28.22,11300,28.23,D
sz002517,恺英网络,2025-09-30 13:31:12,28.26,9500,28.26,U
sz002517,恺英网络,2025-09-30 13:31:27,28.22,8300,28.22,D
sz002517,恺英网络,2025-09-30 13:31:33,28.2,23900,28.24,D
sz002517,恺英网络,2025-09-30 13:31:54,28.19,19500,28.2,E
sz002517,恺英网络,2025-09-30 13:32:03,28.18,9500,28.17,E
sz002517,恺英网络,2025-09-30 13:32:15,28.1,13200,28.12,D
sz002517,恺英网络,2025-09-30 13:32:42,28.1,15800,28.11,D
sz002517,恺英网络,2025-09-30 13:32:54,28.1,8400,28.13,D
sz002517,恺英网络,2025-09-30 13:32:57,28.11,16300,28.1,D
sz002517,恺英网络,2025-09-30 13:33:03,28.11,9800,28.11,D
sz002517,恺英网络,2025-09-30 13:33:09,28.09,11100,28.11,D
sz002517,恺英网络,2025-09-30 13:33:21,28.11,10000,28.11,U
sz002517,恺英网络,2025-09-30 13:34:00,28.1,8300,28.11,D
sz002517,恺英网络,2025-09-30 13:34:03,28.1,20500,28.1,D
sz002517,恺英网络,2025-09-30 13:34:15,28.08,21600,28.09,D
sz002517,恺英网络,2025-09-30 13:34:18,28.05,31600,28.08,D
sz002517,恺英网络,2025-09-30 13:34:21,28.03,24300,28.05,D
sz002517,恺英网络,2025-09-30 13:34:24,28.02,14000,28.03,D
sz002517,恺英网络,2025-09-30 13:34:30,28.01,7500,28.04,D
sz002517,恺英网络,2025-09-30 13:34:36,28.02,17100,28.02,D
sz002517,恺英网络,2025-09-30 13:34:42,28.03,11400,28.02,D
sz002517,恺英网络,2025-09-30 13:35:00,28.03,20400,28.05,D
sz002517,恺英网络,2025-09-30 13:35:51,28.08,10100,28.07,U
sz002517,恺英网络,2025-09-30 13:36:00,28.06,19100,28.08,D
sz002517,恺英网络,2025-09-30 13:36:15,28.09,11300,28.09,U
sz002517,恺英网络,2025-09-30 13:36:39,28.1,7500,28.1,U
sz002517,恺英网络,2025-09-30 13:36:48,28.1,37300,28.1,D
sz002517,恺英网络,2025-09-30 13:36:54,28.1,12400,28.1,U
sz002517,恺英网络,2025-09-30 13:37:00,28.06,45500,28.12,D
sz002517,恺英网络,2025-09-30 13:37:06,28.06,7800,28.06,D
sz002517,恺英网络,2025-09-30 13:37:24,28.08,10900,28.07,U
sz002517,恺英网络,2025-09-30 13:37:57,28.07,29700,28.08,D
sz002517,恺英网络,2025-09-30 13:38:00,28.06,8700,28.07,D
sz002517,恺英网络,2025-09-30 13:38:03,28.07,15800,28.06,U
sz002517,恺英网络,2025-09-30 13:38:45,28.07,17600,28.07,D
sz002517,恺英网络,2025-09-30 13:38:54,28.07,17400,28.07,U
sz002517,恺英网络,2025-09-30 13:39:03,28.05,57800,28.05,D
sz002517,恺英网络,2025-09-30 13:39:15,28.05,11000,28.04,U
sz002517,恺英网络,2025-09-30 13:40:21,28.05,7200,28.05,D
sz002517,恺英网络,2025-09-30 13:40:27,28.06,7300,28.05,U
sz002517,恺英网络,2025-09-30 13:40:54,28.06,7800,28.06,U
sz002517,恺英网络,2025-09-30 13:41:00,28.05,11300,28.06,D
sz002517,恺英网络,2025-09-30 13:41:06,28.06,13100,28.06,U
sz002517,恺英网络,2025-09-30 13:41:21,28.07,7500,28.06,U
sz002517,恺英网络,2025-09-30 13:42:03,28.08,10000,28.08,D
sz002517,恺英网络,2025-09-30 13:43:06,28.09,34200,28.11,D
sz002517,恺英网络,2025-09-30 13:43:09,28.08,12000,28.09,D
sz002517,恺英网络,2025-09-30 13:43:39,28.08,10900,28.08,U
sz002517,恺英网络,2025-09-30 13:44:00,28.08,11100,28.09,D
sz002517,恺英网络,2025-09-30 13:44:03,28.08,9300,28.08,D
sz002517,恺英网络,2025-09-30 13:45:00,28.05,76700,28.09,D
sz002517,恺英网络,2025-09-30 13:45:06,28.06,62100,28.05,U
sz002517,恺英网络,2025-09-30 13:45:33,28.03,13800,28.04,D
sz002517,恺英网络,2025-09-30 13:45:51,28.02,12200,28.03,D
sz002517,恺英网络,2025-09-30 13:46:00,28.02,7300,28.02,D
sz002517,恺英网络,2025-09-30 13:46:03,28.02,11000,28.02,D
sz002517,恺英网络,2025-09-30 13:46:15,28.04,33600,28.02,U
sz002517,恺英网络,2025-09-30 13:46:42,28.04,52700,28.04,U
sz002517,恺英网络,2025-09-30 13:46:51,28.02,16100,28.04,D
sz002517,恺英网络,2025-09-30 13:46:54,28.02,53100,28.02,U
sz002517,恺英网络,2025-09-30 13:47:00,28.0,33300,28.02,D
sz002517,恺英网络,2025-09-30 13:47:12,28.02,11000,28.01,U
sz002517,恺英网络,2025-09-30 13:47:33,28.02,88300,28.01,U
sz002517,恺英网络,2025-09-30 13:48:00,28.0,20500,28.01,D
sz002517,恺英网络,2025-09-30 13:48:03,27.99,37200,28.0,D
sz002517,恺英网络,2025-09-30 13:48:06,27.97,9500,27.99,D
sz002517,恺英网络,2025-09-30 13:48:12,27.97,19400,27.98,D
sz002517,恺英网络,2025-09-30 13:48:15,27.97,9200,27.97,D
sz002517,恺英网络,2025-09-30 13:48:18,27.95,22300,27.97,D
sz002517,恺英网络,2025-09-30 13:48:21,27.98,7300,27.95,U
sz002517,恺英网络,2025-09-30 13:49:27,27.99,11200,27.99,U
sz002517,恺英网络,2025-09-30 13:51:00,27.99,7900,27.99,D
sz002517,恺英网络,2025-09-30 13:51:57,27.99,8700,27.99,U
sz002517,恺英网络,2025-09-30 13:53:00,27.98,25200,28.0,D
sz002517,恺英网络,2025-09-30 13:53:03,27.97,27200,27.98,D
sz002517,恺英网络,2025-09-30 13:53:06,27.97,7400,27.97,U
sz002517,恺英网络,2025-09-30 13:53:09,27.96,26900,27.97,D
sz002517,恺英网络,2025-09-30 13:53:12,27.95,12300,27.96,D
sz002517,恺英网络,2025-09-30 13:53:21,27.96,12800,27.96,D
sz002517,恺英网络,2025-09-30 13:53:30,27.95,9200,27.97,D
sz002517,恺英网络,2025-09-30 13:53:42,27.98,11500,27.95,U
sz002517,恺英网络,2025-09-30 13:53:54,27.95,11200,27.98,D
sz002517,恺英网络,2025-09-30 13:54:18,27.98,11000,27.95,U
sz002517,恺英网络,2025-09-30 13:54:42,27.97,10900,27.98,D
sz002517,恺英网络,2025-09-30 13:54:54,27.96,7700,27.97,D
sz002517,恺英网络,2025-09-30 13:55:21,27.96,9500,27.96,U
sz002517,恺英网络,2025-09-30 13:55:24,27.95,11300,27.96,D
sz002517,恺英网络,2025-09-30 13:55:27,27.95,9700,27.95,D
sz002517,恺英网络,2025-09-30 13:55:33,27.95,10600,27.95,U
sz002517,恺英网络,2025-09-30 13:55:45,27.93,12200,27.95,D
sz002517,恺英网络,2025-09-30 13:56:18,27.93,11000,27.93,D
sz002517,恺英网络,2025-09-30 13:56:21,27.91,35600,27.93,D
sz002517,恺英网络,2025-09-30 13:56:33,27.91,20600,27.91,D
sz002517,恺英网络,2025-09-30 13:56:36,27.9,9000,27.91,D
sz002517,恺英网络,2025-09-30 13:56:48,27.9,7300,27.91,D
sz002517,恺英网络,2025-09-30 13:57:00,27.92,12700,27.9,U
sz002517,恺英网络,2025-09-30 13:57:03,27.9,19900,27.92,D
sz002517,恺英网络,2025-09-30 13:57:12,27.93,9400,27.92,U
sz002517,恺英网络,2025-09-30 13:57:45,27.93,13200,27.94,D
sz002517,恺英网络,2025-09-30 13:58:00,27.92,8900,27.93,D
sz002517,恺英网络,2025-09-30 13:59:03,27.94,67100,27.93,U
sz002517,恺英网络,2025-09-30 13:59:51,27.96,28200,27.95,U
sz002517,恺英网络,2025-09-30 13:59:57,27.96,10000,27.96,U
sz002517,恺英网络,2025-09-30 14:00:42,27.98,13300,27.96,U
sz002517,恺英网络,2025-09-30 14:01:33,28.01,40200,28.0,U
sz002517,恺英网络,2025-09-30 14:02:03,28.0,8900,28.02,D
sz002517,恺英网络,2025-09-30 14:04:33,27.99,25900,28.01,D
sz002517,恺英网络,2025-09-30 14:04:39,27.96,41900,28.0,D
sz002517,恺英网络,2025-09-30 14:04:42,27.95,37300,27.96,D
sz002517,恺英网络,2025-09-30 14:04:48,27.93,18000,27.94,D
sz002517,恺英网络,2025-09-30 14:05:03,27.94,13200,27.94,U
sz002517,恺英网络,2025-09-30 14:05:21,27.95,10500,27.94,U
sz002517,恺英网络,2025-09-30 14:06:51,27.96,7300,27.95,U
sz002517,恺英网络,2025-09-30 14:07:03,27.95,8600,27.95,D
sz002517,恺英网络,2025-09-30 14:07:18,27.95,22500,27.96,D
sz002517,恺英网络,2025-09-30 14:07:39,27.95,9300,27.94,U
sz002517,恺英网络,2025-09-30 14:07:42,27.94,10600,27.95,D
sz002517,恺英网络,2025-09-30 14:08:00,27.94,11000,27.94,D
sz002517,恺英网络,2025-09-30 14:08:45,27.96,12700,27.93,U
sz002517,恺英网络,2025-09-30 14:09:18,27.94,7800,27.96,D
sz002517,恺英网络,2025-09-30 14:09:24,27.95,8600,27.96,U
sz002517,恺英网络,2025-09-30 14:09:51,27.95,12800,27.95,U
sz002517,恺英网络,2025-09-30 14:10:03,27.93,16700,27.95,D
sz002517,恺英网络,2025-09-30 14:10:12,27.95,10100,27.95,U
sz002517,恺英网络,2025-09-30 14:10:21,27.95,19600,27.95,U
sz002517,恺英网络,2025-09-30 14:10:24,27.96,12100,27.95,U
sz002517,恺英网络,2025-09-30 14:11:42,27.93,10200,27.94,D
sz002517,恺英网络,2025-09-30 14:11:45,27.92,10700,27.93,D
sz002517,恺英网络,2025-09-30 14:11:51,27.94,7200,27.93,U
sz002517,恺英网络,2025-09-30 14:12:03,27.94,8900,27.94,U
sz002517,恺英网络,2025-09-30 14:12:18,27.92,8900,27.92,D
sz002517,恺英网络,2025-09-30 14:13:00,27.92,10300,27.92,D
sz002517,恺英网络,2025-09-30 14:14:06,27.91,10400,27.92,D
sz002517,恺英网络,2025-09-30 14:14:15,27.92,10000,27.91,U
sz002517,恺英网络,2025-09-30 14:14:33,27.92,8800,27.92,U
sz002517,恺英网络,2025-09-30 14:14:48,27.91,13800,27.92,D
sz002517,恺英网络,2025-09-30 14:15:06,27.92,10200,27.92,U
sz002517,恺英网络,2025-09-30 14:15:21,27.92,38600,27.92,U
sz002517,恺英网络,2025-09-30 14:15:42,27.9,10300,27.92,D
sz002517,恺英网络,2025-09-30 14:16:42,27.9,18700,27.9,D
sz002517,恺英网络,2025-09-30 14:16:45,27.9,12500,27.9,D
sz002517,恺英网络,2025-09-30 14:16:48,27.9,7800,27.9,D
sz002517,恺英网络,2025-09-30 14:16:51,27.9,13500,27.9,D
sz002517,恺英网络,2025-09-30 14:17:00,27.9,24600,27.9,D
sz002517,恺英网络,2025-09-30 14:17:06,27.92,30100,27.91,U
sz002517,恺英网络,2025-09-30 14:17:12,27.95,50000,27.91,U
sz002517,恺英网络,2025-09-30 14:17:18,27.97,22000,27.96,U
sz002517,恺英网络,2025-09-30 14:17:45,27.97,8900,27.98,D
sz002517,恺英网络,2025-09-30 14:18:00,27.97,9400,27.98,D
sz002517,恺英网络,2025-09-30 14:18:18,27.99,7200,27.99,U
sz002517,恺英网络,2025-09-30 14:18:33,28.01,25400,28.0,U
sz002517,恺英网络,2025-09-30 14:18:42,28.01,7700,28.01,D
sz002517,恺英网络,2025-09-30 14:18:48,28.03,7600,28.03,U
sz002517,恺英网络,2025-09-30 14:18:54,28.05,21900,28.04,U
sz002517,恺英网络,2025-09-30 14:19:03,28.1,35200,28.1,E
sz002517,恺英网络,2025-09-30 14:19:06,28.1,20700,28.1,U
sz002517,恺英网络,2025-09-30 14:19:09,28.15,11900,28.1,U
sz002517,恺英网络,2025-09-30 14:19:18,28.13,9700,28.13,U
sz002517,恺英网络,2025-09-30 14:19:30,28.15,14200,28.13,U
sz002517,恺英网络,2025-09-30 14:19:33,28.14,13900,28.15,U
sz002517,恺英网络,2025-09-30 14:19:42,28.15,43500,28.1,U
sz002517,恺英网络,2025-09-30 14:19:48,28.17,10700,28.17,U
sz002517,恺英网络,2025-09-30 14:19:54,28.16,29200,28.17,U
sz002517,恺英网络,2025-09-30 14:19:57,28.19,14600,28.16,U
sz002517,恺英网络,2025-09-30 14:20:03,28.1,24800,28.12,D
sz002517,恺英网络,2025-09-30 14:20:06,28.17,19300,28.1,U
sz002517,恺英网络,2025-09-30 14:20:09,28.17,27000,28.17,U
sz002517,恺英网络,2025-09-30 14:20:12,28.15,8600,28.17,U
sz002517,恺英网络,2025-09-30 14:20:15,28.15,9600,28.15,D
sz002517,恺英网络,2025-09-30 14:20:30,28.16,19900,28.16,U
sz002517,恺英网络,2025-09-30 14:20:54,28.12,42600,28.14,E
sz002517,恺英网络,2025-09-30 14:21:03,28.11,11400,28.13,D
sz002517,恺英网络,2025-09-30 14:21:06,28.1,16400,28.11,D
sz002517,恺英网络,2025-09-30 14:21:21,28.11,12600,28.1,U
sz002517,恺英网络,2025-09-30 14:21:24,28.08,14700,28.11,D
sz002517,恺英网络,2025-09-30 14:21:42,28.08,10200,28.08,D
sz002517,恺英网络,2025-09-30 14:21:54,28.11,33500,28.1,U
sz002517,恺英网络,2025-09-30 14:22:03,28.13,11200,28.13,E
sz002517,恺英网络,2025-09-30 14:22:12,28.16,16300,28.14,U
sz002517,恺英网络,2025-09-30 14:22:15,28.2,9400,28.16,U
sz002517,恺英网络,2025-09-30 14:23:03,28.12,7500,28.15,D
sz002517,恺英网络,2025-09-30 14:24:03,28.12,32800,28.12,D
sz002517,恺英网络,2025-09-30 14:24:12,28.13,15400,28.13,U
sz002517,恺英网络,2025-09-30 14:24:15,28.13,24200,28.13,D
sz002517,恺英网络,2025-09-30 14:24:30,28.12,12400,28.13,D
sz002517,恺英网络,2025-09-30 14:24:33,28.13,16200,28.12,U
sz002517,恺英网络,2025-09-30 14:24:54,28.13,22300,28.11,U
sz002517,恺英网络,2025-09-30 14:25:00,28.13,13100,28.12,U
sz002517,恺英网络,2025-09-30 14:25:48,28.1,18600,28.11,D
sz002517,恺英网络,2025-09-30 14:25:51,28.1,29500,28.1,D
sz002517,恺英网络,2025-09-30 14:25:57,28.05,10700,28.07,D
sz002517,恺英网络,2025-09-30 14:26:12,28.07,8500,28.03,U
sz002517,恺英网络,2025-09-30 14:26:21,28.07,9500,28.07,U
sz002517,恺英网络,2025-09-30 14:27:00,28.05,8900,28.07,D
sz002517,恺英网络,2025-09-30 14:27:21,28.05,16000,28.05,U
sz002517,恺英网络,2025-09-30 14:27:42,28.06,8400,28.06,U
sz002517,恺英网络,2025-09-30 14:27:51,28.06,23400,28.06,U
sz002517,恺英网络,2025-09-30 14:28:27,28.05,8400,28.06,D
sz002517,恺英网络,2025-09-30 14:28:36,28.02,9100,28.04,D
sz002517,恺英网络,2025-09-30 14:28:39,28.05,8900,28.02,U
sz002517,恺英网络,2025-09-30 14:29:45,28.01,9200,28.01,D
sz002517,恺英网络,2025-09-30 14:29:51,28.01,13200,28.01,D
sz002517,恺英网络,2025-09-30 14:29:54,27.99,17000,28.01,D
sz002517,恺英网络,2025-09-30 14:29:57,27.99,10300,27.99,D
sz002517,恺英网络,2025-09-30 14:30:00,28.01,9300,27.99,U
sz002517,恺英网络,2025-09-30 14:30:03,28.01,10300,28.01,U
sz002517,恺英网络,2025-09-30 14:30:21,27.99,8200,27.98,D
sz002517,恺英网络,2025-09-30 14:30:30,27.98,7500,27.97,D
sz002517,恺英网络,2025-09-30 14:30:51,28.01,8700,28.0,U
sz002517,恺英网络,2025-09-30 14:31:18,28.01,9900,28.02,D
sz002517,恺英网络,2025-09-30 14:31:33,28.01,16900,28.0,U
sz002517,恺英网络,2025-09-30 14:31:39,28.03,21200,28.02,U
sz002517,恺英网络,2025-09-30 14:31:48,28.03,18700,28.05,E
sz002517,恺英网络,2025-09-30 14:32:33,28.05,10000,28.03,U
sz002517,恺英网络,2025-09-30 14:32:36,28.0,25000,28.05,D
sz002517,恺英网络,2025-09-30 14:33:09,28.03,8400,28.03,D
sz002517,恺英网络,2025-09-30 14:33:36,28.0,33100,28.0,D
sz002517,恺英网络,2025-09-30 14:33:39,27.98,12100,28.0,D
sz002517,恺英网络,2025-09-30 14:33:57,28.01,9100,28.02,D
sz002517,恺英网络,2025-09-30 14:34:00,28.04,22900,28.01,U
sz002517,恺英网络,2025-09-30 14:34:06,28.01,9700,28.03,D
sz002517,恺英网络,2025-09-30 14:34:42,28.03,10700,28.03,D
sz002517,恺英网络,2025-09-30 14:34:48,28.04,15700,28.03,E
sz002517,恺英网络,2025-09-30 14:34:57,28.05,17500,28.04,U
sz002517,恺英网络,2025-09-30 14:35:12,28.05,7300,28.05,U
sz002517,恺英网络,2025-09-30 14:35:36,28.06,27800,28.05,U
sz002517,恺英网络,2025-09-30 14:35:39,28.06,13700,28.06,D
sz002517,恺英网络,2025-09-30 14:36:00,28.06,8900,28.06,D
sz002517,恺英网络,2025-09-30 14:36:03,28.05,24000,28.06,D
sz002517,恺英网络,2025-09-30 14:36:15,28.06,8400,28.07,U
sz002517,恺英网络,2025-09-30 14:36:24,28.05,17800,28.05,D
sz002517,恺英网络,2025-09-30 14:36:57,28.03,9000,28.03,D
sz002517,恺英网络,2025-09-30 14:37:03,28.03,7800,28.03,U
sz002517,恺英网络,2025-09-30 14:37:06,28.03,11400,28.03,D
sz002517,恺英网络,2025-09-30 14:37:24,28.05,16900,28.04,U
sz002517,恺英网络,2025-09-30 14:37:42,28.04,23800,28.04,D
sz002517,恺英网络,2025-09-30 14:37:54,28.03,17600,28.04,D
sz002517,恺英网络,2025-09-30 14:37:57,28.04,7900,28.03,U
sz002517,恺英网络,2025-09-30 14:38:00,28.03,10000,28.04,D
sz002517,恺英网络,2025-09-30 14:38:03,28.03,20700,28.03,D
sz002517,恺英网络,2025-09-30 14:38:18,28.02,9200,28.01,U
sz002517,恺英网络,2025-09-30 14:38:24,28.0,29400,28.0,D
sz002517,恺英网络,2025-09-30 14:38:27,27.99,7300,28.0,D
sz002517,恺英网络,2025-09-30 14:38:54,27.99,12100,27.99,D
sz002517,恺英网络,2025-09-30 14:39:03,28.02,10000,28.0,U
sz002517,恺英网络,2025-09-30 14:39:21,28.03,10400,28.02,U
sz002517,恺英网络,2025-09-30 14:39:27,28.01,19700,28.02,D
sz002517,恺英网络,2025-09-30 14:39:57,28.03,8200,28.04,D
sz002517,恺英网络,2025-09-30 14:40:33,28.02,7800,28.02,D
sz002517,恺英网络,2025-09-30 14:40:39,28.03,7900,28.03,U
sz002517,恺英网络,2025-09-30 14:40:51,28.03,9500,28.02,U
sz002517,恺英网络,2025-09-30 14:41:06,28.03,18000,28.02,U
sz002517,恺英网络,2025-09-30 14:41:30,28.02,9800,28.02,D
sz002517,恺英网络,2025-09-30 14:41:42,28.01,13500,28.02,D
sz002517,恺英网络,2025-09-30 14:41:51,28.02,13800,28.01,U
sz002517,恺英网络,2025-09-30 14:42:00,28.01,8500,28.02,D
sz002517,恺英网络,2025-09-30 14:42:09,28.01,7800,28.0,E
sz002517,恺英网络,2025-09-30 14:42:15,28.01,19300,28.0,U
sz002517,恺英网络,2025-09-30 14:42:18,28.0,10300,28.01,D
sz002517,恺英网络,2025-09-30 14:42:48,28.03,29000,28.02,U
sz002517,恺英网络,2025-09-30 14:43:21,28.01,63700,28.03,D
sz002517,恺英网络,2025-09-30 14:43:24,28.02,13600,28.01,U
sz002517,恺英网络,2025-09-30 14:43:27,28.02,16500,28.02,U
sz002517,恺英网络,2025-09-30 14:43:36,28.01,7400,28.01,U
sz002517,恺英网络,2025-09-30 14:43:45,28.0,7500,28.0,D
sz002517,恺英网络,2025-09-30 14:43:54,28.01,20200,28.0,U
sz002517,恺英网络,2025-09-30 14:44:03,28.0,13200,28.0,D
sz002517,恺英网络,2025-09-30 14:44:06,28.02,9200,28.0,U
sz002517,恺英网络,2025-09-30 14:44:15,27.99,11800,28.01,D
sz002517,恺英网络,2025-09-30 14:44:33,28.0,9300,28.01,D
sz002517,恺英网络,2025-09-30 14:44:45,28.01,9800,28.0,U
sz002517,恺英网络,2025-09-30 14:44:48,27.99,9500,28.01,D
sz002517,恺英网络,2025-09-30 14:45:00,27.99,7500,28.0,D
sz002517,恺英网络,2025-09-30 14:45:03,27.99,10800,27.99,D
sz002517,恺英网络,2025-09-30 14:45:12,27.98,27400,27.98,D
sz002517,恺英网络,2025-09-30 14:45:18,27.98,12800,27.98,D
sz002517,恺英网络,2025-09-30 14:45:21,27.98,15700,27.98,D
sz002517,恺英网络,2025-09-30 14:45:39,28.0,16500,28.0,U
sz002517,恺英网络,2025-09-30 14:45:51,27.99,20100,28.0,D
sz002517,恺英网络,2025-09-30 14:46:00,28.02,11100,28.02,U
sz002517,恺英网络,2025-09-30 14:46:03,28.0,30200,28.02,D
sz002517,恺英网络,2025-09-30 14:46:06,28.01,8100,28.0,U
sz002517,恺英网络,2025-09-30 14:46:18,28.01,19500,28.0,U
sz002517,恺英网络,2025-09-30 14:46:24,28.02,8000,28.01,U
sz002517,恺英网络,2025-09-30 14:46:57,28.02,23200,28.01,U
sz002517,恺英网络,2025-09-30 14:47:03,28.01,23500,28.01,D
sz002517,恺英网络,2025-09-30 14:47:09,28.0,33700,28.0,D
sz002517,恺英网络,2025-09-30 14:47:18,28.01,7200,28.01,U
sz002517,恺英网络,2025-09-30 14:47:27,28.02,15300,28.0,U
sz002517,恺英网络,2025-09-30 14:47:54,28.03,27100,28.02,U
sz002517,恺英网络,2025-09-30 14:48:03,28.03,13600,28.03,D
sz002517,恺英网络,2025-09-30 14:48:06,28.04,8000,28.03,U
sz002517,恺英网络,2025-09-30 14:48:39,28.05,10300,28.04,U
sz002517,恺英网络,2025-09-30 14:49:00,28.05,23200,28.06,D
sz002517,恺英网络,2025-09-30 14:49:06,28.05,7800,28.04,E
sz002517,恺英网络,2025-09-30 14:49:21,28.04,7600,28.05,D
sz002517,恺英网络,2025-09-30 14:49:48,28.04,11200,28.05,D
sz002517,恺英网络,2025-09-30 14:49:57,28.06,8200,28.04,U
sz002517,恺英网络,2025-09-30 14:50:00,28.04,23000,28.06,D
sz002517,恺英网络,2025-09-30 14:50:03,28.03,15400,28.04,D
sz002517,恺英网络,2025-09-30 14:50:06,28.03,7900,28.03,D
sz002517,恺英网络,2025-09-30 14:50:15,28.03,16400,28.03,D
sz002517,恺英网络,2025-09-30 14:50:18,28.03,50600,28.03,D
sz002517,恺英网络,2025-09-30 14:50:24,28.04,41200,28.03,U
sz002517,恺英网络,2025-09-30 14:50:51,28.07,31900,28.06,U
sz002517,恺英网络,2025-09-30 14:50:57,28.05,13300,28.04,D
sz002517,恺英网络,2025-09-30 14:51:00,28.04,28800,28.05,D
sz002517,恺英网络,2025-09-30 14:51:03,28.07,72300,28.04,U
sz002517,恺英网络,2025-09-30 14:51:06,28.04,14000,28.07,D
sz002517,恺英网络,2025-09-30 14:51:15,28.07,51200,28.05,U
sz002517,恺英网络,2025-09-30 14:51:33,28.05,13000,28.05,D
sz002517,恺英网络,2025-09-30 14:51:36,28.07,8000,28.05,U
sz002517,恺英网络,2025-09-30 14:51:48,28.07,13071,28.06,U
sz002517,恺英网络,2025-09-30 14:52:00,28.07,27800,28.07,D
sz002517,恺英网络,2025-09-30 14:52:03,28.05,42700,28.07,D
sz002517,恺英网络,2025-09-30 14:52:09,28.06,12500,28.05,U
sz002517,恺英网络,2025-09-30 14:52:15,28.05,34900,28.04,D
sz002517,恺英网络,2025-09-30 14:52:30,28.07,15900,28.06,U
sz002517,恺英网络,2025-09-30 14:52:33,28.07,14600,28.07,D
sz002517,恺英网络,2025-09-30 14:52:45,28.06,8800,28.05,U
sz002517,恺英网络,2025-09-30 14:52:48,28.05,41900,28.06,D
sz002517,恺英网络,2025-09-30 14:52:51,28.05,39800,28.05,D
sz002517,恺英网络,2025-09-30 14:52:57,28.06,15800,28.05,U
sz002517,恺英网络,2025-09-30 14:53:00,28.06,27900,28.06,D
sz002517,恺英网络,2025-09-30 14:53:03,28.06,29200,28.06,D
sz002517,恺英网络,2025-09-30 14:53:06,28.06,15300,28.06,D
sz002517,恺英网络,2025-09-30 14:53:12,28.06,15300,28.07,D
sz002517,恺英网络,2025-09-30 14:53:21,28.09,20200,28.07,U
sz002517,恺英网络,2025-09-30 14:53:24,28.09,15300,28.09,U
sz002517,恺英网络,2025-09-30 14:53:33,28.09,11100,28.08,U
sz002517,恺英网络,2025-09-30 14:53:36,28.08,9800,28.09,D
sz002517,恺英网络,2025-09-30 14:53:39,28.09,46300,28.08,U
sz002517,恺英网络,2025-09-30 14:53:42,28.09,13900,28.09,D
sz002517,恺英网络,2025-09-30 14:53:48,28.09,248800,28.1,D
sz002517,恺英网络,2025-09-30 14:53:51,28.1,9700,28.09,U
sz002517,恺英网络,2025-09-30 14:53:54,28.1,18500,28.1,U
sz002517,恺英网络,2025-09-30 14:53:57,28.09,7500,28.1,U
sz002517,恺英网络,2025-09-30 14:54:00,28.06,15200,28.09,D
sz002517,恺英网络,2025-09-30 14:54:03,28.06,53300,28.06,D
sz002517,恺英网络,2025-09-30 14:54:15,28.07,8100,28.05,U
sz002517,恺英网络,2025-09-30 14:54:33,28.06,35300,28.07,D
sz002517,恺英网络,2025-09-30 14:54:42,28.07,8000,28.07,D
sz002517,恺英网络,2025-09-30 14:54:48,28.07,23600,28.06,U
sz002517,恺英网络,2025-09-30 14:55:00,28.05,18600,28.05,D
sz002517,恺英网络,2025-09-30 14:55:03,28.05,10200,28.05,D
sz002517,恺英网络,2025-09-30 14:55:12,28.06,7400,28.06,U
sz002517,恺英网络,2025-09-30 14:55:21,28.06,28300,28.06,D
sz002517,恺英网络,2025-09-30 14:55:36,28.06,33800,28.06,U
sz002517,恺英网络,2025-09-30 14:55:39,28.06,11700,28.06,D
sz002517,恺英网络,2025-09-30 14:55:42,28.06,14500,28.06,D
sz002517,恺英网络,2025-09-30 14:55:48,28.07,8500,28.07,D
sz002517,恺英网络,2025-09-30 14:55:51,28.08,21600,28.07,U
sz002517,恺英网络,2025-09-30 14:55:54,28.08,12800,28.08,U
sz002517,恺英网络,2025-09-30 14:56:00,28.07,24000,28.08,D
sz002517,恺英网络,2025-09-30 14:56:03,28.06,28700,28.07,D
sz002517,恺英网络,2025-09-30 14:56:09,28.08,28900,28.07,U
sz002517,恺英网络,2025-09-30 14:56:12,28.08,7200,28.08,U
sz002517,恺英网络,2025-09-30 14:56:21,28.08,11400,28.08,D
sz002517,恺英网络,2025-09-30 14:56:27,28.07,12500,28.08,D
sz002517,恺英网络,2025-09-30 14:56:30,28.08,19100,28.07,U
sz002517,恺英网络,2025-09-30 14:56:39,28.09,8600,28.08,U
sz002517,恺英网络,2025-09-30 14:56:45,28.07,15900,28.08,D
sz002517,恺英网络,2025-09-30 14:56:54,28.08,10000,28.08,D
sz002517,恺英网络,2025-09-30 15:00:00,28.08,380800,28.08,U
