symbol,name,ticktime,price,volume,prev_price,kind
sz002517,恺英网络,2025-09-23 09:25:00,26.8,98200,0.0,D
sz002517,恺英网络,2025-09-23 09:30:00,26.79,89800,26.8,D
sz002517,恺英网络,2025-09-23 09:30:03,26.75,125400,26.79,U
sz002517,恺英网络,2025-09-23 09:30:06,26.76,22600,26.75,U
sz002517,恺英网络,2025-09-23 09:30:09,26.71,118200,26.76,D
sz002517,恺英网络,2025-09-23 09:30:12,26.77,11100,26.71,U
sz002517,恺英网络,2025-09-23 09:30:15,26.85,22200,26.77,U
sz002517,恺英网络,2025-09-23 09:30:21,26.77,38200,26.77,D
sz002517,恺英网络,2025-09-23 09:30:24,26.82,10200,26.77,U
sz002517,恺英网络,2025-09-23 09:30:27,26.78,18800,26.82,D
sz002517,恺英网络,2025-09-23 09:30:30,26.78,50600,26.78,D
sz002517,恺英网络,2025-09-23 09:30:33,26.7,33300,26.78,D
sz002517,恺英网络,2025-09-23 09:30:36,26.8,19300,26.7,U
sz002517,恺英网络,2025-09-23 09:30:39,26.8,23800,26.8,D
sz002517,恺英网络,2025-09-23 09:30:42,26.8,37500,26.8,D
sz002517,恺英网络,2025-09-23 09:30:45,26.8,60800,26.8,U
sz002517,恺英网络,2025-09-23 09:30:48,26.78,16800,26.8,E
sz002517,恺英网络,2025-09-23 09:30:51,26.66,116500,26.78,D
sz002517,恺英网络,2025-09-23 09:30:54,26.51,50000,26.66,D
sz002517,恺英网络,2025-09-23 09:30:57,26.51,113700,26.51,D
sz002517,恺英网络,2025-09-23 09:31:00,26.58,93200,26.51,U
sz002517,恺英网络,2025-09-23 09:31:03,26.58,45900,26.58,U
sz002517,恺英网络,2025-09-23 09:31:06,26.58,22000,26.58,E
sz002517,恺英网络,2025-09-23 09:31:09,26.58,42400,26.58,U
sz002517,恺英网络,2025-09-23 09:31:12,26.53,45900,26.58,D
sz002517,恺英网络,2025-09-23 09:31:15,26.53,24600,26.53,D
sz002517,恺英网络,2025-09-23 09:31:21,26.53,45000,26.54,D
sz002517,恺英网络,2025-09-23 09:31:24,26.54,21600,26.53,D
sz002517,恺英网络,2025-09-23 09:31:27,26.62,27000,26.54,U
sz002517,恺英网络,2025-09-23 09:31:30,26.61,17500,26.62,U
sz002517,恺英网络,2025-09-23 09:31:33,26.62,15600,26.61,U
sz002517,恺英网络,2025-09-23 09:31:36,26.61,8400,26.62,E
sz002517,恺英网络,2025-09-23 09:31:39,26.62,15100,26.61,U
sz002517,恺英网络,2025-09-23 09:31:42,26.63,49900,26.62,U
sz002517,恺英网络,2025-09-23 09:31:45,26.63,22100,26.63,D
sz002517,恺英网络,2025-09-23 09:31:48,26.68,23100,26.63,E
sz002517,恺英网络,2025-09-23 09:31:51,26.66,18500,26.68,D
sz002517,恺英网络,2025-09-23 09:31:54,26.68,57200,26.66,U
sz002517,恺英网络,2025-09-23 09:31:57,26.69,17800,26.68,E
sz002517,恺英网络,2025-09-23 09:32:00,26.85,40500,26.69,U
sz002517,恺英网络,2025-09-23 09:32:03,26.88,36500,26.85,U
sz002517,恺英网络,2025-09-23 09:32:06,26.9,17000,26.88,U
sz002517,恺英网络,2025-09-23 09:32:21,26.96,68600,26.9,U
sz002517,恺英网络,2025-09-23 09:32:24,27.06,127100,26.96,U
sz002517,恺英网络,2025-09-23 09:32:30,27.03,18400,27.02,D
sz002517,恺英网络,2025-09-23 09:32:33,26.99,15500,27.03,D
sz002517,恺英网络,2025-09-23 09:32:36,27.03,47100,26.99,U
sz002517,恺英网络,2025-09-23 09:32:39,26.99,31000,27.03,U
sz002517,恺英网络,2025-09-23 09:32:42,26.95,32600,26.99,D
sz002517,恺英网络,2025-09-23 09:32:45,26.96,18800,26.95,U
sz002517,恺英网络,2025-09-23 09:32:48,26.94,9000,26.96,D
sz002517,恺英网络,2025-09-23 09:32:51,26.94,46800,26.94,U
sz002517,恺英网络,2025-09-23 09:32:54,26.96,7800,26.94,D
sz002517,恺英网络,2025-09-23 09:32:57,26.97,27800,26.96,E
sz002517,恺英网络,2025-09-23 09:33:00,27.0,34800,26.97,U
sz002517,恺英网络,2025-09-23 09:33:03,26.97,28500,27.0,D
sz002517,恺英网络,2025-09-23 09:33:06,26.94,43500,26.97,D
sz002517,恺英网络,2025-09-23 09:33:09,26.85,41900,26.94,D
sz002517,恺英网络,2025-09-23 09:33:12,26.85,29000,26.85,U
sz002517,恺英网络,2025-09-23 09:33:18,26.95,19300,26.87,U
sz002517,恺英网络,2025-09-23 09:33:21,26.93,72600,26.95,D
sz002517,恺英网络,2025-09-23 09:33:24,26.94,7800,26.93,E
sz002517,恺英网络,2025-09-23 09:33:27,27.01,10000,26.94,U
sz002517,恺英网络,2025-09-23 09:33:30,27.04,15000,27.01,U
sz002517,恺英网络,2025-09-23 09:33:33,27.04,18400,27.04,U
sz002517,恺英网络,2025-09-23 09:33:39,27.06,10200,27.06,E
sz002517,恺英网络,2025-09-23 09:33:42,27.05,23000,27.06,E
sz002517,恺英网络,2025-09-23 09:33:45,27.05,16800,27.05,U
sz002517,恺英网络,2025-09-23 09:33:48,26.98,55800,27.05,D
sz002517,恺英网络,2025-09-23 09:33:57,26.94,8500,26.98,D
sz002517,恺英网络,2025-09-23 09:34:00,26.94,9600,26.94,U
sz002517,恺英网络,2025-09-23 09:34:03,26.94,20000,26.94,U
sz002517,恺英网络,2025-09-23 09:34:06,26.94,10000,26.94,D
sz002517,恺英网络,2025-09-23 09:34:15,26.98,8500,26.98,D
sz002517,恺英网络,2025-09-23 09:34:18,27.02,17700,26.98,U
sz002517,恺英网络,2025-09-23 09:34:21,27.0,66100,27.02,D
sz002517,恺英网络,2025-09-23 09:34:24,27.01,43400,27.0,E
sz002517,恺英网络,2025-09-23 09:34:27,27.03,37200,27.01,U
sz002517,恺英网络,2025-09-23 09:34:33,27.05,11900,27.02,U
sz002517,恺英网络,2025-09-23 09:34:36,27.04,38100,27.05,D
sz002517,恺英网络,2025-09-23 09:34:39,27.04,27700,27.04,U
sz002517,恺英网络,2025-09-23 09:34:42,27.02,28600,27.04,D
sz002517,恺英网络,2025-09-23 09:34:45,27.04,8400,27.02,U
sz002517,恺英网络,2025-09-23 09:34:48,27.02,15700,27.04,E
sz002517,恺英网络,2025-09-23 09:34:51,27.02,33100,27.02,U
sz002517,恺英网络,2025-09-23 09:34:54,27.0,14000,27.02,D
sz002517,恺英网络,2025-09-23 09:34:57,27.02,7600,27.0,D
sz002517,恺英网络,2025-09-23 09:35:00,27.0,41100,27.02,D
sz002517,恺英网络,2025-09-23 09:35:03,27.01,29500,27.0,U
sz002517,恺英网络,2025-09-23 09:35:06,27.02,32600,27.01,U
sz002517,恺英网络,2025-09-23 09:35:12,27.0,21200,27.02,D
sz002517,恺英网络,2025-09-23 09:35:15,27.0,10800,27.0,U
sz002517,恺英网络,2025-09-23 09:35:18,26.97,10200,27.0,D
sz002517,恺英网络,2025-09-23 09:35:21,26.98,15700,26.97,U
sz002517,恺英网络,2025-09-23 09:35:24,27.01,57600,26.98,U
sz002517,恺英网络,2025-09-23 09:35:33,27.01,15400,27.0,U
sz002517,恺英网络,2025-09-23 09:35:36,26.95,13400,27.01,D
sz002517,恺英网络,2025-09-23 09:35:39,27.0,7600,26.95,U
sz002517,恺英网络,2025-09-23 09:35:42,26.93,26700,27.0,D
sz002517,恺英网络,2025-09-23 09:35:45,27.01,39800,26.93,U
sz002517,恺英网络,2025-09-23 09:35:54,26.93,10700,26.93,D
sz002517,恺英网络,2025-09-23 09:35:57,27.02,49400,26.93,U
sz002517,恺英网络,2025-09-23 09:36:00,27.07,32800,27.02,U
sz002517,恺英网络,2025-09-23 09:36:03,27.04,11700,27.07,D
sz002517,恺英网络,2025-09-23 09:36:09,27.02,11500,27.04,D
sz002517,恺英网络,2025-09-23 09:36:15,27.03,19900,27.02,E
sz002517,恺英网络,2025-09-23 09:36:18,27.04,24600,27.03,U
sz002517,恺英网络,2025-09-23 09:36:24,27.06,16100,27.04,U
sz002517,恺英网络,2025-09-23 09:36:27,27.07,25200,27.06,U
sz002517,恺英网络,2025-09-23 09:36:33,27.07,11600,27.07,D
sz002517,恺英网络,2025-09-23 09:36:36,27.1,29600,27.07,U
sz002517,恺英网络,2025-09-23 09:36:39,27.08,15500,27.1,D
sz002517,恺英网络,2025-09-23 09:36:42,27.09,8400,27.08,E
sz002517,恺英网络,2025-09-23 09:36:45,27.09,22600,27.09,U
sz002517,恺英网络,2025-09-23 09:36:48,27.09,40800,27.09,U
sz002517,恺英网络,2025-09-23 09:36:54,27.09,9600,27.09,U
sz002517,恺英网络,2025-09-23 09:36:57,27.12,47100,27.09,U
sz002517,恺英网络,2025-09-23 09:37:00,27.13,14200,27.12,U
sz002517,恺英网络,2025-09-23 09:37:03,27.13,32700,27.13,U
sz002517,恺英网络,2025-09-23 09:37:06,27.14,8800,27.13,U
sz002517,恺英网络,2025-09-23 09:37:09,27.15,31100,27.14,U
sz002517,恺英网络,2025-09-23 09:37:12,27.18,8900,27.15,U
sz002517,恺英网络,2025-09-23 09:37:18,27.17,13800,27.15,U
sz002517,恺英网络,2025-09-23 09:37:21,27.16,40200,27.17,D
sz002517,恺英网络,2025-09-23 09:37:24,27.16,23600,27.16,U
sz002517,恺英网络,2025-09-23 09:37:27,27.15,28200,27.16,D
sz002517,恺英网络,2025-09-23 09:37:30,27.11,34000,27.15,D
sz002517,恺英网络,2025-09-23 09:37:33,27.14,12600,27.11,U
sz002517,恺英网络,2025-09-23 09:37:39,27.09,19200,27.08,U
sz002517,恺英网络,2025-09-23 09:37:45,27.08,10600,27.09,D
sz002517,恺英网络,2025-09-23 09:37:48,27.1,29800,27.08,U
sz002517,恺英网络,2025-09-23 09:37:54,27.14,9300,27.08,U
sz002517,恺英网络,2025-09-23 09:38:03,27.12,32600,27.12,D
sz002517,恺英网络,2025-09-23 09:38:06,27.12,32700,27.12,U
sz002517,恺英网络,2025-09-23 09:38:09,27.14,23600,27.12,U
sz002517,恺英网络,2025-09-23 09:38:12,27.1,94000,27.14,D
sz002517,恺英网络,2025-09-23 09:38:15,27.03,12400,27.1,D
sz002517,恺英网络,2025-09-23 09:38:18,27.03,55100,27.03,D
sz002517,恺英网络,2025-09-23 09:38:21,26.95,13800,27.03,D
sz002517,恺英网络,2025-09-23 09:38:24,27.0,16200,26.95,E
sz002517,恺英网络,2025-09-23 09:38:27,27.01,13700,27.0,U
sz002517,恺英网络,2025-09-23 09:38:33,26.96,8000,27.0,D
sz002517,恺英网络,2025-09-23 09:38:36,26.95,18000,26.96,D
sz002517,恺英网络,2025-09-23 09:38:39,27.0,9600,26.95,U
sz002517,恺英网络,2025-09-23 09:38:42,27.11,19900,27.0,U
sz002517,恺英网络,2025-09-23 09:38:45,27.11,15200,27.11,U
sz002517,恺英网络,2025-09-23 09:38:48,27.11,63500,27.11,D
sz002517,恺英网络,2025-09-23 09:38:54,27.17,65600,27.15,U
sz002517,恺英网络,2025-09-23 09:38:57,27.18,16800,27.17,E
sz002517,恺英网络,2025-09-23 09:39:00,27.17,20700,27.18,D
sz002517,恺英网络,2025-09-23 09:39:03,27.19,47900,27.17,U
sz002517,恺英网络,2025-09-23 09:39:06,27.15,21800,27.19,D
sz002517,恺英网络,2025-09-23 09:39:09,27.12,15800,27.15,D
sz002517,恺英网络,2025-09-23 09:39:18,27.06,8900,27.05,E
sz002517,恺英网络,2025-09-23 09:39:24,27.05,35200,27.05,D
sz002517,恺英网络,2025-09-23 09:39:30,27.06,7700,27.06,D
sz002517,恺英网络,2025-09-23 09:39:33,27.07,11900,27.06,E
sz002517,恺英网络,2025-09-23 09:39:39,27.08,11700,27.08,U
sz002517,恺英网络,2025-09-23 09:39:45,27.07,17900,27.07,U
sz002517,恺英网络,2025-09-23 09:39:48,27.08,26100,27.07,E
sz002517,恺英网络,2025-09-23 09:39:54,27.09,37100,27.09,E
sz002517,恺英网络,2025-09-23 09:39:57,27.05,15900,27.09,D
sz002517,恺英网络,2025-09-23 09:40:00,27.02,16600,27.05,D
sz002517,恺英网络,2025-09-23 09:40:03,27.03,28400,27.02,E
sz002517,恺英网络,2025-09-23 09:40:06,27.02,20600,27.03,U
sz002517,恺英网络,2025-09-23 09:40:15,27.03,27000,27.07,D
sz002517,恺英网络,2025-09-23 09:40:24,27.03,8700,27.0,U
sz002517,恺英网络,2025-09-23 09:40:27,27.02,13300,27.03,E
sz002517,恺英网络,2025-09-23 09:40:30,27.03,12300,27.02,E
sz002517,恺英网络,2025-09-23 09:40:33,27.05,23700,27.03,U
sz002517,恺英网络,2025-09-23 09:40:36,27.03,12800,27.05,E
sz002517,恺英网络,2025-09-23 09:40:39,27.1,76700,27.03,U
sz002517,恺英网络,2025-09-23 09:40:45,27.07,14900,27.09,D
sz002517,恺英网络,2025-09-23 09:40:48,27.12,10000,27.07,E
sz002517,恺英网络,2025-09-23 09:40:57,27.08,7900,27.06,E
sz002517,恺英网络,2025-09-23 09:41:00,27.07,42800,27.08,E
sz002517,恺英网络,2025-09-23 09:41:03,27.07,10700,27.07,U
sz002517,恺英网络,2025-09-23 09:41:06,27.07,16100,27.07,D
sz002517,恺英网络,2025-09-23 09:41:09,27.08,7800,27.07,U
sz002517,恺英网络,2025-09-23 09:41:15,27.07,9500,27.08,D
sz002517,恺英网络,2025-09-23 09:41:21,27.14,52800,27.07,U
sz002517,恺英网络,2025-09-23 09:41:24,27.27,250100,27.14,U
sz002517,恺英网络,2025-09-23 09:41:27,27.28,73300,27.27,U
sz002517,恺英网络,2025-09-23 09:41:30,27.3,20800,27.28,U
sz002517,恺英网络,2025-09-23 09:41:33,27.3,28600,27.3,U
sz002517,恺英网络,2025-09-23 09:41:36,27.3,34900,27.3,U
sz002517,恺英网络,2025-09-23 09:41:39,27.28,16200,27.3,E
sz002517,恺英网络,2025-09-23 09:41:42,27.28,14600,27.28,U
sz002517,恺英网络,2025-09-23 09:41:45,27.26,68400,27.28,D
sz002517,恺英网络,2025-09-23 09:41:48,27.3,10600,27.26,U
sz002517,恺英网络,2025-09-23 09:41:51,27.28,46900,27.3,D
sz002517,恺英网络,2025-09-23 09:41:54,27.27,8100,27.28,E
sz002517,恺英网络,2025-09-23 09:42:00,27.12,16900,27.18,E
sz002517,恺英网络,2025-09-23 09:42:03,27.17,19500,27.12,E
sz002517,恺英网络,2025-09-23 09:42:06,27.17,26900,27.17,E
sz002517,恺英网络,2025-09-23 09:42:09,27.17,15100,27.17,D
sz002517,恺英网络,2025-09-23 09:42:15,27.2,12800,27.18,U
sz002517,恺英网络,2025-09-23 09:42:18,27.14,30800,27.2,D
sz002517,恺英网络,2025-09-23 09:42:21,27.11,15600,27.14,D
sz002517,恺英网络,2025-09-23 09:42:24,27.14,13200,27.11,E
sz002517,恺英网络,2025-09-23 09:42:30,27.17,45800,27.2,E
sz002517,恺英网络,2025-09-23 09:42:33,27.18,16800,27.17,U
sz002517,恺英网络,2025-09-23 09:42:36,27.19,39600,27.18,U
sz002517,恺英网络,2025-09-23 09:42:39,27.19,15900,27.19,D
sz002517,恺英网络,2025-09-23 09:42:42,27.22,42300,27.19,U
sz002517,恺英网络,2025-09-23 09:42:45,27.23,16500,27.22,U
sz002517,恺英网络,2025-09-23 09:42:51,27.24,18900,27.24,D
sz002517,恺英网络,2025-09-23 09:42:54,27.28,33400,27.24,U
sz002517,恺英网络,2025-09-23 09:42:57,27.4,473100,27.28,U
sz002517,恺英网络,2025-09-23 09:43:00,27.41,14700,27.4,E
sz002517,恺英网络,2025-09-23 09:43:03,27.43,23000,27.41,E
sz002517,恺英网络,2025-09-23 09:43:06,27.45,14600,27.43,U
sz002517,恺英网络,2025-09-23 09:43:09,27.44,21000,27.45,D
sz002517,恺英网络,2025-09-23 09:43:12,27.48,24000,27.44,U
sz002517,恺英网络,2025-09-23 09:43:15,27.46,213200,27.48,D
sz002517,恺英网络,2025-09-23 09:43:18,27.42,41800,27.46,E
sz002517,恺英网络,2025-09-23 09:43:21,27.4,101300,27.42,D
sz002517,恺英网络,2025-09-23 09:43:24,27.42,111300,27.4,U
sz002517,恺英网络,2025-09-23 09:43:27,27.47,29100,27.42,E
sz002517,恺英网络,2025-09-23 09:43:30,27.49,46500,27.47,U
sz002517,恺英网络,2025-09-23 09:43:33,27.47,44100,27.49,D
sz002517,恺英网络,2025-09-23 09:43:36,27.47,24200,27.47,U
sz002517,恺英网络,2025-09-23 09:43:39,27.47,63200,27.47,U
sz002517,恺英网络,2025-09-23 09:43:42,27.42,42600,27.47,D
sz002517,恺英网络,2025-09-23 09:43:45,27.4,58200,27.42,D
sz002517,恺英网络,2025-09-23 09:43:48,27.4,57300,27.4,U
sz002517,恺英网络,2025-09-23 09:43:51,27.4,15000,27.4,U
sz002517,恺英网络,2025-09-23 09:43:54,27.39,28900,27.4,D
sz002517,恺英网络,2025-09-23 09:43:57,27.4,25300,27.39,E
sz002517,恺英网络,2025-09-23 09:44:00,27.39,63500,27.4,E
sz002517,恺英网络,2025-09-23 09:44:03,27.41,96000,27.39,U
sz002517,恺英网络,2025-09-23 09:44:06,27.39,51000,27.41,E
sz002517,恺英网络,2025-09-23 09:44:09,27.41,56500,27.39,E
sz002517,恺英网络,2025-09-23 09:44:12,27.4,27300,27.41,D
sz002517,恺英网络,2025-09-23 09:44:15,27.47,84600,27.4,U
sz002517,恺英网络,2025-09-23 09:44:18,27.46,17100,27.47,E
sz002517,恺英网络,2025-09-23 09:44:21,27.45,44700,27.46,E
sz002517,恺英网络,2025-09-23 09:44:24,27.45,9600,27.45,U
sz002517,恺英网络,2025-09-23 09:44:27,27.41,60600,27.45,E
sz002517,恺英网络,2025-09-23 09:44:30,27.42,51300,27.41,E
sz002517,恺英网络,2025-09-23 09:44:33,27.42,43900,27.42,U
sz002517,恺英网络,2025-09-23 09:44:36,27.38,25900,27.42,E
sz002517,恺英网络,2025-09-23 09:44:39,27.38,25400,27.38,U
sz002517,恺英网络,2025-09-23 09:44:42,27.33,25800,27.38,D
sz002517,恺英网络,2025-09-23 09:44:45,27.33,44500,27.33,D
sz002517,恺英网络,2025-09-23 09:44:48,27.37,18000,27.33,U
sz002517,恺英网络,2025-09-23 09:44:51,27.35,40900,27.37,E
sz002517,恺英网络,2025-09-23 09:44:54,27.37,33400,27.35,U
sz002517,恺英网络,2025-09-23 09:44:57,27.36,21100,27.37,E
sz002517,恺英网络,2025-09-23 09:45:00,27.36,73700,27.36,U
sz002517,恺英网络,2025-09-23 09:45:03,27.35,38900,27.36,E
sz002517,恺英网络,2025-09-23 09:45:06,27.35,47395,27.35,U
sz002517,恺英网络,2025-09-23 09:45:09,27.36,34700,27.35,U
sz002517,恺英网络,2025-09-23 09:45:12,27.36,20600,27.36,U
sz002517,恺英网络,2025-09-23 09:45:15,27.35,13300,27.36,E
sz002517,恺英网络,2025-09-23 09:45:21,27.36,51100,27.34,U
sz002517,恺英网络,2025-09-23 09:45:24,27.36,31200,27.36,U
sz002517,恺英网络,2025-09-23 09:45:27,27.4,42000,27.36,U
sz002517,恺英网络,2025-09-23 09:45:33,27.48,27200,27.43,U
sz002517,恺英网络,2025-09-23 09:45:36,27.48,17100,27.48,U
sz002517,恺英网络,2025-09-23 09:45:39,27.41,35100,27.48,D
sz002517,恺英网络,2025-09-23 09:45:42,27.45,13700,27.41,E
sz002517,恺英网络,2025-09-23 09:45:45,27.45,14500,27.45,U
sz002517,恺英网络,2025-09-23 09:45:48,27.45,19400,27.45,U
sz002517,恺英网络,2025-09-23 09:45:51,27.45,34900,27.45,U
sz002517,恺英网络,2025-09-23 09:45:54,27.45,155500,27.45,U
sz002517,恺英网络,2025-09-23 09:45:57,27.45,66900,27.45,U
sz002517,恺英网络,2025-09-23 09:46:00,27.47,74500,27.45,U
sz002517,恺英网络,2025-09-23 09:46:03,27.47,8800,27.47,D
sz002517,恺英网络,2025-09-23 09:46:06,27.55,305500,27.47,U
sz002517,恺英网络,2025-09-23 09:46:09,27.52,28900,27.55,D
sz002517,恺英网络,2025-09-23 09:46:12,27.57,34000,27.52,U
sz002517,恺英网络,2025-09-23 09:46:15,27.59,41700,27.57,U
sz002517,恺英网络,2025-09-23 09:46:18,27.6,12500,27.59,U
sz002517,恺英网络,2025-09-23 09:46:21,27.56,60200,27.6,D
sz002517,恺英网络,2025-09-23 09:46:24,27.59,45000,27.56,U
sz002517,恺英网络,2025-09-23 09:46:27,27.6,121168,27.59,U
sz002517,恺英网络,2025-09-23 09:46:30,27.62,37532,27.6,U
sz002517,恺英网络,2025-09-23 09:46:33,27.62,37100,27.62,D
sz002517,恺英网络,2025-09-23 09:46:36,27.67,46300,27.62,U
sz002517,恺英网络,2025-09-23 09:46:39,27.66,17500,27.67,E
sz002517,恺英网络,2025-09-23 09:46:42,27.65,67200,27.66,E
sz002517,恺英网络,2025-09-23 09:46:45,27.67,75100,27.65,U
sz002517,恺英网络,2025-09-23 09:46:48,27.67,26000,27.67,D
sz002517,恺英网络,2025-09-23 09:46:51,27.66,20000,27.67,D
sz002517,恺英网络,2025-09-23 09:46:54,27.67,51400,27.66,U
sz002517,恺英网络,2025-09-23 09:46:57,27.66,71168,27.67,E
sz002517,恺英网络,2025-09-23 09:47:00,27.68,38400,27.66,U
sz002517,恺英网络,2025-09-23 09:47:03,27.69,29000,27.68,E
sz002517,恺英网络,2025-09-23 09:47:06,27.69,53300,27.69,D
sz002517,恺英网络,2025-09-23 09:47:09,27.69,67800,27.69,U
sz002517,恺英网络,2025-09-23 09:47:12,27.69,34100,27.69,U
sz002517,恺英网络,2025-09-23 09:47:15,27.69,11700,27.69,U
sz002517,恺英网络,2025-09-23 09:47:18,27.7,18700,27.69,U
sz002517,恺英网络,2025-09-23 09:47:21,27.69,41900,27.7,D
sz002517,恺英网络,2025-09-23 09:47:24,27.7,37600,27.69,U
sz002517,恺英网络,2025-09-23 09:47:27,27.72,29100,27.7,U
sz002517,恺英网络,2025-09-23 09:47:30,27.72,15100,27.72,U
sz002517,恺英网络,2025-09-23 09:47:33,27.7,51300,27.72,D
sz002517,恺英网络,2025-09-23 09:47:36,27.66,114532,27.7,D
sz002517,恺英网络,2025-09-23 09:47:39,27.71,42500,27.66,U
sz002517,恺英网络,2025-09-23 09:47:42,27.7,44200,27.71,E
sz002517,恺英网络,2025-09-23 09:47:45,27.72,31200,27.7,U
sz002517,恺英网络,2025-09-23 09:47:48,27.72,24300,27.72,D
sz002517,恺英网络,2025-09-23 09:47:51,27.75,60100,27.72,U
sz002517,恺英网络,2025-09-23 09:47:54,27.84,101600,27.75,U
sz002517,恺英网络,2025-09-23 09:47:57,27.85,18700,27.84,U
sz002517,恺英网络,2025-09-23 09:48:00,27.86,8000,27.85,U
sz002517,恺英网络,2025-09-23 09:48:03,27.85,45800,27.86,D
sz002517,恺英网络,2025-09-23 09:48:06,27.86,38900,27.85,U
sz002517,恺英网络,2025-09-23 09:48:09,27.78,28700,27.86,D
sz002517,恺英网络,2025-09-23 09:48:12,27.76,69700,27.78,D
sz002517,恺英网络,2025-09-23 09:48:15,27.78,13700,27.76,U
sz002517,恺英网络,2025-09-23 09:48:18,27.78,55700,27.78,U
sz002517,恺英网络,2025-09-23 09:48:21,27.78,28500,27.78,U
sz002517,恺英网络,2025-09-23 09:48:24,27.78,28500,27.78,D
sz002517,恺英网络,2025-09-23 09:48:27,27.8,19600,27.78,U
sz002517,恺英网络,2025-09-23 09:48:30,27.8,24700,27.8,D
sz002517,恺英网络,2025-09-23 09:48:33,27.78,27400,27.8,D
sz002517,恺英网络,2025-09-23 09:48:36,27.82,83200,27.78,U
sz002517,恺英网络,2025-09-23 09:48:39,27.78,38200,27.82,D
sz002517,恺英网络,2025-09-23 09:48:42,27.8,59900,27.78,U
sz002517,恺英网络,2025-09-23 09:48:45,27.78,62300,27.8,D
sz002517,恺英网络,2025-09-23 09:48:48,27.74,26700,27.78,D
sz002517,恺英网络,2025-09-23 09:48:51,27.75,17600,27.74,E
sz002517,恺英网络,2025-09-23 09:48:54,27.74,11700,27.75,D
sz002517,恺英网络,2025-09-23 09:48:57,27.74,30814,27.74,U
sz002517,恺英网络,2025-09-23 09:49:00,27.73,33900,27.74,D
sz002517,恺英网络,2025-09-23 09:49:03,27.74,13100,27.73,U
sz002517,恺英网络,2025-09-23 09:49:06,27.73,27800,27.74,D
sz002517,恺英网络,2025-09-23 09:49:09,27.74,15800,27.73,U
sz002517,恺英网络,2025-09-23 09:49:12,27.74,17400,27.74,D
sz002517,恺英网络,2025-09-23 09:49:15,27.74,32600,27.74,D
sz002517,恺英网络,2025-09-23 09:49:21,27.76,26600,27.76,D
sz002517,恺英网络,2025-09-23 09:49:24,27.77,9000,27.76,E
sz002517,恺英网络,2025-09-23 09:49:27,27.77,40600,27.77,D
sz002517,恺英网络,2025-09-23 09:49:30,27.75,35500,27.77,D
sz002517,恺英网络,2025-09-23 09:49:33,27.76,18600,27.75,U
sz002517,恺英网络,2025-09-23 09:49:36,27.75,28200,27.76,U
sz002517,恺英网络,2025-09-23 09:49:39,27.76,49600,27.75,D
sz002517,恺英网络,2025-09-23 09:49:42,27.76,17900,27.76,U
sz002517,恺英网络,2025-09-23 09:49:45,27.78,41800,27.76,U
sz002517,恺英网络,2025-09-23 09:49:48,27.81,14400,27.78,U
sz002517,恺英网络,2025-09-23 09:49:51,27.81,15900,27.81,D
sz002517,恺英网络,2025-09-23 09:49:54,27.84,13900,27.81,U
sz002517,恺英网络,2025-09-23 09:49:57,27.82,25700,27.84,D
sz002517,恺英网络,2025-09-23 09:50:00,27.82,88400,27.82,D
sz002517,恺英网络,2025-09-23 09:50:03,27.81,25900,27.82,D
sz002517,恺英网络,2025-09-23 09:50:06,27.77,67700,27.81,D
sz002517,恺英网络,2025-09-23 09:50:09,27.8,72500,27.77,U
sz002517,恺英网络,2025-09-23 09:50:12,27.81,20200,27.8,U
sz002517,恺英网络,2025-09-23 09:50:15,27.81,53700,27.81,U
sz002517,恺英网络,2025-09-23 09:50:18,27.8,19200,27.81,D
sz002517,恺英网络,2025-09-23 09:50:21,27.81,39500,27.8,U
sz002517,恺英网络,2025-09-23 09:50:24,27.81,27200,27.81,D
sz002517,恺英网络,2025-09-23 09:50:27,27.81,89600,27.81,U
sz002517,恺英网络,2025-09-23 09:50:30,27.8,25900,27.81,E
sz002517,恺英网络,2025-09-23 09:50:33,27.76,20200,27.8,D
sz002517,恺英网络,2025-09-23 09:50:36,27.77,7400,27.76,U
sz002517,恺英网络,2025-09-23 09:50:39,27.75,24800,27.77,D
sz002517,恺英网络,2025-09-23 09:50:45,27.73,32700,27.72,E
sz002517,恺英网络,2025-09-23 09:50:48,27.69,50300,27.73,D
sz002517,恺英网络,2025-09-23 09:50:51,27.66,24800,27.69,D
sz002517,恺英网络,2025-09-23 09:50:54,27.68,38500,27.66,U
sz002517,恺英网络,2025-09-23 09:50:57,27.66,25800,27.68,D
sz002517,恺英网络,2025-09-23 09:51:00,27.68,36500,27.66,U
sz002517,恺英网络,2025-09-23 09:51:03,27.63,14000,27.68,D
sz002517,恺英网络,2025-09-23 09:51:06,27.63,10600,27.63,U
sz002517,恺英网络,2025-09-23 09:51:09,27.62,8400,27.63,D
sz002517,恺英网络,2025-09-23 09:51:12,27.61,15100,27.62,D
sz002517,恺英网络,2025-09-23 09:51:15,27.6,24900,27.61,D
sz002517,恺英网络,2025-09-23 09:51:18,27.59,18300,27.6,D
sz002517,恺英网络,2025-09-23 09:51:21,27.58,17300,27.59,E
sz002517,恺英网络,2025-09-23 09:51:24,27.57,16200,27.58,D
sz002517,恺英网络,2025-09-23 09:51:33,27.52,11500,27.55,D
sz002517,恺英网络,2025-09-23 09:51:36,27.55,14900,27.52,U
sz002517,恺英网络,2025-09-23 09:51:39,27.51,17800,27.55,D
sz002517,恺英网络,2025-09-23 09:51:42,27.51,11100,27.51,D
sz002517,恺英网络,2025-09-23 09:51:45,27.51,20600,27.51,U
sz002517,恺英网络,2025-09-23 09:51:48,27.51,12600,27.51,D
sz002517,恺英网络,2025-09-23 09:51:51,27.53,19600,27.51,U
sz002517,恺英网络,2025-09-23 09:51:54,27.51,17100,27.53,D
sz002517,恺英网络,2025-09-23 09:51:57,27.51,17600,27.51,D
sz002517,恺英网络,2025-09-23 09:52:00,27.55,12000,27.51,U
sz002517,恺英网络,2025-09-23 09:52:09,27.51,13100,27.54,D
sz002517,恺英网络,2025-09-23 09:52:12,27.53,7800,27.51,U
sz002517,恺英网络,2025-09-23 09:52:15,27.51,41400,27.53,D
sz002517,恺英网络,2025-09-23 09:52:18,27.52,18300,27.51,U
sz002517,恺英网络,2025-09-23 09:52:21,27.55,12500,27.52,U
sz002517,恺英网络,2025-09-23 09:52:30,27.55,15000,27.54,D
sz002517,恺英网络,2025-09-23 09:52:33,27.55,11800,27.55,U
sz002517,恺英网络,2025-09-23 09:52:36,27.56,13000,27.55,U
sz002517,恺英网络,2025-09-23 09:52:39,27.55,12300,27.56,D
sz002517,恺英网络,2025-09-23 09:52:42,27.56,21300,27.55,E
sz002517,恺英网络,2025-09-23 09:52:45,27.57,14100,27.56,U
sz002517,恺英网络,2025-09-23 09:52:48,27.55,20100,27.57,D
sz002517,恺英网络,2025-09-23 09:52:51,27.53,13600,27.55,D
sz002517,恺英网络,2025-09-23 09:52:54,27.51,25400,27.53,D
sz002517,恺英网络,2025-09-23 09:52:57,27.54,31100,27.51,E
sz002517,恺英网络,2025-09-23 09:53:00,27.56,12200,27.54,U
sz002517,恺英网络,2025-09-23 09:53:03,27.57,20500,27.56,U
sz002517,恺英网络,2025-09-23 09:53:06,27.59,9200,27.57,U
sz002517,恺英网络,2025-09-23 09:53:09,27.58,12800,27.59,E
sz002517,恺英网络,2025-09-23 09:53:12,27.61,23200,27.58,U
sz002517,恺英网络,2025-09-23 09:53:21,27.6,25200,27.62,D
sz002517,恺英网络,2025-09-23 09:53:24,27.62,11100,27.6,U
sz002517,恺英网络,2025-09-23 09:53:27,27.62,8000,27.62,D
sz002517,恺英网络,2025-09-23 09:53:30,27.63,12100,27.62,U
sz002517,恺英网络,2025-09-23 09:53:33,27.63,16300,27.63,U
sz002517,恺英网络,2025-09-23 09:53:36,27.6,41400,27.63,D
sz002517,恺英网络,2025-09-23 09:53:42,27.6,17300,27.6,U
sz002517,恺英网络,2025-09-23 09:53:45,27.6,12800,27.6,U
sz002517,恺英网络,2025-09-23 09:53:48,27.6,15500,27.6,U
sz002517,恺英网络,2025-09-23 09:53:51,27.59,10300,27.6,D
sz002517,恺英网络,2025-09-23 09:53:54,27.56,32500,27.59,D
sz002517,恺英网络,2025-09-23 09:53:57,27.59,10100,27.56,U
sz002517,恺英网络,2025-09-23 09:54:03,27.59,9200,27.56,U
sz002517,恺英网络,2025-09-23 09:54:06,27.59,19500,27.59,U
sz002517,恺英网络,2025-09-23 09:54:21,27.55,12200,27.54,U
sz002517,恺英网络,2025-09-23 09:54:24,27.54,15500,27.55,D
sz002517,恺英网络,2025-09-23 09:54:27,27.55,24800,27.54,E
sz002517,恺英网络,2025-09-23 09:54:30,27.55,22100,27.55,D
sz002517,恺英网络,2025-09-23 09:54:33,27.56,9500,27.55,U
sz002517,恺英网络,2025-09-23 09:54:45,27.58,15100,27.58,U
sz002517,恺英网络,2025-09-23 09:54:48,27.59,7700,27.58,U
sz002517,恺英网络,2025-09-23 09:54:51,27.59,7500,27.59,U
sz002517,恺英网络,2025-09-23 09:54:54,27.59,12700,27.59,U
sz002517,恺英网络,2025-09-23 09:54:57,27.6,10000,27.59,U
sz002517,恺英网络,2025-09-23 09:55:00,27.59,9400,27.6,D
sz002517,恺英网络,2025-09-23 09:55:03,27.62,16700,27.59,U
sz002517,恺英网络,2025-09-23 09:55:15,27.61,14800,27.61,U
sz002517,恺英网络,2025-09-23 09:55:18,27.58,31500,27.61,D
sz002517,恺英网络,2025-09-23 09:55:21,27.58,49100,27.58,D
sz002517,恺英网络,2025-09-23 09:55:27,27.57,17200,27.56,E
sz002517,恺英网络,2025-09-23 09:55:30,27.6,8200,27.57,U
sz002517,恺英网络,2025-09-23 09:55:33,27.65,57600,27.6,U
sz002517,恺英网络,2025-09-23 09:55:36,27.65,7400,27.65,E
sz002517,恺英网络,2025-09-23 09:55:39,27.66,11400,27.65,U
sz002517,恺英网络,2025-09-23 09:55:45,27.66,52600,27.66,U
sz002517,恺英网络,2025-09-23 09:55:51,27.61,7500,27.62,D
sz002517,恺英网络,2025-09-23 09:55:57,27.6,32900,27.62,D
sz002517,恺英网络,2025-09-23 09:56:00,27.65,31400,27.6,U
sz002517,恺英网络,2025-09-23 09:56:12,27.64,7600,27.64,U
sz002517,恺英网络,2025-09-23 09:56:21,27.63,18300,27.63,U
sz002517,恺英网络,2025-09-23 09:56:24,27.63,8400,27.63,U
sz002517,恺英网络,2025-09-23 09:56:27,27.64,7700,27.63,U
sz002517,恺英网络,2025-09-23 09:56:30,27.64,11200,27.64,U
sz002517,恺英网络,2025-09-23 09:56:33,27.64,7900,27.64,D
sz002517,恺英网络,2025-09-23 09:56:36,27.65,66500,27.64,U
sz002517,恺英网络,2025-09-23 09:56:42,27.62,9600,27.64,D
sz002517,恺英网络,2025-09-23 09:56:45,27.63,16300,27.62,E
sz002517,恺英网络,2025-09-23 09:56:48,27.61,7600,27.63,D
sz002517,恺英网络,2025-09-23 09:56:51,27.62,14600,27.61,U
sz002517,恺英网络,2025-09-23 09:56:57,27.62,8400,27.61,E
sz002517,恺英网络,2025-09-23 09:57:00,27.63,15600,27.62,U
sz002517,恺英网络,2025-09-23 09:57:03,27.58,78700,27.63,D
sz002517,恺英网络,2025-09-23 09:57:06,27.59,70400,27.58,E
sz002517,恺英网络,2025-09-23 09:57:18,27.57,9700,27.56,E
sz002517,恺英网络,2025-09-23 09:57:24,27.56,11800,27.56,D
sz002517,恺英网络,2025-09-23 09:57:30,27.56,31100,27.54,U
sz002517,恺英网络,2025-09-23 09:57:33,27.57,7900,27.56,U
sz002517,恺英网络,2025-09-23 09:57:36,27.56,16600,27.57,D
sz002517,恺英网络,2025-09-23 09:57:39,27.58,17100,27.56,U
sz002517,恺英网络,2025-09-23 09:57:42,27.59,8100,27.58,U
sz002517,恺英网络,2025-09-23 09:57:48,27.58,10300,27.59,D
sz002517,恺英网络,2025-09-23 09:57:51,27.59,11400,27.58,U
sz002517,恺英网络,2025-09-23 09:58:03,27.59,47600,27.58,U
sz002517,恺英网络,2025-09-23 09:58:06,27.6,18300,27.59,D
sz002517,恺英网络,2025-09-23 09:58:15,27.65,26400,27.66,D
sz002517,恺英网络,2025-09-23 09:58:21,27.66,16800,27.65,U
sz002517,恺英网络,2025-09-23 09:58:24,27.73,95100,27.66,U
sz002517,恺英网络,2025-09-23 09:58:30,27.76,10500,27.71,U
sz002517,恺英网络,2025-09-23 09:58:42,27.76,38500,27.76,U
sz002517,恺英网络,2025-09-23 09:58:45,27.74,23300,27.76,D
sz002517,恺英网络,2025-09-23 09:58:48,27.76,10300,27.74,U
sz002517,恺英网络,2025-09-23 09:58:54,27.76,9200,27.75,U
sz002517,恺英网络,2025-09-23 09:58:57,27.77,27300,27.76,U
sz002517,恺英网络,2025-09-23 09:59:00,27.77,20200,27.77,U
sz002517,恺英网络,2025-09-23 09:59:03,27.77,47400,27.77,U
sz002517,恺英网络,2025-09-23 09:59:09,27.78,28800,27.78,U
sz002517,恺英网络,2025-09-23 09:59:12,27.75,69600,27.78,D
sz002517,恺英网络,2025-09-23 09:59:15,27.73,21500,27.75,D
sz002517,恺英网络,2025-09-23 09:59:18,27.73,8800,27.73,U
sz002517,恺英网络,2025-09-23 09:59:21,27.72,21700,27.73,U
sz002517,恺英网络,2025-09-23 09:59:24,27.68,21000,27.72,D
sz002517,恺英网络,2025-09-23 09:59:27,27.65,11000,27.68,D
sz002517,恺英网络,2025-09-23 09:59:30,27.7,54500,27.65,U
sz002517,恺英网络,2025-09-23 09:59:33,27.7,8800,27.7,D
sz002517,恺英网络,2025-09-23 09:59:36,27.71,13600,27.7,U
sz002517,恺英网络,2025-09-23 10:00:00,27.67,103100,27.67,D
sz002517,恺英网络,2025-09-23 10:00:03,27.7,10700,27.67,E
sz002517,恺英网络,2025-09-23 10:00:06,27.71,41700,27.7,E
sz002517,恺英网络,2025-09-23 10:00:12,27.74,8700,27.71,U
sz002517,恺英网络,2025-09-23 10:00:21,27.75,107100,27.71,U
sz002517,恺英网络,2025-09-23 10:00:24,27.75,10700,27.75,D
sz002517,恺英网络,2025-09-23 10:00:27,27.75,12300,27.75,D
sz002517,恺英网络,2025-09-23 10:00:30,27.78,13200,27.75,U
sz002517,恺英网络,2025-09-23 10:00:36,27.79,27300,27.79,U
sz002517,恺英网络,2025-09-23 10:00:39,27.75,89300,27.79,D
sz002517,恺英网络,2025-09-23 10:00:42,27.76,28300,27.75,U
sz002517,恺英网络,2025-09-23 10:00:45,27.75,9400,27.76,E
sz002517,恺英网络,2025-09-23 10:00:48,27.73,29100,27.75,E
sz002517,恺英网络,2025-09-23 10:00:51,27.7,33500,27.73,D
sz002517,恺英网络,2025-09-23 10:00:54,27.71,9400,27.7,U
sz002517,恺英网络,2025-09-23 10:01:00,27.71,14800,27.71,U
sz002517,恺英网络,2025-09-23 10:01:03,27.73,8000,27.71,U
sz002517,恺英网络,2025-09-23 10:01:09,27.75,7700,27.75,U
sz002517,恺英网络,2025-09-23 10:01:12,27.75,81300,27.75,U
sz002517,恺英网络,2025-09-23 10:01:15,27.77,17300,27.75,E
sz002517,恺英网络,2025-09-23 10:01:21,27.8,43000,27.78,U
sz002517,恺英网络,2025-09-23 10:01:24,27.8,11200,27.8,U
sz002517,恺英网络,2025-09-23 10:01:27,27.75,18800,27.8,D
sz002517,恺英网络,2025-09-23 10:01:30,27.8,61300,27.75,U
sz002517,恺英网络,2025-09-23 10:01:33,27.8,20800,27.8,U
sz002517,恺英网络,2025-09-23 10:01:36,27.79,23400,27.8,D
sz002517,恺英网络,2025-09-23 10:01:39,27.8,10000,27.79,U
sz002517,恺英网络,2025-09-23 10:01:42,27.8,21729,27.8,U
sz002517,恺英网络,2025-09-23 10:01:45,27.79,22800,27.8,D
sz002517,恺英网络,2025-09-23 10:01:48,27.79,8500,27.79,U
sz002517,恺英网络,2025-09-23 10:01:54,27.76,20000,27.77,D
sz002517,恺英网络,2025-09-23 10:01:57,27.75,17900,27.76,D
sz002517,恺英网络,2025-09-23 10:02:00,27.73,129971,27.75,D
sz002517,恺英网络,2025-09-23 10:02:03,27.75,93100,27.73,U
sz002517,恺英网络,2025-09-23 10:02:09,27.73,14400,27.75,U
sz002517,恺英网络,2025-09-23 10:02:12,27.71,9300,27.73,E
sz002517,恺英网络,2025-09-23 10:02:15,27.72,12900,27.71,E
sz002517,恺英网络,2025-09-23 10:02:21,27.72,18500,27.71,U
sz002517,恺英网络,2025-09-23 10:02:24,27.72,12700,27.72,D
sz002517,恺英网络,2025-09-23 10:02:27,27.73,15700,27.72,E
sz002517,恺英网络,2025-09-23 10:02:30,27.73,22000,27.73,U
sz002517,恺英网络,2025-09-23 10:02:33,27.72,46700,27.73,D
sz002517,恺英网络,2025-09-23 10:02:39,27.7,7500,27.7,U
sz002517,恺英网络,2025-09-23 10:02:45,27.69,12300,27.69,D
sz002517,恺英网络,2025-09-23 10:02:48,27.7,11700,27.69,U
sz002517,恺英网络,2025-09-23 10:02:51,27.7,22600,27.7,D
sz002517,恺英网络,2025-09-23 10:03:00,27.73,62000,27.69,U
sz002517,恺英网络,2025-09-23 10:03:03,27.71,40000,27.73,D
sz002517,恺英网络,2025-09-23 10:03:09,27.79,30600,27.73,U
sz002517,恺英网络,2025-09-23 10:03:12,27.8,39900,27.79,U
sz002517,恺英网络,2025-09-23 10:03:18,27.8,72800,27.79,U
sz002517,恺英网络,2025-09-23 10:03:21,27.84,171700,27.8,U
sz002517,恺英网络,2025-09-23 10:03:24,27.86,20800,27.84,U
sz002517,恺英网络,2025-09-23 10:03:27,27.92,230000,27.86,U
sz002517,恺英网络,2025-09-23 10:03:30,27.93,23700,27.92,E
sz002517,恺英网络,2025-09-23 10:03:33,27.92,13500,27.93,E
sz002517,恺英网络,2025-09-23 10:03:36,27.93,12200,27.92,U
sz002517,恺英网络,2025-09-23 10:03:39,27.87,26100,27.93,D
sz002517,恺英网络,2025-09-23 10:03:42,27.86,92900,27.87,D
sz002517,恺英网络,2025-09-23 10:03:45,27.86,27200,27.86,U
sz002517,恺英网络,2025-09-23 10:03:48,27.87,26200,27.86,U
sz002517,恺英网络,2025-09-23 10:03:51,27.84,78400,27.87,E
sz002517,恺英网络,2025-09-23 10:03:54,27.83,19700,27.84,D
sz002517,恺英网络,2025-09-23 10:03:57,27.9,25700,27.83,U
sz002517,恺英网络,2025-09-23 10:04:00,27.85,33400,27.9,E
sz002517,恺英网络,2025-09-23 10:04:03,27.9,37000,27.85,E
sz002517,恺英网络,2025-09-23 10:04:06,27.9,33800,27.9,U
sz002517,恺英网络,2025-09-23 10:04:09,27.9,16000,27.9,D
sz002517,恺英网络,2025-09-23 10:04:12,27.89,12700,27.9,E
sz002517,恺英网络,2025-09-23 10:04:15,27.83,31800,27.89,D
sz002517,恺英网络,2025-09-23 10:04:18,27.81,96400,27.83,D
sz002517,恺英网络,2025-09-23 10:04:21,27.81,44800,27.81,E
sz002517,恺英网络,2025-09-23 10:04:24,27.81,32000,27.81,U
sz002517,恺英网络,2025-09-23 10:04:30,27.85,82000,27.82,E
sz002517,恺英网络,2025-09-23 10:04:36,27.83,13800,27.83,E
sz002517,恺英网络,2025-09-23 10:04:39,27.82,42000,27.83,D
sz002517,恺英网络,2025-09-23 10:04:42,27.82,8700,27.82,U
sz002517,恺英网络,2025-09-23 10:04:45,27.82,14500,27.82,U
sz002517,恺英网络,2025-09-23 10:04:57,27.82,27200,27.82,D
sz002517,恺英网络,2025-09-23 10:05:00,27.75,20000,27.82,D
sz002517,恺英网络,2025-09-23 10:05:03,27.82,13700,27.75,U
sz002517,恺英网络,2025-09-23 10:05:12,27.75,12900,27.78,D
sz002517,恺英网络,2025-09-23 10:05:15,27.76,9600,27.75,U
sz002517,恺英网络,2025-09-23 10:05:18,27.73,9700,27.76,U
sz002517,恺英网络,2025-09-23 10:05:27,27.71,9000,27.71,U
sz002517,恺英网络,2025-09-23 10:05:30,27.7,10600,27.71,D
sz002517,恺英网络,2025-09-23 10:05:51,27.7,8900,27.7,D
sz002517,恺英网络,2025-09-23 10:05:54,27.69,14800,27.7,D
sz002517,恺英网络,2025-09-23 10:06:00,27.7,7300,27.7,D
sz002517,恺英网络,2025-09-23 10:06:06,27.7,28100,27.7,U
sz002517,恺英网络,2025-09-23 10:06:12,27.74,8200,27.73,U
sz002517,恺英网络,2025-09-23 10:06:15,27.72,13700,27.74,D
sz002517,恺英网络,2025-09-23 10:06:18,27.74,8900,27.72,U
sz002517,恺英网络,2025-09-23 10:06:33,27.81,21500,27.79,U
sz002517,恺英网络,2025-09-23 10:06:42,27.82,7800,27.82,U
sz002517,恺英网络,2025-09-23 10:06:51,27.8,26900,27.82,D
sz002517,恺英网络,2025-09-23 10:06:54,27.77,10100,27.8,E
sz002517,恺英网络,2025-09-23 10:06:57,27.81,26900,27.77,U
sz002517,恺英网络,2025-09-23 10:07:03,27.7,11300,27.72,D
sz002517,恺英网络,2025-09-23 10:07:09,27.72,14500,27.73,D
sz002517,恺英网络,2025-09-23 10:07:33,27.69,11400,27.72,D
sz002517,恺英网络,2025-09-23 10:07:39,27.69,9900,27.74,E
sz002517,恺英网络,2025-09-23 10:07:45,27.68,47100,27.73,D
sz002517,恺英网络,2025-09-23 10:07:48,27.67,8900,27.68,D
sz002517,恺英网络,2025-09-23 10:07:54,27.66,9700,27.69,D
sz002517,恺英网络,2025-09-23 10:07:57,27.69,11100,27.66,U
sz002517,恺英网络,2025-09-23 10:08:00,27.66,15500,27.69,E
sz002517,恺英网络,2025-09-23 10:08:27,27.61,25100,27.62,D
sz002517,恺英网络,2025-09-23 10:08:33,27.6,13500,27.6,D
sz002517,恺英网络,2025-09-23 10:08:36,27.6,27400,27.6,D
sz002517,恺英网络,2025-09-23 10:08:39,27.6,21900,27.6,D
sz002517,恺英网络,2025-09-23 10:08:48,27.59,7700,27.59,D
sz002517,恺英网络,2025-09-23 10:08:51,27.59,11300,27.59,U
sz002517,恺英网络,2025-09-23 10:09:06,27.56,12100,27.56,D
sz002517,恺英网络,2025-09-23 10:09:09,27.56,7600,27.56,U
sz002517,恺英网络,2025-09-23 10:09:12,27.55,13200,27.56,D
sz002517,恺英网络,2025-09-23 10:09:18,27.55,7400,27.55,D
sz002517,恺英网络,2025-09-23 10:09:21,27.55,8200,27.55,U
sz002517,恺英网络,2025-09-23 10:09:24,27.55,15600,27.55,U
sz002517,恺英网络,2025-09-23 10:09:27,27.55,13200,27.55,U
sz002517,恺英网络,2025-09-23 10:09:30,27.54,10900,27.55,E
sz002517,恺英网络,2025-09-23 10:09:33,27.54,12300,27.54,U
sz002517,恺英网络,2025-09-23 10:09:42,27.54,9100,27.54,U
sz002517,恺英网络,2025-09-23 10:09:45,27.54,7600,27.54,U
sz002517,恺英网络,2025-09-23 10:09:51,27.53,17500,27.54,D
sz002517,恺英网络,2025-09-23 10:09:54,27.54,16500,27.53,U
sz002517,恺英网络,2025-09-23 10:09:57,27.53,9200,27.54,D
sz002517,恺英网络,2025-09-23 10:10:03,27.53,13500,27.53,D
sz002517,恺英网络,2025-09-23 10:10:09,27.52,14800,27.53,D
sz002517,恺英网络,2025-09-23 10:10:12,27.52,7600,27.52,D
sz002517,恺英网络,2025-09-23 10:10:15,27.52,10300,27.52,D
sz002517,恺英网络,2025-09-23 10:10:18,27.55,39000,27.52,U
sz002517,恺英网络,2025-09-23 10:10:24,27.53,7700,27.53,D
sz002517,恺英网络,2025-09-23 10:10:33,27.56,12900,27.54,U
sz002517,恺英网络,2025-09-23 10:10:51,27.58,7700,27.58,D
sz002517,恺英网络,2025-09-23 10:10:54,27.59,24600,27.58,U
sz002517,恺英网络,2025-09-23 10:11:00,27.58,10100,27.58,U
sz002517,恺英网络,2025-09-23 10:11:03,27.59,74800,27.58,U
sz002517,恺英网络,2025-09-23 10:11:06,27.62,8100,27.59,U
sz002517,恺英网络,2025-09-23 10:11:18,27.6,12200,27.61,D
sz002517,恺英网络,2025-09-23 10:11:21,27.63,8100,27.6,U
sz002517,恺英网络,2025-09-23 10:11:42,27.62,8500,27.63,D
sz002517,恺英网络,2025-09-23 10:11:45,27.62,12000,27.62,U
sz002517,恺英网络,2025-09-23 10:11:54,27.62,14200,27.62,D
sz002517,恺英网络,2025-09-23 10:11:57,27.62,10500,27.62,U
sz002517,恺英网络,2025-09-23 10:12:03,27.62,14000,27.62,D
sz002517,恺英网络,2025-09-23 10:12:15,27.61,11200,27.62,E
sz002517,恺英网络,2025-09-23 10:12:21,27.59,7700,27.59,D
sz002517,恺英网络,2025-09-23 10:12:24,27.56,33200,27.59,D
sz002517,恺英网络,2025-09-23 10:12:27,27.57,8200,27.56,E
sz002517,恺英网络,2025-09-23 10:12:45,27.57,18800,27.59,D
sz002517,恺英网络,2025-09-23 10:12:48,27.57,10800,27.57,D
sz002517,恺英网络,2025-09-23 10:12:51,27.56,44900,27.57,D
sz002517,恺英网络,2025-09-23 10:13:03,27.5,25700,27.52,D
sz002517,恺英网络,2025-09-23 10:13:06,27.5,9400,27.5,D
sz002517,恺英网络,2025-09-23 10:13:09,27.5,50500,27.5,D
sz002517,恺英网络,2025-09-23 10:13:12,27.5,10800,27.5,U
sz002517,恺英网络,2025-09-23 10:13:21,27.48,11500,27.49,D
sz002517,恺英网络,2025-09-23 10:13:24,27.48,26500,27.48,D
sz002517,恺英网络,2025-09-23 10:13:27,27.46,8000,27.48,D
sz002517,恺英网络,2025-09-23 10:13:30,27.46,18800,27.46,D
sz002517,恺英网络,2025-09-23 10:13:36,27.45,20000,27.45,D
sz002517,恺英网络,2025-09-23 10:13:39,27.45,10300,27.45,U
sz002517,恺英网络,2025-09-23 10:13:42,27.44,23500,27.45,D
sz002517,恺英网络,2025-09-23 10:13:51,27.42,13700,27.42,D
sz002517,恺英网络,2025-09-23 10:13:54,27.44,60500,27.42,U
sz002517,恺英网络,2025-09-23 10:13:57,27.42,19500,27.44,D
sz002517,恺英网络,2025-09-23 10:14:00,27.44,8400,27.42,U
sz002517,恺英网络,2025-09-23 10:14:03,27.44,68700,27.44,U
sz002517,恺英网络,2025-09-23 10:14:06,27.44,10600,27.44,D
sz002517,恺英网络,2025-09-23 10:14:09,27.45,17200,27.44,U
sz002517,恺英网络,2025-09-23 10:14:12,27.43,17100,27.45,D
sz002517,恺英网络,2025-09-23 10:14:15,27.43,42400,27.43,U
sz002517,恺英网络,2025-09-23 10:14:21,27.44,20100,27.43,U
sz002517,恺英网络,2025-09-23 10:14:24,27.44,36100,27.44,U
sz002517,恺英网络,2025-09-23 10:14:27,27.44,11600,27.44,E
sz002517,恺英网络,2025-09-23 10:14:33,27.46,35400,27.46,U
sz002517,恺英网络,2025-09-23 10:14:36,27.5,25100,27.46,U
sz002517,恺英网络,2025-09-23 10:14:42,27.5,15800,27.51,E
sz002517,恺英网络,2025-09-23 10:15:03,27.59,25600,27.58,U
sz002517,恺英网络,2025-09-23 10:15:06,27.57,21700,27.59,E
sz002517,恺英网络,2025-09-23 10:15:09,27.54,57000,27.57,E
sz002517,恺英网络,2025-09-23 10:15:12,27.57,10800,27.54,U
sz002517,恺英网络,2025-09-23 10:15:15,27.55,10200,27.57,D
sz002517,恺英网络,2025-09-23 10:15:18,27.59,10000,27.55,E
sz002517,恺英网络,2025-09-23 10:15:21,27.6,11800,27.59,U
sz002517,恺英网络,2025-09-23 10:15:24,27.6,8000,27.6,U
sz002517,恺英网络,2025-09-23 10:15:27,27.61,22900,27.6,U
sz002517,恺英网络,2025-09-23 10:15:30,27.62,16600,27.61,U
sz002517,恺英网络,2025-09-23 10:15:42,27.63,30800,27.61,U
sz002517,恺英网络,2025-09-23 10:15:48,27.63,15600,27.62,U
sz002517,恺英网络,2025-09-23 10:15:51,27.61,16900,27.63,D
sz002517,恺英网络,2025-09-23 10:15:54,27.62,13400,27.61,U
sz002517,恺英网络,2025-09-23 10:16:00,27.6,15700,27.61,D
sz002517,恺英网络,2025-09-23 10:16:03,27.61,14000,27.6,U
sz002517,恺英网络,2025-09-23 10:16:09,27.6,7600,27.61,D
sz002517,恺英网络,2025-09-23 10:16:18,27.6,36500,27.59,U
sz002517,恺英网络,2025-09-23 10:16:21,27.6,7500,27.6,D
sz002517,恺英网络,2025-09-23 10:16:27,27.6,8600,27.6,D
sz002517,恺英网络,2025-09-23 10:16:36,27.59,14900,27.6,D
sz002517,恺英网络,2025-09-23 10:16:48,27.58,8800,27.57,U
sz002517,恺英网络,2025-09-23 10:16:51,27.58,20100,27.58,U
sz002517,恺英网络,2025-09-23 10:16:57,27.55,26200,27.57,D
sz002517,恺英网络,2025-09-23 10:17:03,27.53,7600,27.53,U
sz002517,恺英网络,2025-09-23 10:17:09,27.54,13300,27.53,U
sz002517,恺英网络,2025-09-23 10:17:15,27.54,14900,27.54,U
sz002517,恺英网络,2025-09-23 10:17:18,27.54,9000,27.54,D
sz002517,恺英网络,2025-09-23 10:17:21,27.55,11500,27.54,U
sz002517,恺英网络,2025-09-23 10:17:27,27.54,30400,27.55,D
sz002517,恺英网络,2025-09-23 10:17:36,27.51,9400,27.55,D
sz002517,恺英网络,2025-09-23 10:17:54,27.53,12500,27.5,U
sz002517,恺英网络,2025-09-23 10:18:00,27.5,11100,27.51,D
sz002517,恺英网络,2025-09-23 10:18:21,27.45,32200,27.45,D
sz002517,恺英网络,2025-09-23 10:18:24,27.46,9200,27.45,U
sz002517,恺英网络,2025-09-23 10:18:27,27.45,25700,27.46,D
sz002517,恺英网络,2025-09-23 10:18:30,27.45,13100,27.45,U
sz002517,恺英网络,2025-09-23 10:18:42,27.44,8700,27.44,D
sz002517,恺英网络,2025-09-23 10:19:03,27.44,9100,27.43,U
sz002517,恺英网络,2025-09-23 10:19:06,27.44,8200,27.44,D
sz002517,恺英网络,2025-09-23 10:19:09,27.43,127900,27.44,D
sz002517,恺英网络,2025-09-23 10:19:12,27.43,33000,27.43,U
sz002517,恺英网络,2025-09-23 10:19:18,27.42,7900,27.42,D
sz002517,恺英网络,2025-09-23 10:19:21,27.43,42000,27.42,U
sz002517,恺英网络,2025-09-23 10:19:24,27.4,19700,27.43,D
sz002517,恺英网络,2025-09-23 10:19:27,27.39,27400,27.4,D
sz002517,恺英网络,2025-09-23 10:19:30,27.38,24300,27.39,D
sz002517,恺英网络,2025-09-23 10:19:33,27.38,12100,27.38,D
sz002517,恺英网络,2025-09-23 10:19:36,27.37,9100,27.38,D
sz002517,恺英网络,2025-09-23 10:19:39,27.35,59800,27.37,D
sz002517,恺英网络,2025-09-23 10:19:42,27.34,10700,27.35,D
sz002517,恺英网络,2025-09-23 10:19:45,27.3,28300,27.34,D
sz002517,恺英网络,2025-09-23 10:19:48,27.3,10600,27.3,D
sz002517,恺英网络,2025-09-23 10:19:51,27.29,19800,27.3,D
sz002517,恺英网络,2025-09-23 10:19:54,27.29,18100,27.29,D
sz002517,恺英网络,2025-09-23 10:20:03,27.28,11500,27.28,E
sz002517,恺英网络,2025-09-23 10:20:06,27.29,45700,27.28,U
sz002517,恺英网络,2025-09-23 10:20:09,27.28,225700,27.29,D
sz002517,恺英网络,2025-09-23 10:20:12,27.28,32000,27.28,U
sz002517,恺英网络,2025-09-23 10:20:15,27.29,22800,27.28,U
sz002517,恺英网络,2025-09-23 10:20:18,27.29,81800,27.29,D
sz002517,恺英网络,2025-09-23 10:20:21,27.29,11200,27.29,E
sz002517,恺英网络,2025-09-23 10:20:24,27.31,24900,27.29,U
sz002517,恺英网络,2025-09-23 10:20:27,27.3,15800,27.31,D
sz002517,恺英网络,2025-09-23 10:20:33,27.29,11000,27.32,D
sz002517,恺英网络,2025-09-23 10:20:36,27.3,10400,27.29,D
sz002517,恺英网络,2025-09-23 10:20:42,27.29,11300,27.3,D
sz002517,恺英网络,2025-09-23 10:20:54,27.3,17800,27.3,U
sz002517,恺英网络,2025-09-23 10:20:57,27.29,19000,27.3,D
sz002517,恺英网络,2025-09-23 10:21:03,27.3,23000,27.29,U
sz002517,恺英网络,2025-09-23 10:21:06,27.31,8900,27.3,E
sz002517,恺英网络,2025-09-23 10:21:12,27.31,14400,27.32,D
sz002517,恺英网络,2025-09-23 10:21:15,27.31,7600,27.31,U
sz002517,恺英网络,2025-09-23 10:21:18,27.33,10300,27.31,U
sz002517,恺英网络,2025-09-23 10:21:30,27.34,18200,27.32,U
sz002517,恺英网络,2025-09-23 10:21:36,27.33,7700,27.33,D
sz002517,恺英网络,2025-09-23 10:21:39,27.33,13100,27.33,U
sz002517,恺英网络,2025-09-23 10:21:48,27.33,10900,27.35,D
sz002517,恺英网络,2025-09-23 10:21:51,27.33,11200,27.33,U
sz002517,恺英网络,2025-09-23 10:22:21,27.37,9100,27.37,D
sz002517,恺英网络,2025-09-23 10:22:24,27.37,8600,27.37,U
sz002517,恺英网络,2025-09-23 10:22:33,27.37,13800,27.36,U
sz002517,恺英网络,2025-09-23 10:22:36,27.36,11000,27.37,E
sz002517,恺英网络,2025-09-23 10:22:42,27.37,14600,27.35,U
sz002517,恺英网络,2025-09-23 10:22:45,27.36,11900,27.37,D
sz002517,恺英网络,2025-09-23 10:22:51,27.37,18600,27.35,U
sz002517,恺英网络,2025-09-23 10:22:57,27.37,8300,27.38,D
sz002517,恺英网络,2025-09-23 10:23:18,27.39,7700,27.39,D
sz002517,恺英网络,2025-09-23 10:23:21,27.4,10000,27.39,U
sz002517,恺英网络,2025-09-23 10:23:39,27.36,68200,27.39,D
sz002517,恺英网络,2025-09-23 10:23:42,27.36,10500,27.36,D
sz002517,恺英网络,2025-09-23 10:23:48,27.33,39000,27.36,D
sz002517,恺英网络,2025-09-23 10:23:54,27.32,8500,27.32,D
sz002517,恺英网络,2025-09-23 10:24:09,27.31,10000,27.32,D
sz002517,恺英网络,2025-09-23 10:24:27,27.3,51900,27.32,D
sz002517,恺英网络,2025-09-23 10:24:30,27.3,8800,27.3,U
sz002517,恺英网络,2025-09-23 10:24:48,27.28,15800,27.28,D
sz002517,恺英网络,2025-09-23 10:24:57,27.25,33700,27.26,D
sz002517,恺英网络,2025-09-23 10:25:18,27.21,47200,27.22,D
sz002517,恺英网络,2025-09-23 10:25:21,27.22,28400,27.21,E
sz002517,恺英网络,2025-09-23 10:25:24,27.22,34539,27.22,U
sz002517,恺英网络,2025-09-23 10:25:27,27.21,8200,27.22,D
sz002517,恺英网络,2025-09-23 10:25:30,27.22,14900,27.21,D
sz002517,恺英网络,2025-09-23 10:25:33,27.21,9100,27.22,D
sz002517,恺英网络,2025-09-23 10:25:36,27.21,17600,27.21,D
sz002517,恺英网络,2025-09-23 10:25:39,27.21,18500,27.21,D
sz002517,恺英网络,2025-09-23 10:25:45,27.21,35700,27.2,U
sz002517,恺英网络,2025-09-23 10:26:00,27.17,77300,27.17,D
sz002517,恺英网络,2025-09-23 10:26:03,27.16,71600,27.17,D
sz002517,恺英网络,2025-09-23 10:26:09,27.16,13000,27.18,D
sz002517,恺英网络,2025-09-23 10:26:12,27.17,8100,27.16,D
sz002517,恺英网络,2025-09-23 10:26:18,27.17,10300,27.17,D
sz002517,恺英网络,2025-09-23 10:26:24,27.17,16800,27.16,U
sz002517,恺英网络,2025-09-23 10:26:27,27.16,10700,27.17,D
sz002517,恺英网络,2025-09-23 10:26:39,27.15,19900,27.16,D
sz002517,恺英网络,2025-09-23 10:26:42,27.15,29700,27.15,D
sz002517,恺英网络,2025-09-23 10:26:45,27.15,9500,27.15,D
sz002517,恺英网络,2025-09-23 10:26:48,27.15,16900,27.15,D
sz002517,恺英网络,2025-09-23 10:26:51,27.15,28400,27.15,D
sz002517,恺英网络,2025-09-23 10:26:54,27.15,12100,27.15,D
sz002517,恺英网络,2025-09-23 10:26:57,27.18,12700,27.15,U
sz002517,恺英网络,2025-09-23 10:27:21,27.13,7400,27.13,D
sz002517,恺英网络,2025-09-23 10:27:24,27.13,12700,27.13,D
sz002517,恺英网络,2025-09-23 10:27:27,27.12,27900,27.13,D
sz002517,恺英网络,2025-09-23 10:27:30,27.12,7800,27.12,D
sz002517,恺英网络,2025-09-23 10:27:33,27.11,8800,27.12,D
sz002517,恺英网络,2025-09-23 10:27:42,27.09,53600,27.1,D
sz002517,恺英网络,2025-09-23 10:27:45,27.1,18600,27.09,U
sz002517,恺英网络,2025-09-23 10:27:48,27.09,10400,27.1,D
sz002517,恺英网络,2025-09-23 10:27:51,27.09,11900,27.09,D
sz002517,恺英网络,2025-09-23 10:28:00,27.08,28400,27.08,D
sz002517,恺英网络,2025-09-23 10:28:03,27.13,78000,27.08,U
sz002517,恺英网络,2025-09-23 10:28:06,27.09,41600,27.13,D
sz002517,恺英网络,2025-09-23 10:28:09,27.09,16300,27.09,D
sz002517,恺英网络,2025-09-23 10:28:12,27.08,14700,27.09,D
sz002517,恺英网络,2025-09-23 10:28:15,27.1,7600,27.08,D
sz002517,恺英网络,2025-09-23 10:28:18,27.1,13800,27.1,D
sz002517,恺英网络,2025-09-23 10:28:24,27.08,9900,27.09,D
sz002517,恺英网络,2025-09-23 10:28:27,27.1,10200,27.08,U
sz002517,恺英网络,2025-09-23 10:28:30,27.08,11600,27.1,D
sz002517,恺英网络,2025-09-23 10:28:33,27.1,26600,27.08,U
sz002517,恺英网络,2025-09-23 10:28:36,27.07,28600,27.1,D
sz002517,恺英网络,2025-09-23 10:28:39,27.08,7800,27.07,E
sz002517,恺英网络,2025-09-23 10:28:42,27.08,8700,27.08,U
sz002517,恺英网络,2025-09-23 10:28:48,27.05,12400,27.07,D
sz002517,恺英网络,2025-09-23 10:28:51,27.05,10300,27.05,D
sz002517,恺英网络,2025-09-23 10:28:54,27.05,24200,27.05,D
sz002517,恺英网络,2025-09-23 10:29:00,27.05,11200,27.05,U
sz002517,恺英网络,2025-09-23 10:29:03,27.07,11000,27.05,U
sz002517,恺英网络,2025-09-23 10:29:06,27.07,31300,27.07,D
sz002517,恺英网络,2025-09-23 10:29:09,27.1,11700,27.07,U
sz002517,恺英网络,2025-09-23 10:29:12,27.1,14400,27.1,U
sz002517,恺英网络,2025-09-23 10:29:15,27.1,16400,27.1,U
sz002517,恺英网络,2025-09-23 10:29:27,27.1,8600,27.13,D
sz002517,恺英网络,2025-09-23 10:29:30,27.1,18200,27.1,U
sz002517,恺英网络,2025-09-23 10:29:42,27.1,13000,27.08,U
sz002517,恺英网络,2025-09-23 10:29:45,27.1,14000,27.1,U
sz002517,恺英网络,2025-09-23 10:29:51,27.09,10000,27.1,E
sz002517,恺英网络,2025-09-23 10:30:03,27.03,52600,27.08,D
sz002517,恺英网络,2025-09-23 10:30:06,27.06,13200,27.03,U
sz002517,恺英网络,2025-09-23 10:30:15,27.06,7400,27.06,D
sz002517,恺英网络,2025-09-23 10:30:36,27.06,8400,27.07,D
sz002517,恺英网络,2025-09-23 10:30:39,27.07,13500,27.06,U
sz002517,恺英网络,2025-09-23 10:30:45,27.08,30300,27.07,U
sz002517,恺英网络,2025-09-23 10:30:48,27.07,9300,27.08,U
sz002517,恺英网络,2025-09-23 10:30:51,27.06,9000,27.07,D
sz002517,恺英网络,2025-09-23 10:30:57,27.07,13200,27.07,U
sz002517,恺英网络,2025-09-23 10:31:03,27.07,8600,27.06,U
sz002517,恺英网络,2025-09-23 10:31:15,27.07,16800,27.07,U
sz002517,恺英网络,2025-09-23 10:31:18,27.07,10500,27.07,D
sz002517,恺英网络,2025-09-23 10:31:27,27.09,10500,27.09,U
sz002517,恺英网络,2025-09-23 10:31:48,27.1,25100,27.1,U
sz002517,恺英网络,2025-09-23 10:31:57,27.09,8200,27.1,D
sz002517,恺英网络,2025-09-23 10:32:24,27.11,17500,27.11,U
sz002517,恺英网络,2025-09-23 10:32:27,27.11,29600,27.11,U
sz002517,恺英网络,2025-09-23 10:32:33,27.11,20500,27.11,U
sz002517,恺英网络,2025-09-23 10:32:39,27.11,9700,27.11,U
sz002517,恺英网络,2025-09-23 10:32:42,27.12,16300,27.11,U
sz002517,恺英网络,2025-09-23 10:32:48,27.07,122700,27.11,D
sz002517,恺英网络,2025-09-23 10:32:51,27.08,14600,27.07,U
sz002517,恺英网络,2025-09-23 10:32:54,27.07,33300,27.08,U
sz002517,恺英网络,2025-09-23 10:32:57,27.08,18300,27.07,U
sz002517,恺英网络,2025-09-23 10:33:00,27.07,19400,27.08,D
sz002517,恺英网络,2025-09-23 10:33:03,27.08,9000,27.07,D
sz002517,恺英网络,2025-09-23 10:33:06,27.09,10100,27.08,D
sz002517,恺英网络,2025-09-23 10:33:09,27.06,12100,27.09,D
sz002517,恺英网络,2025-09-23 10:33:12,27.12,14800,27.06,U
sz002517,恺英网络,2025-09-23 10:33:27,27.08,7700,27.08,D
sz002517,恺英网络,2025-09-23 10:33:36,27.09,18100,27.09,D
sz002517,恺英网络,2025-09-23 10:33:39,27.09,11200,27.09,D
sz002517,恺英网络,2025-09-23 10:33:48,27.11,8200,27.11,U
sz002517,恺英网络,2025-09-23 10:33:57,27.12,32100,27.12,U
sz002517,恺英网络,2025-09-23 10:34:00,27.11,26700,27.12,D
sz002517,恺英网络,2025-09-23 10:34:03,27.1,20600,27.11,D
sz002517,恺英网络,2025-09-23 10:34:06,27.1,9200,27.1,U
sz002517,恺英网络,2025-09-23 10:34:09,27.1,7600,27.1,U
sz002517,恺英网络,2025-09-23 10:34:18,27.12,15900,27.11,U
sz002517,恺英网络,2025-09-23 10:34:21,27.12,14800,27.12,U
sz002517,恺英网络,2025-09-23 10:34:30,27.13,14100,27.12,U
sz002517,恺英网络,2025-09-23 10:34:33,27.18,156100,27.13,U
sz002517,恺英网络,2025-09-23 10:34:36,27.2,24900,27.18,U
sz002517,恺英网络,2025-09-23 10:34:45,27.21,7500,27.21,U
sz002517,恺英网络,2025-09-23 10:34:48,27.22,14600,27.21,U
sz002517,恺英网络,2025-09-23 10:34:57,27.28,25800,27.24,U
sz002517,恺英网络,2025-09-23 10:35:00,27.31,17900,27.28,U
sz002517,恺英网络,2025-09-23 10:35:03,27.28,42600,27.31,D
sz002517,恺英网络,2025-09-23 10:35:06,27.29,40100,27.28,U
sz002517,恺英网络,2025-09-23 10:35:12,27.3,8200,27.29,U
sz002517,恺英网络,2025-09-23 10:35:18,27.3,59000,27.3,U
sz002517,恺英网络,2025-09-23 10:35:21,27.3,11200,27.3,U
sz002517,恺英网络,2025-09-23 10:35:24,27.3,29200,27.3,U
sz002517,恺英网络,2025-09-23 10:35:30,27.33,8000,27.31,U
sz002517,恺英网络,2025-09-23 10:35:36,27.34,14900,27.32,U
sz002517,恺英网络,2025-09-23 10:35:39,27.33,17300,27.34,D
sz002517,恺英网络,2025-09-23 10:35:42,27.34,27800,27.33,U
sz002517,恺英网络,2025-09-23 10:35:45,27.29,38500,27.34,D
sz002517,恺英网络,2025-09-23 10:35:57,27.3,9100,27.29,U
sz002517,恺英网络,2025-09-23 10:36:03,27.32,10800,27.3,U
sz002517,恺英网络,2025-09-23 10:36:18,27.34,10800,27.32,U
sz002517,恺英网络,2025-09-23 10:36:36,27.36,11100,27.36,D
sz002517,恺英网络,2025-09-23 10:36:42,27.4,10000,27.39,U
sz002517,恺英网络,2025-09-23 10:36:45,27.41,17900,27.4,U
sz002517,恺英网络,2025-09-23 10:36:51,27.42,15600,27.42,U
sz002517,恺英网络,2025-09-23 10:36:54,27.44,10300,27.42,U
sz002517,恺英网络,2025-09-23 10:36:57,27.45,22000,27.44,U
sz002517,恺英网络,2025-09-23 10:37:00,27.45,10400,27.45,U
sz002517,恺英网络,2025-09-23 10:37:03,27.46,9200,27.45,U
sz002517,恺英网络,2025-09-23 10:37:06,27.45,15600,27.46,E
sz002517,恺英网络,2025-09-23 10:37:09,27.43,11700,27.45,E
sz002517,恺英网络,2025-09-23 10:37:12,27.48,39900,27.43,U
sz002517,恺英网络,2025-09-23 10:37:24,27.5,21200,27.5,U
sz002517,恺英网络,2025-09-23 10:37:27,27.48,17100,27.5,D
sz002517,恺英网络,2025-09-23 10:37:36,27.5,17100,27.49,U
sz002517,恺英网络,2025-09-23 10:37:39,27.5,9400,27.5,D
sz002517,恺英网络,2025-09-23 10:37:45,27.49,18400,27.47,U
sz002517,恺英网络,2025-09-23 10:37:54,27.53,8200,27.53,D
sz002517,恺英网络,2025-09-23 10:38:03,27.55,9200,27.54,U
sz002517,恺英网络,2025-09-23 10:38:06,27.53,36100,27.55,D
sz002517,恺英网络,2025-09-23 10:38:09,27.5,27100,27.53,D
sz002517,恺英网络,2025-09-23 10:38:12,27.5,22800,27.5,D
sz002517,恺英网络,2025-09-23 10:38:18,27.5,18200,27.47,U
sz002517,恺英网络,2025-09-23 10:38:24,27.47,7700,27.5,D
sz002517,恺英网络,2025-09-23 10:38:30,27.49,23000,27.47,U
sz002517,恺英网络,2025-09-23 10:38:57,27.46,12600,27.45,U
sz002517,恺英网络,2025-09-23 10:39:12,27.47,7600,27.47,U
sz002517,恺英网络,2025-09-23 10:39:15,27.45,7800,27.47,D
sz002517,恺英网络,2025-09-23 10:39:18,27.46,12100,27.45,D
sz002517,恺英网络,2025-09-23 10:39:24,27.4,33100,27.45,D
sz002517,恺英网络,2025-09-23 10:39:48,27.42,31000,27.42,U
sz002517,恺英网络,2025-09-23 10:39:54,27.42,9300,27.41,U
sz002517,恺英网络,2025-09-23 10:39:57,27.42,23700,27.42,U
sz002517,恺英网络,2025-09-23 10:40:00,27.42,8600,27.42,D
sz002517,恺英网络,2025-09-23 10:40:06,27.43,14200,27.43,U
sz002517,恺英网络,2025-09-23 10:40:15,27.42,7600,27.43,D
sz002517,恺英网络,2025-09-23 10:40:18,27.43,19000,27.42,U
sz002517,恺英网络,2025-09-23 10:40:33,27.43,10000,27.43,U
sz002517,恺英网络,2025-09-23 10:40:54,27.42,9800,27.42,U
sz002517,恺英网络,2025-09-23 10:41:09,27.42,65700,27.42,U
sz002517,恺英网络,2025-09-23 10:41:24,27.39,21000,27.4,D
sz002517,恺英网络,2025-09-23 10:41:27,27.37,10100,27.39,D
sz002517,恺英网络,2025-09-23 10:41:36,27.37,8400,27.37,D
sz002517,恺英网络,2025-09-23 10:41:39,27.39,9400,27.37,U
sz002517,恺英网络,2025-09-23 10:41:42,27.37,9600,27.39,D
sz002517,恺英网络,2025-09-23 10:41:54,27.4,19100,27.38,U
sz002517,恺英网络,2025-09-23 10:42:15,27.39,8000,27.4,E
sz002517,恺英网络,2025-09-23 10:42:21,27.39,10100,27.39,D
sz002517,恺英网络,2025-09-23 10:42:36,27.38,25200,27.37,U
sz002517,恺英网络,2025-09-23 10:42:39,27.38,36600,27.38,D
sz002517,恺英网络,2025-09-23 10:43:06,27.45,68000,27.42,U
sz002517,恺英网络,2025-09-23 10:43:24,27.45,10400,27.45,U
sz002517,恺英网络,2025-09-23 10:43:30,27.45,14800,27.45,U
sz002517,恺英网络,2025-09-23 10:43:33,27.45,13900,27.45,U
sz002517,恺英网络,2025-09-23 10:43:36,27.45,7700,27.45,U
sz002517,恺英网络,2025-09-23 10:43:42,27.46,10900,27.46,U
sz002517,恺英网络,2025-09-23 10:43:48,27.44,40600,27.45,D
sz002517,恺英网络,2025-09-23 10:43:54,27.47,10500,27.47,U
sz002517,恺英网络,2025-09-23 10:43:57,27.47,9200,27.47,U
sz002517,恺英网络,2025-09-23 10:44:03,27.47,39300,27.47,U
sz002517,恺英网络,2025-09-23 10:44:15,27.48,14300,27.47,U
sz002517,恺英网络,2025-09-23 10:44:18,27.48,7900,27.48,U
sz002517,恺英网络,2025-09-23 10:44:21,27.49,33300,27.48,U
sz002517,恺英网络,2025-09-23 10:44:24,27.47,7400,27.49,D
sz002517,恺英网络,2025-09-23 10:44:33,27.49,20000,27.49,U
sz002517,恺英网络,2025-09-23 10:44:39,27.49,8200,27.49,U
sz002517,恺英网络,2025-09-23 10:44:42,27.49,25500,27.49,U
sz002517,恺英网络,2025-09-23 10:44:45,27.5,11600,27.49,U
sz002517,恺英网络,2025-09-23 10:44:48,27.5,46600,27.5,U
sz002517,恺英网络,2025-09-23 10:44:51,27.51,9100,27.5,U
sz002517,恺英网络,2025-09-23 10:45:12,27.5,18300,27.5,D
sz002517,恺英网络,2025-09-23 10:45:15,27.51,11600,27.5,U
sz002517,恺英网络,2025-09-23 10:45:24,27.5,11700,27.5,D
sz002517,恺英网络,2025-09-23 10:45:30,27.55,24500,27.5,U
sz002517,恺英网络,2025-09-23 10:45:36,27.58,17100,27.56,U
sz002517,恺英网络,2025-09-23 10:45:39,27.59,12300,27.58,U
sz002517,恺英网络,2025-09-23 10:45:42,27.6,12800,27.59,U
sz002517,恺英网络,2025-09-23 10:45:51,27.61,9900,27.6,U
sz002517,恺英网络,2025-09-23 10:45:54,27.61,8300,27.61,U
sz002517,恺英网络,2025-09-23 10:45:57,27.6,19800,27.61,D
sz002517,恺英网络,2025-09-23 10:46:00,27.58,12000,27.6,D
sz002517,恺英网络,2025-09-23 10:46:03,27.58,16300,27.58,U
sz002517,恺英网络,2025-09-23 10:46:06,27.6,11000,27.58,U
sz002517,恺英网络,2025-09-23 10:46:12,27.6,23000,27.6,U
sz002517,恺英网络,2025-09-23 10:46:15,27.61,9000,27.6,U
sz002517,恺英网络,2025-09-23 10:46:24,27.61,16200,27.62,D
sz002517,恺英网络,2025-09-23 10:46:30,27.59,8600,27.6,D
sz002517,恺英网络,2025-09-23 10:46:33,27.59,9800,27.59,D
sz002517,恺英网络,2025-09-23 10:46:36,27.64,10300,27.59,U
sz002517,恺英网络,2025-09-23 10:46:39,27.65,11200,27.64,U
sz002517,恺英网络,2025-09-23 10:46:54,27.64,9400,27.62,U
sz002517,恺英网络,2025-09-23 10:47:03,27.62,11400,27.63,D
sz002517,恺英网络,2025-09-23 10:47:06,27.56,12100,27.62,D
sz002517,恺英网络,2025-09-23 10:47:45,27.61,10400,27.6,U
sz002517,恺英网络,2025-09-23 10:47:48,27.59,14200,27.61,D
sz002517,恺英网络,2025-09-23 10:47:54,27.57,19300,27.58,D
sz002517,恺英网络,2025-09-23 10:48:27,27.6,7600,27.58,U
sz002517,恺英网络,2025-09-23 10:48:39,27.63,15300,27.61,U
sz002517,恺英网络,2025-09-23 10:48:48,27.63,22000,27.62,U
sz002517,恺英网络,2025-09-23 10:48:54,27.62,27700,27.6,U
sz002517,恺英网络,2025-09-23 10:49:15,27.6,21300,27.62,D
sz002517,恺英网络,2025-09-23 10:49:21,27.54,43900,27.57,D
sz002517,恺英网络,2025-09-23 10:49:24,27.54,12700,27.54,D
sz002517,恺英网络,2025-09-23 10:49:30,27.5,28900,27.57,D
sz002517,恺英网络,2025-09-23 10:50:15,27.54,11100,27.56,D
sz002517,恺英网络,2025-09-23 10:50:18,27.54,19800,27.54,U
sz002517,恺英网络,2025-09-23 10:50:27,27.52,10000,27.53,D
sz002517,恺英网络,2025-09-23 10:50:39,27.55,7300,27.54,U
sz002517,恺英网络,2025-09-23 10:50:57,27.53,16300,27.52,U
sz002517,恺英网络,2025-09-23 10:51:09,27.56,19300,27.52,U
sz002517,恺英网络,2025-09-23 10:51:15,27.51,13500,27.51,D
sz002517,恺英网络,2025-09-23 10:51:36,27.48,8900,27.49,D
sz002517,恺英网络,2025-09-23 10:51:48,27.47,7900,27.47,D
sz002517,恺英网络,2025-09-23 10:52:00,27.43,16500,27.45,D
sz002517,恺英网络,2025-09-23 10:52:03,27.35,18200,27.43,D
sz002517,恺英网络,2025-09-23 10:52:06,27.35,61700,27.35,E
sz002517,恺英网络,2025-09-23 10:52:09,27.35,9700,27.35,D
sz002517,恺英网络,2025-09-23 10:54:03,27.46,7500,27.44,U
sz002517,恺英网络,2025-09-23 10:54:12,27.47,10300,27.46,U
sz002517,恺英网络,2025-09-23 10:54:39,27.48,7300,27.47,U
sz002517,恺英网络,2025-09-23 10:55:03,27.43,8700,27.42,E
sz002517,恺英网络,2025-09-23 10:55:09,27.4,26300,27.43,D
sz002517,恺英网络,2025-09-23 10:55:48,27.47,54300,27.45,U
sz002517,恺英网络,2025-09-23 10:55:51,27.49,8000,27.47,U
sz002517,恺英网络,2025-09-23 10:56:00,27.45,10900,27.47,D
sz002517,恺英网络,2025-09-23 10:56:03,27.45,57600,27.45,U
sz002517,恺英网络,2025-09-23 10:56:12,27.44,21300,27.45,D
sz002517,恺英网络,2025-09-23 10:57:06,27.4,8300,27.41,D
sz002517,恺英网络,2025-09-23 10:57:09,27.38,8600,27.4,D
sz002517,恺英网络,2025-09-23 10:57:36,27.4,10900,27.38,U
sz002517,恺英网络,2025-09-23 10:57:45,27.4,8600,27.4,U
sz002517,恺英网络,2025-09-23 10:57:57,27.39,12100,27.42,D
sz002517,恺英网络,2025-09-23 10:58:00,27.39,49000,27.39,D
sz002517,恺英网络,2025-09-23 10:58:18,27.38,7800,27.39,E
sz002517,恺英网络,2025-09-23 10:58:39,27.39,8300,27.4,D
sz002517,恺英网络,2025-09-23 10:58:45,27.39,8000,27.39,U
sz002517,恺英网络,2025-09-23 10:59:00,27.4,7700,27.4,U
sz002517,恺英网络,2025-09-23 10:59:57,27.43,11400,27.45,D
sz002517,恺英网络,2025-09-23 11:00:39,27.39,7800,27.41,D
sz002517,恺英网络,2025-09-23 11:00:45,27.37,7600,27.39,D
sz002517,恺英网络,2025-09-23 11:01:27,27.36,9100,27.35,U
sz002517,恺英网络,2025-09-23 11:01:45,27.31,10300,27.32,D
sz002517,恺英网络,2025-09-23 11:01:51,27.31,10100,27.31,D
sz002517,恺英网络,2025-09-23 11:02:03,27.34,18500,27.32,U
sz002517,恺英网络,2025-09-23 11:03:03,27.35,20500,27.36,D
sz002517,恺英网络,2025-09-23 11:03:27,27.3,54700,27.37,D
sz002517,恺英网络,2025-09-23 11:03:36,27.3,11500,27.3,U
sz002517,恺英网络,2025-09-23 11:03:39,27.3,8400,27.3,U
sz002517,恺英网络,2025-09-23 11:03:42,27.29,7900,27.3,D
sz002517,恺英网络,2025-09-23 11:04:09,27.25,51800,27.29,D
sz002517,恺英网络,2025-09-23 11:04:12,27.25,23700,27.25,U
sz002517,恺英网络,2025-09-23 11:04:15,27.25,10700,27.25,U
sz002517,恺英网络,2025-09-23 11:04:27,27.25,77900,27.25,U
sz002517,恺英网络,2025-09-23 11:06:00,27.34,12900,27.4,D
sz002517,恺英网络,2025-09-23 11:06:15,27.36,8800,27.36,U
sz002517,恺英网络,2025-09-23 11:06:27,27.38,7700,27.38,U
sz002517,恺英网络,2025-09-23 11:06:36,27.38,8900,27.37,U
sz002517,恺英网络,2025-09-23 11:06:39,27.4,9900,27.38,U
sz002517,恺英网络,2025-09-23 11:07:03,27.4,22000,27.39,U
sz002517,恺英网络,2025-09-23 11:07:06,27.4,23700,27.4,D
sz002517,恺英网络,2025-09-23 11:07:09,27.42,11400,27.4,U
sz002517,恺英网络,2025-09-23 11:07:42,27.39,25900,27.39,D
sz002517,恺英网络,2025-09-23 11:07:48,27.4,7900,27.39,U
sz002517,恺英网络,2025-09-23 11:08:00,27.32,19500,27.38,D
sz002517,恺英网络,2025-09-23 11:08:18,27.28,7800,27.3,D
sz002517,恺英网络,2025-09-23 11:08:39,27.29,10000,27.28,U
sz002517,恺英网络,2025-09-23 11:09:18,27.28,9500,27.3,D
sz002517,恺英网络,2025-09-23 11:10:33,27.35,8700,27.29,U
sz002517,恺英网络,2025-09-23 11:10:39,27.28,26600,27.34,D
sz002517,恺英网络,2025-09-23 11:11:00,27.25,23400,27.27,D
sz002517,恺英网络,2025-09-23 11:12:00,27.27,11100,27.27,D
sz002517,恺英网络,2025-09-23 11:12:09,27.26,12400,27.27,D
sz002517,恺英网络,2025-09-23 11:12:15,27.24,23100,27.26,D
sz002517,恺英网络,2025-09-23 11:12:18,27.22,11400,27.24,D
sz002517,恺英网络,2025-09-23 11:13:18,27.23,8200,27.24,D
sz002517,恺英网络,2025-09-23 11:13:27,27.24,11100,27.26,E
sz002517,恺英网络,2025-09-23 11:14:00,27.21,13300,27.23,D
sz002517,恺英网络,2025-09-23 11:14:03,27.2,46100,27.21,D
sz002517,恺英网络,2025-09-23 11:14:06,27.2,64300,27.2,D
sz002517,恺英网络,2025-09-23 11:14:33,27.18,16600,27.18,D
sz002517,恺英网络,2025-09-23 11:14:45,27.22,9000,27.22,U
sz002517,恺英网络,2025-09-23 11:16:15,27.21,7900,27.21,U
sz002517,恺英网络,2025-09-23 11:16:42,27.2,10900,27.21,D
sz002517,恺英网络,2025-09-23 11:17:06,27.18,17100,27.18,D
sz002517,恺英网络,2025-09-23 11:17:12,27.17,16300,27.18,D
sz002517,恺英网络,2025-09-23 11:17:24,27.13,20600,27.17,D
sz002517,恺英网络,2025-09-23 11:17:42,27.14,12300,27.14,D
sz002517,恺英网络,2025-09-23 11:18:03,27.17,14800,27.15,U
sz002517,恺英网络,2025-09-23 11:18:54,27.16,32000,27.16,D
sz002517,恺英网络,2025-09-23 11:19:00,27.15,13300,27.15,E
sz002517,恺英网络,2025-09-23 11:19:36,27.17,9700,27.14,U
sz002517,恺英网络,2025-09-23 11:20:03,27.17,8400,27.18,D
sz002517,恺英网络,2025-09-23 11:20:06,27.17,10400,27.17,D
sz002517,恺英网络,2025-09-23 11:20:27,27.13,64200,27.14,D
sz002517,恺英网络,2025-09-23 11:20:36,27.1,208200,27.12,D
sz002517,恺英网络,2025-09-23 11:20:42,27.09,9000,27.1,D
sz002517,恺英网络,2025-09-23 11:20:45,27.08,8100,27.09,D
sz002517,恺英网络,2025-09-23 11:20:48,27.08,24400,27.08,D
sz002517,恺英网络,2025-09-23 11:20:54,27.03,29000,27.08,D
sz002517,恺英网络,2025-09-23 11:21:03,27.01,19400,27.03,D
sz002517,恺英网络,2025-09-23 11:21:09,27.01,12000,27.02,D
sz002517,恺英网络,2025-09-23 11:21:12,27.01,14000,27.01,D
sz002517,恺英网络,2025-09-23 11:21:18,27.01,8000,27.01,U
sz002517,恺英网络,2025-09-23 11:21:21,27.01,83700,27.01,U
sz002517,恺英网络,2025-09-23 11:21:30,27.0,41200,27.01,D
sz002517,恺英网络,2025-09-23 11:21:33,27.0,11400,27.0,D
sz002517,恺英网络,2025-09-23 11:21:42,27.0,10000,27.01,D
sz002517,恺英网络,2025-09-23 11:21:45,27.0,11600,27.0,U
sz002517,恺英网络,2025-09-23 11:22:12,26.97,9300,26.97,D
sz002517,恺英网络,2025-09-23 11:22:21,26.96,8700,26.96,D
sz002517,恺英网络,2025-09-23 11:22:30,26.96,16100,26.97,D
sz002517,恺英网络,2025-09-23 11:22:33,26.96,8900,26.96,U
sz002517,恺英网络,2025-09-23 11:22:36,26.95,14000,26.96,D
sz002517,恺英网络,2025-09-23 11:22:48,26.94,14900,26.95,D
sz002517,恺英网络,2025-09-23 11:22:51,26.95,10700,26.94,U
sz002517,恺英网络,2025-09-23 11:23:21,26.9,12100,26.91,D
sz002517,恺英网络,2025-09-23 11:23:24,26.9,15200,26.9,D
sz002517,恺英网络,2025-09-23 11:23:36,26.9,10300,26.9,D
sz002517,恺英网络,2025-09-23 11:23:42,26.9,14200,26.9,D
sz002517,恺英网络,2025-09-23 11:23:45,26.91,27500,26.9,U
sz002517,恺英网络,2025-09-23 11:23:54,26.91,38500,26.91,D
sz002517,恺英网络,2025-09-23 11:23:57,26.92,7800,26.91,U
sz002517,恺英网络,2025-09-23 11:24:03,26.96,16200,26.92,U
sz002517,恺英网络,2025-09-23 11:24:06,26.96,7900,26.96,U
sz002517,恺英网络,2025-09-23 11:24:30,26.97,12300,26.97,U
sz002517,恺英网络,2025-09-23 11:24:33,26.97,13200,26.97,U
sz002517,恺英网络,2025-09-23 11:25:00,26.96,9600,26.96,U
sz002517,恺英网络,2025-09-23 11:25:03,26.9,113100,26.96,D
sz002517,恺英网络,2025-09-23 11:25:06,26.9,20300,26.9,U
sz002517,恺英网络,2025-09-23 11:25:21,26.9,9800,26.9,U
sz002517,恺英网络,2025-09-23 11:25:27,26.9,10800,26.9,U
sz002517,恺英网络,2025-09-23 11:25:36,26.91,55100,26.89,U
sz002517,恺英网络,2025-09-23 11:25:51,26.91,9900,26.95,D
sz002517,恺英网络,2025-09-23 11:25:57,26.92,10500,26.91,U
sz002517,恺英网络,2025-09-23 11:27:03,26.98,7600,26.99,D
sz002517,恺英网络,2025-09-23 11:27:30,26.98,7600,26.98,D
sz002517,恺英网络,2025-09-23 11:27:42,26.98,39800,26.99,D
sz002517,恺英网络,2025-09-23 11:28:15,26.95,13900,26.97,D
sz002517,恺英网络,2025-09-23 11:28:24,26.97,15200,26.96,U
sz002517,恺英网络,2025-09-23 11:28:42,26.96,13100,26.96,D
sz002517,恺英网络,2025-09-23 11:29:09,26.96,17545,26.96,U
sz002517,恺英网络,2025-09-23 11:29:12,26.97,35400,26.96,U
sz002517,恺英网络,2025-09-23 11:29:24,26.97,8000,26.97,U
sz002517,恺英网络,2025-09-23 11:29:30,26.97,19500,26.97,U
sz002517,恺英网络,2025-09-23 11:29:51,26.97,10800,26.97,U
sz002517,恺英网络,2025-09-23 13:00:00,26.97,99600,26.97,U
sz002517,恺英网络,2025-09-23 13:00:03,26.95,40855,26.97,D
sz002517,恺英网络,2025-09-23 13:00:27,26.9,10800,26.9,D
sz002517,恺英网络,2025-09-23 13:00:36,26.88,22500,26.89,D
sz002517,恺英网络,2025-09-23 13:00:39,26.88,8500,26.88,D
sz002517,恺英网络,2025-09-23 13:00:57,26.88,13200,26.89,D
sz002517,恺英网络,2025-09-23 13:01:03,26.87,38600,26.87,D
sz002517,恺英网络,2025-09-23 13:01:06,26.88,19400,26.87,U
sz002517,恺英网络,2025-09-23 13:01:12,26.89,10900,26.87,U
sz002517,恺英网络,2025-09-23 13:01:21,26.9,10600,26.89,U
sz002517,恺英网络,2025-09-23 13:01:24,26.9,9000,26.9,E
sz002517,恺英网络,2025-09-23 13:01:33,26.95,11100,26.92,U
sz002517,恺英网络,2025-09-23 13:01:36,26.88,38600,26.95,D
sz002517,恺英网络,2025-09-23 13:01:57,26.93,17800,26.92,U
sz002517,恺英网络,2025-09-23 13:02:06,26.93,9100,26.94,U
sz002517,恺英网络,2025-09-23 13:02:09,26.95,15300,26.93,U
sz002517,恺英网络,2025-09-23 13:02:24,26.93,8600,26.92,U
sz002517,恺英网络,2025-09-23 13:02:57,26.94,7600,26.93,U
sz002517,恺英网络,2025-09-23 13:03:09,26.96,9200,26.95,U
sz002517,恺英网络,2025-09-23 13:03:21,26.95,9500,26.95,U
sz002517,恺英网络,2025-09-23 13:03:42,26.93,16300,26.94,D
sz002517,恺英网络,2025-09-23 13:03:51,26.88,19100,26.91,D
sz002517,恺英网络,2025-09-23 13:04:00,26.81,41800,26.86,D
sz002517,恺英网络,2025-09-23 13:04:06,26.8,11700,26.81,D
sz002517,恺英网络,2025-09-23 13:04:12,26.81,9100,26.8,U
sz002517,恺英网络,2025-09-23 13:04:15,26.81,8100,26.81,D
sz002517,恺英网络,2025-09-23 13:04:27,26.81,12600,26.81,D
sz002517,恺英网络,2025-09-23 13:04:33,26.83,20900,26.81,U
sz002517,恺英网络,2025-09-23 13:04:42,26.83,25100,26.8,U
sz002517,恺英网络,2025-09-23 13:04:57,26.8,13500,26.8,D
sz002517,恺英网络,2025-09-23 13:05:06,26.8,20900,26.8,D
sz002517,恺英网络,2025-09-23 13:05:15,26.78,10300,26.79,D
sz002517,恺英网络,2025-09-23 13:05:18,26.78,7700,26.78,D
sz002517,恺英网络,2025-09-23 13:05:24,26.77,12200,26.78,D
sz002517,恺英网络,2025-09-23 13:05:27,26.81,49600,26.77,U
sz002517,恺英网络,2025-09-23 13:05:30,26.76,13200,26.81,D
sz002517,恺英网络,2025-09-23 13:05:42,26.76,11900,26.77,D
sz002517,恺英网络,2025-09-23 13:05:45,26.75,11800,26.76,D
sz002517,恺英网络,2025-09-23 13:05:51,26.75,18400,26.75,D
sz002517,恺英网络,2025-09-23 13:06:00,26.76,12600,26.76,U
sz002517,恺英网络,2025-09-23 13:06:09,26.74,18700,26.74,D
sz002517,恺英网络,2025-09-23 13:06:27,26.72,12600,26.71,E
sz002517,恺英网络,2025-09-23 13:06:30,26.71,9700,26.72,D
sz002517,恺英网络,2025-09-23 13:06:36,26.71,14800,26.71,U
sz002517,恺英网络,2025-09-23 13:06:45,26.7,10600,26.71,D
sz002517,恺英网络,2025-09-23 13:06:54,26.73,42500,26.72,U
sz002517,恺英网络,2025-09-23 13:07:09,26.76,15900,26.73,U
sz002517,恺英网络,2025-09-23 13:07:12,26.78,17700,26.76,U
sz002517,恺英网络,2025-09-23 13:07:15,26.76,18200,26.78,D
sz002517,恺英网络,2025-09-23 13:07:18,26.83,35600,26.76,U
sz002517,恺英网络,2025-09-23 13:07:21,26.78,9600,26.83,D
sz002517,恺英网络,2025-09-23 13:07:33,26.82,12700,26.87,D
sz002517,恺英网络,2025-09-23 13:08:24,26.95,20000,26.91,U
sz002517,恺英网络,2025-09-23 13:08:30,26.98,21400,26.94,U
sz002517,恺英网络,2025-09-23 13:08:39,27.02,13600,26.98,U
sz002517,恺英网络,2025-09-23 13:08:45,27.06,16400,27.02,U
sz002517,恺英网络,2025-09-23 13:08:48,27.03,12700,27.06,D
sz002517,恺英网络,2025-09-23 13:08:51,27.04,11500,27.03,E
sz002517,恺英网络,2025-09-23 13:08:54,27.09,11300,27.04,U
sz002517,恺英网络,2025-09-23 13:08:57,27.05,16300,27.09,D
sz002517,恺英网络,2025-09-23 13:09:00,27.02,38300,27.05,D
sz002517,恺英网络,2025-09-23 13:09:03,27.05,8600,27.02,U
sz002517,恺英网络,2025-09-23 13:09:12,26.98,33000,27.05,D
sz002517,恺英网络,2025-09-23 13:09:21,26.95,16000,26.98,D
sz002517,恺英网络,2025-09-23 13:09:24,26.9,12500,26.95,D
sz002517,恺英网络,2025-09-23 13:09:27,26.86,16200,26.9,D
sz002517,恺英网络,2025-09-23 13:09:54,26.93,12700,26.94,D
sz002517,恺英网络,2025-09-23 13:09:57,26.94,10800,26.93,D
sz002517,恺英网络,2025-09-23 13:10:06,26.96,7500,26.97,E
sz002517,恺英网络,2025-09-23 13:10:15,26.94,15200,26.93,E
sz002517,恺英网络,2025-09-23 13:10:30,26.96,12300,26.95,U
sz002517,恺英网络,2025-09-23 13:10:33,26.94,16200,26.96,D
sz002517,恺英网络,2025-09-23 13:10:36,26.91,12400,26.94,D
sz002517,恺英网络,2025-09-23 13:11:03,26.98,10500,26.96,U
sz002517,恺英网络,2025-09-23 13:11:06,26.95,7600,26.98,D
sz002517,恺英网络,2025-09-23 13:11:09,26.98,47100,26.95,U
sz002517,恺英网络,2025-09-23 13:11:12,27.03,17700,26.98,U
sz002517,恺英网络,2025-09-23 13:11:15,27.03,7400,27.03,D
sz002517,恺英网络,2025-09-23 13:11:18,27.05,13000,27.03,U
sz002517,恺英网络,2025-09-23 13:11:27,27.06,10000,27.06,D
sz002517,恺英网络,2025-09-23 13:11:42,27.02,8600,27.06,D
sz002517,恺英网络,2025-09-23 13:11:45,27.06,21700,27.02,U
sz002517,恺英网络,2025-09-23 13:11:48,27.06,15400,27.06,D
sz002517,恺英网络,2025-09-23 13:11:51,27.04,15500,27.06,D
sz002517,恺英网络,2025-09-23 13:11:54,27.0,9700,27.04,D
sz002517,恺英网络,2025-09-23 13:12:12,27.05,10000,27.04,U
sz002517,恺英网络,2025-09-23 13:12:15,26.98,70000,27.05,D
sz002517,恺英网络,2025-09-23 13:12:18,27.01,7900,26.98,E
sz002517,恺英网络,2025-09-23 13:12:36,27.0,13400,27.03,D
sz002517,恺英网络,2025-09-23 13:12:45,27.08,72700,27.05,U
sz002517,恺英网络,2025-09-23 13:12:51,27.08,16100,27.04,U
sz002517,恺英网络,2025-09-23 13:12:57,27.08,12100,27.08,U
sz002517,恺英网络,2025-09-23 13:13:03,27.05,7900,27.07,D
sz002517,恺英网络,2025-09-23 13:13:09,27.1,22100,27.06,U
sz002517,恺英网络,2025-09-23 13:13:18,27.08,10600,27.11,E
sz002517,恺英网络,2025-09-23 13:13:27,27.08,16700,27.11,D
sz002517,恺英网络,2025-09-23 13:13:30,27.09,20900,27.08,U
sz002517,恺英网络,2025-09-23 13:13:36,27.11,11300,27.11,U
sz002517,恺英网络,2025-09-23 13:13:42,27.15,35200,27.1,U
sz002517,恺英网络,2025-09-23 13:13:51,27.14,17700,27.15,U
sz002517,恺英网络,2025-09-23 13:14:00,27.14,30300,27.14,U
sz002517,恺英网络,2025-09-23 13:14:03,27.14,28100,27.14,D
sz002517,恺英网络,2025-09-23 13:14:06,27.14,14500,27.14,E
sz002517,恺英网络,2025-09-23 13:14:09,27.16,14500,27.14,U
sz002517,恺英网络,2025-09-23 13:14:12,27.13,13100,27.16,D
sz002517,恺英网络,2025-09-23 13:14:15,27.11,35300,27.13,D
sz002517,恺英网络,2025-09-23 13:14:33,27.09,14300,27.13,D
sz002517,恺英网络,2025-09-23 13:14:51,27.11,9500,27.09,U
sz002517,恺英网络,2025-09-23 13:14:54,27.1,8000,27.11,D
sz002517,恺英网络,2025-09-23 13:15:00,27.1,8200,27.09,D
sz002517,恺英网络,2025-09-23 13:15:03,27.1,15800,27.1,D
sz002517,恺英网络,2025-09-23 13:15:12,27.06,58500,27.09,D
sz002517,恺英网络,2025-09-23 13:15:33,27.05,10200,27.01,U
sz002517,恺英网络,2025-09-23 13:15:39,27.02,15400,27.01,U
sz002517,恺英网络,2025-09-23 13:15:42,27.02,25600,27.02,D
sz002517,恺英网络,2025-09-23 13:15:48,27.01,7500,27.06,D
sz002517,恺英网络,2025-09-23 13:16:03,27.07,29800,27.06,U
sz002517,恺英网络,2025-09-23 13:16:24,27.1,11600,27.09,U
sz002517,恺英网络,2025-09-23 13:16:33,27.11,11400,27.1,U
sz002517,恺英网络,2025-09-23 13:16:39,27.13,10000,27.11,U
sz002517,恺英网络,2025-09-23 13:16:51,27.12,8500,27.12,U
sz002517,恺英网络,2025-09-23 13:16:54,27.11,36200,27.12,U
sz002517,恺英网络,2025-09-23 13:17:03,27.1,8800,27.11,D
sz002517,恺英网络,2025-09-23 13:17:06,27.09,7900,27.1,D
sz002517,恺英网络,2025-09-23 13:18:03,27.06,21800,27.08,D
sz002517,恺英网络,2025-09-23 13:18:09,27.05,9800,27.06,D
sz002517,恺英网络,2025-09-23 13:18:18,26.99,26000,27.01,D
sz002517,恺英网络,2025-09-23 13:18:30,26.99,22000,26.99,U
sz002517,恺英网络,2025-09-23 13:18:33,26.97,23100,26.99,D
sz002517,恺英网络,2025-09-23 13:18:45,26.92,30700,26.95,D
sz002517,恺英网络,2025-09-23 13:18:51,26.9,7600,26.9,D
sz002517,恺英网络,2025-09-23 13:19:00,26.91,9800,26.92,D
sz002517,恺英网络,2025-09-23 13:19:06,26.89,27700,26.96,D
sz002517,恺英网络,2025-09-23 13:19:09,26.89,9100,26.89,D
sz002517,恺英网络,2025-09-23 13:19:24,26.96,12800,26.96,U
sz002517,恺英网络,2025-09-23 13:19:30,26.93,10000,26.95,D
sz002517,恺英网络,2025-09-23 13:20:24,26.97,7500,26.97,U
sz002517,恺英网络,2025-09-23 13:20:36,26.94,13900,26.97,D
sz002517,恺英网络,2025-09-23 13:20:45,26.92,10400,26.92,D
sz002517,恺英网络,2025-09-23 13:21:09,26.94,19000,26.9,U
sz002517,恺英网络,2025-09-23 13:21:42,26.94,10300,26.95,D
sz002517,恺英网络,2025-09-23 13:21:48,26.93,8500,26.94,D
sz002517,恺英网络,2025-09-23 13:21:54,26.9,8500,26.93,D
sz002517,恺英网络,2025-09-23 13:21:57,26.89,17700,26.9,D
sz002517,恺英网络,2025-09-23 13:22:00,26.89,10500,26.89,D
sz002517,恺英网络,2025-09-23 13:22:03,26.87,27000,26.89,D
sz002517,恺英网络,2025-09-23 13:22:15,26.86,8700,26.88,D
sz002517,恺英网络,2025-09-23 13:22:33,26.89,9500,26.86,E
sz002517,恺英网络,2025-09-23 13:23:24,26.94,8100,26.95,D
sz002517,恺英网络,2025-09-23 13:23:27,26.95,16300,26.94,U
sz002517,恺英网络,2025-09-23 13:23:57,26.97,10700,26.97,U
sz002517,恺英网络,2025-09-23 13:25:03,26.98,7800,26.97,U
sz002517,恺英网络,2025-09-23 13:25:33,26.98,8300,26.97,U
sz002517,恺英网络,2025-09-23 13:25:48,26.99,18000,26.96,U
sz002517,恺英网络,2025-09-23 13:25:51,27.0,23800,26.99,U
sz002517,恺英网络,2025-09-23 13:26:21,27.14,86800,27.01,U
sz002517,恺英网络,2025-09-23 13:26:27,27.01,10200,27.02,D
sz002517,恺英网络,2025-09-23 13:26:30,27.03,9800,27.01,E
sz002517,恺英网络,2025-09-23 13:26:33,27.01,8400,27.03,D
sz002517,恺英网络,2025-09-23 13:26:36,27.04,15800,27.01,E
sz002517,恺英网络,2025-09-23 13:26:48,27.11,8800,27.11,U
sz002517,恺英网络,2025-09-23 13:26:54,27.06,8400,27.04,E
sz002517,恺英网络,2025-09-23 13:27:33,27.08,17900,27.08,D
sz002517,恺英网络,2025-09-23 13:28:15,27.09,13500,27.06,U
sz002517,恺英网络,2025-09-23 13:28:18,27.09,33600,27.09,D
sz002517,恺英网络,2025-09-23 13:28:33,27.06,37500,27.07,E
sz002517,恺英网络,2025-09-23 13:29:03,27.03,12600,27.03,D
sz002517,恺英网络,2025-09-23 13:29:06,27.03,8300,27.03,D
sz002517,恺英网络,2025-09-23 13:29:09,27.03,10200,27.03,D
sz002517,恺英网络,2025-09-23 13:29:57,27.03,14900,27.03,D
sz002517,恺英网络,2025-09-23 13:30:00,26.99,21300,27.03,D
sz002517,恺英网络,2025-09-23 13:30:03,26.98,13800,26.99,D
sz002517,恺英网络,2025-09-23 13:30:12,26.99,10700,26.99,U
sz002517,恺英网络,2025-09-23 13:30:15,26.97,29000,26.99,D
sz002517,恺英网络,2025-09-23 13:30:18,26.99,8200,26.97,E
sz002517,恺英网络,2025-09-23 13:30:21,27.05,68900,26.99,U
sz002517,恺英网络,2025-09-23 13:30:24,27.03,8000,27.05,E
sz002517,恺英网络,2025-09-23 13:30:27,27.0,23000,27.03,D
sz002517,恺英网络,2025-09-23 13:30:30,27.08,37400,27.0,U
sz002517,恺英网络,2025-09-23 13:30:36,27.03,21900,27.03,D
sz002517,恺英网络,2025-09-23 13:30:42,27.05,10500,27.05,D
sz002517,恺英网络,2025-09-23 13:30:57,27.06,29800,27.1,D
sz002517,恺英网络,2025-09-23 13:31:03,27.12,22400,27.13,D
sz002517,恺英网络,2025-09-23 13:31:06,27.12,10200,27.12,U
sz002517,恺英网络,2025-09-23 13:31:09,27.2,11600,27.12,U
sz002517,恺英网络,2025-09-23 13:31:15,27.08,9400,27.1,D
sz002517,恺英网络,2025-09-23 13:31:18,27.08,7800,27.08,U
sz002517,恺英网络,2025-09-23 13:31:24,27.1,13600,27.08,U
sz002517,恺英网络,2025-09-23 13:31:36,27.08,7400,27.1,D
sz002517,恺英网络,2025-09-23 13:31:57,27.15,7400,27.14,U
sz002517,恺英网络,2025-09-23 13:32:15,27.11,12700,27.12,D
sz002517,恺英网络,2025-09-23 13:32:24,27.05,12600,27.11,D
sz002517,恺英网络,2025-09-23 13:32:36,27.07,46400,27.05,E
sz002517,恺英网络,2025-09-23 13:32:42,27.1,16300,27.09,U
sz002517,恺英网络,2025-09-23 13:32:45,27.04,18800,27.1,D
sz002517,恺英网络,2025-09-23 13:32:48,27.07,7500,27.04,E
sz002517,恺英网络,2025-09-23 13:32:54,27.06,14300,27.04,U
sz002517,恺英网络,2025-09-23 13:32:57,27.01,10000,27.06,D
sz002517,恺英网络,2025-09-23 13:33:00,26.99,18000,27.01,D
sz002517,恺英网络,2025-09-23 13:33:06,26.97,20100,26.99,D
sz002517,恺英网络,2025-09-23 13:33:15,26.97,17500,26.97,D
sz002517,恺英网络,2025-09-23 13:33:27,26.95,12200,26.95,D
sz002517,恺英网络,2025-09-23 13:33:30,26.96,18500,26.95,U
sz002517,恺英网络,2025-09-23 13:33:45,26.95,10400,26.95,D
sz002517,恺英网络,2025-09-23 13:33:48,26.95,7600,26.95,U
sz002517,恺英网络,2025-09-23 13:34:09,26.94,8100,26.94,D
sz002517,恺英网络,2025-09-23 13:34:36,26.94,11300,26.94,D
sz002517,恺英网络,2025-09-23 13:34:39,26.95,9500,26.94,U
sz002517,恺英网络,2025-09-23 13:34:42,26.94,9700,26.95,D
sz002517,恺英网络,2025-09-23 13:34:45,26.94,13100,26.94,D
sz002517,恺英网络,2025-09-23 13:35:03,26.89,47200,26.93,D
sz002517,恺英网络,2025-09-23 13:35:15,26.88,11200,26.88,D
sz002517,恺英网络,2025-09-23 13:35:18,26.87,24900,26.88,D
sz002517,恺英网络,2025-09-23 13:35:21,26.86,11100,26.87,D
sz002517,恺英网络,2025-09-23 13:35:24,26.82,27800,26.86,D
sz002517,恺英网络,2025-09-23 13:35:27,26.81,15500,26.82,D
sz002517,恺英网络,2025-09-23 13:35:36,26.85,29000,26.82,U
sz002517,恺英网络,2025-09-23 13:35:39,26.85,8600,26.85,U
sz002517,恺英网络,2025-09-23 13:35:42,26.84,10300,26.85,E
sz002517,恺英网络,2025-09-23 13:35:54,26.81,12400,26.82,D
sz002517,恺英网络,2025-09-23 13:35:57,26.8,16700,26.81,D
sz002517,恺英网络,2025-09-23 13:36:00,26.81,8500,26.8,E
sz002517,恺英网络,2025-09-23 13:36:09,26.81,14700,26.81,U
sz002517,恺英网络,2025-09-23 13:36:12,26.81,19400,26.81,D
sz002517,恺英网络,2025-09-23 13:36:15,26.8,9000,26.81,D
sz002517,恺英网络,2025-09-23 13:36:18,26.8,8400,26.8,D
sz002517,恺英网络,2025-09-23 13:36:24,26.8,8400,26.81,D
sz002517,恺英网络,2025-09-23 13:36:27,26.8,38000,26.8,D
sz002517,恺英网络,2025-09-23 13:36:33,26.78,18300,26.79,D
sz002517,恺英网络,2025-09-23 13:36:36,26.76,14200,26.78,D
sz002517,恺英网络,2025-09-23 13:36:42,26.78,16600,26.75,U
sz002517,恺英网络,2025-09-23 13:36:48,26.76,9600,26.76,D
sz002517,恺英网络,2025-09-23 13:36:54,26.75,23900,26.75,D
sz002517,恺英网络,2025-09-23 13:36:57,26.75,9200,26.75,D
sz002517,恺英网络,2025-09-23 13:37:03,26.76,25000,26.76,U
sz002517,恺英网络,2025-09-23 13:37:06,26.76,9700,26.76,U
sz002517,恺英网络,2025-09-23 13:37:12,26.75,24100,26.76,D
sz002517,恺英网络,2025-09-23 13:37:15,26.75,8300,26.75,D
sz002517,恺英网络,2025-09-23 13:37:18,26.76,9200,26.75,U
sz002517,恺英网络,2025-09-23 13:37:24,26.74,18400,26.76,D
sz002517,恺英网络,2025-09-23 13:37:33,26.74,13600,26.75,D
sz002517,恺英网络,2025-09-23 13:37:42,26.74,13200,26.74,D
sz002517,恺英网络,2025-09-23 13:37:45,26.74,8600,26.74,U
sz002517,恺英网络,2025-09-23 13:38:00,26.73,7500,26.72,U
sz002517,恺英网络,2025-09-23 13:38:03,26.72,8100,26.73,D
sz002517,恺英网络,2025-09-23 13:38:21,26.72,7800,26.73,D
sz002517,恺英网络,2025-09-23 13:38:24,26.73,7500,26.72,U
sz002517,恺英网络,2025-09-23 13:38:33,26.72,9500,26.72,D
sz002517,恺英网络,2025-09-23 13:38:39,26.69,139000,26.72,D
sz002517,恺英网络,2025-09-23 13:38:42,26.7,36500,26.69,U
sz002517,恺英网络,2025-09-23 13:38:45,26.67,15400,26.7,D
sz002517,恺英网络,2025-09-23 13:38:54,26.67,11900,26.67,D
sz002517,恺英网络,2025-09-23 13:38:57,26.67,12700,26.67,U
sz002517,恺英网络,2025-09-23 13:39:03,26.66,13300,26.67,D
sz002517,恺英网络,2025-09-23 13:39:09,26.67,23000,26.67,U
sz002517,恺英网络,2025-09-23 13:39:15,26.65,55000,26.67,D
sz002517,恺英网络,2025-09-23 13:39:18,26.65,34000,26.65,D
sz002517,恺英网络,2025-09-23 13:39:21,26.65,36300,26.65,D
sz002517,恺英网络,2025-09-23 13:39:24,26.64,16200,26.65,D
sz002517,恺英网络,2025-09-23 13:39:27,26.63,20000,26.64,D
sz002517,恺英网络,2025-09-23 13:39:30,26.63,7900,26.63,D
sz002517,恺英网络,2025-09-23 13:39:33,26.61,26300,26.63,D
sz002517,恺英网络,2025-09-23 13:39:36,26.6,20000,26.61,D
sz002517,恺英网络,2025-09-23 13:39:39,26.61,9800,26.6,E
sz002517,恺英网络,2025-09-23 13:39:54,26.6,50200,26.63,D
sz002517,恺英网络,2025-09-23 13:39:57,26.57,17300,26.6,D
sz002517,恺英网络,2025-09-23 13:40:03,26.57,36400,26.6,D
sz002517,恺英网络,2025-09-23 13:40:06,26.58,21400,26.57,U
sz002517,恺英网络,2025-09-23 13:40:09,26.58,8400,26.58,E
sz002517,恺英网络,2025-09-23 13:40:15,26.64,8300,26.59,U
sz002517,恺英网络,2025-09-23 13:40:18,26.63,23800,26.64,U
sz002517,恺英网络,2025-09-23 13:40:24,26.63,9600,26.64,D
sz002517,恺英网络,2025-09-23 13:40:27,26.65,16200,26.63,D
sz002517,恺英网络,2025-09-23 13:40:36,26.65,19400,26.68,D
sz002517,恺英网络,2025-09-23 13:40:39,26.67,21400,26.65,U
sz002517,恺英网络,2025-09-23 13:40:45,26.67,8900,26.67,U
sz002517,恺英网络,2025-09-23 13:40:54,26.62,35200,26.66,D
sz002517,恺英网络,2025-09-23 13:41:03,26.65,26400,26.66,D
sz002517,恺英网络,2025-09-23 13:41:09,26.63,18500,26.65,D
sz002517,恺英网络,2025-09-23 13:41:21,26.62,7800,26.63,D
sz002517,恺英网络,2025-09-23 13:41:24,26.61,15300,26.62,D
sz002517,恺英网络,2025-09-23 13:41:42,26.63,7600,26.64,D
sz002517,恺英网络,2025-09-23 13:42:21,26.64,9100,26.64,U
sz002517,恺英网络,2025-09-23 13:42:42,26.64,8900,26.64,U
sz002517,恺英网络,2025-09-23 13:43:00,26.64,9500,26.64,D
sz002517,恺英网络,2025-09-23 13:43:03,26.65,11200,26.64,U
sz002517,恺英网络,2025-09-23 13:43:15,26.64,13700,26.65,D
sz002517,恺英网络,2025-09-23 13:43:27,26.64,14200,26.65,D
sz002517,恺英网络,2025-09-23 13:43:30,26.63,11400,26.64,D
sz002517,恺英网络,2025-09-23 13:43:33,26.64,15400,26.63,U
sz002517,恺英网络,2025-09-23 13:43:36,26.61,30200,26.64,D
sz002517,恺英网络,2025-09-23 13:43:45,26.63,13400,26.62,U
sz002517,恺英网络,2025-09-23 13:43:54,26.64,8500,26.64,U
sz002517,恺英网络,2025-09-23 13:43:57,26.64,7600,26.64,U
sz002517,恺英网络,2025-09-23 13:44:00,26.63,40500,26.64,D
sz002517,恺英网络,2025-09-23 13:44:03,26.63,10700,26.63,U
sz002517,恺英网络,2025-09-23 13:44:24,26.62,12600,26.62,D
sz002517,恺英网络,2025-09-23 13:44:36,26.62,14100,26.63,D
sz002517,恺英网络,2025-09-23 13:44:39,26.61,21300,26.62,D
sz002517,恺英网络,2025-09-23 13:44:48,26.62,8800,26.62,D
sz002517,恺英网络,2025-09-23 13:44:54,26.61,27400,26.62,D
sz002517,恺英网络,2025-09-23 13:44:57,26.62,13300,26.61,U
sz002517,恺英网络,2025-09-23 13:45:03,26.62,12700,26.62,U
sz002517,恺英网络,2025-09-23 13:45:09,26.62,9900,26.61,U
sz002517,恺英网络,2025-09-23 13:45:12,26.62,92600,26.62,U
sz002517,恺英网络,2025-09-23 13:45:15,26.61,32000,26.62,D
sz002517,恺英网络,2025-09-23 13:45:18,26.63,34200,26.61,U
sz002517,恺英网络,2025-09-23 13:45:21,26.64,13100,26.63,U
sz002517,恺英网络,2025-09-23 13:45:24,26.7,15600,26.64,U
sz002517,恺英网络,2025-09-23 13:45:27,26.65,10900,26.7,U
sz002517,恺英网络,2025-09-23 13:45:30,26.66,9000,26.65,U
sz002517,恺英网络,2025-09-23 13:45:57,26.67,10800,26.67,U
sz002517,恺英网络,2025-09-23 13:46:03,26.72,33700,26.68,U
sz002517,恺英网络,2025-09-23 13:46:27,26.67,10000,26.68,D
sz002517,恺英网络,2025-09-23 13:46:36,26.66,9200,26.66,D
sz002517,恺英网络,2025-09-23 13:46:39,26.67,8500,26.66,U
sz002517,恺英网络,2025-09-23 13:47:03,26.66,12100,26.67,D
sz002517,恺英网络,2025-09-23 13:47:51,26.69,17100,26.69,U
sz002517,恺英网络,2025-09-23 13:47:57,26.67,40100,26.69,D
sz002517,恺英网络,2025-09-23 13:48:00,26.67,8100,26.67,D
sz002517,恺英网络,2025-09-23 13:48:03,26.69,20300,26.67,U
sz002517,恺英网络,2025-09-23 13:48:06,26.69,14100,26.69,U
sz002517,恺英网络,2025-09-23 13:48:09,26.7,20400,26.69,U
sz002517,恺英网络,2025-09-23 13:48:33,26.72,15900,26.72,U
sz002517,恺英网络,2025-09-23 13:48:51,26.72,7900,26.72,U
sz002517,恺英网络,2025-09-23 13:48:54,26.72,25700,26.72,U
sz002517,恺英网络,2025-09-23 13:49:00,26.72,9000,26.72,U
sz002517,恺英网络,2025-09-23 13:49:06,26.72,11400,26.72,U
sz002517,恺英网络,2025-09-23 13:49:09,26.71,13300,26.72,D
sz002517,恺英网络,2025-09-23 13:49:12,26.71,10700,26.71,D
sz002517,恺英网络,2025-09-23 13:49:15,26.71,40600,26.71,D
sz002517,恺英网络,2025-09-23 13:49:18,26.71,22600,26.71,U
sz002517,恺英网络,2025-09-23 13:49:24,26.71,13100,26.71,U
sz002517,恺英网络,2025-09-23 13:50:06,26.69,24900,26.71,D
sz002517,恺英网络,2025-09-23 13:50:39,26.73,25400,26.72,U
sz002517,恺英网络,2025-09-23 13:50:42,26.76,20200,26.73,U
sz002517,恺英网络,2025-09-23 13:50:57,26.79,11600,26.8,D
sz002517,恺英网络,2025-09-23 13:51:06,26.79,9500,26.81,D
sz002517,恺英网络,2025-09-23 13:51:12,26.75,38100,26.8,D
sz002517,恺英网络,2025-09-23 13:51:18,26.76,14200,26.72,U
sz002517,恺英网络,2025-09-23 13:52:03,26.75,27700,26.77,D
sz002517,恺英网络,2025-09-23 13:52:09,26.76,21000,26.72,U
sz002517,恺英网络,2025-09-23 13:52:24,26.74,9000,26.75,D
sz002517,恺英网络,2025-09-23 13:52:33,26.74,10400,26.75,D
sz002517,恺英网络,2025-09-23 13:52:36,26.76,8300,26.74,U
sz002517,恺英网络,2025-09-23 13:52:54,26.76,19300,26.76,E
sz002517,恺英网络,2025-09-23 13:53:06,26.77,21900,26.77,U
sz002517,恺英网络,2025-09-23 13:53:09,26.78,11100,26.77,U
sz002517,恺英网络,2025-09-23 13:53:12,26.78,12900,26.78,U
sz002517,恺英网络,2025-09-23 13:53:24,26.79,8200,26.79,U
sz002517,恺英网络,2025-09-23 13:53:27,26.79,20800,26.79,U
sz002517,恺英网络,2025-09-23 13:53:48,26.8,12600,26.84,D
sz002517,恺英网络,2025-09-23 13:53:51,26.83,7600,26.8,U
sz002517,恺英网络,2025-09-23 13:54:00,26.85,10900,26.84,U
sz002517,恺英网络,2025-09-23 13:54:06,26.84,12700,26.84,U
sz002517,恺英网络,2025-09-23 13:54:33,26.84,9300,26.84,U
sz002517,恺英网络,2025-09-23 13:54:39,26.83,11900,26.83,D
sz002517,恺英网络,2025-09-23 13:55:06,26.85,14400,26.86,D
sz002517,恺英网络,2025-09-23 13:55:15,26.87,8000,26.87,D
sz002517,恺英网络,2025-09-23 13:55:24,26.9,10600,26.88,U
sz002517,恺英网络,2025-09-23 13:55:48,26.9,43000,26.89,U
sz002517,恺英网络,2025-09-23 13:56:00,26.88,19600,26.9,D
sz002517,恺英网络,2025-09-23 13:56:03,26.89,8900,26.88,U
sz002517,恺英网络,2025-09-23 13:56:06,26.88,8800,26.89,D
sz002517,恺英网络,2025-09-23 13:56:09,26.88,27400,26.88,D
sz002517,恺英网络,2025-09-23 13:56:12,26.88,10400,26.88,D
sz002517,恺英网络,2025-09-23 13:56:15,26.85,24600,26.88,D
sz002517,恺英网络,2025-09-23 13:56:24,26.88,10900,26.88,U
sz002517,恺英网络,2025-09-23 13:56:45,26.88,10300,26.86,U
sz002517,恺英网络,2025-09-23 13:56:57,26.85,12200,26.86,D
sz002517,恺英网络,2025-09-23 13:57:09,26.88,10400,26.86,U
sz002517,恺英网络,2025-09-23 13:57:18,26.88,8500,26.89,D
sz002517,恺英网络,2025-09-23 13:57:24,26.89,10200,26.89,U
sz002517,恺英网络,2025-09-23 13:57:27,26.88,8600,26.89,D
sz002517,恺英网络,2025-09-23 13:57:36,26.88,12600,26.88,U
sz002517,恺英网络,2025-09-23 13:57:48,26.88,59900,26.88,D
sz002517,恺英网络,2025-09-23 13:57:54,26.9,10900,26.9,U
sz002517,恺英网络,2025-09-23 13:57:57,26.89,9400,26.9,D
sz002517,恺英网络,2025-09-23 13:58:09,26.89,23500,26.89,U
sz002517,恺英网络,2025-09-23 13:58:15,26.87,15200,26.88,D
sz002517,恺英网络,2025-09-23 13:58:18,26.87,8300,26.87,D
sz002517,恺英网络,2025-09-23 13:58:21,26.86,14000,26.87,D
sz002517,恺英网络,2025-09-23 13:58:27,26.87,15700,26.87,D
sz002517,恺英网络,2025-09-23 13:59:06,26.87,7500,26.88,D
sz002517,恺英网络,2025-09-23 13:59:09,26.87,8700,26.87,D
sz002517,恺英网络,2025-09-23 13:59:24,26.85,8900,26.87,D
sz002517,恺英网络,2025-09-23 14:00:00,26.87,11300,26.88,D
sz002517,恺英网络,2025-09-23 14:00:03,26.85,21600,26.87,D
sz002517,恺英网络,2025-09-23 14:00:09,26.83,11200,26.85,D
sz002517,恺英网络,2025-09-23 14:00:15,26.8,45200,26.84,D
sz002517,恺英网络,2025-09-23 14:00:27,26.76,9300,26.76,D
sz002517,恺英网络,2025-09-23 14:00:39,26.77,17900,26.77,U
sz002517,恺英网络,2025-09-23 14:00:45,26.77,9000,26.78,D
sz002517,恺英网络,2025-09-23 14:00:57,26.77,8800,26.79,D
sz002517,恺英网络,2025-09-23 14:01:27,26.8,10900,26.78,U
sz002517,恺英网络,2025-09-23 14:02:00,26.8,8200,26.79,U
sz002517,恺英网络,2025-09-23 14:02:06,26.8,8600,26.8,U
sz002517,恺英网络,2025-09-23 14:02:18,26.81,12000,26.81,U
sz002517,恺英网络,2025-09-23 14:02:24,26.82,8600,26.82,U
sz002517,恺英网络,2025-09-23 14:02:27,26.83,16900,26.82,U
sz002517,恺英网络,2025-09-23 14:03:00,26.86,8000,26.88,D
sz002517,恺英网络,2025-09-23 14:03:06,26.83,13200,26.85,D
sz002517,恺英网络,2025-09-23 14:03:15,26.82,12100,26.82,E
sz002517,恺英网络,2025-09-23 14:03:18,26.83,12900,26.82,U
sz002517,恺英网络,2025-09-23 14:03:57,26.83,7600,26.82,E
sz002517,恺英网络,2025-09-23 14:04:03,26.8,18000,26.83,D
sz002517,恺英网络,2025-09-23 14:04:06,26.8,38400,26.8,D
sz002517,恺英网络,2025-09-23 14:04:18,26.81,12500,26.81,D
sz002517,恺英网络,2025-09-23 14:04:24,26.78,16500,26.81,D
sz002517,恺英网络,2025-09-23 14:04:27,26.78,10900,26.78,D
sz002517,恺英网络,2025-09-23 14:04:36,26.77,12400,26.78,D
sz002517,恺英网络,2025-09-23 14:04:54,26.79,24700,26.79,D
sz002517,恺英网络,2025-09-23 14:05:06,26.78,9400,26.79,D
sz002517,恺英网络,2025-09-23 14:05:45,26.8,7500,26.82,D
sz002517,恺英网络,2025-09-23 14:06:51,26.85,13000,26.83,U
sz002517,恺英网络,2025-09-23 14:07:03,26.85,10000,26.84,U
sz002517,恺英网络,2025-09-23 14:07:06,26.85,8600,26.85,U
sz002517,恺英网络,2025-09-23 14:07:24,26.86,7700,26.84,U
sz002517,恺英网络,2025-09-23 14:07:36,26.87,11900,26.88,D
sz002517,恺英网络,2025-09-23 14:07:42,26.89,11800,26.88,U
sz002517,恺英网络,2025-09-23 14:07:54,26.89,9300,26.9,D
sz002517,恺英网络,2025-09-23 14:07:57,26.89,9900,26.89,D
sz002517,恺英网络,2025-09-23 14:08:03,26.9,8400,26.89,U
sz002517,恺英网络,2025-09-23 14:08:06,26.9,8600,26.9,U
sz002517,恺英网络,2025-09-23 14:08:24,26.86,9200,26.89,D
sz002517,恺英网络,2025-09-23 14:08:54,26.9,18600,26.9,D
sz002517,恺英网络,2025-09-23 14:09:00,26.86,48700,26.89,D
sz002517,恺英网络,2025-09-23 14:09:03,26.8,32300,26.86,D
sz002517,恺英网络,2025-09-23 14:09:09,26.8,10000,26.8,D
sz002517,恺英网络,2025-09-23 14:09:18,26.8,8500,26.78,U
sz002517,恺英网络,2025-09-23 14:09:24,26.78,7800,26.8,D
sz002517,恺英网络,2025-09-23 14:09:27,26.79,10700,26.78,E
sz002517,恺英网络,2025-09-23 14:09:48,26.78,11100,26.79,D
sz002517,恺英网络,2025-09-23 14:09:54,26.79,27100,26.79,D
sz002517,恺英网络,2025-09-23 14:09:57,26.78,19300,26.79,D
sz002517,恺英网络,2025-09-23 14:10:00,26.77,28300,26.78,D
sz002517,恺英网络,2025-09-23 14:10:03,26.77,18600,26.77,D
sz002517,恺英网络,2025-09-23 14:10:06,26.76,20200,26.77,D
sz002517,恺英网络,2025-09-23 14:10:09,26.76,14300,26.76,D
sz002517,恺英网络,2025-09-23 14:10:12,26.75,19900,26.76,D
sz002517,恺英网络,2025-09-23 14:10:15,26.73,12600,26.75,D
sz002517,恺英网络,2025-09-23 14:10:27,26.71,10700,26.71,D
sz002517,恺英网络,2025-09-23 14:10:42,26.72,15900,26.72,D
sz002517,恺英网络,2025-09-23 14:10:54,26.71,9400,26.74,D
sz002517,恺英网络,2025-09-23 14:11:12,26.72,8500,26.72,D
sz002517,恺英网络,2025-09-23 14:11:45,26.72,13500,26.72,U
sz002517,恺英网络,2025-09-23 14:11:48,26.71,7900,26.72,D
sz002517,恺英网络,2025-09-23 14:11:54,26.7,17500,26.71,D
sz002517,恺英网络,2025-09-23 14:11:57,26.71,9100,26.7,U
sz002517,恺英网络,2025-09-23 14:12:00,26.7,12800,26.71,D
sz002517,恺英网络,2025-09-23 14:12:03,26.7,22300,26.7,D
sz002517,恺英网络,2025-09-23 14:12:06,26.7,16500,26.7,D
sz002517,恺英网络,2025-09-23 14:12:24,26.72,8100,26.7,U
sz002517,恺英网络,2025-09-23 14:12:33,26.72,16400,26.72,U
sz002517,恺英网络,2025-09-23 14:12:54,26.72,9600,26.72,U
sz002517,恺英网络,2025-09-23 14:12:57,26.71,11900,26.72,D
sz002517,恺英网络,2025-09-23 14:13:09,26.73,9100,26.73,U
sz002517,恺英网络,2025-09-23 14:13:18,26.73,17500,26.73,D
sz002517,恺英网络,2025-09-23 14:13:24,26.74,10900,26.74,U
sz002517,恺英网络,2025-09-23 14:13:27,26.74,13100,26.74,U
sz002517,恺英网络,2025-09-23 14:13:30,26.74,13000,26.74,U
sz002517,恺英网络,2025-09-23 14:13:33,26.75,11200,26.74,U
sz002517,恺英网络,2025-09-23 14:13:54,26.74,9000,26.75,D
sz002517,恺英网络,2025-09-23 14:13:57,26.75,10600,26.74,D
sz002517,恺英网络,2025-09-23 14:14:00,26.76,11300,26.75,U
sz002517,恺英网络,2025-09-23 14:14:03,26.74,14300,26.76,D
sz002517,恺英网络,2025-09-23 14:14:15,26.74,11200,26.74,D
sz002517,恺英网络,2025-09-23 14:14:24,26.77,14500,26.76,U
sz002517,恺英网络,2025-09-23 14:14:27,26.76,16700,26.77,D
sz002517,恺英网络,2025-09-23 14:14:33,26.76,9700,26.76,D
sz002517,恺英网络,2025-09-23 14:14:45,26.76,8000,26.77,D
sz002517,恺英网络,2025-09-23 14:14:48,26.76,8000,26.76,D
sz002517,恺英网络,2025-09-23 14:14:54,26.76,9000,26.76,D
sz002517,恺英网络,2025-09-23 14:14:57,26.74,14200,26.76,D
sz002517,恺英网络,2025-09-23 14:15:33,26.76,8600,26.77,D
sz002517,恺英网络,2025-09-23 14:15:39,26.77,7800,26.76,U
sz002517,恺英网络,2025-09-23 14:15:51,26.78,18300,26.76,U
sz002517,恺英网络,2025-09-23 14:16:09,26.79,9600,26.77,U
sz002517,恺英网络,2025-09-23 14:16:12,26.77,9600,26.79,D
sz002517,恺英网络,2025-09-23 14:16:15,26.77,8400,26.77,D
sz002517,恺英网络,2025-09-23 14:16:18,26.77,10500,26.77,D
sz002517,恺英网络,2025-09-23 14:17:00,26.77,8500,26.78,D
sz002517,恺英网络,2025-09-23 14:17:18,26.78,7900,26.78,D
sz002517,恺英网络,2025-09-23 14:17:21,26.8,9100,26.78,U
sz002517,恺英网络,2025-09-23 14:17:24,26.79,11500,26.8,D
sz002517,恺英网络,2025-09-23 14:17:33,26.79,11000,26.8,D
sz002517,恺英网络,2025-09-23 14:18:03,26.81,9600,26.81,U
sz002517,恺英网络,2025-09-23 14:18:06,26.81,18200,26.81,U
sz002517,恺英网络,2025-09-23 14:18:12,26.83,12500,26.82,U
sz002517,恺英网络,2025-09-23 14:18:15,26.82,11500,26.83,D
sz002517,恺英网络,2025-09-23 14:18:24,26.83,10400,26.83,U
sz002517,恺英网络,2025-09-23 14:18:27,26.84,7600,26.83,U
sz002517,恺英网络,2025-09-23 14:18:36,26.85,14000,26.85,U
sz002517,恺英网络,2025-09-23 14:18:54,26.86,12300,26.88,D
sz002517,恺英网络,2025-09-23 14:19:36,26.88,16500,26.88,U
sz002517,恺英网络,2025-09-23 14:19:42,26.86,7600,26.88,D
sz002517,恺英网络,2025-09-23 14:19:48,26.88,28600,26.87,U
sz002517,恺英网络,2025-09-23 14:19:51,26.89,8900,26.88,U
sz002517,恺英网络,2025-09-23 14:19:54,26.88,16300,26.89,D
sz002517,恺英网络,2025-09-23 14:19:57,26.9,16500,26.88,U
sz002517,恺英网络,2025-09-23 14:20:00,26.88,10000,26.9,D
sz002517,恺英网络,2025-09-23 14:20:03,26.9,14100,26.88,U
sz002517,恺英网络,2025-09-23 14:20:15,26.88,8400,26.89,D
sz002517,恺英网络,2025-09-23 14:20:18,26.88,10700,26.88,D
sz002517,恺英网络,2025-09-23 14:20:21,26.91,7600,26.88,U
sz002517,恺英网络,2025-09-23 14:20:24,26.9,12900,26.91,E
sz002517,恺英网络,2025-09-23 14:20:33,26.91,9000,26.9,U
sz002517,恺英网络,2025-09-23 14:20:45,26.91,12700,26.92,D
sz002517,恺英网络,2025-09-23 14:20:57,26.92,7800,26.92,D
sz002517,恺英网络,2025-09-23 14:21:03,26.93,8800,26.92,U
sz002517,恺英网络,2025-09-23 14:21:06,26.93,12600,26.93,U
sz002517,恺英网络,2025-09-23 14:21:09,26.93,8800,26.93,D
sz002517,恺英网络,2025-09-23 14:21:12,26.92,21700,26.93,E
sz002517,恺英网络,2025-09-23 14:21:15,26.9,37300,26.92,D
sz002517,恺英网络,2025-09-23 14:21:24,26.88,12600,26.91,D
sz002517,恺英网络,2025-09-23 14:21:27,26.9,11200,26.88,E
sz002517,恺英网络,2025-09-23 14:21:30,26.89,22800,26.9,D
sz002517,恺英网络,2025-09-23 14:21:36,26.88,13400,26.89,D
sz002517,恺英网络,2025-09-23 14:21:57,26.89,10700,26.89,D
sz002517,恺英网络,2025-09-23 14:22:03,26.88,14400,26.9,D
sz002517,恺英网络,2025-09-23 14:22:27,26.89,19600,26.89,D
sz002517,恺英网络,2025-09-23 14:22:36,26.88,18000,26.9,D
sz002517,恺英网络,2025-09-23 14:22:45,26.86,20600,26.87,D
sz002517,恺英网络,2025-09-23 14:23:06,26.88,11400,26.89,D
sz002517,恺英网络,2025-09-23 14:23:12,26.87,9400,26.87,D
sz002517,恺英网络,2025-09-23 14:23:18,26.86,13200,26.87,D
sz002517,恺英网络,2025-09-23 14:23:21,26.85,8200,26.86,D
sz002517,恺英网络,2025-09-23 14:23:27,26.85,11500,26.85,D
sz002517,恺英网络,2025-09-23 14:23:39,26.85,7800,26.85,D
sz002517,恺英网络,2025-09-23 14:24:03,26.85,10500,26.85,D
sz002517,恺英网络,2025-09-23 14:24:09,26.85,41200,26.86,D
sz002517,恺英网络,2025-09-23 14:24:15,26.8,11300,26.85,D
sz002517,恺英网络,2025-09-23 14:24:24,26.8,15700,26.81,D
sz002517,恺英网络,2025-09-23 14:24:27,26.8,15800,26.8,D
sz002517,恺英网络,2025-09-23 14:24:30,26.81,20400,26.8,U
sz002517,恺英网络,2025-09-23 14:24:36,26.78,19500,26.79,D
sz002517,恺英网络,2025-09-23 14:24:48,26.82,18300,26.77,U
sz002517,恺英网络,2025-09-23 14:24:57,26.78,8500,26.79,D
sz002517,恺英网络,2025-09-23 14:25:06,26.77,10700,26.79,D
sz002517,恺英网络,2025-09-23 14:25:33,26.78,9000,26.78,D
sz002517,恺英网络,2025-09-23 14:25:48,26.78,24300,26.79,D
sz002517,恺英网络,2025-09-23 14:25:54,26.8,29100,26.79,U
sz002517,恺英网络,2025-09-23 14:25:57,26.79,8600,26.8,D
sz002517,恺英网络,2025-09-23 14:26:00,26.8,9500,26.79,D
sz002517,恺英网络,2025-09-23 14:26:03,26.83,18200,26.8,U
sz002517,恺英网络,2025-09-23 14:26:06,26.81,31100,26.83,D
sz002517,恺英网络,2025-09-23 14:26:24,26.8,11900,26.84,D
sz002517,恺英网络,2025-09-23 14:26:27,26.84,32300,26.8,D
sz002517,恺英网络,2025-09-23 14:26:36,26.86,9300,26.85,U
sz002517,恺英网络,2025-09-23 14:26:57,26.88,8200,26.87,U
sz002517,恺英网络,2025-09-23 14:27:03,26.9,8900,26.89,U
sz002517,恺英网络,2025-09-23 14:27:09,26.9,9300,26.89,U
sz002517,恺英网络,2025-09-23 14:27:12,26.89,8300,26.9,D
sz002517,恺英网络,2025-09-23 14:27:15,26.89,13900,26.89,D
sz002517,恺英网络,2025-09-23 14:27:18,26.9,7700,26.89,U
sz002517,恺英网络,2025-09-23 14:27:24,26.91,9200,26.91,U
sz002517,恺英网络,2025-09-23 14:27:27,26.88,11500,26.91,D
sz002517,恺英网络,2025-09-23 14:27:57,26.92,20500,26.92,U
sz002517,恺英网络,2025-09-23 14:28:00,26.92,9800,26.92,U
sz002517,恺英网络,2025-09-23 14:28:03,26.93,18400,26.92,U
sz002517,恺英网络,2025-09-23 14:28:06,26.92,16300,26.93,D
sz002517,恺英网络,2025-09-23 14:28:15,26.93,7600,26.93,D
sz002517,恺英网络,2025-09-23 14:28:18,26.94,11400,26.93,U
sz002517,恺英网络,2025-09-23 14:28:24,26.93,16000,26.94,D
sz002517,恺英网络,2025-09-23 14:28:27,26.94,16600,26.93,U
sz002517,恺英网络,2025-09-23 14:28:30,26.96,13800,26.94,U
sz002517,恺英网络,2025-09-23 14:28:36,26.97,35000,26.96,U
sz002517,恺英网络,2025-09-23 14:28:39,26.97,10200,26.97,U
sz002517,恺英网络,2025-09-23 14:28:42,26.98,8300,26.97,U
sz002517,恺英网络,2025-09-23 14:28:48,26.96,9500,26.97,D
sz002517,恺英网络,2025-09-23 14:28:54,26.94,10500,26.97,D
sz002517,恺英网络,2025-09-23 14:28:57,26.93,15800,26.94,D
sz002517,恺英网络,2025-09-23 14:29:03,26.93,15900,26.97,D
sz002517,恺英网络,2025-09-23 14:29:06,26.93,12900,26.93,E
sz002517,恺英网络,2025-09-23 14:29:09,26.92,10200,26.93,D
sz002517,恺英网络,2025-09-23 14:29:15,26.91,8300,26.92,D
sz002517,恺英网络,2025-09-23 14:29:18,26.91,7700,26.91,D
sz002517,恺英网络,2025-09-23 14:29:45,26.9,8100,26.9,D
sz002517,恺英网络,2025-09-23 14:30:09,26.92,13300,26.92,U
sz002517,恺英网络,2025-09-23 14:30:12,26.9,25800,26.92,D
sz002517,恺英网络,2025-09-23 14:30:15,26.89,10500,26.9,D
sz002517,恺英网络,2025-09-23 14:30:18,26.9,9100,26.89,U
sz002517,恺英网络,2025-09-23 14:30:27,26.9,12900,26.9,U
sz002517,恺英网络,2025-09-23 14:30:45,26.91,11400,26.91,U
sz002517,恺英网络,2025-09-23 14:30:48,26.91,7900,26.91,D
sz002517,恺英网络,2025-09-23 14:31:03,26.91,16800,26.92,D
sz002517,恺英网络,2025-09-23 14:31:09,26.91,19400,26.92,D
sz002517,恺英网络,2025-09-23 14:31:15,26.92,12400,26.92,D
sz002517,恺英网络,2025-09-23 14:31:21,26.92,10100,26.93,D
sz002517,恺英网络,2025-09-23 14:31:24,26.92,14700,26.92,U
sz002517,恺英网络,2025-09-23 14:31:27,26.91,11100,26.92,D
sz002517,恺英网络,2025-09-23 14:31:30,26.93,8200,26.91,U
sz002517,恺英网络,2025-09-23 14:31:42,26.98,10600,26.98,U
sz002517,恺英网络,2025-09-23 14:31:45,26.98,13300,26.98,U
sz002517,恺英网络,2025-09-23 14:31:51,26.98,7900,26.98,U
sz002517,恺英网络,2025-09-23 14:31:54,26.97,11600,26.98,D
sz002517,恺英网络,2025-09-23 14:31:57,26.99,8300,26.97,U
sz002517,恺英网络,2025-09-23 14:32:00,26.99,23800,26.99,U
sz002517,恺英网络,2025-09-23 14:32:03,26.97,24100,26.99,D
sz002517,恺英网络,2025-09-23 14:32:06,26.99,16200,26.97,E
sz002517,恺英网络,2025-09-23 14:32:09,27.0,46700,26.99,U
sz002517,恺英网络,2025-09-23 14:32:12,26.97,14000,27.0,D
sz002517,恺英网络,2025-09-23 14:32:15,26.95,11800,26.97,D
sz002517,恺英网络,2025-09-23 14:32:18,26.98,7700,26.95,D
sz002517,恺英网络,2025-09-23 14:32:21,27.0,10000,26.98,U
sz002517,恺英网络,2025-09-23 14:32:24,27.0,20200,27.0,U
sz002517,恺英网络,2025-09-23 14:32:27,27.0,12898,27.0,U
sz002517,恺英网络,2025-09-23 14:32:33,27.0,18400,26.95,U
sz002517,恺英网络,2025-09-23 14:32:36,26.95,18700,27.0,D
sz002517,恺英网络,2025-09-23 14:32:39,26.95,10900,26.95,U
sz002517,恺英网络,2025-09-23 14:32:45,26.95,19500,26.92,U
sz002517,恺英网络,2025-09-23 14:32:48,26.92,13000,26.95,D
sz002517,恺英网络,2025-09-23 14:33:00,26.98,13800,26.96,U
sz002517,恺英网络,2025-09-23 14:33:03,26.98,22900,26.98,D
sz002517,恺英网络,2025-09-23 14:33:06,26.91,14600,26.98,D
sz002517,恺英网络,2025-09-23 14:33:09,26.98,22800,26.91,U
sz002517,恺英网络,2025-09-23 14:33:24,26.91,10700,26.96,D
sz002517,恺英网络,2025-09-23 14:33:27,26.95,17400,26.91,U
sz002517,恺英网络,2025-09-23 14:33:30,26.95,10700,26.95,D
sz002517,恺英网络,2025-09-23 14:33:45,26.94,8000,26.95,D
sz002517,恺英网络,2025-09-23 14:33:48,26.94,16800,26.94,D
sz002517,恺英网络,2025-09-23 14:34:12,26.94,9000,26.92,U
sz002517,恺英网络,2025-09-23 14:34:18,26.92,10800,26.93,D
sz002517,恺英网络,2025-09-23 14:34:57,27.0,28200,26.98,U
sz002517,恺英网络,2025-09-23 14:35:03,27.03,65800,27.0,U
sz002517,恺英网络,2025-09-23 14:35:06,27.03,7600,27.03,D
sz002517,恺英网络,2025-09-23 14:35:09,27.05,9000,27.03,U
sz002517,恺英网络,2025-09-23 14:35:15,27.05,14000,27.05,D
sz002517,恺英网络,2025-09-23 14:35:18,27.06,11700,27.05,U
sz002517,恺英网络,2025-09-23 14:35:21,27.08,9700,27.06,U
sz002517,恺英网络,2025-09-23 14:35:27,27.03,47000,27.06,D
sz002517,恺英网络,2025-09-23 14:35:30,27.08,18000,27.03,U
sz002517,恺英网络,2025-09-23 14:35:33,27.07,30700,27.08,D
sz002517,恺英网络,2025-09-23 14:35:36,27.07,22600,27.07,D
sz002517,恺英网络,2025-09-23 14:35:39,27.07,9300,27.07,D
sz002517,恺英网络,2025-09-23 14:35:42,27.08,10900,27.07,U
sz002517,恺英网络,2025-09-23 14:35:45,27.03,13500,27.08,D
sz002517,恺英网络,2025-09-23 14:35:48,27.0,13000,27.03,D
sz002517,恺英网络,2025-09-23 14:35:51,27.0,10800,27.0,U
sz002517,恺英网络,2025-09-23 14:35:57,26.96,7700,27.0,E
sz002517,恺英网络,2025-09-23 14:36:00,27.01,8800,26.96,E
sz002517,恺英网络,2025-09-23 14:36:03,26.92,65600,27.01,D
sz002517,恺英网络,2025-09-23 14:36:06,26.96,8900,26.92,U
sz002517,恺英网络,2025-09-23 14:36:24,26.97,13600,26.98,D
sz002517,恺英网络,2025-09-23 14:36:27,26.96,8300,26.97,D
sz002517,恺英网络,2025-09-23 14:36:42,27.0,8000,27.0,U
sz002517,恺英网络,2025-09-23 14:37:03,27.03,7700,27.03,D
sz002517,恺英网络,2025-09-23 14:37:09,27.06,9800,27.03,U
sz002517,恺英网络,2025-09-23 14:37:24,27.06,9100,27.06,U
sz002517,恺英网络,2025-09-23 14:37:27,27.03,11900,27.06,D
sz002517,恺英网络,2025-09-23 14:37:42,27.08,13700,27.08,U
sz002517,恺英网络,2025-09-23 14:37:45,27.08,14500,27.08,U
sz002517,恺英网络,2025-09-23 14:37:48,27.06,11400,27.08,D
sz002517,恺英网络,2025-09-23 14:37:54,27.07,38400,27.07,D
sz002517,恺英网络,2025-09-23 14:37:57,27.08,11500,27.07,E
sz002517,恺英网络,2025-09-23 14:38:03,27.06,19100,27.07,D
sz002517,恺英网络,2025-09-23 14:38:06,27.08,8000,27.06,E
sz002517,恺英网络,2025-09-23 14:38:09,27.08,13700,27.08,D
sz002517,恺英网络,2025-09-23 14:38:15,27.06,8900,27.08,D
sz002517,恺英网络,2025-09-23 14:38:21,27.07,9300,27.06,U
sz002517,恺英网络,2025-09-23 14:38:24,27.06,13500,27.07,D
sz002517,恺英网络,2025-09-23 14:38:27,27.0,19600,27.06,D
sz002517,恺英网络,2025-09-23 14:38:30,27.08,18700,27.0,U
sz002517,恺英网络,2025-09-23 14:38:36,27.02,23600,27.07,D
sz002517,恺英网络,2025-09-23 14:38:45,27.04,12300,27.03,E
sz002517,恺英网络,2025-09-23 14:38:57,27.05,14000,27.04,U
sz002517,恺英网络,2025-09-23 14:39:03,27.03,22100,27.05,D
sz002517,恺英网络,2025-09-23 14:39:06,27.02,14200,27.03,D
sz002517,恺英网络,2025-09-23 14:39:12,27.03,9500,27.03,D
sz002517,恺英网络,2025-09-23 14:39:15,27.05,29000,27.03,U
sz002517,恺英网络,2025-09-23 14:39:21,27.06,7700,27.02,U
sz002517,恺英网络,2025-09-23 14:39:27,27.05,11200,27.03,D
sz002517,恺英网络,2025-09-23 14:39:36,27.03,10500,27.06,D
sz002517,恺英网络,2025-09-23 14:39:48,27.06,40500,27.06,U
sz002517,恺英网络,2025-09-23 14:39:54,27.08,20800,27.06,U
sz002517,恺英网络,2025-09-23 14:39:57,27.08,15600,27.08,D
sz002517,恺英网络,2025-09-23 14:40:03,27.09,21900,27.08,U
sz002517,恺英网络,2025-09-23 14:40:06,27.04,16100,27.09,D
sz002517,恺英网络,2025-09-23 14:40:15,27.03,8700,27.04,D
sz002517,恺英网络,2025-09-23 14:40:18,27.04,11600,27.03,E
sz002517,恺英网络,2025-09-23 14:40:24,27.09,102500,27.07,U
sz002517,恺英网络,2025-09-23 14:40:33,27.1,15100,27.08,U
sz002517,恺英网络,2025-09-23 14:40:36,27.11,12200,27.1,U
sz002517,恺英网络,2025-09-23 14:40:45,27.15,10000,27.13,U
sz002517,恺英网络,2025-09-23 14:40:54,27.1,29200,27.16,D
sz002517,恺英网络,2025-09-23 14:40:57,27.07,20600,27.1,D
sz002517,恺英网络,2025-09-23 14:41:03,27.09,26600,27.09,D
sz002517,恺英网络,2025-09-23 14:41:06,27.04,18000,27.09,D
sz002517,恺英网络,2025-09-23 14:41:15,27.04,31500,27.07,D
sz002517,恺英网络,2025-09-23 14:41:24,27.03,7900,27.07,D
sz002517,恺英网络,2025-09-23 14:41:27,27.03,11700,27.03,D
sz002517,恺英网络,2025-09-23 14:41:54,27.06,30700,27.06,U
sz002517,恺英网络,2025-09-23 14:42:15,27.1,9900,27.1,D
sz002517,恺英网络,2025-09-23 14:42:18,27.11,7600,27.1,U
sz002517,恺英网络,2025-09-23 14:42:33,27.11,30600,27.12,D
sz002517,恺英网络,2025-09-23 14:42:36,27.12,9300,27.11,U
sz002517,恺英网络,2025-09-23 14:42:45,27.11,10600,27.13,D
sz002517,恺英网络,2025-09-23 14:43:03,27.14,31500,27.14,D
sz002517,恺英网络,2025-09-23 14:43:06,27.15,11400,27.14,U
sz002517,恺英网络,2025-09-23 14:43:09,27.12,11300,27.15,D
sz002517,恺英网络,2025-09-23 14:43:12,27.13,30500,27.12,U
sz002517,恺英网络,2025-09-23 14:43:18,27.17,22500,27.14,U
sz002517,恺英网络,2025-09-23 14:43:24,27.15,26700,27.16,D
sz002517,恺英网络,2025-09-23 14:43:27,27.11,24000,27.15,D
sz002517,恺英网络,2025-09-23 14:43:45,27.1,15500,27.12,D
sz002517,恺英网络,2025-09-23 14:43:54,27.13,15300,27.12,U
sz002517,恺英网络,2025-09-23 14:43:57,27.13,19500,27.13,D
sz002517,恺英网络,2025-09-23 14:44:03,27.1,31100,27.12,D
sz002517,恺英网络,2025-09-23 14:44:15,27.13,12900,27.11,U
sz002517,恺英网络,2025-09-23 14:44:18,27.1,11300,27.13,D
sz002517,恺英网络,2025-09-23 14:44:27,27.11,10300,27.12,D
sz002517,恺英网络,2025-09-23 14:44:36,27.12,11800,27.11,U
sz002517,恺英网络,2025-09-23 14:44:48,27.11,7600,27.12,D
sz002517,恺英网络,2025-09-23 14:44:54,27.11,9000,27.11,U
sz002517,恺英网络,2025-09-23 14:44:57,27.12,14400,27.11,U
sz002517,恺英网络,2025-09-23 14:45:00,27.09,34100,27.12,D
sz002517,恺英网络,2025-09-23 14:45:03,27.08,25500,27.09,D
sz002517,恺英网络,2025-09-23 14:45:06,27.08,12900,27.08,D
sz002517,恺英网络,2025-09-23 14:45:15,27.07,31500,27.08,D
sz002517,恺英网络,2025-09-23 14:45:33,27.08,16200,27.08,U
sz002517,恺英网络,2025-09-23 14:45:36,27.06,15900,27.08,D
sz002517,恺英网络,2025-09-23 14:45:54,27.07,27900,27.07,U
sz002517,恺英网络,2025-09-23 14:45:57,27.07,13900,27.07,U
sz002517,恺英网络,2025-09-23 14:46:03,27.05,26100,27.07,D
sz002517,恺英网络,2025-09-23 14:46:09,27.05,8100,27.06,D
sz002517,恺英网络,2025-09-23 14:46:12,27.06,13000,27.05,U
sz002517,恺英网络,2025-09-23 14:46:15,27.06,12800,27.06,U
sz002517,恺英网络,2025-09-23 14:46:18,27.07,10100,27.06,U
sz002517,恺英网络,2025-09-23 14:46:36,27.09,16500,27.08,U
sz002517,恺英网络,2025-09-23 14:46:42,27.11,19800,27.09,U
sz002517,恺英网络,2025-09-23 14:46:54,27.11,10571,27.12,D
sz002517,恺英网络,2025-09-23 14:47:03,27.13,7600,27.13,U
sz002517,恺英网络,2025-09-23 14:47:06,27.11,13900,27.13,D
sz002517,恺英网络,2025-09-23 14:47:09,27.1,7800,27.11,D
sz002517,恺英网络,2025-09-23 14:47:15,27.13,28600,27.12,U
sz002517,恺英网络,2025-09-23 14:47:18,27.13,8800,27.13,U
