symbol,name,ticktime,price,volume,prev_price,kind
sz002517,恺英网络,2025-10-22 09:25:00,24.54,103500,0.0,D
sz002517,恺英网络,2025-10-22 09:30:00,24.49,43500,24.54,D
sz002517,恺英网络,2025-10-22 09:30:03,24.49,66600,24.49,D
sz002517,恺英网络,2025-10-22 09:30:06,24.47,43200,24.49,D
sz002517,恺英网络,2025-10-22 09:30:09,24.46,39800,24.47,E
sz002517,恺英网络,2025-10-22 09:30:12,24.47,16200,24.46,U
sz002517,恺英网络,2025-10-22 09:30:15,24.52,238700,24.47,U
sz002517,恺英网络,2025-10-22 09:30:18,24.53,106400,24.52,U
sz002517,恺英网络,2025-10-22 09:30:21,24.6,63600,24.53,U
sz002517,恺英网络,2025-10-22 09:30:24,24.53,21400,24.6,D
sz002517,恺英网络,2025-10-22 09:30:27,24.66,18600,24.53,U
sz002517,恺英网络,2025-10-22 09:30:30,24.68,29700,24.66,U
sz002517,恺英网络,2025-10-22 09:30:33,24.71,29600,24.68,U
sz002517,恺英网络,2025-10-22 09:30:36,24.73,23307,24.71,U
sz002517,恺英网络,2025-10-22 09:30:39,24.68,50193,24.73,D
sz002517,恺英网络,2025-10-22 09:30:42,24.6,29100,24.68,D
sz002517,恺英网络,2025-10-22 09:30:45,24.65,61200,24.6,U
sz002517,恺英网络,2025-10-22 09:30:51,24.63,26700,24.63,D
sz002517,恺英网络,2025-10-22 09:30:54,24.62,10700,24.63,E
sz002517,恺英网络,2025-10-22 09:31:00,24.63,22400,24.63,U
sz002517,恺英网络,2025-10-22 09:31:03,24.61,12900,24.63,U
sz002517,恺英网络,2025-10-22 09:31:12,24.57,20700,24.57,D
sz002517,恺英网络,2025-10-22 09:31:15,24.55,17600,24.57,D
sz002517,恺英网络,2025-10-22 09:31:18,24.56,8700,24.55,U
sz002517,恺英网络,2025-10-22 09:31:21,24.57,28200,24.56,U
sz002517,恺英网络,2025-10-22 09:31:24,24.58,110000,24.57,U
sz002517,恺英网络,2025-10-22 09:31:27,24.58,9400,24.58,D
sz002517,恺英网络,2025-10-22 09:31:33,24.58,16900,24.59,D
sz002517,恺英网络,2025-10-22 09:31:45,24.57,10800,24.6,D
sz002517,恺英网络,2025-10-22 09:31:51,24.55,15800,24.6,D
sz002517,恺英网络,2025-10-22 09:32:06,24.55,22400,24.57,D
sz002517,恺英网络,2025-10-22 09:32:09,24.57,56500,24.55,U
sz002517,恺英网络,2025-10-22 09:32:12,24.55,12300,24.57,D
sz002517,恺英网络,2025-10-22 09:32:15,24.6,20500,24.55,U
sz002517,恺英网络,2025-10-22 09:32:21,24.64,12400,24.59,U
sz002517,恺英网络,2025-10-22 09:32:39,24.63,12000,24.64,E
sz002517,恺英网络,2025-10-22 09:32:48,24.66,16400,24.66,U
sz002517,恺英网络,2025-10-22 09:32:51,24.66,10300,24.66,D
sz002517,恺英网络,2025-10-22 09:32:57,24.66,9100,24.67,D
sz002517,恺英网络,2025-10-22 09:33:03,24.68,10300,24.68,U
sz002517,恺英网络,2025-10-22 09:33:12,24.68,8400,24.68,D
sz002517,恺英网络,2025-10-22 09:33:15,24.68,11700,24.68,U
sz002517,恺英网络,2025-10-22 09:33:18,24.68,11600,24.68,U
sz002517,恺英网络,2025-10-22 09:33:21,24.67,13800,24.68,D
sz002517,恺英网络,2025-10-22 09:33:24,24.66,14300,24.67,D
sz002517,恺英网络,2025-10-22 09:33:27,24.68,46000,24.66,U
sz002517,恺英网络,2025-10-22 09:33:36,24.7,11100,24.7,U
sz002517,恺英网络,2025-10-22 09:33:48,24.72,18900,24.72,U
sz002517,恺英网络,2025-10-22 09:33:51,24.69,78700,24.72,D
sz002517,恺英网络,2025-10-22 09:33:54,24.7,18000,24.69,U
sz002517,恺英网络,2025-10-22 09:33:57,24.72,32800,24.7,U
sz002517,恺英网络,2025-10-22 09:34:00,24.7,9600,24.72,D
sz002517,恺英网络,2025-10-22 09:34:03,24.73,51600,24.7,U
sz002517,恺英网络,2025-10-22 09:34:06,24.72,12900,24.73,E
sz002517,恺英网络,2025-10-22 09:34:15,24.68,26000,24.71,D
sz002517,恺英网络,2025-10-22 09:34:18,24.7,85100,24.68,U
sz002517,恺英网络,2025-10-22 09:34:24,24.7,10000,24.71,E
sz002517,恺英网络,2025-10-22 09:34:27,24.7,29600,24.7,U
sz002517,恺英网络,2025-10-22 09:34:30,24.7,8600,24.7,U
sz002517,恺英网络,2025-10-22 09:34:33,24.7,19300,24.7,U
sz002517,恺英网络,2025-10-22 09:34:36,24.7,14300,24.7,U
sz002517,恺英网络,2025-10-22 09:34:42,24.68,18000,24.69,D
sz002517,恺英网络,2025-10-22 09:34:48,24.7,17500,24.68,U
sz002517,恺英网络,2025-10-22 09:34:51,24.68,44800,24.7,D
sz002517,恺英网络,2025-10-22 09:34:57,24.68,8200,24.68,U
sz002517,恺英网络,2025-10-22 09:35:03,24.68,20000,24.68,D
sz002517,恺英网络,2025-10-22 09:35:06,24.68,10100,24.68,E
sz002517,恺英网络,2025-10-22 09:35:09,24.69,12600,24.68,U
sz002517,恺英网络,2025-10-22 09:35:12,24.67,12400,24.69,E
sz002517,恺英网络,2025-10-22 09:35:18,24.68,12500,24.67,U
sz002517,恺英网络,2025-10-22 09:35:54,24.67,11500,24.68,D
sz002517,恺英网络,2025-10-22 09:35:57,24.68,24300,24.67,E
sz002517,恺英网络,2025-10-22 09:36:00,24.64,21900,24.68,D
sz002517,恺英网络,2025-10-22 09:36:03,24.63,21000,24.64,D
sz002517,恺英网络,2025-10-22 09:36:12,24.64,10200,24.61,E
sz002517,恺英网络,2025-10-22 09:36:33,24.6,12000,24.61,D
sz002517,恺英网络,2025-10-22 09:36:48,24.6,11500,24.6,D
sz002517,恺英网络,2025-10-22 09:36:54,24.61,69800,24.6,U
sz002517,恺英网络,2025-10-22 09:37:00,24.63,11900,24.63,D
sz002517,恺英网络,2025-10-22 09:37:03,24.65,8200,24.63,E
sz002517,恺英网络,2025-10-22 09:37:12,24.69,14200,24.69,U
sz002517,恺英网络,2025-10-22 09:37:18,24.68,43500,24.68,U
sz002517,恺英网络,2025-10-22 09:37:24,24.63,15700,24.66,D
sz002517,恺英网络,2025-10-22 09:37:33,24.65,12800,24.63,U
sz002517,恺英网络,2025-10-22 09:37:39,24.65,9400,24.62,U
sz002517,恺英网络,2025-10-22 09:37:48,24.64,8500,24.64,U
sz002517,恺英网络,2025-10-22 09:38:00,24.62,10200,24.64,D
sz002517,恺英网络,2025-10-22 09:38:03,24.62,10500,24.62,D
sz002517,恺英网络,2025-10-22 09:38:06,24.58,27900,24.62,D
sz002517,恺英网络,2025-10-22 09:38:30,24.57,8500,24.57,D
sz002517,恺英网络,2025-10-22 09:38:33,24.56,19700,24.57,D
sz002517,恺英网络,2025-10-22 09:38:36,24.58,34700,24.56,U
sz002517,恺英网络,2025-10-22 09:38:39,24.57,10100,24.58,D
sz002517,恺英网络,2025-10-22 09:38:42,24.58,20200,24.57,D
sz002517,恺英网络,2025-10-22 09:39:18,24.58,14500,24.58,D
sz002517,恺英网络,2025-10-22 09:39:39,24.55,20200,24.56,D
sz002517,恺英网络,2025-10-22 09:39:45,24.56,17100,24.54,U
sz002517,恺英网络,2025-10-22 09:39:48,24.54,40300,24.56,D
sz002517,恺英网络,2025-10-22 09:39:57,24.54,12400,24.58,D
sz002517,恺英网络,2025-10-22 09:40:00,24.54,23400,24.54,D
sz002517,恺英网络,2025-10-22 09:40:03,24.56,19500,24.54,U
sz002517,恺英网络,2025-10-22 09:40:06,24.55,9600,24.56,D
sz002517,恺英网络,2025-10-22 09:40:09,24.57,20000,24.55,U
sz002517,恺英网络,2025-10-22 09:40:12,24.55,16400,24.57,D
sz002517,恺英网络,2025-10-22 09:40:15,24.56,16400,24.55,D
sz002517,恺英网络,2025-10-22 09:40:21,24.54,11900,24.56,D
sz002517,恺英网络,2025-10-22 09:40:27,24.53,22100,24.53,D
sz002517,恺英网络,2025-10-22 09:40:30,24.5,122000,24.53,D
sz002517,恺英网络,2025-10-22 09:40:33,24.49,30200,24.5,E
sz002517,恺英网络,2025-10-22 09:40:36,24.47,36400,24.49,D
sz002517,恺英网络,2025-10-22 09:40:42,24.46,14500,24.47,D
sz002517,恺英网络,2025-10-22 09:40:45,24.48,15600,24.46,U
sz002517,恺英网络,2025-10-22 09:40:48,24.46,47500,24.48,D
sz002517,恺英网络,2025-10-22 09:40:51,24.47,9500,24.46,E
sz002517,恺英网络,2025-10-22 09:40:54,24.49,11000,24.47,U
sz002517,恺英网络,2025-10-22 09:40:57,24.48,11800,24.49,D
sz002517,恺英网络,2025-10-22 09:41:00,24.5,12100,24.48,E
sz002517,恺英网络,2025-10-22 09:41:09,24.53,8500,24.5,E
sz002517,恺英网络,2025-10-22 09:41:12,24.53,24000,24.53,U
sz002517,恺英网络,2025-10-22 09:41:18,24.56,11100,24.55,U
sz002517,恺英网络,2025-10-22 09:41:24,24.61,27600,24.59,U
sz002517,恺英网络,2025-10-22 09:41:27,24.56,20700,24.61,D
sz002517,恺英网络,2025-10-22 09:41:39,24.59,32300,24.57,U
sz002517,恺英网络,2025-10-22 09:41:42,24.6,19900,24.59,U
sz002517,恺英网络,2025-10-22 09:41:45,24.62,14100,24.6,U
sz002517,恺英网络,2025-10-22 09:41:54,24.61,61500,24.6,U
sz002517,恺英网络,2025-10-22 09:42:27,24.61,26900,24.63,D
sz002517,恺英网络,2025-10-22 09:42:42,24.6,15500,24.6,D
sz002517,恺英网络,2025-10-22 09:42:48,24.64,15200,24.62,U
sz002517,恺英网络,2025-10-22 09:43:09,24.66,34100,24.62,U
sz002517,恺英网络,2025-10-22 09:43:21,24.65,14100,24.64,E
sz002517,恺英网络,2025-10-22 09:43:27,24.65,8500,24.66,E
sz002517,恺英网络,2025-10-22 09:43:39,24.66,13000,24.64,U
sz002517,恺英网络,2025-10-22 09:43:48,24.62,18200,24.64,D
sz002517,恺英网络,2025-10-22 09:44:18,24.64,9000,24.64,U
sz002517,恺英网络,2025-10-22 09:44:27,24.61,23900,24.62,D
sz002517,恺英网络,2025-10-22 09:44:57,24.59,26595,24.6,D
sz002517,恺英网络,2025-10-22 09:45:06,24.56,13300,24.57,D
sz002517,恺英网络,2025-10-22 09:45:09,24.59,12000,24.56,U
sz002517,恺英网络,2025-10-22 09:45:12,24.57,12500,24.59,D
sz002517,恺英网络,2025-10-22 09:45:18,24.57,11800,24.58,D
sz002517,恺英网络,2025-10-22 09:45:24,24.56,9800,24.57,D
sz002517,恺英网络,2025-10-22 09:45:30,24.56,30700,24.56,D
sz002517,恺英网络,2025-10-22 09:46:00,24.51,18200,24.51,D
sz002517,恺英网络,2025-10-22 09:46:09,24.5,18300,24.51,D
sz002517,恺英网络,2025-10-22 09:46:30,24.51,20900,24.5,U
sz002517,恺英网络,2025-10-22 09:46:57,24.48,14100,24.48,D
sz002517,恺英网络,2025-10-22 09:47:03,24.5,10900,24.49,U
sz002517,恺英网络,2025-10-22 09:47:12,24.47,45900,24.49,D
sz002517,恺英网络,2025-10-22 09:47:15,24.46,15600,24.47,D
sz002517,恺英网络,2025-10-22 09:47:21,24.47,14100,24.47,U
sz002517,恺英网络,2025-10-22 09:47:30,24.5,22500,24.46,U
sz002517,恺英网络,2025-10-22 09:47:36,24.47,42300,24.47,D
sz002517,恺英网络,2025-10-22 09:47:39,24.48,14200,24.47,U
sz002517,恺英网络,2025-10-22 09:47:54,24.46,14700,24.45,U
sz002517,恺英网络,2025-10-22 09:48:00,24.45,16000,24.45,U
sz002517,恺英网络,2025-10-22 09:48:15,24.45,8400,24.45,U
sz002517,恺英网络,2025-10-22 09:48:39,24.45,17800,24.46,D
sz002517,恺英网络,2025-10-22 09:49:09,24.46,18500,24.46,D
sz002517,恺英网络,2025-10-22 09:49:15,24.46,11600,24.45,U
sz002517,恺英网络,2025-10-22 09:49:33,24.45,16700,24.45,D
sz002517,恺英网络,2025-10-22 09:50:21,24.5,13200,24.49,U
sz002517,恺英网络,2025-10-22 09:50:24,24.49,20400,24.5,D
sz002517,恺英网络,2025-10-22 09:50:30,24.49,17700,24.49,U
sz002517,恺英网络,2025-10-22 09:50:33,24.48,10800,24.49,U
sz002517,恺英网络,2025-10-22 09:50:45,24.46,20000,24.48,D
sz002517,恺英网络,2025-10-22 09:50:48,24.46,8400,24.46,U
sz002517,恺英网络,2025-10-22 09:51:18,24.47,54700,24.47,E
sz002517,恺英网络,2025-10-22 09:51:21,24.43,46200,24.47,D
sz002517,恺英网络,2025-10-22 09:51:24,24.42,31500,24.43,D
sz002517,恺英网络,2025-10-22 09:51:30,24.42,18500,24.42,D
sz002517,恺英网络,2025-10-22 09:51:33,24.42,27900,24.42,D
sz002517,恺英网络,2025-10-22 09:51:36,24.42,12000,24.42,U
sz002517,恺英网络,2025-10-22 09:51:39,24.41,11200,24.42,D
sz002517,恺英网络,2025-10-22 09:51:42,24.41,12700,24.41,D
sz002517,恺英网络,2025-10-22 09:51:45,24.4,19700,24.41,D
sz002517,恺英网络,2025-10-22 09:51:48,24.41,14100,24.4,U
sz002517,恺英网络,2025-10-22 09:51:54,24.4,32000,24.41,D
sz002517,恺英网络,2025-10-22 09:51:57,24.4,11800,24.4,D
sz002517,恺英网络,2025-10-22 09:52:06,24.38,8500,24.39,D
sz002517,恺英网络,2025-10-22 09:52:09,24.38,36600,24.38,D
sz002517,恺英网络,2025-10-22 09:52:12,24.37,17400,24.38,D
sz002517,恺英网络,2025-10-22 09:52:15,24.38,50800,24.37,U
sz002517,恺英网络,2025-10-22 09:52:18,24.37,29400,24.38,D
sz002517,恺英网络,2025-10-22 09:52:24,24.39,17900,24.38,U
sz002517,恺英网络,2025-10-22 09:52:36,24.37,12300,24.37,U
sz002517,恺英网络,2025-10-22 09:52:42,24.38,22100,24.36,U
sz002517,恺英网络,2025-10-22 09:52:45,24.37,10300,24.38,D
sz002517,恺英网络,2025-10-22 09:52:48,24.38,26000,24.37,U
sz002517,恺英网络,2025-10-22 09:52:54,24.4,27400,24.38,E
sz002517,恺英网络,2025-10-22 09:53:30,24.4,13300,24.41,D
sz002517,恺英网络,2025-10-22 09:53:33,24.4,19100,24.4,D
sz002517,恺英网络,2025-10-22 09:53:51,24.47,25600,24.42,U
sz002517,恺英网络,2025-10-22 09:53:54,24.49,11100,24.47,U
sz002517,恺英网络,2025-10-22 09:53:57,24.48,16100,24.49,E
sz002517,恺英网络,2025-10-22 09:54:00,24.48,13900,24.48,D
sz002517,恺英网络,2025-10-22 09:54:18,24.45,9100,24.47,D
sz002517,恺英网络,2025-10-22 09:54:48,24.44,11000,24.44,U
sz002517,恺英网络,2025-10-22 09:55:42,24.46,12700,24.46,U
sz002517,恺英网络,2025-10-22 09:56:33,24.45,8300,24.48,D
sz002517,恺英网络,2025-10-22 09:56:36,24.43,70300,24.45,D
sz002517,恺英网络,2025-10-22 09:56:57,24.43,10200,24.43,D
sz002517,恺英网络,2025-10-22 09:57:12,24.43,16800,24.42,U
sz002517,恺英网络,2025-10-22 09:57:45,24.42,9000,24.43,D
sz002517,恺英网络,2025-10-22 09:57:54,24.42,13900,24.42,U
sz002517,恺英网络,2025-10-22 09:57:57,24.42,11200,24.42,E
sz002517,恺英网络,2025-10-22 09:58:18,24.45,23600,24.45,D
sz002517,恺英网络,2025-10-22 09:58:33,24.43,19500,24.43,U
sz002517,恺英网络,2025-10-22 09:59:12,24.45,9000,24.45,U
sz002517,恺英网络,2025-10-22 09:59:39,24.45,16100,24.46,D
sz002517,恺英网络,2025-10-22 09:59:51,24.45,8200,24.46,D
sz002517,恺英网络,2025-10-22 10:00:00,24.44,28100,24.47,D
sz002517,恺英网络,2025-10-22 10:01:03,24.44,11900,24.44,U
sz002517,恺英网络,2025-10-22 10:01:42,24.45,16000,24.47,D
sz002517,恺英网络,2025-10-22 10:02:09,24.43,29000,24.44,D
sz002517,恺英网络,2025-10-22 10:02:12,24.44,11100,24.43,U
sz002517,恺英网络,2025-10-22 10:03:15,24.47,27700,24.47,D
sz002517,恺英网络,2025-10-22 10:03:51,24.5,23300,24.5,U
sz002517,恺英网络,2025-10-22 10:04:18,24.51,39000,24.54,D
sz002517,恺英网络,2025-10-22 10:04:39,24.52,10300,24.52,U
sz002517,恺英网络,2025-10-22 10:05:06,24.56,39800,24.55,U
sz002517,恺英网络,2025-10-22 10:05:54,24.59,8700,24.6,D
sz002517,恺英网络,2025-10-22 10:06:09,24.6,11900,24.6,U
sz002517,恺英网络,2025-10-22 10:06:24,24.59,10700,24.59,U
sz002517,恺英网络,2025-10-22 10:06:51,24.59,16100,24.58,U
sz002517,恺英网络,2025-10-22 10:06:54,24.58,106300,24.59,D
sz002517,恺英网络,2025-10-22 10:07:12,24.57,20800,24.57,U
sz002517,恺英网络,2025-10-22 10:07:39,24.5,26300,24.55,D
sz002517,恺英网络,2025-10-22 10:08:12,24.55,30800,24.54,U
sz002517,恺英网络,2025-10-22 10:09:33,24.56,10100,24.57,D
sz002517,恺英网络,2025-10-22 10:10:09,24.53,14200,24.54,D
sz002517,恺英网络,2025-10-22 10:10:48,24.53,11300,24.53,D
sz002517,恺英网络,2025-10-22 10:10:54,24.53,24800,24.53,U
sz002517,恺英网络,2025-10-22 10:12:30,24.5,38000,24.51,D
sz002517,恺英网络,2025-10-22 10:12:51,24.5,9300,24.49,U
sz002517,恺英网络,2025-10-22 10:12:54,24.5,13600,24.5,D
sz002517,恺英网络,2025-10-22 10:13:24,24.51,10600,24.51,D
sz002517,恺英网络,2025-10-22 10:13:30,24.52,52600,24.51,U
sz002517,恺英网络,2025-10-22 10:13:48,24.53,9900,24.52,E
sz002517,恺英网络,2025-10-22 10:14:12,24.53,10900,24.52,U
sz002517,恺英网络,2025-10-22 10:14:21,24.54,11400,24.54,D
sz002517,恺英网络,2025-10-22 10:14:54,24.58,20700,24.57,U
sz002517,恺英网络,2025-10-22 10:14:57,24.58,8900,24.58,U
sz002517,恺英网络,2025-10-22 10:15:15,24.58,10800,24.58,U
sz002517,恺英网络,2025-10-22 10:16:21,24.62,38100,24.59,U
sz002517,恺英网络,2025-10-22 10:16:45,24.64,16400,24.63,U
sz002517,恺英网络,2025-10-22 10:16:48,24.65,26500,24.64,U
sz002517,恺英网络,2025-10-22 10:17:06,24.65,11300,24.65,D
sz002517,恺英网络,2025-10-22 10:17:27,24.67,44000,24.68,D
sz002517,恺英网络,2025-10-22 10:17:51,24.65,14200,24.65,D
sz002517,恺英网络,2025-10-22 10:18:15,24.61,10500,24.64,D
sz002517,恺英网络,2025-10-22 10:18:51,24.63,12000,24.61,U
sz002517,恺英网络,2025-10-22 10:19:00,24.64,9500,24.63,U
sz002517,恺英网络,2025-10-22 10:19:18,24.6,80500,24.63,D
sz002517,恺英网络,2025-10-22 10:20:15,24.6,12400,24.56,U
sz002517,恺英网络,2025-10-22 10:21:12,24.57,11100,24.57,U
sz002517,恺英网络,2025-10-22 10:21:21,24.6,8600,24.59,U
sz002517,恺英网络,2025-10-22 10:21:24,24.6,14800,24.6,U
sz002517,恺英网络,2025-10-22 10:23:27,24.62,14000,24.62,D
sz002517,恺英网络,2025-10-22 10:23:42,24.66,9200,24.65,U
sz002517,恺英网络,2025-10-22 10:24:06,24.64,65600,24.66,D
sz002517,恺英网络,2025-10-22 10:24:09,24.67,27800,24.64,U
sz002517,恺英网络,2025-10-22 10:24:15,24.64,12700,24.66,D
sz002517,恺英网络,2025-10-22 10:24:42,24.69,29000,24.69,U
sz002517,恺英网络,2025-10-22 10:24:45,24.69,22600,24.69,D
sz002517,恺英网络,2025-10-22 10:24:48,24.7,27600,24.69,U
sz002517,恺英网络,2025-10-22 10:25:00,24.73,54900,24.72,U
sz002517,恺英网络,2025-10-22 10:25:03,24.71,12100,24.73,E
sz002517,恺英网络,2025-10-22 10:25:06,24.73,90600,24.71,U
sz002517,恺英网络,2025-10-22 10:25:12,24.74,35900,24.73,U
sz002517,恺英网络,2025-10-22 10:25:18,24.71,8700,24.73,D
sz002517,恺英网络,2025-10-22 10:25:33,24.73,13400,24.7,U
sz002517,恺英网络,2025-10-22 10:25:54,24.73,8400,24.73,U
sz002517,恺英网络,2025-10-22 10:26:09,24.74,9500,24.73,U
sz002517,恺英网络,2025-10-22 10:26:12,24.73,27100,24.74,D
sz002517,恺英网络,2025-10-22 10:26:18,24.73,18700,24.74,D
sz002517,恺英网络,2025-10-22 10:26:27,24.71,19900,24.73,D
sz002517,恺英网络,2025-10-22 10:26:39,24.7,9800,24.7,D
sz002517,恺英网络,2025-10-22 10:27:00,24.68,12000,24.69,D
sz002517,恺英网络,2025-10-22 10:27:39,24.67,13000,24.68,D
sz002517,恺英网络,2025-10-22 10:28:18,24.65,21500,24.66,D
sz002517,恺英网络,2025-10-22 10:28:24,24.65,14400,24.66,D
sz002517,恺英网络,2025-10-22 10:28:48,24.69,16600,24.64,U
sz002517,恺英网络,2025-10-22 10:29:15,24.67,81000,24.71,D
sz002517,恺英网络,2025-10-22 10:29:24,24.7,13600,24.68,U
sz002517,恺英网络,2025-10-22 10:29:30,24.7,9000,24.69,U
sz002517,恺英网络,2025-10-22 10:29:42,24.72,12600,24.71,U
sz002517,恺英网络,2025-10-22 10:29:45,24.72,20100,24.72,E
sz002517,恺英网络,2025-10-22 10:29:48,24.7,23000,24.72,D
sz002517,恺英网络,2025-10-22 10:30:03,24.72,41800,24.72,E
sz002517,恺英网络,2025-10-22 10:30:12,24.69,9400,24.7,D
sz002517,恺英网络,2025-10-22 10:30:27,24.69,22800,24.69,U
sz002517,恺英网络,2025-10-22 10:30:30,24.7,15800,24.69,U
sz002517,恺英网络,2025-10-22 10:30:33,24.67,94400,24.7,D
sz002517,恺英网络,2025-10-22 10:30:48,24.65,9100,24.66,D
sz002517,恺英网络,2025-10-22 10:31:03,24.66,11800,24.65,U
sz002517,恺英网络,2025-10-22 10:31:42,24.68,10300,24.68,U
sz002517,恺英网络,2025-10-22 10:32:30,24.67,14400,24.67,U
sz002517,恺英网络,2025-10-22 10:32:42,24.67,10900,24.65,U
sz002517,恺英网络,2025-10-22 10:32:57,24.65,10800,24.65,U
sz002517,恺英网络,2025-10-22 10:34:45,24.66,10900,24.67,D
sz002517,恺英网络,2025-10-22 10:35:00,24.65,16700,24.65,D
sz002517,恺英网络,2025-10-22 10:36:24,24.66,9900,24.66,U
sz002517,恺英网络,2025-10-22 10:36:39,24.65,8700,24.65,D
sz002517,恺英网络,2025-10-22 10:36:42,24.65,14100,24.65,E
sz002517,恺英网络,2025-10-22 10:37:03,24.6,42900,24.65,D
sz002517,恺英网络,2025-10-22 10:37:06,24.6,11800,24.6,D
sz002517,恺英网络,2025-10-22 10:37:09,24.58,8900,24.6,D
sz002517,恺英网络,2025-10-22 10:37:12,24.58,41900,24.58,D
sz002517,恺英网络,2025-10-22 10:39:09,24.57,17100,24.58,D
sz002517,恺英网络,2025-10-22 10:39:21,24.56,35900,24.57,D
sz002517,恺英网络,2025-10-22 10:39:24,24.55,20200,24.56,D
sz002517,恺英网络,2025-10-22 10:39:27,24.56,29100,24.55,E
sz002517,恺英网络,2025-10-22 10:40:21,24.62,15700,24.56,U
sz002517,恺英网络,2025-10-22 10:41:54,24.58,8300,24.57,U
sz002517,恺英网络,2025-10-22 10:43:33,24.58,8700,24.59,D
sz002517,恺英网络,2025-10-22 10:43:54,24.61,21100,24.58,U
sz002517,恺英网络,2025-10-22 10:44:36,24.64,13900,24.65,E
sz002517,恺英网络,2025-10-22 10:46:39,24.57,27800,24.6,D
sz002517,恺英网络,2025-10-22 10:47:21,24.59,17500,24.58,U
sz002517,恺英网络,2025-10-22 10:47:51,24.57,11100,24.59,D
sz002517,恺英网络,2025-10-22 10:48:09,24.56,13400,24.58,D
sz002517,恺英网络,2025-10-22 10:48:36,24.54,17600,24.55,D
sz002517,恺英网络,2025-10-22 10:49:12,24.55,9400,24.53,U
sz002517,恺英网络,2025-10-22 10:49:30,24.56,10300,24.56,U
sz002517,恺英网络,2025-10-22 10:50:12,24.55,12400,24.55,U
sz002517,恺英网络,2025-10-22 10:51:00,24.54,8500,24.54,D
sz002517,恺英网络,2025-10-22 10:51:27,24.52,9300,24.52,D
sz002517,恺英网络,2025-10-22 10:51:33,24.5,28800,24.52,D
sz002517,恺英网络,2025-10-22 10:52:30,24.51,10100,24.51,D
sz002517,恺英网络,2025-10-22 10:52:51,24.5,10600,24.52,D
sz002517,恺英网络,2025-10-22 10:52:54,24.5,34800,24.5,D
sz002517,恺英网络,2025-10-22 10:53:18,24.5,10100,24.49,U
sz002517,恺英网络,2025-10-22 10:54:03,24.51,27000,24.52,D
sz002517,恺英网络,2025-10-22 10:57:03,24.49,62800,24.52,D
sz002517,恺英网络,2025-10-22 10:57:06,24.49,19000,24.49,U
sz002517,恺英网络,2025-10-22 10:59:12,24.48,20000,24.48,D
sz002517,恺英网络,2025-10-22 10:59:15,24.48,33444,24.48,U
sz002517,恺英网络,2025-10-22 10:59:39,24.46,10700,24.46,D
sz002517,恺英网络,2025-10-22 10:59:54,24.46,26400,24.47,D
sz002517,恺英网络,2025-10-22 11:01:09,24.46,17400,24.46,D
sz002517,恺英网络,2025-10-22 11:01:30,24.46,8700,24.46,U
sz002517,恺英网络,2025-10-22 11:03:15,24.46,9600,24.47,D
sz002517,恺英网络,2025-10-22 11:04:18,24.46,9700,24.47,D
sz002517,恺英网络,2025-10-22 11:06:27,24.46,12100,24.47,D
sz002517,恺英网络,2025-10-22 11:06:48,24.45,14781,24.47,D
sz002517,恺英网络,2025-10-22 11:06:51,24.44,34400,24.45,D
sz002517,恺英网络,2025-10-22 11:07:27,24.45,16800,24.44,U
sz002517,恺英网络,2025-10-22 11:07:54,24.43,57500,24.45,D
sz002517,恺英网络,2025-10-22 11:08:03,24.41,66300,24.44,D
sz002517,恺英网络,2025-10-22 11:08:57,24.42,8700,24.43,D
sz002517,恺英网络,2025-10-22 11:09:48,24.39,126400,24.42,D
sz002517,恺英网络,2025-10-22 11:10:00,24.38,19200,24.38,D
sz002517,恺英网络,2025-10-22 11:10:09,24.38,32600,24.38,D
sz002517,恺英网络,2025-10-22 11:10:24,24.36,11100,24.36,D
sz002517,恺英网络,2025-10-22 11:10:51,24.36,21800,24.36,D
sz002517,恺英网络,2025-10-22 11:10:54,24.36,19000,24.36,D
sz002517,恺英网络,2025-10-22 11:11:00,24.37,10900,24.36,U
sz002517,恺英网络,2025-10-22 11:11:03,24.37,29900,24.37,U
sz002517,恺英网络,2025-10-22 11:11:12,24.37,13400,24.36,U
sz002517,恺英网络,2025-10-22 11:11:18,24.37,8800,24.37,U
sz002517,恺英网络,2025-10-22 11:11:30,24.38,37800,24.37,U
sz002517,恺英网络,2025-10-22 11:11:48,24.39,9000,24.39,D
sz002517,恺英网络,2025-10-22 11:12:12,24.39,19900,24.4,D
sz002517,恺英网络,2025-10-22 11:12:21,24.41,8900,24.4,U
sz002517,恺英网络,2025-10-22 11:13:03,24.42,14200,24.42,U
sz002517,恺英网络,2025-10-22 11:13:09,24.42,10500,24.42,D
sz002517,恺英网络,2025-10-22 11:13:36,24.44,14100,24.44,U
sz002517,恺英网络,2025-10-22 11:13:57,24.43,33100,24.44,D
sz002517,恺英网络,2025-10-22 11:14:18,24.41,9500,24.41,U
sz002517,恺英网络,2025-10-22 11:15:09,24.45,13100,24.42,U
sz002517,恺英网络,2025-10-22 11:17:45,24.43,36500,24.46,D
sz002517,恺英网络,2025-10-22 11:18:54,24.44,9400,24.46,D
sz002517,恺英网络,2025-10-22 11:19:03,24.43,12200,24.44,D
sz002517,恺英网络,2025-10-22 11:19:30,24.42,16600,24.44,D
sz002517,恺英网络,2025-10-22 11:20:09,24.39,37900,24.4,D
sz002517,恺英网络,2025-10-22 11:20:51,24.4,8400,24.39,U
sz002517,恺英网络,2025-10-22 11:20:54,24.4,10200,24.4,U
sz002517,恺英网络,2025-10-22 11:21:03,24.38,9600,24.4,D
sz002517,恺英网络,2025-10-22 11:21:15,24.38,8700,24.39,D
sz002517,恺英网络,2025-10-22 11:21:21,24.39,8500,24.38,E
sz002517,恺英网络,2025-10-22 11:21:45,24.38,8400,24.38,D
sz002517,恺英网络,2025-10-22 11:22:24,24.37,8600,24.37,D
sz002517,恺英网络,2025-10-22 11:22:27,24.37,11800,24.37,D
sz002517,恺英网络,2025-10-22 11:22:39,24.37,13600,24.37,D
sz002517,恺英网络,2025-10-22 11:23:03,24.38,14800,24.37,U
sz002517,恺英网络,2025-10-22 11:23:06,24.38,12100,24.38,U
sz002517,恺英网络,2025-10-22 11:23:21,24.37,8900,24.37,U
sz002517,恺英网络,2025-10-22 11:23:39,24.36,10700,24.36,D
sz002517,恺英网络,2025-10-22 11:24:00,24.37,13000,24.36,U
sz002517,恺英网络,2025-10-22 11:24:57,24.35,40000,24.36,D
sz002517,恺英网络,2025-10-22 11:25:00,24.34,54339,24.35,D
sz002517,恺英网络,2025-10-22 11:25:18,24.34,17000,24.35,D
sz002517,恺英网络,2025-10-22 11:25:36,24.34,9800,24.34,D
sz002517,恺英网络,2025-10-22 11:25:39,24.34,8900,24.34,D
sz002517,恺英网络,2025-10-22 11:25:54,24.34,11900,24.33,U
sz002517,恺英网络,2025-10-22 11:26:15,24.33,18000,24.33,D
sz002517,恺英网络,2025-10-22 11:26:24,24.33,9000,24.33,U
sz002517,恺英网络,2025-10-22 11:26:42,24.32,19100,24.33,D
sz002517,恺英网络,2025-10-22 11:26:54,24.31,37200,24.31,D
sz002517,恺英网络,2025-10-22 11:27:00,24.31,15000,24.31,D
sz002517,恺英网络,2025-10-22 11:27:09,24.3,37100,24.31,D
sz002517,恺英网络,2025-10-22 11:27:12,24.3,9000,24.3,D
sz002517,恺英网络,2025-10-22 11:27:15,24.3,9000,24.3,D
sz002517,恺英网络,2025-10-22 11:27:21,24.3,11000,24.3,D
sz002517,恺英网络,2025-10-22 11:27:24,24.3,9200,24.3,D
sz002517,恺英网络,2025-10-22 11:27:45,24.28,16300,24.28,D
sz002517,恺英网络,2025-10-22 11:27:48,24.3,16400,24.28,U
sz002517,恺英网络,2025-10-22 11:27:51,24.29,9600,24.3,D
sz002517,恺英网络,2025-10-22 11:28:12,24.29,11900,24.28,U
sz002517,恺英网络,2025-10-22 11:28:36,24.28,11400,24.28,D
sz002517,恺英网络,2025-10-22 11:28:48,24.28,42500,24.27,U
sz002517,恺英网络,2025-10-22 11:29:00,24.28,13100,24.28,U
sz002517,恺英网络,2025-10-22 11:29:18,24.27,10200,24.27,U
sz002517,恺英网络,2025-10-22 11:29:24,24.27,20500,24.26,U
sz002517,恺英网络,2025-10-22 11:29:48,24.26,15100,24.25,U
sz002517,恺英网络,2025-10-22 11:29:54,24.26,8300,24.25,U
sz002517,恺英网络,2025-10-22 13:00:00,24.25,88500,24.26,D
sz002517,恺英网络,2025-10-22 13:00:03,24.26,21900,24.25,U
sz002517,恺英网络,2025-10-22 13:00:06,24.25,21300,24.26,D
sz002517,恺英网络,2025-10-22 13:00:09,24.25,10600,24.25,U
sz002517,恺英网络,2025-10-22 13:00:12,24.27,9900,24.25,U
sz002517,恺英网络,2025-10-22 13:00:18,24.29,39900,24.28,E
sz002517,恺英网络,2025-10-22 13:00:21,24.28,78700,24.29,D
sz002517,恺英网络,2025-10-22 13:00:24,24.27,14800,24.28,D
sz002517,恺英网络,2025-10-22 13:00:27,24.28,10200,24.27,E
sz002517,恺英网络,2025-10-22 13:00:30,24.27,12900,24.28,E
sz002517,恺英网络,2025-10-22 13:00:33,24.26,8700,24.27,E
sz002517,恺英网络,2025-10-22 13:00:42,24.25,11200,24.26,D
sz002517,恺英网络,2025-10-22 13:00:48,24.27,22000,24.25,U
sz002517,恺英网络,2025-10-22 13:00:54,24.26,19000,24.26,D
sz002517,恺英网络,2025-10-22 13:01:00,24.28,19300,24.26,U
sz002517,恺英网络,2025-10-22 13:01:18,24.32,14800,24.3,U
sz002517,恺英网络,2025-10-22 13:01:33,24.32,17900,24.33,D
sz002517,恺英网络,2025-10-22 13:02:09,24.27,35300,24.26,U
sz002517,恺英网络,2025-10-22 13:02:39,24.28,10000,24.28,D
sz002517,恺英网络,2025-10-22 13:03:12,24.28,13600,24.27,U
sz002517,恺英网络,2025-10-22 13:04:18,24.31,28400,24.32,D
sz002517,恺英网络,2025-10-22 13:04:51,24.29,25200,24.31,D
sz002517,恺英网络,2025-10-22 13:05:06,24.27,32000,24.29,D
sz002517,恺英网络,2025-10-22 13:07:00,24.29,21600,24.27,U
sz002517,恺英网络,2025-10-22 13:07:33,24.3,10300,24.31,D
sz002517,恺英网络,2025-10-22 13:09:12,24.29,13800,24.29,U
sz002517,恺英网络,2025-10-22 13:09:21,24.29,9400,24.29,U
sz002517,恺英网络,2025-10-22 13:09:39,24.31,18500,24.28,U
sz002517,恺英网络,2025-10-22 13:09:42,24.31,13200,24.31,D
sz002517,恺英网络,2025-10-22 13:09:45,24.32,15000,24.31,D
sz002517,恺英网络,2025-10-22 13:10:24,24.3,9100,24.3,D
sz002517,恺英网络,2025-10-22 13:13:42,24.35,9200,24.34,U
sz002517,恺英网络,2025-10-22 13:14:33,24.35,66500,24.32,U
sz002517,恺英网络,2025-10-22 13:14:42,24.35,10700,24.36,D
sz002517,恺英网络,2025-10-22 13:15:09,24.35,29800,24.33,U
sz002517,恺英网络,2025-10-22 13:15:12,24.37,24700,24.35,E
sz002517,恺英网络,2025-10-22 13:15:36,24.36,8400,24.35,U
sz002517,恺英网络,2025-10-22 13:15:48,24.37,10500,24.36,U
sz002517,恺英网络,2025-10-22 13:17:51,24.44,8500,24.43,U
sz002517,恺英网络,2025-10-22 13:18:27,24.4,11100,24.41,D
sz002517,恺英网络,2025-10-22 13:18:33,24.38,22900,24.4,D
sz002517,恺英网络,2025-10-22 13:19:03,24.39,12200,24.4,D
sz002517,恺英网络,2025-10-22 13:19:27,24.37,12500,24.37,D
sz002517,恺英网络,2025-10-22 13:20:09,24.4,17400,24.4,U
sz002517,恺英网络,2025-10-22 13:20:36,24.4,9300,24.41,D
sz002517,恺英网络,2025-10-22 13:20:39,24.45,22500,24.4,U
sz002517,恺英网络,2025-10-22 13:20:51,24.4,12300,24.4,D
sz002517,恺英网络,2025-10-22 13:20:54,24.39,11900,24.4,D
sz002517,恺英网络,2025-10-22 13:21:06,24.42,8300,24.42,D
sz002517,恺英网络,2025-10-22 13:21:57,24.39,10100,24.39,D
sz002517,恺英网络,2025-10-22 13:23:45,24.43,39800,24.44,D
sz002517,恺英网络,2025-10-22 13:23:57,24.41,8800,24.41,D
sz002517,恺英网络,2025-10-22 13:25:15,24.45,83800,24.44,U
sz002517,恺英网络,2025-10-22 13:25:24,24.49,9900,24.48,U
sz002517,恺英网络,2025-10-22 13:25:27,24.45,12900,24.49,D
sz002517,恺英网络,2025-10-22 13:25:33,24.48,8300,24.47,U
sz002517,恺英网络,2025-10-22 13:26:54,24.48,56200,24.5,D
sz002517,恺英网络,2025-10-22 13:28:15,24.51,12700,24.49,U
sz002517,恺英网络,2025-10-22 13:28:54,24.52,9200,24.51,U
sz002517,恺英网络,2025-10-22 13:28:57,24.51,8900,24.52,D
sz002517,恺英网络,2025-10-22 13:30:09,24.52,21200,24.54,D
sz002517,恺英网络,2025-10-22 13:30:12,24.52,16900,24.52,D
sz002517,恺英网络,2025-10-22 13:31:00,24.51,53200,24.53,D
sz002517,恺英网络,2025-10-22 13:31:06,24.52,34500,24.51,U
sz002517,恺英网络,2025-10-22 13:31:18,24.52,14600,24.51,U
sz002517,恺英网络,2025-10-22 13:32:06,24.52,9200,24.53,D
sz002517,恺英网络,2025-10-22 13:32:30,24.48,15800,24.49,D
sz002517,恺英网络,2025-10-22 13:32:33,24.47,42600,24.48,D
sz002517,恺英网络,2025-10-22 13:33:09,24.48,8300,24.47,U
sz002517,恺英网络,2025-10-22 13:33:51,24.46,18100,24.49,D
sz002517,恺英网络,2025-10-22 13:34:03,24.47,11300,24.46,U
sz002517,恺英网络,2025-10-22 13:34:39,24.46,14100,24.49,D
sz002517,恺英网络,2025-10-22 13:35:18,24.45,12100,24.47,D
sz002517,恺英网络,2025-10-22 13:35:54,24.45,9400,24.42,U
sz002517,恺英网络,2025-10-22 13:37:12,24.42,13000,24.43,D
sz002517,恺英网络,2025-10-22 13:37:27,24.43,14900,24.43,D
sz002517,恺英网络,2025-10-22 13:37:30,24.43,11100,24.43,U
sz002517,恺英网络,2025-10-22 13:39:12,24.38,12900,24.39,D
sz002517,恺英网络,2025-10-22 13:40:09,24.38,8800,24.38,U
sz002517,恺英网络,2025-10-22 13:41:48,24.38,9900,24.37,D
sz002517,恺英网络,2025-10-22 13:42:03,24.35,30000,24.36,D
sz002517,恺英网络,2025-10-22 13:42:06,24.35,9900,24.35,D
sz002517,恺英网络,2025-10-22 13:42:09,24.36,41000,24.35,U
sz002517,恺英网络,2025-10-22 13:42:12,24.35,11900,24.36,D
sz002517,恺英网络,2025-10-22 13:42:57,24.32,12700,24.33,D
sz002517,恺英网络,2025-10-22 13:43:00,24.32,29200,24.32,D
sz002517,恺英网络,2025-10-22 13:43:03,24.28,76500,24.32,D
sz002517,恺英网络,2025-10-22 13:43:27,24.3,13800,24.29,U
sz002517,恺英网络,2025-10-22 13:43:36,24.31,9100,24.32,D
sz002517,恺英网络,2025-10-22 13:44:21,24.3,17000,24.3,U
sz002517,恺英网络,2025-10-22 13:44:24,24.31,9500,24.3,U
sz002517,恺英网络,2025-10-22 13:45:03,24.28,49900,24.3,D
sz002517,恺英网络,2025-10-22 13:45:06,24.28,13400,24.28,U
sz002517,恺英网络,2025-10-22 13:45:09,24.28,13900,24.28,U
sz002517,恺英网络,2025-10-22 13:45:15,24.28,12900,24.28,D
sz002517,恺英网络,2025-10-22 13:45:39,24.27,13000,24.28,D
sz002517,恺英网络,2025-10-22 13:46:03,24.29,8500,24.29,D
sz002517,恺英网络,2025-10-22 13:46:15,24.27,9100,24.28,D
sz002517,恺英网络,2025-10-22 13:47:36,24.27,11100,24.27,D
sz002517,恺英网络,2025-10-22 13:47:39,24.27,12100,24.27,D
sz002517,恺英网络,2025-10-22 13:48:03,24.27,10300,24.27,D
sz002517,恺英网络,2025-10-22 13:48:15,24.27,75100,24.28,D
sz002517,恺英网络,2025-10-22 13:48:48,24.27,14000,24.27,U
sz002517,恺英网络,2025-10-22 13:48:51,24.28,9000,24.27,U
sz002517,恺英网络,2025-10-22 13:49:00,24.3,10500,24.28,U
sz002517,恺英网络,2025-10-22 13:49:03,24.3,9800,24.3,E
sz002517,恺英网络,2025-10-22 13:49:12,24.3,17300,24.28,U
sz002517,恺英网络,2025-10-22 13:50:03,24.27,8600,24.28,D
sz002517,恺英网络,2025-10-22 13:50:06,24.27,15700,24.27,D
sz002517,恺英网络,2025-10-22 13:50:09,24.27,19800,24.27,D
sz002517,恺英网络,2025-10-22 13:50:12,24.27,11700,24.27,D
sz002517,恺英网络,2025-10-22 13:50:18,24.28,8700,24.28,U
sz002517,恺英网络,2025-10-22 13:50:24,24.28,13200,24.28,D
sz002517,恺英网络,2025-10-22 13:53:54,24.3,9100,24.3,U
sz002517,恺英网络,2025-10-22 13:54:06,24.31,13700,24.31,U
sz002517,恺英网络,2025-10-22 13:54:57,24.3,11100,24.29,U
sz002517,恺英网络,2025-10-22 13:55:21,24.29,15100,24.3,D
sz002517,恺英网络,2025-10-22 13:55:24,24.28,31200,24.29,D
sz002517,恺英网络,2025-10-22 13:55:27,24.27,44100,24.28,D
sz002517,恺英网络,2025-10-22 13:55:30,24.27,12400,24.27,U
sz002517,恺英网络,2025-10-22 13:55:39,24.26,10200,24.26,D
sz002517,恺英网络,2025-10-22 13:55:42,24.26,26950,24.26,D
sz002517,恺英网络,2025-10-22 13:55:45,24.25,13300,24.26,D
sz002517,恺英网络,2025-10-22 13:55:51,24.25,151300,24.25,D
sz002517,恺英网络,2025-10-22 13:55:54,24.24,48900,24.25,D
sz002517,恺英网络,2025-10-22 13:56:00,24.22,14300,24.21,U
sz002517,恺英网络,2025-10-22 13:56:03,24.21,29500,24.22,D
sz002517,恺英网络,2025-10-22 13:56:06,24.22,22300,24.21,U
sz002517,恺英网络,2025-10-22 13:56:09,24.27,44000,24.22,U
sz002517,恺英网络,2025-10-22 13:56:12,24.26,22100,24.27,D
sz002517,恺英网络,2025-10-22 13:56:15,24.26,27400,24.26,D
sz002517,恺英网络,2025-10-22 13:56:18,24.24,11500,24.26,D
sz002517,恺英网络,2025-10-22 13:56:27,24.24,10700,24.25,E
sz002517,恺英网络,2025-10-22 13:56:33,24.25,49600,24.25,U
sz002517,恺英网络,2025-10-22 13:56:36,24.26,20100,24.25,E
sz002517,恺英网络,2025-10-22 13:57:12,24.22,19200,24.22,D
sz002517,恺英网络,2025-10-22 13:57:45,24.21,13900,24.21,D
sz002517,恺英网络,2025-10-22 13:57:48,24.21,10700,24.21,D
sz002517,恺英网络,2025-10-22 13:57:54,24.21,9500,24.21,D
sz002517,恺英网络,2025-10-22 13:58:03,24.22,8300,24.21,U
sz002517,恺英网络,2025-10-22 13:58:15,24.21,9600,24.21,D
sz002517,恺英网络,2025-10-22 13:58:21,24.21,21000,24.2,U
sz002517,恺英网络,2025-10-22 13:58:27,24.21,11800,24.21,U
sz002517,恺英网络,2025-10-22 13:58:30,24.21,8400,24.21,U
sz002517,恺英网络,2025-10-22 13:58:33,24.21,12800,24.21,U
sz002517,恺英网络,2025-10-22 13:59:39,24.2,12800,24.2,D
sz002517,恺英网络,2025-10-22 13:59:45,24.2,11400,24.2,D
sz002517,恺英网络,2025-10-22 13:59:48,24.2,15900,24.2,D
sz002517,恺英网络,2025-10-22 13:59:54,24.21,27400,24.2,U
sz002517,恺英网络,2025-10-22 13:59:57,24.2,14400,24.21,D
sz002517,恺英网络,2025-10-22 14:00:00,24.2,21100,24.2,D
sz002517,恺英网络,2025-10-22 14:00:03,24.18,24500,24.2,D
sz002517,恺英网络,2025-10-22 14:00:09,24.18,8600,24.19,D
sz002517,恺英网络,2025-10-22 14:00:15,24.17,15000,24.18,D
sz002517,恺英网络,2025-10-22 14:00:18,24.16,10000,24.17,D
sz002517,恺英网络,2025-10-22 14:00:33,24.16,20200,24.17,D
sz002517,恺英网络,2025-10-22 14:00:36,24.16,18600,24.16,D
sz002517,恺英网络,2025-10-22 14:00:39,24.16,20700,24.16,D
sz002517,恺英网络,2025-10-22 14:00:42,24.16,10000,24.16,D
sz002517,恺英网络,2025-10-22 14:00:54,24.16,10100,24.15,E
sz002517,恺英网络,2025-10-22 14:01:00,24.18,17400,24.17,U
sz002517,恺英网络,2025-10-22 14:01:12,24.17,17600,24.17,U
sz002517,恺英网络,2025-10-22 14:01:45,24.15,14300,24.15,D
sz002517,恺英网络,2025-10-22 14:01:51,24.15,8400,24.15,D
sz002517,恺英网络,2025-10-22 14:02:09,24.17,11200,24.14,U
sz002517,恺英网络,2025-10-22 14:02:12,24.17,8900,24.17,U
sz002517,恺英网络,2025-10-22 14:02:27,24.17,10100,24.18,D
sz002517,恺英网络,2025-10-22 14:02:36,24.17,8400,24.17,U
sz002517,恺英网络,2025-10-22 14:03:06,24.19,19600,24.2,D
sz002517,恺英网络,2025-10-22 14:03:09,24.18,17800,24.19,E
sz002517,恺英网络,2025-10-22 14:03:48,24.15,11200,24.15,D
sz002517,恺英网络,2025-10-22 14:03:51,24.18,11200,24.15,U
sz002517,恺英网络,2025-10-22 14:04:33,24.2,32000,24.2,U
sz002517,恺英网络,2025-10-22 14:04:39,24.2,63300,24.2,U
sz002517,恺英网络,2025-10-22 14:04:48,24.2,9600,24.21,D
sz002517,恺英网络,2025-10-22 14:05:06,24.18,11000,24.21,D
sz002517,恺英网络,2025-10-22 14:06:24,24.2,16600,24.19,U
sz002517,恺英网络,2025-10-22 14:07:12,24.22,14200,24.19,U
sz002517,恺英网络,2025-10-22 14:08:30,24.23,10000,24.23,D
sz002517,恺英网络,2025-10-22 14:08:42,24.23,20900,24.22,U
sz002517,恺英网络,2025-10-22 14:08:45,24.21,15700,24.23,D
sz002517,恺英网络,2025-10-22 14:08:54,24.23,11000,24.22,U
sz002517,恺英网络,2025-10-22 14:10:15,24.25,16000,24.23,U
sz002517,恺英网络,2025-10-22 14:10:21,24.27,12200,24.24,U
sz002517,恺英网络,2025-10-22 14:10:30,24.26,11200,24.26,U
sz002517,恺英网络,2025-10-22 14:10:36,24.27,16200,24.27,U
sz002517,恺英网络,2025-10-22 14:10:57,24.31,11000,24.28,U
sz002517,恺英网络,2025-10-22 14:11:03,24.31,11800,24.28,U
sz002517,恺英网络,2025-10-22 14:13:30,24.31,18000,24.31,U
sz002517,恺英网络,2025-10-22 14:13:48,24.32,39100,24.28,U
sz002517,恺英网络,2025-10-22 14:14:48,24.28,9400,24.28,D
sz002517,恺英网络,2025-10-22 14:15:33,24.29,13600,24.3,D
sz002517,恺英网络,2025-10-22 14:15:36,24.29,43900,24.29,D
sz002517,恺英网络,2025-10-22 14:16:54,24.28,9000,24.25,U
sz002517,恺英网络,2025-10-22 14:21:06,24.3,13800,24.28,U
sz002517,恺英网络,2025-10-22 14:22:09,24.29,13500,24.3,D
sz002517,恺英网络,2025-10-22 14:22:18,24.3,9500,24.28,U
sz002517,恺英网络,2025-10-22 14:23:54,24.3,19100,24.3,D
sz002517,恺英网络,2025-10-22 14:23:57,24.28,9700,24.3,D
sz002517,恺英网络,2025-10-22 14:24:15,24.3,9300,24.28,U
sz002517,恺英网络,2025-10-22 14:25:33,24.27,19200,24.3,D
sz002517,恺英网络,2025-10-22 14:25:36,24.26,19700,24.27,D
sz002517,恺英网络,2025-10-22 14:27:51,24.26,9000,24.27,D
sz002517,恺英网络,2025-10-22 14:28:00,24.27,9600,24.27,U
sz002517,恺英网络,2025-10-22 14:28:06,24.26,30400,24.26,D
sz002517,恺英网络,2025-10-22 14:28:09,24.25,15200,24.26,D
sz002517,恺英网络,2025-10-22 14:28:27,24.26,13000,24.27,D
sz002517,恺英网络,2025-10-22 14:29:03,24.27,11800,24.27,D
sz002517,恺英网络,2025-10-22 14:29:54,24.26,9700,24.26,D
sz002517,恺英网络,2025-10-22 14:30:36,24.31,11900,24.28,U
sz002517,恺英网络,2025-10-22 14:30:42,24.29,10200,24.29,D
sz002517,恺英网络,2025-10-22 14:32:03,24.25,13700,24.26,D
sz002517,恺英网络,2025-10-22 14:32:06,24.26,10100,24.25,U
sz002517,恺英网络,2025-10-22 14:33:24,24.28,12800,24.28,D
sz002517,恺英网络,2025-10-22 14:33:33,24.26,9200,24.28,D
sz002517,恺英网络,2025-10-22 14:34:21,24.26,8400,24.25,U
sz002517,恺英网络,2025-10-22 14:34:27,24.26,11100,24.26,U
sz002517,恺英网络,2025-10-22 14:34:33,24.25,9100,24.25,D
sz002517,恺英网络,2025-10-22 14:34:42,24.24,8600,24.26,D
sz002517,恺英网络,2025-10-22 14:34:48,24.24,9000,24.24,D
sz002517,恺英网络,2025-10-22 14:34:57,24.25,24100,24.24,U
sz002517,恺英网络,2025-10-22 14:35:00,24.25,38814,24.25,D
sz002517,恺英网络,2025-10-22 14:35:03,24.22,11600,24.25,D
sz002517,恺英网络,2025-10-22 14:35:27,24.23,10700,24.26,D
sz002517,恺英网络,2025-10-22 14:37:21,24.23,10100,24.24,D
sz002517,恺英网络,2025-10-22 14:37:42,24.22,12200,24.22,D
sz002517,恺英网络,2025-10-22 14:37:51,24.22,9100,24.22,D
sz002517,恺英网络,2025-10-22 14:38:12,24.22,13800,24.22,E
sz002517,恺英网络,2025-10-22 14:38:57,24.22,21800,24.23,D
sz002517,恺英网络,2025-10-22 14:40:03,24.24,8500,24.23,U
sz002517,恺英网络,2025-10-22 14:40:06,24.24,12900,24.24,U
sz002517,恺英网络,2025-10-22 14:40:18,24.23,13700,24.25,D
sz002517,恺英网络,2025-10-22 14:40:45,24.24,9200,24.24,U
sz002517,恺英网络,2025-10-22 14:40:57,24.24,8300,24.23,U
sz002517,恺英网络,2025-10-22 14:41:00,24.24,21400,24.24,U
sz002517,恺英网络,2025-10-22 14:41:36,24.22,13300,24.22,D
sz002517,恺英网络,2025-10-22 14:41:39,24.21,10000,24.22,D
sz002517,恺英网络,2025-10-22 14:42:03,24.23,8500,24.21,U
sz002517,恺英网络,2025-10-22 14:42:06,24.2,10900,24.23,D
sz002517,恺英网络,2025-10-22 14:42:09,24.22,15200,24.2,U
sz002517,恺英网络,2025-10-22 14:42:15,24.21,10500,24.21,D
sz002517,恺英网络,2025-10-22 14:42:30,24.22,19900,24.21,U
sz002517,恺英网络,2025-10-22 14:42:48,24.22,12100,24.21,U
sz002517,恺英网络,2025-10-22 14:42:54,24.22,15300,24.2,U
sz002517,恺英网络,2025-10-22 14:43:03,24.22,10300,24.2,U
sz002517,恺英网络,2025-10-22 14:43:06,24.22,11900,24.22,D
sz002517,恺英网络,2025-10-22 14:43:12,24.23,9400,24.21,U
sz002517,恺英网络,2025-10-22 14:44:06,24.23,10200,24.23,D
sz002517,恺英网络,2025-10-22 14:44:09,24.24,9000,24.23,U
sz002517,恺英网络,2025-10-22 14:44:45,24.22,15000,24.23,D
sz002517,恺英网络,2025-10-22 14:45:00,24.23,10000,24.21,U
sz002517,恺英网络,2025-10-22 14:46:00,24.22,8400,24.22,D
sz002517,恺英网络,2025-10-22 14:46:03,24.22,11600,24.22,D
sz002517,恺英网络,2025-10-22 14:46:06,24.23,8500,24.22,E
sz002517,恺英网络,2025-10-22 14:47:00,24.22,12000,24.22,D
sz002517,恺英网络,2025-10-22 14:47:06,24.24,13100,24.23,U
sz002517,恺英网络,2025-10-22 14:47:09,24.22,12100,24.24,D
sz002517,恺英网络,2025-10-22 14:47:12,24.24,8300,24.22,E
sz002517,恺英网络,2025-10-22 14:48:15,24.24,9300,24.25,D
sz002517,恺英网络,2025-10-22 14:48:48,24.26,18900,24.26,D
sz002517,恺英网络,2025-10-22 14:48:54,24.25,13300,24.26,D
sz002517,恺英网络,2025-10-22 14:48:57,24.25,17100,24.25,E
sz002517,恺英网络,2025-10-22 14:49:00,24.22,10200,24.25,D
sz002517,恺英网络,2025-10-22 14:49:12,24.22,12700,24.25,D
sz002517,恺英网络,2025-10-22 14:49:27,24.2,240000,24.23,D
sz002517,恺英网络,2025-10-22 14:49:30,24.2,13000,24.2,U
sz002517,恺英网络,2025-10-22 14:50:00,24.23,10700,24.22,U
sz002517,恺英网络,2025-10-22 14:50:06,24.22,11600,24.23,D
sz002517,恺英网络,2025-10-22 14:50:09,24.25,9400,24.22,U
sz002517,恺英网络,2025-10-22 14:50:12,24.22,10100,24.25,D
sz002517,恺英网络,2025-10-22 14:50:15,24.27,19200,24.22,U
sz002517,恺英网络,2025-10-22 14:50:21,24.27,16800,24.26,U
sz002517,恺英网络,2025-10-22 14:50:51,24.25,35900,24.27,D
sz002517,恺英网络,2025-10-22 14:50:57,24.24,11800,24.25,D
sz002517,恺英网络,2025-10-22 14:51:15,24.21,84100,24.25,D
sz002517,恺英网络,2025-10-22 14:51:24,24.21,9600,24.21,U
sz002517,恺英网络,2025-10-22 14:51:48,24.21,11400,24.21,U
sz002517,恺英网络,2025-10-22 14:51:54,24.2,21000,24.2,D
sz002517,恺英网络,2025-10-22 14:51:57,24.19,56500,24.2,D
sz002517,恺英网络,2025-10-22 14:52:06,24.21,42400,24.2,U
sz002517,恺英网络,2025-10-22 14:52:09,24.22,44000,24.21,U
sz002517,恺英网络,2025-10-22 14:52:12,24.24,11000,24.22,U
sz002517,恺英网络,2025-10-22 14:52:54,24.2,152500,24.25,D
sz002517,恺英网络,2025-10-22 14:53:03,24.2,42000,24.21,D
sz002517,恺英网络,2025-10-22 14:53:09,24.2,35500,24.22,D
sz002517,恺英网络,2025-10-22 14:53:18,24.2,11300,24.2,U
sz002517,恺英网络,2025-10-22 14:53:27,24.19,17900,24.2,D
sz002517,恺英网络,2025-10-22 14:53:30,24.2,36000,24.19,U
sz002517,恺英网络,2025-10-22 14:53:36,24.2,18900,24.2,U
sz002517,恺英网络,2025-10-22 14:54:06,24.19,34900,24.19,D
sz002517,恺英网络,2025-10-22 14:54:12,24.18,17700,24.2,D
sz002517,恺英网络,2025-10-22 14:54:27,24.19,10500,24.2,D
sz002517,恺英网络,2025-10-22 14:54:30,24.2,8600,24.19,U
sz002517,恺英网络,2025-10-22 14:54:36,24.19,13700,24.2,D
sz002517,恺英网络,2025-10-22 14:54:39,24.19,10300,24.19,D
sz002517,恺英网络,2025-10-22 14:55:00,24.19,11500,24.19,D
sz002517,恺英网络,2025-10-22 14:55:03,24.2,14700,24.19,U
sz002517,恺英网络,2025-10-22 14:55:06,24.19,27200,24.2,D
sz002517,恺英网络,2025-10-22 14:55:12,24.21,97500,24.2,U
sz002517,恺英网络,2025-10-22 14:55:18,24.2,83400,24.2,D
sz002517,恺英网络,2025-10-22 14:55:33,24.2,54700,24.2,D
sz002517,恺英网络,2025-10-22 14:55:42,24.19,150900,24.19,D
sz002517,恺英网络,2025-10-22 14:55:54,24.18,16000,24.19,D
sz002517,恺英网络,2025-10-22 14:56:03,24.17,66200,24.17,D
sz002517,恺英网络,2025-10-22 14:56:06,24.18,21400,24.17,U
sz002517,恺英网络,2025-10-22 14:56:09,24.18,13300,24.18,U
sz002517,恺英网络,2025-10-22 14:56:12,24.18,26800,24.18,U
sz002517,恺英网络,2025-10-22 14:56:18,24.18,10700,24.19,D
sz002517,恺英网络,2025-10-22 14:56:27,24.18,56300,24.18,D
sz002517,恺英网络,2025-10-22 14:56:45,24.17,18200,24.18,D
sz002517,恺英网络,2025-10-22 14:56:48,24.18,8500,24.17,U
sz002517,恺英网络,2025-10-22 14:56:57,24.17,112800,24.18,D
sz002517,恺英网络,2025-10-22 15:00:00,24.16,236200,24.17,E
