symbol,name,ticktime,price,volume,prev_price,kind
sz002517,恺英网络,2025-10-20 09:25:00,23.3,263700,0.0,U
sz002517,恺英网络,2025-10-20 09:30:00,23.36,150500,23.3,U
sz002517,恺英网络,2025-10-20 09:30:03,23.35,171100,23.36,D
sz002517,恺英网络,2025-10-20 09:30:06,23.4,72400,23.35,D
sz002517,恺英网络,2025-10-20 09:30:09,23.37,129200,23.4,D
sz002517,恺英网络,2025-10-20 09:30:12,23.4,32000,23.37,U
sz002517,恺英网络,2025-10-20 09:30:15,23.49,14700,23.4,U
sz002517,恺英网络,2025-10-20 09:30:18,23.53,69200,23.49,U
sz002517,恺英网络,2025-10-20 09:30:21,23.6,108700,23.53,U
sz002517,恺英网络,2025-10-20 09:30:24,23.66,37000,23.6,U
sz002517,恺英网络,2025-10-20 09:30:27,23.6,48900,23.66,D
sz002517,恺英网络,2025-10-20 09:30:30,23.68,112200,23.6,U
sz002517,恺英网络,2025-10-20 09:30:33,23.76,143900,23.68,U
sz002517,恺英网络,2025-10-20 09:30:36,23.76,52900,23.76,U
sz002517,恺英网络,2025-10-20 09:30:39,23.79,124700,23.76,U
sz002517,恺英网络,2025-10-20 09:30:42,23.82,113000,23.79,U
sz002517,恺英网络,2025-10-20 09:30:45,23.8,70600,23.82,D
sz002517,恺英网络,2025-10-20 09:30:48,23.78,61000,23.8,D
sz002517,恺英网络,2025-10-20 09:30:51,23.6,59000,23.78,D
sz002517,恺英网络,2025-10-20 09:30:54,23.48,360200,23.6,D
sz002517,恺英网络,2025-10-20 09:30:57,23.57,218800,23.48,U
sz002517,恺英网络,2025-10-20 09:31:00,23.6,62100,23.57,U
sz002517,恺英网络,2025-10-20 09:31:03,23.65,29900,23.6,U
sz002517,恺英网络,2025-10-20 09:31:06,23.6,61500,23.65,D
sz002517,恺英网络,2025-10-20 09:31:09,23.57,61200,23.6,D
sz002517,恺英网络,2025-10-20 09:31:12,23.55,36600,23.57,D
sz002517,恺英网络,2025-10-20 09:31:15,23.54,150300,23.55,E
sz002517,恺英网络,2025-10-20 09:31:18,23.49,389600,23.54,D
sz002517,恺英网络,2025-10-20 09:31:24,23.4,22200,23.44,D
sz002517,恺英网络,2025-10-20 09:31:27,23.44,47300,23.4,U
sz002517,恺英网络,2025-10-20 09:31:30,23.43,27400,23.44,D
sz002517,恺英网络,2025-10-20 09:31:33,23.43,38900,23.43,U
sz002517,恺英网络,2025-10-20 09:31:36,23.44,63400,23.43,U
sz002517,恺英网络,2025-10-20 09:31:39,23.5,78000,23.44,U
sz002517,恺英网络,2025-10-20 09:31:42,23.49,13500,23.5,D
sz002517,恺英网络,2025-10-20 09:31:45,23.5,43900,23.49,U
sz002517,恺英网络,2025-10-20 09:31:48,23.52,59300,23.5,U
sz002517,恺英网络,2025-10-20 09:31:51,23.53,16200,23.52,E
sz002517,恺英网络,2025-10-20 09:31:54,23.5,62500,23.53,D
sz002517,恺英网络,2025-10-20 09:31:57,23.55,33800,23.5,U
sz002517,恺英网络,2025-10-20 09:32:00,23.57,19700,23.55,E
sz002517,恺英网络,2025-10-20 09:32:03,23.58,16100,23.57,E
sz002517,恺英网络,2025-10-20 09:32:06,23.6,35000,23.58,U
sz002517,恺英网络,2025-10-20 09:32:09,23.61,23700,23.6,U
sz002517,恺英网络,2025-10-20 09:32:12,23.61,32200,23.61,U
sz002517,恺英网络,2025-10-20 09:32:15,23.58,32700,23.61,D
sz002517,恺英网络,2025-10-20 09:32:18,23.61,35000,23.58,U
sz002517,恺英网络,2025-10-20 09:32:21,23.56,28200,23.61,D
sz002517,恺英网络,2025-10-20 09:32:24,23.57,14100,23.56,U
sz002517,恺英网络,2025-10-20 09:32:27,23.58,38300,23.57,U
sz002517,恺英网络,2025-10-20 09:32:30,23.61,85200,23.58,U
sz002517,恺英网络,2025-10-20 09:32:33,23.64,9100,23.61,U
sz002517,恺英网络,2025-10-20 09:32:36,23.61,14900,23.64,D
sz002517,恺英网络,2025-10-20 09:32:39,23.59,74800,23.61,D
sz002517,恺英网络,2025-10-20 09:32:42,23.6,17000,23.59,U
sz002517,恺英网络,2025-10-20 09:32:45,23.58,10400,23.6,D
sz002517,恺英网络,2025-10-20 09:32:48,23.57,38700,23.58,D
sz002517,恺英网络,2025-10-20 09:32:51,23.57,26200,23.57,E
sz002517,恺英网络,2025-10-20 09:32:54,23.57,12200,23.57,U
sz002517,恺英网络,2025-10-20 09:32:57,23.6,113800,23.57,U
sz002517,恺英网络,2025-10-20 09:33:03,23.61,10400,23.6,E
sz002517,恺英网络,2025-10-20 09:33:06,23.64,29900,23.61,E
sz002517,恺英网络,2025-10-20 09:33:09,23.68,45800,23.64,U
sz002517,恺英网络,2025-10-20 09:33:12,23.66,53100,23.68,D
sz002517,恺英网络,2025-10-20 09:33:15,23.74,43100,23.66,U
sz002517,恺英网络,2025-10-20 09:33:18,23.74,21700,23.74,U
sz002517,恺英网络,2025-10-20 09:33:21,23.71,18000,23.74,D
sz002517,恺英网络,2025-10-20 09:33:24,23.71,45700,23.71,D
sz002517,恺英网络,2025-10-20 09:33:27,23.66,121000,23.71,D
sz002517,恺英网络,2025-10-20 09:33:30,23.75,94500,23.66,U
sz002517,恺英网络,2025-10-20 09:33:33,23.75,15600,23.75,U
sz002517,恺英网络,2025-10-20 09:33:36,23.77,192100,23.75,U
sz002517,恺英网络,2025-10-20 09:33:39,23.75,30000,23.77,D
sz002517,恺英网络,2025-10-20 09:33:42,23.75,32800,23.75,D
sz002517,恺英网络,2025-10-20 09:33:48,23.73,20300,23.73,U
sz002517,恺英网络,2025-10-20 09:33:51,23.71,23700,23.73,E
sz002517,恺英网络,2025-10-20 09:33:54,23.71,35200,23.71,U
sz002517,恺英网络,2025-10-20 09:33:57,23.71,38000,23.71,D
sz002517,恺英网络,2025-10-20 09:34:00,23.7,31900,23.71,D
sz002517,恺英网络,2025-10-20 09:34:03,23.7,38600,23.7,D
sz002517,恺英网络,2025-10-20 09:34:06,23.69,46400,23.7,D
sz002517,恺英网络,2025-10-20 09:34:09,23.69,18600,23.69,U
sz002517,恺英网络,2025-10-20 09:34:12,23.74,147500,23.69,U
sz002517,恺英网络,2025-10-20 09:34:15,23.74,36800,23.74,D
sz002517,恺英网络,2025-10-20 09:34:18,23.73,46100,23.74,D
sz002517,恺英网络,2025-10-20 09:34:21,23.72,20500,23.73,D
sz002517,恺英网络,2025-10-20 09:34:24,23.75,30000,23.72,U
sz002517,恺英网络,2025-10-20 09:34:27,23.7,20800,23.75,D
sz002517,恺英网络,2025-10-20 09:34:33,23.71,22700,23.72,D
sz002517,恺英网络,2025-10-20 09:34:36,23.71,36100,23.71,D
sz002517,恺英网络,2025-10-20 09:34:39,23.71,13300,23.71,U
sz002517,恺英网络,2025-10-20 09:34:42,23.71,13400,23.71,D
sz002517,恺英网络,2025-10-20 09:34:48,23.71,27600,23.71,U
sz002517,恺英网络,2025-10-20 09:34:51,23.71,32400,23.71,U
sz002517,恺英网络,2025-10-20 09:34:54,23.71,53100,23.71,D
sz002517,恺英网络,2025-10-20 09:35:06,23.69,42100,23.69,D
sz002517,恺英网络,2025-10-20 09:35:09,23.69,15800,23.69,D
sz002517,恺英网络,2025-10-20 09:35:12,23.68,22100,23.69,D
sz002517,恺英网络,2025-10-20 09:35:15,23.71,48900,23.68,U
sz002517,恺英网络,2025-10-20 09:35:18,23.7,37200,23.71,D
sz002517,恺英网络,2025-10-20 09:35:21,23.72,18600,23.7,U
sz002517,恺英网络,2025-10-20 09:35:24,23.71,39000,23.72,D
sz002517,恺英网络,2025-10-20 09:35:27,23.77,98436,23.71,U
sz002517,恺英网络,2025-10-20 09:35:30,23.78,36900,23.77,U
sz002517,恺英网络,2025-10-20 09:35:33,23.77,12700,23.78,E
sz002517,恺英网络,2025-10-20 09:35:36,23.76,8900,23.77,E
sz002517,恺英网络,2025-10-20 09:35:39,23.76,15000,23.76,D
sz002517,恺英网络,2025-10-20 09:35:42,23.77,108200,23.76,U
sz002517,恺英网络,2025-10-20 09:35:45,23.77,12200,23.77,D
sz002517,恺英网络,2025-10-20 09:35:48,23.77,20900,23.77,U
sz002517,恺英网络,2025-10-20 09:35:51,23.78,37200,23.77,E
sz002517,恺英网络,2025-10-20 09:35:54,23.8,91800,23.78,U
sz002517,恺英网络,2025-10-20 09:35:57,23.82,20700,23.8,U
sz002517,恺英网络,2025-10-20 09:36:00,23.83,11400,23.82,U
sz002517,恺英网络,2025-10-20 09:36:06,23.83,17900,23.83,U
sz002517,恺英网络,2025-10-20 09:36:09,23.83,122000,23.83,U
sz002517,恺英网络,2025-10-20 09:36:12,23.8,62600,23.83,D
sz002517,恺英网络,2025-10-20 09:36:15,23.7,47700,23.8,D
sz002517,恺英网络,2025-10-20 09:36:18,23.76,302400,23.7,E
sz002517,恺英网络,2025-10-20 09:36:21,23.78,66500,23.76,U
sz002517,恺英网络,2025-10-20 09:36:27,23.77,12600,23.76,U
sz002517,恺英网络,2025-10-20 09:36:30,23.76,12500,23.77,D
sz002517,恺英网络,2025-10-20 09:36:33,23.76,10900,23.76,U
sz002517,恺英网络,2025-10-20 09:36:39,23.74,23900,23.76,D
sz002517,恺英网络,2025-10-20 09:36:45,23.74,18700,23.75,U
sz002517,恺英网络,2025-10-20 09:36:48,23.78,104100,23.74,U
sz002517,恺英网络,2025-10-20 09:36:51,23.78,22100,23.78,E
sz002517,恺英网络,2025-10-20 09:36:54,23.8,9700,23.78,U
sz002517,恺英网络,2025-10-20 09:36:57,23.81,13800,23.8,U
sz002517,恺英网络,2025-10-20 09:37:00,23.8,8800,23.81,U
sz002517,恺英网络,2025-10-20 09:37:03,23.79,14200,23.8,D
sz002517,恺英网络,2025-10-20 09:37:06,23.8,12800,23.79,U
sz002517,恺英网络,2025-10-20 09:37:09,23.8,11500,23.8,U
sz002517,恺英网络,2025-10-20 09:37:12,23.81,56288,23.8,U
sz002517,恺英网络,2025-10-20 09:37:15,23.82,35500,23.81,U
sz002517,恺英网络,2025-10-20 09:37:18,23.82,83200,23.82,U
sz002517,恺英网络,2025-10-20 09:37:21,23.82,26100,23.82,U
sz002517,恺英网络,2025-10-20 09:37:27,23.82,24200,23.81,U
sz002517,恺英网络,2025-10-20 09:37:30,23.82,10600,23.82,U
sz002517,恺英网络,2025-10-20 09:37:33,23.82,19800,23.82,U
sz002517,恺英网络,2025-10-20 09:37:36,23.82,29200,23.82,D
sz002517,恺英网络,2025-10-20 09:37:39,23.82,15200,23.82,D
sz002517,恺英网络,2025-10-20 09:37:42,23.84,14200,23.82,U
sz002517,恺英网络,2025-10-20 09:37:45,23.84,11400,23.84,D
sz002517,恺英网络,2025-10-20 09:37:48,23.85,37700,23.84,U
sz002517,恺英网络,2025-10-20 09:37:51,23.87,68500,23.85,U
sz002517,恺英网络,2025-10-20 09:37:54,23.89,78600,23.87,U
sz002517,恺英网络,2025-10-20 09:37:57,23.92,95200,23.89,U
sz002517,恺英网络,2025-10-20 09:38:00,23.93,105900,23.92,U
sz002517,恺英网络,2025-10-20 09:38:03,23.91,56700,23.93,D
sz002517,恺英网络,2025-10-20 09:38:06,23.93,65100,23.91,U
sz002517,恺英网络,2025-10-20 09:38:09,23.88,90400,23.93,D
sz002517,恺英网络,2025-10-20 09:38:12,23.86,31700,23.88,D
sz002517,恺英网络,2025-10-20 09:38:15,23.87,13000,23.86,U
sz002517,恺英网络,2025-10-20 09:38:18,23.86,26600,23.87,E
sz002517,恺英网络,2025-10-20 09:38:21,23.86,18800,23.86,U
sz002517,恺英网络,2025-10-20 09:38:27,23.85,16400,23.85,D
sz002517,恺英网络,2025-10-20 09:38:30,23.84,13100,23.85,D
sz002517,恺英网络,2025-10-20 09:38:33,23.79,57612,23.84,D
sz002517,恺英网络,2025-10-20 09:38:36,23.8,16200,23.79,U
sz002517,恺英网络,2025-10-20 09:38:39,23.77,28900,23.8,E
sz002517,恺英网络,2025-10-20 09:38:42,23.78,8800,23.77,E
sz002517,恺英网络,2025-10-20 09:38:48,23.8,64600,23.76,U
sz002517,恺英网络,2025-10-20 09:38:51,23.82,31300,23.8,U
sz002517,恺英网络,2025-10-20 09:38:54,23.81,75200,23.82,D
sz002517,恺英网络,2025-10-20 09:38:57,23.8,26100,23.81,D
sz002517,恺英网络,2025-10-20 09:39:00,23.82,12000,23.8,E
sz002517,恺英网络,2025-10-20 09:39:03,23.81,8400,23.82,E
sz002517,恺英网络,2025-10-20 09:39:06,23.82,22500,23.81,U
sz002517,恺英网络,2025-10-20 09:39:09,23.81,12600,23.82,U
sz002517,恺英网络,2025-10-20 09:39:12,23.81,17400,23.81,D
sz002517,恺英网络,2025-10-20 09:39:15,23.89,152000,23.81,U
sz002517,恺英网络,2025-10-20 09:39:18,23.89,11000,23.89,U
sz002517,恺英网络,2025-10-20 09:39:21,23.9,28800,23.89,U
sz002517,恺英网络,2025-10-20 09:39:24,23.91,25400,23.9,U
sz002517,恺英网络,2025-10-20 09:39:30,23.9,11300,23.9,D
sz002517,恺英网络,2025-10-20 09:39:36,23.9,10500,23.9,U
sz002517,恺英网络,2025-10-20 09:39:39,23.9,10400,23.9,D
sz002517,恺英网络,2025-10-20 09:39:42,23.85,82800,23.9,D
sz002517,恺英网络,2025-10-20 09:39:48,23.82,34900,23.85,D
sz002517,恺英网络,2025-10-20 09:39:51,23.82,37900,23.82,D
sz002517,恺英网络,2025-10-20 09:39:54,23.82,27400,23.82,D
sz002517,恺英网络,2025-10-20 09:40:00,23.81,19000,23.82,D
sz002517,恺英网络,2025-10-20 09:40:03,23.81,19900,23.81,D
sz002517,恺英网络,2025-10-20 09:40:06,23.81,15600,23.81,U
sz002517,恺英网络,2025-10-20 09:40:09,23.81,30600,23.81,U
sz002517,恺英网络,2025-10-20 09:40:12,23.79,57700,23.81,D
sz002517,恺英网络,2025-10-20 09:40:15,23.81,12900,23.79,U
sz002517,恺英网络,2025-10-20 09:40:21,23.82,14200,23.81,U
sz002517,恺英网络,2025-10-20 09:40:27,23.81,9400,23.81,D
sz002517,恺英网络,2025-10-20 09:40:30,23.81,15500,23.81,D
sz002517,恺英网络,2025-10-20 09:40:33,23.81,14600,23.81,D
sz002517,恺英网络,2025-10-20 09:40:39,23.79,80600,23.81,D
sz002517,恺英网络,2025-10-20 09:40:42,23.8,10400,23.79,U
sz002517,恺英网络,2025-10-20 09:40:48,23.78,17400,23.78,U
sz002517,恺英网络,2025-10-20 09:40:54,23.82,125300,23.78,U
sz002517,恺英网络,2025-10-20 09:40:57,23.86,22800,23.82,U
sz002517,恺英网络,2025-10-20 09:41:00,23.83,32900,23.86,D
sz002517,恺英网络,2025-10-20 09:41:06,23.83,10700,23.86,D
sz002517,恺英网络,2025-10-20 09:41:09,23.84,20700,23.83,D
sz002517,恺英网络,2025-10-20 09:41:12,23.84,17700,23.84,D
sz002517,恺英网络,2025-10-20 09:41:15,23.84,13600,23.84,U
sz002517,恺英网络,2025-10-20 09:41:18,23.83,10700,23.84,D
sz002517,恺英网络,2025-10-20 09:41:21,23.79,46600,23.83,D
sz002517,恺英网络,2025-10-20 09:41:24,23.79,30700,23.79,U
sz002517,恺英网络,2025-10-20 09:41:27,23.81,15600,23.79,U
sz002517,恺英网络,2025-10-20 09:41:42,23.77,8700,23.78,D
sz002517,恺英网络,2025-10-20 09:41:48,23.78,12800,23.77,U
sz002517,恺英网络,2025-10-20 09:41:51,23.78,35100,23.78,U
sz002517,恺英网络,2025-10-20 09:41:54,23.79,17900,23.78,U
sz002517,恺英网络,2025-10-20 09:42:03,23.75,29400,23.76,D
sz002517,恺英网络,2025-10-20 09:42:09,23.7,13500,23.75,D
sz002517,恺英网络,2025-10-20 09:42:12,23.69,9000,23.7,D
sz002517,恺英网络,2025-10-20 09:42:15,23.69,41700,23.69,U
sz002517,恺英网络,2025-10-20 09:42:18,23.68,20200,23.69,D
sz002517,恺英网络,2025-10-20 09:42:21,23.7,85400,23.68,U
sz002517,恺英网络,2025-10-20 09:42:24,23.71,10900,23.7,E
sz002517,恺英网络,2025-10-20 09:42:30,23.74,11200,23.72,U
sz002517,恺英网络,2025-10-20 09:42:36,23.75,21700,23.72,U
sz002517,恺英网络,2025-10-20 09:42:48,23.77,37700,23.77,U
sz002517,恺英网络,2025-10-20 09:43:09,23.74,22900,23.75,D
sz002517,恺英网络,2025-10-20 09:43:12,23.74,16700,23.74,D
sz002517,恺英网络,2025-10-20 09:43:18,23.71,18100,23.74,D
sz002517,恺英网络,2025-10-20 09:43:24,23.71,8700,23.71,D
sz002517,恺英网络,2025-10-20 09:43:33,23.71,26100,23.7,U
sz002517,恺英网络,2025-10-20 09:43:36,23.71,11200,23.71,U
sz002517,恺英网络,2025-10-20 09:43:39,23.69,9600,23.71,D
sz002517,恺英网络,2025-10-20 09:43:42,23.69,31500,23.69,D
sz002517,恺英网络,2025-10-20 09:43:45,23.71,43800,23.69,U
sz002517,恺英网络,2025-10-20 09:43:48,23.74,15300,23.71,U
sz002517,恺英网络,2025-10-20 09:43:51,23.72,24500,23.74,D
sz002517,恺英网络,2025-10-20 09:43:57,23.74,30200,23.73,E
sz002517,恺英网络,2025-10-20 09:44:00,23.75,45100,23.74,U
sz002517,恺英网络,2025-10-20 09:44:03,23.76,10100,23.75,U
sz002517,恺英网络,2025-10-20 09:44:06,23.75,15300,23.76,D
sz002517,恺英网络,2025-10-20 09:44:09,23.75,46400,23.75,U
sz002517,恺英网络,2025-10-20 09:44:15,23.74,36600,23.74,U
sz002517,恺英网络,2025-10-20 09:44:18,23.72,46400,23.74,D
sz002517,恺英网络,2025-10-20 09:44:24,23.71,39200,23.74,D
sz002517,恺英网络,2025-10-20 09:44:30,23.7,27900,23.72,D
sz002517,恺英网络,2025-10-20 09:44:33,23.69,12100,23.7,E
sz002517,恺英网络,2025-10-20 09:44:39,23.68,26500,23.68,D
sz002517,恺英网络,2025-10-20 09:44:42,23.76,48700,23.68,U
sz002517,恺英网络,2025-10-20 09:44:48,23.75,21100,23.75,U
sz002517,恺英网络,2025-10-20 09:44:54,23.76,59300,23.76,U
sz002517,恺英网络,2025-10-20 09:44:57,23.84,85000,23.76,U
sz002517,恺英网络,2025-10-20 09:45:03,23.81,37500,23.82,D
sz002517,恺英网络,2025-10-20 09:45:09,23.83,9500,23.84,E
sz002517,恺英网络,2025-10-20 09:45:12,23.77,47400,23.83,D
sz002517,恺英网络,2025-10-20 09:45:15,23.73,31100,23.77,D
sz002517,恺英网络,2025-10-20 09:45:18,23.77,41500,23.73,U
sz002517,恺英网络,2025-10-20 09:45:21,23.76,94200,23.77,D
sz002517,恺英网络,2025-10-20 09:45:24,23.73,90200,23.76,E
sz002517,恺英网络,2025-10-20 09:45:27,23.74,9200,23.73,E
sz002517,恺英网络,2025-10-20 09:45:30,23.76,10000,23.74,U
sz002517,恺英网络,2025-10-20 09:45:42,23.76,10800,23.76,U
sz002517,恺英网络,2025-10-20 09:45:45,23.79,24600,23.76,U
sz002517,恺英网络,2025-10-20 09:45:48,23.8,10600,23.79,U
sz002517,恺英网络,2025-10-20 09:45:51,23.79,9200,23.8,D
sz002517,恺英网络,2025-10-20 09:45:57,23.8,18000,23.79,U
sz002517,恺英网络,2025-10-20 09:46:00,23.81,8500,23.8,E
sz002517,恺英网络,2025-10-20 09:46:06,23.81,8900,23.82,E
sz002517,恺英网络,2025-10-20 09:46:12,23.81,8700,23.8,U
sz002517,恺英网络,2025-10-20 09:46:15,23.81,20700,23.81,U
sz002517,恺英网络,2025-10-20 09:46:18,23.8,24000,23.81,E
sz002517,恺英网络,2025-10-20 09:46:27,23.8,36900,23.8,D
sz002517,恺英网络,2025-10-20 09:46:30,23.8,19800,23.8,U
sz002517,恺英网络,2025-10-20 09:46:33,23.83,14700,23.8,U
sz002517,恺英网络,2025-10-20 09:46:36,23.87,134800,23.83,U
sz002517,恺英网络,2025-10-20 09:46:39,23.86,19300,23.87,D
sz002517,恺英网络,2025-10-20 09:46:42,23.87,10700,23.86,D
sz002517,恺英网络,2025-10-20 09:46:48,23.88,31500,23.87,U
sz002517,恺英网络,2025-10-20 09:46:54,23.93,134300,23.89,U
sz002517,恺英网络,2025-10-20 09:46:57,23.91,38200,23.93,D
sz002517,恺英网络,2025-10-20 09:47:00,23.91,11200,23.91,D
sz002517,恺英网络,2025-10-20 09:47:03,23.94,32400,23.91,U
sz002517,恺英网络,2025-10-20 09:47:06,23.93,31600,23.94,E
sz002517,恺英网络,2025-10-20 09:47:09,23.93,24300,23.93,D
sz002517,恺英网络,2025-10-20 09:47:12,23.95,21300,23.93,U
sz002517,恺英网络,2025-10-20 09:47:15,23.94,60800,23.95,D
sz002517,恺英网络,2025-10-20 09:47:18,23.94,23800,23.94,D
sz002517,恺英网络,2025-10-20 09:47:21,23.93,36700,23.94,D
sz002517,恺英网络,2025-10-20 09:47:24,23.94,38900,23.93,U
sz002517,恺英网络,2025-10-20 09:47:30,23.92,14000,23.92,D
sz002517,恺英网络,2025-10-20 09:47:33,23.91,42600,23.92,D
sz002517,恺英网络,2025-10-20 09:47:36,23.93,14100,23.91,U
sz002517,恺英网络,2025-10-20 09:47:39,23.93,8700,23.93,D
sz002517,恺英网络,2025-10-20 09:47:45,23.94,9900,23.93,U
sz002517,恺英网络,2025-10-20 09:47:48,23.95,43400,23.94,U
sz002517,恺英网络,2025-10-20 09:47:57,23.91,47800,23.94,D
sz002517,恺英网络,2025-10-20 09:48:00,23.91,35200,23.91,D
sz002517,恺英网络,2025-10-20 09:48:12,23.88,27800,23.88,D
sz002517,恺英网络,2025-10-20 09:48:15,23.9,34100,23.88,U
sz002517,恺英网络,2025-10-20 09:48:18,23.92,26600,23.9,U
sz002517,恺英网络,2025-10-20 09:48:21,23.91,10300,23.92,D
sz002517,恺英网络,2025-10-20 09:48:27,23.92,32100,23.92,U
sz002517,恺英网络,2025-10-20 09:48:30,23.92,17900,23.92,U
sz002517,恺英网络,2025-10-20 09:48:33,23.9,8600,23.92,D
sz002517,恺英网络,2025-10-20 09:48:36,23.92,19800,23.9,U
sz002517,恺英网络,2025-10-20 09:48:39,23.92,33700,23.92,U
sz002517,恺英网络,2025-10-20 09:48:45,23.92,14200,23.91,U
sz002517,恺英网络,2025-10-20 09:48:48,23.91,36500,23.92,D
sz002517,恺英网络,2025-10-20 09:48:51,23.91,13800,23.91,U
sz002517,恺英网络,2025-10-20 09:49:00,23.91,11500,23.91,U
sz002517,恺英网络,2025-10-20 09:49:06,23.91,9600,23.91,U
sz002517,恺英网络,2025-10-20 09:49:09,23.91,17500,23.91,U
sz002517,恺英网络,2025-10-20 09:49:12,23.91,12600,23.91,D
sz002517,恺英网络,2025-10-20 09:49:15,23.91,10400,23.91,U
sz002517,恺英网络,2025-10-20 09:49:21,23.91,68800,23.9,U
sz002517,恺英网络,2025-10-20 09:49:24,23.92,13300,23.91,U
sz002517,恺英网络,2025-10-20 09:49:27,23.91,12900,23.92,D
sz002517,恺英网络,2025-10-20 09:49:30,23.91,28000,23.91,D
sz002517,恺英网络,2025-10-20 09:49:33,23.88,80900,23.91,D
sz002517,恺英网络,2025-10-20 09:49:36,23.93,34300,23.88,U
sz002517,恺英网络,2025-10-20 09:49:39,23.88,32500,23.93,U
sz002517,恺英网络,2025-10-20 09:49:42,23.87,51200,23.88,D
sz002517,恺英网络,2025-10-20 09:49:45,23.86,12200,23.87,D
sz002517,恺英网络,2025-10-20 09:49:48,23.89,29000,23.86,U
sz002517,恺英网络,2025-10-20 09:49:54,23.86,9100,23.86,U
sz002517,恺英网络,2025-10-20 09:49:57,23.85,24800,23.86,D
sz002517,恺英网络,2025-10-20 09:50:00,23.86,10800,23.85,D
sz002517,恺英网络,2025-10-20 09:50:12,23.88,14600,23.88,D
sz002517,恺英网络,2025-10-20 09:50:15,23.83,51500,23.88,D
sz002517,恺英网络,2025-10-20 09:50:18,23.8,25500,23.83,D
sz002517,恺英网络,2025-10-20 09:50:21,23.84,24400,23.8,U
sz002517,恺英网络,2025-10-20 09:50:33,23.83,23300,23.84,D
sz002517,恺英网络,2025-10-20 09:50:42,23.84,22200,23.86,D
sz002517,恺英网络,2025-10-20 09:50:48,23.86,11400,23.84,U
sz002517,恺英网络,2025-10-20 09:50:51,23.88,15500,23.86,U
sz002517,恺英网络,2025-10-20 09:50:57,23.89,22400,23.9,D
sz002517,恺英网络,2025-10-20 09:51:00,23.9,28600,23.89,U
sz002517,恺英网络,2025-10-20 09:51:09,23.92,13000,23.9,U
sz002517,恺英网络,2025-10-20 09:51:18,23.9,8500,23.91,D
sz002517,恺英网络,2025-10-20 09:51:27,23.91,9300,23.9,U
sz002517,恺英网络,2025-10-20 09:51:42,23.91,15812,23.91,U
sz002517,恺英网络,2025-10-20 09:51:48,23.92,10500,23.92,U
sz002517,恺英网络,2025-10-20 09:51:51,23.91,16200,23.92,D
sz002517,恺英网络,2025-10-20 09:52:00,23.9,14588,23.9,D
sz002517,恺英网络,2025-10-20 09:52:15,23.88,71300,23.9,D
sz002517,恺英网络,2025-10-20 09:52:18,23.88,24800,23.88,D
sz002517,恺英网络,2025-10-20 09:52:27,23.89,17200,23.88,U
sz002517,恺英网络,2025-10-20 09:52:33,23.9,9600,23.89,E
sz002517,恺英网络,2025-10-20 09:52:48,23.9,13400,23.9,U
sz002517,恺英网络,2025-10-20 09:52:51,23.9,10900,23.9,U
sz002517,恺英网络,2025-10-20 09:52:57,23.89,10200,23.9,D
sz002517,恺英网络,2025-10-20 09:53:00,23.9,54700,23.89,U
sz002517,恺英网络,2025-10-20 09:53:03,23.92,45600,23.9,U
sz002517,恺英网络,2025-10-20 09:53:06,23.9,11800,23.92,D
sz002517,恺英网络,2025-10-20 09:53:09,23.92,16200,23.9,U
sz002517,恺英网络,2025-10-20 09:53:12,23.93,10200,23.92,U
sz002517,恺英网络,2025-10-20 09:53:18,23.92,19900,23.93,D
sz002517,恺英网络,2025-10-20 09:53:21,23.93,16000,23.92,U
sz002517,恺英网络,2025-10-20 09:53:24,23.92,15600,23.93,E
sz002517,恺英网络,2025-10-20 09:53:27,23.93,9200,23.92,D
sz002517,恺英网络,2025-10-20 09:53:48,23.98,551300,23.93,U
sz002517,恺英网络,2025-10-20 09:53:51,23.95,115800,23.98,D
sz002517,恺英网络,2025-10-20 09:53:54,23.96,116300,23.95,E
sz002517,恺英网络,2025-10-20 09:54:03,23.95,20000,23.96,D
sz002517,恺英网络,2025-10-20 09:54:06,23.94,9800,23.95,D
sz002517,恺英网络,2025-10-20 09:54:09,23.94,9900,23.94,U
sz002517,恺英网络,2025-10-20 09:54:15,23.94,60500,23.94,U
sz002517,恺英网络,2025-10-20 09:54:18,23.92,8800,23.94,D
sz002517,恺英网络,2025-10-20 09:54:33,23.96,13300,23.93,U
sz002517,恺英网络,2025-10-20 09:54:36,23.96,10700,23.96,U
sz002517,恺英网络,2025-10-20 09:54:39,23.97,32000,23.96,U
sz002517,恺英网络,2025-10-20 09:54:42,23.97,31400,23.97,D
sz002517,恺英网络,2025-10-20 09:54:45,23.99,9400,23.97,E
sz002517,恺英网络,2025-10-20 09:54:48,24.0,10100,23.99,U
sz002517,恺英网络,2025-10-20 09:54:51,24.0,101200,24.0,U
sz002517,恺英网络,2025-10-20 09:54:54,24.0,49400,24.0,U
sz002517,恺英网络,2025-10-20 09:54:57,24.0,11700,24.0,U
sz002517,恺英网络,2025-10-20 09:55:00,24.0,44500,24.0,U
sz002517,恺英网络,2025-10-20 09:55:06,24.01,11900,24.0,U
sz002517,恺英网络,2025-10-20 09:55:09,24.01,19300,24.01,U
sz002517,恺英网络,2025-10-20 09:55:18,23.99,9800,24.0,D
sz002517,恺英网络,2025-10-20 09:55:21,24.0,32800,23.99,U
sz002517,恺英网络,2025-10-20 09:55:24,23.99,49200,24.0,D
sz002517,恺英网络,2025-10-20 09:55:27,24.0,23500,23.99,U
sz002517,恺英网络,2025-10-20 09:55:30,23.98,17700,24.0,U
sz002517,恺英网络,2025-10-20 09:55:33,23.99,10200,23.98,U
sz002517,恺英网络,2025-10-20 09:55:36,24.0,12600,23.99,U
sz002517,恺英网络,2025-10-20 09:55:39,24.0,26200,24.0,U
sz002517,恺英网络,2025-10-20 09:55:42,24.01,119000,24.0,U
sz002517,恺英网络,2025-10-20 09:55:45,24.07,50500,24.01,U
sz002517,恺英网络,2025-10-20 09:55:48,24.07,28600,24.07,U
sz002517,恺英网络,2025-10-20 09:55:57,24.06,9500,24.06,D
sz002517,恺英网络,2025-10-20 09:56:00,24.08,21700,24.06,U
sz002517,恺英网络,2025-10-20 09:56:09,24.07,10000,24.07,D
sz002517,恺英网络,2025-10-20 09:56:12,24.08,24400,24.07,U
sz002517,恺英网络,2025-10-20 09:56:18,24.08,35500,24.07,U
sz002517,恺英网络,2025-10-20 09:56:21,24.08,22200,24.08,U
sz002517,恺英网络,2025-10-20 09:56:24,24.07,14200,24.08,D
sz002517,恺英网络,2025-10-20 09:56:27,24.07,24300,24.07,D
sz002517,恺英网络,2025-10-20 09:56:30,24.08,17700,24.07,U
sz002517,恺英网络,2025-10-20 09:56:33,24.07,15800,24.08,D
sz002517,恺英网络,2025-10-20 09:56:36,24.05,51700,24.07,D
sz002517,恺英网络,2025-10-20 09:56:39,24.05,19200,24.05,U
sz002517,恺英网络,2025-10-20 09:56:42,24.06,34700,24.05,U
sz002517,恺英网络,2025-10-20 09:56:45,24.06,19900,24.06,D
sz002517,恺英网络,2025-10-20 09:56:48,24.07,15500,24.06,U
sz002517,恺英网络,2025-10-20 09:56:51,24.06,11700,24.07,D
sz002517,恺英网络,2025-10-20 09:56:54,24.06,21600,24.06,D
sz002517,恺英网络,2025-10-20 09:56:57,24.06,19300,24.06,D
sz002517,恺英网络,2025-10-20 09:57:00,24.07,13000,24.06,E
sz002517,恺英网络,2025-10-20 09:57:12,24.08,14200,24.07,U
sz002517,恺英网络,2025-10-20 09:57:18,24.07,11000,24.08,D
sz002517,恺英网络,2025-10-20 09:57:21,24.09,16100,24.07,U
sz002517,恺英网络,2025-10-20 09:57:24,24.1,12900,24.09,U
sz002517,恺英网络,2025-10-20 09:57:27,24.1,8900,24.1,U
sz002517,恺英网络,2025-10-20 09:57:30,24.1,18000,24.1,U
sz002517,恺英网络,2025-10-20 09:57:36,24.1,18800,24.09,U
sz002517,恺英网络,2025-10-20 09:57:39,24.05,93400,24.1,D
sz002517,恺英网络,2025-10-20 09:57:42,24.06,13800,24.05,U
sz002517,恺英网络,2025-10-20 09:57:48,24.05,25400,24.04,E
sz002517,恺英网络,2025-10-20 09:58:00,23.98,82533,24.06,D
sz002517,恺英网络,2025-10-20 09:58:03,24.01,46700,23.98,E
sz002517,恺英网络,2025-10-20 09:58:15,24.0,9300,24.0,U
sz002517,恺英网络,2025-10-20 09:58:18,24.0,21900,24.0,E
sz002517,恺英网络,2025-10-20 09:58:27,24.03,19865,24.02,U
sz002517,恺英网络,2025-10-20 09:58:30,24.05,10700,24.03,U
sz002517,恺英网络,2025-10-20 09:58:42,24.04,34400,24.03,U
sz002517,恺英网络,2025-10-20 09:58:45,24.01,19400,24.04,D
sz002517,恺英网络,2025-10-20 09:58:48,24.02,8400,24.01,U
sz002517,恺英网络,2025-10-20 09:59:00,24.04,12700,24.02,U
sz002517,恺英网络,2025-10-20 09:59:03,24.03,12400,24.04,D
sz002517,恺英网络,2025-10-20 09:59:12,24.02,26900,24.02,D
sz002517,恺英网络,2025-10-20 09:59:15,24.0,37735,24.02,D
sz002517,恺英网络,2025-10-20 09:59:21,24.0,17500,24.02,D
sz002517,恺英网络,2025-10-20 09:59:24,24.0,25500,24.0,D
sz002517,恺英网络,2025-10-20 09:59:33,24.01,11100,23.99,U
sz002517,恺英网络,2025-10-20 09:59:45,24.0,55600,23.99,U
sz002517,恺英网络,2025-10-20 09:59:54,24.03,9800,24.03,U
sz002517,恺英网络,2025-10-20 10:00:09,24.09,12800,24.08,U
sz002517,恺英网络,2025-10-20 10:00:12,24.1,9300,24.09,U
sz002517,恺英网络,2025-10-20 10:00:15,24.1,16300,24.1,U
sz002517,恺英网络,2025-10-20 10:00:18,24.06,42800,24.1,D
sz002517,恺英网络,2025-10-20 10:00:21,24.03,42200,24.06,D
sz002517,恺英网络,2025-10-20 10:00:39,23.99,39200,24.01,D
sz002517,恺英网络,2025-10-20 10:00:48,24.0,15600,23.98,U
sz002517,恺英网络,2025-10-20 10:00:51,24.01,8400,24.0,E
sz002517,恺英网络,2025-10-20 10:00:57,23.99,26200,23.99,D
sz002517,恺英网络,2025-10-20 10:01:03,24.02,21800,23.99,U
sz002517,恺英网络,2025-10-20 10:01:09,24.03,25700,24.01,U
sz002517,恺英网络,2025-10-20 10:01:15,24.07,10700,24.06,E
sz002517,恺英网络,2025-10-20 10:01:33,24.03,13900,24.04,D
sz002517,恺英网络,2025-10-20 10:01:39,24.05,101400,24.04,U
sz002517,恺英网络,2025-10-20 10:01:42,24.07,12400,24.05,E
sz002517,恺英网络,2025-10-20 10:01:45,24.02,9700,24.07,D
sz002517,恺英网络,2025-10-20 10:01:48,24.08,57200,24.02,U
sz002517,恺英网络,2025-10-20 10:01:51,24.08,14400,24.08,D
sz002517,恺英网络,2025-10-20 10:01:57,24.07,59800,24.08,E
sz002517,恺英网络,2025-10-20 10:02:12,24.05,11700,24.05,U
sz002517,恺英网络,2025-10-20 10:02:15,24.04,8600,24.05,D
sz002517,恺英网络,2025-10-20 10:02:18,24.05,8900,24.04,E
sz002517,恺英网络,2025-10-20 10:02:45,24.07,18600,24.05,U
sz002517,恺英网络,2025-10-20 10:02:48,24.09,8500,24.07,U
sz002517,恺英网络,2025-10-20 10:02:57,24.08,13800,24.1,D
sz002517,恺英网络,2025-10-20 10:03:00,24.07,20700,24.08,D
sz002517,恺英网络,2025-10-20 10:03:06,24.08,9000,24.09,E
sz002517,恺英网络,2025-10-20 10:03:09,24.08,11300,24.08,U
sz002517,恺英网络,2025-10-20 10:03:12,24.09,13100,24.08,U
sz002517,恺英网络,2025-10-20 10:03:21,24.05,69000,24.08,D
sz002517,恺英网络,2025-10-20 10:03:27,24.02,26600,24.02,D
sz002517,恺英网络,2025-10-20 10:03:33,24.01,51600,24.02,D
sz002517,恺英网络,2025-10-20 10:03:36,24.03,10300,24.01,U
sz002517,恺英网络,2025-10-20 10:03:45,23.98,74900,24.02,D
sz002517,恺英网络,2025-10-20 10:03:54,23.98,9700,24.0,D
sz002517,恺英网络,2025-10-20 10:04:21,24.01,8500,24.01,D
sz002517,恺英网络,2025-10-20 10:04:30,24.0,20200,24.0,D
sz002517,恺英网络,2025-10-20 10:04:33,24.02,10300,24.0,U
sz002517,恺英网络,2025-10-20 10:04:39,24.0,10600,24.02,D
sz002517,恺英网络,2025-10-20 10:04:48,24.02,9500,24.02,U
sz002517,恺英网络,2025-10-20 10:04:51,24.03,20900,24.02,U
sz002517,恺英网络,2025-10-20 10:04:57,24.03,9200,24.02,U
sz002517,恺英网络,2025-10-20 10:05:00,24.04,8900,24.03,U
sz002517,恺英网络,2025-10-20 10:05:03,24.07,17900,24.04,U
sz002517,恺英网络,2025-10-20 10:05:06,24.09,26700,24.07,U
sz002517,恺英网络,2025-10-20 10:05:09,24.06,597800,24.09,D
sz002517,恺英网络,2025-10-20 10:05:15,24.04,34900,24.06,D
sz002517,恺英网络,2025-10-20 10:05:18,24.01,22000,24.04,D
sz002517,恺英网络,2025-10-20 10:05:27,23.97,33100,23.98,D
sz002517,恺英网络,2025-10-20 10:05:30,23.97,27600,23.97,E
sz002517,恺英网络,2025-10-20 10:05:42,23.92,32100,23.97,D
sz002517,恺英网络,2025-10-20 10:05:48,23.95,10700,23.95,U
sz002517,恺英网络,2025-10-20 10:05:57,23.95,14600,23.96,E
sz002517,恺英网络,2025-10-20 10:06:03,23.96,74100,23.95,U
sz002517,恺英网络,2025-10-20 10:06:06,23.95,20000,23.96,D
sz002517,恺英网络,2025-10-20 10:06:15,24.0,14500,23.97,U
sz002517,恺英网络,2025-10-20 10:06:27,23.97,26700,23.97,D
sz002517,恺英网络,2025-10-20 10:06:30,23.96,8400,23.97,D
sz002517,恺英网络,2025-10-20 10:06:45,23.95,16700,23.95,D
sz002517,恺英网络,2025-10-20 10:06:48,23.96,10600,23.95,U
sz002517,恺英网络,2025-10-20 10:06:57,23.95,11900,23.95,U
sz002517,恺英网络,2025-10-20 10:07:00,23.96,13400,23.95,E
sz002517,恺英网络,2025-10-20 10:07:18,23.99,9200,23.97,U
sz002517,恺英网络,2025-10-20 10:07:27,23.98,9700,23.99,D
sz002517,恺英网络,2025-10-20 10:07:33,23.97,68800,23.98,D
sz002517,恺英网络,2025-10-20 10:07:45,23.96,11100,23.95,U
sz002517,恺英网络,2025-10-20 10:08:00,23.94,20300,23.94,D
sz002517,恺英网络,2025-10-20 10:08:21,23.9,9700,23.91,D
sz002517,恺英网络,2025-10-20 10:08:33,23.88,11700,23.88,D
sz002517,恺英网络,2025-10-20 10:08:36,23.88,16900,23.88,D
sz002517,恺英网络,2025-10-20 10:08:42,23.87,174000,23.87,D
sz002517,恺英网络,2025-10-20 10:08:48,23.87,12600,23.87,U
sz002517,恺英网络,2025-10-20 10:08:57,23.86,19700,23.87,D
sz002517,恺英网络,2025-10-20 10:09:06,23.88,15400,23.87,U
sz002517,恺英网络,2025-10-20 10:09:24,23.89,19700,23.89,U
sz002517,恺英网络,2025-10-20 10:09:27,23.88,35100,23.89,D
sz002517,恺英网络,2025-10-20 10:09:33,23.88,15100,23.88,D
sz002517,恺英网络,2025-10-20 10:09:39,23.86,109700,23.89,D
sz002517,恺英网络,2025-10-20 10:09:48,23.85,8900,23.85,U
sz002517,恺英网络,2025-10-20 10:10:12,23.85,41200,23.86,D
sz002517,恺英网络,2025-10-20 10:10:18,23.85,14300,23.85,U
sz002517,恺英网络,2025-10-20 10:10:33,23.85,12600,23.84,U
sz002517,恺英网络,2025-10-20 10:10:48,23.9,47500,23.87,U
sz002517,恺英网络,2025-10-20 10:10:57,23.92,9600,23.89,U
sz002517,恺英网络,2025-10-20 10:11:09,23.91,18200,23.91,D
sz002517,恺英网络,2025-10-20 10:11:12,23.91,11500,23.91,D
sz002517,恺英网络,2025-10-20 10:11:39,23.93,10400,23.93,U
sz002517,恺英网络,2025-10-20 10:11:48,23.92,18900,23.92,U
sz002517,恺英网络,2025-10-20 10:12:00,23.92,10500,23.92,D
sz002517,恺英网络,2025-10-20 10:12:12,23.9,10000,23.91,D
sz002517,恺英网络,2025-10-20 10:12:24,23.91,13400,23.91,U
sz002517,恺英网络,2025-10-20 10:12:27,23.94,29800,23.91,U
sz002517,恺英网络,2025-10-20 10:12:39,23.98,8400,23.95,U
sz002517,恺英网络,2025-10-20 10:12:48,23.98,11400,23.95,U
sz002517,恺英网络,2025-10-20 10:13:24,23.98,15500,23.98,D
sz002517,恺英网络,2025-10-20 10:13:27,23.99,11700,23.98,U
sz002517,恺英网络,2025-10-20 10:13:30,23.98,12800,23.99,E
sz002517,恺英网络,2025-10-20 10:13:36,23.97,58000,23.99,D
sz002517,恺英网络,2025-10-20 10:13:39,23.99,27100,23.97,U
sz002517,恺英网络,2025-10-20 10:13:45,23.97,9700,23.99,E
sz002517,恺英网络,2025-10-20 10:13:48,23.98,14500,23.97,E
sz002517,恺英网络,2025-10-20 10:13:54,23.96,26100,23.98,D
sz002517,恺英网络,2025-10-20 10:13:57,23.95,13300,23.96,D
sz002517,恺英网络,2025-10-20 10:14:00,23.96,15700,23.95,U
sz002517,恺英网络,2025-10-20 10:14:06,23.97,13000,23.94,U
sz002517,恺英网络,2025-10-20 10:14:09,23.96,10900,23.97,D
sz002517,恺英网络,2025-10-20 10:14:15,23.97,10900,23.97,U
sz002517,恺英网络,2025-10-20 10:14:30,23.95,10900,23.95,D
sz002517,恺英网络,2025-10-20 10:14:33,23.96,13800,23.95,U
sz002517,恺英网络,2025-10-20 10:14:39,23.96,11300,23.95,U
sz002517,恺英网络,2025-10-20 10:14:42,23.95,12600,23.96,E
sz002517,恺英网络,2025-10-20 10:14:45,23.95,11500,23.95,D
sz002517,恺英网络,2025-10-20 10:14:48,23.97,15600,23.95,U
sz002517,恺英网络,2025-10-20 10:14:54,24.01,90800,23.97,U
sz002517,恺英网络,2025-10-20 10:14:57,24.06,34000,24.01,U
sz002517,恺英网络,2025-10-20 10:15:00,24.08,48400,24.06,U
sz002517,恺英网络,2025-10-20 10:15:03,24.08,32600,24.08,U
sz002517,恺英网络,2025-10-20 10:15:06,24.08,19700,24.08,U
sz002517,恺英网络,2025-10-20 10:15:09,24.08,18600,24.08,U
sz002517,恺英网络,2025-10-20 10:15:15,24.03,23200,24.07,D
sz002517,恺英网络,2025-10-20 10:15:18,24.02,22100,24.03,D
sz002517,恺英网络,2025-10-20 10:15:30,23.99,9400,23.99,D
sz002517,恺英网络,2025-10-20 10:15:39,24.02,12700,23.99,U
sz002517,恺英网络,2025-10-20 10:15:48,24.03,9700,24.02,U
sz002517,恺英网络,2025-10-20 10:15:57,24.03,8700,24.03,U
sz002517,恺英网络,2025-10-20 10:16:00,24.02,19700,24.03,D
sz002517,恺英网络,2025-10-20 10:16:03,24.03,11100,24.02,U
sz002517,恺英网络,2025-10-20 10:16:06,24.04,17600,24.03,E
sz002517,恺英网络,2025-10-20 10:16:24,24.06,116800,24.06,D
sz002517,恺英网络,2025-10-20 10:16:27,24.06,45100,24.06,D
sz002517,恺英网络,2025-10-20 10:16:30,24.06,19800,24.06,D
sz002517,恺英网络,2025-10-20 10:16:33,24.06,29400,24.06,U
sz002517,恺英网络,2025-10-20 10:16:45,24.06,21700,24.06,D
sz002517,恺英网络,2025-10-20 10:16:54,24.06,27000,24.07,D
sz002517,恺英网络,2025-10-20 10:16:57,24.04,154300,24.06,D
sz002517,恺英网络,2025-10-20 10:17:00,24.05,10100,24.04,U
sz002517,恺英网络,2025-10-20 10:17:15,24.05,8900,24.05,U
sz002517,恺英网络,2025-10-20 10:17:18,24.04,11500,24.05,D
sz002517,恺英网络,2025-10-20 10:17:30,24.03,22900,24.04,D
sz002517,恺英网络,2025-10-20 10:17:33,24.03,9600,24.03,D
sz002517,恺英网络,2025-10-20 10:17:48,24.04,9500,24.03,U
sz002517,恺英网络,2025-10-20 10:17:57,24.03,43100,24.05,D
sz002517,恺英网络,2025-10-20 10:18:03,24.0,16000,24.03,D
sz002517,恺英网络,2025-10-20 10:18:06,24.01,8400,24.0,U
sz002517,恺英网络,2025-10-20 10:18:39,24.0,23200,23.97,U
sz002517,恺英网络,2025-10-20 10:18:45,23.97,13900,23.96,U
sz002517,恺英网络,2025-10-20 10:18:51,23.98,13800,23.98,D
sz002517,恺英网络,2025-10-20 10:18:54,23.98,8800,23.98,D
sz002517,恺英网络,2025-10-20 10:19:00,23.96,81700,23.98,D
sz002517,恺英网络,2025-10-20 10:19:09,23.96,18100,23.96,D
sz002517,恺英网络,2025-10-20 10:19:21,23.97,9800,23.98,D
sz002517,恺英网络,2025-10-20 10:19:24,23.97,9300,23.97,D
sz002517,恺英网络,2025-10-20 10:19:30,23.95,15900,23.98,D
sz002517,恺英网络,2025-10-20 10:19:33,23.98,21800,23.95,U
sz002517,恺英网络,2025-10-20 10:19:36,24.0,43900,23.98,U
sz002517,恺英网络,2025-10-20 10:19:39,24.0,9700,24.0,D
sz002517,恺英网络,2025-10-20 10:19:57,24.01,19000,24.03,D
sz002517,恺英网络,2025-10-20 10:20:03,24.03,56500,24.01,U
sz002517,恺英网络,2025-10-20 10:20:06,24.0,14000,24.03,D
sz002517,恺英网络,2025-10-20 10:20:12,23.99,12800,24.0,D
sz002517,恺英网络,2025-10-20 10:20:18,23.99,11200,24.0,D
sz002517,恺英网络,2025-10-20 10:20:30,23.98,26400,23.99,D
sz002517,恺英网络,2025-10-20 10:20:45,23.98,37100,24.0,D
sz002517,恺英网络,2025-10-20 10:20:48,24.0,12000,23.98,D
sz002517,恺英网络,2025-10-20 10:21:15,24.04,22600,24.02,U
sz002517,恺英网络,2025-10-20 10:21:27,24.04,9400,24.04,D
sz002517,恺英网络,2025-10-20 10:21:30,24.05,11100,24.04,U
sz002517,恺英网络,2025-10-20 10:21:57,24.04,48300,24.04,D
sz002517,恺英网络,2025-10-20 10:22:00,24.03,16600,24.04,D
sz002517,恺英网络,2025-10-20 10:22:03,24.03,25600,24.03,D
sz002517,恺英网络,2025-10-20 10:22:06,24.04,17700,24.03,U
sz002517,恺英网络,2025-10-20 10:22:42,24.04,40400,24.03,U
sz002517,恺英网络,2025-10-20 10:22:51,24.02,79400,24.02,D
sz002517,恺英网络,2025-10-20 10:23:15,24.0,10700,23.99,U
sz002517,恺英网络,2025-10-20 10:23:21,24.01,16700,23.99,U
sz002517,恺英网络,2025-10-20 10:23:27,24.01,17300,24.01,D
sz002517,恺英网络,2025-10-20 10:23:36,24.06,84200,24.03,U
sz002517,恺英网络,2025-10-20 10:23:39,24.07,37800,24.06,D
sz002517,恺英网络,2025-10-20 10:23:57,24.08,13400,24.08,U
sz002517,恺英网络,2025-10-20 10:24:06,24.09,44100,24.08,U
sz002517,恺英网络,2025-10-20 10:24:18,24.08,38900,24.08,D
sz002517,恺英网络,2025-10-20 10:24:21,24.08,11400,24.08,D
sz002517,恺英网络,2025-10-20 10:24:30,24.08,8600,24.08,U
sz002517,恺英网络,2025-10-20 10:24:36,24.07,54800,24.09,D
sz002517,恺英网络,2025-10-20 10:24:39,24.06,9500,24.07,D
sz002517,恺英网络,2025-10-20 10:24:42,24.09,13900,24.06,U
sz002517,恺英网络,2025-10-20 10:25:09,24.07,33500,24.08,D
sz002517,恺英网络,2025-10-20 10:25:12,24.1,16200,24.07,U
sz002517,恺英网络,2025-10-20 10:25:15,24.13,382000,24.1,U
sz002517,恺英网络,2025-10-20 10:25:18,24.13,89200,24.13,D
sz002517,恺英网络,2025-10-20 10:25:21,24.13,55400,24.13,D
sz002517,恺英网络,2025-10-20 10:25:24,24.15,27600,24.13,E
sz002517,恺英网络,2025-10-20 10:25:27,24.18,33700,24.15,U
sz002517,恺英网络,2025-10-20 10:25:30,24.17,13600,24.18,D
sz002517,恺英网络,2025-10-20 10:25:36,24.18,12700,24.17,U
sz002517,恺英网络,2025-10-20 10:25:45,24.16,8900,24.17,D
sz002517,恺英网络,2025-10-20 10:25:48,24.16,15500,24.16,D
sz002517,恺英网络,2025-10-20 10:25:57,24.17,8500,24.17,D
sz002517,恺英网络,2025-10-20 10:26:03,24.17,65600,24.17,U
sz002517,恺英网络,2025-10-20 10:26:06,24.18,15200,24.17,U
sz002517,恺英网络,2025-10-20 10:26:09,24.12,119800,24.18,D
sz002517,恺英网络,2025-10-20 10:26:12,24.1,15800,24.12,D
sz002517,恺英网络,2025-10-20 10:26:15,24.11,60100,24.1,E
sz002517,恺英网络,2025-10-20 10:26:24,24.13,9400,24.13,U
sz002517,恺英网络,2025-10-20 10:26:39,24.16,55500,24.15,U
sz002517,恺英网络,2025-10-20 10:26:42,24.18,27000,24.16,U
sz002517,恺英网络,2025-10-20 10:26:48,24.18,17800,24.18,D
sz002517,恺英网络,2025-10-20 10:26:51,24.21,173400,24.18,U
sz002517,恺英网络,2025-10-20 10:26:54,24.22,78500,24.21,U
sz002517,恺英网络,2025-10-20 10:26:57,24.2,71300,24.22,D
sz002517,恺英网络,2025-10-20 10:27:00,24.22,46400,24.2,U
sz002517,恺英网络,2025-10-20 10:27:03,24.22,11600,24.22,U
sz002517,恺英网络,2025-10-20 10:27:06,24.19,27800,24.22,D
sz002517,恺英网络,2025-10-20 10:27:09,24.19,22400,24.19,D
sz002517,恺英网络,2025-10-20 10:27:12,24.22,11300,24.19,U
sz002517,恺英网络,2025-10-20 10:27:15,24.2,12133,24.22,D
sz002517,恺英网络,2025-10-20 10:27:24,24.21,12300,24.21,D
sz002517,恺英网络,2025-10-20 10:27:27,24.21,10200,24.21,U
sz002517,恺英网络,2025-10-20 10:27:30,24.2,29200,24.21,D
sz002517,恺英网络,2025-10-20 10:27:36,24.2,16000,24.2,U
sz002517,恺英网络,2025-10-20 10:27:51,24.2,10400,24.2,D
sz002517,恺英网络,2025-10-20 10:27:57,24.21,17100,24.2,U
sz002517,恺英网络,2025-10-20 10:28:00,24.21,10200,24.21,D
sz002517,恺英网络,2025-10-20 10:28:03,24.22,45000,24.21,U
sz002517,恺英网络,2025-10-20 10:28:06,24.22,11000,24.22,U
sz002517,恺英网络,2025-10-20 10:28:09,24.24,25300,24.22,U
sz002517,恺英网络,2025-10-20 10:28:12,24.25,11600,24.24,U
sz002517,恺英网络,2025-10-20 10:28:15,24.24,12300,24.25,D
sz002517,恺英网络,2025-10-20 10:28:18,24.25,8300,24.24,U
sz002517,恺英网络,2025-10-20 10:28:30,24.25,20000,24.25,U
sz002517,恺英网络,2025-10-20 10:28:33,24.25,21000,24.25,D
sz002517,恺英网络,2025-10-20 10:28:36,24.25,16900,24.25,D
sz002517,恺英网络,2025-10-20 10:28:39,24.24,49900,24.25,D
sz002517,恺英网络,2025-10-20 10:28:45,24.23,10800,24.24,D
sz002517,恺英网络,2025-10-20 10:28:51,24.24,11200,24.23,E
sz002517,恺英网络,2025-10-20 10:28:54,24.26,14900,24.24,U
sz002517,恺英网络,2025-10-20 10:29:00,24.26,12000,24.26,D
sz002517,恺英网络,2025-10-20 10:29:03,24.25,35100,24.26,D
sz002517,恺英网络,2025-10-20 10:29:06,24.25,11200,24.25,D
sz002517,恺英网络,2025-10-20 10:29:12,24.24,53700,24.24,D
sz002517,恺英网络,2025-10-20 10:29:18,24.23,9600,24.24,D
sz002517,恺英网络,2025-10-20 10:29:30,24.2,44300,24.22,D
sz002517,恺英网络,2025-10-20 10:29:33,24.18,9900,24.2,D
sz002517,恺英网络,2025-10-20 10:29:45,24.16,16700,24.17,D
sz002517,恺英网络,2025-10-20 10:29:48,24.16,15900,24.16,D
sz002517,恺英网络,2025-10-20 10:29:57,24.19,15500,24.18,U
sz002517,恺英网络,2025-10-20 10:30:09,24.16,95900,24.2,D
sz002517,恺英网络,2025-10-20 10:30:12,24.14,61900,24.16,D
sz002517,恺英网络,2025-10-20 10:30:15,24.12,11400,24.14,D
sz002517,恺英网络,2025-10-20 10:30:24,24.1,39700,24.1,D
sz002517,恺英网络,2025-10-20 10:30:27,24.07,78800,24.1,D
sz002517,恺英网络,2025-10-20 10:30:30,24.06,9500,24.07,D
sz002517,恺英网络,2025-10-20 10:31:12,24.04,20000,24.05,D
sz002517,恺英网络,2025-10-20 10:31:18,24.03,9400,24.04,D
sz002517,恺英网络,2025-10-20 10:31:51,24.07,28200,24.05,U
sz002517,恺英网络,2025-10-20 10:32:00,24.06,10500,24.1,D
sz002517,恺英网络,2025-10-20 10:32:03,24.07,10800,24.06,U
sz002517,恺英网络,2025-10-20 10:32:12,24.06,11700,24.07,D
sz002517,恺英网络,2025-10-20 10:32:15,24.06,15500,24.06,D
sz002517,恺英网络,2025-10-20 10:32:54,24.08,21900,24.07,U
sz002517,恺英网络,2025-10-20 10:33:09,24.09,12200,24.08,U
sz002517,恺英网络,2025-10-20 10:33:33,24.08,21400,24.09,D
sz002517,恺英网络,2025-10-20 10:33:36,24.07,10400,24.08,D
sz002517,恺英网络,2025-10-20 10:33:42,24.09,8600,24.07,U
sz002517,恺英网络,2025-10-20 10:33:45,24.09,11200,24.09,D
sz002517,恺英网络,2025-10-20 10:33:51,24.1,11000,24.09,U
sz002517,恺英网络,2025-10-20 10:33:54,24.08,35400,24.1,D
sz002517,恺英网络,2025-10-20 10:34:03,24.09,22300,24.08,U
sz002517,恺英网络,2025-10-20 10:34:45,24.1,9800,24.09,U
sz002517,恺英网络,2025-10-20 10:35:42,24.17,9400,24.16,U
sz002517,恺英网络,2025-10-20 10:35:57,24.16,63400,24.16,D
sz002517,恺英网络,2025-10-20 10:36:00,24.14,9700,24.16,D
sz002517,恺英网络,2025-10-20 10:36:03,24.16,75400,24.14,U
sz002517,恺英网络,2025-10-20 10:36:06,24.15,10800,24.16,D
sz002517,恺英网络,2025-10-20 10:36:36,24.2,44300,24.13,U
sz002517,恺英网络,2025-10-20 10:37:03,24.15,9700,24.19,D
sz002517,恺英网络,2025-10-20 10:37:12,24.14,15200,24.15,D
sz002517,恺英网络,2025-10-20 10:37:15,24.13,9400,24.14,D
sz002517,恺英网络,2025-10-20 10:37:18,24.13,17200,24.13,U
sz002517,恺英网络,2025-10-20 10:37:21,24.1,60800,24.13,D
sz002517,恺英网络,2025-10-20 10:37:42,24.12,9900,24.13,D
sz002517,恺英网络,2025-10-20 10:37:45,24.12,12800,24.12,D
sz002517,恺英网络,2025-10-20 10:38:09,24.14,21400,24.14,U
sz002517,恺英网络,2025-10-20 10:38:54,24.11,12600,24.12,D
sz002517,恺英网络,2025-10-20 10:39:00,24.13,11600,24.12,U
sz002517,恺英网络,2025-10-20 10:39:30,24.13,77700,24.12,U
sz002517,恺英网络,2025-10-20 10:40:18,24.19,9400,24.2,D
sz002517,恺英网络,2025-10-20 10:40:24,24.2,9000,24.19,U
sz002517,恺英网络,2025-10-20 10:40:27,24.18,29800,24.2,D
sz002517,恺英网络,2025-10-20 10:40:30,24.18,21900,24.18,D
sz002517,恺英网络,2025-10-20 10:40:48,24.19,10800,24.19,D
sz002517,恺英网络,2025-10-20 10:40:57,24.2,10200,24.2,U
sz002517,恺英网络,2025-10-20 10:41:00,24.21,12700,24.2,U
sz002517,恺英网络,2025-10-20 10:41:09,24.22,21600,24.22,U
sz002517,恺英网络,2025-10-20 10:41:15,24.22,10900,24.22,D
sz002517,恺英网络,2025-10-20 10:41:18,24.23,11600,24.22,U
sz002517,恺英网络,2025-10-20 10:41:30,24.23,10200,24.24,E
sz002517,恺英网络,2025-10-20 10:41:36,24.22,13500,24.23,D
sz002517,恺英网络,2025-10-20 10:41:39,24.21,82600,24.22,D
sz002517,恺英网络,2025-10-20 10:41:51,24.21,13200,24.2,U
sz002517,恺英网络,2025-10-20 10:41:57,24.29,222400,24.2,U
sz002517,恺英网络,2025-10-20 10:42:12,24.27,63900,24.28,D
sz002517,恺英网络,2025-10-20 10:42:18,24.26,17000,24.26,D
sz002517,恺英网络,2025-10-20 10:42:24,24.28,11400,24.27,U
sz002517,恺英网络,2025-10-20 10:42:27,24.29,11700,24.28,U
sz002517,恺英网络,2025-10-20 10:42:33,24.26,70900,24.27,D
sz002517,恺英网络,2025-10-20 10:42:39,24.26,27100,24.26,D
sz002517,恺英网络,2025-10-20 10:42:51,24.27,12600,24.27,D
sz002517,恺英网络,2025-10-20 10:43:03,24.27,21700,24.27,D
sz002517,恺英网络,2025-10-20 10:43:33,24.27,51600,24.27,D
sz002517,恺英网络,2025-10-20 10:44:00,24.27,75500,24.26,U
sz002517,恺英网络,2025-10-20 10:44:03,24.28,37200,24.27,E
sz002517,恺英网络,2025-10-20 10:44:06,24.28,17300,24.28,D
sz002517,恺英网络,2025-10-20 10:44:09,24.34,130600,24.28,U
sz002517,恺英网络,2025-10-20 10:44:15,24.37,58700,24.35,U
sz002517,恺英网络,2025-10-20 10:44:21,24.38,21900,24.38,U
sz002517,恺英网络,2025-10-20 10:44:24,24.38,18400,24.38,U
sz002517,恺英网络,2025-10-20 10:44:27,24.4,108100,24.38,U
sz002517,恺英网络,2025-10-20 10:44:30,24.38,30800,24.4,E
sz002517,恺英网络,2025-10-20 10:44:33,24.4,35400,24.38,U
sz002517,恺英网络,2025-10-20 10:44:36,24.38,16100,24.4,D
sz002517,恺英网络,2025-10-20 10:44:39,24.38,139200,24.38,D
sz002517,恺英网络,2025-10-20 10:44:42,24.34,39100,24.38,D
sz002517,恺英网络,2025-10-20 10:44:45,24.37,8900,24.34,U
sz002517,恺英网络,2025-10-20 10:45:03,24.35,13800,24.35,U
sz002517,恺英网络,2025-10-20 10:45:06,24.45,139100,24.35,U
sz002517,恺英网络,2025-10-20 10:45:09,24.41,92200,24.45,E
sz002517,恺英网络,2025-10-20 10:45:24,24.33,44300,24.35,D
sz002517,恺英网络,2025-10-20 10:45:27,24.33,63200,24.33,D
sz002517,恺英网络,2025-10-20 10:45:51,24.35,14300,24.34,U
sz002517,恺英网络,2025-10-20 10:45:54,24.36,10200,24.35,U
sz002517,恺英网络,2025-10-20 10:45:57,24.36,11500,24.36,U
sz002517,恺英网络,2025-10-20 10:46:03,24.39,17200,24.36,U
sz002517,恺英网络,2025-10-20 10:46:06,24.36,71200,24.39,D
sz002517,恺英网络,2025-10-20 10:46:12,24.31,25300,24.36,D
sz002517,恺英网络,2025-10-20 10:46:15,24.36,63500,24.31,U
sz002517,恺英网络,2025-10-20 10:46:18,24.31,8500,24.36,D
sz002517,恺英网络,2025-10-20 10:46:24,24.31,33600,24.32,E
sz002517,恺英网络,2025-10-20 10:46:27,24.32,8800,24.31,U
sz002517,恺英网络,2025-10-20 10:46:33,24.33,34300,24.31,U
sz002517,恺英网络,2025-10-20 10:46:42,24.3,33900,24.31,D
sz002517,恺英网络,2025-10-20 10:46:48,24.29,34300,24.3,D
sz002517,恺英网络,2025-10-20 10:46:57,24.28,28900,24.28,D
sz002517,恺英网络,2025-10-20 10:47:06,24.22,10400,24.27,D
sz002517,恺英网络,2025-10-20 10:47:12,24.23,40400,24.21,U
sz002517,恺英网络,2025-10-20 10:47:33,24.19,33100,24.22,D
sz002517,恺英网络,2025-10-20 10:47:39,24.19,22300,24.19,D
sz002517,恺英网络,2025-10-20 10:47:48,24.18,23800,24.2,D
sz002517,恺英网络,2025-10-20 10:47:54,24.21,23900,24.2,U
sz002517,恺英网络,2025-10-20 10:48:00,24.18,12500,24.2,D
sz002517,恺英网络,2025-10-20 10:48:06,24.19,14400,24.18,E
sz002517,恺英网络,2025-10-20 10:48:15,24.2,15200,24.22,D
sz002517,恺英网络,2025-10-20 10:48:21,24.24,22500,24.21,U
sz002517,恺英网络,2025-10-20 10:48:30,24.24,20000,24.23,U
sz002517,恺英网络,2025-10-20 10:48:33,24.22,13900,24.24,D
sz002517,恺英网络,2025-10-20 10:48:42,24.22,9800,24.22,E
sz002517,恺英网络,2025-10-20 10:48:51,24.23,8500,24.23,U
sz002517,恺英网络,2025-10-20 10:49:03,24.2,99800,24.21,D
sz002517,恺英网络,2025-10-20 10:49:09,24.17,8900,24.2,D
sz002517,恺英网络,2025-10-20 10:49:15,24.2,14300,24.18,U
sz002517,恺英网络,2025-10-20 10:49:21,24.2,9500,24.21,E
sz002517,恺英网络,2025-10-20 10:49:39,24.21,11400,24.2,U
sz002517,恺英网络,2025-10-20 10:49:48,24.21,24900,24.21,U
sz002517,恺英网络,2025-10-20 10:49:51,24.21,88500,24.21,U
sz002517,恺英网络,2025-10-20 10:49:54,24.18,9800,24.21,D
sz002517,恺英网络,2025-10-20 10:49:57,24.17,12400,24.18,D
sz002517,恺英网络,2025-10-20 10:50:00,24.15,33000,24.17,D
sz002517,恺英网络,2025-10-20 10:50:03,24.13,31200,24.15,D
sz002517,恺英网络,2025-10-20 10:50:09,24.13,11100,24.13,D
sz002517,恺英网络,2025-10-20 10:50:21,24.13,9600,24.13,U
sz002517,恺英网络,2025-10-20 10:50:33,24.12,17900,24.13,D
sz002517,恺英网络,2025-10-20 10:50:36,24.12,10700,24.12,D
sz002517,恺英网络,2025-10-20 10:50:42,24.1,30300,24.11,D
sz002517,恺英网络,2025-10-20 10:51:27,24.11,8800,24.11,D
sz002517,恺英网络,2025-10-20 10:51:30,24.1,10000,24.11,D
sz002517,恺英网络,2025-10-20 10:51:54,24.1,8300,24.11,D
sz002517,恺英网络,2025-10-20 10:52:30,24.1,39100,24.1,D
sz002517,恺英网络,2025-10-20 10:52:33,24.1,22500,24.1,U
sz002517,恺英网络,2025-10-20 10:52:36,24.09,22900,24.1,D
sz002517,恺英网络,2025-10-20 10:53:00,24.07,17700,24.08,D
sz002517,恺英网络,2025-10-20 10:53:09,24.07,16000,24.07,D
sz002517,恺英网络,2025-10-20 10:53:33,24.06,42200,24.07,D
sz002517,恺英网络,2025-10-20 10:53:45,24.05,9000,24.04,E
sz002517,恺英网络,2025-10-20 10:54:18,24.05,37400,24.06,D
sz002517,恺英网络,2025-10-20 10:54:21,24.04,8500,24.05,D
sz002517,恺英网络,2025-10-20 10:54:36,24.04,9600,24.05,D
sz002517,恺英网络,2025-10-20 10:54:57,24.03,8600,24.04,D
sz002517,恺英网络,2025-10-20 10:55:00,24.04,14800,24.03,U
sz002517,恺英网络,2025-10-20 10:55:12,24.03,16300,24.04,D
sz002517,恺英网络,2025-10-20 10:55:15,24.03,23600,24.03,D
sz002517,恺英网络,2025-10-20 10:55:24,24.02,8900,24.02,D
sz002517,恺英网络,2025-10-20 10:55:45,24.02,14300,24.02,D
sz002517,恺英网络,2025-10-20 10:56:21,24.03,17500,24.03,D
sz002517,恺英网络,2025-10-20 10:56:39,24.03,21100,24.02,D
sz002517,恺英网络,2025-10-20 10:57:27,24.05,13900,24.04,U
sz002517,恺英网络,2025-10-20 10:57:36,24.03,14500,24.05,D
sz002517,恺英网络,2025-10-20 10:57:39,24.03,17100,24.03,D
sz002517,恺英网络,2025-10-20 10:57:42,24.03,33200,24.03,D
sz002517,恺英网络,2025-10-20 10:57:48,24.03,10800,24.03,U
sz002517,恺英网络,2025-10-20 10:58:48,24.04,19700,24.04,D
sz002517,恺英网络,2025-10-20 10:58:54,24.03,31200,24.04,D
sz002517,恺英网络,2025-10-20 10:58:57,24.03,30500,24.03,D
sz002517,恺英网络,2025-10-20 10:59:12,24.03,14300,24.03,U
sz002517,恺英网络,2025-10-20 11:00:09,24.06,37700,24.03,U
sz002517,恺英网络,2025-10-20 11:00:27,24.04,199300,24.06,D
sz002517,恺英网络,2025-10-20 11:00:51,23.99,104400,24.02,D
sz002517,恺英网络,2025-10-20 11:00:57,23.97,20100,23.99,D
sz002517,恺英网络,2025-10-20 11:01:03,23.95,14900,23.96,D
sz002517,恺英网络,2025-10-20 11:01:09,23.98,30700,23.95,U
sz002517,恺英网络,2025-10-20 11:01:15,23.98,10300,23.98,U
sz002517,恺英网络,2025-10-20 11:01:18,23.97,40500,23.98,D
sz002517,恺英网络,2025-10-20 11:01:30,23.95,28100,23.95,D
sz002517,恺英网络,2025-10-20 11:01:36,23.96,11100,23.95,U
sz002517,恺英网络,2025-10-20 11:01:45,23.96,12500,23.96,D
sz002517,恺英网络,2025-10-20 11:01:48,23.99,16500,23.96,U
sz002517,恺英网络,2025-10-20 11:02:12,24.0,15500,23.98,U
sz002517,恺英网络,2025-10-20 11:02:15,24.0,10300,24.0,D
sz002517,恺英网络,2025-10-20 11:02:27,23.99,50900,24.0,D
sz002517,恺英网络,2025-10-20 11:02:30,23.99,13800,23.99,D
sz002517,恺英网络,2025-10-20 11:03:15,23.99,37500,23.99,U
sz002517,恺英网络,2025-10-20 11:03:21,23.96,88600,24.0,D
sz002517,恺英网络,2025-10-20 11:03:24,23.96,8900,23.96,D
sz002517,恺英网络,2025-10-20 11:03:33,23.95,12500,23.96,D
sz002517,恺英网络,2025-10-20 11:04:03,23.95,21100,23.95,D
sz002517,恺英网络,2025-10-20 11:04:21,23.95,8600,23.94,U
sz002517,恺英网络,2025-10-20 11:04:33,23.94,8800,23.94,D
sz002517,恺英网络,2025-10-20 11:04:45,23.92,12700,23.93,D
sz002517,恺英网络,2025-10-20 11:04:51,23.92,10300,23.92,D
sz002517,恺英网络,2025-10-20 11:04:57,23.93,21100,23.93,U
sz002517,恺英网络,2025-10-20 11:05:15,23.92,9600,23.92,D
sz002517,恺英网络,2025-10-20 11:05:45,23.92,25900,23.93,D
sz002517,恺英网络,2025-10-20 11:05:51,23.93,18200,23.92,U
sz002517,恺英网络,2025-10-20 11:05:54,23.93,29200,23.93,U
sz002517,恺英网络,2025-10-20 11:05:57,23.93,10800,23.93,U
sz002517,恺英网络,2025-10-20 11:06:12,23.92,8900,23.93,D
sz002517,恺英网络,2025-10-20 11:06:21,23.92,8400,23.93,D
sz002517,恺英网络,2025-10-20 11:06:24,23.92,16500,23.92,D
sz002517,恺英网络,2025-10-20 11:06:33,23.93,14600,23.92,U
sz002517,恺英网络,2025-10-20 11:06:39,23.93,8600,23.92,U
sz002517,恺英网络,2025-10-20 11:06:51,23.93,20900,23.92,U
sz002517,恺英网络,2025-10-20 11:07:00,23.92,17200,23.93,D
sz002517,恺英网络,2025-10-20 11:07:06,23.92,18400,23.91,U
sz002517,恺英网络,2025-10-20 11:07:12,23.91,10200,23.92,D
sz002517,恺英网络,2025-10-20 11:07:15,23.91,25100,23.91,D
sz002517,恺英网络,2025-10-20 11:07:21,23.91,14100,23.91,D
sz002517,恺英网络,2025-10-20 11:07:33,23.92,34200,23.9,U
sz002517,恺英网络,2025-10-20 11:07:51,23.93,10100,23.92,U
sz002517,恺英网络,2025-10-20 11:08:06,23.92,10700,23.93,D
sz002517,恺英网络,2025-10-20 11:08:39,23.94,12800,23.93,U
sz002517,恺英网络,2025-10-20 11:08:48,23.96,25900,23.95,U
sz002517,恺英网络,2025-10-20 11:08:54,23.97,10600,23.97,U
sz002517,恺英网络,2025-10-20 11:09:09,23.99,9500,23.99,U
sz002517,恺英网络,2025-10-20 11:09:12,23.99,9500,23.99,U
sz002517,恺英网络,2025-10-20 11:09:15,24.0,37700,23.99,U
sz002517,恺英网络,2025-10-20 11:09:27,24.0,24100,24.0,U
sz002517,恺英网络,2025-10-20 11:09:33,23.99,14600,23.99,D
sz002517,恺英网络,2025-10-20 11:09:42,23.99,57000,23.98,U
sz002517,恺英网络,2025-10-20 11:09:45,24.0,20200,23.99,U
sz002517,恺英网络,2025-10-20 11:09:54,24.01,22700,24.01,U
sz002517,恺英网络,2025-10-20 11:09:57,23.99,34000,24.01,D
sz002517,恺英网络,2025-10-20 11:10:00,23.98,17200,23.99,D
sz002517,恺英网络,2025-10-20 11:10:03,24.01,394000,23.98,U
sz002517,恺英网络,2025-10-20 11:10:06,24.02,8800,24.01,E
sz002517,恺英网络,2025-10-20 11:10:39,24.03,30900,24.02,U
sz002517,恺英网络,2025-10-20 11:10:45,24.05,28700,24.03,U
sz002517,恺英网络,2025-10-20 11:11:03,24.1,22300,24.08,U
sz002517,恺英网络,2025-10-20 11:11:12,24.13,28800,24.11,U
sz002517,恺英网络,2025-10-20 11:11:33,24.14,25500,24.14,U
sz002517,恺英网络,2025-10-20 11:11:42,24.12,65400,24.14,D
sz002517,恺英网络,2025-10-20 11:11:54,24.09,47900,24.11,D
sz002517,恺英网络,2025-10-20 11:11:57,24.1,8600,24.09,U
sz002517,恺英网络,2025-10-20 11:12:18,24.07,21300,24.07,D
sz002517,恺英网络,2025-10-20 11:13:21,24.09,20700,24.07,U
sz002517,恺英网络,2025-10-20 11:13:33,24.11,27700,24.09,U
sz002517,恺英网络,2025-10-20 11:13:51,24.11,23000,24.1,U
sz002517,恺英网络,2025-10-20 11:14:00,24.08,62200,24.11,D
sz002517,恺英网络,2025-10-20 11:14:42,24.04,10600,24.03,U
sz002517,恺英网络,2025-10-20 11:15:06,24.07,33900,24.05,U
sz002517,恺英网络,2025-10-20 11:15:21,24.05,15500,24.06,D
sz002517,恺英网络,2025-10-20 11:15:24,24.04,9000,24.05,D
sz002517,恺英网络,2025-10-20 11:15:36,24.02,8500,24.03,D
sz002517,恺英网络,2025-10-20 11:15:45,24.03,14800,24.01,U
sz002517,恺英网络,2025-10-20 11:15:48,24.05,19500,24.03,U
sz002517,恺英网络,2025-10-20 11:16:42,24.09,26300,24.09,D
sz002517,恺英网络,2025-10-20 11:16:48,24.06,16400,24.08,D
sz002517,恺英网络,2025-10-20 11:16:51,24.05,9900,24.06,D
sz002517,恺英网络,2025-10-20 11:17:00,24.07,19300,24.06,U
sz002517,恺英网络,2025-10-20 11:17:51,24.06,18700,24.03,U
sz002517,恺英网络,2025-10-20 11:18:03,24.09,9800,24.08,U
sz002517,恺英网络,2025-10-20 11:18:27,24.07,11100,24.06,U
sz002517,恺英网络,2025-10-20 11:18:33,24.06,9900,24.07,D
sz002517,恺英网络,2025-10-20 11:18:57,24.11,19700,24.09,U
sz002517,恺英网络,2025-10-20 11:19:54,24.1,54900,24.13,D
sz002517,恺英网络,2025-10-20 11:19:57,24.13,9200,24.1,U
sz002517,恺英网络,2025-10-20 11:20:18,24.12,63500,24.14,D
sz002517,恺英网络,2025-10-20 11:20:24,24.13,13500,24.12,U
sz002517,恺英网络,2025-10-20 11:21:03,24.1,9400,24.08,U
sz002517,恺英网络,2025-10-20 11:21:24,24.09,8700,24.09,U
sz002517,恺英网络,2025-10-20 11:21:54,24.09,9400,24.09,U
sz002517,恺英网络,2025-10-20 11:21:57,24.1,9300,24.09,U
sz002517,恺英网络,2025-10-20 11:22:42,24.09,17800,24.09,D
sz002517,恺英网络,2025-10-20 11:22:54,24.09,11400,24.1,D
sz002517,恺英网络,2025-10-20 11:23:21,24.1,10600,24.09,E
sz002517,恺英网络,2025-10-20 11:23:27,24.12,14000,24.1,U
sz002517,恺英网络,2025-10-20 11:23:30,24.14,10800,24.12,U
sz002517,恺英网络,2025-10-20 11:23:42,24.15,8500,24.15,U
sz002517,恺英网络,2025-10-20 11:23:54,24.14,10600,24.15,D
sz002517,恺英网络,2025-10-20 11:24:12,24.13,90900,24.14,D
sz002517,恺英网络,2025-10-20 11:24:15,24.1,119800,24.13,D
sz002517,恺英网络,2025-10-20 11:24:21,24.06,54900,24.09,D
sz002517,恺英网络,2025-10-20 11:24:24,24.05,23400,24.06,D
sz002517,恺英网络,2025-10-20 11:24:27,24.01,10100,24.05,D
sz002517,恺英网络,2025-10-20 11:24:30,24.0,29300,24.01,D
sz002517,恺英网络,2025-10-20 11:24:36,24.0,8700,24.01,D
sz002517,恺英网络,2025-10-20 11:24:39,24.0,11500,24.0,E
sz002517,恺英网络,2025-10-20 11:24:42,24.0,31100,24.0,E
sz002517,恺英网络,2025-10-20 11:24:45,23.99,17900,24.0,D
sz002517,恺英网络,2025-10-20 11:24:48,23.98,36500,23.99,D
sz002517,恺英网络,2025-10-20 11:24:51,23.99,14000,23.98,E
sz002517,恺英网络,2025-10-20 11:24:54,23.98,21800,23.99,D
sz002517,恺英网络,2025-10-20 11:25:00,23.99,15400,23.98,U
sz002517,恺英网络,2025-10-20 11:25:03,24.0,24500,23.99,U
sz002517,恺英网络,2025-10-20 11:25:18,23.99,13800,23.99,D
sz002517,恺英网络,2025-10-20 11:25:21,24.0,24800,23.99,U
sz002517,恺英网络,2025-10-20 11:25:36,24.0,14800,23.99,U
sz002517,恺英网络,2025-10-20 11:25:51,24.01,10700,24.01,U
sz002517,恺英网络,2025-10-20 11:26:00,24.0,13300,24.01,D
sz002517,恺英网络,2025-10-20 11:26:03,23.99,43516,24.0,D
sz002517,恺英网络,2025-10-20 11:26:06,23.96,26200,23.99,D
sz002517,恺英网络,2025-10-20 11:26:09,23.99,18800,23.96,E
sz002517,恺英网络,2025-10-20 11:26:12,23.97,11600,23.99,D
sz002517,恺英网络,2025-10-20 11:26:24,24.02,11600,24.01,E
sz002517,恺英网络,2025-10-20 11:27:36,24.09,9300,24.08,U
sz002517,恺英网络,2025-10-20 11:28:00,24.08,56100,24.09,D
sz002517,恺英网络,2025-10-20 11:28:06,24.07,14600,24.07,D
sz002517,恺英网络,2025-10-20 11:28:48,24.07,9300,24.07,U
sz002517,恺英网络,2025-10-20 11:28:51,24.07,14500,24.07,U
sz002517,恺英网络,2025-10-20 13:00:00,24.06,12000,24.07,U
sz002517,恺英网络,2025-10-20 13:00:03,24.05,13100,24.06,E
sz002517,恺英网络,2025-10-20 13:00:06,24.06,27100,24.05,U
sz002517,恺英网络,2025-10-20 13:00:09,24.02,72100,24.06,D
sz002517,恺英网络,2025-10-20 13:00:12,24.03,35500,24.02,U
sz002517,恺英网络,2025-10-20 13:00:21,24.03,11200,24.03,D
sz002517,恺英网络,2025-10-20 13:00:27,24.02,14100,24.03,D
sz002517,恺英网络,2025-10-20 13:00:36,23.99,27100,24.0,D
sz002517,恺英网络,2025-10-20 13:01:15,23.99,15600,23.98,U
sz002517,恺英网络,2025-10-20 13:01:18,23.96,19000,23.99,D
sz002517,恺英网络,2025-10-20 13:01:21,23.95,10000,23.96,D
sz002517,恺英网络,2025-10-20 13:01:30,23.96,8700,23.96,U
sz002517,恺英网络,2025-10-20 13:02:09,23.96,8400,23.96,U
sz002517,恺英网络,2025-10-20 13:02:12,23.99,25000,23.96,U
sz002517,恺英网络,2025-10-20 13:02:15,24.0,11300,23.99,U
sz002517,恺英网络,2025-10-20 13:02:45,24.04,9600,24.02,U
sz002517,恺英网络,2025-10-20 13:03:18,24.05,14100,24.03,U
sz002517,恺英网络,2025-10-20 13:03:24,24.06,9000,24.06,U
sz002517,恺英网络,2025-10-20 13:03:33,24.02,42400,24.04,D
sz002517,恺英网络,2025-10-20 13:03:36,24.01,23600,24.02,D
sz002517,恺英网络,2025-10-20 13:03:39,24.01,19100,24.01,D
sz002517,恺英网络,2025-10-20 13:04:06,23.97,9700,23.98,D
sz002517,恺英网络,2025-10-20 13:04:15,23.98,8900,23.98,U
sz002517,恺英网络,2025-10-20 13:05:15,23.96,10500,23.97,D
sz002517,恺英网络,2025-10-20 13:05:36,23.95,56700,23.95,D
sz002517,恺英网络,2025-10-20 13:06:06,23.94,20200,23.94,D
sz002517,恺英网络,2025-10-20 13:07:00,23.95,16200,23.95,D
sz002517,恺英网络,2025-10-20 13:07:09,23.95,12500,23.94,U
sz002517,恺英网络,2025-10-20 13:08:06,24.0,9900,23.98,U
sz002517,恺英网络,2025-10-20 13:08:15,24.0,10800,24.0,U
sz002517,恺英网络,2025-10-20 13:08:18,23.97,56300,24.0,D
sz002517,恺英网络,2025-10-20 13:08:21,23.97,19000,23.97,D
sz002517,恺英网络,2025-10-20 13:08:30,23.96,10600,23.96,D
sz002517,恺英网络,2025-10-20 13:09:36,23.95,13100,23.95,U
sz002517,恺英网络,2025-10-20 13:09:39,23.95,22900,23.95,U
sz002517,恺英网络,2025-10-20 13:09:54,23.93,43400,23.93,D
sz002517,恺英网络,2025-10-20 13:10:00,23.91,59400,23.93,D
sz002517,恺英网络,2025-10-20 13:10:03,23.92,12000,23.91,U
sz002517,恺英网络,2025-10-20 13:10:09,23.92,9300,23.9,U
sz002517,恺英网络,2025-10-20 13:10:15,23.91,18900,23.91,D
sz002517,恺英网络,2025-10-20 13:10:18,23.92,10100,23.91,U
sz002517,恺英网络,2025-10-20 13:10:21,23.93,13700,23.92,U
sz002517,恺英网络,2025-10-20 13:10:27,23.94,11400,23.93,U
sz002517,恺英网络,2025-10-20 13:11:03,23.96,26700,23.95,U
sz002517,恺英网络,2025-10-20 13:11:09,23.94,34200,23.96,D
sz002517,恺英网络,2025-10-20 13:11:15,23.93,17800,23.94,D
sz002517,恺英网络,2025-10-20 13:11:42,23.91,45000,23.92,D
sz002517,恺英网络,2025-10-20 13:11:51,23.9,8700,23.91,D
sz002517,恺英网络,2025-10-20 13:11:54,23.9,68000,23.9,D
sz002517,恺英网络,2025-10-20 13:11:57,23.91,61800,23.9,U
sz002517,恺英网络,2025-10-20 13:12:45,23.89,21300,23.89,D
sz002517,恺英网络,2025-10-20 13:13:09,23.88,9300,23.89,D
sz002517,恺英网络,2025-10-20 13:13:12,23.87,54100,23.88,D
sz002517,恺英网络,2025-10-20 13:13:15,23.86,19400,23.87,D
sz002517,恺英网络,2025-10-20 13:13:18,23.87,9500,23.86,U
sz002517,恺英网络,2025-10-20 13:13:51,23.83,14600,23.84,D
sz002517,恺英网络,2025-10-20 13:14:03,23.83,9700,23.85,D
sz002517,恺英网络,2025-10-20 13:14:21,23.85,22700,23.84,U
sz002517,恺英网络,2025-10-20 13:14:36,23.87,10100,23.86,U
sz002517,恺英网络,2025-10-20 13:14:39,23.86,30000,23.87,D
sz002517,恺英网络,2025-10-20 13:14:54,23.86,8600,23.86,D
sz002517,恺英网络,2025-10-20 13:15:03,23.87,73100,23.85,U
sz002517,恺英网络,2025-10-20 13:15:09,23.87,18100,23.87,U
sz002517,恺英网络,2025-10-20 13:15:24,23.92,15200,23.91,D
sz002517,恺英网络,2025-10-20 13:15:27,23.91,13700,23.92,D
sz002517,恺英网络,2025-10-20 13:15:30,23.91,17300,23.91,D
sz002517,恺英网络,2025-10-20 13:15:39,23.89,28500,23.9,D
sz002517,恺英网络,2025-10-20 13:15:48,23.88,11500,23.89,D
sz002517,恺英网络,2025-10-20 13:16:42,23.87,10900,23.87,U
sz002517,恺英网络,2025-10-20 13:17:30,23.86,9900,23.87,D
sz002517,恺英网络,2025-10-20 13:18:00,23.86,12200,23.87,D
sz002517,恺英网络,2025-10-20 13:18:03,23.87,13300,23.86,U
sz002517,恺英网络,2025-10-20 13:18:06,23.86,19200,23.87,D
sz002517,恺英网络,2025-10-20 13:18:21,23.85,13700,23.85,D
sz002517,恺英网络,2025-10-20 13:18:24,23.85,8500,23.85,D
sz002517,恺英网络,2025-10-20 13:18:39,23.84,29900,23.85,D
sz002517,恺英网络,2025-10-20 13:18:48,23.84,11600,23.84,D
sz002517,恺英网络,2025-10-20 13:19:27,23.85,24800,23.85,U
sz002517,恺英网络,2025-10-20 13:19:30,23.85,11100,23.85,D
sz002517,恺英网络,2025-10-20 13:21:03,23.89,10700,23.88,U
sz002517,恺英网络,2025-10-20 13:21:21,23.9,8500,23.89,U
sz002517,恺英网络,2025-10-20 13:21:24,23.89,32400,23.9,D
sz002517,恺英网络,2025-10-20 13:21:27,23.89,13700,23.89,U
sz002517,恺英网络,2025-10-20 13:22:03,23.92,9700,23.92,E
sz002517,恺英网络,2025-10-20 13:22:09,23.92,16500,23.92,U
sz002517,恺英网络,2025-10-20 13:22:21,23.91,98200,23.93,D
sz002517,恺英网络,2025-10-20 13:22:24,23.91,39700,23.91,U
sz002517,恺英网络,2025-10-20 13:23:15,23.87,24600,23.89,D
sz002517,恺英网络,2025-10-20 13:23:24,23.87,9400,23.88,D
sz002517,恺英网络,2025-10-20 13:23:54,23.86,17200,23.86,D
sz002517,恺英网络,2025-10-20 13:24:03,23.85,8800,23.86,D
sz002517,恺英网络,2025-10-20 13:24:06,23.85,11100,23.85,D
sz002517,恺英网络,2025-10-20 13:25:00,23.84,14400,23.84,D
sz002517,恺英网络,2025-10-20 13:25:09,23.84,13000,23.83,U
sz002517,恺英网络,2025-10-20 13:25:24,23.83,10700,23.83,D
sz002517,恺英网络,2025-10-20 13:25:30,23.83,42900,23.83,U
sz002517,恺英网络,2025-10-20 13:25:48,23.82,21400,23.83,D
sz002517,恺英网络,2025-10-20 13:28:00,23.84,33600,23.84,D
sz002517,恺英网络,2025-10-20 13:29:03,23.86,10600,23.86,U
sz002517,恺英网络,2025-10-20 13:29:33,23.84,59600,23.86,D
sz002517,恺英网络,2025-10-20 13:29:36,23.84,11000,23.84,D
sz002517,恺英网络,2025-10-20 13:29:39,23.85,9900,23.84,U
sz002517,恺英网络,2025-10-20 13:30:21,23.84,13500,23.84,U
sz002517,恺英网络,2025-10-20 13:30:33,23.84,13500,23.83,U
sz002517,恺英网络,2025-10-20 13:30:48,23.83,9700,23.83,D
sz002517,恺英网络,2025-10-20 13:31:00,23.82,17800,23.82,D
sz002517,恺英网络,2025-10-20 13:31:15,23.82,11900,23.82,D
sz002517,恺英网络,2025-10-20 13:31:27,23.82,13800,23.82,U
sz002517,恺英网络,2025-10-20 13:31:30,23.81,22100,23.82,D
sz002517,恺英网络,2025-10-20 13:31:48,23.81,10400,23.81,D
sz002517,恺英网络,2025-10-20 13:31:51,23.81,16100,23.81,D
sz002517,恺英网络,2025-10-20 13:32:00,23.8,21300,23.8,D
sz002517,恺英网络,2025-10-20 13:32:06,23.8,10200,23.8,D
sz002517,恺英网络,2025-10-20 13:32:09,23.79,103300,23.8,D
sz002517,恺英网络,2025-10-20 13:32:12,23.78,9300,23.79,D
sz002517,恺英网络,2025-10-20 13:32:15,23.79,14500,23.78,U
sz002517,恺英网络,2025-10-20 13:32:18,23.8,92600,23.79,U
sz002517,恺英网络,2025-10-20 13:32:21,23.79,9200,23.8,D
sz002517,恺英网络,2025-10-20 13:32:42,23.79,13600,23.78,U
sz002517,恺英网络,2025-10-20 13:32:45,23.8,12100,23.79,U
sz002517,恺英网络,2025-10-20 13:32:48,23.8,15800,23.8,U
sz002517,恺英网络,2025-10-20 13:33:06,23.8,24500,23.81,D
sz002517,恺英网络,2025-10-20 13:33:30,23.78,38000,23.79,D
sz002517,恺英网络,2025-10-20 13:33:54,23.75,43200,23.78,D
sz002517,恺英网络,2025-10-20 13:34:00,23.74,14700,23.76,D
sz002517,恺英网络,2025-10-20 13:34:03,23.75,18900,23.74,U
sz002517,恺英网络,2025-10-20 13:34:12,23.75,8600,23.75,U
sz002517,恺英网络,2025-10-20 13:34:27,23.75,17600,23.75,D
sz002517,恺英网络,2025-10-20 13:34:36,23.75,16500,23.76,D
sz002517,恺英网络,2025-10-20 13:34:57,23.79,44600,23.76,U
sz002517,恺英网络,2025-10-20 13:35:03,23.8,16200,23.79,U
sz002517,恺英网络,2025-10-20 13:35:06,23.8,14200,23.8,U
sz002517,恺英网络,2025-10-20 13:36:33,23.79,10000,23.8,D
sz002517,恺英网络,2025-10-20 13:37:12,23.82,37400,23.8,U
sz002517,恺英网络,2025-10-20 13:37:18,23.81,9700,23.82,D
sz002517,恺英网络,2025-10-20 13:37:45,23.82,11100,23.84,D
sz002517,恺英网络,2025-10-20 13:37:48,23.83,42400,23.82,U
sz002517,恺英网络,2025-10-20 13:37:51,23.83,9500,23.83,U
sz002517,恺英网络,2025-10-20 13:37:54,23.85,16800,23.83,U
sz002517,恺英网络,2025-10-20 13:37:57,23.83,14400,23.85,D
sz002517,恺英网络,2025-10-20 13:38:03,23.83,11600,23.84,D
sz002517,恺英网络,2025-10-20 13:38:24,23.82,24000,23.83,D
sz002517,恺英网络,2025-10-20 13:38:30,23.81,25400,23.82,D
sz002517,恺英网络,2025-10-20 13:39:03,23.81,18100,23.81,D
sz002517,恺英网络,2025-10-20 13:39:09,23.8,12500,23.8,D
sz002517,恺英网络,2025-10-20 13:39:15,23.81,10300,23.8,U
sz002517,恺英网络,2025-10-20 13:39:39,23.8,8900,23.8,D
sz002517,恺英网络,2025-10-20 13:39:57,23.82,32700,23.8,U
sz002517,恺英网络,2025-10-20 13:40:39,23.82,13500,23.82,U
sz002517,恺英网络,2025-10-20 13:40:42,23.81,9100,23.82,D
sz002517,恺英网络,2025-10-20 13:40:45,23.81,10200,23.81,D
sz002517,恺英网络,2025-10-20 13:40:48,23.82,10200,23.81,U
sz002517,恺英网络,2025-10-20 13:41:03,23.8,22500,23.8,D
sz002517,恺英网络,2025-10-20 13:41:06,23.8,12600,23.8,D
sz002517,恺英网络,2025-10-20 13:41:12,23.8,19600,23.8,D
sz002517,恺英网络,2025-10-20 13:41:15,23.79,14000,23.8,D
sz002517,恺英网络,2025-10-20 13:41:36,23.78,16800,23.79,D
sz002517,恺英网络,2025-10-20 13:41:39,23.77,8500,23.78,D
sz002517,恺英网络,2025-10-20 13:41:45,23.8,8700,23.78,U
sz002517,恺英网络,2025-10-20 13:42:03,23.8,8700,23.79,U
sz002517,恺英网络,2025-10-20 13:42:15,23.8,11300,23.8,U
sz002517,恺英网络,2025-10-20 13:43:06,23.8,27100,23.8,U
sz002517,恺英网络,2025-10-20 13:43:12,23.81,19600,23.82,D
sz002517,恺英网络,2025-10-20 13:43:21,23.81,9800,23.81,U
sz002517,恺英网络,2025-10-20 13:43:27,23.81,8400,23.81,D
sz002517,恺英网络,2025-10-20 13:43:33,23.8,42100,23.8,D
sz002517,恺英网络,2025-10-20 13:43:45,23.79,9100,23.8,D
sz002517,恺英网络,2025-10-20 13:44:00,23.75,57700,23.78,D
sz002517,恺英网络,2025-10-20 13:44:09,23.76,13100,23.75,U
sz002517,恺英网络,2025-10-20 13:44:18,23.76,12400,23.76,D
sz002517,恺英网络,2025-10-20 13:44:21,23.76,8500,23.76,D
sz002517,恺英网络,2025-10-20 13:44:27,23.77,14600,23.77,U
sz002517,恺英网络,2025-10-20 13:45:12,23.75,25500,23.76,D
sz002517,恺英网络,2025-10-20 13:45:21,23.75,30400,23.75,D
sz002517,恺英网络,2025-10-20 13:45:42,23.76,8700,23.75,U
sz002517,恺英网络,2025-10-20 13:45:45,23.74,13800,23.76,D
sz002517,恺英网络,2025-10-20 13:46:00,23.75,21600,23.74,U
sz002517,恺英网络,2025-10-20 13:46:09,23.77,23400,23.75,U
sz002517,恺英网络,2025-10-20 13:46:12,23.77,12600,23.77,D
sz002517,恺英网络,2025-10-20 13:46:33,23.76,9800,23.77,D
sz002517,恺英网络,2025-10-20 13:46:45,23.76,11500,23.76,D
sz002517,恺英网络,2025-10-20 13:47:09,23.76,25800,23.76,U
sz002517,恺英网络,2025-10-20 13:47:18,23.78,9300,23.77,U
sz002517,恺英网络,2025-10-20 13:47:21,23.78,12000,23.78,U
sz002517,恺英网络,2025-10-20 13:47:24,23.76,18100,23.78,D
sz002517,恺英网络,2025-10-20 13:48:03,23.79,36200,23.77,U
sz002517,恺英网络,2025-10-20 13:48:06,23.8,9400,23.79,U
sz002517,恺英网络,2025-10-20 13:48:09,23.8,9000,23.8,U
sz002517,恺英网络,2025-10-20 13:48:15,23.81,33400,23.8,U
sz002517,恺英网络,2025-10-20 13:48:18,23.8,44000,23.81,D
sz002517,恺英网络,2025-10-20 13:48:36,23.77,42400,23.79,D
sz002517,恺英网络,2025-10-20 13:48:39,23.77,13800,23.77,U
sz002517,恺英网络,2025-10-20 13:48:45,23.73,11400,23.74,D
sz002517,恺英网络,2025-10-20 13:48:54,23.71,10400,23.72,D
sz002517,恺英网络,2025-10-20 13:49:06,23.72,19300,23.72,U
sz002517,恺英网络,2025-10-20 13:49:09,23.72,12700,23.72,U
sz002517,恺英网络,2025-10-20 13:49:12,23.74,11500,23.72,E
sz002517,恺英网络,2025-10-20 13:50:12,23.75,27200,23.75,U
sz002517,恺英网络,2025-10-20 13:50:42,23.74,25500,23.74,D
sz002517,恺英网络,2025-10-20 13:50:45,23.73,14000,23.74,D
sz002517,恺英网络,2025-10-20 13:50:48,23.73,14800,23.73,D
sz002517,恺英网络,2025-10-20 13:51:03,23.73,16900,23.73,D
sz002517,恺英网络,2025-10-20 13:51:12,23.75,10600,23.73,U
sz002517,恺英网络,2025-10-20 13:51:15,23.76,12900,23.75,U
sz002517,恺英网络,2025-10-20 13:51:21,23.76,16300,23.77,D
sz002517,恺英网络,2025-10-20 13:51:27,23.78,15900,23.76,U
sz002517,恺英网络,2025-10-20 13:51:48,23.8,19800,23.78,U
sz002517,恺英网络,2025-10-20 13:51:54,23.79,9700,23.79,D
sz002517,恺英网络,2025-10-20 13:52:15,23.79,12400,23.8,D
sz002517,恺英网络,2025-10-20 13:52:39,23.78,17300,23.78,D
sz002517,恺英网络,2025-10-20 13:53:48,23.78,9500,23.78,D
sz002517,恺英网络,2025-10-20 13:54:42,23.77,10400,23.78,D
sz002517,恺英网络,2025-10-20 13:54:45,23.77,13300,23.77,D
sz002517,恺英网络,2025-10-20 13:54:54,23.78,32200,23.77,U
sz002517,恺英网络,2025-10-20 13:54:57,23.77,13100,23.78,D
sz002517,恺英网络,2025-10-20 13:55:03,23.76,10300,23.77,D
sz002517,恺英网络,2025-10-20 13:55:09,23.76,10800,23.76,D
sz002517,恺英网络,2025-10-20 13:55:15,23.75,9800,23.75,D
sz002517,恺英网络,2025-10-20 13:55:18,23.76,12200,23.75,U
sz002517,恺英网络,2025-10-20 13:55:21,23.76,13700,23.76,D
sz002517,恺英网络,2025-10-20 13:55:24,23.74,9800,23.76,D
sz002517,恺英网络,2025-10-20 13:55:33,23.76,14900,23.74,U
sz002517,恺英网络,2025-10-20 13:55:45,23.78,10500,23.77,U
sz002517,恺英网络,2025-10-20 13:56:03,23.74,8700,23.76,D
sz002517,恺英网络,2025-10-20 13:56:48,23.74,13600,23.75,D
sz002517,恺英网络,2025-10-20 13:57:12,23.76,45200,23.74,U
sz002517,恺英网络,2025-10-20 13:57:24,23.77,11600,23.77,U
sz002517,恺英网络,2025-10-20 13:57:48,23.76,9600,23.77,D
sz002517,恺英网络,2025-10-20 13:57:54,23.76,12600,23.77,D
sz002517,恺英网络,2025-10-20 13:57:57,23.75,26100,23.76,D
sz002517,恺英网络,2025-10-20 13:58:09,23.74,21900,23.76,D
sz002517,恺英网络,2025-10-20 13:58:18,23.75,15500,23.74,U
sz002517,恺英网络,2025-10-20 13:58:21,23.72,9800,23.75,D
sz002517,恺英网络,2025-10-20 13:58:27,23.72,13300,23.72,D
sz002517,恺英网络,2025-10-20 13:58:33,23.75,25500,23.71,U
sz002517,恺英网络,2025-10-20 13:58:36,23.74,12000,23.75,D
sz002517,恺英网络,2025-10-20 13:58:48,23.75,9000,23.72,U
sz002517,恺英网络,2025-10-20 13:58:51,23.73,14900,23.75,D
sz002517,恺英网络,2025-10-20 13:59:00,23.73,21700,23.75,D
sz002517,恺英网络,2025-10-20 13:59:06,23.78,17200,23.75,U
sz002517,恺英网络,2025-10-20 13:59:15,23.77,8900,23.78,D
sz002517,恺英网络,2025-10-20 13:59:18,23.79,18500,23.77,U
sz002517,恺英网络,2025-10-20 14:00:03,23.77,52200,23.79,D
sz002517,恺英网络,2025-10-20 14:00:15,23.77,15500,23.77,D
sz002517,恺英网络,2025-10-20 14:00:36,23.75,11200,23.76,D
sz002517,恺英网络,2025-10-20 14:00:54,23.75,16800,23.74,U
sz002517,恺英网络,2025-10-20 14:01:24,23.72,17800,23.73,D
sz002517,恺英网络,2025-10-20 14:01:27,23.73,12400,23.72,U
sz002517,恺英网络,2025-10-20 14:01:30,23.72,8700,23.73,D
sz002517,恺英网络,2025-10-20 14:01:33,23.71,23800,23.72,D
sz002517,恺英网络,2025-10-20 14:01:39,23.7,14300,23.71,D
sz002517,恺英网络,2025-10-20 14:01:42,23.7,28500,23.7,D
sz002517,恺英网络,2025-10-20 14:01:45,23.7,9200,23.7,D
sz002517,恺英网络,2025-10-20 14:01:48,23.7,20000,23.7,D
sz002517,恺英网络,2025-10-20 14:01:54,23.73,18000,23.71,U
sz002517,恺英网络,2025-10-20 14:01:57,23.71,10500,23.73,D
sz002517,恺英网络,2025-10-20 14:03:18,23.74,57600,23.75,D
sz002517,恺英网络,2025-10-20 14:03:21,23.72,13900,23.74,D
sz002517,恺英网络,2025-10-20 14:03:24,23.7,24800,23.72,D
sz002517,恺英网络,2025-10-20 14:03:27,23.71,23200,23.7,E
sz002517,恺英网络,2025-10-20 14:03:33,23.7,16500,23.71,D
sz002517,恺英网络,2025-10-20 14:03:36,23.69,11700,23.7,D
sz002517,恺英网络,2025-10-20 14:03:39,23.68,12400,23.69,D
sz002517,恺英网络,2025-10-20 14:03:42,23.69,19100,23.68,U
sz002517,恺英网络,2025-10-20 14:03:45,23.68,13000,23.69,D
sz002517,恺英网络,2025-10-20 14:03:48,23.7,22400,23.68,U
sz002517,恺英网络,2025-10-20 14:03:51,23.67,11600,23.7,D
sz002517,恺英网络,2025-10-20 14:03:54,23.67,10100,23.67,D
sz002517,恺英网络,2025-10-20 14:04:18,23.68,13800,23.68,U
sz002517,恺英网络,2025-10-20 14:04:39,23.7,45500,23.69,U
sz002517,恺英网络,2025-10-20 14:04:51,23.72,9300,23.72,E
sz002517,恺英网络,2025-10-20 14:05:00,23.72,8500,23.72,U
sz002517,恺英网络,2025-10-20 14:05:27,23.74,9400,23.75,D
sz002517,恺英网络,2025-10-20 14:05:36,23.74,33100,23.74,U
sz002517,恺英网络,2025-10-20 14:05:39,23.73,9300,23.74,D
sz002517,恺英网络,2025-10-20 14:05:42,23.73,9300,23.73,D
sz002517,恺英网络,2025-10-20 14:05:48,23.72,23400,23.72,D
sz002517,恺英网络,2025-10-20 14:05:54,23.72,14900,23.71,U
sz002517,恺英网络,2025-10-20 14:06:54,23.71,11700,23.7,U
sz002517,恺英网络,2025-10-20 14:08:45,23.72,12600,23.73,D
sz002517,恺英网络,2025-10-20 14:09:03,23.73,10000,23.73,U
sz002517,恺英网络,2025-10-20 14:09:06,23.72,24800,23.73,D
sz002517,恺英网络,2025-10-20 14:09:12,23.71,27500,23.71,D
sz002517,恺英网络,2025-10-20 14:09:15,23.71,18700,23.71,D
sz002517,恺英网络,2025-10-20 14:09:18,23.71,14400,23.71,U
sz002517,恺英网络,2025-10-20 14:09:27,23.69,52900,23.7,D
sz002517,恺英网络,2025-10-20 14:09:30,23.69,13700,23.69,D
sz002517,恺英网络,2025-10-20 14:10:09,23.69,14500,23.68,U
sz002517,恺英网络,2025-10-20 14:10:27,23.68,14500,23.68,U
sz002517,恺英网络,2025-10-20 14:11:18,23.67,8600,23.66,U
sz002517,恺英网络,2025-10-20 14:11:36,23.66,14500,23.66,D
sz002517,恺英网络,2025-10-20 14:12:12,23.65,38600,23.66,D
sz002517,恺英网络,2025-10-20 14:12:15,23.64,34400,23.65,D
sz002517,恺英网络,2025-10-20 14:12:18,23.64,28600,23.64,U
sz002517,恺英网络,2025-10-20 14:12:36,23.65,49700,23.63,U
sz002517,恺英网络,2025-10-20 14:13:12,23.64,15800,23.64,D
sz002517,恺英网络,2025-10-20 14:13:15,23.64,19700,23.64,D
sz002517,恺英网络,2025-10-20 14:13:18,23.65,23500,23.64,U
sz002517,恺英网络,2025-10-20 14:13:27,23.63,12100,23.65,D
sz002517,恺英网络,2025-10-20 14:13:30,23.63,10100,23.63,D
sz002517,恺英网络,2025-10-20 14:13:45,23.63,27700,23.63,D
sz002517,恺英网络,2025-10-20 14:13:48,23.65,11100,23.63,U
sz002517,恺英网络,2025-10-20 14:14:03,23.65,28300,23.64,U
sz002517,恺英网络,2025-10-20 14:14:06,23.67,51700,23.65,U
sz002517,恺英网络,2025-10-20 14:14:15,23.69,9800,23.68,U
sz002517,恺英网络,2025-10-20 14:14:27,23.67,10100,23.68,D
sz002517,恺英网络,2025-10-20 14:14:33,23.68,10500,23.67,U
sz002517,恺英网络,2025-10-20 14:14:36,23.67,26300,23.68,D
sz002517,恺英网络,2025-10-20 14:14:51,23.68,9600,23.67,D
sz002517,恺英网络,2025-10-20 14:14:57,23.67,13000,23.67,D
sz002517,恺英网络,2025-10-20 14:15:00,23.67,16900,23.67,D
sz002517,恺英网络,2025-10-20 14:15:03,23.66,14500,23.67,D
sz002517,恺英网络,2025-10-20 14:15:06,23.65,18100,23.66,D
sz002517,恺英网络,2025-10-20 14:15:18,23.64,13300,23.64,D
sz002517,恺英网络,2025-10-20 14:15:30,23.61,17400,23.61,D
sz002517,恺英网络,2025-10-20 14:15:42,23.61,21900,23.61,D
sz002517,恺英网络,2025-10-20 14:15:48,23.61,10500,23.61,D
sz002517,恺英网络,2025-10-20 14:15:51,23.61,18300,23.61,D
sz002517,恺英网络,2025-10-20 14:15:57,23.62,11200,23.61,U
sz002517,恺英网络,2025-10-20 14:16:27,23.63,15700,23.63,U
sz002517,恺英网络,2025-10-20 14:16:48,23.63,15100,23.63,U
sz002517,恺英网络,2025-10-20 14:17:00,23.62,8800,23.63,D
sz002517,恺英网络,2025-10-20 14:17:09,23.63,8600,23.63,U
sz002517,恺英网络,2025-10-20 14:17:12,23.63,11800,23.63,U
sz002517,恺英网络,2025-10-20 14:17:15,23.63,12000,23.63,D
sz002517,恺英网络,2025-10-20 14:17:18,23.64,13600,23.63,U
sz002517,恺英网络,2025-10-20 14:17:21,23.64,13300,23.64,U
sz002517,恺英网络,2025-10-20 14:17:24,23.64,11800,23.64,D
sz002517,恺英网络,2025-10-20 14:17:33,23.63,11000,23.62,U
sz002517,恺英网络,2025-10-20 14:17:45,23.62,14500,23.61,U
sz002517,恺英网络,2025-10-20 14:17:48,23.6,17300,23.62,D
sz002517,恺英网络,2025-10-20 14:17:54,23.61,16300,23.6,U
sz002517,恺英网络,2025-10-20 14:18:00,23.6,11900,23.6,D
sz002517,恺英网络,2025-10-20 14:18:03,23.61,26800,23.6,U
sz002517,恺英网络,2025-10-20 14:18:15,23.6,11100,23.6,D
sz002517,恺英网络,2025-10-20 14:18:18,23.61,16000,23.6,U
sz002517,恺英网络,2025-10-20 14:18:24,23.61,19100,23.6,U
sz002517,恺英网络,2025-10-20 14:18:30,23.62,32800,23.6,U
sz002517,恺英网络,2025-10-20 14:18:33,23.64,23000,23.62,U
sz002517,恺英网络,2025-10-20 14:18:42,23.65,57400,23.64,U
sz002517,恺英网络,2025-10-20 14:18:48,23.66,8900,23.66,D
sz002517,恺英网络,2025-10-20 14:19:00,23.64,17500,23.65,D
sz002517,恺英网络,2025-10-20 14:19:03,23.64,10200,23.64,U
sz002517,恺英网络,2025-10-20 14:19:15,23.63,29500,23.64,D
sz002517,恺英网络,2025-10-20 14:19:18,23.62,9100,23.63,D
sz002517,恺英网络,2025-10-20 14:19:42,23.62,12000,23.62,U
sz002517,恺英网络,2025-10-20 14:20:27,23.62,13900,23.62,U
sz002517,恺英网络,2025-10-20 14:20:57,23.64,11900,23.63,U
sz002517,恺英网络,2025-10-20 14:21:33,23.66,13900,23.66,U
sz002517,恺英网络,2025-10-20 14:21:39,23.67,8600,23.67,U
sz002517,恺英网络,2025-10-20 14:21:42,23.67,11800,23.67,U
sz002517,恺英网络,2025-10-20 14:21:48,23.65,10800,23.65,D
sz002517,恺英网络,2025-10-20 14:21:51,23.64,17200,23.65,D
sz002517,恺英网络,2025-10-20 14:22:24,23.63,8800,23.63,U
sz002517,恺英网络,2025-10-20 14:23:15,23.65,43400,23.65,U
sz002517,恺英网络,2025-10-20 14:23:30,23.67,16600,23.66,U
sz002517,恺英网络,2025-10-20 14:24:00,23.68,10900,23.67,U
sz002517,恺英网络,2025-10-20 14:24:03,23.69,22600,23.68,U
sz002517,恺英网络,2025-10-20 14:24:09,23.69,9600,23.69,U
sz002517,恺英网络,2025-10-20 14:24:15,23.68,16500,23.68,D
sz002517,恺英网络,2025-10-20 14:24:21,23.67,9000,23.67,D
sz002517,恺英网络,2025-10-20 14:24:30,23.67,11500,23.68,D
sz002517,恺英网络,2025-10-20 14:24:33,23.66,10200,23.67,D
sz002517,恺英网络,2025-10-20 14:24:36,23.66,27900,23.66,D
sz002517,恺英网络,2025-10-20 14:24:39,23.65,9000,23.66,D
sz002517,恺英网络,2025-10-20 14:25:21,23.68,17000,23.69,D
sz002517,恺英网络,2025-10-20 14:25:36,23.69,13600,23.69,D
sz002517,恺英网络,2025-10-20 14:26:00,23.69,11700,23.69,U
sz002517,恺英网络,2025-10-20 14:26:42,23.69,33000,23.7,D
sz002517,恺英网络,2025-10-20 14:26:45,23.7,17200,23.69,U
sz002517,恺英网络,2025-10-20 14:26:48,23.7,13500,23.7,U
sz002517,恺英网络,2025-10-20 14:27:15,23.69,14600,23.7,D
sz002517,恺英网络,2025-10-20 14:27:30,23.7,11000,23.7,U
sz002517,恺英网络,2025-10-20 14:27:45,23.69,16000,23.7,D
sz002517,恺英网络,2025-10-20 14:27:48,23.69,13600,23.69,D
sz002517,恺英网络,2025-10-20 14:27:51,23.68,28500,23.69,D
sz002517,恺英网络,2025-10-20 14:27:54,23.68,22900,23.68,D
sz002517,恺英网络,2025-10-20 14:27:57,23.68,11600,23.68,D
sz002517,恺英网络,2025-10-20 14:28:03,23.68,13300,23.68,D
sz002517,恺英网络,2025-10-20 14:28:06,23.68,15500,23.68,D
sz002517,恺英网络,2025-10-20 14:28:18,23.67,8700,23.67,D
sz002517,恺英网络,2025-10-20 14:28:21,23.67,15600,23.67,D
sz002517,恺英网络,2025-10-20 14:29:03,23.66,14200,23.66,D
sz002517,恺英网络,2025-10-20 14:29:18,23.66,8500,23.66,D
sz002517,恺英网络,2025-10-20 14:29:24,23.66,8700,23.66,D
sz002517,恺英网络,2025-10-20 14:29:54,23.66,17700,23.67,D
sz002517,恺英网络,2025-10-20 14:30:00,23.66,8800,23.67,D
sz002517,恺英网络,2025-10-20 14:30:03,23.66,27200,23.66,D
sz002517,恺英网络,2025-10-20 14:30:06,23.67,11100,23.66,U
sz002517,恺英网络,2025-10-20 14:30:21,23.67,15800,23.67,U
sz002517,恺英网络,2025-10-20 14:30:54,23.67,94400,23.67,D
sz002517,恺英网络,2025-10-20 14:30:57,23.67,8900,23.67,D
sz002517,恺英网络,2025-10-20 14:31:00,23.66,9100,23.67,D
sz002517,恺英网络,2025-10-20 14:31:09,23.66,10700,23.67,D
sz002517,恺英网络,2025-10-20 14:31:24,23.65,9500,23.66,D
sz002517,恺英网络,2025-10-20 14:31:27,23.64,101200,23.65,D
sz002517,恺英网络,2025-10-20 14:31:30,23.64,14000,23.64,D
sz002517,恺英网络,2025-10-20 14:31:36,23.62,18400,23.63,D
sz002517,恺英网络,2025-10-20 14:31:39,23.63,30600,23.62,E
sz002517,恺英网络,2025-10-20 14:31:51,23.62,12300,23.62,D
sz002517,恺英网络,2025-10-20 14:31:57,23.61,37100,23.61,D
sz002517,恺英网络,2025-10-20 14:32:00,23.62,9100,23.61,U
sz002517,恺英网络,2025-10-20 14:32:09,23.63,25000,23.63,D
sz002517,恺英网络,2025-10-20 14:32:21,23.65,9300,23.64,U
sz002517,恺英网络,2025-10-20 14:32:24,23.64,11200,23.65,D
sz002517,恺英网络,2025-10-20 14:32:30,23.65,12100,23.64,E
sz002517,恺英网络,2025-10-20 14:32:39,23.67,44700,23.65,U
sz002517,恺英网络,2025-10-20 14:32:42,23.68,21600,23.67,U
sz002517,恺英网络,2025-10-20 14:32:45,23.69,18000,23.68,U
sz002517,恺英网络,2025-10-20 14:32:51,23.67,21600,23.69,D
sz002517,恺英网络,2025-10-20 14:33:00,23.67,21800,23.67,U
sz002517,恺英网络,2025-10-20 14:33:09,23.64,40600,23.65,D
sz002517,恺英网络,2025-10-20 14:33:12,23.64,16200,23.64,D
sz002517,恺英网络,2025-10-20 14:33:33,23.62,14600,23.64,D
sz002517,恺英网络,2025-10-20 14:33:51,23.63,8900,23.63,U
sz002517,恺英网络,2025-10-20 14:34:00,23.63,11700,23.63,D
sz002517,恺英网络,2025-10-20 14:34:09,23.63,13100,23.63,D
sz002517,恺英网络,2025-10-20 14:34:36,23.65,10300,23.65,D
sz002517,恺英网络,2025-10-20 14:34:39,23.65,32700,23.65,D
sz002517,恺英网络,2025-10-20 14:34:42,23.63,18700,23.65,D
sz002517,恺英网络,2025-10-20 14:34:45,23.64,24200,23.63,U
sz002517,恺英网络,2025-10-20 14:34:48,23.62,11300,23.64,D
sz002517,恺英网络,2025-10-20 14:34:51,23.62,11000,23.62,D
sz002517,恺英网络,2025-10-20 14:35:09,23.63,8500,23.64,D
sz002517,恺英网络,2025-10-20 14:35:15,23.65,15200,23.63,U
sz002517,恺英网络,2025-10-20 14:36:03,23.63,54600,23.63,D
sz002517,恺英网络,2025-10-20 14:36:15,23.63,9500,23.62,U
sz002517,恺英网络,2025-10-20 14:36:33,23.63,16200,23.62,U
sz002517,恺英网络,2025-10-20 14:36:36,23.63,12600,23.63,D
sz002517,恺英网络,2025-10-20 14:36:45,23.63,13400,23.64,D
sz002517,恺英网络,2025-10-20 14:36:48,23.63,12400,23.63,D
sz002517,恺英网络,2025-10-20 14:36:54,23.63,16300,23.63,D
sz002517,恺英网络,2025-10-20 14:37:00,23.63,9100,23.63,D
sz002517,恺英网络,2025-10-20 14:37:09,23.64,10100,23.64,D
sz002517,恺英网络,2025-10-20 14:37:12,23.65,15100,23.64,U
sz002517,恺英网络,2025-10-20 14:37:15,23.64,12900,23.65,D
sz002517,恺英网络,2025-10-20 14:37:33,23.65,9400,23.65,D
sz002517,恺英网络,2025-10-20 14:37:36,23.65,10000,23.65,D
sz002517,恺英网络,2025-10-20 14:37:42,23.66,14500,23.66,U
sz002517,恺英网络,2025-10-20 14:38:39,23.66,9400,23.65,U
sz002517,恺英网络,2025-10-20 14:38:42,23.66,8500,23.66,U
sz002517,恺英网络,2025-10-20 14:38:48,23.66,9200,23.67,D
sz002517,恺英网络,2025-10-20 14:39:03,23.67,17300,23.67,U
sz002517,恺英网络,2025-10-20 14:39:09,23.68,65300,23.68,U
sz002517,恺英网络,2025-10-20 14:39:12,23.66,28200,23.68,D
sz002517,恺英网络,2025-10-20 14:39:15,23.66,28600,23.66,U
sz002517,恺英网络,2025-10-20 14:39:24,23.67,15100,23.66,U
sz002517,恺英网络,2025-10-20 14:40:12,23.7,114000,23.67,U
sz002517,恺英网络,2025-10-20 14:40:15,23.7,10900,23.7,D
sz002517,恺英网络,2025-10-20 14:40:21,23.7,13900,23.71,D
sz002517,恺英网络,2025-10-20 14:40:24,23.7,19400,23.7,U
sz002517,恺英网络,2025-10-20 14:40:27,23.69,13200,23.7,D
sz002517,恺英网络,2025-10-20 14:40:30,23.68,13300,23.69,D
sz002517,恺英网络,2025-10-20 14:40:33,23.68,9000,23.68,U
sz002517,恺英网络,2025-10-20 14:41:18,23.7,8800,23.69,U
sz002517,恺英网络,2025-10-20 14:41:57,23.71,9700,23.71,U
sz002517,恺英网络,2025-10-20 14:42:06,23.72,33500,23.71,U
sz002517,恺英网络,2025-10-20 14:42:15,23.72,27100,23.72,D
sz002517,恺英网络,2025-10-20 14:42:18,23.72,8900,23.72,U
sz002517,恺英网络,2025-10-20 14:42:21,23.72,8800,23.72,U
sz002517,恺英网络,2025-10-20 14:42:24,23.71,9400,23.72,D
sz002517,恺英网络,2025-10-20 14:42:51,23.73,17500,23.73,U
sz002517,恺英网络,2025-10-20 14:43:00,23.71,31600,23.72,D
sz002517,恺英网络,2025-10-20 14:43:18,23.71,50300,23.71,U
sz002517,恺英网络,2025-10-20 14:44:45,23.73,14900,23.73,U
sz002517,恺英网络,2025-10-20 14:44:51,23.72,8500,23.73,D
sz002517,恺英网络,2025-10-20 14:45:03,23.71,38600,23.72,D
sz002517,恺英网络,2025-10-20 14:45:06,23.71,28600,23.71,D
sz002517,恺英网络,2025-10-20 14:45:12,23.71,13300,23.71,D
sz002517,恺英网络,2025-10-20 14:45:18,23.71,10400,23.71,D
sz002517,恺英网络,2025-10-20 14:45:45,23.72,11100,23.71,U
sz002517,恺英网络,2025-10-20 14:46:00,23.73,16200,23.73,U
sz002517,恺英网络,2025-10-20 14:46:33,23.72,40200,23.73,D
sz002517,恺英网络,2025-10-20 14:46:36,23.71,42200,23.72,D
sz002517,恺英网络,2025-10-20 14:46:51,23.7,15900,23.7,D
sz002517,恺英网络,2025-10-20 14:47:00,23.68,18700,23.7,D
sz002517,恺英网络,2025-10-20 14:48:06,23.7,16200,23.7,U
sz002517,恺英网络,2025-10-20 14:48:09,23.72,10100,23.7,U
sz002517,恺英网络,2025-10-20 14:48:12,23.71,8500,23.72,D
sz002517,恺英网络,2025-10-20 14:48:18,23.7,22500,23.71,D
sz002517,恺英网络,2025-10-20 14:48:21,23.7,13200,23.7,U
sz002517,恺英网络,2025-10-20 14:48:33,23.71,21500,23.71,U
sz002517,恺英网络,2025-10-20 14:48:54,23.74,22000,23.73,U
sz002517,恺英网络,2025-10-20 14:48:57,23.72,11100,23.74,D
sz002517,恺英网络,2025-10-20 14:49:00,23.73,19800,23.72,U
sz002517,恺英网络,2025-10-20 14:49:03,23.74,21400,23.73,U
sz002517,恺英网络,2025-10-20 14:49:06,23.72,19500,23.74,D
sz002517,恺英网络,2025-10-20 14:49:09,23.72,15100,23.72,E
sz002517,恺英网络,2025-10-20 14:49:42,23.71,22200,23.72,D
sz002517,恺英网络,2025-10-20 14:49:45,23.72,9500,23.71,U
sz002517,恺英网络,2025-10-20 14:50:00,23.71,22700,23.71,D
sz002517,恺英网络,2025-10-20 14:50:03,23.7,12000,23.71,D
sz002517,恺英网络,2025-10-20 14:50:21,23.71,17300,23.7,U
sz002517,恺英网络,2025-10-20 14:50:30,23.7,11600,23.7,D
sz002517,恺英网络,2025-10-20 14:50:51,23.71,8600,23.7,U
sz002517,恺英网络,2025-10-20 14:51:03,23.7,56600,23.7,D
sz002517,恺英网络,2025-10-20 14:51:06,23.71,30600,23.7,U
sz002517,恺英网络,2025-10-20 14:51:12,23.73,24600,23.71,U
sz002517,恺英网络,2025-10-20 14:51:21,23.73,11100,23.72,U
sz002517,恺英网络,2025-10-20 14:51:27,23.72,11900,23.72,D
sz002517,恺英网络,2025-10-20 14:51:36,23.71,57200,23.71,D
sz002517,恺英网络,2025-10-20 14:51:39,23.71,12100,23.71,D
sz002517,恺英网络,2025-10-20 14:52:27,23.72,20200,23.72,U
sz002517,恺英网络,2025-10-20 14:52:33,23.73,9000,23.72,U
sz002517,恺英网络,2025-10-20 14:52:36,23.72,53700,23.73,D
sz002517,恺英网络,2025-10-20 14:52:45,23.71,24100,23.71,D
sz002517,恺英网络,2025-10-20 14:53:00,23.72,17800,23.71,U
sz002517,恺英网络,2025-10-20 14:53:18,23.71,15500,23.71,D
sz002517,恺英网络,2025-10-20 14:53:30,23.71,11800,23.71,D
sz002517,恺英网络,2025-10-20 14:53:39,23.71,9200,23.71,D
sz002517,恺英网络,2025-10-20 14:54:12,23.72,84800,23.72,U
sz002517,恺英网络,2025-10-20 14:54:15,23.73,13300,23.72,D
sz002517,恺英网络,2025-10-20 14:54:18,23.74,49500,23.73,U
sz002517,恺英网络,2025-10-20 14:54:30,23.73,13000,23.74,D
sz002517,恺英网络,2025-10-20 14:54:33,23.73,19600,23.73,U
sz002517,恺英网络,2025-10-20 14:54:36,23.72,40800,23.73,D
sz002517,恺英网络,2025-10-20 14:54:45,23.71,43300,23.72,D
sz002517,恺英网络,2025-10-20 14:54:48,23.73,12800,23.71,U
sz002517,恺英网络,2025-10-20 14:55:00,23.74,13700,23.74,U
sz002517,恺英网络,2025-10-20 14:55:03,23.73,30000,23.74,D
sz002517,恺英网络,2025-10-20 14:55:12,23.72,12200,23.72,D
sz002517,恺英网络,2025-10-20 14:55:15,23.72,10800,23.72,D
sz002517,恺英网络,2025-10-20 14:55:21,23.73,84400,23.73,U
sz002517,恺英网络,2025-10-20 14:55:27,23.73,12500,23.72,U
sz002517,恺英网络,2025-10-20 14:55:36,23.73,15200,23.74,D
sz002517,恺英网络,2025-10-20 14:55:39,23.74,21500,23.73,U
sz002517,恺英网络,2025-10-20 14:55:45,23.73,9100,23.73,D
sz002517,恺英网络,2025-10-20 14:55:54,23.73,11600,23.73,D
sz002517,恺英网络,2025-10-20 14:56:00,23.73,23500,23.73,D
sz002517,恺英网络,2025-10-20 14:56:03,23.73,39500,23.73,D
sz002517,恺英网络,2025-10-20 14:56:09,23.73,9300,23.73,D
sz002517,恺英网络,2025-10-20 14:56:12,23.74,12000,23.73,U
sz002517,恺英网络,2025-10-20 14:56:18,23.73,10500,23.73,D
sz002517,恺英网络,2025-10-20 14:56:21,23.73,20000,23.73,D
sz002517,恺英网络,2025-10-20 14:56:24,23.73,14600,23.73,D
sz002517,恺英网络,2025-10-20 14:56:27,23.73,14100,23.73,D
sz002517,恺英网络,2025-10-20 14:56:30,23.72,22000,23.73,D
sz002517,恺英网络,2025-10-20 14:56:36,23.74,23900,23.73,U
sz002517,恺英网络,2025-10-20 14:56:39,23.72,13200,23.74,D
sz002517,恺英网络,2025-10-20 14:56:42,23.73,11600,23.72,U
sz002517,恺英网络,2025-10-20 15:00:00,23.74,277300,23.73,E
