symbol,name,ticktime,price,volume,prev_price,kind
sz002517,恺英网络,2025-09-16 09:25:00,25.16,239100,0.0,D
sz002517,恺英网络,2025-09-16 09:30:00,25.24,216200,25.16,U
sz002517,恺英网络,2025-09-16 09:30:03,25.24,324900,25.24,D
sz002517,恺英网络,2025-09-16 09:30:06,25.31,45000,25.24,U
sz002517,恺英网络,2025-09-16 09:30:09,25.34,115700,25.31,E
sz002517,恺英网络,2025-09-16 09:30:12,25.49,38500,25.34,U
sz002517,恺英网络,2025-09-16 09:30:15,25.55,10700,25.49,U
sz002517,恺英网络,2025-09-16 09:30:18,25.56,66900,25.55,U
sz002517,恺英网络,2025-09-16 09:30:21,25.56,33800,25.56,D
sz002517,恺英网络,2025-09-16 09:30:24,25.54,38200,25.56,D
sz002517,恺英网络,2025-09-16 09:30:27,25.56,49500,25.54,U
sz002517,恺英网络,2025-09-16 09:30:30,25.55,74100,25.56,D
sz002517,恺英网络,2025-09-16 09:30:33,25.25,94800,25.55,D
sz002517,恺英网络,2025-09-16 09:30:36,25.55,78100,25.25,U
sz002517,恺英网络,2025-09-16 09:30:39,25.26,34600,25.55,D
sz002517,恺英网络,2025-09-16 09:30:42,25.41,38900,25.26,U
sz002517,恺英网络,2025-09-16 09:30:45,25.49,14400,25.41,U
sz002517,恺英网络,2025-09-16 09:30:48,25.48,21300,25.49,E
sz002517,恺英网络,2025-09-16 09:30:51,25.43,44200,25.48,D
sz002517,恺英网络,2025-09-16 09:30:54,25.28,50000,25.43,D
sz002517,恺英网络,2025-09-16 09:30:57,25.4,41100,25.28,U
sz002517,恺英网络,2025-09-16 09:31:00,25.31,12600,25.4,E
sz002517,恺英网络,2025-09-16 09:31:03,25.43,52400,25.31,U
sz002517,恺英网络,2025-09-16 09:31:06,25.45,71200,25.43,U
sz002517,恺英网络,2025-09-16 09:31:09,25.48,16900,25.45,E
sz002517,恺英网络,2025-09-16 09:31:12,25.43,96200,25.48,D
sz002517,恺英网络,2025-09-16 09:31:15,25.36,23100,25.43,D
sz002517,恺英网络,2025-09-16 09:31:18,25.36,11400,25.36,D
sz002517,恺英网络,2025-09-16 09:31:21,25.4,45400,25.36,U
sz002517,恺英网络,2025-09-16 09:31:24,25.35,22800,25.4,E
sz002517,恺英网络,2025-09-16 09:31:27,25.28,197300,25.35,D
sz002517,恺英网络,2025-09-16 09:31:30,25.25,12700,25.28,E
sz002517,恺英网络,2025-09-16 09:31:33,25.2,9900,25.25,D
sz002517,恺英网络,2025-09-16 09:31:36,25.2,28000,25.2,U
sz002517,恺英网络,2025-09-16 09:31:39,25.2,28100,25.2,D
sz002517,恺英网络,2025-09-16 09:31:42,25.2,11600,25.2,U
sz002517,恺英网络,2025-09-16 09:31:45,25.18,20900,25.2,D
sz002517,恺英网络,2025-09-16 09:31:48,25.18,23300,25.18,D
sz002517,恺英网络,2025-09-16 09:31:51,25.16,43500,25.18,D
sz002517,恺英网络,2025-09-16 09:31:57,25.13,25400,25.13,D
sz002517,恺英网络,2025-09-16 09:32:00,25.13,65400,25.13,U
sz002517,恺英网络,2025-09-16 09:32:03,25.16,43800,25.13,U
sz002517,恺英网络,2025-09-16 09:32:06,25.15,10200,25.16,D
sz002517,恺英网络,2025-09-16 09:32:09,25.19,17500,25.15,U
sz002517,恺英网络,2025-09-16 09:32:12,25.18,70300,25.19,E
sz002517,恺英网络,2025-09-16 09:32:18,25.2,38500,25.27,D
sz002517,恺英网络,2025-09-16 09:32:21,25.27,46200,25.2,E
sz002517,恺英网络,2025-09-16 09:32:24,25.28,18600,25.27,E
sz002517,恺英网络,2025-09-16 09:32:27,25.23,50700,25.28,D
sz002517,恺英网络,2025-09-16 09:32:30,25.23,27300,25.23,U
sz002517,恺英网络,2025-09-16 09:32:33,25.27,13000,25.23,U
sz002517,恺英网络,2025-09-16 09:32:36,25.25,18000,25.27,D
sz002517,恺英网络,2025-09-16 09:32:39,25.26,14300,25.25,U
sz002517,恺英网络,2025-09-16 09:32:42,25.27,23300,25.26,U
sz002517,恺英网络,2025-09-16 09:32:45,25.28,20200,25.27,U
sz002517,恺英网络,2025-09-16 09:32:48,25.32,14600,25.28,U
sz002517,恺英网络,2025-09-16 09:32:51,25.3,11100,25.32,D
sz002517,恺英网络,2025-09-16 09:32:54,25.28,20300,25.3,D
sz002517,恺英网络,2025-09-16 09:32:57,25.27,52500,25.28,D
sz002517,恺英网络,2025-09-16 09:33:03,25.22,12900,25.25,D
sz002517,恺英网络,2025-09-16 09:33:06,25.17,46400,25.22,D
sz002517,恺英网络,2025-09-16 09:33:09,25.16,25600,25.17,D
sz002517,恺英网络,2025-09-16 09:33:12,25.15,21200,25.16,D
sz002517,恺英网络,2025-09-16 09:33:15,25.19,14400,25.15,U
sz002517,恺英网络,2025-09-16 09:33:18,25.17,17000,25.19,D
sz002517,恺英网络,2025-09-16 09:33:21,25.21,16200,25.17,U
sz002517,恺英网络,2025-09-16 09:33:24,25.21,11200,25.21,U
sz002517,恺英网络,2025-09-16 09:33:27,25.23,11900,25.21,U
sz002517,恺英网络,2025-09-16 09:33:30,25.21,16500,25.23,D
sz002517,恺英网络,2025-09-16 09:33:33,25.23,18300,25.21,U
sz002517,恺英网络,2025-09-16 09:33:36,25.23,21800,25.23,D
sz002517,恺英网络,2025-09-16 09:33:45,25.31,38200,25.27,U
sz002517,恺英网络,2025-09-16 09:33:48,25.29,25800,25.31,D
sz002517,恺英网络,2025-09-16 09:33:51,25.36,57800,25.29,U
sz002517,恺英网络,2025-09-16 09:33:54,25.38,13000,25.36,E
sz002517,恺英网络,2025-09-16 09:33:57,25.36,18500,25.38,E
sz002517,恺英网络,2025-09-16 09:34:00,25.34,17900,25.36,D
sz002517,恺英网络,2025-09-16 09:34:03,25.32,31400,25.34,D
sz002517,恺英网络,2025-09-16 09:34:06,25.31,23100,25.32,D
sz002517,恺英网络,2025-09-16 09:34:09,25.31,12500,25.31,D
sz002517,恺英网络,2025-09-16 09:34:12,25.32,13000,25.31,E
sz002517,恺英网络,2025-09-16 09:34:15,25.32,17300,25.32,U
sz002517,恺英网络,2025-09-16 09:34:18,25.31,30400,25.32,E
sz002517,恺英网络,2025-09-16 09:34:21,25.31,13200,25.31,D
sz002517,恺英网络,2025-09-16 09:34:24,25.33,39700,25.31,E
sz002517,恺英网络,2025-09-16 09:34:27,25.34,42000,25.33,U
sz002517,恺英网络,2025-09-16 09:34:33,25.33,42500,25.34,D
sz002517,恺英网络,2025-09-16 09:34:36,25.33,10000,25.33,E
sz002517,恺英网络,2025-09-16 09:34:39,25.36,9500,25.33,U
sz002517,恺英网络,2025-09-16 09:34:42,25.38,27600,25.36,U
sz002517,恺英网络,2025-09-16 09:34:45,25.35,10400,25.38,D
sz002517,恺英网络,2025-09-16 09:34:48,25.34,21200,25.35,D
sz002517,恺英网络,2025-09-16 09:34:51,25.33,23800,25.34,D
sz002517,恺英网络,2025-09-16 09:34:54,25.37,19900,25.33,E
sz002517,恺英网络,2025-09-16 09:34:57,25.37,23000,25.37,U
sz002517,恺英网络,2025-09-16 09:35:00,25.35,17500,25.37,E
sz002517,恺英网络,2025-09-16 09:35:03,25.33,31600,25.35,D
sz002517,恺英网络,2025-09-16 09:35:06,25.34,9000,25.33,E
sz002517,恺英网络,2025-09-16 09:35:09,25.35,38400,25.34,U
sz002517,恺英网络,2025-09-16 09:35:12,25.36,12700,25.35,U
sz002517,恺英网络,2025-09-16 09:35:15,25.37,20700,25.36,U
sz002517,恺英网络,2025-09-16 09:35:18,25.37,41400,25.37,D
sz002517,恺英网络,2025-09-16 09:35:24,25.38,15000,25.37,D
sz002517,恺英网络,2025-09-16 09:35:27,25.37,9300,25.38,D
sz002517,恺英网络,2025-09-16 09:35:30,25.35,50100,25.37,D
sz002517,恺英网络,2025-09-16 09:35:33,25.35,10900,25.35,U
sz002517,恺英网络,2025-09-16 09:35:36,25.32,36500,25.35,D
sz002517,恺英网络,2025-09-16 09:35:39,25.33,25600,25.32,E
sz002517,恺英网络,2025-09-16 09:35:42,25.3,33300,25.33,D
sz002517,恺英网络,2025-09-16 09:35:45,25.29,9700,25.3,D
sz002517,恺英网络,2025-09-16 09:35:48,25.28,13100,25.29,E
sz002517,恺英网络,2025-09-16 09:35:51,25.26,8600,25.28,D
sz002517,恺英网络,2025-09-16 09:35:54,25.26,16400,25.26,D
sz002517,恺英网络,2025-09-16 09:35:57,25.29,67500,25.26,U
sz002517,恺英网络,2025-09-16 09:36:00,25.27,26000,25.29,D
sz002517,恺英网络,2025-09-16 09:36:03,25.26,54800,25.27,D
sz002517,恺英网络,2025-09-16 09:36:06,25.22,45400,25.26,E
sz002517,恺英网络,2025-09-16 09:36:15,25.21,9200,25.21,D
sz002517,恺英网络,2025-09-16 09:36:18,25.2,14600,25.21,D
sz002517,恺英网络,2025-09-16 09:36:21,25.22,22300,25.2,U
sz002517,恺英网络,2025-09-16 09:36:24,25.25,14800,25.22,U
sz002517,恺英网络,2025-09-16 09:36:27,25.2,25600,25.25,D
sz002517,恺英网络,2025-09-16 09:36:33,25.22,8000,25.2,U
sz002517,恺英网络,2025-09-16 09:36:36,25.22,22000,25.22,U
sz002517,恺英网络,2025-09-16 09:36:39,25.2,14100,25.22,D
sz002517,恺英网络,2025-09-16 09:36:42,25.2,27700,25.2,D
sz002517,恺英网络,2025-09-16 09:36:45,25.2,20600,25.2,D
sz002517,恺英网络,2025-09-16 09:36:48,25.22,12600,25.2,U
sz002517,恺英网络,2025-09-16 09:36:51,25.2,24575,25.22,E
sz002517,恺英网络,2025-09-16 09:36:54,25.18,12200,25.2,D
sz002517,恺英网络,2025-09-16 09:36:57,25.19,10300,25.18,D
sz002517,恺英网络,2025-09-16 09:37:00,25.18,10800,25.19,D
sz002517,恺英网络,2025-09-16 09:37:12,25.23,20025,25.2,U
sz002517,恺英网络,2025-09-16 09:37:15,25.25,11600,25.23,U
sz002517,恺英网络,2025-09-16 09:37:24,25.26,21200,25.25,U
sz002517,恺英网络,2025-09-16 09:37:27,25.25,14400,25.26,D
sz002517,恺英网络,2025-09-16 09:37:33,25.24,18000,25.26,D
sz002517,恺英网络,2025-09-16 09:37:39,25.23,15500,25.24,D
sz002517,恺英网络,2025-09-16 09:37:42,25.23,12300,25.23,E
sz002517,恺英网络,2025-09-16 09:37:45,25.25,41200,25.23,U
sz002517,恺英网络,2025-09-16 09:37:48,25.24,9000,25.25,E
sz002517,恺英网络,2025-09-16 09:37:51,25.22,19100,25.24,D
sz002517,恺英网络,2025-09-16 09:37:54,25.22,10800,25.22,U
sz002517,恺英网络,2025-09-16 09:37:57,25.22,8300,25.22,D
sz002517,恺英网络,2025-09-16 09:38:00,25.24,8800,25.22,U
sz002517,恺英网络,2025-09-16 09:38:03,25.22,30800,25.24,D
sz002517,恺英网络,2025-09-16 09:38:06,25.23,64700,25.22,U
sz002517,恺英网络,2025-09-16 09:38:09,25.23,33000,25.23,U
sz002517,恺英网络,2025-09-16 09:38:18,25.2,11000,25.2,U
sz002517,恺英网络,2025-09-16 09:38:33,25.22,108700,25.24,D
sz002517,恺英网络,2025-09-16 09:38:45,25.26,8700,25.26,U
sz002517,恺英网络,2025-09-16 09:38:48,25.26,8600,25.26,D
sz002517,恺英网络,2025-09-16 09:38:51,25.29,72100,25.26,U
sz002517,恺英网络,2025-09-16 09:38:57,25.27,15900,25.27,E
sz002517,恺英网络,2025-09-16 09:39:09,25.26,14500,25.27,D
sz002517,恺英网络,2025-09-16 09:39:12,25.26,15800,25.26,E
sz002517,恺英网络,2025-09-16 09:39:21,25.24,53300,25.27,D
sz002517,恺英网络,2025-09-16 09:39:27,25.22,22600,25.22,D
sz002517,恺英网络,2025-09-16 09:39:30,25.22,13600,25.22,D
sz002517,恺英网络,2025-09-16 09:39:36,25.23,13400,25.23,D
sz002517,恺英网络,2025-09-16 09:39:39,25.29,85400,25.23,U
sz002517,恺英网络,2025-09-16 09:39:42,25.25,49500,25.29,D
sz002517,恺英网络,2025-09-16 09:39:45,25.26,93000,25.25,D
sz002517,恺英网络,2025-09-16 09:39:51,25.32,37800,25.32,D
sz002517,恺英网络,2025-09-16 09:39:54,25.39,9900,25.32,E
sz002517,恺英网络,2025-09-16 09:40:06,25.36,51700,25.39,D
sz002517,恺英网络,2025-09-16 09:40:09,25.36,8800,25.36,U
sz002517,恺英网络,2025-09-16 09:40:12,25.32,11100,25.36,D
sz002517,恺英网络,2025-09-16 09:40:30,25.26,8500,25.27,D
sz002517,恺英网络,2025-09-16 09:40:33,25.28,22200,25.26,U
sz002517,恺英网络,2025-09-16 09:40:36,25.24,8500,25.28,D
sz002517,恺英网络,2025-09-16 09:40:42,25.22,74900,25.23,D
sz002517,恺英网络,2025-09-16 09:40:45,25.2,19900,25.22,D
sz002517,恺英网络,2025-09-16 09:40:48,25.19,8700,25.2,D
sz002517,恺英网络,2025-09-16 09:40:54,25.2,34800,25.19,U
sz002517,恺英网络,2025-09-16 09:40:57,25.19,15100,25.2,D
sz002517,恺英网络,2025-09-16 09:41:00,25.2,15800,25.19,D
sz002517,恺英网络,2025-09-16 09:41:03,25.21,13800,25.2,U
sz002517,恺英网络,2025-09-16 09:41:06,25.21,11300,25.21,D
sz002517,恺英网络,2025-09-16 09:41:15,25.21,13800,25.22,D
sz002517,恺英网络,2025-09-16 09:41:21,25.22,12700,25.23,D
sz002517,恺英网络,2025-09-16 09:41:27,25.22,33500,25.22,D
sz002517,恺英网络,2025-09-16 09:41:36,25.24,10200,25.23,U
sz002517,恺英网络,2025-09-16 09:41:39,25.26,49150,25.24,U
sz002517,恺英网络,2025-09-16 09:41:54,25.31,15100,25.3,U
sz002517,恺英网络,2025-09-16 09:41:57,25.35,22000,25.31,U
sz002517,恺英网络,2025-09-16 09:42:03,25.34,22200,25.33,E
sz002517,恺英网络,2025-09-16 09:42:06,25.31,14500,25.34,D
sz002517,恺英网络,2025-09-16 09:42:12,25.25,37400,25.3,D
sz002517,恺英网络,2025-09-16 09:42:15,25.23,13000,25.25,D
sz002517,恺英网络,2025-09-16 09:42:24,25.23,13000,25.23,U
sz002517,恺英网络,2025-09-16 09:42:30,25.23,23200,25.23,D
sz002517,恺英网络,2025-09-16 09:42:45,25.23,16400,25.22,U
sz002517,恺英网络,2025-09-16 09:42:48,25.26,8100,25.23,E
sz002517,恺英网络,2025-09-16 09:42:51,25.24,26200,25.26,D
sz002517,恺英网络,2025-09-16 09:43:00,25.28,24500,25.27,E
sz002517,恺英网络,2025-09-16 09:43:06,25.28,10100,25.28,D
sz002517,恺英网络,2025-09-16 09:43:12,25.26,13400,25.26,D
sz002517,恺英网络,2025-09-16 09:43:15,25.26,12900,25.26,D
sz002517,恺英网络,2025-09-16 09:43:21,25.25,22600,25.25,D
sz002517,恺英网络,2025-09-16 09:43:27,25.25,10200,25.24,U
sz002517,恺英网络,2025-09-16 09:43:30,25.25,24500,25.25,U
sz002517,恺英网络,2025-09-16 09:43:33,25.27,31300,25.25,U
sz002517,恺英网络,2025-09-16 09:43:51,25.28,24800,25.29,D
sz002517,恺英网络,2025-09-16 09:43:54,25.28,63200,25.28,D
sz002517,恺英网络,2025-09-16 09:43:57,25.29,24200,25.28,U
sz002517,恺英网络,2025-09-16 09:44:00,25.3,8100,25.29,U
sz002517,恺英网络,2025-09-16 09:44:06,25.29,9100,25.29,D
sz002517,恺英网络,2025-09-16 09:44:09,25.3,8000,25.29,U
sz002517,恺英网络,2025-09-16 09:44:15,25.29,40700,25.31,D
sz002517,恺英网络,2025-09-16 09:44:18,25.28,23500,25.29,U
sz002517,恺英网络,2025-09-16 09:44:21,25.29,32400,25.28,U
sz002517,恺英网络,2025-09-16 09:44:24,25.3,8300,25.29,U
sz002517,恺英网络,2025-09-16 09:44:27,25.22,52200,25.3,D
sz002517,恺英网络,2025-09-16 09:44:30,25.26,116600,25.22,U
sz002517,恺英网络,2025-09-16 09:44:33,25.27,36900,25.26,U
sz002517,恺英网络,2025-09-16 09:44:39,25.28,14000,25.25,U
sz002517,恺英网络,2025-09-16 09:44:42,25.27,14500,25.28,U
sz002517,恺英网络,2025-09-16 09:44:45,25.27,8700,25.27,U
sz002517,恺英网络,2025-09-16 09:44:48,25.27,21300,25.27,D
sz002517,恺英网络,2025-09-16 09:44:51,25.27,16200,25.27,E
sz002517,恺英网络,2025-09-16 09:44:57,25.25,15500,25.27,D
sz002517,恺英网络,2025-09-16 09:45:00,25.29,12600,25.25,U
sz002517,恺英网络,2025-09-16 09:45:03,25.31,68800,25.29,U
sz002517,恺英网络,2025-09-16 09:45:06,25.35,29900,25.31,U
sz002517,恺英网络,2025-09-16 09:45:09,25.29,91200,25.35,D
sz002517,恺英网络,2025-09-16 09:45:12,25.35,18100,25.29,U
sz002517,恺英网络,2025-09-16 09:45:15,25.35,10900,25.35,U
sz002517,恺英网络,2025-09-16 09:45:21,25.35,9800,25.34,U
sz002517,恺英网络,2025-09-16 09:45:27,25.28,144400,25.35,D
sz002517,恺英网络,2025-09-16 09:45:30,25.26,10900,25.28,E
sz002517,恺英网络,2025-09-16 09:45:33,25.24,22600,25.26,E
sz002517,恺英网络,2025-09-16 09:45:42,25.24,11900,25.25,D
sz002517,恺英网络,2025-09-16 09:45:48,25.26,18000,25.24,U
sz002517,恺英网络,2025-09-16 09:45:54,25.27,14600,25.26,U
sz002517,恺英网络,2025-09-16 09:45:57,25.25,17900,25.27,D
sz002517,恺英网络,2025-09-16 09:46:03,25.33,9100,25.29,U
sz002517,恺英网络,2025-09-16 09:46:15,25.3,17700,25.31,D
sz002517,恺英网络,2025-09-16 09:46:18,25.36,53600,25.3,U
sz002517,恺英网络,2025-09-16 09:46:21,25.35,11600,25.36,D
sz002517,恺英网络,2025-09-16 09:46:24,25.32,20000,25.35,D
sz002517,恺英网络,2025-09-16 09:46:27,25.29,40500,25.32,D
sz002517,恺英网络,2025-09-16 09:46:33,25.27,13100,25.29,E
sz002517,恺英网络,2025-09-16 09:46:36,25.29,19900,25.27,E
sz002517,恺英网络,2025-09-16 09:46:39,25.27,11900,25.29,U
sz002517,恺英网络,2025-09-16 09:46:48,25.26,9000,25.27,D
sz002517,恺英网络,2025-09-16 09:47:03,25.25,36300,25.26,D
sz002517,恺英网络,2025-09-16 09:47:06,25.25,10900,25.25,D
sz002517,恺英网络,2025-09-16 09:47:09,25.26,9700,25.25,U
sz002517,恺英网络,2025-09-16 09:47:12,25.25,21000,25.26,D
sz002517,恺英网络,2025-09-16 09:47:18,25.26,11200,25.26,E
sz002517,恺英网络,2025-09-16 09:47:24,25.25,8200,25.27,D
sz002517,恺英网络,2025-09-16 09:47:30,25.27,32000,25.26,U
sz002517,恺英网络,2025-09-16 09:47:33,25.27,17300,25.27,U
sz002517,恺英网络,2025-09-16 09:47:42,25.28,9200,25.28,U
sz002517,恺英网络,2025-09-16 09:47:54,25.28,26600,25.29,D
sz002517,恺英网络,2025-09-16 09:48:03,25.35,11700,25.29,U
sz002517,恺英网络,2025-09-16 09:48:18,25.29,26000,25.31,D
sz002517,恺英网络,2025-09-16 09:48:21,25.25,85000,25.29,D
sz002517,恺英网络,2025-09-16 09:48:33,25.25,51000,25.26,D
sz002517,恺英网络,2025-09-16 09:48:36,25.25,42800,25.25,D
sz002517,恺英网络,2025-09-16 09:48:42,25.26,10000,25.25,U
sz002517,恺英网络,2025-09-16 09:48:45,25.25,9100,25.26,E
sz002517,恺英网络,2025-09-16 09:48:48,25.25,30500,25.25,U
sz002517,恺英网络,2025-09-16 09:49:03,25.26,11100,25.26,U
sz002517,恺英网络,2025-09-16 09:49:06,25.25,10200,25.26,D
sz002517,恺英网络,2025-09-16 09:49:18,25.26,19100,25.25,U
sz002517,恺英网络,2025-09-16 09:49:24,25.25,8800,25.26,D
sz002517,恺英网络,2025-09-16 09:49:27,25.25,23500,25.25,D
sz002517,恺英网络,2025-09-16 09:49:33,25.27,14400,25.25,U
sz002517,恺英网络,2025-09-16 09:49:48,25.25,13000,25.26,D
sz002517,恺英网络,2025-09-16 09:49:51,25.23,41000,25.25,D
sz002517,恺英网络,2025-09-16 09:49:54,25.21,23400,25.23,D
sz002517,恺英网络,2025-09-16 09:49:57,25.2,76800,25.21,D
sz002517,恺英网络,2025-09-16 09:50:09,25.2,58300,25.2,U
sz002517,恺英网络,2025-09-16 09:50:12,25.19,22700,25.2,D
sz002517,恺英网络,2025-09-16 09:50:21,25.19,22900,25.2,D
sz002517,恺英网络,2025-09-16 09:50:27,25.19,70900,25.18,U
sz002517,恺英网络,2025-09-16 09:50:33,25.17,48500,25.17,U
sz002517,恺英网络,2025-09-16 09:50:36,25.15,68100,25.17,D
sz002517,恺英网络,2025-09-16 09:50:42,25.13,46200,25.14,D
sz002517,恺英网络,2025-09-16 09:50:45,25.11,14500,25.13,D
sz002517,恺英网络,2025-09-16 09:50:48,25.11,19600,25.11,D
sz002517,恺英网络,2025-09-16 09:50:51,25.11,88600,25.11,D
sz002517,恺英网络,2025-09-16 09:50:54,25.15,63800,25.11,U
sz002517,恺英网络,2025-09-16 09:50:57,25.12,20300,25.15,D
sz002517,恺英网络,2025-09-16 09:51:00,25.11,23700,25.12,D
sz002517,恺英网络,2025-09-16 09:51:03,25.25,56800,25.11,U
sz002517,恺英网络,2025-09-16 09:51:06,25.15,27900,25.25,D
sz002517,恺英网络,2025-09-16 09:51:24,25.21,38100,25.16,U
sz002517,恺英网络,2025-09-16 09:51:33,25.21,8100,25.2,U
sz002517,恺英网络,2025-09-16 09:51:36,25.2,12400,25.21,D
sz002517,恺英网络,2025-09-16 09:51:39,25.2,34200,25.2,D
sz002517,恺英网络,2025-09-16 09:51:42,25.2,11800,25.2,D
sz002517,恺英网络,2025-09-16 09:51:45,25.2,11700,25.2,U
sz002517,恺英网络,2025-09-16 09:51:54,25.16,17300,25.18,D
sz002517,恺英网络,2025-09-16 09:52:03,25.17,17300,25.16,U
sz002517,恺英网络,2025-09-16 09:52:06,25.18,24600,25.17,U
sz002517,恺英网络,2025-09-16 09:52:09,25.19,15600,25.18,E
sz002517,恺英网络,2025-09-16 09:52:12,25.23,30700,25.19,U
sz002517,恺英网络,2025-09-16 09:52:15,25.19,13000,25.23,D
sz002517,恺英网络,2025-09-16 09:52:54,25.25,26500,25.25,D
sz002517,恺英网络,2025-09-16 09:53:00,25.26,11700,25.25,U
sz002517,恺英网络,2025-09-16 09:53:09,25.27,13200,25.27,U
sz002517,恺英网络,2025-09-16 09:53:12,25.26,33400,25.27,D
sz002517,恺英网络,2025-09-16 09:53:15,25.25,38200,25.26,D
sz002517,恺英网络,2025-09-16 09:53:18,25.25,34400,25.25,U
sz002517,恺英网络,2025-09-16 09:53:24,25.2,17100,25.24,D
sz002517,恺英网络,2025-09-16 09:53:45,25.19,8600,25.19,D
sz002517,恺英网络,2025-09-16 09:53:48,25.19,24800,25.19,D
sz002517,恺英网络,2025-09-16 09:53:51,25.2,13700,25.19,D
sz002517,恺英网络,2025-09-16 09:54:00,25.21,19400,25.19,U
sz002517,恺英网络,2025-09-16 09:54:51,25.21,26800,25.22,D
sz002517,恺英网络,2025-09-16 09:55:06,25.18,28600,25.21,D
sz002517,恺英网络,2025-09-16 09:55:18,25.17,8700,25.17,D
sz002517,恺英网络,2025-09-16 09:55:21,25.18,15000,25.17,U
sz002517,恺英网络,2025-09-16 09:55:24,25.17,13100,25.18,D
sz002517,恺英网络,2025-09-16 09:55:33,25.16,13400,25.16,D
sz002517,恺英网络,2025-09-16 09:55:39,25.14,18900,25.15,D
sz002517,恺英网络,2025-09-16 09:56:12,25.13,42900,25.13,D
sz002517,恺英网络,2025-09-16 09:56:15,25.09,62200,25.13,D
sz002517,恺英网络,2025-09-16 09:56:21,25.08,24600,25.09,D
sz002517,恺英网络,2025-09-16 09:56:24,25.08,20400,25.08,D
sz002517,恺英网络,2025-09-16 09:56:33,25.07,16000,25.06,U
sz002517,恺英网络,2025-09-16 09:56:36,25.06,66000,25.07,D
sz002517,恺英网络,2025-09-16 09:56:39,25.06,20100,25.06,E
sz002517,恺英网络,2025-09-16 09:56:42,25.09,64500,25.06,U
sz002517,恺英网络,2025-09-16 09:56:45,25.08,12100,25.09,D
sz002517,恺英网络,2025-09-16 09:56:54,25.1,9300,25.08,U
sz002517,恺英网络,2025-09-16 09:57:03,25.07,54300,25.08,D
sz002517,恺英网络,2025-09-16 09:57:06,25.08,26100,25.07,E
sz002517,恺英网络,2025-09-16 09:57:12,25.09,12900,25.09,D
sz002517,恺英网络,2025-09-16 09:57:15,25.09,29200,25.09,D
sz002517,恺英网络,2025-09-16 09:57:21,25.11,8700,25.09,U
sz002517,恺英网络,2025-09-16 09:57:27,25.11,8500,25.09,U
sz002517,恺英网络,2025-09-16 09:57:39,25.1,22200,25.1,D
sz002517,恺英网络,2025-09-16 09:57:42,25.15,34100,25.1,U
sz002517,恺英网络,2025-09-16 09:57:51,25.15,10500,25.16,D
sz002517,恺英网络,2025-09-16 09:58:00,25.15,13000,25.15,U
sz002517,恺英网络,2025-09-16 09:58:06,25.13,15400,25.15,D
sz002517,恺英网络,2025-09-16 09:58:09,25.14,11600,25.13,U
sz002517,恺英网络,2025-09-16 09:58:18,25.14,18500,25.14,D
sz002517,恺英网络,2025-09-16 09:58:21,25.14,19700,25.14,D
sz002517,恺英网络,2025-09-16 09:58:24,25.14,20300,25.14,D
sz002517,恺英网络,2025-09-16 09:58:30,25.14,28300,25.14,U
sz002517,恺英网络,2025-09-16 09:58:39,25.12,11600,25.13,D
sz002517,恺英网络,2025-09-16 09:58:42,25.13,36600,25.12,U
sz002517,恺英网络,2025-09-16 09:58:48,25.11,66000,25.1,E
sz002517,恺英网络,2025-09-16 09:58:51,25.11,19500,25.11,D
sz002517,恺英网络,2025-09-16 09:59:00,25.14,25700,25.11,U
sz002517,恺英网络,2025-09-16 09:59:03,25.2,15300,25.14,U
sz002517,恺英网络,2025-09-16 09:59:24,25.17,39600,25.19,D
sz002517,恺英网络,2025-09-16 09:59:42,25.19,8400,25.19,U
sz002517,恺英网络,2025-09-16 09:59:54,25.17,55000,25.17,U
sz002517,恺英网络,2025-09-16 09:59:57,25.19,16000,25.17,U
sz002517,恺英网络,2025-09-16 10:00:09,25.16,20500,25.17,D
sz002517,恺英网络,2025-09-16 10:00:15,25.15,18900,25.16,D
sz002517,恺英网络,2025-09-16 10:00:33,25.15,10000,25.16,D
sz002517,恺英网络,2025-09-16 10:00:36,25.15,15400,25.15,D
sz002517,恺英网络,2025-09-16 10:00:39,25.16,49900,25.15,U
sz002517,恺英网络,2025-09-16 10:00:42,25.18,9400,25.16,U
sz002517,恺英网络,2025-09-16 10:00:48,25.19,57800,25.18,U
sz002517,恺英网络,2025-09-16 10:01:03,25.19,8500,25.19,U
sz002517,恺英网络,2025-09-16 10:01:09,25.17,12300,25.19,D
sz002517,恺英网络,2025-09-16 10:01:45,25.17,8300,25.17,D
sz002517,恺英网络,2025-09-16 10:02:00,25.17,8400,25.16,U
sz002517,恺英网络,2025-09-16 10:02:03,25.21,36000,25.17,U
sz002517,恺英网络,2025-09-16 10:02:06,25.19,12400,25.21,D
sz002517,恺英网络,2025-09-16 10:02:12,25.19,15500,25.21,D
sz002517,恺英网络,2025-09-16 10:02:24,25.21,14800,25.2,U
sz002517,恺英网络,2025-09-16 10:02:48,25.22,12200,25.23,E
sz002517,恺英网络,2025-09-16 10:02:51,25.21,8900,25.22,D
sz002517,恺英网络,2025-09-16 10:03:39,25.26,14500,25.25,U
sz002517,恺英网络,2025-09-16 10:03:42,25.26,10700,25.26,U
sz002517,恺英网络,2025-09-16 10:04:00,25.27,11300,25.27,U
sz002517,恺英网络,2025-09-16 10:04:03,25.27,79500,25.27,U
sz002517,恺英网络,2025-09-16 10:04:18,25.23,14900,25.26,D
sz002517,恺英网络,2025-09-16 10:04:27,25.22,19300,25.22,E
sz002517,恺英网络,2025-09-16 10:04:30,25.19,8400,25.22,D
sz002517,恺英网络,2025-09-16 10:05:24,25.15,36100,25.18,D
sz002517,恺英网络,2025-09-16 10:05:39,25.15,21000,25.16,D
sz002517,恺英网络,2025-09-16 10:05:51,25.16,39900,25.16,U
sz002517,恺英网络,2025-09-16 10:05:57,25.15,13400,25.16,D
sz002517,恺英网络,2025-09-16 10:06:00,25.16,17000,25.15,U
sz002517,恺英网络,2025-09-16 10:06:03,25.16,13400,25.16,U
sz002517,恺英网络,2025-09-16 10:06:12,25.2,22700,25.18,U
sz002517,恺英网络,2025-09-16 10:06:15,25.21,8700,25.2,U
sz002517,恺英网络,2025-09-16 10:06:30,25.2,12600,25.21,D
sz002517,恺英网络,2025-09-16 10:06:36,25.25,13200,25.22,U
sz002517,恺英网络,2025-09-16 10:06:48,25.25,9900,25.25,U
sz002517,恺英网络,2025-09-16 10:07:03,25.23,8700,25.24,D
sz002517,恺英网络,2025-09-16 10:07:18,25.23,32700,25.25,D
sz002517,恺英网络,2025-09-16 10:07:27,25.25,8400,25.23,U
sz002517,恺英网络,2025-09-16 10:07:51,25.25,40500,25.25,U
sz002517,恺英网络,2025-09-16 10:07:54,25.28,54200,25.25,U
sz002517,恺英网络,2025-09-16 10:08:00,25.29,26700,25.29,U
sz002517,恺英网络,2025-09-16 10:08:03,25.3,8600,25.29,U
sz002517,恺英网络,2025-09-16 10:08:06,25.3,12100,25.3,U
sz002517,恺英网络,2025-09-16 10:08:15,25.32,25400,25.32,U
sz002517,恺英网络,2025-09-16 10:08:27,25.31,11600,25.32,E
sz002517,恺英网络,2025-09-16 10:08:33,25.32,9400,25.32,U
sz002517,恺英网络,2025-09-16 10:08:36,25.34,9700,25.32,U
sz002517,恺英网络,2025-09-16 10:08:45,25.33,34000,25.33,U
sz002517,恺英网络,2025-09-16 10:08:48,25.3,16300,25.33,D
sz002517,恺英网络,2025-09-16 10:08:51,25.34,14200,25.3,U
sz002517,恺英网络,2025-09-16 10:08:57,25.33,18300,25.33,U
sz002517,恺英网络,2025-09-16 10:09:03,25.33,12400,25.33,E
sz002517,恺英网络,2025-09-16 10:09:09,25.32,8600,25.34,D
sz002517,恺英网络,2025-09-16 10:09:12,25.33,11200,25.32,E
sz002517,恺英网络,2025-09-16 10:09:18,25.33,13400,25.34,E
sz002517,恺英网络,2025-09-16 10:09:27,25.33,9900,25.33,U
sz002517,恺英网络,2025-09-16 10:09:33,25.33,80600,25.34,D
sz002517,恺英网络,2025-09-16 10:09:36,25.35,15400,25.33,U
sz002517,恺英网络,2025-09-16 10:09:39,25.35,34700,25.35,U
sz002517,恺英网络,2025-09-16 10:09:42,25.35,8900,25.35,U
sz002517,恺英网络,2025-09-16 10:09:45,25.35,9400,25.35,U
sz002517,恺英网络,2025-09-16 10:09:48,25.36,12000,25.35,U
sz002517,恺英网络,2025-09-16 10:09:57,25.37,9500,25.39,D
sz002517,恺英网络,2025-09-16 10:10:00,25.39,23500,25.37,U
sz002517,恺英网络,2025-09-16 10:10:03,25.45,15300,25.39,U
sz002517,恺英网络,2025-09-16 10:10:15,25.43,15300,25.4,E
sz002517,恺英网络,2025-09-16 10:10:18,25.41,9900,25.43,D
sz002517,恺英网络,2025-09-16 10:10:27,25.46,11100,25.45,U
sz002517,恺英网络,2025-09-16 10:10:30,25.46,75100,25.46,U
sz002517,恺英网络,2025-09-16 10:10:33,25.47,41600,25.46,U
sz002517,恺英网络,2025-09-16 10:10:36,25.48,8100,25.47,U
sz002517,恺英网络,2025-09-16 10:10:42,25.5,53400,25.48,U
sz002517,恺英网络,2025-09-16 10:10:45,25.52,13500,25.5,U
sz002517,恺英网络,2025-09-16 10:10:48,25.53,20000,25.52,U
sz002517,恺英网络,2025-09-16 10:10:51,25.54,10500,25.53,U
sz002517,恺英网络,2025-09-16 10:10:54,25.53,26700,25.54,E
sz002517,恺英网络,2025-09-16 10:10:57,25.55,27100,25.53,U
sz002517,恺英网络,2025-09-16 10:11:00,25.57,29600,25.55,U
sz002517,恺英网络,2025-09-16 10:11:03,25.57,57600,25.57,U
sz002517,恺英网络,2025-09-16 10:11:06,25.56,63900,25.57,U
sz002517,恺英网络,2025-09-16 10:11:09,25.56,17900,25.56,U
sz002517,恺英网络,2025-09-16 10:11:12,25.56,78500,25.56,E
sz002517,恺英网络,2025-09-16 10:11:15,25.54,40000,25.56,D
sz002517,恺英网络,2025-09-16 10:11:18,25.5,41000,25.54,D
sz002517,恺英网络,2025-09-16 10:11:21,25.53,24100,25.5,E
sz002517,恺英网络,2025-09-16 10:11:24,25.55,20500,25.53,U
sz002517,恺英网络,2025-09-16 10:11:27,25.53,30800,25.55,D
sz002517,恺英网络,2025-09-16 10:11:30,25.55,12700,25.53,U
sz002517,恺英网络,2025-09-16 10:11:33,25.56,10800,25.55,U
sz002517,恺英网络,2025-09-16 10:11:36,25.57,15300,25.56,U
sz002517,恺英网络,2025-09-16 10:11:39,25.57,16500,25.57,D
sz002517,恺英网络,2025-09-16 10:11:42,25.58,33000,25.57,U
sz002517,恺英网络,2025-09-16 10:11:45,25.58,25100,25.58,D
sz002517,恺英网络,2025-09-16 10:11:48,25.6,18700,25.58,U
sz002517,恺英网络,2025-09-16 10:11:51,25.6,129300,25.6,U
sz002517,恺英网络,2025-09-16 10:11:54,25.65,29000,25.6,U
sz002517,恺英网络,2025-09-16 10:11:57,25.7,132400,25.65,U
sz002517,恺英网络,2025-09-16 10:12:00,25.7,29600,25.7,D
sz002517,恺英网络,2025-09-16 10:12:03,25.68,111000,25.7,D
sz002517,恺英网络,2025-09-16 10:12:06,25.7,54400,25.68,E
sz002517,恺英网络,2025-09-16 10:12:09,25.62,14500,25.7,D
sz002517,恺英网络,2025-09-16 10:12:12,25.64,144600,25.62,E
sz002517,恺英网络,2025-09-16 10:12:15,25.6,29000,25.64,E
sz002517,恺英网络,2025-09-16 10:12:18,25.6,16900,25.6,U
sz002517,恺英网络,2025-09-16 10:12:21,25.53,64600,25.6,D
sz002517,恺英网络,2025-09-16 10:12:24,25.54,84600,25.53,D
sz002517,恺英网络,2025-09-16 10:12:27,25.58,44600,25.54,U
sz002517,恺英网络,2025-09-16 10:12:30,25.57,78300,25.58,D
sz002517,恺英网络,2025-09-16 10:12:33,25.57,54400,25.57,E
sz002517,恺英网络,2025-09-16 10:12:39,25.55,20600,25.55,D
sz002517,恺英网络,2025-09-16 10:12:42,25.56,9600,25.55,E
sz002517,恺英网络,2025-09-16 10:12:45,25.58,10700,25.56,U
sz002517,恺英网络,2025-09-16 10:12:48,25.59,8200,25.58,U
sz002517,恺英网络,2025-09-16 10:12:51,25.55,17500,25.59,D
sz002517,恺英网络,2025-09-16 10:12:54,25.59,16600,25.55,U
sz002517,恺英网络,2025-09-16 10:12:57,25.57,8400,25.59,D
sz002517,恺英网络,2025-09-16 10:13:00,25.58,36000,25.57,E
sz002517,恺英网络,2025-09-16 10:13:03,25.6,52300,25.58,U
sz002517,恺英网络,2025-09-16 10:13:06,25.61,71800,25.6,U
sz002517,恺英网络,2025-09-16 10:13:09,25.61,8000,25.61,U
sz002517,恺英网络,2025-09-16 10:13:15,25.62,11300,25.61,E
sz002517,恺英网络,2025-09-16 10:13:18,25.64,10500,25.62,U
sz002517,恺英网络,2025-09-16 10:13:21,25.64,13000,25.64,U
sz002517,恺英网络,2025-09-16 10:13:24,25.64,17800,25.64,U
sz002517,恺英网络,2025-09-16 10:13:27,25.64,26500,25.64,U
sz002517,恺英网络,2025-09-16 10:13:30,25.65,38700,25.64,U
sz002517,恺英网络,2025-09-16 10:13:33,25.64,25700,25.65,D
sz002517,恺英网络,2025-09-16 10:13:36,25.65,45900,25.64,U
sz002517,恺英网络,2025-09-16 10:13:39,25.64,18000,25.65,E
sz002517,恺英网络,2025-09-16 10:13:42,25.65,23700,25.64,U
sz002517,恺英网络,2025-09-16 10:13:45,25.65,15800,25.65,U
sz002517,恺英网络,2025-09-16 10:13:48,25.65,69500,25.65,U
sz002517,恺英网络,2025-09-16 10:13:54,25.65,177200,25.65,U
sz002517,恺英网络,2025-09-16 10:13:57,25.73,65500,25.65,U
sz002517,恺英网络,2025-09-16 10:14:03,25.77,90300,25.73,U
sz002517,恺英网络,2025-09-16 10:14:06,25.78,36500,25.77,U
sz002517,恺英网络,2025-09-16 10:14:09,25.81,43000,25.78,U
sz002517,恺英网络,2025-09-16 10:14:12,25.82,18300,25.81,D
sz002517,恺英网络,2025-09-16 10:14:15,25.83,63100,25.82,D
sz002517,恺英网络,2025-09-16 10:14:18,25.84,36700,25.83,U
sz002517,恺英网络,2025-09-16 10:14:21,25.85,18200,25.84,U
sz002517,恺英网络,2025-09-16 10:14:24,25.84,21300,25.85,D
sz002517,恺英网络,2025-09-16 10:14:27,25.85,22700,25.84,E
sz002517,恺英网络,2025-09-16 10:14:30,25.83,53600,25.85,D
sz002517,恺英网络,2025-09-16 10:14:33,25.8,45900,25.83,D
sz002517,恺英网络,2025-09-16 10:14:36,25.8,36600,25.8,U
sz002517,恺英网络,2025-09-16 10:14:39,25.87,46900,25.8,U
sz002517,恺英网络,2025-09-16 10:14:42,25.86,13300,25.87,E
sz002517,恺英网络,2025-09-16 10:14:45,25.82,11900,25.86,D
sz002517,恺英网络,2025-09-16 10:14:48,25.84,19400,25.82,E
sz002517,恺英网络,2025-09-16 10:14:51,25.85,28700,25.84,D
sz002517,恺英网络,2025-09-16 10:14:54,25.85,20400,25.85,U
sz002517,恺英网络,2025-09-16 10:14:57,25.83,21900,25.85,D
sz002517,恺英网络,2025-09-16 10:15:00,25.8,99700,25.83,D
sz002517,恺英网络,2025-09-16 10:15:03,25.78,11200,25.8,D
sz002517,恺英网络,2025-09-16 10:15:06,25.79,13400,25.78,U
sz002517,恺英网络,2025-09-16 10:15:09,25.8,27000,25.79,U
sz002517,恺英网络,2025-09-16 10:15:12,25.82,27400,25.8,U
sz002517,恺英网络,2025-09-16 10:15:15,25.81,21500,25.82,D
sz002517,恺英网络,2025-09-16 10:15:18,25.83,23400,25.81,E
sz002517,恺英网络,2025-09-16 10:15:21,25.89,184557,25.83,U
sz002517,恺英网络,2025-09-16 10:15:24,25.93,61700,25.89,U
sz002517,恺英网络,2025-09-16 10:15:27,25.94,20800,25.93,U
sz002517,恺英网络,2025-09-16 10:15:30,25.93,48900,25.94,E
sz002517,恺英网络,2025-09-16 10:15:33,25.95,37400,25.93,U
sz002517,恺英网络,2025-09-16 10:15:36,25.94,35200,25.95,E
sz002517,恺英网络,2025-09-16 10:15:39,25.95,41600,25.94,U
sz002517,恺英网络,2025-09-16 10:15:42,25.94,78400,25.95,U
sz002517,恺英网络,2025-09-16 10:15:45,25.96,107400,25.94,U
sz002517,恺英网络,2025-09-16 10:15:48,25.97,19400,25.96,U
sz002517,恺英网络,2025-09-16 10:15:51,25.98,16500,25.97,U
sz002517,恺英网络,2025-09-16 10:15:54,25.99,177600,25.98,U
sz002517,恺英网络,2025-09-16 10:15:57,26.0,20600,25.99,U
sz002517,恺英网络,2025-09-16 10:16:00,26.04,101050,26.0,U
sz002517,恺英网络,2025-09-16 10:16:03,26.04,66900,26.04,U
sz002517,恺英网络,2025-09-16 10:16:06,26.08,49700,26.04,U
sz002517,恺英网络,2025-09-16 10:16:09,26.06,78900,26.08,D
sz002517,恺英网络,2025-09-16 10:16:12,25.93,264050,26.06,D
sz002517,恺英网络,2025-09-16 10:16:15,25.99,18100,25.93,E
sz002517,恺英网络,2025-09-16 10:16:18,25.97,11800,25.99,E
sz002517,恺英网络,2025-09-16 10:16:21,25.97,7800,25.97,U
sz002517,恺英网络,2025-09-16 10:16:24,25.97,32000,25.97,U
sz002517,恺英网络,2025-09-16 10:16:27,25.93,23900,25.97,U
sz002517,恺英网络,2025-09-16 10:16:30,25.93,18900,25.93,D
sz002517,恺英网络,2025-09-16 10:16:33,25.92,12400,25.93,D
sz002517,恺英网络,2025-09-16 10:16:36,25.92,11700,25.92,D
sz002517,恺英网络,2025-09-16 10:16:39,25.92,10500,25.92,U
sz002517,恺英网络,2025-09-16 10:16:42,25.93,23500,25.92,U
sz002517,恺英网络,2025-09-16 10:16:45,25.97,33900,25.93,U
sz002517,恺英网络,2025-09-16 10:16:48,26.0,61000,25.97,U
sz002517,恺英网络,2025-09-16 10:16:51,26.0,53600,26.0,U
sz002517,恺英网络,2025-09-16 10:16:54,26.0,53000,26.0,U
sz002517,恺英网络,2025-09-16 10:16:57,26.0,9000,26.0,U
sz002517,恺英网络,2025-09-16 10:17:00,26.0,13800,26.0,U
sz002517,恺英网络,2025-09-16 10:17:03,26.0,164000,26.0,U
sz002517,恺英网络,2025-09-16 10:17:06,26.0,34900,26.0,U
sz002517,恺英网络,2025-09-16 10:17:09,25.99,29600,26.0,D
sz002517,恺英网络,2025-09-16 10:17:12,26.01,8100,25.99,E
sz002517,恺英网络,2025-09-16 10:17:15,26.01,35600,26.01,U
sz002517,恺英网络,2025-09-16 10:17:18,25.99,54300,26.01,D
sz002517,恺英网络,2025-09-16 10:17:21,25.91,64000,25.99,D
sz002517,恺英网络,2025-09-16 10:17:24,25.94,49300,25.91,U
sz002517,恺英网络,2025-09-16 10:17:27,25.91,31400,25.94,E
sz002517,恺英网络,2025-09-16 10:17:33,25.87,23500,25.87,U
sz002517,恺英网络,2025-09-16 10:17:36,25.81,13000,25.87,D
sz002517,恺英网络,2025-09-16 10:17:39,25.79,20100,25.81,D
sz002517,恺英网络,2025-09-16 10:17:45,25.79,27500,25.79,U
sz002517,恺英网络,2025-09-16 10:17:48,25.81,18800,25.79,E
sz002517,恺英网络,2025-09-16 10:17:51,25.81,10700,25.81,U
sz002517,恺英网络,2025-09-16 10:17:54,25.82,9300,25.81,U
sz002517,恺英网络,2025-09-16 10:17:57,25.8,31600,25.82,D
sz002517,恺英网络,2025-09-16 10:18:00,25.8,71400,25.8,U
sz002517,恺英网络,2025-09-16 10:18:03,25.76,22600,25.8,D
sz002517,恺英网络,2025-09-16 10:18:06,25.8,44800,25.76,E
sz002517,恺英网络,2025-09-16 10:18:09,25.74,25200,25.8,D
sz002517,恺英网络,2025-09-16 10:18:15,25.74,18000,25.76,D
sz002517,恺英网络,2025-09-16 10:18:18,25.76,12300,25.74,D
sz002517,恺英网络,2025-09-16 10:18:21,25.76,27800,25.76,U
sz002517,恺英网络,2025-09-16 10:18:24,25.75,62500,25.76,E
sz002517,恺英网络,2025-09-16 10:18:27,25.75,32400,25.75,D
sz002517,恺英网络,2025-09-16 10:18:30,25.8,18600,25.75,U
sz002517,恺英网络,2025-09-16 10:18:33,25.79,20400,25.8,U
sz002517,恺英网络,2025-09-16 10:18:39,25.78,11100,25.8,D
sz002517,恺英网络,2025-09-16 10:18:45,25.8,35900,25.79,U
sz002517,恺英网络,2025-09-16 10:18:54,25.79,32900,25.8,D
sz002517,恺英网络,2025-09-16 10:18:57,25.8,10400,25.79,U
sz002517,恺英网络,2025-09-16 10:19:00,25.8,15100,25.8,D
sz002517,恺英网络,2025-09-16 10:19:09,25.83,10600,25.83,U
sz002517,恺英网络,2025-09-16 10:19:18,25.86,8000,25.85,U
sz002517,恺英网络,2025-09-16 10:19:21,25.87,31300,25.86,U
sz002517,恺英网络,2025-09-16 10:19:30,25.9,32600,25.88,U
sz002517,恺英网络,2025-09-16 10:19:33,25.93,9700,25.9,U
sz002517,恺英网络,2025-09-16 10:19:36,25.94,32800,25.93,U
sz002517,恺英网络,2025-09-16 10:19:39,25.93,61500,25.94,E
sz002517,恺英网络,2025-09-16 10:19:42,25.91,98500,25.93,E
sz002517,恺英网络,2025-09-16 10:19:45,25.87,36900,25.91,D
sz002517,恺英网络,2025-09-16 10:19:48,25.89,15700,25.87,U
sz002517,恺英网络,2025-09-16 10:19:51,25.85,24700,25.89,D
sz002517,恺英网络,2025-09-16 10:19:54,25.93,20600,25.85,U
sz002517,恺英网络,2025-09-16 10:19:57,25.87,74900,25.93,D
sz002517,恺英网络,2025-09-16 10:20:00,25.92,8100,25.87,U
sz002517,恺英网络,2025-09-16 10:20:03,25.87,20700,25.92,D
sz002517,恺英网络,2025-09-16 10:20:06,25.91,8800,25.87,E
sz002517,恺英网络,2025-09-16 10:20:09,25.88,45700,25.91,E
sz002517,恺英网络,2025-09-16 10:20:12,25.9,15400,25.88,U
sz002517,恺英网络,2025-09-16 10:20:18,25.89,47800,25.9,E
sz002517,恺英网络,2025-09-16 10:20:24,25.89,23000,25.82,U
sz002517,恺英网络,2025-09-16 10:20:33,25.86,39500,25.82,E
sz002517,恺英网络,2025-09-16 10:20:39,25.85,8100,25.86,E
sz002517,恺英网络,2025-09-16 10:20:42,25.8,46000,25.85,D
sz002517,恺英网络,2025-09-16 10:20:45,25.77,19800,25.8,D
sz002517,恺英网络,2025-09-16 10:20:48,25.76,36600,25.77,D
sz002517,恺英网络,2025-09-16 10:20:51,25.75,9200,25.76,D
sz002517,恺英网络,2025-09-16 10:20:57,25.72,18000,25.75,D
sz002517,恺英网络,2025-09-16 10:21:03,25.69,49100,25.71,D
sz002517,恺英网络,2025-09-16 10:21:09,25.68,15100,25.69,E
sz002517,恺英网络,2025-09-16 10:21:12,25.66,13500,25.68,D
sz002517,恺英网络,2025-09-16 10:21:18,25.66,13300,25.66,D
sz002517,恺英网络,2025-09-16 10:21:21,25.64,18100,25.66,D
sz002517,恺英网络,2025-09-16 10:21:24,25.64,11600,25.64,U
sz002517,恺英网络,2025-09-16 10:21:27,25.62,14000,25.64,E
sz002517,恺英网络,2025-09-16 10:21:30,25.6,29100,25.62,D
sz002517,恺英网络,2025-09-16 10:21:33,25.59,38500,25.6,D
sz002517,恺英网络,2025-09-16 10:21:36,25.56,11600,25.59,D
sz002517,恺英网络,2025-09-16 10:21:42,25.56,15200,25.59,D
sz002517,恺英网络,2025-09-16 10:21:45,25.58,10100,25.56,U
sz002517,恺英网络,2025-09-16 10:21:48,25.56,8300,25.58,E
sz002517,恺英网络,2025-09-16 10:21:54,25.59,11300,25.57,U
sz002517,恺英网络,2025-09-16 10:22:03,25.69,52700,25.61,U
sz002517,恺英网络,2025-09-16 10:22:06,25.6,20600,25.69,D
sz002517,恺英网络,2025-09-16 10:22:09,25.66,7900,25.6,U
sz002517,恺英网络,2025-09-16 10:22:15,25.66,9400,25.66,U
sz002517,恺英网络,2025-09-16 10:22:18,25.66,20600,25.66,U
sz002517,恺英网络,2025-09-16 10:22:27,25.67,22500,25.67,U
sz002517,恺英网络,2025-09-16 10:22:30,25.67,96100,25.67,U
sz002517,恺英网络,2025-09-16 10:22:33,25.67,32500,25.67,D
sz002517,恺英网络,2025-09-16 10:22:36,25.67,20400,25.67,E
sz002517,恺英网络,2025-09-16 10:22:45,25.71,224400,25.68,U
sz002517,恺英网络,2025-09-16 10:22:48,25.73,54000,25.71,U
sz002517,恺英网络,2025-09-16 10:22:51,25.73,14700,25.73,U
sz002517,恺英网络,2025-09-16 10:22:54,25.73,8400,25.73,U
sz002517,恺英网络,2025-09-16 10:23:03,25.74,98800,25.72,U
sz002517,恺英网络,2025-09-16 10:23:06,25.74,7900,25.74,D
sz002517,恺英网络,2025-09-16 10:23:09,25.74,72600,25.74,D
sz002517,恺英网络,2025-09-16 10:23:18,25.79,44300,25.79,U
sz002517,恺英网络,2025-09-16 10:23:24,25.75,47800,25.79,D
sz002517,恺英网络,2025-09-16 10:23:27,25.76,27700,25.75,U
sz002517,恺英网络,2025-09-16 10:23:36,25.76,42400,25.76,E
sz002517,恺英网络,2025-09-16 10:23:45,25.77,56300,25.75,U
sz002517,恺英网络,2025-09-16 10:23:51,25.74,8800,25.77,D
sz002517,恺英网络,2025-09-16 10:23:57,25.77,9200,25.77,U
sz002517,恺英网络,2025-09-16 10:24:00,25.74,15200,25.77,D
sz002517,恺英网络,2025-09-16 10:24:06,25.77,44600,25.74,U
sz002517,恺英网络,2025-09-16 10:24:24,25.72,14500,25.73,D
sz002517,恺英网络,2025-09-16 10:24:36,25.69,38100,25.72,D
sz002517,恺英网络,2025-09-16 10:24:57,25.65,10600,25.7,D
sz002517,恺英网络,2025-09-16 10:25:27,25.69,57100,25.69,D
sz002517,恺英网络,2025-09-16 10:25:33,25.65,25700,25.69,D
sz002517,恺英网络,2025-09-16 10:25:36,25.66,16500,25.65,E
sz002517,恺英网络,2025-09-16 10:25:39,25.64,20900,25.66,D
sz002517,恺英网络,2025-09-16 10:25:45,25.65,10000,25.65,U
sz002517,恺英网络,2025-09-16 10:25:54,25.65,10100,25.65,D
sz002517,恺英网络,2025-09-16 10:25:57,25.64,10500,25.65,D
sz002517,恺英网络,2025-09-16 10:26:03,25.59,36700,25.64,D
sz002517,恺英网络,2025-09-16 10:26:12,25.6,38400,25.62,D
sz002517,恺英网络,2025-09-16 10:26:18,25.59,13400,25.6,D
sz002517,恺英网络,2025-09-16 10:26:45,25.63,15600,25.62,U
sz002517,恺英网络,2025-09-16 10:26:51,25.61,39800,25.62,D
sz002517,恺英网络,2025-09-16 10:26:54,25.58,17300,25.61,D
sz002517,恺英网络,2025-09-16 10:27:00,25.54,38200,25.58,D
sz002517,恺英网络,2025-09-16 10:27:03,25.52,16600,25.54,D
sz002517,恺英网络,2025-09-16 10:27:09,25.52,13600,25.52,D
sz002517,恺英网络,2025-09-16 10:27:12,25.51,8700,25.52,D
sz002517,恺英网络,2025-09-16 10:27:15,25.51,37200,25.51,D
sz002517,恺英网络,2025-09-16 10:27:18,25.49,14400,25.51,D
sz002517,恺英网络,2025-09-16 10:27:21,25.49,25000,25.49,D
sz002517,恺英网络,2025-09-16 10:27:24,25.48,11400,25.49,D
sz002517,恺英网络,2025-09-16 10:27:27,25.48,43100,25.48,D
sz002517,恺英网络,2025-09-16 10:27:30,25.48,11100,25.48,D
sz002517,恺英网络,2025-09-16 10:27:39,25.46,44200,25.48,D
sz002517,恺英网络,2025-09-16 10:27:42,25.45,9600,25.46,D
sz002517,恺英网络,2025-09-16 10:27:48,25.44,11300,25.45,U
sz002517,恺英网络,2025-09-16 10:27:51,25.41,23200,25.44,D
sz002517,恺英网络,2025-09-16 10:27:57,25.42,17100,25.41,U
sz002517,恺英网络,2025-09-16 10:28:00,25.42,9400,25.42,E
sz002517,恺英网络,2025-09-16 10:28:03,25.41,36600,25.42,D
sz002517,恺英网络,2025-09-16 10:28:06,25.43,13100,25.41,E
sz002517,恺英网络,2025-09-16 10:28:09,25.46,13400,25.43,U
sz002517,恺英网络,2025-09-16 10:28:27,25.49,20100,25.49,U
sz002517,恺英网络,2025-09-16 10:28:42,25.49,12200,25.52,D
sz002517,恺英网络,2025-09-16 10:28:45,25.5,9900,25.49,E
sz002517,恺英网络,2025-09-16 10:28:51,25.51,11300,25.52,D
sz002517,恺英网络,2025-09-16 10:29:06,25.51,13200,25.51,U
sz002517,恺英网络,2025-09-16 10:29:09,25.51,9700,25.51,U
sz002517,恺英网络,2025-09-16 10:29:12,25.51,7900,25.51,E
sz002517,恺英网络,2025-09-16 10:29:18,25.5,146400,25.51,D
sz002517,恺英网络,2025-09-16 10:29:24,25.5,8400,25.5,U
sz002517,恺英网络,2025-09-16 10:29:30,25.48,25400,25.5,D
sz002517,恺英网络,2025-09-16 10:29:42,25.48,45100,25.47,U
sz002517,恺英网络,2025-09-16 10:29:48,25.41,94700,25.48,D
sz002517,恺英网络,2025-09-16 10:29:54,25.41,10000,25.41,D
sz002517,恺英网络,2025-09-16 10:30:06,25.41,10500,25.42,D
sz002517,恺英网络,2025-09-16 10:30:18,25.43,17500,25.42,U
sz002517,恺英网络,2025-09-16 10:30:42,25.48,19400,25.47,U
sz002517,恺英网络,2025-09-16 10:30:48,25.47,51300,25.47,D
sz002517,恺英网络,2025-09-16 10:30:57,25.45,79000,25.48,D
sz002517,恺英网络,2025-09-16 10:31:00,25.43,26800,25.45,D
sz002517,恺英网络,2025-09-16 10:31:03,25.42,13900,25.43,D
sz002517,恺英网络,2025-09-16 10:31:18,25.4,52400,25.43,D
sz002517,恺英网络,2025-09-16 10:31:27,25.4,21000,25.4,U
sz002517,恺英网络,2025-09-16 10:31:30,25.37,38800,25.4,D
sz002517,恺英网络,2025-09-16 10:31:33,25.36,12000,25.37,D
sz002517,恺英网络,2025-09-16 10:32:06,25.35,19100,25.35,D
sz002517,恺英网络,2025-09-16 10:32:15,25.3,21200,25.33,D
sz002517,恺英网络,2025-09-16 10:32:18,25.3,14600,25.3,D
sz002517,恺英网络,2025-09-16 10:32:21,25.3,22700,25.3,D
sz002517,恺英网络,2025-09-16 10:32:27,25.3,18300,25.3,D
sz002517,恺英网络,2025-09-16 10:32:42,25.31,21500,25.3,U
sz002517,恺英网络,2025-09-16 10:33:00,25.32,8500,25.32,D
sz002517,恺英网络,2025-09-16 10:33:03,25.32,14000,25.32,U
sz002517,恺英网络,2025-09-16 10:33:36,25.3,9900,25.31,D
sz002517,恺英网络,2025-09-16 10:33:45,25.3,10800,25.31,D
sz002517,恺英网络,2025-09-16 10:33:48,25.3,23300,25.3,D
sz002517,恺英网络,2025-09-16 10:33:51,25.3,24600,25.3,U
sz002517,恺英网络,2025-09-16 10:34:06,25.3,38500,25.3,D
sz002517,恺英网络,2025-09-16 10:34:18,25.33,8700,25.31,U
sz002517,恺英网络,2025-09-16 10:34:27,25.33,16100,25.33,U
sz002517,恺英网络,2025-09-16 10:34:39,25.34,10300,25.34,U
sz002517,恺英网络,2025-09-16 10:35:30,25.35,8200,25.34,U
sz002517,恺英网络,2025-09-16 10:36:00,25.36,23300,25.37,D
sz002517,恺英网络,2025-09-16 10:36:03,25.37,20400,25.36,U
sz002517,恺英网络,2025-09-16 10:36:24,25.37,42500,25.36,U
sz002517,恺英网络,2025-09-16 10:36:48,25.38,25000,25.38,U
sz002517,恺英网络,2025-09-16 10:37:00,25.39,13500,25.38,U
sz002517,恺英网络,2025-09-16 10:37:15,25.42,34900,25.45,D
sz002517,恺英网络,2025-09-16 10:37:24,25.43,11100,25.43,U
sz002517,恺英网络,2025-09-16 10:37:30,25.41,19800,25.42,D
sz002517,恺英网络,2025-09-16 10:37:36,25.39,32300,25.41,D
sz002517,恺英网络,2025-09-16 10:37:48,25.38,26000,25.39,D
sz002517,恺英网络,2025-09-16 10:38:00,25.34,43900,25.36,D
sz002517,恺英网络,2025-09-16 10:38:09,25.31,19400,25.33,D
sz002517,恺英网络,2025-09-16 10:38:21,25.3,13200,25.31,D
sz002517,恺英网络,2025-09-16 10:38:27,25.3,32400,25.31,D
sz002517,恺英网络,2025-09-16 10:38:30,25.32,8700,25.3,U
sz002517,恺英网络,2025-09-16 10:38:51,25.32,17000,25.31,U
sz002517,恺英网络,2025-09-16 10:38:54,25.31,43000,25.32,D
sz002517,恺英网络,2025-09-16 10:38:57,25.31,8000,25.31,D
sz002517,恺英网络,2025-09-16 10:39:12,25.3,8500,25.31,D
sz002517,恺英网络,2025-09-16 10:39:18,25.3,35700,25.3,U
sz002517,恺英网络,2025-09-16 10:39:24,25.3,32100,25.3,U
sz002517,恺英网络,2025-09-16 10:39:45,25.26,32600,25.28,D
sz002517,恺英网络,2025-09-16 10:39:51,25.25,16600,25.25,D
sz002517,恺英网络,2025-09-16 10:40:00,25.25,45000,25.27,D
sz002517,恺英网络,2025-09-16 10:40:03,25.25,13000,25.25,D
sz002517,恺英网络,2025-09-16 10:40:06,25.24,20900,25.25,D
sz002517,恺英网络,2025-09-16 10:40:09,25.25,11900,25.24,E
sz002517,恺英网络,2025-09-16 10:40:12,25.31,106400,25.25,U
sz002517,恺英网络,2025-09-16 10:40:15,25.39,43700,25.31,U
sz002517,恺英网络,2025-09-16 10:40:33,25.36,11300,25.37,D
sz002517,恺英网络,2025-09-16 10:40:54,25.41,9500,25.38,U
sz002517,恺英网络,2025-09-16 10:41:00,25.39,24700,25.42,D
sz002517,恺英网络,2025-09-16 10:41:03,25.44,31400,25.39,U
sz002517,恺英网络,2025-09-16 10:41:12,25.4,19700,25.41,D
sz002517,恺英网络,2025-09-16 10:41:15,25.46,21500,25.4,U
sz002517,恺英网络,2025-09-16 10:41:36,25.41,17700,25.43,D
sz002517,恺英网络,2025-09-16 10:41:48,25.41,23400,25.42,E
sz002517,恺英网络,2025-09-16 10:42:12,25.41,12300,25.42,D
sz002517,恺英网络,2025-09-16 10:42:27,25.43,9500,25.42,U
sz002517,恺英网络,2025-09-16 10:42:30,25.41,18500,25.43,D
sz002517,恺英网络,2025-09-16 10:43:00,25.4,84500,25.43,D
sz002517,恺英网络,2025-09-16 10:43:24,25.35,38600,25.38,D
sz002517,恺英网络,2025-09-16 10:43:39,25.33,11400,25.34,D
sz002517,恺英网络,2025-09-16 10:43:42,25.31,15300,25.33,D
sz002517,恺英网络,2025-09-16 10:44:03,25.28,15500,25.32,D
sz002517,恺英网络,2025-09-16 10:45:03,25.29,14800,25.3,D
sz002517,恺英网络,2025-09-16 10:45:09,25.29,14200,25.3,D
sz002517,恺英网络,2025-09-16 10:45:36,25.32,8900,25.32,U
sz002517,恺英网络,2025-09-16 10:45:48,25.32,8400,25.32,D
sz002517,恺英网络,2025-09-16 10:45:51,25.3,18600,25.32,D
sz002517,恺英网络,2025-09-16 10:45:57,25.3,15800,25.3,D
sz002517,恺英网络,2025-09-16 10:46:15,25.31,8000,25.3,U
sz002517,恺英网络,2025-09-16 10:46:30,25.32,7900,25.31,U
sz002517,恺英网络,2025-09-16 10:46:33,25.32,29400,25.32,U
sz002517,恺英网络,2025-09-16 10:46:51,25.31,10400,25.32,D
sz002517,恺英网络,2025-09-16 10:46:54,25.31,40700,25.31,D
sz002517,恺英网络,2025-09-16 10:47:03,25.29,30400,25.29,D
sz002517,恺英网络,2025-09-16 10:47:06,25.32,9900,25.29,U
sz002517,恺英网络,2025-09-16 10:47:09,25.3,30200,25.32,D
sz002517,恺英网络,2025-09-16 10:47:21,25.32,20100,25.32,U
sz002517,恺英网络,2025-09-16 10:47:45,25.29,50600,25.32,D
sz002517,恺英网络,2025-09-16 10:47:48,25.3,9900,25.29,E
sz002517,恺英网络,2025-09-16 10:47:57,25.3,14100,25.29,U
sz002517,恺英网络,2025-09-16 10:48:09,25.28,8200,25.3,D
sz002517,恺英网络,2025-09-16 10:48:21,25.28,27000,25.29,D
sz002517,恺英网络,2025-09-16 10:48:27,25.28,30300,25.28,U
sz002517,恺英网络,2025-09-16 10:48:30,25.25,9300,25.28,D
sz002517,恺英网络,2025-09-16 10:48:33,25.25,10100,25.25,D
sz002517,恺英网络,2025-09-16 10:48:39,25.25,10100,25.26,D
sz002517,恺英网络,2025-09-16 10:48:42,25.25,14900,25.25,U
sz002517,恺英网络,2025-09-16 10:48:48,25.25,15700,25.26,D
sz002517,恺英网络,2025-09-16 10:48:51,25.25,10200,25.25,D
sz002517,恺英网络,2025-09-16 10:48:57,25.23,23900,25.24,D
sz002517,恺英网络,2025-09-16 10:49:09,25.24,10100,25.23,U
sz002517,恺英网络,2025-09-16 10:49:45,25.26,8700,25.25,U
sz002517,恺英网络,2025-09-16 10:50:42,25.26,10200,25.28,D
sz002517,恺英网络,2025-09-16 10:50:54,25.28,40300,25.27,U
sz002517,恺英网络,2025-09-16 10:51:21,25.29,17300,25.29,U
sz002517,恺英网络,2025-09-16 10:51:27,25.3,16700,25.29,U
sz002517,恺英网络,2025-09-16 10:51:42,25.33,9100,25.31,U
sz002517,恺英网络,2025-09-16 10:52:00,25.34,8300,25.34,U
sz002517,恺英网络,2025-09-16 10:52:03,25.33,50900,25.34,E
sz002517,恺英网络,2025-09-16 10:52:39,25.3,31600,25.31,D
sz002517,恺英网络,2025-09-16 10:52:45,25.29,18200,25.3,D
sz002517,恺英网络,2025-09-16 10:52:51,25.29,19400,25.3,U
sz002517,恺英网络,2025-09-16 10:53:00,25.28,10000,25.28,D
sz002517,恺英网络,2025-09-16 10:53:06,25.29,12000,25.29,U
sz002517,恺英网络,2025-09-16 10:53:09,25.28,37000,25.29,D
sz002517,恺英网络,2025-09-16 10:53:12,25.25,34000,25.28,D
sz002517,恺英网络,2025-09-16 10:53:15,25.24,44400,25.25,D
sz002517,恺英网络,2025-09-16 10:53:27,25.25,13900,25.25,D
sz002517,恺英网络,2025-09-16 10:54:03,25.24,10000,25.25,D
sz002517,恺英网络,2025-09-16 10:54:12,25.23,17300,25.24,D
sz002517,恺英网络,2025-09-16 10:54:21,25.23,37800,25.23,U
sz002517,恺英网络,2025-09-16 10:54:39,25.21,11400,25.22,D
sz002517,恺英网络,2025-09-16 10:54:48,25.21,15700,25.21,D
sz002517,恺英网络,2025-09-16 10:54:54,25.2,43200,25.22,D
sz002517,恺英网络,2025-09-16 10:54:57,25.21,10600,25.2,D
sz002517,恺英网络,2025-09-16 10:55:06,25.2,12400,25.2,D
sz002517,恺英网络,2025-09-16 10:55:12,25.2,9500,25.2,D
sz002517,恺英网络,2025-09-16 10:55:15,25.19,14800,25.2,D
sz002517,恺英网络,2025-09-16 10:55:21,25.18,34800,25.19,D
sz002517,恺英网络,2025-09-16 10:55:24,25.17,11400,25.18,D
sz002517,恺英网络,2025-09-16 10:55:27,25.15,17500,25.17,D
sz002517,恺英网络,2025-09-16 10:55:30,25.17,10900,25.15,U
sz002517,恺英网络,2025-09-16 10:55:39,25.15,12100,25.16,D
sz002517,恺英网络,2025-09-16 10:55:42,25.15,10000,25.15,D
sz002517,恺英网络,2025-09-16 10:55:45,25.15,18800,25.15,D
sz002517,恺英网络,2025-09-16 10:55:48,25.15,9500,25.15,D
sz002517,恺英网络,2025-09-16 10:55:51,25.15,10200,25.15,D
sz002517,恺英网络,2025-09-16 10:55:54,25.15,29000,25.15,D
sz002517,恺英网络,2025-09-16 10:56:06,25.14,19900,25.14,D
sz002517,恺英网络,2025-09-16 10:56:15,25.13,13200,25.13,D
sz002517,恺英网络,2025-09-16 10:56:24,25.12,18000,25.13,D
sz002517,恺英网络,2025-09-16 10:56:27,25.11,10100,25.12,D
sz002517,恺英网络,2025-09-16 10:56:45,25.1,12300,25.1,D
sz002517,恺英网络,2025-09-16 10:56:51,25.1,17500,25.1,D
sz002517,恺英网络,2025-09-16 10:57:00,25.12,14300,25.11,U
sz002517,恺英网络,2025-09-16 10:57:18,25.11,8300,25.11,D
sz002517,恺英网络,2025-09-16 10:57:21,25.11,8700,25.11,D
sz002517,恺英网络,2025-09-16 10:57:30,25.11,8700,25.11,D
sz002517,恺英网络,2025-09-16 10:57:57,25.1,16300,25.12,D
sz002517,恺英网络,2025-09-16 10:58:00,25.11,22000,25.1,U
sz002517,恺英网络,2025-09-16 10:58:03,25.14,35800,25.11,U
sz002517,恺英网络,2025-09-16 10:58:06,25.15,13700,25.14,U
sz002517,恺英网络,2025-09-16 10:58:15,25.18,60200,25.18,D
sz002517,恺英网络,2025-09-16 10:58:21,25.17,12600,25.18,D
sz002517,恺英网络,2025-09-16 10:58:45,25.2,28800,25.18,U
sz002517,恺英网络,2025-09-16 10:58:48,25.16,70100,25.2,D
sz002517,恺英网络,2025-09-16 10:58:51,25.16,23100,25.16,D
sz002517,恺英网络,2025-09-16 10:58:54,25.19,9800,25.16,U
sz002517,恺英网络,2025-09-16 10:59:45,25.18,64400,25.2,D
sz002517,恺英网络,2025-09-16 10:59:48,25.21,8700,25.18,U
sz002517,恺英网络,2025-09-16 10:59:51,25.19,11000,25.21,D
sz002517,恺英网络,2025-09-16 10:59:54,25.2,9500,25.19,U
sz002517,恺英网络,2025-09-16 11:01:36,25.16,26300,25.17,D
sz002517,恺英网络,2025-09-16 11:01:39,25.16,12200,25.16,D
sz002517,恺英网络,2025-09-16 11:01:45,25.14,102000,25.15,D
sz002517,恺英网络,2025-09-16 11:01:48,25.13,25600,25.14,D
sz002517,恺英网络,2025-09-16 11:01:51,25.1,56500,25.13,D
sz002517,恺英网络,2025-09-16 11:01:54,25.11,12600,25.1,D
sz002517,恺英网络,2025-09-16 11:01:57,25.1,15000,25.11,D
sz002517,恺英网络,2025-09-16 11:02:00,25.11,29500,25.1,U
sz002517,恺英网络,2025-09-16 11:02:03,25.15,9700,25.11,U
sz002517,恺英网络,2025-09-16 11:02:06,25.14,18800,25.15,D
sz002517,恺英网络,2025-09-16 11:02:09,25.14,18500,25.14,D
sz002517,恺英网络,2025-09-16 11:02:12,25.13,9700,25.14,D
sz002517,恺英网络,2025-09-16 11:02:51,25.13,8600,25.13,D
sz002517,恺英网络,2025-09-16 11:03:06,25.16,16800,25.14,U
sz002517,恺英网络,2025-09-16 11:03:12,25.14,9500,25.15,D
sz002517,恺英网络,2025-09-16 11:03:48,25.17,10600,25.17,D
sz002517,恺英网络,2025-09-16 11:03:51,25.17,15300,25.17,U
sz002517,恺英网络,2025-09-16 11:03:54,25.17,11700,25.17,D
sz002517,恺英网络,2025-09-16 11:03:57,25.16,28700,25.17,D
sz002517,恺英网络,2025-09-16 11:04:00,25.14,12000,25.16,D
sz002517,恺英网络,2025-09-16 11:04:03,25.15,17900,25.14,U
sz002517,恺英网络,2025-09-16 11:04:09,25.14,26600,25.16,D
sz002517,恺英网络,2025-09-16 11:04:15,25.18,9200,25.15,U
sz002517,恺英网络,2025-09-16 11:04:39,25.14,8800,25.14,D
sz002517,恺英网络,2025-09-16 11:05:15,25.14,15900,25.14,D
sz002517,恺英网络,2025-09-16 11:05:21,25.12,8300,25.13,D
sz002517,恺英网络,2025-09-16 11:05:48,25.13,22100,25.15,D
sz002517,恺英网络,2025-09-16 11:06:03,25.19,58100,25.16,U
sz002517,恺英网络,2025-09-16 11:06:06,25.2,8000,25.19,U
sz002517,恺英网络,2025-09-16 11:06:45,25.22,9500,25.2,U
sz002517,恺英网络,2025-09-16 11:06:51,25.24,12700,25.24,U
sz002517,恺英网络,2025-09-16 11:07:42,25.25,15500,25.24,U
sz002517,恺英网络,2025-09-16 11:07:45,25.23,11500,25.25,D
sz002517,恺英网络,2025-09-16 11:08:06,25.25,34500,25.25,U
sz002517,恺英网络,2025-09-16 11:08:15,25.34,23400,25.29,U
sz002517,恺英网络,2025-09-16 11:08:18,25.39,11500,25.34,U
sz002517,恺英网络,2025-09-16 11:08:24,25.38,8800,25.38,U
sz002517,恺英网络,2025-09-16 11:08:48,25.31,22400,25.3,D
sz002517,恺英网络,2025-09-16 11:09:51,25.38,11100,25.34,U
sz002517,恺英网络,2025-09-16 11:09:57,25.39,34300,25.38,U
sz002517,恺英网络,2025-09-16 11:10:15,25.37,9600,25.38,E
sz002517,恺英网络,2025-09-16 11:10:24,25.4,14600,25.39,U
sz002517,恺英网络,2025-09-16 11:11:09,25.38,10700,25.39,D
sz002517,恺英网络,2025-09-16 11:11:12,25.4,35800,25.38,U
sz002517,恺英网络,2025-09-16 11:11:15,25.41,11300,25.4,U
sz002517,恺英网络,2025-09-16 11:11:21,25.41,13200,25.41,U
sz002517,恺英网络,2025-09-16 11:11:30,25.41,8900,25.45,D
sz002517,恺英网络,2025-09-16 11:11:36,25.42,8800,25.44,D
sz002517,恺英网络,2025-09-16 11:11:54,25.45,40300,25.43,U
sz002517,恺英网络,2025-09-16 11:11:57,25.47,8400,25.45,U
sz002517,恺英网络,2025-09-16 11:12:06,25.47,18500,25.47,U
sz002517,恺英网络,2025-09-16 11:12:30,25.44,48000,25.45,D
sz002517,恺英网络,2025-09-16 11:12:33,25.45,25100,25.44,U
sz002517,恺英网络,2025-09-16 11:12:36,25.48,32900,25.45,U
sz002517,恺英网络,2025-09-16 11:12:39,25.5,17700,25.48,U
sz002517,恺英网络,2025-09-16 11:12:45,25.51,12900,25.5,U
sz002517,恺英网络,2025-09-16 11:12:51,25.51,10900,25.51,U
sz002517,恺英网络,2025-09-16 11:12:57,25.53,15300,25.52,E
sz002517,恺英网络,2025-09-16 11:13:00,25.6,55900,25.53,U
sz002517,恺英网络,2025-09-16 11:13:06,25.54,13200,25.61,D
sz002517,恺英网络,2025-09-16 11:13:09,25.61,31800,25.54,U
sz002517,恺英网络,2025-09-16 11:13:27,25.56,10800,25.58,E
sz002517,恺英网络,2025-09-16 11:13:33,25.56,12000,25.58,D
sz002517,恺英网络,2025-09-16 11:13:45,25.59,14900,25.58,U
sz002517,恺英网络,2025-09-16 11:13:57,25.58,29400,25.59,E
sz002517,恺英网络,2025-09-16 11:14:00,25.52,37600,25.58,D
sz002517,恺英网络,2025-09-16 11:14:03,25.56,23400,25.52,U
sz002517,恺英网络,2025-09-16 11:14:24,25.49,13300,25.51,D
sz002517,恺英网络,2025-09-16 11:14:36,25.47,10500,25.47,U
sz002517,恺英网络,2025-09-16 11:14:42,25.5,34100,25.48,U
sz002517,恺英网络,2025-09-16 11:14:45,25.51,35000,25.5,U
sz002517,恺英网络,2025-09-16 11:14:48,25.56,15100,25.51,U
sz002517,恺英网络,2025-09-16 11:14:57,25.5,9200,25.55,D
sz002517,恺英网络,2025-09-16 11:15:39,25.56,12400,25.54,U
sz002517,恺英网络,2025-09-16 11:15:51,25.51,16300,25.52,D
sz002517,恺英网络,2025-09-16 11:16:00,25.48,15100,25.48,D
sz002517,恺英网络,2025-09-16 11:16:24,25.42,13000,25.44,D
sz002517,恺英网络,2025-09-16 11:17:33,25.39,58800,25.36,U
sz002517,恺英网络,2025-09-16 11:19:00,25.48,31900,25.47,U
sz002517,恺英网络,2025-09-16 11:19:03,25.48,16200,25.48,D
sz002517,恺英网络,2025-09-16 11:19:54,25.46,12800,25.49,D
sz002517,恺英网络,2025-09-16 11:20:45,25.47,27200,25.47,U
sz002517,恺英网络,2025-09-16 11:20:57,25.48,9500,25.48,U
sz002517,恺英网络,2025-09-16 11:21:21,25.48,15300,25.47,U
sz002517,恺英网络,2025-09-16 11:22:03,25.45,22100,25.45,D
sz002517,恺英网络,2025-09-16 11:22:09,25.48,19100,25.45,U
sz002517,恺英网络,2025-09-16 11:22:12,25.48,11400,25.48,U
sz002517,恺英网络,2025-09-16 11:22:27,25.51,21800,25.48,U
sz002517,恺英网络,2025-09-16 11:22:36,25.51,13300,25.54,E
sz002517,恺英网络,2025-09-16 11:23:15,25.54,22100,25.53,U
sz002517,恺英网络,2025-09-16 11:23:33,25.52,14400,25.55,D
sz002517,恺英网络,2025-09-16 11:23:36,25.52,28100,25.52,E
sz002517,恺英网络,2025-09-16 11:23:57,25.52,20100,25.54,D
sz002517,恺英网络,2025-09-16 11:24:09,25.49,28400,25.5,D
sz002517,恺英网络,2025-09-16 11:25:39,25.47,9200,25.47,U
sz002517,恺英网络,2025-09-16 11:25:45,25.5,30000,25.46,U
sz002517,恺英网络,2025-09-16 11:26:48,25.43,36900,25.48,D
sz002517,恺英网络,2025-09-16 11:27:51,25.39,21300,25.42,D
sz002517,恺英网络,2025-09-16 11:28:15,25.4,14600,25.39,E
sz002517,恺英网络,2025-09-16 11:29:00,25.37,16700,25.36,U
sz002517,恺英网络,2025-09-16 11:29:03,25.36,15500,25.37,D
sz002517,恺英网络,2025-09-16 11:29:57,25.39,17200,25.43,D
sz002517,恺英网络,2025-09-16 13:00:00,25.38,29600,25.39,D
sz002517,恺英网络,2025-09-16 13:00:03,25.39,42300,25.38,D
sz002517,恺英网络,2025-09-16 13:00:12,25.32,15300,25.35,D
sz002517,恺英网络,2025-09-16 13:00:21,25.39,32900,25.31,U
sz002517,恺英网络,2025-09-16 13:00:33,25.4,14500,25.38,U
sz002517,恺英网络,2025-09-16 13:01:33,25.4,8700,25.4,D
sz002517,恺英网络,2025-09-16 13:01:39,25.45,13600,25.41,U
sz002517,恺英网络,2025-09-16 13:01:45,25.46,10700,25.46,U
sz002517,恺英网络,2025-09-16 13:01:57,25.43,10800,25.49,D
sz002517,恺英网络,2025-09-16 13:02:36,25.49,7900,25.43,U
sz002517,恺英网络,2025-09-16 13:02:45,25.43,10300,25.43,D
sz002517,恺英网络,2025-09-16 13:03:48,25.39,66800,25.4,D
sz002517,恺英网络,2025-09-16 13:03:51,25.36,15100,25.39,D
sz002517,恺英网络,2025-09-16 13:04:57,25.31,10100,25.31,D
sz002517,恺英网络,2025-09-16 13:05:09,25.32,40755,25.32,U
sz002517,恺英网络,2025-09-16 13:05:39,25.55,400000,25.32,U
sz002517,恺英网络,2025-09-16 13:05:42,25.39,30800,25.55,D
sz002517,恺英网络,2025-09-16 13:05:45,25.39,95400,25.39,D
sz002517,恺英网络,2025-09-16 13:05:54,25.42,10800,25.4,U
sz002517,恺英网络,2025-09-16 13:07:21,25.41,10100,25.41,U
sz002517,恺英网络,2025-09-16 13:08:03,25.38,8200,25.38,D
sz002517,恺英网络,2025-09-16 13:08:06,25.37,8300,25.38,D
sz002517,恺英网络,2025-09-16 13:08:18,25.34,23100,25.38,D
sz002517,恺英网络,2025-09-16 13:08:24,25.4,79600,25.33,U
sz002517,恺英网络,2025-09-16 13:08:36,25.4,19500,25.4,D
sz002517,恺英网络,2025-09-16 13:08:39,25.4,10900,25.4,D
sz002517,恺英网络,2025-09-16 13:09:18,25.42,7900,25.41,U
sz002517,恺英网络,2025-09-16 13:09:21,25.41,12700,25.42,D
sz002517,恺英网络,2025-09-16 13:09:36,25.41,43100,25.41,D
sz002517,恺英网络,2025-09-16 13:09:42,25.38,17300,25.41,D
sz002517,恺英网络,2025-09-16 13:10:36,25.38,8500,25.37,U
sz002517,恺英网络,2025-09-16 13:11:03,25.4,35300,25.37,U
sz002517,恺英网络,2025-09-16 13:11:48,25.4,8100,25.41,D
sz002517,恺英网络,2025-09-16 13:12:15,25.39,11500,25.4,D
sz002517,恺英网络,2025-09-16 13:12:18,25.36,46800,25.39,D
sz002517,恺英网络,2025-09-16 13:12:21,25.35,12000,25.36,D
sz002517,恺英网络,2025-09-16 13:12:42,25.3,57745,25.34,D
sz002517,恺英网络,2025-09-16 13:12:45,25.3,11700,25.3,U
sz002517,恺英网络,2025-09-16 13:13:06,25.27,11800,25.27,D
sz002517,恺英网络,2025-09-16 13:13:15,25.27,30400,25.26,U
sz002517,恺英网络,2025-09-16 13:13:18,25.26,14700,25.27,D
sz002517,恺英网络,2025-09-16 13:13:30,25.33,9600,25.25,U
sz002517,恺英网络,2025-09-16 13:13:51,25.25,23200,25.27,D
sz002517,恺英网络,2025-09-16 13:14:15,25.26,17400,25.34,D
sz002517,恺英网络,2025-09-16 13:15:27,25.3,9200,25.3,D
sz002517,恺英网络,2025-09-16 13:15:33,25.3,22800,25.3,D
sz002517,恺英网络,2025-09-16 13:15:42,25.3,10400,25.32,D
sz002517,恺英网络,2025-09-16 13:16:24,25.34,107555,25.34,U
sz002517,恺英网络,2025-09-16 13:16:27,25.34,73900,25.34,D
sz002517,恺英网络,2025-09-16 13:16:30,25.34,22600,25.34,D
sz002517,恺英网络,2025-09-16 13:16:54,25.34,13600,25.35,E
sz002517,恺英网络,2025-09-16 13:17:09,25.34,14200,25.34,D
sz002517,恺英网络,2025-09-16 13:17:12,25.32,8500,25.34,D
sz002517,恺英网络,2025-09-16 13:17:24,25.33,10800,25.33,D
sz002517,恺英网络,2025-09-16 13:17:30,25.34,14100,25.33,U
sz002517,恺英网络,2025-09-16 13:18:09,25.3,48400,25.31,D
sz002517,恺英网络,2025-09-16 13:18:24,25.27,8800,25.28,D
sz002517,恺英网络,2025-09-16 13:18:39,25.29,9600,25.29,D
sz002517,恺英网络,2025-09-16 13:18:48,25.3,11300,25.3,D
sz002517,恺英网络,2025-09-16 13:18:51,25.36,125800,25.3,U
sz002517,恺英网络,2025-09-16 13:18:54,25.35,24600,25.36,E
sz002517,恺英网络,2025-09-16 13:18:57,25.34,9700,25.35,D
sz002517,恺英网络,2025-09-16 13:19:54,25.34,14200,25.33,U
sz002517,恺英网络,2025-09-16 13:20:03,25.35,27600,25.33,U
sz002517,恺英网络,2025-09-16 13:20:30,25.34,41500,25.33,U
sz002517,恺英网络,2025-09-16 13:20:33,25.34,7900,25.34,D
sz002517,恺英网络,2025-09-16 13:20:39,25.35,36200,25.34,U
sz002517,恺英网络,2025-09-16 13:20:42,25.35,8800,25.35,D
sz002517,恺英网络,2025-09-16 13:21:54,25.35,19700,25.34,U
sz002517,恺英网络,2025-09-16 13:22:21,25.34,30500,25.34,D
sz002517,恺英网络,2025-09-16 13:22:39,25.35,39800,25.33,U
sz002517,恺英网络,2025-09-16 13:22:42,25.33,10000,25.35,D
sz002517,恺英网络,2025-09-16 13:22:57,25.33,9400,25.33,D
sz002517,恺英网络,2025-09-16 13:23:18,25.37,20400,25.34,U
sz002517,恺英网络,2025-09-16 13:23:21,25.38,8900,25.37,U
sz002517,恺英网络,2025-09-16 13:23:39,25.37,17000,25.36,D
sz002517,恺英网络,2025-09-16 13:23:45,25.38,8900,25.4,D
sz002517,恺英网络,2025-09-16 13:24:06,25.37,16400,25.37,E
sz002517,恺英网络,2025-09-16 13:24:12,25.35,17300,25.35,D
sz002517,恺英网络,2025-09-16 13:24:42,25.38,9500,25.39,D
sz002517,恺英网络,2025-09-16 13:24:45,25.41,12100,25.38,U
sz002517,恺英网络,2025-09-16 13:25:36,25.41,11000,25.4,D
sz002517,恺英网络,2025-09-16 13:25:45,25.48,9500,25.46,U
sz002517,恺英网络,2025-09-16 13:25:48,25.46,10500,25.48,E
sz002517,恺英网络,2025-09-16 13:25:51,25.48,14000,25.46,U
sz002517,恺英网络,2025-09-16 13:25:57,25.48,9200,25.42,U
sz002517,恺英网络,2025-09-16 13:26:24,25.42,11400,25.44,D
sz002517,恺英网络,2025-09-16 13:26:27,25.4,13900,25.42,D
sz002517,恺英网络,2025-09-16 13:26:30,25.43,10000,25.4,U
sz002517,恺英网络,2025-09-16 13:26:36,25.4,9600,25.4,D
sz002517,恺英网络,2025-09-16 13:26:51,25.4,9600,25.46,D
sz002517,恺英网络,2025-09-16 13:27:21,25.42,8300,25.47,D
sz002517,恺英网络,2025-09-16 13:27:36,25.5,11600,25.42,U
sz002517,恺英网络,2025-09-16 13:28:06,25.46,8100,25.45,E
sz002517,恺英网络,2025-09-16 13:28:24,25.5,8900,25.46,U
sz002517,恺英网络,2025-09-16 13:28:27,25.56,17400,25.5,U
sz002517,恺英网络,2025-09-16 13:28:30,25.43,56800,25.56,D
sz002517,恺英网络,2025-09-16 13:28:33,25.55,22000,25.43,U
sz002517,恺英网络,2025-09-16 13:29:00,25.54,16400,25.54,D
sz002517,恺英网络,2025-09-16 13:29:09,25.49,15600,25.54,D
sz002517,恺英网络,2025-09-16 13:29:48,25.48,9000,25.53,E
sz002517,恺英网络,2025-09-16 13:29:54,25.54,14900,25.48,U
sz002517,恺英网络,2025-09-16 13:29:57,25.55,8300,25.54,U
sz002517,恺英网络,2025-09-16 13:30:03,25.54,13800,25.5,U
sz002517,恺英网络,2025-09-16 13:30:09,25.53,9100,25.53,U
sz002517,恺英网络,2025-09-16 13:30:12,25.56,10400,25.53,U
sz002517,恺英网络,2025-09-16 13:30:24,25.53,27100,25.54,D
sz002517,恺英网络,2025-09-16 13:31:00,25.51,10200,25.52,D
sz002517,恺英网络,2025-09-16 13:31:03,25.5,17500,25.51,D
sz002517,恺英网络,2025-09-16 13:31:06,25.51,13700,25.5,U
sz002517,恺英网络,2025-09-16 13:31:33,25.54,8800,25.49,U
sz002517,恺英网络,2025-09-16 13:31:51,25.49,10500,25.48,E
sz002517,恺英网络,2025-09-16 13:32:06,25.47,19000,25.48,D
sz002517,恺英网络,2025-09-16 13:32:21,25.54,19100,25.48,U
sz002517,恺英网络,2025-09-16 13:32:51,25.53,22355,25.54,D
sz002517,恺英网络,2025-09-16 13:32:54,25.56,12000,25.53,U
sz002517,恺英网络,2025-09-16 13:33:00,25.55,10200,25.57,D
sz002517,恺英网络,2025-09-16 13:33:03,25.55,12400,25.55,D
sz002517,恺英网络,2025-09-16 13:33:12,25.55,11500,25.55,E
sz002517,恺英网络,2025-09-16 13:33:33,25.56,17200,25.55,U
sz002517,恺英网络,2025-09-16 13:33:45,25.55,12300,25.55,E
sz002517,恺英网络,2025-09-16 13:34:39,25.56,9100,25.57,U
sz002517,恺英网络,2025-09-16 13:34:51,25.57,19600,25.54,U
sz002517,恺英网络,2025-09-16 13:34:54,25.55,17500,25.57,E
sz002517,恺英网络,2025-09-16 13:36:06,25.54,12300,25.52,U
sz002517,恺英网络,2025-09-16 13:36:09,25.53,46700,25.54,D
sz002517,恺英网络,2025-09-16 13:36:12,25.53,10200,25.53,D
sz002517,恺英网络,2025-09-16 13:36:27,25.55,21000,25.53,U
sz002517,恺英网络,2025-09-16 13:36:33,25.56,10600,25.55,U
sz002517,恺英网络,2025-09-16 13:36:54,25.56,11000,25.56,U
sz002517,恺英网络,2025-09-16 13:37:06,25.56,8100,25.56,U
sz002517,恺英网络,2025-09-16 13:37:09,25.56,42800,25.56,U
sz002517,恺英网络,2025-09-16 13:37:15,25.55,11700,25.56,D
sz002517,恺英网络,2025-09-16 13:37:39,25.55,9400,25.54,U
sz002517,恺英网络,2025-09-16 13:37:42,25.54,18000,25.55,D
sz002517,恺英网络,2025-09-16 13:37:51,25.56,14900,25.55,U
sz002517,恺英网络,2025-09-16 13:38:21,25.52,15300,25.53,D
sz002517,恺英网络,2025-09-16 13:38:39,25.54,14900,25.53,U
sz002517,恺英网络,2025-09-16 13:39:27,25.54,14600,25.53,U
sz002517,恺英网络,2025-09-16 13:39:33,25.54,15300,25.54,U
sz002517,恺英网络,2025-09-16 13:40:12,25.54,12500,25.53,U
sz002517,恺英网络,2025-09-16 13:40:15,25.58,58900,25.54,U
sz002517,恺英网络,2025-09-16 13:40:18,25.58,41900,25.58,E
sz002517,恺英网络,2025-09-16 13:40:36,25.61,11900,25.62,D
sz002517,恺英网络,2025-09-16 13:41:06,25.62,10100,25.62,U
sz002517,恺英网络,2025-09-16 13:41:15,25.57,14400,25.57,U
sz002517,恺英网络,2025-09-16 13:41:18,25.57,16200,25.57,U
sz002517,恺英网络,2025-09-16 13:41:39,25.63,14900,25.59,U
sz002517,恺英网络,2025-09-16 13:41:57,25.6,18000,25.6,D
sz002517,恺英网络,2025-09-16 13:42:00,25.63,9900,25.6,U
sz002517,恺英网络,2025-09-16 13:42:15,25.65,14600,25.62,U
sz002517,恺英网络,2025-09-16 13:42:18,25.62,14300,25.65,E
sz002517,恺英网络,2025-09-16 13:42:21,25.65,8500,25.62,U
sz002517,恺英网络,2025-09-16 13:42:30,25.68,40500,25.65,U
sz002517,恺英网络,2025-09-16 13:42:39,25.68,13900,25.68,U
sz002517,恺英网络,2025-09-16 13:42:48,25.69,9500,25.69,U
sz002517,恺英网络,2025-09-16 13:42:51,25.67,12700,25.69,D
sz002517,恺英网络,2025-09-16 13:42:57,25.73,19000,25.69,U
sz002517,恺英网络,2025-09-16 13:43:36,25.71,9200,25.72,D
sz002517,恺英网络,2025-09-16 13:43:42,25.73,8900,25.71,U
sz002517,恺英网络,2025-09-16 13:43:45,25.73,17300,25.73,U
sz002517,恺英网络,2025-09-16 13:43:48,25.73,11700,25.73,D
sz002517,恺英网络,2025-09-16 13:44:00,25.73,24600,25.75,D
sz002517,恺英网络,2025-09-16 13:44:03,25.75,14700,25.73,U
sz002517,恺英网络,2025-09-16 13:44:12,25.79,15400,25.76,U
sz002517,恺英网络,2025-09-16 13:44:42,25.79,26300,25.78,U
sz002517,恺英网络,2025-09-16 13:44:45,25.8,9400,25.79,U
sz002517,恺英网络,2025-09-16 13:44:48,25.79,16100,25.8,D
sz002517,恺英网络,2025-09-16 13:44:54,25.78,19500,25.79,E
sz002517,恺英网络,2025-09-16 13:45:03,25.78,9300,25.79,D
sz002517,恺英网络,2025-09-16 13:45:06,25.77,9400,25.78,D
sz002517,恺英网络,2025-09-16 13:45:12,25.76,101700,25.75,U
sz002517,恺英网络,2025-09-16 13:45:48,25.82,198300,25.77,U
sz002517,恺英网络,2025-09-16 13:45:51,25.83,14200,25.82,U
sz002517,恺英网络,2025-09-16 13:46:12,25.86,19500,25.86,U
sz002517,恺英网络,2025-09-16 13:46:39,25.87,8500,25.88,D
sz002517,恺英网络,2025-09-16 13:46:51,25.88,9600,25.87,U
sz002517,恺英网络,2025-09-16 13:46:54,25.84,26800,25.88,D
sz002517,恺英网络,2025-09-16 13:46:57,25.82,24200,25.84,E
sz002517,恺英网络,2025-09-16 13:47:12,25.82,11200,25.84,D
sz002517,恺英网络,2025-09-16 13:47:15,25.86,10300,25.82,E
sz002517,恺英网络,2025-09-16 13:47:18,25.86,10700,25.86,E
sz002517,恺英网络,2025-09-16 13:47:21,25.86,16600,25.86,D
sz002517,恺英网络,2025-09-16 13:47:24,25.88,18700,25.86,U
sz002517,恺英网络,2025-09-16 13:47:27,25.88,40100,25.88,U
sz002517,恺英网络,2025-09-16 13:47:30,25.88,9100,25.88,U
sz002517,恺英网络,2025-09-16 13:47:51,25.89,16100,25.9,D
sz002517,恺英网络,2025-09-16 13:47:57,25.9,27000,25.9,U
sz002517,恺英网络,2025-09-16 13:48:00,25.92,10200,25.9,U
sz002517,恺英网络,2025-09-16 13:48:03,25.91,13500,25.92,E
sz002517,恺英网络,2025-09-16 13:48:09,25.92,12200,25.9,U
sz002517,恺英网络,2025-09-16 13:48:12,25.93,58400,25.92,U
sz002517,恺英网络,2025-09-16 13:48:21,25.9,13500,25.91,D
sz002517,恺英网络,2025-09-16 13:48:24,25.9,21300,25.9,D
sz002517,恺英网络,2025-09-16 13:48:27,25.9,14200,25.9,D
sz002517,恺英网络,2025-09-16 13:48:36,25.91,177300,25.88,U
sz002517,恺英网络,2025-09-16 13:48:42,25.95,37900,25.94,U
sz002517,恺英网络,2025-09-16 13:48:48,25.96,11300,25.95,U
sz002517,恺英网络,2025-09-16 13:48:57,25.92,9900,25.98,D
sz002517,恺英网络,2025-09-16 13:49:00,25.97,15000,25.92,U
sz002517,恺英网络,2025-09-16 13:49:06,25.96,13700,25.94,E
sz002517,恺英网络,2025-09-16 13:49:09,25.99,37900,25.96,U
sz002517,恺英网络,2025-09-16 13:49:12,25.98,36900,25.99,U
sz002517,恺英网络,2025-09-16 13:49:15,25.99,112200,25.98,U
sz002517,恺英网络,2025-09-16 13:49:18,25.99,26000,25.99,D
sz002517,恺英网络,2025-09-16 13:49:21,25.99,8100,25.99,U
sz002517,恺英网络,2025-09-16 13:49:24,25.98,11800,25.99,D
sz002517,恺英网络,2025-09-16 13:49:27,25.99,14300,25.98,U
sz002517,恺英网络,2025-09-16 13:49:30,25.99,9800,25.99,D
sz002517,恺英网络,2025-09-16 13:49:42,25.98,13400,25.98,U
sz002517,恺英网络,2025-09-16 13:49:45,25.98,94800,25.98,U
sz002517,恺英网络,2025-09-16 13:49:48,25.95,18800,25.98,D
sz002517,恺英网络,2025-09-16 13:50:00,25.97,12500,25.99,D
sz002517,恺英网络,2025-09-16 13:50:03,25.98,43700,25.97,U
sz002517,恺英网络,2025-09-16 13:50:06,25.99,10600,25.98,U
sz002517,恺英网络,2025-09-16 13:50:18,25.97,10100,25.98,D
sz002517,恺英网络,2025-09-16 13:50:21,25.99,28500,25.97,U
sz002517,恺英网络,2025-09-16 13:50:30,25.97,16700,25.93,U
sz002517,恺英网络,2025-09-16 13:50:36,25.93,8500,25.94,D
sz002517,恺英网络,2025-09-16 13:50:48,25.91,8800,25.92,D
sz002517,恺英网络,2025-09-16 13:50:54,25.92,14600,25.9,U
sz002517,恺英网络,2025-09-16 13:50:57,25.9,11500,25.92,D
sz002517,恺英网络,2025-09-16 13:51:15,25.89,9900,25.87,U
sz002517,恺英网络,2025-09-16 13:51:18,25.89,10800,25.89,D
sz002517,恺英网络,2025-09-16 13:51:27,25.91,8300,25.89,U
sz002517,恺英网络,2025-09-16 13:51:33,25.93,13400,25.94,E
sz002517,恺英网络,2025-09-16 13:51:39,25.98,15500,25.93,U
sz002517,恺英网络,2025-09-16 13:51:45,25.97,8100,25.95,E
sz002517,恺英网络,2025-09-16 13:51:48,25.94,96600,25.97,D
sz002517,恺英网络,2025-09-16 13:51:51,25.97,10800,25.94,E
sz002517,恺英网络,2025-09-16 13:52:03,25.94,18300,25.96,D
sz002517,恺英网络,2025-09-16 13:52:06,25.95,9900,25.94,U
sz002517,恺英网络,2025-09-16 13:52:15,25.95,10400,25.95,D
sz002517,恺英网络,2025-09-16 13:52:36,25.97,8400,25.97,D
sz002517,恺英网络,2025-09-16 13:52:39,26.0,34100,25.97,U
sz002517,恺英网络,2025-09-16 13:52:45,25.98,24700,25.99,E
sz002517,恺英网络,2025-09-16 13:53:12,25.99,71200,25.98,U
sz002517,恺英网络,2025-09-16 13:53:15,25.99,11500,25.99,D
sz002517,恺英网络,2025-09-16 13:53:18,26.0,19800,25.99,U
sz002517,恺英网络,2025-09-16 13:53:21,25.98,19300,26.0,D
sz002517,恺英网络,2025-09-16 13:53:24,26.0,7800,25.98,U
sz002517,恺英网络,2025-09-16 13:53:33,26.0,8700,26.0,U
sz002517,恺英网络,2025-09-16 13:53:45,26.0,10000,26.0,U
sz002517,恺英网络,2025-09-16 13:53:51,25.99,22700,26.0,D
sz002517,恺英网络,2025-09-16 13:53:54,25.99,17400,25.99,D
sz002517,恺英网络,2025-09-16 13:53:57,25.99,12900,25.99,D
sz002517,恺英网络,2025-09-16 13:54:00,25.99,16900,25.99,D
sz002517,恺英网络,2025-09-16 13:54:03,26.0,7800,25.99,U
sz002517,恺英网络,2025-09-16 13:54:06,25.99,15900,26.0,U
sz002517,恺英网络,2025-09-16 13:54:09,25.99,18700,25.99,D
sz002517,恺英网络,2025-09-16 13:54:24,25.98,14300,25.99,D
sz002517,恺英网络,2025-09-16 13:54:27,25.97,17700,25.98,D
sz002517,恺英网络,2025-09-16 13:54:30,25.99,97400,25.97,U
sz002517,恺英网络,2025-09-16 13:54:33,26.02,110000,25.99,U
sz002517,恺英网络,2025-09-16 13:54:36,26.05,44600,26.02,U
sz002517,恺英网络,2025-09-16 13:54:39,26.06,37800,26.05,U
sz002517,恺英网络,2025-09-16 13:54:42,26.06,39100,26.06,U
sz002517,恺英网络,2025-09-16 13:54:45,26.06,16000,26.06,U
sz002517,恺英网络,2025-09-16 13:54:48,26.06,32700,26.06,U
sz002517,恺英网络,2025-09-16 13:54:51,26.06,14500,26.06,U
sz002517,恺英网络,2025-09-16 13:54:54,26.08,9400,26.06,U
sz002517,恺英网络,2025-09-16 13:54:57,26.06,13900,26.08,D
sz002517,恺英网络,2025-09-16 13:55:03,26.06,98300,26.08,E
sz002517,恺英网络,2025-09-16 13:55:06,26.08,41000,26.06,U
sz002517,恺英网络,2025-09-16 13:55:09,26.08,45800,26.08,U
sz002517,恺英网络,2025-09-16 13:55:12,26.08,22700,26.08,U
sz002517,恺英网络,2025-09-16 13:55:15,26.11,95400,26.08,U
sz002517,恺英网络,2025-09-16 13:55:18,26.13,59010,26.11,U
sz002517,恺英网络,2025-09-16 13:55:21,26.18,63700,26.13,U
sz002517,恺英网络,2025-09-16 13:55:24,26.16,30400,26.18,D
sz002517,恺英网络,2025-09-16 13:55:27,26.17,29600,26.16,U
sz002517,恺英网络,2025-09-16 13:55:30,26.19,33300,26.17,U
sz002517,恺英网络,2025-09-16 13:55:33,26.19,37000,26.19,U
sz002517,恺英网络,2025-09-16 13:55:36,26.2,57600,26.19,U
sz002517,恺英网络,2025-09-16 13:55:39,26.17,54500,26.2,D
sz002517,恺英网络,2025-09-16 13:55:42,26.14,43700,26.17,D
sz002517,恺英网络,2025-09-16 13:55:45,26.15,62100,26.14,E
sz002517,恺英网络,2025-09-16 13:55:48,26.15,59200,26.15,D
sz002517,恺英网络,2025-09-16 13:55:51,26.12,41300,26.15,D
sz002517,恺英网络,2025-09-16 13:55:54,26.15,43800,26.12,U
sz002517,恺英网络,2025-09-16 13:55:57,26.07,63500,26.15,D
sz002517,恺英网络,2025-09-16 13:56:00,26.05,18600,26.07,D
sz002517,恺英网络,2025-09-16 13:56:03,26.0,95800,26.05,D
sz002517,恺英网络,2025-09-16 13:56:06,25.96,20300,26.0,E
sz002517,恺英网络,2025-09-16 13:56:09,25.98,29000,25.96,D
sz002517,恺英网络,2025-09-16 13:56:12,25.96,9600,25.98,D
sz002517,恺英网络,2025-09-16 13:56:39,25.94,9200,25.95,D
sz002517,恺英网络,2025-09-16 13:56:42,25.96,20300,25.94,U
sz002517,恺英网络,2025-09-16 13:56:45,25.95,18900,25.96,D
sz002517,恺英网络,2025-09-16 13:56:51,25.88,8200,25.91,D
sz002517,恺英网络,2025-09-16 13:57:06,25.86,12400,25.9,E
sz002517,恺英网络,2025-09-16 13:57:12,25.9,15500,25.89,U
sz002517,恺英网络,2025-09-16 13:57:21,25.89,14001,25.88,E
sz002517,恺英网络,2025-09-16 13:57:39,25.9,10800,25.89,U
sz002517,恺英网络,2025-09-16 13:57:42,25.91,139900,25.9,U
sz002517,恺英网络,2025-09-16 13:57:57,25.96,8800,25.95,U
sz002517,恺英网络,2025-09-16 13:58:03,25.89,16200,25.95,D
sz002517,恺英网络,2025-09-16 13:58:06,25.86,18300,25.89,D
sz002517,恺英网络,2025-09-16 13:58:12,25.94,17300,25.89,U
sz002517,恺英网络,2025-09-16 13:58:39,25.83,7900,25.86,D
sz002517,恺英网络,2025-09-16 13:58:42,25.83,14200,25.83,D
sz002517,恺英网络,2025-09-16 13:58:45,25.83,10000,25.83,D
sz002517,恺英网络,2025-09-16 13:58:57,25.83,13900,25.86,D
sz002517,恺英网络,2025-09-16 13:59:12,25.88,20700,25.82,U
sz002517,恺英网络,2025-09-16 13:59:27,25.86,9800,25.87,E
sz002517,恺英网络,2025-09-16 13:59:30,25.89,16000,25.86,U
sz002517,恺英网络,2025-09-16 13:59:33,25.9,13200,25.89,U
sz002517,恺英网络,2025-09-16 13:59:36,25.87,14000,25.9,D
sz002517,恺英网络,2025-09-16 13:59:42,25.9,12500,25.86,U
sz002517,恺英网络,2025-09-16 14:00:06,25.9,25800,25.89,U
sz002517,恺英网络,2025-09-16 14:00:09,25.9,10700,25.9,D
sz002517,恺英网络,2025-09-16 14:00:12,25.94,22800,25.9,U
sz002517,恺英网络,2025-09-16 14:00:36,25.86,8400,25.93,D
sz002517,恺英网络,2025-09-16 14:00:39,25.86,8800,25.86,D
sz002517,恺英网络,2025-09-16 14:00:45,25.86,10200,25.89,D
sz002517,恺英网络,2025-09-16 14:01:15,25.85,53200,25.87,D
sz002517,恺英网络,2025-09-16 14:01:30,25.82,17300,25.82,D
sz002517,恺英网络,2025-09-16 14:01:36,25.84,16800,25.83,U
sz002517,恺英网络,2025-09-16 14:01:54,25.81,9700,25.82,D
sz002517,恺英网络,2025-09-16 14:02:06,25.85,25200,25.82,U
sz002517,恺英网络,2025-09-16 14:02:15,25.84,8600,25.84,U
sz002517,恺英网络,2025-09-16 14:02:18,25.83,13100,25.84,D
sz002517,恺英网络,2025-09-16 14:02:21,25.83,8800,25.83,D
sz002517,恺英网络,2025-09-16 14:02:24,25.84,15100,25.83,U
sz002517,恺英网络,2025-09-16 14:02:27,25.85,9200,25.84,U
sz002517,恺英网络,2025-09-16 14:02:30,25.84,8200,25.85,D
sz002517,恺英网络,2025-09-16 14:02:36,25.83,25300,25.84,D
sz002517,恺英网络,2025-09-16 14:02:51,25.91,8000,25.85,U
sz002517,恺英网络,2025-09-16 14:02:57,25.91,14500,25.91,U
sz002517,恺英网络,2025-09-16 14:03:24,25.86,22400,25.86,U
sz002517,恺英网络,2025-09-16 14:03:27,25.84,17800,25.86,D
sz002517,恺英网络,2025-09-16 14:04:27,25.85,15400,25.85,D
sz002517,恺英网络,2025-09-16 14:04:39,25.89,14400,25.87,U
sz002517,恺英网络,2025-09-16 14:04:42,25.89,7800,25.89,U
sz002517,恺英网络,2025-09-16 14:05:00,25.91,50500,25.88,U
sz002517,恺英网络,2025-09-16 14:05:18,25.94,9100,25.92,U
sz002517,恺英网络,2025-09-16 14:05:36,25.89,72700,25.92,D
sz002517,恺英网络,2025-09-16 14:05:39,25.91,23000,25.89,U
sz002517,恺英网络,2025-09-16 14:06:24,25.87,13200,25.88,D
sz002517,恺英网络,2025-09-16 14:06:54,25.8,100000,25.89,D
sz002517,恺英网络,2025-09-16 14:06:57,25.9,8400,25.8,U
sz002517,恺英网络,2025-09-16 14:07:24,25.88,9700,25.89,D
sz002517,恺英网络,2025-09-16 14:07:30,25.89,22400,25.88,U
sz002517,恺英网络,2025-09-16 14:08:45,25.86,42000,25.86,U
sz002517,恺英网络,2025-09-16 14:09:15,25.9,18000,25.86,U
sz002517,恺英网络,2025-09-16 14:09:27,25.93,9400,25.9,U
sz002517,恺英网络,2025-09-16 14:09:33,25.92,11000,25.93,E
sz002517,恺英网络,2025-09-16 14:09:39,25.95,17100,25.93,U
sz002517,恺英网络,2025-09-16 14:09:42,25.95,27300,25.95,D
sz002517,恺英网络,2025-09-16 14:09:48,26.0,16600,25.92,U
sz002517,恺英网络,2025-09-16 14:09:51,25.97,19200,26.0,U
sz002517,恺英网络,2025-09-16 14:10:06,25.97,9400,25.98,E
sz002517,恺英网络,2025-09-16 14:10:12,25.99,20200,25.98,U
sz002517,恺英网络,2025-09-16 14:10:24,26.0,16200,25.96,U
sz002517,恺英网络,2025-09-16 14:11:24,25.9,8300,25.92,D
sz002517,恺英网络,2025-09-16 14:11:30,25.91,10100,25.93,U
sz002517,恺英网络,2025-09-16 14:11:48,25.91,7800,25.91,D
sz002517,恺英网络,2025-09-16 14:13:00,25.93,7900,25.93,D
sz002517,恺英网络,2025-09-16 14:13:03,25.96,31100,25.93,U
sz002517,恺英网络,2025-09-16 14:13:18,26.0,48800,25.99,U
sz002517,恺英网络,2025-09-16 14:13:51,26.0,35100,26.0,D
sz002517,恺英网络,2025-09-16 14:13:57,26.0,8700,26.01,E
sz002517,恺英网络,2025-09-16 14:14:36,26.02,20500,26.02,D
sz002517,恺英网络,2025-09-16 14:14:42,26.05,40000,26.03,U
sz002517,恺英网络,2025-09-16 14:14:48,26.08,14800,26.06,U
sz002517,恺英网络,2025-09-16 14:14:54,26.07,33200,26.08,D
sz002517,恺英网络,2025-09-16 14:14:57,26.11,39400,26.07,U
sz002517,恺英网络,2025-09-16 14:15:33,26.08,29900,26.07,U
sz002517,恺英网络,2025-09-16 14:15:36,26.08,12400,26.08,D
sz002517,恺英网络,2025-09-16 14:15:51,26.1,19000,26.08,U
sz002517,恺英网络,2025-09-16 14:15:57,26.1,32800,26.1,D
sz002517,恺英网络,2025-09-16 14:16:03,26.08,9800,26.08,D
sz002517,恺英网络,2025-09-16 14:16:09,26.07,7900,26.08,D
sz002517,恺英网络,2025-09-16 14:16:18,26.05,9300,26.06,D
sz002517,恺英网络,2025-09-16 14:16:21,26.05,13000,26.05,D
sz002517,恺英网络,2025-09-16 14:16:48,26.03,22000,26.03,D
sz002517,恺英网络,2025-09-16 14:17:03,26.03,13200,26.01,D
sz002517,恺英网络,2025-09-16 14:17:09,26.05,8100,26.04,U
sz002517,恺英网络,2025-09-16 14:17:12,26.05,12600,26.05,D
sz002517,恺英网络,2025-09-16 14:17:21,26.05,9100,26.05,D
sz002517,恺英网络,2025-09-16 14:17:24,26.05,10000,26.05,D
sz002517,恺英网络,2025-09-16 14:17:45,26.09,12100,26.08,U
sz002517,恺英网络,2025-09-16 14:18:27,26.09,17600,26.09,U
sz002517,恺英网络,2025-09-16 14:18:33,26.1,43200,26.09,U
sz002517,恺英网络,2025-09-16 14:18:48,26.1,11300,26.12,D
sz002517,恺英网络,2025-09-16 14:19:06,26.07,18400,26.11,D
sz002517,恺英网络,2025-09-16 14:19:30,26.07,22200,26.08,D
sz002517,恺英网络,2025-09-16 14:19:36,26.07,17500,26.07,U
sz002517,恺英网络,2025-09-16 14:19:42,26.05,7900,26.05,E
sz002517,恺英网络,2025-09-16 14:19:54,26.03,10400,26.05,D
sz002517,恺英网络,2025-09-16 14:19:57,26.03,23000,26.03,U
sz002517,恺英网络,2025-09-16 14:20:03,25.99,27000,26.0,D
sz002517,恺英网络,2025-09-16 14:20:21,26.02,19300,25.96,U
sz002517,恺英网络,2025-09-16 14:20:39,25.95,7800,25.96,E
sz002517,恺英网络,2025-09-16 14:21:12,26.01,15200,25.99,U
sz002517,恺英网络,2025-09-16 14:21:21,25.98,22200,25.99,D
sz002517,恺英网络,2025-09-16 14:21:24,25.96,39100,25.98,D
sz002517,恺英网络,2025-09-16 14:22:03,25.99,10200,25.98,U
sz002517,恺英网络,2025-09-16 14:22:09,26.0,8000,25.99,U
sz002517,恺英网络,2025-09-16 14:22:24,26.01,7800,25.99,U
sz002517,恺英网络,2025-09-16 14:22:30,25.99,15700,25.99,D
sz002517,恺英网络,2025-09-16 14:22:51,25.99,23800,25.99,D
sz002517,恺英网络,2025-09-16 14:23:03,26.0,10000,25.98,U
sz002517,恺英网络,2025-09-16 14:23:36,25.99,12700,25.99,U
sz002517,恺英网络,2025-09-16 14:23:42,25.98,13900,25.99,D
sz002517,恺英网络,2025-09-16 14:23:54,25.96,24300,25.99,D
sz002517,恺英网络,2025-09-16 14:23:57,25.96,10800,25.96,D
sz002517,恺英网络,2025-09-16 14:24:12,25.95,9800,25.97,D
sz002517,恺英网络,2025-09-16 14:25:15,25.99,31700,25.96,U
sz002517,恺英网络,2025-09-16 14:25:21,25.99,76600,25.98,U
sz002517,恺英网络,2025-09-16 14:25:27,25.99,13500,25.99,U
sz002517,恺英网络,2025-09-16 14:26:03,26.0,13700,25.99,U
sz002517,恺英网络,2025-09-16 14:26:06,25.98,9000,26.0,D
sz002517,恺英网络,2025-09-16 14:26:48,25.99,10300,25.99,D
sz002517,恺英网络,2025-09-16 14:27:33,25.99,16300,25.99,U
sz002517,恺英网络,2025-09-16 14:27:39,26.0,14800,25.99,U
sz002517,恺英网络,2025-09-16 14:27:42,26.0,41200,26.0,U
sz002517,恺英网络,2025-09-16 14:27:45,26.0,10300,26.0,U
sz002517,恺英网络,2025-09-16 14:27:48,25.97,49600,26.0,D
sz002517,恺英网络,2025-09-16 14:27:57,25.96,9300,25.97,D
sz002517,恺英网络,2025-09-16 14:28:00,25.97,10000,25.96,U
sz002517,恺英网络,2025-09-16 14:28:06,25.97,17600,25.97,U
sz002517,恺英网络,2025-09-16 14:28:12,25.97,9300,25.96,U
sz002517,恺英网络,2025-09-16 14:28:18,26.0,8800,25.98,U
sz002517,恺英网络,2025-09-16 14:28:21,26.0,9600,26.0,U
sz002517,恺英网络,2025-09-16 14:28:27,25.98,11000,26.0,D
sz002517,恺英网络,2025-09-16 14:28:51,25.99,7900,25.99,D
sz002517,恺英网络,2025-09-16 14:29:06,25.97,28000,25.99,D
sz002517,恺英网络,2025-09-16 14:29:48,25.97,47300,25.97,D
sz002517,恺英网络,2025-09-16 14:30:09,25.99,11100,25.98,U
sz002517,恺英网络,2025-09-16 14:30:45,25.98,8800,25.98,D
sz002517,恺英网络,2025-09-16 14:31:18,25.98,10100,25.98,D
sz002517,恺英网络,2025-09-16 14:31:36,25.99,14500,25.99,U
sz002517,恺英网络,2025-09-16 14:31:42,25.98,9900,25.99,D
sz002517,恺英网络,2025-09-16 14:31:45,25.97,7900,25.98,D
sz002517,恺英网络,2025-09-16 14:32:51,25.97,26700,25.98,D
sz002517,恺英网络,2025-09-16 14:33:03,25.98,10000,25.98,D
sz002517,恺英网络,2025-09-16 14:33:06,25.96,16000,25.98,D
sz002517,恺英网络,2025-09-16 14:33:09,25.96,22500,25.96,E
sz002517,恺英网络,2025-09-16 14:33:12,25.94,11100,25.96,D
sz002517,恺英网络,2025-09-16 14:33:15,25.93,11100,25.94,D
sz002517,恺英网络,2025-09-16 14:33:33,25.95,9400,25.93,U
sz002517,恺英网络,2025-09-16 14:33:36,25.98,20400,25.95,U
sz002517,恺英网络,2025-09-16 14:33:39,25.93,26400,25.98,E
sz002517,恺英网络,2025-09-16 14:34:57,25.92,12900,25.93,D
sz002517,恺英网络,2025-09-16 14:35:09,25.91,8600,25.91,D
sz002517,恺英网络,2025-09-16 14:35:18,25.91,11600,25.91,D
sz002517,恺英网络,2025-09-16 14:35:39,25.9,8000,25.91,D
sz002517,恺英网络,2025-09-16 14:36:06,25.88,12400,25.9,D
sz002517,恺英网络,2025-09-16 14:36:09,25.86,8800,25.88,D
sz002517,恺英网络,2025-09-16 14:37:09,25.87,55800,25.87,U
sz002517,恺英网络,2025-09-16 14:37:12,25.87,14400,25.87,D
sz002517,恺英网络,2025-09-16 14:37:15,25.87,12500,25.87,U
sz002517,恺英网络,2025-09-16 14:37:18,25.87,9700,25.87,U
sz002517,恺英网络,2025-09-16 14:37:33,25.86,10500,25.85,U
sz002517,恺英网络,2025-09-16 14:37:45,25.85,10300,25.85,U
sz002517,恺英网络,2025-09-16 14:39:42,25.86,19400,25.85,U
sz002517,恺英网络,2025-09-16 14:39:57,25.84,28200,25.85,D
sz002517,恺英网络,2025-09-16 14:40:21,25.86,7800,25.86,U
sz002517,恺英网络,2025-09-16 14:40:48,25.86,7800,25.85,U
sz002517,恺英网络,2025-09-16 14:40:51,25.86,8000,25.86,U
sz002517,恺英网络,2025-09-16 14:40:54,25.91,219850,25.86,U
sz002517,恺英网络,2025-09-16 14:41:09,25.94,14000,25.95,D
sz002517,恺英网络,2025-09-16 14:41:15,25.92,17100,25.92,D
sz002517,恺英网络,2025-09-16 14:41:21,25.9,10200,25.91,D
sz002517,恺英网络,2025-09-16 14:41:39,25.88,8000,25.89,D
sz002517,恺英网络,2025-09-16 14:41:45,25.87,8100,25.88,D
sz002517,恺英网络,2025-09-16 14:41:51,25.87,11500,25.87,U
sz002517,恺英网络,2025-09-16 14:41:54,25.86,8400,25.87,E
sz002517,恺英网络,2025-09-16 14:42:00,25.85,27900,25.86,D
sz002517,恺英网络,2025-09-16 14:42:03,25.86,10900,25.85,U
sz002517,恺英网络,2025-09-16 14:42:42,25.86,20700,25.87,D
sz002517,恺英网络,2025-09-16 14:43:39,25.86,8900,25.86,U
sz002517,恺英网络,2025-09-16 14:43:48,25.87,17200,25.86,U
sz002517,恺英网络,2025-09-16 14:44:33,25.9,10000,25.9,U
sz002517,恺英网络,2025-09-16 14:45:00,25.9,15700,25.92,D
sz002517,恺英网络,2025-09-16 14:45:51,25.93,20600,25.94,D
sz002517,恺英网络,2025-09-16 14:46:06,25.95,8500,25.94,U
sz002517,恺英网络,2025-09-16 14:46:42,25.94,16400,25.94,E
sz002517,恺英网络,2025-09-16 14:46:51,25.96,9000,25.97,D
sz002517,恺英网络,2025-09-16 14:47:00,25.97,8700,25.97,U
sz002517,恺英网络,2025-09-16 14:47:21,25.95,10900,25.95,D
sz002517,恺英网络,2025-09-16 14:47:24,25.96,9500,25.95,U
sz002517,恺英网络,2025-09-16 14:47:27,25.97,27400,25.96,U
sz002517,恺英网络,2025-09-16 14:48:15,25.95,12500,25.97,D
sz002517,恺英网络,2025-09-16 14:48:21,25.97,8300,25.96,U
sz002517,恺英网络,2025-09-16 14:48:27,25.96,27500,25.98,D
sz002517,恺英网络,2025-09-16 14:48:33,25.96,14400,25.97,D
sz002517,恺英网络,2025-09-16 14:48:54,25.96,9100,25.96,D
sz002517,恺英网络,2025-09-16 14:48:57,25.96,8400,25.96,D
sz002517,恺英网络,2025-09-16 14:49:03,25.97,19500,25.97,D
sz002517,恺英网络,2025-09-16 14:49:06,25.97,12400,25.97,D
sz002517,恺英网络,2025-09-16 14:49:15,25.93,10700,25.95,D
sz002517,恺英网络,2025-09-16 14:49:21,25.93,15400,25.94,D
sz002517,恺英网络,2025-09-16 14:49:24,25.97,24400,25.93,U
sz002517,恺英网络,2025-09-16 14:49:30,25.93,11200,25.95,D
sz002517,恺英网络,2025-09-16 14:49:36,25.94,10300,25.93,U
sz002517,恺英网络,2025-09-16 14:49:39,25.94,31600,25.94,U
sz002517,恺英网络,2025-09-16 14:49:45,25.94,8700,25.94,U
sz002517,恺英网络,2025-09-16 14:49:51,25.93,10000,25.93,D
sz002517,恺英网络,2025-09-16 14:50:00,25.92,66600,25.93,D
sz002517,恺英网络,2025-09-16 14:50:03,25.94,8000,25.92,U
sz002517,恺英网络,2025-09-16 14:50:18,25.93,18500,25.92,U
sz002517,恺英网络,2025-09-16 14:50:21,25.93,11000,25.93,U
sz002517,恺英网络,2025-09-16 14:50:24,25.93,14100,25.93,U
sz002517,恺英网络,2025-09-16 14:50:39,25.92,20500,25.92,U
sz002517,恺英网络,2025-09-16 14:50:45,25.9,47100,25.91,D
sz002517,恺英网络,2025-09-16 14:50:48,25.9,11400,25.9,U
sz002517,恺英网络,2025-09-16 14:51:09,25.85,60300,25.89,D
sz002517,恺英网络,2025-09-16 14:51:24,25.83,9200,25.84,D
sz002517,恺英网络,2025-09-16 14:51:27,25.78,83900,25.83,D
sz002517,恺英网络,2025-09-16 14:51:30,25.8,19500,25.78,U
sz002517,恺英网络,2025-09-16 14:51:48,25.79,8100,25.77,U
sz002517,恺英网络,2025-09-16 14:52:06,25.75,71800,25.79,D
sz002517,恺英网络,2025-09-16 14:52:15,25.77,7900,25.75,E
sz002517,恺英网络,2025-09-16 14:52:18,25.77,10500,25.77,U
sz002517,恺英网络,2025-09-16 14:52:21,25.8,64700,25.77,U
sz002517,恺英网络,2025-09-16 14:52:24,25.77,18500,25.8,D
sz002517,恺英网络,2025-09-16 14:52:30,25.8,18600,25.77,U
sz002517,恺英网络,2025-09-16 14:52:45,25.8,20100,25.78,U
sz002517,恺英网络,2025-09-16 14:52:57,25.75,50600,25.8,D
sz002517,恺英网络,2025-09-16 14:53:00,25.76,51800,25.75,E
sz002517,恺英网络,2025-09-16 14:53:03,25.75,27900,25.76,E
sz002517,恺英网络,2025-09-16 14:53:15,25.73,12300,25.73,D
sz002517,恺英网络,2025-09-16 14:53:24,25.75,12600,25.73,U
sz002517,恺英网络,2025-09-16 14:53:27,25.73,15800,25.75,D
sz002517,恺英网络,2025-09-16 14:53:30,25.73,8200,25.73,D
sz002517,恺英网络,2025-09-16 14:53:36,25.77,22900,25.75,U
sz002517,恺英网络,2025-09-16 14:53:39,25.69,46100,25.77,D
sz002517,恺英网络,2025-09-16 14:53:45,25.7,9600,25.69,E
sz002517,恺英网络,2025-09-16 14:54:12,25.72,21200,25.77,D
sz002517,恺英网络,2025-09-16 14:54:27,25.72,10800,25.74,D
sz002517,恺英网络,2025-09-16 14:54:30,25.73,8500,25.72,E
sz002517,恺英网络,2025-09-16 14:54:33,25.7,113400,25.73,D
sz002517,恺英网络,2025-09-16 14:54:36,25.74,19100,25.7,U
sz002517,恺英网络,2025-09-16 14:54:39,25.71,18400,25.74,D
sz002517,恺英网络,2025-09-16 14:54:42,25.75,9700,25.71,U
sz002517,恺英网络,2025-09-16 14:54:45,25.74,19100,25.75,U
sz002517,恺英网络,2025-09-16 14:54:48,25.78,16600,25.74,U
sz002517,恺英网络,2025-09-16 14:54:54,25.78,8200,25.72,U
sz002517,恺英网络,2025-09-16 14:54:57,25.74,17600,25.78,D
sz002517,恺英网络,2025-09-16 14:55:03,25.71,18500,25.74,D
sz002517,恺英网络,2025-09-16 14:55:06,25.7,14600,25.71,D
sz002517,恺英网络,2025-09-16 14:55:09,25.7,10600,25.7,D
sz002517,恺英网络,2025-09-16 14:55:30,25.73,26400,25.73,D
sz002517,恺英网络,2025-09-16 14:55:57,25.75,46300,25.75,E
sz002517,恺英网络,2025-09-16 14:56:09,25.75,8900,25.75,E
sz002517,恺英网络,2025-09-16 14:56:15,25.75,27300,25.75,U
sz002517,恺英网络,2025-09-16 14:56:18,25.74,11000,25.75,E
sz002517,恺英网络,2025-09-16 14:56:30,25.73,19300,25.74,D
sz002517,恺英网络,2025-09-16 14:56:33,25.74,18600,25.73,U
sz002517,恺英网络,2025-09-16 14:56:36,25.73,24900,25.74,D
sz002517,恺英网络,2025-09-16 14:56:39,25.73,9400,25.73,U
sz002517,恺英网络,2025-09-16 14:56:45,25.73,26900,25.74,D
sz002517,恺英网络,2025-09-16 14:56:48,25.73,12600,25.73,D
sz002517,恺英网络,2025-09-16 14:56:57,25.73,8700,25.74,D
sz002517,恺英网络,2025-09-16 15:00:00,25.74,305000,25.73,U
