symbol,name,ticktime,price,volume,prev_price,kind
sz002517,恺英网络,2025-10-27 09:25:00,25.6,418300,0.0,U
sz002517,恺英网络,2025-10-27 09:30:00,25.59,117900,25.6,D
sz002517,恺英网络,2025-10-27 09:30:03,25.59,390900,25.59,U
sz002517,恺英网络,2025-10-27 09:30:06,25.49,94600,25.59,D
sz002517,恺英网络,2025-10-27 09:30:09,25.4,48600,25.49,D
sz002517,恺英网络,2025-10-27 09:30:12,25.31,61700,25.4,D
sz002517,恺英网络,2025-10-27 09:30:15,25.29,25500,25.31,D
sz002517,恺英网络,2025-10-27 09:30:18,25.21,41200,25.29,D
sz002517,恺英网络,2025-10-27 09:30:21,25.2,68000,25.21,D
sz002517,恺英网络,2025-10-27 09:30:24,25.2,92800,25.2,D
sz002517,恺英网络,2025-10-27 09:30:27,25.21,121100,25.2,U
sz002517,恺英网络,2025-10-27 09:30:30,25.22,44600,25.21,U
sz002517,恺英网络,2025-10-27 09:30:33,25.24,49600,25.22,U
sz002517,恺英网络,2025-10-27 09:30:36,25.24,31400,25.24,D
sz002517,恺英网络,2025-10-27 09:30:39,25.29,48400,25.24,E
sz002517,恺英网络,2025-10-27 09:30:42,25.28,36100,25.29,D
sz002517,恺英网络,2025-10-27 09:30:45,25.31,16000,25.28,D
sz002517,恺英网络,2025-10-27 09:30:48,25.31,20900,25.31,U
sz002517,恺英网络,2025-10-27 09:30:51,25.3,27800,25.31,D
sz002517,恺英网络,2025-10-27 09:30:54,25.31,18800,25.3,D
sz002517,恺英网络,2025-10-27 09:30:57,25.3,18300,25.31,D
sz002517,恺英网络,2025-10-27 09:31:00,25.22,79400,25.3,D
sz002517,恺英网络,2025-10-27 09:31:03,25.2,38300,25.22,D
sz002517,恺英网络,2025-10-27 09:31:06,25.16,25900,25.2,D
sz002517,恺英网络,2025-10-27 09:31:09,25.12,67000,25.16,D
sz002517,恺英网络,2025-10-27 09:31:12,25.14,19500,25.12,U
sz002517,恺英网络,2025-10-27 09:31:15,25.15,20300,25.14,U
sz002517,恺英网络,2025-10-27 09:31:18,25.14,28300,25.15,U
sz002517,恺英网络,2025-10-27 09:31:21,25.15,47400,25.14,E
sz002517,恺英网络,2025-10-27 09:31:24,25.13,19800,25.15,D
sz002517,恺英网络,2025-10-27 09:31:27,25.17,28400,25.13,U
sz002517,恺英网络,2025-10-27 09:31:30,25.21,75000,25.17,U
sz002517,恺英网络,2025-10-27 09:31:33,25.16,33600,25.21,D
sz002517,恺英网络,2025-10-27 09:31:36,25.17,31200,25.16,E
sz002517,恺英网络,2025-10-27 09:31:39,25.16,38500,25.17,D
sz002517,恺英网络,2025-10-27 09:31:42,25.13,89700,25.16,D
sz002517,恺英网络,2025-10-27 09:31:45,25.14,235300,25.13,U
sz002517,恺英网络,2025-10-27 09:31:48,25.15,72800,25.14,U
sz002517,恺英网络,2025-10-27 09:31:51,25.13,29500,25.15,D
sz002517,恺英网络,2025-10-27 09:31:54,25.13,17600,25.13,D
sz002517,恺英网络,2025-10-27 09:31:57,25.12,25600,25.13,D
sz002517,恺英网络,2025-10-27 09:32:00,25.13,11900,25.12,U
sz002517,恺英网络,2025-10-27 09:32:03,25.13,29900,25.13,U
sz002517,恺英网络,2025-10-27 09:32:06,25.13,19800,25.13,D
sz002517,恺英网络,2025-10-27 09:32:09,25.15,9500,25.13,D
sz002517,恺英网络,2025-10-27 09:32:12,25.19,8400,25.15,U
sz002517,恺英网络,2025-10-27 09:32:15,25.16,32100,25.19,D
sz002517,恺英网络,2025-10-27 09:32:21,25.21,16800,25.22,E
sz002517,恺英网络,2025-10-27 09:32:24,25.2,11300,25.21,D
sz002517,恺英网络,2025-10-27 09:32:30,25.28,21300,25.22,U
sz002517,恺英网络,2025-10-27 09:32:33,25.24,12500,25.28,E
sz002517,恺英网络,2025-10-27 09:32:36,25.24,10500,25.24,D
sz002517,恺英网络,2025-10-27 09:32:39,25.22,45100,25.24,D
sz002517,恺英网络,2025-10-27 09:32:42,25.19,71000,25.22,D
sz002517,恺英网络,2025-10-27 09:32:45,25.16,54500,25.19,D
sz002517,恺英网络,2025-10-27 09:32:48,25.15,97800,25.16,D
sz002517,恺英网络,2025-10-27 09:32:51,25.11,108407,25.15,D
sz002517,恺英网络,2025-10-27 09:32:54,25.12,84100,25.11,E
sz002517,恺英网络,2025-10-27 09:32:57,25.14,58000,25.12,U
sz002517,恺英网络,2025-10-27 09:33:00,25.19,45400,25.14,U
sz002517,恺英网络,2025-10-27 09:33:03,25.19,15600,25.19,U
sz002517,恺英网络,2025-10-27 09:33:06,25.18,23600,25.19,D
sz002517,恺英网络,2025-10-27 09:33:09,25.18,15000,25.18,U
sz002517,恺英网络,2025-10-27 09:33:12,25.17,22700,25.18,D
sz002517,恺英网络,2025-10-27 09:33:15,25.16,17900,25.17,D
sz002517,恺英网络,2025-10-27 09:33:18,25.19,12800,25.16,U
sz002517,恺英网络,2025-10-27 09:33:21,25.12,80200,25.19,D
sz002517,恺英网络,2025-10-27 09:33:24,25.1,26900,25.12,D
sz002517,恺英网络,2025-10-27 09:33:27,25.12,36800,25.1,E
sz002517,恺英网络,2025-10-27 09:33:30,25.11,18000,25.12,E
sz002517,恺英网络,2025-10-27 09:33:36,25.1,36800,25.11,D
sz002517,恺英网络,2025-10-27 09:33:39,25.1,15400,25.1,U
sz002517,恺英网络,2025-10-27 09:33:42,25.1,46800,25.1,U
sz002517,恺英网络,2025-10-27 09:33:45,25.08,17500,25.1,D
sz002517,恺英网络,2025-10-27 09:33:48,25.08,26500,25.08,D
sz002517,恺英网络,2025-10-27 09:33:51,25.08,10600,25.08,U
sz002517,恺英网络,2025-10-27 09:33:54,25.06,28100,25.08,D
sz002517,恺英网络,2025-10-27 09:33:57,25.02,96100,25.06,D
sz002517,恺英网络,2025-10-27 09:34:00,25.06,43800,25.02,U
sz002517,恺英网络,2025-10-27 09:34:03,25.01,37300,25.06,D
sz002517,恺英网络,2025-10-27 09:34:06,25.01,22100,25.01,D
sz002517,恺英网络,2025-10-27 09:34:09,25.02,46100,25.01,U
sz002517,恺英网络,2025-10-27 09:34:12,25.01,21100,25.02,D
sz002517,恺英网络,2025-10-27 09:34:15,25.01,47100,25.01,U
sz002517,恺英网络,2025-10-27 09:34:18,25.04,22400,25.01,U
sz002517,恺英网络,2025-10-27 09:34:21,25.0,84700,25.04,D
sz002517,恺英网络,2025-10-27 09:34:24,25.01,60400,25.0,U
sz002517,恺英网络,2025-10-27 09:34:27,25.03,36900,25.01,U
sz002517,恺英网络,2025-10-27 09:34:30,25.07,31000,25.03,U
sz002517,恺英网络,2025-10-27 09:34:33,25.03,12000,25.07,D
sz002517,恺英网络,2025-10-27 09:34:36,25.03,33600,25.03,D
sz002517,恺英网络,2025-10-27 09:34:39,25.02,317600,25.03,D
sz002517,恺英网络,2025-10-27 09:34:42,25.0,41000,25.02,D
sz002517,恺英网络,2025-10-27 09:34:45,25.0,30300,25.0,E
sz002517,恺英网络,2025-10-27 09:34:48,25.01,208400,25.0,U
sz002517,恺英网络,2025-10-27 09:34:51,24.99,20900,25.01,D
sz002517,恺英网络,2025-10-27 09:34:54,25.0,15000,24.99,U
sz002517,恺英网络,2025-10-27 09:34:57,25.0,52800,25.0,U
sz002517,恺英网络,2025-10-27 09:35:00,24.94,22800,25.0,D
sz002517,恺英网络,2025-10-27 09:35:03,24.98,63100,24.94,U
sz002517,恺英网络,2025-10-27 09:35:06,24.94,16300,24.98,E
sz002517,恺英网络,2025-10-27 09:35:09,24.96,30000,24.94,U
sz002517,恺英网络,2025-10-27 09:35:12,24.95,10000,24.96,D
sz002517,恺英网络,2025-10-27 09:35:15,24.9,65000,24.95,D
sz002517,恺英网络,2025-10-27 09:35:18,24.88,20600,24.9,D
sz002517,恺英网络,2025-10-27 09:35:21,24.85,24100,24.88,D
sz002517,恺英网络,2025-10-27 09:35:24,24.83,25800,24.85,E
sz002517,恺英网络,2025-10-27 09:35:27,24.81,24000,24.83,D
sz002517,恺英网络,2025-10-27 09:35:30,24.81,25700,24.81,E
sz002517,恺英网络,2025-10-27 09:35:33,24.77,43700,24.81,D
sz002517,恺英网络,2025-10-27 09:35:36,24.77,32600,24.77,D
sz002517,恺英网络,2025-10-27 09:35:39,24.76,39200,24.77,D
sz002517,恺英网络,2025-10-27 09:35:42,24.77,28400,24.76,E
sz002517,恺英网络,2025-10-27 09:35:45,24.76,21000,24.77,D
sz002517,恺英网络,2025-10-27 09:35:48,24.75,27400,24.76,D
sz002517,恺英网络,2025-10-27 09:35:51,24.76,28400,24.75,U
sz002517,恺英网络,2025-10-27 09:35:54,24.74,21700,24.76,D
sz002517,恺英网络,2025-10-27 09:35:57,24.74,58400,24.74,U
sz002517,恺英网络,2025-10-27 09:36:00,24.74,89600,24.74,D
sz002517,恺英网络,2025-10-27 09:36:03,24.71,23100,24.74,D
sz002517,恺英网络,2025-10-27 09:36:06,24.72,32400,24.71,U
sz002517,恺英网络,2025-10-27 09:36:09,24.71,21400,24.72,E
sz002517,恺英网络,2025-10-27 09:36:12,24.71,28600,24.71,D
sz002517,恺英网络,2025-10-27 09:36:15,24.72,16700,24.71,D
sz002517,恺英网络,2025-10-27 09:36:18,24.68,64100,24.72,D
sz002517,恺英网络,2025-10-27 09:36:21,24.64,21000,24.68,D
sz002517,恺英网络,2025-10-27 09:36:24,24.63,21000,24.64,D
sz002517,恺英网络,2025-10-27 09:36:27,24.6,70400,24.63,D
sz002517,恺英网络,2025-10-27 09:36:30,24.59,45800,24.6,U
sz002517,恺英网络,2025-10-27 09:36:33,24.62,80000,24.59,U
sz002517,恺英网络,2025-10-27 09:36:36,24.62,84200,24.62,D
sz002517,恺英网络,2025-10-27 09:36:39,24.63,35500,24.62,U
sz002517,恺英网络,2025-10-27 09:36:42,24.6,22600,24.63,D
sz002517,恺英网络,2025-10-27 09:36:45,24.62,22300,24.6,D
sz002517,恺英网络,2025-10-27 09:36:48,24.62,30900,24.62,D
sz002517,恺英网络,2025-10-27 09:36:51,24.63,103200,24.62,U
sz002517,恺英网络,2025-10-27 09:36:54,24.63,14700,24.63,D
sz002517,恺英网络,2025-10-27 09:36:57,24.7,94400,24.63,U
sz002517,恺英网络,2025-10-27 09:37:00,24.71,44800,24.7,U
sz002517,恺英网络,2025-10-27 09:37:03,24.76,74300,24.71,U
sz002517,恺英网络,2025-10-27 09:37:06,24.82,45500,24.76,U
sz002517,恺英网络,2025-10-27 09:37:12,24.84,22900,24.82,U
sz002517,恺英网络,2025-10-27 09:37:15,24.78,55900,24.84,D
sz002517,恺英网络,2025-10-27 09:37:18,24.75,23500,24.78,D
sz002517,恺英网络,2025-10-27 09:37:21,24.78,35000,24.75,U
sz002517,恺英网络,2025-10-27 09:37:24,24.76,17600,24.78,E
sz002517,恺英网络,2025-10-27 09:37:27,24.77,29600,24.76,U
sz002517,恺英网络,2025-10-27 09:37:30,24.75,31900,24.77,D
sz002517,恺英网络,2025-10-27 09:37:33,24.77,32500,24.75,U
sz002517,恺英网络,2025-10-27 09:37:36,24.76,26200,24.77,D
sz002517,恺英网络,2025-10-27 09:37:39,24.78,47500,24.76,U
sz002517,恺英网络,2025-10-27 09:37:42,24.78,29800,24.78,D
sz002517,恺英网络,2025-10-27 09:37:45,24.78,28700,24.78,D
sz002517,恺英网络,2025-10-27 09:37:48,24.77,52500,24.78,D
sz002517,恺英网络,2025-10-27 09:37:51,24.77,59300,24.77,D
sz002517,恺英网络,2025-10-27 09:37:54,24.74,29800,24.77,D
sz002517,恺英网络,2025-10-27 09:37:57,24.76,8600,24.74,U
sz002517,恺英网络,2025-10-27 09:38:00,24.75,28600,24.76,D
sz002517,恺英网络,2025-10-27 09:38:03,24.75,47200,24.75,U
sz002517,恺英网络,2025-10-27 09:38:06,24.77,13700,24.75,U
sz002517,恺英网络,2025-10-27 09:38:09,24.77,8100,24.77,U
sz002517,恺英网络,2025-10-27 09:38:12,24.77,10800,24.77,E
sz002517,恺英网络,2025-10-27 09:38:15,24.79,136900,24.77,U
sz002517,恺英网络,2025-10-27 09:38:24,24.83,10300,24.82,U
sz002517,恺英网络,2025-10-27 09:38:30,24.84,15700,24.83,U
sz002517,恺英网络,2025-10-27 09:38:33,24.84,12200,24.84,U
sz002517,恺英网络,2025-10-27 09:38:36,24.81,72300,24.84,D
sz002517,恺英网络,2025-10-27 09:38:39,24.78,26900,24.81,D
sz002517,恺英网络,2025-10-27 09:38:42,24.76,49900,24.78,D
sz002517,恺英网络,2025-10-27 09:38:45,24.79,26600,24.76,U
sz002517,恺英网络,2025-10-27 09:38:51,24.77,19500,24.78,D
sz002517,恺英网络,2025-10-27 09:38:54,24.78,29800,24.77,D
sz002517,恺英网络,2025-10-27 09:38:57,24.78,8900,24.78,D
sz002517,恺英网络,2025-10-27 09:39:00,24.8,19600,24.78,U
sz002517,恺英网络,2025-10-27 09:39:03,24.8,30000,24.8,U
sz002517,恺英网络,2025-10-27 09:39:06,24.82,16900,24.8,U
sz002517,恺英网络,2025-10-27 09:39:12,24.8,16400,24.81,D
sz002517,恺英网络,2025-10-27 09:39:15,24.83,10400,24.8,U
sz002517,恺英网络,2025-10-27 09:39:18,24.83,9100,24.83,U
sz002517,恺英网络,2025-10-27 09:39:21,24.79,81000,24.83,D
sz002517,恺英网络,2025-10-27 09:39:24,24.8,21300,24.79,U
sz002517,恺英网络,2025-10-27 09:39:30,24.81,24600,24.79,U
sz002517,恺英网络,2025-10-27 09:39:33,24.8,10400,24.81,D
sz002517,恺英网络,2025-10-27 09:39:42,24.82,27300,24.8,U
sz002517,恺英网络,2025-10-27 09:39:51,24.81,11900,24.81,U
sz002517,恺英网络,2025-10-27 09:40:00,24.82,15400,24.81,U
sz002517,恺英网络,2025-10-27 09:40:03,24.82,12400,24.82,U
sz002517,恺英网络,2025-10-27 09:40:09,24.82,8600,24.83,D
sz002517,恺英网络,2025-10-27 09:40:12,24.8,18500,24.82,D
sz002517,恺英网络,2025-10-27 09:40:15,24.83,12700,24.8,U
sz002517,恺英网络,2025-10-27 09:40:18,24.78,98300,24.83,D
sz002517,恺英网络,2025-10-27 09:40:21,24.76,11100,24.78,D
sz002517,恺英网络,2025-10-27 09:40:24,24.74,88000,24.76,D
sz002517,恺英网络,2025-10-27 09:40:30,24.73,84200,24.73,D
sz002517,恺英网络,2025-10-27 09:40:33,24.7,63600,24.73,D
sz002517,恺英网络,2025-10-27 09:40:36,24.68,34800,24.7,D
sz002517,恺英网络,2025-10-27 09:40:39,24.66,61700,24.68,D
sz002517,恺英网络,2025-10-27 09:40:42,24.64,15800,24.66,E
sz002517,恺英网络,2025-10-27 09:40:45,24.64,31200,24.64,D
sz002517,恺英网络,2025-10-27 09:40:48,24.64,54900,24.64,D
sz002517,恺英网络,2025-10-27 09:40:51,24.66,24800,24.64,U
sz002517,恺英网络,2025-10-27 09:40:54,24.63,27800,24.66,D
sz002517,恺英网络,2025-10-27 09:40:57,24.63,103300,24.63,U
sz002517,恺英网络,2025-10-27 09:41:00,24.59,151000,24.63,D
sz002517,恺英网络,2025-10-27 09:41:03,24.58,53400,24.59,D
sz002517,恺英网络,2025-10-27 09:41:06,24.58,30800,24.58,D
sz002517,恺英网络,2025-10-27 09:41:09,24.58,39600,24.58,U
sz002517,恺英网络,2025-10-27 09:41:12,24.57,36600,24.58,D
sz002517,恺英网络,2025-10-27 09:41:15,24.56,58700,24.57,D
sz002517,恺英网络,2025-10-27 09:41:18,24.57,57300,24.56,U
sz002517,恺英网络,2025-10-27 09:41:21,24.59,79200,24.57,U
sz002517,恺英网络,2025-10-27 09:41:24,24.55,89900,24.59,D
sz002517,恺英网络,2025-10-27 09:41:27,24.56,30600,24.55,U
sz002517,恺英网络,2025-10-27 09:41:30,24.56,35600,24.56,U
sz002517,恺英网络,2025-10-27 09:41:33,24.56,83401,24.56,U
sz002517,恺英网络,2025-10-27 09:41:36,24.57,42400,24.56,U
sz002517,恺英网络,2025-10-27 09:41:39,24.55,144700,24.57,D
sz002517,恺英网络,2025-10-27 09:41:42,24.55,34900,24.55,U
sz002517,恺英网络,2025-10-27 09:41:45,24.57,52500,24.55,U
sz002517,恺英网络,2025-10-27 09:41:48,24.57,50300,24.57,U
sz002517,恺英网络,2025-10-27 09:41:51,24.57,29500,24.57,U
sz002517,恺英网络,2025-10-27 09:41:54,24.57,33700,24.57,U
sz002517,恺英网络,2025-10-27 09:41:57,24.57,77900,24.57,D
sz002517,恺英网络,2025-10-27 09:42:00,24.55,31300,24.57,D
sz002517,恺英网络,2025-10-27 09:42:03,24.53,61300,24.55,D
sz002517,恺英网络,2025-10-27 09:42:06,24.53,37300,24.53,U
sz002517,恺英网络,2025-10-27 09:42:09,24.53,17500,24.53,E
sz002517,恺英网络,2025-10-27 09:42:15,24.52,32000,24.53,D
sz002517,恺英网络,2025-10-27 09:42:18,24.52,21900,24.52,U
sz002517,恺英网络,2025-10-27 09:42:21,24.51,246600,24.52,D
sz002517,恺英网络,2025-10-27 09:42:24,24.5,24600,24.51,E
sz002517,恺英网络,2025-10-27 09:42:27,24.49,30400,24.5,E
sz002517,恺英网络,2025-10-27 09:42:30,24.47,34700,24.49,D
sz002517,恺英网络,2025-10-27 09:42:33,24.48,12400,24.47,U
sz002517,恺英网络,2025-10-27 09:42:36,24.48,31500,24.48,U
sz002517,恺英网络,2025-10-27 09:42:39,24.49,30700,24.48,U
sz002517,恺英网络,2025-10-27 09:42:42,24.47,50700,24.49,D
sz002517,恺英网络,2025-10-27 09:42:45,24.46,38900,24.47,D
sz002517,恺英网络,2025-10-27 09:42:51,24.48,18400,24.48,U
sz002517,恺英网络,2025-10-27 09:42:54,24.47,25800,24.48,D
sz002517,恺英网络,2025-10-27 09:42:57,24.47,26600,24.47,U
sz002517,恺英网络,2025-10-27 09:43:00,24.47,42500,24.47,U
sz002517,恺英网络,2025-10-27 09:43:03,24.47,110100,24.47,D
sz002517,恺英网络,2025-10-27 09:43:06,24.46,36600,24.47,D
sz002517,恺英网络,2025-10-27 09:43:09,24.46,82600,24.46,U
sz002517,恺英网络,2025-10-27 09:43:12,24.44,30600,24.46,D
sz002517,恺英网络,2025-10-27 09:43:15,24.44,76100,24.44,D
sz002517,恺英网络,2025-10-27 09:43:18,24.45,49900,24.44,U
sz002517,恺英网络,2025-10-27 09:43:21,24.45,18400,24.45,U
sz002517,恺英网络,2025-10-27 09:43:24,24.45,55700,24.45,U
sz002517,恺英网络,2025-10-27 09:43:27,24.45,52400,24.45,U
sz002517,恺英网络,2025-10-27 09:43:30,24.44,38000,24.45,E
sz002517,恺英网络,2025-10-27 09:43:33,24.43,12000,24.44,D
sz002517,恺英网络,2025-10-27 09:43:36,24.44,38400,24.43,U
sz002517,恺英网络,2025-10-27 09:43:39,24.44,29400,24.44,U
sz002517,恺英网络,2025-10-27 09:43:42,24.45,49000,24.44,U
sz002517,恺英网络,2025-10-27 09:43:45,24.42,36500,24.45,D
sz002517,恺英网络,2025-10-27 09:43:48,24.44,33300,24.42,U
sz002517,恺英网络,2025-10-27 09:43:51,24.44,11200,24.44,U
sz002517,恺英网络,2025-10-27 09:43:54,24.45,11100,24.44,U
sz002517,恺英网络,2025-10-27 09:43:57,24.45,14000,24.45,U
sz002517,恺英网络,2025-10-27 09:44:00,24.45,14000,24.45,U
sz002517,恺英网络,2025-10-27 09:44:03,24.44,18000,24.45,D
sz002517,恺英网络,2025-10-27 09:44:06,24.45,34900,24.44,U
sz002517,恺英网络,2025-10-27 09:44:09,24.45,29250,24.45,D
sz002517,恺英网络,2025-10-27 09:44:12,24.49,128500,24.45,U
sz002517,恺英网络,2025-10-27 09:44:15,24.49,31700,24.49,U
sz002517,恺英网络,2025-10-27 09:44:18,24.5,46200,24.49,U
sz002517,恺英网络,2025-10-27 09:44:21,24.48,25700,24.5,D
sz002517,恺英网络,2025-10-27 09:44:24,24.5,24700,24.48,U
sz002517,恺英网络,2025-10-27 09:44:27,24.5,8600,24.5,U
sz002517,恺英网络,2025-10-27 09:44:30,24.5,15000,24.5,U
sz002517,恺英网络,2025-10-27 09:44:33,24.47,128750,24.5,D
sz002517,恺英网络,2025-10-27 09:44:36,24.47,19600,24.47,U
sz002517,恺英网络,2025-10-27 09:44:39,24.47,16800,24.47,U
sz002517,恺英网络,2025-10-27 09:44:42,24.46,16400,24.47,U
sz002517,恺英网络,2025-10-27 09:44:45,24.45,40300,24.46,D
sz002517,恺英网络,2025-10-27 09:44:48,24.44,25000,24.45,D
sz002517,恺英网络,2025-10-27 09:44:54,24.43,14500,24.44,D
sz002517,恺英网络,2025-10-27 09:44:57,24.45,17500,24.43,U
sz002517,恺英网络,2025-10-27 09:45:00,24.45,11700,24.45,U
sz002517,恺英网络,2025-10-27 09:45:03,24.42,70000,24.45,D
sz002517,恺英网络,2025-10-27 09:45:06,24.43,227700,24.42,E
sz002517,恺英网络,2025-10-27 09:45:09,24.4,49900,24.43,D
sz002517,恺英网络,2025-10-27 09:45:12,24.41,405700,24.4,E
sz002517,恺英网络,2025-10-27 09:45:15,24.42,38900,24.41,U
sz002517,恺英网络,2025-10-27 09:45:18,24.41,15000,24.42,D
sz002517,恺英网络,2025-10-27 09:45:21,24.41,21800,24.41,D
sz002517,恺英网络,2025-10-27 09:45:24,24.42,18900,24.41,U
sz002517,恺英网络,2025-10-27 09:45:27,24.42,8400,24.42,D
sz002517,恺英网络,2025-10-27 09:45:30,24.4,52900,24.42,D
sz002517,恺英网络,2025-10-27 09:45:33,24.37,28900,24.4,D
sz002517,恺英网络,2025-10-27 09:45:36,24.35,56600,24.37,D
sz002517,恺英网络,2025-10-27 09:45:39,24.33,17900,24.35,E
sz002517,恺英网络,2025-10-27 09:45:42,24.35,33000,24.33,U
sz002517,恺英网络,2025-10-27 09:45:45,24.33,75500,24.35,D
sz002517,恺英网络,2025-10-27 09:45:48,24.34,52000,24.33,U
sz002517,恺英网络,2025-10-27 09:45:51,24.34,28900,24.34,U
sz002517,恺英网络,2025-10-27 09:45:54,24.32,12600,24.34,D
sz002517,恺英网络,2025-10-27 09:45:57,24.32,17500,24.32,U
sz002517,恺英网络,2025-10-27 09:46:00,24.32,71800,24.32,U
sz002517,恺英网络,2025-10-27 09:46:03,24.31,28800,24.32,D
sz002517,恺英网络,2025-10-27 09:46:06,24.33,25200,24.31,U
sz002517,恺英网络,2025-10-27 09:46:09,24.33,80000,24.33,U
sz002517,恺英网络,2025-10-27 09:46:12,24.33,78700,24.33,D
sz002517,恺英网络,2025-10-27 09:46:15,24.33,43400,24.33,D
sz002517,恺英网络,2025-10-27 09:46:18,24.33,74800,24.33,U
sz002517,恺英网络,2025-10-27 09:46:21,24.35,31600,24.33,U
sz002517,恺英网络,2025-10-27 09:46:24,24.34,27200,24.35,E
sz002517,恺英网络,2025-10-27 09:46:27,24.37,83750,24.34,U
sz002517,恺英网络,2025-10-27 09:46:30,24.36,34400,24.37,U
sz002517,恺英网络,2025-10-27 09:46:33,24.34,14900,24.36,D
sz002517,恺英网络,2025-10-27 09:46:36,24.36,22500,24.34,U
sz002517,恺英网络,2025-10-27 09:46:39,24.32,96200,24.36,D
sz002517,恺英网络,2025-10-27 09:46:42,24.31,445600,24.32,D
sz002517,恺英网络,2025-10-27 09:46:45,24.26,43000,24.31,D
sz002517,恺英网络,2025-10-27 09:46:48,24.25,26400,24.26,D
sz002517,恺英网络,2025-10-27 09:46:51,24.26,30200,24.25,U
sz002517,恺英网络,2025-10-27 09:46:54,24.25,43800,24.26,D
sz002517,恺英网络,2025-10-27 09:46:57,24.25,27300,24.25,D
sz002517,恺英网络,2025-10-27 09:47:00,24.22,59000,24.25,D
sz002517,恺英网络,2025-10-27 09:47:03,24.22,9300,24.22,U
sz002517,恺英网络,2025-10-27 09:47:06,24.21,35700,24.22,D
sz002517,恺英网络,2025-10-27 09:47:09,24.19,60000,24.21,D
sz002517,恺英网络,2025-10-27 09:47:12,24.17,71500,24.19,D
sz002517,恺英网络,2025-10-27 09:47:15,24.15,28200,24.17,D
sz002517,恺英网络,2025-10-27 09:47:18,24.17,17600,24.15,U
sz002517,恺英网络,2025-10-27 09:47:21,24.17,38800,24.17,U
sz002517,恺英网络,2025-10-27 09:47:24,24.17,17000,24.17,U
sz002517,恺英网络,2025-10-27 09:47:27,24.17,36400,24.17,D
sz002517,恺英网络,2025-10-27 09:47:30,24.15,223300,24.17,D
sz002517,恺英网络,2025-10-27 09:47:33,24.14,39700,24.15,E
sz002517,恺英网络,2025-10-27 09:47:36,24.08,97200,24.14,D
sz002517,恺英网络,2025-10-27 09:47:39,24.08,50200,24.08,U
sz002517,恺英网络,2025-10-27 09:47:42,24.04,21000,24.08,D
sz002517,恺英网络,2025-10-27 09:47:45,24.03,33400,24.04,D
sz002517,恺英网络,2025-10-27 09:47:48,23.98,243000,24.03,D
sz002517,恺英网络,2025-10-27 09:47:51,23.97,87900,23.98,E
sz002517,恺英网络,2025-10-27 09:47:54,23.95,57300,23.97,D
sz002517,恺英网络,2025-10-27 09:47:57,23.94,22500,23.95,E
sz002517,恺英网络,2025-10-27 09:48:00,23.93,31500,23.94,D
sz002517,恺英网络,2025-10-27 09:48:03,24.0,166000,23.93,U
sz002517,恺英网络,2025-10-27 09:48:06,24.0,20600,24.0,U
sz002517,恺英网络,2025-10-27 09:48:09,23.97,46300,24.0,D
sz002517,恺英网络,2025-10-27 09:48:12,23.95,51800,23.97,D
sz002517,恺英网络,2025-10-27 09:48:15,23.94,36000,23.95,U
sz002517,恺英网络,2025-10-27 09:48:18,23.92,68700,23.94,D
sz002517,恺英网络,2025-10-27 09:48:21,23.91,42300,23.92,E
sz002517,恺英网络,2025-10-27 09:48:24,23.89,50300,23.91,D
sz002517,恺英网络,2025-10-27 09:48:27,23.89,51400,23.89,U
sz002517,恺英网络,2025-10-27 09:48:30,23.87,34700,23.89,D
sz002517,恺英网络,2025-10-27 09:48:33,23.83,40900,23.87,D
sz002517,恺英网络,2025-10-27 09:48:36,23.81,23500,23.83,D
sz002517,恺英网络,2025-10-27 09:48:39,23.78,112200,23.81,D
sz002517,恺英网络,2025-10-27 09:48:42,23.78,68200,23.78,U
sz002517,恺英网络,2025-10-27 09:48:45,23.78,71800,23.78,U
sz002517,恺英网络,2025-10-27 09:48:48,23.73,163800,23.78,D
sz002517,恺英网络,2025-10-27 09:48:51,23.71,64100,23.73,D
sz002517,恺英网络,2025-10-27 09:48:54,23.67,33200,23.71,D
sz002517,恺英网络,2025-10-27 09:48:57,23.62,63500,23.67,D
sz002517,恺英网络,2025-10-27 09:49:00,23.55,99500,23.62,D
sz002517,恺英网络,2025-10-27 09:49:03,23.59,40800,23.55,U
sz002517,恺英网络,2025-10-27 09:49:06,23.71,470607,23.59,U
sz002517,恺英网络,2025-10-27 09:49:09,23.68,185900,23.71,D
sz002517,恺英网络,2025-10-27 09:49:12,23.67,80400,23.68,U
sz002517,恺英网络,2025-10-27 09:49:15,23.71,87600,23.67,U
sz002517,恺英网络,2025-10-27 09:49:18,23.7,98100,23.71,E
sz002517,恺英网络,2025-10-27 09:49:21,23.7,69800,23.7,U
sz002517,恺英网络,2025-10-27 09:49:24,23.7,39700,23.7,U
sz002517,恺英网络,2025-10-27 09:49:27,23.71,57700,23.7,U
sz002517,恺英网络,2025-10-27 09:49:30,23.72,58600,23.71,U
sz002517,恺英网络,2025-10-27 09:49:33,23.72,66300,23.72,U
sz002517,恺英网络,2025-10-27 09:49:36,23.72,45600,23.72,D
sz002517,恺英网络,2025-10-27 09:49:39,23.72,53100,23.72,U
sz002517,恺英网络,2025-10-27 09:49:42,23.71,85400,23.72,D
sz002517,恺英网络,2025-10-27 09:49:45,23.72,88900,23.71,D
sz002517,恺英网络,2025-10-27 09:49:48,23.72,149400,23.72,U
sz002517,恺英网络,2025-10-27 09:49:51,23.68,117700,23.72,D
sz002517,恺英网络,2025-10-27 09:49:54,23.66,91200,23.68,D
sz002517,恺英网络,2025-10-27 09:49:57,23.64,45900,23.66,E
sz002517,恺英网络,2025-10-27 09:50:00,23.58,127200,23.64,D
sz002517,恺英网络,2025-10-27 09:50:03,23.48,244400,23.58,D
sz002517,恺英网络,2025-10-27 09:50:06,23.51,93900,23.48,U
sz002517,恺英网络,2025-10-27 09:50:09,23.51,62100,23.51,E
sz002517,恺英网络,2025-10-27 09:50:12,23.4,110700,23.51,D
sz002517,恺英网络,2025-10-27 09:50:15,23.53,124000,23.4,U
sz002517,恺英网络,2025-10-27 09:50:18,23.57,267900,23.53,U
sz002517,恺英网络,2025-10-27 09:50:21,23.53,80000,23.57,D
sz002517,恺英网络,2025-10-27 09:50:24,23.57,33900,23.53,U
sz002517,恺英网络,2025-10-27 09:50:27,23.57,58400,23.57,D
sz002517,恺英网络,2025-10-27 09:50:30,23.57,126500,23.57,D
sz002517,恺英网络,2025-10-27 09:50:33,23.53,76300,23.57,D
sz002517,恺英网络,2025-10-27 09:50:36,23.53,67100,23.53,U
sz002517,恺英网络,2025-10-27 09:50:39,23.52,74900,23.53,E
sz002517,恺英网络,2025-10-27 09:50:42,23.54,28400,23.52,E
sz002517,恺英网络,2025-10-27 09:50:45,23.48,108800,23.54,D
sz002517,恺英网络,2025-10-27 09:50:48,23.5,109100,23.48,U
sz002517,恺英网络,2025-10-27 09:50:51,23.47,51500,23.5,D
sz002517,恺英网络,2025-10-27 09:50:54,23.47,53100,23.47,U
sz002517,恺英网络,2025-10-27 09:50:57,23.46,195000,23.47,D
sz002517,恺英网络,2025-10-27 09:51:00,23.47,142900,23.46,U
sz002517,恺英网络,2025-10-27 09:51:03,23.47,89000,23.47,D
sz002517,恺英网络,2025-10-27 09:51:06,23.48,79700,23.47,E
sz002517,恺英网络,2025-10-27 09:51:09,23.53,92300,23.48,U
sz002517,恺英网络,2025-10-27 09:51:12,23.48,80800,23.53,D
sz002517,恺英网络,2025-10-27 09:51:15,23.49,131100,23.48,E
sz002517,恺英网络,2025-10-27 09:51:18,23.48,64100,23.49,D
sz002517,恺英网络,2025-10-27 09:51:21,23.48,59500,23.48,D
sz002517,恺英网络,2025-10-27 09:51:24,23.48,70900,23.48,U
sz002517,恺英网络,2025-10-27 09:51:27,23.48,66600,23.48,U
sz002517,恺英网络,2025-10-27 09:51:30,23.46,54100,23.48,D
sz002517,恺英网络,2025-10-27 09:51:33,23.46,89000,23.46,U
sz002517,恺英网络,2025-10-27 09:51:36,23.46,37900,23.46,U
sz002517,恺英网络,2025-10-27 09:51:39,23.45,42900,23.46,D
sz002517,恺英网络,2025-10-27 09:51:42,23.47,80900,23.45,U
sz002517,恺英网络,2025-10-27 09:51:45,23.45,20400,23.47,D
sz002517,恺英网络,2025-10-27 09:51:48,23.48,73300,23.45,U
sz002517,恺英网络,2025-10-27 09:51:51,23.48,185100,23.48,D
sz002517,恺英网络,2025-10-27 09:51:54,23.47,47500,23.48,U
sz002517,恺英网络,2025-10-27 09:51:57,23.52,20200,23.47,E
sz002517,恺英网络,2025-10-27 09:52:00,23.51,94400,23.52,E
sz002517,恺英网络,2025-10-27 09:52:03,23.52,56200,23.51,E
sz002517,恺英网络,2025-10-27 09:52:06,23.49,67200,23.52,D
sz002517,恺英网络,2025-10-27 09:52:09,23.52,30500,23.49,U
sz002517,恺英网络,2025-10-27 09:52:12,23.51,39700,23.52,D
sz002517,恺英网络,2025-10-27 09:52:15,23.5,38800,23.51,E
sz002517,恺英网络,2025-10-27 09:52:18,23.47,138500,23.5,D
sz002517,恺英网络,2025-10-27 09:52:21,23.48,129900,23.47,E
sz002517,恺英网络,2025-10-27 09:52:24,23.4,211200,23.48,D
sz002517,恺英网络,2025-10-27 09:52:27,23.36,305700,23.4,D
sz002517,恺英网络,2025-10-27 09:52:30,23.34,66400,23.36,D
sz002517,恺英网络,2025-10-27 09:52:33,23.3,85700,23.34,D
sz002517,恺英网络,2025-10-27 09:52:36,23.27,102400,23.3,D
sz002517,恺英网络,2025-10-27 09:52:39,23.26,87600,23.27,D
sz002517,恺英网络,2025-10-27 09:52:42,23.24,29700,23.26,D
sz002517,恺英网络,2025-10-27 09:52:45,23.23,93600,23.24,D
sz002517,恺英网络,2025-10-27 09:52:48,23.24,80900,23.23,U
sz002517,恺英网络,2025-10-27 09:52:51,23.23,191300,23.24,D
sz002517,恺英网络,2025-10-27 09:52:54,23.24,249300,23.23,U
sz002517,恺英网络,2025-10-27 09:52:57,23.21,93400,23.24,D
sz002517,恺英网络,2025-10-27 09:53:00,23.21,55500,23.21,D
sz002517,恺英网络,2025-10-27 09:53:03,23.13,91400,23.21,D
sz002517,恺英网络,2025-10-27 09:53:06,23.15,91400,23.13,U
sz002517,恺英网络,2025-10-27 09:53:09,23.25,238600,23.15,U
sz002517,恺英网络,2025-10-27 09:53:12,23.26,189500,23.25,U
sz002517,恺英网络,2025-10-27 09:53:15,23.27,53500,23.26,E
sz002517,恺英网络,2025-10-27 09:53:18,23.37,74200,23.27,U
sz002517,恺英网络,2025-10-27 09:53:21,23.4,57700,23.37,E
sz002517,恺英网络,2025-10-27 09:53:24,23.42,171700,23.4,E
sz002517,恺英网络,2025-10-27 09:53:27,23.43,150100,23.42,U
sz002517,恺英网络,2025-10-27 09:53:30,23.43,100700,23.43,U
sz002517,恺英网络,2025-10-27 09:53:33,23.38,82800,23.43,D
sz002517,恺英网络,2025-10-27 09:53:36,23.43,93100,23.38,U
sz002517,恺英网络,2025-10-27 09:53:39,23.32,104200,23.43,D
sz002517,恺英网络,2025-10-27 09:53:42,23.32,225400,23.32,U
sz002517,恺英网络,2025-10-27 09:53:45,23.38,116800,23.32,U
sz002517,恺英网络,2025-10-27 09:53:48,23.43,55300,23.38,U
sz002517,恺英网络,2025-10-27 09:53:51,23.48,115400,23.43,U
sz002517,恺英网络,2025-10-27 09:53:54,23.49,24400,23.48,U
sz002517,恺英网络,2025-10-27 09:53:57,23.47,78700,23.49,E
sz002517,恺英网络,2025-10-27 09:54:00,23.45,68500,23.47,E
sz002517,恺英网络,2025-10-27 09:54:03,23.44,64700,23.45,D
sz002517,恺英网络,2025-10-27 09:54:06,23.43,80600,23.44,D
sz002517,恺英网络,2025-10-27 09:54:09,23.41,117500,23.43,E
sz002517,恺英网络,2025-10-27 09:54:12,23.36,49900,23.41,D
sz002517,恺英网络,2025-10-27 09:54:15,23.38,87000,23.36,U
sz002517,恺英网络,2025-10-27 09:54:18,23.37,61500,23.38,D
sz002517,恺英网络,2025-10-27 09:54:21,23.36,69900,23.37,D
sz002517,恺英网络,2025-10-27 09:54:24,23.4,112100,23.36,U
sz002517,恺英网络,2025-10-27 09:54:27,23.38,41800,23.4,D
sz002517,恺英网络,2025-10-27 09:54:30,23.45,57900,23.38,U
sz002517,恺英网络,2025-10-27 09:54:33,23.46,42600,23.45,U
sz002517,恺英网络,2025-10-27 09:54:36,23.44,20600,23.46,E
sz002517,恺英网络,2025-10-27 09:54:39,23.44,114400,23.44,U
sz002517,恺英网络,2025-10-27 09:54:42,23.44,87400,23.44,U
sz002517,恺英网络,2025-10-27 09:54:45,23.44,77550,23.44,U
sz002517,恺英网络,2025-10-27 09:54:48,23.46,75900,23.44,E
sz002517,恺英网络,2025-10-27 09:54:51,23.44,88500,23.46,D
sz002517,恺英网络,2025-10-27 09:54:54,23.44,110800,23.44,U
sz002517,恺英网络,2025-10-27 09:54:57,23.44,96100,23.44,U
sz002517,恺英网络,2025-10-27 09:55:00,23.45,35000,23.44,U
sz002517,恺英网络,2025-10-27 09:55:03,23.45,70200,23.45,U
sz002517,恺英网络,2025-10-27 09:55:06,23.45,53900,23.45,U
sz002517,恺英网络,2025-10-27 09:55:09,23.42,28000,23.45,D
sz002517,恺英网络,2025-10-27 09:55:12,23.45,71100,23.42,U
sz002517,恺英网络,2025-10-27 09:55:15,23.44,44600,23.45,E
sz002517,恺英网络,2025-10-27 09:55:18,23.45,61500,23.44,U
sz002517,恺英网络,2025-10-27 09:55:21,23.44,77500,23.45,E
sz002517,恺英网络,2025-10-27 09:55:24,23.44,84200,23.44,U
sz002517,恺英网络,2025-10-27 09:55:27,23.44,66800,23.44,U
sz002517,恺英网络,2025-10-27 09:55:30,23.4,88900,23.44,D
sz002517,恺英网络,2025-10-27 09:55:33,23.44,63200,23.4,U
sz002517,恺英网络,2025-10-27 09:55:36,23.43,28500,23.44,D
sz002517,恺英网络,2025-10-27 09:55:39,23.41,59200,23.43,E
sz002517,恺英网络,2025-10-27 09:55:42,23.41,25100,23.41,E
sz002517,恺英网络,2025-10-27 09:55:45,23.43,349900,23.41,U
sz002517,恺英网络,2025-10-27 09:55:48,23.49,19700,23.43,E
sz002517,恺英网络,2025-10-27 09:55:51,23.46,37700,23.49,E
sz002517,恺英网络,2025-10-27 09:55:54,23.47,10900,23.46,E
sz002517,恺英网络,2025-10-27 09:55:57,23.46,31200,23.47,D
sz002517,恺英网络,2025-10-27 09:56:00,23.45,46300,23.46,D
sz002517,恺英网络,2025-10-27 09:56:03,23.48,35000,23.45,U
sz002517,恺英网络,2025-10-27 09:56:06,23.46,55500,23.48,D
sz002517,恺英网络,2025-10-27 09:56:09,23.48,45500,23.46,E
sz002517,恺英网络,2025-10-27 09:56:12,23.47,14700,23.48,D
sz002517,恺英网络,2025-10-27 09:56:15,23.46,42200,23.47,D
sz002517,恺英网络,2025-10-27 09:56:18,23.43,80400,23.46,D
sz002517,恺英网络,2025-10-27 09:56:21,23.4,98700,23.43,D
sz002517,恺英网络,2025-10-27 09:56:24,23.41,10500,23.4,U
sz002517,恺英网络,2025-10-27 09:56:27,23.41,27600,23.41,U
sz002517,恺英网络,2025-10-27 09:56:30,23.4,81600,23.41,D
sz002517,恺英网络,2025-10-27 09:56:33,23.4,74700,23.4,D
sz002517,恺英网络,2025-10-27 09:56:36,23.36,132100,23.4,D
sz002517,恺英网络,2025-10-27 09:56:39,23.45,126000,23.36,U
sz002517,恺英网络,2025-10-27 09:56:42,23.45,74400,23.45,D
sz002517,恺英网络,2025-10-27 09:56:45,23.43,65900,23.45,E
sz002517,恺英网络,2025-10-27 09:56:48,23.35,77500,23.43,D
sz002517,恺英网络,2025-10-27 09:56:51,23.38,24500,23.35,D
sz002517,恺英网络,2025-10-27 09:56:54,23.42,27300,23.38,E
sz002517,恺英网络,2025-10-27 09:56:57,23.45,12400,23.42,U
sz002517,恺英网络,2025-10-27 09:57:00,23.45,23000,23.45,D
sz002517,恺英网络,2025-10-27 09:57:03,23.45,14700,23.45,U
sz002517,恺英网络,2025-10-27 09:57:09,23.48,32700,23.48,U
sz002517,恺英网络,2025-10-27 09:57:12,23.47,19900,23.48,D
sz002517,恺英网络,2025-10-27 09:57:15,23.52,88100,23.47,U
sz002517,恺英网络,2025-10-27 09:57:18,23.52,30000,23.52,D
sz002517,恺英网络,2025-10-27 09:57:21,23.58,85800,23.52,U
sz002517,恺英网络,2025-10-27 09:57:24,23.59,12100,23.58,U
sz002517,恺英网络,2025-10-27 09:57:27,23.63,11600,23.59,U
sz002517,恺英网络,2025-10-27 09:57:33,23.65,23800,23.63,U
sz002517,恺英网络,2025-10-27 09:57:36,23.74,32100,23.65,U
sz002517,恺英网络,2025-10-27 09:57:42,23.74,26200,23.69,U
sz002517,恺英网络,2025-10-27 09:57:45,23.72,32700,23.74,E
sz002517,恺英网络,2025-10-27 09:57:48,23.73,26300,23.72,U
sz002517,恺英网络,2025-10-27 09:57:51,23.73,21100,23.73,U
sz002517,恺英网络,2025-10-27 09:57:54,23.73,19500,23.73,U
sz002517,恺英网络,2025-10-27 09:57:57,23.74,35100,23.73,U
sz002517,恺英网络,2025-10-27 09:58:00,23.74,9800,23.74,U
sz002517,恺英网络,2025-10-27 09:58:03,23.75,20100,23.74,U
sz002517,恺英网络,2025-10-27 09:58:06,23.74,58000,23.75,D
sz002517,恺英网络,2025-10-27 09:58:09,23.75,24200,23.74,U
sz002517,恺英网络,2025-10-27 09:58:12,23.76,11500,23.75,U
sz002517,恺英网络,2025-10-27 09:58:15,23.77,53600,23.76,U
sz002517,恺英网络,2025-10-27 09:58:18,23.82,48100,23.77,U
sz002517,恺英网络,2025-10-27 09:58:21,23.83,63500,23.82,U
sz002517,恺英网络,2025-10-27 09:58:24,23.84,9500,23.83,U
sz002517,恺英网络,2025-10-27 09:58:27,23.83,63300,23.84,D
sz002517,恺英网络,2025-10-27 09:58:30,23.9,60200,23.83,U
sz002517,恺英网络,2025-10-27 09:58:33,23.85,72100,23.9,D
sz002517,恺英网络,2025-10-27 09:58:36,23.9,35000,23.85,U
sz002517,恺英网络,2025-10-27 09:58:39,23.9,110800,23.9,U
sz002517,恺英网络,2025-10-27 09:58:42,23.91,17400,23.9,U
sz002517,恺英网络,2025-10-27 09:58:45,23.9,54600,23.91,D
sz002517,恺英网络,2025-10-27 09:58:48,23.9,40400,23.9,U
sz002517,恺英网络,2025-10-27 09:58:51,23.92,49000,23.9,U
sz002517,恺英网络,2025-10-27 09:58:54,23.93,68500,23.92,U
sz002517,恺英网络,2025-10-27 09:58:57,23.93,17200,23.93,U
sz002517,恺英网络,2025-10-27 09:59:00,23.93,19700,23.93,D
sz002517,恺英网络,2025-10-27 09:59:03,23.9,196400,23.93,D
sz002517,恺英网络,2025-10-27 09:59:06,23.86,47400,23.9,D
sz002517,恺英网络,2025-10-27 09:59:09,23.86,35900,23.86,U
sz002517,恺英网络,2025-10-27 09:59:12,23.85,17300,23.86,D
sz002517,恺英网络,2025-10-27 09:59:15,23.85,94900,23.85,D
sz002517,恺英网络,2025-10-27 09:59:18,23.84,11300,23.85,D
sz002517,恺英网络,2025-10-27 09:59:21,23.85,57900,23.84,U
sz002517,恺英网络,2025-10-27 09:59:24,23.85,13000,23.85,D
sz002517,恺英网络,2025-10-27 09:59:27,23.85,12900,23.85,D
sz002517,恺英网络,2025-10-27 09:59:30,23.85,47800,23.85,U
sz002517,恺英网络,2025-10-27 09:59:33,23.84,15100,23.85,D
sz002517,恺英网络,2025-10-27 09:59:36,23.85,11600,23.84,U
sz002517,恺英网络,2025-10-27 09:59:42,23.83,10100,23.83,D
sz002517,恺英网络,2025-10-27 09:59:45,23.82,20600,23.83,D
sz002517,恺英网络,2025-10-27 09:59:48,23.81,15800,23.82,D
sz002517,恺英网络,2025-10-27 09:59:51,23.85,13700,23.81,U
sz002517,恺英网络,2025-10-27 09:59:54,23.85,8400,23.85,D
sz002517,恺英网络,2025-10-27 10:00:00,23.83,32500,23.85,D
sz002517,恺英网络,2025-10-27 10:00:06,23.82,15600,23.85,D
sz002517,恺英网络,2025-10-27 10:00:09,23.79,81200,23.82,D
sz002517,恺英网络,2025-10-27 10:00:12,23.78,14300,23.79,D
sz002517,恺英网络,2025-10-27 10:00:15,23.77,17300,23.78,D
sz002517,恺英网络,2025-10-27 10:00:21,23.76,13700,23.76,D
sz002517,恺英网络,2025-10-27 10:00:27,23.76,18300,23.75,U
sz002517,恺英网络,2025-10-27 10:00:30,23.75,22000,23.76,D
sz002517,恺英网络,2025-10-27 10:00:33,23.76,19500,23.75,U
sz002517,恺英网络,2025-10-27 10:00:36,23.76,39800,23.76,U
sz002517,恺英网络,2025-10-27 10:00:42,23.75,43300,23.75,U
sz002517,恺英网络,2025-10-27 10:00:45,23.75,9300,23.75,U
sz002517,恺英网络,2025-10-27 10:00:48,23.74,30400,23.75,D
sz002517,恺英网络,2025-10-27 10:00:51,23.73,15000,23.74,D
sz002517,恺英网络,2025-10-27 10:00:54,23.74,12900,23.73,U
sz002517,恺英网络,2025-10-27 10:00:57,23.71,34800,23.74,D
sz002517,恺英网络,2025-10-27 10:01:03,23.71,17200,23.71,D
sz002517,恺英网络,2025-10-27 10:01:06,23.71,9400,23.71,U
sz002517,恺英网络,2025-10-27 10:01:09,23.71,36500,23.71,U
sz002517,恺英网络,2025-10-27 10:01:12,23.71,33100,23.71,U
sz002517,恺英网络,2025-10-27 10:01:18,23.69,64100,23.69,D
sz002517,恺英网络,2025-10-27 10:01:21,23.7,21000,23.69,U
sz002517,恺英网络,2025-10-27 10:01:27,23.71,22300,23.69,U
sz002517,恺英网络,2025-10-27 10:01:30,23.68,96500,23.71,D
sz002517,恺英网络,2025-10-27 10:01:33,23.7,33800,23.68,E
sz002517,恺英网络,2025-10-27 10:01:36,23.68,20700,23.7,E
sz002517,恺英网络,2025-10-27 10:01:42,23.66,30500,23.66,U
sz002517,恺英网络,2025-10-27 10:01:48,23.63,9000,23.65,D
sz002517,恺英网络,2025-10-27 10:01:54,23.64,10000,23.62,U
sz002517,恺英网络,2025-10-27 10:01:57,23.61,22300,23.64,D
sz002517,恺英网络,2025-10-27 10:02:00,23.66,28500,23.61,U
sz002517,恺英网络,2025-10-27 10:02:03,23.68,32900,23.66,U
sz002517,恺英网络,2025-10-27 10:02:06,23.69,23300,23.68,U
sz002517,恺英网络,2025-10-27 10:02:18,23.7,44700,23.68,E
sz002517,恺英网络,2025-10-27 10:02:21,23.71,18900,23.7,U
sz002517,恺英网络,2025-10-27 10:02:24,23.72,13800,23.71,E
sz002517,恺英网络,2025-10-27 10:02:30,23.75,12600,23.74,U
sz002517,恺英网络,2025-10-27 10:02:33,23.76,83100,23.75,U
sz002517,恺英网络,2025-10-27 10:02:36,23.77,61000,23.76,U
sz002517,恺英网络,2025-10-27 10:02:39,23.74,88500,23.77,D
sz002517,恺英网络,2025-10-27 10:02:42,23.78,16500,23.74,U
sz002517,恺英网络,2025-10-27 10:02:51,23.83,64200,23.85,E
sz002517,恺英网络,2025-10-27 10:02:54,23.83,15400,23.83,U
sz002517,恺英网络,2025-10-27 10:03:06,23.86,12800,23.84,U
sz002517,恺英网络,2025-10-27 10:03:12,23.82,71800,23.86,D
sz002517,恺英网络,2025-10-27 10:03:15,23.82,30800,23.82,U
sz002517,恺英网络,2025-10-27 10:03:18,23.79,9900,23.82,D
sz002517,恺英网络,2025-10-27 10:03:24,23.79,10500,23.82,D
sz002517,恺英网络,2025-10-27 10:03:42,23.78,11600,23.77,U
sz002517,恺英网络,2025-10-27 10:03:45,23.79,13400,23.78,U
sz002517,恺英网络,2025-10-27 10:03:54,23.78,16600,23.77,U
sz002517,恺英网络,2025-10-27 10:03:57,23.81,34700,23.78,U
sz002517,恺英网络,2025-10-27 10:04:21,23.78,9400,23.79,D
sz002517,恺英网络,2025-10-27 10:04:24,23.79,10600,23.78,U
sz002517,恺英网络,2025-10-27 10:04:27,23.78,8600,23.79,E
sz002517,恺英网络,2025-10-27 10:04:30,23.75,15200,23.78,D
sz002517,恺英网络,2025-10-27 10:04:33,23.74,28000,23.75,D
sz002517,恺英网络,2025-10-27 10:04:36,23.74,24700,23.74,U
sz002517,恺英网络,2025-10-27 10:04:45,23.73,8600,23.72,U
sz002517,恺英网络,2025-10-27 10:04:54,23.73,17300,23.71,U
sz002517,恺英网络,2025-10-27 10:05:00,23.74,13600,23.73,U
sz002517,恺英网络,2025-10-27 10:05:15,23.74,26400,23.75,D
sz002517,恺英网络,2025-10-27 10:05:18,23.74,10100,23.74,D
sz002517,恺英网络,2025-10-27 10:05:21,23.78,51500,23.74,U
sz002517,恺英网络,2025-10-27 10:05:36,23.75,77500,23.77,D
sz002517,恺英网络,2025-10-27 10:05:42,23.74,51600,23.76,D
sz002517,恺英网络,2025-10-27 10:05:45,23.74,36900,23.74,E
sz002517,恺英网络,2025-10-27 10:05:48,23.71,52600,23.74,D
sz002517,恺英网络,2025-10-27 10:05:51,23.7,19100,23.71,D
sz002517,恺英网络,2025-10-27 10:05:54,23.77,10900,23.7,U
sz002517,恺英网络,2025-10-27 10:05:57,23.7,31800,23.77,D
sz002517,恺英网络,2025-10-27 10:06:00,23.77,23900,23.7,U
sz002517,恺英网络,2025-10-27 10:06:03,23.71,17100,23.77,D
sz002517,恺英网络,2025-10-27 10:06:09,23.72,21800,23.77,D
sz002517,恺英网络,2025-10-27 10:06:12,23.71,11800,23.72,D
sz002517,恺英网络,2025-10-27 10:06:18,23.78,8500,23.76,U
sz002517,恺英网络,2025-10-27 10:06:39,23.82,9500,23.83,D
sz002517,恺英网络,2025-10-27 10:06:54,23.81,13800,23.81,U
sz002517,恺英网络,2025-10-27 10:06:57,23.83,11600,23.81,U
sz002517,恺英网络,2025-10-27 10:07:03,23.84,32800,23.83,U
sz002517,恺英网络,2025-10-27 10:07:12,23.85,16000,23.84,U
sz002517,恺英网络,2025-10-27 10:07:15,23.8,60300,23.85,D
sz002517,恺英网络,2025-10-27 10:07:21,23.83,11000,23.84,E
sz002517,恺英网络,2025-10-27 10:07:27,23.8,13100,23.81,E
sz002517,恺英网络,2025-10-27 10:07:36,23.73,58600,23.76,D
sz002517,恺英网络,2025-10-27 10:07:39,23.71,11600,23.73,D
sz002517,恺英网络,2025-10-27 10:07:42,23.71,47500,23.71,D
sz002517,恺英网络,2025-10-27 10:07:45,23.71,10900,23.71,U
sz002517,恺英网络,2025-10-27 10:07:48,23.71,22000,23.71,U
sz002517,恺英网络,2025-10-27 10:07:51,23.72,8600,23.71,U
sz002517,恺英网络,2025-10-27 10:07:54,23.71,24600,23.72,D
sz002517,恺英网络,2025-10-27 10:07:57,23.71,27100,23.71,D
sz002517,恺英网络,2025-10-27 10:08:03,23.71,23900,23.72,D
sz002517,恺英网络,2025-10-27 10:08:06,23.72,35000,23.71,E
sz002517,恺英网络,2025-10-27 10:08:12,23.71,13300,23.73,D
sz002517,恺英网络,2025-10-27 10:08:24,23.73,15800,23.72,U
sz002517,恺英网络,2025-10-27 10:08:33,23.75,12700,23.73,U
sz002517,恺英网络,2025-10-27 10:08:36,23.74,10200,23.75,D
sz002517,恺英网络,2025-10-27 10:08:45,23.76,14800,23.75,U
sz002517,恺英网络,2025-10-27 10:08:51,23.75,30100,23.76,D
sz002517,恺英网络,2025-10-27 10:09:00,23.74,10200,23.74,U
sz002517,恺英网络,2025-10-27 10:09:21,23.72,11000,23.73,D
sz002517,恺英网络,2025-10-27 10:09:24,23.74,12400,23.72,U
sz002517,恺英网络,2025-10-27 10:09:30,23.72,10600,23.72,D
sz002517,恺英网络,2025-10-27 10:09:54,23.72,27900,23.72,D
sz002517,恺英网络,2025-10-27 10:10:00,23.73,12300,23.73,U
sz002517,恺英网络,2025-10-27 10:10:03,23.73,26200,23.73,U
sz002517,恺英网络,2025-10-27 10:10:06,23.76,11100,23.73,U
sz002517,恺英网络,2025-10-27 10:10:09,23.75,14300,23.76,D
sz002517,恺英网络,2025-10-27 10:10:12,23.78,9300,23.75,U
sz002517,恺英网络,2025-10-27 10:10:15,23.8,12500,23.78,U
sz002517,恺英网络,2025-10-27 10:10:21,23.82,9600,23.82,U
sz002517,恺英网络,2025-10-27 10:10:30,23.82,9800,23.83,D
sz002517,恺英网络,2025-10-27 10:10:45,23.85,64900,23.82,U
sz002517,恺英网络,2025-10-27 10:10:48,23.82,60800,23.85,D
sz002517,恺英网络,2025-10-27 10:10:51,23.82,9800,23.82,D
sz002517,恺英网络,2025-10-27 10:10:54,23.83,8800,23.82,U
sz002517,恺英网络,2025-10-27 10:11:06,23.81,12900,23.81,D
sz002517,恺英网络,2025-10-27 10:11:09,23.82,35400,23.81,U
sz002517,恺英网络,2025-10-27 10:11:15,23.83,15100,23.84,D
sz002517,恺英网络,2025-10-27 10:11:21,23.82,11000,23.83,D
sz002517,恺英网络,2025-10-27 10:11:24,23.82,44600,23.82,D
sz002517,恺英网络,2025-10-27 10:11:27,23.84,26100,23.82,U
sz002517,恺英网络,2025-10-27 10:11:30,23.84,15500,23.84,U
sz002517,恺英网络,2025-10-27 10:11:57,23.81,74800,23.83,D
sz002517,恺英网络,2025-10-27 10:12:00,23.82,30200,23.81,U
sz002517,恺英网络,2025-10-27 10:12:03,23.78,15200,23.82,D
sz002517,恺英网络,2025-10-27 10:12:06,23.8,68400,23.78,E
sz002517,恺英网络,2025-10-27 10:12:09,23.8,13100,23.8,D
sz002517,恺英网络,2025-10-27 10:12:12,23.8,9800,23.8,D
sz002517,恺英网络,2025-10-27 10:12:15,23.83,14000,23.8,E
sz002517,恺英网络,2025-10-27 10:12:18,23.82,95000,23.83,D
sz002517,恺英网络,2025-10-27 10:12:21,23.85,79000,23.82,E
sz002517,恺英网络,2025-10-27 10:12:24,23.88,30700,23.85,U
sz002517,恺英网络,2025-10-27 10:12:27,23.85,42500,23.88,D
sz002517,恺英网络,2025-10-27 10:12:30,23.84,18100,23.85,D
sz002517,恺英网络,2025-10-27 10:12:33,23.84,90500,23.84,D
sz002517,恺英网络,2025-10-27 10:12:36,23.88,16200,23.84,E
sz002517,恺英网络,2025-10-27 10:12:39,23.87,11700,23.88,D
sz002517,恺英网络,2025-10-27 10:12:42,23.84,29200,23.87,D
sz002517,恺英网络,2025-10-27 10:12:48,23.88,13500,23.9,D
sz002517,恺英网络,2025-10-27 10:12:51,23.88,8900,23.88,D
sz002517,恺英网络,2025-10-27 10:13:03,23.92,26205,23.9,U
sz002517,恺英网络,2025-10-27 10:13:06,23.92,9095,23.92,D
sz002517,恺英网络,2025-10-27 10:13:12,23.94,88205,23.92,U
sz002517,恺英网络,2025-10-27 10:13:15,23.95,15500,23.94,U
sz002517,恺英网络,2025-10-27 10:13:18,23.95,34700,23.95,U
sz002517,恺英网络,2025-10-27 10:13:21,23.96,31000,23.95,U
sz002517,恺英网络,2025-10-27 10:13:24,23.95,12800,23.96,U
sz002517,恺英网络,2025-10-27 10:13:27,23.95,25400,23.95,U
sz002517,恺英网络,2025-10-27 10:13:36,23.97,12900,23.96,U
sz002517,恺英网络,2025-10-27 10:13:39,23.97,11700,23.97,U
sz002517,恺英网络,2025-10-27 10:13:45,23.98,15500,23.98,U
sz002517,恺英网络,2025-10-27 10:13:48,23.97,11300,23.98,D
sz002517,恺英网络,2025-10-27 10:13:51,23.97,22300,23.97,D
sz002517,恺英网络,2025-10-27 10:13:54,23.97,51900,23.97,D
sz002517,恺英网络,2025-10-27 10:13:57,23.97,8800,23.97,U
sz002517,恺英网络,2025-10-27 10:14:00,23.95,63100,23.97,D
sz002517,恺英网络,2025-10-27 10:14:03,23.92,60200,23.95,D
sz002517,恺英网络,2025-10-27 10:14:06,23.92,38295,23.92,D
sz002517,恺英网络,2025-10-27 10:14:09,23.9,17400,23.92,D
sz002517,恺英网络,2025-10-27 10:14:12,23.9,14600,23.9,D
sz002517,恺英网络,2025-10-27 10:14:15,23.89,9500,23.9,E
sz002517,恺英网络,2025-10-27 10:14:18,23.84,102200,23.89,D
sz002517,恺英网络,2025-10-27 10:14:21,23.87,15700,23.84,E
sz002517,恺英网络,2025-10-27 10:14:24,23.84,8700,23.87,D
sz002517,恺英网络,2025-10-27 10:14:27,23.85,8900,23.84,E
sz002517,恺英网络,2025-10-27 10:14:30,23.89,41900,23.85,U
sz002517,恺英网络,2025-10-27 10:14:33,23.89,14500,23.89,U
sz002517,恺英网络,2025-10-27 10:14:42,23.85,22700,23.86,D
sz002517,恺英网络,2025-10-27 10:14:45,23.87,26500,23.85,U
sz002517,恺英网络,2025-10-27 10:14:48,23.85,11400,23.87,D
sz002517,恺英网络,2025-10-27 10:14:51,23.87,31200,23.85,U
sz002517,恺英网络,2025-10-27 10:15:00,23.86,17300,23.86,U
sz002517,恺英网络,2025-10-27 10:15:03,23.86,12300,23.86,U
sz002517,恺英网络,2025-10-27 10:15:06,23.88,23300,23.86,U
sz002517,恺英网络,2025-10-27 10:15:09,23.88,9100,23.88,D
sz002517,恺英网络,2025-10-27 10:15:12,23.89,11600,23.88,U
sz002517,恺英网络,2025-10-27 10:15:15,23.91,11000,23.89,U
sz002517,恺英网络,2025-10-27 10:15:21,23.91,17000,23.9,U
sz002517,恺英网络,2025-10-27 10:15:24,23.9,15500,23.91,D
sz002517,恺英网络,2025-10-27 10:15:27,23.91,16500,23.9,U
sz002517,恺英网络,2025-10-27 10:15:30,23.91,20100,23.91,U
sz002517,恺英网络,2025-10-27 10:15:33,23.97,31600,23.91,U
sz002517,恺英网络,2025-10-27 10:15:36,23.97,9300,23.97,U
sz002517,恺英网络,2025-10-27 10:15:42,23.97,52800,23.96,U
sz002517,恺英网络,2025-10-27 10:15:45,23.99,34100,23.97,U
sz002517,恺英网络,2025-10-27 10:15:48,23.97,60000,23.99,U
sz002517,恺英网络,2025-10-27 10:15:51,23.99,74900,23.97,E
sz002517,恺英网络,2025-10-27 10:15:54,23.98,12200,23.99,D
sz002517,恺英网络,2025-10-27 10:16:03,23.98,13700,23.98,U
sz002517,恺英网络,2025-10-27 10:16:06,23.99,30100,23.98,U
sz002517,恺英网络,2025-10-27 10:16:12,24.0,47300,24.0,D
sz002517,恺英网络,2025-10-27 10:16:15,23.99,44000,24.0,D
sz002517,恺英网络,2025-10-27 10:16:18,24.0,17700,23.99,E
sz002517,恺英网络,2025-10-27 10:16:21,24.01,16300,24.0,U
sz002517,恺英网络,2025-10-27 10:16:24,23.99,27500,24.01,D
sz002517,恺英网络,2025-10-27 10:16:27,24.0,21800,23.99,E
sz002517,恺英网络,2025-10-27 10:16:30,23.99,20300,24.0,D
sz002517,恺英网络,2025-10-27 10:16:33,24.0,18100,23.99,E
sz002517,恺英网络,2025-10-27 10:16:36,24.03,15900,24.0,U
sz002517,恺英网络,2025-10-27 10:16:39,24.01,13000,24.03,E
sz002517,恺英网络,2025-10-27 10:16:42,24.02,9100,24.01,U
sz002517,恺英网络,2025-10-27 10:16:45,24.02,16300,24.02,D
sz002517,恺英网络,2025-10-27 10:16:48,24.03,10700,24.02,E
sz002517,恺英网络,2025-10-27 10:16:51,24.07,16600,24.03,U
sz002517,恺英网络,2025-10-27 10:16:54,24.05,14500,24.07,D
sz002517,恺英网络,2025-10-27 10:16:57,24.06,14800,24.05,U
sz002517,恺英网络,2025-10-27 10:17:00,24.05,21700,24.06,E
sz002517,恺英网络,2025-10-27 10:17:03,24.02,27500,24.05,D
sz002517,恺英网络,2025-10-27 10:17:06,24.01,29700,24.02,D
sz002517,恺英网络,2025-10-27 10:17:09,24.01,11800,24.01,U
sz002517,恺英网络,2025-10-27 10:17:12,24.03,16600,24.01,E
sz002517,恺英网络,2025-10-27 10:17:18,24.04,23800,24.03,U
sz002517,恺英网络,2025-10-27 10:17:21,24.04,9700,24.04,D
sz002517,恺英网络,2025-10-27 10:17:24,24.05,14200,24.04,E
sz002517,恺英网络,2025-10-27 10:17:27,24.08,15500,24.05,U
sz002517,恺英网络,2025-10-27 10:17:30,24.09,34800,24.08,U
sz002517,恺英网络,2025-10-27 10:17:36,24.07,17200,24.07,D
sz002517,恺英网络,2025-10-27 10:17:45,24.07,11700,24.06,U
sz002517,恺英网络,2025-10-27 10:17:48,24.07,10600,24.07,D
sz002517,恺英网络,2025-10-27 10:17:57,24.07,14000,24.07,D
sz002517,恺英网络,2025-10-27 10:18:00,24.07,13100,24.07,U
sz002517,恺英网络,2025-10-27 10:18:06,24.1,13200,24.09,U
sz002517,恺英网络,2025-10-27 10:18:09,24.1,11200,24.1,D
sz002517,恺英网络,2025-10-27 10:18:12,24.12,22500,24.1,U
sz002517,恺英网络,2025-10-27 10:18:18,24.15,16000,24.12,U
sz002517,恺英网络,2025-10-27 10:18:24,24.14,8700,24.14,D
sz002517,恺英网络,2025-10-27 10:18:27,24.15,15900,24.14,E
sz002517,恺英网络,2025-10-27 10:18:30,24.16,11900,24.15,U
sz002517,恺英网络,2025-10-27 10:18:33,24.16,24800,24.16,D
sz002517,恺英网络,2025-10-27 10:18:36,24.16,16400,24.16,U
sz002517,恺英网络,2025-10-27 10:18:39,24.17,17600,24.16,E
sz002517,恺英网络,2025-10-27 10:18:42,24.17,60100,24.17,U
sz002517,恺英网络,2025-10-27 10:18:45,24.17,20200,24.17,D
sz002517,恺英网络,2025-10-27 10:18:48,24.2,19400,24.17,U
sz002517,恺英网络,2025-10-27 10:18:54,24.19,23500,24.2,E
sz002517,恺英网络,2025-10-27 10:18:57,24.19,14800,24.19,U
sz002517,恺英网络,2025-10-27 10:19:00,24.19,26600,24.19,U
sz002517,恺英网络,2025-10-27 10:19:03,24.18,29100,24.19,D
sz002517,恺英网络,2025-10-27 10:19:06,24.19,41100,24.18,U
sz002517,恺英网络,2025-10-27 10:19:09,24.15,53000,24.19,D
sz002517,恺英网络,2025-10-27 10:19:12,24.14,75800,24.15,D
sz002517,恺英网络,2025-10-27 10:19:15,24.17,78600,24.14,U
sz002517,恺英网络,2025-10-27 10:19:18,24.19,26800,24.17,U
sz002517,恺英网络,2025-10-27 10:19:21,24.16,120600,24.19,D
sz002517,恺英网络,2025-10-27 10:19:24,24.13,19400,24.16,D
sz002517,恺英网络,2025-10-27 10:19:27,24.12,14500,24.13,D
sz002517,恺英网络,2025-10-27 10:19:30,24.11,14300,24.12,D
sz002517,恺英网络,2025-10-27 10:19:33,24.1,37100,24.11,D
sz002517,恺英网络,2025-10-27 10:19:36,24.09,40800,24.1,D
sz002517,恺英网络,2025-10-27 10:19:39,24.08,42800,24.09,D
sz002517,恺英网络,2025-10-27 10:19:42,24.09,21500,24.08,E
sz002517,恺英网络,2025-10-27 10:19:45,24.08,30800,24.09,D
sz002517,恺英网络,2025-10-27 10:19:48,24.11,16500,24.08,E
sz002517,恺英网络,2025-10-27 10:19:51,24.09,27500,24.11,D
sz002517,恺英网络,2025-10-27 10:19:54,24.1,8400,24.09,U
sz002517,恺英网络,2025-10-27 10:19:57,24.13,19400,24.1,U
sz002517,恺英网络,2025-10-27 10:20:00,24.1,26900,24.13,D
sz002517,恺英网络,2025-10-27 10:20:06,24.12,24900,24.11,U
sz002517,恺英网络,2025-10-27 10:20:15,24.14,9600,24.13,E
sz002517,恺英网络,2025-10-27 10:20:18,24.15,12500,24.14,U
sz002517,恺英网络,2025-10-27 10:20:36,24.1,44400,24.13,D
sz002517,恺英网络,2025-10-27 10:20:39,24.11,8900,24.1,U
sz002517,恺英网络,2025-10-27 10:20:45,24.1,11200,24.11,D
sz002517,恺英网络,2025-10-27 10:20:48,24.11,8500,24.1,U
sz002517,恺英网络,2025-10-27 10:21:00,24.1,15200,24.1,D
sz002517,恺英网络,2025-10-27 10:21:09,24.1,19400,24.1,D
sz002517,恺英网络,2025-10-27 10:21:18,24.09,14000,24.09,D
sz002517,恺英网络,2025-10-27 10:21:21,24.09,14000,24.09,D
sz002517,恺英网络,2025-10-27 10:21:30,24.08,13700,24.08,D
sz002517,恺英网络,2025-10-27 10:21:33,24.06,28100,24.08,D
sz002517,恺英网络,2025-10-27 10:21:36,24.06,11400,24.06,D
sz002517,恺英网络,2025-10-27 10:21:39,24.07,24400,24.06,U
sz002517,恺英网络,2025-10-27 10:21:42,24.04,13100,24.07,D
sz002517,恺英网络,2025-10-27 10:21:48,24.02,10500,24.03,D
sz002517,恺英网络,2025-10-27 10:21:51,24.02,21100,24.02,D
sz002517,恺英网络,2025-10-27 10:21:54,24.01,18100,24.02,D
sz002517,恺英网络,2025-10-27 10:21:57,24.01,12000,24.01,D
sz002517,恺英网络,2025-10-27 10:22:03,24.01,11900,24.02,E
sz002517,恺英网络,2025-10-27 10:22:09,24.02,20800,24.02,U
sz002517,恺英网络,2025-10-27 10:22:12,24.02,13300,24.02,D
sz002517,恺英网络,2025-10-27 10:22:21,24.02,9300,24.03,D
sz002517,恺英网络,2025-10-27 10:22:27,24.03,11400,24.02,U
sz002517,恺英网络,2025-10-27 10:22:33,24.03,9200,24.02,U
sz002517,恺英网络,2025-10-27 10:22:51,24.03,12000,24.03,U
sz002517,恺英网络,2025-10-27 10:23:00,24.03,24800,24.02,U
sz002517,恺英网络,2025-10-27 10:23:03,24.04,11500,24.03,U
sz002517,恺英网络,2025-10-27 10:23:09,24.07,19500,24.06,U
sz002517,恺英网络,2025-10-27 10:23:12,24.07,8700,24.07,U
sz002517,恺英网络,2025-10-27 10:23:30,24.09,10000,24.09,U
sz002517,恺英网络,2025-10-27 10:23:33,24.14,67500,24.09,U
sz002517,恺英网络,2025-10-27 10:23:36,24.16,27800,24.14,U
sz002517,恺英网络,2025-10-27 10:23:39,24.15,15400,24.16,E
sz002517,恺英网络,2025-10-27 10:23:42,24.15,10800,24.15,D
sz002517,恺英网络,2025-10-27 10:23:45,24.15,14700,24.15,D
sz002517,恺英网络,2025-10-27 10:23:48,24.17,19500,24.15,U
sz002517,恺英网络,2025-10-27 10:23:51,24.16,9800,24.17,D
sz002517,恺英网络,2025-10-27 10:23:54,24.16,15600,24.16,D
sz002517,恺英网络,2025-10-27 10:23:57,24.17,17100,24.16,U
sz002517,恺英网络,2025-10-27 10:24:00,24.16,12000,24.17,D
sz002517,恺英网络,2025-10-27 10:24:03,24.17,22000,24.16,U
sz002517,恺英网络,2025-10-27 10:24:09,24.16,16000,24.18,D
sz002517,恺英网络,2025-10-27 10:24:18,24.19,11100,24.17,U
sz002517,恺英网络,2025-10-27 10:24:21,24.18,10100,24.19,D
sz002517,恺英网络,2025-10-27 10:24:27,24.18,8400,24.2,D
sz002517,恺英网络,2025-10-27 10:24:30,24.23,19000,24.18,U
sz002517,恺英网络,2025-10-27 10:24:33,24.23,8600,24.23,D
sz002517,恺英网络,2025-10-27 10:24:36,24.23,18200,24.23,D
sz002517,恺英网络,2025-10-27 10:24:45,24.22,11100,24.2,U
sz002517,恺英网络,2025-10-27 10:24:57,24.21,13500,24.21,D
sz002517,恺英网络,2025-10-27 10:25:00,24.2,8600,24.21,D
sz002517,恺英网络,2025-10-27 10:25:06,24.15,41200,24.19,D
sz002517,恺英网络,2025-10-27 10:25:09,24.19,13400,24.15,U
sz002517,恺英网络,2025-10-27 10:25:27,24.19,18100,24.15,U
sz002517,恺英网络,2025-10-27 10:25:33,24.17,20000,24.18,D
sz002517,恺英网络,2025-10-27 10:25:48,24.17,9400,24.15,U
sz002517,恺英网络,2025-10-27 10:25:51,24.15,11000,24.17,D
sz002517,恺英网络,2025-10-27 10:26:00,24.15,10500,24.14,U
sz002517,恺英网络,2025-10-27 10:26:06,24.16,10900,24.15,U
sz002517,恺英网络,2025-10-27 10:26:18,24.17,9800,24.17,U
sz002517,恺英网络,2025-10-27 10:26:21,24.15,9600,24.17,D
sz002517,恺英网络,2025-10-27 10:26:24,24.19,16000,24.15,U
sz002517,恺英网络,2025-10-27 10:26:30,24.16,8800,24.15,U
sz002517,恺英网络,2025-10-27 10:26:33,24.15,12400,24.16,D
sz002517,恺英网络,2025-10-27 10:26:36,24.16,8600,24.15,E
sz002517,恺英网络,2025-10-27 10:26:54,24.16,19300,24.17,D
sz002517,恺英网络,2025-10-27 10:26:57,24.12,92000,24.16,D
sz002517,恺英网络,2025-10-27 10:27:00,24.13,19500,24.12,U
sz002517,恺英网络,2025-10-27 10:27:03,24.13,34700,24.13,U
sz002517,恺英网络,2025-10-27 10:27:06,24.11,45000,24.13,E
sz002517,恺英网络,2025-10-27 10:27:09,24.09,61100,24.11,E
sz002517,恺英网络,2025-10-27 10:27:12,24.08,50400,24.09,E
sz002517,恺英网络,2025-10-27 10:27:15,24.06,157400,24.08,E
sz002517,恺英网络,2025-10-27 10:27:18,23.98,16100,24.06,D
sz002517,恺英网络,2025-10-27 10:27:30,24.0,10300,24.0,D
sz002517,恺英网络,2025-10-27 10:27:36,23.97,10700,24.0,D
sz002517,恺英网络,2025-10-27 10:27:39,23.96,27400,23.97,D
sz002517,恺英网络,2025-10-27 10:27:42,23.94,36400,23.96,D
sz002517,恺英网络,2025-10-27 10:27:48,23.94,11900,23.95,D
sz002517,恺英网络,2025-10-27 10:28:03,23.94,21700,23.94,U
sz002517,恺英网络,2025-10-27 10:28:09,23.96,22700,23.96,E
sz002517,恺英网络,2025-10-27 10:28:15,23.97,8400,23.98,E
sz002517,恺英网络,2025-10-27 10:28:18,23.96,12100,23.97,D
sz002517,恺英网络,2025-10-27 10:28:27,23.97,9700,23.96,U
sz002517,恺英网络,2025-10-27 10:28:30,23.99,9800,23.97,U
sz002517,恺英网络,2025-10-27 10:28:36,23.98,10800,23.99,U
sz002517,恺英网络,2025-10-27 10:28:48,23.98,11500,23.97,U
sz002517,恺英网络,2025-10-27 10:29:03,23.99,23950,23.97,U
sz002517,恺英网络,2025-10-27 10:29:24,24.12,10200,24.06,U
sz002517,恺英网络,2025-10-27 10:29:48,24.06,27800,24.08,D
sz002517,恺英网络,2025-10-27 10:29:51,24.08,22800,24.06,E
sz002517,恺英网络,2025-10-27 10:29:54,24.15,23200,24.08,U
sz002517,恺英网络,2025-10-27 10:29:57,24.09,8400,24.15,U
sz002517,恺英网络,2025-10-27 10:30:00,24.06,16200,24.09,D
sz002517,恺英网络,2025-10-27 10:30:03,24.04,10300,24.06,D
sz002517,恺英网络,2025-10-27 10:30:15,23.99,77700,24.02,D
sz002517,恺英网络,2025-10-27 10:30:18,23.98,42100,23.99,D
sz002517,恺英网络,2025-10-27 10:30:21,23.95,12200,23.98,D
sz002517,恺英网络,2025-10-27 10:30:30,23.98,10900,23.97,U
sz002517,恺英网络,2025-10-27 10:30:33,23.94,20000,23.98,D
sz002517,恺英网络,2025-10-27 10:30:42,23.99,18900,23.95,U
sz002517,恺英网络,2025-10-27 10:30:57,23.97,18400,23.98,D
sz002517,恺英网络,2025-10-27 10:31:00,23.94,38000,23.97,D
sz002517,恺英网络,2025-10-27 10:31:03,23.97,58200,23.94,U
sz002517,恺英网络,2025-10-27 10:31:06,24.0,20200,23.97,U
sz002517,恺英网络,2025-10-27 10:31:12,23.99,8600,23.98,U
sz002517,恺英网络,2025-10-27 10:31:30,23.97,52100,23.97,D
sz002517,恺英网络,2025-10-27 10:31:39,24.01,19200,23.99,U
sz002517,恺英网络,2025-10-27 10:31:57,24.04,17100,24.05,D
sz002517,恺英网络,2025-10-27 10:32:15,24.05,22100,24.04,U
sz002517,恺英网络,2025-10-27 10:33:24,24.07,43200,24.05,U
sz002517,恺英网络,2025-10-27 10:33:27,24.12,27800,24.07,U
sz002517,恺英网络,2025-10-27 10:33:36,24.13,21100,24.13,U
sz002517,恺英网络,2025-10-27 10:33:39,24.13,18900,24.13,D
sz002517,恺英网络,2025-10-27 10:33:42,24.11,12600,24.13,D
sz002517,恺英网络,2025-10-27 10:34:15,24.03,28400,24.07,D
sz002517,恺英网络,2025-10-27 10:34:18,24.02,33800,24.03,D
sz002517,恺英网络,2025-10-27 10:34:21,24.01,13700,24.02,E
sz002517,恺英网络,2025-10-27 10:34:24,24.02,23900,24.01,U
sz002517,恺英网络,2025-10-27 10:34:30,24.02,16400,24.0,U
sz002517,恺英网络,2025-10-27 10:34:57,24.05,11600,24.04,U
sz002517,恺英网络,2025-10-27 10:35:09,24.08,10500,24.06,U
sz002517,恺英网络,2025-10-27 10:35:18,24.12,9000,24.08,U
sz002517,恺英网络,2025-10-27 10:35:24,24.09,19800,24.12,D
sz002517,恺英网络,2025-10-27 10:35:30,24.18,8600,24.12,U
sz002517,恺英网络,2025-10-27 10:35:33,24.16,11500,24.18,E
sz002517,恺英网络,2025-10-27 10:35:54,24.15,257200,24.17,D
sz002517,恺英网络,2025-10-27 10:35:57,24.13,8300,24.15,D
sz002517,恺英网络,2025-10-27 10:36:00,24.15,16600,24.13,U
sz002517,恺英网络,2025-10-27 10:36:03,24.14,22700,24.15,D
sz002517,恺英网络,2025-10-27 10:36:06,24.14,15200,24.14,D
sz002517,恺英网络,2025-10-27 10:36:21,24.12,13600,24.14,D
sz002517,恺英网络,2025-10-27 10:36:57,24.1,8400,24.1,D
sz002517,恺英网络,2025-10-27 10:37:03,24.1,11900,24.1,D
sz002517,恺英网络,2025-10-27 10:37:06,24.09,14600,24.1,D
sz002517,恺英网络,2025-10-27 10:37:09,24.09,13200,24.09,D
sz002517,恺英网络,2025-10-27 10:37:12,24.09,13400,24.09,D
sz002517,恺英网络,2025-10-27 10:37:36,24.05,14800,24.06,D
sz002517,恺英网络,2025-10-27 10:38:12,24.02,17200,24.02,D
sz002517,恺英网络,2025-10-27 10:38:18,24.03,17000,24.02,U
sz002517,恺英网络,2025-10-27 10:38:30,24.03,24600,24.03,D
sz002517,恺英网络,2025-10-27 10:38:48,24.02,10800,24.03,D
sz002517,恺英网络,2025-10-27 10:39:00,24.02,51200,24.02,D
sz002517,恺英网络,2025-10-27 10:39:03,24.03,8700,24.02,U
sz002517,恺英网络,2025-10-27 10:39:18,24.01,9500,24.01,U
sz002517,恺英网络,2025-10-27 10:39:33,24.0,22300,24.01,D
sz002517,恺英网络,2025-10-27 10:39:36,24.0,29600,24.0,D
sz002517,恺英网络,2025-10-27 10:40:00,24.0,11900,24.0,D
sz002517,恺英网络,2025-10-27 10:40:03,24.0,9800,24.0,D
sz002517,恺英网络,2025-10-27 10:40:09,24.0,16400,24.0,D
sz002517,恺英网络,2025-10-27 10:40:12,23.99,26400,24.0,D
sz002517,恺英网络,2025-10-27 10:40:15,23.98,10000,23.99,D
sz002517,恺英网络,2025-10-27 10:40:39,23.97,29400,23.97,D
sz002517,恺英网络,2025-10-27 10:40:42,23.97,8700,23.97,D
sz002517,恺英网络,2025-10-27 10:40:45,23.98,11000,23.97,U
sz002517,恺英网络,2025-10-27 10:41:00,23.98,31200,23.97,U
sz002517,恺英网络,2025-10-27 10:41:03,23.97,11241,23.98,D
sz002517,恺英网络,2025-10-27 10:41:06,23.97,10659,23.97,D
sz002517,恺英网络,2025-10-27 10:41:21,23.96,14900,23.95,U
sz002517,恺英网络,2025-10-27 10:41:27,23.95,8700,23.96,D
sz002517,恺英网络,2025-10-27 10:41:39,23.96,13100,23.96,U
sz002517,恺英网络,2025-10-27 10:42:03,23.95,52200,23.96,D
sz002517,恺英网络,2025-10-27 10:42:06,23.94,8600,23.95,E
sz002517,恺英网络,2025-10-27 10:42:09,23.96,9100,23.94,U
sz002517,恺英网络,2025-10-27 10:42:15,23.96,12000,23.93,U
sz002517,恺英网络,2025-10-27 10:42:18,23.95,9200,23.96,D
sz002517,恺英网络,2025-10-27 10:42:24,23.95,27000,23.95,D
sz002517,恺英网络,2025-10-27 10:42:30,23.95,41000,23.94,U
sz002517,恺英网络,2025-10-27 10:42:33,23.97,9800,23.95,U
sz002517,恺英网络,2025-10-27 10:42:39,23.95,12500,23.95,D
sz002517,恺英网络,2025-10-27 10:42:42,23.95,12000,23.95,D
sz002517,恺英网络,2025-10-27 10:42:48,23.95,11200,23.95,U
sz002517,恺英网络,2025-10-27 10:43:00,23.95,16100,23.96,D
sz002517,恺英网络,2025-10-27 10:43:03,23.95,9200,23.95,D
sz002517,恺英网络,2025-10-27 10:43:15,23.96,14900,23.95,U
sz002517,恺英网络,2025-10-27 10:43:18,23.96,50000,23.96,D
sz002517,恺英网络,2025-10-27 10:44:51,23.95,43400,23.96,D
sz002517,恺英网络,2025-10-27 10:44:57,23.95,12500,23.95,D
sz002517,恺英网络,2025-10-27 10:45:09,23.94,9700,23.94,U
sz002517,恺英网络,2025-10-27 10:45:12,23.93,52200,23.94,D
sz002517,恺英网络,2025-10-27 10:45:18,23.95,9100,23.92,U
sz002517,恺英网络,2025-10-27 10:45:24,23.9,31100,23.93,D
sz002517,恺英网络,2025-10-27 10:45:33,23.9,58200,23.91,D
sz002517,恺英网络,2025-10-27 10:45:39,23.9,8400,23.9,D
sz002517,恺英网络,2025-10-27 10:45:42,23.9,11100,23.9,D
sz002517,恺英网络,2025-10-27 10:45:45,23.9,10400,23.9,D
sz002517,恺英网络,2025-10-27 10:45:48,23.9,53900,23.9,D
sz002517,恺英网络,2025-10-27 10:45:51,23.89,15100,23.9,D
sz002517,恺英网络,2025-10-27 10:46:00,23.88,13400,23.88,D
sz002517,恺英网络,2025-10-27 10:46:03,23.87,42900,23.88,D
sz002517,恺英网络,2025-10-27 10:46:09,23.88,13000,23.87,U
sz002517,恺英网络,2025-10-27 10:46:33,23.85,35800,23.85,D
sz002517,恺英网络,2025-10-27 10:46:48,23.83,8500,23.83,D
sz002517,恺英网络,2025-10-27 10:47:00,23.84,8900,23.83,U
sz002517,恺英网络,2025-10-27 10:47:03,23.9,35900,23.84,U
sz002517,恺英网络,2025-10-27 10:47:06,23.9,14000,23.9,U
sz002517,恺英网络,2025-10-27 10:47:39,23.93,14300,23.9,U
sz002517,恺英网络,2025-10-27 10:51:06,23.94,10000,23.94,U
sz002517,恺英网络,2025-10-27 10:52:03,23.9,56700,23.92,D
sz002517,恺英网络,2025-10-27 10:52:06,23.88,32400,23.9,D
sz002517,恺英网络,2025-10-27 10:52:21,23.88,16500,23.86,U
sz002517,恺英网络,2025-10-27 10:52:27,23.86,9300,23.88,D
sz002517,恺英网络,2025-10-27 10:52:42,23.92,11600,23.89,U
sz002517,恺英网络,2025-10-27 10:53:06,23.87,8500,23.89,D
sz002517,恺英网络,2025-10-27 10:53:18,23.9,36300,23.88,U
sz002517,恺英网络,2025-10-27 10:54:00,23.88,20100,23.9,D
sz002517,恺英网络,2025-10-27 10:54:33,23.87,29500,23.87,U
sz002517,恺英网络,2025-10-27 10:54:36,23.85,50800,23.87,D
sz002517,恺英网络,2025-10-27 10:54:51,23.82,102200,23.82,D
sz002517,恺英网络,2025-10-27 10:54:54,23.81,12200,23.82,U
sz002517,恺英网络,2025-10-27 10:54:57,23.8,65900,23.81,D
sz002517,恺英网络,2025-10-27 10:55:00,23.8,12600,23.8,D
sz002517,恺英网络,2025-10-27 10:55:03,23.8,46500,23.8,D
sz002517,恺英网络,2025-10-27 10:55:06,23.8,28500,23.8,D
sz002517,恺英网络,2025-10-27 10:55:24,23.78,18100,23.78,D
sz002517,恺英网络,2025-10-27 10:55:27,23.78,9600,23.78,D
sz002517,恺英网络,2025-10-27 10:55:33,23.77,16900,23.78,D
sz002517,恺英网络,2025-10-27 10:55:42,23.76,9200,23.78,D
sz002517,恺英网络,2025-10-27 10:55:45,23.78,9500,23.76,E
sz002517,恺英网络,2025-10-27 10:55:48,23.78,16300,23.78,E
sz002517,恺英网络,2025-10-27 10:55:54,23.77,11800,23.78,D
sz002517,恺英网络,2025-10-27 10:56:00,23.78,11200,23.78,D
sz002517,恺英网络,2025-10-27 10:56:12,23.77,13800,23.78,D
sz002517,恺英网络,2025-10-27 10:56:27,23.77,11600,23.77,D
sz002517,恺英网络,2025-10-27 10:57:06,23.76,17600,23.76,D
sz002517,恺英网络,2025-10-27 10:57:27,23.75,11700,23.75,D
sz002517,恺英网络,2025-10-27 10:57:45,23.75,13800,23.75,D
sz002517,恺英网络,2025-10-27 10:58:12,23.76,9400,23.76,U
sz002517,恺英网络,2025-10-27 10:58:15,23.75,12300,23.76,D
sz002517,恺英网络,2025-10-27 10:58:18,23.76,8500,23.75,U
sz002517,恺英网络,2025-10-27 10:58:39,23.76,10500,23.76,U
sz002517,恺英网络,2025-10-27 10:58:42,23.76,14200,23.76,D
sz002517,恺英网络,2025-10-27 10:59:00,23.77,9800,23.77,U
sz002517,恺英网络,2025-10-27 11:00:09,23.78,9700,23.78,D
sz002517,恺英网络,2025-10-27 11:00:18,23.78,10000,23.79,D
sz002517,恺英网络,2025-10-27 11:00:21,23.77,9500,23.78,D
sz002517,恺英网络,2025-10-27 11:00:30,23.77,11600,23.77,U
sz002517,恺英网络,2025-10-27 11:00:42,23.77,9300,23.76,U
sz002517,恺英网络,2025-10-27 11:00:48,23.75,18800,23.78,D
sz002517,恺英网络,2025-10-27 11:00:57,23.75,16000,23.75,D
sz002517,恺英网络,2025-10-27 11:01:00,23.75,11000,23.75,D
sz002517,恺英网络,2025-10-27 11:01:06,23.75,30700,23.76,D
sz002517,恺英网络,2025-10-27 11:01:09,23.75,14100,23.75,D
sz002517,恺英网络,2025-10-27 11:01:15,23.74,37000,23.74,D
sz002517,恺英网络,2025-10-27 11:01:18,23.73,15400,23.74,D
sz002517,恺英网络,2025-10-27 11:01:21,23.74,15600,23.73,U
sz002517,恺英网络,2025-10-27 11:01:24,23.73,11500,23.74,D
sz002517,恺英网络,2025-10-27 11:01:27,23.72,35600,23.73,D
sz002517,恺英网络,2025-10-27 11:01:33,23.71,17700,23.72,D
sz002517,恺英网络,2025-10-27 11:01:36,23.71,11300,23.71,D
sz002517,恺英网络,2025-10-27 11:01:39,23.71,11600,23.71,D
sz002517,恺英网络,2025-10-27 11:01:45,23.72,24300,23.71,U
sz002517,恺英网络,2025-10-27 11:01:48,23.71,13900,23.72,D
sz002517,恺英网络,2025-10-27 11:01:54,23.71,8800,23.71,D
sz002517,恺英网络,2025-10-27 11:01:57,23.72,15300,23.71,U
sz002517,恺英网络,2025-10-27 11:02:21,23.73,23500,23.73,U
sz002517,恺英网络,2025-10-27 11:02:24,23.73,25200,23.73,U
sz002517,恺英网络,2025-10-27 11:02:39,23.72,17000,23.72,U
sz002517,恺英网络,2025-10-27 11:02:45,23.73,10200,23.73,U
sz002517,恺英网络,2025-10-27 11:02:57,23.72,26400,23.72,D
sz002517,恺英网络,2025-10-27 11:03:06,23.73,12000,23.73,U
sz002517,恺英网络,2025-10-27 11:03:21,23.72,11400,23.73,D
sz002517,恺英网络,2025-10-27 11:03:33,23.72,8700,23.72,D
sz002517,恺英网络,2025-10-27 11:03:45,23.73,21200,23.72,U
sz002517,恺英网络,2025-10-27 11:04:06,23.72,16400,23.72,D
sz002517,恺英网络,2025-10-27 11:04:12,23.72,13100,23.72,D
sz002517,恺英网络,2025-10-27 11:04:18,23.72,23800,23.73,D
sz002517,恺英网络,2025-10-27 11:04:21,23.74,45800,23.72,U
sz002517,恺英网络,2025-10-27 11:04:24,23.74,19700,23.74,D
sz002517,恺英网络,2025-10-27 11:04:48,23.73,14100,23.73,U
sz002517,恺英网络,2025-10-27 11:04:51,23.73,10400,23.73,D
sz002517,恺英网络,2025-10-27 11:05:03,23.77,30000,23.73,U
sz002517,恺英网络,2025-10-27 11:05:06,23.79,8500,23.77,U
sz002517,恺英网络,2025-10-27 11:05:18,23.8,20200,23.8,E
sz002517,恺英网络,2025-10-27 11:05:27,23.82,14000,23.83,D
sz002517,恺英网络,2025-10-27 11:05:33,23.8,31100,23.8,D
sz002517,恺英网络,2025-10-27 11:05:51,23.81,11200,23.81,U
sz002517,恺英网络,2025-10-27 11:05:57,23.8,25300,23.8,D
sz002517,恺英网络,2025-10-27 11:06:15,23.81,13400,23.8,U
sz002517,恺英网络,2025-10-27 11:06:30,23.81,21400,23.8,U
sz002517,恺英网络,2025-10-27 11:07:06,23.78,10900,23.79,D
sz002517,恺英网络,2025-10-27 11:07:27,23.79,8500,23.78,U
sz002517,恺英网络,2025-10-27 11:08:03,23.83,32200,23.79,U
sz002517,恺英网络,2025-10-27 11:08:15,23.83,8800,23.82,U
sz002517,恺英网络,2025-10-27 11:08:18,23.82,12100,23.83,D
sz002517,恺英网络,2025-10-27 11:09:57,23.82,9900,23.82,U
sz002517,恺英网络,2025-10-27 11:10:51,23.83,17200,23.82,U
sz002517,恺英网络,2025-10-27 11:11:48,23.82,10000,23.82,D
sz002517,恺英网络,2025-10-27 11:11:51,23.83,24100,23.82,U
sz002517,恺英网络,2025-10-27 11:12:21,23.81,9100,23.81,D
sz002517,恺英网络,2025-10-27 11:12:33,23.82,8900,23.82,U
sz002517,恺英网络,2025-10-27 11:12:36,23.81,20200,23.82,D
sz002517,恺英网络,2025-10-27 11:12:57,23.8,11300,23.8,D
sz002517,恺英网络,2025-10-27 11:13:03,23.8,13400,23.8,D
sz002517,恺英网络,2025-10-27 11:13:06,23.8,27200,23.8,D
sz002517,恺英网络,2025-10-27 11:13:09,23.8,14900,23.8,D
sz002517,恺英网络,2025-10-27 11:13:18,23.8,15200,23.8,D
sz002517,恺英网络,2025-10-27 11:13:21,23.79,15700,23.8,D
sz002517,恺英网络,2025-10-27 11:13:24,23.79,12500,23.79,D
sz002517,恺英网络,2025-10-27 11:13:27,23.81,39800,23.79,U
sz002517,恺英网络,2025-10-27 11:13:30,23.82,12800,23.81,E
sz002517,恺英网络,2025-10-27 11:13:33,23.9,85000,23.82,U
sz002517,恺英网络,2025-10-27 11:13:36,23.9,14900,23.9,D
sz002517,恺英网络,2025-10-27 11:13:39,23.9,27500,23.9,D
sz002517,恺英网络,2025-10-27 11:13:45,23.86,14300,23.9,D
sz002517,恺英网络,2025-10-27 11:13:48,23.88,8500,23.86,E
sz002517,恺英网络,2025-10-27 11:13:57,23.9,41000,23.88,U
sz002517,恺英网络,2025-10-27 11:14:00,23.92,13500,23.9,U
sz002517,恺英网络,2025-10-27 11:14:06,23.94,11700,23.95,E
sz002517,恺英网络,2025-10-27 11:14:09,23.94,12200,23.94,U
sz002517,恺英网络,2025-10-27 11:14:18,23.95,9200,23.94,U
sz002517,恺英网络,2025-10-27 11:14:27,23.97,11500,23.95,U
sz002517,恺英网络,2025-10-27 11:14:54,23.98,10500,23.98,U
sz002517,恺英网络,2025-10-27 11:14:57,23.98,10100,23.98,D
sz002517,恺英网络,2025-10-27 11:15:03,23.98,15500,23.98,U
sz002517,恺英网络,2025-10-27 11:15:06,23.98,12900,23.98,U
sz002517,恺英网络,2025-10-27 11:15:33,23.99,10400,23.98,U
sz002517,恺英网络,2025-10-27 11:15:36,23.99,19800,23.99,U
sz002517,恺英网络,2025-10-27 11:15:39,23.98,17100,23.99,D
sz002517,恺英网络,2025-10-27 11:15:45,23.95,31900,23.98,D
sz002517,恺英网络,2025-10-27 11:15:48,23.94,14600,23.95,D
sz002517,恺英网络,2025-10-27 11:15:54,23.95,19000,23.94,U
sz002517,恺英网络,2025-10-27 11:15:57,23.95,110200,23.95,U
sz002517,恺英网络,2025-10-27 11:16:00,23.95,13800,23.95,D
sz002517,恺英网络,2025-10-27 11:16:03,23.95,13900,23.95,D
sz002517,恺英网络,2025-10-27 11:16:12,23.94,12200,23.96,D
sz002517,恺英网络,2025-10-27 11:16:21,23.94,9900,23.94,D
sz002517,恺英网络,2025-10-27 11:16:24,23.94,9200,23.94,D
sz002517,恺英网络,2025-10-27 11:16:27,23.93,18500,23.94,D
sz002517,恺英网络,2025-10-27 11:16:30,23.93,19100,23.93,D
sz002517,恺英网络,2025-10-27 11:16:45,23.91,20500,23.91,D
sz002517,恺英网络,2025-10-27 11:16:51,23.9,12200,23.91,D
sz002517,恺英网络,2025-10-27 11:17:24,23.89,52300,23.88,U
sz002517,恺英网络,2025-10-27 11:17:27,23.9,9300,23.89,E
sz002517,恺英网络,2025-10-27 11:17:30,23.91,22800,23.9,U
sz002517,恺英网络,2025-10-27 11:17:51,23.97,13600,23.97,U
sz002517,恺英网络,2025-10-27 11:17:54,23.97,9700,23.97,U
sz002517,恺英网络,2025-10-27 11:17:57,23.97,16600,23.97,U
sz002517,恺英网络,2025-10-27 11:18:03,23.97,14500,23.97,U
sz002517,恺英网络,2025-10-27 11:18:15,23.98,10700,23.98,U
sz002517,恺英网络,2025-10-27 11:18:30,24.01,21600,23.99,U
sz002517,恺英网络,2025-10-27 11:18:57,24.03,16700,24.02,U
sz002517,恺英网络,2025-10-27 11:19:00,24.04,10500,24.03,U
sz002517,恺英网络,2025-10-27 11:19:03,24.05,25100,24.04,U
sz002517,恺英网络,2025-10-27 11:19:09,24.05,18000,24.06,D
sz002517,恺英网络,2025-10-27 11:19:18,24.06,36400,24.06,U
sz002517,恺英网络,2025-10-27 11:19:30,24.07,12700,24.07,U
sz002517,恺英网络,2025-10-27 11:19:36,24.1,18900,24.08,U
sz002517,恺英网络,2025-10-27 11:19:48,24.09,20200,24.11,D
sz002517,恺英网络,2025-10-27 11:19:54,24.1,20500,24.09,E
sz002517,恺英网络,2025-10-27 11:20:03,24.11,8300,24.1,U
sz002517,恺英网络,2025-10-27 11:20:18,24.11,31100,24.11,U
sz002517,恺英网络,2025-10-27 11:20:27,24.12,12504,24.11,U
sz002517,恺英网络,2025-10-27 11:20:30,24.12,8900,24.12,U
sz002517,恺英网络,2025-10-27 11:20:36,24.13,9392,24.12,U
sz002517,恺英网络,2025-10-27 11:20:48,24.14,20000,24.13,U
sz002517,恺英网络,2025-10-27 11:21:00,24.12,13600,24.12,D
sz002517,恺英网络,2025-10-27 11:21:24,24.13,18400,24.12,E
sz002517,恺英网络,2025-10-27 11:21:30,24.14,10000,24.12,U
sz002517,恺英网络,2025-10-27 11:21:39,24.14,11700,24.14,U
sz002517,恺英网络,2025-10-27 11:21:45,24.15,22200,24.14,U
sz002517,恺英网络,2025-10-27 11:21:54,24.15,9500,24.15,U
sz002517,恺英网络,2025-10-27 11:21:57,24.14,13500,24.15,E
sz002517,恺英网络,2025-10-27 11:22:03,24.14,11300,24.15,D
sz002517,恺英网络,2025-10-27 11:22:15,24.15,9400,24.13,U
sz002517,恺英网络,2025-10-27 11:22:18,24.15,8300,24.15,U
sz002517,恺英网络,2025-10-27 11:22:27,24.16,11300,24.14,U
sz002517,恺英网络,2025-10-27 11:22:30,24.16,33500,24.16,D
sz002517,恺英网络,2025-10-27 11:22:48,24.17,14400,24.17,D
sz002517,恺英网络,2025-10-27 11:23:00,24.17,10300,24.17,U
sz002517,恺英网络,2025-10-27 11:23:03,24.18,8400,24.17,U
sz002517,恺英网络,2025-10-27 11:23:09,24.17,11900,24.17,D
sz002517,恺英网络,2025-10-27 11:23:18,24.17,23800,24.17,D
sz002517,恺英网络,2025-10-27 11:23:24,24.16,10300,24.17,D
sz002517,恺英网络,2025-10-27 11:23:36,24.17,8400,24.16,U
sz002517,恺英网络,2025-10-27 11:23:51,24.16,18400,24.16,D
sz002517,恺英网络,2025-10-27 11:24:03,24.15,9400,24.15,D
sz002517,恺英网络,2025-10-27 11:24:06,24.16,9400,24.15,U
sz002517,恺英网络,2025-10-27 11:24:21,24.12,51400,24.14,D
sz002517,恺英网络,2025-10-27 11:24:24,24.11,32200,24.12,D
sz002517,恺英网络,2025-10-27 11:24:30,24.09,10700,24.09,D
sz002517,恺英网络,2025-10-27 11:24:42,24.1,36300,24.09,U
sz002517,恺英网络,2025-10-27 11:24:45,24.09,17700,24.1,D
sz002517,恺英网络,2025-10-27 11:24:54,24.1,29500,24.1,D
sz002517,恺英网络,2025-10-27 11:24:57,24.11,13800,24.1,E
sz002517,恺英网络,2025-10-27 11:25:00,24.11,9900,24.11,D
sz002517,恺英网络,2025-10-27 11:25:03,24.11,23600,24.11,D
sz002517,恺英网络,2025-10-27 11:25:18,24.12,9500,24.12,U
sz002517,恺英网络,2025-10-27 11:25:42,24.09,33800,24.11,D
sz002517,恺英网络,2025-10-27 11:25:45,24.09,18600,24.09,D
sz002517,恺英网络,2025-10-27 11:25:51,24.08,10400,24.09,D
sz002517,恺英网络,2025-10-27 11:25:57,24.08,8400,24.08,D
sz002517,恺英网络,2025-10-27 11:26:00,24.06,15200,24.08,D
sz002517,恺英网络,2025-10-27 11:26:03,24.08,12000,24.06,E
sz002517,恺英网络,2025-10-27 11:26:06,24.08,28000,24.08,E
sz002517,恺英网络,2025-10-27 11:26:09,24.08,9500,24.08,D
sz002517,恺英网络,2025-10-27 11:26:24,24.08,11700,24.08,U
sz002517,恺英网络,2025-10-27 11:26:27,24.08,10700,24.08,U
sz002517,恺英网络,2025-10-27 11:26:39,24.11,13200,24.11,U
sz002517,恺英网络,2025-10-27 11:26:42,24.15,14200,24.11,U
sz002517,恺英网络,2025-10-27 11:26:48,24.14,8500,24.15,D
sz002517,恺英网络,2025-10-27 11:28:00,24.15,10300,24.15,U
sz002517,恺英网络,2025-10-27 11:28:03,24.14,9800,24.15,D
sz002517,恺英网络,2025-10-27 11:28:48,24.15,30300,24.13,U
sz002517,恺英网络,2025-10-27 11:29:33,24.13,11200,24.13,D
sz002517,恺英网络,2025-10-27 11:29:36,24.13,11000,24.13,D
sz002517,恺英网络,2025-10-27 11:29:42,24.12,19800,24.12,D
sz002517,恺英网络,2025-10-27 11:30:00,24.11,9400,24.12,D
sz002517,恺英网络,2025-10-27 13:00:00,24.12,25900,24.11,U
sz002517,恺英网络,2025-10-27 13:00:03,24.13,24200,24.12,U
sz002517,恺英网络,2025-10-27 13:00:06,24.14,61800,24.13,U
sz002517,恺英网络,2025-10-27 13:00:09,24.14,20600,24.14,U
sz002517,恺英网络,2025-10-27 13:00:12,24.14,12200,24.14,D
sz002517,恺英网络,2025-10-27 13:00:15,24.15,10700,24.14,U
sz002517,恺英网络,2025-10-27 13:00:42,24.15,9300,24.15,D
sz002517,恺英网络,2025-10-27 13:00:48,24.15,9400,24.14,U
sz002517,恺英网络,2025-10-27 13:00:51,24.15,23400,24.15,D
sz002517,恺英网络,2025-10-27 13:01:48,24.13,14500,24.14,D
sz002517,恺英网络,2025-10-27 13:01:51,24.14,20300,24.13,U
sz002517,恺英网络,2025-10-27 13:02:15,24.12,15000,24.13,D
sz002517,恺英网络,2025-10-27 13:02:21,24.12,10500,24.13,D
sz002517,恺英网络,2025-10-27 13:02:48,24.09,62400,24.11,D
sz002517,恺英网络,2025-10-27 13:02:51,24.09,11500,24.09,D
sz002517,恺英网络,2025-10-27 13:03:09,24.07,22700,24.08,D
sz002517,恺英网络,2025-10-27 13:03:48,24.04,9300,24.04,D
sz002517,恺英网络,2025-10-27 13:04:09,24.04,17200,24.03,U
sz002517,恺英网络,2025-10-27 13:04:12,24.05,13700,24.04,E
sz002517,恺英网络,2025-10-27 13:05:30,24.08,17600,24.08,D
sz002517,恺英网络,2025-10-27 13:05:45,24.08,10200,24.07,U
sz002517,恺英网络,2025-10-27 13:05:48,24.08,9600,24.08,D
sz002517,恺英网络,2025-10-27 13:05:51,24.09,8500,24.08,U
sz002517,恺英网络,2025-10-27 13:06:24,24.1,16100,24.09,U
sz002517,恺英网络,2025-10-27 13:07:24,24.14,32200,24.14,U
sz002517,恺英网络,2025-10-27 13:07:54,24.12,23000,24.13,D
sz002517,恺英网络,2025-10-27 13:07:57,24.1,10900,24.12,D
sz002517,恺英网络,2025-10-27 13:08:21,24.09,9200,24.08,U
sz002517,恺英网络,2025-10-27 13:09:21,24.05,19300,24.04,U
sz002517,恺英网络,2025-10-27 13:10:45,24.08,20700,24.06,U
sz002517,恺英网络,2025-10-27 13:11:00,24.09,9200,24.09,D
sz002517,恺英网络,2025-10-27 13:11:27,24.1,10700,24.09,U
sz002517,恺英网络,2025-10-27 13:12:06,24.09,8800,24.1,D
sz002517,恺英网络,2025-10-27 13:12:12,24.1,8900,24.09,U
sz002517,恺英网络,2025-10-27 13:13:00,24.12,21800,24.12,U
sz002517,恺英网络,2025-10-27 13:14:24,24.07,10700,24.07,D
sz002517,恺英网络,2025-10-27 13:14:42,24.06,8800,24.07,D
sz002517,恺英网络,2025-10-27 13:15:00,24.06,17300,24.06,D
sz002517,恺英网络,2025-10-27 13:15:27,24.04,8800,24.04,D
sz002517,恺英网络,2025-10-27 13:15:30,24.04,18200,24.04,D
sz002517,恺英网络,2025-10-27 13:15:42,24.03,8400,24.03,D
sz002517,恺英网络,2025-10-27 13:15:51,24.02,23900,24.02,D
sz002517,恺英网络,2025-10-27 13:16:00,24.03,9800,24.04,D
sz002517,恺英网络,2025-10-27 13:16:03,24.05,23600,24.03,U
sz002517,恺英网络,2025-10-27 13:16:15,24.05,12000,24.04,U
sz002517,恺英网络,2025-10-27 13:16:18,24.07,10600,24.05,E
sz002517,恺英网络,2025-10-27 13:16:27,24.05,18200,24.06,D
sz002517,恺英网络,2025-10-27 13:16:51,24.06,34400,24.06,D
sz002517,恺英网络,2025-10-27 13:17:00,24.07,10700,24.07,U
sz002517,恺英网络,2025-10-27 13:17:21,24.09,37800,24.08,U
sz002517,恺英网络,2025-10-27 13:17:51,24.11,9400,24.11,D
sz002517,恺英网络,2025-10-27 13:17:57,24.1,26500,24.11,D
sz002517,恺英网络,2025-10-27 13:18:48,24.07,16000,24.06,U
sz002517,恺英网络,2025-10-27 13:18:54,24.09,20400,24.08,U
sz002517,恺英网络,2025-10-27 13:19:24,24.07,11100,24.07,D
sz002517,恺英网络,2025-10-27 13:20:24,24.05,8400,24.05,D
sz002517,恺英网络,2025-10-27 13:20:27,24.05,9100,24.05,D
sz002517,恺英网络,2025-10-27 13:20:30,24.07,29500,24.05,U
sz002517,恺英网络,2025-10-27 13:20:42,24.04,14600,24.04,D
sz002517,恺英网络,2025-10-27 13:20:51,24.05,12200,24.04,U
sz002517,恺英网络,2025-10-27 13:21:36,24.03,51600,24.06,D
sz002517,恺英网络,2025-10-27 13:22:00,24.02,10300,24.03,D
sz002517,恺英网络,2025-10-27 13:22:03,24.02,10800,24.02,D
sz002517,恺英网络,2025-10-27 13:22:18,24.01,16000,24.02,D
sz002517,恺英网络,2025-10-27 13:22:24,24.01,8800,24.01,D
sz002517,恺英网络,2025-10-27 13:22:27,24.01,8800,24.01,D
sz002517,恺英网络,2025-10-27 13:22:30,24.01,15700,24.01,D
sz002517,恺英网络,2025-10-27 13:22:45,24.02,40900,24.01,U
sz002517,恺英网络,2025-10-27 13:22:48,24.05,11900,24.02,U
sz002517,恺英网络,2025-10-27 13:22:51,24.0,121500,24.05,D
sz002517,恺英网络,2025-10-27 13:22:54,24.0,47000,24.0,D
sz002517,恺英网络,2025-10-27 13:22:57,24.0,12500,24.0,D
sz002517,恺英网络,2025-10-27 13:23:00,24.0,17400,24.0,D
sz002517,恺英网络,2025-10-27 13:23:03,23.99,22800,24.0,D
sz002517,恺英网络,2025-10-27 13:23:06,23.99,10600,23.99,D
sz002517,恺英网络,2025-10-27 13:23:09,23.99,9300,23.99,D
sz002517,恺英网络,2025-10-27 13:23:15,23.99,24900,23.99,D
sz002517,恺英网络,2025-10-27 13:23:18,23.98,12900,23.99,D
sz002517,恺英网络,2025-10-27 13:23:21,23.98,10300,23.98,D
sz002517,恺英网络,2025-10-27 13:23:24,23.98,19600,23.98,D
sz002517,恺英网络,2025-10-27 13:23:27,23.98,18700,23.98,D
sz002517,恺英网络,2025-10-27 13:23:30,23.98,8700,23.98,D
sz002517,恺英网络,2025-10-27 13:23:33,23.97,13100,23.98,D
sz002517,恺英网络,2025-10-27 13:23:36,23.97,8800,23.97,D
sz002517,恺英网络,2025-10-27 13:23:39,23.97,9800,23.97,D
sz002517,恺英网络,2025-10-27 13:23:42,23.98,41700,23.97,U
sz002517,恺英网络,2025-10-27 13:23:45,23.98,14300,23.98,D
sz002517,恺英网络,2025-10-27 13:23:48,23.97,17000,23.98,D
sz002517,恺英网络,2025-10-27 13:24:00,23.96,17100,23.96,D
sz002517,恺英网络,2025-10-27 13:24:06,23.97,13600,23.97,U
sz002517,恺英网络,2025-10-27 13:24:09,23.96,29700,23.97,D
sz002517,恺英网络,2025-10-27 13:24:21,23.98,39300,23.97,U
sz002517,恺英网络,2025-10-27 13:24:27,24.0,10500,23.98,U
sz002517,恺英网络,2025-10-27 13:24:30,23.98,8500,24.0,D
sz002517,恺英网络,2025-10-27 13:24:33,23.99,13500,23.98,U
sz002517,恺英网络,2025-10-27 13:24:36,23.98,8500,23.99,D
sz002517,恺英网络,2025-10-27 13:24:42,23.99,31500,23.99,U
sz002517,恺英网络,2025-10-27 13:24:45,24.01,11100,23.99,U
sz002517,恺英网络,2025-10-27 13:24:48,24.01,11900,24.01,U
sz002517,恺英网络,2025-10-27 13:24:54,24.01,10800,24.01,D
sz002517,恺英网络,2025-10-27 13:24:57,24.02,29100,24.01,U
sz002517,恺英网络,2025-10-27 13:25:00,24.02,17000,24.02,U
sz002517,恺英网络,2025-10-27 13:25:06,23.99,9400,24.01,D
sz002517,恺英网络,2025-10-27 13:25:12,24.0,12500,24.0,D
sz002517,恺英网络,2025-10-27 13:25:15,24.02,33300,24.0,U
sz002517,恺英网络,2025-10-27 13:25:18,24.01,11500,24.02,D
sz002517,恺英网络,2025-10-27 13:25:21,24.01,19900,24.01,U
sz002517,恺英网络,2025-10-27 13:25:24,24.0,8800,24.01,D
sz002517,恺英网络,2025-10-27 13:25:27,24.0,9300,24.0,D
sz002517,恺英网络,2025-10-27 13:25:33,24.01,22600,24.0,U
sz002517,恺英网络,2025-10-27 13:25:39,24.0,20700,24.0,D
sz002517,恺英网络,2025-10-27 13:25:42,24.0,13500,24.0,D
sz002517,恺英网络,2025-10-27 13:25:48,24.04,13500,24.02,U
sz002517,恺英网络,2025-10-27 13:25:51,24.05,18600,24.04,U
sz002517,恺英网络,2025-10-27 13:25:54,24.06,13300,24.05,U
sz002517,恺英网络,2025-10-27 13:25:57,24.06,8600,24.06,U
sz002517,恺英网络,2025-10-27 13:26:00,24.07,39600,24.06,U
sz002517,恺英网络,2025-10-27 13:26:09,24.11,48200,24.08,U
sz002517,恺英网络,2025-10-27 13:26:12,24.09,28100,24.11,D
sz002517,恺英网络,2025-10-27 13:26:24,24.09,30600,24.12,D
sz002517,恺英网络,2025-10-27 13:26:27,24.13,17600,24.09,U
sz002517,恺英网络,2025-10-27 13:26:30,24.12,29800,24.13,U
sz002517,恺英网络,2025-10-27 13:26:33,24.15,43600,24.12,U
sz002517,恺英网络,2025-10-27 13:26:36,24.15,13500,24.15,U
sz002517,恺英网络,2025-10-27 13:26:39,24.17,35000,24.15,U
sz002517,恺英网络,2025-10-27 13:26:42,24.19,66800,24.17,U
sz002517,恺英网络,2025-10-27 13:26:48,24.13,11400,24.14,D
sz002517,恺英网络,2025-10-27 13:26:51,24.14,9800,24.13,U
sz002517,恺英网络,2025-10-27 13:26:54,24.13,48200,24.14,D
sz002517,恺英网络,2025-10-27 13:26:57,24.12,15100,24.13,D
sz002517,恺英网络,2025-10-27 13:27:00,24.12,44400,24.12,D
sz002517,恺英网络,2025-10-27 13:27:03,24.08,23400,24.12,D
sz002517,恺英网络,2025-10-27 13:27:06,24.08,16400,24.08,U
sz002517,恺英网络,2025-10-27 13:27:09,24.08,48700,24.08,D
sz002517,恺英网络,2025-10-27 13:27:12,24.07,21000,24.08,D
sz002517,恺英网络,2025-10-27 13:27:15,24.04,14400,24.07,D
sz002517,恺英网络,2025-10-27 13:27:18,24.04,14500,24.04,D
sz002517,恺英网络,2025-10-27 13:27:21,24.04,22000,24.04,D
sz002517,恺英网络,2025-10-27 13:27:24,24.06,13800,24.04,U
sz002517,恺英网络,2025-10-27 13:27:27,24.12,16800,24.06,U
sz002517,恺英网络,2025-10-27 13:27:30,24.09,8900,24.12,E
sz002517,恺英网络,2025-10-27 13:27:39,24.1,25700,24.13,E
sz002517,恺英网络,2025-10-27 13:27:42,24.11,17500,24.1,E
sz002517,恺英网络,2025-10-27 13:27:54,24.13,24300,24.13,D
sz002517,恺英网络,2025-10-27 13:27:57,24.14,14300,24.13,U
sz002517,恺英网络,2025-10-27 13:28:00,24.15,13900,24.14,U
sz002517,恺英网络,2025-10-27 13:28:03,24.16,46800,24.15,E
sz002517,恺英网络,2025-10-27 13:28:09,24.14,12800,24.15,U
sz002517,恺英网络,2025-10-27 13:28:12,24.14,10600,24.14,D
sz002517,恺英网络,2025-10-27 13:28:24,24.15,31400,24.13,U
sz002517,恺英网络,2025-10-27 13:28:30,24.15,10200,24.15,D
sz002517,恺英网络,2025-10-27 13:28:33,24.16,11500,24.15,U
sz002517,恺英网络,2025-10-27 13:28:36,24.18,38200,24.16,U
sz002517,恺英网络,2025-10-27 13:28:42,24.17,26500,24.19,U
sz002517,恺英网络,2025-10-27 13:28:57,24.15,17100,24.16,D
sz002517,恺英网络,2025-10-27 13:29:00,24.15,8700,24.15,D
sz002517,恺英网络,2025-10-27 13:29:03,24.15,11200,24.15,D
sz002517,恺英网络,2025-10-27 13:29:18,24.13,44000,24.14,D
sz002517,恺英网络,2025-10-27 13:29:21,24.13,13600,24.13,D
sz002517,恺英网络,2025-10-27 13:29:24,24.1,15600,24.13,D
sz002517,恺英网络,2025-10-27 13:29:36,24.1,9100,24.11,D
sz002517,恺英网络,2025-10-27 13:29:42,24.09,16600,24.09,D
sz002517,恺英网络,2025-10-27 13:29:45,24.09,16700,24.09,D
sz002517,恺英网络,2025-10-27 13:29:48,24.09,8800,24.09,D
sz002517,恺英网络,2025-10-27 13:29:51,24.1,8300,24.09,E
sz002517,恺英网络,2025-10-27 13:29:57,24.09,21300,24.09,D
sz002517,恺英网络,2025-10-27 13:30:03,24.1,28600,24.11,E
sz002517,恺英网络,2025-10-27 13:30:06,24.09,10100,24.1,D
sz002517,恺英网络,2025-10-27 13:30:30,24.17,24300,24.13,U
sz002517,恺英网络,2025-10-27 13:30:33,24.18,13800,24.17,U
sz002517,恺英网络,2025-10-27 13:30:36,24.17,22000,24.18,E
sz002517,恺英网络,2025-10-27 13:30:48,24.16,27800,24.16,U
sz002517,恺英网络,2025-10-27 13:30:51,24.15,8700,24.16,D
sz002517,恺英网络,2025-10-27 13:31:12,24.16,9000,24.16,D
sz002517,恺英网络,2025-10-27 13:31:21,24.17,35500,24.15,U
sz002517,恺英网络,2025-10-27 13:31:39,24.19,13000,24.18,U
sz002517,恺英网络,2025-10-27 13:31:45,24.17,12200,24.18,D
sz002517,恺英网络,2025-10-27 13:31:51,24.17,11300,24.17,D
sz002517,恺英网络,2025-10-27 13:31:54,24.17,12100,24.17,D
sz002517,恺英网络,2025-10-27 13:31:57,24.18,11600,24.17,U
sz002517,恺英网络,2025-10-27 13:32:06,24.15,9900,24.16,D
sz002517,恺英网络,2025-10-27 13:32:27,24.16,38200,24.16,D
sz002517,恺英网络,2025-10-27 13:32:33,24.2,26500,24.17,U
sz002517,恺英网络,2025-10-27 13:32:36,24.19,69500,24.2,E
sz002517,恺英网络,2025-10-27 13:32:39,24.17,42700,24.19,D
sz002517,恺英网络,2025-10-27 13:32:45,24.19,43300,24.19,D
sz002517,恺英网络,2025-10-27 13:32:51,24.18,12700,24.19,D
sz002517,恺英网络,2025-10-27 13:32:54,24.17,14000,24.18,D
sz002517,恺英网络,2025-10-27 13:33:12,24.2,12600,24.18,U
sz002517,恺英网络,2025-10-27 13:33:18,24.21,28800,24.19,U
sz002517,恺英网络,2025-10-27 13:33:39,24.24,14700,24.23,U
sz002517,恺英网络,2025-10-27 13:33:48,24.25,36100,24.25,U
sz002517,恺英网络,2025-10-27 13:33:51,24.24,8600,24.25,E
sz002517,恺英网络,2025-10-27 13:33:54,24.24,11600,24.24,D
sz002517,恺英网络,2025-10-27 13:33:57,24.24,12600,24.24,D
sz002517,恺英网络,2025-10-27 13:34:00,24.25,15000,24.24,U
sz002517,恺英网络,2025-10-27 13:34:03,24.26,24900,24.25,U
sz002517,恺英网络,2025-10-27 13:34:06,24.25,10700,24.26,D
sz002517,恺英网络,2025-10-27 13:34:12,24.26,19700,24.25,U
sz002517,恺英网络,2025-10-27 13:34:27,24.23,8500,24.24,D
sz002517,恺英网络,2025-10-27 13:35:33,24.24,13400,24.23,U
sz002517,恺英网络,2025-10-27 13:36:27,24.16,49800,24.21,D
sz002517,恺英网络,2025-10-27 13:36:33,24.17,21200,24.16,U
sz002517,恺英网络,2025-10-27 13:36:36,24.17,18300,24.17,U
sz002517,恺英网络,2025-10-27 13:37:21,24.13,9600,24.13,D
sz002517,恺英网络,2025-10-27 13:38:21,24.07,89700,24.1,D
sz002517,恺英网络,2025-10-27 13:38:27,24.05,18300,24.06,D
sz002517,恺英网络,2025-10-27 13:38:30,24.11,9400,24.05,E
sz002517,恺英网络,2025-10-27 13:39:18,24.08,15900,24.09,D
sz002517,恺英网络,2025-10-27 13:39:51,24.1,11700,24.1,U
sz002517,恺英网络,2025-10-27 13:40:36,24.1,12800,24.1,U
sz002517,恺英网络,2025-10-27 13:40:57,24.11,21600,24.11,U
sz002517,恺英网络,2025-10-27 13:41:03,24.09,17200,24.1,D
sz002517,恺英网络,2025-10-27 13:41:36,24.09,10000,24.09,D
sz002517,恺英网络,2025-10-27 13:41:48,24.08,14200,24.09,D
sz002517,恺英网络,2025-10-27 13:42:00,24.09,20000,24.08,U
sz002517,恺英网络,2025-10-27 13:43:33,24.09,9900,24.08,U
sz002517,恺英网络,2025-10-27 13:45:12,24.09,19800,24.09,D
sz002517,恺英网络,2025-10-27 13:45:33,24.11,68900,24.09,U
sz002517,恺英网络,2025-10-27 13:45:42,24.2,36400,24.12,U
sz002517,恺英网络,2025-10-27 13:45:48,24.19,49500,24.19,U
sz002517,恺英网络,2025-10-27 13:45:54,24.25,27500,24.2,U
sz002517,恺英网络,2025-10-27 13:46:06,24.2,9600,24.2,D
sz002517,恺英网络,2025-10-27 13:46:12,24.21,8700,24.22,E
sz002517,恺英网络,2025-10-27 13:46:15,24.21,13000,24.21,D
sz002517,恺英网络,2025-10-27 13:46:21,24.22,11300,24.2,U
sz002517,恺英网络,2025-10-27 13:46:57,24.23,32400,24.23,D
sz002517,恺英网络,2025-10-27 13:47:00,24.22,26100,24.23,D
sz002517,恺英网络,2025-10-27 13:48:21,24.25,22300,24.23,U
sz002517,恺英网络,2025-10-27 13:48:33,24.26,11700,24.26,U
sz002517,恺英网络,2025-10-27 13:48:39,24.26,8500,24.26,D
sz002517,恺英网络,2025-10-27 13:48:48,24.25,9200,24.26,D
sz002517,恺英网络,2025-10-27 13:48:54,24.25,12000,24.26,D
sz002517,恺英网络,2025-10-27 13:48:57,24.22,44300,24.25,D
sz002517,恺英网络,2025-10-27 13:49:06,24.2,10400,24.22,D
sz002517,恺英网络,2025-10-27 13:49:33,24.25,23500,24.21,U
sz002517,恺英网络,2025-10-27 13:49:42,24.26,52500,24.25,U
sz002517,恺英网络,2025-10-27 13:50:21,24.24,19200,24.25,D
sz002517,恺英网络,2025-10-27 13:50:24,24.23,27500,24.24,D
sz002517,恺英网络,2025-10-27 13:50:27,24.24,24900,24.23,U
sz002517,恺英网络,2025-10-27 13:50:30,24.22,10700,24.24,D
sz002517,恺英网络,2025-10-27 13:50:33,24.22,13500,24.22,D
sz002517,恺英网络,2025-10-27 13:50:36,24.23,10000,24.22,U
sz002517,恺英网络,2025-10-27 13:50:57,24.21,40400,24.23,D
sz002517,恺英网络,2025-10-27 13:51:00,24.2,67900,24.21,D
sz002517,恺英网络,2025-10-27 13:51:03,24.18,19800,24.2,D
sz002517,恺英网络,2025-10-27 13:51:06,24.15,10800,24.18,D
sz002517,恺英网络,2025-10-27 13:51:18,24.17,39500,24.17,D
sz002517,恺英网络,2025-10-27 13:51:27,24.15,23500,24.14,U
sz002517,恺英网络,2025-10-27 13:51:48,24.16,10400,24.15,E
sz002517,恺英网络,2025-10-27 13:52:03,24.15,19600,24.17,D
sz002517,恺英网络,2025-10-27 13:52:21,24.16,19000,24.16,U
sz002517,恺英网络,2025-10-27 13:52:27,24.12,61800,24.16,D
sz002517,恺英网络,2025-10-27 13:53:12,24.12,52000,24.12,D
sz002517,恺英网络,2025-10-27 13:53:27,24.1,13900,24.11,D
sz002517,恺英网络,2025-10-27 13:55:00,24.1,28900,24.11,D
sz002517,恺英网络,2025-10-27 13:55:30,24.18,28800,24.13,U
sz002517,恺英网络,2025-10-27 13:55:36,24.18,91500,24.18,U
sz002517,恺英网络,2025-10-27 13:55:57,24.18,23300,24.18,U
sz002517,恺英网络,2025-10-27 13:56:03,24.18,18200,24.18,D
sz002517,恺英网络,2025-10-27 13:56:18,24.17,10400,24.18,D
sz002517,恺英网络,2025-10-27 13:56:21,24.19,10700,24.17,U
sz002517,恺英网络,2025-10-27 13:57:00,24.15,41500,24.15,D
sz002517,恺英网络,2025-10-27 13:57:21,24.15,9500,24.13,U
sz002517,恺英网络,2025-10-27 13:57:30,24.12,12900,24.13,D
sz002517,恺英网络,2025-10-27 13:57:48,24.13,9700,24.11,U
sz002517,恺英网络,2025-10-27 13:58:12,24.13,15000,24.14,D
sz002517,恺英网络,2025-10-27 13:58:18,24.12,18800,24.12,D
sz002517,恺英网络,2025-10-27 13:58:36,24.12,8800,24.12,D
sz002517,恺英网络,2025-10-27 13:58:39,24.13,10100,24.12,U
sz002517,恺英网络,2025-10-27 13:59:12,24.12,31100,24.12,U
sz002517,恺英网络,2025-10-27 13:59:21,24.11,24700,24.12,D
sz002517,恺英网络,2025-10-27 13:59:42,24.1,8300,24.11,D
sz002517,恺英网络,2025-10-27 13:59:48,24.1,8800,24.1,D
sz002517,恺英网络,2025-10-27 14:00:15,24.11,10600,24.1,U
sz002517,恺英网络,2025-10-27 14:00:18,24.11,14200,24.11,U
sz002517,恺英网络,2025-10-27 14:00:21,24.11,15100,24.11,U
sz002517,恺英网络,2025-10-27 14:00:57,24.12,19400,24.12,U
sz002517,恺英网络,2025-10-27 14:01:03,24.14,13600,24.12,U
sz002517,恺英网络,2025-10-27 14:01:09,24.19,13500,24.16,U
sz002517,恺英网络,2025-10-27 14:01:15,24.19,15500,24.2,E
sz002517,恺英网络,2025-10-27 14:01:21,24.24,11500,24.19,U
sz002517,恺英网络,2025-10-27 14:01:24,24.22,30900,24.24,U
sz002517,恺英网络,2025-10-27 14:01:30,24.28,51800,24.25,U
sz002517,恺英网络,2025-10-27 14:01:36,24.28,28100,24.27,U
sz002517,恺英网络,2025-10-27 14:01:39,24.28,10300,24.28,D
sz002517,恺英网络,2025-10-27 14:01:42,24.3,100100,24.28,U
sz002517,恺英网络,2025-10-27 14:01:51,24.33,27900,24.3,U
sz002517,恺英网络,2025-10-27 14:02:27,24.3,31800,24.31,D
sz002517,恺英网络,2025-10-27 14:02:54,24.27,10400,24.27,U
sz002517,恺英网络,2025-10-27 14:03:21,24.32,27600,24.29,U
sz002517,恺英网络,2025-10-27 14:04:03,24.31,11400,24.31,U
sz002517,恺英网络,2025-10-27 14:04:33,24.31,13200,24.31,U
sz002517,恺英网络,2025-10-27 14:05:09,24.3,32000,24.31,D
sz002517,恺英网络,2025-10-27 14:05:12,24.3,8700,24.3,D
sz002517,恺英网络,2025-10-27 14:05:21,24.31,19900,24.31,U
sz002517,恺英网络,2025-10-27 14:05:33,24.31,76600,24.31,D
sz002517,恺英网络,2025-10-27 14:05:39,24.35,18200,24.34,U
sz002517,恺英网络,2025-10-27 14:05:45,24.36,16400,24.35,U
sz002517,恺英网络,2025-10-27 14:06:00,24.35,8700,24.35,U
sz002517,恺英网络,2025-10-27 14:06:12,24.35,30500,24.35,D
sz002517,恺英网络,2025-10-27 14:06:21,24.32,12600,24.32,D
sz002517,恺英网络,2025-10-27 14:07:00,24.3,14800,24.31,D
sz002517,恺英网络,2025-10-27 14:07:21,24.3,8400,24.3,D
sz002517,恺英网络,2025-10-27 14:07:33,24.31,9900,24.3,U
sz002517,恺英网络,2025-10-27 14:07:51,24.31,12500,24.31,U
sz002517,恺英网络,2025-10-27 14:08:36,24.31,15100,24.31,U
sz002517,恺英网络,2025-10-27 14:09:03,24.37,49200,24.32,U
sz002517,恺英网络,2025-10-27 14:09:09,24.37,27200,24.37,U
sz002517,恺英网络,2025-10-27 14:09:12,24.39,50800,24.37,U
sz002517,恺英网络,2025-10-27 14:09:15,24.4,10800,24.39,U
sz002517,恺英网络,2025-10-27 14:09:36,24.4,16100,24.39,U
sz002517,恺英网络,2025-10-27 14:09:39,24.38,19800,24.4,D
sz002517,恺英网络,2025-10-27 14:09:48,24.41,8500,24.38,U
sz002517,恺英网络,2025-10-27 14:10:00,24.39,15300,24.4,D
sz002517,恺英网络,2025-10-27 14:10:09,24.42,29100,24.4,U
sz002517,恺英网络,2025-10-27 14:10:30,24.36,62800,24.39,D
sz002517,恺英网络,2025-10-27 14:11:21,24.36,36100,24.36,U
sz002517,恺英网络,2025-10-27 14:11:39,24.42,37000,24.38,U
sz002517,恺英网络,2025-10-27 14:12:09,24.41,22000,24.4,U
sz002517,恺英网络,2025-10-27 14:12:15,24.41,11200,24.4,U
sz002517,恺英网络,2025-10-27 14:12:33,24.37,106500,24.4,D
sz002517,恺英网络,2025-10-27 14:13:27,24.36,17200,24.36,U
sz002517,恺英网络,2025-10-27 14:13:57,24.43,87400,24.4,U
sz002517,恺英网络,2025-10-27 14:14:09,24.41,9500,24.4,U
sz002517,恺英网络,2025-10-27 14:14:15,24.38,9500,24.39,D
sz002517,恺英网络,2025-10-27 14:14:18,24.39,18000,24.38,U
sz002517,恺英网络,2025-10-27 14:14:27,24.4,11500,24.39,U
sz002517,恺英网络,2025-10-27 14:15:00,24.42,54700,24.38,U
sz002517,恺英网络,2025-10-27 14:15:03,24.36,34300,24.42,D
sz002517,恺英网络,2025-10-27 14:15:06,24.36,15400,24.36,U
sz002517,恺英网络,2025-10-27 14:15:27,24.36,9400,24.38,D
sz002517,恺英网络,2025-10-27 14:15:39,24.4,40700,24.36,U
sz002517,恺英网络,2025-10-27 14:16:15,24.4,9400,24.4,U
sz002517,恺英网络,2025-10-27 14:16:57,24.4,10200,24.4,D
sz002517,恺英网络,2025-10-27 14:17:00,24.4,37900,24.4,D
sz002517,恺英网络,2025-10-27 14:17:06,24.4,8700,24.4,D
sz002517,恺英网络,2025-10-27 14:17:39,24.46,70100,24.41,U
sz002517,恺英网络,2025-10-27 14:17:42,24.44,18600,24.46,E
sz002517,恺英网络,2025-10-27 14:18:27,24.4,11900,24.4,D
sz002517,恺英网络,2025-10-27 14:18:30,24.39,74000,24.4,D
sz002517,恺英网络,2025-10-27 14:19:24,24.38,8900,24.38,D
sz002517,恺英网络,2025-10-27 14:19:57,24.4,18500,24.38,U
sz002517,恺英网络,2025-10-27 14:20:21,24.39,31400,24.39,U
sz002517,恺英网络,2025-10-27 14:20:27,24.38,14000,24.39,D
sz002517,恺英网络,2025-10-27 14:20:54,24.38,21500,24.39,D
sz002517,恺英网络,2025-10-27 14:21:12,24.4,19500,24.38,U
sz002517,恺英网络,2025-10-27 14:21:36,24.39,16800,24.38,U
sz002517,恺英网络,2025-10-27 14:21:48,24.39,44100,24.39,D
sz002517,恺英网络,2025-10-27 14:21:57,24.37,11900,24.39,D
sz002517,恺英网络,2025-10-27 14:22:06,24.36,76800,24.38,D
sz002517,恺英网络,2025-10-27 14:22:09,24.36,23100,24.36,D
sz002517,恺英网络,2025-10-27 14:22:18,24.35,18000,24.35,D
sz002517,恺英网络,2025-10-27 14:22:24,24.35,15600,24.35,D
sz002517,恺英网络,2025-10-27 14:22:27,24.33,11400,24.35,D
sz002517,恺英网络,2025-10-27 14:22:30,24.32,8900,24.33,D
sz002517,恺英网络,2025-10-27 14:22:57,24.3,10700,24.3,D
sz002517,恺英网络,2025-10-27 14:23:06,24.3,10600,24.3,D
sz002517,恺英网络,2025-10-27 14:23:33,24.31,25100,24.3,U
sz002517,恺英网络,2025-10-27 14:25:12,24.32,22100,24.3,U
sz002517,恺英网络,2025-10-27 14:25:18,24.37,27500,24.33,U
sz002517,恺英网络,2025-10-27 14:25:24,24.37,17700,24.33,U
sz002517,恺英网络,2025-10-27 14:25:30,24.4,55700,24.37,U
sz002517,恺英网络,2025-10-27 14:25:51,24.38,20800,24.37,U
sz002517,恺英网络,2025-10-27 14:26:03,24.36,10000,24.37,D
sz002517,恺英网络,2025-10-27 14:26:18,24.36,20400,24.36,U
sz002517,恺英网络,2025-10-27 14:26:27,24.4,10300,24.38,U
sz002517,恺英网络,2025-10-27 14:26:30,24.43,18300,24.4,U
sz002517,恺英网络,2025-10-27 14:26:42,24.42,24300,24.38,U
sz002517,恺英网络,2025-10-27 14:27:00,24.39,14000,24.41,D
sz002517,恺英网络,2025-10-27 14:27:03,24.4,12000,24.39,U
sz002517,恺英网络,2025-10-27 14:27:06,24.4,8500,24.4,D
sz002517,恺英网络,2025-10-27 14:27:12,24.41,13600,24.41,U
sz002517,恺英网络,2025-10-27 14:27:15,24.41,8800,24.41,U
sz002517,恺英网络,2025-10-27 14:27:24,24.39,37700,24.4,D
sz002517,恺英网络,2025-10-27 14:27:27,24.38,14500,24.39,D
sz002517,恺英网络,2025-10-27 14:27:30,24.36,26600,24.38,D
sz002517,恺英网络,2025-10-27 14:27:33,24.35,16300,24.36,D
sz002517,恺英网络,2025-10-27 14:27:36,24.31,15400,24.35,D
sz002517,恺英网络,2025-10-27 14:27:39,24.34,12500,24.31,U
sz002517,恺英网络,2025-10-27 14:27:45,24.35,10500,24.33,U
sz002517,恺英网络,2025-10-27 14:27:48,24.35,8300,24.35,D
sz002517,恺英网络,2025-10-27 14:27:51,24.33,19700,24.35,D
sz002517,恺英网络,2025-10-27 14:27:54,24.35,11700,24.33,U
sz002517,恺英网络,2025-10-27 14:28:00,24.32,16000,24.35,D
sz002517,恺英网络,2025-10-27 14:28:03,24.32,26400,24.32,D
sz002517,恺英网络,2025-10-27 14:28:09,24.32,25200,24.32,U
sz002517,恺英网络,2025-10-27 14:28:21,24.32,20600,24.32,D
sz002517,恺英网络,2025-10-27 14:28:27,24.31,16600,24.31,D
sz002517,恺英网络,2025-10-27 14:28:42,24.31,17900,24.31,D
sz002517,恺英网络,2025-10-27 14:28:45,24.3,26000,24.31,D
sz002517,恺英网络,2025-10-27 14:28:48,24.3,31800,24.3,D
sz002517,恺英网络,2025-10-27 14:28:51,24.29,32700,24.3,D
sz002517,恺英网络,2025-10-27 14:28:54,24.28,25000,24.29,D
sz002517,恺英网络,2025-10-27 14:28:57,24.27,13000,24.28,D
sz002517,恺英网络,2025-10-27 14:29:00,24.25,26000,24.27,D
sz002517,恺英网络,2025-10-27 14:29:06,24.23,90200,24.25,D
sz002517,恺英网络,2025-10-27 14:29:12,24.21,39200,24.23,D
sz002517,恺英网络,2025-10-27 14:29:18,24.27,13900,24.27,D
sz002517,恺英网络,2025-10-27 14:29:24,24.27,10500,24.24,E
sz002517,恺英网络,2025-10-27 14:29:30,24.26,9800,24.29,D
sz002517,恺英网络,2025-10-27 14:29:33,24.29,9300,24.26,U
sz002517,恺英网络,2025-10-27 14:29:36,24.29,22000,24.29,D
sz002517,恺英网络,2025-10-27 14:29:39,24.32,9300,24.29,U
sz002517,恺英网络,2025-10-27 14:29:42,24.31,11600,24.32,E
sz002517,恺英网络,2025-10-27 14:30:27,24.35,11300,24.33,U
sz002517,恺英网络,2025-10-27 14:30:30,24.35,11700,24.35,D
sz002517,恺英网络,2025-10-27 14:30:36,24.4,20700,24.36,U
sz002517,恺英网络,2025-10-27 14:30:39,24.41,37600,24.4,U
sz002517,恺英网络,2025-10-27 14:30:42,24.42,18900,24.41,U
sz002517,恺英网络,2025-10-27 14:30:51,24.44,26300,24.41,U
sz002517,恺英网络,2025-10-27 14:30:54,24.43,18600,24.44,E
sz002517,恺英网络,2025-10-27 14:30:57,24.43,25800,24.43,U
sz002517,恺英网络,2025-10-27 14:31:06,24.44,17300,24.4,U
sz002517,恺英网络,2025-10-27 14:31:27,24.37,8500,24.39,D
sz002517,恺英网络,2025-10-27 14:31:45,24.36,11900,24.36,U
sz002517,恺英网络,2025-10-27 14:31:54,24.38,10300,24.36,U
sz002517,恺英网络,2025-10-27 14:32:12,24.39,39500,24.39,U
sz002517,恺英网络,2025-10-27 14:32:24,24.39,10100,24.37,U
sz002517,恺英网络,2025-10-27 14:32:45,24.4,9800,24.4,U
sz002517,恺英网络,2025-10-27 14:32:51,24.39,33200,24.4,D
sz002517,恺英网络,2025-10-27 14:33:21,24.41,8800,24.4,U
sz002517,恺英网络,2025-10-27 14:33:33,24.42,18400,24.42,D
sz002517,恺英网络,2025-10-27 14:33:36,24.47,13500,24.42,U
sz002517,恺英网络,2025-10-27 14:33:42,24.49,13700,24.48,U
sz002517,恺英网络,2025-10-27 14:33:45,24.47,20600,24.49,E
sz002517,恺英网络,2025-10-27 14:34:03,24.5,22900,24.46,U
sz002517,恺英网络,2025-10-27 14:34:06,24.5,45400,24.5,U
sz002517,恺英网络,2025-10-27 14:34:09,24.48,23900,24.5,D
sz002517,恺英网络,2025-10-27 14:34:12,24.51,12300,24.48,U
sz002517,恺英网络,2025-10-27 14:34:18,24.48,14400,24.49,D
sz002517,恺英网络,2025-10-27 14:34:24,24.48,14700,24.47,U
sz002517,恺英网络,2025-10-27 14:34:33,24.49,19000,24.46,U
sz002517,恺英网络,2025-10-27 14:34:36,24.51,10600,24.49,U
sz002517,恺英网络,2025-10-27 14:34:42,24.49,101300,24.5,D
sz002517,恺英网络,2025-10-27 14:34:45,24.48,10700,24.49,D
sz002517,恺英网络,2025-10-27 14:34:54,24.47,31600,24.47,U
sz002517,恺英网络,2025-10-27 14:34:57,24.51,61500,24.47,U
sz002517,恺英网络,2025-10-27 14:35:06,24.51,18300,24.5,U
sz002517,恺英网络,2025-10-27 14:35:12,24.5,8700,24.5,D
sz002517,恺英网络,2025-10-27 14:35:15,24.49,11200,24.5,D
sz002517,恺英网络,2025-10-27 14:35:21,24.49,11300,24.49,U
sz002517,恺英网络,2025-10-27 14:35:24,24.5,10300,24.49,U
sz002517,恺英网络,2025-10-27 14:35:33,24.5,8700,24.49,U
sz002517,恺英网络,2025-10-27 14:35:36,24.51,8900,24.5,U
sz002517,恺英网络,2025-10-27 14:35:42,24.51,19000,24.5,U
sz002517,恺英网络,2025-10-27 14:35:45,24.5,39800,24.51,D
sz002517,恺英网络,2025-10-27 14:35:54,24.5,13600,24.5,U
sz002517,恺英网络,2025-10-27 14:35:57,24.49,14600,24.5,D
sz002517,恺英网络,2025-10-27 14:36:12,24.49,38600,24.5,D
sz002517,恺英网络,2025-10-27 14:36:15,24.47,19800,24.49,D
sz002517,恺英网络,2025-10-27 14:36:18,24.47,16500,24.47,D
sz002517,恺英网络,2025-10-27 14:36:27,24.46,9900,24.47,D
sz002517,恺英网络,2025-10-27 14:36:33,24.47,10400,24.46,U
sz002517,恺英网络,2025-10-27 14:36:45,24.48,11700,24.47,U
sz002517,恺英网络,2025-10-27 14:36:54,24.48,10500,24.47,U
sz002517,恺英网络,2025-10-27 14:37:21,24.47,16300,24.48,D
sz002517,恺英网络,2025-10-27 14:37:27,24.47,9000,24.47,U
sz002517,恺英网络,2025-10-27 14:37:45,24.46,18500,24.47,D
sz002517,恺英网络,2025-10-27 14:37:48,24.49,24300,24.46,U
sz002517,恺英网络,2025-10-27 14:37:57,24.47,23100,24.48,D
sz002517,恺英网络,2025-10-27 14:38:06,24.46,9500,24.47,D
sz002517,恺英网络,2025-10-27 14:38:09,24.46,12400,24.46,D
sz002517,恺英网络,2025-10-27 14:38:21,24.46,9000,24.45,U
sz002517,恺英网络,2025-10-27 14:38:36,24.46,16800,24.46,U
sz002517,恺英网络,2025-10-27 14:38:54,24.47,14000,24.46,U
sz002517,恺英网络,2025-10-27 14:38:57,24.46,26200,24.47,U
sz002517,恺英网络,2025-10-27 14:39:15,24.47,15700,24.47,U
sz002517,恺英网络,2025-10-27 14:39:18,24.47,10400,24.47,D
sz002517,恺英网络,2025-10-27 14:39:21,24.47,13500,24.47,U
sz002517,恺英网络,2025-10-27 14:39:30,24.48,34000,24.47,U
sz002517,恺英网络,2025-10-27 14:39:33,24.47,12200,24.48,D
sz002517,恺英网络,2025-10-27 14:39:36,24.48,12800,24.47,E
sz002517,恺英网络,2025-10-27 14:39:42,24.49,24700,24.49,U
sz002517,恺英网络,2025-10-27 14:39:45,24.5,18500,24.49,U
sz002517,恺英网络,2025-10-27 14:39:48,24.5,13800,24.5,U
sz002517,恺英网络,2025-10-27 14:39:57,24.47,11600,24.48,D
sz002517,恺英网络,2025-10-27 14:40:03,24.42,40700,24.45,D
sz002517,恺英网络,2025-10-27 14:40:15,24.41,34800,24.42,D
sz002517,恺英网络,2025-10-27 14:40:30,24.35,18000,24.38,D
sz002517,恺英网络,2025-10-27 14:40:33,24.37,36700,24.35,U
sz002517,恺英网络,2025-10-27 14:40:48,24.39,9200,24.4,E
sz002517,恺英网络,2025-10-27 14:40:57,24.38,15600,24.36,E
sz002517,恺英网络,2025-10-27 14:41:03,24.39,27700,24.37,U
sz002517,恺英网络,2025-10-27 14:41:06,24.39,23500,24.39,D
sz002517,恺英网络,2025-10-27 14:41:15,24.39,10500,24.37,U
sz002517,恺英网络,2025-10-27 14:41:24,24.36,9100,24.38,D
sz002517,恺英网络,2025-10-27 14:41:33,24.38,15500,24.36,U
sz002517,恺英网络,2025-10-27 14:41:36,24.39,13400,24.38,U
sz002517,恺英网络,2025-10-27 14:41:42,24.4,11200,24.38,U
sz002517,恺英网络,2025-10-27 14:41:48,24.39,8900,24.39,E
sz002517,恺英网络,2025-10-27 14:42:09,24.32,44500,24.35,D
sz002517,恺英网络,2025-10-27 14:42:27,24.32,8700,24.32,U
sz002517,恺英网络,2025-10-27 14:42:48,24.35,9300,24.32,U
sz002517,恺英网络,2025-10-27 14:43:03,24.34,20800,24.32,U
sz002517,恺英网络,2025-10-27 14:43:18,24.36,20700,24.36,U
sz002517,恺英网络,2025-10-27 14:43:27,24.35,10500,24.36,D
sz002517,恺英网络,2025-10-27 14:43:33,24.36,42200,24.34,U
sz002517,恺英网络,2025-10-27 14:43:36,24.37,17100,24.36,U
sz002517,恺英网络,2025-10-27 14:43:42,24.36,21000,24.35,U
sz002517,恺英网络,2025-10-27 14:43:45,24.36,33900,24.36,U
sz002517,恺英网络,2025-10-27 14:43:51,24.36,20000,24.36,D
sz002517,恺英网络,2025-10-27 14:44:00,24.35,14128,24.38,D
sz002517,恺英网络,2025-10-27 14:44:03,24.37,12400,24.35,U
sz002517,恺英网络,2025-10-27 14:44:24,24.35,9900,24.35,D
sz002517,恺英网络,2025-10-27 14:44:30,24.36,14200,24.35,U
sz002517,恺英网络,2025-10-27 14:44:33,24.34,9500,24.36,D
sz002517,恺英网络,2025-10-27 14:44:39,24.35,11500,24.34,U
sz002517,恺英网络,2025-10-27 14:45:03,24.34,18472,24.34,D
sz002517,恺英网络,2025-10-27 14:45:06,24.31,34300,24.34,D
sz002517,恺英网络,2025-10-27 14:45:18,24.32,14600,24.31,U
sz002517,恺英网络,2025-10-27 14:45:21,24.31,10400,24.32,D
sz002517,恺英网络,2025-10-27 14:45:27,24.31,18200,24.3,U
sz002517,恺英网络,2025-10-27 14:45:30,24.3,8800,24.31,D
sz002517,恺英网络,2025-10-27 14:45:45,24.31,8900,24.3,U
sz002517,恺英网络,2025-10-27 14:45:48,24.32,13700,24.31,U
sz002517,恺英网络,2025-10-27 14:45:51,24.33,26000,24.32,U
sz002517,恺英网络,2025-10-27 14:46:15,24.33,9400,24.34,D
sz002517,恺英网络,2025-10-27 14:46:27,24.33,28700,24.33,D
sz002517,恺英网络,2025-10-27 14:46:36,24.33,33700,24.33,U
sz002517,恺英网络,2025-10-27 14:46:54,24.32,8300,24.35,D
sz002517,恺英网络,2025-10-27 14:47:03,24.32,8800,24.32,D
sz002517,恺英网络,2025-10-27 14:47:06,24.31,14800,24.32,D
sz002517,恺英网络,2025-10-27 14:47:15,24.31,20400,24.32,D
sz002517,恺英网络,2025-10-27 14:47:24,24.31,13600,24.32,D
sz002517,恺英网络,2025-10-27 14:47:27,24.31,16100,24.31,D
sz002517,恺英网络,2025-10-27 14:47:30,24.31,24900,24.31,D
sz002517,恺英网络,2025-10-27 14:47:33,24.31,12500,24.31,D
sz002517,恺英网络,2025-10-27 14:47:36,24.35,21500,24.31,U
sz002517,恺英网络,2025-10-27 14:48:09,24.34,12000,24.34,U
sz002517,恺英网络,2025-10-27 14:48:15,24.34,24000,24.33,U
sz002517,恺英网络,2025-10-27 14:48:21,24.35,23600,24.35,U
sz002517,恺英网络,2025-10-27 14:48:33,24.36,15500,24.34,U
sz002517,恺英网络,2025-10-27 14:48:51,24.36,8800,24.35,U
sz002517,恺英网络,2025-10-27 14:49:00,24.36,13800,24.37,D
sz002517,恺英网络,2025-10-27 14:49:06,24.35,10200,24.36,D
sz002517,恺英网络,2025-10-27 14:49:18,24.38,9900,24.35,U
sz002517,恺英网络,2025-10-27 14:49:33,24.36,14000,24.36,D
sz002517,恺英网络,2025-10-27 14:49:48,24.38,10200,24.36,U
sz002517,恺英网络,2025-10-27 14:49:57,24.36,11900,24.36,D
sz002517,恺英网络,2025-10-27 14:50:00,24.36,16100,24.36,D
sz002517,恺英网络,2025-10-27 14:50:06,24.37,11900,24.37,U
sz002517,恺英网络,2025-10-27 14:50:27,24.37,9600,24.36,U
sz002517,恺英网络,2025-10-27 14:50:51,24.36,46800,24.36,D
sz002517,恺英网络,2025-10-27 14:50:57,24.36,17100,24.36,U
sz002517,恺英网络,2025-10-27 14:51:18,24.38,9400,24.37,U
sz002517,恺英网络,2025-10-27 14:51:21,24.38,10200,24.38,U
sz002517,恺英网络,2025-10-27 14:51:24,24.39,24000,24.38,U
sz002517,恺英网络,2025-10-27 14:51:33,24.4,15600,24.39,U
sz002517,恺英网络,2025-10-27 14:51:36,24.4,9200,24.4,U
sz002517,恺英网络,2025-10-27 14:52:03,24.42,9500,24.41,U
sz002517,恺英网络,2025-10-27 14:52:06,24.42,12600,24.42,D
sz002517,恺英网络,2025-10-27 14:52:15,24.41,20300,24.41,D
sz002517,恺英网络,2025-10-27 14:53:03,24.42,8900,24.41,U
sz002517,恺英网络,2025-10-27 14:53:30,24.41,8200,24.41,U
sz002517,恺英网络,2025-10-27 14:54:09,24.41,20000,24.41,D
sz002517,恺英网络,2025-10-27 14:54:12,24.41,8400,24.41,D
sz002517,恺英网络,2025-10-27 14:54:15,24.41,12300,24.41,D
sz002517,恺英网络,2025-10-27 14:54:18,24.41,11500,24.41,D
sz002517,恺英网络,2025-10-27 14:54:27,24.42,12000,24.41,U
sz002517,恺英网络,2025-10-27 14:54:30,24.4,9600,24.42,D
sz002517,恺英网络,2025-10-27 14:54:42,24.4,18700,24.41,D
sz002517,恺英网络,2025-10-27 14:54:45,24.4,8700,24.4,D
sz002517,恺英网络,2025-10-27 14:55:03,24.4,8700,24.41,D
sz002517,恺英网络,2025-10-27 14:55:06,24.4,34500,24.4,D
sz002517,恺英网络,2025-10-27 14:55:09,24.4,19200,24.4,D
sz002517,恺英网络,2025-10-27 14:55:12,24.4,19700,24.4,D
sz002517,恺英网络,2025-10-27 14:55:15,24.4,30800,24.4,D
sz002517,恺英网络,2025-10-27 14:55:18,24.4,16200,24.4,D
sz002517,恺英网络,2025-10-27 14:55:21,24.38,37800,24.4,D
sz002517,恺英网络,2025-10-27 14:55:30,24.37,10200,24.38,D
sz002517,恺英网络,2025-10-27 14:55:33,24.36,8800,24.37,D
sz002517,恺英网络,2025-10-27 14:55:42,24.38,11200,24.38,U
sz002517,恺英网络,2025-10-27 14:55:51,24.37,13400,24.37,D
sz002517,恺英网络,2025-10-27 14:55:54,24.35,23200,24.37,D
sz002517,恺英网络,2025-10-27 14:55:57,24.36,19200,24.35,E
sz002517,恺英网络,2025-10-27 14:56:00,24.36,12600,24.36,D
sz002517,恺英网络,2025-10-27 14:56:03,24.37,14400,24.36,U
sz002517,恺英网络,2025-10-27 14:56:15,24.36,15300,24.36,U
sz002517,恺英网络,2025-10-27 14:56:30,24.37,10200,24.36,U
sz002517,恺英网络,2025-10-27 14:56:36,24.37,14300,24.37,D
sz002517,恺英网络,2025-10-27 14:56:45,24.36,16200,24.37,D
sz002517,恺英网络,2025-10-27 15:00:00,24.37,263800,24.39,E
